,Date,Stock Price,Book Value per Share,Price to Book Ratio,TTM Sales per Share,Price to Sales Ratio,TTM FCF per Share,Price to FCF Ratio,TTM Net EPS,PE Ratio,Current Assets,Current Liabilities,Current Ratio,Long Term Debt,Shareholder's Equity_x,Debt to Equity Ratio,TTM Revenue_x,TTM Gross Profit,Gross Margin,TTM Revenue_y,TTM Operating Income,Operating Margin,TTM Revenue_x,TTM EBIT,EBIT Margin,TTM Revenue_y,TTM EBITDA,EBITDA Margin,TTM Revenue_x,TTM Pre-Tax Income,Pre-Tax Margin,TTM Revenue_y,TTM Net Income_x,Net Margin,TTM Net Income_y,Shareholder's Equity_y,Return on Equity,TTM Net Income_x,Tangible Equity,Return on Tangible Equity,TTM Net Income_y,Total Assets,Return on Assets,TTM Net Income,LT Investments & Debt,Return on Investment,revenue,cost-goods-sold,gross-profit,research-development-expenses,selling-general-administrative-expenses,operating-expenses,operating-income,total-non-operating-income-expense,pre-tax-income,total-provision-income-taxes,income-after-taxes,income-from-continuous-operations,net-income,ebitda,ebit,basic-shares-outstanding,shares-outstanding,eps-basic-net-earnings-per-share,eps-earnings-per-share-diluted,cash-on-hand,inventory,other-current-assets,total-current-assets,net-property-plant-equipment,long-term-investments,goodwill-intangible-assets-total,other-long-term-assets,total-long-term-assets,total-assets,total-current-liabilities,long-term-debt,other-non-current-liabilities,total-long-term-liabilities,total-liabilities,common-stock-net,retained-earnings-accumulated-deficit,comprehensive-income,total-share-holder-equity,total-liabilities-share-holders-equity,net-income-loss,total-depreciation-amortization-cash-flow,other-non-cash-items,total-non-cash-items,change-in-accounts-receivable,change-in-inventories,change-in-accounts-payable,change-in-assets-liabilities,total-change-in-assets-liabilities,cash-flow-from-operating-activities,net-change-in-property-plant-equipment,net-change-in-intangible-assets,net-acquisitions-divestitures,net-change-in-short-term-investments,net-change-in-long-term-investments,net-change-in-investments-total,investing-activities-other,cash-flow-from-investing-activities,net-long-term-debt,net-current-debt,debt-issuance-retirement-net-total,net-common-equity-issued-repurchased,net-total-equity-issued-repurchased,total-common-preferred-stock-dividends-paid,financial-activities-other,cash-flow-from-financial-activities,net-cash-flow,stock-based-compensation,common-stock-dividends-paid
0,2018-07-31,25.4,$12.44,2.04,$18.92,1.34,$1.87,13.61,$4.46,5.7,$2.10B,$1.07B,1.97,$0.59B,$1.78B,0.33,$2.94B,$1.24B,42.29%,$2.94B,$0.19B,6.46%,$2.94B,$0.19B,6.46%,$2.94B,$0.30B,10.14%,$2.94B,$0.14B,4.70%,$2.94B,$0.75B,25.59%,$0.75B,$1.78B,40.57%,$0.75B,$1.38B,50.73%,$0.75B,$3.62B,20.67%,$0.19B,$2.37B,7.79%,$819,$467,$352,$121,$134,$734,$85,$-15,$70,$19,$51,$51,$51,$113,$85,$143,160,$0.35,$0.34,$955,$228,$0,$2104,$296,$29,$396,$73,$1518,$3623,$1068,$587,$109,$775,$1844,$1,$-5012,$-9,$1779,$3623,$-409,$81,$585,$666,$-113,$18,$0,$-16,$-96,$161,$-50,$0,$-40,$-1,$72,$71,$5,$-15,$-6,$0,$-6,$-51,$-51,$0,$0,$-57,$86,$39,$0
1,2018-04-30,25.75,$12.16,2.12,$18.04,1.43,$1.29,19.93,$4.51,5.71,$1.99B,$0.99B,2.01,$0.59B,$1.74B,0.34,$2.85B,$1.22B,42.79%,$2.85B,$0.19B,6.56%,$2.85B,$0.19B,6.56%,$2.85B,$0.29B,10.32%,$2.85B,$0.14B,4.77%,$2.85B,$0.76B,26.71%,$0.76B,$1.74B,46.26%,$0.76B,$1.39B,59.51%,$0.76B,$3.51B,22.28%,$0.19B,$2.33B,8.07%,$730,$437,$293,$117,$136,$698,$32,$-12,$20,$6,$14,$14,$14,$59,$32,$144,148,$0.10,$0.09,$921,$231,$0,$1985,$299,$59,$358,$71,$1521,$3507,$990,$586,$110,$773,$1762,$1,$-5062,$-5,$1744,$3507,$-460,$53,$546,$599,$-28,$20,$0,$-6,$-67,$73,$-32,$0,$0,$-1,$2,$1,$0,$-31,$-4,$0,$-4,$-26,$-26,$0,$0,$-30,$12,$27,$0
2,2018-01-31,21.28,$12.18,1.75,$17.38,1.22,$0.93,23.0,$4.67,4.56,$1.92B,$0.93B,2.06,$0.59B,$1.76B,0.33,$2.83B,$1.24B,44.02%,$2.83B,$0.21B,7.54%,$2.83B,$0.21B,7.54%,$2.83B,$0.33B,11.54%,$2.83B,$0.16B,5.59%,$2.83B,$0.79B,27.78%,$0.79B,$1.76B,55.25%,$0.79B,$1.39B,74.83%,$0.79B,$3.47B,24.28%,$0.21B,$2.34B,9.78%,$646,$374,$272,$119,$127,$629,$17,$-12,$5,$478,$-473,$-473,$-473,$43,$17,$144,144,$-3.29,$-3.29,$928,$255,$0,$1923,$319,$59,$364,$64,$1546,$3469,$933,$585,$116,$780,$1713,$1,$-5076,$2,$1756,$3469,$-473,$27,$503,$530,$72,$5,$0,$13,$-21,$36,$-26,$0,$0,$0,$-9,$-9,$1,$-33,$-2,$0,$-2,$7,$7,$0,$0,$5,$8,$12,$0
3,2017-10-31,21.27,$14.94,1.42,$17.26,1.23,$0.49,43.39,$7.99,2.66,$2.01B,$1.04B,1.93,$0.58B,$2.14B,0.27,$2.80B,$1.25B,44.48%,$2.80B,$0.22B,7.68%,$2.80B,$0.22B,7.68%,$2.80B,$0.34B,12.07%,$2.80B,$0.16B,5.61%,$2.80B,$1.26B,45.06%,$1.26B,$2.14B,106.81%,$1.26B,$1.77B,157.36%,$1.26B,$3.95B,40.95%,$0.22B,$2.72B,10.50%,$744,$419,$326,$119,$132,$689,$56,$-13,$43,$-1118,$1160,$1160,$1160,$83,$56,$142,170,$8.17,$6.86,$920,$267,$0,$2006,$308,$50,$368,$64,$1945,$3952,$1038,$584,$111,$778,$1815,$1,$-4664,$-11,$2136,$3952,$1262,$123,$-994,$-871,$-66,$-92,$0,$-32,$-156,$235,$-95,$0,$0,$0,$36,$36,$-3,$-61,$-331,$0,$-331,$20,$20,$0,$-1,$-311,$-137,$48,$0
4,2017-07-31,25.75,$6.62,3.89,$17.64,1.46,$0.87,29.45,$0.92,27.99,$1.92B,$0.66B,2.92,$0.93B,$0.94B,0.99,$2.77B,$1.24B,44.68%,$2.77B,$0.22B,7.90%,$2.77B,$0.22B,7.90%,$2.77B,$0.35B,12.62%,$2.77B,$0.16B,5.66%,$2.77B,$0.14B,5.01%,$0.14B,$0.94B,16.57%,$0.14B,$0.57B,31.01%,$0.14B,$2.74B,4.94%,$0.22B,$1.88B,12.07%,$729,$401,$328,$118,$122,$647,$82,$-14,$68,$8,$60,$60,$60,$109,$82,$142,172,$0.42,$0.39,$794,$276,$0,$1923,$315,$60,$375,$64,$814,$2737,$658,$931,$117,$1135,$1792,$1,$-5824,$-5,$944,$2737,$102,$96,$92,$187,$-81,$-94,$0,$-12,$-193,$96,$-76,$0,$0,$0,$70,$70,$-2,$-7,$-329,$0,$-329,$20,$20,$0,$0,$-308,$-218,$37,$0
5,2017-04-30,22.91,$5.97,3.84,$17.36,1.32,$1.18,19.43,$0.76,30.14,$1.94B,$0.81B,2.41,$0.93B,$0.85B,1.1,$2.72B,$1.22B,44.90%,$2.72B,$0.19B,7.15%,$2.72B,$0.19B,7.15%,$2.72B,$0.33B,12.27%,$2.72B,$0.13B,4.64%,$2.72B,$0.11B,4.16%,$0.11B,$0.85B,14.42%,$0.11B,$0.47B,29.87%,$0.11B,$2.78B,3.91%,$0.19B,$1.78B,10.89%,$707,$389,$318,$122,$124,$649,$58,$-16,$42,$4,$38,$38,$38,$91,$58,$142,165,$0.27,$0.25,$903,$287,$0,$1942,$300,$90,$380,$65,$835,$2777,$807,$929,$113,$1124,$1931,$1,$-5884,$-21,$847,$2777,$42,$69,$57,$126,$9,$-96,$0,$4,$-122,$46,$-60,$0,$0,$0,$0,$0,$-3,$-63,$-142,$0,$-142,$10,$10,$0,$0,$-132,$-149,$25,$0
6,2017-01-31,24.34,$5.66,4.3,$17.70,1.38,$1.43,17.01,$0.61,39.9,$2.00B,$0.84B,2.37,$1.02B,$0.80B,1.28,$2.65B,$1.18B,44.70%,$2.65B,$0.16B,6.19%,$2.65B,$0.16B,6.19%,$2.65B,$0.31B,11.55%,$2.65B,$0.10B,3.81%,$2.65B,$0.09B,3.36%,$0.09B,$0.80B,12.04%,$0.09B,$0.40B,28.21%,$0.09B,$2.86B,3.03%,$0.16B,$1.82B,8.72%,$621,$348,$274,$117,$121,$602,$19,$-15,$4,$0,$4,$4,$4,$55,$19,$141,142,$0.03,$0.03,$944,$285,$0,$1998,$293,$110,$395,$64,$862,$2860,$842,$1020,$121,$1220,$2061,$1,$-5922,$-18,$799,$2860,$4,$36,$23,$59,$-22,$-79,$0,$8,$-89,$-26,$-26,$0,$0,$0,$5,$5,$0,$-20,$-47,$0,$-47,$10,$10,$0,$0,$-37,$-84,$13,$0
7,2016-10-31,19.38,$5.48,3.53,$17.52,1.11,$1.69,11.44,$0.50,38.76,$2.01B,$0.89B,2.26,$1.02B,$0.77B,1.33,$2.60B,$1.16B,44.64%,$2.60B,$0.16B,6.00%,$2.60B,$0.16B,6.00%,$2.60B,$0.30B,11.42%,$2.60B,$0.09B,3.34%,$2.60B,$0.07B,2.81%,$0.07B,$0.77B,10.49%,$0.07B,$0.35B,27.92%,$0.07B,$2.87B,2.54%,$0.16B,$1.78B,8.22%,$716,$398,$319,$112,$129,$657,$60,$-17,$43,$6,$37,$37,$37,$95,$60,$138,151,$0.26,$0.26,$1053,$211,$0,$2013,$288,$90,$414,$67,$860,$2874,$892,$1017,$124,$1216,$2107,$1,$-5926,$-24,$766,$2874,$73,$142,$127,$268,$-26,$-53,$0,$20,$-51,$290,$-107,$0,$-32,$-4,$-135,$-139,$-18,$-296,$-23,$0,$-23,$23,$23,$0,$-4,$-4,$-13,$52,$0
8,2016-07-31,19.19,$5.18,3.7,$18.53,1.04,$2.15,8.93,$0.15,127.93,$2.15B,$1.10B,1.95,$1.03B,$0.72B,1.42,$2.58B,$1.15B,44.43%,$2.58B,$0.11B,4.07%,$2.58B,$0.11B,4.07%,$2.58B,$0.27B,10.32%,$2.58B,$0.03B,1.32%,$2.58B,$0.02B,0.85%,$0.02B,$0.72B,3.33%,$0.02B,$0.29B,10.29%,$0.02B,$3.04B,0.78%,$0.11B,$1.75B,5.46%,$671,$362,$308,$117,$118,$614,$57,$-20,$37,$4,$34,$34,$34,$92,$57,$139,169,$0.24,$0.23,$1150,$222,$0,$2150,$273,$115,$432,$73,$893,$3044,$1103,$1026,$123,$1219,$2322,$1,$-5963,$-21,$722,$3044,$36,$106,$97,$203,$-38,$-56,$0,$13,$-87,$153,$-81,$0,$-32,$0,$-180,$-180,$-10,$-303,$197,$0,$197,$22,$22,$0,$-4,$216,$64,$42,$0
9,2016-04-30,16.83,$4.85,3.47,$19.09,0.88,$2.76,6.1,$0.11,153.0,$2.08B,$0.63B,3.3,$1.51B,$0.67B,2.25,$2.51B,$1.11B,44.12%,$2.51B,$0.09B,3.67%,$2.51B,$0.09B,3.67%,$2.51B,$0.25B,9.80%,$2.51B,$0.02B,0.96%,$2.51B,$0.01B,0.48%,$0.01B,$0.67B,2.29%,$0.01B,$0.22B,7.33%,$0.01B,$2.98B,0.46%,$0.09B,$2.17B,4.97%,$641,$358,$283,$115,$122,$612,$28,$-12,$17,$3,$14,$14,$14,$64,$28,$138,139,$0.10,$0.10,$1117,$191,$0,$2078,$249,$125,$453,$77,$904,$2982,$630,$1505,$107,$1682,$2313,$1,$-5996,$-16,$669,$2982,$2,$71,$67,$138,$-5,$-19,$0,$-12,$-65,$76,$-53,$0,$-32,$0,$-90,$-90,$-5,$-180,$230,$0,$230,$10,$10,$0,$-4,$236,$131,$29,$0
10,2016-01-31,17.77,$4.56,3.89,$19.34,0.92,$2.89,6.14,$0.18,98.72,$1.75B,$0.56B,3.15,$1.26B,$0.63B,2.01,$2.49B,$1.10B,44.02%,$2.49B,$0.11B,4.26%,$2.49B,$0.11B,4.26%,$2.49B,$0.25B,10.08%,$2.49B,$0.03B,1.24%,$2.49B,$0.02B,0.76%,$0.02B,$0.63B,4.86%,$0.02B,$0.19B,16.00%,$0.02B,$2.59B,0.80%,$0.11B,$1.89B,6.38%,$573,$322,$251,$108,$114,$562,$11,$-21,$-10,$1,$-12,$-12,$-12,$46,$11,$137,137,$-0.08,$-0.08,$870,$206,$0,$1751,$200,$125,$439,$75,$838,$2589,$555,$1258,$82,$1407,$1962,$1,$-6010,$-28,$627,$2589,$-12,$35,$38,$73,$63,$-22,$0,$-7,$-46,$15,$-29,$0,$0,$0,$-105,$-105,$-0,$-134,$-16,$0,$-16,$9,$9,$0,$-1,$-8,$-131,$14,$0
11,2015-10-31,24.14,$4.58,5.27,$20.05,1.2,$3.10,7.79,$0.09,268.22,$1.86B,$0.67B,2.8,$1.27B,$0.62B,2.05,$2.45B,$1.08B,43.95%,$2.45B,$0.10B,4.05%,$2.45B,$0.10B,4.05%,$2.45B,$0.24B,9.65%,$2.45B,$0.02B,0.94%,$2.45B,$0.01B,0.49%,$0.01B,$0.62B,5.65%,$0.01B,$0.16B,57.83%,$0.01B,$2.70B,0.53%,$0.10B,$1.89B,6.66%,$692,$389,$303,$108,$127,$683,$9,$-19,$-10,$4,$-14,$-14,$-14,$64,$9,$118,120,$-0.11,$-0.09,$926,$191,$0,$1864,$192,$95,$459,$85,$831,$2695,$667,$1272,$73,$1407,$2074,$1,$-5999,$-22,$621,$2695,$12,$136,$127,$263,$-37,$47,$0,$-12,$-13,$262,$-62,$0,$37,$-2,$-40,$-42,$24,$-43,$-38,$0,$-38,$30,$30,$0,$-0,$-8,$204,$55,$0
12,2015-07-31,25.45,$1.50,16.99,$19.88,1.28,$1.83,13.94,$-0.10,0.0,$1.77B,$0.59B,2.99,$1.28B,$0.18B,7.18,$2.35B,$0.99B,42.35%,$2.35B,$0.09B,3.75%,$2.35B,$0.09B,3.75%,$2.35B,$0.20B,8.44%,$2.35B,$0.01B,0.30%,$2.35B,$-0.01B,-0.21%,$-0.01B,$0.18B,-12.66%,$-0.01B,$0.09B,7.22%,$-0.01B,$2.16B,-0.24%,$0.09B,$1.46B,6.69%,$603,$333,$270,$100,$111,$558,$44,$-17,$27,$3,$24,$24,$24,$72,$44,$118,133,$0.20,$0.19,$857,$194,$0,$1767,$160,$70,$89,$78,$397,$2164,$592,$1277,$63,$1394,$1986,$1,$-5985,$-26,$178,$2164,$25,$81,$81,$162,$-33,$40,$0,$5,$-10,$177,$-40,$0,$0,$-2,$-40,$-42,$16,$-66,$-15,$0,$-15,$20,$20,$0,$-0,$4,$110,$32,$0
13,2015-04-30,21.3,$1.18,18.08,$20.35,1.05,$0.63,34.0,$-0.14,0.0,$1.68B,$0.58B,2.92,$1.28B,$0.14B,9.2,$2.35B,$0.99B,42.07%,$2.35B,$0.08B,3.45%,$2.35B,$0.08B,3.45%,$2.35B,$0.19B,8.14%,$2.35B,$-0.00B,-0.04%,$2.35B,$-0.01B,-0.55%,$-0.01B,$0.14B,80.00%,$-0.01B,$0.04B,9.40%,$-0.01B,$2.09B,-0.62%,$0.08B,$1.42B,6.43%,$622,$349,$272,$105,$113,$579,$42,$-18,$24,$3,$21,$21,$21,$69,$42,$114,128,$0.18,$0.17,$731,$215,$0,$1683,$139,$85,$102,$82,$409,$2092,$575,$1276,$51,$1377,$1953,$1,$-6009,$-22,$139,$2092,$2,$54,$51,$105,$-47,$28,$0,$17,$-47,$60,$-22,$0,$0,$-2,$-40,$-42,$10,$-54,$-13,$0,$-13,$10,$10,$0,$-0,$-3,$-0,$22,$0
14,2015-01-31,18.52,$-0.82,-22.63,$20.80,0.89,$-0.26,0.0,$-0.41,0.0,$1.68B,$0.78B,2.16,$1.28B,$-0.09B,-14.4,$2.28B,$0.95B,41.73%,$2.28B,$0.05B,2.01%,$2.28B,$0.05B,2.01%,$2.28B,$0.16B,6.87%,$2.28B,$-0.03B,-1.36%,$2.28B,$-0.04B,-1.93%,$-0.04B,$-0.09B,61.75%,$-0.04B,$-0.20B,21.33%,$-0.04B,$2.06B,-2.19%,$0.05B,$1.19B,4.03%,$529,$299,$230,$101,$106,$525,$4,$-22,$-18,$1,$-19,$-19,$-19,$31,$4,$108,108,$-0.17,$-0.17,$744,$241,$0,$1681,$119,$55,$115,$85,$375,$2056,$779,$1275,$45,$1366,$2145,$1,$-6029,$-34,$-89,$2056,$-19,$27,$8,$35,$-1,$7,$0,$-2,$6,$22,$-11,$0,$0,$0,$-10,$-10,$9,$-12,$-4,$0,$-4,$8,$8,$0,$-0,$5,$12,$11,$0
15,2014-10-31,16.76,$-0.65,-25.76,$21.00,0.8,$-0.86,0.0,$-0.39,0.0,$1.69B,$0.78B,2.17,$1.28B,$-0.07B,-18.31,$2.29B,$0.95B,41.46%,$2.29B,$0.05B,1.97%,$2.29B,$0.05B,1.97%,$2.29B,$0.16B,6.99%,$2.29B,$-0.03B,-1.18%,$2.29B,$-0.04B,-1.79%,$-0.04B,$-0.07B,57.95%,$-0.04B,$-0.20B,18.70%,$-0.04B,$2.07B,-2.11%,$0.05B,$1.21B,3.99%,$591,$370,$221,$99,$113,$593,$-2,$-25,$-26,$4,$-31,$-31,$-31,$26,$-2,$106,106,$-0.28,$-0.28,$727,$255,$0,$1693,$127,$50,$129,$74,$379,$2073,$781,$1275,$45,$1361,$2142,$1,$-6010,$-15,$-70,$2073,$-41,$113,$123,$236,$-33,$-38,$0,$26,$-105,$90,$-48,$0,$0,$0,$-50,$-50,$-8,$-106,$245,$0,$245,$18,$18,$0,$-4,$259,$240,$43,$0
16,2014-07-31,19.53,$-0.42,-46.09,$21.11,0.92,$-1.25,0.0,$-0.19,0.0,$1.70B,$0.81B,2.1,$1.27B,$-0.05B,-28.22,$2.28B,$0.96B,42.09%,$2.28B,$0.05B,2.06%,$2.28B,$0.05B,2.06%,$2.28B,$0.16B,7.19%,$2.28B,$-0.01B,-0.53%,$2.28B,$-0.02B,-0.88%,$-0.02B,$-0.05B,27.03%,$-0.02B,$-0.19B,8.44%,$-0.02B,$2.10B,-1.07%,$0.05B,$1.23B,4.24%,$604,$340,$264,$98,$118,$567,$37,$-18,$19,$3,$16,$16,$16,$65,$37,$106,121,$0.15,$0.15,$653,$293,$0,$1698,$117,$65,$142,$78,$402,$2100,$809,$1274,$37,$1336,$2146,$1,$-5980,$-12,$-45,$2100,$-10,$85,$96,$182,$-56,$-66,$0,$27,$-156,$16,$-36,$0,$0,$0,$-45,$-45,$-9,$-90,$246,$0,$246,$18,$18,$0,$-3,$261,$186,$34,$0
17,2014-04-30,19.77,$-0.77,-25.82,$21.36,0.93,$-0.99,0.0,$-0.35,0.0,$1.43B,$0.79B,1.81,$1.03B,$-0.08B,-12.7,$2.22B,$0.92B,41.72%,$2.22B,$0.03B,1.13%,$2.22B,$0.03B,1.13%,$2.22B,$0.15B,6.55%,$2.22B,$-0.03B,-1.35%,$2.22B,$-0.04B,-1.67%,$-0.04B,$-0.08B,44.31%,$-0.04B,$-0.24B,14.12%,$-0.04B,$1.80B,-2.08%,$0.03B,$0.95B,2.31%,$560,$322,$238,$103,$116,$553,$7,$-13,$-6,$4,$-10,$-10,$-10,$35,$7,$105,105,$-0.10,$-0.10,$415,$294,$0,$1431,$120,$15,$155,$74,$364,$1795,$790,$1027,$36,$1086,$1876,$1,$-5996,$-12,$-81,$1795,$-26,$58,$59,$117,$-28,$-58,$0,$11,$-126,$-35,$-26,$0,$0,$0,$35,$35,$-2,$6,$-2,$0,$-2,$9,$9,$0,$0,$7,$-21,$23,$0
18,2014-01-31,23.33,$-0.83,-28.19,$21.03,1.11,$-0.63,0.0,$-0.52,0.0,$1.42B,$0.62B,2.3,$1.21B,$-0.09B,-13.97,$2.16B,$0.90B,41.42%,$2.16B,$0.01B,0.32%,$2.16B,$0.01B,0.32%,$2.16B,$0.13B,6.06%,$2.16B,$-0.05B,-2.27%,$2.16B,$-0.05B,-2.50%,$-0.05B,$-0.09B,61.54%,$-0.05B,$-0.26B,19.10%,$-0.05B,$1.80B,-3.08%,$0.01B,$1.13B,0.62%,$534,$308,$226,$101,$108,$530,$3,$-17,$-14,$2,$-16,$-16,$-16,$34,$3,$105,105,$-0.15,$-0.15,$425,$284,$0,$1417,$119,$15,$169,$80,$384,$1801,$616,$1213,$34,$1271,$1887,$1,$-5986,$-15,$-87,$1801,$-16,$30,$27,$57,$-31,$-40,$0,$8,$-78,$-37,$-16,$0,$0,$0,$30,$30,$0,$15,$-1,$0,$-1,$7,$7,$0,$0,$7,$-16,$11,$0
19,2013-10-31,23.27,$-0.80,-29.19,$20.40,1.14,$-0.69,0.0,$-0.84,0.0,$1.40B,$0.62B,2.27,$1.21B,$-0.08B,-14.66,$2.08B,$0.87B,41.59%,$2.08B,$-0.00B,-0.10%,$2.08B,$-0.00B,-0.10%,$2.08B,$0.12B,5.96%,$2.08B,$-0.08B,-3.84%,$2.08B,$-0.09B,-4.08%,$-0.09B,$-0.08B,99.13%,$-0.09B,$-0.27B,28.50%,$-0.09B,$1.80B,-4.78%,$-0.00B,$1.13B,-0.18%,$583,$352,$232,$100,$119,$584,$-0,$-11,$-11,$-1,$-10,$-10,$-10,$30,$-0,$102,102,$-0.08,$-0.08,$471,$249,$0,$1396,$120,$15,$186,$86,$407,$1803,$615,$1212,$35,$1270,$1885,$1,$-5970,$-8,$-83,$1803,$-85,$127,$120,$247,$-145,$-9,$0,$5,$-117,$45,$-44,$0,$0,$0,$-90,$-90,$3,$-131,$-220,$0,$-220,$16,$16,$0,$-4,$-207,$-296,$38,$0
20,2013-07-31,22.06,$-0.81,-27.35,$19.39,1.14,$-0.11,0.0,$-1.14,0.0,$1.30B,$0.54B,2.41,$1.21B,$-0.08B,-14.56,$1.97B,$0.83B,42.04%,$1.97B,$-0.02B,-1.22%,$1.97B,$-0.02B,-1.22%,$1.97B,$0.11B,5.39%,$1.97B,$-0.11B,-5.34%,$1.97B,$-0.11B,-5.80%,$-0.11B,$-0.08B,130.66%,$-0.11B,$-0.29B,35.91%,$-0.11B,$1.73B,-6.35%,$-0.02B,$1.13B,-2.13%,$538,$310,$228,$93,$108,$524,$15,$-14,$1,$2,$-1,$-1,$-1,$46,$15,$103,103,$-0.01,$-0.01,$478,$236,$0,$1304,$114,$15,$204,$90,$423,$1727,$541,$1211,$33,$1269,$1811,$1,$-5960,$-7,$-83,$1727,$-76,$96,$95,$192,$-87,$9,$0,$-47,$-75,$41,$-32,$0,$0,$0,$-65,$-65,$2,$-95,$-219,$0,$-219,$14,$14,$0,$-4,$-208,$-264,$28,$0
21,2013-04-30,14.96,$-0.96,-15.59,$18.91,0.79,$0.44,34.04,$-1.43,0.0,$1.26B,$0.52B,2.43,$1.21B,$-0.10B,-12.35,$1.90B,$0.78B,40.98%,$1.90B,$-0.05B,-2.84%,$1.90B,$-0.05B,-2.84%,$1.90B,$0.08B,4.05%,$1.90B,$-0.13B,-7.00%,$1.90B,$-0.14B,-7.52%,$-0.14B,$-0.10B,175.46%,$-0.14B,$-0.32B,43.37%,$-0.14B,$1.69B,-7.76%,$-0.05B,$1.11B,-4.75%,$508,$298,$210,$101,$105,$518,$-11,$-14,$-25,$2,$-27,$-27,$-27,$21,$-11,$102,102,$-0.27,$-0.27,$456,$248,$0,$1264,$118,$0,$221,$90,$429,$1693,$520,$1210,$33,$1271,$1791,$1,$-5959,$-5,$-98,$1693,$-74,$65,$72,$136,$-77,$3,$0,$-14,$-63,$-1,$-21,$0,$0,$0,$-50,$-50,$2,$-70,$-218,$0,$-218,$6,$6,$0,$-4,$-215,$-286,$18,$0
22,2013-01-31,15.66,$-0.77,-20.22,$18.75,0.84,$1.24,12.66,$-1.44,0.0,$1.44B,$0.69B,2.07,$1.21B,$-0.08B,-15.37,$1.87B,$0.75B,40.19%,$1.87B,$-0.05B,-2.89%,$1.87B,$-0.05B,-2.89%,$1.87B,$0.08B,4.12%,$1.87B,$-0.13B,-7.11%,$1.87B,$-0.14B,-7.70%,$-0.14B,$-0.08B,214.13%,$-0.14B,$-0.32B,43.15%,$-0.14B,$1.89B,-7.57%,$-0.05B,$1.13B,-4.47%,$453,$257,$196,$89,$95,$459,$-6,$-39,$-45,$2,$-47,$-47,$-47,$27,$-6,$101,101,$-0.47,$-0.47,$637,$267,$0,$1435,$122,$0,$239,$89,$450,$1885,$694,$1209,$33,$1270,$1964,$1,$-5932,$-2,$-79,$1885,$-47,$33,$47,$80,$-50,$-10,$0,$-24,$-78,$-46,$-12,$0,$0,$0,$-35,$-35,$1,$-47,$-1,$0,$-1,$6,$6,$0,$-3,$2,$-90,$8,$0
23,2012-10-31,12.42,$-0.88,-14.04,$18.52,0.67,$1.86,6.68,$-1.46,0.0,$1.42B,$0.69B,2.07,$1.23B,$-0.09B,-13.78,$1.84B,$0.72B,39.46%,$1.84B,$-0.08B,-4.31%,$1.84B,$-0.08B,-4.31%,$1.84B,$0.05B,2.89%,$1.84B,$-0.13B,-7.30%,$1.84B,$-0.15B,-7.90%,$-0.15B,$-0.09B,274.88%,$-0.15B,$-0.35B,42.96%,$-0.15B,$1.88B,-7.59%,$-0.08B,$1.14B,-6.17%,$466,$273,$192,$96,$104,$487,$-22,$-14,$-36,$3,$-39,$-39,$-39,$12,$-22,$99,99,$-0.38,$-0.38,$693,$260,$0,$1416,$124,$0,$257,$85,$465,$1881,$685,$1226,$32,$1285,$1970,$1,$-5884,$-3,$-89,$1881,$-144,$134,$103,$237,$70,$-53,$0,$-15,$15,$107,$-48,$0,$0,$1,$0,$1,$36,$-12,$-2,$0,$-2,$12,$12,$0,$-2,$8,$101,$32,$0
24,2012-07-31,16.03,$-0.60,-26.65,$18.59,0.86,$-0.22,0.0,$-1.30,0.0,$1.41B,$0.70B,2.02,$1.23B,$-0.06B,-20.34,$1.82B,$0.72B,39.58%,$1.82B,$-0.07B,-4.00%,$1.82B,$-0.07B,-4.00%,$1.82B,$0.06B,3.23%,$1.82B,$-0.12B,-6.47%,$1.82B,$-0.13B,-7.02%,$-0.13B,$-0.06B,474.07%,$-0.13B,$-0.34B,38.73%,$-0.13B,$1.92B,-6.64%,$-0.07B,$1.17B,-5.36%,$474,$293,$181,$88,$93,$489,$-15,$-12,$-27,$2,$-30,$-30,$-30,$17,$-15,$100,100,$-0.30,$-0.30,$667,$245,$0,$1411,$119,$0,$276,$111,$505,$1915,$700,$1226,$26,$1275,$1976,$1,$-5846,$-5,$-60,$1915,$-105,$99,$75,$174,$37,$-34,$0,$-11,$28,$97,$-33,$0,$0,$1,$0,$1,$4,$-29,$-1,$0,$-1,$12,$12,$0,$0,$11,$75,$24,$0
25,2012-04-30,14.82,$-0.41,-35.78,$18.35,0.81,$-2.66,0.0,$-1.33,0.0,$1.41B,$0.49B,2.91,$1.44B,$-0.04B,-35.12,$1.79B,$0.73B,40.67%,$1.79B,$-0.08B,-4.20%,$1.79B,$-0.08B,-4.20%,$1.79B,$0.06B,3.36%,$1.79B,$-0.12B,-6.78%,$1.79B,$-0.13B,-7.23%,$-0.13B,$-0.04B,2715.79%,$-0.13B,$-0.34B,39.48%,$-0.13B,$1.93B,-6.67%,$-0.08B,$1.40B,-5.22%,$478,$295,$183,$90,$89,$489,$-11,$-14,$-25,$2,$-28,$-28,$-28,$21,$-11,$99,99,$-0.28,$-0.28,$636,$243,$0,$1410,$116,$0,$294,$109,$519,$1929,$485,$1442,$20,$1484,$1970,$1,$-5816,$-2,$-41,$1929,$-75,$67,$55,$122,$19,$-27,$0,$26,$26,$73,$-16,$0,$0,$1,$0,$1,$-17,$-33,$-1,$0,$-1,$6,$6,$0,$0,$5,$44,$17,$0
26,2012-01-31,14.55,$-0.21,-68.02,$17.90,0.81,$-4.76,0.0,$-1.71,0.0,$1.38B,$0.46B,3.01,$1.44B,$-0.02B,-68.34,$1.73B,$0.71B,41.10%,$1.73B,$-0.12B,-6.96%,$1.73B,$-0.12B,-6.96%,$1.73B,$0.02B,1.04%,$1.73B,$-0.16B,-9.10%,$1.73B,$-0.16B,-9.51%,$-0.16B,$-0.02B,-911.11%,$-0.16B,$-0.33B,50.77%,$-0.16B,$1.92B,-8.40%,$-0.12B,$1.42B,-8.22%,$417,$249,$168,$90,$94,$448,$-31,$-14,$-46,$2,$-48,$-48,$-48,$3,$-31,$98,98,$-0.49,$-0.49,$601,$249,$0,$1375,$118,$0,$312,$113,$543,$1918,$457,$1442,$19,$1483,$1939,$1,$-5788,$-2,$-21,$1918,$-48,$34,$28,$63,$17,$-27,$0,$-8,$-2,$13,$-8,$0,$0,$1,$0,$1,$-1,$-8,$0,$0,$0,$6,$6,$0,$0,$6,$9,$9,$0
27,2011-10-31,13.18,$0.14,92.56,$18.24,0.72,$-5.67,0.0,$-2.06,0.0,$1.33B,$0.45B,2.94,$1.44B,$0.01B,103.97,$1.74B,$0.71B,40.78%,$1.74B,$-0.16B,-9.36%,$1.74B,$-0.16B,-9.36%,$1.74B,$-0.01B,-0.40%,$1.74B,$-0.19B,-10.80%,$1.74B,$-0.20B,-11.20%,$-0.20B,$0.01B,-414.89%,$-0.20B,$-0.32B,62.25%,$-0.20B,$1.95B,-9.82%,$-0.16B,$1.46B,-10.95%,$455,$266,$190,$91,$99,$472,$-16,$-4,$-20,$2,$-22,$-22,$-22,$18,$-16,$96,96,$-0.21,$-0.21,$542,$230,$0,$1333,$123,$50,$332,$114,$619,$1951,$453,$1442,$17,$1484,$1938,$1,$-5740,$0,$14,$1951,$-196,$156,$69,$225,$-76,$14,$0,$0,$-120,$-90,$-52,$0,$0,$7,$-50,$-43,$27,$-69,$0,$0,$0,$13,$13,$0,$0,$13,$-147,$38,$0
28,2011-07-31,15.46,$0.29,52.42,$17.97,0.86,$-7.19,0.0,$-2.69,0.0,$1.29B,$0.42B,3.03,$1.44B,$0.03B,50.49,$1.70B,$0.69B,40.38%,$1.70B,$-0.23B,-13.38%,$1.70B,$-0.23B,-13.38%,$1.70B,$-0.05B,-2.82%,$1.70B,$-0.25B,-14.50%,$1.70B,$-0.25B,-14.85%,$-0.25B,$0.03B,-303.90%,$-0.25B,$-0.32B,84.19%,$-0.25B,$1.94B,-12.48%,$-0.23B,$1.47B,-14.94%,$435,$250,$185,$93,$90,$453,$-17,$-13,$-30,$1,$-31,$-31,$-31,$18,$-17,$96,96,$-0.33,$-0.33,$486,$244,$0,$1286,$126,$50,$350,$126,$652,$1938,$424,$1442,$17,$1486,$1910,$1,$-5718,$2,$29,$1938,$-173,$121,$49,$170,$-72,$6,$0,$18,$-129,$-132,$-41,$0,$0,$0,$-50,$-50,$8,$-83,$0,$0,$0,$13,$13,$0,$0,$13,$-202,$28,$0
29,2011-04-30,28.24,$0.53,53.44,$17.65,1.6,$-7.95,0.0,$-3.54,0.0,$1.32B,$0.47B,2.82,$1.44B,$0.05B,29.02,$1.66B,$0.65B,39.00%,$1.66B,$-0.31B,-18.75%,$1.66B,$-0.31B,-18.75%,$1.66B,$-0.10B,-6.15%,$1.66B,$-0.33B,-19.59%,$1.66B,$-0.33B,-20.01%,$-0.33B,$0.05B,-249.62%,$-0.33B,$-0.32B,114.38%,$-0.33B,$2.01B,-16.63%,$-0.31B,$1.49B,-20.61%,$418,$252,$166,$100,$94,$474,$-56,$-5,$-61,$2,$-63,$-63,$-63,$-21,$-56,$95,95,$-0.66,$-0.66,$507,$286,$0,$1323,$126,$50,$370,$135,$681,$2005,$469,$1443,$19,$1487,$1955,$1,$-5687,$7,$50,$2005,$-142,$86,$25,$111,$-48,$-30,$0,$20,$-85,$-115,$-29,$0,$0,$0,$-50,$-50,$5,$-75,$0,$0,$0,$8,$8,$0,$0,$8,$-182,$19,$0
30,2011-01-31,22.03,$1.00,21.99,$16.00,1.38,$-7.41,0.0,$-3.85,0.0,$1.40B,$0.47B,2.99,$1.44B,$0.10B,15.17,$1.49B,$0.59B,39.22%,$1.49B,$-0.35B,-23.16%,$1.49B,$-0.35B,-23.16%,$1.49B,$-0.14B,-9.24%,$1.49B,$-0.36B,-23.83%,$1.49B,$-0.36B,-24.03%,$-0.36B,$0.10B,-177.07%,$-0.36B,$-0.29B,134.33%,$-0.36B,$2.05B,-18.21%,$-0.35B,$1.54B,-22.89%,$433,$265,$169,$96,$95,$507,$-74,$-3,$-77,$2,$-79,$-79,$-79,$-22,$-74,$94,94,$-0.84,$-0.84,$626,$267,$0,$1398,$124,$0,$389,$138,$652,$2050,$467,$1443,$18,$1488,$1955,$1,$-5624,$1,$95,$2050,$-79,$52,$8,$59,$-26,$-8,$0,$-5,$-44,$-64,$-17,$0,$0,$0,$0,$0,$13,$-4,$0,$0,$0,$5,$5,$0,$0,$5,$-63,$10,$0
31,2010-10-31,13.81,$1.69,8.15,$13.32,1.04,$-6.59,0.0,$-3.59,0.0,$1.44B,$0.47B,3.07,$1.44B,$0.16B,9.06,$1.24B,$0.50B,40.18%,$1.24B,$-0.32B,-26.03%,$1.24B,$-0.32B,-26.03%,$1.24B,$-0.15B,-12.29%,$1.24B,$-0.33B,-26.76%,$1.24B,$-0.33B,-26.92%,$-0.33B,$0.16B,-118.29%,$-0.33B,$-0.27B,318.66%,$-0.33B,$2.12B,-18.20%,$-0.32B,$1.60B,-22.53%,$418,$249,$168,$106,$98,$499,$-81,$2,$-79,$1,$-80,$-80,$-80,$-23,$-81,$93,93,$-0.85,$-0.85,$689,$262,$0,$1442,$120,$0,$426,$130,$677,$2118,$470,$1443,$16,$1489,$1959,$1,$-5545,$1,$159,$2118,$-334,$170,$47,$217,$-218,$-41,$0,$-34,$-112,$-229,$-51,$0,$-693,$0,$570,$570,$-25,$-199,$649,$0,$649,$2,$2,$0,$-20,$630,$203,$36,$0
32,2010-07-31,13.09,$2.44,5.36,$10.77,1.22,$-3.76,0.0,$-3.02,0.0,$1.07B,$0.36B,2.97,$1.18B,$0.23B,5.15,$1.00B,$0.41B,40.90%,$1.00B,$-0.27B,-26.93%,$1.00B,$-0.27B,-26.93%,$1.00B,$-0.14B,-14.27%,$1.00B,$-0.28B,-28.14%,$1.00B,$-0.28B,-28.14%,$-0.28B,$0.23B,-78.71%,$-0.28B,$-0.28B,-459.02%,$-0.28B,$1.81B,-16.71%,$-0.27B,$1.40B,-19.97%,$390,$246,$144,$101,$85,$489,$-100,$-9,$-108,$2,$-110,$-110,$-110,$-36,$-100,$93,93,$-1.18,$-1.18,$470,$222,$0,$1071,$119,$0,$509,$113,$740,$1811,$360,$1175,$16,$1223,$1583,$1,$-5465,$-0,$228,$1811,$-253,$111,$53,$164,$-135,$-31,$0,$-33,$-114,$-203,$-35,$0,$-693,$0,$570,$570,$-19,$-177,$364,$0,$364,$1,$1,$0,$0,$365,$-15,$26,$0
33,2010-04-30,18.53,$3.54,5.24,$8.38,2.21,$-1.33,0.0,$-2.13,0.0,$1.12B,$0.35B,3.18,$1.18B,$0.33B,3.57,$0.77B,$0.34B,43.90%,$0.77B,$-0.19B,-24.81%,$0.77B,$-0.19B,-24.81%,$0.77B,$-0.12B,-15.06%,$0.77B,$-0.20B,-25.71%,$0.77B,$-0.20B,-25.45%,$-0.20B,$0.33B,-46.97%,$-0.20B,$-0.23B,-84.30%,$-0.20B,$1.91B,-12.24%,$-0.19B,$1.50B,-14.59%,$253,$149,$105,$71,$67,$345,$-91,$-0,$-92,$-2,$-90,$-90,$-90,$-57,$-91,$93,93,$-0.97,$-0.97,$614,$233,$0,$1121,$111,$0,$557,$118,$786,$1907,$352,$1175,$16,$1226,$1578,$1,$-5355,$0,$329,$1907,$-143,$48,$27,$75,$-53,$-38,$0,$2,$-5,$-73,$-18,$0,$-712,$0,$541,$541,$-9,$-199,$370,$0,$370,$1,$1,$0,$0,$370,$99,$17,$0
34,2010-01-31,12.75,$4.43,2.88,$7.23,1.76,$-0.46,0.0,$-6.69,0.0,$1.28B,$0.22B,5.8,$0.80B,$0.41B,1.95,$0.66B,$0.29B,44.48%,$0.66B,$-0.60B,-91.23%,$0.66B,$-0.60B,-91.23%,$0.66B,$-0.09B,-14.07%,$0.66B,$-0.61B,-92.28%,$0.66B,$-0.61B,-92.13%,$-0.61B,$0.41B,-133.11%,$-0.61B,$0.36B,-154.96%,$-0.61B,$1.48B,-40.55%,$-0.60B,$1.21B,-48.03%,$176,$96,$80,$50,$47,$226,$-50,$-3,$-52,$1,$-53,$-53,$-53,$-36,$-50,$92,92,$-0.58,$-0.58,$1002,$95,$0,$1278,$64,$8,$53,$77,$203,$1481,$220,$798,$16,$851,$1071,$1,$-5265,$0,$410,$1481,$-53,$14,$13,$27,$13,$-8,$0,$14,$31,$4,$-7,$0,$-38,$0,$134,$134,$-6,$83,$0,$0,$0,$0,$0,$0,$0,$0,$87,$8,$0
35,2009-10-31,11.73,$4.85,2.42,$7.17,1.64,$-0.51,0.0,$-6.38,0.0,$1.31B,$0.20B,6.57,$0.80B,$0.46B,1.75,$0.65B,$0.29B,43.87%,$0.65B,$-0.58B,-88.96%,$0.65B,$-0.58B,-88.96%,$0.65B,$-0.07B,-10.89%,$0.65B,$-0.58B,-89.26%,$0.65B,$-0.58B,-89.11%,$-0.58B,$0.46B,-96.75%,$-0.58B,$0.40B,-140.25%,$-0.58B,$1.50B,-35.61%,$-0.58B,$1.25B,-41.47%,$176,$99,$78,$50,$48,$203,$-27,$-2,$-28,$-1,$-27,$-27,$-27,$-13,$-27,$91,91,$-0.28,$-0.28,$1049,$88,$0,$1306,$62,$8,$61,$68,$199,$1504,$199,$798,$16,$850,$1049,$1,$-5211,$1,$456,$1504,$-581,$508,$76,$584,$20,$-10,$0,$-8,$5,$7,$-24,$0,$0,$0,$-46,$-46,$-4,$-74,$0,$0,$0,$1,$1,$0,$0,$1,$-65,$34,$0
36,2009-07-31,11.16,$5.18,2.15,$6.86,1.63,$0.46,24.01,$-6.37,0.0,$1.32B,$0.19B,7.03,$0.80B,$0.47B,1.68,$0.66B,$0.29B,44.05%,$0.66B,$-0.58B,-88.87%,$0.66B,$-0.58B,-88.87%,$0.66B,$-0.07B,-11.28%,$0.66B,$-0.58B,-88.72%,$0.66B,$-0.58B,-88.26%,$-0.58B,$0.47B,-78.64%,$-0.58B,$0.41B,-135.20%,$-0.58B,$1.51B,-32.86%,$-0.58B,$1.27B,-38.00%,$165,$90,$75,$44,$43,$188,$-23,$-3,$-26,$0,$-26,$-26,$-26,$-10,$-23,$91,91,$-0.29,$-0.29,$1063,$90,$0,$1317,$61,$0,$68,$65,$194,$1511,$187,$798,$17,$850,$1037,$1,$-5185,$2,$474,$1511,$-554,$495,$58,$553,$18,$-7,$0,$2,$7,$6,$-18,$0,$0,$0,$-82,$-82,$-2,$-101,$0,$0,$0,$1,$1,$0,$0,$1,$-95,$26,$0
37,2009-04-30,11.95,$5.38,2.22,$7.32,1.63,$1.49,8.04,$-5.96,0.0,$1.30B,$0.17B,7.45,$0.80B,$0.49B,1.63,$0.74B,$0.34B,45.70%,$0.74B,$-0.55B,-73.25%,$0.74B,$-0.55B,-73.25%,$0.74B,$-0.03B,-4.57%,$0.74B,$-0.54B,-72.98%,$0.74B,$-0.54B,-72.72%,$-0.54B,$0.49B,-62.01%,$-0.54B,$0.41B,-122.40%,$-0.54B,$1.51B,-28.48%,$-0.55B,$1.29B,-32.62%,$144,$83,$61,$49,$46,$647,$-503,$-1,$-504,$-1,$-503,$-503,$-503,$-34,$-503,$91,91,$-5.53,$-5.53,$1066,$91,$0,$1300,$60,$0,$76,$75,$211,$1511,$174,$798,$13,$846,$1021,$1,$-5158,$-0,$490,$1511,$-528,$482,$40,$521,$22,$-7,$0,$10,$9,$2,$-13,$0,$0,$0,$43,$43,$-0,$30,$0,$0,$0,$1,$1,$0,$0,$1,$33,$18,$0
38,2009-01-31,6.24,$10.83,0.58,$7.93,0.79,$2.28,2.74,$-0.20,0.0,$1.18B,$0.17B,6.78,$0.80B,$0.98B,0.81,$0.84B,$0.41B,48.34%,$0.84B,$-0.02B,-2.73%,$0.84B,$-0.02B,-2.73%,$0.84B,$0.03B,3.92%,$0.84B,$-0.01B,-1.54%,$0.84B,$-0.01B,-1.66%,$-0.01B,$0.98B,-1.40%,$-0.01B,$0.44B,-3.14%,$-0.01B,$2.00B,-0.69%,$-0.02B,$1.78B,-1.28%,$167,$96,$72,$47,$45,$194,$-27,$2,$-24,$0,$-25,$-25,$-25,$-14,$-27,$91,91,$-0.27,$-0.27,$923,$91,$0,$1179,$59,$146,$540,$76,$822,$2001,$174,$798,$10,$845,$1018,$1,$-4655,$-2,$982,$2001,$-25,$12,$18,$31,$8,$-4,$0,$-3,$-7,$-1,$-6,$0,$0,$0,$-9,$-9,$-0,$-15,$0,$0,$0,$0,$0,$0,$0,$0,$-16,$8,$0
39,2008-10-31,9.61,$11.04,0.87,$8.16,1.18,$2.42,3.98,$0.35,27.46,$1.19B,$0.18B,6.61,$0.80B,$1.00B,0.8,$0.90B,$0.45B,50.11%,$0.90B,$0.02B,2.44%,$0.90B,$0.02B,2.44%,$0.90B,$0.08B,8.43%,$0.90B,$0.04B,4.55%,$0.90B,$0.04B,4.43%,$0.04B,$1.00B,4.10%,$0.04B,$0.45B,8.25%,$0.04B,$2.03B,1.99%,$0.02B,$1.80B,1.24%,$180,$99,$81,$47,$55,$210,$-30,$3,$-28,$-2,$-25,$-25,$-25,$-16,$-30,$89,111,$-0.29,$-0.21,$917,$93,$0,$1185,$60,$156,$548,$76,$840,$2025,$179,$798,$11,$846,$1026,$1,$-4630,$-1,$999,$2025,$39,$54,$76,$130,$-32,$4,$0,$9,$-51,$118,$-30,$0,$-210,$0,$330,$330,$1,$91,$-556,$0,$-556,$6,$6,$0,$0,$-550,$-341,$31,$0
40,2008-07-31,20.67,$11.28,1.83,$8.71,2.37,$2.39,8.63,$0.93,22.23,$1.31B,$0.19B,6.79,$0.80B,$1.02B,0.79,$0.94B,$0.48B,51.17%,$0.94B,$0.08B,8.42%,$0.94B,$0.08B,8.42%,$0.94B,$0.12B,13.22%,$0.94B,$0.10B,10.77%,$0.94B,$0.10B,10.13%,$0.10B,$1.02B,10.12%,$0.10B,$0.46B,18.64%,$0.10B,$2.06B,4.50%,$0.08B,$1.82B,4.54%,$253,$128,$126,$48,$54,$238,$15,$-2,$13,$2,$12,$12,$12,$30,$15,$90,112,$0.13,$0.12,$1029,$106,$0,$1312,$59,$57,$558,$76,$750,$2062,$193,$800,$11,$850,$1043,$1,$-4605,$0,$1019,$2062,$64,$39,$60,$99,$-32,$-5,$0,$9,$-41,$122,$-23,$0,$-210,$0,$640,$640,$1,$408,$-555,$0,$-555,$5,$5,$0,$0,$-549,$-19,$24,$0
41,2008-04-30,33.81,$11.06,3.06,$8.46,4.0,$2.25,15.01,$1.10,30.74,$1.33B,$0.21B,6.33,$0.80B,$1.00B,0.8,$0.89B,$0.45B,50.79%,$0.89B,$0.08B,8.99%,$0.89B,$0.08B,8.99%,$0.89B,$0.12B,12.92%,$0.89B,$0.12B,13.15%,$0.89B,$0.11B,12.47%,$0.11B,$1.00B,12.57%,$0.11B,$0.43B,21.43%,$0.11B,$2.06B,5.05%,$0.08B,$1.80B,4.75%,$242,$115,$128,$45,$55,$223,$19,$7,$26,$2,$24,$24,$24,$33,$19,$89,111,$0.27,$0.23,$1034,$125,$0,$1333,$56,$26,$569,$73,$722,$2056,$211,$800,$11,$848,$1059,$1,$-4617,$0,$997,$2056,$53,$24,$37,$61,$-26,$-20,$0,$19,$-25,$89,$-14,$0,$-210,$0,$762,$762,$-5,$533,$-555,$0,$-555,$5,$5,$0,$0,$-550,$72,$16,$0
42,2008-01-31,27.13,$10.21,2.66,$8.34,3.25,$1.78,15.22,$1.01,26.86,$1.47B,$0.18B,8.07,$0.80B,$0.89B,0.9,$0.84B,$0.41B,48.22%,$0.84B,$0.06B,7.60%,$0.84B,$0.06B,7.60%,$0.84B,$0.09B,11.05%,$0.84B,$0.10B,12.35%,$0.84B,$0.10B,11.88%,$0.10B,$0.89B,12.03%,$0.10B,$0.60B,18.81%,$0.10B,$1.91B,4.62%,$0.06B,$1.69B,4.25%,$227,$111,$117,$35,$56,$209,$18,$12,$30,$1,$29,$29,$29,$29,$18,$87,109,$0.33,$0.28,$1182,$104,$0,$1471,$49,$34,$291,$69,$443,$1913,$182,$800,$11,$842,$1024,$1,$-4640,$0,$889,$1913,$29,$10,$17,$27,$-41,$-7,$0,$4,$-42,$14,$-7,$0,$0,$0,$564,$564,$-0,$557,$-542,$0,$-542,$1,$1,$0,$0,$-541,$30,$7,$0
43,2007-10-31,47.86,$9.80,4.88,$8.02,5.97,$1.53,31.35,$0.85,56.31,$1.97B,$0.73B,2.7,$0.80B,$0.85B,0.94,$0.78B,$0.36B,46.54%,$0.78B,$0.05B,6.28%,$0.78B,$0.05B,6.28%,$0.78B,$0.08B,9.74%,$0.78B,$0.09B,10.90%,$0.78B,$0.08B,10.51%,$0.08B,$0.85B,10.23%,$0.08B,$0.55B,16.55%,$0.08B,$2.42B,3.81%,$0.05B,$1.65B,3.29%,$216,$107,$109,$34,$46,$189,$27,$4,$32,$1,$30,$30,$30,$32,$27,$86,100,$0.36,$0.32,$1714,$103,$0,$1969,$47,$34,$299,$68,$448,$2416,$730,$800,$5,$836,$1566,$1,$-4669,$0,$850,$2416,$83,$28,$60,$88,$3,$-9,$0,$2,$-62,$109,$-32,$0,$0,$0,$126,$126,$-13,$80,$500,$0,$500,$37,$37,$0,$-54,$483,$672,$20,$0
44,2007-07-31,36.53,$9.25,3.95,$7.73,4.72,$-0.39,0.0,$0.69,52.94,$2.00B,$0.74B,2.69,$0.80B,$0.80B,1.01,$0.72B,$0.33B,45.17%,$0.72B,$0.03B,3.59%,$0.72B,$0.03B,3.59%,$0.72B,$0.06B,7.60%,$0.72B,$0.07B,9.12%,$0.72B,$0.07B,8.98%,$0.07B,$0.80B,8.36%,$0.07B,$0.49B,13.97%,$0.07B,$2.41B,3.23%,$0.03B,$1.60B,1.76%,$205,$107,$98,$32,$45,$189,$16,$13,$29,$1,$28,$28,$28,$21,$16,$86,102,$0.33,$0.29,$1729,$105,$0,$1995,$41,$8,$302,$67,$419,$2414,$742,$800,$49,$876,$1618,$1,$-4700,$0,$795,$2414,$52,$23,$34,$57,$-11,$-8,$0,$3,$-12,$97,$-21,$0,$0,$0,$-24,$-24,$-12,$-58,$500,$0,$500,$18,$18,$0,$-54,$464,$504,$14,$0
45,2007-04-30,29.16,$9.28,3.14,$7.53,3.87,$-2.06,0.0,$0.33,88.36,$1.43B,$0.75B,1.89,$0.30B,$0.79B,0.38,$0.67B,$0.30B,44.86%,$0.67B,$-0.00B,-0.45%,$0.67B,$-0.00B,-0.45%,$0.67B,$0.03B,4.77%,$0.67B,$0.03B,4.92%,$0.67B,$0.03B,4.92%,$0.03B,$0.79B,4.33%,$0.03B,$0.48B,7.47%,$0.03B,$1.92B,1.77%,$-0.00B,$1.09B,-0.20%,$194,$112,$82,$32,$42,$191,$3,$11,$13,$0,$13,$13,$13,$11,$3,$85,94,$0.15,$0.14,$1117,$119,$0,$1425,$38,$106,$309,$46,$498,$1923,$754,$300,$53,$377,$1131,$1,$-4728,$0,$792,$1923,$24,$18,$23,$41,$-38,$-19,$0,$7,$-32,$33,$-14,$0,$0,$0,$231,$231,$-6,$211,$0,$0,$0,$6,$6,$0,$0,$6,$250,$9,$0
46,2007-01-31,28.09,$9.05,3.1,$7.03,3.99,$-2.91,0.0,$0.19,147.84,$1.16B,$0.17B,6.84,$0.84B,$0.77B,1.09,$0.61B,$0.28B,46.38%,$0.61B,$-0.01B,-2.14%,$0.61B,$-0.01B,-2.14%,$0.61B,$0.03B,4.28%,$0.61B,$0.02B,2.96%,$0.61B,$0.02B,2.96%,$0.02B,$0.77B,2.42%,$0.02B,$0.45B,4.31%,$0.02B,$1.86B,0.98%,$-0.01B,$1.61B,-0.82%,$165,$91,$74,$30,$35,$162,$3,$9,$11,$0,$11,$11,$11,$12,$3,$85,93,$0.13,$0.12,$871,$104,$0,$1160,$33,$314,$316,$38,$702,$1862,$170,$842,$57,$922,$1092,$1,$-4741,$0,$770,$1862,$11,$9,$14,$23,$-32,$-2,$0,$-9,$-45,$-11,$-7,$0,$0,$0,$170,$170,$-1,$162,$0,$0,$0,$3,$3,$0,$0,$3,$154,$3,$0
47,2006-10-31,23.51,$8.88,2.65,$6.71,3.5,$-3.15,0.0,0,0.0,$1.10B,$0.16B,6.8,$0.84B,$0.75B,1.12,$0.56B,$0.26B,45.83%,$0.56B,$-0.03B,-5.51%,$0.56B,$-0.03B,-5.51%,$0.56B,$0.01B,2.31%,$0.56B,$0.00B,0.18%,$0.56B,$0.00B,0.18%,$0.00B,$0.75B,0.14%,$0.00B,$0.43B,0.25%,$0.00B,$1.84B,0.06%,$-0.03B,$1.60B,-2.06%,$160,$87,$73,$27,$33,$156,$4,$10,$13,$0,$13,$13,$13,$11,$4,$84,85,$0.16,$0.16,$849,$106,$0,$1098,$29,$351,$323,$37,$742,$1840,$162,$842,$61,$924,$1086,$1,$-4752,$0,$754,$1840,$1,$45,$33,$78,$-34,$-66,$0,$1,$-158,$-79,$-18,$0,$0,$0,$-238,$-238,$5,$-252,$202,$0,$202,$28,$28,$0,$-36,$193,$-138,$14,$0
