,Date,Stock Price,Book Value per Share,Price to Book Ratio,TTM Sales per Share,Price to Sales Ratio,TTM FCF per Share,Price to FCF Ratio,TTM Net EPS,PE Ratio,Current Assets,Current Liabilities,Current Ratio,Long Term Debt,Shareholder's Equity_x,Debt to Equity Ratio,TTM Revenue_x,TTM Gross Profit,Gross Margin,TTM Revenue_y,TTM Operating Income,Operating Margin,TTM Revenue_x,TTM EBIT,EBIT Margin,TTM Revenue_y,TTM EBITDA,EBITDA Margin,TTM Revenue_x,TTM Pre-Tax Income,Pre-Tax Margin,TTM Revenue_y,TTM Net Income_x,Net Margin,TTM Net Income_y,Shareholder's Equity_y,Return on Equity,TTM Net Income_x,Tangible Equity,Return on Tangible Equity,TTM Net Income_y,Total Assets,Return on Assets,TTM Net Income,LT Investments & Debt,Return on Investment,revenue,cost-goods-sold,gross-profit,research-development-expenses,selling-general-administrative-expenses,operating-expenses,operating-income,total-non-operating-income-expense,pre-tax-income,total-provision-income-taxes,income-after-taxes,income-from-continuous-operations,net-income,ebitda,ebit,basic-shares-outstanding,shares-outstanding,eps-basic-net-earnings-per-share,eps-earnings-per-share-diluted,cash-on-hand,inventory,other-current-assets,total-current-assets,net-property-plant-equipment,long-term-investments,goodwill-intangible-assets-total,other-long-term-assets,total-long-term-assets,total-assets,total-current-liabilities,long-term-debt,other-non-current-liabilities,total-long-term-liabilities,total-liabilities,common-stock-net,retained-earnings-accumulated-deficit,comprehensive-income,total-share-holder-equity,total-liabilities-share-holders-equity,net-income-loss,total-depreciation-amortization-cash-flow,other-non-cash-items,total-non-cash-items,change-in-accounts-receivable,change-in-inventories,change-in-accounts-payable,change-in-assets-liabilities,total-change-in-assets-liabilities,cash-flow-from-operating-activities,net-change-in-property-plant-equipment,net-change-in-intangible-assets,net-acquisitions-divestitures,net-change-in-short-term-investments,net-change-in-long-term-investments,net-change-in-investments-total,investing-activities-other,cash-flow-from-investing-activities,net-long-term-debt,net-current-debt,debt-issuance-retirement-net-total,net-common-equity-issued-repurchased,net-total-equity-issued-repurchased,total-common-preferred-stock-dividends-paid,financial-activities-other,cash-flow-from-financial-activities,net-cash-flow,stock-based-compensation,common-stock-dividends-paid
0,2018-06-30,1.84,$0.00,0.0,$4.61,0.4,$0.26,7.03,$0.23,8.0,$1.94B,$2.19B,0.89,$3.30B,$4.09B,0.81,$6.71B,$1.36B,20.29%,$6.71B,$0.89B,13.25%,$6.71B,$0.89B,13.25%,$6.71B,$1.14B,17.03%,$6.71B,$0.46B,6.89%,$6.71B,$0.29B,4.28%,$0.29B,$4.08B,6.63%,$0.29B,$0.97B,30.43%,$0.29B,$11.60B,2.27%,$0.89B,$7.39B,11.62%,$1540,$1328,$212,$0,$0,$1352,$188,$-217,$-30,$-7,$-23,$-23,$-17,$237,$188,$1509,1509,$-0.01,$-0.01,$342,$9,$339,$1939,$674,$2162,$3113,$1060,$9661,$11600,$2187,$3301,$911,$5327,$7514,$2030,$1661,$0,$4084,$11600,$107,$115,$-21,$94,$0,$0,$-53,$37,$-16,$-2,$-110,$0,$-42,$0,$204,$204,$0,$52,$-105,$0,$-105,$0,$0,$0,$31,$-75,$-25,$0,$0
1,2018-03-31,2.41,$0.00,0.0,$4.88,0.49,$0.70,3.45,$0.27,8.94,$2.13B,$2.33B,0.92,$3.43B,$4.54B,0.75,$6.79B,$1.31B,19.22%,$6.79B,$0.86B,12.62%,$6.79B,$0.86B,12.62%,$6.79B,$1.13B,16.57%,$6.79B,$0.55B,8.12%,$6.79B,$0.35B,5.11%,$0.35B,$4.54B,7.98%,$0.35B,$1.10B,39.01%,$0.35B,$12.53B,2.67%,$0.86B,$7.97B,11.30%,$1522,$1233,$289,$0,$0,$1294,$227,$-31,$196,$53,$143,$143,$143,$293,$227,$1461,1461,$0.10,$0.10,$265,$11,$398,$2131,$840,$2414,$3443,$971,$10397,$12528,$2327,$3426,$1007,$5657,$7984,$1940,$1856,$0,$4544,$12528,$143,$66,$76,$142,$81,$0,$-222,$-17,$-158,$-115,$0,$-58,$-25,$0,$200,$200,$0,$117,$-223,$0,$-223,$0,$0,$0,$34,$-189,$-187,$0,$0
2,2017-12-31,1.93,$3.57,0.54,$5.06,0.38,$0.91,2.11,$0.26,7.41,$2.67B,$2.71B,0.99,$3.77B,$4.49B,0.84,$6.80B,$1.32B,19.46%,$6.80B,$0.91B,13.34%,$6.80B,$0.91B,13.34%,$6.80B,$1.17B,17.25%,$6.80B,$0.52B,7.59%,$6.80B,$0.31B,4.60%,$0.31B,$4.49B,7.33%,$0.31B,$0.99B,38.69%,$0.31B,$13.23B,2.37%,$0.91B,$8.26B,12.22%,$2021,$1154,$868,$0,$0,$1540,$482,$-157,$325,$137,$188,$188,$188,$553,$482,$1458,1458,$0.11,$0.11,$687,$12,$316,$2674,$865,$2450,$3494,$937,$10556,$13230,$2713,$3767,$793,$6028,$8741,$1971,$1794,$-462,$4488,$13230,$314,$266,$231,$497,$-256,$0,$126,$209,$-16,$182,$-26,$-324,$0,$-1,$148,$147,$82,$-121,$-258,$0,$-258,$0,$0,$-169,$377,$-50,$11,$0,$-169
3,2017-09-30,2.32,$0.00,0.0,$4.77,0.49,$1.05,2.2,$0.10,23.2,$2.49B,$3.91B,0.64,$2.80B,$4.20B,0.67,$6.15B,$1.09B,17.68%,$6.15B,$0.71B,11.52%,$6.15B,$0.71B,11.52%,$6.15B,$0.96B,15.55%,$6.15B,$0.04B,0.60%,$6.15B,$0.03B,0.46%,$0.03B,$4.20B,0.69%,$0.03B,$0.71B,3.93%,$0.03B,$13.23B,0.22%,$0.71B,$7.00B,10.07%,$1624,$1632,$-8,$0,$0,$1632,$-8,$-22,$-29,$-3,$-26,$-26,$-27,$59,$-8,$1396,1396,$-0.02,$-0.02,$403,$15,$637,$2485,$885,$2730,$3498,$936,$10747,$13231,$3906,$2801,$791,$5122,$9029,$1991,$1784,$0,$4203,$13231,$126,$195,$348,$543,$0,$0,$0,$286,$286,$678,$-248,$0,$-72,$0,$105,$105,$-51,$-266,$-476,$0,$-476,$0,$0,$-85,$19,$-542,$-131,$0,$-85
4,2017-06-30,2.25,$0.00,0.0,$4.79,0.47,$1.36,1.66,$0.23,9.76,$2.46B,$3.67B,0.67,$2.93B,$4.17B,0.7,$6.03B,$1.43B,23.72%,$6.03B,$1.01B,16.76%,$6.03B,$1.01B,16.76%,$6.03B,$1.26B,20.95%,$6.03B,$0.24B,3.99%,$6.03B,$0.19B,3.13%,$0.19B,$4.17B,4.58%,$0.19B,$0.76B,20.32%,$0.19B,$13.07B,1.46%,$1.01B,$7.10B,14.09%,$1622,$1467,$156,$0,$0,$1467,$156,$-97,$59,$16,$43,$43,$43,$220,$156,$1256,1256,$0.03,$0.03,$638,$15,$509,$2455,$880,$2724,$3410,$1214,$10611,$13065,$3671,$2934,$810,$5226,$8898,$1962,$1771,$0,$4166,$13065,$150,$128,$163,$291,$0,$0,$0,$231,$231,$599,$-143,$0,$-58,$0,$-32,$-32,$-49,$-282,$-267,$0,$-267,$0,$0,$-84,$19,$-332,$-15,$0,$-84
5,2017-03-31,3.04,$0.00,0.0,$4.57,0.66,$1.24,2.46,$0.25,12.15,$2.52B,$3.62B,0.69,$3.11B,$4.23B,0.73,$5.77B,$1.42B,24.66%,$5.77B,$0.97B,16.83%,$5.77B,$0.97B,16.83%,$5.77B,$1.22B,21.18%,$5.77B,$0.26B,4.47%,$5.77B,$0.20B,3.54%,$0.20B,$4.23B,5.01%,$0.20B,$0.78B,20.85%,$0.20B,$13.29B,1.60%,$0.97B,$7.34B,13.56%,$1532,$1225,$307,$0,$0,$1255,$277,$-116,$161,$52,$109,$109,$109,$341,$277,$1253,1253,$0.09,$0.09,$536,$15,$509,$2515,$910,$3161,$3452,$880,$10778,$13293,$3623,$3107,$841,$5440,$9062,$2003,$1768,$0,$4231,$13293,$109,$64,$109,$173,$0,$0,$0,$-324,$-324,$168,$0,$-58,$-52,$0,$61,$61,$-4,$-52,$-165,$0,$-165,$0,$0,$0,$0,$-165,$-49,$0,$0
6,2016-12-31,2.11,$2.95,0.71,$4.24,0.5,$1.18,1.78,$0.16,13.16,$2.38B,$3.28B,0.72,$2.97B,$3.71B,0.8,$5.38B,$1.25B,23.13%,$5.38B,$0.82B,15.29%,$5.38B,$0.82B,15.29%,$5.38B,$1.06B,19.71%,$5.38B,$0.11B,1.95%,$5.38B,$0.10B,1.78%,$0.10B,$3.71B,2.50%,$0.10B,$0.61B,10.06%,$0.10B,$12.05B,0.80%,$0.82B,$6.67B,12.06%,$1370,$738,$632,$0,$0,$1088,$283,$-437,$-154,$-57,$-97,$-97,$-97,$336,$283,$1258,1258,$-0.08,$-0.08,$681,$14,$379,$2376,$1082,$2518,$3102,$940,$9676,$12052,$3282,$2965,$771,$5062,$8344,$1804,$1491,$-140,$3708,$12052,$96,$239,$1235,$1474,$-18,$0,$11,$-459,$-460,$348,$-34,$-293,$0,$401,$-145,$256,$-105,$-176,$42,$0,$42,$0,$0,$-194,$0,$-152,$20,$0,$-194
7,2016-09-30,2.35,$0.00,0.0,$3.15,0.74,$0.93,2.52,$0.16,14.66,$2.66B,$3.17B,0.84,$3.19B,$4.40B,0.73,$5.33B,$0.16B,2.94%,$5.33B,$0.52B,9.77%,$5.33B,$0.52B,9.77%,$5.33B,$0.78B,14.66%,$5.33B,$0.25B,4.74%,$5.33B,$0.20B,3.81%,$0.20B,$4.40B,5.19%,$0.20B,$1.58B,20.10%,$0.20B,$13.32B,1.67%,$0.52B,$7.59B,7.63%,$1510,$1174,$336,$0,$0,$1215,$295,$-120,$175,$42,$134,$134,$134,$367,$295,$1275,1275,$0.11,$0.11,$803,$12,$408,$2661,$1172,$3140,$3288,$942,$10662,$13324,$3170,$3189,$1584,$5289,$8459,$1942,$1837,$0,$4397,$12857,$198,$185,$564,$749,$0,$0,$0,$238,$238,$778,$0,$-260,$-224,$0,$452,$452,$-707,$-738,$-650,$0,$-650,$0,$0,$-34,$882,$198,$237,$0,$-34
8,2016-06-30,2.0,$0.00,0.0,$3.03,0.66,$0.75,2.66,$0.09,22.24,$2.33B,$3.25B,0.72,$3.09B,$3.95B,0.78,$5.19B,$0.22B,4.24%,$5.19B,$0.31B,5.94%,$5.19B,$0.31B,5.94%,$5.19B,$0.54B,10.35%,$5.19B,$0.13B,2.41%,$5.19B,$0.12B,2.26%,$0.12B,$3.95B,3.05%,$0.12B,$0.95B,8.27%,$0.12B,$12.21B,1.01%,$0.31B,$7.04B,4.66%,$1358,$1210,$148,$0,$0,$1242,$116,$-40,$76,$18,$58,$58,$58,$178,$116,$1263,1263,$0.05,$0.05,$695,$12,$332,$2329,$1099,$2900,$2995,$849,$9882,$12212,$3252,$3093,$770,$5013,$8264,$1798,$1581,$0,$3946,$12212,$59,$114,$231,$345,$0,$0,$0,$71,$71,$453,$-147,$0,$-184,$0,$435,$435,$-420,$-316,$-584,$0,$-584,$0,$0,$-32,$643,$27,$164,$0,$-32
9,2016-03-31,1.94,$0.00,0.0,$3.35,0.58,$0.63,3.05,$0.18,10.77,$1.92B,$3.08B,0.62,$2.67B,$3.34B,0.8,$5.58B,$0.72B,12.89%,$5.58B,$0.51B,9.04%,$5.58B,$0.51B,9.04%,$5.58B,$0.73B,12.98%,$5.58B,$0.31B,5.53%,$5.58B,$0.23B,4.17%,$0.23B,$3.34B,5.83%,$0.23B,$0.68B,11.25%,$0.23B,$10.65B,2.02%,$0.51B,$6.01B,7.57%,$1144,$1015,$129,$0,$0,$1015,$129,$-121,$8,$7,$1,$1,$1,$180,$129,$1280,1280,$0.00,$0.00,$511,$10,$282,$1922,$998,$2625,$2652,$741,$8723,$10645,$3084,$2670,$577,$4226,$7310,$1618,$1207,$0,$3335,$10645,$1,$51,$87,$138,$0,$0,$0,$-89,$-89,$154,$-53,$0,$-123,$0,$53,$53,$0,$-123,$43,$0,$43,$0,$0,$-6,$0,$38,$69,$0,$-6
10,2015-12-31,1.26,$0.00,0.0,$2.46,0.51,$0.56,2.27,$0.18,7.0,$2.86B,$3.99B,0.72,$2.71B,$3.97B,0.68,$6.50B,$1.68B,25.86%,$6.50B,$0.91B,13.95%,$6.50B,$0.91B,13.95%,$6.50B,$1.16B,17.89%,$6.50B,$1.03B,15.78%,$6.50B,$0.76B,11.62%,$0.76B,$3.97B,11.88%,$0.76B,$0.83B,17.61%,$0.76B,$12.47B,4.20%,$0.91B,$6.67B,8.65%,$1321,$1777,$-456,$0,$-234,$1339,$-19,$13,$-6,$-16,$9,$10,$10,$57,$-19,$0,0,$0.00,$0.00,$1023,$11,$339,$2863,$0,$3001,$3137,$1813,$8408,$12474,$3991,$2707,$1599,$4517,$8508,$1922,$1424,$0,$3965,$12474,$754,$255,$0,$255,$0,$0,$0,$0,$330,$918,$-83,$0,$0,$0,$0,$-608,$-292,$-982,$0,$0,$318,$0,$0,$-243,$0,$75,$12,$0,$0
11,2015-09-30,1.5,$0.00,0.0,$2.46,0.61,$0.56,2.69,$0.18,8.31,$2.37B,$2.74B,0.87,$2.65B,$5.04B,0.53,$7.69B,$2.16B,28.16%,$7.69B,$1.30B,16.90%,$7.69B,$1.30B,16.90%,$7.69B,$1.48B,19.24%,$7.69B,$1.63B,21.26%,$7.69B,$1.54B,20.06%,$1.54B,$4.08B,23.47%,$1.54B,$3.20B,31.31%,$1.54B,$11.00B,8.29%,$1.30B,$6.72B,11.92%,$1363,$964,$399,$0,$260,$1281,$82,$-35,$47,$-0,$48,$48,$48,$122,$82,$1284,1284,$0.04,$0.04,$755,$12,$355,$2365,$0,$5451,$879,$816,$7505,$10995,$2735,$2647,$1537,$4184,$6920,$1794,$1604,$0,$4076,$10997,$623,$179,$0,$179,$0,$0,$0,$0,$0,$681,$-129,$0,$0,$0,$0,$-30,$-219,$-378,$0,$0,$-1227,$0,$0,$0,$1129,$-97,$205,$0,$0
12,2015-06-30,3.2,$0.00,0.0,$2.41,1.33,$0.13,25.49,$0.15,21.35,$4.40B,$3.07B,1.44,$2.70B,$4.60B,0.59,$7.80B,$2.22B,28.42%,$7.80B,$1.25B,16.00%,$7.80B,$1.25B,16.00%,$7.80B,$1.39B,17.79%,$7.80B,$1.63B,20.91%,$7.80B,$1.51B,19.31%,$1.51B,$4.60B,21.58%,$1.51B,$3.58B,28.02%,$1.51B,$12.09B,7.76%,$1.25B,$7.30B,10.91%,$1756,$1108,$648,$0,$276,$1443,$313,$-54,$260,$86,$174,$174,$174,$366,$313,$1258,1258,$0.14,$0.14,$2691,$13,$486,$4404,$0,$3833,$1022,$861,$6136,$12091,$3066,$2701,$1726,$4427,$7493,$2051,$670,$0,$4598,$12091,$658,$140,$0,$140,$0,$0,$0,$0,$0,$316,$-158,$0,$-128,$0,$0,$158,$0,$-129,$0,$0,$-1197,$0,$0,$0,$967,$-230,$-42,$0,$0
13,2015-03-31,3.36,$0.00,0.0,$2.69,1.25,0,0.0,$0.27,12.43,$12.67B,$9.80B,1.29,$8.45B,$12.78B,0.66,$8.15B,$2.84B,34.83%,$8.15B,$1.70B,20.84%,$8.15B,$1.70B,20.84%,$8.15B,$1.79B,21.90%,$8.15B,$1.86B,22.86%,$8.15B,$1.66B,20.42%,$1.66B,$12.78B,22.88%,$1.66B,$9.55B,29.05%,$1.66B,$36.38B,8.30%,$1.70B,$21.23B,14.34%,$2060,$970,$1090,$0,$472,$1529,$531,$194,$725,$202,$523,$523,$523,$618,$531,$0,0,$0.00,$0.00,$7824,$38,$1479,$12669,$0,$11707,$3233,$2659,$18879,$36383,$9804,$8450,$5345,$13795,$23599,$6294,$4098,$0,$12784,$36383,$523,$87,$0,$87,$0,$0,$0,$0,$0,$117,$-85,$0,$-117,$0,$0,$195,$0,$-6,$0,$-267,$0,$0,$0,$-9,$70,$-205,$-95,$0,$0
14,2014-12-31,4.05,$0.00,0.0,$2.69,1.5,0,0.0,$0.27,15.01,$2.80B,$4.32B,0.65,$3.51B,$4.82B,0.73,$8.11B,$2.64B,32.57%,$8.11B,$1.94B,23.87%,$8.11B,$1.94B,23.87%,$8.11B,$2.01B,24.83%,$8.11B,$1.91B,23.61%,$8.11B,$1.67B,20.61%,$1.67B,$4.82B,30.12%,$1.67B,$3.38B,36.21%,$1.67B,$14.95B,11.68%,$1.94B,$8.33B,22.09%,$2507,$2480,$27,$0,$-89,$2134,$373,$229,$602,$298,$304,$797,$797,$373,$373,$0,0,$0.00,$0.00,$804,$17,$473,$2800,$0,$3442,$1443,$4366,$9783,$14952,$4324,$3511,$2035,$5806,$10131,$2689,$1108,$0,$4821,$14952,$1340,$342,$0,$342,$0,$0,$0,$0,$77,$1595,$-86,$0,$-199,$0,$0,$-1211,$-340,$-1836,$0,$0,$1353,$0,$0,$-1674,$0,$-320,$-562,$0,$0
15,2014-09-30,4.77,$0.00,0.0,$2.69,1.77,0,0.0,$0.27,17.67,$2.68B,$3.45B,0.78,$3.14B,$5.70B,0.55,$8.23B,$4.11B,49.92%,$8.23B,$1.99B,24.16%,$8.23B,$1.99B,24.16%,$8.23B,$2.20B,26.71%,$8.23B,$1.95B,23.76%,$8.23B,$1.44B,17.46%,$1.44B,$5.70B,24.69%,$1.44B,$4.98B,28.66%,$1.44B,$14.11B,10.23%,$1.99B,$8.84B,22.10%,$1472,$1022,$450,$0,$331,$1442,$30,$-207,$43,$30,$13,$11,$11,$30,$30,$1453,1453,$0.01,$0.01,$1025,$15,$386,$2680,$0,$6644,$720,$939,$8934,$14105,$3448,$3140,$1818,$4958,$8406,$2780,$914,$0,$5699,$14105,$0,$0,$0,$0,$0,$0,$0,$0,$0,$0,$0,$0,$0,$0,$0,$0,$0,$0,$0,$0,$0,$0,$0,$0,$0,$0,$0,$0,$0
16,2014-06-30,5.97,$0.00,0.0,$2.77,2.15,$0.63,9.46,$0.50,11.93,$3.31B,$3.92B,0.84,$3.19B,$5.78B,0.55,$8.31B,$4.86B,58.45%,$8.31B,$3.06B,36.80%,$8.31B,$3.06B,36.80%,$8.31B,$3.33B,40.10%,$8.31B,$2.10B,25.28%,$8.31B,$1.77B,21.32%,$1.77B,$5.78B,40.33%,$1.77B,$5.00B,47.03%,$1.77B,$14.71B,16.84%,$3.06B,$8.97B,45.07%,$2110,$840,$1271,$0,$416,$1347,$764,$-289,$493,$0,$493,$333,$333,$764,$764,$1256,1256,$0.26,$0.26,$1450,$17,$756,$3305,$0,$6531,$780,$917,$8843,$14708,$3920,$3189,$1817,$5006,$8926,$2828,$908,$0,$5782,$14708,$0,$0,$0,$0,$0,$0,$0,$0,$0,$0,$0,$0,$0,$0,$0,$0,$0,$0,$0,$0,$0,$0,$0,$0,$0,$0,$0,$0,$0
17,2014-03-31,4.81,$0.00,0.0,$2.28,2.11,$0.39,12.39,$0.45,10.6,$2.88B,$2.86B,1.01,$3.02B,$5.89B,0.51,$7.69B,$4.25B,55.22%,$7.69B,$2.50B,32.48%,$7.69B,$2.50B,32.48%,$7.69B,$2.86B,37.16%,$7.69B,$2.05B,26.67%,$7.69B,$1.71B,22.19%,$1.71B,$5.89B,38.34%,$1.71B,$5.10B,45.03%,$1.71B,$13.46B,16.27%,$2.50B,$8.90B,36.20%,$2019,$1126,$893,$0,$47,$1251,$768,$7,$776,$245,$530,$530,$530,$846,$768,$0,0,$0.00,$0.00,$836,$16,$768,$2880,$0,$5972,$789,$835,$8130,$13456,$2858,$3015,$1693,$4708,$7566,$2669,$534,$0,$5889,$13456,$530,$77,$0,$77,$0,$0,$0,$0,$0,$262,$-721,$0,$0,$0,$0,$0,$0,$-721,$0,$0,$-219,$0,$0,$0,$214,$-5,$-463,$0,$0
18,2013-12-31,4.22,$0.00,0.0,$3.90,1.08,$0.46,9.21,$0.84,5.04,$3.11B,$2.76B,1.13,$3.37B,$5.89B,0.57,$7.49B,$4.28B,57.18%,$7.49B,$2.32B,30.93%,$7.49B,$2.32B,30.93%,$7.49B,$2.70B,36.04%,$7.49B,$1.89B,25.24%,$7.49B,$1.60B,21.42%,$1.60B,$5.89B,35.36%,$1.60B,$4.96B,41.76%,$1.60B,$13.90B,14.60%,$2.32B,$9.26B,35.29%,$2624,$1132,$1492,$0,$903,$2199,$425,$218,$642,$80,$562,$562,$562,$557,$425,$0,0,$0.00,$0.00,$1463,$18,$613,$3108,$0,$5636,$934,$937,$8077,$13896,$2760,$3365,$1881,$5245,$8006,$2934,$1790,$0,$5891,$13896,$1447,$384,$0,$384,$0,$0,$0,$0,$-71,$1638,$-32,$0,$0,$0,$0,$412,$787,$1167,$0,$0,$-529,$0,$0,$-2144,$0,$-2673,$132,$0,$0
19,2013-09-30,4.46,$0.00,0.0,$6.07,0.73,$0.82,5.45,$1.73,2.58,$0.00B,$0.00B,1.27,$0.00B,$0.00B,0.54,$7.48B,$2.78B,37.13%,$7.48B,$1.97B,26.38%,$7.48B,$1.97B,26.38%,$7.48B,$2.39B,31.91%,$7.48B,$2.37B,31.72%,$7.48B,$2.12B,28.37%,$2.12B,$0.00B,46.02%,$2.12B,$0.00B,59.36%,$2.12B,$0.01B,16.64%,$1.97B,$0.00B,28.34%,$1553,$354,$1199,$0,$63,$453,$1100,$-39,$189,$37,$151,$346,$346,$1164,$1100,$1421,1421,$0.24,$0.24,$1,$0,$0,$1,$0,$2,$0,$0,$3,$6,$1,$1,$1,$2,$3,$1,$1,$0,$3,$6,$995,$251,$0,$251,$0,$0,$0,$0,$0,$1162,$-267,$0,$0,$0,$0,$-207,$1080,$606,$0,$0,$-398,$0,$0,$-1287,$0,$-1685,$84,$0,$0
20,2013-06-30,4.63,$0.00,0.0,$4.98,0.93,$0.19,24.59,$1.49,3.11,$3.64B,$3.03B,1.2,$3.42B,$6.03B,0.57,$8.31B,$2.90B,34.86%,$8.31B,$1.50B,18.04%,$8.31B,$1.50B,18.04%,$8.31B,$1.95B,23.51%,$8.31B,$2.82B,33.93%,$8.31B,$2.24B,26.96%,$2.24B,$6.03B,35.43%,$2.24B,$5.10B,47.51%,$2.24B,$14.61B,12.72%,$1.50B,$9.45B,15.19%,$1497,$833,$664,$0,$369,$1291,$206,$66,$445,$145,$300,$269,$269,$292,$206,$1261,1261,$0.21,$0.21,$2083,$19,$537,$3638,$0,$5625,$923,$950,$8081,$14609,$3026,$3420,$2136,$5555,$8582,$2338,$750,$0,$6027,$14609,$720,$188,$0,$188,$0,$0,$0,$0,$0,$942,$-1247,$0,$0,$0,$0,$657,$1198,$607,$0,$0,$-383,$0,$0,$-1306,$0,$-1689,$-140,$0,$0
21,2013-03-31,5.86,$0.00,0.0,$5.87,1.0,$0.75,7.77,$1.56,3.75,$3.50B,$5.30B,0.66,$1.33B,$6.22B,0.21,$9.07B,$3.24B,35.73%,$9.07B,$1.98B,21.78%,$9.07B,$1.98B,21.78%,$9.07B,$2.46B,27.08%,$9.07B,$2.83B,31.17%,$9.07B,$2.28B,25.14%,$2.28B,$6.22B,35.27%,$2.28B,$5.30B,50.89%,$2.28B,$15.44B,12.16%,$1.98B,$7.55B,19.70%,$1815,$889,$927,$0,$248,$1231,$585,$1,$614,$180,$434,$427,$427,$686,$585,$1120,1120,$0.38,$0.38,$1337,$20,$1096,$3504,$0,$3552,$923,$3812,$8914,$15443,$5297,$1325,$2597,$3922,$9219,$2138,$448,$0,$6223,$15443,$434,$102,$0,$102,$0,$0,$0,$0,$0,$187,$-110,$0,$0,$0,$0,$1236,$0,$1126,$0,$0,$-284,$0,$0,$-968,$0,$-1252,$61,$0,$0
22,2012-12-31,5.37,$0.00,0.0,$4.25,1.26,$0.69,7.84,$1.18,4.55,$6.17B,$7.37B,0.84,$4.67B,$6.20B,0.75,$9.61B,$3.23B,33.66%,$9.61B,$2.07B,21.58%,$9.61B,$2.07B,21.58%,$9.61B,$2.59B,26.94%,$9.61B,$2.75B,28.59%,$9.61B,$2.21B,23.02%,$2.21B,$6.20B,33.19%,$2.21B,$3.90B,52.38%,$2.21B,$20.99B,10.91%,$2.07B,$10.87B,18.18%,$2619,$2631,$-11,$0,$144,$2536,$83,$1148,$1126,$57,$1069,$1081,$1081,$246,$83,$1205,1205,$0.89,$0.89,$2082,$35,$2577,$6172,$0,$116,$2303,$7115,$10281,$20989,$7365,$4666,$2758,$7424,$14789,$2196,$1470,$0,$6200,$20989,$2199,$515,$0,$515,$0,$0,$0,$0,$282,$1603,$-1168,$0,$0,$0,$0,$-684,$0,$-1081,$0,$0,$-3520,$0,$3704,$-899,$0,$-716,$-194,$0,$0
23,2012-09-30,4.94,$0.00,0.0,$4.28,1.15,$2.10,2.35,$0.64,7.67,$4.93B,$5.45B,0.91,$4.79B,$6.84B,0.7,$9.20B,$3.78B,41.06%,$9.20B,$2.21B,24.07%,$9.20B,$2.21B,24.07%,$9.20B,$2.57B,27.89%,$9.20B,$2.08B,22.63%,$9.20B,$1.49B,16.22%,$1.49B,$6.84B,21.69%,$1.49B,$4.56B,35.33%,$1.49B,$19.38B,7.23%,$2.21B,$11.62B,19.01%,$2377,$1060,$1316,$0,$578,$1752,$625,$9,$634,$171,$463,$463,$463,$729,$625,$0,0,$0.00,$0.00,$2312,$40,$1299,$4926,$0,$75,$2280,$7184,$10130,$19380,$5446,$4785,$2313,$7098,$12544,$2107,$1163,$0,$6836,$19380,$1340,$352,$0,$352,$0,$0,$0,$0,$125,$1620,$-919,$0,$163,$0,$0,$-1027,$0,$-1784,$0,$0,$-1662,$0,$0,$0,$1666,$4,$-160,$0,$0
24,2012-06-30,7.51,$0.00,0.0,$4.28,1.75,$2.10,3.57,$0.64,11.66,$4.39B,$6.67B,0.66,$3.48B,$6.61B,0.53,$9.32B,$3.24B,34.77%,$9.32B,$2.37B,25.41%,$9.32B,$2.37B,25.41%,$9.32B,$2.62B,28.07%,$9.32B,$2.05B,21.94%,$9.32B,$1.43B,15.39%,$1.43B,$6.61B,19.94%,$1.43B,$4.17B,33.97%,$1.43B,$19.25B,6.68%,$2.37B,$10.09B,19.19%,$2262,$1253,$1010,$0,$201,$1579,$683,$-230,$454,$144,$310,$310,$310,$796,$683,$1088,1088,$0.29,$0.29,$1635,$34,$1417,$4390,$0,$100,$2437,$7163,$10397,$19248,$6665,$3481,$2493,$5974,$12638,$2186,$1206,$0,$6610,$19248,$633,$248,$0,$248,$0,$0,$0,$0,$0,$894,$-542,$0,$0,$0,$0,$-339,$0,$-880,$0,$0,$-1570,$0,$0,$0,$1286,$-284,$-270,$0,$0
25,2012-03-31,8.6,$0.00,0.0,$2.20,3.91,$1.78,4.84,$0.36,23.96,$4.80B,$5.33B,0.9,$6.02B,$7.01B,0.86,$9.45B,$2.88B,30.47%,$9.45B,$2.34B,24.71%,$9.45B,$2.34B,24.71%,$9.45B,$2.62B,27.72%,$9.45B,$2.08B,22.02%,$9.45B,$1.45B,15.36%,$1.45B,$7.01B,19.37%,$1.45B,$4.27B,33.76%,$1.45B,$21.45B,6.54%,$2.34B,$13.04B,18.24%,$2350,$1431,$919,$0,$238,$1669,$682,$-149,$533,$175,$358,$358,$358,$817,$682,$0,0,$0.00,$0.00,$1726,$35,$1566,$4795,$0,$111,$2745,$7713,$11727,$21447,$5325,$6024,$3086,$9110,$14436,$1933,$1866,$0,$7011,$21447,$358,$135,$0,$135,$0,$0,$0,$0,$-58,$531,$0,$0,$0,$0,$0,$-399,$-271,$-670,$0,$0,$-1579,$0,$0,$0,$1363,$-216,$-355,$0,$0
26,2011-12-31,6.44,$0.00,0.0,$4.22,1.53,$1.96,3.28,$0.67,9.59,$5.13B,$7.31B,0.7,$4.78B,$7.06B,0.68,$9.14B,$3.16B,34.56%,$9.14B,$2.29B,25.07%,$9.14B,$2.29B,25.07%,$9.14B,$2.58B,28.24%,$9.14B,$2.02B,22.06%,$9.14B,$1.41B,15.43%,$1.41B,$7.06B,18.69%,$1.41B,$3.90B,32.44%,$1.41B,$22.44B,6.41%,$2.29B,$11.84B,17.91%,$2210,$1679,$532,$0,$447,$1986,$224,$-123,$461,$60,$401,$361,$361,$224,$224,$1005,1005,$0.36,$0.36,$1935,$32,$1625,$5125,$0,$106,$3160,$7623,$12113,$22440,$7309,$4781,$3295,$8076,$15385,$2050,$1978,$0,$7055,$22440,$1451,$564,$0,$564,$0,$0,$0,$0,$457,$2342,$-555,$0,$0,$0,$0,$-129,$-1729,$-2412,$0,$0,$1223,$0,$0,$-1222,$0,$1,$-71,$0,$0
27,2011-09-30,5.07,$0.00,0.0,$2.02,2.51,$0.18,27.8,$0.31,16.27,$6.07B,$5.08B,1.19,$6.29B,$8.09B,0.78,$9.17B,$2.01B,21.94%,$9.17B,$2.79B,30.46%,$9.17B,$2.79B,30.46%,$9.17B,$3.21B,35.04%,$9.17B,$2.33B,25.40%,$9.17B,$1.62B,17.72%,$1.62B,$8.09B,21.89%,$1.62B,$4.55B,37.55%,$1.62B,$22.79B,7.67%,$2.79B,$14.39B,21.40%,$2497,$1718,$779,$0,$0,$1718,$779,$-181,$597,$192,$405,$405,$405,$779,$779,$0,0,$0.00,$0.00,$2431,$33,$2038,$6069,$0,$4455,$3541,$2243,$11432,$22792,$5082,$6293,$3323,$9615,$14698,$2105,$2866,$0,$8094,$22792,$0,$0,$0,$0,$0,$0,$0,$0,$0,$0,$0,$0,$0,$0,$0,$0,$0,$0,$0,$0,$0,$0,$0,$0,$0,$0,$0,$0,$0
28,2011-06-30,7.05,$0.00,0.0,$3.50,2.02,$0.32,21.92,$0.57,12.45,$5.75B,$6.98B,0.82,$4.17B,$7.82B,0.53,$8.53B,$1.83B,21.43%,$8.53B,$2.61B,30.58%,$8.53B,$2.61B,30.58%,$8.53B,$3.03B,35.50%,$8.53B,$2.20B,25.74%,$8.53B,$1.54B,18.08%,$1.54B,$7.82B,21.87%,$1.54B,$4.49B,34.43%,$1.54B,$22.13B,7.70%,$2.61B,$11.98B,20.56%,$2397,$1746,$651,$0,$0,$1746,$651,$-161,$491,$163,$328,$328,$328,$801,$651,$0,0,$0.00,$0.00,$2354,$31,$1891,$5749,$0,$4430,$3326,$2206,$11144,$22134,$6978,$4165,$3173,$7339,$14317,$2141,$2474,$0,$7817,$22134,$658,$290,$0,$290,$0,$0,$0,$0,$0,$1111,$-682,$0,$0,$0,$0,$-247,$0,$-929,$0,$0,$-458,$0,$0,$0,$312,$-146,$36,$0,$0
29,2011-03-31,6.14,$0.00,0.0,$4.82,1.27,$0.32,19.09,$0.70,8.81,$5.28B,$4.75B,1.11,$5.75B,$7.22B,0.8,$7.80B,$2.84B,36.43%,$7.80B,$2.34B,29.99%,$7.80B,$2.34B,29.99%,$7.80B,$2.61B,33.45%,$7.80B,$1.99B,25.46%,$7.80B,$1.38B,17.68%,$1.38B,$7.22B,20.75%,$1.38B,$4.45B,30.36%,$1.38B,$20.62B,7.33%,$2.34B,$12.96B,18.34%,$2036,$839,$1197,$0,$420,$1399,$637,$-170,$467,$151,$316,$316,$316,$777,$637,$1008,1008,$0.31,$0.31,$2153,$26,$1654,$5279,$0,$14,$2769,$6489,$10357,$20623,$4752,$5747,$2909,$8656,$13408,$2051,$2071,$0,$7215,$20623,$316,$140,$0,$140,$0,$0,$0,$0,$-10,$285,$-101,$0,$0,$0,$0,$-317,$0,$-418,$0,$0,$-210,$0,$195,$0,$0,$-14,$-148,$0,$0
30,2010-12-31,5.29,$0.00,0.0,$4.10,1.29,$0.71,7.48,$0.57,9.2,$4.61B,$3.65B,1.26,$6.29B,$6.55B,0.96,$7.40B,$2.66B,36.00%,$7.40B,$2.14B,28.91%,$7.40B,$2.14B,28.91%,$7.40B,$2.38B,32.09%,$7.40B,$1.89B,25.57%,$7.40B,$1.30B,17.55%,$1.30B,$6.55B,20.49%,$1.30B,$3.81B,28.04%,$1.30B,$19.15B,7.28%,$2.14B,$12.84B,17.22%,$2236,$2852,$-616,$0,$-1236,$1511,$725,$-226,$773,$-0,$773,$575,$575,$855,$725,$0,0,$0.00,$0.00,$1885,$23,$1414,$4614,$0,$14,$2742,$6058,$9842,$19153,$3654,$6292,$2047,$8948,$12602,$1948,$1640,$0,$6551,$19153,$1289,$511,$0,$511,$0,$0,$0,$0,$195,$1973,$-198,$0,$0,$0,$0,$-184,$-2201,$-2583,$0,$0,$829,$0,$0,$0,$-1044,$-215,$-825,$0,$0
31,2010-09-30,4.87,$0.00,0.0,$5.60,0.87,$1.80,2.7,$0.77,6.33,$5.37B,$3.47B,1.55,$6.33B,$6.64B,0.95,$6.88B,$5.38B,78.21%,$6.88B,$2.49B,36.15%,$6.88B,$2.49B,36.15%,$6.88B,$2.67B,38.78%,$6.88B,$1.46B,21.18%,$6.88B,$0.95B,13.74%,$0.95B,$6.64B,15.70%,$0.95B,$5.18B,19.02%,$0.95B,$18.23B,5.67%,$2.49B,$12.97B,22.18%,$1863,$1267,$596,$0,$0,$1267,$596,$-95,$465,$117,$348,$324,$324,$596,$596,$1258,1258,$0.26,$0.26,$2398,$27,$1664,$5374,$0,$14,$1461,$2264,$3738,$18225,$3468,$6332,$1786,$8118,$11586,$1958,$2399,$0,$6639,$18225,$725,$382,$0,$382,$0,$0,$0,$0,$491,$1741,$-1566,$0,$0,$0,$0,$-256,$0,$-1822,$0,$214,$0,$0,$0,$-270,$-4,$-60,$-141,$0,$0
32,2010-06-30,4.36,$0.00,0.0,$5.63,0.77,$2.20,1.98,$0.80,5.43,$4.99B,$3.35B,1.49,$6.06B,$6.18B,0.98,$6.76B,$5.48B,81.07%,$6.76B,$2.50B,37.03%,$6.76B,$2.50B,37.03%,$6.76B,$2.80B,41.50%,$6.76B,$1.31B,19.45%,$6.76B,$0.95B,14.07%,$0.95B,$6.18B,16.36%,$0.95B,$4.74B,19.09%,$0.95B,$17.28B,6.04%,$2.50B,$12.25B,24.35%,$1664,$0,$1664,$0,$1284,$1284,$381,$-100,$281,$86,$195,$164,$164,$381,$381,$1258,1258,$0.13,$0.13,$2107,$25,$1615,$4992,$0,$13,$1446,$2122,$3581,$17282,$3350,$6063,$1687,$7750,$11100,$0,$2636,$0,$6182,$17282,$0,$0,$0,$0,$0,$0,$0,$0,$0,$0,$0,$0,$0,$0,$0,$0,$0,$0,$0,$0,$0,$0,$0,$0,$0,$0,$0,$0,$0
33,2010-03-31,4.6,$0.00,0.0,$5.42,0.85,$2.30,2.0,$0.88,5.23,$5.33B,$3.44B,1.55,$5.65B,$5.98B,0.94,$6.61B,$4.70B,70.99%,$6.61B,$2.64B,39.85%,$6.61B,$2.64B,39.85%,$6.61B,$3.03B,45.81%,$6.61B,$1.43B,21.68%,$6.61B,$1.07B,16.18%,$1.07B,$5.98B,19.46%,$1.07B,$4.81B,21.76%,$1.07B,$16.76B,7.36%,$2.64B,$11.63B,28.66%,$1637,$617,$1020,$0,$477,$1199,$437,$-50,$373,$119,$254,$236,$236,$543,$437,$1265,1265,$0.19,$0.19,$2506,$24,$1477,$5329,$0,$13,$1177,$2110,$3300,$16756,$3436,$5645,$1691,$7336,$10772,$1730,$2026,$0,$5984,$16756,$234,$106,$0,$106,$0,$0,$0,$0,$0,$718,$0,$0,$0,$0,$0,$-719,$0,$-719,$0,$41,$0,$0,$0,$0,$0,$41,$0,$0,$0
34,2009-12-31,4.99,$0.00,0.0,$5.91,0.85,$1.86,2.68,$0.85,5.86,$4.00B,$3.75B,1.07,$2.73B,$4.47B,0.61,$6.77B,$4.77B,70.54%,$6.77B,$3.22B,47.66%,$6.77B,$3.22B,47.66%,$6.77B,$3.59B,53.02%,$6.77B,$1.31B,19.35%,$6.77B,$1.00B,14.71%,$1.00B,$5.30B,19.68%,$1.00B,$5.17B,21.17%,$1.00B,$14.52B,7.61%,$3.22B,$8.03B,40.22%,$1719,$-383,$2103,$0,$750,$645,$1074,$-591,$339,$196,$143,$222,$222,$1149,$1074,$1145,1145,$0.20,$0.20,$1984,$0,$1029,$4004,$0,$1692,$128,$1447,$3467,$14518,$3754,$2727,$2629,$5466,$9220,$647,$2441,$0,$5298,$14518,$899,$361,$0,$361,$0,$0,$0,$0,$567,$1687,$-433,$0,$0,$0,$0,$-1024,$-159,$-1615,$0,$1372,$15,$0,$0,$-476,$0,$911,$984,$0,$0
35,2009-09-30,4.2,$0.00,0.0,$5.44,0.77,$1.73,2.43,$0.76,5.53,$4.61B,$3.37B,1.37,$3.42B,$5.78B,0.59,$6.24B,$4.42B,70.80%,$6.24B,$3.55B,56.89%,$6.24B,$3.55B,56.89%,$6.24B,$3.94B,63.11%,$6.24B,$0.82B,13.20%,$6.24B,$0.90B,14.35%,$0.90B,$5.78B,17.79%,$0.90B,$5.22B,19.17%,$0.90B,$14.46B,6.94%,$3.55B,$9.20B,44.08%,$1737,$1046,$691,$0,$81,$1127,$610,$-155,$321,$14,$307,$329,$329,$731,$610,$1150,1150,$0.29,$0.29,$1487,$19,$1915,$4609,$0,$621,$569,$2125,$3314,$14458,$3371,$3416,$1672,$5304,$8675,$1666,$1973,$0,$5784,$14458,$766,$287,$0,$287,$0,$0,$0,$0,$320,$1435,$-820,$0,$0,$0,$0,$-116,$-182,$-1119,$0,$0,$203,$0,$0,$0,$-258,$-55,$261,$0,$0
36,2009-06-30,3.72,$0.00,0.0,$5.69,0.65,$2.09,1.78,$0.69,5.39,$3.81B,$2.80B,1.36,$3.00B,$4.93B,0.61,$6.72B,$5.34B,79.46%,$6.72B,$4.16B,61.92%,$6.72B,$4.16B,61.92%,$6.72B,$4.53B,67.43%,$6.72B,$0.98B,14.64%,$6.72B,$0.84B,12.46%,$0.84B,$4.93B,16.43%,$0.84B,$4.48B,17.46%,$0.84B,$12.44B,6.40%,$4.16B,$7.93B,50.39%,$1521,$640,$881,$0,$282,$1006,$515,$-30,$401,$119,$282,$283,$283,$607,$515,$1366,1366,$0.21,$0.21,$1087,$18,$1626,$3809,$0,$554,$457,$1976,$3045,$12436,$2799,$3000,$1318,$4705,$7504,$1498,$3421,$0,$4932,$12436,$415,$166,$0,$166,$0,$0,$0,$0,$88,$631,$-492,$0,$0,$0,$0,$-81,$23,$-549,$0,$-99,$0,$0,$0,$0,$1,$-98,$-16,$0,$0
37,2009-03-31,3.08,$0.00,0.0,$6.59,0.47,$2.41,1.27,$0.78,3.95,$3.47B,$2.47B,1.41,$2.70B,$4.21B,0.64,$7.73B,$6.28B,81.28%,$7.73B,$5.12B,66.20%,$7.73B,$5.12B,66.20%,$7.73B,$5.51B,71.21%,$7.73B,$1.18B,15.31%,$7.73B,$0.93B,12.02%,$0.93B,$4.21B,17.50%,$0.93B,$3.94B,18.44%,$0.93B,$10.91B,6.84%,$5.12B,$6.91B,58.88%,$1788,$691,$1097,$0,$72,$763,$1025,$-16,$248,$82,$167,$161,$161,$1100,$1025,$1004,1004,$0.16,$0.16,$1174,$16,$1345,$3471,$0,$498,$262,$1866,$2626,$10908,$2471,$2704,$1369,$4231,$6702,$1077,$146,$0,$4206,$10908,$146,$74,$0,$74,$0,$0,$0,$0,$47,$277,$-146,$0,$0,$0,$0,$10,$10,$-127,$0,$0,$33,$0,$0,$0,$0,$33,$183,$0,$0
38,2008-12-31,2.86,$0.00,0.0,$6.76,0.42,$3.16,0.9,$0.84,3.39,$3.46B,$2.72B,1.27,$2.96B,$4.48B,0.66,$8.37B,$6.66B,79.58%,$8.37B,$5.45B,65.06%,$8.37B,$5.45B,65.06%,$8.37B,$5.88B,70.17%,$8.37B,$1.40B,16.68%,$8.37B,$1.05B,12.54%,$1.05B,$5.20B,18.97%,$1.05B,$5.04B,19.98%,$1.05B,$13.80B,7.28%,$5.45B,$8.16B,59.26%,$1191,$-556,$1747,$0,$127,$-207,$1398,$-986,$-147,$-76,$-71,$122,$122,$1498,$1398,$1153,1153,$0.10,$0.10,$1097,$15,$1401,$3462,$0,$670,$155,$1439,$2691,$13803,$2723,$2960,$2839,$5881,$8605,$558,$2554,$0,$5198,$13803,$976,$428,$0,$428,$0,$0,$0,$0,$361,$1649,$-541,$0,$0,$0,$0,$-123,$-50,$-713,$0,$98,$-449,$0,$0,$-482,$0,$-833,$103,$0,$0
39,2008-09-30,4.11,$0.00,0.0,$7.58,0.54,$2.92,1.41,$0.86,4.76,$5.33B,$3.19B,1.67,$3.98B,$6.07B,0.66,$9.46B,$7.33B,77.48%,$9.46B,$5.73B,60.54%,$9.46B,$5.73B,60.54%,$9.46B,$6.20B,65.56%,$9.46B,$1.61B,17.06%,$9.46B,$1.08B,11.40%,$1.08B,$6.07B,20.35%,$1.08B,$5.73B,21.33%,$1.08B,$15.21B,7.64%,$5.73B,$10.05B,63.81%,$2223,$606,$1617,$0,$289,$998,$1225,$-187,$482,$142,$340,$272,$272,$1328,$1225,$1259,1260,$0.22,$0.22,$1822,$19,$2309,$5334,$0,$678,$335,$2399,$3453,$15206,$3194,$3977,$1558,$5943,$9137,$1501,$4551,$0,$6069,$15206,$972,$328,$0,$328,$0,$0,$0,$0,$129,$1639,$-513,$0,$0,$0,$0,$-38,$27,$-524,$0,$-424,$0,$0,$0,$0,$-118,$-542,$572,$0,$0
40,2008-06-30,5.11,$0.00,0.0,$7.63,0.67,$3.05,1.68,$0.89,5.76,$4.61B,$2.82B,1.64,$3.90B,$5.76B,0.68,$9.48B,$7.39B,77.94%,$9.48B,$5.86B,61.77%,$9.48B,$5.86B,61.77%,$9.48B,$6.34B,66.90%,$9.48B,$1.57B,16.56%,$9.48B,$1.10B,11.64%,$1.10B,$5.76B,22.29%,$1.10B,$5.43B,23.20%,$1.10B,$14.43B,8.10%,$5.86B,$9.66B,69.35%,$2529,$707,$1823,$0,$249,$1059,$1470,$71,$601,$196,$405,$374,$374,$1579,$1470,$1259,1259,$0.30,$0.30,$1211,$16,$2150,$4614,$0,$670,$327,$2440,$3479,$14426,$2815,$3898,$1495,$5855,$8670,$1501,$3558,$0,$5757,$14426,$659,$225,$0,$225,$0,$0,$0,$0,$-217,$834,$-294,$0,$0,$0,$0,$-28,$10,$-313,$0,$-400,$0,$0,$0,$0,$-160,$-560,$-39,$0,$0
41,2008-03-31,3.54,$0.00,0.0,$6.58,0.54,$3.21,1.1,$0.78,4.53,$4.56B,$3.15B,1.45,$3.80B,$5.12B,0.74,$8.14B,$6.23B,76.50%,$8.14B,$4.74B,58.23%,$8.14B,$4.74B,58.23%,$8.14B,$5.22B,64.17%,$8.14B,$1.36B,16.67%,$8.14B,$0.97B,11.87%,$0.97B,$5.12B,21.09%,$0.97B,$4.81B,21.88%,$0.97B,$14.25B,7.37%,$4.74B,$8.91B,60.08%,$2431,$954,$1477,$0,$122,$1076,$1355,$-49,$461,$159,$302,$282,$282,$1471,$1355,$1242,1243,$0.23,$0.23,$1416,$21,$1936,$4561,$0,$621,$308,$2666,$3637,$14246,$3154,$3799,$1713,$5977,$9131,$1401,$3699,$0,$5115,$14246,$282,$116,$0,$116,$0,$0,$0,$0,$-138,$1154,$-62,$0,$0,$0,$0,$-7,$-18,$-87,$0,$-66,$0,$0,$0,$0,$12,$-54,$226,$0,$0
42,2007-12-31,3.62,$0.00,0.0,$7.06,0.51,$2.81,1.29,$0.82,4.4,$3.06B,$2.33B,1.32,$3.03B,$3.59B,0.84,$7.46B,$6.06B,81.26%,$7.46B,$4.40B,58.98%,$7.46B,$4.40B,58.98%,$7.46B,$4.85B,65.06%,$7.46B,$1.19B,15.94%,$7.46B,$0.88B,11.76%,$0.88B,$4.24B,20.67%,$0.88B,$4.24B,21.11%,$0.88B,$12.57B,7.08%,$4.40B,$7.27B,59.50%,$2274,$-136,$2410,$0,$576,$599,$1675,$-373,$69,$18,$51,$150,$150,$1822,$1675,$1227,1227,$0.12,$0.12,$921,$18,$1019,$3062,$0,$448,$0,$1259,$2365,$12566,$2329,$3030,$1603,$5994,$8323,$506,$1974,$0,$4244,$12566,$835,$453,$0,$453,$0,$0,$0,$0,$438,$1463,$-578,$0,$0,$0,$0,$-13,$17,$-575,$0,$430,$-281,$0,$0,$-688,$0,$-540,$349,$0,$0
43,2007-09-30,4.18,$0.00,0.0,$5.21,0.8,$2.09,2.0,$0.70,5.97,$4.58B,$3.52B,1.3,$3.24B,$4.70B,0.69,$5.97B,$4.67B,78.33%,$5.97B,$3.50B,58.68%,$5.97B,$3.50B,58.68%,$5.97B,$3.96B,66.36%,$5.97B,$0.95B,15.96%,$5.97B,$0.54B,9.07%,$0.54B,$4.70B,13.05%,$0.54B,$4.55B,13.33%,$0.54B,$13.31B,4.52%,$3.50B,$7.94B,48.55%,$2248,$569,$1680,$0,$215,$892,$1357,$-81,$439,$146,$293,$298,$298,$1471,$1357,$1240,1240,$0.24,$0.24,$1261,$19,$1961,$4581,$0,$556,$149,$2415,$3173,$13305,$3516,$3242,$1638,$5090,$8606,$1271,$768,$0,$4700,$13305,$768,$306,$0,$306,$0,$0,$0,$0,$-76,$1260,$0,$0,$0,$0,$0,$-490,$76,$-414,$0,$0,$51,$0,$0,$0,$-356,$-305,$542,$0,$0
44,2007-06-30,4.14,$0.00,0.0,$3.40,1.22,$1.07,3.86,$0.46,8.98,$3.75B,$3.09B,1.21,$3.16B,$4.26B,0.74,$4.92B,$3.64B,73.92%,$4.92B,$2.52B,51.29%,$4.92B,$2.52B,51.29%,$4.92B,$2.95B,59.95%,$4.92B,$0.81B,16.53%,$4.92B,$0.45B,9.15%,$0.45B,$4.26B,11.51%,$0.45B,$4.06B,11.66%,$0.45B,$12.31B,3.93%,$2.52B,$7.42B,37.05%,$1186,$527,$659,$0,$205,$834,$352,$-83,$388,$92,$296,$236,$236,$459,$352,$1234,1234,$0.19,$0.19,$828,$18,$1857,$3745,$0,$523,$251,$2516,$3337,$12313,$3093,$3158,$1528,$4912,$8005,$1228,$466,$0,$4263,$12313,$466,$191,$0,$191,$0,$0,$0,$0,$-78,$728,$0,$0,$0,$0,$0,$-315,$71,$-243,$0,$0,$-8,$0,$0,$0,$-343,$-351,$133,$0,$0
45,2007-03-31,2.88,$0.00,0.0,$2.44,1.18,$0.48,5.99,$0.27,10.63,$3.46B,$2.95B,1.17,$3.17B,$3.77B,0.84,$4.71B,$3.51B,74.59%,$4.71B,$2.38B,50.49%,$4.71B,$2.38B,50.49%,$4.71B,$2.69B,57.03%,$4.71B,$0.61B,12.91%,$4.71B,$0.36B,7.73%,$0.36B,$3.77B,9.77%,$0.36B,$3.77B,9.67%,$0.36B,$11.39B,3.39%,$2.38B,$6.94B,37.29%,$1750,$439,$1311,$0,$211,$735,$1015,$-82,$293,$97,$195,$193,$193,$1100,$1015,$719,719,$0.27,$0.27,$894,$17,$1386,$3458,$0,$487,$0,$2260,$2794,$11388,$2945,$3170,$1458,$4677,$7622,$770,$874,$0,$3765,$11388,$193,$85,$0,$85,$0,$0,$0,$0,$-70,$346,$0,$0,$0,$0,$0,$-138,$31,$-106,$0,$0,$1,$0,$0,$0,$0,$2,$241,$0,$0
46,2006-12-31,2.85,$0.00,0.0,0,0.0,0,0.0,0,0.0,$2.24B,$2.02B,1.11,$2.69B,$3.49B,0.77,$3.98B,$2.73B,68.64%,$3.98B,$1.66B,41.65%,$3.98B,$1.66B,41.65%,$3.98B,$2.03B,51.04%,$3.98B,$0.55B,13.86%,$3.98B,$0.32B,8.13%,$0.32B,$3.86B,8.89%,$0.32B,$3.86B,8.80%,$0.32B,$10.83B,3.18%,$1.66B,$6.55B,27.48%,$782,$-241,$1023,$0,$93,$6,$777,$-944,$-168,$20,$-187,$-186,$-186,$929,$777,$0,0,$0.00,$0.00,$511,$13,$933,$2237,$0,$241,$0,$1212,$2291,$10828,$2024,$2689,$1126,$4945,$6969,$288,$2020,$0,$3859,$10828,$324,$373,$0,$373,$0,$0,$0,$0,$-240,$1054,$-612,$0,$0,$0,$0,$-262,$-88,$-962,$0,$553,$199,$0,$0,$-955,$0,$-203,$-111,$0,$0
