,Date,Stock Price,Book Value per Share,Price to Book Ratio,TTM Sales per Share,Price to Sales Ratio,TTM FCF per Share,Price to FCF Ratio,TTM Net EPS,PE Ratio,Current Assets,Current Liabilities,Current Ratio,Long Term Debt,Shareholder's Equity_x,Debt to Equity Ratio,TTM Revenue_x,TTM Gross Profit,Gross Margin,TTM Revenue_y,TTM Operating Income,Operating Margin,TTM Revenue_x,TTM EBIT,EBIT Margin,TTM Revenue_y,TTM EBITDA,EBITDA Margin,TTM Revenue_x,TTM Pre-Tax Income,Pre-Tax Margin,TTM Revenue_y,TTM Net Income_x,Net Margin,TTM Net Income_y,Shareholder's Equity_y,Return on Equity,TTM Net Income_x,Tangible Equity,Return on Tangible Equity,TTM Net Income_y,Total Assets,Return on Assets,TTM Net Income,LT Investments & Debt,Return on Investment,revenue,cost-goods-sold,gross-profit,research-development-expenses,selling-general-administrative-expenses,operating-expenses,operating-income,total-non-operating-income-expense,pre-tax-income,total-provision-income-taxes,income-after-taxes,income-from-continuous-operations,net-income,ebitda,ebit,basic-shares-outstanding,shares-outstanding,eps-basic-net-earnings-per-share,eps-earnings-per-share-diluted,cash-on-hand,inventory,other-current-assets,total-current-assets,net-property-plant-equipment,long-term-investments,goodwill-intangible-assets-total,other-long-term-assets,total-long-term-assets,total-assets,total-current-liabilities,long-term-debt,other-non-current-liabilities,total-long-term-liabilities,total-liabilities,common-stock-net,retained-earnings-accumulated-deficit,comprehensive-income,total-share-holder-equity,total-liabilities-share-holders-equity,net-income-loss,total-depreciation-amortization-cash-flow,other-non-cash-items,total-non-cash-items,change-in-accounts-receivable,change-in-inventories,change-in-accounts-payable,change-in-assets-liabilities,total-change-in-assets-liabilities,cash-flow-from-operating-activities,net-change-in-property-plant-equipment,net-change-in-intangible-assets,net-acquisitions-divestitures,net-change-in-short-term-investments,net-change-in-long-term-investments,net-change-in-investments-total,investing-activities-other,cash-flow-from-investing-activities,net-long-term-debt,net-current-debt,debt-issuance-retirement-net-total,net-common-equity-issued-repurchased,net-total-equity-issued-repurchased,total-common-preferred-stock-dividends-paid,financial-activities-other,cash-flow-from-financial-activities,net-cash-flow,stock-based-compensation,common-stock-dividends-paid
0,2018-09-30,18.13,$20.93,0.87,$6.53,2.78,$7.89,2.3,$3.11,5.83,$0.24B,$11.27B,0.02,$9.00B,$3.91B,2.3,$1.23B,$1.23B,100.00%,$1.23B,$0.77B,62.51%,$1.23B,$0.77B,62.51%,$1.23B,$0.77B,63.08%,$1.23B,$0.62B,50.69%,$1.23B,$0.58B,47.60%,$0.58B,$3.91B,15.71%,$0.58B,$3.91B,15.71%,$0.58B,$25.18B,2.57%,$0.77B,$12.91B,5.84%,$322,$0,$322,$0,$14,$115,$207,$-50,$157,$0,$157,$157,$147,$214,$207,$187,188,$0.79,$0.79,$121,$0,$0,$236,$0,$0,$0,$24944,$24944,$25180,$11272,$8995,$1000,$9995,$21267,$2,$-787,$628,$3913,$25180,$514,$14,$-104,$-90,$-14,$0,$0,$25,$65,$490,$0,$0,$0,$0,$-3724,$-3724,$0,$-3724,$-530,$3894,$3364,$-15,$237,$-309,$0,$3291,$57,$0,$-281
1,2018-06-30,18.28,$19.52,0.94,$6.39,2.86,$6.92,2.64,$3.01,6.07,$0.20B,$9.21B,0.02,$9.52B,$3.65B,2.61,$1.20B,$1.20B,100.00%,$1.20B,$0.71B,58.74%,$1.20B,$0.71B,58.74%,$1.20B,$0.70B,57.90%,$1.20B,$0.60B,50.25%,$1.20B,$0.57B,47.17%,$0.57B,$3.65B,15.53%,$0.57B,$3.65B,15.53%,$0.57B,$23.26B,2.61%,$0.71B,$13.17B,5.31%,$306,$0,$306,$0,$15,$151,$155,$-37,$118,$0,$118,$118,$109,$159,$155,$187,187,$0.58,$0.58,$91,$0,$0,$198,$0,$0,$0,$23065,$23065,$23263,$9212,$9520,$880,$10400,$19613,$2,$-840,$672,$3650,$23263,$357,$7,$-81,$-75,$-6,$0,$0,$24,$24,$306,$0,$0,$0,$0,$-1892,$-1892,$0,$-1892,$-43,$1878,$1834,$-15,$-15,$-206,$0,$1613,$27,$0,$-187
2,2018-03-31,16.95,$19.63,0.86,$6.29,2.69,$6.26,2.71,$2.99,5.67,$0.20B,$7.28B,0.03,$9.52B,$3.67B,2.59,$1.19B,$1.19B,100.00%,$1.19B,$0.67B,56.37%,$1.19B,$0.67B,56.37%,$1.19B,$0.66B,55.95%,$1.19B,$0.60B,50.72%,$1.19B,$0.56B,47.59%,$0.56B,$3.67B,15.53%,$0.56B,$3.67B,15.53%,$0.56B,$21.33B,2.67%,$0.67B,$13.19B,5.01%,$297,$0,$297,$0,$14,$69,$228,$11,$239,$0,$239,$239,$230,$231,$228,$188,188,$1.22,$1.22,$101,$0,$0,$199,$0,$0,$0,$21131,$21131,$21331,$7282,$9516,$862,$10378,$17660,$2,$-855,$709,$3671,$21331,$239,$3,$-58,$-55,$2,$0,$0,$13,$15,$198,$0,$0,$0,$0,$63,$63,$0,$63,$-60,$-46,$-106,$-15,$-15,$-103,$0,$-225,$37,$0,$-94
3,2017-12-31,17.49,$19.35,0.9,$6.05,2.89,$5.53,3.16,$2.61,6.7,$0.16B,$7.33B,0.02,$9.59B,$3.64B,2.64,$1.14B,$1.14B,100.00%,$1.14B,$0.57B,49.60%,$1.14B,$0.57B,49.60%,$1.14B,$0.55B,48.46%,$1.14B,$0.53B,46.09%,$1.14B,$0.49B,43.20%,$0.49B,$3.64B,13.70%,$0.49B,$3.64B,13.70%,$0.49B,$21.22B,2.35%,$0.57B,$13.23B,4.20%,$302,$0,$302,$0,$12,$125,$177,$-69,$108,$-0,$108,$108,$98,$170,$177,$188,188,$0.53,$0.52,$64,$0,$0,$164,$0,$0,$0,$21058,$21058,$21222,$7330,$9594,$663,$10258,$17587,$2,$-991,$797,$3635,$21222,$525,$-12,$-36,$-48,$-21,$0,$0,$18,$11,$487,$0,$0,$0,$0,$-3933,$-3933,$-398,$-4331,$2177,$1650,$3827,$0,$314,$-412,$0,$3730,$-114,$0,$-376
4,2017-09-30,17.44,$19.42,0.9,$5.83,2.99,$5.88,2.96,$3.26,5.35,$0.15B,$6.80B,0.02,$9.92B,$3.65B,2.72,$1.10B,$1.10B,100.00%,$1.10B,$0.65B,58.74%,$1.10B,$0.65B,58.74%,$1.10B,$0.64B,58.38%,$1.10B,$0.64B,58.20%,$1.10B,$0.61B,55.83%,$0.61B,$3.65B,17.69%,$0.61B,$3.65B,17.69%,$0.61B,$21.19B,3.10%,$0.65B,$13.56B,5.06%,$297,$0,$297,$0,$12,$151,$146,$-6,$139,$0,$139,$139,$130,$136,$146,$188,188,$0.69,$0.69,$38,$0,$0,$149,$0,$0,$0,$21039,$21039,$21187,$6795,$9916,$829,$10746,$17541,$2,$-995,$813,$3646,$21187,$417,$-5,$-98,$-103,$-20,$0,$0,$-5,$-5,$309,$0,$0,$0,$0,$-4055,$-4055,$0,$-4055,$2491,$1109,$3600,$0,$314,$-308,$0,$3606,$-140,$0,$-282
5,2017-06-30,16.73,$19.05,0.88,$5.59,2.99,$5.64,2.96,$3.49,4.79,$0.27B,$6.32B,0.04,$9.78B,$3.58B,2.73,$1.05B,$1.05B,100.00%,$1.05B,$0.66B,62.45%,$1.05B,$0.66B,62.45%,$1.05B,$0.65B,62.17%,$1.05B,$0.67B,63.97%,$1.05B,$0.66B,62.36%,$0.66B,$3.58B,19.80%,$0.66B,$3.58B,19.80%,$0.66B,$20.82B,3.49%,$0.66B,$13.35B,5.48%,$289,$0,$289,$0,$12,$172,$117,$-1,$115,$0,$115,$115,$106,$126,$117,$188,188,$0.56,$0.56,$169,$0,$0,$267,$0,$0,$0,$20552,$20552,$20818,$6322,$9776,$1143,$10919,$17242,$2,$-1030,$780,$3577,$20818,$278,$4,$-76,$-72,$-18,$0,$0,$-7,$-23,$183,$0,$0,$0,$0,$-3343,$-3343,$0,$-3343,$2388,$653,$3041,$0,$314,$-205,$0,$3150,$-9,$0,$-188
6,2017-03-31,17.66,$18.70,0.94,$5.23,3.37,$5.28,3.35,$3.32,5.32,$0.18B,$6.23B,0.03,$10.11B,$3.51B,2.88,$0.98B,$0.98B,100.00%,$0.98B,$0.62B,62.91%,$0.98B,$0.62B,62.91%,$0.98B,$0.61B,61.89%,$0.98B,$0.63B,64.23%,$0.98B,$0.62B,63.41%,$0.62B,$3.51B,19.75%,$0.62B,$3.51B,19.75%,$0.62B,$20.43B,3.47%,$0.62B,$13.62B,5.44%,$251,$0,$251,$0,$12,$126,$125,$38,$163,$0,$163,$163,$158,$120,$125,$188,188,$0.84,$0.84,$83,$0,$0,$182,$0,$0,$0,$20244,$20244,$20427,$6231,$10111,$572,$10683,$16915,$2,$-1042,$728,$3512,$20427,$163,$-5,$-58,$-63,$-20,$0,$0,$-30,$-39,$61,$0,$0,$0,$0,$-3717,$-3717,$0,$-3717,$3095,$250,$3345,$0,$314,$-99,$0,$3560,$-95,$0,$-94
7,2016-12-31,14.53,$16.64,0.87,$4.97,2.92,$5.53,2.63,$2.92,4.98,$0.26B,$5.67B,0.05,$7.28B,$3.12B,2.33,$0.93B,$0.93B,100.00%,$0.93B,$0.49B,52.03%,$0.93B,$0.49B,52.03%,$0.93B,$0.49B,52.68%,$0.93B,$0.55B,59.10%,$0.93B,$0.55B,58.78%,$0.55B,$3.12B,18.24%,$0.55B,$3.12B,18.24%,$0.55B,$16.69B,3.29%,$0.49B,$10.40B,4.99%,$261,$0,$261,$0,$12,$3,$257,$-35,$222,$0,$222,$222,$219,$259,$257,$188,188,$1.18,$1.17,$178,$0,$0,$257,$0,$0,$0,$16428,$16428,$16685,$5666,$7275,$620,$7895,$13561,$2,$-1105,$718,$3124,$16685,$552,$5,$-11,$-6,$-13,$0,$0,$4,$7,$553,$0,$0,$0,$0,$-1271,$-1271,$0,$-1271,$2934,$-1838,$1096,$0,$140,$-454,$0,$781,$64,$0,$-454
8,2016-09-30,13.23,$16.18,0.82,$4.59,2.88,$4.57,2.89,$2.36,5.6,$0.24B,$5.88B,0.04,$7.57B,$3.04B,2.49,$0.88B,$0.88B,100.00%,$0.88B,$0.40B,45.94%,$0.88B,$0.40B,45.94%,$0.88B,$0.42B,47.89%,$0.88B,$0.45B,50.86%,$0.88B,$0.45B,50.86%,$0.45B,$3.04B,15.01%,$0.45B,$3.04B,15.01%,$0.45B,$17.17B,2.72%,$0.40B,$10.61B,4.57%,$251,$0,$251,$0,$11,$93,$158,$15,$173,$0,$173,$173,$173,$149,$158,$188,188,$0.92,$0.92,$157,$0,$0,$241,$0,$0,$0,$16928,$16928,$17169,$5883,$7572,$677,$8249,$14132,$2,$-1231,$898,$3037,$17169,$330,$3,$-31,$-27,$-18,$0,$0,$-37,$-39,$264,$0,$0,$0,$0,$-1495,$-1495,$0,$-1495,$3260,$-1622,$1638,$0,$0,$-364,$0,$1274,$43,$0,$-364
9,2016-06-30,12.65,$15.78,0.8,$4.33,2.92,$4.45,2.84,$1.20,10.54,$0.18B,$5.93B,0.03,$7.96B,$2.96B,2.69,$0.84B,$0.84B,100.00%,$0.84B,$0.28B,33.37%,$0.84B,$0.28B,33.37%,$0.84B,$0.32B,38.28%,$0.84B,$0.22B,26.79%,$0.84B,$0.22B,26.79%,$0.22B,$2.96B,7.50%,$0.22B,$2.96B,7.50%,$0.22B,$17.59B,1.40%,$0.28B,$10.92B,3.43%,$221,$0,$221,$0,$11,$142,$79,$-5,$74,$0,$74,$74,$74,$81,$79,$188,188,$0.39,$0.39,$67,$0,$0,$177,$0,$0,$0,$17413,$17413,$17590,$5927,$7959,$742,$8700,$14627,$2,$-1313,$907,$2963,$17590,$157,$13,$-11,$2,$-43,$0,$0,$-35,$-45,$114,$0,$0,$0,$0,$-1986,$-1986,$0,$-1986,$3682,$-1583,$2099,$0,$0,$-274,$0,$1825,$-47,$0,$-274
10,2016-03-31,10.61,$15.52,0.68,$4.20,2.53,$4.78,2.22,$1.38,7.69,$0.26B,$7.60B,0.03,$4.11B,$2.91B,1.41,$0.83B,$0.83B,100.00%,$0.83B,$0.37B,44.52%,$0.83B,$0.37B,44.52%,$0.83B,$0.41B,49.82%,$0.83B,$0.27B,32.01%,$0.83B,$0.27B,32.01%,$0.27B,$2.91B,8.57%,$0.27B,$2.91B,8.57%,$0.27B,$15.31B,1.71%,$0.37B,$7.02B,4.94%,$201,$0,$201,$0,$10,$209,$-8,$91,$83,$0,$83,$83,$83,$3,$-8,$188,188,$0.44,$0.44,$190,$0,$0,$256,$0,$0,$0,$15051,$15051,$15307,$7597,$4109,$687,$4796,$12393,$2,$-1297,$842,$2914,$15307,$83,$11,$1,$11,$1,$0,$0,$9,$13,$108,$0,$0,$0,$0,$181,$181,$0,$181,$-134,$106,$-28,$0,$0,$-184,$0,$-212,$76,$0,$-184
11,2015-12-31,9.92,$15.70,0.63,$4.31,2.3,$4.37,2.27,$1.27,7.81,$0.18B,$8.02B,0.02,$3.72B,$2.95B,1.26,$0.87B,$0.87B,100.00%,$0.87B,$0.44B,50.29%,$0.87B,$0.44B,50.29%,$0.87B,$0.46B,52.69%,$0.87B,$0.25B,28.64%,$0.87B,$0.25B,28.64%,$0.25B,$2.95B,7.68%,$0.25B,$2.95B,7.68%,$0.25B,$15.35B,1.55%,$0.44B,$6.67B,5.61%,$202,$0,$202,$0,$9,$29,$173,$-57,$115,$0,$115,$115,$115,$186,$173,$200,200,$0.59,$0.59,$114,$0,$0,$180,$0,$0,$0,$15164,$15164,$15345,$8018,$3720,$660,$4381,$12398,$2,$-1196,$774,$2946,$15345,$250,$21,$159,$180,$5,$0,$0,$-53,$-34,$396,$0,$0,$0,$0,$2145,$2145,$-107,$2038,$-838,$-1016,$-1854,$-250,$-250,$-381,$0,$-2485,$-51,$0,$-381
12,2015-09-30,9.4,$16.38,0.57,$4.48,2.1,$3.27,2.87,$0.71,13.24,$0.17B,$7.20B,0.02,$4.79B,$3.12B,1.54,$0.91B,$0.91B,100.00%,$0.91B,$0.30B,32.75%,$0.91B,$0.30B,32.75%,$0.91B,$0.29B,31.54%,$0.91B,$0.14B,15.44%,$0.91B,$0.14B,15.44%,$0.14B,$3.12B,4.12%,$0.14B,$3.12B,4.12%,$0.14B,$15.94B,0.83%,$0.30B,$7.91B,3.59%,$212,$0,$212,$0,$17,$177,$35,$-83,$-48,$0,$-48,$-48,$-48,$50,$35,$198,198,$-0.24,$-0.24,$40,$0,$0,$168,$0,$0,$0,$15772,$15772,$15940,$7202,$4793,$826,$5619,$12821,$10,$-1221,$935,$3119,$15940,$135,$8,$112,$121,$1,$0,$0,$-20,$-2,$254,$0,$0,$0,$0,$1958,$1958,$0,$1958,$-529,$-1305,$-1834,$-213,$-213,$-290,$0,$-2336,$-125,$0,$-290
13,2015-06-30,9.3,$16.73,0.56,$4.34,2.14,$2.75,3.39,$2.80,3.32,$0.12B,$6.84B,0.02,$4.89B,$3.44B,1.42,$0.89B,$0.89B,100.00%,$0.89B,$0.39B,44.11%,$0.89B,$0.39B,44.11%,$0.89B,$0.36B,40.29%,$0.89B,$0.57B,63.64%,$0.89B,$0.57B,63.64%,$0.57B,$3.44B,16.01%,$0.57B,$3.44B,16.01%,$0.57B,$15.75B,3.25%,$0.39B,$8.33B,4.61%,$216,$0,$216,$0,$19,$45,$170,$-54,$116,$0,$116,$116,$116,$175,$170,$205,206,$0.57,$0.57,$50,$0,$0,$121,$0,$0,$0,$15631,$15631,$15752,$6843,$4890,$579,$5469,$12312,$10,$-1082,$905,$3440,$15752,$183,$-7,$42,$35,$-0,$0,$0,$-20,$-26,$192,$0,$0,$0,$0,$1748,$1748,$0,$1748,$-222,$-1642,$-1864,$0,$0,$-191,$0,$-2055,$-115,$0,$-191
14,2015-03-31,10.3,$17.14,0.6,$3.94,2.61,$1.98,5.21,$2.73,3.77,$1.16B,$8.34B,0.14,$4.87B,$3.52B,1.38,$0.81B,$0.81B,100.00%,$0.81B,$0.28B,34.86%,$0.81B,$0.28B,34.86%,$0.81B,$0.23B,27.94%,$0.81B,$0.56B,68.73%,$0.81B,$0.56B,68.73%,$0.56B,$3.52B,15.70%,$0.56B,$3.52B,15.70%,$0.56B,$17.34B,3.34%,$0.28B,$8.39B,3.69%,$243,$0,$243,$0,$15,$182,$61,$6,$67,$0,$67,$67,$67,$49,$61,$206,206,$0.33,$0.33,$120,$0,$0,$1156,$0,$0,$0,$16184,$16184,$17341,$8336,$4870,$611,$5481,$13817,$10,$-1099,$1006,$3523,$17341,$67,$-12,$-19,$-30,$-3,$0,$0,$-5,$-3,$34,$0,$0,$0,$0,$396,$396,$0,$396,$-224,$-159,$-383,$0,$0,$-92,$0,$-475,$-45,$0,$-92
15,2014-12-31,10.12,$17.55,0.58,$3.35,3.02,$2.12,4.77,$2.90,3.49,$1.81B,$8.49B,0.21,$5.10B,$3.61B,1.41,$0.69B,$0.69B,100.00%,$0.69B,$0.30B,43.81%,$0.69B,$0.30B,43.81%,$0.69B,$0.24B,34.93%,$0.69B,$0.59B,85.74%,$0.69B,$0.59B,85.74%,$0.59B,$3.61B,16.82%,$0.59B,$3.61B,16.82%,$0.59B,$19.16B,4.21%,$0.30B,$8.70B,4.46%,$242,$0,$242,$0,$18,$210,$33,$-26,$6,$-0,$6,$6,$6,$14,$33,$205,206,$0.01,$0.01,$165,$0,$0,$1808,$0,$0,$0,$17347,$17347,$19155,$8490,$5095,$1962,$7058,$15547,$2,$-1055,$1047,$3608,$19155,$589,$-61,$-355,$-416,$-38,$0,$0,$21,$9,$183,$0,$0,$0,$0,$-5004,$-5004,$-774,$-5779,$-539,$6797,$6258,$0,$0,$-575,$0,$5683,$87,$0,$-575
16,2014-09-30,9.42,$17.48,0.54,$2.79,3.37,$2.72,3.47,$3.20,2.94,$0.32B,$7.88B,0.04,$5.05B,$3.59B,1.41,$0.57B,$0.57B,100.00%,$0.57B,$0.39B,68.06%,$0.57B,$0.39B,68.06%,$0.57B,$0.33B,57.07%,$0.57B,$0.66B,114.31%,$0.57B,$0.66B,114.31%,$0.66B,$3.59B,19.08%,$0.66B,$3.59B,19.08%,$0.66B,$17.49B,6.00%,$0.39B,$8.64B,6.71%,$190,$0,$190,$0,$12,$61,$129,$248,$378,$0,$378,$378,$378,$121,$129,$205,206,$1.85,$1.85,$242,$0,$0,$315,$0,$0,$0,$17176,$17176,$17491,$7881,$5053,$965,$6019,$13900,$10,$-969,$945,$3591,$17491,$583,$-42,$-389,$-430,$-40,$0,$0,$8,$3,$155,$0,$0,$0,$0,$-5472,$-5472,$0,$-5472,$-216,$6180,$5963,$0,$0,$-483,$0,$5481,$164,$0,$-483
17,2014-06-30,9.6,$16.74,0.57,$2.50,3.84,$3.03,3.17,$1.70,5.65,$0.12B,$5.58B,0.02,$1.39B,$3.44B,0.41,$0.51B,$0.51B,100.00%,$0.51B,$0.35B,68.81%,$0.51B,$0.35B,68.81%,$0.51B,$0.29B,56.14%,$0.51B,$0.34B,67.06%,$0.51B,$0.34B,67.06%,$0.34B,$3.44B,10.04%,$0.34B,$3.44B,10.04%,$0.34B,$12.57B,4.14%,$0.35B,$4.83B,7.10%,$134,$0,$134,$0,$13,$76,$59,$46,$105,$0,$105,$105,$105,$42,$59,$205,206,$0.51,$0.51,$74,$0,$0,$120,$0,$0,$0,$12446,$12446,$12566,$5579,$1392,$2154,$3546,$9125,$10,$-1255,$1080,$3441,$12566,$205,$-34,$-131,$-165,$-10,$0,$0,$-2,$-6,$34,$0,$0,$0,$0,$-3335,$-3335,$0,$-3335,$-219,$3906,$3687,$0,$0,$-390,$0,$3297,$-4,$0,$-390
18,2014-03-31,8.96,$16.40,0.55,$2.47,3.63,$3.52,2.54,$1.90,4.71,$0.16B,$1.57B,0.1,$1.47B,$3.37B,0.44,$0.51B,$0.51B,100.00%,$0.51B,$0.39B,77.12%,$0.51B,$0.39B,77.12%,$0.51B,$0.33B,64.30%,$0.51B,$0.38B,75.35%,$0.51B,$0.38B,75.35%,$0.38B,$3.37B,11.00%,$0.38B,$3.37B,11.00%,$0.38B,$6.71B,5.49%,$0.39B,$4.84B,8.02%,$121,$0,$121,$0,$10,$41,$80,$20,$100,$0,$100,$100,$100,$63,$80,$205,206,$0.50,$0.50,$41,$0,$0,$160,$0,$0,$0,$6547,$6547,$6707,$1570,$1466,$301,$1767,$3337,$10,$-1267,$1021,$3370,$6707,$100,$-17,$-17,$-34,$5,$0,$0,$-7,$-3,$64,$0,$0,$0,$0,$436,$436,$0,$436,$-142,$-97,$-239,$0,$0,$-298,$0,$-537,$-37,$0,$-298
19,2013-12-31,8.27,$16.21,0.51,$2.49,3.32,$3.54,2.34,$1.40,5.91,$0.36B,$1.67B,0.22,$1.60B,$3.33B,0.48,$0.51B,$0.51B,100.00%,$0.51B,$0.40B,77.54%,$0.51B,$0.40B,77.54%,$0.51B,$0.33B,65.04%,$0.51B,$0.36B,70.70%,$0.51B,$0.36B,70.70%,$0.36B,$3.33B,10.21%,$0.36B,$3.33B,10.21%,$0.36B,$6.94B,5.07%,$0.40B,$4.94B,7.74%,$128,$0,$128,$0,$7,$6,$122,$-50,$72,$0,$72,$72,$72,$101,$122,$205,206,$0.32,$0.31,$78,$0,$0,$364,$0,$0,$0,$6572,$6572,$6936,$1667,$1604,$334,$1937,$3605,$10,$-1275,$991,$3332,$6936,$363,$-63,$4,$-59,$6,$0,$0,$-2,$1,$305,$0,$0,$0,$0,$305,$305,$0,$305,$-914,$131,$-784,$0,$0,$-370,$0,$-1153,$-544,$0,$-370
20,2013-09-30,7.65,$17.36,0.44,$2.52,3.04,$3.68,2.08,$1.05,7.29,$0.36B,$1.60B,0.23,$1.72B,$3.57B,0.48,$0.52B,$0.52B,100.00%,$0.52B,$0.36B,69.31%,$0.52B,$0.36B,69.31%,$0.52B,$0.30B,57.72%,$0.52B,$0.37B,71.24%,$0.52B,$0.37B,71.24%,$0.37B,$3.57B,10.26%,$0.37B,$3.57B,10.26%,$0.37B,$7.03B,5.02%,$0.36B,$5.29B,6.64%,$130,$0,$130,$0,$10,$39,$92,$-24,$67,$0,$67,$67,$67,$82,$92,$205,206,$0.35,$0.35,$125,$0,$0,$360,$0,$0,$0,$6668,$6668,$7028,$1600,$1720,$142,$1861,$3461,$10,$-1049,$1001,$3567,$7028,$290,$-42,$-28,$-70,$2,$0,$0,$-1,$-1,$219,$0,$0,$0,$0,$296,$296,$0,$296,$-795,$61,$-734,$0,$0,$-277,$0,$-1011,$-496,$0,$-277
21,2013-06-30,7.55,$17.65,0.43,$2.59,2.92,$3.94,1.92,$0.70,10.79,$0.21B,$2.62B,0.08,$0.81B,$3.63B,0.22,$0.53B,$0.53B,100.00%,$0.53B,$0.35B,65.67%,$0.53B,$0.35B,65.67%,$0.53B,$0.29B,54.22%,$0.53B,$0.43B,80.68%,$0.53B,$0.43B,80.68%,$0.43B,$3.63B,12.08%,$0.43B,$3.63B,12.08%,$0.43B,$7.18B,5.75%,$0.35B,$4.43B,6.35%,$128,$0,$128,$0,$12,$31,$97,$46,$143,$0,$143,$143,$143,$80,$97,$205,206,$0.70,$0.70,$168,$0,$0,$206,$0,$0,$0,$6978,$6978,$7184,$2617,$805,$134,$939,$3556,$10,$-1024,$1037,$3628,$7184,$223,$-32,$-54,$-86,$2,$0,$0,$-1,$-1,$136,$0,$0,$0,$0,$222,$222,$0,$222,$-577,$-50,$-627,$0,$0,$-185,$0,$-811,$-453,$0,$-185
22,2013-03-31,7.8,$17.78,0.44,$2.75,2.83,$4.20,1.86,0,0.0,$0.69B,$1.43B,0.48,$2.20B,$3.65B,0.6,$0.57B,$0.57B,100.00%,$0.57B,$0.36B,63.67%,$0.57B,$0.36B,63.67%,$0.57B,$0.29B,51.50%,$0.57B,$0.33B,57.85%,$0.57B,$0.33B,57.85%,$0.33B,$3.65B,9.51%,$0.33B,$3.65B,9.51%,$0.33B,$7.43B,4.23%,$0.36B,$5.86B,6.18%,$126,$0,$126,$0,$11,$40,$86,$-6,$80,$0,$80,$80,$80,$70,$86,$205,206,$0.40,$0.40,$650,$0,$0,$686,$0,$0,$0,$6746,$6746,$7432,$1433,$2201,$144,$2345,$3778,$10,$-1075,$1114,$3654,$7432,$80,$-15,$2,$-13,$3,$0,$1,$-4,$-1,$66,$0,$0,$0,$0,$469,$469,$0,$469,$-307,$-108,$-415,$0,$0,$-92,$0,$-507,$28,$0,$-92
23,2012-12-31,6.21,$17.24,0.36,$2.87,2.16,$4.33,1.43,0,0.0,$0.66B,$1.54B,0.43,$2.51B,$3.54B,0.71,$0.59B,$0.59B,100.00%,$0.59B,$0.37B,62.61%,$0.59B,$0.37B,62.61%,$0.59B,$0.32B,53.81%,$0.59B,$0.33B,55.50%,$0.59B,$0.33B,55.50%,$0.33B,$3.54B,9.86%,$0.33B,$3.54B,9.86%,$0.33B,$7.74B,4.12%,$0.37B,$6.05B,6.41%,$134,$0,$134,$0,$15,$50,$84,$-5,$79,$-0,$79,$79,$79,$67,$84,$205,206,$0.40,$0.40,$621,$0,$0,$660,$0,$0,$0,$7082,$7082,$7742,$1540,$2506,$154,$2660,$4200,$10,$-1062,$990,$3542,$7742,$328,$-52,$57,$5,$9,$0,$0,$-6,$2,$335,$0,$0,$0,$0,$989,$989,$0,$989,$656,$-1145,$-489,$0,$0,$-411,$-9,$-909,$415,$0,$-411
24,2012-09-30,6.23,$16.63,0.37,$3.03,2.05,$4.88,1.28,0,0.0,$0.50B,$1.67B,0.3,$2.29B,$3.42B,0.67,$0.63B,$0.63B,100.00%,$0.63B,$0.40B,64.64%,$0.63B,$0.40B,64.64%,$0.63B,$0.35B,56.64%,$0.63B,$0.29B,46.72%,$0.63B,$0.29B,46.72%,$0.29B,$3.42B,9.11%,$0.29B,$3.42B,9.11%,$0.29B,$7.54B,3.67%,$0.40B,$5.71B,7.37%,$145,$0,$145,$0,$18,$62,$83,$45,$128,$0,$128,$128,$128,$72,$83,$205,206,$0.60,$0.60,$458,$0,$0,$501,$0,$0,$0,$7038,$7038,$7539,$1671,$2287,$163,$2450,$4121,$10,$-1049,$852,$3418,$7539,$249,$-35,$53,$19,$5,$0,$0,$-0,$4,$272,$0,$0,$0,$0,$880,$880,$0,$880,$440,$-1014,$-574,$0,$0,$-318,$-8,$-900,$252,$0,$-318
25,2012-06-30,5.25,$15.48,0.34,$3.23,1.62,$5.22,1.01,$0.30,17.51,$0.17B,$2.38B,0.07,$2.58B,$3.18B,0.81,$0.67B,$0.67B,100.00%,$0.67B,$0.43B,64.41%,$0.67B,$0.43B,64.41%,$0.67B,$0.37B,55.71%,$0.67B,$0.10B,15.62%,$0.67B,$0.10B,15.62%,$0.10B,$3.18B,3.26%,$0.10B,$3.18B,3.26%,$0.10B,$8.31B,1.22%,$0.43B,$5.76B,7.96%,$162,$0,$162,$0,$15,$54,$108,$-67,$41,$0,$41,$41,$41,$83,$108,$205,206,$0.20,$0.20,$116,$0,$0,$165,$0,$0,$0,$8141,$8141,$8307,$2376,$2575,$175,$2750,$5126,$10,$-1084,$651,$3181,$8307,$121,$-24,$92,$68,$-1,$0,$0,$0,$0,$189,$0,$0,$0,$0,$-468,$-468,$0,$-468,$733,$-311,$422,$0,$0,$-226,$-8,$188,$-90,$0,$-226
26,2012-03-31,6.07,$15.43,0.39,$3.32,1.83,$5.38,1.13,$0.85,7.14,$0.18B,$2.52B,0.07,$2.40B,$3.17B,0.76,$0.68B,$0.68B,100.00%,$0.68B,$0.43B,62.28%,$0.68B,$0.43B,62.28%,$0.68B,$0.39B,56.29%,$0.68B,$0.12B,17.11%,$0.68B,$0.12B,17.11%,$0.12B,$3.17B,3.60%,$0.12B,$3.17B,3.60%,$0.12B,$8.26B,1.31%,$0.43B,$5.57B,7.97%,$150,$0,$150,$0,$15,$55,$95,$-15,$80,$0,$80,$80,$80,$96,$95,$205,205,$0.40,$0.40,$131,$0,$0,$181,$0,$0,$0,$8074,$8074,$8255,$2517,$2398,$170,$2567,$5084,$10,$-1033,$589,$3171,$8255,$80,$1,$14,$15,$-1,$0,$0,$0,$-0,$95,$0,$0,$0,$0,$-429,$-429,$0,$-429,$546,$-170,$376,$0,$0,$-113,$-4,$259,$-75,$0,$-113
27,2011-12-31,5.19,$14.83,0.35,$3.43,1.51,$5.44,0.95,$1.65,3.14,$0.26B,$2.69B,0.1,$1.84B,$3.05B,0.61,$0.71B,$0.71B,100.00%,$0.71B,$0.46B,65.16%,$0.71B,$0.46B,65.16%,$0.71B,$0.41B,58.50%,$0.71B,$0.14B,19.55%,$0.71B,$0.14B,19.55%,$0.14B,$3.05B,4.12%,$0.14B,$3.05B,4.12%,$0.14B,$7.75B,1.46%,$0.46B,$4.89B,8.47%,$168,$0,$168,$0,$15,$49,$118,$-75,$43,$-0,$43,$43,$43,$103,$118,$205,205,$0.20,$0.20,$206,$0,$0,$256,$0,$0,$0,$7492,$7492,$7747,$2686,$1843,$170,$2013,$4700,$10,$-1000,$433,$3048,$7747,$137,$-48,$358,$310,$-1,$0,$0,$0,$1,$448,$0,$0,$0,$0,$-114,$-114,$0,$-114,$-415,$864,$449,$0,$0,$-585,$1,$-134,$199,$0,$-585
28,2011-09-30,5.49,$16.33,0.34,$2.73,2.01,$5.22,1.05,$2.45,2.24,$0.07B,$4.18B,0.02,$1.98B,$3.35B,0.59,$0.56B,$0.56B,100.00%,$0.56B,$0.32B,57.73%,$0.56B,$0.32B,57.73%,$0.56B,$0.43B,77.16%,$0.56B,$-0.02B,-4.14%,$0.56B,$-0.02B,-4.14%,$-0.02B,$3.35B,-0.66%,$-0.02B,$3.35B,-0.66%,$-0.02B,$9.71B,-0.24%,$0.32B,$5.34B,5.64%,$186,$0,$186,$0,$15,$78,$108,$-168,$-60,$-0,$-60,$-60,$-60,$89,$108,$205,205,$-0.30,$-0.30,$10,$0,$0,$65,$0,$0,$0,$9649,$9649,$9714,$4184,$1984,$192,$2176,$6360,$10,$-289,$30,$3354,$9714,$95,$-33,$283,$250,$-7,$0,$0,$2,$-4,$341,$0,$0,$0,$0,$-1979,$-1979,$0,$-1979,$-271,$2362,$2092,$0,$0,$-452,$1,$1641,$3,$0,$-452
29,2011-06-30,6.56,$16.74,0.39,$2.93,2.24,$4.89,1.34,$2.85,2.3,$0.07B,$4.33B,0.02,$2.15B,$3.44B,0.63,$0.57B,$0.57B,100.00%,$0.57B,$0.34B,59.82%,$0.57B,$0.34B,59.82%,$0.57B,$0.40B,69.91%,$0.57B,$0.15B,27.26%,$0.57B,$0.15B,27.08%,$0.15B,$3.44B,4.51%,$0.15B,$3.44B,4.51%,$0.15B,$10.09B,1.72%,$0.34B,$5.59B,5.98%,$180,$0,$180,$0,$15,$75,$105,$-51,$54,$0,$54,$54,$54,$97,$105,$205,205,$0.25,$0.25,$16,$0,$0,$74,$0,$0,$0,$10015,$10015,$10089,$4333,$2151,$166,$2317,$6651,$10,$-200,$25,$3439,$10089,$155,$-14,$89,$75,$-9,$0,$0,$1,$-7,$223,$0,$0,$0,$0,$-2307,$-2307,$0,$-2307,$-101,$2512,$2411,$-0,$-0,$-318,$1,$2093,$9,$0,$-318
30,2011-03-31,7.24,$17.24,0.42,$3.25,2.23,$4.80,1.51,$3.10,2.33,$0.08B,$3.88B,0.02,$2.36B,$3.54B,0.67,$0.57B,$0.57B,100.00%,$0.57B,$0.37B,64.44%,$0.57B,$0.37B,64.44%,$0.57B,$0.37B,64.44%,$0.57B,$0.23B,39.61%,$0.57B,$0.22B,39.44%,$0.22B,$3.54B,6.87%,$0.22B,$3.54B,6.87%,$0.22B,$10.26B,2.76%,$0.37B,$5.90B,6.54%,$172,$0,$172,$0,$14,$43,$129,$-28,$101,$1,$101,$101,$101,$124,$129,$205,205,$0.50,$0.50,$16,$0,$0,$81,$0,$0,$0,$10177,$10177,$10258,$3884,$2358,$474,$2832,$6716,$10,$-184,$114,$3542,$10258,$101,$-5,$18,$13,$-9,$0,$0,$0,$-7,$106,$0,$0,$0,$0,$-2094,$-2094,$0,$-2094,$109,$2062,$2171,$0,$0,$-174,$0,$1997,$9,$0,$-174
31,2010-12-31,7.26,$17.91,0.41,$3.75,1.93,$4.84,1.5,$3.25,2.23,$0.06B,$1.82B,0.03,$2.25B,$3.68B,0.61,$0.58B,$0.58B,100.00%,$0.58B,$0.37B,63.54%,$0.58B,$0.37B,63.54%,$0.58B,$0.32B,55.21%,$0.58B,$0.25B,43.40%,$0.58B,$0.25B,43.23%,$0.25B,$3.68B,8.45%,$0.25B,$3.68B,8.45%,$0.25B,$8.07B,3.51%,$0.37B,$5.92B,7.05%,$18,$0,$18,$0,$14,$39,$-21,$-98,$-118,$0,$-118,$-118,$-118,$119,$-21,$164,165,$-0.90,$-0.90,$7,$0,$0,$56,$0,$0,$0,$8013,$8013,$8069,$1821,$2245,$325,$2570,$4391,$10,$-614,$680,$3679,$8069,$248,$-50,$128,$79,$-18,$0,$0,$4,$-5,$322,$0,$0,$0,$0,$-1585,$-1585,$0,$-1585,$615,$-167,$448,$1314,$1314,$-517,$1,$1246,$-17,$0,$-517
32,2010-09-30,6.7,$16.43,0.41,$4.53,1.48,$4.55,1.47,$3.15,2.13,$0.06B,$1.58B,0.04,$2.28B,$2.90B,0.78,$0.65B,$0.65B,100.00%,$0.65B,$0.46B,70.83%,$0.65B,$0.46B,70.83%,$0.65B,$0.27B,41.82%,$0.65B,$0.37B,57.10%,$0.65B,$0.37B,56.94%,$0.37B,$2.90B,14.42%,$0.37B,$2.90B,14.42%,$0.37B,$7.23B,5.93%,$0.46B,$5.18B,10.57%,$195,$0,$195,$0,$13,$69,$125,$-8,$117,$1,$116,$116,$116,$55,$125,$177,177,$0.65,$0.65,$12,$0,$0,$60,$0,$0,$0,$7174,$7174,$7233,$1580,$2276,$475,$2751,$4331,$9,$-186,$22,$2902,$7233,$350,$-189,$76,$-113,$-15,$0,$0,$4,$-2,$234,$0,$0,$0,$0,$-903,$-903,$0,$-903,$654,$-407,$247,$768,$768,$-358,$0,$656,$-12,$0,$-358
33,2010-06-30,5.86,$16.49,0.36,$4.21,1.39,$3.99,1.47,$3.65,1.6,$0.28B,$1.35B,0.21,$2.46B,$2.91B,0.85,$0.56B,$0.56B,100.00%,$0.56B,$0.42B,75.27%,$0.56B,$0.42B,75.27%,$0.56B,$0.28B,49.82%,$0.56B,$0.41B,73.66%,$0.56B,$0.41B,73.66%,$0.41B,$2.91B,17.26%,$0.41B,$2.91B,17.26%,$0.41B,$6.88B,7.47%,$0.42B,$5.38B,11.36%,$183,$0,$183,$0,$11,$51,$133,$-8,$125,$0,$125,$125,$125,$68,$133,$153,153,$0.80,$0.80,$236,$0,$0,$282,$0,$0,$0,$6596,$6596,$6878,$1351,$2464,$151,$2615,$3965,$9,$-153,$1,$2913,$6878,$250,$-119,$23,$-95,$-13,$0,$0,$1,$-2,$153,$0,$0,$0,$0,$-694,$-694,$0,$-694,$850,$-638,$212,$768,$768,$-228,$0,$753,$212,$0,$-228
34,2010-03-31,6.05,$17.12,0.35,$3.66,1.65,$3.37,1.8,$3.35,1.8,$0.13B,$1.70B,0.08,$2.00B,$2.30B,0.87,$0.44B,$0.44B,100.00%,$0.44B,$0.34B,76.59%,$0.44B,$0.34B,76.59%,$0.44B,$0.25B,55.91%,$0.44B,$0.34B,76.82%,$0.44B,$0.34B,76.82%,$0.34B,$2.30B,15.79%,$0.34B,$2.30B,15.79%,$0.34B,$6.16B,6.99%,$0.34B,$4.30B,11.42%,$180,$0,$180,$0,$9,$50,$129,$-4,$126,$0,$126,$126,$126,$76,$129,$134,134,$0.95,$0.95,$44,$0,$0,$131,$0,$0,$0,$6025,$6025,$6156,$1696,$2001,$164,$2165,$3861,$7,$-147,$145,$2295,$6156,$126,$-54,$4,$-50,$-7,$0,$0,$-0,$-0,$75,$0,$0,$0,$0,$-40,$-40,$0,$-40,$388,$-289,$98,$-0,$-0,$-114,$0,$-16,$20,$0,$-114
35,2009-12-31,5.78,$15.86,0.36,$3.10,1.86,$3.20,1.81,$2.95,1.96,$0.06B,$1.98B,0.03,$0.39B,$2.13B,0.18,$0.29B,$0.29B,100.00%,$0.29B,$0.22B,77.43%,$0.29B,$0.22B,77.43%,$0.29B,$0.18B,63.89%,$0.29B,$0.23B,80.21%,$0.29B,$0.23B,80.21%,$0.23B,$2.13B,13.80%,$0.23B,$2.13B,13.80%,$0.23B,$4.62B,6.21%,$0.22B,$2.52B,10.60%,$90,$0,$90,$0,$10,$18,$72,$-69,$2,$0,$2,$2,$2,$72,$72,$101,101,$0.05,$0.00,$24,$0,$0,$57,$0,$0,$0,$4561,$4561,$4618,$1979,$390,$122,$513,$2492,$7,$-71,$-100,$2127,$4618,$231,$-38,$-7,$-46,$-23,$0,$0,$6,$-16,$169,$0,$0,$0,$0,$-2810,$-2810,$0,$-2810,$-102,$1413,$1311,$1463,$1463,$-136,$0,$2638,$-3,$0,$-136
36,2009-09-30,5.46,$16.34,0.33,$4.09,1.33,$3.96,1.38,$2.60,2.1,$0.05B,$1.60B,0.03,$0.41B,$2.19B,0.19,$0.22B,$0.22B,100.00%,$0.22B,$0.16B,72.97%,$0.22B,$0.16B,72.97%,$0.22B,$0.12B,55.41%,$0.22B,$0.24B,107.21%,$0.22B,$0.24B,107.21%,$0.24B,$2.19B,19.10%,$0.24B,$2.19B,19.10%,$0.24B,$4.37B,8.12%,$0.16B,$2.61B,9.53%,$105,$0,$105,$0,$10,$19,$86,$72,$158,$0,$158,$158,$158,$62,$86,$134,134,$1.20,$1.20,$21,$0,$0,$50,$0,$0,$0,$4319,$4319,$4369,$1601,$414,$163,$577,$2178,$7,$-53,$-53,$2191,$4369,$229,$-39,$-77,$-116,$-19,$0,$0,$8,$-11,$102,$0,$0,$0,$0,$-2474,$-2474,$0,$-2474,$-77,$1035,$958,$1463,$1463,$-55,$0,$2365,$-6,$0,$-55
37,2009-06-30,4.83,$14.52,0.33,$6.32,0.76,$4.79,1.01,$-12.40,0.0,$0.04B,$1.50B,0.03,$0.44B,$1.95B,0.23,$0.14B,$0.14B,100.00%,$0.14B,$0.08B,57.86%,$0.14B,$0.08B,57.86%,$0.14B,$0.07B,47.86%,$0.14B,$-0.03B,-20.00%,$0.14B,$-0.03B,-20.00%,$-0.03B,$1.95B,-3.69%,$-0.03B,$1.95B,-3.69%,$-0.03B,$4.21B,-1.28%,$0.08B,$2.39B,6.56%,$65,$0,$65,$0,$7,$15,$50,$2,$52,$0,$52,$52,$52,$36,$50,$101,101,$0.50,$0.50,$13,$0,$0,$40,$0,$0,$0,$4168,$4168,$4208,$1504,$443,$314,$757,$2261,$7,$-130,$-220,$1947,$4208,$71,$-15,$-5,$-20,$-17,$0,$0,$2,$-13,$38,$0,$0,$0,$0,$-2389,$-2389,$0,$-2389,$-48,$939,$891,$1463,$1463,$-18,$0,$2336,$-14,$0,$-18
38,2009-03-31,4.47,$12.21,0.37,$9.51,0.47,$6.41,0.7,$-8.55,0.0,$0.02B,$0.57B,0.04,$0.47B,$0.43B,1.09,$0.11B,$0.11B,100.00%,$0.11B,$0.06B,60.00%,$0.11B,$0.06B,60.00%,$0.11B,$0.06B,60.00%,$0.11B,$-0.05B,-43.81%,$0.11B,$-0.05B,-43.81%,$-0.05B,$0.43B,-12.47%,$-0.05B,$0.43B,-12.47%,$-0.05B,$1.68B,-2.83%,$0.06B,$0.91B,7.32%,$28,$0,$28,$0,$3,$13,$15,$3,$19,$0,$19,$19,$19,$14,$15,$35,35,$0.55,$0.55,$12,$0,$0,$23,$0,$0,$0,$1653,$1653,$1676,$566,$473,$205,$678,$1243,$2,$-144,$-257,$433,$1676,$19,$-1,$-3,$-5,$-1,$0,$0,$1,$-1,$14,$0,$0,$0,$0,$-4,$-4,$0,$-4,$-16,$-2,$-18,$0,$0,$-7,$0,$-25,$-15,$0,$-7
39,2008-12-31,4.59,$11.69,0.39,$12.46,0.37,$7.08,0.65,$-16.40,0.0,$0.04B,$0.57B,0.07,$0.49B,$0.41B,1.18,$0.11B,$0.11B,100.00%,$0.11B,$0.03B,24.76%,$0.11B,$0.03B,24.76%,$0.11B,$0.03B,24.76%,$0.11B,$-0.12B,-114.29%,$0.11B,$-0.12B,-114.29%,$-0.12B,$0.41B,-32.83%,$-0.12B,$0.41B,-32.83%,$-0.12B,$1.48B,-7.13%,$0.03B,$0.90B,3.52%,$24,$0,$24,$0,$2,$13,$11,$-2,$9,$-0,$9,$9,$9,$11,$11,$13,13,$7.25,$7.25,$27,$0,$0,$37,$0,$0,$0,$1440,$1440,$1478,$565,$489,$9,$498,$1063,$2,$-153,$-267,$414,$1478,$-120,$0,$153,$154,$-6,$0,$0,$0,$-3,$31,$0,$0,$0,$265,$-1322,$-1057,$1,$-1056,$489,$292,$780,$300,$300,$-23,$-10,$1047,$21,$1,$-23
40,2008-09-30,8.15,$30.90,0.26,$10.58,0.77,$4.66,1.75,$-16.75,0.0,$0.01B,$0.63B,0.02,$0.50B,$0.24B,2.08,$0.08B,$0.08B,100.00%,$0.08B,$0.02B,18.52%,$0.08B,$0.02B,18.52%,$0.08B,$0.02B,18.52%,$0.08B,$-0.13B,-159.26%,$0.08B,$-0.13B,-159.26%,$-0.13B,$0.24B,-49.24%,$-0.13B,$0.24B,-49.24%,$-0.13B,$1.37B,-9.82%,$0.02B,$0.74B,2.92%,$23,$0,$23,$0,$2,$18,$5,$-113,$-108,$0,$-108,$-108,$-108,$6,$5,$8,8,$-13.80,$-13.80,$6,$0,$0,$14,$0,$0,$0,$1358,$1358,$1372,$625,$501,$6,$507,$1131,$0,$-154,$-138,$241,$1372,$-129,$-0,$142,$142,$-4,$0,$0,$0,$-1,$12,$0,$0,$0,$265,$-1111,$-846,$1,$-845,$501,$349,$850,$-0,$-0,$-17,$0,$833,$0,$1,$-17
