,Date,Stock Price,Book Value per Share,Price to Book Ratio,TTM Sales per Share,Price to Sales Ratio,TTM FCF per Share,Price to FCF Ratio,TTM Net EPS,PE Ratio,Current Assets,Current Liabilities,Current Ratio,Long Term Debt,Shareholder's Equity_x,Debt to Equity Ratio,TTM Revenue_x,TTM Gross Profit,Gross Margin,TTM Revenue_y,TTM Operating Income,Operating Margin,TTM Revenue_x,TTM EBIT,EBIT Margin,TTM Revenue_y,TTM EBITDA,EBITDA Margin,TTM Revenue_x,TTM Pre-Tax Income,Pre-Tax Margin,TTM Revenue_y,TTM Net Income_x,Net Margin,TTM Net Income_y,Shareholder's Equity_y,Return on Equity,TTM Net Income_x,Tangible Equity,Return on Tangible Equity,TTM Net Income_y,Total Assets,Return on Assets,TTM Net Income,LT Investments & Debt,Return on Investment,revenue,cost-goods-sold,gross-profit,research-development-expenses,selling-general-administrative-expenses,operating-expenses,operating-income,total-non-operating-income-expense,pre-tax-income,total-provision-income-taxes,income-after-taxes,income-from-continuous-operations,net-income,ebitda,ebit,basic-shares-outstanding,shares-outstanding,eps-basic-net-earnings-per-share,eps-earnings-per-share-diluted,cash-on-hand,inventory,other-current-assets,total-current-assets,net-property-plant-equipment,long-term-investments,goodwill-intangible-assets-total,other-long-term-assets,total-long-term-assets,total-assets,total-current-liabilities,long-term-debt,other-non-current-liabilities,total-long-term-liabilities,total-liabilities,common-stock-net,retained-earnings-accumulated-deficit,comprehensive-income,total-share-holder-equity,total-liabilities-share-holders-equity,net-income-loss,total-depreciation-amortization-cash-flow,other-non-cash-items,total-non-cash-items,change-in-accounts-receivable,change-in-inventories,change-in-accounts-payable,change-in-assets-liabilities,total-change-in-assets-liabilities,cash-flow-from-operating-activities,net-change-in-property-plant-equipment,net-change-in-intangible-assets,net-acquisitions-divestitures,net-change-in-short-term-investments,net-change-in-long-term-investments,net-change-in-investments-total,investing-activities-other,cash-flow-from-investing-activities,net-long-term-debt,net-current-debt,debt-issuance-retirement-net-total,net-common-equity-issued-repurchased,net-total-equity-issued-repurchased,total-common-preferred-stock-dividends-paid,financial-activities-other,cash-flow-from-financial-activities,net-cash-flow,stock-based-compensation,common-stock-dividends-paid
0,2018-09-30,76.81,$51.22,1.5,$37.11,2.07,$14.88,5.16,$8.39,9.15,$2.95B,$10.94B,0.27,$0.86B,$8.33B,0.1,$6.11B,$1.10B,17.93%,$6.11B,$1.08B,17.73%,$6.11B,$1.08B,17.73%,$6.11B,$1.15B,18.76%,$6.11B,$1.03B,16.85%,$6.11B,$1.38B,22.61%,$1.38B,$8.33B,17.03%,$1.38B,$8.33B,17.03%,$1.38B,$22.48B,6.31%,$1.08B,$9.19B,12.07%,$1915,$1280,$635,$0,$0,$1283,$632,$-14,$618,$65,$553,$553,$553,$648,$632,$163,164,$3.40,$3.38,$616,$0,$0,$2947,$191,$17433,$0,$1166,$19533,$22480,$10939,$860,$1550,$3207,$14146,$397,$8164,$-4,$8334,$22480,$739,$48,$-178,$-130,$-109,$0,$187,$261,$217,$826,$-14,$0,$0,$-7,$-342,$-349,$-17,$-380,$6,$0,$6,$-118,$-118,$-251,$-124,$-487,$-41,$22,$-251
1,2018-06-30,66.86,$48.68,1.37,$33.95,1.97,$14.34,4.66,$5.62,11.9,$2.87B,$10.81B,0.27,$0.89B,$7.92B,0.11,$5.61B,$0.61B,10.79%,$5.61B,$0.59B,10.58%,$5.61B,$0.59B,10.58%,$5.61B,$0.65B,11.65%,$5.61B,$0.54B,9.63%,$5.61B,$0.93B,16.59%,$0.93B,$7.92B,11.76%,$0.93B,$7.92B,11.76%,$0.93B,$21.76B,4.29%,$0.59B,$8.81B,6.76%,$1558,$1278,$280,$0,$0,$1281,$277,$-13,$264,$47,$217,$217,$217,$291,$277,$163,165,$1.33,$1.32,$521,$0,$0,$2870,$188,$16944,$0,$1030,$18890,$21760,$10806,$889,$1499,$3038,$13844,$397,$7696,$55,$7916,$21760,$186,$32,$96,$128,$-125,$0,$174,$102,$150,$464,$-9,$0,$0,$-4,$-241,$-245,$-11,$-265,$37,$0,$37,$-120,$-120,$-166,$-86,$-335,$-136,$16,$-166
2,2018-03-31,73.69,$48.42,1.52,$32.82,2.25,$14.20,5.19,$4.90,15.04,$2.84B,$10.54B,0.27,$0.85B,$7.95B,0.11,$5.43B,$0.47B,8.65%,$5.43B,$0.46B,8.41%,$5.43B,$0.46B,8.41%,$5.43B,$0.52B,9.50%,$5.43B,$0.40B,7.44%,$5.43B,$0.81B,14.96%,$0.81B,$7.95B,10.46%,$0.81B,$7.95B,10.46%,$0.81B,$21.47B,3.78%,$0.46B,$8.80B,5.30%,$1224,$1257,$-33,$0,$0,$1261,$-37,$-13,$-50,$-19,$-31,$-31,$-31,$-19,$-37,$164,164,$-0.19,$-0.19,$604,$0,$0,$2838,$186,$16721,$0,$1034,$18632,$21470,$10544,$853,$1475,$2980,$13524,$397,$7565,$115,$7946,$21470,$-31,$18,$164,$182,$-16,$0,$55,$-62,$3,$154,$-3,$0,$0,$0,$-46,$-46,$-5,$-54,$0,$0,$0,$-11,$-11,$-80,$-62,$-153,$-53,$9,$-80
3,2017-12-31,73.88,$50.29,1.47,$34.51,2.14,$14.08,5.25,$6.30,11.73,$2.87B,$10.41B,0.28,$0.85B,$8.24B,0.1,$5.73B,$0.80B,13.89%,$5.73B,$0.78B,13.66%,$5.73B,$0.78B,13.66%,$5.73B,$0.84B,14.62%,$5.73B,$0.73B,12.74%,$5.73B,$1.05B,18.23%,$1.05B,$8.24B,13.75%,$1.05B,$8.24B,13.75%,$1.05B,$21.84B,4.89%,$0.78B,$9.09B,9.27%,$1411,$1198,$213,$0,$0,$1200,$211,$-14,$197,$-445,$642,$642,$642,$226,$211,$164,166,$3.91,$3.87,$657,$0,$0,$2873,$185,$17051,$0,$1064,$18970,$21843,$10406,$851,$1598,$3194,$13600,$397,$5180,$2788,$8243,$21843,$1045,$55,$-518,$-463,$77,$0,$97,$229,$470,$1052,$-16,$0,$0,$-9,$-518,$-527,$-15,$-558,$4,$0,$4,$-79,$-79,$-400,$-139,$-614,$-120,$26,$-400
4,2017-09-30,74.45,$45.87,1.62,$33.89,2.2,$14.46,5.15,$3.02,24.65,$3.02B,$10.54B,0.29,$0.84B,$7.52B,0.11,$5.63B,$0.73B,12.91%,$5.63B,$0.71B,12.68%,$5.63B,$0.71B,12.68%,$5.63B,$0.77B,13.63%,$5.63B,$0.66B,11.73%,$5.63B,$0.50B,8.93%,$0.50B,$7.52B,6.89%,$0.50B,$7.52B,6.89%,$0.50B,$21.59B,2.40%,$0.71B,$8.37B,8.76%,$1412,$1267,$145,$0,$0,$1270,$142,$-13,$129,$27,$102,$102,$102,$155,$142,$164,166,$0.62,$0.61,$674,$0,$0,$3020,$186,$16664,$0,$1046,$18572,$21592,$10541,$843,$1598,$3528,$14069,$397,$5193,$2047,$7523,$21592,$403,$40,$-69,$-29,$-60,$0,$168,$212,$372,$746,$-14,$0,$0,$-4,$-429,$-433,$-12,$-459,$-3,$0,$-3,$-60,$-60,$-239,$-88,$-390,$-103,$19,$-239
5,2017-06-30,69.98,$44.98,1.56,$33.78,2.07,$15.00,4.66,$3.49,20.05,$2.97B,$10.44B,0.29,$0.84B,$7.37B,0.11,$5.62B,$0.85B,15.13%,$5.62B,$0.84B,14.90%,$5.62B,$0.84B,14.90%,$5.62B,$0.89B,15.81%,$5.62B,$0.79B,13.96%,$5.62B,$0.58B,10.33%,$0.58B,$7.37B,8.07%,$0.58B,$7.37B,8.07%,$0.58B,$21.24B,2.81%,$0.84B,$8.22B,10.41%,$1386,$1241,$145,$0,$0,$1245,$141,$-13,$128,$28,$100,$100,$100,$154,$141,$164,166,$0.61,$0.60,$606,$0,$0,$2973,$184,$16394,$0,$1009,$18265,$21238,$10444,$843,$1557,$3421,$13865,$397,$5174,$1925,$7373,$21238,$301,$27,$-79,$-52,$-87,$0,$154,$82,$196,$445,$-9,$0,$0,$-3,$-314,$-317,$-7,$-333,$-3,$0,$-3,$-62,$-62,$-158,$-60,$-283,$-171,$14,$-158
6,2017-03-31,69.33,$44.08,1.57,$33.67,2.06,$15.33,4.52,$3.63,19.1,$2.85B,$10.24B,0.28,$0.84B,$7.26B,0.12,$5.61B,$0.89B,15.87%,$5.61B,$0.88B,15.62%,$5.61B,$0.88B,15.62%,$5.61B,$0.93B,16.51%,$5.61B,$0.82B,14.68%,$5.61B,$0.60B,10.77%,$0.60B,$7.26B,8.50%,$0.60B,$7.26B,8.50%,$0.60B,$20.75B,2.96%,$0.88B,$8.10B,11.02%,$1523,$1230,$293,$0,$0,$1234,$289,$-13,$276,$75,$201,$201,$201,$303,$289,$165,167,$1.22,$1.21,$543,$0,$0,$2848,$181,$16067,$0,$997,$17905,$20753,$10243,$842,$1466,$3254,$13497,$397,$5156,$1780,$7256,$20753,$201,$14,$-104,$-90,$-33,$0,$70,$-52,$25,$136,$-2,$0,$0,$1,$-239,$-238,$-6,$-246,$-3,$0,$-3,$-9,$-9,$-77,$-35,$-124,$-234,$8,$-77
7,2016-12-31,72.18,$42.94,1.68,$32.74,2.2,$16.10,4.48,$3.55,20.33,$3.04B,$10.06B,0.3,$0.85B,$7.06B,0.12,$5.45B,$0.88B,16.09%,$5.45B,$0.87B,15.87%,$5.45B,$0.87B,15.87%,$5.45B,$0.91B,16.76%,$5.45B,$0.81B,14.90%,$5.45B,$0.59B,10.85%,$0.59B,$7.06B,8.48%,$0.59B,$7.06B,8.48%,$0.59B,$20.39B,2.94%,$0.87B,$7.91B,11.06%,$1312,$1168,$144,$0,$0,$1170,$142,$-14,$128,$28,$100,$100,$100,$156,$142,$165,167,$0.61,$0.60,$777,$0,$0,$3040,$183,$15500,$0,$1026,$17346,$20386,$10063,$846,$1552,$3263,$13326,$397,$5037,$1693,$7060,$20386,$591,$48,$-15,$33,$-118,$0,$106,$538,$491,$1115,$-13,$0,$0,$13,$-442,$-429,$-14,$-456,$-15,$0,$-15,$-18,$-18,$-306,$-87,$-426,$233,$23,$-306
8,2016-09-30,71.42,$43.24,1.65,$32.48,2.2,$15.92,4.49,$3.89,18.36,$2.94B,$10.02B,0.29,$0.85B,$7.12B,0.12,$5.40B,$0.97B,17.87%,$5.40B,$0.95B,17.63%,$5.40B,$0.95B,17.63%,$5.40B,$1.00B,18.50%,$5.40B,$0.90B,16.67%,$5.40B,$0.65B,11.98%,$0.65B,$7.12B,9.50%,$0.65B,$7.12B,9.50%,$0.65B,$20.46B,3.28%,$0.95B,$7.97B,12.42%,$1402,$1133,$269,$0,$0,$1136,$266,$-13,$253,$73,$180,$180,$180,$276,$266,$165,167,$1.09,$1.08,$700,$0,$0,$2944,$184,$15642,$0,$1058,$17511,$20455,$10020,$847,$1588,$3314,$13334,$397,$5016,$1752,$7121,$20455,$491,$34,$-87,$-53,$-103,$0,$187,$296,$397,$835,$-9,$0,$0,$11,$-375,$-364,$-13,$-386,$-15,$0,$-15,$15,$15,$-229,$-64,$-293,$156,$18,$-229
9,2016-06-30,70.46,$42.38,1.66,$31.80,2.22,$15.48,4.55,$3.86,18.26,$2.82B,$9.94B,0.28,$0.85B,$6.97B,0.12,$5.28B,$0.96B,18.12%,$5.28B,$0.94B,17.87%,$5.28B,$0.94B,17.87%,$5.28B,$0.99B,18.80%,$5.28B,$0.89B,16.87%,$5.28B,$0.64B,12.15%,$0.64B,$6.97B,9.68%,$0.64B,$6.97B,9.68%,$0.64B,$20.15B,3.32%,$0.94B,$7.82B,12.61%,$1371,$1187,$184,$0,$0,$1192,$179,$-13,$166,$43,$123,$123,$123,$191,$179,$165,167,$0.75,$0.74,$547,$0,$0,$2817,$186,$15459,$0,$1065,$17334,$20151,$9943,$853,$1540,$3237,$13180,$397,$4915,$1714,$6971,$20151,$311,$24,$-60,$-36,$-129,$0,$148,$204,$224,$499,$-7,$0,$0,$5,$-292,$-287,$-13,$-307,$-7,$0,$-7,$11,$11,$-151,$-42,$-189,$3,$13,$-151
10,2016-03-31,61.08,$40.97,1.49,$31.52,1.94,$15.34,3.98,$4.18,14.61,$2.79B,$9.65B,0.29,$0.86B,$6.74B,0.13,$5.22B,$1.04B,19.84%,$5.22B,$1.03B,19.63%,$5.22B,$1.03B,19.63%,$5.22B,$1.08B,20.59%,$5.22B,$0.97B,18.62%,$5.22B,$0.69B,13.29%,$0.69B,$6.74B,10.67%,$0.69B,$6.74B,10.67%,$0.69B,$19.45B,3.65%,$1.03B,$7.60B,13.92%,$1364,$1084,$280,$0,$0,$1086,$278,$-13,$265,$77,$188,$188,$188,$290,$278,$164,166,$1.14,$1.13,$613,$0,$0,$2794,$188,$14889,$0,$958,$16653,$19447,$9653,$860,$1448,$3059,$12712,$397,$4871,$1531,$6735,$19447,$188,$12,$-29,$-17,$-15,$0,$47,$-3,$94,$265,$-3,$0,$0,$2,$-111,$-109,$4,$-108,$0,$0,$0,$9,$9,$-74,$-23,$-88,$69,$7,$-74
11,2015-12-31,54.89,$39.21,1.4,$31.06,1.77,$15.05,3.65,$3.82,14.37,$2.71B,$9.50B,0.29,$0.86B,$6.43B,0.13,$5.14B,$0.95B,18.42%,$5.14B,$0.93B,18.16%,$5.14B,$0.93B,18.16%,$5.14B,$0.99B,19.18%,$5.14B,$0.88B,17.13%,$5.14B,$0.63B,12.33%,$0.63B,$6.43B,9.80%,$0.63B,$6.43B,9.80%,$0.63B,$18.89B,3.36%,$0.93B,$7.28B,12.73%,$1263,$1031,$232,$0,$0,$1034,$229,$-13,$216,$60,$156,$156,$156,$242,$229,$164,166,$0.96,$0.95,$544,$0,$0,$2708,$185,$14423,$0,$956,$16180,$18888,$9502,$856,$1465,$2959,$12461,$397,$4762,$1344,$6427,$18888,$634,$52,$10,$62,$-54,$0,$119,$332,$379,$1075,$-10,$0,$0,$16,$-631,$-615,$1,$-624,$-14,$0,$-14,$-29,$-29,$-366,$-89,$-498,$-47,$20,$-366
12,2015-09-30,49.15,$38.77,1.27,$31.08,1.58,$13.85,3.55,$3.90,12.6,$2.65B,$9.48B,0.28,$0.86B,$6.35B,0.14,$5.14B,$0.97B,18.83%,$5.14B,$0.95B,18.56%,$5.14B,$0.95B,18.56%,$5.14B,$1.01B,19.57%,$5.14B,$0.90B,17.53%,$5.14B,$0.65B,12.55%,$0.65B,$6.35B,9.91%,$0.65B,$6.35B,9.91%,$0.65B,$18.75B,3.43%,$0.95B,$7.21B,12.93%,$1278,$1018,$260,$0,$0,$1021,$257,$-14,$243,$69,$174,$174,$174,$269,$257,$164,166,$1.06,$1.05,$419,$0,$0,$2649,$188,$14426,$0,$879,$16102,$18751,$9479,$861,$1465,$2922,$12401,$397,$4756,$1280,$6350,$18751,$478,$39,$-55,$-16,$-92,$0,$133,$254,$293,$755,$-7,$0,$0,$-63,$-549,$-612,$-1,$-620,$-14,$0,$-14,$-27,$-27,$-218,$-48,$-307,$-172,$16,$-218
13,2015-06-30,45.45,$39.62,1.15,$31.11,1.46,$13.14,3.46,$3.96,11.48,$2.72B,$9.43B,0.29,$0.87B,$6.50B,0.13,$5.14B,$0.98B,19.11%,$5.14B,$0.97B,18.84%,$5.14B,$0.97B,18.84%,$5.14B,$1.02B,19.87%,$5.14B,$0.92B,17.83%,$5.14B,$0.65B,12.72%,$0.65B,$6.50B,10.04%,$0.65B,$6.50B,10.04%,$0.65B,$18.89B,3.49%,$0.97B,$7.37B,13.12%,$1316,$1052,$264,$0,$0,$1055,$261,$-13,$248,$72,$176,$176,$176,$274,$261,$164,166,$1.07,$1.06,$487,$0,$0,$2721,$187,$14551,$0,$829,$16167,$18888,$9425,$872,$1377,$2966,$12391,$397,$4658,$1514,$6497,$18888,$304,$27,$-72,$-45,$-92,$0,$109,$164,$211,$470,$-5,$0,$0,$-66,$-319,$-385,$1,$-389,$0,$0,$0,$-9,$-9,$-145,$-31,$-185,$-104,$11,$-145
14,2015-03-31,47.82,$40.22,1.19,$30.51,1.57,$12.42,3.85,$3.41,14.02,$2.81B,$9.25B,0.3,$0.87B,$6.61B,0.13,$5.04B,$0.84B,16.70%,$5.04B,$0.83B,16.43%,$5.04B,$0.83B,16.43%,$5.04B,$0.88B,17.46%,$5.04B,$0.78B,15.39%,$5.04B,$0.56B,11.15%,$0.56B,$6.61B,8.68%,$0.56B,$6.61B,8.68%,$0.56B,$18.90B,3.02%,$0.83B,$7.48B,11.26%,$1285,$1094,$191,$0,$0,$1098,$187,$-13,$174,$46,$128,$128,$128,$201,$187,$164,166,$0.78,$0.77,$640,$0,$0,$2805,$189,$14476,$0,$856,$16092,$18897,$9246,$874,$1345,$3043,$12289,$397,$4557,$1716,$6608,$18897,$128,$14,$-28,$-14,$-22,$0,$27,$64,$101,$215,$-1,$0,$0,$-20,$-68,$-88,$1,$-88,$0,$0,$0,$7,$7,$-71,$-14,$-78,$49,$7,$-71
15,2014-12-31,46.13,$40.15,1.15,$29.96,1.54,$11.89,3.88,$3.20,14.41,$2.74B,$9.06B,0.3,$0.87B,$6.57B,0.13,$4.95B,$0.79B,15.94%,$4.95B,$0.77B,15.65%,$4.95B,$0.77B,15.65%,$4.95B,$0.83B,16.68%,$4.95B,$0.72B,14.58%,$4.95B,$0.53B,10.62%,$0.53B,$6.57B,8.25%,$0.53B,$6.57B,8.25%,$0.53B,$18.75B,2.86%,$0.77B,$7.44B,10.67%,$1262,$1009,$253,$0,$0,$1013,$249,$-13,$236,$69,$167,$167,$167,$262,$249,$164,165,$1.02,$1.01,$591,$0,$0,$2739,$194,$14386,$0,$851,$16009,$18748,$9064,$871,$1400,$3111,$12175,$397,$4505,$1744,$6573,$18748,$525,$51,$-30,$21,$-62,$0,$106,$281,$327,$873,$-9,$0,$0,$13,$-324,$-311,$9,$-311,$-55,$0,$-55,$1,$1,$-278,$-72,$-404,$158,$19,$-278
16,2014-09-30,41.51,$39.12,1.06,$29.40,1.41,$11.43,3.63,$2.92,14.21,$2.60B,$9.05B,0.29,$0.88B,$6.38B,0.14,$4.86B,$0.72B,14.81%,$4.86B,$0.71B,14.54%,$4.86B,$0.71B,14.54%,$4.86B,$0.76B,15.74%,$4.86B,$0.65B,13.43%,$4.86B,$0.48B,9.89%,$0.48B,$6.38B,7.69%,$0.48B,$6.38B,7.69%,$0.48B,$18.47B,2.65%,$0.71B,$7.25B,9.88%,$1280,$1005,$275,$0,$0,$1008,$272,$-13,$259,$76,$183,$183,$183,$285,$272,$164,165,$1.12,$1.11,$412,$0,$0,$2604,$198,$14255,$0,$827,$15870,$18474,$9047,$878,$1396,$3051,$12098,$397,$4409,$1658,$6376,$18474,$358,$38,$-30,$8,$-103,$0,$152,$166,$267,$633,$-6,$0,$0,$10,$-342,$-332,$7,$-331,$0,$-55,$-55,$-7,$-7,$-208,$-53,$-323,$-21,$15,$-208
17,2014-06-30,41.99,$38.68,1.09,$28.60,1.47,$10.85,3.87,$2.60,16.15,$2.65B,$9.01B,0.29,$0.88B,$6.34B,0.14,$4.73B,$0.64B,13.58%,$4.73B,$0.63B,13.31%,$4.73B,$0.63B,13.31%,$4.73B,$0.68B,14.47%,$4.73B,$0.58B,12.16%,$4.73B,$0.43B,9.05%,$0.43B,$6.34B,7.02%,$0.43B,$6.34B,7.02%,$0.43B,$18.34B,2.40%,$0.63B,$7.22B,8.96%,$1214,$1091,$123,$0,$0,$1094,$120,$-13,$107,$23,$84,$84,$84,$132,$120,$164,165,$0.51,$0.51,$462,$0,$0,$2646,$203,$14060,$0,$855,$15689,$18335,$9008,$880,$1294,$2984,$11992,$397,$4299,$1732,$6343,$18335,$175,$25,$10,$35,$-90,$0,$134,$113,$141,$351,$-5,$0,$0,$6,$-101,$-95,$3,$-97,$-55,$0,$-55,$4,$4,$-138,$-36,$-225,$29,$10,$-138
18,2014-03-31,42.15,$37.84,1.11,$27.92,1.51,$10.25,4.11,$2.75,15.33,$2.66B,$8.85B,0.3,$0.94B,$6.17B,0.15,$4.62B,$0.69B,14.84%,$4.62B,$0.67B,14.53%,$4.62B,$0.67B,14.53%,$4.62B,$0.73B,15.70%,$4.62B,$0.62B,13.34%,$4.62B,$0.45B,9.83%,$0.45B,$6.17B,7.65%,$0.45B,$6.17B,7.65%,$0.45B,$17.94B,2.60%,$0.67B,$7.11B,9.76%,$1189,$1052,$137,$0,$0,$1056,$133,$-14,$119,$28,$91,$91,$91,$146,$133,$163,165,$0.56,$0.55,$521,$0,$0,$2662,$207,$13678,$0,$831,$15280,$17942,$8845,$938,$1270,$2929,$11774,$397,$4287,$1578,$6168,$17942,$91,$13,$2,$15,$-45,$0,$59,$1,$23,$129,$-3,$0,$0,$3,$38,$41,$1,$39,$0,$0,$0,$1,$1,$-67,$-14,$-80,$88,$6,$-67
19,2013-12-31,44.95,$37.22,1.21,$27.41,1.64,$9.83,4.57,$3.13,14.36,$2.53B,$8.68B,0.29,$0.94B,$6.07B,0.16,$4.53B,$0.78B,17.28%,$4.53B,$0.77B,16.95%,$4.53B,$0.77B,16.95%,$4.53B,$0.82B,18.05%,$4.53B,$0.71B,15.76%,$4.53B,$0.52B,11.41%,$0.52B,$6.07B,8.85%,$0.52B,$6.07B,8.85%,$0.52B,$17.66B,2.99%,$0.77B,$7.01B,11.33%,$1172,$988,$184,$0,$0,$991,$181,$-14,$167,$45,$122,$122,$122,$201,$181,$164,165,$0.74,$0.73,$433,$0,$0,$2532,$210,$13564,$0,$791,$15130,$17662,$8677,$939,$1303,$2915,$11592,$397,$4268,$1504,$6070,$17662,$517,$50,$-2,$48,$-70,$0,$184,$166,$231,$796,$-7,$0,$0,$-9,$-498,$-507,$5,$-509,$0,$0,$0,$-27,$-27,$-263,$-51,$-341,$-54,$18,$-263
20,2013-09-30,40.14,$35.46,1.13,$26.86,1.49,$8.92,4.5,$3.56,11.28,$2.68B,$8.71B,0.31,$0.94B,$5.82B,0.16,$4.43B,$0.89B,20.07%,$4.43B,$0.87B,19.71%,$4.43B,$0.87B,19.71%,$4.43B,$0.92B,20.66%,$4.43B,$0.82B,18.51%,$4.43B,$0.59B,13.25%,$0.59B,$5.82B,10.32%,$0.59B,$5.82B,10.32%,$0.59B,$17.34B,3.46%,$0.87B,$6.75B,13.18%,$1152,$954,$198,$0,$0,$957,$195,$-13,$182,$51,$131,$131,$131,$205,$195,$164,166,$0.80,$0.79,$511,$0,$0,$2682,$211,$13090,$0,$780,$14657,$17339,$8706,$936,$1339,$2817,$11523,$396,$4214,$1267,$5816,$17339,$395,$30,$-17,$13,$-148,$0,$234,$80,$130,$538,$-5,$0,$0,$-4,$-315,$-319,$4,$-320,$0,$0,$0,$17,$17,$-195,$-16,$-194,$24,$14,$-195
21,2013-06-30,38.74,$34.75,1.11,$26.22,1.48,$8.31,4.66,$3.45,11.23,$2.51B,$8.58B,0.29,$0.94B,$5.70B,0.16,$4.31B,$0.86B,19.92%,$4.31B,$0.84B,19.57%,$4.31B,$0.84B,19.57%,$4.31B,$0.89B,20.55%,$4.31B,$0.79B,18.32%,$4.31B,$0.57B,13.15%,$0.57B,$5.70B,10.17%,$0.57B,$5.70B,10.17%,$0.57B,$17.03B,3.38%,$0.84B,$6.64B,12.97%,$1104,$938,$166,$0,$0,$942,$162,$-14,$148,$38,$110,$110,$110,$173,$162,$164,165,$0.67,$0.66,$382,$0,$0,$2509,$213,$12933,$0,$833,$14525,$17034,$8576,$937,$1310,$2759,$11335,$396,$4152,$1221,$5699,$17034,$264,$20,$-13,$7,$-104,$0,$155,$-1,$-20,$251,$-3,$0,$0,$-4,$-226,$-230,$3,$-230,$0,$0,$0,$12,$12,$-130,$-8,$-126,$-105,$10,$-130
22,2013-03-31,39.49,$35.49,1.11,$25.78,1.53,$8.41,4.7,$2.99,13.21,$2.48B,$8.43B,0.3,$0.94B,$5.79B,0.16,$4.23B,$0.74B,17.48%,$4.23B,$0.72B,17.12%,$4.23B,$0.72B,17.12%,$4.23B,$0.77B,18.12%,$4.23B,$0.67B,15.87%,$4.23B,$0.49B,11.57%,$0.49B,$5.79B,9.00%,$0.49B,$5.79B,9.00%,$0.49B,$17.04B,2.96%,$0.72B,$6.72B,11.37%,$1103,$868,$235,$0,$0,$873,$230,$-13,$217,$63,$154,$154,$154,$239,$230,$163,165,$0.95,$0.94,$380,$0,$0,$2484,$216,$13037,$0,$809,$14553,$17037,$8425,$935,$1304,$2827,$11252,$395,$4109,$1362,$5785,$17037,$154,$9,$-16,$-7,$-84,$0,$83,$-86,$-90,$57,$-1,$0,$0,$-1,$-102,$-103,$2,$-102,$0,$0,$0,$6,$6,$-65,$-3,$-62,$-107,$5,$-65
23,2012-12-31,32.46,$33.45,0.97,$25.13,1.29,$8.96,3.62,$2.58,12.58,$2.51B,$8.32B,0.3,$0.93B,$5.45B,0.17,$4.11B,$0.63B,15.42%,$4.11B,$0.62B,15.08%,$4.11B,$0.62B,15.08%,$4.11B,$0.66B,16.15%,$4.11B,$0.57B,13.77%,$4.11B,$0.42B,10.24%,$0.42B,$5.45B,7.96%,$0.42B,$5.45B,7.96%,$0.42B,$16.55B,2.59%,$0.62B,$6.38B,9.96%,$1070,$780,$290,$0,$0,$784,$286,$-13,$273,$81,$192,$192,$192,$298,$286,$163,164,$1.17,$1.16,$487,$0,$0,$2506,$217,$12534,$0,$821,$14042,$16548,$8317,$931,$1394,$2778,$11095,$394,$4021,$1129,$5453,$16548,$421,$44,$44,$88,$-118,$0,$159,$9,$129,$638,$-6,$0,$0,$1,$-304,$-303,$5,$-304,$0,$0,$0,$10,$10,$-256,$-39,$-285,$49,$16,$-256
24,2012-09-30,31.08,$32.88,0.95,$24.45,1.27,$6.57,4.73,$2.24,13.87,$2.44B,$8.45B,0.29,$0.93B,$5.36B,0.17,$4.00B,$0.54B,13.59%,$4.00B,$0.53B,13.36%,$4.00B,$0.53B,13.36%,$4.00B,$0.57B,14.26%,$4.00B,$0.48B,11.99%,$4.00B,$0.36B,9.08%,$0.36B,$5.36B,7.00%,$0.36B,$5.36B,7.00%,$0.36B,$16.48B,2.26%,$0.53B,$6.29B,8.73%,$1035,$867,$168,$0,$0,$869,$166,$-14,$152,$41,$111,$111,$111,$176,$166,$163,164,$0.69,$0.68,$416,$0,$0,$2444,$223,$12533,$0,$788,$14035,$16479,$8447,$932,$1288,$2673,$11120,$394,$3896,$1171,$5359,$16479,$229,$32,$12,$44,$-126,$0,$185,$50,$160,$433,$-5,$0,$0,$0,$-254,$-254,$2,$-257,$0,$0,$0,$6,$6,$-191,$-13,$-198,$-22,$12,$-191
25,2012-06-30,30.92,$31.75,0.97,$23.92,1.29,$4.79,6.45,$1.68,18.41,$2.24B,$8.41B,0.27,$0.94B,$5.14B,0.18,$3.91B,$0.40B,10.32%,$3.91B,$0.39B,10.04%,$3.91B,$0.39B,10.04%,$3.91B,$0.43B,11.09%,$3.91B,$0.34B,8.66%,$3.91B,$0.27B,6.94%,$0.27B,$5.14B,5.37%,$0.27B,$5.14B,5.37%,$0.27B,$16.09B,1.72%,$0.39B,$6.08B,6.57%,$1020,$974,$46,$0,$0,$978,$42,$-13,$29,$-3,$32,$32,$32,$53,$42,$162,164,$0.20,$0.20,$263,$0,$0,$2244,$229,$12231,$0,$901,$13845,$16089,$8414,$935,$1237,$2531,$10945,$393,$3851,$1010,$5144,$16089,$118,$22,$4,$26,$-75,$0,$129,$60,$121,$265,$-4,$0,$0,$-2,$-301,$-303,$3,$-304,$0,$0,$0,$3,$3,$-128,$-11,$-136,$-175,$8,$-128
26,2012-03-31,27.73,$32.14,0.86,$23.66,1.17,$3.20,8.67,$1.18,23.5,$2.34B,$8.27B,0.28,$0.94B,$5.21B,0.18,$3.86B,$0.28B,7.20%,$3.86B,$0.27B,6.87%,$3.86B,$0.27B,6.87%,$3.86B,$0.31B,7.95%,$3.86B,$0.21B,5.44%,$3.86B,$0.19B,4.90%,$0.19B,$5.21B,3.76%,$0.19B,$5.21B,3.76%,$0.19B,$16.02B,1.20%,$0.27B,$6.14B,4.48%,$986,$856,$130,$0,$0,$860,$126,$-14,$112,$26,$86,$86,$86,$137,$126,$162,163,$0.53,$0.53,$424,$0,$0,$2344,$235,$12153,$0,$807,$13678,$16022,$8267,$937,$1223,$2548,$10815,$393,$3884,$1047,$5207,$16022,$86,$11,$6,$17,$-16,$0,$47,$-6,$45,$148,$-2,$0,$0,$0,$-100,$-100,$2,$-100,$0,$0,$0,$1,$1,$-64,$1,$-62,$-14,$4,$-64
27,2011-12-31,24.2,$31.07,0.78,$23.29,1.04,$2.64,9.17,$1.03,23.49,$2.34B,$8.19B,0.29,$0.93B,$5.03B,0.18,$3.80B,$0.24B,6.31%,$3.80B,$0.23B,5.97%,$3.80B,$0.23B,5.97%,$3.80B,$0.27B,7.07%,$3.80B,$0.17B,4.55%,$3.80B,$0.16B,4.31%,$0.16B,$5.03B,3.28%,$0.16B,$5.03B,3.28%,$0.16B,$15.64B,1.06%,$0.23B,$5.96B,3.87%,$955,$756,$199,$0,$0,$755,$200,$-14,$186,$52,$134,$134,$134,$204,$200,$163,163,$0.82,$0.82,$438,$0,$0,$2342,$227,$11801,$0,$788,$13293,$15635,$8186,$925,$1188,$2416,$10602,$393,$3863,$901,$5033,$15635,$164,$42,$-24,$18,$-128,$0,$80,$138,$65,$247,$-7,$0,$0,$-2,$-6,$-8,$7,$-8,$0,$55,$55,$-31,$-31,$-255,$45,$-186,$53,$13,$-255
28,2011-09-30,20.63,$29.54,0.7,$23.18,0.89,$4.32,4.78,$0.97,21.27,$2.32B,$8.36B,0.28,$0.89B,$4.79B,0.19,$3.78B,$0.23B,6.10%,$3.78B,$0.21B,5.60%,$3.78B,$0.21B,5.60%,$3.78B,$0.26B,6.90%,$3.78B,$0.16B,4.18%,$3.78B,$0.15B,4.07%,$0.15B,$4.79B,3.08%,$0.15B,$4.79B,3.08%,$0.15B,$15.41B,1.00%,$0.21B,$5.68B,3.62%,$944,$916,$28,$0,$0,$920,$24,$-13,$11,$-8,$19,$19,$19,$39,$24,$163,163,$0.12,$0.12,$308,$0,$0,$2321,$228,$11529,$0,$822,$13091,$15412,$8357,$894,$1184,$2269,$10626,$393,$3816,$703,$4786,$15412,$30,$38,$-63,$-25,$-229,$0,$104,$330,$143,$148,$-12,$0,$0,$0,$-64,$-64,$5,$-71,$0,$55,$55,$-30,$-30,$-191,$12,$-154,$-77,$10,$-191
29,2011-06-30,22.53,$31.02,0.73,$23.95,0.94,$5.95,3.78,$1.80,12.51,$2.37B,$8.31B,0.29,$0.84B,$5.06B,0.17,$3.91B,$0.44B,11.28%,$3.91B,$0.42B,10.79%,$3.91B,$0.42B,10.79%,$3.91B,$0.47B,11.99%,$3.91B,$0.37B,9.41%,$3.91B,$0.29B,7.44%,$0.29B,$5.06B,5.76%,$0.29B,$5.06B,5.76%,$0.29B,$15.70B,1.90%,$0.42B,$5.90B,7.16%,$975,$1054,$-79,$0,$0,$1060,$-85,$-14,$-99,$-49,$-50,$-50,$-50,$-73,$-85,$163,163,$-0.31,$-0.31,$313,$0,$0,$2367,$234,$11757,$0,$833,$13335,$15702,$8313,$839,$1169,$2332,$10645,$393,$3862,$903,$5057,$15702,$11,$23,$-54,$-31,$-270,$0,$77,$297,$24,$4,$-4,$0,$0,$-2,$30,$28,$2,$26,$0,$0,$0,$1,$1,$-127,$24,$-102,$-72,$7,$-127
30,2011-03-31,24.96,$31.40,0.8,$23.35,1.07,$7.44,3.36,$2.27,11.0,$2.21B,$7.93B,0.28,$0.84B,$5.12B,0.16,$3.81B,$0.56B,14.60%,$3.81B,$0.54B,14.18%,$3.81B,$0.54B,14.18%,$3.81B,$0.58B,15.29%,$3.81B,$0.49B,12.79%,$3.81B,$0.37B,9.65%,$0.37B,$5.12B,7.40%,$0.37B,$5.12B,7.40%,$0.37B,$15.37B,2.45%,$0.54B,$5.96B,9.30%,$929,$837,$92,$0,$0,$841,$88,$-13,$75,$14,$61,$61,$61,$99,$88,$163,164,$0.38,$0.38,$379,$0,$0,$2207,$243,$11704,$0,$712,$13162,$15369,$7931,$839,$1185,$2320,$10251,$393,$3977,$855,$5118,$15369,$61,$11,$-5,$6,$-44,$0,$33,$-22,$-10,$57,$-2,$0,$0,$-3,$-25,$-28,$0,$-30,$0,$0,$0,$0,$0,$-64,$31,$-33,$-6,$3,$-64
31,2010-12-31,23.84,$31.06,0.77,$23.10,1.03,$7.72,3.09,$2.31,10.32,$2.16B,$7.79B,0.28,$0.86B,$5.03B,0.17,$3.77B,$0.57B,15.06%,$3.77B,$0.55B,14.63%,$3.77B,$0.55B,14.63%,$3.77B,$0.59B,15.72%,$3.77B,$0.50B,13.20%,$3.77B,$0.38B,9.94%,$0.38B,$5.03B,7.64%,$0.38B,$5.03B,7.64%,$0.38B,$15.10B,2.53%,$0.55B,$5.89B,9.59%,$936,$746,$190,$0,$0,$751,$185,$-14,$171,$47,$124,$124,$124,$196,$185,$163,163,$0.76,$0.76,$385,$0,$0,$2164,$229,$11508,$0,$706,$12931,$15095,$7787,$856,$1160,$2276,$10063,$393,$3980,$769,$5032,$15095,$375,$41,$-71,$-30,$79,$0,$44,$136,$186,$531,$-17,$0,$0,$9,$-521,$-512,$0,$-529,$0,$0,$0,$-10,$-10,$-252,$88,$-174,$-172,$11,$-252
32,2010-09-30,21.4,$30.74,0.7,$24.32,0.88,$7.54,2.84,$3.04,7.04,$2.22B,$7.77B,0.29,$0.84B,$5.01B,0.17,$3.97B,$0.75B,18.93%,$3.97B,$0.73B,18.50%,$3.97B,$0.73B,18.50%,$3.97B,$0.78B,19.68%,$3.97B,$0.68B,17.16%,$3.97B,$0.50B,12.50%,$0.50B,$5.01B,10.24%,$0.50B,$5.01B,10.24%,$0.50B,$15.07B,3.38%,$0.73B,$5.85B,12.92%,$1071,$833,$238,$0,$0,$837,$234,$-13,$221,$65,$156,$156,$156,$247,$234,$163,163,$0.95,$0.95,$445,$0,$0,$2219,$236,$11305,$0,$841,$12851,$15070,$7766,$839,$1208,$2294,$10060,$393,$3919,$814,$5010,$15070,$251,$30,$-106,$-76,$85,$0,$64,$121,$242,$417,$-14,$0,$0,$11,$-400,$-389,$1,$-402,$0,$0,$0,$-10,$-10,$-189,$72,$-127,$-112,$9,$-189
33,2010-06-30,18.95,$29.06,0.65,$23.94,0.79,$7.10,2.67,$3.14,6.04,$2.12B,$7.68B,0.28,$0.84B,$4.74B,0.18,$3.90B,$0.78B,19.85%,$3.90B,$0.76B,19.42%,$3.90B,$0.76B,19.42%,$3.90B,$0.80B,20.47%,$3.90B,$0.70B,18.03%,$3.90B,$0.51B,13.09%,$0.51B,$4.74B,10.76%,$0.51B,$4.74B,10.76%,$0.51B,$14.61B,3.53%,$0.76B,$5.58B,13.57%,$878,$841,$37,$0,$0,$844,$34,$-13,$21,$-6,$27,$27,$27,$41,$34,$163,163,$0.17,$0.17,$325,$0,$0,$2115,$243,$11032,$0,$732,$12492,$14607,$7682,$839,$1204,$2188,$9870,$393,$3828,$636,$4737,$14607,$95,$17,$29,$46,$70,$0,$63,$66,$112,$253,$-11,$0,$0,$9,$-415,$-406,$2,$-415,$0,$0,$0,$-10,$-10,$-126,$66,$-70,$-232,$6,$-126
34,2010-03-31,20.88,$29.85,0.7,$23.94,0.87,$6.46,3.23,$2.85,7.33,$2.19B,$7.53B,0.29,$0.84B,$4.87B,0.17,$3.90B,$0.71B,18.10%,$3.90B,$0.69B,17.64%,$3.90B,$0.69B,17.64%,$3.90B,$0.73B,18.67%,$3.90B,$0.63B,16.23%,$3.90B,$0.47B,11.92%,$0.47B,$4.87B,10.11%,$0.47B,$4.87B,10.11%,$0.47B,$14.62B,3.27%,$0.69B,$5.70B,12.65%,$887,$784,$103,$0,$0,$788,$99,$-14,$85,$17,$68,$68,$68,$109,$99,$163,163,$0.42,$0.42,$402,$0,$0,$2194,$249,$11002,$0,$686,$12422,$14616,$7530,$839,$1176,$2221,$9751,$393,$3865,$722,$4865,$14616,$68,$10,$10,$20,$71,$0,$40,$-38,$22,$110,$-8,$0,$0,$6,$-238,$-232,$1,$-239,$0,$0,$0,$0,$0,$-63,$37,$-26,$-155,$3,$-63
35,2009-12-31,18.7,$29.38,0.64,$23.98,0.78,$6.04,3.1,$2.65,7.06,$2.42B,$7.43B,0.33,$0.84B,$4.76B,0.18,$3.90B,$0.66B,16.83%,$3.90B,$0.64B,16.32%,$3.90B,$0.64B,16.32%,$3.90B,$0.68B,17.29%,$3.90B,$0.58B,14.91%,$3.90B,$0.43B,11.07%,$0.43B,$4.76B,9.92%,$0.43B,$4.76B,9.92%,$0.43B,$14.44B,3.13%,$0.64B,$5.60B,12.27%,$1132,$759,$373,$0,$0,$765,$367,$-13,$354,$109,$245,$245,$245,$384,$367,$163,163,$1.51,$1.50,$557,$0,$0,$2420,$251,$10643,$0,$645,$12020,$14440,$7434,$839,$1255,$2246,$9680,$393,$3862,$624,$4760,$14440,$432,$38,$-212,$-174,$128,$0,$-35,$169,$267,$525,$-42,$0,$0,$74,$-838,$-764,$-9,$-815,$0,$0,$0,$0,$0,$-249,$87,$-162,$-452,$10,$-249
36,2009-09-30,18.24,$28.56,0.64,$23.26,0.78,$5.81,3.14,$2.14,8.52,$2.38B,$7.45B,0.32,$0.84B,$4.63B,0.18,$3.79B,$0.27B,7.05%,$3.79B,$0.48B,12.75%,$3.79B,$0.48B,12.75%,$3.79B,$0.51B,13.44%,$3.79B,$0.45B,11.83%,$3.79B,$0.35B,9.19%,$0.35B,$4.63B,8.27%,$0.35B,$4.63B,8.27%,$0.35B,$14.23B,2.57%,$0.48B,$5.47B,9.57%,$1007,$745,$262,$0,$0,$749,$258,$-14,$244,$73,$171,$171,$171,$265,$258,$163,163,$1.05,$1.05,$448,$0,$0,$2384,$258,$10428,$0,$671,$11842,$14226,$7450,$839,$1169,$2150,$9600,$393,$3681,$675,$4626,$14226,$187,$21,$-18,$3,$54,$0,$13,$156,$172,$362,$-31,$0,$0,$69,$-815,$-746,$-7,$-784,$0,$0,$0,$0,$0,$-186,$47,$-139,$-561,$8,$-186
37,2009-06-30,15.45,$25.58,0.6,$24.29,0.64,$6.55,2.36,$2.59,5.96,$2.24B,$7.41B,0.3,$0.84B,$4.14B,0.2,$3.97B,$0.38B,9.58%,$3.97B,$0.60B,15.00%,$3.97B,$0.60B,15.00%,$3.97B,$0.62B,15.68%,$3.97B,$0.56B,14.12%,$3.97B,$0.42B,10.69%,$0.42B,$4.14B,10.04%,$0.42B,$4.14B,10.04%,$0.42B,$13.52B,3.12%,$0.60B,$4.98B,11.74%,$874,$906,$-32,$0,$0,$910,$-36,$-14,$-50,$-31,$-19,$-19,$-19,$-30,$-36,$163,163,$-0.12,$-0.12,$254,$0,$0,$2244,$249,$9708,$0,$748,$11278,$13522,$7412,$839,$1127,$1966,$9378,$393,$3575,$304,$4144,$13522,$17,$14,$64,$78,$0,$0,$21,$177,$62,$157,$-20,$0,$0,$69,$-831,$-762,$-3,$-785,$0,$0,$0,$0,$0,$-124,$-3,$-127,$-755,$5,$-124
38,2009-03-31,15.54,$23.96,0.65,$24.47,0.63,$7.61,2.04,$3.09,5.03,$2.50B,$7.25B,0.35,$0.84B,$3.88B,0.22,$4.01B,$0.50B,12.34%,$4.01B,$0.71B,17.66%,$4.01B,$0.71B,17.66%,$4.01B,$0.74B,18.45%,$4.01B,$0.67B,16.81%,$4.01B,$0.51B,12.62%,$0.51B,$3.88B,11.59%,$0.51B,$3.88B,11.59%,$0.51B,$13.11B,3.64%,$0.71B,$4.72B,13.58%,$890,$836,$54,$0,$0,$842,$48,$-14,$34,$-1,$35,$35,$35,$56,$48,$163,163,$0.22,$0.22,$515,$0,$0,$2504,$236,$8876,$0,$707,$10604,$13108,$7248,$839,$1140,$1979,$9227,$393,$3551,$69,$3881,$13108,$35,$8,$15,$23,$-2,$0,$38,$-2,$-18,$40,$-8,$0,$0,$71,$-518,$-447,$-3,$-458,$0,$0,$0,$0,$0,$-63,$-13,$-76,$-494,$3,$-63
39,2008-12-31,19.41,$25.81,0.75,$23.37,0.83,$8.45,2.3,$2.61,7.44,$3.00B,$7.18B,0.42,$0.84B,$4.18B,0.2,$3.82B,$0.62B,16.08%,$3.82B,$0.59B,15.51%,$3.82B,$0.59B,15.51%,$3.82B,$0.63B,16.34%,$3.82B,$0.54B,14.12%,$3.82B,$0.43B,11.22%,$0.43B,$4.18B,9.02%,$0.43B,$4.18B,9.02%,$0.43B,$13.37B,2.94%,$0.59B,$5.02B,10.57%,$1017,$1034,$-17,$0,$0,$804,$213,$7,$220,$59,$161,$161,$161,$218,$213,$163,163,$1.00,$1.00,$1009,$0,$0,$2996,$236,$8890,$0,$612,$10373,$13369,$7181,$840,$1166,$2006,$9187,$393,$3579,$347,$4182,$13369,$429,$32,$-216,$-184,$69,$0,$-20,$149,$239,$484,$-36,$0,$0,$39,$782,$821,$724,$1509,$0,$-20,$-20,$-135,$-135,$-250,$-805,$-1210,$783,$15,$-250
40,2008-09-30,18.75,$28.93,0.65,$22.82,0.82,$9.39,2.0,$2.73,6.87,$2.47B,$7.30B,0.34,$0.86B,$4.69B,0.18,$3.78B,$0.12B,3.25%,$3.78B,$0.59B,15.57%,$3.78B,$0.59B,15.57%,$3.78B,$0.63B,16.55%,$3.78B,$0.57B,15.15%,$3.78B,$0.45B,12.00%,$0.45B,$4.69B,8.74%,$0.45B,$4.69B,8.74%,$0.45B,$14.30B,2.94%,$0.59B,$5.55B,9.73%,$1186,$811,$375,$0,$0,$816,$370,$-14,$356,$109,$247,$247,$247,$378,$370,$164,164,$1.51,$1.50,$347,$0,$0,$2466,$235,$10160,$0,$941,$11837,$14303,$7302,$860,$1218,$2314,$9616,$393,$3482,$956,$4687,$14303,$268,$27,$-85,$-58,$-60,$0,$19,$226,$272,$482,$-28,$0,$0,$-93,$151,$58,$727,$757,$0,$0,$0,$-135,$-135,$-186,$-797,$-1118,$121,$9,$-186
41,2008-06-30,16.5,$29.06,0.57,$21.29,0.78,$9.35,1.77,$1.95,8.46,$2.45B,$7.27B,0.34,$0.86B,$4.71B,0.18,$3.58B,$0.17B,4.61%,$3.58B,$0.41B,11.46%,$3.58B,$0.41B,11.46%,$3.58B,$0.45B,12.55%,$3.58B,$0.38B,10.53%,$3.58B,$0.33B,9.25%,$0.33B,$4.71B,5.85%,$0.33B,$4.71B,5.85%,$0.33B,$14.81B,2.04%,$0.41B,$5.57B,6.29%,$917,$834,$83,$0,$0,$840,$77,$-13,$64,$1,$63,$63,$63,$88,$77,$165,165,$0.38,$0.38,$333,$0,$0,$2449,$234,$10460,$0,$1181,$12362,$14811,$7268,$860,$1596,$2836,$10104,$393,$3298,$1163,$4707,$14811,$21,$19,$205,$224,$-51,$0,$45,$144,$89,$334,$-20,$0,$0,$113,$-32,$81,$223,$284,$0,$0,$0,$-136,$-136,$-123,$-252,$-511,$107,$6,$-123
42,2008-03-31,24.38,$33.43,0.73,$23.06,1.06,$9.18,2.66,$3.59,6.79,$2.31B,$7.11B,0.33,$0.86B,$5.45B,0.16,$3.93B,$0.87B,22.10%,$3.93B,$0.87B,22.20%,$3.93B,$0.87B,22.20%,$3.93B,$0.91B,23.14%,$3.93B,$0.82B,20.88%,$3.93B,$0.62B,15.74%,$0.62B,$5.45B,10.01%,$0.62B,$5.45B,10.01%,$0.62B,$15.95B,3.62%,$0.87B,$6.31B,12.40%,$704,$530,$174,$0,$0,$771,$-67,$-33,$-100,$-58,$-42,$-42,$-42,$-59,$-67,$161,161,$-0.26,$-0.26,$237,$0,$0,$2309,$242,$11704,$0,$1218,$13636,$15945,$7109,$860,$1777,$3387,$10496,$393,$3298,$1880,$5449,$15945,$-42,$8,$165,$173,$-3,$0,$21,$9,$47,$178,$-11,$0,$0,$59,$-53,$6,$126,$121,$0,$0,$0,$-95,$-95,$-59,$-134,$-288,$11,$4,$-59
43,2007-12-31,25.08,$35.72,0.7,$24.60,1.02,$9.30,2.7,$4.96,5.06,$2.30B,$7.01B,0.33,$0.86B,$5.93B,0.15,$4.26B,$1.26B,29.51%,$4.26B,$1.24B,29.21%,$4.26B,$1.24B,29.21%,$4.26B,$1.28B,30.05%,$4.26B,$1.19B,27.99%,$4.26B,$0.86B,20.08%,$0.86B,$5.93B,13.15%,$0.86B,$5.93B,13.15%,$0.86B,$16.64B,4.83%,$1.24B,$6.79B,16.92%,$976,$1485,$-509,$0,$0,$767,$209,$44,$253,$67,$186,$186,$186,$219,$209,$171,172,$1.13,$1.12,$226,$0,$0,$2303,$239,$12261,$0,$1373,$14334,$16637,$7009,$860,$1862,$3699,$10708,$393,$3404,$2151,$5929,$16637,$855,$36,$-320,$-284,$-53,$0,$-15,$224,$134,$705,$-70,$0,$0,$9,$-40,$-31,$-761,$-862,$0,$20,$20,$-288,$-288,$-240,$689,$181,$24,$14,$-240
44,2007-09-30,27.23,$38.46,0.71,$24.61,1.11,$8.82,3.09,$4.60,5.92,$2.31B,$7.11B,0.33,$0.86B,$6.54B,0.13,$4.28B,$2.22B,51.99%,$4.28B,$1.24B,29.01%,$4.28B,$1.24B,29.01%,$4.28B,$1.28B,29.90%,$4.28B,$1.11B,25.97%,$4.28B,$0.80B,18.70%,$0.80B,$6.54B,11.90%,$0.80B,$6.54B,11.90%,$0.80B,$17.62B,4.49%,$1.24B,$7.40B,16.40%,$982,$565,$417,$0,$0,$791,$191,$-31,$160,$36,$124,$124,$124,$201,$191,$172,172,$0.72,$0.72,$183,$0,$0,$2309,$227,$13268,$0,$1347,$15313,$17622,$7109,$860,$1828,$3975,$11084,$392,$3277,$2735,$6538,$17622,$669,$26,$-329,$-303,$-96,$0,$40,$211,$154,$520,$-51,$0,$0,$70,$-219,$-149,$-767,$-967,$0,$20,$20,$-130,$-130,$-180,$718,$428,$-19,$11,$-180
45,2007-06-30,27.07,$39.69,0.68,$24.43,1.11,$8.28,3.27,$4.54,5.96,$2.31B,$7.06B,0.33,$0.84B,$6.83B,0.12,$4.26B,$2.23B,52.31%,$4.26B,$1.23B,28.85%,$4.26B,$1.23B,28.85%,$4.26B,$1.27B,29.74%,$4.26B,$1.10B,25.78%,$4.26B,$0.79B,18.56%,$0.79B,$6.83B,11.80%,$0.79B,$6.83B,11.80%,$0.79B,$18.26B,4.43%,$1.23B,$7.67B,16.31%,$1270,$483,$787,$0,$0,$730,$540,$-32,$508,$157,$351,$351,$351,$549,$540,$173,173,$2.04,$2.02,$122,$0,$0,$2314,$212,$13712,$0,$1547,$15950,$18264,$7061,$840,$2103,$4377,$11438,$392,$3213,$3013,$6826,$18264,$545,$16,$-330,$-314,$-159,$0,$83,$92,$104,$335,$-34,$0,$0,$3,$-181,$-178,$-979,$-1191,$0,$0,$0,$-53,$-53,$-119,$948,$776,$-80,$8,$-119
46,2007-03-31,26.24,$39.00,0.67,$22.71,1.16,$7.75,3.38,$3.28,8.0,$2.32B,$7.00B,0.33,$0.84B,$6.71B,0.13,$3.97B,$1.89B,47.43%,$3.97B,$0.89B,22.45%,$3.97B,$0.89B,22.45%,$3.97B,$0.93B,23.38%,$3.97B,$0.77B,19.28%,$3.97B,$0.57B,14.39%,$0.57B,$6.71B,8.78%,$0.57B,$6.71B,8.78%,$0.57B,$18.22B,3.27%,$0.89B,$7.55B,12.13%,$1031,$469,$562,$0,$0,$727,$304,$-33,$271,$77,$194,$194,$194,$311,$304,$174,174,$1.12,$1.11,$197,$0,$0,$2317,$204,$13641,$0,$1592,$15904,$18221,$6995,$840,$2147,$4518,$11513,$392,$2923,$3193,$6708,$18221,$194,$7,$-51,$-44,$-84,$0,$61,$20,$68,$218,$-17,$0,$0,$83,$-177,$-94,$-988,$-1099,$0,$0,$0,$-40,$-40,$-58,$974,$876,$-5,$5,$-58
47,2006-12-31,27.81,$39.35,0.71,$25.92,1.07,$8.47,3.28,$5.30,5.25,$2.24B,$6.88B,0.33,$0.84B,$6.81B,0.12,$4.55B,$2.44B,53.69%,$4.55B,$1.46B,32.07%,$4.55B,$1.46B,32.07%,$4.55B,$1.50B,32.90%,$4.55B,$1.33B,29.21%,$4.55B,$0.93B,20.44%,$0.93B,$6.81B,14.56%,$0.93B,$6.81B,14.56%,$0.93B,$17.22B,5.42%,$1.46B,$7.65B,20.23%,$995,$537,$458,$0,$0,$789,$206,$-34,$172,$41,$131,$131,$131,$218,$206,$173,175,$0.75,$0.75,$202,$0,$0,$2242,$193,$13759,$0,$575,$14980,$17222,$6884,$840,$1037,$3530,$10414,$391,$2786,$3379,$6808,$17222,$930,$38,$-641,$-603,$-16,$0,$20,$307,$288,$615,$-52,$0,$0,$-21,$-130,$-151,$-11,$-214,$0,$49,$49,$-93,$-93,$-228,$-46,$-318,$83,$17,$-228
