,Date,Stock Price,Book Value per Share,Price to Book Ratio,TTM Sales per Share,Price to Sales Ratio,TTM FCF per Share,Price to FCF Ratio,TTM Net EPS,PE Ratio,Current Assets,Current Liabilities,Current Ratio,Long Term Debt,Shareholder's Equity_x,Debt to Equity Ratio,TTM Revenue_x,TTM Gross Profit,Gross Margin,TTM Revenue_y,TTM Operating Income,Operating Margin,TTM Revenue_x,TTM EBIT,EBIT Margin,TTM Revenue_y,TTM EBITDA,EBITDA Margin,TTM Revenue_x,TTM Pre-Tax Income,Pre-Tax Margin,TTM Revenue_y,TTM Net Income_x,Net Margin,TTM Net Income_y,Shareholder's Equity_y,Return on Equity,TTM Net Income_x,Tangible Equity,Return on Tangible Equity,TTM Net Income_y,Total Assets,Return on Assets,TTM Net Income,LT Investments & Debt,Return on Investment,revenue,cost-goods-sold,gross-profit,research-development-expenses,selling-general-administrative-expenses,operating-expenses,operating-income,total-non-operating-income-expense,pre-tax-income,total-provision-income-taxes,income-after-taxes,income-from-continuous-operations,net-income,ebitda,ebit,basic-shares-outstanding,shares-outstanding,eps-basic-net-earnings-per-share,eps-earnings-per-share-diluted,cash-on-hand,inventory,other-current-assets,total-current-assets,net-property-plant-equipment,long-term-investments,goodwill-intangible-assets-total,other-long-term-assets,total-long-term-assets,total-assets,total-current-liabilities,long-term-debt,other-non-current-liabilities,total-long-term-liabilities,total-liabilities,common-stock-net,retained-earnings-accumulated-deficit,comprehensive-income,total-share-holder-equity,total-liabilities-share-holders-equity,net-income-loss,total-depreciation-amortization-cash-flow,other-non-cash-items,total-non-cash-items,change-in-accounts-receivable,change-in-inventories,change-in-accounts-payable,change-in-assets-liabilities,total-change-in-assets-liabilities,cash-flow-from-operating-activities,net-change-in-property-plant-equipment,net-change-in-intangible-assets,net-acquisitions-divestitures,net-change-in-short-term-investments,net-change-in-long-term-investments,net-change-in-investments-total,investing-activities-other,cash-flow-from-investing-activities,net-long-term-debt,net-current-debt,debt-issuance-retirement-net-total,net-common-equity-issued-repurchased,net-total-equity-issued-repurchased,total-common-preferred-stock-dividends-paid,financial-activities-other,cash-flow-from-financial-activities,net-cash-flow,stock-based-compensation,common-stock-dividends-paid
0,2018-09-30,27.02,$12.43,2.17,$24.55,1.1,$12.00,2.25,$2.00,13.51,$0.15B,$0.07B,2.33,$0.10B,$0.25B,0.4,$0.48B,$0.10B,21.12%,$0.48B,$0.11B,21.74%,$0.48B,$0.11B,21.74%,$0.48B,$0.13B,27.54%,$0.48B,$0.10B,21.12%,$0.48B,$0.05B,10.14%,$0.05B,$0.25B,19.68%,$0.05B,$0.25B,19.68%,$0.05B,$0.43B,10.97%,$0.11B,$0.35B,28.21%,$123,$90,$33,$0,$6,$103,$20,$-1,$19,$0,$19,$19,$9,$27,$20,$20,20,$0.44,$0.44,$27,$20,$2,$151,$256,$0,$0,$20,$276,$427,$65,$100,$11,$111,$176,$155,$0,$-5,$251,$427,$74,$22,$2,$23,$29,$-1,$2,$0,$34,$131,$-25,$0,$0,$0,$0,$0,$0,$-25,$-39,$0,$-39,$0,$0,$-71,$-0,$-110,$-4,$2,$-71
1,2018-06-30,25.75,$12.55,2.05,$24.50,1.05,$8.05,3.2,$2.46,10.47,$0.19B,$0.06B,2.97,$0.13B,$0.25B,0.53,$0.48B,$0.10B,21.53%,$0.48B,$0.11B,21.74%,$0.48B,$0.11B,21.74%,$0.48B,$0.13B,27.54%,$0.48B,$0.10B,21.12%,$0.48B,$0.05B,10.14%,$0.05B,$0.25B,19.80%,$0.05B,$0.25B,19.80%,$0.05B,$0.46B,10.89%,$0.11B,$0.39B,27.65%,$110,$89,$21,$0,$6,$75,$35,$-1,$35,$0,$35,$35,$17,$43,$35,$20,20,$0.83,$0.83,$21,$21,$2,$189,$255,$0,$0,$20,$275,$464,$64,$134,$13,$147,$211,$157,$0,$-5,$254,$464,$55,$14,$-26,$-12,$-8,$-2,$-1,$24,$14,$57,$-15,$0,$0,$0,$0,$0,$0,$-15,$-4,$0,$-4,$0,$0,$-47,$-0,$-52,$-9,$1,$-47
2,2018-03-31,26.75,$12.10,2.21,$25.00,1.07,$6.54,4.09,$2.04,13.11,$0.17B,$0.07B,2.58,$0.12B,$0.24B,0.5,$0.49B,$0.11B,23.12%,$0.49B,$0.09B,17.85%,$0.49B,$0.09B,17.85%,$0.49B,$0.12B,23.33%,$0.49B,$0.09B,17.24%,$0.49B,$0.04B,8.11%,$0.04B,$0.24B,16.23%,$0.04B,$0.24B,16.23%,$0.04B,$0.44B,9.04%,$0.09B,$0.36B,23.45%,$121,$86,$35,$0,$6,$100,$22,$-1,$21,$0,$21,$21,$10,$28,$22,$20,20,$0.51,$0.51,$22,$23,$2,$173,$250,$0,$0,$20,$270,$443,$67,$121,$12,$133,$200,$151,$0,$-5,$243,$443,$21,$7,$1,$7,$6,$-3,$5,$1,$9,$37,$-4,$0,$0,$0,$0,$0,$0,$-4,$-18,$0,$-18,$0,$0,$-24,$-0,$-41,$-8,$0,$-24
3,2017-12-31,23.58,$12.35,1.91,$25.24,0.93,$5.08,4.64,$2.07,11.39,$0.18B,$0.06B,3.26,$0.14B,$0.25B,0.56,$0.50B,$0.11B,22.85%,$0.50B,$0.09B,17.84%,$0.50B,$0.09B,17.84%,$0.50B,$0.12B,23.45%,$0.50B,$0.09B,17.23%,$0.50B,$0.04B,8.22%,$0.04B,$0.25B,16.42%,$0.04B,$0.25B,16.42%,$0.04B,$0.45B,9.39%,$0.09B,$0.39B,23.84%,$129,$115,$13,$0,$6,$101,$28,$-0,$27,$0,$27,$27,$13,$35,$28,$20,20,$0.67,$0.66,$30,$20,$2,$184,$249,$0,$0,$20,$269,$453,$57,$138,$10,$148,$205,$152,$0,$-4,$248,$453,$86,$28,$3,$31,$-38,$1,$2,$-1,$-38,$79,$-25,$0,$0,$0,$0,$0,$0,$-25,$51,$0,$51,$0,$0,$-94,$-1,$-44,$11,$1,$-94
4,2017-09-30,22.99,$12.20,1.88,$25.00,0.92,$7.56,3.04,$1.90,12.1,$0.17B,$0.05B,3.48,$0.14B,$0.25B,0.55,$0.49B,$0.11B,21.91%,$0.49B,$0.08B,16.63%,$0.49B,$0.08B,16.63%,$0.49B,$0.11B,22.31%,$0.49B,$0.08B,16.02%,$0.49B,$0.04B,7.51%,$0.04B,$0.25B,14.65%,$0.04B,$0.25B,14.65%,$0.04B,$0.44B,8.68%,$0.08B,$0.38B,22.53%,$123,$88,$35,$0,$6,$102,$20,$-1,$19,$0,$19,$19,$9,$27,$20,$20,20,$0.46,$0.46,$14,$20,$2,$171,$249,$0,$0,$20,$269,$440,$49,$136,$10,$146,$195,$150,$0,$-3,$245,$440,$59,$21,$3,$23,$-41,$1,$3,$1,$-37,$45,$-17,$0,$0,$0,$0,$0,$0,$-17,$38,$0,$38,$0,$0,$-71,$-1,$-34,$-6,$1,$-71
5,2017-06-30,24.62,$12.43,1.98,$24.96,0.99,$10.60,2.32,$1.99,12.37,$0.16B,$0.05B,2.97,$0.12B,$0.25B,0.48,$0.49B,$0.11B,22.40%,$0.49B,$0.09B,17.52%,$0.49B,$0.09B,17.52%,$0.49B,$0.11B,23.22%,$0.49B,$0.08B,16.90%,$0.49B,$0.04B,7.94%,$0.04B,$0.25B,15.20%,$0.04B,$0.25B,15.20%,$0.04B,$0.43B,9.26%,$0.09B,$0.37B,24.12%,$120,$89,$31,$0,$6,$101,$18,$-1,$18,$0,$18,$18,$8,$25,$18,$20,20,$0.41,$0.41,$16,$19,$2,$160,$254,$0,$0,$20,$275,$434,$54,$120,$10,$131,$185,$152,$0,$-3,$250,$434,$40,$13,$1,$14,$-1,$1,$2,$-27,$-28,$26,$-13,$0,$0,$0,$0,$0,$0,$-13,$31,$0,$31,$0,$0,$-47,$0,$-16,$-4,$1,$-47
6,2017-03-31,25.13,$12.79,1.97,$24.83,1.01,$12.77,1.97,$2.10,11.97,$0.15B,$0.05B,2.73,$0.10B,$0.26B,0.39,$0.49B,$0.11B,23.36%,$0.49B,$0.09B,18.65%,$0.49B,$0.09B,18.65%,$0.49B,$0.12B,24.18%,$0.49B,$0.09B,17.83%,$0.49B,$0.04B,8.40%,$0.04B,$0.26B,15.80%,$0.04B,$0.26B,15.80%,$0.04B,$0.42B,9.89%,$0.09B,$0.36B,25.74%,$127,$91,$35,$0,$5,$103,$23,$-1,$22,$0,$22,$22,$11,$30,$23,$20,20,$0.54,$0.54,$11,$19,$2,$145,$254,$0,$0,$21,$275,$419,$53,$100,$11,$111,$164,$154,$0,$-3,$256,$419,$22,$7,$0,$7,$-17,$-0,$2,$0,$-19,$11,$-6,$0,$0,$0,$0,$0,$0,$-6,$11,$0,$11,$0,$0,$-24,$0,$-13,$-8,$0,$-24
7,2016-12-31,25.08,$12.90,1.95,$24.24,1.03,$14.18,1.77,$2.07,12.12,$0.14B,$0.06B,2.45,$0.09B,$0.26B,0.35,$0.48B,$0.11B,23.79%,$0.48B,$0.09B,18.95%,$0.48B,$0.09B,18.95%,$0.48B,$0.12B,24.63%,$0.48B,$0.09B,18.11%,$0.48B,$0.04B,8.42%,$0.04B,$0.26B,15.36%,$0.04B,$0.26B,15.36%,$0.04B,$0.41B,9.65%,$0.09B,$0.35B,25.33%,$123,$116,$7,$0,$5,$102,$21,$-1,$20,$0,$20,$20,$9,$28,$21,$20,20,$0.49,$0.49,$20,$19,$2,$136,$256,$0,$0,$21,$277,$413,$56,$89,$9,$98,$154,$155,$0,$-2,$259,$413,$86,$27,$1,$28,$3,$7,$1,$-0,$14,$128,$-25,$0,$0,$0,$0,$0,$0,$-25,$-12,$0,$-12,$0,$0,$-92,$0,$-104,$-1,$1,$-92
8,2016-09-30,26.44,$12.96,2.04,$24.42,1.08,$14.77,1.79,$2.27,11.65,$0.14B,$0.06B,2.5,$0.09B,$0.26B,0.35,$0.48B,$0.12B,25.89%,$0.48B,$0.10B,20.46%,$0.48B,$0.10B,20.46%,$0.48B,$0.12B,25.89%,$0.48B,$0.09B,19.62%,$0.48B,$0.05B,9.39%,$0.05B,$0.26B,17.21%,$0.05B,$0.26B,17.21%,$0.05B,$0.42B,10.79%,$0.10B,$0.35B,27.13%,$121,$84,$37,$0,$6,$97,$24,$-1,$23,$0,$23,$23,$11,$31,$24,$20,20,$0.56,$0.56,$30,$25,$1,$144,$253,$0,$0,$21,$274,$418,$57,$91,$9,$100,$157,$156,$0,$-3,$261,$418,$66,$20,$1,$21,$10,$2,$2,$-1,$18,$104,$-16,$0,$0,$0,$0,$0,$0,$-16,$-11,$0,$-11,$0,$0,$-68,$0,$-79,$9,$0,$-68
