,Date,Stock Price,Book Value per Share,Price to Book Ratio,TTM Sales per Share,Price to Sales Ratio,TTM FCF per Share,Price to FCF Ratio,TTM Net EPS,PE Ratio,Current Assets,Current Liabilities,Current Ratio,Long Term Debt,Shareholder's Equity_x,Debt to Equity Ratio,TTM Revenue_x,TTM Gross Profit,Gross Margin,TTM Revenue_y,TTM Operating Income,Operating Margin,TTM Revenue_x,TTM EBIT,EBIT Margin,TTM Revenue_y,TTM EBITDA,EBITDA Margin,TTM Revenue_x,TTM Pre-Tax Income,Pre-Tax Margin,TTM Revenue_y,TTM Net Income_x,Net Margin,TTM Net Income_y,Shareholder's Equity_y,Return on Equity,TTM Net Income_x,Tangible Equity,Return on Tangible Equity,TTM Net Income_y,Total Assets,Return on Assets,TTM Net Income,LT Investments & Debt,Return on Investment,revenue,cost-goods-sold,gross-profit,research-development-expenses,selling-general-administrative-expenses,operating-expenses,operating-income,total-non-operating-income-expense,pre-tax-income,total-provision-income-taxes,income-after-taxes,income-from-continuous-operations,net-income,ebitda,ebit,basic-shares-outstanding,shares-outstanding,eps-basic-net-earnings-per-share,eps-earnings-per-share-diluted,cash-on-hand,inventory,other-current-assets,total-current-assets,net-property-plant-equipment,long-term-investments,goodwill-intangible-assets-total,other-long-term-assets,total-long-term-assets,total-assets,total-current-liabilities,long-term-debt,other-non-current-liabilities,total-long-term-liabilities,total-liabilities,common-stock-net,retained-earnings-accumulated-deficit,comprehensive-income,total-share-holder-equity,total-liabilities-share-holders-equity,net-income-loss,total-depreciation-amortization-cash-flow,other-non-cash-items,total-non-cash-items,change-in-accounts-receivable,change-in-inventories,change-in-accounts-payable,change-in-assets-liabilities,total-change-in-assets-liabilities,cash-flow-from-operating-activities,net-change-in-property-plant-equipment,net-change-in-intangible-assets,net-acquisitions-divestitures,net-change-in-short-term-investments,net-change-in-long-term-investments,net-change-in-investments-total,investing-activities-other,cash-flow-from-investing-activities,net-long-term-debt,net-current-debt,debt-issuance-retirement-net-total,net-common-equity-issued-repurchased,net-total-equity-issued-repurchased,total-common-preferred-stock-dividends-paid,financial-activities-other,cash-flow-from-financial-activities,net-cash-flow,stock-based-compensation,common-stock-dividends-paid
0,2018-09-30,51.61,$57.16,0.9,$25.47,2.03,$28.45,1.81,$2.09,24.69,$31.59B,$30.83B,1.03,$8.67B,$6.00B,1.45,$3.34B,$2.57B,76.99%,$3.34B,$0.19B,5.66%,$3.34B,0,0.00%,$3.34B,0,0.00%,$3.34B,$0.47B,13.94%,$3.34B,$0.25B,7.42%,$0.25B,$6.32B,3.63%,$0.25B,$5.95B,3.84%,$0.25B,$49.26B,0.50%,$0.19B,$15.00B,1.18%,$824,$214,$610,$0,$362,$653,$171,$0,$171,$41,$129,$129,$132,$0,$0,$113,114,$1.17,$1.15,$1568,$0,$0,$31586,$6889,$7148,$370,$2943,$17677,$49262,$30825,$8674,$3134,$12117,$42942,$2,$2182,$-199,$6320,$49262,$355,$263,$169,$432,$0,$0,$0,$-271,$-271,$692,$796,$0,$0,$0,$-42,$-42,$-1357,$-603,$-363,$0,$-363,$-1167,$-1167,$-80,$1171,$-439,$-359,$0,$-80
1,2018-06-30,50.18,$56.27,0.89,$23.89,2.1,$19.35,2.59,$2.55,19.68,$32.56B,$31.18B,1.04,$8.86B,$6.20B,1.43,$3.29B,$2.56B,77.74%,$3.29B,$0.12B,3.68%,$3.29B,0,0.00%,$3.29B,0,0.00%,$3.29B,$0.40B,12.10%,$3.29B,$0.34B,10.22%,$0.34B,$6.53B,4.73%,$0.34B,$6.16B,5.04%,$0.34B,$49.86B,0.67%,$0.12B,$15.39B,0.74%,$870,$205,$665,$0,$383,$666,$205,$0,$205,$57,$147,$147,$117,$0,$0,$123,125,$0.95,$0.94,$3676,$0,$0,$32557,$6834,$6709,$370,$3003,$17298,$49855,$31181,$8860,$2938,$12148,$43329,$2,$2079,$-176,$6526,$49855,$224,$176,$133,$309,$0,$0,$0,$-171,$-171,$501,$788,$0,$0,$0,$447,$447,$-403,$832,$-171,$1606,$1435,$-876,$-876,$-52,$-82,$425,$1750,$0,$-52
2,2018-03-31,51.11,$55.50,0.92,$21.34,2.39,$10.67,4.79,$2.46,20.78,$33.35B,$30.59B,1.09,$10.44B,$6.80B,1.53,$3.23B,$2.50B,77.23%,$3.23B,$-0.08B,-2.32%,$3.23B,0,0.00%,$3.23B,0,0.00%,$3.23B,$0.20B,6.25%,$3.23B,$0.38B,11.63%,$0.38B,$7.13B,5.14%,$0.38B,$6.76B,5.54%,$0.38B,$51.54B,0.75%,$-0.08B,$17.56B,-0.46%,$810,$181,$629,$0,$408,$665,$145,$0,$145,$41,$104,$104,$97,$0,$0,$130,132,$0.74,$0.74,$4346,$0,$0,$33352,$6775,$6706,$370,$3877,$18190,$51543,$30594,$10437,$2888,$13822,$44416,$2,$1983,$-150,$7127,$51543,$97,$89,$73,$163,$0,$0,$0,$-139,$-139,$127,$27,$0,$0,$0,$405,$405,$-377,$55,$1425,$0,$1425,$-195,$-195,$-22,$988,$2197,$2380,$0,$-22
3,2017-12-31,48.7,$55.73,0.87,$19.06,2.56,$10.97,4.44,$2.60,18.73,$30.55B,$29.57B,1.03,$8.97B,$7.00B,1.28,$3.21B,$2.49B,77.62%,$3.21B,$-0.09B,-2.68%,$3.21B,0,0.00%,$3.21B,0,0.00%,$3.21B,$0.19B,5.95%,$3.21B,$0.46B,14.31%,$0.46B,$7.32B,5.69%,$0.46B,$6.95B,6.18%,$0.46B,$49.28B,0.87%,$-0.09B,$16.29B,-0.47%,$838,$169,$669,$0,$671,$1170,$-332,$0,$-55,$28,$-83,$-83,$-98,$0,$0,$162,164,$-0.57,$-0.54,$1869,$0,$0,$30552,$6739,$7259,$370,$3859,$18727,$49279,$29569,$8974,$2906,$12389,$41959,$2,$1907,$-87,$7320,$49279,$468,$648,$45,$693,$0,$0,$0,$-642,$-642,$520,$117,$0,$10026,$-197,$-3051,$-3248,$861,$7755,$1300,$-8394,$-7094,$-3432,$-3114,$-114,$-2750,$-13072,$-4781,$0,$-114
4,2017-09-30,48.35,$56.72,0.85,$16.99,2.85,$18.41,2.63,$-2.37,0.0,$31.20B,$29.60B,1.05,$8.53B,$7.13B,1.2,$2.99B,$2.26B,75.62%,$2.99B,$-0.20B,-6.60%,$2.99B,0,0.00%,$2.99B,0,0.00%,$2.99B,$-0.20B,-6.60%,$2.99B,$-0.60B,-20.03%,$-0.60B,$7.45B,-6.84%,$-0.60B,$6.83B,-7.45%,$-0.60B,$49.34B,-1.05%,$-0.20B,$15.98B,-0.96%,$770,$177,$593,$0,$419,$667,$103,$0,$103,$-120,$223,$223,$220,$0,$0,$134,136,$1.64,$1.61,$3112,$0,$0,$31198,$6724,$6397,$626,$3829,$18137,$49336,$29595,$8531,$3195,$12290,$41884,$2,$2026,$-73,$7451,$49336,$556,$257,$63,$320,$0,$0,$0,$-530,$-530,$406,$132,$0,$10026,$0,$-1925,$-1925,$741,$8974,$-7563,$0,$-7563,$-3426,$-3108,$-82,$-2719,$-13472,$-4077,$0,$-82
5,2017-06-30,47.85,$54.29,0.88,$15.35,3.12,$19.95,2.4,$-3.33,0.0,$34.15B,$30.93B,1.1,$8.62B,$7.03B,1.23,$3.03B,$2.29B,75.58%,$3.03B,$-0.15B,-4.98%,$3.03B,0,0.00%,$3.03B,0,0.00%,$3.03B,$-0.15B,-4.98%,$3.03B,$-0.69B,-22.64%,$-0.69B,$7.35B,-7.08%,$-0.69B,$6.60B,-7.80%,$-0.69B,$50.48B,-1.13%,$-0.15B,$15.97B,-0.65%,$814,$209,$605,$0,$518,$805,$9,$0,$9,$-32,$41,$41,$157,$0,$0,$182,184,$0.86,$0.85,$5338,$0,$0,$34149,$6736,$5530,$751,$2683,$16330,$50479,$30925,$8621,$2973,$12202,$43127,$2,$1827,$-88,$7352,$50479,$337,$178,$90,$268,$0,$0,$0,$-417,$-417,$236,$70,$0,$10004,$0,$-1120,$-1120,$758,$9712,$-7391,$-1361,$-8751,$-3306,$-2988,$-62,$-4,$-11805,$-1846,$0,$-62
6,2017-03-31,42.05,$50.14,0.84,$15.08,2.79,$22.45,1.87,$-4.11,0.0,$35.61B,$32.34B,1.1,$14.74B,$10.17B,1.45,$3.06B,$2.33B,76.34%,$3.06B,$0.04B,1.28%,$3.06B,0,0.00%,$3.06B,0,0.00%,$3.06B,$0.04B,1.28%,$3.06B,$-0.83B,-27.03%,$-0.83B,$10.17B,-7.77%,$-0.83B,$9.35B,-8.61%,$-0.83B,$63.09B,-1.27%,$0.04B,$24.90B,0.15%,$786,$163,$623,$0,$415,$652,$134,$0,$134,$56,$78,$78,$180,$0,$0,$202,203,$0.89,$0.88,$6157,$0,$0,$35612,$7516,$4476,$820,$1952,$27483,$63094,$32336,$14736,$3125,$20593,$52929,$2,$1701,$-124,$10166,$63094,$180,$89,$167,$256,$0,$0,$0,$-145,$-145,$306,$-6,$0,$0,$0,$22,$22,$82,$98,$-1075,$0,$-1075,$0,$0,$-31,$42,$-1064,$-657,$0,$-31
7,2016-12-31,41.65,$49.50,0.84,$15.32,2.72,$23.31,1.79,$-4.26,0.0,$35.53B,$32.30B,1.1,$14.94B,$10.00B,1.49,$3.10B,$2.35B,75.66%,$3.10B,$0.01B,0.32%,$3.10B,0,0.00%,$3.10B,0,0.00%,$3.10B,$0.01B,0.32%,$3.10B,$-0.86B,-27.72%,$-0.86B,$10.00B,-7.91%,$-0.86B,$9.32B,-8.87%,$-0.86B,$64.17B,-1.30%,$0.01B,$24.94B,0.04%,$616,$178,$437,$0,$477,$1058,$-443,$0,$-443,$-19,$-424,$-424,$-1155,$0,$0,$202,202,$-5.71,$-5.71,$6431,$0,$0,$35534,$7486,$4491,$685,$2753,$28636,$64170,$32304,$14936,$3190,$21863,$54167,$2,$1553,$-140,$10003,$64170,$-848,$1058,$1363,$2422,$0,$0,$0,$825,$825,$2399,$-113,$0,$0,$-26,$-1330,$-1356,$973,$-495,$74,$-2427,$-2352,$0,$0,$-123,$-489,$-2965,$-1095,$0,$-123
8,2016-09-30,35.28,$55.62,0.63,$16.09,2.19,$13.75,2.57,$2.17,16.26,$37.49B,$32.85B,1.14,$16.55B,$11.24B,1.47,$3.25B,$2.48B,76.21%,$3.25B,$0.51B,15.67%,$3.25B,0,0.00%,$3.25B,0,0.00%,$3.25B,$0.51B,15.67%,$3.25B,$0.44B,13.52%,$0.44B,$11.24B,3.96%,$0.44B,$9.91B,4.49%,$0.44B,$65.97B,0.66%,$0.51B,$27.79B,1.81%,$814,$188,$625,$0,$410,$665,$149,$0,$149,$55,$94,$94,$132,$0,$0,$202,203,$0.65,$0.65,$7434,$0,$0,$37490,$16955,$3592,$1332,$6143,$28475,$65966,$32854,$16549,$4397,$21874,$54728,$2,$2759,$-104,$11238,$65966,$295,$607,$244,$852,$0,$0,$0,$293,$293,$1439,$-325,$0,$0,$-206,$-502,$-708,$602,$-432,$-2002,$0,$-2002,$0,$0,$-92,$205,$-1889,$-884,$0,$-92
9,2016-06-30,30.88,$55.08,0.56,$17.38,1.78,$10.14,3.04,$5.13,6.02,$38.73B,$32.88B,1.18,$17.51B,$11.13B,1.57,$3.46B,$2.59B,74.97%,$3.46B,$0.50B,14.41%,$3.46B,0,0.00%,$3.46B,0,0.00%,$3.46B,$0.50B,14.41%,$3.46B,$1.00B,28.96%,$1.00B,$11.13B,9.10%,$1.00B,$9.79B,10.34%,$1.00B,$66.70B,1.49%,$0.50B,$28.64B,1.73%,$840,$192,$648,$0,$386,$640,$199,$0,$199,$111,$88,$88,$17,$0,$0,$202,202,$0.08,$0.08,$8104,$0,$0,$38732,$16865,$3229,$1339,$6067,$27969,$66700,$32879,$17510,$4269,$22697,$55576,$2,$2657,$-108,$11125,$66700,$163,$406,$176,$583,$0,$0,$0,$250,$250,$995,$-151,$0,$0,$-71,$-229,$-300,$194,$-258,$-1029,$110,$-919,$0,$0,$-62,$79,$-902,$-167,$0,$-62
10,2016-03-31,29.89,$55.16,0.54,$18.25,1.64,$7.19,4.16,$5.72,5.23,$39.70B,$32.89B,1.21,$18.01B,$11.13B,1.62,$3.50B,$2.56B,73.16%,$3.50B,$0.45B,12.93%,$3.50B,0,0.00%,$3.50B,0,0.00%,$3.50B,$0.45B,12.93%,$3.50B,$1.10B,31.44%,$1.10B,$11.13B,10.55%,$1.10B,$9.76B,11.82%,$1.10B,$67.10B,1.76%,$0.45B,$29.14B,1.62%,$832,$195,$637,$0,$470,$726,$105,$0,$105,$44,$61,$61,$146,$0,$0,$201,202,$0.72,$0.72,$8142,$0,$0,$39702,$16666,$2897,$1365,$5978,$27396,$67098,$32893,$18013,$4381,$23079,$55971,$2,$2674,$-117,$11126,$67098,$146,$204,$162,$366,$0,$0,$0,$-102,$-102,$410,$60,$0,$0,$-184,$49,$-135,$-94,$-169,$-500,$-31,$-530,$0,$0,$-31,$170,$-391,$-152,$0,$-31
11,2015-12-31,38.03,$54.45,0.7,$19.21,1.98,$6.38,5.96,$5.58,6.82,$38.36B,$32.76B,1.17,$16.35B,$10.95B,1.49,$3.56B,$2.55B,71.52%,$3.56B,$0.50B,13.90%,$3.56B,0,0.00%,$3.56B,0,0.00%,$3.56B,$0.50B,13.90%,$3.56B,$1.06B,29.68%,$1.06B,$10.95B,10.76%,$1.06B,$9.72B,11.87%,$1.06B,$67.39B,1.85%,$0.50B,$27.30B,1.83%,$768,$198,$570,$0,$457,$711,$57,$0,$57,$-13,$70,$70,$145,$0,$0,$201,201,$0.72,$0.72,$7652,$0,$0,$38362,$6852,$2954,$1229,$4936,$29030,$67392,$32761,$16350,$3033,$23685,$56447,$2,$2524,$-142,$10945,$67392,$1034,$799,$-400,$399,$0,$0,$0,$-243,$-243,$1190,$-836,$0,$2521,$140,$802,$942,$-1542,$1085,$1521,$-4142,$-2621,$-532,$-532,$-115,$2372,$-896,$1315,$0,$-115
12,2015-09-30,38.21,$53.74,0.71,$13.88,2.75,$15.22,2.51,$6.23,6.13,$40.96B,$32.33B,1.27,$19.32B,$10.80B,1.79,$2.51B,$1.79B,71.23%,$2.51B,$0.22B,8.94%,$2.51B,0,0.00%,$2.51B,0,0.00%,$2.51B,$0.22B,8.94%,$2.51B,$1.15B,45.97%,$1.15B,$10.80B,12.31%,$1.15B,$9.46B,13.41%,$1.15B,$68.13B,2.20%,$0.22B,$30.12B,0.83%,$1016,$280,$736,$0,$440,$879,$137,$0,$137,$-560,$697,$697,$693,$0,$0,$191,192,$3.64,$3.61,$8360,$0,$0,$40961,$15538,$3619,$1336,$6158,$27165,$68126,$32329,$19321,$5005,$24997,$57326,$2,$2443,$-174,$10799,$68126,$912,$582,$-493,$89,$0,$0,$0,$-208,$-208,$794,$-431,$0,$2521,$-38,$66,$27,$-959,$1158,$-2099,$-127,$-2226,$-532,$-532,$-84,$2159,$-683,$1268,$0,$-84
13,2015-06-30,44.24,$50.91,0.87,$13.24,3.34,$18.64,2.37,$5.38,8.22,$26.05B,$17.27B,1.51,$16.44B,$8.81B,1.87,$2.36B,$1.64B,69.59%,$2.36B,$0.20B,8.65%,$2.36B,0,0.00%,$2.36B,0,0.00%,$2.36B,$0.20B,8.65%,$2.36B,$0.97B,41.31%,$0.97B,$8.81B,10.93%,$0.97B,$8.24B,11.68%,$0.97B,$46.66B,2.08%,$0.20B,$25.25B,0.77%,$879,$265,$614,$0,$303,$726,$153,$0,$153,$38,$115,$115,$115,$0,$0,$174,175,$0.66,$0.66,$6215,$0,$0,$26052,$15110,$1693,$566,$3237,$20605,$46657,$17268,$16442,$4140,$20582,$37850,$2,$1781,$-159,$8808,$46657,$219,$389,$60,$449,$0,$0,$0,$-264,$-264,$404,$-192,$0,$0,$92,$-250,$-158,$-553,$-903,$-2003,$69,$-1934,$-393,$-393,$-54,$1392,$-988,$-1487,$0,$-54
14,2015-03-31,42.79,$50.26,0.85,$13.05,3.28,$23.71,1.81,$6.01,7.12,$26.37B,$16.76B,1.57,$16.66B,$8.76B,1.9,$2.40B,$1.69B,70.27%,$2.40B,$0.27B,11.24%,$2.40B,0,0.00%,$2.40B,0,0.00%,$2.40B,$0.27B,11.24%,$2.40B,$1.11B,46.04%,$1.11B,$8.76B,12.48%,$1.11B,$8.20B,13.27%,$1.11B,$46.42B,2.39%,$0.27B,$25.42B,1.01%,$898,$271,$627,$0,$322,$750,$148,$0,$148,$44,$104,$104,$104,$0,$0,$176,177,$0.59,$0.59,$6757,$0,$0,$26367,$14888,$1347,$564,$3250,$20049,$46416,$16758,$16658,$4241,$20899,$37657,$2,$1692,$-163,$8759,$46416,$104,$166,$27,$192,$0,$0,$0,$-163,$-163,$133,$137,$0,$0,$-112,$390,$277,$92,$506,$-1775,$-317,$-2092,$-332,$-332,$-27,$1143,$-1307,$-669,$0,$-27
15,2014-12-31,45.22,$50.10,0.9,$12.37,3.66,$22.07,2.05,$5.97,7.57,$27.48B,$15.85B,1.73,$18.46B,$9.06B,2.04,$2.37B,$1.65B,69.82%,$2.37B,$0.25B,10.34%,$2.37B,0,0.00%,$2.37B,0,0.00%,$2.37B,$0.25B,10.34%,$2.37B,$1.12B,47.24%,$1.12B,$9.06B,12.61%,$1.12B,$8.47B,13.35%,$1.12B,$47.88B,2.39%,$0.25B,$27.52B,0.87%,$-287,$-94,$-193,$0,$254,$-73,$-214,$0,$-214,$-63,$-151,$-151,$240,$0,$0,$188,189,$1.26,$1.27,$7770,$0,$0,$27478,$14930,$1550,$597,$3325,$20403,$47880,$15850,$18456,$4511,$22967,$38817,$2,$1616,$-134,$9064,$47880,$1119,$973,$-672,$301,$0,$0,$0,$-42,$-42,$1378,$630,$0,$-449,$-8,$433,$425,$-1769,$-1163,$-1668,$169,$-1499,$-776,$-776,$-95,$3311,$941,$1074,$0,$-95
16,2014-09-30,43.32,$49.09,0.88,$18.16,2.38,$17.04,2.54,$5.25,8.25,$26.87B,$14.48B,1.86,$18.92B,$9.00B,2.1,$3.52B,$2.46B,69.91%,$3.52B,$0.60B,17.07%,$3.52B,0,0.00%,$3.52B,0,0.00%,$3.52B,$0.60B,17.07%,$3.52B,$1.01B,28.66%,$1.01B,$9.00B,11.44%,$1.01B,$8.45B,12.02%,$1.01B,$46.48B,2.17%,$0.60B,$27.93B,2.13%,$868,$275,$592,$0,$319,$751,$117,$0,$117,$-401,$518,$518,$515,$0,$0,$185,186,$2.78,$2.76,$6864,$0,$0,$26872,$15184,$792,$557,$3075,$19609,$46481,$14483,$18923,$4070,$22994,$37477,$2,$1393,$-82,$9004,$46481,$879,$729,$-599,$131,$0,$0,$0,$-20,$-168,$841,$147,$0,$-448,$-112,$1201,$1089,$-1673,$-886,$-1251,$117,$-1133,$-658,$-658,$-68,$1957,$98,$54,$0,$-68
17,2014-06-30,42.99,$46.48,0.92,$17.88,2.41,$18.96,2.27,$3.48,12.35,$25.26B,$13.94B,1.81,$17.55B,$8.63B,2.03,$3.54B,$2.50B,70.59%,$3.54B,$0.69B,19.51%,$3.54B,0,0.00%,$3.54B,0,0.00%,$3.54B,$0.69B,19.51%,$3.54B,$0.69B,19.63%,$0.69B,$8.63B,7.90%,$0.69B,$8.23B,8.25%,$0.69B,$44.15B,1.49%,$0.69B,$26.18B,2.40%,$923,$262,$661,$0,$285,$704,$219,$0,$219,$18,$201,$201,$247,$0,$0,$190,191,$1.30,$1.29,$6428,$0,$0,$25257,$14788,$823,$403,$2880,$18896,$44153,$13939,$17546,$4038,$21584,$35523,$2,$906,$-78,$8629,$44153,$364,$586,$-321,$266,$0,$0,$0,$0,$28,$806,$395,$0,$-246,$-16,$1819,$1803,$-957,$995,$-2119,$40,$-2078,$-552,$-552,$-39,$1413,$-1257,$544,$0,$-39
18,2014-03-31,45.95,$45.13,1.02,$17.41,2.64,$15.90,2.89,$3.10,14.82,$25.56B,$13.19B,1.94,$22.67B,$8.80B,2.58,$3.50B,$2.46B,70.22%,$3.50B,$0.68B,19.34%,$3.50B,0,0.00%,$3.50B,0,0.00%,$3.50B,$0.68B,19.34%,$3.50B,$0.63B,18.05%,$0.63B,$8.80B,7.17%,$0.63B,$8.40B,7.48%,$0.63B,$48.58B,1.35%,$0.68B,$31.47B,2.28%,$865,$272,$593,$0,$322,$743,$123,$0,$123,$14,$109,$109,$117,$0,$0,$196,197,$0.60,$0.59,$6782,$0,$0,$25560,$14182,$2255,$404,$6177,$23018,$48578,$13189,$22669,$3918,$26587,$39776,$2,$678,$-76,$8802,$48578,$117,$163,$26,$189,$0,$0,$0,$-17,$-79,$227,$-251,$0,$-246,$-118,$380,$262,$-1791,$-2025,$558,$138,$696,$-136,$-136,$-20,$535,$1075,$-723,$0,$-20
19,2013-12-31,48.76,$44.83,1.09,$17.49,2.79,$17.23,2.83,$3.36,14.51,$24.62B,$12.53B,1.97,$18.49B,$8.85B,2.09,$3.53B,$2.47B,69.98%,$3.53B,$0.73B,20.77%,$3.53B,0,0.00%,$3.53B,0,0.00%,$3.53B,$0.73B,20.77%,$3.53B,$0.68B,19.16%,$0.68B,$8.85B,7.76%,$0.68B,$8.52B,8.10%,$0.68B,$47.14B,1.48%,$0.73B,$27.34B,2.50%,$864,$250,$615,$0,$333,$723,$142,$0,$142,$26,$116,$116,$130,$0,$0,$201,202,$0.66,$0.64,$6045,$0,$0,$24619,$13035,$2631,$335,$2698,$22520,$47139,$12527,$18485,$4000,$25763,$38289,$2,$581,$-74,$8850,$47139,$676,$706,$342,$1047,$0,$0,$0,$-402,$-402,$1320,$-196,$0,$0,$105,$-1454,$-1349,$-2806,$-4351,$-338,$309,$-29,$-193,$-193,$-20,$2718,$2476,$-555,$0,$-20
20,2013-09-30,45.53,$44.20,1.03,$17.60,2.59,$29.73,1.53,$3.74,12.17,$28.09B,$11.88B,2.36,$21.39B,$8.85B,2.42,$3.55B,$2.61B,73.37%,$3.55B,$0.88B,24.85%,$3.55B,0,0.00%,$3.55B,0,0.00%,$3.55B,$0.88B,24.85%,$3.55B,$0.75B,21.22%,$0.75B,$8.85B,8.77%,$0.75B,$8.49B,9.17%,$0.75B,$46.22B,1.68%,$0.88B,$30.24B,2.94%,$884,$257,$627,$0,$287,$678,$206,$0,$206,$13,$193,$193,$200,$0,$0,$201,202,$0.99,$0.99,$5992,$0,$0,$28085,$12577,$2499,$361,$2703,$18139,$46224,$11884,$21390,$4097,$25487,$37370,$2,$471,$-88,$8854,$46224,$546,$521,$-26,$495,$0,$0,$0,$50,$232,$1273,$190,$0,$0,$22,$-1407,$-1385,$-2205,$-3400,$-731,$-398,$-1129,$-51,$-51,$0,$2541,$1361,$-767,$0,$0
21,2013-06-30,43.53,$43.21,1.01,$17.76,2.45,$35.21,1.24,$1.23,35.39,$27.72B,$11.22B,2.47,$21.00B,$8.69B,2.42,$3.58B,$2.07B,57.93%,$3.58B,$0.38B,10.68%,$3.58B,0,0.00%,$3.58B,0,0.00%,$3.58B,$0.38B,10.68%,$3.58B,$0.26B,7.13%,$0.26B,$8.69B,3.03%,$0.26B,$8.32B,3.17%,$0.26B,$44.63B,0.58%,$0.38B,$29.69B,1.26%,$883,$263,$620,$0,$281,$677,$205,$0,$205,$29,$176,$176,$184,$0,$0,$201,202,$0.91,$0.91,$5764,$0,$0,$27718,$12326,$1558,$369,$2660,$16913,$44631,$11215,$21002,$3728,$24730,$35946,$2,$272,$-86,$8686,$44631,$346,$331,$5,$336,$0,$0,$0,$9,$-155,$528,$124,$0,$0,$-66,$-495,$-561,$-1334,$-1771,$-1111,$-282,$-1393,$-13,$-13,$0,$1768,$362,$-881,$0,$0
22,2013-03-31,40.59,$42.25,0.96,$18.35,2.21,$44.35,0.92,$-0.03,0.0,$27.93B,$10.75B,2.6,$21.58B,$8.50B,2.54,$3.69B,$1.81B,49.16%,$3.69B,$0.15B,4.09%,$3.69B,0,0.00%,$3.69B,0,0.00%,$3.69B,$0.15B,4.09%,$3.69B,$-0.00B,-0.05%,$-0.00B,$8.50B,-0.02%,$-0.00B,$8.13B,-0.03%,$-0.00B,$44.56B,0.00%,$0.15B,$30.08B,0.49%,$903,$292,$611,$0,$297,$722,$181,$0,$181,$15,$166,$166,$163,$0,$0,$201,202,$0.81,$0.81,$5562,$0,$0,$27927,$12291,$1724,$374,$2248,$16636,$44563,$10754,$21577,$3730,$25307,$36061,$2,$88,$-83,$8502,$44563,$163,$173,$-4,$169,$0,$0,$0,$-66,$-263,$69,$174,$0,$0,$-244,$-658,$-901,$-1211,$-1939,$-452,$0,$-452,$0,$0,$0,$1023,$571,$-1299,$0,$0
23,2012-12-31,36.07,$41.52,0.87,$19.46,1.85,$48.86,0.74,$-3.06,0.0,$27.95B,$9.77B,2.86,$21.96B,$8.34B,2.63,$3.91B,$1.25B,31.85%,$3.91B,$-0.42B,-10.64%,$3.91B,0,0.00%,$3.91B,0,0.00%,$3.91B,$-0.42B,-10.64%,$3.91B,$-0.59B,-15.14%,$-0.59B,$8.34B,-7.12%,$-0.59B,$7.96B,-7.45%,$-0.59B,$44.01B,-1.36%,$-0.42B,$30.30B,-1.31%,$883,$135,$749,$0,$347,$592,$291,$0,$291,$27,$264,$264,$207,$0,$0,$201,201,$1.03,$1.03,$6830,$0,$0,$27947,$12412,$1066,$378,$2210,$16065,$44012,$9766,$21962,$3944,$25906,$35673,$2,$-75,$-78,$8340,$44012,$-592,$1986,$-237,$1749,$0,$0,$0,$-161,$-248,$909,$2723,$0,$0,$134,$258,$392,$-2624,$491,$-6018,$190,$-5829,$0,$0,$0,$3500,$-2329,$-930,$0,$0
24,2012-09-30,36.77,$40.28,0.91,$20.66,1.78,$45.90,0.8,$-3.92,0.0,$27.06B,$8.79B,3.08,$22.91B,$8.09B,2.83,$4.15B,$0.93B,22.49%,$4.15B,$-0.64B,-15.38%,$4.15B,0,0.00%,$4.15B,0,0.00%,$4.15B,$-0.64B,-15.38%,$4.15B,$-0.77B,-18.49%,$-0.77B,$8.09B,-9.07%,$-0.77B,$7.72B,-9.50%,$-0.77B,$43.58B,-1.75%,$-0.64B,$31.00B,-1.94%,$908,$816,$92,$0,$252,$1203,$-295,$0,$-295,$4,$-298,$-298,$-299,$0,$0,$201,201,$-1.49,$-1.49,$6485,$0,$0,$27063,$12072,$1005,$368,$3073,$16518,$43581,$8791,$22907,$3792,$26699,$35490,$2,$-290,$-100,$8091,$43581,$-799,$1733,$-176,$1558,$0,$0,$0,$-220,$-381,$377,$2177,$0,$0,$6,$294,$300,$-1880,$597,$-4830,$-270,$-5100,$0,$0,$0,$2932,$-2168,$-1194,$0,$0
25,2012-06-30,33.27,$41.75,0.8,$21.89,1.52,$42.38,0.79,$-2.48,0.0,$26.45B,$7.22B,3.66,$23.53B,$8.39B,2.81,$4.40B,$1.39B,31.69%,$4.40B,$-0.34B,-7.64%,$4.40B,0,0.00%,$4.40B,0,0.00%,$4.40B,$-0.34B,-7.64%,$4.40B,$-0.50B,-11.40%,$-0.50B,$8.39B,-5.79%,$-0.50B,$8.01B,-6.05%,$-0.50B,$42.80B,-1.13%,$-0.34B,$31.92B,-0.98%,$996,$634,$362,$0,$257,$1022,$-26,$0,$-26,$45,$-72,$-72,$-73,$0,$0,$201,201,$-0.36,$-0.36,$6130,$0,$0,$26454,$11896,$1184,$373,$2888,$16342,$42796,$7224,$23534,$3652,$27187,$34411,$2,$15,$-101,$8385,$42796,$-500,$1128,$-144,$984,$0,$0,$0,$31,$-172,$311,$2171,$0,$0,$-3,$90,$87,$-1384,$873,$-3703,$-183,$-3886,$0,$0,$0,$1235,$-2651,$-1466,$0,$0
26,2012-03-31,38.5,$42.11,0.91,$23.18,1.66,$36.95,1.04,$-2.37,0.0,$27.13B,$6.91B,3.93,$25.10B,$8.46B,2.97,$4.65B,$1.48B,31.76%,$4.65B,$-0.34B,-7.29%,$4.65B,0,0.00%,$4.65B,0,0.00%,$4.65B,$-0.34B,-7.29%,$4.65B,$-0.48B,-10.27%,$-0.48B,$8.46B,-5.43%,$-0.48B,$8.08B,-5.67%,$-0.48B,$44.15B,-1.05%,$-0.34B,$33.56B,-0.94%,$1122,$1081,$42,$0,$290,$1508,$-386,$0,$-386,$40,$-426,$-426,$-427,$0,$0,$201,201,$-2.13,$-2.13,$6357,$0,$0,$27128,$11904,$1334,$381,$3402,$17021,$44148,$6907,$25101,$3684,$28785,$35692,$2,$86,$-90,$8456,$44148,$-427,$750,$-126,$624,$0,$0,$0,$-160,$-184,$13,$1136,$0,$0,$-78,$-63,$-141,$-926,$68,$-1885,$625,$-1259,$0,$0,$0,$41,$-1219,$-1137,$0,$0
27,2011-12-31,32.55,$44.28,0.74,$24.15,1.35,$34.54,0.94,$0.18,180.84,$27.71B,$6.26B,4.43,$26.31B,$8.89B,2.96,$4.85B,$2.06B,42.40%,$4.85B,$0.18B,3.69%,$4.85B,0,0.00%,$4.85B,0,0.00%,$4.85B,$0.18B,3.69%,$4.85B,$0.02B,0.31%,$0.02B,$8.89B,0.17%,$0.02B,$8.48B,0.18%,$0.02B,$45.26B,0.03%,$0.18B,$35.19B,0.47%,$1123,$686,$437,$0,$231,$1055,$69,$0,$69,$35,$34,$34,$32,$0,$0,$201,201,$0.15,$0.15,$7480,$0,$0,$27707,$12006,$1258,$410,$3883,$17556,$45263,$6260,$26308,$3810,$30117,$36377,$2,$518,$-83,$8886,$45263,$15,$752,$-66,$686,$0,$0,$0,$550,$155,$856,$2179,$0,$0,$197,$-886,$-689,$2778,$4268,$-8946,$56,$-8890,$0,$0,$0,$1681,$-7209,$-2085,$0,$0
28,2011-09-30,28.35,$44.38,0.64,$25.47,1.11,$42.18,0.67,$0.38,74.6,$28.90B,$5.05B,5.72,$27.00B,$8.90B,3.03,$5.11B,$2.30B,44.95%,$5.11B,$0.44B,8.69%,$5.11B,0,0.00%,$5.11B,0,0.00%,$5.11B,$0.19B,3.66%,$5.11B,$0.06B,1.21%,$0.06B,$8.90B,0.69%,$0.06B,$8.57B,0.72%,$0.06B,$44.48B,0.13%,$0.44B,$35.91B,1.10%,$1155,$603,$552,$0,$420,$1148,$7,$0,$7,$40,$-33,$-33,$-33,$0,$0,$201,201,$-0.16,$-0.16,$6966,$0,$0,$28898,$11191,$723,$338,$3328,$15580,$44478,$5052,$27001,$3520,$30521,$35574,$2,$500,$-39,$8904,$44478,$-17,$416,$22,$438,$0,$0,$0,$285,$-20,$401,$1444,$0,$0,$-39,$-416,$-455,$2022,$3011,$-7706,$-352,$-8058,$0,$0,$0,$860,$-7198,$-3787,$0,$0
29,2011-06-30,41.32,$44.59,0.93,$27.32,1.51,$49.57,0.83,$1.12,36.89,$29.76B,$4.66B,6.39,$30.89B,$8.94B,3.45,$5.48B,$2.54B,46.28%,$5.48B,$0.67B,12.28%,$5.48B,0,0.00%,$5.48B,0,0.00%,$5.48B,$0.42B,7.59%,$5.48B,$0.21B,3.85%,$0.21B,$8.94B,2.36%,$0.21B,$8.59B,2.47%,$0.21B,$48.01B,0.42%,$0.67B,$39.83B,1.58%,$1253,$806,$447,$0,$323,$1282,$-29,$0,$-29,$21,$-50,$-50,$-50,$0,$0,$201,201,$-0.25,$-0.25,$7368,$0,$0,$29758,$10920,$2983,$349,$3999,$18252,$48010,$4659,$30891,$3517,$34408,$39067,$2,$516,$-12,$8943,$48010,$16,$329,$-34,$296,$0,$0,$0,$72,$-56,$256,$1135,$0,$0,$-26,$-2677,$-2704,$1230,$-339,$-3592,$-94,$-3686,$0,$0,$0,$55,$-3632,$-3715,$0,$0
30,2011-03-31,39.72,$44.85,0.89,$29.94,1.33,$52.49,0.76,$2.07,19.19,$29.55B,$4.50B,6.57,$33.69B,$8.99B,3.75,$6.01B,$3.06B,50.97%,$6.01B,$0.97B,16.18%,$6.01B,0,0.00%,$6.01B,0,0.00%,$6.01B,$0.72B,11.90%,$6.01B,$0.44B,7.37%,$0.44B,$8.99B,5.01%,$0.44B,$8.62B,5.25%,$0.44B,$50.68B,0.84%,$0.97B,$42.68B,2.19%,$1318,$699,$620,$0,$327,$1186,$132,$0,$132,$62,$70,$70,$66,$0,$0,$201,201,$0.33,$0.33,$5701,$0,$0,$29551,$11040,$6417,$377,$3291,$21124,$50675,$4500,$33687,$3495,$37181,$41681,$2,$564,$-4,$8994,$50675,$66,$121,$5,$126,$0,$0,$0,$-38,$-58,$133,$532,$0,$0,$-73,$-6126,$-6199,$1951,$-3715,$-490,$-234,$-724,$0,$0,$0,$30,$-693,$-4275,$0,$0
31,2010-12-31,43.97,$44.50,0.99,$31.78,1.38,$50.30,0.87,$2.23,19.72,$35.98B,$4.66B,7.72,$34.03B,$8.92B,3.82,$6.37B,$3.29B,51.66%,$6.37B,$1.03B,16.15%,$6.37B,0,0.00%,$6.37B,0,0.00%,$6.37B,$0.77B,12.12%,$6.37B,$0.52B,8.19%,$0.52B,$8.92B,5.98%,$0.52B,$8.46B,6.29%,$0.52B,$51.42B,0.96%,$1.03B,$42.95B,2.23%,$1386,$707,$679,$0,$182,$1052,$334,$0,$77,$-3,$80,$80,$79,$0,$0,$200,201,$0.39,$0.39,$11238,$0,$0,$35983,$11140,$378,$460,$3460,$15437,$51420,$4663,$34029,$3808,$37836,$42499,$2,$505,$-10,$8921,$51420,$521,$-504,$490,$-15,$0,$0,$0,$-373,$81,$588,$3976,$0,$0,$527,$43,$570,$5641,$10187,$-10006,$74,$-9932,$0,$0,$0,$-597,$-10529,$245,$0,$0
32,2010-09-30,38.1,$44.10,0.86,$27.07,1.41,$30.19,1.26,$1.86,20.49,$38.26B,$4.91B,7.79,$35.94B,$8.83B,4.07,$5.86B,$2.81B,47.90%,$5.86B,$-5.40B,-92.05%,$5.86B,0,0.00%,$5.86B,0,0.00%,$5.86B,$3.75B,64.01%,$5.86B,$3.60B,61.34%,$3.60B,$8.83B,41.82%,$3.60B,$8.44B,44.05%,$3.60B,$52.98B,6.36%,$-5.40B,$44.77B,-11.17%,$1525,$734,$791,$0,$394,$1290,$236,$0,$236,$117,$118,$118,$116,$0,$0,$200,201,$0.58,$0.58,$11223,$0,$0,$38262,$10965,$0,$391,$3364,$14720,$52982,$4912,$35941,$3299,$39240,$44151,$2,$404,$1,$8831,$52982,$442,$-438,$395,$-43,$0,$0,$0,$-342,$-118,$281,$3045,$0,$0,$346,$20,$367,$5461,$8872,$-7621,$-402,$-8023,$0,$0,$0,$54,$-7969,$1185,$0,$0
