,Date,Stock Price,Book Value per Share,Price to Book Ratio,TTM Sales per Share,Price to Sales Ratio,TTM FCF per Share,Price to FCF Ratio,TTM Net EPS,PE Ratio,Current Assets,Current Liabilities,Current Ratio,Long Term Debt,Shareholder's Equity_x,Debt to Equity Ratio,TTM Revenue_x,TTM Gross Profit,Gross Margin,TTM Revenue_y,TTM Operating Income,Operating Margin,TTM Revenue_x,TTM EBIT,EBIT Margin,TTM Revenue_y,TTM EBITDA,EBITDA Margin,TTM Revenue_x,TTM Pre-Tax Income,Pre-Tax Margin,TTM Revenue_y,TTM Net Income_x,Net Margin,TTM Net Income_y,Shareholder's Equity_y,Return on Equity,TTM Net Income_x,Tangible Equity,Return on Tangible Equity,TTM Net Income_y,Total Assets,Return on Assets,TTM Net Income,LT Investments & Debt,Return on Investment,revenue,cost-goods-sold,gross-profit,research-development-expenses,selling-general-administrative-expenses,operating-expenses,operating-income,total-non-operating-income-expense,pre-tax-income,total-provision-income-taxes,income-after-taxes,income-from-continuous-operations,net-income,ebitda,ebit,basic-shares-outstanding,shares-outstanding,eps-basic-net-earnings-per-share,eps-earnings-per-share-diluted,cash-on-hand,inventory,other-current-assets,total-current-assets,net-property-plant-equipment,long-term-investments,goodwill-intangible-assets-total,other-long-term-assets,total-long-term-assets,total-assets,total-current-liabilities,long-term-debt,other-non-current-liabilities,total-long-term-liabilities,total-liabilities,common-stock-net,retained-earnings-accumulated-deficit,comprehensive-income,total-share-holder-equity,total-liabilities-share-holders-equity,net-income-loss,total-depreciation-amortization-cash-flow,other-non-cash-items,total-non-cash-items,change-in-accounts-receivable,change-in-inventories,change-in-accounts-payable,change-in-assets-liabilities,total-change-in-assets-liabilities,cash-flow-from-operating-activities,net-change-in-property-plant-equipment,net-change-in-intangible-assets,net-acquisitions-divestitures,net-change-in-short-term-investments,net-change-in-long-term-investments,net-change-in-investments-total,investing-activities-other,cash-flow-from-investing-activities,net-long-term-debt,net-current-debt,debt-issuance-retirement-net-total,net-common-equity-issued-repurchased,net-total-equity-issued-repurchased,total-common-preferred-stock-dividends-paid,financial-activities-other,cash-flow-from-financial-activities,net-cash-flow,stock-based-compensation,common-stock-dividends-paid
0,2018-09-30,24.09,$18.80,1.28,$6.51,3.7,$4.00,6.03,$0.80,30.11,$1.58B,$1.62B,0.97,$0.18B,$0.28B,0.63,$0.08B,$0.08B,91.57%,$0.08B,$0.01B,16.87%,$0.08B,0,0.00%,$0.08B,0,0.00%,$0.08B,$0.01B,16.87%,$0.08B,$0.01B,12.05%,$0.01B,$0.29B,4.70%,$0.01B,$0.20B,5.87%,$0.01B,$2.09B,0.59%,$0.01B,$0.46B,3.99%,$21,$2,$19,$0,$23,$25,$-3,$0,$-3,$-0,$-3,$-3,$-4,$0,$0,$12,13,$-0.31,$-0.31,$65,$0,$0,$1578,$23,$336,$86,$63,$508,$2086,$1622,$175,$0,$175,$1796,$265,$35,$-5,$289,$2086,$0,$0,$0,$0,$0,$0,$0,$0,$0,$19,$-0,$0,$144,$0,$-50,$-50,$-53,$41,$-10,$80,$70,$0,$0,$-3,$-103,$-36,$24,$0,$-2
1,2018-06-30,24.15,$17.60,1.37,$6.37,3.79,$3.44,7.02,$1.40,17.25,$1.22B,$1.17B,1.04,$0.19B,$0.18B,1.05,$0.08B,$0.07B,92.50%,$0.08B,$0.02B,27.50%,$0.08B,0,0.00%,$0.08B,0,0.00%,$0.08B,$0.02B,27.50%,$0.08B,$0.02B,21.25%,$0.02B,$0.19B,9.14%,$0.02B,$0.16B,10.76%,$0.02B,$1.55B,1.10%,$0.02B,$0.38B,7.30%,$21,$1,$19,$0,$16,$17,$3,$0,$3,$0,$3,$3,$3,$0,$0,$10,13,$0.26,$0.24,$41,$0,$0,$1217,$17,$246,$28,$40,$332,$1548,$1173,$186,$0,$186,$1359,$158,$40,$-4,$190,$1548,$0,$0,$0,$0,$0,$0,$0,$0,$0,$5,$-0,$0,$0,$0,$-5,$-5,$-15,$-21,$-10,$87,$77,$0,$0,$-2,$-59,$16,$1,$0,$-1
2,2018-03-31,22.71,$18.36,1.24,$6.19,3.67,$3.64,6.24,$1.45,15.66,$1.27B,$1.32B,0.96,$0.09B,$0.17B,0.52,$0.08B,$0.07B,93.51%,$0.08B,$0.02B,31.17%,$0.08B,0,0.00%,$0.08B,0,0.00%,$0.08B,$0.02B,31.17%,$0.08B,$0.02B,22.08%,$0.02B,$0.19B,9.28%,$0.02B,$0.16B,10.97%,$0.02B,$1.60B,1.12%,$0.02B,$0.28B,8.70%,$22,$1,$20,$0,$12,$13,$8,$0,$8,$1,$7,$7,$7,$0,$0,$10,13,$0.65,$0.55,$119,$0,$0,$1267,$17,$249,$28,$38,$333,$1600,$1323,$89,$0,$89,$1412,$154,$38,$-4,$188,$1600,$0,$0,$0,$0,$0,$0,$0,$0,$0,$7,$-0,$0,$0,$0,$-7,$-7,$11,$3,$-10,$-6,$-16,$0,$0,$-1,$86,$69,$78,$0,$-1
3,2017-12-31,21.79,$18.09,1.2,$6.11,3.57,$3.88,5.62,$1.30,16.76,$1.20B,$1.24B,0.97,$0.10B,$0.17B,0.61,$0.07B,$0.07B,94.59%,$0.07B,$0.02B,31.08%,$0.07B,0,0.00%,$0.07B,0,0.00%,$0.07B,$0.02B,31.08%,$0.07B,$0.01B,18.92%,$0.01B,$0.18B,7.78%,$0.01B,$0.16B,9.24%,$0.01B,$1.53B,0.93%,$0.02B,$0.29B,8.80%,$19,$1,$18,$0,$12,$13,$6,$0,$6,$2,$4,$4,$4,$0,$0,$10,12,$0.36,$0.30,$41,$0,$0,$1199,$18,$245,$28,$36,$327,$1526,$1240,$101,$0,$101,$1341,$154,$32,$-1,$184,$1526,$16,$3,$1,$4,$-1,$0,$0,$1,$1,$21,$-1,$0,$0,$0,$-36,$-36,$-110,$-146,$-3,$19,$16,$33,$33,$-4,$84,$129,$4,$0,$-4
4,2017-09-30,22.06,$17.89,1.23,$6.04,3.65,$3.66,6.03,$1.31,16.84,$1.17B,$1.23B,0.96,$0.09B,$0.16B,0.52,$0.07B,$0.07B,94.44%,$0.07B,$0.02B,30.56%,$0.07B,0,0.00%,$0.07B,0,0.00%,$0.07B,$0.02B,30.56%,$0.07B,$0.01B,18.06%,$0.01B,$0.18B,7.72%,$0.01B,$0.15B,9.30%,$0.01B,$1.50B,0.88%,$0.02B,$0.27B,9.03%,$18,$1,$17,$0,$12,$13,$5,$0,$5,$1,$4,$4,$3,$0,$0,$10,13,$0.33,$0.29,$33,$0,$0,$1172,$18,$244,$28,$34,$324,$1496,$1228,$86,$0,$86,$1314,$154,$28,$-0,$182,$1496,$0,$0,$0,$0,$0,$0,$0,$0,$0,$12,$-1,$0,$0,$0,$-33,$-33,$-87,$-120,$-3,$-3,$-6,$33,$33,$-3,$80,$105,$-3,$0,$-2
5,2017-06-30,20.56,$17.59,1.17,$6.14,3.35,$3.68,5.58,$1.36,15.11,$1.14B,$1.19B,0.95,$0.09B,$0.16B,0.58,$0.07B,$0.07B,94.37%,$0.07B,$0.02B,30.99%,$0.07B,0,0.00%,$0.07B,0,0.00%,$0.07B,$0.02B,30.99%,$0.07B,$0.01B,18.31%,$0.01B,$0.18B,8.25%,$0.01B,$0.15B,10.12%,$0.01B,$1.46B,0.90%,$0.02B,$0.27B,9.67%,$18,$1,$17,$0,$12,$13,$5,$0,$5,$1,$4,$4,$3,$0,$0,$10,13,$0.32,$0.29,$40,$0,$0,$1136,$18,$244,$29,$35,$326,$1462,$1190,$93,$0,$93,$1283,$153,$26,$-1,$179,$1462,$0,$0,$0,$0,$0,$0,$0,$0,$0,$8,$-0,$0,$0,$0,$-33,$-33,$-45,$-79,$-3,$1,$-1,$33,$33,$-2,$44,$73,$3,$0,$-1
6,2017-03-31,21.76,$17.23,1.26,$6.31,3.45,$3.75,5.81,$1.54,14.13,$1.25B,$1.35B,0.93,$0.04B,$0.16B,0.28,$0.07B,$0.07B,94.37%,$0.07B,$0.02B,33.80%,$0.07B,0,0.00%,$0.07B,0,0.00%,$0.07B,$0.02B,33.80%,$0.07B,$0.02B,21.13%,$0.02B,$0.18B,10.22%,$0.02B,$0.15B,12.74%,$0.02B,$1.57B,1.06%,$0.02B,$0.22B,11.28%,$19,$1,$18,$0,$11,$12,$7,$0,$7,$2,$5,$5,$4,$0,$0,$9,12,$0.47,$0.40,$182,$0,$0,$1251,$18,$237,$29,$34,$318,$1569,$1350,$44,$0,$44,$1394,$153,$23,$-2,$175,$1569,$0,$0,$0,$0,$0,$0,$0,$0,$0,$9,$-0,$0,$0,$0,$-27,$-27,$-19,$-47,$-3,$-36,$-39,$33,$33,$-1,$190,$184,$146,$0,$-1
7,2016-12-31,19.02,$16.49,1.15,$6.37,2.99,$4.60,4.14,$1.57,12.12,$1.09B,$1.16B,0.93,$0.08B,$0.12B,0.66,$0.07B,$0.07B,94.29%,$0.07B,$0.02B,34.29%,$0.07B,0,0.00%,$0.07B,0,0.00%,$0.07B,$0.02B,34.29%,$0.07B,$0.02B,21.43%,$0.02B,$0.14B,11.05%,$0.02B,$0.11B,14.08%,$0.02B,$1.38B,1.07%,$0.02B,$0.22B,11.87%,$17,$1,$16,$0,$10,$11,$5,$0,$5,$1,$4,$4,$3,$0,$0,$8,11,$0.39,$0.33,$37,$0,$0,$1085,$18,$210,$29,$36,$292,$1377,$1162,$78,$0,$78,$1240,$119,$19,$-2,$138,$1377,$17,$3,$-2,$2,$0,$0,$0,$-2,$-1,$18,$-2,$0,$0,$0,$-4,$-4,$-57,$-64,$0,$-19,$-19,$0,$0,$-3,$69,$47,$1,$0,$-3
8,2016-09-30,13.82,$16.80,0.82,$6.33,2.18,$4.40,3.14,$1.53,9.03,$1.07B,$1.17B,0.92,$0.06B,$0.12B,0.54,$0.07B,$0.07B,94.20%,$0.07B,$0.02B,34.78%,$0.07B,0,0.00%,$0.07B,0,0.00%,$0.07B,$0.02B,34.78%,$0.07B,$0.02B,21.74%,$0.02B,$0.14B,11.32%,$0.02B,$0.11B,14.53%,$0.02B,$1.37B,1.08%,$0.02B,$0.20B,11.72%,$17,$1,$16,$0,$11,$12,$5,$0,$5,$1,$4,$4,$3,$0,$0,$8,11,$0.41,$0.34,$33,$0,$0,$1074,$17,$215,$29,$37,$298,$1372,$1170,$64,$0,$64,$1234,$118,$16,$1,$138,$1372,$0,$0,$0,$0,$0,$0,$0,$0,$0,$11,$-1,$0,$0,$0,$-4,$-4,$-49,$-54,$0,$-40,$-40,$0,$0,$-2,$82,$40,$-2,$0,$-1
9,2016-06-30,12.72,$17.23,0.74,$6.27,2.03,$4.72,2.7,$1.49,8.53,$1.07B,$1.15B,0.93,$0.08B,$0.11B,0.67,$0.07B,$0.06B,94.12%,$0.07B,$0.02B,33.82%,$0.07B,0,0.00%,$0.07B,0,0.00%,$0.07B,$0.02B,33.82%,$0.07B,$0.02B,22.06%,$0.02B,$0.14B,11.65%,$0.02B,$0.11B,15.08%,$0.02B,$1.36B,1.09%,$0.02B,$0.21B,10.94%,$18,$1,$17,$0,$10,$11,$7,$0,$7,$2,$5,$5,$5,$0,$0,$8,11,$0.61,$0.47,$42,$0,$0,$1065,$17,$214,$29,$35,$295,$1360,$1147,$77,$0,$77,$1224,$116,$14,$2,$136,$1360,$0,$0,$0,$0,$0,$0,$0,$0,$0,$8,$-0,$0,$0,$0,$-2,$-2,$-30,$-32,$0,$-31,$-31,$0,$0,$-2,$63,$30,$6,$0,$-1
10,2016-03-31,9.96,$16.58,0.6,$6.15,1.62,$5.18,1.92,$1.31,7.6,$1.21B,$1.33B,0.91,$0.05B,$0.11B,0.43,$0.07B,$0.06B,95.45%,$0.07B,$0.02B,30.30%,$0.07B,0,0.00%,$0.07B,0,0.00%,$0.07B,$0.02B,30.30%,$0.07B,$0.01B,19.70%,$0.01B,$0.13B,10.42%,$0.01B,$0.10B,13.65%,$0.01B,$1.51B,0.95%,$0.02B,$0.18B,9.60%,$18,$1,$17,$0,$11,$12,$7,$0,$7,$2,$5,$5,$4,$0,$0,$8,11,$0.55,$0.43,$214,$0,$0,$1212,$17,$215,$29,$33,$295,$1507,$1329,$47,$0,$47,$1376,$115,$9,$1,$131,$1507,$0,$0,$0,$0,$0,$0,$0,$0,$0,$18,$-0,$0,$0,$0,$-4,$-4,$-7,$-11,$0,$-54,$-54,$0,$0,$-1,$228,$172,$179,$0,$-0
11,2015-12-31,12.34,$15.96,0.77,$5.95,2.07,$4.75,2.6,$1.17,10.55,$1.03B,$1.09B,0.95,$0.10B,$0.10B,0.98,$0.06B,$0.06B,95.31%,$0.06B,$0.02B,26.56%,$0.06B,0,0.00%,$0.06B,0,0.00%,$0.06B,$0.02B,26.56%,$0.06B,$0.01B,18.75%,$0.01B,$0.13B,9.86%,$0.01B,$0.10B,13.01%,$0.01B,$1.32B,0.90%,$0.02B,$0.23B,8.27%,$16,$1,$15,$0,$10,$11,$5,$0,$5,$1,$3,$3,$3,$0,$0,$8,11,$0.36,$0.29,$36,$0,$0,$1029,$17,$210,$30,$30,$286,$1315,$1089,$101,$0,$101,$1190,$115,$5,$-0,$125,$1315,$13,$3,$0,$4,$-0,$0,$-0,$-1,$-1,$15,$-2,$0,$1,$0,$-0,$-0,$-11,$-12,$-5,$14,$9,$0,$0,$-3,$-4,$3,$6,$0,$-3
12,2015-09-30,9.69,$15.72,0.62,$5.80,1.67,$4.99,1.94,$1.09,8.89,$1.03B,$1.09B,0.94,$0.10B,$0.10B,1.01,$0.06B,$0.06B,96.77%,$0.06B,$0.02B,25.81%,$0.06B,0,0.00%,$0.06B,0,0.00%,$0.06B,$0.02B,24.19%,$0.06B,$0.01B,17.74%,$0.01B,$0.12B,9.21%,$0.01B,$0.09B,12.05%,$0.01B,$1.31B,0.84%,$0.02B,$0.23B,7.93%,$16,$1,$15,$0,$11,$12,$4,$0,$4,$1,$3,$3,$3,$0,$0,$8,11,$0.36,$0.30,$34,$0,$0,$1025,$16,$212,$30,$30,$288,$1313,$1088,$102,$0,$102,$1190,$115,$3,$0,$123,$1313,$0,$0,$0,$0,$0,$0,$0,$0,$0,$14,$-1,$0,$1,$0,$-2,$-2,$-13,$-15,$-5,$11,$6,$0,$0,$-2,$0,$4,$4,$0,$-1
13,2015-06-30,10.29,$15.30,0.67,$5.66,1.82,$4.87,2.11,$1.00,10.29,$1.03B,$1.11B,0.93,$0.09B,$0.10B,0.87,$0.06B,$0.06B,96.72%,$0.06B,$0.02B,24.59%,$0.06B,0,0.00%,$0.06B,0,0.00%,$0.06B,$0.01B,22.95%,$0.06B,$0.01B,16.39%,$0.01B,$0.12B,8.49%,$0.01B,$0.09B,11.02%,$0.01B,$1.32B,0.78%,$0.02B,$0.21B,7.96%,$16,$1,$16,$0,$11,$12,$4,$0,$4,$1,$3,$3,$3,$0,$0,$8,11,$0.35,$0.29,$35,$0,$0,$1031,$16,$211,$30,$29,$286,$1317,$1113,$85,$0,$85,$1197,$115,$0,$-1,$120,$1317,$0,$0,$0,$0,$0,$0,$0,$0,$0,$13,$-1,$0,$1,$0,$-1,$-1,$-11,$-12,$-5,$-9,$-14,$0,$0,$-2,$20,$4,$5,$0,$-1
14,2015-03-31,10.47,$15.20,0.69,$5.51,1.9,$4.50,2.33,$0.92,11.38,$1.12B,$1.24B,0.9,$0.05B,$0.10B,0.49,$0.06B,$0.06B,95.00%,$0.06B,$0.01B,23.33%,$0.06B,0,0.00%,$0.06B,0,0.00%,$0.06B,$0.01B,21.67%,$0.06B,$0.01B,15.00%,$0.01B,$0.12B,7.74%,$0.01B,$0.09B,9.92%,$0.01B,$1.41B,0.72%,$0.01B,$0.17B,7.67%,$16,$1,$15,$0,$11,$12,$4,$0,$4,$1,$3,$3,$3,$0,$0,$8,11,$0.36,$0.29,$142,$0,$0,$1119,$16,$213,$30,$29,$288,$1407,$1241,$47,$0,$47,$1288,$115,$-2,$1,$119,$1407,$0,$0,$0,$0,$0,$0,$0,$0,$0,$13,$-0,$0,$1,$0,$-1,$-1,$7,$7,$-5,$-43,$-48,$0,$0,$-1,$142,$93,$112,$0,$-0
15,2014-12-31,9.7,$15.04,0.64,$5.49,1.77,$3.91,2.48,$0.85,11.41,$0.94B,$1.00B,0.93,$0.10B,$0.09B,1.02,$0.06B,$0.06B,95.00%,$0.06B,$0.01B,23.33%,$0.06B,0,0.00%,$0.06B,0,0.00%,$0.06B,$0.01B,21.67%,$0.06B,$0.01B,13.33%,$0.01B,$0.12B,7.03%,$0.01B,$0.09B,8.91%,$0.01B,$1.21B,0.66%,$0.01B,$0.21B,7.57%,$14,$1,$14,$0,$10,$11,$4,$0,$3,$1,$2,$2,$2,$0,$0,$8,11,$0.23,$0.21,$30,$0,$0,$937,$14,$210,$24,$28,$276,$1213,$1003,$95,$0,$95,$1097,$114,$-4,$-0,$116,$1213,$10,$3,$1,$4,$-2,$0,$-0,$3,$1,$15,$1,$0,$0,$0,$8,$8,$-58,$-48,$-15,$44,$29,$0,$-23,$-3,$26,$29,$-4,$0,$-3
16,2014-09-30,9.37,$15.03,0.62,$6.00,1.56,$3.98,2.36,$0.74,12.66,$0.90B,$1.01B,0.89,$0.06B,$0.09B,0.6,$0.06B,$0.06B,93.33%,$0.06B,$0.01B,18.33%,$0.06B,0,0.00%,$0.06B,0,0.00%,$0.06B,$0.01B,18.33%,$0.06B,$0.01B,11.67%,$0.01B,$0.12B,6.00%,$0.01B,$0.09B,7.55%,$0.01B,$1.18B,0.59%,$0.01B,$0.17B,6.07%,$15,$1,$14,$0,$10,$12,$3,$0,$3,$1,$2,$2,$2,$0,$0,$8,11,$0.25,$0.21,$24,$0,$0,$902,$14,$213,$24,$29,$280,$1182,$1010,$56,$0,$56,$1066,$114,$-6,$1,$116,$1182,$0,$0,$0,$0,$0,$0,$0,$0,$0,$11,$1,$0,$0,$0,$5,$5,$-28,$-22,$-20,$9,$-11,$0,$-23,$-3,$38,$1,$-10,$0,$-1
17,2014-06-30,8.41,$14.78,0.57,$6.50,1.29,$3.70,2.27,$0.70,12.01,$0.91B,$1.00B,0.9,$0.07B,$0.09B,0.74,$0.06B,$0.06B,93.22%,$0.06B,$0.01B,16.95%,$0.06B,0,0.00%,$0.06B,0,0.00%,$0.06B,$0.01B,16.95%,$0.06B,$0.01B,10.17%,$0.01B,$0.11B,5.29%,$0.01B,$0.09B,6.70%,$0.01B,$1.19B,0.51%,$0.01B,$0.18B,5.53%,$15,$1,$14,$0,$11,$12,$3,$0,$3,$1,$2,$2,$2,$0,$0,$8,11,$0.24,$0.21,$50,$0,$0,$908,$15,$210,$24,$28,$277,$1185,$1004,$67,$0,$67,$1071,$114,$-7,$1,$114,$1185,$0,$0,$0,$0,$0,$0,$0,$0,$0,$9,$-0,$0,$0,$0,$8,$8,$-9,$-2,$-0,$-2,$-2,$0,$-23,$-2,$37,$10,$17,$0,$-1
18,2014-03-31,8.57,$14.09,0.61,$6.94,1.23,$3.90,2.19,$0.67,12.79,$0.97B,$1.08B,0.9,$0.07B,$0.09B,0.79,$0.06B,$0.05B,93.10%,$0.06B,$0.01B,15.52%,$0.06B,0,0.00%,$0.06B,0,0.00%,$0.06B,$0.01B,15.52%,$0.06B,$0.01B,8.62%,$0.01B,$0.11B,4.52%,$0.01B,$0.09B,5.78%,$0.01B,$1.25B,0.42%,$0.01B,$0.18B,5.04%,$16,$1,$15,$0,$11,$12,$4,$0,$4,$1,$3,$3,$2,$0,$0,$8,11,$0.27,$0.22,$120,$0,$0,$965,$16,$216,$24,$30,$286,$1251,$1075,$67,$0,$67,$1142,$114,$-9,$-3,$109,$1251,$0,$0,$0,$0,$0,$0,$0,$0,$0,$6,$-0,$0,$0,$0,$0,$0,$3,$4,$-0,$-2,$-2,$0,$-23,$-1,$102,$76,$86,$0,$-0
19,2013-12-31,6.02,$16.65,0.36,$7.36,0.82,$3.68,1.63,$0.66,9.12,$0.88B,$0.97B,0.91,$0.07B,$0.08B,0.82,$0.06B,$0.05B,91.23%,$0.06B,$0.01B,12.28%,$0.06B,0,0.00%,$0.06B,0,0.00%,$0.06B,$0.01B,12.28%,$0.06B,$0.01B,8.77%,$0.01B,$0.13B,4.57%,$0.01B,$0.10B,5.87%,$0.01B,$1.17B,0.43%,$0.01B,$0.20B,3.93%,$14,$1,$13,$0,$12,$13,$1,$0,$1,$0,$1,$1,$1,$0,$0,$8,8,$0.09,$0.08,$34,$0,$0,$883,$16,$215,$24,$28,$284,$1168,$972,$67,$0,$67,$1039,$114,$-11,$-4,$128,$1168,$6,$4,$1,$5,$1,$0,$-0,$0,$1,$13,$-1,$0,$0,$0,$-5,$-5,$-49,$-56,$-3,$-3,$-6,$0,$23,$-2,$16,$31,$-12,$0,$-2
20,2013-09-30,6.4,$13.35,0.48,$7.34,0.87,$4.26,1.5,$0.78,8.21,$0.86B,$0.98B,0.88,$0.07B,$0.08B,0.84,$0.06B,$0.05B,91.23%,$0.06B,$0.01B,17.54%,$0.06B,0,0.00%,$0.06B,0,0.00%,$0.06B,$0.01B,15.79%,$0.06B,$0.01B,10.53%,$0.01B,$0.10B,5.80%,$0.01B,$0.08B,7.59%,$0.01B,$1.15B,0.52%,$0.01B,$0.17B,5.79%,$14,$1,$13,$0,$11,$12,$2,$0,$2,$0,$2,$2,$1,$0,$0,$8,8,$0.17,$0.17,$50,$0,$0,$862,$17,$216,$24,$29,$286,$1148,$978,$67,$0,$67,$1045,$114,$-11,$-6,$103,$1148,$0,$0,$0,$0,$0,$0,$0,$0,$0,$7,$-0,$0,$0,$0,$-5,$-5,$-7,$-12,$-3,$-2,$-5,$0,$0,$-2,$16,$9,$4,$0,$-2
21,2013-06-30,6.58,$13.25,0.5,$7.35,0.9,$4.95,1.33,$0.75,8.77,$0.86B,$0.97B,0.88,$0.07B,$0.08B,0.88,$0.06B,$0.05B,91.23%,$0.06B,$0.01B,17.54%,$0.06B,0,0.00%,$0.06B,0,0.00%,$0.06B,$0.01B,15.79%,$0.06B,$0.01B,10.53%,$0.01B,$0.10B,5.77%,$0.01B,$0.08B,7.57%,$0.01B,$1.14B,0.52%,$0.01B,$0.17B,5.75%,$14,$1,$13,$0,$10,$12,$2,$0,$2,$0,$2,$2,$1,$0,$0,$8,8,$0.18,$0.18,$62,$0,$0,$857,$17,$215,$24,$29,$286,$1143,$971,$70,$0,$70,$1041,$114,$-13,$-6,$102,$1143,$0,$0,$0,$0,$0,$0,$0,$0,$0,$8,$-0,$0,$0,$0,$-3,$-3,$5,$1,$-0,$-4,$-4,$0,$0,$-1,$12,$7,$16,$0,$-1
22,2013-03-31,6.29,$13.63,0.46,$7.44,0.84,$5.08,1.24,$0.65,9.67,$0.88B,$1.00B,0.88,$0.07B,$0.08B,0.85,$0.06B,$0.05B,89.66%,$0.06B,$0.01B,15.52%,$0.06B,0,0.00%,$0.06B,0,0.00%,$0.06B,$0.01B,13.79%,$0.06B,$0.01B,10.34%,$0.01B,$0.11B,5.74%,$0.01B,$0.08B,7.55%,$0.01B,$1.17B,0.53%,$0.01B,$0.18B,5.08%,$15,$1,$13,$0,$10,$12,$2,$0,$2,$1,$2,$2,$2,$0,$0,$8,8,$0.21,$0.21,$90,$0,$0,$882,$17,$221,$25,$29,$291,$1174,$999,$70,$0,$70,$1069,$114,$-13,$-2,$105,$1174,$0,$0,$0,$0,$0,$0,$0,$0,$0,$3,$-0,$0,$0,$0,$-2,$-2,$8,$6,$-0,$-3,$-3,$0,$0,$-1,$39,$36,$44,$0,$-1
23,2012-12-31,4.74,$13.49,0.35,$7.52,0.63,$5.24,0.9,$0.57,8.31,$0.85B,$0.96B,0.88,$0.07B,$0.08B,0.86,$0.06B,$0.05B,89.66%,$0.06B,$0.01B,15.52%,$0.06B,0,0.00%,$0.06B,0,0.00%,$0.06B,$0.01B,13.79%,$0.06B,$0.01B,8.62%,$0.01B,$0.10B,4.81%,$0.01B,$0.08B,6.33%,$0.01B,$1.14B,0.44%,$0.01B,$0.17B,5.03%,$14,$1,$13,$0,$9,$10,$4,$0,$3,$1,$2,$2,$2,$0,$0,$8,8,$0.22,$0.22,$46,$0,$0,$848,$17,$220,$25,$28,$289,$1137,$963,$70,$0,$70,$1033,$114,$-15,$-2,$104,$1137,$6,$4,$6,$10,$-1,$0,$-0,$2,$1,$17,$-1,$0,$0,$0,$-1,$-1,$-38,$-40,$-10,$4,$-6,$-1,$-1,$-2,$25,$17,$-6,$0,$-2
24,2012-09-30,4.8,$13.61,0.35,$7.61,0.63,$5.71,0.84,$0.50,9.61,$0.83B,$0.95B,0.87,$0.07B,$0.08B,0.85,$0.06B,$0.05B,88.14%,$0.06B,$0.01B,13.56%,$0.06B,0,0.00%,$0.06B,0,0.00%,$0.06B,$0.01B,11.86%,$0.06B,$0.00B,6.78%,$0.00B,$0.11B,3.86%,$0.00B,$0.08B,5.10%,$0.00B,$1.12B,0.36%,$0.01B,$0.18B,4.42%,$14,$2,$13,$0,$11,$12,$2,$0,$2,$0,$1,$1,$1,$0,$0,$8,8,$0.14,$0.14,$39,$0,$0,$826,$17,$226,$25,$28,$296,$1122,$947,$70,$0,$70,$1017,$114,$-16,$1,$105,$1122,$0,$0,$0,$0,$0,$0,$0,$0,$0,$12,$-1,$0,$0,$0,$-6,$-6,$-22,$-29,$-10,$1,$-9,$-1,$-1,$-2,$14,$3,$-13,$0,$-2
25,2012-06-30,5.28,$13.50,0.39,$7.70,0.69,$5.73,0.92,$0.48,11.0,$0.81B,$0.93B,0.88,$0.08B,$0.08B,0.99,$0.06B,$0.05B,86.67%,$0.06B,$0.01B,13.33%,$0.06B,0,0.00%,$0.06B,0,0.00%,$0.06B,$0.01B,11.67%,$0.06B,$0.00B,6.67%,$0.00B,$0.10B,3.87%,$0.00B,$0.08B,5.16%,$0.00B,$1.11B,0.36%,$0.01B,$0.18B,4.24%,$15,$2,$13,$0,$12,$13,$1,$0,$1,$0,$1,$1,$1,$0,$0,$8,8,$0.08,$0.08,$54,$0,$0,$811,$18,$227,$25,$29,$298,$1109,$926,$80,$0,$80,$1005,$114,$-16,$0,$104,$1109,$0,$0,$0,$0,$0,$0,$0,$0,$0,$9,$-1,$0,$0,$0,$-7,$-7,$9,$1,$-0,$-3,$-3,$0,$0,$-1,$-4,$-8,$2,$0,$-1
26,2012-03-31,4.97,$13.42,0.37,$7.69,0.65,$5.53,0.9,$0.43,11.55,$0.83B,$0.95B,0.88,$0.08B,$0.08B,0.99,$0.06B,$0.05B,86.67%,$0.06B,$0.01B,11.67%,$0.06B,0,0.00%,$0.06B,0,0.00%,$0.06B,$0.01B,10.00%,$0.06B,$0.00B,5.00%,$0.00B,$0.10B,2.93%,$0.00B,$0.08B,3.95%,$0.00B,$1.13B,0.27%,$0.01B,$0.18B,3.73%,$15,$2,$13,$0,$11,$13,$2,$0,$2,$0,$1,$1,$1,$0,$0,$8,8,$0.13,$0.13,$87,$0,$0,$834,$18,$227,$26,$29,$299,$1133,$950,$80,$0,$80,$1030,$114,$-17,$-0,$103,$1133,$0,$0,$0,$0,$0,$0,$0,$0,$0,$4,$-0,$0,$0,$0,$-7,$-7,$20,$13,$-0,$1,$1,$0,$0,$-1,$18,$18,$35,$0,$-1
27,2011-12-31,3.55,$13.30,0.27,$7.69,0.46,$5.74,0.62,$0.36,9.87,$0.82B,$0.93B,0.88,$0.08B,$0.08B,1.0,$0.06B,$0.05B,86.67%,$0.06B,$0.01B,10.00%,$0.06B,0,0.00%,$0.06B,0,0.00%,$0.06B,$0.01B,8.33%,$0.06B,$0.00B,3.33%,$0.00B,$0.10B,1.98%,$0.00B,$0.08B,2.69%,$0.00B,$1.11B,0.18%,$0.01B,$0.18B,3.21%,$15,$2,$13,$0,$9,$12,$3,$0,$2,$0,$1,$1,$1,$0,$0,$8,8,$0.15,$0.15,$52,$0,$0,$821,$18,$220,$26,$29,$292,$1113,$931,$80,$0,$80,$1010,$114,$-18,$-0,$103,$1113,$4,$5,$9,$14,$-0,$0,$-0,$3,$3,$21,$-1,$0,$0,$0,$-15,$-15,$-34,$-50,$-0,$-5,$-5,$0,$0,$-1,$9,$3,$-27,$0,$-1
28,2011-09-30,2.91,$13.30,0.22,$7.71,0.38,$5.99,0.49,$0.21,13.87,$0.85B,$0.94B,0.9,$0.10B,$0.08B,1.29,$0.06B,$0.05B,86.67%,$0.06B,$0.00B,5.00%,$0.06B,0,0.00%,$0.06B,0,0.00%,$0.06B,$0.00B,5.00%,$0.06B,$0.00B,1.67%,$0.00B,$0.10B,1.01%,$0.00B,$0.08B,1.38%,$0.00B,$1.15B,0.09%,$0.00B,$0.21B,1.61%,$15,$2,$13,$0,$11,$13,$2,$0,$2,$0,$1,$1,$1,$0,$0,$8,8,$0.12,$0.12,$86,$0,$0,$847,$18,$225,$26,$29,$298,$1145,$941,$102,$0,$102,$1043,$114,$-19,$1,$103,$1145,$0,$0,$0,$0,$0,$0,$0,$0,$0,$13,$-1,$0,$0,$0,$-18,$-18,$-23,$-42,$0,$17,$18,$0,$0,$-1,$19,$36,$7,$0,$-1
29,2011-06-30,3.32,$12.95,0.26,$7.78,0.43,$6.16,0.54,$-0.13,0.0,$0.79B,$0.91B,0.87,$0.08B,$0.08B,1.06,$0.06B,$0.05B,85.25%,$0.06B,$-0.00B,-1.64%,$0.06B,0,0.00%,$0.06B,0,0.00%,$0.06B,$-0.00B,-1.64%,$0.06B,$-0.00B,-3.28%,$-0.00B,$0.10B,-2.03%,$-0.00B,$0.07B,-2.80%,$-0.00B,$1.09B,-0.18%,$-0.00B,$0.18B,-0.56%,$15,$2,$13,$0,$12,$14,$0,$0,$0,$-0,$1,$1,$0,$0,$0,$8,8,$0.03,$0.03,$42,$0,$0,$790,$18,$223,$26,$31,$299,$1089,$908,$81,$0,$81,$989,$114,$-20,$-1,$100,$1089,$0,$0,$0,$0,$0,$0,$0,$0,$0,$8,$-1,$0,$0,$0,$-19,$-19,$-9,$-29,$-0,$-3,$-3,$0,$0,$-1,$-12,$-16,$-37,$0,$-1
30,2011-03-31,3.66,$12.73,0.29,$7.92,0.46,$6.82,0.54,$-0.23,0.0,$0.83B,$0.94B,0.88,$0.08B,$0.08B,1.08,$0.06B,$0.05B,83.87%,$0.06B,$-0.00B,-3.23%,$0.06B,0,0.00%,$0.06B,0,0.00%,$0.06B,$-0.00B,-3.23%,$0.06B,$-0.00B,-4.84%,$-0.00B,$0.10B,-3.05%,$-0.00B,$0.07B,-4.21%,$-0.00B,$1.12B,-0.27%,$-0.00B,$0.18B,-1.09%,$15,$2,$13,$0,$12,$14,$1,$0,$1,$0,$1,$1,$0,$0,$0,$8,8,$0.06,$0.06,$94,$0,$0,$828,$18,$215,$27,$31,$291,$1119,$939,$81,$0,$81,$1020,$114,$-20,$-2,$98,$1119,$0,$0,$0,$0,$0,$0,$0,$0,$0,$6,$-0,$0,$0,$0,$-13,$-13,$9,$-5,$-1,$-0,$-1,$0,$0,$-0,$15,$14,$15,$0,$-0
31,2010-12-31,3.48,$12.58,0.28,$7.97,0.44,$6.58,0.53,$-0.32,0.0,$0.83B,$0.92B,0.9,$0.08B,$0.07B,1.11,$0.06B,$0.05B,82.26%,$0.06B,$-0.00B,-4.84%,$0.06B,0,0.00%,$0.06B,0,0.00%,$0.06B,$-0.00B,-4.84%,$0.06B,$-0.00B,-4.84%,$-0.00B,$0.10B,-3.04%,$-0.00B,$0.07B,-4.21%,$-0.00B,$1.10B,-0.27%,$-0.00B,$0.18B,-1.60%,$15,$2,$13,$0,$12,$15,$0,$0,$0,$-0,$0,$0,$0,$0,$0,$8,8,$0.00,$0.00,$79,$0,$0,$829,$18,$200,$27,$26,$272,$1101,$922,$82,$0,$82,$1004,$114,$-20,$-3,$97,$1101,$-1,$5,$16,$21,$1,$0,$-0,$1,$2,$21,$-0,$0,$0,$0,$19,$19,$12,$31,$-30,$-5,$-36,$0,$0,$-1,$36,$-0,$52,$0,$-1
32,2010-09-30,3.53,$12.84,0.28,$8.19,0.43,$4.67,0.76,$-0.36,0.0,$0.84B,$0.94B,0.89,$0.08B,$0.08B,1.06,$0.06B,$0.05B,79.69%,$0.06B,$-0.00B,-4.69%,$0.06B,0,0.00%,$0.06B,0,0.00%,$0.06B,$-0.00B,-4.69%,$0.06B,$-0.00B,-4.69%,$-0.00B,$0.10B,-3.02%,$-0.00B,$0.07B,-4.20%,$-0.00B,$1.12B,-0.27%,$-0.00B,$0.18B,-1.53%,$16,$3,$13,$0,$15,$18,$-2,$0,$-2,$-1,$-1,$-1,$-2,$0,$0,$8,8,$-0.22,$-0.22,$68,$0,$0,$838,$18,$205,$27,$28,$279,$1116,$937,$81,$0,$81,$1017,$114,$-20,$-1,$99,$1116,$0,$0,$0,$0,$0,$0,$0,$0,$0,$13,$0,$0,$0,$0,$22,$22,$-4,$18,$-32,$-4,$-36,$0,$0,$-1,$47,$10,$41,$0,$-1
33,2010-06-30,4.02,$12.98,0.31,$8.26,0.49,$4.41,0.91,$-0.11,0.0,$0.83B,$0.92B,0.9,$0.10B,$0.08B,1.24,$0.06B,$0.05B,78.13%,$0.06B,$-0.00B,-1.56%,$0.06B,0,0.00%,$0.06B,0,0.00%,$0.06B,$-0.00B,-1.56%,$0.06B,$-0.00B,-1.56%,$-0.00B,$0.10B,-1.01%,$-0.00B,$0.07B,-1.40%,$-0.00B,$1.12B,-0.09%,$-0.00B,$0.20B,-0.49%,$16,$3,$13,$0,$13,$16,$-1,$0,$-1,$-0,$-0,$-0,$-1,$0,$0,$8,8,$-0.07,$-0.07,$55,$0,$0,$831,$19,$215,$28,$26,$288,$1119,$923,$96,$0,$96,$1019,$114,$-19,$-2,$100,$1119,$0,$0,$0,$0,$0,$0,$0,$0,$0,$12,$0,$0,$0,$0,$11,$11,$-5,$6,$-17,$-6,$-23,$0,$0,$-1,$33,$10,$28,$0,$-1
34,2010-03-31,3.92,$12.89,0.3,$8.33,0.47,$3.31,1.18,$-0.03,0.0,$0.82B,$0.91B,0.9,$0.10B,$0.08B,1.26,$0.06B,$0.05B,76.56%,$0.06B,0,0.00%,$0.06B,0,0.00%,$0.06B,0,0.00%,$0.06B,0,0.00%,$0.06B,0,0.00%,$0.00B,$0.10B,0.00%,$0.00B,$0.07B,0.00%,$0.00B,$1.11B,0.00%,$0.00B,$0.20B,0.00%,$15,$3,$12,$0,$12,$16,$-0,$0,$-0,$-0,$0,$0,$-0,$0,$0,$8,8,$-0.03,$-0.03,$43,$0,$0,$817,$20,$218,$28,$25,$290,$1106,$911,$96,$0,$96,$1007,$114,$-18,$-3,$99,$1106,$0,$0,$0,$0,$0,$0,$0,$0,$0,$4,$-0,$0,$0,$0,$6,$6,$4,$10,$-16,$-7,$-23,$0,$0,$-0,$26,$2,$16,$0,$-0
35,2009-12-31,4.07,$12.82,0.32,$8.48,0.48,$3.26,1.25,$0.09,45.2,$0.81B,$0.89B,0.91,$0.12B,$0.08B,1.55,$0.07B,$0.05B,74.24%,$0.07B,$0.00B,1.52%,$0.07B,0,0.00%,$0.07B,0,0.00%,$0.07B,$0.00B,1.52%,$0.07B,$0.00B,1.52%,$0.00B,$0.10B,1.01%,$0.00B,$0.07B,1.41%,$0.00B,$1.10B,0.09%,$0.00B,$0.22B,0.49%,$17,$3,$13,$0,$13,$17,$-0,$0,$-0,$-0,$0,$0,$-0,$0,$0,$8,8,$-0.04,$-0.04,$27,$0,$0,$808,$20,$223,$28,$24,$295,$1103,$887,$117,$0,$117,$1004,$114,$-18,$-4,$99,$1103,$2,$2,$13,$15,$0,$0,$-0,$-7,$-9,$7,$-1,$0,$0,$0,$-55,$-55,$-2,$-58,$-5,$-11,$-16,$0,$23,$-3,$46,$51,$0,$0,$-3
36,2009-09-30,4.57,$13.01,0.35,$8.59,0.53,$4.84,0.94,$0.13,35.13,$0.82B,$0.89B,0.92,$0.11B,$0.08B,1.44,$0.07B,$0.05B,74.24%,$0.07B,$-0.04B,-60.61%,$0.07B,0,0.00%,$0.07B,0,0.00%,$0.07B,$-0.04B,-60.61%,$0.07B,$-0.04B,-62.12%,$-0.04B,$0.10B,-43.73%,$-0.04B,$0.07B,-63.32%,$-0.04B,$1.10B,-3.74%,$-0.04B,$0.21B,-20.70%,$16,$4,$12,$0,$12,$16,$0,$0,$0,$-0,$0,$0,$0,$0,$0,$8,8,$0.03,$0.03,$35,$0,$0,$819,$20,$218,$29,$18,$285,$1104,$892,$111,$0,$111,$1003,$114,$-17,$-3,$100,$1104,$0,$0,$0,$0,$0,$0,$0,$0,$0,$12,$-1,$0,$0,$0,$-47,$-47,$1,$-47,$-6,$-12,$-17,$0,$23,$-2,$41,$44,$9,$0,$-2
37,2009-06-30,4.36,$12.80,0.34,$8.82,0.49,$4.91,0.89,$0.10,43.58,$0.84B,$0.91B,0.92,$0.09B,$0.08B,1.21,$0.07B,$0.05B,73.53%,$0.07B,$-0.04B,-55.88%,$0.07B,0,0.00%,$0.07B,0,0.00%,$0.07B,$-0.04B,-55.88%,$0.07B,$-0.04B,-58.82%,$-0.04B,$0.10B,-40.30%,$-0.04B,$0.07B,-67.80%,$-0.04B,$1.10B,-3.65%,$-0.04B,$0.19B,-18.45%,$16,$4,$12,$0,$12,$16,$0,$0,$0,$-0,$0,$0,$0,$0,$0,$8,8,$0.01,$0.01,$60,$0,$0,$839,$21,$194,$29,$19,$262,$1101,$911,$91,$0,$91,$1002,$114,$-17,$-4,$99,$1101,$0,$0,$0,$0,$0,$0,$0,$0,$0,$4,$-0,$0,$0,$0,$-26,$-26,$9,$-17,$-26,$-12,$-37,$0,$23,$-2,$62,$46,$34,$0,$-2
38,2009-03-31,6.47,$12.90,0.5,$9.08,0.71,$5.10,1.27,$0.10,64.68,$0.86B,$0.93B,0.92,$0.09B,$0.08B,1.2,$0.07B,$0.05B,72.86%,$0.07B,$-0.04B,-54.29%,$0.07B,0,0.00%,$0.07B,0,0.00%,$0.07B,$-0.04B,-54.29%,$0.07B,$-0.04B,-57.14%,$-0.04B,$0.10B,-38.10%,$-0.04B,$0.07B,-75.12%,$-0.04B,$1.12B,-3.65%,$-0.04B,$0.19B,-17.19%,$17,$4,$12,$0,$11,$16,$1,$0,$1,$0,$1,$1,$1,$0,$0,$8,8,$0.09,$0.09,$69,$0,$0,$858,$21,$197,$29,$20,$266,$1124,$934,$91,$0,$91,$1025,$114,$-17,$-4,$99,$1124,$0,$0,$0,$0,$0,$0,$0,$0,$0,$4,$-0,$0,$0,$0,$-29,$-29,$3,$-26,$-26,$-6,$-31,$0,$23,$-1,$74,$65,$42,$0,$-1
39,2008-12-31,5.04,$9.94,0.51,$9.37,0.54,$4.85,1.04,$0.18,28.01,$0.82B,$0.87B,0.94,$0.10B,$0.08B,1.35,$0.07B,$0.05B,70.83%,$0.07B,$-0.04B,-51.39%,$0.07B,0,0.00%,$0.07B,0,0.00%,$0.07B,$-0.04B,-51.39%,$0.07B,$-0.04B,-55.56%,$-0.04B,$0.08B,-35.96%,$-0.04B,$0.05B,-83.33%,$-0.04B,$1.05B,-3.64%,$-0.04B,$0.18B,-16.14%,$17,$5,$13,$0,$10,$58,$-41,$0,$-41,$1,$-42,$-42,$-42,$0,$0,$8,8,$-5.40,$-5.40,$27,$0,$0,$820,$21,$167,$30,$16,$233,$1054,$874,$103,$0,$103,$977,$114,$-17,$-4,$77,$1054,$-39,$46,$7,$54,$-0,$0,$-0,$5,$5,$20,$-1,$0,$0,$18,$-6,$12,$-9,$3,$0,$10,$10,$0,$0,$-7,$-26,$-23,$-1,$0,$-7
40,2008-09-30,8.13,$15.87,0.51,$9.95,0.82,$2.84,2.86,$0.18,45.19,$0.82B,$0.84B,0.98,$0.14B,$0.12B,1.15,$0.07B,$0.05B,67.61%,$0.07B,$0.01B,11.27%,$0.07B,0,0.00%,$0.07B,0,0.00%,$0.07B,$0.01B,9.86%,$0.07B,$0.00B,5.63%,$0.00B,$0.12B,3.24%,$0.00B,$0.05B,8.21%,$0.00B,$1.10B,0.36%,$0.01B,$0.26B,3.34%,$18,$5,$13,$0,$11,$16,$2,$0,$2,$0,$1,$1,$1,$0,$0,$8,8,$0.16,$0.16,$31,$0,$0,$823,$21,$165,$73,$18,$277,$1100,$837,$140,$0,$140,$977,$114,$26,$-1,$122,$1100,$0,$0,$0,$0,$0,$0,$0,$0,$0,$12,$-1,$0,$0,$0,$-6,$-6,$-5,$-12,$-1,$52,$50,$0,$0,$-6,$-59,$-15,$-15,$0,$-6
41,2008-06-30,9.72,$15.81,0.61,$10.29,0.94,$2.29,4.24,$0.18,53.97,$0.83B,$0.86B,0.97,$0.13B,$0.12B,1.05,$0.07B,$0.04B,65.67%,$0.07B,$0.01B,11.94%,$0.07B,0,0.00%,$0.07B,0,0.00%,$0.07B,$0.01B,10.45%,$0.07B,$0.00B,5.97%,$0.00B,$0.12B,3.56%,$0.00B,$0.05B,8.25%,$0.00B,$1.11B,0.39%,$0.01B,$0.25B,3.61%,$18,$5,$13,$0,$12,$18,$-0,$0,$-0,$-0,$0,$0,$0,$0,$0,$8,8,$0.01,$0.01,$26,$0,$0,$829,$21,$165,$75,$19,$279,$1109,$859,$128,$0,$128,$987,$114,$25,$-0,$122,$1109,$0,$0,$0,$0,$0,$0,$0,$0,$0,$6,$-1,$0,$0,$0,$-5,$-5,$-14,$-20,$7,$27,$34,$0,$0,$-4,$-35,$-5,$-19,$0,$-4
42,2008-03-31,11.69,$16.14,0.72,$10.55,1.11,$2.02,5.79,$0.53,22.05,$0.85B,$0.91B,0.94,$0.10B,$0.12B,0.8,$0.06B,$0.04B,63.49%,$0.06B,$0.01B,17.46%,$0.06B,0,0.00%,$0.06B,0,0.00%,$0.06B,$0.01B,15.87%,$0.06B,$0.01B,9.52%,$0.01B,$0.12B,5.96%,$0.01B,$0.05B,12.37%,$0.01B,$1.13B,0.63%,$0.01B,$0.22B,5.32%,$19,$7,$12,$0,$10,$17,$2,$0,$2,$0,$1,$1,$1,$0,$0,$8,8,$0.17,$0.17,$48,$0,$0,$852,$21,$162,$75,$18,$278,$1129,$905,$100,$0,$100,$1005,$114,$26,$1,$124,$1129,$0,$0,$0,$0,$0,$0,$0,$0,$0,$2,$-0,$0,$0,$0,$-1,$-1,$-11,$-13,$4,$-0,$4,$0,$0,$-2,$11,$13,$2,$0,$-2
43,2007-12-31,10.97,$16.37,0.67,$10.59,1.04,$2.22,4.93,$0.36,30.46,$0.84B,$0.90B,0.94,$0.10B,$0.13B,0.76,$0.06B,$0.04B,63.79%,$0.06B,$0.01B,18.97%,$0.06B,0,0.00%,$0.06B,0,0.00%,$0.06B,$0.01B,17.24%,$0.06B,$0.01B,10.34%,$0.01B,$0.13B,6.74%,$0.01B,$0.05B,12.44%,$0.01B,$1.12B,0.70%,$0.01B,$0.22B,5.84%,$16,$5,$10,$0,$6,$12,$4,$0,$3,$1,$2,$2,$2,$0,$0,$6,6,$0.39,$0.39,$46,$0,$0,$840,$22,$159,$76,$23,$279,$1119,$897,$96,$0,$96,$993,$114,$29,$-0,$126,$1119,$7,$1,$3,$4,$-0,$0,$1,$-7,$-7,$4,$-1,$0,$-6,$2,$0,$2,$-38,$-43,$49,$-19,$30,$-2,$-2,$-6,$27,$48,$9,$0,$-6
44,2007-09-30,13.29,$14.27,0.93,$10.24,1.3,$3.37,3.94,$0.36,36.91,$0.60B,$0.59B,1.03,$0.11B,$0.08B,1.48,$0.06B,$0.04B,64.29%,$0.06B,$0.01B,16.07%,$0.06B,0,0.00%,$0.06B,0,0.00%,$0.06B,$0.01B,16.07%,$0.06B,$0.01B,10.71%,$0.01B,$0.08B,7.77%,$0.01B,$0.05B,12.44%,$0.01B,$0.78B,0.79%,$0.01B,$0.19B,5.30%,$14,$5,$9,$0,$7,$12,$2,$0,$2,$1,$1,$1,$1,$0,$0,$5,5,$0.27,$0.27,$15,$0,$0,$603,$11,$116,$29,$18,$173,$777,$586,$114,$0,$114,$700,$68,$27,$-2,$77,$777,$0,$0,$0,$0,$0,$0,$0,$0,$0,$6,$-1,$0,$0,$0,$4,$4,$-34,$-30,$43,$-3,$40,$-2,$-2,$-5,$-13,$21,$-3,$0,$-5
45,2007-06-30,13.74,$14.13,0.97,$9.94,1.38,$3.48,3.95,$0.60,22.9,$0.60B,$0.59B,1.03,$0.11B,$0.08B,1.49,$0.06B,$0.04B,65.45%,$0.06B,$0.01B,16.36%,$0.06B,0,0.00%,$0.06B,0,0.00%,$0.06B,$0.01B,16.36%,$0.06B,$0.01B,10.91%,$0.01B,$0.08B,7.74%,$0.01B,$0.05B,12.37%,$0.01B,$0.78B,0.80%,$0.01B,$0.19B,5.71%,$14,$5,$9,$0,$6,$11,$3,$0,$3,$1,$2,$2,$2,$0,$0,$5,5,$0.36,$0.36,$18,$0,$0,$602,$11,$114,$29,$18,$172,$775,$585,$114,$0,$114,$699,$68,$27,$-3,$76,$775,$0,$0,$0,$0,$0,$0,$0,$0,$0,$3,$-0,$0,$0,$0,$5,$5,$-30,$-26,$28,$14,$42,$-2,$-2,$-3,$-14,$23,$-0,$0,$-3
46,2007-03-31,14.76,$14.18,1.04,$9.74,1.52,$3.64,4.05,$0.56,26.35,$0.58B,$0.60B,0.96,$0.07B,$0.08B,0.96,$0.05B,$0.04B,68.52%,$0.05B,$0.01B,16.67%,$0.05B,0,0.00%,$0.05B,0,0.00%,$0.05B,$0.01B,16.67%,$0.05B,$0.01B,11.11%,$0.01B,$0.08B,7.69%,$0.01B,$0.05B,12.31%,$0.01B,$0.75B,0.80%,$0.01B,$0.15B,6.05%,$14,$5,$9,$0,$7,$12,$2,$0,$2,$0,$1,$1,$1,$0,$0,$5,5,$0.23,$0.23,$16,$0,$0,$580,$11,$116,$29,$18,$174,$753,$602,$74,$0,$74,$676,$68,$27,$-2,$77,$753,$0,$0,$0,$0,$0,$0,$0,$0,$0,$2,$-0,$0,$0,$0,$4,$4,$-10,$-6,$28,$-23,$5,$-1,$-1,$-2,$-1,$1,$-2,$0,$-2
47,2006-12-31,14.47,$14.53,1.0,$9.50,1.52,$3.57,4.06,$0.83,17.43,$0.57B,$0.60B,0.95,$0.07B,$0.08B,0.85,$0.05B,$0.04B,69.81%,$0.05B,$0.01B,16.98%,$0.05B,0,0.00%,$0.05B,0,0.00%,$0.05B,$0.01B,16.98%,$0.05B,$0.01B,13.21%,$0.01B,$0.08B,8.95%,$0.01B,$0.05B,14.36%,$0.01B,$0.75B,0.94%,$0.01B,$0.15B,6.23%,$14,$4,$9,$0,$7,$11,$2,$0,$2,$1,$2,$2,$2,$0,$0,$6,6,$0.29,$0.29,$18,$0,$0,$573,$11,$119,$29,$17,$176,$749,$602,$67,$0,$67,$670,$68,$29,$-2,$79,$749,$6,$2,$1,$3,$-1,$0,$1,$0,$0,$9,$-0,$0,$0,$26,$19,$44,$-45,$-1,$-29,$44,$15,$-8,$-8,$-6,$-13,$-11,$-2,$0,$-6
