,Date,Stock Price,Book Value per Share,Price to Book Ratio,TTM Sales per Share,Price to Sales Ratio,TTM FCF per Share,Price to FCF Ratio,TTM Net EPS,PE Ratio,Current Assets,Current Liabilities,Current Ratio,Long Term Debt,Shareholder's Equity_x,Debt to Equity Ratio,TTM Revenue_x,TTM Gross Profit,Gross Margin,TTM Revenue_y,TTM Operating Income,Operating Margin,TTM Revenue_x,TTM EBIT,EBIT Margin,TTM Revenue_y,TTM EBITDA,EBITDA Margin,TTM Revenue_x,TTM Pre-Tax Income,Pre-Tax Margin,TTM Revenue_y,TTM Net Income_x,Net Margin,TTM Net Income_y,Shareholder's Equity_y,Return on Equity,TTM Net Income_x,Tangible Equity,Return on Tangible Equity,TTM Net Income_y,Total Assets,Return on Assets,TTM Net Income,LT Investments & Debt,Return on Investment,revenue,cost-goods-sold,gross-profit,research-development-expenses,selling-general-administrative-expenses,operating-expenses,operating-income,total-non-operating-income-expense,pre-tax-income,total-provision-income-taxes,income-after-taxes,income-from-continuous-operations,net-income,ebitda,ebit,basic-shares-outstanding,shares-outstanding,eps-basic-net-earnings-per-share,eps-earnings-per-share-diluted,cash-on-hand,inventory,other-current-assets,total-current-assets,net-property-plant-equipment,long-term-investments,goodwill-intangible-assets-total,other-long-term-assets,total-long-term-assets,total-assets,total-current-liabilities,long-term-debt,other-non-current-liabilities,total-long-term-liabilities,total-liabilities,common-stock-net,retained-earnings-accumulated-deficit,comprehensive-income,total-share-holder-equity,total-liabilities-share-holders-equity,net-income-loss,total-depreciation-amortization-cash-flow,other-non-cash-items,total-non-cash-items,change-in-accounts-receivable,change-in-inventories,change-in-accounts-payable,change-in-assets-liabilities,total-change-in-assets-liabilities,cash-flow-from-operating-activities,net-change-in-property-plant-equipment,net-change-in-intangible-assets,net-acquisitions-divestitures,net-change-in-short-term-investments,net-change-in-long-term-investments,net-change-in-investments-total,investing-activities-other,cash-flow-from-investing-activities,net-long-term-debt,net-current-debt,debt-issuance-retirement-net-total,net-common-equity-issued-repurchased,net-total-equity-issued-repurchased,total-common-preferred-stock-dividends-paid,financial-activities-other,cash-flow-from-financial-activities,net-cash-flow,stock-based-compensation,common-stock-dividends-paid
0,2018-09-30,23.5,$16.27,1.44,$8.05,2.92,$5.04,4.66,$0.79,29.75,$0.45B,$0.85B,0.53,$0.02B,$0.08B,0.25,$0.04B,$0.04B,90.00%,$0.04B,$0.01B,20.00%,$0.04B,0,0.00%,$0.04B,0,0.00%,$0.04B,$0.01B,20.00%,$0.04B,$0.00B,10.00%,$0.00B,$0.08B,4.82%,$0.00B,$0.08B,4.82%,$0.00B,$0.96B,0.41%,$0.01B,$0.10B,7.96%,$10,$1,$9,$0,$7,$8,$2,$0,$2,$0,$1,$1,$1,$0,$0,$5,5,$0.31,$0.31,$14,$0,$0,$449,$20,$449,$0,$36,$514,$963,$853,$20,$10,$30,$883,$1,$93,$-18,$80,$963,$0,$0,$0,$0,$0,$0,$0,$0,$0,$9,$-0,$0,$0,$0,$40,$40,$-29,$11,$-10,$-49,$-59,$0,$0,$-4,$37,$-25,$-5,$0,$-4
1,2018-06-30,23.75,$16.65,1.43,$7.97,2.98,$4.30,5.52,$0.81,29.32,$0.44B,$0.85B,0.51,$0.02B,$0.08B,0.25,$0.04B,$0.04B,90.00%,$0.04B,$0.01B,20.00%,$0.04B,0,0.00%,$0.04B,0,0.00%,$0.04B,$0.01B,20.00%,$0.04B,$0.01B,12.50%,$0.01B,$0.08B,5.81%,$0.01B,$0.08B,5.81%,$0.01B,$0.96B,0.51%,$0.01B,$0.10B,7.73%,$10,$1,$9,$0,$7,$8,$2,$0,$2,$0,$2,$2,$2,$0,$0,$5,5,$0.35,$0.35,$14,$0,$0,$436,$20,$464,$0,$36,$527,$963,$851,$20,$10,$30,$881,$1,$93,$-16,$82,$963,$0,$0,$0,$0,$0,$0,$0,$0,$0,$5,$0,$0,$0,$0,$29,$29,$-14,$15,$-10,$-57,$-67,$0,$0,$-2,$44,$-26,$-5,$0,$-2
2,2018-03-31,21.62,$16.76,1.29,$7.99,2.71,$3.73,5.79,$0.82,26.37,$0.44B,$0.89B,0.5,$0.00B,$0.08B,0.0,$0.04B,$0.04B,90.00%,$0.04B,$0.01B,20.00%,$0.04B,0,0.00%,$0.04B,0,0.00%,$0.04B,$0.01B,20.00%,$0.04B,$0.01B,12.50%,$0.01B,$0.08B,5.63%,$0.01B,$0.08B,5.63%,$0.01B,$0.98B,0.50%,$0.01B,$0.08B,7.53%,$10,$1,$9,$0,$7,$8,$2,$0,$2,$0,$2,$2,$2,$0,$0,$5,5,$0.36,$0.36,$33,$0,$0,$443,$20,$470,$0,$36,$533,$976,$885,$0,$9,$9,$894,$1,$92,$-15,$82,$976,$0,$0,$0,$0,$0,$0,$0,$0,$0,$3,$-0,$0,$0,$-19,$25,$6,$-2,$4,$-30,$-45,$-75,$0,$0,$-1,$65,$-11,$-5,$0,$-1
3,2017-12-31,22.61,$18.07,1.25,$7.93,2.85,$3.49,6.49,$0.75,30.14,$0.43B,$0.87B,0.49,$0.03B,$0.09B,0.34,$0.04B,$0.04B,92.31%,$0.04B,$0.01B,20.51%,$0.04B,0,0.00%,$0.04B,0,0.00%,$0.04B,$0.01B,20.51%,$0.04B,$0.00B,10.26%,$0.00B,$0.09B,4.43%,$0.00B,$0.09B,4.43%,$0.00B,$0.99B,0.39%,$0.01B,$0.12B,7.10%,$10,$1,$9,$0,$7,$8,$2,$0,$2,$3,$-1,$-1,$-1,$0,$0,$5,5,$-0.23,$-0.22,$19,$0,$0,$426,$21,$505,$0,$36,$567,$993,$865,$30,$10,$40,$905,$1,$92,$-8,$88,$993,$4,$4,$4,$8,$0,$0,$-0,$-2,$-1,$11,$-3,$0,$0,$47,$-6,$41,$-12,$26,$10,$-6,$4,$0,$0,$-5,$-39,$-40,$-4,$0,$-5
4,2017-09-30,24.12,$18.78,1.28,$7.84,3.08,$3.78,6.39,$1.32,18.28,$0.44B,$0.90B,0.49,$0.02B,$0.09B,0.22,$0.04B,$0.04B,92.11%,$0.04B,$0.01B,21.05%,$0.04B,0,0.00%,$0.04B,0,0.00%,$0.04B,$0.01B,21.05%,$0.04B,$0.01B,18.42%,$0.01B,$0.09B,7.82%,$0.01B,$0.09B,7.82%,$0.01B,$1.03B,0.68%,$0.01B,$0.11B,7.31%,$10,$1,$9,$0,$7,$8,$2,$0,$2,$0,$2,$2,$2,$0,$0,$5,5,$0.33,$0.33,$50,$0,$0,$444,$21,$518,$0,$36,$582,$1026,$904,$20,$10,$30,$934,$1,$92,$-5,$92,$1026,$0,$0,$0,$0,$0,$0,$0,$0,$0,$8,$-3,$0,$0,$19,$-16,$3,$1,$1,$0,$-1,$-1,$0,$0,$-4,$-5,$-10,$-1,$0,$-4
5,2017-06-30,24.93,$18.96,1.32,$7.84,3.18,$6.37,3.92,$1.35,18.47,$0.43B,$0.90B,0.48,$0.02B,$0.09B,0.22,$0.04B,$0.04B,92.11%,$0.04B,$0.01B,21.05%,$0.04B,0,0.00%,$0.04B,0,0.00%,$0.04B,$0.01B,21.05%,$0.04B,$0.01B,18.42%,$0.01B,$0.09B,7.71%,$0.01B,$0.09B,7.71%,$0.01B,$1.02B,0.68%,$0.01B,$0.11B,7.22%,$10,$1,$9,$0,$7,$8,$2,$0,$2,$0,$2,$2,$2,$0,$0,$5,5,$0.37,$0.36,$31,$0,$0,$425,$20,$530,$0,$35,$592,$1018,$895,$20,$9,$29,$925,$1,$92,$-4,$93,$1018,$0,$0,$0,$0,$0,$0,$0,$0,$0,$5,$-2,$0,$0,$40,$-26,$14,$1,$13,$0,$-35,$-35,$0,$0,$-2,$20,$-18,$0,$0,$-2
6,2017-03-31,23.32,$18.05,1.29,$7.75,3.01,$7.52,3.1,$1.35,17.27,$0.50B,$0.93B,0.53,$0.02B,$0.09B,0.23,$0.04B,$0.04B,92.11%,$0.04B,$0.01B,21.05%,$0.04B,0,0.00%,$0.04B,0,0.00%,$0.04B,$0.01B,21.05%,$0.04B,$0.01B,18.42%,$0.01B,$0.09B,7.71%,$0.01B,$0.09B,7.71%,$0.01B,$1.05B,0.68%,$0.01B,$0.11B,7.22%,$9,$1,$9,$0,$7,$8,$2,$0,$2,$0,$1,$1,$1,$0,$0,$5,5,$0.29,$0.29,$101,$0,$0,$495,$19,$490,$0,$35,$553,$1048,$931,$20,$9,$29,$960,$1,$91,$-8,$88,$1048,$0,$0,$0,$0,$0,$0,$0,$0,$0,$2,$-1,$0,$0,$-25,$10,$-15,$1,$-15,$0,$-9,$-9,$0,$0,$-1,$29,$19,$6,$0,$-1
7,2016-12-31,24.3,$17.42,1.39,$7.76,3.13,$7.41,3.28,$1.37,17.74,$0.47B,$0.91B,0.51,$0.02B,$0.09B,0.24,$0.04B,$0.04B,92.11%,$0.04B,$0.01B,21.05%,$0.04B,0,0.00%,$0.04B,0,0.00%,$0.04B,$0.01B,21.05%,$0.04B,$0.01B,21.05%,$0.01B,$0.09B,8.79%,$0.01B,$0.09B,8.79%,$0.01B,$1.03B,0.79%,$0.01B,$0.11B,7.21%,$9,$1,$8,$0,$6,$7,$2,$0,$2,$0,$2,$2,$2,$0,$0,$5,5,$0.35,$0.35,$70,$0,$0,$465,$19,$496,$0,$35,$560,$1025,$911,$20,$10,$30,$940,$1,$91,$-11,$85,$1025,$7,$4,$1,$4,$-1,$0,$0,$-0,$-1,$10,$-1,$0,$0,$-6,$-76,$-82,$32,$-51,$0,$46,$46,$0,$0,$-5,$7,$48,$7,$0,$-5
8,2016-09-30,21.65,$19.88,1.09,$8.00,2.7,$7.59,2.85,$1.51,14.34,$0.51B,$0.90B,0.57,$0.02B,$0.10B,0.21,$0.04B,$0.04B,94.87%,$0.04B,$0.01B,23.08%,$0.04B,0,0.00%,$0.04B,0,0.00%,$0.04B,$0.01B,23.08%,$0.04B,$0.01B,20.51%,$0.01B,$0.10B,8.77%,$0.01B,$0.10B,8.77%,$0.01B,$1.03B,0.80%,$0.01B,$0.12B,8.09%,$10,$1,$9,$0,$7,$7,$2,$0,$2,$0,$2,$2,$2,$0,$0,$5,5,$0.36,$0.36,$102,$0,$0,$512,$18,$457,$0,$35,$513,$1025,$899,$20,$9,$29,$928,$1,$90,$2,$97,$1025,$0,$0,$0,$0,$0,$0,$0,$0,$0,$18,$-0,$0,$0,$-37,$-26,$-63,$16,$-48,$0,$14,$14,$0,$0,$-4,$27,$37,$8,$0,$-4
9,2016-06-30,20.2,$19.02,1.06,$8.03,2.51,$5.21,3.88,$1.53,13.2,$0.44B,$0.89B,0.5,$0.02B,$0.09B,0.22,$0.04B,$0.04B,94.87%,$0.04B,$0.01B,23.08%,$0.04B,0,0.00%,$0.04B,0,0.00%,$0.04B,$0.01B,23.08%,$0.04B,$0.01B,20.51%,$0.01B,$0.09B,9.07%,$0.01B,$0.09B,9.17%,$0.01B,$1.02B,0.81%,$0.01B,$0.11B,8.31%,$10,$1,$9,$0,$7,$7,$2,$0,$2,$0,$2,$2,$2,$0,$0,$5,5,$0.36,$0.36,$42,$0,$0,$443,$18,$514,$0,$34,$571,$1015,$893,$20,$9,$29,$922,$1,$90,$-2,$93,$1015,$0,$0,$0,$0,$0,$0,$0,$0,$0,$9,$-0,$0,$0,$25,$-82,$-58,$26,$-32,$0,$9,$9,$0,$0,$-2,$26,$32,$9,$0,$-2
10,2016-03-31,19.59,$18.15,1.08,$8.04,2.44,$4.45,4.4,$1.54,12.72,$0.44B,$0.89B,0.5,$0.02B,$0.09B,0.23,$0.04B,$0.04B,94.87%,$0.04B,$0.01B,23.08%,$0.04B,0,0.00%,$0.04B,0,0.00%,$0.04B,$0.01B,23.08%,$0.04B,$0.01B,20.51%,$0.01B,$0.09B,9.36%,$0.01B,$0.09B,9.55%,$0.01B,$1.00B,0.83%,$0.01B,$0.11B,8.53%,$9,$1,$9,$0,$7,$7,$2,$0,$2,$0,$2,$2,$2,$0,$0,$5,5,$0.31,$0.31,$27,$0,$0,$442,$18,$501,$0,$33,$561,$1002,$885,$20,$8,$28,$914,$1,$89,$-5,$89,$1002,$0,$0,$0,$0,$0,$0,$0,$0,$0,$1,$-0,$0,$0,$41,$-71,$-29,$14,$-15,$0,$-9,$-9,$0,$0,$-1,$37,$26,$12,$0,$-1
11,2015-12-31,21.39,$17.73,1.21,$8.06,2.66,$4.59,4.67,$1.56,13.71,$0.48B,$0.86B,0.56,$0.02B,$0.09B,0.23,$0.04B,$0.04B,94.87%,$0.04B,$0.01B,23.08%,$0.04B,0,0.00%,$0.04B,0,0.00%,$0.04B,$0.01B,23.08%,$0.04B,$0.01B,20.51%,$0.01B,$0.09B,9.50%,$0.01B,$0.09B,9.82%,$0.01B,$0.97B,0.84%,$0.01B,$0.11B,8.63%,$10,$1,$10,$0,$6,$7,$3,$0,$3,$1,$2,$2,$2,$0,$0,$5,5,$0.48,$0.48,$57,$0,$0,$484,$19,$428,$0,$33,$489,$974,$858,$20,$9,$29,$887,$1,$89,$-7,$86,$974,$8,$2,$1,$3,$-0,$0,$-0,$-0,$-0,$10,$-0,$0,$0,$19,$-40,$-21,$-39,$-60,$0,$-10,$-10,$-0,$-0,$-5,$57,$42,$-7,$0,$-5
12,2015-09-30,19.84,$17.35,1.14,$7.86,2.52,$4.16,4.77,$1.42,13.97,$0.45B,$0.85B,0.53,$0.02B,$0.09B,0.24,$0.04B,$0.04B,92.31%,$0.04B,$0.01B,20.51%,$0.04B,0,0.00%,$0.04B,0,0.00%,$0.04B,$0.01B,20.51%,$0.04B,$0.01B,20.51%,$0.01B,$0.09B,9.61%,$0.01B,$0.08B,9.94%,$0.01B,$0.96B,0.85%,$0.01B,$0.11B,7.75%,$10,$1,$9,$0,$7,$7,$2,$0,$2,$1,$2,$2,$2,$0,$0,$5,5,$0.38,$0.38,$21,$0,$0,$451,$19,$448,$3,$40,$510,$961,$847,$20,$9,$29,$876,$1,$88,$-8,$85,$961,$0,$0,$0,$0,$0,$0,$0,$0,$0,$7,$-0,$0,$0,$60,$-61,$-0,$-41,$-41,$0,$-16,$-16,$-0,$-0,$-3,$53,$33,$-2,$0,$-3
13,2015-06-30,18.31,$16.84,1.09,$7.88,2.32,$4.02,4.56,$1.43,12.81,$0.43B,$0.82B,0.53,$0.02B,$0.08B,0.24,$0.04B,$0.04B,92.31%,$0.04B,$0.01B,20.51%,$0.04B,0,0.00%,$0.04B,0,0.00%,$0.04B,$0.01B,20.51%,$0.04B,$0.01B,20.51%,$0.01B,$0.08B,9.76%,$0.01B,$0.08B,10.09%,$0.01B,$0.93B,0.87%,$0.01B,$0.10B,7.79%,$10,$1,$9,$0,$6,$7,$2,$0,$2,$1,$2,$2,$2,$0,$0,$5,5,$0.37,$0.37,$30,$0,$0,$434,$19,$431,$3,$40,$493,$927,$816,$20,$9,$29,$845,$1,$87,$-10,$82,$927,$0,$0,$0,$0,$0,$0,$0,$0,$0,$5,$-0,$0,$0,$50,$-46,$4,$-16,$-12,$0,$-19,$-19,$-0,$-0,$-2,$25,$3,$-4,$0,$-2
14,2015-03-31,15.95,$17.13,0.93,$8.06,1.98,$3.49,4.57,$1.49,10.71,$0.46B,$0.83B,0.55,$0.02B,$0.08B,0.24,$0.04B,$0.04B,94.87%,$0.04B,$0.01B,20.51%,$0.04B,0,0.00%,$0.04B,0,0.00%,$0.04B,$0.01B,20.51%,$0.04B,$0.01B,20.51%,$0.01B,$0.08B,9.88%,$0.01B,$0.08B,10.26%,$0.01B,$0.95B,0.88%,$0.01B,$0.10B,7.62%,$9,$1,$9,$0,$7,$7,$2,$0,$2,$0,$2,$2,$2,$0,$0,$5,5,$0.33,$0.33,$57,$0,$0,$462,$19,$424,$3,$39,$484,$946,$834,$20,$8,$28,$863,$1,$86,$-8,$84,$946,$0,$0,$0,$0,$0,$0,$0,$0,$0,$1,$-0,$0,$0,$25,$-35,$-10,$-15,$-25,$0,$3,$3,$0,$0,$-1,$21,$22,$-1,$0,$-1
15,2014-12-31,16.71,$16.78,1.0,$8.12,2.06,$3.33,5.01,$1.53,10.92,$0.47B,$0.81B,0.58,$0.02B,$0.08B,0.24,$0.04B,$0.04B,92.50%,$0.04B,$0.01B,20.00%,$0.04B,0,0.00%,$0.04B,0,0.00%,$0.04B,$0.01B,20.00%,$0.04B,$0.01B,20.00%,$0.01B,$0.08B,10.22%,$0.01B,$0.08B,10.60%,$0.01B,$0.92B,0.89%,$0.01B,$0.10B,7.41%,$10,$1,$9,$0,$7,$7,$2,$0,$2,$0,$2,$2,$2,$0,$0,$5,5,$0.34,$0.34,$84,$0,$0,$472,$19,$387,$0,$33,$449,$921,$811,$20,$8,$28,$839,$1,$86,$-9,$82,$921,$7,$2,$2,$3,$0,$0,$-0,$-1,$-1,$10,$-2,$0,$0,$-61,$32,$-29,$-1,$-31,$-14,$5,$-9,$0,$0,$-4,$41,$28,$6,$0,$-4
16,2014-09-30,16.3,$16.32,1.0,$8.23,1.98,$3.95,4.13,$1.63,10.0,$0.42B,$0.78B,0.54,$0.02B,$0.08B,0.3,$0.04B,$0.04B,92.50%,$0.04B,$0.01B,22.50%,$0.04B,0,0.00%,$0.04B,0,0.00%,$0.04B,$0.01B,22.50%,$0.04B,$0.01B,20.00%,$0.01B,$0.08B,10.77%,$0.01B,$0.08B,11.31%,$0.01B,$0.89B,0.91%,$0.01B,$0.10B,8.37%,$10,$1,$9,$0,$7,$7,$2,$0,$2,$1,$2,$2,$2,$0,$0,$5,5,$0.39,$0.39,$34,$0,$0,$421,$19,$407,$3,$40,$469,$890,$778,$24,$9,$33,$810,$1,$85,$-11,$80,$890,$0,$0,$0,$0,$0,$0,$0,$0,$0,$7,$-2,$0,$0,$-14,$10,$-5,$2,$-4,$-10,$-28,$-38,$0,$0,$-3,$41,$-0,$3,$0,$-3
17,2014-06-30,15.98,$15.92,1.0,$8.31,1.92,$4.53,3.53,$1.65,9.69,$0.41B,$0.77B,0.54,$0.03B,$0.08B,0.43,$0.04B,$0.04B,92.50%,$0.04B,$0.01B,25.00%,$0.04B,0,0.00%,$0.04B,0,0.00%,$0.04B,$0.01B,25.00%,$0.04B,$0.01B,20.00%,$0.01B,$0.08B,11.19%,$0.01B,$0.07B,11.72%,$0.01B,$0.89B,0.91%,$0.01B,$0.11B,8.87%,$10,$1,$10,$0,$7,$8,$2,$0,$2,$0,$2,$2,$2,$0,$0,$5,5,$0.43,$0.43,$29,$0,$0,$414,$20,$407,$3,$43,$474,$888,$768,$34,$8,$42,$810,$1,$85,$-12,$78,$888,$0,$0,$0,$0,$0,$0,$0,$0,$0,$4,$-2,$0,$0,$-6,$6,$0,$2,$1,$0,$-33,$-33,$0,$0,$-2,$37,$1,$6,$0,$-2
18,2014-03-31,15.41,$14.96,1.03,$8.21,1.88,$5.36,2.87,$1.55,9.94,$0.41B,$0.76B,0.54,$0.04B,$0.07B,0.6,$0.04B,$0.04B,90.00%,$0.04B,$0.01B,25.00%,$0.04B,0,0.00%,$0.04B,0,0.00%,$0.04B,$0.01B,25.00%,$0.04B,$0.01B,20.00%,$0.01B,$0.07B,11.39%,$0.01B,$0.07B,11.90%,$0.01B,$0.88B,0.92%,$0.01B,$0.12B,8.75%,$10,$1,$9,$0,$7,$7,$2,$0,$2,$0,$2,$2,$2,$0,$0,$5,5,$0.37,$0.37,$21,$0,$0,$407,$19,$407,$3,$46,$474,$882,$756,$44,$9,$52,$809,$1,$84,$-15,$73,$882,$0,$0,$0,$0,$0,$0,$0,$0,$0,$1,$-1,$0,$0,$-0,$1,$1,$2,$2,$10,$-41,$-31,$0,$0,$-1,$32,$1,$4,$0,$-1
19,2013-12-31,15.27,$13.61,1.12,$8.20,1.86,$5.72,2.67,$1.47,10.39,$0.41B,$0.77B,0.53,$0.03B,$0.07B,0.51,$0.04B,$0.04B,87.50%,$0.04B,$0.01B,25.00%,$0.04B,0,0.00%,$0.04B,0,0.00%,$0.04B,$0.01B,25.00%,$0.04B,$0.01B,17.50%,$0.01B,$0.07B,9.46%,$0.01B,$0.06B,9.86%,$0.01B,$0.87B,0.80%,$0.01B,$0.10B,8.05%,$10,$1,$9,$0,$7,$7,$3,$0,$3,$1,$2,$2,$2,$0,$0,$5,5,$0.44,$0.44,$17,$0,$0,$405,$19,$398,$3,$48,$468,$873,$765,$34,$9,$42,$807,$1,$83,$-21,$66,$873,$7,$2,$1,$3,$1,$0,$-0,$1,$1,$11,$-0,$0,$0,$16,$-18,$-2,$-24,$-26,$-35,$37,$2,$0,$0,$-4,$12,$10,$-6,$0,$-4
20,2013-09-30,14.66,$14.12,1.04,$8.29,1.77,$5.71,2.57,$1.39,10.55,$0.40B,$0.74B,0.54,$0.06B,$0.07B,0.81,$0.04B,$0.04B,85.37%,$0.04B,$0.01B,21.95%,$0.04B,0,0.00%,$0.04B,0,0.00%,$0.04B,$0.01B,21.95%,$0.04B,$0.01B,17.07%,$0.01B,$0.07B,8.78%,$0.01B,$0.07B,9.12%,$0.01B,$0.87B,0.80%,$0.01B,$0.12B,6.50%,$10,$1,$9,$0,$7,$8,$3,$0,$3,$0,$2,$2,$2,$0,$0,$5,5,$0.41,$0.41,$20,$0,$0,$395,$19,$409,$3,$46,$477,$872,$738,$56,$9,$64,$803,$1,$82,$-18,$69,$872,$0,$0,$0,$0,$0,$0,$0,$0,$0,$9,$-0,$0,$0,$16,$-23,$-8,$-10,$-17,$-13,$16,$3,$0,$0,$-3,$6,$6,$-2,$0,$-3
21,2013-06-30,15.79,$15.08,1.05,$8.26,1.91,$5.82,2.71,$1.31,12.05,$0.38B,$0.74B,0.52,$0.04B,$0.07B,0.59,$0.04B,$0.04B,85.37%,$0.04B,$0.01B,19.51%,$0.04B,0,0.00%,$0.04B,0,0.00%,$0.04B,$0.01B,19.51%,$0.04B,$0.01B,17.07%,$0.01B,$0.07B,8.28%,$0.01B,$0.07B,8.59%,$0.01B,$0.87B,0.80%,$0.01B,$0.12B,5.45%,$10,$1,$9,$0,$7,$8,$2,$0,$2,$0,$2,$2,$2,$0,$0,$5,5,$0.33,$0.33,$23,$0,$0,$383,$19,$419,$3,$43,$483,$867,$741,$44,$8,$52,$793,$1,$81,$-12,$73,$867,$0,$0,$0,$0,$0,$0,$0,$0,$0,$6,$-0,$0,$0,$13,$-24,$-12,$5,$-7,$-25,$15,$-10,$0,$0,$-2,$11,$-2,$-2,$0,$-2
22,2013-03-31,15.68,$18.06,0.87,$8.41,1.86,$5.78,2.71,$1.34,11.7,$0.46B,$0.73B,0.62,$0.07B,$0.09B,0.78,$0.04B,$0.04B,83.33%,$0.04B,$0.01B,19.05%,$0.04B,0,0.00%,$0.04B,0,0.00%,$0.04B,$0.01B,19.05%,$0.04B,$0.01B,16.67%,$0.01B,$0.09B,7.93%,$0.01B,$0.09B,8.21%,$0.01B,$0.90B,0.81%,$0.01B,$0.16B,5.02%,$10,$1,$8,$0,$7,$8,$2,$0,$2,$0,$1,$1,$1,$0,$0,$5,5,$0.29,$0.29,$88,$0,$0,$456,$19,$383,$3,$34,$439,$895,$731,$69,$7,$76,$807,$1,$80,$3,$88,$895,$0,$0,$0,$0,$0,$0,$0,$0,$0,$2,$-0,$0,$0,$-41,$35,$-6,$-2,$-7,$0,$-2,$-2,$0,$0,$-1,$17,$14,$9,$0,$-1
23,2012-12-31,15.23,$18.28,0.83,$8.59,1.77,$5.80,2.62,$1.39,10.96,$0.40B,$0.72B,0.57,$0.07B,$0.09B,0.77,$0.04B,$0.04B,83.72%,$0.04B,$0.01B,18.60%,$0.04B,0,0.00%,$0.04B,0,0.00%,$0.04B,$0.01B,18.60%,$0.04B,$0.01B,18.60%,$0.01B,$0.09B,9.14%,$0.01B,$0.09B,9.47%,$0.01B,$0.88B,0.94%,$0.01B,$0.16B,4.96%,$11,$1,$9,$0,$7,$8,$2,$0,$2,$0,$2,$2,$2,$0,$0,$5,5,$0.36,$0.36,$38,$0,$0,$404,$19,$421,$3,$33,$476,$881,$716,$69,$7,$76,$792,$1,$80,$4,$89,$881,$7,$2,$1,$3,$-0,$0,$-0,$2,$1,$11,$-0,$0,$0,$-12,$-51,$-63,$19,$-44,$0,$-47,$-47,$0,$0,$-4,$70,$19,$-14,$0,$-4
24,2012-09-30,14.9,$18.19,0.82,$8.63,1.73,$5.87,2.54,$1.40,10.64,$0.40B,$0.68B,0.58,$0.07B,$0.09B,0.78,$0.04B,$0.04B,83.72%,$0.04B,$0.01B,18.60%,$0.04B,0,0.00%,$0.04B,0,0.00%,$0.04B,$0.01B,18.60%,$0.04B,$0.01B,18.60%,$0.01B,$0.09B,9.22%,$0.01B,$0.09B,9.55%,$0.01B,$0.85B,0.94%,$0.01B,$0.16B,4.98%,$10,$1,$9,$0,$7,$8,$2,$0,$2,$0,$2,$2,$2,$0,$0,$5,5,$0.34,$0.33,$22,$0,$0,$397,$19,$398,$3,$30,$450,$848,$683,$69,$8,$76,$759,$1,$79,$5,$88,$848,$0,$0,$0,$0,$0,$0,$0,$0,$0,$9,$-0,$0,$0,$2,$-24,$-22,$10,$-12,$0,$-54,$-54,$0,$0,$-3,$45,$-12,$-15,$0,$-3
25,2012-06-30,14.54,$18.18,0.8,$8.99,1.62,$5.83,2.49,$1.40,10.39,$0.49B,$0.67B,0.74,$0.08B,$0.09B,0.89,$0.05B,$0.04B,82.22%,$0.05B,$0.01B,17.78%,$0.05B,0,0.00%,$0.05B,0,0.00%,$0.05B,$0.01B,17.78%,$0.05B,$0.01B,17.78%,$0.01B,$0.09B,9.28%,$0.01B,$0.09B,9.61%,$0.01B,$0.85B,0.95%,$0.01B,$0.17B,5.00%,$11,$1,$9,$0,$7,$8,$2,$0,$2,$0,$2,$2,$2,$0,$0,$5,5,$0.36,$0.36,$112,$0,$0,$493,$20,$300,$3,$29,$351,$845,$671,$79,$7,$85,$756,$1,$79,$5,$88,$845,$0,$0,$0,$0,$0,$0,$0,$0,$0,$6,$-0,$0,$0,$-64,$76,$12,$5,$17,$10,$-41,$-31,$0,$0,$-2,$19,$-14,$9,$0,$-2
26,2012-03-31,14.71,$17.53,0.84,$9.06,1.62,$5.49,2.68,$1.42,10.36,$0.41B,$0.68B,0.6,$0.08B,$0.09B,0.92,$0.05B,$0.04B,82.22%,$0.05B,$0.01B,17.78%,$0.05B,0,0.00%,$0.05B,0,0.00%,$0.05B,$0.01B,17.78%,$0.05B,$0.01B,17.78%,$0.01B,$0.09B,9.41%,$0.01B,$0.08B,9.76%,$0.01B,$0.85B,0.95%,$0.01B,$0.16B,4.92%,$11,$2,$9,$0,$7,$8,$2,$0,$2,$0,$2,$2,$2,$0,$0,$5,5,$0.34,$0.34,$26,$0,$0,$408,$20,$384,$3,$30,$437,$846,$676,$79,$6,$85,$760,$1,$78,$3,$85,$846,$0,$0,$0,$0,$0,$0,$0,$0,$0,$3,$-0,$0,$0,$-2,$-12,$-14,$5,$-9,$10,$-29,$-19,$0,$0,$-1,$11,$-8,$-15,$0,$-1
27,2011-12-31,13.11,$17.77,0.74,$9.15,1.43,$5.27,2.49,$1.48,8.86,$0.43B,$0.69B,0.62,$0.07B,$0.09B,0.8,$0.05B,$0.04B,82.22%,$0.05B,$0.01B,20.00%,$0.05B,0,0.00%,$0.05B,0,0.00%,$0.05B,$0.01B,20.00%,$0.05B,$0.01B,17.78%,$0.01B,$0.09B,9.58%,$0.01B,$0.08B,9.97%,$0.01B,$0.85B,0.95%,$0.01B,$0.16B,5.54%,$11,$2,$9,$0,$7,$9,$2,$0,$2,$-0,$2,$2,$2,$0,$0,$5,5,$0.38,$0.38,$39,$0,$0,$426,$20,$371,$3,$33,$428,$854,$693,$69,$6,$75,$768,$1,$77,$4,$86,$854,$7,$3,$2,$5,$0,$0,$-0,$-0,$-0,$12,$-1,$0,$0,$-3,$-40,$-43,$28,$-15,$-16,$7,$-9,$0,$0,$-4,$35,$22,$18,$0,$-4
28,2011-09-30,13.66,$17.71,0.77,$9.27,1.47,$5.83,2.34,$1.46,9.36,$0.46B,$0.67B,0.69,$0.07B,$0.09B,0.8,$0.05B,$0.04B,82.22%,$0.05B,$0.01B,20.00%,$0.05B,0,0.00%,$0.05B,0,0.00%,$0.05B,$0.01B,20.00%,$0.05B,$0.01B,17.78%,$0.01B,$0.09B,9.88%,$0.01B,$0.08B,10.29%,$0.01B,$0.83B,0.96%,$0.01B,$0.15B,5.49%,$12,$2,$10,$0,$8,$10,$2,$0,$2,$0,$2,$2,$2,$0,$0,$5,5,$0.33,$0.33,$54,$0,$0,$458,$21,$316,$3,$29,$369,$827,$665,$69,$7,$76,$741,$1,$77,$5,$86,$827,$0,$0,$0,$0,$0,$0,$0,$0,$0,$10,$-1,$0,$0,$-34,$19,$-14,$13,$-2,$-16,$-15,$-31,$0,$0,$-3,$30,$-5,$3,$0,$-3
29,2011-06-30,14.23,$17.21,0.83,$9.13,1.56,$5.96,2.39,$1.50,9.49,$0.45B,$0.66B,0.67,$0.09B,$0.08B,1.13,$0.04B,$0.04B,81.82%,$0.04B,$0.01B,20.45%,$0.04B,0,0.00%,$0.04B,0,0.00%,$0.04B,$0.01B,20.45%,$0.04B,$0.01B,18.18%,$0.01B,$0.08B,10.03%,$0.01B,$0.08B,10.46%,$0.01B,$0.85B,0.96%,$0.01B,$0.18B,5.39%,$11,$2,$9,$0,$7,$9,$2,$0,$2,$0,$2,$2,$2,$0,$0,$5,5,$0.38,$0.38,$34,$0,$0,$445,$21,$348,$3,$28,$400,$845,$662,$94,$6,$100,$762,$1,$76,$3,$83,$845,$0,$0,$0,$0,$0,$0,$0,$0,$0,$5,$-1,$0,$0,$-10,$-16,$-26,$8,$-19,$10,$1,$11,$0,$0,$-2,$10,$19,$5,$0,$-2
30,2011-03-31,14.72,$16.28,0.9,$9.17,1.6,$6.41,2.3,$1.47,10.01,$0.44B,$0.66B,0.66,$0.08B,$0.08B,1.07,$0.04B,$0.04B,81.82%,$0.04B,$0.01B,20.45%,$0.04B,0,0.00%,$0.04B,0,0.00%,$0.04B,$0.01B,20.45%,$0.04B,$0.01B,18.18%,$0.01B,$0.08B,10.16%,$0.01B,$0.08B,10.63%,$0.01B,$0.83B,0.96%,$0.01B,$0.16B,5.50%,$11,$2,$9,$0,$7,$8,$3,$0,$3,$1,$2,$2,$2,$0,$0,$5,5,$0.40,$0.40,$24,$0,$0,$436,$21,$341,$3,$30,$396,$832,$662,$84,$7,$91,$753,$1,$75,$-1,$79,$832,$0,$0,$0,$0,$0,$0,$0,$0,$0,$2,$-1,$0,$0,$0,$-15,$-14,$8,$-7,$0,$2,$2,$0,$0,$-1,$9,$10,$6,$0,$-1
31,2010-12-31,15.09,$15.77,0.96,$9.38,1.61,$7.04,2.14,$1.48,10.19,$0.44B,$0.65B,0.67,$0.08B,$0.08B,1.11,$0.05B,$0.04B,82.22%,$0.05B,$0.01B,20.00%,$0.05B,0,0.00%,$0.05B,0,0.00%,$0.05B,$0.01B,20.00%,$0.05B,$0.01B,17.78%,$0.01B,$0.08B,10.22%,$0.01B,$0.07B,10.67%,$0.01B,$0.82B,0.96%,$0.01B,$0.16B,5.49%,$11,$2,$9,$0,$7,$9,$2,$0,$2,$1,$2,$2,$2,$0,$0,$5,5,$0.35,$0.35,$18,$0,$0,$438,$21,$325,$3,$31,$380,$818,$651,$84,$7,$91,$742,$1,$74,$-2,$76,$818,$7,$5,$1,$6,$1,$0,$-0,$3,$4,$18,$-4,$0,$0,$4,$-11,$-7,$23,$12,$10,$-2,$8,$-0,$-0,$-4,$-32,$-28,$2,$0,$-4
32,2010-09-30,13.27,$16.82,0.79,$9.65,1.38,$5.73,2.32,$1.48,8.97,$0.47B,$0.67B,0.7,$0.08B,$0.08B,1.04,$0.05B,$0.04B,80.85%,$0.05B,$0.01B,19.15%,$0.05B,0,0.00%,$0.05B,0,0.00%,$0.05B,$0.01B,19.15%,$0.05B,$0.01B,17.02%,$0.01B,$0.08B,10.26%,$0.01B,$0.08B,10.74%,$0.01B,$0.84B,0.95%,$0.01B,$0.17B,5.59%,$11,$2,$9,$0,$7,$9,$2,$0,$2,$0,$2,$2,$2,$0,$0,$5,5,$0.37,$0.37,$44,$0,$0,$472,$20,$318,$3,$29,$371,$843,$671,$84,$6,$91,$761,$1,$74,$4,$81,$843,$0,$0,$0,$0,$0,$0,$0,$0,$0,$12,$-2,$0,$0,$-20,$5,$-15,$16,$-1,$10,$0,$10,$-0,$-0,$-3,$-11,$-5,$6,$0,$-3
33,2010-06-30,12.08,$16.26,0.74,$9.88,1.22,$5.22,2.32,$1.46,8.28,$0.47B,$0.66B,0.72,$0.09B,$0.08B,1.1,$0.05B,$0.04B,79.59%,$0.05B,$0.01B,18.37%,$0.05B,0,0.00%,$0.05B,0,0.00%,$0.05B,$0.01B,18.37%,$0.05B,$0.01B,16.33%,$0.01B,$0.08B,10.39%,$0.01B,$0.08B,10.92%,$0.01B,$0.83B,0.96%,$0.01B,$0.17B,5.72%,$11,$2,$9,$0,$7,$9,$2,$0,$2,$0,$2,$2,$2,$0,$0,$5,5,$0.35,$0.35,$39,$0,$0,$472,$19,$300,$4,$31,$353,$826,$655,$86,$6,$92,$747,$1,$73,$2,$79,$826,$0,$0,$0,$0,$0,$0,$0,$0,$0,$8,$-1,$0,$0,$-15,$21,$6,$1,$6,$12,$0,$12,$-0,$-0,$-2,$-20,$-10,$3,$0,$-2
34,2010-03-31,17.05,$16.02,1.06,$10.05,1.7,$4.77,3.58,$1.48,11.52,$0.51B,$0.68B,0.75,$0.09B,$0.08B,1.12,$0.05B,$0.04B,78.00%,$0.05B,$0.01B,18.00%,$0.05B,0,0.00%,$0.05B,0,0.00%,$0.05B,$0.01B,18.00%,$0.05B,$0.01B,16.00%,$0.01B,$0.08B,10.67%,$0.01B,$0.07B,11.19%,$0.01B,$0.85B,0.96%,$0.01B,$0.16B,5.76%,$12,$2,$10,$0,$7,$9,$3,$0,$3,$1,$2,$2,$2,$0,$0,$5,5,$0.41,$0.41,$60,$0,$0,$507,$18,$290,$4,$30,$342,$849,$679,$86,$6,$93,$772,$1,$72,$1,$77,$849,$0,$0,$0,$0,$0,$0,$0,$0,$0,$5,$-0,$0,$0,$-45,$30,$-15,$0,$-15,$12,$0,$12,$-0,$-0,$-1,$5,$16,$6,$0,$-1
35,2009-12-31,15.34,$15.42,1.0,$9.96,1.54,$4.27,3.59,$1.45,10.58,$0.47B,$0.69B,0.68,$0.07B,$0.08B,1.0,$0.05B,$0.04B,74.00%,$0.05B,$0.01B,16.00%,$0.05B,0,0.00%,$0.05B,0,0.00%,$0.05B,$0.01B,16.00%,$0.05B,$0.01B,16.00%,$0.01B,$0.08B,10.81%,$0.01B,$0.07B,11.39%,$0.01B,$0.84B,0.98%,$0.01B,$0.15B,5.22%,$13,$3,$10,$0,$8,$11,$2,$0,$2,$0,$2,$2,$2,$0,$0,$5,5,$0.35,$0.35,$21,$0,$0,$468,$18,$318,$4,$32,$372,$840,$685,$74,$6,$80,$765,$1,$71,$-1,$75,$840,$7,$4,$3,$7,$0,$0,$-1,$-4,$-4,$10,$-2,$0,$0,$-4,$-62,$-66,$-21,$-90,$-5,$52,$47,$-1,$-1,$-4,$24,$67,$-13,$0,$-4
36,2009-09-30,17.96,$15.81,1.14,$9.78,1.84,$3.97,4.52,$1.52,11.82,$0.47B,$0.66B,0.71,$0.07B,$0.08B,0.97,$0.05B,$0.04B,71.43%,$0.05B,$0.01B,18.37%,$0.05B,0,0.00%,$0.05B,0,0.00%,$0.05B,$0.01B,18.37%,$0.05B,$0.01B,16.33%,$0.01B,$0.08B,10.96%,$0.01B,$0.07B,11.51%,$0.01B,$0.82B,1.00%,$0.01B,$0.15B,5.85%,$13,$3,$10,$0,$8,$10,$2,$0,$2,$0,$2,$2,$2,$0,$0,$5,5,$0.36,$0.35,$25,$0,$0,$473,$19,$297,$4,$27,$346,$819,$662,$74,$6,$80,$742,$1,$71,$1,$77,$819,$0,$0,$0,$0,$0,$0,$0,$0,$0,$9,$-2,$0,$0,$-5,$-36,$-41,$36,$-7,$-5,$-18,$-23,$0,$0,$-3,$15,$-11,$-9,$0,$-3
37,2009-06-30,21.02,$14.69,1.43,$9.63,2.18,$3.56,5.9,$1.60,13.14,$0.46B,$0.65B,0.71,$0.09B,$0.07B,1.25,$0.05B,$0.03B,70.83%,$0.05B,$0.01B,20.83%,$0.05B,0,0.00%,$0.05B,0,0.00%,$0.05B,$0.01B,20.83%,$0.05B,$0.01B,16.67%,$0.01B,$0.07B,11.31%,$0.01B,$0.07B,11.85%,$0.01B,$0.82B,1.04%,$0.01B,$0.16B,6.54%,$12,$3,$9,$0,$7,$10,$2,$0,$2,$1,$2,$2,$2,$0,$0,$5,5,$0.38,$0.37,$19,$0,$0,$462,$18,$303,$4,$29,$354,$816,$650,$89,$6,$95,$745,$1,$70,$-3,$71,$816,$0,$0,$0,$0,$0,$0,$0,$0,$0,$6,$-2,$0,$0,$0,$-49,$-49,$16,$-35,$10,$-15,$-5,$0,$0,$-2,$25,$18,$-10,$0,$-2
38,2009-03-31,16.06,$15.01,1.07,$9.65,1.66,$3.46,4.64,$1.74,9.23,$0.47B,$0.63B,0.74,$0.08B,$0.07B,1.09,$0.05B,$0.03B,70.83%,$0.05B,$0.01B,22.92%,$0.05B,0,0.00%,$0.05B,0,0.00%,$0.05B,$0.01B,22.92%,$0.05B,$0.01B,16.67%,$0.01B,$0.07B,11.43%,$0.01B,$0.07B,12.03%,$0.01B,$0.79B,1.09%,$0.01B,$0.15B,7.17%,$12,$3,$8,$0,$6,$9,$2,$0,$2,$1,$2,$2,$2,$0,$0,$5,5,$0.38,$0.38,$22,$0,$0,$465,$18,$274,$4,$26,$322,$787,$630,$79,$5,$85,$714,$1,$69,$-1,$73,$787,$0,$0,$0,$0,$0,$0,$0,$0,$0,$3,$-1,$0,$0,$18,$-15,$3,$-13,$-11,$0,$-21,$-21,$-0,$-0,$-1,$19,$-3,$-11,$0,$-1
39,2008-12-31,13.92,$14.72,0.95,$9.68,1.44,$3.33,4.19,$1.69,8.24,$0.46B,$0.61B,0.76,$0.08B,$0.07B,1.11,$0.05B,$0.03B,70.83%,$0.05B,$0.01B,22.92%,$0.05B,0,0.00%,$0.05B,0,0.00%,$0.05B,$0.01B,22.92%,$0.05B,$0.01B,16.67%,$0.01B,$0.07B,11.51%,$0.01B,$0.07B,12.12%,$0.01B,$0.77B,1.12%,$0.01B,$0.15B,7.13%,$12,$3,$8,$0,$6,$9,$3,$0,$3,$1,$2,$2,$2,$0,$0,$5,5,$0.42,$0.42,$30,$0,$0,$460,$17,$258,$4,$27,$306,$766,$610,$79,$6,$85,$695,$1,$68,$-1,$71,$766,$8,$2,$1,$3,$-1,$0,$-1,$0,$-1,$10,$-4,$0,$0,$1,$-15,$-15,$-134,$-153,$30,$58,$88,$-1,$-1,$-4,$69,$153,$10,$0,$-4
40,2008-09-30,10.69,$14.08,0.76,$9.63,1.11,$3.40,3.15,$1.56,6.85,$0.44B,$0.50B,0.87,$0.08B,$0.07B,1.16,$0.05B,$0.03B,68.75%,$0.05B,$0.01B,20.83%,$0.05B,0,0.00%,$0.05B,0,0.00%,$0.05B,$0.01B,20.83%,$0.05B,$0.01B,14.58%,$0.01B,$0.07B,10.18%,$0.01B,$0.07B,10.77%,$0.01B,$0.70B,1.01%,$0.01B,$0.15B,6.85%,$12,$3,$9,$0,$6,$9,$3,$0,$3,$1,$2,$2,$2,$0,$0,$5,5,$0.43,$0.43,$25,$0,$0,$441,$17,$207,$4,$27,$254,$695,$504,$79,$43,$123,$627,$1,$67,$-3,$68,$695,$0,$0,$0,$0,$0,$0,$0,$0,$0,$8,$-3,$0,$0,$-7,$33,$26,$-82,$-60,$30,$-4,$26,$-0,$-0,$-3,$26,$49,$-3,$0,$-3
41,2008-06-30,12.65,$14.08,0.9,$9.61,1.32,$3.39,3.73,$1.49,8.49,$0.44B,$0.49B,0.89,$0.09B,$0.07B,1.38,$0.05B,$0.03B,64.58%,$0.05B,$0.01B,18.75%,$0.05B,0,0.00%,$0.05B,0,0.00%,$0.05B,$0.01B,18.75%,$0.05B,$0.01B,14.58%,$0.01B,$0.07B,10.26%,$0.01B,$0.06B,10.89%,$0.01B,$0.69B,1.03%,$0.01B,$0.16B,6.52%,$12,$3,$9,$0,$6,$9,$3,$0,$3,$1,$2,$2,$2,$0,$0,$5,5,$0.51,$0.51,$41,$0,$0,$437,$15,$211,$4,$26,$256,$693,$489,$94,$41,$135,$625,$1,$66,$-2,$68,$693,$0,$0,$0,$0,$0,$0,$0,$0,$0,$5,$-1,$0,$0,$-12,$30,$18,$-63,$-46,$45,$-4,$41,$-0,$-0,$-2,$11,$50,$9,$0,$-2
42,2008-03-31,12.86,$14.56,0.88,$9.42,1.36,$3.38,3.8,$1.36,9.46,$0.43B,$0.51B,0.84,$0.08B,$0.07B,1.19,$0.05B,$0.03B,61.70%,$0.05B,$0.01B,17.02%,$0.05B,0,0.00%,$0.05B,0,0.00%,$0.05B,$0.01B,17.02%,$0.05B,$0.01B,14.89%,$0.01B,$0.07B,10.41%,$0.01B,$0.07B,11.07%,$0.01B,$0.71B,1.05%,$0.01B,$0.16B,6.36%,$12,$4,$8,$0,$5,$10,$2,$0,$2,$0,$2,$2,$2,$0,$0,$5,5,$0.34,$0.33,$35,$0,$0,$425,$15,$243,$4,$23,$285,$709,$505,$84,$49,$134,$639,$1,$64,$1,$71,$709,$0,$0,$0,$0,$0,$0,$0,$0,$0,$2,$-1,$0,$0,$-8,$-26,$-34,$-17,$-51,$35,$-4,$31,$0,$0,$-1,$26,$56,$7,$0,$-1
43,2007-12-31,11.6,$14.02,0.83,$9.22,1.26,$3.46,3.36,$1.40,8.29,$0.39B,$0.48B,0.81,$0.05B,$0.07B,0.72,$0.05B,$0.03B,60.87%,$0.05B,$0.01B,19.57%,$0.05B,0,0.00%,$0.05B,0,0.00%,$0.05B,$0.01B,19.57%,$0.05B,$0.01B,15.22%,$0.01B,$0.07B,10.53%,$0.01B,$0.06B,11.24%,$0.01B,$0.68B,1.08%,$0.01B,$0.12B,7.58%,$12,$4,$7,$0,$6,$10,$2,$0,$2,$0,$1,$1,$1,$0,$0,$5,5,$0.29,$0.29,$20,$0,$0,$393,$14,$245,$4,$24,$288,$681,$483,$49,$80,$129,$613,$1,$64,$-0,$68,$681,$7,$2,$0,$2,$-0,$0,$1,$-0,$0,$10,$-3,$0,$-3,$14,$-70,$-56,$63,$1,$-10,$4,$-6,$-3,$-3,$-4,$5,$-7,$3,$0,$-4
44,2007-09-30,14.51,$13.64,1.06,$9.02,1.61,$4.34,3.34,$1.55,9.36,$0.37B,$0.49B,0.77,$0.05B,$0.07B,0.74,$0.05B,$0.03B,62.22%,$0.05B,$0.01B,22.22%,$0.05B,0,0.00%,$0.05B,0,0.00%,$0.05B,$0.01B,22.22%,$0.05B,$0.01B,17.78%,$0.01B,$0.07B,11.94%,$0.01B,$0.06B,12.80%,$0.01B,$0.64B,1.26%,$0.01B,$0.12B,8.23%,$12,$4,$7,$0,$5,$10,$2,$0,$2,$0,$2,$2,$2,$0,$0,$5,5,$0.36,$0.36,$17,$0,$0,$374,$13,$224,$4,$26,$267,$642,$489,$49,$37,$86,$575,$1,$63,$-2,$66,$642,$0,$0,$0,$0,$0,$0,$0,$0,$0,$7,$-2,$0,$-3,$15,$-32,$-17,$17,$-5,$-10,$9,$-1,$-3,$-3,$-3,$6,$-1,$1,$0,$-3
45,2007-06-30,13.65,$13.19,1.03,$8.79,1.55,$3.59,3.8,$1.61,8.48,$0.38B,$0.48B,0.79,$0.05B,$0.06B,0.77,$0.04B,$0.03B,63.64%,$0.04B,$0.01B,25.00%,$0.04B,0,0.00%,$0.04B,0,0.00%,$0.04B,$0.01B,25.00%,$0.04B,$0.01B,18.18%,$0.01B,$0.06B,11.85%,$0.01B,$0.06B,12.75%,$0.01B,$0.63B,1.28%,$0.01B,$0.11B,8.85%,$11,$4,$7,$0,$5,$9,$2,$0,$2,$1,$2,$2,$2,$0,$0,$5,5,$0.38,$0.37,$27,$0,$0,$382,$13,$208,$4,$26,$251,$632,$481,$49,$38,$87,$568,$1,$63,$-3,$64,$632,$0,$0,$0,$0,$0,$0,$0,$0,$0,$5,$-1,$0,$-3,$7,$-17,$-11,$20,$5,$-10,$0,$-10,$-3,$-3,$-2,$8,$-7,$3,$0,$-2
46,2007-03-31,13.54,$13.67,0.99,$8.61,1.57,$2.42,5.6,$1.65,8.21,$0.42B,$0.49B,0.86,$0.06B,$0.07B,0.87,$0.04B,$0.03B,65.91%,$0.04B,$0.01B,27.27%,$0.04B,0,0.00%,$0.04B,0,0.00%,$0.04B,$0.01B,27.27%,$0.04B,$0.01B,18.18%,$0.01B,$0.07B,11.81%,$0.01B,$0.06B,12.75%,$0.01B,$0.64B,1.29%,$0.01B,$0.13B,9.47%,$11,$4,$7,$0,$5,$9,$3,$0,$3,$1,$2,$2,$2,$0,$0,$5,5,$0.38,$0.37,$65,$0,$0,$421,$12,$182,$5,$24,$223,$644,$492,$59,$24,$84,$576,$1,$64,$-1,$68,$644,$0,$0,$0,$0,$0,$0,$0,$0,$0,$2,$-0,$0,$-3,$-26,$-1,$-27,$20,$-11,$0,$-1,$-1,$0,$0,$-1,$19,$17,$8,$0,$-1
47,2006-12-31,13.74,$13.88,0.99,$8.40,1.64,$2.51,5.47,$1.66,8.28,$0.41B,$0.47B,0.86,$0.06B,$0.07B,0.85,$0.04B,$0.03B,67.44%,$0.04B,$0.01B,27.91%,$0.04B,0,0.00%,$0.04B,0,0.00%,$0.04B,$0.01B,27.91%,$0.04B,$0.01B,18.60%,$0.01B,$0.07B,11.94%,$0.01B,$0.07B,12.90%,$0.01B,$0.62B,1.30%,$0.01B,$0.13B,9.50%,$11,$4,$7,$0,$5,$8,$3,$0,$3,$1,$2,$2,$2,$0,$0,$5,5,$0.45,$0.43,$31,$0,$0,$405,$12,$175,$5,$24,$216,$621,$473,$59,$18,$79,$552,$1,$65,$-1,$70,$621,$8,$2,$-0,$2,$-0,$0,$0,$4,$4,$14,$-3,$0,$0,$-15,$-11,$-27,$12,$-18,$-1,$-2,$-2,$0,$0,$-3,$-2,$-7,$-11,$0,$-3
