,Date,Stock Price,Book Value per Share,Price to Book Ratio,TTM Sales per Share,Price to Sales Ratio,TTM FCF per Share,Price to FCF Ratio,TTM Net EPS,PE Ratio,Current Assets,Current Liabilities,Current Ratio,Long Term Debt,Shareholder's Equity_x,Debt to Equity Ratio,TTM Revenue_x,TTM Gross Profit,Gross Margin,TTM Revenue_y,TTM Operating Income,Operating Margin,TTM Revenue_x,TTM EBIT,EBIT Margin,TTM Revenue_y,TTM EBITDA,EBITDA Margin,TTM Revenue_x,TTM Pre-Tax Income,Pre-Tax Margin,TTM Revenue_y,TTM Net Income_x,Net Margin,TTM Net Income_y,Shareholder's Equity_y,Return on Equity,TTM Net Income_x,Tangible Equity,Return on Tangible Equity,TTM Net Income_y,Total Assets,Return on Assets,TTM Net Income,LT Investments & Debt,Return on Investment,revenue,cost-goods-sold,gross-profit,research-development-expenses,selling-general-administrative-expenses,operating-expenses,operating-income,total-non-operating-income-expense,pre-tax-income,total-provision-income-taxes,income-after-taxes,income-from-continuous-operations,net-income,ebitda,ebit,basic-shares-outstanding,shares-outstanding,eps-basic-net-earnings-per-share,eps-earnings-per-share-diluted,cash-on-hand,inventory,other-current-assets,total-current-assets,net-property-plant-equipment,long-term-investments,goodwill-intangible-assets-total,other-long-term-assets,total-long-term-assets,total-assets,total-current-liabilities,long-term-debt,other-non-current-liabilities,total-long-term-liabilities,total-liabilities,common-stock-net,retained-earnings-accumulated-deficit,comprehensive-income,total-share-holder-equity,total-liabilities-share-holders-equity,net-income-loss,total-depreciation-amortization-cash-flow,other-non-cash-items,total-non-cash-items,change-in-accounts-receivable,change-in-inventories,change-in-accounts-payable,change-in-assets-liabilities,total-change-in-assets-liabilities,cash-flow-from-operating-activities,net-change-in-property-plant-equipment,net-change-in-intangible-assets,net-acquisitions-divestitures,net-change-in-short-term-investments,net-change-in-long-term-investments,net-change-in-investments-total,investing-activities-other,cash-flow-from-investing-activities,net-long-term-debt,net-current-debt,debt-issuance-retirement-net-total,net-common-equity-issued-repurchased,net-total-equity-issued-repurchased,total-common-preferred-stock-dividends-paid,financial-activities-other,cash-flow-from-financial-activities,net-cash-flow,stock-based-compensation,common-stock-dividends-paid
0,2018-09-30,49.41,$46.41,1.06,$36.11,1.37,$8.20,6.03,$6.41,7.71,$0.58B,$0.28B,2.07,$0.37B,$0.85B,0.44,$0.76B,$0.26B,34.04%,$0.76B,$0.08B,11.08%,$0.76B,$0.08B,11.08%,$0.76B,$0.08B,11.08%,$0.76B,$0.12B,15.17%,$0.76B,$0.14B,17.94%,$0.14B,$0.85B,17.11%,$0.14B,$0.79B,18.51%,$0.14B,$1.66B,8.32%,$0.08B,$1.22B,6.61%,$220,$148,$73,$0,$26,$186,$34,$-4,$30,$3,$26,$27,$17,$34,$34,$18,21,$0.94,$0.88,$369,$5,$0,$577,$859,$149,$58,$15,$1081,$1658,$278,$373,$0,$533,$811,$0,$479,$-0,$847,$1658,$0,$0,$0,$0,$0,$0,$0,$0,$0,$36,$-28,$0,$0,$0,$76,$77,$45,$95,$-46,$0,$-46,$0,$0,$0,$1,$-45,$85,$0,$0
1,2018-06-30,57.27,$44.88,1.28,$35.73,1.6,$8.58,6.68,$6.53,8.77,$0.56B,$0.14B,4.0,$0.53B,$0.82B,0.65,$0.72B,$0.24B,33.01%,$0.72B,$0.07B,9.09%,$0.72B,$0.07B,9.09%,$0.72B,$0.07B,9.09%,$0.72B,$0.08B,11.47%,$0.72B,$0.14B,19.16%,$0.14B,$0.82B,18.10%,$0.14B,$0.76B,19.70%,$0.14B,$1.66B,8.22%,$0.07B,$1.35B,5.02%,$217,$162,$55,$0,$24,$205,$12,$42,$54,$10,$44,$46,$45,$12,$12,$18,23,$2.50,$2.14,$360,$5,$0,$555,$866,$150,$60,$25,$1101,$1656,$139,$531,$0,$699,$838,$0,$462,$-0,$818,$1656,$0,$0,$0,$0,$0,$0,$0,$0,$0,$13,$-16,$0,$0,$0,$77,$78,$35,$98,$-33,$0,$-33,$0,$0,$0,$0,$-33,$78,$0,$0
2,2018-03-31,51.1,$41.92,1.22,$33.60,1.52,$9.64,5.3,$2.48,20.6,$0.48B,$0.18B,2.67,$0.50B,$0.76B,0.65,$0.63B,$0.23B,36.20%,$0.63B,$0.06B,9.89%,$0.63B,$0.06B,9.89%,$0.63B,$0.06B,9.89%,$0.63B,$0.02B,3.51%,$0.63B,$0.06B,9.41%,$0.06B,$0.76B,8.17%,$0.06B,$0.70B,8.90%,$0.06B,$1.61B,3.48%,$0.06B,$1.26B,4.84%,$185,$132,$53,$0,$26,$170,$15,$-9,$6,$-0,$6,$6,$1,$15,$15,$18,18,$0.04,$0.04,$314,$4,$0,$475,$860,$170,$61,$46,$1137,$1612,$178,$496,$0,$673,$851,$0,$417,$0,$761,$1612,$0,$0,$0,$0,$0,$0,$0,$0,$0,$13,$6,$0,$0,$0,$4,$4,$15,$25,$-8,$0,$-8,$0,$0,$0,$3,$-5,$33,$0,$0
3,2017-12-31,46.22,$41.99,1.1,$31.28,1.48,$6.73,6.87,$2.68,17.25,$0.44B,$0.18B,2.46,$0.50B,$0.75B,0.67,$0.58B,$0.22B,37.54%,$0.58B,$0.05B,8.65%,$0.58B,$0.05B,8.65%,$0.58B,$0.05B,8.65%,$0.58B,$0.04B,6.23%,$0.58B,$0.06B,10.73%,$0.06B,$0.75B,7.40%,$0.06B,$0.69B,7.94%,$0.06B,$1.61B,3.05%,$0.05B,$1.26B,3.43%,$136,$60,$77,$0,$34,$113,$23,$2,$25,$-55,$79,$80,$73,$23,$23,$17,23,$4.22,$3.98,$285,$4,$0,$440,$878,$173,$61,$61,$1173,$1613,$179,$502,$0,$681,$860,$0,$419,$-1,$753,$1613,$105,$105,$-72,$34,$2,$0,$-26,$-8,$-32,$108,$50,$0,$6,$0,$6,$6,$53,$115,$-260,$0,$-260,$-12,$-12,$0,$23,$-250,$-17,$0,$0
4,2017-09-30,44.61,$38.90,1.15,$26.36,1.69,$-4.28,0.0,$-6.19,0.0,$0.46B,$0.22B,2.09,$0.62B,$0.70B,0.89,$0.46B,$0.17B,37.04%,$0.46B,$0.02B,4.36%,$0.46B,$0.02B,4.36%,$0.46B,$0.02B,4.36%,$0.46B,$0.00B,0.44%,$0.46B,$-0.11B,-22.88%,$-0.11B,$0.70B,-11.06%,$-0.11B,$0.63B,-11.74%,$-0.11B,$1.78B,-4.48%,$0.02B,$1.32B,1.25%,$177,$126,$51,$0,$21,$162,$15,$-18,$-3,$-13,$10,$10,$18,$15,$15,$18,18,$1.00,$1.00,$332,$4,$0,$464,$1019,$175,$63,$61,$1319,$1783,$222,$620,$0,$866,$1088,$0,$378,$-0,$695,$1783,$0,$0,$0,$0,$0,$0,$0,$0,$0,$85,$-72,$0,$5,$24,$7,$31,$24,$-11,$-96,$0,$-96,$-8,$-8,$0,$16,$-87,$11,$0,$0
5,2017-06-30,33.18,$38.56,0.86,$22.81,1.45,$-5.35,0.0,$-9.54,0.0,$0.43B,$0.21B,1.99,$0.62B,$0.68B,0.91,$0.39B,$0.16B,41.33%,$0.39B,$0.01B,2.81%,$0.39B,$0.01B,2.81%,$0.39B,$0.01B,2.81%,$0.39B,$-0.01B,-2.55%,$0.39B,$-0.16B,-41.58%,$-0.16B,$0.68B,-14.88%,$-0.16B,$0.63B,-15.71%,$-0.16B,$1.77B,-6.18%,$0.01B,$1.29B,0.60%,$129,$82,$46,$0,$26,$120,$9,$-15,$-6,$-4,$-3,$-0,$-33,$9,$9,$17,17,$-1.91,$-1.91,$300,$2,$0,$426,$1006,$174,$52,$83,$1348,$1774,$214,$616,$0,$882,$1096,$0,$360,$-1,$678,$1774,$0,$0,$0,$0,$0,$0,$0,$0,$0,$77,$-61,$0,$0,$-1,$-3,$-4,$10,$-55,$-61,$0,$-61,$-8,$-8,$0,$8,$-61,$-33,$0,$0
6,2017-03-31,43.22,$70.49,0.61,$21.23,2.04,$-4.38,0.0,$-10.89,0.0,$0.75B,$0.53B,1.4,$0.73B,$1.23B,0.6,$0.36B,$0.15B,41.87%,$0.36B,$0.00B,1.10%,$0.36B,$0.00B,1.10%,$0.36B,$0.00B,1.10%,$0.36B,$-0.04B,-10.47%,$0.36B,$-0.19B,-50.96%,$-0.19B,$1.23B,-14.75%,$-0.19B,$1.18B,-15.54%,$-0.19B,$2.96B,-6.29%,$0.00B,$1.96B,0.19%,$136,$93,$43,$0,$23,$133,$3,$16,$20,$4,$16,$16,$4,$3,$3,$17,17,$0.24,$0.24,$521,$19,$0,$746,$1687,$297,$52,$24,$2209,$2955,$534,$733,$17,$1194,$1728,$0,$915,$-11,$1227,$2955,$0,$0,$0,$0,$0,$0,$0,$0,$0,$35,$-67,$0,$0,$0,$-6,$-6,$11,$-62,$-1,$0,$-1,$-8,$-8,$0,$6,$-2,$-49,$0,$0
7,2016-12-31,44.52,$68.75,0.65,$26.10,1.71,$-2.82,0.0,$-12.75,0.0,$0.76B,$0.37B,2.06,$0.63B,$1.20B,0.53,$0.44B,$0.17B,37.41%,$0.44B,$-0.01B,-2.04%,$0.44B,$-0.01B,-2.04%,$0.44B,$-0.01B,-2.04%,$0.44B,$-0.09B,-21.09%,$0.44B,$-0.22B,-48.98%,$-0.22B,$1.20B,-16.76%,$-0.22B,$1.14B,-17.73%,$-0.22B,$2.86B,-7.24%,$-0.01B,$1.83B,-0.41%,$17,$-13,$30,$0,$8,$24,$-7,$-2,$-9,$-1,$-8,$-24,$-94,$-7,$-7,$17,17,$-5.53,$-5.53,$335,$3,$0,$763,$980,$175,$53,$93,$2100,$2862,$370,$631,$19,$1296,$1666,$0,$911,$-12,$1196,$2862,$-77,$77,$46,$123,$-26,$0,$10,$-9,$-26,$40,$-110,$0,$-21,$0,$1,$1,$38,$-90,$-82,$0,$-82,$-2,$-2,$0,$5,$-79,$-101,$0,$0
8,2016-09-30,37.16,$73.92,0.5,$39.87,0.93,$1.80,20.67,$-10.59,0.0,$0.76B,$0.20B,3.9,$1.01B,$1.28B,0.79,$0.68B,$0.22B,32.59%,$0.68B,$-0.00B,-0.44%,$0.68B,$-0.00B,-0.44%,$0.68B,$-0.00B,-0.44%,$0.68B,$-0.09B,-12.74%,$0.68B,$-0.18B,-26.52%,$-0.18B,$1.28B,-13.38%,$-0.18B,$1.21B,-14.20%,$-0.18B,$2.95B,-5.84%,$-0.00B,$2.30B,-0.13%,$110,$67,$43,$0,$21,$104,$6,$-20,$-15,$-7,$-8,$-9,$-40,$6,$6,$17,17,$-2.35,$-2.35,$553,$16,$0,$760,$1584,$331,$76,$204,$2195,$2954,$195,$1014,$9,$1478,$1673,$0,$1004,$-10,$1281,$2954,$0,$0,$0,$0,$0,$0,$0,$0,$0,$61,$-66,$0,$0,$0,$4,$4,$12,$-50,$-60,$0,$-60,$-2,$-2,$0,$1,$-61,$-41,$0,$0
9,2016-06-30,36.2,$75.82,0.48,$48.31,0.75,$2.73,13.27,$-7.84,0.0,$0.83B,$0.18B,4.63,$1.02B,$1.31B,0.77,$0.83B,$0.26B,31.80%,$0.83B,$0.02B,2.30%,$0.83B,$0.02B,2.30%,$0.83B,$0.02B,2.30%,$0.83B,$-0.06B,-6.89%,$0.83B,$-0.13B,-15.96%,$-0.13B,$1.31B,-9.57%,$-0.13B,$1.24B,-10.17%,$-0.13B,$3.00B,-4.23%,$0.02B,$2.33B,0.80%,$100,$64,$36,$0,$21,$98,$2,$-35,$-34,$-14,$-20,$-24,$-55,$2,$2,$17,17,$-3.26,$-3.26,$642,$17,$0,$830,$1564,$325,$77,$206,$2172,$3001,$179,$1015,$8,$1509,$1688,$0,$1044,$-11,$1313,$3001,$0,$0,$0,$0,$0,$0,$0,$0,$0,$46,$-14,$0,$0,$0,$2,$2,$12,$-0,$-42,$0,$-42,$-2,$-2,$0,$1,$-43,$11,$0,$0
10,2016-03-31,34.01,$78.99,0.43,$58.00,0.59,$0.22,156.8,$-4.54,0.0,$0.80B,$0.19B,4.11,$1.02B,$1.37B,0.75,$1.01B,$0.30B,29.83%,$1.01B,$0.02B,2.38%,$1.01B,$0.02B,2.38%,$1.01B,$0.02B,2.38%,$1.01B,$-0.03B,-3.17%,$1.01B,$-0.08B,-7.53%,$-0.08B,$1.37B,-5.35%,$-0.08B,$1.29B,-5.70%,$-0.08B,$3.11B,-2.40%,$0.02B,$2.38B,1.01%,$214,$157,$56,$0,$36,$224,$-10,$-25,$-35,$-15,$-20,$-21,$-27,$-10,$-10,$17,17,$-1.62,$-1.62,$607,$18,$0,$798,$1514,$334,$78,$388,$2314,$3112,$194,$1018,$6,$1552,$1746,$0,$1099,$-8,$1366,$3112,$0,$0,$0,$0,$0,$0,$0,$0,$0,$42,$-47,$0,$0,$0,$-7,$-7,$5,$-49,$-22,$0,$-22,$-2,$-2,$0,$-3,$-27,$-34,$0,$0
11,2015-12-31,32.83,$81.08,0.4,$59.94,0.55,$2.24,14.67,$-4.02,0.0,$0.89B,$0.20B,4.44,$1.04B,$1.39B,0.74,$1.06B,$0.31B,28.98%,$1.06B,$0.02B,1.89%,$1.06B,$0.02B,1.89%,$1.06B,$0.02B,1.89%,$1.06B,$-0.03B,-2.94%,$1.06B,$-0.07B,-6.53%,$-0.07B,$1.39B,-4.75%,$-0.07B,$1.31B,-5.06%,$-0.07B,$3.19B,-2.17%,$0.02B,$2.43B,0.84%,$251,$166,$85,$0,$41,$252,$-1,$-1,$-2,$-3,$1,$-50,$-57,$-1,$-1,$17,17,$-3.36,$-3.36,$668,$25,$0,$888,$1584,$331,$79,$304,$2298,$3185,$200,$1035,$6,$1594,$1794,$0,$1127,$-6,$1391,$3185,$-51,$80,$103,$183,$32,$0,$-25,$-6,$0,$132,$-124,$0,$0,$0,$15,$15,$43,$-66,$-0,$0,$-0,$-75,$-75,$0,$0,$-75,$40,$0,$0
12,2015-09-30,37.36,$83.52,0.45,$58.43,0.64,$5.08,7.36,$1.19,31.39,$0.74B,$0.22B,3.3,$0.93B,$1.45B,0.64,$1.15B,$0.34B,29.82%,$1.15B,$0.08B,6.80%,$1.15B,$0.08B,6.80%,$1.15B,$0.08B,6.80%,$1.15B,$0.03B,2.35%,$1.15B,$0.03B,2.44%,$0.03B,$1.45B,1.89%,$0.03B,$1.36B,2.01%,$0.03B,$3.18B,0.88%,$0.08B,$2.38B,3.32%,$262,$176,$86,$0,$38,$234,$28,$-14,$14,$3,$11,$16,$7,$28,$28,$17,18,$0.40,$0.40,$488,$23,$0,$738,$1545,$491,$93,$312,$2441,$3179,$224,$926,$0,$1505,$1729,$0,$1183,$-6,$1449,$3179,$0,$0,$0,$0,$0,$0,$0,$0,$0,$143,$-132,$0,$0,$0,$-1,$-1,$41,$-92,$41,$0,$41,$-65,$-65,$0,$-3,$-27,$23,$0,$0
13,2015-06-30,44.31,$81.79,0.54,$56.74,0.78,$6.11,7.25,$2.07,21.41,$0.73B,$0.22B,3.26,$0.89B,$1.47B,0.6,$1.22B,$0.36B,29.17%,$1.22B,$0.10B,8.25%,$1.22B,$0.10B,8.25%,$1.22B,$0.10B,8.25%,$1.22B,$0.06B,4.98%,$1.22B,$0.05B,3.92%,$0.05B,$1.47B,3.19%,$0.05B,$1.38B,3.40%,$0.05B,$3.18B,1.49%,$0.10B,$2.36B,4.30%,$282,$208,$74,$0,$39,$274,$7,$-17,$-9,$0,$-10,$-9,$1,$7,$7,$18,18,$0.04,$0.04,$463,$20,$0,$725,$1544,$482,$93,$333,$2453,$3177,$222,$889,$0,$1482,$1704,$0,$1177,$-3,$1473,$3177,$0,$0,$0,$0,$0,$0,$0,$0,$0,$99,$-109,$0,$0,$-2,$12,$9,$20,$-81,$9,$0,$9,$-23,$-23,$0,$-4,$-18,$-0,$0,$0
14,2015-03-31,43.52,$82.09,0.53,$54.52,0.8,$3.15,13.83,$3.01,14.46,$0.76B,$0.26B,2.98,$0.84B,$1.50B,0.56,$1.27B,$0.38B,29.84%,$1.27B,$0.13B,10.00%,$1.27B,$0.13B,10.00%,$1.27B,$0.13B,10.00%,$1.27B,$0.11B,8.74%,$1.27B,$0.07B,5.35%,$0.07B,$1.50B,4.44%,$0.07B,$1.40B,4.68%,$0.07B,$3.18B,2.09%,$0.13B,$2.33B,5.37%,$261,$199,$61,$0,$39,$274,$-14,$-20,$-34,$-12,$-22,$-18,$-20,$-14,$-14,$18,18,$-1.10,$-1.10,$504,$23,$0,$762,$1504,$484,$95,$336,$2418,$3180,$256,$835,$0,$1426,$1683,$0,$1176,$-6,$1497,$3180,$0,$0,$0,$0,$0,$0,$0,$0,$0,$71,$-40,$0,$0,$0,$0,$0,$-7,$-47,$-3,$0,$-3,$-5,$-5,$-0,$1,$-7,$14,$0,$-0
15,2014-12-31,46.1,$83.65,0.55,$54.95,0.84,$-5.37,0.0,$4.67,9.87,$0.83B,$0.26B,3.18,$0.82B,$1.52B,0.54,$1.32B,$0.41B,31.01%,$1.32B,$0.17B,12.51%,$1.32B,$0.17B,12.51%,$1.32B,$0.17B,12.51%,$1.32B,$0.16B,12.36%,$1.32B,$0.10B,7.58%,$0.10B,$1.52B,6.58%,$0.10B,$1.42B,6.86%,$0.10B,$3.23B,3.08%,$0.17B,$2.34B,7.02%,$342,$221,$121,$0,$46,$285,$57,$-2,$56,$20,$36,$49,$40,$57,$57,$19,26,$2.13,$1.89,$509,$23,$68,$833,$1503,$484,$95,$319,$2401,$3234,$262,$824,$0,$1455,$1717,$0,$1195,$-4,$1517,$3234,$124,$147,$-106,$40,$8,$0,$17,$-5,$20,$191,$-106,$0,$-35,$0,$-55,$-55,$-29,$-224,$-9,$0,$-9,$-197,$-197,$-6,$155,$-57,$-93,$0,$-6
16,2014-09-30,46.72,$80.52,0.58,$57.82,0.81,$3.78,12.37,$3.23,14.46,$0.81B,$0.28B,2.88,$0.83B,$1.53B,0.54,$1.31B,$0.39B,29.73%,$1.31B,$0.14B,10.57%,$1.31B,$0.14B,10.57%,$1.31B,$0.14B,10.57%,$1.31B,$0.12B,9.27%,$1.31B,$0.07B,5.21%,$0.07B,$1.53B,4.54%,$0.07B,$1.44B,4.69%,$0.07B,$3.29B,2.12%,$0.14B,$2.37B,5.92%,$339,$238,$101,$0,$47,$288,$51,$-2,$48,$16,$33,$34,$27,$51,$51,$19,26,$1.43,$1.28,$507,$21,$0,$812,$1561,$445,$97,$376,$2479,$3291,$281,$831,$0,$1476,$1758,$0,$1155,$-2,$1533,$3291,$0,$0,$0,$0,$0,$0,$0,$0,$0,$166,$-123,$0,$-35,$0,$-35,$-35,$-61,$-254,$-8,$0,$-8,$-127,$-127,$0,$146,$12,$-78,$0,$0
17,2014-06-30,51.38,$78.62,0.65,$58.29,0.88,$10.00,5.14,$3.31,15.52,$0.78B,$0.25B,3.13,$0.83B,$1.58B,0.52,$1.30B,$0.38B,29.47%,$1.30B,$0.14B,10.67%,$1.30B,$0.14B,10.67%,$1.30B,$0.14B,10.67%,$1.30B,$0.12B,9.21%,$1.30B,$0.07B,5.45%,$0.07B,$1.58B,4.86%,$0.07B,$1.56B,4.96%,$0.07B,$3.30B,2.29%,$0.14B,$2.41B,6.17%,$328,$232,$96,$0,$35,$296,$33,$8,$41,$13,$28,$28,$21,$33,$33,$20,25,$1.05,$0.98,$501,$20,$0,$784,$1626,$484,$29,$374,$2512,$3296,$250,$830,$0,$1462,$1712,$0,$1128,$0,$1584,$3296,$0,$0,$0,$0,$0,$0,$0,$0,$0,$108,$-196,$0,$0,$-6,$-11,$-18,$-65,$-279,$-7,$0,$-7,$-41,$-41,$0,$144,$96,$-74,$0,$0
18,2014-03-31,53.98,$70.26,0.77,$57.87,0.93,$18.32,2.95,$3.24,16.66,$0.70B,$0.27B,2.64,$0.83B,$1.45B,0.57,$1.29B,$0.36B,28.12%,$1.29B,$0.13B,9.68%,$1.29B,$0.13B,9.68%,$1.29B,$0.13B,9.68%,$1.29B,$0.10B,7.67%,$1.29B,$0.07B,5.34%,$0.07B,$1.45B,4.92%,$0.07B,$1.42B,5.03%,$0.07B,$3.15B,2.32%,$0.13B,$2.28B,5.80%,$310,$219,$91,$0,$38,$286,$24,$-6,$18,$6,$11,$14,$12,$24,$24,$20,21,$0.57,$0.56,$419,$25,$0,$697,$1655,$456,$30,$307,$2448,$3145,$265,$831,$0,$1433,$1698,$0,$1107,$-1,$1447,$3145,$0,$0,$0,$0,$0,$0,$0,$0,$0,$62,$-202,$0,$0,$0,$-11,$-11,$-4,$-216,$-2,$0,$-2,$0,$0,$-0,$3,$1,$-153,$0,$-0
19,2013-12-31,56.97,$69.94,0.81,$56.31,1.01,$29.37,1.94,$2.13,26.74,$0.86B,$0.25B,3.39,$0.83B,$1.43B,0.59,$1.25B,$0.34B,27.08%,$1.25B,$0.10B,8.01%,$1.25B,$0.10B,8.01%,$1.25B,$0.10B,8.01%,$1.25B,$0.07B,5.45%,$1.25B,$0.04B,2.88%,$0.04B,$1.43B,2.63%,$0.04B,$1.40B,2.69%,$0.04B,$3.12B,1.26%,$0.10B,$2.26B,4.81%,$328,$228,$100,$0,$40,$298,$30,$-16,$14,$5,$9,$9,$8,$30,$30,$20,20,$0.43,$0.61,$564,$28,$0,$862,$1476,$441,$30,$306,$2254,$3116,$254,$834,$0,$1436,$1691,$0,$1095,$-1,$1425,$3116,$48,$151,$-24,$126,$9,$0,$5,$-3,$11,$185,$68,$0,$-11,$0,$-153,$-153,$-34,$-131,$207,$0,$207,$0,$0,$-4,$20,$223,$279,$0,$-4
20,2013-09-30,56.49,$68.41,0.83,$57.60,0.98,$14.79,3.82,$1.59,35.53,$0.67B,$0.22B,3.12,$0.68B,$1.39B,0.49,$1.28B,$0.33B,25.74%,$1.28B,$0.08B,6.16%,$1.28B,$0.08B,6.16%,$1.28B,$0.08B,6.16%,$1.28B,$0.06B,4.52%,$1.28B,$0.03B,1.95%,$0.03B,$1.39B,1.73%,$0.03B,$1.36B,1.77%,$0.03B,$2.85B,0.83%,$0.08B,$2.07B,3.74%,$337,$240,$97,$0,$31,$285,$52,$-5,$47,$16,$31,$31,$30,$52,$52,$20,25,$1.52,$1.36,$379,$25,$0,$671,$1502,$366,$32,$281,$2181,$2852,$215,$675,$0,$1246,$1461,$0,$1097,$-2,$1391,$2852,$0,$0,$0,$0,$0,$0,$0,$0,$0,$135,$59,$0,$-11,$3,$-81,$-78,$-26,$-56,$-9,$0,$-9,$0,$0,$-4,$17,$4,$85,$0,$-4
21,2013-06-30,51.87,$66.71,0.78,$60.25,0.86,$4.41,11.75,$1.01,51.36,$0.70B,$0.21B,3.34,$0.67B,$1.35B,0.5,$1.28B,$0.32B,24.77%,$1.28B,$0.05B,3.66%,$1.28B,$0.05B,3.66%,$1.28B,$0.05B,3.66%,$1.28B,$0.03B,2.26%,$1.28B,$0.01B,0.86%,$0.01B,$1.35B,0.70%,$0.01B,$1.31B,0.72%,$0.01B,$2.77B,0.34%,$0.05B,$2.02B,2.07%,$316,$240,$75,$0,$35,$296,$19,$0,$20,$8,$12,$19,$19,$19,$19,$20,24,$0.97,$0.91,$439,$23,$0,$702,$1540,$294,$33,$199,$2066,$2768,$211,$674,$0,$1211,$1422,$0,$1067,$-4,$1347,$2768,$0,$0,$0,$0,$0,$0,$0,$0,$0,$78,$38,$0,$-11,$6,$-19,$-12,$57,$71,$-8,$0,$-8,$0,$0,$0,$5,$-2,$147,$0,$0
22,2013-03-31,46.02,$65.22,0.71,$62.13,0.74,$-1.62,0.0,$0.64,71.91,$0.62B,$0.21B,3.0,$0.66B,$1.31B,0.5,$1.28B,$0.31B,24.12%,$1.28B,$0.03B,2.11%,$1.28B,$0.03B,2.11%,$1.28B,$0.03B,2.11%,$1.28B,$0.02B,1.41%,$1.28B,$0.00B,0.23%,$0.00B,$1.31B,0.18%,$0.00B,$1.28B,0.18%,$0.00B,$2.72B,0.08%,$0.03B,$1.97B,1.09%,$267,$201,$66,$0,$36,$268,$-1,$-12,$-13,$-3,$-10,$-11,$-21,$-1,$-1,$20,20,$-1.06,$-1.06,$363,$32,$0,$621,$1515,$300,$34,$246,$2094,$2715,$207,$655,$0,$1197,$1404,$0,$1037,$-4,$1311,$2715,$0,$0,$0,$0,$0,$0,$0,$0,$0,$57,$28,$0,$0,$4,$-22,$-18,$2,$12,$-8,$0,$-8,$0,$0,$0,$2,$-6,$65,$0,$0
23,2012-12-31,40.65,$87.62,0.46,$62.85,0.65,$-5.67,0.0,$2.94,13.83,$0.72B,$0.27B,2.71,$0.66B,$1.74B,0.38,$1.31B,$0.33B,25.31%,$1.31B,$0.06B,4.36%,$1.31B,$0.06B,4.36%,$1.31B,$0.06B,4.36%,$1.31B,$0.05B,4.13%,$1.31B,$0.06B,4.59%,$0.06B,$1.74B,3.26%,$0.06B,$1.71B,3.38%,$0.06B,$3.70B,1.56%,$0.06B,$2.40B,2.12%,$362,$271,$92,$0,$56,$353,$9,$-5,$4,$4,$0,$-12,$-3,$9,$9,$20,21,$-0.12,$-0.12,$298,$26,$0,$719,$1585,$273,$33,$251,$2982,$3701,$266,$655,$0,$1692,$1958,$0,$1474,$-2,$1743,$3701,$25,$149,$-61,$89,$19,$0,$-58,$7,$-32,$81,$-125,$0,$-148,$0,$42,$42,$93,$-139,$-36,$0,$-36,$-120,$-120,$-103,$12,$-248,$-133,$0,$-103
24,2012-09-30,37.0,$90.33,0.41,$61.55,0.6,$-2.38,0.0,$3.87,9.56,$0.91B,$0.50B,1.84,$0.81B,$1.88B,0.43,$1.29B,$0.35B,26.80%,$1.29B,$0.07B,5.73%,$1.29B,$0.07B,5.73%,$1.29B,$0.07B,5.73%,$1.29B,$0.06B,4.65%,$1.29B,$0.08B,6.20%,$0.08B,$1.88B,4.31%,$0.08B,$1.81B,4.50%,$0.08B,$3.92B,2.05%,$0.07B,$2.70B,2.65%,$339,$254,$85,$0,$40,$319,$20,$-2,$18,$8,$11,$9,$16,$20,$20,$20,21,$0.79,$0.78,$421,$78,$0,$912,$2403,$267,$77,$259,$3005,$3917,$497,$813,$0,$1537,$2034,$0,$1577,$-4,$1883,$3917,$0,$0,$0,$0,$0,$0,$0,$0,$0,$99,$-150,$0,$-148,$0,$43,$43,$-70,$-325,$35,$0,$35,$-29,$-29,$0,$7,$12,$-183,$0,$0
25,2012-06-30,39.67,$89.23,0.44,$70.49,0.56,$0.59,67.61,$3.27,12.13,$0.80B,$0.32B,2.49,$0.94B,$1.87B,0.5,$1.50B,$0.35B,23.45%,$1.50B,$0.08B,5.54%,$1.50B,$0.08B,5.54%,$1.50B,$0.08B,5.54%,$1.50B,$0.04B,2.47%,$1.50B,$0.07B,4.54%,$0.07B,$1.87B,3.68%,$0.07B,$1.79B,3.84%,$0.07B,$3.85B,1.77%,$0.08B,$2.81B,3.02%,$309,$245,$65,$0,$36,$311,$-1,$11,$9,$3,$6,$6,$11,$-1,$-1,$21,21,$0.55,$0.54,$352,$73,$0,$799,$2370,$324,$78,$274,$3046,$3846,$321,$941,$0,$1656,$1977,$0,$1560,$-6,$1869,$3846,$0,$0,$0,$0,$0,$0,$0,$0,$0,$65,$-92,$0,$-148,$0,$-6,$-6,$91,$-156,$-79,$0,$-79,$-17,$-17,$0,$5,$-92,$-92,$0,$0
26,2012-03-31,42.51,$88.63,0.48,$79.34,0.54,$3.19,13.31,$3.15,13.5,$0.84B,$0.34B,2.44,$0.98B,$1.87B,0.52,$1.70B,$0.39B,22.75%,$1.70B,$0.12B,6.84%,$1.70B,$0.12B,6.84%,$1.70B,$0.12B,6.84%,$1.70B,$0.04B,2.53%,$1.70B,$0.07B,3.89%,$0.07B,$1.87B,3.59%,$0.07B,$1.79B,3.75%,$0.07B,$3.91B,1.74%,$0.12B,$2.85B,4.33%,$298,$208,$89,$0,$35,$269,$29,$-6,$23,$9,$14,$21,$36,$29,$29,$21,21,$1.78,$1.75,$377,$94,$0,$839,$2409,$221,$79,$359,$3068,$3907,$344,$980,$0,$1692,$2036,$0,$1549,$-5,$1871,$3907,$0,$0,$0,$0,$0,$0,$0,$0,$0,$67,$-62,$0,$-148,$0,$-12,$-12,$-1,$-223,$-60,$0,$-60,$0,$0,$0,$-12,$-73,$-131,$0,$0
27,2011-12-31,39.49,$86.37,0.46,$85.51,0.46,$4.97,7.94,$1.92,20.57,$1.04B,$0.40B,2.59,$1.00B,$1.81B,0.55,$1.84B,$0.39B,21.39%,$1.84B,$0.11B,6.04%,$1.84B,$0.11B,6.04%,$1.84B,$0.11B,6.04%,$1.84B,$0.04B,2.18%,$1.84B,$0.04B,2.23%,$0.04B,$1.81B,2.24%,$0.04B,$1.73B,2.35%,$0.04B,$3.93B,1.09%,$0.11B,$2.81B,4.28%,$345,$238,$107,$0,$51,$318,$26,$-16,$10,$3,$8,$7,$17,$26,$26,$21,21,$0.81,$0.80,$549,$37,$0,$1041,$2150,$250,$79,$362,$2888,$3928,$402,$999,$0,$1719,$2120,$0,$1513,$-8,$1808,$3928,$10,$107,$30,$137,$-19,$0,$-13,$-2,$-34,$115,$-90,$0,$-91,$0,$-19,$-19,$24,$-175,$36,$0,$36,$-72,$-72,$-1,$12,$-25,$27,$0,$-1
28,2011-09-30,35.6,$84.86,0.42,$96.62,0.37,$24.19,1.47,$2.39,14.9,$0.87B,$0.44B,1.98,$0.67B,$1.84B,0.37,$2.07B,$0.42B,20.08%,$2.07B,$0.13B,6.03%,$2.07B,$0.13B,6.03%,$2.07B,$0.13B,6.03%,$2.07B,$0.07B,3.33%,$2.07B,$0.05B,2.46%,$0.05B,$1.84B,2.80%,$0.05B,$1.76B,2.93%,$0.05B,$3.66B,1.37%,$0.13B,$2.52B,4.97%,$545,$455,$90,$0,$35,$516,$29,$-34,$-5,$-1,$-5,$5,$4,$29,$29,$21,22,$0.18,$0.18,$409,$76,$0,$874,$2067,$246,$79,$397,$2788,$3662,$441,$674,$0,$1378,$1820,$0,$1496,$-10,$1843,$3662,$0,$0,$0,$0,$0,$0,$0,$0,$0,$166,$-156,$0,$-41,$0,$-32,$-32,$-13,$-242,$-33,$0,$-33,$-1,$-1,$-0,$19,$-16,$-64,$0,$-0
29,2011-06-30,44.37,$84.67,0.52,$118.00,0.38,$43.50,1.02,$9.35,4.75,$0.97B,$0.47B,2.09,$0.70B,$1.84B,0.38,$2.51B,$0.62B,24.85%,$2.51B,$0.33B,12.96%,$2.51B,$0.33B,12.96%,$2.51B,$0.33B,12.96%,$2.51B,$0.30B,12.13%,$2.51B,$0.20B,7.86%,$0.20B,$1.84B,10.47%,$0.20B,$1.76B,10.94%,$0.20B,$3.71B,5.18%,$0.33B,$2.53B,12.61%,$509,$409,$100,$0,$39,$478,$32,$-17,$15,$6,$9,$10,$9,$32,$32,$21,22,$0.43,$0.42,$485,$87,$0,$973,$2042,$210,$81,$400,$2733,$3706,$466,$696,$0,$1404,$1870,$0,$1492,$-7,$1835,$3706,$0,$0,$0,$0,$0,$0,$0,$0,$0,$131,$-102,$0,$-29,$0,$-21,$-21,$-17,$-169,$-2,$0,$-2,$-1,$-1,$-0,$6,$3,$-3,$0,$-0
30,2011-03-31,41.04,$84.07,0.49,$126.04,0.33,$46.57,0.88,$11.86,3.46,$1.08B,$0.50B,2.16,$0.70B,$1.82B,0.39,$2.69B,$0.73B,27.22%,$2.69B,$0.42B,15.60%,$2.69B,$0.42B,15.60%,$2.69B,$0.42B,15.60%,$2.69B,$0.39B,14.41%,$2.69B,$0.25B,9.36%,$0.25B,$1.82B,13.25%,$0.25B,$1.74B,13.82%,$0.25B,$3.74B,6.61%,$0.42B,$2.52B,16.17%,$438,$342,$96,$0,$42,$414,$24,$-3,$20,$8,$13,$13,$11,$24,$24,$21,21,$0.53,$0.52,$578,$97,$0,$1084,$1987,$190,$82,$392,$2651,$3735,$501,$700,$0,$1414,$1914,$0,$1483,$-6,$1820,$3735,$0,$0,$0,$0,$0,$0,$0,$0,$0,$93,$-50,$0,$0,$0,$-6,$-6,$-17,$-73,$0,$0,$0,$0,$0,$0,$5,$6,$40,$0,$0
31,2010-12-31,44.87,$83.99,0.53,$123.16,0.36,$44.89,1.0,$11.50,3.9,$1.15B,$0.54B,2.14,$0.70B,$1.80B,0.39,$2.65B,$0.72B,27.13%,$2.65B,$0.41B,15.47%,$2.65B,$0.41B,15.47%,$2.65B,$0.41B,15.47%,$2.65B,$0.37B,14.08%,$2.65B,$0.25B,9.25%,$0.25B,$1.80B,12.66%,$0.25B,$1.71B,13.19%,$0.25B,$3.76B,6.45%,$0.41B,$2.50B,15.51%,$580,$450,$130,$0,$55,$541,$40,$-1,$39,$13,$26,$27,$27,$40,$40,$21,21,$1.30,$1.27,$530,$67,$0,$1145,$1969,$182,$83,$382,$2616,$3760,$536,$703,$0,$1428,$1963,$0,$1472,$-7,$1797,$3760,$156,$159,$-117,$42,$24,$0,$73,$23,$120,$318,$117,$0,$-6,$-5,$-43,$-49,$-37,$25,$-76,$0,$-76,$-137,$-137,$-319,$26,$-506,$-100,$0,$-319
32,2010-09-30,33.85,$97.56,0.35,$116.29,0.29,$33.96,1.0,$11.27,3.0,$1.42B,$0.59B,2.42,$0.69B,$2.07B,0.33,$2.55B,$0.71B,27.99%,$2.55B,$0.42B,16.37%,$2.55B,$0.42B,16.37%,$2.55B,$0.42B,16.37%,$2.55B,$0.37B,14.49%,$2.55B,$0.24B,9.42%,$0.24B,$2.07B,12.14%,$0.24B,$2.00B,12.62%,$0.24B,$4.02B,6.33%,$0.42B,$2.76B,15.45%,$980,$683,$297,$0,$51,$751,$229,$1,$230,$88,$142,$150,$150,$229,$229,$21,21,$7.21,$7.14,$780,$66,$0,$1424,$2049,$148,$76,$325,$2599,$4022,$590,$687,$0,$1362,$1951,$0,$1764,$-8,$2071,$4022,$0,$0,$0,$0,$0,$0,$0,$0,$0,$416,$-1,$0,$1,$0,$-15,$-15,$15,$1,$-72,$0,$-72,$-126,$-126,$-0,$-15,$-213,$196,$0,$-0
33,2010-06-30,28.08,$90.55,0.31,$88.65,0.32,$24.54,1.14,$5.36,5.24,$1.10B,$0.45B,2.45,$0.69B,$1.92B,0.36,$2.01B,$0.53B,26.53%,$2.01B,$0.23B,11.43%,$2.01B,$0.23B,11.43%,$2.01B,$0.23B,11.43%,$2.01B,$0.18B,8.89%,$2.01B,$0.12B,5.76%,$0.12B,$1.92B,6.09%,$0.12B,$1.85B,6.35%,$0.12B,$3.73B,3.11%,$0.23B,$2.61B,8.48%,$695,$485,$210,$0,$46,$568,$127,$-27,$99,$37,$62,$65,$64,$127,$127,$22,22,$2.95,$2.93,$494,$74,$0,$1096,$2075,$201,$76,$279,$2631,$3727,$448,$688,$0,$1358,$1806,$0,$1614,$-8,$1921,$3727,$0,$0,$0,$0,$0,$0,$0,$0,$0,$153,$-57,$0,$-0,$0,$-14,$-14,$67,$-4,$-90,$0,$-90,$-120,$-120,$0,$3,$-207,$-67,$0,$0
34,2010-03-31,32.06,$86.62,0.37,$73.49,0.44,$27.24,1.18,$4.34,7.39,$1.01B,$0.30B,3.36,$0.75B,$1.95B,0.39,$1.71B,$0.46B,26.77%,$1.71B,$0.16B,9.14%,$1.71B,$0.16B,9.14%,$1.71B,$0.16B,9.14%,$1.71B,$0.14B,8.32%,$1.71B,$0.09B,5.51%,$0.09B,$1.95B,5.05%,$0.09B,$1.88B,5.27%,$0.09B,$3.68B,2.55%,$0.16B,$2.71B,5.75%,$395,$312,$82,$0,$41,$381,$14,$-8,$5,$2,$3,$4,$4,$14,$14,$22,22,$0.16,$0.16,$551,$76,$0,$1011,$2101,$187,$77,$308,$2673,$3684,$301,$754,$0,$1429,$1730,$0,$1550,$-6,$1953,$3684,$0,$0,$0,$0,$0,$0,$0,$0,$0,$50,$-43,$0,$-0,$0,$-5,$-5,$20,$-28,$-15,$0,$-15,$-20,$-20,$0,$2,$-33,$-14,$0,$0
35,2009-12-31,30.31,$86.94,0.35,$72.93,0.42,$31.91,0.95,$6.43,4.71,$1.04B,$0.32B,3.31,$0.76B,$1.97B,0.38,$1.71B,$0.53B,30.72%,$1.71B,$0.23B,13.55%,$1.71B,$0.23B,13.55%,$1.71B,$0.23B,13.55%,$1.71B,$0.22B,12.56%,$1.71B,$0.14B,8.35%,$0.14B,$1.97B,7.96%,$0.14B,$1.89B,8.33%,$0.14B,$3.72B,3.93%,$0.23B,$2.72B,8.62%,$477,$353,$124,$0,$41,$430,$47,$-12,$35,$16,$19,$22,$22,$47,$47,$20,23,$1.08,$1.07,$568,$77,$0,$1044,$2079,$187,$78,$336,$2680,$3724,$315,$755,$0,$1443,$1758,$0,$1547,$-3,$1966,$3724,$145,$164,$33,$197,$-51,$0,$18,$-12,$-45,$298,$-76,$0,$-4,$3,$-25,$-22,$0,$-102,$37,$0,$37,$-46,$-46,$-2,$5,$-6,$190,$0,$-2
36,2009-09-30,32.44,$87.72,0.37,$70.97,0.46,$23.86,1.36,$6.89,4.71,$1.12B,$0.29B,3.9,$1.03B,$1.77B,0.58,$1.69B,$0.57B,33.43%,$1.69B,$0.30B,17.46%,$1.69B,$0.30B,17.46%,$1.69B,$0.30B,17.46%,$1.69B,$0.28B,16.27%,$1.69B,$0.19B,11.30%,$0.19B,$1.77B,11.14%,$0.19B,$1.70B,11.68%,$0.19B,$3.78B,5.34%,$0.30B,$2.81B,11.15%,$446,$328,$118,$0,$42,$404,$42,$-2,$40,$16,$24,$26,$26,$42,$42,$20,23,$1.32,$1.23,$702,$53,$0,$1122,$2075,$167,$79,$341,$2662,$3784,$287,$1034,$0,$1722,$2009,$0,$1524,$-4,$1774,$3784,$0,$0,$0,$0,$0,$0,$0,$0,$0,$277,$-34,$0,$-2,$0,$-8,$-8,$2,$-43,$127,$0,$127,$-1,$-1,$-2,$-14,$110,$345,$0,$-2
37,2009-06-30,29.91,$86.62,0.35,$70.19,0.43,$13.05,2.29,$8.86,3.38,$0.88B,$0.26B,3.35,$0.87B,$1.75B,0.5,$1.68B,$0.62B,36.56%,$1.68B,$0.36B,21.40%,$1.68B,$0.36B,21.40%,$1.68B,$0.36B,21.40%,$1.68B,$0.35B,20.81%,$1.68B,$0.24B,14.21%,$0.24B,$1.75B,14.43%,$0.24B,$1.67B,15.18%,$0.24B,$3.54B,6.83%,$0.36B,$2.62B,14.04%,$389,$256,$133,$0,$40,$336,$53,$9,$62,$23,$39,$43,$42,$53,$53,$20,24,$2.13,$1.91,$484,$68,$0,$883,$2109,$151,$80,$314,$2653,$3537,$264,$868,$0,$1523,$1787,$0,$1498,$2,$1750,$3537,$0,$0,$0,$0,$0,$0,$0,$0,$0,$189,$-22,$0,$-1,$-0,$-4,$-4,$38,$10,$-44,$0,$-44,$-1,$-1,$0,$-22,$-67,$140,$0,$0
38,2009-03-31,23.18,$83.94,0.28,$69.90,0.33,$4.62,5.02,$8.52,2.72,$0.83B,$0.26B,3.17,$0.92B,$1.70B,0.54,$1.70B,$0.62B,36.25%,$1.70B,$0.38B,22.21%,$1.70B,$0.38B,22.21%,$1.70B,$0.38B,22.21%,$1.70B,$0.34B,20.21%,$1.70B,$0.23B,13.75%,$0.23B,$1.70B,14.54%,$0.23B,$1.62B,15.35%,$0.23B,$3.52B,6.68%,$0.38B,$2.61B,14.92%,$400,$248,$151,$0,$39,$310,$90,$-11,$78,$28,$50,$54,$53,$90,$90,$20,24,$2.68,$2.36,$451,$62,$0,$834,$2112,$158,$80,$334,$2684,$3518,$263,$918,$0,$1560,$1823,$0,$1456,$-6,$1695,$3518,$0,$0,$0,$0,$0,$0,$0,$0,$0,$99,$18,$0,$-2,$1,$-6,$-5,$5,$16,$7,$0,$7,$-0,$-0,$0,$-21,$-14,$101,$0,$0
39,2008-12-31,26.49,$82.04,0.32,$66.53,0.4,$0.24,112.15,$7.77,3.41,$0.75B,$0.28B,2.71,$0.90B,$1.64B,0.55,$1.66B,$0.59B,35.33%,$1.66B,$0.34B,20.71%,$1.66B,$0.34B,20.71%,$1.66B,$0.34B,20.71%,$1.66B,$0.32B,19.20%,$1.66B,$0.22B,13.16%,$0.22B,$1.64B,13.71%,$0.22B,$1.56B,14.51%,$0.22B,$3.46B,6.21%,$0.34B,$2.55B,13.61%,$455,$292,$163,$0,$49,$345,$110,$-16,$95,$28,$67,$71,$70,$110,$110,$21,25,$3.40,$2.98,$350,$66,$40,$749,$2140,$150,$80,$341,$2710,$3460,$277,$903,$0,$1541,$1817,$0,$1403,$-5,$1642,$3460,$219,$158,$-115,$43,$11,$0,$-5,$23,$28,$292,$-257,$0,$-7,$-6,$-104,$-110,$127,$-246,$-67,$0,$-67,$-240,$-240,$2,$7,$-298,$-262,$0,$2
40,2008-09-30,31.38,$77.11,0.41,$61.43,0.51,$9.75,3.22,$8.89,3.53,$0.84B,$0.36B,2.36,$0.94B,$1.54B,0.61,$1.56B,$0.55B,35.42%,$1.56B,$0.33B,21.16%,$1.56B,$0.33B,21.16%,$1.56B,$0.33B,21.16%,$1.56B,$0.32B,20.20%,$1.56B,$0.21B,13.49%,$0.21B,$1.54B,13.31%,$0.21B,$1.45B,14.12%,$0.21B,$3.49B,5.96%,$0.33B,$2.48B,13.12%,$438,$270,$168,$0,$41,$331,$107,$9,$115,$43,$73,$75,$74,$107,$107,$20,24,$3.68,$3.20,$423,$50,$0,$844,$2110,$143,$91,$299,$2643,$3487,$357,$940,$0,$1590,$1947,$0,$1350,$-3,$1540,$3487,$0,$0,$0,$0,$0,$0,$0,$0,$0,$206,$-217,$0,$-6,$0,$-102,$-102,$161,$-163,$-16,$0,$-16,$-240,$-240,$0,$4,$-252,$-211,$0,$0
41,2008-06-30,35.58,$73.96,0.48,$56.57,0.63,$15.44,2.3,$8.35,4.26,$0.94B,$0.42B,2.25,$0.94B,$1.56B,0.6,$1.49B,$0.53B,35.80%,$1.49B,$0.32B,21.20%,$1.49B,$0.32B,21.20%,$1.49B,$0.32B,21.20%,$1.49B,$0.31B,20.79%,$1.49B,$0.21B,13.93%,$0.21B,$1.56B,12.93%,$0.21B,$1.47B,13.70%,$0.21B,$3.55B,5.86%,$0.32B,$2.50B,12.40%,$409,$274,$135,$0,$45,$338,$71,$-15,$56,$20,$36,$37,$37,$71,$71,$21,25,$1.74,$1.57,$551,$42,$0,$941,$2088,$116,$91,$312,$2607,$3548,$419,$936,$0,$1567,$1986,$0,$1274,$1,$1562,$3548,$0,$0,$0,$0,$0,$0,$0,$0,$0,$136,$-169,$0,$-4,$0,$-81,$-80,$141,$-113,$-3,$0,$-3,$-143,$-143,$0,$6,$-140,$-115,$0,$0
42,2008-03-31,33.93,$72.79,0.47,$52.12,0.65,$21.36,1.59,$9.19,3.69,$0.94B,$0.36B,2.6,$0.94B,$1.62B,0.58,$1.40B,$0.52B,37.38%,$1.40B,$0.34B,24.32%,$1.40B,$0.34B,24.32%,$1.40B,$0.34B,24.32%,$1.40B,$0.34B,24.32%,$1.40B,$0.24B,16.76%,$0.24B,$1.62B,14.59%,$0.24B,$1.53B,15.45%,$0.24B,$3.55B,6.74%,$0.34B,$2.55B,13.37%,$354,$235,$119,$0,$39,$300,$55,$-2,$52,$20,$32,$37,$37,$55,$55,$22,26,$1.64,$1.50,$560,$35,$0,$937,$1956,$117,$91,$450,$2615,$3551,$360,$937,$0,$1574,$1934,$0,$1236,$2,$1618,$3551,$0,$0,$0,$0,$0,$0,$0,$0,$0,$59,$-43,$0,$-3,$0,$-63,$-63,$-4,$-113,$-1,$0,$-1,$-46,$-46,$0,$6,$-41,$-93,$0,$0
43,2007-12-31,36.86,$71.84,0.51,$49.56,0.74,$20.53,1.8,$9.09,4.06,$0.98B,$0.39B,2.51,$0.94B,$1.62B,0.58,$1.36B,$0.53B,38.78%,$1.36B,$0.35B,25.53%,$1.36B,$0.35B,25.53%,$1.36B,$0.35B,25.53%,$1.36B,$0.34B,25.31%,$1.36B,$0.24B,17.37%,$0.24B,$1.62B,14.80%,$0.24B,$1.53B,15.65%,$0.24B,$3.57B,6.90%,$0.35B,$2.56B,13.66%,$363,$231,$132,$0,$42,$265,$98,$-6,$93,$38,$54,$64,$63,$98,$98,$24,27,$2.74,$2.57,$597,$30,$63,$977,$1943,$109,$91,$448,$2591,$3569,$389,$938,$0,$1558,$1947,$0,$1198,$4,$1622,$3569,$238,$159,$-17,$143,$-16,$0,$26,$-7,$3,$386,$-88,$0,$-45,$0,$27,$27,$-4,$-109,$-41,$0,$-41,$-213,$-213,$0,$7,$-247,$30,$0,$0
44,2007-09-30,37.8,$69.28,0.55,$48.14,0.79,$19.12,1.98,$8.59,4.4,$0.88B,$0.41B,2.15,$0.94B,$1.60B,0.59,$1.33B,$0.54B,40.66%,$1.33B,$0.34B,25.66%,$1.33B,$0.34B,25.66%,$1.33B,$0.34B,25.66%,$1.33B,$0.34B,25.43%,$1.33B,$0.23B,17.33%,$0.23B,$1.60B,14.64%,$0.23B,$1.51B,15.46%,$0.23B,$3.46B,6.92%,$0.34B,$2.55B,13.52%,$360,$214,$146,$0,$37,$269,$91,$17,$108,$40,$68,$70,$70,$91,$91,$23,27,$3.02,$2.66,$486,$28,$0,$875,$1952,$121,$90,$423,$2586,$3460,$406,$942,$0,$1450,$1856,$0,$1130,$3,$1604,$3460,$0,$0,$0,$0,$0,$0,$0,$0,$0,$262,$-121,$0,$-39,$0,$13,$13,$-23,$-170,$-17,$0,$-17,$-158,$-158,$0,$5,$-171,$-78,$0,$0
45,2007-06-30,37.11,$66.84,0.56,$47.11,0.79,$19.79,1.88,$8.21,4.52,$0.93B,$0.35B,2.62,$0.94B,$1.60B,0.59,$1.32B,$0.55B,41.53%,$1.32B,$0.34B,26.02%,$1.32B,$0.34B,26.02%,$1.32B,$0.34B,26.02%,$1.32B,$0.33B,24.89%,$1.32B,$0.22B,16.94%,$0.22B,$1.60B,14.45%,$0.22B,$1.52B,15.23%,$0.22B,$3.37B,6.91%,$0.34B,$2.54B,13.72%,$325,$199,$127,$0,$34,$228,$97,$-9,$88,$30,$58,$65,$65,$97,$97,$24,28,$2.73,$2.41,$577,$28,$0,$925,$1856,$136,$82,$373,$2447,$3372,$353,$944,$0,$1421,$1775,$0,$1060,$4,$1597,$3372,$0,$0,$0,$0,$0,$0,$0,$0,$0,$165,$-39,$0,$-25,$-27,$18,$-9,$7,$-65,$-16,$0,$-16,$-92,$-92,$0,$3,$-104,$-4,$0,$0
46,2007-03-31,39.11,$64.28,0.61,$46.90,0.83,$19.57,2.0,$8.04,4.86,$0.82B,$0.31B,2.6,$0.96B,$1.55B,0.62,$1.33B,$0.57B,42.62%,$1.33B,$0.34B,25.60%,$1.33B,$0.34B,25.60%,$1.33B,$0.34B,25.60%,$1.33B,$0.33B,25.00%,$1.33B,$0.22B,16.72%,$0.22B,$1.55B,14.65%,$0.22B,$1.47B,15.43%,$0.22B,$3.27B,7.04%,$0.34B,$2.51B,13.73%,$311,$189,$122,$0,$34,$250,$61,$-6,$55,$19,$36,$38,$38,$61,$61,$24,28,$1.57,$1.40,$461,$26,$0,$816,$1883,$99,$83,$390,$2456,$3271,$314,$959,$0,$1403,$1717,$0,$995,$3,$1554,$3271,$0,$0,$0,$0,$0,$0,$0,$0,$0,$77,$-83,$0,$-25,$-0,$-12,$-13,$-14,$-134,$-2,$0,$-2,$-65,$-65,$0,$2,$-64,$-122,$0,$0
47,2006-12-31,39.4,$63.51,0.62,$46.57,0.85,$22.10,1.78,$8.44,4.67,$0.94B,$0.30B,3.18,$0.96B,$1.56B,0.62,$1.32B,$0.58B,43.84%,$1.32B,$0.36B,27.29%,$1.32B,$0.36B,27.29%,$1.32B,$0.36B,27.29%,$1.32B,$0.35B,26.15%,$1.32B,$0.23B,17.69%,$0.23B,$1.56B,15.79%,$0.23B,$1.48B,16.64%,$0.23B,$3.25B,7.61%,$0.36B,$2.52B,14.78%,$337,$190,$147,$0,$36,$245,$93,$-5,$88,$29,$59,$58,$58,$93,$93,$25,28,$2.41,$2.12,$577,$23,$49,$938,$1770,$76,$81,$388,$2315,$3253,$296,$961,$0,$1400,$1696,$0,$956,$3,$1557,$3253,$234,$170,$30,$200,$-49,$0,$-13,$-7,$-69,$366,$-96,$0,$-8,$0,$32,$32,$-209,$-281,$-18,$0,$-18,$-58,$-58,$-1,$13,$-64,$23,$0,$-1
