,Date,Stock Price,Book Value per Share,Price to Book Ratio,TTM Sales per Share,Price to Sales Ratio,TTM FCF per Share,Price to FCF Ratio,TTM Net EPS,PE Ratio,Current Assets,Current Liabilities,Current Ratio,Long Term Debt,Shareholder's Equity_x,Debt to Equity Ratio,TTM Revenue_x,TTM Gross Profit,Gross Margin,TTM Revenue_y,TTM Operating Income,Operating Margin,TTM Revenue_x,TTM EBIT,EBIT Margin,TTM Revenue_y,TTM EBITDA,EBITDA Margin,TTM Revenue_x,TTM Pre-Tax Income,Pre-Tax Margin,TTM Revenue_y,TTM Net Income_x,Net Margin,TTM Net Income_y,Shareholder's Equity_y,Return on Equity,TTM Net Income_x,Tangible Equity,Return on Tangible Equity,TTM Net Income_y,Total Assets,Return on Assets,TTM Net Income,LT Investments & Debt,Return on Investment,revenue,cost-goods-sold,gross-profit,research-development-expenses,selling-general-administrative-expenses,operating-expenses,operating-income,total-non-operating-income-expense,pre-tax-income,total-provision-income-taxes,income-after-taxes,income-from-continuous-operations,net-income,ebitda,ebit,basic-shares-outstanding,shares-outstanding,eps-basic-net-earnings-per-share,eps-earnings-per-share-diluted,cash-on-hand,inventory,other-current-assets,total-current-assets,net-property-plant-equipment,long-term-investments,goodwill-intangible-assets-total,other-long-term-assets,total-long-term-assets,total-assets,total-current-liabilities,long-term-debt,other-non-current-liabilities,total-long-term-liabilities,total-liabilities,common-stock-net,retained-earnings-accumulated-deficit,comprehensive-income,total-share-holder-equity,total-liabilities-share-holders-equity,net-income-loss,total-depreciation-amortization-cash-flow,other-non-cash-items,total-non-cash-items,change-in-accounts-receivable,change-in-inventories,change-in-accounts-payable,change-in-assets-liabilities,total-change-in-assets-liabilities,cash-flow-from-operating-activities,net-change-in-property-plant-equipment,net-change-in-intangible-assets,net-acquisitions-divestitures,net-change-in-short-term-investments,net-change-in-long-term-investments,net-change-in-investments-total,investing-activities-other,cash-flow-from-investing-activities,net-long-term-debt,net-current-debt,debt-issuance-retirement-net-total,net-common-equity-issued-repurchased,net-total-equity-issued-repurchased,total-common-preferred-stock-dividends-paid,financial-activities-other,cash-flow-from-financial-activities,net-cash-flow,stock-based-compensation,common-stock-dividends-paid
0,2018-09-30,66.95,$-0.08,-853.95,$17.79,3.76,$6.82,9.82,$2.42,27.67,$4.14B,$3.75B,1.11,$6.52B,$-0.07B,-95.87,$15.63B,$9.31B,59.56%,$15.63B,$3.65B,23.33%,$15.63B,$3.65B,23.33%,$15.63B,$4.15B,26.57%,$15.63B,$3.53B,22.58%,$15.63B,$2.12B,13.55%,$2.12B,$-0.07B,9733.33%,$2.12B,$-4.27B,-52.13%,$2.12B,$12.57B,16.59%,$3.65B,$6.45B,55.56%,$3845,$1576,$2269,$0,$1369,$2971,$874,$-54,$820,$258,$562,$562,$523,$1001,$874,$869,871,$0.60,$0.60,$841,$1245,$523,$4141,$3871,$0,$4199,$195,$8430,$12571,$3747,$6519,$2048,$8892,$12639,$1466,$21008,$-4172,$-68,$12571,$1915,$385,$168,$553,$-196,$-36,$0,$-55,$-274,$2194,$-321,$0,$-728,$-131,$0,$-131,$6,$-1174,$58,$0,$58,$-637,$-637,$-1122,$0,$-1701,$-694,$97,$-1122
1,2018-06-30,64.4,$-0.22,-295.67,$17.86,3.61,$6.83,9.43,$2.50,25.76,$4.17B,$3.94B,1.06,$6.52B,$-0.19B,-34.49,$15.75B,$9.42B,59.79%,$15.75B,$3.73B,23.66%,$15.75B,$3.73B,23.66%,$15.75B,$4.24B,26.88%,$15.75B,$3.61B,22.90%,$15.75B,$2.20B,13.97%,$2.20B,$-0.19B,2086.26%,$2.20B,$-4.41B,-57.66%,$2.20B,$12.65B,17.18%,$3.73B,$6.33B,56.11%,$3886,$1585,$2301,$0,$1300,$2940,$946,$-58,$888,$213,$675,$675,$637,$1075,$946,$872,874,$0.73,$0.73,$833,$1254,$540,$4172,$3908,$0,$4218,$196,$8478,$12650,$3942,$6519,$2172,$8897,$12839,$1466,$20851,$-4164,$-189,$12650,$1353,$258,$35,$293,$-200,$-30,$0,$-23,$-349,$1297,$-216,$0,$-727,$-77,$0,$-77,$7,$-1013,$313,$0,$313,$-536,$-536,$-756,$0,$-979,$-702,$47,$-756
2,2018-03-31,70.8,$0.12,611.38,$17.71,4.0,$6.80,10.41,$2.36,30.0,$4.29B,$3.98B,1.08,$6.55B,$0.10B,64.85,$15.69B,$9.42B,60.02%,$15.69B,$3.66B,23.32%,$15.69B,$3.66B,23.32%,$15.69B,$4.16B,26.48%,$15.69B,$3.55B,22.61%,$15.69B,$2.09B,13.30%,$2.09B,$0.10B,1194.85%,$2.09B,$-4.25B,-58.39%,$2.09B,$13.14B,16.32%,$3.66B,$6.65B,54.54%,$4002,$1594,$2408,$0,$1392,$3019,$983,$-59,$924,$246,$678,$678,$634,$1112,$983,$875,880,$0.72,$0.72,$851,$1312,$485,$4292,$4087,$0,$4354,$224,$8852,$13144,$3980,$6550,$2264,$9063,$13043,$1466,$20581,$-3900,$101,$13144,$678,$129,$16,$145,$-211,$-33,$0,$4,$-207,$616,$-118,$0,$-727,$-38,$0,$-38,$2,$-881,$147,$0,$147,$-232,$-232,$-352,$0,$-437,$-684,$28,$-352
3,2017-12-31,74.14,$0.28,266.88,$17.38,4.26,$6.87,10.79,$2.28,32.52,$4.64B,$3.41B,1.36,$6.57B,$0.24B,27.02,$15.45B,$9.28B,60.05%,$15.45B,$3.59B,23.22%,$15.45B,$3.59B,23.22%,$15.45B,$4.06B,26.30%,$15.45B,$3.49B,22.56%,$15.45B,$2.02B,13.10%,$2.02B,$0.24B,1365.26%,$2.02B,$-3.32B,-59.96%,$2.02B,$12.68B,16.04%,$3.59B,$6.81B,53.87%,$3892,$1564,$2328,$0,$1442,$3050,$842,$54,$896,$543,$353,$353,$323,$963,$842,$882,888,$0.38,$0.37,$1535,$1221,$403,$4639,$4072,$0,$3559,$218,$8037,$12676,$3408,$6566,$2255,$9025,$12433,$1466,$20531,$-3855,$243,$12676,$2174,$475,$520,$995,$-15,$-8,$0,$4,$-115,$3054,$-509,$0,$0,$44,$0,$44,$-6,$-471,$-29,$0,$-29,$-892,$-892,$-1529,$0,$-2450,$220,$127,$-1529
4,2017-09-30,71.19,$0.30,234.1,$17.14,4.15,$6.91,10.3,$2.59,27.49,$4.74B,$3.85B,1.23,$6.52B,$0.27B,24.42,$15.28B,$9.20B,60.19%,$15.28B,$3.70B,24.22%,$15.28B,$3.70B,24.22%,$15.28B,$4.17B,27.29%,$15.28B,$3.53B,23.06%,$15.28B,$2.31B,15.10%,$2.31B,$0.27B,2514.44%,$2.31B,$-3.29B,-67.91%,$2.31B,$12.78B,18.48%,$3.70B,$6.79B,56.14%,$3974,$1591,$2383,$0,$1410,$3017,$957,$-57,$900,$250,$650,$650,$607,$1085,$957,$881,886,$0.69,$0.68,$1380,$1205,$621,$4736,$3999,$0,$3559,$216,$8039,$12775,$3854,$6520,$1938,$8654,$12508,$1466,$20207,$-3834,$267,$12775,$1821,$354,$103,$457,$-50,$16,$0,$12,$17,$2295,$-382,$0,$0,$-152,$0,$-152,$2,$-532,$-73,$0,$-73,$-624,$-624,$-1070,$0,$-1767,$65,$106,$-1070
5,2017-06-30,72.04,$0.10,721.15,$16.96,4.25,$6.96,10.35,$2.69,26.78,$4.56B,$3.78B,1.21,$6.51B,$0.09B,73.93,$15.18B,$9.14B,60.23%,$15.18B,$3.82B,25.14%,$15.18B,$3.82B,25.14%,$15.18B,$4.27B,28.14%,$15.18B,$3.67B,24.19%,$15.18B,$2.40B,15.83%,$2.40B,$0.09B,2929.27%,$2.40B,$-3.44B,-70.67%,$2.40B,$12.58B,19.30%,$3.82B,$6.59B,60.01%,$3826,$1526,$2300,$0,$1309,$2948,$878,$-49,$829,$269,$560,$560,$524,$995,$878,$884,891,$0.59,$0.59,$1241,$1199,$589,$4555,$3930,$0,$3531,$204,$8025,$12580,$3780,$6506,$2011,$8712,$12492,$1466,$19952,$-3947,$88,$12580,$1171,$226,$10,$236,$-64,$9,$0,$14,$-102,$1305,$-229,$0,$0,$-87,$0,$-87,$4,$-312,$-80,$0,$-80,$-323,$-323,$-716,$0,$-1119,$-74,$53,$-716
6,2017-03-31,70.74,$-0.01,-12411.14,$16.93,4.18,$6.94,10.19,$2.77,25.54,$4.60B,$3.81B,1.21,$6.47B,$-0.01B,-1293.2,$15.20B,$9.14B,60.18%,$15.20B,$3.88B,25.55%,$15.20B,$3.88B,25.55%,$15.20B,$4.33B,28.48%,$15.20B,$3.76B,24.75%,$15.20B,$2.48B,16.31%,$2.48B,$-0.01B,3617.52%,$2.48B,$-3.45B,-72.69%,$2.48B,$12.45B,19.94%,$3.88B,$6.46B,63.39%,$3762,$1493,$2269,$0,$1336,$2850,$912,$-50,$862,$251,$611,$611,$570,$1021,$912,$885,891,$0.64,$0.64,$1347,$1189,$564,$4596,$3883,$0,$3446,$202,$7852,$12448,$3809,$6466,$1980,$8644,$12453,$1466,$19782,$-4052,$-5,$12448,$611,$109,$-82,$27,$-52,$9,$0,$-2,$53,$691,$-121,$0,$0,$-37,$0,$-37,$0,$-158,$-67,$0,$-67,$-108,$-108,$-345,$0,$-520,$32,$35,$-345
7,2016-12-31,62.89,$0.02,3258.38,$16.89,3.72,$6.86,9.17,$2.72,23.12,$4.34B,$3.31B,1.31,$6.52B,$0.02B,383.53,$15.20B,$9.12B,60.04%,$15.20B,$3.84B,25.25%,$15.20B,$3.84B,25.25%,$15.20B,$4.28B,28.17%,$15.20B,$3.74B,24.60%,$15.20B,$2.44B,16.06%,$2.44B,$0.02B,4739.81%,$2.44B,$-3.40B,-70.81%,$2.44B,$12.12B,19.64%,$3.84B,$6.54B,64.38%,$3721,$1474,$2247,$0,$1253,$2766,$955,$-21,$934,$306,$628,$628,$606,$1069,$955,$892,898,$0.68,$0.68,$1315,$1171,$441,$4338,$3840,$0,$3420,$224,$7785,$12123,$3305,$6520,$2035,$8801,$12106,$1466,$19922,$-4180,$17,$12123,$2586,$443,$20,$463,$-17,$-4,$0,$13,$92,$3141,$-533,$0,$-5,$42,$0,$42,$-3,$-499,$164,$0,$164,$-889,$-889,$-1508,$0,$-2233,$345,$123,$-1508
8,2016-09-30,70.86,$0.26,276.25,$17.03,4.16,$6.44,10.99,$1.53,46.31,$4.76B,$4.66B,1.02,$5.62B,$0.23B,24.63,$15.37B,$9.17B,59.64%,$15.37B,$2.74B,17.84%,$15.37B,$2.74B,17.84%,$15.37B,$3.18B,20.71%,$15.37B,$2.66B,17.29%,$15.37B,$1.38B,8.96%,$1.38B,$0.23B,3798.62%,$1.38B,$-3.30B,-39.69%,$1.38B,$12.62B,11.12%,$2.74B,$5.84B,46.68%,$3867,$1543,$2324,$0,$1322,$2796,$1071,$-25,$1046,$300,$746,$746,$702,$1185,$1071,$892,899,$0.79,$0.78,$1298,$1193,$713,$4764,$3837,$0,$3527,$234,$7859,$12623,$4655,$5616,$1854,$7740,$12395,$1466,$19310,$-3829,$228,$12623,$1958,$329,$1,$330,$-126,$4,$0,$50,$29,$2317,$-332,$0,$0,$-113,$0,$-113,$0,$-445,$1,$0,$1,$-495,$-495,$-1053,$0,$-1547,$328,$102,$-1053
9,2016-06-30,69.59,$0.04,1826.59,$17.14,4.06,$6.06,11.49,$1.55,44.9,$4.61B,$4.67B,0.99,$5.62B,$0.03B,165.27,$15.51B,$9.19B,59.28%,$15.51B,$2.81B,18.11%,$15.51B,$2.81B,18.11%,$15.51B,$3.25B,20.94%,$15.51B,$2.74B,17.69%,$15.51B,$1.40B,9.04%,$1.40B,$0.03B,1105.33%,$1.40B,$-3.48B,-41.52%,$1.40B,$12.52B,11.11%,$2.81B,$5.65B,45.28%,$3845,$1541,$2304,$0,$1320,$2901,$944,$-25,$919,$281,$638,$638,$600,$1053,$944,$894,901,$0.67,$0.67,$1085,$1232,$722,$4614,$3825,$0,$3517,$248,$7901,$12515,$4671,$5619,$1933,$7810,$12481,$1466,$18955,$-3843,$34,$12515,$1212,$215,$-35,$180,$-132,$-35,$0,$26,$-72,$1320,$-248,$0,$0,$-96,$0,$-96,$4,$-340,$45,$0,$45,$-208,$-208,$-704,$0,$-867,$115,$48,$-704
10,2016-03-31,66.8,$-0.08,-817.6,$17.33,3.85,$5.90,11.32,$1.51,44.24,$4.49B,$4.46B,1.01,$5.88B,$-0.07B,-80.51,$15.73B,$9.26B,58.85%,$15.73B,$2.80B,17.78%,$15.73B,$2.80B,17.78%,$15.73B,$3.24B,20.58%,$15.73B,$2.75B,17.49%,$15.73B,$1.38B,8.74%,$1.38B,$-0.07B,447.15%,$1.38B,$-3.60B,-42.74%,$1.38B,$12.45B,10.66%,$2.80B,$5.80B,42.86%,$3762,$1514,$2248,$0,$1354,$2895,$867,$-28,$839,$265,$574,$574,$533,$973,$867,$894,900,$0.60,$0.59,$1014,$1234,$696,$4490,$3820,$0,$3531,$258,$7958,$12448,$4463,$5877,$1932,$8058,$12521,$1466,$18705,$-3825,$-73,$12448,$574,$106,$-49,$57,$-95,$-32,$0,$30,$-17,$614,$-114,$0,$0,$-30,$0,$-30,$0,$-144,$-18,$0,$-18,$-83,$-83,$-340,$0,$-441,$44,$31,$-340
11,2015-12-31,62.61,$-0.05,-1270.06,$17.59,3.56,$6.00,10.43,$1.51,41.47,$4.38B,$3.53B,1.24,$6.25B,$-0.04B,-141.96,$16.03B,$9.40B,58.62%,$16.03B,$2.79B,17.39%,$16.03B,$2.79B,17.39%,$16.03B,$3.24B,20.19%,$16.03B,$2.76B,17.23%,$16.03B,$1.38B,8.63%,$1.38B,$-0.04B,271.11%,$1.38B,$-3.49B,-45.88%,$1.38B,$11.94B,10.58%,$2.79B,$6.20B,41.86%,$3899,$1606,$2293,$0,$1286,$4038,$-139,$-7,$-146,$275,$-421,$-421,$-458,$-27,$-139,$902,910,$-0.51,$-0.50,$970,$1180,$807,$4384,$3796,$0,$3449,$239,$7551,$11935,$3534,$6246,$1966,$8445,$11979,$1466,$18861,$-3950,$-44,$11935,$1548,$449,$1074,$1523,$-75,$-13,$0,$33,$-122,$2949,$-682,$0,$208,$-143,$0,$-143,$-68,$-685,$421,$0,$421,$-1204,$-1204,$-1493,$0,$-2276,$-119,$125,$-1493
12,2015-09-30,59.31,$0.66,90.16,$17.87,3.32,$6.29,9.43,$2.70,21.97,$5.09B,$3.94B,1.29,$6.55B,$0.59B,11.11,$16.36B,$9.58B,58.58%,$16.36B,$3.92B,23.99%,$16.36B,$3.92B,23.99%,$16.36B,$4.37B,26.74%,$16.36B,$3.90B,23.84%,$16.36B,$2.47B,15.10%,$2.47B,$0.59B,284.64%,$2.47B,$-2.92B,-90.57%,$2.47B,$13.56B,18.35%,$3.92B,$7.14B,57.11%,$3999,$1652,$2347,$0,$1347,$2863,$1136,$-5,$1131,$361,$770,$770,$726,$1248,$1136,$900,907,$0.81,$0.80,$1445,$1277,$806,$5089,$3959,$0,$3506,$872,$8474,$13563,$3937,$6554,$2248,$9036,$12973,$1466,$19323,$-4085,$590,$13563,$1969,$337,$-23,$314,$-172,$1,$0,$14,$-175,$2108,$-459,$0,$208,$-101,$0,$-101,$8,$-344,$602,$0,$602,$-895,$-895,$-1033,$0,$-1326,$356,$104,$-1033
13,2015-06-30,60.78,$0.84,72.28,$18.21,3.34,$6.53,9.31,$2.49,24.41,$4.99B,$4.21B,1.19,$6.19B,$0.76B,8.17,$16.74B,$9.79B,58.51%,$16.74B,$3.74B,22.32%,$16.74B,$3.74B,22.32%,$16.74B,$4.19B,25.02%,$16.74B,$3.71B,22.19%,$16.74B,$2.29B,13.66%,$2.29B,$0.76B,197.62%,$2.29B,$-2.86B,-91.20%,$2.29B,$13.66B,16.95%,$3.74B,$6.94B,54.29%,$4066,$1699,$2367,$0,$1381,$3134,$932,$-6,$926,$310,$616,$616,$574,$1043,$932,$905,912,$0.63,$0.63,$1059,$1324,$914,$4988,$4039,$0,$3612,$877,$8672,$13660,$4206,$6186,$2250,$8697,$12903,$1466,$18936,$-3776,$757,$13660,$1199,$225,$66,$291,$-222,$8,$0,$24,$-267,$1223,$-280,$0,$0,$-170,$0,$-170,$12,$-438,$508,$0,$508,$-575,$-575,$-689,$0,$-756,$-30,$51,$-689
14,2015-03-31,64.08,$0.82,78.44,$18.45,3.47,$6.65,9.63,$2.53,25.33,$4.70B,$4.32B,1.09,$5.62B,$0.74B,7.61,$17.02B,$9.98B,58.61%,$17.02B,$3.78B,22.22%,$17.02B,$3.78B,22.22%,$17.02B,$4.23B,24.86%,$17.02B,$3.76B,22.08%,$17.02B,$2.33B,13.71%,$2.33B,$0.74B,157.15%,$2.33B,$-2.80B,-102.88%,$2.33B,$13.16B,17.20%,$3.78B,$6.36B,53.30%,$4070,$1678,$2392,$0,$1450,$3210,$860,$-8,$852,$269,$583,$583,$542,$974,$860,$908,916,$0.60,$0.59,$859,$1350,$880,$4700,$3968,$0,$3542,$867,$8456,$13156,$4323,$5622,$2239,$8094,$12417,$1466,$18704,$-3847,$739,$13156,$583,$114,$67,$181,$-150,$-23,$0,$25,$-37,$727,$-122,$0,$0,$-142,$0,$-142,$7,$-257,$-66,$0,$-66,$-246,$-246,$-329,$0,$-641,$-230,$32,$-329
15,2014-12-31,63.61,$1.53,41.64,$18.67,3.41,$6.70,9.5,$2.36,26.95,$4.86B,$3.95B,1.23,$5.64B,$1.39B,4.08,$17.28B,$10.11B,58.51%,$17.28B,$3.56B,20.59%,$17.28B,$3.56B,20.59%,$17.28B,$4.00B,23.15%,$17.28B,$3.53B,20.45%,$17.28B,$2.18B,12.62%,$2.18B,$1.39B,122.78%,$2.18B,$-2.34B,-104.34%,$2.18B,$13.46B,15.69%,$3.56B,$7.03B,47.96%,$4221,$1746,$2475,$0,$1434,$3226,$995,$-4,$991,$325,$666,$666,$628,$1108,$995,$915,924,$0.69,$0.68,$1089,$1382,$840,$4863,$4080,$0,$3720,$720,$8596,$13459,$3946,$5644,$2223,$8128,$12074,$1466,$18832,$-3507,$1385,$13459,$2339,$442,$604,$1046,$-109,$-60,$0,$25,$-87,$3298,$-733,$0,$-87,$-57,$0,$-57,$18,$-859,$435,$0,$435,$-1159,$-1159,$-1446,$0,$-2170,$127,$131,$-1446
16,2014-09-30,59.62,$1.92,31.12,$18.74,3.18,$6.63,8.99,$2.28,26.15,$5.18B,$4.41B,1.17,$5.44B,$1.75B,3.12,$17.42B,$10.20B,58.57%,$17.42B,$3.45B,19.83%,$17.42B,$3.45B,19.83%,$17.42B,$3.89B,22.35%,$17.42B,$3.44B,19.72%,$17.42B,$2.12B,12.15%,$2.12B,$1.75B,102.56%,$2.12B,$-2.03B,-113.52%,$2.12B,$13.69B,15.09%,$3.45B,$7.19B,46.17%,$4379,$1821,$2558,$0,$1497,$3431,$948,$-4,$944,$364,$580,$580,$542,$1062,$948,$914,923,$0.59,$0.59,$1355,$1422,$657,$5181,$4038,$0,$3779,$656,$8504,$13685,$4412,$5441,$1731,$7527,$11939,$1466,$18210,$-2887,$1746,$13685,$1673,$329,$534,$863,$-222,$-51,$0,$29,$-144,$2392,$-493,$0,$-25,$45,$0,$45,$18,$-455,$377,$0,$377,$-824,$-824,$-990,$0,$-1437,$393,$109,$-990
17,2014-06-30,62.01,$2.27,27.34,$18.69,3.32,$6.65,9.32,$2.39,25.94,$5.17B,$4.06B,1.27,$5.74B,$2.07B,2.77,$17.44B,$10.23B,58.66%,$17.44B,$3.52B,20.20%,$17.44B,$3.52B,20.20%,$17.44B,$3.96B,22.68%,$17.44B,$3.51B,20.11%,$17.44B,$2.23B,12.79%,$2.23B,$2.07B,104.77%,$2.23B,$-1.90B,-120.97%,$2.23B,$13.99B,15.97%,$3.52B,$7.81B,47.89%,$4352,$1800,$2552,$0,$1507,$3372,$980,$-9,$971,$310,$661,$661,$622,$1087,$980,$916,926,$0.68,$0.67,$1161,$1508,$702,$5174,$4077,$0,$3975,$688,$8814,$13988,$4061,$5741,$1722,$7856,$11917,$1466,$17991,$-2504,$2071,$13988,$1093,$215,$351,$566,$-198,$-90,$0,$26,$-270,$1389,$-314,$0,$-25,$12,$0,$12,$13,$-314,$425,$0,$425,$-593,$-593,$-662,$0,$-830,$199,$54,$-662
18,2014-03-31,58.68,$2.08,28.27,$18.60,3.15,$6.64,8.84,$2.32,25.29,$5.68B,$4.70B,1.21,$5.74B,$1.90B,3.02,$17.43B,$10.21B,58.58%,$17.43B,$3.45B,19.78%,$17.43B,$3.45B,19.78%,$17.43B,$3.89B,22.29%,$17.43B,$3.45B,19.78%,$17.43B,$2.17B,12.44%,$2.17B,$1.90B,105.20%,$2.17B,$-2.09B,-114.93%,$2.17B,$14.43B,15.68%,$3.45B,$7.64B,48.49%,$4325,$1801,$2524,$0,$1544,$3691,$634,$-7,$627,$195,$432,$432,$388,$742,$634,$920,929,$0.42,$0.42,$1795,$1478,$734,$5677,$4037,$0,$3985,$658,$8755,$14432,$4702,$5739,$1698,$7830,$12532,$1466,$17698,$-2537,$1900,$14432,$432,$108,$324,$432,$-77,$-67,$0,$0,$-44,$820,$-168,$0,$-25,$-77,$0,$-77,$21,$-249,$1022,$0,$1022,$-403,$-403,$-316,$0,$303,$833,$34,$-316
19,2013-12-31,58.68,$2.76,21.29,$18.51,3.17,$6.66,8.81,$2.39,24.6,$4.93B,$4.58B,1.08,$4.75B,$2.54B,1.87,$17.42B,$10.20B,58.56%,$17.42B,$3.56B,20.41%,$17.42B,$3.56B,20.41%,$17.42B,$4.00B,22.93%,$17.42B,$3.57B,20.46%,$17.42B,$2.24B,12.86%,$2.24B,$2.54B,107.15%,$2.24B,$-1.43B,-121.78%,$2.24B,$13.99B,16.46%,$3.56B,$7.29B,50.95%,$4361,$1794,$2567,$0,$1612,$3469,$892,$1,$893,$292,$601,$601,$564,$1002,$892,$931,940,$0.61,$0.60,$962,$1425,$908,$4931,$4083,$0,$3970,$924,$9054,$13985,$4579,$4749,$1677,$6870,$11449,$1466,$17952,$-2451,$2536,$13985,$2410,$439,$452,$891,$-37,$-97,$0,$13,$-97,$3204,$-655,$0,$-3,$-238,$0,$-238,$6,$-890,$422,$0,$422,$-1182,$-1182,$-1382,$0,$-2142,$78,$128,$-1382
20,2013-09-30,53.07,$2.17,24.47,$18.34,2.89,$6.76,7.85,$2.42,21.98,$4.60B,$4.49B,1.02,$4.68B,$2.01B,2.33,$17.35B,$10.14B,58.45%,$17.35B,$3.61B,20.79%,$17.35B,$3.61B,20.79%,$17.35B,$4.04B,23.31%,$17.35B,$3.62B,20.86%,$17.35B,$2.28B,13.12%,$2.28B,$2.01B,110.71%,$2.28B,$-1.95B,-120.75%,$2.28B,$13.44B,16.90%,$3.61B,$6.68B,51.61%,$4398,$1813,$2585,$0,$1549,$3382,$1016,$0,$1016,$317,$699,$699,$656,$1124,$1016,$928,937,$0.71,$0.70,$721,$1441,$701,$4600,$3858,$0,$3958,$932,$8839,$13439,$4491,$4677,$1952,$6941,$11432,$1466,$17393,$-2716,$2007,$13439,$1809,$329,$293,$622,$-137,$-107,$0,$57,$-66,$2365,$-419,$0,$0,$-213,$0,$-213,$4,$-628,$59,$0,$59,$-839,$-839,$-1030,$0,$-1810,$-163,$105,$-1030
21,2013-06-30,50.98,$1.94,26.22,$18.16,2.81,$6.62,7.7,$2.40,21.29,$4.87B,$4.44B,1.1,$5.03B,$1.80B,2.79,$17.28B,$10.08B,58.35%,$17.28B,$3.62B,20.93%,$17.28B,$3.62B,20.93%,$17.28B,$4.05B,23.45%,$17.28B,$3.63B,20.99%,$17.28B,$2.27B,13.15%,$2.27B,$1.80B,102.04%,$2.27B,$-2.08B,-132.85%,$2.27B,$13.49B,16.89%,$3.62B,$6.84B,50.05%,$4346,$1812,$2534,$0,$1526,$3440,$906,$5,$911,$307,$604,$604,$561,$1017,$906,$933,942,$0.60,$0.60,$884,$1440,$765,$4867,$3776,$0,$3883,$872,$8620,$13487,$4444,$5032,$1955,$7239,$11683,$1466,$17052,$-2825,$1804,$13487,$1110,$221,$181,$402,$-194,$-118,$0,$36,$-187,$1325,$-243,$0,$0,$-154,$0,$-154,$-1,$-398,$378,$0,$378,$-599,$-599,$-625,$0,$-846,$0,$52,$-625
22,2013-03-31,52.22,$2.16,24.12,$17.98,2.9,$6.52,8.01,$2.45,21.36,$4.83B,$4.09B,1.18,$5.10B,$2.02B,2.52,$17.20B,$10.01B,58.20%,$17.20B,$3.69B,21.47%,$17.20B,$3.69B,21.47%,$17.20B,$4.12B,23.97%,$17.20B,$3.69B,21.46%,$17.20B,$2.34B,13.60%,$2.34B,$2.02B,97.30%,$2.34B,$-1.90B,-151.34%,$2.34B,$13.53B,17.49%,$3.69B,$7.11B,49.82%,$4315,$1800,$2515,$0,$1536,$3573,$742,$3,$745,$239,$506,$506,$460,$852,$742,$937,945,$0.49,$0.48,$932,$1371,$717,$4828,$3820,$0,$3916,$883,$8705,$13533,$4091,$5095,$2042,$7423,$11514,$733,$16805,$-2658,$2019,$13533,$506,$110,$217,$327,$-175,$-15,$0,$22,$-56,$777,$-94,$0,$0,$-145,$0,$-145,$7,$-232,$117,$0,$117,$-289,$-289,$-290,$0,$-462,$48,$32,$-290
23,2012-12-31,45.99,$2.55,18.0,$17.76,2.59,$6.41,7.17,$2.58,17.86,$4.56B,$3.74B,1.22,$4.93B,$2.39B,2.06,$17.09B,$9.93B,58.13%,$17.09B,$3.89B,22.76%,$17.09B,$3.89B,22.76%,$17.09B,$4.31B,25.25%,$17.09B,$3.87B,22.67%,$17.09B,$2.47B,14.47%,$2.47B,$2.39B,97.97%,$2.47B,$-1.61B,-168.45%,$2.47B,$13.39B,18.58%,$3.89B,$7.32B,52.51%,$4286,$1781,$2505,$0,$1487,$3344,$942,$5,$947,$311,$636,$636,$598,$1050,$942,$952,960,$0.63,$0.63,$884,$1365,$639,$4556,$3842,$0,$3999,$905,$8838,$13394,$3736,$4926,$2049,$7268,$11004,$1466,$16953,$-2621,$2390,$13394,$2631,$425,$117,$542,$19,$-21,$0,$30,$23,$3196,$-493,$0,$-29,$-398,$0,$-398,$55,$-865,$441,$0,$441,$-1465,$-1465,$-1277,$0,$-2301,$6,$120,$-1277
24,2012-09-30,46.89,$2.85,16.43,$17.53,2.67,$6.26,7.49,$2.55,18.39,$4.76B,$3.70B,1.29,$4.94B,$2.70B,1.83,$16.97B,$9.82B,57.86%,$16.97B,$3.87B,22.80%,$16.97B,$3.87B,22.80%,$16.97B,$4.29B,25.30%,$16.97B,$3.84B,22.60%,$16.97B,$2.46B,14.52%,$2.46B,$2.70B,96.21%,$2.46B,$-1.26B,-172.37%,$2.46B,$13.42B,18.75%,$3.87B,$7.64B,52.87%,$4332,$1803,$2529,$0,$1501,$3305,$1027,$-4,$1023,$326,$697,$697,$654,$1133,$1027,$950,958,$0.69,$0.68,$909,$1384,$611,$4761,$3685,$0,$3956,$940,$8663,$13424,$3700,$4943,$1757,$7027,$10727,$733,$16654,$-2455,$2697,$13424,$1995,$317,$33,$350,$-166,$-48,$0,$29,$-212,$2133,$-279,$0,$-29,$-381,$0,$-381,$65,$-624,$447,$0,$447,$-954,$-954,$-951,$0,$-1458,$31,$98,$-951
25,2012-06-30,45.26,$2.65,17.1,$17.48,2.59,$6.34,7.14,$2.53,17.92,$4.84B,$3.57B,1.36,$5.07B,$2.51B,2.02,$17.02B,$9.75B,57.30%,$17.02B,$3.88B,22.78%,$17.02B,$3.88B,22.78%,$17.02B,$4.31B,25.31%,$17.02B,$3.84B,22.54%,$17.02B,$2.45B,14.41%,$2.45B,$2.51B,94.19%,$2.45B,$-1.42B,-171.93%,$2.45B,$13.15B,18.91%,$3.88B,$7.58B,54.86%,$4267,$1806,$2461,$0,$1464,$3285,$982,$-6,$976,$311,$665,$665,$627,$1087,$982,$955,963,$0.66,$0.65,$995,$1368,$687,$4835,$3625,$0,$3927,$682,$8318,$13153,$3566,$5068,$1737,$7077,$10643,$733,$16294,$-2554,$2510,$13153,$1298,$211,$-65,$146,$-119,$-46,$0,$62,$-251,$1193,$-189,$0,$-29,$-148,$0,$-148,$45,$-321,$566,$0,$566,$-703,$-703,$-593,$0,$-730,$117,$48,$-593
26,2012-03-31,42.25,$2.62,16.16,$17.29,2.44,$6.24,6.77,$2.51,16.87,$4.85B,$4.11B,1.18,$4.60B,$2.50B,1.84,$16.94B,$9.70B,57.24%,$16.94B,$3.86B,22.81%,$16.94B,$3.86B,22.81%,$16.94B,$4.29B,25.34%,$16.94B,$3.82B,22.54%,$16.94B,$2.45B,14.45%,$2.45B,$2.50B,88.61%,$2.45B,$-1.59B,-177.29%,$2.45B,$13.25B,18.83%,$3.86B,$7.09B,55.47%,$4200,$1763,$2437,$0,$1478,$3262,$938,$-10,$928,$295,$633,$633,$593,$1044,$938,$960,968,$0.62,$0.62,$1044,$1400,$578,$4849,$3702,$0,$4081,$535,$8405,$13254,$4107,$4595,$1808,$6651,$10758,$733,$15670,$-2269,$2496,$13254,$633,$106,$34,$140,$-90,$-38,$0,$52,$-111,$662,$-60,$0,$0,$-19,$0,$-19,$38,$-41,$170,$0,$170,$-357,$-357,$-278,$0,$-465,$166,$29,$-278
27,2011-12-31,39.66,$2.65,14.98,$16.97,2.34,$6.22,6.37,$2.47,16.06,$4.40B,$3.72B,1.19,$4.43B,$2.54B,1.74,$16.73B,$9.59B,57.31%,$16.73B,$3.84B,22.95%,$16.73B,$3.84B,22.95%,$16.73B,$4.26B,25.47%,$16.73B,$3.79B,22.64%,$16.73B,$2.43B,14.53%,$2.43B,$2.54B,87.24%,$2.43B,$-1.46B,-211.85%,$2.43B,$12.72B,19.19%,$3.84B,$6.97B,57.91%,$4172,$1779,$2393,$0,$1444,$3249,$923,$-15,$908,$283,$625,$625,$590,$1029,$923,$977,984,$0.61,$0.61,$878,$1327,$522,$4402,$3668,$0,$3998,$541,$8322,$12724,$3716,$4430,$1785,$6467,$10183,$733,$15649,$-2475,$2541,$12724,$2554,$421,$-72,$349,$-130,$-130,$0,$54,$-7,$2896,$-274,$0,$-966,$67,$0,$67,$-40,$-1213,$1414,$0,$1414,$-1453,$-1453,$-1203,$0,$-1242,$388,$122,$-1203
28,2011-09-30,37.83,$2.96,12.76,$16.62,2.28,$6.21,6.1,$2.49,15.22,$4.44B,$4.32B,1.03,$3.77B,$2.87B,1.31,$16.54B,$9.55B,57.72%,$16.54B,$3.82B,23.11%,$16.54B,$3.82B,23.11%,$16.54B,$4.24B,25.61%,$16.54B,$3.77B,22.79%,$16.54B,$2.43B,14.70%,$2.43B,$2.87B,85.13%,$2.43B,$-1.25B,-277.12%,$2.43B,$12.77B,19.80%,$3.82B,$6.64B,60.70%,$4383,$1921,$2462,$0,$1489,$3348,$1035,$-10,$1025,$349,$676,$676,$643,$1148,$1035,$973,981,$0.66,$0.66,$945,$1336,$485,$4443,$3615,$0,$4118,$501,$8325,$12768,$4317,$3768,$1538,$5581,$9898,$733,$15344,$-2199,$2870,$12768,$1929,$315,$-19,$296,$-127,$-147,$0,$44,$-168,$2057,$-83,$0,$-972,$65,$0,$65,$-8,$-998,$1354,$0,$1354,$-1070,$-1070,$-850,$0,$-566,$455,$102,$-850
29,2011-06-30,37.05,$3.23,11.46,$16.03,2.31,$6.09,6.09,$2.44,15.21,$4.47B,$4.25B,1.05,$4.02B,$3.14B,1.28,$16.10B,$9.43B,58.57%,$16.10B,$3.75B,23.27%,$16.10B,$3.75B,23.27%,$16.10B,$4.14B,25.71%,$16.10B,$3.69B,22.92%,$16.10B,$2.41B,14.95%,$2.41B,$3.14B,84.47%,$2.41B,$-1.23B,-374.78%,$2.41B,$13.24B,20.17%,$3.75B,$7.16B,60.60%,$4185,$1781,$2404,$0,$1421,$3217,$968,$-11,$957,$311,$646,$646,$622,$1071,$968,$979,987,$0.64,$0.63,$739,$1417,$495,$4470,$3831,$0,$4377,$476,$8774,$13244,$4249,$4020,$1651,$5851,$10100,$733,$14983,$-1748,$3144,$13244,$1253,$202,$-29,$173,$-153,$-148,$0,$48,$-272,$1154,$-225,$0,$-960,$91,$0,$91,$-17,$-1111,$1564,$0,$1564,$-797,$-797,$-568,$0,$199,$249,$56,$-568
30,2011-03-31,33.98,$2.65,12.82,$15.49,2.19,$6.21,5.47,$2.39,14.22,$4.27B,$4.28B,1.0,$3.17B,$2.59B,1.22,$15.73B,$9.27B,58.92%,$15.73B,$3.73B,23.69%,$15.73B,$3.73B,23.69%,$15.73B,$4.11B,26.12%,$15.73B,$3.67B,23.31%,$15.73B,$2.39B,15.18%,$2.39B,$2.59B,86.38%,$2.39B,$-0.65B,-622.28%,$2.39B,$11.93B,21.19%,$3.73B,$5.76B,62.89%,$3994,$1663,$2331,$0,$1404,$3079,$915,$-16,$899,$292,$607,$607,$576,$1014,$915,$987,993,$0.59,$0.58,$686,$1331,$470,$4274,$3734,$0,$3243,$579,$7657,$11931,$4282,$3166,$1733,$5058,$9340,$733,$14360,$-1941,$2591,$11931,$607,$99,$33,$132,$-157,$-85,$0,$30,$-59,$680,$-78,$0,$0,$-13,$0,$-13,$20,$-71,$392,$0,$392,$-548,$-548,$-261,$0,$-417,$196,$38,$-261
31,2010-12-31,33.59,$2.85,11.8,$15.16,2.22,$6.23,5.39,$2.16,15.59,$3.73B,$3.73B,1.0,$2.82B,$2.82B,1.0,$15.56B,$9.20B,59.14%,$15.56B,$3.49B,22.42%,$15.56B,$3.49B,22.42%,$15.56B,$3.87B,24.83%,$15.56B,$3.43B,22.04%,$15.56B,$2.17B,13.94%,$2.17B,$2.82B,77.25%,$2.17B,$-0.38B,-732.77%,$2.17B,$11.17B,19.73%,$3.49B,$5.63B,59.49%,$3978,$1628,$2350,$0,$1376,$3073,$905,$-16,$889,$238,$651,$651,$590,$1003,$905,$976,1022,$0.64,$0.62,$490,$1222,$408,$3730,$3693,$0,$3193,$472,$7442,$11172,$3728,$2815,$1704,$4627,$8355,$733,$14329,$-2115,$2817,$11172,$2313,$376,$422,$798,$40,$-10,$0,$135,$100,$3211,$-508,$0,$0,$-141,$0,$-141,$-9,$-658,$296,$0,$296,$-1778,$-1778,$-1142,$0,$-2624,$-110,$121,$-1142
32,2010-09-30,31.91,$2.95,10.82,$15.15,2.11,$6.18,5.16,$2.14,14.91,$4.09B,$3.18B,1.29,$3.33B,$2.69B,1.24,$15.67B,$9.28B,59.24%,$15.67B,$3.58B,22.82%,$15.67B,$3.58B,22.82%,$15.67B,$3.94B,25.16%,$15.67B,$3.51B,22.43%,$15.67B,$2.21B,14.11%,$2.21B,$2.85B,75.74%,$2.21B,$-0.31B,-1311.57%,$2.21B,$11.39B,20.12%,$3.58B,$6.18B,59.82%,$3943,$1599,$2344,$0,$1391,$2985,$958,$-13,$945,$300,$645,$645,$619,$1051,$958,$972,1019,$0.63,$0.61,$654,$1278,$469,$4091,$3572,$0,$3154,$573,$7299,$11390,$3176,$3329,$1927,$5368,$8544,$733,$13980,$-2308,$2846,$11390,$1662,$278,$428,$706,$-56,$-63,$0,$89,$-125,$2243,$-315,$0,$0,$-117,$0,$-117,$-6,$-438,$240,$0,$240,$-1181,$-1181,$-804,$0,$-1745,$54,$101,$-804
33,2010-06-30,32.49,$2.88,11.26,$15.09,2.15,$6.22,5.22,$2.10,15.51,$3.81B,$2.96B,1.29,$3.33B,$2.64B,1.26,$15.72B,$9.30B,59.18%,$15.72B,$3.54B,22.54%,$15.72B,$3.54B,22.54%,$15.72B,$3.91B,24.85%,$15.72B,$3.48B,22.12%,$15.72B,$2.18B,13.87%,$2.18B,$2.80B,73.09%,$2.18B,$-0.20B,-2314.06%,$2.18B,$10.59B,20.00%,$3.54B,$6.14B,59.73%,$3814,$1572,$2242,$0,$1292,$2866,$948,$-14,$934,$304,$630,$630,$603,$1041,$948,$980,1029,$0.61,$0.59,$555,$1246,$416,$3811,$3410,$0,$3003,$362,$6775,$10586,$2955,$3331,$1331,$4827,$7782,$733,$13622,$-2275,$2804,$10586,$1017,$185,$386,$571,$-35,$-85,$0,$40,$-286,$1302,$-204,$0,$0,$-13,$0,$-13,$2,$-215,$243,$0,$243,$-837,$-837,$-520,$0,$-1114,$-45,$60,$-520
34,2010-03-31,34.95,$2.82,12.4,$14.96,2.34,$6.11,5.72,$2.05,17.09,$3.93B,$3.82B,1.03,$2.76B,$2.60B,1.06,$15.65B,$9.26B,59.18%,$15.65B,$3.48B,22.24%,$15.65B,$3.48B,22.24%,$15.65B,$3.84B,24.55%,$15.65B,$3.41B,21.78%,$15.65B,$2.14B,13.67%,$2.14B,$2.76B,72.35%,$2.14B,$-0.30B,-1691.70%,$2.14B,$10.82B,19.56%,$3.48B,$5.52B,58.87%,$3829,$1561,$2268,$0,$1355,$3151,$678,$-16,$662,$275,$387,$387,$357,$770,$678,$987,1038,$0.36,$0.35,$561,$1259,$402,$3931,$3466,$0,$3065,$361,$6892,$10823,$3818,$2755,$1362,$4241,$8059,$733,$13032,$-2131,$2764,$10823,$387,$92,$346,$438,$-99,$-56,$0,$36,$-92,$733,$-81,$0,$0,$-7,$0,$-7,$1,$-87,$-38,$0,$-38,$-417,$-417,$-222,$0,$-677,$-39,$41,$-222
35,2009-12-31,33.49,$3.30,10.16,$14.60,2.29,$6.06,5.52,$2.18,15.36,$3.81B,$3.60B,1.06,$2.82B,$3.09B,0.91,$15.33B,$9.01B,58.77%,$15.33B,$3.62B,23.59%,$15.33B,$3.62B,23.59%,$15.33B,$3.97B,25.88%,$15.33B,$3.54B,23.08%,$15.33B,$2.29B,14.95%,$2.29B,$3.26B,83.26%,$2.29B,$0.13B,-783.92%,$2.29B,$11.13B,21.38%,$3.62B,$6.08B,61.35%,$4081,$1654,$2427,$0,$1397,$3090,$991,$-18,$973,$317,$656,$656,$631,$1080,$991,$999,1049,$0.63,$0.61,$600,$1209,$375,$3810,$3516,$0,$3123,$685,$7324,$11134,$3599,$2821,$1375,$4278,$7877,$733,$13157,$-2096,$3257,$11134,$2397,$351,$-2,$349,$57,$44,$0,$136,$531,$3277,$-558,$0,$0,$-289,$0,$-289,$6,$-841,$-526,$0,$-526,$-763,$-763,$-981,$0,$-2270,$45,$117,$-981
36,2009-09-30,30.92,$3.13,9.88,$14.13,2.19,$5.04,6.14,$2.05,15.12,$4.20B,$3.59B,1.17,$2.88B,$2.94B,0.98,$14.91B,$8.63B,57.89%,$14.91B,$3.40B,22.80%,$14.91B,$3.40B,22.80%,$14.91B,$3.75B,25.14%,$14.91B,$3.33B,22.31%,$14.91B,$2.16B,14.47%,$2.16B,$3.11B,88.10%,$2.16B,$-0.01B,-384.32%,$2.16B,$11.07B,20.69%,$3.40B,$5.99B,58.83%,$3998,$1631,$2367,$0,$1403,$3072,$926,$-17,$909,$292,$617,$617,$590,$1016,$926,$998,1049,$0.59,$0.56,$847,$1241,$336,$4204,$3351,$0,$3122,$390,$6863,$11067,$3591,$2883,$1357,$4365,$7956,$733,$12761,$-2125,$3111,$11067,$1741,$262,$99,$361,$-104,$10,$0,$12,$273,$2375,$-347,$0,$0,$-147,$0,$-147,$10,$-484,$-450,$0,$-450,$-468,$-468,$-702,$0,$-1620,$292,$97,$-702
37,2009-06-30,28.51,$2.71,10.53,$14.05,2.03,$4.40,6.48,$1.96,14.58,$4.22B,$3.24B,1.3,$3.37B,$2.53B,1.33,$14.90B,$8.50B,57.05%,$14.90B,$3.27B,21.91%,$14.90B,$3.27B,21.91%,$14.90B,$3.61B,24.25%,$14.90B,$3.19B,21.38%,$14.90B,$2.07B,13.87%,$2.07B,$2.70B,90.36%,$2.07B,$-0.33B,-293.82%,$2.07B,$10.73B,20.07%,$3.27B,$6.07B,57.09%,$3745,$1544,$2201,$0,$1296,$2858,$887,$-21,$866,$278,$588,$588,$562,$977,$887,$1000,1050,$0.56,$0.54,$896,$1224,$370,$4218,$3245,$0,$3027,$240,$6512,$10730,$3240,$3368,$1295,$4791,$8031,$733,$12392,$-2278,$2699,$10730,$1124,$172,$81,$253,$-86,$2,$0,$-20,$-166,$1211,$-210,$0,$12,$-20,$0,$-20,$1,$-217,$93,$0,$93,$-304,$-304,$-454,$0,$-665,$341,$56,$-454
38,2009-03-31,23.59,$1.94,12.16,$14.18,1.66,$4.21,5.6,$1.88,12.55,$3.82B,$3.06B,1.25,$3.49B,$1.76B,1.98,$15.12B,$8.54B,56.47%,$15.12B,$3.17B,20.94%,$15.12B,$3.17B,20.94%,$15.12B,$3.51B,23.20%,$15.12B,$3.08B,20.39%,$15.12B,$2.00B,13.22%,$2.00B,$1.94B,87.69%,$2.00B,$-0.96B,-259.27%,$2.00B,$9.93B,19.25%,$3.17B,$5.43B,55.17%,$3503,$1490,$2013,$0,$1186,$2692,$811,$-21,$790,$254,$536,$536,$508,$893,$811,$1001,1052,$0.50,$0.49,$702,$1199,$350,$3817,$3055,$0,$2903,$159,$6116,$9933,$3056,$3491,$1307,$4938,$7994,$733,$11845,$-2566,$1939,$9933,$536,$82,$86,$168,$-15,$-34,$0,$32,$-14,$690,$-73,$0,$4,$-13,$0,$-13,$0,$-82,$-60,$0,$-60,$-192,$-192,$-203,$0,$-455,$147,$39,$-203
39,2008-12-31,27.24,$2.04,13.37,$14.29,1.91,$4.08,6.68,$1.83,14.89,$3.71B,$2.95B,1.26,$3.59B,$1.86B,1.92,$15.33B,$8.63B,56.27%,$15.33B,$3.10B,20.23%,$15.33B,$3.10B,20.23%,$15.33B,$3.45B,22.50%,$15.33B,$3.01B,19.60%,$15.33B,$1.96B,12.77%,$1.96B,$2.04B,83.05%,$1.96B,$-0.94B,-250.95%,$1.96B,$9.98B,18.47%,$3.10B,$5.63B,53.50%,$3664,$1614,$2050,$0,$1235,$2888,$776,$-14,$762,$251,$511,$511,$497,$863,$776,$1013,1070,$0.49,$0.47,$555,$1197,$366,$3710,$3119,$0,$2986,$164,$6269,$9979,$2952,$3585,$1316,$4983,$7935,$733,$11760,$-2477,$2044,$9979,$2037,$348,$44,$392,$-70,$-135,$0,$-47,$-127,$2302,$-626,$0,$0,$10,$0,$10,$3,$-613,$195,$0,$195,$-836,$-836,$-889,$0,$-1530,$126,$100,$-889
40,2008-09-30,29.75,$2.44,12.17,$14.22,2.09,$4.15,7.18,$1.75,17.05,$4.09B,$3.26B,1.26,$3.28B,$2.29B,1.44,$15.31B,$8.62B,56.30%,$15.31B,$3.07B,20.04%,$15.31B,$3.07B,20.04%,$15.31B,$3.42B,22.31%,$15.31B,$2.95B,19.27%,$15.31B,$1.88B,12.25%,$1.88B,$2.47B,77.58%,$1.88B,$-0.58B,-249.30%,$1.88B,$10.56B,17.64%,$3.07B,$5.75B,53.21%,$3988,$1752,$2236,$0,$1415,$3197,$791,$-23,$768,$246,$522,$522,$500,$880,$791,$1011,1069,$0.49,$0.47,$635,$1306,$385,$4087,$3047,$0,$3048,$373,$6468,$10555,$3256,$3284,$1165,$4832,$8087,$733,$11481,$-1824,$2468,$10555,$1460,$261,$84,$345,$-132,$-176,$0,$118,$-28,$1777,$-392,$0,$0,$1,$0,$1,$50,$-341,$23,$0,$23,$-609,$-609,$-627,$0,$-1213,$206,$82,$-627
41,2008-06-30,27.12,$2.64,10.29,$13.74,1.97,$4.06,6.68,$1.66,16.34,$4.26B,$3.32B,1.28,$3.48B,$2.48B,1.4,$14.85B,$8.37B,56.35%,$14.85B,$2.95B,19.84%,$14.85B,$2.95B,19.84%,$14.85B,$3.29B,22.16%,$14.85B,$2.81B,18.94%,$14.85B,$1.80B,12.10%,$1.80B,$2.67B,77.86%,$1.80B,$-0.60B,-206.44%,$1.80B,$11.07B,17.07%,$2.95B,$6.14B,53.36%,$3965,$1725,$2240,$0,$1423,$3176,$788,$-25,$763,$248,$515,$515,$494,$872,$788,$1014,1073,$0.48,$0.46,$623,$1341,$421,$4257,$3149,$0,$3265,$399,$6813,$11070,$3320,$3476,$1260,$5083,$8404,$733,$11186,$-1470,$2667,$11070,$960,$172,$63,$235,$-133,$-135,$0,$49,$-159,$1036,$-217,$0,$45,$0,$0,$0,$1,$-171,$162,$0,$162,$-425,$-425,$-410,$0,$-673,$194,$43,$-410
42,2008-03-31,30.42,$2.22,13.72,$13.17,2.31,$3.94,7.73,$1.58,19.26,$4.09B,$3.61B,1.13,$3.41B,$2.06B,1.65,$14.29B,$8.04B,56.23%,$14.29B,$2.82B,19.71%,$14.29B,$2.82B,19.71%,$14.29B,$3.16B,22.09%,$14.29B,$2.67B,18.66%,$14.29B,$1.72B,12.02%,$1.72B,$2.25B,82.49%,$1.72B,$-1.00B,-169.05%,$1.72B,$10.81B,16.89%,$2.82B,$5.66B,54.46%,$3713,$1613,$2100,$0,$1349,$2967,$746,$-34,$712,$224,$489,$489,$467,$834,$746,$1018,1079,$0.45,$0.43,$642,$1287,$374,$4088,$3082,$0,$3253,$386,$6721,$10809,$3611,$3408,$1244,$4946,$8557,$733,$10705,$-1583,$2252,$10809,$467,$89,$42,$130,$-52,$-89,$0,$8,$-27,$570,$-85,$0,$13,$9,$0,$9,$-0,$-64,$114,$0,$114,$-228,$-228,$-186,$0,$-300,$213,$27,$-186
43,2007-12-31,30.3,$2.25,13.49,$12.67,2.39,$3.85,7.87,$1.60,19.0,$3.62B,$3.16B,1.14,$3.22B,$2.09B,1.54,$13.79B,$7.75B,56.18%,$13.79B,$2.72B,19.73%,$13.79B,$2.72B,19.73%,$13.79B,$3.05B,22.15%,$13.79B,$2.56B,18.58%,$13.79B,$1.74B,12.60%,$1.74B,$2.29B,92.73%,$1.74B,$-0.83B,-152.26%,$1.74B,$10.11B,17.72%,$2.72B,$5.51B,56.98%,$3643,$1600,$2043,$0,$1301,$2900,$743,$-35,$707,$226,$482,$482,$415,$830,$743,$1022,1087,$0.40,$0.39,$429,$1171,$338,$3619,$3015,$0,$3117,$362,$6494,$10112,$3163,$3222,$1177,$4663,$7826,$733,$10628,$-1667,$2286,$10112,$1737,$334,$-65,$269,$-66,$-111,$0,$57,$246,$2252,$-473,$0,$-27,$-11,$0,$-11,$-17,$-528,$-225,$0,$-225,$-780,$-780,$-798,$0,$-1803,$-61,$110,$-798
44,2007-09-30,27.58,$1.98,13.91,$12.23,2.25,$3.49,7.91,$1.58,17.51,$3.94B,$3.79B,1.04,$2.75B,$1.82B,1.51,$13.36B,$7.48B,56.01%,$13.36B,$2.61B,19.55%,$13.36B,$2.61B,19.55%,$13.36B,$2.94B,22.03%,$13.36B,$2.45B,18.34%,$13.36B,$1.72B,12.91%,$1.72B,$2.02B,104.14%,$1.72B,$-1.05B,-131.68%,$1.72B,$10.08B,18.02%,$2.61B,$4.77B,58.92%,$3528,$1545,$1984,$0,$1278,$2859,$669,$-39,$630,$210,$420,$420,$420,$754,$669,$1020,1085,$0.41,$0.39,$628,$1167,$382,$3936,$2832,$0,$3072,$244,$6148,$10084,$3785,$2750,$1274,$4277,$8062,$733,$10412,$-1879,$2022,$10084,$1323,$246,$-19,$227,$-167,$-118,$0,$10,$89,$1639,$-327,$0,$80,$0,$0,$0,$-56,$-304,$-106,$0,$-106,$-553,$-553,$-550,$0,$-1209,$139,$93,$-550
45,2007-06-30,24.95,$1.74,14.37,$11.84,2.11,$3.30,7.57,$1.51,16.58,$3.70B,$3.46B,1.07,$2.97B,$1.57B,1.9,$12.97B,$7.23B,55.70%,$12.97B,$2.49B,19.20%,$12.97B,$2.49B,19.20%,$12.97B,$2.82B,21.72%,$12.97B,$2.33B,17.94%,$12.97B,$1.65B,12.70%,$1.65B,$1.77B,105.73%,$1.65B,$-1.18B,-121.24%,$1.65B,$9.68B,17.65%,$2.49B,$4.74B,56.25%,$3405,$1497,$1908,$0,$1224,$2748,$658,$-40,$617,$201,$416,$416,$416,$738,$658,$1022,1088,$0.40,$0.38,$547,$1135,$355,$3704,$2775,$0,$2955,$247,$5977,$9681,$3456,$2973,$1242,$4454,$7909,$733,$10178,$-1954,$1771,$9681,$902,$161,$-84,$78,$-106,$-102,$0,$-25,$-81,$899,$-200,$0,$82,$0,$0,$0,$-13,$-131,$64,$0,$64,$-417,$-417,$-364,$0,$-717,$57,$52,$-364
46,2007-03-31,25.56,$1.39,18.44,$11.44,2.23,$3.16,8.09,$1.38,18.52,$3.49B,$3.82B,0.92,$2.66B,$1.21B,2.2,$12.58B,$6.95B,55.24%,$12.58B,$2.29B,18.23%,$12.58B,$2.29B,18.23%,$12.58B,$2.62B,20.85%,$12.58B,$2.13B,16.93%,$12.58B,$1.52B,12.05%,$1.52B,$1.42B,100.07%,$1.52B,$-1.50B,-110.48%,$1.52B,$9.36B,16.56%,$2.29B,$4.08B,51.78%,$3214,$1402,$1812,$0,$1170,$2563,$651,$-43,$608,$122,$487,$487,$487,$732,$651,$1025,1094,$0.47,$0.45,$474,$1095,$333,$3493,$2715,$0,$2920,$230,$5865,$9358,$3819,$2661,$1267,$4121,$7940,$733,$9775,$-2041,$1418,$9358,$487,$81,$-100,$-19,$-55,$-81,$0,$24,$21,$488,$-93,$0,$79,$0,$0,$0,$-6,$-20,$-61,$0,$-61,$-256,$-256,$-167,$0,$-484,$-15,$33,$-167
47,2006-12-31,24.85,$1.38,18.06,$11.11,2.24,$3.10,8.02,$1.23,20.2,$3.30B,$3.47B,0.95,$2.72B,$1.19B,2.29,$12.24B,$6.70B,54.76%,$12.24B,$2.16B,17.66%,$12.24B,$2.16B,17.66%,$12.24B,$2.49B,20.34%,$12.24B,$2.00B,16.36%,$12.24B,$1.35B,11.06%,$1.35B,$1.41B,91.33%,$1.35B,$-1.50B,-101.04%,$1.35B,$9.14B,15.06%,$2.16B,$4.13B,47.67%,$3209,$1433,$1777,$0,$1145,$2576,$633,$-39,$594,$193,$401,$401,$401,$718,$633,$1030,1101,$0.38,$0.37,$490,$1008,$280,$3301,$2696,$0,$2913,$228,$5837,$9138,$3469,$2720,$1228,$4258,$7727,$733,$9644,$-2081,$1411,$9138,$1353,$329,$193,$521,$-116,$-119,$0,$31,$-53,$1822,$-417,$0,$-200,$-1,$0,$-1,$-2,$-620,$139,$0,$139,$-520,$-520,$-678,$0,$-1059,$149,$117,$-678
