,Date,Stock Price,Book Value per Share,Price to Book Ratio,TTM Sales per Share,Price to Sales Ratio,TTM FCF per Share,Price to FCF Ratio,TTM Net EPS,PE Ratio,Current Assets,Current Liabilities,Current Ratio,Long Term Debt,Shareholder's Equity_x,Debt to Equity Ratio,TTM Revenue_x,TTM Gross Profit,Gross Margin,TTM Revenue_y,TTM Operating Income,Operating Margin,TTM Revenue_x,TTM EBIT,EBIT Margin,TTM Revenue_y,TTM EBITDA,EBITDA Margin,TTM Revenue_x,TTM Pre-Tax Income,Pre-Tax Margin,TTM Revenue_y,TTM Net Income_x,Net Margin,TTM Net Income_y,Shareholder's Equity_y,Return on Equity,TTM Net Income_x,Tangible Equity,Return on Tangible Equity,TTM Net Income_y,Total Assets,Return on Assets,TTM Net Income,LT Investments & Debt,Return on Investment,revenue,cost-goods-sold,gross-profit,research-development-expenses,selling-general-administrative-expenses,operating-expenses,operating-income,total-non-operating-income-expense,pre-tax-income,total-provision-income-taxes,income-after-taxes,income-from-continuous-operations,net-income,ebitda,ebit,basic-shares-outstanding,shares-outstanding,eps-basic-net-earnings-per-share,eps-earnings-per-share-diluted,cash-on-hand,inventory,other-current-assets,total-current-assets,net-property-plant-equipment,long-term-investments,goodwill-intangible-assets-total,other-long-term-assets,total-long-term-assets,total-assets,total-current-liabilities,long-term-debt,other-non-current-liabilities,total-long-term-liabilities,total-liabilities,common-stock-net,retained-earnings-accumulated-deficit,comprehensive-income,total-share-holder-equity,total-liabilities-share-holders-equity,net-income-loss,total-depreciation-amortization-cash-flow,other-non-cash-items,total-non-cash-items,change-in-accounts-receivable,change-in-inventories,change-in-accounts-payable,change-in-assets-liabilities,total-change-in-assets-liabilities,cash-flow-from-operating-activities,net-change-in-property-plant-equipment,net-change-in-intangible-assets,net-acquisitions-divestitures,net-change-in-short-term-investments,net-change-in-long-term-investments,net-change-in-investments-total,investing-activities-other,cash-flow-from-investing-activities,net-long-term-debt,net-current-debt,debt-issuance-retirement-net-total,net-common-equity-issued-repurchased,net-total-equity-issued-repurchased,total-common-preferred-stock-dividends-paid,financial-activities-other,cash-flow-from-financial-activities,net-cash-flow,stock-based-compensation,common-stock-dividends-paid
0,2018-09-30,11.05,$5.49,2.01,$6.89,1.6,$0.23,48.85,$0.18,61.39,$0.11B,$0.02B,4.94,$0.02B,$0.16B,0.14,$0.21B,$0.07B,34.13%,$0.21B,$0.00B,1.92%,$0.21B,$0.00B,1.92%,$0.21B,$0.01B,6.25%,$0.21B,$0.00B,1.44%,$0.21B,$0.01B,4.33%,$0.01B,$0.16B,5.49%,$0.01B,$0.08B,10.91%,$0.01B,$0.21B,4.34%,$0.00B,$0.19B,2.19%,$56,$36,$20,$0,$16,$52,$4,$-0,$4,$-0,$4,$4,$4,$6,$4,$30,30,$0.14,$0.14,$3,$61,$0,$108,$23,$0,$80,$1,$105,$212,$22,$23,$0,$26,$48,$0,$-307,$1,$164,$212,$4,$7,$2,$8,$-4,$-3,$0,$0,$-4,$8,$-2,$0,$-0,$0,$0,$0,$0,$-2,$2,$0,$2,$-4,$-4,$-1,$-1,$-4,$1,$2,$-1
1,2018-06-30,8.23,$5.46,1.51,$6.57,1.25,$-0.58,0.0,$0.13,63.32,$0.10B,$0.02B,4.37,$0.02B,$0.16B,0.1,$0.20B,$0.07B,33.33%,$0.20B,$-0.00B,-0.51%,$0.20B,$-0.00B,-0.51%,$0.20B,$0.01B,3.54%,$0.20B,$-0.00B,-1.01%,$0.20B,$0.00B,1.52%,$0.00B,$0.16B,1.85%,$0.00B,$0.08B,3.79%,$0.00B,$0.21B,1.44%,$-0.00B,$0.18B,-0.55%,$46,$30,$16,$0,$16,$46,$-0,$-1,$-1,$-0,$-1,$-1,$-1,$2,$-0,$30,30,$-0.03,$-0.03,$3,$61,$0,$101,$24,$0,$81,$2,$106,$207,$23,$16,$0,$20,$43,$0,$-311,$1,$164,$207,$-0,$4,$1,$6,$3,$-3,$0,$0,$3,$8,$-2,$0,$-0,$0,$0,$0,$0,$-2,$-5,$0,$-5,$-0,$-0,$0,$-0,$-5,$1,$1,$0
2,2018-03-31,6.73,$5.48,1.23,$6.07,1.11,$-1.08,0.0,$0.04,168.36,$0.10B,$0.02B,4.79,$0.02B,$0.17B,0.09,$0.18B,$0.06B,32.24%,$0.18B,$-0.01B,-2.73%,$0.18B,$-0.01B,-2.73%,$0.18B,$0.00B,1.09%,$0.18B,$-0.01B,-2.73%,$0.18B,0,0.00%,$0.00B,$0.17B,0.00%,$0.00B,$0.08B,0.00%,$0.00B,$0.20B,0.00%,$-0.01B,$0.18B,-2.85%,$53,$35,$18,$0,$17,$53,$0,$-0,$0,$-0,$0,$0,$0,$3,$0,$30,30,$0.01,$0.01,$2,$53,$0,$96,$24,$0,$82,$1,$107,$203,$20,$15,$0,$19,$39,$0,$-310,$1,$165,$203,$0,$2,$0,$2,$-0,$5,$0,$-1,$5,$7,$-1,$0,$0,$0,$0,$0,$0,$-1,$-6,$0,$-6,$0,$0,$0,$0,$-6,$0,$0,$0
3,2017-12-31,7.83,$5.43,1.44,$5.69,1.38,$-1.24,0.0,$-0.02,0.0,$0.10B,$0.02B,5.03,$0.02B,$0.16B,0.13,$0.17B,$0.05B,30.81%,$0.17B,$-0.01B,-2.91%,$0.17B,$-0.01B,-2.91%,$0.17B,0,0.00%,$0.17B,$-0.01B,-3.49%,$0.17B,$-0.00B,-0.58%,$-0.00B,$0.16B,-0.63%,$-0.00B,$0.08B,-1.00%,$-0.00B,$0.21B,-0.50%,$-0.01B,$0.18B,-2.93%,$53,$35,$17,$0,$16,$52,$0,$-0,$-0,$-6,$6,$6,$6,$2,$0,$30,30,$0.20,$0.20,$2,$58,$0,$99,$24,$0,$83,$1,$108,$207,$20,$21,$0,$25,$44,$0,$-310,$0,$163,$207,$-1,$5,$-4,$2,$-9,$1,$0,$-1,$-9,$-9,$-3,$0,$-79,$0,$0,$0,$0,$-82,$-2,$0,$-2,$0,$0,$0,$-0,$-2,$-93,$1,$0
4,2017-09-30,7.48,$5.18,1.45,$5.29,1.41,$-0.78,0.0,$-0.27,0.0,$0.11B,$0.02B,4.53,$0.03B,$0.16B,0.18,$0.16B,$0.05B,30.00%,$0.16B,$-0.01B,-3.75%,$0.16B,$-0.01B,-3.75%,$0.16B,$-0.00B,-1.88%,$0.16B,$-0.01B,-5.00%,$0.16B,$-0.01B,-5.00%,$-0.01B,$0.16B,-5.06%,$-0.01B,$0.07B,-7.11%,$-0.01B,$0.22B,-4.00%,$-0.01B,$0.18B,-3.64%,$46,$30,$15,$0,$14,$47,$-1,$0,$-1,$1,$-2,$-2,$-2,$0,$-1,$30,30,$-0.05,$-0.05,$2,$67,$0,$106,$24,$0,$85,$0,$109,$216,$24,$27,$0,$37,$60,$0,$-316,$-0,$156,$216,$-7,$4,$1,$5,$-9,$-8,$0,$-1,$-15,$-17,$-2,$0,$-79,$0,$0,$0,$0,$-81,$5,$0,$5,$0,$0,$0,$-0,$4,$-93,$1,$0
5,2017-06-30,6.63,$5.21,1.27,$5.08,1.31,$-0.05,0.0,$-0.23,0.0,$0.14B,$0.02B,6.8,$0.00B,$0.16B,0.0,$0.15B,$0.05B,29.41%,$0.15B,$-0.00B,-2.61%,$0.15B,$-0.00B,-2.61%,$0.15B,0,0.00%,$0.15B,$-0.01B,-4.58%,$0.15B,$-0.01B,-3.92%,$-0.01B,$0.16B,-3.76%,$-0.01B,$0.12B,-4.72%,$-0.01B,$0.19B,-3.00%,$-0.00B,$0.16B,-2.50%,$31,$22,$9,$0,$13,$35,$-4,$0,$-4,$0,$-4,$-4,$-4,$-3,$-4,$30,30,$-0.12,$-0.12,$63,$55,$0,$143,$11,$0,$32,$0,$43,$186,$21,$0,$0,$9,$30,$0,$-315,$-1,$156,$186,$-5,$2,$1,$3,$1,$-8,$0,$-0,$-5,$-8,$-1,$0,$0,$0,$0,$0,$0,$-1,$-23,$0,$-23,$-0,$-0,$0,$0,$-23,$-31,$0,$0
6,2017-03-31,5.44,$5.31,1.02,$5.01,1.09,$0.39,13.84,$-0.21,0.0,$0.15B,$0.02B,7.35,$0.00B,$0.16B,0.0,$0.15B,$0.04B,29.14%,$0.15B,$-0.00B,-1.32%,$0.15B,$-0.00B,-1.32%,$0.15B,$0.00B,1.32%,$0.15B,$-0.01B,-3.97%,$0.15B,$-0.01B,-3.31%,$-0.01B,$0.16B,-3.08%,$-0.01B,$0.13B,-3.87%,$-0.01B,$0.19B,-2.41%,$-0.00B,$0.16B,-1.23%,$42,$29,$12,$0,$13,$42,$-0,$-1,$-1,$0,$-1,$-1,$-1,$1,$-0,$30,30,$-0.05,$-0.05,$74,$44,$0,$145,$11,$0,$32,$0,$43,$188,$20,$0,$0,$9,$29,$0,$-311,$-1,$159,$188,$-1,$2,$0,$2,$-1,$2,$0,$0,$2,$2,$-0,$0,$0,$0,$0,$0,$0,$-0,$-23,$0,$-23,$-0,$-0,$0,$0,$-23,$-21,$0,$0
7,2016-12-31,5.34,$5.36,1.0,$4.86,1.1,$0.36,15.02,$-0.29,0.0,$0.17B,$0.04B,4.11,$0.00B,$0.16B,0.0,$0.15B,$0.04B,29.25%,$0.15B,$-0.01B,-4.08%,$0.15B,$-0.01B,-4.08%,$0.15B,$-0.00B,-1.36%,$0.15B,$-0.01B,-6.12%,$0.15B,$-0.01B,-5.44%,$-0.01B,$0.16B,-4.84%,$-0.01B,$0.13B,-6.07%,$-0.01B,$0.21B,-3.71%,$-0.01B,$0.16B,-3.52%,$41,$29,$12,$0,$13,$42,$-1,$-1,$-2,$-0,$-1,$-1,$-1,$-1,$-1,$30,30,$-0.06,$-0.06,$95,$45,$0,$167,$11,$0,$32,$0,$44,$210,$41,$0,$0,$9,$50,$0,$-310,$-1,$161,$210,$-9,$3,$2,$5,$3,$5,$0,$3,$8,$5,$-3,$0,$-1,$10,$0,$10,$0,$7,$0,$0,$0,$-5,$-5,$0,$0,$-5,$6,$0,$0
8,2016-09-30,5.13,$5.42,0.95,$4.85,1.06,$0.32,16.14,$-0.88,0.0,$0.17B,$0.04B,3.93,$0.00B,$0.16B,0.0,$0.15B,$0.05B,30.67%,$0.15B,$-0.04B,-24.00%,$0.15B,$-0.04B,-24.00%,$0.15B,$-0.00B,-2.00%,$0.15B,$-0.04B,-26.00%,$0.15B,$-0.03B,-18.67%,$-0.03B,$0.16B,-16.62%,$-0.03B,$0.13B,-20.74%,$-0.03B,$0.22B,-12.74%,$-0.04B,$0.16B,-20.14%,$39,$27,$12,$0,$11,$39,$1,$-0,$0,$1,$-0,$-0,$-0,$3,$1,$30,30,$-0.01,$-0.01,$96,$45,$0,$171,$11,$0,$33,$0,$45,$215,$43,$0,$0,$9,$53,$0,$-308,$-1,$163,$215,$-8,$4,$-0,$4,$-0,$7,$0,$3,$10,$5,$-2,$0,$-1,$10,$0,$10,$0,$7,$0,$0,$0,$-5,$-5,$0,$0,$-5,$8,$0,$0
9,2016-06-30,4.13,$5.47,0.76,$4.74,0.87,$-0.01,0.0,$-2.34,0.0,$0.17B,$0.04B,4.21,$0.00B,$0.17B,0.0,$0.15B,$0.05B,32.00%,$0.15B,$-0.04B,-25.33%,$0.15B,$-0.04B,-25.33%,$0.15B,$-0.00B,-2.67%,$0.15B,$-0.04B,-26.67%,$0.15B,$-0.08B,-52.00%,$-0.08B,$0.17B,-44.01%,$-0.08B,$0.13B,-57.35%,$-0.08B,$0.22B,-33.62%,$-0.04B,$0.17B,-19.77%,$29,$21,$8,$0,$12,$31,$-2,$-1,$-3,$0,$-3,$-3,$-3,$-1,$-2,$31,31,$-0.10,$-0.10,$98,$47,$0,$171,$11,$0,$33,$0,$45,$216,$41,$0,$1,$9,$50,$0,$-306,$-1,$166,$216,$-7,$2,$1,$3,$6,$5,$0,$2,$11,$6,$-1,$0,$-1,$0,$0,$0,$0,$-2,$0,$0,$0,$-4,$-4,$0,$0,$-4,$-0,$0,$0
10,2016-03-31,4.51,$5.53,0.82,$4.70,0.96,$-0.03,0.0,$-2.41,0.0,$0.18B,$0.02B,8.98,$0.02B,$0.17B,0.12,$0.15B,$0.05B,33.77%,$0.15B,$-0.04B,-27.15%,$0.15B,$-0.04B,-27.15%,$0.15B,$-0.01B,-4.64%,$0.15B,$-0.04B,-28.48%,$0.15B,$-0.08B,-52.98%,$-0.08B,$0.17B,-40.46%,$-0.08B,$0.14B,-56.94%,$-0.08B,$0.22B,-31.71%,$-0.04B,$0.19B,-18.85%,$38,$27,$11,$0,$14,$42,$-4,$-0,$-4,$-0,$-4,$-4,$-4,$-3,$-4,$31,31,$-0.13,$-0.13,$96,$46,$0,$175,$11,$0,$34,$2,$46,$221,$20,$20,$2,$31,$51,$0,$-303,$-1,$171,$221,$-4,$1,$0,$1,$-0,$6,$0,$-1,$4,$1,$-1,$0,$-1,$0,$0,$0,$0,$-2,$0,$0,$0,$-2,$-2,$0,$0,$-2,$-2,$0,$0
11,2015-12-31,4.41,$5.59,0.79,$4.75,0.93,$-0.15,0.0,$-2.33,0.0,$0.18B,$0.02B,8.42,$0.02B,$0.17B,0.12,$0.16B,$0.06B,35.48%,$0.16B,$-0.04B,-24.52%,$0.16B,$-0.04B,-24.52%,$0.16B,$-0.00B,-1.94%,$0.16B,$-0.04B,-26.45%,$0.16B,$-0.08B,-50.32%,$-0.08B,$0.17B,-35.78%,$-0.08B,$0.14B,-53.89%,$-0.08B,$0.23B,-28.65%,$-0.04B,$0.20B,-16.00%,$44,$29,$15,$0,$15,$75,$-31,$-1,$-32,$0,$-32,$-32,$-21,$-2,$-31,$33,33,$-0.64,$-0.64,$98,$51,$0,$181,$11,$0,$34,$2,$46,$227,$21,$20,$2,$31,$52,$0,$-301,$-1,$174,$227,$-78,$35,$43,$78,$2,$-1,$0,$-0,$3,$4,$-2,$0,$61,$0,$0,$0,$0,$58,$2,$0,$2,$-7,$-7,$0,$0,$-5,$57,$0,$0
12,2015-09-30,6.27,$6.03,1.04,$4.48,1.4,$-1.16,0.0,$-1.69,0.0,$0.19B,$0.04B,4.87,$0.02B,$0.20B,0.1,$0.15B,$0.05B,34.93%,$0.15B,$-0.01B,-4.11%,$0.15B,$-0.01B,-4.11%,$0.15B,$0.00B,1.37%,$0.15B,$-0.01B,-6.16%,$0.15B,$-0.06B,-39.04%,$-0.06B,$0.20B,-23.87%,$-0.06B,$0.13B,-36.19%,$-0.06B,$0.26B,-19.35%,$-0.01B,$0.22B,-2.33%,$39,$25,$14,$0,$14,$40,$-1,$-0,$-1,$50,$-51,$-51,$-50,$2,$-1,$33,33,$-1.52,$-1.52,$36,$54,$60,$187,$12,$0,$63,$2,$77,$264,$38,$20,$2,$28,$67,$0,$-278,$-8,$198,$264,$-57,$6,$50,$56,$-1,$-4,$0,$-1,$-4,$-5,$-2,$0,$0,$0,$0,$0,$0,$-2,$2,$0,$2,$0,$0,$0,$0,$3,$-5,$1,$0
13,2015-06-30,9.22,$7.56,1.22,$4.64,1.99,$-1.97,0.0,$0.41,22.48,$0.14B,$0.02B,5.96,$0.02B,$0.25B,0.08,$0.15B,$0.05B,35.76%,$0.15B,$-0.01B,-3.97%,$0.15B,$-0.01B,-3.97%,$0.15B,$0.00B,1.32%,$0.15B,$-0.01B,-6.62%,$0.15B,$0.01B,8.61%,$0.01B,$0.25B,5.11%,$0.01B,$0.15B,8.00%,$0.01B,$0.30B,4.18%,$-0.01B,$0.27B,-2.20%,$30,$20,$11,$0,$14,$35,$-5,$-1,$-6,$-2,$-4,$-4,$-5,$-4,$-5,$33,33,$-0.17,$-0.17,$44,$62,$0,$144,$14,$0,$98,$2,$153,$297,$24,$19,$2,$25,$50,$0,$-230,$-6,$248,$297,$-7,$3,$-1,$2,$13,$2,$0,$-1,$11,$6,$-2,$0,$0,$0,$0,$0,$0,$-2,$-1,$0,$-1,$0,$0,$0,$0,$-1,$3,$1,$0
14,2015-03-31,9.43,$7.69,1.23,$4.78,1.97,$-2.38,0.0,$0.43,21.93,$0.15B,$0.03B,6.19,$0.02B,$0.25B,0.08,$0.16B,$0.06B,35.48%,$0.16B,$-0.01B,-4.52%,$0.16B,$-0.01B,-4.52%,$0.16B,$0.00B,1.29%,$0.16B,$-0.01B,-6.45%,$0.16B,$0.01B,8.39%,$0.01B,$0.25B,5.15%,$0.01B,$0.15B,8.28%,$0.01B,$0.30B,4.09%,$-0.01B,$0.27B,-2.59%,$42,$27,$15,$0,$15,$43,$-1,$-1,$-2,$-0,$-2,$-2,$-2,$1,$-1,$33,33,$-0.05,$-0.05,$37,$60,$0,$152,$14,$0,$97,$2,$150,$301,$25,$19,$2,$25,$50,$0,$-225,$-7,$252,$301,$-2,$2,$1,$2,$3,$4,$0,$-2,$-3,$-3,$-1,$0,$0,$0,$0,$0,$0,$-1,$-1,$0,$-1,$0,$0,$0,$0,$-0,$-4,$0,$0
15,2014-12-31,8.73,$7.86,1.11,$4.87,1.79,$-2.51,0.0,$0.44,19.84,$0.16B,$0.03B,4.87,$0.02B,$0.26B,0.07,$0.16B,$0.06B,36.31%,$0.16B,$-0.01B,-6.37%,$0.16B,$-0.01B,-6.37%,$0.16B,$-0.00B,-0.64%,$0.16B,$-0.01B,-8.28%,$0.16B,$0.01B,8.92%,$0.01B,$0.26B,5.58%,$0.01B,$0.19B,9.72%,$0.01B,$0.32B,4.33%,$-0.01B,$0.28B,-3.63%,$35,$24,$11,$0,$9,$34,$1,$-1,$0,$1,$-1,$-1,$-0,$3,$1,$33,33,$-0.01,$-0.01,$40,$57,$21,$159,$12,$0,$65,$42,$157,$316,$33,$19,$7,$26,$58,$0,$-223,$-2,$257,$316,$14,$9,$-31,$-22,$-8,$-21,$0,$2,$-22,$-29,$-3,$0,$81,$-10,$0,$-10,$0,$68,$-16,$0,$-16,$1,$1,$0,$2,$-13,$27,$2,$0
16,2014-09-30,7.54,$7.96,0.95,$5.60,1.35,$-1.45,0.0,$0.46,16.4,$0.16B,$0.05B,3.53,$0.02B,$0.26B,0.07,$0.18B,$0.07B,37.91%,$0.18B,$-0.01B,-5.49%,$0.18B,$-0.01B,-5.49%,$0.18B,$-0.00B,-0.55%,$0.18B,$-0.01B,-7.14%,$0.18B,$0.02B,8.24%,$0.02B,$0.26B,6.04%,$0.02B,$0.15B,12.35%,$0.02B,$0.33B,4.62%,$-0.01B,$0.28B,-3.61%,$44,$27,$17,$0,$16,$45,$-1,$-1,$-2,$-1,$-1,$-1,$20,$2,$-1,$33,33,$0.63,$0.63,$43,$68,$0,$162,$14,$0,$107,$2,$168,$330,$46,$18,$2,$24,$70,$0,$-223,$1,$260,$330,$14,$7,$-21,$-14,$-12,$-25,$0,$2,$-32,$-31,$-2,$0,$81,$0,$0,$0,$0,$79,$-13,$0,$-13,$1,$1,$0,$2,$-10,$38,$1,$0
17,2014-06-30,11.19,$7.38,1.52,$5.63,1.99,$-0.58,0.0,$-0.21,0.0,$0.14B,$0.06B,2.37,$0.02B,$0.24B,0.08,$0.18B,$0.07B,36.81%,$0.18B,$-0.01B,-7.14%,$0.18B,$-0.01B,-7.14%,$0.18B,$-0.01B,-2.75%,$0.18B,$-0.02B,-8.24%,$0.18B,$-0.01B,-3.30%,$-0.01B,$0.24B,-2.45%,$-0.01B,$0.13B,-5.57%,$-0.01B,$0.33B,-1.85%,$-0.01B,$0.26B,-4.66%,$34,$22,$12,$0,$18,$40,$-6,$-0,$-6,$-2,$-4,$-4,$-5,$-4,$-6,$33,33,$-0.15,$-0.15,$5,$57,$44,$143,$17,$0,$112,$2,$181,$325,$60,$18,$2,$24,$84,$0,$-244,$5,$240,$325,$-6,$4,$-1,$2,$4,$-11,$0,$-1,$-4,$-8,$-1,$0,$0,$0,$0,$0,$0,$-1,$9,$0,$9,$1,$1,$0,$0,$9,$0,$1,$0
18,2014-03-31,12.2,$7.58,1.61,$5.49,2.22,$-0.27,0.0,$-0.13,0.0,$0.11B,$0.03B,4.18,$0.04B,$0.25B,0.18,$0.18B,$0.07B,37.29%,$0.18B,$-0.01B,-7.34%,$0.18B,$-0.01B,-7.34%,$0.18B,$-0.00B,-2.26%,$0.18B,$-0.02B,-8.47%,$0.18B,$-0.00B,-1.69%,$-0.00B,$0.25B,-1.22%,$-0.00B,$0.10B,-2.99%,$-0.00B,$0.32B,-0.94%,$-0.01B,$0.29B,-4.58%,$44,$28,$17,$0,$21,$49,$-4,$-1,$-5,$-2,$-3,$-3,$-1,$-2,$-4,$32,32,$-0.04,$-0.04,$4,$52,$0,$108,$17,$0,$144,$2,$215,$323,$26,$43,$2,$51,$77,$0,$-239,$6,$246,$323,$-1,$2,$-2,$1,$-4,$2,$0,$0,$-6,$-7,$-1,$0,$0,$0,$0,$0,$0,$-1,$7,$0,$7,$0,$0,$0,$0,$7,$-0,$0,$0
19,2013-12-31,13.3,$7.62,1.75,$5.72,2.32,$-0.06,0.0,$-0.19,0.0,$0.11B,$0.03B,3.64,$0.04B,$0.25B,0.15,$0.18B,$0.07B,36.96%,$0.18B,$-0.01B,-5.98%,$0.18B,$-0.01B,-5.98%,$0.18B,$-0.00B,-1.09%,$0.18B,$-0.01B,-7.07%,$0.18B,$-0.01B,-2.72%,$-0.01B,$0.25B,-2.04%,$-0.01B,$0.10B,-5.01%,$-0.01B,$0.32B,-1.57%,$-0.01B,$0.28B,-3.89%,$60,$37,$23,$0,$21,$59,$1,$-1,$0,$-0,$1,$1,$1,$3,$1,$32,33,$0.02,$0.02,$4,$54,$0,$106,$17,$0,$145,$2,$215,$321,$29,$36,$2,$45,$74,$0,$-237,$7,$247,$321,$-6,$8,$2,$11,$-9,$7,$0,$-0,$3,$7,$-4,$-1,$0,$0,$0,$0,$0,$-5,$-4,$0,$-4,$1,$1,$0,$0,$-3,$-1,$3,$0
20,2013-09-30,12.13,$7.63,1.59,$5.44,2.23,$-0.44,0.0,$-0.19,0.0,$0.11B,$0.03B,3.35,$0.04B,$0.25B,0.16,$0.17B,$0.06B,36.42%,$0.17B,$-0.01B,-8.09%,$0.17B,$-0.01B,-8.09%,$0.17B,$-0.01B,-3.47%,$0.17B,$-0.02B,-9.25%,$0.17B,$-0.01B,-2.89%,$-0.01B,$0.25B,-2.04%,$-0.01B,$0.10B,-5.03%,$-0.01B,$0.33B,-1.57%,$-0.01B,$0.29B,-4.95%,$44,$29,$15,$0,$19,$48,$-4,$-0,$-4,$-1,$-4,$-4,$-1,$-2,$-4,$32,32,$-0.04,$-0.04,$4,$57,$0,$113,$17,$0,$146,$2,$215,$328,$34,$40,$2,$49,$82,$0,$-238,$6,$245,$328,$-7,$6,$1,$7,$-12,$4,$0,$2,$-2,$-2,$-3,$-1,$0,$0,$0,$0,$0,$-4,$5,$0,$5,$1,$1,$0,$0,$5,$-1,$2,$0
21,2013-06-30,9.37,$7.61,1.23,$5.60,1.67,$-0.66,0.0,$-0.13,0.0,$0.10B,$0.03B,3.89,$0.03B,$0.24B,0.14,$0.18B,$0.07B,37.08%,$0.18B,$-0.01B,-4.49%,$0.18B,$-0.01B,-4.49%,$0.18B,0,0.00%,$0.18B,$-0.01B,-6.18%,$0.18B,$-0.00B,-1.69%,$-0.00B,$0.24B,-1.22%,$-0.00B,$0.10B,-2.95%,$-0.00B,$0.31B,-0.95%,$-0.01B,$0.28B,-2.89%,$29,$19,$11,$0,$16,$35,$-6,$-0,$-6,$-2,$-4,$-4,$-2,$-3,$-6,$32,32,$-0.07,$-0.07,$2,$57,$0,$98,$18,$0,$144,$2,$213,$311,$25,$34,$2,$43,$68,$0,$-237,$4,$243,$311,$-5,$4,$-0,$4,$-0,$4,$0,$1,$5,$4,$-3,$-1,$0,$0,$0,$0,$0,$-3,$-4,$0,$-4,$1,$1,$0,$0,$-3,$-3,$1,$0
22,2013-03-31,9.09,$7.72,1.18,$5.72,1.59,$-0.73,0.0,$-0.12,0.0,$0.10B,$0.02B,4.37,$0.04B,$0.25B,0.16,$0.18B,$0.07B,37.02%,$0.18B,$-0.00B,-2.21%,$0.18B,$-0.00B,-2.21%,$0.18B,$0.00B,1.10%,$0.18B,$-0.01B,-4.42%,$0.18B,$-0.00B,-1.66%,$-0.00B,$0.25B,-1.23%,$-0.00B,$0.10B,-2.62%,$-0.00B,$0.32B,-0.98%,$-0.00B,$0.29B,-1.48%,$51,$32,$19,$0,$21,$53,$-2,$-1,$-3,$-0,$-3,$-3,$-3,$0,$-2,$32,32,$-0.10,$-0.10,$4,$55,$0,$102,$18,$0,$146,$2,$215,$317,$23,$39,$2,$49,$72,$0,$-234,$6,$245,$317,$-3,$2,$-0,$2,$-5,$5,$0,$1,$1,$0,$-1,$-1,$0,$0,$0,$0,$0,$-2,$1,$0,$1,$0,$0,$0,$0,$1,$-1,$0,$0
23,2012-12-31,8.18,$7.81,1.05,$5.90,1.39,$-0.74,0.0,$0.08,102.26,$0.11B,$0.03B,3.99,$0.04B,$0.25B,0.15,$0.18B,$0.07B,38.07%,$0.18B,$0.00B,1.70%,$0.18B,$0.00B,1.70%,$0.18B,$0.01B,4.55%,$0.18B,$-0.00B,-0.57%,$0.18B,$0.00B,1.70%,$0.00B,$0.25B,1.24%,$0.00B,$0.10B,2.35%,$0.00B,$0.32B,1.02%,$0.00B,$0.28B,1.14%,$49,$31,$18,$0,$19,$51,$-2,$-1,$-3,$-3,$1,$1,$1,$-1,$-2,$31,32,$0.02,$0.02,$5,$61,$0,$105,$18,$0,$147,$2,$216,$321,$26,$36,$2,$47,$73,$0,$-231,$6,$248,$321,$2,$6,$0,$6,$-5,$-2,$0,$-3,$-12,$-3,$-5,$0,$-50,$0,$0,$0,$0,$-56,$-3,$0,$-3,$65,$65,$0,$0,$62,$3,$2,$0
24,2012-09-30,8.75,$7.77,1.13,$6.00,1.46,$-0.81,0.0,$0.22,39.77,$0.12B,$0.05B,2.4,$0.02B,$0.24B,0.07,$0.16B,$0.06B,38.65%,$0.16B,$0.01B,3.68%,$0.16B,$0.01B,3.68%,$0.16B,$0.01B,7.36%,$0.16B,$0.00B,1.23%,$0.16B,$0.01B,3.68%,$0.01B,$0.24B,2.70%,$0.01B,$0.11B,4.86%,$0.01B,$0.31B,2.22%,$0.01B,$0.26B,2.46%,$49,$30,$18,$0,$16,$47,$2,$-0,$1,$1,$1,$1,$1,$4,$2,$31,32,$0.02,$0.02,$14,$65,$0,$118,$16,$0,$135,$2,$193,$311,$49,$16,$2,$18,$67,$0,$-232,$5,$244,$311,$1,$5,$3,$8,$-9,$-9,$0,$0,$-17,$-8,$-4,$0,$-40,$0,$0,$0,$0,$-44,$1,$0,$1,$63,$63,$0,$0,$64,$12,$1,$0
25,2012-06-30,9.43,$7.66,1.23,$6.37,1.48,$-0.94,0.0,$0.25,37.71,$0.12B,$0.02B,7.41,$0.02B,$0.24B,0.08,$0.16B,$0.06B,39.10%,$0.16B,$0.01B,4.49%,$0.16B,$0.01B,4.49%,$0.16B,$0.01B,7.69%,$0.16B,$0.00B,1.92%,$0.16B,$0.01B,3.85%,$0.01B,$0.24B,2.95%,$0.01B,$0.15B,5.14%,$0.01B,$0.27B,2.40%,$0.01B,$0.25B,3.03%,$32,$19,$12,$0,$13,$34,$-2,$-1,$-3,$-1,$-2,$-2,$-2,$-1,$-2,$31,31,$-0.06,$-0.06,$43,$53,$0,$121,$15,$0,$86,$1,$150,$271,$16,$18,$1,$19,$35,$0,$-233,$2,$236,$271,$1,$2,$2,$4,$3,$-6,$0,$0,$-3,$2,$-3,$0,$0,$0,$0,$0,$0,$-3,$-21,$0,$-21,$63,$63,$0,$0,$42,$41,$1,$0
26,2012-03-31,9.24,$7.75,1.19,$6.63,1.39,$-1.00,0.0,$0.27,34.22,$0.12B,$0.02B,7.46,$0.02B,$0.24B,0.06,$0.15B,$0.06B,39.47%,$0.15B,$0.01B,5.26%,$0.15B,$0.01B,5.26%,$0.15B,$0.01B,8.55%,$0.15B,$0.01B,3.29%,$0.15B,$0.01B,4.61%,$0.01B,$0.24B,3.76%,$0.01B,$0.15B,7.12%,$0.01B,$0.27B,2.96%,$0.01B,$0.25B,3.69%,$46,$28,$19,$0,$14,$42,$5,$-0,$4,$2,$3,$3,$3,$6,$5,$26,26,$0.10,$0.10,$42,$45,$0,$120,$15,$0,$87,$1,$150,$270,$16,$15,$1,$16,$33,$0,$-231,$3,$238,$270,$3,$1,$2,$3,$-7,$2,$0,$1,$-5,$1,$-2,$0,$0,$0,$0,$0,$0,$-2,$-22,$0,$-22,$63,$63,$0,$0,$40,$39,$0,$0
27,2011-12-31,7.45,$7.91,0.94,$6.62,1.12,$-1.01,0.0,$0.22,33.88,$0.08B,$0.02B,4.53,$0.04B,$0.17B,0.22,$0.15B,$0.06B,38.62%,$0.15B,$0.01B,3.45%,$0.15B,$0.01B,3.45%,$0.15B,$0.01B,6.90%,$0.15B,$0.00B,2.07%,$0.15B,$0.01B,3.45%,$0.01B,$0.17B,2.98%,$0.01B,$0.09B,6.31%,$0.01B,$0.23B,2.24%,$0.01B,$0.21B,2.46%,$36,$22,$14,$0,$13,$35,$1,$-1,$0,$-3,$4,$4,$4,$3,$1,$22,22,$0.16,$0.16,$2,$47,$0,$77,$14,$0,$87,$1,$151,$228,$17,$37,$1,$39,$56,$0,$-233,$3,$172,$228,$5,$6,$1,$6,$-2,$-12,$0,$1,$-16,$-5,$-3,$0,$0,$0,$0,$0,$0,$-3,$7,$0,$7,$0,$0,$0,$0,$7,$-0,$3,$0
28,2011-09-30,6.51,$7.71,0.84,$6.69,0.97,$-1.45,0.0,$0.04,162.63,$0.08B,$0.02B,3.98,$0.04B,$0.17B,0.24,$0.14B,$0.05B,37.76%,$0.14B,$0.00B,2.10%,$0.14B,$0.00B,2.10%,$0.14B,$0.01B,4.90%,$0.14B,$0.00B,1.40%,$0.14B,$0.00B,0.70%,$0.00B,$0.17B,0.60%,$0.00B,$0.08B,1.30%,$0.00B,$0.23B,0.46%,$0.00B,$0.21B,1.51%,$42,$26,$16,$0,$13,$39,$3,$-1,$2,$1,$1,$1,$1,$4,$3,$22,22,$0.05,$0.05,$2,$45,$0,$80,$15,$0,$87,$1,$148,$229,$20,$40,$1,$41,$61,$0,$-237,$3,$168,$229,$1,$3,$4,$7,$-8,$-9,$0,$-0,$-18,$-9,$-2,$0,$0,$0,$0,$0,$0,$-2,$10,$0,$10,$0,$0,$0,$0,$10,$-1,$3,$0
29,2011-06-30,7.86,$7.63,1.03,$6.35,1.24,$-1.92,0.0,$-0.16,0.0,$0.07B,$0.02B,3.31,$0.03B,$0.17B,0.19,$0.14B,$0.05B,35.56%,$0.14B,$-0.00B,-1.48%,$0.14B,$-0.00B,-1.48%,$0.14B,$0.00B,1.48%,$0.14B,$-0.01B,-3.70%,$0.14B,$-0.00B,-2.22%,$-0.00B,$0.17B,-1.83%,$-0.00B,$0.08B,-3.95%,$-0.00B,$0.22B,-1.39%,$-0.00B,$0.20B,-1.02%,$28,$17,$11,$0,$12,$29,$-1,$-0,$-1,$-0,$-1,$-1,$-1,$0,$-1,$22,22,$-0.04,$-0.04,$2,$44,$0,$68,$15,$0,$90,$1,$150,$218,$21,$31,$1,$32,$52,$0,$-238,$2,$166,$218,$0,$2,$3,$5,$3,$-8,$0,$-0,$-5,$0,$-2,$0,$0,$0,$0,$0,$0,$-2,$1,$0,$1,$0,$0,$0,$0,$1,$-1,$2,$0
30,2011-03-31,6.86,$7.60,0.9,$5.46,1.26,$-2.33,0.0,$2.91,2.36,$0.07B,$0.02B,3.82,$0.03B,$0.17B,0.2,$0.12B,$0.04B,33.91%,$0.12B,$-0.01B,-10.43%,$0.12B,$-0.01B,-10.43%,$0.12B,$-0.01B,-7.83%,$0.12B,$-0.02B,-13.04%,$0.12B,$0.06B,47.83%,$0.06B,$0.17B,33.64%,$0.06B,$0.08B,72.13%,$0.06B,$0.22B,25.79%,$-0.01B,$0.20B,-6.22%,$39,$24,$15,$0,$12,$37,$2,$-0,$2,$1,$1,$1,$1,$3,$2,$22,22,$0.05,$0.05,$5,$33,$0,$66,$15,$0,$90,$1,$150,$217,$17,$33,$1,$34,$51,$0,$-237,$2,$165,$217,$1,$1,$1,$2,$-4,$2,$0,$1,$-3,$0,$-1,$0,$0,$0,$0,$0,$0,$-1,$3,$0,$3,$0,$0,$0,$0,$3,$2,$1,$0
31,2010-12-31,7.89,$7.49,1.05,$3.68,2.14,$-2.38,0.0,$2.72,2.9,$0.06B,$0.02B,3.21,$0.03B,$0.16B,0.18,$0.08B,$0.02B,31.58%,$0.08B,$-0.02B,-21.05%,$0.08B,$-0.02B,-21.05%,$0.08B,$-0.01B,-18.42%,$0.08B,$-0.02B,-25.00%,$0.08B,$0.05B,68.42%,$0.05B,$0.16B,36.62%,$0.05B,$0.08B,67.31%,$0.05B,$0.21B,29.01%,$-0.02B,$0.19B,-9.80%,$34,$22,$12,$0,$12,$35,$-1,$-0,$-1,$-0,$-0,$-0,$-0,$0,$-1,$20,20,$-0.21,$-0.18,$3,$35,$0,$63,$15,$0,$88,$1,$150,$213,$20,$29,$1,$30,$50,$0,$-238,$2,$163,$213,$51,$3,$-65,$-62,$-4,$-3,$0,$0,$-3,$-14,$-2,$0,$-83,$24,$0,$24,$0,$-61,$15,$0,$15,$4,$4,$0,$0,$19,$-56,$5,$0
32,2010-09-30,6.53,$7.47,0.88,$1.97,3.32,$-1.81,0.0,$2.59,2.52,$0.06B,$0.02B,3.43,$0.03B,$0.16B,0.2,$0.04B,$0.01B,28.57%,$0.04B,$-0.02B,-42.86%,$0.04B,$-0.02B,-42.86%,$0.04B,$-0.02B,-40.48%,$0.04B,$-0.02B,-47.62%,$0.04B,$0.05B,119.05%,$0.05B,$0.16B,41.07%,$0.05B,$0.08B,63.29%,$0.05B,$0.22B,34.01%,$-0.02B,$0.20B,-13.26%,$34,$24,$10,$0,$11,$36,$-2,$-2,$-5,$-1,$-3,$-3,$-3,$-1,$-2,$22,22,$-0.15,$-0.15,$2,$33,$0,$64,$14,$0,$85,$1,$153,$217,$19,$33,$1,$36,$55,$0,$-238,$1,$162,$217,$52,$2,$-65,$-63,$-10,$-1,$0,$-0,$-9,$-21,$-1,$0,$-83,$24,$0,$24,$0,$-59,$19,$0,$19,$4,$4,$0,$0,$23,$-57,$4,$0
33,2010-06-30,6.88,$7.56,0.91,$0.41,16.83,$-0.96,0.0,$2.69,2.56,$0.05B,$0.02B,3.37,$0.02B,$0.16B,0.14,$0.01B,$0.00B,25.00%,$0.01B,$-0.02B,-212.50%,$0.01B,$-0.02B,-212.50%,$0.01B,$-0.02B,-212.50%,$0.01B,$-0.02B,-200.00%,$0.01B,$0.05B,650.00%,$0.05B,$0.16B,50.86%,$0.05B,$0.08B,64.60%,$0.05B,$0.21B,45.61%,$-0.02B,$0.19B,-15.74%,$8,$6,$2,$0,$7,$19,$-11,$-0,$-11,$-68,$57,$57,$57,$-11,$-11,$19,19,$3.08,$3.03,$3,$31,$0,$52,$14,$0,$87,$0,$153,$206,$16,$23,$1,$26,$42,$0,$-234,$1,$164,$206,$55,$1,$-64,$-64,$1,$-1,$0,$-1,$-1,$-9,$-0,$0,$-83,$24,$0,$24,$0,$-59,$10,$0,$10,$3,$3,$0,$0,$13,$-55,$4,$0
34,2010-03-31,4.79,$4.57,1.05,0,0.0,$-0.56,0.0,$-0.39,0.0,$0.08B,$0.00B,53.81,$0.00B,$0.08B,0.0,$0.00B,0,nan%,$0.00B,$-0.01B,inf%,$0.00B,$-0.01B,inf%,$0.00B,$-0.01B,inf%,$0.00B,$-0.01B,inf%,$0.00B,$-0.01B,inf%,$-0.01B,$0.08B,-7.27%,$-0.01B,$0.08B,-7.27%,$-0.01B,$0.08B,-7.16%,$-0.01B,$0.08B,-8.48%,$0,$0,$0,$0,$1,$2,$-2,$0,$-2,$0,$-2,$-2,$-2,$-2,$-2,$17,17,$-0.14,$-0.14,$81,$0,$0,$81,$1,$0,$0,$0,$1,$81,$2,$0,$0,$0,$2,$0,$-292,$0,$79,$81,$-2,$0,$0,$0,$1,$0,$0,$0,$0,$-2,$-0,$0,$0,$0,$0,$0,$0,$0,$0,$0,$0,$0,$0,$0,$0,$0,$-1,$0,$0
35,2009-12-31,4.24,$4.70,0.9,0,0.0,$-0.51,0.0,$-0.29,0.0,$0.08B,$0.00B,48.51,$0.00B,$0.08B,0.0,$0.00B,0,nan%,$0.00B,$-0.01B,inf%,$0.00B,$-0.01B,inf%,$0.00B,$-0.01B,inf%,$0.00B,$-0.01B,inf%,$0.00B,$-0.01B,inf%,$-0.01B,$0.08B,-5.93%,$-0.01B,$0.08B,-5.93%,$-0.01B,$0.08B,-5.88%,$-0.01B,$0.08B,-7.12%,$0,$0,$0,$0,$1,$3,$-3,$0,$-2,$0,$-2,$-2,$-2,$-3,$-3,$17,17,$-0.15,$-0.15,$82,$0,$0,$83,$1,$0,$0,$0,$1,$84,$2,$0,$0,$0,$2,$0,$-289,$0,$82,$84,$-5,$-0,$0,$0,$0,$0,$0,$-1,$1,$-4,$-0,$0,$0,$43,$0,$43,$0,$43,$0,$0,$0,$0,$0,$0,$0,$0,$39,$0,$0
36,2009-09-30,4.39,$4.82,0.91,0,0.0,$-0.50,0.0,$-0.17,0.0,$0.08B,$0.00B,263.21,$0.00B,$0.08B,0.0,$0.00B,0,nan%,$0.00B,$-0.00B,inf%,$0.00B,$-0.00B,inf%,$0.00B,$-0.01B,inf%,$0.00B,$-0.00B,inf%,$0.00B,$-0.00B,inf%,$-0.00B,$0.08B,-3.52%,$-0.00B,$0.08B,-3.52%,$-0.00B,$0.09B,-3.50%,$-0.00B,$0.08B,-4.69%,$0,$0,$0,$0,$1,$1,$-1,$0,$-1,$0,$-1,$-1,$-1,$-1,$-1,$17,17,$-0.05,$-0.05,$84,$0,$0,$84,$1,$0,$0,$0,$1,$85,$0,$0,$0,$0,$1,$0,$-287,$0,$84,$85,$-2,$0,$0,$0,$0,$0,$0,$-0,$-0,$-2,$-0,$0,$0,$42,$0,$42,$0,$42,$0,$0,$0,$0,$0,$0,$0,$0,$40,$0,$0
37,2009-06-30,3.78,$4.88,0.77,0,0.0,$-0.51,0.0,$-0.16,0.0,$0.08B,$0.00B,675.94,$0.00B,$0.09B,0.0,$0.00B,0,nan%,$0.00B,$-0.00B,inf%,$0.00B,$-0.00B,inf%,$0.00B,$-0.01B,inf%,$0.00B,$-0.00B,inf%,$0.00B,$-0.00B,inf%,$-0.00B,$0.09B,-3.50%,$-0.00B,$0.09B,-3.50%,$-0.00B,$0.09B,-3.48%,$-0.00B,$0.09B,-4.66%,$0,$0,$0,$0,$1,$1,$-1,$0,$-1,$0,$-1,$-1,$-1,$-1,$-1,$17,17,$-0.05,$-0.05,$84,$0,$0,$84,$1,$0,$0,$0,$1,$85,$0,$0,$0,$0,$1,$0,$-286,$0,$85,$85,$-2,$0,$0,$0,$0,$0,$0,$-0,$-0,$-2,$-0,$0,$0,$48,$0,$48,$0,$48,$0,$0,$0,$0,$0,$0,$0,$0,$46,$0,$0
38,2009-03-31,3.84,$4.93,0.78,0,0.0,$-0.52,0.0,$-0.16,0.0,$0.09B,$0.00B,453.57,$0.00B,$0.09B,0.0,$0.00B,0,nan%,$0.00B,$-0.00B,inf%,$0.00B,$-0.00B,inf%,$0.00B,$-0.01B,inf%,$0.00B,$-0.00B,inf%,$0.00B,$-0.00B,inf%,$-0.00B,$0.09B,-3.48%,$-0.00B,$0.09B,-3.48%,$-0.00B,$0.09B,-3.45%,$-0.00B,$0.09B,-4.64%,$0,$0,$0,$0,$1,$1,$-1,$0,$-1,$0,$-1,$-1,$-1,$-1,$-1,$17,17,$-0.04,$-0.04,$85,$0,$0,$85,$1,$0,$0,$0,$1,$86,$0,$0,$0,$0,$1,$0,$-285,$0,$86,$86,$-1,$-0,$0,$-0,$0,$0,$0,$-0,$-0,$-1,$-0,$0,$0,$38,$0,$38,$0,$38,$0,$0,$0,$0,$0,$0,$0,$0,$37,$0,$0
39,2008-12-31,4.24,$4.97,0.85,0,0.0,$-0.51,0.0,$-0.14,0.0,$0.09B,$0.00B,224.92,$0.00B,$0.09B,0.0,$0.00B,0,nan%,$0.00B,$-0.00B,inf%,$0.00B,$-0.00B,inf%,$0.00B,$-0.01B,inf%,$0.00B,$-0.00B,inf%,$0.00B,$-0.00B,inf%,$-0.00B,$0.09B,-2.31%,$-0.00B,$0.09B,-2.31%,$-0.00B,$0.09B,-2.29%,$-0.00B,$0.09B,-4.61%,$0,$0,$0,$0,$1,$1,$-1,$1,$-0,$0,$-0,$-0,$-0,$-2,$-1,$17,17,$-0.03,$-0.03,$86,$0,$0,$86,$1,$0,$0,$0,$1,$87,$0,$0,$0,$0,$1,$0,$-285,$0,$86,$87,$-2,$-2,$1,$-1,$0,$0,$0,$0,$-0,$-3,$-0,$0,$0,$-19,$0,$-19,$0,$-19,$0,$0,$0,$0,$0,$0,$0,$0,$-23,$1,$0
40,2008-09-30,5.14,$4.97,1.03,0,0.0,$-0.40,0.0,$-0.12,0.0,$0.09B,$0.00B,153.21,$0.00B,$0.09B,0.0,$0.00B,0,nan%,$0.00B,$-0.00B,inf%,$0.00B,$-0.00B,inf%,$0.00B,$-0.01B,inf%,$0.00B,$-0.00B,inf%,$0.00B,$-0.00B,inf%,$-0.00B,$0.09B,-2.29%,$-0.00B,$0.09B,-2.29%,$-0.00B,$0.09B,-2.27%,$-0.00B,$0.09B,-4.58%,$0,$0,$0,$0,$1,$1,$-1,$1,$-1,$0,$-1,$-1,$-1,$-1,$-1,$17,17,$-0.04,$-0.04,$86,$0,$0,$86,$1,$0,$0,$0,$1,$87,$1,$0,$0,$0,$1,$0,$-284,$-0,$86,$87,$-2,$-1,$0,$-1,$0,$0,$0,$0,$0,$-3,$-0,$0,$0,$-27,$0,$-27,$0,$-27,$0,$0,$0,$0,$0,$0,$0,$0,$-30,$0,$0
41,2008-06-30,5.59,$5.00,1.12,0,0.0,$-0.32,0.0,$-0.08,0.0,$0.09B,$0.00B,202.08,$0.00B,$0.09B,0.0,$0.00B,0,nan%,$0.00B,$-0.00B,inf%,$0.00B,$-0.00B,inf%,$0.00B,$-0.01B,inf%,$0.00B,$-0.00B,inf%,$0.00B,$-0.00B,inf%,$-0.00B,$0.09B,-1.14%,$-0.00B,$0.09B,-1.14%,$-0.00B,$0.09B,-1.13%,$-0.00B,$0.09B,-4.57%,$0,$0,$0,$0,$1,$1,$-1,$1,$-1,$0,$-1,$-1,$-1,$-1,$-1,$17,17,$-0.05,$-0.05,$86,$0,$0,$86,$1,$0,$0,$0,$1,$88,$0,$0,$0,$0,$1,$0,$-283,$-0,$87,$88,$-1,$-0,$0,$-0,$0,$0,$0,$0,$-0,$-2,$-0,$0,$0,$-23,$0,$-23,$0,$-23,$0,$0,$0,$0,$0,$0,$0,$0,$-25,$0,$0
42,2008-03-31,6.41,$5.04,1.27,0,0.0,$-0.27,0.0,$-0.03,0.0,$0.09B,$0.00B,235.24,$0.00B,$0.09B,0.0,$0.00B,0,nan%,$0.00B,$-0.00B,inf%,$0.00B,$-0.00B,inf%,$0.00B,$-0.01B,inf%,$0.00B,0,nan%,$0.00B,0,nan%,$0.00B,$0.09B,0.00%,$0.00B,$0.09B,0.00%,$0.00B,$0.09B,0.00%,$-0.00B,$0.09B,-4.58%,$0,$0,$0,$0,$1,$1,$-1,$1,$-0,$0,$-0,$-0,$-0,$-2,$-1,$17,17,$-0.02,$-0.02,$87,$0,$0,$87,$1,$0,$0,$0,$1,$88,$0,$0,$0,$0,$1,$0,$-283,$0,$88,$88,$-0,$-0,$0,$-0,$0,$0,$0,$0,$-0,$-1,$0,$0,$0,$-19,$0,$-19,$0,$-19,$0,$0,$0,$0,$0,$0,$0,$0,$-19,$0,$0
43,2007-12-31,5.89,$5.05,1.17,0,0.0,$-0.24,0.0,0,0.0,$0.09B,$0.00B,141.26,$0.00B,$0.09B,0.0,$0.00B,0,nan%,$0.00B,$-0.00B,inf%,$0.00B,$-0.00B,inf%,$0.00B,$-0.01B,inf%,$0.00B,0,nan%,$0.00B,0,nan%,$0.00B,$0.09B,0.00%,$0.00B,$0.09B,0.00%,$0.00B,$0.09B,0.00%,$-0.00B,$0.09B,-4.61%,$0,$0,$0,$0,$1,$1,$-1,$1,$-0,$0,$-0,$-0,$-0,$-2,$-1,$17,17,$0.00,$0.00,$87,$0,$0,$87,$1,$0,$0,$0,$1,$89,$1,$0,$0,$0,$1,$0,$-282,$0,$88,$89,$0,$-2,$0,$-2,$0,$0,$0,$0,$0,$-2,$-0,$0,$0,$40,$0,$40,$0,$40,$0,$0,$0,$1,$1,$0,$0,$1,$40,$0,$0
44,2007-09-30,6.73,$5.05,1.33,0,0.0,$-0.33,0.0,$0.01,673.45,$0.09B,$0.00B,157.27,$0.00B,$0.09B,0.0,$0.00B,0,nan%,$0.00B,$-0.00B,inf%,$0.00B,$-0.00B,inf%,$0.00B,$-0.01B,inf%,$0.00B,0,nan%,$0.00B,0,nan%,$0.00B,$0.09B,0.00%,$0.00B,$0.09B,0.00%,$0.00B,$0.09B,0.00%,$-0.00B,$0.09B,-4.64%,$0,$0,$0,$0,$1,$1,$-1,$1,$0,$0,$0,$0,$0,$-2,$-1,$17,17,$0.00,$0.00,$86,$0,$0,$86,$1,$0,$0,$0,$1,$88,$1,$0,$0,$0,$1,$0,$-282,$0,$87,$88,$0,$-2,$0,$-2,$0,$0,$0,$0,$0,$-1,$-0,$0,$0,$20,$0,$20,$0,$20,$0,$0,$0,$0,$0,$0,$0,$0,$19,$0,$0
45,2007-06-30,9.08,$5.04,1.8,0,0.0,$-0.42,0.0,$0.02,453.96,$0.09B,$0.00B,181.96,$0.00B,$0.09B,0.0,$0.00B,0,nan%,$0.00B,$-0.00B,inf%,$0.00B,$-0.00B,inf%,$0.00B,$-0.01B,inf%,$0.00B,0,nan%,$0.00B,0,nan%,$0.00B,$0.09B,0.00%,$0.00B,$0.09B,0.00%,$0.00B,$0.09B,0.00%,$-0.00B,$0.09B,-4.65%,$0,$0,$0,$0,$1,$1,$-1,$1,$0,$0,$0,$0,$0,$-2,$-1,$17,17,$0.00,$0.00,$85,$0,$0,$86,$2,$0,$0,$0,$2,$87,$0,$0,$0,$0,$1,$0,$-282,$-0,$86,$87,$0,$-1,$0,$-1,$0,$0,$0,$0,$0,$-1,$-0,$0,$0,$13,$0,$13,$0,$13,$0,$0,$0,$0,$0,$0,$0,$0,$13,$0,$0
46,2007-03-31,8.08,$5.03,1.61,0,0.0,$-0.33,0.0,$0.02,404.07,$0.09B,$0.00B,124.37,$0.00B,$0.09B,0.0,$0.00B,0,nan%,$0.00B,$-0.00B,inf%,$0.00B,$-0.00B,inf%,$0.00B,$-0.01B,inf%,$0.00B,0,nan%,$0.00B,0,nan%,$0.00B,$0.09B,0.00%,$0.00B,$0.09B,0.00%,$0.00B,$0.09B,0.00%,$-0.00B,$0.09B,-4.66%,$0,$0,$0,$0,$1,$1,$-1,$1,$0,$0,$0,$0,$0,$-1,$-1,$17,17,$0.01,$0.01,$85,$0,$0,$86,$2,$0,$0,$0,$2,$87,$1,$0,$0,$0,$1,$0,$-282,$-0,$86,$87,$0,$-1,$0,$-1,$0,$0,$0,$-0,$-0,$-0,$-0,$0,$0,$16,$0,$16,$0,$16,$0,$0,$0,$0,$0,$0,$0,$0,$15,$0,$0
47,2006-12-31,7.03,$5.01,1.4,0,0.0,$-0.41,0.0,$-0.07,0.0,$0.09B,$0.00B,124.96,$0.00B,$0.09B,0.0,$0.00B,0,nan%,$0.00B,$-0.01B,inf%,$0.00B,$-0.01B,inf%,$0.00B,$-0.01B,inf%,$0.00B,$-0.00B,inf%,$0.00B,$-0.00B,inf%,$-0.00B,$0.09B,-1.17%,$-0.00B,$0.09B,-1.17%,$-0.00B,$0.09B,-1.16%,$-0.01B,$0.09B,-5.85%,$0,$0,$0,$0,$1,$1,$-1,$1,$0,$0,$0,$0,$0,$-2,$-1,$17,17,$-0.01,$-0.01,$84,$0,$0,$85,$2,$0,$0,$0,$2,$87,$1,$0,$0,$0,$1,$0,$-282,$0,$86,$87,$-1,$-2,$0,$-2,$0,$0,$0,$1,$0,$-3,$-0,$0,$0,$-19,$0,$-19,$0,$-19,$0,$0,$0,$0,$0,$0,$0,$0,$-22,$0,$0
