,Date,Stock Price,Book Value per Share,Price to Book Ratio,TTM Sales per Share,Price to Sales Ratio,TTM FCF per Share,Price to FCF Ratio,TTM Net EPS,PE Ratio,Current Assets,Current Liabilities,Current Ratio,Long Term Debt,Shareholder's Equity_x,Debt to Equity Ratio,TTM Revenue_x,TTM Gross Profit,Gross Margin,TTM Revenue_y,TTM Operating Income,Operating Margin,TTM Revenue_x,TTM EBIT,EBIT Margin,TTM Revenue_y,TTM EBITDA,EBITDA Margin,TTM Revenue_x,TTM Pre-Tax Income,Pre-Tax Margin,TTM Revenue_y,TTM Net Income_x,Net Margin,TTM Net Income_y,Shareholder's Equity_y,Return on Equity,TTM Net Income_x,Tangible Equity,Return on Tangible Equity,TTM Net Income_y,Total Assets,Return on Assets,TTM Net Income,LT Investments & Debt,Return on Investment,revenue,cost-goods-sold,gross-profit,research-development-expenses,selling-general-administrative-expenses,operating-expenses,operating-income,total-non-operating-income-expense,pre-tax-income,total-provision-income-taxes,income-after-taxes,income-from-continuous-operations,net-income,ebitda,ebit,basic-shares-outstanding,shares-outstanding,eps-basic-net-earnings-per-share,eps-earnings-per-share-diluted,cash-on-hand,inventory,other-current-assets,total-current-assets,net-property-plant-equipment,long-term-investments,goodwill-intangible-assets-total,other-long-term-assets,total-long-term-assets,total-assets,total-current-liabilities,long-term-debt,other-non-current-liabilities,total-long-term-liabilities,total-liabilities,common-stock-net,retained-earnings-accumulated-deficit,comprehensive-income,total-share-holder-equity,total-liabilities-share-holders-equity,net-income-loss,total-depreciation-amortization-cash-flow,other-non-cash-items,total-non-cash-items,change-in-accounts-receivable,change-in-inventories,change-in-accounts-payable,change-in-assets-liabilities,total-change-in-assets-liabilities,cash-flow-from-operating-activities,net-change-in-property-plant-equipment,net-change-in-intangible-assets,net-acquisitions-divestitures,net-change-in-short-term-investments,net-change-in-long-term-investments,net-change-in-investments-total,investing-activities-other,cash-flow-from-investing-activities,net-long-term-debt,net-current-debt,debt-issuance-retirement-net-total,net-common-equity-issued-repurchased,net-total-equity-issued-repurchased,total-common-preferred-stock-dividends-paid,financial-activities-other,cash-flow-from-financial-activities,net-cash-flow,stock-based-compensation,common-stock-dividends-paid
0,2018-09-30,115.83,$3.65,31.73,$15.97,7.25,$4.99,23.21,$2.09,55.42,$0.24B,$0.10B,2.31,$0.30B,$0.16B,1.83,$0.71B,$0.21B,29.62%,$0.71B,$0.14B,19.04%,$0.71B,$0.14B,19.04%,$0.71B,$0.16B,22.43%,$0.71B,$0.12B,17.35%,$0.71B,$0.09B,13.12%,$0.09B,$0.16B,60.00%,$0.09B,$-0.07B,-208.99%,$0.09B,$0.67B,15.16%,$0.14B,$0.46B,33.35%,$182,$128,$54,$0,$13,$147,$35,$-3,$32,$9,$22,$22,$22,$41,$35,$44,45,$0.51,$0.50,$14,$47,$12,$239,$122,$0,$233,$60,$427,$667,$104,$296,$99,$402,$505,$1,$172,$-7,$161,$667,$71,$17,$15,$33,$-12,$-12,$-3,$-2,$-30,$74,$-16,$-1,$-47,$0,$0,$0,$-1,$-65,$70,$0,$70,$-5,$-5,$-73,$-2,$-9,$-0,$19,$-73
1,2018-06-30,125.6,$3.57,35.19,$15.56,8.07,$5.15,24.4,$2.07,60.67,$0.23B,$0.10B,2.24,$0.24B,$0.16B,1.53,$0.69B,$0.20B,29.13%,$0.69B,$0.13B,18.41%,$0.69B,$0.13B,18.41%,$0.69B,$0.15B,21.88%,$0.69B,$0.12B,16.67%,$0.69B,$0.09B,13.33%,$0.09B,$0.16B,60.13%,$0.09B,$-0.03B,-259.15%,$0.09B,$0.61B,15.53%,$0.13B,$0.40B,32.80%,$175,$124,$52,$0,$12,$142,$33,$-3,$30,$5,$25,$25,$25,$39,$33,$44,44,$0.56,$0.56,$13,$40,$11,$226,$123,$0,$188,$57,$379,$605,$101,$242,$98,$346,$447,$1,$173,$-7,$158,$605,$49,$12,$11,$23,$-5,$-7,$3,$-7,$-22,$50,$-12,$-1,$0,$0,$0,$0,$-1,$-13,$16,$0,$16,$-4,$-4,$-49,$-2,$-38,$-1,$12,$-49
2,2018-03-31,107.22,$3.43,31.26,$15.18,7.06,$5.18,20.71,$2.01,53.34,$0.22B,$0.10B,2.11,$0.24B,$0.15B,1.55,$0.67B,$0.19B,28.83%,$0.67B,$0.12B,17.98%,$0.67B,$0.12B,17.98%,$0.67B,$0.15B,21.69%,$0.67B,$0.11B,16.34%,$0.67B,$0.09B,13.37%,$0.09B,$0.15B,59.50%,$0.09B,$-0.04B,-241.61%,$0.09B,$0.60B,15.33%,$0.12B,$0.39B,31.53%,$170,$119,$51,$0,$13,$138,$32,$-3,$29,$5,$24,$24,$24,$38,$32,$44,44,$0.53,$0.53,$13,$36,$10,$220,$122,$0,$188,$55,$377,$597,$104,$235,$100,$341,$446,$1,$173,$-8,$152,$597,$24,$6,$6,$12,$-6,$-4,$3,$-3,$-12,$23,$-4,$-0,$0,$0,$0,$0,$-0,$-5,$8,$0,$8,$-3,$-3,$-24,$0,$-20,$-1,$6,$-24
3,2017-12-31,108.04,$3.37,32.1,$14.89,7.26,$5.29,20.44,$1.88,57.47,$0.21B,$0.10B,2.06,$0.23B,$0.15B,1.53,$0.66B,$0.19B,28.33%,$0.66B,$0.11B,17.12%,$0.66B,$0.11B,17.12%,$0.66B,$0.14B,20.91%,$0.66B,$0.10B,15.45%,$0.66B,$0.08B,12.73%,$0.08B,$0.15B,55.45%,$0.08B,$-0.04B,-227.03%,$0.08B,$0.59B,14.41%,$0.11B,$0.38B,29.74%,$182,$129,$53,$0,$13,$147,$35,$-3,$32,$8,$24,$24,$22,$41,$35,$44,44,$0.49,$0.49,$14,$33,$7,$207,$123,$0,$188,$55,$377,$585,$101,$227,$103,$336,$436,$1,$174,$-8,$149,$585,$83,$25,$25,$50,$-19,$0,$9,$9,$-9,$124,$-18,$-0,$0,$0,$0,$0,$-2,$-21,$10,$0,$10,$-17,$-17,$-97,$0,$-104,$-0,$23,$-97
4,2017-09-30,96.74,$3.47,27.86,$14.20,6.82,$5.66,17.08,$1.74,55.6,$0.20B,$0.09B,2.18,$0.23B,$0.15B,1.53,$0.63B,$0.17B,27.23%,$0.63B,$0.10B,15.92%,$0.63B,$0.10B,15.92%,$0.63B,$0.13B,19.90%,$0.63B,$0.09B,14.17%,$0.63B,$0.08B,12.26%,$0.08B,$0.15B,50.33%,$0.08B,$-0.04B,-216.90%,$0.08B,$0.58B,13.28%,$0.10B,$0.39B,26.39%,$163,$118,$45,$0,$12,$136,$27,$-3,$24,$4,$20,$20,$21,$33,$27,$44,44,$0.48,$0.48,$14,$34,$6,$203,$124,$0,$189,$51,$380,$583,$93,$234,$97,$336,$429,$1,$176,$-10,$153,$583,$59,$18,$18,$37,$-15,$-1,$2,$7,$-18,$78,$-14,$-0,$0,$0,$0,$0,$-1,$-15,$17,$0,$17,$-8,$-8,$-73,$0,$-64,$-1,$17,$-73
5,2017-06-30,98.74,$3.43,28.77,$13.76,7.18,$6.50,15.2,$1.64,60.21,$0.21B,$0.10B,2.05,$0.23B,$0.15B,1.54,$0.61B,$0.16B,26.64%,$0.61B,$0.09B,15.46%,$0.61B,$0.09B,15.46%,$0.61B,$0.12B,19.74%,$0.61B,$0.08B,13.82%,$0.61B,$0.07B,12.01%,$0.07B,$0.15B,46.95%,$0.07B,$-0.04B,-219.55%,$0.07B,$0.58B,12.70%,$0.09B,$0.39B,25.10%,$158,$114,$45,$0,$11,$131,$27,$-3,$25,$4,$21,$21,$23,$34,$27,$44,44,$0.51,$0.51,$14,$36,$7,$206,$126,$0,$189,$49,$378,$584,$101,$234,$92,$332,$432,$1,$180,$-10,$151,$584,$39,$12,$19,$32,$-15,$-2,$8,$-2,$-22,$48,$-9,$-0,$0,$0,$0,$0,$-1,$-10,$17,$0,$17,$-7,$-7,$-49,$0,$-39,$-0,$12,$-49
6,2017-03-31,112.09,$3.47,32.29,$13.60,8.24,$7.19,15.59,$1.51,74.23,$0.20B,$0.11B,1.85,$0.22B,$0.15B,1.43,$0.60B,$0.16B,25.92%,$0.60B,$0.09B,14.55%,$0.60B,$0.09B,14.55%,$0.60B,$0.11B,18.90%,$0.60B,$0.08B,12.71%,$0.60B,$0.07B,11.20%,$0.07B,$0.15B,42.01%,$0.07B,$-0.04B,-229.06%,$0.07B,$0.58B,11.72%,$0.09B,$0.37B,23.39%,$157,$113,$44,$0,$13,$133,$24,$-3,$21,$3,$18,$18,$18,$30,$24,$44,44,$0.40,$0.40,$14,$38,$6,$201,$128,$0,$189,$48,$379,$580,$109,$219,$92,$318,$427,$1,$181,$-10,$153,$580,$18,$6,$14,$20,$-8,$-4,$5,$2,$-8,$30,$-6,$-0,$0,$0,$0,$0,$-0,$-7,$2,$0,$2,$-1,$-1,$-24,$0,$-24,$-0,$6,$-24
7,2016-12-31,115.95,$3.52,32.97,$13.68,8.48,$7.68,15.09,$1.46,79.42,$0.19B,$0.10B,1.79,$0.22B,$0.16B,1.39,$0.60B,$0.15B,25.55%,$0.60B,$0.09B,14.45%,$0.60B,$0.09B,14.45%,$0.60B,$0.11B,18.99%,$0.60B,$0.08B,12.61%,$0.60B,$0.06B,10.76%,$0.06B,$0.16B,56.02%,$0.06B,$-0.03B,-86.20%,$0.06B,$0.57B,11.16%,$0.09B,$0.37B,23.01%,$150,$113,$37,$0,$9,$128,$22,$-3,$19,$4,$15,$15,$15,$28,$22,$43,44,$0.35,$0.35,$15,$34,$7,$186,$130,$0,$189,$47,$387,$573,$104,$216,$91,$314,$418,$1,$188,$-10,$155,$573,$64,$27,$6,$33,$32,$6,$-1,$5,$35,$132,$-11,$-0,$-1,$0,$0,$0,$-3,$-15,$-217,$0,$-217,$190,$190,$-97,$-1,$-125,$-8,$22,$-97
8,2016-09-30,107.99,$3.69,29.25,$14.51,7.44,$9.51,11.35,$1.47,73.46,$0.19B,$0.09B,1.98,$0.21B,$0.16B,1.27,$0.63B,$0.17B,27.55%,$0.63B,$0.09B,14.01%,$0.63B,$0.09B,14.01%,$0.63B,$0.12B,18.47%,$0.63B,$0.08B,12.10%,$0.63B,$0.06B,10.19%,$0.06B,$0.16B,92.09%,$0.06B,$-0.03B,-53.89%,$0.06B,$0.56B,10.91%,$0.09B,$0.37B,23.01%,$143,$107,$36,$0,$8,$122,$21,$-3,$19,$2,$17,$17,$17,$28,$21,$44,44,$0.38,$0.38,$17,$37,$7,$185,$131,$0,$189,$47,$377,$562,$94,$206,$94,$306,$399,$1,$197,$-11,$163,$562,$48,$20,$11,$31,$38,$3,$-3,$4,$29,$109,$-7,$-0,$-1,$0,$0,$0,$-2,$-10,$-227,$0,$-227,$195,$195,$-71,$-0,$-103,$-5,$17,$-71
9,2016-06-30,118.57,$3.79,31.32,$15.90,7.46,$10.80,10.98,$1.87,63.41,$0.20B,$0.10B,2.03,$0.21B,$0.17B,1.25,$0.68B,$0.21B,30.06%,$0.68B,$0.11B,16.72%,$0.68B,$0.11B,16.72%,$0.68B,$0.14B,20.82%,$0.68B,$0.10B,14.66%,$0.68B,$0.08B,11.73%,$0.08B,$0.17B,293.58%,$0.08B,$-0.02B,-49.46%,$0.08B,$0.57B,13.23%,$0.11B,$0.38B,28.81%,$148,$110,$38,$0,$11,$128,$20,$-3,$17,$1,$17,$17,$17,$27,$20,$43,44,$0.38,$0.38,$15,$40,$7,$195,$135,$0,$188,$45,$377,$572,$96,$208,$93,$309,$405,$1,$204,$-12,$167,$572,$32,$14,$8,$21,$35,$1,$-4,$-5,$21,$74,$-5,$-0,$0,$0,$0,$0,$-1,$-6,$-225,$0,$-225,$196,$196,$-47,$-0,$-76,$-8,$11,$-47
10,2016-03-31,107.14,$-0.66,-162.31,$17.24,6.21,$11.88,9.02,$2.30,46.58,$0.21B,$0.11B,1.91,$0.41B,$-0.03B,-14.55,$0.74B,$0.24B,31.98%,$0.74B,$0.14B,19.24%,$0.74B,$0.14B,19.24%,$0.74B,$0.17B,23.04%,$0.74B,$0.13B,17.34%,$0.74B,$0.10B,13.28%,$0.10B,$-0.03B,-768.63%,$0.10B,$-0.22B,-48.40%,$0.10B,$0.59B,15.64%,$0.14B,$0.38B,34.70%,$154,$113,$41,$0,$11,$131,$23,$-3,$20,$4,$15,$15,$15,$30,$23,$42,43,$0.36,$0.35,$17,$42,$7,$207,$139,$0,$188,$44,$380,$587,$108,$407,$92,$507,$615,$1,$211,$-11,$-28,$587,$15,$7,$3,$9,$24,$-1,$2,$-0,$21,$46,$-2,$-0,$0,$0,$0,$0,$-1,$-3,$-25,$0,$-25,$-1,$-1,$-23,$-0,$-49,$-6,$5,$-23
11,2015-12-31,103.02,$-0.56,-184.2,$18.54,5.56,$12.54,8.21,$2.67,38.59,$0.24B,$0.12B,1.98,$0.43B,$-0.02B,-18.19,$0.80B,$0.26B,33.08%,$0.80B,$0.16B,20.30%,$0.80B,$0.16B,20.30%,$0.80B,$0.19B,23.68%,$0.80B,$0.15B,18.55%,$0.80B,$0.11B,14.29%,$0.11B,$-0.02B,4560.00%,$0.11B,$-0.21B,-61.87%,$0.11B,$0.63B,17.89%,$0.16B,$0.41B,38.94%,$183,$125,$58,$0,$28,$159,$24,$-3,$20,$5,$16,$16,$15,$31,$24,$43,43,$0.37,$0.37,$22,$41,$10,$239,$143,$0,$188,$44,$387,$625,$121,$431,$92,$528,$649,$1,$219,$-11,$-24,$625,$115,$27,$30,$57,$49,$3,$-13,$18,$47,$219,$-21,$-1,$-14,$0,$0,$0,$-3,$-40,$75,$0,$75,$-160,$-160,$-95,$-1,$-180,$-1,$21,$-95
12,2015-09-30,94.09,$-0.14,-674.45,$20.53,4.58,$13.94,6.75,$3.82,24.63,$0.24B,$0.12B,1.95,$0.43B,$-0.01B,-72.36,$0.89B,$0.32B,35.35%,$0.89B,$0.23B,25.50%,$0.89B,$0.23B,25.50%,$0.89B,$0.26B,28.52%,$0.89B,$0.22B,24.16%,$0.89B,$0.17B,18.46%,$0.17B,$-0.01B,515.63%,$0.17B,$-0.20B,-108.91%,$0.17B,$0.64B,25.41%,$0.23B,$0.42B,53.49%,$197,$129,$68,$0,$12,$150,$47,$-3,$43,$10,$34,$34,$33,$54,$47,$43,43,$0.79,$0.78,$18,$44,$10,$242,$147,$0,$192,$44,$393,$635,$124,$428,$86,$517,$641,$1,$236,$-12,$-6,$635,$99,$20,$16,$36,$44,$-0,$-11,$10,$34,$170,$-17,$-2,$-14,$0,$0,$0,$-2,$-35,$70,$0,$70,$-139,$-139,$-71,$-0,$-140,$-5,$16,$-71
13,2015-06-30,106.96,$0.17,628.45,$22.13,4.83,$14.40,7.43,$4.54,23.56,$0.27B,$0.14B,1.95,$0.42B,$0.01B,58.06,$0.97B,$0.36B,36.69%,$0.97B,$0.27B,27.75%,$0.97B,$0.27B,27.75%,$0.97B,$0.30B,30.52%,$0.97B,$0.26B,26.72%,$0.97B,$0.20B,20.35%,$0.20B,$0.01B,335.59%,$0.20B,$-0.18B,-164.32%,$0.20B,$0.66B,29.92%,$0.27B,$0.43B,61.54%,$204,$135,$69,$0,$13,$156,$48,$-3,$45,$10,$35,$35,$35,$55,$48,$43,43,$0.81,$0.81,$23,$48,$13,$267,$148,$0,$191,$47,$392,$659,$137,$422,$87,$515,$652,$1,$433,$-11,$7,$659,$66,$13,$14,$27,$41,$-4,$-5,$1,$33,$126,$-11,$-1,$-14,$0,$0,$0,$-2,$-27,$64,$0,$64,$-116,$-116,$-48,$-1,$-100,$-1,$10,$-48
14,2015-03-31,97.53,$0.76,128.79,$23.34,4.18,$14.22,6.86,$5.15,18.94,$0.26B,$0.13B,1.95,$0.37B,$0.03B,11.46,$1.04B,$0.39B,37.32%,$1.04B,$0.31B,29.51%,$1.04B,$0.31B,29.51%,$1.04B,$0.33B,32.02%,$1.04B,$0.30B,28.54%,$1.04B,$0.23B,21.89%,$0.23B,$0.03B,248.77%,$0.23B,$-0.14B,-269.44%,$0.23B,$0.63B,33.92%,$0.31B,$0.41B,68.19%,$214,$144,$69,$0,$20,$171,$43,$-2,$40,$9,$31,$31,$31,$49,$43,$43,43,$0.72,$0.72,$19,$49,$13,$257,$148,$0,$175,$46,$373,$630,$132,$373,$86,$466,$597,$1,$423,$-13,$33,$630,$31,$7,$45,$51,$0,$-6,$2,$12,$-3,$80,$-6,$-0,$0,$0,$0,$0,$-1,$-7,$17,$0,$17,$-70,$-70,$-24,$-0,$-77,$-4,$5,$-24
15,2014-12-31,111.75,$2.15,51.88,$24.25,4.61,$13.82,8.08,$5.78,19.33,$0.30B,$0.13B,2.29,$0.35B,$0.09B,3.76,$1.09B,$0.42B,38.58%,$1.09B,$0.35B,31.86%,$1.09B,$0.35B,31.86%,$1.09B,$0.37B,34.25%,$1.09B,$0.34B,30.94%,$1.09B,$0.26B,23.66%,$0.26B,$0.09B,206.01%,$0.26B,$-0.08B,-508.91%,$0.26B,$0.67B,37.70%,$0.35B,$0.45B,75.42%,$279,$169,$110,$0,$12,$188,$90,$-3,$88,$21,$67,$67,$66,$97,$90,$44,45,$1.50,$1.50,$23,$43,$13,$302,$149,$0,$175,$44,$372,$673,$132,$354,$87,$447,$579,$1,$416,$-12,$94,$673,$259,$27,$25,$51,$3,$3,$-3,$-7,$-7,$303,$-36,$-1,$-1,$0,$0,$0,$-4,$-42,$89,$0,$89,$-264,$-264,$-89,$2,$-263,$-2,$20,$-89
16,2014-09-30,135.42,$2.32,58.46,$24.01,5.64,$13.55,9.99,$5.69,23.8,$0.31B,$0.13B,2.45,$0.37B,$0.10B,3.64,$1.08B,$0.42B,38.50%,$1.08B,$0.34B,31.76%,$1.08B,$0.34B,31.76%,$1.08B,$0.37B,34.07%,$1.08B,$0.33B,30.75%,$1.08B,$0.26B,23.64%,$0.26B,$0.10B,178.40%,$0.26B,$-0.07B,-812.70%,$0.26B,$0.69B,37.72%,$0.34B,$0.47B,75.48%,$276,$167,$109,$0,$12,$187,$89,$-3,$87,$20,$67,$67,$66,$96,$89,$44,44,$1.51,$1.50,$25,$49,$11,$311,$147,$0,$175,$44,$374,$685,$127,$370,$81,$456,$583,$1,$384,$-8,$102,$685,$192,$20,$16,$35,$-1,$-3,$-2,$-5,$-22,$206,$-27,$-1,$-1,$0,$0,$0,$-3,$-32,$103,$0,$103,$-210,$-210,$-68,$2,$-173,$0,$15,$-68
17,2014-06-30,154.11,$3.06,50.3,$23.74,6.49,$13.54,11.38,$5.54,27.82,$0.32B,$0.13B,2.41,$0.33B,$0.14B,2.44,$1.08B,$0.41B,38.33%,$1.08B,$0.34B,31.48%,$1.08B,$0.34B,31.48%,$1.08B,$0.37B,33.80%,$1.08B,$0.33B,30.37%,$1.08B,$0.25B,23.33%,$0.25B,$0.14B,153.66%,$0.25B,$-0.04B,-2400.00%,$0.25B,$0.69B,37.51%,$0.34B,$0.47B,75.94%,$268,$168,$99,$0,$11,$183,$84,$-3,$81,$17,$64,$64,$64,$90,$84,$45,45,$1.43,$1.42,$30,$51,$12,$322,$144,$0,$175,$43,$367,$689,$134,$333,$83,$419,$553,$1,$496,$-8,$136,$689,$125,$13,$6,$19,$0,$-5,$1,$-6,$-13,$131,$-19,$-0,$-1,$0,$0,$0,$-3,$-24,$66,$0,$66,$-125,$-125,$-45,$1,$-103,$4,$11,$-45
18,2014-03-31,182.63,$3.72,49.09,$23.49,7.77,$13.63,13.4,$5.41,33.76,$0.32B,$0.15B,2.15,$0.28B,$0.17B,1.67,$1.08B,$0.42B,38.60%,$1.08B,$0.34B,31.44%,$1.08B,$0.34B,31.44%,$1.08B,$0.36B,33.77%,$1.08B,$0.33B,30.42%,$1.08B,$0.25B,23.07%,$0.25B,$0.17B,140.31%,$0.25B,$-0.01B,9018.18%,$0.25B,$0.68B,37.39%,$0.34B,$0.45B,76.86%,$263,$162,$101,$0,$11,$180,$83,$-2,$80,$19,$61,$61,$61,$89,$83,$45,45,$1.36,$1.35,$23,$51,$11,$319,$142,$0,$175,$41,$362,$680,$148,$279,$81,$365,$513,$1,$455,$-9,$167,$680,$61,$7,$2,$9,$-7,$-4,$1,$3,$-4,$66,$-7,$0,$-1,$0,$0,$0,$-2,$-10,$12,$0,$12,$-47,$-47,$-22,$0,$-57,$-2,$5,$-22
19,2013-12-31,175.28,$3.76,46.67,$23.28,7.53,$13.64,12.85,$5.28,33.2,$0.30B,$0.14B,2.24,$0.27B,$0.17B,1.58,$1.07B,$0.41B,38.30%,$1.07B,$0.33B,31.13%,$1.07B,$0.33B,31.13%,$1.07B,$0.36B,33.46%,$1.07B,$0.32B,30.20%,$1.07B,$0.24B,22.74%,$0.24B,$0.17B,134.07%,$0.24B,$-0.01B,2870.59%,$0.24B,$0.66B,37.14%,$0.33B,$0.44B,76.69%,$276,$168,$108,$0,$14,$188,$88,$-2,$85,$21,$65,$65,$65,$94,$88,$46,46,$1.43,$1.42,$25,$47,$12,$304,$139,$0,$174,$40,$357,$661,$136,$267,$80,$356,$492,$1,$416,$-9,$169,$661,$243,$25,$23,$48,$-16,$1,$-6,$22,$7,$298,$-34,$-4,$0,$0,$-0,$-0,$-5,$-43,$33,$0,$33,$-227,$-227,$-59,$4,$-249,$6,$21,$-59
20,2013-09-30,155.04,$4.06,38.17,$22.63,6.85,$12.25,12.65,$5.03,30.82,$0.31B,$0.14B,2.23,$0.26B,$0.18B,1.39,$1.05B,$0.40B,37.68%,$1.05B,$0.32B,30.64%,$1.05B,$0.32B,30.64%,$1.05B,$0.35B,32.92%,$1.05B,$0.31B,29.78%,$1.05B,$0.23B,22.26%,$0.23B,$0.18B,125.30%,$0.23B,$0.01B,1701.82%,$0.23B,$0.66B,35.94%,$0.32B,$0.44B,74.54%,$273,$167,$106,$0,$14,$189,$85,$-2,$82,$20,$62,$62,$62,$92,$85,$46,46,$1.36,$1.35,$22,$54,$9,$308,$135,$0,$174,$35,$350,$657,$138,$256,$74,$335,$473,$1,$371,$-8,$184,$657,$178,$19,$19,$38,$-20,$-5,$-2,$20,$-6,$211,$-26,$-3,$0,$0,$-0,$-0,$-3,$-32,$22,$0,$22,$-156,$-156,$-44,$3,$-176,$3,$15,$-44
21,2013-06-30,138.67,$4.10,33.81,$21.83,6.35,$10.93,12.69,$4.82,28.77,$0.31B,$0.14B,2.19,$0.25B,$0.19B,1.33,$1.02B,$0.38B,37.15%,$1.02B,$0.31B,30.50%,$1.02B,$0.31B,30.50%,$1.02B,$0.34B,32.84%,$1.02B,$0.30B,29.72%,$1.02B,$0.23B,22.09%,$0.23B,$0.19B,113.00%,$0.23B,$0.01B,821.82%,$0.23B,$0.66B,34.96%,$0.31B,$0.44B,71.81%,$263,$164,$100,$0,$11,$181,$82,$-2,$80,$20,$60,$60,$60,$88,$82,$46,46,$1.30,$1.29,$23,$55,$13,$309,$131,$0,$174,$32,$346,$655,$141,$250,$71,$327,$468,$1,$448,$-8,$187,$655,$117,$12,$8,$20,$-5,$-6,$2,$12,$0,$137,$-17,$-2,$0,$0,$0,$0,$-2,$-21,$16,$0,$16,$-100,$-100,$-30,$2,$-112,$4,$10,$-30
22,2013-03-31,125.83,$4.08,30.81,$21.30,5.91,$10.15,12.39,$4.64,27.12,$0.31B,$0.15B,2.08,$0.24B,$0.19B,1.28,$1.01B,$0.37B,36.84%,$1.01B,$0.30B,29.99%,$1.01B,$0.30B,29.99%,$1.01B,$0.33B,32.27%,$1.01B,$0.29B,29.20%,$1.01B,$0.22B,21.75%,$0.22B,$0.19B,104.66%,$0.22B,$0.02B,591.89%,$0.22B,$0.66B,34.30%,$0.30B,$0.43B,69.79%,$261,$164,$97,$0,$13,$182,$79,$-2,$77,$20,$57,$57,$57,$85,$79,$46,46,$1.22,$1.22,$23,$51,$11,$313,$128,$0,$173,$30,$343,$655,$151,$241,$69,$317,$468,$1,$403,$-8,$188,$655,$57,$6,$4,$11,$-15,$-2,$-1,$7,$1,$68,$-8,$-1,$0,$0,$0,$0,$-1,$-10,$7,$0,$7,$-48,$-48,$-15,$1,$-55,$4,$5,$-15
23,2012-12-31,99.44,$4.05,24.53,$20.57,4.83,$9.83,10.12,$4.55,21.86,$0.30B,$0.14B,2.11,$0.23B,$0.19B,1.25,$0.98B,$0.36B,36.63%,$0.98B,$0.30B,30.31%,$0.98B,$0.30B,30.31%,$0.98B,$0.32B,32.65%,$0.98B,$0.29B,29.49%,$0.98B,$0.22B,22.04%,$0.22B,$0.19B,100.12%,$0.22B,$0.02B,490.91%,$0.22B,$0.64B,34.42%,$0.30B,$0.42B,69.31%,$254,$161,$93,$0,$12,$179,$76,$-2,$74,$18,$55,$55,$55,$81,$76,$47,48,$1.19,$1.16,$19,$49,$11,$297,$125,$0,$172,$29,$340,$637,$141,$234,$67,$308,$449,$1,$361,$-8,$188,$637,$217,$23,$21,$44,$-17,$3,$-4,$-11,$-23,$237,$-30,$-2,$-1,$0,$-0,$-0,$-1,$-34,$9,$0,$9,$-176,$-176,$-53,$7,$-213,$-10,$18,$-53
24,2012-09-30,110.22,$5.03,21.92,$20.25,5.44,$9.10,12.11,$4.49,24.55,$0.30B,$0.12B,2.53,$0.21B,$0.24B,0.9,$0.97B,$0.36B,36.70%,$0.97B,$0.29B,30.31%,$0.97B,$0.29B,30.31%,$0.97B,$0.32B,32.78%,$0.97B,$0.29B,29.48%,$0.97B,$0.21B,22.06%,$0.21B,$0.24B,99.88%,$0.21B,$0.07B,500.58%,$0.21B,$0.64B,34.46%,$0.29B,$0.45B,69.30%,$245,$155,$90,$0,$11,$170,$75,$-2,$73,$19,$55,$55,$54,$82,$75,$47,48,$1.15,$1.14,$25,$54,$0,$301,$126,$0,$172,$28,$337,$639,$119,$213,$64,$283,$402,$1,$326,$-2,$237,$639,$161,$17,$11,$29,$-12,$-1,$-12,$-10,$-38,$152,$-24,$-1,$2,$0,$0,$0,$-2,$-25,$-12,$0,$-12,$-83,$-83,$-40,$3,$-132,$-5,$14,$-40
25,2012-06-30,104.9,$4.73,22.17,$19.91,5.27,$9.09,11.54,$4.28,24.51,$0.29B,$0.13B,2.31,$0.21B,$0.22B,0.92,$0.96B,$0.35B,36.30%,$0.96B,$0.28B,29.60%,$0.96B,$0.28B,29.60%,$0.96B,$0.31B,31.90%,$0.96B,$0.27B,28.56%,$0.96B,$0.21B,21.44%,$0.21B,$0.22B,108.18%,$0.21B,$0.05B,1108.11%,$0.21B,$0.62B,34.05%,$0.28B,$0.43B,73.46%,$247,$156,$91,$0,$10,$175,$72,$-2,$70,$17,$53,$53,$53,$77,$72,$47,48,$1.11,$1.11,$23,$58,$0,$291,$119,$0,$172,$27,$331,$623,$126,$206,$60,$272,$399,$1,$364,$-2,$224,$623,$107,$11,$7,$18,$-3,$-5,$-5,$-2,$-24,$101,$-15,$-1,$2,$0,$0,$0,$-1,$-15,$-19,$0,$-19,$-50,$-50,$-27,$3,$-92,$-6,$9,$-27
26,2012-03-31,118.84,$4.51,26.37,$19.38,6.13,$9.05,13.13,$4.00,29.71,$0.28B,$0.13B,2.16,$0.20B,$0.21B,0.92,$0.94B,$0.33B,35.29%,$0.94B,$0.27B,28.77%,$0.94B,$0.27B,28.77%,$0.94B,$0.29B,31.23%,$0.94B,$0.26B,27.59%,$0.94B,$0.19B,20.53%,$0.19B,$0.21B,97.71%,$0.19B,$0.04B,685.71%,$0.19B,$0.61B,32.86%,$0.27B,$0.41B,78.83%,$234,$149,$85,$0,$10,$160,$74,$-2,$72,$18,$54,$54,$54,$80,$74,$48,48,$1.13,$1.13,$24,$58,$0,$284,$115,$0,$171,$28,$326,$611,$132,$198,$62,$265,$396,$1,$324,$-2,$214,$611,$54,$6,$-1,$5,$2,$-5,$-7,$8,$-5,$54,$-7,$-0,$0,$0,$0,$0,$-1,$-8,$-26,$0,$-26,$-13,$-13,$-13,$0,$-52,$-6,$4,$-13
27,2011-12-31,102.67,$3.81,26.92,$18.70,5.49,$9.17,11.19,$3.81,26.95,$0.29B,$0.14B,2.0,$0.22B,$0.18B,1.23,$0.91B,$0.32B,34.69%,$0.91B,$0.25B,27.64%,$0.91B,$0.25B,27.64%,$0.91B,$0.27B,30.18%,$0.91B,$0.24B,26.43%,$0.91B,$0.18B,20.26%,$0.18B,$0.18B,86.08%,$0.18B,$0.01B,389.42%,$0.18B,$0.61B,31.68%,$0.25B,$0.41B,80.90%,$244,$154,$90,$0,$11,$171,$73,$-2,$71,$17,$53,$53,$53,$79,$73,$46,48,$1.13,$1.12,$29,$53,$12,$287,$115,$0,$171,$24,$324,$611,$143,$223,$57,$286,$429,$1,$284,$-2,$182,$611,$185,$23,$17,$41,$-12,$-16,$12,$9,$-21,$204,$-29,$-0,$-19,$0,$0,$0,$-4,$-52,$69,$0,$69,$-281,$-281,$-46,$2,$-257,$-105,$17,$-46
28,2011-09-30,80.74,$2.96,27.29,$17.98,4.49,$9.26,8.72,$3.51,23.0,$0.25B,$0.21B,1.21,$0.16B,$0.14B,1.13,$0.87B,$0.30B,34.40%,$0.87B,$0.24B,27.52%,$0.87B,$0.24B,27.52%,$0.87B,$0.26B,30.05%,$0.87B,$0.23B,25.92%,$0.87B,$0.17B,19.61%,$0.17B,$0.14B,70.88%,$0.17B,$-0.03B,222.80%,$0.17B,$0.56B,28.96%,$0.24B,$0.29B,84.43%,$231,$150,$81,$0,$11,$168,$64,$-4,$60,$15,$45,$45,$45,$69,$64,$47,48,$0.96,$0.93,$17,$53,$0,$254,$110,$0,$170,$22,$308,$563,$210,$156,$59,$215,$425,$1,$296,$-6,$138,$563,$131,$17,$9,$27,$1,$-14,$1,$7,$-11,$147,$-18,$-0,$-21,$0,$0,$0,$-1,$-39,$84,$0,$84,$-275,$-275,$-35,$2,$-224,$-117,$13,$-35
29,2011-06-30,100.03,$5.43,18.44,$17.23,5.81,$9.63,10.38,$3.37,29.68,$0.26B,$0.24B,1.08,$0.00B,$0.25B,0.01,$0.84B,$0.29B,34.76%,$0.84B,$0.24B,28.10%,$0.84B,$0.24B,28.10%,$0.84B,$0.26B,30.83%,$0.84B,$0.22B,26.43%,$0.84B,$0.17B,19.64%,$0.17B,$0.25B,61.40%,$0.17B,$0.09B,155.66%,$0.17B,$0.55B,27.00%,$0.24B,$0.25B,85.28%,$226,$152,$74,$0,$10,$168,$58,$-3,$55,$15,$40,$40,$40,$64,$58,$46,49,$0.88,$0.83,$25,$43,$0,$255,$105,$0,$162,$23,$298,$552,$236,$2,$62,$64,$300,$1,$460,$-6,$252,$552,$86,$12,$-1,$11,$-6,$-9,$9,$12,$1,$98,$-12,$-0,$0,$0,$0,$0,$-0,$-12,$-64,$0,$-64,$-110,$-110,$-23,$2,$-195,$-109,$6,$-23
30,2011-03-31,91.39,$6.21,14.72,$16.74,5.46,$9.92,9.21,$3.25,28.12,$0.31B,$0.25B,1.21,$0.01B,$0.28B,0.02,$0.81B,$0.29B,35.42%,$0.81B,$0.23B,28.54%,$0.81B,$0.23B,28.54%,$0.81B,$0.25B,31.24%,$0.81B,$0.22B,26.69%,$0.81B,$0.16B,19.56%,$0.16B,$0.28B,60.17%,$0.16B,$0.12B,157.04%,$0.16B,$0.60B,24.99%,$0.23B,$0.29B,83.68%,$207,$137,$70,$0,$10,$150,$56,$-3,$54,$8,$46,$46,$46,$62,$56,$45,49,$1.02,$0.94,$80,$38,$0,$305,$103,$0,$163,$21,$293,$597,$253,$5,$57,$62,$314,$1,$546,$-6,$283,$597,$46,$6,$-3,$3,$-3,$-5,$4,$10,$9,$58,$-4,$-0,$0,$0,$0,$0,$-0,$-5,$-47,$0,$-47,$-50,$-50,$-12,$0,$-107,$-54,$3,$-12
31,2010-12-31,79.43,$6.42,12.37,$16.56,4.8,$10.03,7.92,$3.00,26.48,$0.35B,$0.28B,1.25,$0.01B,$0.29B,0.03,$0.79B,$0.28B,35.39%,$0.79B,$0.23B,28.59%,$0.79B,$0.23B,28.59%,$0.79B,$0.25B,31.36%,$0.79B,$0.21B,26.45%,$0.79B,$0.15B,18.26%,$0.15B,$0.29B,57.94%,$0.15B,$0.13B,166.67%,$0.15B,$0.65B,22.64%,$0.23B,$0.30B,86.64%,$208,$134,$75,$0,$9,$147,$62,$-5,$57,$17,$40,$40,$40,$67,$62,$45,48,$0.88,$0.81,$134,$34,$0,$350,$104,$0,$163,$20,$300,$650,$280,$9,$53,$78,$358,$1,$537,$-6,$292,$650,$145,$23,$15,$38,$-22,$-2,$12,$22,$22,$206,$-27,$-0,$-9,$0,$0,$0,$-3,$-39,$-82,$0,$-82,$-92,$-92,$-40,$0,$-214,$-47,$9,$-40
32,2010-09-30,78.47,$5.52,14.21,$16.13,4.86,$9.86,7.96,$2.69,29.17,$0.36B,$0.32B,1.12,$0.02B,$0.25B,0.07,$0.77B,$0.27B,34.77%,$0.77B,$0.21B,27.21%,$0.77B,$0.21B,27.21%,$0.77B,$0.23B,30.21%,$0.77B,$0.19B,25.13%,$0.77B,$0.13B,16.80%,$0.13B,$0.25B,52.07%,$0.13B,$0.09B,149.13%,$0.13B,$0.65B,20.08%,$0.21B,$0.26B,67.53%,$199,$126,$73,$0,$8,$139,$60,$-5,$56,$17,$39,$39,$39,$66,$60,$45,49,$0.86,$0.79,$168,$31,$0,$364,$102,$0,$163,$16,$281,$645,$323,$16,$50,$74,$397,$1,$519,$-6,$248,$645,$105,$17,$14,$31,$-8,$1,$6,$21,$33,$169,$-19,$-0,$-9,$0,$0,$0,$-1,$-30,$-24,$0,$-24,$-92,$-92,$-37,$1,$-152,$-13,$6,$-37
33,2010-06-30,65.22,$5.25,12.43,$15.67,4.16,$9.71,6.71,$2.57,25.43,$0.37B,$0.34B,1.11,$0.02B,$0.23B,0.09,$0.74B,$0.25B,33.92%,$0.74B,$0.19B,26.19%,$0.74B,$0.19B,26.19%,$0.74B,$0.22B,29.31%,$0.74B,$0.18B,24.02%,$0.74B,$0.12B,16.42%,$0.12B,$0.23B,48.74%,$0.12B,$0.07B,135.96%,$0.12B,$0.65B,19.24%,$0.19B,$0.26B,54.02%,$199,$129,$70,$0,$9,$145,$54,$-4,$50,$15,$34,$34,$34,$59,$54,$45,48,$0.77,$0.71,$174,$34,$0,$374,$101,$0,$163,$15,$279,$653,$337,$22,$51,$81,$418,$1,$531,$-6,$234,$653,$67,$12,$5,$16,$-5,$-2,$7,$21,$29,$111,$-13,$-0,$-9,$0,$0,$0,$-1,$-23,$0,$0,$0,$-91,$-91,$-6,$1,$-96,$-7,$4,$-6
34,2010-03-31,57.74,$5.08,11.37,$15.13,3.82,$9.41,6.14,$2.50,23.1,$0.34B,$0.33B,1.02,$0.00B,$0.23B,0.0,$0.71B,$0.24B,33.76%,$0.71B,$0.19B,27.09%,$0.71B,$0.19B,27.09%,$0.71B,$0.22B,30.50%,$0.71B,$0.18B,24.82%,$0.71B,$0.12B,16.60%,$0.12B,$0.23B,46.99%,$0.12B,$0.06B,127.52%,$0.12B,$0.61B,19.19%,$0.19B,$0.23B,47.39%,$188,$126,$63,$0,$6,$137,$51,$-4,$47,$15,$32,$32,$32,$57,$51,$45,47,$0.72,$0.69,$139,$33,$0,$336,$100,$0,$164,$15,$278,$614,$329,$0,$51,$59,$387,$1,$499,$-6,$227,$614,$32,$6,$6,$12,$2,$-1,$4,$7,$18,$62,$-6,$-0,$-9,$0,$0,$0,$-0,$-16,$0,$0,$0,$-86,$-86,$-3,$-0,$-89,$-42,$2,$-3
35,2009-12-31,52.09,$6.13,8.5,$14.96,3.48,$9.23,5.64,$2.44,21.35,$0.39B,$0.11B,3.67,$0.21B,$0.28B,0.74,$0.70B,$0.24B,34.20%,$0.70B,$0.19B,26.87%,$0.70B,$0.19B,26.87%,$0.70B,$0.21B,30.17%,$0.70B,$0.17B,24.57%,$0.70B,$0.11B,16.38%,$0.11B,$0.28B,46.63%,$0.11B,$0.13B,127.73%,$0.11B,$0.66B,19.26%,$0.19B,$0.49B,41.74%,$182,$121,$61,$0,$8,$137,$44,$-4,$40,$17,$24,$24,$24,$50,$44,$46,47,$0.52,$0.49,$181,$32,$0,$391,$99,$0,$155,$14,$268,$658,$106,$209,$53,$270,$376,$1,$469,$-7,$282,$658,$114,$24,$46,$70,$10,$2,$-9,$-24,$-2,$182,$-17,$-0,$0,$0,$0,$0,$-2,$-19,$0,$0,$0,$-9,$-9,$-27,$17,$-18,$145,$6,$-27
36,2009-09-30,45.42,$5.44,8.35,$15.27,2.97,$8.37,5.43,$2.82,16.11,$0.31B,$0.09B,3.6,$0.21B,$0.25B,0.82,$0.72B,$0.25B,34.69%,$0.72B,$0.20B,27.27%,$0.72B,$0.20B,27.27%,$0.72B,$0.22B,31.05%,$0.72B,$0.18B,25.45%,$0.72B,$0.13B,17.48%,$0.13B,$0.25B,56.56%,$0.13B,$0.10B,190.11%,$0.13B,$0.59B,22.40%,$0.20B,$0.46B,46.32%,$168,$112,$56,$0,$7,$124,$44,$-4,$40,$9,$31,$31,$31,$50,$44,$46,46,$0.67,$0.67,$137,$34,$0,$308,$98,$0,$155,$12,$283,$591,$86,$205,$50,$255,$341,$1,$448,$-5,$250,$591,$90,$18,$19,$37,$25,$0,$-14,$4,$18,$145,$-9,$-0,$0,$0,$0,$0,$-1,$-11,$0,$0,$0,$-9,$-9,$-24,$0,$-33,$101,$4,$-24
37,2009-06-30,38.02,$5.16,7.37,$15.87,2.4,$7.36,5.16,$2.98,12.78,$0.29B,$0.09B,3.4,$0.20B,$0.24B,0.85,$0.75B,$0.26B,34.67%,$0.75B,$0.21B,27.47%,$0.75B,$0.21B,27.47%,$0.75B,$0.23B,31.07%,$0.75B,$0.19B,25.73%,$0.75B,$0.13B,17.47%,$0.13B,$0.24B,69.04%,$0.13B,$0.08B,379.71%,$0.13B,$0.58B,23.74%,$0.21B,$0.44B,49.82%,$167,$109,$58,$0,$7,$116,$52,$-4,$48,$18,$30,$30,$30,$58,$52,$46,46,$0.65,$0.64,$103,$37,$0,$289,$100,$0,$155,$11,$287,$576,$85,$202,$52,$254,$339,$1,$437,$-5,$237,$576,$59,$12,$1,$13,$20,$-2,$-15,$9,$14,$86,$-5,$-0,$0,$0,$0,$0,$-1,$-6,$0,$0,$0,$-9,$-9,$-5,$0,$-13,$67,$3,$-5
38,2009-03-31,31.88,$4.56,7.0,$16.30,1.96,$6.89,4.63,$3.02,10.56,$0.26B,$0.09B,2.98,$0.20B,$0.21B,0.95,$0.78B,$0.27B,34.44%,$0.78B,$0.21B,26.76%,$0.78B,$0.21B,26.76%,$0.78B,$0.24B,30.09%,$0.78B,$0.19B,24.58%,$0.78B,$0.13B,17.03%,$0.13B,$0.21B,84.31%,$0.13B,$0.05B,2660.00%,$0.13B,$0.54B,24.35%,$0.21B,$0.41B,63.14%,$179,$116,$63,$0,$9,$132,$47,$-4,$43,$14,$29,$29,$29,$52,$47,$46,46,$0.64,$0.63,$73,$33,$0,$258,$101,$0,$156,$9,$285,$543,$87,$198,$50,$248,$334,$1,$409,$-5,$209,$543,$29,$6,$2,$8,$12,$2,$-14,$8,$13,$50,$-3,$-0,$0,$0,$0,$0,$-1,$-3,$0,$0,$0,$-8,$-8,$-2,$0,$-10,$37,$1,$-2
39,2008-12-31,26.04,$4.09,6.37,$16.19,1.61,$6.33,4.11,$3.00,8.68,$0.24B,$0.10B,2.46,$0.20B,$0.19B,1.03,$0.78B,$0.27B,34.06%,$0.78B,$0.21B,26.38%,$0.78B,$0.21B,26.38%,$0.78B,$0.23B,29.83%,$0.78B,$0.19B,24.20%,$0.78B,$0.13B,16.77%,$0.13B,$0.19B,105.43%,$0.13B,$0.03B,-503.85%,$0.13B,$0.52B,24.20%,$0.21B,$0.38B,63.78%,$201,$130,$71,$0,$9,$149,$52,$-1,$51,$16,$35,$35,$35,$62,$52,$46,48,$0.77,$0.76,$36,$35,$0,$236,$103,$0,$156,$9,$286,$522,$96,$195,$43,$238,$333,$1,$382,$-5,$188,$522,$132,$26,$10,$36,$-5,$-6,$1,$-1,$-12,$155,$-27,$-0,$-12,$0,$0,$0,$-2,$-41,$-56,$0,$-56,$-31,$-31,$-28,$11,$-104,$11,$5,$-28
40,2008-09-30,44.01,$2.71,16.23,$15.60,2.82,$6.03,7.3,$2.85,15.47,$0.26B,$0.09B,2.79,$0.30B,$0.13B,2.4,$0.76B,$0.26B,33.73%,$0.76B,$0.21B,28.17%,$0.76B,$0.21B,28.17%,$0.76B,$0.24B,31.22%,$0.76B,$0.18B,23.94%,$0.76B,$0.12B,16.14%,$0.12B,$0.13B,131.54%,$0.12B,$-0.03B,-220.81%,$0.12B,$0.57B,22.72%,$0.21B,$0.43B,67.03%,$203,$134,$68,$0,$7,$147,$55,$-5,$51,$14,$37,$37,$37,$61,$55,$46,48,$0.80,$0.77,$58,$32,$0,$263,$100,$0,$156,$14,$302,$566,$94,$300,$44,$346,$441,$1,$367,$0,$125,$566,$96,$16,$8,$24,$-11,$-3,$-1,$7,$-10,$110,$-18,$-0,$-12,$0,$0,$0,$-1,$-31,$-3,$0,$-3,$-29,$-29,$-25,$11,$-47,$33,$4,$-25
41,2008-06-30,61.27,$2.38,25.8,$14.88,4.12,$5.89,10.4,$2.67,22.95,$0.28B,$0.39B,0.71,$0.00B,$0.11B,0.0,$0.72B,$0.25B,33.89%,$0.72B,$0.20B,28.22%,$0.72B,$0.20B,28.22%,$0.72B,$0.23B,31.26%,$0.72B,$0.18B,24.20%,$0.72B,$0.12B,16.18%,$0.12B,$0.11B,149.04%,$0.12B,$-0.04B,-175.94%,$0.12B,$0.55B,22.12%,$0.20B,$0.11B,67.22%,$198,$131,$67,$0,$7,$143,$55,$-8,$47,$15,$32,$32,$32,$60,$55,$46,49,$0.71,$0.66,$68,$32,$0,$278,$95,$0,$146,$0,$276,$554,$390,$0,$53,$55,$445,$1,$377,$0,$109,$554,$59,$11,$15,$25,$-12,$-2,$-1,$9,$-11,$73,$-11,$-0,$-13,$0,$0,$0,$-0,$-24,$-2,$0,$-2,$-29,$-29,$0,$11,$-20,$29,$2,$0
42,2008-03-31,51.35,$1.62,31.65,$14.29,3.59,$5.66,9.07,$2.57,19.98,$0.25B,$0.09B,2.62,$0.30B,$0.08B,4.02,$0.69B,$0.23B,33.62%,$0.69B,$0.19B,27.56%,$0.69B,$0.19B,27.56%,$0.69B,$0.21B,30.74%,$0.69B,$0.17B,24.39%,$0.69B,$0.11B,16.45%,$0.11B,$0.08B,161.70%,$0.11B,$-0.07B,-156.16%,$0.11B,$0.52B,21.84%,$0.19B,$0.38B,51.55%,$179,$119,$60,$0,$8,$135,$44,$-5,$40,$13,$27,$27,$27,$50,$44,$46,48,$0.58,$0.56,$29,$32,$0,$245,$93,$0,$146,$19,$278,$523,$93,$300,$53,$355,$448,$1,$92,$0,$75,$523,$27,$5,$6,$12,$-10,$-2,$-4,$2,$-13,$25,$-3,$-0,$0,$0,$0,$0,$-0,$-4,$-1,$0,$-1,$-28,$-28,$0,$10,$-19,$3,$1,$0
43,2007-12-31,53.68,$1.35,39.85,$13.75,3.9,$5.52,9.72,$2.48,21.65,$0.22B,$0.10B,2.25,$0.30B,$0.06B,4.83,$0.67B,$0.22B,32.99%,$0.67B,$0.18B,27.46%,$0.67B,$0.18B,27.46%,$0.67B,$0.21B,30.60%,$0.67B,$0.17B,24.63%,$0.67B,$0.11B,16.72%,$0.11B,$0.06B,170.34%,$0.11B,$-0.08B,-147.37%,$0.11B,$0.51B,21.82%,$0.18B,$0.36B,50.31%,$176,$116,$60,$0,$9,$117,$59,$-16,$43,$17,$26,$26,$26,$65,$59,$47,49,$0.55,$0.53,$26,$29,$0,$221,$93,$0,$146,$19,$284,$505,$98,$300,$43,$345,$443,$1,$62,$0,$62,$505,$111,$21,$10,$32,$-25,$1,$2,$-1,$-17,$126,$-10,$-0,$-7,$0,$0,$0,$-2,$-20,$0,$0,$0,$-163,$-163,$0,$29,$-134,$-29,$5,$0
44,2007-09-30,54.83,$1.46,37.57,$12.98,4.22,$4.99,10.99,$2.25,24.42,$0.25B,$0.12B,2.14,$0.30B,$0.07B,4.38,$0.65B,$0.21B,32.15%,$0.65B,$0.16B,25.04%,$0.65B,$0.16B,25.04%,$0.65B,$0.18B,28.13%,$0.65B,$0.16B,24.42%,$0.65B,$0.11B,17.16%,$0.11B,$0.07B,162.64%,$0.11B,$-0.08B,-154.70%,$0.11B,$0.53B,21.67%,$0.16B,$0.37B,43.99%,$170,$113,$58,$0,$7,$124,$46,$-1,$45,$14,$32,$32,$32,$51,$46,$47,49,$0.67,$0.65,$42,$30,$0,$246,$89,$0,$144,$16,$289,$534,$115,$300,$49,$351,$466,$1,$117,$-2,$68,$534,$86,$16,$-4,$12,$-26,$0,$8,$2,$-9,$88,$-1,$-0,$-5,$0,$0,$0,$-1,$-8,$-3,$0,$-3,$-109,$-109,$0,$20,$-92,$-12,$3,$0
45,2007-06-30,43.77,$1.61,27.16,$12.19,3.59,$4.44,9.86,$2.02,21.72,$0.25B,$0.10B,2.49,$0.30B,$0.08B,3.9,$0.62B,$0.20B,31.30%,$0.62B,$0.15B,24.08%,$0.62B,$0.15B,24.08%,$0.62B,$0.17B,27.13%,$0.62B,$0.15B,23.27%,$0.62B,$0.10B,16.21%,$0.10B,$0.08B,102.28%,$0.10B,$-0.06B,-250.93%,$0.10B,$0.53B,20.87%,$0.15B,$0.38B,42.80%,$168,$113,$55,$0,$10,$126,$42,$-1,$41,$12,$29,$29,$29,$47,$42,$48,49,$0.60,$0.59,$54,$32,$0,$248,$87,$0,$139,$16,$278,$526,$99,$300,$48,$350,$449,$1,$85,$-2,$77,$526,$54,$10,$-1,$9,$-17,$-2,$11,$3,$-3,$60,$-8,$-0,$0,$0,$0,$0,$-1,$-9,$-2,$0,$-2,$-58,$-58,$0,$10,$-50,$0,$2,$0
46,2007-03-31,36.08,$1.17,30.9,$11.32,3.19,$4.19,8.62,$1.78,20.33,$0.21B,$0.08B,2.56,$0.30B,$0.06B,5.37,$0.60B,$0.18B,30.25%,$0.60B,$0.14B,23.03%,$0.60B,$0.14B,23.03%,$0.60B,$0.16B,26.05%,$0.60B,$0.13B,22.02%,$0.60B,$0.09B,15.29%,$0.09B,$0.06B,71.37%,$0.09B,$-0.08B,-791.30%,$0.09B,$0.49B,19.99%,$0.14B,$0.36B,41.52%,$156,$107,$48,$0,$8,$119,$37,$-1,$36,$11,$25,$25,$25,$42,$37,$47,49,$0.54,$0.52,$29,$32,$0,$213,$87,$0,$139,$16,$275,$488,$83,$300,$48,$349,$432,$2,$246,$-2,$56,$488,$25,$5,$2,$7,$-11,$-2,$-4,$5,$-13,$19,$-3,$-0,$0,$0,$0,$0,$-1,$-4,$-1,$0,$-1,$-42,$-42,$0,$2,$-40,$-25,$1,$0
47,2006-12-31,34.86,$1.55,22.54,$10.59,3.29,$4.27,8.17,$1.55,22.57,$0.23B,$0.09B,2.54,$0.30B,$0.07B,4.18,$0.58B,$0.17B,29.34%,$0.58B,$0.12B,21.53%,$0.58B,$0.12B,21.53%,$0.58B,$0.14B,24.65%,$0.58B,$0.12B,20.49%,$0.58B,$0.08B,14.24%,$0.08B,$0.07B,49.55%,$0.08B,$-0.07B,309.43%,$0.08B,$0.50B,18.85%,$0.12B,$0.37B,39.27%,$153,$106,$47,$0,$8,$116,$37,$-1,$36,$11,$25,$25,$25,$42,$37,$50,54,$0.52,$0.48,$54,$30,$0,$226,$88,$0,$139,$16,$276,$501,$89,$300,$39,$340,$429,$1,$224,$-2,$72,$501,$83,$18,$13,$31,$-15,$-4,$6,$6,$7,$120,$-22,$-0,$0,$0,$0,$0,$-2,$-24,$210,$-86,$124,$-180,$-180,$0,$-1,$-56,$40,$5,$0
