,Date,Stock Price,Book Value per Share,Price to Book Ratio,TTM Sales per Share,Price to Sales Ratio,TTM FCF per Share,Price to FCF Ratio,TTM Net EPS,PE Ratio,Current Assets,Current Liabilities,Current Ratio,Long Term Debt,Shareholder's Equity_x,Debt to Equity Ratio,TTM Revenue_x,TTM Gross Profit,Gross Margin,TTM Revenue_y,TTM Operating Income,Operating Margin,TTM Revenue_x,TTM EBIT,EBIT Margin,TTM Revenue_y,TTM EBITDA,EBITDA Margin,TTM Revenue_x,TTM Pre-Tax Income,Pre-Tax Margin,TTM Revenue_y,TTM Net Income_x,Net Margin,TTM Net Income_y,Shareholder's Equity_y,Return on Equity,TTM Net Income_x,Tangible Equity,Return on Tangible Equity,TTM Net Income_y,Total Assets,Return on Assets,TTM Net Income,LT Investments & Debt,Return on Investment,revenue,cost-goods-sold,gross-profit,research-development-expenses,selling-general-administrative-expenses,operating-expenses,operating-income,total-non-operating-income-expense,pre-tax-income,total-provision-income-taxes,income-after-taxes,income-from-continuous-operations,net-income,ebitda,ebit,basic-shares-outstanding,shares-outstanding,eps-basic-net-earnings-per-share,eps-earnings-per-share-diluted,cash-on-hand,inventory,other-current-assets,total-current-assets,net-property-plant-equipment,long-term-investments,goodwill-intangible-assets-total,other-long-term-assets,total-long-term-assets,total-assets,total-current-liabilities,long-term-debt,other-non-current-liabilities,total-long-term-liabilities,total-liabilities,common-stock-net,retained-earnings-accumulated-deficit,comprehensive-income,total-share-holder-equity,total-liabilities-share-holders-equity,net-income-loss,total-depreciation-amortization-cash-flow,other-non-cash-items,total-non-cash-items,change-in-accounts-receivable,change-in-inventories,change-in-accounts-payable,change-in-assets-liabilities,total-change-in-assets-liabilities,cash-flow-from-operating-activities,net-change-in-property-plant-equipment,net-change-in-intangible-assets,net-acquisitions-divestitures,net-change-in-short-term-investments,net-change-in-long-term-investments,net-change-in-investments-total,investing-activities-other,cash-flow-from-investing-activities,net-long-term-debt,net-current-debt,debt-issuance-retirement-net-total,net-common-equity-issued-repurchased,net-total-equity-issued-repurchased,total-common-preferred-stock-dividends-paid,financial-activities-other,cash-flow-from-financial-activities,net-cash-flow,stock-based-compensation,common-stock-dividends-paid
0,2018-09-30,2.3,$13.02,0.18,$11.54,0.2,$0.99,2.32,$-0.10,0.0,$0.28B,$0.14B,2.02,$0.40B,$0.99B,0.41,$0.87B,$0.09B,10.47%,$0.87B,$-0.02B,-2.07%,$0.87B,$-0.02B,-2.07%,$0.87B,$0.05B,5.87%,$0.87B,$-0.04B,-4.26%,$0.87B,$-0.01B,-0.81%,$-0.01B,$0.99B,-0.71%,$-0.01B,$0.99B,-0.71%,$-0.01B,$1.67B,-0.42%,$-0.02B,$1.39B,-1.29%,$233,$209,$25,$0,$5,$232,$1,$12,$13,$-0,$13,$13,$13,$20,$1,$76,77,$0.17,$0.16,$109,$69,$2,$279,$1334,$0,$2,$40,$1391,$1670,$138,$403,$142,$545,$684,$1,$322,$15,$987,$1670,$-25,$53,$-17,$36,$-12,$3,$0,$6,$13,$24,$-7,$0,$0,$0,$-2,$-2,$0,$-9,$-1,$-6,$-7,$0,$0,$0,$-3,$-10,$5,$-2,$0
1,2018-06-30,3.49,$12.78,0.27,$11.76,0.3,$1.37,2.55,$-0.23,0.0,$0.23B,$0.12B,1.86,$0.40B,$0.97B,0.42,$0.89B,$0.11B,12.32%,$0.89B,$-0.01B,-1.02%,$0.89B,$-0.01B,-1.02%,$0.89B,$0.06B,7.01%,$0.89B,$-0.05B,-5.42%,$0.89B,$-0.02B,-1.92%,$-0.02B,$0.97B,-1.71%,$-0.02B,$0.97B,-1.72%,$-0.02B,$1.65B,-1.01%,$-0.01B,$1.37B,-0.64%,$206,$196,$9,$0,$13,$226,$-21,$-9,$-30,$0,$-30,$-30,$-30,$-4,$-21,$76,76,$-0.39,$-0.39,$90,$71,$1,$231,$1344,$0,$2,$72,$1419,$1650,$124,$402,$129,$557,$681,$1,$310,$10,$968,$1650,$-38,$34,$5,$38,$8,$2,$0,$2,$3,$4,$-7,$0,$0,$0,$0,$0,$0,$-7,$-1,$-6,$-7,$0,$0,$0,$-2,$-9,$-12,$2,$0
2,2018-03-31,2.91,$13.20,0.22,$12.09,0.24,$1.44,2.02,$0.07,41.57,$0.27B,$0.12B,2.22,$0.41B,$1.00B,0.41,$0.91B,$0.13B,14.76%,$0.91B,$0.01B,1.43%,$0.91B,$0.01B,1.43%,$0.91B,$0.09B,9.69%,$0.91B,$-0.03B,-2.75%,$0.91B,$0.01B,0.66%,$0.01B,$1.00B,0.60%,$0.01B,$1.00B,0.60%,$0.01B,$1.69B,0.35%,$0.01B,$1.41B,0.93%,$216,$193,$24,$0,$7,$217,$-0,$-8,$-8,$0,$-8,$-8,$-8,$16,$-0,$75,75,$-0.10,$-0.10,$128,$70,$1,$268,$1355,$0,$2,$34,$1421,$1689,$121,$408,$136,$569,$690,$1,$339,$12,$999,$1689,$-8,$17,$1,$18,$5,$3,$0,$7,$14,$24,$-3,$0,$0,$0,$0,$0,$0,$-3,$-1,$0,$-1,$0,$0,$0,$-1,$-1,$20,$-2,$0
3,2017-12-31,4.45,$13.41,0.33,$12.18,0.37,$1.40,3.18,$-0.13,0.0,$0.27B,$0.12B,2.26,$0.41B,$1.01B,0.4,$0.89B,$0.14B,15.20%,$0.89B,$0.00B,0.45%,$0.89B,$0.00B,0.45%,$0.89B,$0.08B,9.46%,$0.89B,$-0.04B,-4.17%,$0.89B,$-0.01B,-0.68%,$-0.01B,$1.01B,-0.60%,$-0.01B,$1.01B,-0.60%,$-0.01B,$1.70B,-0.35%,$0.00B,$1.41B,0.28%,$214,$181,$33,$0,$14,$212,$2,$-14,$-12,$-30,$18,$18,$18,$19,$2,$73,73,$0.27,$0.27,$108,$73,$2,$270,$1366,$0,$2,$31,$1429,$1699,$119,$405,$141,$571,$691,$1,$347,$14,$1008,$1699,$-7,$79,$32,$112,$-1,$-4,$0,$-18,$-53,$52,$-13,$0,$0,$0,$-2,$-2,$0,$-15,$-62,$-12,$-74,$69,$69,$0,$-8,$-13,$24,$12,$0
4,2017-09-30,3.66,$13.19,0.28,$12.91,0.28,$1.11,3.31,$0.03,122.0,$0.28B,$0.13B,2.14,$0.41B,$0.99B,0.41,$0.90B,$0.15B,16.96%,$0.90B,$0.04B,4.21%,$0.90B,$0.04B,4.21%,$0.90B,$0.11B,11.75%,$0.90B,$-0.00B,-0.11%,$0.90B,$0.00B,0.11%,$0.00B,$0.99B,0.10%,$0.00B,$0.99B,0.10%,$0.00B,$1.71B,0.06%,$0.04B,$1.40B,2.70%,$249,$206,$43,$0,$13,$239,$10,$-8,$2,$-0,$2,$3,$3,$31,$10,$75,77,$0.03,$0.03,$121,$70,$2,$280,$1394,$0,$2,$37,$1434,$1714,$131,$410,$158,$592,$723,$1,$329,$16,$991,$1714,$-24,$62,$21,$83,$-4,$-1,$0,$-7,$-2,$57,$-11,$0,$0,$0,$-2,$-2,$0,$-13,$-62,$-6,$-68,$69,$69,$0,$-7,$-6,$37,$6,$0
5,2017-06-30,3.53,$13.16,0.27,$13.21,0.27,$0.61,5.77,$-0.03,0.0,$0.24B,$0.12B,1.9,$0.41B,$0.99B,0.41,$0.87B,$0.16B,18.74%,$0.87B,$0.04B,4.48%,$0.87B,$0.04B,4.48%,$0.87B,$0.11B,12.64%,$0.87B,$-0.01B,-0.57%,$0.87B,$-0.00B,-0.46%,$-0.00B,$0.99B,-0.41%,$-0.00B,$0.99B,-0.42%,$-0.00B,$1.69B,-0.23%,$0.04B,$1.40B,2.76%,$229,$196,$34,$0,$10,$228,$1,$-8,$-7,$-0,$-7,$-7,$-7,$22,$1,$75,75,$-0.09,$-0.09,$81,$70,$1,$236,$1408,$0,$2,$44,$1454,$1690,$124,$409,$144,$577,$701,$1,$327,$18,$989,$1690,$-27,$42,$12,$54,$0,$-1,$0,$-7,$-14,$13,$-10,$0,$0,$0,$0,$0,$0,$-10,$-62,$-6,$-68,$69,$69,$0,$-6,$-6,$-3,$3,$0
6,2017-03-31,4.58,$13.27,0.35,$12.97,0.35,$0.19,24.58,$0.63,7.27,$0.24B,$0.13B,1.89,$0.42B,$1.00B,0.42,$0.82B,$0.16B,20.00%,$0.82B,$0.08B,10.31%,$0.82B,$0.08B,10.31%,$0.82B,$0.12B,14.23%,$0.82B,$0.04B,4.42%,$0.82B,$0.04B,4.66%,$0.04B,$1.00B,3.99%,$0.04B,$0.99B,4.01%,$0.04B,$1.72B,2.21%,$0.08B,$1.41B,5.92%,$196,$170,$25,$0,$11,$204,$-9,$-12,$-20,$0,$-20,$-20,$-20,$12,$-9,$66,66,$-0.30,$-0.30,$101,$70,$1,$244,$1423,$0,$2,$45,$1471,$1715,$129,$415,$151,$589,$719,$1,$334,$20,$996,$1715,$-20,$20,$5,$26,$17,$-1,$0,$-9,$14,$20,$-4,$0,$0,$0,$0,$0,$0,$-4,$-62,$0,$-62,$69,$69,$0,$-6,$1,$17,$2,$0
7,2016-12-31,5.61,$15.48,0.36,$12.97,0.43,$-0.18,0.0,$0.34,16.5,$0.23B,$0.13B,1.74,$0.48B,$0.95B,0.5,$0.80B,$0.15B,19.25%,$0.80B,$0.07B,8.38%,$0.80B,$0.07B,8.38%,$0.80B,$0.10B,12.50%,$0.80B,$0.02B,2.38%,$0.80B,$0.02B,2.75%,$0.02B,$0.95B,2.40%,$0.02B,$0.95B,2.41%,$0.02B,$1.72B,1.27%,$0.07B,$1.43B,4.77%,$228,$176,$51,$0,$13,$192,$36,$-12,$24,$1,$23,$25,$25,$41,$36,$61,62,$0.40,$0.40,$84,$69,$1,$225,$1432,$0,$2,$55,$1490,$1715,$129,$475,$136,$634,$763,$1,$354,$22,$952,$1715,$22,$34,$16,$50,$-9,$8,$0,$-22,$-23,$49,$-34,$0,$0,$0,$1,$1,$7,$-25,$0,$0,$0,$0,$0,$0,$-29,$-29,$-6,$13,$0
8,2016-09-30,5.44,$15.09,0.36,$13.58,0.4,$-0.36,0.0,$-2.60,0.0,$0.23B,$0.14B,1.61,$0.49B,$0.93B,0.53,$0.83B,$0.15B,17.77%,$0.83B,$-0.03B,-3.00%,$0.83B,$-0.03B,-3.00%,$0.83B,$-0.01B,-1.56%,$0.83B,$-0.07B,-8.64%,$0.83B,$-0.16B,-19.09%,$-0.16B,$0.93B,-17.68%,$-0.16B,$0.93B,-17.73%,$-0.16B,$1.73B,-9.09%,$-0.03B,$1.42B,-1.80%,$217,$164,$53,$0,$11,$206,$11,$-13,$-2,$-1,$-2,$-2,$-2,$35,$11,$61,61,$-0.03,$-0.03,$90,$73,$2,$227,$1439,$0,$2,$59,$1500,$1727,$141,$492,$146,$659,$800,$1,$329,$24,$927,$1727,$-3,$29,$17,$46,$-3,$4,$0,$16,$-7,$36,$-30,$0,$0,$0,$1,$1,$-1,$-30,$0,$0,$0,$0,$0,$0,$-5,$-5,$1,$9,$0
9,2016-06-30,2.06,$15.16,0.14,$14.96,0.14,$0.09,22.81,$-2.43,0.0,$0.20B,$0.13B,1.51,$0.49B,$0.93B,0.53,$0.92B,$0.15B,16.12%,$0.92B,$-0.02B,-2.07%,$0.92B,$-0.02B,-2.07%,$0.92B,$0.02B,1.63%,$0.92B,$-0.06B,-6.86%,$0.92B,$-0.15B,-16.12%,$-0.15B,$0.93B,-15.94%,$-0.15B,$0.93B,-16.20%,$-0.15B,$1.71B,-8.15%,$-0.02B,$1.42B,-1.34%,$174,$141,$34,$0,$13,$128,$46,$-11,$34,$-1,$36,$35,$35,$28,$46,$61,62,$0.58,$0.57,$64,$75,$4,$200,$1444,$0,$2,$60,$1506,$1707,$133,$492,$132,$644,$777,$1,$331,$26,$930,$1707,$-1,$4,$10,$14,$6,$2,$0,$10,$-26,$-12,$-12,$0,$0,$0,$1,$1,$-1,$-12,$0,$0,$0,$0,$0,$0,$-1,$-1,$-25,$4,$0
10,2016-03-31,1.95,$13.92,0.14,$16.15,0.12,$0.46,4.25,$-3.87,0.0,$0.22B,$0.14B,1.53,$0.49B,$0.85B,0.58,$0.99B,$0.14B,13.77%,$0.99B,$-0.12B,-11.74%,$0.99B,$-0.12B,-11.74%,$0.99B,$-0.04B,-4.05%,$0.99B,$-0.16B,-16.19%,$0.99B,$-0.24B,-23.89%,$-0.24B,$0.85B,-24.72%,$-0.24B,$0.85B,-25.48%,$-0.24B,$1.76B,-12.50%,$-0.12B,$1.34B,-8.02%,$181,$165,$16,$0,$14,$207,$-26,$-11,$-37,$-1,$-36,$-36,$-36,$-4,$-26,$61,61,$-0.59,$-0.59,$79,$75,$7,$219,$1474,$0,$2,$63,$1539,$1758,$143,$492,$208,$762,$905,$1,$295,$-14,$853,$1758,$-36,$22,$17,$39,$11,$1,$0,$5,$-3,$-1,$-8,$0,$0,$0,$-1,$-1,$-0,$-9,$0,$0,$0,$0,$0,$0,$-1,$-1,$-10,$2,$0
11,2015-12-31,2.08,$14.52,0.14,$18.40,0.11,$1.01,2.05,$-3.36,0.0,$0.24B,$0.16B,1.5,$0.49B,$0.89B,0.55,$1.13B,$0.17B,15.38%,$1.13B,$-0.08B,-7.29%,$1.13B,$-0.08B,-7.29%,$1.13B,$0.00B,0.09%,$1.13B,$-0.13B,-11.38%,$1.13B,$-0.21B,-18.22%,$-0.21B,$0.89B,-20.26%,$-0.21B,$0.89B,-21.30%,$-0.21B,$1.80B,-10.33%,$-0.08B,$1.38B,-5.44%,$261,$215,$45,$0,$12,$317,$-56,$-11,$-67,$90,$-157,$-156,$-156,$-72,$-56,$61,61,$-2.56,$-2.55,$89,$77,$0,$244,$1488,$0,$2,$67,$1558,$1802,$163,$491,$199,$751,$914,$1,$332,$-13,$888,$1802,$-205,$82,$188,$271,$44,$3,$0,$-71,$-24,$42,$-38,$-2,$0,$0,$-8,$-8,$-7,$-55,$-64,$0,$-64,$0,$0,$0,$-2,$-66,$-79,$7,$0
12,2015-09-30,2.63,$17.07,0.15,$19.71,0.13,$2.25,1.17,$-0.72,0.0,$0.32B,$0.23B,1.4,$0.49B,$1.04B,0.47,$1.21B,$0.21B,17.08%,$1.21B,$-0.00B,-0.33%,$1.21B,$-0.00B,-0.33%,$1.21B,$0.13B,10.70%,$1.21B,$-0.05B,-4.23%,$1.21B,$-0.04B,-3.57%,$-0.04B,$1.04B,-4.05%,$-0.04B,$0.99B,-4.34%,$-0.04B,$2.00B,-2.08%,$-0.00B,$1.54B,-0.26%,$302,$249,$53,$0,$13,$284,$17,$-11,$7,$-2,$9,$9,$9,$63,$17,$61,61,$0.15,$0.14,$124,$76,$24,$320,$1515,$0,$53,$45,$1678,$1999,$228,$491,$180,$726,$954,$1,$488,$-11,$1044,$1999,$-49,$98,$13,$111,$26,$4,$0,$-16,$0,$62,$-28,$0,$0,$0,$-7,$-7,$-7,$-42,$-64,$0,$-64,$0,$0,$0,$-2,$-66,$-45,$5,$0
13,2015-06-30,4.66,$16.92,0.28,$20.39,0.23,$2.08,2.24,$0.63,7.4,$0.28B,$0.20B,1.44,$0.50B,$1.03B,0.48,$1.25B,$0.21B,16.61%,$1.25B,$0.07B,5.22%,$1.25B,$0.07B,5.22%,$1.25B,$0.18B,14.61%,$1.25B,$0.07B,5.94%,$1.25B,$0.04B,3.13%,$0.04B,$1.03B,3.64%,$0.04B,$0.98B,3.93%,$0.04B,$1.99B,1.86%,$0.07B,$1.53B,4.14%,$244,$222,$22,$0,$13,$295,$-51,$-12,$-63,$-10,$-53,$-53,$-53,$-27,$-51,$61,61,$-0.87,$-0.87,$96,$79,$34,$284,$1544,$0,$54,$48,$1709,$1994,$198,$499,$211,$763,$961,$1,$479,$-11,$1033,$1994,$-58,$53,$33,$85,$34,$1,$0,$-7,$-13,$15,$-16,$0,$0,$0,$0,$0,$-7,$-23,$-64,$0,$-64,$0,$0,$0,$-1,$-65,$-73,$3,$0
14,2015-03-31,5.82,$17.67,0.33,$21.66,0.27,$2.55,2.29,$1.46,3.99,$0.40B,$0.29B,1.35,$0.50B,$1.08B,0.46,$1.32B,$0.24B,17.84%,$1.32B,$0.12B,9.30%,$1.32B,$0.12B,9.30%,$1.32B,$0.25B,18.90%,$1.32B,$0.13B,9.90%,$1.32B,$0.09B,6.80%,$0.09B,$1.08B,8.48%,$0.09B,$1.00B,9.13%,$0.09B,$2.14B,4.16%,$0.12B,$1.58B,7.82%,$318,$264,$53,$0,$11,$310,$8,$-13,$-5,$-0,$-5,$-5,$-5,$37,$8,$61,61,$-0.08,$-0.08,$186,$78,$39,$397,$1557,$0,$88,$47,$1747,$2144,$293,$499,$217,$767,$1060,$1,$532,$-11,$1083,$2144,$-5,$29,$7,$36,$16,$2,$0,$-7,$1,$32,$-6,$0,$0,$0,$-1,$-1,$-7,$-14,$0,$0,$0,$0,$0,$0,$-1,$-1,$17,$1,$0
15,2014-12-31,9.18,$17.83,0.51,$21.70,0.42,$2.25,4.08,$1.28,7.17,$0.38B,$0.26B,1.5,$0.49B,$1.09B,0.45,$1.32B,$0.23B,17.37%,$1.32B,$0.13B,9.89%,$1.32B,$0.13B,9.89%,$1.32B,$0.26B,19.64%,$1.32B,$0.11B,8.61%,$1.32B,$0.08B,5.97%,$0.08B,$1.09B,7.62%,$0.08B,$1.00B,8.10%,$0.08B,$2.15B,3.60%,$0.13B,$1.58B,8.37%,$342,$264,$78,$0,$13,$319,$22,$-13,$10,$4,$6,$6,$6,$56,$22,$61,61,$0.10,$0.10,$169,$80,$18,$384,$1589,$0,$89,$32,$1767,$2151,$257,$490,$267,$807,$1063,$1,$537,$-11,$1088,$2151,$79,$127,$-59,$68,$-13,$-4,$0,$13,$-49,$98,$-19,$-39,$0,$-8,$85,$77,$-6,$13,$-159,$0,$-159,$0,$0,$0,$-15,$-174,$-63,$8,$0
16,2014-09-30,12.62,$17.77,0.71,$21.90,0.58,$3.15,4.01,$1.42,8.89,$0.34B,$0.30B,1.15,$0.50B,$1.08B,0.46,$1.34B,$0.22B,16.70%,$1.34B,$0.14B,10.19%,$1.34B,$0.14B,10.19%,$1.34B,$0.26B,19.40%,$1.34B,$0.12B,8.91%,$1.34B,$0.09B,6.52%,$0.09B,$1.08B,8.57%,$0.09B,$1.00B,9.02%,$0.09B,$2.11B,3.88%,$0.14B,$1.58B,8.57%,$342,$288,$54,$0,$12,$256,$86,$46,$132,$41,$91,$91,$91,$116,$86,$61,61,$1.50,$1.49,$119,$80,$46,$343,$1578,$0,$87,$42,$1769,$2111,$299,$498,$230,$728,$1027,$1,$531,$-8,$1084,$2111,$73,$94,$-78,$16,$-6,$-4,$0,$4,$-47,$42,$-18,$-37,$0,$-8,$89,$81,$-6,$19,$-159,$0,$-159,$0,$0,$0,$-15,$-174,$-112,$6,$0
17,2014-06-30,18.42,$16.21,1.14,$22.43,0.82,$4.47,4.12,$0.22,83.73,$0.46B,$0.30B,1.52,$0.56B,$0.99B,0.57,$1.37B,$0.25B,18.13%,$1.37B,$0.08B,6.14%,$1.37B,$0.08B,6.14%,$1.37B,$0.21B,15.20%,$1.37B,$0.00B,0.29%,$1.37B,$0.01B,1.02%,$0.01B,$0.99B,1.42%,$0.01B,$0.95B,1.47%,$0.01B,$2.25B,0.61%,$0.08B,$1.55B,5.25%,$321,$270,$51,$0,$12,$313,$7,$-14,$-6,$-3,$-3,$-2,$-2,$41,$7,$61,61,$-0.04,$-0.04,$225,$84,$52,$457,$1602,$0,$36,$51,$1790,$2246,$301,$562,$395,$957,$1258,$1,$440,$-10,$988,$2246,$-18,$64,$4,$69,$-0,$-4,$0,$-5,$-16,$35,$-9,$0,$0,$-8,$89,$81,$0,$72,$-100,$0,$-100,$0,$0,$0,$-14,$-114,$-6,$4,$0
18,2014-03-31,21.14,$16.21,1.3,$22.55,0.94,$4.29,4.93,$0.34,62.18,$0.45B,$0.32B,1.39,$0.56B,$0.99B,0.57,$1.38B,$0.25B,17.79%,$1.38B,$0.09B,6.83%,$1.38B,$0.09B,6.83%,$1.38B,$0.21B,15.54%,$1.38B,$0.02B,1.23%,$1.38B,$0.02B,1.53%,$0.02B,$0.99B,2.14%,$0.02B,$0.95B,2.23%,$0.02B,$2.26B,0.89%,$0.09B,$1.55B,5.76%,$319,$272,$47,$0,$12,$303,$16,$-38,$-22,$-6,$-16,$-16,$-16,$47,$16,$61,61,$-0.26,$-0.26,$208,$81,$59,$447,$1629,$0,$36,$51,$1814,$2261,$321,$562,$390,$952,$1273,$1,$442,$-10,$988,$2261,$-16,$31,$-1,$30,$-6,$-1,$0,$-6,$-2,$13,$-5,$0,$0,$-8,$89,$81,$0,$76,$-100,$0,$-100,$0,$0,$0,$-12,$-112,$-23,$2,$0
19,2013-12-31,18.0,$16.46,1.09,$22.83,0.79,$4.52,3.98,$0.85,21.18,$0.53B,$0.31B,1.73,$0.66B,$1.00B,0.66,$1.40B,$0.26B,18.62%,$1.40B,$0.11B,8.09%,$1.40B,$0.11B,8.09%,$1.40B,$0.23B,16.40%,$1.40B,$0.06B,4.51%,$1.40B,$0.05B,3.72%,$0.05B,$1.00B,5.36%,$0.05B,$0.96B,5.57%,$0.05B,$2.36B,2.18%,$0.11B,$1.66B,6.80%,$353,$283,$71,$0,$13,$326,$27,$-12,$15,$1,$14,$14,$14,$55,$27,$61,61,$0.23,$0.23,$312,$80,$46,$532,$1654,$0,$45,$35,$1826,$2357,$307,$661,$348,$1048,$1355,$1,$458,$-10,$1002,$2357,$52,$116,$33,$149,$2,$2,$0,$-4,$-21,$181,$-47,$-2,$0,$-64,$60,$-4,$-29,$-82,$-63,$0,$-63,$0,$0,$0,$-2,$-65,$34,$8,$0
20,2013-09-30,14.67,$16.03,0.91,$23.21,0.63,$5.51,2.66,$1.08,13.58,$0.55B,$0.35B,1.58,$0.66B,$0.98B,0.68,$1.42B,$0.28B,19.89%,$1.42B,$0.14B,9.87%,$1.42B,$0.14B,9.87%,$1.42B,$0.26B,18.12%,$1.42B,$0.09B,6.42%,$1.42B,$0.07B,4.65%,$0.07B,$0.98B,6.93%,$0.07B,$0.94B,7.20%,$0.07B,$2.38B,2.77%,$0.14B,$1.64B,8.45%,$375,$296,$79,$0,$13,$341,$34,$-17,$17,$-1,$18,$18,$18,$65,$34,$61,61,$0.30,$0.29,$300,$82,$55,$553,$1655,$0,$36,$43,$1824,$2378,$351,$661,$389,$1050,$1401,$1,$444,$-20,$976,$2378,$38,$88,$15,$103,$-10,$-0,$0,$-6,$4,$145,$-40,$0,$0,$-46,$46,$-0,$-19,$-59,$-63,$0,$-63,$0,$0,$0,$-1,$-64,$22,$6,$0
21,2013-06-30,16.48,$15.70,1.05,$24.05,0.69,$6.50,2.53,$2.18,7.56,$0.55B,$0.33B,1.68,$0.72B,$0.96B,0.75,$1.47B,$0.33B,22.26%,$1.47B,$0.19B,12.80%,$1.47B,$0.19B,12.80%,$1.47B,$0.30B,20.56%,$1.47B,$0.17B,11.78%,$1.47B,$0.13B,9.05%,$0.13B,$0.96B,14.22%,$0.13B,$0.92B,14.78%,$0.13B,$2.40B,5.60%,$0.19B,$1.68B,11.36%,$330,$282,$48,$0,$13,$313,$17,$-10,$7,$2,$4,$5,$5,$47,$17,$61,61,$0.08,$0.08,$280,$83,$64,$550,$1680,$0,$36,$44,$1852,$2402,$328,$720,$398,$1118,$1447,$1,$426,$-20,$955,$2402,$20,$57,$-1,$56,$-20,$-1,$0,$-10,$-32,$44,$-29,$0,$0,$-33,$33,$-0,$-4,$-32,$-9,$0,$-9,$0,$0,$0,$-1,$-10,$2,$4,$0
22,2013-03-31,18.78,$15.59,1.2,$24.29,0.77,$7.22,2.6,$2.65,7.09,$0.56B,$0.35B,1.6,$0.72B,$0.95B,0.76,$1.48B,$0.36B,24.02%,$1.48B,$0.23B,15.52%,$1.48B,$0.23B,15.52%,$1.48B,$0.34B,22.87%,$1.48B,$0.22B,14.64%,$1.48B,$0.16B,10.93%,$0.16B,$0.95B,17.99%,$0.16B,$0.91B,18.72%,$0.16B,$2.41B,6.89%,$0.23B,$1.67B,14.18%,$338,$276,$62,$0,$14,$303,$35,$-11,$24,$9,$15,$15,$15,$62,$35,$61,61,$0.25,$0.25,$299,$81,$50,$555,$1676,$0,$36,$44,$1849,$2405,$347,$720,$389,$1109,$1456,$1,$421,$-20,$948,$2405,$15,$27,$-1,$26,$-23,$1,$0,$-5,$-4,$37,$-15,$0,$0,$-13,$13,$-0,$0,$-16,$0,$0,$0,$0,$0,$0,$-1,$-1,$21,$2,$0
23,2012-12-31,19.33,$15.30,1.26,$24.89,0.78,$7.50,2.58,$2.84,6.81,$0.50B,$0.32B,1.58,$0.72B,$0.93B,0.77,$1.52B,$0.38B,25.31%,$1.52B,$0.24B,15.95%,$1.52B,$0.24B,15.95%,$1.52B,$0.35B,23.07%,$1.52B,$0.24B,15.49%,$1.52B,$0.17B,11.47%,$0.17B,$0.93B,20.26%,$0.17B,$0.90B,21.14%,$0.17B,$2.35B,7.44%,$0.24B,$1.65B,15.16%,$375,$281,$93,$0,$13,$320,$54,$-11,$43,$15,$28,$28,$28,$83,$54,$60,61,$0.47,$0.47,$278,$82,$30,$496,$1678,$0,$36,$41,$1856,$2351,$315,$719,$386,$1106,$1420,$1,$406,$-20,$931,$2351,$174,$108,$25,$133,$19,$-9,$0,$-11,$-59,$247,$-54,$-7,$-300,$-68,$62,$-5,$19,$-348,$-102,$0,$-102,$0,$0,$0,$-4,$-106,$-207,$12,$0
24,2012-09-30,18.1,$14.83,1.22,$25.38,0.71,$7.42,2.44,$3.10,5.84,$0.54B,$0.36B,1.5,$0.72B,$0.91B,0.79,$1.54B,$0.40B,25.78%,$1.54B,$0.25B,16.32%,$1.54B,$0.25B,16.32%,$1.54B,$0.36B,23.51%,$1.54B,$0.25B,16.19%,$1.54B,$0.19B,12.31%,$0.19B,$0.91B,23.35%,$0.19B,$0.87B,24.41%,$0.19B,$2.35B,8.15%,$0.25B,$1.63B,16.08%,$426,$302,$124,$0,$14,$344,$82,$17,$99,$14,$85,$85,$85,$110,$82,$60,61,$1.42,$1.39,$266,$82,$43,$537,$1643,$0,$36,$34,$1808,$2345,$359,$719,$360,$1080,$1439,$1,$378,$-18,$906,$2345,$146,$80,$7,$87,$-11,$-10,$0,$-17,$-30,$202,$-36,$0,$-300,$-59,$54,$-5,$26,$-316,$-102,$0,$-102,$0,$0,$0,$-2,$-105,$-219,$9,$0
25,2012-06-30,16.91,$13.39,1.26,$25.12,0.67,$6.86,2.46,$2.12,7.98,$0.47B,$0.36B,1.3,$0.73B,$0.82B,0.89,$1.53B,$0.37B,24.52%,$1.53B,$0.23B,15.08%,$1.53B,$0.23B,15.08%,$1.53B,$0.34B,22.30%,$1.53B,$0.23B,14.89%,$1.53B,$0.13B,8.52%,$0.13B,$0.82B,17.00%,$0.13B,$0.78B,17.84%,$0.13B,$2.30B,5.63%,$0.23B,$1.55B,15.00%,$343,$266,$77,$0,$13,$284,$59,$-8,$51,$19,$32,$34,$34,$84,$59,$60,61,$0.56,$0.55,$222,$78,$46,$470,$1646,$0,$36,$35,$1830,$2300,$362,$727,$393,$1120,$1482,$1,$292,$-18,$818,$2300,$60,$52,$17,$68,$4,$-6,$0,$-16,$-47,$81,$-22,$0,$-300,$-54,$29,$-25,$32,$-315,$-49,$0,$-49,$0,$0,$0,$0,$-49,$-283,$6,$0
26,2012-03-31,15.93,$12.79,1.25,$25.88,0.62,$6.88,2.32,$3.13,5.09,$0.82B,$0.41B,2.02,$0.78B,$0.78B,1.0,$1.57B,$0.40B,25.29%,$1.57B,$0.25B,15.67%,$1.57B,$0.25B,15.67%,$1.57B,$0.34B,21.85%,$1.57B,$0.20B,12.74%,$1.57B,$0.19B,12.17%,$0.19B,$0.78B,26.36%,$0.19B,$0.75B,27.73%,$0.19B,$2.36B,8.30%,$0.25B,$1.56B,16.18%,$373,$283,$90,$0,$15,$326,$47,$-5,$42,$15,$27,$27,$27,$73,$47,$60,61,$0.44,$0.44,$586,$75,$27,$817,$1348,$0,$36,$34,$1542,$2358,$405,$782,$391,$1173,$1578,$1,$259,$-18,$781,$2358,$27,$26,$20,$46,$2,$-4,$0,$-16,$-20,$53,$-14,$0,$0,$-28,$6,$-22,$68,$31,$0,$0,$0,$0,$0,$0,$0,$0,$84,$3,$0
27,2011-12-31,19.32,$12.32,1.57,$25.62,0.75,$6.80,2.84,$3.13,6.17,$0.77B,$0.40B,1.93,$0.78B,$0.75B,1.04,$1.55B,$0.40B,25.87%,$1.55B,$0.25B,16.28%,$1.55B,$0.25B,16.28%,$1.55B,$0.35B,22.65%,$1.55B,$0.20B,12.87%,$1.55B,$0.19B,12.29%,$0.19B,$0.75B,28.53%,$0.19B,$0.72B,30.14%,$0.19B,$2.32B,8.69%,$0.25B,$1.53B,17.64%,$402,$296,$107,$0,$12,$339,$64,$-6,$58,$13,$44,$44,$44,$96,$64,$60,61,$0.72,$0.72,$551,$72,$15,$771,$1350,$0,$36,$30,$1548,$2319,$400,$782,$387,$1169,$1569,$1,$232,$-19,$750,$2319,$190,$100,$30,$130,$-30,$-6,$0,$-3,$-23,$297,$-109,$0,$0,$-75,$-69,$-145,$78,$-176,$-55,$0,$-55,$0,$0,$0,$-2,$-57,$64,$9,$0
28,2011-09-30,16.95,$11.63,1.46,$29.83,0.57,$11.84,1.43,$2.69,6.3,$0.73B,$0.39B,1.85,$0.78B,$0.71B,1.1,$1.50B,$0.38B,25.37%,$1.50B,$0.23B,15.35%,$1.50B,$0.23B,15.35%,$1.50B,$0.33B,21.70%,$1.50B,$0.17B,11.55%,$1.50B,$0.16B,10.68%,$0.16B,$0.71B,26.03%,$0.16B,$0.67B,27.63%,$0.16B,$2.26B,7.63%,$0.23B,$1.49B,17.05%,$407,$307,$100,$0,$13,$347,$60,$16,$76,$52,$24,$25,$25,$87,$60,$60,61,$0.41,$0.41,$512,$73,$22,$728,$1322,$0,$36,$34,$1535,$2263,$393,$782,$379,$1161,$1554,$1,$188,$-14,$709,$2263,$146,$68,$25,$93,$-32,$-8,$0,$-10,$-27,$212,$-82,$0,$0,$0,$-69,$-69,$90,$-62,$-51,$0,$-51,$0,$0,$0,$-2,$-53,$97,$6,$0
29,2011-06-30,21.3,$10.79,1.97,$35.29,0.6,$16.38,1.3,$2.06,10.34,$0.70B,$0.35B,2.02,$0.84B,$0.66B,1.27,$1.46B,$0.39B,26.66%,$1.46B,$0.23B,15.99%,$1.46B,$0.23B,15.99%,$1.46B,$0.33B,22.69%,$1.46B,$0.13B,8.95%,$1.46B,$0.13B,8.75%,$0.13B,$0.66B,22.36%,$0.13B,$0.62B,23.84%,$0.13B,$2.26B,6.46%,$0.23B,$1.49B,18.33%,$388,$288,$100,$0,$13,$313,$75,$-51,$24,$-69,$93,$95,$95,$87,$75,$60,61,$1.58,$1.56,$488,$73,$32,$700,$1296,$0,$36,$35,$1560,$2260,$346,$835,$420,$1255,$1602,$1,$164,$-14,$658,$2260,$121,$41,$-5,$35,$-8,$-8,$0,$-19,$-38,$119,$-59,$0,$0,$0,$-69,$-69,$6,$-123,$-7,$0,$-7,$0,$0,$0,$-2,$-10,$-13,$5,$0
30,2011-03-31,21.59,$9.20,2.35,$34.57,0.62,$17.49,1.23,$1.01,21.38,$0.76B,$0.34B,2.21,$0.66B,$0.56B,1.18,$1.42B,$0.39B,27.59%,$1.42B,$0.22B,15.31%,$1.42B,$0.22B,15.31%,$1.42B,$0.33B,23.43%,$1.42B,$0.15B,10.80%,$1.42B,$0.05B,3.46%,$0.05B,$0.56B,9.12%,$0.05B,$0.53B,9.76%,$0.05B,$1.95B,2.64%,$0.22B,$1.22B,17.92%,$357,$261,$95,$0,$13,$303,$54,$-12,$42,$15,$27,$27,$27,$82,$54,$60,61,$0.45,$0.44,$557,$73,$35,$758,$998,$0,$36,$35,$1196,$1953,$343,$659,$391,$1050,$1392,$1,$69,$-14,$561,$1953,$27,$28,$21,$50,$-5,$-8,$0,$-19,$4,$80,$-46,$0,$0,$0,$0,$0,$22,$-24,$0,$0,$0,$0,$0,$0,$0,$0,$56,$2,$0
31,2010-12-31,23.23,$8.73,2.66,$33.87,0.69,$18.32,1.27,$0.95,24.45,$0.69B,$0.34B,2.05,$0.66B,$0.53B,1.24,$1.37B,$0.39B,28.45%,$1.37B,$0.21B,15.39%,$1.37B,$0.21B,15.39%,$1.37B,$0.33B,23.92%,$1.37B,$0.15B,10.65%,$1.37B,$0.03B,2.48%,$0.03B,$0.53B,6.59%,$0.03B,$0.50B,7.07%,$0.03B,$1.92B,1.89%,$0.21B,$1.19B,17.52%,$346,$261,$85,$0,$16,$304,$41,$-11,$31,$2,$29,$30,$13,$69,$41,$32,32,$0.38,$0.39,$522,$65,$17,$692,$1008,$0,$36,$38,$1223,$1915,$338,$659,$387,$1046,$1384,$1,$42,$-15,$531,$1915,$117,$116,$58,$173,$18,$-1,$0,$-8,$34,$325,$-65,$0,$0,$0,$0,$0,$-127,$-192,$-51,$0,$-51,$0,$0,$0,$-10,$-61,$72,$7,$0
32,2010-09-30,18.25,$17.16,1.06,$28.64,0.64,$15.79,1.16,$3.86,4.73,$0.68B,$0.31B,2.18,$0.66B,$0.54B,1.23,$1.36B,$0.41B,30.25%,$1.36B,$0.22B,16.01%,$1.36B,$0.22B,16.01%,$1.36B,$0.33B,24.38%,$1.36B,$0.16B,11.60%,$1.36B,$0.21B,15.64%,$0.21B,$0.54B,43.07%,$0.21B,$0.51B,46.43%,$0.21B,$1.79B,12.24%,$0.22B,$1.20B,18.22%,$372,$262,$110,$0,$17,$308,$64,$-31,$34,$15,$19,$20,$-7,$94,$64,$31,31,$-0.22,$-0.22,$506,$67,$15,$680,$965,$0,$36,$39,$1113,$1793,$313,$663,$277,$940,$1253,$0,$29,$-7,$540,$1793,$87,$88,$47,$135,$-5,$-2,$0,$-6,$38,$261,$-56,$0,$0,$0,$0,$0,$-137,$-193,$-47,$0,$-47,$0,$0,$0,$-1,$-49,$19,$5,$0
