,Date,Stock Price,Book Value per Share,Price to Book Ratio,TTM Sales per Share,Price to Sales Ratio,TTM FCF per Share,Price to FCF Ratio,TTM Net EPS,PE Ratio,Current Assets,Current Liabilities,Current Ratio,Long Term Debt,Shareholder's Equity_x,Debt to Equity Ratio,TTM Revenue_x,TTM Gross Profit,Gross Margin,TTM Revenue_y,TTM Operating Income,Operating Margin,TTM Revenue_x,TTM EBIT,EBIT Margin,TTM Revenue_y,TTM EBITDA,EBITDA Margin,TTM Revenue_x,TTM Pre-Tax Income,Pre-Tax Margin,TTM Revenue_y,TTM Net Income_x,Net Margin,TTM Net Income_y,Shareholder's Equity_y,Return on Equity,TTM Net Income_x,Tangible Equity,Return on Tangible Equity,TTM Net Income_y,Total Assets,Return on Assets,TTM Net Income,LT Investments & Debt,Return on Investment,revenue,cost-goods-sold,gross-profit,research-development-expenses,selling-general-administrative-expenses,operating-expenses,operating-income,total-non-operating-income-expense,pre-tax-income,total-provision-income-taxes,income-after-taxes,income-from-continuous-operations,net-income,ebitda,ebit,basic-shares-outstanding,shares-outstanding,eps-basic-net-earnings-per-share,eps-earnings-per-share-diluted,cash-on-hand,inventory,other-current-assets,total-current-assets,net-property-plant-equipment,long-term-investments,goodwill-intangible-assets-total,other-long-term-assets,total-long-term-assets,total-assets,total-current-liabilities,long-term-debt,other-non-current-liabilities,total-long-term-liabilities,total-liabilities,common-stock-net,retained-earnings-accumulated-deficit,comprehensive-income,total-share-holder-equity,total-liabilities-share-holders-equity,net-income-loss,total-depreciation-amortization-cash-flow,other-non-cash-items,total-non-cash-items,change-in-accounts-receivable,change-in-inventories,change-in-accounts-payable,change-in-assets-liabilities,total-change-in-assets-liabilities,cash-flow-from-operating-activities,net-change-in-property-plant-equipment,net-change-in-intangible-assets,net-acquisitions-divestitures,net-change-in-short-term-investments,net-change-in-long-term-investments,net-change-in-investments-total,investing-activities-other,cash-flow-from-investing-activities,net-long-term-debt,net-current-debt,debt-issuance-retirement-net-total,net-common-equity-issued-repurchased,net-total-equity-issued-repurchased,total-common-preferred-stock-dividends-paid,financial-activities-other,cash-flow-from-financial-activities,net-cash-flow,stock-based-compensation,common-stock-dividends-paid
0,2018-09-30,0.45,$0.76,0.59,$0.08,5.62,$-1.67,0.0,$-0.98,0.0,$0.11B,$0.02B,6.59,$0.00B,$0.13B,0.0,$0.01B,$0.01B,100.00%,$0.01B,$-0.17B,-1554.55%,$0.01B,$-0.17B,-1554.55%,$0.01B,$-0.08B,-681.82%,$0.01B,$-0.17B,-1500.00%,$0.01B,$-0.15B,-1318.18%,$-0.15B,$0.13B,-92.65%,$-0.15B,$0.08B,-180.69%,$-0.15B,$0.17B,-68.00%,$-0.17B,$0.13B,-109.27%,$1,$0,$1,$12,$4,$9,$-8,$1,$-7,$0,$-7,$-7,$-7,$-7,$-8,$164,164,$-0.04,$-0.04,$106,$0,$0,$111,$7,$0,$49,$2,$57,$168,$17,$0,$23,$23,$40,$0,$-953,$3,$128,$168,$-142,$93,$-3,$91,$-1,$0,$0,$1,$-9,$-60,$-0,$0,$0,$27,$0,$27,$0,$26,$0,$0,$0,$26,$26,$0,$0,$26,$-7,$6,$0
1,2018-06-30,0.5,$0.82,0.62,$0.10,4.8,$-1.94,0.0,$-1.18,0.0,$0.12B,$0.02B,6.02,$0.00B,$0.13B,0.0,$0.01B,$0.01B,100.00%,$0.01B,$-0.20B,-1392.86%,$0.01B,$-0.20B,-1392.86%,$0.01B,$-0.10B,-707.14%,$0.01B,$-0.19B,-1357.14%,$0.01B,$-0.16B,-1171.43%,$-0.16B,$0.13B,-91.49%,$-0.16B,$0.08B,-217.22%,$-0.16B,$0.18B,-65.34%,$-0.20B,$0.13B,-108.79%,$3,$0,$3,$21,$6,$20,$-17,$0,$-16,$0,$-16,$-16,$-16,$-16,$-17,$147,147,$-0.11,$-0.11,$114,$0,$0,$120,$7,$0,$49,$2,$58,$178,$20,$0,$30,$30,$50,$0,$-946,$3,$128,$178,$-135,$93,$2,$95,$-1,$0,$0,$0,$-6,$-45,$-1,$0,$0,$29,$0,$29,$0,$29,$0,$0,$0,$20,$20,$0,$0,$20,$4,$5,$0
2,2018-03-31,2.33,$0.94,2.49,$0.12,19.97,$-2.08,0.0,$-1.30,0.0,$0.13B,$0.02B,5.45,$0.00B,$0.13B,0.0,$0.02B,$0.02B,100.00%,$0.02B,$-0.21B,-1380.00%,$0.02B,$-0.21B,-1380.00%,$0.02B,$-0.11B,-740.00%,$0.02B,$-0.20B,-1353.33%,$0.02B,$-0.18B,-1180.00%,$-0.18B,$0.13B,-86.34%,$-0.18B,$0.09B,-251.06%,$-0.18B,$0.19B,-60.41%,$-0.21B,$0.13B,-100.98%,$4,$0,$4,$22,$6,$124,$-120,$1,$-119,$-1,$-118,$-118,$-118,$-28,$-120,$141,141,$-0.84,$-0.84,$123,$0,$0,$131,$10,$0,$49,$2,$60,$191,$24,$0,$33,$33,$57,$0,$-929,$3,$134,$191,$-118,$92,$7,$99,$-2,$0,$0,$-1,$-9,$-28,$-0,$0,$0,$16,$0,$16,$0,$15,$0,$0,$0,$12,$12,$0,$0,$12,$-0,$2,$0
3,2017-12-31,2.84,$1.71,1.66,$0.10,28.33,$-2.17,0.0,$-0.74,0.0,$0.15B,$0.03B,5.22,$0.00B,$0.24B,0.0,$0.01B,$0.01B,100.00%,$0.01B,$-0.12B,-938.46%,$0.01B,$-0.12B,-938.46%,$0.01B,$-0.12B,-900.00%,$0.01B,$-0.12B,-907.69%,$0.01B,$-0.09B,-715.38%,$-0.09B,$0.24B,-39.83%,$-0.09B,$0.08B,-136.26%,$-0.09B,$0.32B,-27.74%,$-0.12B,$0.24B,-52.25%,$3,$0,$3,$23,$6,$29,$-26,$3,$-23,$-19,$-4,$-4,$-4,$-24,$-26,$129,129,$-0.01,$-0.01,$139,$0,$0,$145,$10,$0,$159,$2,$171,$316,$28,$0,$52,$52,$79,$0,$-813,$3,$236,$316,$-93,$5,$0,$5,$-0,$0,$0,$-3,$-12,$-100,$-2,$0,$0,$48,$0,$48,$0,$46,$0,$0,$0,$51,$51,$0,$0,$51,$-2,$12,$0
4,2017-09-30,2.86,$1.66,1.72,$0.09,31.15,$-2.52,0.0,$-1.01,0.0,$0.15B,$0.03B,5.91,$0.00B,$0.22B,0.0,$0.01B,$0.01B,100.00%,$0.01B,$-0.13B,-1091.67%,$0.01B,$-0.13B,-1091.67%,$0.01B,$-0.13B,-1050.00%,$0.01B,$-0.13B,-1058.33%,$0.01B,$-0.12B,-1008.33%,$-0.12B,$0.22B,-50.26%,$-0.12B,$0.06B,-168.06%,$-0.12B,$0.32B,-34.38%,$-0.13B,$0.22B,-54.41%,$4,$0,$4,$22,$5,$36,$-32,$0,$-32,$-5,$-26,$-26,$-26,$-31,$-32,$130,130,$-0.20,$-0.20,$141,$0,$0,$147,$11,$0,$159,$2,$172,$319,$25,$0,$75,$75,$100,$0,$-809,$3,$219,$319,$-89,$4,$17,$21,$-1,$0,$0,$-0,$-12,$-80,$-2,$0,$0,$61,$0,$61,$0,$60,$0,$0,$0,$33,$33,$0,$0,$33,$12,$10,$0
5,2017-06-30,2.47,$1.82,1.36,$0.08,29.55,$-2.83,0.0,$-1.10,0.0,$0.16B,$0.03B,5.56,$0.00B,$0.23B,0.0,$0.01B,$0.01B,100.00%,$0.01B,$-0.13B,-1290.00%,$0.01B,$-0.13B,-1290.00%,$0.01B,$-0.12B,-1240.00%,$0.01B,$-0.13B,-1250.00%,$0.01B,$-0.13B,-1250.00%,$-0.13B,$0.23B,-52.03%,$-0.13B,$0.06B,-120.19%,$-0.13B,$0.35B,-37.29%,$-0.13B,$0.23B,-53.69%,$4,$0,$4,$25,$7,$33,$-29,$0,$-29,$0,$-29,$-29,$-29,$-28,$-29,$125,125,$-0.23,$-0.23,$154,$0,$0,$160,$12,$0,$172,$2,$186,$346,$29,$0,$86,$86,$115,$0,$-782,$3,$231,$346,$-63,$3,$11,$14,$0,$0,$0,$-1,$-7,$-56,$-1,$0,$0,$60,$0,$60,$0,$58,$0,$0,$0,$22,$22,$0,$0,$22,$24,$7,$0
6,2017-03-31,3.61,$2.00,1.81,$0.07,53.82,$-3.08,0.0,$-1.19,0.0,$0.17B,$0.03B,6.42,$0.00B,$0.25B,0.0,$0.01B,$0.01B,100.00%,$0.01B,$-0.13B,-1885.71%,$0.01B,$-0.13B,-1885.71%,$0.01B,$-0.13B,-1814.29%,$0.01B,$-0.13B,-1828.57%,$0.01B,$-0.13B,-1828.57%,$-0.13B,$0.25B,-53.06%,$-0.13B,$0.08B,-91.10%,$-0.13B,$0.36B,-40.44%,$-0.13B,$0.25B,-54.72%,$2,$0,$2,$26,$7,$37,$-35,$1,$-34,$0,$-34,$-34,$-34,$-34,$-35,$123,123,$-0.28,$-0.28,$167,$0,$0,$173,$12,$0,$172,$2,$187,$360,$27,$0,$85,$85,$112,$0,$-754,$3,$248,$360,$-34,$2,$7,$9,$0,$0,$0,$-2,$-10,$-35,$-0,$0,$0,$23,$0,$23,$0,$22,$0,$0,$0,$13,$13,$0,$0,$13,$0,$4,$0
7,2016-12-31,3.54,$2.20,1.61,$0.07,52.24,$-3.15,0.0,$-1.26,0.0,$0.20B,$0.04B,5.55,$0.00B,$0.27B,0.0,$0.01B,$0.01B,100.00%,$0.01B,$-0.13B,-2216.67%,$0.01B,$-0.13B,-2216.67%,$0.01B,$-0.13B,-2116.67%,$0.01B,$-0.13B,-2150.00%,$0.01B,$-0.13B,-2150.00%,$-0.13B,$0.27B,-52.81%,$-0.13B,$0.09B,-71.97%,$-0.13B,$0.38B,-42.72%,$-0.13B,$0.27B,-54.45%,$2,$0,$2,$25,$12,$37,$-35,$3,$-32,$0,$-32,$-32,$-32,$-33,$-35,$102,102,$-0.31,$-0.31,$190,$0,$0,$196,$13,$0,$172,$2,$188,$383,$35,$0,$83,$83,$118,$0,$-719,$3,$265,$383,$-129,$5,$17,$22,$-1,$0,$0,$-1,$-7,$-113,$-3,$0,$5,$67,$0,$67,$0,$69,$0,$0,$0,$14,$14,$0,$0,$14,$-30,$15,$0
8,2016-09-30,4.04,$2.14,1.88,$0.07,59.63,$-3.08,0.0,$-1.29,0.0,$0.21B,$0.02B,11.26,$0.00B,$0.22B,0.0,$0.01B,$0.01B,100.00%,$0.01B,$-0.13B,-2183.33%,$0.01B,$-0.13B,-2183.33%,$0.01B,$-0.13B,-2083.33%,$0.01B,$-0.13B,-2166.67%,$0.01B,$-0.13B,-2166.67%,$-0.13B,$0.22B,-51.90%,$-0.13B,$0.19B,-58.82%,$-0.13B,$0.25B,-44.71%,$-0.13B,$0.22B,-52.30%,$2,$0,$2,$25,$7,$32,$-30,$0,$-30,$0,$-30,$-30,$-30,$-29,$-30,$101,101,$-0.29,$-0.29,$203,$0,$0,$210,$11,$0,$29,$2,$42,$252,$19,$0,$16,$16,$35,$0,$-687,$3,$217,$252,$-96,$4,$13,$17,$-1,$0,$0,$-1,$-14,$-93,$-2,$0,$0,$43,$0,$43,$0,$41,$0,$0,$0,$11,$11,$0,$0,$11,$-40,$12,$0
9,2016-06-30,4.39,$2.36,1.86,$0.06,78.24,$-3.05,0.0,$-1.32,0.0,$0.23B,$0.02B,11.44,$0.00B,$0.24B,0.0,$0.01B,$0.01B,100.00%,$0.01B,$-0.13B,-2660.00%,$0.01B,$-0.13B,-2660.00%,$0.01B,$-0.13B,-2540.00%,$0.01B,$-0.13B,-2640.00%,$0.01B,$-0.13B,-2640.00%,$-0.13B,$0.24B,-47.83%,$-0.13B,$0.21B,-53.60%,$-0.13B,$0.27B,-41.77%,$-0.13B,$0.24B,-48.19%,$1,$0,$1,$26,$8,$34,$-32,$0,$-32,$0,$-32,$-32,$-32,$-31,$-32,$99,99,$-0.32,$-0.32,$220,$0,$0,$229,$11,$0,$29,$2,$42,$271,$20,$0,$16,$16,$36,$0,$-658,$3,$235,$271,$-67,$3,$10,$12,$-0,$0,$0,$-4,$-14,$-69,$-1,$0,$0,$28,$0,$28,$0,$26,$0,$0,$0,$3,$3,$0,$0,$3,$-40,$8,$0
10,2016-03-31,3.78,$2.63,1.44,$0.06,58.9,$-2.95,0.0,$-1.33,0.0,$0.26B,$0.03B,10.31,$0.00B,$0.26B,0.0,$0.01B,$0.01B,100.00%,$0.01B,$-0.13B,-2233.33%,$0.01B,$-0.13B,-2233.33%,$0.01B,$-0.13B,-2133.33%,$0.01B,$-0.13B,-2200.00%,$0.01B,$-0.13B,-2200.00%,$-0.13B,$0.26B,-43.46%,$-0.13B,$0.23B,-48.18%,$-0.13B,$0.30B,-38.37%,$-0.13B,$0.26B,-44.12%,$1,$0,$1,$27,$9,$37,$-36,$1,$-35,$0,$-35,$-35,$-35,$-34,$-36,$99,99,$-0.35,$-0.35,$254,$0,$0,$261,$11,$0,$30,$0,$41,$302,$25,$0,$17,$17,$42,$0,$-626,$3,$260,$302,$-35,$2,$6,$7,$0,$0,$0,$-3,$-7,$-35,$-1,$0,$0,$26,$0,$26,$0,$26,$0,$0,$0,$0,$0,$0,$0,$0,$-9,$4,$0
11,2015-12-31,15.68,$2.94,5.33,$0.06,278.87,$-2.96,0.0,$-1.31,0.0,$0.30B,$0.03B,9.75,$0.00B,$0.29B,0.0,$0.01B,$0.01B,100.00%,$0.01B,$-0.13B,-2580.00%,$0.01B,$-0.13B,-2580.00%,$0.01B,$-0.13B,-2500.00%,$0.01B,$-0.13B,-2540.00%,$0.01B,$-0.13B,-2540.00%,$-0.13B,$0.29B,-38.17%,$-0.13B,$0.26B,-41.98%,$-0.13B,$0.34B,-34.28%,$-0.13B,$0.29B,-38.77%,$2,$0,$2,$24,$11,$35,$-33,$1,$-33,$0,$-33,$-33,$-33,$-31,$-33,$97,97,$-0.33,$-0.33,$290,$0,$0,$295,$11,$0,$30,$1,$43,$338,$30,$0,$17,$17,$47,$0,$-591,$2,$290,$338,$-127,$4,$13,$17,$-1,$0,$0,$7,$11,$-99,$-5,$0,$0,$-45,$0,$-45,$0,$-50,$0,$0,$0,$193,$193,$0,$0,$193,$44,$13,$0
12,2015-09-30,10.54,$3.23,3.26,$0.05,194.09,$-3.05,0.0,$-1.34,0.0,$0.31B,$0.02B,13.09,$0.00B,$0.32B,0.0,$0.00B,$0.00B,100.00%,$0.00B,$-0.13B,-3200.00%,$0.00B,$-0.13B,-3200.00%,$0.00B,$-0.12B,-3100.00%,$0.00B,$-0.13B,-3150.00%,$0.00B,$-0.13B,-3150.00%,$-0.13B,$0.32B,-40.22%,$-0.13B,$0.29B,-44.56%,$-0.13B,$0.35B,-36.21%,$-0.13B,$0.32B,-40.86%,$1,$0,$1,$25,$8,$33,$-32,$0,$-32,$0,$-32,$-32,$-32,$-31,$-32,$99,99,$-0.32,$-0.32,$305,$0,$0,$309,$12,$0,$30,$2,$43,$353,$24,$0,$10,$10,$34,$0,$-558,$3,$319,$353,$-95,$2,$9,$11,$-0,$0,$0,$-2,$-2,$-85,$-4,$0,$0,$-64,$0,$-64,$0,$-69,$0,$0,$0,$193,$193,$0,$0,$193,$39,$9,$0
13,2015-06-30,25.22,$3.51,7.19,$0.06,448.68,$-3.05,0.0,$-1.33,0.0,$0.34B,$0.03B,12.72,$0.00B,$0.35B,0.0,$0.00B,$0.00B,100.00%,$0.00B,$-0.13B,-3150.00%,$0.00B,$-0.13B,-3150.00%,$0.00B,$-0.12B,-3050.00%,$0.00B,$-0.12B,-3050.00%,$0.00B,$-0.12B,-3050.00%,$-0.12B,$0.35B,-41.60%,$-0.12B,$0.32B,-46.48%,$-0.12B,$0.38B,-37.22%,$-0.13B,$0.35B,-42.97%,$2,$0,$2,$26,$8,$35,$-33,$0,$-32,$0,$-32,$-32,$-32,$-32,$-33,$98,98,$-0.33,$-0.33,$334,$0,$0,$340,$12,$0,$30,$2,$44,$383,$27,$0,$11,$11,$37,$0,$-526,$2,$346,$383,$-63,$1,$5,$6,$-0,$0,$0,$-3,$-0,$-57,$-3,$0,$0,$-78,$0,$-78,$0,$-81,$0,$0,$0,$192,$192,$0,$0,$192,$54,$5,$0
14,2015-03-31,27.87,$3.81,7.31,$0.04,684.45,$-3.04,0.0,$-1.32,0.0,$0.36B,$0.02B,17.22,$0.00B,$0.38B,0.0,$0.00B,$0.00B,100.00%,$0.00B,$-0.12B,-4066.67%,$0.00B,$-0.12B,-4066.67%,$0.00B,$-0.12B,-3900.00%,$0.00B,$-0.12B,-3933.33%,$0.00B,$-0.12B,-3933.33%,$-0.12B,$0.38B,-43.22%,$-0.12B,$0.35B,-48.76%,$-0.12B,$0.41B,-38.50%,$-0.12B,$0.38B,-44.69%,$0,$0,$0,$25,$6,$31,$-31,$1,$-30,$0,$-30,$-30,$-30,$-31,$-31,$92,92,$-0.33,$-0.33,$360,$0,$0,$364,$11,$0,$31,$2,$44,$408,$21,$0,$11,$11,$32,$0,$-494,$3,$376,$408,$-30,$-0,$2,$2,$-0,$0,$0,$-1,$-4,$-33,$-2,$0,$0,$-63,$0,$-63,$0,$-65,$0,$0,$0,$192,$192,$0,$0,$192,$94,$2,$0
15,2014-12-31,18.25,$2.36,7.72,$0.04,454.87,$-3.03,0.0,$-1.32,0.0,$0.21B,$0.02B,8.37,$0.00B,$0.21B,0.0,$0.00B,$0.00B,100.00%,$0.00B,$-0.12B,-4066.67%,$0.00B,$-0.12B,-4066.67%,$0.00B,$-0.12B,-3966.67%,$0.00B,$-0.12B,-3933.33%,$0.00B,$-0.12B,-3933.33%,$-0.12B,$0.21B,-46.83%,$-0.12B,$0.18B,-53.45%,$-0.12B,$0.25B,-41.51%,$-0.12B,$0.21B,-48.41%,$1,$0,$1,$27,$6,$34,$-32,$0,$-32,$0,$-32,$-32,$-32,$-30,$-32,$89,89,$-0.36,$-0.36,$201,$0,$0,$205,$11,$0,$31,$2,$43,$248,$24,$0,$12,$12,$36,$0,$-464,$3,$212,$248,$-118,$3,$7,$10,$0,$0,$0,$5,$6,$-102,$-2,$0,$0,$-39,$0,$-39,$0,$-41,$0,$0,$0,$1,$1,$0,$0,$1,$-141,$7,$0
16,2014-09-30,12.96,$2.68,4.84,$0.03,413.12,$-2.77,0.0,$-1.23,0.0,$0.23B,$0.02B,10.63,$0.00B,$0.24B,0.0,$0.00B,$0.00B,100.00%,$0.00B,$-0.11B,-3733.33%,$0.00B,$-0.11B,-3733.33%,$0.00B,$-0.11B,-3666.67%,$0.00B,$-0.11B,-3600.00%,$0.00B,$-0.11B,-3600.00%,$-0.11B,$0.24B,-38.71%,$-0.11B,$0.21B,-43.64%,$-0.11B,$0.27B,-34.95%,$-0.11B,$0.24B,-40.14%,$1,$0,$1,$26,$5,$31,$-30,$2,$-28,$0,$-28,$-28,$-28,$-29,$-30,$89,89,$-0.31,$-0.31,$224,$0,$0,$230,$11,$0,$31,$0,$42,$272,$22,$0,$11,$11,$32,$0,$-432,$3,$239,$272,$-86,$2,$5,$6,$-2,$0,$0,$4,$0,$-79,$-2,$0,$0,$-57,$0,$-57,$0,$-59,$0,$0,$0,$1,$1,$0,$0,$1,$-137,$5,$0
17,2014-06-30,16.32,$2.97,5.5,$0.03,523.87,$-2.54,0.0,$-1.21,0.0,$0.26B,$0.02B,12.06,$0.00B,$0.27B,0.0,$0.00B,$0.00B,100.00%,$0.00B,$-0.11B,-3500.00%,$0.00B,$-0.11B,-3500.00%,$0.00B,$-0.10B,-3433.33%,$0.00B,$-0.10B,-3433.33%,$0.00B,$-0.10B,-3433.33%,$-0.10B,$0.27B,-39.85%,$-0.10B,$0.23B,-45.42%,$-0.10B,$0.30B,-35.98%,$-0.11B,$0.27B,-40.62%,$1,$0,$1,$24,$5,$29,$-29,$0,$-28,$0,$-28,$-28,$-28,$-27,$-29,$89,89,$-0.32,$-0.32,$252,$0,$0,$256,$11,$0,$31,$0,$42,$298,$21,$0,$11,$11,$32,$0,$-404,$3,$265,$298,$-58,$0,$3,$3,$-0,$0,$0,$4,$2,$-53,$-1,$0,$0,$-76,$0,$-76,$0,$-77,$0,$0,$0,$1,$1,$0,$0,$1,$-129,$3,$0
18,2014-03-31,17.67,$3.27,5.41,$0.03,686.82,$-2.38,0.0,$-1.13,0.0,$0.28B,$0.02B,14.19,$0.00B,$0.29B,0.0,$0.00B,$0.00B,100.00%,$0.00B,$-0.10B,-4750.00%,$0.00B,$-0.10B,-4750.00%,$0.00B,$-0.10B,-4750.00%,$0.00B,$-0.09B,-4700.00%,$0.00B,$-0.09B,-4700.00%,$-0.09B,$0.29B,-39.75%,$-0.09B,$0.26B,-45.97%,$-0.09B,$0.32B,-36.05%,$-0.10B,$0.29B,-40.17%,$0,$0,$0,$27,$5,$32,$-31,$2,$-30,$0,$-30,$-30,$-30,$-33,$-31,$89,89,$-0.33,$-0.33,$274,$0,$0,$277,$10,$0,$32,$0,$42,$319,$20,$0,$7,$7,$27,$0,$-376,$3,$292,$319,$-30,$-1,$1,$-0,$0,$0,$0,$-0,$-2,$-32,$-0,$0,$0,$-81,$0,$-81,$0,$-81,$0,$0,$0,$1,$1,$0,$0,$1,$-113,$1,$0
19,2013-12-31,24.21,$3.58,6.76,$0.05,451.03,$-2.26,0.0,$-1.03,0.0,$0.31B,$0.02B,15.0,$0.00B,$0.32B,0.0,$0.00B,$0.00B,50.00%,$0.00B,$-0.08B,-2025.00%,$0.00B,$-0.08B,-2025.00%,$0.00B,$-0.08B,-2000.00%,$0.00B,$-0.08B,-2025.00%,$0.00B,$-0.08B,-2025.00%,$-0.08B,$0.32B,-38.16%,$-0.08B,$0.29B,-45.00%,$-0.08B,$0.35B,-34.18%,$-0.08B,$0.32B,-37.98%,$1,$0,$1,$18,$5,$23,$-22,$0,$-22,$0,$-22,$-22,$-22,$-21,$-22,$80,80,$-0.26,$-0.26,$303,$0,$0,$305,$10,$0,$32,$0,$42,$347,$20,$0,$7,$7,$27,$0,$-346,$3,$320,$347,$-82,$2,$5,$6,$-0,$0,$0,$1,$8,$-68,$-4,$0,$0,$-73,$0,$-73,$0,$-77,$-11,$0,$-11,$301,$301,$0,$-0,$290,$145,$5,$0
20,2013-09-30,35.43,$1.93,18.33,$0.11,324.76,$-2.22,0.0,$-1.03,0.0,$0.14B,$0.02B,8.33,$0.00B,$0.16B,0.0,$0.01B,$0.00B,14.29%,$0.01B,$-0.08B,-1085.71%,$0.01B,$-0.08B,-1085.71%,$0.01B,$-0.08B,-1071.43%,$0.01B,$-0.08B,-1085.71%,$0.01B,$-0.08B,-1085.71%,$-0.08B,$0.16B,-48.64%,$-0.08B,$0.13B,-61.41%,$-0.08B,$0.18B,-41.82%,$-0.08B,$0.16B,-47.87%,$1,$0,$1,$20,$4,$24,$-23,$0,$-23,$0,$-23,$-23,$-23,$-22,$-23,$81,81,$-0.29,$-0.29,$137,$0,$0,$140,$9,$0,$32,$0,$41,$181,$17,$0,$7,$7,$24,$0,$-324,$3,$157,$181,$-59,$1,$3,$4,$-1,$0,$0,$0,$2,$-53,$-2,$0,$0,$-62,$0,$-62,$0,$-64,$-11,$0,$-11,$117,$117,$0,$-0,$106,$-10,$3,$0
21,2013-06-30,15.61,$2.19,7.14,$0.15,104.52,$-2.16,0.0,$-0.99,0.0,$0.16B,$0.01B,12.51,$0.00B,$0.18B,0.0,$0.01B,0,0.00%,$0.01B,$-0.07B,-755.56%,$0.01B,$-0.07B,-755.56%,$0.01B,$-0.07B,-744.44%,$0.01B,$-0.07B,-755.56%,$0.01B,$-0.07B,-755.56%,$-0.07B,$0.18B,-48.66%,$-0.07B,$0.15B,-63.55%,$-0.07B,$0.20B,-40.84%,$-0.07B,$0.18B,-47.22%,$0,$0,$0,$15,$3,$19,$-19,$-0,$-19,$0,$-19,$-19,$-19,$-19,$-19,$81,81,$-0.24,$-0.24,$155,$0,$0,$156,$7,$0,$32,$0,$40,$196,$13,$0,$7,$7,$19,$0,$-300,$3,$177,$196,$-36,$-0,$1,$1,$0,$0,$0,$-0,$0,$-35,$-1,$0,$0,$-68,$0,$-68,$0,$-69,$-11,$0,$-11,$116,$116,$0,$-0,$105,$1,$1,$0
22,2013-03-31,11.58,$2.41,4.8,$0.18,63.5,$-2.15,0.0,$-0.98,0.0,$0.18B,$0.02B,10.06,$0.00B,$0.20B,0.02,$0.01B,0,0.00%,$0.01B,$-0.06B,-563.64%,$0.01B,$-0.06B,-563.64%,$0.01B,$-0.06B,-545.45%,$0.01B,$-0.06B,-572.73%,$0.01B,$-0.06B,-572.73%,$-0.06B,$0.20B,-52.83%,$-0.06B,$0.16B,-73.26%,$-0.06B,$0.22B,-42.57%,$-0.06B,$0.20B,-49.40%,$2,$2,$0,$14,$3,$20,$-17,$0,$-17,$0,$-17,$-17,$-17,$-18,$-17,$74,74,$-0.23,$-0.23,$182,$0,$0,$184,$7,$0,$33,$0,$40,$224,$18,$4,$7,$11,$29,$0,$-281,$3,$195,$224,$-17,$-0,$1,$1,$-0,$0,$0,$-1,$-0,$-17,$-0,$0,$0,$-46,$0,$-46,$0,$-47,$-1,$0,$-1,$116,$116,$0,$-0,$115,$51,$1,$0
23,2012-12-31,6.71,$1.49,4.51,$0.20,33.84,$-2.18,0.0,$-1.02,0.0,$0.09B,$0.02B,4.81,$0.01B,$0.10B,0.06,$0.01B,0,0.00%,$0.01B,$-0.06B,-527.27%,$0.01B,$-0.06B,-527.27%,$0.01B,$-0.06B,-500.00%,$0.01B,$-0.06B,-545.45%,$0.01B,$-0.06B,-545.45%,$-0.06B,$0.10B,-61.54%,$-0.06B,$0.06B,-93.75%,$-0.06B,$0.13B,-47.52%,$-0.06B,$0.10B,-55.11%,$4,$4,$0,$14,$3,$20,$-17,$-0,$-17,$0,$-17,$-17,$-17,$-16,$-17,$58,58,$-0.27,$-0.27,$84,$0,$0,$85,$7,$0,$33,$0,$40,$126,$18,$6,$6,$12,$30,$0,$-264,$3,$96,$126,$-59,$2,$2,$5,$0,$0,$0,$1,$4,$-50,$-0,$0,$0,$-17,$0,$-17,$0,$-17,$-4,$0,$-4,$84,$84,$0,$-0,$80,$13,$2,$0
24,2012-09-30,6.3,$1.50,4.21,$0.20,32.03,$-2.23,0.0,$-1.04,0.0,$0.08B,$0.02B,5.21,$0.01B,$0.09B,0.08,$0.01B,0,0.00%,$0.01B,$-0.05B,-588.89%,$0.01B,$-0.05B,-588.89%,$0.01B,$-0.05B,-555.56%,$0.01B,$-0.06B,-622.22%,$0.01B,$-0.06B,-622.22%,$-0.06B,$0.09B,-61.71%,$-0.06B,$0.06B,-98.25%,$-0.06B,$0.12B,-46.96%,$-0.05B,$0.10B,-53.40%,$3,$3,$0,$12,$3,$18,$-15,$-0,$-15,$0,$-15,$-15,$-15,$-14,$-15,$59,59,$-0.25,$-0.25,$78,$0,$0,$79,$8,$0,$33,$0,$41,$120,$15,$7,$6,$14,$29,$0,$-247,$3,$91,$120,$-42,$2,$2,$4,$0,$0,$0,$1,$2,$-36,$0,$0,$0,$-12,$0,$-12,$0,$-12,$-3,$0,$-3,$63,$63,$0,$-0,$60,$11,$2,$0
25,2012-06-30,5.18,$1.61,3.22,$0.20,26.15,$-2.22,0.0,$-1.06,0.0,$0.08B,$0.01B,6.39,$0.01B,$0.10B,0.09,$0.01B,0,0.00%,$0.01B,$-0.05B,-612.50%,$0.01B,$-0.05B,-612.50%,$0.01B,$-0.05B,-575.00%,$0.01B,$-0.05B,-662.50%,$0.01B,$-0.05B,-662.50%,$-0.05B,$0.10B,-60.06%,$-0.05B,$0.06B,-98.15%,$-0.05B,$0.12B,-45.59%,$-0.05B,$0.10B,-50.13%,$2,$2,$0,$11,$2,$15,$-13,$-0,$-14,$0,$-14,$-14,$-14,$-12,$-13,$59,59,$-0.23,$-0.23,$79,$0,$0,$80,$8,$0,$33,$0,$42,$122,$13,$9,$6,$15,$28,$0,$-232,$3,$95,$122,$-27,$1,$1,$3,$0,$0,$0,$-0,$-1,$-26,$0,$0,$0,$-18,$0,$-18,$0,$-18,$-1,$0,$-1,$52,$52,$0,$-0,$51,$7,$1,$0
26,2012-03-31,5.09,$1.84,2.77,$0.22,23.59,$-2.28,0.0,$-1.10,0.0,$0.09B,$0.01B,7.51,$0.01B,$0.11B,0.09,$0.01B,0,0.00%,$0.01B,$-0.05B,-575.00%,$0.01B,$-0.05B,-575.00%,$0.01B,$-0.04B,-537.50%,$0.01B,$-0.05B,-612.50%,$0.01B,$-0.05B,-612.50%,$-0.05B,$0.11B,-56.00%,$-0.05B,$0.07B,-92.45%,$-0.05B,$0.14B,-42.52%,$-0.05B,$0.12B,-47.18%,$2,$2,$0,$11,$2,$16,$-13,$-0,$-14,$0,$-14,$-14,$-14,$-13,$-13,$50,50,$-0.27,$-0.27,$92,$0,$0,$94,$8,$0,$34,$0,$43,$137,$13,$10,$6,$16,$29,$0,$-219,$3,$108,$137,$-14,$0,$1,$1,$0,$0,$0,$-0,$-1,$-14,$-0,$0,$0,$-27,$0,$-27,$0,$-28,$0,$0,$0,$52,$52,$0,$-0,$52,$11,$1,$0
27,2011-12-31,2.6,$1.55,1.67,$0.25,10.58,$-2.29,0.0,$-1.14,0.0,$0.06B,$0.01B,3.83,$0.01B,$0.07B,0.13,$0.01B,0,0.00%,$0.01B,$-0.04B,-477.78%,$0.01B,$-0.04B,-477.78%,$0.01B,$-0.04B,-422.22%,$0.01B,$-0.05B,-500.00%,$0.01B,$-0.05B,-500.00%,$-0.05B,$0.07B,-58.44%,$-0.05B,$0.04B,-107.14%,$-0.05B,$0.10B,-43.27%,$-0.04B,$0.08B,-49.28%,$2,$2,$0,$10,$2,$15,$-12,$-0,$-13,$0,$-13,$-13,$-13,$-11,$-12,$40,40,$-0.28,$-0.28,$53,$0,$0,$55,$9,$0,$34,$0,$43,$98,$14,$9,$6,$15,$29,$0,$-205,$3,$69,$98,$-45,$4,$3,$7,$0,$0,$0,$0,$2,$-36,$-0,$0,$0,$-2,$0,$-2,$0,$-2,$-8,$0,$-8,$36,$36,$0,$-0,$28,$-9,$2,$0
28,2011-09-30,2.29,$1.83,1.25,$1.37,1.67,$-2.39,0.0,$-0.15,0.0,$0.06B,$0.01B,5.97,$0.01B,$0.08B,0.14,$0.05B,$0.03B,68.89%,$0.05B,$-0.01B,-22.22%,$0.05B,$-0.01B,-22.22%,$0.05B,$-0.01B,-11.11%,$0.05B,$-0.01B,-20.00%,$0.05B,$-0.01B,-20.00%,$-0.01B,$0.08B,-11.46%,$-0.01B,$0.05B,-20.93%,$-0.01B,$0.11B,-8.41%,$-0.01B,$0.09B,-11.27%,$2,$2,$0,$9,$2,$14,$-11,$-0,$-12,$0,$-12,$-12,$-12,$-10,$-11,$44,44,$-0.27,$-0.27,$63,$0,$0,$64,$10,$0,$34,$0,$44,$108,$11,$11,$6,$17,$28,$0,$-192,$3,$81,$108,$-32,$3,$2,$5,$0,$0,$0,$-0,$1,$-26,$-0,$0,$0,$-10,$0,$-10,$0,$-10,$-8,$0,$-8,$36,$36,$0,$-0,$28,$-8,$2,$0
29,2011-06-30,3.55,$2.08,1.7,$1.39,2.55,$-2.60,0.0,$-0.16,0.0,$0.07B,$0.01B,7.04,$0.01B,$0.09B,0.11,$0.05B,$0.03B,71.11%,$0.05B,$-0.01B,-17.78%,$0.05B,$-0.01B,-17.78%,$0.05B,$-0.00B,-4.44%,$0.05B,$-0.01B,-13.33%,$0.05B,$-0.01B,-13.33%,$-0.01B,$0.09B,-8.42%,$-0.01B,$0.06B,-16.90%,$-0.01B,$0.12B,-5.56%,$-0.01B,$0.10B,-10.16%,$2,$2,$0,$7,$2,$12,$-10,$-0,$-10,$0,$-10,$-10,$-10,$-9,$-10,$37,37,$-0.27,$-0.27,$71,$0,$0,$73,$10,$0,$35,$0,$45,$118,$10,$10,$6,$16,$26,$0,$-181,$3,$92,$118,$-20,$2,$1,$3,$0,$0,$0,$-0,$-1,$-18,$-0,$0,$0,$-20,$0,$-20,$0,$-21,$-8,$0,$-8,$36,$36,$0,$-0,$28,$-10,$1,$0
30,2011-03-31,4.02,$2.05,1.96,$1.43,2.81,$-2.67,0.0,$-0.19,0.0,$0.05B,$0.01B,5.18,$0.01B,$0.07B,0.18,$0.05B,$0.03B,71.74%,$0.05B,$-0.01B,-15.22%,$0.05B,$-0.01B,-15.22%,$0.05B,$-0.00B,-2.17%,$0.05B,$-0.01B,-13.04%,$0.05B,$-0.01B,-13.04%,$-0.01B,$0.07B,-9.49%,$-0.01B,$0.03B,-22.22%,$-0.01B,$0.09B,-5.50%,$-0.01B,$0.08B,-10.26%,$3,$3,$0,$7,$2,$12,$-10,$-0,$-10,$0,$-10,$-10,$-10,$-8,$-10,$32,32,$-0.31,$-0.31,$44,$0,$0,$46,$10,$0,$35,$0,$46,$92,$9,$12,$6,$18,$27,$0,$-170,$3,$66,$92,$-10,$1,$1,$2,$0,$0,$0,$0,$-1,$-9,$-0,$0,$0,$5,$0,$5,$0,$5,$-8,$0,$-8,$0,$0,$0,$-0,$-8,$-11,$1,$0
31,2010-12-31,4.12,$2.35,1.75,$1.47,2.8,$-2.62,0.0,$-0.09,0.0,$0.06B,$0.02B,3.12,$0.01B,$0.08B,0.12,$0.05B,$0.03B,72.34%,$0.05B,$-0.01B,-12.77%,$0.05B,$-0.01B,-12.77%,$0.05B,0,0.00%,$0.05B,$-0.00B,-6.38%,$0.05B,$-0.00B,-6.38%,$-0.00B,$0.08B,-4.71%,$-0.00B,$0.04B,-11.01%,$-0.00B,$0.11B,-2.52%,$-0.01B,$0.08B,-9.09%,$38,$7,$31,$7,$3,$17,$21,$2,$23,$0,$23,$23,$23,$22,$21,$32,32,$0.71,$0.71,$61,$0,$0,$63,$11,$0,$36,$0,$47,$110,$20,$9,$6,$14,$35,$0,$-160,$3,$75,$110,$-3,$6,$3,$9,$0,$0,$0,$-36,$-37,$-30,$-2,$0,$0,$-14,$0,$-14,$0,$-16,$10,$0,$10,$1,$1,$0,$-0,$11,$-36,$3,$0
32,2010-09-30,4.0,$1.62,2.46,$0.52,7.63,$-3.09,0.0,$-1.22,0.0,$0.06B,$0.02B,2.54,$0.00B,$0.05B,0.0,$0.01B,$0.01B,35.71%,$0.01B,$-0.04B,-285.71%,$0.01B,$-0.04B,-285.71%,$0.01B,$-0.03B,-242.86%,$0.01B,$-0.04B,-278.57%,$0.01B,$-0.04B,-278.57%,$-0.04B,$0.05B,-61.42%,$-0.04B,$0.02B,-148.57%,$-0.04B,$0.11B,-30.83%,$-0.04B,$0.05B,-60.38%,$2,$1,$1,$7,$2,$11,$-9,$-0,$-9,$0,$-9,$-9,$-9,$-7,$-9,$32,32,$-0.28,$-0.28,$58,$0,$0,$59,$11,$0,$36,$5,$53,$112,$23,$0,$6,$37,$60,$0,$-183,$3,$52,$112,$-25,$5,$3,$8,$0,$0,$0,$-5,$-7,$-24,$-2,$0,$0,$-22,$0,$-22,$0,$-24,$0,$0,$0,$1,$1,$0,$-0,$1,$-47,$2,$0
33,2010-06-30,4.56,$1.88,2.42,$0.70,6.49,$-3.45,0.0,$-1.39,0.0,$0.07B,$0.02B,2.88,$0.00B,$0.06B,0.0,$0.02B,$0.01B,37.50%,$0.02B,$-0.04B,-237.50%,$0.02B,$-0.04B,-237.50%,$0.02B,$-0.03B,-206.25%,$0.02B,$-0.04B,-231.25%,$0.02B,$-0.04B,-231.25%,$-0.04B,$0.06B,-74.00%,$-0.04B,$0.02B,-174.12%,$-0.04B,$0.12B,-33.48%,$-0.04B,$0.06B,-71.70%,$3,$2,$1,$7,$3,$12,$-9,$-0,$-10,$0,$-10,$-10,$-10,$-8,$-9,$32,32,$-0.30,$-0.30,$66,$0,$0,$68,$11,$0,$37,$6,$53,$122,$24,$0,$6,$38,$62,$0,$-174,$3,$60,$122,$-16,$3,$2,$5,$-0,$0,$0,$-4,$-6,$-17,$-1,$0,$0,$-25,$0,$-25,$0,$-26,$0,$0,$0,$1,$1,$0,$-0,$1,$-42,$2,$0
34,2010-03-31,6.14,$2.16,2.85,$0.78,7.88,$-3.71,0.0,$-1.64,0.0,$0.08B,$0.03B,3.15,$0.00B,$0.07B,0.0,$0.02B,$0.01B,37.50%,$0.02B,$-0.04B,-237.50%,$0.02B,$-0.04B,-237.50%,$0.02B,$-0.03B,-206.25%,$0.02B,$-0.04B,-225.00%,$0.02B,$-0.04B,-225.00%,$-0.04B,$0.07B,-100.00%,$-0.04B,$0.03B,-225.00%,$-0.04B,$0.13B,-38.50%,$-0.04B,$0.07B,-96.82%,$4,$2,$1,$6,$3,$13,$-9,$3,$-7,$0,$-7,$-7,$-7,$-7,$-9,$32,32,$-0.21,$-0.21,$75,$0,$0,$78,$11,$0,$37,$6,$54,$132,$25,$0,$6,$39,$64,$0,$-164,$3,$68,$132,$-7,$2,$1,$4,$-0,$0,$0,$-2,$-4,$-7,$-0,$0,$0,$-7,$0,$-7,$0,$-8,$0,$0,$0,$0,$0,$0,$-0,$0,$-14,$1,$0
35,2009-12-31,4.67,$2.33,2.01,$0.90,5.2,$-3.79,0.0,$-1.92,0.0,$0.08B,$0.01B,5.83,$0.01B,$0.07B,0.16,$0.02B,$0.01B,43.75%,$0.02B,$-0.04B,-231.25%,$0.02B,$-0.04B,-231.25%,$0.02B,$-0.03B,-206.25%,$0.02B,$-0.04B,-231.25%,$0.02B,$-0.04B,-231.25%,$-0.04B,$0.07B,-168.18%,$-0.04B,$0.04B,-344.19%,$-0.04B,$0.14B,-48.52%,$-0.04B,$0.09B,-145.10%,$5,$3,$2,$8,$6,$18,$-13,$-0,$-13,$0,$-13,$-13,$-13,$-12,$-13,$20,20,$-0.35,$-0.35,$82,$0,$0,$84,$11,$0,$39,$6,$56,$140,$14,$12,$6,$52,$67,$0,$-158,$3,$74,$140,$-37,$4,$2,$6,$1,$0,$0,$2,$1,$-30,$0,$0,$52,$-7,$0,$-7,$0,$45,$-3,$0,$-3,$1,$1,$0,$-0,$-2,$13,$3,$0
36,2009-09-30,5.49,$-0.14,-38.91,$0.85,6.47,$-1.18,0.0,$-1.96,0.0,$0.03B,$0.01B,1.99,$0.00B,$-0.00B,-0.44,$0.01B,$0.01B,42.86%,$0.01B,$-0.03B,-228.57%,$0.01B,$-0.03B,-228.57%,$0.01B,$-0.03B,-200.00%,$0.01B,$-0.03B,-221.43%,$0.01B,$-0.03B,-221.43%,$-0.03B,$-0.00B,-387.50%,$-0.03B,$-0.00B,-516.67%,$-0.03B,$0.05B,-52.77%,$-0.03B,$-0.00B,-365.71%,$4,$2,$2,$5,$4,$11,$-7,$-0,$-7,$0,$-7,$-7,$-7,$-6,$-7,$16,16,$-0.45,$-0.45,$26,$0,$0,$28,$12,$0,$2,$6,$20,$48,$14,$1,$0,$36,$50,$0,$-145,$3,$-2,$48,$-24,$2,$2,$4,$1,$0,$0,$-0,$0,$-19,$0,$0,$0,$0,$0,$0,$0,$0,$0,$0,$0,$0,$0,$0,$-0,$0,$-18,$2,$0
37,2009-06-30,7.82,$0.27,28.86,$0.75,10.5,$1.03,7.62,$-2.01,0.0,$0.03B,$0.01B,2.61,$0.00B,$0.00B,0.24,$0.01B,$0.01B,50.00%,$0.01B,$-0.03B,-283.33%,$0.01B,$-0.03B,-283.33%,$0.01B,$-0.03B,-250.00%,$0.01B,$-0.03B,-266.67%,$0.01B,$-0.03B,-266.67%,$-0.03B,$0.00B,-220.69%,$-0.03B,$0.00B,-261.22%,$-0.03B,$0.05B,-48.12%,$-0.03B,$0.01B,-222.95%,$3,$1,$1,$6,$4,$11,$-9,$0,$-9,$0,$-9,$-9,$-9,$-8,$-9,$16,16,$-0.55,$-0.55,$32,$0,$0,$34,$13,$0,$2,$6,$21,$54,$13,$1,$0,$37,$50,$0,$-138,$3,$4,$54,$-16,$2,$1,$3,$1,$0,$0,$1,$0,$-14,$1,$0,$0,$0,$0,$0,$0,$1,$0,$0,$0,$0,$0,$0,$-0,$0,$-13,$2,$0
38,2009-03-31,6.51,$0.75,8.74,$0.70,9.24,$3.54,1.84,$-2.13,0.0,$0.04B,$0.01B,2.98,$0.00B,$0.01B,0.09,$0.01B,$0.01B,63.64%,$0.01B,$-0.04B,-318.18%,$0.01B,$-0.04B,-318.18%,$0.01B,$-0.03B,-290.91%,$0.01B,$-0.03B,-300.00%,$0.01B,$-0.03B,-300.00%,$-0.03B,$0.01B,-159.04%,$-0.03B,$0.01B,-178.38%,$-0.03B,$0.06B,-44.30%,$-0.04B,$0.01B,-162.79%,$4,$2,$2,$6,$3,$12,$-8,$0,$-8,$0,$-8,$-8,$-8,$-7,$-8,$16,16,$-0.49,$-0.49,$39,$0,$0,$42,$13,$0,$2,$6,$22,$63,$14,$1,$0,$38,$52,$0,$-129,$3,$12,$63,$-8,$1,$1,$1,$1,$0,$0,$-0,$1,$-6,$1,$0,$0,$0,$0,$0,$0,$1,$0,$0,$0,$0,$0,$0,$-0,$-0,$-5,$1,$0
39,2008-12-31,7.92,$1.15,6.9,$0.48,16.4,$3.42,2.32,$-3.83,0.0,$0.05B,$0.01B,3.34,$0.00B,$0.02B,0.0,$0.01B,$0.01B,71.43%,$0.01B,$-0.05B,-700.00%,$0.01B,$-0.05B,-700.00%,$0.01B,$-0.05B,-671.43%,$0.01B,$-0.05B,-671.43%,$0.01B,$-0.05B,-671.43%,$-0.05B,$0.02B,-189.90%,$-0.05B,$0.02B,-211.24%,$-0.05B,$0.07B,-68.12%,$-0.05B,$0.02B,-192.16%,$3,$2,$1,$6,$3,$11,$-8,$0,$-7,$0,$-7,$-7,$-7,$-7,$-8,$16,16,$-0.47,$-0.47,$44,$0,$0,$47,$14,$0,$2,$7,$23,$70,$14,$0,$1,$38,$52,$0,$-121,$3,$18,$70,$-48,$3,$20,$22,$-2,$0,$0,$44,$43,$18,$-1,$0,$11,$0,$0,$0,$-0,$10,$0,$0,$0,$11,$11,$0,$-0,$11,$39,$5,$0
40,2008-09-30,11.63,$1.52,7.66,$0.34,34.24,$1.19,9.76,$-4.20,0.0,$0.06B,$0.02B,3.02,$0.00B,$0.02B,0.03,$0.00B,$0.00B,100.00%,$0.00B,$-0.05B,-1125.00%,$0.00B,$-0.05B,-1125.00%,$0.00B,$-0.04B,-1100.00%,$0.00B,$-0.04B,-1100.00%,$0.00B,$-0.04B,-1100.00%,$-0.04B,$0.02B,-220.00%,$-0.04B,$0.02B,-247.89%,$-0.04B,$0.08B,-81.86%,$-0.05B,$0.03B,-216.87%,$2,$0,$2,$7,$4,$11,$-9,$1,$-8,$0,$-8,$-8,$-8,$-8,$-9,$16,16,$-0.49,$-0.49,$43,$0,$0,$56,$14,$0,$3,$7,$24,$79,$18,$1,$0,$37,$55,$0,$-114,$3,$24,$79,$-40,$2,$19,$21,$-11,$0,$0,$46,$36,$17,$-1,$0,$11,$0,$0,$0,$-0,$10,$0,$0,$0,$11,$11,$0,$-0,$11,$38,$4,$0
41,2008-06-30,14.56,$1.87,7.77,$0.22,65.59,$-0.54,0.0,$-4.54,0.0,$0.07B,$0.02B,3.43,$0.00B,$0.03B,0.03,$0.00B,$0.00B,100.00%,$0.00B,$-0.04B,-2000.00%,$0.00B,$-0.04B,-2000.00%,$0.00B,$-0.04B,-2000.00%,$0.00B,$-0.04B,-2000.00%,$0.00B,$-0.04B,-2000.00%,$-0.04B,$0.03B,-380.95%,$-0.04B,$0.03B,-500.00%,$-0.04B,$0.09B,-89.39%,$-0.04B,$0.03B,-326.53%,$2,$0,$2,$8,$5,$12,$-10,$0,$-10,$0,$-10,$-10,$-10,$-10,$-10,$15,15,$-0.67,$-0.67,$52,$0,$0,$69,$14,$0,$3,$0,$17,$86,$20,$1,$0,$37,$57,$0,$-106,$2,$29,$86,$-32,$1,$17,$18,$-1,$0,$0,$35,$40,$26,$-0,$0,$11,$0,$0,$0,$-0,$11,$0,$0,$0,$11,$11,$0,$-0,$11,$47,$2,$0
42,2008-03-31,9.8,$1.89,5.19,$0.17,58.88,$-2.83,0.0,$-4.71,0.0,$0.02B,$0.01B,1.98,$0.00B,$0.03B,0.03,$0.00B,$0.00B,100.00%,$0.00B,$-0.03B,-3300.00%,$0.00B,$-0.03B,-3300.00%,$0.00B,$-0.03B,-3300.00%,$0.00B,$-0.03B,-3300.00%,$0.00B,$-0.03B,-3300.00%,$-0.03B,$0.03B,-3300.00%,$-0.03B,$0.03B,1650.00%,$-0.03B,$0.04B,-92.96%,$-0.03B,$0.03B,-880.00%,$0,$0,$0,$4,$3,$22,$-22,$0,$-22,$0,$-22,$-22,$-22,$-22,$-22,$10,10,$-2.19,$-2.19,$11,$0,$0,$23,$15,$0,$3,$0,$18,$41,$11,$1,$0,$1,$13,$0,$-96,$3,$28,$41,$-22,$0,$16,$17,$-0,$0,$0,$-0,$1,$-4,$-0,$0,$11,$0,$0,$0,$0,$11,$0,$0,$0,$0,$0,$0,$-0,$0,$7,$2,$0
43,2007-12-31,6.0,$-0.07,-85.35,$0.17,35.46,$-2.70,0.0,$-3.36,0.0,$0.01B,$0.01B,0.56,$0.00B,$-0.00B,0.0,$0.00B,$0.00B,100.00%,$0.00B,$-0.02B,-1500.00%,$0.00B,$-0.02B,-1500.00%,$0.00B,$-0.02B,-1500.00%,$0.00B,$-0.02B,-1500.00%,$0.00B,$-0.02B,-1500.00%,$-0.02B,$-0.00B,222.22%,$-0.02B,$-0.00B,146.34%,$-0.02B,$0.01B,-38.71%,$-0.02B,$-0.00B,461.54%,$0,$0,$0,$2,$3,$5,$-4,$0,$-4,$0,$-4,$-4,$-4,$-4,$-4,$8,8,$-0.50,$-0.50,$5,$0,$0,$6,$2,$0,$1,$1,$4,$9,$10,$0,$0,$0,$11,$0,$-74,$3,$-1,$9,$-15,$1,$2,$2,$4,$0,$0,$-1,$4,$-9,$-0,$0,$0,$0,$0,$0,$-0,$-0,$0,$0,$0,$0,$0,$0,$0,$0,$-9,$2,$0
44,2007-09-30,6.72,$-2.26,-2.98,$0.13,52.44,$-1.81,0.0,$-3.48,0.0,$0.02B,$0.01B,2.44,$0.01B,$-0.01B,-0.34,$0.00B,$0.00B,100.00%,$0.00B,$-0.02B,-1800.00%,$0.00B,$-0.02B,-1800.00%,$0.00B,$-0.02B,-1900.00%,$0.00B,$-0.02B,-1700.00%,$0.00B,$-0.02B,-1700.00%,$-0.02B,$-0.01B,283.33%,$-0.02B,$-0.02B,161.90%,$-0.02B,$0.04B,-32.85%,$-0.02B,$-0.01B,720.00%,$0,$0,$0,$3,$1,$4,$-4,$0,$-4,$0,$-4,$-4,$-4,$-4,$-4,$8,8,$-0.49,$-0.49,$20,$0,$0,$21,$17,$1,$4,$0,$22,$43,$9,$5,$0,$49,$57,$0,$-273,$0,$-14,$43,$-11,$1,$1,$2,$4,$0,$0,$-0,$3,$-6,$-0,$0,$0,$0,$0,$0,$-0,$-0,$0,$0,$0,$0,$0,$0,$0,$0,$-5,$1,$0
45,2007-06-30,9.96,$-1.43,-6.97,$0.15,66.13,$2.68,3.71,$-3.60,0.0,$0.03B,$0.01B,3.23,$0.01B,$-0.01B,-0.55,$0.00B,$0.00B,100.00%,$0.00B,$-0.02B,-2000.00%,$0.00B,$-0.02B,-2000.00%,$0.00B,$-0.02B,-2100.00%,$0.00B,$-0.02B,-1900.00%,$0.00B,$-0.02B,-1900.00%,$-0.02B,$-0.01B,3800.00%,$-0.02B,$-0.01B,345.45%,$-0.02B,$0.05B,-33.33%,$-0.02B,$-0.00B,-800.00%,$1,$0,$1,$2,$1,$3,$-3,$0,$-3,$0,$-3,$-3,$-3,$-3,$-3,$8,8,$-0.33,$-0.33,$26,$0,$0,$27,$17,$1,$5,$0,$22,$49,$8,$5,$0,$50,$58,$0,$-267,$-0,$-9,$49,$-7,$0,$1,$1,$2,$0,$0,$0,$1,$-5,$-0,$0,$0,$0,$0,$0,$-0,$-0,$0,$0,$0,$0,$0,$0,$0,$0,$-5,$1,$0
46,2007-03-31,17.52,$-0.54,-32.18,$0.16,110.11,$8.15,2.15,$-3.72,0.0,$0.03B,$0.01B,3.32,$0.01B,$-0.00B,-1.34,$0.00B,$0.00B,100.00%,$0.00B,$-0.02B,-2300.00%,$0.00B,$-0.02B,-2300.00%,$0.00B,$-0.02B,-2400.00%,$0.00B,$-0.02B,-2200.00%,$0.00B,$-0.02B,-2200.00%,$-0.02B,$-0.00B,-440.00%,$-0.02B,$-0.01B,4400.00%,$-0.02B,$0.05B,-35.48%,$-0.02B,$0.00B,-317.24%,$0,$0,$0,$3,$2,$4,$-4,$0,$-4,$0,$-4,$-4,$-4,$-4,$-4,$8,8,$-0.49,$-0.49,$33,$0,$0,$34,$16,$0,$5,$0,$20,$54,$10,$5,$0,$48,$58,$0,$-262,$0,$-3,$54,$-4,$0,$0,$1,$3,$0,$0,$-1,$1,$-2,$-0,$0,$0,$0,$0,$0,$-0,$-0,$0,$0,$0,$0,$0,$0,$0,$0,$-3,$0,$0
47,2006-12-31,16.08,$0.35,46.0,$0.74,21.68,$14.35,1.12,$-3.36,0.0,$0.04B,$0.01B,4.21,$0.00B,$0.00B,0.0,$0.01B,$0.01B,100.00%,$0.01B,$-0.02B,-440.00%,$0.01B,$-0.02B,-440.00%,$0.01B,$-0.02B,-440.00%,$0.01B,$-0.02B,-420.00%,$0.01B,$-0.02B,-420.00%,$-0.02B,$0.00B,-204.88%,$-0.02B,$-0.00B,-466.67%,$-0.02B,$0.06B,-31.46%,$-0.02B,$0.00B,-183.33%,$0,$0,$0,$5,$2,$7,$-7,$1,$-6,$-0,$-6,$-6,$-6,$-8,$-7,$74,74,$-0.08,$-0.08,$41,$0,$0,$42,$14,$0,$5,$0,$19,$61,$10,$0,$4,$49,$59,$0,$-256,$0,$2,$61,$-18,$1,$3,$4,$1,$0,$0,$1,$0,$-14,$-2,$0,$0,$0,$0,$0,$0,$-2,$2,$0,$2,$0,$0,$0,$0,$2,$-11,$2,$0
