,Date,Stock Price,Book Value per Share,Price to Book Ratio,TTM Sales per Share,Price to Sales Ratio,TTM FCF per Share,Price to FCF Ratio,TTM Net EPS,PE Ratio,Current Assets,Current Liabilities,Current Ratio,Long Term Debt,Shareholder's Equity_x,Debt to Equity Ratio,TTM Revenue_x,TTM Gross Profit,Gross Margin,TTM Revenue_y,TTM Operating Income,Operating Margin,TTM Revenue_x,TTM EBIT,EBIT Margin,TTM Revenue_y,TTM EBITDA,EBITDA Margin,TTM Revenue_x,TTM Pre-Tax Income,Pre-Tax Margin,TTM Revenue_y,TTM Net Income_x,Net Margin,TTM Net Income_y,Shareholder's Equity_y,Return on Equity,TTM Net Income_x,Tangible Equity,Return on Tangible Equity,TTM Net Income_y,Total Assets,Return on Assets,TTM Net Income,LT Investments & Debt,Return on Investment,revenue,cost-goods-sold,gross-profit,research-development-expenses,selling-general-administrative-expenses,operating-expenses,operating-income,total-non-operating-income-expense,pre-tax-income,total-provision-income-taxes,income-after-taxes,income-from-continuous-operations,net-income,ebitda,ebit,basic-shares-outstanding,shares-outstanding,eps-basic-net-earnings-per-share,eps-earnings-per-share-diluted,cash-on-hand,inventory,other-current-assets,total-current-assets,net-property-plant-equipment,long-term-investments,goodwill-intangible-assets-total,other-long-term-assets,total-long-term-assets,total-assets,total-current-liabilities,long-term-debt,other-non-current-liabilities,total-long-term-liabilities,total-liabilities,common-stock-net,retained-earnings-accumulated-deficit,comprehensive-income,total-share-holder-equity,total-liabilities-share-holders-equity,net-income-loss,total-depreciation-amortization-cash-flow,other-non-cash-items,total-non-cash-items,change-in-accounts-receivable,change-in-inventories,change-in-accounts-payable,change-in-assets-liabilities,total-change-in-assets-liabilities,cash-flow-from-operating-activities,net-change-in-property-plant-equipment,net-change-in-intangible-assets,net-acquisitions-divestitures,net-change-in-short-term-investments,net-change-in-long-term-investments,net-change-in-investments-total,investing-activities-other,cash-flow-from-investing-activities,net-long-term-debt,net-current-debt,debt-issuance-retirement-net-total,net-common-equity-issued-repurchased,net-total-equity-issued-repurchased,total-common-preferred-stock-dividends-paid,financial-activities-other,cash-flow-from-financial-activities,net-cash-flow,stock-based-compensation,common-stock-dividends-paid
0,2018-09-30,13.45,$5.05,2.67,$5.77,2.33,$0.78,17.15,$0.18,74.72,$0.04B,$0.01B,8.25,$0.00B,$0.07B,0.0,$0.08B,$0.03B,40.26%,$0.08B,$0.01B,6.49%,$0.08B,$0.01B,6.49%,$0.08B,$0.01B,9.09%,$0.08B,$0.01B,9.09%,$0.08B,$0.01B,6.49%,$0.01B,$0.07B,7.46%,$0.01B,$0.06B,8.47%,$0.01B,$0.07B,7.04%,$0.01B,$0.07B,7.46%,$22,$14,$9,$0,$6,$20,$3,$0,$3,$1,$2,$2,$2,$3,$3,$13,13,$0.14,$0.14,$17,$10,$1,$41,$5,$18,$10,$0,$33,$74,$5,$0,$0,$0,$5,$0,$13,$0,$69,$74,$4,$2,$2,$4,$-6,$1,$0,$0,$-3,$5,$-1,$-0,$-10,$-1,$0,$-1,$0,$-13,$0,$0,$0,$-1,$-1,$0,$-0,$-2,$-10,$2,$0
1,2018-06-30,11.05,$4.89,2.26,$5.45,2.03,$0.84,13.19,$0.27,40.93,$0.04B,$0.00B,9.21,$0.00B,$0.07B,0.0,$0.07B,$0.03B,41.10%,$0.07B,$0.00B,5.48%,$0.07B,$0.00B,5.48%,$0.07B,$0.01B,8.22%,$0.07B,$0.01B,8.22%,$0.07B,$0.00B,5.48%,$0.00B,$0.07B,6.06%,$0.00B,$0.06B,6.69%,$0.00B,$0.07B,5.73%,$0.00B,$0.07B,6.06%,$21,$13,$8,$0,$6,$19,$2,$0,$3,$1,$2,$2,$2,$3,$2,$13,13,$0.13,$0.13,$18,$10,$1,$38,$5,$18,$10,$0,$34,$71,$4,$0,$0,$0,$4,$0,$11,$0,$67,$71,$2,$2,$1,$3,$-2,$2,$0,$0,$-1,$4,$-1,$0,$-10,$-5,$4,$-1,$0,$-12,$0,$0,$0,$-1,$-1,$0,$-0,$-1,$-9,$1,$0
2,2018-03-31,12.9,$4.78,2.7,$5.29,2.44,$0.65,19.97,$0.20,64.5,$0.04B,$0.00B,8.78,$0.00B,$0.07B,0.0,$0.07B,$0.03B,41.67%,$0.07B,$0.00B,4.17%,$0.07B,$0.00B,4.17%,$0.07B,$0.01B,6.94%,$0.07B,$0.00B,5.56%,$0.07B,$0.00B,4.17%,$0.00B,$0.07B,4.60%,$0.00B,$0.06B,4.92%,$0.00B,$0.07B,4.33%,$0.00B,$0.07B,4.60%,$17,$10,$7,$0,$7,$17,$-1,$0,$-0,$-0,$-0,$-0,$-0,$0,$-1,$13,13,$-0.02,$-0.02,$15,$11,$1,$35,$5,$20,$10,$0,$36,$70,$4,$0,$0,$0,$4,$0,$10,$0,$66,$70,$1,$1,$1,$2,$0,$0,$0,$-0,$0,$2,$-1,$0,$-10,$-4,$3,$-1,$0,$-12,$0,$0,$0,$-0,$-0,$0,$-0,$-0,$-9,$1,$0
3,2017-12-31,12.25,$4.78,2.56,$5.32,2.3,$0.44,27.94,$0.29,42.24,$0.04B,$0.00B,14.74,$0.00B,$0.07B,0.0,$0.07B,$0.03B,41.10%,$0.07B,$0.01B,6.85%,$0.07B,$0.01B,6.85%,$0.07B,$0.01B,9.59%,$0.07B,$0.01B,6.85%,$0.07B,$0.00B,5.48%,$0.00B,$0.07B,6.13%,$0.00B,$0.06B,6.37%,$0.00B,$0.07B,5.76%,$0.01B,$0.07B,7.66%,$17,$10,$7,$0,$6,$16,$1,$0,$1,$-0,$1,$1,$1,$1,$1,$13,13,$0.07,$0.07,$26,$8,$1,$40,$5,$20,$3,$1,$29,$69,$3,$0,$0,$0,$3,$0,$10,$0,$66,$69,$1,$0,$0,$1,$2,$0,$0,$0,$1,$2,$-0,$0,$0,$-2,$2,$0,$0,$-0,$0,$0,$0,$0,$0,$0,$-0,$0,$2,$0,$0
4,2017-09-30,13.6,$4.67,2.91,$5.39,2.52,$0.22,60.58,$0.28,48.57,$0.04B,$0.00B,9.7,$0.00B,$0.07B,0.0,$0.07B,$0.03B,40.54%,$0.07B,$0.01B,6.76%,$0.07B,$0.01B,6.76%,$0.07B,$0.01B,10.81%,$0.07B,$0.01B,6.76%,$0.07B,$0.00B,5.41%,$0.00B,$0.07B,6.18%,$0.00B,$0.06B,6.43%,$0.00B,$0.07B,5.76%,$0.01B,$0.07B,7.72%,$18,$11,$8,$0,$6,$17,$2,$0,$2,$0,$1,$1,$1,$2,$2,$14,14,$0.09,$0.09,$24,$8,$1,$41,$5,$20,$3,$0,$28,$69,$4,$0,$0,$1,$5,$0,$9,$0,$65,$69,$4,$2,$3,$5,$1,$-0,$0,$0,$-2,$6,$-2,$-0,$0,$-10,$0,$-10,$0,$-12,$0,$0,$0,$-3,$-3,$0,$-1,$-4,$-9,$2,$0
5,2017-06-30,13.2,$4.62,2.86,$5.59,2.36,$0.64,20.69,$0.39,33.85,$0.04B,$0.00B,10.1,$0.00B,$0.06B,0.0,$0.08B,$0.03B,41.56%,$0.08B,$0.01B,7.79%,$0.08B,$0.01B,7.79%,$0.08B,$0.01B,12.99%,$0.08B,$0.01B,7.79%,$0.08B,$0.01B,7.79%,$0.01B,$0.06B,9.34%,$0.01B,$0.06B,9.72%,$0.01B,$0.07B,8.57%,$0.01B,$0.06B,9.34%,$20,$12,$8,$0,$7,$18,$1,$0,$1,$1,$1,$1,$1,$2,$1,$14,14,$0.06,$0.06,$25,$9,$1,$44,$6,$17,$3,$0,$26,$69,$4,$0,$0,$1,$5,$0,$8,$0,$64,$69,$3,$1,$2,$4,$-0,$-1,$0,$0,$-4,$3,$-2,$0,$0,$-13,$7,$-7,$0,$-8,$0,$0,$0,$-2,$-2,$0,$-0,$-3,$-8,$2,$0
6,2017-03-31,16.45,$4.65,3.54,$5.71,2.88,$1.00,16.4,$0.49,33.57,$0.05B,$0.01B,9.39,$0.00B,$0.07B,0.0,$0.08B,$0.03B,41.77%,$0.08B,$0.01B,10.13%,$0.08B,$0.01B,10.13%,$0.08B,$0.01B,15.19%,$0.08B,$0.01B,11.39%,$0.08B,$0.01B,8.86%,$0.01B,$0.07B,11.11%,$0.01B,$0.06B,11.57%,$0.01B,$0.07B,10.07%,$0.01B,$0.07B,12.70%,$18,$10,$7,$0,$6,$16,$1,$0,$1,$0,$1,$1,$1,$2,$1,$14,14,$0.07,$0.07,$28,$10,$1,$47,$6,$15,$3,$0,$24,$71,$5,$0,$0,$1,$6,$0,$7,$0,$66,$71,$2,$1,$1,$2,$-0,$-2,$0,$0,$-4,$-0,$-1,$0,$0,$-10,$6,$-5,$0,$-6,$0,$0,$0,$0,$0,$0,$-0,$0,$-6,$1,$0
7,2016-12-31,20.7,$4.54,4.56,$5.68,3.65,$1.27,16.27,$0.53,39.06,$0.05B,$0.00B,10.61,$0.00B,$0.06B,0.0,$0.08B,$0.03B,42.31%,$0.08B,$0.01B,11.54%,$0.08B,$0.01B,11.54%,$0.08B,$0.01B,16.67%,$0.08B,$0.01B,12.82%,$0.08B,$0.01B,8.97%,$0.01B,$0.06B,11.62%,$0.01B,$0.06B,12.07%,$0.01B,$0.07B,10.41%,$0.01B,$0.06B,14.94%,$18,$11,$7,$0,$6,$17,$1,$0,$1,$0,$1,$1,$1,$2,$1,$14,14,$0.06,$0.06,$30,$9,$1,$47,$6,$13,$3,$0,$22,$69,$4,$0,$0,$1,$5,$0,$6,$0,$64,$69,$1,$0,$1,$1,$1,$-0,$0,$0,$-2,$-1,$-1,$0,$0,$-7,$2,$-5,$0,$-6,$0,$0,$0,$0,$0,$0,$-0,$0,$-6,$1,$0
8,2016-09-30,18.8,$4.43,4.24,$5.51,3.41,$1.50,12.5,$0.57,32.98,$0.05B,$0.01B,6.96,$0.00B,$0.06B,0.0,$0.08B,$0.03B,43.42%,$0.08B,$0.01B,13.16%,$0.08B,$0.01B,13.16%,$0.08B,$0.01B,17.11%,$0.08B,$0.01B,14.47%,$0.08B,$0.01B,9.21%,$0.01B,$0.06B,12.17%,$0.01B,$0.06B,12.67%,$0.01B,$0.07B,10.89%,$0.01B,$0.06B,17.39%,$21,$11,$10,$0,$6,$18,$3,$0,$3,$1,$3,$3,$3,$4,$3,$13,14,$0.20,$0.20,$34,$8,$1,$51,$6,$11,$3,$0,$19,$71,$7,$0,$0,$1,$8,$0,$5,$0,$63,$71,$8,$1,$4,$5,$-2,$-1,$0,$-1,$-2,$12,$-2,$-0,$0,$-0,$0,$-0,$0,$-2,$0,$0,$0,$0,$0,$0,$-0,$0,$10,$1,$0
9,2016-06-30,17.89,$4.21,4.25,$5.13,3.49,$0.95,18.84,$0.47,38.06,$0.05B,$0.01B,7.57,$0.00B,$0.06B,0.0,$0.07B,$0.03B,42.25%,$0.07B,$0.01B,12.68%,$0.07B,$0.01B,12.68%,$0.07B,$0.01B,15.49%,$0.07B,$0.01B,14.08%,$0.07B,$0.01B,7.04%,$0.01B,$0.06B,9.17%,$0.01B,$0.06B,9.52%,$0.01B,$0.07B,8.20%,$0.01B,$0.06B,16.51%,$22,$12,$9,$0,$6,$18,$3,$0,$4,$1,$2,$2,$2,$4,$3,$13,14,$0.18,$0.17,$32,$8,$1,$50,$6,$9,$3,$0,$17,$67,$7,$0,$0,$1,$7,$0,$0,$0,$59,$67,$5,$1,$3,$4,$-3,$-1,$0,$-0,$-3,$7,$-1,$0,$0,$-6,$6,$0,$0,$-1,$0,$0,$0,$0,$0,$0,$-0,$0,$7,$1,$0
10,2016-03-31,16.07,$4.02,4.0,$4.90,3.28,$0.54,29.65,$0.45,35.71,$0.05B,$0.01B,7.92,$0.00B,$0.06B,0.0,$0.07B,$0.03B,43.28%,$0.07B,$0.01B,13.43%,$0.07B,$0.01B,13.43%,$0.07B,$0.01B,14.93%,$0.07B,$0.01B,13.43%,$0.07B,$0.01B,7.46%,$0.01B,$0.06B,9.57%,$0.01B,$0.05B,9.95%,$0.01B,$0.06B,8.55%,$0.01B,$0.06B,17.22%,$17,$10,$7,$0,$5,$15,$2,$0,$2,$1,$1,$1,$1,$3,$2,$13,14,$0.11,$0.11,$29,$8,$1,$45,$5,$8,$3,$0,$16,$62,$6,$0,$0,$1,$6,$0,$-2,$0,$55,$62,$3,$1,$2,$2,$-2,$-1,$0,$-0,$-2,$3,$-0,$0,$0,$-4,$4,$0,$0,$-0,$0,$0,$0,$-0,$-0,$0,$-0,$-0,$2,$0,$0
11,2015-12-31,13.41,$3.88,3.46,$4.57,2.94,$0.32,41.98,$0.36,37.25,$0.04B,$0.00B,11.4,$0.00B,$0.05B,0.0,$0.06B,$0.03B,43.55%,$0.06B,$0.01B,11.29%,$0.06B,$0.01B,11.29%,$0.06B,$0.01B,12.90%,$0.06B,$0.01B,11.29%,$0.06B,$0.00B,6.45%,$0.00B,$0.05B,7.92%,$0.00B,$0.05B,8.29%,$0.00B,$0.06B,7.11%,$0.01B,$0.05B,13.86%,$16,$9,$7,$0,$5,$14,$2,$0,$2,$1,$1,$1,$1,$2,$2,$13,14,$0.11,$0.11,$29,$7,$1,$42,$6,$7,$3,$0,$15,$57,$4,$0,$0,$0,$4,$0,$-3,$0,$53,$57,$1,$0,$1,$1,$1,$0,$0,$-0,$-0,$2,$-0,$0,$0,$-1,$2,$1,$0,$0,$0,$0,$0,$-0,$-0,$0,$-0,$-0,$3,$0,$0
12,2015-09-30,13.43,$3.74,3.59,$4.44,3.02,$0.12,112.95,$0.34,39.5,$0.04B,$0.01B,8.09,$0.00B,$0.05B,0.0,$0.06B,$0.03B,43.33%,$0.06B,$0.01B,11.67%,$0.06B,$0.01B,11.67%,$0.06B,$0.01B,13.33%,$0.06B,$0.01B,11.67%,$0.06B,$0.00B,6.67%,$0.00B,$0.05B,8.12%,$0.00B,$0.05B,8.56%,$0.00B,$0.06B,7.27%,$0.01B,$0.05B,14.21%,$16,$9,$7,$0,$5,$14,$2,$0,$2,$1,$1,$1,$1,$2,$2,$13,14,$0.10,$0.10,$26,$7,$0,$41,$6,$8,$3,$0,$17,$58,$5,$0,$0,$1,$6,$0,$-5,$0,$51,$58,$5,$1,$3,$5,$-1,$-2,$0,$0,$-2,$7,$-4,$-0,$0,$-1,$0,$-1,$0,$-6,$0,$0,$0,$-1,$-1,$0,$-1,$-1,$-0,$1,$0
13,2015-06-30,15.91,$3.67,4.34,$4.33,3.67,$0.69,23.13,$0.32,49.72,$0.04B,$0.01B,6.7,$0.00B,$0.05B,0.0,$0.06B,$0.03B,43.10%,$0.06B,$0.01B,12.07%,$0.06B,$0.01B,12.07%,$0.06B,$0.01B,13.79%,$0.06B,$0.01B,12.07%,$0.06B,$0.00B,6.90%,$0.00B,$0.05B,8.29%,$0.00B,$0.05B,8.79%,$0.00B,$0.06B,7.48%,$0.01B,$0.05B,14.51%,$18,$10,$8,$0,$5,$15,$3,$0,$3,$1,$2,$2,$2,$3,$3,$13,14,$0.15,$0.14,$25,$7,$0,$41,$6,$8,$3,$0,$16,$57,$6,$0,$0,$1,$7,$0,$-6,$0,$50,$57,$3,$1,$3,$3,$-2,$-1,$0,$0,$-2,$4,$-4,$0,$0,$-8,$7,$-1,$0,$-5,$0,$0,$0,$-1,$-1,$0,$-0,$-1,$-1,$1,$0
14,2015-03-31,14.82,$3.50,4.24,$4.06,3.65,$1.45,10.2,$0.26,57.0,$0.04B,$0.00B,8.41,$0.00B,$0.05B,0.0,$0.05B,$0.02B,42.59%,$0.05B,$0.01B,11.11%,$0.05B,$0.01B,11.11%,$0.05B,$0.01B,12.96%,$0.05B,$0.01B,11.11%,$0.05B,$0.00B,5.56%,$0.00B,$0.05B,6.35%,$0.00B,$0.05B,6.78%,$0.00B,$0.05B,5.71%,$0.01B,$0.05B,12.70%,$12,$8,$5,$0,$4,$12,$0,$0,$0,$0,$0,$0,$0,$1,$0,$13,14,$0.02,$0.02,$25,$5,$1,$38,$5,$7,$3,$0,$15,$53,$4,$0,$0,$1,$5,$0,$-8,$0,$48,$53,$1,$1,$1,$2,$0,$0,$0,$-0,$-0,$3,$-3,$0,$0,$-4,$4,$-0,$0,$-3,$0,$0,$0,$-1,$-1,$0,$0,$-1,$-1,$1,$0
15,2014-12-31,12.31,$3.50,3.52,$4.11,2.99,$2.22,5.55,$0.33,37.3,$0.04B,$0.00B,9.49,$0.00B,$0.05B,0.0,$0.06B,$0.02B,43.64%,$0.06B,$0.01B,14.55%,$0.06B,$0.01B,14.55%,$0.06B,$0.01B,14.55%,$0.06B,$0.01B,14.55%,$0.06B,$0.00B,7.27%,$0.00B,$0.05B,8.65%,$0.00B,$0.05B,9.25%,$0.00B,$0.05B,7.73%,$0.01B,$0.05B,17.30%,$14,$8,$6,$0,$4,$12,$2,$0,$2,$1,$1,$1,$1,$2,$2,$13,14,$0.08,$0.08,$24,$5,$1,$37,$4,$8,$3,$0,$15,$52,$4,$0,$0,$0,$4,$0,$-8,$0,$48,$52,$1,$0,$1,$1,$0,$0,$0,$-0,$-1,$1,$-2,$0,$0,$-2,$1,$-0,$0,$-2,$0,$0,$0,$-0,$-0,$0,$0,$-0,$-1,$0,$0
16,2014-09-30,12.73,$3.40,3.74,$4.28,2.98,$2.76,4.6,$0.40,31.83,$0.04B,$0.01B,7.46,$0.00B,$0.05B,0.0,$0.06B,$0.03B,43.86%,$0.06B,$0.01B,15.79%,$0.06B,$0.01B,15.79%,$0.06B,$0.01B,15.79%,$0.06B,$0.01B,15.79%,$0.06B,$0.01B,8.77%,$0.01B,$0.05B,11.17%,$0.01B,$0.04B,11.90%,$0.01B,$0.05B,9.95%,$0.01B,$0.05B,20.11%,$14,$8,$6,$0,$4,$13,$2,$0,$2,$1,$1,$1,$1,$2,$2,$13,14,$0.08,$0.08,$25,$5,$1,$38,$2,$8,$3,$0,$14,$52,$5,$0,$0,$0,$5,$0,$-9,$0,$47,$52,$5,$1,$4,$5,$3,$0,$0,$-0,$2,$12,$-1,$-0,$0,$-2,$0,$-2,$0,$-4,$0,$0,$0,$1,$1,$0,$-0,$0,$8,$1,$0
17,2014-06-30,16.79,$3.40,4.94,$4.68,3.59,$2.27,7.39,$0.51,32.92,$0.04B,$0.01B,5.51,$0.00B,$0.05B,0.0,$0.06B,$0.03B,43.55%,$0.06B,$0.01B,17.74%,$0.06B,$0.01B,17.74%,$0.06B,$0.01B,17.74%,$0.06B,$0.01B,17.74%,$0.06B,$0.01B,9.68%,$0.01B,$0.05B,13.95%,$0.01B,$0.04B,14.81%,$0.01B,$0.05B,12.31%,$0.01B,$0.05B,25.58%,$14,$8,$6,$0,$4,$13,$2,$0,$2,$1,$1,$1,$1,$2,$2,$13,14,$0.09,$0.08,$25,$5,$1,$39,$2,$9,$3,$0,$14,$53,$7,$0,$0,$0,$7,$0,$-10,$0,$46,$53,$4,$0,$3,$3,$3,$0,$0,$-0,$4,$12,$-1,$0,$0,$-3,$0,$-3,$0,$-4,$0,$0,$0,$1,$1,$0,$-0,$1,$8,$1,$0
18,2014-03-31,23.09,$3.35,6.9,$4.64,4.97,$1.57,14.73,$0.52,44.4,$0.04B,$0.01B,5.53,$0.00B,$0.04B,0.0,$0.06B,$0.03B,43.55%,$0.06B,$0.01B,17.74%,$0.06B,$0.01B,17.74%,$0.06B,$0.01B,17.74%,$0.06B,$0.01B,17.74%,$0.06B,$0.01B,9.68%,$0.01B,$0.04B,14.63%,$0.01B,$0.04B,15.58%,$0.01B,$0.05B,13.04%,$0.01B,$0.04B,26.83%,$13,$7,$6,$0,$4,$11,$2,$0,$2,$1,$1,$1,$1,$2,$2,$13,14,$0.09,$0.09,$23,$5,$1,$36,$2,$10,$3,$0,$14,$50,$7,$0,$0,$0,$7,$0,$-12,$0,$44,$50,$3,$0,$2,$2,$4,$1,$0,$-1,$5,$10,$-0,$0,$0,$-3,$0,$-3,$0,$-3,$0,$0,$0,$0,$0,$0,$-0,$0,$7,$0,$0
19,2013-12-31,20.24,$3.25,6.22,$4.49,4.51,$0.84,24.08,$0.47,43.06,$0.03B,$0.00B,8.57,$0.00B,$0.04B,0.0,$0.06B,$0.03B,41.67%,$0.06B,$0.01B,16.67%,$0.06B,$0.01B,16.67%,$0.06B,$0.01B,16.67%,$0.06B,$0.01B,16.67%,$0.06B,$0.01B,10.00%,$0.01B,$0.04B,15.38%,$0.01B,$0.04B,16.33%,$0.01B,$0.05B,13.79%,$0.01B,$0.04B,25.64%,$16,$9,$7,$0,$4,$13,$3,$0,$3,$1,$2,$2,$2,$3,$3,$13,14,$0.16,$0.15,$21,$5,$1,$33,$2,$8,$3,$0,$13,$46,$4,$0,$0,$0,$4,$0,$-13,$0,$42,$46,$2,$0,$1,$1,$6,$1,$0,$-0,$3,$7,$-0,$0,$0,$1,$0,$1,$0,$1,$0,$0,$0,$0,$0,$0,$-0,$0,$8,$0,$0
20,2013-09-30,13.43,$3.09,4.35,$4.10,3.28,$0.34,39.77,$0.36,37.31,$0.03B,$0.01B,5.42,$0.00B,$0.04B,0.0,$0.05B,$0.02B,40.74%,$0.05B,$0.01B,14.81%,$0.05B,$0.01B,14.81%,$0.05B,$0.01B,14.81%,$0.05B,$0.01B,14.81%,$0.05B,$0.01B,9.26%,$0.01B,$0.04B,13.42%,$0.01B,$0.04B,14.29%,$0.01B,$0.05B,12.05%,$0.01B,$0.04B,21.48%,$19,$11,$8,$0,$4,$15,$4,$0,$4,$1,$2,$2,$2,$4,$4,$13,13,$0.20,$0.19,$16,$6,$0,$34,$2,$7,$3,$0,$12,$46,$6,$0,$0,$0,$6,$0,$-15,$0,$40,$46,$5,$0,$3,$4,$-5,$-3,$0,$-0,$-4,$4,$-1,$-0,$0,$1,$0,$1,$0,$-0,$0,$0,$0,$0,$0,$0,$-0,$-0,$4,$1,$0
21,2013-06-30,9.42,$2.91,3.23,$3.45,2.73,$0.34,27.75,$0.54,17.44,$0.03B,$0.00B,6.34,$0.00B,$0.04B,0.0,$0.05B,$0.02B,40.00%,$0.05B,$0.01B,11.11%,$0.05B,$0.01B,11.11%,$0.05B,$0.01B,11.11%,$0.05B,$0.01B,11.11%,$0.05B,$0.01B,17.78%,$0.01B,$0.04B,22.22%,$0.01B,$0.04B,23.88%,$0.01B,$0.04B,20.25%,$0.01B,$0.04B,13.89%,$14,$8,$6,$0,$4,$12,$2,$0,$2,$1,$1,$1,$1,$2,$2,$13,13,$0.09,$0.09,$15,$5,$0,$28,$2,$6,$3,$0,$14,$42,$4,$0,$0,$0,$4,$0,$-17,$0,$38,$42,$2,$0,$2,$2,$-2,$-2,$0,$-0,$-3,$2,$-1,$0,$0,$-0,$0,$-0,$0,$-1,$0,$0,$0,$0,$0,$0,$-0,$0,$1,$1,$0
22,2013-03-31,6.0,$2.81,2.13,$3.28,1.83,$0.30,20.29,$0.59,10.17,$0.03B,$0.00B,7.57,$0.00B,$0.04B,0.0,$0.04B,$0.02B,40.48%,$0.04B,$0.01B,11.90%,$0.04B,$0.01B,11.90%,$0.04B,$0.01B,11.90%,$0.04B,$0.01B,11.90%,$0.04B,$0.01B,21.43%,$0.01B,$0.04B,26.47%,$0.01B,$0.03B,28.57%,$0.01B,$0.04B,24.32%,$0.01B,$0.04B,14.71%,$11,$6,$4,$0,$3,$10,$1,$0,$1,$0,$1,$1,$1,$1,$1,$13,13,$0.05,$0.04,$15,$4,$0,$25,$2,$4,$3,$0,$14,$40,$3,$0,$0,$0,$3,$0,$-19,$0,$36,$40,$1,$0,$1,$1,$-1,$-1,$0,$-0,$-2,$1,$-1,$0,$0,$1,$0,$1,$0,$0,$0,$0,$0,$0,$0,$0,$-0,$0,$1,$0,$0
23,2012-12-31,4.49,$2.76,1.63,$3.02,1.49,$0.29,15.4,$0.56,8.02,$0.03B,$0.00B,8.87,$0.00B,$0.04B,0.0,$0.04B,$0.02B,42.11%,$0.04B,$0.00B,10.53%,$0.04B,$0.00B,10.53%,$0.04B,$0.00B,10.53%,$0.04B,$0.00B,10.53%,$0.04B,$0.01B,21.05%,$0.01B,$0.04B,25.00%,$0.01B,$0.03B,27.35%,$0.01B,$0.04B,23.19%,$0.00B,$0.04B,12.50%,$10,$6,$4,$0,$3,$9,$1,$0,$1,$0,$1,$1,$1,$1,$1,$12,13,$0.04,$0.04,$16,$4,$0,$25,$1,$3,$3,$0,$13,$38,$3,$0,$0,$0,$3,$0,$-19,$0,$35,$38,$1,$0,$1,$1,$-0,$-1,$0,$-0,$-1,$0,$-0,$0,$0,$0,$0,$0,$0,$0,$0,$0,$0,$0,$0,$0,$-0,$0,$0,$0,$0
24,2012-09-30,5.11,$2.70,1.89,$2.94,1.74,$0.35,14.68,$0.60,8.52,$0.02B,$0.00B,7.54,$0.00B,$0.04B,0.0,$0.04B,$0.02B,43.24%,$0.04B,$0.00B,10.81%,$0.04B,$0.00B,10.81%,$0.04B,$0.00B,10.81%,$0.04B,$0.00B,10.81%,$0.04B,$0.01B,21.62%,$0.01B,$0.04B,26.67%,$0.01B,$0.03B,29.36%,$0.01B,$0.04B,24.62%,$0.00B,$0.04B,13.33%,$10,$6,$4,$0,$3,$9,$1,$0,$1,$-3,$5,$5,$5,$1,$1,$12,13,$0.39,$0.37,$15,$3,$0,$23,$1,$5,$3,$0,$15,$38,$3,$0,$0,$0,$3,$0,$-20,$0,$35,$38,$8,$0,$-3,$-3,$0,$-0,$0,$-0,$-1,$4,$-1,$-0,$0,$-9,$0,$-9,$0,$-10,$0,$0,$0,$0,$0,$0,$0,$0,$-6,$0,$0
25,2012-06-30,4.81,$2.39,2.02,$2.97,1.62,$0.51,9.52,$0.53,9.08,$0.02B,$0.00B,7.56,$0.00B,$0.03B,0.0,$0.04B,$0.02B,42.11%,$0.04B,$0.00B,10.53%,$0.04B,$0.00B,10.53%,$0.04B,$0.00B,10.53%,$0.04B,$0.00B,10.53%,$0.04B,$0.01B,18.42%,$0.01B,$0.03B,25.23%,$0.01B,$0.03B,27.72%,$0.01B,$0.03B,22.95%,$0.00B,$0.03B,14.41%,$11,$6,$5,$0,$3,$9,$2,$0,$2,$0,$2,$2,$2,$2,$2,$12,13,$0.14,$0.14,$12,$3,$1,$20,$1,$5,$3,$0,$12,$32,$3,$0,$0,$0,$3,$0,$-24,$0,$30,$32,$3,$0,$0,$1,$-1,$-0,$0,$-0,$-3,$1,$-0,$0,$0,$-6,$0,$-6,$0,$-6,$0,$0,$0,$0,$0,$0,$0,$0,$-5,$0,$0
26,2012-03-31,5.43,$2.25,2.42,$2.90,1.87,$0.71,7.63,$0.49,11.08,$0.02B,$0.00B,6.8,$0.00B,$0.03B,0.0,$0.04B,$0.02B,40.54%,$0.04B,$0.00B,8.11%,$0.04B,$0.00B,8.11%,$0.04B,$0.00B,8.11%,$0.04B,$0.00B,8.11%,$0.04B,$0.01B,16.22%,$0.01B,$0.03B,23.30%,$0.01B,$0.03B,25.81%,$0.01B,$0.03B,20.87%,$0.00B,$0.03B,11.65%,$7,$4,$3,$0,$3,$7,$0,$0,$0,$0,$0,$0,$0,$0,$0,$12,13,$0.01,$0.01,$11,$3,$0,$18,$1,$5,$3,$0,$12,$30,$3,$0,$0,$0,$3,$0,$-26,$0,$28,$30,$1,$0,$0,$0,$1,$-0,$0,$-0,$-1,$0,$-0,$0,$0,$-5,$0,$-5,$0,$-5,$0,$0,$0,$0,$0,$0,$0,$0,$-5,$0,$0
27,2011-12-31,7.61,$2.23,3.42,$2.91,2.62,$0.83,9.14,$0.52,14.63,$0.02B,$0.00B,8.2,$0.00B,$0.03B,0.0,$0.04B,$0.02B,40.54%,$0.04B,$0.00B,10.81%,$0.04B,$0.00B,10.81%,$0.04B,$0.00B,10.81%,$0.04B,$0.00B,10.81%,$0.04B,$0.01B,18.92%,$0.01B,$0.03B,29.47%,$0.01B,$0.03B,32.56%,$0.01B,$0.03B,25.93%,$0.00B,$0.03B,16.84%,$9,$5,$4,$0,$3,$8,$1,$0,$1,$0,$1,$1,$1,$1,$1,$12,13,$0.08,$0.08,$11,$3,$0,$17,$1,$5,$3,$0,$13,$30,$2,$0,$0,$0,$2,$0,$-26,$0,$27,$30,$1,$0,$0,$0,$1,$0,$0,$-0,$-1,$1,$-0,$0,$0,$-5,$0,$-5,$0,$-5,$0,$0,$0,$0,$0,$0,$0,$0,$-4,$0,$0
28,2011-09-30,5.9,$2.14,2.76,$2.76,2.14,$0.91,6.48,$0.48,12.29,$0.02B,$0.00B,5.06,$0.00B,$0.03B,0.0,$0.04B,$0.01B,40.00%,$0.04B,$0.00B,11.43%,$0.04B,$0.00B,11.43%,$0.04B,$0.00B,11.43%,$0.04B,$0.00B,11.43%,$0.04B,$0.01B,20.00%,$0.01B,$0.03B,31.82%,$0.01B,$0.02B,35.90%,$0.01B,$0.03B,28.00%,$0.00B,$0.03B,18.18%,$11,$6,$4,$0,$3,$9,$1,$0,$1,$-2,$4,$4,$4,$1,$1,$12,13,$0.32,$0.30,$13,$3,$0,$20,$1,$3,$3,$0,$10,$30,$4,$0,$0,$0,$4,$0,$-27,$0,$26,$30,$6,$0,$-2,$-2,$0,$-1,$0,$-0,$1,$5,$-0,$0,$0,$0,$0,$0,$0,$0,$0,$0,$0,$0,$0,$0,$0,$0,$6,$1,$0
29,2011-06-30,7.17,$1.81,3.97,$2.56,2.8,$0.51,14.02,$0.25,28.68,$0.02B,$0.00B,5.0,$0.00B,$0.02B,0.0,$0.03B,$0.01B,40.63%,$0.03B,$0.00B,12.50%,$0.03B,$0.00B,12.50%,$0.03B,$0.00B,12.50%,$0.03B,$0.00B,12.50%,$0.03B,$0.00B,12.50%,$0.00B,$0.02B,19.75%,$0.00B,$0.02B,22.54%,$0.00B,$0.03B,17.58%,$0.00B,$0.02B,19.75%,$10,$6,$4,$0,$3,$9,$1,$0,$1,$0,$1,$1,$1,$1,$1,$12,13,$0.11,$0.10,$11,$2,$0,$18,$1,$2,$3,$0,$8,$25,$4,$0,$0,$0,$4,$0,$-31,$0,$22,$25,$2,$0,$0,$0,$-0,$-1,$0,$-0,$0,$3,$0,$0,$0,$-0,$0,$-0,$0,$-0,$0,$0,$0,$0,$0,$0,$0,$0,$3,$0,$0
30,2011-03-31,5.09,$1.70,3.0,$2.31,2.2,$0.26,19.67,$0.20,25.45,$0.02B,$0.00B,6.06,$0.00B,$0.02B,0.0,$0.03B,$0.01B,41.38%,$0.03B,$0.00B,13.79%,$0.03B,$0.00B,13.79%,$0.03B,$0.00B,13.79%,$0.03B,$0.00B,13.79%,$0.03B,$0.00B,13.79%,$0.00B,$0.02B,20.78%,$0.00B,$0.02B,23.53%,$0.00B,$0.02B,18.60%,$0.00B,$0.02B,20.78%,$7,$4,$3,$0,$2,$7,$1,$0,$1,$0,$1,$1,$1,$1,$1,$12,13,$0.04,$0.04,$10,$2,$1,$16,$1,$2,$3,$0,$7,$23,$3,$0,$0,$0,$3,$0,$-32,$0,$20,$23,$1,$0,$0,$0,$0,$-0,$0,$-0,$0,$2,$-0,$0,$0,$0,$0,$0,$0,$0,$0,$0,$0,$0,$0,$0,$0,$0,$2,$0,$0
31,2010-12-31,4.05,$1.65,2.46,$2.15,1.88,$0.08,49.69,$0.15,27.0,$0.01B,$0.00B,6.08,$0.00B,$0.02B,0.0,$0.03B,$0.01B,40.74%,$0.03B,$0.00B,11.11%,$0.03B,$0.00B,11.11%,$0.03B,$0.00B,11.11%,$0.03B,$0.00B,11.11%,$0.03B,$0.00B,11.11%,$0.00B,$0.02B,16.00%,$0.00B,$0.02B,18.46%,$0.00B,$0.02B,14.63%,$0.00B,$0.02B,16.00%,$7,$4,$3,$0,$2,$7,$1,$0,$1,$0,$1,$1,$1,$1,$1,$12,13,$0.04,$0.04,$9,$2,$0,$13,$1,$3,$3,$0,$9,$22,$2,$0,$0,$0,$2,$0,$-33,$0,$20,$22,$1,$0,$0,$0,$1,$-0,$0,$0,$1,$2,$-0,$0,$0,$0,$0,$0,$0,$-0,$0,$0,$0,$0,$0,$0,$0,$0,$2,$0,$0
32,2010-09-30,2.93,$1.60,1.83,$1.99,1.47,$-0.07,0.0,$0.10,29.3,$0.01B,$0.00B,5.86,$0.00B,$0.02B,0.0,$0.03B,$0.01B,40.00%,$0.03B,$0.00B,8.00%,$0.03B,$0.00B,8.00%,$0.03B,$0.00B,8.00%,$0.03B,$0.00B,8.00%,$0.03B,$0.00B,8.00%,$0.00B,$0.02B,10.96%,$0.00B,$0.02B,12.70%,$0.00B,$0.02B,10.13%,$0.00B,$0.02B,10.96%,$8,$5,$3,$0,$2,$7,$1,$0,$1,$0,$1,$1,$1,$1,$1,$12,12,$0.07,$0.06,$7,$2,$0,$12,$1,$3,$3,$0,$9,$21,$2,$0,$0,$0,$2,$0,$-33,$0,$19,$21,$1,$0,$0,$1,$-1,$-0,$0,$0,$-1,$1,$-0,$-0,$0,$-0,$0,$-0,$0,$-0,$-0,$0,$-0,$0,$0,$0,$0,$0,$1,$0,$0
33,2010-06-30,2.57,$1.53,1.68,$1.90,1.35,$0.08,33.51,$0.26,9.88,$0.01B,$0.00B,5.16,$0.00B,$0.02B,0.0,$0.02B,$0.01B,37.50%,$0.02B,$0.00B,4.17%,$0.02B,$0.00B,4.17%,$0.02B,$0.00B,4.17%,$0.02B,$0.00B,4.17%,$0.02B,$0.00B,16.67%,$0.00B,$0.02B,22.22%,$0.00B,$0.02B,26.23%,$0.00B,$0.02B,20.51%,$0.00B,$0.02B,5.56%,$7,$4,$3,$0,$2,$6,$1,$0,$1,$0,$1,$1,$1,$1,$1,$12,12,$0.05,$0.05,$6,$1,$0,$10,$1,$4,$3,$0,$10,$20,$2,$0,$0,$0,$2,$0,$-34,$0,$18,$20,$0,$0,$0,$1,$0,$-0,$0,$-0,$-1,$0,$-0,$-0,$0,$-0,$0,$-0,$0,$-0,$-0,$0,$-0,$0,$0,$0,$0,$-0,$0,$0,$0
34,2010-03-31,2.77,$1.47,1.88,$1.96,1.42,$0.18,15.78,$0.26,10.65,$0.01B,$0.00B,5.58,$0.00B,$0.02B,0.0,$0.02B,$0.01B,37.50%,$0.02B,$0.00B,4.17%,$0.02B,$0.00B,4.17%,$0.02B,$0.00B,4.17%,$0.02B,$0.00B,4.17%,$0.02B,$0.00B,16.67%,$0.00B,$0.02B,23.19%,$0.00B,$0.02B,28.07%,$0.00B,$0.02B,21.05%,$0.00B,$0.02B,5.80%,$5,$3,$2,$0,$2,$5,$-0,$0,$-0,$0,$-0,$-0,$-0,$-0,$-0,$12,12,$-0.01,$-0.01,$5,$1,$0,$9,$1,$4,$3,$0,$11,$19,$2,$0,$0,$0,$2,$0,$-35,$0,$18,$19,$-0,$0,$0,$0,$1,$-0,$0,$-0,$-0,$-0,$-0,$-0,$0,$-0,$0,$-0,$0,$-0,$-0,$0,$-0,$0,$0,$0,$0,$-0,$-1,$0,$0
35,2009-12-31,2.6,$1.48,1.76,$2.00,1.3,$0.26,10.12,$0.28,9.29,$0.01B,$0.00B,6.34,$0.00B,$0.02B,0.0,$0.02B,$0.01B,37.50%,$0.02B,$0.00B,4.17%,$0.02B,$0.00B,4.17%,$0.02B,$0.00B,4.17%,$0.02B,$0.00B,4.17%,$0.02B,$0.00B,16.67%,$0.00B,$0.02B,24.62%,$0.00B,$0.02B,29.63%,$0.00B,$0.02B,21.62%,$0.00B,$0.02B,6.15%,$5,$3,$2,$0,$2,$5,$-0,$0,$-0,$0,$-0,$-0,$-0,$-0,$-0,$12,12,$-0.01,$-0.01,$6,$1,$0,$9,$1,$4,$3,$0,$10,$19,$1,$0,$0,$0,$1,$0,$-35,$0,$18,$19,$-0,$0,$0,$0,$1,$-0,$0,$-0,$-0,$-0,$-0,$0,$0,$-0,$0,$-0,$0,$-0,$-0,$0,$-0,$0,$0,$0,$0,$-0,$-0,$0,$0
36,2009-09-30,4.45,$1.49,2.99,$2.08,2.14,$0.28,15.97,$0.31,14.35,$0.01B,$0.00B,4.37,$0.00B,$0.02B,0.0,$0.03B,$0.01B,36.00%,$0.03B,$0.00B,4.00%,$0.03B,$0.00B,4.00%,$0.03B,$0.00B,4.00%,$0.03B,$0.00B,4.00%,$0.03B,$0.00B,16.00%,$0.00B,$0.02B,26.23%,$0.00B,$0.02B,31.37%,$0.00B,$0.02B,22.54%,$0.00B,$0.02B,6.56%,$7,$4,$2,$0,$2,$6,$0,$0,$0,$-2,$3,$3,$3,$0,$0,$12,12,$0.24,$0.23,$7,$1,$0,$11,$1,$3,$3,$0,$10,$20,$2,$0,$0,$0,$3,$0,$-35,$0,$18,$20,$4,$0,$-2,$-2,$-0,$1,$0,$-0,$0,$2,$-0,$0,$0,$-2,$0,$-2,$0,$-2,$-0,$0,$-0,$0,$0,$0,$0,$0,$0,$0,$0
37,2009-06-30,2.0,$1.25,1.6,$2.14,0.93,$0.25,7.92,$0.14,14.29,$0.01B,$0.00B,3.83,$0.00B,$0.02B,0.0,$0.03B,$0.01B,40.00%,$0.03B,$0.00B,8.00%,$0.03B,$0.00B,8.00%,$0.03B,$0.00B,8.00%,$0.03B,$0.00B,8.00%,$0.03B,$0.00B,8.00%,$0.00B,$0.02B,14.04%,$0.00B,$0.01B,17.02%,$0.00B,$0.02B,11.76%,$0.00B,$0.02B,14.04%,$7,$4,$3,$0,$2,$7,$1,$0,$1,$0,$1,$1,$1,$1,$1,$12,12,$0.05,$0.05,$6,$2,$0,$11,$1,$3,$3,$0,$7,$18,$3,$0,$0,$0,$3,$0,$-37,$0,$15,$18,$1,$0,$0,$0,$-1,$1,$0,$-0,$-0,$1,$-0,$0,$0,$-2,$0,$-2,$0,$-2,$-0,$0,$-0,$0,$0,$0,$0,$-0,$-1,$0,$0
38,2009-03-31,1.12,$1.19,0.94,$2.06,0.54,$0.20,5.55,$0.11,10.18,$0.01B,$0.00B,4.86,$0.00B,$0.01B,0.0,$0.02B,$0.01B,37.50%,$0.02B,$0.00B,4.17%,$0.02B,$0.00B,4.17%,$0.02B,$0.00B,4.17%,$0.02B,$0.00B,4.17%,$0.02B,$0.00B,4.17%,$0.00B,$0.01B,7.27%,$0.00B,$0.01B,8.89%,$0.00B,$0.02B,6.06%,$0.00B,$0.01B,7.27%,$5,$3,$2,$0,$2,$5,$0,$0,$0,$0,$0,$0,$0,$0,$0,$12,12,$0.01,$0.01,$6,$2,$0,$10,$1,$2,$3,$0,$6,$17,$2,$0,$0,$0,$2,$0,$-38,$0,$14,$17,$0,$0,$0,$0,$0,$1,$0,$-0,$-0,$0,$-0,$0,$0,$-2,$0,$-2,$0,$-2,$-0,$0,$-0,$0,$0,$0,$0,$-0,$-1,$0,$0
39,2008-12-31,1.04,$1.18,0.88,$2.08,0.5,$0.17,6.23,$0.11,9.45,$0.01B,$0.00B,6.16,$0.00B,$0.01B,0.0,$0.02B,$0.01B,37.50%,$0.02B,$0.00B,4.17%,$0.02B,$0.00B,4.17%,$0.02B,$0.00B,4.17%,$0.02B,$0.00B,4.17%,$0.02B,$0.00B,4.17%,$0.00B,$0.01B,7.41%,$0.00B,$0.01B,9.30%,$0.00B,$0.02B,6.25%,$0.00B,$0.01B,7.41%,$6,$4,$2,$0,$2,$6,$0,$0,$0,$0,$0,$0,$0,$0,$0,$12,12,$0.02,$0.02,$8,$2,$0,$11,$2,$0,$3,$0,$5,$16,$2,$0,$0,$0,$2,$0,$-38,$0,$14,$16,$0,$0,$0,$0,$1,$0,$0,$-0,$-0,$0,$-0,$0,$0,$3,$0,$3,$0,$3,$-0,$0,$-0,$0,$0,$0,$0,$-0,$3,$0,$0
40,2008-09-30,1.16,$1.14,1.02,$1.98,0.59,$0.18,6.61,$0.12,9.67,$0.01B,$0.00B,2.91,$0.00B,$0.01B,0.0,$0.02B,$0.01B,34.78%,$0.02B,$0.00B,4.35%,$0.02B,$0.00B,4.35%,$0.02B,$0.00B,4.35%,$0.02B,$0.00B,4.35%,$0.02B,$0.00B,4.35%,$0.00B,$0.01B,7.55%,$0.00B,$0.01B,9.76%,$0.00B,$0.02B,6.35%,$0.00B,$0.01B,7.55%,$7,$5,$3,$0,$2,$6,$1,$0,$1,$0,$1,$1,$1,$1,$1,$12,12,$0.07,$0.07,$4,$2,$0,$9,$2,$3,$3,$0,$8,$17,$3,$0,$0,$0,$3,$0,$-38,$-0,$14,$17,$2,$0,$-0,$0,$-0,$-0,$0,$0,$0,$2,$-0,$0,$0,$-0,$0,$-0,$0,$-1,$-0,$0,$-0,$0,$0,$0,$0,$-0,$1,$0,$0
41,2008-06-30,1.23,$1.07,1.15,$1.12,1.1,$-0.01,0.0,$0.07,17.57,$0.01B,$0.00B,2.99,$0.00B,$0.01B,0.0,$0.01B,$0.00B,30.77%,$0.01B,$0.00B,7.69%,$0.01B,$0.00B,7.69%,$0.01B,$-0.00B,-7.69%,$0.01B,$0.00B,7.69%,$0.01B,$0.00B,15.38%,$0.00B,$0.01B,15.69%,$0.00B,$0.01B,20.00%,$0.00B,$0.02B,13.11%,$0.00B,$0.01B,7.84%,$6,$4,$2,$0,$2,$6,$0,$0,$0,$0,$0,$0,$0,$0,$0,$12,12,$0.02,$0.02,$3,$2,$0,$8,$2,$3,$3,$0,$8,$16,$3,$0,$0,$0,$3,$0,$-39,$-0,$13,$16,$1,$0,$-0,$0,$0,$-0,$0,$-0,$-0,$1,$-0,$0,$0,$-0,$0,$-0,$0,$-1,$-0,$0,$-0,$0,$0,$0,$0,$-0,$-0,$0,$0
42,2008-03-31,1.09,$1.06,1.03,$1.01,1.08,$-0.08,0.0,$-0.07,0.0,$0.01B,$0.00B,2.92,$0.00B,$0.01B,0.01,$0.01B,$0.00B,25.00%,$0.01B,0,0.00%,$0.01B,0,0.00%,$0.01B,$-0.00B,-8.33%,$0.01B,$0.00B,8.33%,$0.01B,$0.00B,8.33%,$0.00B,$0.01B,8.00%,$0.00B,$0.01B,10.00%,$0.00B,$0.02B,6.56%,$0.00B,$0.01B,0.00%,$5,$4,$2,$0,$2,$5,$0,$0,$0,$0,$0,$0,$0,$0,$0,$12,12,$0.01,$0.01,$3,$1,$0,$7,$2,$3,$3,$0,$8,$15,$2,$0,$0,$0,$3,$0,$-39,$-0,$13,$15,$1,$0,$-0,$0,$-0,$0,$0,$-0,$-0,$0,$-0,$0,$0,$-0,$0,$-0,$0,$-1,$-0,$0,$-0,$0,$0,$0,$0,$-0,$-1,$0,$0
43,2007-12-31,1.01,$1.06,0.95,$0.88,1.14,$-0.08,0.0,$-0.18,0.0,$0.01B,$0.00B,5.28,$0.00B,$0.01B,0.01,$0.01B,$0.00B,18.18%,$0.01B,0,0.00%,$0.01B,0,0.00%,$0.01B,0,0.00%,$0.01B,0,0.00%,$0.01B,0,0.00%,$0.00B,$0.01B,0.00%,$0.00B,$0.01B,0.00%,$0.00B,$0.02B,0.00%,$0.00B,$0.01B,0.00%,$5,$3,$1,$0,$1,$5,$0,$0,$0,$0,$0,$0,$0,$0,$0,$12,12,$0.03,$0.03,$6,$2,$0,$10,$2,$0,$3,$0,$5,$15,$2,$0,$0,$0,$2,$0,$-40,$0,$13,$15,$0,$0,$-0,$-0,$1,$0,$0,$-0,$0,$0,$-0,$0,$0,$0,$-2,$-2,$0,$-2,$-0,$0,$-0,$0,$0,$0,$0,$-0,$-2,$0,$0
44,2007-09-30,1.04,$1.03,1.01,$0.87,1.2,$-0.08,0.0,$-0.25,0.0,$0.01B,$0.00B,4.07,$0.00B,$0.01B,0.01,$0.01B,$0.00B,18.18%,$0.01B,0,0.00%,$0.01B,0,0.00%,$0.01B,0,0.00%,$0.01B,0,0.00%,$0.01B,0,0.00%,$0.00B,$0.01B,0.00%,$0.00B,$0.01B,0.00%,$0.00B,$0.02B,0.00%,$0.00B,$0.01B,0.00%,$-3,$-2,$-1,$0,$-1,$-4,$1,$1,$1,$0,$1,$1,$2,$-1,$1,$12,12,$0.15,$0.15,$6,$2,$0,$10,$2,$0,$3,$0,$5,$15,$3,$0,$0,$1,$3,$0,$-40,$0,$12,$15,$-1,$0,$1,$1,$-1,$-0,$0,$0,$-1,$-1,$0,$0,$0,$3,$0,$3,$0,$3,$-0,$0,$-0,$0,$0,$0,$0,$-0,$2,$0,$0
45,2007-06-30,1.13,$1.02,1.11,$1.53,0.74,$-0.13,0.0,$-0.29,0.0,$0.01B,$0.00B,3.8,$0.00B,$0.01B,0.01,$0.02B,$0.00B,21.05%,$0.02B,$0.00B,21.05%,$0.02B,$-0.00B,-5.26%,$0.02B,$0.01B,31.58%,$0.02B,$-0.00B,-5.26%,$0.02B,$-0.00B,-10.53%,$-0.00B,$0.01B,-14.55%,$-0.00B,$0.01B,-18.18%,$-0.00B,$0.02B,-11.76%,$0.00B,$0.01B,28.57%,$5,$3,$1,$0,$2,$5,$-1,$0,$-0,$0,$-1,$-1,$-1,$-0,$-1,$12,12,$-0.12,$-0.12,$7,$2,$0,$10,$2,$0,$3,$0,$5,$16,$3,$0,$0,$1,$3,$0,$-40,$0,$12,$16,$-3,$1,$1,$2,$0,$0,$0,$0,$0,$-1,$0,$0,$0,$0,$0,$0,$0,$0,$-0,$0,$-0,$0,$0,$0,$0,$0,$-0,$0,$0
46,2007-03-31,1.22,$1.14,1.07,$1.54,0.79,$-0.16,0.0,$-0.18,0.0,$0.01B,$0.00B,5.09,$0.00B,$0.01B,0.01,$0.02B,$0.00B,21.05%,$0.02B,$0.01B,26.32%,$0.02B,0,0.00%,$0.02B,$0.01B,31.58%,$0.02B,$-0.00B,-5.26%,$0.02B,$-0.00B,-5.26%,$-0.00B,$0.01B,-6.90%,$-0.00B,$0.01B,-8.70%,$-0.00B,$0.02B,-5.63%,$0.01B,$0.01B,33.90%,$4,$3,$1,$0,$1,$4,$-0,$-1,$-1,$-0,$-1,$-1,$-1,$1,$-0,$12,12,$-0.10,$-0.10,$7,$1,$0,$10,$2,$0,$3,$0,$5,$16,$2,$0,$0,$0,$2,$0,$-39,$-0,$13,$16,$-2,$1,$-0,$1,$1,$0,$0,$-0,$1,$-0,$-0,$0,$0,$0,$-0,$-0,$0,$-0,$-0,$0,$-0,$0,$0,$0,$0,$0,$-0,$0,$0
47,2006-12-31,1.43,$1.24,1.16,$1.21,1.18,$-0.16,0.0,$-0.08,0.0,$0.01B,$0.00B,6.03,$0.00B,$0.02B,0.0,$0.02B,$0.00B,20.00%,$0.02B,$0.01B,33.33%,$0.02B,0,0.00%,$0.02B,$0.01B,33.33%,$0.02B,0,0.00%,$0.02B,0,0.00%,$0.00B,$0.02B,0.00%,$0.00B,$0.01B,0.00%,$0.00B,$0.02B,0.00%,$0.01B,$0.02B,32.79%,$5,$3,$1,$0,$1,$5,$-0,$0,$0,$0,$-0,$-0,$-0,$0,$-0,$12,12,$-0.04,$-0.04,$7,$2,$0,$11,$2,$0,$3,$0,$6,$17,$2,$0,$0,$0,$2,$0,$-37,$0,$15,$17,$-0,$0,$0,$0,$1,$0,$0,$-0,$0,$0,$0,$0,$0,$0,$-0,$-0,$0,$-0,$0,$0,$0,$0,$0,$0,$0,$0,$-0,$0,$0
