,Date,Stock Price,Book Value per Share,Price to Book Ratio,TTM Sales per Share,Price to Sales Ratio,TTM FCF per Share,Price to FCF Ratio,TTM Net EPS,PE Ratio,Current Assets,Current Liabilities,Current Ratio,Long Term Debt,Shareholder's Equity_x,Debt to Equity Ratio,TTM Revenue_x,TTM Gross Profit,Gross Margin,TTM Revenue_y,TTM Operating Income,Operating Margin,TTM Revenue_x,TTM EBIT,EBIT Margin,TTM Revenue_y,TTM EBITDA,EBITDA Margin,TTM Revenue_x,TTM Pre-Tax Income,Pre-Tax Margin,TTM Revenue_y,TTM Net Income_x,Net Margin,TTM Net Income_y,Shareholder's Equity_y,Return on Equity,TTM Net Income_x,Tangible Equity,Return on Tangible Equity,TTM Net Income_y,Total Assets,Return on Assets,TTM Net Income,LT Investments & Debt,Return on Investment,revenue,cost-goods-sold,gross-profit,research-development-expenses,selling-general-administrative-expenses,operating-expenses,operating-income,total-non-operating-income-expense,pre-tax-income,total-provision-income-taxes,income-after-taxes,income-from-continuous-operations,net-income,ebitda,ebit,basic-shares-outstanding,shares-outstanding,eps-basic-net-earnings-per-share,eps-earnings-per-share-diluted,cash-on-hand,inventory,other-current-assets,total-current-assets,net-property-plant-equipment,long-term-investments,goodwill-intangible-assets-total,other-long-term-assets,total-long-term-assets,total-assets,total-current-liabilities,long-term-debt,other-non-current-liabilities,total-long-term-liabilities,total-liabilities,common-stock-net,retained-earnings-accumulated-deficit,comprehensive-income,total-share-holder-equity,total-liabilities-share-holders-equity,net-income-loss,total-depreciation-amortization-cash-flow,other-non-cash-items,total-non-cash-items,change-in-accounts-receivable,change-in-inventories,change-in-accounts-payable,change-in-assets-liabilities,total-change-in-assets-liabilities,cash-flow-from-operating-activities,net-change-in-property-plant-equipment,net-change-in-intangible-assets,net-acquisitions-divestitures,net-change-in-short-term-investments,net-change-in-long-term-investments,net-change-in-investments-total,investing-activities-other,cash-flow-from-investing-activities,net-long-term-debt,net-current-debt,debt-issuance-retirement-net-total,net-common-equity-issued-repurchased,net-total-equity-issued-repurchased,total-common-preferred-stock-dividends-paid,financial-activities-other,cash-flow-from-financial-activities,net-cash-flow,stock-based-compensation,common-stock-dividends-paid
0,2018-09-30,2.6,$2.55,1.02,$2.06,1.26,$-0.18,0.0,$-0.23,0.0,$0.39B,$0.19B,2.09,$0.12B,$0.52B,0.24,$0.34B,$0.12B,36.39%,$0.34B,$-0.02B,-5.33%,$0.34B,$-0.02B,-5.33%,$0.34B,$0.03B,10.06%,$0.34B,$-0.04B,-12.43%,$0.34B,$-0.04B,-11.54%,$-0.04B,$0.52B,-7.96%,$-0.04B,$0.45B,-9.23%,$-0.04B,$0.84B,-4.72%,$-0.02B,$0.64B,-2.94%,$77,$53,$25,$0,$18,$85,$-7,$-5,$-12,$0,$-12,$-12,$-11,$6,$-7,$203,203,$-0.05,$-0.05,$256,$37,$0,$389,$344,$28,$67,$0,$455,$843,$186,$123,$15,$138,$324,$0,$-696,$-0,$519,$843,$-15,$40,$11,$50,$-7,$-2,$-2,$3,$-6,$29,$-14,$0,$0,$47,$0,$47,$1,$34,$-23,$0,$-23,$83,$83,$0,$-1,$60,$123,$4,$0
1,2018-06-30,3.69,$2.61,1.42,$2.22,1.66,$-0.46,0.0,$-0.80,0.0,$0.39B,$0.18B,2.13,$0.12B,$0.53B,0.23,$0.34B,$0.11B,30.90%,$0.34B,$-0.10B,-29.74%,$0.34B,$-0.10B,-29.74%,$0.34B,$-0.05B,-14.29%,$0.34B,$-0.13B,-36.44%,$0.34B,$-0.12B,-35.57%,$-0.12B,$0.53B,-25.59%,$-0.12B,$0.46B,-29.98%,$-0.12B,$0.85B,-14.97%,$-0.10B,$0.65B,-16.31%,$70,$46,$25,$0,$20,$79,$-8,$-5,$-13,$0,$-13,$-13,$-12,$5,$-8,$163,163,$-0.07,$-0.07,$255,$37,$0,$386,$353,$28,$67,$0,$464,$850,$181,$124,$15,$139,$320,$0,$-685,$-0,$530,$850,$-3,$27,$7,$33,$-2,$-2,$-3,$1,$-8,$23,$-10,$0,$0,$-69,$0,$-69,$1,$-78,$-21,$0,$-21,$83,$83,$0,$-0,$62,$6,$3,$0
2,2018-03-31,1.65,$3.02,0.55,$2.33,0.71,$-0.67,0.0,$-0.85,0.0,$0.34B,$0.22B,1.58,$0.13B,$0.46B,0.27,$0.35B,$0.11B,29.66%,$0.35B,$-0.11B,-30.51%,$0.35B,$-0.11B,-30.51%,$0.35B,$-0.05B,-14.97%,$0.35B,$-0.13B,-36.72%,$0.35B,$-0.13B,-36.16%,$-0.13B,$0.46B,-26.50%,$-0.13B,$0.39B,-31.68%,$-0.13B,$0.82B,-15.60%,$-0.11B,$0.59B,-16.29%,$102,$55,$48,$0,$19,$86,$16,$-5,$11,$0,$10,$10,$12,$29,$16,$152,157,$0.08,$0.08,$175,$38,$0,$342,$364,$29,$68,$0,$477,$819,$216,$125,$16,$142,$358,$0,$-673,$-1,$461,$819,$10,$13,$4,$17,$-37,$-3,$4,$2,$-29,$-2,$-7,$0,$0,$14,$0,$14,$1,$7,$5,$0,$5,$0,$0,$0,$0,$5,$10,$2,$0
3,2017-12-31,2.03,$2.97,0.68,$2.26,0.9,$-0.65,0.0,$-0.53,0.0,$0.31B,$0.20B,1.5,$0.12B,$0.45B,0.27,$0.34B,$0.09B,25.22%,$0.34B,$-0.13B,-39.30%,$0.34B,$-0.13B,-39.30%,$0.34B,$-0.08B,-22.58%,$0.34B,$-0.08B,-24.34%,$0.34B,$-0.08B,-23.17%,$-0.08B,$0.45B,-15.50%,$-0.08B,$0.38B,-18.74%,$-0.08B,$0.79B,-9.38%,$-0.13B,$0.57B,-18.58%,$89,$64,$25,$0,$24,$108,$-19,$-10,$-28,$0,$-29,$-29,$-28,$-6,$-19,$150,150,$-0.20,$-0.19,$179,$35,$0,$305,$367,$30,$68,$0,$487,$792,$203,$120,$19,$139,$342,$0,$-684,$-1,$450,$792,$-81,$57,$19,$76,$7,$1,$-9,$15,$-0,$-5,$-36,$0,$0,$-67,$-4,$-71,$155,$48,$-21,$-24,$-44,$11,$11,$0,$-9,$-43,$-0,$8,$0
4,2017-09-30,2.48,$3.08,0.8,$2.52,0.98,$-0.18,0.0,$-0.37,0.0,$0.33B,$0.09B,3.52,$0.23B,$0.47B,0.49,$0.35B,$0.10B,27.40%,$0.35B,$-0.12B,-34.46%,$0.35B,$-0.12B,-34.46%,$0.35B,$-0.06B,-17.80%,$0.35B,$-0.06B,-16.67%,$0.35B,$-0.06B,-15.54%,$-0.06B,$0.47B,-10.56%,$-0.06B,$0.39B,-13.21%,$-0.06B,$0.80B,-6.33%,$-0.12B,$0.69B,-15.67%,$82,$73,$8,$0,$25,$173,$-91,$-4,$-95,$-0,$-95,$-95,$-94,$-77,$-91,$151,151,$-0.62,$-0.62,$198,$45,$0,$331,$364,$3,$76,$0,$468,$799,$94,$226,$13,$239,$333,$0,$-655,$-12,$466,$799,$-53,$45,$10,$55,$24,$0,$-9,$1,$-6,$-3,$-28,$0,$0,$-77,$-2,$-79,$157,$50,$-22,$-23,$-45,$11,$11,$0,$-9,$-44,$4,$7,$0
5,2017-06-30,2.54,$3.68,0.69,$2.72,0.93,$0.23,10.92,$0.15,16.93,$0.32B,$0.06B,5.22,$0.25B,$0.56B,0.45,$0.37B,$0.12B,33.60%,$0.37B,$-0.04B,-10.03%,$0.37B,$-0.04B,-10.03%,$0.37B,$0.02B,6.50%,$0.37B,$0.02B,6.23%,$0.37B,$0.03B,7.05%,$0.03B,$0.56B,5.00%,$0.03B,$0.45B,6.48%,$0.03B,$0.87B,2.90%,$-0.04B,$0.81B,-4.57%,$81,$57,$24,$0,$23,$95,$-14,$-4,$-18,$0,$-19,$-19,$-18,$1,$-14,$151,151,$-0.12,$-0.12,$201,$30,$0,$323,$423,$3,$104,$0,$550,$872,$62,$251,$5,$256,$318,$0,$-561,$-16,$555,$872,$42,$30,$-65,$-35,$24,$-2,$-11,$2,$-12,$-5,$-14,$0,$0,$-77,$-2,$-79,$148,$55,$-22,$-23,$-45,$11,$11,$0,$-9,$-44,$7,$5,$0
6,2017-03-31,2.55,$3.79,0.67,$3.15,0.81,$0.50,5.08,$0.28,9.11,$0.35B,$0.08B,4.27,$0.25B,$0.57B,0.44,$0.40B,$0.14B,35.10%,$0.40B,$-0.02B,-6.06%,$0.40B,$-0.02B,-6.06%,$0.40B,$0.04B,9.34%,$0.40B,$0.04B,10.61%,$0.40B,$0.05B,11.62%,$0.05B,$0.57B,9.48%,$0.05B,$0.46B,12.86%,$0.05B,$0.91B,4.97%,$-0.02B,$0.82B,-3.01%,$89,$61,$29,$0,$24,$100,$-10,$69,$58,$-2,$61,$61,$61,$5,$-10,$149,153,$0.41,$0.40,$98,$29,$0,$351,$433,$3,$104,$0,$555,$906,$82,$251,$5,$257,$339,$0,$-543,$-17,$568,$906,$61,$16,$-71,$-56,$19,$0,$-7,$2,$-3,$1,$-8,$0,$0,$23,$-2,$21,$23,$36,$-21,$-24,$-44,$11,$11,$0,$-0,$-34,$4,$2,$0
7,2016-12-31,2.86,$3.26,0.88,$3.52,0.81,$0.76,3.77,$-0.09,0.0,$0.26B,$0.09B,2.93,$0.31B,$0.49B,0.62,$0.40B,$0.15B,36.48%,$0.40B,$-0.02B,-4.47%,$0.40B,$-0.02B,-4.47%,$0.40B,$0.04B,10.67%,$0.40B,$-0.01B,-3.23%,$0.40B,$-0.01B,-2.98%,$-0.01B,$0.49B,-2.77%,$-0.01B,$0.36B,-4.03%,$-0.01B,$0.90B,-1.27%,$-0.02B,$0.80B,-2.31%,$102,$66,$36,$0,$29,$109,$-7,$3,$-4,$0,$-4,$-4,$-4,$8,$-7,$119,119,$-0.04,$-0.04,$117,$30,$0,$262,$484,$3,$132,$0,$635,$897,$89,$306,$8,$314,$404,$0,$-604,$-18,$494,$897,$-14,$61,$-22,$39,$30,$-2,$-1,$-3,$21,$46,$-24,$0,$-2,$30,$2,$32,$-5,$1,$-180,$23,$-157,$104,$104,$0,$-2,$-56,$-8,$8,$0
8,2016-09-30,4.47,$3.46,1.29,$3.97,1.13,$-0.12,0.0,$-0.60,0.0,$0.27B,$0.09B,2.97,$0.35B,$0.47B,0.75,$0.42B,$0.17B,39.76%,$0.42B,$0.00B,0.95%,$0.42B,$0.00B,0.95%,$0.42B,$0.07B,15.48%,$0.42B,$-0.06B,-14.05%,$0.42B,$-0.06B,-13.81%,$-0.06B,$0.47B,-14.80%,$-0.06B,$0.33B,-22.68%,$-0.06B,$0.91B,-5.98%,$0.00B,$0.81B,0.52%,$97,$62,$35,$0,$26,$103,$-6,$-7,$-13,$0,$-13,$-13,$-13,$10,$-6,$130,130,$-0.10,$-0.10,$123,$29,$0,$270,$488,$3,$134,$0,$642,$911,$91,$348,$8,$356,$447,$0,$-600,$-16,$465,$911,$-10,$46,$-16,$30,$31,$-1,$-1,$-0,$24,$44,$-17,$0,$0,$26,$3,$29,$-3,$10,$-125,$-0,$-125,$69,$69,$0,$-1,$-57,$-2,$7,$0
9,2016-06-30,3.47,$3.55,0.98,$4.24,0.82,$-0.78,0.0,$-0.75,0.0,$0.34B,$0.22B,1.54,$0.35B,$0.41B,0.85,$0.42B,$0.16B,38.07%,$0.42B,$-0.01B,-1.45%,$0.42B,$-0.01B,-1.45%,$0.42B,$0.05B,13.01%,$0.42B,$-0.07B,-16.63%,$0.42B,$-0.07B,-16.39%,$-0.07B,$0.41B,-18.43%,$-0.07B,$0.28B,-29.31%,$-0.07B,$0.99B,-6.77%,$-0.01B,$0.76B,-0.79%,$108,$69,$39,$0,$25,$109,$-1,$2,$1,$0,$1,$1,$2,$14,$-1,$109,112,$0.01,$0.01,$186,$29,$0,$336,$496,$3,$137,$0,$653,$989,$218,$349,$8,$358,$576,$0,$-587,$-14,$413,$989,$3,$31,$-20,$10,$24,$0,$-3,$1,$14,$28,$-12,$0,$0,$24,$3,$27,$-2,$13,$-86,$50,$-36,$52,$52,$0,$-1,$16,$59,$4,$0
10,2016-03-31,2.93,$3.60,0.81,$4.22,0.69,$-1.25,0.0,$-1.09,0.0,$0.31B,$0.23B,1.38,$0.38B,$0.36B,1.06,$0.39B,$0.14B,36.04%,$0.39B,$-0.03B,-6.35%,$0.39B,$-0.03B,-6.35%,$0.39B,$0.04B,8.88%,$0.39B,$-0.10B,-25.38%,$0.39B,$-0.10B,-25.38%,$-0.10B,$0.36B,-27.32%,$-0.10B,$0.22B,-44.05%,$-0.10B,$0.98B,-9.76%,$-0.03B,$0.75B,-3.07%,$96,$59,$37,$0,$26,$100,$-4,$7,$3,$0,$3,$3,$3,$11,$-4,$97,100,$0.03,$0.03,$172,$30,$0,$314,$506,$6,$138,$0,$667,$981,$227,$384,$8,$393,$619,$0,$-589,$-15,$361,$981,$3,$15,$-13,$3,$36,$-1,$-3,$-6,$22,$27,$-5,$0,$0,$27,$0,$27,$-0,$22,$-78,$50,$-28,$22,$22,$0,$-1,$-6,$44,$2,$0
11,2015-12-31,3.6,$3.56,1.01,$4.20,0.86,$-1.37,0.0,$-1.46,0.0,$0.33B,$0.25B,1.34,$0.42B,$0.33B,1.27,$0.38B,$0.13B,32.81%,$0.38B,$-0.04B,-10.94%,$0.38B,$-0.04B,-10.94%,$0.38B,$0.02B,4.43%,$0.38B,$-0.13B,-34.90%,$0.38B,$-0.13B,-34.90%,$-0.13B,$0.33B,-35.01%,$-0.13B,$0.19B,-55.43%,$-0.13B,$1.00B,-12.65%,$-0.04B,$0.75B,-4.79%,$119,$63,$56,$0,$25,$104,$15,$-65,$-50,$0,$-50,$-50,$-50,$30,$15,$92,92,$-0.55,$-0.55,$151,$29,$0,$329,$516,$6,$135,$0,$671,$1001,$246,$417,$8,$425,$672,$0,$-592,$-21,$329,$1001,$-135,$58,$68,$126,$3,$5,$-12,$-1,$-3,$-12,$-51,$0,$0,$19,$0,$19,$-2,$-34,$-6,$-0,$-6,$7,$7,$0,$-1,$0,$-49,$11,$0
12,2015-09-30,4.5,$4.12,1.09,$4.31,1.04,$-2.43,0.0,$-0.91,0.0,$0.31B,$0.24B,1.3,$0.42B,$0.37B,1.13,$0.40B,$0.12B,30.73%,$0.40B,$-0.05B,-13.35%,$0.40B,$-0.05B,-13.35%,$0.40B,$0.01B,1.51%,$0.40B,$-0.08B,-21.16%,$0.40B,$-0.08B,-20.91%,$-0.08B,$0.37B,-19.92%,$-0.08B,$0.24B,-30.63%,$-0.08B,$1.05B,-7.55%,$-0.05B,$0.80B,-5.59%,$92,$67,$26,$0,$28,$108,$-16,$-8,$-23,$-0,$-23,$-23,$-23,$-1,$-16,$92,92,$-0.25,$-0.25,$170,$31,$0,$313,$518,$6,$138,$0,$732,$1045,$240,$423,$8,$431,$671,$0,$-542,$-18,$373,$1045,$-85,$43,$10,$52,$41,$4,$-11,$7,$32,$-1,$-40,$0,$0,$8,$0,$8,$-1,$-33,$-4,$-0,$-4,$1,$1,$0,$-1,$-4,$-41,$8,$0
13,2015-06-30,5.62,$4.44,1.27,$4.40,1.28,$-3.38,0.0,$-0.98,0.0,$0.33B,$0.09B,3.6,$0.57B,$0.40B,1.42,$0.41B,$0.12B,28.19%,$0.41B,$-0.06B,-13.48%,$0.41B,$-0.06B,-13.48%,$0.41B,$0.00B,0.49%,$0.41B,$-0.09B,-22.06%,$0.41B,$-0.09B,-22.06%,$-0.09B,$0.40B,-20.71%,$-0.09B,$0.26B,-31.72%,$-0.09B,$1.07B,-7.94%,$-0.06B,$0.97B,-5.44%,$87,$64,$23,$0,$29,$106,$-20,$-10,$-30,$1,$-30,$-30,$-30,$-5,$-20,$91,91,$-0.33,$-0.33,$186,$31,$0,$330,$520,$6,$145,$0,$741,$1071,$92,$570,$8,$578,$669,$0,$-519,$-11,$401,$1071,$-62,$28,$7,$35,$41,$3,$-12,$7,$24,$-3,$-26,$0,$0,$-6,$0,$-6,$-1,$-33,$-3,$-0,$-3,$1,$1,$0,$0,$-2,$-39,$5,$0
14,2015-03-31,5.34,$4.73,1.13,$4.48,1.19,$-4.17,0.0,$-0.99,0.0,$0.38B,$0.12B,3.26,$0.57B,$0.43B,1.33,$0.42B,$0.12B,27.92%,$0.42B,$-0.06B,-13.84%,$0.42B,$-0.06B,-13.84%,$0.42B,$-0.00B,-0.95%,$0.42B,$-0.09B,-21.96%,$0.42B,$-0.09B,-21.96%,$-0.09B,$0.43B,-20.39%,$-0.09B,$0.28B,-31.13%,$-0.09B,$1.12B,-7.88%,$-0.06B,$1.00B,-5.59%,$86,$65,$21,$0,$30,$107,$-21,$-10,$-31,$1,$-32,$-32,$-31,$-7,$-21,$91,91,$-0.34,$-0.34,$225,$33,$0,$378,$519,$6,$145,$0,$743,$1121,$116,$569,$8,$577,$693,$0,$-489,$-12,$428,$1121,$-32,$14,$3,$16,$36,$2,$-3,$5,$36,$21,$-13,$0,$0,$9,$0,$9,$-1,$-4,$-1,$-0,$-1,$0,$0,$0,$0,$-1,$14,$3,$0
15,2014-12-31,5.0,$5.16,0.97,$4.55,1.1,$-4.91,0.0,$-0.95,0.0,$0.41B,$0.12B,3.44,$0.57B,$0.47B,1.22,$0.43B,$0.12B,28.04%,$0.43B,$-0.05B,-12.62%,$0.43B,$-0.05B,-12.62%,$0.43B,$-0.00B,-0.47%,$0.43B,$-0.09B,-20.79%,$0.43B,$-0.09B,-21.03%,$-0.09B,$0.47B,-19.24%,$-0.09B,$0.31B,-29.22%,$-0.09B,$1.16B,-7.54%,$-0.05B,$1.03B,-5.07%,$132,$80,$52,$0,$30,$128,$4,$-4,$-0,$-1,$1,$1,$1,$19,$4,$94,94,$0.00,$0.00,$221,$35,$0,$414,$514,$7,$154,$0,$747,$1160,$120,$566,$9,$575,$695,$0,$-457,$-3,$465,$1160,$-91,$54,$-0,$53,$-56,$-1,$9,$1,$-38,$-76,$-89,$0,$0,$21,$-7,$14,$27,$-47,$-28,$-6,$-34,$9,$9,$0,$-1,$-26,$-148,$12,$0
16,2014-09-30,7.8,$4.93,1.58,$4.04,1.93,$-4.13,0.0,$-1.30,0.0,$0.42B,$0.13B,3.36,$0.60B,$0.44B,1.36,$0.38B,$0.10B,25.20%,$0.38B,$-0.08B,-20.21%,$0.38B,$-0.08B,-20.21%,$0.38B,$-0.03B,-7.61%,$0.38B,$-0.12B,-31.50%,$0.38B,$-0.12B,-32.28%,$-0.12B,$0.44B,-25.56%,$-0.12B,$0.29B,-38.71%,$-0.12B,$1.18B,-10.11%,$-0.08B,$1.05B,-7.09%,$103,$84,$19,$0,$28,$121,$-18,$-12,$-29,$1,$-30,$-30,$-30,$-5,$-18,$94,94,$-0.32,$-0.32,$265,$36,$0,$424,$528,$0,$158,$0,$759,$1184,$126,$604,$10,$614,$740,$0,$-459,$-1,$444,$1184,$-91,$38,$4,$42,$-18,$-2,$9,$-5,$-7,$-56,$-75,$0,$0,$9,$0,$9,$-14,$-80,$-2,$5,$3,$8,$8,$0,$-1,$11,$-125,$9,$0
17,2014-06-30,11.72,$5.20,2.25,$3.86,3.04,$-3.39,0.0,$-1.18,0.0,$0.44B,$0.12B,3.76,$0.61B,$0.47B,1.3,$0.36B,$0.11B,29.95%,$0.36B,$-0.07B,-19.51%,$0.36B,$-0.07B,-19.51%,$0.36B,$-0.02B,-6.59%,$0.36B,$-0.11B,-29.95%,$0.36B,$-0.11B,-30.77%,$-0.11B,$0.47B,-22.08%,$-0.11B,$0.30B,-32.97%,$-0.11B,$1.21B,-9.04%,$-0.07B,$1.08B,-6.40%,$98,$73,$25,$0,$34,$122,$-23,$-9,$-32,$0,$-33,$-33,$-32,$-11,$-23,$95,95,$-0.34,$-0.34,$289,$39,$0,$437,$533,$0,$164,$0,$768,$1205,$116,$608,$13,$622,$738,$0,$-429,$-1,$468,$1205,$-61,$25,$4,$29,$-7,$-5,$-2,$2,$-11,$-43,$-62,$0,$0,$-13,$0,$-13,$-6,$-81,$3,$6,$9,$1,$1,$0,$-1,$9,$-115,$6,$0
18,2014-03-31,8.94,$5.50,1.63,$3.76,2.38,$-2.79,0.0,$-0.97,0.0,$0.47B,$0.11B,4.22,$0.61B,$0.49B,1.23,$0.35B,$0.11B,31.07%,$0.35B,$-0.07B,-19.21%,$0.35B,$-0.07B,-19.21%,$0.35B,$-0.02B,-6.21%,$0.35B,$-0.09B,-25.14%,$0.35B,$-0.09B,-25.99%,$-0.09B,$0.49B,-17.36%,$-0.09B,$0.33B,-25.54%,$-0.09B,$1.23B,-7.71%,$-0.07B,$1.10B,-6.39%,$95,$72,$24,$0,$33,$112,$-17,$-11,$-28,$1,$-29,$-29,$-29,$-5,$-17,$95,95,$-0.30,$-0.30,$331,$38,$0,$469,$521,$0,$163,$0,$756,$1225,$111,$608,$11,$620,$731,$0,$-396,$-4,$494,$1225,$-29,$12,$-0,$12,$2,$-4,$6,$1,$2,$-15,$-47,$0,$0,$-26,$0,$-26,$-6,$-78,$4,$3,$6,$1,$1,$0,$-1,$6,$-86,$3,$0
19,2013-12-31,12.88,$5.80,2.22,$3.74,3.44,$-2.55,0.0,$-0.71,0.0,$0.52B,$0.12B,4.34,$0.60B,$0.52B,1.15,$0.35B,$0.13B,36.36%,$0.35B,$-0.05B,-14.77%,$0.35B,$-0.05B,-14.77%,$0.35B,$-0.01B,-1.99%,$0.35B,$-0.06B,-17.90%,$0.35B,$-0.07B,-19.03%,$-0.07B,$0.52B,-12.27%,$-0.07B,$0.35B,-17.90%,$-0.07B,$1.25B,-5.94%,$-0.05B,$1.12B,-5.20%,$85,$57,$28,$0,$36,$104,$-19,$-12,$-31,$1,$-32,$-32,$-32,$-8,$-19,$94,94,$-0.34,$-0.34,$387,$34,$0,$521,$488,$0,$168,$0,$730,$1251,$120,$597,$15,$612,$732,$0,$-368,$-1,$519,$1251,$-67,$45,$5,$50,$-0,$-1,$-7,$1,$12,$-5,$-87,$0,$-9,$-73,$6,$-67,$8,$-155,$305,$-6,$299,$1,$1,$0,$-9,$291,$132,$23,$0
20,2013-09-30,12.77,$6.13,2.08,$3.97,3.22,$-4.00,0.0,$-0.83,0.0,$0.56B,$0.12B,4.65,$0.59B,$0.55B,1.09,$0.37B,$0.12B,33.06%,$0.37B,$-0.05B,-14.75%,$0.37B,$-0.05B,-14.75%,$0.37B,$-0.01B,-2.73%,$0.37B,$-0.07B,-19.95%,$0.37B,$-0.08B,-21.04%,$-0.08B,$0.55B,-13.92%,$-0.08B,$0.37B,-20.29%,$-0.08B,$1.28B,-7.27%,$-0.05B,$1.14B,-5.79%,$86,$55,$32,$0,$34,$98,$-12,$-7,$-18,$1,$-19,$-19,$-19,$0,$-12,$94,94,$-0.20,$-0.20,$417,$40,$0,$558,$468,$0,$174,$1,$718,$1277,$120,$594,$14,$608,$729,$0,$-335,$2,$548,$1277,$-35,$34,$-3,$31,$-2,$-7,$-8,$-0,$2,$-2,$-60,$0,$-9,$10,$6,$16,$7,$-46,$302,$-4,$299,$1,$1,$0,$-8,$292,$244,$17,$0
21,2013-06-30,13.2,$6.26,2.11,$4.10,3.22,$-5.09,0.0,$-0.82,0.0,$0.29B,$0.11B,2.67,$0.34B,$0.56B,0.61,$0.37B,$0.11B,29.38%,$0.37B,$-0.06B,-15.09%,$0.37B,$-0.06B,-15.09%,$0.37B,$-0.01B,-3.77%,$0.37B,$-0.07B,-19.14%,$0.37B,$-0.07B,-19.95%,$-0.07B,$0.56B,-13.59%,$-0.07B,$0.39B,-19.91%,$-0.07B,$1.02B,-7.52%,$-0.06B,$0.90B,-6.57%,$88,$62,$26,$0,$35,$108,$-20,$8,$-12,$0,$-12,$-12,$-12,$-9,$-20,$94,94,$-0.13,$-0.13,$157,$36,$0,$289,$456,$0,$174,$33,$733,$1022,$108,$340,$16,$355,$464,$0,$-317,$0,$559,$1022,$-16,$22,$-8,$15,$0,$-3,$-17,$0,$-6,$-7,$-40,$0,$-9,$-0,$6,$6,$-19,$-63,$48,$-1,$47,$0,$0,$0,$0,$48,$-23,$12,$0
22,2013-03-31,13.0,$6.31,2.06,$3.97,3.27,$-5.67,0.0,$-0.82,0.0,$0.29B,$0.11B,2.69,$0.29B,$0.56B,0.51,$0.35B,$0.10B,29.46%,$0.35B,$-0.04B,-12.18%,$0.35B,$-0.04B,-12.18%,$0.35B,$-0.00B,-0.57%,$0.35B,$-0.07B,-19.83%,$0.35B,$-0.07B,-20.68%,$-0.07B,$0.56B,-13.64%,$-0.07B,$0.39B,-20.14%,$-0.07B,$0.97B,-7.58%,$-0.04B,$0.84B,-5.24%,$93,$51,$42,$0,$33,$94,$-1,$-1,$-2,$2,$-4,$-4,$-4,$10,$-1,$95,95,$-0.04,$-0.04,$130,$44,$0,$285,$438,$0,$170,$1,$680,$965,$106,$286,$15,$301,$407,$0,$-305,$4,$558,$965,$-4,$11,$3,$14,$-18,$-6,$-12,$-2,$-27,$-17,$-22,$0,$0,$2,$6,$8,$10,$-3,$-6,$-0,$-6,$0,$0,$0,$0,$-6,$-26,$6,$0
23,2012-12-31,12.45,$6.24,2.0,$3.85,3.23,$-5.89,0.0,$-1.15,0.0,$0.29B,$0.11B,2.5,$0.30B,$0.55B,0.55,$0.33B,$0.08B,23.95%,$0.33B,$-0.07B,-21.26%,$0.33B,$-0.07B,-21.26%,$0.33B,$-0.03B,-9.58%,$0.33B,$-0.10B,-29.94%,$0.33B,$-0.10B,-30.24%,$-0.10B,$0.55B,-19.17%,$-0.10B,$0.37B,-28.61%,$-0.10B,$0.98B,-10.60%,$-0.07B,$0.85B,-8.82%,$99,$78,$21,$0,$35,$121,$-21,$-20,$-41,$1,$-42,$-42,$-42,$-11,$-21,$87,87,$-0.47,$-0.47,$155,$38,$0,$285,$428,$3,$175,$13,$691,$975,$114,$301,$14,$315,$429,$0,$-301,$6,$547,$975,$-101,$39,$30,$69,$2,$-2,$-0,$7,$12,$-20,$-193,$0,$0,$-6,$-1,$-7,$36,$-164,$41,$4,$45,$9,$9,$0,$-0,$54,$-130,$22,$0
24,2012-09-30,13.17,$5.90,2.23,$3.94,3.34,$-4.79,0.0,$-0.98,0.0,$0.35B,$0.14B,2.54,$0.30B,$0.51B,0.59,$0.32B,$0.08B,24.61%,$0.32B,$-0.07B,-20.56%,$0.32B,$-0.07B,-20.56%,$0.32B,$-0.03B,-8.72%,$0.32B,$-0.08B,-24.30%,$0.32B,$-0.08B,-24.92%,$-0.08B,$0.51B,-15.21%,$-0.08B,$0.34B,-22.70%,$-0.08B,$0.97B,-8.49%,$-0.07B,$0.82B,-8.29%,$91,$71,$20,$0,$31,$105,$-14,$-2,$-16,$0,$-16,$-16,$-16,$-4,$-14,$87,87,$-0.19,$-0.19,$187,$37,$0,$345,$376,$17,$172,$47,$627,$972,$136,$304,$18,$322,$458,$0,$-259,$-2,$514,$972,$-59,$28,$12,$40,$-10,$-1,$-2,$-11,$0,$-19,$-133,$0,$0,$3,$-1,$2,$4,$-127,$44,$4,$48,$8,$8,$0,$-0,$56,$-89,$16,$0
25,2012-06-30,15.5,$6.02,2.58,$3.91,3.96,$-3.70,0.0,$-0.95,0.0,$0.35B,$0.14B,2.54,$0.25B,$0.52B,0.49,$0.30B,$0.08B,25.83%,$0.30B,$-0.06B,-19.54%,$0.30B,$-0.06B,-19.54%,$0.30B,$-0.02B,-7.28%,$0.30B,$-0.07B,-24.50%,$0.30B,$-0.08B,-24.83%,$-0.08B,$0.52B,-14.98%,$-0.08B,$0.35B,-23.02%,$-0.08B,$0.94B,-8.36%,$-0.06B,$0.78B,-7.76%,$70,$49,$21,$0,$28,$76,$-7,$-4,$-11,$0,$-11,$-11,$-11,$3,$-7,$87,87,$-0.13,$-0.13,$217,$36,$0,$353,$355,$17,$174,$21,$585,$938,$139,$254,$23,$276,$416,$0,$-243,$0,$522,$938,$-43,$18,$11,$29,$-7,$-0,$-7,$-15,$-5,$-18,$-76,$0,$0,$-4,$-1,$-5,$30,$-51,$-6,$1,$-4,$8,$8,$0,$-0,$3,$-65,$10,$0
26,2012-03-31,21.28,$6.06,3.51,$4.09,5.2,$-2.86,0.0,$-0.90,0.0,$0.37B,$0.12B,3.2,$0.26B,$0.52B,0.49,$0.30B,$0.08B,25.25%,$0.30B,$-0.06B,-19.27%,$0.30B,$-0.06B,-19.27%,$0.30B,$-0.02B,-7.31%,$0.30B,$-0.07B,-23.26%,$0.30B,$-0.07B,-23.26%,$-0.07B,$0.52B,-14.75%,$-0.07B,$0.35B,-23.47%,$-0.07B,$0.93B,-8.62%,$-0.06B,$0.78B,-8.44%,$74,$56,$18,$0,$25,$102,$-29,$-3,$-32,$0,$-32,$-32,$-32,$-20,$-29,$86,86,$-0.37,$-0.37,$237,$39,$0,$368,$310,$17,$173,$42,$560,$927,$115,$255,$34,$289,$404,$0,$-231,$-1,$524,$927,$-32,$9,$16,$25,$-2,$-3,$-9,$-8,$-10,$-17,$-37,$0,$0,$-2,$0,$-2,$7,$-32,$-5,$0,$-5,$6,$6,$0,$0,$1,$-47,$5,$0
27,2011-12-31,12.46,$6.37,1.96,$4.16,2.99,$-2.25,0.0,$-0.67,0.0,$0.41B,$0.10B,4.21,$0.27B,$0.54B,0.49,$0.29B,$0.08B,26.03%,$0.29B,$-0.04B,-13.36%,$0.29B,$-0.04B,-13.36%,$0.29B,$-0.00B,-1.37%,$0.29B,$-0.05B,-16.44%,$0.29B,$-0.05B,-16.44%,$-0.05B,$0.54B,-10.71%,$-0.05B,$0.37B,-17.78%,$-0.05B,$0.93B,-6.58%,$-0.04B,$0.81B,-6.35%,$86,$67,$20,$0,$27,$102,$-16,$-3,$-19,$2,$-21,$-21,$-21,$-7,$-16,$70,70,$-0.30,$-0.30,$276,$35,$0,$410,$257,$16,$176,$55,$521,$931,$97,$266,$23,$289,$387,$0,$-200,$-1,$544,$931,$-47,$33,$8,$42,$-0,$-15,$0,$-12,$-21,$-27,$-67,$0,$-1,$-33,$-5,$-38,$-60,$-166,$227,$4,$231,$151,$151,$0,$-5,$378,$183,$13,$0
28,2011-09-30,11.12,$5.86,1.9,$4.27,2.6,$-1.74,0.0,$-0.20,0.0,$0.27B,$0.09B,2.88,$0.27B,$0.41B,0.64,$0.29B,$0.09B,30.80%,$0.29B,$-0.01B,-3.81%,$0.29B,$-0.01B,-3.81%,$0.29B,$0.02B,7.96%,$0.29B,$-0.02B,-5.54%,$0.29B,$-0.01B,-4.50%,$-0.01B,$0.41B,-3.13%,$-0.01B,$0.24B,-5.51%,$-0.01B,$0.79B,-2.02%,$-0.01B,$0.68B,-2.09%,$72,$53,$19,$0,$20,$79,$-7,$-6,$-12,$-1,$-11,$-11,$-11,$2,$-7,$70,70,$-0.16,$-0.16,$165,$32,$0,$268,$247,$16,$177,$68,$523,$792,$93,$266,$20,$286,$379,$0,$-179,$-0,$413,$792,$-27,$25,$5,$30,$16,$-12,$-6,$-10,$-9,$-6,$-40,$0,$0,$0,$-5,$-5,$-73,$-117,$227,$5,$231,$1,$1,$0,$-5,$228,$104,$10,$0
29,2011-06-30,13.15,$5.93,2.22,$3.96,3.32,$-1.54,0.0,$-0.07,0.0,$0.14B,$0.09B,1.5,$0.07B,$0.42B,0.16,$0.26B,$0.08B,31.18%,$0.26B,$-0.01B,-1.90%,$0.26B,$-0.01B,-1.90%,$0.26B,$0.03B,9.51%,$0.26B,$-0.01B,-2.28%,$0.26B,$-0.00B,-1.52%,$-0.00B,$0.42B,-1.01%,$-0.00B,$0.24B,-1.84%,$-0.00B,$0.60B,-0.70%,$-0.01B,$0.48B,-1.11%,$69,$50,$19,$0,$22,$75,$-6,$-1,$-7,$-1,$-6,$-6,$-6,$3,$-6,$70,70,$-0.08,$-0.08,$42,$29,$0,$138,$229,$15,$179,$0,$460,$599,$92,$66,$24,$90,$182,$0,$-167,$-3,$417,$599,$-15,$16,$5,$21,$19,$-9,$-2,$0,$4,$10,$-28,$0,$0,$0,$-3,$-3,$-27,$-58,$26,$5,$32,$1,$1,$0,$-4,$29,$-20,$7,$0
30,2011-03-31,16.38,$5.95,2.75,$3.59,4.57,$-1.59,0.0,$0.15,109.2,$0.14B,$0.09B,1.69,$0.06B,$0.42B,0.15,$0.24B,$0.08B,31.93%,$0.24B,$0.01B,4.62%,$0.24B,$0.01B,4.62%,$0.24B,$0.04B,15.55%,$0.24B,$0.01B,4.62%,$0.24B,$0.01B,5.04%,$0.01B,$0.42B,3.30%,$0.01B,$0.24B,5.61%,$0.01B,$0.60B,2.34%,$0.01B,$0.48B,2.74%,$65,$47,$18,$0,$18,$76,$-10,$-0,$-10,$-1,$-9,$-9,$-10,$-2,$-10,$70,70,$-0.14,$-0.14,$57,$27,$0,$144,$217,$14,$181,$0,$453,$597,$85,$64,$29,$93,$179,$0,$-162,$-4,$418,$597,$-9,$8,$6,$14,$24,$-7,$-8,$0,$5,$10,$-11,$0,$0,$0,$-3,$-3,$-27,$-41,$26,$3,$29,$0,$0,$0,$-1,$28,$-3,$3,$0
31,2010-12-31,13.84,$5.98,2.31,$3.30,4.19,$-1.74,0.0,$-0.12,0.0,$0.16B,$0.10B,1.67,$0.04B,$0.42B,0.1,$0.21B,$0.07B,32.55%,$0.21B,$-0.01B,-2.36%,$0.21B,$-0.01B,-2.36%,$0.21B,$0.02B,8.49%,$0.21B,$-0.01B,-2.36%,$0.21B,$-0.00B,-0.94%,$-0.00B,$0.42B,-0.62%,$-0.00B,$0.23B,-0.97%,$-0.00B,$0.58B,-0.44%,$-0.01B,$0.46B,-1.43%,$83,$50,$33,$0,$19,$72,$12,$1,$13,$-1,$14,$14,$14,$20,$12,$63,63,$0.24,$0.26,$58,$20,$0,$162,$212,$11,$184,$0,$421,$583,$97,$42,$29,$70,$167,$0,$-152,$-4,$416,$583,$-3,$24,$3,$27,$-33,$-5,$-1,$-5,$-35,$-11,$-41,$0,$-20,$4,$-0,$4,$-5,$-62,$-1,$-2,$-3,$65,$65,$0,$0,$63,$-12,$12,$0
32,2010-09-30,14.21,$5.26,2.7,$2.74,5.18,$-1.23,0.0,$-0.33,0.0,$0.11B,$0.10B,1.12,$0.03B,$0.34B,0.1,$0.17B,$0.05B,30.41%,$0.17B,$-0.02B,-11.11%,$0.17B,$-0.02B,-11.11%,$0.17B,$-0.00B,0.00%,$0.17B,$-0.02B,-11.70%,$0.17B,$-0.02B,-10.53%,$-0.02B,$0.34B,-6.19%,$-0.02B,$0.16B,-8.78%,$-0.02B,$0.51B,-4.53%,$-0.02B,$0.37B,-6.20%,$46,$34,$12,$0,$16,$47,$-1,$-0,$-2,$0,$-2,$-2,$-2,$4,$-1,$64,64,$-0.03,$-0.03,$35,$18,$0,$107,$200,$11,$179,$0,$402,$509,$96,$33,$38,$71,$168,$0,$-166,$-3,$341,$509,$-16,$16,$3,$19,$-6,$-3,$14,$-3,$9,$12,$-41,$0,$-16,$0,$-1,$-1,$0,$-57,$-0,$0,$-0,$11,$11,$0,$0,$10,$-35,$9,$0
33,2010-06-30,14.94,$4.58,3.26,$2.55,5.86,$-1.02,0.0,$-0.61,0.0,$0.10B,$0.04B,2.99,$0.01B,$0.28B,0.03,$0.16B,$0.05B,33.33%,$0.16B,$-0.04B,-23.08%,$0.16B,$-0.04B,-23.08%,$0.16B,$-0.02B,-10.90%,$0.16B,$-0.04B,-23.08%,$0.16B,$-0.03B,-21.79%,$-0.03B,$0.28B,-12.34%,$-0.03B,$0.22B,-15.28%,$-0.03B,$0.36B,-9.41%,$-0.04B,$0.29B,-12.45%,$44,$31,$13,$0,$15,$34,$10,$-0,$10,$0,$10,$10,$10,$15,$10,$61,72,$0.16,$0.14,$58,$8,$0,$103,$180,$11,$54,$0,$258,$361,$35,$10,$38,$48,$82,$0,$-164,$-2,$279,$361,$-14,$10,$9,$19,$-7,$-2,$0,$-2,$-8,$-4,$-17,$0,$0,$0,$-1,$-1,$0,$-18,$-0,$0,$-0,$11,$11,$0,$0,$10,$-11,$6,$0
34,2010-03-31,22.78,$4.35,5.23,$2.49,9.14,$-0.97,0.0,$-0.88,0.0,$0.11B,$0.03B,3.3,$0.01B,$0.26B,0.04,$0.14B,$0.05B,36.43%,$0.14B,$-0.05B,-37.14%,$0.14B,$-0.05B,-37.14%,$0.14B,$-0.03B,-24.29%,$0.14B,$-0.05B,-37.14%,$0.14B,$-0.05B,-35.71%,$-0.05B,$0.26B,-19.19%,$-0.05B,$0.21B,-23.87%,$-0.05B,$0.36B,-14.58%,$-0.05B,$0.27B,-18.71%,$39,$28,$11,$0,$14,$65,$-26,$0,$-26,$-1,$-24,$-24,$-24,$-21,$-26,$60,60,$-0.41,$-0.41,$69,$7,$0,$110,$175,$11,$55,$0,$253,$363,$33,$10,$55,$65,$98,$0,$-174,$-2,$264,$363,$-24,$5,$22,$27,$-3,$-1,$-1,$-2,$-4,$-1,$-9,$0,$0,$0,$-0,$-0,$0,$-9,$-0,$0,$-0,$9,$9,$0,$0,$9,$-1,$3,$0
35,2009-12-31,15.41,$4.69,3.29,$2.45,6.3,$-0.96,0.0,$-0.60,0.0,$0.11B,$0.03B,3.66,$0.01B,$0.28B,0.04,$0.13B,$0.05B,37.40%,$0.13B,$-0.03B,-25.19%,$0.13B,$-0.03B,-25.19%,$0.13B,$-0.02B,-12.21%,$0.13B,$-0.03B,-25.19%,$0.13B,$-0.03B,-24.43%,$-0.03B,$0.28B,-12.80%,$-0.03B,$0.22B,-15.82%,$-0.03B,$0.36B,-9.88%,$-0.03B,$0.29B,-12.17%,$42,$26,$16,$0,$14,$44,$-2,$0,$-2,$0,$-2,$-2,$-2,$2,$-2,$55,55,$-0.03,$-0.03,$70,$6,$0,$108,$172,$11,$56,$0,$247,$356,$30,$10,$36,$46,$75,$0,$-149,$2,$280,$356,$-34,$17,$31,$48,$-3,$0,$1,$2,$-1,$13,$-30,$0,$-10,$0,$-6,$-6,$3,$-43,$-13,$0,$-13,$74,$74,$0,$0,$61,$31,$14,$0
36,2009-09-30,14.41,$4.67,3.08,$2.30,6.26,$-2.41,0.0,$-1.04,0.0,$0.13B,$0.03B,4.79,$0.03B,$0.28B,0.09,$0.12B,$0.04B,34.19%,$0.12B,$-0.06B,-47.01%,$0.12B,$-0.06B,-47.01%,$0.12B,$-0.04B,-33.33%,$0.12B,$-0.06B,-47.01%,$0.12B,$-0.05B,-46.15%,$-0.05B,$0.28B,-22.57%,$-0.05B,$0.23B,-27.69%,$-0.05B,$0.37B,-17.58%,$-0.06B,$0.31B,-20.85%,$31,$19,$12,$0,$10,$49,$-18,$-0,$-18,$0,$-18,$-18,$-18,$-13,$-18,$60,60,$-0.31,$-0.31,$95,$4,$1,$129,$170,$9,$46,$0,$236,$365,$27,$26,$33,$59,$86,$0,$-147,$3,$279,$365,$-32,$12,$28,$40,$-2,$1,$1,$2,$2,$10,$-25,$0,$-6,$0,$-4,$-4,$3,$-32,$4,$0,$4,$73,$73,$0,$0,$78,$56,$11,$0
37,2009-06-30,8.61,$4.35,1.98,$2.54,3.39,$-3.33,0.0,$-0.97,0.0,$0.06B,$0.03B,2.12,$0.03B,$0.22B,0.11,$0.12B,$0.04B,30.00%,$0.12B,$-0.05B,-40.83%,$0.12B,$-0.05B,-40.83%,$0.12B,$-0.04B,-30.00%,$0.12B,$-0.05B,-40.83%,$0.12B,$-0.05B,-40.00%,$-0.05B,$0.22B,-21.29%,$-0.05B,$0.17B,-26.34%,$-0.05B,$0.29B,-16.95%,$-0.05B,$0.24B,-19.74%,$28,$16,$12,$0,$12,$34,$-6,$-0,$-6,$0,$-7,$-7,$-6,$-2,$-6,$50,50,$-0.13,$-0.13,$22,$4,$3,$57,$166,$7,$47,$0,$231,$288,$27,$25,$18,$42,$69,$0,$-129,$1,$219,$288,$-13,$8,$10,$18,$-2,$0,$2,$2,$1,$6,$-18,$0,$-6,$0,$-2,$-2,$1,$-24,$2,$0,$2,$0,$0,$0,$0,$2,$-17,$7,$0
38,2009-03-31,6.09,$4.41,1.38,$2.75,2.21,$-4.20,0.0,$-0.89,0.0,$0.07B,$0.02B,2.79,$0.03B,$0.22B,0.11,$0.13B,$0.03B,23.02%,$0.13B,$-0.05B,-36.51%,$0.13B,$-0.05B,-36.51%,$0.13B,$-0.04B,-27.78%,$0.13B,$-0.05B,-36.51%,$0.13B,$-0.05B,-35.71%,$-0.05B,$0.22B,-19.76%,$-0.05B,$0.18B,-23.56%,$-0.05B,$0.29B,-16.50%,$-0.05B,$0.25B,-18.81%,$30,$22,$9,$0,$12,$37,$-7,$-0,$-7,$0,$-7,$-7,$-6,$-3,$-7,$50,50,$-0.13,$-0.13,$33,$3,$4,$67,$161,$5,$42,$0,$218,$286,$24,$25,$15,$40,$64,$0,$-123,$1,$222,$286,$-7,$4,$4,$7,$-0,$0,$-1,$2,$1,$2,$-9,$0,$0,$0,$-1,$-1,$0,$-10,$3,$0,$3,$0,$0,$0,$0,$3,$-5,$4,$0
39,2008-12-31,6.04,$4.73,1.28,$2.83,2.14,$-4.51,0.0,$-0.88,0.0,$0.08B,$0.03B,2.7,$0.02B,$0.24B,0.1,$0.13B,$0.03B,22.22%,$0.13B,$-0.05B,-35.71%,$0.13B,$-0.05B,-35.71%,$0.13B,$-0.04B,-28.57%,$0.13B,$-0.04B,-34.92%,$0.13B,$-0.04B,-34.92%,$-0.04B,$0.24B,-19.19%,$-0.04B,$0.20B,-22.25%,$-0.04B,$0.29B,-16.76%,$-0.05B,$0.26B,-18.77%,$28,$22,$7,$0,$27,$52,$-24,$0,$-24,$0,$-24,$-24,$-24,$-21,$-24,$45,45,$-0.52,$-0.52,$39,$3,$6,$75,$161,$5,$42,$0,$215,$290,$28,$23,$2,$25,$53,$0,$-114,$1,$237,$290,$-45,$10,$11,$21,$11,$-1,$0,$5,$21,$-2,$-78,$0,$-19,$12,$-5,$7,$-3,$-92,$25,$0,$25,$38,$38,$0,$0,$63,$-32,$11,$0
40,2008-09-30,14.15,$5.02,2.82,$2.94,4.81,$-3.52,0.0,$-0.48,0.0,$0.08B,$0.02B,3.58,$0.02B,$0.22B,0.08,$0.13B,$0.03B,22.66%,$0.13B,$-0.03B,-19.53%,$0.13B,$-0.03B,-19.53%,$0.13B,$-0.02B,-13.28%,$0.13B,$-0.02B,-17.19%,$0.13B,$-0.02B,-17.97%,$-0.02B,$0.22B,-10.10%,$-0.02B,$0.18B,-11.41%,$-0.02B,$0.27B,-9.12%,$-0.03B,$0.24B,-10.75%,$34,$26,$8,$0,$11,$46,$-12,$0,$-12,$0,$-12,$-12,$-12,$-10,$-12,$44,44,$-0.27,$-0.27,$33,$2,$10,$75,$142,$4,$42,$0,$193,$269,$21,$19,$1,$24,$45,$0,$-88,$1,$224,$269,$-21,$7,$8,$15,$10,$-0,$2,$1,$14,$8,$-60,$0,$-20,$12,$-3,$9,$-3,$-73,$22,$0,$22,$5,$5,$0,$0,$27,$-38,$8,$0
41,2008-06-30,11.49,$5.15,2.23,$2.84,4.05,$-2.83,0.0,$-0.27,0.0,$0.10B,$0.02B,6.04,$0.00B,$0.23B,0.0,$0.12B,$0.03B,24.39%,$0.12B,$-0.02B,-12.20%,$0.12B,$-0.02B,-12.20%,$0.12B,$-0.01B,-6.50%,$0.12B,$-0.01B,-8.94%,$0.12B,$-0.01B,-10.57%,$-0.01B,$0.23B,-5.66%,$-0.01B,$0.21B,-6.23%,$-0.01B,$0.25B,-5.26%,$-0.02B,$0.23B,-6.53%,$34,$29,$5,$0,$12,$37,$-3,$0,$-3,$0,$-3,$-3,$-3,$-1,$-3,$44,44,$-0.07,$-0.07,$31,$3,$17,$96,$120,$0,$21,$4,$149,$246,$16,$0,$1,$1,$17,$0,$-77,$2,$228,$246,$-9,$4,$-0,$4,$-5,$-0,$2,$-4,$-8,$-13,$-37,$0,$0,$4,$0,$4,$0,$-33,$-0,$0,$-0,$0,$0,$0,$0,$0,$-45,$5,$0
42,2008-03-31,13.36,$5.15,2.6,$2.88,4.64,$-1.72,0.0,$-0.31,0.0,$0.12B,$0.02B,7.59,$0.00B,$0.23B,0.0,$0.12B,$0.03B,27.50%,$0.12B,$-0.02B,-13.33%,$0.12B,$-0.02B,-13.33%,$0.12B,$-0.01B,-7.50%,$0.12B,$-0.01B,-10.00%,$0.12B,$-0.01B,-11.67%,$-0.01B,$0.23B,-6.07%,$-0.01B,$0.21B,-6.68%,$-0.01B,$0.25B,-5.64%,$-0.02B,$0.23B,-6.93%,$30,$22,$8,$0,$12,$36,$-6,$1,$-5,$0,$-5,$-5,$-5,$-4,$-6,$44,44,$-0.12,$-0.12,$60,$3,$17,$121,$99,$0,$21,$0,$124,$245,$16,$0,$1,$1,$17,$0,$-75,$2,$228,$245,$-5,$2,$3,$5,$-4,$-0,$-0,$-2,$-5,$-6,$-15,$0,$0,$-30,$0,$-30,$0,$-45,$-0,$0,$-0,$0,$0,$0,$0,$0,$-50,$3,$0
