,Date,Stock Price,Book Value per Share,Price to Book Ratio,TTM Sales per Share,Price to Sales Ratio,TTM FCF per Share,Price to FCF Ratio,TTM Net EPS,PE Ratio,Current Assets,Current Liabilities,Current Ratio,Long Term Debt,Shareholder's Equity_x,Debt to Equity Ratio,TTM Revenue_x,TTM Gross Profit,Gross Margin,TTM Revenue_y,TTM Operating Income,Operating Margin,TTM Revenue_x,TTM EBIT,EBIT Margin,TTM Revenue_y,TTM EBITDA,EBITDA Margin,TTM Revenue_x,TTM Pre-Tax Income,Pre-Tax Margin,TTM Revenue_y,TTM Net Income_x,Net Margin,TTM Net Income_y,Shareholder's Equity_y,Return on Equity,TTM Net Income_x,Tangible Equity,Return on Tangible Equity,TTM Net Income_y,Total Assets,Return on Assets,TTM Net Income,LT Investments & Debt,Return on Investment,revenue,cost-goods-sold,gross-profit,research-development-expenses,selling-general-administrative-expenses,operating-expenses,operating-income,total-non-operating-income-expense,pre-tax-income,total-provision-income-taxes,income-after-taxes,income-from-continuous-operations,net-income,ebitda,ebit,basic-shares-outstanding,shares-outstanding,eps-basic-net-earnings-per-share,eps-earnings-per-share-diluted,cash-on-hand,inventory,other-current-assets,total-current-assets,net-property-plant-equipment,long-term-investments,goodwill-intangible-assets-total,other-long-term-assets,total-long-term-assets,total-assets,total-current-liabilities,long-term-debt,other-non-current-liabilities,total-long-term-liabilities,total-liabilities,common-stock-net,retained-earnings-accumulated-deficit,comprehensive-income,total-share-holder-equity,total-liabilities-share-holders-equity,net-income-loss,total-depreciation-amortization-cash-flow,other-non-cash-items,total-non-cash-items,change-in-accounts-receivable,change-in-inventories,change-in-accounts-payable,change-in-assets-liabilities,total-change-in-assets-liabilities,cash-flow-from-operating-activities,net-change-in-property-plant-equipment,net-change-in-intangible-assets,net-acquisitions-divestitures,net-change-in-short-term-investments,net-change-in-long-term-investments,net-change-in-investments-total,investing-activities-other,cash-flow-from-investing-activities,net-long-term-debt,net-current-debt,debt-issuance-retirement-net-total,net-common-equity-issued-repurchased,net-total-equity-issued-repurchased,total-common-preferred-stock-dividends-paid,financial-activities-other,cash-flow-from-financial-activities,net-cash-flow,stock-based-compensation,common-stock-dividends-paid
0,2018-09-30,68.28,$15.79,4.32,$12.31,5.55,$19.24,3.55,$4.37,15.62,$1.37B,$1.49B,0.92,$5.96B,$5.94B,1.0,$4.61B,$4.61B,100.00%,$4.61B,$1.57B,34.12%,$4.61B,$1.57B,34.12%,$4.61B,$3.42B,74.13%,$4.61B,$1.27B,27.55%,$4.61B,$1.63B,35.42%,$1.63B,$5.94B,29.61%,$1.63B,$5.94B,29.61%,$1.63B,$15.03B,11.18%,$1.57B,$11.89B,13.47%,$1282,$0,$1282,$2,$297,$791,$491,$-80,$412,$97,$314,$314,$314,$960,$491,$372,375,$0.84,$0.84,$13,$104,$0,$1369,$13645,$0,$0,$17,$13662,$15031,$1490,$5955,$135,$7602,$9092,$4,$4508,$0,$5939,$15031,$791,$1371,$394,$1765,$-139,$-8,$33,$80,$-54,$2501,$-10,$0,$0,$0,$0,$0,$-2093,$-2103,$-408,$2,$-406,$-16,$-16,$0,$-6,$-428,$-31,$33,$0
1,2018-06-30,64.76,$14.93,4.34,$10.84,5.98,$16.39,3.95,$3.56,18.19,$1.44B,$1.48B,0.97,$6.16B,$5.61B,1.1,$4.05B,$4.05B,100.00%,$4.05B,$1.17B,28.95%,$4.05B,$1.17B,28.95%,$4.05B,$2.97B,73.35%,$4.05B,$0.87B,21.57%,$4.05B,$1.33B,32.80%,$1.33B,$5.61B,26.08%,$1.33B,$5.61B,26.08%,$1.33B,$14.80B,9.27%,$1.17B,$11.78B,10.27%,$1137,$0,$1137,$0,$276,$746,$391,$-74,$318,$75,$242,$242,$242,$838,$391,$372,375,$0.65,$0.65,$130,$115,$0,$1441,$13340,$0,$0,$18,$13357,$14798,$1484,$6164,$130,$7701,$9185,$4,$4194,$0,$5613,$14798,$476,$902,$243,$1145,$-79,$-18,$104,$-6,$18,$1640,$-9,$0,$0,$0,$0,$0,$-1335,$-1344,$0,$-189,$-189,$-16,$-16,$0,$-6,$-210,$86,$21,$0
2,2018-03-31,58.95,$14.26,4.13,$9.58,6.15,$14.50,4.07,$2.74,21.51,$1.29B,$1.39B,0.93,$6.16B,$5.36B,1.15,$3.58B,$3.58B,100.00%,$3.58B,$0.75B,21.06%,$3.58B,$0.75B,21.06%,$3.58B,$2.50B,69.85%,$3.58B,$0.46B,12.72%,$3.58B,$1.02B,28.61%,$1.02B,$5.36B,21.51%,$1.02B,$5.36B,21.51%,$1.02B,$14.38B,7.25%,$0.75B,$11.53B,6.74%,$1141,$0,$1141,$2,$270,$760,$381,$-75,$305,$72,$234,$234,$234,$836,$381,$372,374,$0.63,$0.63,$98,$107,$9,$1291,$13073,$0,$0,$13,$13086,$14378,$1391,$6164,$130,$7625,$9016,$4,$3952,$0,$5361,$14378,$234,$456,$114,$569,$38,$-10,$48,$12,$83,$886,$-10,$0,$0,$0,$0,$0,$-618,$-628,$0,$-189,$-189,$-15,$-15,$0,$-0,$-204,$54,$11,$0
3,2017-12-31,52.97,$13.68,3.87,$8.37,6.33,$13.42,3.95,$2.11,25.1,$1.25B,$1.33B,0.94,$6.35B,$5.13B,1.24,$3.12B,$3.12B,100.00%,$3.12B,$0.45B,14.39%,$3.12B,$0.45B,14.39%,$3.12B,$2.12B,67.98%,$3.12B,$0.16B,5.00%,$3.12B,$0.79B,25.29%,$0.79B,$5.13B,17.56%,$0.79B,$5.13B,17.56%,$0.79B,$14.20B,5.65%,$0.45B,$11.48B,4.08%,$1047,$0,$1047,$3,$226,$738,$309,$-76,$234,$-608,$842,$842,$842,$781,$309,$371,374,$2.27,$2.25,$44,$97,$3,$1252,$12934,$0,$0,$14,$12948,$14200,$1330,$6351,$127,$7738,$9068,$4,$3718,$0,$5131,$14200,$789,$1671,$-383,$1288,$-330,$15,$137,$158,$1,$2079,$123,$0,$0,$0,$0,$0,$-1932,$-1809,$488,$-717,$-229,$-12,$-12,$0,$-2,$-243,$27,$46,$0
4,2017-09-30,38.61,$11.40,3.39,$7.05,5.48,$12.24,3.15,$-0.07,0.0,$1.06B,$1.13B,0.94,$6.61B,$4.28B,1.55,$2.62B,$2.62B,100.00%,$2.62B,$0.30B,11.25%,$2.62B,$0.30B,11.25%,$2.62B,$1.88B,71.79%,$2.62B,$-0.02B,-0.91%,$2.62B,$-0.03B,-0.95%,$-0.03B,$4.28B,-0.58%,$-0.03B,$4.28B,-0.58%,$-0.03B,$14.00B,-0.18%,$0.30B,$10.89B,2.72%,$727,$0,$727,$1,$183,$635,$92,$-74,$17,$7,$11,$11,$11,$517,$92,$371,373,$0.03,$0.03,$11,$105,$11,$1061,$12919,$0,$0,$15,$12934,$13995,$1129,$6612,$116,$8589,$9718,$4,$2876,$0,$4277,$13995,$-52,$1200,$159,$1359,$-155,$7,$128,$48,$42,$1348,$71,$0,$0,$0,$0,$0,$-1445,$-1374,$-2,$33,$31,$-11,$-11,$0,$0,$20,$-6,$32,$0
5,2017-06-30,32.33,$11.34,2.85,$6.52,4.96,$11.66,2.77,$-0.40,0.0,$0.93B,$1.10B,0.85,$6.55B,$4.25B,1.54,$2.42B,$2.42B,100.00%,$2.42B,$0.11B,4.54%,$2.42B,$0.11B,4.54%,$2.42B,$1.69B,69.65%,$2.42B,$-0.22B,-8.92%,$2.42B,$-0.15B,-6.03%,$-0.15B,$4.25B,-3.41%,$-0.15B,$4.25B,-3.41%,$-0.15B,$13.87B,-1.05%,$0.11B,$10.81B,1.01%,$661,$0,$661,$3,$168,$691,$-29,$-72,$-101,$-38,$-64,$-64,$-64,$364,$-29,$371,371,$-0.17,$-0.17,$17,$97,$18,$934,$12922,$0,$0,$15,$12937,$13871,$1095,$6554,$115,$8522,$9617,$4,$2865,$0,$4254,$13871,$-63,$775,$103,$878,$-19,$15,$105,$19,$102,$917,$-2,$0,$0,$0,$0,$0,$-877,$-879,$0,$-26,$-26,$-11,$-11,$0,$0,$-37,$1,$21,$0
6,2017-03-31,45.42,$11.48,3.96,$5.96,7.62,$10.83,4.2,$-0.55,0.0,$0.93B,$1.01B,0.93,$6.51B,$4.31B,1.51,$2.21B,$2.21B,100.00%,$2.21B,$0.03B,1.27%,$2.21B,$0.03B,1.27%,$2.21B,$1.66B,74.82%,$2.21B,$-0.31B,-13.88%,$2.21B,$-0.20B,-9.09%,$-0.20B,$4.31B,-4.66%,$-0.20B,$4.31B,-4.66%,$-0.20B,$13.83B,-1.44%,$0.03B,$10.82B,0.25%,$685,$0,$685,$5,$164,$608,$77,$-71,$6,$6,$0,$0,$0,$459,$77,$371,373,$0.00,$0.00,$17,$99,$8,$930,$12880,$0,$0,$16,$12897,$13826,$1005,$6508,$112,$8511,$9517,$4,$2929,$-0,$4309,$13826,$0,$381,$31,$412,$-22,$13,$62,$17,$58,$470,$-1,$0,$0,$0,$0,$0,$-389,$-389,$0,$-71,$-71,$-10,$-10,$0,$0,$-80,$1,$11,$0
7,2016-12-31,51.54,$11.49,4.49,$5.35,9.64,$10.32,4.99,$-1.09,0.0,$0.91B,$0.93B,0.98,$6.58B,$4.30B,1.53,$1.98B,$1.98B,100.00%,$1.98B,$-0.29B,-14.55%,$1.98B,$-0.29B,-14.55%,$1.98B,$1.42B,71.82%,$1.98B,$-0.63B,-31.97%,$1.98B,$-0.40B,-20.15%,$-0.40B,$4.30B,-9.17%,$-0.40B,$4.30B,-9.17%,$-0.40B,$13.81B,-2.82%,$-0.29B,$10.88B,-2.55%,$550,$0,$550,$8,$166,$394,$155,$-101,$54,$26,$28,$28,$28,$543,$155,$370,370,$0.08,$0.08,$17,$112,$4,$913,$12881,$0,$0,$17,$12899,$13812,$932,$6578,$109,$8577,$9510,$4,$2923,$-0,$4302,$13812,$-400,$1710,$-22,$1688,$-158,$-18,$-14,$29,$-162,$1126,$621,$0,$0,$0,$0,$0,$-1154,$-533,$-621,$52,$-569,$-9,$-9,$0,$-10,$-588,$5,$48,$0
8,2016-09-30,51.96,$11.38,4.57,$5.42,9.59,$10.62,4.89,$-1.54,0.0,$0.75B,$0.80B,0.94,$6.83B,$4.26B,1.6,$2.01B,$2.01B,100.00%,$2.01B,$-0.59B,-29.23%,$2.01B,$-0.59B,-29.23%,$2.01B,$1.20B,59.65%,$2.01B,$-0.91B,-45.34%,$2.01B,$-0.57B,-28.28%,$-0.57B,$4.26B,-12.76%,$-0.57B,$4.26B,-12.76%,$-0.57B,$13.87B,-3.93%,$-0.59B,$11.09B,-5.09%,$526,$0,$526,$4,$149,$619,$-93,$-82,$-175,$-65,$-110,$-110,$-110,$321,$-93,$370,370,$-0.30,$-0.30,$19,$93,$13,$751,$13095,$0,$0,$20,$13114,$13865,$802,$6830,$124,$8802,$9605,$4,$2896,$-2,$4261,$13865,$-427,$1322,$-4,$1319,$-3,$1,$-43,$-5,$-27,$864,$329,$0,$0,$0,$0,$0,$-879,$-550,$0,$-290,$-290,$-7,$-7,$0,$-10,$-306,$8,$34,$0
9,2016-06-30,45.27,$11.66,3.88,$5.85,7.74,$11.24,4.03,$-1.46,0.0,$0.80B,$0.82B,0.98,$7.15B,$4.37B,1.64,$2.16B,$2.16B,100.00%,$2.16B,$-0.55B,-25.21%,$2.16B,$-0.55B,-25.21%,$2.16B,$1.27B,58.79%,$2.16B,$-0.87B,-40.01%,$2.16B,$-0.54B,-24.93%,$-0.54B,$4.37B,-11.77%,$-0.54B,$4.37B,-11.77%,$-0.54B,$14.36B,-3.65%,$-0.55B,$11.52B,-4.65%,$451,$0,$451,$2,$153,$562,$-111,$-81,$-192,$-73,$-119,$-119,$-119,$332,$-111,$370,370,$-0.32,$-0.32,$17,$103,$17,$797,$13541,$0,$0,$21,$13563,$14360,$818,$7149,$129,$9175,$9993,$4,$3005,$-3,$4367,$14360,$-318,$908,$-5,$903,$-35,$-9,$-54,$-5,$-88,$498,$107,$0,$0,$0,$0,$0,$-625,$-518,$0,$31,$31,$-6,$-6,$0,$-0,$25,$5,$21,$0
10,2016-03-31,30.36,$11.95,2.54,$6.78,4.48,$12.10,2.51,$-1.14,0.0,$0.76B,$0.87B,0.88,$7.20B,$4.48B,1.61,$2.51B,$2.51B,100.00%,$2.51B,$-0.35B,-14.04%,$2.51B,$-0.35B,-14.04%,$2.51B,$1.47B,58.60%,$2.51B,$-0.67B,-26.65%,$2.51B,$-0.42B,-16.75%,$-0.42B,$4.48B,-8.94%,$-0.42B,$4.48B,-8.94%,$-0.42B,$14.63B,-2.79%,$-0.35B,$11.68B,-2.98%,$453,$0,$453,$3,$145,$692,$-239,$-81,$-320,$-121,$-198,$-198,$-198,$226,$-239,$370,370,$-0.54,$-0.54,$13,$93,$95,$760,$13843,$0,$0,$30,$13873,$14633,$865,$7203,$121,$9293,$10158,$4,$3125,$-3,$4475,$14633,$-198,$465,$-33,$433,$67,$1,$-32,$-22,$44,$279,$0,$0,$0,$0,$0,$0,$-359,$-359,$0,$86,$86,$-5,$-5,$0,$-0,$81,$1,$9,$0
11,2015-12-31,22.98,$12.52,1.84,$7.25,3.17,$12.73,1.81,$-0.96,0.0,$0.82B,$0.92B,0.89,$7.12B,$4.67B,1.52,$2.68B,$2.68B,100.00%,$2.68B,$-0.22B,-8.36%,$2.68B,$-0.22B,-8.36%,$2.68B,$1.52B,56.83%,$2.68B,$-0.53B,-19.93%,$2.68B,$-0.35B,-13.21%,$-0.35B,$4.67B,-7.39%,$-0.35B,$4.67B,-7.39%,$-0.35B,$14.92B,-2.32%,$-0.22B,$11.79B,-1.90%,$575,$0,$575,$5,$172,$718,$-143,$-80,$-222,$-83,$-140,$-140,$-140,$317,$-143,$370,370,$-0.38,$-0.38,$11,$94,$94,$822,$14063,$0,$0,$34,$14097,$14920,$923,$7116,$122,$9328,$10251,$4,$3323,$-3,$4669,$14920,$-354,$1746,$236,$1982,$525,$8,$-201,$-19,$229,$1857,$-4,$0,$0,$0,$0,$0,$-3043,$-3046,$498,$688,$1186,$-7,$-7,$0,$9,$1187,$-13,$52,$0
12,2015-09-30,28.97,$12.87,2.25,$9.19,3.15,$16.81,1.72,$-0.27,0.0,$0.99B,$1.15B,0.86,$7.11B,$4.80B,1.48,$3.40B,$3.40B,100.00%,$3.40B,$0.18B,5.41%,$3.40B,$0.18B,5.41%,$3.40B,$1.87B,54.92%,$3.40B,$-0.12B,-3.53%,$3.40B,$-0.10B,-2.94%,$-0.10B,$4.80B,-2.06%,$-0.10B,$4.80B,-2.06%,$-0.10B,$15.21B,-0.65%,$0.18B,$11.91B,1.59%,$683,$0,$683,$0,$190,$735,$-52,$-79,$-131,$-49,$-82,$-82,$-82,$396,$-52,$370,370,$-0.22,$-0.22,$17,$93,$79,$987,$14174,$0,$0,$45,$14219,$15206,$1150,$7109,$100,$9257,$10407,$4,$3463,$-3,$4799,$15206,$-214,$1286,$219,$1505,$351,$9,$-178,$21,$124,$1415,$1,$0,$0,$0,$0,$0,$-2598,$-2598,$-2,$1180,$1178,$-6,$-6,$0,$11,$1184,$-7,$40,$0
13,2015-06-30,42.39,$13.02,3.26,$11.78,3.6,$19.20,2.21,$1.39,30.5,$1.20B,$1.32B,0.91,$6.99B,$4.86B,1.44,$4.37B,$4.37B,100.00%,$4.37B,$1.18B,27.06%,$4.37B,$1.18B,27.06%,$4.37B,$2.78B,63.73%,$4.37B,$0.86B,19.66%,$4.37B,$0.52B,11.82%,$0.52B,$4.86B,10.58%,$0.52B,$4.86B,10.58%,$0.52B,$15.41B,3.40%,$1.18B,$11.84B,10.49%,$796,$0,$796,$0,$205,$714,$82,$-78,$5,$4,$0,$0,$0,$530,$82,$370,371,$0.00,$0.00,$25,$100,$50,$1200,$14169,$0,$0,$40,$14210,$15410,$1316,$6988,$94,$9238,$10554,$4,$3545,$-3,$4856,$15410,$-132,$838,$201,$1040,$139,$2,$-106,$34,$9,$917,$10,$0,$0,$0,$0,$0,$-1973,$-1963,$0,$1059,$1059,$-5,$-5,$0,$-2,$1052,$1,$27,$0
14,2015-03-31,43.67,$12.97,3.37,$12.03,3.63,$20.51,2.13,$1.67,26.15,$1.20B,$1.60B,0.75,$6.79B,$4.84B,1.4,$4.46B,$4.46B,100.00%,$4.46B,$1.34B,29.97%,$4.46B,$1.34B,29.97%,$4.46B,$2.81B,63.16%,$4.46B,$1.02B,22.83%,$4.46B,$0.62B,13.92%,$0.62B,$4.84B,13.08%,$0.62B,$4.84B,13.08%,$0.62B,$15.44B,4.16%,$1.34B,$11.63B,12.32%,$626,$0,$626,$14,$191,$737,$-111,$-75,$-186,$-54,$-132,$-132,$-132,$280,$-111,$369,369,$-0.36,$-0.36,$48,$108,$52,$1201,$14111,$0,$0,$123,$14234,$15435,$1601,$6785,$89,$8993,$10594,$4,$3545,$-3,$4841,$15435,$-132,$391,$104,$495,$173,$-6,$5,$4,$159,$522,$-11,$0,$0,$0,$0,$0,$-1267,$-1278,$-1,$790,$789,$-3,$-3,$0,$-2,$784,$23,$11,$0
15,2014-12-31,38.36,$13.35,2.87,$12.96,2.96,$20.92,1.83,$2.64,14.53,$1.39B,$1.81B,0.77,$5.93B,$4.97B,1.19,$4.80B,$4.80B,100.00%,$4.80B,$1.87B,38.89%,$4.80B,$1.87B,38.89%,$4.80B,$3.24B,67.40%,$4.80B,$1.56B,32.53%,$4.80B,$0.98B,20.37%,$0.98B,$4.97B,21.37%,$0.98B,$4.97B,21.37%,$0.98B,$15.08B,6.87%,$1.87B,$10.90B,18.23%,$1298,$0,$1298,$21,$224,$1032,$265,$-73,$192,$78,$114,$114,$114,$663,$265,$369,371,$0.31,$0.31,$24,$102,$52,$1390,$13636,$0,$0,$51,$13686,$15076,$1807,$5927,$88,$8302,$10108,$4,$3677,$-0,$4968,$15076,$977,$1368,$1137,$2505,$-130,$-66,$86,$-76,$-127,$3356,$17,$0,$0,$0,$0,$0,$-4604,$-4587,$1364,$-112,$1252,$-17,$-17,$0,$-8,$1228,$-4,$54,$0
16,2014-09-30,66.48,$13.03,5.1,$11.66,5.7,$18.62,3.57,$2.69,24.71,$1.60B,$1.81B,0.89,$5.83B,$4.85B,1.2,$4.31B,$4.31B,100.00%,$4.31B,$1.88B,43.49%,$4.31B,$1.88B,43.49%,$4.31B,$3.12B,72.25%,$4.31B,$1.58B,36.65%,$4.31B,$1.00B,23.11%,$1.00B,$4.85B,23.06%,$1.00B,$4.85B,23.06%,$1.00B,$14.71B,7.41%,$1.88B,$10.68B,19.37%,$1645,$0,$1645,$14,$243,$700,$945,$-98,$847,$313,$534,$534,$534,$1309,$945,$369,371,$1.45,$1.44,$152,$83,$143,$1599,$12994,$0,$0,$119,$13113,$14712,$1805,$5832,$72,$8059,$9864,$4,$3563,$0,$4848,$14712,$863,$970,$539,$1509,$-192,$-28,$82,$27,$-95,$2278,$29,$0,$0,$0,$0,$0,$-3255,$-3226,$1364,$-277,$1088,$-8,$-8,$0,$-8,$1072,$124,$39,$0
17,2014-06-30,79.02,$11.56,6.83,$9.42,8.39,$17.66,4.47,$1.71,46.35,$2.12B,$2.13B,1.0,$5.83B,$4.30B,1.36,$3.48B,$3.48B,100.00%,$3.48B,$1.26B,36.14%,$3.48B,$1.26B,36.14%,$3.48B,$2.38B,68.37%,$3.48B,$1.00B,28.70%,$3.48B,$0.63B,18.08%,$0.63B,$4.30B,15.49%,$0.63B,$4.30B,15.49%,$0.63B,$14.38B,4.99%,$1.26B,$10.14B,13.87%,$886,$0,$886,$11,$234,$650,$236,$-72,$164,$61,$104,$104,$104,$562,$236,$369,370,$0.28,$0.28,$777,$78,$0,$2123,$12166,$0,$0,$88,$12254,$14378,$2129,$5833,$126,$7944,$10073,$2,$3029,$0,$4304,$14378,$330,$607,$574,$1181,$-145,$-24,$45,$37,$-78,$1432,$-24,$0,$0,$0,$0,$0,$-2053,$-2077,$1682,$-276,$1406,$-5,$-5,$0,$-8,$1393,$748,$26,$0
18,2014-03-31,62.14,$11.25,5.52,$9.98,6.22,$16.92,3.67,$2.30,27.02,$1.24B,$1.57B,0.79,$5.07B,$4.19B,1.21,$3.69B,$3.69B,100.00%,$3.69B,$1.60B,43.27%,$3.69B,$1.60B,43.27%,$3.69B,$2.63B,71.17%,$3.69B,$1.35B,36.55%,$3.69B,$0.85B,23.00%,$0.85B,$4.19B,21.76%,$0.85B,$4.19B,21.76%,$0.85B,$12.77B,7.22%,$1.60B,$9.26B,18.64%,$972,$0,$972,$5,$207,$551,$421,$-62,$359,$133,$226,$226,$226,$702,$421,$369,370,$0.61,$0.61,$52,$72,$1,$1242,$11444,$0,$0,$79,$11523,$12765,$1568,$5068,$69,$7009,$8577,$2,$2925,$0,$4188,$12765,$226,$281,$217,$498,$-54,$-18,$14,$33,$-34,$691,$-26,$0,$0,$0,$0,$0,$-994,$-1019,$-0,$355,$355,$-3,$-3,$0,$0,$352,$23,$11,$0
19,2013-12-31,56.26,$10.65,5.28,$9.26,6.08,$16.32,3.45,$2.07,27.18,$1.15B,$1.47B,0.78,$4.71B,$3.95B,1.19,$3.42B,$3.42B,100.00%,$3.42B,$1.45B,42.26%,$3.42B,$1.45B,42.26%,$3.42B,$2.41B,70.46%,$3.42B,$1.21B,35.45%,$3.42B,$0.76B,22.33%,$0.76B,$3.95B,20.75%,$0.76B,$3.95B,20.75%,$0.76B,$11.94B,6.92%,$1.45B,$8.67B,17.91%,$811,$0,$811,$6,$203,$538,$274,$-63,$211,$78,$133,$133,$133,$544,$274,$368,370,$0.37,$0.37,$28,$54,$4,$1147,$10721,$0,$0,$73,$10794,$11941,$1473,$4714,$64,$6515,$7988,$4,$2699,$0,$3953,$11941,$764,$965,$845,$1810,$-166,$-8,$107,$11,$-11,$2563,$-50,$0,$0,$0,$0,$0,$-3661,$-3711,$1479,$-322,$1157,$-15,$-15,$0,$-2,$1140,$-7,$40,$0
20,2013-09-30,53.63,$10.29,5.21,$8.88,6.04,$12.88,4.16,$2.31,23.27,$1.21B,$1.47B,0.83,$4.44B,$3.82B,1.16,$3.27B,$3.27B,100.00%,$3.27B,$1.54B,47.00%,$3.27B,$1.54B,47.00%,$3.27B,$2.43B,74.22%,$3.27B,$1.32B,40.46%,$3.27B,$0.85B,26.06%,$0.85B,$3.82B,24.45%,$0.85B,$3.82B,24.45%,$0.85B,$11.42B,8.23%,$1.54B,$8.26B,20.27%,$815,$0,$815,$8,$192,$487,$328,$-62,$266,$98,$167,$167,$167,$574,$328,$368,370,$0.45,$0.45,$92,$55,$17,$1213,$10113,$0,$0,$95,$10207,$11420,$1468,$4440,$50,$6132,$7600,$2,$2566,$0,$3821,$11420,$631,$695,$603,$1298,$-178,$-9,$151,$43,$49,$1978,$-32,$0,$0,$0,$0,$0,$-2767,$-2799,$1478,$-595,$883,$-4,$-4,$0,$-2,$877,$56,$29,$0
21,2013-06-30,43.03,$9.81,4.39,$8.00,5.38,$10.74,4.01,$1.97,21.84,$1.29B,$1.26B,1.03,$4.44B,$3.64B,1.22,$2.94B,$2.93B,99.73%,$2.94B,$1.32B,44.74%,$2.94B,$1.32B,44.74%,$2.94B,$2.15B,72.98%,$2.94B,$1.12B,38.24%,$2.94B,$0.73B,24.80%,$0.73B,$3.64B,22.36%,$0.73B,$3.64B,22.36%,$0.73B,$10.90B,7.63%,$1.32B,$8.08B,18.82%,$1093,$0,$1093,$11,$191,$519,$574,$-61,$513,$190,$323,$323,$323,$807,$574,$368,369,$0.88,$0.88,$220,$42,$76,$1294,$9440,$0,$0,$166,$9606,$10900,$1257,$4441,$48,$5999,$7257,$2,$2399,$0,$3643,$10900,$464,$449,$290,$739,$-101,$5,$22,$12,$-46,$1157,$-27,$0,$0,$0,$0,$0,$-1823,$-1850,$1479,$-596,$883,$-3,$-3,$0,$-2,$878,$185,$19,$0
22,2013-03-31,43.47,$8.92,4.87,$7.83,5.55,$9.84,4.42,$2.22,19.58,$1.08B,$1.22B,0.89,$3.98B,$3.31B,1.2,$2.85B,$2.84B,99.72%,$2.85B,$1.43B,50.05%,$2.85B,$1.43B,50.05%,$2.85B,$2.19B,76.78%,$2.85B,$1.27B,44.44%,$2.85B,$0.81B,28.48%,$0.81B,$3.31B,26.64%,$0.81B,$3.31B,26.64%,$0.81B,$9.93B,9.40%,$1.43B,$7.29B,22.92%,$703,$0,$703,$10,$169,$432,$270,$-47,$223,$83,$141,$141,$141,$486,$270,$368,369,$0.38,$0.38,$59,$62,$4,$1081,$8765,$0,$0,$87,$8852,$9932,$1217,$3977,$50,$5403,$6620,$2,$2076,$0,$3312,$9932,$141,$215,$213,$429,$-78,$-15,$5,$-1,$-111,$458,$-16,$0,$0,$0,$0,$0,$-858,$-873,$0,$440,$440,$-1,$-1,$0,$-0,$438,$23,$9,$0
23,2012-12-31,36.75,$8.52,4.31,$7.02,5.24,$9.70,3.79,$2.03,18.1,$0.95B,$1.13B,0.84,$3.54B,$3.16B,1.12,$2.54B,$2.53B,99.29%,$2.54B,$1.29B,50.85%,$2.54B,$1.29B,50.85%,$2.54B,$1.99B,78.21%,$2.54B,$1.16B,45.46%,$2.54B,$0.74B,29.10%,$0.74B,$3.16B,26.29%,$0.74B,$3.16B,26.29%,$0.74B,$9.14B,9.50%,$1.29B,$6.70B,23.63%,$659,$0,$659,$6,$153,$294,$365,$-45,$321,$100,$221,$221,$221,$560,$365,$363,364,$0.60,$0.60,$36,$47,$18,$947,$8105,$0,$0,$88,$8193,$9140,$1126,$3538,$50,$4850,$5976,$2,$1935,$0,$3164,$9140,$739,$695,$211,$906,$-92,$-7,$-8,$54,$-13,$1632,$-410,$0,$0,$0,$0,$0,$-3494,$-3903,$2021,$235,$2256,$-11,$-11,$0,$8,$2253,$-18,$29,$0
24,2012-09-30,38.45,$7.90,4.86,$5.53,6.96,$9.11,4.22,$1.13,34.18,$1.19B,$1.10B,1.09,$2.94B,$2.93B,1.01,$2.00B,$1.98B,99.10%,$2.00B,$0.76B,38.04%,$2.00B,$0.76B,38.04%,$2.00B,$1.39B,69.37%,$2.00B,$0.65B,32.43%,$2.00B,$0.41B,20.37%,$0.41B,$2.93B,15.65%,$0.41B,$2.93B,15.65%,$0.41B,$8.23B,5.89%,$0.76B,$5.87B,16.22%,$484,$8,$476,$5,$149,$378,$106,$-38,$67,$23,$44,$44,$44,$292,$106,$364,365,$0.12,$0.12,$259,$47,$7,$1194,$6922,$0,$0,$110,$7032,$8226,$1097,$2944,$63,$4203,$5301,$2,$1714,$0,$2925,$8226,$519,$500,$182,$682,$-112,$-6,$-27,$44,$-53,$1148,$-7,$0,$0,$0,$0,$0,$-2584,$-2591,$2020,$-358,$1662,$-6,$-6,$0,$-7,$1649,$206,$21,$0
25,2012-06-30,33.31,$7.70,4.32,$6.89,4.83,$7.80,4.27,$2.23,14.97,$0.93B,$1.08B,0.86,$2.25B,$2.79B,0.81,$2.48B,$2.47B,99.36%,$2.48B,$1.38B,55.66%,$2.48B,$1.38B,55.66%,$2.48B,$1.93B,77.61%,$2.48B,$1.29B,51.99%,$2.48B,$0.80B,32.30%,$0.80B,$2.79B,32.41%,$0.80B,$2.79B,32.41%,$0.80B,$7.25B,13.08%,$1.38B,$5.04B,34.14%,$1005,$0,$1005,$9,$130,$318,$686,$-31,$656,$250,$406,$406,$406,$851,$686,$360,361,$1.13,$1.13,$29,$51,$80,$931,$6179,$0,$0,$145,$6324,$7254,$1082,$2253,$56,$3381,$4463,$2,$1670,$0,$2791,$7254,$475,$314,$-44,$270,$18,$-10,$-22,$7,$26,$771,$5,$0,$0,$0,$0,$0,$-1779,$-1773,$808,$179,$987,$-5,$-5,$0,$-4,$978,$-24,$13,$0
26,2012-03-31,42.91,$6.57,6.53,$5.78,7.43,$6.82,6.3,$1.77,24.31,$0.99B,$1.18B,0.84,$1.89B,$2.38B,0.8,$2.08B,$2.07B,99.23%,$2.08B,$1.10B,52.86%,$2.08B,$1.10B,52.86%,$2.08B,$1.57B,75.20%,$2.08B,$1.02B,49.11%,$2.08B,$0.64B,30.51%,$0.64B,$2.38B,27.97%,$0.64B,$2.38B,27.97%,$0.64B,$6.53B,11.58%,$1.10B,$4.27B,31.38%,$395,$10,$385,$4,$116,$260,$136,$-23,$112,$43,$69,$69,$69,$286,$136,$359,361,$0.19,$0.19,$43,$43,$14,$985,$5501,$0,$0,$44,$5545,$6530,$1176,$1892,$160,$2975,$4151,$2,$1265,$0,$2379,$6530,$69,$150,$157,$307,$-20,$-3,$-2,$7,$-11,$365,$17,$0,$0,$0,$0,$0,$-1012,$-995,$809,$-182,$627,$-4,$-4,$0,$-4,$619,$-11,$6,$0
27,2011-12-31,33.36,$6.38,5.23,$4.58,7.29,$6.30,5.29,$1.18,28.39,$0.94B,$1.11B,0.84,$1.25B,$2.31B,0.54,$1.65B,$1.64B,99.27%,$1.65B,$0.76B,46.12%,$1.65B,$0.76B,46.12%,$1.65B,$1.15B,69.88%,$1.65B,$0.69B,41.76%,$1.65B,$0.43B,26.00%,$0.43B,$2.31B,20.34%,$0.43B,$2.31B,20.34%,$0.43B,$5.65B,8.62%,$0.76B,$3.56B,24.59%,$114,$0,$114,$6,$124,$282,$-168,$-19,$-187,$-75,$-112,$-112,$-112,$-43,$-168,$355,356,$-0.28,$-0.28,$54,$41,$7,$936,$4682,$0,$0,$28,$4710,$5646,$1112,$1254,$122,$2226,$3338,$2,$1196,$0,$2308,$5646,$429,$392,$357,$749,$-295,$-3,$84,$83,$-110,$1068,$-79,$0,$0,$0,$0,$0,$-1926,$-2005,$0,$328,$328,$655,$655,$0,$-0,$982,$46,$17,$0
28,2011-09-30,24.19,$6.70,3.61,$4.52,5.35,$5.43,4.45,$1.35,17.98,$0.91B,$0.88B,1.03,$0.90B,$2.42B,0.37,$1.63B,$1.62B,99.26%,$1.63B,$0.86B,52.98%,$1.63B,$0.86B,52.98%,$1.63B,$1.20B,73.69%,$1.63B,$0.79B,48.49%,$1.63B,$0.50B,30.49%,$0.50B,$2.42B,27.04%,$0.50B,$2.42B,27.04%,$0.50B,$5.10B,11.11%,$0.86B,$3.32B,31.49%,$969,$6,$963,$10,$94,$241,$728,$-18,$710,$270,$439,$439,$439,$833,$728,$359,360,$1.23,$1.22,$42,$62,$114,$908,$4046,$0,$0,$146,$4192,$5100,$881,$896,$61,$1800,$2681,$2,$1308,$0,$2419,$5100,$541,$266,$-10,$256,$-178,$-24,$21,$35,$-128,$670,$-17,$0,$0,$0,$0,$0,$-1246,$-1263,$0,$-30,$-30,$658,$658,$0,$-0,$628,$34,$12,$0
29,2011-06-30,32.46,$5.47,5.93,$2.48,13.08,$5.11,6.35,$0.24,135.23,$0.99B,$0.86B,1.16,$0.90B,$1.98B,0.45,$0.88B,$0.87B,98.86%,$0.88B,$0.21B,23.95%,$0.88B,$0.21B,23.95%,$0.88B,$0.50B,57.47%,$0.88B,$0.14B,16.31%,$0.88B,$0.10B,10.95%,$0.10B,$1.98B,6.23%,$0.10B,$1.98B,6.23%,$0.10B,$4.65B,2.39%,$0.21B,$2.87B,8.59%,$603,$0,$603,$5,$91,$199,$404,$-18,$387,$147,$239,$239,$239,$489,$404,$359,360,$0.67,$0.67,$261,$51,$14,$992,$3635,$0,$0,$26,$3661,$4652,$859,$896,$257,$1818,$2677,$2,$869,$0,$1976,$4652,$102,$161,$232,$393,$-130,$-12,$17,$42,$-66,$429,$-6,$0,$0,$0,$0,$0,$-797,$-804,$0,$-30,$-30,$659,$659,$0,$-0,$628,$253,$7,$0
30,2011-03-31,35.74,$4.80,7.44,$1.63,21.88,$5.11,7.0,$-0.13,0.0,$1.20B,$0.95B,1.27,$0.90B,$1.73B,0.52,$0.55B,$0.54B,97.47%,$0.55B,$-0.02B,-3.25%,$0.55B,$-0.02B,-3.25%,$0.55B,$0.25B,45.31%,$0.55B,$-0.08B,-14.44%,$0.55B,$-0.04B,-7.40%,$-0.04B,$1.73B,-3.04%,$-0.04B,$1.73B,-3.04%,$-0.04B,$4.51B,-1.14%,$-0.02B,$2.63B,-0.82%,$-36,$5,$-42,$7,$73,$167,$-203,$-18,$-221,$-84,$-137,$-137,$-137,$-126,$-203,$343,343,$-0.40,$-0.40,$477,$52,$17,$1201,$3286,$0,$0,$26,$3312,$4513,$946,$896,$378,$1834,$2780,$2,$629,$0,$1734,$4513,$-137,$77,$292,$368,$-78,$-14,$4,$41,$-36,$196,$-7,$0,$0,$0,$0,$0,$-348,$-355,$0,$-30,$-30,$660,$660,$0,$-0,$629,$470,$4,$0
31,2010-12-31,29.43,$3.54,8.3,$2.47,11.92,$5.10,5.76,$0.49,60.05,$0.58B,$0.70B,0.83,$0.93B,$1.21B,0.77,$0.84B,$0.83B,98.57%,$0.84B,$0.31B,36.99%,$0.84B,$0.31B,36.99%,$0.84B,$0.55B,66.11%,$0.84B,$0.26B,30.79%,$0.84B,$0.17B,20.05%,$0.17B,$1.21B,14.09%,$0.17B,$1.21B,14.09%,$0.17B,$3.59B,5.45%,$0.31B,$2.13B,16.11%,$91,$0,$91,$5,$78,$158,$-67,$-20,$-87,$-42,$-45,$-45,$-45,$3,$-67,$338,340,$-0.13,$-0.14,$8,$38,$21,$582,$2982,$0,$0,$27,$3009,$3592,$702,$926,$173,$1681,$2384,$2,$767,$0,$1208,$3592,$168,$243,$293,$536,$-299,$-12,$146,$66,$-51,$653,$-8,$0,$0,$0,$0,$0,$-1031,$-1039,$587,$-196,$391,$-7,$-7,$-0,$-4,$380,$-6,$12,$-0
32,2010-09-30,23.18,$3.67,6.31,$2.81,8.24,$4.30,5.39,$0.78,29.91,$0.60B,$0.53B,1.13,$0.90B,$1.25B,0.72,$0.96B,$0.94B,98.74%,$0.96B,$0.46B,48.38%,$0.96B,$0.46B,48.38%,$0.96B,$0.69B,71.94%,$0.96B,$0.42B,44.08%,$0.96B,$0.26B,27.54%,$0.26B,$1.25B,22.90%,$0.26B,$1.25B,22.90%,$0.26B,$3.34B,9.52%,$0.46B,$2.15B,25.96%,$219,$5,$215,$4,$57,$143,$76,$-12,$64,$25,$39,$39,$39,$138,$76,$338,340,$0.12,$0.12,$149,$31,$35,$598,$2704,$0,$0,$33,$2737,$3335,$527,$896,$69,$1559,$2086,$2,$812,$0,$1249,$3335,$213,$173,$119,$292,$-193,$-4,$100,$33,$-10,$495,$11,$0,$0,$0,$0,$0,$-720,$-709,$587,$-226,$361,$-3,$-3,$-0,$-9,$349,$135,$9,$-0
33,2010-06-30,22.31,$3.56,6.27,$2.67,8.36,$3.43,6.5,$0.77,29.16,$0.41B,$0.45B,0.92,$0.61B,$1.21B,0.5,$0.91B,$0.90B,99.12%,$0.91B,$0.45B,49.12%,$0.91B,$0.45B,49.12%,$0.91B,$0.66B,72.63%,$0.91B,$0.41B,45.47%,$0.91B,$0.26B,28.59%,$0.26B,$1.21B,23.96%,$0.26B,$1.21B,23.96%,$0.26B,$2.89B,10.42%,$0.45B,$1.82B,27.39%,$280,$4,$276,$2,$52,$104,$176,$-12,$164,$63,$102,$102,$102,$236,$176,$338,340,$0.30,$0.30,$15,$39,$47,$413,$2442,$0,$0,$36,$2478,$2892,$451,$610,$55,$1231,$1682,$2,$773,$0,$1209,$2892,$174,$111,$41,$153,$-105,$-13,$153,$17,$63,$390,$7,$0,$0,$0,$0,$0,$-469,$-463,$194,$-112,$82,$-1,$-1,$-0,$-8,$73,$1,$6,$-0
34,2010-03-31,21.28,$3.25,6.54,$2.29,9.28,$2.51,8.47,$0.51,42.13,$0.31B,$0.33B,0.92,$0.50B,$1.11B,0.45,$0.78B,$0.77B,99.49%,$0.78B,$0.30B,37.92%,$0.78B,$0.30B,37.92%,$0.78B,$0.50B,64.52%,$0.78B,$0.27B,34.70%,$0.78B,$0.17B,21.98%,$0.17B,$1.11B,16.87%,$0.17B,$1.11B,16.87%,$0.17B,$2.51B,7.38%,$0.30B,$1.60B,18.99%,$248,$4,$244,$2,$50,$124,$125,$-8,$117,$44,$72,$72,$72,$177,$125,$338,340,$0.22,$0.22,$15,$27,$17,$307,$2187,$0,$0,$14,$2201,$2508,$333,$496,$52,$1069,$1402,$2,$671,$0,$1105,$2508,$72,$52,$37,$89,$-61,$-0,$70,$12,$29,$191,$-5,$0,$0,$0,$0,$0,$-157,$-162,$0,$-28,$-28,$-0,$-0,$0,$-0,$-28,$0,$3,$0
35,2009-12-31,21.45,$3.03,7.07,$1.85,11.6,$2.08,10.29,$0.21,102.12,$0.24B,$0.22B,1.07,$0.52B,$1.03B,0.51,$0.63B,$0.63B,100.00%,$0.63B,$0.13B,21.05%,$0.63B,$0.13B,21.05%,$0.63B,$0.34B,54.39%,$0.63B,$0.11B,17.54%,$0.63B,$0.07B,11.48%,$0.07B,$1.03B,7.43%,$0.07B,$1.03B,7.43%,$0.07B,$2.32B,3.20%,$0.13B,$1.55B,8.68%,$208,$0,$208,$3,$54,$122,$85,$-9,$76,$27,$50,$50,$50,$136,$85,$337,339,$0.15,$0.15,$14,$27,$2,$236,$2068,$0,$0,$11,$2079,$2315,$220,$524,$52,$1065,$1285,$2,$598,$0,$1030,$2315,$71,$209,$139,$348,$49,$-5,$-118,$14,$-46,$373,$-2,$0,$0,$0,$0,$0,$-497,$-500,$301,$-154,$147,$-4,$-4,$-0,$-7,$136,$9,$11,$-0
36,2009-09-30,19.59,$2.88,6.8,$1.64,11.97,$2.86,6.85,$0.07,301.31,$0.21B,$0.19B,1.13,$0.55B,$0.98B,0.56,$0.56B,$0.56B,100.00%,$0.56B,$0.06B,10.45%,$0.56B,$0.06B,10.45%,$0.56B,$0.27B,48.47%,$0.56B,$0.04B,7.57%,$0.56B,$0.02B,3.96%,$0.02B,$0.98B,2.32%,$0.02B,$0.98B,2.32%,$0.02B,$2.22B,0.99%,$0.06B,$1.53B,3.96%,$170,$0,$170,$1,$47,$111,$59,$-5,$55,$20,$35,$35,$35,$109,$59,$337,339,$0.11,$0.11,$5,$35,$0,$209,$2003,$0,$0,$11,$2015,$2223,$185,$546,$47,$1060,$1244,$2,$549,$0,$979,$2223,$22,$158,$98,$256,$71,$-13,$-115,$0,$-62,$216,$-3,$0,$0,$0,$0,$0,$-372,$-375,$300,$-130,$170,$-1,$-1,$-0,$-10,$159,$0,$9,$-0
37,2009-06-30,13.88,$2.77,5.0,$2.00,6.93,$3.72,3.73,$0.27,51.39,$0.23B,$0.21B,1.11,$0.59B,$0.94B,0.63,$0.68B,$0.68B,100.00%,$0.68B,$0.17B,25.04%,$0.68B,$0.17B,25.04%,$0.68B,$0.37B,54.49%,$0.68B,$0.16B,22.97%,$0.68B,$0.09B,13.55%,$0.09B,$0.94B,9.77%,$0.09B,$0.94B,9.77%,$0.09B,$2.22B,4.19%,$0.17B,$1.53B,12.35%,$152,$0,$152,$2,$48,$126,$26,$-4,$22,$8,$14,$14,$14,$80,$26,$337,339,$0.04,$0.04,$5,$40,$0,$230,$1990,$0,$0,$4,$1994,$2224,$207,$592,$46,$1076,$1283,$2,$514,$0,$941,$2224,$-13,$108,$61,$169,$52,$-18,$-97,$-5,$-73,$82,$0,$0,$0,$0,$0,$0,$-296,$-296,$0,$216,$216,$-0,$-0,$-0,$-2,$213,$-0,$5,$-0
38,2009-03-31,10.61,$2.73,3.89,$2.45,4.33,$4.14,2.56,$0.61,17.53,$0.24B,$0.29B,0.82,$0.54B,$0.93B,0.59,$0.83B,$0.83B,100.00%,$0.83B,$0.35B,42.05%,$0.83B,$0.35B,42.05%,$0.83B,$0.52B,63.01%,$0.83B,$0.34B,40.60%,$0.83B,$0.21B,24.70%,$0.21B,$0.93B,22.36%,$0.21B,$0.93B,22.36%,$0.21B,$2.24B,9.79%,$0.35B,$1.47B,27.71%,$97,$0,$97,$7,$42,$135,$-38,$-4,$-43,$-16,$-27,$-27,$-27,$16,$-38,$337,337,$-0.08,$-0.08,$5,$39,$0,$238,$1993,$0,$0,$4,$1997,$2235,$291,$544,$46,$1019,$1311,$2,$500,$0,$925,$2235,$-27,$54,$27,$81,$54,$-16,$-20,$-23,$-15,$40,$-0,$0,$0,$0,$0,$0,$-206,$-206,$0,$168,$168,$-0,$-0,$-0,$-1,$166,$0,$3,$-0
39,2008-12-31,10.36,$2.80,3.7,$2.83,3.65,$4.22,2.45,$0.95,10.96,$0.28B,$0.40B,0.69,$0.38B,$0.95B,0.4,$0.96B,$0.96B,100.00%,$0.96B,$0.53B,55.05%,$0.96B,$0.53B,55.05%,$0.96B,$0.68B,70.45%,$0.96B,$0.52B,54.01%,$0.96B,$0.32B,33.30%,$0.32B,$0.95B,37.03%,$0.32B,$0.95B,37.03%,$0.32B,$2.22B,16.68%,$0.53B,$1.33B,47.09%,$136,$0,$136,$14,$47,$125,$11,$-3,$8,$8,$0,$0,$0,$64,$11,$336,339,$0.00,$0.00,$5,$22,$0,$278,$1935,$0,$0,$3,$1938,$2216,$404,$376,$41,$864,$1267,$2,$527,$0,$949,$2216,$321,$149,$215,$364,$-66,$-4,$102,$-6,$35,$720,$-86,$0,$0,$0,$0,$0,$-841,$-928,$0,$211,$211,$-5,$-5,$-0,$-2,$204,$-4,$9,$-0
40,2008-09-30,19.62,$2.81,6.98,$2.91,6.73,$3.52,5.58,$1.13,17.44,$0.34B,$0.47B,0.73,$0.23B,$0.95B,0.24,$0.98B,$0.98B,100.00%,$0.98B,$0.61B,61.59%,$0.98B,$0.61B,61.59%,$0.98B,$0.73B,74.09%,$0.98B,$0.60B,60.67%,$0.98B,$0.38B,38.72%,$0.38B,$0.95B,48.67%,$0.38B,$0.95B,48.67%,$0.38B,$2.11B,22.34%,$0.61B,$1.18B,61.26%,$294,$0,$294,$15,$58,$122,$171,$-2,$169,$64,$105,$105,$105,$210,$171,$336,339,$0.32,$0.31,$3,$34,$0,$340,$1766,$0,$0,$1,$1767,$2107,$467,$229,$43,$688,$1155,$2,$527,$0,$951,$2107,$321,$96,$155,$251,$-137,$-15,$109,$39,$18,$590,$-86,$0,$0,$0,$0,$0,$-574,$-660,$0,$64,$64,$-3,$-3,$-0,$3,$65,$-6,$6,$-0
41,2008-06-30,34.66,$2.49,13.91,$2.51,13.8,$2.85,12.17,$0.98,35.37,$0.32B,$0.35B,0.92,$0.22B,$0.84B,0.26,$0.85B,$0.85B,100.00%,$0.85B,$0.52B,61.75%,$0.85B,$0.52B,61.75%,$0.85B,$0.63B,74.50%,$0.85B,$0.51B,60.68%,$0.85B,$0.33B,39.20%,$0.33B,$0.84B,48.43%,$0.33B,$0.84B,48.43%,$0.33B,$1.81B,22.24%,$0.52B,$1.06B,59.87%,$303,$0,$303,$6,$61,$98,$205,$-3,$203,$75,$127,$127,$127,$233,$205,$336,339,$0.38,$0.38,$13,$27,$0,$321,$1492,$0,$0,$1,$1493,$1814,$350,$220,$42,$621,$971,$2,$421,$0,$843,$1814,$215,$57,$84,$141,$-113,$-8,$18,$18,$-58,$298,$-73,$0,$0,$0,$0,$0,$-276,$-349,$0,$55,$55,$-3,$-3,$-0,$3,$55,$4,$4,$-0
42,2008-03-31,15.95,$2.11,7.56,$2.06,7.73,$2.68,5.94,$0.17,96.64,$0.23B,$0.27B,0.85,$0.21B,$0.71B,0.3,$0.69B,$0.69B,100.00%,$0.69B,$0.39B,56.89%,$0.69B,$0.39B,56.89%,$0.69B,$0.50B,71.99%,$0.69B,$0.38B,55.44%,$0.69B,$0.06B,9.14%,$0.06B,$0.71B,10.48%,$0.06B,$0.71B,10.48%,$0.06B,$1.54B,4.80%,$0.39B,$0.93B,51.03%,$228,$0,$228,$5,$48,$86,$142,$-3,$139,$51,$88,$88,$88,$170,$142,$336,338,$0.26,$0.26,$4,$20,$0,$228,$1308,$0,$0,$2,$1310,$1537,$267,$212,$41,$557,$824,$2,$294,$0,$714,$1537,$88,$29,$28,$57,$-32,$-1,$5,$-3,$-20,$125,$-55,$0,$0,$0,$0,$0,$-121,$-177,$0,$47,$47,$0,$0,$-0,$0,$47,$-5,$1,$-0
