,Date,Stock Price,Book Value per Share,Price to Book Ratio,TTM Sales per Share,Price to Sales Ratio,TTM FCF per Share,Price to FCF Ratio,TTM Net EPS,PE Ratio,Current Assets,Current Liabilities,Current Ratio,Long Term Debt,Shareholder's Equity_x,Debt to Equity Ratio,TTM Revenue_x,TTM Gross Profit,Gross Margin,TTM Revenue_y,TTM Operating Income,Operating Margin,TTM Revenue_x,TTM EBIT,EBIT Margin,TTM Revenue_y,TTM EBITDA,EBITDA Margin,TTM Revenue_x,TTM Pre-Tax Income,Pre-Tax Margin,TTM Revenue_y,TTM Net Income_x,Net Margin,TTM Net Income_y,Shareholder's Equity_y,Return on Equity,TTM Net Income_x,Tangible Equity,Return on Tangible Equity,TTM Net Income_y,Total Assets,Return on Assets,TTM Net Income,LT Investments & Debt,Return on Investment,revenue,cost-goods-sold,gross-profit,research-development-expenses,selling-general-administrative-expenses,operating-expenses,operating-income,total-non-operating-income-expense,pre-tax-income,total-provision-income-taxes,income-after-taxes,income-from-continuous-operations,net-income,ebitda,ebit,basic-shares-outstanding,shares-outstanding,eps-basic-net-earnings-per-share,eps-earnings-per-share-diluted,cash-on-hand,inventory,other-current-assets,total-current-assets,net-property-plant-equipment,long-term-investments,goodwill-intangible-assets-total,other-long-term-assets,total-long-term-assets,total-assets,total-current-liabilities,long-term-debt,other-non-current-liabilities,total-long-term-liabilities,total-liabilities,common-stock-net,retained-earnings-accumulated-deficit,comprehensive-income,total-share-holder-equity,total-liabilities-share-holders-equity,net-income-loss,total-depreciation-amortization-cash-flow,other-non-cash-items,total-non-cash-items,change-in-accounts-receivable,change-in-inventories,change-in-accounts-payable,change-in-assets-liabilities,total-change-in-assets-liabilities,cash-flow-from-operating-activities,net-change-in-property-plant-equipment,net-change-in-intangible-assets,net-acquisitions-divestitures,net-change-in-short-term-investments,net-change-in-long-term-investments,net-change-in-investments-total,investing-activities-other,cash-flow-from-investing-activities,net-long-term-debt,net-current-debt,debt-issuance-retirement-net-total,net-common-equity-issued-repurchased,net-total-equity-issued-repurchased,total-common-preferred-stock-dividends-paid,financial-activities-other,cash-flow-from-financial-activities,net-cash-flow,stock-based-compensation,common-stock-dividends-paid
0,2018-09-30,3.0,$3.95,0.76,0,0.0,$-16.02,0.0,$-343.79,0.0,$0.02B,$0.00B,6.43,$0.00B,$0.01B,0.0,$0.00B,0,nan%,$0.00B,$-0.01B,inf%,$0.00B,$-0.01B,inf%,$0.00B,$-0.01B,inf%,$0.00B,$-0.01B,inf%,$0.00B,$-0.02B,inf%,$-0.02B,$0.02B,-170.00%,$-0.02B,$0.02B,-206.06%,$-0.02B,$0.02B,-136.00%,$-0.01B,$0.02B,-130.00%,$0,$0,$0,$2,$1,$3,$-3,$0,$-3,$0,$-3,$-3,$-5,$-3,$-3,$3,3,$-1.65,$-1.65,$16,$0,$0,$17,$0,$0,$2,$1,$2,$20,$3,$0,$0,$0,$3,$0,$-94,$0,$17,$20,$-9,$0,$0,$1,$0,$0,$0,$-0,$0,$-9,$0,$0,$0,$0,$0,$0,$0,$0,$-0,$0,$-0,$9,$15,$0,$-0,$15,$6,$1,$0
1,2018-06-30,6.2,$2.65,2.34,0,0.0,$-19.65,0.0,$-346.39,0.0,$0.01B,$0.00B,2.19,$0.00B,$0.01B,0.0,$0.00B,0,nan%,$0.00B,$-0.01B,inf%,$0.00B,$-0.01B,inf%,$0.00B,$-0.01B,inf%,$0.00B,$-0.01B,inf%,$0.00B,$-0.02B,inf%,$-0.02B,$0.01B,-193.55%,$-0.02B,$0.00B,-250.00%,$-0.02B,$0.01B,-150.00%,$-0.01B,$0.01B,-167.74%,$0,$0,$0,$2,$1,$3,$-3,$-0,$-3,$0,$-3,$-3,$-3,$-3,$-3,$2,2,$-1.69,$-1.69,$4,$0,$0,$5,$0,$0,$2,$0,$2,$7,$2,$0,$0,$0,$2,$0,$-91,$0,$5,$7,$-6,$0,$0,$0,$0,$0,$0,$0,$0,$-6,$-0,$0,$0,$0,$0,$0,$0,$-0,$-0,$0,$-0,$0,$0,$0,$-0,$-0,$-6,$0,$0
2,2018-03-31,11.35,$4.36,2.6,0,0.0,$-20.77,0.0,$-347.00,0.0,$0.01B,$0.00B,3.63,$0.00B,$0.01B,0.0,$0.00B,0,nan%,$0.00B,$-0.01B,inf%,$0.00B,$-0.01B,inf%,$0.00B,$-0.01B,inf%,$0.00B,$-0.01B,inf%,$0.00B,$-0.02B,inf%,$-0.02B,$0.01B,-162.16%,$-0.02B,$0.01B,-200.00%,$-0.02B,$0.01B,-130.43%,$-0.01B,$0.01B,-140.54%,$0,$0,$0,$2,$1,$3,$-3,$-0,$-3,$0,$-3,$-3,$-3,$-3,$-3,$2,2,$-2.10,$-2.10,$7,$0,$0,$8,$0,$0,$2,$0,$2,$10,$2,$0,$0,$0,$2,$0,$-88,$0,$7,$10,$-3,$0,$0,$0,$0,$0,$0,$0,$0,$-3,$-0,$0,$0,$0,$0,$0,$0,$-0,$-0,$0,$-0,$0,$0,$0,$0,$-0,$-3,$0,$0
3,2017-12-31,13.7,$6.46,2.12,0,0.0,$-21.42,0.0,$-347.30,0.0,$0.01B,$0.00B,4.95,$0.00B,$0.01B,0.0,$0.00B,0,nan%,$0.00B,$-0.01B,inf%,$0.00B,$-0.01B,inf%,$0.00B,$-0.01B,inf%,$0.00B,$-0.01B,inf%,$0.00B,$-0.02B,inf%,$-0.02B,$0.01B,-136.36%,$-0.02B,$0.01B,-166.67%,$-0.02B,$0.01B,-117.65%,$-0.01B,$0.01B,-118.18%,$0,$0,$0,$3,$1,$4,$-4,$0,$-4,$0,$-4,$-4,$-6,$-3,$-4,$1,1,$-3.40,$-3.40,$10,$0,$0,$10,$0,$0,$2,$0,$2,$13,$2,$0,$0,$0,$2,$0,$-84,$0,$11,$13,$-14,$2,$1,$2,$0,$0,$0,$-0,$0,$-11,$-0,$0,$0,$0,$0,$0,$0,$-0,$-0,$0,$-0,$8,$10,$0,$-0,$10,$-1,$1,$0
4,2017-09-30,16.7,$5.63,2.96,0,0.0,$-32.45,0.0,$-10.70,0.0,$0.01B,$0.00B,3.14,$0.00B,$0.01B,0.0,$0.00B,0,nan%,$0.00B,$-0.01B,inf%,$0.00B,$-0.01B,inf%,$0.00B,$-0.01B,inf%,$0.00B,$-0.01B,inf%,$0.00B,$-0.02B,inf%,$-0.02B,$0.01B,-127.66%,$-0.02B,$0.01B,-153.85%,$-0.02B,$0.01B,-113.21%,$-0.01B,$0.01B,-102.13%,$0,$0,$0,$2,$1,$3,$-3,$0,$-3,$0,$-3,$-3,$-3,$-3,$-3,$1,1,$-2.58,$-2.58,$6,$0,$0,$7,$1,$0,$2,$0,$3,$10,$2,$0,$0,$0,$2,$0,$-80,$0,$8,$10,$-9,$0,$1,$1,$0,$0,$0,$-0,$0,$-8,$-0,$0,$0,$0,$0,$0,$0,$-0,$-0,$0,$-0,$3,$3,$0,$-0,$3,$-6,$1,$0
5,2017-06-30,16.3,$8.07,2.02,0,0.0,$-37.17,0.0,$-12.40,0.0,$0.01B,$0.00B,5.88,$0.00B,$0.01B,0.0,$0.00B,0,nan%,$0.00B,$-0.01B,inf%,$0.00B,$-0.01B,inf%,$0.00B,$-0.01B,inf%,$0.00B,$-0.01B,inf%,$0.00B,$-0.01B,inf%,$-0.01B,$0.01B,-119.15%,$-0.01B,$0.01B,-143.59%,$-0.01B,$0.01B,-107.69%,$-0.01B,$0.01B,-93.62%,$0,$0,$0,$2,$1,$3,$-3,$0,$-3,$0,$-3,$-3,$-3,$-3,$-3,$1,1,$-2.32,$-2.32,$8,$0,$0,$9,$2,$0,$2,$0,$3,$13,$2,$0,$0,$0,$2,$0,$-77,$0,$11,$13,$-6,$0,$0,$1,$0,$0,$0,$-0,$-0,$-6,$-0,$0,$0,$0,$0,$0,$0,$-0,$-0,$0,$-0,$3,$3,$0,$-0,$3,$-3,$0,$0
6,2017-03-31,22.7,$10.22,2.22,0,0.0,$-41.34,0.0,$-15.00,0.0,$0.01B,$0.00B,8.71,$0.00B,$0.01B,0.0,$0.00B,0,nan%,$0.00B,$-0.01B,inf%,$0.00B,$-0.01B,inf%,$0.00B,$-0.01B,inf%,$0.00B,$-0.01B,inf%,$0.00B,$-0.01B,inf%,$-0.01B,$0.01B,-113.04%,$-0.01B,$0.01B,-136.84%,$-0.01B,$0.02B,-104.00%,$-0.01B,$0.01B,-86.96%,$0,$0,$0,$2,$1,$3,$-3,$-0,$-3,$0,$-3,$-3,$-3,$-3,$-3,$1,1,$-2.40,$-2.40,$11,$0,$0,$12,$1,$0,$2,$0,$3,$15,$1,$0,$0,$0,$2,$0,$-74,$0,$14,$15,$-3,$0,$0,$0,$0,$0,$0,$-0,$-0,$-3,$-0,$0,$0,$0,$0,$0,$0,$-0,$-0,$0,$-0,$3,$3,$0,$0,$3,$-0,$0,$0
7,2016-12-31,12.2,$13.06,0.93,0,0.0,$-58.86,0.0,$-3.50,0.0,$0.01B,$0.00B,7.47,$0.00B,$0.01B,0.0,$0.00B,0,nan%,$0.00B,$-0.01B,inf%,$0.00B,$-0.01B,inf%,$0.00B,$-0.01B,inf%,$0.00B,$-0.01B,inf%,$0.00B,$-0.01B,inf%,$-0.01B,$0.01B,-102.86%,$-0.01B,$0.01B,-133.33%,$-0.01B,$0.02B,-87.80%,$-0.01B,$0.01B,-102.86%,$0,$0,$0,$1,$1,$3,$-3,$0,$-3,$0,$-3,$-3,$-6,$-3,$-3,$0,0,$-21.80,$-21.30,$12,$0,$0,$12,$1,$0,$2,$0,$3,$15,$2,$0,$0,$0,$2,$0,$-71,$0,$14,$15,$-6,$0,$-3,$-2,$0,$0,$0,$-0,$0,$-8,$-0,$0,$0,$0,$0,$0,$0,$-0,$-0,$0,$-0,$13,$16,$0,$-0,$16,$8,$1,$0
8,2016-09-30,27.1,$14.38,1.89,0,0.0,$-145.50,0.0,$-0.10,0.0,$0.01B,$0.00B,4.31,$0.00B,$0.01B,0.0,$0.00B,0,nan%,$0.00B,$-0.01B,inf%,$0.00B,$-0.01B,inf%,$0.00B,$-0.01B,inf%,$0.00B,$-0.00B,inf%,$0.00B,$-0.00B,inf%,$-0.00B,$0.01B,-34.78%,$-0.00B,$0.01B,-53.33%,$-0.00B,$0.01B,-23.53%,$-0.01B,$0.01B,-139.13%,$0,$0,$0,$1,$1,$2,$-2,$0,$-2,$0,$-2,$-2,$-2,$-2,$-2,$1,1,$-4.30,$-4.30,$6,$0,$0,$6,$1,$0,$2,$0,$3,$9,$1,$0,$0,$0,$2,$0,$-68,$0,$8,$9,$-4,$0,$-3,$-3,$0,$0,$0,$-0,$0,$-6,$-0,$0,$0,$0,$0,$0,$0,$-0,$-0,$0,$-0,$8,$8,$0,$-0,$8,$2,$0,$0
9,2016-06-30,34.4,$18.31,1.88,0,0.0,$-223.79,0.0,$-20.80,0.0,$0.01B,$0.00B,5.84,$0.00B,$0.01B,0.0,$0.00B,0,nan%,$0.00B,$-0.01B,inf%,$0.00B,$-0.01B,inf%,$0.00B,$-0.01B,inf%,$0.00B,$-0.00B,inf%,$0.00B,$-0.00B,inf%,$-0.00B,$0.01B,-50.00%,$-0.00B,$0.01B,-100.00%,$-0.00B,$0.01B,-25.81%,$-0.01B,$0.01B,-200.00%,$0,$0,$0,$1,$1,$2,$-2,$0,$-2,$0,$-2,$-2,$-2,$-2,$-2,$0,0,$-4.90,$-4.90,$8,$0,$0,$8,$2,$0,$2,$0,$3,$11,$1,$0,$0,$0,$2,$0,$-66,$0,$10,$11,$-1,$0,$-3,$-3,$0,$0,$0,$0,$0,$-4,$-0,$0,$0,$0,$0,$0,$0,$-0,$-0,$0,$-0,$8,$8,$0,$-0,$8,$4,$0,$0
10,2016-03-31,34.18,$30.03,1.14,0,0.0,$-275.85,0.0,$-45.90,0.0,$0.00B,$0.00B,0.8,$0.00B,$0.00B,0.0,$0.00B,0,nan%,$0.00B,$-0.01B,inf%,$0.00B,$-0.01B,inf%,$0.00B,$-0.01B,inf%,$0.00B,$-0.00B,inf%,$0.00B,$-0.00B,inf%,$-0.00B,$0.00B,-100.00%,$-0.00B,$0.00B,-800.00%,$-0.00B,$0.01B,-27.59%,$-0.01B,$0.00B,-400.00%,$0,$0,$0,$1,$1,$2,$-2,$3,$1,$0,$1,$1,$1,$-2,$-2,$0,0,$9.60,$9.10,$2,$0,$0,$2,$2,$0,$2,$0,$3,$6,$3,$0,$0,$0,$3,$0,$-64,$0,$3,$6,$1,$0,$-3,$-3,$0,$0,$0,$0,$-0,$-2,$0,$0,$0,$0,$0,$0,$0,$0,$-0,$0,$-0,$0,$0,$0,$-0,$-0,$-2,$0,$0
11,2015-12-31,73.5,$19.23,3.82,0,0.0,$-287.41,0.0,$-85.00,0.0,$0.00B,$0.01B,0.73,$0.00B,$0.00B,0.01,$0.00B,0,nan%,$0.00B,$-0.01B,inf%,$0.00B,$-0.01B,inf%,$0.00B,$-0.01B,inf%,$0.00B,$-0.01B,inf%,$0.00B,$-0.01B,inf%,$-0.01B,$0.00B,-200.00%,$-0.01B,$0.00B,-666.67%,$-0.01B,$0.01B,-58.82%,$-0.01B,$0.00B,-360.00%,$0,$0,$0,$1,$1,$2,$-2,$3,$1,$0,$1,$1,$1,$-2,$-2,$0,0,$14.90,$14.90,$4,$0,$0,$4,$2,$0,$2,$0,$3,$8,$6,$0,$0,$0,$6,$0,$-65,$0,$2,$8,$-5,$0,$-3,$-2,$0,$0,$0,$-0,$-0,$-8,$-0,$0,$0,$0,$0,$0,$0,$-0,$-0,$0,$-0,$3,$3,$0,$-0,$3,$-6,$0,$0
12,2015-09-30,197.0,$8.99,21.91,0,0.0,$-374.77,0.0,$-107.00,0.0,$0.00B,$0.01B,0.54,$0.00B,$0.00B,0.01,$0.00B,0,nan%,$0.00B,$-0.01B,inf%,$0.00B,$-0.01B,inf%,$0.00B,$-0.01B,inf%,$0.00B,$-0.01B,inf%,$0.00B,$-0.01B,inf%,$-0.01B,$0.00B,-240.00%,$-0.01B,$-0.00B,-450.00%,$-0.01B,$0.01B,-92.31%,$-0.01B,$0.00B,-240.00%,$0,$0,$0,$1,$1,$2,$-2,$0,$-2,$0,$-2,$-2,$-2,$-2,$-2,$0,0,$-24.60,$-24.60,$3,$0,$0,$3,$2,$0,$2,$0,$3,$6,$5,$0,$0,$0,$6,$0,$-66,$0,$1,$6,$-6,$0,$-0,$0,$0,$0,$0,$-0,$-0,$-7,$-0,$0,$0,$0,$0,$0,$0,$-0,$-0,$0,$-0,$0,$0,$0,$-0,$-0,$-7,$0,$0
13,2015-06-30,288.0,$31.38,9.18,0,0.0,$-419.43,0.0,$-92.00,0.0,$0.01B,$0.01B,0.86,$0.00B,$0.00B,0.0,$0.00B,0,nan%,$0.00B,$-0.01B,inf%,$0.00B,$-0.01B,inf%,$0.00B,$-0.01B,inf%,$0.00B,$-0.01B,inf%,$0.00B,$-0.01B,inf%,$-0.01B,$0.00B,-103.70%,$-0.01B,$0.00B,-140.00%,$-0.01B,$0.01B,-57.14%,$-0.01B,$0.00B,-133.33%,$0,$0,$0,$1,$1,$2,$-2,$0,$-2,$0,$-2,$-2,$-2,$-2,$-2,$0,0,$-30.20,$-30.20,$5,$0,$0,$5,$2,$0,$2,$0,$4,$9,$6,$0,$0,$0,$6,$0,$-64,$0,$2,$9,$-5,$0,$-0,$0,$0,$0,$0,$0,$-0,$-5,$-0,$0,$0,$0,$0,$0,$0,$-0,$-0,$0,$-0,$0,$0,$0,$0,$-0,$-5,$0,$0
14,2015-03-31,311.0,$60.67,5.13,0,0.0,$-519.66,0.0,$-135.00,0.0,$0.01B,$0.01B,1.23,$0.00B,$0.01B,0.0,$0.00B,0,nan%,$0.00B,$-0.01B,inf%,$0.00B,$-0.01B,inf%,$0.00B,$-0.01B,inf%,$0.00B,$-0.01B,inf%,$0.00B,$-0.01B,inf%,$-0.01B,$0.01B,-127.27%,$-0.01B,$0.00B,-186.67%,$-0.01B,$0.01B,-60.87%,$-0.01B,$0.01B,-153.85%,$0,$0,$0,$2,$1,$3,$-3,$0,$-2,$0,$-2,$-2,$-2,$-2,$-3,$0,0,$-30.40,$-30.40,$7,$0,$0,$7,$2,$0,$2,$0,$4,$11,$6,$0,$0,$0,$6,$0,$-61,$0,$5,$11,$-2,$0,$-0,$-0,$0,$0,$0,$0,$-0,$-2,$-0,$0,$0,$0,$0,$0,$0,$-0,$-0,$0,$-0,$0,$0,$0,$0,$-0,$-2,$0,$0
15,2014-12-31,309.0,$88.56,3.49,0,0.0,$-578.97,0.0,$-205.00,0.0,$0.01B,$0.01B,1.56,$0.00B,$0.01B,0.0,$0.00B,0,nan%,$0.00B,$-0.01B,inf%,$0.00B,$-0.01B,inf%,$0.00B,$-0.01B,inf%,$0.00B,$-0.01B,inf%,$0.00B,$-0.01B,inf%,$-0.01B,$0.01B,-200.00%,$-0.01B,$0.01B,-320.00%,$-0.01B,$0.01B,-74.42%,$-0.01B,$0.01B,-166.67%,$0,$0,$0,$1,$1,$2,$-2,$-1,$-3,$0,$-3,$-3,$-3,$-2,$-2,$0,0,$-5.30,$-5.30,$9,$0,$0,$10,$2,$0,$2,$0,$4,$13,$6,$0,$0,$0,$7,$0,$-59,$0,$7,$13,$-8,$0,$-1,$-1,$0,$0,$0,$0,$-0,$-9,$-0,$0,$0,$0,$0,$0,$0,$-0,$4,$0,$4,$12,$12,$0,$-1,$16,$7,$1,$0
16,2014-09-30,222.0,$173.87,1.28,0,0.0,$-718.66,0.0,$-323.00,0.0,$0.01B,$0.00B,5.77,$0.00B,$0.01B,0.0,$0.00B,0,nan%,$0.00B,$-0.01B,inf%,$0.00B,$-0.01B,inf%,$0.00B,$-0.01B,inf%,$0.00B,$-0.01B,inf%,$0.00B,$-0.01B,inf%,$-0.01B,$0.01B,-327.27%,$-0.01B,$0.01B,-720.00%,$-0.01B,$0.02B,-97.30%,$-0.01B,$0.01B,-252.63%,$0,$0,$0,$1,$1,$2,$-2,$3,$0,$0,$0,$0,$0,$-2,$-2,$0,0,$6.00,$6.00,$12,$0,$0,$12,$2,$0,$2,$0,$4,$16,$2,$0,$0,$1,$3,$0,$-57,$0,$13,$16,$-5,$0,$-2,$-2,$0,$0,$0,$0,$-0,$-7,$-0,$0,$0,$0,$0,$0,$0,$-0,$4,$0,$4,$12,$12,$0,$-1,$16,$9,$1,$0
17,2014-06-30,639.0,$-88.52,-7.22,0,0.0,$-815.02,0.0,$-613.00,0.0,$0.00B,$0.00B,0.49,$0.00B,$-0.00B,-1.49,$0.00B,0,nan%,$0.00B,$-0.01B,inf%,$0.00B,$-0.01B,inf%,$0.00B,$-0.01B,inf%,$0.00B,$-0.01B,inf%,$0.00B,$-0.01B,inf%,$-0.01B,$-0.00B,-2000.00%,$-0.01B,$-0.00B,1333.33%,$-0.01B,$0.01B,-129.03%,$-0.01B,$0.00B,-520.00%,$0,$0,$0,$1,$1,$3,$-3,$0,$-2,$0,$-2,$-2,$-2,$-2,$-3,$0,0,$-73.00,$-73.00,$2,$0,$0,$2,$2,$0,$2,$0,$4,$6,$4,$4,$1,$4,$8,$0,$-56,$0,$-3,$6,$-5,$0,$0,$0,$0,$0,$0,$0,$0,$-5,$-0,$0,$0,$0,$0,$0,$0,$-0,$4,$0,$4,$0,$0,$0,$-0,$4,$-1,$1,$0
18,2014-03-31,780.0,$-25.34,-30.78,0,0.0,$-794.04,0.0,$-620.00,0.0,$0.00B,$0.00B,0.93,$0.00B,$-0.00B,-5.18,$0.00B,0,nan%,$0.00B,$-0.01B,inf%,$0.00B,$-0.01B,inf%,$0.00B,$-0.01B,inf%,$0.00B,$-0.01B,inf%,$0.00B,$-0.01B,inf%,$-0.01B,$-0.00B,-400.00%,$-0.01B,$-0.00B,-800.00%,$-0.01B,$0.01B,-108.11%,$-0.01B,$0.00B,-371.43%,$0,$0,$0,$2,$1,$3,$-3,$-0,$-3,$0,$-3,$-3,$-3,$-3,$-3,$0,0,$-103.00,$-103.00,$4,$0,$0,$4,$2,$0,$2,$0,$4,$8,$4,$4,$1,$4,$9,$0,$-54,$0,$-1,$8,$-3,$0,$0,$0,$0,$0,$0,$0,$-0,$-3,$-0,$0,$0,$0,$0,$0,$0,$-0,$4,$0,$4,$0,$0,$0,$0,$4,$1,$0,$0
19,2013-12-31,740.0,$59.22,12.5,0,0.0,$-780.40,0.0,$-660.00,0.0,$0.00B,$0.01B,0.61,$0.00B,$0.00B,0.0,$0.00B,0,nan%,$0.00B,$-0.01B,inf%,$0.00B,$-0.01B,inf%,$0.00B,$-0.01B,inf%,$0.00B,$-0.01B,inf%,$0.00B,$-0.01B,inf%,$-0.01B,$0.00B,-222.22%,$-0.01B,$0.00B,-333.33%,$-0.01B,$0.01B,-93.02%,$-0.01B,$0.00B,-288.89%,$0,$0,$0,$2,$1,$4,$-4,$0,$-4,$0,$-4,$-4,$-4,$-4,$-4,$0,0,$-128.00,$-128.00,$2,$0,$0,$3,$2,$0,$2,$0,$4,$7,$5,$0,$1,$1,$5,$0,$-51,$0,$2,$7,$-11,$0,$1,$1,$0,$0,$0,$0,$1,$-9,$-0,$0,$0,$0,$0,$0,$2,$2,$-0,$0,$-0,$5,$5,$0,$0,$5,$-2,$2,$0
20,2013-09-30,720.0,$154.23,4.67,0,0.0,$-772.60,0.0,$-620.00,0.0,$0.01B,$0.01B,1.19,$0.00B,$0.00B,0.0,$0.00B,0,nan%,$0.00B,$-0.01B,inf%,$0.00B,$-0.01B,inf%,$0.00B,$-0.01B,inf%,$0.00B,$-0.01B,inf%,$0.00B,$-0.01B,inf%,$-0.01B,$0.00B,-123.08%,$-0.01B,$0.00B,-160.00%,$-0.01B,$0.01B,-68.09%,$-0.01B,$0.00B,-169.23%,$0,$0,$0,$2,$1,$3,$-3,$2,$-1,$0,$-1,$-1,$-1,$-3,$-3,$0,0,$-46.00,$-46.00,$5,$0,$0,$5,$2,$0,$2,$0,$4,$10,$5,$0,$1,$1,$5,$0,$-47,$0,$4,$10,$-7,$0,$-0,$-0,$0,$0,$0,$0,$0,$-6,$-0,$0,$0,$0,$0,$0,$2,$2,$-0,$0,$-0,$5,$5,$0,$0,$5,$0,$1,$0
21,2013-06-30,920.0,$189.69,4.85,0,0.0,$-769.93,0.0,$-440.00,0.0,$0.01B,$0.01B,0.99,$0.00B,$0.01B,0.0,$0.00B,0,nan%,$0.00B,$-0.01B,inf%,$0.00B,$-0.01B,inf%,$0.00B,$-0.01B,inf%,$0.00B,$-0.01B,inf%,$0.00B,$-0.01B,inf%,$-0.01B,$0.01B,-129.03%,$-0.01B,$0.00B,-166.67%,$-0.01B,$0.01B,-85.11%,$-0.01B,$0.01B,-129.03%,$0,$0,$0,$2,$1,$3,$-3,$1,$-2,$0,$-2,$-2,$-2,$-3,$-3,$0,0,$-72.00,$-72.00,$6,$0,$0,$6,$3,$0,$2,$2,$6,$12,$6,$0,$1,$1,$7,$0,$-46,$0,$5,$12,$-6,$0,$1,$1,$0,$0,$0,$0,$0,$-4,$-0,$0,$0,$0,$0,$0,$0,$0,$-0,$0,$-0,$5,$5,$0,$0,$5,$1,$1,$0
22,2013-03-31,920.0,$248.46,3.7,0,0.0,$-797.35,0.0,$-480.00,0.0,$0.01B,$0.01B,1.23,$0.00B,$0.01B,0.0,$0.00B,0,nan%,$0.00B,$-0.01B,inf%,$0.00B,$-0.01B,inf%,$0.00B,$-0.01B,inf%,$0.00B,$-0.01B,inf%,$0.00B,$-0.01B,inf%,$-0.01B,$0.01B,-108.11%,$-0.01B,$0.01B,-137.93%,$-0.01B,$0.01B,-85.11%,$-0.01B,$0.01B,-97.30%,$0,$0,$0,$2,$1,$3,$-3,$-1,$-3,$0,$-3,$-3,$-3,$-3,$-3,$0,0,$-140.00,$-140.00,$8,$0,$0,$8,$3,$0,$2,$2,$6,$14,$7,$0,$1,$1,$7,$0,$-44,$0,$7,$14,$-3,$0,$1,$1,$0,$0,$0,$0,$0,$-2,$-0,$0,$0,$0,$0,$0,$0,$0,$-0,$0,$-0,$5,$5,$0,$0,$5,$3,$0,$0
23,2012-12-31,1480.0,$437.88,3.38,0,0.0,$-813.15,0.0,$-460.00,0.0,$0.01B,$0.00B,7.0,$0.00B,$0.01B,0.0,$0.00B,0,nan%,$0.00B,$-0.01B,inf%,$0.00B,$-0.01B,inf%,$0.00B,$-0.01B,inf%,$0.00B,$-0.01B,inf%,$0.00B,$-0.01B,inf%,$-0.01B,$0.01B,-94.74%,$-0.01B,$0.01B,-120.00%,$-0.01B,$0.01B,-85.71%,$-0.01B,$0.01B,-84.21%,$0,$0,$0,$1,$1,$2,$-2,$0,$-2,$0,$-2,$-2,$-2,$-2,$-2,$0,0,$-100.00,$-100.00,$5,$0,$0,$5,$3,$0,$2,$2,$6,$11,$1,$0,$1,$1,$1,$0,$-40,$0,$10,$11,$-9,$0,$2,$2,$0,$0,$0,$-0,$0,$-7,$-0,$0,$0,$0,$0,$0,$-2,$-2,$-0,$0,$-0,$8,$8,$0,$-0,$8,$-1,$2,$0
24,2012-09-30,2100.0,$417.25,5.03,0,0.0,$-996.36,0.0,$-480.00,0.0,$0.01B,$0.00B,8.13,$0.00B,$0.01B,0.0,$0.00B,0,nan%,$0.00B,$-0.01B,inf%,$0.00B,$-0.01B,inf%,$0.00B,$-0.01B,inf%,$0.00B,$-0.01B,inf%,$0.00B,$-0.01B,inf%,$-0.01B,$0.01B,-97.30%,$-0.01B,$0.01B,-120.00%,$-0.01B,$0.01B,-85.71%,$-0.01B,$0.01B,-86.49%,$0,$0,$0,$1,$1,$2,$-2,$0,$-2,$0,$-2,$-2,$-3,$-2,$-2,$0,0,$-120.00,$-120.00,$6,$0,$0,$6,$3,$0,$2,$0,$4,$10,$1,$0,$1,$1,$1,$0,$-38,$0,$9,$10,$-7,$0,$1,$2,$0,$0,$0,$-0,$0,$-5,$-0,$0,$0,$0,$0,$0,$0,$-0,$-0,$0,$-0,$5,$5,$0,$0,$5,$0,$1,$0
25,2012-06-30,2380.0,$492.37,4.83,0,0.0,$-1107.64,0.0,$-500.00,0.0,$0.01B,$0.00B,11.55,$0.00B,$0.01B,0.0,$0.00B,0,nan%,$0.00B,$-0.01B,inf%,$0.00B,$-0.01B,inf%,$0.00B,$-0.01B,inf%,$0.00B,$-0.01B,inf%,$0.00B,$-0.01B,inf%,$-0.01B,$0.01B,-94.12%,$-0.01B,$0.01B,-110.34%,$-0.01B,$0.01B,-82.05%,$-0.01B,$0.01B,-94.12%,$0,$0,$0,$1,$1,$2,$-2,$-0,$-2,$0,$-2,$-2,$-2,$-2,$-2,$0,0,$-120.00,$-120.00,$7,$0,$0,$7,$3,$0,$2,$0,$5,$12,$1,$0,$1,$1,$1,$0,$-36,$0,$11,$12,$-5,$0,$1,$1,$0,$0,$0,$0,$0,$-3,$-0,$0,$0,$0,$0,$0,$0,$-0,$-0,$0,$-0,$5,$5,$0,$0,$5,$2,$1,$0
26,2012-03-31,1700.0,$409.14,4.16,0,0.0,$-1167.65,0.0,$-580.00,0.0,$0.00B,$0.00B,7.95,$0.00B,$0.01B,0.0,$0.00B,0,nan%,$0.00B,$-0.01B,inf%,$0.00B,$-0.01B,inf%,$0.00B,$-0.01B,inf%,$0.00B,$-0.01B,inf%,$0.00B,$-0.01B,inf%,$-0.01B,$0.01B,-120.00%,$-0.01B,$0.01B,-133.33%,$-0.01B,$0.01B,-102.86%,$-0.01B,$0.01B,-106.67%,$0,$0,$0,$1,$1,$2,$-2,$-0,$-2,$0,$-2,$-2,$-2,$-2,$-2,$0,0,$-120.00,$-120.00,$4,$0,$0,$4,$3,$0,$2,$0,$5,$9,$1,$0,$1,$1,$1,$0,$-34,$0,$8,$9,$-2,$0,$0,$1,$0,$0,$0,$0,$0,$-2,$-0,$0,$0,$0,$0,$0,$0,$-0,$-0,$0,$-0,$0,$0,$0,$0,$-0,$-2,$0,$0
27,2011-12-31,880.0,$513.77,1.71,0,0.0,$-1125.20,0.0,$-1140.00,0.0,$0.01B,$0.00B,11.55,$0.00B,$0.01B,0.0,$0.00B,0,nan%,$0.00B,$-0.01B,inf%,$0.00B,$-0.01B,inf%,$0.00B,$-0.01B,inf%,$0.00B,$-0.01B,inf%,$0.00B,$-0.01B,inf%,$-0.01B,$0.01B,-145.45%,$-0.01B,$0.01B,-152.38%,$-0.01B,$0.01B,-118.52%,$-0.01B,$0.01B,-127.27%,$0,$0,$0,$1,$1,$2,$-2,$0,$-2,$0,$-2,$-2,$-2,$-2,$-2,$0,0,$-120.00,$-120.00,$6,$0,$0,$6,$3,$0,$2,$0,$5,$11,$1,$0,$1,$1,$1,$0,$-31,$0,$9,$11,$-7,$1,$1,$2,$0,$0,$0,$-0,$-0,$-6,$-0,$0,$1,$0,$0,$0,$1,$1,$-1,$0,$-1,$10,$10,$0,$0,$10,$5,$1,$0
28,2011-09-30,2540.0,$439.66,5.78,0,0.0,$-703.33,0.0,$-1180.00,0.0,$0.00B,$0.00B,4.04,$0.00B,$0.01B,0.0,$0.00B,0,nan%,$0.00B,$-0.01B,inf%,$0.00B,$-0.01B,inf%,$0.00B,$-0.01B,inf%,$0.00B,$-0.01B,inf%,$0.00B,$-0.01B,inf%,$-0.01B,$0.01B,-184.62%,$-0.01B,$0.01B,-184.62%,$-0.01B,$0.01B,-114.29%,$-0.01B,$0.01B,-125.00%,$0,$0,$0,$1,$1,$2,$-2,$0,$-2,$0,$-2,$-2,$-2,$-2,$-2,$0,0,$-140.00,$-140.00,$2,$0,$0,$2,$3,$0,$0,$2,$5,$7,$1,$0,$1,$1,$1,$0,$-30,$0,$6,$7,$-5,$0,$1,$1,$0,$0,$0,$-0,$-0,$-4,$-0,$0,$1,$0,$0,$0,$1,$1,$-1,$0,$-1,$5,$5,$0,$-0,$4,$1,$1,$0
29,2011-06-30,2600.0,$552.31,4.71,0,0.0,$-874.39,0.0,$-1080.00,0.0,$0.00B,$0.00B,7.74,$0.00B,$0.01B,0.0,$0.00B,0,nan%,$0.00B,$-0.00B,inf%,$0.00B,$-0.00B,inf%,$0.00B,$-0.00B,inf%,$0.00B,$-0.01B,inf%,$0.00B,$-0.01B,inf%,$-0.01B,$0.01B,-500.00%,$-0.01B,$0.01B,-500.00%,$-0.01B,$0.01B,-117.65%,$-0.00B,$0.01B,-228.57%,$0,$0,$0,$1,$1,$2,$-2,$-0,$-3,$0,$-3,$-3,$-3,$-2,$-2,$0,0,$-200.00,$-200.00,$3,$0,$0,$3,$3,$0,$0,$2,$5,$8,$0,$0,$1,$1,$1,$0,$-28,$0,$7,$8,$-4,$0,$1,$1,$0,$0,$0,$0,$-0,$-3,$-0,$0,$1,$0,$0,$0,$1,$1,$-1,$0,$-1,$5,$5,$0,$-0,$4,$3,$0,$0
30,2011-03-31,6120.0,$0.10,59359.84,0,0.0,$-1059.81,0.0,$-7033.85,0.0,$0.00B,$0.00B,2.44,$0.00B,$0.00B,0.0,$0.00B,0,nan%,$0.00B,$-0.00B,inf%,$0.00B,$-0.00B,inf%,$0.00B,$-0.00B,inf%,$0.00B,$-0.01B,inf%,$0.00B,$-0.00B,inf%,$-0.00B,$0.00B,320.00%,$-0.00B,$0.00B,320.00%,$-0.00B,$0.00B,-123.08%,$-0.00B,$0.00B,800.00%,$0,$0,$0,$0,$0,$1,$-1,$-0,$-1,$0,$-1,$-1,$-1,$-1,$-1,$0,0,$-160.00,$-160.00,$1,$0,$0,$1,$0,$0,$0,$0,$0,$1,$0,$0,$0,$0,$1,$0,$-75,$0,$0,$1,$-1,$0,$0,$0,$0,$0,$0,$0,$0,$-0,$0,$0,$0,$0,$0,$0,$0,$0,$-0,$0,$-0,$0,$0,$0,$0,$-0,$-0,$0,$0
31,2010-12-31,9180.0,$20.87,439.91,$20.75,442.41,$-1012.94,0.0,$-200.00,0.0,$0.00B,$0.00B,1.41,$0.00B,$0.00B,20.38,$0.00B,0,nan%,$0.00B,$-0.01B,inf%,$0.00B,$-0.01B,inf%,$0.00B,$-0.01B,inf%,$0.00B,$-0.01B,inf%,$0.00B,$0.00B,inf%,$0.00B,$0.00B,-160.00%,$0.00B,$0.00B,-160.00%,$0.00B,$0.01B,44.44%,$-0.01B,$0.00B,1200.00%,$0,$0,$0,$1,$-0,$0,$-0,$-8,$-8,$0,$-8,$0,$0,$-1,$-0,$0,0,$-160.00,$-160.00,$1,$0,$0,$1,$4,$0,$0,$0,$4,$5,$1,$3,$1,$4,$5,$0,$-24,$0,$0,$5,$2,$0,$1,$0,$0,$0,$0,$0,$-3,$-8,$0,$0,$0,$0,$0,$0,$0,$0,$3,$0,$0,$0,$1,$0,$0,$1,$-6,$0,$0
32,2010-09-30,15300.0,$0.00,0.0,$115.75,132.18,$-926.56,0.0,$-80039.99,0.0,$0.00B,$0.01B,0.54,$0.00B,$-0.02B,0.0,$0.00B,0,nan%,$0.00B,$-0.01B,inf%,$0.00B,$-0.01B,inf%,$0.00B,$-0.01B,inf%,$0.00B,$-0.01B,inf%,$0.00B,$-0.01B,inf%,$-0.01B,$-0.00B,338.46%,$-0.01B,$-0.00B,338.46%,$-0.01B,$0.00B,-200.00%,$-0.01B,$-0.00B,307.69%,$0,$0,$0,$1,$0,$1,$-1,$-0,$-1,$0,$-1,$-1,$-1,$-0,$-1,$0,0,$-100.00,$-100.00,$3,$0,$0,$3,$0,$0,$0,$0,$0,$3,$6,$0,$0,$0,$7,$0,$-73,$0,$-3,$3,$-4,$0,$1,$1,$0,$0,$0,$0,$-0,$-3,$0,$0,$0,$0,$0,$0,$0,$0,$3,$0,$3,$0,$0,$0,$0,$3,$-1,$0,$0
33,2010-06-30,33660.0,$0.00,0.0,$185.75,181.21,$-416.53,0.0,$-101538.45,0.0,$0.00B,$0.01B,0.64,$0.00B,$-0.02B,0.0,$0.00B,0,nan%,$0.00B,$-0.01B,inf%,$0.00B,$-0.01B,inf%,$0.00B,$-0.01B,inf%,$0.00B,$-0.01B,inf%,$0.00B,$-0.01B,inf%,$-0.01B,$-0.00B,433.33%,$-0.01B,$-0.00B,433.33%,$-0.01B,$0.00B,-208.00%,$-0.01B,$-0.00B,366.67%,$0,$0,$0,$1,$1,$2,$-2,$-0,$-2,$0,$-2,$-2,$-2,$-1,$-2,$0,0,$-260.00,$-260.00,$3,$0,$0,$3,$0,$0,$0,$0,$0,$4,$5,$0,$0,$0,$6,$0,$-72,$0,$-2,$4,$-3,$0,$0,$1,$0,$0,$0,$0,$0,$-3,$0,$0,$0,$0,$0,$0,$0,$0,$3,$0,$3,$0,$0,$0,$0,$3,$0,$0,$0
34,2010-03-31,55080.0,$0.00,0.0,$505.75,108.91,$-3.76,0.0,$-135384.61,0.0,$0.01B,$0.01B,0.98,$0.00B,$-0.01B,0.0,$0.00B,0,nan%,$0.00B,$-0.01B,inf%,$0.00B,$-0.01B,inf%,$0.00B,$-0.01B,inf%,$0.00B,$-0.02B,inf%,$0.00B,$-0.02B,inf%,$-0.02B,$0.00B,457.14%,$-0.02B,$0.00B,457.14%,$-0.02B,$0.01B,-246.15%,$-0.01B,$0.00B,314.29%,$0,$0,$0,$2,$1,$3,$-3,$8,$5,$0,$5,$5,$5,$-3,$-3,$0,0,$17980.00,$10640.00,$6,$0,$0,$6,$0,$0,$0,$0,$0,$6,$6,$0,$0,$0,$6,$0,$-71,$0,$-0,$6,$5,$0,$-8,$-8,$0,$0,$0,$-0,$-1,$-3,$0,$0,$0,$0,$0,$0,$0,$0,$0,$0,$0,$0,$0,$0,$0,$0,$-3,$-0,$0
35,2009-12-31,777240.0,$-242.04,-3211.21,$795.00,977.66,0,0.0,$-163076.91,0.0,$0.01B,$0.02B,0.52,$0.00B,$-0.03B,0.0,$0.00B,0,nan%,$0.00B,$-0.01B,inf%,$0.00B,$-0.01B,inf%,$0.00B,$-0.01B,inf%,$0.00B,$-0.02B,inf%,$0.00B,$-0.02B,inf%,$-0.02B,$-0.01B,766.67%,$-0.02B,$-0.01B,766.67%,$-0.02B,$0.01B,-340.74%,$-0.01B,$-0.01B,333.33%,$0,$0,$0,$3,$1,$4,$-4,$-9,$-13,$0,$-13,$-13,$-13,$-4,$-4,$0,0,$-79999.99,$-79999.99,$9,$0,$0,$9,$0,$0,$0,$0,$0,$9,$17,$0,$0,$0,$17,$0,$-76,$0,$-8,$9,$-22,$0,$13,$0,$0,$0,$0,$-0,$-1,$-11,$-0,$0,$0,$0,$0,$0,$0,$-0,$0,$0,$0,$9,$18,$0,$0,$18,$8,$1,$0
36,2009-09-30,278460.0,$0.00,0.0,$1060.00,262.7,0,0.0,$-101538.46,0.0,$0.01B,$0.01B,0.8,$0.00B,$-0.02B,0.0,$0.00B,0,nan%,$0.00B,$-0.01B,inf%,$0.00B,$-0.01B,inf%,$0.00B,$-0.01B,inf%,$0.00B,$-0.01B,inf%,$0.00B,$-0.01B,inf%,$-0.01B,$-0.00B,480.00%,$-0.01B,$-0.00B,480.00%,$-0.01B,$0.01B,-252.63%,$-0.01B,$-0.00B,320.00%,$0,$0,$0,$2,$1,$2,$-2,$-0,$-3,$0,$-3,$-3,$-3,$-2,$-2,$0,0,$-21538.46,$-21538.46,$6,$0,$0,$6,$0,$0,$0,$0,$0,$6,$7,$0,$0,$0,$8,$0,$-63,$0,$-2,$6,$-9,$0,$0,$0,$0,$0,$0,$0,$-2,$-8,$-0,$0,$0,$0,$0,$0,$0,$-0,$0,$0,$0,$0,$13,$0,$0,$13,$4,$0,$0
37,2009-06-30,278460.0,$0.00,0.0,$1350.00,206.27,0,0.0,$-101538.46,0.0,$0.01B,$0.01B,0.58,$0.00B,$-0.03B,0.0,$0.00B,0,nan%,$0.00B,$-0.01B,inf%,$0.00B,$-0.01B,inf%,$0.00B,$-0.01B,inf%,$0.00B,$-0.01B,inf%,$0.00B,$-0.01B,inf%,$-0.01B,$-0.00B,436.36%,$-0.01B,$-0.00B,436.36%,$-0.01B,$0.01B,-282.35%,$-0.01B,$-0.00B,327.27%,$0,$0,$0,$2,$1,$2,$-2,$-3,$-5,$0,$-5,$-5,$-5,$-2,$-2,$0,0,$-40000.00,$-40000.00,$4,$0,$0,$5,$0,$0,$0,$0,$0,$5,$8,$0,$0,$0,$8,$0,$-60,$0,$-4,$5,$-7,$0,$0,$0,$0,$0,$0,$0,$-2,$-6,$-0,$0,$0,$0,$0,$0,$0,$-0,$0,$0,$0,$0,$9,$0,$0,$9,$3,$0,$0
38,2009-03-31,116280.0,$0.00,0.0,$1490.00,78.04,0,0.0,$-135384.61,0.0,$0.01B,$0.01B,1.43,$0.00B,$-0.02B,0.0,$0.00B,0,nan%,$0.00B,$-0.01B,inf%,$0.00B,$-0.01B,inf%,$0.00B,$-0.01B,inf%,$0.00B,$-0.01B,inf%,$0.00B,$-0.01B,inf%,$-0.01B,$0.00B,480.00%,$-0.01B,$0.00B,480.00%,$-0.01B,$0.01B,-266.67%,$-0.01B,$0.00B,480.00%,$0,$0,$0,$2,$0,$2,$-2,$0,$-2,$0,$-2,$-2,$-2,$-2,$-2,$0,0,$-21538.46,$-21538.46,$7,$0,$0,$7,$0,$0,$0,$0,$0,$7,$5,$0,$0,$0,$5,$0,$-56,$0,$2,$7,$-2,$0,$0,$0,$0,$0,$0,$0,$-1,$-3,$0,$0,$0,$0,$0,$0,$0,$0,$0,$0,$0,$0,$9,$0,$0,$9,$6,$0,$0
39,2008-12-31,143820.0,$-0.13,-1133333.33,$1260.00,114.14,0,0.0,$-172307.68,0.0,$0.00B,$0.01B,0.21,$0.00B,$-0.02B,0.0,$0.00B,0,nan%,$0.00B,$-0.02B,inf%,$0.00B,$-0.02B,inf%,$0.00B,$-0.02B,inf%,$0.00B,$-0.02B,inf%,$0.00B,$-0.02B,inf%,$-0.02B,$-0.01B,453.33%,$-0.02B,$-0.01B,453.33%,$-0.02B,$0.00B,-377.78%,$-0.02B,$-0.01B,453.33%,$0,$0,$0,$2,$1,$2,$-2,$0,$-2,$0,$-2,$-2,$-2,$-2,$-2,$0,0,$-18461.54,$-18461.54,$1,$0,$0,$1,$0,$0,$0,$0,$0,$1,$7,$0,$0,$0,$7,$0,$-60,$0,$-6,$1,$-16,$0,$0,$0,$0,$0,$0,$0,$-1,$-17,$-0,$0,$0,$0,$0,$0,$1,$1,$0,$0,$0,$3,$8,$-1,$0,$8,$-8,$0,$0
40,2008-09-30,122400.0,$0.00,0.0,$900.00,136.0,0,0.0,$-209230.75,0.0,$0.00B,$0.01B,0.63,$0.00B,$-0.02B,0.0,$0.00B,0,nan%,$0.00B,$-0.02B,inf%,$0.00B,$-0.02B,inf%,$0.00B,$-0.02B,inf%,$0.00B,$-0.02B,inf%,$0.00B,$-0.02B,inf%,$-0.02B,$-0.00B,1760.00%,$-0.02B,$-0.00B,1760.00%,$-0.02B,$0.00B,-314.29%,$-0.02B,$-0.00B,1760.00%,$0,$0,$0,$2,$1,$3,$-3,$0,$-3,$0,$-3,$-3,$-3,$-3,$-3,$0,0,$-21538.46,$-21538.46,$4,$0,$0,$4,$0,$0,$0,$0,$0,$4,$7,$0,$0,$0,$7,$0,$-58,$0,$-3,$4,$-14,$0,$0,$0,$0,$0,$0,$0,$-0,$-14,$-0,$0,$0,$0,$0,$0,$1,$1,$0,$0,$0,$0,$8,$-1,$0,$8,$-6,$0,$0
41,2008-06-30,153000.0,$0.00,0.0,$540.00,283.33,0,0.0,$-239999.98,0.0,$0.01B,$0.01B,0.69,$0.00B,$-0.02B,0.0,$0.00B,0,nan%,$0.00B,$-0.03B,inf%,$0.00B,$-0.03B,inf%,$0.00B,$-0.03B,inf%,$0.00B,$-0.03B,inf%,$0.00B,$-0.03B,inf%,$-0.03B,$-0.00B,-1111.11%,$-0.03B,$-0.00B,-1111.11%,$-0.03B,$0.01B,-250.00%,$-0.03B,$-0.00B,-1155.56%,$0,$0,$0,$4,$1,$5,$-5,$0,$-5,$0,$-5,$-5,$-5,$-5,$-5,$0,0,$-73846.15,$-73846.15,$6,$0,$0,$6,$0,$0,$0,$0,$0,$6,$8,$0,$0,$0,$9,$0,$-55,$0,$-3,$6,$-12,$0,$0,$0,$0,$0,$0,$0,$1,$-10,$-0,$0,$0,$0,$0,$0,$1,$1,$0,$0,$0,$0,$5,$-1,$0,$5,$-4,$0,$0
42,2008-03-31,146880.0,$0.00,0.0,$80.00,1836.0,0,0.0,$-270769.23,0.0,$0.01B,$0.01B,0.69,$0.00B,$-0.01B,0.0,$0.00B,0,nan%,$0.00B,$-0.03B,inf%,$0.00B,$-0.03B,inf%,$0.00B,$-0.03B,inf%,$0.00B,$-0.02B,inf%,$0.00B,$-0.02B,inf%,$-0.02B,$-0.00B,-320.00%,$-0.02B,$-0.00B,-320.00%,$-0.02B,$0.01B,-174.55%,$-0.03B,$-0.00B,-333.33%,$0,$0,$0,$7,$0,$7,$-7,$0,$-7,$0,$-7,$-7,$-7,$-7,$-7,$0,0,$-58461.53,$-58461.53,$7,$0,$0,$7,$0,$0,$0,$0,$0,$7,$10,$0,$0,$0,$10,$0,$-50,$0,$-3,$7,$-7,$0,$0,$0,$0,$0,$0,$0,$3,$-4,$-0,$0,$0,$0,$0,$0,$1,$1,$0,$0,$0,$0,$0,$0,$0,$0,$-3,$0,$0
43,2007-12-31,183600.0,$0.10,1784256.56,0,0.0,0,0.0,$-230769.24,0.0,$0.01B,$0.01B,1.57,$0.00B,$-0.01B,0.0,$0.00B,0,nan%,$0.00B,$-0.02B,inf%,$0.00B,$-0.02B,inf%,$0.00B,$-0.02B,inf%,$0.00B,$-0.02B,inf%,$0.00B,$-0.02B,inf%,$-0.02B,$0.00B,-185.37%,$-0.02B,$0.00B,-185.37%,$-0.02B,$0.01B,-131.03%,$-0.02B,$0.00B,-204.88%,$0,$0,$0,$6,$1,$7,$-7,$0,$-7,$0,$-7,$-7,$-7,$-7,$-7,$0,0,$-55384.61,$-55384.61,$11,$0,$0,$11,$0,$0,$0,$0,$0,$11,$7,$0,$0,$0,$7,$0,$-43,$0,$4,$11,$-20,$0,$1,$0,$0,$0,$0,$0,$6,$-13,$-0,$0,$0,$0,$0,$0,$0,$0,$0,$0,$0,$0,$14,$-1,$0,$13,$-0,$1,$0
44,2007-09-30,205020.0,$0.00,0.0,0,0.0,0,0.0,$-196923.09,0.0,$0.02B,$0.01B,3.29,$0.00B,$0.00B,0.0,$0.00B,0,nan%,$0.00B,$-0.02B,inf%,$0.00B,$-0.02B,inf%,$0.00B,$-0.02B,inf%,$0.00B,$-0.02B,inf%,$0.00B,$-0.02B,inf%,$-0.02B,$0.01B,-125.00%,$-0.02B,$0.01B,-125.00%,$-0.02B,$0.02B,-101.69%,$-0.02B,$0.01B,-141.67%,$0,$0,$0,$6,$1,$7,$-7,$0,$-6,$0,$-6,$-6,$-6,$-7,$-7,$0,0,$-52307.69,$-52307.69,$15,$0,$0,$16,$0,$0,$0,$0,$0,$16,$5,$0,$0,$0,$5,$0,$-37,$0,$11,$16,$-13,$0,$0,$0,$0,$0,$0,$0,$4,$-9,$-0,$0,$0,$0,$0,$0,$2,$1,$0,$0,$0,$0,$14,$-1,$0,$13,$5,$0,$0
45,2007-06-30,269280.0,$0.00,0.0,0,0.0,0,0.0,$-166153.86,0.0,$0.02B,$0.00B,7.04,$0.00B,$0.01B,0.0,$0.00B,0,nan%,$0.00B,$-0.01B,inf%,$0.00B,$-0.01B,inf%,$0.00B,$-0.01B,inf%,$0.00B,$-0.01B,inf%,$0.00B,$-0.01B,inf%,$-0.01B,$0.02B,-96.00%,$-0.01B,$0.02B,-96.00%,$-0.01B,$0.02B,-84.21%,$-0.01B,$0.02B,-104.00%,$0,$0,$0,$4,$1,$4,$-4,$0,$-4,$0,$-4,$-4,$-4,$-4,$-4,$0,0,$-104615.40,$-104615.40,$20,$0,$0,$20,$0,$0,$0,$0,$0,$21,$3,$0,$0,$0,$3,$0,$-30,$0,$18,$21,$-7,$0,$0,$0,$0,$0,$0,$0,$1,$-5,$-0,$0,$0,$0,$0,$0,$1,$1,$0,$0,$0,$0,$14,$-0,$0,$14,$9,$0,$0
46,2007-03-31,358020.0,$0.00,0.0,0,0.0,0,0.0,$-73846.15,0.0,$0.01B,$0.00B,7.38,$0.00B,$0.01B,0.0,$0.00B,0,nan%,$0.00B,$-0.01B,inf%,$0.00B,$-0.01B,inf%,$0.00B,$-0.01B,inf%,$0.00B,$-0.01B,inf%,$0.00B,$-0.01B,inf%,$-0.01B,$0.01B,-75.00%,$-0.01B,$0.01B,-75.00%,$-0.01B,$0.01B,-67.92%,$-0.01B,$0.01B,-91.67%,$0,$0,$0,$2,$1,$3,$-3,$0,$-2,$0,$-2,$-2,$-2,$-2,$-3,$0,0,$-18461.54,$-18461.54,$9,$0,$0,$10,$0,$0,$0,$0,$0,$10,$1,$0,$0,$0,$1,$0,$-26,$0,$8,$10,$-2,$0,$0,$0,$0,$0,$0,$0,$0,$-2,$-0,$0,$0,$0,$0,$0,$0,$0,$0,$0,$0,$0,$0,$-0,$0,$-0,$-2,$0,$0
47,2006-12-31,269280.0,$0.00,0.0,0,0.0,0,0.0,$-70769.22,0.0,$0.01B,$0.00B,9.07,$0.00B,$0.01B,0.0,$0.00B,0,nan%,$0.00B,$-0.01B,inf%,$0.00B,$-0.01B,inf%,$0.00B,$-0.01B,inf%,$0.00B,$-0.01B,inf%,$0.00B,$-0.01B,inf%,$-0.01B,$0.01B,-56.14%,$-0.01B,$0.01B,-56.14%,$-0.01B,$0.01B,-52.46%,$-0.01B,$0.01B,-63.16%,$0,$0,$0,$2,$1,$3,$-3,$0,$-3,$0,$-3,$-3,$-3,$-3,$-3,$0,0,$-21538.46,$-21538.46,$12,$0,$0,$12,$0,$0,$0,$0,$0,$12,$1,$0,$0,$0,$1,$0,$-24,$0,$11,$12,$-8,$0,$0,$0,$0,$0,$0,$0,$1,$-6,$-0,$0,$0,$0,$0,$0,$-1,$-1,$0,$0,$0,$0,$14,$-0,$0,$14,$6,$0,$0
