,Date,Stock Price,Book Value per Share,Price to Book Ratio,TTM Sales per Share,Price to Sales Ratio,TTM FCF per Share,Price to FCF Ratio,TTM Net EPS,PE Ratio,Current Assets,Current Liabilities,Current Ratio,Long Term Debt,Shareholder's Equity_x,Debt to Equity Ratio,TTM Revenue_x,TTM Gross Profit,Gross Margin,TTM Revenue_y,TTM Operating Income,Operating Margin,TTM Revenue_x,TTM EBIT,EBIT Margin,TTM Revenue_y,TTM EBITDA,EBITDA Margin,TTM Revenue_x,TTM Pre-Tax Income,Pre-Tax Margin,TTM Revenue_y,TTM Net Income_x,Net Margin,TTM Net Income_y,Shareholder's Equity_y,Return on Equity,TTM Net Income_x,Tangible Equity,Return on Tangible Equity,TTM Net Income_y,Total Assets,Return on Assets,TTM Net Income,LT Investments & Debt,Return on Investment,revenue,cost-goods-sold,gross-profit,research-development-expenses,selling-general-administrative-expenses,operating-expenses,operating-income,total-non-operating-income-expense,pre-tax-income,total-provision-income-taxes,income-after-taxes,income-from-continuous-operations,net-income,ebitda,ebit,basic-shares-outstanding,shares-outstanding,eps-basic-net-earnings-per-share,eps-earnings-per-share-diluted,cash-on-hand,inventory,other-current-assets,total-current-assets,net-property-plant-equipment,long-term-investments,goodwill-intangible-assets-total,other-long-term-assets,total-long-term-assets,total-assets,total-current-liabilities,long-term-debt,other-non-current-liabilities,total-long-term-liabilities,total-liabilities,common-stock-net,retained-earnings-accumulated-deficit,comprehensive-income,total-share-holder-equity,total-liabilities-share-holders-equity,net-income-loss,total-depreciation-amortization-cash-flow,other-non-cash-items,total-non-cash-items,change-in-accounts-receivable,change-in-inventories,change-in-accounts-payable,change-in-assets-liabilities,total-change-in-assets-liabilities,cash-flow-from-operating-activities,net-change-in-property-plant-equipment,net-change-in-intangible-assets,net-acquisitions-divestitures,net-change-in-short-term-investments,net-change-in-long-term-investments,net-change-in-investments-total,investing-activities-other,cash-flow-from-investing-activities,net-long-term-debt,net-current-debt,debt-issuance-retirement-net-total,net-common-equity-issued-repurchased,net-total-equity-issued-repurchased,total-common-preferred-stock-dividends-paid,financial-activities-other,cash-flow-from-financial-activities,net-cash-flow,stock-based-compensation,common-stock-dividends-paid
0,2018-09-30,2.2,$5.39,0.41,$3.60,0.61,$-1.90,0.0,$-0.91,0.0,$0.03B,$0.01B,4.83,$0.00B,$0.05B,0.0,$0.03B,$0.02B,50.00%,$0.03B,$-0.01B,-26.67%,$0.03B,$-0.01B,-26.67%,$0.03B,$-0.02B,-70.00%,$0.03B,$-0.01B,-26.67%,$0.03B,$-0.02B,-60.00%,$-0.02B,$0.05B,-33.64%,$-0.02B,$0.04B,-40.00%,$-0.02B,$0.05B,-29.51%,$-0.01B,$0.05B,-14.95%,$7,$4,$3,$2,$4,$9,$-2,$0,$-2,$8,$-10,$-10,$-10,$-2,$-2,$8,8,$-1.22,$-1.22,$4,$13,$0,$26,$1,$6,$9,$0,$25,$51,$5,$0,$1,$1,$6,$0,$-3,$-0,$45,$51,$-14,$1,$7,$9,$2,$1,$-1,$-0,$2,$-4,$-0,$-0,$0,$5,$0,$5,$-4,$1,$0,$0,$0,$-0,$-0,$-1,$0,$-1,$-3,$0,$-1
1,2018-06-30,3.85,$6.60,0.58,$4.04,0.95,$-2.40,0.0,$-2.00,0.0,$0.03B,$0.01B,5.11,$0.00B,$0.06B,0.0,$0.03B,$0.02B,55.88%,$0.03B,$-0.02B,-58.82%,$0.03B,$-0.02B,-58.82%,$0.03B,$-0.02B,-55.88%,$0.03B,$-0.02B,-55.88%,$0.03B,$-0.02B,-50.00%,$-0.02B,$0.06B,-29.44%,$-0.02B,$0.05B,-33.83%,$-0.02B,$0.06B,-25.47%,$-0.02B,$0.06B,-34.63%,$7,$4,$3,$2,$4,$10,$-3,$0,$-3,$-1,$-2,$-2,$-2,$-3,$-3,$8,8,$-0.26,$-0.26,$7,$14,$0,$29,$1,$6,$9,$0,$32,$61,$6,$0,$1,$1,$6,$0,$7,$-0,$55,$61,$-4,$1,$-0,$1,$3,$-0,$-1,$0,$2,$-2,$-0,$-0,$0,$4,$0,$4,$-2,$1,$0,$0,$0,$-0,$-0,$-1,$0,$-1,$-1,$0,$-1
2,2018-03-31,7.95,$6.85,1.16,$4.39,1.81,$-2.74,0.0,$-1.83,0.0,$0.03B,$0.01B,4.81,$0.00B,$0.06B,0.0,$0.04B,$0.02B,59.46%,$0.04B,$-0.02B,-48.65%,$0.04B,$-0.02B,-48.65%,$0.04B,$-0.02B,-45.95%,$0.04B,$-0.02B,-45.95%,$0.04B,$-0.02B,-43.24%,$-0.02B,$0.06B,-25.81%,$-0.02B,$0.05B,-30.62%,$-0.02B,$0.06B,-21.99%,$-0.02B,$0.06B,-29.03%,$7,$3,$4,$2,$4,$10,$-2,$0,$-2,$-1,$-2,$-2,$-2,$-2,$-2,$8,8,$-0.22,$-0.22,$9,$15,$0,$32,$1,$7,$8,$0,$33,$64,$7,$0,$1,$1,$7,$0,$9,$-0,$57,$64,$-2,$0,$-0,$0,$2,$-0,$0,$-0,$1,$-0,$-0,$-0,$0,$2,$0,$2,$-1,$1,$0,$0,$0,$-0,$-0,$-1,$0,$-1,$0,$0,$-1
3,2017-12-31,8.87,$6.80,1.3,$4.84,1.83,$-2.87,0.0,$-1.66,0.0,$0.03B,$0.01B,3.2,$0.00B,$0.06B,0.0,$0.04B,$0.03B,59.52%,$0.04B,$-0.02B,-40.48%,$0.04B,$-0.02B,-40.48%,$0.04B,$-0.02B,-35.71%,$0.04B,$-0.02B,-35.71%,$0.04B,$-0.01B,-33.33%,$-0.01B,$0.06B,-20.97%,$-0.01B,$0.05B,-25.69%,$-0.01B,$0.07B,-17.78%,$-0.02B,$0.06B,-25.47%,$9,$5,$5,$2,$4,$10,$-1,$0,$-1,$3,$-4,$-4,$-4,$-14,$-1,$9,9,$-0.42,$-0.42,$8,$16,$0,$34,$2,$10,$7,$0,$34,$68,$11,$0,$1,$1,$11,$0,$9,$-0,$57,$68,$-14,$1,$13,$15,$-1,$-11,$1,$0,$-10,$-9,$-1,$-0,$0,$13,$0,$13,$-2,$10,$0,$0,$0,$-5,$-5,$-2,$0,$-8,$-7,$1,$-2
4,2017-09-30,7.31,$7.30,1.0,$4.92,1.49,$-0.96,0.0,$-1.35,0.0,$0.04B,$0.01B,3.32,$0.00B,$0.06B,0.0,$0.04B,$0.03B,59.09%,$0.04B,$-0.02B,-38.64%,$0.04B,$-0.02B,-38.64%,$0.04B,$-0.00B,-4.55%,$0.04B,$-0.02B,-34.09%,$0.04B,$-0.01B,-25.00%,$-0.01B,$0.06B,-15.33%,$-0.01B,$0.06B,-19.38%,$-0.01B,$0.07B,-13.13%,$-0.02B,$0.06B,-23.69%,$11,$4,$7,$2,$4,$24,$-14,$0,$-13,$-4,$-9,$-9,$-9,$0,$-14,$9,9,$-1.09,$-1.09,$7,$21,$0,$38,$2,$16,$5,$0,$36,$74,$12,$0,$1,$1,$13,$0,$14,$-0,$62,$74,$-11,$15,$-5,$10,$-1,$-9,$2,$-0,$-7,$-8,$-1,$-0,$0,$6,$0,$6,$-1,$4,$0,$0,$0,$-4,$-4,$-2,$0,$-6,$-9,$1,$-2
5,2017-06-30,9.17,$8.47,1.08,$5.09,1.8,$0.75,12.15,$-0.13,0.0,$0.04B,$0.01B,3.53,$0.00B,$0.07B,0.0,$0.05B,$0.03B,58.70%,$0.05B,$-0.00B,-4.35%,$0.05B,$-0.00B,-4.35%,$0.05B,0,0.00%,$0.05B,0,0.00%,$0.05B,$-0.00B,-2.17%,$-0.00B,$0.07B,-1.31%,$-0.00B,$0.05B,-1.72%,$-0.00B,$0.09B,-1.14%,$-0.00B,$0.07B,-2.62%,$10,$4,$6,$2,$5,$11,$-1,$0,$-1,$-0,$-1,$-1,$-1,$-1,$-1,$9,9,$-0.09,$-0.09,$10,$19,$0,$39,$2,$20,$18,$0,$46,$85,$11,$0,$1,$1,$12,$0,$25,$-0,$72,$85,$-1,$1,$0,$1,$0,$-6,$1,$-0,$-5,$-5,$-0,$-0,$0,$1,$0,$1,$0,$0,$0,$0,$0,$-3,$-3,$-1,$0,$-4,$-9,$0,$-1
6,2017-03-31,9.61,$8.68,1.11,$5.17,1.86,$1.62,5.94,$0.06,160.17,$0.04B,$0.01B,3.76,$0.00B,$0.08B,0.0,$0.05B,$0.03B,60.42%,$0.05B,0,0.00%,$0.05B,0,0.00%,$0.05B,$0.00B,6.25%,$0.05B,$0.00B,4.17%,$0.05B,$0.00B,2.08%,$0.00B,$0.08B,1.28%,$0.00B,$0.06B,1.67%,$0.00B,$0.09B,1.12%,$0.00B,$0.08B,0.00%,$12,$5,$7,$2,$5,$12,$-1,$0,$-0,$0,$-0,$-0,$-0,$-0,$-1,$9,9,$-0.05,$-0.05,$15,$16,$0,$41,$2,$21,$18,$0,$47,$88,$11,$0,$1,$1,$12,$0,$29,$-0,$76,$88,$-0,$0,$0,$1,$0,$-3,$1,$-0,$-1,$-1,$-0,$-0,$0,$-1,$0,$-1,$0,$-1,$0,$0,$0,$-1,$-1,$-0,$0,$-1,$-3,$0,$-0
7,2016-12-31,10.96,$8.79,1.25,$5.21,2.1,$2.00,5.48,$0.25,43.84,$0.04B,$0.01B,4.31,$0.00B,$0.08B,0.0,$0.05B,$0.03B,61.22%,$0.05B,$0.00B,6.12%,$0.05B,$0.00B,6.12%,$0.05B,$0.01B,10.20%,$0.05B,$0.00B,8.16%,$0.05B,$0.00B,4.08%,$0.00B,$0.08B,2.50%,$0.00B,$0.06B,3.28%,$0.00B,$0.09B,2.20%,$0.00B,$0.08B,3.75%,$11,$5,$6,$2,$5,$12,$-1,$0,$-1,$0,$-1,$-1,$-1,$-1,$-1,$9,9,$-0.12,$-0.11,$17,$13,$0,$40,$2,$21,$18,$0,$48,$88,$9,$0,$1,$1,$11,$0,$31,$-0,$77,$88,$2,$2,$1,$3,$1,$2,$1,$-1,$2,$8,$-1,$-0,$0,$-0,$0,$-0,$0,$-1,$1,$0,$1,$-8,$-8,$-2,$1,$-8,$-1,$1,$-2
8,2016-09-30,10.75,$8.99,1.2,$5.55,1.94,$1.99,5.4,$0.53,20.28,$0.04B,$0.01B,4.38,$0.00B,$0.08B,0.0,$0.05B,$0.03B,63.46%,$0.05B,$0.01B,13.46%,$0.05B,$0.01B,13.46%,$0.05B,$0.01B,17.31%,$0.05B,$0.01B,15.38%,$0.05B,$0.01B,9.62%,$0.01B,$0.08B,6.13%,$0.01B,$0.06B,8.06%,$0.01B,$0.09B,5.42%,$0.01B,$0.08B,8.59%,$13,$5,$8,$2,$4,$11,$1,$0,$2,$0,$1,$1,$1,$2,$1,$9,9,$0.14,$0.13,$19,$14,$0,$44,$1,$21,$19,$0,$48,$91,$10,$0,$1,$1,$11,$0,$33,$0,$80,$91,$4,$1,$0,$2,$0,$1,$1,$-0,$2,$7,$-1,$0,$0,$-1,$0,$-1,$0,$-2,$1,$0,$1,$-7,$-7,$-1,$1,$-7,$-1,$0,$-1
9,2016-06-30,10.67,$8.93,1.2,$5.79,1.84,$1.89,5.63,$0.65,16.42,$0.04B,$0.01B,4.65,$0.00B,$0.08B,0.0,$0.06B,$0.04B,63.64%,$0.06B,$0.01B,18.18%,$0.06B,$0.01B,18.18%,$0.06B,$0.01B,20.00%,$0.06B,$0.01B,18.18%,$0.06B,$0.01B,10.91%,$0.01B,$0.08B,7.34%,$0.01B,$0.06B,9.64%,$0.01B,$0.09B,6.47%,$0.01B,$0.08B,12.23%,$12,$4,$8,$2,$4,$11,$1,$0,$1,$0,$1,$1,$1,$2,$1,$9,9,$0.10,$0.10,$17,$14,$0,$42,$1,$20,$19,$0,$48,$90,$9,$0,$1,$1,$11,$0,$34,$0,$80,$90,$2,$1,$-0,$1,$-1,$1,$-1,$0,$-0,$3,$-0,$0,$0,$-1,$0,$-1,$0,$-1,$0,$0,$0,$-6,$-6,$-1,$1,$-6,$-4,$0,$-1
10,2016-03-31,11.0,$8.95,1.23,$5.97,1.84,$1.91,5.75,$0.71,15.5,$0.05B,$0.01B,4.39,$0.00B,$0.08B,0.0,$0.06B,$0.04B,63.16%,$0.06B,$0.01B,19.30%,$0.06B,$0.01B,19.30%,$0.06B,$0.01B,21.05%,$0.06B,$0.01B,19.30%,$0.06B,$0.01B,12.28%,$0.01B,$0.08B,8.59%,$0.01B,$0.06B,11.34%,$0.01B,$0.09B,7.53%,$0.01B,$0.08B,13.50%,$13,$5,$8,$2,$4,$11,$2,$0,$2,$1,$1,$1,$1,$2,$2,$9,10,$0.15,$0.14,$20,$16,$0,$46,$1,$20,$19,$0,$48,$94,$11,$0,$1,$1,$12,$0,$37,$-0,$83,$94,$1,$0,$-0,$0,$1,$-1,$1,$-1,$0,$2,$-0,$0,$0,$0,$0,$0,$0,$0,$0,$0,$0,$-2,$-2,$-0,$1,$-2,$1,$0,$-0
11,2015-12-31,12.21,$8.99,1.36,$6.03,2.02,$2.00,6.11,$0.70,17.45,$0.05B,$0.01B,4.8,$0.00B,$0.08B,0.0,$0.06B,$0.04B,62.07%,$0.06B,$0.01B,18.97%,$0.06B,$0.01B,18.97%,$0.06B,$0.01B,20.69%,$0.06B,$0.01B,18.97%,$0.06B,$0.01B,12.07%,$0.01B,$0.08B,8.75%,$0.01B,$0.06B,11.62%,$0.01B,$0.09B,7.61%,$0.01B,$0.08B,13.75%,$14,$5,$9,$2,$4,$12,$3,$0,$3,$1,$2,$2,$2,$3,$3,$9,10,$0.17,$0.17,$21,$15,$0,$46,$2,$19,$19,$0,$47,$94,$10,$0,$1,$1,$11,$0,$36,$-0,$83,$94,$7,$2,$1,$3,$1,$-2,$-0,$-0,$-2,$8,$-0,$0,$0,$-0,$0,$-0,$0,$-1,$0,$0,$0,$0,$0,$-1,$0,$-1,$6,$1,$-1
12,2015-09-30,11.05,$8.90,1.24,$6.15,1.8,$1.88,5.88,$0.82,13.48,$0.05B,$0.01B,4.8,$0.00B,$0.08B,0.0,$0.06B,$0.04B,62.71%,$0.06B,$0.01B,18.64%,$0.06B,$0.01B,18.64%,$0.06B,$0.01B,22.03%,$0.06B,$0.01B,18.64%,$0.06B,$0.01B,13.56%,$0.01B,$0.08B,10.22%,$0.01B,$0.06B,13.73%,$0.01B,$0.09B,8.82%,$0.01B,$0.08B,14.06%,$16,$6,$10,$2,$5,$12,$4,$0,$4,$1,$2,$2,$2,$4,$4,$9,10,$0.26,$0.25,$19,$16,$0,$50,$2,$20,$20,$0,$44,$93,$10,$0,$1,$1,$12,$0,$36,$-0,$81,$93,$5,$1,$1,$2,$1,$-1,$-1,$-0,$-1,$6,$-0,$0,$0,$-1,$0,$-1,$0,$-1,$0,$0,$0,$0,$0,$-1,$0,$-0,$5,$1,$-1
13,2015-06-30,12.08,$8.62,1.4,$6.13,1.97,$1.78,6.8,$0.74,16.32,$0.05B,$0.01B,4.51,$0.00B,$0.08B,0.0,$0.06B,$0.04B,62.71%,$0.06B,$0.01B,16.95%,$0.06B,$0.01B,16.95%,$0.06B,$0.01B,20.34%,$0.06B,$0.01B,16.95%,$0.06B,$0.01B,13.56%,$0.01B,$0.08B,10.42%,$0.01B,$0.06B,14.22%,$0.01B,$0.09B,8.89%,$0.01B,$0.08B,13.03%,$14,$5,$9,$2,$5,$12,$2,$0,$2,$1,$2,$2,$2,$3,$2,$9,10,$0.17,$0.16,$17,$16,$0,$48,$2,$19,$20,$0,$43,$91,$11,$0,$1,$1,$12,$0,$33,$-0,$79,$91,$3,$1,$1,$2,$1,$-1,$-0,$-1,$-1,$3,$0,$0,$0,$0,$0,$0,$0,$1,$0,$0,$0,$0,$0,$-0,$0,$-0,$3,$0,$-0
14,2015-03-31,9.95,$8.46,1.18,$6.13,1.62,$1.73,5.75,$0.68,14.63,$0.05B,$0.01B,4.28,$0.00B,$0.08B,0.0,$0.06B,$0.04B,61.02%,$0.06B,$0.01B,15.25%,$0.06B,$0.01B,15.25%,$0.06B,$0.01B,18.64%,$0.06B,$0.01B,15.25%,$0.06B,$0.01B,11.86%,$0.01B,$0.08B,9.27%,$0.01B,$0.06B,12.84%,$0.01B,$0.09B,7.87%,$0.01B,$0.08B,11.92%,$14,$5,$8,$2,$5,$12,$2,$0,$2,$1,$1,$1,$1,$2,$2,$9,10,$0.14,$0.13,$18,$15,$0,$47,$2,$18,$20,$0,$42,$90,$11,$0,$1,$2,$13,$0,$32,$-0,$77,$90,$1,$0,$0,$1,$1,$-1,$1,$0,$1,$3,$-0,$0,$0,$1,$0,$1,$0,$1,$0,$0,$0,$0,$0,$0,$0,$0,$3,$0,$0
15,2014-12-31,9.12,$8.36,1.09,$6.03,1.51,$1.79,5.1,$0.60,15.19,$0.04B,$0.01B,3.81,$0.00B,$0.08B,0.0,$0.06B,$0.04B,62.07%,$0.06B,$0.01B,13.79%,$0.06B,$0.01B,13.79%,$0.06B,$0.01B,17.24%,$0.06B,$0.01B,13.79%,$0.06B,$0.01B,10.34%,$0.01B,$0.08B,8.03%,$0.01B,$0.06B,11.01%,$0.01B,$0.09B,6.82%,$0.01B,$0.08B,10.70%,$15,$5,$10,$2,$5,$12,$3,$0,$3,$1,$3,$3,$3,$4,$3,$9,10,$0.29,$0.27,$14,$14,$0,$41,$2,$19,$21,$0,$48,$89,$11,$0,$2,$2,$13,$0,$31,$-0,$76,$89,$6,$2,$1,$2,$-0,$-3,$-0,$1,$-1,$7,$-1,$-0,$-13,$-1,$0,$-1,$0,$-14,$1,$0,$1,$-3,$-3,$-1,$0,$-2,$-10,$0,$-1
16,2014-09-30,7.8,$8.17,0.95,$5.93,1.31,$-0.01,0.0,$0.51,15.29,$0.04B,$0.01B,3.6,$0.00B,$0.08B,0.0,$0.06B,$0.04B,61.40%,$0.06B,$0.01B,14.04%,$0.06B,$0.01B,14.04%,$0.06B,$0.01B,15.79%,$0.06B,$0.01B,14.04%,$0.06B,$0.01B,8.77%,$0.01B,$0.08B,6.83%,$0.01B,$0.05B,8.85%,$0.01B,$0.09B,5.81%,$0.01B,$0.08B,10.92%,$16,$6,$10,$2,$4,$13,$3,$0,$3,$1,$2,$2,$2,$3,$3,$9,10,$0.17,$0.17,$15,$13,$0,$44,$2,$20,$21,$0,$46,$90,$12,$0,$2,$3,$15,$0,$30,$0,$75,$90,$3,$1,$0,$2,$-0,$-1,$-0,$0,$1,$6,$-0,$-0,$-13,$0,$0,$0,$0,$-14,$0,$0,$0,$-1,$-1,$0,$0,$-1,$-8,$0,$0
17,2014-06-30,9.08,$8.01,1.13,$5.61,1.62,$-1.65,0.0,$0.52,17.47,$0.04B,$0.01B,3.91,$0.00B,$0.07B,0.0,$0.05B,$0.03B,60.38%,$0.05B,$0.01B,13.21%,$0.05B,$0.01B,13.21%,$0.05B,$0.01B,16.98%,$0.05B,$0.01B,13.21%,$0.05B,$0.01B,9.43%,$0.01B,$0.07B,6.97%,$0.01B,$0.05B,8.58%,$0.01B,$0.09B,5.97%,$0.01B,$0.07B,9.76%,$14,$6,$8,$2,$5,$13,$1,$0,$1,$0,$1,$1,$1,$2,$1,$9,10,$0.10,$0.09,$12,$13,$0,$41,$2,$21,$22,$0,$46,$87,$10,$0,$3,$3,$13,$0,$29,$0,$74,$87,$1,$1,$0,$1,$-1,$-1,$-1,$2,$0,$3,$-0,$-0,$-13,$-0,$0,$-0,$0,$-14,$0,$0,$0,$0,$0,$0,$0,$0,$-11,$0,$0
18,2014-03-31,9.47,$7.92,1.2,$5.39,1.76,$-3.28,0.0,$0.53,17.87,$0.04B,$0.01B,4.4,$0.00B,$0.07B,0.0,$0.05B,$0.03B,60.78%,$0.05B,$0.01B,13.73%,$0.05B,$0.01B,13.73%,$0.05B,$0.01B,17.65%,$0.05B,$0.01B,15.69%,$0.05B,$0.01B,9.80%,$0.01B,$0.07B,7.12%,$0.01B,$0.06B,8.30%,$0.01B,$0.09B,6.12%,$0.01B,$0.07B,9.96%,$13,$5,$8,$2,$5,$12,$1,$0,$1,$0,$0,$0,$0,$1,$1,$9,10,$0.05,$0.05,$12,$13,$0,$44,$2,$22,$17,$0,$42,$86,$10,$0,$2,$3,$13,$0,$29,$0,$74,$86,$0,$0,$0,$1,$1,$0,$0,$1,$2,$4,$-0,$-0,$-13,$-1,$0,$-1,$0,$-14,$0,$0,$0,$1,$1,$0,$0,$1,$-10,$0,$0
19,2013-12-31,8.1,$7.83,1.04,$5.26,1.54,$-4.95,0.0,$0.56,14.47,$0.05B,$0.01B,5.56,$0.00B,$0.07B,0.0,$0.05B,$0.03B,61.22%,$0.05B,$0.01B,14.29%,$0.05B,$0.01B,14.29%,$0.05B,$0.01B,18.37%,$0.05B,$0.01B,16.33%,$0.05B,$0.01B,12.24%,$0.01B,$0.07B,8.76%,$0.01B,$0.06B,9.88%,$0.01B,$0.08B,7.50%,$0.01B,$0.07B,10.22%,$14,$6,$9,$2,$4,$11,$3,$0,$3,$1,$2,$2,$2,$3,$3,$9,9,$0.20,$0.18,$20,$12,$0,$48,$2,$22,$7,$0,$33,$81,$9,$0,$2,$2,$11,$0,$29,$0,$70,$81,$5,$1,$1,$3,$-1,$-1,$0,$-1,$-18,$-10,$-1,$0,$0,$-26,$0,$-26,$0,$-27,$0,$0,$0,$-2,$-2,$0,$0,$-2,$-38,$0,$0
20,2013-09-30,7.49,$7.64,0.98,$5.17,1.45,$0.91,8.21,$3.04,2.46,$0.05B,$0.01B,4.57,$0.00B,$0.07B,0.0,$0.05B,$0.03B,58.33%,$0.05B,$0.04B,89.58%,$0.05B,$0.04B,89.58%,$0.05B,$0.05B,95.83%,$0.05B,$0.04B,91.67%,$0.05B,$0.03B,60.42%,$0.03B,$0.07B,42.80%,$0.03B,$0.06B,48.54%,$0.03B,$0.08B,35.05%,$0.04B,$0.07B,63.47%,$12,$5,$7,$2,$4,$10,$2,$0,$2,$1,$2,$2,$2,$3,$2,$9,9,$0.18,$0.18,$20,$12,$0,$46,$2,$23,$7,$0,$35,$81,$10,$0,$2,$2,$12,$0,$30,$-0,$69,$81,$3,$1,$1,$2,$-0,$-1,$1,$0,$-15,$-10,$-1,$0,$0,$-25,$0,$-25,$0,$-26,$0,$0,$0,$-2,$-2,$0,$0,$-2,$-37,$0,$0
21,2013-06-30,7.86,$7.45,1.06,$5.11,1.54,$2.26,3.48,$2.96,2.66,$0.06B,$0.01B,6.25,$0.00B,$0.07B,0.0,$0.05B,$0.03B,58.33%,$0.05B,$0.04B,87.50%,$0.05B,$0.04B,87.50%,$0.05B,$0.05B,93.75%,$0.05B,$0.04B,89.58%,$0.05B,$0.03B,58.33%,$0.03B,$0.07B,45.90%,$0.03B,$0.06B,52.83%,$0.03B,$0.08B,37.21%,$0.04B,$0.07B,68.85%,$12,$5,$7,$2,$4,$10,$1,$0,$2,$0,$1,$1,$1,$2,$1,$9,9,$0.11,$0.11,$33,$12,$0,$58,$2,$9,$7,$0,$21,$79,$9,$0,$2,$2,$12,$0,$28,$-0,$68,$79,$2,$0,$0,$1,$-0,$-1,$1,$0,$-15,$-13,$-0,$0,$0,$-9,$0,$-9,$0,$-10,$0,$0,$0,$-1,$-1,$0,$0,$-1,$-23,$0,$0
22,2013-03-31,8.01,$7.35,1.09,$5.14,1.56,$3.46,2.31,$2.91,2.75,$0.07B,$0.01B,6.63,$0.00B,$0.07B,0.0,$0.05B,$0.03B,58.33%,$0.05B,$0.04B,87.50%,$0.05B,$0.04B,87.50%,$0.05B,$0.05B,93.75%,$0.05B,$0.04B,87.50%,$0.05B,$0.03B,58.33%,$0.03B,$0.07B,51.61%,$0.03B,$0.06B,60.54%,$0.03B,$0.08B,41.33%,$0.04B,$0.07B,77.42%,$11,$4,$7,$2,$4,$10,$1,$-0,$1,$0,$1,$1,$1,$1,$1,$9,9,$0.08,$0.08,$43,$12,$0,$67,$2,$0,$8,$0,$12,$79,$10,$0,$2,$2,$13,$0,$27,$0,$67,$79,$1,$0,$0,$0,$0,$-1,$1,$0,$-13,$-12,$-0,$0,$0,$0,$0,$0,$0,$-0,$0,$0,$0,$-0,$-0,$0,$0,$-0,$-13,$0,$0
23,2012-12-31,3.7,$7.28,0.51,$5.03,0.74,$4.63,0.8,$2.88,1.29,$0.08B,$0.02B,3.47,$0.00B,$0.07B,0.0,$0.05B,$0.03B,57.45%,$0.05B,$0.04B,89.36%,$0.05B,$0.04B,89.36%,$0.05B,$0.05B,95.74%,$0.05B,$0.04B,89.36%,$0.05B,$0.03B,57.45%,$0.03B,$0.07B,56.84%,$0.03B,$0.06B,68.35%,$0.03B,$0.09B,44.63%,$0.04B,$0.07B,88.42%,$13,$6,$7,$2,$4,$-26,$39,$-0,$39,$15,$25,$25,$25,$40,$39,$9,9,$2.70,$2.66,$56,$11,$0,$79,$2,$0,$8,$0,$13,$92,$23,$0,$2,$2,$25,$0,$26,$0,$67,$92,$27,$2,$0,$2,$0,$0,$-1,$1,$15,$44,$-1,$0,$-5,$0,$0,$0,$0,$-5,$0,$0,$0,$0,$0,$0,$0,$0,$39,$0,$0
24,2012-09-30,3.74,$4.54,0.82,$4.91,0.76,$0.51,7.39,$0.36,10.39,$0.04B,$0.01B,5.11,$0.00B,$0.04B,0.0,$0.05B,$0.03B,58.70%,$0.05B,$0.01B,10.87%,$0.05B,$0.01B,10.87%,$0.05B,$0.01B,15.22%,$0.05B,$0.01B,10.87%,$0.05B,$0.00B,6.52%,$0.00B,$0.04B,7.36%,$0.00B,$0.03B,8.89%,$0.00B,$0.05B,6.00%,$0.01B,$0.04B,12.27%,$12,$5,$7,$2,$3,$10,$1,$0,$1,$0,$1,$1,$1,$2,$1,$9,9,$0.11,$0.11,$14,$12,$0,$38,$2,$0,$8,$0,$12,$51,$8,$0,$1,$1,$9,$0,$2,$0,$42,$51,$2,$1,$0,$1,$1,$0,$-1,$1,$-1,$3,$-0,$0,$-5,$0,$0,$0,$0,$-5,$0,$0,$0,$-0,$-0,$0,$0,$-0,$-2,$0,$0
25,2012-06-30,3.78,$4.47,0.85,$4.88,0.77,$0.43,8.72,$0.62,6.09,$0.04B,$0.01B,5.07,$0.00B,$0.04B,0.0,$0.05B,$0.03B,58.70%,$0.05B,$0.01B,19.57%,$0.05B,$0.01B,19.57%,$0.05B,$0.01B,23.91%,$0.05B,$0.01B,19.57%,$0.05B,$0.01B,10.87%,$0.01B,$0.04B,12.58%,$0.01B,$0.03B,14.81%,$0.01B,$0.05B,10.10%,$0.01B,$0.04B,22.64%,$12,$5,$7,$2,$4,$10,$1,$-0,$1,$1,$1,$1,$1,$2,$1,$9,9,$0.07,$0.07,$10,$15,$0,$37,$2,$0,$8,$0,$12,$49,$7,$0,$1,$1,$9,$0,$1,$0,$41,$49,$1,$1,$0,$1,$1,$-3,$-2,$0,$-4,$-1,$-0,$0,$-5,$0,$0,$0,$0,$-5,$0,$0,$0,$-0,$-0,$0,$0,$-0,$-6,$0,$0
26,2012-03-31,4.16,$4.42,0.94,$4.88,0.85,$0.64,6.54,$0.70,5.94,$0.04B,$0.01B,4.41,$0.00B,$0.04B,0.0,$0.05B,$0.03B,58.70%,$0.05B,$0.01B,21.74%,$0.05B,$0.01B,21.74%,$0.05B,$0.01B,23.91%,$0.05B,$0.01B,21.74%,$0.05B,$0.01B,10.87%,$0.01B,$0.04B,13.07%,$0.01B,$0.03B,15.04%,$0.01B,$0.05B,10.36%,$0.01B,$0.04B,26.14%,$10,$4,$6,$2,$4,$9,$1,$0,$1,$0,$0,$0,$0,$1,$1,$9,9,$0.05,$0.05,$11,$14,$0,$37,$2,$0,$8,$0,$13,$50,$8,$0,$1,$1,$10,$0,$0,$0,$40,$50,$0,$0,$0,$0,$1,$-2,$-1,$0,$-2,$-1,$-0,$0,$-5,$0,$0,$0,$0,$-5,$0,$0,$0,$0,$0,$0,$0,$0,$-6,$0,$0
27,2011-12-31,3.99,$4.36,0.92,$4.95,0.81,$1.02,3.92,$0.74,5.39,$0.04B,$0.01B,4.73,$0.00B,$0.04B,0.0,$0.05B,$0.03B,57.45%,$0.05B,$0.01B,21.28%,$0.05B,$0.01B,21.28%,$0.05B,$0.01B,25.53%,$0.05B,$0.01B,21.28%,$0.05B,$0.01B,12.77%,$0.01B,$0.04B,16.44%,$0.01B,$0.04B,18.46%,$0.01B,$0.05B,12.77%,$0.01B,$0.04B,27.40%,$12,$5,$7,$2,$3,$10,$2,$0,$2,$1,$1,$1,$1,$2,$2,$9,9,$0.16,$0.16,$17,$13,$0,$41,$2,$0,$4,$0,$8,$50,$9,$0,$1,$1,$10,$0,$-0,$0,$40,$50,$7,$1,$2,$3,$1,$-3,$1,$-1,$-4,$6,$-0,$0,$-1,$0,$0,$0,$0,$-1,$0,$0,$0,$1,$1,$0,$0,$1,$5,$0,$0
28,2011-09-30,4.55,$4.19,1.08,$5.08,0.9,$0.83,5.45,$0.68,6.68,$0.04B,$0.01B,4.16,$0.00B,$0.04B,0.0,$0.05B,$0.03B,58.33%,$0.05B,$0.01B,16.67%,$0.05B,$0.01B,16.67%,$0.05B,$0.01B,20.83%,$0.05B,$0.01B,16.67%,$0.05B,$0.01B,12.50%,$0.01B,$0.04B,17.39%,$0.01B,$0.03B,19.67%,$0.01B,$0.05B,13.19%,$0.01B,$0.04B,23.19%,$12,$5,$7,$2,$4,$6,$5,$-0,$5,$2,$3,$3,$3,$6,$5,$9,9,$0.37,$0.36,$13,$12,$0,$41,$3,$0,$4,$0,$8,$49,$10,$0,$1,$1,$11,$0,$-2,$0,$38,$49,$6,$1,$-2,$-1,$1,$-2,$-0,$-1,$-2,$2,$-0,$0,$-1,$0,$0,$0,$0,$-1,$0,$0,$0,$1,$1,$0,$0,$1,$2,$0,$0
29,2011-06-30,6.06,$3.83,1.58,$4.98,1.22,$1.05,5.76,$0.43,14.09,$0.04B,$0.01B,4.05,$0.00B,$0.04B,0.0,$0.05B,$0.03B,58.70%,$0.05B,$0.00B,8.70%,$0.05B,$0.00B,8.70%,$0.05B,$0.01B,10.87%,$0.05B,$0.00B,8.70%,$0.05B,$0.00B,8.70%,$0.00B,$0.04B,12.21%,$0.00B,$0.03B,13.91%,$0.00B,$0.04B,9.14%,$0.00B,$0.04B,12.21%,$12,$5,$7,$2,$3,$10,$2,$0,$2,$1,$1,$1,$1,$2,$2,$9,9,$0.15,$0.14,$12,$10,$0,$35,$3,$0,$3,$0,$9,$44,$9,$0,$0,$1,$10,$0,$-5,$0,$35,$44,$2,$1,$0,$1,$1,$-1,$0,$-1,$-2,$0,$-0,$0,$0,$0,$0,$0,$0,$-0,$0,$0,$0,$1,$1,$0,$0,$1,$1,$0,$0
30,2011-03-31,6.23,$3.65,1.71,$4.82,1.29,$1.36,4.56,$0.33,18.87,$0.04B,$0.01B,3.13,$0.00B,$0.03B,0.0,$0.04B,$0.03B,59.09%,$0.04B,$0.00B,6.82%,$0.04B,$0.00B,6.82%,$0.04B,$0.00B,9.09%,$0.04B,$0.00B,6.82%,$0.04B,$0.00B,6.82%,$0.00B,$0.03B,9.52%,$0.00B,$0.03B,10.91%,$0.00B,$0.05B,6.98%,$0.00B,$0.03B,9.52%,$11,$4,$6,$2,$3,$9,$1,$0,$1,$0,$1,$1,$1,$2,$1,$9,9,$0.09,$0.09,$13,$10,$0,$36,$3,$0,$3,$0,$9,$45,$11,$0,$0,$1,$12,$0,$-7,$0,$33,$45,$1,$0,$-0,$0,$1,$-0,$1,$0,$1,$2,$-0,$0,$0,$0,$0,$0,$0,$-0,$0,$0,$0,$0,$0,$0,$0,$0,$2,$0,$0
31,2010-12-31,3.54,$3.55,1.0,$4.57,0.77,$1.32,2.68,$0.26,13.61,$0.03B,$0.01B,3.02,$0.00B,$0.03B,0.0,$0.04B,$0.03B,60.98%,$0.04B,$0.00B,4.88%,$0.04B,$0.00B,4.88%,$0.04B,$0.00B,7.32%,$0.04B,$0.00B,4.88%,$0.04B,$0.00B,4.88%,$0.00B,$0.03B,6.56%,$0.00B,$0.03B,7.48%,$0.00B,$0.04B,4.79%,$0.00B,$0.03B,6.56%,$13,$5,$8,$2,$6,$13,$0,$0,$0,$-1,$1,$1,$1,$0,$0,$9,9,$0.10,$0.10,$11,$9,$0,$34,$3,$0,$3,$0,$10,$44,$11,$0,$0,$1,$12,$0,$-7,$0,$32,$44,$2,$1,$0,$1,$-3,$1,$0,$-1,$1,$4,$-1,$0,$0,$0,$0,$0,$0,$-0,$-2,$0,$-2,$0,$0,$0,$0,$-2,$2,$0,$0
32,2010-09-30,3.16,$3.46,0.91,$3.16,1.0,$0.92,3.45,$0.17,18.59,$0.03B,$0.01B,3.08,$0.00B,$0.03B,0.0,$0.03B,$0.02B,60.71%,$0.03B,$0.00B,7.14%,$0.03B,$0.00B,7.14%,$0.03B,$0.00B,10.71%,$0.03B,$0.00B,7.14%,$0.03B,$0.00B,3.57%,$0.00B,$0.03B,3.36%,$0.00B,$0.03B,3.85%,$0.00B,$0.04B,2.42%,$0.00B,$0.03B,6.72%,$10,$4,$6,$2,$3,$10,$1,$0,$1,$-0,$1,$1,$1,$1,$1,$9,9,$0.11,$0.11,$12,$6,$0,$30,$3,$0,$4,$0,$11,$42,$10,$0,$0,$1,$11,$0,$-8,$0,$31,$42,$2,$1,$1,$2,$-2,$2,$0,$-0,$1,$4,$-1,$0,$0,$0,$0,$0,$0,$-0,$-2,$0,$-2,$0,$0,$0,$0,$-2,$2,$0,$0
33,2010-06-30,2.77,$3.34,0.83,$2.87,0.97,$0.31,9.03,$0.06,46.2,$0.03B,$0.01B,3.04,$0.00B,$0.03B,0.0,$0.03B,$0.02B,57.69%,$0.03B,0,0.00%,$0.03B,0,0.00%,$0.03B,$0.00B,7.69%,$0.03B,0,0.00%,$0.03B,0,0.00%,$0.00B,$0.03B,0.00%,$0.00B,$0.03B,0.00%,$0.00B,$0.04B,0.00%,$0.00B,$0.03B,0.00%,$10,$4,$6,$2,$3,$9,$1,$0,$1,$0,$0,$0,$0,$1,$1,$9,9,$0.04,$0.04,$11,$6,$0,$29,$3,$0,$4,$0,$12,$41,$10,$0,$1,$2,$11,$0,$-9,$0,$30,$41,$1,$1,$0,$1,$-2,$2,$1,$1,$2,$4,$-1,$0,$0,$0,$0,$0,$0,$-0,$-2,$0,$-2,$0,$0,$0,$0,$-2,$1,$0,$0
34,2010-03-31,2.79,$3.29,0.85,$2.55,1.09,$0.00,0.0,$-0.02,0.0,$0.03B,$0.01B,3.09,$0.00B,$0.03B,0.0,$0.02B,$0.01B,52.17%,$0.02B,$-0.00B,-8.70%,$0.02B,$-0.00B,-8.70%,$0.02B,0,0.00%,$0.02B,$-0.00B,-8.70%,$0.02B,0,0.00%,$0.00B,$0.03B,0.00%,$0.00B,$0.03B,0.00%,$0.00B,$0.04B,0.00%,$-0.00B,$0.03B,-7.02%,$8,$3,$5,$2,$3,$8,$0,$-0,$0,$0,$0,$0,$0,$1,$0,$9,9,$0.02,$0.02,$9,$6,$0,$26,$3,$0,$4,$0,$13,$40,$9,$0,$1,$2,$10,$0,$-10,$0,$29,$40,$0,$0,$0,$0,$-0,$1,$-1,$1,$1,$2,$-0,$0,$0,$0,$0,$0,$0,$0,$-2,$0,$-2,$0,$0,$0,$0,$-2,$-0,$0,$0
35,2009-12-31,2.92,$0.00,0.0,$2.47,1.18,$-0.20,0.0,0,0.0,$0.03B,$0.01B,2.51,$0.00B,$0.03B,0.0,$0.02B,$0.01B,47.83%,$0.02B,$-0.00B,-8.70%,$0.02B,$-0.00B,-8.70%,$0.02B,0,0.00%,$0.02B,$-0.00B,-8.70%,$0.02B,0,0.00%,$0.00B,$0.03B,0.00%,$0.00B,$0.03B,0.00%,$0.00B,$0.04B,0.00%,$-0.00B,$0.03B,-7.02%,$0,$0,$0,$0,$0,$0,$0,$0,$0,$0,$0,$0,$0,$0,$0,$0,0,$0.00,$0.00,$9,$6,$0,$27,$3,$0,$4,$0,$15,$42,$11,$0,$1,$2,$12,$0,$-10,$0,$29,$42,$0,$0,$0,$0,$0,$0,$0,$0,$0,$0,$0,$0,$0,$0,$0,$0,$0,$0,$0,$0,$0,$0,$0,$0,$0,$0,$0,$0,$0
36,2009-09-30,2.51,$3.17,0.79,$3.58,0.7,$-0.52,0.0,$0.07,35.9,$0.03B,$0.01B,3.11,$0.00B,$0.03B,0.0,$0.03B,$0.02B,51.52%,$0.03B,$0.01B,24.24%,$0.03B,$-0.00B,-6.06%,$0.03B,$0.01B,30.30%,$0.03B,$-0.00B,-3.03%,$0.03B,$0.00B,3.03%,$0.00B,$0.03B,3.54%,$0.00B,$0.03B,3.54%,$0.00B,$0.04B,2.50%,$0.01B,$0.03B,28.32%,$8,$4,$4,$2,$3,$8,$-1,$0,$-1,$-0,$-0,$-0,$-0,$-0,$-1,$9,9,$-0.03,$-0.03,$10,$10,$0,$31,$3,$0,$0,$0,$9,$40,$10,$0,$1,$2,$12,$0,$-10,$0,$28,$40,$-0,$1,$2,$3,$0,$-3,$1,$-0,$-3,$-1,$-1,$0,$0,$7,$0,$7,$0,$7,$0,$0,$0,$0,$0,$0,$0,$0,$6,$0,$0
37,2009-06-30,2.67,$3.19,0.84,$3.82,0.7,$-0.32,0.0,$0.18,14.83,$0.03B,$0.01B,2.66,$0.00B,$0.03B,0.0,$0.04B,$0.02B,55.56%,$0.04B,$0.01B,30.56%,$0.04B,$0.00B,2.78%,$0.04B,$0.01B,33.33%,$0.04B,$0.00B,5.56%,$0.04B,$0.00B,8.33%,$0.00B,$0.03B,10.81%,$0.00B,$0.03B,10.81%,$0.00B,$0.04B,7.55%,$0.01B,$0.03B,39.64%,$7,$4,$3,$2,$3,$8,$-1,$0,$-1,$-0,$-0,$-0,$-0,$-1,$-1,$9,9,$-0.04,$-0.04,$12,$7,$0,$28,$3,$0,$0,$0,$13,$41,$11,$0,$1,$2,$12,$0,$-10,$0,$28,$41,$-0,$0,$2,$3,$2,$-4,$2,$-1,$-2,$0,$0,$-0,$0,$7,$0,$7,$0,$7,$0,$0,$0,$0,$0,$0,$0,$0,$7,$0,$0
38,2009-03-31,2.77,$3.22,0.86,$3.04,0.91,$-0.35,0.0,$0.22,12.6,$0.04B,$0.01B,4.02,$0.00B,$0.03B,0.0,$0.03B,$0.02B,58.62%,$0.03B,$0.01B,41.38%,$0.03B,$0.00B,6.90%,$0.03B,$0.01B,44.83%,$0.03B,$0.00B,10.34%,$0.03B,$0.00B,10.34%,$0.00B,$0.03B,10.43%,$0.00B,$0.03B,10.43%,$0.00B,$0.04B,7.41%,$0.01B,$0.03B,41.74%,$8,$4,$4,$2,$2,$7,$0,$0,$0,$0,$0,$0,$0,$1,$0,$9,9,$0.04,$0.04,$12,$14,$0,$36,$3,$0,$0,$0,$4,$39,$9,$0,$1,$2,$11,$0,$-10,$-0,$29,$39,$0,$0,$1,$1,$2,$-1,$1,$-1,$-1,$-0,$-0,$0,$0,$9,$0,$9,$0,$9,$0,$0,$0,$0,$0,$0,$0,$0,$9,$0,$0
39,2008-12-31,3.63,$3.17,1.15,$3.05,1.19,$-0.16,0.0,$0.28,12.97,$0.04B,$0.01B,3.64,$0.00B,$0.03B,0.0,$0.03B,$0.02B,63.33%,$0.03B,$0.01B,43.33%,$0.03B,$0.00B,10.00%,$0.03B,$0.01B,46.67%,$0.03B,$0.00B,13.33%,$0.03B,$0.00B,13.33%,$0.00B,$0.03B,13.91%,$0.00B,$0.03B,13.91%,$0.00B,$0.04B,9.82%,$0.01B,$0.03B,45.22%,$10,$4,$6,$2,$0,$0,$10,$0,$1,$0,$0,$1,$1,$10,$0,$9,9,$0.07,$0.07,$12,$13,$0,$37,$3,$0,$0,$0,$4,$40,$10,$0,$1,$2,$12,$0,$-10,$0,$28,$40,$2,$0,$1,$1,$-1,$-5,$-0,$1,$-5,$-2,$-1,$0,$0,$9,$0,$9,$0,$8,$0,$0,$0,$-7,$-7,$0,$-0,$-7,$-1,$0,$0
40,2008-09-30,4.35,$2.98,1.46,$2.92,1.49,$0.26,16.91,$0.37,11.76,$0.02B,$0.01B,2.24,$0.00B,$0.03B,0.0,$0.03B,$0.02B,61.29%,$0.03B,$0.01B,45.16%,$0.03B,$0.00B,9.68%,$0.03B,$0.02B,48.39%,$0.03B,$0.01B,16.13%,$0.03B,$0.01B,16.13%,$0.01B,$0.03B,17.09%,$0.01B,$0.03B,17.09%,$0.01B,$0.04B,12.12%,$0.01B,$0.03B,47.86%,$11,$4,$7,$2,$3,$9,$2,$0,$2,$1,$2,$2,$2,$2,$2,$10,10,$0.15,$0.15,$2,$11,$1,$24,$3,$11,$0,$0,$15,$39,$11,$0,$1,$2,$13,$0,$-11,$-1,$26,$39,$2,$0,$1,$1,$0,$-3,$0,$-1,$-2,$0,$-0,$0,$0,$5,$0,$5,$0,$5,$0,$0,$0,$-7,$-7,$0,$0,$-7,$-2,$0,$0
41,2008-06-30,3.64,$0.00,0.0,$2.69,1.35,$0.35,10.4,$0.18,20.22,$0.03B,$0.01B,2.78,$0.00B,$0.03B,0.0,$0.03B,$0.02B,58.62%,$0.03B,$0.01B,37.93%,$0.03B,0,0.00%,$0.03B,$0.01B,41.38%,$0.03B,$0.00B,6.90%,$0.03B,$0.00B,6.90%,$0.00B,$0.03B,6.67%,$0.00B,$0.03B,6.67%,$0.00B,$0.04B,4.73%,$0.01B,$0.03B,36.67%,$0,$0,$0,$0,$0,$0,$0,$0,$0,$0,$0,$0,$0,$0,$0,$0,0,$0.00,$0.00,$9,$8,$1,$29,$3,$11,$0,$0,$15,$44,$10,$0,$1,$2,$12,$0,$-12,$-1,$32,$44,$0,$0,$0,$0,$0,$0,$0,$0,$0,$0,$0,$0,$0,$0,$0,$0,$0,$0,$0,$0,$0,$0,$0,$0,$0,$0,$0,$0,$0
42,2008-03-31,4.39,$2.79,1.57,$2.69,1.63,$0.35,12.54,$0.18,24.38,$0.03B,$0.01B,2.99,$0.00B,$0.03B,0.0,$0.03B,$0.02B,58.62%,$0.03B,$0.01B,37.93%,$0.03B,0,0.00%,$0.03B,$0.01B,41.38%,$0.03B,$0.00B,6.90%,$0.03B,$0.00B,6.90%,$0.00B,$0.03B,6.78%,$0.00B,$0.03B,6.78%,$0.00B,$0.04B,4.82%,$0.01B,$0.03B,37.29%,$9,$3,$6,$2,$3,$8,$1,$0,$1,$0,$1,$1,$1,$2,$1,$11,11,$0.10,$0.10,$9,$7,$1,$25,$3,$11,$0,$0,$14,$40,$9,$0,$1,$2,$10,$0,$-16,$-1,$29,$40,$2,$1,$1,$1,$1,$-0,$0,$-2,$-1,$2,$-1,$-0,$0,$7,$0,$7,$0,$6,$0,$0,$0,$-3,$-3,$0,$0,$-3,$6,$1,$0
43,2007-12-31,5.01,$2.81,1.78,$2.68,1.87,$0.66,7.62,$0.19,26.36,$0.04B,$0.01B,4.18,$0.00B,$0.03B,0.0,$0.03B,$0.02B,55.17%,$0.03B,$0.01B,37.93%,$0.03B,0,0.00%,$0.03B,$0.01B,37.93%,$0.03B,$0.00B,6.90%,$0.03B,$0.00B,6.90%,$0.00B,$0.03B,6.84%,$0.00B,$0.03B,6.84%,$0.00B,$0.04B,4.85%,$0.01B,$0.03B,37.61%,$11,$4,$6,$2,$0,$0,$11,$0,$2,$0,$0,$2,$2,$11,$0,$11,11,$0.16,$0.16,$23,$7,$1,$39,$3,$0,$0,$0,$3,$42,$9,$0,$1,$2,$11,$0,$-17,$0,$30,$42,$1,$0,$1,$1,$0,$0,$-0,$-1,$-0,$2,$-0,$0,$0,$0,$0,$0,$0,$-0,$0,$0,$0,$-1,$-1,$0,$0,$-1,$0,$0,$0
44,2007-09-30,6.7,$2.68,2.5,$2.54,2.64,$0.62,10.85,$0.12,55.82,$0.04B,$0.01B,3.49,$0.00B,$0.03B,0.0,$0.03B,$0.02B,53.57%,$0.03B,$0.01B,35.71%,$0.03B,0,0.00%,$0.03B,$0.01B,35.71%,$0.03B,$0.00B,3.57%,$0.03B,$0.00B,3.57%,$0.00B,$0.03B,3.48%,$0.00B,$0.03B,3.48%,$0.00B,$0.04B,2.48%,$0.01B,$0.03B,34.78%,$9,$4,$5,$2,$4,$11,$-1,$0,$-1,$0,$-1,$-1,$-1,$-1,$-1,$11,11,$-0.08,$-0.08,$24,$7,$0,$40,$3,$0,$0,$0,$3,$43,$11,$0,$1,$2,$13,$0,$-18,$0,$29,$43,$-1,$0,$1,$1,$-0,$-1,$1,$1,$1,$1,$-0,$0,$0,$-1,$0,$-1,$0,$-1,$0,$0,$0,$-0,$-0,$0,$0,$-0,$-0,$0,$0
45,2007-06-30,4.34,$0.00,0.0,$2.46,1.77,$0.53,8.26,$0.26,16.7,$0.04B,$0.01B,4.19,$0.00B,$0.03B,0.0,$0.03B,$0.02B,53.57%,$0.03B,$0.01B,39.29%,$0.03B,$0.00B,3.57%,$0.03B,$0.01B,39.29%,$0.03B,$0.00B,10.71%,$0.03B,$0.00B,10.71%,$0.00B,$0.03B,10.26%,$0.00B,$0.03B,10.26%,$0.00B,$0.04B,7.59%,$0.01B,$0.03B,37.61%,$0,$0,$0,$0,$0,$0,$0,$0,$0,$0,$0,$0,$0,$0,$0,$0,0,$0.00,$0.00,$23,$7,$0,$38,$3,$0,$0,$0,$3,$41,$9,$0,$1,$1,$11,$0,$-17,$0,$30,$41,$0,$0,$0,$0,$0,$0,$0,$0,$0,$0,$0,$0,$0,$0,$0,$0,$0,$0,$0,$0,$0,$0,$0,$0,$0,$0,$0,$0,$0
46,2007-03-31,5.99,$2.59,2.31,$2.46,2.44,$0.53,11.39,$0.26,23.03,$0.04B,$0.01B,3.9,$0.00B,$0.03B,0.0,$0.03B,$0.02B,53.57%,$0.03B,$0.01B,39.29%,$0.03B,$0.00B,3.57%,$0.03B,$0.01B,39.29%,$0.03B,$0.00B,10.71%,$0.03B,$0.00B,10.71%,$0.00B,$0.03B,10.26%,$0.00B,$0.03B,10.26%,$0.00B,$0.04B,7.55%,$0.01B,$0.03B,37.61%,$9,$4,$5,$2,$3,$9,$1,$1,$1,$0,$1,$1,$1,$1,$1,$11,11,$0.11,$0.11,$22,$7,$0,$36,$3,$0,$0,$0,$3,$39,$9,$0,$1,$2,$11,$0,$-19,$0,$28,$39,$3,$1,$1,$2,$1,$-1,$-1,$-1,$1,$6,$-1,$0,$0,$-0,$0,$-0,$1,$0,$0,$0,$0,$-6,$-6,$0,$0,$-6,$0,$1,$0
47,2006-12-31,4.01,$2.52,1.59,$2.29,1.75,$0.15,26.89,$0.19,21.1,$0.04B,$0.01B,3.9,$0.00B,$0.03B,0.0,$0.03B,$0.01B,51.85%,$0.03B,$0.01B,33.33%,$0.03B,$-0.00B,-3.70%,$0.03B,$0.01B,37.04%,$0.03B,$0.00B,3.70%,$0.03B,$0.00B,11.11%,$0.00B,$0.03B,10.00%,$0.00B,$0.03B,10.08%,$0.00B,$0.04B,7.50%,$0.01B,$0.03B,30.00%,$10,$5,$5,$2,$0,$0,$10,$0,$1,$0,$0,$1,$1,$10,$0,$12,12,$0.09,$0.09,$18,$6,$0,$35,$3,$0,$0,$0,$3,$38,$9,$0,$0,$1,$10,$0,$-21,$0,$28,$38,$2,$0,$1,$1,$0,$0,$-1,$-2,$-2,$1,$-1,$0,$0,$4,$0,$4,$1,$4,$0,$0,$0,$-5,$-5,$0,$0,$-5,$1,$0,$0
