,Date,Stock Price,Book Value per Share,Price to Book Ratio,TTM Sales per Share,Price to Sales Ratio,TTM FCF per Share,Price to FCF Ratio,TTM Net EPS,PE Ratio,Current Assets,Current Liabilities,Current Ratio,Long Term Debt,Shareholder's Equity_x,Debt to Equity Ratio,TTM Revenue_x,TTM Gross Profit,Gross Margin,TTM Revenue_y,TTM Operating Income,Operating Margin,TTM Revenue_x,TTM EBIT,EBIT Margin,TTM Revenue_y,TTM EBITDA,EBITDA Margin,TTM Revenue_x,TTM Pre-Tax Income,Pre-Tax Margin,TTM Revenue_y,TTM Net Income_x,Net Margin,TTM Net Income_y,Shareholder's Equity_y,Return on Equity,TTM Net Income_x,Tangible Equity,Return on Tangible Equity,TTM Net Income_y,Total Assets,Return on Assets,TTM Net Income,LT Investments & Debt,Return on Investment,revenue,cost-goods-sold,gross-profit,research-development-expenses,selling-general-administrative-expenses,operating-expenses,operating-income,total-non-operating-income-expense,pre-tax-income,total-provision-income-taxes,income-after-taxes,income-from-continuous-operations,net-income,ebitda,ebit,basic-shares-outstanding,shares-outstanding,eps-basic-net-earnings-per-share,eps-earnings-per-share-diluted,cash-on-hand,inventory,other-current-assets,total-current-assets,net-property-plant-equipment,long-term-investments,goodwill-intangible-assets-total,other-long-term-assets,total-long-term-assets,total-assets,total-current-liabilities,long-term-debt,other-non-current-liabilities,total-long-term-liabilities,total-liabilities,common-stock-net,retained-earnings-accumulated-deficit,comprehensive-income,total-share-holder-equity,total-liabilities-share-holders-equity,net-income-loss,total-depreciation-amortization-cash-flow,other-non-cash-items,total-non-cash-items,change-in-accounts-receivable,change-in-inventories,change-in-accounts-payable,change-in-assets-liabilities,total-change-in-assets-liabilities,cash-flow-from-operating-activities,net-change-in-property-plant-equipment,net-change-in-intangible-assets,net-acquisitions-divestitures,net-change-in-short-term-investments,net-change-in-long-term-investments,net-change-in-investments-total,investing-activities-other,cash-flow-from-investing-activities,net-long-term-debt,net-current-debt,debt-issuance-retirement-net-total,net-common-equity-issued-repurchased,net-total-equity-issued-repurchased,total-common-preferred-stock-dividends-paid,financial-activities-other,cash-flow-from-financial-activities,net-cash-flow,stock-based-compensation,common-stock-dividends-paid
0,2018-09-30,29.7,$38.16,0.78,$104.58,0.28,$-3.58,0.0,$7.54,3.94,$0.49B,$0.45B,1.1,$0.67B,$0.63B,1.07,$1.73B,$0.20B,11.66%,$1.73B,$0.11B,6.06%,$1.73B,$0.11B,6.06%,$1.73B,$0.21B,11.89%,$1.73B,$0.07B,3.93%,$1.73B,$0.13B,7.22%,$0.13B,$0.63B,21.05%,$0.13B,$0.37B,38.61%,$0.13B,$1.98B,6.66%,$0.11B,$1.30B,8.83%,$426,$376,$50,$0,$26,$380,$47,$-9,$38,$4,$34,$34,$34,$72,$47,$16,17,$2.09,$2.08,$77,$263,$6,$493,$1206,$0,$256,$25,$1488,$1980,$449,$671,$41,$903,$1352,$0,$675,$-53,$628,$1980,$44,$76,$-18,$58,$0,$0,$0,$7,$21,$121,$-174,$0,$71,$0,$0,$0,$1,$-102,$45,$0,$45,$0,$0,$0,$-1,$44,$63,$3,$0
1,2018-06-30,23.1,$35.88,0.64,$104.58,0.22,$0.55,41.97,$5.51,4.19,$0.45B,$0.53B,0.86,$0.57B,$0.59B,0.97,$1.73B,$0.19B,11.08%,$1.73B,$0.06B,3.64%,$1.73B,$0.06B,3.64%,$1.73B,$0.17B,9.52%,$1.73B,$0.03B,1.62%,$1.73B,$0.09B,5.31%,$0.09B,$0.59B,16.48%,$0.09B,$0.32B,32.54%,$0.09B,$1.92B,5.07%,$0.06B,$1.16B,5.58%,$432,$387,$45,$0,$27,$414,$18,$-9,$9,$3,$7,$7,$7,$44,$18,$16,17,$0.42,$0.42,$53,$262,$8,$451,$1171,$0,$273,$24,$1468,$1919,$525,$571,$41,$804,$1329,$0,$641,$-54,$591,$1919,$10,$50,$3,$54,$0,$0,$0,$36,$48,$111,$-79,$0,$0,$0,$0,$0,$1,$-78,$5,$0,$5,$0,$0,$0,$-1,$4,$38,$0,$0
2,2018-03-31,39.1,$35.28,1.11,$104.38,0.37,$-0.32,0.0,$5.57,7.02,$0.44B,$0.43B,1.03,$0.57B,$0.58B,0.98,$1.73B,$0.20B,11.32%,$1.73B,$0.06B,3.70%,$1.73B,$0.06B,3.70%,$1.73B,$0.17B,9.59%,$1.73B,$0.03B,1.79%,$1.73B,$0.09B,5.37%,$0.09B,$0.58B,17.50%,$0.09B,$0.31B,36.61%,$0.09B,$1.81B,5.30%,$0.06B,$1.15B,5.81%,$437,$392,$45,$0,$33,$425,$12,$-9,$2,$-0,$3,$3,$3,$37,$12,$16,17,$0.16,$0.16,$12,$259,$9,$437,$1078,$0,$275,$23,$1375,$1812,$425,$571,$45,$806,$1231,$0,$634,$-55,$581,$1812,$3,$25,$1,$26,$0,$0,$0,$1,$3,$31,$-48,$0,$0,$0,$0,$0,$1,$-48,$14,$0,$14,$0,$0,$0,$-0,$13,$-4,$1,$0
3,2017-12-31,45.4,$34.99,1.3,$104.31,0.44,$0.94,48.44,$5.86,7.75,$0.45B,$0.42B,1.08,$0.57B,$0.58B,0.99,$1.73B,$0.20B,11.61%,$1.73B,$0.07B,4.21%,$1.73B,$0.07B,4.21%,$1.73B,$0.18B,10.22%,$1.73B,$0.04B,2.42%,$1.73B,$0.10B,5.66%,$0.10B,$0.58B,19.42%,$0.10B,$0.30B,43.51%,$0.10B,$1.80B,5.70%,$0.07B,$1.15B,6.79%,$437,$375,$62,$0,$34,$409,$28,$-9,$19,$-62,$81,$81,$81,$53,$28,$16,17,$4.91,$4.90,$16,$266,$9,$453,$1051,$0,$277,$22,$1349,$1802,$419,$571,$46,$808,$1227,$0,$618,$-44,$575,$1802,$97,$105,$-34,$71,$0,$0,$0,$22,$11,$178,$-199,$0,$0,$0,$0,$0,$0,$-199,$20,$0,$20,$-5,$-5,$0,$-1,$14,$-7,$4,$0
4,2017-09-30,49.25,$29.60,1.66,$102.81,0.48,$3.23,15.23,$1.54,31.98,$0.42B,$0.38B,1.11,$0.57B,$0.49B,1.17,$1.72B,$0.20B,11.39%,$1.72B,$0.07B,4.01%,$1.72B,$0.07B,4.01%,$1.72B,$0.17B,10.05%,$1.72B,$0.04B,2.27%,$1.72B,$0.03B,1.51%,$0.03B,$0.49B,5.43%,$0.03B,$0.21B,13.21%,$0.03B,$1.73B,1.54%,$0.07B,$1.06B,6.58%,$427,$387,$40,$0,$35,$421,$5,$-7,$-2,$-3,$1,$1,$1,$31,$5,$16,17,$0.05,$0.05,$8,$258,$6,$423,$1015,$0,$279,$12,$1306,$1729,$381,$570,$43,$862,$1243,$0,$537,$-51,$486,$1729,$16,$79,$19,$98,$0,$0,$0,$44,$39,$152,$-137,$0,$0,$0,$0,$0,$1,$-136,$-25,$0,$-25,$-5,$-5,$0,$-1,$-31,$-15,$3,$0
5,2017-06-30,46.75,$29.43,1.59,$102.58,0.46,$4.25,11.0,$1.54,30.36,$0.40B,$0.34B,1.17,$0.57B,$0.48B,1.18,$1.73B,$0.20B,11.28%,$1.73B,$0.07B,4.22%,$1.73B,$0.07B,4.22%,$1.73B,$0.17B,10.06%,$1.73B,$0.04B,2.49%,$1.73B,$0.03B,1.50%,$0.03B,$0.48B,5.48%,$0.03B,$0.20B,12.61%,$0.03B,$1.68B,1.58%,$0.07B,$1.05B,6.99%,$430,$381,$49,$0,$29,$411,$19,$-7,$12,$4,$8,$8,$8,$45,$19,$16,17,$0.49,$0.48,$9,$243,$8,$396,$991,$0,$281,$11,$1283,$1679,$340,$570,$43,$855,$1195,$0,$585,$-51,$484,$1679,$16,$54,$6,$60,$0,$0,$0,$24,$28,$104,$-86,$0,$0,$0,$0,$0,$0,$-85,$-27,$0,$-27,$-5,$-5,$0,$-1,$-33,$-14,$0,$0
6,2017-03-31,56.0,$28.82,1.94,$102.02,0.55,$5.44,10.3,$2.27,24.67,$0.41B,$0.34B,1.22,$0.57B,$0.47B,1.2,$1.74B,$0.22B,12.73%,$1.74B,$0.09B,5.41%,$1.74B,$0.09B,5.41%,$1.74B,$0.19B,11.00%,$1.74B,$0.06B,3.69%,$1.74B,$0.04B,2.25%,$0.04B,$0.47B,8.22%,$0.04B,$0.19B,17.77%,$0.04B,$1.67B,2.43%,$0.09B,$1.04B,9.00%,$438,$387,$50,$0,$30,$417,$21,$-8,$13,$5,$8,$8,$8,$48,$21,$16,17,$0.46,$0.45,$16,$241,$11,$414,$960,$0,$283,$9,$1251,$1665,$340,$570,$43,$851,$1191,$0,$577,$-51,$474,$1665,$8,$28,$4,$32,$0,$0,$0,$-1,$5,$46,$-42,$0,$0,$0,$0,$0,$0,$-42,$-5,$0,$-5,$-5,$-5,$0,$-1,$-11,$-7,$0,$0
7,2016-12-31,65.55,$28.50,2.3,$100.57,0.65,$6.27,10.46,$2.87,22.84,$0.45B,$0.37B,1.22,$0.57B,$0.47B,1.21,$1.74B,$0.24B,13.83%,$1.74B,$0.11B,6.40%,$1.74B,$0.11B,6.40%,$1.74B,$0.20B,11.64%,$1.74B,$0.08B,4.67%,$1.74B,$0.05B,2.82%,$0.05B,$0.47B,10.36%,$0.05B,$0.19B,21.14%,$0.05B,$1.68B,3.13%,$0.11B,$1.04B,10.65%,$426,$369,$57,$0,$33,$401,$24,$-8,$16,$7,$9,$9,$9,$49,$24,$17,17,$0.59,$0.59,$23,$258,$9,$446,$945,$0,$285,$8,$1238,$1684,$367,$570,$44,$848,$1214,$0,$570,$-52,$470,$1684,$50,$91,$32,$123,$0,$0,$0,$-3,$2,$173,$-155,$0,$-67,$0,$0,$0,$0,$-223,$135,$0,$135,$-65,$-65,$0,$-3,$67,$17,$12,$0
8,2016-09-30,64.67,$28.17,2.3,$98.62,0.66,$6.91,9.35,$2.96,21.85,$0.40B,$0.24B,1.64,$0.57B,$0.47B,1.21,$1.74B,$0.25B,14.36%,$1.74B,$0.12B,7.06%,$1.74B,$0.12B,7.06%,$1.74B,$0.21B,12.12%,$1.74B,$0.09B,5.40%,$1.74B,$0.05B,2.99%,$0.05B,$0.47B,10.96%,$0.05B,$0.25B,21.05%,$0.05B,$1.55B,3.41%,$0.12B,$1.04B,11.79%,$435,$397,$39,$0,$29,$426,$9,$-8,$2,$1,$1,$1,$1,$32,$9,$17,17,$0.05,$0.05,$0,$252,$5,$400,$915,$0,$225,$6,$1148,$1548,$244,$570,$44,$832,$1077,$0,$561,$-53,$471,$1548,$40,$66,$22,$88,$0,$0,$0,$4,$11,$139,$-106,$0,$0,$0,$0,$0,$0,$-105,$13,$0,$13,$-52,$-52,$0,$-0,$-39,$-5,$10,$0
9,2016-06-30,65.37,$28.42,2.3,$96.27,0.68,$6.51,10.04,$4.12,15.87,$0.41B,$0.22B,1.91,$0.57B,$0.48B,1.18,$1.75B,$0.28B,15.96%,$1.75B,$0.15B,8.81%,$1.75B,$0.15B,8.81%,$1.75B,$0.24B,13.73%,$1.75B,$0.12B,7.09%,$1.75B,$0.07B,4.23%,$0.07B,$0.48B,15.69%,$0.07B,$0.26B,30.45%,$0.07B,$1.53B,4.85%,$0.15B,$1.05B,14.78%,$437,$362,$75,$0,$35,$397,$40,$-7,$33,$12,$21,$21,$21,$62,$40,$17,17,$1.22,$1.21,$12,$249,$8,$412,$882,$0,$227,$5,$1115,$1527,$216,$569,$44,$828,$1044,$0,$560,$-55,$483,$1527,$39,$43,$14,$57,$0,$0,$0,$-14,$-0,$96,$-57,$0,$0,$0,$0,$0,$0,$-57,$0,$0,$0,$-35,$-35,$0,$-0,$-35,$4,$8,$0
10,2016-03-31,48.51,$27.34,1.77,$93.97,0.52,$5.95,8.15,$3.72,13.04,$0.39B,$0.21B,1.9,$0.57B,$0.47B,1.22,$1.76B,$0.26B,15.03%,$1.76B,$0.15B,8.31%,$1.76B,$0.15B,8.31%,$1.76B,$0.23B,13.15%,$1.76B,$0.12B,6.55%,$1.76B,$0.07B,3.93%,$0.07B,$0.47B,14.60%,$0.07B,$0.24B,28.40%,$0.07B,$1.50B,4.49%,$0.15B,$1.04B,13.98%,$437,$369,$69,$0,$31,$399,$38,$-8,$30,$12,$18,$18,$18,$59,$38,$18,18,$1.05,$1.05,$4,$243,$9,$393,$873,$0,$228,$4,$1106,$1499,$206,$569,$45,$825,$1032,$0,$539,$-55,$468,$1499,$18,$21,$5,$26,$0,$0,$0,$-10,$5,$49,$-31,$0,$0,$0,$0,$0,$0,$-31,$6,$0,$6,$-28,$-28,$0,$-0,$-22,$-3,$2,$0
11,2015-12-31,45.53,$26.66,1.71,$91.44,0.5,$5.10,8.93,$2.97,15.33,$0.43B,$0.23B,1.87,$0.57B,$0.48B,1.2,$1.75B,$0.24B,13.63%,$1.75B,$0.12B,7.02%,$1.75B,$0.12B,7.02%,$1.75B,$0.21B,11.87%,$1.75B,$0.09B,5.25%,$1.75B,$0.06B,3.25%,$0.06B,$0.48B,12.07%,$0.06B,$0.25B,23.60%,$0.06B,$1.53B,3.69%,$0.12B,$1.04B,11.76%,$432,$365,$67,$0,$31,$395,$36,$-8,$29,$17,$12,$12,$12,$58,$36,$19,19,$0.64,$0.65,$8,$256,$9,$427,$867,$0,$229,$5,$1100,$1527,$228,$569,$48,$825,$1053,$0,$520,$-56,$475,$1527,$56,$85,$24,$108,$0,$0,$0,$12,$-2,$160,$-128,$0,$0,$50,$0,$50,$0,$-79,$0,$0,$0,$-100,$-100,$0,$-3,$-103,$-22,$5,$0
12,2015-09-30,47.24,$25.69,1.84,$91.97,0.51,$5.77,8.19,$0.93,50.8,$0.47B,$0.25B,1.85,$0.58B,$0.46B,1.25,$1.79B,$0.23B,12.88%,$1.79B,$0.07B,3.85%,$1.79B,$0.07B,3.85%,$1.79B,$0.16B,8.70%,$1.79B,$0.04B,2.06%,$1.79B,$0.02B,1.00%,$0.02B,$0.46B,3.77%,$0.02B,$0.23B,7.32%,$0.02B,$1.55B,1.15%,$0.07B,$1.04B,6.56%,$442,$374,$68,$0,$28,$402,$40,$-8,$32,$9,$23,$23,$23,$61,$40,$19,19,$1.22,$1.21,$26,$262,$0,$468,$837,$0,$230,$7,$1083,$1552,$253,$575,$49,$839,$1092,$0,$509,$-66,$460,$1552,$44,$63,$-11,$52,$0,$0,$0,$12,$14,$108,$-78,$0,$0,$40,$0,$40,$0,$-38,$0,$0,$0,$-84,$-84,$0,$1,$-84,$-14,$2,$0
13,2015-06-30,57.3,$25.57,2.24,$94.23,0.61,$6.63,8.64,$0.03,1910.0,$0.49B,$0.22B,2.21,$0.58B,$0.49B,1.18,$1.86B,$0.24B,12.89%,$1.86B,$0.07B,3.92%,$1.86B,$0.07B,3.92%,$1.86B,$0.16B,8.65%,$1.86B,$0.02B,0.81%,$1.86B,$0.00B,0.05%,$0.00B,$0.49B,0.20%,$0.00B,$0.26B,0.39%,$0.00B,$1.56B,0.06%,$0.07B,$1.06B,6.81%,$445,$384,$60,$0,$28,$412,$32,$-8,$24,$9,$16,$16,$16,$53,$32,$19,19,$0.82,$0.81,$74,$248,$0,$492,$824,$0,$232,$7,$1071,$1563,$223,$575,$52,$853,$1075,$0,$486,$-68,$487,$1563,$21,$42,$-1,$41,$0,$0,$0,$26,$27,$88,$-55,$0,$0,$-10,$0,$-10,$0,$-65,$0,$0,$0,$-37,$-37,$0,$-2,$-39,$-16,$2,$0
14,2015-03-31,65.3,$24.49,2.67,$95.50,0.68,$7.99,8.17,$-0.17,0.0,$0.48B,$0.21B,2.24,$0.58B,$0.47B,1.23,$1.92B,$0.25B,12.79%,$1.92B,$0.07B,3.86%,$1.92B,$0.07B,3.86%,$1.92B,$0.16B,8.51%,$1.92B,$0.01B,0.68%,$1.92B,$-0.00B,-0.16%,$-0.00B,$0.47B,-0.58%,$-0.00B,$0.23B,-1.13%,$-0.00B,$1.54B,-0.18%,$0.07B,$1.04B,6.68%,$434,$390,$44,$0,$29,$419,$15,$-8,$7,$2,$6,$6,$6,$36,$15,$19,19,$0.30,$0.30,$42,$271,$0,$479,$813,$0,$233,$10,$1062,$1541,$214,$575,$57,$860,$1074,$0,$470,$-69,$467,$1541,$6,$21,$-1,$20,$0,$0,$0,$2,$3,$28,$-25,$0,$0,$39,$0,$39,$0,$14,$0,$0,$0,$-37,$-37,$0,$-3,$-40,$2,$1,$0
15,2014-12-31,68.55,$25.44,2.69,$96.06,0.71,$8.74,7.84,$-0.18,0.0,$0.53B,$0.22B,2.35,$0.57B,$0.50B,1.14,$1.97B,$0.26B,13.17%,$1.97B,$0.08B,4.07%,$1.97B,$0.08B,4.07%,$1.97B,$0.17B,8.64%,$1.97B,$0.02B,0.81%,$1.97B,$-0.00B,-0.15%,$-0.00B,$0.50B,-0.55%,$-0.00B,$0.26B,-1.05%,$-0.00B,$1.58B,-0.18%,$0.08B,$1.07B,6.92%,$472,$414,$59,$0,$33,$490,$-18,$-8,$-26,$1,$-27,$-27,$-27,$6,$-18,$20,20,$-1.34,$-1.32,$79,$287,$3,$526,$811,$0,$234,$4,$1053,$1579,$224,$568,$60,$858,$1082,$0,$464,$-71,$498,$1579,$-2,$90,$73,$163,$0,$0,$0,$-29,$-20,$139,$-92,$0,$108,$20,$0,$20,$0,$36,$-75,$0,$-75,$-100,$-100,$0,$4,$-171,$4,$13,$0
16,2014-09-30,60.11,$27.70,2.17,$93.71,0.64,$8.46,7.1,$5.08,11.83,$0.51B,$0.28B,1.82,$0.58B,$0.54B,1.06,$1.97B,$0.27B,13.69%,$1.97B,$0.14B,6.92%,$1.97B,$0.14B,6.92%,$1.97B,$0.23B,11.45%,$1.97B,$0.07B,3.51%,$1.97B,$0.11B,5.45%,$0.11B,$0.54B,18.73%,$0.11B,$0.28B,35.14%,$0.11B,$1.68B,6.22%,$0.14B,$1.12B,11.31%,$511,$434,$77,$0,$32,$467,$44,$-34,$10,$4,$6,$6,$6,$66,$44,$20,20,$0.32,$0.31,$14,$282,$0,$508,$878,$0,$264,$9,$1170,$1679,$279,$575,$52,$859,$1138,$0,$492,$-54,$541,$1679,$25,$67,$34,$101,$0,$0,$0,$-29,$-21,$102,$-53,$0,$0,$70,$0,$70,$0,$17,$-75,$47,$-28,$-100,$-100,$0,$-1,$-129,$-10,$9,$0
17,2014-06-30,61.72,$27.88,2.21,$90.23,0.68,$7.71,8.0,$5.37,11.49,$0.56B,$0.23B,2.45,$0.65B,$0.56B,1.17,$1.94B,$0.24B,12.31%,$1.94B,$0.11B,5.72%,$1.94B,$0.11B,5.72%,$1.94B,$0.20B,10.30%,$1.94B,$0.07B,3.45%,$1.94B,$0.11B,5.87%,$0.11B,$0.56B,20.35%,$0.11B,$0.29B,39.11%,$0.11B,$1.72B,6.58%,$0.11B,$1.21B,9.17%,$499,$434,$65,$0,$32,$466,$33,$-11,$22,$10,$12,$12,$12,$55,$33,$20,21,$0.61,$0.61,$83,$265,$0,$561,$873,$0,$266,$9,$1160,$1721,$229,$650,$53,$936,$1165,$0,$485,$-56,$555,$1721,$19,$44,$23,$68,$0,$0,$0,$6,$10,$95,$-32,$0,$0,$11,$0,$11,$0,$-21,$0,$0,$0,$-74,$-74,$0,$-1,$-75,$-1,$7,$0
18,2014-03-31,62.67,$28.30,2.21,$86.80,0.72,$4.23,14.83,$5.28,11.87,$0.58B,$0.21B,2.69,$0.65B,$0.58B,1.11,$1.91B,$0.23B,12.02%,$1.91B,$0.11B,5.64%,$1.91B,$0.11B,5.64%,$1.91B,$0.20B,10.34%,$1.91B,$0.06B,3.34%,$1.91B,$0.11B,5.96%,$0.11B,$0.58B,20.88%,$0.11B,$0.32B,41.42%,$0.11B,$1.74B,6.60%,$0.11B,$1.23B,9.03%,$485,$427,$58,$0,$34,$464,$21,$-11,$10,$4,$6,$6,$6,$43,$21,$21,21,$0.30,$0.29,$85,$269,$0,$576,$876,$0,$267,$10,$1161,$1736,$214,$650,$54,$938,$1152,$0,$473,$-57,$584,$1736,$6,$22,$12,$34,$0,$0,$0,$-10,$-4,$35,$-16,$0,$0,$11,$0,$11,$0,$-5,$0,$0,$0,$-29,$-29,$0,$-1,$-30,$0,$4,$0
19,2013-12-31,52.5,$28.70,1.83,$84.08,0.62,$3.05,17.23,$4.95,10.61,$0.58B,$0.20B,2.89,$0.65B,$0.61B,1.07,$1.89B,$0.22B,11.59%,$1.89B,$0.10B,5.24%,$1.89B,$0.10B,5.24%,$1.89B,$0.19B,10.05%,$1.89B,$0.04B,2.01%,$1.89B,$0.11B,5.66%,$0.11B,$0.61B,20.47%,$0.11B,$0.34B,42.80%,$0.11B,$1.75B,6.22%,$0.10B,$1.26B,8.44%,$470,$401,$69,$0,$30,$432,$38,$-11,$27,$-56,$83,$83,$83,$61,$38,$22,22,$3.76,$3.72,$95,$268,$0,$575,$885,$0,$270,$10,$1169,$1745,$199,$650,$56,$940,$1140,$0,$467,$-58,$605,$1745,$107,$90,$-42,$49,$0,$0,$0,$-30,$-20,$136,$-91,$0,$0,$-50,$0,$-50,$0,$-141,$125,$0,$125,$-100,$-100,$0,$-10,$15,$11,$11,$0
20,2013-09-30,47.77,$23.07,2.07,$82.56,0.58,$0.82,58.21,$1.92,24.88,$0.58B,$0.21B,2.71,$0.65B,$0.50B,1.31,$1.88B,$0.22B,11.47%,$1.88B,$0.10B,5.10%,$1.88B,$0.10B,5.10%,$1.88B,$0.19B,9.82%,$1.88B,$0.04B,2.07%,$1.88B,$0.04B,2.34%,$0.04B,$0.50B,8.68%,$0.04B,$0.23B,18.95%,$0.04B,$1.73B,2.60%,$0.10B,$1.15B,8.53%,$488,$441,$47,$0,$28,$469,$19,$-11,$8,$-5,$13,$13,$13,$41,$19,$22,22,$0.60,$0.60,$111,$253,$0,$578,$873,$0,$272,$10,$1155,$1733,$213,$650,$119,$1023,$1236,$0,$384,$-109,$497,$1733,$24,$68,$10,$78,$0,$0,$0,$-13,$-11,$92,$-54,$0,$0,$-69,$0,$-69,$0,$-123,$125,$0,$125,$-76,$-76,$0,$-9,$40,$8,$8,$0
21,2013-06-30,47.06,$22.57,2.08,$80.90,0.58,$-0.59,0.0,$2.12,22.2,$0.55B,$0.17B,3.26,$0.65B,$0.50B,1.31,$1.88B,$0.24B,12.75%,$1.88B,$0.12B,6.24%,$1.88B,$0.12B,6.24%,$1.88B,$0.20B,10.83%,$1.88B,$0.06B,3.36%,$1.88B,$0.05B,2.67%,$0.05B,$0.50B,9.72%,$0.05B,$0.22B,20.92%,$0.05B,$1.70B,3.00%,$0.12B,$1.15B,10.63%,$471,$415,$56,$0,$27,$441,$30,$-11,$19,$7,$12,$12,$12,$53,$30,$22,23,$0.52,$0.52,$83,$251,$0,$546,$868,$0,$274,$10,$1152,$1699,$168,$650,$126,$1034,$1201,$0,$370,$-111,$498,$1699,$11,$45,$5,$51,$0,$0,$0,$-48,$-39,$22,$-31,$0,$0,$-60,$0,$-60,$0,$-91,$125,$0,$125,$-60,$-60,$0,$-7,$58,$-11,$6,$0
22,2013-03-31,52.69,$22.09,2.39,$80.00,0.66,$-0.66,0.0,$2.51,20.99,$0.55B,$0.18B,3.08,$0.65B,$0.49B,1.32,$1.88B,$0.26B,13.74%,$1.88B,$0.13B,6.98%,$1.88B,$0.13B,6.98%,$1.88B,$0.21B,11.40%,$1.88B,$0.08B,4.21%,$1.88B,$0.06B,3.14%,$0.06B,$0.49B,11.45%,$0.06B,$0.22B,24.63%,$0.06B,$1.71B,3.60%,$0.13B,$1.14B,12.24%,$461,$414,$47,$0,$34,$448,$12,$-28,$-16,$-15,$-1,$-1,$-1,$35,$12,$23,23,$-0.04,$-0.04,$95,$249,$0,$547,$872,$0,$275,$12,$1159,$1707,$178,$650,$129,$1038,$1215,$0,$359,$-113,$491,$1707,$-1,$22,$-2,$21,$0,$0,$0,$-13,$-7,$14,$-19,$0,$0,$-65,$0,$-65,$0,$-84,$125,$0,$125,$-50,$-50,$0,$-7,$68,$-3,$5,$0
23,2012-12-31,39.16,$23.53,1.66,$79.42,0.49,$-0.53,0.0,$2.71,14.45,$0.47B,$0.18B,2.68,$0.52B,$0.54B,0.97,$1.88B,$0.27B,14.19%,$1.88B,$0.15B,7.73%,$1.88B,$0.15B,7.73%,$1.88B,$0.22B,11.95%,$1.88B,$0.11B,5.92%,$1.88B,$0.06B,3.41%,$0.06B,$0.54B,12.48%,$0.06B,$0.26B,27.06%,$0.06B,$1.63B,3.98%,$0.15B,$1.07B,13.99%,$463,$396,$66,$0,$31,$427,$35,$-7,$28,$9,$20,$20,$20,$56,$35,$23,24,$0.85,$0.85,$33,$231,$0,$468,$877,$0,$277,$10,$1165,$1633,$175,$524,$130,$918,$1093,$0,$360,$-116,$541,$1633,$64,$79,$23,$103,$0,$0,$0,$41,$31,$199,$-203,$0,$-9,$35,$0,$35,$0,$-177,$0,$0,$0,$-19,$-19,$0,$1,$-18,$4,$10,$0
24,2012-09-30,41.31,$22.69,1.82,$79.29,0.52,$-2.56,0.0,$2.35,17.58,$0.50B,$0.18B,2.77,$0.52B,$0.53B,1.0,$1.88B,$0.26B,13.90%,$1.88B,$0.14B,7.61%,$1.88B,$0.14B,7.61%,$1.88B,$0.22B,11.77%,$1.88B,$0.11B,5.59%,$1.88B,$0.06B,2.98%,$0.06B,$0.53B,11.23%,$0.06B,$0.25B,25.23%,$0.06B,$1.63B,3.52%,$0.14B,$1.05B,13.99%,$480,$410,$70,$0,$31,$440,$40,$-8,$32,$13,$19,$19,$19,$59,$40,$23,24,$0.82,$0.80,$57,$224,$0,$502,$841,$0,$274,$10,$1125,$1627,$181,$524,$127,$919,$1100,$0,$340,$-111,$527,$1627,$44,$58,$21,$80,$0,$0,$0,$34,$36,$161,$-154,$0,$0,$18,$0,$18,$0,$-136,$0,$0,$0,$-9,$-9,$0,$-4,$-13,$11,$8,$0
25,2012-06-30,34.12,$21.60,1.58,$80.25,0.43,$-3.46,0.0,$1.92,17.77,$0.50B,$0.16B,3.06,$0.52B,$0.50B,1.04,$1.90B,$0.24B,12.80%,$1.90B,$0.13B,6.74%,$1.90B,$0.13B,6.74%,$1.90B,$0.21B,10.90%,$1.90B,$0.09B,4.63%,$1.90B,$0.05B,2.42%,$0.05B,$0.50B,9.39%,$0.05B,$0.23B,21.75%,$0.05B,$1.58B,2.92%,$0.13B,$1.03B,12.63%,$474,$399,$75,$0,$31,$429,$44,$-9,$35,$14,$21,$21,$21,$64,$44,$23,24,$0.92,$0.91,$38,$238,$0,$495,$802,$0,$276,$10,$1088,$1583,$162,$524,$125,$919,$1081,$0,$321,$-112,$502,$1583,$25,$39,$17,$57,$0,$0,$0,$7,$7,$88,$-100,$0,$0,$35,$0,$35,$0,$-65,$0,$0,$0,$-7,$-7,$0,$-7,$-15,$9,$4,$0
26,2012-03-31,33.21,$20.49,1.62,$81.13,0.41,$-3.79,0.0,$1.60,20.82,$0.53B,$0.18B,2.87,$0.52B,$0.48B,1.09,$1.92B,$0.23B,11.93%,$1.92B,$0.12B,6.15%,$1.92B,$0.12B,6.15%,$1.92B,$0.20B,10.21%,$1.92B,$0.08B,3.96%,$1.92B,$0.04B,2.03%,$0.04B,$0.48B,8.00%,$0.04B,$0.20B,18.80%,$0.04B,$1.58B,2.47%,$0.12B,$1.01B,11.67%,$458,$403,$55,$0,$29,$432,$26,$-10,$16,$12,$4,$4,$4,$45,$26,$23,23,$0.16,$0.16,$50,$245,$0,$527,$768,$0,$278,$11,$1057,$1584,$184,$524,$126,$919,$1103,$0,$299,$-113,$481,$1584,$4,$20,$14,$33,$0,$0,$0,$0,$-1,$38,$-42,$0,$0,$30,$0,$30,$0,$-12,$0,$0,$0,$0,$0,$0,$-11,$-11,$16,$1,$0
27,2011-12-31,35.61,$21.30,1.67,$81.25,0.44,$-3.02,0.0,$1.67,21.32,$0.55B,$0.15B,3.53,$0.52B,$0.49B,1.08,$1.93B,$0.23B,11.67%,$1.93B,$0.12B,6.02%,$1.93B,$0.12B,6.02%,$1.93B,$0.19B,10.01%,$1.93B,$0.07B,3.73%,$1.93B,$0.04B,2.13%,$0.04B,$0.49B,8.43%,$0.04B,$0.21B,20.05%,$0.04B,$1.57B,2.60%,$0.12B,$1.01B,11.45%,$466,$405,$61,$0,$28,$434,$33,$-11,$22,$11,$12,$12,$12,$53,$33,$23,24,$0.50,$0.46,$64,$244,$0,$545,$736,$0,$279,$11,$1026,$1571,$154,$524,$123,$932,$1086,$0,$296,$-115,$485,$1571,$40,$77,$40,$117,$0,$0,$0,$-94,$-92,$68,$-121,$0,$0,$71,$0,$71,$0,$-50,$-16,$0,$-16,$-11,$-11,$0,$-2,$-29,$-10,$8,$0
28,2011-09-30,33.98,$21.56,1.58,$76.38,0.44,$5.08,6.69,$2.79,12.2,$0.57B,$0.20B,2.91,$0.52B,$0.49B,1.07,$1.81B,$0.23B,12.61%,$1.81B,$0.11B,5.81%,$1.81B,$0.11B,5.81%,$1.81B,$0.18B,9.68%,$1.81B,$0.06B,3.43%,$1.81B,$0.07B,3.71%,$0.07B,$0.49B,13.90%,$0.07B,$0.21B,33.75%,$0.07B,$1.57B,4.27%,$0.11B,$1.01B,10.37%,$501,$449,$52,$0,$27,$476,$25,$-11,$15,$6,$9,$9,$9,$45,$25,$23,24,$0.38,$0.37,$107,$225,$0,$569,$707,$0,$281,$14,$1002,$1571,$195,$524,$110,$885,$1080,$0,$284,$-97,$491,$1571,$28,$57,$24,$81,$0,$0,$0,$-38,$-38,$72,$-87,$0,$0,$41,$0,$41,$0,$-46,$-16,$0,$-16,$-10,$-10,$0,$1,$-24,$2,$5,$0
29,2011-06-30,34.14,$21.39,1.6,$70.10,0.49,$12.78,2.67,$3.05,11.19,$0.60B,$0.21B,2.86,$0.52B,$0.49B,1.06,$1.66B,$0.23B,13.55%,$1.66B,$0.11B,6.51%,$1.66B,$0.11B,6.51%,$1.66B,$0.17B,10.24%,$1.66B,$0.07B,4.34%,$1.66B,$0.07B,4.40%,$0.07B,$0.49B,15.79%,$0.07B,$0.21B,29.32%,$0.07B,$1.59B,5.11%,$0.11B,$1.02B,12.01%,$495,$433,$61,$0,$27,$461,$34,$-11,$23,$9,$14,$14,$14,$53,$34,$23,24,$0.60,$0.59,$128,$224,$0,$596,$697,$0,$283,$14,$993,$1589,$208,$524,$109,$888,$1096,$0,$275,$-95,$493,$1589,$20,$38,$18,$55,$0,$0,$0,$-35,$-36,$45,$-64,$0,$0,$34,$0,$34,$0,$-30,$-0,$0,$-0,$0,$0,$0,$1,$1,$16,$3,$0
30,2011-03-31,40.7,$20.67,1.97,$63.84,0.64,$19.95,2.04,$3.34,12.19,$0.61B,$0.21B,2.91,$0.54B,$0.48B,1.13,$1.51B,$0.22B,14.65%,$1.51B,$0.11B,7.36%,$1.51B,$0.11B,7.36%,$1.51B,$0.17B,11.00%,$1.51B,$0.08B,5.43%,$1.51B,$0.08B,5.30%,$0.08B,$0.48B,18.29%,$0.08B,$0.19B,27.12%,$0.08B,$1.58B,6.28%,$0.11B,$1.01B,14.21%,$466,$415,$51,$0,$27,$442,$24,$-12,$12,$6,$6,$6,$6,$42,$24,$23,24,$0.25,$0.24,$163,$235,$0,$606,$670,$0,$284,$14,$969,$1575,$208,$538,$106,$890,$1099,$0,$261,$-96,$476,$1575,$6,$19,$6,$25,$0,$0,$0,$-5,$6,$39,$-23,$0,$0,$-14,$0,$-14,$0,$-37,$-0,$0,$-0,$0,$0,$0,$-1,$-1,$0,$2,$0
31,2010-12-31,39.15,$20.70,1.89,$58.21,0.67,$22.10,1.77,$3.13,12.53,$0.59B,$0.20B,3.02,$0.54B,$0.47B,1.15,$1.37B,$0.20B,14.48%,$1.37B,$0.10B,7.13%,$1.37B,$0.10B,7.13%,$1.37B,$0.15B,10.63%,$1.37B,$0.08B,5.53%,$1.37B,$0.07B,5.39%,$0.07B,$0.47B,17.99%,$0.07B,$0.18B,21.78%,$0.07B,$1.55B,6.59%,$0.10B,$1.01B,14.91%,$346,$282,$64,$0,$41,$323,$22,$-10,$12,$-26,$38,$38,$38,$35,$22,$23,24,$1.66,$1.59,$149,$228,$0,$589,$654,$0,$286,$15,$956,$1545,$195,$538,$95,$882,$1077,$0,$256,$-98,$468,$1545,$74,$48,$8,$55,$0,$0,$0,$-34,$55,$186,$-46,$0,$-244,$62,$0,$62,$0,$-228,$63,$0,$63,$0,$0,$0,$-4,$58,$16,$9,$0
32,2010-09-30,38.04,$17.95,2.12,$56.99,0.67,$24.93,1.53,$3.54,10.76,$0.63B,$0.13B,4.75,$0.15B,$0.41B,0.36,$1.34B,$0.19B,14.37%,$1.34B,$0.16B,12.14%,$1.34B,$0.16B,12.14%,$1.34B,$0.21B,15.64%,$1.34B,$0.15B,10.87%,$1.34B,$0.08B,6.18%,$0.08B,$0.41B,21.54%,$0.08B,$0.41B,21.54%,$0.08B,$1.00B,8.53%,$0.16B,$0.56B,30.55%,$353,$304,$49,$0,$21,$324,$28,$-4,$25,$10,$15,$15,$15,$40,$28,$23,24,$0.65,$0.64,$357,$145,$0,$632,$354,$0,$0,$7,$372,$1003,$133,$148,$86,$458,$591,$0,$218,$-117,$412,$1003,$36,$36,$12,$48,$0,$0,$0,$3,$102,$190,$-23,$0,$0,$-147,$0,$-147,$0,$-170,$0,$0,$0,$0,$0,$0,$-1,$-1,$19,$6,$0
33,2010-06-30,27.38,$17.17,1.59,$56.10,0.49,$25.02,1.09,$4.86,5.63,$0.60B,$0.12B,4.96,$0.15B,$0.39B,0.38,$1.32B,$0.19B,14.61%,$1.32B,$0.21B,16.12%,$1.32B,$0.21B,16.12%,$1.32B,$0.26B,19.61%,$1.32B,$0.19B,14.69%,$1.32B,$0.11B,8.63%,$0.11B,$0.39B,31.43%,$0.11B,$0.39B,31.43%,$0.11B,$0.98B,12.12%,$0.21B,$0.54B,41.68%,$344,$286,$57,$0,$20,$307,$37,$-4,$33,$13,$21,$21,$21,$49,$37,$23,24,$0.90,$0.88,$333,$144,$0,$604,$357,$0,$0,$7,$372,$975,$122,$148,$82,$459,$581,$0,$203,$-119,$394,$975,$21,$24,$9,$32,$0,$0,$0,$7,$108,$165,$-16,$0,$0,$-132,$0,$-132,$0,$-148,$0,$-6,$-6,$0,$0,$0,$-1,$-7,$10,$3,$0
34,2010-03-31,24.63,$16.17,1.52,$55.01,0.45,$22.79,1.08,$7.20,3.42,$0.60B,$0.13B,4.54,$0.15B,$0.37B,0.4,$1.29B,$0.19B,14.37%,$1.29B,$0.28B,21.95%,$1.29B,$0.28B,21.95%,$1.29B,$0.33B,25.50%,$1.29B,$0.26B,20.02%,$1.29B,$0.17B,12.98%,$0.17B,$0.37B,50.53%,$0.17B,$0.37B,50.53%,$0.17B,$0.97B,18.87%,$0.28B,$0.52B,59.11%,$331,$302,$29,$0,$18,$320,$11,$-4,$6,$6,$0,$0,$0,$22,$11,$23,24,$0.02,$0.02,$250,$158,$0,$596,$358,$0,$0,$7,$373,$968,$131,$148,$80,$466,$597,$0,$183,$-120,$371,$968,$0,$12,$3,$14,$0,$0,$0,$14,$53,$71,$-5,$0,$0,$-45,$0,$-45,$0,$-50,$0,$-5,$-5,$0,$0,$0,$-1,$-6,$14,$1,$0
35,2009-12-31,27.49,$16.00,1.72,$53.41,0.51,$21.35,1.29,$7.78,3.54,$0.57B,$0.12B,4.78,$0.15B,$0.36B,0.41,$1.25B,$0.20B,15.84%,$1.25B,$0.30B,23.84%,$1.25B,$0.30B,23.84%,$1.25B,$0.35B,27.60%,$1.25B,$0.28B,22.00%,$1.25B,$0.18B,14.56%,$0.18B,$0.36B,62.98%,$0.18B,$0.36B,62.98%,$0.18B,$0.95B,22.26%,$0.30B,$0.51B,74.50%,$315,$257,$58,$0,$18,$228,$87,$-4,$82,$35,$47,$47,$47,$99,$87,$23,24,$2.08,$1.98,$191,$170,$0,$572,$364,$0,$0,$11,$375,$947,$120,$148,$79,$464,$584,$0,$182,$-127,$364,$947,$182,$47,$21,$69,$0,$0,$0,$2,$-26,$225,$-19,$0,$0,$-177,$0,$-177,$0,$-196,$-28,$0,$-28,$0,$0,$0,$-1,$-29,$-0,$6,$0
36,2009-09-30,20.67,$14.17,1.46,$53.34,0.39,$13.54,1.53,$5.85,3.54,$0.50B,$0.12B,4.14,$0.15B,$0.32B,0.46,$1.24B,$0.16B,12.92%,$1.24B,$0.22B,17.61%,$1.24B,$0.51B,41.52%,$1.24B,$0.26B,21.32%,$1.24B,$0.50B,40.06%,$1.24B,$0.14B,11.07%,$0.14B,$0.32B,56.32%,$0.14B,$0.32B,56.32%,$0.14B,$0.87B,18.22%,$0.22B,$0.47B,68.72%,$331,$282,$49,$0,$19,$254,$78,$-4,$73,$27,$46,$46,$46,$89,$78,$23,24,$2.04,$1.96,$149,$146,$0,$495,$371,$0,$0,$7,$378,$873,$120,$148,$57,$432,$551,$0,$135,$-122,$322,$873,$135,$35,$17,$53,$0,$0,$0,$13,$-4,$183,$-14,$0,$0,$-135,$0,$-135,$0,$-150,$-28,$-4,$-32,$0,$0,$0,$-2,$-34,$-1,$4,$0
