,Date,Stock Price,Book Value per Share,Price to Book Ratio,TTM Sales per Share,Price to Sales Ratio,TTM FCF per Share,Price to FCF Ratio,TTM Net EPS,PE Ratio,Current Assets,Current Liabilities,Current Ratio,Long Term Debt,Shareholder's Equity_x,Debt to Equity Ratio,TTM Revenue_x,TTM Gross Profit,Gross Margin,TTM Revenue_y,TTM Operating Income,Operating Margin,TTM Revenue_x,TTM EBIT,EBIT Margin,TTM Revenue_y,TTM EBITDA,EBITDA Margin,TTM Revenue_x,TTM Pre-Tax Income,Pre-Tax Margin,TTM Revenue_y,TTM Net Income_x,Net Margin,TTM Net Income_y,Shareholder's Equity_y,Return on Equity,TTM Net Income_x,Tangible Equity,Return on Tangible Equity,TTM Net Income_y,Total Assets,Return on Assets,TTM Net Income,LT Investments & Debt,Return on Investment,revenue,cost-goods-sold,gross-profit,research-development-expenses,selling-general-administrative-expenses,operating-expenses,operating-income,total-non-operating-income-expense,pre-tax-income,total-provision-income-taxes,income-after-taxes,income-from-continuous-operations,net-income,ebitda,ebit,basic-shares-outstanding,shares-outstanding,eps-basic-net-earnings-per-share,eps-earnings-per-share-diluted,cash-on-hand,inventory,other-current-assets,total-current-assets,net-property-plant-equipment,long-term-investments,goodwill-intangible-assets-total,other-long-term-assets,total-long-term-assets,total-assets,total-current-liabilities,long-term-debt,other-non-current-liabilities,total-long-term-liabilities,total-liabilities,common-stock-net,retained-earnings-accumulated-deficit,comprehensive-income,total-share-holder-equity,total-liabilities-share-holders-equity,net-income-loss,total-depreciation-amortization-cash-flow,other-non-cash-items,total-non-cash-items,change-in-accounts-receivable,change-in-inventories,change-in-accounts-payable,change-in-assets-liabilities,total-change-in-assets-liabilities,cash-flow-from-operating-activities,net-change-in-property-plant-equipment,net-change-in-intangible-assets,net-acquisitions-divestitures,net-change-in-short-term-investments,net-change-in-long-term-investments,net-change-in-investments-total,investing-activities-other,cash-flow-from-investing-activities,net-long-term-debt,net-current-debt,debt-issuance-retirement-net-total,net-common-equity-issued-repurchased,net-total-equity-issued-repurchased,total-common-preferred-stock-dividends-paid,financial-activities-other,cash-flow-from-financial-activities,net-cash-flow,stock-based-compensation,common-stock-dividends-paid
0,2018-07-31,91.23,$59.75,1.53,$43.54,2.1,$44.39,2.06,$9.00,10.14,$416.07B,$395.49B,1.05,$3.09B,$24.79B,0.13,$19.02B,$13.86B,72.83%,$19.02B,$5.17B,27.16%,$19.02B,0,0.00%,$19.02B,0,0.00%,$19.02B,$5.17B,27.16%,$19.02B,$3.98B,20.94%,$3.98B,$26.51B,15.58%,$3.98B,$20.81B,20.04%,$3.98B,$456.56B,0.88%,$5.17B,$29.61B,18.14%,$5007,$1518,$3489,$0,$2158,$3677,$1330,$0,$1330,$280,$1050,$1050,$1030,$0,$0,$444,446,$2.32,$2.31,$126560,$0,$0,$416070,$1330,$383,$5702,$32668,$40493,$456563,$395486,$3093,$31447,$34564,$430049,$10129,$13851,$572,$26513,$456563,$3081,$380,$301,$681,$-8687,$0,$61,$13613,$4739,$8501,$-94,$0,$-242,$0,$-7846,$-7846,$0,$-8182,$702,$0,$702,$-41,$301,$-1174,$0,$-171,$171,$18,$-1174
1,2018-04-30,85.72,$59.13,1.45,$41.85,2.05,$26.84,3.19,$8.64,9.92,$421.04B,$400.02B,1.05,$3.63B,$24.54B,0.15,$17.99B,$13.48B,74.91%,$17.99B,$4.93B,27.40%,$17.99B,0,0.00%,$17.99B,0,0.00%,$17.99B,$4.93B,27.40%,$17.99B,$3.78B,20.98%,$3.78B,$26.30B,15.33%,$3.78B,$20.52B,19.82%,$3.78B,$462.92B,0.85%,$4.93B,$29.93B,18.01%,$4805,$1374,$3430,$0,$2139,$3513,$1291,$0,$1291,$257,$1034,$1034,$1010,$0,$0,$444140,446,$2.27,$2.27,$127693,$0,$0,$421041,$1369,$410,$5781,$33846,$41881,$462922,$400018,$3632,$32950,$36607,$436625,$10321,$13649,$316,$26297,$462922,$2075,$257,$174,$431,$-7358,$0,$71,$12300,$4711,$7217,$-67,$0,$-130,$0,$-6563,$-6563,$0,$-6760,$1176,$0,$1176,$94,$443,$-756,$0,$863,$1311,$11,$-756
2,2018-01-31,96.37,$57.61,1.67,$40.00,2.41,$8.86,10.88,$8.31,11.6,$415.65B,$399.32B,1.04,$2.49B,$23.79B,0.11,$16.76B,$12.83B,76.50%,$16.76B,$4.57B,27.28%,$16.76B,0,0.00%,$16.76B,0,0.00%,$16.76B,$4.57B,27.28%,$16.76B,$3.54B,21.13%,$3.54B,$25.57B,15.46%,$3.54B,$19.88B,19.45%,$3.54B,$464.26B,0.82%,$4.57B,$28.05B,18.02%,$4722,$1195,$3527,$0,$2160,$3355,$1367,$0,$1367,$316,$1050,$1050,$1032,$0,$0,$441,443,$2.34,$2.33,$125607,$0,$0,$415650,$1372,$439,$5685,$40633,$48609,$464259,$399321,$2487,$36860,$39372,$438693,$10338,$13210,$-13,$25567,$464259,$1050,$131,$112,$244,$-760,$0,$-61,$1816,$757,$2051,$-32,$0,$-249,$0,$-1906,$-1906,$0,$-2186,$0,$0,$0,$57,$409,$-312,$0,$97,$-110,$4,$-312
3,2017-10-31,84.79,$54.39,1.56,$39.23,2.16,$-2.86,0.0,$8.61,9.85,$360.14B,$375.02B,0.96,$2.46B,$22.52B,0.11,$15.99B,$12.45B,77.91%,$15.99B,$4.50B,28.14%,$15.99B,0,0.00%,$15.99B,0,0.00%,$15.99B,$4.50B,28.14%,$15.99B,$3.56B,22.24%,$3.56B,$23.90B,16.80%,$3.56B,$18.28B,20.52%,$3.56B,$432.43B,0.87%,$4.50B,$26.35B,19.05%,$4490,$1080,$3410,$0,$2232,$3312,$1178,$0,$1178,$244,$934,$934,$911,$0,$0,$413,414,$2.07,$2.06,$80489,$0,$0,$360141,$1364,$33243,$5619,$31504,$72286,$432427,$375017,$2455,$31036,$33514,$408531,$9599,$12317,$346,$23896,$432427,$3609,$415,$301,$716,$-23394,$0,$69,$21693,$-2446,$1880,$154,$0,$-1880,$0,$223,$223,$0,$-1503,$-42,$0,$-42,$143,$749,$-1090,$0,$-383,$-46,$5,$-1090
4,2017-07-31,82.63,$52.19,1.58,$37.34,2.21,$11.36,7.28,$8.31,9.94,$353.37B,$366.78B,0.96,$2.42B,$21.40B,0.11,$15.05B,$11.83B,78.65%,$15.05B,$4.16B,27.62%,$15.05B,0,0.00%,$15.05B,0,0.00%,$15.05B,$4.16B,27.62%,$15.05B,$3.33B,22.15%,$3.33B,$22.76B,16.96%,$3.33B,$17.51B,20.00%,$3.33B,$425.17B,0.84%,$4.16B,$25.18B,18.78%,$3976,$866,$3111,$0,$2017,$2883,$1094,$0,$1094,$262,$832,$832,$822,$0,$0,$416,416,$1.98,$1.97,$81255,$0,$0,$353371,$1336,$31114,$5248,$33563,$71800,$425171,$366778,$2422,$33192,$35637,$402415,$9245,$11776,$127,$22757,$425171,$2694,$296,$152,$447,$-17468,$0,$-47,$15515,$-2793,$348,$202,$0,$-1872,$0,$2045,$2045,$0,$375,$-42,$0,$-42,$540,$1140,$-1198,$0,$-99,$536,$3,$-1198
5,2017-04-30,76.0,$48.39,1.57,$37.76,2.01,$24.80,3.06,$9.13,8.32,$332.38B,$344.86B,0.96,$2.48B,$18.68B,0.13,$15.01B,$11.92B,79.43%,$15.01B,$4.36B,29.04%,$15.01B,0,0.00%,$15.01B,0,0.00%,$15.01B,$4.36B,29.04%,$15.01B,$3.61B,24.08%,$3.61B,$19.43B,19.69%,$3.61B,$17.18B,22.41%,$3.61B,$396.97B,0.94%,$4.36B,$21.92B,20.87%,$3576,$798,$2777,$0,$1843,$2641,$934,$0,$934,$146,$789,$789,$777,$0,$0,$400,401,$1.95,$1.95,$83983,$0,$0,$332378,$1349,$27432,$2255,$33030,$64594,$396972,$344864,$2482,$30178,$32675,$377539,$6390,$11273,$813,$19433,$396972,$1845,$185,$-106,$80,$-11471,$0,$44,$8369,$-2922,$-997,$220,$0,$15,$0,$1250,$1250,$0,$1485,$-15,$0,$-15,$357,$357,$-766,$0,$-424,$86,$1,$-766
6,2017-01-31,79.23,$46.41,1.71,$37.51,2.11,$38.33,2.07,$8.95,8.85,$324.26B,$333.51B,0.97,$2.48B,$17.79B,0.14,$14.85B,$11.88B,80.00%,$14.85B,$4.23B,28.46%,$14.85B,0,0.00%,$14.85B,0,0.00%,$14.85B,$4.23B,28.46%,$14.85B,$3.54B,23.80%,$3.54B,$18.54B,20.09%,$3.54B,$16.33B,22.94%,$3.54B,$384.92B,0.94%,$4.23B,$21.02B,20.99%,$3944,$787,$3156,$0,$1864,$2652,$1292,$0,$1292,$237,$1055,$1055,$1045,$0,$0,$398,398,$2.63,$2.63,$82723,$0,$0,$324261,$1314,$25722,$2213,$30930,$60658,$384919,$333514,$2476,$30371,$32864,$366377,$6214,$10861,$523,$18542,$384919,$1055,$90,$-40,$49,$-5288,$0,$-82,$1119,$-4228,$-3123,$274,$0,$0,$0,$2837,$2837,$0,$3111,$0,$0,$0,$190,$190,$-376,$0,$-187,$-236,$0,$-376
7,2016-10-31,68.94,$44.97,1.53,$35.77,1.93,$58.05,1.19,$8.15,8.46,$310.95B,$324.41B,0.96,$2.54B,$17.10B,0.15,$14.15B,$11.34B,80.15%,$14.15B,$3.78B,26.73%,$14.15B,0,0.00%,$14.15B,0,0.00%,$14.15B,$3.78B,26.73%,$14.15B,$3.20B,22.58%,$3.20B,$17.86B,18.84%,$3.20B,$15.63B,21.58%,$3.20B,$378.17B,0.87%,$3.78B,$20.40B,19.39%,$3550,$762,$2789,$0,$1953,$2714,$836,$0,$836,$137,$700,$700,$689,$0,$0,$395,396,$1.74,$1.74,$69740,$0,$0,$310951,$1432,$28870,$2224,$34115,$67222,$378174,$324405,$2539,$33357,$35912,$360317,$6054,$10246,$596,$17857,$378174,$3240,$348,$150,$499,$-20790,$0,$-54,$24802,$3964,$7702,$-128,$0,$1028,$0,$-6469,$-6469,$0,$-5569,$-388,$0,$-388,$-4,$-4,$-1446,$0,$-1837,$337,$4,$-1446
8,2016-07-31,69.01,$44.52,1.55,$35.79,1.93,$77.87,0.89,$7.84,8.8,$313.90B,$327.39B,0.96,$2.63B,$16.81B,0.16,$14.18B,$11.53B,81.29%,$14.18B,$3.63B,25.58%,$14.18B,0,0.00%,$14.18B,0,0.00%,$14.18B,$3.62B,25.55%,$14.18B,$3.10B,21.83%,$3.10B,$17.58B,18.37%,$3.10B,$15.36B,21.06%,$3.10B,$382.59B,0.84%,$3.63B,$20.21B,18.57%,$3939,$739,$3200,$0,$1904,$2643,$1296,$0,$1296,$181,$1115,$1115,$1103,$0,$0,$395,395,$2.79,$2.79,$72295,$0,$0,$313900,$1438,$28256,$2217,$36165,$68687,$382587,$327390,$2631,$34969,$37618,$365008,$6040,$10170,$394,$17579,$382587,$2603,$258,$55,$313,$-14321,$0,$-206,$17499,$2993,$5909,$-74,$0,$1055,$0,$-5320,$-5320,$0,$-4339,$-387,$0,$-387,$-173,$-173,$-1106,$0,$-1665,$-86,$2,$-1106
9,2016-04-30,72.5,$41.58,1.74,$34.41,2.11,$94.24,0.77,$7.02,10.33,$295.97B,$306.02B,0.97,$2.53B,$15.66B,0.16,$13.65B,$11.04B,80.88%,$13.65B,$3.30B,24.15%,$13.65B,0,0.00%,$13.65B,0,0.00%,$13.65B,$3.25B,23.82%,$13.65B,$2.78B,20.38%,$2.78B,$16.41B,16.68%,$2.78B,$14.30B,19.12%,$2.78B,$360.38B,0.77%,$3.30B,$18.94B,12.28%,$3419,$682,$2737,$0,$1934,$2616,$803,$0,$803,$93,$709,$709,$698,$0,$0,$394,394,$1.77,$1.77,$67026,$0,$0,$295971,$1381,$26473,$2105,$33891,$64407,$360377,$306022,$2528,$35398,$37946,$343968,$5873,$9193,$393,$16410,$360377,$1449,$164,$213,$378,$-7688,$0,$-103,$10547,$2763,$4590,$-22,$0,$0,$0,$-3442,$-3442,$0,$-3464,$-377,$0,$-377,$-177,$-177,$-710,$0,$-1264,$-175,$2,$-710
10,2016-01-31,57.5,$40.53,1.42,$33.93,1.69,$84.00,0.68,$7.06,8.14,$283.53B,$294.54B,0.96,$2.47B,$15.29B,0.16,$13.50B,$10.87B,80.51%,$13.50B,$3.38B,25.07%,$13.50B,0,0.00%,$13.50B,0,0.00%,$13.50B,$3.32B,24.63%,$13.50B,$2.81B,20.85%,$2.81B,$16.02B,17.00%,$2.81B,$13.95B,19.48%,$2.81B,$349.29B,0.78%,$3.38B,$18.48B,9.79%,$3243,$628,$2616,$0,$1769,$2397,$847,$0,$847,$131,$716,$716,$706,$0,$0,$397,397,$1.78,$1.77,$63833,$0,$0,$283531,$1407,$26438,$2064,$35334,$65763,$349294,$294544,$2468,$36245,$38733,$333278,$5677,$8593,$820,$16016,$349294,$716,$77,$85,$162,$-7038,$0,$-249,$11410,$4154,$5032,$-36,$0,$0,$0,$-4101,$-4101,$0,$-4137,$-365,$0,$-365,$-138,$-138,$-340,$0,$-842,$147,$1,$-340
11,2015-10-31,67.05,$0.00,0.0,$34.80,1.93,$77.10,0.87,$7.07,9.48,$310.99B,$318.48B,0.98,$3.12B,$16.56B,0.19,$13.85B,$10.97B,79.23%,$13.85B,$3.21B,23.16%,$13.85B,0,0.00%,$13.85B,0,0.00%,$13.85B,$3.40B,24.59%,$13.85B,$2.85B,20.56%,$2.85B,$17.37B,17.00%,$2.85B,$15.18B,19.50%,$2.85B,$373.39B,0.77%,$3.21B,$20.49B,7.32%,$3577,$604,$2973,$0,$2812,$2896,$681,$0,$677,$93,$584,$588,$588,$0,$0,$398,398,$1.46,$1.46,$76487,$0,$0,$310994,$3356,$24700,$2195,$33972,$64222,$373389,$318477,$3122,$34420,$37542,$356019,$6297,$9214,$0,$17370,$373389,$2893,$351,$0,$351,$0,$0,$0,$0,$12202,$15702,$-206,$0,$149,$0,$0,$-13241,$0,$-13298,$0,$0,$-911,$0,$-10,$-1413,$-6,$-2340,$289,$0,$0
12,2015-07-31,61.81,$0.00,0.0,$35.15,1.76,$-0.67,0.0,$7.35,8.41,$326.84B,$282.09B,1.16,$32.55B,$16.14B,2.02,$13.99B,$10.79B,77.17%,$13.99B,$3.25B,23.22%,$13.99B,0,0.00%,$13.99B,0,0.00%,$13.99B,$3.56B,25.43%,$13.99B,$2.97B,21.23%,$2.97B,$16.94B,17.76%,$2.97B,$14.80B,20.38%,$2.97B,$368.20B,0.80%,$3.25B,$49.49B,6.13%,$3415,$696,$2718,$0,$1752,$2449,$966,$0,$926,$140,$787,$791,$791,$0,$0,$397,398,$1.97,$1.97,$103745,$0,$0,$326839,$0,$21874,$2140,$15842,$39856,$368197,$282089,$32554,$36615,$69169,$351258,$6273,$8942,$0,$16939,$368197,$2261,$262,$0,$262,$0,$0,$0,$0,$0,$12517,$-133,$0,$0,$0,$0,$-20456,$10223,$-10365,$0,$0,$-909,$0,$483,$-1045,$-502,$-1973,$2167,$0,$0
13,2015-04-30,68.68,$0.00,0.0,$36.60,1.88,$-49.23,0.0,$7.45,9.22,$320.30B,$299.29B,1.07,$33.80B,$15.11B,2.24,$14.57B,$11.15B,76.53%,$14.57B,$3.28B,22.52%,$14.57B,0,0.00%,$14.57B,0,0.00%,$14.57B,$3.66B,25.15%,$14.57B,$3.02B,20.73%,$3.02B,$15.91B,18.02%,$3.02B,$13.86B,20.68%,$3.02B,$351.36B,0.81%,$3.28B,$49.71B,5.87%,$3260,$702,$2558,$0,$1415,$2370,$889,$0,$874,$146,$729,$729,$729,$0,$0,$397,398,$1.81,$1.81,$107286,$0,$0,$320297,$0,$10014,$2042,$17553,$29609,$351362,$299290,$33803,$2364,$36167,$335458,$6242,$8472,$0,$15905,$351362,$1467,$171,$0,$171,$0,$0,$0,$0,$0,$624,$-85,$0,$0,$0,$0,$-6335,$7771,$1351,$0,$0,$-896,$0,$0,$-684,$-17,$-1597,$495,$0,$0
14,2015-01-31,58.08,$0.00,0.0,$37.96,1.53,$-67.61,0.0,$6.31,9.2,$346.15B,$282.48B,1.23,$38.62B,$15.87B,2.43,$15.11B,$11.52B,76.24%,$15.11B,$2.84B,18.81%,$15.11B,0,0.00%,$15.11B,0,0.00%,$15.11B,$3.17B,21.00%,$15.11B,$2.56B,16.94%,$2.56B,$16.76B,15.14%,$2.56B,$14.57B,17.38%,$2.56B,$383.11B,0.68%,$2.84B,$55.38B,4.89%,$3593,$873,$2720,$0,$1783,$2923,$670,$0,$927,$133,$794,$739,$739,$0,$0,$397,398,$1.83,$1.83,$117549,$0,$0,$346152,$0,$14455,$2191,$18705,$35350,$383114,$282476,$38618,$45260,$83877,$366353,$6706,$8709,$0,$16762,$383114,$794,$89,$0,$89,$0,$0,$0,$0,$0,$2309,$-55,$0,$0,$0,$0,$-4803,$2739,$-2119,$0,$0,$0,$0,$-2,$-363,$250,$-115,$271,$0,$0
15,2014-10-31,75.65,$0.00,0.0,$39.47,1.92,$-85.67,0.0,$7.08,10.69,$346.26B,$293.44B,1.18,$40.18B,$16.30B,2.47,$15.73B,$12.04B,76.54%,$15.73B,$3.35B,21.30%,$15.73B,0,0.00%,$15.73B,0,0.00%,$15.73B,$3.59B,22.85%,$15.73B,$2.88B,18.31%,$2.88B,$17.25B,16.79%,$2.88B,$15.03B,19.36%,$2.88B,$380.96B,0.77%,$3.35B,$57.43B,5.53%,$3719,$921,$2798,$0,$2075,$2996,$723,$0,$830,$110,$720,$710,$710,$0,$0,$397,398,$1.75,$1.74,$108425,$0,$0,$346264,$0,$13226,$2219,$17605,$33050,$380964,$293444,$40181,$30092,$70274,$363717,$7145,$8839,$0,$17247,$380964,$2952,$746,$0,$746,$0,$0,$0,$0,$9378,$-15215,$-230,$0,$0,$0,$0,$0,$17482,$17251,$0,$0,$0,$0,$-289,$-1519,$125,$-1683,$443,$0,$0
16,2014-07-31,75.32,$0.00,0.0,$40.12,1.88,$-34.75,0.0,$7.26,10.37,$332.96B,$287.60B,1.16,$43.79B,$15.93B,2.75,$16.01B,$12.21B,76.30%,$16.01B,$3.48B,21.72%,$16.01B,0,0.00%,$16.01B,0,0.00%,$16.01B,$3.73B,23.28%,$16.01B,$2.96B,18.49%,$2.96B,$17.12B,17.06%,$2.96B,$14.94B,19.70%,$2.96B,$374.89B,0.79%,$3.48B,$60.91B,5.43%,$3994,$923,$3071,$0,$2073,$2996,$998,$0,$1032,$180,$852,$842,$842,$0,$0,$397,398,$2.08,$2.07,$97886,$0,$0,$332959,$0,$21460,$2176,$16701,$40337,$374894,$287597,$43792,$26387,$70179,$357776,$7174,$8561,$0,$17118,$374894,$2223,$663,$0,$663,$0,$0,$0,$0,$-3744,$-6800,$-140,$0,$0,$0,$0,$-19311,$28681,$9231,$0,$0,$0,$0,$0,$-1145,$-624,$-1769,$706,$0,$0
17,2014-04-30,71.74,$0.00,0.0,$40.47,1.77,$-12.21,0.0,$7.25,9.89,$318.32B,$273.73B,1.16,$42.40B,$15.25B,2.78,$16.17B,$12.23B,75.65%,$16.17B,$3.44B,21.29%,$16.17B,0,0.00%,$16.17B,0,0.00%,$16.17B,$3.73B,23.08%,$16.17B,$2.97B,18.34%,$2.97B,$16.50B,17.03%,$2.97B,$14.39B,19.72%,$2.97B,$359.22B,0.78%,$3.44B,$58.90B,5.21%,$3804,$873,$2931,$0,$2480,$3353,$451,$0,$384,$108,$277,$269,$269,$0,$0,$398,399,$0.67,$0.67,$92728,$0,$0,$318317,$0,$21549,$2112,$15665,$39327,$359219,$273726,$42395,$26594,$68989,$342715,$7006,$7979,$0,$16504,$359219,$1342,$471,$0,$471,$0,$0,$0,$0,$-5874,$-6691,$-90,$0,$-130,$0,$0,$0,$8661,$8440,$0,$0,$0,$0,$-294,$-744,$-163,$-1200,$599,$0,$0
18,2014-01-31,61.83,$0.00,0.0,$41.04,1.51,$8.74,7.07,$8.62,7.17,$327.75B,$291.52B,1.12,$47.45B,$16.11B,2.95,$16.42B,$12.30B,74.93%,$16.42B,$3.94B,23.98%,$16.42B,0,0.00%,$16.42B,0,0.00%,$16.42B,$4.38B,26.70%,$16.42B,$3.54B,21.55%,$3.54B,$17.71B,20.10%,$3.54B,$15.13B,23.33%,$3.54B,$375.86B,0.92%,$3.94B,$65.15B,5.67%,$4209,$972,$3237,$0,$2059,$3032,$1178,$0,$1347,$244,$1103,$1058,$1058,$0,$0,$399,399,$2.60,$2.60,$96809,$0,$0,$327753,$0,$25699,$2579,$18141,$46419,$375855,$291517,$47446,$19188,$66633,$358151,$7265,$8423,$0,$17705,$375855,$1103,$89,$0,$89,$0,$0,$0,$0,$-5770,$-4871,$-80,$0,$3225,$0,$0,$2156,$0,$5301,$0,$0,$0,$0,$-99,$-382,$0,$-481,$26,$0,$0
19,2013-10-31,66.29,$0.00,0.0,$40.88,1.62,$24.68,2.69,$7.88,8.41,$339.31B,$288.27B,1.18,$53.02B,$16.41B,3.23,$16.40B,$12.13B,73.95%,$16.40B,$3.56B,21.69%,$16.40B,0,0.00%,$16.40B,0,0.00%,$16.40B,$3.97B,24.22%,$16.40B,$3.26B,19.85%,$3.26B,$18.08B,18.61%,$3.26B,$15.64B,21.55%,$3.26B,$390.94B,0.83%,$3.56B,$71.10B,4.82%,$4000,$1026,$2974,$0,$2123,$3150,$850,$0,$964,$156,$808,$791,$791,$0,$0,$400,400,$1.92,$1.92,$97268,$0,$0,$339310,$0,$29073,$2442,$18427,$49942,$390939,$288267,$53020,$29961,$84588,$372855,$7608,$8245,$0,$18084,$390939,$3336,$347,$0,$347,$0,$0,$0,$0,$770,$5089,$-243,$0,$48,$0,$0,$-2755,$0,$-2950,$0,$0,$-551,$0,$-439,$-1592,$0,$-2581,$-394,$0,$0
20,2013-07-31,58.37,$0.00,0.0,$41.51,1.41,$15.79,3.7,$8.00,7.3,$336.63B,$285.73B,1.18,$51.81B,$15.73B,3.29,$16.72B,$12.33B,73.77%,$16.72B,$3.70B,22.11%,$16.72B,0,0.00%,$16.72B,0,0.00%,$16.72B,$4.03B,24.08%,$16.72B,$3.32B,19.87%,$3.32B,$17.39B,19.29%,$3.32B,$15.02B,22.37%,$3.32B,$385.78B,0.85%,$3.70B,$69.20B,4.96%,$4158,$1066,$3092,$0,$2129,$3196,$963,$0,$1037,$174,$864,$848,$848,$0,$0,$400,400,$2.06,$2.06,$100436,$0,$0,$336629,$0,$26054,$2372,$19111,$47537,$385780,$285726,$51809,$30857,$82665,$368392,$7527,$7788,$0,$17388,$385780,$2488,$248,$0,$248,$0,$0,$0,$0,$-1069,$2177,$-134,$0,$0,$0,$0,$-171,$45,$-260,$0,$0,$-544,$0,$-371,$-1178,$0,$-2093,$-147,$0,$0
21,2013-04-30,60.78,$0.00,0.0,$41.78,1.45,$6.52,9.33,$7.95,7.65,$316.95B,$306.26B,1.04,$55.26B,$15.54B,3.56,$16.88B,$12.44B,73.71%,$16.88B,$3.82B,22.64%,$16.88B,0,0.00%,$16.88B,0,0.00%,$16.88B,$3.97B,23.54%,$16.88B,$3.29B,19.50%,$3.29B,$17.22B,19.30%,$3.29B,$14.86B,22.39%,$3.29B,$391.10B,0.84%,$3.82B,$72.48B,5.09%,$4052,$1053,$2999,$0,$2051,$3105,$947,$0,$1036,$174,$861,$841,$841,$0,$0,$400,401,$2.04,$2.04,$78229,$0,$0,$316954,$0,$26461,$2357,$43698,$72517,$391103,$306259,$55262,$12360,$67623,$373882,$7614,$7420,$0,$17221,$391103,$1646,$165,$0,$165,$0,$0,$0,$0,$-484,$1662,$-85,$0,$0,$0,$0,$-462,$40,$-506,$0,$0,$-11,$0,$-389,$-792,$0,$-1192,$-27,$0,$0
22,2013-01-31,62.58,$0.00,0.0,$41.88,1.49,$1.21,51.73,$7.76,8.06,$344.40B,$278.19B,1.24,$65.05B,$15.58B,4.18,$16.95B,$12.41B,73.20%,$16.95B,$3.76B,22.16%,$16.95B,0,0.00%,$16.95B,0,0.00%,$16.95B,$3.96B,23.34%,$16.95B,$3.20B,18.85%,$3.20B,$17.30B,18.93%,$3.20B,$14.91B,21.99%,$3.20B,$395.53B,0.81%,$3.76B,$82.34B,4.96%,$4193,$1129,$3065,$0,$2268,$3397,$797,$0,$936,$132,$804,$776,$776,$0,$0,$403,404,$1.86,$1.86,$101322,$0,$0,$344402,$0,$27964,$2390,$19100,$49454,$395533,$278190,$65046,$35001,$100048,$378237,$7819,$7280,$0,$17295,$395533,$804,$83,$0,$83,$0,$0,$0,$0,$471,$1465,$-39,$0,$0,$0,$0,$-1155,$41,$-1153,$0,$0,$0,$0,$-217,$-407,$0,$-623,$-313,$0,$0
23,2012-10-31,57.66,$0.00,0.0,$42.32,1.36,$3.39,16.99,$7.84,7.36,$341.39B,$278.47B,1.23,$56.99B,$15.27B,3.73,$17.11B,$12.54B,73.33%,$17.11B,$4.07B,23.82%,$17.11B,0,0.00%,$17.11B,0,0.00%,$17.11B,$4.03B,23.54%,$17.11B,$3.26B,19.03%,$3.26B,$16.97B,19.68%,$3.26B,$14.62B,22.89%,$3.26B,$391.69B,0.83%,$4.07B,$73.96B,5.55%,$4314,$1137,$3176,$0,$2187,$3324,$989,$0,$1016,$152,$864,$857,$857,$0,$0,$405,406,$2.04,$2.04,$100138,$0,$0,$341392,$0,$26222,$2347,$20057,$48626,$391693,$278468,$56990,$39270,$96260,$374729,$7736,$7012,$0,$16965,$391693,$3325,$355,$0,$355,$0,$0,$0,$0,$-3337,$1613,$-308,$0,$0,$0,$0,$2687,$-192,$2188,$0,$0,$-271,$0,$-816,$-1591,$0,$-2678,$1127,$0,$0
24,2012-07-31,52.95,$0.00,0.0,$41.76,1.27,$-4.10,0.0,$7.66,6.91,$347.53B,$270.43B,1.29,$55.02B,$14.76B,3.73,$16.81B,$13.39B,79.64%,$16.81B,$7.11B,42.27%,$16.81B,0,0.00%,$16.81B,0,0.00%,$16.81B,$7.03B,41.83%,$16.81B,$3.18B,18.89%,$3.18B,$16.73B,18.98%,$3.18B,$14.42B,22.12%,$3.18B,$394.51B,0.83%,$7.11B,$71.75B,11.73%,$4321,$1119,$3202,$0,$2113,$3232,$1089,$0,$985,$157,$827,$817,$817,$0,$0,$405,406,$2.02,$2.01,$107928,$0,$0,$347530,$0,$24036,$2317,$19046,$45399,$394514,$270432,$55016,$52334,$107350,$377782,$7619,$6610,$0,$16731,$394514,$2447,$270,$0,$270,$0,$0,$0,$0,$-5308,$-1501,$-189,$0,$0,$0,$0,$4560,$-202,$4169,$0,$0,$-268,$0,$-405,$-1169,$-11,$-1852,$824,$0,$0
25,2012-04-30,53.95,$0.00,0.0,$41.37,1.3,$0.07,814.89,$7.58,7.12,$314.54B,$275.48B,1.14,$58.34B,$14.50B,4.02,$16.58B,$14.27B,86.10%,$16.58B,$10.10B,60.95%,$16.58B,0,0.00%,$16.58B,0,0.00%,$16.58B,$10.13B,61.12%,$16.58B,$3.19B,19.21%,$3.19B,$16.52B,25.37%,$3.19B,$14.17B,29.61%,$3.19B,$389.59B,1.13%,$10.10B,$74.85B,23.68%,$4119,$1156,$2963,$0,$2083,$3240,$880,$0,$1018,$202,$815,$745,$745,$0,$0,$403,404,$1.85,$1.85,$70755,$0,$0,$314544,$0,$26062,$2345,$45071,$73477,$389589,$275481,$58335,$39254,$97589,$373070,$7739,$6311,$0,$16519,$389589,$1655,$184,$0,$184,$0,$0,$0,$0,$-2889,$-454,$-99,$0,$-3,$0,$0,$2557,$0,$2455,$0,$0,$0,$0,$-466,$-798,$-6,$-1270,$723,$0,$0
26,2012-01-31,53.83,$0.00,0.0,$41.01,1.31,$-9.23,0.0,$7.37,7.3,$301.89B,$268.15B,1.13,$56.92B,$13.70B,4.16,$16.36B,$14.26B,87.13%,$16.36B,$10.13B,61.91%,$16.36B,0,0.00%,$16.36B,0,0.00%,$16.36B,$10.04B,61.36%,$16.36B,$3.13B,19.15%,$3.13B,$15.96B,24.69%,$3.13B,$13.68B,28.89%,$3.13B,$383.50B,1.10%,$10.13B,$72.87B,34.29%,$4351,$1149,$3202,$0,$2086,$3235,$1116,$0,$1007,$189,$818,$836,$836,$0,$0,$401,402,$1.95,$1.94,$65192,$0,$0,$301887,$0,$29605,$2272,$48199,$80076,$383503,$268147,$56918,$42483,$99400,$367547,$7384,$5754,$0,$15955,$383503,$818,$89,$0,$89,$0,$0,$0,$0,$1006,$2340,$-44,$0,$-3,$0,$0,$-1562,$0,$-1609,$0,$0,$0,$0,$158,$-390,$-467,$-700,$33,$0,$0
27,2011-10-31,52.75,$0.00,0.0,$40.62,1.3,$-18.26,0.0,$7.37,7.16,$255.51B,$293.51B,0.87,$5.21B,$14.96B,0.35,$16.13B,$14.20B,88.05%,$16.13B,$10.14B,62.86%,$16.13B,0,0.00%,$16.13B,0,0.00%,$16.13B,$10.10B,62.60%,$16.13B,$3.10B,19.24%,$3.10B,$17.75B,24.32%,$3.10B,$15.17B,28.57%,$3.10B,$358.69B,1.11%,$10.14B,$22.96B,59.86%,$4023,$0,$4023,$0,$0,$0,$4023,$0,$4023,$0,$4023,$779,$779,$0,$0,$399,400,$1.86,$1.86,$67878,$0,$0,$255505,$0,$51115,$2584,$47783,$101482,$358686,$293508,$5210,$42217,$47427,$340935,$7480,$7712,$0,$17751,$358686,$3122,$361,$0,$361,$0,$0,$0,$0,$-6146,$-1472,$-238,$0,$55,$0,$0,$11883,$-8214,$3485,$0,$0,$407,$0,$580,$-1578,$-1744,$-2335,$-340,$0,$0
28,2011-07-31,52.65,$0.00,0.0,$39.96,1.32,$-32.46,0.0,$6.66,7.9,$0.00B,$0.00B,0.0,$0.00B,$0.00B,0.0,$16.12B,$13.37B,82.93%,$16.12B,$7.36B,45.62%,$16.12B,0,0.00%,$16.12B,0,0.00%,$16.12B,$7.28B,45.15%,$16.12B,$2.81B,17.45%,$2.81B,$0.00B,23.12%,$2.81B,$0.00B,27.29%,$2.81B,$0.00B,1.03%,$7.36B,$0.00B,45.43%,$4084,$0,$4084,$0,$0,$0,$4084,$0,$4084,$0,$4084,$825,$825,$0,$0,$397,398,$1.94,$1.93,$0,$0,$0,$0,$0,$0,$0,$0,$0,$0,$0,$0,$0,$0,$0,$0,$0,$0,$0,$0,$0,$0,$0,$0,$0,$0,$0,$0,$0,$0,$0,$0,$0,$0,$0,$0,$0,$0,$0,$0,$0,$0,$0,$0,$0,$0,$0,$0,$0
29,2011-04-30,59.0,$0.00,0.0,$38.45,1.53,$-30.39,0.0,$6.18,9.55,$301.29B,$336.35B,0.9,$5.29B,$13.80B,0.38,$15.45B,$11.96B,77.43%,$15.45B,$4.06B,26.29%,$15.45B,0,0.00%,$15.45B,0,0.00%,$15.45B,$4.05B,26.20%,$15.45B,$2.59B,16.78%,$2.59B,$17.04B,16.29%,$2.59B,$14.52B,19.27%,$2.59B,$394.44B,0.72%,$4.06B,$22.33B,18.99%,$3904,$956,$2948,$0,$2041,$2998,$907,$0,$925,$227,$698,$693,$693,$0,$0,$395,396,$1.64,$1.64,$116651,$0,$0,$301291,$0,$48001,$2522,$40988,$91511,$394438,$336347,$5289,$35759,$41047,$377394,$7307,$6984,$0,$17044,$394438,$1517,$182,$0,$182,$0,$0,$0,$0,$-6474,$-4146,$-83,$0,$0,$0,$0,$-27102,$-3631,$-30816,$0,$431,$0,$0,$320,$-791,$34996,$34957,$-59,$0,$0
30,2011-01-31,51.5,$0.00,0.0,$36.90,1.4,$-11.33,0.0,$6.09,8.46,$269.89B,$295.65B,0.91,$6.20B,$13.12B,0.47,$14.99B,$11.86B,79.10%,$14.99B,$4.06B,27.06%,$14.99B,0,0.00%,$14.99B,0,0.00%,$14.99B,$4.02B,26.85%,$14.99B,$2.54B,16.96%,$2.54B,$16.26B,16.62%,$2.54B,$13.78B,19.77%,$2.54B,$361.48B,0.75%,$4.06B,$22.46B,19.38%,$4118,$972,$3146,$0,$2021,$2994,$1125,$0,$1065,$267,$798,$807,$807,$0,$0,$393,394,$1.94,$1.94,$93382,$0,$0,$269886,$0,$0,$2485,$87485,$89970,$361476,$295651,$6195,$43368,$49563,$345214,$6918,$6478,$0,$16262,$361476,$795,$90,$0,$90,$0,$0,$0,$0,$-2435,$-1278,$-27,$0,$0,$0,$0,$-2110,$-13267,$-15404,$0,$0,$0,$0,$146,$-382,$16380,$16144,$-548,$0,$0
31,2010-10-31,51.18,$0.00,0.0,$35.00,1.46,$-9.76,0.0,$5.65,9.06,$245.54B,$272.26B,0.9,$4.60B,$12.34B,0.37,$14.40B,$11.62B,80.67%,$14.40B,$3.84B,26.64%,$14.40B,0,0.00%,$14.40B,0,0.00%,$14.40B,$3.86B,26.84%,$14.40B,$2.35B,16.35%,$2.35B,$15.38B,15.95%,$2.35B,$12.95B,19.09%,$2.35B,$339.19B,0.71%,$3.84B,$19.97B,19.12%,$4017,$825,$3192,$0,$1952,$2777,$1240,$0,$1205,$717,$488,$489,$489,$0,$0,$427,427,$1.15,$1.15,$75106,$0,$0,$245541,$0,$25649,$2430,$63971,$92050,$339191,$272261,$4599,$46955,$51554,$323815,$6555,$5873,$0,$15376,$339191,$2363,$361,$0,$361,$0,$0,$0,$0,$-11312,$-7685,$-212,$0,$-286,$0,$0,$26524,$-32535,$-6508,$0,$0,$-9180,$0,$542,$-1464,$24695,$14594,$364,$0,$0
32,2010-07-31,44.85,$0.00,0.0,$34.21,1.31,$63.87,0.7,$5.99,7.49,$235.48B,$303.08B,0.78,$5.83B,$11.94B,0.49,$13.69B,$11.04B,80.66%,$13.69B,$3.28B,23.92%,$13.69B,0,0.00%,$13.69B,0,0.00%,$13.69B,$3.34B,24.38%,$13.69B,$2.48B,18.12%,$2.48B,$14.97B,17.69%,$2.48B,$12.57B,21.33%,$2.48B,$336.00B,0.78%,$3.28B,$20.80B,16.99%,$3410,$734,$2676,$0,$1886,$2620,$790,$0,$852,$235,$618,$604,$604,$0,$0,$389,390,$1.45,$1.45,$64716,$0,$0,$235482,$0,$54589,$2399,$41982,$98969,$336001,$303077,$5831,$12121,$17952,$321030,$6399,$5740,$0,$14971,$336001,$1876,$268,$0,$268,$0,$0,$0,$0,$-2894,$950,$-143,$0,$-285,$0,$0,$-4829,$-11043,$-16300,$0,$0,$966,$0,$405,$-1092,$15306,$15585,$203,$0,$0
33,2010-04-30,47.32,$0.00,0.0,$33.89,1.4,$119.99,0.39,$5.44,8.7,$235.52B,$272.23B,0.87,$5.90B,$11.51B,0.51,$13.50B,$10.88B,80.60%,$13.50B,$3.02B,22.38%,$13.50B,0,0.00%,$13.50B,0,0.00%,$13.50B,$3.02B,22.40%,$13.50B,$2.26B,16.72%,$2.26B,$14.58B,16.95%,$2.26B,$12.15B,20.63%,$2.26B,$327.03B,0.73%,$3.02B,$20.48B,16.45%,$3444,$602,$2842,$0,$1941,$2543,$901,$0,$902,$254,$648,$642,$642,$0,$0,$413,415,$1.56,$1.55,$63499,$0,$0,$235515,$0,$47843,$2433,$39700,$89976,$327030,$272225,$5901,$34325,$40226,$312452,$6334,$5560,$0,$14578,$327030,$1277,$183,$0,$183,$0,$0,$0,$0,$1385,$3549,$-66,$0,$-289,$0,$0,$2754,$-11417,$-9018,$0,$0,$978,$0,$261,$-736,$4764,$5267,$-242,$0,$0
34,2010-01-31,38.18,$0.00,0.0,$32.90,1.16,$157.23,0.24,$3.68,10.38,$220.88B,$259.46B,0.85,$4.86B,$11.13B,0.44,$12.85B,$10.07B,78.36%,$12.85B,$2.51B,19.57%,$12.85B,0,0.00%,$12.85B,0,0.00%,$12.85B,$2.23B,17.32%,$12.85B,$1.57B,12.22%,$1.57B,$14.13B,12.60%,$1.57B,$11.67B,15.51%,$1.57B,$320.07B,0.53%,$2.51B,$18.99B,14.48%,$3528,$624,$2905,$0,$2000,$2623,$905,$0,$905,$271,$634,$619,$619,$0,$0,$410,413,$1.51,$1.50,$56576,$0,$0,$220882,$0,$54308,$2457,$40884,$97650,$320074,$259456,$4858,$41631,$46490,$305946,$6047,$5156,$0,$14127,$320074,$619,$89,$0,$89,$0,$0,$0,$0,$-1637,$-662,$-54,$0,$0,$0,$0,$5138,$-9079,$-3995,$0,$0,$-5,$0,$124,$-358,$5002,$4764,$100,$0,$0
35,2009-10-31,35.96,$0.00,0.0,$30.74,1.17,$199.90,0.18,$2.45,14.68,$190.68B,$236.02B,0.81,$4.43B,$9.70B,0.46,$12.56B,$9.21B,73.32%,$12.56B,$2.08B,16.53%,$12.56B,0,0.00%,$12.56B,0,0.00%,$12.56B,$1.39B,11.06%,$12.56B,$1.09B,8.66%,$1.09B,$12.41B,9.29%,$1.09B,$10.12B,11.57%,$1.09B,$288.44B,0.38%,$2.08B,$16.83B,12.38%,$3307,$688,$2619,$0,$1940,$2628,$679,$0,$679,$127,$552,$615,$615,$0,$0,$383,384,$1.50,$1.49,$47110,$0,$0,$190678,$0,$34481,$2289,$59604,$96374,$288442,$236015,$4428,$35593,$40021,$276036,$5358,$4427,$0,$12406,$288442,$1008,$346,$0,$346,$0,$0,$0,$0,$19086,$21409,$-234,$0,$0,$0,$0,$-19735,$8976,$-10993,$0,$0,$-1218,$0,$153,$-1279,$-7813,$-10158,$218,$0,$0
36,2009-07-31,38.29,$0.00,0.0,$32.08,1.19,$145.49,0.26,$2.01,19.05,$184.57B,$238.26B,0.78,$5.02B,$9.40B,0.53,$13.06B,$8.74B,66.92%,$13.06B,$1.56B,11.93%,$13.06B,0,0.00%,$13.06B,0,0.00%,$13.06B,$0.87B,6.67%,$13.06B,$0.87B,6.69%,$0.87B,$12.18B,7.19%,$0.87B,$9.85B,8.92%,$0.87B,$296.04B,0.29%,$1.56B,$17.20B,8.79%,$3224,$708,$2517,$0,$1979,$2687,$537,$0,$538,$152,$387,$382,$382,$0,$0,$382,383,$0.90,$0.90,$46105,$0,$0,$184567,$0,$40608,$2328,$67148,$110084,$296044,$238257,$5015,$40442,$45607,$283864,$5430,$4306,$0,$12180,$296044,$467,$265,$0,$265,$0,$0,$0,$0,$21091,$22423,$-161,$0,$0,$0,$0,$-2590,$-2939,$-5691,$0,$0,$-789,$0,$87,$-982,$-14746,$-16429,$259,$0,$0
37,2009-04-30,27.41,$0.00,0.0,$33.73,0.81,$81.49,0.34,$1.22,22.46,$167.20B,$213.97B,0.78,$5.32B,$8.57B,0.62,$13.68B,$8.10B,59.22%,$13.68B,$0.99B,7.26%,$13.68B,0,0.00%,$13.68B,0,0.00%,$13.68B,$0.31B,2.27%,$13.68B,$0.56B,4.10%,$0.56B,$11.11B,4.54%,$0.56B,$8.86B,5.61%,$0.56B,$279.28B,0.18%,$0.99B,$16.43B,5.43%,$2790,$762,$2027,$0,$1635,$2397,$393,$0,$103,$140,$-37,$-46,$-46,$0,$0,$381,382,$-0.21,$-0.21,$43779,$0,$0,$167203,$0,$58487,$2246,$50014,$110748,$279280,$213969,$5316,$48746,$54202,$268171,$4896,$3880,$0,$11109,$279280,$77,$163,$0,$163,$0,$0,$0,$0,$17211,$17534,$-115,$0,$0,$0,$0,$-2200,$939,$-1376,$0,$-2870,$-62,$0,$445,$-593,$-12664,$-15745,$410,$0,$0
38,2009-01-31,22.48,$0.00,0.0,$32.65,0.69,$7.65,2.94,$-1.55,0.0,$183.12B,$228.75B,0.8,$5.49B,$9.01B,0.61,$13.28B,$6.20B,46.70%,$13.28B,$-1.23B,-9.26%,$13.28B,0,0.00%,$13.28B,0,0.00%,$13.28B,$-1.62B,-12.22%,$13.28B,$-0.50B,-3.75%,$-0.50B,$11.16B,-3.82%,$-0.50B,$8.77B,-4.66%,$-0.50B,$288.71B,-0.15%,$-1.23B,$16.65B,-6.47%,$3240,$1193,$2047,$0,$1581,$2774,$467,$0,$69,$-55,$124,$137,$137,$0,$0,$507,507,$0.27,$0.27,$48350,$0,$0,$183118,$0,$52705,$2384,$49184,$104273,$288713,$228753,$5490,$43160,$48804,$277557,$4956,$4290,$0,$11156,$288713,$120,$84,$0,$84,$0,$0,$0,$0,$20579,$20778,$-29,$0,$0,$0,$0,$-13534,$1171,$-12392,$0,$96,$0,$0,$9,$-300,$-8381,$-8576,$-184,$0,$0
39,2008-10-31,26.62,$0.00,0.0,$33.35,0.8,$-67.19,0.0,$-6.25,0.0,$212.89B,$280.44B,0.76,$6.51B,$10.95B,0.59,$12.39B,$3.63B,29.28%,$12.39B,$-4.17B,-33.68%,$12.39B,0,0.00%,$12.39B,0,0.00%,$12.39B,$-4.17B,-33.64%,$12.39B,$-2.10B,-16.99%,$-2.10B,$14.11B,-15.04%,$-2.10B,$11.64B,-18.08%,$-2.10B,$346.14B,-0.62%,$-4.17B,$20.63B,-20.93%,$3801,$1657,$2145,$0,$1983,$3640,$161,$0,$161,$-331,$492,$400,$400,$0,$0,$381,382,$1.05,$1.05,$45187,$0,$0,$212889,$0,$75817,$2471,$53002,$131291,$346144,$280439,$6512,$44899,$51591,$332030,$5929,$5362,$0,$14114,$346144,$-2015,$240,$0,$240,$0,$0,$0,$0,$2693,$424,$-144,$0,$0,$0,$0,$-7090,$4781,$-2452,$0,$3222,$793,$0,$3155,$-1373,$-3739,$2058,$99,$0,$0
40,2008-07-31,35.2,$0.00,0.0,$40.59,0.87,$-56.28,0.0,$-4.82,0.0,$217.28B,$269.46B,0.81,$6.46B,$10.72B,0.6,$14.39B,$4.38B,30.43%,$14.39B,$-3.41B,-23.71%,$14.39B,0,0.00%,$14.39B,0,0.00%,$14.39B,$-3.41B,-23.67%,$14.39B,$-1.64B,-11.37%,$-1.64B,$13.03B,-12.09%,$-1.64B,$10.72B,-14.51%,$-1.64B,$326.08B,-0.49%,$-3.41B,$19.49B,-17.86%,$3851,$1968,$1883,$0,$1911,$3879,$-28,$0,$-23,$-100,$77,$70,$70,$0,$0,$381,382,$0.11,$0.11,$54149,$0,$0,$217276,$0,$59797,$2310,$44800,$106907,$326079,$269463,$6462,$36966,$43590,$313053,$6005,$5360,$0,$13026,$326079,$-2474,$182,$0,$182,$0,$0,$0,$0,$719,$-2122,$-95,$0,$0,$0,$0,$10267,$1377,$11549,$0,$-7110,$804,$0,$2897,$-1035,$-4920,$-9365,$88,$0,$0
41,2008-04-30,42.06,$0.00,0.0,$45.86,0.92,$-50.13,0.0,$-2.74,0.0,$265.65B,$308.43B,0.86,$5.33B,$10.98B,0.49,$16.09B,$5.35B,33.26%,$16.09B,$-2.38B,-14.79%,$16.09B,0,0.00%,$16.09B,0,0.00%,$16.09B,$-2.45B,-15.24%,$16.09B,$-0.92B,-5.70%,$-0.92B,$13.89B,-6.84%,$-0.92B,$11.60B,-8.21%,$-0.92B,$341.35B,-0.28%,$-2.38B,$19.22B,-12.66%,$2383,$2258,$125,$0,$1954,$4212,$-1829,$0,$-1829,$-727,$-1101,$-1105,$-1105,$0,$0,$381,382,$-2.98,$-2.98,$100652,$0,$0,$265647,$0,$24080,$2310,$47398,$73788,$341348,$308430,$5332,$13520,$19010,$327441,$6026,$5671,$0,$13891,$341348,$-2554,$122,$0,$122,$0,$0,$0,$0,$-7897,$-10725,$-64,$0,$0,$0,$0,$6094,$338,$6369,$0,$-4818,$-337,$0,$2912,$-680,$6944,$4022,$-313,$0,$0
42,2008-01-31,39.26,$0.00,0.0,$54.17,0.72,$2.79,14.06,$2.28,17.22,$241.27B,$290.53B,0.83,$5.45B,$12.58B,0.43,$18.66B,$7.86B,42.12%,$18.66B,$0.23B,1.25%,$18.66B,0,0.00%,$18.66B,0,0.00%,$18.66B,$0.16B,0.86%,$18.66B,$0.88B,4.74%,$0.88B,$14.94B,6.85%,$0.88B,$12.59B,8.26%,$0.88B,$350.86B,0.28%,$0.23B,$20.39B,1.28%,$2351,$2877,$-526,$0,$1950,$4827,$-2476,$0,$-2476,$-1011,$-1465,$-1469,$-1469,$0,$0,$332,332,$-4.43,$-4.43,$77247,$0,$0,$241273,$0,$59004,$2346,$46221,$107572,$350864,$290526,$5451,$39792,$45401,$335927,$6103,$7239,$0,$14936,$350864,$-1469,$63,$0,$63,$0,$0,$0,$0,$-10013,$-11203,$-43,$0,$0,$0,$0,$3284,$0,$3241,$0,$-2689,$-252,$0,$2950,$-324,$8475,$8160,$218,$0,$0
43,2007-10-31,60.11,$0.00,0.0,$60.72,0.99,$17.69,3.4,$8.54,7.04,$214.25B,$256.90B,0.83,$5.03B,$10.17B,0.5,$21.29B,$11.07B,51.98%,$21.29B,$3.58B,16.82%,$21.29B,0,0.00%,$21.29B,0,0.00%,$21.29B,$3.51B,16.48%,$21.29B,$3.02B,14.19%,$3.02B,$12.29B,25.13%,$3.02B,$10.24B,30.54%,$3.02B,$311.72B,1.02%,$3.58B,$17.32B,20.68%,$5808,$2911,$2898,$0,$1977,$4887,$921,$0,$921,$52,$869,$867,$867,$0,$0,$335,338,$2.50,$2.48,$66071,$0,$0,$214249,$0,$56246,$2052,$37375,$95673,$311724,$256904,$5034,$37366,$42532,$299436,$2854,$8214,$0,$12288,$311724,$3003,$230,$0,$230,$0,$0,$0,$0,$517,$4160,$-224,$0,$-947,$0,$0,$-13456,$0,$-14628,$0,$-2438,$-173,$0,$-243,$-1078,$14591,$10660,$128,$0,$0
44,2007-07-31,47.62,$0.00,0.0,$57.77,0.82,$-12.23,0.0,$7.99,5.96,$224.66B,$267.10B,0.84,$5.76B,$10.33B,0.56,$20.30B,$10.75B,52.94%,$20.30B,$3.47B,17.08%,$20.30B,0,0.00%,$20.30B,0,0.00%,$20.30B,$3.40B,16.73%,$20.30B,$2.89B,14.21%,$2.89B,$12.51B,24.48%,$2.89B,$10.25B,29.10%,$2.89B,$316.52B,1.01%,$3.47B,$18.27B,20.34%,$5548,$2694,$2855,$0,$1850,$4544,$1004,$0,$932,$147,$786,$790,$790,$0,$0,$358,361,$2.21,$2.19,$75089,$0,$0,$224659,$0,$53081,$2251,$34579,$89911,$316515,$267102,$5764,$30999,$36908,$304010,$2915,$7892,$0,$12505,$316515,$2253,$179,$0,$179,$0,$0,$0,$0,$-2517,$344,$-218,$0,$-971,$0,$0,$-12198,$0,$-13387,$0,$3075,$324,$0,$-275,$-804,$10756,$13076,$19,$0,$0
45,2007-04-30,48.01,$0.00,0.0,$55.50,0.87,$-17.52,0.0,$7.48,6.42,$230.66B,$237.29B,0.97,$5.19B,$9.52B,0.55,$19.36B,$10.43B,53.87%,$19.36B,$3.17B,16.39%,$19.36B,0,0.00%,$19.36B,0,0.00%,$19.36B,$3.17B,16.39%,$19.36B,$2.69B,13.89%,$2.69B,$11.87B,23.52%,$2.69B,$9.75B,27.28%,$2.69B,$281.84B,0.98%,$3.17B,$17.06B,19.16%,$4953,$2321,$2632,$0,$1849,$4169,$784,$0,$784,$79,$705,$696,$696,$0,$0,$337,341,$2.06,$2.04,$95587,$0,$0,$230664,$0,$17570,$2121,$29635,$49326,$281839,$237291,$5187,$27349,$32676,$269967,$2706,$7077,$0,$11871,$281839,$696,$61,$0,$61,$0,$0,$0,$0,$7586,$8417,$0,$0,$-226,$0,$0,$-7323,$0,$-7549,$0,$2172,$39,$0,$274,$-254,$-3256,$-1024,$-199,$0,$0
46,2007-01-31,45.81,$0.00,0.0,$52.82,0.87,$-36.26,0.0,$6.87,6.67,$227.43B,$237.20B,0.96,$5.19B,$9.31B,0.56,$18.61B,$10.20B,54.80%,$18.61B,$3.09B,16.58%,$18.61B,0,0.00%,$18.61B,0,0.00%,$18.61B,$3.09B,16.58%,$18.61B,$2.50B,13.43%,$2.50B,$11.42B,22.90%,$2.50B,$9.33B,26.00%,$2.50B,$279.70B,0.94%,$3.09B,$16.61B,19.26%,$4979,$2299,$2680,$0,$1809,$4108,$871,$0,$871,$200,$671,$668,$668,$0,$0,$362,365,$1.85,$1.83,$95173,$0,$0,$227431,$0,$19661,$2087,$28605,$50353,$279701,$237197,$5194,$25654,$31089,$268285,$2700,$6670,$0,$11416,$279701,$668,$50,$0,$50,$0,$0,$0,$0,$-7578,$-6737,$-202,$0,$-675,$0,$0,$4225,$0,$3348,$0,$-1021,$143,$0,$88,$-237,$5121,$4095,$538,$0,$0
47,2006-10-31,41.36,$0.00,0.0,$50.61,0.82,$-34.34,0.0,$6.43,6.43,$215.57B,$222.75B,0.97,$4.92B,$8.74B,0.56,$17.73B,$9.96B,56.20%,$17.73B,$2.91B,16.44%,$17.73B,0,0.00%,$17.73B,0,0.00%,$17.73B,$2.91B,16.44%,$17.73B,$2.33B,13.14%,$2.33B,$11.36B,22.33%,$2.33B,$10.33B,24.80%,$2.33B,$267.20B,0.90%,$2.91B,$16.28B,19.08%,$4822,$2242,$2580,$0,$1771,$4014,$809,$0,$809,$81,$727,$731,$731,$0,$0,$335,339,$2.09,$1.93,$87562,$0,$0,$215567,$0,$18606,$1032,$30211,$49849,$267202,$222747,$4918,$28168,$33097,$255844,$2677,$6389,$0,$11358,$267202,$2326,$207,$0,$207,$0,$0,$0,$0,$-9418,$-6099,$-90,$0,$-66,$0,$0,$-15893,$0,$-16049,$0,$14159,$-497,$0,$82,$-928,$9358,$22174,$6,$0,$0
