,Date,Stock Price,Book Value per Share,Price to Book Ratio,TTM Sales per Share,Price to Sales Ratio,TTM FCF per Share,Price to FCF Ratio,TTM Net EPS,PE Ratio,Current Assets,Current Liabilities,Current Ratio,Long Term Debt,Shareholder's Equity_x,Debt to Equity Ratio,TTM Revenue_x,TTM Gross Profit,Gross Margin,TTM Revenue_y,TTM Operating Income,Operating Margin,TTM Revenue_x,TTM EBIT,EBIT Margin,TTM Revenue_y,TTM EBITDA,EBITDA Margin,TTM Revenue_x,TTM Pre-Tax Income,Pre-Tax Margin,TTM Revenue_y,TTM Net Income_x,Net Margin,TTM Net Income_y,Shareholder's Equity_y,Return on Equity,TTM Net Income_x,Tangible Equity,Return on Tangible Equity,TTM Net Income_y,Total Assets,Return on Assets,TTM Net Income,LT Investments & Debt,Return on Investment,revenue,cost-goods-sold,gross-profit,research-development-expenses,selling-general-administrative-expenses,operating-expenses,operating-income,total-non-operating-income-expense,pre-tax-income,total-provision-income-taxes,income-after-taxes,income-from-continuous-operations,net-income,ebitda,ebit,basic-shares-outstanding,shares-outstanding,eps-basic-net-earnings-per-share,eps-earnings-per-share-diluted,cash-on-hand,inventory,other-current-assets,total-current-assets,net-property-plant-equipment,long-term-investments,goodwill-intangible-assets-total,other-long-term-assets,total-long-term-assets,total-assets,total-current-liabilities,long-term-debt,other-non-current-liabilities,total-long-term-liabilities,total-liabilities,common-stock-net,retained-earnings-accumulated-deficit,comprehensive-income,total-share-holder-equity,total-liabilities-share-holders-equity,net-income-loss,total-depreciation-amortization-cash-flow,other-non-cash-items,total-non-cash-items,change-in-accounts-receivable,change-in-inventories,change-in-accounts-payable,change-in-assets-liabilities,total-change-in-assets-liabilities,cash-flow-from-operating-activities,net-change-in-property-plant-equipment,net-change-in-intangible-assets,net-acquisitions-divestitures,net-change-in-short-term-investments,net-change-in-long-term-investments,net-change-in-investments-total,investing-activities-other,cash-flow-from-investing-activities,net-long-term-debt,net-current-debt,debt-issuance-retirement-net-total,net-common-equity-issued-repurchased,net-total-equity-issued-repurchased,total-common-preferred-stock-dividends-paid,financial-activities-other,cash-flow-from-financial-activities,net-cash-flow,stock-based-compensation,common-stock-dividends-paid
0,2018-08-31,21.6,$12.76,1.69,$39.31,0.55,$-1.69,0.0,$1.18,18.31,$2.08B,$0.54B,3.83,$1.14B,$1.49B,0.76,$4.64B,$0.62B,13.42%,$4.64B,$0.22B,4.76%,$4.64B,$0.22B,4.76%,$4.64B,$0.35B,7.58%,$4.64B,$0.17B,3.58%,$4.64B,$0.14B,2.99%,$0.14B,$1.49B,9.53%,$0.14B,$1.43B,9.97%,$0.14B,$3.33B,4.49%,$0.22B,$2.63B,9.10%,$1146,$984,$163,$0,$85,$1068,$78,$-30,$48,$3,$45,$45,$52,$110,$78,$117,118,$0.44,$0.43,$622,$589,$116,$2077,$1075,$0,$64,$112,$1251,$3328,$542,$1139,$116,$1293,$1835,$1,$1446,$-94,$1494,$3328,$139,$132,$56,$188,$-89,$-43,$0,$-15,$-167,$159,$-167,$0,$69,$0,$0,$0,$27,$-71,$330,$0,$330,$-9,$-9,$-56,$-5,$259,$347,$24,$-56
1,2018-05-31,23.51,$12.42,1.89,$37.64,0.62,$-1.92,0.0,$0.49,47.97,$2.00B,$0.51B,3.9,$1.14B,$1.45B,0.78,$4.44B,$0.57B,12.88%,$4.44B,$0.14B,3.06%,$4.44B,$0.14B,3.06%,$4.44B,$0.26B,5.88%,$4.44B,$0.10B,2.32%,$4.44B,$0.06B,1.28%,$0.06B,$1.45B,3.97%,$0.06B,$1.39B,4.16%,$0.06B,$3.25B,1.90%,$0.14B,$2.59B,5.86%,$1204,$1036,$169,$0,$101,$1137,$67,$-12,$56,$13,$42,$42,$40,$100,$67,$117,118,$0.34,$0.34,$600,$595,$121,$1995,$1074,$0,$64,$112,$1251,$3245,$512,$1139,$111,$1281,$1793,$1,$1409,$-92,$1453,$3245,$87,$99,$40,$140,$0,$0,$0,$-135,$-135,$92,$-138,$0,$69,$0,$0,$0,$49,$-21,$335,$0,$335,$-10,$-10,$-42,$-5,$278,$348,$18,$-42
2,2018-02-28,24.02,$12.42,1.93,$36.37,0.66,$-2.74,0.0,$0.49,49.01,$1.65B,$0.53B,3.11,$0.80B,$1.45B,0.55,$4.28B,$0.55B,12.87%,$4.28B,$0.12B,2.90%,$4.28B,$0.12B,2.90%,$4.28B,$0.25B,5.75%,$4.28B,$0.09B,2.10%,$4.28B,$0.06B,1.31%,$0.06B,$1.45B,3.93%,$0.06B,$1.39B,4.11%,$0.06B,$2.91B,1.86%,$0.12B,$2.25B,5.59%,$1054,$927,$127,$0,$108,$1036,$19,$-7,$12,$2,$10,$10,$10,$53,$19,$117,118,$0.09,$0.09,$195,$523,$295,$1648,$1083,$0,$65,$115,$1262,$2910,$530,$800,$110,$929,$1459,$1,$1383,$-66,$1451,$2910,$47,$66,$21,$87,$0,$0,$0,$-85,$-85,$49,$-100,$0,$0,$0,$0,$0,$39,$-61,$-10,$0,$-10,$-7,$-7,$-28,$0,$-45,$-57,$13,$-28
3,2017-11-30,19.51,$12.30,1.59,$34.82,0.56,$-2.97,0.0,$0.66,29.57,$1.60B,$0.50B,3.2,$0.80B,$1.44B,0.56,$4.09B,$0.56B,13.72%,$4.09B,$0.15B,3.62%,$4.09B,$0.15B,3.62%,$4.09B,$0.27B,6.48%,$4.09B,$0.11B,2.67%,$4.09B,$0.08B,1.86%,$0.08B,$1.44B,5.41%,$0.08B,$1.37B,5.68%,$0.08B,$2.90B,2.48%,$0.15B,$2.24B,6.78%,$1239,$1075,$164,$0,$107,$1182,$57,$-7,$50,$12,$39,$39,$37,$89,$57,$116,118,$0.32,$0.31,$130,$565,$133,$1600,$1093,$0,$65,$140,$1298,$2899,$500,$804,$102,$963,$1464,$1,$1387,$-78,$1435,$2899,$37,$32,$17,$50,$0,$0,$0,$-121,$-121,$-34,$-59,$0,$-5,$0,$0,$0,$0,$-64,$-3,$2,$-1,$-10,$-10,$-14,$0,$-24,$-122,$5,$-14
4,2017-08-31,18.46,$12.10,1.53,$32.84,0.56,$-2.55,0.0,$0.40,46.16,$1.71B,$0.61B,2.82,$0.81B,$1.40B,0.58,$3.84B,$0.52B,13.55%,$3.84B,$0.11B,2.89%,$3.84B,$0.11B,2.89%,$3.84B,$0.23B,5.85%,$3.84B,$0.07B,1.72%,$3.84B,$0.05B,1.17%,$0.05B,$1.40B,3.27%,$0.05B,$1.34B,3.43%,$0.05B,$2.98B,1.45%,$0.11B,$2.21B,5.18%,$943,$831,$112,$0,$96,$950,$-7,$-8,$-15,$-6,$-9,$-9,$-30,$19,$-7,$116,117,$-0.25,$-0.26,$253,$463,$437,$1714,$1052,$0,$65,$145,$1261,$2975,$608,$806,$111,$966,$1574,$1,$1364,$-82,$1401,$2975,$46,$113,$81,$194,$3,$-99,$0,$-64,$-66,$174,$-210,$0,$107,$0,$0,$0,$0,$-103,$-236,$0,$-236,$-5,$-5,$-56,$-27,$-324,$-254,$30,$-56
5,2017-05-31,17.58,$12.25,1.44,$26.47,0.66,$1.43,12.31,$0.65,27.05,$2.05B,$0.92B,2.24,$0.75B,$1.42B,0.53,$3.10B,$0.52B,16.64%,$3.10B,$0.15B,4.88%,$3.10B,$0.15B,4.88%,$3.10B,$0.27B,8.69%,$3.10B,$0.06B,1.97%,$3.10B,$0.08B,2.42%,$0.08B,$1.42B,5.48%,$0.08B,$1.35B,5.76%,$0.08B,$3.28B,2.39%,$0.15B,$2.17B,7.11%,$1045,$896,$148,$0,$93,$990,$55,$-12,$43,$11,$32,$32,$39,$85,$55,$116,117,$0.34,$0.34,$276,$798,$108,$2052,$1017,$0,$67,$139,$1223,$3275,$916,$752,$127,$940,$1857,$1,$1407,$-97,$1418,$3275,$76,$87,$20,$107,$0,$0,$0,$-164,$-164,$19,$-160,$0,$-54,$0,$0,$0,$7,$-207,$-9,$1,$-8,$-6,$-6,$-42,$2,$-53,$-242,$20,$-42
6,2017-02-28,20.4,$11.76,1.73,$28.13,0.73,$6.13,3.33,$0.48,42.5,$1.99B,$0.84B,2.37,$0.75B,$1.36B,0.55,$3.28B,$0.54B,16.54%,$3.28B,$0.16B,4.79%,$3.28B,$0.16B,4.79%,$3.28B,$0.28B,8.39%,$3.28B,$0.06B,1.95%,$3.28B,$0.06B,1.68%,$0.06B,$1.36B,4.06%,$0.06B,$1.30B,4.27%,$0.06B,$3.13B,1.78%,$0.16B,$2.11B,7.17%,$862,$725,$137,$0,$94,$819,$43,$-12,$31,$8,$23,$23,$30,$72,$43,$116,117,$0.26,$0.26,$396,$721,$96,$1987,$940,$0,$67,$138,$1145,$3132,$840,$752,$122,$930,$1770,$1,$1382,$-125,$1362,$3132,$37,$57,$10,$67,$0,$0,$0,$-91,$-91,$12,$-90,$0,$-25,$0,$0,$0,$21,$-94,$-6,$-0,$-6,$-5,$-5,$-28,$0,$-39,$-122,$16,$-28
7,2016-11-30,21.12,$11.51,1.84,$29.52,0.72,$9.15,2.31,$0.31,68.14,$1.91B,$0.74B,2.58,$0.76B,$1.33B,0.57,$3.44B,$0.54B,15.72%,$3.44B,$0.14B,4.19%,$3.44B,$0.14B,4.19%,$3.44B,$0.26B,7.63%,$3.44B,$0.05B,1.34%,$3.44B,$0.04B,1.05%,$0.04B,$1.33B,2.66%,$0.04B,$1.26B,2.80%,$0.04B,$3.00B,1.17%,$0.14B,$2.09B,6.36%,$994,$870,$124,$0,$103,$974,$20,$-13,$7,$2,$5,$5,$6,$49,$20,$115,117,$0.05,$0.05,$465,$634,$97,$1913,$893,$0,$66,$131,$1090,$3003,$740,$755,$127,$932,$1672,$1,$1365,$-135,$1330,$3003,$6,$28,$-2,$26,$0,$0,$0,$-34,$-34,$-1,$-43,$0,$1,$0,$0,$0,$17,$-26,$-3,$0,$-3,$-8,$-8,$-14,$0,$-24,$-52,$8,$-14
8,2016-08-31,14.79,$11.93,1.24,$30.84,0.48,$11.32,1.31,$0.47,31.47,$2.05B,$0.82B,2.49,$0.76B,$1.37B,0.55,$3.60B,$0.57B,15.96%,$3.60B,$0.18B,5.01%,$3.60B,$0.18B,5.01%,$3.60B,$0.30B,8.31%,$3.60B,$0.08B,2.11%,$3.60B,$0.06B,1.53%,$0.06B,$1.37B,4.04%,$0.06B,$1.30B,4.25%,$0.06B,$3.13B,1.75%,$0.18B,$2.13B,7.49%,$194,$88,$106,$0,$73,$161,$33,$-53,$-20,$-11,$-10,$-10,$-0,$63,$33,$115,117,$0.00,$0.00,$518,$540,$301,$2048,$895,$0,$66,$121,$1083,$3131,$821,$758,$121,$942,$1763,$1,$1373,$-113,$1367,$3131,$55,$119,$111,$231,$123,$210,$0,$12,$302,$587,$-158,$0,$4,$0,$0,$0,$0,$-154,$-211,$-62,$-273,$-37,$-37,$-55,$-13,$-378,$54,$26,$-55
9,2016-05-31,16.24,$11.89,1.37,$36.36,0.45,$9.42,1.73,$0.42,38.68,$2.03B,$0.49B,4.17,$1.07B,$1.36B,0.78,$4.25B,$0.55B,12.85%,$4.25B,$0.14B,3.39%,$4.25B,$0.14B,3.39%,$4.25B,$0.26B,6.21%,$4.25B,$0.07B,1.53%,$4.25B,$0.07B,1.58%,$0.07B,$1.36B,4.91%,$0.07B,$1.30B,5.16%,$0.07B,$3.11B,2.08%,$0.14B,$2.43B,5.68%,$1227,$1052,$175,$0,$115,$1167,$61,$-15,$46,$11,$35,$35,$19,$91,$61,$115,116,$0.17,$0.17,$484,$662,$146,$2031,$890,$0,$66,$123,$1079,$3111,$487,$1068,$116,$1260,$1747,$1,$1387,$-127,$1363,$3111,$55,$90,$68,$158,$148,$206,$0,$6,$294,$507,$-101,$0,$0,$0,$0,$0,$-49,$-150,$-209,$-60,$-269,$-37,$-37,$-42,$-10,$-357,$-1,$20,$-42
10,2016-02-29,13.8,$11.78,1.17,$38.68,0.36,$5.86,2.36,$0.74,18.65,$1.98B,$0.45B,4.39,$1.07B,$1.35B,0.8,$4.53B,$0.56B,12.43%,$4.53B,$0.17B,3.64%,$4.53B,$0.17B,3.64%,$4.53B,$0.29B,6.32%,$4.53B,$0.08B,1.77%,$4.53B,$0.08B,1.70%,$0.08B,$1.35B,5.65%,$0.08B,$1.28B,5.95%,$0.08B,$3.04B,2.30%,$0.17B,$2.42B,6.38%,$1020,$885,$135,$0,$94,$990,$30,$-17,$13,$2,$11,$11,$11,$59,$30,$115,117,$0.09,$0.09,$382,$754,$159,$1980,$878,$0,$66,$119,$1063,$3044,$451,$1072,$110,$1243,$1695,$1,$1381,$-131,$1349,$3044,$36,$60,$28,$87,$202,$112,$0,$11,$210,$333,$-59,$0,$0,$0,$0,$0,$-49,$-109,$-206,$-46,$-252,$-36,$-36,$-28,$-11,$-327,$-104,$13,$-28
11,2015-11-30,13.77,$11.75,1.17,$41.74,0.33,$1.98,6.97,$1.11,12.4,$2.26B,$0.52B,4.39,$1.28B,$1.37B,0.93,$4.90B,$0.58B,11.74%,$4.90B,$0.17B,3.51%,$4.90B,$0.17B,3.51%,$4.90B,$0.30B,6.04%,$4.90B,$0.09B,1.74%,$4.90B,$0.07B,1.47%,$0.07B,$1.37B,5.32%,$0.07B,$1.30B,5.61%,$0.07B,$3.30B,2.07%,$0.17B,$2.64B,6.54%,$1155,$997,$158,$0,$102,$1099,$56,$-18,$37,$12,$26,$26,$25,$86,$56,$116,117,$0.22,$0.21,$637,$795,$108,$2259,$860,$0,$66,$117,$1043,$3303,$515,$1275,$95,$1422,$1937,$1,$1385,$-136,$1366,$3303,$25,$30,$-6,$24,$177,$79,$0,$-9,$170,$220,$-8,$0,$0,$0,$0,$0,$0,$-8,$-3,$-30,$-33,$-12,$-12,$-14,$0,$-59,$152,$6,$-14
12,2015-08-31,14.5,$11.95,1.21,$46.03,0.31,$-0.68,0.0,$1.20,12.08,$2.38B,$0.63B,3.79,$1.27B,$1.38B,0.92,$5.42B,$0.60B,11.01%,$5.42B,$0.18B,3.37%,$5.42B,$0.18B,3.37%,$5.42B,$0.31B,5.68%,$5.42B,$0.10B,1.75%,$5.42B,$0.08B,1.46%,$0.08B,$1.38B,5.87%,$0.08B,$1.32B,6.20%,$0.08B,$3.44B,2.22%,$0.18B,$2.65B,6.97%,$847,$770,$78,$0,$81,$850,$-3,$-27,$-31,$-7,$-24,$-24,$12,$28,$-3,$117,118,$0.10,$0.10,$485,$880,$111,$2380,$884,$0,$66,$110,$1060,$3440,$629,$1272,$102,$1430,$2059,$1,$1374,$-114,$1381,$3440,$79,$125,$59,$184,$89,$128,$0,$14,$50,$313,$-105,$0,$28,$0,$0,$0,$0,$-77,$-11,$-73,$-84,$-43,$-43,$-56,$3,$-181,$50,$23,$-56
13,2015-05-31,14.73,$11.71,1.26,$54.34,0.27,$-2.00,0.0,$1.54,9.56,$2.51B,$0.78B,3.22,$1.28B,$1.35B,0.95,$6.41B,$0.72B,11.16%,$6.41B,$0.27B,4.21%,$6.41B,$0.27B,4.21%,$6.41B,$0.40B,6.19%,$6.41B,$0.19B,2.92%,$6.41B,$0.10B,1.56%,$0.10B,$1.35B,7.47%,$0.10B,$1.28B,7.91%,$0.10B,$3.58B,2.76%,$0.27B,$2.63B,10.31%,$1506,$1314,$192,$0,$110,$1424,$82,$-21,$61,$22,$39,$39,$29,$113,$82,$116,117,$0.25,$0.25,$381,$945,$168,$2514,$872,$0,$74,$120,$1066,$3580,$781,$1279,$105,$1445,$2226,$1,$1331,$-96,$1353,$3580,$67,$94,$24,$118,$-8,$3,$0,$6,$-127,$59,$-66,$0,$2,$0,$0,$0,$0,$-63,$-8,$44,$36,$-43,$-43,$-42,$4,$-45,$-54,$18,$-42
14,2015-02-28,13.69,$11.33,1.21,$56.08,0.24,$-1.66,0.0,$1.25,10.95,$2.51B,$0.84B,3.01,$1.28B,$1.31B,0.98,$6.65B,$0.70B,10.56%,$6.65B,$0.25B,3.69%,$6.65B,$0.25B,3.69%,$6.65B,$0.37B,5.61%,$6.65B,$0.16B,2.47%,$6.65B,$0.10B,1.43%,$0.10B,$1.31B,7.10%,$0.10B,$1.24B,7.51%,$0.10B,$3.59B,2.62%,$0.25B,$2.59B,9.36%,$1391,$1244,$147,$0,$110,$1354,$37,$-19,$18,$5,$13,$13,$6,$69,$37,$117,118,$0.06,$0.05,$313,$1088,$183,$2514,$875,$0,$74,$126,$1076,$3590,$836,$1281,$104,$1442,$2278,$1,$1288,$-92,$1311,$3590,$38,$63,$6,$70,$88,$-175,$0,$-0,$-247,$-139,$-41,$0,$2,$0,$0,$0,$0,$-39,$-5,$130,$125,$-41,$-41,$-28,$4,$60,$-122,$12,$-28
15,2014-11-30,14.73,$11.38,1.29,$57.72,0.26,$-0.07,0.0,$0.88,16.74,$2.51B,$0.84B,3.0,$1.28B,$1.34B,0.96,$6.85B,$0.70B,10.17%,$6.85B,$0.24B,3.56%,$6.85B,$0.24B,3.56%,$6.85B,$0.37B,5.43%,$6.85B,$0.16B,2.38%,$6.85B,$0.10B,1.46%,$0.10B,$1.34B,7.44%,$0.10B,$1.27B,7.86%,$0.10B,$3.62B,2.76%,$0.24B,$2.62B,9.30%,$1680,$1500,$180,$0,$113,$1613,$67,$-19,$47,$13,$34,$34,$32,$99,$67,$118,119,$0.27,$0.27,$326,$952,$200,$2512,$902,$0,$74,$128,$1104,$3616,$838,$1283,$105,$1439,$2277,$1,$1248,$-47,$1339,$3616,$32,$32,$2,$34,$12,$-97,$0,$-0,$-146,$-80,$-22,$0,$3,$0,$0,$0,$0,$-19,$-2,$21,$18,$-12,$-12,$-14,$0,$-8,$-109,$6,$-14
16,2014-08-31,15.47,$11.45,1.35,$57.28,0.27,$1.30,11.88,$0.97,15.94,$2.55B,$0.89B,2.87,$1.28B,$1.35B,0.95,$6.79B,$0.69B,10.22%,$6.79B,$0.25B,3.61%,$6.79B,$0.25B,3.61%,$6.79B,$0.37B,5.51%,$6.79B,$0.17B,2.43%,$6.79B,$0.11B,1.68%,$0.11B,$1.35B,8.51%,$0.11B,$1.27B,8.99%,$0.11B,$3.69B,3.17%,$0.25B,$2.63B,9.36%,$1837,$1641,$197,$0,$113,$1753,$84,$-23,$61,$15,$46,$46,$33,$117,$84,$117,119,$0.28,$0.27,$435,$935,$106,$2554,$925,$0,$74,$135,$1135,$3689,$891,$1281,$112,$1449,$2340,$1,$1226,$-20,$1349,$3689,$113,$128,$46,$174,$-22,$-191,$0,$-27,$-150,$137,$-84,$0,$37,$0,$0,$0,$0,$-47,$-8,$18,$10,$-1,$-1,$-56,$13,$-34,$56,$18,$-56
17,2014-05-31,15.78,$11.47,1.38,$53.88,0.29,$1.48,10.67,$0.71,22.22,$2.50B,$0.82B,3.05,$1.28B,$1.35B,0.95,$6.36B,$0.65B,10.14%,$6.36B,$0.23B,3.61%,$6.36B,$0.23B,3.61%,$6.36B,$0.36B,5.61%,$6.36B,$0.15B,2.39%,$6.36B,$0.09B,1.34%,$0.09B,$1.35B,6.44%,$0.09B,$1.28B,6.80%,$0.09B,$3.62B,2.40%,$0.23B,$2.63B,8.86%,$1739,$1560,$178,$0,$121,$1682,$57,$-19,$38,$14,$24,$24,$24,$89,$57,$118,119,$0.20,$0.20,$437,$945,$169,$2498,$932,$0,$70,$119,$1120,$3618,$819,$1277,$116,$1449,$2268,$1,$1205,$2,$1351,$3618,$81,$95,$15,$111,$65,$-177,$0,$-24,$-97,$94,$-61,$0,$52,$0,$0,$0,$0,$-9,$-5,$2,$-3,$-1,$-1,$-42,$18,$-28,$58,$16,$-42
18,2014-02-28,17.09,$11.35,1.51,$54.13,0.32,$1.12,15.21,$0.67,25.51,$2.42B,$0.77B,3.16,$1.28B,$1.34B,0.96,$6.38B,$0.64B,10.08%,$6.38B,$0.23B,3.56%,$6.38B,$0.23B,3.56%,$6.38B,$0.35B,5.54%,$6.38B,$0.15B,2.35%,$6.38B,$0.08B,1.25%,$0.08B,$1.34B,6.14%,$0.08B,$1.27B,6.50%,$0.08B,$3.54B,2.26%,$0.23B,$2.61B,8.80%,$1597,$1455,$142,$0,$106,$1561,$36,$-19,$17,$4,$13,$13,$11,$68,$36,$117,119,$0.09,$0.09,$432,$981,$167,$2418,$935,$0,$70,$122,$1126,$3544,$767,$1277,$116,$1442,$2209,$1,$1196,$1,$1336,$3544,$57,$63,$0,$64,$170,$-214,$0,$-18,$-84,$36,$-30,$0,$52,$0,$0,$0,$0,$22,$-3,$7,$4,$-1,$-1,$-28,$18,$-6,$53,$11,$-28
19,2013-11-30,17.05,$11.28,1.51,$55.03,0.31,$0.34,50.77,$0.62,27.5,$2.42B,$0.76B,3.17,$1.28B,$1.32B,0.97,$6.47B,$0.64B,9.89%,$6.47B,$0.22B,3.34%,$6.47B,$0.22B,3.34%,$6.47B,$0.34B,5.27%,$6.47B,$0.14B,2.18%,$6.47B,$0.07B,1.14%,$0.07B,$1.32B,5.72%,$0.07B,$1.25B,6.07%,$0.07B,$3.54B,2.11%,$0.22B,$2.60B,8.68%,$1617,$1440,$177,$0,$109,$1549,$68,$-19,$49,$15,$34,$34,$46,$100,$68,$117,118,$0.39,$0.39,$515,$793,$181,$2416,$930,$0,$70,$122,$1122,$3538,$763,$1277,$121,$1452,$2215,$1,$1199,$-8,$1323,$3538,$46,$32,$0,$32,$76,$-30,$0,$-20,$-5,$73,$-12,$0,$54,$0,$0,$0,$0,$42,$-2,$21,$19,$-2,$-2,$-14,$17,$20,$137,$6,$-14
20,2013-08-31,12.98,$10.86,1.2,$56.28,0.23,$-0.64,0.0,$0.65,19.97,$2.37B,$0.78B,3.03,$1.28B,$1.27B,1.01,$6.60B,$0.65B,9.85%,$6.60B,$0.21B,3.18%,$6.60B,$0.21B,3.18%,$6.60B,$0.33B,5.06%,$6.60B,$0.16B,2.47%,$6.60B,$0.08B,1.18%,$0.08B,$1.27B,6.05%,$0.08B,$1.20B,6.42%,$0.08B,$3.50B,2.23%,$0.21B,$2.55B,8.73%,$1410,$1263,$148,$0,$79,$1341,$69,$-21,$48,$14,$33,$33,$4,$100,$69,$117,117,$0.03,$0.04,$379,$757,$163,$2366,$940,$0,$70,$119,$1129,$3495,$781,$1279,$118,$1444,$2225,$1,$1167,$-27,$1270,$3495,$77,$124,$79,$203,$-70,$26,$0,$-2,$-133,$148,$-75,$0,$0,$0,$29,$29,$0,$-46,$125,$-26,$99,$1,$1,$-56,$-29,$15,$116,$19,$-56
21,2013-05-31,13.34,$10.96,1.22,$58.80,0.23,$-0.08,0.0,$0.88,15.16,$2.43B,$0.86B,2.81,$1.28B,$1.28B,1.0,$6.90B,$0.68B,9.84%,$6.90B,$0.21B,2.97%,$6.90B,$0.21B,2.97%,$6.90B,$0.33B,4.76%,$6.90B,$0.16B,2.33%,$6.90B,$0.10B,1.51%,$0.10B,$1.28B,8.10%,$0.10B,$1.21B,8.62%,$0.10B,$3.59B,2.99%,$0.21B,$2.56B,8.66%,$1753,$1577,$176,$0,$122,$1699,$54,$-18,$36,$17,$18,$18,$19,$85,$54,$117,118,$0.16,$0.16,$453,$829,$184,$2427,$954,$0,$76,$131,$1161,$3588,$864,$1278,$114,$1442,$2306,$1,$1177,$-25,$1282,$3588,$73,$93,$40,$134,$-14,$-30,$0,$3,$-164,$43,$-52,$0,$0,$0,$29,$29,$0,$-23,$267,$-51,$216,$1,$1,$-42,$-6,$170,$191,$14,$-42
22,2013-02-28,14.0,$11.10,1.26,$61.07,0.23,$0.54,26.08,$1.07,13.08,$2.22B,$1.02B,2.17,$0.95B,$1.30B,0.73,$7.15B,$0.69B,9.61%,$7.15B,$0.22B,3.03%,$7.15B,$0.22B,3.03%,$7.15B,$0.34B,4.77%,$7.15B,$0.17B,2.40%,$7.15B,$0.13B,1.76%,$0.13B,$1.30B,9.98%,$0.13B,$1.22B,10.63%,$0.13B,$3.41B,3.65%,$0.22B,$2.25B,9.36%,$1689,$1549,$139,$0,$115,$1664,$25,$-16,$8,$4,$4,$4,$5,$56,$25,$117,118,$0.04,$0.04,$170,$893,$172,$2223,$980,$0,$77,$129,$1186,$3409,$1024,$950,$111,$1089,$2113,$1,$1172,$-1,$1297,$3409,$54,$62,$16,$78,$-33,$-83,$0,$6,$-183,$-51,$-35,$0,$0,$0,$29,$29,$0,$-6,$-2,$-9,$-11,$2,$2,$-28,$0,$-37,$-92,$7,$-28
23,2012-11-30,11.54,$11.24,1.03,$63.46,0.18,$1.22,9.49,$1.28,9.01,$2.30B,$1.10B,2.1,$0.95B,$1.31B,0.73,$7.42B,$0.73B,9.85%,$7.42B,$0.25B,3.38%,$7.42B,$0.25B,3.38%,$7.42B,$0.38B,5.09%,$7.42B,$0.21B,2.79%,$7.42B,$0.15B,2.02%,$0.15B,$1.31B,12.02%,$0.15B,$1.23B,12.80%,$0.15B,$3.50B,4.31%,$0.25B,$2.26B,10.65%,$1750,$1563,$187,$0,$125,$1687,$62,$9,$71,$22,$49,$49,$50,$93,$62,$116,117,$0.43,$0.42,$271,$914,$192,$2304,$990,$0,$77,$126,$1194,$3498,$1100,$954,$117,$1090,$2189,$1,$1181,$5,$1308,$3498,$50,$31,$6,$37,$35,$-99,$0,$-1,$-121,$-34,$-19,$0,$0,$0,$29,$29,$0,$10,$-1,$47,$46,$-0,$-0,$-14,$0,$32,$9,$5,$-14
24,2012-08-31,10.76,$12.03,0.89,$65.58,0.16,$1.80,5.98,$1.79,6.01,$2.24B,$0.90B,2.49,$1.16B,$1.25B,0.93,$7.66B,$0.72B,9.36%,$7.66B,$0.24B,3.07%,$7.66B,$0.24B,3.07%,$7.66B,$0.37B,4.78%,$7.66B,$0.17B,2.17%,$7.66B,$0.21B,2.72%,$0.21B,$1.25B,17.09%,$0.21B,$1.17B,18.25%,$0.21B,$3.44B,5.97%,$0.24B,$2.40B,9.89%,$1706,$1529,$177,$0,$113,$1642,$64,$-18,$46,$27,$19,$19,$30,$94,$64,$116,117,$0.26,$0.25,$262,$808,$211,$2240,$994,$0,$77,$130,$1201,$3441,$901,$1157,$116,$1294,$2195,$1,$1145,$-18,$1247,$3441,$207,$131,$-46,$85,$-9,$53,$0,$15,$-97,$196,$-58,$0,$0,$0,$0,$0,$31,$-27,$-65,$-56,$-121,$-0,$-0,$-56,$55,$-122,$40,$13,$-56
25,2012-05-31,9.77,$10.31,0.95,$68.60,0.14,$0.69,14.15,$0.49,19.94,$2.27B,$0.93B,2.45,$1.16B,$1.20B,0.97,$8.00B,$0.70B,8.78%,$8.00B,$0.20B,2.55%,$8.00B,$0.20B,2.55%,$8.00B,$0.34B,4.30%,$8.00B,$0.11B,1.40%,$8.00B,$0.06B,0.73%,$0.06B,$1.20B,4.85%,$0.06B,$1.12B,5.19%,$0.06B,$3.46B,1.64%,$0.20B,$2.36B,8.66%,$2007,$1823,$184,$0,$118,$1941,$66,$-20,$47,$7,$39,$39,$41,$98,$66,$116,117,$0.35,$0.35,$234,$865,$270,$2268,$979,$0,$76,$137,$1192,$3460,$927,$1160,$118,$1337,$2264,$1,$1129,$-50,$1196,$3460,$177,$101,$-48,$53,$28,$-8,$0,$30,$-96,$135,$-71,$0,$0,$0,$0,$0,$30,$-41,$-64,$-21,$-85,$1,$1,$-42,$53,$-72,$11,$9,$-42
26,2012-02-29,11.03,$10.71,1.03,$69.17,0.16,$-0.23,0.0,$0.45,24.51,$2.25B,$1.01B,2.23,$1.16B,$1.24B,0.94,$8.05B,$0.74B,9.15%,$8.05B,$0.22B,2.67%,$8.05B,$0.22B,2.67%,$8.05B,$0.36B,4.49%,$8.05B,$0.12B,1.54%,$8.05B,$0.05B,0.66%,$0.05B,$1.24B,4.33%,$0.05B,$1.17B,4.62%,$0.05B,$3.53B,1.47%,$0.22B,$2.41B,9.01%,$1957,$1774,$183,$0,$124,$1898,$59,$-16,$43,$15,$28,$28,$29,$93,$59,$116,117,$0.25,$0.25,$216,$880,$290,$2249,$1024,$0,$77,$174,$1276,$3525,$1010,$1164,$107,$1273,$2283,$1,$1102,$26,$1242,$3525,$137,$69,$-93,$-24,$79,$8,$0,$24,$-74,$39,$-45,$0,$0,$0,$0,$0,$30,$-15,$-48,$46,$-2,$2,$2,$-28,$-0,$-28,$-6,$6,$-28
27,2011-11-30,11.49,$10.23,1.12,$67.95,0.17,$-0.06,0.0,$-0.20,0.0,$2.26B,$1.07B,2.12,$1.15B,$1.18B,0.98,$7.88B,$0.64B,8.16%,$7.88B,$0.13B,1.61%,$7.88B,$0.13B,1.61%,$7.88B,$0.28B,3.57%,$7.88B,$0.03B,0.43%,$7.88B,$-0.02B,-0.28%,$-0.02B,$1.18B,-1.79%,$-0.02B,$1.11B,-1.91%,$-0.02B,$3.51B,-0.60%,$0.13B,$2.34B,5.31%,$1987,$1814,$173,$0,$127,$1941,$46,$-16,$30,$-95,$125,$125,$108,$81,$46,$116,116,$0.93,$0.93,$228,$895,$352,$2262,$1005,$0,$77,$162,$1244,$3507,$1067,$1153,$103,$1257,$2324,$1,$1087,$-16,$1182,$3507,$108,$35,$-101,$-66,$142,$-25,$0,$0,$-4,$38,$-23,$0,$0,$0,$0,$0,$-1,$-24,$-45,$58,$13,$-0,$-0,$-14,$-0,$-1,$6,$4,$-14
28,2011-08-31,9.56,$10.05,0.95,$66.29,0.14,$0.11,88.74,$-1.12,0.0,$2.33B,$1.20B,1.94,$1.17B,$1.16B,1.01,$7.67B,$0.63B,8.22%,$7.67B,$0.12B,1.57%,$7.67B,$0.12B,1.57%,$7.67B,$0.28B,3.65%,$7.67B,$0.03B,0.34%,$7.67B,$-0.13B,-1.68%,$-0.13B,$1.16B,-10.34%,$-0.13B,$1.08B,-10.99%,$-0.13B,$3.68B,-3.51%,$0.12B,$2.33B,4.97%,$2047,$1885,$162,$0,$129,$2014,$33,$-41,$-8,$6,$-14,$-14,$-120,$72,$33,$115,116,$-1.05,$-1.04,$222,$908,$239,$2326,$1112,$0,$78,$167,$1357,$3683,$1199,$1167,$107,$1324,$2522,$1,$994,$59,$1161,$3683,$-129,$160,$135,$295,$-90,$-200,$0,$70,$-138,$28,$-20,$0,$-48,$0,$11,$11,$-4,$-62,$-34,$-66,$-100,$10,$10,$-55,$-2,$-147,$-177,$13,$-55
29,2011-05-31,12.01,$11.37,1.06,$64.40,0.19,$-0.48,0.0,$-0.01,0.0,$2.30B,$1.12B,2.06,$1.17B,$1.31B,0.89,$7.41B,$0.66B,8.87%,$7.41B,$0.16B,2.11%,$7.41B,$0.16B,2.11%,$7.41B,$0.32B,4.29%,$7.41B,$0.08B,1.12%,$7.41B,$-0.00B,-0.01%,$-0.00B,$1.31B,-0.08%,$-0.00B,$1.24B,-0.08%,$-0.00B,$3.76B,-0.03%,$0.16B,$2.48B,6.38%,$2063,$1844,$219,$0,$142,$1986,$77,$-18,$59,$14,$45,$45,$36,$116,$77,$115,116,$0.31,$0.31,$244,$889,$230,$2300,$1205,$0,$73,$178,$1455,$3755,$1115,$1165,$118,$1328,$2443,$1,$1128,$80,$1313,$3755,$-9,$121,$11,$132,$-92,$-203,$0,$69,$-167,$-44,$1,$0,$0,$0,$4,$4,$-3,$2,$-22,$-63,$-85,$10,$10,$-41,$-2,$-118,$-156,$9,$-41
30,2011-02-28,13.35,$10.90,1.23,$62.15,0.21,$-0.87,0.0,$-0.40,0.0,$2.17B,$1.04B,2.09,$1.16B,$1.26B,0.92,$7.11B,$0.56B,7.85%,$7.11B,$0.09B,1.27%,$7.11B,$0.09B,1.27%,$7.11B,$0.25B,3.56%,$7.11B,$0.02B,0.24%,$7.11B,$-0.05B,-0.65%,$-0.05B,$1.26B,-3.68%,$-0.05B,$1.19B,-3.91%,$-0.05B,$3.62B,-1.27%,$0.09B,$2.42B,3.71%,$1782,$1693,$89,$0,$118,$1811,$-29,$-18,$-47,$-13,$-34,$-34,$-46,$12,$-29,$115,115,$-0.40,$-0.40,$265,$827,$231,$2172,$1204,$0,$72,$174,$1450,$3622,$1041,$1160,$120,$1323,$2365,$1,$1105,$50,$1258,$3622,$-45,$82,$7,$89,$-7,$-129,$0,$51,$-59,$-15,$29,$0,$0,$0,$4,$4,$-2,$31,$-14,$-119,$-134,$10,$10,$-27,$-1,$-153,$-134,$6,$-27
31,2010-11-30,12.22,$11.02,1.11,$58.30,0.21,$-1.64,0.0,$-1.53,0.0,$2.17B,$1.04B,2.1,$1.18B,$1.26B,0.94,$6.65B,$0.48B,7.19%,$6.65B,$-0.02B,-0.30%,$6.65B,$-0.02B,-0.30%,$6.65B,$0.15B,2.21%,$6.65B,$-0.10B,-1.43%,$6.65B,$-0.17B,-2.60%,$-0.17B,$1.26B,-13.69%,$-0.17B,$1.19B,-14.51%,$-0.17B,$3.63B,-4.79%,$-0.02B,$2.44B,-0.82%,$1775,$1615,$160,$0,$121,$1736,$39,$-18,$22,$7,$15,$15,$1,$80,$39,$114,115,$0.01,$0.01,$383,$696,$275,$2173,$1198,$0,$72,$187,$1457,$3630,$1035,$1181,$110,$1335,$2369,$1,$1165,$5,$1260,$3630,$1,$41,$4,$45,$6,$-22,$0,$1,$-51,$-6,$40,$0,$0,$0,$0,$0,$-2,$38,$-7,$-29,$-37,$0,$0,$-14,$0,$-50,$-17,$2,$-14
32,2010-08-31,10.27,$10.96,0.94,$55.36,0.19,$-2.06,0.0,$-1.82,0.0,$2.18B,$1.10B,1.97,$1.20B,$1.25B,0.96,$6.28B,$0.43B,6.79%,$6.28B,$-0.08B,-1.34%,$6.28B,$-0.08B,-1.34%,$6.28B,$0.09B,1.35%,$6.28B,$-0.16B,-2.58%,$6.28B,$-0.21B,-3.27%,$-0.21B,$1.25B,-15.42%,$-0.21B,$1.18B,-16.30%,$-0.21B,$3.71B,-5.68%,$-0.08B,$2.45B,-3.34%,$1787,$1598,$189,$0,$120,$1718,$69,$-20,$49,$-26,$75,$75,$8,$110,$69,$114,114,$0.08,$0.08,$399,$675,$277,$2175,$1232,$0,$72,$227,$1531,$3706,$1103,$1197,$109,$1350,$2453,$1,$1178,$-13,$1253,$3706,$-205,$169,$149,$318,$-96,$-61,$0,$-98,$-68,$45,$-104,$0,$-2,$0,$0,$0,$-27,$-134,$-8,$132,$125,$10,$10,$-54,$4,$85,$-6,$13,$-54
33,2010-05-31,12.17,$10.74,1.13,$50.77,0.24,$2.32,5.24,$-1.83,0.0,$2.03B,$1.01B,2.01,$1.18B,$1.23B,0.96,$5.76B,$0.35B,6.15%,$5.76B,$-0.18B,-3.18%,$5.76B,$-0.18B,-3.18%,$5.76B,$-0.02B,-0.28%,$5.76B,$-0.26B,-4.53%,$5.76B,$-0.21B,-3.58%,$-0.21B,$1.23B,-14.72%,$-0.21B,$1.16B,-15.53%,$-0.21B,$3.57B,-5.72%,$-0.18B,$2.40B,-7.09%,$1765,$1645,$120,$0,$109,$1754,$11,$-18,$-7,$4,$-11,$-11,$-9,$51,$11,$114,114,$-0.08,$-0.08,$290,$653,$294,$2028,$1253,$0,$71,$213,$1537,$3565,$1009,$1176,$106,$1328,$2337,$1,$1184,$-36,$1227,$3565,$-213,$128,$5,$133,$-78,$-42,$0,$8,$97,$17,$-104,$0,$-2,$0,$0,$0,$-27,$-134,$3,$28,$31,$10,$10,$-41,$3,$4,$-116,$6,$-41
34,2010-02-28,12.72,$11.51,1.11,$46.51,0.27,$6.48,1.96,$-1.87,0.0,$1.92B,$0.88B,2.19,$1.19B,$1.31B,0.9,$5.25B,$0.41B,7.86%,$5.25B,$-0.18B,-3.35%,$5.25B,$-0.18B,-3.35%,$5.25B,$-0.01B,-0.23%,$5.25B,$-0.26B,-4.85%,$5.25B,$-0.21B,-4.00%,$-0.21B,$1.31B,-14.32%,$-0.21B,$1.24B,-15.08%,$-0.21B,$3.54B,-5.78%,$-0.18B,$2.50B,-6.64%,$1322,$1314,$9,$0,$147,$1461,$-139,$-20,$-159,$-24,$-135,$-135,$-173,$-94,$-139,$113,113,$-1.53,$-1.53,$297,$663,$281,$1916,$1320,$0,$72,$228,$1619,$3535,$875,$1187,$113,$1347,$2222,$1,$1207,$29,$1313,$3535,$-205,$88,$85,$173,$54,$-19,$0,$-59,$45,$13,$-87,$0,$-2,$0,$0,$0,$-27,$-117,$7,$3,$10,$9,$9,$-27,$3,$-5,$-108,$6,$-27
35,2009-11-30,12.24,$13.52,0.91,$48.30,0.25,$7.88,1.55,$-0.66,0.0,$1.90B,$0.76B,2.51,$1.18B,$1.53B,0.77,$5.44B,$0.54B,9.89%,$5.44B,$-0.05B,-0.97%,$5.44B,$-0.05B,-0.97%,$5.44B,$0.10B,1.89%,$5.44B,$-0.13B,-2.39%,$5.44B,$-0.07B,-1.32%,$-0.07B,$1.53B,-4.80%,$-0.07B,$1.45B,-5.05%,$-0.07B,$3.62B,-1.96%,$-0.05B,$2.70B,-1.98%,$1402,$1294,$108,$0,$133,$1428,$-25,$-19,$-45,$-16,$-29,$-29,$-31,$18,$-25,$112,112,$-0.28,$-0.28,$334,$663,$206,$1899,$1381,$0,$75,$265,$1721,$3620,$756,$1177,$116,$1339,$2095,$1,$1393,$67,$1525,$3620,$-31,$44,$3,$47,$48,$15,$0,$-9,$16,$32,$-46,$0,$-2,$0,$0,$0,$0,$-49,$-7,$-36,$-43,$1,$1,$-14,$1,$-55,$-72,$2,$-14
36,2009-08-31,12.94,$13.61,0.95,$56.56,0.23,$7.29,1.78,$0.16,80.9,$2.00B,$0.82B,2.45,$1.18B,$1.53B,0.77,$6.41B,$0.70B,10.88%,$6.41B,$0.09B,1.33%,$6.41B,$0.09B,1.33%,$6.41B,$0.24B,3.73%,$6.41B,$0.00B,0.03%,$6.41B,$0.02B,0.33%,$0.02B,$1.53B,1.40%,$0.02B,$1.46B,1.47%,$0.02B,$3.69B,0.55%,$0.09B,$2.71B,3.17%,$1271,$1154,$117,$0,$147,$1301,$-30,$-20,$-50,$-48,$-2,$-2,$7,$9,$-30,$112,114,$0.08,$0.08,$406,$679,$182,$1998,$1351,$0,$74,$264,$1690,$3688,$815,$1182,$114,$1340,$2155,$1,$1438,$34,$1532,$3688,$20,$155,$140,$294,$563,$534,$0,$87,$492,$807,$-367,$0,$-1,$0,$0,$0,$0,$-368,$-68,$-110,$-178,$-15,$-15,$-54,$1,$-246,$187,$17,$-54
37,2009-05-31,12.88,$13.28,0.97,$67.63,0.19,$0.06,211.81,$0.65,19.81,$2.08B,$0.84B,2.48,$1.19B,$1.49B,0.79,$7.75B,$0.86B,11.04%,$7.75B,$0.24B,3.06%,$7.75B,$0.24B,3.06%,$7.75B,$0.39B,5.04%,$7.75B,$0.16B,2.04%,$7.75B,$0.08B,1.01%,$0.08B,$1.49B,5.10%,$0.08B,$1.42B,5.36%,$0.08B,$3.68B,1.92%,$0.24B,$2.68B,8.75%,$1258,$1079,$179,$0,$162,$1241,$18,$-18,$-1,$13,$-14,$-14,$-13,$55,$18,$112,112,$-0.12,$-0.12,$441,$746,$181,$2079,$1269,$0,$74,$260,$1603,$3682,$839,$1185,$111,$1349,$2188,$1,$1445,$-1,$1494,$3682,$13,$116,$143,$259,$570,$473,$0,$55,$397,$669,$-288,$0,$-1,$0,$0,$0,$0,$-289,$-66,$-28,$-95,$-17,$-17,$-41,$1,$-151,$222,$12,$-41
38,2009-02-28,7.67,$12.83,0.6,$81.49,0.09,$-5.74,0.0,$1.27,6.04,$2.19B,$0.94B,2.34,$1.16B,$1.44B,0.8,$9.41B,$0.97B,10.31%,$9.41B,$0.32B,3.42%,$9.41B,$0.32B,3.42%,$9.41B,$0.47B,5.01%,$9.41B,$0.25B,2.62%,$9.41B,$0.15B,1.59%,$0.15B,$1.44B,9.57%,$0.15B,$1.37B,10.00%,$0.15B,$3.68B,3.59%,$0.32B,$2.60B,12.34%,$1507,$1373,$134,$0,$151,$1524,$-16,$-18,$-34,$4,$-39,$-39,$-35,$21,$-16,$112,112,$-0.32,$-0.32,$114,$904,$186,$2193,$1170,$0,$72,$249,$1491,$3684,$936,$1158,$92,$1304,$2240,$1,$1471,$-74,$1444,$3684,$27,$79,$102,$180,$277,$319,$0,$32,$82,$289,$-205,$0,$-1,$0,$0,$0,$0,$-206,$-95,$-43,$-138,$-17,$-17,$-27,$1,$-181,$-105,$9,$-27
39,2008-11-30,8.92,$13.79,0.65,$87.13,0.1,$-8.13,0.0,$1.93,4.62,$2.68B,$1.28B,2.1,$1.17B,$1.55B,0.76,$10.15B,$1.07B,10.58%,$10.15B,$0.42B,4.12%,$10.15B,$0.42B,4.12%,$10.15B,$0.56B,5.54%,$10.15B,$0.35B,3.41%,$10.15B,$0.23B,2.22%,$0.23B,$1.55B,14.08%,$0.23B,$1.47B,14.63%,$0.23B,$4.16B,5.41%,$0.42B,$2.72B,16.70%,$2373,$2106,$267,$0,$154,$2260,$113,$-26,$87,$31,$56,$56,$62,$154,$113,$113,114,$0.55,$0.54,$91,$1226,$249,$2679,$1140,$0,$73,$271,$1484,$4163,$1276,$1169,$101,$1339,$2616,$1,$1520,$-13,$1547,$4163,$62,$41,$33,$75,$177,$69,$0,$-22,$-133,$4,$-86,$0,$-1,$0,$0,$0,$0,$-87,$-0,$-7,$-7,$-18,$-18,$-14,$1,$-39,$-128,$4,$-14
40,2008-08-31,19.24,$14.40,1.34,$83.98,0.23,$-8.34,0.0,$1.96,9.82,$3.22B,$1.73B,1.86,$1.20B,$1.64B,0.73,$9.90B,$1.07B,10.79%,$9.90B,$0.42B,4.20%,$9.90B,$0.42B,4.20%,$9.90B,$0.55B,5.57%,$9.90B,$0.36B,3.61%,$9.90B,$0.23B,2.34%,$0.23B,$1.64B,14.40%,$0.23B,$1.55B,14.87%,$0.23B,$4.75B,5.79%,$0.42B,$2.84B,17.33%,$2616,$2340,$276,$0,$154,$2494,$122,$-16,$106,$28,$78,$79,$64,$161,$122,$115,118,$0.56,$0.55,$219,$1400,$229,$3217,$1154,$0,$85,$290,$1529,$4746,$1732,$1198,$124,$1376,$3108,$1,$1472,$113,$1638,$4746,$233,$135,$10,$145,$-242,$-415,$0,$-161,$-421,$-43,$-353,$0,$-229,$0,$0,$0,$0,$-582,$591,$38,$628,$-163,$-163,$-52,$11,$424,$-200,$19,$-52
41,2008-05-31,26.97,$14.36,1.88,$80.52,0.33,$-2.86,0.0,$2.27,11.88,$2.82B,$1.66B,1.69,$0.64B,$1.64B,0.39,$9.57B,$1.10B,11.50%,$9.57B,$0.45B,4.66%,$9.57B,$0.45B,4.66%,$9.57B,$0.57B,5.99%,$9.57B,$0.39B,4.10%,$9.57B,$0.27B,2.85%,$0.27B,$1.64B,17.18%,$0.27B,$1.60B,17.62%,$0.27B,$4.12B,7.40%,$0.45B,$2.29B,19.78%,$2911,$2617,$293,$0,$191,$2808,$103,$-16,$87,$28,$59,$59,$59,$135,$103,$114,116,$0.52,$0.51,$69,$1189,$167,$2815,$1009,$0,$42,$254,$1304,$4119,$1664,$642,$129,$812,$2476,$1,$1422,$151,$1643,$4119,$168,$97,$7,$104,$-260,$-239,$0,$-99,$-326,$-54,$-226,$0,$-31,$0,$0,$0,$-0,$-257,$33,$93,$127,$-139,$-139,$-38,$7,$-44,$-351,$15,$-38
42,2008-02-29,22.36,$13.72,1.63,$73.85,0.3,$-0.44,0.0,$2.59,8.63,$2.37B,$1.26B,1.88,$0.61B,$1.57B,0.39,$8.90B,$1.12B,12.59%,$8.90B,$0.50B,5.60%,$8.90B,$0.50B,5.60%,$8.90B,$0.62B,6.96%,$8.90B,$0.45B,5.06%,$8.90B,$0.31B,3.52%,$0.31B,$1.57B,20.21%,$0.31B,$1.52B,20.73%,$0.31B,$3.60B,9.01%,$0.50B,$2.17B,23.37%,$2254,$2016,$238,$0,$157,$2174,$80,$-14,$66,$23,$43,$43,$40,$113,$80,$115,118,$0.35,$0.34,$75,$987,$134,$2369,$942,$0,$42,$244,$1228,$3597,$1262,$607,$122,$770,$2032,$1,$1376,$127,$1565,$3597,$109,$64,$3,$67,$-52,$-48,$0,$-66,$-226,$-50,$-144,$0,$-21,$0,$0,$0,$-0,$-165,$-1,$29,$28,$-139,$-139,$-25,$4,$-132,$-344,$9,$-25
43,2007-11-30,22.59,$13.68,1.65,$70.42,0.32,$1.31,17.3,$2.79,8.1,$2.40B,$1.09B,2.22,$0.71B,$1.60B,0.44,$8.55B,$1.13B,13.26%,$8.55B,$0.53B,6.23%,$8.55B,$0.53B,6.23%,$8.55B,$0.65B,7.54%,$8.55B,$0.49B,5.73%,$8.55B,$0.34B,3.96%,$0.34B,$1.60B,22.60%,$0.34B,$1.56B,23.18%,$0.34B,$3.56B,10.30%,$0.53B,$2.31B,26.54%,$2116,$1855,$261,$0,$150,$2005,$111,$-12,$98,$33,$65,$65,$69,$142,$111,$118,120,$0.59,$0.57,$256,$953,$94,$2404,$882,$0,$39,$237,$1157,$3561,$1085,$708,$128,$876,$1962,$1,$1350,$107,$1599,$3561,$69,$32,$-21,$11,$9,$-32,$0,$12,$-122,$-42,$-69,$0,$-19,$0,$0,$0,$0,$-88,$-1,$27,$26,$-51,$-51,$-11,$1,$-35,$-163,$4,$-11
44,2007-08-31,21.05,$13.06,1.61,$68.47,0.31,$2.36,8.93,$2.93,7.18,$2.46B,$1.07B,2.29,$0.71B,$1.55B,0.46,$8.33B,$1.16B,13.94%,$8.33B,$0.58B,6.94%,$8.33B,$0.58B,6.94%,$8.33B,$0.68B,8.21%,$8.33B,$0.54B,6.48%,$8.33B,$0.36B,4.26%,$0.36B,$1.55B,24.83%,$0.36B,$1.51B,25.48%,$0.36B,$3.47B,11.40%,$0.58B,$2.26B,31.43%,$2284,$1976,$308,$0,$156,$2132,$152,$-10,$141,$37,$104,$104,$105,$183,$152,$118,122,$0.88,$0.85,$419,$874,$83,$2459,$767,$0,$38,$209,$1014,$3473,$1073,$707,$110,$852,$1924,$1,$1297,$64,$1549,$3473,$355,$107,$15,$122,$76,$-10,$0,$-60,$-16,$461,$-205,$0,$-226,$0,$0,$0,$0,$-431,$328,$-50,$278,$-48,$-48,$-39,$17,$207,$239,$12,$-39
45,2007-05-31,25.55,$12.39,2.06,$65.14,0.39,$1.17,21.85,$3.11,8.21,$2.33B,$1.33B,1.75,$0.31B,$1.48B,0.21,$7.95B,$1.19B,14.98%,$7.95B,$0.64B,8.04%,$7.95B,$0.64B,8.04%,$7.95B,$0.74B,9.28%,$7.95B,$0.60B,7.60%,$7.95B,$0.38B,4.77%,$0.38B,$1.48B,28.12%,$0.38B,$1.44B,28.89%,$0.38B,$3.26B,12.76%,$0.64B,$1.79B,38.48%,$2244,$1931,$313,$0,$159,$2089,$155,$-9,$145,$45,$100,$99,$99,$181,$155,$119,122,$0.84,$0.82,$73,$1011,$87,$2325,$704,$0,$37,$197,$939,$3264,$1327,$310,$108,$456,$1783,$1,$1203,$57,$1481,$3264,$251,$76,$14,$90,$2,$-149,$0,$-53,$-218,$122,$-121,$0,$-158,$0,$0,$0,$-60,$-339,$-19,$148,$128,$-4,$-4,$-28,$12,$108,$-108,$7,$-28
46,2007-02-28,19.98,$11.53,1.73,$62.90,0.32,$1.23,16.28,$2.91,6.87,$2.03B,$0.98B,2.07,$0.31B,$1.37B,0.23,$7.73B,$1.14B,14.79%,$7.73B,$0.62B,8.00%,$7.73B,$0.62B,8.00%,$7.73B,$0.71B,9.23%,$7.73B,$0.59B,7.58%,$7.73B,$0.36B,4.63%,$0.36B,$1.37B,28.19%,$0.36B,$1.34B,28.99%,$0.36B,$2.86B,12.72%,$0.62B,$1.68B,38.58%,$1908,$1656,$252,$0,$137,$1794,$115,$-9,$106,$37,$69,$64,$66,$139,$115,$117,122,$0.56,$0.54,$76,$865,$80,$2028,$627,$0,$36,$172,$835,$2863,$978,$309,$99,$513,$1491,$1,$1114,$44,$1371,$2863,$151,$49,$14,$63,$137,$-92,$0,$-38,$-126,$88,$-75,$0,$-11,$0,$0,$0,$-0,$-85,$-19,$-72,$-91,$-4,$-4,$-18,$5,$-107,$-105,$5,$-18
47,2006-11-30,20.98,$11.15,1.88,$60.47,0.35,$0.87,24.07,$3.02,6.96,$2.08B,$1.02B,2.03,$0.31B,$1.32B,0.24,$7.46B,$1.14B,15.31%,$7.46B,$0.64B,8.51%,$7.46B,$0.64B,8.51%,$7.46B,$0.73B,9.73%,$7.46B,$0.61B,8.11%,$7.46B,$0.37B,4.99%,$0.37B,$1.32B,31.08%,$0.37B,$1.28B,31.97%,$0.37B,$2.85B,13.69%,$0.64B,$1.63B,40.97%,$1893,$1605,$288,$0,$131,$1737,$156,$-8,$148,$53,$95,$91,$85,$181,$156,$117,121,$0.73,$0.71,$157,$859,$65,$2077,$598,$0,$36,$141,$776,$2852,$1021,$310,$97,$512,$1533,$1,$1059,$48,$1319,$2852,$85,$25,$8,$33,$151,$-91,$0,$9,$-76,$42,$-27,$0,$0,$0,$0,$0,$-0,$-27,$-19,$-18,$-36,$1,$1,$-7,$3,$-39,$-23,$2,$-7
