,Date,Stock Price,Book Value per Share,Price to Book Ratio,TTM Sales per Share,Price to Sales Ratio,TTM FCF per Share,Price to FCF Ratio,TTM Net EPS,PE Ratio,Current Assets,Current Liabilities,Current Ratio,Long Term Debt,Shareholder's Equity_x,Debt to Equity Ratio,TTM Revenue_x,TTM Gross Profit,Gross Margin,TTM Revenue_y,TTM Operating Income,Operating Margin,TTM Revenue_x,TTM EBIT,EBIT Margin,TTM Revenue_y,TTM EBITDA,EBITDA Margin,TTM Revenue_x,TTM Pre-Tax Income,Pre-Tax Margin,TTM Revenue_y,TTM Net Income_x,Net Margin,TTM Net Income_y,Shareholder's Equity_y,Return on Equity,TTM Net Income_x,Tangible Equity,Return on Tangible Equity,TTM Net Income_y,Total Assets,Return on Assets,TTM Net Income,LT Investments & Debt,Return on Investment,revenue,cost-goods-sold,gross-profit,research-development-expenses,selling-general-administrative-expenses,operating-expenses,operating-income,total-non-operating-income-expense,pre-tax-income,total-provision-income-taxes,income-after-taxes,income-from-continuous-operations,net-income,ebitda,ebit,basic-shares-outstanding,shares-outstanding,eps-basic-net-earnings-per-share,eps-earnings-per-share-diluted,cash-on-hand,inventory,other-current-assets,total-current-assets,net-property-plant-equipment,long-term-investments,goodwill-intangible-assets-total,other-long-term-assets,total-long-term-assets,total-assets,total-current-liabilities,long-term-debt,other-non-current-liabilities,total-long-term-liabilities,total-liabilities,common-stock-net,retained-earnings-accumulated-deficit,comprehensive-income,total-share-holder-equity,total-liabilities-share-holders-equity,net-income-loss,total-depreciation-amortization-cash-flow,other-non-cash-items,total-non-cash-items,change-in-accounts-receivable,change-in-inventories,change-in-accounts-payable,change-in-assets-liabilities,total-change-in-assets-liabilities,cash-flow-from-operating-activities,net-change-in-property-plant-equipment,net-change-in-intangible-assets,net-acquisitions-divestitures,net-change-in-short-term-investments,net-change-in-long-term-investments,net-change-in-investments-total,investing-activities-other,cash-flow-from-investing-activities,net-long-term-debt,net-current-debt,debt-issuance-retirement-net-total,net-common-equity-issued-repurchased,net-total-equity-issued-repurchased,total-common-preferred-stock-dividends-paid,financial-activities-other,cash-flow-from-financial-activities,net-cash-flow,stock-based-compensation,common-stock-dividends-paid
0,2018-09-30,35.41,$15.90,2.23,$18.82,1.88,$7.36,4.81,$5.14,6.89,$23.21B,$19.63B,1.18,$69.71B,$72.35B,0.96,$88.23B,$35.17B,39.85%,$88.23B,$18.59B,21.07%,$88.23B,$18.59B,21.07%,$88.23B,$28.82B,32.66%,$88.23B,$15.59B,17.67%,$88.23B,$24.20B,27.43%,$24.20B,$72.35B,34.05%,$24.20B,$-42.37B,-55.41%,$24.20B,$200.64B,12.57%,$18.59B,$142.06B,13.80%,$22135,$13155,$8980,$0,$1667,$17299,$4836,$-941,$3895,$999,$2896,$2896,$2886,$7313,$4836,$4564,4619,$0.63,$0.62,$10616,$0,$3607,$23206,$39855,$7724,$114717,$15133,$177429,$200635,$19627,$69711,$12468,$108663,$128290,$54,$41218,$374,$72345,$200635,$9280,$7479,$1891,$9370,$-225,$0,$0,$167,$-143,$18507,$-6993,$-1375,$-88,$0,$-713,$-713,$579,$-8590,$5445,$2909,$8354,$-4282,$-4282,$-2487,$-451,$1134,$11051,$607,$-2487
1,2018-06-30,32.62,$15.66,2.08,$18.45,1.77,$6.67,4.89,$5.07,6.43,$18.22B,$19.01B,0.96,$61.95B,$71.74B,0.86,$87.18B,$34.67B,39.77%,$87.18B,$18.54B,21.26%,$87.18B,$18.54B,21.26%,$87.18B,$28.39B,32.56%,$87.18B,$15.78B,18.09%,$87.18B,$23.95B,27.48%,$23.95B,$71.74B,35.73%,$23.95B,$-43.34B,-50.20%,$23.95B,$191.25B,12.69%,$18.54B,$133.69B,14.45%,$21735,$12665,$9070,$0,$1653,$16721,$5014,$-729,$4285,$1077,$3208,$3208,$3216,$7417,$5014,$4598,4643,$0.70,$0.69,$5726,$0,$3642,$18215,$39355,$7438,$115085,$11155,$173033,$191248,$19007,$61946,$12069,$100498,$119505,$54,$40269,$461,$71743,$191248,$6384,$5002,$1327,$6329,$-60,$0,$0,$3,$-176,$12537,$-4443,$-930,$-88,$0,$-425,$-425,$580,$-5306,$-68,$23,$-45,$-2998,$-2998,$-1616,$-301,$-4960,$2271,$410,$-1616
2,2018-03-31,33.78,$15.31,2.21,$18.19,1.86,$6.19,5.46,$4.90,6.89,$18.75B,$19.18B,0.98,$63.68B,$70.71B,0.9,$86.73B,$34.39B,39.65%,$86.73B,$18.09B,20.86%,$86.73B,$18.09B,20.86%,$86.73B,$28.05B,32.34%,$86.73B,$15.40B,17.76%,$86.73B,$23.26B,26.82%,$23.26B,$70.71B,36.88%,$23.26B,$-44.14B,-45.01%,$23.26B,$190.88B,12.46%,$18.09B,$134.39B,14.70%,$22791,$13943,$8848,$0,$1604,$18146,$4645,$-651,$3994,$818,$3176,$3176,$3118,$7244,$4645,$4633,4705,$0.67,$0.66,$6030,$0,$3964,$18753,$39068,$7095,$114851,$11109,$172123,$190876,$19179,$63678,$11253,$100987,$120166,$55,$38961,$608,$70710,$190876,$3176,$2599,$589,$3188,$85,$0,$0,$-1175,$-890,$5474,$-2032,$-419,$-89,$0,$-139,$-139,$387,$-2292,$2778,$-902,$1876,$-1729,$-1729,$-738,$15,$-576,$2606,$199,$-738
3,2017-12-31,39.45,$14.96,2.64,$17.61,2.24,$6.17,6.4,$4.77,8.27,$16.34B,$21.99B,0.74,$59.42B,$69.46B,0.86,$84.53B,$34.13B,40.38%,$84.53B,$17.99B,21.28%,$84.53B,$17.99B,21.28%,$84.53B,$27.81B,32.90%,$84.53B,$15.32B,18.13%,$84.53B,$22.71B,26.87%,$22.71B,$69.46B,37.98%,$22.71B,$-44.82B,-41.32%,$22.71B,$187.46B,12.31%,$17.99B,$128.88B,15.18%,$21572,$13305,$8267,$0,$1423,$17474,$4098,$-685,$3413,$-11616,$15029,$15029,$14978,$6844,$4098,$4708,4786,$3.19,$3.15,$3428,$0,$4081,$16343,$38470,$6931,$114277,$11441,$171119,$187462,$21993,$59422,$10972,$96010,$118003,$55,$38202,$379,$69459,$187462,$22900,$9825,$-9826,$-1,$-888,$0,$0,$-789,$-1496,$21403,$-9968,$-1747,$-382,$0,$-2292,$-2292,$685,$-13704,$5102,$-1905,$3197,$-5435,$-5435,$-2883,$-2451,$-7572,$127,$751,$-2883
4,2017-09-30,37.74,$12.04,3.14,$17.41,2.17,$5.88,6.42,$2.08,18.19,$15.96B,$21.45B,0.74,$59.72B,$56.26B,1.06,$83.98B,$34.22B,40.75%,$83.98B,$18.15B,21.62%,$83.98B,$18.15B,21.62%,$83.98B,$27.73B,33.02%,$83.98B,$15.65B,18.63%,$83.98B,$10.03B,11.95%,$10.03B,$56.26B,17.76%,$10.03B,$-58.59B,-17.33%,$10.03B,$185.30B,5.49%,$18.15B,$115.98B,15.90%,$21081,$12594,$8487,$0,$1604,$16302,$4779,$-696,$4083,$1409,$2674,$2674,$2642,$6883,$4779,$4698,4777,$0.56,$0.55,$4114,$0,$3931,$15960,$37856,$6695,$114849,$9941,$169341,$185301,$21449,$59720,$10914,$107589,$129038,$55,$24979,$381,$56263,$185301,$7871,$7079,$1329,$8408,$123,$0,$0,$-525,$-422,$15857,$-7211,$-1136,$-429,$0,$-1944,$-1944,$797,$-9923,$6439,$-2807,$3632,$-4212,$-4212,$-2147,$-2394,$-5121,$813,$594,$-2147
5,2017-06-30,38.18,$11.85,3.22,$17.39,2.2,$5.54,6.89,$1.99,19.23,$14.83B,$22.28B,0.67,$57.21B,$55.85B,1.02,$84.22B,$34.05B,40.43%,$84.22B,$17.81B,21.15%,$84.22B,$17.81B,21.15%,$84.22B,$27.68B,32.87%,$84.22B,$15.29B,18.15%,$84.22B,$9.63B,11.43%,$9.63B,$55.85B,17.08%,$9.63B,$-59.17B,-16.71%,$9.63B,$183.03B,5.32%,$17.81B,$113.06B,15.71%,$21286,$12498,$8788,$0,$1713,$16718,$4568,$-659,$3909,$1367,$2542,$2542,$2521,$7075,$4568,$4728,4809,$0.53,$0.52,$2693,$0,$4290,$14832,$37171,$6521,$115013,$9494,$168199,$183031,$22276,$57210,$10837,$104907,$127183,$56,$24560,$428,$55848,$183031,$5197,$4975,$877,$5852,$77,$0,$0,$-230,$-300,$10749,$-4684,$-771,$-398,$0,$-1768,$-1768,$214,$-7407,$3996,$-1695,$2301,$-2476,$-2476,$-1404,$-2356,$-3935,$-593,$391,$-1404
6,2017-03-31,36.57,$12.15,3.01,$16.90,2.16,$5.39,6.79,$1.88,19.45,$15.25B,$19.07B,0.8,$58.28B,$57.65B,1.01,$82.20B,$33.28B,40.48%,$82.20B,$17.31B,21.06%,$82.20B,$17.31B,21.06%,$82.20B,$27.06B,32.92%,$82.20B,$14.74B,17.93%,$82.20B,$9.13B,11.11%,$9.13B,$57.65B,16.24%,$9.13B,$-57.32B,-16.14%,$9.13B,$182.48B,5.13%,$17.31B,$115.92B,15.44%,$20587,$12000,$8587,$0,$1577,$16045,$4542,$-625,$3917,$1262,$2655,$2655,$2573,$7010,$4542,$4747,4832,$0.54,$0.53,$4022,$0,$3698,$15245,$36626,$5938,$114970,$9700,$167234,$182479,$19074,$58276,$10677,$105757,$124831,$56,$24063,$342,$57648,$182479,$2655,$2468,$427,$2895,$522,$0,$0,$-253,$75,$5625,$-2208,$-385,$-216,$0,$-1011,$-1011,$67,$-3753,$2441,$-1893,$548,$-996,$-996,$-657,$-36,$-1141,$731,$173,$-657
7,2016-12-31,33.59,$11.82,2.84,$16.45,2.04,$5.37,6.26,$1.79,18.82,$16.36B,$21.54B,0.76,$55.57B,$56.17B,0.99,$80.40B,$32.52B,40.45%,$80.40B,$16.86B,20.97%,$80.40B,$16.86B,20.97%,$80.40B,$26.42B,32.86%,$80.40B,$14.35B,17.85%,$80.40B,$8.70B,10.81%,$8.70B,$56.17B,15.68%,$8.70B,$-56.44B,-15.51%,$8.70B,$180.50B,4.96%,$16.86B,$111.74B,15.38%,$21025,$12668,$8357,$0,$1597,$16761,$4264,$-528,$3736,$1319,$2417,$2417,$2296,$6760,$4264,$4819,4875,$0.47,$0.48,$3301,$0,$5105,$16361,$36253,$5247,$112618,$10021,$164139,$180500,$21535,$55566,$10925,$102791,$124326,$56,$23076,$98,$56174,$180500,$9045,$9558,$2334,$11892,$-782,$0,$0,$-704,$-1112,$19825,$-9563,$-1686,$-3711,$0,$-1697,$-1697,$-1728,$-18385,$6179,$1790,$7969,$-5329,$-5329,$-2601,$-473,$-434,$1006,$640,$-2601
8,2016-09-30,32.01,$11.66,2.74,$15.96,2.01,$5.41,5.92,$1.71,18.77,$15.23B,$18.04B,0.84,$57.10B,$55.82B,1.02,$78.62B,$31.99B,40.69%,$78.62B,$16.60B,21.11%,$78.62B,$16.60B,21.11%,$78.62B,$25.93B,32.98%,$78.62B,$13.84B,17.60%,$78.62B,$8.37B,10.65%,$8.37B,$55.82B,15.25%,$8.37B,$-57.55B,-15.01%,$8.37B,$177.92B,4.87%,$16.60B,$112.92B,15.45%,$21319,$12999,$8320,$0,$1485,$16879,$4440,$-716,$3724,$1400,$2324,$2324,$2237,$6835,$4440,$4805,4861,$0.47,$0.46,$2807,$0,$4888,$15228,$35656,$3857,$113372,$9811,$162696,$177924,$18038,$57095,$11119,$104063,$122101,$28,$22510,$34,$55823,$177924,$6628,$7062,$1615,$8677,$-315,$0,$0,$-1047,$-1316,$13989,$-6865,$-1163,$-3904,$0,$-430,$-430,$-1790,$-14152,$6237,$610,$6847,$-4038,$-4038,$-1944,$-190,$675,$512,$495,$-1944
9,2016-06-30,31.32,$11.46,2.73,$15.31,2.05,$5.51,5.69,$1.65,19.04,$14.78B,$17.60B,0.84,$52.63B,$55.28B,0.95,$75.97B,$31.37B,41.29%,$75.97B,$16.16B,21.27%,$75.97B,$16.16B,21.27%,$75.97B,$25.28B,33.27%,$75.97B,$13.38B,17.60%,$75.97B,$8.13B,10.70%,$8.13B,$55.28B,15.07%,$8.13B,$-55.08B,-14.96%,$8.13B,$171.99B,4.87%,$16.16B,$107.91B,15.63%,$19269,$11255,$8014,$0,$1559,$15203,$4066,$-708,$3358,$1278,$2080,$2080,$2028,$6455,$4066,$4839,4891,$0.42,$0.41,$4665,$0,$3404,$14777,$34896,$3679,$110360,$8273,$157208,$171985,$17601,$52629,$10719,$99108,$116709,$28,$22117,$1,$55276,$171985,$4304,$4667,$1008,$5675,$172,$0,$0,$-253,$-185,$9794,$-4367,$-737,$-126,$0,$-442,$-442,$-156,$-5828,$2202,$205,$2407,$-2617,$-2617,$-1281,$-105,$-1596,$2370,$331,$-1281
10,2016-03-31,29.22,$11.23,2.6,$15.07,1.94,$5.40,5.41,$1.65,17.71,$15.18B,$19.08B,0.8,$51.52B,$54.51B,0.95,$75.45B,$31.15B,41.29%,$75.45B,$16.20B,21.47%,$75.45B,$16.20B,21.47%,$75.45B,$25.09B,33.25%,$75.45B,$13.51B,17.90%,$75.45B,$8.24B,10.92%,$8.24B,$54.51B,15.46%,$8.24B,$-55.14B,-15.47%,$8.24B,$170.60B,5.02%,$16.20B,$106.03B,16.08%,$18790,$10957,$7833,$0,$1466,$14701,$4089,$-554,$3535,$1311,$2224,$2224,$2134,$6367,$4089,$4868,4925,$0.44,$0.43,$5628,$0,$3177,$15180,$34122,$3638,$109654,$8005,$155419,$170599,$19084,$51515,$10431,$97003,$116087,$29,$21750,$-84,$54512,$170599,$2224,$2278,$326,$2604,$562,$0,$0,$-3,$571,$5399,$-2025,$-378,$-24,$0,$-338,$-338,$56,$-2709,$3275,$-538,$2737,$-1415,$-1415,$-611,$-68,$643,$3333,$153,$-611
11,2015-12-31,26.87,$11.05,2.43,$14.75,1.82,$5.40,4.98,$1.62,16.59,$12.30B,$18.18B,0.68,$48.99B,$53.98B,0.91,$74.51B,$30.64B,41.12%,$74.51B,$16.00B,21.47%,$74.51B,$16.00B,21.47%,$74.51B,$24.68B,33.12%,$74.51B,$13.37B,17.95%,$74.51B,$8.16B,10.96%,$8.16B,$53.98B,15.46%,$8.16B,$-55.28B,-15.63%,$8.16B,$166.57B,5.07%,$16.00B,$102.97B,16.31%,$19245,$11423,$7822,$0,$1550,$15243,$4002,$-784,$3218,$1162,$2056,$2056,$1971,$6272,$4002,$4972,5035,$0.40,$0.40,$2295,$0,$3112,$12303,$33665,$3224,$109255,$8127,$154271,$166574,$18178,$48994,$10637,$94418,$112596,$29,$21413,$-174,$53978,$166574,$8413,$8680,$1905,$10585,$-708,$0,$0,$811,$487,$19485,$-8677,$-1370,$-1353,$0,$-784,$-784,$220,$-11964,$1108,$135,$1243,$-7139,$-7139,$-2437,$-803,$-9136,$-1615,$567,$-2437
12,2015-09-30,26.97,$10.57,2.55,$14.31,1.88,$5.06,5.33,$1.60,16.91,$11.50B,$17.36B,0.66,$44.61B,$51.97B,0.86,$73.00B,$30.04B,41.15%,$73.00B,$15.78B,21.62%,$73.00B,$15.78B,21.62%,$73.00B,$24.28B,33.27%,$73.00B,$13.26B,18.17%,$73.00B,$8.12B,11.12%,$8.12B,$51.97B,15.44%,$8.12B,$-51.79B,-15.90%,$8.12B,$158.96B,5.10%,$15.78B,$96.57B,16.34%,$18669,$10972,$7697,$0,$1513,$14668,$4001,$-737,$3264,$1223,$2041,$2041,$1996,$6184,$4001,$4944,5004,$0.41,$0.40,$2030,$0,$2944,$11501,$32170,$3323,$103752,$8212,$147457,$158958,$17359,$44605,$10694,$89634,$106993,$29,$20883,$-195,$51965,$158958,$6357,$6410,$641,$7051,$-322,$0,$0,$558,$405,$13813,$-5978,$-916,$134,$0,$-712,$-712,$268,$-7204,$-357,$-220,$-577,$-5735,$-5735,$-1823,$-491,$-8626,$-2017,$430,$-1823
13,2015-06-30,28.52,$10.58,2.7,$13.79,2.07,$4.85,5.88,$1.69,16.87,$13.32B,$17.57B,0.76,$44.64B,$52.73B,0.85,$71.12B,$29.34B,41.26%,$71.12B,$15.53B,21.83%,$71.12B,$15.53B,21.83%,$71.12B,$23.80B,33.47%,$71.12B,$13.04B,18.34%,$71.12B,$8.71B,12.25%,$8.71B,$52.73B,16.44%,$8.71B,$-50.86B,-17.20%,$8.71B,$159.67B,5.47%,$15.53B,$97.37B,16.00%,$18743,$10943,$7800,$0,$1534,$14638,$4105,$-617,$3488,$1313,$2175,$2175,$2137,$6266,$4105,$5000,5062,$0.43,$0.42,$3630,$0,$2673,$13319,$31572,$2999,$103588,$8196,$146355,$159674,$17565,$44636,$10438,$89380,$106945,$29,$21313,$-166,$52729,$159674,$4316,$4227,$318,$4545,$-707,$0,$0,$571,$-27,$8834,$-3762,$-600,$216,$0,$-272,$-272,$182,$-4236,$330,$-137,$193,$-3553,$-3553,$-1200,$-462,$-5022,$-424,$294,$-1200
14,2015-03-31,26.67,$10.45,2.55,$13.29,2.01,$4.66,5.72,$1.65,16.16,$12.92B,$18.50B,0.7,$42.95B,$52.51B,0.82,$69.22B,$28.59B,41.30%,$69.22B,$15.23B,22.00%,$69.22B,$15.23B,22.00%,$69.22B,$23.34B,33.72%,$69.22B,$12.81B,18.51%,$69.22B,$8.57B,12.38%,$8.57B,$52.51B,16.20%,$8.57B,$-51.01B,-16.86%,$8.57B,$158.76B,5.40%,$15.23B,$95.46B,15.75%,$17853,$10537,$7316,$0,$1360,$13963,$3890,$-488,$3402,$1261,$2141,$2141,$2059,$5956,$3890,$5040,5112,$0.41,$0.41,$4095,$0,$2682,$12921,$31127,$3235,$103518,$7956,$145836,$158757,$18502,$42953,$10837,$87744,$106246,$30,$21186,$-188,$52511,$158757,$2141,$2066,$-65,$2001,$119,$0,$0,$612,$1103,$5245,$-1750,$-273,$180,$0,$-32,$-32,$181,$-1694,$-909,$-150,$-1059,$-1972,$-1972,$-572,$79,$-3524,$27,$135,$-572
15,2014-12-31,27.16,$10.44,2.6,$13.09,2.08,$4.55,5.97,$1.60,16.98,$13.53B,$17.41B,0.78,$43.86B,$53.07B,0.83,$68.78B,$28.02B,40.75%,$68.78B,$14.90B,21.67%,$68.78B,$14.90B,21.67%,$68.78B,$22.92B,33.33%,$68.78B,$12.47B,18.12%,$68.78B,$8.38B,12.18%,$8.38B,$53.07B,15.91%,$8.38B,$-50.59B,-16.41%,$8.38B,$159.19B,5.29%,$14.90B,$96.93B,15.38%,$17732,$10509,$7223,$0,$1346,$13945,$3787,$-677,$3110,$1114,$1996,$1996,$1925,$5877,$3787,$5166,5240,$0.38,$0.37,$4512,$0,$2698,$13531,$30953,$3135,$103660,$7907,$145655,$159186,$17410,$43864,$10819,$88708,$106118,$30,$21539,$-146,$53068,$159186,$8592,$8019,$1869,$9888,$-33,$0,$0,$-1655,$-1535,$16945,$-7463,$-1122,$189,$0,$-191,$-191,$-146,$-8733,$1007,$-504,$503,$-4216,$-4216,$-2254,$-53,$-6020,$2192,$513,$-2254
16,2014-09-30,25.18,$10.41,2.42,$12.88,1.96,$3.81,6.62,$1.59,15.84,$13.94B,$17.08B,0.82,$44.83B,$53.65B,0.84,$67.97B,$27.69B,40.73%,$67.97B,$14.76B,21.72%,$67.97B,$14.76B,21.72%,$67.97B,$22.69B,33.38%,$67.97B,$12.31B,18.11%,$67.97B,$8.37B,12.31%,$8.37B,$53.65B,16.04%,$8.37B,$-50.12B,-16.22%,$8.37B,$159.24B,5.29%,$14.76B,$98.48B,15.29%,$16791,$9789,$7002,$0,$1298,$13046,$3745,$-705,$3040,$407,$2633,$2633,$2592,$5704,$3745,$5160,5232,$0.50,$0.50,$5078,$0,$2686,$13936,$30362,$3129,$103776,$8034,$145301,$159237,$17084,$44827,$10388,$88500,$105584,$30,$21805,$3,$53653,$159237,$6596,$5929,$836,$6765,$89,$0,$0,$-1267,$-1059,$12302,$-5224,$-735,$145,$0,$-145,$-145,$-121,$-6080,$1010,$-437,$573,$-2217,$-2217,$-1676,$-73,$-3393,$2829,$386,$-1676
17,2014-06-30,25.03,$10.11,2.48,$12.71,1.97,$3.46,7.22,$1.42,17.63,$12.77B,$17.38B,0.74,$43.60B,$52.33B,0.83,$67.33B,$27.30B,40.54%,$67.33B,$14.43B,21.44%,$67.33B,$14.43B,21.44%,$67.33B,$22.32B,33.15%,$67.33B,$12.07B,17.92%,$67.33B,$7.51B,11.15%,$7.51B,$52.33B,14.64%,$7.51B,$-51.59B,-14.30%,$7.51B,$157.46B,4.76%,$14.43B,$95.93B,15.11%,$16844,$9796,$7048,$0,$1244,$13040,$3804,$-545,$3259,$1234,$2025,$2025,$1992,$5804,$3804,$5188,5256,$0.39,$0.38,$3854,$0,$2686,$12772,$29970,$3072,$103920,$7725,$144687,$157459,$17375,$43602,$11241,$87752,$105127,$30,$20432,$-14,$52332,$157459,$3963,$3970,$214,$4184,$60,$0,$0,$-492,$-600,$7547,$-3256,$-477,$75,$0,$-77,$-77,$-153,$-3888,$-976,$-343,$-1319,$-1471,$-1471,$-1092,$34,$-3848,$-189,$266,$-1092
18,2014-03-31,23.24,$9.93,2.34,$12.56,1.85,$3.31,7.03,$1.37,17.02,$14.04B,$17.80B,0.79,$44.58B,$51.63B,0.86,$66.76B,$26.98B,40.42%,$66.76B,$14.06B,21.07%,$66.76B,$14.06B,21.07%,$66.76B,$19.97B,29.91%,$66.76B,$11.60B,17.38%,$66.76B,$7.25B,10.86%,$7.25B,$51.63B,14.33%,$7.25B,$-51.98B,-13.63%,$7.25B,$157.77B,4.60%,$14.06B,$96.21B,14.81%,$17408,$10657,$6751,$0,$1213,$13840,$3568,$-512,$3056,$1118,$1938,$1938,$1871,$5538,$3568,$5206,5290,$0.36,$0.36,$5443,$0,$2449,$14043,$29588,$3090,$103612,$7440,$143730,$157773,$17803,$44581,$11109,$88338,$106141,$30,$19737,$33,$51632,$157773,$1938,$1970,$-138,$1832,$195,$0,$0,$439,$716,$4486,$-1448,$-217,$300,$0,$-37,$-37,$-103,$-1505,$-73,$-364,$-437,$-730,$-730,$-508,$30,$-1645,$1336,$119,$-508
19,2013-12-31,24.02,$9.79,2.45,$12.13,1.98,$3.29,7.29,$1.28,18.77,$14.08B,$18.91B,0.74,$44.57B,$51.06B,0.87,$64.66B,$26.41B,40.85%,$64.66B,$13.56B,20.98%,$64.66B,$13.56B,20.98%,$64.66B,$21.43B,33.15%,$64.66B,$11.12B,17.19%,$64.66B,$6.82B,10.54%,$6.82B,$51.06B,13.68%,$6.82B,$-52.73B,-12.62%,$6.82B,$158.81B,4.34%,$13.56B,$95.63B,14.38%,$16926,$10040,$6886,$0,$1241,$13279,$3647,$-693,$2954,$986,$1968,$1968,$1913,$5645,$3647,$5250,5330,$0.37,$0.36,$5291,$0,$2408,$14075,$29840,$3770,$103791,$7337,$144738,$158813,$18912,$44567,$11384,$88843,$107755,$30,$19235,$56,$51058,$158813,$7135,$7871,$639,$8510,$-721,$0,$0,$-97,$-1485,$14160,$-8500,$-1009,$-99,$0,$-140,$-140,$234,$-9514,$489,$1345,$1834,$-1960,$-1960,$-1964,$-11789,$-13879,$-9233,$419,$-1964
20,2013-09-30,20.78,$9.58,2.17,$11.88,1.75,$3.91,5.31,$1.20,17.32,$13.41B,$18.67B,0.72,$44.19B,$50.13B,0.88,$63.67B,$25.90B,40.69%,$63.67B,$13.21B,20.75%,$63.67B,$13.21B,20.75%,$63.67B,$13.77B,21.63%,$63.67B,$10.75B,16.88%,$63.67B,$6.42B,10.09%,$6.42B,$50.13B,12.97%,$6.42B,$-53.64B,-11.80%,$6.42B,$156.60B,4.05%,$13.21B,$94.32B,14.30%,$16151,$9538,$6613,$0,$1283,$12737,$3414,$-615,$2799,$1021,$1778,$1778,$1732,$5330,$3414,$5244,5316,$0.33,$0.33,$5735,$0,$2171,$13407,$28806,$3672,$103777,$6933,$143188,$156595,$18666,$44188,$11493,$87795,$106461,$30,$18324,$-110,$50134,$156595,$5167,$5873,$328,$6201,$145,$0,$0,$274,$311,$11679,$-6298,$-694,$-42,$655,$-1177,$-522,$229,$-7327,$491,$395,$886,$-1465,$-1465,$-1454,$-11667,$-13700,$-9348,$312,$-1454
21,2013-06-30,19.05,$9.43,2.02,$11.91,1.6,$4.23,4.5,$1.27,15.06,$12.74B,$18.60B,0.69,$44.11B,$49.49B,0.89,$64.06B,$25.53B,39.85%,$64.06B,$12.84B,20.05%,$64.06B,$12.84B,20.05%,$64.06B,$16.59B,25.89%,$64.06B,$12.33B,19.25%,$64.06B,$6.80B,10.62%,$6.80B,$49.49B,13.79%,$6.80B,$-54.39B,-12.42%,$6.80B,$156.82B,4.25%,$12.84B,$93.60B,14.26%,$16270,$9538,$6732,$0,$1307,$12835,$3435,$-643,$2792,$1048,$1744,$1744,$1734,$3453,$3435,$5262,5332,$0.33,$0.33,$5154,$0,$2074,$12735,$28255,$5299,$103879,$6651,$144084,$156819,$18602,$44114,$12461,$88731,$107333,$31,$17509,$77,$49486,$156819,$3389,$3957,$328,$4285,$58,$0,$0,$40,$11,$7685,$-4178,$-444,$-22,$0,$-550,$-550,$234,$-4960,$738,$348,$1086,$-976,$-976,$-942,$-11455,$-12287,$-9562,$213,$-942
22,2013-03-31,19.07,$9.24,2.06,$11.65,1.64,$4.56,4.18,$1.19,16.03,$11.78B,$18.02B,0.65,$45.05B,$48.65B,0.93,$63.00B,$25.09B,39.83%,$63.00B,$12.49B,19.82%,$63.00B,$12.49B,19.82%,$63.00B,$20.14B,31.97%,$63.00B,$11.98B,19.02%,$63.00B,$6.42B,10.18%,$6.42B,$48.65B,13.10%,$6.42B,$-55.29B,-11.63%,$6.42B,$156.36B,4.00%,$12.49B,$93.70B,14.31%,$15310,$9129,$6181,$0,$1147,$12243,$3067,$-497,$2570,$925,$1645,$1645,$1437,$7006,$3067,$5268,5350,$0.28,$0.27,$4680,$0,$2040,$11783,$28219,$5433,$103944,$6985,$144581,$156364,$18018,$45049,$12640,$89695,$107713,$31,$16730,$-11,$48651,$156364,$1645,$3939,$-349,$3590,$465,$0,$0,$-1050,$-866,$4369,$-1361,$-1493,$0,$-14,$0,$-14,$105,$-2763,$1122,$491,$1613,$-487,$-487,$-429,$-11415,$-10718,$-9112,$102,$-429
23,2012-12-31,16.97,$9.43,1.8,$11.50,1.48,$4.59,3.7,$1.15,14.82,$19.99B,$16.71B,1.2,$38.08B,$49.80B,0.77,$62.57B,$24.81B,39.65%,$62.57B,$12.18B,19.46%,$62.57B,$12.18B,19.46%,$62.57B,$19.98B,31.93%,$62.57B,$11.61B,18.55%,$62.57B,$6.20B,9.91%,$6.20B,$49.80B,12.72%,$6.20B,$-54.39B,-11.19%,$6.20B,$164.97B,3.86%,$12.18B,$87.88B,14.40%,$15937,$9559,$6378,$0,$1101,$12643,$3294,$-709,$2585,$778,$1807,$1807,$1518,$-2018,$3294,$5356,5434,$0.29,$0.28,$12415,$0,$2055,$19991,$27232,$6325,$104189,$7234,$144980,$164971,$16714,$38082,$13271,$98461,$115175,$31,$16280,$15,$49796,$164971,$7865,$7798,$-1123,$6675,$-823,$0,$0,$771,$314,$14854,$-5714,$-923,$-90,$0,$2805,$2805,$2436,$-1486,$1663,$-544,$1119,$-2767,$-2767,$-1608,$-781,$-4037,$9331,$371,$-1608
24,2012-09-30,16.09,$9.28,1.73,$11.28,1.43,$4.53,3.55,$1.10,14.63,$18.07B,$17.34B,1.04,$35.79B,$49.34B,0.73,$61.68B,$27.59B,44.73%,$61.68B,$11.80B,19.14%,$61.68B,$11.80B,19.14%,$61.68B,$28.93B,46.91%,$61.68B,$11.41B,18.50%,$61.68B,$5.97B,9.68%,$5.97B,$49.34B,12.38%,$5.97B,$-54.98B,-10.66%,$5.97B,$162.45B,3.76%,$11.80B,$85.13B,14.05%,$16544,$10306,$6238,$0,$1230,$13496,$3048,$1335,$4383,$1405,$2978,$2978,$2113,$8147,$3048,$5336,5406,$0.40,$0.39,$10300,$0,$2643,$18066,$26984,$5951,$104323,$7130,$144388,$162454,$17335,$35791,$12860,$95778,$113113,$31,$15774,$-48,$49341,$162454,$6058,$13110,$-1079,$12031,$-865,$0,$0,$-6538,$-6850,$11239,$-4043,$-605,$-95,$5376,$-191,$5185,$68,$510,$-257,$-555,$-812,$-2035,$-2035,$-1176,$-447,$-4470,$7279,$278,$-1176
25,2012-06-30,14.39,$9.00,1.6,$10.81,1.33,$4.36,3.3,$0.88,16.45,$11.35B,$15.74B,0.72,$34.18B,$48.18B,0.71,$59.47B,$25.93B,43.59%,$59.47B,$11.40B,19.16%,$59.47B,$11.40B,19.16%,$59.47B,$27.24B,45.80%,$59.47B,$8.83B,14.85%,$59.47B,$4.77B,8.02%,$4.77B,$48.18B,10.00%,$4.77B,$-55.98B,-8.45%,$4.77B,$157.69B,3.03%,$11.40B,$82.35B,13.55%,$15211,$8916,$6295,$0,$1291,$12132,$3079,$-635,$2444,$811,$1633,$1633,$1348,$7007,$3079,$5374,5434,$0.25,$0.25,$4332,$0,$2635,$11354,$26891,$8018,$104160,$7265,$146334,$157688,$15742,$34175,$13432,$93767,$109509,$31,$14626,$-170,$48179,$157688,$3080,$8011,$418,$8429,$-16,$0,$0,$-3789,$-3694,$7815,$-2461,$-414,$0,$0,$-44,$-44,$90,$-2829,$-1692,$-554,$-2246,$-1316,$-1316,$-741,$-202,$-4505,$481,$189,$-741
26,2012-03-31,13.37,$8.87,1.51,$10.58,1.26,$4.20,3.19,$0.81,16.51,$9.36B,$15.63B,0.6,$35.08B,$47.82B,0.73,$58.59B,$24.43B,41.70%,$58.59B,$11.26B,19.21%,$58.59B,$11.26B,19.21%,$58.59B,$26.74B,45.63%,$58.59B,$8.77B,14.97%,$58.59B,$4.44B,7.58%,$4.44B,$47.82B,9.38%,$4.44B,$-56.35B,-7.84%,$4.44B,$157.95B,2.83%,$11.26B,$82.90B,13.27%,$14878,$8981,$5897,$0,$1209,$12120,$2758,$-561,$2197,$750,$1447,$1447,$1224,$6841,$2758,$5416,5488,$0.23,$0.23,$2207,$0,$2769,$9355,$26962,$10149,$104168,$7315,$148594,$157949,$15632,$35080,$13446,$94496,$110128,$31,$14217,$-148,$47821,$157949,$1447,$4083,$74,$4157,$-60,$0,$0,$-1385,$-1211,$4393,$-1174,$-184,$0,$35,$-62,$-27,$36,$-1349,$-1125,$-407,$-1532,$-600,$-600,$-304,$-21,$-2457,$587,$89,$-304
27,2011-12-31,10.56,$8.81,1.2,$10.04,1.05,$4.03,2.62,$0.76,13.99,$8.57B,$13.24B,0.65,$37.94B,$47.66B,0.8,$55.84B,$22.60B,40.47%,$55.84B,$10.72B,19.20%,$55.84B,$10.72B,19.20%,$55.84B,$25.14B,45.03%,$55.84B,$8.21B,14.70%,$55.84B,$4.16B,7.45%,$4.16B,$47.66B,8.84%,$4.16B,$-56.76B,-7.30%,$4.16B,$157.82B,2.67%,$10.72B,$85.60B,12.58%,$15042,$5883,$9159,$0,$0,$12124,$2918,$-532,$2386,$801,$1585,$1585,$1287,$6934,$2918,$5492,5556,$0.24,$0.23,$1674,$0,$2247,$8573,$27559,$9854,$104415,$7417,$149245,$157818,$13241,$37942,$13034,$96922,$110163,$32,$13971,$-152,$47655,$157818,$5157,$14423,$1917,$16340,$-427,$0,$0,$-6705,$-7152,$14345,$-5307,$-954,$-6407,$0,$142,$142,$18,$-12508,$-3216,$544,$-2672,$-1858,$-1858,$-1187,$-484,$-6201,$-4364,$344,$-1187
28,2011-09-30,9.22,$8.63,1.07,$9.05,1.02,$3.51,2.63,$0.70,13.18,$8.58B,$14.15B,0.61,$38.52B,$47.01B,0.82,$50.52B,$19.57B,38.73%,$50.52B,$9.82B,19.43%,$50.52B,$9.82B,19.43%,$50.52B,$22.01B,43.57%,$50.52B,$7.53B,14.90%,$50.52B,$3.89B,7.70%,$3.89B,$47.01B,8.41%,$3.89B,$-56.65B,-7.61%,$3.89B,$156.83B,2.66%,$9.82B,$85.53B,11.92%,$14339,$9765,$4574,$0,$0,$11698,$2641,$-836,$1805,$639,$1166,$1166,$908,$6454,$2641,$5478,5522,$0.17,$0.17,$1806,$0,$2680,$8582,$27441,$9575,$103659,$7570,$148245,$156827,$14146,$38522,$11657,$95669,$109815,$32,$13236,$-147,$47012,$156827,$3572,$10407,$1506,$11913,$290,$0,$0,$-5327,$-5279,$10206,$-3785,$-505,$-6407,$0,$69,$69,$-33,$-10661,$-2813,$1642,$-1171,$-1398,$-1398,$-881,$-273,$-3723,$-4178,$260,$-881
29,2011-06-30,11.13,$8.53,1.3,$8.14,1.37,$3.11,3.58,$0.69,16.12,$8.35B,$12.70B,0.66,$38.21B,$46.91B,0.82,$45.67B,$18.57B,40.66%,$45.67B,$9.13B,19.99%,$45.67B,$9.13B,19.99%,$45.67B,$19.18B,42.00%,$45.67B,$7.18B,15.71%,$45.67B,$3.85B,8.43%,$3.85B,$46.91B,8.47%,$3.85B,$-56.85B,-8.45%,$3.85B,$154.78B,2.83%,$9.13B,$85.11B,11.54%,$14333,$9532,$4801,$0,$0,$11395,$2938,$-557,$2381,$1014,$1367,$1367,$1022,$6506,$2938,$5518,5578,$0.19,$0.19,$1997,$0,$2197,$8350,$24619,$10829,$103752,$7232,$146432,$154782,$12697,$38209,$11985,$95180,$107877,$32,$12932,$-105,$46905,$154782,$2406,$6594,$1008,$7602,$277,$0,$0,$-3175,$-3052,$6956,$-2377,$-296,$-5660,$0,$70,$70,$-23,$-8286,$-1764,$741,$-1023,$-844,$-844,$-572,$-218,$-2657,$-3987,$174,$-572
30,2011-03-31,10.8,$8.42,1.28,$7.26,1.49,$2.87,3.77,$0.66,16.37,$7.55B,$13.75B,0.55,$38.13B,$46.61B,0.82,$40.86B,$17.51B,42.84%,$40.86B,$8.27B,20.24%,$40.86B,$8.27B,20.24%,$40.86B,$16.44B,40.24%,$40.86B,$6.27B,15.34%,$40.86B,$3.71B,9.08%,$3.71B,$46.61B,8.32%,$3.71B,$-57.56B,-9.27%,$3.71B,$154.26B,2.94%,$8.27B,$84.74B,10.89%,$12128,$8062,$4066,$0,$0,$9904,$2224,$-589,$1635,$596,$1039,$1039,$943,$5250,$2224,$5544,5610,$0.17,$0.17,$1896,$0,$1943,$7547,$24911,$10711,$104168,$6922,$146712,$154259,$13747,$38130,$11617,$93905,$107652,$31,$12504,$-97,$46607,$154259,$1039,$3026,$304,$3330,$725,$0,$0,$-1495,$-901,$3468,$-1106,$-123,$-5658,$0,$2,$2,$-2,$-6887,$-1759,$1677,$-82,$-396,$-396,$-261,$-4,$-743,$-4162,$84,$-261
31,2010-12-31,9.56,$8.00,1.2,$6.72,1.42,$2.80,3.42,$0.65,14.83,$8.89B,$8.23B,1.08,$29.62B,$44.43B,0.67,$37.94B,$17.01B,44.82%,$37.94B,$7.98B,21.03%,$37.94B,$7.98B,21.03%,$37.94B,$14.78B,38.97%,$37.94B,$6.10B,16.09%,$37.94B,$3.64B,9.58%,$3.64B,$44.43B,8.31%,$3.64B,$-33.40B,-10.55%,$3.64B,$118.53B,3.12%,$7.98B,$74.05B,10.98%,$9721,$3596,$6125,$0,$0,$7708,$2013,$-307,$1706,$673,$1033,$1033,$1018,$3804,$2013,$5616,5640,$0.18,$0.18,$5984,$0,$1047,$8886,$23515,$6670,$77831,$1632,$109648,$118534,$8234,$29615,$7862,$65866,$74100,$32,$12158,$-99,$44434,$118534,$3668,$6803,$864,$7667,$-131,$0,$0,$-62,$-156,$11179,$-4961,$-536,$-183,$0,$-161,$-161,$130,$-5711,$2267,$0,$2267,$-1166,$-1166,$-1064,$-192,$-155,$5313,$300,$-1064
32,2010-09-30,7.83,$7.86,1.0,$6.57,1.19,$2.59,3.02,$0.63,12.42,$7.17B,$8.86B,0.81,$28.74B,$43.87B,0.66,$37.28B,$8.61B,23.09%,$37.28B,$7.78B,20.88%,$37.28B,$7.78B,20.88%,$37.28B,$14.74B,39.53%,$37.28B,$5.75B,15.42%,$37.28B,$3.57B,9.58%,$3.57B,$43.87B,8.24%,$3.57B,$-34.36B,-10.19%,$3.57B,$116.53B,3.10%,$7.78B,$72.61B,10.84%,$9489,$5911,$3578,$0,$0,$7535,$1954,$-500,$1454,$584,$870,$870,$867,$3624,$1954,$5604,5620,$0.16,$0.16,$4614,$0,$690,$7172,$23328,$6381,$78231,$1413,$109353,$116525,$8857,$28738,$7571,$63800,$72657,$32,$11525,$-116,$43868,$116525,$2635,$5012,$110,$5122,$-145,$0,$0,$63,$-25,$7732,$-3429,$-372,$-183,$0,$-33,$-33,$149,$-3868,$1771,$0,$1771,$-892,$-892,$-800,$-72,$7,$3871,$226,$-800
33,2010-06-30,7.48,$7.75,0.96,$6.42,1.17,$2.56,2.93,$0.64,11.69,$6.59B,$8.69B,0.76,$28.68B,$43.52B,0.66,$36.64B,$10.35B,28.23%,$36.64B,$7.54B,20.58%,$36.64B,$7.54B,20.58%,$36.64B,$14.44B,39.41%,$36.64B,$5.43B,14.82%,$36.64B,$3.65B,9.96%,$3.65B,$43.52B,8.49%,$3.65B,$-34.83B,-10.28%,$3.65B,$115.63B,3.20%,$7.54B,$72.21B,10.56%,$9525,$5788,$3737,$0,$0,$7447,$2078,$-604,$1474,$588,$886,$886,$884,$3765,$2078,$5632,5644,$0.16,$0.16,$4081,$0,$665,$6591,$23217,$6098,$78353,$1368,$109036,$115627,$8690,$28684,$7009,$63413,$72103,$32,$11026,$-86,$43524,$115627,$1765,$3342,$244,$3586,$-121,$0,$0,$100,$-19,$5332,$-2063,$-237,$-183,$0,$-17,$-17,$-55,$-2555,$1783,$0,$1783,$-600,$-600,$-535,$-68,$580,$3357,$153,$-535
34,2010-03-31,8.07,$7.65,1.05,$6.28,1.28,$2.47,3.27,$0.65,12.41,$5.97B,$8.62B,0.69,$28.58B,$43.18B,0.66,$36.09B,$12.01B,33.26%,$36.09B,$7.34B,20.33%,$36.09B,$7.34B,20.33%,$36.09B,$14.21B,39.37%,$36.09B,$5.34B,14.79%,$36.09B,$3.73B,10.34%,$3.73B,$43.18B,8.77%,$3.73B,$-35.28B,-10.37%,$3.73B,$115.42B,3.27%,$7.34B,$71.76B,10.33%,$9202,$5637,$3565,$0,$0,$7267,$1935,$-465,$1470,$591,$879,$879,$866,$3590,$1935,$5658,5674,$0.16,$0.16,$3524,$0,$863,$5968,$23441,$6267,$78457,$1287,$109452,$115420,$8615,$28582,$7140,$63626,$72241,$32,$10517,$-47,$43179,$115420,$879,$1655,$82,$1737,$143,$0,$0,$215,$287,$2903,$-925,$-117,$-172,$0,$-23,$-23,$-19,$-1256,$1796,$0,$1796,$-300,$-300,$-268,$-63,$1165,$2812,$82,$-268
35,2009-12-31,7.18,$7.54,0.95,$6.20,1.16,$2.35,3.05,$0.63,11.4,$3.22B,$7.25B,0.45,$27.94B,$42.81B,0.65,$35.76B,$13.71B,38.35%,$35.76B,$7.21B,20.18%,$35.76B,$7.21B,20.18%,$35.76B,$14.06B,39.33%,$35.76B,$5.11B,14.28%,$35.76B,$3.64B,10.17%,$3.64B,$42.81B,8.65%,$3.64B,$-35.68B,-9.94%,$3.64B,$112.73B,3.21%,$7.21B,$70.75B,10.20%,$9067,$11339,$-2272,$0,$0,$7250,$1817,$-467,$1350,$390,$960,$960,$955,$3758,$1817,$5750,5770,$0.17,$0.17,$721,$0,$551,$3223,$23855,$5947,$78490,$1218,$109510,$112733,$7249,$27940,$6767,$62673,$69922,$32,$10005,$-46,$42811,$112733,$3628,$6849,$1112,$7961,$-84,$0,$0,$-1088,$-1308,$10281,$-5117,$-522,$-88,$0,$-244,$-244,$74,$-5897,$-3174,$0,$-3174,$-764,$-764,$-761,$-209,$-4908,$-524,$257,$-761
36,2009-09-30,7.16,$7.42,0.96,$6.14,1.17,$2.22,3.23,$0.54,13.38,$3.41B,$7.09B,0.48,$28.49B,$42.38B,0.67,$35.62B,$21.30B,59.78%,$35.62B,$7.15B,20.08%,$35.62B,$7.15B,20.08%,$35.62B,$13.68B,38.39%,$35.62B,$4.34B,12.18%,$35.62B,$3.10B,8.69%,$3.10B,$42.38B,7.46%,$3.10B,$-36.20B,-8.31%,$3.10B,$112.46B,2.73%,$7.15B,$70.87B,10.11%,$8845,$3530,$5315,$0,$1989,$7134,$1711,$-574,$1137,$203,$934,$934,$944,$3326,$1711,$5744,5754,$0.17,$0.17,$918,$0,$849,$3406,$23605,$5699,$78585,$1168,$109057,$112463,$7092,$28493,$6763,$62990,$70082,$33,$9416,$-72,$42381,$112463,$2668,$4908,$787,$5695,$-11,$0,$0,$-554,$-638,$7725,$-3508,$-383,$-36,$0,$-111,$-111,$37,$-4001,$-2866,$0,$-2866,$-438,$-438,$-568,$-185,$-4057,$-333,$192,$-568
37,2009-06-30,6.1,$7.29,0.84,$6.06,1.01,$2.05,2.97,$0.50,12.21,$6.54B,$10.56B,0.62,$28.87B,$41.81B,0.69,$35.33B,$21.19B,59.97%,$35.33B,$7.11B,20.14%,$35.33B,$7.11B,20.14%,$35.33B,$13.59B,38.46%,$35.33B,$4.36B,12.33%,$35.33B,$2.92B,8.27%,$2.92B,$41.81B,7.14%,$2.92B,$-36.86B,-7.71%,$2.92B,$115.24B,2.56%,$7.11B,$70.68B,10.06%,$8978,$3581,$5397,$0,$1862,$7103,$1875,$-495,$1380,$424,$956,$956,$967,$3535,$1875,$5774,5782,$0.17,$0.17,$4051,$0,$809,$6537,$23715,$5190,$78671,$1124,$108700,$115237,$10557,$28870,$6602,$62866,$73423,$33,$8736,$-80,$41814,$115237,$1734,$3293,$600,$3893,$-49,$0,$0,$-353,$-514,$5113,$-2281,$-241,$-27,$0,$-51,$-51,$30,$-2570,$755,$0,$755,$-108,$-108,$-375,$-21,$251,$2794,$121,$-375
38,2009-03-31,5.73,$7.14,0.8,$5.95,0.96,$1.93,2.96,$0.44,13.03,$4.25B,$8.89B,0.48,$29.42B,$41.19B,0.71,$34.90B,$21.01B,60.19%,$34.90B,$6.99B,20.02%,$34.90B,$6.99B,20.02%,$34.90B,$13.40B,38.40%,$34.90B,$4.05B,11.61%,$34.90B,$2.59B,7.41%,$2.59B,$41.19B,6.38%,$2.59B,$-37.60B,-6.74%,$2.59B,$113.07B,2.28%,$6.99B,$70.60B,9.87%,$8866,$3592,$5274,$0,$1830,$7055,$1811,$-572,$1239,$461,$778,$778,$772,$3444,$1811,$5770,5780,$0.14,$0.14,$1938,$0,$829,$4250,$24038,$4872,$78785,$1126,$108821,$113071,$8887,$29415,$6219,$62995,$71882,$33,$8004,$-93,$41189,$113071,$778,$1633,$341,$1974,$143,$0,$0,$-289,$-240,$2512,$-1160,$-133,$-7,$0,$-40,$-40,$24,$-1316,$-332,$0,$-332,$0,$0,$-180,$0,$-512,$684,$54,$-180
39,2008-12-31,7.07,$7.04,1.0,$5.81,1.22,$1.84,3.85,$0.43,16.63,$3.72B,$8.94B,0.42,$30.18B,$40.58B,0.74,$34.42B,$20.76B,60.31%,$34.42B,$6.73B,19.56%,$34.42B,$6.73B,19.56%,$34.42B,$13.13B,38.15%,$34.42B,$4.06B,11.79%,$34.42B,$2.55B,7.40%,$2.55B,$40.58B,6.29%,$2.55B,$-38.32B,-6.61%,$2.55B,$113.02B,2.24%,$6.73B,$70.75B,9.50%,$8932,$3622,$5310,$0,$1940,$7175,$1757,$-1176,$581,$169,$412,$412,$412,$3370,$1757,$5878,5904,$0.08,$0.08,$1254,$0,$544,$3716,$24444,$4783,$78896,$1178,$109301,$113017,$8939,$30178,$6171,$63502,$72441,$33,$7427,$-113,$40576,$113017,$2525,$6400,$1322,$7722,$39,$0,$0,$-17,$-16,$10231,$-5750,$-527,$-738,$-1167,$737,$-430,$-32,$-7477,$925,$0,$925,$-2747,$-2747,$-547,$-153,$-2522,$232,$258,$-547
40,2008-09-30,8.19,$6.98,1.17,$5.60,1.46,$1.40,5.84,$0.46,18.0,$5.51B,$9.26B,0.6,$30.60B,$40.20B,0.76,$33.67B,$19.57B,58.12%,$33.67B,$6.43B,19.11%,$33.67B,$6.43B,19.11%,$33.67B,$12.84B,38.15%,$33.67B,$4.47B,13.28%,$33.67B,$2.74B,8.13%,$2.74B,$40.20B,6.73%,$2.74B,$-38.73B,-7.21%,$2.74B,$114.50B,2.41%,$6.43B,$70.81B,9.07%,$8549,$3345,$5204,$0,$1967,$6879,$1670,$-513,$1157,$401,$756,$756,$771,$3237,$1670,$5818,5840,$0.13,$0.13,$2917,$0,$938,$5513,$23910,$5203,$78931,$939,$108983,$114496,$9259,$30601,$6925,$65033,$74292,$33,$7196,$-64,$40204,$114496,$2113,$4787,$717,$5504,$4,$0,$0,$-227,$-244,$7373,$-4037,$-376,$-700,$0,$385,$385,$-2,$-4730,$2370,$0,$2370,$-2747,$-2747,$-367,$-148,$-892,$1751,$195,$-367
41,2008-06-30,7.89,$6.91,1.14,$5.38,1.46,$0.98,8.05,$0.42,19.01,$4.65B,$8.09B,0.57,$30.62B,$40.34B,0.76,$32.90B,$19.39B,58.92%,$32.90B,$6.15B,18.70%,$32.90B,$6.15B,18.70%,$32.90B,$12.54B,38.10%,$32.90B,$4.28B,13.01%,$32.90B,$2.53B,7.68%,$2.53B,$40.34B,6.15%,$2.53B,$-38.80B,-6.78%,$2.53B,$113.90B,2.23%,$6.15B,$70.96B,8.63%,$8553,$3334,$5219,$0,$1868,$6803,$1750,$-676,$1074,$455,$619,$619,$632,$3351,$1750,$5914,5940,$0.11,$0.11,$2062,$0,$920,$4647,$23833,$5366,$79137,$914,$109250,$113897,$8089,$30624,$7207,$65471,$73560,$33,$6967,$-59,$40337,$113897,$1357,$3220,$463,$3683,$-7,$0,$0,$-36,$-112,$4928,$-2731,$-245,$-331,$0,$279,$279,$-17,$-3045,$1178,$0,$1178,$-1937,$-1937,$-185,$-135,$-1079,$804,$123,$-185
42,2008-03-31,8.04,$6.89,1.17,$5.17,1.56,$0.74,10.8,$0.41,19.86,$3.10B,$7.40B,0.42,$30.01B,$40.80B,0.74,$32.06B,$19.13B,59.65%,$32.06B,$5.87B,18.32%,$32.06B,$5.87B,18.32%,$32.06B,$12.20B,38.04%,$32.06B,$4.24B,13.21%,$32.06B,$2.48B,7.74%,$2.48B,$40.80B,5.99%,$2.48B,$-38.21B,-6.81%,$2.48B,$112.82B,2.21%,$5.87B,$70.81B,8.28%,$8389,$3361,$5028,$0,$1854,$6834,$1555,$-309,$1246,$508,$738,$738,$732,$3174,$1555,$6018,6034,$0.12,$0.12,$721,$0,$886,$3104,$23949,$5800,$79004,$967,$109720,$112824,$7403,$30009,$7110,$64623,$72026,$34,$7187,$-57,$40798,$112824,$738,$1619,$70,$1689,$162,$0,$0,$-186,$-168,$2259,$-1431,$-126,$-29,$0,$23,$23,$20,$-1543,$-26,$0,$-26,$-990,$-990,$0,$-28,$-1044,$-328,$62,$0
43,2007-12-31,7.57,$6.86,1.1,$4.95,1.53,$0.69,11.0,$0.42,18.24,$3.67B,$7.95B,0.46,$29.83B,$41.34B,0.72,$31.06B,$18.73B,60.29%,$31.06B,$5.58B,17.96%,$31.06B,$5.58B,17.96%,$31.06B,$11.79B,37.95%,$31.06B,$4.35B,14.00%,$31.06B,$2.59B,8.33%,$2.59B,$41.34B,6.20%,$2.59B,$-36.18B,-7.25%,$2.59B,$113.42B,2.31%,$5.58B,$71.17B,7.91%,$8179,$4062,$4117,$0,$1035,$6721,$1458,$-462,$996,$400,$596,$564,$602,$3082,$1458,$6196,6258,$0.10,$0.10,$1061,$0,$747,$3667,$23624,$7963,$77521,$642,$109750,$113417,$7952,$29828,$7167,$64125,$72077,$34,$7191,$-56,$41340,$113417,$2549,$6208,$-291,$5917,$-100,$0,$0,$-352,$-277,$8189,$-6158,$-406,$-1319,$-328,$0,$-328,$62,$-8149,$2312,$0,$2312,$-2690,$-2690,$0,$62,$-316,$-276,$212,$0
44,2007-09-30,10.02,$6.82,1.47,$4.75,2.11,$0.71,14.06,$0.38,26.73,$5.40B,$6.70B,0.81,$30.34B,$41.89B,0.72,$29.91B,$18.30B,61.17%,$29.91B,$5.34B,17.85%,$29.91B,$5.34B,17.85%,$29.91B,$11.30B,37.77%,$29.91B,$4.01B,13.39%,$29.91B,$2.38B,7.94%,$2.38B,$41.89B,5.70%,$2.38B,$-35.83B,-6.79%,$2.38B,$113.17B,2.14%,$5.34B,$72.23B,7.62%,$7781,$2759,$5022,$0,$2093,$6390,$1391,$-426,$965,$421,$544,$560,$560,$2929,$1391,$6174,6236,$0.09,$0.09,$3014,$0,$785,$5397,$23213,$6223,$77721,$617,$107774,$113171,$6704,$30340,$7404,$64579,$71283,$35,$7145,$-93,$41888,$113171,$1985,$4584,$-431,$4153,$-51,$0,$0,$-592,$-633,$5505,$-4584,$-313,$-1277,$0,$1597,$1597,$98,$-4479,$2081,$0,$2081,$-1448,$-1448,$0,$51,$684,$1710,$161,$0
45,2007-06-30,11.65,$6.77,1.72,$4.52,2.58,$0.91,12.85,$0.48,24.37,$3.54B,$6.84B,0.52,$27.79B,$41.83B,0.67,$28.56B,$17.43B,61.04%,$28.56B,$5.17B,18.10%,$28.56B,$5.17B,18.10%,$28.56B,$10.81B,37.83%,$28.56B,$4.62B,16.18%,$28.56B,$3.03B,10.62%,$3.03B,$41.83B,7.33%,$3.03B,$-35.67B,-8.82%,$3.03B,$110.76B,2.76%,$5.17B,$69.62B,7.52%,$7712,$2754,$4958,$0,$1946,$6244,$1468,$-439,$1029,$453,$576,$588,$588,$3012,$1468,$6226,6294,$0.10,$0.10,$1223,$0,$878,$3542,$22900,$6211,$77495,$608,$107214,$110756,$6839,$27794,$7487,$62092,$68931,$35,$6951,$-52,$41825,$110756,$1425,$3046,$-393,$2653,$72,$0,$0,$-163,$-171,$3907,$-3058,$-229,$-770,$56,$1236,$1292,$43,$-2722,$-730,$0,$-730,$-918,$-918,$0,$52,$-1596,$-411,$78,$0
46,2007-03-31,10.76,$6.72,1.6,$4.22,2.55,$0.98,10.96,$0.46,23.56,$4.26B,$7.37B,0.58,$27.22B,$41.84B,0.65,$26.76B,$16.25B,60.74%,$26.76B,$4.88B,18.22%,$26.76B,$4.88B,18.22%,$26.76B,$10.11B,37.76%,$26.76B,$4.36B,16.28%,$26.76B,$2.90B,10.85%,$2.90B,$41.84B,7.10%,$2.90B,$-35.10B,-8.92%,$2.90B,$110.34B,2.69%,$4.88B,$69.06B,7.26%,$7388,$2759,$4629,$0,$1866,$6127,$1261,$98,$1359,$526,$833,$837,$837,$2763,$1261,$6250,6322,$0.14,$0.13,$2285,$0,$688,$4255,$22513,$6077,$76936,$556,$106082,$110337,$7374,$27222,$7466,$61125,$68499,$35,$6814,$-41,$41838,$110337,$837,$1502,$-480,$1022,$212,$0,$0,$-157,$106,$1965,$-1454,$-118,$-9,$0,$371,$371,$22,$-1188,$-701,$0,$-701,$-282,$-282,$0,$4,$-979,$-202,$30,$0
47,2006-12-31,11.7,$6.60,1.77,$3.92,2.98,$1.03,11.31,$0.40,29.25,$5.20B,$7.19B,0.72,$27.99B,$41.17B,0.68,$24.97B,$15.15B,60.67%,$24.97B,$4.62B,18.50%,$24.97B,$4.62B,18.50%,$24.97B,$9.44B,37.82%,$24.97B,$3.59B,14.40%,$24.97B,$2.53B,10.15%,$2.53B,$41.17B,6.26%,$2.53B,$-33.41B,-8.25%,$2.53B,$110.41B,2.39%,$4.62B,$69.16B,7.03%,$7031,$3342,$3689,$0,$1095,$5813,$1218,$-566,$652,$221,$431,$429,$390,$2594,$1218,$6320,6360,$0.06,$0.06,$2974,$0,$778,$5202,$21248,$8847,$74576,$532,$105203,$110405,$7191,$27992,$6476,$62047,$69238,$35,$6214,$34,$41167,$110405,$2533,$4823,$-444,$4379,$-357,$0,$0,$-497,$-294,$6618,$-4395,$-306,$-5110,$-2812,$2720,$-92,$31,$-9872,$5458,$0,$5458,$-1937,$-1937,$0,$25,$3546,$292,$190,$0
