,Date,Stock Price,Book Value per Share,Price to Book Ratio,TTM Sales per Share,Price to Sales Ratio,TTM FCF per Share,Price to FCF Ratio,TTM Net EPS,PE Ratio,Current Assets,Current Liabilities,Current Ratio,Long Term Debt,Shareholder's Equity_x,Debt to Equity Ratio,TTM Revenue_x,TTM Gross Profit,Gross Margin,TTM Revenue_y,TTM Operating Income,Operating Margin,TTM Revenue_x,TTM EBIT,EBIT Margin,TTM Revenue_y,TTM EBITDA,EBITDA Margin,TTM Revenue_x,TTM Pre-Tax Income,Pre-Tax Margin,TTM Revenue_y,TTM Net Income_x,Net Margin,TTM Net Income_y,Shareholder's Equity_y,Return on Equity,TTM Net Income_x,Tangible Equity,Return on Tangible Equity,TTM Net Income_y,Total Assets,Return on Assets,TTM Net Income,LT Investments & Debt,Return on Investment,revenue,cost-goods-sold,gross-profit,research-development-expenses,selling-general-administrative-expenses,operating-expenses,operating-income,total-non-operating-income-expense,pre-tax-income,total-provision-income-taxes,income-after-taxes,income-from-continuous-operations,net-income,ebitda,ebit,basic-shares-outstanding,shares-outstanding,eps-basic-net-earnings-per-share,eps-earnings-per-share-diluted,cash-on-hand,inventory,other-current-assets,total-current-assets,net-property-plant-equipment,long-term-investments,goodwill-intangible-assets-total,other-long-term-assets,total-long-term-assets,total-assets,total-current-liabilities,long-term-debt,other-non-current-liabilities,total-long-term-liabilities,total-liabilities,common-stock-net,retained-earnings-accumulated-deficit,comprehensive-income,total-share-holder-equity,total-liabilities-share-holders-equity,net-income-loss,total-depreciation-amortization-cash-flow,other-non-cash-items,total-non-cash-items,change-in-accounts-receivable,change-in-inventories,change-in-accounts-payable,change-in-assets-liabilities,total-change-in-assets-liabilities,cash-flow-from-operating-activities,net-change-in-property-plant-equipment,net-change-in-intangible-assets,net-acquisitions-divestitures,net-change-in-short-term-investments,net-change-in-long-term-investments,net-change-in-investments-total,investing-activities-other,cash-flow-from-investing-activities,net-long-term-debt,net-current-debt,debt-issuance-retirement-net-total,net-common-equity-issued-repurchased,net-total-equity-issued-repurchased,total-common-preferred-stock-dividends-paid,financial-activities-other,cash-flow-from-financial-activities,net-cash-flow,stock-based-compensation,common-stock-dividends-paid
0,2018-09-30,14.0,$14.24,0.98,$4.13,3.39,$8.25,1.7,$-0.11,0.0,$0.21B,$0.04B,5.0,$0.66B,$0.38B,1.75,$0.20B,$0.06B,31.34%,$0.20B,$0.00B,1.00%,$0.20B,$0.00B,1.00%,$0.20B,$0.05B,26.37%,$0.20B,$0.03B,12.44%,$0.20B,$0.01B,6.47%,$0.01B,$0.62B,2.08%,$0.01B,$0.61B,2.12%,$0.01B,$1.39B,0.95%,$0.00B,$1.29B,0.16%,$48,$34,$14,$0,$1,$48,$-0,$0,$-0,$0,$-1,$-1,$-4,$13,$-0,$44,44,$-0.10,$-0.10,$119,$0,$0,$209,$1067,$0,$11,$19,$1183,$1392,$42,$664,$19,$727,$768,$0,$-416,$3,$623,$1392,$2,$37,$2,$39,$5,$0,$2,$0,$10,$50,$-122,$0,$0,$0,$0,$0,$-5,$-127,$34,$0,$34,$0,$27,$-19,$-2,$39,$-38,$0,$-18
1,2018-06-30,15.1,$14.26,1.06,$4.00,3.77,$24.58,0.61,$1.14,13.25,$0.20B,$0.04B,5.32,$0.67B,$0.39B,1.72,$0.21B,$0.06B,29.81%,$0.21B,0,0.00%,$0.21B,0,0.00%,$0.21B,$0.05B,25.48%,$0.21B,$0.10B,47.12%,$0.21B,$0.09B,42.79%,$0.09B,$0.62B,13.76%,$0.09B,$0.61B,13.95%,$0.09B,$1.39B,6.28%,$0.00B,$1.29B,0.00%,$52,$34,$18,$0,$2,$49,$2,$0,$2,$0,$2,$2,$-2,$14,$2,$44,44,$-0.04,$-0.04,$114,$0,$0,$195,$1076,$0,$12,$20,$1194,$1388,$37,$667,$18,$727,$764,$0,$-409,$3,$624,$1388,$3,$24,$2,$25,$4,$0,$0,$6,$9,$37,$-120,$0,$0,$0,$0,$0,$-1,$-121,$37,$0,$37,$0,$20,$-13,$-2,$42,$-42,$0,$-13
2,2018-03-31,12.54,$14.26,0.88,$3.60,3.48,$34.78,0.36,$2.34,5.36,$0.15B,$0.04B,3.95,$0.64B,$0.39B,1.64,$0.22B,$0.06B,28.11%,$0.22B,$-0.01B,-5.99%,$0.22B,$-0.01B,-5.99%,$0.22B,$0.04B,19.35%,$0.22B,$0.19B,86.64%,$0.22B,$0.18B,83.87%,$0.18B,$0.62B,27.90%,$0.18B,$0.61B,28.33%,$0.18B,$1.36B,12.29%,$-0.01B,$1.27B,-0.94%,$48,$31,$18,$0,$3,$47,$1,$0,$1,$0,$1,$1,$-3,$13,$1,$44,44,$-0.07,$-0.07,$70,$0,$0,$152,$1085,$0,$13,$23,$1206,$1358,$38,$641,$19,$695,$733,$0,$-405,$3,$624,$1358,$1,$12,$1,$13,$3,$0,$1,$3,$4,$18,$-116,$0,$0,$0,$0,$0,$1,$-115,$0,$10,$10,$0,$9,$-7,$-0,$12,$-86,$0,$-7
3,2017-12-31,18.79,$14.31,1.31,$3.29,5.7,$40.60,0.46,$4.72,3.98,$0.25B,$0.04B,7.13,$0.63B,$0.40B,1.59,$0.24B,$0.07B,29.24%,$0.24B,$-0.01B,-2.97%,$0.24B,$-0.01B,-2.97%,$0.24B,$0.05B,21.61%,$0.24B,$0.38B,161.44%,$0.24B,$0.38B,160.59%,$0.38B,$0.63B,48.45%,$0.38B,$0.62B,49.14%,$0.38B,$1.34B,22.52%,$-0.01B,$1.26B,-0.44%,$53,$40,$13,$0,$1,$54,$-1,$23,$22,$0,$22,$22,$22,$13,$-1,$69,69,$0.75,$0.75,$156,$0,$0,$251,$958,$0,$6,$37,$1085,$1336,$35,$631,$16,$674,$710,$0,$-399,$2,$627,$1336,$380,$59,$-389,$-331,$-1,$0,$-2,$-32,$-48,$-1,$971,$0,$0,$0,$0,$0,$-3,$969,$-73,$-215,$-288,$-886,$-648,$-43,$-4,$-983,$-15,$0,$-43
4,2017-09-30,16.19,$12.30,1.32,$3.24,5.0,$28.06,0.58,$4.72,3.43,$0.29B,$0.03B,9.09,$0.78B,$0.71B,1.1,$0.25B,$0.07B,29.44%,$0.25B,$-0.01B,-3.63%,$0.25B,$-0.01B,-3.63%,$0.25B,$0.05B,20.56%,$0.25B,$0.36B,143.55%,$0.25B,$0.36B,143.15%,$0.36B,$0.71B,40.93%,$0.36B,$0.71B,41.59%,$0.36B,$1.59B,19.14%,$-0.01B,$1.49B,-0.51%,$55,$42,$13,$0,$2,$57,$-2,$75,$73,$0,$72,$72,$72,$13,$-2,$58,58,$1.25,$1.25,$278,$0,$0,$294,$941,$0,$5,$263,$1297,$1591,$32,$780,$54,$847,$879,$0,$-367,$1,$712,$1591,$358,$44,$-369,$-325,$-1,$0,$-1,$-3,$-14,$17,$833,$0,$0,$0,$0,$0,$-5,$828,$-73,$-65,$-138,$-576,$-564,$-38,$-2,$-742,$102,$0,$-38
5,2017-06-30,15.22,$11.17,1.36,$3.02,5.04,$14.73,1.03,$3.57,4.26,$0.17B,$0.05B,3.27,$0.85B,$0.65B,1.31,$0.26B,$0.07B,28.79%,$0.26B,$-0.01B,-5.06%,$0.26B,$-0.01B,-5.06%,$0.26B,$0.05B,18.68%,$0.26B,$0.29B,113.62%,$0.26B,$0.29B,113.62%,$0.29B,$0.65B,31.27%,$0.29B,$0.63B,31.85%,$0.29B,$1.64B,14.82%,$-0.01B,$1.49B,-0.70%,$61,$45,$17,$0,$13,$73,$-11,$103,$92,$0,$91,$91,$91,$3,$-11,$79,79,$1.16,$1.16,$156,$0,$0,$171,$1141,$0,$16,$214,$1467,$1638,$52,$847,$85,$939,$991,$0,$-432,$1,$646,$1638,$285,$30,$-294,$-264,$-3,$0,$0,$-2,$1,$22,$633,$0,$0,$0,$0,$0,$-0,$633,$-71,$0,$-71,$-576,$-570,$-31,$-1,$-672,$-21,$0,$-30
6,2017-03-31,13.51,$13.61,0.99,$2.95,4.58,$7.04,1.92,$2.42,5.58,$0.45B,$0.04B,10.3,$0.94B,$1.14B,0.82,$0.26B,$0.08B,29.17%,$0.26B,$-0.00B,-0.76%,$0.26B,$-0.00B,-0.76%,$0.26B,$0.06B,23.86%,$0.26B,$0.20B,75.76%,$0.26B,$0.20B,76.52%,$0.20B,$1.14B,19.46%,$0.20B,$1.13B,19.78%,$0.20B,$2.17B,9.62%,$-0.00B,$2.08B,-0.10%,$67,$41,$26,$0,$2,$60,$7,$188,$194,$0,$194,$194,$194,$22,$7,$84,84,$2.31,$2.31,$432,$0,$0,$445,$1505,$0,$17,$91,$1721,$2166,$43,$939,$36,$979,$1022,$0,$-424,$1,$1144,$2166,$194,$15,$-192,$-177,$0,$0,$-0,$1,$-4,$14,$287,$0,$0,$0,$0,$0,$0,$287,$-28,$0,$-28,$0,$2,$-18,$-0,$-45,$256,$0,$-18
7,2016-12-31,12.8,$11.50,1.11,$2.86,4.48,$3.90,3.28,$0.39,32.81,$0.27B,$0.05B,5.38,$0.97B,$0.97B,1.0,$0.27B,$0.07B,27.44%,$0.27B,$-0.01B,-2.63%,$0.27B,$-0.01B,-2.63%,$0.27B,$0.06B,22.56%,$0.27B,$0.03B,12.03%,$0.27B,$0.04B,13.16%,$0.04B,$0.97B,3.25%,$0.04B,$0.95B,3.31%,$0.04B,$2.02B,1.68%,$-0.01B,$1.93B,-0.36%,$65,$48,$17,$0,$2,$67,$-3,$0,$-3,$1,$-3,$-3,$-2,$13,$-3,$91,91,$-0.01,$-0.01,$177,$0,$0,$265,$1607,$0,$18,$17,$1757,$2023,$49,$968,$38,$1007,$1056,$0,$-600,$-1,$967,$2023,$35,$66,$-36,$30,$-3,$0,$1,$-12,$-13,$52,$86,$0,$0,$0,$0,$0,$-56,$30,$399,$-107,$292,$-290,$-289,$-77,$-4,$-78,$5,$0,$-77
8,2016-09-30,12.55,$11.64,1.08,$2.91,4.31,$3.72,3.38,$0.51,24.6,$0.19B,$0.05B,3.57,$0.97B,$0.98B,0.99,$0.28B,$0.08B,28.73%,$0.28B,$-0.00B,-0.73%,$0.28B,$-0.00B,-0.73%,$0.28B,$0.06B,22.91%,$0.28B,$0.04B,14.55%,$0.28B,$0.05B,17.45%,$0.05B,$0.98B,4.14%,$0.05B,$0.96B,4.21%,$0.05B,$2.06B,2.28%,$-0.00B,$1.95B,-0.10%,$64,$50,$14,$0,$2,$70,$-6,$15,$9,$0,$8,$8,$9,$10,$-6,$87,87,$0.10,$0.10,$174,$0,$0,$185,$1615,$0,$18,$134,$1872,$2056,$52,$969,$57,$1026,$1078,$0,$-579,$-10,$978,$2056,$37,$51,$-37,$14,$0,$0,$0,$-1,$-1,$50,$68,$0,$0,$0,$0,$0,$-51,$16,$385,$-107,$278,$-290,$-290,$-59,$-2,$-73,$-5,$0,$-59
9,2016-06-30,13.08,$12.14,1.08,$2.87,4.55,$2.61,5.02,$0.46,28.44,$0.13B,$0.05B,2.65,$0.94B,$1.06B,0.88,$0.28B,$0.09B,30.82%,$0.28B,$0.01B,1.79%,$0.28B,$0.01B,1.79%,$0.28B,$0.07B,24.37%,$0.28B,$0.03B,11.47%,$0.28B,$0.04B,15.77%,$0.04B,$1.06B,3.55%,$0.04B,$1.05B,3.60%,$0.04B,$2.15B,2.08%,$0.01B,$2.00B,0.25%,$68,$48,$20,$0,$2,$69,$-0,$0,$-0,$0,$-1,$-1,$1,$18,$-0,$97,97,$0.01,$0.01,$120,$0,$0,$131,$1625,$0,$16,$276,$2020,$2151,$49,$940,$98,$1038,$1087,$0,$-558,$-13,$1064,$2151,$28,$35,$-23,$12,$-2,$0,$0,$-4,$-7,$34,$25,$0,$0,$0,$0,$0,$-78,$-53,$307,$-107,$200,$-210,$-210,$-41,$-1,$-52,$-86,$0,$-41
10,2016-03-31,14.38,$13.26,1.08,$2.85,5.04,$2.24,6.42,$0.50,28.77,$0.15B,$0.05B,3.14,$0.66B,$1.30B,0.51,$0.28B,$0.09B,31.29%,$0.28B,$0.01B,2.16%,$0.28B,$0.01B,2.16%,$0.28B,$0.07B,23.74%,$0.28B,$0.03B,11.87%,$0.28B,$0.05B,17.27%,$0.05B,$1.30B,3.68%,$0.05B,$1.28B,3.73%,$0.05B,$2.11B,2.29%,$0.01B,$1.95B,0.30%,$69,$47,$22,$0,$2,$67,$2,$25,$26,$0,$26,$26,$27,$19,$2,$98,98,$0.28,$0.28,$142,$0,$0,$153,$1665,$0,$16,$171,$1953,$2106,$49,$656,$106,$762,$811,$0,$-516,$-10,$1295,$2106,$27,$17,$-24,$-7,$-1,$0,$0,$-13,$-14,$7,$35,$0,$0,$0,$0,$0,$-64,$-28,$8,$0,$8,$0,$0,$-21,$0,$-13,$-37,$0,$-21
11,2015-12-31,12.21,$13.29,0.92,$2.84,4.3,$1.84,6.65,$0.25,48.86,$0.16B,$0.05B,3.07,$0.69B,$1.30B,0.54,$0.28B,$0.09B,31.52%,$0.28B,$0.00B,1.45%,$0.28B,$0.00B,1.45%,$0.28B,$0.06B,23.19%,$0.28B,$0.01B,2.54%,$0.28B,$0.02B,8.70%,$0.02B,$1.30B,1.82%,$0.02B,$1.28B,1.85%,$0.02B,$2.09B,1.15%,$0.00B,$1.99B,0.20%,$74,$51,$23,$0,$3,$72,$2,$0,$5,$1,$5,$5,$11,$16,$2,$98,98,$0.12,$0.12,$147,$0,$0,$158,$1692,$0,$20,$124,$1934,$2092,$52,$694,$49,$743,$795,$0,$-522,$-3,$1297,$2092,$24,$61,$-3,$58,$-0,$0,$0,$-9,$-5,$77,$52,$0,$0,$0,$0,$0,$12,$64,$-71,$132,$61,$0,$0,$-85,$-4,$-28,$114,$1,$-85
12,2015-09-30,14.26,$13.36,1.07,$2.82,5.06,$0.29,49.08,$0.13,109.67,$0.05B,$0.04B,1.28,$0.66B,$1.30B,0.51,$0.27B,$0.09B,31.75%,$0.27B,0,0.00%,$0.27B,0,0.00%,$0.27B,$0.06B,21.90%,$0.27B,0,0.00%,$0.27B,$0.01B,4.74%,$0.01B,$1.30B,0.98%,$0.01B,$1.29B,0.99%,$0.01B,$2.09B,0.62%,$0.00B,$1.97B,0.00%,$68,$48,$21,$0,$2,$68,$1,$0,$1,$0,$1,$1,$5,$15,$1,$98,98,$0.05,$0.05,$39,$0,$0,$52,$1702,$0,$18,$218,$2040,$2093,$41,$664,$84,$748,$789,$0,$-512,$-6,$1304,$2093,$13,$47,$5,$52,$-3,$0,$-0,$-5,$-10,$55,$-31,$0,$0,$0,$0,$0,$3,$-28,$-79,$132,$53,$0,$0,$-64,$-3,$-15,$13,$1,$-64
13,2015-06-30,13.56,$13.58,1.0,$2.76,4.91,$-0.07,0.0,$0.12,112.99,$0.04B,$0.04B,1.08,$0.65B,$1.33B,0.49,$0.27B,$0.09B,32.34%,$0.27B,0,0.00%,$0.27B,0,0.00%,$0.27B,$0.06B,23.05%,$0.27B,0,0.00%,$0.27B,$0.01B,4.46%,$0.01B,$1.33B,0.89%,$0.01B,$1.31B,0.90%,$0.01B,$2.09B,0.57%,$0.00B,$1.97B,0.00%,$67,$46,$21,$0,$2,$66,$1,$0,$1,$0,$1,$1,$5,$16,$1,$98,98,$0.05,$0.05,$30,$0,$0,$43,$1700,$0,$19,$229,$2048,$2091,$40,$648,$78,$726,$765,$0,$-496,$0,$1326,$2091,$8,$32,$3,$36,$-2,$0,$1,$-1,$-6,$37,$-14,$0,$0,$0,$0,$0,$-10,$-24,$-18,$55,$37,$0,$0,$-43,$-3,$-9,$5,$1,$-43
14,2015-03-31,14.03,$13.75,1.02,$2.74,5.11,$-0.53,0.0,$0.16,87.69,$0.04B,$0.04B,0.93,$0.64B,$1.34B,0.48,$0.27B,$0.09B,33.71%,$0.27B,$0.00B,1.12%,$0.27B,$0.00B,1.12%,$0.27B,$0.07B,24.34%,$0.27B,$0.00B,1.12%,$0.27B,$0.02B,5.62%,$0.02B,$1.34B,1.09%,$0.02B,$1.32B,1.11%,$0.02B,$2.11B,0.72%,$0.00B,$1.98B,0.15%,$67,$45,$22,$0,$3,$67,$-0,$0,$-0,$0,$-0,$-0,$3,$17,$-0,$98,98,$0.03,$0.03,$27,$0,$0,$39,$1704,$0,$20,$246,$2066,$2106,$42,$642,$80,$722,$764,$0,$-479,$0,$1342,$2106,$3,$18,$2,$19,$-1,$0,$1,$-10,$-12,$10,$-7,$0,$0,$0,$0,$0,$-13,$-20,$-2,$35,$33,$0,$0,$-21,$0,$12,$3,$0,$-21
15,2014-12-31,11.24,$13.94,0.81,$2.71,4.15,$-0.51,0.0,$0.15,74.94,$0.04B,$0.05B,0.83,$0.61B,$1.36B,0.45,$0.26B,$0.09B,34.60%,$0.26B,$0.01B,4.94%,$0.26B,$0.01B,4.94%,$0.26B,$0.07B,28.14%,$0.26B,$0.01B,4.94%,$0.26B,$0.02B,8.75%,$0.02B,$1.36B,1.66%,$0.02B,$1.34B,1.68%,$0.02B,$2.10B,1.11%,$0.01B,$1.97B,0.65%,$72,$49,$23,$0,$7,$74,$-2,$0,$-2,$0,$-2,$-2,$0,$12,$-2,$97,97,$0.00,$0.00,$26,$0,$0,$37,$1716,$0,$20,$223,$2057,$2095,$45,$609,$81,$690,$735,$0,$-461,$0,$1360,$2095,$25,$60,$-1,$59,$-2,$0,$2,$-18,$-16,$67,$-88,$0,$3,$0,$0,$0,$25,$-60,$-5,$161,$156,$-2,$-2,$-128,$-22,$4,$9,$1,$-128
16,2014-09-30,16.3,$14.16,1.15,$2.60,6.28,$0.11,154.68,$-0.05,0.0,$0.24B,$0.04B,6.42,$0.62B,$1.38B,0.45,$0.25B,$0.09B,35.46%,$0.25B,$0.02B,6.77%,$0.25B,$0.02B,6.77%,$0.25B,$0.07B,27.89%,$0.25B,$0.02B,6.77%,$0.25B,$0.03B,9.96%,$0.03B,$1.38B,1.80%,$0.03B,$1.36B,1.83%,$0.03B,$2.08B,1.24%,$0.02B,$2.01B,0.88%,$63,$43,$21,$0,$2,$62,$1,$0,$1,$0,$1,$1,$4,$17,$1,$98,98,$0.04,$0.04,$40,$0,$0,$244,$1701,$0,$23,$16,$1836,$2079,$38,$624,$35,$659,$697,$0,$-440,$0,$1382,$2079,$24,$46,$-5,$41,$0,$0,$3,$-13,$-12,$52,$-64,$0,$3,$0,$0,$0,$22,$-39,$-2,$131,$130,$0,$0,$-107,$-22,$1,$5,$1,$-107
17,2014-06-30,15.81,$14.35,1.1,$2.55,6.19,$0.58,27.23,$0.06,263.5,$0.23B,$0.04B,6.42,$0.60B,$1.40B,0.43,$0.25B,$0.09B,36.73%,$0.25B,$0.02B,7.35%,$0.25B,$0.02B,7.35%,$0.25B,$0.07B,28.98%,$0.25B,$0.02B,7.35%,$0.25B,$0.02B,9.39%,$0.02B,$1.40B,2.13%,$0.02B,$1.38B,2.16%,$0.02B,$2.07B,1.48%,$0.02B,$2.00B,1.20%,$65,$41,$24,$0,$2,$61,$4,$0,$4,$0,$4,$4,$8,$19,$4,$98,98,$0.09,$0.09,$27,$0,$0,$231,$1712,$0,$24,$17,$1842,$2073,$36,$601,$37,$638,$674,$0,$-423,$0,$1399,$2073,$20,$30,$-3,$28,$0,$0,$2,$-6,$-10,$37,$-58,$0,$3,$0,$0,$0,$17,$-38,$-3,$110,$107,$0,$0,$-86,$-17,$5,$3,$0,$-86
18,2014-03-31,16.59,$42.65,0.39,$2.51,6.6,$1.02,16.32,$0.37,44.83,$0.25B,$0.04B,7.06,$0.57B,$1.41B,0.4,$0.24B,$0.09B,37.50%,$0.24B,$0.02B,7.92%,$0.24B,$0.02B,7.92%,$0.24B,$0.08B,31.25%,$0.24B,$0.02B,7.92%,$0.24B,$0.02B,8.33%,$0.02B,$1.41B,2.61%,$0.02B,$1.39B,2.65%,$0.02B,$2.05B,1.82%,$0.02B,$1.98B,1.82%,$63,$39,$23,$0,$1,$52,$10,$0,$10,$0,$10,$10,$11,$26,$10,$96,96,$0.12,$0.12,$30,$0,$0,$246,$1675,$0,$24,$17,$1805,$2051,$35,$570,$33,$603,$638,$0,$-408,$0,$1413,$2051,$11,$16,$-4,$12,$-0,$0,$1,$-6,$-11,$12,$-7,$0,$3,$0,$2,$2,$1,$-1,$-2,$77,$75,$0,$0,$-62,$-16,$-4,$-0,$0,$-62
19,2013-12-31,14.25,$312.84,0.05,$1.98,7.19,$0.98,14.5,$0.95,15.0,$0.03B,$0.03B,1.0,$0.40B,$1.38B,0.29,$0.24B,$0.09B,38.72%,$0.24B,$0.02B,6.38%,$0.24B,$0.02B,6.38%,$0.24B,$0.07B,30.64%,$0.24B,$0.02B,6.38%,$0.24B,$0.02B,6.38%,$0.02B,$1.38B,3.35%,$0.02B,$1.35B,3.39%,$0.02B,$1.83B,2.32%,$0.02B,$1.77B,2.48%,$60,$39,$21,$0,$2,$58,$2,$0,$2,$0,$2,$2,$2,$8,$2,$95,95,$0.07,$0.07,$23,$0,$0,$33,$1682,$0,$22,$10,$1802,$1834,$33,$395,$30,$425,$458,$0,$-400,$0,$1376,$1834,$15,$56,$2,$58,$-1,$0,$1,$-17,$-11,$62,$-24,$0,$0,$0,$0,$0,$2,$-22,$-84,$134,$50,$0,$0,$0,$-105,$-54,$-15,$0,$0
20,2013-09-30,14.49,$65.02,0.22,$3.66,3.96,$0.99,14.71,$0.15,96.62,$0.24B,$0.02B,13.37,$0.09B,$0.14B,0.67,$0.40B,$0.27B,69.37%,$0.40B,$0.03B,7.09%,$0.40B,$0.03B,7.09%,$0.40B,$0.13B,33.92%,$0.40B,$0.03B,8.10%,$0.40B,$0.03B,8.35%,$0.03B,$0.14B,23.78%,$0.03B,$0.14B,23.78%,$0.03B,$0.25B,13.16%,$0.03B,$0.23B,12.83%,$57,$36,$22,$0,$3,$56,$2,$0,$2,$0,$2,$2,$2,$18,$2,$95,95,$0.02,$0.02,$13,$0,$0,$243,$0,$0,$0,$7,$7,$250,$18,$93,$1,$94,$112,$0,$-12,$0,$138,$250,$12,$51,$-5,$46,$0,$0,$0,$-12,$-9,$50,$-16,$0,$0,$0,$0,$0,$2,$-14,$-82,$116,$33,$0,$0,$0,$-83,$-50,$-14,$0,$0
21,2013-06-30,13.24,$65.50,0.2,$5.35,2.48,$-0.65,0.0,$0.20,66.22,$0.24B,$0.06B,4.14,$0.05B,$0.14B,0.36,$0.34B,$0.26B,74.64%,$0.34B,$0.03B,8.16%,$0.34B,$0.03B,8.16%,$0.34B,$0.12B,34.40%,$0.34B,$0.03B,9.04%,$0.34B,$0.03B,9.04%,$0.03B,$0.14B,22.14%,$0.03B,$0.14B,22.14%,$0.03B,$0.25B,12.31%,$0.03B,$0.19B,12.86%,$60,$35,$24,$0,$2,$55,$5,$0,$5,$0,$5,$5,$5,$23,$5,$95,95,$0.05,$0.05,$6,$0,$0,$241,$0,$0,$0,$7,$7,$249,$58,$50,$1,$52,$110,$0,$-11,$0,$139,$249,$11,$35,$-1,$33,$0,$0,$0,$-9,$-12,$32,$-11,$0,$0,$0,$0,$0,$0,$-11,$-4,$26,$22,$0,$0,$0,$-41,$-19,$2,$0,$0
22,2013-03-31,11.94,$65.72,0.18,$6.59,1.81,$-4.12,0.0,$-0.40,0.0,$0.25B,$0.03B,9.77,$0.09B,$0.14B,0.65,$0.29B,$0.24B,81.88%,$0.29B,$0.02B,8.36%,$0.29B,$0.02B,8.36%,$0.29B,$0.10B,33.45%,$0.29B,$0.03B,9.06%,$0.29B,$0.03B,9.06%,$0.03B,$0.14B,18.41%,$0.03B,$0.14B,18.41%,$0.03B,$0.26B,10.27%,$0.02B,$0.23B,10.60%,$58,$35,$24,$0,$1,$52,$6,$0,$6,$0,$6,$6,$6,$23,$6,$477,477,$0.01,$0.01,$8,$0,$0,$249,$1,$0,$0,$7,$8,$256,$25,$90,$1,$92,$117,$0,$-10,$0,$139,$256,$6,$17,$1,$17,$-3,$0,$1,$-6,$-10,$13,$-5,$0,$0,$0,$0,$0,$1,$-4,$-2,$10,$8,$0,$0,$0,$-20,$-12,$-3,$0,$0
23,2012-12-31,11.09,$65.73,0.17,$8.26,1.34,$-5.60,0.0,$-1.05,0.0,$0.24B,$0.02B,10.96,$0.09B,$0.14B,0.61,$0.23B,$0.21B,91.85%,$0.23B,$0.02B,8.15%,$0.23B,$0.02B,8.15%,$0.23B,$0.07B,31.76%,$0.23B,$0.02B,8.58%,$0.23B,$0.02B,8.58%,$0.02B,$0.14B,13.99%,$0.02B,$0.14B,13.99%,$0.02B,$0.25B,7.97%,$0.02B,$0.22B,8.44%,$220,$16,$204,$0,$-1,$205,$15,$0,$19,$0,$19,$19,$20,$70,$15,$95,95,$0.26,$0.26,$1,$0,$0,$240,$0,$0,$0,$7,$7,$248,$22,$85,$1,$87,$108,$0,$-10,$0,$139,$248,$20,$55,$0,$55,$-2,$0,$1,$-1,$-8,$67,$-29,$0,$0,$0,$0,$0,$-0,$-29,$-8,$30,$22,$0,$0,$0,$-74,$-52,$-15,$0,$0
24,2012-09-30,11.51,$67.31,0.17,$8.02,1.44,$-7.74,0.0,$0.25,46.05,$0.25B,$0.03B,10.04,$0.09B,$0.14B,0.6,$0.02B,$0.01B,82.35%,$0.02B,$0.01B,35.29%,$0.02B,$0.01B,35.29%,$0.02B,$0.01B,35.29%,$0.02B,$0.00B,11.76%,$0.02B,$0.00B,5.88%,$0.00B,$0.14B,0.69%,$0.00B,$0.14B,0.69%,$0.00B,$0.25B,0.40%,$0.01B,$0.23B,2.66%,$5,$1,$4,$0,$2,$3,$2,$-1,$1,$0,$1,$1,$0,$2,$2,$2,2,$0.20,$0.20,$4,$0,$0,$246,$1,$0,$0,$7,$8,$254,$25,$86,$2,$87,$112,$0,$-7,$0,$143,$254,$-0,$-0,$2,$2,$0,$0,$0,$-9,$-5,$-3,$1,$0,$0,$2,$0,$2,$-1,$2,$7,$-3,$4,$0,$0,$-5,$-0,$-1,$-2,$0,$-5
25,2012-06-30,11.59,$67.88,0.17,$7.52,1.54,$-8.48,0.0,$0.40,28.98,$0.25B,$0.03B,8.48,$0.08B,$0.14B,0.56,$0.02B,$0.01B,81.25%,$0.02B,$0.01B,31.25%,$0.02B,$0.01B,31.25%,$0.02B,$0.01B,31.25%,$0.02B,$0.00B,12.50%,$0.02B,$0.00B,12.50%,$0.00B,$0.14B,1.36%,$0.00B,$0.14B,1.36%,$0.00B,$0.26B,0.79%,$0.01B,$0.22B,2.19%,$4,$1,$3,$0,$2,$3,$1,$-1,$-0,$0,$-0,$-0,$-0,$1,$1,$2,2,$-0.20,$-0.20,$1,$0,$0,$245,$3,$0,$0,$7,$10,$255,$29,$80,$2,$82,$111,$0,$-6,$0,$144,$255,$-1,$-0,$2,$2,$0,$0,$0,$-10,$-8,$-7,$-0,$0,$0,$2,$0,$2,$-2,$0,$2,$3,$5,$0,$0,$-3,$0,$2,$-5,$0,$-3
26,2012-03-31,12.61,$68.91,0.18,$7.46,1.69,$-6.43,0.0,$1.25,10.09,$0.24B,$0.02B,11.06,$0.08B,$0.15B,0.54,$0.02B,$0.01B,81.25%,$0.02B,$0.01B,31.25%,$0.02B,$0.01B,31.25%,$0.02B,$0.01B,31.25%,$0.02B,$0.00B,18.75%,$0.02B,$0.00B,18.75%,$0.00B,$0.15B,2.02%,$0.00B,$0.15B,2.02%,$0.00B,$0.25B,1.19%,$0.01B,$0.22B,2.17%,$4,$1,$3,$0,$2,$2,$1,$-1,$-0,$-0,$-0,$-0,$-0,$1,$1,$2,2,$-0.05,$-0.05,$3,$0,$0,$239,$1,$0,$0,$7,$8,$247,$22,$78,$2,$80,$101,$0,$-4,$0,$146,$247,$-0,$-0,$1,$1,$0,$0,$0,$-4,$-4,$-3,$-0,$0,$0,$2,$0,$2,$2,$4,$-0,$-2,$-3,$0,$0,$-2,$0,$-4,$-3,$0,$-2
27,2011-12-31,10.13,$69.85,0.14,$7.58,1.34,$-5.60,0.0,$1.75,5.79,$0.24B,$0.02B,10.24,$0.08B,$0.15B,0.53,$0.02B,$0.01B,81.25%,$0.02B,$0.01B,31.25%,$0.02B,$0.01B,31.25%,$0.02B,$0.01B,37.50%,$0.02B,$0.00B,25.00%,$0.02B,$0.00B,25.00%,$0.00B,$0.15B,2.68%,$0.00B,$0.15B,2.68%,$0.00B,$0.25B,1.57%,$0.01B,$0.23B,2.16%,$4,$1,$4,$0,$1,$2,$2,$-1,$1,$0,$1,$1,$1,$2,$2,$2,2,$0.25,$0.25,$9,$0,$0,$243,$1,$0,$0,$7,$8,$251,$24,$78,$2,$80,$104,$0,$-2,$0,$148,$251,$4,$-0,$2,$2,$0,$0,$0,$-9,$-10,$-4,$0,$0,$0,$4,$0,$4,$9,$13,$-2,$4,$2,$0,$0,$-7,$-0,$-5,$4,$0,$-7
28,2011-09-30,11.03,$70.32,0.16,$7.30,1.51,$-12.26,0.0,$1.75,6.3,$0.25B,$0.02B,11.92,$0.09B,$0.15B,0.6,$0.02B,$0.01B,75.00%,$0.02B,$0.00B,25.00%,$0.02B,$0.00B,25.00%,$0.02B,$0.01B,31.25%,$0.02B,$0.00B,25.00%,$0.02B,$0.00B,25.00%,$0.00B,$0.15B,2.67%,$0.00B,$0.15B,2.67%,$0.00B,$0.26B,1.57%,$0.00B,$0.24B,1.72%,$4,$1,$3,$0,$2,$3,$1,$-0,$1,$-0,$1,$1,$1,$1,$1,$2,2,$0.35,$0.35,$17,$0,$0,$252,$2,$0,$0,$7,$9,$261,$21,$89,$2,$91,$112,$0,$-1,$0,$149,$261,$3,$-0,$1,$1,$0,$0,$0,$-9,$-9,$-4,$0,$0,$1,$-3,$0,$-3,$6,$5,$9,$1,$10,$0,$0,$-5,$-0,$5,$5,$0,$-5
29,2011-06-30,11.43,$70.76,0.16,$7.54,1.52,$-17.85,0.0,$1.95,5.86,$0.24B,$0.02B,13.04,$0.08B,$0.15B,0.55,$0.02B,$0.01B,75.00%,$0.02B,$0.00B,25.00%,$0.02B,$0.00B,25.00%,$0.02B,$0.01B,31.25%,$0.02B,$0.00B,25.00%,$0.02B,$0.00B,25.00%,$0.00B,$0.15B,2.65%,$0.00B,$0.15B,2.65%,$0.00B,$0.25B,1.59%,$0.00B,$0.23B,1.74%,$4,$1,$3,$0,$2,$3,$1,$-0,$1,$-0,$1,$1,$1,$1,$1,$2,2,$0.65,$0.65,$12,$0,$0,$244,$2,$0,$0,$7,$9,$253,$19,$83,$2,$84,$103,$0,$0,$0,$150,$253,$2,$-0,$1,$1,$0,$0,$0,$-5,$-5,$-3,$0,$0,$0,$-1,$0,$-1,$8,$6,$3,$-1,$2,$0,$0,$-3,$-0,$-2,$2,$0,$-3
30,2011-03-31,11.79,$70.90,0.17,$9.23,1.28,$-23.02,0.0,$1.90,6.2,$0.24B,$0.02B,13.42,$0.08B,$0.15B,0.54,$0.02B,$0.01B,73.68%,$0.02B,$0.01B,26.32%,$0.02B,$0.01B,26.32%,$0.02B,$0.01B,31.58%,$0.02B,$0.01B,26.32%,$0.02B,$0.01B,31.58%,$0.01B,$0.15B,3.97%,$0.01B,$0.15B,3.97%,$0.01B,$0.25B,2.37%,$0.01B,$0.23B,2.17%,$4,$1,$3,$0,$2,$3,$1,$-0,$1,$0,$1,$1,$1,$2,$1,$2,2,$0.45,$0.45,$8,$0,$0,$242,$3,$0,$0,$6,$10,$252,$18,$81,$2,$84,$102,$0,$1,$0,$150,$252,$1,$0,$1,$1,$0,$0,$0,$-3,$-3,$-1,$-0,$0,$-0,$0,$0,$0,$3,$3,$2,$-2,$0,$0,$0,$-2,$0,$-2,$0,$0,$-2
31,2010-12-31,11.32,$71.29,0.16,$8.95,1.26,$-25.07,0.0,$2.05,5.52,$0.24B,$0.02B,12.08,$0.08B,$0.15B,0.53,$0.02B,$0.01B,72.22%,$0.02B,$0.01B,27.78%,$0.02B,$0.01B,27.78%,$0.02B,$0.01B,27.78%,$0.02B,$0.01B,27.78%,$0.02B,$0.01B,33.33%,$0.01B,$0.15B,3.95%,$0.01B,$0.15B,3.95%,$0.01B,$0.25B,2.37%,$0.01B,$0.23B,2.20%,$4,$1,$3,$0,$2,$3,$1,$-0,$1,$-0,$1,$1,$1,$1,$1,$2,2,$0.30,$0.30,$8,$0,$0,$242,$3,$0,$0,$7,$10,$252,$20,$79,$2,$82,$102,$0,$1,$0,$151,$252,$4,$0,$2,$2,$0,$0,$0,$-28,$-27,$-20,$2,$0,$0,$-1,$0,$-1,$9,$10,$23,$-9,$13,$0,$-2,$-7,$0,$5,$-5,$0,$-7
32,2010-09-30,11.35,$71.80,0.16,$9.14,1.24,$-13.90,0.0,$2.55,4.45,$0.24B,$0.02B,12.6,$0.08B,$0.15B,0.51,$0.02B,$0.01B,77.78%,$0.02B,$0.01B,27.78%,$0.02B,$0.01B,27.78%,$0.02B,$0.01B,27.78%,$0.02B,$0.01B,27.78%,$0.02B,$0.01B,38.89%,$0.01B,$0.15B,4.61%,$0.01B,$0.15B,4.61%,$0.01B,$0.25B,2.84%,$0.01B,$0.23B,2.28%,$4,$1,$3,$0,$1,$3,$1,$0,$1,$0,$1,$1,$1,$1,$1,$2,2,$0.55,$0.55,$10,$0,$0,$241,$2,$0,$0,$7,$9,$251,$19,$77,$2,$80,$99,$0,$3,$0,$152,$251,$4,$0,$1,$1,$0,$0,$0,$-24,$-23,$-18,$2,$0,$-1,$-0,$0,$-0,$10,$11,$21,$-9,$11,$0,$-2,$-5,$0,$4,$-3,$0,$-5
33,2010-06-30,10.54,$71.93,0.15,$9.11,1.16,$-3.78,0.0,$2.90,3.63,$0.25B,$0.03B,10.05,$0.08B,$0.15B,0.51,$0.02B,$0.02B,83.33%,$0.02B,$0.01B,33.33%,$0.02B,$0.01B,33.33%,$0.02B,$0.01B,33.33%,$0.02B,$0.01B,27.78%,$0.02B,$0.01B,44.44%,$0.01B,$0.15B,5.25%,$0.01B,$0.15B,5.25%,$0.01B,$0.26B,3.32%,$0.01B,$0.23B,2.84%,$7,$2,$5,$0,$3,$5,$2,$0,$2,$-0,$2,$2,$3,$2,$2,$2,2,$1.20,$1.20,$12,$0,$0,$249,$2,$0,$0,$6,$8,$257,$25,$78,$3,$81,$105,$0,$3,$0,$152,$257,$3,$0,$1,$1,$0,$0,$0,$-20,$-19,$-16,$2,$0,$0,$-0,$0,$-0,$6,$8,$16,$-4,$12,$0,$-2,$-3,$0,$7,$-1,$0,$-3
34,2010-03-31,9.25,$72.17,0.13,$7.45,1.24,$3.62,2.55,$3.05,3.03,$0.25B,$0.03B,8.93,$0.07B,$0.15B,0.45,$0.02B,$0.01B,86.67%,$0.02B,$0.01B,33.33%,$0.02B,$0.01B,33.33%,$0.02B,$0.01B,33.33%,$0.02B,$0.00B,26.67%,$0.02B,$0.01B,46.67%,$0.01B,$0.15B,4.59%,$0.01B,$0.15B,4.59%,$0.01B,$0.25B,3.00%,$0.01B,$0.22B,2.48%,$3,$1,$2,$0,$2,$2,$1,$0,$1,$-0,$1,$1,$1,$1,$1,$2,2,$0.60,$0.60,$12,$0,$0,$245,$1,$0,$0,$5,$6,$251,$27,$69,$3,$71,$99,$0,$3,$0,$152,$251,$1,$-0,$-0,$-0,$0,$0,$0,$-9,$-9,$-8,$2,$0,$0,$-1,$0,$-1,$4,$5,$6,$-1,$5,$0,$-2,$-2,$0,$1,$-2,$0,$-2
35,2009-12-31,9.29,$72.27,0.13,$7.69,1.21,$5.92,1.57,$3.20,2.9,$0.21B,$0.03B,7.42,$0.04B,$0.15B,0.29,$0.02B,$0.01B,87.50%,$0.02B,$0.01B,37.50%,$0.02B,$0.01B,37.50%,$0.02B,$0.01B,37.50%,$0.02B,$0.01B,31.25%,$0.02B,$0.01B,50.00%,$0.01B,$0.15B,5.24%,$0.01B,$0.15B,5.24%,$0.01B,$0.23B,3.49%,$0.01B,$0.20B,3.08%,$4,$1,$4,$0,$2,$3,$1,$-0,$1,$-0,$1,$1,$2,$1,$1,$2,2,$0.80,$0.80,$9,$0,$0,$206,$5,$0,$0,$17,$22,$228,$28,$44,$3,$48,$76,$0,$3,$0,$152,$228,$7,$-0,$0,$-0,$0,$0,$0,$0,$-1,$6,$-0,$0,$0,$1,$-0,$1,$9,$10,$-6,$0,$-6,$-1,$-3,$-10,$-0,$-18,$-3,$0,$-10
36,2009-09-30,8.86,$72.41,0.12,$8.23,1.08,$5.93,1.49,$3.45,2.57,$0.21B,$0.03B,7.44,$0.04B,$0.15B,0.29,$0.02B,$0.02B,88.24%,$0.02B,$0.01B,47.06%,$0.02B,$0.01B,47.06%,$0.02B,$0.01B,47.06%,$0.02B,$0.01B,35.29%,$0.02B,$0.01B,47.06%,$0.01B,$0.15B,5.22%,$0.01B,$0.15B,5.22%,$0.01B,$0.23B,3.49%,$0.01B,$0.20B,4.13%,$4,$1,$4,$0,$1,$2,$2,$-0,$1,$-0,$1,$1,$2,$2,$2,$2,2,$0.90,$0.90,$11,$0,$0,$210,$3,$0,$0,$17,$20,$229,$28,$44,$3,$48,$77,$0,$3,$1,$153,$229,$5,$-0,$1,$0,$0,$0,$0,$1,$-0,$5,$-0,$0,$0,$1,$-0,$1,$8,$9,$-6,$1,$-4,$-1,$-3,$-8,$0,$-15,$-1,$0,$-8
37,2009-06-30,7.87,$72.36,0.11,$8.57,0.92,$6.86,1.15,$2.85,2.76,$0.20B,$0.03B,7.27,$0.04B,$0.15B,0.27,$0.02B,$0.02B,83.33%,$0.02B,$0.01B,44.44%,$0.02B,$0.01B,44.44%,$0.02B,$0.01B,44.44%,$0.02B,$0.01B,33.33%,$0.02B,$0.01B,38.89%,$0.01B,$0.15B,4.55%,$0.01B,$0.15B,4.55%,$0.01B,$0.23B,3.06%,$0.01B,$0.19B,4.17%,$4,$1,$3,$0,$2,$2,$1,$-0,$1,$-0,$2,$2,$2,$1,$1,$2,2,$0.75,$0.75,$12,$0,$0,$196,$0,$0,$0,$29,$29,$225,$27,$40,$3,$46,$73,$0,$3,$1,$153,$225,$3,$-0,$0,$0,$0,$0,$0,$1,$-1,$2,$0,$0,$0,$-1,$-0,$-1,$6,$5,$-0,$1,$1,$-1,$-3,$-6,$0,$-9,$-2,$0,$-6
38,2009-03-31,6.4,$72.27,0.09,$9.62,0.67,$8.10,0.79,$3.75,1.71,$0.21B,$0.03B,6.43,$0.04B,$0.15B,0.27,$0.02B,$0.02B,85.00%,$0.02B,$0.01B,50.00%,$0.02B,$0.01B,50.00%,$0.02B,$0.01B,50.00%,$0.02B,$0.01B,40.00%,$0.02B,$0.01B,45.00%,$0.01B,$0.15B,5.80%,$0.01B,$0.15B,5.80%,$0.01B,$0.23B,3.88%,$0.01B,$0.19B,5.16%,$4,$1,$3,$0,$1,$2,$2,$-0,$2,$0,$2,$2,$2,$2,$2,$2,2,$0.75,$0.75,$12,$0,$0,$205,$0,$0,$0,$29,$29,$234,$32,$41,$4,$49,$81,$0,$3,$1,$153,$234,$2,$0,$0,$0,$0,$0,$0,$-2,$-3,$-1,$0,$0,$0,$-0,$-0,$-0,$1,$1,$-0,$4,$4,$-1,$-1,$-4,$0,$-0,$-0,$0,$-4
39,2008-12-31,8.26,$72.17,0.11,$10.73,0.77,$9.63,0.86,$4.55,1.82,$0.19B,$0.03B,6.7,$0.04B,$0.15B,0.23,$0.02B,$0.02B,86.36%,$0.02B,$0.01B,50.00%,$0.02B,$0.01B,50.00%,$0.02B,$0.01B,50.00%,$0.02B,$0.01B,40.91%,$0.02B,$0.01B,45.45%,$0.01B,$0.15B,6.39%,$0.01B,$0.15B,6.39%,$0.01B,$0.23B,4.32%,$0.01B,$0.19B,5.68%,$5,$1,$5,$0,$1,$3,$3,$-0,$2,$0,$2,$2,$2,$3,$3,$2,2,$1.05,$1.05,$11,$0,$0,$190,$0,$0,$0,$37,$37,$228,$28,$35,$6,$45,$73,$0,$4,$1,$154,$228,$10,$-0,$0,$0,$0,$0,$0,$-5,$-4,$6,$0,$0,$0,$3,$-2,$1,$12,$12,$-7,$-1,$-8,$-1,$-1,$-10,$0,$-19,$-1,$0,$-10
40,2008-09-30,7.68,$72.30,0.11,$11.10,0.69,$13.30,0.58,$4.75,1.62,$0.19B,$0.03B,6.78,$0.04B,$0.16B,0.23,$0.02B,$0.02B,82.61%,$0.02B,$0.01B,43.48%,$0.02B,$0.01B,43.48%,$0.02B,$0.01B,43.48%,$0.02B,$0.01B,39.13%,$0.02B,$0.01B,47.83%,$0.01B,$0.16B,7.01%,$0.01B,$0.16B,7.01%,$0.01B,$0.23B,4.74%,$0.01B,$0.19B,5.15%,$5,$1,$4,$0,$2,$3,$2,$-2,$1,$0,$1,$1,$1,$2,$2,$2,2,$0.30,$0.30,$5,$0,$0,$191,$0,$0,$0,$37,$37,$228,$28,$35,$4,$44,$72,$0,$6,$1,$156,$228,$8,$-0,$-0,$-0,$0,$0,$0,$-1,$0,$7,$0,$0,$0,$3,$-2,$1,$3,$3,$-7,$-2,$-10,$0,$0,$-8,$0,$-17,$-7,$0,$-8
41,2008-06-30,8.18,$73.20,0.11,$12.22,0.67,$14.92,0.55,$6.10,1.34,$0.20B,$0.03B,7.26,$0.04B,$0.16B,0.27,$0.03B,$0.02B,84.00%,$0.03B,$0.01B,48.00%,$0.03B,$0.01B,48.00%,$0.03B,$0.01B,48.00%,$0.03B,$0.01B,48.00%,$0.03B,$0.01B,52.00%,$0.01B,$0.16B,8.27%,$0.01B,$0.16B,8.27%,$0.01B,$0.24B,5.57%,$0.01B,$0.20B,6.17%,$6,$1,$5,$0,$2,$3,$3,$-0,$3,$0,$3,$3,$4,$3,$3,$2,2,$1.65,$1.65,$6,$0,$0,$199,$0,$0,$0,$37,$37,$237,$27,$42,$4,$52,$79,$0,$8,$1,$158,$237,$7,$-0,$-0,$-0,$0,$0,$0,$-2,$-2,$5,$0,$0,$0,$1,$-2,$-1,$-4,$-5,$0,$-1,$-1,$0,$0,$-5,$0,$-7,$-7,$0,$-5
42,2008-03-31,6.98,$73.28,0.1,$12.55,0.56,$16.49,0.42,$6.40,1.09,$0.18B,$0.03B,6.04,$0.04B,$0.16B,0.22,$0.03B,$0.02B,80.77%,$0.03B,$0.01B,50.00%,$0.03B,$0.01B,50.00%,$0.03B,$0.01B,50.00%,$0.03B,$0.01B,50.00%,$0.03B,$0.01B,50.00%,$0.01B,$0.16B,8.27%,$0.01B,$0.16B,8.27%,$0.01B,$0.23B,5.55%,$0.01B,$0.19B,6.74%,$6,$1,$5,$0,$2,$3,$3,$-0,$3,$0,$3,$3,$3,$3,$3,$2,2,$1.55,$1.55,$8,$0,$0,$180,$0,$0,$0,$52,$52,$232,$30,$35,$5,$45,$74,$0,$6,$2,$158,$232,$3,$-0,$0,$-0,$0,$0,$-0,$-0,$-1,$2,$0,$0,$0,$-1,$1,$-0,$-6,$-7,$0,$2,$2,$0,$0,$-3,$0,$-2,$-6,$0,$-3
43,2007-12-31,10.44,$72.62,0.14,$12.68,0.82,$17.14,0.61,$6.15,1.7,$0.18B,$0.03B,6.13,$0.04B,$0.16B,0.23,$0.03B,$0.02B,77.78%,$0.03B,$0.01B,48.15%,$0.03B,$0.01B,48.15%,$0.03B,$0.01B,48.15%,$0.03B,$0.01B,48.15%,$0.03B,$0.01B,48.15%,$0.01B,$0.16B,8.28%,$0.01B,$0.16B,8.28%,$0.01B,$0.23B,5.49%,$0.01B,$0.19B,6.73%,$6,$1,$5,$0,$2,$4,$2,$-0,$2,$0,$2,$2,$3,$2,$2,$2,2,$1.20,$1.20,$11,$0,$0,$177,$0,$0,$0,$54,$54,$231,$29,$35,$6,$46,$75,$0,$5,$2,$156,$231,$13,$-0,$0,$0,$0,$0,$0,$0,$-1,$12,$2,$0,$0,$-0,$5,$5,$9,$16,$-3,$-3,$-6,$0,$0,$-14,$0,$-20,$8,$0,$-14
44,2007-09-30,12.38,$73.15,0.17,$12.69,0.98,$19.09,0.65,$6.30,1.96,$0.18B,$0.03B,6.03,$0.04B,$0.16B,0.22,$0.03B,$0.02B,77.78%,$0.03B,$0.01B,51.85%,$0.03B,$0.01B,51.85%,$0.03B,$0.01B,51.85%,$0.03B,$0.01B,51.85%,$0.03B,$0.01B,48.15%,$0.01B,$0.16B,8.27%,$0.01B,$0.16B,8.27%,$0.01B,$0.23B,5.43%,$0.01B,$0.19B,7.22%,$7,$1,$6,$0,$2,$3,$4,$-1,$4,$0,$4,$4,$3,$4,$4,$2,2,$1.65,$1.65,$15,$0,$0,$179,$0,$0,$0,$55,$55,$234,$30,$35,$7,$47,$76,$0,$6,$3,$157,$234,$10,$-0,$0,$0,$0,$0,$-1,$1,$-1,$10,$1,$0,$1,$-0,$4,$4,$10,$16,$-3,$-3,$-5,$0,$0,$-11,$0,$-16,$10,$0,$-11
45,2007-06-30,12.16,$73.38,0.17,$12.87,0.95,$20.10,0.61,$6.50,1.87,$0.18B,$0.04B,5.16,$0.04B,$0.16B,0.22,$0.03B,$0.02B,75.00%,$0.03B,$0.01B,50.00%,$0.03B,$0.01B,50.00%,$0.03B,$0.01B,50.00%,$0.03B,$0.01B,50.00%,$0.03B,$0.01B,50.00%,$0.01B,$0.16B,8.87%,$0.01B,$0.16B,8.87%,$0.01B,$0.24B,5.94%,$0.01B,$0.19B,7.16%,$7,$1,$5,$0,$2,$3,$4,$-0,$4,$0,$3,$3,$4,$4,$4,$2,2,$1.95,$1.95,$13,$0,$0,$182,$0,$0,$0,$57,$58,$240,$35,$35,$7,$47,$82,$0,$6,$3,$158,$240,$7,$-0,$-0,$-1,$0,$0,$-1,$2,$1,$7,$1,$0,$1,$-0,$2,$2,$5,$9,$-3,$2,$-0,$0,$0,$-8,$0,$-8,$8,$0,$-8
46,2007-03-31,13.24,$72.98,0.18,$13.26,1.0,$20.50,0.65,$6.25,2.12,$0.18B,$0.04B,4.79,$0.04B,$0.16B,0.24,$0.03B,$0.02B,75.86%,$0.03B,$0.01B,48.28%,$0.03B,$0.01B,48.28%,$0.03B,$0.01B,48.28%,$0.03B,$0.01B,48.28%,$0.03B,$0.01B,48.28%,$0.01B,$0.16B,8.87%,$0.01B,$0.16B,8.87%,$0.01B,$0.24B,5.93%,$0.01B,$0.20B,7.03%,$7,$1,$5,$0,$2,$3,$3,$-0,$3,$0,$3,$3,$3,$3,$3,$2,2,$1.30,$1.30,$12,$0,$0,$178,$2,$0,$0,$63,$65,$243,$37,$38,$6,$49,$86,$0,$5,$3,$157,$243,$3,$0,$1,$1,$0,$0,$-1,$1,$0,$4,$-0,$0,$0,$-2,$1,$-1,$6,$5,$-0,$1,$1,$0,$0,$-4,$0,$-4,$5,$0,$-4
47,2006-12-31,13.3,$73.13,0.18,$13.48,0.99,$20.58,0.65,$7.30,1.82,$0.17B,$0.03B,5.13,$0.04B,$0.16B,0.24,$0.03B,$0.02B,75.86%,$0.03B,$0.02B,51.72%,$0.03B,$0.02B,51.72%,$0.03B,$0.02B,51.72%,$0.03B,$0.01B,48.28%,$0.03B,$0.02B,55.17%,$0.02B,$0.16B,10.13%,$0.02B,$0.16B,10.13%,$0.02B,$0.24B,6.75%,$0.02B,$0.20B,7.41%,$6,$1,$5,$0,$2,$3,$3,$-0,$3,$0,$3,$3,$3,$3,$3,$2,2,$1.40,$1.40,$5,$0,$0,$174,$4,$0,$0,$62,$66,$240,$34,$38,$7,$49,$83,$0,$5,$3,$157,$240,$16,$-0,$0,$0,$-0,$0,$-0,$-0,$-2,$14,$4,$0,$0,$3,$5,$8,$4,$16,$-20,$3,$-17,$-0,$-0,$-13,$0,$-30,$-0,$0,$-13
