,Date,Stock Price,Book Value per Share,Price to Book Ratio,TTM Sales per Share,Price to Sales Ratio,TTM FCF per Share,Price to FCF Ratio,TTM Net EPS,PE Ratio,Current Assets,Current Liabilities,Current Ratio,Long Term Debt,Shareholder's Equity_x,Debt to Equity Ratio,TTM Revenue_x,TTM Gross Profit,Gross Margin,TTM Revenue_y,TTM Operating Income,Operating Margin,TTM Revenue_x,TTM EBIT,EBIT Margin,TTM Revenue_y,TTM EBITDA,EBITDA Margin,TTM Revenue_x,TTM Pre-Tax Income,Pre-Tax Margin,TTM Revenue_y,TTM Net Income_x,Net Margin,TTM Net Income_y,Shareholder's Equity_y,Return on Equity,TTM Net Income_x,Tangible Equity,Return on Tangible Equity,TTM Net Income_y,Total Assets,Return on Assets,TTM Net Income,LT Investments & Debt,Return on Investment,revenue,cost-goods-sold,gross-profit,research-development-expenses,selling-general-administrative-expenses,operating-expenses,operating-income,total-non-operating-income-expense,pre-tax-income,total-provision-income-taxes,income-after-taxes,income-from-continuous-operations,net-income,ebitda,ebit,basic-shares-outstanding,shares-outstanding,eps-basic-net-earnings-per-share,eps-earnings-per-share-diluted,cash-on-hand,inventory,other-current-assets,total-current-assets,net-property-plant-equipment,long-term-investments,goodwill-intangible-assets-total,other-long-term-assets,total-long-term-assets,total-assets,total-current-liabilities,long-term-debt,other-non-current-liabilities,total-long-term-liabilities,total-liabilities,common-stock-net,retained-earnings-accumulated-deficit,comprehensive-income,total-share-holder-equity,total-liabilities-share-holders-equity,net-income-loss,total-depreciation-amortization-cash-flow,other-non-cash-items,total-non-cash-items,change-in-accounts-receivable,change-in-inventories,change-in-accounts-payable,change-in-assets-liabilities,total-change-in-assets-liabilities,cash-flow-from-operating-activities,net-change-in-property-plant-equipment,net-change-in-intangible-assets,net-acquisitions-divestitures,net-change-in-short-term-investments,net-change-in-long-term-investments,net-change-in-investments-total,investing-activities-other,cash-flow-from-investing-activities,net-long-term-debt,net-current-debt,debt-issuance-retirement-net-total,net-common-equity-issued-repurchased,net-total-equity-issued-repurchased,total-common-preferred-stock-dividends-paid,financial-activities-other,cash-flow-from-financial-activities,net-cash-flow,stock-based-compensation,common-stock-dividends-paid
0,2018-07-31,92.71,$14.60,6.35,$20.95,4.43,$5.27,17.61,$2.19,42.33,$0.34B,$0.14B,2.51,$0.19B,$0.61B,0.31,$0.87B,$0.41B,47.48%,$0.87B,$0.12B,13.88%,$0.87B,$0.12B,13.88%,$0.87B,$0.16B,18.00%,$0.87B,$0.12B,13.53%,$0.87B,$0.09B,10.44%,$0.09B,$0.61B,15.56%,$0.09B,$0.10B,109.97%,$0.09B,$0.96B,10.04%,$0.12B,$0.80B,16.01%,$229,$121,$107,$7,$70,$198,$30,$-1,$29,$12,$17,$17,$17,$40,$30,$42,42,$0.40,$0.40,$94,$108,$0,$338,$111,$0,$505,$6,$625,$964,$135,$187,$5,$220,$355,$5,$492,$-11,$609,$964,$91,$35,$3,$38,$-4,$-4,$0,$-5,$-3,$126,$-38,$0,$-87,$0,$0,$0,$0,$-125,$74,$0,$74,$-7,$-7,$-7,$-3,$57,$58,$10,$-7
1,2018-04-30,111.97,$14.42,7.77,$20.40,5.49,$5.10,21.95,$2.19,51.13,$0.30B,$0.12B,2.44,$0.17B,$0.60B,0.28,$0.85B,$0.41B,47.70%,$0.85B,$0.12B,13.90%,$0.85B,$0.12B,13.90%,$0.85B,$0.16B,18.26%,$0.85B,$0.12B,13.55%,$0.85B,$0.09B,10.72%,$0.09B,$0.60B,16.15%,$0.09B,$0.09B,115.19%,$0.09B,$0.92B,10.56%,$0.12B,$0.77B,16.41%,$217,$113,$105,$7,$71,$190,$27,$-1,$26,$7,$19,$19,$19,$36,$27,$42,42,$0.45,$0.45,$52,$113,$0,$300,$101,$0,$512,$8,$622,$922,$123,$169,$5,$197,$321,$4,$478,$-5,$601,$922,$74,$26,$0,$26,$1,$-10,$0,$-7,$-10,$90,$-24,$0,$-85,$0,$0,$0,$0,$-108,$43,$0,$43,$-6,$-6,$-4,$0,$33,$15,$7,$-4
2,2018-01-31,110.83,$14.06,7.88,$19.80,5.6,$4.78,23.2,$2.16,51.31,$0.28B,$0.11B,2.58,$0.16B,$0.59B,0.27,$0.82B,$0.39B,47.45%,$0.82B,$0.12B,14.32%,$0.82B,$0.12B,14.32%,$0.82B,$0.15B,18.69%,$0.82B,$0.12B,13.96%,$0.82B,$0.09B,10.80%,$0.09B,$0.59B,16.50%,$0.09B,$0.09B,120.68%,$0.09B,$0.88B,10.76%,$0.12B,$0.75B,17.13%,$213,$112,$101,$6,$63,$181,$32,$-1,$31,$-1,$32,$32,$32,$41,$32,$42,42,$0.78,$0.78,$40,$111,$0,$283,$96,$0,$500,$5,$601,$884,$110,$160,$3,$188,$297,$5,$459,$1,$586,$884,$55,$17,$-2,$15,$1,$-8,$0,$-2,$-16,$55,$-13,$0,$-64,$0,$0,$0,$0,$-78,$34,$0,$34,$-6,$-6,$-4,$0,$25,$3,$5,$-4
3,2017-10-31,97.92,$12.98,7.54,$19.13,5.12,$4.52,21.64,$1.81,54.1,$0.27B,$0.11B,2.44,$0.17B,$0.54B,0.31,$0.80B,$0.38B,47.49%,$0.80B,$0.12B,14.45%,$0.80B,$0.12B,14.45%,$0.80B,$0.15B,18.72%,$0.80B,$0.11B,13.94%,$0.80B,$0.08B,9.42%,$0.08B,$0.54B,14.61%,$0.08B,$0.05B,115.38%,$0.08B,$0.86B,9.44%,$0.12B,$0.71B,17.41%,$213,$112,$101,$5,$64,$181,$32,$-0,$32,$9,$23,$23,$23,$40,$32,$42,42,$0.55,$0.55,$37,$106,$0,$268,$91,$0,$491,$5,$587,$855,$110,$168,$4,$203,$313,$5,$431,$-11,$543,$855,$23,$8,$3,$11,$9,$-3,$0,$-6,$-4,$30,$-6,$0,$-60,$0,$0,$0,$0,$-67,$42,$0,$42,$-6,$-6,$0,$0,$36,$1,$2,$0
4,2017-07-31,74.08,$12.56,5.9,$18.54,4.0,$4.36,16.98,$1.71,43.32,$0.26B,$0.11B,2.41,$0.13B,$0.52B,0.24,$0.77B,$0.37B,47.60%,$0.77B,$0.11B,14.27%,$0.77B,$0.11B,14.27%,$0.77B,$0.14B,18.55%,$0.77B,$0.11B,13.62%,$0.77B,$0.07B,9.21%,$0.07B,$0.52B,14.41%,$0.07B,$0.09B,120.34%,$0.07B,$0.79B,9.24%,$0.11B,$0.65B,17.24%,$206,$108,$98,$5,$65,$178,$27,$-1,$26,$9,$17,$17,$17,$38,$27,$41,42,$0.41,$0.41,$37,$99,$0,$257,$88,$0,$436,$5,$529,$786,$107,$126,$5,$156,$262,$5,$408,$-10,$524,$786,$71,$33,$10,$44,$-13,$1,$0,$-1,$-7,$108,$-27,$0,$-70,$0,$0,$0,$0,$-97,$10,$0,$10,$-7,$-7,$-6,$0,$-3,$8,$9,$-6
5,2017-04-30,74.22,$12.08,6.15,$17.92,4.14,$3.89,19.06,$1.69,43.92,$0.26B,$0.11B,2.4,$0.15B,$0.50B,0.29,$0.74B,$0.35B,47.58%,$0.74B,$0.11B,14.65%,$0.74B,$0.11B,14.65%,$0.74B,$0.14B,18.41%,$0.74B,$0.10B,13.98%,$0.74B,$0.07B,9.41%,$0.07B,$0.50B,14.73%,$0.07B,$0.07B,133.33%,$0.07B,$0.78B,9.39%,$0.11B,$0.65B,17.64%,$192,$101,$91,$4,$60,$165,$27,$-1,$26,$9,$18,$18,$17,$35,$27,$41,42,$0.42,$0.42,$31,$103,$0,$257,$86,$0,$436,$5,$527,$784,$107,$145,$5,$173,$281,$5,$394,$-14,$504,$784,$54,$23,$7,$30,$-13,$-2,$0,$-3,$-11,$73,$-21,$0,$-70,$0,$0,$0,$0,$-90,$29,$0,$29,$-6,$-6,$-3,$0,$20,$3,$7,$-3
6,2017-01-31,77.21,$11.58,6.67,$17.49,4.41,$3.58,21.55,$1.61,47.96,$0.23B,$0.09B,2.54,$0.15B,$0.48B,0.31,$0.73B,$0.34B,47.25%,$0.73B,$0.11B,14.46%,$0.73B,$0.11B,14.46%,$0.73B,$0.13B,18.18%,$0.73B,$0.10B,13.77%,$0.73B,$0.07B,9.23%,$0.07B,$0.48B,14.53%,$0.07B,$0.05B,143.32%,$0.07B,$0.75B,9.23%,$0.11B,$0.63B,17.48%,$185,$96,$88,$4,$55,$156,$29,$-1,$27,$9,$18,$18,$18,$36,$29,$41,42,$0.43,$0.43,$24,$96,$0,$234,$83,$0,$431,$5,$520,$753,$92,$149,$5,$178,$270,$5,$376,$-16,$483,$753,$37,$15,$6,$22,$-3,$-1,$0,$-4,$-13,$45,$-14,$0,$-58,$0,$0,$0,$0,$-73,$33,$0,$33,$-6,$-6,$-3,$0,$24,$-4,$5,$-3
7,2016-10-31,70.98,$11.04,6.43,$16.87,4.21,$3.35,21.22,$1.55,45.8,$0.23B,$0.10B,2.36,$0.16B,$0.46B,0.35,$0.70B,$0.33B,46.78%,$0.70B,$0.10B,14.31%,$0.70B,$0.10B,14.31%,$0.70B,$0.13B,18.17%,$0.70B,$0.10B,13.88%,$0.70B,$0.06B,9.16%,$0.06B,$0.46B,14.31%,$0.06B,$0.03B,149.71%,$0.06B,$0.75B,9.10%,$0.10B,$0.62B,17.15%,$188,$98,$90,$5,$58,$161,$27,$-1,$26,$7,$19,$19,$19,$34,$27,$41,41,$0.45,$0.45,$26,$97,$0,$231,$80,$0,$433,$5,$518,$749,$98,$161,$5,$191,$289,$5,$358,$-18,$460,$749,$19,$7,$5,$13,$2,$-2,$0,$-3,$-6,$25,$-8,$0,$-58,$0,$0,$0,$0,$-66,$45,$0,$45,$-6,$-6,$0,$0,$39,$-2,$3,$0
8,2016-07-31,66.72,$9.86,6.77,$16.06,4.15,$3.23,20.66,$1.44,46.33,$0.22B,$0.10B,2.31,$0.12B,$0.45B,0.26,$0.67B,$0.31B,46.32%,$0.67B,$0.10B,14.59%,$0.67B,$0.10B,14.59%,$0.67B,$0.12B,18.50%,$0.67B,$0.09B,14.14%,$0.67B,$0.06B,8.87%,$0.06B,$0.45B,13.51%,$0.06B,$0.06B,147.50%,$0.06B,$0.70B,8.60%,$0.10B,$0.57B,17.05%,$179,$94,$85,$5,$55,$153,$26,$-1,$25,$9,$16,$16,$16,$32,$26,$41,41,$0.39,$0.39,$28,$91,$0,$223,$75,$0,$392,$5,$472,$695,$96,$116,$4,$144,$240,$5,$342,$-12,$454,$695,$60,$25,$6,$31,$-13,$-16,$0,$-3,$-11,$80,$-19,$0,$-95,$0,$0,$0,$0,$-113,$38,$0,$38,$-4,$-4,$-5,$1,$30,$-3,$8,$-5
9,2016-04-30,66.7,$10.73,6.21,$15.41,4.33,$2.87,23.25,$1.37,48.69,$0.23B,$0.09B,2.48,$0.13B,$0.45B,0.3,$0.64B,$0.29B,45.84%,$0.64B,$0.09B,14.60%,$0.64B,$0.09B,14.60%,$0.64B,$0.12B,18.84%,$0.64B,$0.09B,14.29%,$0.64B,$0.06B,8.79%,$0.06B,$0.45B,13.18%,$0.06B,$0.05B,126.55%,$0.06B,$0.71B,8.51%,$0.09B,$0.58B,16.98%,$174,$93,$80,$4,$53,$150,$23,$-1,$22,$8,$14,$14,$14,$30,$23,$41,41,$0.34,$0.34,$25,$91,$0,$226,$73,$0,$403,$5,$481,$707,$91,$132,$4,$168,$259,$5,$328,$-3,$448,$707,$44,$19,$4,$23,$-10,$-14,$0,$-5,$-14,$52,$-12,$0,$-95,$0,$0,$0,$-0,$-107,$54,$0,$54,$-4,$-4,$-3,$2,$49,$-6,$6,$-3
10,2016-01-31,59.11,$10.25,5.77,$14.65,4.04,$2.52,23.44,$1.33,44.45,$0.20B,$0.07B,2.97,$0.13B,$0.43B,0.31,$0.61B,$0.28B,45.62%,$0.61B,$0.09B,15.04%,$0.61B,$0.09B,15.04%,$0.61B,$0.12B,19.50%,$0.61B,$0.09B,14.38%,$0.61B,$0.05B,8.93%,$0.05B,$0.43B,13.12%,$0.05B,$0.04B,111.34%,$0.05B,$0.66B,8.62%,$0.09B,$0.56B,17.36%,$158,$86,$72,$3,$45,$134,$24,$-1,$24,$8,$15,$15,$15,$31,$24,$41,41,$0.37,$0.37,$22,$79,$0,$197,$70,$0,$392,$5,$467,$663,$66,$134,$4,$170,$236,$5,$314,$-7,$427,$663,$30,$12,$2,$15,$-3,$-4,$0,$-5,$-16,$28,$-8,$0,$-81,$0,$0,$0,$0,$-88,$55,$0,$55,$-3,$-3,$-3,$2,$51,$-10,$4,$-3
11,2015-10-31,58.96,$10.01,5.89,$14.11,4.18,$2.35,25.07,$1.23,47.94,$0.20B,$0.08B,2.7,$0.15B,$0.42B,0.35,$0.58B,$0.27B,45.53%,$0.58B,$0.09B,14.60%,$0.58B,$0.09B,14.60%,$0.58B,$0.11B,19.07%,$0.58B,$0.08B,13.92%,$0.58B,$0.05B,8.59%,$0.05B,$0.42B,12.51%,$0.05B,$0.02B,92.59%,$0.05B,$0.68B,8.30%,$0.09B,$0.57B,16.90%,$154,$83,$71,$4,$44,$130,$24,$-1,$23,$9,$14,$14,$14,$30,$24,$41,41,$0.34,$0.34,$31,$79,$0,$202,$69,$0,$400,$6,$475,$678,$75,$148,$4,$185,$260,$5,$299,$0,$418,$678,$14,$6,$1,$7,$-0,$-2,$0,$-6,$-6,$15,$-3,$0,$-80,$0,$0,$0,$-0,$-83,$69,$0,$69,$-3,$-3,$0,$1,$67,$-1,$2,$0
12,2015-07-31,54.58,$9.77,5.58,$13.72,3.98,$2.30,23.75,$1.16,47.06,$0.19B,$0.07B,2.67,$0.08B,$0.41B,0.19,$0.57B,$0.26B,45.13%,$0.57B,$0.08B,14.16%,$0.57B,$0.08B,14.16%,$0.57B,$0.11B,18.58%,$0.57B,$0.08B,13.63%,$0.57B,$0.05B,8.32%,$0.05B,$0.41B,12.07%,$0.05B,$0.08B,69.12%,$0.05B,$0.58B,8.21%,$0.08B,$0.49B,16.70%,$151,$82,$69,$4,$43,$129,$22,$-1,$22,$8,$13,$13,$13,$29,$22,$41,41,$0.32,$0.31,$32,$72,$0,$188,$63,$0,$328,$5,$396,$584,$71,$79,$5,$107,$177,$5,$287,$1,$407,$584,$48,$24,$3,$27,$-4,$-10,$0,$-3,$-16,$59,$-13,$0,$-40,$0,$0,$0,$0,$-52,$-2,$0,$-2,$-3,$-3,$-4,$3,$-6,$-0,$6,$-4
13,2015-04-30,44.51,$9.49,4.69,$13.26,3.36,$2.41,18.44,$1.10,40.46,$0.18B,$0.07B,2.74,$0.09B,$0.39B,0.23,$0.55B,$0.24B,44.59%,$0.55B,$0.08B,13.94%,$0.55B,$0.08B,13.94%,$0.55B,$0.10B,18.17%,$0.55B,$0.07B,13.21%,$0.55B,$0.05B,8.26%,$0.05B,$0.39B,11.88%,$0.05B,$0.06B,73.77%,$0.05B,$0.58B,8.02%,$0.08B,$0.49B,16.20%,$142,$78,$64,$4,$39,$120,$21,$-3,$18,$6,$12,$12,$12,$28,$21,$41,41,$0.30,$0.30,$25,$70,$0,$181,$62,$0,$332,$5,$399,$580,$66,$92,$4,$120,$186,$5,$276,$2,$394,$580,$35,$18,$3,$20,$-7,$-7,$0,$-2,$-22,$33,$-8,$0,$-40,$0,$0,$0,$0,$-48,$11,$0,$11,$-3,$-3,$-2,$3,$8,$-6,$4,$-2
14,2015-01-31,40.31,$9.16,4.4,$12.76,3.16,$2.61,15.46,$1.05,38.39,$0.18B,$0.06B,2.86,$0.10B,$0.38B,0.25,$0.52B,$0.23B,44.17%,$0.52B,$0.07B,13.77%,$0.52B,$0.07B,13.77%,$0.52B,$0.09B,17.78%,$0.52B,$0.07B,13.38%,$0.52B,$0.04B,8.22%,$0.04B,$0.38B,11.66%,$0.04B,$0.06B,70.49%,$0.04B,$0.57B,7.96%,$0.07B,$0.48B,15.91%,$135,$75,$61,$3,$39,$117,$18,$-1,$18,$7,$11,$11,$11,$24,$18,$41,41,$0.27,$0.27,$24,$65,$8,$178,$61,$0,$323,$6,$390,$568,$62,$96,$7,$125,$187,$5,$264,$2,$380,$568,$22,$11,$2,$13,$0,$-3,$0,$-4,$-16,$19,$-5,$0,$-33,$0,$0,$0,$1,$-38,$15,$0,$15,$-3,$-3,$-2,$2,$12,$-8,$3,$-2
15,2014-10-31,42.08,$9.05,4.65,$12.38,3.4,$2.70,15.6,$1.05,40.08,$0.17B,$0.06B,2.72,$0.09B,$0.38B,0.25,$0.51B,$0.22B,43.79%,$0.51B,$0.07B,14.20%,$0.51B,$0.07B,14.20%,$0.51B,$0.09B,18.15%,$0.51B,$0.07B,13.81%,$0.51B,$0.04B,8.48%,$0.04B,$0.38B,11.97%,$0.04B,$0.07B,73.82%,$0.04B,$0.56B,8.25%,$0.07B,$0.47B,16.45%,$137,$76,$61,$4,$38,$118,$19,$-1,$19,$7,$11,$11,$11,$24,$19,$41,41,$0.27,$0.27,$30,$60,$9,$174,$53,$0,$303,$29,$385,$559,$64,$94,$6,$119,$183,$5,$255,$8,$376,$559,$11,$5,$1,$6,$-3,$-1,$0,$-1,$-5,$13,$-3,$0,$-24,$0,$0,$0,$-0,$-27,$13,$0,$13,$-3,$-3,$0,$2,$13,$-2,$2,$0
16,2014-07-31,33.28,$8.81,3.78,$11.95,2.78,$2.67,12.45,$1.05,31.7,$0.16B,$0.07B,2.47,$0.08B,$0.37B,0.22,$0.49B,$0.21B,43.44%,$0.49B,$0.07B,14.55%,$0.49B,$0.07B,14.55%,$0.49B,$0.09B,18.65%,$0.49B,$0.07B,14.14%,$0.49B,$0.04B,8.81%,$0.04B,$0.37B,12.37%,$0.04B,$0.05B,83.90%,$0.04B,$0.54B,8.54%,$0.07B,$0.45B,16.86%,$131,$74,$57,$3,$36,$114,$18,$-1,$17,$6,$11,$11,$11,$23,$18,$41,41,$0.26,$0.25,$32,$60,$0,$164,$53,$0,$315,$5,$372,$536,$66,$81,$6,$104,$171,$5,$243,$10,$365,$536,$43,$19,$1,$20,$-6,$-3,$0,$-2,$1,$64,$-14,$0,$-34,$0,$0,$0,$-0,$-47,$-15,$0,$-15,$-4,$-4,$-4,$3,$-19,$-2,$5,$-4
17,2014-04-30,32.87,$8.57,3.84,$11.55,2.85,$2.54,12.96,$1.04,31.61,$0.15B,$0.05B,3.03,$0.07B,$0.35B,0.18,$0.47B,$0.20B,43.31%,$0.47B,$0.07B,14.65%,$0.47B,$0.07B,14.65%,$0.47B,$0.09B,18.90%,$0.47B,$0.07B,14.23%,$0.47B,$0.04B,8.92%,$0.04B,$0.35B,12.47%,$0.04B,$0.06B,89.36%,$0.04B,$0.50B,8.55%,$0.07B,$0.42B,16.79%,$120,$68,$52,$3,$33,$103,$17,$-1,$16,$6,$10,$10,$10,$22,$17,$41,41,$0.25,$0.25,$24,$56,$0,$152,$48,$0,$293,$5,$346,$498,$50,$65,$7,$93,$143,$5,$234,$10,$354,$498,$33,$14,$1,$15,$-8,$-2,$0,$-1,$-7,$41,$-8,$0,$-8,$0,$0,$0,$-1,$-17,$-31,$0,$-31,$-4,$-4,$-2,$3,$-34,$-10,$4,$-2
18,2014-01-31,31.42,$8.27,3.8,$11.20,2.8,$2.48,12.65,$1.01,31.11,$0.15B,$0.05B,3.11,$0.08B,$0.34B,0.22,$0.46B,$0.20B,43.20%,$0.46B,$0.07B,14.47%,$0.46B,$0.07B,14.47%,$0.46B,$0.09B,18.86%,$0.46B,$0.06B,14.04%,$0.46B,$0.04B,8.99%,$0.04B,$0.34B,12.61%,$0.04B,$0.05B,107.89%,$0.04B,$0.49B,8.41%,$0.07B,$0.42B,16.22%,$119,$67,$52,$2,$32,$101,$18,$-1,$18,$6,$11,$11,$11,$23,$18,$41,41,$0.27,$0.27,$20,$56,$0,$148,$47,$0,$295,$3,$345,$493,$48,$75,$7,$104,$151,$5,$224,$9,$342,$493,$22,$9,$0,$10,$-7,$-2,$0,$-1,$-10,$22,$-4,$0,$-8,$0,$0,$0,$-0,$-13,$-21,$0,$-21,$-4,$-4,$-2,$3,$-23,$-14,$3,$-2
19,2013-10-31,34.75,$8.00,4.34,$10.88,3.19,$2.47,14.09,$0.99,34.98,$0.15B,$0.06B,2.52,$0.07B,$0.33B,0.22,$0.44B,$0.19B,42.89%,$0.44B,$0.07B,14.67%,$0.44B,$0.07B,14.67%,$0.44B,$0.08B,18.96%,$0.44B,$0.06B,14.00%,$0.44B,$0.04B,9.03%,$0.04B,$0.33B,12.73%,$0.04B,$0.05B,135.59%,$0.04B,$0.49B,8.29%,$0.07B,$0.40B,16.19%,$118,$67,$51,$2,$31,$100,$18,$-1,$18,$6,$11,$11,$11,$23,$18,$41,41,$0.27,$0.27,$28,$55,$0,$151,$47,$0,$285,$3,$335,$486,$60,$72,$1,$95,$155,$5,$213,$11,$330,$486,$11,$5,$-0,$4,$-5,$-1,$0,$-1,$-5,$11,$-2,$0,$0,$0,$0,$0,$-0,$-2,$-13,$0,$-13,$-4,$-4,$0,$3,$-14,$-6,$1,$0
20,2013-07-31,26.27,$7.81,3.37,$10.45,2.52,$2.46,10.69,$0.96,27.47,$0.15B,$0.06B,2.55,$0.09B,$0.32B,0.27,$0.43B,$0.18B,43.06%,$0.43B,$0.06B,14.82%,$0.43B,$0.06B,14.82%,$0.43B,$0.08B,19.06%,$0.43B,$0.06B,13.88%,$0.43B,$0.04B,8.94%,$0.04B,$0.32B,12.54%,$0.04B,$0.03B,144.76%,$0.04B,$0.49B,8.11%,$0.06B,$0.41B,16.16%,$114,$65,$49,$2,$31,$98,$16,$-1,$15,$5,$10,$10,$10,$21,$16,$40,41,$0.24,$0.25,$34,$54,$0,$151,$46,$0,$288,$3,$337,$488,$59,$85,$1,$107,$167,$5,$204,$11,$321,$488,$39,$18,$-2,$16,$-2,$-5,$0,$-1,$-4,$51,$-7,$0,$-45,$0,$0,$0,$-0,$-52,$5,$0,$5,$-0,$-0,$-3,$3,$4,$4,$4,$-3
21,2013-04-30,20.83,$7.51,2.78,$10.10,2.06,$2.48,8.4,$0.94,22.17,$0.15B,$0.06B,2.58,$0.10B,$0.31B,0.31,$0.41B,$0.18B,43.17%,$0.41B,$0.06B,14.88%,$0.41B,$0.06B,14.88%,$0.41B,$0.08B,19.02%,$0.41B,$0.06B,14.15%,$0.41B,$0.04B,9.02%,$0.04B,$0.31B,12.68%,$0.04B,$0.03B,160.87%,$0.04B,$0.48B,8.12%,$0.06B,$0.40B,16.17%,$105,$60,$45,$2,$29,$91,$14,$-1,$13,$4,$9,$9,$9,$19,$14,$40,41,$0.22,$0.22,$31,$53,$0,$145,$45,$0,$282,$11,$339,$484,$56,$95,$2,$120,$176,$3,$195,$8,$308,$484,$29,$13,$1,$14,$-2,$-4,$0,$-1,$-8,$34,$-4,$0,$-45,$0,$0,$0,$-0,$-49,$15,$0,$15,$-0,$-0,$-1,$2,$15,$0,$3,$-1
22,2013-01-31,20.7,$7.27,2.85,$9.94,2.08,$2.45,8.44,$0.92,22.5,$0.14B,$0.05B,2.69,$0.10B,$0.30B,0.33,$0.40B,$0.18B,43.53%,$0.40B,$0.06B,15.17%,$0.40B,$0.06B,15.17%,$0.40B,$0.08B,19.15%,$0.40B,$0.06B,14.43%,$0.40B,$0.04B,8.96%,$0.04B,$0.30B,12.80%,$0.04B,$0.01B,192.00%,$0.04B,$0.47B,8.14%,$0.06B,$0.40B,16.68%,$106,$61,$45,$2,$26,$90,$17,$-1,$16,$6,$10,$10,$10,$21,$17,$41,41,$0.26,$0.25,$27,$49,$0,$138,$46,$0,$285,$3,$334,$472,$51,$97,$1,$122,$174,$3,$186,$8,$298,$472,$20,$9,$0,$9,$-2,$-0,$0,$-2,$-10,$19,$-3,$0,$-37,$0,$0,$0,$-0,$-39,$17,$0,$17,$-0,$-0,$-1,$2,$17,$-3,$2,$-1
23,2012-10-31,17.11,$6.98,2.45,$9.79,1.75,$2.48,6.89,$0.85,20.21,$0.13B,$0.06B,2.44,$0.07B,$0.29B,0.25,$0.39B,$0.17B,43.51%,$0.39B,$0.06B,14.50%,$0.39B,$0.06B,14.50%,$0.39B,$0.07B,18.58%,$0.39B,$0.05B,13.74%,$0.39B,$0.03B,8.40%,$0.03B,$0.29B,12.18%,$0.03B,$0.03B,223.73%,$0.03B,$0.43B,7.65%,$0.06B,$0.36B,16.02%,$100,$56,$44,$2,$25,$84,$16,$-1,$15,$6,$10,$10,$9,$20,$16,$40,40,$0.24,$0.23,$28,$48,$0,$133,$42,$0,$253,$3,$298,$431,$55,$70,$2,$92,$147,$3,$176,$8,$285,$431,$10,$4,$1,$5,$-1,$-1,$0,$-2,$-5,$9,$-1,$0,$0,$0,$0,$0,$-0,$-1,$-10,$0,$-10,$-1,$-1,$0,$1,$-10,$-2,$1,$0
24,2012-07-31,17.18,$6.79,2.53,$9.67,1.78,$2.44,7.04,$0.77,22.34,$0.13B,$0.06B,2.43,$0.08B,$0.28B,0.29,$0.39B,$0.17B,42.75%,$0.39B,$0.05B,13.47%,$0.39B,$0.05B,13.47%,$0.39B,$0.07B,17.62%,$0.39B,$0.05B,12.69%,$0.39B,$0.03B,7.77%,$0.03B,$0.28B,11.47%,$0.03B,$0.02B,1000.00%,$0.03B,$0.44B,6.96%,$0.05B,$0.36B,14.63%,$99,$56,$43,$3,$26,$84,$14,$-1,$14,$4,$10,$10,$9,$18,$14,$40,40,$0.25,$0.24,$30,$47,$0,$134,$43,$0,$255,$3,$301,$435,$55,$80,$4,$104,$159,$5,$168,$8,$276,$435,$31,$16,$3,$19,$2,$-2,$0,$-0,$-0,$51,$-5,$0,$-98,$0,$0,$0,$0,$-103,$65,$0,$65,$0,$0,$-3,$2,$65,$12,$4,$-3
25,2012-04-30,15.42,$6.58,2.34,$9.44,1.63,$1.90,8.12,$0.66,23.51,$0.13B,$0.05B,2.5,$0.09B,$0.27B,0.34,$0.37B,$0.15B,41.29%,$0.37B,$0.05B,12.06%,$0.37B,$0.05B,12.06%,$0.37B,$0.06B,16.09%,$0.37B,$0.04B,11.26%,$0.37B,$0.03B,6.70%,$0.03B,$0.27B,9.96%,$0.03B,$0.01B,196.08%,$0.03B,$0.43B,6.22%,$0.05B,$0.36B,13.60%,$97,$55,$43,$2,$27,$83,$14,$-1,$13,$5,$8,$8,$8,$18,$14,$40,40,$0.20,$0.20,$25,$48,$0,$127,$43,$0,$257,$3,$304,$430,$51,$91,$4,$113,$164,$3,$159,$9,$266,$430,$22,$12,$1,$13,$4,$-3,$0,$-1,$-2,$33,$-4,$0,$-98,$0,$0,$0,$-0,$-102,$75,$0,$75,$0,$0,$-1,$1,$76,$7,$3,$-1
26,2012-01-31,13.82,$6.35,2.18,$9.09,1.52,$1.50,9.22,$0.58,23.64,$0.12B,$0.05B,2.38,$0.10B,$0.26B,0.38,$0.36B,$0.14B,39.55%,$0.36B,$0.04B,10.86%,$0.36B,$0.04B,10.86%,$0.36B,$0.05B,14.76%,$0.36B,$0.04B,10.03%,$0.36B,$0.02B,6.13%,$0.02B,$0.26B,9.09%,$0.02B,$-0.00B,91.67%,$0.02B,$0.43B,5.88%,$0.04B,$0.36B,13.03%,$97,$56,$41,$2,$25,$84,$13,$-2,$12,$4,$7,$7,$7,$17,$13,$39,40,$0.18,$0.18,$22,$47,$0,$123,$44,$0,$259,$3,$306,$429,$52,$98,$4,$120,$172,$3,$151,$8,$257,$429,$14,$8,$1,$10,$4,$-2,$0,$-1,$-3,$20,$-3,$0,$-96,$0,$0,$0,$-0,$-99,$83,$0,$83,$0,$0,$-1,$1,$82,$3,$2,$-1
27,2011-10-31,12.05,$6.13,1.97,$8.68,1.39,$1.27,9.49,$0.55,21.87,$0.12B,$0.05B,2.27,$0.11B,$0.25B,0.43,$0.34B,$0.13B,38.48%,$0.34B,$0.04B,10.20%,$0.34B,$0.04B,10.20%,$0.34B,$0.05B,13.99%,$0.34B,$0.03B,9.62%,$0.34B,$0.02B,6.12%,$0.02B,$0.25B,9.00%,$0.02B,$-0.02B,54.90%,$0.02B,$0.43B,6.11%,$0.04B,$0.35B,13.16%,$93,$55,$38,$2,$25,$82,$11,$-1,$10,$4,$6,$6,$6,$15,$11,$39,40,$0.15,$0.15,$20,$46,$0,$119,$44,$0,$263,$4,$311,$429,$52,$107,$5,$130,$182,$2,$144,$8,$247,$429,$6,$4,$0,$4,$7,$-2,$0,$-2,$-3,$8,$-1,$0,$-96,$0,$0,$0,$-0,$-98,$91,$0,$91,$0,$0,$0,$0,$91,$1,$1,$0
28,2011-07-31,10.89,$6.03,1.81,$8.17,1.33,$1.16,9.37,$0.52,20.76,$0.11B,$0.04B,2.56,$0.02B,$0.23B,0.1,$0.32B,$0.12B,37.89%,$0.32B,$0.03B,9.94%,$0.32B,$0.03B,9.94%,$0.32B,$0.04B,13.66%,$0.32B,$0.03B,9.63%,$0.32B,$0.02B,6.21%,$0.02B,$0.23B,8.89%,$0.02B,$0.06B,37.56%,$0.02B,$0.32B,6.44%,$0.03B,$0.26B,13.85%,$86,$54,$32,$2,$23,$79,$7,$-0,$7,$2,$5,$5,$4,$10,$7,$38,38,$0.12,$0.12,$18,$40,$0,$111,$34,$0,$174,$2,$210,$321,$43,$24,$1,$44,$87,$3,$139,$9,$234,$321,$20,$13,$1,$14,$-13,$-2,$0,$-0,$-6,$28,$-6,$0,$-30,$0,$0,$0,$-0,$-36,$3,$0,$3,$1,$1,$-2,$1,$3,$-4,$3,$-2
29,2011-04-30,11.3,$5.93,1.91,$7.78,1.45,$1.20,9.42,$0.52,21.54,$0.11B,$0.07B,1.53,$0.00B,$0.23B,0.0,$0.31B,$0.12B,38.56%,$0.31B,$0.03B,10.46%,$0.31B,$0.03B,10.46%,$0.31B,$0.04B,14.38%,$0.31B,$0.03B,10.13%,$0.31B,$0.02B,6.54%,$0.02B,$0.23B,9.14%,$0.02B,$0.05B,37.56%,$0.02B,$0.32B,6.65%,$0.03B,$0.23B,14.45%,$83,$51,$31,$2,$22,$75,$8,$-0,$7,$2,$5,$5,$5,$11,$8,$40,40,$0.13,$0.13,$16,$39,$0,$106,$35,$0,$175,$1,$212,$318,$69,$0,$1,$19,$89,$2,$135,$9,$230,$318,$16,$9,$1,$10,$-12,$-1,$0,$-1,$-9,$18,$-5,$0,$-29,$0,$0,$0,$-0,$-34,$9,$0,$9,$1,$1,$-1,$0,$10,$-7,$3,$-1
30,2011-01-31,9.28,$5.75,1.61,$7.49,1.24,$1.23,7.55,$0.51,18.31,$0.10B,$0.06B,1.58,$0.00B,$0.22B,0.0,$0.29B,$0.11B,39.31%,$0.29B,$0.03B,10.69%,$0.29B,$0.03B,10.69%,$0.29B,$0.04B,14.83%,$0.29B,$0.03B,10.69%,$0.29B,$0.02B,6.55%,$0.02B,$0.22B,8.93%,$0.02B,$0.05B,35.19%,$0.02B,$0.31B,6.54%,$0.03B,$0.22B,14.14%,$81,$50,$31,$1,$21,$72,$9,$-0,$9,$3,$6,$6,$6,$12,$9,$39,40,$0.15,$0.15,$16,$38,$0,$101,$35,$0,$168,$2,$205,$306,$64,$0,$2,$19,$83,$2,$130,$8,$222,$306,$11,$6,$1,$7,$-9,$-0,$0,$-1,$-6,$11,$-3,$0,$-21,$0,$0,$0,$-0,$-25,$7,$0,$7,$1,$1,$-1,$0,$7,$-7,$2,$-1
31,2010-10-31,8.05,$5.59,1.44,$7.23,1.11,$1.22,6.61,$0.49,16.46,$0.09B,$0.06B,1.45,$0.00B,$0.21B,0.0,$0.28B,$0.11B,39.86%,$0.28B,$0.03B,10.87%,$0.28B,$0.03B,10.87%,$0.28B,$0.04B,15.22%,$0.28B,$0.03B,10.87%,$0.28B,$0.02B,6.52%,$0.02B,$0.21B,8.69%,$0.02B,$0.05B,33.96%,$0.02B,$0.30B,6.35%,$0.03B,$0.21B,13.95%,$72,$44,$28,$2,$19,$64,$8,$-0,$8,$3,$5,$5,$5,$11,$8,$39,39,$0.13,$0.13,$16,$36,$0,$93,$35,$0,$169,$1,$205,$298,$64,$0,$2,$20,$84,$2,$124,$8,$214,$298,$5,$3,$0,$3,$-2,$1,$0,$-1,$-5,$3,$-1,$0,$-21,$0,$0,$0,$-0,$-22,$12,$0,$12,$0,$0,$0,$0,$12,$-7,$1,$0
32,2010-07-31,6.9,$5.52,1.25,$7.30,0.95,$1.30,5.3,$0.52,13.16,$0.10B,$0.04B,2.31,$0.01B,$0.21B,0.05,$0.28B,$0.11B,40.36%,$0.28B,$0.03B,11.64%,$0.28B,$0.03B,11.64%,$0.28B,$0.04B,16.00%,$0.28B,$0.03B,11.64%,$0.28B,$0.02B,6.91%,$0.02B,$0.21B,9.41%,$0.02B,$0.06B,36.19%,$0.02B,$0.28B,6.82%,$0.03B,$0.22B,15.11%,$70,$42,$28,$1,$19,$62,$7,$-0,$7,$3,$5,$5,$4,$10,$7,$37,38,$0.12,$0.12,$23,$35,$0,$95,$35,$0,$150,$1,$186,$281,$41,$11,$1,$30,$71,$2,$120,$8,$209,$281,$20,$12,$1,$13,$-1,$-5,$0,$0,$-4,$29,$-6,$0,$-2,$0,$0,$0,$-1,$-8,$-22,$0,$-22,$2,$2,$-2,$0,$-22,$-1,$3,$-2
33,2010-04-30,8.65,$5.44,1.59,$7.26,1.19,$1.45,5.95,$0.52,16.63,$0.09B,$0.04B,2.45,$0.02B,$0.21B,0.07,$0.27B,$0.11B,40.44%,$0.27B,$0.03B,11.76%,$0.27B,$0.03B,11.76%,$0.27B,$0.05B,16.54%,$0.27B,$0.03B,11.76%,$0.27B,$0.02B,6.99%,$0.02B,$0.21B,9.67%,$0.02B,$0.06B,41.08%,$0.02B,$0.28B,6.83%,$0.03B,$0.22B,15.11%,$67,$40,$27,$1,$18,$60,$7,$-0,$7,$2,$4,$4,$4,$10,$7,$37,38,$0.11,$0.11,$19,$36,$0,$92,$35,$0,$149,$1,$186,$277,$37,$15,$1,$34,$71,$2,$117,$10,$206,$277,$15,$9,$1,$10,$1,$-7,$0,$0,$-8,$17,$-4,$0,$0,$0,$0,$0,$-1,$-5,$-18,$0,$-18,$2,$2,$-1,$0,$-17,$-4,$2,$-1
34,2010-01-31,8.35,$5.28,1.58,$7.30,1.14,$1.60,5.22,$0.52,16.07,$0.09B,$0.05B,1.7,$0.01B,$0.20B,0.03,$0.27B,$0.11B,40.22%,$0.27B,$0.03B,11.81%,$0.27B,$0.03B,11.81%,$0.27B,$0.05B,16.61%,$0.27B,$0.03B,11.81%,$0.27B,$0.02B,7.01%,$0.02B,$0.20B,10.03%,$0.02B,$0.05B,48.41%,$0.02B,$0.28B,6.86%,$0.03B,$0.21B,15.17%,$67,$39,$27,$1,$18,$59,$8,$-0,$8,$3,$5,$5,$5,$11,$8,$37,38,$0.13,$0.13,$18,$34,$0,$90,$36,$0,$150,$1,$187,$277,$53,$5,$2,$24,$77,$2,$112,$8,$200,$277,$11,$6,$1,$7,$-2,$-4,$0,$-0,$-8,$10,$-3,$0,$0,$0,$0,$0,$-1,$-4,$-13,$0,$-13,$2,$2,$-1,$0,$-12,$-5,$2,$-1
35,2009-10-31,6.94,$4.80,1.44,$7.23,0.96,$1.71,4.05,$0.49,14.07,$0.09B,$0.06B,1.53,$0.01B,$0.19B,0.04,$0.27B,$0.11B,39.85%,$0.27B,$0.03B,11.65%,$0.27B,$0.03B,11.65%,$0.27B,$0.04B,16.17%,$0.27B,$0.03B,11.28%,$0.27B,$0.02B,6.77%,$0.02B,$0.19B,9.86%,$0.02B,$0.04B,55.81%,$0.02B,$0.28B,6.52%,$0.03B,$0.20B,14.49%,$71,$42,$29,$1,$18,$61,$10,$-0,$10,$4,$6,$6,$6,$13,$10,$37,37,$0.16,$0.16,$23,$31,$0,$93,$36,$0,$151,$1,$188,$280,$61,$8,$2,$26,$87,$2,$108,$8,$193,$280,$6,$3,$0,$3,$-1,$-2,$0,$-0,$-3,$6,$-1,$0,$0,$0,$0,$0,$-0,$-2,$-5,$0,$-5,$0,$0,$0,$0,$-5,$-0,$1,$0
36,2009-07-31,6.69,$5.00,1.34,$7.06,0.95,$1.68,3.97,$0.42,16.02,$0.09B,$0.04B,2.27,$0.03B,$0.19B,0.18,$0.26B,$0.10B,39.00%,$0.26B,$0.03B,10.42%,$0.26B,$0.03B,10.42%,$0.26B,$0.04B,15.06%,$0.26B,$0.03B,10.04%,$0.26B,$0.02B,5.79%,$0.02B,$0.19B,8.51%,$0.02B,$0.04B,58.82%,$0.02B,$0.28B,5.47%,$0.03B,$0.22B,12.39%,$67,$40,$27,$1,$18,$59,$7,$-1,$7,$3,$4,$4,$4,$11,$7,$37,37,$0.12,$0.12,$23,$29,$0,$89,$36,$0,$152,$1,$189,$278,$39,$33,$2,$52,$91,$2,$102,$8,$187,$278,$16,$12,$1,$13,$-0,$2,$0,$-1,$2,$31,$-3,$0,$-9,$0,$0,$0,$-0,$-11,$-15,$0,$-15,$1,$1,$0,$0,$-14,$5,$3,$0
37,2009-04-30,6.11,$4.76,1.28,$7.00,0.87,$1.28,4.76,$0.37,16.36,$0.09B,$0.04B,2.39,$0.04B,$0.18B,0.22,$0.26B,$0.10B,37.89%,$0.26B,$0.03B,9.77%,$0.26B,$0.03B,9.77%,$0.26B,$0.04B,14.06%,$0.26B,$0.02B,8.98%,$0.26B,$0.01B,5.47%,$0.01B,$0.18B,8.15%,$0.01B,$0.03B,69.14%,$0.01B,$0.27B,5.10%,$0.03B,$0.22B,11.48%,$66,$41,$26,$1,$17,$59,$7,$-1,$7,$2,$4,$4,$4,$10,$7,$37,37,$0.11,$0.11,$22,$29,$0,$87,$36,$0,$149,$1,$186,$273,$36,$40,$2,$58,$95,$2,$98,$5,$178,$273,$11,$9,$0,$9,$-1,$2,$0,$-1,$1,$21,$-3,$0,$0,$0,$0,$0,$-5,$-7,$-9,$0,$-9,$0,$0,$0,$0,$-8,$4,$2,$0
38,2009-01-31,6.48,$4.63,1.4,$6.94,0.93,$1.01,6.43,$0.32,20.54,$0.09B,$0.04B,2.35,$0.05B,$0.17B,0.26,$0.25B,$0.09B,36.61%,$0.25B,$0.02B,8.66%,$0.25B,$0.02B,8.66%,$0.25B,$0.03B,12.99%,$0.25B,$0.02B,7.48%,$0.25B,$0.01B,4.72%,$0.01B,$0.17B,7.10%,$0.01B,$0.02B,72.73%,$0.01B,$0.27B,4.35%,$0.02B,$0.22B,10.05%,$62,$39,$24,$1,$16,$56,$7,$-1,$6,$2,$4,$4,$4,$9,$7,$37,37,$0.10,$0.10,$20,$33,$0,$86,$36,$0,$150,$1,$187,$273,$36,$45,$3,$65,$101,$2,$94,$4,$172,$273,$7,$6,$-0,$6,$1,$-2,$0,$-1,$0,$13,$-2,$0,$0,$0,$0,$0,$-4,$-6,$-4,$0,$-4,$0,$0,$0,$0,$-3,$2,$1,$0
39,2008-10-31,4.15,$4.53,0.92,$6.89,0.6,$0.71,5.81,$0.27,15.31,$0.08B,$0.04B,2.35,$0.05B,$0.17B,0.29,$0.25B,$0.09B,35.57%,$0.25B,$0.02B,7.91%,$0.25B,$0.02B,7.91%,$0.25B,$0.03B,12.65%,$0.25B,$0.02B,6.72%,$0.25B,$0.01B,3.95%,$0.01B,$0.17B,5.99%,$0.01B,$0.02B,75.47%,$0.01B,$0.27B,3.61%,$0.02B,$0.22B,9.06%,$64,$41,$24,$1,$16,$58,$6,$-1,$6,$2,$3,$3,$3,$9,$6,$37,37,$0.09,$0.09,$16,$32,$0,$82,$37,$0,$152,$1,$190,$272,$35,$49,$3,$69,$104,$2,$90,$5,$168,$272,$3,$3,$0,$3,$0,$-1,$0,$-1,$-1,$5,$-1,$0,$0,$0,$0,$0,$-4,$-6,$-1,$0,$-1,$0,$0,$0,$0,$-1,$-3,$1,$0
40,2008-07-31,4.03,$4.58,0.88,$6.78,0.59,$0.60,6.77,$0.24,17.13,$0.09B,$0.04B,2.17,$0.05B,$0.17B,0.3,$0.25B,$0.09B,34.94%,$0.25B,$0.02B,7.23%,$0.25B,$0.02B,7.23%,$0.25B,$0.03B,12.05%,$0.25B,$0.01B,5.62%,$0.25B,$0.01B,3.61%,$0.01B,$0.17B,5.43%,$0.01B,$0.01B,85.71%,$0.01B,$0.28B,3.22%,$0.02B,$0.22B,8.06%,$64,$42,$23,$1,$17,$60,$5,$-1,$4,$1,$3,$3,$3,$8,$5,$36,37,$0.07,$0.07,$18,$32,$0,$85,$38,$0,$155,$1,$195,$279,$39,$50,$3,$72,$110,$2,$87,$10,$169,$279,$9,$12,$-0,$12,$1,$-3,$0,$-1,$-2,$19,$-5,$0,$-14,$0,$0,$0,$0,$-18,$1,$0,$1,$0,$0,$0,$0,$2,$2,$2,$0
41,2008-04-30,4.13,$4.55,0.91,$6.75,0.61,$0.24,17.3,$0.22,18.96,$0.09B,$0.03B,2.55,$0.06B,$0.17B,0.34,$0.25B,$0.09B,34.27%,$0.25B,$0.02B,6.85%,$0.25B,$0.02B,6.85%,$0.25B,$0.03B,11.69%,$0.25B,$0.01B,5.24%,$0.25B,$0.01B,3.23%,$0.01B,$0.17B,4.93%,$0.01B,$0.01B,88.89%,$0.01B,$0.28B,2.90%,$0.02B,$0.22B,7.73%,$64,$42,$22,$1,$17,$60,$4,$-1,$3,$1,$2,$2,$2,$7,$4,$36,37,$0.05,$0.05,$19,$32,$0,$87,$38,$0,$153,$1,$193,$280,$34,$56,$2,$79,$113,$2,$84,$11,$167,$280,$6,$9,$0,$9,$1,$-4,$0,$-1,$-4,$12,$-3,$0,$-10,$0,$0,$0,$-4,$-17,$7,$0,$7,$1,$1,$0,$0,$8,$3,$1,$0
42,2008-01-31,4.99,$4.47,1.12,$6.50,0.77,$-0.07,0.0,$0.23,22.01,$0.08B,$0.03B,2.61,$0.06B,$0.16B,0.37,$0.24B,$0.08B,34.87%,$0.24B,$0.02B,7.56%,$0.24B,$0.02B,7.56%,$0.24B,$0.03B,12.18%,$0.24B,$0.01B,5.88%,$0.24B,$0.01B,3.36%,$0.01B,$0.16B,5.06%,$0.01B,$0.01B,103.23%,$0.01B,$0.28B,2.95%,$0.02B,$0.22B,8.34%,$61,$39,$21,$1,$16,$56,$5,$-1,$4,$1,$2,$2,$2,$8,$5,$36,37,$0.06,$0.06,$14,$32,$0,$84,$39,$0,$155,$2,$195,$278,$32,$60,$2,$83,$115,$2,$82,$11,$164,$278,$4,$6,$0,$6,$-2,$-4,$0,$-1,$-7,$3,$-3,$0,$-10,$0,$0,$0,$-4,$-16,$10,$0,$10,$1,$1,$0,$1,$11,$-2,$1,$0
43,2007-10-31,7.75,$4.44,1.74,$6.27,1.23,$-0.28,0.0,$0.23,33.53,$0.09B,$0.03B,2.55,$0.06B,$0.16B,0.39,$0.23B,$0.08B,35.81%,$0.23B,$0.02B,7.86%,$0.23B,$0.02B,7.86%,$0.23B,$0.03B,12.23%,$0.23B,$0.01B,6.11%,$0.23B,$0.01B,3.49%,$0.01B,$0.16B,5.22%,$0.01B,$0.01B,60.38%,$0.01B,$0.28B,3.09%,$0.02B,$0.23B,8.85%,$60,$39,$21,$1,$16,$56,$4,$-1,$3,$1,$2,$2,$2,$7,$4,$36,37,$0.05,$0.05,$18,$31,$0,$85,$39,$0,$157,$2,$198,$282,$33,$64,$2,$87,$120,$2,$80,$12,$163,$282,$2,$3,$-0,$3,$-1,$-2,$0,$-1,$-4,$1,$-1,$0,$-10,$0,$0,$0,$-4,$-15,$14,$0,$14,$1,$1,$0,$1,$15,$2,$1,$0
44,2007-07-31,6.26,$4.28,1.46,$6.04,1.04,$-0.41,0.0,$0.23,27.1,$0.08B,$0.04B,2.13,$0.05B,$0.16B,0.33,$0.22B,$0.08B,36.07%,$0.22B,$0.02B,8.22%,$0.22B,$0.02B,8.22%,$0.22B,$0.03B,12.33%,$0.22B,$0.01B,6.39%,$0.22B,$0.01B,3.65%,$0.01B,$0.16B,5.39%,$0.01B,$0.01B,41.56%,$0.01B,$0.26B,3.26%,$0.02B,$0.21B,9.44%,$63,$41,$21,$1,$16,$58,$4,$-1,$3,$1,$2,$2,$2,$7,$4,$35,36,$0.05,$0.05,$16,$27,$0,$77,$39,$0,$147,$2,$187,$264,$36,$51,$2,$73,$109,$2,$78,$8,$155,$264,$8,$11,$-7,$4,$-6,$-1,$0,$-0,$-6,$6,$-5,$0,$-36,$0,$0,$0,$0,$-42,$19,$0,$19,$1,$1,$0,$1,$21,$-14,$1,$0
45,2007-04-30,7.92,$4.18,1.9,$5.69,1.39,$0.01,546.17,$0.49,16.05,$0.08B,$0.03B,2.63,$0.06B,$0.15B,0.37,$0.21B,$0.08B,36.41%,$0.21B,$0.02B,8.25%,$0.21B,$0.02B,8.25%,$0.21B,$0.03B,12.14%,$0.21B,$0.01B,6.31%,$0.21B,$0.02B,8.25%,$0.02B,$0.15B,11.72%,$0.02B,$0.01B,72.34%,$0.02B,$0.26B,7.12%,$0.02B,$0.21B,9.29%,$54,$34,$20,$1,$14,$50,$5,$-1,$4,$2,$2,$2,$2,$7,$5,$35,36,$0.06,$0.06,$17,$28,$0,$79,$38,$0,$142,$2,$182,$261,$30,$56,$3,$80,$110,$2,$76,$7,$151,$261,$6,$8,$-5,$3,$-4,$-2,$0,$-0,$-9,$1,$-4,$0,$-30,$0,$0,$0,$-4,$-38,$23,$0,$23,$1,$1,$0,$0,$24,$-13,$1,$0
46,2007-01-31,7.02,$4.14,1.7,$5.47,1.28,$0.47,14.79,$0.56,12.63,$0.07B,$0.03B,2.72,$0.03B,$0.14B,0.22,$0.20B,$0.07B,36.18%,$0.20B,$0.02B,7.54%,$0.20B,$0.02B,7.54%,$0.20B,$0.02B,12.06%,$0.20B,$0.01B,6.03%,$0.20B,$0.02B,10.05%,$0.02B,$0.14B,14.21%,$0.02B,$0.03B,74.77%,$0.02B,$0.23B,8.48%,$0.02B,$0.18B,8.40%,$52,$32,$20,$1,$14,$47,$5,$-1,$4,$2,$2,$2,$2,$7,$5,$35,36,$0.07,$0.06,$17,$26,$0,$74,$38,$0,$113,$2,$153,$227,$27,$31,$2,$55,$83,$2,$74,$6,$144,$227,$4,$5,$-5,$-0,$-3,$-2,$0,$-2,$-8,$-4,$-3,$0,$0,$0,$0,$0,$-4,$-7,$-2,$0,$-2,$-1,$-1,$0,$0,$-2,$-13,$0,$0
47,2006-10-31,6.21,$4.10,1.51,$5.33,1.17,$0.86,7.19,$0.60,10.35,$0.07B,$0.03B,2.61,$0.03B,$0.14B,0.23,$0.19B,$0.07B,35.57%,$0.19B,$0.01B,7.22%,$0.19B,$0.01B,7.22%,$0.19B,$0.02B,12.37%,$0.19B,$0.01B,5.67%,$0.19B,$0.02B,11.34%,$0.02B,$0.14B,16.06%,$0.02B,$0.03B,95.65%,$0.02B,$0.23B,9.16%,$0.01B,$0.18B,7.70%,$50,$32,$18,$1,$13,$47,$4,$-0,$3,$2,$2,$2,$2,$6,$4,$35,36,$0.06,$0.05,$20,$25,$0,$73,$39,$0,$115,$2,$155,$229,$28,$33,$2,$57,$85,$2,$71,$7,$144,$229,$2,$3,$-5,$-2,$-1,$-1,$0,$-1,$-3,$-4,$-2,$0,$0,$0,$0,$0,$-4,$-5,$-1,$0,$-1,$0,$0,$0,$0,$-1,$-9,$0,$0
