,Date,Stock Price,Book Value per Share,Price to Book Ratio,TTM Sales per Share,Price to Sales Ratio,TTM FCF per Share,Price to FCF Ratio,TTM Net EPS,PE Ratio,Current Assets,Current Liabilities,Current Ratio,Long Term Debt,Shareholder's Equity_x,Debt to Equity Ratio,TTM Revenue_x,TTM Gross Profit,Gross Margin,TTM Revenue_y,TTM Operating Income,Operating Margin,TTM Revenue_x,TTM EBIT,EBIT Margin,TTM Revenue_y,TTM EBITDA,EBITDA Margin,TTM Revenue_x,TTM Pre-Tax Income,Pre-Tax Margin,TTM Revenue_y,TTM Net Income_x,Net Margin,TTM Net Income_y,Shareholder's Equity_y,Return on Equity,TTM Net Income_x,Tangible Equity,Return on Tangible Equity,TTM Net Income_y,Total Assets,Return on Assets,TTM Net Income,LT Investments & Debt,Return on Investment,revenue,cost-goods-sold,gross-profit,research-development-expenses,selling-general-administrative-expenses,operating-expenses,operating-income,total-non-operating-income-expense,pre-tax-income,total-provision-income-taxes,income-after-taxes,income-from-continuous-operations,net-income,ebitda,ebit,basic-shares-outstanding,shares-outstanding,eps-basic-net-earnings-per-share,eps-earnings-per-share-diluted,cash-on-hand,inventory,other-current-assets,total-current-assets,net-property-plant-equipment,long-term-investments,goodwill-intangible-assets-total,other-long-term-assets,total-long-term-assets,total-assets,total-current-liabilities,long-term-debt,other-non-current-liabilities,total-long-term-liabilities,total-liabilities,common-stock-net,retained-earnings-accumulated-deficit,comprehensive-income,total-share-holder-equity,total-liabilities-share-holders-equity,net-income-loss,total-depreciation-amortization-cash-flow,other-non-cash-items,total-non-cash-items,change-in-accounts-receivable,change-in-inventories,change-in-accounts-payable,change-in-assets-liabilities,total-change-in-assets-liabilities,cash-flow-from-operating-activities,net-change-in-property-plant-equipment,net-change-in-intangible-assets,net-acquisitions-divestitures,net-change-in-short-term-investments,net-change-in-long-term-investments,net-change-in-investments-total,investing-activities-other,cash-flow-from-investing-activities,net-long-term-debt,net-current-debt,debt-issuance-retirement-net-total,net-common-equity-issued-repurchased,net-total-equity-issued-repurchased,total-common-preferred-stock-dividends-paid,financial-activities-other,cash-flow-from-financial-activities,net-cash-flow,stock-based-compensation,common-stock-dividends-paid
0,2018-09-30,170.21,$68.54,2.48,$11.66,14.6,$16.89,10.08,$13.26,12.84,$41.52B,$38.15B,1.09,$3.42B,$23.30B,0.15,$3.97B,$3.97B,100.00%,$3.97B,$2.50B,62.82%,$3.97B,$2.50B,62.82%,$3.97B,$2.71B,68.08%,$3.97B,$2.68B,67.53%,$3.97B,$4.52B,113.67%,$4.52B,$23.30B,19.72%,$4.52B,$-3.72B,-108.75%,$4.52B,$70.36B,6.33%,$2.50B,$26.72B,9.70%,$904,$0,$904,$0,$234,$354,$550,$12,$562,$150,$412,$412,$412,$604,$550,$340,341,$1.21,$1.21,$1489,$0,$39639,$41515,$363,$0,$27013,$1474,$28849,$70364,$38154,$3420,$612,$8914,$47068,$3,$5346,$19,$23296,$70364,$1577,$157,$44,$201,$-28,$0,$23,$-3,$153,$1930,$-61,$0,$0,$2,$20,$22,$0,$-39,$1185,$0,$1185,$10,$10,$-1900,$-63,$-768,$1124,$51,$-1900
1,2018-06-30,163.92,$68.11,2.41,$11.63,14.1,$15.04,10.9,$12.96,12.65,$40.30B,$37.18B,1.08,$3.42B,$23.12B,0.15,$3.96B,$3.96B,100.00%,$3.96B,$2.51B,63.48%,$3.96B,$2.51B,63.48%,$3.96B,$2.72B,68.66%,$3.96B,$2.73B,68.89%,$3.96B,$4.41B,111.44%,$4.41B,$23.12B,19.80%,$4.41B,$-3.92B,-92.21%,$4.41B,$69.20B,6.02%,$2.51B,$26.54B,10.13%,$1060,$0,$1060,$0,$248,$393,$667,$90,$757,$191,$566,$566,$566,$718,$667,$339,341,$1.67,$1.66,$1180,$0,$38687,$40301,$380,$0,$27043,$1476,$28899,$69199,$37180,$3419,$614,$8896,$46076,$3,$5173,$19,$23124,$69199,$1165,$103,$-17,$86,$-75,$0,$-4,$5,$97,$1348,$-30,$0,$0,$2,$20,$22,$0,$-8,$1187,$0,$1187,$8,$8,$-1663,$-43,$-510,$830,$34,$-1663
2,2018-03-31,161.08,$67.09,2.4,$11.24,14.34,$13.37,12.05,$12.52,12.87,$41.06B,$39.45B,1.04,$2.23B,$22.77B,0.1,$3.83B,$3.83B,100.00%,$3.83B,$2.45B,64.10%,$3.83B,$2.45B,64.10%,$3.83B,$2.66B,69.52%,$3.83B,$2.61B,68.18%,$3.83B,$4.26B,111.45%,$4.26B,$22.77B,19.64%,$4.26B,$-4.29B,-79.00%,$4.26B,$69.92B,5.64%,$2.45B,$25.01B,10.24%,$1109,$0,$1109,$0,$270,$368,$741,$48,$789,$190,$599,$599,$599,$793,$741,$339,341,$1.76,$1.76,$875,$0,$39736,$41055,$387,$0,$27067,$1410,$28865,$69919,$39445,$2234,$621,$7701,$47147,$3,$4845,$20,$22773,$69919,$599,$52,$17,$69,$-85,$0,$-6,$-16,$158,$825,$-18,$0,$0,$1,$0,$1,$0,$-17,$0,$0,$0,$4,$4,$-1425,$-15,$-1435,$-628,$18,$-1425
3,2017-12-31,144.86,$66.07,2.19,$10.72,13.52,$12.47,11.62,$11.94,12.13,$46.91B,$45.67B,1.03,$2.23B,$22.41B,0.1,$3.65B,$3.65B,100.00%,$3.65B,$2.31B,63.43%,$3.65B,$2.31B,63.43%,$3.65B,$2.52B,69.14%,$3.65B,$2.53B,69.30%,$3.65B,$4.06B,111.50%,$4.06B,$22.41B,19.21%,$4.06B,$-4.68B,-68.02%,$4.06B,$75.79B,5.28%,$2.31B,$24.65B,9.89%,$900,$0,$900,$0,$238,$362,$538,$36,$575,$-2365,$2939,$2939,$2939,$590,$538,$339,340,$8.68,$8.63,$1994,$0,$44553,$46907,$400,$0,$27091,$1394,$28885,$75791,$45673,$2233,$616,$7707,$53379,$3,$4497,$14,$22412,$75791,$4063,$209,$-2415,$-2207,$6,$0,$5,$-31,$-17,$1840,$-82,$0,$4,$3,$255,$258,$0,$180,$0,$0,$0,$37,$37,$-1994,$-29,$-1985,$35,$58,$-1994
4,2017-09-30,130.85,$61.52,2.13,$10.76,12.16,$12.17,10.75,$4.41,29.67,$49.39B,$47.22B,1.05,$2.23B,$20.86B,0.11,$3.66B,$3.66B,100.00%,$3.66B,$2.31B,63.26%,$3.66B,$2.31B,63.26%,$3.66B,$2.53B,69.11%,$3.66B,$2.55B,69.57%,$3.66B,$1.50B,40.95%,$1.50B,$20.86B,7.26%,$1.50B,$-6.25B,-22.99%,$1.50B,$78.32B,1.99%,$2.31B,$23.10B,10.12%,$891,$0,$891,$0,$234,$323,$568,$40,$607,$299,$309,$309,$309,$618,$568,$339,340,$0.91,$0.91,$1719,$0,$47283,$49393,$389,$0,$27114,$1427,$28931,$78323,$47223,$2233,$567,$10236,$57459,$3,$2974,$12,$20864,$78323,$1124,$157,$139,$296,$-24,$0,$10,$-29,$-129,$1291,$-53,$0,$0,$0,$254,$254,$0,$201,$0,$0,$0,$30,$30,$-1770,$-29,$-1769,$-277,$43,$-1770
5,2017-06-30,120.15,$61.35,1.96,$10.63,11.31,$11.98,10.03,$4.89,24.57,$49.50B,$47.67B,1.04,$2.23B,$20.78B,0.11,$3.61B,$3.61B,100.00%,$3.61B,$2.27B,62.93%,$3.61B,$2.27B,62.93%,$3.61B,$2.49B,69.02%,$3.61B,$2.49B,68.91%,$3.61B,$1.66B,46.05%,$1.66B,$20.78B,8.02%,$1.66B,$-6.36B,-25.81%,$1.66B,$78.54B,2.32%,$2.27B,$23.01B,9.89%,$925,$0,$925,$0,$225,$319,$605,$32,$637,$222,$416,$416,$416,$658,$605,$339,340,$1.23,$1.22,$1447,$0,$47634,$49497,$400,$0,$27138,$1509,$29047,$78544,$47670,$2232,$547,$10097,$57767,$3,$2890,$13,$20777,$78544,$816,$106,$28,$135,$-51,$0,$-1,$-17,$-167,$783,$-38,$0,$0,$1,$242,$242,$0,$205,$0,$0,$0,$23,$23,$-1546,$-11,$-1534,$-546,$28,$-1546
6,2017-03-31,113.35,$60.72,1.87,$10.58,10.71,$11.90,9.53,$4.62,24.53,$46.37B,$44.81B,1.04,$2.23B,$20.55B,0.11,$3.59B,$3.59B,100.00%,$3.59B,$2.23B,62.09%,$3.59B,$2.23B,62.09%,$3.59B,$2.45B,68.27%,$3.59B,$2.42B,67.30%,$3.59B,$1.57B,43.62%,$1.57B,$20.55B,7.53%,$1.57B,$-6.61B,-24.51%,$1.57B,$75.48B,2.27%,$2.23B,$22.79B,9.67%,$929,$0,$929,$0,$230,$328,$601,$106,$707,$307,$400,$400,$400,$654,$601,$338,340,$1.18,$1.18,$1375,$0,$44567,$46369,$412,$0,$27162,$1534,$29108,$75476,$44805,$2232,$577,$10117,$54922,$3,$2698,$11,$20554,$75476,$400,$53,$14,$68,$-62,$0,$12,$-67,$52,$519,$-20,$0,$0,$1,$244,$244,$0,$224,$0,$0,$0,$11,$11,$-1323,$-12,$-1324,$-580,$15,$-1323
7,2016-12-31,109.47,$60.14,1.82,$10.61,10.32,$11.93,9.17,$4.53,24.17,$40.03B,$38.95B,1.03,$2.23B,$20.34B,0.11,$3.60B,$3.60B,100.00%,$3.60B,$2.20B,61.25%,$3.60B,$2.20B,61.25%,$3.60B,$2.43B,67.57%,$3.60B,$2.29B,63.64%,$3.60B,$1.53B,42.67%,$1.53B,$20.34B,7.35%,$1.53B,$-6.85B,-24.19%,$1.53B,$69.37B,2.28%,$2.20B,$22.57B,9.53%,$913,$0,$913,$0,$245,$373,$540,$54,$594,$221,$373,$373,$373,$598,$540,$337,339,$1.11,$1.10,$1952,$0,$37715,$40032,$425,$0,$27186,$1727,$29338,$69369,$38946,$2231,$561,$10083,$49029,$3,$2525,$-14,$20341,$69369,$1534,$225,$-40,$185,$-8,$0,$-3,$-26,$24,$1743,$-92,$0,$9,$42,$95,$137,$0,$54,$130,$0,$130,$52,$52,$-1787,$-15,$-1621,$176,$66,$-1787
8,2016-09-30,96.03,$62.92,1.53,$10.33,9.3,$11.26,8.53,$4.29,22.38,$33.78B,$31.89B,1.06,$2.23B,$21.27B,0.11,$3.50B,$3.50B,100.00%,$3.50B,$2.13B,60.98%,$3.50B,$2.13B,60.98%,$3.50B,$2.36B,67.42%,$3.50B,$2.16B,61.87%,$3.50B,$1.45B,41.56%,$1.45B,$21.27B,6.94%,$1.45B,$-5.95B,-23.02%,$1.45B,$63.25B,2.18%,$2.13B,$23.50B,9.20%,$842,$0,$842,$0,$220,$316,$525,$24,$549,$76,$473,$473,$473,$581,$525,$338,339,$1.40,$1.39,$1504,$0,$31877,$33776,$427,$0,$27210,$1838,$29475,$63251,$31886,$2231,$552,$10100,$41986,$3,$3459,$23,$21265,$63251,$1161,$168,$-46,$122,$-19,$0,$6,$-59,$-50,$1232,$-63,$0,$9,$-5,$-5,$-10,$0,$-64,$130,$0,$130,$30,$30,$-1584,$-16,$-1441,$-272,$42,$-1584
9,2016-06-30,88.99,$62.45,1.42,$10.36,8.59,$10.92,8.15,$3.96,22.47,$38.03B,$36.42B,1.04,$2.23B,$21.07B,0.11,$3.50B,$3.50B,100.00%,$3.50B,$2.12B,60.59%,$3.50B,$2.12B,60.59%,$3.50B,$2.35B,67.07%,$3.50B,$2.13B,60.79%,$3.50B,$1.34B,38.24%,$1.34B,$21.07B,6.39%,$1.34B,$-6.16B,-21.24%,$1.34B,$67.63B,1.88%,$2.12B,$23.30B,9.15%,$906,$0,$906,$0,$228,$343,$563,$3,$566,$246,$320,$320,$320,$618,$563,$337,339,$0.95,$0.95,$1241,$0,$36359,$38027,$438,$0,$27234,$1926,$29598,$67626,$36420,$2230,$549,$10132,$46552,$3,$3189,$113,$21074,$67626,$688,$112,$76,$188,$-71,$0,$7,$-45,$-122,$754,$-40,$0,$0,$-4,$-4,$-8,$0,$-47,$130,$0,$130,$20,$20,$-1382,$-6,$-1238,$-532,$30,$-1382
10,2016-03-31,87.21,$61.80,1.41,$10.11,8.63,$10.64,8.2,$3.79,23.01,$39.25B,$37.85B,1.04,$2.23B,$20.84B,0.11,$3.42B,$3.42B,100.00%,$3.42B,$2.06B,60.12%,$3.42B,$2.06B,60.12%,$3.42B,$2.29B,66.85%,$3.42B,$2.01B,58.86%,$3.42B,$1.29B,37.60%,$1.29B,$20.84B,6.12%,$1.29B,$-6.42B,-20.44%,$1.29B,$68.77B,1.77%,$2.06B,$23.07B,8.84%,$934,$0,$934,$0,$227,$360,$574,$5,$579,$211,$368,$368,$368,$632,$574,$337,339,$1.09,$1.09,$1225,$0,$37639,$39253,$450,$0,$27258,$1807,$29515,$68768,$37848,$2230,$518,$10079,$47927,$3,$3072,$28,$20841,$68768,$368,$58,$47,$105,$-33,$0,$4,$-91,$57,$530,$-20,$0,$0,$-4,$-3,$-7,$0,$-27,$130,$0,$130,$6,$6,$-1179,$-6,$-1049,$-547,$16,$-1179
11,2015-12-31,81.73,$61.00,1.34,$9.85,8.3,$10.28,7.95,$3.68,22.21,$37.91B,$36.83B,1.03,$2.23B,$20.55B,0.11,$3.33B,$3.33B,100.00%,$3.33B,$1.99B,59.75%,$3.33B,$1.99B,59.75%,$3.33B,$2.22B,66.64%,$3.33B,$1.96B,58.82%,$3.33B,$1.25B,37.48%,$1.25B,$20.55B,5.92%,$1.25B,$-6.73B,-19.96%,$1.25B,$67.36B,1.67%,$1.99B,$22.78B,8.47%,$814,$0,$814,$0,$222,$344,$470,$-1,$469,$177,$292,$292,$292,$526,$470,$336,338,$0.87,$0.87,$1765,$0,$35782,$37905,$492,$0,$27282,$1681,$29455,$67359,$36825,$2229,$396,$9983,$46808,$3,$2908,$-81,$20552,$67359,$1247,$229,$189,$418,$-17,$0,$-8,$-30,$-138,$1533,$-114,$0,$0,$38,$87,$125,$7,$18,$0,$71,$71,$64,$64,$-1343,$-15,$-1224,$327,$61,$-1343
12,2015-09-30,80.67,$63.48,1.27,$9.94,8.11,$9.53,8.46,$3.73,21.63,$51.46B,$49.60B,1.04,$2.24B,$21.38B,0.11,$3.35B,$3.35B,100.00%,$3.35B,$1.99B,59.33%,$3.35B,$1.99B,59.33%,$3.35B,$2.22B,66.16%,$3.35B,$1.96B,58.50%,$3.35B,$1.26B,37.63%,$1.26B,$21.38B,5.96%,$1.26B,$-5.93B,-20.42%,$1.26B,$80.95B,1.66%,$1.99B,$23.62B,8.46%,$850,$0,$850,$0,$226,$334,$516,$0,$516,$157,$360,$360,$360,$574,$516,$336,338,$1.07,$1.06,$1507,$0,$49588,$51459,$496,$0,$27307,$1688,$29491,$80950,$49599,$2241,$391,$9974,$59573,$3,$3772,$-95,$21377,$80950,$955,$172,$138,$311,$-22,$0,$1,$-34,$-125,$1141,$-90,$0,$0,$29,$33,$62,$7,$-21,$71,$0,$71,$52,$52,$-1175,$1,$-1052,$68,$45,$-1175
13,2015-06-30,80.52,$63.24,1.27,$9.70,8.3,$8.48,9.49,$3.53,22.81,$44.06B,$42.43B,1.04,$2.24B,$21.26B,0.11,$3.27B,$3.27B,100.00%,$3.27B,$1.90B,58.30%,$3.27B,$1.90B,58.30%,$3.27B,$2.13B,65.31%,$3.27B,$1.88B,57.41%,$3.27B,$1.19B,36.50%,$1.19B,$21.26B,5.62%,$1.19B,$-6.07B,-19.33%,$1.19B,$73.66B,1.66%,$1.90B,$23.50B,8.09%,$820,$0,$820,$0,$221,$325,$495,$-47,$448,$183,$265,$265,$265,$553,$495,$336,338,$0.79,$0.78,$1227,$0,$42428,$44055,$499,$0,$27332,$1777,$29608,$73663,$42433,$2241,$391,$9972,$52404,$3,$3576,$5,$21259,$73663,$595,$115,$126,$241,$-58,$0,$-15,$-30,$-158,$678,$-61,$0,$0,$-0,$53,$53,$7,$-1,$71,$0,$71,$42,$42,$-1007,$2,$-892,$-215,$34,$-1007
14,2015-03-31,81.52,$62.80,1.3,$9.45,8.63,$8.10,10.06,$3.54,23.03,$47.49B,$45.50B,1.04,$2.85B,$21.10B,0.14,$3.18B,$3.18B,100.00%,$3.18B,$1.82B,57.30%,$3.18B,$1.82B,57.30%,$3.18B,$2.05B,64.57%,$3.18B,$1.85B,58.18%,$3.18B,$1.19B,37.48%,$1.19B,$21.10B,5.60%,$1.19B,$-6.26B,-19.40%,$1.19B,$77.13B,1.80%,$1.82B,$23.95B,7.73%,$843,$0,$843,$0,$224,$335,$507,$17,$524,$193,$330,$330,$330,$564,$507,$336,337,$0.98,$0.98,$1774,$0,$45329,$47486,$503,$0,$27357,$1782,$29642,$77128,$45495,$2852,$386,$10538,$56033,$3,$3479,$-26,$21096,$77128,$330,$57,$19,$75,$-42,$0,$-3,$-91,$13,$419,$-31,$0,$0,$0,$0,$0,$7,$-24,$744,$0,$744,$29,$29,$-839,$1,$-66,$329,$15,$-839
15,2014-12-31,75.91,$62.37,1.22,$9.27,8.19,$8.01,9.48,$3.35,22.66,$42.55B,$41.53B,1.02,$2.11B,$20.92B,0.1,$3.11B,$3.11B,100.00%,$3.11B,$1.77B,56.84%,$3.11B,$1.77B,56.84%,$3.11B,$2.00B,64.33%,$3.11B,$1.77B,56.91%,$3.11B,$1.13B,36.25%,$1.13B,$20.92B,5.29%,$1.13B,$-6.46B,-18.46%,$1.13B,$72.24B,1.87%,$1.77B,$23.03B,7.55%,$841,$0,$841,$0,$232,$370,$472,$2,$474,$167,$307,$307,$307,$528,$472,$334,336,$0.91,$0.91,$1441,$0,$40763,$42545,$509,$0,$27382,$1806,$29696,$72242,$41531,$2108,$376,$9787,$51318,$3,$3317,$6,$20924,$72242,$1127,$233,$125,$358,$-39,$0,$1,$-50,$-194,$1291,$-133,$0,$0,$-1,$-66,$-66,$0,$-199,$0,$-750,$-750,$53,$53,$-1497,$-2,$-2196,$-1104,$55,$-1497
16,2014-09-30,66.63,$64.29,1.04,$8.82,7.56,$8.59,7.76,$3.02,22.06,$34.17B,$32.63B,1.05,$2.11B,$21.54B,0.1,$2.96B,$2.96B,100.00%,$2.96B,$1.62B,54.77%,$2.96B,$1.62B,54.77%,$2.96B,$1.86B,62.78%,$2.96B,$1.60B,54.23%,$2.96B,$1.01B,34.28%,$1.01B,$21.54B,4.75%,$1.01B,$-5.87B,-16.68%,$1.01B,$63.97B,1.82%,$1.62B,$23.65B,6.90%,$762,$0,$762,$0,$211,$332,$430,$-1,$429,$139,$290,$290,$290,$488,$430,$334,336,$0.87,$0.86,$1161,$0,$32661,$34166,$499,$0,$27407,$1899,$29804,$63970,$32628,$2108,$389,$9805,$42433,$3,$3842,$131,$21537,$63970,$820,$177,$65,$242,$-42,$0,$-1,$-89,$-273,$789,$-96,$0,$0,$-1,$-11,$-11,$0,$-108,$-750,$0,$-750,$27,$27,$-1339,$-1,$-2063,$-1382,$41,$-1339
17,2014-06-30,58.76,$64.22,0.92,$8.68,6.77,$8.93,6.58,$2.87,20.47,$21.73B,$20.38B,1.07,$2.11B,$21.47B,0.1,$2.91B,$2.91B,100.00%,$2.91B,$1.59B,54.65%,$2.91B,$1.59B,54.65%,$2.91B,$1.83B,62.86%,$2.91B,$1.57B,54.07%,$2.91B,$0.96B,33.01%,$0.96B,$21.47B,4.47%,$0.96B,$-5.97B,-16.02%,$0.96B,$51.61B,1.85%,$1.59B,$23.57B,6.75%,$732,$0,$732,$0,$226,$320,$412,$10,$422,$158,$264,$264,$264,$472,$412,$334,336,$0.79,$0.79,$1110,$0,$20286,$21731,$503,$0,$27435,$1942,$29880,$51611,$20377,$2108,$390,$9769,$30146,$3,$3710,$207,$21465,$51611,$530,$119,$25,$144,$-32,$0,$-4,$-56,$-119,$555,$-70,$0,$0,$-1,$0,$-1,$0,$-70,$-750,$0,$-750,$12,$12,$-1182,$4,$-1917,$-1432,$26,$-1182
18,2014-03-31,60.9,$63.80,0.95,$8.95,6.8,$9.62,6.33,$3.01,20.23,$23.31B,$22.03B,1.06,$2.11B,$21.31B,0.1,$3.00B,$3.00B,100.00%,$3.00B,$1.69B,56.33%,$3.00B,$1.69B,56.33%,$3.00B,$1.93B,64.27%,$3.00B,$1.66B,55.43%,$3.00B,$1.01B,33.66%,$1.01B,$21.31B,4.67%,$1.01B,$-6.15B,-17.01%,$1.01B,$53.17B,1.98%,$1.69B,$23.42B,7.18%,$777,$0,$777,$0,$216,$323,$455,$-8,$446,$180,$267,$267,$267,$514,$455,$334,336,$0.80,$0.79,$1126,$0,$21839,$23310,$508,$0,$27460,$1889,$29857,$53167,$22030,$2107,$444,$9827,$31857,$3,$3604,$176,$21310,$53167,$267,$59,$28,$87,$-42,$0,$7,$-70,$28,$383,$-29,$0,$0,$-1,$0,$-1,$0,$-29,$-750,$0,$-750,$5,$5,$-1025,$1,$-1770,$-1416,$13,$-1025
19,2013-12-31,64.16,$63.38,1.01,$8.79,7.3,$9.69,6.62,$2.93,21.9,$24.41B,$23.31B,1.05,$2.11B,$21.16B,0.1,$2.94B,$2.94B,100.00%,$2.94B,$1.64B,55.77%,$2.94B,$1.64B,55.77%,$2.94B,$1.88B,63.84%,$2.94B,$1.60B,54.55%,$2.94B,$0.98B,33.27%,$0.98B,$21.16B,4.52%,$0.98B,$-6.33B,-16.58%,$0.98B,$54.28B,2.03%,$1.64B,$23.27B,7.01%,$687,$0,$687,$0,$218,$364,$323,$-16,$307,$114,$193,$193,$193,$383,$323,$333,334,$0.58,$0.57,$2538,$0,$21565,$24406,$513,$0,$27486,$1873,$29872,$54278,$23311,$2107,$449,$9806,$33117,$3,$3495,$152,$21161,$54278,$978,$238,$74,$312,$-36,$0,$-6,$41,$-9,$1281,$67,$0,$0,$-0,$-4,$-4,$128,$191,$0,$-1,$-1,$74,$74,$-599,$-79,$-606,$865,$54,$-599
20,2013-09-30,58.18,$65.91,0.88,$8.72,6.67,$9.35,6.22,$2.85,20.41,$19.05B,$17.21B,1.11,$2.11B,$21.98B,0.1,$2.91B,$2.91B,100.00%,$2.91B,$1.69B,58.09%,$2.91B,$1.69B,58.09%,$2.91B,$1.93B,66.20%,$2.91B,$1.65B,56.65%,$2.91B,$0.95B,32.67%,$0.95B,$21.98B,4.38%,$0.95B,$-5.54B,-16.24%,$0.95B,$48.98B,2.15%,$1.69B,$24.09B,7.22%,$715,$0,$715,$0,$218,$314,$401,$-2,$399,$163,$236,$236,$237,$461,$401,$333,335,$0.71,$0.71,$2130,$0,$16606,$19048,$714,$0,$27521,$1697,$29932,$48980,$17213,$2107,$375,$9789,$27002,$3,$4327,$177,$21978,$48980,$785,$178,$77,$255,$-45,$0,$-1,$-17,$-149,$899,$-95,$0,$0,$-0,$0,$-0,$128,$33,$-1,$0,$-1,$54,$54,$-450,$-74,$-471,$460,$40,$-450
21,2013-06-30,59.44,$65.71,0.9,$8.64,6.88,$9.79,6.07,$2.80,21.23,$16.93B,$16.19B,1.05,$1.36B,$21.86B,0.06,$2.88B,$2.88B,100.00%,$2.88B,$1.69B,58.56%,$2.88B,$1.69B,58.56%,$2.88B,$1.92B,66.79%,$2.88B,$1.65B,57.17%,$2.88B,$0.93B,32.37%,$0.93B,$21.86B,4.31%,$0.93B,$-5.69B,-15.78%,$0.93B,$46.88B,2.22%,$1.69B,$23.21B,7.21%,$816,$0,$816,$0,$206,$308,$508,$-0,$508,$196,$311,$311,$311,$567,$508,$332,334,$0.94,$0.93,$2029,$0,$14536,$16925,$713,$0,$27546,$1699,$29958,$46883,$16193,$1358,$229,$8835,$25028,$3,$4239,$153,$21855,$46883,$549,$118,$12,$130,$-92,$0,$-5,$152,$91,$769,$-56,$0,$0,$-1,$0,$-1,$0,$-57,$0,$0,$0,$28,$28,$-300,$-77,$-349,$363,$26,$-300
22,2013-03-31,47.75,$64.90,0.74,$8.60,5.56,$9.90,4.82,$2.61,18.3,$12.30B,$11.79B,1.04,$1.36B,$21.56B,0.06,$2.86B,$2.86B,100.00%,$2.86B,$1.65B,57.61%,$2.86B,$1.65B,57.61%,$2.86B,$1.89B,66.11%,$2.86B,$1.65B,57.68%,$2.86B,$0.87B,30.29%,$0.87B,$21.56B,4.01%,$0.87B,$-6.02B,-14.57%,$0.87B,$42.42B,2.18%,$1.65B,$22.91B,7.01%,$719,$0,$719,$0,$194,$313,$406,$-18,$388,$150,$237,$237,$236,$464,$406,$332,333,$0.71,$0.71,$1904,$0,$10085,$12298,$710,$0,$27572,$1842,$30124,$42422,$11787,$1358,$227,$9079,$20866,$3,$4079,$230,$21556,$42422,$237,$59,$6,$64,$-42,$0,$-10,$-4,$92,$396,$-20,$0,$0,$-1,$0,$-1,$0,$-21,$0,$0,$0,$13,$13,$-149,$0,$-136,$239,$12,$-149
23,2012-12-31,39.12,$64.56,0.61,$8.77,4.46,$9.89,3.96,$5.92,6.61,$8.72B,$7.62B,1.15,$2.11B,$21.43B,0.1,$2.92B,$2.92B,100.00%,$2.92B,$1.69B,58.04%,$2.92B,$1.69B,58.04%,$2.92B,$1.95B,66.72%,$2.92B,$1.69B,58.11%,$2.92B,$0.90B,30.77%,$0.90B,$21.43B,4.16%,$0.90B,$-6.17B,-14.64%,$0.90B,$38.86B,2.30%,$1.69B,$23.53B,7.14%,$661,$0,$661,$0,$183,$285,$376,$-22,$354,$185,$168,$168,$167,$435,$376,$331,332,$0.50,$0.50,$1661,$0,$6789,$8718,$724,$0,$27596,$1825,$30145,$38863,$7617,$2107,$221,$9821,$17438,$3,$3993,$209,$21425,$38863,$907,$253,$69,$322,$-0,$0,$11,$-92,$-9,$1220,$7,$0,$-163,$-3,$-25,$-28,$-24,$-209,$0,$748,$748,$22,$22,$-1224,$6,$-448,$562,$61,$-1224
24,2012-09-30,42.78,$65.45,0.65,$8.99,4.76,$9.72,4.4,$7.67,5.58,$10.02B,$8.39B,1.19,$2.11B,$21.71B,0.1,$2.99B,$2.99B,100.00%,$2.99B,$1.71B,57.04%,$2.99B,$1.71B,57.04%,$2.99B,$1.96B,65.63%,$2.99B,$1.71B,57.17%,$2.99B,$1.48B,49.35%,$1.48B,$21.71B,6.83%,$1.48B,$-5.75B,-23.50%,$1.48B,$39.86B,3.74%,$1.71B,$23.82B,7.19%,$683,$0,$683,$0,$185,$287,$396,$-0,$396,$177,$219,$219,$218,$457,$396,$331,332,$0.66,$0.66,$2079,$0,$7641,$10017,$705,$0,$27458,$1678,$29841,$39858,$8390,$2106,$254,$9760,$18149,$3,$4409,$120,$21709,$39858,$739,$193,$42,$235,$-32,$0,$14,$-85,$-80,$897,$48,$0,$0,$-8,$-65,$-73,$-24,$-50,$0,$748,$748,$19,$19,$-644,$4,$127,$975,$49,$-644
25,2012-06-30,39.73,$65.27,0.61,$9.56,4.16,$9.49,4.19,$7.96,4.99,$8.24B,$6.66B,1.24,$2.11B,$21.62B,0.1,$3.18B,$3.18B,100.00%,$3.18B,$1.88B,59.15%,$3.18B,$1.88B,59.15%,$3.18B,$2.14B,67.38%,$3.18B,$1.86B,58.45%,$3.18B,$1.57B,49.47%,$1.57B,$21.62B,7.36%,$1.57B,$-5.83B,-23.43%,$1.57B,$37.95B,4.01%,$1.88B,$23.73B,8.01%,$796,$0,$796,$0,$218,$327,$469,$42,$511,$257,$253,$253,$245,$534,$469,$331,332,$0.74,$0.74,$1336,$0,$6568,$8241,$704,$0,$27450,$1552,$29705,$37946,$6660,$2108,$218,$9666,$16326,$3,$4340,$114,$21620,$37946,$520,$133,$17,$149,$-74,$0,$9,$6,$-12,$658,$88,$0,$0,$9,$-25,$-16,$0,$72,$0,$0,$0,$12,$12,$-494,$4,$-479,$251,$35,$-494
26,2012-03-31,42.52,$65.11,0.65,$9.67,4.4,$8.70,4.89,$8.09,5.25,$9.36B,$8.11B,1.15,$2.11B,$21.55B,0.1,$3.22B,$3.22B,100.00%,$3.22B,$1.95B,60.42%,$3.22B,$1.95B,60.42%,$3.22B,$2.21B,68.55%,$3.22B,$1.86B,57.63%,$3.22B,$1.62B,50.34%,$1.62B,$21.55B,7.65%,$1.62B,$-6.76B,-22.74%,$1.62B,$39.29B,4.20%,$1.95B,$23.66B,8.35%,$775,$0,$775,$0,$211,$323,$451,$-18,$433,$167,$266,$266,$267,$519,$451,$331,332,$0.81,$0.80,$1107,$0,$7888,$9355,$817,$0,$28306,$813,$29935,$39289,$8110,$2107,$196,$9630,$17740,$1,$4244,$165,$21549,$39289,$266,$68,$-4,$64,$-70,$0,$-2,$-37,$66,$396,$-27,$0,$0,$9,$-23,$-14,$0,$-40,$0,$0,$0,$8,$8,$-347,$3,$-336,$19,$14,$-347
27,2011-12-31,35.14,$65.18,0.54,$9.81,3.58,$8.54,4.11,$5.44,6.46,$10.95B,$9.62B,1.14,$2.11B,$21.55B,0.1,$3.28B,$3.28B,100.00%,$3.28B,$2.02B,61.60%,$3.28B,$2.02B,61.60%,$3.28B,$2.28B,69.52%,$3.28B,$1.94B,59.04%,$3.28B,$1.81B,55.26%,$1.81B,$21.55B,8.62%,$1.81B,$-6.79B,-24.62%,$1.81B,$40.76B,4.84%,$2.02B,$23.66B,8.74%,$737,$0,$737,$0,$196,$346,$390,$-21,$370,$-377,$747,$747,$746,$453,$390,$333,334,$2.25,$2.24,$1090,$0,$9567,$10946,$822,$0,$28337,$654,$29813,$40759,$9615,$2107,$188,$9591,$19207,$3,$4325,$112,$21552,$40759,$1814,$261,$-591,$-331,$-13,$0,$-21,$-85,$-137,$1346,$-172,$0,$0,$1,$0,$1,$18,$-154,$0,$-421,$-421,$-215,$-215,$-373,$2,$-1006,$187,$51,$-373
28,2011-09-30,35.33,$63.11,0.56,$9.90,3.57,$8.63,4.09,$3.77,9.37,$9.09B,$7.92B,1.15,$2.11B,$20.86B,0.1,$3.31B,$3.31B,100.00%,$3.31B,$2.09B,63.17%,$3.31B,$2.09B,63.17%,$3.31B,$2.37B,71.73%,$3.31B,$1.99B,60.30%,$3.31B,$1.26B,38.19%,$1.26B,$20.86B,6.12%,$1.26B,$-7.51B,-16.25%,$1.26B,$38.89B,3.50%,$2.09B,$22.97B,9.18%,$874,$0,$874,$0,$196,$302,$572,$-26,$546,$231,$315,$315,$316,$638,$572,$332,333,$0.95,$0.95,$876,$0,$7846,$9091,$814,$0,$28371,$612,$29796,$38888,$7922,$2106,$190,$10101,$18023,$1,$3672,$92,$20864,$38888,$1068,$198,$-100,$98,$-73,$0,$-11,$-67,$-167,$1000,$-129,$0,$0,$1,$0,$1,$18,$-111,$0,$-421,$-421,$-215,$-215,$-281,$2,$-915,$-26,$38,$-281
29,2011-06-30,41.59,$62.71,0.66,$9.48,4.39,$8.61,4.83,$3.56,11.7,$5.56B,$4.52B,1.23,$2.11B,$20.90B,0.1,$3.17B,$3.17B,100.00%,$3.17B,$1.96B,61.91%,$3.17B,$1.96B,61.91%,$3.17B,$2.24B,70.88%,$3.17B,$1.86B,58.88%,$3.17B,$1.19B,37.62%,$1.19B,$20.90B,5.83%,$1.19B,$-7.50B,-14.82%,$1.19B,$35.59B,3.43%,$1.96B,$23.01B,8.70%,$838,$0,$838,$0,$191,$304,$535,$-25,$509,$214,$296,$296,$294,$600,$535,$334,335,$0.88,$0.88,$749,$0,$4421,$5555,$813,$0,$28405,$816,$30034,$35589,$4523,$2106,$201,$10164,$14687,$1,$3449,$208,$20903,$35589,$753,$132,$-135,$-3,$-88,$0,$-12,$-66,$-174,$576,$-88,$0,$0,$1,$0,$1,$18,$-70,$0,$-421,$-421,$-61,$-61,$-188,$1,$-668,$-162,$25,$-188
30,2011-03-31,42.79,$62.18,0.69,$9.45,4.53,$8.97,4.77,$3.50,12.22,$4.59B,$3.74B,1.23,$2.11B,$20.79B,0.1,$3.14B,$3.14B,100.00%,$3.14B,$1.94B,61.74%,$3.14B,$1.94B,61.74%,$3.14B,$2.23B,70.85%,$3.14B,$1.84B,58.40%,$3.14B,$1.17B,37.17%,$1.17B,$20.79B,5.83%,$1.17B,$-7.66B,-13.84%,$1.17B,$34.71B,3.39%,$1.94B,$22.89B,8.72%,$832,$0,$832,$0,$198,$308,$524,$-13,$512,$55,$457,$457,$457,$590,$524,$334,335,$1.37,$1.36,$719,$0,$3474,$4588,$797,$0,$28446,$878,$30121,$34709,$3744,$2105,$192,$10177,$13922,$1,$3249,$245,$20788,$34709,$457,$66,$-139,$-73,$-96,$0,$6,$-89,$-22,$362,$-41,$0,$0,$0,$0,$0,$-1,$-42,$0,$-421,$-421,$3,$3,$-94,$-0,$-511,$-191,$12,$-94
31,2010-12-31,45.45,$60.02,0.76,$9.05,5.02,$9.00,5.05,$2.86,15.87,$5.39B,$4.78B,1.13,$2.11B,$20.06B,0.11,$3.00B,$3.00B,100.00%,$3.00B,$1.83B,60.97%,$3.00B,$1.83B,60.97%,$3.00B,$2.12B,70.43%,$3.00B,$1.72B,57.34%,$3.00B,$0.95B,31.67%,$0.95B,$20.06B,4.84%,$0.95B,$-8.42B,-10.73%,$0.95B,$35.05B,2.75%,$1.83B,$22.17B,8.31%,$763,$0,$763,$0,$198,$305,$458,$-31,$427,$231,$196,$196,$196,$544,$458,$331,332,$0.58,$0.58,$905,$0,$4185,$5388,$787,$0,$28477,$394,$29659,$35046,$4781,$2105,$192,$10205,$14986,$1,$2886,$-104,$20060,$35046,$952,$283,$80,$364,$-29,$0,$6,$52,$42,$1360,$-160,$40,$-20,$2,$30,$32,$-3,$-112,$-100,$308,$208,$44,$44,$-305,$-601,$-653,$595,$41,$-305
32,2010-09-30,36.66,$59.59,0.62,$8.77,4.18,$8.18,4.48,$2.89,12.7,$4.05B,$3.67B,1.1,$2.10B,$19.90B,0.11,$2.91B,$2.91B,100.00%,$2.91B,$1.78B,61.07%,$2.91B,$1.78B,61.07%,$2.91B,$2.04B,70.08%,$2.91B,$1.65B,56.77%,$2.91B,$0.96B,32.94%,$0.96B,$19.90B,4.93%,$0.96B,$-8.57B,-10.79%,$0.96B,$33.69B,2.76%,$1.78B,$22.01B,8.14%,$733,$0,$733,$0,$179,$291,$443,$-27,$416,$171,$244,$244,$244,$510,$443,$333,334,$0.73,$0.73,$613,$0,$3103,$4049,$741,$0,$28470,$427,$29637,$33687,$3666,$2104,$177,$10120,$13786,$1,$2767,$-125,$19901,$33687,$756,$197,$24,$221,$-64,$0,$-2,$56,$-15,$963,$-98,$40,$5,$1,$-17,$-16,$0,$-69,$-100,$308,$208,$38,$38,$-228,$-605,$-587,$308,$28,$-228
33,2010-06-30,39.45,$59.11,0.67,$8.52,4.63,$7.45,5.29,$2.76,14.28,$4.60B,$4.33B,1.06,$2.52B,$19.38B,0.13,$2.83B,$2.83B,100.00%,$2.83B,$1.73B,61.38%,$2.83B,$1.73B,61.38%,$2.83B,$1.99B,70.58%,$2.83B,$1.59B,56.32%,$2.83B,$0.92B,32.42%,$0.92B,$19.38B,4.76%,$0.92B,$-9.12B,-10.28%,$0.92B,$34.26B,2.59%,$1.73B,$21.91B,8.01%,$814,$0,$814,$0,$173,$299,$515,$-35,$480,$209,$271,$271,$271,$582,$515,$328,329,$0.83,$0.82,$409,$0,$3863,$4602,$730,$0,$28503,$425,$29657,$34259,$4334,$2524,$173,$10541,$14875,$1,$2599,$-137,$19384,$34259,$511,$131,$25,$155,$-65,$0,$-8,$42,$-16,$649,$-54,$40,$5,$1,$0,$1,$0,$-8,$-100,$608,$508,$-291,$-291,$-152,$-604,$-538,$103,$19,$-152
34,2010-03-31,44.13,$58.50,0.75,$7.99,5.52,$6.73,6.56,$2.61,16.93,$5.48B,$5.16B,1.06,$2.82B,$19.19B,0.15,$2.66B,$2.66B,100.00%,$2.66B,$1.62B,60.85%,$2.66B,$1.62B,60.85%,$2.66B,$1.87B,70.44%,$2.66B,$1.49B,55.89%,$2.66B,$0.87B,32.61%,$0.87B,$19.19B,4.53%,$0.87B,$-9.36B,-9.81%,$0.87B,$35.20B,2.38%,$1.62B,$22.01B,7.49%,$693,$0,$693,$0,$173,$279,$415,$-16,$399,$159,$240,$240,$240,$479,$415,$331,332,$0.73,$0.72,$491,$0,$4676,$5483,$735,$0,$28552,$433,$29719,$35202,$5164,$2824,$170,$10849,$16013,$1,$2404,$-134,$19190,$35202,$240,$64,$4,$68,$-48,$0,$-10,$-39,$49,$356,$-26,$0,$6,$0,$0,$0,$0,$-20,$200,$608,$808,$-280,$-280,$-76,$-605,$-152,$184,$9,$-76
35,2009-12-31,46.72,$58.04,0.81,$7.85,5.95,$6.39,7.31,$2.48,18.83,$6.70B,$6.52B,1.03,$2.02B,$19.30B,0.1,$2.61B,$2.61B,100.00%,$2.61B,$1.59B,60.81%,$2.61B,$1.59B,60.81%,$2.61B,$1.85B,70.95%,$2.61B,$1.44B,55.03%,$2.61B,$0.83B,31.61%,$0.83B,$19.30B,4.34%,$0.83B,$-8.48B,-9.43%,$0.83B,$35.65B,2.19%,$1.59B,$21.32B,7.39%,$668,$0,$668,$0,$156,$265,$403,$-46,$356,$154,$203,$203,$203,$467,$403,$332,333,$0.61,$0.61,$303,$0,$6148,$6699,$739,$0,$27778,$436,$28952,$35651,$6524,$2015,$166,$9826,$16350,$1,$2240,$-126,$19301,$35651,$826,$264,$25,$289,$-14,$0,$-24,$-7,$-32,$1083,$-158,$0,$0,$280,$423,$703,$0,$545,$-1394,$494,$-900,$-7,$-7,$-306,$-453,$-1665,$-37,$33,$-306
36,2009-09-30,42.71,$57.62,0.74,$8.19,5.21,$7.00,6.11,$2.06,20.73,$7.51B,$7.32B,1.03,$2.24B,$19.13B,0.12,$2.64B,$2.64B,100.00%,$2.64B,$1.60B,60.83%,$2.64B,$1.60B,60.83%,$2.64B,$1.88B,71.33%,$2.64B,$1.19B,45.24%,$2.64B,$0.69B,25.98%,$0.69B,$19.13B,3.62%,$0.69B,$-8.68B,-7.67%,$0.69B,$36.52B,1.68%,$1.60B,$21.37B,7.43%,$650,$0,$650,$0,$149,$249,$401,$-46,$356,$154,$202,$202,$202,$466,$401,$332,334,$0.61,$0.61,$298,$0,$6944,$7506,$727,$0,$27808,$478,$29013,$36520,$7318,$2239,$162,$10071,$17389,$1,$2114,$-129,$19130,$36520,$623,$200,$22,$221,$-30,$0,$-35,$-43,$-106,$738,$-113,$0,$0,$229,$423,$652,$0,$539,$-1169,$494,$-675,$-10,$-10,$-229,$-457,$-1371,$-94,$24,$-229
37,2009-06-30,42.93,$57.20,0.75,$8.51,5.05,$7.60,5.65,$2.01,21.32,$9.51B,$9.01B,1.06,$2.74B,$18.98B,0.14,$2.67B,$2.67B,100.00%,$2.67B,$1.62B,60.87%,$2.67B,$1.62B,60.87%,$2.67B,$1.92B,71.81%,$2.67B,$1.23B,46.21%,$2.67B,$0.65B,24.44%,$0.65B,$18.98B,3.45%,$0.65B,$-8.83B,-7.21%,$0.65B,$38.53B,1.57%,$1.62B,$21.72B,7.51%,$648,$0,$648,$0,$155,$249,$399,$-24,$375,$153,$222,$222,$222,$461,$399,$332,333,$0.67,$0.67,$554,$0,$8676,$9512,$725,$0,$27814,$480,$29019,$38531,$9007,$2739,$142,$10543,$19550,$1,$1988,$-144,$18981,$38531,$421,$135,$7,$142,$-48,$0,$-33,$-44,$-123,$438,$-79,$0,$0,$214,$423,$637,$0,$558,$-969,$744,$-225,$-13,$-13,$-153,$-455,$-846,$151,$17,$-153
38,2009-03-31,33.88,$56.71,0.6,$8.62,3.93,$8.08,4.19,$2.08,16.27,$10.90B,$10.48B,1.04,$2.85B,$18.80B,0.15,$2.58B,$2.58B,100.00%,$2.58B,$1.57B,60.74%,$2.58B,$1.57B,60.74%,$2.58B,$1.85B,71.70%,$2.58B,$1.19B,46.15%,$2.58B,$0.63B,24.43%,$0.63B,$18.80B,3.61%,$0.63B,$-9.04B,-8.73%,$0.63B,$39.92B,1.73%,$1.57B,$21.65B,8.04%,$647,$0,$647,$0,$158,$261,$386,$-36,$351,$151,$199,$199,$199,$460,$386,$332,332,$0.60,$0.60,$588,$0,$10034,$10901,$711,$0,$27834,$469,$29015,$39916,$10475,$2848,$133,$10642,$21116,$1,$1843,$-157,$18799,$39916,$199,$73,$0,$73,$-45,$0,$-25,$-36,$-16,$255,$-35,$0,$0,$64,$272,$336,$0,$301,$-859,$745,$-114,$-25,$-25,$-76,$-299,$-514,$41,$9,$-76
39,2008-12-31,28.44,$56.27,0.51,$8.98,3.17,$8.69,3.27,$2.53,11.23,$19.11B,$18.64B,1.03,$2.97B,$18.69B,0.16,$2.56B,$2.56B,100.00%,$2.56B,$1.58B,61.81%,$2.56B,$1.58B,61.81%,$2.56B,$1.84B,71.93%,$2.56B,$1.25B,48.73%,$2.56B,$0.72B,27.96%,$0.72B,$18.69B,4.46%,$0.72B,$-9.18B,-13.25%,$0.72B,$48.16B,2.29%,$1.58B,$21.66B,9.10%,$692,$0,$692,$0,$162,$274,$418,$-307,$111,$49,$62,$62,$62,$494,$418,$294,295,$0.08,$0.08,$608,$0,$18270,$19112,$707,$0,$27871,$469,$29047,$48159,$18643,$2966,$133,$10827,$29470,$1,$1720,$-160,$18689,$48159,$716,$260,$252,$512,$81,$0,$24,$-113,$-30,$1197,$-200,$0,$-2864,$-103,$100,$-3,$-682,$-3749,$1330,$1599,$2929,$-204,$-204,$-615,$-106,$2005,$-547,$38,$-615
40,2008-09-30,50.51,$56.73,0.89,$9.04,5.59,$8.26,6.12,$3.10,16.31,$9.56B,$9.61B,1.0,$2.41B,$19.03B,0.13,$2.40B,$2.40B,100.00%,$2.40B,$1.48B,61.65%,$2.40B,$1.48B,61.65%,$2.40B,$1.71B,71.45%,$2.40B,$1.47B,61.44%,$2.40B,$0.86B,35.64%,$0.86B,$19.03B,5.91%,$0.86B,$-9.14B,-22.86%,$0.86B,$39.26B,3.51%,$1.48B,$21.44B,9.82%,$681,$0,$681,$0,$144,$260,$421,$-25,$396,$227,$169,$169,$169,$501,$421,$299,300,$0.56,$0.56,$710,$0,$8509,$9558,$661,$0,$28167,$869,$29697,$39255,$9609,$2413,$115,$10618,$20226,$1,$1734,$-20,$19029,$39255,$653,$184,$46,$230,$-26,$0,$6,$-24,$-20,$863,$-119,$0,$-2864,$86,$112,$198,$-660,$-3445,$1035,$1601,$2636,$-2,$-2,$-203,$-111,$2320,$-263,$26,$-203
41,2008-06-30,51.24,$48.90,1.05,$8.94,5.73,$7.63,6.71,$3.31,15.49,$2.50B,$1.35B,1.86,$0.00B,$13.33B,0.0,$2.28B,$2.28B,100.00%,$2.28B,$1.40B,61.45%,$2.28B,$1.40B,61.45%,$2.28B,$1.61B,70.43%,$2.28B,$1.41B,61.85%,$2.28B,$0.89B,38.90%,$0.89B,$13.33B,6.98%,$0.89B,$-1.57B,-41.78%,$0.89B,$18.56B,4.57%,$1.40B,$13.33B,11.02%,$563,$0,$563,$0,$133,$220,$344,$-10,$334,$132,$201,$201,$201,$397,$344,$273,274,$0.74,$0.73,$1206,$0,$1057,$2501,$390,$0,$14900,$772,$16062,$18563,$1347,$0,$78,$3887,$5234,$1,$1979,$-2,$13328,$18563,$485,$103,$-13,$91,$-42,$0,$4,$-2,$-71,$505,$-77,$0,$-94,$66,$-5,$61,$-59,$-169,$1,$0,$1,$5,$5,$-125,$5,$-114,$222,$13,$-125
42,2008-03-31,62.54,$48.37,1.29,$8.75,7.15,$7.27,8.61,$3.29,19.02,$3.18B,$2.19B,1.46,$0.00B,$13.18B,0.0,$2.05B,$2.05B,100.00%,$2.05B,$1.25B,61.05%,$2.05B,$1.25B,61.05%,$2.05B,$1.42B,69.50%,$2.05B,$1.29B,62.81%,$2.05B,$0.81B,39.68%,$0.81B,$13.18B,8.27%,$0.81B,$-1.73B,-62.66%,$0.81B,$19.24B,5.04%,$1.25B,$13.18B,12.72%,$625,$0,$625,$0,$133,$225,$400,$7,$407,$124,$284,$284,$284,$450,$400,$269,270,$1.06,$1.05,$1222,$0,$1708,$3182,$379,$0,$14902,$774,$16056,$19238,$2185,$0,$70,$3876,$6061,$1,$1840,$-2,$13177,$19238,$284,$50,$-31,$19,$-55,$0,$-7,$4,$74,$377,$-33,$0,$-69,$49,$-2,$47,$-45,$-101,$1,$0,$1,$3,$3,$-63,$3,$-55,$221,$6,$-63
43,2007-12-31,91.25,$46.19,1.98,$8.32,10.96,$6.91,13.2,$2.98,30.66,$4.99B,$4.08B,1.22,$0.00B,$12.31B,0.0,$1.76B,$1.76B,100.00%,$1.76B,$1.05B,59.91%,$1.76B,$1.05B,59.91%,$1.76B,$1.20B,68.05%,$1.76B,$1.10B,62.36%,$1.76B,$0.66B,37.53%,$0.66B,$12.31B,9.49%,$0.66B,$-2.53B,-143.34%,$0.66B,$20.31B,5.26%,$1.05B,$12.31B,15.15%,$530,$0,$530,$0,$130,$216,$314,$23,$337,$136,$201,$201,$201,$366,$314,$219,221,$0.76,$0.76,$1049,$0,$3751,$4987,$377,$0,$14833,$109,$15319,$20306,$4076,$0,$76,$3924,$8001,$1,$1619,$-3,$12306,$20306,$659,$142,$4,$146,$-50,$0,$5,$32,$10,$814,$-164,$-40,$113,$75,$-19,$56,$-44,$-79,$163,$0,$163,$-909,$-909,$-152,$38,$-860,$-124,$23,$-152
44,2007-09-30,78.03,$45.56,1.71,$7.53,10.37,$6.15,12.69,$2.81,27.79,$4.40B,$3.65B,1.21,$0.00B,$12.11B,0.0,$1.51B,$1.51B,100.00%,$1.51B,$0.90B,59.52%,$1.51B,$0.90B,59.52%,$1.51B,$1.01B,66.89%,$1.51B,$0.93B,61.65%,$1.51B,$0.56B,37.23%,$0.56B,$12.11B,13.20%,$0.56B,$-2.68B,102.79%,$0.56B,$19.65B,6.57%,$0.90B,$12.11B,21.11%,$565,$0,$565,$0,$133,$220,$345,$-11,$334,$133,$202,$202,$202,$395,$345,$259,261,$0.78,$0.77,$898,$0,$3306,$4402,$348,$0,$14790,$106,$15244,$19646,$3647,$0,$91,$3888,$7535,$1,$1464,$-2,$12111,$19646,$457,$90,$6,$95,$-61,$0,$-2,$14,$19,$572,$-90,$-40,$116,$56,$-14,$42,$-44,$-16,$164,$0,$164,$-923,$-923,$-106,$17,$-849,$-292,$16,$-106
45,2007-06-30,70.88,$9.97,7.11,$6.92,10.24,$5.92,11.97,$2.62,27.01,$4.99B,$3.51B,1.42,$0.00B,$1.74B,0.0,$1.22B,$1.22B,100.00%,$1.22B,$0.71B,58.26%,$1.22B,$0.71B,58.26%,$1.22B,$0.79B,64.83%,$1.22B,$0.77B,62.94%,$1.22B,$0.46B,38.04%,$0.46B,$1.74B,29.36%,$0.46B,$1.74B,29.48%,$0.46B,$5.30B,10.29%,$0.71B,$1.74B,44.97%,$329,$0,$329,$0,$93,$137,$192,$17,$209,$84,$126,$126,$126,$213,$192,$174,176,$0.72,$0.71,$1378,$0,$3454,$4990,$179,$0,$0,$134,$314,$5304,$3513,$0,$50,$50,$3563,$0,$1308,$-3,$1741,$5304,$256,$41,$3,$44,$-37,$0,$0,$-7,$-39,$261,$-50,$0,$0,$71,$-14,$57,$-21,$-14,$0,$0,$0,$7,$7,$-60,$12,$-41,$205,$10,$-60
46,2007-03-31,70.52,$9.33,7.56,$6.66,10.59,$5.61,12.56,$2.53,27.83,$4.60B,$3.22B,1.43,$0.00B,$1.63B,0.0,$1.17B,$1.17B,100.00%,$1.17B,$0.68B,58.46%,$1.17B,$0.68B,58.46%,$1.17B,$0.76B,65.04%,$1.17B,$0.74B,62.99%,$1.17B,$0.45B,38.21%,$0.45B,$1.63B,30.42%,$0.45B,$1.63B,30.54%,$0.45B,$4.89B,11.08%,$0.68B,$1.63B,46.55%,$332,$0,$332,$0,$91,$132,$201,$15,$215,$85,$130,$130,$130,$221,$201,$174,176,$0.75,$0.74,$1359,$0,$3081,$4602,$166,$0,$0,$119,$284,$4887,$3222,$0,$39,$39,$3261,$0,$1213,$-4,$1626,$4887,$130,$20,$-0,$20,$-41,$0,$5,$-25,$28,$178,$-16,$0,$0,$53,$-12,$40,$-8,$16,$0,$0,$0,$2,$2,$-30,$5,$-23,$170,$5,$-30
47,2006-12-31,67.41,$8.72,7.73,$6.21,10.86,$5.26,12.81,$2.32,29.08,$4.05B,$2.76B,1.47,$0.00B,$1.52B,0.0,$1.09B,$1.09B,100.00%,$1.09B,$0.62B,57.06%,$1.09B,$0.62B,57.06%,$1.09B,$0.70B,63.94%,$1.09B,$0.67B,61.74%,$1.09B,$0.41B,37.43%,$0.41B,$1.52B,29.91%,$0.41B,$1.50B,30.04%,$0.41B,$4.31B,10.43%,$0.62B,$1.52B,45.59%,$281,$0,$281,$0,$78,$123,$159,$12,$171,$68,$103,$103,$103,$179,$159,$173,176,$0.59,$0.58,$1239,$0,$2689,$4049,$169,$0,$24,$64,$257,$4307,$2755,$0,$32,$32,$2787,$0,$1116,$-3,$1519,$4307,$407,$75,$-2,$73,$-36,$0,$2,$21,$-9,$472,$-88,$0,$-20,$44,$-15,$29,$-7,$-86,$0,$0,$0,$16,$16,$-88,$44,$-27,$359,$16,$-88
