,Date,Stock Price,Book Value per Share,Price to Book Ratio,TTM Sales per Share,Price to Sales Ratio,TTM FCF per Share,Price to FCF Ratio,TTM Net EPS,PE Ratio,Current Assets,Current Liabilities,Current Ratio,Long Term Debt,Shareholder's Equity_x,Debt to Equity Ratio,TTM Revenue_x,TTM Gross Profit,Gross Margin,TTM Revenue_y,TTM Operating Income,Operating Margin,TTM Revenue_x,TTM EBIT,EBIT Margin,TTM Revenue_y,TTM EBITDA,EBITDA Margin,TTM Revenue_x,TTM Pre-Tax Income,Pre-Tax Margin,TTM Revenue_y,TTM Net Income_x,Net Margin,TTM Net Income_y,Shareholder's Equity_y,Return on Equity,TTM Net Income_x,Tangible Equity,Return on Tangible Equity,TTM Net Income_y,Total Assets,Return on Assets,TTM Net Income,LT Investments & Debt,Return on Investment,revenue,cost-goods-sold,gross-profit,research-development-expenses,selling-general-administrative-expenses,operating-expenses,operating-income,total-non-operating-income-expense,pre-tax-income,total-provision-income-taxes,income-after-taxes,income-from-continuous-operations,net-income,ebitda,ebit,basic-shares-outstanding,shares-outstanding,eps-basic-net-earnings-per-share,eps-earnings-per-share-diluted,cash-on-hand,inventory,other-current-assets,total-current-assets,net-property-plant-equipment,long-term-investments,goodwill-intangible-assets-total,other-long-term-assets,total-long-term-assets,total-assets,total-current-liabilities,long-term-debt,other-non-current-liabilities,total-long-term-liabilities,total-liabilities,common-stock-net,retained-earnings-accumulated-deficit,comprehensive-income,total-share-holder-equity,total-liabilities-share-holders-equity,net-income-loss,total-depreciation-amortization-cash-flow,other-non-cash-items,total-non-cash-items,change-in-accounts-receivable,change-in-inventories,change-in-accounts-payable,change-in-assets-liabilities,total-change-in-assets-liabilities,cash-flow-from-operating-activities,net-change-in-property-plant-equipment,net-change-in-intangible-assets,net-acquisitions-divestitures,net-change-in-short-term-investments,net-change-in-long-term-investments,net-change-in-investments-total,investing-activities-other,cash-flow-from-investing-activities,net-long-term-debt,net-current-debt,debt-issuance-retirement-net-total,net-common-equity-issued-repurchased,net-total-equity-issued-repurchased,total-common-preferred-stock-dividends-paid,financial-activities-other,cash-flow-from-financial-activities,net-cash-flow,stock-based-compensation,common-stock-dividends-paid
0,2018-09-30,454.52,$51.66,8.8,$169.02,2.69,$29.96,15.17,$6.72,67.64,$0.79B,$0.40B,1.97,$0.00B,$1.44B,0.0,$4.75B,$0.87B,18.27%,$4.75B,$0.28B,5.87%,$4.75B,$0.28B,5.87%,$4.75B,$0.47B,9.87%,$4.75B,$0.29B,6.00%,$4.75B,$0.19B,3.96%,$0.19B,$1.44B,13.53%,$0.19B,$1.41B,13.75%,$0.19B,$2.23B,8.84%,$0.28B,$1.44B,20.09%,$1225,$996,$229,$0,$110,$1167,$58,$2,$60,$22,$38,$38,$38,$111,$58,$28,28,$1.37,$1.36,$671,$18,$0,$793,$1361,$0,$22,$54,$1438,$2231,$403,$0,$37,$392,$795,$0,$2542,$-5,$1436,$2231,$145,$149,$129,$278,$13,$2,$18,$11,$70,$492,$-210,$0,$0,$0,$-2,$-2,$0,$-212,$0,$0,$0,$-116,$-116,$0,$-5,$-121,$158,$48,$0
1,2018-06-30,431.37,$50.05,8.62,$164.96,2.62,$27.40,15.75,$6.05,71.3,$0.72B,$0.36B,2.03,$0.00B,$1.39B,0.0,$4.65B,$0.82B,17.62%,$4.65B,$0.25B,5.42%,$4.65B,$0.25B,5.42%,$4.65B,$0.43B,9.24%,$4.65B,$0.26B,5.52%,$4.65B,$0.17B,3.65%,$0.17B,$1.39B,12.35%,$0.17B,$1.37B,12.55%,$0.17B,$2.13B,8.16%,$0.25B,$1.39B,18.30%,$1267,$1017,$250,$0,$85,$1199,$68,$2,$70,$23,$47,$47,$47,$117,$68,$28,28,$1.69,$1.68,$574,$21,$0,$721,$1334,$0,$22,$52,$1408,$2129,$355,$0,$36,$381,$737,$0,$2503,$-5,$1392,$2129,$106,$96,$90,$186,$17,$-1,$14,$-8,$3,$295,$-129,$0,$0,$0,$-23,$-23,$0,$-152,$0,$0,$0,$-102,$-102,$0,$-0,$-102,$41,$24,$0
2,2018-03-31,323.11,$49.02,6.59,$160.23,2.02,$25.93,12.46,$6.69,48.3,$0.63B,$0.37B,1.72,$0.00B,$1.36B,0.0,$4.56B,$0.79B,17.34%,$4.56B,$0.29B,6.39%,$4.56B,$0.29B,6.39%,$4.56B,$0.46B,10.12%,$4.56B,$0.30B,6.48%,$4.56B,$0.19B,4.17%,$0.19B,$1.36B,13.66%,$0.19B,$1.34B,13.87%,$0.19B,$2.10B,9.18%,$0.29B,$1.36B,20.92%,$1148,$924,$224,$0,$77,$1056,$93,$1,$94,$35,$59,$59,$59,$140,$93,$28,28,$2.13,$2.13,$531,$17,$0,$630,$1344,$49,$22,$52,$1467,$2097,$367,$0,$38,$366,$733,$0,$2457,$-4,$1364,$2097,$59,$47,$22,$69,$14,$2,$17,$2,$72,$201,$-58,$0,$0,$0,$-24,$-24,$0,$-81,$0,$0,$0,$-73,$-73,$0,$-0,$-73,$47,$12,$0
3,2017-12-31,289.03,$48.69,5.94,$156.19,1.85,$24.03,12.03,$6.16,46.92,$0.63B,$0.32B,1.94,$0.00B,$1.36B,0.0,$4.48B,$0.76B,16.89%,$4.48B,$0.27B,6.05%,$4.48B,$0.27B,6.05%,$4.48B,$0.43B,9.67%,$4.48B,$0.28B,6.14%,$4.48B,$0.18B,3.95%,$0.18B,$1.36B,12.62%,$0.18B,$1.34B,12.82%,$0.18B,$2.05B,8.59%,$0.27B,$1.36B,19.33%,$1110,$945,$165,$0,$58,$1050,$60,$1,$61,$18,$44,$44,$44,$101,$60,$28,29,$1.57,$1.56,$509,$20,$0,$630,$1338,$0,$22,$56,$1416,$2046,$324,$0,$40,$357,$681,$0,$2397,$-4,$1364,$2046,$176,$163,$61,$224,$-0,$-5,$11,$27,$67,$467,$-217,$0,$0,$0,$130,$130,$0,$-87,$0,$0,$0,$-286,$-286,$0,$0,$-286,$97,$65,$0
4,2017-09-30,307.83,$49.04,6.28,$152.07,2.02,$18.31,16.82,$5.16,59.66,$0.66B,$0.32B,2.03,$0.00B,$1.39B,0.0,$4.40B,$0.73B,16.61%,$4.40B,$0.24B,5.50%,$4.40B,$0.24B,5.50%,$4.40B,$0.40B,9.11%,$4.40B,$0.25B,5.57%,$4.40B,$0.15B,3.39%,$0.15B,$1.39B,10.55%,$0.15B,$1.37B,10.72%,$0.15B,$2.06B,7.25%,$0.24B,$1.39B,17.14%,$1128,$947,$181,$0,$99,$1097,$31,$1,$32,$13,$20,$20,$20,$72,$31,$28,28,$0.69,$0.69,$548,$22,$0,$656,$1332,$0,$22,$55,$1408,$2064,$323,$0,$37,$354,$677,$0,$2353,$-4,$1387,$2064,$132,$122,$53,$175,$16,$-7,$15,$20,$72,$379,$-166,$0,$0,$0,$20,$20,$0,$-146,$0,$0,$0,$-209,$-209,$0,$-1,$-210,$26,$55,$0
5,2017-06-30,416.1,$50.73,8.2,$147.95,2.81,$13.83,30.08,$4.74,87.78,$0.66B,$0.27B,2.48,$0.00B,$1.45B,0.0,$4.31B,$0.70B,16.17%,$4.31B,$0.22B,5.13%,$4.31B,$0.22B,5.13%,$4.31B,$0.38B,8.72%,$4.31B,$0.22B,5.17%,$4.31B,$0.14B,3.18%,$0.14B,$1.45B,9.61%,$0.14B,$1.43B,9.76%,$0.14B,$2.07B,6.66%,$0.22B,$1.45B,15.51%,$1169,$949,$220,$0,$70,$1063,$107,$1,$108,$41,$67,$67,$67,$148,$107,$29,29,$2.33,$2.32,$570,$19,$0,$664,$1328,$0,$22,$54,$1405,$2069,$268,$0,$36,$351,$618,$0,$2334,$-6,$1450,$2069,$113,$80,$34,$115,$15,$-5,$8,$10,$16,$244,$-114,$0,$0,$0,$60,$60,$0,$-54,$0,$0,$0,$-104,$-104,$0,$0,$-104,$87,$37,$0
6,2017-03-31,445.52,$49.09,9.08,$141.38,3.15,$11.13,40.04,$3.29,135.42,$0.66B,$0.31B,2.17,$0.00B,$1.41B,0.0,$4.14B,$0.63B,15.27%,$4.14B,$0.16B,3.74%,$4.14B,$0.16B,3.74%,$4.14B,$0.31B,7.37%,$4.14B,$0.16B,3.79%,$4.14B,$0.10B,2.32%,$0.10B,$1.41B,6.69%,$0.10B,$1.39B,6.80%,$0.10B,$2.06B,4.65%,$0.16B,$1.41B,10.81%,$1069,$879,$190,$0,$69,$996,$73,$1,$74,$28,$46,$46,$46,$112,$73,$29,29,$1.60,$1.60,$577,$18,$0,$664,$1323,$0,$22,$54,$1398,$2062,$306,$0,$35,$348,$655,$0,$2267,$-8,$1408,$2062,$46,$39,$17,$56,$19,$-4,$1,$6,$48,$151,$-57,$0,$0,$0,$0,$0,$0,$-57,$0,$0,$0,$-59,$-59,$0,$0,$-59,$35,$16,$0
7,2016-12-31,377.32,$48.67,7.75,$132.24,2.85,$7.84,48.1,$0.81,465.83,$0.52B,$0.28B,1.85,$0.00B,$1.40B,0.0,$3.90B,$0.50B,12.78%,$3.90B,$0.04B,0.90%,$3.90B,$0.04B,0.90%,$3.90B,$0.18B,4.64%,$3.90B,$0.04B,1.00%,$3.90B,$0.02B,0.61%,$0.02B,$1.40B,1.64%,$0.02B,$1.38B,1.66%,$0.02B,$2.03B,1.15%,$0.04B,$1.40B,2.39%,$1035,$895,$140,$0,$65,$1004,$31,$1,$31,$15,$16,$16,$16,$69,$31,$29,30,$0.51,$0.51,$418,$15,$0,$522,$1304,$125,$22,$53,$1504,$2026,$282,$0,$34,$342,$624,$0,$2221,$-8,$1402,$2026,$23,$146,$72,$218,$-2,$-0,$-7,$29,$108,$349,$-259,$0,$0,$0,$586,$586,$0,$327,$0,$0,$0,$-838,$-838,$0,$1,$-836,$-160,$64,$0
8,2016-09-30,423.5,$49.72,8.52,$129.16,3.28,$18.33,23.1,$2.43,174.28,$0.47B,$0.28B,1.68,$0.00B,$1.44B,0.0,$3.87B,$0.56B,14.35%,$3.87B,$0.11B,2.79%,$3.87B,$0.11B,2.79%,$3.87B,$0.25B,6.46%,$3.87B,$0.11B,2.92%,$3.87B,$0.08B,1.97%,$0.08B,$1.44B,4.61%,$0.08B,$1.42B,4.67%,$0.08B,$2.07B,3.36%,$0.11B,$1.44B,6.55%,$1037,$890,$147,$0,$78,$1027,$10,$1,$10,$3,$8,$8,$8,$47,$10,$29,29,$0.27,$0.27,$359,$18,$0,$469,$1279,$251,$22,$47,$1598,$2067,$279,$0,$33,$347,$626,$0,$2205,$-5,$1441,$2067,$7,$108,$69,$177,$16,$-3,$-12,$24,$97,$281,$-192,$0,$0,$0,$586,$586,$0,$393,$0,$0,$0,$-771,$-771,$0,$2,$-769,$-94,$48,$0
9,2016-06-30,402.76,$50.98,7.9,$132.19,3.05,$28.18,14.29,$6.75,59.67,$0.39B,$0.28B,1.4,$0.00B,$1.49B,0.0,$4.05B,$0.75B,18.58%,$4.05B,$0.33B,8.23%,$4.05B,$0.33B,8.23%,$4.05B,$0.47B,11.64%,$4.05B,$0.34B,8.38%,$4.05B,$0.21B,5.26%,$0.21B,$1.49B,11.28%,$0.21B,$1.46B,11.41%,$0.21B,$2.10B,8.59%,$0.33B,$1.49B,17.63%,$998,$843,$155,$0,$71,$957,$41,$1,$42,$16,$26,$26,$26,$77,$41,$29,29,$0.88,$0.87,$270,$17,$0,$388,$1269,$376,$22,$46,$1714,$2102,$277,$0,$33,$339,$616,$0,$2197,$-5,$1486,$2102,$-1,$71,$37,$108,$15,$-2,$-14,$6,$73,$180,$-127,$0,$0,$0,$586,$586,$0,$459,$0,$0,$0,$-700,$-700,$0,$2,$-698,$-58,$30,$0
10,2016-03-31,470.97,$52.48,8.97,$136.15,3.46,$35.47,13.28,$10.33,45.59,$0.38B,$0.27B,1.38,$0.00B,$1.54B,0.0,$4.25B,$0.93B,21.94%,$4.25B,$0.52B,12.22%,$4.25B,$0.52B,12.22%,$4.25B,$0.65B,15.40%,$4.25B,$0.53B,12.39%,$4.25B,$0.33B,7.70%,$0.33B,$1.54B,15.72%,$0.33B,$1.52B,15.89%,$0.33B,$2.14B,12.32%,$0.52B,$1.54B,24.95%,$834,$778,$57,$0,$62,$881,$-47,$2,$-44,$-18,$-26,$-26,$-26,$-12,$-47,$30,30,$-0.88,$-0.88,$251,$17,$0,$375,$1242,$456,$22,$47,$1766,$2141,$272,$0,$32,$329,$601,$0,$2171,$-4,$1540,$2141,$-26,$35,$14,$49,$15,$-2,$-9,$1,$39,$62,$-63,$0,$0,$0,$586,$586,$0,$523,$0,$0,$0,$-584,$-584,$0,$1,$-583,$3,$11,$0
11,2015-12-31,479.85,$69.17,6.94,$142.71,3.36,$41.31,11.61,$15.09,31.8,$0.82B,$0.28B,2.91,$0.00B,$2.13B,0.0,$4.50B,$1.17B,26.08%,$4.50B,$0.76B,16.97%,$4.50B,$0.76B,16.97%,$4.50B,$0.89B,19.86%,$4.50B,$0.77B,17.08%,$4.50B,$0.48B,10.57%,$0.48B,$2.13B,21.36%,$0.48B,$2.11B,21.57%,$0.48B,$2.73B,17.03%,$0.76B,$2.13B,34.28%,$998,$802,$196,$0,$47,$894,$104,$2,$105,$38,$68,$68,$68,$138,$104,$31,31,$2.19,$2.18,$663,$15,$0,$815,$1217,$623,$22,$48,$1910,$2725,$280,$0,$33,$317,$597,$0,$2198,$-8,$2128,$2725,$476,$130,$9,$139,$-4,$0,$20,$27,$68,$683,$-257,$0,$0,$0,$-207,$-207,$0,$-464,$0,$0,$0,$-461,$-461,$0,$74,$-386,$-171,$58,$0
12,2015-09-30,720.25,$76.99,9.36,$144.99,4.97,$41.42,17.39,$16.76,42.97,$1.07B,$0.24B,4.39,$0.00B,$2.40B,0.0,$4.57B,$1.26B,27.61%,$4.57B,$0.85B,18.54%,$4.57B,$0.85B,18.54%,$4.57B,$0.97B,21.29%,$4.57B,$0.85B,18.65%,$4.57B,$0.53B,11.57%,$0.53B,$2.40B,24.05%,$0.53B,$2.38B,24.29%,$0.53B,$2.95B,19.26%,$0.85B,$2.40B,38.55%,$1217,$872,$344,$0,$70,$982,$235,$2,$236,$91,$145,$145,$145,$268,$235,$31,32,$4.65,$4.59,$960,$18,$0,$1073,$1181,$625,$22,$47,$1875,$2948,$244,$0,$32,$302,$546,$0,$2130,$-5,$2401,$2948,$408,$96,$-20,$77,$11,$-2,$7,$18,$104,$589,$-182,$0,$0,$0,$-146,$-146,$0,$-328,$0,$0,$0,$-147,$-147,$0,$75,$-72,$185,$60,$0
13,2015-06-30,604.99,$72.28,8.37,$140.78,4.3,$40.87,14.8,$16.32,37.07,$0.99B,$0.26B,3.79,$0.00B,$2.25B,0.0,$4.44B,$1.23B,27.72%,$4.44B,$0.82B,18.46%,$4.44B,$0.82B,18.46%,$4.44B,$0.94B,21.19%,$4.44B,$0.83B,18.58%,$4.44B,$0.52B,11.60%,$0.52B,$2.25B,24.84%,$0.52B,$2.23B,25.11%,$0.52B,$2.81B,19.67%,$0.82B,$2.25B,39.56%,$1198,$863,$335,$0,$70,$970,$227,$2,$229,$89,$140,$140,$140,$260,$227,$31,32,$4.51,$4.45,$879,$17,$0,$989,$1147,$601,$22,$47,$1817,$2806,$261,$0,$32,$293,$555,$0,$1985,$-3,$2252,$2806,$263,$63,$-27,$37,$9,$-1,$14,$8,$102,$401,$-114,$0,$0,$0,$-58,$-58,$0,$-172,$0,$0,$0,$-116,$-116,$0,$58,$-58,$168,$39,$0
14,2015-03-31,650.54,$68.73,9.46,$136.15,4.78,$39.96,16.28,$15.37,42.33,$0.99B,$0.28B,3.55,$0.00B,$2.13B,0.0,$4.29B,$1.18B,27.56%,$4.29B,$0.77B,18.01%,$4.29B,$0.77B,18.01%,$4.29B,$0.89B,20.68%,$4.29B,$0.78B,18.10%,$4.29B,$0.49B,11.30%,$0.49B,$2.13B,24.89%,$0.49B,$2.11B,25.18%,$0.49B,$2.70B,19.51%,$0.77B,$2.13B,39.68%,$1089,$790,$299,$0,$63,$891,$198,$1,$199,$76,$123,$123,$123,$228,$198,$31,32,$3.95,$3.88,$891,$16,$0,$985,$1119,$531,$22,$47,$1719,$2704,$277,$0,$31,$292,$569,$0,$1845,$-5,$2134,$2704,$123,$31,$5,$36,$13,$-1,$15,$3,$85,$243,$-59,$0,$0,$0,$-44,$-44,$0,$-103,$0,$0,$0,$-23,$-23,$0,$11,$-13,$123,$17,$0
15,2014-12-31,684.51,$64.86,10.55,$130.40,5.25,$38.37,17.84,$14.13,48.44,$0.86B,$0.25B,3.5,$0.00B,$2.01B,0.0,$4.11B,$1.12B,27.22%,$4.11B,$0.71B,17.31%,$4.11B,$0.71B,17.31%,$4.11B,$0.82B,19.99%,$4.11B,$0.71B,17.38%,$4.11B,$0.45B,10.83%,$0.45B,$2.01B,24.37%,$0.45B,$1.99B,24.67%,$0.45B,$2.53B,18.94%,$0.71B,$2.01B,38.94%,$1070,$785,$285,$0,$61,$882,$188,$1,$189,$68,$121,$121,$121,$218,$188,$31,32,$3.91,$3.84,$758,$15,$0,$860,$1107,$496,$22,$43,$1668,$2527,$246,$0,$28,$269,$515,$0,$1722,$-0,$2012,$2527,$445,$110,$61,$172,$-11,$-2,$2,$32,$65,$682,$-253,$0,$0,$0,$-266,$-266,$0,$-519,$0,$0,$0,$-88,$-88,$0,$22,$-67,$96,$96,$0
16,2014-09-30,666.59,$61.06,10.92,$123.43,5.4,$35.25,18.91,$12.82,52.0,$0.87B,$0.27B,3.3,$0.00B,$1.89B,0.0,$3.88B,$1.05B,27.02%,$3.88B,$0.65B,16.80%,$3.88B,$0.65B,16.80%,$3.88B,$0.76B,19.50%,$3.88B,$0.65B,16.85%,$3.88B,$0.40B,10.41%,$0.40B,$1.89B,23.66%,$0.40B,$1.87B,23.97%,$0.40B,$2.44B,18.20%,$0.65B,$1.89B,38.18%,$1084,$772,$312,$0,$71,$877,$207,$1,$208,$77,$131,$131,$131,$235,$207,$31,32,$4.22,$4.15,$790,$16,$0,$874,$1053,$441,$22,$48,$1563,$2437,$265,$0,$27,$278,$543,$0,$1601,$1,$1894,$2437,$324,$81,$55,$136,$5,$-3,$15,$20,$90,$550,$-160,$0,$0,$0,$-219,$-219,$0,$-380,$0,$0,$0,$-63,$-63,$0,$13,$-51,$119,$82,$0
17,2014-06-30,592.51,$56.51,10.48,$115.49,5.13,$30.96,19.14,$11.33,52.3,$0.89B,$0.24B,3.69,$0.00B,$1.75B,0.0,$3.63B,$0.96B,26.46%,$3.63B,$0.58B,16.06%,$3.63B,$0.58B,16.06%,$3.63B,$0.68B,18.87%,$3.63B,$0.58B,16.11%,$3.63B,$0.36B,9.82%,$0.36B,$1.75B,22.24%,$0.36B,$1.73B,22.55%,$0.36B,$2.28B,17.05%,$0.58B,$1.75B,36.36%,$1050,$763,$287,$0,$75,$870,$180,$1,$181,$71,$110,$110,$110,$207,$180,$31,31,$3.55,$3.50,$805,$16,$0,$892,$1012,$304,$22,$48,$1385,$2278,$242,$0,$27,$283,$525,$0,$1470,$2,$1753,$2278,$193,$53,$49,$102,$4,$-2,$18,$10,$65,$360,$-103,$0,$0,$0,$-70,$-70,$0,$-173,$0,$0,$0,$-50,$-50,$0,$9,$-41,$147,$61,$0
18,2014-03-31,568.05,$52.92,10.74,$108.32,5.24,$28.79,19.73,$10.65,53.34,$0.79B,$0.23B,3.48,$0.00B,$1.65B,0.0,$3.39B,$0.90B,26.47%,$3.39B,$0.55B,16.16%,$3.39B,$0.55B,16.16%,$3.39B,$0.65B,19.07%,$3.39B,$0.55B,16.21%,$3.39B,$0.33B,9.85%,$0.33B,$1.65B,22.21%,$0.33B,$1.62B,22.53%,$0.33B,$2.16B,16.94%,$0.55B,$1.65B,36.44%,$904,$670,$234,$0,$67,$769,$136,$1,$136,$53,$83,$83,$83,$161,$136,$31,31,$2.67,$2.64,$707,$15,$0,$791,$983,$314,$22,$46,$1365,$2156,$227,$0,$26,$283,$511,$0,$1360,$1,$1645,$2156,$83,$26,$22,$47,$7,$-2,$8,$3,$49,$180,$-47,$0,$0,$0,$-40,$-40,$0,$-88,$0,$0,$0,$-13,$-13,$0,$9,$-4,$88,$27,$0
19,2013-12-31,532.78,$49.57,10.75,$102.88,5.18,$27.43,19.43,$10.46,50.93,$0.67B,$0.20B,3.34,$0.00B,$1.54B,0.0,$3.22B,$0.86B,26.59%,$3.22B,$0.53B,16.55%,$3.22B,$0.53B,16.55%,$3.22B,$0.63B,19.56%,$3.22B,$0.53B,16.61%,$3.22B,$0.33B,10.20%,$0.33B,$1.54B,23.18%,$0.33B,$1.52B,23.55%,$0.33B,$2.01B,17.63%,$0.53B,$1.54B,37.60%,$844,$628,$216,$0,$56,$715,$129,$0,$129,$50,$80,$80,$80,$154,$129,$31,31,$2.57,$2.54,$578,$13,$0,$666,$963,$314,$22,$44,$1343,$2009,$199,$0,$24,$272,$471,$0,$1277,$2,$1538,$2009,$327,$96,$35,$131,$-7,$-2,$2,$21,$71,$529,$-200,$0,$0,$0,$-228,$-228,$0,$-428,$0,$0,$0,$-139,$-139,$0,$39,$-100,$1,$64,$0
20,2013-09-30,428.8,$47.38,9.05,$97.89,4.38,$23.93,17.92,$9.88,43.4,$0.60B,$0.18B,3.36,$0.00B,$1.47B,0.0,$3.07B,$0.81B,26.42%,$3.07B,$0.51B,16.45%,$3.07B,$0.51B,16.45%,$3.07B,$0.60B,19.51%,$3.07B,$0.51B,16.55%,$3.07B,$0.31B,10.07%,$0.31B,$1.47B,23.03%,$0.31B,$1.44B,23.41%,$0.31B,$1.91B,17.40%,$0.51B,$1.47B,37.64%,$827,$605,$222,$0,$53,$690,$137,$1,$138,$55,$83,$83,$83,$162,$137,$31,31,$2.70,$2.66,$532,$13,$0,$604,$936,$304,$22,$46,$1308,$1911,$180,$0,$23,$266,$446,$0,$1197,$1,$1466,$1911,$248,$71,$45,$116,$2,$-1,$3,$12,$25,$389,$-137,$0,$0,$0,$-187,$-187,$0,$-324,$0,$0,$0,$-98,$-98,$0,$18,$-80,$-14,$51,$0
21,2013-06-30,364.35,$44.29,8.23,$93.47,3.9,$20.79,17.53,$9.49,38.39,$0.56B,$0.18B,3.04,$0.00B,$1.37B,0.0,$2.94B,$0.78B,26.53%,$2.94B,$0.49B,16.51%,$2.94B,$0.49B,16.51%,$2.94B,$0.58B,19.57%,$2.94B,$0.49B,16.58%,$2.94B,$0.30B,10.12%,$0.30B,$1.37B,22.88%,$0.30B,$1.35B,23.27%,$0.30B,$1.81B,17.28%,$0.49B,$1.37B,37.32%,$817,$591,$226,$0,$51,$670,$146,$0,$147,$59,$88,$88,$88,$170,$146,$31,31,$2.84,$2.82,$484,$11,$0,$555,$896,$290,$22,$46,$1254,$1809,$183,$0,$23,$259,$441,$0,$1114,$-0,$1367,$1809,$164,$47,$40,$87,$2,$-0,$6,$4,$16,$268,$-80,$0,$0,$0,$-152,$-152,$0,$-232,$0,$0,$0,$-81,$-81,$0,$4,$-77,$-41,$34,$0
22,2013-03-31,325.87,$41.64,7.83,$88.89,3.67,$17.29,18.85,$9.23,35.31,$0.58B,$0.18B,3.16,$0.00B,$1.29B,0.0,$2.82B,$0.76B,26.83%,$2.82B,$0.47B,16.82%,$2.82B,$0.47B,16.82%,$2.82B,$0.56B,19.87%,$2.82B,$0.48B,16.86%,$2.82B,$0.29B,10.36%,$0.29B,$1.29B,22.89%,$0.29B,$1.27B,23.29%,$0.29B,$1.71B,17.34%,$0.47B,$1.29B,37.15%,$727,$535,$191,$0,$44,$607,$120,$0,$120,$44,$77,$77,$77,$143,$120,$31,31,$2.47,$2.45,$508,$11,$0,$576,$876,$196,$22,$44,$1137,$1713,$182,$0,$22,$242,$425,$0,$1026,$-0,$1288,$1713,$77,$23,$13,$36,$1,$-0,$1,$2,$13,$125,$-36,$0,$0,$0,$-15,$-15,$0,$-52,$0,$0,$0,$-51,$-51,$0,$2,$-49,$24,$15,$0
23,2012-12-31,297.46,$40.07,7.42,$85.74,3.47,$14.05,21.16,$8.75,34.0,$0.55B,$0.19B,2.93,$0.00B,$1.25B,0.0,$2.73B,$0.74B,27.09%,$2.73B,$0.46B,16.69%,$2.73B,$0.46B,16.69%,$2.73B,$0.54B,19.73%,$2.73B,$0.46B,16.76%,$2.73B,$0.28B,10.18%,$0.28B,$1.25B,22.31%,$0.28B,$1.22B,22.71%,$0.28B,$1.67B,16.97%,$0.46B,$1.25B,36.59%,$699,$527,$172,$0,$43,$597,$102,$0,$103,$41,$61,$61,$61,$124,$102,$32,32,$1.96,$1.95,$473,$11,$0,$547,$867,$191,$22,$43,$1122,$1669,$187,$0,$20,$236,$423,$0,$949,$1,$1246,$1669,$278,$84,$-20,$64,$-9,$-2,$8,$1,$78,$420,$-197,$0,$0,$0,$-158,$-158,$0,$-355,$0,$0,$0,$-217,$-217,$0,$74,$-144,$-79,$64,$0
24,2012-09-30,317.54,$41.43,7.66,$82.52,3.85,$15.22,20.86,$8.61,36.88,$0.66B,$0.16B,4.12,$0.00B,$1.31B,0.0,$2.63B,$0.72B,27.53%,$2.63B,$0.45B,17.03%,$2.63B,$0.45B,17.03%,$2.63B,$0.53B,20.08%,$2.63B,$0.45B,17.07%,$2.63B,$0.27B,10.42%,$0.27B,$1.31B,22.91%,$0.27B,$1.29B,23.34%,$0.27B,$1.71B,17.38%,$0.45B,$1.31B,37.47%,$701,$509,$192,$0,$49,$583,$118,$1,$118,$46,$72,$72,$72,$139,$118,$32,32,$2.28,$2.27,$574,$10,$0,$657,$836,$159,$22,$33,$1050,$1706,$159,$0,$16,$239,$399,$0,$888,$1,$1308,$1706,$217,$62,$-23,$39,$-7,$-1,$8,$6,$38,$294,$-138,$0,$0,$0,$-129,$-129,$0,$-266,$0,$0,$0,$-83,$-83,$0,$75,$-8,$20,$52,$0
25,2012-06-30,379.95,$39.80,9.55,$79.11,4.8,$16.53,22.99,$8.24,46.11,$0.62B,$0.15B,4.13,$0.00B,$1.26B,0.0,$2.52B,$0.69B,27.37%,$2.52B,$0.43B,16.98%,$2.52B,$0.43B,16.98%,$2.52B,$0.51B,20.07%,$2.52B,$0.43B,17.02%,$2.52B,$0.26B,10.39%,$0.26B,$1.26B,23.42%,$0.26B,$1.24B,23.89%,$0.26B,$1.65B,17.63%,$0.43B,$1.26B,38.27%,$691,$490,$201,$0,$42,$557,$134,$0,$134,$52,$82,$82,$82,$154,$134,$32,32,$2.58,$2.56,$530,$11,$0,$620,$805,$169,$22,$32,$1028,$1648,$150,$0,$15,$237,$387,$0,$816,$-0,$1261,$1648,$144,$41,$-35,$6,$-2,$-2,$5,$-3,$20,$171,$-90,$0,$0,$0,$-111,$-111,$0,$-201,$0,$0,$0,$-40,$-40,$0,$74,$34,$4,$38,$0
26,2012-03-31,418.0,$36.92,11.32,$75.48,5.54,$17.69,23.62,$7.27,57.5,$0.55B,$0.13B,4.43,$0.00B,$1.17B,0.0,$2.40B,$0.64B,26.48%,$2.40B,$0.38B,15.74%,$2.40B,$0.38B,15.74%,$2.40B,$0.45B,18.90%,$2.40B,$0.38B,15.70%,$2.40B,$0.23B,9.62%,$0.23B,$1.17B,22.25%,$0.23B,$1.15B,22.73%,$0.23B,$1.53B,16.62%,$0.38B,$1.17B,36.42%,$641,$465,$175,$0,$49,$538,$102,$0,$103,$40,$63,$63,$63,$122,$102,$31,32,$2.00,$1.97,$465,$10,$0,$551,$773,$149,$22,$32,$976,$1528,$125,$0,$15,$233,$358,$0,$734,$1,$1170,$1528,$63,$20,$-45,$-25,$-1,$-1,$3,$-7,$-8,$29,$-42,$0,$0,$0,$-60,$-60,$0,$-102,$0,$0,$0,$-27,$-27,$0,$68,$41,$-31,$20,$0
27,2011-12-31,337.74,$33.41,10.11,$71.43,4.73,$19.41,17.4,$6.76,49.96,$0.50B,$0.16B,3.18,$0.00B,$1.04B,0.0,$2.27B,$0.59B,25.95%,$2.27B,$0.35B,15.46%,$2.27B,$0.35B,15.46%,$2.27B,$0.43B,18.72%,$2.27B,$0.35B,15.37%,$2.27B,$0.21B,9.43%,$0.21B,$1.04B,22.26%,$0.21B,$1.02B,22.78%,$0.21B,$1.43B,16.49%,$0.35B,$1.04B,36.51%,$597,$441,$156,$0,$38,$503,$94,$0,$94,$37,$57,$57,$57,$113,$94,$31,32,$1.84,$1.81,$456,$9,$0,$501,$752,$128,$22,$22,$924,$1425,$157,$0,$12,$224,$381,$0,$671,$0,$1044,$1425,$215,$75,$23,$98,$-3,$-2,$9,$9,$98,$411,$-151,$0,$-1,$0,$-58,$-58,$0,$-210,$0,$0,$0,$-64,$-64,$0,$39,$-24,$176,$41,$0
28,2011-09-30,302.95,$31.92,9.49,$67.85,4.46,$16.77,18.06,$6.42,47.19,$0.49B,$0.13B,3.8,$0.00B,$1.00B,0.0,$2.16B,$0.56B,25.88%,$2.16B,$0.33B,15.35%,$2.16B,$0.33B,15.35%,$2.16B,$0.40B,18.74%,$2.16B,$0.33B,15.26%,$2.16B,$0.20B,9.42%,$0.20B,$1.00B,22.48%,$0.20B,$0.98B,23.04%,$0.20B,$1.34B,16.62%,$0.33B,$1.00B,36.66%,$592,$434,$158,$0,$37,$494,$98,$0,$98,$38,$60,$60,$60,$117,$98,$31,32,$1.93,$1.90,$445,$9,$0,$488,$719,$100,$22,$15,$856,$1343,$128,$0,$12,$215,$344,$0,$614,$1,$999,$1343,$157,$56,$12,$68,$-0,$-2,$7,$8,$65,$291,$-93,$0,$-1,$0,$-10,$-10,$0,$-103,$-0,$0,$-0,$-41,$-41,$0,$38,$-3,$185,$33,$0
29,2011-06-30,308.19,$30.01,10.27,$64.34,4.79,$14.50,21.25,$6.04,51.02,$0.44B,$0.12B,3.76,$0.00B,$0.94B,0.0,$2.04B,$0.53B,26.07%,$2.04B,$0.31B,15.24%,$2.04B,$0.31B,15.24%,$2.04B,$0.38B,18.72%,$2.04B,$0.31B,15.14%,$2.04B,$0.19B,9.36%,$0.19B,$0.94B,22.64%,$0.19B,$0.92B,23.25%,$0.19B,$1.26B,16.70%,$0.31B,$0.94B,36.87%,$572,$424,$147,$0,$42,$488,$84,$-2,$82,$31,$51,$51,$51,$102,$84,$31,32,$1.63,$1.59,$385,$8,$0,$442,$696,$90,$22,$15,$822,$1264,$117,$0,$12,$207,$325,$0,$554,$1,$939,$1264,$97,$37,$7,$44,$-1,$-1,$6,$-5,$34,$175,$-58,$0,$-1,$0,$0,$0,$0,$-58,$-0,$0,$-0,$-22,$-22,$0,$30,$8,$125,$22,$0
30,2011-03-31,272.37,$27.73,9.82,$61.02,4.46,$13.56,20.08,$5.91,46.09,$0.38B,$0.10B,3.8,$0.00B,$0.86B,0.0,$1.94B,$0.51B,26.34%,$1.94B,$0.30B,15.60%,$1.94B,$0.30B,15.60%,$1.94B,$0.37B,19.21%,$1.94B,$0.30B,15.60%,$1.94B,$0.19B,9.61%,$0.19B,$0.86B,23.36%,$0.19B,$0.84B,24.02%,$0.19B,$1.16B,17.22%,$0.30B,$0.86B,37.93%,$509,$381,$128,$0,$32,$435,$75,$0,$75,$29,$46,$46,$46,$93,$75,$31,32,$1.49,$1.46,$328,$9,$0,$377,$683,$59,$22,$16,$781,$1158,$99,$0,$11,$196,$295,$0,$503,$1,$863,$1158,$46,$18,$5,$23,$-2,$-2,$3,$1,$-1,$68,$-26,$0,$0,$0,$20,$20,$0,$-6,$-0,$0,$-0,$-13,$-13,$0,$9,$-4,$58,$9,$0
31,2010-12-31,212.66,$26.09,8.15,$57.84,3.68,$13.51,15.75,$5.64,37.71,$0.41B,$0.12B,3.3,$0.00B,$0.81B,0.0,$1.84B,$0.49B,26.62%,$1.84B,$0.29B,15.68%,$1.84B,$0.29B,15.68%,$1.84B,$0.36B,19.43%,$1.84B,$0.29B,15.68%,$1.84B,$0.18B,9.69%,$0.18B,$0.81B,23.30%,$0.18B,$0.79B,23.99%,$0.18B,$1.12B,17.13%,$0.29B,$0.81B,37.70%,$483,$357,$125,$0,$29,$409,$74,$0,$74,$28,$46,$46,$46,$92,$74,$31,32,$1.50,$1.47,$350,$7,$0,$406,$677,$0,$22,$17,$715,$1122,$123,$0,$10,$188,$311,$0,$457,$1,$811,$1122,$179,$69,$23,$92,$-1,$-1,$7,$10,$18,$289,$-113,$0,$-2,$0,$-75,$-75,$0,$-190,$-0,$0,$-0,$-127,$-127,$0,$32,$-95,$5,$21,$0
32,2010-09-30,172.0,$24.60,6.99,$54.71,3.14,$12.43,13.84,$5.16,33.33,$0.35B,$0.10B,3.34,$0.00B,$0.76B,0.0,$1.74B,$0.46B,26.35%,$1.74B,$0.26B,15.15%,$1.74B,$0.26B,15.15%,$1.74B,$0.33B,19.00%,$1.74B,$0.27B,15.21%,$1.74B,$0.16B,9.41%,$0.16B,$0.76B,22.25%,$0.16B,$0.74B,22.93%,$0.16B,$1.03B,16.42%,$0.26B,$0.76B,35.82%,$477,$345,$132,$0,$34,$399,$78,$0,$78,$30,$48,$48,$48,$95,$78,$31,32,$1.55,$1.52,$301,$7,$0,$345,$658,$0,$22,$7,$687,$1032,$103,$0,$9,$168,$271,$0,$410,$1,$761,$1032,$133,$51,$13,$64,$1,$-2,$5,$9,$-0,$196,$-71,$0,$0,$0,$-40,$-40,$0,$-111,$-0,$0,$-0,$-100,$-100,$0,$6,$-94,$-9,$18,$0
33,2010-06-30,136.81,$24.04,5.69,$51.76,2.64,$11.57,11.82,$4.72,28.99,$0.34B,$0.10B,3.37,$0.00B,$0.75B,0.0,$1.65B,$0.43B,25.77%,$1.65B,$0.24B,14.58%,$1.65B,$0.24B,14.58%,$1.65B,$0.31B,18.51%,$1.65B,$0.24B,14.64%,$1.65B,$0.15B,9.07%,$0.15B,$0.75B,20.91%,$0.15B,$0.73B,21.57%,$0.15B,$1.01B,15.45%,$0.24B,$0.75B,33.60%,$467,$341,$125,$0,$30,$392,$75,$0,$75,$29,$46,$46,$46,$92,$75,$31,32,$1.48,$1.46,$307,$6,$0,$339,$642,$0,$22,$6,$670,$1009,$101,$0,$9,$159,$259,$0,$362,$-0,$750,$1009,$84,$34,$4,$37,$1,$-1,$5,$5,$7,$129,$-42,$0,$0,$0,$-55,$-55,$0,$-97,$-0,$0,$-0,$-53,$-53,$0,$3,$-50,$-18,$12,$0
34,2010-03-31,112.67,$23.34,4.83,$49.16,2.29,$10.78,10.45,$4.36,25.84,$0.33B,$0.10B,3.26,$0.00B,$0.73B,0.0,$1.58B,$0.40B,25.52%,$1.58B,$0.22B,14.16%,$1.58B,$0.22B,14.16%,$1.58B,$0.29B,18.22%,$1.58B,$0.22B,14.22%,$1.58B,$0.14B,8.83%,$0.14B,$0.73B,20.09%,$0.14B,$0.71B,20.74%,$0.14B,$0.99B,14.83%,$0.22B,$0.73B,32.23%,$410,$303,$107,$0,$26,$348,$61,$0,$61,$24,$38,$38,$38,$78,$61,$31,32,$1.20,$1.19,$298,$6,$0,$327,$638,$0,$22,$6,$666,$993,$100,$0,$8,$158,$258,$0,$315,$-0,$734,$993,$38,$17,$0,$17,$1,$-1,$2,$3,$5,$60,$-20,$0,$0,$0,$-55,$-55,$0,$-75,$-0,$0,$-0,$-14,$-14,$0,$2,$-12,$-27,$5,$0
35,2009-12-31,88.16,$22.34,3.95,$47.23,1.87,$10.62,8.3,$3.95,22.32,$0.30B,$0.10B,2.91,$0.00B,$0.70B,0.0,$1.52B,$0.38B,24.88%,$1.52B,$0.20B,13.36%,$1.52B,$0.20B,13.36%,$1.52B,$0.27B,17.45%,$1.52B,$0.20B,13.43%,$1.52B,$0.13B,8.29%,$0.13B,$0.70B,18.90%,$0.13B,$0.68B,19.53%,$0.13B,$0.96B,13.96%,$0.20B,$0.70B,30.45%,$388,$293,$95,$0,$25,$337,$50,$0,$51,$19,$32,$32,$32,$66,$50,$32,32,$1.00,$0.99,$270,$6,$0,$297,$636,$0,$22,$6,$664,$962,$102,$0,$7,$156,$258,$0,$278,$0,$703,$962,$127,$61,$19,$80,$-1,$-1,$1,$19,$54,$261,$-117,$0,$0,$0,$50,$50,$0,$-67,$-0,$0,$-0,$-72,$-72,$0,$10,$-62,$132,$15,$0
36,2009-09-30,97.05,$21.55,4.5,$45.58,2.13,$7.55,12.85,$3.48,27.89,$0.27B,$0.09B,3.09,$0.00B,$0.68B,0.0,$1.48B,$0.36B,24.12%,$1.48B,$0.18B,12.26%,$1.48B,$0.18B,12.26%,$1.48B,$0.24B,16.33%,$1.48B,$0.18B,12.26%,$1.48B,$0.11B,7.52%,$0.11B,$0.68B,17.16%,$0.11B,$0.66B,17.77%,$0.11B,$0.92B,12.78%,$0.18B,$0.68B,27.99%,$388,$289,$99,$0,$25,$333,$55,$0,$55,$20,$34,$34,$34,$70,$55,$32,32,$1.09,$1.08,$238,$6,$0,$269,$622,$0,$22,$7,$651,$920,$87,$0,$7,$151,$238,$0,$246,$-0,$682,$920,$95,$45,$27,$72,$1,$-1,$3,$12,$12,$179,$-80,$0,$0,$0,$100,$100,$0,$20,$-0,$0,$-0,$-59,$-59,$0,$10,$-48,$150,$11,$0
37,2009-06-30,80.0,$20.51,3.9,$43.72,1.83,$5.69,14.07,$2.99,26.76,$0.24B,$0.08B,2.96,$0.00B,$0.65B,0.0,$1.43B,$0.33B,23.09%,$1.43B,$0.16B,10.99%,$1.43B,$0.16B,10.99%,$1.43B,$0.22B,15.12%,$1.43B,$0.16B,11.06%,$1.43B,$0.10B,6.72%,$0.10B,$0.65B,15.13%,$0.10B,$0.63B,15.67%,$0.10B,$0.87B,11.34%,$0.16B,$0.65B,24.74%,$389,$288,$101,$0,$26,$332,$57,$0,$57,$22,$35,$35,$35,$73,$57,$32,32,$1.11,$1.10,$208,$6,$0,$239,$606,$0,$22,$6,$634,$873,$81,$0,$6,$143,$224,$0,$211,$-0,$649,$873,$61,$30,$19,$49,$1,$-1,$0,$7,$5,$115,$-52,$0,$0,$0,$100,$100,$0,$48,$-0,$0,$-0,$-49,$-49,$0,$7,$-43,$120,$8,$0
38,2009-03-31,66.38,$19.87,3.34,$41.88,1.59,$4.47,14.86,$2.63,25.24,$0.23B,$0.09B,2.6,$0.00B,$0.63B,0.0,$1.38B,$0.31B,22.09%,$1.38B,$0.14B,9.99%,$1.38B,$0.14B,9.99%,$1.38B,$0.19B,14.05%,$1.38B,$0.14B,10.14%,$1.38B,$0.09B,6.15%,$0.09B,$0.63B,13.61%,$0.09B,$0.61B,14.11%,$0.09B,$0.86B,10.31%,$0.14B,$0.63B,22.10%,$354,$271,$83,$0,$24,$313,$41,$0,$41,$16,$25,$25,$25,$56,$41,$32,32,$0.79,$0.78,$205,$6,$0,$230,$596,$0,$22,$6,$624,$855,$89,$0,$5,$133,$222,$0,$176,$-0,$633,$855,$25,$15,$8,$23,$1,$-1,$-1,$3,$15,$63,$-27,$0,$0,$0,$100,$100,$0,$73,$-0,$0,$-0,$-20,$-20,$0,$1,$-19,$117,$3,$0
39,2008-12-31,61.98,$19.34,3.2,$40.08,1.55,$3.84,16.15,$2.37,26.15,$0.21B,$0.08B,2.75,$0.00B,$0.62B,0.0,$1.33B,$0.29B,21.55%,$1.33B,$0.12B,9.31%,$1.33B,$0.12B,9.31%,$1.33B,$0.18B,13.29%,$1.33B,$0.13B,9.53%,$1.33B,$0.08B,5.78%,$0.08B,$0.62B,12.59%,$0.08B,$0.60B,13.06%,$0.08B,$0.83B,9.64%,$0.12B,$0.62B,20.28%,$345,$272,$73,$0,$24,$317,$28,$0,$28,$11,$17,$17,$17,$42,$28,$33,33,$0.53,$0.51,$188,$5,$0,$211,$586,$0,$22,$6,$614,$825,$77,$0,$5,$126,$202,$0,$151,$-0,$623,$825,$78,$53,$34,$87,$1,$-0,$4,$20,$34,$199,$-152,$0,$0,$0,$-80,$-80,$0,$-232,$-0,$0,$-0,$-30,$-30,$0,$0,$-30,$-63,$11,$0
40,2008-09-30,55.49,$19.25,2.88,$38.38,1.45,$2.63,21.09,$2.38,23.32,$0.24B,$0.08B,2.96,$0.00B,$0.63B,0.0,$1.28B,$0.28B,21.79%,$1.28B,$0.12B,9.64%,$1.28B,$0.12B,9.64%,$1.28B,$0.17B,13.64%,$1.28B,$0.13B,10.03%,$1.28B,$0.08B,6.11%,$0.08B,$0.63B,13.08%,$0.08B,$0.61B,13.58%,$0.08B,$0.83B,10.09%,$0.12B,$0.63B,20.63%,$341,$268,$73,$0,$23,$309,$31,$1,$32,$12,$19,$19,$19,$45,$31,$33,33,$0.59,$0.59,$212,$5,$0,$240,$566,$0,$22,$4,$592,$832,$81,$0,$4,$118,$199,$0,$134,$-0,$633,$832,$61,$39,$27,$66,$0,$-1,$5,$15,$23,$151,$-110,$0,$0,$0,$20,$20,$0,$-90,$-0,$0,$-0,$0,$0,$0,$0,$0,$61,$9,$0
41,2008-06-30,82.62,$18.54,4.46,$36.75,2.25,$1.63,50.76,$2.41,34.28,$0.22B,$0.07B,3.09,$0.00B,$0.61B,0.0,$1.22B,$0.27B,22.19%,$1.22B,$0.12B,10.07%,$1.22B,$0.12B,10.07%,$1.22B,$0.17B,14.09%,$1.22B,$0.13B,10.57%,$1.22B,$0.08B,6.55%,$0.08B,$0.61B,13.98%,$0.08B,$0.59B,14.54%,$0.08B,$0.79B,10.87%,$0.12B,$0.61B,21.49%,$341,$264,$76,$0,$21,$302,$38,$1,$39,$15,$24,$24,$24,$51,$38,$33,33,$0.74,$0.74,$196,$5,$0,$220,$539,$0,$22,$5,$566,$787,$71,$0,$4,$106,$178,$0,$114,$0,$609,$787,$42,$25,$16,$40,$-0,$-1,$5,$8,$13,$96,$-71,$0,$0,$0,$20,$20,$0,$-51,$-0,$0,$-0,$0,$0,$0,$0,$0,$44,$5,$0
42,2008-03-31,113.43,$17.69,6.41,$34.81,3.26,$0.87,129.66,$2.27,49.97,$0.21B,$0.08B,2.77,$0.00B,$0.58B,0.0,$1.15B,$0.26B,22.44%,$1.15B,$0.12B,10.05%,$1.15B,$0.12B,10.05%,$1.15B,$0.16B,14.04%,$1.15B,$0.12B,10.57%,$1.15B,$0.08B,6.59%,$0.08B,$0.58B,13.87%,$0.08B,$0.56B,14.46%,$0.08B,$0.75B,10.85%,$0.12B,$0.58B,21.18%,$305,$241,$65,$0,$22,$279,$27,$1,$28,$11,$17,$17,$17,$39,$27,$33,33,$0.53,$0.52,$187,$5,$0,$211,$515,$0,$22,$4,$541,$752,$76,$0,$4,$95,$171,$0,$90,$0,$581,$752,$17,$12,$6,$18,$1,$-0,$4,$3,$13,$48,$-32,$0,$0,$0,$20,$20,$0,$-12,$-0,$0,$-0,$0,$0,$0,$0,$-0,$36,$2,$0
43,2007-12-31,147.07,$17.13,8.58,$32.81,4.48,$0.35,416.28,$2.13,69.05,$0.20B,$0.07B,2.75,$0.00B,$0.56B,0.0,$1.09B,$0.24B,22.40%,$1.09B,$0.11B,9.95%,$1.09B,$0.11B,9.95%,$1.09B,$0.15B,14.01%,$1.09B,$0.11B,10.51%,$1.09B,$0.07B,6.54%,$0.07B,$0.56B,13.55%,$0.07B,$0.54B,14.12%,$0.07B,$0.72B,10.61%,$0.11B,$0.56B,20.61%,$289,$225,$64,$0,$21,$261,$27,$1,$29,$11,$18,$18,$18,$39,$27,$33,33,$0.54,$0.53,$171,$4,$0,$202,$495,$0,$22,$3,$520,$722,$73,$0,$3,$87,$160,$0,$72,$0,$562,$722,$71,$44,$11,$55,$-1,$-1,$2,$16,$22,$147,$-141,$0,$-6,$0,$-20,$-20,$0,$-166,$-0,$0,$-0,$4,$4,$0,$13,$17,$-2,$8,$0
44,2007-09-30,118.13,$16.40,7.2,$30.86,3.83,$0.35,333.23,$1.93,61.21,$0.19B,$0.07B,2.69,$0.00B,$0.54B,0.0,$1.02B,$0.22B,22.05%,$1.02B,$0.10B,9.45%,$1.02B,$0.10B,9.45%,$1.02B,$0.14B,13.58%,$1.02B,$0.10B,10.04%,$1.02B,$0.06B,6.30%,$0.06B,$0.54B,12.75%,$0.06B,$0.52B,13.28%,$0.06B,$0.68B,10.00%,$0.10B,$0.54B,19.12%,$286,$220,$66,$0,$19,$255,$31,$2,$33,$12,$21,$21,$21,$43,$31,$33,33,$0.63,$0.62,$168,$4,$0,$189,$469,$0,$22,$3,$495,$683,$70,$0,$4,$76,$147,$0,$53,$0,$537,$683,$53,$32,$2,$34,$-1,$-1,$3,$11,$18,$106,$-98,$0,$-6,$0,$0,$0,$0,$-104,$-0,$0,$-0,$2,$2,$0,$10,$12,$14,$6,$0
45,2007-06-30,85.28,$15.63,5.46,$28.65,2.98,$0.47,183.0,$1.67,51.07,$0.18B,$0.06B,2.93,$0.00B,$0.51B,0.0,$0.94B,$0.20B,21.57%,$0.94B,$0.08B,8.82%,$0.94B,$0.08B,8.82%,$0.94B,$0.12B,12.96%,$0.94B,$0.09B,9.46%,$0.94B,$0.06B,5.84%,$0.06B,$0.51B,11.43%,$0.06B,$0.49B,11.90%,$0.06B,$0.65B,8.98%,$0.08B,$0.51B,17.25%,$274,$211,$64,$0,$18,$244,$31,$1,$32,$12,$20,$20,$20,$41,$31,$33,33,$0.61,$0.60,$156,$4,$0,$176,$444,$0,$22,$3,$469,$646,$60,$0,$3,$75,$135,$0,$33,$0,$511,$646,$32,$21,$2,$23,$-1,$-1,$1,$7,$7,$62,$-63,$0,$-6,$0,$0,$0,$0,$-68,$-0,$6,$6,$1,$1,$0,$2,$9,$3,$4,$0
46,2007-03-31,62.1,$14.90,4.17,$26.59,2.34,$0.73,84.88,$1.40,44.36,$0.18B,$0.07B,2.66,$0.00B,$0.49B,0.0,$0.87B,$0.18B,20.99%,$0.87B,$0.07B,7.80%,$0.87B,$0.07B,7.80%,$0.87B,$0.11B,12.04%,$0.87B,$0.07B,8.49%,$0.87B,$0.05B,5.28%,$0.05B,$0.49B,9.98%,$0.05B,$0.47B,10.39%,$0.05B,$0.63B,7.87%,$0.07B,$0.49B,14.75%,$236,$187,$49,$0,$17,$217,$19,$1,$20,$8,$12,$12,$12,$29,$19,$33,33,$0.38,$0.38,$159,$4,$0,$177,$426,$0,$20,$3,$449,$626,$67,$0,$3,$73,$140,$0,$13,$0,$486,$626,$12,$10,$1,$11,$-0,$-1,$0,$2,$7,$31,$-32,$0,$-1,$0,$0,$0,$0,$-33,$-0,$0,$-0,$0,$0,$0,$7,$7,$5,$2,$0
47,2006-12-31,57.0,$14.56,3.91,$25.44,2.24,$1.06,53.66,$1.28,44.53,$0.18B,$0.06B,2.92,$0.00B,$0.47B,0.0,$0.82B,$0.17B,20.90%,$0.82B,$0.06B,7.53%,$0.82B,$0.06B,7.53%,$0.82B,$0.10B,11.79%,$0.82B,$0.07B,8.26%,$0.82B,$0.04B,5.10%,$0.04B,$0.47B,9.51%,$0.04B,$0.46B,9.92%,$0.04B,$0.60B,7.55%,$0.06B,$0.47B,14.04%,$220,$175,$45,$0,$17,$204,$15,$2,$17,$7,$11,$11,$11,$25,$15,$32,32,$0.34,$0.33,$154,$4,$0,$179,$405,$0,$18,$3,$425,$604,$61,$0,$0,$69,$130,$0,$3,$0,$474,$604,$41,$34,$7,$41,$-3,$-1,$1,$11,$21,$104,$-97,$0,$0,$0,$0,$0,$0,$-97,$1,$2,$3,$136,$136,$0,$8,$147,$154,$5,$0
