,Date,Stock Price,Book Value per Share,Price to Book Ratio,TTM Sales per Share,Price to Sales Ratio,TTM FCF per Share,Price to FCF Ratio,TTM Net EPS,PE Ratio,Current Assets,Current Liabilities,Current Ratio,Long Term Debt,Shareholder's Equity_x,Debt to Equity Ratio,TTM Revenue_x,TTM Gross Profit,Gross Margin,TTM Revenue_y,TTM Operating Income,Operating Margin,TTM Revenue_x,TTM EBIT,EBIT Margin,TTM Revenue_y,TTM EBITDA,EBITDA Margin,TTM Revenue_x,TTM Pre-Tax Income,Pre-Tax Margin,TTM Revenue_y,TTM Net Income_x,Net Margin,TTM Net Income_y,Shareholder's Equity_y,Return on Equity,TTM Net Income_x,Tangible Equity,Return on Tangible Equity,TTM Net Income_y,Total Assets,Return on Assets,TTM Net Income,LT Investments & Debt,Return on Investment,revenue,cost-goods-sold,gross-profit,research-development-expenses,selling-general-administrative-expenses,operating-expenses,operating-income,total-non-operating-income-expense,pre-tax-income,total-provision-income-taxes,income-after-taxes,income-from-continuous-operations,net-income,ebitda,ebit,basic-shares-outstanding,shares-outstanding,eps-basic-net-earnings-per-share,eps-earnings-per-share-diluted,cash-on-hand,inventory,other-current-assets,total-current-assets,net-property-plant-equipment,long-term-investments,goodwill-intangible-assets-total,other-long-term-assets,total-long-term-assets,total-assets,total-current-liabilities,long-term-debt,other-non-current-liabilities,total-long-term-liabilities,total-liabilities,common-stock-net,retained-earnings-accumulated-deficit,comprehensive-income,total-share-holder-equity,total-liabilities-share-holders-equity,net-income-loss,total-depreciation-amortization-cash-flow,other-non-cash-items,total-non-cash-items,change-in-accounts-receivable,change-in-inventories,change-in-accounts-payable,change-in-assets-liabilities,total-change-in-assets-liabilities,cash-flow-from-operating-activities,net-change-in-property-plant-equipment,net-change-in-intangible-assets,net-acquisitions-divestitures,net-change-in-short-term-investments,net-change-in-long-term-investments,net-change-in-investments-total,investing-activities-other,cash-flow-from-investing-activities,net-long-term-debt,net-current-debt,debt-issuance-retirement-net-total,net-common-equity-issued-repurchased,net-total-equity-issued-repurchased,total-common-preferred-stock-dividends-paid,financial-activities-other,cash-flow-from-financial-activities,net-cash-flow,stock-based-compensation,common-stock-dividends-paid
0,2018-09-30,146.07,$50.38,2.9,$140.40,1.04,$18.29,7.99,$7.91,18.47,$9.86B,$6.42B,1.54,$1.56B,$8.06B,0.19,$23.12B,$5.56B,24.03%,$23.12B,$2.67B,11.56%,$23.12B,$2.67B,11.56%,$23.12B,$3.28B,14.18%,$23.12B,$2.64B,11.41%,$23.12B,$1.29B,5.57%,$1.29B,$8.06B,15.75%,$1.29B,$6.00B,21.00%,$1.29B,$18.99B,6.93%,$2.67B,$9.62B,27.41%,$5943,$4392,$1551,$229,$604,$5140,$803,$2,$805,$107,$698,$698,$692,$951,$803,$161,162,$4.29,$4.28,$1407,$3831,$0,$9863,$3870,$1255,$2060,$922,$9129,$18992,$6416,$1563,$2341,$4516,$10932,$2151,$12519,$-1799,$8060,$18992,$1577,$456,$-269,$187,$-429,$-773,$467,$18,$-376,$1388,$-347,$0,$-79,$-74,$-55,$-129,$36,$-519,$-54,$511,$457,$-879,$-879,$-537,$-1,$-960,$-147,$38,$-537
1,2018-06-30,131.96,$50.18,2.63,$135.32,0.98,$19.59,6.73,$6.34,20.81,$9.84B,$6.10B,1.61,$1.56B,$8.19B,0.19,$22.46B,$5.35B,23.80%,$22.46B,$2.49B,11.09%,$22.46B,$2.49B,11.09%,$22.46B,$3.10B,13.79%,$22.46B,$2.46B,10.93%,$22.46B,$1.05B,4.67%,$1.05B,$8.19B,12.63%,$1.05B,$6.18B,16.72%,$1.05B,$18.92B,5.72%,$2.49B,$9.75B,25.20%,$6132,$4692,$1440,$219,$613,$5410,$722,$-7,$715,$161,$554,$554,$545,$876,$722,$164,164,$3.33,$3.32,$1532,$3559,$0,$9835,$3824,$1303,$2019,$912,$9080,$18915,$6104,$1556,$2441,$4617,$10721,$2239,$12009,$-1667,$8194,$18915,$879,$308,$-196,$112,$-555,$-475,$442,$-24,$-518,$473,$-186,$0,$0,$-36,$-50,$-86,$36,$-236,$-33,$504,$471,$-379,$-379,$-355,$10,$-253,$-51,$28,$-355
2,2018-03-31,159.65,$50.49,3.16,$128.26,1.24,$21.69,7.36,$5.55,28.77,$9.20B,$5.83B,1.58,$1.57B,$8.30B,0.19,$21.41B,$5.16B,24.09%,$21.41B,$2.36B,11.00%,$21.41B,$2.36B,11.00%,$21.41B,$2.95B,13.79%,$21.41B,$2.34B,10.93%,$21.41B,$0.93B,4.33%,$0.93B,$8.30B,11.30%,$0.93B,$6.25B,14.32%,$0.93B,$18.39B,5.25%,$2.36B,$9.87B,24.04%,$5570,$4370,$1200,$210,$577,$5040,$530,$-7,$523,$198,$325,$325,$325,$684,$530,$165,166,$1.97,$1.96,$1387,$3411,$0,$9201,$3892,$1288,$2045,$908,$9191,$18392,$5832,$1571,$2078,$4264,$10096,$2217,$11641,$-1397,$8296,$18392,$325,$154,$-132,$22,$-217,$-259,$246,$38,$-464,$-117,$-72,$0,$-16,$42,$-15,$27,$25,$-36,$-16,$295,$279,$-163,$-163,$-178,$10,$-52,$-162,$9,$-178
3,2017-12-31,172.86,$49.42,3.5,$121.96,1.42,$24.60,7.03,$5.95,29.05,$8.93B,$5.68B,1.57,$1.59B,$8.16B,0.2,$20.43B,$5.09B,24.92%,$20.43B,$2.37B,11.58%,$20.43B,$2.37B,11.58%,$20.43B,$2.95B,14.43%,$20.43B,$2.37B,11.58%,$20.43B,$1.00B,4.89%,$1.00B,$8.16B,12.48%,$1.00B,$6.11B,15.19%,$1.00B,$18.08B,5.88%,$2.37B,$9.75B,24.66%,$5476,$4110,$1366,$206,$604,$4859,$617,$0,$596,$905,$-309,$-309,$-274,$767,$617,$167,167,$-1.62,$-1.63,$1567,$3166,$0,$8928,$3927,$1156,$2055,$966,$9147,$18075,$5677,$1588,$2027,$4234,$9911,$2210,$11464,$-1503,$8164,$18075,$994,$583,$369,$952,$-508,$-407,$639,$229,$331,$2277,$-396,$0,$-662,$148,$-147,$1,$5,$-1052,$-54,$98,$44,$-451,$-451,$-701,$34,$-1074,$249,$41,$-701
4,2017-09-30,163.38,$51.57,3.17,$115.82,1.41,$21.75,7.51,$9.85,16.59,$9.06B,$5.76B,1.57,$1.62B,$8.56B,0.19,$19.46B,$4.84B,24.90%,$19.46B,$2.26B,11.59%,$19.46B,$2.26B,11.59%,$19.46B,$2.83B,14.53%,$19.46B,$2.28B,11.70%,$19.46B,$1.65B,8.49%,$1.65B,$8.56B,21.28%,$1.65B,$6.56B,24.86%,$1.65B,$17.99B,10.18%,$2.26B,$10.18B,24.15%,$5285,$3944,$1341,$213,$633,$4663,$622,$0,$622,$165,$457,$457,$453,$771,$622,$166,167,$2.72,$2.71,$1444,$3146,$0,$9056,$3816,$1213,$2000,$995,$8936,$17992,$5758,$1615,$1411,$3673,$9431,$2198,$11791,$-1504,$8561,$17992,$1303,$433,$-227,$206,$-722,$-401,$567,$149,$-38,$1471,$-178,$0,$-671,$121,$-59,$62,$1,$-786,$-38,$321,$283,$-391,$-391,$-522,$30,$-600,$170,$34,$-522
5,2017-06-30,156.64,$46.67,3.36,$109.06,1.44,$20.03,7.82,$8.86,17.68,$8.60B,$4.89B,1.76,$1.56B,$7.82B,0.2,$18.36B,$4.58B,24.96%,$18.36B,$2.02B,10.99%,$18.36B,$2.02B,10.99%,$18.36B,$2.57B,14.01%,$18.36B,$2.04B,11.10%,$18.36B,$1.49B,8.10%,$1.49B,$7.82B,20.00%,$1.49B,$7.00B,22.47%,$1.49B,$16.26B,9.59%,$2.02B,$9.39B,22.39%,$5078,$3827,$1251,$175,$606,$4492,$586,$13,$599,$158,$441,$441,$424,$731,$586,$167,168,$2.53,$2.53,$1467,$2982,$0,$8602,$3787,$1162,$827,$1030,$7658,$16260,$4894,$1564,$1335,$3544,$8438,$2184,$11517,$-1615,$7822,$16260,$846,$284,$-161,$123,$-488,$-264,$403,$74,$-143,$826,$-182,$0,$0,$112,$-104,$8,$14,$-160,$-29,$-78,$-107,$-120,$-120,$-343,$26,$-544,$173,$23,$-343
6,2017-03-31,145.03,$44.53,3.26,$105.59,1.37,$19.44,7.46,$8.73,16.61,$8.16B,$4.66B,1.75,$1.58B,$7.48B,0.21,$17.81B,$4.53B,25.43%,$17.81B,$2.00B,11.22%,$17.81B,$2.00B,11.22%,$17.81B,$2.54B,14.26%,$17.81B,$2.01B,11.30%,$17.81B,$1.47B,8.25%,$1.47B,$7.48B,20.19%,$1.47B,$6.65B,22.72%,$1.47B,$15.63B,9.66%,$2.00B,$9.05B,22.54%,$4589,$3457,$1132,$158,$547,$4049,$540,$8,$548,$143,$405,$405,$396,$679,$540,$168,168,$2.36,$2.36,$1467,$2894,$0,$8159,$3802,$1059,$827,$1002,$7475,$15634,$4662,$1576,$1278,$3496,$8158,$2163,$11265,$-1732,$7476,$15634,$405,$139,$-88,$51,$-205,$-202,$296,$124,$-77,$379,$-81,$0,$-20,$97,$-27,$70,$4,$-27,$-11,$62,$51,$-51,$-51,$-171,$7,$-164,$202,$7,$-171
7,2016-12-31,130.21,$42.83,3.04,$103.23,1.26,$18.81,6.92,$8.24,15.8,$7.71B,$4.33B,1.78,$1.57B,$7.17B,0.22,$17.51B,$4.45B,25.43%,$17.51B,$1.93B,11.01%,$17.51B,$1.93B,11.01%,$17.51B,$2.46B,14.04%,$17.51B,$1.93B,11.02%,$17.51B,$1.39B,7.96%,$1.39B,$7.17B,19.30%,$1.39B,$6.36B,21.75%,$1.39B,$15.01B,9.29%,$1.93B,$8.74B,21.86%,$4503,$3383,$1120,$158,$519,$3996,$507,$1,$508,$112,$396,$396,$378,$646,$507,$169,169,$2.25,$2.24,$1380,$2675,$0,$7707,$3800,$946,$812,$1015,$7304,$15011,$4325,$1568,$1289,$3512,$7837,$2153,$11040,$-1821,$7174,$15011,$1456,$530,$15,$545,$-265,$-4,$188,$214,$-62,$1939,$-517,$0,$-94,$-274,$-44,$-318,$12,$-917,$-52,$231,$179,$-778,$-778,$-676,$-138,$-1413,$-591,$32,$-676
8,2016-09-30,121.18,$43.16,2.81,$103.35,1.17,$17.96,6.75,$6.91,17.54,$7.79B,$4.31B,1.81,$1.59B,$7.26B,0.22,$17.77B,$4.54B,25.57%,$17.77B,$1.65B,9.28%,$17.77B,$1.65B,9.28%,$17.77B,$2.17B,12.22%,$17.77B,$1.63B,9.19%,$17.77B,$1.18B,6.62%,$1.18B,$7.26B,15.98%,$1.18B,$6.46B,17.96%,$1.18B,$15.14B,7.83%,$1.65B,$8.86B,18.40%,$4187,$3108,$1079,$157,$513,$3803,$384,$-2,$382,$82,$300,$300,$289,$516,$384,$168,168,$1.72,$1.72,$1501,$2820,$0,$7794,$3677,$1077,$801,$1014,$7342,$15136,$4308,$1593,$1344,$3564,$7872,$2209,$10833,$-1632,$7264,$15136,$1060,$391,$-23,$368,$-112,$-150,$101,$326,$-114,$1314,$-301,$0,$-1,$-220,$-71,$-291,$3,$-590,$-45,$298,$253,$-745,$-745,$-505,$-48,$-1045,$-460,$28,$-505
9,2016-06-30,105.47,$42.65,2.47,$104.50,1.01,$16.09,6.55,$7.33,14.39,$7.63B,$4.15B,1.84,$1.61B,$7.20B,0.22,$18.21B,$4.67B,25.67%,$18.21B,$1.82B,10.01%,$18.21B,$1.82B,10.01%,$18.21B,$2.34B,12.86%,$18.21B,$1.81B,9.96%,$18.21B,$1.27B,6.97%,$1.27B,$7.20B,16.75%,$1.27B,$6.39B,18.77%,$1.27B,$15.02B,8.35%,$1.82B,$8.81B,19.88%,$4528,$3331,$1197,$155,$524,$3961,$567,$8,$575,$148,$427,$427,$406,$698,$567,$169,169,$2.41,$2.40,$1280,$2778,$0,$7630,$3703,$1073,$809,$1041,$7390,$15020,$4150,$1614,$1434,$3675,$7825,$2196,$10716,$-1620,$7195,$15020,$760,$259,$-180,$79,$-252,$-101,$143,$318,$-101,$738,$-189,$0,$0,$-163,$-44,$-207,$5,$-391,$-24,$200,$176,$-695,$-695,$-333,$-44,$-896,$-666,$20,$-333
10,2016-03-31,102.22,$42.61,2.4,$105.63,0.97,$14.64,6.98,$7.55,13.54,$7.47B,$3.92B,1.91,$1.61B,$7.26B,0.22,$18.69B,$4.81B,25.72%,$18.69B,$1.98B,10.59%,$18.69B,$1.98B,10.59%,$18.69B,$2.49B,13.34%,$18.69B,$1.94B,10.39%,$18.69B,$1.33B,7.13%,$1.33B,$7.26B,17.03%,$1.33B,$6.43B,19.02%,$1.33B,$14.83B,8.65%,$1.98B,$8.87B,21.02%,$4291,$3235,$1056,$166,$490,$3821,$470,$-5,$465,$132,$333,$333,$321,$598,$470,$172,172,$1.87,$1.87,$1274,$2759,$0,$7468,$3712,$1053,$829,$1002,$7359,$14827,$3917,$1614,$1399,$3650,$7567,$2076,$10473,$-1417,$7260,$14827,$333,$128,$-142,$-14,$-98,$-54,$107,$276,$-52,$267,$-71,$0,$0,$-282,$-38,$-320,$3,$-388,$90,$50,$140,$-575,$-575,$-170,$-31,$-636,$-796,$5,$-170
11,2015-12-31,81.02,$44.46,1.82,$106.70,0.76,$13.90,5.83,$7.82,10.36,$7.95B,$3.80B,2.09,$1.58B,$7.75B,0.2,$19.11B,$4.95B,25.89%,$19.11B,$2.06B,10.76%,$19.11B,$2.06B,10.76%,$19.11B,$2.57B,13.45%,$19.11B,$2.03B,10.60%,$19.11B,$1.40B,7.32%,$1.40B,$7.75B,17.43%,$1.40B,$6.94B,19.39%,$1.40B,$15.13B,8.95%,$2.06B,$9.33B,21.39%,$4766,$3554,$1212,$177,$508,$4537,$229,$-17,$212,$34,$178,$178,$161,$360,$229,$178,178,$0.94,$0.94,$1811,$2707,$0,$7947,$3745,$975,$810,$922,$7187,$15134,$3803,$1576,$1358,$3581,$7384,$2178,$10322,$-1348,$7750,$15134,$1470,$514,$43,$557,$103,$150,$-130,$141,$38,$2065,$-719,$0,$-117,$-4,$-62,$-66,$-16,$-918,$-32,$-41,$-73,$-900,$-900,$-622,$-55,$-1650,$-590,$24,$-622
12,2015-09-30,98.98,$45.76,2.16,$107.78,0.92,$14.68,6.74,$9.34,10.6,$8.86B,$3.97B,2.23,$1.60B,$8.08B,0.2,$19.43B,$5.01B,25.77%,$19.43B,$2.41B,12.40%,$19.43B,$2.41B,12.40%,$19.43B,$2.92B,15.01%,$19.43B,$2.43B,12.48%,$19.43B,$1.68B,8.65%,$1.68B,$8.08B,20.73%,$1.68B,$7.26B,23.05%,$1.68B,$15.80B,10.65%,$2.41B,$9.68B,24.83%,$4620,$3412,$1208,$197,$530,$4063,$557,$4,$561,$169,$392,$392,$380,$686,$557,$177,177,$2.15,$2.14,$1723,$3059,$0,$8862,$3717,$959,$818,$656,$6935,$15797,$3968,$1595,$1514,$3748,$7716,$2173,$10331,$-1258,$8081,$15797,$1292,$383,$-349,$34,$-163,$-179,$-52,$352,$-195,$1131,$-393,$0,$-102,$70,$-47,$23,$-5,$-477,$-40,$-38,$-78,$-650,$-650,$-452,$-35,$-1215,$-613,$24,$-452
13,2015-06-30,118.68,$45.99,2.58,$108.51,1.09,$15.87,7.48,$9.52,12.47,$9.00B,$4.05B,2.22,$1.58B,$8.21B,0.19,$19.70B,$5.08B,25.80%,$19.70B,$2.51B,12.74%,$19.70B,$2.51B,12.74%,$19.70B,$3.00B,15.24%,$19.70B,$2.53B,12.86%,$19.70B,$1.73B,8.75%,$1.73B,$8.21B,21.25%,$1.73B,$7.40B,23.62%,$1.73B,$15.88B,10.95%,$2.51B,$9.79B,25.88%,$5015,$3683,$1332,$166,$537,$4292,$723,$-19,$704,$208,$496,$496,$471,$849,$723,$179,180,$2.63,$2.62,$1849,$2986,$0,$9003,$3653,$995,$812,$631,$6875,$15878,$4053,$1576,$1393,$3611,$7664,$2164,$10123,$-1071,$8214,$15878,$900,$254,$-224,$30,$-426,$-127,$97,$116,$-361,$569,$-247,$0,$-15,$-13,$-39,$-52,$14,$-300,$-19,$0,$-19,$-514,$-514,$-280,$-16,$-829,$-541,$17,$-280
14,2015-03-31,124.73,$44.51,2.8,$106.98,1.17,$16.57,7.53,$9.33,13.37,$9.00B,$4.06B,2.22,$1.60B,$8.07B,0.2,$19.52B,$4.96B,25.39%,$19.52B,$2.40B,12.29%,$19.52B,$2.40B,12.29%,$19.52B,$2.88B,14.74%,$19.52B,$2.47B,12.66%,$19.52B,$1.70B,8.71%,$1.70B,$8.07B,20.98%,$1.70B,$7.26B,23.32%,$1.70B,$15.74B,10.85%,$2.40B,$9.67B,24.74%,$4709,$3514,$1195,$195,$517,$4161,$548,$0,$548,$144,$404,$404,$387,$676,$548,$181,181,$2.14,$2.14,$2112,$2936,$0,$9000,$3637,$968,$810,$607,$6736,$15736,$4057,$1602,$1359,$3610,$7667,$2146,$9792,$-1245,$8069,$15736,$404,$128,$-146,$-18,$-276,$-98,$147,$49,$-213,$173,$-100,$0,$-11,$-20,$2,$-18,$4,$-125,$-16,$0,$-16,$-137,$-137,$-140,$-3,$-296,$-304,$5,$-140
15,2014-12-31,128.98,$44.69,2.89,$104.81,1.23,$17.01,7.58,$9.02,14.3,$9.06B,$4.02B,2.25,$1.58B,$8.09B,0.2,$19.22B,$4.86B,25.29%,$19.22B,$2.37B,12.30%,$19.22B,$2.37B,12.30%,$19.22B,$2.82B,14.67%,$19.22B,$2.43B,12.66%,$19.22B,$1.65B,8.59%,$1.65B,$8.09B,20.58%,$1.65B,$7.27B,22.92%,$1.65B,$15.76B,10.71%,$2.37B,$9.67B,24.57%,$5090,$3817,$1273,$187,$568,$4509,$581,$31,$612,$145,$467,$467,$444,$706,$581,$183,183,$2.45,$2.44,$2394,$2866,$0,$9055,$3686,$981,$822,$583,$6709,$15764,$4021,$1577,$1415,$3650,$7671,$2139,$9545,$-1078,$8093,$15764,$1736,$455,$-275,$180,$-89,$-256,$244,$283,$350,$2266,$-743,$0,$-436,$47,$-111,$-64,$9,$-1234,$-39,$-40,$-79,$-670,$-670,$-512,$-82,$-1343,$-398,$36,$-512
16,2014-09-30,117.44,$44.32,2.65,$101.49,1.16,$16.23,7.24,$8.90,13.2,$9.07B,$4.04B,2.25,$1.58B,$8.10B,0.2,$18.72B,$4.68B,24.99%,$18.72B,$2.34B,12.48%,$18.72B,$2.34B,12.48%,$18.72B,$2.77B,14.79%,$18.72B,$2.37B,12.66%,$18.72B,$1.64B,8.76%,$1.64B,$8.10B,20.58%,$1.64B,$7.29B,22.93%,$1.64B,$15.64B,10.81%,$2.34B,$9.68B,24.36%,$4890,$3606,$1284,$198,$529,$4231,$659,$10,$669,$230,$439,$439,$423,$772,$659,$182,183,$2.32,$2.32,$2381,$2833,$0,$9068,$3464,$981,$811,$619,$6576,$15644,$4038,$1584,$1358,$3509,$7547,$2125,$9243,$-827,$8097,$15644,$1269,$330,$-329,$1,$-236,$-302,$316,$178,$118,$1388,$-409,$0,$-266,$103,$-79,$24,$11,$-640,$-33,$-41,$-74,$-605,$-605,$-370,$-50,$-1099,$-371,$27,$-370
17,2014-06-30,136.57,$44.36,3.08,$97.60,1.4,$15.78,8.65,$8.48,16.1,$9.08B,$3.81B,2.38,$1.63B,$8.16B,0.2,$18.10B,$4.47B,24.73%,$18.10B,$2.20B,12.17%,$18.10B,$2.20B,12.17%,$18.10B,$2.63B,14.51%,$18.10B,$2.23B,12.31%,$18.10B,$1.57B,8.68%,$1.57B,$8.16B,20.12%,$1.57B,$7.34B,22.48%,$1.57B,$15.50B,10.59%,$2.20B,$9.79B,23.25%,$4835,$3630,$1205,$179,$513,$4223,$612,$30,$642,$170,$472,$472,$446,$724,$612,$183,183,$2.44,$2.43,$2377,$2745,$0,$9080,$3329,$934,$818,$668,$6420,$15500,$3809,$1627,$1332,$3533,$7342,$2113,$8961,$-669,$8158,$15500,$830,$217,$-325,$-108,$-321,$-223,$289,$114,$-21,$701,$-245,$0,$-193,$4,$-37,$-33,$8,$-463,$-22,$-48,$-70,$-430,$-430,$-229,$-27,$-756,$-480,$21,$-229
18,2014-03-31,131.33,$42.06,3.12,$95.25,1.38,$16.94,7.75,$8.25,15.92,$8.50B,$3.56B,2.39,$1.63B,$7.73B,0.21,$17.79B,$4.42B,24.86%,$17.79B,$2.20B,12.37%,$17.79B,$2.20B,12.37%,$17.79B,$2.61B,14.70%,$17.79B,$2.20B,12.36%,$17.79B,$1.54B,8.65%,$1.54B,$7.73B,20.41%,$1.54B,$6.91B,22.89%,$1.54B,$14.75B,10.83%,$2.20B,$9.37B,24.48%,$4406,$3307,$1099,$190,$485,$3893,$513,$-2,$511,$153,$358,$358,$338,$618,$513,$184,185,$1.83,$1.83,$2307,$2580,$0,$8499,$3232,$966,$821,$611,$6252,$14751,$3555,$1632,$1251,$3462,$7017,$2101,$8629,$-755,$7734,$14751,$358,$105,$-92,$13,$-232,$-135,$302,$52,$-108,$263,$-107,$0,$-90,$29,$-20,$9,$1,$-187,$-18,$0,$-18,$-419,$-419,$-115,$-50,$-602,$-521,$10,$-115
19,2013-12-31,123.7,$42.15,2.93,$92.17,1.34,$17.75,6.97,$7.91,15.64,$8.64B,$3.37B,2.57,$1.67B,$7.87B,0.21,$17.30B,$4.28B,24.74%,$17.30B,$2.10B,12.14%,$17.30B,$2.10B,12.14%,$17.30B,$2.51B,14.50%,$17.30B,$2.12B,12.25%,$17.30B,$1.48B,8.57%,$1.48B,$7.87B,20.13%,$1.48B,$7.05B,22.63%,$1.48B,$14.73B,10.81%,$2.10B,$9.54B,24.46%,$4588,$3499,$1089,$181,$425,$4035,$553,$-6,$547,$86,$461,$461,$432,$655,$553,$187,187,$2.32,$2.32,$2849,$2381,$0,$8639,$3156,$931,$818,$670,$6089,$14728,$3368,$1672,$1230,$3490,$6858,$2099,$8406,$-784,$7870,$14728,$1588,$407,$-52,$355,$-148,$-46,$163,$423,$146,$2089,$-676,$0,$-147,$108,$-106,$2,$-25,$-846,$914,$-3,$911,$-381,$-381,$-420,$-58,$52,$1330,$37,$-420
20,2013-09-30,116.04,$39.83,2.91,$90.32,1.28,$14.65,7.92,$7.61,15.25,$8.53B,$3.39B,2.52,$1.73B,$7.46B,0.23,$17.01B,$4.16B,24.45%,$17.01B,$2.01B,11.84%,$17.01B,$2.01B,11.84%,$17.01B,$2.42B,14.21%,$17.01B,$2.05B,12.03%,$17.01B,$1.42B,8.35%,$1.42B,$7.46B,19.88%,$1.42B,$6.65B,22.43%,$1.42B,$14.34B,10.78%,$2.01B,$9.20B,24.78%,$4266,$3185,$1081,$173,$464,$3742,$524,$4,$528,$154,$374,$374,$355,$629,$524,$186,187,$1.91,$1.90,$2661,$2513,$0,$8526,$2948,$966,$819,$1077,$5810,$14336,$3390,$1731,$1344,$3482,$6872,$2095,$8089,$-968,$7464,$14336,$1127,$305,$-106,$199,$-216,$-206,$252,$323,$7,$1333,$-417,$0,$-145,$58,$-55,$3,$14,$-545,$925,$34,$959,$-289,$-289,$-305,$-21,$344,$1130,$29,$-305
21,2013-06-30,94.24,$37.87,2.49,$89.23,1.06,$11.66,8.08,$7.57,12.45,$7.40B,$3.46B,2.14,$0.75B,$7.09B,0.11,$16.86B,$4.12B,24.43%,$16.86B,$1.98B,11.76%,$16.86B,$1.98B,11.76%,$16.86B,$2.37B,14.07%,$16.86B,$2.00B,11.89%,$16.86B,$1.42B,8.41%,$1.42B,$7.09B,20.28%,$1.42B,$6.28B,22.94%,$1.42B,$13.05B,11.16%,$1.98B,$7.85B,25.74%,$4525,$3372,$1153,$177,$484,$3915,$610,$3,$613,$172,$441,$441,$414,$712,$610,$188,188,$2.20,$2.20,$1587,$2475,$0,$7404,$2882,$924,$810,$1028,$5644,$13048,$3462,$754,$1325,$2493,$5955,$2082,$7850,$-1099,$7093,$13048,$753,$200,$-81,$119,$-265,$-184,$310,$314,$88,$960,$-275,$0,$-134,$14,$-28,$-14,$12,$-411,$-49,$56,$7,$-289,$-289,$-189,$-2,$-473,$13,$19,$-189
22,2013-03-31,100.2,$37.14,2.7,$88.61,1.13,$8.71,11.5,$7.84,12.78,$7.22B,$3.26B,2.22,$0.74B,$7.05B,0.1,$16.78B,$4.18B,24.87%,$16.78B,$2.02B,12.04%,$16.78B,$2.02B,12.04%,$16.78B,$2.39B,14.26%,$16.78B,$2.05B,12.23%,$16.78B,$1.47B,8.77%,$1.47B,$7.05B,21.58%,$1.47B,$6.24B,24.29%,$1.47B,$12.76B,11.80%,$2.02B,$7.78B,26.89%,$3922,$2965,$957,$182,$444,$3508,$414,$17,$431,$119,$312,$312,$282,$512,$414,$188,189,$1.50,$1.49,$1679,$2387,$0,$7220,$2769,$944,$810,$1013,$5536,$12756,$3257,$736,$1296,$2454,$5711,$2064,$7530,$-1095,$7045,$12756,$312,$98,$-43,$55,$-29,$-177,$204,$205,$61,$428,$-114,$0,$-17,$24,$-36,$-12,$0,$-143,$-27,$15,$-12,$0,$0,$-95,$4,$-103,$114,$7,$-95
23,2012-12-31,93.34,$36.74,2.54,$91.27,1.02,$6.50,14.36,$8.73,10.69,$7.17B,$3.14B,2.29,$0.70B,$6.97B,0.1,$17.33B,$4.42B,25.48%,$17.33B,$2.25B,13.00%,$17.33B,$2.25B,13.00%,$17.33B,$2.62B,15.09%,$17.33B,$2.27B,13.10%,$17.33B,$1.65B,9.49%,$1.65B,$6.97B,24.73%,$1.65B,$6.16B,27.67%,$1.65B,$12.55B,13.36%,$2.25B,$7.67B,30.80%,$4292,$3326,$966,$174,$390,$3827,$465,$8,$473,$75,$398,$398,$369,$564,$465,$189,190,$1.96,$1.96,$1616,$2221,$0,$7167,$2724,$897,$814,$764,$5381,$12548,$3136,$698,$1064,$2438,$5574,$2058,$7343,$-950,$6974,$12548,$1738,$361,$-6,$355,$87,$-32,$-256,$154,$-561,$1532,$-690,$0,$-215,$36,$-157,$-121,$44,$-982,$-81,$0,$-81,$-256,$-256,$-340,$-17,$-694,$-115,$36,$-340
24,2012-09-30,79.04,$35.95,2.2,$94.06,0.84,$9.60,8.24,$9.57,8.26,$7.12B,$3.31B,2.15,$0.67B,$6.83B,0.1,$17.96B,$4.69B,26.11%,$17.96B,$2.53B,14.11%,$17.96B,$2.53B,14.11%,$17.96B,$2.88B,16.02%,$17.96B,$2.56B,14.23%,$17.96B,$1.82B,10.15%,$1.82B,$6.83B,28.66%,$1.82B,$6.03B,31.89%,$1.82B,$12.41B,15.08%,$2.53B,$7.50B,36.08%,$4118,$3076,$1042,$186,$456,$3625,$493,$-6,$487,$117,$370,$370,$352,$584,$493,$189,189,$1.87,$1.86,$1272,$2570,$0,$7115,$2557,$962,$808,$972,$5299,$12414,$3309,$670,$1184,$2271,$5580,$2046,$7068,$-808,$6834,$12414,$1340,$262,$-30,$232,$66,$-367,$-145,$59,$-785,$787,$-424,$0,$-205,$55,$-154,$-99,$9,$-719,$-56,$5,$-51,$-231,$-231,$-246,$-22,$-550,$-451,$29,$-246
25,2012-06-30,82.66,$33.81,2.45,$96.28,0.86,$12.82,6.45,$10.06,8.22,$7.25B,$3.57B,2.03,$0.65B,$6.44B,0.1,$18.47B,$4.84B,26.19%,$18.47B,$2.68B,14.51%,$18.47B,$2.68B,14.51%,$18.47B,$3.02B,16.33%,$18.47B,$2.70B,14.61%,$18.47B,$1.92B,10.42%,$1.92B,$6.44B,31.84%,$1.92B,$5.82B,35.24%,$1.92B,$12.17B,16.27%,$2.68B,$7.09B,40.01%,$4452,$3242,$1210,$187,$487,$3804,$648,$13,$661,$166,$495,$495,$469,$734,$648,$190,190,$2.47,$2.47,$1406,$2581,$0,$7246,$2424,$890,$613,$996,$4923,$12169,$3570,$653,$966,$2162,$5732,$2036,$6810,$-946,$6437,$12169,$970,$171,$-133,$38,$-116,$-439,$61,$56,$-611,$397,$-266,$0,$-12,$5,$-80,$-75,$3,$-350,$-29,$3,$-26,$-196,$-196,$-152,$-12,$-386,$-339,$21,$-152
26,2012-03-31,101.99,$33.08,3.08,$96.74,1.05,$14.85,6.87,$10.19,10.01,$7.32B,$3.63B,2.02,$0.65B,$6.36B,0.1,$18.66B,$4.83B,25.88%,$18.66B,$2.80B,15.01%,$18.66B,$2.80B,15.01%,$18.66B,$3.13B,16.78%,$18.66B,$2.80B,15.00%,$18.66B,$1.96B,10.50%,$1.96B,$6.36B,33.72%,$1.96B,$5.77B,37.39%,$1.96B,$12.12B,16.88%,$2.80B,$7.01B,43.20%,$4472,$3274,$1198,$181,$475,$3824,$648,$2,$650,$175,$475,$475,$455,$733,$648,$190,191,$2.39,$2.38,$1569,$2382,$0,$7317,$2391,$903,$592,$916,$4802,$12119,$3630,$650,$896,$2131,$5761,$2017,$6416,$-813,$6358,$12119,$475,$85,$-111,$-26,$-135,$-209,$148,$-36,$-428,$21,$-126,$0,$-5,$49,$-21,$28,$1,$-102,$-26,$0,$-26,$-8,$-8,$-77,$-2,$-113,$-167,$7,$-77
27,2011-12-31,74.54,$30.37,2.45,$92.98,0.8,$15.38,4.84,$9.56,7.8,$7.09B,$3.66B,1.94,$0.66B,$5.83B,0.11,$18.05B,$4.59B,25.43%,$18.05B,$2.68B,14.85%,$18.05B,$2.68B,14.85%,$18.05B,$3.01B,16.66%,$18.05B,$2.67B,14.80%,$18.05B,$1.85B,10.24%,$1.85B,$5.83B,33.46%,$1.85B,$5.27B,37.31%,$1.85B,$11.67B,16.41%,$2.68B,$6.49B,43.24%,$4921,$3680,$1241,$179,$496,$4176,$745,$13,$758,$186,$572,$572,$548,$827,$745,$193,194,$2.87,$2.85,$1761,$2141,$0,$7091,$2288,$838,$566,$885,$4577,$11668,$3657,$658,$1090,$2180,$5837,$2001,$6038,$-938,$5831,$11668,$1946,$325,$-183,$142,$0,$0,$0,$-15,$-15,$2073,$-614,$0,$199,$3,$-141,$-138,$1,$-552,$-110,$6,$-104,$-629,$-629,$-255,$-37,$-1025,$461,$42,$-255
28,2011-09-30,68.86,$28.74,2.4,$88.56,0.78,$11.38,6.05,$8.54,8.06,$7.03B,$3.74B,1.88,$0.67B,$5.54B,0.12,$17.27B,$4.33B,25.09%,$17.27B,$2.46B,14.25%,$17.27B,$2.46B,14.25%,$17.27B,$2.79B,16.13%,$17.27B,$2.44B,14.15%,$17.27B,$1.66B,9.63%,$1.66B,$5.54B,31.28%,$1.66B,$4.98B,35.07%,$1.66B,$11.34B,15.19%,$2.46B,$6.21B,40.99%,$4626,$3438,$1188,$164,$489,$3987,$639,$-10,$629,$157,$472,$472,$452,$723,$639,$192,193,$2.35,$2.35,$1438,$2295,$0,$7026,$2168,$830,$561,$628,$4312,$11338,$3742,$665,$866,$2052,$5794,$1982,$5567,$-811,$5544,$11338,$1374,$243,$9,$252,$0,$-367,$317,$88,$-258,$1368,$-377,$0,$111,$38,$-135,$-97,$7,$-356,$-78,$-5,$-83,$-546,$-546,$-178,$-33,$-840,$142,$28,$-178
29,2011-06-30,86.85,$28.34,3.07,$81.88,1.06,$8.76,9.91,$7.63,11.38,$7.14B,$3.71B,1.92,$0.70B,$5.52B,0.13,$16.04B,$3.97B,24.77%,$16.04B,$2.26B,14.07%,$16.04B,$2.26B,14.07%,$16.04B,$2.58B,16.05%,$16.04B,$2.25B,14.04%,$16.04B,$1.49B,9.31%,$1.49B,$5.52B,29.56%,$1.49B,$4.95B,33.39%,$1.49B,$11.31B,14.11%,$2.26B,$6.22B,39.19%,$4641,$3438,$1203,$157,$463,$3873,$768,$-6,$762,$225,$537,$537,$505,$848,$768,$194,194,$2.61,$2.60,$1474,$2275,$0,$7137,$2117,$761,$564,$619,$4176,$11313,$3713,$702,$839,$2083,$5796,$1968,$5191,$-645,$5517,$11313,$902,$159,$-59,$100,$-513,$-290,$307,$69,$-258,$744,$-215,$0,$111,$-12,$-42,$-54,$7,$-151,$-34,$11,$-23,$-373,$-373,$-102,$-15,$-513,$88,$18,$-102
30,2011-03-31,91.77,$26.49,3.47,$74.26,1.24,$7.96,11.53,$6.28,14.61,$6.49B,$3.45B,1.88,$0.69B,$5.20B,0.13,$14.61B,$3.52B,24.12%,$14.61B,$1.89B,12.90%,$14.61B,$1.89B,12.90%,$14.61B,$2.21B,15.09%,$14.61B,$1.88B,12.88%,$14.61B,$1.23B,8.45%,$1.23B,$5.20B,26.19%,$1.23B,$4.61B,29.91%,$1.23B,$10.73B,12.28%,$1.89B,$5.88B,34.84%,$3860,$2903,$957,$129,$389,$3331,$529,$-7,$522,$157,$365,$365,$343,$608,$529,$196,196,$1.75,$1.75,$1086,$2202,$0,$6494,$2064,$822,$585,$574,$4232,$10726,$3451,$685,$810,$2076,$5527,$1949,$4737,$-642,$5199,$10726,$365,$79,$-85,$-6,$-306,$-210,$251,$22,$-271,$88,$-91,$0,$0,$37,$-31,$6,$7,$-78,$-7,$1,$-6,$-190,$-190,$-51,$-15,$-262,$-244,$5,$-51
31,2010-12-31,91.88,$25.26,3.64,$67.05,1.37,$8.56,10.73,$5.28,17.4,$6.29B,$3.26B,1.93,$0.71B,$5.00B,0.14,$13.23B,$3.17B,23.95%,$13.23B,$1.60B,12.11%,$13.23B,$1.60B,12.11%,$13.23B,$1.92B,14.53%,$13.23B,$1.62B,12.23%,$13.23B,$1.04B,7.86%,$1.04B,$5.00B,23.50%,$1.04B,$4.41B,27.12%,$1.04B,$10.40B,10.87%,$1.60B,$5.71B,31.33%,$4139,$3155,$984,$123,$423,$3614,$525,$5,$530,$139,$391,$391,$362,$606,$525,$197,197,$1.84,$1.84,$1362,$1977,$0,$6289,$2041,$734,$589,$749,$4113,$10402,$3260,$709,$803,$2146,$5406,$1934,$4445,$-720,$4996,$10402,$1140,$320,$-342,$-22,$0,$0,$0,$-112,$-112,$1006,$-309,$0,$-104,$-131,$-45,$-176,$-62,$-651,$71,$9,$80,$-183,$-183,$-172,$8,$-267,$93,$22,$-172
32,2010-09-30,75.44,$22.72,3.32,$63.25,1.19,$9.26,8.15,$4.80,15.72,$5.98B,$3.07B,1.95,$0.73B,$4.49B,0.16,$12.49B,$2.96B,23.68%,$12.49B,$1.46B,11.71%,$12.49B,$1.46B,11.71%,$12.49B,$1.79B,14.33%,$12.49B,$1.46B,11.70%,$12.49B,$0.95B,7.59%,$0.95B,$4.49B,22.67%,$0.95B,$3.91B,26.41%,$0.95B,$9.87B,10.34%,$1.46B,$5.23B,30.14%,$3401,$2571,$830,$103,$375,$2966,$435,$3,$438,$129,$309,$309,$283,$513,$435,$196,196,$1.45,$1.44,$1245,$1910,$0,$5978,$1891,$689,$584,$417,$3894,$9872,$3071,$732,$765,$2307,$5378,$1922,$4135,$-864,$4494,$9872,$749,$239,$-166,$73,$-198,$-524,$336,$81,$-203,$619,$-124,$0,$-77,$-106,$-45,$-151,$-54,$-406,$99,$-4,$95,$-189,$-189,$-120,$4,$-210,$7,$17,$-120
33,2010-06-30,54.07,$20.93,2.58,$58.72,0.92,$9.44,5.73,$3.84,14.08,$5.45B,$2.81B,1.94,$0.67B,$4.16B,0.16,$11.62B,$2.63B,22.64%,$11.62B,$1.17B,10.11%,$11.62B,$1.17B,10.11%,$11.62B,$1.51B,12.97%,$11.62B,$1.17B,10.06%,$11.62B,$0.76B,6.54%,$0.76B,$4.16B,18.96%,$0.76B,$3.57B,22.26%,$0.76B,$9.21B,8.65%,$1.17B,$4.83B,25.24%,$3208,$2455,$753,$96,$354,$2812,$396,$-4,$392,$122,$270,$270,$246,$478,$396,$197,197,$1.25,$1.25,$1193,$1652,$0,$5445,$1838,$622,$588,$340,$3765,$9210,$2807,$669,$743,$2243,$5050,$1868,$3900,$-960,$4160,$9210,$440,$161,$-108,$53,$-57,$-301,$239,$67,$-66,$427,$-49,$0,$-71,$-98,$-23,$-121,$-2,$-243,$48,$-1,$47,$-162,$-162,$-70,$12,$-173,$-6,$11,$-70
34,2010-03-31,51.3,$20.20,2.54,$54.78,0.94,$8.48,6.05,$2.87,17.87,$4.92B,$2.49B,1.98,$0.64B,$4.05B,0.16,$10.84B,$2.33B,21.45%,$10.84B,$0.90B,8.29%,$10.84B,$0.90B,8.29%,$10.84B,$1.23B,11.33%,$10.84B,$0.88B,8.08%,$10.84B,$0.57B,5.26%,$0.57B,$4.05B,14.74%,$0.57B,$3.45B,17.43%,$0.57B,$8.77B,6.69%,$0.90B,$4.69B,19.99%,$2478,$1877,$601,$92,$335,$2232,$246,$11,$257,$87,$170,$170,$149,$325,$246,$198,199,$0.75,$0.75,$1102,$1549,$0,$4920,$1862,$638,$604,$332,$3849,$8769,$2486,$640,$719,$2231,$4717,$1862,$3689,$-955,$4052,$8769,$170,$79,$-141,$-62,$275,$-189,$54,$32,$18,$126,$-9,$0,$-71,$-36,$-28,$-64,$0,$-144,$50,$5,$55,$-39,$-39,$-35,$12,$-7,$-45,$6,$-35
35,2009-12-31,37.86,$19.97,1.9,$54.68,0.69,$7.98,4.74,$2.16,17.53,$5.00B,$2.43B,2.06,$0.64B,$4.02B,0.16,$10.80B,$2.17B,20.08%,$10.80B,$0.68B,6.31%,$10.80B,$0.68B,6.31%,$10.80B,$1.01B,9.33%,$10.80B,$0.64B,5.93%,$10.80B,$0.43B,3.96%,$0.43B,$4.02B,11.53%,$0.43B,$3.43B,13.75%,$0.43B,$8.82B,5.12%,$0.68B,$4.66B,15.70%,$3400,$2627,$773,$108,$348,$3015,$385,$-11,$374,$84,$290,$290,$270,$473,$385,$197,198,$1.37,$1.36,$1120,$1341,$0,$5003,$1886,$574,$592,$325,$3813,$8816,$2432,$637,$760,$2364,$4796,$1860,$3575,$-895,$4020,$8816,$484,$326,$45,$371,$0,$0,$0,$282,$282,$1137,$-300,$0,$-2,$-114,$-38,$-152,$-55,$-509,$-21,$-2,$-23,$52,$52,$-141,$-29,$-141,$504,$20,$-141
36,2009-09-30,36.86,$18.85,1.96,$54.22,0.68,$6.16,5.99,$1.25,29.49,$4.64B,$2.31B,2.01,$0.62B,$3.80B,0.16,$10.69B,$1.93B,18.06%,$10.69B,$0.40B,3.73%,$10.69B,$0.40B,3.73%,$10.69B,$0.72B,6.72%,$10.69B,$0.31B,2.93%,$10.69B,$0.20B,1.88%,$0.20B,$3.80B,5.62%,$0.20B,$3.21B,6.75%,$0.20B,$8.36B,2.42%,$0.40B,$4.42B,9.49%,$2530,$2027,$503,$90,$304,$2383,$147,$-1,$146,$36,$110,$110,$95,$231,$147,$197,198,$0.48,$0.48,$834,$1461,$0,$4643,$1859,$538,$592,$323,$3712,$8355,$2311,$621,$740,$2241,$4552,$1842,$3340,$-862,$3803,$8355,$194,$238,$54,$292,$89,$360,$-155,$135,$244,$730,$-196,$0,$-2,$-84,$-29,$-113,$-53,$-364,$-49,$-4,$-53,$54,$54,$-106,$-15,$-120,$260,$16,$-106
37,2009-06-30,28.85,$17.81,1.62,$60.22,0.48,$5.57,5.18,$1.94,14.87,$4.37B,$2.11B,2.07,$0.62B,$3.60B,0.17,$11.85B,$2.25B,18.96%,$11.85B,$0.64B,5.36%,$11.85B,$0.64B,5.36%,$11.85B,$0.95B,7.97%,$11.85B,$0.54B,4.53%,$11.85B,$0.34B,2.83%,$0.34B,$3.60B,9.31%,$0.34B,$2.99B,11.15%,$0.34B,$8.12B,3.96%,$0.64B,$4.21B,15.05%,$2431,$1983,$448,$79,$287,$2310,$121,$-22,$99,$29,$70,$70,$56,$199,$121,$197,197,$0.28,$0.28,$551,$1535,$0,$4373,$1860,$527,$603,$259,$3748,$8121,$2114,$617,$792,$2412,$4526,$1796,$3280,$-931,$3595,$8121,$84,$154,$115,$269,$86,$282,$-253,$95,$-32,$321,$-132,$0,$-1,$43,$-19,$24,$0,$-109,$-34,$-5,$-39,$0,$0,$-71,$-9,$-119,$108,$12,$-71
38,2009-03-31,20.74,$16.98,1.22,$67.68,0.31,$5.70,3.64,$3.15,6.58,$4.43B,$2.28B,1.94,$0.65B,$3.43B,0.19,$13.31B,$2.68B,20.12%,$13.31B,$0.98B,7.38%,$13.31B,$0.98B,7.38%,$13.31B,$1.30B,9.75%,$13.31B,$0.90B,6.73%,$13.31B,$0.57B,4.30%,$0.57B,$3.43B,15.64%,$0.57B,$2.82B,18.62%,$0.57B,$8.18B,6.61%,$0.98B,$4.08B,22.99%,$2439,$1994,$445,$85,$300,$2410,$29,$-8,$21,$7,$14,$14,$7,$105,$29,$197,197,$0.04,$0.04,$418,$1738,$0,$4434,$1833,$526,$607,$271,$3744,$8178,$2281,$651,$781,$2470,$4751,$1790,$3260,$-1052,$3427,$8178,$14,$76,$124,$200,$49,$44,$-103,$45,$-138,$76,$-58,$0,$3,$-24,$-11,$-35,$0,$-90,$-12,$4,$-8,$0,$0,$-35,$-10,$-53,$-73,$6,$-35
39,2008-12-31,21.61,$17.29,1.25,$72.98,0.3,$5.35,4.04,$4.08,5.3,$4.71B,$2.64B,1.79,$0.63B,$3.48B,0.18,$14.34B,$2.94B,20.50%,$14.34B,$1.27B,8.87%,$14.34B,$1.27B,8.87%,$14.34B,$1.59B,11.06%,$14.34B,$1.18B,8.21%,$14.34B,$0.76B,5.26%,$0.76B,$3.48B,20.39%,$0.76B,$2.90B,24.12%,$0.76B,$8.52B,8.61%,$1.27B,$4.11B,29.60%,$3288,$2754,$534,$102,$341,$3186,$102,$-55,$47,$-12,$59,$59,$43,$183,$102,$195,197,$0.22,$0.21,$503,$1783,$0,$4713,$1841,$588,$585,$301,$3806,$8519,$2639,$629,$745,$2400,$5039,$1793,$3288,$-1066,$3480,$8519,$818,$314,$13,$327,$0,$0,$0,$-158,$-158,$987,$-514,$0,$-78,$-34,$-171,$-205,$-51,$-848,$-76,$33,$-43,$-65,$-65,$-122,$-7,$-237,$-151,$28,$-122
40,2008-09-30,35.04,$19.33,1.81,$73.84,0.47,$5.45,6.43,$4.63,7.57,$5.45B,$2.98B,1.83,$0.59B,$3.89B,0.15,$14.57B,$3.09B,21.19%,$14.57B,$1.48B,10.12%,$14.57B,$1.48B,10.12%,$14.57B,$1.78B,12.24%,$14.57B,$1.44B,9.89%,$14.57B,$0.91B,6.25%,$0.91B,$3.89B,24.69%,$0.91B,$3.32B,29.12%,$0.91B,$8.99B,10.47%,$1.48B,$4.48B,34.61%,$3693,$2873,$820,$113,$388,$3310,$383,$-13,$370,$123,$247,$247,$229,$458,$383,$195,197,$1.18,$1.17,$655,$1991,$0,$5448,$1740,$590,$577,$0,$3537,$8985,$2978,$587,$704,$2115,$5093,$1784,$3281,$-388,$3892,$8985,$759,$233,$-70,$163,$-310,$-334,$198,$43,$-197,$725,$-310,$0,$-142,$-7,$-40,$-47,$-53,$-552,$-20,$5,$-15,$-71,$-71,$-86,$1,$-171,$-5,$27,$-86
41,2008-06-30,52.38,$18.90,2.77,$71.93,0.73,$5.21,10.06,$4.38,11.96,$5.41B,$2.94B,1.84,$0.59B,$3.83B,0.15,$14.25B,$2.92B,20.49%,$14.25B,$1.38B,9.69%,$14.25B,$1.38B,9.69%,$14.25B,$1.69B,11.84%,$14.25B,$1.36B,9.57%,$14.25B,$0.87B,6.07%,$0.87B,$3.83B,24.64%,$0.87B,$3.26B,29.20%,$0.87B,$8.96B,10.23%,$1.38B,$4.42B,33.86%,$3887,$3008,$879,$104,$370,$3419,$468,$-11,$457,$147,$310,$310,$293,$551,$468,$195,197,$1.50,$1.49,$629,$1924,$0,$5412,$1700,$629,$572,$0,$3543,$8955,$2936,$586,$673,$2187,$5123,$1734,$3087,$-269,$3832,$8955,$512,$158,$-51,$107,$-316,$-202,$172,$31,$-213,$406,$-191,$0,$-117,$-17,$-36,$-53,$5,$-356,$-24,$1,$-23,$-45,$-45,$-51,$8,$-111,$-55,$17,$-51
42,2008-03-31,37.36,$19.53,1.91,$68.76,0.54,$4.45,8.4,$3.96,9.45,$5.13B,$2.86B,1.79,$0.58B,$3.61B,0.16,$13.71B,$2.71B,19.78%,$13.71B,$1.25B,9.15%,$13.71B,$1.25B,9.15%,$13.71B,$1.55B,11.32%,$13.71B,$1.25B,9.09%,$13.71B,$0.79B,5.74%,$0.79B,$3.61B,23.51%,$0.79B,$3.05B,28.00%,$0.79B,$8.63B,9.62%,$1.25B,$4.19B,32.16%,$3474,$2767,$707,$103,$351,$3155,$319,$-15,$304,$102,$202,$202,$190,$394,$319,$195,196,$0.97,$0.97,$554,$1877,$0,$5132,$1672,$588,$555,$0,$3493,$8625,$2862,$578,$635,$2155,$5017,$1726,$2820,$-248,$3608,$8625,$202,$75,$-43,$32,$-193,$-165,$164,$20,$-197,$37,$-89,$0,$-49,$-3,$-14,$-17,$3,$-152,$-5,$14,$9,$-11,$-11,$-25,$5,$-22,$-131,$8,$-25
43,2007-12-31,50.7,$16.86,3.01,$65.08,0.78,$3.92,12.93,$3.70,13.72,$4.82B,$2.71B,1.78,$0.56B,$3.41B,0.16,$13.05B,$2.56B,19.59%,$13.05B,$1.16B,8.87%,$13.05B,$1.16B,8.87%,$13.05B,$1.45B,11.10%,$13.05B,$1.17B,8.96%,$13.05B,$0.74B,5.66%,$0.74B,$3.41B,23.28%,$0.74B,$2.87B,27.88%,$0.74B,$8.20B,9.38%,$1.16B,$3.96B,30.96%,$3516,$2834,$682,$93,$359,$3211,$305,$5,$310,$97,$213,$247,$198,$380,$305,$198,200,$1.00,$1.01,$697,$1692,$0,$4815,$1645,$514,$538,$412,$3380,$8195,$2711,$555,$594,$2075,$4786,$1719,$2660,$-287,$3409,$8195,$788,$290,$-224,$66,$0,$0,$0,$-44,$-44,$810,$-309,$0,$-51,$-24,$-67,$-91,$-64,$-515,$-129,$-12,$-141,$-322,$-322,$-89,$-24,$-576,$-263,$28,$-89
44,2007-09-30,50.8,$15.65,3.25,$62.42,0.81,$4.57,11.13,$3.63,13.98,$4.95B,$2.70B,1.83,$0.55B,$3.20B,0.17,$12.57B,$2.51B,19.98%,$12.57B,$1.15B,9.14%,$12.57B,$1.15B,9.14%,$12.57B,$1.44B,11.44%,$12.57B,$1.14B,9.09%,$12.57B,$0.73B,5.81%,$0.73B,$3.20B,24.15%,$0.73B,$2.66B,29.05%,$0.73B,$8.03B,9.48%,$1.15B,$3.74B,31.82%,$3372,$2720,$652,$82,$340,$3083,$289,$3,$292,$97,$195,$184,$184,$362,$289,$198,200,$0.93,$0.92,$744,$1770,$0,$4947,$1544,$448,$531,$196,$3085,$8032,$2704,$549,$542,$2133,$4837,$276,$2488,$-432,$3195,$8032,$541,$215,$-64,$151,$-222,$-329,$218,$43,$-169,$523,$-149,$0,$-20,$-12,$-73,$-85,$-69,$-323,$-119,$-14,$-133,$-210,$-210,$-63,$-21,$-427,$-216,$20,$-63
45,2007-06-30,40.11,$15.19,2.64,$59.39,0.68,$5.12,7.83,$3.56,11.28,$4.85B,$2.54B,1.91,$0.54B,$3.16B,0.17,$12.00B,$2.48B,20.62%,$12.00B,$1.14B,9.48%,$12.00B,$1.14B,9.48%,$12.00B,$1.43B,11.90%,$12.00B,$1.12B,9.36%,$12.00B,$0.72B,5.97%,$0.72B,$3.16B,24.79%,$0.72B,$2.64B,29.92%,$0.72B,$7.84B,9.45%,$1.14B,$3.70B,32.09%,$3343,$2673,$670,$74,$314,$3002,$341,$-1,$340,$112,$228,$214,$214,$415,$341,$200,201,$1.07,$1.06,$731,$1652,$0,$4852,$1536,$406,$517,$142,$2992,$7844,$2543,$544,$526,$2142,$4685,$276,$2329,$-473,$3159,$7844,$357,$142,$-23,$119,$-287,$-236,$215,$27,$-320,$156,$-89,$0,$-20,$-3,$-56,$-59,$-8,$-176,$-111,$-8,$-119,$-36,$-36,$-38,$-6,$-199,$-214,$12,$-38
46,2007-03-31,28.62,$14.08,2.03,$56.75,0.5,$6.15,4.65,$3.59,7.98,$4.46B,$2.29B,1.95,$0.61B,$2.94B,0.21,$11.50B,$2.45B,21.31%,$11.50B,$1.11B,9.62%,$11.50B,$1.11B,9.62%,$11.50B,$1.40B,12.14%,$11.50B,$1.08B,9.41%,$11.50B,$0.72B,6.29%,$0.72B,$2.94B,26.50%,$0.72B,$2.43B,32.20%,$0.72B,$7.45B,9.70%,$1.11B,$3.55B,32.23%,$2817,$2265,$552,$80,$283,$2594,$223,$4,$227,$75,$152,$143,$143,$291,$223,$200,201,$0.72,$0.71,$590,$1563,$0,$4463,$1541,$378,$510,$141,$2985,$7448,$2285,$613,$518,$2226,$4511,$275,$2134,$-513,$2937,$7448,$143,$68,$-1,$67,$-153,$-165,$126,$9,$-323,$-113,$-46,$0,$-20,$26,$-30,$-4,$-3,$-73,$-97,$-2,$-99,$-13,$-13,$-19,$-4,$-135,$-319,$6,$-19
47,2006-12-31,23.31,$13.45,1.73,$55.87,0.42,$6.88,3.39,$3.55,6.57,$4.49B,$2.40B,1.87,$0.65B,$2.80B,0.23,$11.36B,$2.47B,21.70%,$11.36B,$1.13B,9.95%,$11.36B,$1.13B,9.95%,$11.36B,$1.43B,12.56%,$11.36B,$1.08B,9.53%,$11.36B,$0.72B,6.29%,$0.72B,$2.80B,28.73%,$0.72B,$2.32B,35.45%,$0.72B,$7.47B,9.74%,$1.13B,$3.45B,33.97%,$3033,$2397,$636,$78,$300,$2737,$296,$-13,$283,$80,$203,$189,$189,$370,$296,$191,203,$0.95,$0.94,$935,$1393,$0,$4488,$1574,$345,$484,$141,$2977,$7465,$2399,$647,$473,$2264,$4663,$137,$2009,$-526,$2802,$7465,$715,$296,$-3,$293,$0,$0,$0,$-168,$-168,$840,$-200,$0,$4,$-38,$-52,$-90,$9,$-277,$-306,$-3,$-309,$-121,$-121,$-66,$-12,$-508,$61,$18,$-66
