,Date,Stock Price,Book Value per Share,Price to Book Ratio,TTM Sales per Share,Price to Sales Ratio,TTM FCF per Share,Price to FCF Ratio,TTM Net EPS,PE Ratio,Current Assets,Current Liabilities,Current Ratio,Long Term Debt,Shareholder's Equity_x,Debt to Equity Ratio,TTM Revenue_x,TTM Gross Profit,Gross Margin,TTM Revenue_y,TTM Operating Income,Operating Margin,TTM Revenue_x,TTM EBIT,EBIT Margin,TTM Revenue_y,TTM EBITDA,EBITDA Margin,TTM Revenue_x,TTM Pre-Tax Income,Pre-Tax Margin,TTM Revenue_y,TTM Net Income_x,Net Margin,TTM Net Income_y,Shareholder's Equity_y,Return on Equity,TTM Net Income_x,Tangible Equity,Return on Tangible Equity,TTM Net Income_y,Total Assets,Return on Assets,TTM Net Income,LT Investments & Debt,Return on Investment,revenue,cost-goods-sold,gross-profit,research-development-expenses,selling-general-administrative-expenses,operating-expenses,operating-income,total-non-operating-income-expense,pre-tax-income,total-provision-income-taxes,income-after-taxes,income-from-continuous-operations,net-income,ebitda,ebit,basic-shares-outstanding,shares-outstanding,eps-basic-net-earnings-per-share,eps-earnings-per-share-diluted,cash-on-hand,inventory,other-current-assets,total-current-assets,net-property-plant-equipment,long-term-investments,goodwill-intangible-assets-total,other-long-term-assets,total-long-term-assets,total-assets,total-current-liabilities,long-term-debt,other-non-current-liabilities,total-long-term-liabilities,total-liabilities,common-stock-net,retained-earnings-accumulated-deficit,comprehensive-income,total-share-holder-equity,total-liabilities-share-holders-equity,net-income-loss,total-depreciation-amortization-cash-flow,other-non-cash-items,total-non-cash-items,change-in-accounts-receivable,change-in-inventories,change-in-accounts-payable,change-in-assets-liabilities,total-change-in-assets-liabilities,cash-flow-from-operating-activities,net-change-in-property-plant-equipment,net-change-in-intangible-assets,net-acquisitions-divestitures,net-change-in-short-term-investments,net-change-in-long-term-investments,net-change-in-investments-total,investing-activities-other,cash-flow-from-investing-activities,net-long-term-debt,net-current-debt,debt-issuance-retirement-net-total,net-common-equity-issued-repurchased,net-total-equity-issued-repurchased,total-common-preferred-stock-dividends-paid,financial-activities-other,cash-flow-from-financial-activities,net-cash-flow,stock-based-compensation,common-stock-dividends-paid
0,2018-09-30,17.02,$20.92,0.81,$47.83,0.36,$2.05,8.3,0.0,0.0,$0.42B,$0.11B,3.82,$1.28B,$0.34B,3.73,$1.13B,$0.73B,64.89%,$1.13B,$-0.21B,-18.76%,$1.13B,$-0.21B,-18.76%,$1.13B,$0.18B,16.27%,$1.13B,$0.17B,15.02%,$1.13B,$0.51B,45.16%,$0.51B,$0.34B,-281.44%,$0.51B,$-0.79B,-34.77%,$0.51B,$1.81B,26.46%,$-0.21B,$1.63B,-45.65%,$282,$98,$184,$0,$126,$239,$43,$-26,$18,$5,$13,$13,$13,$58,$43,$20,20,$0.64,$0.63,$62,$0,$80,$420,$236,$0,$1137,$16,$1389,$1809,$110,$1284,$25,$1355,$1465,$0,$18,$0,$344,$1809,$714,$41,$-683,$-642,$-10,$0,$-0,$-20,$-40,$32,$-22,$0,$-18,$0,$0,$0,$0,$-40,$-41,$0,$-41,$0,$0,$0,$-1,$-42,$-50,$2,$0
1,2018-06-30,0.26,$20.28,0.01,$42.78,0.01,$2.24,0.12,0.0,0.0,$0.41B,$0.13B,3.21,$1.29B,$0.33B,3.89,$1.13B,$0.74B,65.04%,$1.13B,$-0.21B,-18.67%,$1.13B,$-0.21B,-18.67%,$1.13B,$0.19B,16.46%,$1.13B,$0.16B,13.98%,$1.13B,$0.50B,43.89%,$0.50B,$0.33B,-127.51%,$0.50B,$-0.82B,-27.16%,$0.50B,$1.81B,24.16%,$-0.21B,$1.62B,-41.33%,$285,$87,$198,$0,$142,$243,$42,$490,$532,$-174,$706,$706,$706,$57,$42,$20,20,$35.30,$34.79,$67,$0,$80,$414,$236,$0,$1146,$18,$1399,$1813,$129,$1287,$24,$1353,$1483,$0,$5,$0,$331,$1813,$701,$26,$-693,$-667,$-5,$0,$0,$-12,$-7,$27,$-16,$0,$-18,$0,$0,$0,$0,$-34,$-38,$0,$-38,$0,$0,$0,$-1,$-39,$-45,$1,$0
2,2017-09-30,0.32,$-16.73,-0.02,$38.96,0.01,$5.77,0.06,0.0,0.0,$0.40B,$0.10B,4.01,$2.31B,$-0.49B,-4.72,$1.14B,$0.85B,74.43%,$1.14B,$-0.46B,-40.11%,$1.14B,$-0.46B,-40.11%,$1.14B,$0.22B,19.44%,$1.14B,$-0.59B,-51.49%,$1.14B,$-0.54B,-47.64%,$-0.54B,$-0.49B,110.34%,$-0.54B,$-2.26B,23.95%,$-0.54B,$2.34B,-22.73%,$-0.46B,$1.82B,-24.43%,$264,$100,$164,$0,$127,$239,$25,$-30,$-5,$-0,$-5,$-5,$-5,$37,$25,$29,29,$-0.17,$-0.17,$129,$0,$0,$398,$193,$0,$1417,$21,$1631,$2030,$87,$0,$2644,$2644,$2731,$0,$-2099,$0,$-701,$2030,$-5,$12,$1,$13,$21,$0,$-0,$-16,$40,$48,$-9,$0,$0,$0,$0,$0,$0,$-9,$0,$0,$0,$0,$0,$0,$-22,$-22,$17,$0,$0
3,2017-06-30,0.45,$-16.78,-0.03,$38.93,0.01,$9.28,0.05,0.0,0.0,$0.46B,$0.09B,5.09,$2.39B,$-0.49B,-4.86,$1.14B,$0.83B,72.92%,$1.14B,$-0.39B,-34.01%,$1.14B,$-0.39B,-34.01%,$1.14B,$0.30B,26.12%,$1.14B,$-0.52B,-45.22%,$1.14B,$-0.50B,-43.73%,$-0.50B,$-0.49B,139.48%,$-0.50B,$-2.27B,21.73%,$-0.50B,$2.40B,-19.41%,$-0.39B,$1.90B,-19.07%,$294,$110,$184,$0,$154,$615,$-321,$-55,$-376,$-170,$-206,$-206,$-206,$31,$-321,$29,29,$-7.03,$-7.03,$112,$0,$0,$394,$192,$0,$1422,$20,$1634,$2027,$36,$0,$2687,$2687,$2723,$0,$-2094,$0,$-696,$2027,$-207,$408,$-136,$271,$-9,$0,$-1,$-14,$22,$87,$-26,$0,$0,$0,$0,$0,$-1,$-27,$-82,$0,$-82,$0,$0,$0,$-6,$-88,$-28,$2,$0
4,2017-03-31,0.32,$-16.99,-0.02,$38.81,0.01,$9.41,0.03,0.0,0.0,$0.46B,$0.11B,4.04,$2.39B,$-0.50B,-4.79,$1.14B,$0.71B,62.18%,$1.14B,$-0.40B,-35.00%,$1.14B,$-0.40B,-35.00%,$1.14B,$0.30B,26.03%,$1.14B,$-0.53B,-46.35%,$1.14B,$-0.50B,-44.33%,$-0.50B,$-0.50B,215.61%,$-0.50B,$-2.28B,21.59%,$-0.50B,$2.41B,-18.59%,$-0.40B,$1.89B,-18.40%,$287,$98,$189,$0,$131,$244,$43,$-36,$7,$5,$1,$1,$1,$61,$43,$29,29,$0.04,$0.04,$77,$0,$30,$402,$158,$0,$1765,$18,$1941,$2342,$100,$2311,$27,$2732,$2833,$0,$-1887,$0,$-490,$2342,$-0,$55,$10,$65,$-5,$0,$-1,$-27,$-32,$34,$-15,$0,$0,$0,$0,$0,$0,$-15,$-82,$0,$-82,$0,$0,$0,$-0,$-82,$-62,$1,$0
5,2016-12-31,1.02,$-16.78,-0.06,$38.98,0.03,$9.73,0.1,0.0,0.0,$0.44B,$0.10B,4.37,$2.38B,$-0.49B,-4.85,$1.14B,$0.71B,62.43%,$1.14B,$-0.41B,-35.81%,$1.14B,$-0.41B,-35.81%,$1.14B,$0.29B,25.66%,$1.14B,$-0.54B,-47.11%,$1.14B,$-0.51B,-44.75%,$-0.51B,$-0.49B,469.89%,$-0.51B,$-2.28B,21.52%,$-0.51B,$2.41B,-17.90%,$-0.41B,$1.89B,-17.83%,$291,$93,$197,$0,$134,$243,$47,$-34,$13,$7,$6,$6,$6,$66,$47,$29,29,$0.19,$0.19,$149,$0,$30,$455,$157,$0,$1773,$19,$1949,$2404,$89,$2389,$29,$2807,$2896,$0,$-1889,$0,$-492,$2404,$-2,$37,$2,$39,$3,$0,$-0,$-12,$-21,$17,$-7,$0,$0,$0,$0,$0,$0,$-7,$0,$0,$0,$0,$0,$0,$-0,$-0,$10,$1,$0
6,2016-09-30,2.64,$1.75,1.5,$39.33,0.07,$8.12,0.33,0.0,0.0,$0.45B,$0.11B,4.07,$2.41B,$0.05B,46.89,$1.15B,$0.73B,63.34%,$1.15B,$0.19B,16.42%,$1.15B,$0.19B,16.42%,$1.15B,$0.86B,74.63%,$1.15B,$0.07B,5.65%,$1.15B,$0.03B,2.43%,$0.03B,$0.05B,153.42%,$0.03B,$-2.36B,-1.16%,$0.03B,$3.05B,0.93%,$0.19B,$2.46B,7.79%,$264,$102,$162,$0,$128,$244,$21,$-34,$-13,$-6,$-7,$-7,$-7,$39,$21,$29,29,$-0.25,$-0.25,$159,$0,$30,$456,$157,$0,$1782,$19,$1958,$2413,$113,$2387,$30,$2799,$2912,$0,$-1894,$0,$-498,$2413,$-7,$19,$-7,$11,$16,$0,$-1,$-13,$15,$19,$0,$0,$0,$0,$0,$0,$0,$0,$0,$0,$0,$0,$0,$0,$-0,$-0,$20,$1,$0
7,2016-06-30,2.48,$0.02,134.05,$39.47,0.06,$6.52,0.38,0.0,0.0,$0.35B,$0.11B,3.29,$2.41B,$0.00B,554.9,$1.15B,$0.75B,65.25%,$1.15B,$-0.49B,-42.55%,$1.15B,$-0.49B,-42.55%,$1.15B,$0.18B,15.86%,$1.15B,$-0.62B,-53.47%,$1.15B,$-0.56B,-48.53%,$-0.56B,$0.00B,-5333.33%,$-0.56B,$-2.42B,22.97%,$-0.56B,$2.97B,-18.54%,$-0.49B,$2.41B,-20.15%,$300,$-3,$302,$0,$247,$868,$-569,$-26,$-595,$-51,$-544,$-544,$-544,$56,$-569,$29,29,$-18.58,$-18.58,$139,$0,$30,$440,$162,$0,$1792,$19,$1973,$2413,$101,$2384,$31,$2804,$2904,$0,$-1888,$0,$-492,$2413,$-511,$702,$-127,$575,$10,$0,$0,$-21,$-28,$36,$84,$0,$0,$0,$0,$0,$-0,$84,$-20,$0,$-20,$0,$0,$0,$0,$-20,$100,$3,$0
8,2016-03-31,3.71,$0.01,350.42,$30.96,0.12,$6.15,0.6,0.0,0.0,$0.36B,$0.13B,2.75,$2.41B,$0.00B,968.27,$1.17B,$0.77B,66.12%,$1.17B,$-0.48B,-41.17%,$1.17B,$-0.48B,-41.17%,$1.17B,$0.20B,16.72%,$1.17B,$-0.59B,-50.94%,$1.17B,$-0.55B,-47.08%,$-0.55B,$0.00B,-373.47%,$-0.55B,$-2.44B,22.32%,$-0.55B,$2.99B,-17.13%,$-0.48B,$2.41B,-18.51%,$286,$115,$171,$0,$130,$173,$113,$-34,$79,$33,$46,$46,$46,$137,$113,$29,29,$1.58,$1.58,$162,$0,$30,$454,$163,$0,$2409,$26,$2598,$3051,$112,$2410,$37,$2888,$3000,$0,$-1344,$0,$51,$3051,$33,$77,$-68,$9,$21,$0,$0,$-25,$-9,$32,$90,$0,$0,$0,$0,$0,$3,$94,$0,$0,$0,$0,$0,$0,$0,$0,$126,$2,$0
9,2015-12-31,2.64,$0.55,4.82,$22.94,0.12,$5.20,0.51,0.0,0.0,$0.36B,$0.12B,2.93,$2.40B,$0.02B,149.88,$1.17B,$0.77B,66.18%,$1.17B,$-0.48B,-40.92%,$1.17B,$-0.48B,-40.92%,$1.17B,$0.20B,17.04%,$1.17B,$-0.59B,-50.68%,$1.17B,$-0.55B,-46.83%,$-0.55B,$0.02B,-195.53%,$-0.55B,$-2.44B,22.01%,$-0.55B,$3.00B,-16.15%,$-0.48B,$2.42B,-17.41%,$287,$215,$72,$0,$14,$251,$37,$-34,$2,$1,$1,$1,$1,$64,$37,$29,29,$0.04,$0.04,$57,$0,$45,$352,$165,$0,$2423,$26,$2614,$2967,$107,$2408,$39,$2855,$2962,$3,$-1390,$0,$4,$2967,$-13,$53,$-9,$44,$20,$0,$0,$-10,$-5,$25,$-11,$0,$0,$0,$0,$0,$5,$-7,$0,$0,$0,$0,$0,$0,$0,$0,$18,$2,$0
10,2015-09-30,5.68,$0.08,67.62,$23.86,0.24,$6.84,0.83,0.0,0.0,$0.43B,$0.15B,2.84,$2.49B,$0.02B,126.67,$1.19B,$0.44B,36.62%,$1.19B,$-0.47B,-39.14%,$1.19B,$-0.47B,-39.14%,$1.19B,$-0.35B,-29.46%,$1.19B,$-0.59B,-49.92%,$1.19B,$-0.54B,-45.29%,$-0.54B,$0.02B,-130.82%,$-0.54B,$-2.45B,21.40%,$-0.54B,$3.12B,-15.06%,$-0.47B,$2.51B,-16.05%,$269,$100,$168,$0,$135,$258,$10,$-34,$-24,$-9,$-14,$-14,$-14,$36,$10,$29,29,$-0.49,$-0.49,$69,$0,$45,$357,$166,$0,$2441,$23,$2630,$2987,$130,$2405,$42,$2854,$2984,$3,$-1391,$0,$2,$2987,$-14,$26,$-8,$17,$37,$0,$-0,$-14,$30,$33,$-4,$0,$0,$0,$0,$0,$-2,$-6,$0,$0,$0,$0,$0,$0,$0,$0,$27,$1,$0
11,2015-06-30,16.24,$2.35,6.91,$15.29,1.06,$4.61,3.52,0.0,0.0,$0.41B,$0.12B,3.32,$2.49B,$0.55B,4.53,$1.21B,$0.33B,26.96%,$1.21B,$0.14B,11.87%,$1.21B,$0.14B,11.87%,$1.21B,$0.26B,21.60%,$1.21B,$0.02B,1.32%,$1.21B,$0.01B,0.58%,$0.01B,$0.55B,1.30%,$0.01B,$-2.51B,-0.28%,$0.01B,$3.71B,0.19%,$0.14B,$3.04B,4.74%,$309,$-9,$318,$0,$261,$280,$29,$-21,$8,$13,$-5,$-5,$-5,$622,$29,$29,29,$-0.15,$-0.15,$40,$0,$45,$359,$169,$0,$2456,$18,$2643,$3002,$123,$2403,$45,$2864,$2986,$0,$-1377,$0,$16,$3002,$-546,$677,$-14,$664,$-1,$0,$0,$0,$-35,$82,$-10,$0,$0,$0,$0,$0,$2,$-8,$-50,$0,$-50,$0,$0,$0,$-0,$-50,$24,$21,$0
12,2015-03-31,19.76,$2.29,8.64,$15.45,1.28,$4.72,4.19,0.0,0.0,$0.39B,$0.15B,2.65,$2.49B,$0.53B,4.66,$1.24B,$0.35B,27.78%,$1.24B,$0.15B,12.40%,$1.24B,$0.15B,12.40%,$1.24B,$0.28B,22.22%,$1.24B,$0.02B,1.37%,$1.24B,$0.01B,0.81%,$0.01B,$0.53B,1.87%,$0.01B,$-2.54B,-0.39%,$0.01B,$3.71B,0.27%,$0.15B,$3.02B,5.04%,$289,$95,$195,$0,$152,$857,$-567,$-36,$-603,$-61,$-542,$-542,$-542,$-539,$-567,$29,29,$-18.57,$-18.57,$93,$0,$45,$430,$183,$0,$2473,$38,$2694,$3124,$151,$2488,$45,$2953,$3104,$3,$-1372,$0,$20,$3124,$-542,$84,$550,$633,$16,$0,$1,$-14,$-3,$88,$-13,$0,$0,$0,$0,$0,$2,$-11,$0,$0,$0,$0,$0,$0,$-0,$-0,$77,$20,$0
13,2014-12-31,33.84,$2.32,14.56,$15.64,2.16,$4.84,7.0,0.0,0.0,$0.37B,$0.16B,2.38,$2.49B,$0.54B,4.59,$1.26B,$0.36B,28.42%,$1.26B,$0.16B,12.75%,$1.26B,$0.16B,12.75%,$1.26B,$0.29B,22.64%,$1.26B,$0.02B,1.74%,$1.26B,$0.01B,1.03%,$0.01B,$0.54B,2.47%,$0.01B,$-2.55B,-0.50%,$0.01B,$3.75B,0.34%,$0.16B,$3.03B,5.25%,$299,$210,$90,$0,$15,$251,$48,$-23,$25,$13,$12,$12,$12,$76,$48,$233,233,$0.05,$0.05,$41,$0,$45,$405,$190,$0,$3056,$56,$3302,$3708,$122,$2487,$49,$3036,$3158,$3,$-830,$0,$550,$3708,$0,$56,$15,$71,$2,$0,$1,$-3,$-35,$36,$-15,$0,$0,$0,$0,$0,$5,$-10,$0,$0,$0,$0,$0,$0,$-0,$-0,$25,$8,$0
14,2014-09-30,32.24,$2.30,14.04,$5.61,5.75,$1.31,24.6,0.0,0.0,$0.34B,$0.13B,2.59,$2.53B,$0.53B,4.75,$1.21B,$0.47B,38.79%,$1.21B,$0.15B,12.41%,$1.21B,$0.15B,12.41%,$1.21B,$0.28B,22.91%,$1.21B,$-0.03B,-2.32%,$1.21B,$0.16B,13.23%,$0.16B,$0.53B,30.80%,$0.16B,$-2.58B,-6.11%,$0.16B,$3.75B,4.20%,$0.15B,$3.07B,4.84%,$271,$101,$170,$0,$132,$259,$12,$-34,$-22,$-10,$-12,$-12,$-12,$40,$12,$233,233,$-0.05,$-0.05,$31,$0,$45,$389,$193,$0,$3073,$58,$3325,$3713,$147,$2486,$51,$3033,$3180,$3,$-842,$0,$533,$3713,$-12,$28,$-5,$23,$28,$0,$1,$-10,$10,$21,$-10,$0,$0,$0,$0,$0,$5,$-5,$0,$0,$0,$0,$0,$0,$-0,$-0,$15,$4,$0
15,2014-06-30,52.72,$2.27,23.22,$5.69,9.26,$1.60,32.99,0.0,0.0,$0.37B,$0.12B,3.07,$2.57B,$0.53B,4.89,$1.16B,$0.48B,41.45%,$1.16B,$0.17B,14.77%,$1.16B,$0.17B,14.77%,$1.16B,$0.30B,25.73%,$1.16B,$-0.02B,-1.47%,$1.16B,$0.16B,13.82%,$0.16B,$0.53B,35.30%,$0.16B,$-2.60B,-6.00%,$0.16B,$3.80B,4.22%,$0.17B,$3.10B,5.62%,$329,$349,$-20,$0,$-90,$287,$42,$-35,$7,$4,$3,$3,$4,$73,$42,$28,29,$0.37,$0.37,$17,$0,$15,$371,$221,$0,$3094,$59,$3375,$3745,$156,$2485,$55,$3048,$3204,$3,$-830,$0,$542,$3745,$12,$125,$28,$152,$14,$0,$0,$-49,$-27,$137,$-19,$0,$-9,$0,$0,$0,$12,$-16,$-146,$0,$-146,$0,$0,$0,$-1,$-147,$-26,$18,$0
16,2014-03-31,55.36,$2.33,23.8,$5.77,9.6,$1.70,32.6,0.0,0.0,$0.37B,$0.17B,2.11,$2.58B,$0.51B,5.09,$1.10B,$0.48B,43.64%,$1.10B,$0.19B,17.00%,$1.10B,$0.19B,17.00%,$1.10B,$0.31B,28.45%,$1.10B,$-0.02B,-1.64%,$1.10B,$0.17B,15.36%,$0.17B,$0.51B,43.61%,$0.17B,$-2.64B,-6.22%,$0.17B,$3.83B,4.49%,$0.19B,$3.08B,6.25%,$314,$226,$87,$0,$17,$272,$42,$-36,$6,$4,$3,$3,$3,$73,$42,$232,233,$0.01,$0.01,$37,$0,$15,$342,$225,$0,$3114,$66,$3404,$3747,$132,$2534,$72,$3081,$3213,$3,$-834,$0,$533,$3747,$8,$94,$21,$115,$23,$0,$0,$-30,$-25,$98,$-13,$0,$-6,$0,$0,$0,$12,$-7,$-96,$0,$-96,$1,$1,$0,$-1,$-97,$-6,$13,$0
17,2013-12-31,61.84,$2.39,25.84,$5.66,10.93,$1.84,33.69,0.0,0.0,$0.38B,$0.16B,2.41,$2.62B,$0.51B,5.11,$1.03B,$0.36B,34.89%,$1.03B,$0.19B,18.23%,$1.03B,$0.19B,18.23%,$1.03B,$0.31B,30.60%,$1.03B,$-0.03B,-2.53%,$1.03B,$0.17B,16.18%,$0.17B,$0.51B,51.83%,$0.17B,$-2.66B,-6.00%,$0.17B,$3.87B,4.44%,$0.19B,$3.13B,6.35%,$328,$220,$108,$0,$21,$270,$58,$-33,$26,$11,$15,$15,$15,$90,$58,$224,229,$0.06,$0.06,$27,$0,$15,$374,$232,$0,$3129,$63,$3424,$3798,$122,$2573,$77,$3150,$3272,$3,$-836,$0,$526,$3798,$6,$63,$12,$75,$9,$0,$0,$-20,$-39,$42,$3,$0,$0,$0,$0,$0,$-0,$3,$-56,$0,$-56,$1,$1,$0,$-1,$-57,$-13,$8,$0
18,2013-09-30,42.32,$1.46,28.91,$5.48,7.73,$2.31,18.32,0.0,0.0,$0.33B,$0.14B,2.31,$2.58B,$0.27B,9.6,$0.96B,$0.34B,35.28%,$0.96B,$0.07B,7.60%,$0.96B,$0.07B,7.60%,$0.96B,$0.19B,20.08%,$0.96B,$-0.12B,-12.38%,$0.96B,$-0.07B,-7.60%,$-0.07B,$0.27B,-28.77%,$-0.07B,$-2.77B,2.60%,$-0.07B,$3.68B,-1.97%,$0.07B,$2.85B,2.54%,$292,$108,$184,$0,$136,$273,$19,$-36,$-17,$-8,$-9,$-9,$-9,$50,$19,$216,216,$-0.04,$-0.04,$43,$0,$0,$367,$246,$0,$3149,$70,$3466,$3832,$174,$2578,$74,$3152,$3326,$2,$-851,$0,$506,$3832,$-9,$31,$-3,$28,$32,$0,$-0,$-17,$18,$37,$-1,$0,$0,$0,$0,$0,$1,$-0,$-31,$0,$-31,$0,$0,$0,$-1,$-32,$4,$4,$0
19,2013-06-30,27.12,$1.47,18.4,$5.60,4.84,$2.36,11.48,0.0,0.0,$0.31B,$0.10B,3.0,$2.65B,$0.26B,10.08,$0.97B,$0.36B,36.49%,$0.97B,$0.08B,7.71%,$0.97B,$0.08B,7.71%,$0.97B,$0.20B,20.66%,$0.97B,$-0.12B,-12.44%,$0.97B,$-0.03B,-2.57%,$-0.03B,$0.26B,-9.27%,$-0.03B,$-2.80B,0.88%,$-0.03B,$3.69B,-0.67%,$0.08B,$2.91B,2.57%,$275,$186,$90,$0,$28,$244,$31,$-74,$-43,$-88,$45,$45,$151,$64,$31,$184,187,$0.71,$0.70,$39,$0,$0,$377,$255,$0,$3169,$70,$3493,$3870,$156,$2621,$80,$3201,$3358,$2,$-842,$0,$513,$3870,$176,$127,$-141,$-14,$5,$0,$-2,$-5,$-41,$121,$-11,$0,$-323,$0,$0,$0,$241,$-93,$-84,$0,$-84,$95,$22,$-9,$-12,$-84,$-55,$11,$0
20,2013-03-31,26.96,$1.35,20.01,$5.88,4.58,$2.41,11.2,0.0,0.0,$0.31B,$0.17B,1.86,$2.65B,$0.24B,11.2,$0.98B,$0.36B,36.48%,$0.98B,$0.05B,4.67%,$0.98B,$0.05B,4.67%,$0.98B,$0.19B,19.51%,$0.98B,$-0.15B,-15.35%,$0.98B,$-0.05B,-4.88%,$-0.05B,$0.24B,-17.53%,$-0.05B,$-2.85B,1.68%,$-0.05B,$3.72B,-1.26%,$0.05B,$2.89B,1.56%,$263,$165,$98,$0,$12,$200,$63,$-45,$17,$7,$10,$10,$3,$94,$63,$180,183,$0.01,$0.01,$68,$0,$0,$325,$241,$0,$3041,$71,$3352,$3677,$141,$2576,$40,$3268,$3409,$2,$-993,$0,$268,$3677,$25,$94,$17,$112,$9,$0,$2,$-9,$-9,$128,$-8,$0,$-53,$0,$0,$0,$4,$-57,$-89,$0,$-89,$1,$5,$-9,$-1,$-94,$-24,$7,$0
21,2012-12-31,21.36,$1.41,15.12,$6.21,3.44,$2.50,8.54,0.0,0.0,$0.35B,$0.20B,1.81,$2.63B,$0.25B,10.64,$1.00B,$0.38B,37.82%,$1.00B,$0.06B,5.69%,$1.00B,$0.06B,5.69%,$1.00B,$0.21B,20.96%,$1.00B,$-0.15B,-14.57%,$1.00B,$-0.05B,-5.39%,$-0.05B,$0.25B,-19.08%,$-0.05B,$-2.81B,1.85%,$-0.05B,$3.74B,-1.40%,$0.06B,$2.87B,1.90%,$270,$162,$108,$0,$8,$196,$74,$-49,$25,$10,$15,$15,$24,$105,$74,$176,180,$0.11,$0.11,$50,$0,$0,$312,$247,$0,$3061,$70,$3378,$3690,$104,$2650,$41,$3323,$3427,$2,$-1000,$0,$263,$3690,$18,$63,$4,$67,$2,$0,$2,$-5,$-28,$57,$-4,$0,$-52,$0,$0,$0,$2,$-54,$-39,$0,$-39,$0,$0,$-5,$-0,$-45,$-42,$5,$0
22,2012-09-30,21.92,$1.91,11.49,$8.04,2.73,$2.36,9.3,0.0,0.0,$0.31B,$0.16B,2.01,$2.68B,$0.33B,8.07,$1.01B,$0.39B,38.60%,$1.01B,$0.16B,15.60%,$1.01B,$0.16B,15.60%,$1.01B,$0.33B,32.08%,$1.01B,$-0.04B,-4.34%,$1.01B,$0.01B,1.38%,$0.01B,$0.33B,4.76%,$0.01B,$-2.86B,-0.47%,$0.01B,$3.85B,0.36%,$0.16B,$3.01B,5.16%,$218,$155,$62,$0,$15,$199,$19,$-44,$-25,$2,$-27,$-27,$-12,$51,$19,$175,175,$-0.07,$-0.07,$89,$0,$0,$306,$251,$0,$3084,$76,$3412,$3718,$165,$2650,$44,$3316,$3481,$2,$-1027,$0,$237,$3718,$-9,$32,$-6,$26,$43,$0,$-0,$-3,$38,$55,$-2,$0,$-52,$0,$0,$0,$0,$-54,$-3,$0,$-3,$0,$0,$-3,$-0,$-6,$-5,$3,$0
23,2012-06-30,24.08,$1.69,14.29,$8.35,2.88,$2.10,11.49,0.0,0.0,$0.36B,$0.13B,2.77,$2.78B,$0.28B,9.99,$0.86B,$0.33B,38.01%,$0.86B,$0.09B,9.97%,$0.86B,$0.09B,9.97%,$0.86B,$0.23B,26.54%,$0.86B,$-0.07B,-8.46%,$0.86B,$0.02B,2.55%,$0.02B,$0.28B,7.65%,$0.02B,$-2.93B,-0.73%,$0.02B,$3.91B,0.55%,$0.09B,$3.06B,2.76%,$210,$139,$71,$0,$12,$293,$-83,$-53,$-136,$-12,$-124,$-124,$-88,$-57,$-83,$163,163,$-0.46,$-0.46,$94,$0,$0,$353,$256,$0,$3057,$78,$3390,$3744,$195,$2625,$45,$3302,$3497,$2,$-1018,$0,$247,$3744,$-33,$153,$67,$220,$28,$0,$-0,$-19,$-8,$179,$-7,$0,$-10,$0,$0,$0,$115,$98,$-153,$0,$-153,$0,$-49,$-15,$-3,$-220,$57,$12,$0
24,2012-03-31,27.92,$1.80,15.48,$8.10,3.45,$2.22,12.58,0.0,0.0,$0.26B,$0.15B,1.73,$2.78B,$0.27B,10.15,$0.64B,$0.24B,37.73%,$0.64B,$0.06B,8.54%,$0.64B,$0.06B,8.54%,$0.64B,$0.15B,23.29%,$0.64B,$-0.07B,-10.40%,$0.64B,$0.02B,3.42%,$0.02B,$0.27B,16.03%,$0.02B,$-3.05B,-0.90%,$0.02B,$3.94B,0.71%,$0.06B,$3.06B,2.28%,$275,$162,$114,$0,$14,$211,$65,$-50,$15,$-12,$27,$27,$51,$102,$65,$170,176,$0.24,$0.24,$50,$0,$0,$313,$262,$0,$3194,$80,$3536,$3848,$156,$2679,$48,$3360,$3516,$2,$-933,$0,$332,$3848,$52,$127,$-38,$90,$14,$0,$1,$-23,$-13,$129,$-5,$0,$0,$0,$0,$0,$116,$111,$-161,$0,$-161,$0,$-49,$-12,$-2,$-224,$16,$16,$0
25,2011-12-31,26.72,$1.94,13.8,$7.90,3.38,$2.05,13.04,0.0,0.0,$0.32B,$0.18B,1.82,$2.84B,$0.29B,9.76,$0.47B,$0.18B,38.84%,$0.47B,$0.05B,10.73%,$0.47B,$0.05B,10.73%,$0.47B,$0.11B,23.18%,$0.47B,$-0.03B,-6.22%,$0.47B,$0.06B,12.02%,$0.06B,$0.29B,-457.14%,$0.06B,$-3.06B,-3.09%,$0.06B,$4.04B,2.55%,$0.05B,$3.13B,2.92%,$281,$169,$112,$0,$18,$236,$45,$-50,$-5,$-3,$-2,$-2,$1,$96,$45,$158,158,$0.01,$0.01,$23,$0,$72,$362,$262,$0,$3206,$84,$3552,$3914,$131,$2782,$63,$3505,$3636,$2,$-989,$0,$279,$3914,$-4,$90,$1,$91,$4,$0,$0,$-4,$-32,$55,$-2,$0,$0,$0,$0,$0,$0,$-1,$-57,$0,$-57,$0,$0,$-6,$-2,$-65,$-12,$13,$0
26,2011-09-30,22.72,$2.31,9.83,$5.83,3.9,$2.10,10.8,0.0,0.0,$0.35B,$0.17B,2.06,$2.89B,$0.31B,9.43,$0.29B,$0.12B,40.97%,$0.29B,$0.05B,15.63%,$0.29B,$0.05B,15.63%,$0.29B,$0.07B,22.57%,$0.29B,$0.00B,1.39%,$0.29B,$0.08B,29.17%,$0.08B,$0.31B,-49.34%,$0.08B,$-3.07B,-7.09%,$0.08B,$4.07B,6.62%,$0.05B,$3.20B,4.54%,$236,$154,$82,$0,$18,$206,$30,$-51,$-20,$-8,$-13,$-13,$-18,$69,$30,$149,149,$-0.12,$-0.12,$35,$0,$0,$257,$272,$0,$3321,$86,$3678,$3936,$149,$2784,$62,$3513,$3661,$2,$-998,$0,$274,$3936,$-12,$39,$4,$43,$42,$0,$-0,$-3,$30,$60,$-1,$0,$0,$0,$0,$0,$0,$-1,$-54,$0,$-54,$0,$0,$-3,$-1,$-58,$1,$7,$0
27,2011-06-30,28.0,$-7.58,-3.69,$5.59,5.01,$2.32,12.08,0.0,0.0,$0.08B,$0.03B,2.42,$0.61B,$-0.32B,-1.89,$0.23B,$0.09B,40.87%,$0.23B,$0.07B,30.87%,$0.23B,$0.07B,30.87%,$0.23B,$0.08B,34.78%,$0.23B,$0.03B,12.61%,$0.23B,$0.04B,15.22%,$0.04B,$-0.32B,-10.48%,$0.04B,$-0.55B,-6.26%,$0.04B,$0.37B,10.53%,$0.07B,$0.29B,28.83%,$221,$138,$83,$0,$30,$204,$18,$-52,$-34,$54,$-89,$-89,$-20,$58,$18,$71,71,$-0.39,$-0.32,$34,$0,$25,$324,$278,$0,$3350,$88,$3716,$4041,$178,$2837,$64,$3571,$3750,$2,$-985,$0,$291,$4041,$64,$57,$-76,$-19,$-6,$0,$-1,$4,$28,$72,$-7,$0,$-2024,$0,$0,$0,$-0,$-2031,$1635,$0,$1635,$0,$-41,$-1,$384,$1977,$18,$6,$0
28,2011-03-31,34.72,$-7.63,-4.55,$5.74,6.05,$2.27,15.29,0.0,0.0,$0.04B,$0.03B,1.39,$0.57B,$-0.32B,-1.75,$0.24B,$0.10B,40.34%,$0.24B,$0.08B,32.77%,$0.24B,$0.08B,32.77%,$0.24B,$0.09B,36.55%,$0.24B,$0.04B,17.65%,$0.24B,$0.05B,19.33%,$0.05B,$-0.32B,-13.39%,$0.05B,$-0.56B,-8.15%,$0.05B,$0.32B,14.30%,$0.08B,$0.24B,34.48%,$125,$74,$51,$0,$45,$131,$-7,$-8,$-14,$-69,$55,$55,$59,$6,$-7,$60,67,$0.78,$0.72,$51,$0,$0,$345,$261,$0,$3381,$86,$3728,$4072,$167,$2890,$69,$3598,$3766,$2,$-972,$0,$306,$4072,$77,$17,$-88,$-71,$-2,$0,$0,$5,$28,$32,$-3,$0,$-2024,$0,$0,$0,$-0,$-2027,$1685,$0,$1685,$0,$-42,$0,$385,$2029,$34,$3,$0
29,2010-12-31,34.48,$-8.13,-4.24,$5.75,6.0,$2.33,14.79,0.0,0.0,$0.06B,$0.04B,1.4,$0.58B,$-0.34B,-1.69,$0.24B,$0.09B,38.98%,$0.24B,$0.06B,26.27%,$0.24B,$0.06B,26.27%,$0.24B,$0.07B,30.51%,$0.24B,$0.02B,10.17%,$0.24B,$0.03B,12.71%,$0.03B,$-0.34B,-8.44%,$0.03B,$-0.56B,-5.24%,$0.03B,$0.32B,9.30%,$0.06B,$0.24B,28.97%,$62,$35,$27,$0,$10,$48,$14,$-14,$1,$2,$-1,$-1,$1,$17,$14,$41,41,$0.03,$0.03,$30,$0,$0,$79,$38,$0,$231,$19,$288,$367,$33,$610,$18,$657,$690,$1,$-1032,$0,$-322,$367,$17,$5,$-7,$-2,$-4,$0,$1,$0,$5,$20,$-2,$-0,$0,$0,$0,$0,$0,$-2,$16,$0,$16,$0,$0,$0,$-18,$-2,$17,$1,$0
30,2010-09-30,22.48,$-8.32,-2.7,$6.42,3.5,$1.99,11.29,0.0,0.0,$0.06B,$0.06B,0.96,$0.57B,$-0.35B,-1.63,$0.26B,$0.10B,37.26%,$0.26B,$0.06B,24.33%,$0.26B,$0.06B,24.33%,$0.26B,$0.08B,29.28%,$0.26B,$0.03B,11.79%,$0.26B,$0.03B,11.03%,$0.03B,$-0.35B,-7.98%,$0.03B,$-0.57B,-4.99%,$0.03B,$0.32B,8.89%,$0.06B,$0.22B,30.73%,$58,$38,$20,$0,$9,$33,$25,$-6,$18,$2,$16,$16,$16,$27,$25,$41,42,$0.38,$0.37,$3,$0,$0,$44,$39,$0,$232,$4,$274,$319,$32,$567,$17,$611,$643,$1,$-1033,$0,$-324,$319,$16,$2,$-16,$-13,$5,$0,$-0,$-1,$7,$10,$-1,$-0,$-1,$0,$0,$0,$0,$-2,$-18,$0,$-18,$0,$0,$0,$-1,$-19,$-10,$1,$0
31,2010-06-30,21.36,$-8.56,-2.5,$6.41,3.33,$1.81,11.77,0.0,0.0,$0.06B,$0.08B,0.8,$0.57B,$-0.36B,-1.58,$0.26B,$0.10B,36.78%,$0.26B,$-0.12B,-44.06%,$0.26B,$-0.12B,-44.06%,$0.26B,$0.07B,27.59%,$0.26B,$-0.15B,-57.85%,$0.26B,$-0.13B,-47.89%,$-0.13B,$-0.36B,33.67%,$-0.13B,$-0.58B,21.21%,$-0.13B,$0.32B,-37.91%,$-0.12B,$0.21B,-54.89%,$43,$23,$20,$0,$5,$30,$13,$-14,$-1,$-1,$0,$0,$8,$15,$13,$40,41,$0.19,$0.17,$13,$0,$0,$60,$40,$0,$217,$3,$260,$320,$43,$576,$18,$618,$661,$1,$-1049,$0,$-341,$320,$29,$10,$-2,$8,$-0,$0,$-2,$1,$5,$43,$-2,$-0,$0,$0,$0,$0,$0,$-2,$-43,$0,$-43,$0,$0,$0,$-1,$-44,$-3,$2,$0
32,2010-03-31,27.2,$-8.86,-3.07,$6.36,4.28,$1.67,16.33,0.0,0.0,$0.06B,$0.09B,0.64,$0.57B,$-0.37B,-1.52,$0.26B,$0.09B,36.58%,$0.26B,$-0.11B,-42.80%,$0.26B,$-0.11B,-42.80%,$0.26B,$0.08B,30.35%,$0.26B,$-0.15B,-56.42%,$0.26B,$-0.12B,-47.86%,$-0.12B,$-0.37B,36.15%,$-0.12B,$-0.59B,20.41%,$-0.12B,$0.32B,-32.82%,$-0.11B,$0.19B,-44.40%,$67,$40,$27,$0,$5,$49,$19,$-8,$11,$1,$10,$10,$10,$21,$19,$40,41,$0.23,$0.23,$13,$0,$0,$61,$42,$0,$218,$4,$263,$324,$63,$568,$18,$610,$673,$1,$-1057,$0,$-349,$324,$22,$8,$-2,$6,$-0,$0,$-2,$-0,$1,$29,$-2,$-0,$0,$0,$0,$0,$0,$-2,$-30,$0,$-30,$0,$0,$0,$-0,$-31,$-4,$1,$0
33,2009-12-31,18.24,$-8.93,-2.04,$6.33,2.88,$1.52,11.98,0.0,0.0,$0.07B,$0.07B,0.95,$0.58B,$-0.37B,-1.57,$0.26B,$0.09B,35.55%,$0.26B,$-0.12B,-44.92%,$0.26B,$-0.12B,-44.92%,$0.26B,$0.07B,28.13%,$0.26B,$-0.15B,-58.20%,$0.26B,$-0.13B,-49.22%,$-0.13B,$-0.37B,40.61%,$-0.13B,$-0.59B,20.52%,$-0.13B,$0.33B,-29.65%,$-0.12B,$0.21B,-37.70%,$70,$40,$29,$0,$5,$49,$21,$-7,$14,$1,$12,$12,$12,$24,$21,$40,41,$0.29,$0.29,$13,$0,$0,$61,$43,$0,$218,$3,$264,$324,$76,$567,$18,$608,$684,$1,$-1067,$0,$-360,$324,$12,$6,$-2,$4,$-2,$0,$0,$4,$3,$18,$-1,$-0,$0,$0,$0,$0,$0,$-1,$-21,$0,$-21,$0,$0,$0,$-0,$-21,$-4,$0,$0
34,2009-09-30,13.84,$-9.12,-1.52,$6.39,2.17,$2.56,5.41,0.0,0.0,$0.07B,$0.06B,1.15,$0.60B,$-0.38B,-1.59,$0.26B,$0.09B,35.25%,$0.26B,$-0.61B,-233.72%,$0.26B,$-0.61B,-233.72%,$0.26B,$0.07B,27.97%,$0.26B,$-0.66B,-250.96%,$0.26B,$-0.53B,-201.92%,$-0.53B,$-0.38B,188.89%,$-0.53B,$-0.60B,84.39%,$-0.53B,$0.34B,-110.37%,$-0.61B,$0.22B,-168.51%,$56,$40,$16,$0,$5,$48,$9,$-9,$-0,$-0,$-0,$-0,$-0,$12,$9,$40,40,$-0.01,$-0.01,$16,$0,$0,$57,$45,$0,$218,$3,$266,$323,$90,$567,$18,$606,$695,$1,$-1079,$0,$-372,$323,$-0,$3,$-1,$2,$6,$0,$2,$2,$10,$12,$-0,$-0,$0,$0,$0,$0,$0,$-0,$-13,$0,$-13,$0,$0,$0,$-0,$-13,$-1,$-0,$0
35,2009-06-30,7.44,$-5.67,-1.31,$6.68,1.11,$3.25,2.29,0.0,0.0,$0.06B,$0.06B,0.92,$0.60B,$-0.24B,-2.53,$0.28B,$0.10B,34.78%,$0.28B,$-0.43B,-155.43%,$0.28B,$-0.43B,-155.43%,$0.28B,$0.08B,28.99%,$0.28B,$-0.47B,-170.65%,$0.28B,$-0.38B,-136.59%,$-0.38B,$-0.24B,256.03%,$-0.38B,$-0.63B,57.25%,$-0.38B,$0.50B,-56.76%,$-0.43B,$0.36B,-82.18%,$70,$44,$26,$0,$5,$55,$15,$-9,$6,$-1,$7,$7,$7,$20,$15,$40,40,$0.17,$0.17,$17,$0,$0,$65,$47,$0,$218,$5,$269,$334,$68,$584,$33,$638,$707,$1,$-1079,$0,$-373,$334,$-127,$186,$-24,$162,$-1,$0,$4,$-4,$-7,$29,$-3,$0,$-0,$0,$0,$0,$0,$-3,$-59,$0,$-59,$-0,$-0,$0,$-3,$-62,$-37,$3,$0
36,2009-03-31,8.08,$-6.04,-1.34,$6.99,1.16,$3.73,2.17,0.0,0.0,$0.08B,$0.03B,3.23,$0.68B,$-0.25B,-2.68,$0.29B,$0.10B,34.01%,$0.29B,$-0.43B,-147.62%,$0.29B,$-0.43B,-147.62%,$0.29B,$0.07B,25.17%,$0.29B,$-0.45B,-154.42%,$0.29B,$-0.36B,-122.79%,$-0.36B,$-0.25B,694.23%,$-0.36B,$-0.64B,52.66%,$-0.36B,$0.52B,-44.65%,$-0.43B,$0.42B,-66.95%,$65,$40,$25,$0,$6,$225,$-160,$-11,$-171,$-27,$-144,$-144,$-144,$16,$-160,$40,40,$-3.56,$-3.56,$20,$0,$0,$66,$48,$0,$221,$3,$272,$338,$57,$604,$34,$660,$718,$1,$-1085,$0,$-380,$338,$-133,$181,$-24,$158,$3,$0,$-0,$-5,$-3,$21,$-2,$0,$0,$0,$0,$0,$0,$-2,$-50,$0,$-50,$-0,$-0,$0,$-3,$-53,$-34,$2,$0
37,2008-12-31,19.92,$-5.99,-3.32,$7.32,2.72,$3.77,5.28,0.0,0.0,$0.10B,$0.03B,3.58,$0.69B,$-0.25B,-2.78,$0.31B,$0.11B,34.94%,$0.31B,$-0.43B,-136.22%,$0.31B,$-0.43B,-136.22%,$0.31B,$0.08B,26.60%,$0.31B,$-0.46B,-146.79%,$0.31B,$-0.36B,-116.03%,$-0.36B,$-0.25B,-905.00%,$-0.36B,$-0.63B,50.42%,$-0.36B,$0.54B,-38.48%,$-0.43B,$0.44B,-56.53%,$66,$39,$27,$0,$5,$40,$26,$-6,$20,$6,$14,$14,$14,$30,$26,$40,40,$0.34,$0.34,$13,$0,$0,$57,$50,$0,$394,$3,$448,$504,$62,$598,$32,$679,$741,$1,$-941,$0,$-236,$504,$11,$5,$-1,$5,$3,$0,$-0,$-1,$-4,$12,$-1,$0,$0,$0,$0,$0,$0,$-1,$-48,$0,$-48,$-0,$-0,$0,$-3,$-51,$-41,$1,$0
38,2008-09-30,34.08,$3.46,9.84,$7.50,4.55,$3.06,11.15,0.0,0.0,$0.12B,$0.03B,3.46,$0.72B,$0.15B,4.87,$0.32B,$0.11B,35.20%,$0.32B,$-0.07B,-20.87%,$0.32B,$-0.07B,-20.87%,$0.32B,$0.09B,28.35%,$0.32B,$-0.10B,-30.53%,$0.32B,$-0.12B,-38.01%,$-0.12B,$0.15B,-92.60%,$-0.12B,$-0.74B,16.25%,$-0.12B,$1.09B,-11.40%,$-0.07B,$0.86B,-7.86%,$55,$42,$13,$0,$7,$52,$4,$-8,$-4,$-1,$-3,$-3,$-3,$6,$4,$40,40,$-0.08,$-0.08,$45,$0,$0,$82,$53,$0,$384,$4,$441,$524,$26,$675,$31,$750,$775,$1,$-955,$0,$-252,$524,$-3,$2,$1,$4,$10,$0,$3,$-1,$6,$7,$-1,$-0,$0,$0,$0,$0,$0,$-1,$-14,$0,$-14,$-0,$-0,$0,$0,$-14,$-8,$1,$0
39,2008-06-30,31.52,$3.31,9.51,$7.53,4.18,$2.47,12.74,0.0,0.0,$0.11B,$0.04B,3.19,$0.72B,$0.15B,4.97,$0.33B,$0.12B,35.69%,$0.33B,$-0.15B,-46.46%,$0.33B,$-0.15B,-46.46%,$0.33B,$0.09B,27.69%,$0.33B,$-0.19B,-58.77%,$0.33B,$-0.20B,-61.23%,$-0.20B,$0.15B,-121.71%,$-0.20B,$-0.74B,26.32%,$-0.20B,$1.08B,-17.92%,$-0.15B,$0.87B,-17.01%,$75,$48,$27,$0,$5,$555,$-480,$-19,$-500,$-130,$-370,$-394,$-394,$21,$-480,$42,42,$-9.28,$-9.28,$53,$0,$0,$100,$55,$0,$384,$4,$443,$544,$28,$689,$31,$764,$792,$1,$-952,$1,$-248,$544,$-362,$508,$-88,$420,$5,$0,$-1,$14,$18,$77,$-6,$-1,$0,$0,$0,$0,$0,$-7,$-40,$0,$-40,$-6,$-6,$0,$-2,$-49,$21,$5,$0
40,2008-03-31,51.04,$2.64,19.3,$7.57,6.74,$1.98,25.8,0.0,0.0,$0.08B,$0.03B,3.13,$0.72B,$0.12B,6.2,$0.33B,$0.12B,36.28%,$0.33B,$-0.15B,-45.12%,$0.33B,$-0.15B,-45.12%,$0.33B,$0.09B,28.66%,$0.33B,$-0.22B,-65.85%,$0.33B,$-0.23B,-68.90%,$-0.23B,$0.12B,-106.10%,$-0.23B,$-0.77B,29.60%,$-0.23B,$1.05B,-19.28%,$-0.15B,$0.84B,-15.74%,$80,$51,$29,$0,$5,$59,$21,$-8,$13,$7,$6,$6,$6,$23,$21,$42,42,$0.14,$0.14,$61,$0,$0,$117,$58,$24,$883,$4,$969,$1085,$34,$717,$13,$904,$938,$1,$-558,$2,$147,$1085,$32,$7,$18,$25,$-1,$0,$0,$-1,$-3,$54,$-5,$-1,$0,$0,$0,$0,$0,$-6,$-12,$0,$-12,$-5,$-5,$0,$-2,$-19,$29,$4,$0
41,2007-12-31,64.32,$2.74,23.49,$7.55,8.52,$1.97,32.64,0.0,0.0,$0.09B,$0.04B,2.42,$0.72B,$0.12B,6.06,$0.33B,$0.12B,36.09%,$0.33B,$-0.15B,-46.18%,$0.33B,$-0.15B,-46.18%,$0.33B,$0.09B,28.44%,$0.33B,$-0.21B,-65.14%,$0.33B,$-0.22B,-68.50%,$-0.22B,$0.12B,-83.43%,$-0.22B,$-0.76B,29.27%,$-0.22B,$1.06B,-18.06%,$-0.15B,$0.84B,-15.10%,$84,$53,$31,$0,$4,$62,$21,$16,$37,$8,$29,$30,$30,$24,$21,$43,43,$0.69,$0.69,$52,$0,$0,$111,$59,$24,$883,$4,$970,$1081,$35,$721,$13,$901,$936,$1,$-564,$3,$145,$1081,$26,$5,$10,$15,$-3,$0,$0,$-1,$-5,$36,$-4,$-1,$0,$0,$0,$0,$0,$-5,$-8,$0,$-8,$-1,$-1,$0,$-2,$-11,$20,$3,$0
42,2007-09-30,81.76,$6.35,12.87,$7.32,11.16,$2.12,38.59,0.0,0.0,$0.07B,$0.03B,2.2,$0.73B,$0.27B,2.67,$0.33B,$0.12B,36.56%,$0.33B,$-0.08B,-24.17%,$0.33B,$-0.08B,-24.17%,$0.33B,$0.08B,24.17%,$0.33B,$-0.14B,-41.69%,$0.33B,$-0.12B,-36.56%,$-0.12B,$0.27B,-37.46%,$-0.12B,$-0.76B,15.76%,$-0.12B,$1.25B,-9.25%,$-0.08B,$1.01B,-7.55%,$73,$51,$22,$0,$6,$60,$13,$-21,$-8,$-4,$-4,$-4,$-4,$15,$13,$43,43,$-0.10,$-0.10,$30,$0,$0,$83,$61,$22,$882,$5,$970,$1053,$26,$721,$30,$910,$936,$1,$-595,$4,$116,$1053,$-4,$2,$-1,$2,$5,$0,$0,$11,$13,$11,$-3,$-0,$0,$0,$0,$0,$0,$-3,$-8,$0,$-8,$0,$0,$0,$-2,$-10,$-2,$2,$0
43,2007-06-30,74.8,$7.95,9.41,$7.35,10.18,$2.38,31.45,0.0,0.0,$0.07B,$0.04B,1.87,$0.73B,$0.34B,2.14,$0.33B,$0.12B,36.56%,$0.33B,$0.00B,0.91%,$0.33B,$0.00B,0.91%,$0.33B,$0.08B,24.77%,$0.33B,$-0.06B,-17.52%,$0.33B,$-0.05B,-15.41%,$-0.05B,$0.34B,-14.58%,$-0.05B,$-0.77B,6.56%,$-0.05B,$1.33B,-3.78%,$0.00B,$1.08B,0.27%,$84,$53,$31,$0,$7,$207,$-122,$-18,$-140,$-33,$-107,$-154,$-154,$29,$-122,$43,43,$-3.57,$-3.57,$32,$0,$0,$91,$62,$22,$882,$4,$970,$1061,$37,$723,$18,$904,$941,$1,$-590,$5,$119,$1061,$-224,$244,$23,$266,$-0,$0,$-0,$12,$4,$46,$-5,$-1,$-0,$0,$0,$0,$6,$-0,$-15,$0,$-15,$0,$0,$0,$-1,$-16,$30,$9,$0
44,2007-03-31,75.04,$7.84,9.57,$6.83,10.98,$2.57,29.2,0.0,0.0,$0.06B,$0.04B,1.65,$0.74B,$0.34B,2.19,$0.33B,$0.12B,35.95%,$0.33B,$0.00B,0.30%,$0.33B,$0.00B,0.30%,$0.33B,$0.08B,24.47%,$0.33B,$-0.05B,-15.71%,$0.33B,$-0.05B,-14.20%,$-0.05B,$0.34B,-13.01%,$-0.05B,$-0.77B,6.02%,$-0.05B,$1.32B,-3.42%,$0.00B,$1.08B,0.09%,$84,$52,$32,$0,$7,$147,$-63,$-17,$-80,$-10,$-70,$-71,$-71,$22,$-63,$43,43,$-1.63,$-1.63,$12,$0,$0,$74,$64,$69,$1031,$9,$1173,$1248,$34,$731,$15,$940,$974,$1,$-436,$6,$274,$1248,$-70,$92,$16,$108,$-4,$0,$0,$-2,$-9,$29,$-4,$-1,$0,$0,$0,$0,$0,$-5,$-13,$0,$-13,$0,$0,$0,$-1,$-14,$10,$7,$0
45,2006-12-31,83.12,$7.91,10.51,$6.38,13.03,$2.64,31.43,0.0,0.0,$0.06B,$0.04B,1.64,$0.74B,$0.34B,2.21,$0.33B,$0.12B,35.93%,$0.33B,$0.00B,0.00%,$0.33B,$0.00B,0.00%,$0.33B,$0.08B,24.25%,$0.33B,$-0.05B,-13.47%,$0.33B,$-0.04B,-13.17%,$-0.04B,$0.34B,-10.50%,$-0.04B,$-0.77B,5.85%,$-0.04B,$1.33B,-3.16%,$0.00B,$1.08B,0.00%,$87,$54,$34,$0,$6,$63,$24,$-12,$12,$9,$3,$3,$3,$28,$24,$44,44,$0.06,$0.06,$1,$0,$0,$67,$66,$70,$1112,$13,$1261,$1328,$36,$733,$14,$949,$985,$1,$-366,$7,$343,$1328,$1,$8,$13,$21,$-4,$0,$0,$-2,$-8,$13,$-2,$0,$0,$0,$0,$0,$-0,$-2,$-11,$0,$-11,$0,$0,$0,$-1,$-12,$-1,$4,$0
