,Date,Stock Price,Book Value per Share,Price to Book Ratio,TTM Sales per Share,Price to Sales Ratio,TTM FCF per Share,Price to FCF Ratio,TTM Net EPS,PE Ratio,Current Assets,Current Liabilities,Current Ratio,Long Term Debt,Shareholder's Equity_x,Debt to Equity Ratio,TTM Revenue_x,TTM Gross Profit,Gross Margin,TTM Revenue_y,TTM Operating Income,Operating Margin,TTM Revenue_x,TTM EBIT,EBIT Margin,TTM Revenue_y,TTM EBITDA,EBITDA Margin,TTM Revenue_x,TTM Pre-Tax Income,Pre-Tax Margin,TTM Revenue_y,TTM Net Income_x,Net Margin,TTM Net Income_y,Shareholder's Equity_y,Return on Equity,TTM Net Income_x,Tangible Equity,Return on Tangible Equity,TTM Net Income_y,Total Assets,Return on Assets,TTM Net Income,LT Investments & Debt,Return on Investment,revenue,cost-goods-sold,gross-profit,research-development-expenses,selling-general-administrative-expenses,operating-expenses,operating-income,total-non-operating-income-expense,pre-tax-income,total-provision-income-taxes,income-after-taxes,income-from-continuous-operations,net-income,ebitda,ebit,basic-shares-outstanding,shares-outstanding,eps-basic-net-earnings-per-share,eps-earnings-per-share-diluted,cash-on-hand,inventory,other-current-assets,total-current-assets,net-property-plant-equipment,long-term-investments,goodwill-intangible-assets-total,other-long-term-assets,total-long-term-assets,total-assets,total-current-liabilities,long-term-debt,other-non-current-liabilities,total-long-term-liabilities,total-liabilities,common-stock-net,retained-earnings-accumulated-deficit,comprehensive-income,total-share-holder-equity,total-liabilities-share-holders-equity,net-income-loss,total-depreciation-amortization-cash-flow,other-non-cash-items,total-non-cash-items,change-in-accounts-receivable,change-in-inventories,change-in-accounts-payable,change-in-assets-liabilities,total-change-in-assets-liabilities,cash-flow-from-operating-activities,net-change-in-property-plant-equipment,net-change-in-intangible-assets,net-acquisitions-divestitures,net-change-in-short-term-investments,net-change-in-long-term-investments,net-change-in-investments-total,investing-activities-other,cash-flow-from-investing-activities,net-long-term-debt,net-current-debt,debt-issuance-retirement-net-total,net-common-equity-issued-repurchased,net-total-equity-issued-repurchased,total-common-preferred-stock-dividends-paid,financial-activities-other,cash-flow-from-financial-activities,net-cash-flow,stock-based-compensation,common-stock-dividends-paid
0,2018-09-30,67.2,$15.69,4.28,$43.30,1.55,$11.98,5.61,$0.38,176.84,$0.65B,$0.25B,2.55,$1.31B,$0.53B,2.47,$1.47B,$0.30B,20.67%,$1.47B,$0.14B,9.75%,$1.47B,$0.14B,9.75%,$1.47B,$0.28B,19.24%,$1.47B,$0.08B,5.59%,$1.47B,$0.01B,0.89%,$0.01B,$0.53B,2.13%,$0.01B,$0.07B,12.65%,$0.01B,$2.35B,0.54%,$0.14B,$1.84B,7.57%,$323,$251,$71,$0,$39,$290,$33,$-18,$15,$2,$13,$13,$13,$67,$33,$34,34,$0.37,$0.37,$36,$312,$84,$645,$1067,$24,$466,$151,$1708,$2353,$253,$1312,$145,$1569,$1822,$0,$617,$-190,$531,$2353,$18,$105,$12,$117,$116,$-61,$0,$-33,$31,$165,$-72,$0,$0,$0,$0,$0,$-2,$-75,$-26,$15,$-11,$0,$0,$-73,$-1,$-86,$-1,$4,$-73
1,2018-06-30,65.75,$16.26,4.04,$42.36,1.55,$10.64,6.18,$0.95,69.21,$0.55B,$0.21B,2.66,$1.26B,$0.55B,2.28,$1.43B,$0.31B,21.48%,$1.43B,$0.14B,9.83%,$1.43B,$0.14B,9.83%,$1.43B,$0.28B,19.53%,$1.43B,$0.09B,6.07%,$1.43B,$0.03B,2.23%,$0.03B,$0.55B,4.81%,$0.03B,$0.07B,24.57%,$0.03B,$2.27B,1.32%,$0.14B,$1.81B,7.29%,$247,$204,$43,$0,$40,$244,$3,$-16,$-13,$-5,$-8,$-8,$-8,$39,$3,$34,34,$-0.23,$-0.23,$41,$248,$84,$547,$1078,$24,$480,$146,$1728,$2274,$206,$1255,$145,$1518,$1724,$0,$629,$-181,$551,$2274,$5,$71,$12,$82,$156,$5,$0,$-25,$94,$182,$-52,$0,$0,$0,$0,$0,$-2,$-54,$6,$-73,$-67,$0,$0,$-49,$-1,$-117,$4,$3,$-49
2,2018-03-31,59.64,$19.77,3.02,$41.82,1.43,$9.46,6.31,$0.99,60.25,$0.60B,$0.25B,2.38,$1.22B,$0.67B,1.82,$1.42B,$0.31B,21.91%,$1.42B,$0.14B,10.18%,$1.42B,$0.14B,10.18%,$1.42B,$0.28B,19.51%,$1.42B,$0.09B,6.50%,$1.42B,$0.03B,2.40%,$0.03B,$0.67B,4.85%,$0.03B,$0.13B,23.01%,$0.03B,$2.41B,1.40%,$0.14B,$1.89B,7.38%,$438,$373,$65,$0,$39,$411,$27,$-10,$17,$4,$13,$13,$13,$62,$27,$34,34,$0.37,$0.37,$45,$217,$60,$597,$1125,$25,$541,$126,$1816,$2413,$251,$1218,$149,$1493,$1744,$0,$661,$-93,$669,$2413,$13,$35,$1,$36,$69,$71,$0,$2,$124,$173,$-23,$0,$0,$0,$0,$0,$-1,$-24,$10,$-122,$-112,$0,$0,$-25,$-0,$-137,$8,$1,$-25
3,2017-12-31,70.62,$20.53,3.44,$40.35,1.75,$8.11,8.71,$1.25,56.5,$0.74B,$0.27B,2.75,$1.33B,$0.70B,1.92,$1.37B,$0.33B,23.96%,$1.37B,$0.16B,11.58%,$1.37B,$0.16B,11.58%,$1.37B,$0.28B,20.81%,$1.37B,$0.10B,7.55%,$1.37B,$0.04B,3.08%,$0.04B,$0.70B,5.86%,$0.04B,$0.15B,27.05%,$0.04B,$2.57B,1.74%,$0.16B,$2.03B,8.15%,$458,$334,$124,$0,$44,$378,$80,$-17,$63,$68,$-4,$-4,$-5,$114,$80,$34,34,$-0.13,$-0.13,$37,$290,$67,$738,$1138,$25,$549,$122,$1834,$2571,$268,$1330,$151,$1608,$1876,$0,$673,$-78,$695,$2571,$43,$124,$-14,$110,$-23,$-6,$0,$25,$-7,$147,$-114,$0,$0,$0,$0,$0,$-5,$-119,$-25,$64,$39,$0,$0,$-98,$-15,$-73,$-41,$5,$-98
4,2017-09-30,62.79,$22.11,2.84,$39.93,1.57,$6.69,9.38,$4.25,14.77,$0.63B,$0.25B,2.52,$1.27B,$0.75B,1.7,$1.35B,$0.31B,23.19%,$1.35B,$0.14B,10.59%,$1.35B,$0.14B,10.59%,$1.35B,$0.27B,19.78%,$1.35B,$0.15B,10.96%,$1.35B,$0.14B,10.67%,$0.14B,$0.75B,19.94%,$0.14B,$0.18B,92.60%,$0.14B,$2.45B,6.04%,$0.14B,$2.02B,7.48%,$291,$215,$76,$0,$45,$259,$31,$-12,$20,$-13,$32,$32,$32,$65,$31,$34,34,$0.94,$0.94,$39,$336,$47,$632,$1140,$25,$573,$78,$1815,$2447,$251,$1274,$50,$1448,$1699,$0,$701,$-52,$748,$2447,$47,$91,$-13,$78,$117,$-49,$0,$-20,$3,$129,$-81,$0,$0,$0,$0,$0,$-4,$-85,$-43,$46,$3,$0,$0,$-73,$-14,$-85,$-38,$4,$-73
5,2017-06-30,62.5,$20.51,3.05,$36.65,1.71,$4.06,15.41,$3.58,17.46,$0.54B,$0.25B,2.12,$1.17B,$0.69B,1.69,$1.24B,$0.28B,22.76%,$1.24B,$0.13B,10.65%,$1.24B,$0.13B,10.65%,$1.24B,$0.24B,19.69%,$1.24B,$0.14B,11.30%,$1.24B,$0.12B,9.77%,$0.12B,$0.69B,17.24%,$0.12B,$0.14B,50.05%,$0.12B,$2.30B,5.27%,$0.13B,$1.87B,7.04%,$228,$183,$45,$0,$39,$222,$6,$-14,$-8,$-2,$-6,$-6,$-6,$35,$6,$34,34,$-0.19,$-0.19,$34,$288,$41,$540,$1117,$24,$553,$65,$1758,$2298,$254,$1173,$47,$1350,$1604,$0,$694,$-97,$694,$2298,$15,$58,$1,$59,$145,$-7,$0,$-5,$71,$145,$-56,$0,$0,$0,$0,$0,$-3,$-58,$-48,$-22,$-70,$0,$0,$-49,$-14,$-132,$-44,$3,$-49
6,2017-03-31,64.22,$21.59,2.98,$34.92,1.84,$3.04,21.12,$3.95,16.26,$0.55B,$0.30B,1.85,$1.12B,$0.73B,1.53,$1.18B,$0.28B,23.54%,$1.18B,$0.14B,12.02%,$1.18B,$0.14B,12.02%,$1.18B,$0.25B,20.83%,$1.18B,$0.16B,13.12%,$1.18B,$0.13B,11.26%,$0.13B,$0.73B,19.01%,$0.13B,$0.16B,39.06%,$0.13B,$2.32B,6.22%,$0.14B,$1.85B,8.05%,$388,$306,$82,$0,$40,$346,$41,$-14,$28,$6,$22,$22,$21,$70,$41,$34,34,$0.63,$0.63,$49,$238,$35,$548,$1109,$24,$573,$69,$1775,$2323,$297,$1115,$49,$1296,$1593,$0,$725,$-91,$730,$2323,$22,$29,$-2,$27,$98,$44,$0,$-5,$77,$125,$-21,$0,$0,$0,$0,$0,$-1,$-22,$-10,$-83,$-94,$0,$0,$-24,$-14,$-132,$-29,$1,$-24
7,2016-12-31,73.46,$21.22,3.46,$33.70,2.18,$1.40,52.3,$4.78,15.37,$0.72B,$0.37B,1.92,$1.20B,$0.72B,1.67,$1.14B,$0.30B,26.25%,$1.14B,$0.18B,15.36%,$1.14B,$0.18B,15.36%,$1.14B,$0.27B,23.79%,$1.14B,$0.20B,17.30%,$1.14B,$0.16B,14.22%,$0.16B,$0.72B,23.39%,$0.16B,$0.15B,36.90%,$0.16B,$2.47B,8.23%,$0.18B,$1.91B,10.56%,$443,$333,$110,$0,$45,$378,$65,$43,$108,$11,$98,$98,$97,$97,$65,$34,34,$2.87,$2.88,$77,$281,$36,$715,$1092,$25,$570,$65,$1752,$2467,$372,$1195,$52,$1377,$1749,$0,$728,$-105,$717,$2467,$163,$95,$-64,$32,$-77,$65,$0,$36,$-32,$167,$-182,$0,$-278,$0,$-5,$-5,$-3,$-468,$316,$101,$417,$0,$0,$-94,$-8,$315,$19,$5,$-94
8,2016-09-30,68.49,$19.75,3.47,$29.16,2.35,$-0.52,0.0,$3.63,18.87,$0.86B,$0.13B,6.41,$1.20B,$0.67B,1.8,$0.99B,$0.29B,29.14%,$0.99B,$0.18B,18.48%,$0.99B,$0.18B,18.48%,$0.99B,$0.27B,27.11%,$0.99B,$0.16B,16.35%,$0.99B,$0.12B,12.49%,$0.12B,$0.67B,18.27%,$0.12B,$0.52B,23.37%,$0.12B,$2.10B,6.99%,$0.18B,$1.87B,11.98%,$180,$134,$45,$0,$26,$160,$20,$-7,$12,$3,$9,$9,$9,$42,$20,$34,34,$0.27,$0.27,$432,$273,$41,$861,$908,$128,$146,$61,$1242,$2102,$134,$1204,$27,$1301,$1435,$0,$654,$-80,$667,$2102,$65,$64,$1,$65,$34,$3,$0,$-13,$-23,$107,$-149,$0,$0,$0,$-5,$-5,$-3,$-156,$376,$118,$493,$0,$0,$-71,$-7,$416,$374,$4,$-71
9,2016-06-30,68.31,$20.26,3.37,$30.75,2.22,$-1.05,0.0,$4.16,16.42,$0.44B,$0.13B,3.41,$0.75B,$0.68B,1.09,$1.04B,$0.31B,29.87%,$1.04B,$0.20B,19.56%,$1.04B,$0.20B,19.56%,$1.04B,$0.29B,27.55%,$1.04B,$0.19B,18.21%,$1.04B,$0.14B,13.58%,$0.14B,$0.68B,21.32%,$0.14B,$0.54B,27.51%,$0.14B,$1.66B,8.73%,$0.20B,$1.43B,14.92%,$170,$128,$41,$0,$26,$154,$16,$-8,$7,$1,$6,$6,$6,$37,$16,$34,34,$0.18,$0.18,$93,$241,$31,$436,$891,$124,$148,$57,$1220,$1657,$128,$746,$27,$844,$972,$0,$668,$-76,$684,$1657,$56,$42,$-0,$41,$78,$36,$0,$-1,$53,$150,$-95,$0,$0,$0,$-5,$-5,$-2,$-101,$-73,$103,$30,$0,$0,$-47,$-5,$-22,$34,$3,$-47
10,2016-03-31,64.67,$20.79,3.11,$31.18,2.07,$-2.01,0.0,$4.37,14.8,$0.46B,$0.14B,3.38,$0.71B,$0.70B,1.02,$1.05B,$0.32B,30.42%,$1.05B,$0.21B,20.06%,$1.05B,$0.21B,20.06%,$1.05B,$0.29B,27.76%,$1.05B,$0.20B,19.20%,$1.05B,$0.15B,14.07%,$0.15B,$0.70B,22.66%,$0.15B,$0.55B,29.57%,$0.15B,$1.65B,9.34%,$0.21B,$1.42B,15.97%,$346,$243,$103,$0,$28,$271,$74,$-5,$70,$20,$50,$50,$50,$95,$74,$34,34,$1.47,$1.46,$85,$211,$29,$460,$865,$121,$150,$56,$1192,$1652,$136,$713,$27,$814,$950,$0,$685,$-74,$702,$1652,$50,$20,$-0,$20,$15,$67,$0,$0,$23,$93,$-44,$0,$0,$0,$0,$0,$-1,$-45,$-1,$-5,$-6,$0,$0,$-24,$1,$-29,$27,$1,$-24
11,2015-12-31,68.0,$18.98,3.58,$32.62,2.08,$-1.06,0.0,$4.70,14.47,$0.51B,$0.17B,3.0,$0.72B,$0.64B,1.12,$1.10B,$0.33B,30.03%,$1.10B,$0.22B,20.20%,$1.10B,$0.22B,20.20%,$1.10B,$0.30B,27.39%,$1.10B,$0.22B,19.56%,$1.10B,$0.16B,14.47%,$0.16B,$0.64B,24.87%,$0.16B,$0.50B,32.89%,$0.16B,$1.63B,10.20%,$0.22B,$1.36B,17.29%,$289,$191,$98,$0,$26,$217,$72,$0,$72,$14,$58,$58,$58,$93,$72,$34,34,$1.72,$1.71,$58,$275,$31,$512,$801,$116,$143,$52,$1113,$1625,$171,$718,$25,$814,$985,$0,$659,$-108,$640,$1625,$159,$80,$6,$86,$59,$-91,$0,$-14,$-111,$138,$-218,$0,$0,$0,$-116,$-116,$-1,$-335,$96,$5,$101,$0,$0,$-89,$3,$14,$-208,$6,$-89
12,2015-09-30,70.24,$18.40,3.82,$36.94,1.9,$4.81,14.61,$5.36,13.11,$0.55B,$0.18B,3.15,$0.62B,$0.62B,1.0,$1.24B,$0.37B,30.09%,$1.24B,$0.26B,20.76%,$1.24B,$0.26B,20.76%,$1.24B,$0.34B,27.11%,$1.24B,$0.25B,19.87%,$1.24B,$0.18B,14.48%,$0.18B,$0.62B,28.00%,$0.18B,$0.47B,37.56%,$0.18B,$1.53B,11.52%,$0.26B,$1.24B,20.42%,$233,$165,$68,$0,$27,$192,$41,$-1,$40,$13,$27,$27,$27,$61,$41,$34,34,$0.80,$0.80,$119,$269,$20,$554,$763,$0,$154,$58,$975,$1529,$176,$620,$31,$733,$909,$0,$623,$-90,$620,$1529,$101,$59,$6,$65,$70,$-78,$0,$-8,$-71,$95,$-154,$0,$0,$0,$0,$0,$-1,$-155,$-3,$0,$-3,$0,$0,$-67,$2,$-68,$-148,$5,$-67
13,2015-06-30,73.03,$19.32,3.78,$37.19,1.96,$7.94,9.19,$7.16,10.2,$0.57B,$0.14B,4.08,$0.62B,$0.65B,0.95,$1.25B,$0.46B,36.45%,$1.25B,$0.34B,27.18%,$1.25B,$0.34B,27.18%,$1.25B,$0.42B,33.49%,$1.25B,$0.33B,26.22%,$1.25B,$0.24B,19.26%,$0.24B,$0.65B,37.55%,$0.24B,$0.49B,51.11%,$0.24B,$1.53B,15.38%,$0.34B,$1.27B,26.90%,$184,$133,$51,$0,$27,$160,$24,$-4,$20,$7,$13,$13,$13,$43,$24,$34,34,$0.39,$0.39,$234,$224,$16,$571,$737,$0,$163,$60,$959,$1530,$140,$621,$33,$739,$880,$0,$619,$-53,$651,$1530,$74,$39,$6,$45,$119,$-29,$0,$-3,$-6,$112,$-90,$0,$0,$0,$0,$0,$-1,$-90,$-2,$0,$-2,$0,$0,$-45,$2,$-44,$-33,$3,$-45
14,2015-03-31,82.24,$19.19,4.29,$37.31,2.2,$10.64,7.73,$6.75,12.18,$0.63B,$0.17B,3.81,$0.62B,$0.65B,0.96,$1.25B,$0.44B,35.33%,$1.25B,$0.33B,26.24%,$1.25B,$0.33B,26.24%,$1.25B,$0.41B,32.62%,$1.25B,$0.31B,24.72%,$1.25B,$0.23B,18.10%,$0.23B,$0.65B,36.47%,$0.23B,$0.48B,50.93%,$0.23B,$1.55B,14.47%,$0.33B,$1.27B,26.41%,$393,$280,$113,$0,$29,$308,$85,$-2,$83,$22,$61,$61,$61,$104,$85,$34,34,$1.79,$1.79,$314,$151,$13,$631,$700,$0,$162,$59,$921,$1552,$165,$622,$33,$740,$905,$0,$628,$-65,$646,$1552,$61,$19,$6,$26,$65,$42,$0,$-1,$36,$122,$-42,$0,$0,$0,$0,$0,$0,$-42,$-1,$0,$-1,$0,$0,$-22,$2,$-21,$47,$2,$-22
15,2014-12-31,76.06,$19.45,3.91,$38.22,1.99,$12.29,6.19,$6.45,11.79,$0.70B,$0.24B,2.96,$0.62B,$0.65B,0.95,$1.28B,$0.42B,32.89%,$1.28B,$0.31B,24.24%,$1.28B,$0.31B,24.24%,$1.28B,$0.39B,30.48%,$1.28B,$0.29B,22.84%,$1.28B,$0.22B,16.84%,$0.22B,$0.65B,35.76%,$0.22B,$0.48B,47.97%,$0.22B,$1.64B,14.15%,$0.31B,$1.28B,26.13%,$433,$292,$142,$0,$34,$326,$108,$-4,$104,$23,$81,$81,$79,$129,$108,$34,34,$2.38,$2.37,$267,$199,$14,$703,$701,$0,$175,$59,$935,$1637,$238,$623,$35,$746,$984,$0,$590,$-16,$654,$1637,$218,$79,$-56,$23,$-4,$-22,$0,$-7,$2,$243,$-125,$0,$-87,$0,$0,$0,$23,$-189,$148,$0,$148,$0,$0,$-81,$-2,$65,$107,$5,$-81
16,2014-09-30,73.33,$18.34,4.0,$36.90,1.99,$12.24,5.99,$5.81,12.62,$0.61B,$0.17B,3.59,$0.62B,$0.62B,1.01,$1.24B,$0.39B,31.29%,$1.24B,$0.28B,22.88%,$1.24B,$0.28B,22.88%,$1.24B,$0.36B,29.26%,$1.24B,$0.27B,21.67%,$1.24B,$0.20B,15.76%,$0.20B,$0.62B,33.68%,$0.20B,$0.44B,43.75%,$0.20B,$1.55B,13.28%,$0.28B,$1.24B,25.08%,$241,$91,$150,$0,$27,$118,$123,$-2,$121,$33,$88,$88,$88,$143,$123,$34,34,$2.60,$2.60,$220,$218,$20,$611,$691,$0,$181,$63,$936,$1547,$170,$624,$36,$760,$931,$0,$529,$10,$616,$1547,$137,$58,$-48,$10,$64,$-38,$0,$-12,$-18,$130,$-84,$0,$-87,$0,$0,$0,$23,$-148,$149,$0,$149,$0,$0,$-61,$-4,$84,$60,$4,$-61
17,2014-06-30,82.74,$17.11,4.84,$35.26,2.35,$12.63,6.55,$3.67,22.54,$0.60B,$0.21B,2.82,$0.62B,$0.57B,1.09,$1.18B,$0.28B,23.96%,$1.18B,$0.18B,15.50%,$1.18B,$0.18B,15.50%,$1.18B,$0.26B,22.02%,$1.18B,$0.17B,14.06%,$1.18B,$0.12B,10.33%,$0.12B,$0.57B,21.93%,$0.12B,$0.39B,27.13%,$0.12B,$1.54B,8.66%,$0.18B,$1.20B,17.12%,$187,$149,$38,$0,$24,$173,$13,$-12,$2,$3,$-1,$-1,$-1,$33,$13,$34,34,$-0.02,$-0.02,$304,$160,$28,$599,$692,$0,$189,$62,$942,$1541,$212,$624,$39,$755,$967,$0,$462,$39,$574,$1541,$50,$38,$17,$55,$108,$23,$0,$-13,$58,$162,$-49,$0,$-86,$0,$0,$0,$12,$-123,$150,$0,$150,$0,$0,$-40,$-5,$105,$144,$3,$-40
18,2014-03-31,70.86,$17.07,4.15,$34.90,2.03,$12.87,5.51,$4.01,17.67,$0.56B,$0.22B,2.55,$0.47B,$0.57B,0.83,$1.17B,$0.29B,24.57%,$1.17B,$0.19B,15.84%,$1.17B,$0.19B,15.84%,$1.17B,$0.26B,22.26%,$1.17B,$0.18B,15.15%,$1.17B,$0.13B,11.47%,$0.13B,$0.57B,24.84%,$0.13B,$0.50B,29.02%,$0.13B,$1.38B,9.96%,$0.19B,$1.05B,18.23%,$422,$330,$92,$0,$25,$355,$67,$-1,$66,$16,$50,$50,$50,$86,$67,$34,34,$1.49,$1.49,$283,$94,$14,$556,$676,$0,$71,$76,$823,$1379,$218,$474,$37,$589,$807,$0,$483,$20,$572,$1379,$50,$19,$9,$28,$47,$85,$0,$1,$83,$161,$-25,$0,$0,$0,$0,$0,$12,$-13,$-1,$0,$-1,$0,$0,$-20,$2,$-19,$124,$1,$-20
19,2013-12-31,68.24,$16.55,4.12,$33.83,2.02,$11.59,5.89,$3.90,17.5,$0.58B,$0.26B,2.24,$0.48B,$0.55B,0.86,$1.13B,$0.29B,25.31%,$1.13B,$0.19B,16.46%,$1.13B,$0.19B,16.46%,$1.13B,$0.26B,22.92%,$1.13B,$0.18B,15.49%,$1.13B,$0.13B,11.50%,$0.13B,$0.55B,24.68%,$0.13B,$0.46B,29.00%,$0.13B,$1.41B,9.83%,$0.19B,$1.03B,18.54%,$387,$280,$107,$0,$27,$307,$80,$-2,$79,$20,$58,$58,$58,$100,$80,$33,33,$1.73,$1.72,$160,$181,$17,$577,$677,$0,$93,$57,$827,$1405,$258,$475,$40,$593,$851,$0,$453,$35,$554,$1405,$131,$74,$11,$85,$-72,$46,$0,$4,$23,$238,$-123,$0,$0,$0,$0,$0,$17,$-106,$-4,$0,$-4,$11,$11,$-73,$0,$-66,$60,$5,$-73
20,2013-09-30,64.53,$15.69,4.11,$30.30,2.13,$8.76,7.37,$3.06,21.09,$0.49B,$0.19B,2.57,$0.48B,$0.53B,0.91,$1.01B,$0.25B,24.65%,$1.01B,$0.15B,14.65%,$1.01B,$0.15B,14.65%,$1.01B,$0.22B,21.68%,$1.01B,$0.13B,13.27%,$1.01B,$0.10B,10.10%,$0.10B,$0.53B,19.83%,$0.10B,$0.45B,23.17%,$0.10B,$1.31B,7.86%,$0.15B,$1.00B,14.93%,$185,$139,$46,$0,$23,$162,$23,$-4,$19,$3,$15,$15,$15,$41,$23,$33,33,$0.46,$0.46,$124,$236,$24,$489,$671,$0,$74,$78,$823,$1312,$191,$476,$39,$596,$787,$0,$413,$47,$525,$1312,$72,$54,$12,$66,$45,$-8,$0,$-6,$4,$142,$-83,$0,$0,$0,$0,$0,$14,$-69,$-3,$0,$-3,$0,$0,$-55,$11,$-47,$24,$4,$-55
21,2013-06-30,70.99,$15.16,4.68,$30.24,2.35,$8.00,8.87,$2.88,24.65,$0.48B,$0.18B,2.68,$0.48B,$0.51B,0.94,$1.01B,$0.24B,23.76%,$1.01B,$0.14B,13.82%,$1.01B,$0.14B,13.82%,$1.01B,$0.21B,20.68%,$1.01B,$0.13B,12.43%,$1.01B,$0.10B,9.54%,$0.10B,$0.51B,18.99%,$0.10B,$0.43B,22.08%,$0.10B,$1.29B,7.51%,$0.14B,$0.98B,14.13%,$174,$132,$42,$0,$27,$159,$15,$-2,$13,$2,$11,$11,$11,$33,$15,$33,33,$0.32,$0.32,$196,$185,$19,$481,$655,$0,$74,$75,$804,$1285,$180,$477,$42,$598,$778,$0,$416,$30,$507,$1285,$57,$36,$7,$43,$68,$41,$0,$4,$76,$176,$-56,$0,$0,$0,$0,$0,$14,$-41,$-2,$0,$-2,$0,$0,$-37,$8,$-30,$96,$3,$-37
22,2013-03-31,65.85,$15.65,4.21,$30.43,2.16,$5.95,11.07,$2.84,23.19,$0.48B,$0.17B,2.82,$0.48B,$0.52B,0.92,$1.01B,$0.24B,23.34%,$1.01B,$0.14B,13.85%,$1.01B,$0.14B,13.85%,$1.01B,$0.21B,20.47%,$1.01B,$0.12B,11.87%,$1.01B,$0.09B,9.30%,$0.09B,$0.52B,18.91%,$0.09B,$0.45B,21.85%,$0.09B,$1.29B,7.49%,$0.14B,$1.00B,14.34%,$384,$292,$91,$0,$24,$316,$68,$-4,$64,$17,$46,$46,$46,$85,$68,$33,33,$1.38,$1.38,$176,$135,$17,$484,$656,$0,$74,$76,$806,$1290,$172,$477,$42,$597,$769,$0,$423,$45,$521,$1290,$46,$18,$5,$22,$-8,$93,$0,$7,$60,$129,$-37,$0,$0,$0,$0,$0,$5,$-31,$-1,$0,$-1,$0,$0,$-18,$0,$-19,$75,$2,$-18
23,2012-12-31,61.9,$15.13,4.09,$28.45,2.18,$5.20,11.91,$2.65,23.36,$0.51B,$0.20B,2.54,$0.48B,$0.50B,0.95,$0.94B,$0.23B,24.20%,$0.94B,$0.13B,14.12%,$0.94B,$0.13B,14.12%,$0.94B,$0.20B,21.23%,$0.94B,$0.11B,11.78%,$0.94B,$0.09B,9.24%,$0.09B,$0.50B,17.78%,$0.09B,$0.43B,20.42%,$0.09B,$1.30B,7.01%,$0.13B,$0.98B,14.30%,$267,$198,$70,$0,$27,$225,$42,$-4,$38,$8,$30,$30,$30,$60,$42,$33,33,$0.90,$0.90,$100,$230,$26,$507,$645,$0,$75,$74,$794,$1301,$199,$478,$42,$598,$797,$0,$395,$58,$504,$1301,$89,$66,$31,$96,$9,$-24,$0,$-13,$-35,$152,$-131,$0,$0,$0,$0,$0,$7,$-124,$-1,$0,$-1,$0,$0,$-66,$5,$-62,$-30,$9,$-66
24,2012-09-30,61.41,$14.79,4.15,$29.68,2.07,$8.97,6.85,$3.06,20.07,$0.47B,$0.16B,2.91,$0.48B,$0.49B,0.98,$0.98B,$0.25B,24.97%,$0.98B,$0.15B,15.39%,$0.98B,$0.15B,15.39%,$0.98B,$0.22B,22.02%,$0.98B,$0.13B,13.15%,$0.98B,$0.10B,10.19%,$0.10B,$0.49B,21.05%,$0.10B,$0.43B,24.04%,$0.10B,$1.24B,8.22%,$0.15B,$0.97B,17.20%,$181,$145,$36,$0,$22,$167,$14,$-4,$10,$1,$9,$9,$9,$30,$14,$33,33,$0.28,$0.28,$116,$227,$10,$471,$640,$0,$60,$67,$767,$1238,$162,$479,$35,$587,$748,$0,$382,$67,$490,$1238,$59,$48,$23,$71,$55,$-17,$0,$-7,$2,$132,$-99,$0,$0,$0,$0,$0,$-1,$-100,$0,$0,$0,$0,$0,$-50,$-2,$-51,$-14,$5,$-50
25,2012-06-30,62.37,$14.30,4.36,$31.18,2.0,$12.04,5.18,$3.81,16.37,$0.46B,$0.14B,3.43,$0.48B,$0.47B,1.01,$1.03B,$0.28B,27.21%,$1.03B,$0.19B,18.08%,$1.03B,$0.19B,18.08%,$1.03B,$0.25B,24.39%,$1.03B,$0.16B,15.94%,$1.03B,$0.13B,12.15%,$0.13B,$0.47B,27.49%,$0.13B,$0.42B,31.53%,$0.13B,$1.19B,10.52%,$0.19B,$0.95B,21.68%,$179,$140,$39,$0,$23,$163,$16,$-8,$8,$-2,$10,$10,$9,$32,$16,$33,33,$0.28,$0.28,$148,$215,$9,$463,$607,$0,$59,$64,$729,$1192,$135,$480,$33,$584,$719,$0,$389,$46,$473,$1192,$49,$32,$25,$57,$78,$-8,$0,$-3,$9,$116,$-64,$0,$0,$0,$0,$0,$-1,$-65,$1,$0,$1,$2,$2,$-33,$-3,$-33,$17,$4,$-33
26,2012-03-31,58.26,$14.80,3.94,$31.25,1.86,$15.07,3.87,$3.95,14.75,$0.51B,$0.31B,1.67,$0.33B,$0.49B,0.67,$1.03B,$0.29B,27.67%,$1.03B,$0.19B,18.64%,$1.03B,$0.19B,18.64%,$1.03B,$0.26B,25.05%,$1.03B,$0.17B,16.80%,$1.03B,$0.13B,12.62%,$0.13B,$0.49B,29.56%,$0.13B,$0.43B,34.03%,$0.13B,$1.23B,11.09%,$0.19B,$0.82B,22.79%,$315,$233,$83,$0,$21,$254,$61,$-7,$55,$15,$40,$40,$39,$78,$61,$33,33,$1.19,$1.19,$184,$187,$10,$509,$599,$0,$58,$64,$721,$1230,$305,$326,$36,$435,$741,$0,$396,$58,$490,$1230,$40,$16,$21,$37,$43,$22,$0,$-3,$19,$97,$-30,$0,$0,$0,$0,$0,$-0,$-30,$-1,$0,$-1,$0,$0,$-17,$0,$-17,$53,$2,$-17
27,2011-12-31,55.53,$13.52,4.11,$33.60,1.65,$17.74,3.13,$4.45,12.48,$0.52B,$0.33B,1.58,$0.33B,$0.45B,0.73,$1.11B,$0.31B,28.03%,$1.11B,$0.22B,19.53%,$1.11B,$0.22B,19.53%,$1.11B,$0.28B,25.41%,$1.11B,$0.20B,17.72%,$1.11B,$0.15B,13.29%,$0.15B,$0.45B,35.10%,$0.15B,$0.39B,40.64%,$0.15B,$1.21B,12.80%,$0.22B,$0.77B,25.10%,$306,$219,$87,$0,$27,$246,$60,$-4,$56,$13,$44,$44,$43,$76,$60,$33,33,$1.31,$1.31,$130,$207,$19,$516,$573,$0,$58,$59,$690,$1206,$327,$327,$35,$432,$759,$0,$373,$41,$447,$1206,$149,$66,$14,$80,$49,$-3,$0,$-10,$18,$252,$-107,$0,$-58,$0,$0,$0,$13,$-152,$-4,$0,$-4,$5,$5,$-60,$4,$-56,$39,$7,$-60
28,2011-09-30,53.53,$12.42,4.31,$35.18,1.52,$17.28,3.1,$4.97,10.77,$0.46B,$0.13B,3.62,$0.48B,$0.41B,1.17,$1.16B,$0.33B,28.55%,$1.16B,$0.24B,20.67%,$1.16B,$0.24B,20.67%,$1.16B,$0.30B,26.30%,$1.16B,$0.21B,18.25%,$1.16B,$0.16B,14.01%,$0.16B,$0.41B,41.12%,$0.16B,$0.35B,46.72%,$0.16B,$1.13B,14.39%,$0.24B,$0.89B,27.32%,$229,$158,$71,$0,$22,$181,$49,$-3,$45,$11,$35,$35,$34,$65,$49,$33,33,$1.04,$1.03,$123,$186,$5,$458,$551,$0,$58,$57,$667,$1125,$127,$480,$39,$590,$716,$0,$344,$38,$409,$1125,$105,$50,$8,$58,$67,$18,$0,$6,$33,$201,$-67,$0,$-58,$0,$0,$0,$5,$-120,$-3,$0,$-3,$0,$0,$-45,$4,$-45,$32,$5,$-45
29,2011-06-30,68.58,$12.54,5.47,$33.59,2.04,$15.97,4.29,$4.52,15.17,$0.45B,$0.12B,3.79,$0.48B,$0.41B,1.17,$1.10B,$0.31B,28.29%,$1.10B,$0.22B,20.22%,$1.10B,$0.22B,20.22%,$1.10B,$0.28B,25.75%,$1.10B,$0.19B,17.41%,$1.10B,$0.15B,13.33%,$0.15B,$0.41B,40.50%,$0.15B,$0.36B,45.13%,$0.15B,$1.13B,13.43%,$0.22B,$0.89B,26.39%,$180,$136,$44,$0,$22,$158,$22,$-5,$17,$3,$14,$14,$14,$39,$22,$33,33,$0.42,$0.42,$158,$169,$6,$447,$567,$0,$56,$60,$683,$1130,$118,$481,$45,$599,$717,$0,$324,$64,$413,$1130,$71,$34,$8,$41,$98,$39,$0,$10,$80,$194,$-44,$0,$-58,$0,$0,$0,$1,$-101,$-2,$0,$-2,$0,$0,$-30,$4,$-29,$67,$3,$-30
30,2011-03-31,74.16,$12.35,6.0,$33.59,2.21,$15.22,4.87,$4.44,16.7,$0.46B,$0.13B,3.59,$0.48B,$0.41B,1.19,$1.10B,$0.31B,27.95%,$1.10B,$0.22B,19.87%,$1.10B,$0.22B,19.87%,$1.10B,$0.28B,25.05%,$1.10B,$0.19B,17.24%,$1.10B,$0.14B,13.07%,$0.14B,$0.41B,44.17%,$0.14B,$0.35B,48.32%,$0.14B,$1.13B,13.66%,$0.22B,$0.89B,27.06%,$391,$283,$108,$0,$23,$306,$85,$-6,$78,$22,$57,$57,$56,$101,$85,$33,33,$1.69,$1.69,$178,$128,$8,$464,$556,$0,$56,$57,$669,$1133,$129,$482,$43,$597,$727,$0,$325,$59,$406,$1133,$57,$17,$5,$22,$65,$79,$0,$5,$92,$171,$-17,$0,$-57,$0,$0,$0,$1,$-72,$-1,$0,$-1,$0,$0,$-15,$2,$-14,$87,$2,$-15
31,2010-12-31,70.44,$10.60,6.64,$32.65,2.16,$14.01,5.03,$4.52,15.58,$0.52B,$0.18B,2.86,$0.48B,$0.35B,1.39,$1.07B,$0.32B,29.47%,$1.07B,$0.23B,21.23%,$1.07B,$0.23B,21.23%,$1.07B,$0.28B,26.19%,$1.07B,$0.20B,18.24%,$1.07B,$0.15B,13.75%,$0.15B,$0.35B,50.04%,$0.15B,$0.33B,53.45%,$0.15B,$1.11B,14.30%,$0.23B,$0.83B,29.18%,$356,$249,$107,$0,$24,$274,$83,$-12,$71,$10,$61,$61,$58,$99,$83,$33,33,$1.83,$1.82,$91,$205,$14,$521,$534,$0,$18,$41,$593,$1114,$183,$483,$42,$584,$767,$0,$284,$46,$348,$1114,$151,$53,$16,$69,$-29,$70,$0,$-17,$22,$241,$-112,$0,$0,$0,$0,$0,$-1,$-113,$-4,$0,$-4,$0,$0,$-52,$1,$-55,$78,$5,$-52
32,2010-09-30,60.17,$8.70,6.92,$31.35,1.92,$10.83,5.56,$4.57,13.17,$0.43B,$0.12B,3.58,$0.48B,$0.29B,1.7,$1.03B,$0.33B,31.71%,$1.03B,$0.24B,23.41%,$1.03B,$0.24B,23.41%,$1.03B,$0.29B,28.20%,$1.03B,$0.21B,20.78%,$1.03B,$0.15B,14.44%,$0.15B,$0.29B,56.38%,$0.15B,$0.27B,60.78%,$0.15B,$1.00B,14.80%,$0.24B,$0.77B,32.09%,$176,$123,$53,$0,$21,$143,$33,$-7,$26,$7,$19,$19,$19,$45,$33,$33,33,$0.58,$0.58,$69,$243,$7,$434,$508,$0,$19,$41,$568,$1001,$121,$484,$52,$595,$716,$0,$236,$33,$285,$1001,$90,$37,$8,$46,$70,$31,$0,$-5,$31,$168,$-77,$0,$0,$0,$0,$0,$-1,$-78,$-3,$0,$-3,$0,$0,$-39,$6,$-36,$55,$4,$-39
33,2010-06-30,54.89,$8.10,6.78,$31.58,1.74,$8.51,6.45,$4.76,11.53,$0.43B,$0.11B,3.91,$0.49B,$0.27B,1.83,$1.03B,$0.34B,32.88%,$1.03B,$0.25B,24.44%,$1.03B,$0.25B,24.44%,$1.03B,$0.30B,29.10%,$1.03B,$0.22B,21.73%,$1.03B,$0.16B,15.03%,$0.16B,$0.27B,66.03%,$0.16B,$0.25B,72.01%,$0.16B,$0.97B,15.90%,$0.25B,$0.75B,34.95%,$179,$139,$40,$0,$22,$161,$18,$-3,$15,$4,$11,$11,$11,$31,$18,$33,33,$0.34,$0.34,$112,$216,$9,$429,$481,$0,$19,$40,$540,$969,$110,$485,$49,$594,$703,$0,$229,$23,$265,$969,$70,$25,$8,$32,$92,$56,$0,$-7,$67,$171,$-46,$0,$0,$0,$0,$0,$-1,$-47,$-2,$0,$-2,$0,$0,$-26,$3,$-25,$99,$3,$-26
34,2010-03-31,62.35,$8.46,7.37,$31.00,2.01,$6.50,9.59,$4.84,12.88,$0.49B,$0.15B,3.19,$0.49B,$0.28B,1.75,$1.01B,$0.35B,34.98%,$1.01B,$0.27B,26.58%,$1.01B,$0.27B,26.58%,$1.01B,$0.32B,31.13%,$1.01B,$0.23B,22.83%,$1.01B,$0.16B,15.61%,$0.16B,$0.28B,77.26%,$0.16B,$0.26B,85.52%,$0.16B,$1.03B,16.78%,$0.27B,$0.76B,38.89%,$358,$243,$115,$0,$22,$265,$93,$-10,$83,$24,$59,$59,$59,$105,$93,$33,33,$1.77,$1.77,$119,$211,$10,$488,$480,$0,$19,$40,$539,$1027,$153,$486,$50,$597,$750,$0,$231,$35,$277,$1027,$59,$12,$1,$13,$43,$63,$0,$-8,$65,$137,$-24,$0,$0,$0,$0,$0,$-0,$-24,$-1,$0,$-1,$0,$0,$-13,$2,$-12,$105,$1,$-13
35,2009-12-31,51.94,$6.83,7.6,$29.56,1.76,$6.19,8.4,$4.92,10.56,$0.48B,$0.19B,2.62,$0.49B,$0.22B,2.18,$0.96B,$0.35B,36.76%,$0.96B,$0.27B,28.14%,$0.96B,$0.27B,28.14%,$0.96B,$0.32B,32.71%,$0.96B,$0.24B,24.51%,$0.96B,$0.16B,16.72%,$0.16B,$0.22B,98.47%,$0.16B,$0.20B,112.20%,$0.16B,$1.00B,18.11%,$0.27B,$0.71B,41.71%,$312,$195,$117,$0,$21,$216,$96,$-7,$89,$27,$63,$63,$59,$108,$96,$33,33,$1.89,$1.88,$14,$273,$12,$483,$464,$0,$20,$37,$520,$1004,$185,$487,$55,$596,$781,$0,$185,$31,$223,$1004,$164,$45,$35,$80,$44,$-147,$0,$8,$-125,$119,$-94,$0,$-4,$0,$0,$0,$-1,$-99,$4,$0,$4,$3,$3,$-47,$-13,$-53,$-21,$5,$-47
36,2009-09-30,47.37,$5.32,8.9,$31.94,1.48,$11.16,4.24,$5.45,8.69,$0.41B,$0.15B,2.8,$0.49B,$0.17B,2.81,$1.04B,$0.38B,36.77%,$1.04B,$0.30B,28.49%,$1.04B,$0.30B,28.49%,$1.04B,$0.34B,32.63%,$1.04B,$0.26B,24.93%,$1.04B,$0.18B,17.23%,$0.18B,$0.17B,144.35%,$0.18B,$0.15B,172.53%,$0.18B,$0.90B,21.21%,$0.30B,$0.66B,48.43%,$182,$116,$67,$0,$22,$138,$45,$-8,$37,$12,$26,$26,$26,$56,$45,$33,33,$0.77,$0.77,$13,$261,$9,$410,$431,$0,$20,$37,$488,$899,$147,$488,$36,$579,$725,$0,$134,$35,$174,$899,$101,$33,$18,$50,$114,$-134,$0,$-1,$-84,$69,$-54,$0,$-4,$0,$0,$0,$-1,$-58,$-2,$0,$-2,$0,$0,$-35,$-5,$-42,$-21,$3,$-35
37,2009-06-30,41.94,$4.42,9.5,$33.67,1.25,$15.02,2.79,$5.55,7.56,$0.37B,$0.12B,3.21,$0.49B,$0.14B,3.4,$1.09B,$0.39B,35.83%,$1.09B,$0.31B,28.06%,$1.09B,$0.31B,28.06%,$1.09B,$0.35B,31.90%,$1.09B,$0.27B,24.31%,$1.09B,$0.18B,16.64%,$0.18B,$0.14B,206.82%,$0.18B,$0.12B,269.63%,$0.18B,$0.84B,22.54%,$0.31B,$0.63B,53.00%,$160,$105,$55,$0,$20,$125,$35,$-13,$22,$8,$14,$14,$14,$46,$35,$33,33,$0.42,$0.42,$66,$202,$8,$373,$409,$0,$20,$34,$463,$836,$116,$489,$35,$576,$693,$0,$120,$21,$144,$836,$76,$21,$21,$42,$140,$-76,$0,$1,$-30,$88,$-29,$0,$-4,$0,$0,$0,$-0,$-33,$-1,$0,$-1,$0,$0,$-24,$-5,$-30,$32,$2,$-24
38,2009-03-31,42.77,$3.48,12.31,$33.76,1.27,$18.08,2.37,$5.18,8.26,$0.39B,$0.15B,2.56,$0.48B,$0.11B,4.26,$1.10B,$0.37B,34.12%,$1.10B,$0.29B,26.55%,$1.10B,$0.29B,26.55%,$1.10B,$0.34B,30.66%,$1.10B,$0.25B,22.54%,$1.10B,$0.17B,15.51%,$0.17B,$0.11B,288.14%,$0.17B,$0.09B,447.37%,$0.17B,$0.82B,21.96%,$0.29B,$0.60B,52.53%,$309,$194,$115,$0,$21,$215,$95,$-6,$88,$27,$62,$62,$62,$105,$95,$32,33,$1.85,$1.85,$117,$135,$9,$389,$379,$0,$20,$30,$429,$818,$152,$482,$30,$553,$705,$0,$118,$-6,$113,$818,$62,$11,$3,$13,$111,$-13,$0,$-2,$37,$112,$-9,$0,$0,$0,$0,$0,$-0,$-10,$-1,$0,$-1,$0,$0,$-12,$-6,$-18,$83,$1,$-12
39,2008-12-31,44.21,$1.99,22.24,$35.98,1.23,$19.14,2.31,$4.81,9.19,$0.39B,$0.22B,1.81,$0.49B,$0.07B,7.62,$1.17B,$0.36B,30.51%,$1.17B,$0.27B,23.48%,$1.17B,$0.27B,23.48%,$1.17B,$0.33B,27.85%,$1.17B,$0.23B,19.45%,$1.17B,$0.16B,13.45%,$0.16B,$0.07B,413.16%,$0.16B,$0.04B,951.52%,$0.16B,$0.82B,20.40%,$0.27B,$0.56B,49.30%,$388,$243,$145,$0,$24,$267,$121,$-9,$112,$32,$80,$80,$77,$132,$121,$32,32,$2.41,$2.41,$35,$123,$10,$391,$383,$0,$20,$29,$432,$823,$216,$492,$29,$543,$758,$0,$68,$-1,$65,$823,$160,$51,$26,$77,$-12,$-6,$0,$-13,$18,$254,$-68,$0,$0,$0,$0,$0,$1,$-67,$-94,$0,$-94,$2,$2,$-44,$-26,$-162,$23,$3,$-44
40,2008-09-30,39.25,$0.91,43.14,$34.09,1.15,$15.58,2.52,$3.93,9.99,$0.31B,$0.16B,1.93,$0.50B,$0.03B,17.08,$1.11B,$0.30B,27.24%,$1.11B,$0.22B,20.09%,$1.11B,$0.22B,20.09%,$1.11B,$0.28B,25.34%,$1.11B,$0.16B,14.57%,$1.11B,$0.13B,11.67%,$0.13B,$0.03B,629.27%,$0.13B,$0.01B,-10320.00%,$0.13B,$0.75B,16.78%,$0.22B,$0.53B,39.21%,$237,$161,$77,$0,$21,$181,$56,$-12,$44,$15,$29,$29,$29,$66,$56,$32,32,$0.87,$0.87,$12,$144,$7,$309,$390,$0,$21,$33,$444,$753,$161,$504,$40,$563,$723,$0,$-1,$35,$30,$753,$79,$40,$14,$55,$73,$-19,$0,$-8,$41,$176,$-37,$0,$0,$0,$0,$0,$1,$-35,$-77,$0,$-77,$0,$0,$-33,$-30,$-140,$-0,$0,$-33
41,2008-06-30,60.07,$0.85,70.83,$31.00,1.94,$12.84,4.68,$3.26,18.43,$0.25B,$0.11B,2.42,$0.51B,$0.03B,18.36,$1.01B,$0.26B,25.50%,$1.01B,$0.18B,18.06%,$1.01B,$0.18B,18.06%,$1.01B,$0.25B,24.70%,$1.01B,$0.12B,11.90%,$1.01B,$0.11B,10.62%,$0.11B,$0.03B,10700.00%,$0.11B,$0.01B,-515.66%,$0.11B,$0.70B,14.06%,$0.18B,$0.53B,32.10%,$162,$125,$37,$0,$18,$143,$19,$-16,$3,$2,$2,$2,$2,$33,$19,$32,32,$0.05,$0.05,$41,$109,$14,$253,$394,$0,$22,$33,$449,$702,$105,$505,$43,$570,$674,$0,$-21,$51,$28,$702,$51,$30,$14,$44,$125,$19,$0,$-3,$83,$178,$-20,$0,$0,$0,$0,$0,$1,$-19,$-76,$0,$-76,$0,$0,$-22,$-30,$-128,$29,$0,$-22
42,2008-03-31,43.78,$0.90,48.91,$29.97,1.46,$10.67,4.11,$3.11,14.08,$0.35B,$0.14B,2.46,$0.57B,$0.03B,19.75,$0.97B,$0.25B,25.15%,$0.97B,$0.17B,17.76%,$0.97B,$0.17B,17.76%,$0.97B,$0.24B,25.05%,$0.97B,$0.11B,11.60%,$0.97B,$0.10B,10.47%,$0.10B,$0.03B,-558.90%,$0.10B,$0.01B,-256.60%,$0.10B,$0.80B,13.53%,$0.17B,$0.60B,30.77%,$380,$283,$97,$0,$19,$302,$78,$-10,$68,$19,$49,$49,$49,$94,$78,$32,32,$1.49,$1.48,$103,$65,$9,$352,$392,$0,$22,$34,$448,$800,$143,$573,$44,$628,$771,$0,$-15,$46,$29,$800,$49,$16,$-0,$16,$41,$62,$0,$1,$80,$146,$-9,$0,$0,$0,$0,$0,$0,$-9,$-1,$0,$-1,$0,$0,$-11,$-31,$-43,$91,$0,$-11
43,2007-12-31,30.26,$-0.14,-212.8,$26.32,1.15,$8.63,3.51,$2.43,12.45,$0.37B,$0.17B,2.22,$0.60B,$-0.01B,-131.02,$0.86B,$0.21B,24.83%,$0.86B,$0.14B,16.78%,$0.86B,$0.14B,16.78%,$0.86B,$0.22B,25.29%,$0.86B,$0.08B,9.32%,$0.86B,$0.08B,9.21%,$0.08B,$-0.01B,-213.51%,$0.08B,$-0.03B,-135.62%,$0.08B,$0.82B,10.87%,$0.14B,$0.60B,26.59%,$326,$237,$90,$0,$20,$257,$69,$-24,$46,$-5,$50,$50,$49,$87,$69,$32,32,$1.54,$1.53,$12,$128,$7,$366,$397,$0,$22,$35,$454,$820,$165,$603,$44,$660,$825,$0,$-55,$54,$-5,$820,$80,$72,$13,$85,$-89,$23,$0,$-17,$-47,$119,$-48,$0,$-8,$0,$0,$0,$-0,$-56,$-27,$0,$-27,$0,$0,$-42,$9,$-59,$5,$3,$-42
44,2007-09-30,24.91,$-1.50,-16.66,$22.72,1.1,$8.27,3.01,$1.70,14.65,$0.27B,$0.13B,2.14,$0.59B,$-0.05B,-12.11,$0.74B,$0.18B,24.50%,$0.74B,$0.12B,16.15%,$0.74B,$0.12B,16.15%,$0.74B,$0.19B,25.98%,$0.74B,$0.07B,9.02%,$0.74B,$0.06B,7.54%,$0.06B,$-0.05B,-107.69%,$0.06B,$-0.07B,-76.45%,$0.06B,$0.72B,7.99%,$0.12B,$0.54B,23.02%,$140,$107,$33,$0,$16,$123,$16,$-13,$3,$-4,$7,$7,$7,$35,$16,$33,33,$0.20,$0.20,$2,$155,$5,$272,$397,$0,$21,$32,$449,$722,$127,$585,$55,$643,$770,$0,$-93,$50,$-48,$722,$30,$54,$-14,$41,$21,$-4,$0,$-2,$15,$87,$-35,$0,$-8,$0,$0,$0,$-0,$-43,$-31,$0,$-31,$0,$0,$-31,$11,$-52,$-5,$0,$-31
45,2007-06-30,25.12,$-1.51,-16.62,$22.28,1.13,$8.38,3.0,$1.57,16.0,$0.23B,$0.09B,2.48,$0.56B,$-0.05B,-11.51,$0.73B,$0.18B,24.62%,$0.73B,$0.12B,16.64%,$0.73B,$0.12B,16.64%,$0.73B,$0.19B,26.55%,$0.73B,$0.07B,9.35%,$0.73B,$0.05B,7.02%,$0.05B,$-0.05B,-87.18%,$0.05B,$-0.07B,-63.75%,$0.05B,$0.67B,7.41%,$0.12B,$0.51B,23.68%,$128,$102,$25,$0,$16,$118,$10,$-14,$-4,$-1,$-3,$-3,$-3,$28,$10,$32,32,$-0.10,$-0.10,$31,$120,$6,$233,$388,$0,$21,$33,$442,$674,$94,$562,$61,$630,$723,$0,$-92,$47,$-49,$674,$23,$36,$-7,$30,$52,$29,$0,$1,$56,$110,$-23,$0,$-8,$0,$0,$0,$0,$-30,$-21,$0,$-21,$0,$0,$-21,$-14,$-55,$24,$0,$-21
46,2007-03-31,23.99,$-1.41,-16.96,$21.70,1.11,$8.16,2.94,$1.60,14.99,$0.26B,$0.10B,2.51,$0.56B,$-0.05B,-12.4,$0.71B,$0.17B,24.61%,$0.71B,$0.12B,16.69%,$0.71B,$0.12B,16.69%,$0.71B,$0.19B,26.87%,$0.71B,$0.07B,9.62%,$0.71B,$0.05B,7.36%,$0.05B,$-0.05B,-83.87%,$0.05B,$-0.07B,-62.09%,$0.05B,$0.69B,7.59%,$0.12B,$0.52B,23.11%,$264,$200,$65,$0,$16,$215,$49,$-14,$35,$9,$26,$26,$26,$67,$49,$33,33,$0.80,$0.80,$35,$93,$6,$261,$377,$0,$21,$32,$430,$691,$104,$564,$59,$633,$737,$0,$-79,$39,$-46,$691,$26,$18,$-3,$15,$-2,$53,$0,$-0,$38,$80,$-9,$0,$-8,$0,$0,$0,$0,$-17,$-10,$0,$-10,$0,$0,$-10,$-15,$-36,$28,$0,$-10
47,2006-12-31,22.45,$-2.03,-11.07,$20.37,1.1,$9.17,2.45,$1.68,13.36,$0.28B,$0.12B,2.39,$0.58B,$-0.07B,-8.95,$0.66B,$0.17B,26.32%,$0.66B,$0.12B,18.15%,$0.66B,$0.12B,18.15%,$0.66B,$0.19B,28.90%,$0.66B,$0.07B,10.74%,$0.66B,$0.06B,8.32%,$0.06B,$-0.07B,-84.29%,$0.06B,$-0.09B,-62.86%,$0.06B,$0.72B,7.99%,$0.12B,$0.52B,23.52%,$211,$153,$59,$0,$14,$167,$45,$-12,$33,$6,$26,$26,$26,$63,$45,$32,33,$0.81,$0.81,$7,$146,$8,$284,$375,$0,$22,$36,$432,$716,$119,$582,$68,$662,$781,$0,$-95,$36,$-65,$716,$55,$71,$-21,$50,$71,$-64,$0,$5,$-9,$96,$-36,$0,$0,$0,$0,$0,$-4,$-41,$-45,$0,$-45,$0,$0,$-40,$-12,$-96,$-40,$2,$-40
