,Date,Stock Price,Book Value per Share,Price to Book Ratio,TTM Sales per Share,Price to Sales Ratio,TTM FCF per Share,Price to FCF Ratio,TTM Net EPS,PE Ratio,Current Assets,Current Liabilities,Current Ratio,Long Term Debt,Shareholder's Equity_x,Debt to Equity Ratio,TTM Revenue_x,TTM Gross Profit,Gross Margin,TTM Revenue_y,TTM Operating Income,Operating Margin,TTM Revenue_x,TTM EBIT,EBIT Margin,TTM Revenue_y,TTM EBITDA,EBITDA Margin,TTM Revenue_x,TTM Pre-Tax Income,Pre-Tax Margin,TTM Revenue_y,TTM Net Income_x,Net Margin,TTM Net Income_y,Shareholder's Equity_y,Return on Equity,TTM Net Income_x,Tangible Equity,Return on Tangible Equity,TTM Net Income_y,Total Assets,Return on Assets,TTM Net Income,LT Investments & Debt,Return on Investment,revenue,cost-goods-sold,gross-profit,research-development-expenses,selling-general-administrative-expenses,operating-expenses,operating-income,total-non-operating-income-expense,pre-tax-income,total-provision-income-taxes,income-after-taxes,income-from-continuous-operations,net-income,ebitda,ebit,basic-shares-outstanding,shares-outstanding,eps-basic-net-earnings-per-share,eps-earnings-per-share-diluted,cash-on-hand,inventory,other-current-assets,total-current-assets,net-property-plant-equipment,long-term-investments,goodwill-intangible-assets-total,other-long-term-assets,total-long-term-assets,total-assets,total-current-liabilities,long-term-debt,other-non-current-liabilities,total-long-term-liabilities,total-liabilities,common-stock-net,retained-earnings-accumulated-deficit,comprehensive-income,total-share-holder-equity,total-liabilities-share-holders-equity,net-income-loss,total-depreciation-amortization-cash-flow,other-non-cash-items,total-non-cash-items,change-in-accounts-receivable,change-in-inventories,change-in-accounts-payable,change-in-assets-liabilities,total-change-in-assets-liabilities,cash-flow-from-operating-activities,net-change-in-property-plant-equipment,net-change-in-intangible-assets,net-acquisitions-divestitures,net-change-in-short-term-investments,net-change-in-long-term-investments,net-change-in-investments-total,investing-activities-other,cash-flow-from-investing-activities,net-long-term-debt,net-current-debt,debt-issuance-retirement-net-total,net-common-equity-issued-repurchased,net-total-equity-issued-repurchased,total-common-preferred-stock-dividends-paid,financial-activities-other,cash-flow-from-financial-activities,net-cash-flow,stock-based-compensation,common-stock-dividends-paid
0,2018-09-30,136.61,$2.66,51.4,$82.94,1.65,$8.44,16.19,$0.15,910.73,$0.26B,$0.48B,0.55,$0.93B,$0.08B,11.31,$2.62B,$1.32B,50.46%,$2.62B,$0.11B,4.05%,$2.62B,$0.11B,4.05%,$2.62B,$0.27B,10.43%,$2.62B,$0.04B,1.45%,$2.62B,$0.01B,0.23%,$0.01B,$0.08B,6.15%,$0.01B,$-0.68B,-0.89%,$0.01B,$1.70B,0.36%,$0.11B,$1.01B,11.02%,$589,$302,$287,$57,$224,$595,$-6,$-4,$-10,$5,$-15,$-15,$-15,$35,$-6,$31,31,$-0.47,$-0.47,$48,$78,$0,$263,$486,$0,$765,$59,$1438,$1701,$478,$928,$72,$1141,$1619,$1,$435,$-71,$82,$1701,$-15,$41,$-3,$38,$-7,$-11,$2,$16,$-1,$22,$-32,$-0,$-18,$0,$0,$0,$0,$-50,$34,$0,$34,$0,$0,$0,$-3,$32,$4,$9,$0
1,2018-06-30,144.96,$3.04,47.64,$81.29,1.78,$8.36,17.34,$1.34,108.18,$0.24B,$0.48B,0.5,$0.87B,$0.09B,9.26,$2.59B,$1.31B,50.69%,$2.59B,$0.16B,6.13%,$2.59B,$0.16B,6.13%,$2.59B,$0.33B,12.62%,$2.59B,$0.07B,2.51%,$2.59B,$0.04B,1.70%,$0.04B,$0.09B,44.78%,$0.04B,$-0.66B,-6.43%,$0.04B,$1.65B,2.61%,$0.16B,$0.96B,16.61%,$631,$317,$315,$63,$217,$609,$22,$-28,$-6,$-0,$-6,$-6,$-7,$64,$22,$31,32,$-0.23,$-0.22,$44,$61,$0,$239,$484,$0,$751,$55,$1413,$1652,$481,$870,$70,$1077,$1558,$1,$453,$-70,$94,$1652,$47,$169,$12,$181,$-5,$-7,$22,$-45,$-35,$192,$-101,$-0,$94,$0,$0,$0,$-3,$-11,$-61,$0,$-61,$-47,$-47,$0,$-69,$-178,$19,$50,$0
2,2018-03-31,154.7,$3.05,50.77,$79.74,1.94,$7.11,21.76,$0.47,329.15,$0.25B,$0.46B,0.54,$0.89B,$0.09B,9.51,$2.53B,$1.28B,50.85%,$2.53B,$0.13B,5.03%,$2.53B,$0.13B,5.03%,$2.53B,$0.30B,11.72%,$2.53B,$0.04B,1.47%,$2.53B,$0.02B,0.63%,$0.02B,$0.09B,17.11%,$0.02B,$-0.70B,-2.29%,$0.02B,$1.71B,0.95%,$0.13B,$0.98B,13.05%,$636,$319,$317,$61,$224,$619,$17,$-14,$2,$4,$-2,$-2,$-2,$60,$17,$31,31,$-0.07,$-0.07,$50,$63,$0,$248,$501,$0,$793,$45,$1462,$1710,$462,$890,$121,$1155,$1616,$1,$460,$-82,$94,$1710,$52,$127,$-10,$117,$-15,$-12,$18,$-17,$-25,$145,$-77,$-0,$94,$0,$0,$0,$-2,$14,$577,$0,$577,$-48,$-48,$0,$-681,$-152,$24,$34,$0
3,2017-12-31,119.88,$3.86,31.02,$76.73,1.56,$6.13,19.56,$-0.84,0.0,$0.24B,$0.54B,0.44,$0.77B,$0.12B,6.43,$2.44B,$1.25B,51.19%,$2.44B,$0.07B,2.79%,$2.44B,$0.07B,2.79%,$2.44B,$0.24B,9.71%,$2.44B,$-0.03B,-1.02%,$2.44B,$-0.03B,-1.02%,$-0.03B,$0.12B,-27.40%,$-0.03B,$-0.67B,3.56%,$-0.03B,$1.68B,-1.49%,$0.07B,$0.89B,6.86%,$762,$360,$402,$59,$246,$689,$73,$-20,$52,$22,$31,$31,$30,$114,$73,$31,32,$0.96,$0.93,$40,$55,$0,$235,$507,$0,$790,$28,$1443,$1679,$539,$770,$108,$1020,$1559,$1,$462,$-83,$120,$1679,$54,$84,$-14,$70,$-16,$-7,$44,$33,$53,$177,$-57,$-0,$94,$0,$0,$0,$-1,$36,$-189,$0,$-189,$-11,$-11,$0,$-14,$-214,$14,$20,$0
4,2017-09-30,97.66,$2.72,35.85,$70.84,1.38,$4.24,23.05,$-0.70,0.0,$0.23B,$0.45B,0.52,$0.91B,$0.09B,10.73,$2.26B,$1.15B,50.86%,$2.26B,$0.03B,1.29%,$2.26B,$0.03B,1.29%,$2.26B,$0.19B,8.60%,$2.26B,$-0.02B,-0.98%,$2.26B,$-0.02B,-0.89%,$-0.02B,$0.09B,-23.19%,$-0.02B,$-0.71B,2.80%,$-0.02B,$1.70B,-1.20%,$0.03B,$0.99B,2.82%,$563,$284,$280,$62,$205,$517,$47,$-29,$17,$-6,$23,$23,$23,$89,$47,$31,32,$0.75,$0.72,$43,$57,$0,$234,$512,$0,$794,$27,$1462,$1696,$454,$907,$109,$1158,$1612,$1,$432,$-88,$85,$1696,$23,$42,$-43,$-0,$-9,$-9,$-2,$13,$-7,$16,$-29,$-0,$94,$0,$0,$0,$-2,$62,$-60,$0,$-60,$1,$1,$0,$-16,$-75,$17,$7,$0
5,2017-06-30,94.53,$2.39,39.48,$67.48,1.4,$4.06,23.28,$-2.34,0.0,$0.25B,$0.45B,0.55,$0.95B,$0.08B,12.69,$2.14B,$1.10B,51.40%,$2.14B,$-0.05B,-2.15%,$2.14B,$-0.05B,-2.15%,$2.14B,$0.11B,5.29%,$2.14B,$-0.08B,-3.70%,$2.14B,$-0.07B,-3.37%,$-0.07B,$0.08B,-70.76%,$-0.07B,$-0.72B,10.74%,$-0.07B,$1.68B,-4.47%,$-0.05B,$1.03B,-4.56%,$564,$279,$285,$65,$217,$574,$-10,$-24,$-34,$1,$-35,$-35,$-35,$33,$-10,$31,31,$-1.11,$-1.06,$26,$47,$46,$246,$512,$0,$791,$35,$1434,$1680,$449,$954,$95,$1155,$1605,$1,$415,$-113,$75,$1680,$-72,$158,$69,$228,$5,$-9,$25,$-20,$1,$157,$-107,$-0,$-205,$0,$6,$6,$4,$-302,$181,$0,$181,$-44,$-44,$0,$-33,$105,$-52,$49,$0
6,2017-03-31,86.19,$2.72,31.68,$63.94,1.35,$6.72,12.82,$-0.72,0.0,$0.22B,$0.43B,0.51,$0.97B,$0.09B,11.42,$2.05B,$1.07B,52.17%,$2.05B,$-0.02B,-0.98%,$2.05B,$-0.02B,-0.98%,$2.05B,$0.13B,6.39%,$2.05B,$-0.02B,-1.02%,$2.05B,$-0.02B,-0.98%,$-0.02B,$0.09B,-16.06%,$-0.02B,$-0.71B,3.22%,$-0.02B,$1.64B,-1.29%,$-0.02B,$1.05B,-2.03%,$551,$268,$282,$63,$213,$593,$-42,$-18,$-60,$-17,$-43,$-43,$-43,$1,$-42,$31,31,$-1.38,$-1.38,$43,$45,$0,$217,$513,$0,$796,$30,$1421,$1638,$429,$968,$57,$1124,$1553,$1,$449,$-127,$85,$1638,$-38,$116,$30,$146,$3,$-7,$10,$9,$15,$124,$-86,$-0,$-205,$0,$6,$6,$7,$-278,$600,$0,$600,$-50,$-50,$0,$-427,$123,$-34,$36,$0
7,2016-12-31,91.61,$3.21,28.54,$60.18,1.52,$9.15,10.01,$-0.40,0.0,$0.24B,$0.44B,0.56,$0.94B,$0.10B,9.4,$1.94B,$1.03B,53.07%,$1.94B,$0.00B,0.21%,$1.94B,$0.00B,0.21%,$1.94B,$0.15B,7.59%,$1.94B,$0.00B,0.10%,$1.94B,$-0.01B,-0.52%,$-0.01B,$0.10B,-7.08%,$-0.01B,$-0.72B,1.72%,$-0.01B,$1.66B,-0.66%,$0.00B,$1.04B,0.42%,$577,$276,$300,$56,$200,$543,$34,$21,$55,$20,$35,$35,$35,$71,$34,$31,33,$1.12,$1.07,$50,$41,$0,$242,$505,$0,$821,$34,$1422,$1664,$436,$938,$78,$1128,$1564,$1,$492,$-144,$100,$1664,$5,$72,$10,$82,$1,$-4,$22,$9,$28,$115,$-55,$-0,$-207,$0,$6,$6,$1,$-255,$192,$0,$192,$-50,$-50,$0,$-26,$116,$-28,$23,$0
8,2016-09-30,101.18,$4.66,21.71,$57.65,1.76,$10.59,9.55,$0.33,306.61,$0.18B,$0.33B,0.53,$0.76B,$0.15B,5.18,$1.86B,$1.03B,55.33%,$1.86B,$0.04B,2.05%,$1.86B,$0.04B,2.05%,$1.86B,$0.18B,9.43%,$1.86B,$0.01B,0.65%,$1.86B,$0.01B,0.75%,$0.01B,$0.15B,8.99%,$0.01B,$-0.53B,-2.82%,$0.01B,$1.46B,0.98%,$0.04B,$0.91B,4.24%,$444,$213,$231,$59,$189,$472,$-28,$-12,$-40,$-10,$-30,$-30,$-29,$8,$-28,$32,32,$-0.92,$-0.92,$61,$20,$0,$175,$495,$0,$680,$25,$1281,$1456,$332,$764,$81,$977,$1309,$1,$457,$-101,$147,$1456,$-30,$35,$15,$50,$3,$-1,$-8,$-4,$-11,$10,$-28,$-0,$-1,$0,$0,$0,$1,$-27,$1,$0,$1,$0,$0,$0,$-8,$-7,$-24,$12,$0
9,2016-06-30,92.48,$5.27,17.56,$54.73,1.69,$11.11,8.33,$1.55,59.66,$0.20B,$0.34B,0.6,$0.77B,$0.17B,4.62,$1.79B,$1.01B,56.71%,$1.79B,$0.08B,4.36%,$1.79B,$0.08B,4.36%,$1.79B,$0.21B,11.69%,$1.79B,$0.07B,3.64%,$1.79B,$0.05B,3.02%,$0.05B,$0.17B,36.86%,$0.05B,$-0.52B,-11.31%,$0.05B,$1.46B,3.86%,$0.08B,$0.93B,8.85%,$479,$222,$257,$53,$159,$463,$16,$8,$24,$7,$17,$17,$17,$51,$16,$32,33,$0.54,$0.55,$85,$18,$0,$201,$493,$0,$683,$26,$1263,$1464,$336,$767,$60,$962,$1298,$1,$486,$-108,$166,$1464,$50,$132,$26,$158,$7,$-0,$26,$6,$39,$247,$-107,$-0,$-164,$0,$0,$0,$6,$-266,$153,$0,$153,$-149,$-149,$0,$-10,$-5,$-26,$24,$0
10,2016-03-31,90.69,$4.82,18.8,$51.48,1.76,$11.25,8.06,$0.93,97.52,$0.20B,$0.34B,0.6,$0.79B,$0.15B,5.19,$1.69B,$0.98B,58.08%,$1.69B,$0.08B,4.56%,$1.69B,$0.08B,4.56%,$1.69B,$0.20B,11.90%,$1.69B,$0.04B,2.31%,$1.69B,$0.03B,1.95%,$0.03B,$0.15B,19.73%,$0.03B,$-0.56B,-7.79%,$0.03B,$1.49B,2.43%,$0.08B,$0.94B,8.98%,$437,$197,$240,$55,$161,$454,$-18,$-19,$-37,$-1,$-36,$-36,$-33,$17,$-18,$31,31,$-1.04,$-1.04,$83,$20,$0,$204,$497,$0,$707,$25,$1282,$1487,$338,$788,$71,$997,$1335,$1,$465,$-99,$152,$1487,$33,$97,$45,$142,$2,$-1,$12,$7,$20,$195,$-81,$-0,$-162,$0,$0,$0,$4,$-239,$174,$0,$174,$-150,$-150,$0,$-5,$18,$-27,$18,$0
11,2015-12-31,81.14,$5.03,16.14,$47.49,1.71,$11.40,7.12,$2.24,36.22,$0.20B,$0.34B,0.58,$0.64B,$0.16B,4.05,$1.59B,$0.96B,59.99%,$1.59B,$0.10B,6.22%,$1.59B,$0.10B,6.22%,$1.59B,$0.21B,13.25%,$1.59B,$0.09B,5.40%,$1.59B,$0.08B,4.71%,$0.08B,$0.16B,39.84%,$0.08B,$-0.38B,-23.68%,$0.08B,$1.30B,6.01%,$0.10B,$0.80B,12.32%,$496,$198,$299,$52,$179,$429,$68,$-2,$65,$6,$59,$59,$59,$99,$68,$31,33,$1.89,$1.81,$79,$21,$0,$197,$491,$0,$541,$26,$1105,$1303,$340,$640,$54,$804,$1144,$1,$499,$-123,$158,$1303,$69,$62,$-7,$55,$-2,$-3,$21,$23,$39,$162,$-56,$-0,$-28,$0,$0,$0,$4,$-79,$264,$0,$264,$-140,$-140,$0,$-235,$-111,$-30,$12,$0
12,2015-09-30,76.11,$3.51,21.7,$45.43,1.68,$12.56,6.06,$2.33,32.67,$0.22B,$0.31B,0.7,$0.75B,$0.11B,6.76,$1.54B,$0.94B,61.13%,$1.54B,$0.09B,5.92%,$1.54B,$0.09B,5.92%,$1.54B,$0.20B,12.70%,$1.54B,$0.09B,5.73%,$1.54B,$0.08B,5.21%,$0.08B,$0.11B,37.51%,$0.08B,$-0.45B,-31.19%,$0.08B,$1.34B,6.79%,$0.09B,$0.86B,11.89%,$376,$157,$218,$51,$155,$364,$12,$1,$13,$3,$10,$10,$11,$42,$12,$33,34,$0.33,$0.32,$100,$20,$0,$217,$495,$0,$564,$25,$1126,$1344,$312,$745,$62,$922,$1234,$1,$443,$-111,$110,$1344,$10,$30,$-7,$23,$-6,$-2,$11,$-9,$-6,$27,$-29,$-0,$-23,$0,$0,$0,$2,$-50,$139,$0,$139,$-128,$-128,$0,$2,$14,$-10,$6,$0
13,2015-06-30,84.16,$7.51,11.2,$44.37,1.9,$13.60,6.19,$2.74,30.72,$0.22B,$0.31B,0.71,$0.59B,$0.25B,2.35,$1.49B,$0.93B,61.91%,$1.49B,$0.10B,6.43%,$1.49B,$0.10B,6.43%,$1.49B,$0.19B,12.99%,$1.49B,$0.10B,6.76%,$1.49B,$0.09B,6.22%,$0.09B,$0.25B,38.79%,$0.09B,$-0.30B,-47.57%,$0.09B,$1.30B,8.55%,$0.10B,$0.84B,13.30%,$380,$156,$224,$48,$134,$365,$15,$-17,$-2,$3,$-5,$-5,$-4,$43,$15,$33,34,$-0.13,$-0.12,$110,$18,$0,$216,$468,$0,$552,$25,$1084,$1300,$306,$587,$52,$745,$1050,$1,$435,$-99,$249,$1300,$89,$98,$-3,$94,$2,$-4,$-4,$65,$58,$242,$-93,$-0,$-124,$0,$0,$0,$0,$-217,$48,$0,$48,$13,$13,$0,$-36,$25,$41,$24,$0
14,2015-03-31,84.38,$7.20,11.73,$42.99,1.96,$11.29,7.47,$2.88,29.3,$0.22B,$0.24B,0.95,$0.49B,$0.24B,2.07,$1.45B,$0.91B,62.40%,$1.45B,$0.10B,6.96%,$1.45B,$0.10B,6.96%,$1.45B,$0.19B,13.36%,$1.45B,$0.11B,7.30%,$1.45B,$0.10B,6.75%,$0.10B,$0.24B,41.61%,$0.10B,$-0.13B,-58.07%,$0.10B,$1.04B,9.70%,$0.10B,$0.73B,14.89%,$340,$126,$214,$48,$162,$336,$4,$5,$10,$2,$8,$8,$9,$27,$4,$33,34,$0.26,$0.25,$142,$13,$0,$222,$392,$0,$364,$32,$819,$1041,$235,$489,$44,$571,$805,$1,$439,$-116,$236,$1041,$94,$70,$-14,$56,$-1,$-2,$-5,$51,$43,$192,$-63,$-0,$-23,$0,$0,$0,$0,$-86,$489,$0,$489,$11,$11,$0,$-523,$-23,$72,$19,$0
15,2014-12-31,74.84,$7.91,9.46,$41.38,1.81,$8.56,8.74,$2.67,28.03,$0.18B,$0.30B,0.61,$0.39B,$0.26B,1.51,$1.40B,$0.88B,62.73%,$1.40B,$0.10B,7.30%,$1.40B,$0.10B,7.30%,$1.40B,$0.19B,13.52%,$1.40B,$0.10B,7.08%,$1.40B,$0.09B,6.44%,$0.09B,$0.26B,36.81%,$0.09B,$-0.14B,-81.08%,$0.09B,$1.03B,9.81%,$0.10B,$0.65B,16.68%,$440,$157,$283,$47,$177,$380,$60,$7,$67,$4,$63,$63,$64,$83,$60,$33,34,$1.96,$1.89,$86,$15,$0,$179,$391,$0,$400,$27,$847,$1026,$296,$388,$48,$473,$769,$1,$430,$-75,$258,$1026,$86,$47,$-18,$30,$-7,$-3,$22,$64,$75,$191,$-42,$-0,$-23,$0,$0,$0,$0,$-66,$-107,$0,$-107,$5,$5,$0,$-2,$-103,$15,$12,$0
16,2014-09-30,54.79,$6.66,8.23,$39.01,1.4,$5.54,9.88,$1.96,27.95,$0.14B,$0.22B,0.66,$0.47B,$0.22B,2.15,$1.33B,$0.84B,63.51%,$1.33B,$0.10B,7.15%,$1.33B,$0.10B,7.15%,$1.33B,$0.18B,13.17%,$1.33B,$0.08B,6.02%,$1.33B,$0.07B,5.04%,$0.07B,$0.22B,27.35%,$0.07B,$-0.21B,-125.82%,$0.07B,$0.98B,8.07%,$0.10B,$0.68B,16.89%,$334,$130,$204,$44,$143,$317,$17,$9,$26,$2,$23,$23,$24,$41,$17,$32,33,$0.73,$0.71,$70,$13,$0,$144,$357,$0,$427,$31,$840,$984,$219,$465,$46,$549,$768,$1,$367,$-47,$216,$984,$23,$24,$-12,$13,$-3,$-0,$6,$13,$17,$53,$-20,$-0,$-26,$0,$0,$0,$0,$-46,$-4,$0,$-4,$1,$1,$0,$-1,$-5,$-2,$6,$0
17,2014-06-30,40.46,$7.19,5.63,$36.94,1.1,$4.00,10.12,$1.26,32.11,$0.16B,$0.24B,0.65,$0.43B,$0.23B,1.84,$1.27B,$0.82B,64.49%,$1.27B,$0.09B,6.77%,$1.27B,$0.09B,6.77%,$1.27B,$0.16B,12.44%,$1.27B,$0.06B,4.41%,$1.27B,$0.04B,3.39%,$0.04B,$0.23B,17.71%,$0.04B,$-0.20B,537.50%,$0.04B,$0.99B,5.78%,$0.09B,$0.66B,16.88%,$338,$134,$205,$49,$136,$318,$20,$-16,$3,$3,$1,$1,$1,$43,$20,$33,34,$0.04,$0.05,$76,$12,$0,$158,$352,$0,$427,$29,$831,$989,$242,$429,$44,$515,$757,$1,$343,$2,$232,$989,$43,$72,$33,$105,$4,$-1,$15,$-13,$5,$154,$-82,$-0,$-216,$0,$-5,$-5,$-4,$-307,$482,$0,$482,$-38,$-38,$0,$-279,$164,$12,$28,$0
18,2014-03-31,49.22,$8.19,6.01,$35.19,1.4,$3.45,14.28,$1.30,37.86,$0.13B,$0.18B,0.71,$0.19B,$0.27B,0.68,$1.21B,$0.80B,65.59%,$1.21B,$0.07B,5.69%,$1.21B,$0.07B,5.69%,$1.21B,$0.14B,11.14%,$1.21B,$0.06B,4.54%,$1.21B,$0.04B,3.63%,$0.04B,$0.27B,18.95%,$0.04B,$0.10B,71.84%,$0.04B,$0.67B,6.80%,$0.07B,$0.46B,15.36%,$286,$101,$185,$42,$138,$281,$5,$-2,$3,$1,$2,$1,$1,$22,$5,$33,34,$0.04,$0.04,$57,$7,$0,$126,$314,$13,$169,$31,$546,$672,$177,$186,$25,$222,$400,$1,$342,$5,$272,$672,$43,$49,$13,$62,$2,$0,$8,$-17,$-6,$98,$-61,$-0,$0,$0,$-5,$-5,$-5,$-71,$-37,$0,$-37,$4,$4,$0,$1,$-32,$-4,$22,$0
19,2013-12-31,56.85,$7.86,7.24,$35.22,1.61,$3.34,17.04,$1.43,39.76,$0.14B,$0.20B,0.68,$0.19B,$0.26B,0.73,$1.21B,$0.80B,65.82%,$1.21B,$0.07B,6.10%,$1.21B,$0.07B,6.10%,$1.21B,$0.14B,11.45%,$1.21B,$0.06B,5.02%,$1.21B,$0.05B,4.04%,$0.05B,$0.26B,22.82%,$0.05B,$0.09B,115.98%,$0.05B,$0.68B,7.74%,$0.07B,$0.45B,16.72%,$371,$121,$250,$43,$155,$318,$53,$-5,$48,$6,$42,$41,$41,$69,$53,$33,35,$1.24,$1.18,$62,$8,$0,$135,$308,$14,$172,$29,$539,$675,$198,$189,$19,$216,$414,$1,$340,$-1,$260,$675,$41,$32,$15,$48,$-1,$-1,$5,$3,$6,$95,$-47,$0,$0,$0,$0,$0,$-5,$-52,$-35,$0,$-35,$4,$4,$0,$-2,$-32,$12,$16,$0
20,2013-09-30,56.6,$6.25,9.05,$34.57,1.64,$3.00,18.87,$0.91,62.2,$0.12B,$0.14B,0.84,$0.26B,$0.21B,1.27,$1.19B,$0.78B,65.74%,$1.19B,$0.05B,4.53%,$1.19B,$0.05B,4.53%,$1.19B,$0.12B,9.99%,$1.19B,$0.04B,3.69%,$1.19B,$0.03B,2.60%,$0.03B,$0.21B,15.33%,$0.03B,$0.04B,111.71%,$0.03B,$0.64B,4.94%,$0.05B,$0.47B,12.27%,$275,$96,$179,$42,$129,$267,$8,$-6,$2,$1,$1,$0,$0,$24,$8,$33,34,$0.01,$0.01,$65,$8,$0,$122,$295,$11,$171,$30,$517,$639,$144,$263,$15,$288,$432,$1,$300,$-6,$207,$639,$0,$16,$10,$26,$-3,$0,$-3,$-21,$-27,$-0,$-19,$0,$0,$0,$0,$0,$-0,$-19,$31,$0,$31,$3,$3,$0,$-1,$33,$15,$8,$0
21,2013-06-30,49.37,$5.78,8.54,$34.04,1.45,$2.90,17.01,$0.85,58.08,$0.10B,$0.16B,0.65,$0.23B,$0.19B,1.21,$1.17B,$0.77B,65.72%,$1.17B,$0.05B,3.94%,$1.17B,$0.05B,3.94%,$1.17B,$0.11B,9.43%,$1.17B,$0.04B,3.51%,$1.17B,$0.03B,2.49%,$0.03B,$0.19B,14.48%,$0.03B,$0.02B,120.83%,$0.03B,$0.60B,4.65%,$0.05B,$0.42B,10.51%,$280,$99,$181,$44,$134,$277,$3,$-1,$2,$-1,$3,$2,$2,$20,$3,$33,34,$0.07,$0.07,$50,$8,$0,$100,$280,$11,$171,$29,$501,$602,$155,$230,$15,$257,$412,$1,$299,$-12,$190,$602,$29,$64,$26,$90,$-2,$-1,$1,$22,$20,$140,$-87,$1,$0,$0,$0,$0,$-13,$-99,$10,$0,$10,$-60,$-60,$0,$-3,$-53,$-12,$33,$0
22,2013-03-31,38.66,$6.08,6.36,$32.34,1.2,$3.63,10.64,$0.88,43.93,$0.10B,$0.15B,0.68,$0.23B,$0.20B,1.14,$1.14B,$0.75B,65.79%,$1.14B,$0.05B,4.22%,$1.14B,$0.05B,4.22%,$1.14B,$0.11B,9.76%,$1.14B,$0.04B,3.87%,$1.14B,$0.03B,2.73%,$0.03B,$0.20B,15.50%,$0.03B,$0.03B,142.53%,$0.03B,$0.62B,5.00%,$0.05B,$0.43B,10.98%,$288,$99,$189,$43,$136,$278,$10,$-1,$9,$2,$6,$6,$6,$26,$10,$33,34,$0.18,$0.17,$51,$8,$0,$104,$287,$12,$174,$30,$512,$616,$154,$229,$16,$261,$415,$1,$297,$-7,$202,$616,$27,$47,$23,$70,$-1,$-1,$-3,$12,$6,$103,$-70,$-0,$0,$0,$0,$0,$-13,$-84,$80,$0,$80,$-34,$-34,$0,$-76,$-31,$-11,$25,$0
23,2012-12-31,32.86,$6.26,5.25,$30.82,1.07,$4.91,6.7,$0.72,45.64,$0.13B,$0.18B,0.73,$0.23B,$0.21B,1.1,$1.11B,$0.73B,65.76%,$1.11B,$0.05B,4.16%,$1.11B,$0.05B,4.16%,$1.11B,$0.11B,9.85%,$1.11B,$0.04B,3.70%,$1.11B,$0.03B,2.26%,$0.03B,$0.21B,11.36%,$0.03B,$0.03B,66.67%,$0.03B,$0.65B,4.07%,$0.05B,$0.44B,10.67%,$348,$114,$234,$40,$161,$315,$33,$-2,$31,$8,$23,$23,$23,$49,$33,$33,35,$0.69,$0.66,$65,$10,$0,$132,$293,$13,$179,$28,$521,$654,$182,$231,$15,$261,$444,$1,$314,$-3,$210,$654,$21,$31,$12,$43,$-3,$-3,$9,$28,$31,$95,$-59,$1,$0,$0,$0,$0,$-13,$-70,$1,$0,$1,$-23,$-23,$0,$-2,$-24,$3,$17,$0
24,2012-09-30,34.15,$5.82,5.87,$28.49,1.2,$6.03,5.67,$0.88,38.81,$0.12B,$0.13B,0.89,$0.26B,$0.20B,1.3,$1.06B,$0.69B,65.53%,$1.06B,$0.05B,4.34%,$1.06B,$0.05B,4.34%,$1.06B,$0.11B,10.10%,$1.06B,$0.05B,4.25%,$1.06B,$0.03B,3.21%,$0.03B,$0.20B,14.50%,$0.03B,$0.02B,71.58%,$0.03B,$0.62B,5.69%,$0.05B,$0.46B,10.87%,$251,$88,$163,$38,$125,$251,$0,$-2,$-1,$0,$-2,$-2,$-2,$15,$0,$34,34,$-0.05,$-0.05,$59,$8,$0,$115,$277,$13,$179,$29,$506,$620,$129,$259,$14,$292,$421,$1,$291,$-7,$199,$620,$-2,$15,$6,$21,$-0,$-1,$-4,$-8,$-12,$7,$-29,$2,$0,$0,$0,$0,$-13,$-40,$30,$0,$30,$1,$1,$0,$-1,$30,$-3,$8,$0
25,2012-06-30,32.3,$5.55,5.82,$26.04,1.24,$7.11,4.54,$1.12,28.84,$0.12B,$0.14B,0.81,$0.23B,$0.19B,1.21,$1.02B,$0.67B,65.20%,$1.02B,$0.06B,5.49%,$1.02B,$0.06B,5.49%,$1.02B,$0.12B,11.27%,$1.02B,$0.06B,5.49%,$1.02B,$0.04B,4.31%,$0.04B,$0.19B,16.01%,$0.04B,$0.01B,33.21%,$0.04B,$0.59B,7.86%,$0.06B,$0.42B,14.05%,$250,$89,$162,$37,$120,$245,$5,$0,$5,$1,$4,$4,$4,$21,$5,$38,39,$0.11,$0.11,$62,$7,$0,$116,$261,$0,$181,$29,$477,$592,$142,$229,$14,$261,$403,$1,$293,$-11,$189,$592,$44,$59,$18,$77,$-1,$1,$6,$14,$19,$141,$-52,$-0,$-181,$1,$0,$1,$0,$-232,$409,$0,$409,$-308,$-308,$0,$-179,$-79,$-174,$25,$0
26,2012-03-31,38.65,$7.62,5.07,$24.26,1.59,$7.48,5.17,$1.34,28.84,$0.10B,$0.15B,0.7,$0.13B,$0.28B,0.45,$0.98B,$0.64B,64.96%,$0.98B,$0.07B,6.95%,$0.98B,$0.07B,6.95%,$0.98B,$0.12B,12.67%,$0.98B,$0.07B,6.84%,$0.98B,$0.05B,5.52%,$0.05B,$0.28B,15.88%,$0.05B,$0.09B,22.36%,$0.05B,$0.59B,9.80%,$0.07B,$0.41B,16.73%,$258,$89,$169,$36,$125,$250,$8,$-2,$6,$5,$0,$0,$0,$24,$8,$36,38,$0.01,$0.01,$52,$8,$0,$103,$259,$0,$192,$28,$484,$588,$148,$127,$13,$158,$306,$1,$289,$-1,$282,$588,$40,$43,$15,$58,$-2,$1,$2,$23,$23,$121,$-37,$-0,$-181,$1,$0,$1,$0,$-218,$125,$0,$125,$-209,$-209,$0,$-3,$-86,$-184,$17,$0
27,2011-12-31,30.6,$7.26,4.21,$22.00,1.39,$7.33,4.18,$1.84,16.63,$0.12B,$0.17B,0.74,$0.14B,$0.27B,0.53,$0.93B,$0.60B,64.86%,$0.93B,$0.09B,9.30%,$0.93B,$0.09B,9.30%,$0.93B,$0.14B,14.92%,$0.93B,$0.09B,9.30%,$0.93B,$0.08B,8.32%,$0.08B,$0.27B,20.49%,$0.08B,$0.07B,23.67%,$0.08B,$0.59B,14.37%,$0.09B,$0.41B,20.94%,$300,$100,$200,$30,$138,$267,$33,$2,$35,$3,$32,$32,$32,$47,$33,$38,39,$0.84,$0.82,$67,$9,$0,$124,$258,$0,$197,$5,$467,$590,$166,$141,$9,$156,$323,$1,$289,$-7,$268,$590,$40,$27,$7,$34,$-3,$-0,$3,$38,$38,$112,$-27,$-0,$-185,$1,$0,$1,$0,$-212,$145,$0,$145,$-210,$-210,$0,$-2,$-66,$-169,$10,$0
28,2011-09-30,27.03,$8.97,3.01,$19.43,1.39,$6.58,4.11,$1.77,15.27,$0.19B,$0.10B,2.0,$0.00B,$0.36B,0.0,$0.86B,$0.56B,64.61%,$0.86B,$0.09B,10.59%,$0.86B,$0.09B,10.59%,$0.86B,$0.14B,16.53%,$0.86B,$0.09B,10.36%,$0.86B,$0.08B,9.20%,$0.08B,$0.36B,19.46%,$0.08B,$0.36B,19.52%,$0.08B,$0.47B,15.41%,$0.09B,$0.36B,22.41%,$212,$78,$134,$27,$98,$203,$10,$1,$10,$2,$8,$8,$8,$23,$10,$41,42,$0.20,$0.19,$161,$8,$0,$194,$254,$0,$0,$9,$275,$469,$97,$0,$8,$12,$109,$1,$257,$2,$360,$469,$8,$13,$4,$17,$0,$-0,$-2,$7,$5,$31,$-13,$-0,$0,$1,$0,$1,$0,$-12,$0,$0,$0,$-91,$-91,$0,$-1,$-92,$-75,$5,$0
29,2011-06-30,47.85,$10.43,4.59,$18.18,2.63,$6.22,7.7,$1.82,26.29,$0.27B,$0.09B,2.9,$0.00B,$0.45B,0.0,$0.82B,$0.53B,64.75%,$0.82B,$0.09B,11.38%,$0.82B,$0.09B,11.38%,$0.82B,$0.14B,17.63%,$0.82B,$0.09B,11.14%,$0.82B,$0.08B,10.04%,$0.08B,$0.45B,19.65%,$0.08B,$0.45B,19.71%,$0.08B,$0.56B,15.76%,$0.09B,$0.45B,22.29%,$209,$75,$133,$25,$91,$192,$17,$-1,$16,$2,$14,$14,$14,$30,$17,$43,45,$0.33,$0.33,$237,$8,$0,$272,$262,$0,$5,$4,$284,$556,$94,$0,$8,$12,$106,$1,$249,$13,$450,$556,$82,$51,$21,$72,$-3,$-1,$-3,$16,$8,$163,$-44,$-0,$0,$10,$0,$10,$0,$-34,$-5,$0,$-5,$-50,$-50,$0,$-3,$-58,$74,$22,$0
30,2011-03-31,51.9,$9.88,5.25,$17.16,3.03,$4.59,11.31,$1.76,29.49,$0.25B,$0.09B,2.63,$0.00B,$0.43B,0.0,$0.77B,$0.50B,64.90%,$0.77B,$0.09B,11.66%,$0.77B,$0.09B,11.66%,$0.77B,$0.14B,18.13%,$0.77B,$0.09B,11.40%,$0.77B,$0.08B,10.36%,$0.08B,$0.43B,20.06%,$0.08B,$0.43B,20.06%,$0.08B,$0.53B,15.98%,$0.09B,$0.43B,22.57%,$204,$71,$133,$23,$85,$178,$26,$-0,$25,$2,$23,$23,$23,$38,$26,$43,45,$0.53,$0.51,$208,$8,$0,$245,$260,$0,$0,$11,$284,$529,$93,$0,$8,$11,$104,$1,$234,$8,$425,$529,$68,$38,$16,$54,$-2,$-2,$-0,$8,$4,$126,$-34,$-0,$0,$10,$0,$10,$0,$-24,$-5,$0,$-5,$-52,$-52,$0,$-3,$-60,$45,$17,$0
31,2010-12-31,46.0,$9.10,5.06,$16.22,2.84,$3.49,13.18,$1.60,28.75,$0.21B,$0.10B,2.2,$0.00B,$0.39B,0.0,$0.73B,$0.47B,64.58%,$0.73B,$0.08B,11.17%,$0.73B,$0.08B,11.17%,$0.73B,$0.13B,17.85%,$0.73B,$0.08B,11.04%,$0.73B,$0.07B,9.95%,$0.07B,$0.39B,19.00%,$0.07B,$0.39B,19.00%,$0.07B,$0.50B,15.06%,$0.08B,$0.39B,21.34%,$234,$79,$155,$22,$95,$196,$38,$-0,$38,$4,$34,$34,$34,$51,$38,$44,45,$0.78,$0.75,$178,$9,$0,$211,$261,$0,$0,$11,$285,$496,$96,$0,$7,$11,$106,$1,$211,$2,$389,$496,$45,$25,$11,$36,$-1,$-2,$-0,$15,$11,$93,$-28,$-0,$0,$5,$0,$5,$0,$-23,$-5,$0,$-5,$-54,$-54,$0,$-2,$-61,$10,$12,$0
32,2010-09-30,38.65,$9.21,4.2,$15.32,2.52,$2.86,13.53,$1.44,26.84,$0.21B,$0.09B,2.53,$0.00B,$0.41B,0.0,$0.70B,$0.45B,64.17%,$0.70B,$0.08B,10.79%,$0.70B,$0.08B,10.79%,$0.70B,$0.12B,17.55%,$0.70B,$0.07B,10.50%,$0.70B,$0.07B,9.50%,$0.07B,$0.41B,17.66%,$0.07B,$0.41B,17.66%,$0.07B,$0.50B,14.00%,$0.08B,$0.41B,20.07%,$170,$63,$108,$23,$72,$158,$12,$-0,$12,$1,$11,$11,$11,$25,$12,$44,45,$0.25,$0.24,$177,$7,$0,$214,$261,$0,$0,$11,$286,$500,$85,$0,$7,$10,$95,$1,$177,$2,$405,$500,$11,$12,$5,$17,$-1,$-0,$-5,$-2,$-9,$19,$-16,$0,$0,$2,$0,$2,$0,$-14,$-0,$0,$-0,$1,$1,$0,$-1,$-1,$6,$5,$0
33,2010-06-30,47.49,$8.58,5.54,$14.79,3.21,$3.03,15.66,$1.49,31.87,$0.20B,$0.09B,2.22,$0.00B,$0.38B,0.0,$0.67B,$0.43B,64.18%,$0.67B,$0.08B,11.49%,$0.67B,$0.08B,11.49%,$0.67B,$0.12B,18.21%,$0.67B,$0.08B,11.19%,$0.67B,$0.07B,10.15%,$0.07B,$0.38B,19.43%,$0.07B,$0.38B,19.43%,$0.07B,$0.48B,15.16%,$0.08B,$0.38B,21.92%,$164,$60,$105,$21,$70,$150,$14,$-1,$13,$1,$12,$12,$12,$26,$14,$43,45,$0.27,$0.26,$172,$6,$0,$203,$250,$0,$0,$11,$275,$478,$92,$0,$7,$10,$102,$1,$167,$-11,$376,$478,$68,$44,$18,$62,$-4,$-2,$6,$23,$24,$154,$-108,$0,$-6,$-10,$0,$-10,$0,$-124,$-14,$0,$-14,$15,$15,$0,$0,$1,$29,$22,$0
34,2010-03-31,57.37,$8.40,6.83,$14.20,4.04,$2.84,20.22,$1.56,36.77,$0.20B,$0.09B,2.25,$0.00B,$0.37B,0.0,$0.64B,$0.41B,63.96%,$0.64B,$0.08B,12.17%,$0.64B,$0.08B,12.17%,$0.64B,$0.12B,18.88%,$0.64B,$0.08B,12.17%,$0.64B,$0.07B,11.08%,$0.07B,$0.37B,21.68%,$0.07B,$0.37B,21.68%,$0.07B,$0.47B,16.84%,$0.08B,$0.37B,23.55%,$166,$60,$106,$20,$69,$148,$18,$-0,$18,$2,$16,$16,$16,$29,$18,$44,46,$0.37,$0.35,$172,$6,$0,$203,$237,$0,$0,$12,$262,$465,$90,$0,$6,$8,$98,$1,$155,$-1,$367,$465,$56,$33,$13,$46,$-5,$-2,$6,$22,$21,$123,$-78,$0,$-6,$-10,$0,$-10,$0,$-95,$-14,$0,$-14,$13,$13,$0,$1,$0,$29,$17,$0
35,2009-12-31,56.66,$7.99,7.09,$13.52,4.19,$2.49,22.73,$1.54,36.79,$0.19B,$0.09B,2.1,$0.00B,$0.35B,0.0,$0.60B,$0.39B,63.85%,$0.60B,$0.08B,12.60%,$0.60B,$0.08B,12.60%,$0.60B,$0.12B,19.40%,$0.60B,$0.08B,12.60%,$0.60B,$0.07B,11.44%,$0.07B,$0.35B,23.10%,$0.07B,$0.35B,23.10%,$0.07B,$0.44B,17.77%,$0.08B,$0.35B,24.90%,$195,$68,$127,$20,$76,$164,$31,$-1,$30,$3,$27,$27,$27,$42,$31,$43,45,$0.62,$0.59,$159,$7,$0,$188,$230,$0,$0,$12,$256,$443,$89,$0,$6,$7,$97,$1,$139,$5,$347,$443,$40,$21,$10,$31,$-3,$-2,$4,$21,$19,$90,$-54,$0,$-6,$0,$0,$0,$0,$-60,$-13,$0,$-13,$8,$8,$0,$0,$-5,$25,$12,$0
36,2009-09-30,50.75,$7.19,7.06,$12.36,4.1,$2.32,21.84,$1.37,37.04,$0.17B,$0.09B,2.01,$0.01B,$0.31B,0.02,$0.55B,$0.35B,63.25%,$0.55B,$0.07B,12.07%,$0.55B,$0.07B,12.07%,$0.55B,$0.10B,19.01%,$0.55B,$0.07B,12.07%,$0.55B,$0.06B,11.15%,$0.06B,$0.31B,22.61%,$0.06B,$0.31B,22.61%,$0.06B,$0.41B,17.05%,$0.07B,$0.32B,23.63%,$145,$53,$92,$18,$60,$131,$14,$-0,$14,$1,$13,$13,$13,$25,$14,$43,45,$0.30,$0.29,$141,$5,$0,$174,$212,$0,$0,$9,$234,$408,$87,$5,$5,$12,$99,$1,$112,$7,$310,$408,$13,$10,$5,$15,$-3,$-1,$5,$3,$4,$32,$-22,$0,$0,$0,$0,$0,$0,$-22,$-7,$0,$-7,$3,$3,$0,$-1,$-4,$7,$5,$0
37,2009-06-30,42.65,$6.67,6.39,$11.61,3.67,$2.36,18.06,$1.26,33.85,$0.16B,$0.07B,2.35,$0.01B,$0.29B,0.04,$0.52B,$0.32B,62.60%,$0.52B,$0.06B,12.02%,$0.52B,$0.06B,12.02%,$0.52B,$0.10B,18.80%,$0.52B,$0.06B,11.82%,$0.52B,$0.06B,10.85%,$0.06B,$0.29B,21.90%,$0.06B,$0.29B,21.90%,$0.06B,$0.37B,16.43%,$0.06B,$0.30B,23.09%,$135,$50,$85,$16,$54,$120,$15,$1,$16,$1,$15,$15,$15,$25,$15,$43,45,$0.33,$0.32,$134,$4,$0,$157,$194,$0,$0,$5,$213,$370,$67,$10,$5,$17,$84,$1,$99,$4,$286,$370,$56,$36,$7,$43,$0,$-2,$3,$20,$21,$120,$-83,$0,$0,$26,$0,$26,$0,$-58,$-3,$0,$-3,$-33,$-33,$0,$5,$-31,$31,$19,$0
38,2009-03-31,27.49,$5.97,4.61,$10.98,2.5,$1.96,14.02,$1.15,23.9,$0.13B,$0.06B,2.08,$0.01B,$0.25B,0.04,$0.49B,$0.31B,62.12%,$0.49B,$0.06B,11.81%,$0.49B,$0.06B,11.81%,$0.49B,$0.09B,18.53%,$0.49B,$0.06B,11.41%,$0.49B,$0.05B,10.39%,$0.05B,$0.25B,20.82%,$0.05B,$0.25B,20.82%,$0.05B,$0.33B,15.58%,$0.06B,$0.26B,22.31%,$128,$47,$81,$16,$49,$112,$16,$-0,$16,$1,$14,$14,$14,$25,$16,$42,43,$0.34,$0.33,$115,$3,$0,$131,$182,$0,$0,$10,$201,$332,$63,$11,$4,$17,$80,$0,$84,$-0,$252,$332,$41,$26,$12,$38,$-2,$-1,$3,$13,$13,$92,$-65,$0,$0,$19,$0,$19,$0,$-46,$-2,$0,$-2,$-41,$-41,$0,$3,$-41,$5,$15,$0
39,2008-12-31,18.61,$5.49,3.39,$10.32,1.8,$1.68,11.09,$1.07,17.39,$0.13B,$0.07B,1.78,$0.01B,$0.23B,0.05,$0.47B,$0.29B,61.62%,$0.47B,$0.05B,11.30%,$0.47B,$0.05B,11.30%,$0.47B,$0.08B,17.91%,$0.47B,$0.05B,11.09%,$0.47B,$0.05B,10.23%,$0.05B,$0.23B,20.10%,$0.05B,$0.23B,20.13%,$0.05B,$0.32B,15.00%,$0.05B,$0.24B,20.70%,$139,$51,$88,$15,$52,$118,$21,$-0,$20,$2,$19,$19,$19,$29,$21,$43,44,$0.43,$0.42,$111,$4,$0,$127,$175,$0,$0,$10,$193,$321,$72,$11,$4,$18,$89,$0,$70,$3,$231,$321,$27,$17,$12,$28,$1,$-2,$4,$14,$18,$73,$-45,$0,$0,$13,$0,$13,$0,$-32,$-2,$0,$-2,$-42,$-42,$0,$-1,$-45,$-5,$10,$0
40,2008-09-30,32.84,$5.70,5.76,$9.45,3.48,$1.38,23.86,$0.89,36.9,$0.16B,$0.06B,2.54,$0.02B,$0.25B,0.07,$0.44B,$0.27B,61.15%,$0.44B,$0.04B,10.11%,$0.44B,$0.04B,10.11%,$0.44B,$0.07B,16.78%,$0.44B,$0.05B,10.34%,$0.44B,$0.04B,9.20%,$0.04B,$0.25B,17.17%,$0.04B,$0.25B,17.22%,$0.04B,$0.34B,12.87%,$0.04B,$0.27B,17.44%,$114,$45,$69,$14,$46,$104,$10,$-1,$9,$1,$8,$8,$8,$18,$10,$44,46,$0.19,$0.18,$142,$3,$0,$159,$163,$0,$0,$10,$181,$340,$62,$18,$3,$24,$87,$0,$51,$3,$254,$340,$8,$8,$5,$14,$-1,$-0,$4,$4,$7,$29,$-16,$0,$0,$11,$0,$11,$0,$-5,$-1,$0,$-1,$3,$3,$0,$-1,$1,$24,$5,$0
41,2008-06-30,26.76,$5.48,4.89,$8.70,3.08,$1.02,26.26,$0.86,31.12,$0.14B,$0.05B,2.92,$0.02B,$0.24B,0.08,$0.40B,$0.25B,61.75%,$0.40B,$0.04B,10.25%,$0.40B,$0.04B,10.25%,$0.40B,$0.07B,16.75%,$0.40B,$0.04B,11.00%,$0.40B,$0.04B,9.75%,$0.04B,$0.24B,18.01%,$0.04B,$0.24B,18.10%,$0.04B,$0.32B,13.53%,$0.04B,$0.26B,17.34%,$110,$44,$67,$13,$42,$99,$11,$0,$11,$1,$10,$10,$10,$19,$11,$44,46,$0.24,$0.23,$130,$3,$0,$144,$155,$0,$0,$9,$172,$316,$49,$20,$2,$24,$73,$0,$43,$8,$243,$316,$40,$25,$12,$37,$-1,$-1,$2,$11,$11,$88,$-68,$-1,$0,$12,$0,$12,$0,$-58,$-3,$0,$-3,$8,$8,$0,$-2,$3,$34,$15,$0
42,2008-03-31,34.95,$5.14,6.8,$7.90,4.42,$0.32,108.04,$0.76,45.99,$0.14B,$0.05B,2.65,$0.02B,$0.23B,0.09,$0.36B,$0.23B,62.53%,$0.36B,$0.04B,9.64%,$0.36B,$0.04B,9.64%,$0.36B,$0.06B,15.98%,$0.36B,$0.04B,10.74%,$0.36B,$0.03B,9.37%,$0.03B,$0.23B,17.02%,$0.03B,$0.23B,17.11%,$0.03B,$0.30B,12.69%,$0.04B,$0.25B,15.87%,$106,$41,$65,$11,$42,$95,$11,$1,$12,$1,$11,$11,$11,$18,$11,$44,46,$0.26,$0.25,$127,$2,$0,$143,$147,$0,$1,$8,$161,$303,$54,$20,$1,$23,$77,$0,$33,$8,$227,$303,$30,$18,$10,$28,$-2,$-1,$2,$12,$12,$69,$-53,$-1,$0,$10,$0,$10,$0,$-44,$-2,$0,$-2,$7,$7,$0,$-2,$3,$29,$10,$0
43,2007-12-31,42.85,$4.72,9.07,$7.12,6.02,$-0.13,0.0,$0.67,63.96,$0.14B,$0.05B,2.57,$0.02B,$0.21B,0.1,$0.33B,$0.21B,63.50%,$0.33B,$0.03B,9.51%,$0.33B,$0.03B,9.51%,$0.33B,$0.05B,15.64%,$0.33B,$0.04B,10.74%,$0.33B,$0.03B,9.20%,$0.03B,$0.21B,16.35%,$0.03B,$0.21B,16.44%,$0.03B,$0.28B,12.08%,$0.03B,$0.23B,15.12%,$105,$40,$65,$11,$42,$93,$12,$1,$13,$1,$11,$11,$11,$18,$12,$44,46,$0.25,$0.24,$125,$2,$0,$138,$134,$0,$1,$7,$146,$284,$54,$21,$1,$23,$76,$0,$21,$5,$208,$284,$18,$11,$7,$18,$1,$-1,$5,$10,$16,$52,$-37,$-1,$0,$4,$0,$4,$0,$-34,$-2,$0,$-2,$6,$6,$0,$-2,$3,$21,$7,$0
44,2007-09-30,37.37,$4.31,8.68,$6.27,5.96,$-0.63,0.0,$0.61,61.26,$0.12B,$0.04B,2.97,$0.02B,$0.19B,0.11,$0.29B,$0.18B,64.21%,$0.29B,$0.03B,9.82%,$0.29B,$0.03B,9.82%,$0.29B,$0.05B,15.79%,$0.29B,$0.03B,10.88%,$0.29B,$0.03B,9.47%,$0.03B,$0.19B,16.07%,$0.03B,$0.19B,16.17%,$0.03B,$0.25B,11.91%,$0.03B,$0.21B,14.72%,$79,$30,$50,$9,$34,$73,$7,$1,$8,$1,$7,$7,$7,$12,$7,$44,46,$0.16,$0.15,$105,$2,$0,$117,$124,$0,$1,$5,$134,$250,$39,$21,$1,$23,$63,$0,$10,$4,$188,$250,$7,$5,$3,$8,$-0,$-0,$-2,$2,$-1,$14,$-18,$0,$0,$0,$0,$0,$0,$-17,$-1,$0,$-1,$2,$2,$0,$-1,$-0,$-3,$3,$0
45,2007-06-30,38.25,$4.05,9.44,$5.65,6.77,$-0.65,0.0,$0.60,63.75,$0.12B,$0.04B,3.32,$0.02B,$0.18B,0.12,$0.26B,$0.17B,64.84%,$0.26B,$0.03B,10.55%,$0.26B,$0.03B,10.55%,$0.26B,$0.04B,16.41%,$0.26B,$0.03B,11.72%,$0.26B,$0.03B,10.16%,$0.03B,$0.18B,16.86%,$0.03B,$0.18B,16.99%,$0.03B,$0.24B,12.41%,$0.03B,$0.20B,15.25%,$73,$26,$47,$8,$34,$68,$5,$1,$6,$0,$5,$5,$5,$10,$5,$42,45,$0.12,$0.12,$108,$1,$0,$119,$106,$0,$0,$6,$116,$235,$36,$22,$0,$23,$59,$0,$4,$2,$176,$235,$27,$15,$11,$26,$-3,$0,$-0,$4,$1,$54,$-67,$0,$0,$5,$0,$5,$0,$-62,$-1,$0,$-1,$14,$14,$0,$0,$13,$5,$9,$0
46,2007-03-31,38.3,$3.77,10.16,$5.11,7.49,$-0.21,0.0,$0.60,63.83,$0.12B,$0.04B,3.18,$0.02B,$0.16B,0.14,$0.23B,$0.15B,65.79%,$0.23B,$0.03B,11.84%,$0.23B,$0.03B,11.84%,$0.23B,$0.04B,17.11%,$0.23B,$0.03B,12.72%,$0.23B,$0.03B,11.84%,$0.03B,$0.16B,19.12%,$0.03B,$0.16B,19.32%,$0.03B,$0.22B,13.95%,$0.03B,$0.19B,16.44%,$69,$24,$45,$7,$31,$62,$7,$1,$8,$1,$7,$7,$7,$11,$7,$43,46,$0.17,$0.16,$113,$1,$0,$124,$90,$0,$1,$5,$100,$224,$39,$22,$0,$22,$61,$0,$-1,$2,$162,$224,$22,$10,$6,$17,$-2,$0,$1,$6,$5,$43,$-48,$0,$0,$-6,$0,$-6,$0,$-54,$-0,$0,$-0,$10,$10,$0,$0,$10,$-1,$5,$0
47,2006-12-31,33.11,$3.45,9.61,$4.52,7.32,$0.02,1672.22,$0.56,59.13,$0.11B,$0.03B,3.83,$0.02B,$0.15B,0.16,$0.20B,$0.13B,66.67%,$0.20B,$0.03B,12.44%,$0.20B,$0.03B,12.44%,$0.20B,$0.04B,17.41%,$0.20B,$0.03B,13.43%,$0.20B,$0.03B,12.44%,$0.03B,$0.15B,19.49%,$0.03B,$0.14B,19.76%,$0.03B,$0.20B,14.18%,$0.03B,$0.17B,16.53%,$64,$23,$41,$6,$26,$56,$9,$1,$9,$1,$8,$8,$8,$12,$9,$42,45,$0.20,$0.18,$104,$1,$0,$112,$77,$0,$1,$4,$86,$198,$29,$23,$0,$23,$52,$0,$-9,$1,$146,$198,$14,$6,$3,$10,$-1,$0,$-2,$3,$1,$24,$-32,$0,$0,$-4,$0,$-4,$0,$-36,$1,$0,$1,$3,$3,$0,$0,$4,$-8,$3,$0
