,Date,Stock Price,Book Value per Share,Price to Book Ratio,TTM Sales per Share,Price to Sales Ratio,TTM FCF per Share,Price to FCF Ratio,TTM Net EPS,PE Ratio,Current Assets,Current Liabilities,Current Ratio,Long Term Debt,Shareholder's Equity_x,Debt to Equity Ratio,TTM Revenue_x,TTM Gross Profit,Gross Margin,TTM Revenue_y,TTM Operating Income,Operating Margin,TTM Revenue_x,TTM EBIT,EBIT Margin,TTM Revenue_y,TTM EBITDA,EBITDA Margin,TTM Revenue_x,TTM Pre-Tax Income,Pre-Tax Margin,TTM Revenue_y,TTM Net Income_x,Net Margin,TTM Net Income_y,Shareholder's Equity_y,Return on Equity,TTM Net Income_x,Tangible Equity,Return on Tangible Equity,TTM Net Income_y,Total Assets,Return on Assets,TTM Net Income,LT Investments & Debt,Return on Investment,revenue,cost-goods-sold,gross-profit,research-development-expenses,selling-general-administrative-expenses,operating-expenses,operating-income,total-non-operating-income-expense,pre-tax-income,total-provision-income-taxes,income-after-taxes,income-from-continuous-operations,net-income,ebitda,ebit,basic-shares-outstanding,shares-outstanding,eps-basic-net-earnings-per-share,eps-earnings-per-share-diluted,cash-on-hand,inventory,other-current-assets,total-current-assets,net-property-plant-equipment,long-term-investments,goodwill-intangible-assets-total,other-long-term-assets,total-long-term-assets,total-assets,total-current-liabilities,long-term-debt,other-non-current-liabilities,total-long-term-liabilities,total-liabilities,common-stock-net,retained-earnings-accumulated-deficit,comprehensive-income,total-share-holder-equity,total-liabilities-share-holders-equity,net-income-loss,total-depreciation-amortization-cash-flow,other-non-cash-items,total-non-cash-items,change-in-accounts-receivable,change-in-inventories,change-in-accounts-payable,change-in-assets-liabilities,total-change-in-assets-liabilities,cash-flow-from-operating-activities,net-change-in-property-plant-equipment,net-change-in-intangible-assets,net-acquisitions-divestitures,net-change-in-short-term-investments,net-change-in-long-term-investments,net-change-in-investments-total,investing-activities-other,cash-flow-from-investing-activities,net-long-term-debt,net-current-debt,debt-issuance-retirement-net-total,net-common-equity-issued-repurchased,net-total-equity-issued-repurchased,total-common-preferred-stock-dividends-paid,financial-activities-other,cash-flow-from-financial-activities,net-cash-flow,stock-based-compensation,common-stock-dividends-paid
0,2018-09-30,6.49,$12.15,0.53,$3.50,1.86,$1.89,3.43,$0.21,30.9,$0.17B,$0.21B,0.79,$0.95B,$1.35B,0.7,$0.38B,$0.26B,68.88%,$0.38B,$0.12B,31.65%,$0.38B,$0.12B,31.65%,$0.38B,$0.22B,58.78%,$0.38B,$0.05B,13.30%,$0.38B,$0.02B,5.59%,$0.02B,$1.35B,1.59%,$0.02B,$1.35B,1.59%,$0.02B,$2.52B,0.84%,$0.12B,$2.30B,5.26%,$91,$30,$61,$0,$7,$67,$24,$-10,$14,$0,$14,$14,$6,$50,$24,$111,111,$0.06,$0.06,$123,$10,$11,$167,$2064,$173,$0,$78,$2350,$2518,$212,$946,$6,$952,$1164,$0,$38,$7,$1354,$2518,$48,$76,$11,$87,$-10,$-1,$0,$-22,$-29,$106,$-111,$0,$0,$0,$-5,$-5,$3,$-113,$-130,$0,$-130,$111,$111,$-35,$-3,$-56,$-64,$3,$-35
1,2018-06-30,7.87,$12.24,0.64,$3.63,2.17,$3.04,2.59,$0.33,23.86,$0.16B,$0.20B,0.8,$0.90B,$1.35B,0.67,$0.39B,$0.27B,70.47%,$0.39B,$0.14B,34.97%,$0.39B,$0.14B,34.97%,$0.39B,$0.24B,61.40%,$0.39B,$0.06B,15.54%,$0.39B,$0.03B,8.81%,$0.03B,$1.35B,2.65%,$0.03B,$1.35B,2.65%,$0.03B,$2.47B,1.36%,$0.14B,$2.26B,5.98%,$91,$30,$61,$0,$7,$65,$26,$-11,$14,$0,$14,$14,$6,$51,$26,$110,110,$0.06,$0.06,$130,$10,$3,$163,$2015,$179,$0,$79,$2304,$2467,$204,$904,$8,$911,$1116,$0,$43,$7,$1351,$2467,$33,$50,$2,$52,$-3,$-0,$0,$-16,$-19,$67,$-60,$0,$0,$0,$-5,$-5,$0,$-65,$-148,$0,$-148,$111,$111,$-22,$-2,$-61,$-59,$2,$-22
2,2018-03-31,6.07,$12.32,0.49,$3.89,1.56,$3.54,1.72,$0.45,13.48,$0.26B,$0.22B,1.19,$0.94B,$1.35B,0.7,$0.40B,$0.29B,72.25%,$0.40B,$0.15B,37.00%,$0.40B,$0.15B,37.00%,$0.40B,$0.25B,63.00%,$0.40B,$0.07B,17.25%,$0.40B,$0.05B,11.50%,$0.05B,$1.35B,3.69%,$0.05B,$1.35B,3.69%,$0.05B,$2.51B,1.82%,$0.15B,$2.29B,6.51%,$93,$28,$65,$0,$7,$61,$31,$-12,$19,$0,$19,$19,$12,$56,$31,$109,109,$0.11,$0.11,$221,$10,$9,$260,$1977,$174,$0,$82,$2253,$2514,$218,$939,$9,$949,$1167,$0,$47,$6,$1347,$2514,$19,$25,$0,$25,$3,$-1,$1,$-9,$-3,$42,$-4,$0,$0,$0,$0,$0,$-3,$-7,$-101,$-2,$-103,$111,$111,$-10,$0,$-1,$33,$1,$-10
3,2017-12-31,5.52,$11.26,0.49,$4.20,1.32,$3.77,1.46,$0.54,10.23,$0.23B,$0.28B,0.82,$0.98B,$1.22B,0.81,$0.41B,$0.30B,73.37%,$0.41B,$0.16B,38.01%,$0.41B,$0.16B,38.01%,$0.41B,$0.26B,63.44%,$0.41B,$0.07B,17.68%,$0.41B,$0.05B,12.59%,$0.05B,$1.22B,4.39%,$0.05B,$1.22B,4.39%,$0.05B,$2.49B,2.06%,$0.16B,$2.20B,6.96%,$101,$28,$72,$0,$7,$63,$38,$-35,$3,$0,$3,$3,$-3,$64,$38,$101,101,$-0.04,$-0.04,$186,$10,$8,$227,$1995,$166,$0,$85,$2264,$2490,$277,$984,$11,$995,$1272,$0,$44,$-1,$1219,$2490,$73,$106,$33,$138,$-2,$2,$2,$-20,$-20,$191,$-37,$0,$0,$0,$-10,$-10,$5,$-43,$-192,$0,$-192,$92,$92,$-38,$4,$-134,$14,$4,$-38
4,2017-09-30,5.82,$11.40,0.51,$4.62,1.26,$5.19,1.12,$0.36,16.17,$0.23B,$0.24B,0.96,$1.07B,$1.22B,0.87,$0.42B,$0.31B,74.41%,$0.42B,$0.16B,38.39%,$0.42B,$0.16B,38.39%,$0.42B,$0.27B,63.51%,$0.42B,$0.06B,13.98%,$0.42B,$0.04B,9.24%,$0.04B,$1.22B,3.40%,$0.04B,$1.22B,3.40%,$0.04B,$2.54B,1.53%,$0.16B,$2.29B,7.14%,$101,$27,$74,$0,$7,$61,$40,$-16,$24,$0,$24,$24,$19,$66,$40,$107,107,$0.18,$0.18,$199,$10,$0,$233,$2034,$166,$0,$90,$2309,$2542,$243,$1066,$13,$1079,$1322,$0,$57,$-6,$1220,$2542,$70,$80,$11,$90,$-3,$2,$1,$-13,$-15,$145,$-28,$0,$0,$0,$-8,$-8,$2,$-34,$-151,$0,$-151,$92,$92,$-28,$-2,$-89,$23,$3,$-28
5,2017-06-30,6.79,$11.34,0.6,$5.22,1.3,$6.26,1.08,$0.38,17.86,$0.24B,$0.26B,0.94,$1.11B,$1.20B,0.92,$0.44B,$0.33B,75.17%,$0.44B,$0.17B,38.72%,$0.44B,$0.17B,38.72%,$0.44B,$0.28B,63.33%,$0.44B,$0.06B,12.76%,$0.44B,$0.04B,7.97%,$0.04B,$1.20B,3.20%,$0.04B,$1.20B,3.20%,$0.04B,$2.59B,1.37%,$0.17B,$2.31B,7.51%,$105,$27,$78,$0,$7,$66,$39,$-16,$23,$0,$23,$23,$18,$66,$39,$97,97,$0.18,$0.18,$201,$10,$8,$243,$2067,$163,$0,$93,$2343,$2586,$258,$1111,$15,$1126,$1384,$0,$49,$-9,$1202,$2586,$46,$53,$11,$64,$-1,$1,$1,$-11,$-11,$99,$-45,$0,$0,$0,$-7,$-7,$1,$-51,$-93,$0,$-93,$92,$92,$-18,$-1,$-20,$27,$2,$-18
6,2017-03-31,6.09,$11.94,0.51,$5.71,1.07,$7.26,0.84,$0.62,9.83,$0.18B,$0.27B,0.66,$1.12B,$1.09B,1.03,$0.45B,$0.35B,75.99%,$0.45B,$0.19B,41.19%,$0.45B,$0.19B,41.19%,$0.45B,$0.30B,65.20%,$0.45B,$0.07B,15.42%,$0.45B,$0.05B,10.79%,$0.05B,$1.09B,4.71%,$0.05B,$1.09B,4.71%,$0.05B,$2.50B,1.92%,$0.19B,$2.22B,8.30%,$106,$27,$79,$0,$7,$65,$40,$-17,$23,$0,$23,$23,$18,$66,$40,$91,91,$0.20,$0.20,$147,$10,$0,$177,$2042,$161,$0,$95,$2319,$2496,$267,$1122,$14,$1136,$1403,$0,$40,$-10,$1094,$2496,$23,$26,$5,$32,$0,$1,$1,$-2,$-2,$53,$-0,$0,$0,$0,$10,$10,$-5,$4,$-75,$0,$-75,$0,$0,$-9,$0,$-84,$-27,$1,$-9
7,2016-12-31,5.04,$11.88,0.42,$6.15,0.82,$7.43,0.68,$0.82,6.15,$0.21B,$0.28B,0.75,$1.19B,$1.07B,1.11,$0.47B,$0.36B,76.50%,$0.47B,$0.20B,43.38%,$0.47B,$0.20B,43.38%,$0.47B,$0.31B,66.88%,$0.47B,$0.08B,17.52%,$0.47B,$0.06B,13.03%,$0.06B,$1.07B,6.05%,$0.06B,$1.07B,6.05%,$0.06B,$2.56B,2.37%,$0.20B,$2.26B,8.95%,$110,$27,$83,$0,$10,$67,$43,$-54,$-11,$0,$-11,$-11,$-16,$70,$43,$77,77,$-0.23,$-0.23,$172,$11,$7,$210,$2073,$154,$0,$100,$2349,$2558,$280,$1188,$16,$1204,$1484,$0,$31,$-14,$1074,$2558,$82,$111,$53,$164,$3,$-1,$-0,$-14,$-19,$227,$1,$0,$0,$0,$-35,$-35,$0,$-34,$-135,$0,$-135,$69,$69,$-75,$13,$-127,$65,$5,$-75
8,2016-09-30,8.11,$13.37,0.61,$6.35,1.28,$7.77,1.04,$1.46,5.56,$0.15B,$0.27B,0.56,$1.26B,$1.01B,1.25,$0.48B,$0.37B,76.46%,$0.48B,$0.21B,44.58%,$0.48B,$0.21B,44.58%,$0.48B,$0.33B,67.71%,$0.48B,$0.13B,27.29%,$0.48B,$0.11B,22.92%,$0.11B,$1.01B,11.22%,$0.11B,$1.01B,11.22%,$0.11B,$2.57B,4.24%,$0.21B,$2.27B,9.38%,$118,$28,$90,$0,$8,$70,$48,$-28,$21,$0,$21,$21,$15,$76,$48,$76,76,$0.20,$0.20,$113,$10,$0,$150,$2141,$150,$0,$108,$2423,$2573,$271,$1263,$32,$1295,$1566,$0,$55,$-30,$1008,$2573,$93,$83,$11,$95,$-0,$0,$3,$-17,$-18,$170,$-3,$0,$0,$0,$-28,$-28,$0,$-31,$-214,$137,$-76,$0,$0,$-67,$12,$-132,$7,$4,$-67
9,2016-06-30,6.61,$12.96,0.51,$6.46,1.02,$7.96,0.83,$1.65,4.01,$0.14B,$0.28B,0.5,$1.29B,$0.98B,1.31,$0.49B,$0.37B,76.13%,$0.49B,$0.22B,45.68%,$0.49B,$0.22B,45.68%,$0.49B,$0.33B,68.11%,$0.49B,$0.15B,29.84%,$0.49B,$0.12B,25.51%,$0.12B,$0.98B,12.89%,$0.12B,$0.98B,12.89%,$0.12B,$2.59B,4.73%,$0.22B,$2.27B,9.66%,$120,$27,$93,$0,$8,$63,$56,$-19,$37,$0,$37,$37,$32,$84,$56,$76,76,$0.42,$0.42,$106,$11,$1,$138,$2200,$129,$0,$93,$2448,$2587,$278,$1287,$40,$1328,$1606,$0,$62,$-48,$981,$2587,$72,$55,$6,$61,$1,$-0,$1,$-15,$-13,$120,$-3,$0,$0,$0,$-12,$-12,$0,$-14,$-54,$-7,$-61,$0,$0,$-54,$9,$-106,$-0,$3,$-54
10,2016-03-31,7.45,$12.81,0.58,$6.52,1.14,$7.99,0.93,$1.76,4.23,$0.12B,$0.26B,0.44,$1.30B,$0.97B,1.35,$0.49B,$0.37B,75.46%,$0.49B,$0.22B,44.99%,$0.49B,$0.22B,44.99%,$0.49B,$0.33B,67.69%,$0.49B,$0.15B,31.08%,$0.49B,$0.13B,26.99%,$0.13B,$0.97B,13.92%,$0.13B,$0.97B,13.92%,$0.13B,$2.58B,4.97%,$0.22B,$2.27B,9.45%,$120,$28,$92,$0,$7,$64,$56,$-21,$35,$0,$35,$35,$30,$83,$56,$75,75,$0.40,$0.40,$87,$11,$1,$116,$2223,$124,$0,$95,$2467,$2582,$263,$1301,$51,$1352,$1615,$0,$52,$-50,$968,$2582,$35,$27,$5,$33,$4,$-0,$1,$-8,$-11,$57,$-1,$0,$0,$0,$-7,$-7,$0,$-7,$-51,$0,$-51,$0,$0,$-27,$9,$-69,$-19,$1,$-27
11,2015-12-31,8.36,$12.78,0.65,$6.54,1.28,$7.97,1.05,$1.67,5.01,$0.15B,$0.27B,0.54,$1.35B,$0.96B,1.4,$0.49B,$0.37B,74.90%,$0.49B,$0.22B,44.29%,$0.49B,$0.22B,44.29%,$0.49B,$0.33B,66.94%,$0.49B,$0.14B,29.18%,$0.49B,$0.13B,25.51%,$0.13B,$0.96B,13.76%,$0.13B,$0.96B,13.76%,$0.13B,$2.63B,4.67%,$0.22B,$2.32B,9.27%,$122,$30,$92,$0,$10,$68,$54,$-16,$38,$0,$38,$38,$33,$82,$54,$75,75,$0.45,$0.45,$114,$11,$1,$145,$2248,$118,$0,$98,$2487,$2633,$270,$1353,$46,$1399,$1669,$0,$44,$-45,$964,$2633,$144,$110,$-4,$106,$-0,$1,$-2,$-8,$-5,$245,$2,$0,$0,$0,$-45,$-45,$0,$-43,$-210,$0,$-210,$97,$97,$-102,$1,$-215,$-13,$9,$-102
12,2015-09-30,9.66,$12.43,0.78,$6.53,1.48,$7.05,1.37,$1.60,6.04,$0.18B,$0.28B,0.64,$1.41B,$0.93B,1.51,$0.49B,$0.36B,74.44%,$0.49B,$0.21B,43.76%,$0.49B,$0.21B,43.76%,$0.49B,$0.33B,66.67%,$0.49B,$0.14B,27.81%,$0.49B,$0.12B,24.54%,$0.12B,$0.93B,13.82%,$0.12B,$0.93B,13.82%,$0.12B,$2.68B,4.45%,$0.21B,$2.34B,9.09%,$124,$31,$93,$0,$8,$68,$56,$-22,$35,$0,$35,$35,$29,$82,$56,$75,75,$0.39,$0.39,$143,$13,$1,$177,$2275,$100,$0,$99,$2504,$2681,$279,$1409,$59,$1469,$1748,$0,$28,$-57,$934,$2681,$105,$82,$-1,$82,$1,$-1,$1,$-9,$-8,$180,$-2,$0,$0,$0,$-26,$-26,$0,$-28,$-158,$0,$-158,$97,$97,$-75,$7,$-130,$22,$7,$-75
13,2015-06-30,14.23,$12.35,1.15,$6.54,2.17,$6.33,2.25,$1.66,8.57,$0.21B,$0.28B,0.74,$1.46B,$0.93B,1.58,$0.49B,$0.36B,74.08%,$0.49B,$0.22B,44.69%,$0.49B,$0.22B,44.69%,$0.49B,$0.33B,68.16%,$0.49B,$0.14B,28.16%,$0.49B,$0.13B,25.51%,$0.13B,$0.93B,14.97%,$0.13B,$0.93B,14.97%,$0.13B,$2.73B,4.60%,$0.22B,$2.39B,9.24%,$123,$32,$92,$0,$9,$69,$54,$-10,$44,$0,$44,$44,$40,$84,$54,$75,75,$0.53,$0.53,$174,$14,$0,$209,$2300,$91,$0,$98,$2518,$2727,$283,$1461,$56,$1517,$1800,$0,$21,$-54,$928,$2727,$71,$57,$-6,$50,$-1,$-2,$1,$-3,$-1,$120,$-1,$0,$0,$0,$-18,$-18,$0,$-19,$-105,$0,$-105,$97,$97,$-49,$3,$-54,$47,$5,$-49
14,2015-03-31,13.44,$10.79,1.25,$6.55,2.05,$5.32,2.53,$1.45,9.27,$0.13B,$0.28B,0.44,$1.51B,$0.81B,1.87,$0.49B,$0.36B,73.73%,$0.49B,$0.22B,44.20%,$0.49B,$0.22B,44.20%,$0.49B,$0.33B,67.62%,$0.49B,$0.12B,24.64%,$0.49B,$0.11B,22.20%,$0.11B,$0.81B,13.69%,$0.11B,$0.81B,13.69%,$0.11B,$2.67B,3.99%,$0.22B,$2.32B,9.11%,$121,$31,$90,$0,$9,$68,$53,$-27,$26,$0,$26,$26,$23,$80,$53,$75,75,$0.31,$0.31,$93,$10,$1,$125,$2325,$86,$0,$101,$2542,$2666,$283,$1509,$65,$1575,$1858,$0,$2,$-55,$808,$2666,$26,$27,$4,$31,$0,$1,$-0,$-4,$-2,$55,$-0,$0,$0,$0,$-13,$-13,$0,$-13,$-50,$-3,$-53,$0,$0,$-24,$7,$-70,$-29,$3,$-24
15,2014-12-31,13.21,$10.73,1.23,$6.47,2.04,$4.77,2.77,$1.37,9.65,$0.16B,$0.29B,0.54,$1.56B,$0.80B,1.94,$0.49B,$0.36B,73.40%,$0.49B,$0.22B,44.33%,$0.49B,$0.22B,44.33%,$0.49B,$0.33B,68.45%,$0.49B,$0.12B,23.71%,$0.49B,$0.10B,21.24%,$0.10B,$0.80B,13.11%,$0.10B,$0.80B,13.11%,$0.10B,$2.72B,3.72%,$0.22B,$2.36B,8.90%,$121,$32,$89,$0,$7,$70,$51,$-20,$31,$0,$31,$31,$28,$80,$51,$75,75,$0.38,$0.38,$127,$12,$1,$158,$2349,$74,$0,$104,$2557,$2715,$290,$1561,$61,$1622,$1912,$0,$0,$-56,$803,$2715,$115,$118,$2,$120,$12,$-1,$0,$-6,$9,$243,$-66,$0,$0,$0,$-85,$-85,$32,$-119,$-101,$0,$-101,$97,$97,$-93,$-7,$-104,$20,$0,$-93
16,2014-09-30,16.24,$10.70,1.52,$6.36,2.55,$-3.51,0.0,$1.35,12.03,$0.18B,$0.29B,0.63,$1.61B,$0.80B,2.01,$0.48B,$0.35B,72.96%,$0.48B,$0.21B,43.61%,$0.48B,$0.21B,43.61%,$0.48B,$0.32B,67.92%,$0.48B,$0.11B,23.27%,$0.48B,$0.10B,21.17%,$0.10B,$0.80B,13.48%,$0.10B,$0.80B,13.48%,$0.10B,$2.76B,3.66%,$0.21B,$2.41B,8.65%,$125,$32,$92,$0,$7,$64,$61,$-24,$37,$0,$37,$37,$34,$90,$61,$75,75,$0.45,$0.45,$148,$13,$0,$180,$2368,$73,$0,$109,$2576,$2756,$289,$1609,$58,$1667,$1955,$0,$-7,$-51,$801,$2756,$84,$88,$-2,$86,$10,$-2,$1,$1,$11,$181,$-58,$0,$0,$0,$-57,$-57,$5,$-109,$-50,$0,$-50,$97,$97,$-69,$-3,$-26,$45,$0,$-69
17,2014-06-30,17.04,$10.33,1.65,$6.16,2.77,$-10.39,0.0,$1.17,14.57,$0.19B,$0.29B,0.66,$1.67B,$0.77B,2.16,$0.46B,$0.34B,72.51%,$0.46B,$0.19B,40.91%,$0.46B,$0.19B,40.91%,$0.46B,$0.30B,65.37%,$0.46B,$0.10B,20.56%,$0.46B,$0.09B,18.83%,$0.09B,$0.77B,12.27%,$0.09B,$0.77B,12.27%,$0.09B,$2.80B,3.19%,$0.19B,$2.44B,7.99%,$124,$33,$91,$0,$6,$71,$52,$-25,$27,$0,$27,$27,$24,$82,$52,$75,75,$0.32,$0.32,$157,$14,$0,$192,$2403,$72,$0,$99,$2609,$2801,$290,$1668,$71,$1738,$2028,$0,$-20,$-66,$773,$2801,$47,$59,$4,$63,$9,$-3,$1,$-2,$5,$115,$-72,$0,$0,$0,$-53,$-53,$2,$-123,$9,$0,$9,$97,$97,$-45,$2,$62,$54,$0,$-45
18,2014-03-31,15.51,$10.24,1.52,$5.85,2.65,$-14.80,0.0,$1.26,12.31,$0.22B,$0.29B,0.77,$1.68B,$0.77B,2.2,$0.44B,$0.31B,71.69%,$0.44B,$0.18B,41.32%,$0.44B,$0.18B,41.32%,$0.44B,$0.29B,65.75%,$0.44B,$0.10B,22.60%,$0.44B,$0.09B,21.46%,$0.09B,$0.77B,14.17%,$0.09B,$0.77B,14.17%,$0.09B,$2.81B,3.54%,$0.18B,$2.45B,7.90%,$115,$31,$84,$0,$6,$64,$51,$-31,$20,$0,$20,$20,$17,$80,$51,$75,75,$0.23,$0.23,$190,$12,$0,$223,$2415,$46,$0,$87,$2585,$2808,$290,$1684,$68,$1752,$2042,$0,$-23,$-70,$766,$2808,$20,$29,$-1,$28,$7,$-1,$2,$-1,$6,$54,$-41,$0,$0,$0,$-24,$-24,$0,$-65,$23,$0,$23,$97,$97,$-21,$3,$102,$90,$0,$-21
19,2013-12-31,13.0,$8.78,1.48,$5.54,2.35,$-16.51,0.0,$1.36,9.56,$0.14B,$0.30B,0.46,$1.66B,$0.66B,2.53,$0.42B,$0.29B,70.36%,$0.42B,$0.17B,40.48%,$0.42B,$0.17B,40.48%,$0.42B,$0.27B,64.82%,$0.42B,$0.10B,25.06%,$0.42B,$0.10B,24.58%,$0.10B,$0.66B,16.83%,$0.10B,$0.66B,16.83%,$0.10B,$2.69B,4.01%,$0.17B,$2.32B,7.74%,$113,$32,$81,$0,$10,$68,$44,$-17,$27,$0,$27,$27,$26,$72,$44,$75,75,$0.35,$0.35,$102,$11,$0,$137,$2428,$24,$0,$60,$2549,$2686,$295,$1661,$73,$1734,$2029,$0,$-20,$-85,$657,$2686,$103,$100,$-7,$92,$-23,$-2,$-0,$11,$-9,$187,$-628,$0,$16,$0,$-9,$-9,$0,$-621,$306,$0,$306,$48,$48,$-82,$-12,$260,$-174,$0,$-82
20,2013-09-30,12.35,$8.56,1.44,$5.44,2.27,$-11.61,0.0,$1.32,9.36,$0.16B,$0.29B,0.57,$1.62B,$0.64B,2.53,$0.40B,$0.28B,69.52%,$0.40B,$0.16B,41.31%,$0.40B,$0.16B,41.31%,$0.40B,$0.26B,65.24%,$0.40B,$0.10B,25.19%,$0.40B,$0.10B,24.94%,$0.10B,$0.64B,17.32%,$0.10B,$0.64B,17.32%,$0.10B,$2.63B,4.04%,$0.16B,$2.26B,7.92%,$110,$31,$79,$0,$5,$68,$42,$-21,$21,$0,$21,$21,$20,$68,$42,$75,75,$0.27,$0.27,$127,$13,$5,$164,$2345,$23,$0,$58,$2465,$2629,$286,$1618,$85,$1703,$1989,$0,$-26,$-96,$640,$2629,$76,$72,$-10,$62,$-16,$-4,$2,$4,$-9,$129,$-520,$0,$16,$0,$-9,$-9,$0,$-513,$257,$0,$257,$48,$48,$-61,$-8,$237,$-147,$0,$-61
21,2013-06-30,11.89,$7.90,1.51,$5.37,2.21,$-6.95,0.0,$1.23,9.67,$0.17B,$0.28B,0.6,$1.55B,$0.59B,2.62,$0.38B,$0.26B,68.32%,$0.38B,$0.15B,40.05%,$0.38B,$0.15B,40.05%,$0.38B,$0.25B,64.14%,$0.38B,$0.09B,24.08%,$0.38B,$0.09B,24.08%,$0.09B,$0.59B,17.86%,$0.09B,$0.59B,17.86%,$0.09B,$2.50B,3.92%,$0.15B,$2.14B,7.81%,$100,$30,$70,$0,$5,$56,$44,$-14,$31,$0,$31,$31,$31,$68,$44,$75,75,$0.41,$0.41,$119,$14,$9,$166,$2249,$0,$0,$53,$2335,$2501,$279,$1548,$84,$1631,$1910,$0,$-26,$-97,$591,$2501,$55,$46,$-14,$32,$-12,$-5,$4,$-1,$-10,$78,$-365,$0,$0,$0,$0,$0,$0,$-365,$178,$0,$178,$0,$0,$-40,$-5,$132,$-155,$0,$-40
22,2013-03-31,10.78,$7.17,1.5,$5.45,1.98,$-3.45,0.0,$1.13,9.54,$0.23B,$0.26B,0.87,$1.44B,$0.54B,2.68,$0.38B,$0.26B,67.72%,$0.38B,$0.15B,39.95%,$0.38B,$0.15B,39.95%,$0.38B,$0.24B,63.76%,$0.38B,$0.08B,21.69%,$0.38B,$0.08B,21.69%,$0.08B,$0.54B,17.28%,$0.08B,$0.54B,17.28%,$0.08B,$2.36B,3.61%,$0.15B,$1.97B,8.03%,$92,$29,$62,$0,$5,$53,$38,$-14,$25,$0,$25,$25,$25,$61,$38,$75,75,$0.33,$0.33,$188,$10,$13,$227,$2050,$0,$0,$51,$2134,$2361,$263,$1435,$128,$1562,$1825,$0,$-36,$-142,$536,$2361,$25,$22,$-7,$15,$-5,$-1,$1,$-2,$-5,$35,$-150,$0,$0,$0,$0,$0,$0,$-150,$52,$0,$52,$0,$0,$-20,$-1,$30,$-84,$0,$-20
23,2012-12-31,9.28,$6.96,1.33,$5.86,1.58,$-2.06,0.0,$1.20,7.73,$0.30B,$0.25B,1.2,$1.40B,$0.52B,2.69,$0.39B,$0.27B,68.65%,$0.39B,$0.16B,40.16%,$0.39B,$0.16B,40.16%,$0.39B,$0.24B,63.21%,$0.39B,$0.08B,21.24%,$0.39B,$0.08B,21.24%,$0.08B,$0.52B,18.13%,$0.08B,$0.52B,18.13%,$0.08B,$2.31B,3.68%,$0.16B,$1.92B,8.41%,$95,$30,$65,$0,$5,$56,$40,$-17,$23,$0,$23,$23,$23,$62,$40,$68,68,$0.31,$0.31,$273,$9,$10,$300,$1922,$0,$0,$55,$2011,$2311,$249,$1400,$142,$1541,$1791,$0,$-41,$-153,$520,$2311,$81,$89,$0,$89,$1,$-0,$2,$-4,$-2,$168,$-237,$0,$0,$0,$0,$0,$0,$-237,$118,$0,$118,$194,$194,$-73,$-2,$238,$169,$0,$-73
24,2012-09-30,10.06,$6.09,1.65,$6.14,1.64,$-2.62,0.0,$1.32,7.62,$0.25B,$0.24B,1.03,$1.40B,$0.41B,3.38,$0.39B,$0.27B,69.47%,$0.39B,$0.16B,41.48%,$0.39B,$0.16B,41.48%,$0.39B,$0.25B,64.38%,$0.39B,$0.09B,21.63%,$0.39B,$0.09B,21.63%,$0.09B,$0.41B,21.00%,$0.09B,$0.41B,21.00%,$0.09B,$2.20B,3.96%,$0.16B,$1.81B,9.22%,$95,$31,$64,$0,$5,$64,$31,$-19,$13,$0,$13,$13,$13,$54,$31,$68,68,$0.18,$0.18,$223,$11,$5,$251,$1864,$0,$0,$56,$1954,$2204,$243,$1397,$152,$1549,$1791,$0,$-44,$-164,$413,$2204,$58,$67,$2,$69,$-0,$-2,$1,$-4,$-4,$123,$-162,$0,$0,$0,$0,$0,$0,$-162,$112,$0,$112,$101,$101,$-53,$-2,$158,$119,$0,$-53
25,2012-06-30,8.91,$6.33,1.41,$6.40,1.39,$-4.18,0.0,$1.43,6.23,$0.29B,$0.24B,1.2,$1.39B,$0.43B,3.24,$0.40B,$0.28B,70.35%,$0.40B,$0.18B,44.22%,$0.40B,$0.18B,44.22%,$0.40B,$0.27B,66.58%,$0.40B,$0.09B,22.36%,$0.40B,$0.09B,22.36%,$0.09B,$0.43B,23.37%,$0.09B,$0.43B,23.37%,$0.09B,$2.21B,4.28%,$0.18B,$1.82B,10.26%,$96,$31,$65,$0,$5,$54,$42,$-21,$21,$0,$21,$21,$21,$64,$42,$68,68,$0.31,$0.31,$254,$13,$14,$290,$1836,$0,$0,$47,$1915,$2206,$243,$1391,$142,$1534,$1777,$0,$-38,$-154,$429,$2206,$46,$44,$-2,$42,$2,$-3,$2,$-5,$-4,$84,$-107,$0,$0,$0,$0,$0,$0,$-107,$109,$0,$109,$101,$101,$-35,$-9,$166,$144,$0,$-35
26,2012-03-31,8.66,$6.59,1.31,$6.55,1.32,$-5.81,0.0,$1.55,5.59,$0.33B,$0.26B,1.26,$1.37B,$0.45B,3.08,$0.40B,$0.28B,70.45%,$0.40B,$0.18B,45.96%,$0.40B,$0.18B,45.96%,$0.40B,$0.27B,68.43%,$0.40B,$0.09B,23.74%,$0.40B,$0.09B,23.74%,$0.09B,$0.45B,25.70%,$0.09B,$0.45B,25.70%,$0.09B,$2.19B,4.69%,$0.18B,$1.82B,10.92%,$100,$29,$71,$0,$5,$58,$42,$-17,$25,$0,$25,$25,$25,$64,$42,$61,61,$0.40,$0.40,$280,$14,$13,$325,$1789,$0,$0,$47,$1868,$2194,$257,$1374,$115,$1490,$1747,$0,$-41,$-133,$447,$2194,$25,$22,$-1,$21,$-6,$-4,$4,$-5,$-10,$35,$-44,$0,$0,$0,$0,$0,$0,$-44,$102,$0,$102,$101,$101,$-16,$-1,$185,$176,$0,$-16
27,2011-12-31,8.75,$5.47,1.6,$6.34,1.38,$-7.75,0.0,$1.45,6.03,$0.14B,$0.23B,0.61,$1.29B,$0.33B,3.91,$0.38B,$0.27B,69.37%,$0.38B,$0.17B,45.03%,$0.38B,$0.17B,45.03%,$0.38B,$0.26B,68.06%,$0.38B,$0.09B,22.77%,$0.38B,$0.09B,22.77%,$0.09B,$0.33B,25.04%,$0.09B,$0.33B,25.04%,$0.09B,$1.98B,4.55%,$0.17B,$1.62B,10.73%,$102,$29,$73,$0,$5,$54,$48,$-21,$26,$0,$26,$26,$26,$71,$48,$60,60,$0.43,$0.43,$105,$9,$13,$139,$1767,$0,$0,$44,$1844,$1983,$227,$1290,$136,$1426,$1653,$0,$-49,$-141,$330,$1983,$88,$89,$-7,$82,$-1,$0,$-0,$26,$26,$195,$-290,$0,$0,$0,$6,$6,$0,$-284,$102,$0,$102,$0,$0,$-62,$-13,$27,$-62,$0,$-62
28,2011-09-30,7.46,$5.26,1.42,$6.39,1.17,$-4.22,0.0,$1.23,6.07,$0.12B,$0.22B,0.55,$1.28B,$0.32B,4.03,$0.37B,$0.25B,68.58%,$0.37B,$0.15B,40.71%,$0.37B,$0.15B,40.71%,$0.37B,$0.24B,64.21%,$0.37B,$0.07B,19.95%,$0.37B,$0.07B,19.95%,$0.07B,$0.32B,20.53%,$0.07B,$0.32B,20.53%,$0.07B,$1.94B,3.89%,$0.15B,$1.60B,9.34%,$100,$29,$71,$0,$5,$56,$44,$-26,$17,$0,$17,$17,$17,$66,$44,$60,60,$0.29,$0.29,$76,$11,$20,$120,$1752,$0,$0,$38,$1822,$1942,$220,$1280,$124,$1404,$1624,$0,$-59,$-144,$317,$1942,$62,$66,$-6,$60,$-2,$-2,$-0,$16,$13,$134,$-263,$0,$0,$0,$6,$6,$0,$-257,$85,$0,$85,$0,$0,$-45,$-7,$33,$-89,$0,$-45
