,Date,Stock Price,Book Value per Share,Price to Book Ratio,TTM Sales per Share,Price to Sales Ratio,TTM FCF per Share,Price to FCF Ratio,TTM Net EPS,PE Ratio,Current Assets,Current Liabilities,Current Ratio,Long Term Debt,Shareholder's Equity_x,Debt to Equity Ratio,TTM Revenue_x,TTM Gross Profit,Gross Margin,TTM Revenue_y,TTM Operating Income,Operating Margin,TTM Revenue_x,TTM EBIT,EBIT Margin,TTM Revenue_y,TTM EBITDA,EBITDA Margin,TTM Revenue_x,TTM Pre-Tax Income,Pre-Tax Margin,TTM Revenue_y,TTM Net Income_x,Net Margin,TTM Net Income_y,Shareholder's Equity_y,Return on Equity,TTM Net Income_x,Tangible Equity,Return on Tangible Equity,TTM Net Income_y,Total Assets,Return on Assets,TTM Net Income,LT Investments & Debt,Return on Investment,revenue,cost-goods-sold,gross-profit,research-development-expenses,selling-general-administrative-expenses,operating-expenses,operating-income,total-non-operating-income-expense,pre-tax-income,total-provision-income-taxes,income-after-taxes,income-from-continuous-operations,net-income,ebitda,ebit,basic-shares-outstanding,shares-outstanding,eps-basic-net-earnings-per-share,eps-earnings-per-share-diluted,cash-on-hand,inventory,other-current-assets,total-current-assets,net-property-plant-equipment,long-term-investments,goodwill-intangible-assets-total,other-long-term-assets,total-long-term-assets,total-assets,total-current-liabilities,long-term-debt,other-non-current-liabilities,total-long-term-liabilities,total-liabilities,common-stock-net,retained-earnings-accumulated-deficit,comprehensive-income,total-share-holder-equity,total-liabilities-share-holders-equity,net-income-loss,total-depreciation-amortization-cash-flow,other-non-cash-items,total-non-cash-items,change-in-accounts-receivable,change-in-inventories,change-in-accounts-payable,change-in-assets-liabilities,total-change-in-assets-liabilities,cash-flow-from-operating-activities,net-change-in-property-plant-equipment,net-change-in-intangible-assets,net-acquisitions-divestitures,net-change-in-short-term-investments,net-change-in-long-term-investments,net-change-in-investments-total,investing-activities-other,cash-flow-from-investing-activities,net-long-term-debt,net-current-debt,debt-issuance-retirement-net-total,net-common-equity-issued-repurchased,net-total-equity-issued-repurchased,total-common-preferred-stock-dividends-paid,financial-activities-other,cash-flow-from-financial-activities,net-cash-flow,stock-based-compensation,common-stock-dividends-paid
0,2018-09-30,49.0,$16.89,2.9,$24.18,2.03,$3.06,16.03,$1.93,25.39,$2.37B,$3.44B,0.69,$8.94B,$4.79B,1.87,$6.82B,$3.84B,56.22%,$6.82B,$1.29B,18.92%,$6.82B,$1.29B,18.92%,$6.82B,$2.21B,32.38%,$6.82B,$0.87B,12.75%,$6.82B,$0.55B,8.00%,$0.55B,$4.79B,11.74%,$0.55B,$4.79B,11.74%,$0.55B,$23.91B,2.34%,$1.29B,$13.73B,9.36%,$1599,$666,$933,$0,$433,$1305,$294,$-92,$202,$33,$169,$169,$169,$500,$294,$283,283,$0.60,$0.59,$365,$741,$10,$2374,$17790,$72,$0,$629,$21539,$23913,$3442,$8944,$4461,$15685,$19127,$3,$-278,$-59,$4786,$23913,$550,$689,$137,$826,$299,$-76,$-46,$12,$189,$1565,$-1572,$0,$0,$146,$0,$146,$-389,$-1815,$568,$110,$678,$39,$39,$-305,$0,$412,$162,$0,$-305
1,2018-06-30,46.93,$16.63,2.82,$23.95,1.96,$3.05,15.39,$1.95,24.07,$2.29B,$2.54B,0.9,$9.35B,$4.71B,1.99,$6.75B,$3.79B,56.16%,$6.75B,$1.33B,19.66%,$6.75B,$1.33B,19.66%,$6.75B,$2.23B,33.07%,$6.75B,$0.90B,13.29%,$6.75B,$0.55B,8.13%,$0.55B,$4.71B,11.94%,$0.55B,$4.71B,11.94%,$0.55B,$23.31B,2.40%,$1.33B,$14.06B,9.62%,$1492,$639,$853,$0,$394,$1237,$255,$-90,$165,$25,$140,$140,$139,$459,$255,$282,283,$0.49,$0.49,$494,$570,$14,$2286,$17237,$74,$0,$779,$21026,$23312,$2535,$9353,$4482,$16068,$18603,$3,$-346,$-61,$4709,$23312,$381,$483,$82,$565,$298,$101,$0,$112,$470,$1416,$-872,$0,$0,$0,$0,$0,$-136,$-1008,$91,$-34,$57,$36,$36,$-204,$0,$-111,$297,$0,$-204
2,2018-03-31,44.61,$16.40,2.72,$23.84,1.87,$2.45,18.17,$1.79,24.92,$2.21B,$2.48B,0.89,$9.08B,$4.63B,1.96,$6.71B,$3.76B,56.02%,$6.71B,$1.31B,19.58%,$6.71B,$1.31B,19.58%,$6.71B,$2.21B,32.97%,$6.71B,$0.87B,13.00%,$6.71B,$0.50B,7.48%,$0.50B,$4.63B,11.05%,$0.50B,$4.63B,11.05%,$0.50B,$22.87B,2.23%,$1.31B,$13.72B,9.59%,$1953,$914,$1039,$0,$397,$1590,$363,$-82,$281,$40,$241,$241,$241,$642,$363,$282,282,$0.86,$0.86,$221,$445,$15,$2207,$16904,$67,$0,$789,$20661,$22868,$2482,$9082,$4481,$15753,$18235,$3,$-383,$-61,$4633,$22868,$241,$279,$47,$326,$7,$228,$0,$-2,$141,$708,$-422,$0,$0,$0,$0,$0,$-34,$-456,$39,$-170,$-131,$3,$3,$-101,$0,$-229,$23,$0,$-101
3,2017-12-31,46.21,$15.90,2.91,$23.46,1.97,$2.45,18.9,$1.64,28.18,$2.48B,$2.78B,0.89,$9.21B,$4.48B,2.06,$6.58B,$3.74B,56.80%,$6.58B,$1.34B,20.33%,$6.58B,$1.34B,20.33%,$6.58B,$2.22B,33.71%,$6.58B,$0.89B,13.46%,$6.58B,$0.46B,6.99%,$0.46B,$4.48B,10.25%,$0.46B,$4.48B,10.25%,$0.46B,$23.05B,2.08%,$1.34B,$13.69B,9.78%,$1778,$768,$1010,$0,$402,$1399,$379,$-157,$222,$224,$-2,$-2,$-3,$608,$379,$280,281,$-0.01,$-0.01,$199,$672,$20,$2475,$16761,$64,$0,$799,$20575,$23050,$2784,$9214,$4452,$15788,$18572,$3,$-531,$-50,$4478,$23050,$462,$881,$536,$1417,$-66,$-46,$0,$-111,$-174,$1705,$-1665,$0,$0,$0,$0,$0,$-203,$-1868,$654,$-228,$426,$83,$83,$-377,$-22,$110,$-53,$0,$-377
4,2017-09-30,44.94,$16.24,2.77,$23.01,1.95,$2.15,20.92,$1.93,23.29,$2.12B,$2.26B,0.94,$9.12B,$4.57B,2.0,$6.45B,$3.65B,56.68%,$6.45B,$1.24B,19.22%,$6.45B,$1.24B,19.22%,$6.45B,$2.11B,32.66%,$6.45B,$0.79B,12.23%,$6.45B,$0.54B,8.38%,$0.54B,$4.57B,12.17%,$0.54B,$4.57B,12.17%,$0.54B,$22.12B,2.48%,$1.24B,$13.69B,9.17%,$1527,$638,$889,$0,$366,$1197,$330,$-101,$229,$57,$172,$172,$172,$523,$330,$281,282,$0.61,$0.61,$169,$787,$19,$2121,$16444,$71,$0,$269,$19999,$22120,$2261,$9121,$2817,$15287,$17548,$3,$-434,$-47,$4572,$22120,$464,$652,$276,$928,$185,$-161,$-6,$-211,$-193,$1199,$-1208,$0,$0,$0,$0,$0,$-146,$-1354,$441,$-168,$273,$80,$80,$-282,$0,$71,$-84,$0,$-282
5,2017-06-30,44.56,$15.93,2.8,$23.27,1.92,$2.24,19.88,$1.99,22.39,$2.21B,$2.12B,1.05,$9.19B,$4.49B,2.05,$6.51B,$3.69B,56.65%,$6.51B,$1.28B,19.74%,$6.51B,$1.28B,19.74%,$6.51B,$2.14B,32.90%,$6.51B,$0.84B,12.91%,$6.51B,$0.55B,8.52%,$0.55B,$4.49B,12.68%,$0.55B,$4.49B,12.68%,$0.55B,$21.87B,2.58%,$1.28B,$13.68B,9.60%,$1449,$630,$819,$0,$381,$1208,$241,$-101,$140,$47,$93,$93,$92,$438,$241,$280,280,$0.33,$0.33,$435,$582,$9,$2211,$16119,$68,$0,$294,$19656,$21867,$2115,$9190,$2795,$15266,$17381,$3,$-512,$-48,$4486,$21867,$292,$459,$179,$638,$154,$44,$0,$-46,$189,$1119,$-746,$0,$0,$0,$0,$0,$-60,$-806,$408,$-425,$-17,$76,$76,$-188,$0,$-129,$184,$0,$-188
6,2017-03-31,42.79,$15.74,2.72,$23.01,1.86,$1.93,22.2,$2.11,20.28,$2.22B,$1.93B,1.15,$9.23B,$4.41B,2.1,$6.43B,$3.66B,56.99%,$6.43B,$1.32B,20.51%,$6.43B,$1.32B,20.51%,$6.43B,$2.15B,33.50%,$6.43B,$0.88B,13.74%,$6.43B,$0.59B,9.12%,$0.59B,$4.41B,13.64%,$0.59B,$4.41B,13.64%,$0.59B,$21.62B,2.77%,$1.32B,$13.64B,10.02%,$1829,$808,$1021,$0,$371,$1441,$388,$-93,$295,$96,$199,$199,$199,$650,$388,$279,280,$0.71,$0.71,$463,$425,$12,$2215,$15857,$66,$0,$321,$19408,$21623,$1926,$9233,$2814,$15290,$17216,$3,$-511,$-49,$4407,$21623,$199,$262,$111,$373,$37,$201,$0,$-124,$74,$646,$-365,$0,$0,$0,$0,$0,$19,$-346,$395,$-398,$-3,$3,$3,$-94,$0,$-94,$206,$0,$-94
7,2016-12-31,39.49,$15.37,2.57,$22.95,1.72,$1.73,22.79,$1.99,19.85,$2.28B,$2.66B,0.86,$8.75B,$4.29B,2.04,$6.40B,$3.60B,56.20%,$6.40B,$1.26B,19.63%,$6.40B,$1.26B,19.63%,$6.40B,$2.07B,32.30%,$6.40B,$0.83B,12.91%,$6.40B,$0.55B,8.61%,$0.55B,$4.29B,13.02%,$0.55B,$4.29B,13.02%,$0.55B,$21.62B,2.66%,$1.26B,$13.04B,9.78%,$1640,$716,$924,$0,$430,$1360,$280,$-156,$124,$46,$78,$78,$77,$494,$280,$278,279,$0.28,$0.27,$254,$626,$17,$2280,$15715,$65,$0,$353,$19342,$21622,$2655,$8750,$2778,$14677,$17332,$3,$-616,$-50,$4290,$21622,$553,$811,$258,$1069,$-155,$146,$0,$-43,$7,$1629,$-1672,$0,$0,$0,$0,$0,$-243,$-1915,$399,$149,$548,$72,$72,$-347,$-18,$255,$-31,$0,$-347
8,2016-09-30,39.56,$15.39,2.57,$22.53,1.76,$2.16,18.3,$2.09,18.93,$2.20B,$2.07B,1.06,$8.83B,$4.30B,2.06,$6.27B,$3.50B,55.79%,$6.27B,$1.24B,19.72%,$6.27B,$1.24B,19.72%,$6.27B,$2.02B,32.21%,$6.27B,$0.87B,13.86%,$6.27B,$0.58B,9.25%,$0.58B,$4.30B,13.97%,$0.58B,$4.30B,13.97%,$0.58B,$20.84B,2.84%,$1.24B,$13.13B,9.72%,$1587,$666,$921,$0,$363,$1212,$375,$-94,$281,$95,$186,$186,$186,$558,$375,$278,279,$0.67,$0.67,$367,$736,$16,$2198,$15443,$68,$0,$258,$18644,$20842,$2069,$8832,$2781,$14477,$16546,$3,$-607,$-45,$4296,$20842,$475,$597,$273,$870,$51,$35,$-24,$-166,$-104,$1241,$-1224,$0,$0,$0,$0,$0,$-174,$-1398,$602,$-174,$428,$69,$69,$-260,$0,$237,$80,$0,$-260
9,2016-06-30,42.89,$15.01,2.86,$22.21,1.93,$3.25,13.2,$1.95,21.99,$2.03B,$2.09B,0.97,$8.60B,$4.19B,2.05,$6.17B,$3.44B,55.72%,$6.17B,$1.18B,19.10%,$6.17B,$1.18B,19.10%,$6.17B,$1.95B,31.64%,$6.17B,$0.81B,13.15%,$6.17B,$0.54B,8.79%,$0.54B,$4.19B,13.34%,$0.54B,$4.19B,13.34%,$0.54B,$20.46B,2.70%,$1.18B,$12.79B,9.49%,$1371,$574,$797,$0,$346,$1096,$275,$-92,$183,$58,$125,$125,$124,$451,$275,$278,279,$0.45,$0.45,$403,$573,$7,$2031,$15187,$66,$0,$285,$18432,$20463,$2091,$8596,$2813,$14179,$16270,$3,$-706,$-47,$4193,$20463,$289,$414,$160,$574,$97,$198,$0,$-36,$238,$1101,$-817,$0,$0,$0,$0,$0,$-94,$-911,$272,$-237,$35,$66,$66,$-173,$0,$-72,$118,$0,$-173
10,2016-03-31,39.39,$14.85,2.65,$22.19,1.78,$4.36,9.04,$1.75,22.51,$1.89B,$2.05B,0.92,$8.28B,$4.15B,2.0,$6.15B,$3.38B,55.06%,$6.15B,$1.11B,18.01%,$6.15B,$1.11B,18.01%,$6.15B,$1.87B,30.48%,$6.15B,$0.73B,11.91%,$6.15B,$0.49B,7.89%,$0.49B,$4.15B,12.19%,$0.49B,$4.15B,12.19%,$0.49B,$20.04B,2.45%,$1.11B,$12.43B,9.06%,$1801,$847,$954,$0,$390,$1475,$326,$-88,$238,$74,$164,$164,$164,$564,$326,$277,278,$0.59,$0.59,$205,$498,$11,$1890,$14907,$64,$0,$315,$18147,$20037,$2047,$8284,$2846,$13844,$15891,$3,$-744,$-47,$4146,$20037,$164,$238,$89,$327,$16,$274,$0,$-101,$141,$632,$-407,$0,$0,$0,$0,$0,$-37,$-444,$-12,$-235,$-247,$63,$63,$-86,$0,$-270,$-82,$0,$-86
11,2015-12-31,33.23,$14.34,2.32,$23.37,1.42,$5.04,6.59,$1.89,17.58,$2.32B,$2.30B,1.01,$8.52B,$3.98B,2.14,$6.46B,$3.41B,52.87%,$6.46B,$1.18B,18.25%,$6.46B,$1.18B,18.25%,$6.46B,$1.93B,29.86%,$6.46B,$0.80B,12.33%,$6.46B,$0.52B,8.10%,$0.52B,$3.98B,13.40%,$0.52B,$3.98B,13.40%,$0.52B,$20.30B,2.68%,$1.18B,$12.49B,9.70%,$1509,$684,$825,$0,$379,$1249,$260,$-93,$167,$60,$107,$107,$106,$446,$260,$276,277,$0.39,$0.38,$285,$778,$16,$2320,$14705,$64,$0,$343,$17979,$20299,$2302,$8518,$2840,$14022,$16324,$3,$-855,$-47,$3975,$20299,$525,$750,$143,$893,$120,$147,$0,$-19,$222,$1640,$-1564,$0,$-154,$0,$0,$0,$-346,$-2064,$553,$189,$742,$43,$43,$-322,$0,$463,$39,$0,$-322
12,2015-09-30,32.27,$14.22,2.27,$24.31,1.33,$4.42,7.3,$1.86,17.35,$2.12B,$1.79B,1.19,$8.01B,$3.94B,2.04,$6.71B,$3.44B,51.30%,$6.71B,$1.19B,17.76%,$6.71B,$1.19B,17.76%,$6.71B,$1.94B,28.89%,$6.71B,$0.78B,11.65%,$6.71B,$0.51B,7.65%,$0.51B,$3.94B,13.38%,$0.51B,$3.94B,13.38%,$0.51B,$19.45B,2.66%,$1.19B,$11.95B,9.94%,$1486,$626,$860,$0,$370,$1169,$317,$-94,$223,$75,$148,$148,$148,$490,$317,$276,277,$0.53,$0.53,$202,$863,$107,$2123,$14160,$61,$0,$288,$17329,$19452,$1788,$8014,$2828,$13725,$15513,$3,$-881,$-49,$3939,$19452,$418,$564,$334,$898,$219,$54,$0,$-135,$104,$1420,$-1102,$0,$0,$0,$0,$0,$-238,$-1340,$-79,$143,$64,$40,$40,$-241,$0,$-137,$-57,$0,$-241
13,2015-06-30,28.84,$13.93,2.07,$24.15,1.19,$2.68,10.77,$1.67,17.27,$2.29B,$1.64B,1.4,$8.15B,$3.86B,2.12,$6.65B,$3.36B,50.46%,$6.65B,$1.11B,16.69%,$6.65B,$1.11B,16.69%,$6.65B,$1.84B,27.61%,$6.65B,$0.70B,10.51%,$6.65B,$0.46B,6.90%,$0.46B,$3.86B,12.15%,$0.46B,$3.86B,12.15%,$0.46B,$19.24B,2.42%,$1.11B,$12.01B,9.28%,$1350,$605,$745,$0,$372,$1146,$204,$-100,$104,$36,$68,$68,$67,$373,$204,$275,276,$0.25,$0.25,$517,$683,$31,$2291,$13775,$61,$0,$319,$16947,$19238,$1640,$8153,$2788,$13743,$15383,$3,$-949,$-48,$3855,$19238,$270,$391,$219,$610,$194,$235,$0,$-12,$382,$1262,$-675,$0,$0,$0,$0,$0,$-107,$-782,$-55,$-21,$-76,$27,$27,$-161,$0,$-210,$270,$0,$-161
14,2015-03-31,31.35,$13.91,2.25,$24.61,1.27,$1.55,20.23,$1.72,18.22,$2.50B,$1.60B,1.56,$8.26B,$3.84B,2.15,$6.77B,$3.36B,49.59%,$6.77B,$1.14B,16.86%,$6.77B,$1.14B,16.86%,$6.77B,$1.85B,27.32%,$6.77B,$0.72B,10.67%,$6.77B,$0.48B,7.02%,$0.48B,$3.84B,12.72%,$0.48B,$3.84B,12.72%,$0.48B,$19.20B,2.55%,$1.14B,$12.10B,9.68%,$2111,$1128,$983,$0,$364,$1714,$397,$-95,$302,$100,$202,$202,$202,$619,$397,$275,276,$0.73,$0.73,$571,$540,$57,$2501,$13526,$62,$0,$354,$16697,$19198,$1599,$8260,$2787,$13760,$15359,$3,$-936,$-48,$3839,$19198,$202,$222,$141,$363,$-48,$378,$0,$-99,$195,$760,$-348,$0,$0,$0,$0,$0,$-74,$-422,$73,$-20,$53,$4,$4,$-80,$0,$-23,$315,$0,$-80
15,2014-12-31,30.96,$13.47,2.3,$26.20,1.18,$1.18,26.25,$1.74,17.79,$2.60B,$1.95B,1.33,$8.14B,$3.71B,2.2,$7.18B,$3.32B,46.26%,$7.18B,$1.15B,16.05%,$7.18B,$1.15B,16.05%,$7.18B,$1.84B,25.59%,$7.18B,$0.73B,10.15%,$7.18B,$0.48B,6.64%,$0.48B,$3.71B,12.93%,$0.48B,$3.71B,12.93%,$0.48B,$19.19B,2.61%,$1.15B,$11.85B,9.93%,$1758,$906,$852,$0,$397,$1485,$273,$-121,$152,$55,$97,$97,$96,$455,$273,$271,275,$0.34,$0.35,$244,$918,$116,$2597,$13412,$61,$0,$352,$16588,$19185,$1948,$8139,$2734,$13530,$15478,$3,$-1058,$-49,$3707,$19185,$479,$685,$333,$1018,$-31,$-36,$0,$1,$-16,$1481,$-1577,$0,$0,$0,$0,$0,$-321,$-1898,$627,$123,$750,$43,$43,$-295,$-36,$462,$45,$0,$-295
16,2014-09-30,26.21,$13.48,1.95,$26.18,1.0,$1.88,13.93,$1.76,14.89,$2.73B,$1.65B,1.66,$8.17B,$3.71B,2.2,$7.16B,$3.32B,46.44%,$7.16B,$1.14B,15.97%,$7.16B,$1.14B,15.97%,$7.16B,$1.81B,25.30%,$7.16B,$0.74B,10.35%,$7.16B,$0.48B,6.75%,$0.48B,$3.71B,13.29%,$0.48B,$3.71B,13.29%,$0.48B,$18.38B,2.70%,$1.14B,$11.88B,10.10%,$1430,$655,$775,$0,$386,$1194,$236,$-95,$141,$47,$94,$94,$94,$389,$236,$274,275,$0.34,$0.34,$530,$1043,$116,$2734,$13045,$61,$0,$335,$15647,$18381,$1648,$8171,$2826,$13026,$14674,$3,$-1080,$-20,$3707,$18381,$382,$503,$254,$757,$111,$-161,$0,$-113,$-177,$962,$-1125,$0,$0,$0,$0,$0,$-222,$-1347,$909,$-23,$886,$40,$40,$-220,$0,$706,$321,$0,$-220
17,2014-06-30,27.28,$13.39,2.04,$26.28,1.04,$3.28,8.32,$1.88,14.51,$2.47B,$1.56B,1.58,$7.67B,$3.68B,2.08,$7.17B,$3.35B,46.70%,$7.17B,$1.22B,17.07%,$7.17B,$1.22B,17.07%,$7.17B,$1.88B,26.27%,$7.17B,$0.82B,11.41%,$7.17B,$0.52B,7.18%,$0.52B,$3.68B,14.44%,$0.52B,$3.68B,14.44%,$0.52B,$17.72B,2.94%,$1.22B,$11.35B,11.11%,$1468,$722,$746,$0,$360,$1233,$235,$-108,$127,$43,$84,$84,$83,$386,$235,$268,275,$0.31,$0.30,$389,$775,$163,$2465,$12680,$62,$0,$362,$15254,$17719,$1563,$7666,$2852,$12474,$14037,$3,$-1099,$-20,$3682,$17719,$288,$350,$182,$532,$-14,$108,$0,$21,$117,$937,$-663,$0,$0,$0,$0,$0,$-120,$-783,$233,$-92,$141,$37,$37,$-146,$0,$32,$186,$0,$-146
18,2014-03-31,25.41,$13.62,1.87,$26.10,0.97,$4.17,6.09,$1.87,13.59,$2.97B,$1.80B,1.65,$7.67B,$3.66B,2.1,$7.11B,$3.33B,46.78%,$7.11B,$1.22B,17.17%,$7.11B,$1.22B,17.17%,$7.11B,$1.87B,26.26%,$7.11B,$0.83B,11.62%,$7.11B,$0.51B,7.20%,$0.51B,$3.66B,14.69%,$0.51B,$3.66B,14.69%,$0.51B,$17.92B,2.94%,$1.22B,$11.33B,11.38%,$2523,$1575,$948,$0,$341,$2115,$408,$-99,$309,$105,$204,$204,$204,$607,$408,$266,273,$0.77,$0.75,$789,$537,$204,$2969,$12360,$61,$0,$392,$14955,$17924,$1801,$7671,$2871,$12468,$14269,$3,$-1110,$-21,$3655,$17924,$204,$199,$125,$324,$-313,$345,$0,$-54,$83,$611,$-304,$0,$0,$0,$0,$0,$-42,$-346,$514,$-154,$360,$33,$33,$-72,$0,$321,$586,$0,$-72
19,2013-12-31,23.0,$13.12,1.75,$24.17,0.95,$4.71,4.88,$1.65,13.94,$2.53B,$1.95B,1.3,$7.24B,$3.49B,2.07,$6.57B,$3.24B,49.35%,$6.57B,$1.14B,17.39%,$6.57B,$1.14B,17.39%,$6.57B,$1.77B,26.96%,$6.57B,$0.76B,11.51%,$6.57B,$0.45B,6.88%,$0.45B,$3.49B,13.26%,$0.45B,$3.49B,13.26%,$0.45B,$17.42B,2.62%,$1.14B,$10.73B,10.92%,$1736,$881,$855,$0,$426,$1472,$264,$-100,$164,$62,$102,$102,$102,$429,$264,$265,272,$0.38,$0.38,$204,$881,$40,$2526,$12246,$59,$0,$409,$14890,$17416,$1945,$7239,$2846,$11980,$13925,$3,$-1242,$-22,$3491,$17416,$454,$628,$341,$969,$-120,$202,$0,$-88,$-2,$1421,$-1325,$0,$0,$0,$0,$0,$-207,$-1532,$242,$185,$427,$36,$36,$-273,$0,$190,$79,$0,$-273
20,2013-09-30,22.41,$12.91,1.74,$24.00,0.93,$4.41,5.08,$1.53,14.65,$2.40B,$1.46B,1.64,$7.23B,$3.43B,2.11,$6.50B,$3.17B,48.72%,$6.50B,$1.09B,16.77%,$6.50B,$1.09B,16.77%,$6.50B,$1.71B,26.32%,$6.50B,$0.70B,10.78%,$6.50B,$0.42B,6.42%,$0.42B,$3.43B,12.47%,$0.42B,$3.43B,12.47%,$0.42B,$16.99B,2.42%,$1.09B,$10.66B,10.58%,$1445,$645,$800,$0,$338,$1128,$317,$-99,$218,$91,$127,$127,$126,$462,$317,$265,272,$0.48,$0.46,$292,$1089,$31,$2401,$12154,$63,$0,$233,$14585,$16986,$1464,$7229,$2724,$12089,$13553,$3,$-1276,$-39,$3433,$16986,$352,$463,$352,$815,$134,$-6,$0,$-145,$-49,$1118,$-900,$0,$0,$0,$0,$0,$-104,$-1004,$288,$-62,$226,$32,$32,$-205,$0,$53,$167,$0,$-205
21,2013-06-30,22.92,$12.64,1.81,$24.29,0.94,$3.88,5.91,$1.62,14.15,$2.49B,$1.80B,1.38,$6.84B,$3.36B,2.04,$6.56B,$3.20B,48.69%,$6.56B,$1.12B,17.01%,$6.56B,$1.12B,17.01%,$6.56B,$1.73B,26.36%,$6.56B,$0.73B,11.12%,$6.56B,$0.44B,6.69%,$0.44B,$3.36B,13.32%,$0.44B,$3.36B,13.32%,$0.44B,$17.43B,2.57%,$1.12B,$10.20B,10.98%,$1406,$683,$723,$0,$354,$1174,$232,$-97,$135,$54,$81,$81,$80,$369,$232,$265,272,$0.30,$0.29,$566,$830,$36,$2485,$11916,$63,$0,$259,$14944,$17429,$1802,$6839,$2878,$12267,$14069,$3,$-1334,$-56,$3360,$17429,$225,$318,$243,$561,$85,$253,$12,$-41,$309,$1095,$-580,$0,$0,$0,$0,$0,$-36,$-616,$210,$-138,$72,$28,$28,$-135,$0,$-35,$444,$0,$-135
22,2013-03-31,23.37,$12.61,1.85,$24.10,0.97,$3.36,6.96,$1.70,13.75,$2.53B,$1.65B,1.54,$6.89B,$3.35B,2.06,$6.49B,$3.19B,49.19%,$6.49B,$1.14B,17.63%,$6.49B,$1.14B,17.63%,$6.49B,$1.75B,26.98%,$6.49B,$0.76B,11.76%,$6.49B,$0.46B,7.07%,$0.46B,$3.35B,14.14%,$0.46B,$3.35B,14.14%,$0.46B,$17.27B,2.73%,$1.14B,$10.24B,11.45%,$1979,$1117,$862,$0,$352,$1650,$329,$-90,$239,$95,$144,$144,$144,$510,$329,$264,271,$0.55,$0.53,$615,$637,$38,$2528,$11667,$60,$0,$283,$14741,$17269,$1645,$6890,$2846,$12274,$13919,$3,$-1346,$-54,$3350,$17269,$144,$181,$154,$335,$-103,$447,$-44,$47,$246,$725,$-274,$0,$0,$0,$0,$0,$-19,$-293,$230,$-126,$104,$24,$24,$-67,$0,$61,$493,$0,$-67
23,2012-12-31,20.19,$12.26,1.65,$23.32,0.87,$2.97,6.79,$1.42,14.22,$2.42B,$1.80B,1.35,$6.86B,$3.24B,2.12,$6.25B,$3.05B,48.84%,$6.25B,$1.00B,16.04%,$6.25B,$1.00B,16.04%,$6.25B,$1.60B,25.60%,$6.25B,$0.62B,9.95%,$6.25B,$0.38B,6.11%,$0.38B,$3.24B,12.01%,$0.38B,$3.24B,12.01%,$0.38B,$17.13B,2.31%,$1.00B,$10.10B,10.24%,$1670,$888,$782,$0,$411,$1458,$212,$-103,$109,$42,$67,$67,$67,$370,$212,$261,269,$0.26,$0.25,$122,$1084,$67,$2422,$11551,$57,$0,$293,$14709,$17131,$1797,$6863,$2724,$12096,$13893,$3,$-1423,$-55,$3238,$17131,$384,$598,$415,$1013,$-147,$104,$-35,$-78,$-156,$1241,$-1227,$0,$0,$0,$0,$0,$-123,$-1350,$88,$175,$263,$30,$30,$-252,$0,$41,$-68,$0,$-252
24,2012-09-30,19.32,$12.28,1.57,$23.26,0.83,$4.01,4.82,$1.32,14.63,$2.36B,$1.49B,1.59,$6.87B,$3.24B,2.12,$6.20B,$3.01B,48.54%,$6.20B,$0.97B,15.56%,$6.20B,$0.97B,15.56%,$6.20B,$1.55B,24.94%,$6.20B,$0.58B,9.30%,$6.20B,$0.36B,5.74%,$0.36B,$3.24B,11.34%,$0.36B,$3.24B,11.34%,$0.36B,$16.61B,2.17%,$0.97B,$10.11B,10.06%,$1507,$679,$828,$0,$348,$1164,$343,$-96,$247,$98,$149,$149,$148,$481,$343,$263,269,$0.56,$0.55,$159,$1272,$27,$2360,$11190,$56,$0,$217,$14248,$16608,$1485,$6866,$2526,$11883,$13368,$3,$-1426,$-43,$3240,$16608,$317,$440,$331,$771,$99,$-83,$-16,$97,$-154,$934,$-861,$0,$0,$0,$0,$0,$-77,$-938,$107,$25,$132,$27,$27,$-188,$0,$-29,$-33,$0,$-188
25,2012-06-30,19.08,$11.96,1.6,$23.20,0.82,$5.90,3.23,$1.30,14.68,$2.21B,$1.81B,1.22,$6.38B,$3.16B,2.02,$6.16B,$2.95B,47.94%,$6.16B,$0.94B,15.23%,$6.16B,$0.94B,15.23%,$6.16B,$1.50B,24.38%,$6.16B,$0.55B,8.94%,$6.16B,$0.35B,5.63%,$0.35B,$3.16B,11.19%,$0.35B,$3.16B,11.19%,$0.35B,$16.29B,2.14%,$0.94B,$9.53B,9.99%,$1333,$613,$720,$0,$330,$1073,$260,$-92,$168,$67,$101,$101,$100,$390,$260,$261,268,$0.38,$0.37,$215,$1052,$13,$2206,$10997,$54,$0,$240,$14087,$16293,$1807,$6378,$2530,$11331,$13138,$3,$-1511,$-45,$3155,$16293,$168,$302,$194,$496,$146,$135,$10,$70,$279,$943,$-575,$0,$0,$0,$0,$0,$-35,$-610,$-201,$-4,$-205,$23,$23,$-125,$0,$-307,$26,$0,$-125
26,2012-03-31,17.68,$12.02,1.47,$23.44,0.75,$7.65,2.31,$1.31,13.5,$2.27B,$1.82B,1.25,$6.36B,$3.09B,2.06,$6.19B,$2.90B,46.86%,$6.19B,$0.89B,14.29%,$6.19B,$0.89B,14.29%,$6.19B,$1.44B,23.28%,$6.19B,$0.49B,7.98%,$6.19B,$0.35B,5.60%,$0.35B,$3.09B,11.33%,$0.35B,$3.09B,11.33%,$0.35B,$16.16B,2.15%,$0.89B,$9.45B,9.47%,$1743,$1019,$724,$0,$364,$1555,$188,$-90,$98,$38,$60,$60,$67,$360,$188,$256,267,$0.26,$0.25,$387,$888,$0,$2268,$10755,$53,$0,$268,$13892,$16160,$1819,$6355,$2504,$11248,$13067,$3,$-1548,$-47,$3093,$16160,$67,$172,$89,$261,$99,$312,$-89,$94,$307,$635,$-294,$0,$0,$0,$0,$0,$-19,$-313,$-79,$15,$-64,$1,$1,$-62,$0,$-125,$197,$0,$-62
27,2011-12-31,17.55,$12.09,1.45,$24.76,0.71,$8.86,1.98,$1.58,11.11,$2.57B,$2.34B,1.1,$6.21B,$3.07B,2.02,$6.50B,$2.99B,45.99%,$6.50B,$1.00B,15.42%,$6.50B,$1.00B,15.42%,$6.50B,$1.55B,23.82%,$6.50B,$0.61B,9.32%,$6.50B,$0.42B,6.38%,$0.42B,$3.07B,13.73%,$0.42B,$3.07B,13.73%,$0.42B,$16.45B,2.59%,$1.00B,$9.28B,10.85%,$1620,$881,$739,$0,$423,$1446,$174,$-110,$64,$23,$41,$41,$41,$316,$174,$251,263,$0.17,$0.15,$188,$1187,$1,$2565,$10633,$50,$0,$276,$13887,$16452,$2338,$6207,$2465,$11042,$13380,$3,$-1553,$-49,$3072,$16452,$417,$546,$112,$658,$119,$-14,$30,$-7,$94,$1169,$-882,$0,$0,$0,$0,$0,$-176,$-1058,$-72,$98,$26,$29,$29,$-211,$-43,$-199,$-86,$0,$-211
28,2011-09-30,15.57,$12.25,1.27,$25.26,0.62,$8.31,1.87,$1.52,10.24,$2.86B,$2.21B,1.29,$6.21B,$3.09B,2.01,$6.57B,$2.97B,45.18%,$6.57B,$0.99B,15.03%,$6.57B,$0.99B,15.03%,$6.57B,$1.53B,23.32%,$6.57B,$0.59B,8.99%,$6.57B,$0.40B,6.08%,$0.40B,$3.09B,13.46%,$0.40B,$3.09B,13.46%,$0.40B,$15.96B,2.53%,$0.99B,$9.30B,10.62%,$1464,$694,$770,$0,$334,$1148,$316,$-95,$221,$81,$140,$140,$139,$436,$316,$251,264,$0.55,$0.53,$652,$1279,$2,$2860,$10410,$53,$0,$203,$13098,$15958,$2214,$6208,$2393,$10657,$12871,$3,$-1542,$-40,$3087,$15958,$376,$404,$282,$686,$295,$-106,$10,$161,$133,$1195,$-624,$0,$0,$0,$0,$0,$-128,$-752,$49,$58,$107,$26,$26,$-159,$-43,$-69,$376,$0,$-159
29,2011-06-30,15.32,$11.92,1.28,$25.38,0.6,$7.67,2.0,$1.52,10.08,$2.96B,$2.24B,1.32,$6.36B,$3.00B,2.12,$6.54B,$2.97B,45.35%,$6.54B,$0.99B,15.13%,$6.54B,$0.99B,15.13%,$6.54B,$1.55B,23.64%,$6.54B,$0.60B,9.20%,$6.54B,$0.39B,6.02%,$0.39B,$3.00B,13.54%,$0.39B,$3.00B,13.54%,$0.39B,$15.95B,2.51%,$0.99B,$9.36B,10.72%,$1364,$696,$668,$0,$339,$1157,$207,$-96,$111,$10,$101,$101,$100,$329,$207,$250,262,$0.40,$0.38,$1023,$969,$8,$2956,$10255,$52,$0,$234,$12989,$15945,$2241,$6361,$2390,$10702,$12943,$3,$-1628,$-38,$3002,$15945,$236,$284,$157,$441,$215,$204,$34,$122,$539,$1216,$-399,$0,$0,$0,$0,$0,$-72,$-471,$71,$21,$92,$22,$22,$-106,$-8,$0,$747,$0,$-106
30,2011-03-31,15.12,$11.69,1.29,$25.58,0.59,$7.07,2.14,$1.46,10.36,$2.74B,$2.29B,1.2,$6.11B,$2.93B,2.08,$6.52B,$2.98B,45.64%,$6.52B,$1.05B,16.03%,$6.52B,$1.05B,16.03%,$6.52B,$1.61B,24.71%,$6.52B,$0.65B,9.97%,$6.52B,$0.37B,5.74%,$0.37B,$2.93B,13.14%,$0.37B,$2.93B,13.14%,$0.37B,$15.64B,2.42%,$1.05B,$9.04B,11.48%,$2055,$1241,$814,$0,$346,$1749,$306,$-96,$210,$77,$133,$133,$135,$468,$306,$250,262,$0.54,$0.52,$831,$712,$14,$2741,$10138,$51,$0,$252,$12901,$15642,$2290,$6108,$2585,$10421,$12711,$3,$-1675,$-40,$2931,$15642,$135,$162,$115,$277,$9,$462,$-9,$56,$429,$841,$-191,$0,$0,$0,$0,$0,$-37,$-228,$-19,$13,$-6,$0,$0,$-53,$-2,$-61,$554,$0,$-53
31,2010-12-31,14.17,$11.37,1.25,$25.71,0.55,$6.48,2.19,$1.28,11.07,$2.76B,$2.02B,1.37,$6.64B,$2.84B,2.34,$6.43B,$2.91B,45.30%,$6.43B,$0.98B,15.21%,$6.43B,$0.98B,15.21%,$6.43B,$1.55B,24.16%,$6.43B,$0.59B,9.17%,$6.43B,$0.32B,5.04%,$0.32B,$2.84B,11.61%,$0.32B,$2.84B,11.61%,$0.32B,$15.62B,2.11%,$0.98B,$9.47B,10.75%,$1682,$968,$714,$0,$416,$1524,$158,$-110,$48,$17,$31,$31,$25,$298,$158,$232,253,$0.10,$0.09,$270,$1175,$36,$2759,$10069,$49,$0,$249,$12857,$15616,$2021,$6636,$2500,$10758,$12779,$2,$-1757,$-40,$2837,$15616,$343,$576,$73,$649,$-72,$133,$-7,$-109,$-33,$959,$-821,$0,$0,$0,$0,$0,$-182,$-1003,$484,$109,$593,$10,$-229,$-162,$0,$202,$157,$0,$-162
32,2010-09-30,13.57,$12.48,1.09,$25.84,0.53,$6.06,2.24,$1.21,11.21,$3.09B,$2.30B,1.34,$6.20B,$2.87B,2.16,$6.36B,$2.82B,44.30%,$6.36B,$0.93B,14.58%,$6.36B,$0.93B,14.58%,$6.36B,$1.48B,23.28%,$6.36B,$0.54B,8.52%,$6.36B,$0.31B,4.79%,$0.31B,$2.87B,10.83%,$0.31B,$2.87B,10.83%,$0.31B,$15.57B,2.00%,$0.93B,$9.07B,10.33%,$1443,$671,$772,$0,$322,$1124,$319,$-86,$233,$87,$146,$146,$134,$452,$319,$229,255,$0.58,$0.53,$719,$1395,$21,$3086,$9918,$49,$0,$184,$12485,$15571,$2297,$6203,$2469,$10408,$12705,$2,$-1731,$-31,$2866,$15571,$318,$436,$257,$693,$239,$-88,$-9,$32,$-13,$998,$-611,$0,$0,$0,$0,$0,$-115,$-726,$396,$105,$501,$7,$-6,$-111,$-49,$335,$606,$0,$-103
33,2010-06-30,10.93,$12.06,0.91,$25.47,0.43,$4.61,2.37,$0.99,11.04,$2.62B,$1.74B,1.51,$6.08B,$2.75B,2.21,$6.18B,$2.73B,44.14%,$6.18B,$0.84B,13.57%,$6.18B,$0.84B,13.57%,$6.18B,$1.40B,22.63%,$6.18B,$0.43B,6.99%,$6.18B,$0.24B,3.85%,$0.24B,$2.75B,8.59%,$0.24B,$2.75B,8.59%,$0.24B,$15.05B,1.58%,$0.84B,$8.83B,9.41%,$1340,$664,$676,$0,$337,$1078,$262,$-103,$159,$59,$100,$100,$80,$393,$262,$228,248,$0.35,$0.32,$558,$1077,$21,$2621,$9804,$52,$0,$203,$12430,$15051,$1736,$6079,$2474,$10561,$12297,$2,$-1831,$-31,$2754,$15051,$172,$303,$83,$386,$178,$230,$41,$92,$490,$1048,$-424,$0,$0,$0,$0,$0,$-66,$-490,$-64,$66,$2,$5,$5,$-74,$-44,$-111,$446,$0,$-69
34,2010-03-31,11.42,$11.85,0.96,$25.28,0.45,$3.79,3.02,$0.99,11.54,$2.80B,$1.69B,1.65,$6.31B,$2.70B,2.33,$6.07B,$2.67B,44.00%,$6.07B,$0.73B,11.98%,$6.07B,$0.73B,11.98%,$6.07B,$1.29B,21.19%,$6.07B,$0.36B,5.93%,$6.07B,$0.23B,3.84%,$0.23B,$2.70B,8.50%,$0.23B,$2.70B,8.50%,$0.23B,$15.23B,1.54%,$0.73B,$9.01B,8.06%,$1967,$1215,$752,$0,$341,$1728,$239,$-89,$150,$61,$89,$89,$85,$411,$239,$228,247,$0.37,$0.34,$778,$846,$21,$2795,$9647,$52,$0,$231,$12431,$15226,$1693,$6305,$2463,$10831,$12524,$2,$-1876,$-32,$2702,$15226,$88,$172,$112,$284,$36,$460,$-44,$-90,$285,$657,$-190,$0,$0,$0,$0,$0,$-22,$-212,$260,$25,$285,$0,$0,$-34,$-30,$221,$665,$0,$-34
35,2009-12-31,11.46,$12.89,0.89,$26.32,0.44,$3.72,3.08,$0.95,12.06,$2.74B,$1.95B,1.4,$6.09B,$2.70B,2.26,$6.21B,$2.64B,42.47%,$6.21B,$0.70B,11.25%,$6.21B,$0.70B,11.25%,$6.21B,$1.27B,20.44%,$6.21B,$0.34B,5.40%,$6.21B,$0.22B,3.51%,$0.22B,$2.94B,8.05%,$0.22B,$2.94B,8.05%,$0.22B,$15.26B,1.44%,$0.70B,$9.03B,7.70%,$1613,$994,$619,$0,$585,$1505,$108,$-108,$0,$-14,$14,$14,$6,$225,$108,$227,238,$0.03,$0.01,$122,$1319,$21,$2742,$9682,$9,$0,$235,$12514,$15256,$1954,$6092,$2530,$10364,$12318,$2,$-1927,$-33,$2938,$15256,$240,$570,$45,$615,$-91,$86,$-50,$54,$-7,$848,$-818,$0,$0,$0,$0,$0,$-117,$-935,$41,$79,$120,$9,$5,$-125,$-35,$-35,$-117,$0,$-114
36,2009-09-30,9.71,$11.81,0.82,$25.58,0.38,$2.60,3.73,$1.20,8.09,$2.66B,$1.83B,1.46,$6.12B,$2.69B,2.28,$6.02B,$2.67B,44.42%,$6.02B,$0.80B,13.32%,$6.02B,$0.80B,13.32%,$6.02B,$1.42B,23.55%,$6.02B,$0.45B,7.51%,$6.02B,$0.29B,4.82%,$0.29B,$2.69B,11.19%,$0.29B,$2.69B,11.19%,$0.29B,$14.88B,1.93%,$0.80B,$8.80B,8.92%,$1263,$581,$682,$0,$329,$1033,$230,$-107,$123,$47,$76,$76,$67,$370,$230,$227,239,$0.29,$0.28,$213,$1527,$19,$2662,$9566,$9,$0,$154,$12221,$14883,$1830,$6116,$2474,$10366,$12196,$2,$-1900,$-23,$2687,$14883,$229,$453,$-25,$428,$205,$-122,$-55,$130,$-23,$634,$-617,$0,$0,$0,$0,$0,$-58,$-675,$97,$-12,$85,$7,$3,$-93,$16,$11,$-26,$0,$-85
37,2009-06-30,8.67,$11.60,0.75,$26.33,0.33,$1.14,7.63,$1.23,7.05,$3.16B,$1.82B,1.73,$6.59B,$2.63B,2.5,$6.19B,$2.65B,42.85%,$6.19B,$0.78B,12.59%,$6.19B,$0.78B,12.59%,$6.19B,$1.40B,22.65%,$6.19B,$0.45B,7.21%,$6.19B,$0.30B,4.87%,$0.30B,$2.63B,11.91%,$0.30B,$2.63B,11.91%,$0.30B,$15.28B,2.03%,$0.78B,$9.22B,8.73%,$1225,$608,$617,$0,$354,$1075,$150,$-63,$87,$32,$55,$55,$75,$280,$150,$227,235,$0.33,$0.32,$1056,$1138,$19,$3156,$9421,$10,$0,$179,$12121,$15277,$1823,$6587,$2456,$10821,$12644,$2,$-1945,$-27,$2633,$15277,$154,$313,$-109,$204,$115,$267,$-26,$91,$442,$800,$-402,$0,$0,$0,$0,$0,$-31,$-433,$518,$4,$522,$5,$5,$-63,$-19,$445,$816,$0,$-57
38,2009-03-31,8.41,$11.33,0.74,$26.78,0.31,$0.73,11.48,$1.10,7.65,$2.98B,$1.44B,2.08,$6.66B,$2.57B,2.59,$6.33B,$2.62B,41.34%,$6.33B,$0.79B,12.41%,$6.33B,$0.79B,12.41%,$6.33B,$1.42B,22.40%,$6.33B,$0.43B,6.83%,$6.33B,$0.27B,4.27%,$0.27B,$2.57B,10.98%,$0.27B,$2.57B,10.98%,$0.27B,$15.00B,1.87%,$0.79B,$9.23B,9.04%,$2104,$1387,$717,$0,$112,$1894,$210,$-85,$125,$50,$75,$75,$70,$393,$210,$227,233,$0.31,$0.30,$862,$839,$19,$2984,$9266,$11,$0,$198,$12018,$15002,$1436,$6657,$2407,$10997,$12433,$2,$-1991,$-32,$2569,$15002,$74,$183,$102,$285,$-161,$566,$-75,$-31,$247,$606,$-180,$0,$0,$0,$0,$0,$-12,$-192,$486,$0,$486,$3,$-249,$-32,$-6,$199,$615,$0,$-29
39,2008-12-31,7.1,$10.94,0.65,$26.95,0.26,$0.25,28.12,$1.24,5.73,$2.83B,$1.86B,1.52,$6.22B,$2.48B,2.51,$6.41B,$2.61B,40.80%,$6.41B,$0.83B,12.94%,$6.41B,$0.83B,12.94%,$6.41B,$1.46B,22.83%,$6.41B,$0.48B,7.46%,$6.41B,$0.30B,4.72%,$0.30B,$2.48B,12.75%,$0.30B,$2.48B,12.75%,$0.30B,$14.90B,2.12%,$0.83B,$8.70B,9.85%,$1428,$770,$658,$0,$98,$1216,$212,$-95,$117,$36,$81,$81,$78,$375,$212,$226,236,$0.35,$0.33,$242,$1405,$26,$2827,$9181,$11,$0,$277,$12074,$14901,$1863,$6221,$2391,$10562,$12425,$2,$-2031,$-28,$2476,$14901,$302,$633,$-48,$585,$-80,$-71,$-5,$-143,$-330,$557,$-792,$0,$0,$0,$0,$0,$-47,$-839,$217,$23,$240,$9,$8,$-93,$-8,$147,$-137,$0,$-82
40,2008-09-30,8.69,$10.74,0.81,$28.31,0.31,$2.87,3.03,$0.40,21.72,$2.83B,$1.88B,1.51,$6.11B,$2.43B,2.52,$6.64B,$2.51B,37.81%,$6.64B,$0.42B,6.31%,$6.64B,$0.42B,6.31%,$6.64B,$1.05B,15.86%,$6.64B,$0.10B,1.51%,$6.64B,$0.09B,1.36%,$0.09B,$2.43B,3.94%,$0.09B,$2.43B,3.94%,$0.09B,$14.08B,0.64%,$0.42B,$8.54B,5.10%,$1428,$770,$658,$0,$98,$1221,$207,$-90,$117,$36,$81,$81,$78,$353,$207,$226,236,$0.35,$0.33,$193,$1726,$19,$2830,$8995,$11,$0,$169,$11247,$14077,$1875,$6108,$2387,$9773,$11648,$2,$-2047,$-17,$2429,$14077,$238,$470,$-86,$384,$178,$-393,$-21,$26,$-441,$181,$-510,$0,$0,$0,$0,$0,$-28,$-538,$236,$8,$244,$6,$6,$-69,$-10,$171,$-186,$0,$-61
41,2008-06-30,10.31,$10.47,0.98,$27.58,0.37,$8.18,1.26,$0.40,25.78,$2.65B,$1.88B,1.41,$5.91B,$2.36B,2.5,$6.49B,$2.42B,37.20%,$6.49B,$0.42B,6.53%,$6.49B,$0.42B,6.53%,$6.49B,$1.05B,16.17%,$6.49B,$0.12B,1.80%,$6.49B,$0.09B,1.45%,$0.09B,$2.36B,4.19%,$0.09B,$2.36B,4.19%,$0.09B,$13.89B,0.66%,$0.42B,$8.28B,5.23%,$1365,$783,$582,$0,$306,$1209,$156,$-83,$73,$24,$49,$49,$44,$296,$156,$225,241,$0.20,$0.18,$555,$1194,$19,$2647,$8895,$8,$0,$198,$11243,$13890,$1882,$5914,$2463,$9646,$11528,$2,$-2106,$-22,$2362,$13890,$152,$324,$-144,$180,$187,$139,$3,$39,$319,$651,$-340,$0,$0,$0,$0,$0,$-4,$-344,$-87,$7,$-80,$4,$4,$-47,$-5,$-128,$179,$0,$-41
42,2008-03-31,9.31,$9.79,0.95,$27.83,0.33,$13.74,0.68,$0.36,25.87,$2.89B,$2.23B,1.29,$5.94B,$2.21B,2.7,$6.45B,$2.33B,36.19%,$6.45B,$0.26B,4.00%,$6.45B,$0.26B,4.00%,$6.45B,$0.88B,13.65%,$6.45B,$-0.04B,-0.62%,$6.45B,$0.08B,1.29%,$0.08B,$2.21B,3.77%,$0.08B,$2.21B,3.77%,$0.08B,$14.24B,0.58%,$0.26B,$8.15B,3.21%,$2184,$1469,$715,$0,$100,$1930,$254,$-83,$171,$63,$108,$108,$102,$438,$254,$225,238,$0.45,$0.43,$964,$808,$19,$2887,$8786,$9,$0,$232,$11355,$14242,$2234,$5943,$2598,$9803,$12037,$2,$-2131,$-149,$2205,$14242,$105,$184,$-186,$-2,$-58,$526,$-35,$28,$372,$475,$-155,$0,$0,$0,$0,$0,$3,$-152,$197,$0,$197,$2,$2,$-24,$-5,$170,$493,$0,$-20
43,2007-12-31,11.89,$9.46,1.26,$28.52,0.42,$13.43,0.89,$-1.05,0.0,$2.88B,$2.47B,1.17,$5.79B,$2.13B,2.72,$6.45B,$2.35B,36.41%,$6.45B,$-0.04B,-0.60%,$6.45B,$-0.04B,-0.60%,$6.45B,$0.57B,8.88%,$6.45B,$-0.32B,-4.91%,$6.45B,$-0.23B,-3.63%,$-0.23B,$2.13B,-10.74%,$-0.23B,$2.13B,-10.77%,$-0.23B,$14.19B,-1.60%,$-0.04B,$7.92B,-0.48%,$1661,$1106,$555,$0,$90,$1859,$-198,$-63,$-261,$-139,$-122,$-116,$-134,$-34,$-198,$225,225,$-0.59,$-0.56,$382,$1334,$19,$2880,$8728,$11,$0,$266,$11312,$14192,$2473,$5788,$2538,$9589,$12062,$2,$-2208,$-144,$2130,$14192,$-230,$612,$175,$787,$-451,$-10,$-45,$3,$-534,$23,$341,$0,$0,$0,$332,$332,$-11,$662,$-628,$28,$-600,$15,$-17,$-56,$-17,$-690,$97,$-125,$-45
44,2007-09-30,11.47,$10.09,1.14,$28.77,0.4,$11.54,0.99,$-0.63,0.0,$3.70B,$2.45B,1.51,$5.79B,$2.27B,2.55,$6.47B,$2.44B,37.72%,$6.47B,$0.06B,0.87%,$6.47B,$0.06B,0.87%,$6.47B,$0.67B,10.38%,$6.47B,$-0.29B,-4.47%,$6.47B,$-0.13B,-2.04%,$-0.13B,$2.27B,-5.99%,$-0.13B,$2.27B,-6.01%,$-0.13B,$14.30B,-0.89%,$0.06B,$8.07B,0.68%,$1282,$719,$563,$0,$98,$1070,$212,$-78,$134,$46,$88,$84,$82,$350,$212,$223,241,$0.37,$0.34,$1293,$1509,$23,$3696,$7961,$25,$0,$170,$10608,$14304,$2449,$5794,$2439,$9583,$12032,$2,$-2070,$-136,$2272,$14304,$-91,$448,$15,$463,$-148,$-186,$-91,$119,$-487,$-115,$1060,$0,$0,$0,$332,$332,$2,$1394,$-307,$0,$-307,$13,$-19,$-43,$-18,$-387,$894,$-125,$-34
45,2007-06-30,11.69,$9.80,1.19,$29.31,0.4,$7.48,1.56,$-1.44,0.0,$4.17B,$2.47B,1.69,$5.82B,$2.20B,2.64,$6.48B,$2.54B,39.23%,$6.48B,$-0.20B,-3.12%,$6.48B,$-0.20B,-3.12%,$6.48B,$0.42B,6.42%,$6.48B,$-0.54B,-8.31%,$6.48B,$-0.32B,-4.89%,$-0.32B,$2.20B,-14.37%,$-0.32B,$2.20B,-14.46%,$-0.32B,$14.69B,-2.10%,$-0.20B,$8.02B,-2.35%,$1319,$819,$500,$0,$104,$1329,$-10,$-74,$-84,$-29,$-55,$-55,$33,$126,$-10,$223,223,$0.15,$0.15,$1944,$1130,$21,$4171,$7820,$26,$0,$192,$10519,$14690,$2473,$5817,$2681,$10015,$12488,$2,$-2140,$-137,$2202,$14690,$-175,$310,$278,$588,$-198,$192,$-7,$62,$-12,$401,$1125,$0,$0,$0,$316,$316,$38,$1479,$-293,$0,$-293,$11,$-21,$-28,$0,$-342,$1540,$0,$-22
46,2007-03-31,12.07,$9.41,1.28,$28.69,0.42,$1.40,8.64,$-1.26,0.0,$3.22B,$2.18B,1.47,$6.26B,$2.11B,2.97,$6.38B,$2.63B,41.25%,$6.38B,$-0.13B,-2.05%,$6.38B,$-0.13B,-2.05%,$6.38B,$0.49B,7.68%,$6.38B,$-0.47B,-7.38%,$6.38B,$-0.28B,-4.36%,$-0.28B,$2.11B,-12.34%,$-0.28B,$2.08B,-12.46%,$-0.28B,$15.28B,-1.81%,$-0.13B,$8.37B,-1.45%,$2189,$1458,$731,$0,$129,$2232,$-43,$-63,$-106,$-75,$-31,$-33,$-215,$131,$-43,$222,222,$-0.97,$-0.97,$642,$824,$154,$3215,$7903,$521,$26,$456,$12062,$15277,$2184,$6262,$3100,$10983,$13167,$2,$-2168,$-192,$2110,$15277,$-211,$174,$357,$531,$-466,$517,$-2,$48,$-5,$315,$-86,$0,$0,$0,$1,$1,$91,$6,$-17,$0,$-17,$7,$-25,$-14,$-1,$-57,$265,$0,$-11
47,2006-12-31,11.29,$10.03,1.13,$27.65,0.41,$0.55,20.39,$-0.41,0.0,$3.14B,$2.16B,1.46,$6.42B,$2.23B,2.87,$6.13B,$2.58B,42.03%,$6.13B,$-0.14B,-2.33%,$6.13B,$-0.14B,-2.33%,$6.13B,$0.48B,7.79%,$6.13B,$-0.43B,-6.94%,$6.13B,$-0.09B,-1.47%,$-0.09B,$2.23B,-3.91%,$-0.09B,$2.23B,-3.95%,$-0.09B,$15.37B,-0.58%,$-0.14B,$8.65B,-1.53%,$1682,$1035,$647,$0,$117,$1785,$-103,$-130,$-233,$-39,$-194,$-52,$-32,$65,$-103,$220,220,$-0.15,$-0.13,$320,$1342,$303,$3143,$7708,$566,$0,$758,$12228,$15371,$2156,$6420,$2953,$10981,$13137,$2,$-1918,$-318,$2234,$15371,$-79,$620,$390,$1010,$75,$-105,$-43,$-207,$-241,$690,$-749,$0,$0,$0,$0,$0,$-2,$-751,$-419,$0,$-419,$8,$8,$-13,$-12,$-436,$-496,$125,$0
