,Date,Stock Price,Book Value per Share,Price to Book Ratio,TTM Sales per Share,Price to Sales Ratio,TTM FCF per Share,Price to FCF Ratio,TTM Net EPS,PE Ratio,Current Assets,Current Liabilities,Current Ratio,Long Term Debt,Shareholder's Equity_x,Debt to Equity Ratio,TTM Revenue_x,TTM Gross Profit,Gross Margin,TTM Revenue_y,TTM Operating Income,Operating Margin,TTM Revenue_x,TTM EBIT,EBIT Margin,TTM Revenue_y,TTM EBITDA,EBITDA Margin,TTM Revenue_x,TTM Pre-Tax Income,Pre-Tax Margin,TTM Revenue_y,TTM Net Income_x,Net Margin,TTM Net Income_y,Shareholder's Equity_y,Return on Equity,TTM Net Income_x,Tangible Equity,Return on Tangible Equity,TTM Net Income_y,Total Assets,Return on Assets,TTM Net Income,LT Investments & Debt,Return on Investment,revenue,cost-goods-sold,gross-profit,research-development-expenses,selling-general-administrative-expenses,operating-expenses,operating-income,total-non-operating-income-expense,pre-tax-income,total-provision-income-taxes,income-after-taxes,income-from-continuous-operations,net-income,ebitda,ebit,basic-shares-outstanding,shares-outstanding,eps-basic-net-earnings-per-share,eps-earnings-per-share-diluted,cash-on-hand,inventory,other-current-assets,total-current-assets,net-property-plant-equipment,long-term-investments,goodwill-intangible-assets-total,other-long-term-assets,total-long-term-assets,total-assets,total-current-liabilities,long-term-debt,other-non-current-liabilities,total-long-term-liabilities,total-liabilities,common-stock-net,retained-earnings-accumulated-deficit,comprehensive-income,total-share-holder-equity,total-liabilities-share-holders-equity,net-income-loss,total-depreciation-amortization-cash-flow,other-non-cash-items,total-non-cash-items,change-in-accounts-receivable,change-in-inventories,change-in-accounts-payable,change-in-assets-liabilities,total-change-in-assets-liabilities,cash-flow-from-operating-activities,net-change-in-property-plant-equipment,net-change-in-intangible-assets,net-acquisitions-divestitures,net-change-in-short-term-investments,net-change-in-long-term-investments,net-change-in-investments-total,investing-activities-other,cash-flow-from-investing-activities,net-long-term-debt,net-current-debt,debt-issuance-retirement-net-total,net-common-equity-issued-repurchased,net-total-equity-issued-repurchased,total-common-preferred-stock-dividends-paid,financial-activities-other,cash-flow-from-financial-activities,net-cash-flow,stock-based-compensation,common-stock-dividends-paid
0,2018-07-31,33.6,$21.22,1.58,$23.80,1.41,$3.28,10.25,$1.24,27.1,$0.28B,$0.17B,1.69,$0.15B,$0.51B,0.29,$0.57B,$0.22B,39.23%,$0.57B,$0.04B,6.13%,$0.57B,$0.04B,6.13%,$0.57B,$0.07B,12.61%,$0.57B,$0.02B,4.20%,$0.57B,$0.03B,5.08%,$0.03B,$0.51B,5.89%,$0.03B,$-0.03B,-62.03%,$0.03B,$0.85B,3.49%,$0.04B,$0.66B,5.31%,$167,$104,$63,$14,$28,$151,$16,$-3,$13,$6,$7,$7,$7,$26,$16,$24,24,$0.32,$0.31,$43,$75,$0,$280,$29,$0,$531,$3,$565,$845,$165,$149,$14,$174,$339,$4,$405,$0,$506,$845,$30,$37,$3,$40,$-25,$-14,$14,$9,$-19,$50,$-9,$0,$0,$0,$0,$0,$0,$-9,$-22,$-9,$-31,$1,$1,$-10,$-1,$-40,$2,$9,$-10
1,2018-04-30,30.5,$21.06,1.45,$23.13,1.32,$4.05,7.54,$1.24,24.6,$0.26B,$0.15B,1.72,$0.16B,$0.50B,0.33,$0.55B,$0.22B,40.04%,$0.55B,$0.03B,6.16%,$0.55B,$0.03B,6.16%,$0.55B,$0.07B,12.68%,$0.55B,$0.02B,4.17%,$0.55B,$0.03B,5.25%,$0.03B,$0.50B,5.96%,$0.03B,$-0.04B,-49.79%,$0.03B,$0.83B,3.50%,$0.03B,$0.66B,5.16%,$148,$85,$62,$13,$30,$134,$14,$-3,$11,$3,$8,$8,$8,$23,$14,$24,24,$0.34,$0.34,$44,$77,$0,$262,$30,$0,$537,$3,$572,$834,$153,$163,$15,$184,$336,$4,$400,$0,$498,$834,$22,$27,$-8,$19,$-4,$-16,$0,$8,$-11,$31,$-5,$0,$0,$0,$0,$0,$0,$-5,$-17,$1,$-16,$1,$1,$-7,$-1,$-23,$2,$3,$-7
2,2018-01-31,21.5,$20.77,1.04,$22.42,0.96,$4.60,4.68,$1.09,19.73,$0.25B,$0.14B,1.82,$0.18B,$0.49B,0.36,$0.53B,$0.21B,39.66%,$0.53B,$0.03B,5.64%,$0.53B,$0.03B,5.64%,$0.53B,$0.07B,12.59%,$0.53B,$0.02B,3.57%,$0.53B,$0.03B,4.70%,$0.03B,$0.49B,5.22%,$0.03B,$-0.05B,-35.46%,$0.03B,$0.82B,2.99%,$0.03B,$0.67B,4.51%,$134,$83,$51,$13,$27,$129,$5,$-2,$2,$-13,$16,$16,$16,$14,$5,$24,24,$0.66,$0.66,$40,$72,$0,$245,$30,$0,$542,$3,$578,$823,$135,$175,$16,$197,$332,$4,$394,$0,$491,$823,$14,$18,$-9,$9,$6,$-11,$-2,$1,$-14,$9,$-3,$0,$0,$0,$0,$0,$0,$-3,$-2,$0,$-2,$0,$0,$-5,$-1,$-8,$-1,$2,$-5
3,2017-10-31,21.28,$20.16,1.06,$22.77,0.93,$5.25,4.06,$0.71,29.98,$0.24B,$0.14B,1.77,$0.18B,$0.48B,0.37,$0.54B,$0.21B,39.66%,$0.54B,$0.04B,7.08%,$0.54B,$0.04B,7.08%,$0.54B,$0.08B,14.15%,$0.54B,$0.03B,5.03%,$0.54B,$0.02B,2.98%,$0.02B,$0.48B,3.38%,$0.02B,$-0.07B,-19.51%,$0.02B,$0.83B,1.88%,$0.04B,$0.65B,5.64%,$122,$74,$48,$14,$28,$121,$0,$-3,$-2,$-1,$-2,$-2,$-2,$9,$0,$24,24,$-0.07,$-0.07,$43,$70,$0,$242,$31,$0,$547,$3,$584,$826,$137,$176,$17,$213,$350,$4,$381,$0,$476,$826,$-2,$9,$4,$13,$11,$-10,$1,$-1,$-5,$6,$-1,$0,$0,$0,$0,$0,$0,$-1,$-8,$6,$-1,$0,$0,$-2,$-1,$-5,$1,$1,$-2
4,2017-07-31,17.73,$20.36,0.87,$23.46,0.76,$5.27,3.37,$0.67,26.46,$0.24B,$0.14B,1.67,$0.18B,$0.48B,0.37,$0.55B,$0.22B,39.38%,$0.55B,$0.04B,6.72%,$0.55B,$0.04B,6.72%,$0.55B,$0.08B,13.97%,$0.55B,$0.03B,4.54%,$0.55B,$0.02B,2.90%,$0.02B,$0.48B,3.41%,$0.02B,$-0.07B,-17.63%,$0.02B,$0.83B,1.84%,$0.04B,$0.66B,5.40%,$148,$87,$60,$14,$26,$133,$15,$-3,$12,$5,$7,$7,$7,$24,$15,$23,23,$0.32,$0.31,$42,$61,$0,$241,$33,$0,$553,$3,$591,$832,$144,$178,$12,$208,$352,$4,$385,$0,$480,$832,$16,$39,$6,$45,$26,$11,$-4,$-5,$6,$67,$-8,$0,$0,$0,$0,$0,$0,$-8,$-37,$-27,$-64,$1,$1,$-19,$-2,$-84,$-25,$9,$-19
5,2017-04-30,13.73,$19.93,0.69,$26.15,0.52,$3.32,4.14,$0.50,27.45,$0.27B,$0.15B,1.75,$0.21B,$0.47B,0.46,$0.56B,$0.22B,39.46%,$0.56B,$0.03B,5.23%,$0.56B,$0.03B,5.23%,$0.56B,$0.07B,12.79%,$0.56B,$0.02B,2.88%,$0.56B,$0.01B,2.16%,$0.01B,$0.47B,2.57%,$0.01B,$-0.09B,-12.21%,$0.01B,$0.86B,1.34%,$0.03B,$0.68B,4.14%,$128,$75,$52,$13,$26,$118,$10,$-3,$7,$3,$4,$4,$4,$20,$10,$23,24,$0.19,$0.19,$59,$67,$0,$266,$34,$0,$558,$3,$598,$864,$152,$214,$14,$242,$394,$4,$380,$0,$470,$864,$9,$30,$-2,$28,$30,$4,$-6,$0,$8,$44,$-6,$0,$0,$0,$0,$0,$0,$-6,$-10,$-18,$-29,$1,$1,$-17,$-1,$-46,$-8,$3,$-17
6,2017-01-31,10.43,$19.80,0.53,$28.38,0.37,$2.28,4.57,$-0.58,0.0,$0.28B,$0.16B,1.78,$0.23B,$0.47B,0.5,$0.55B,$0.22B,39.56%,$0.55B,$0.01B,1.09%,$0.55B,$0.01B,1.09%,$0.55B,$0.05B,8.35%,$0.55B,$-0.01B,-1.45%,$0.55B,$-0.01B,-1.09%,$-0.01B,$0.47B,-1.35%,$-0.01B,$-0.10B,4.97%,$-0.01B,$0.88B,-0.66%,$0.01B,$0.70B,0.85%,$139,$86,$53,$13,$31,$126,$13,$-3,$10,$3,$7,$7,$7,$23,$13,$23,23,$0.28,$0.28,$63,$71,$0,$278,$36,$0,$563,$3,$605,$884,$157,$233,$15,$260,$417,$4,$378,$0,$466,$884,$4,$20,$-3,$17,$25,$0,$-9,$-4,$5,$26,$-4,$0,$0,$0,$0,$0,$0,$-4,$-10,$0,$-10,$0,$0,$-14,$-1,$-25,$-4,$2,$-14
7,2016-10-31,10.03,$19.61,0.51,$26.79,0.37,$2.72,3.69,$-0.71,0.0,$0.29B,$0.18B,1.65,$0.24B,$0.46B,0.52,$0.48B,$0.19B,40.25%,$0.48B,$-0.00B,-0.83%,$0.48B,$-0.00B,-0.83%,$0.48B,$0.03B,6.02%,$0.48B,$-0.02B,-3.11%,$0.48B,$-0.01B,-2.28%,$-0.01B,$0.46B,-2.57%,$-0.01B,$-0.11B,30.77%,$-0.01B,$0.90B,-1.38%,$-0.00B,$0.70B,-0.63%,$136,$84,$52,$14,$33,$137,$-1,$-3,$-4,$-2,$-2,$-2,$-2,$10,$-1,$23,23,$-0.11,$-0.11,$63,$76,$0,$293,$37,$0,$567,$3,$611,$903,$178,$241,$13,$264,$442,$4,$374,$0,$461,$903,$-2,$10,$1,$11,$14,$-4,$-3,$-2,$-1,$8,$-2,$0,$0,$0,$0,$0,$0,$-2,$-3,$1,$-2,$0,$0,$-7,$-1,$-10,$-4,$1,$-7
8,2016-07-31,12.25,$20.16,0.61,$24.95,0.49,$2.75,4.45,$-0.51,0.0,$0.30B,$0.18B,1.65,$0.24B,$0.47B,0.52,$0.41B,$0.17B,41.46%,$0.41B,$-0.00B,-0.24%,$0.41B,$-0.00B,-0.24%,$0.41B,$0.02B,5.85%,$0.41B,$-0.01B,-2.20%,$0.41B,$-0.01B,-1.95%,$-0.01B,$0.47B,-1.94%,$-0.01B,$-0.10B,-15.53%,$-0.01B,$0.92B,-1.17%,$-0.00B,$0.71B,-0.18%,$152,$90,$62,$14,$30,$145,$7,$-4,$3,$1,$3,$3,$3,$18,$7,$17,17,$0.19,$0.19,$67,$71,$0,$304,$39,$0,$572,$3,$618,$921,$184,$244,$13,$267,$451,$4,$384,$0,$470,$921,$-8,$24,$1,$25,$6,$11,$-1,$-4,$-3,$15,$-6,$0,$-281,$0,$0,$0,$0,$-286,$171,$84,$255,$96,$96,$-19,$-144,$187,$-84,$4,$-19
9,2016-04-30,22.17,$23.49,0.94,$20.69,1.07,$3.31,6.69,$-0.31,0.0,$0.30B,$0.15B,1.97,$0.33B,$0.38B,0.88,$0.34B,$0.14B,42.09%,$0.34B,$0.00B,0.00%,$0.34B,$0.00B,0.00%,$0.34B,$0.02B,5.07%,$0.34B,$-0.00B,-1.19%,$0.34B,$-0.01B,-1.79%,$-0.01B,$0.38B,-1.52%,$-0.01B,$-0.18B,-4.35%,$-0.01B,$0.90B,-1.04%,$0.00B,$0.71B,0.00%,$124,$73,$51,$13,$30,$138,$-13,$-3,$-17,$-3,$-14,$-14,$-14,$-5,$-13,$16,16,$-0.89,$-0.89,$69,$75,$0,$298,$40,$0,$558,$4,$605,$903,$152,$333,$14,$372,$524,$3,$388,$0,$380,$903,$-10,$14,$3,$17,$23,$7,$-10,$-5,$6,$12,$-3,$0,$-281,$0,$0,$0,$0,$-284,$246,$102,$348,$0,$0,$-15,$-145,$189,$-82,$3,$-15
10,2016-01-31,17.65,$24.62,0.72,$17.39,1.01,$3.04,5.8,$0.88,20.05,$0.28B,$0.06B,4.7,$0.00B,$0.40B,0.0,$0.28B,$0.12B,43.11%,$0.28B,$0.02B,7.07%,$0.28B,$0.02B,7.07%,$0.28B,$0.03B,11.31%,$0.28B,$0.02B,7.07%,$0.28B,$0.01B,4.59%,$0.01B,$0.40B,3.25%,$0.01B,$0.24B,5.36%,$0.01B,$0.46B,2.78%,$0.02B,$0.40B,5.01%,$70,$41,$29,$8,$17,$67,$3,$0,$3,$1,$2,$2,$2,$6,$3,$16,16,$0.15,$0.15,$163,$58,$0,$282,$14,$0,$155,$1,$181,$462,$60,$0,$4,$4,$64,$3,$407,$0,$398,$462,$4,$6,$0,$6,$15,$4,$3,$-7,$14,$23,$-1,$0,$0,$0,$0,$0,$0,$-1,$0,$0,$0,$0,$0,$-10,$-0,$-9,$13,$2,$-10
11,2015-10-31,21.5,$24.72,0.87,$18.01,1.19,$1.06,20.3,$1.19,18.07,$0.28B,$0.06B,5.03,$0.00B,$0.40B,0.0,$0.30B,$0.13B,44.41%,$0.30B,$0.03B,9.49%,$0.30B,$0.03B,9.49%,$0.30B,$0.04B,13.56%,$0.30B,$0.03B,9.49%,$0.30B,$0.02B,6.44%,$0.02B,$0.40B,4.74%,$0.02B,$0.24B,7.84%,$0.02B,$0.46B,4.05%,$0.03B,$0.40B,6.99%,$64,$36,$28,$8,$17,$62,$2,$0,$2,$1,$1,$1,$1,$5,$2,$16,16,$0.09,$0.09,$151,$63,$0,$279,$14,$0,$156,$0,$180,$459,$55,$0,$5,$5,$60,$3,$410,$0,$399,$459,$1,$3,$0,$3,$9,$-1,$-3,$-3,$1,$5,$-1,$0,$0,$0,$0,$0,$0,$-1,$0,$0,$0,$0,$0,$-5,$0,$-5,$-0,$1,$-5
12,2015-07-31,25.31,$24.88,1.02,$18.67,1.36,$0.45,55.65,$1.42,17.83,$0.30B,$0.06B,4.68,$0.00B,$0.40B,0.0,$0.31B,$0.14B,44.95%,$0.31B,$0.03B,11.07%,$0.31B,$0.03B,11.07%,$0.31B,$0.05B,14.98%,$0.31B,$0.03B,11.07%,$0.31B,$0.02B,7.49%,$0.02B,$0.40B,5.74%,$0.02B,$0.24B,9.54%,$0.02B,$0.47B,4.87%,$0.03B,$0.40B,8.49%,$77,$44,$33,$8,$16,$69,$8,$0,$8,$3,$5,$5,$5,$11,$8,$16,16,$0.33,$0.34,$151,$62,$0,$301,$15,$0,$157,$0,$173,$474,$64,$0,$5,$8,$72,$3,$413,$0,$401,$474,$23,$13,$3,$15,$-15,$-1,$-3,$1,$-17,$22,$-3,$0,$0,$0,$0,$0,$0,$-3,$0,$0,$0,$-3,$-3,$-19,$0,$-22,$-4,$4,$-19
13,2015-04-30,25.14,$24.82,1.01,$18.23,1.38,$0.75,33.31,$1.56,16.12,$0.30B,$0.07B,4.6,$0.00B,$0.40B,0.0,$0.32B,$0.14B,45.14%,$0.32B,$0.04B,11.91%,$0.32B,$0.04B,11.91%,$0.32B,$0.05B,15.67%,$0.32B,$0.04B,11.91%,$0.32B,$0.03B,8.15%,$0.03B,$0.40B,6.51%,$0.03B,$0.24B,10.91%,$0.03B,$0.47B,5.51%,$0.04B,$0.40B,9.51%,$72,$39,$32,$9,$15,$64,$7,$0,$7,$2,$5,$5,$5,$10,$7,$16,16,$0.31,$0.30,$142,$68,$0,$298,$16,$0,$159,$1,$176,$474,$65,$0,$6,$9,$74,$3,$412,$0,$400,$474,$18,$10,$3,$12,$-13,$-7,$-4,$4,$-22,$8,$-3,$0,$0,$0,$0,$0,$0,$-3,$0,$0,$0,$-3,$-3,$-15,$0,$-17,$-12,$4,$-15
14,2015-01-31,28.47,$24.78,1.15,$17.94,1.59,$0.75,38.16,$1.58,18.02,$0.29B,$0.06B,4.97,$0.00B,$0.40B,0.0,$0.34B,$0.15B,44.64%,$0.34B,$0.04B,12.50%,$0.34B,$0.04B,12.50%,$0.34B,$0.05B,16.07%,$0.34B,$0.04B,11.90%,$0.34B,$0.03B,8.04%,$0.03B,$0.40B,6.92%,$0.03B,$0.24B,11.87%,$0.03B,$0.47B,5.27%,$0.04B,$0.40B,10.76%,$82,$44,$38,$10,$16,$71,$11,$0,$11,$3,$8,$8,$8,$14,$11,$16,17,$0.47,$0.46,$135,$67,$0,$293,$17,$0,$160,$1,$179,$471,$59,$0,$6,$10,$69,$3,$412,$0,$402,$471,$13,$6,$2,$8,$-14,$-6,$-1,$-4,$-29,$-8,$-2,$0,$0,$0,$0,$0,$0,$-2,$0,$0,$0,$1,$1,$-10,$0,$-9,$-19,$2,$-10
15,2014-10-31,32.5,$24.59,1.32,$16.79,1.94,$1.23,26.53,$1.44,22.57,$0.29B,$0.06B,4.79,$0.00B,$0.40B,0.0,$0.34B,$0.15B,43.95%,$0.34B,$0.04B,12.39%,$0.34B,$0.04B,12.39%,$0.34B,$0.05B,15.93%,$0.34B,$0.04B,11.21%,$0.34B,$0.03B,7.37%,$0.03B,$0.40B,6.50%,$0.03B,$0.24B,11.35%,$0.03B,$0.47B,4.48%,$0.04B,$0.40B,10.92%,$76,$41,$35,$10,$16,$68,$8,$-0,$8,$3,$5,$5,$5,$11,$8,$16,17,$0.32,$0.32,$145,$66,$0,$289,$18,$0,$162,$1,$181,$469,$60,$0,$6,$10,$71,$3,$410,$0,$399,$469,$5,$3,$1,$4,$-7,$-5,$-1,$-0,$-14,$-5,$-1,$0,$0,$0,$0,$0,$0,$-1,$0,$0,$0,$0,$0,$-5,$0,$-5,$-10,$1,$-5
16,2014-07-31,28.61,$24.56,1.16,$15.84,1.81,$1.46,19.65,$1.40,20.44,$0.29B,$0.07B,4.39,$0.00B,$0.40B,0.0,$0.35B,$0.15B,43.35%,$0.35B,$0.04B,12.72%,$0.35B,$0.04B,12.72%,$0.35B,$0.06B,16.18%,$0.35B,$0.04B,10.98%,$0.35B,$0.03B,7.23%,$0.03B,$0.40B,6.49%,$0.03B,$0.23B,11.42%,$0.03B,$0.47B,4.09%,$0.04B,$0.40B,11.42%,$89,$50,$39,$8,$17,$77,$12,$-0,$12,$4,$8,$8,$8,$15,$12,$16,21,$0.50,$0.45,$155,$61,$0,$291,$19,$0,$164,$1,$183,$474,$66,$0,$7,$11,$77,$3,$409,$0,$397,$474,$25,$13,$4,$17,$-5,$4,$1,$-5,$-8,$35,$-5,$0,$0,$0,$0,$0,$0,$-5,$-150,$0,$-150,$-64,$-64,$-19,$1,$-232,$-202,$4,$-19
17,2014-04-30,26.4,$24.11,1.1,$15.22,1.73,$1.44,18.33,$1.20,22.0,$0.45B,$0.26B,1.7,$0.00B,$0.36B,0.0,$0.34B,$0.15B,42.82%,$0.34B,$0.04B,12.32%,$0.34B,$0.04B,12.32%,$0.34B,$0.05B,15.84%,$0.34B,$0.03B,9.97%,$0.34B,$0.02B,6.45%,$0.02B,$0.36B,5.68%,$0.02B,$0.20B,10.03%,$0.02B,$0.63B,3.32%,$0.04B,$0.36B,10.85%,$89,$51,$38,$9,$17,$78,$11,$-2,$9,$3,$6,$6,$6,$14,$11,$15,22,$0.39,$0.32,$295,$68,$0,$448,$20,$0,$165,$1,$186,$634,$263,$0,$7,$8,$271,$3,$407,$0,$363,$634,$17,$10,$1,$11,$-15,$-3,$-2,$2,$-17,$11,$-5,$0,$0,$0,$0,$0,$0,$-5,$0,$0,$0,$-54,$-54,$-14,$-0,$-68,$-62,$3,$-14
18,2014-01-31,25.29,$24.29,1.04,$15.29,1.65,$1.85,13.68,$1.05,24.09,$0.47B,$0.27B,1.75,$0.00B,$0.38B,0.0,$0.32B,$0.14B,43.17%,$0.32B,$0.04B,11.18%,$0.32B,$0.04B,11.18%,$0.32B,$0.05B,15.22%,$0.32B,$0.03B,9.01%,$0.32B,$0.02B,5.90%,$0.02B,$0.38B,4.78%,$0.02B,$0.21B,8.33%,$0.02B,$0.66B,2.82%,$0.04B,$0.38B,8.05%,$85,$48,$37,$8,$16,$74,$11,$-2,$9,$3,$6,$6,$6,$14,$11,$16,22,$0.37,$0.32,$318,$70,$0,$467,$20,$0,$167,$1,$188,$655,$266,$0,$7,$9,$275,$3,$405,$0,$380,$655,$11,$7,$1,$7,$-7,$-4,$0,$-4,$-19,$0,$-3,$0,$0,$0,$0,$0,$0,$-3,$0,$0,$0,$-26,$-26,$-9,$-0,$-35,$-39,$2,$-9
19,2013-10-31,24.73,$24.50,1.01,$15.77,1.57,$2.51,9.85,$0.87,28.42,$0.49B,$0.27B,1.81,$0.00B,$0.40B,0.0,$0.31B,$0.13B,42.95%,$0.31B,$0.03B,9.94%,$0.31B,$0.03B,9.94%,$0.31B,$0.05B,14.42%,$0.31B,$0.02B,7.69%,$0.31B,$0.02B,4.81%,$0.02B,$0.40B,3.69%,$0.02B,$0.23B,6.35%,$0.02B,$0.68B,2.20%,$0.03B,$0.40B,6.11%,$83,$47,$36,$8,$16,$73,$10,$-2,$8,$3,$5,$5,$5,$13,$10,$16,23,$0.32,$0.28,$347,$69,$0,$493,$20,$0,$168,$1,$190,$683,$272,$0,$7,$10,$282,$3,$404,$0,$401,$683,$5,$3,$0,$3,$-12,$-3,$-1,$7,$-10,$-1,$-1,$0,$0,$0,$0,$0,$0,$-1,$0,$0,$0,$-3,$-3,$-5,$-0,$-8,$-10,$1,$-5
20,2013-07-31,22.08,$24.55,0.9,$15.98,1.38,$3.07,7.19,$0.95,23.25,$0.49B,$0.27B,1.82,$0.00B,$0.40B,0.0,$0.32B,$0.14B,43.75%,$0.32B,$0.03B,10.63%,$0.32B,$0.03B,10.63%,$0.32B,$0.05B,15.31%,$0.32B,$0.03B,8.75%,$0.32B,$0.02B,5.31%,$0.02B,$0.40B,4.10%,$0.02B,$0.23B,7.02%,$0.02B,$0.68B,2.47%,$0.03B,$0.40B,6.03%,$84,$49,$35,$8,$16,$75,$10,$-2,$8,$3,$5,$5,$5,$13,$10,$17,23,$0.31,$0.30,$357,$65,$0,$490,$20,$0,$170,$1,$192,$682,$269,$0,$7,$9,$278,$3,$403,$0,$404,$682,$18,$14,$2,$16,$7,$7,$-3,$1,$4,$38,$-5,$0,$0,$0,$0,$0,$0,$-5,$0,$0,$0,$-25,$-25,$-19,$0,$-44,$-11,$3,$-19
21,2013-04-30,19.87,$24.51,0.81,$16.66,1.19,$3.48,5.71,$1.05,18.93,$0.48B,$0.06B,7.55,$0.20B,$0.40B,0.5,$0.35B,$0.15B,44.13%,$0.35B,$0.04B,10.89%,$0.35B,$0.04B,10.89%,$0.35B,$0.06B,15.76%,$0.35B,$0.03B,9.17%,$0.35B,$0.02B,5.73%,$0.02B,$0.40B,4.76%,$0.02B,$0.23B,8.10%,$0.02B,$0.68B,2.87%,$0.04B,$0.60B,6.12%,$70,$38,$31,$9,$15,$64,$5,$-2,$4,$1,$3,$3,$3,$9,$5,$17,17,$0.17,$0.17,$342,$71,$0,$482,$21,$0,$171,$1,$195,$676,$64,$200,$7,$208,$272,$3,$403,$0,$404,$676,$13,$11,$1,$11,$9,$1,$-9,$1,$-8,$16,$-4,$0,$0,$0,$0,$0,$0,$-4,$0,$0,$0,$-23,$-23,$-14,$-0,$-37,$-26,$2,$-14
22,2013-01-31,21.14,$24.60,0.86,$16.51,1.28,$3.30,6.41,$1.17,18.07,$0.49B,$0.06B,8.57,$0.20B,$0.42B,0.48,$0.38B,$0.17B,43.54%,$0.38B,$0.04B,11.61%,$0.38B,$0.04B,11.61%,$0.38B,$0.06B,16.09%,$0.38B,$0.04B,9.76%,$0.38B,$0.02B,6.07%,$0.02B,$0.42B,5.31%,$0.02B,$0.25B,8.91%,$0.02B,$0.69B,3.22%,$0.04B,$0.62B,6.95%,$75,$42,$32,$9,$15,$69,$6,$-2,$4,$2,$2,$2,$2,$10,$6,$17,17,$0.14,$0.14,$353,$70,$0,$488,$21,$0,$173,$1,$197,$685,$57,$200,$7,$209,$266,$3,$404,$0,$419,$685,$10,$7,$-0,$7,$14,$2,$-7,$-4,$-6,$11,$-2,$0,$0,$0,$0,$0,$0,$-2,$0,$0,$0,$-10,$-10,$-14,$-0,$-24,$-15,$2,$-14
23,2012-10-31,19.87,$24.75,0.8,$16.03,1.24,$3.11,6.38,$1.30,15.28,$0.51B,$0.07B,7.55,$0.20B,$0.43B,0.47,$0.40B,$0.17B,43.18%,$0.40B,$0.05B,12.16%,$0.40B,$0.05B,12.16%,$0.40B,$0.07B,16.38%,$0.40B,$0.04B,10.42%,$0.40B,$0.03B,6.70%,$0.03B,$0.43B,6.01%,$0.03B,$0.26B,9.90%,$0.03B,$0.71B,3.68%,$0.05B,$0.63B,7.55%,$91,$49,$42,$10,$17,$78,$13,$-2,$12,$4,$7,$7,$7,$17,$13,$17,23,$0.43,$0.36,$375,$69,$0,$506,$22,$0,$175,$1,$200,$706,$67,$200,$6,$208,$275,$3,$407,$0,$430,$706,$7,$4,$-0,$4,$9,$4,$-7,$-0,$1,$12,$-1,$0,$0,$0,$0,$0,$0,$-1,$0,$0,$0,$1,$1,$-5,$-0,$-4,$7,$1,$-5
24,2012-07-31,21.34,$24.72,0.86,$16.04,1.33,$2.58,8.28,$1.41,15.14,$0.52B,$0.08B,6.25,$0.20B,$0.43B,0.47,$0.43B,$0.18B,43.06%,$0.43B,$0.05B,12.24%,$0.43B,$0.05B,12.24%,$0.43B,$0.07B,16.24%,$0.43B,$0.04B,10.35%,$0.43B,$0.03B,7.76%,$0.03B,$0.43B,6.86%,$0.03B,$0.25B,10.90%,$0.03B,$0.72B,4.28%,$0.05B,$0.63B,7.64%,$113,$64,$49,$10,$23,$98,$14,$-2,$12,$4,$8,$8,$8,$19,$14,$20,26,$0.47,$0.39,$368,$72,$0,$517,$23,$0,$176,$1,$203,$720,$83,$200,$8,$208,$290,$3,$404,$0,$429,$720,$32,$17,$-0,$17,$14,$-1,$-3,$6,$4,$53,$-6,$0,$0,$0,$0,$0,$0,$-6,$0,$0,$0,$-215,$-215,$-23,$-0,$-238,$-191,$4,$-23
25,2012-04-30,23.92,$24.77,0.97,$16.00,1.49,$3.53,6.78,$1.45,16.5,$0.54B,$0.08B,6.58,$0.20B,$0.45B,0.44,$0.45B,$0.19B,42.70%,$0.45B,$0.06B,13.05%,$0.45B,$0.06B,13.05%,$0.45B,$0.08B,16.81%,$0.45B,$0.05B,11.28%,$0.45B,$0.04B,8.19%,$0.04B,$0.45B,6.97%,$0.04B,$0.28B,10.54%,$0.04B,$0.75B,4.48%,$0.06B,$0.65B,8.07%,$100,$58,$42,$9,$20,$89,$11,$-2,$9,$3,$6,$6,$6,$15,$11,$19,25,$0.32,$0.29,$368,$77,$0,$541,$24,$0,$178,$1,$206,$746,$82,$200,$9,$210,$292,$3,$401,$0,$454,$746,$24,$12,$-1,$11,$-2,$-5,$-5,$8,$-19,$17,$-4,$0,$0,$0,$0,$0,$0,$-4,$0,$0,$0,$-186,$-186,$-18,$-0,$-204,$-191,$3,$-18
26,2012-01-31,23.67,$25.09,0.94,$16.04,1.48,$5.00,4.73,$1.63,14.52,$0.56B,$0.07B,7.95,$0.20B,$0.48B,0.41,$0.48B,$0.21B,43.06%,$0.48B,$0.07B,14.49%,$0.48B,$0.07B,14.49%,$0.48B,$0.09B,18.43%,$0.48B,$0.06B,12.84%,$0.48B,$0.05B,9.32%,$0.05B,$0.48B,7.68%,$0.05B,$0.31B,11.14%,$0.05B,$0.77B,5.09%,$0.07B,$0.68B,8.91%,$99,$58,$41,$9,$20,$88,$11,$-2,$9,$3,$6,$6,$6,$15,$11,$20,26,$0.29,$0.27,$400,$75,$0,$557,$25,$0,$179,$1,$208,$765,$70,$200,$10,$211,$281,$3,$400,$0,$484,$765,$18,$8,$1,$9,$10,$-3,$-5,$-3,$-16,$11,$-3,$0,$0,$0,$0,$0,$0,$-3,$0,$0,$0,$-155,$-155,$-12,$-0,$-167,$-159,$2,$-12
27,2011-10-31,25.17,$25.76,0.98,$17.18,1.47,$5.91,4.26,$1.88,13.39,$0.64B,$0.09B,7.58,$0.20B,$0.56B,0.36,$0.55B,$0.23B,41.68%,$0.55B,$0.08B,15.36%,$0.55B,$0.08B,15.36%,$0.55B,$0.11B,19.20%,$0.55B,$0.08B,14.08%,$0.55B,$0.06B,10.05%,$0.06B,$0.56B,8.64%,$0.06B,$0.38B,12.15%,$0.06B,$0.85B,5.84%,$0.08B,$0.76B,10.04%,$113,$62,$51,$10,$24,$98,$16,$-2,$14,$2,$13,$13,$13,$20,$16,$23,29,$0.54,$0.47,$474,$75,$0,$642,$26,$0,$181,$1,$212,$853,$85,$200,$9,$212,$297,$3,$400,$0,$557,$853,$13,$4,$1,$5,$-4,$-3,$-5,$0,$-18,$-1,$-1,$0,$0,$0,$0,$0,$0,$-1,$0,$0,$0,$-76,$-76,$-6,$-0,$-82,$-84,$1,$-6
28,2011-07-31,20.31,$25.97,0.78,$18.56,1.09,$6.50,3.12,$2.20,9.23,$0.72B,$0.10B,7.53,$0.20B,$0.63B,0.32,$0.61B,$0.24B,39.38%,$0.61B,$0.11B,17.65%,$0.61B,$0.11B,17.65%,$0.61B,$0.13B,21.24%,$0.61B,$0.10B,16.67%,$0.61B,$0.07B,11.11%,$0.07B,$0.63B,10.11%,$0.07B,$0.45B,13.97%,$0.07B,$0.94B,6.89%,$0.11B,$0.83B,12.37%,$140,$81,$59,$12,$24,$120,$21,$-2,$19,$7,$12,$12,$12,$26,$21,$27,33,$0.49,$0.44,$559,$75,$0,$723,$27,$0,$183,$1,$214,$938,$96,$200,$10,$212,$308,$3,$393,$0,$629,$938,$68,$22,$8,$30,$65,$-1,$-54,$1,$-0,$97,$-7,$-0,$-3,$0,$0,$0,$0,$-10,$0,$0,$0,$-116,$-116,$-20,$-0,$-136,$-49,$5,$-20
29,2011-04-30,21.14,$25.84,0.82,$21.80,0.97,$7.17,2.95,$2.21,9.57,$0.76B,$0.09B,8.43,$0.20B,$0.67B,0.3,$0.73B,$0.27B,36.35%,$0.73B,$0.11B,15.50%,$0.73B,$0.11B,15.50%,$0.73B,$0.15B,20.30%,$0.73B,$0.11B,14.68%,$0.73B,$0.07B,9.47%,$0.07B,$0.67B,9.99%,$0.07B,$0.49B,13.68%,$0.07B,$0.98B,6.77%,$0.11B,$0.87B,12.68%,$131,$74,$57,$10,$23,$109,$22,$-2,$20,$6,$14,$14,$14,$28,$22,$27,32,$0.54,$0.47,$589,$81,$0,$761,$28,$0,$185,$1,$218,$980,$90,$200,$11,$215,$306,$3,$387,$0,$674,$980,$56,$16,$7,$23,$65,$-8,$-60,$7,$-10,$69,$-5,$-0,$-3,$0,$0,$0,$0,$-8,$0,$0,$0,$-66,$-66,$-14,$-0,$-80,$-19,$4,$-14
30,2011-01-31,20.77,$25.61,0.81,$24.10,0.86,$7.49,2.77,$2.41,8.62,$0.78B,$0.10B,7.93,$0.20B,$0.69B,0.29,$0.81B,$0.28B,34.77%,$0.81B,$0.13B,15.60%,$0.81B,$0.13B,15.60%,$0.81B,$0.16B,19.78%,$0.81B,$0.12B,14.86%,$0.81B,$0.08B,9.46%,$0.08B,$0.69B,11.10%,$0.08B,$0.50B,15.30%,$0.08B,$1.00B,7.50%,$0.13B,$0.89B,14.21%,$163,$102,$61,$10,$23,$138,$25,$-1,$24,$8,$16,$16,$16,$31,$25,$27,33,$0.59,$0.52,$593,$80,$0,$775,$30,$0,$187,$1,$223,$999,$98,$200,$11,$215,$312,$3,$380,$0,$686,$999,$42,$11,$4,$15,$55,$-6,$-54,$9,$-12,$44,$-3,$-0,$-3,$0,$0,$0,$0,$-6,$0,$0,$0,$-45,$-45,$-7,$-0,$-53,$-14,$3,$-7
31,2010-10-31,22.6,$25.36,0.89,$24.18,0.93,$6.98,3.24,$2.40,9.42,$0.80B,$0.11B,7.07,$0.20B,$0.70B,0.29,$0.82B,$0.29B,34.79%,$0.82B,$0.13B,15.69%,$0.82B,$0.13B,15.69%,$0.82B,$0.16B,19.71%,$0.82B,$0.12B,14.96%,$0.82B,$0.08B,9.37%,$0.08B,$0.70B,11.20%,$0.08B,$0.51B,15.61%,$0.08B,$1.03B,7.55%,$0.13B,$0.90B,14.54%,$178,$114,$64,$11,$24,$138,$40,$-1,$39,$13,$26,$26,$26,$45,$40,$28,34,$0.91,$0.79,$603,$85,$0,$800,$33,$0,$189,$2,$229,$1029,$113,$200,$11,$214,$327,$3,$370,$0,$702,$1029,$26,$5,$2,$7,$45,$-11,$-49,$8,$-14,$19,$-2,$0,$-2,$0,$0,$0,$0,$-4,$0,$0,$0,$-19,$-19,$0,$-1,$-20,$-5,$2,$0
32,2010-07-31,15.69,$24.76,0.63,$22.84,0.69,$6.81,2.3,$1.91,8.22,$0.84B,$0.15B,5.45,$0.20B,$0.70B,0.29,$0.78B,$0.27B,34.96%,$0.78B,$0.10B,13.37%,$0.78B,$0.10B,13.37%,$0.78B,$0.14B,17.61%,$0.78B,$0.10B,12.47%,$0.78B,$0.06B,7.71%,$0.06B,$0.70B,8.93%,$0.06B,$0.52B,12.64%,$0.06B,$1.07B,5.99%,$0.10B,$0.90B,11.93%,$257,$174,$83,$12,$30,$231,$26,$-1,$24,$11,$13,$13,$13,$44,$26,$28,34,$0.47,$0.43,$608,$74,$0,$841,$34,$0,$185,$2,$226,$1067,$154,$200,$8,$211,$365,$3,$351,$0,$702,$1067,$61,$32,$3,$35,$-57,$20,$59,$-3,$29,$125,$-7,$-0,$0,$0,$0,$0,$2,$-5,$0,$0,$0,$3,$3,$0,$0,$3,$122,$9,$0
33,2010-04-30,22.73,$24.19,0.94,$19.39,1.17,$5.89,3.86,$1.69,13.45,$0.78B,$0.11B,6.84,$0.20B,$0.69B,0.29,$0.64B,$0.24B,36.70%,$0.64B,$0.09B,13.84%,$0.64B,$0.09B,13.84%,$0.64B,$0.11B,16.95%,$0.64B,$0.08B,12.75%,$0.64B,$0.05B,8.24%,$0.05B,$0.69B,8.11%,$0.05B,$0.49B,11.73%,$0.05B,$1.01B,5.46%,$0.09B,$0.89B,10.42%,$216,$142,$75,$11,$26,$180,$36,$-2,$34,$13,$22,$22,$22,$41,$36,$28,34,$0.77,$0.67,$568,$75,$0,$775,$34,$0,$199,$1,$239,$1014,$113,$200,$8,$216,$329,$3,$338,$0,$685,$1014,$47,$14,$6,$20,$-28,$18,$25,$-4,$15,$83,$-4,$-0,$0,$0,$0,$0,$2,$-2,$0,$0,$0,$2,$2,$0,$0,$3,$83,$6,$0
34,2010-01-31,25.72,$23.34,1.1,$17.62,1.46,$4.99,5.15,$1.31,19.64,$0.73B,$0.09B,7.72,$0.20B,$0.66B,0.3,$0.56B,$0.21B,37.59%,$0.56B,$0.06B,11.51%,$0.56B,$0.06B,11.51%,$0.56B,$0.08B,14.57%,$0.56B,$0.06B,10.61%,$0.56B,$0.04B,7.01%,$0.04B,$0.66B,6.12%,$0.04B,$0.46B,8.98%,$0.04B,$0.97B,4.34%,$0.06B,$0.86B,8.13%,$171,$108,$64,$11,$23,$144,$27,$-2,$26,$9,$16,$16,$16,$32,$27,$28,34,$0.58,$0.51,$514,$90,$0,$727,$35,$0,$201,$1,$243,$970,$94,$200,$8,$216,$310,$3,$316,$0,$660,$970,$25,$9,$3,$12,$-21,$3,$14,$-3,$-10,$28,$-3,$-0,$0,$0,$0,$0,$2,$-1,$0,$0,$0,$2,$2,$0,$0,$2,$29,$3,$0
35,2009-10-31,23.37,$22.70,1.03,$17.63,1.33,$4.84,4.83,$1.26,18.54,$0.71B,$0.10B,7.16,$0.20B,$0.64B,0.31,$0.53B,$0.20B,38.56%,$0.53B,$0.06B,10.59%,$0.53B,$0.06B,10.59%,$0.53B,$0.08B,14.18%,$0.53B,$0.05B,9.64%,$0.53B,$0.04B,6.62%,$0.04B,$0.64B,5.87%,$0.04B,$0.44B,8.94%,$0.04B,$0.96B,4.19%,$0.06B,$0.84B,7.75%,$134,$84,$50,$11,$22,$119,$15,$-2,$13,$4,$9,$9,$9,$20,$15,$28,34,$0.32,$0.30,$500,$95,$0,$712,$36,$0,$203,$1,$246,$958,$99,$200,$8,$217,$316,$3,$300,$0,$641,$958,$9,$5,$1,$6,$-13,$-1,$5,$2,$-2,$13,$-1,$0,$0,$0,$0,$0,$2,$0,$0,$0,$0,$1,$1,$0,$0,$1,$15,$2,$0
36,2009-07-31,23.18,$22.33,1.04,$20.42,1.14,$4.42,5.24,$1.76,13.17,$0.69B,$0.09B,7.45,$0.20B,$0.63B,0.32,$0.59B,$0.24B,41.06%,$0.59B,$0.08B,13.12%,$0.59B,$0.08B,13.12%,$0.59B,$0.10B,17.72%,$0.59B,$0.07B,12.44%,$0.59B,$0.05B,8.18%,$0.05B,$0.63B,8.65%,$0.05B,$0.43B,13.75%,$0.05B,$0.94B,6.20%,$0.08B,$0.83B,11.72%,$122,$75,$47,$12,$22,$111,$11,$-1,$9,$3,$6,$6,$6,$16,$11,$26,30,$0.17,$0.20,$485,$96,$0,$689,$38,$0,$205,$1,$250,$939,$93,$200,$7,$217,$310,$3,$291,$0,$629,$939,$48,$28,$9,$36,$13,$19,$-18,$-5,$5,$89,$-13,$-0,$-205,$0,$0,$0,$0,$-219,$195,$0,$195,$10,$10,$0,$2,$206,$75,$10,$0
37,2009-04-30,24.35,$22.04,1.1,$20.80,1.17,$4.16,5.85,$2.16,11.27,$0.48B,$0.09B,5.59,$0.00B,$0.62B,0.0,$0.59B,$0.25B,42.64%,$0.59B,$0.09B,15.40%,$0.59B,$0.09B,15.40%,$0.59B,$0.12B,19.46%,$0.59B,$0.09B,14.55%,$0.59B,$0.06B,9.48%,$0.06B,$0.62B,11.02%,$0.06B,$0.42B,16.21%,$0.06B,$0.73B,7.97%,$0.09B,$0.62B,15.50%,$129,$81,$48,$11,$23,$117,$11,$-1,$11,$3,$8,$8,$8,$13,$11,$28,28,$0.27,$0.27,$255,$102,$0,$481,$39,$0,$205,$1,$244,$725,$86,$0,$6,$18,$104,$3,$298,$0,$620,$725,$41,$22,$7,$29,$4,$13,$-17,$-9,$-20,$50,$-10,$-0,$-205,$0,$0,$0,$0,$-216,$-0,$0,$-0,$9,$9,$0,$3,$11,$-155,$7,$0
38,2009-01-31,28.23,$19.93,1.42,$21.12,1.34,$3.20,8.81,$2.57,10.98,$0.47B,$0.09B,5.24,$0.11B,$0.49B,0.21,$0.60B,$0.27B,44.17%,$0.60B,$0.11B,18.00%,$0.60B,$0.11B,18.00%,$0.60B,$0.13B,22.17%,$0.60B,$0.11B,17.50%,$0.60B,$0.07B,11.17%,$0.07B,$0.49B,14.62%,$0.07B,$0.29B,19.76%,$0.07B,$0.72B,9.89%,$0.11B,$0.60B,19.17%,$144,$84,$59,$13,$26,$125,$19,$-1,$18,$6,$12,$12,$12,$26,$19,$25,29,$0.49,$0.46,$232,$112,$0,$469,$39,$0,$207,$1,$248,$717,$89,$105,$6,$133,$223,$3,$289,$0,$494,$717,$34,$20,$1,$21,$-4,$3,$-15,$-4,$-31,$24,$-8,$-0,$-205,$0,$0,$0,$0,$-213,$-0,$0,$-0,$9,$9,$0,$2,$11,$-178,$5,$0
39,2008-10-31,35.22,$19.25,1.83,$21.46,1.64,$2.37,14.89,$3.02,11.66,$0.47B,$0.11B,4.42,$0.11B,$0.48B,0.22,$0.61B,$0.27B,44.74%,$0.61B,$0.12B,20.39%,$0.61B,$0.12B,20.39%,$0.61B,$0.15B,23.85%,$0.61B,$0.13B,20.72%,$0.61B,$0.08B,13.16%,$0.08B,$0.48B,18.43%,$0.08B,$0.27B,22.28%,$0.08B,$0.72B,12.29%,$0.12B,$0.58B,23.01%,$192,$105,$87,$14,$29,$156,$36,$-1,$35,$14,$22,$22,$22,$49,$36,$25,29,$0.88,$0.80,$211,$115,$0,$465,$39,$0,$209,$1,$250,$715,$105,$105,$6,$134,$239,$2,$277,$0,$476,$715,$22,$13,$2,$14,$-21,$1,$-4,$-5,$-33,$3,$-5,$0,$-205,$0,$0,$0,$0,$-210,$-0,$0,$-0,$7,$7,$0,$1,$8,$-199,$2,$0
40,2008-07-31,35.74,$18.16,1.97,$18.82,1.9,$1.97,18.11,$2.76,12.95,$0.58B,$0.10B,5.97,$0.11B,$0.44B,0.24,$0.53B,$0.24B,44.26%,$0.53B,$0.11B,20.15%,$0.53B,$0.11B,20.15%,$0.53B,$0.12B,22.03%,$0.53B,$0.11B,21.28%,$0.53B,$0.07B,13.75%,$0.07B,$0.44B,17.95%,$0.07B,$0.41B,19.41%,$0.07B,$0.65B,11.85%,$0.11B,$0.55B,20.91%,$126,$69,$58,$10,$22,$102,$25,$-3,$22,$8,$14,$14,$14,$27,$25,$24,28,$0.58,$0.61,$410,$86,$0,$582,$34,$0,$32,$4,$71,$653,$98,$105,$2,$113,$210,$2,$254,$0,$443,$653,$74,$11,$10,$20,$3,$-23,$5,$-5,$-16,$78,$-14,$-0,$-6,$0,$0,$0,$0,$-20,$-0,$0,$-0,$8,$8,$0,$2,$10,$67,$11,$0
41,2008-04-30,28.17,$17.31,1.63,$18.61,1.51,$2.52,11.2,$2.78,10.13,$0.56B,$0.10B,5.81,$0.11B,$0.42B,0.25,$0.52B,$0.23B,43.79%,$0.52B,$0.10B,19.89%,$0.52B,$0.10B,19.89%,$0.52B,$0.12B,21.99%,$0.52B,$0.12B,22.37%,$0.52B,$0.08B,14.53%,$0.08B,$0.42B,19.87%,$0.08B,$0.39B,21.58%,$0.08B,$0.62B,12.84%,$0.10B,$0.53B,21.33%,$138,$78,$61,$10,$22,$110,$28,$2,$30,$11,$19,$19,$19,$31,$28,$24,28,$0.80,$0.70,$361,$81,$0,$560,$32,$0,$30,$1,$64,$624,$96,$105,$2,$108,$204,$2,$237,$0,$420,$624,$59,$8,$-2,$7,$-24,$-19,$-0,$-5,$-44,$22,$-10,$-0,$-0,$0,$0,$0,$0,$-10,$-0,$0,$-0,$5,$5,$0,$2,$6,$18,$8,$0
42,2008-01-31,32.59,$16.40,1.99,$18.05,1.81,$4.17,7.81,$2.79,11.68,$0.55B,$0.10B,5.58,$0.11B,$0.40B,0.26,$0.50B,$0.22B,43.65%,$0.50B,$0.10B,19.84%,$0.50B,$0.10B,19.84%,$0.50B,$0.11B,22.02%,$0.50B,$0.11B,22.62%,$0.50B,$0.08B,15.08%,$0.08B,$0.40B,21.36%,$0.08B,$0.37B,23.35%,$0.08B,$0.61B,13.45%,$0.10B,$0.50B,21.69%,$152,$86,$66,$9,$21,$117,$35,$3,$39,$13,$25,$25,$25,$38,$35,$24,28,$1.06,$0.91,$341,$78,$0,$548,$31,$0,$30,$0,$64,$611,$98,$105,$3,$116,$214,$2,$218,$0,$397,$611,$40,$5,$4,$9,$-39,$-16,$2,$3,$-50,$-1,$-6,$-0,$-0,$0,$0,$0,$0,$-7,$-0,$0,$-0,$4,$4,$0,$2,$6,$-2,$5,$0
43,2007-10-31,39.46,$15.27,2.58,$16.73,2.36,$4.88,8.08,$2.56,15.42,$0.51B,$0.09B,5.46,$0.11B,$0.37B,0.29,$0.46B,$0.20B,44.06%,$0.46B,$0.09B,19.01%,$0.46B,$0.09B,19.01%,$0.46B,$0.10B,21.38%,$0.46B,$0.10B,21.81%,$0.46B,$0.07B,14.90%,$0.07B,$0.37B,20.94%,$0.07B,$0.34B,23.08%,$0.07B,$0.58B,12.95%,$0.09B,$0.47B,20.24%,$115,$65,$50,$11,$20,$96,$19,$4,$22,$8,$15,$15,$15,$21,$19,$24,28,$0.61,$0.54,$333,$72,$0,$514,$30,$0,$31,$0,$63,$577,$94,$105,$3,$116,$210,$2,$193,$0,$367,$577,$15,$3,$2,$5,$-16,$-10,$2,$-3,$-29,$-10,$-3,$-0,$-0,$0,$0,$0,$0,$-4,$-0,$0,$-0,$3,$3,$0,$1,$4,$-10,$3,$0
44,2007-07-31,31.62,$14.53,2.18,$16.20,1.95,$5.11,6.19,$2.43,13.01,$0.50B,$0.10B,5.07,$0.11B,$0.35B,0.3,$0.45B,$0.19B,43.37%,$0.45B,$0.08B,18.88%,$0.45B,$0.08B,18.88%,$0.45B,$0.10B,21.57%,$0.45B,$0.10B,21.57%,$0.45B,$0.07B,14.61%,$0.07B,$0.35B,21.31%,$0.07B,$0.32B,23.68%,$0.07B,$0.56B,12.90%,$0.08B,$0.45B,20.46%,$118,$65,$52,$10,$20,$95,$22,$4,$26,$9,$17,$17,$17,$25,$22,$23,28,$0.72,$0.62,$343,$62,$0,$495,$29,$0,$30,$0,$62,$556,$98,$105,$0,$113,$211,$2,$178,$0,$346,$556,$65,$10,$-0,$10,$-3,$-0,$-2,$8,$14,$89,$-12,$-0,$-4,$0,$0,$0,$0,$-16,$-0,$0,$-0,$10,$10,$0,$8,$18,$91,$7,$0
45,2007-04-30,27.53,$13.52,2.04,$15.60,1.77,$3.48,7.91,$2.25,12.24,$0.46B,$0.09B,5.03,$0.11B,$0.31B,0.34,$0.43B,$0.19B,43.33%,$0.43B,$0.08B,18.27%,$0.43B,$0.08B,18.27%,$0.43B,$0.09B,21.08%,$0.43B,$0.09B,20.84%,$0.43B,$0.06B,14.05%,$0.06B,$0.31B,21.28%,$0.06B,$0.28B,23.83%,$0.06B,$0.52B,12.53%,$0.08B,$0.42B,20.13%,$119,$68,$52,$8,$19,$95,$24,$3,$27,$8,$19,$19,$19,$27,$24,$23,28,$0.83,$0.71,$311,$64,$0,$456,$27,$0,$31,$0,$60,$516,$91,$105,$0,$112,$202,$2,$161,$0,$313,$516,$48,$8,$2,$10,$6,$-3,$-9,$9,$7,$65,$-8,$0,$-4,$0,$0,$0,$0,$-12,$-0,$0,$-0,$4,$4,$0,$2,$6,$59,$5,$0
46,2007-01-31,26.19,$12.61,2.08,$14.53,1.8,$1.45,18.11,$1.87,14.0,$0.42B,$0.08B,5.38,$0.11B,$0.29B,0.36,$0.40B,$0.17B,42.07%,$0.40B,$0.07B,16.62%,$0.40B,$0.07B,16.62%,$0.40B,$0.08B,19.40%,$0.40B,$0.08B,19.14%,$0.40B,$0.05B,12.59%,$0.05B,$0.29B,18.98%,$0.05B,$0.26B,21.44%,$0.05B,$0.48B,10.92%,$0.07B,$0.40B,17.90%,$111,$62,$50,$8,$18,$88,$23,$3,$26,$8,$18,$18,$18,$26,$23,$23,27,$0.79,$0.68,$266,$74,$0,$423,$26,$0,$31,$0,$59,$482,$78,$105,$0,$112,$190,$2,$142,$0,$292,$482,$29,$5,$1,$6,$1,$-12,$-9,$3,$-18,$17,$-5,$0,$-3,$0,$0,$0,$0,$-7,$-0,$0,$-0,$3,$3,$0,$2,$5,$15,$3,$0
47,2006-10-31,25.93,$11.68,2.22,$13.97,1.86,$1.06,24.49,$1.69,15.35,$0.40B,$0.08B,4.98,$0.11B,$0.27B,0.39,$0.38B,$0.16B,41.36%,$0.38B,$0.06B,16.23%,$0.38B,$0.06B,16.23%,$0.38B,$0.07B,18.85%,$0.38B,$0.07B,18.32%,$0.38B,$0.05B,11.78%,$0.05B,$0.27B,18.20%,$0.05B,$0.24B,20.71%,$0.05B,$0.46B,10.19%,$0.06B,$0.38B,17.59%,$97,$58,$39,$7,$17,$82,$15,$2,$17,$7,$11,$11,$11,$18,$15,$23,27,$0.47,$0.41,$247,$72,$0,$402,$26,$0,$31,$0,$60,$462,$81,$105,$0,$112,$192,$2,$123,$0,$269,$462,$11,$3,$2,$5,$1,$-11,$-2,$0,$-19,$-4,$-3,$0,$-2,$0,$0,$0,$0,$-5,$-0,$0,$-0,$2,$2,$0,$0,$3,$-6,$2,$0
