,Date,Stock Price,Book Value per Share,Price to Book Ratio,TTM Sales per Share,Price to Sales Ratio,TTM FCF per Share,Price to FCF Ratio,TTM Net EPS,PE Ratio,Current Assets,Current Liabilities,Current Ratio,Long Term Debt,Shareholder's Equity_x,Debt to Equity Ratio,TTM Revenue_x,TTM Gross Profit,Gross Margin,TTM Revenue_y,TTM Operating Income,Operating Margin,TTM Revenue_x,TTM EBIT,EBIT Margin,TTM Revenue_y,TTM EBITDA,EBITDA Margin,TTM Revenue_x,TTM Pre-Tax Income,Pre-Tax Margin,TTM Revenue_y,TTM Net Income_x,Net Margin,TTM Net Income_y,Shareholder's Equity_y,Return on Equity,TTM Net Income_x,Tangible Equity,Return on Tangible Equity,TTM Net Income_y,Total Assets,Return on Assets,TTM Net Income,LT Investments & Debt,Return on Investment,revenue,cost-goods-sold,gross-profit,research-development-expenses,selling-general-administrative-expenses,operating-expenses,operating-income,total-non-operating-income-expense,pre-tax-income,total-provision-income-taxes,income-after-taxes,income-from-continuous-operations,net-income,ebitda,ebit,basic-shares-outstanding,shares-outstanding,eps-basic-net-earnings-per-share,eps-earnings-per-share-diluted,cash-on-hand,inventory,other-current-assets,total-current-assets,net-property-plant-equipment,long-term-investments,goodwill-intangible-assets-total,other-long-term-assets,total-long-term-assets,total-assets,total-current-liabilities,long-term-debt,other-non-current-liabilities,total-long-term-liabilities,total-liabilities,common-stock-net,retained-earnings-accumulated-deficit,comprehensive-income,total-share-holder-equity,total-liabilities-share-holders-equity,net-income-loss,total-depreciation-amortization-cash-flow,other-non-cash-items,total-non-cash-items,change-in-accounts-receivable,change-in-inventories,change-in-accounts-payable,change-in-assets-liabilities,total-change-in-assets-liabilities,cash-flow-from-operating-activities,net-change-in-property-plant-equipment,net-change-in-intangible-assets,net-acquisitions-divestitures,net-change-in-short-term-investments,net-change-in-long-term-investments,net-change-in-investments-total,investing-activities-other,cash-flow-from-investing-activities,net-long-term-debt,net-current-debt,debt-issuance-retirement-net-total,net-common-equity-issued-repurchased,net-total-equity-issued-repurchased,total-common-preferred-stock-dividends-paid,financial-activities-other,cash-flow-from-financial-activities,net-cash-flow,stock-based-compensation,common-stock-dividends-paid
0,2018-09-30,45.65,$42.41,1.08,$37.37,1.22,$8.78,5.2,$4.11,11.11,$6.89B,$36.50B,0.19,$2.68B,$11.51B,0.23,$10.18B,$4.94B,48.57%,$10.18B,$1.63B,16.00%,$10.18B,$1.63B,16.00%,$10.18B,$1.65B,16.23%,$10.18B,$1.49B,14.62%,$10.18B,$1.12B,11.00%,$1.12B,$11.51B,9.61%,$1.12B,$11.36B,9.74%,$1.12B,$57.26B,1.95%,$1.63B,$14.19B,11.36%,$2622,$1312,$1310,$0,$337,$2186,$436,$-34,$402,$66,$336,$336,$336,$436,$436,$272,273,$1.24,$1.23,$310,$0,$0,$6888,$332,$45335,$147,$3589,$50371,$57259,$36498,$2680,$6571,$9251,$45749,$683,$9456,$-757,$11510,$57259,$897,$11,$150,$161,$-47,$0,$5,$-148,$-190,$868,$-87,$0,$0,$158,$-90,$68,$99,$80,$-180,$0,$-180,$0,$0,$-801,$-8,$-989,$-45,$0,$-801
1,2018-06-30,45.33,$42.06,1.08,$36.57,1.24,$8.91,5.09,$3.41,13.29,$7.42B,$37.10B,0.2,$2.68B,$11.42B,0.24,$9.96B,$4.55B,45.73%,$9.96B,$1.42B,14.27%,$9.96B,$1.42B,14.27%,$9.96B,$1.46B,14.65%,$9.96B,$1.27B,12.79%,$9.96B,$0.93B,9.32%,$0.93B,$11.42B,7.86%,$0.93B,$11.27B,7.96%,$0.93B,$57.86B,1.62%,$1.42B,$14.09B,9.80%,$2574,$1327,$1247,$0,$359,$2209,$365,$-35,$330,$60,$270,$270,$270,$371,$365,$272,272,$0.99,$0.99,$288,$0,$0,$7421,$347,$45548,$147,$3426,$50437,$57858,$37097,$2679,$6667,$9346,$46443,$683,$9216,$-605,$11415,$57858,$561,$11,$-24,$-13,$-587,$0,$15,$378,$-194,$354,$-76,$0,$0,$135,$298,$433,$82,$439,$-150,$0,$-150,$0,$0,$-706,$1,$-855,$-67,$0,$-706
2,2018-03-31,48.67,$42.10,1.16,$35.82,1.36,$9.53,5.11,$3.42,14.23,$7.06B,$37.14B,0.19,$2.68B,$11.43B,0.23,$9.75B,$4.39B,45.05%,$9.75B,$1.47B,15.04%,$9.75B,$1.47B,15.04%,$9.75B,$1.51B,15.49%,$9.75B,$1.31B,13.47%,$9.75B,$0.93B,9.54%,$0.93B,$11.43B,7.77%,$0.93B,$11.28B,7.87%,$0.93B,$57.65B,1.64%,$1.47B,$14.10B,10.02%,$2535,$1339,$1196,$0,$296,$2154,$381,$-35,$346,$55,$291,$291,$291,$386,$381,$271,272,$1.07,$1.07,$282,$0,$0,$7061,$346,$45949,$149,$3241,$50588,$57649,$37136,$2679,$6409,$9088,$46224,$683,$9028,$-400,$11425,$57649,$291,$5,$14,$19,$-215,$0,$-3,$126,$-92,$218,$-38,$0,$0,$208,$293,$501,$26,$489,$-150,$0,$-150,$0,$0,$-624,$-7,$-781,$-73,$0,$-624
3,2017-12-31,50.07,$45.15,1.11,$35.09,1.43,$9.80,5.11,$3.31,15.13,$6.91B,$37.36B,0.19,$2.71B,$12.24B,0.22,$9.54B,$4.23B,44.35%,$9.54B,$1.47B,15.42%,$9.54B,$1.47B,15.42%,$9.54B,$1.52B,15.92%,$9.54B,$1.31B,13.73%,$9.54B,$0.90B,9.42%,$0.90B,$12.24B,7.47%,$0.90B,$12.10B,7.56%,$0.90B,$56.57B,1.60%,$1.47B,$14.95B,10.03%,$2448,$1257,$1191,$0,$307,$2001,$447,$-37,$410,$187,$223,$223,$223,$459,$447,$271,272,$0.82,$0.81,$355,$0,$0,$6908,$326,$47281,$148,$1133,$49659,$56567,$37362,$2708,$4253,$6961,$44323,$683,$9414,$32,$12244,$56567,$899,$48,$168,$216,$92,$0,$-4,$51,$139,$1254,$-102,$0,$0,$-6,$-62,$-68,$-254,$-424,$105,$0,$105,$0,$0,$-842,$-18,$-755,$84,$0,$-842
4,2017-09-30,47.16,$44.87,1.05,$34.91,1.35,$10.64,4.43,$3.38,13.95,$6.91B,$37.46B,0.18,$2.71B,$12.17B,0.22,$9.48B,$4.10B,43.20%,$9.48B,$1.38B,14.56%,$9.48B,$1.38B,14.56%,$9.48B,$1.43B,15.05%,$9.48B,$1.22B,12.83%,$9.48B,$0.92B,9.67%,$0.92B,$12.17B,7.66%,$0.92B,$12.02B,7.76%,$0.92B,$56.58B,1.64%,$1.38B,$14.88B,9.46%,$2398,$1480,$918,$0,$309,$2170,$228,$-41,$187,$43,$144,$144,$144,$242,$228,$271,272,$0.53,$0.53,$283,$0,$0,$6909,$325,$47183,$147,$1234,$49673,$56582,$37459,$2707,$4247,$6954,$44413,$683,$9273,$107,$12169,$56582,$676,$36,$160,$196,$18,$0,$-31,$35,$22,$894,$-80,$0,$0,$-29,$-151,$-180,$42,$-218,$105,$0,$105,$0,$0,$-761,$-17,$-673,$12,$0,$-761
5,2017-06-30,45.5,$44.39,1.03,$35.06,1.3,$11.83,3.85,$4.11,11.07,$7.06B,$37.26B,0.19,$2.56B,$12.03B,0.21,$9.52B,$4.41B,46.33%,$9.52B,$1.67B,17.51%,$9.52B,$1.67B,17.51%,$9.52B,$1.71B,17.96%,$9.52B,$1.51B,15.81%,$9.52B,$1.12B,11.72%,$1.12B,$12.03B,9.32%,$1.12B,$11.88B,9.44%,$1.12B,$56.21B,2.00%,$1.67B,$14.59B,11.41%,$2366,$1280,$1086,$0,$312,$1956,$410,$-40,$370,$98,$272,$272,$272,$423,$410,$271,272,$1.01,$1.00,$225,$0,$0,$7057,$336,$46674,$147,$1178,$49148,$56205,$37260,$2561,$4356,$6917,$44177,$683,$9211,$32,$12028,$56205,$532,$22,$67,$89,$-195,$0,$1,$88,$-106,$515,$-68,$0,$0,$81,$64,$145,$34,$111,$0,$0,$0,$0,$0,$-676,$-1,$-677,$-46,$0,$-676
6,2017-03-31,40.99,$43.15,0.95,$35.03,1.17,$12.60,3.25,$3.88,10.57,$6.84B,$36.81B,0.19,$2.56B,$11.69B,0.22,$9.50B,$4.33B,45.61%,$9.50B,$1.58B,16.66%,$9.50B,$1.58B,16.66%,$9.50B,$1.63B,17.10%,$9.50B,$1.42B,14.98%,$9.50B,$1.05B,11.08%,$1.05B,$11.69B,8.82%,$1.05B,$11.55B,8.93%,$1.05B,$55.20B,1.88%,$1.58B,$14.25B,10.84%,$2330,$1293,$1037,$0,$305,$1944,$386,$-43,$343,$83,$260,$260,$260,$395,$386,$271,272,$0.96,$0.96,$299,$0,$0,$6838,$324,$45710,$146,$1290,$48363,$55201,$36813,$2560,$4135,$6695,$43508,$683,$9006,$-92,$11693,$55201,$260,$9,$68,$77,$89,$0,$-26,$-118,$-55,$282,$-30,$0,$0,$271,$109,$380,$4,$354,$0,$0,$0,$0,$0,$-609,$0,$-609,$28,$0,$-609
7,2016-12-31,36.56,$44.25,0.83,$34.56,1.06,$13.18,2.77,$3.16,11.57,$6.90B,$36.43B,0.19,$2.71B,$11.97B,0.23,$9.37B,$4.08B,43.59%,$9.37B,$1.30B,13.84%,$9.37B,$1.30B,13.84%,$9.37B,$1.35B,14.37%,$9.37B,$1.14B,12.14%,$9.37B,$0.86B,9.17%,$0.86B,$11.97B,7.23%,$0.86B,$11.82B,7.32%,$0.86B,$55.23B,1.53%,$1.30B,$14.68B,8.88%,$2390,$1334,$1056,$0,$309,$2033,$357,$-40,$317,$76,$241,$241,$241,$367,$357,$270,271,$0.89,$0.90,$271,$0,$0,$6896,$310,$45825,$145,$1078,$48337,$55233,$36431,$2710,$4123,$6833,$43264,$683,$9359,$-173,$11969,$55233,$859,$50,$315,$365,$-130,$0,$-3,$325,$192,$1416,$-39,$0,$0,$258,$-947,$-689,$-118,$-846,$140,$0,$140,$0,$0,$-813,$0,$-673,$-116,$0,$-813
8,2016-09-30,30.12,$45.09,0.67,$34.12,0.88,$12.76,2.36,$2.01,14.98,$7.10B,$37.75B,0.19,$2.71B,$12.20B,0.22,$9.25B,$3.92B,42.40%,$9.25B,$0.82B,8.83%,$9.25B,$0.82B,8.83%,$9.25B,$0.91B,9.86%,$9.25B,$0.66B,7.13%,$9.25B,$0.55B,5.93%,$0.55B,$12.20B,4.63%,$0.55B,$12.05B,4.69%,$0.55B,$56.86B,0.98%,$0.82B,$14.90B,5.66%,$2433,$1202,$1231,$0,$314,$1919,$514,$-39,$475,$132,$343,$343,$343,$525,$514,$271,271,$1.27,$1.26,$290,$0,$0,$7102,$287,$47414,$146,$1070,$49757,$56859,$37753,$2709,$4202,$6911,$44664,$683,$9185,$237,$12195,$56859,$618,$40,$351,$391,$-311,$0,$-30,$452,$111,$1120,$13,$0,$0,$241,$-772,$-531,$-86,$-604,$140,$0,$140,$0,$0,$-746,$1,$-605,$-97,$0,$-746
9,2016-06-30,27.29,$43.94,0.62,$33.10,0.82,$12.13,2.25,$1.41,19.35,$7.34B,$37.98B,0.19,$2.71B,$11.89B,0.23,$8.97B,$3.64B,40.62%,$8.97B,$0.57B,6.40%,$8.97B,$0.57B,6.40%,$8.97B,$0.68B,7.56%,$8.97B,$0.42B,4.65%,$8.97B,$0.38B,4.27%,$0.38B,$11.89B,3.23%,$0.38B,$11.74B,3.27%,$0.38B,$56.91B,0.69%,$0.57B,$14.59B,4.01%,$2348,$1339,$1009,$0,$305,$2022,$326,$-38,$288,$79,$209,$209,$209,$338,$326,$271,271,$0.77,$0.77,$289,$0,$0,$7340,$276,$46949,$147,$1281,$49566,$56906,$37980,$2708,$4332,$7040,$45020,$683,$8911,$210,$11886,$56906,$275,$29,$306,$335,$-540,$0,$4,$539,$3,$613,$42,$0,$0,$281,$-601,$-320,$111,$-167,$140,$0,$140,$0,$0,$-677,$-1,$-538,$-98,$0,$-677
10,2016-03-31,27.73,$42.41,0.65,$33.03,0.84,$11.50,2.41,$1.15,24.12,$7.09B,$37.33B,0.19,$2.71B,$11.47B,0.24,$8.94B,$3.49B,39.03%,$8.94B,$0.45B,5.04%,$8.94B,$0.45B,5.04%,$8.94B,$0.55B,6.15%,$8.94B,$0.29B,3.28%,$8.94B,$0.31B,3.49%,$0.31B,$11.47B,2.61%,$0.31B,$11.32B,2.65%,$0.31B,$55.50B,0.57%,$0.45B,$14.18B,3.14%,$2195,$1408,$787,$0,$307,$2096,$99,$-42,$57,$-9,$66,$66,$66,$116,$99,$270,271,$0.25,$0.24,$242,$0,$0,$7085,$263,$45797,$150,$1124,$48417,$55502,$37325,$2708,$3999,$6707,$44032,$683,$8770,$-56,$11470,$55502,$66,$17,$350,$367,$-317,$0,$-22,$240,$-99,$334,$74,$0,$0,$16,$-121,$-105,$22,$-9,$140,$0,$140,$0,$0,$-609,$0,$-469,$-145,$0,$-609
11,2015-12-31,28.07,$43.50,0.65,$33.62,0.84,$10.27,2.73,$1.77,15.86,$6.92B,$36.84B,0.19,$2.21B,$11.76B,0.19,$9.10B,$3.72B,40.84%,$9.10B,$0.70B,7.74%,$9.10B,$0.70B,7.74%,$9.10B,$0.81B,8.85%,$9.10B,$0.55B,6.03%,$9.10B,$0.48B,5.26%,$0.48B,$11.76B,3.93%,$0.48B,$11.61B,3.98%,$0.48B,$55.05B,0.87%,$0.70B,$13.97B,4.84%,$2269,$1376,$893,$0,$604,$2392,$-123,$-38,$-161,$-91,$-70,$-70,$-70,$-67,$-123,$270,271,$-0.26,$-0.26,$387,$0,$0,$6918,$343,$45103,$150,$1295,$48127,$55045,$36836,$2210,$4243,$6453,$43289,$683,$9313,$-315,$11756,$55045,$479,$101,$129,$230,$82,$0,$-1,$597,$678,$1387,$-125,$0,$0,$34,$-179,$-145,$-102,$-372,$0,$0,$0,$0,$0,$-811,$4,$-807,$197,$0,$-811
12,2015-09-30,27.7,$45.38,0.61,$34.02,0.81,$10.67,2.6,$2.76,10.04,$6.78B,$36.44B,0.19,$2.21B,$12.27B,0.18,$9.21B,$3.85B,41.82%,$9.21B,$1.12B,12.20%,$9.21B,$1.12B,12.20%,$9.21B,$1.21B,13.11%,$9.21B,$0.96B,10.45%,$9.21B,$0.75B,8.11%,$0.75B,$12.27B,6.01%,$0.75B,$12.11B,6.08%,$0.75B,$54.81B,1.35%,$1.12B,$14.48B,7.54%,$2153,$1200,$953,$0,$319,$1881,$272,$-39,$233,$55,$178,$178,$178,$291,$272,$270,271,$0.66,$0.66,$236,$0,$0,$6784,$320,$45757,$151,$915,$48028,$54812,$36443,$2211,$3893,$6104,$42547,$683,$9450,$60,$12265,$54812,$549,$45,$210,$255,$70,$0,$-34,$205,$241,$1045,$-84,$0,$0,$222,$-318,$-96,$-74,$-254,$0,$0,$0,$0,$0,$-744,$5,$-739,$46,$0,$-744
13,2015-06-30,30.11,$45.27,0.67,$34.98,0.86,$10.83,2.78,$2.89,10.42,$6.99B,$36.37B,0.19,$2.56B,$12.23B,0.21,$9.47B,$3.96B,41.78%,$9.47B,$1.19B,12.60%,$9.47B,$1.19B,12.60%,$9.47B,$1.28B,13.48%,$9.47B,$1.02B,10.79%,$9.47B,$0.78B,8.26%,$0.78B,$12.23B,6.19%,$0.78B,$12.08B,6.27%,$0.78B,$55.02B,1.41%,$1.19B,$14.79B,7.86%,$2327,$1469,$858,$0,$314,$2124,$203,$-39,$164,$26,$138,$138,$138,$210,$203,$270,271,$0.51,$0.51,$145,$0,$0,$6986,$317,$45729,$153,$961,$48036,$55022,$36368,$2560,$3860,$6420,$42788,$683,$9340,$143,$12234,$55022,$371,$26,$-25,$1,$-211,$0,$8,$371,$168,$540,$-57,$0,$0,$33,$152,$185,$-41,$87,$0,$0,$0,$0,$0,$-676,$6,$-670,$-45,$0,$-676
14,2015-03-31,32.44,$46.02,0.7,$35.40,0.92,$11.12,2.92,$3.36,9.65,$6.97B,$36.71B,0.19,$2.56B,$12.44B,0.21,$9.58B,$4.10B,42.76%,$9.58B,$1.40B,14.61%,$9.58B,$1.40B,14.61%,$9.58B,$1.50B,15.65%,$9.58B,$1.22B,12.75%,$9.58B,$0.91B,9.51%,$0.91B,$12.44B,7.10%,$0.91B,$12.29B,7.18%,$0.91B,$55.47B,1.61%,$1.40B,$15.00B,9.09%,$2352,$1339,$1013,$0,$303,$2000,$352,$-39,$313,$80,$233,$233,$233,$371,$352,$270,271,$0.86,$0.86,$201,$0,$0,$6971,$298,$46362,$151,$1010,$48494,$55465,$36705,$2560,$3763,$6323,$43028,$683,$9270,$421,$12437,$55465,$233,$19,$-17,$2,$-157,$0,$-25,$41,$-141,$94,$-20,$0,$0,$190,$362,$552,$-6,$526,$0,$0,$0,$0,$0,$-608,$5,$-603,$11,$0,$-608
15,2014-12-31,28.74,$47.39,0.61,$35.84,0.8,$11.43,2.51,$2.55,11.27,$6.82B,$36.38B,0.19,$2.56B,$12.79B,0.2,$9.69B,$4.10B,42.31%,$9.69B,$1.39B,14.34%,$9.69B,$1.39B,14.34%,$9.69B,$1.49B,15.36%,$9.69B,$1.21B,12.45%,$9.69B,$0.69B,7.13%,$0.69B,$12.79B,5.37%,$0.69B,$12.64B,5.43%,$0.69B,$55.57B,1.21%,$1.39B,$15.35B,9.01%,$2378,$1350,$1028,$0,$321,$2081,$297,$-45,$252,$54,$198,$198,$198,$335,$297,$270,271,$0.73,$0.73,$190,$0,$0,$6820,$295,$46667,$152,$841,$48746,$55566,$36380,$2559,$3833,$6392,$42772,$683,$9645,$400,$12794,$55566,$691,$99,$280,$379,$731,$0,$0,$-361,$370,$1440,$-71,$0,$198,$-388,$-536,$-924,$-121,$-918,$546,$0,$546,$0,$-549,$-541,$25,$-519,$-5,$0,$-541
16,2014-09-30,28.05,$48.28,0.58,$36.56,0.77,$10.49,2.67,$2.64,10.63,$7.01B,$36.64B,0.19,$2.56B,$13.03B,0.2,$9.88B,$4.10B,41.43%,$9.88B,$1.42B,14.37%,$9.88B,$1.42B,14.37%,$9.88B,$1.50B,15.16%,$9.88B,$1.24B,12.56%,$9.88B,$0.71B,7.22%,$0.71B,$13.03B,5.56%,$0.71B,$12.88B,5.63%,$0.71B,$55.73B,1.24%,$1.42B,$15.59B,9.31%,$2411,$1354,$1057,$0,$332,$2070,$341,$-48,$293,$84,$209,$209,$213,$360,$341,$270,271,$0.79,$0.79,$247,$0,$0,$7010,$287,$46762,$154,$891,$48721,$55731,$36644,$2559,$3435,$6053,$42697,$683,$9515,$773,$13034,$55731,$493,$61,$341,$402,$611,$0,$-37,$-422,$152,$1047,$-42,$0,$198,$-556,$-611,$-1167,$-76,$-1087,$546,$0,$546,$0,$0,$-473,$22,$95,$52,$0,$-473
17,2014-06-30,29.62,$48.43,0.61,$36.74,0.81,$9.93,2.98,$2.86,10.36,$7.40B,$37.12B,0.2,$2.56B,$13.07B,0.2,$9.93B,$4.12B,41.47%,$9.93B,$1.49B,15.03%,$9.93B,$1.49B,15.03%,$9.93B,$1.57B,15.78%,$9.93B,$1.32B,13.28%,$9.93B,$0.77B,7.78%,$0.77B,$13.07B,6.13%,$0.77B,$12.92B,6.20%,$0.77B,$59.44B,1.33%,$1.49B,$15.63B,9.92%,$2440,$1441,$999,$0,$335,$2030,$410,$-46,$364,$103,$261,$261,$267,$433,$410,$270,271,$0.99,$0.98,$204,$0,$0,$7396,$289,$46491,$156,$4455,$52041,$59437,$37119,$2558,$6592,$9244,$46363,$683,$9369,$962,$13074,$59437,$280,$42,$361,$403,$6,$0,$-3,$-99,$-96,$587,$-27,$0,$0,$-678,$-26,$-704,$-3,$-734,$546,$0,$546,$0,$0,$-406,$23,$163,$9,$0,$-406
18,2014-03-31,31.12,$46.61,0.67,$36.80,0.85,$9.82,3.17,$2.60,11.97,$7.29B,$36.60B,0.2,$2.56B,$12.58B,0.2,$9.94B,$4.08B,41.09%,$9.94B,$1.39B,14.01%,$9.94B,$1.39B,14.01%,$9.94B,$1.47B,14.75%,$9.94B,$1.23B,12.32%,$9.94B,$0.70B,7.04%,$0.70B,$12.58B,5.68%,$0.70B,$12.43B,5.75%,$0.70B,$58.22B,1.22%,$1.39B,$15.14B,9.44%,$2463,$1446,$1017,$0,$329,$2121,$342,$-44,$298,$78,$220,$220,$13,$361,$342,$270,270,$0.05,$0.05,$206,$0,$0,$7290,$293,$45445,$155,$4341,$50934,$58224,$36600,$2558,$6484,$9042,$45642,$683,$9170,$692,$12582,$58224,$13,$19,$386,$405,$126,$0,$-36,$-340,$-250,$168,$-10,$0,$0,$-688,$343,$-345,$1,$-354,$546,$0,$546,$0,$0,$-338,$2,$210,$11,$0,$-338
19,2013-12-31,30.33,$46.90,0.65,$36.77,0.82,$9.86,3.08,$3.48,8.71,$8.19B,$38.94B,0.21,$2.01B,$12.65B,0.16,$9.93B,$4.13B,41.54%,$9.93B,$1.44B,14.52%,$9.93B,$1.44B,14.52%,$9.93B,$1.52B,15.29%,$9.93B,$1.28B,12.85%,$9.93B,$0.94B,9.43%,$0.94B,$12.65B,7.63%,$0.94B,$12.50B,7.72%,$0.94B,$57.19B,1.62%,$1.44B,$14.66B,9.80%,$2569,$1547,$1022,$0,$358,$2242,$327,$-41,$286,$73,$213,$213,$221,$344,$327,$270,270,$0.82,$0.81,$195,$0,$0,$8191,$304,$46550,$155,$1150,$49003,$57194,$38943,$2011,$3589,$5600,$44543,$683,$9495,$442,$12651,$57194,$937,$77,$-287,$-210,$44,$0,$-9,$442,$477,$1204,$-91,$0,$32,$425,$-1146,$-721,$-118,$-898,$-13,$0,$-13,$0,$0,$-216,$-35,$-264,$39,$0,$-216
20,2013-09-30,26.86,$45.06,0.6,$35.61,0.75,$10.03,2.68,$2.63,10.21,$7.91B,$38.59B,0.21,$2.56B,$12.15B,0.21,$9.61B,$3.79B,39.42%,$9.61B,$1.11B,11.52%,$9.61B,$1.11B,11.52%,$9.61B,$1.20B,12.46%,$9.61B,$0.94B,9.79%,$9.61B,$0.71B,7.35%,$0.71B,$12.15B,5.79%,$0.71B,$12.00B,5.87%,$0.71B,$57.19B,1.22%,$1.11B,$14.71B,7.51%,$2458,$1378,$1080,$0,$341,$2045,$413,$-42,$371,$100,$271,$271,$272,$429,$413,$270,270,$1.01,$1.01,$185,$0,$0,$7909,$334,$46715,$154,$1102,$49278,$57187,$38590,$2559,$3885,$6444,$45034,$683,$9328,$113,$12153,$57187,$716,$60,$-105,$-45,$316,$0,$-48,$-18,$250,$921,$-67,$0,$0,$357,$-929,$-572,$-50,$-689,$-13,$0,$-13,$1,$1,$-162,$-26,$-200,$29,$0,$-162
21,2013-06-30,22.82,$44.29,0.52,$35.65,0.64,$10.32,2.21,$2.44,9.35,$8.22B,$39.14B,0.21,$2.56B,$11.94B,0.21,$9.62B,$3.74B,38.88%,$9.62B,$1.05B,10.93%,$9.62B,$1.05B,10.93%,$9.62B,$1.16B,12.06%,$9.62B,$0.88B,9.19%,$9.62B,$0.66B,6.82%,$0.66B,$11.94B,5.32%,$0.66B,$11.79B,5.40%,$0.66B,$57.57B,1.12%,$1.05B,$14.50B,7.07%,$2450,$1485,$965,$0,$335,$2139,$311,$-41,$270,$80,$190,$190,$194,$332,$311,$270,270,$0.72,$0.72,$121,$0,$0,$8224,$327,$46745,$152,$1154,$49343,$57567,$39141,$2558,$3924,$6482,$45623,$683,$9110,$126,$11944,$57567,$444,$44,$-50,$-6,$-83,$0,$-12,$226,$131,$569,$-42,$0,$0,$293,$-692,$-399,$-30,$-471,$0,$0,$0,$1,$1,$-108,$-20,$-127,$-35,$0,$-108
22,2013-03-31,22.74,$46.00,0.49,$34.90,0.65,$10.51,2.16,$2.34,9.72,$8.16B,$39.91B,0.21,$2.56B,$12.41B,0.21,$9.42B,$3.67B,39.01%,$9.42B,$1.01B,10.77%,$9.42B,$1.01B,10.77%,$9.42B,$1.11B,11.79%,$9.42B,$0.84B,8.96%,$9.42B,$0.63B,6.67%,$0.63B,$12.41B,5.07%,$0.63B,$12.25B,5.14%,$0.63B,$58.73B,1.08%,$1.01B,$14.96B,6.78%,$2455,$1396,$1059,$0,$328,$2064,$391,$-42,$349,$108,$241,$241,$250,$414,$391,$270,270,$0.93,$0.93,$123,$0,$0,$8163,$323,$48069,$151,$1359,$50564,$58727,$39906,$2558,$3858,$6416,$46322,$683,$8969,$727,$12405,$58727,$250,$23,$-68,$-45,$-20,$0,$-42,$48,$-14,$191,$-21,$0,$0,$264,$-385,$-121,$-19,$-161,$0,$0,$0,$1,$1,$-55,$-2,$-56,$-33,$0,$-55
23,2012-12-31,19.36,$45.71,0.42,$34.71,0.56,$10.95,1.77,$2.34,8.27,$8.20B,$40.02B,0.21,$2.56B,$12.31B,0.21,$9.36B,$3.64B,38.82%,$9.36B,$1.03B,10.99%,$9.36B,$1.03B,10.99%,$9.36B,$1.10B,11.74%,$9.36B,$0.86B,9.17%,$9.36B,$0.63B,6.71%,$0.63B,$12.31B,5.11%,$0.63B,$12.16B,5.18%,$0.63B,$58.52B,1.09%,$1.03B,$14.87B,6.94%,$2251,$1565,$686,$0,$337,$2258,$-7,$-42,$-49,$-32,$-17,$-17,$-9,$23,$-7,$269,270,$-0.04,$-0.04,$156,$0,$0,$8196,$326,$48070,$154,$1085,$50326,$58522,$40018,$2557,$3633,$6190,$46208,$683,$8774,$831,$12314,$58522,$628,$70,$-28,$42,$49,$0,$4,$509,$562,$1250,$-94,$0,$-196,$-7,$-479,$-486,$-158,$-934,$-70,$0,$-70,$0,$0,$-162,$-7,$-239,$81,$0,$-162
24,2012-09-30,18.43,$46.99,0.39,$34.75,0.53,$12.67,1.45,$3.07,6.0,$7.87B,$39.24B,0.2,$2.56B,$12.66B,0.2,$9.37B,$3.85B,41.09%,$9.37B,$1.32B,14.07%,$9.37B,$1.32B,14.07%,$9.37B,$1.36B,14.53%,$9.37B,$1.15B,12.25%,$9.37B,$0.83B,8.85%,$0.83B,$12.66B,6.87%,$0.83B,$12.38B,6.97%,$0.83B,$58.61B,1.47%,$1.32B,$15.22B,9.02%,$2466,$1435,$1031,$0,$333,$2109,$357,$-43,$314,$93,$221,$221,$221,$391,$357,$269,270,$0.82,$0.82,$129,$0,$0,$7871,$317,$48272,$285,$1256,$50741,$58612,$39235,$2557,$4160,$6717,$45952,$683,$8823,$1130,$12660,$58612,$637,$40,$-51,$-11,$348,$0,$-46,$65,$367,$993,$-60,$0,$-197,$-505,$130,$-375,$-115,$-747,$-70,$0,$-70,$1,$1,$-122,$-4,$-195,$54,$0,$-122
25,2012-06-30,18.95,$45.34,0.42,$33.68,0.56,$11.98,1.58,$2.53,7.49,$7.65B,$38.16B,0.2,$2.53B,$12.21B,0.21,$9.08B,$3.60B,39.59%,$9.08B,$1.13B,12.43%,$9.08B,$1.13B,12.43%,$9.08B,$1.15B,12.65%,$9.08B,$0.96B,10.55%,$9.08B,$0.68B,7.53%,$0.68B,$12.21B,5.74%,$0.68B,$12.08B,5.81%,$0.68B,$56.50B,1.22%,$1.13B,$14.74B,7.82%,$2246,$1348,$898,$0,$309,$1973,$273,$-43,$230,$64,$166,$166,$166,$282,$273,$269,270,$0.62,$0.62,$100,$0,$0,$7645,$310,$46447,$139,$1247,$48854,$56499,$38158,$2526,$3601,$6127,$44285,$683,$8643,$867,$12214,$56499,$416,$6,$-28,$-22,$70,$0,$-10,$164,$224,$618,$-42,$0,$0,$-123,$-248,$-371,$-97,$-510,$0,$0,$0,$1,$1,$-81,$-3,$-83,$25,$0,$-81
26,2012-03-31,19.95,$44.48,0.45,$33.51,0.6,$11.28,1.77,$2.38,8.38,$7.62B,$37.87B,0.2,$2.53B,$11.98B,0.21,$9.04B,$3.53B,39.06%,$9.04B,$1.08B,11.90%,$9.04B,$1.08B,11.90%,$9.04B,$1.09B,12.05%,$9.04B,$0.90B,10.01%,$9.04B,$0.64B,7.11%,$0.64B,$11.98B,5.44%,$0.64B,$11.84B,5.51%,$0.64B,$56.01B,1.15%,$1.08B,$14.51B,7.49%,$2401,$1381,$1020,$0,$295,$1995,$406,$-42,$364,$114,$250,$250,$250,$403,$406,$269,270,$0.93,$0.93,$59,$0,$0,$7621,$307,$45943,$139,$1220,$48386,$56007,$37865,$2526,$3635,$6161,$44026,$683,$8517,$764,$11981,$56007,$250,$-3,$-37,$-40,$53,$0,$-42,$91,$102,$312,$-22,$0,$0,$-8,$-212,$-220,$-45,$-287,$0,$0,$0,$0,$0,$-41,$-1,$-42,$-16,$0,$-41
27,2011-12-31,18.1,$42.66,0.42,$33.20,0.55,$10.58,1.71,$2.28,7.94,$7.69B,$37.71B,0.2,$2.53B,$11.49B,0.22,$8.95B,$3.46B,38.66%,$8.95B,$1.05B,11.69%,$8.95B,$1.05B,11.69%,$8.95B,$1.06B,11.86%,$8.95B,$0.87B,9.73%,$8.95B,$0.61B,6.84%,$0.61B,$11.49B,5.21%,$0.61B,$11.37B,5.27%,$0.61B,$55.11B,1.10%,$1.05B,$14.01B,7.29%,$2261,$1358,$903,$0,$296,$1978,$283,$-43,$240,$46,$194,$194,$193,$286,$283,$269,270,$0.71,$0.71,$75,$0,$0,$7690,$309,$44809,$123,$1212,$47420,$55110,$37705,$2525,$3392,$5917,$43622,$683,$8308,$480,$11488,$55110,$628,$15,$296,$311,$1020,$0,$-17,$-250,$753,$1702,$-84,$0,$173,$566,$-1567,$-1001,$-148,$-1060,$-55,$0,$-55,$2,$2,$-108,$-483,$-644,$-2,$0,$-108
28,2011-09-30,15.15,$44.40,0.34,$33.34,0.45,$4.05,3.74,$2.67,5.67,$8.50B,$38.02B,0.22,$2.54B,$11.96B,0.21,$8.99B,$3.67B,40.83%,$8.99B,$1.28B,14.28%,$8.99B,$1.28B,14.28%,$8.99B,$1.28B,14.24%,$8.99B,$1.11B,12.32%,$8.99B,$0.65B,7.19%,$0.65B,$11.96B,5.49%,$0.65B,$11.82B,5.56%,$0.65B,$55.84B,1.16%,$1.28B,$14.49B,8.98%,$2175,$1400,$775,$0,$297,$2008,$167,$-43,$124,$48,$76,$76,$75,$178,$167,$269,270,$0.28,$0.28,$84,$0,$0,$8501,$324,$44572,$141,$1318,$47343,$55844,$38017,$2538,$3333,$5871,$43888,$683,$8219,$886,$11956,$55844,$434,$12,$229,$241,$267,$0,$-42,$-87,$138,$813,$-67,$0,$2,$499,$-537,$-38,$-114,$-217,$-24,$0,$-24,$2,$2,$-81,$-485,$-588,$7,$0,$-81
29,2011-06-30,19.5,$43.63,0.45,$34.05,0.57,$-1.35,0.0,$1.80,10.83,$8.58B,$37.86B,0.23,$2.65B,$11.75B,0.23,$9.17B,$3.91B,42.65%,$9.17B,$0.99B,10.78%,$9.17B,$0.99B,10.78%,$9.17B,$0.97B,10.56%,$9.17B,$0.82B,8.89%,$9.17B,$0.43B,4.70%,$0.43B,$11.75B,3.62%,$0.43B,$11.61B,3.66%,$0.43B,$55.77B,0.77%,$0.99B,$14.40B,6.89%,$2198,$1367,$831,$0,$286,$1979,$219,$-43,$176,$47,$129,$129,$124,$222,$219,$269,270,$0.46,$0.46,$84,$0,$0,$8581,$300,$43813,$141,$1457,$47193,$55774,$37856,$2648,$3521,$6169,$44025,$683,$8171,$730,$11749,$55774,$358,$1,$-42,$-41,$139,$0,$-11,$-33,$95,$412,$-24,$0,$2,$514,$-285,$229,$-110,$97,$-13,$0,$-13,$2,$2,$-54,$-439,$-504,$7,$0,$-54
30,2011-03-31,19.77,$43.90,0.45,$34.19,0.58,$-0.72,0.0,$2.29,8.63,$8.65B,$37.74B,0.23,$2.65B,$11.82B,0.22,$9.21B,$4.17B,45.26%,$9.21B,$1.25B,13.61%,$9.21B,$1.25B,13.61%,$9.21B,$1.22B,13.29%,$9.21B,$1.09B,11.79%,$9.21B,$0.59B,6.41%,$0.59B,$11.82B,4.88%,$0.59B,$11.68B,4.94%,$0.59B,$55.54B,1.06%,$1.25B,$14.47B,8.68%,$2315,$1364,$951,$0,$297,$1938,$377,$-46,$331,$101,$230,$230,$220,$375,$377,$269,270,$0.82,$0.82,$81,$0,$0,$8646,$316,$43299,$141,$1496,$46897,$55543,$37742,$2647,$3332,$5979,$43721,$683,$8072,$415,$11822,$55543,$229,$-2,$-14,$-16,$71,$0,$-44,$-128,$-101,$112,$-11,$0,$2,$548,$-583,$-35,$-30,$-74,$-13,$0,$-13,$6,$6,$-27,$-2,$-36,$4,$0,$-27
31,2010-12-31,18.04,$42.82,0.42,$34.20,0.53,$0.21,85.29,$2.28,7.91,$8.71B,$38.05B,0.23,$2.25B,$11.52B,0.2,$9.21B,$4.22B,45.87%,$9.21B,$1.27B,13.78%,$9.21B,$1.27B,13.78%,$9.21B,$1.23B,13.36%,$9.21B,$1.11B,12.08%,$9.21B,$0.62B,6.68%,$0.62B,$11.52B,5.10%,$0.62B,$11.38B,5.16%,$0.62B,$55.33B,1.10%,$1.27B,$13.78B,8.86%,$2298,$1186,$1112,$0,$130,$1778,$520,$-44,$476,$149,$327,$327,$227,$505,$520,$269,270,$1.09,$1.09,$77,$0,$0,$8713,$333,$43080,$141,$1318,$46618,$55331,$38050,$2251,$3506,$5757,$43807,$683,$7876,$326,$11524,$55331,$759,$-39,$188,$149,$-406,$0,$-15,$-576,$-997,$-89,$-53,$0,$142,$1629,$-871,$758,$-80,$767,$345,$0,$345,$11,$-989,$-76,$-22,$-742,$-63,$0,$0
32,2010-09-30,18.66,$46.67,0.4,$34.58,0.54,$5.18,3.6,$2.00,9.33,$9.02B,$38.06B,0.24,$2.25B,$12.07B,0.19,$9.31B,$4.14B,44.46%,$9.31B,$1.14B,12.24%,$9.31B,$1.14B,12.24%,$9.31B,$1.11B,11.91%,$9.31B,$0.99B,10.67%,$9.31B,$0.67B,7.14%,$0.67B,$12.57B,5.56%,$0.67B,$12.42B,5.62%,$0.67B,$56.88B,1.19%,$1.14B,$14.82B,8.00%,$2363,$1344,$1019,$0,$351,$2490,$-127,$-40,$-167,$-64,$-103,$-103,$-140,$-133,$-127,$269,269,$-0.59,$-0.59,$82,$0,$0,$9021,$337,$43987,$141,$1932,$47860,$56881,$38056,$2251,$4009,$6260,$44316,$683,$7582,$1177,$12565,$56881,$432,$-24,$70,$46,$-709,$0,$-51,$-391,$-1151,$-673,$-38,$0,$140,$1752,$-931,$821,$-63,$860,$345,$0,$345,$4,$-496,$-68,$-26,$-245,$-58,$0,$0
33,2010-06-30,17.04,$46.10,0.37,$34.50,0.49,$8.67,1.97,$3.45,4.94,$7.99B,$37.72B,0.21,$2.25B,$11.41B,0.2,$9.29B,$4.18B,44.98%,$9.29B,$1.69B,18.16%,$9.29B,$1.69B,18.16%,$9.29B,$1.63B,17.54%,$9.29B,$1.55B,16.65%,$9.29B,$1.07B,11.50%,$1.07B,$12.41B,9.18%,$1.07B,$12.26B,9.29%,$1.07B,$55.67B,1.92%,$1.69B,$14.66B,12.05%,$2233,$1147,$1086,$0,$345,$1750,$483,$-37,$446,$145,$301,$301,$283,$477,$483,$269,269,$0.96,$0.96,$72,$0,$0,$7988,$340,$43647,$141,$1617,$47686,$55674,$37721,$2254,$3294,$5548,$43269,$683,$7742,$390,$12405,$55674,$557,$-18,$171,$153,$314,$0,$-9,$-434,$-129,$581,$-23,$0,$79,$789,$-1357,$-568,$-11,$-523,$-50,$0,$-50,$1,$1,$-50,$-25,$-124,$-68,$0,$0
34,2010-03-31,17.82,$43.57,0.41,$33.99,0.52,$7.54,2.36,$2.76,6.46,$8.07B,$38.16B,0.21,$2.30B,$10.72B,0.22,$9.15B,$3.89B,42.55%,$9.15B,$1.37B,14.92%,$9.15B,$1.37B,14.92%,$9.15B,$1.28B,13.97%,$9.15B,$1.23B,13.47%,$9.15B,$0.89B,9.73%,$0.89B,$11.72B,8.23%,$0.89B,$11.58B,8.34%,$0.89B,$55.68B,1.62%,$1.37B,$14.03B,10.31%,$2315,$1308,$1007,$0,$342,$1922,$393,$-36,$357,$102,$255,$255,$245,$381,$393,$269,269,$0.82,$0.82,$95,$0,$0,$8068,$350,$43283,$141,$1630,$47611,$55679,$38163,$2304,$3488,$5792,$43955,$683,$7484,$-11,$11724,$55679,$255,$-12,$118,$106,$264,$0,$-41,$-220,$3,$364,$-12,$0,$5,$1474,$-1836,$-362,$0,$-369,$0,$0,$0,$0,$0,$-25,$-13,$-38,$-45,$0,$0
35,2009-12-31,16.0,$41.51,0.39,$31.48,0.51,$6.87,2.33,$1.10,14.55,$8.38B,$38.32B,0.22,$2.30B,$10.17B,0.23,$8.47B,$3.18B,37.56%,$8.47B,$0.67B,7.88%,$8.47B,$0.67B,7.88%,$8.47B,$0.56B,6.56%,$8.47B,$0.54B,6.37%,$8.47B,$0.42B,4.95%,$0.42B,$11.17B,4.30%,$0.42B,$11.03B,4.36%,$0.42B,$55.30B,0.78%,$0.67B,$13.47B,5.48%,$2398,$1371,$1027,$0,$354,$2008,$390,$-33,$357,$87,$270,$270,$277,$384,$390,$269,269,$0.81,$0.81,$140,$0,$0,$8377,$360,$42412,$141,$1567,$46921,$55298,$38319,$2303,$3510,$5813,$44132,$683,$7264,$-325,$11166,$55298,$481,$-112,$640,$528,$976,$0,$-60,$-667,$249,$1258,$-63,$0,$23,$-327,$-724,$-1051,$-2,$-1093,$250,$0,$250,$1,$-249,$-122,$1,$-120,$55,$0,$0
36,2009-09-30,16.1,$41.84,0.38,$28.28,0.57,$7.82,2.06,$-1.02,0.0,$8.73B,$38.76B,0.23,$2.56B,$10.01B,0.26,$7.61B,$2.35B,30.86%,$7.61B,$-0.23B,-2.96%,$7.61B,$-0.23B,-2.96%,$7.61B,$-0.37B,-4.86%,$7.61B,$-0.35B,-4.65%,$7.61B,$-0.19B,-2.55%,$-0.19B,$11.26B,-2.21%,$-0.19B,$11.11B,-2.24%,$-0.19B,$55.58B,-0.36%,$-0.23B,$13.81B,-2.02%,$2340,$1283,$1057,$0,$365,$1920,$420,$-34,$386,$108,$278,$278,$263,$387,$420,$269,269,$0.86,$0.86,$128,$0,$0,$8727,$363,$42090,$141,$1733,$46848,$55575,$38756,$2559,$3005,$5564,$44320,$683,$7046,$-247,$11255,$55575,$211,$-106,$237,$131,$849,$0,$-73,$-843,$-67,$275,$-46,$0,$16,$-460,$325,$-135,$-3,$-168,$0,$0,$0,$1,$1,$-94,$21,$-72,$43,$0,$0
37,2009-06-30,10.32,$33.87,0.3,$25.75,0.4,$11.32,0.91,$-3.11,0.0,$9.32B,$38.96B,0.24,$2.54B,$7.86B,0.32,$6.93B,$1.43B,20.66%,$6.93B,$-1.15B,-16.65%,$6.93B,$-1.15B,-16.65%,$6.93B,$-1.33B,-19.13%,$6.93B,$-1.28B,-18.50%,$6.93B,$-0.79B,-11.37%,$-0.79B,$9.11B,-9.96%,$-0.79B,$8.97B,-10.15%,$-0.79B,$53.59B,-1.50%,$-1.15B,$11.65B,-11.18%,$2096,$1294,$802,$0,$349,$1934,$162,$-30,$132,$12,$120,$120,$105,$126,$162,$269,269,$0.27,$0.27,$98,$0,$0,$9317,$378,$38440,$141,$1630,$44271,$53588,$38958,$2539,$2980,$5519,$44477,$683,$6814,$-2127,$9111,$53588,$-66,$-73,$578,$505,$386,$0,$-27,$-511,$-152,$287,$-33,$0,$12,$-895,$706,$-189,$-10,$-220,$0,$0,$0,$0,$0,$-63,$4,$-59,$13,$0,$0
38,2009-03-31,6.11,$27.84,0.22,$26.58,0.23,$13.16,0.46,$-2.71,0.0,$9.37B,$38.96B,0.24,$2.30B,$6.24B,0.37,$7.16B,$1.48B,20.67%,$7.16B,$-1.03B,-14.40%,$7.16B,$-1.03B,-14.40%,$7.16B,$-1.22B,-17.05%,$7.16B,$-1.16B,-16.23%,$7.16B,$-0.71B,-9.95%,$-0.71B,$7.49B,-8.94%,$-0.71B,$7.35B,-9.10%,$-0.71B,$51.78B,-1.34%,$-1.03B,$9.79B,-9.98%,$1638,$1342,$296,$0,$349,$1942,$-304,$-31,$-335,$-150,$-185,$-185,$-226,$-341,$-304,$269,269,$-0.84,$-0.84,$94,$0,$0,$9369,$390,$35835,$141,$1497,$42408,$51777,$38956,$2297,$3035,$5332,$44288,$683,$6619,$-3536,$7489,$51777,$-185,$-37,$485,$448,$223,$0,$-31,$-268,$-76,$187,$-17,$0,$9,$-1041,$861,$-180,$38,$-150,$0,$0,$0,$0,$0,$-31,$5,$-26,$9,$0,$0
39,2008-12-31,10.96,$27.12,0.4,$28.92,0.38,$13.53,0.81,$-1.18,0.0,$9.70B,$39.11B,0.25,$2.07B,$6.05B,0.34,$7.80B,$2.08B,26.62%,$7.80B,$-0.43B,-5.49%,$7.80B,$-0.43B,-5.49%,$7.80B,$-0.63B,-8.05%,$7.80B,$-0.56B,-7.21%,$7.80B,$-0.30B,-3.83%,$-0.30B,$7.30B,-3.54%,$-0.30B,$7.16B,-3.61%,$-0.30B,$51.69B,-0.55%,$-0.43B,$9.37B,-3.91%,$1537,$1343,$194,$0,$384,$2040,$-503,$-34,$-537,$-219,$-318,$-318,$-336,$-542,$-503,$269,269,$-1.31,$-1.31,$85,$0,$0,$9700,$393,$35359,$141,$1477,$41988,$51688,$39107,$2070,$3214,$5284,$44391,$683,$6845,$-3924,$7297,$51688,$-242,$-200,$2197,$1997,$987,$0,$-26,$-1158,$-197,$1558,$-104,$0,$18,$1032,$-2843,$-1811,$-11,$-1908,$-100,$0,$-100,$-69,$1181,$-141,$-593,$347,$-16,$0,$-122
40,2008-09-30,17.5,$28.76,0.61,$32.10,0.55,$12.10,1.45,$0.73,23.97,$10.88B,$40.06B,0.27,$2.76B,$7.74B,0.36,$8.68B,$2.78B,32.08%,$8.68B,$0.32B,3.71%,$8.68B,$0.32B,3.71%,$8.68B,$0.12B,1.41%,$8.68B,$0.19B,2.14%,$8.68B,$0.20B,2.32%,$0.20B,$7.74B,2.20%,$0.20B,$7.59B,2.23%,$0.20B,$53.71B,0.36%,$0.32B,$10.50B,2.75%,$1659,$1519,$140,$0,$355,$2168,$-509,$-33,$-542,$-218,$-324,$-324,$-331,$-569,$-509,$269,269,$-1.23,$-1.23,$115,$0,$0,$10876,$404,$37443,$142,$1277,$42832,$53708,$40062,$2764,$2742,$5910,$45972,$683,$7200,$-2163,$7736,$53708,$77,$-161,$1412,$1251,$712,$0,$-88,$-415,$-67,$1261,$-90,$0,$17,$-165,$-216,$-381,$-54,$-508,$-150,$0,$-150,$-69,$-69,$-122,$-392,$-733,$14,$0,$-122
41,2008-06-30,16.68,$34.74,0.48,$35.07,0.48,$9.94,1.68,$2.60,6.41,$10.64B,$40.36B,0.26,$2.30B,$9.35B,0.25,$9.50B,$3.55B,37.39%,$9.50B,$1.11B,11.70%,$9.50B,$1.11B,11.70%,$9.50B,$0.93B,9.76%,$9.50B,$0.97B,10.25%,$9.50B,$0.71B,7.43%,$0.71B,$9.35B,7.25%,$0.71B,$9.20B,7.35%,$0.71B,$55.18B,1.24%,$1.11B,$11.64B,8.62%,$2321,$1472,$849,$0,$360,$2035,$286,$-33,$253,$62,$191,$191,$181,$232,$286,$269,269,$0.67,$0.67,$78,$0,$0,$10644,$402,$39697,$142,$1324,$44537,$55181,$40361,$2296,$2756,$5474,$45835,$683,$7572,$-921,$9346,$55181,$392,$-101,$506,$405,$401,$0,$-22,$-386,$15,$812,$-64,$0,$15,$-430,$310,$-120,$-62,$-231,$-150,$0,$-150,$-69,$-69,$-81,$-294,$-594,$-14,$0,$-81
42,2008-03-31,17.01,$34.79,0.49,$35.53,0.48,$9.23,1.84,$2.73,6.23,$10.75B,$40.78B,0.26,$2.96B,$9.36B,0.32,$9.65B,$3.70B,38.34%,$9.65B,$1.19B,12.33%,$9.65B,$1.19B,12.33%,$9.65B,$1.00B,10.34%,$9.65B,$1.05B,10.88%,$9.65B,$0.74B,7.69%,$0.74B,$9.36B,7.49%,$0.74B,$9.22B,7.60%,$0.74B,$56.42B,1.27%,$1.19B,$12.32B,8.55%,$2282,$1389,$893,$0,$368,$1984,$298,$-34,$264,$64,$200,$200,$187,$251,$298,$271,271,$0.69,$0.69,$132,$0,$0,$10749,$394,$40929,$142,$1358,$45675,$56424,$40778,$2958,$2859,$6286,$47064,$683,$7431,$-763,$9360,$56424,$199,$-47,$168,$121,$158,$0,$-33,$-214,$-17,$303,$-32,$0,$-2,$-696,$-84,$-780,$825,$11,$-150,$0,$-150,$-70,$-70,$-41,$-12,$-273,$40,$0,$-41
43,2007-12-31,22.12,$37.36,0.59,$36.37,0.61,$8.90,2.48,$3.13,7.07,$10.44B,$41.02B,0.25,$2.22B,$10.15B,0.22,$9.89B,$3.88B,39.21%,$9.89B,$1.36B,13.78%,$9.89B,$1.36B,13.78%,$9.89B,$1.17B,11.88%,$9.89B,$1.22B,12.36%,$9.89B,$0.85B,8.61%,$0.85B,$10.15B,8.42%,$0.85B,$10.01B,8.54%,$0.85B,$56.76B,1.42%,$1.36B,$12.37B,9.12%,$2415,$1513,$902,$0,$383,$2168,$247,$-36,$211,$38,$173,$210,$164,$208,$247,$272,272,$0.60,$0.60,$94,$0,$0,$10436,$378,$42119,$142,$1325,$46323,$56759,$41018,$2223,$2981,$5591,$46609,$683,$7285,$103,$10150,$56759,$899,$-188,$194,$6,$1386,$0,$-155,$-760,$433,$1239,$-160,$0,$53,$1347,$535,$1882,$-2857,$-1082,$0,$0,$0,$18,$18,$-95,$-108,$-185,$-23,$0,$0
44,2007-09-30,25.69,$37.23,0.69,$38.32,0.67,$13.01,1.97,$3.75,6.85,$11.73B,$41.43B,0.28,$5.15B,$10.12B,0.51,$10.31B,$4.22B,40.88%,$10.31B,$1.65B,16.01%,$10.31B,$1.65B,16.01%,$10.31B,$1.45B,14.08%,$10.31B,$1.51B,14.63%,$10.31B,$1.02B,9.85%,$1.02B,$10.12B,10.15%,$1.02B,$9.97B,10.30%,$1.02B,$60.12B,1.67%,$1.65B,$15.27B,10.59%,$2484,$1575,$909,$0,$384,$2203,$281,$-35,$246,$56,$190,$174,$174,$236,$281,$272,272,$0.64,$0.64,$80,$0,$0,$11725,$353,$44251,$142,$1379,$48390,$60115,$41427,$5152,$3047,$8573,$50000,$683,$7162,$192,$10115,$60115,$687,$-149,$129,$-20,$609,$0,$-82,$-420,$72,$713,$-118,$0,$42,$-963,$3157,$2194,$-2785,$-667,$0,$0,$0,$17,$17,$-54,$-46,$-83,$-37,$0,$-54
45,2007-06-30,31.08,$36.85,0.84,$39.07,0.8,$17.22,1.8,$4.26,7.3,$11.90B,$41.66B,0.29,$5.67B,$10.01B,0.57,$10.45B,$4.41B,42.16%,$10.45B,$1.85B,17.74%,$10.45B,$1.85B,17.74%,$10.45B,$1.65B,15.81%,$10.45B,$1.71B,16.38%,$10.45B,$1.15B,11.03%,$1.15B,$10.01B,11.75%,$1.15B,$9.87B,11.92%,$1.15B,$60.74B,1.90%,$1.85B,$15.68B,12.03%,$2469,$1473,$996,$0,$372,$2105,$364,$-35,$329,$91,$238,$227,$217,$303,$364,$272,272,$0.80,$0.80,$80,$0,$0,$11898,$334,$44753,$142,$1406,$48839,$60737,$41659,$5672,$3043,$9067,$50726,$683,$7015,$235,$10011,$60737,$513,$-104,$42,$-62,$444,$0,$-24,$-276,$83,$541,$22,$0,$50,$-1215,$310,$-905,$304,$-529,$0,$0,$0,$17,$17,$-27,$-44,$-54,$-42,$0,$-27
46,2007-03-31,28.02,$37.34,0.75,$39.41,0.71,$18.53,1.51,$4.32,6.49,$12.10B,$41.69B,0.29,$6.26B,$10.14B,0.62,$10.39B,$4.39B,42.23%,$10.39B,$1.86B,17.86%,$10.39B,$1.86B,17.86%,$10.39B,$1.64B,15.75%,$10.39B,$1.73B,16.69%,$10.39B,$1.18B,11.31%,$1.18B,$10.14B,12.31%,$1.18B,$10.00B,12.50%,$1.18B,$61.61B,1.95%,$1.86B,$16.40B,12.78%,$2517,$1448,$1069,$0,$381,$2047,$470,$-34,$436,$132,$304,$294,$296,$427,$470,$271,272,$1.09,$1.09,$91,$0,$0,$12104,$296,$45524,$142,$1545,$49501,$61605,$41694,$6260,$3065,$9772,$51466,$683,$6825,$563,$10139,$61605,$296,$-43,$-17,$-60,$43,$0,$30,$-172,$-39,$217,$-34,$0,$1,$-2060,$1864,$-196,$28,$-201,$0,$0,$0,$15,$15,$0,$-41,$-26,$-10,$0,$0
47,2006-12-31,26.22,$36.03,0.73,$39.91,0.66,$20.24,1.3,$4.05,6.47,$11.97B,$41.67B,0.29,$5.23B,$9.77B,0.54,$10.38B,$4.33B,41.72%,$10.38B,$1.77B,17.04%,$10.38B,$1.77B,17.04%,$10.38B,$1.54B,14.86%,$10.38B,$1.65B,15.90%,$10.38B,$1.11B,10.68%,$1.11B,$9.77B,11.99%,$1.11B,$9.63B,12.18%,$1.11B,$60.28B,1.85%,$1.77B,$15.00B,12.99%,$2843,$1601,$1242,$0,$402,$2307,$536,$-38,$498,$130,$368,$356,$329,$486,$536,$262,262,$1.23,$1.22,$84,$0,$0,$11973,$277,$44409,$142,$1437,$48310,$60283,$41669,$5228,$3243,$8846,$50515,$683,$6486,$549,$9768,$60283,$1108,$-226,$180,$-46,$2427,$0,$-1,$-1513,$1015,$2250,$-131,$0,$44,$-1331,$-2328,$-3659,$2100,$-1646,$465,$0,$465,$509,$-484,$0,$-586,$-605,$-1,$0,$0
