,Date,Stock Price,Book Value per Share,Price to Book Ratio,TTM Sales per Share,Price to Sales Ratio,TTM FCF per Share,Price to FCF Ratio,TTM Net EPS,PE Ratio,Current Assets,Current Liabilities,Current Ratio,Long Term Debt,Shareholder's Equity_x,Debt to Equity Ratio,TTM Revenue_x,TTM Gross Profit,Gross Margin,TTM Revenue_y,TTM Operating Income,Operating Margin,TTM Revenue_x,TTM EBIT,EBIT Margin,TTM Revenue_y,TTM EBITDA,EBITDA Margin,TTM Revenue_x,TTM Pre-Tax Income,Pre-Tax Margin,TTM Revenue_y,TTM Net Income_x,Net Margin,TTM Net Income_y,Shareholder's Equity_y,Return on Equity,TTM Net Income_x,Tangible Equity,Return on Tangible Equity,TTM Net Income_y,Total Assets,Return on Assets,TTM Net Income,LT Investments & Debt,Return on Investment,revenue,cost-goods-sold,gross-profit,research-development-expenses,selling-general-administrative-expenses,operating-expenses,operating-income,total-non-operating-income-expense,pre-tax-income,total-provision-income-taxes,income-after-taxes,income-from-continuous-operations,net-income,ebitda,ebit,basic-shares-outstanding,shares-outstanding,eps-basic-net-earnings-per-share,eps-earnings-per-share-diluted,cash-on-hand,inventory,other-current-assets,total-current-assets,net-property-plant-equipment,long-term-investments,goodwill-intangible-assets-total,other-long-term-assets,total-long-term-assets,total-assets,total-current-liabilities,long-term-debt,other-non-current-liabilities,total-long-term-liabilities,total-liabilities,common-stock-net,retained-earnings-accumulated-deficit,comprehensive-income,total-share-holder-equity,total-liabilities-share-holders-equity,net-income-loss,total-depreciation-amortization-cash-flow,other-non-cash-items,total-non-cash-items,change-in-accounts-receivable,change-in-inventories,change-in-accounts-payable,change-in-assets-liabilities,total-change-in-assets-liabilities,cash-flow-from-operating-activities,net-change-in-property-plant-equipment,net-change-in-intangible-assets,net-acquisitions-divestitures,net-change-in-short-term-investments,net-change-in-long-term-investments,net-change-in-investments-total,investing-activities-other,cash-flow-from-investing-activities,net-long-term-debt,net-current-debt,debt-issuance-retirement-net-total,net-common-equity-issued-repurchased,net-total-equity-issued-repurchased,total-common-preferred-stock-dividends-paid,financial-activities-other,cash-flow-from-financial-activities,net-cash-flow,stock-based-compensation,common-stock-dividends-paid
0,2018-09-30,72.25,$51.52,1.4,$19.33,3.74,$10.59,6.82,$3.00,24.08,$2.46B,$4.11B,0.6,$0.41B,$0.29B,1.43,$0.15B,$0.11B,73.29%,$0.15B,$0.04B,25.34%,$0.15B,0,0.00%,$0.15B,0,0.00%,$0.15B,$0.04B,25.34%,$0.15B,$0.03B,18.49%,$0.03B,$0.29B,9.89%,$0.03B,$0.28B,9.98%,$0.03B,$4.87B,0.56%,$0.04B,$0.70B,5.32%,$39,$12,$27,$0,$17,$29,$10,$0,$10,$0,$10,$10,$10,$0,$0,$6,8,$1.72,$1.27,$211,$0,$0,$2457,$24,$2267,$3,$120,$2413,$4870,$4105,$409,$70,$479,$4584,$6,$292,$-20,$287,$4870,$26,$1,$-1,$0,$-2,$0,$0,$6,$5,$31,$-3,$0,$0,$0,$-141,$-141,$-85,$-229,$25,$-19,$6,$0,$0,$-2,$47,$52,$-145,$0,$-2
1,2018-06-30,76.28,$49.84,1.53,$18.47,4.13,$9.66,7.89,$4.44,17.18,$2.46B,$4.01B,0.61,$0.54B,$0.28B,1.96,$0.14B,$0.11B,75.54%,$0.14B,$0.04B,25.90%,$0.14B,0,0.00%,$0.14B,0,0.00%,$0.14B,$0.04B,25.90%,$0.14B,$0.03B,17.99%,$0.03B,$0.28B,9.36%,$0.03B,$0.28B,9.45%,$0.03B,$4.90B,0.53%,$0.04B,$0.82B,5.25%,$37,$10,$27,$0,$18,$28,$9,$0,$9,$0,$9,$9,$9,$0,$0,$6,8,$1.62,$1.20,$254,$0,$0,$2461,$23,$2291,$3,$121,$2437,$4898,$4007,$543,$71,$614,$4621,$6,$283,$-20,$277,$4898,$17,$1,$-0,$1,$-1,$0,$0,$4,$3,$20,$-1,$0,$0,$0,$-158,$-158,$-52,$-211,$159,$-18,$141,$0,$0,$-1,$-51,$89,$-102,$0,$-1
2,2018-03-31,79.16,$48.17,1.64,$17.94,4.41,$8.82,8.97,$4.29,18.45,$2.42B,$4.08B,0.59,$0.35B,$0.27B,1.32,$0.14B,$0.10B,77.04%,$0.14B,$0.04B,26.67%,$0.14B,0,0.00%,$0.14B,0,0.00%,$0.14B,$0.04B,26.67%,$0.14B,$0.02B,17.78%,$0.02B,$0.27B,9.18%,$0.02B,$0.27B,9.28%,$0.02B,$4.78B,0.51%,$0.04B,$0.62B,5.40%,$36,$9,$27,$0,$18,$27,$8,$0,$8,$1,$8,$8,$8,$0,$0,$6,8,$1.38,$1.02,$251,$0,$0,$2422,$23,$2210,$3,$118,$2355,$4777,$4077,$353,$78,$431,$4508,$6,$275,$-21,$268,$4777,$8,$1,$-0,$0,$0,$0,$0,$6,$6,$14,$-1,$0,$0,$0,$-81,$-81,$-9,$-90,$-31,$-17,$-48,$0,$0,$-1,$19,$-30,$-106,$0,$-1
3,2017-12-31,77.9,$46.74,1.67,$17.26,4.51,$7.73,10.08,$4.00,19.47,$2.52B,$4.08B,0.62,$0.38B,$0.26B,1.48,$0.13B,$0.10B,77.69%,$0.13B,$0.03B,26.15%,$0.13B,0,0.00%,$0.13B,0,0.00%,$0.13B,$0.03B,26.15%,$0.13B,$0.02B,16.92%,$0.02B,$0.26B,8.59%,$0.02B,$0.26B,8.68%,$0.02B,$4.79B,0.48%,$0.03B,$0.64B,5.17%,$34,$8,$26,$0,$16,$24,$10,$0,$10,$10,$0,$0,$0,$0,$0,$6,8,$0.02,$0.00,$356,$0,$0,$2517,$24,$2121,$3,$122,$2268,$4786,$4076,$384,$65,$449,$4525,$6,$264,$-18,$260,$4786,$22,$3,$9,$12,$-2,$0,$0,$-10,$-12,$22,$-3,$0,$0,$3,$58,$61,$-252,$-194,$55,$-23,$31,$0,$0,$-2,$264,$293,$120,$0,$-2
4,2017-09-30,79.62,$47.17,1.69,$16.53,4.82,$7.90,10.08,$5.17,15.4,$2.35B,$3.84B,0.61,$0.39B,$0.26B,1.5,$0.12B,$0.10B,78.23%,$0.12B,$0.03B,24.19%,$0.12B,0,0.00%,$0.12B,0,0.00%,$0.12B,$0.03B,24.19%,$0.12B,$0.03B,23.39%,$0.03B,$0.26B,11.55%,$0.03B,$0.26B,11.65%,$0.03B,$4.56B,0.64%,$0.03B,$0.66B,4.69%,$32,$7,$25,$0,$17,$24,$9,$0,$9,$1,$8,$8,$8,$0,$0,$6,8,$1.44,$1.07,$253,$0,$0,$2350,$24,$2065,$3,$117,$2208,$4558,$3835,$394,$67,$461,$4295,$6,$264,$-16,$263,$4558,$22,$2,$-2,$0,$-1,$0,$0,$3,$2,$24,$-3,$0,$0,$3,$119,$122,$-189,$-70,$65,$47,$112,$0,$0,$-2,$-48,$62,$17,$0,$-2
5,2017-06-30,63.11,$45.73,1.38,$16.10,3.92,$7.12,8.86,$4.89,12.91,$2.25B,$3.74B,0.6,$0.49B,$0.26B,1.93,$0.12B,$0.10B,78.51%,$0.12B,$0.03B,22.31%,$0.12B,0,0.00%,$0.12B,0,0.00%,$0.12B,$0.03B,22.31%,$0.12B,$0.03B,22.31%,$0.03B,$0.26B,11.08%,$0.03B,$0.25B,11.17%,$0.03B,$4.55B,0.60%,$0.03B,$0.75B,4.39%,$33,$7,$26,$0,$18,$24,$9,$0,$9,$1,$8,$8,$8,$0,$0,$6,8,$1.46,$1.08,$228,$0,$0,$2247,$23,$2160,$3,$117,$2302,$4549,$3737,$492,$66,$558,$4295,$6,$257,$-17,$255,$4549,$14,$2,$-1,$1,$-1,$0,$0,$-0,$-1,$14,$-1,$0,$0,$3,$28,$31,$-114,$-84,$163,$-15,$148,$0,$0,$-1,$-84,$62,$-8,$0,$-1
6,2017-03-31,60.24,$44.24,1.36,$15.47,3.89,$6.42,9.38,$4.54,13.27,$2.10B,$3.93B,0.53,$0.34B,$0.25B,1.37,$0.12B,$0.09B,79.31%,$0.12B,$0.02B,20.69%,$0.12B,0,0.00%,$0.12B,0,0.00%,$0.12B,$0.02B,20.69%,$0.12B,$0.03B,21.55%,$0.03B,$0.25B,10.56%,$0.03B,$0.24B,10.65%,$0.03B,$4.58B,0.57%,$0.02B,$0.58B,3.98%,$31,$6,$24,$0,$18,$24,$6,$0,$6,$0,$6,$6,$6,$0,$0,$6,8,$1.09,$0.81,$70,$0,$0,$2095,$23,$2340,$3,$116,$2482,$4577,$3933,$338,$60,$398,$4331,$6,$249,$-17,$246,$4577,$6,$1,$-1,$0,$-1,$0,$0,$1,$0,$6,$-1,$0,$0,$1,$-165,$-164,$-116,$-281,$9,$8,$16,$0,$0,$-1,$90,$106,$-169,$0,$-1
7,2016-12-31,59.31,$43.11,1.38,$14.99,3.96,$6.44,9.21,$4.40,13.48,$2.15B,$3.84B,0.56,$0.33B,$0.24B,1.37,$0.11B,$0.09B,80.36%,$0.11B,$0.02B,20.54%,$0.11B,0,0.00%,$0.11B,0,0.00%,$0.11B,$0.02B,20.54%,$0.11B,$0.02B,21.43%,$0.02B,$0.24B,10.41%,$0.02B,$0.24B,10.51%,$0.02B,$4.46B,0.56%,$0.02B,$0.57B,3.77%,$28,$6,$22,$0,$16,$22,$6,$0,$6,$-0,$7,$7,$7,$0,$0,$6,8,$1.18,$0.87,$239,$0,$0,$2149,$23,$2174,$0,$116,$2314,$4463,$3835,$329,$58,$387,$4223,$6,$244,$-17,$240,$4463,$25,$4,$-3,$0,$-3,$0,$0,$0,$-3,$22,$-2,$0,$0,$0,$-306,$-306,$-183,$-492,$-75,$-16,$-91,$0,$0,$-2,$578,$485,$15,$0,$-2
8,2016-09-30,44.68,$41.99,1.06,$14.79,3.02,$4.93,9.05,$4.30,10.39,$2.05B,$3.68B,0.56,$0.33B,$0.23B,1.41,$0.11B,$0.09B,81.08%,$0.11B,$0.02B,20.72%,$0.11B,0,0.00%,$0.11B,0,0.00%,$0.11B,$0.02B,20.72%,$0.11B,$0.02B,20.72%,$0.02B,$0.23B,10.26%,$0.02B,$0.23B,10.36%,$0.02B,$4.30B,0.56%,$0.02B,$0.56B,3.70%,$29,$6,$23,$0,$17,$23,$6,$0,$6,$-0,$6,$6,$6,$0,$0,$6,8,$1.16,$0.86,$222,$0,$0,$2047,$23,$2112,$3,$113,$2252,$4298,$3675,$329,$60,$389,$4065,$6,$238,$-17,$234,$4298,$18,$2,$-2,$0,$-1,$0,$0,$-0,$-1,$17,$-1,$0,$0,$-0,$-243,$-243,$-101,$-345,$-75,$16,$-59,$0,$0,$-2,$386,$326,$-2,$0,$-2
9,2016-06-30,41.62,$40.80,1.02,$14.58,2.86,$3.56,11.69,$4.25,9.79,$1.89B,$3.44B,0.55,$0.47B,$0.23B,2.06,$0.11B,$0.09B,80.91%,$0.11B,$0.02B,20.91%,$0.11B,0,0.00%,$0.11B,0,0.00%,$0.11B,$0.02B,20.91%,$0.11B,$0.02B,20.91%,$0.02B,$0.23B,10.53%,$0.02B,$0.22B,10.64%,$0.02B,$4.19B,0.57%,$0.02B,$0.69B,3.53%,$28,$5,$23,$0,$17,$22,$6,$0,$6,$0,$6,$6,$6,$0,$0,$6,8,$1.12,$0.83,$90,$0,$0,$1889,$24,$2163,$3,$112,$2301,$4190,$3437,$467,$59,$526,$3963,$6,$232,$-17,$227,$4190,$12,$2,$-1,$1,$-2,$0,$0,$-2,$-4,$8,$-1,$0,$0,$-0,$-288,$-288,$-79,$-368,$63,$20,$83,$0,$0,$-1,$144,$226,$-134,$0,$-1
10,2016-03-31,38.15,$39.66,0.96,$14.38,2.65,$2.05,18.62,$4.19,9.1,$2.10B,$3.38B,0.62,$0.39B,$0.22B,1.78,$0.11B,$0.09B,80.73%,$0.11B,$0.02B,21.10%,$0.11B,0,0.00%,$0.11B,0,0.00%,$0.11B,$0.02B,21.10%,$0.11B,$0.02B,21.10%,$0.02B,$0.22B,10.81%,$0.02B,$0.22B,10.91%,$0.02B,$4.06B,0.58%,$0.02B,$0.61B,3.49%,$27,$5,$22,$0,$16,$22,$5,$0,$5,$0,$5,$5,$5,$0,$0,$6,8,$0.95,$0.70,$308,$0,$0,$2103,$24,$1817,$3,$109,$1952,$4055,$3384,$392,$58,$450,$3834,$6,$226,$-17,$221,$4055,$5,$1,$-1,$0,$0,$0,$0,$0,$1,$6,$-0,$0,$0,$-0,$54,$54,$-74,$-21,$-12,$20,$8,$0,$0,$-1,$91,$99,$84,$0,$-1
11,2015-12-31,42.48,$38.53,1.1,$14.08,3.02,$1.14,37.35,$4.13,10.29,$1.94B,$3.27B,0.59,$0.40B,$0.22B,1.88,$0.11B,$0.09B,80.37%,$0.11B,$0.02B,21.50%,$0.11B,0,0.00%,$0.11B,0,0.00%,$0.11B,$0.02B,21.50%,$0.11B,$0.02B,21.50%,$0.02B,$0.22B,11.11%,$0.02B,$0.22B,11.22%,$0.02B,$3.95B,0.59%,$0.02B,$0.62B,3.58%,$27,$5,$22,$0,$16,$21,$6,$0,$6,$-0,$6,$6,$6,$0,$0,$6,8,$1.07,$0.79,$224,$0,$0,$1940,$24,$1872,$0,$111,$2007,$3947,$3273,$404,$56,$460,$3733,$6,$221,$-18,$215,$3947,$23,$3,$-4,$-0,$-3,$0,$0,$-9,$-12,$11,$-3,$0,$0,$-1,$17,$16,$-402,$-389,$-28,$-15,$-42,$0,$0,$-2,$337,$293,$-85,$0,$-2
12,2015-09-30,39.74,$37.92,1.05,$13.89,2.86,$2.58,15.38,$4.07,9.76,$1.74B,$3.12B,0.56,$0.47B,$0.21B,2.22,$0.11B,$0.09B,80.95%,$0.11B,$0.02B,21.90%,$0.11B,0,0.00%,$0.11B,0,0.00%,$0.11B,$0.02B,21.90%,$0.11B,$0.02B,21.90%,$0.02B,$0.21B,11.41%,$0.02B,$0.21B,11.53%,$0.02B,$3.86B,0.61%,$0.02B,$0.68B,3.58%,$28,$5,$22,$0,$16,$21,$6,$0,$6,$0,$6,$6,$6,$0,$0,$6,8,$1.11,$0.82,$115,$0,$0,$1741,$24,$1984,$3,$105,$2115,$3856,$3121,$469,$55,$524,$3645,$6,$216,$-15,$211,$3856,$17,$2,$-2,$1,$-2,$0,$0,$-8,$-10,$7,$-2,$0,$0,$-0,$-95,$-95,$-309,$-406,$37,$-1,$36,$0,$0,$-2,$172,$207,$-192,$0,$-2
13,2015-06-30,39.52,$36.70,1.08,$13.60,2.91,$3.95,9.99,$3.99,9.91,$1.62B,$3.14B,0.52,$0.52B,$0.20B,2.55,$0.10B,$0.08B,82.35%,$0.10B,$0.02B,22.55%,$0.10B,0,0.00%,$0.10B,0,0.00%,$0.10B,$0.02B,22.55%,$0.10B,$0.02B,22.55%,$0.02B,$0.20B,11.63%,$0.02B,$0.20B,11.75%,$0.02B,$3.91B,0.62%,$0.02B,$0.73B,3.74%,$27,$5,$22,$0,$16,$21,$6,$0,$6,$0,$6,$6,$6,$0,$0,$6,8,$1.06,$0.79,$87,$0,$0,$1617,$24,$2151,$3,$118,$2297,$3914,$3136,$522,$52,$574,$3709,$6,$210,$-15,$204,$3914,$11,$2,$-1,$1,$-2,$0,$0,$-13,$-14,$-2,$-2,$0,$0,$-0,$-278,$-278,$-213,$-492,$90,$71,$161,$0,$0,$-1,$114,$274,$-220,$0,$-1
14,2015-03-31,38.47,$35.53,1.08,$13.37,2.88,$5.60,6.86,$3.94,9.76,$1.39B,$3.18B,0.44,$0.34B,$0.20B,1.74,$0.10B,$0.08B,82.00%,$0.10B,$0.02B,23.00%,$0.10B,0,0.00%,$0.10B,0,0.00%,$0.10B,$0.02B,23.00%,$0.10B,$0.02B,23.00%,$0.02B,$0.20B,11.87%,$0.02B,$0.20B,11.99%,$0.02B,$3.77B,0.63%,$0.02B,$0.54B,4.13%,$25,$5,$20,$0,$15,$20,$5,$0,$5,$0,$5,$5,$5,$0,$0,$6,8,$0.89,$0.66,$68,$0,$0,$1393,$24,$2254,$3,$98,$2380,$3773,$3176,$344,$56,$400,$3575,$6,$205,$-15,$198,$3773,$5,$1,$0,$1,$-1,$0,$0,$-6,$-6,$-1,$-1,$0,$0,$-0,$-366,$-366,$-10,$-377,$-88,$48,$-40,$0,$0,$-1,$178,$138,$-240,$0,$-1
15,2014-12-31,38.7,$34.57,1.12,$13.37,2.9,$6.39,6.05,$3.94,9.82,$1.62B,$2.95B,0.55,$0.43B,$0.19B,2.24,$0.10B,$0.08B,82.00%,$0.10B,$0.02B,23.00%,$0.10B,0,0.00%,$0.10B,0,0.00%,$0.10B,$0.02B,23.00%,$0.10B,$0.02B,23.00%,$0.02B,$0.19B,12.12%,$0.02B,$0.19B,12.25%,$0.02B,$3.62B,0.64%,$0.02B,$0.62B,4.23%,$25,$5,$21,$0,$15,$20,$6,$0,$6,$0,$6,$6,$6,$0,$0,$6,8,$1.00,$0.75,$307,$0,$0,$1623,$24,$1880,$0,$97,$2001,$3624,$2950,$432,$50,$482,$3432,$6,$200,$-15,$193,$3624,$22,$3,$-2,$1,$-0,$0,$0,$0,$-0,$22,$-3,$0,$0,$2,$104,$106,$-73,$30,$140,$-2,$138,$0,$0,$-2,$22,$158,$211,$0,$-2
16,2014-09-30,33.34,$35.13,0.95,$13.31,2.5,$6.38,5.23,$3.83,8.71,$1.50B,$2.99B,0.5,$0.37B,$0.20B,1.91,$0.10B,$0.08B,81.00%,$0.10B,$0.02B,22.00%,$0.10B,0,0.00%,$0.10B,0,0.00%,$0.10B,$0.02B,22.00%,$0.10B,$0.02B,22.00%,$0.02B,$0.20B,11.86%,$0.02B,$0.19B,11.99%,$0.02B,$3.60B,0.62%,$0.02B,$0.57B,4.36%,$25,$5,$21,$0,$15,$19,$6,$0,$6,$0,$6,$6,$6,$0,$0,$6,8,$1.03,$0.76,$163,$0,$0,$1500,$23,$1984,$3,$87,$2098,$3597,$2986,$374,$43,$416,$3402,$6,$195,$-6,$196,$3597,$16,$2,$-1,$1,$0,$0,$0,$-0,$-0,$18,$-2,$0,$0,$2,$-0,$2,$-88,$-88,$82,$-19,$63,$0,$0,$-2,$75,$136,$66,$0,$-2
17,2014-06-30,33.92,$33.88,1.0,$13.30,2.55,$6.17,5.5,$3.79,8.95,$1.39B,$3.03B,0.46,$0.30B,$0.19B,1.61,$0.10B,$0.08B,81.00%,$0.10B,$0.02B,22.00%,$0.10B,0,0.00%,$0.10B,0,0.00%,$0.10B,$0.02B,22.00%,$0.10B,$0.02B,22.00%,$0.02B,$0.19B,12.36%,$0.02B,$0.19B,12.48%,$0.02B,$3.56B,0.64%,$0.02B,$0.49B,4.64%,$25,$5,$20,$0,$15,$19,$6,$0,$6,$0,$6,$6,$6,$0,$0,$6,8,$1.01,$0.74,$94,$0,$0,$1393,$23,$2051,$3,$87,$2165,$3558,$3030,$304,$35,$339,$3369,$6,$190,$-7,$188,$3558,$11,$2,$-0,$1,$-0,$0,$0,$-2,$-2,$10,$-1,$0,$0,$2,$-76,$-73,$-50,$-124,$12,$-34,$-22,$0,$0,$-1,$134,$111,$-3,$0,$-1
18,2014-03-31,32.63,$32.77,1.0,$13.19,2.47,$5.57,5.86,$3.68,8.87,$1.42B,$2.98B,0.48,$0.31B,$0.18B,1.7,$0.10B,$0.08B,81.82%,$0.10B,$0.02B,21.21%,$0.10B,0,0.00%,$0.10B,0,0.00%,$0.10B,$0.02B,21.21%,$0.10B,$0.02B,21.21%,$0.02B,$0.18B,12.17%,$0.02B,$0.18B,12.30%,$0.02B,$3.50B,0.62%,$0.02B,$0.49B,4.71%,$25,$5,$20,$0,$15,$19,$5,$0,$5,$0,$5,$5,$5,$0,$0,$6,8,$0.89,$0.65,$168,$0,$0,$1417,$23,$1971,$3,$86,$2083,$3500,$2975,$309,$35,$343,$3318,$6,$185,$-8,$182,$3500,$5,$1,$-0,$1,$0,$0,$0,$-1,$-0,$5,$-1,$0,$0,$-0,$2,$2,$0,$2,$18,$-4,$14,$0,$0,$-1,$48,$61,$69,$0,$-1
19,2013-12-31,31.69,$31.76,1.0,$13.05,2.43,$4.93,6.43,$3.60,8.8,$1.35B,$2.93B,0.46,$0.29B,$0.18B,1.65,$0.10B,$0.08B,81.63%,$0.10B,$0.02B,21.43%,$0.10B,0,0.00%,$0.10B,0,0.00%,$0.10B,$0.02B,21.43%,$0.10B,$0.02B,20.41%,$0.02B,$0.18B,11.61%,$0.02B,$0.18B,11.73%,$0.02B,$3.43B,0.60%,$0.02B,$0.47B,4.97%,$25,$5,$20,$0,$15,$20,$5,$0,$5,$0,$5,$5,$5,$0,$0,$6,8,$0.91,$0.67,$99,$0,$0,$1350,$23,$1970,$0,$88,$2081,$3431,$2930,$291,$33,$324,$3255,$6,$181,$-8,$176,$3431,$20,$5,$-3,$2,$-2,$0,$0,$1,$-1,$21,$-2,$0,$0,$13,$-286,$-273,$-155,$-430,$60,$23,$83,$0,$0,$-2,$271,$352,$-58,$0,$-2
20,2013-09-30,31.65,$29.94,1.06,$12.88,2.46,$5.15,6.15,$3.56,8.89,$1.36B,$2.87B,0.47,$0.28B,$0.17B,1.67,$0.10B,$0.08B,81.44%,$0.10B,$0.02B,21.65%,$0.10B,0,0.00%,$0.10B,0,0.00%,$0.10B,$0.02B,21.65%,$0.10B,$0.02B,20.62%,$0.02B,$0.17B,11.54%,$0.02B,$0.16B,11.66%,$0.02B,$3.36B,0.62%,$0.02B,$0.44B,5.14%,$25,$5,$21,$0,$15,$19,$6,$0,$6,$0,$6,$6,$6,$0,$0,$6,8,$0.99,$0.73,$143,$0,$0,$1359,$23,$1887,$3,$89,$2002,$3361,$2873,$277,$44,$321,$3195,$6,$176,$-13,$166,$3361,$15,$4,$-2,$3,$-2,$0,$0,$-1,$-2,$15,$-1,$0,$0,$8,$-204,$-196,$-118,$-315,$46,$-6,$40,$0,$0,$-2,$243,$281,$-19,$0,$-2
21,2013-06-30,33.13,$29.92,1.11,$13.00,2.55,$5.99,5.53,$3.59,9.23,$1.34B,$2.86B,0.47,$0.21B,$0.17B,1.28,$0.10B,$0.08B,80.61%,$0.10B,$0.02B,21.43%,$0.10B,0,0.00%,$0.10B,0,0.00%,$0.10B,$0.02B,21.43%,$0.10B,$0.02B,20.41%,$0.02B,$0.17B,11.35%,$0.02B,$0.16B,11.48%,$0.02B,$3.29B,0.64%,$0.02B,$0.38B,5.29%,$24,$5,$20,$0,$14,$19,$5,$0,$5,$0,$5,$5,$5,$0,$0,$6,8,$0.90,$0.67,$192,$0,$0,$1341,$23,$1836,$3,$83,$1945,$3286,$2855,$213,$51,$264,$3120,$6,$171,$-23,$166,$3286,$10,$3,$-1,$2,$-7,$0,$0,$0,$-7,$5,$-1,$0,$0,$-2,$-137,$-139,$-45,$-185,$-18,$23,$5,$0,$0,$-1,$196,$200,$20,$0,$-1
22,2013-03-31,31.98,$32.58,0.98,$12.99,2.46,$6.76,4.73,$3.55,9.01,$1.38B,$2.71B,0.51,$0.22B,$0.18B,1.21,$0.10B,$0.08B,79.59%,$0.10B,$0.02B,21.43%,$0.10B,0,0.00%,$0.10B,0,0.00%,$0.10B,$0.02B,21.43%,$0.10B,$0.02B,20.41%,$0.02B,$0.18B,11.27%,$0.02B,$0.18B,11.41%,$0.02B,$3.16B,0.65%,$0.02B,$0.40B,5.18%,$24,$5,$19,$0,$14,$19,$5,$0,$5,$0,$4,$4,$4,$0,$0,$6,8,$0.81,$0.59,$257,$0,$0,$1381,$24,$1683,$3,$72,$1781,$3162,$2713,$218,$50,$268,$2981,$6,$167,$-3,$181,$3162,$4,$2,$-1,$1,$-3,$0,$0,$-2,$-5,$0,$-0,$0,$0,$5,$48,$53,$-23,$29,$-13,$-4,$-17,$0,$0,$-1,$81,$63,$93,$0,$-1
23,2012-12-31,30.96,$32.40,0.96,$12.91,2.4,$7.39,4.19,$3.43,9.03,$1.27B,$2.64B,0.48,$0.23B,$0.18B,1.29,$0.10B,$0.08B,79.38%,$0.10B,$0.02B,20.62%,$0.10B,0,0.00%,$0.10B,0,0.00%,$0.10B,$0.02B,20.62%,$0.10B,$0.02B,20.62%,$0.02B,$0.18B,11.51%,$0.02B,$0.18B,11.66%,$0.02B,$3.09B,0.67%,$0.02B,$0.41B,4.80%,$24,$5,$19,$0,$14,$19,$5,$0,$5,$0,$5,$5,$5,$0,$0,$6,8,$0.86,$0.64,$170,$0,$0,$1268,$24,$1725,$0,$69,$1818,$3086,$2636,$231,$39,$270,$2906,$6,$163,$-0,$180,$3086,$19,$6,$0,$7,$-0,$0,$0,$-0,$-1,$25,$-4,$0,$0,$1,$-268,$-267,$-127,$-398,$-49,$48,$-1,$0,$0,$-2,$320,$318,$-55,$0,$-2
24,2012-09-30,29.88,$32.10,0.93,$12.88,2.32,$6.77,4.42,$3.33,8.97,$1.35B,$2.52B,0.53,$0.22B,$0.18B,1.24,$0.10B,$0.08B,78.35%,$0.10B,$0.02B,20.62%,$0.10B,0,0.00%,$0.10B,0,0.00%,$0.10B,$0.02B,20.62%,$0.10B,$0.02B,19.59%,$0.02B,$0.18B,11.24%,$0.02B,$0.18B,11.39%,$0.02B,$2.97B,0.66%,$0.02B,$0.40B,4.71%,$26,$5,$21,$0,$15,$20,$6,$0,$6,$1,$6,$6,$6,$0,$0,$6,8,$1.02,$0.75,$293,$0,$0,$1345,$23,$1529,$3,$66,$1621,$2966,$2519,$220,$48,$268,$2788,$6,$159,$2,$178,$2966,$14,$5,$1,$6,$4,$0,$0,$0,$4,$24,$-3,$0,$0,$-13,$-59,$-72,$-84,$-160,$-60,$33,$-27,$0,$0,$-2,$219,$190,$54,$0,$-2
25,2012-06-30,27.72,$30.76,0.9,$12.61,2.2,$5.47,5.07,$3.14,8.83,$1.37B,$2.51B,0.54,$0.25B,$0.17B,1.43,$0.10B,$0.07B,76.84%,$0.10B,$0.02B,20.00%,$0.10B,0,0.00%,$0.10B,0,0.00%,$0.10B,$0.02B,20.00%,$0.10B,$0.02B,18.95%,$0.02B,$0.17B,10.89%,$0.02B,$0.17B,11.04%,$0.02B,$3.00B,0.64%,$0.02B,$0.42B,4.49%,$24,$5,$19,$0,$14,$19,$5,$0,$5,$0,$5,$5,$5,$0,$0,$6,8,$0.86,$0.63,$351,$0,$0,$1368,$23,$1539,$3,$68,$1633,$3000,$2513,$245,$72,$317,$2830,$6,$154,$-0,$171,$3000,$9,$3,$1,$4,$4,$0,$0,$-4,$-1,$12,$-2,$0,$0,$-4,$-46,$-50,$-47,$-99,$-36,$30,$-6,$0,$0,$-1,$215,$208,$121,$0,$-1
26,2012-03-31,25.35,$29.91,0.85,$12.49,2.03,$4.37,5.81,$3.04,8.34,$1.12B,$2.33B,0.48,$0.28B,$0.17B,1.67,$0.09B,$0.07B,75.53%,$0.09B,$0.02B,19.15%,$0.09B,0,0.00%,$0.09B,0,0.00%,$0.09B,$0.02B,19.15%,$0.09B,$0.02B,18.09%,$0.02B,$0.17B,10.54%,$0.02B,$0.16B,10.69%,$0.02B,$2.86B,0.63%,$0.02B,$0.44B,4.28%,$23,$5,$18,$0,$14,$19,$4,$0,$4,$0,$4,$4,$4,$0,$0,$6,8,$0.69,$0.51,$145,$0,$0,$1121,$22,$1645,$3,$65,$1735,$2856,$2334,$277,$79,$356,$2690,$6,$149,$-1,$166,$2856,$4,$2,$1,$2,$-0,$0,$0,$-0,$-1,$5,$-1,$0,$0,$5,$-145,$-140,$-4,$-144,$-3,$-1,$-4,$0,$0,$-1,$67,$63,$-77,$0,$-1
27,2011-12-31,26.11,$28.99,0.9,$13.61,1.92,$4.98,5.25,$3.02,8.65,$1.20B,$2.27B,0.53,$0.28B,$0.16B,1.74,$0.09B,$0.07B,74.47%,$0.09B,$0.02B,19.15%,$0.09B,0,0.00%,$0.09B,0,0.00%,$0.09B,$0.02B,19.15%,$0.09B,$0.02B,18.09%,$0.02B,$0.16B,10.85%,$0.02B,$0.16B,11.02%,$0.02B,$2.74B,0.64%,$0.02B,$0.44B,4.44%,$24,$5,$18,$0,$14,$19,$5,$0,$5,$1,$4,$4,$4,$0,$0,$6,8,$0.75,$0.37,$226,$0,$0,$1200,$22,$1454,$0,$68,$1543,$2743,$2268,$280,$34,$315,$2583,$6,$146,$-3,$161,$2743,$17,$6,$2,$7,$-3,$0,$0,$-2,$-5,$19,$-3,$0,$0,$96,$-292,$-196,$-78,$-277,$22,$35,$57,$0,$0,$-2,$223,$277,$19,$0,$-2
28,2011-09-30,21.38,$29.43,0.73,$13.58,1.57,$5.20,4.11,$2.97,7.2,$1.14B,$2.24B,0.51,$0.23B,$0.16B,1.41,$0.09B,$0.07B,75.27%,$0.09B,$0.02B,18.28%,$0.09B,0,0.00%,$0.09B,0,0.00%,$0.09B,$0.02B,18.28%,$0.09B,$0.02B,18.28%,$0.02B,$0.16B,11.13%,$0.02B,$0.16B,11.31%,$0.02B,$2.66B,0.66%,$0.02B,$0.39B,4.30%,$24,$6,$18,$0,$13,$19,$5,$0,$5,$1,$5,$5,$5,$0,$0,$6,8,$0.83,$0.61,$203,$0,$0,$1144,$22,$1431,$3,$64,$1520,$2664,$2238,$229,$33,$262,$2501,$6,$142,$4,$163,$2664,$13,$4,$1,$5,$0,$0,$0,$-5,$-5,$13,$-2,$0,$0,$95,$-260,$-166,$-48,$-216,$-29,$24,$-4,$0,$0,$-2,$203,$197,$-5,$0,$-2
29,2011-06-30,24.25,$28.04,0.87,$14.35,1.69,$5.94,4.08,$2.73,8.88,$1.22B,$2.17B,0.56,$0.25B,$0.16B,1.6,$0.09B,$0.07B,74.73%,$0.09B,$0.02B,16.48%,$0.09B,0,0.00%,$0.09B,0,0.00%,$0.09B,$0.02B,16.48%,$0.09B,$0.02B,16.48%,$0.02B,$0.16B,10.10%,$0.02B,$0.15B,10.27%,$0.02B,$2.60B,0.60%,$0.02B,$0.41B,3.75%,$23,$6,$17,$0,$13,$19,$4,$0,$4,$0,$4,$4,$4,$0,$0,$6,8,$0.76,$0.56,$261,$0,$0,$1216,$22,$1289,$3,$68,$1382,$2598,$2165,$249,$28,$277,$2443,$6,$138,$-0,$155,$2598,$8,$3,$1,$4,$-1,$0,$0,$-8,$-9,$3,$-2,$0,$0,$20,$-130,$-110,$-57,$-169,$-9,$0,$-9,$0,$0,$-1,$154,$145,$-21,$0,$-1
30,2011-03-31,24.43,$26.64,0.92,$15.48,1.58,$6.15,3.97,$2.51,9.73,$1.29B,$2.15B,0.6,$0.23B,$0.15B,1.59,$0.09B,$0.07B,74.73%,$0.09B,$0.01B,15.38%,$0.09B,0,0.00%,$0.09B,0,0.00%,$0.09B,$0.01B,15.38%,$0.09B,$0.01B,15.38%,$0.01B,$0.15B,9.62%,$0.01B,$0.14B,9.79%,$0.01B,$2.56B,0.57%,$0.01B,$0.38B,3.49%,$23,$6,$17,$0,$13,$19,$4,$0,$4,$0,$4,$4,$4,$0,$0,$6,6,$0.67,$0.67,$350,$0,$0,$1286,$21,$1192,$3,$61,$1277,$2564,$2152,$234,$30,$264,$2416,$6,$135,$-4,$148,$2564,$4,$1,$1,$2,$0,$0,$0,$1,$1,$7,$-0,$0,$0,$3,$-37,$-35,$-39,$-74,$-24,$11,$-13,$0,$0,$-1,$130,$117,$50,$0,$-1
31,2010-12-31,24.34,$26.18,0.93,$15.60,1.56,$5.73,4.25,$2.46,9.89,$1.20B,$2.01B,0.6,$0.26B,$0.15B,1.78,$0.09B,$0.07B,73.91%,$0.09B,$0.01B,15.22%,$0.09B,0,0.00%,$0.09B,0,0.00%,$0.09B,$0.01B,15.22%,$0.09B,$0.01B,14.13%,$0.01B,$0.15B,9.09%,$0.01B,$0.15B,9.25%,$0.01B,$2.44B,0.54%,$0.01B,$0.40B,3.48%,$23,$6,$18,$0,$13,$19,$4,$0,$4,$0,$4,$4,$4,$0,$0,$6,8,$0.70,$0.05,$302,$0,$0,$1201,$21,$1155,$0,$64,$1241,$2442,$2011,$258,$28,$286,$2297,$6,$132,$-4,$145,$2442,$14,$5,$2,$7,$-1,$0,$0,$0,$-1,$20,$-2,$0,$0,$-95,$-276,$-371,$-33,$-406,$-12,$-10,$-22,$0,$0,$-2,$200,$176,$-210,$0,$-2
32,2010-09-30,21.59,$26.36,0.82,$16.96,1.27,$4.61,4.69,$2.31,9.35,$1.28B,$1.99B,0.64,$0.27B,$0.15B,1.83,$0.09B,$0.07B,71.28%,$0.09B,$0.01B,13.83%,$0.09B,0,0.00%,$0.09B,0,0.00%,$0.09B,$0.01B,13.83%,$0.09B,$0.01B,12.77%,$0.01B,$0.15B,8.57%,$0.01B,$0.14B,8.73%,$0.01B,$2.43B,0.51%,$0.01B,$0.41B,3.23%,$22,$6,$16,$0,$13,$19,$3,$0,$3,$0,$3,$3,$3,$0,$0,$6,6,$0.59,$0.59,$419,$0,$0,$1275,$21,$1075,$3,$60,$1159,$2434,$1991,$267,$30,$297,$2288,$6,$128,$1,$146,$2434,$10,$4,$2,$5,$-0,$0,$0,$-1,$-1,$14,$-2,$0,$0,$-105,$-186,$-291,$11,$-283,$-4,$-10,$-14,$0,$0,$-2,$181,$165,$-103,$0,$-2
33,2010-06-30,19.81,$25.87,0.77,$17.22,1.15,$4.57,4.33,$2.30,8.61,$1.36B,$1.95B,0.7,$0.27B,$0.14B,1.86,$0.10B,$0.07B,70.53%,$0.10B,$0.01B,14.74%,$0.10B,0,0.00%,$0.10B,0,0.00%,$0.10B,$0.01B,14.74%,$0.10B,$0.01B,12.63%,$0.01B,$0.14B,8.81%,$0.01B,$0.14B,8.99%,$0.01B,$2.42B,0.53%,$0.01B,$0.41B,3.56%,$23,$6,$17,$0,$14,$20,$3,$0,$3,$0,$3,$3,$3,$0,$0,$6,6,$0.54,$0.54,$497,$0,$0,$1357,$21,$973,$3,$64,$1062,$2419,$1953,$266,$58,$324,$2276,$6,$125,$1,$143,$2419,$6,$2,$1,$3,$0,$0,$0,$-6,$-6,$4,$-2,$0,$0,$-122,$-56,$-179,$8,$-173,$-4,$5,$1,$0,$0,$-1,$126,$127,$-42,$0,$-1
34,2010-03-31,17.16,$24.95,0.69,$17.28,0.99,$5.27,3.25,$2.12,8.09,$1.23B,$1.94B,0.64,$0.25B,$0.14B,1.8,$0.10B,$0.07B,68.75%,$0.10B,$0.01B,13.54%,$0.10B,0,0.00%,$0.10B,0,0.00%,$0.10B,$0.01B,13.54%,$0.10B,$0.01B,11.46%,$0.01B,$0.14B,8.35%,$0.01B,$0.13B,8.54%,$0.01B,$2.36B,0.51%,$0.01B,$0.39B,3.31%,$24,$7,$17,$0,$13,$20,$4,$0,$4,$0,$3,$3,$3,$0,$0,$6,6,$0.62,$0.62,$356,$0,$0,$1230,$21,$1043,$4,$59,$1127,$2356,$1936,$248,$34,$282,$2218,$6,$123,$-2,$138,$2356,$3,$1,$1,$2,$-1,$0,$0,$0,$-0,$5,$-1,$0,$0,$-117,$-154,$-272,$-5,$-277,$-22,$-5,$-27,$0,$0,$-1,$121,$93,$-179,$0,$-1
35,2009-12-31,19.57,$24.00,0.82,$17.36,1.13,$4.93,3.97,$1.84,10.64,$1.29B,$1.82B,0.71,$0.27B,$0.13B,2.04,$0.10B,$0.06B,66.67%,$0.10B,$0.01B,11.46%,$0.10B,0,0.00%,$0.10B,0,0.00%,$0.10B,$0.01B,11.46%,$0.10B,$0.01B,10.42%,$0.01B,$0.13B,7.81%,$0.01B,$0.13B,8.00%,$0.01B,$2.25B,0.48%,$0.01B,$0.40B,2.92%,$25,$7,$17,$0,$14,$21,$3,$0,$3,$0,$3,$3,$3,$0,$0,$6,6,$0.56,$0.56,$417,$0,$0,$1288,$21,$881,$0,$64,$966,$2254,$1821,$270,$30,$301,$2121,$6,$120,$-4,$133,$2254,$10,$6,$2,$8,$1,$0,$0,$-11,$-10,$8,$-1,$0,$0,$25,$-179,$-154,$-46,$-201,$-5,$6,$2,$-0,$-0,$-2,$436,$436,$242,$0,$-2
36,2009-09-30,19.18,$23.72,0.81,$17.25,1.11,$5.80,3.31,$1.79,10.72,$1.14B,$1.62B,0.7,$0.24B,$0.13B,1.84,$0.10B,$0.06B,65.26%,$0.10B,$0.01B,11.58%,$0.10B,0,0.00%,$0.10B,0,0.00%,$0.10B,$0.01B,11.58%,$0.10B,$0.01B,10.53%,$0.01B,$0.13B,8.00%,$0.01B,$0.13B,8.20%,$0.01B,$2.05B,0.51%,$0.01B,$0.37B,2.94%,$23,$7,$16,$0,$12,$20,$4,$0,$4,$0,$3,$3,$3,$0,$0,$6,6,$0.58,$0.58,$271,$0,$0,$1138,$21,$839,$4,$49,$913,$2051,$1624,$242,$30,$271,$1920,$6,$118,$-3,$131,$2051,$7,$5,$2,$6,$0,$0,$0,$-1,$-1,$12,$-1,$0,$0,$-25,$-112,$-138,$-40,$-178,$-33,$-21,$-54,$-0,$-0,$-2,$267,$211,$45,$0,$-2
37,2009-06-30,16.21,$22.65,0.72,$17.43,0.93,$4.90,3.31,$1.67,9.71,$1.09B,$1.59B,0.69,$0.28B,$0.13B,2.25,$0.10B,$0.06B,64.58%,$0.10B,$0.01B,10.42%,$0.10B,0,0.00%,$0.10B,0,0.00%,$0.10B,$0.01B,10.42%,$0.10B,$0.01B,10.42%,$0.01B,$0.13B,8.15%,$0.01B,$0.12B,8.35%,$0.01B,$2.04B,0.53%,$0.01B,$0.41B,2.62%,$24,$8,$16,$0,$13,$22,$2,$0,$2,$0,$2,$2,$2,$0,$0,$6,6,$0.36,$0.36,$265,$0,$0,$1094,$21,$868,$4,$51,$944,$2038,$1591,$282,$30,$312,$1913,$6,$115,$-7,$125,$2038,$4,$3,$1,$4,$-0,$0,$0,$-1,$-1,$7,$-1,$0,$0,$-97,$-160,$-257,$0,$-258,$7,$-46,$-38,$-0,$-0,$-1,$259,$219,$-32,$0,$-1
38,2009-03-31,11.68,$22.24,0.53,$17.27,0.68,$4.36,2.68,$1.65,7.08,$1.10B,$1.58B,0.69,$0.20B,$0.12B,1.62,$0.10B,$0.06B,63.16%,$0.10B,$0.01B,10.53%,$0.10B,0,0.00%,$0.10B,0,0.00%,$0.10B,$0.01B,10.53%,$0.10B,$0.01B,10.53%,$0.01B,$0.12B,8.21%,$0.01B,$0.12B,8.44%,$0.01B,$1.96B,0.55%,$0.01B,$0.32B,2.61%,$24,$9,$15,$0,$13,$22,$2,$0,$2,$0,$2,$2,$2,$0,$0,$6,6,$0.34,$0.34,$260,$0,$0,$1097,$22,$786,$4,$50,$861,$1958,$1583,$200,$30,$229,$1835,$6,$113,$-7,$123,$1958,$2,$1,$0,$1,$-0,$0,$0,$-0,$-0,$3,$-0,$0,$0,$-66,$-65,$-131,$-6,$-137,$-75,$-2,$-77,$-0,$-0,$-1,$207,$129,$-5,$0,$-1
39,2008-12-31,13.63,$21.76,0.63,$17.07,0.8,$4.17,3.27,$1.63,8.36,$1.03B,$1.38B,0.75,$0.28B,$0.12B,2.28,$0.09B,$0.06B,62.77%,$0.09B,$0.01B,11.70%,$0.09B,0,0.00%,$0.09B,0,0.00%,$0.09B,$0.01B,11.70%,$0.09B,$0.01B,10.64%,$0.01B,$0.12B,8.23%,$0.01B,$0.12B,8.46%,$0.01B,$1.80B,0.58%,$0.01B,$0.40B,2.77%,$24,$9,$15,$0,$12,$21,$3,$0,$3,$0,$3,$3,$3,$0,$0,$6,6,$0.51,$0.51,$200,$0,$0,$1032,$22,$695,$0,$53,$770,$1802,$1378,$275,$28,$303,$1681,$6,$112,$-9,$121,$1802,$9,$3,$3,$6,$-0,$0,$0,$-1,$-1,$15,$-3,$0,$0,$-44,$-108,$-151,$-112,$-267,$-51,$27,$-25,$-0,$-0,$-2,$135,$108,$-144,$0,$-2
40,2008-09-30,12.86,$22.08,0.58,$17.07,0.75,$3.00,4.29,$1.55,8.3,$0.94B,$1.32B,0.71,$0.28B,$0.12B,2.29,$0.09B,$0.06B,61.70%,$0.09B,$0.01B,11.70%,$0.09B,0,0.00%,$0.09B,0,0.00%,$0.09B,$0.01B,11.70%,$0.09B,$0.01B,9.57%,$0.01B,$0.12B,7.44%,$0.01B,$0.12B,7.64%,$0.01B,$1.75B,0.53%,$0.01B,$0.40B,2.69%,$24,$9,$16,$0,$12,$21,$3,$0,$3,$1,$3,$3,$3,$0,$0,$6,6,$0.46,$0.46,$141,$0,$0,$940,$22,$732,$4,$47,$806,$1745,$1322,$280,$21,$301,$1623,$6,$110,$-5,$122,$1745,$6,$2,$2,$5,$-1,$0,$0,$-1,$-2,$9,$-3,$0,$0,$0,$-146,$-146,$-78,$-226,$-46,$-2,$-48,$-0,$-0,$-2,$108,$58,$-159,$0,$-2
41,2008-06-30,15.13,$21.76,0.7,$17.23,0.88,$2.21,6.85,$1.61,9.4,$0.93B,$1.27B,0.73,$0.29B,$0.12B,2.44,$0.10B,$0.06B,60.00%,$0.10B,$0.01B,12.63%,$0.10B,0,0.00%,$0.10B,0,0.00%,$0.10B,$0.01B,12.63%,$0.10B,$0.01B,9.47%,$0.01B,$0.12B,7.56%,$0.01B,$0.12B,7.78%,$0.01B,$1.71B,0.55%,$0.01B,$0.41B,3.09%,$23,$9,$14,$0,$12,$20,$2,$0,$2,$1,$2,$2,$2,$0,$0,$6,6,$0.34,$0.34,$172,$0,$0,$933,$22,$688,$4,$66,$781,$1714,$1273,$294,$27,$320,$1594,$6,$108,$-4,$121,$1714,$4,$2,$1,$3,$0,$0,$0,$-2,$-2,$5,$-2,$0,$0,$0,$-115,$-115,$-40,$-157,$-32,$13,$-19,$-0,$-0,$-1,$44,$24,$-128,$0,$-1
42,2008-03-31,17.02,$22.04,0.77,$17.41,0.98,$1.72,9.9,$1.56,10.91,$0.95B,$1.23B,0.77,$0.25B,$0.12B,2.08,$0.10B,$0.06B,58.33%,$0.10B,$0.01B,12.50%,$0.10B,0,0.00%,$0.10B,0,0.00%,$0.10B,$0.01B,12.50%,$0.10B,$0.01B,9.38%,$0.01B,$0.12B,7.74%,$0.01B,$0.12B,7.96%,$0.01B,$1.63B,0.56%,$0.01B,$0.38B,3.39%,$23,$10,$14,$0,$11,$21,$3,$0,$3,$1,$2,$2,$2,$0,$0,$6,6,$0.32,$0.32,$204,$0,$0,$945,$22,$614,$4,$43,$684,$1629,$1228,$254,$25,$279,$1507,$6,$107,$-1,$122,$1629,$2,$1,$0,$1,$-0,$0,$0,$-0,$-0,$3,$-1,$0,$0,$0,$-18,$-18,$-19,$-37,$-72,$-6,$-78,$0,$0,$-1,$18,$-61,$-96,$0,$-1
43,2007-12-31,16.99,$21.43,0.79,$17.48,0.97,$1.47,11.54,$1.42,11.96,$1.02B,$1.22B,0.84,$0.33B,$0.12B,2.74,$0.10B,$0.05B,55.67%,$0.10B,$0.01B,10.31%,$0.10B,0,0.00%,$0.10B,0,0.00%,$0.10B,$0.01B,10.31%,$0.10B,$0.01B,8.25%,$0.01B,$0.12B,7.08%,$0.01B,$0.12B,7.31%,$0.01B,$1.68B,0.51%,$0.01B,$0.45B,3.06%,$24,$10,$14,$0,$10,$21,$3,$0,$3,$1,$2,$2,$2,$0,$0,$6,6,$0.43,$0.43,$300,$0,$0,$1023,$22,$587,$0,$48,$657,$1680,$1216,$326,$19,$345,$1561,$6,$106,$-4,$119,$1680,$8,$3,$0,$3,$1,$0,$0,$-6,$-6,$6,$-0,$0,$0,$0,$102,$102,$8,$110,$167,$-1,$166,$0,$0,$-2,$-139,$25,$140,$0,$-2
44,2007-09-30,18.25,$20.60,0.89,$17.46,1.05,$1.61,11.31,$1.19,15.34,$0.88B,$1.20B,0.73,$0.20B,$0.11B,1.77,$0.10B,$0.05B,53.61%,$0.10B,$0.01B,9.28%,$0.10B,0,0.00%,$0.10B,0,0.00%,$0.10B,$0.01B,9.28%,$0.10B,$0.01B,7.22%,$0.01B,$0.11B,6.36%,$0.01B,$0.11B,6.57%,$0.01B,$1.54B,0.45%,$0.01B,$0.32B,3.19%,$25,$11,$15,$0,$10,$21,$4,$0,$4,$1,$3,$3,$3,$0,$0,$6,6,$0.52,$0.52,$140,$0,$0,$875,$22,$597,$4,$44,$668,$1543,$1204,$202,$22,$225,$1429,$6,$104,$-7,$114,$1543,$5,$3,$-1,$2,$-0,$0,$0,$-4,$-5,$3,$-0,$0,$0,$0,$90,$90,$-2,$88,$43,$7,$50,$0,$0,$-2,$-159,$-110,$-20,$0,$-2
45,2007-06-30,18.88,$19.78,0.95,$17.08,1.11,$1.65,11.42,$0.89,21.22,$0.83B,$1.22B,0.68,$0.17B,$0.11B,1.56,$0.10B,$0.05B,51.58%,$0.10B,$0.01B,7.37%,$0.10B,0,0.00%,$0.10B,0,0.00%,$0.10B,$0.01B,7.37%,$0.10B,$0.01B,5.26%,$0.01B,$0.11B,4.62%,$0.01B,$0.11B,4.78%,$0.01B,$1.52B,0.32%,$0.01B,$0.28B,2.62%,$24,$11,$13,$0,$11,$22,$2,$0,$2,$1,$2,$2,$2,$0,$0,$6,6,$0.29,$0.29,$107,$0,$0,$827,$23,$624,$5,$44,$696,$1523,$1220,$171,$22,$194,$1413,$6,$101,$-9,$110,$1523,$3,$2,$0,$2,$0,$0,$0,$-3,$-3,$2,$-2,$0,$0,$0,$59,$59,$14,$71,$12,$-1,$11,$0,$0,$-1,$-135,$-125,$-52,$0,$-1
46,2007-03-31,22.05,$19.65,1.12,$16.82,1.31,$2.04,10.8,$0.78,28.26,$0.86B,$1.28B,0.68,$0.16B,$0.11B,1.43,$0.09B,$0.05B,51.06%,$0.09B,$0.01B,7.45%,$0.09B,0,0.00%,$0.09B,0,0.00%,$0.09B,$0.01B,7.45%,$0.09B,$0.00B,4.26%,$0.00B,$0.11B,3.76%,$0.00B,$0.10B,3.89%,$0.00B,$1.56B,0.25%,$0.01B,$0.26B,2.69%,$24,$12,$12,$0,$11,$22,$1,$0,$1,$0,$1,$1,$1,$0,$0,$6,6,$0.18,$0.18,$149,$0,$0,$864,$23,$628,$5,$42,$698,$1562,$1275,$155,$23,$178,$1453,$6,$100,$-8,$109,$1562,$1,$1,$0,$1,$0,$0,$0,$-1,$-1,$1,$-1,$0,$0,$0,$55,$55,$19,$74,$-4,$-2,$-6,$0,$0,$-1,$-79,$-85,$-10,$0,$-1
47,2006-12-31,22.54,$19.28,1.17,$16.59,1.36,$2.31,9.75,$0.86,26.21,$0.89B,$1.36B,0.66,$0.16B,$0.11B,1.49,$0.09B,$0.05B,52.17%,$0.09B,$0.01B,8.70%,$0.09B,0,0.00%,$0.09B,0,0.00%,$0.09B,$0.01B,8.70%,$0.09B,$0.00B,4.35%,$0.00B,$0.11B,3.81%,$0.00B,$0.11B,3.95%,$0.00B,$1.64B,0.24%,$0.01B,$0.27B,2.62%,$24,$12,$12,$0,$10,$22,$2,$0,$2,$1,$1,$1,$1,$0,$0,$6,6,$0.19,$0.18,$160,$0,$0,$894,$23,$681,$0,$46,$750,$1644,$1356,$159,$22,$182,$1537,$6,$100,$-10,$107,$1644,$5,$4,$0,$4,$-0,$0,$0,$-1,$-2,$7,$-1,$0,$0,$0,$143,$143,$-48,$95,$-182,$37,$-145,$0,$0,$-2,$52,$-95,$7,$0,$-2
