,Date,Stock Price,Book Value per Share,Price to Book Ratio,TTM Sales per Share,Price to Sales Ratio,TTM FCF per Share,Price to FCF Ratio,TTM Net EPS,PE Ratio,Current Assets,Current Liabilities,Current Ratio,Long Term Debt,Shareholder's Equity_x,Debt to Equity Ratio,TTM Revenue_x,TTM Gross Profit,Gross Margin,TTM Revenue_y,TTM Operating Income,Operating Margin,TTM Revenue_x,TTM EBIT,EBIT Margin,TTM Revenue_y,TTM EBITDA,EBITDA Margin,TTM Revenue_x,TTM Pre-Tax Income,Pre-Tax Margin,TTM Revenue_y,TTM Net Income_x,Net Margin,TTM Net Income_y,Shareholder's Equity_y,Return on Equity,TTM Net Income_x,Tangible Equity,Return on Tangible Equity,TTM Net Income_y,Total Assets,Return on Assets,TTM Net Income,LT Investments & Debt,Return on Investment,revenue,cost-goods-sold,gross-profit,research-development-expenses,selling-general-administrative-expenses,operating-expenses,operating-income,total-non-operating-income-expense,pre-tax-income,total-provision-income-taxes,income-after-taxes,income-from-continuous-operations,net-income,ebitda,ebit,basic-shares-outstanding,shares-outstanding,eps-basic-net-earnings-per-share,eps-earnings-per-share-diluted,cash-on-hand,inventory,other-current-assets,total-current-assets,net-property-plant-equipment,long-term-investments,goodwill-intangible-assets-total,other-long-term-assets,total-long-term-assets,total-assets,total-current-liabilities,long-term-debt,other-non-current-liabilities,total-long-term-liabilities,total-liabilities,common-stock-net,retained-earnings-accumulated-deficit,comprehensive-income,total-share-holder-equity,total-liabilities-share-holders-equity,net-income-loss,total-depreciation-amortization-cash-flow,other-non-cash-items,total-non-cash-items,change-in-accounts-receivable,change-in-inventories,change-in-accounts-payable,change-in-assets-liabilities,total-change-in-assets-liabilities,cash-flow-from-operating-activities,net-change-in-property-plant-equipment,net-change-in-intangible-assets,net-acquisitions-divestitures,net-change-in-short-term-investments,net-change-in-long-term-investments,net-change-in-investments-total,investing-activities-other,cash-flow-from-investing-activities,net-long-term-debt,net-current-debt,debt-issuance-retirement-net-total,net-common-equity-issued-repurchased,net-total-equity-issued-repurchased,total-common-preferred-stock-dividends-paid,financial-activities-other,cash-flow-from-financial-activities,net-cash-flow,stock-based-compensation,common-stock-dividends-paid
0,2018-09-30,144.78,$52.35,2.77,$295.06,0.49,$26.59,5.45,$4.80,30.16,$13.09B,$12.74B,1.03,$6.38B,$10.75B,0.59,$56.36B,$7.72B,13.69%,$56.36B,$1.25B,2.22%,$56.36B,$1.25B,2.22%,$56.36B,$1.70B,3.02%,$56.36B,$1.18B,2.09%,$56.36B,$0.89B,1.58%,$0.89B,$10.75B,9.91%,$0.89B,$1.52B,55.96%,$0.89B,$31.16B,3.33%,$1.25B,$17.13B,8.57%,$16182,$13964,$2218,$0,$1934,$16141,$41,$-17,$24,$8,$16,$16,$19,$180,$41,$205,210,$0.09,$0.09,$7441,$0,$1000,$13088,$1584,$6272,$9226,$987,$18069,$31157,$12741,$6379,$1276,$7666,$20407,$0,$3422,$-79,$10750,$31157,$653,$354,$2,$356,$-696,$0,$0,$1520,$859,$1868,$-489,$0,$-1958,$0,$-1116,$-1116,$0,$-3563,$1788,$0,$1788,$2762,$2762,$0,$-90,$4460,$2765,$105,$0
1,2018-06-30,123.21,$52.12,2.36,$285.08,0.43,$24.18,5.1,$5.87,20.99,$12.38B,$9.86B,1.26,$6.28B,$10.70B,0.59,$52.08B,$6.91B,13.26%,$52.08B,$1.55B,2.98%,$52.08B,$1.55B,2.98%,$52.08B,$1.95B,3.75%,$52.08B,$1.48B,2.84%,$52.08B,$1.08B,2.06%,$1.08B,$10.70B,13.52%,$1.08B,$3.35B,80.48%,$1.08B,$28.74B,4.40%,$1.55B,$16.97B,11.78%,$14181,$12227,$1954,$0,$1237,$13692,$489,$-15,$474,$175,$299,$299,$300,$600,$489,$196,199,$1.53,$1.50,$7309,$0,$1001,$12377,$1327,$5746,$7350,$1943,$16366,$28743,$9862,$6275,$1898,$8184,$18046,$0,$3403,$-67,$10697,$28743,$637,$215,$71,$286,$-553,$0,$0,$1815,$397,$1320,$-362,$0,$-237,$0,$-654,$-654,$0,$-1253,$1675,$0,$1675,$2767,$2767,$0,$-64,$4378,$4445,$67,$0
2,2018-03-31,106.87,$42.87,2.49,$281.74,0.38,$23.69,4.51,$5.81,18.39,$10.98B,$10.89B,1.01,$5.17B,$7.58B,0.68,$49.85B,$6.50B,13.03%,$49.85B,$1.50B,3.01%,$49.85B,$1.50B,3.01%,$49.85B,$1.88B,3.77%,$49.85B,$1.43B,2.86%,$49.85B,$1.03B,2.06%,$1.03B,$7.58B,14.97%,$1.03B,$0.77B,186.24%,$1.03B,$25.17B,4.53%,$1.50B,$12.75B,12.81%,$13194,$11128,$2066,$0,$1316,$12654,$540,$-27,$513,$175,$338,$338,$340,$644,$540,$174,178,$1.95,$1.91,$6175,$0,$1153,$10976,$1250,$5535,$6814,$595,$14194,$25170,$10890,$5172,$1520,$6700,$17590,$0,$3104,$-54,$7580,$25170,$338,$104,$63,$167,$-176,$0,$0,$1360,$1341,$1846,$-218,$0,$-226,$0,$-320,$-320,$0,$-764,$524,$0,$524,$-9,$-9,$0,$-2,$513,$1595,$33,$0
3,2017-12-31,100.88,$39.58,2.55,$274.16,0.37,$21.15,4.77,$4.69,21.51,$8.70B,$9.33B,0.93,$4.70B,$6.86B,0.68,$48.38B,$5.80B,11.99%,$48.38B,$1.20B,2.48%,$48.38B,$1.20B,2.48%,$48.38B,$1.56B,3.22%,$48.38B,$1.13B,2.34%,$48.38B,$0.83B,1.71%,$0.83B,$6.86B,12.74%,$0.83B,$0.72B,252.44%,$0.83B,$21.86B,3.80%,$1.20B,$11.56B,10.71%,$12806,$11326,$1480,$0,$1260,$12625,$181,$-13,$168,$-55,$223,$223,$230,$278,$181,$172,177,$1.33,$1.30,$4603,$0,$687,$8703,$1104,$5312,$6147,$589,$13152,$21855,$9332,$4695,$952,$5659,$14991,$0,$2748,$-3,$6864,$21855,$808,$361,$26,$387,$-50,$0,$0,$291,$294,$1489,$-422,$0,$-50,$0,$-805,$-805,$12,$-1265,$47,$0,$47,$-65,$-65,$0,$-64,$-82,$142,$135,$0
4,2017-09-30,96.77,$38.55,2.51,$274.33,0.35,$24.53,3.94,$4.88,19.83,$9.66B,$9.71B,1.0,$4.72B,$6.65B,0.71,$47.49B,$6.09B,12.82%,$47.49B,$1.54B,3.24%,$47.49B,$1.54B,3.24%,$47.49B,$1.89B,3.98%,$47.49B,$1.45B,3.05%,$47.49B,$0.86B,1.81%,$0.86B,$6.65B,13.72%,$0.86B,$0.51B,1391.09%,$0.86B,$22.00B,4.02%,$1.54B,$11.37B,14.07%,$11898,$10490,$1408,$0,$1030,$11558,$340,$-14,$326,$125,$201,$201,$205,$431,$340,$173,177,$1.19,$1.16,$4876,$0,$829,$9660,$1003,$4927,$6140,$270,$12340,$22000,$9709,$4717,$901,$5638,$15347,$0,$2518,$9,$6653,$22000,$585,$264,$67,$331,$-749,$0,$0,$667,$123,$1039,$-301,$0,$0,$0,$-385,$-385,$0,$-686,$46,$0,$46,$-18,$-18,$0,$-31,$-3,$351,$99,$0
5,2017-06-30,79.88,$37.06,2.16,$268.88,0.3,$20.63,3.87,$4.55,17.56,$9.65B,$8.97B,1.08,$4.72B,$6.39B,0.74,$46.44B,$6.13B,13.21%,$46.44B,$1.54B,3.32%,$46.44B,$1.54B,3.32%,$46.44B,$1.88B,4.05%,$46.44B,$1.44B,3.10%,$46.44B,$0.80B,1.72%,$0.80B,$6.39B,13.29%,$0.80B,$0.21B,-382.34%,$0.80B,$21.84B,3.86%,$1.54B,$11.11B,14.72%,$11954,$10412,$1542,$0,$1065,$11516,$438,$-17,$421,$169,$252,$252,$254,$525,$438,$172,176,$1.47,$1.44,$5011,$0,$736,$9648,$912,$4816,$6178,$286,$12192,$21840,$8966,$4716,$1630,$6482,$15448,$0,$2313,$1,$6392,$21840,$384,$173,$4,$177,$-696,$0,$0,$1334,$381,$942,$-181,$0,$0,$0,$-302,$-302,$-1,$-484,$48,$0,$48,$-15,$-15,$0,$6,$39,$497,$62,$0
6,2017-03-31,71.26,$35.32,2.02,$263.44,0.27,$14.51,4.91,$4.08,17.47,$9.41B,$9.20B,1.02,$4.64B,$6.08B,0.76,$45.38B,$6.09B,13.42%,$45.38B,$1.48B,3.26%,$45.38B,$1.48B,3.26%,$45.38B,$1.81B,3.99%,$45.38B,$1.37B,3.03%,$45.38B,$0.72B,1.58%,$0.72B,$6.08B,12.33%,$0.72B,$-0.13B,-156.89%,$0.72B,$21.36B,3.55%,$1.48B,$10.73B,14.82%,$11724,$10353,$1371,$0,$1091,$11484,$240,$-21,$219,$87,$132,$132,$139,$326,$240,$172,176,$0.81,$0.79,$5564,$0,$723,$9408,$841,$4636,$6216,$261,$11954,$21362,$9202,$4643,$1295,$6076,$15278,$0,$2059,$-21,$6084,$21362,$132,$86,$-19,$67,$59,$0,$0,$1227,$1049,$1248,$-83,$0,$0,$0,$-239,$-239,$-1,$-323,$0,$0,$0,$-13,$-13,$0,$3,$-10,$915,$32,$0
7,2016-12-31,56.51,$34.37,1.64,$252.15,0.22,$9.09,6.22,$3.15,17.94,$8.37B,$8.62B,0.97,$4.65B,$5.91B,0.79,$40.61B,$5.54B,13.65%,$40.61B,$1.26B,3.10%,$40.61B,$1.26B,3.10%,$40.61B,$1.54B,3.79%,$40.61B,$1.16B,2.85%,$40.61B,$0.56B,1.38%,$0.56B,$5.91B,10.00%,$0.56B,$-0.35B,-90.83%,$0.56B,$20.20B,2.88%,$1.26B,$10.56B,12.99%,$11911,$10145,$1766,$0,$1065,$11390,$521,$-41,$480,$227,$253,$253,$261,$610,$521,$160,164,$1.79,$1.75,$4435,$0,$715,$8365,$797,$4545,$6257,$233,$11832,$20197,$8623,$4651,$869,$5665,$14288,$0,$1920,$-36,$5909,$20197,$561,$278,$228,$506,$74,$0,$0,$308,$784,$1851,$-306,$0,$-1297,$0,$-794,$-794,$0,$-2397,$2870,$0,$2870,$-63,$-63,$0,$-90,$2717,$2170,$148,$0
8,2016-09-30,66.96,$33.50,2.0,$230.72,0.29,$3.79,17.66,$2.56,26.16,$7.76B,$9.02B,0.86,$3.74B,$5.72B,0.65,$35.00B,$4.57B,13.06%,$35.00B,$0.96B,2.74%,$35.00B,$0.96B,2.74%,$35.00B,$1.19B,3.39%,$35.00B,$0.89B,2.55%,$35.00B,$0.41B,1.18%,$0.41B,$5.72B,8.79%,$0.41B,$-0.57B,-145.45%,$0.41B,$19.63B,2.53%,$0.96B,$9.47B,12.13%,$10846,$9392,$1454,$0,$940,$10504,$342,$-24,$318,$169,$149,$149,$147,$420,$342,$171,175,$0.86,$0.84,$3388,$0,$922,$7755,$725,$4568,$6296,$290,$11879,$19634,$9023,$3744,$995,$4887,$13910,$0,$1655,$46,$5724,$19634,$302,$189,$95,$284,$-906,$0,$0,$480,$-327,$259,$-211,$0,$-848,$0,$-573,$-573,$0,$-1632,$2699,$0,$2699,$-29,$-29,$0,$-76,$2594,$1222,$112,$0
9,2016-06-30,71.37,$32.46,2.2,$216.19,0.33,$6.41,11.14,$2.49,28.66,$7.85B,$8.81B,0.89,$3.65B,$5.54B,0.66,$29.97B,$3.82B,12.73%,$29.97B,$0.80B,2.67%,$29.97B,$0.80B,2.67%,$29.97B,$1.01B,3.36%,$29.97B,$0.76B,2.52%,$29.97B,$0.36B,1.19%,$0.36B,$5.54B,9.50%,$0.36B,$-0.78B,297.10%,$0.36B,$19.50B,2.71%,$0.80B,$9.19B,12.56%,$10897,$9398,$1499,$0,$949,$10520,$377,$-20,$357,$187,$170,$170,$170,$453,$377,$171,175,$1.00,$0.97,$3153,$0,$1212,$7853,$626,$4230,$6316,$471,$11643,$19496,$8814,$3649,$1346,$5142,$13956,$0,$1510,$43,$5540,$19496,$154,$111,$70,$181,$-1121,$0,$0,$571,$-558,$-223,$-94,$0,$-862,$0,$-363,$-363,$0,$-1319,$2587,$0,$2587,$-27,$-27,$0,$-68,$2492,$950,$83,$0
10,2016-03-31,61.57,$31.15,1.98,$198.64,0.31,$10.96,5.62,$2.24,27.49,$7.55B,$7.87B,0.96,$4.28B,$5.31B,0.81,$24.58B,$2.98B,12.14%,$24.58B,$0.60B,2.42%,$24.58B,$0.60B,2.42%,$24.58B,$0.75B,3.06%,$24.58B,$0.57B,2.32%,$24.58B,$0.28B,1.12%,$0.28B,$5.31B,9.63%,$0.28B,$-0.78B,49.31%,$0.28B,$18.65B,2.74%,$0.60B,$9.59B,12.30%,$6953,$6128,$825,$0,$722,$6933,$20,$-18,$2,$16,$-14,$-14,$-16,$55,$20,$126,126,$-0.13,$-0.13,$3705,$0,$1317,$7551,$580,$3973,$6088,$460,$11101,$18652,$7871,$4276,$1052,$5472,$13343,$0,$1341,$10,$5309,$18652,$-15,$35,$33,$68,$-174,$0,$0,$282,$143,$196,$-45,$0,$-782,$0,$-9,$-9,$0,$-836,$2402,$0,$2402,$-22,$-22,$0,$-64,$2316,$1676,$51,$0
11,2015-12-31,65.81,$18.02,3.65,$185.12,0.36,$9.91,6.64,$2.89,22.77,$3.61B,$3.63B,0.99,$1.22B,$2.17B,0.56,$22.76B,$2.75B,12.07%,$22.76B,$0.71B,3.10%,$22.76B,$0.71B,3.10%,$22.76B,$0.85B,3.75%,$22.76B,$0.70B,3.06%,$22.76B,$0.36B,1.56%,$0.36B,$2.17B,17.75%,$0.36B,$0.99B,36.06%,$0.36B,$7.34B,5.00%,$0.71B,$3.38B,22.11%,$6302,$5511,$791,$0,$511,$6082,$220,$-3,$217,$105,$112,$112,$111,$259,$220,$119,123,$0.93,$0.89,$1936,$0,$390,$3605,$518,$1927,$1174,$115,$3734,$7339,$3629,$1216,$170,$1542,$5171,$0,$1358,$-10,$2168,$7339,$357,$149,$10,$159,$-360,$0,$0,$463,$142,$658,$-150,$0,$-18,$0,$-652,$-652,$7,$-813,$342,$0,$342,$-53,$-53,$0,$16,$305,$150,$71,$0
12,2015-09-30,54.23,$17.22,3.15,$173.16,0.31,$15.08,3.6,$2.87,18.9,$3.60B,$3.56B,1.01,$1.28B,$2.05B,0.62,$21.18B,$2.54B,12.01%,$21.18B,$0.68B,3.20%,$21.18B,$0.68B,3.20%,$21.18B,$0.81B,3.83%,$21.18B,$0.67B,3.18%,$21.18B,$0.35B,1.66%,$0.35B,$2.05B,18.54%,$0.35B,$1.04B,36.82%,$0.35B,$7.32B,5.23%,$0.68B,$3.33B,22.63%,$5821,$5120,$701,$0,$458,$5638,$183,$-3,$180,$87,$93,$93,$93,$240,$183,$119,123,$0.78,$0.76,$1827,$0,$488,$3596,$488,$1992,$1010,$236,$3726,$7322,$3563,$1276,$274,$1706,$5269,$0,$1247,$-2,$2053,$7322,$246,$110,$-3,$107,$-360,$0,$0,$255,$104,$457,$-101,$0,$-16,$0,$-659,$-659,$7,$-769,$395,$0,$395,$-9,$-9,$0,$-19,$367,$55,$48,$0
13,2015-06-30,80.4,$16.29,4.94,$161.75,0.5,$18.65,4.31,$2.79,28.82,$3.84B,$3.46B,1.11,$1.14B,$1.94B,0.59,$19.71B,$2.32B,11.75%,$19.71B,$0.60B,3.06%,$19.71B,$0.60B,3.06%,$19.71B,$0.70B,3.57%,$19.71B,$0.60B,3.03%,$19.71B,$0.34B,1.72%,$0.34B,$1.94B,18.99%,$0.34B,$0.98B,38.52%,$0.34B,$7.02B,5.44%,$0.60B,$3.08B,21.45%,$5506,$4839,$667,$0,$437,$5333,$173,$-1,$172,$84,$88,$88,$88,$199,$173,$119,123,$0.74,$0.72,$2107,$0,$483,$3838,$462,$1541,$959,$222,$3184,$7022,$3458,$1139,$330,$1624,$5082,$0,$1154,$-4,$1940,$7022,$152,$53,$10,$63,$-341,$0,$0,$355,$180,$395,$-58,$0,$-11,$0,$-237,$-237,$7,$-299,$271,$0,$271,$-7,$-7,$0,$-3,$261,$357,$33,$0
14,2015-03-31,70.69,$15.45,4.57,$150.66,0.47,$19.01,3.72,$2.48,28.5,$3.59B,$3.34B,1.07,$1.12B,$1.84B,0.61,$18.23B,$2.09B,11.49%,$18.23B,$0.52B,2.87%,$18.23B,$0.52B,2.87%,$18.23B,$0.62B,3.40%,$18.23B,$0.52B,2.84%,$18.23B,$0.30B,1.65%,$0.30B,$1.84B,17.95%,$0.30B,$0.92B,36.35%,$0.30B,$6.70B,5.32%,$0.52B,$2.96B,19.85%,$5131,$4544,$587,$0,$396,$5002,$129,$-1,$128,$63,$65,$65,$63,$156,$129,$119,123,$0.53,$0.51,$1817,$0,$528,$3590,$450,$1527,$917,$212,$3106,$6696,$3343,$1123,$238,$1516,$4859,$0,$1066,$-1,$1837,$6696,$64,$27,$0,$27,$-334,$0,$0,$230,$-46,$45,$-27,$0,$-9,$0,$-196,$-196,$7,$-225,$247,$0,$247,$-4,$-4,$0,$-7,$236,$56,$16,$0
15,2014-12-31,51.93,$14.72,3.53,$137.94,0.38,$20.83,2.49,$2.25,23.08,$2.95B,$2.90B,1.02,$0.87B,$1.74B,0.5,$16.56B,$1.90B,11.50%,$16.56B,$0.46B,2.80%,$16.56B,$0.46B,2.80%,$16.56B,$0.55B,3.34%,$16.56B,$0.46B,2.76%,$16.56B,$0.27B,1.64%,$0.27B,$1.74B,17.23%,$0.27B,$0.87B,35.30%,$0.27B,$5.82B,5.31%,$0.46B,$2.62B,18.92%,$4724,$4136,$588,$0,$347,$4531,$193,$0,$193,$89,$104,$104,$107,$217,$193,$116,120,$0.92,$0.88,$1787,$0,$252,$2951,$445,$1280,$874,$274,$2873,$5824,$2900,$874,$159,$1181,$4081,$0,$1003,$-1,$1743,$5824,$264,$89,$6,$95,$-463,$0,$0,$821,$864,$1223,$-103,$0,$-136,$0,$-609,$-609,$0,$-848,$201,$0,$201,$-29,$-29,$0,$26,$198,$572,$48,$0
16,2014-09-30,41.36,$13.99,2.96,$124.75,0.33,$14.32,2.89,$1.84,22.54,$2.77B,$2.63B,1.05,$0.95B,$1.64B,0.58,$14.77B,$1.66B,11.21%,$14.77B,$0.36B,2.41%,$14.77B,$0.36B,2.41%,$14.77B,$0.44B,2.96%,$14.77B,$0.35B,2.36%,$14.77B,$0.22B,1.47%,$0.22B,$1.64B,14.99%,$0.22B,$0.76B,28.48%,$0.22B,$5.45B,4.79%,$0.36B,$2.59B,15.64%,$4352,$3878,$474,$0,$334,$4244,$108,$-3,$105,$27,$78,$78,$82,$131,$108,$117,121,$0.70,$0.68,$1750,$0,$320,$2768,$424,$1108,$880,$240,$2679,$5446,$2634,$950,$80,$1171,$3805,$0,$896,$-1,$1641,$5446,$159,$65,$-30,$35,$-243,$0,$0,$475,$659,$853,$-69,$0,$-94,$0,$-418,$-418,$0,$-581,$267,$0,$267,$0,$0,$0,$6,$273,$545,$35,$0
17,2014-06-30,37.81,$12.85,2.94,$113.45,0.33,$9.31,4.06,$1.59,23.78,$2.33B,$2.12B,1.1,$0.89B,$1.49B,0.6,$13.21B,$1.52B,11.47%,$13.21B,$0.33B,2.51%,$13.21B,$0.33B,2.51%,$13.21B,$0.41B,3.08%,$13.21B,$0.33B,2.46%,$13.21B,$0.18B,1.39%,$0.18B,$1.49B,13.79%,$0.18B,$0.76B,23.94%,$0.18B,$4.68B,4.66%,$0.33B,$2.37B,16.16%,$4024,$3579,$445,$0,$321,$3931,$93,$-2,$91,$45,$46,$46,$49,$115,$93,$116,119,$0.42,$0.41,$1386,$0,$314,$2325,$424,$997,$724,$186,$2358,$4683,$2118,$885,$74,$1079,$3197,$0,$814,$2,$1486,$4683,$81,$42,$12,$54,$-161,$0,$0,$278,$277,$412,$-42,$0,$-94,$0,$-254,$-254,$0,$-390,$200,$0,$200,$-1,$-1,$0,$0,$199,$221,$23,$0
18,2014-03-31,31.13,$12.33,2.52,$102.81,0.3,$6.66,4.67,$1.53,20.34,$2.28B,$2.02B,1.13,$0.81B,$1.42B,0.57,$11.80B,$1.36B,11.54%,$11.80B,$0.31B,2.61%,$11.80B,$0.31B,2.61%,$11.80B,$0.38B,3.20%,$11.80B,$0.30B,2.54%,$11.80B,$0.17B,1.47%,$0.17B,$1.42B,14.00%,$0.17B,$0.68B,22.92%,$0.17B,$4.45B,4.92%,$0.31B,$2.23B,16.39%,$3460,$3063,$397,$0,$296,$3390,$70,$-2,$68,$35,$33,$33,$33,$90,$70,$115,119,$0.29,$0.28,$1370,$0,$320,$2282,$413,$840,$743,$139,$2165,$4446,$2021,$811,$70,$1003,$3024,$0,$765,$-1,$1422,$4446,$32,$20,$3,$23,$-119,$0,$0,$225,$197,$252,$-18,$0,$-77,$0,$-55,$-55,$0,$-150,$126,$0,$126,$0,$0,$0,$5,$131,$233,$11,$0
19,2013-12-31,29.48,$11.23,2.62,$96.94,0.3,$4.99,5.91,$1.46,20.19,$1.80B,$1.56B,1.16,$0.67B,$1.24B,0.54,$10.86B,$1.21B,11.12%,$10.86B,$0.28B,2.56%,$10.86B,$0.28B,2.56%,$10.86B,$0.34B,3.16%,$10.86B,$0.27B,2.48%,$10.86B,$0.16B,1.51%,$0.16B,$1.24B,14.46%,$0.16B,$0.85B,21.38%,$0.16B,$3.53B,5.21%,$0.28B,$1.91B,16.35%,$2931,$2592,$340,$0,$255,$2847,$85,$-1,$84,$34,$50,$50,$53,$101,$85,$108,112,$0.49,$0.48,$1140,$0,$217,$1800,$395,$792,$397,$107,$1729,$3529,$1559,$666,$60,$727,$2286,$0,$732,$-3,$1243,$3529,$166,$67,$35,$102,$-143,$0,$0,$105,$114,$382,$-68,$0,$-63,$0,$-211,$-211,$0,$-342,$139,$0,$139,$5,$5,$0,$10,$154,$194,$37,$0
20,2013-09-30,31.98,$10.82,2.96,$88.00,0.36,$4.03,7.93,$1.08,29.61,$1.37B,$1.39B,0.99,$0.52B,$1.19B,0.44,$9.77B,$1.18B,12.09%,$9.77B,$0.34B,3.49%,$9.77B,$0.34B,3.49%,$9.77B,$0.41B,4.16%,$9.77B,$0.33B,3.38%,$9.77B,$0.12B,1.23%,$0.12B,$1.19B,11.30%,$0.12B,$0.79B,16.55%,$0.12B,$3.14B,4.05%,$0.34B,$1.70B,21.37%,$2796,$2463,$333,$0,$249,$2712,$84,$-2,$82,$32,$50,$50,$49,$101,$84,$109,114,$0.45,$0.44,$864,$0,$149,$1368,$390,$817,$398,$165,$1771,$3139,$1387,$518,$49,$567,$1954,$0,$679,$-2,$1185,$3139,$111,$50,$29,$79,$-59,$0,$0,$31,$22,$212,$-46,$0,$-63,$0,$-215,$-215,$0,$-324,$-11,$0,$-11,$17,$17,$0,$3,$10,$-103,$27,$0
21,2013-06-30,26.23,$10.27,2.55,$86.20,0.3,$4.78,5.49,$0.68,38.57,$1.34B,$1.32B,1.02,$0.55B,$1.12B,0.49,$9.42B,$1.00B,10.62%,$9.42B,$0.23B,2.43%,$9.42B,$0.23B,2.43%,$9.42B,$0.29B,3.12%,$9.42B,$0.24B,2.54%,$9.42B,$0.08B,0.80%,$0.08B,$1.12B,7.46%,$0.08B,$0.73B,10.74%,$0.08B,$3.05B,2.63%,$0.23B,$1.67B,15.20%,$2611,$2318,$292,$0,$223,$2542,$69,$-3,$66,$26,$40,$40,$39,$86,$69,$109,113,$0.36,$0.35,$820,$0,$164,$1342,$389,$770,$397,$147,$1703,$3045,$1321,$548,$54,$602,$1923,$0,$629,$-4,$1122,$3045,$62,$33,$28,$61,$-71,$0,$0,$31,$-42,$81,$-30,$0,$-67,$0,$-179,$-179,$0,$-276,$20,$0,$20,$18,$18,$0,$1,$39,$-155,$17,$0
22,2013-03-31,22.02,$9.41,2.34,$83.62,0.26,$3.68,5.99,$-0.01,0.0,$1.38B,$1.31B,1.05,$0.53B,$0.99B,0.54,$8.92B,$0.86B,9.62%,$8.92B,$0.11B,1.27%,$8.92B,$0.11B,1.27%,$8.92B,$0.18B,1.99%,$8.92B,$0.13B,1.41%,$8.92B,$0.00B,0.01%,$0.00B,$0.99B,0.10%,$0.00B,$0.71B,0.15%,$0.00B,$2.89B,0.04%,$0.11B,$1.52B,7.92%,$2525,$2283,$243,$0,$203,$2486,$40,$-2,$37,$15,$23,$23,$23,$55,$40,$105,109,$0.22,$0.21,$877,$0,$178,$1375,$383,$748,$276,$105,$1512,$2887,$1307,$533,$61,$594,$1901,$0,$590,$5,$987,$2887,$23,$16,$9,$25,$-57,$0,$0,$75,$-5,$43,$-11,$0,$0,$0,$-146,$-146,$0,$-156,$-1,$0,$-1,$1,$1,$0,$0,$0,$-113,$8,$0
23,2012-12-31,20.5,$9.11,2.25,$76.35,0.27,$0.56,36.94,$0.00,0.0,$1.41B,$1.23B,1.14,$0.54B,$0.95B,0.56,$8.11B,$0.81B,10.01%,$8.11B,$0.11B,1.32%,$8.11B,$0.11B,1.32%,$8.11B,$0.17B,2.15%,$8.11B,$0.12B,1.53%,$8.11B,$0.00B,0.02%,$0.00B,$0.95B,0.21%,$0.00B,$0.68B,0.30%,$0.00B,$2.77B,0.08%,$0.11B,$1.49B,7.76%,$1839,$1526,$313,$0,$165,$1691,$148,$-3,$145,$53,$92,$92,$9,$164,$148,$103,107,$0.09,$0.10,$982,$0,$93,$1406,$376,$555,$277,$99,$1368,$2774,$1229,$535,$55,$591,$1820,$0,$567,$5,$954,$2774,$-11,$66,$21,$87,$-117,$0,$0,$342,$203,$279,$-82,$0,$0,$0,$-106,$-106,$0,$-188,$182,$0,$182,$3,$3,$0,$-6,$179,$270,$25,$0
24,2012-09-30,18.71,$9.27,2.02,$72.37,0.26,$0.51,36.5,$0.21,91.24,$1.38B,$1.28B,1.08,$0.39B,$0.96B,0.41,$7.65B,$0.71B,9.30%,$7.65B,$0.02B,0.26%,$7.65B,$0.02B,0.26%,$7.65B,$0.09B,1.12%,$7.65B,$0.04B,0.51%,$7.65B,$0.02B,0.30%,$0.02B,$0.96B,2.41%,$0.02B,$0.68B,3.48%,$0.02B,$2.69B,0.96%,$0.02B,$1.35B,1.51%,$2448,$2295,$153,$0,$181,$2476,$-28,$18,$-9,$-10,$0,$0,$4,$-11,$-28,$103,108,$0.04,$0.04,$937,$0,$124,$1377,$382,$560,$278,$95,$1314,$2691,$1280,$392,$62,$454,$1734,$0,$558,$7,$957,$2691,$-16,$50,$9,$59,$-139,$0,$0,$463,$264,$307,$-71,$0,$0,$0,$-68,$-68,$0,$-139,$38,$0,$38,$10,$10,$0,$7,$54,$223,$18,$0
25,2012-06-30,15.08,$9.19,1.64,$61.99,0.24,$-1.38,0.0,$0.45,33.89,$1.07B,$1.03B,1.04,$0.41B,$0.95B,0.43,$6.50B,$0.75B,11.52%,$6.50B,$0.10B,1.49%,$6.50B,$0.10B,1.49%,$6.50B,$0.16B,2.46%,$6.50B,$0.10B,1.46%,$6.50B,$0.05B,0.74%,$0.05B,$0.95B,5.10%,$0.05B,$0.67B,7.50%,$0.05B,$2.45B,2.14%,$0.10B,$1.35B,7.44%,$2111,$1961,$149,$0,$168,$2157,$-47,$-1,$-47,$-9,$-39,$-39,$-35,$-30,$-47,$103,103,$-0.34,$-0.34,$574,$0,$99,$1073,$380,$631,$279,$87,$1376,$2450,$1034,$405,$62,$467,$1502,$0,$554,$6,$948,$2450,$-16,$33,$49,$83,$-233,$0,$0,$233,$-76,$-10,$-57,$0,$0,$0,$-153,$-153,$0,$-211,$53,$0,$53,$9,$9,$0,$7,$69,$-152,$12,$0
26,2012-03-31,24.49,$9.51,2.57,$54.03,0.45,$-0.55,0.0,$1.06,23.21,$0.92B,$0.89B,1.04,$0.35B,$0.98B,0.36,$5.71B,$0.80B,13.98%,$5.71B,$0.20B,3.49%,$5.71B,$0.20B,3.49%,$5.71B,$0.26B,4.56%,$5.71B,$0.19B,3.26%,$5.71B,$0.11B,1.94%,$0.11B,$0.98B,12.04%,$0.11B,$0.67B,18.13%,$0.11B,$2.28B,5.21%,$0.20B,$1.33B,15.70%,$1712,$1515,$197,$0,$163,$1678,$34,$0,$35,$12,$23,$23,$24,$51,$34,$102,107,$0.24,$0.23,$559,$0,$83,$920,$353,$606,$308,$96,$1363,$2283,$888,$347,$69,$416,$1304,$0,$589,$6,$979,$2283,$23,$17,$12,$29,$-121,$0,$0,$98,$-84,$-32,$-270,$0,$0,$0,$149,$149,$0,$-121,$-1,$0,$-1,$8,$8,$0,$5,$12,$-141,$6,$0
27,2011-12-31,19.8,$9.20,2.15,$49.77,0.4,$3.02,6.56,$1.06,18.67,$0.94B,$0.84B,1.12,$0.35B,$0.94B,0.37,$5.21B,$0.78B,14.99%,$5.21B,$0.20B,3.91%,$5.21B,$0.20B,3.91%,$5.21B,$0.26B,5.03%,$5.21B,$0.19B,3.61%,$5.21B,$0.11B,2.13%,$0.11B,$0.94B,12.54%,$0.11B,$0.63B,19.28%,$0.11B,$2.19B,5.39%,$0.20B,$1.29B,16.73%,$1378,$1166,$212,$0,$151,$1317,$61,$-1,$60,$21,$39,$39,$30,$76,$61,$100,105,$0.30,$0.29,$704,$0,$78,$940,$350,$506,$309,$85,$1250,$2190,$838,$348,$68,$416,$1254,$0,$565,$6,$936,$2190,$108,$58,$29,$87,$-11,$0,$0,$39,$66,$262,$-74,$0,$-4,$0,$-51,$-51,$0,$-129,$3,$0,$3,$8,$8,$0,$-4,$7,$140,$18,$0
28,2011-09-30,14.34,$8.97,1.6,$48.34,0.3,$1.73,8.3,$1.03,13.99,$0.77B,$0.73B,1.05,$0.35B,$0.90B,0.39,$5.01B,$0.69B,13.78%,$5.01B,$0.19B,3.77%,$5.01B,$0.19B,3.77%,$5.01B,$0.25B,4.89%,$5.01B,$0.17B,3.41%,$5.01B,$0.11B,2.11%,$0.11B,$0.90B,12.46%,$0.11B,$0.59B,19.58%,$0.11B,$2.04B,5.30%,$0.19B,$1.25B,16.02%,$1302,$1111,$191,$0,$143,$1253,$49,$-2,$47,$18,$28,$28,$29,$63,$49,$101,105,$0.29,$0.28,$558,$0,$69,$766,$346,$530,$311,$84,$1271,$2037,$730,$348,$55,$403,$1133,$0,$535,$6,$904,$2037,$79,$43,$21,$64,$-13,$0,$0,$-29,$-54,$90,$-57,$0,$-3,$0,$-21,$-21,$0,$-81,$4,$0,$4,$12,$12,$0,$-7,$9,$17,$13,$0
29,2011-06-30,17.77,$8.65,2.05,$46.98,0.38,$0.26,68.27,$0.97,18.31,$0.78B,$0.75B,1.03,$0.34B,$0.87B,0.39,$4.83B,$0.67B,13.90%,$4.83B,$0.18B,3.72%,$4.83B,$0.18B,3.72%,$4.83B,$0.24B,4.88%,$4.83B,$0.16B,3.31%,$4.83B,$0.10B,2.07%,$0.10B,$0.87B,12.11%,$0.10B,$0.56B,19.00%,$0.10B,$2.01B,5.16%,$0.18B,$1.21B,15.88%,$1315,$1117,$198,$0,$143,$1260,$55,$-11,$44,$16,$28,$28,$28,$70,$55,$100,105,$0.29,$0.27,$553,$0,$69,$775,$340,$518,$312,$65,$1236,$2010,$750,$336,$54,$390,$1140,$0,$506,$7,$870,$2010,$51,$29,$14,$42,$-16,$0,$0,$11,$-40,$53,$-35,$0,$-3,$0,$17,$17,$0,$-21,$4,$0,$4,$11,$11,$0,$-7,$8,$40,$9,$0
30,2011-03-31,16.49,$8.32,1.98,$45.04,0.37,$-1.50,0.0,$0.93,17.83,$0.74B,$0.82B,0.91,$0.30B,$0.83B,0.36,$4.60B,$0.65B,14.12%,$4.60B,$0.17B,3.63%,$4.60B,$0.17B,3.63%,$4.60B,$0.22B,4.79%,$4.60B,$0.16B,3.44%,$4.60B,$0.10B,2.07%,$0.10B,$0.83B,11.83%,$0.10B,$0.53B,18.47%,$0.10B,$2.00B,5.08%,$0.17B,$1.13B,15.33%,$1216,$1036,$180,$0,$141,$1177,$39,$-2,$37,$14,$23,$23,$24,$53,$39,$100,104,$0.24,$0.23,$545,$0,$67,$744,$334,$557,$306,$63,$1260,$2004,$817,$302,$53,$355,$1172,$0,$477,$6,$831,$2004,$23,$14,$4,$18,$4,$0,$0,$23,$53,$94,$-17,$0,$0,$0,$5,$5,$0,$-12,$-25,$0,$-25,$6,$6,$0,$-5,$-24,$58,$4,$0
31,2010-12-31,12.67,$8.03,1.58,$44.26,0.29,$-2.88,0.0,$0.94,13.48,$0.66B,$0.77B,0.86,$0.33B,$0.80B,0.41,$4.45B,$0.63B,14.25%,$4.45B,$0.16B,3.55%,$4.45B,$0.16B,3.55%,$4.45B,$0.21B,4.70%,$4.45B,$0.15B,3.46%,$4.45B,$0.10B,2.14%,$0.10B,$0.80B,12.14%,$0.10B,$0.49B,19.05%,$0.10B,$1.94B,5.27%,$0.16B,$1.13B,15.03%,$1181,$1059,$122,$0,$77,$1135,$46,$-2,$43,$17,$26,$26,$25,$59,$46,$98,101,$0.26,$0.25,$456,$0,$65,$657,$326,$596,$307,$58,$1287,$1944,$765,$328,$54,$382,$1147,$0,$454,$6,$797,$1944,$98,$52,$15,$67,$-23,$0,$0,$-11,$3,$169,$-119,$0,$-60,$0,$-45,$-45,$13,$-211,$23,$0,$23,$105,$105,$0,$-55,$72,$30,$14,$0
32,2010-09-30,11.8,$8.16,1.45,$44.88,0.26,$-1.51,0.0,$0.96,12.35,$0.68B,$0.66B,1.02,$0.26B,$0.80B,0.33,$4.36B,$0.62B,14.13%,$4.36B,$0.15B,3.44%,$4.36B,$0.15B,3.44%,$4.36B,$0.20B,4.61%,$4.36B,$0.15B,3.42%,$4.36B,$0.09B,2.16%,$0.09B,$0.80B,12.74%,$0.09B,$0.53B,20.03%,$0.09B,$1.80B,5.40%,$0.15B,$1.07B,14.97%,$1122,$950,$172,$0,$132,$1082,$40,$-4,$36,$13,$23,$23,$23,$54,$40,$98,102,$0.23,$0.22,$429,$0,$63,$676,$311,$479,$272,$49,$1119,$1795,$661,$264,$66,$330,$991,$0,$428,$10,$804,$1795,$72,$39,$8,$47,$-68,$0,$0,$-73,$-145,$-26,$-92,$0,$-27,$0,$69,$69,$13,$-36,$-44,$0,$-44,$106,$106,$0,$-7,$56,$-6,$10,$0
33,2010-06-30,10.75,$7.92,1.36,$45.59,0.24,$1.16,9.3,$0.98,11.03,$0.55B,$0.64B,0.86,$0.25B,$0.78B,0.32,$4.28B,$0.61B,14.31%,$4.28B,$0.15B,3.46%,$4.28B,$0.15B,3.46%,$4.28B,$0.20B,4.56%,$4.28B,$0.15B,3.53%,$4.28B,$0.09B,2.15%,$0.09B,$0.78B,13.43%,$0.09B,$0.51B,21.70%,$0.09B,$1.73B,5.41%,$0.15B,$1.03B,15.54%,$1077,$902,$175,$0,$133,$1035,$42,$0,$42,$17,$25,$25,$23,$54,$42,$98,102,$0.23,$0.23,$295,$0,$84,$546,$314,$537,$269,$56,$1188,$1734,$637,$252,$65,$318,$954,$0,$406,$9,$779,$1734,$49,$25,$-0,$25,$-58,$0,$0,$-110,$-172,$-98,$-64,$0,$-21,$0,$-14,$-14,$13,$-86,$-55,$0,$-55,$106,$106,$0,$-5,$46,$-138,$7,$0
34,2010-03-31,12.02,$7.64,1.57,$46.76,0.26,$3.11,3.86,$0.98,12.27,$0.57B,$0.69B,0.84,$0.23B,$0.75B,0.31,$4.24B,$0.60B,14.11%,$4.24B,$0.14B,3.23%,$4.24B,$0.14B,3.23%,$4.24B,$0.18B,4.32%,$4.24B,$0.14B,3.33%,$4.24B,$0.09B,2.10%,$0.09B,$0.75B,13.98%,$0.09B,$0.46B,23.27%,$0.09B,$1.73B,5.35%,$0.14B,$0.98B,15.00%,$1069,$904,$165,$0,$136,$1039,$30,$3,$33,$13,$20,$20,$24,$42,$30,$95,98,$0.26,$0.25,$390,$0,$69,$572,$269,$558,$287,$21,$1159,$1731,$685,$232,$64,$296,$981,$0,$383,$7,$750,$1731,$24,$13,$-7,$5,$-4,$0,$0,$-104,$-68,$-39,$-23,$0,$-2,$0,$-29,$-29,$13,$-41,$-75,$0,$-75,$105,$105,$0,$-3,$26,$-54,$3,$0
35,2009-12-31,10.59,$7.17,1.48,$46.34,0.23,$3.88,2.73,$0.95,11.2,$0.62B,$0.72B,0.86,$0.31B,$0.62B,0.5,$4.10B,$0.59B,14.29%,$4.10B,$0.14B,3.36%,$4.10B,$0.14B,3.36%,$4.10B,$0.18B,4.44%,$4.10B,$0.14B,3.39%,$4.10B,$0.08B,2.02%,$0.08B,$0.62B,14.15%,$0.08B,$0.37B,24.15%,$0.08B,$1.70B,5.13%,$0.14B,$0.93B,15.82%,$1093,$989,$104,$0,$66,$1055,$38,$-0,$38,$14,$24,$24,$24,$51,$38,$86,89,$0.28,$0.27,$443,$0,$65,$616,$230,$525,$247,$57,$1086,$1702,$716,$307,$60,$367,$1083,$0,$359,$7,$619,$1702,$86,$44,$18,$62,$2,$0,$0,$158,$100,$248,$-83,$0,$-39,$0,$-148,$-148,$0,$-270,$43,$0,$43,$-4,$-4,$0,$8,$47,$25,$15,$0
36,2009-09-30,9.47,$6.53,1.45,$44.17,0.21,$3.79,2.5,$0.93,10.24,$0.61B,$0.71B,0.87,$0.28B,$0.59B,0.47,$3.91B,$0.64B,16.33%,$3.91B,$0.14B,3.45%,$3.91B,$0.14B,3.45%,$3.91B,$0.18B,4.50%,$3.91B,$0.14B,3.53%,$3.91B,$0.08B,2.04%,$0.08B,$0.59B,14.36%,$0.08B,$0.35B,24.19%,$0.08B,$1.64B,5.14%,$0.14B,$0.87B,16.22%,$1038,$870,$168,$0,$130,$1000,$38,$-0,$38,$12,$25,$25,$21,$48,$38,$86,89,$0.25,$0.24,$440,$0,$61,$614,$210,$487,$243,$54,$1021,$1635,$708,$277,$56,$334,$1042,$0,$335,$8,$593,$1635,$62,$31,$16,$47,$-0,$0,$0,$86,$67,$177,$-43,$0,$-32,$0,$-100,$-100,$0,$-175,$12,$0,$12,$-4,$-4,$0,$4,$13,$15,$11,$0
37,2009-06-30,9.99,$6.45,1.55,$42.09,0.24,$3.10,3.22,$0.89,11.22,$0.69B,$0.66B,1.03,$0.29B,$0.59B,0.49,$3.73B,$0.62B,16.66%,$3.73B,$0.13B,3.46%,$3.73B,$0.13B,3.46%,$3.73B,$0.17B,4.55%,$3.73B,$0.13B,3.48%,$3.73B,$0.08B,2.06%,$0.08B,$0.59B,14.57%,$0.08B,$0.34B,24.39%,$0.08B,$1.59B,5.18%,$0.13B,$0.87B,16.20%,$1039,$879,$161,$0,$129,$1008,$31,$0,$32,$12,$20,$20,$20,$42,$31,$86,88,$0.24,$0.23,$446,$0,$74,$686,$194,$394,$241,$43,$900,$1586,$663,$289,$49,$338,$1001,$0,$314,$5,$585,$1586,$39,$21,$10,$30,$-23,$0,$0,$66,$-7,$62,$-30,$0,$-8,$0,$-38,$-38,$0,$-75,$24,$0,$24,$-4,$-4,$0,$-1,$18,$5,$8,$0
38,2009-03-31,9.01,$6.37,1.42,$39.65,0.23,$3.32,2.71,$0.87,10.42,$0.64B,$0.68B,0.94,$0.27B,$0.55B,0.49,$3.52B,$0.60B,17.00%,$3.52B,$0.13B,3.58%,$3.52B,$0.13B,3.58%,$3.52B,$0.16B,4.66%,$3.52B,$0.13B,3.61%,$3.52B,$0.08B,2.13%,$0.08B,$0.55B,15.08%,$0.08B,$0.31B,24.47%,$0.08B,$1.55B,5.38%,$0.13B,$0.82B,16.83%,$932,$779,$153,$0,$122,$902,$31,$-0,$31,$11,$20,$20,$18,$41,$31,$86,88,$0.22,$0.21,$418,$0,$63,$637,$177,$423,$242,$47,$916,$1553,$681,$270,$51,$322,$1003,$0,$294,$5,$550,$1553,$19,$10,$7,$17,$-39,$0,$0,$46,$-13,$23,$-11,$0,$-5,$0,$-69,$-69,$0,$-85,$25,$0,$25,$0,$0,$0,$-1,$25,$-37,$4,$0
39,2008-12-31,9.86,$5.56,1.77,$37.82,0.26,$3.26,3.02,$0.94,10.48,$0.67B,$0.64B,1.04,$0.27B,$0.50B,0.53,$3.37B,$0.58B,17.15%,$3.37B,$0.13B,3.89%,$3.37B,$0.13B,3.89%,$3.37B,$0.17B,4.96%,$3.37B,$0.14B,4.04%,$3.37B,$0.08B,2.47%,$0.08B,$0.50B,17.64%,$0.08B,$0.32B,27.48%,$0.08B,$1.45B,6.43%,$0.13B,$0.77B,18.49%,$903,$746,$157,$0,$121,$867,$35,$2,$37,$14,$23,$23,$21,$45,$35,$87,89,$0.25,$0.25,$488,$0,$75,$666,$176,$332,$181,$68,$785,$1451,$641,$265,$44,$309,$950,$0,$275,$3,$501,$1451,$83,$35,$24,$60,$-2,$0,$0,$6,$79,$222,$-65,$0,$-85,$0,$-3,$-3,$0,$-154,$58,$0,$58,$-18,$-18,$0,$3,$42,$111,$15,$0
40,2008-09-30,10.26,$5.53,1.85,$34.65,0.3,$3.15,3.26,$0.71,14.44,$0.63B,$0.60B,1.06,$0.25B,$0.48B,0.52,$3.09B,$0.52B,16.77%,$3.09B,$0.10B,3.14%,$3.09B,$0.10B,3.14%,$3.09B,$0.13B,4.24%,$3.09B,$0.10B,3.30%,$3.09B,$0.06B,2.04%,$0.06B,$0.48B,14.03%,$0.06B,$0.29B,21.86%,$0.06B,$1.36B,5.21%,$0.10B,$0.73B,14.43%,$859,$708,$151,$0,$119,$827,$32,$-2,$30,$12,$18,$18,$18,$42,$32,$86,89,$0.21,$0.21,$436,$0,$48,$634,$170,$288,$187,$79,$724,$1358,$597,$250,$34,$284,$880,$0,$254,$0,$478,$1358,$62,$26,$30,$57,$-51,$0,$0,$-16,$8,$127,$-53,$0,$-84,$0,$-16,$-16,$0,$-152,$43,$0,$43,$-13,$-13,$0,$3,$32,$7,$12,$0
41,2008-06-30,8.4,$5.31,1.58,$33.41,0.25,$3.70,2.27,$0.69,12.26,$0.58B,$0.52B,1.12,$0.22B,$0.46B,0.48,$2.98B,$0.49B,16.48%,$2.98B,$0.09B,2.99%,$2.98B,$0.09B,2.99%,$2.98B,$0.12B,4.03%,$2.98B,$0.10B,3.29%,$2.98B,$0.06B,2.05%,$0.06B,$0.46B,14.13%,$0.06B,$0.31B,21.71%,$0.06B,$1.22B,5.35%,$0.09B,$0.68B,13.84%,$824,$687,$137,$0,$109,$796,$28,$1,$29,$11,$18,$18,$18,$36,$28,$87,89,$0.21,$0.21,$427,$0,$39,$579,$158,$255,$153,$71,$636,$1215,$518,$222,$15,$237,$755,$0,$236,$2,$460,$1215,$44,$16,$20,$36,$-23,$0,$0,$-16,$7,$87,$-35,$0,$-8,$0,$37,$37,$0,$-5,$15,$0,$15,$-10,$-10,$0,$3,$7,$89,$8,$0
42,2008-03-31,6.97,$5.10,1.37,$32.22,0.22,$3.45,2.02,$0.68,10.25,$0.44B,$0.47B,0.95,$0.22B,$0.44B,0.49,$2.88B,$0.47B,16.30%,$2.88B,$0.08B,2.60%,$2.88B,$0.08B,2.60%,$2.88B,$0.11B,3.64%,$2.88B,$0.09B,2.95%,$2.88B,$0.06B,2.12%,$0.06B,$0.44B,14.72%,$0.06B,$0.29B,23.08%,$0.06B,$1.14B,5.55%,$0.08B,$0.66B,12.09%,$779,$647,$132,$0,$95,$743,$36,$4,$40,$15,$25,$25,$26,$44,$36,$87,89,$0.30,$0.29,$325,$0,$37,$444,$151,$324,$154,$67,$696,$1139,$467,$216,$13,$229,$696,$0,$217,$3,$443,$1139,$26,$8,$14,$21,$9,$0,$0,$-33,$-20,$27,$-20,$0,$-2,$0,$-15,$-15,$0,$-37,$9,$0,$9,$-6,$-6,$0,$3,$6,$-5,$4,$0
43,2007-12-31,13.72,$4.75,2.89,$30.91,0.44,$3.61,3.8,$0.82,16.73,$0.45B,$0.49B,0.92,$0.21B,$0.42B,0.5,$2.77B,$0.44B,15.89%,$2.77B,$0.06B,1.99%,$2.77B,$0.06B,1.99%,$2.77B,$0.08B,3.00%,$2.77B,$0.06B,2.31%,$2.77B,$0.07B,2.64%,$0.07B,$0.42B,18.43%,$0.07B,$0.27B,29.49%,$0.07B,$1.12B,6.90%,$0.06B,$0.62B,9.20%,$627,$529,$98,$0,$96,$626,$1,$1,$3,$0,$3,$3,$1,$9,$1,$87,90,$0.02,$0.02,$315,$0,$39,$446,$136,$317,$150,$42,$675,$1122,$487,$206,$13,$220,$707,$0,$192,$2,$415,$1122,$73,$28,$5,$33,$2,$0,$0,$65,$96,$202,$-54,$0,$-36,$0,$-150,$-150,$14,$-225,$30,$0,$30,$-4,$-4,$0,$-5,$21,$-2,$16,$0
44,2007-09-30,10.76,$4.70,2.29,$26.61,0.4,$3.58,3.01,$0.96,11.2,$0.45B,$0.47B,0.97,$0.20B,$0.41B,0.49,$2.38B,$0.36B,15.07%,$2.38B,$0.12B,5.20%,$2.38B,$0.12B,5.20%,$2.38B,$0.15B,6.25%,$2.38B,$0.13B,5.50%,$2.38B,$0.09B,3.61%,$0.09B,$0.41B,23.01%,$0.09B,$0.26B,37.97%,$0.09B,$1.09B,8.60%,$0.12B,$0.61B,21.83%,$750,$626,$124,$0,$100,$726,$24,$2,$26,$10,$16,$16,$16,$31,$24,$87,89,$0.19,$0.18,$323,$0,$42,$450,$140,$290,$147,$60,$636,$1086,$465,$201,$12,$213,$678,$0,$190,$0,$409,$1086,$72,$20,$4,$24,$7,$0,$0,$34,$69,$165,$-42,$0,$-26,$0,$-123,$-123,$14,$-177,$25,$0,$25,$-5,$-5,$0,$-4,$16,$4,$12,$0
45,2007-06-30,10.71,$4.48,2.39,$25.51,0.42,$3.18,3.37,$-0.04,0.0,$0.44B,$0.45B,0.98,$0.20B,$0.39B,0.51,$2.26B,$0.35B,15.46%,$2.26B,$0.03B,1.46%,$2.26B,$0.03B,1.46%,$2.26B,$0.06B,2.52%,$2.26B,$0.04B,1.77%,$2.26B,$-0.00B,-0.04%,$-0.00B,$0.39B,-0.29%,$-0.00B,$0.24B,-0.50%,$-0.00B,$1.05B,-0.11%,$0.03B,$0.59B,6.18%,$728,$612,$116,$0,$102,$714,$14,$2,$16,$6,$10,$10,$18,$21,$14,$87,90,$0.21,$0.20,$280,$0,$46,$440,$132,$288,$151,$40,$610,$1050,$450,$200,$9,$209,$659,$0,$174,$-1,$391,$1050,$56,$13,$0,$13,$-22,$0,$0,$1,$-9,$60,$-29,$0,$-5,$0,$-95,$-95,$14,$-115,$26,$0,$26,$-1,$-1,$0,$-4,$21,$-35,$8,$0
46,2007-03-31,10.5,$4.25,2.47,$22.92,0.46,$2.74,3.83,$-0.19,0.0,$0.48B,$0.39B,1.23,$0.20B,$0.37B,0.54,$2.03B,$0.32B,15.51%,$2.03B,$0.03B,1.23%,$2.03B,$0.03B,1.23%,$2.03B,$0.05B,2.31%,$2.03B,$0.03B,1.58%,$2.03B,$-0.01B,-0.69%,$-0.01B,$0.37B,-4.07%,$-0.01B,$0.22B,-8.05%,$-0.01B,$0.97B,-1.61%,$0.03B,$0.57B,4.80%,$664,$562,$102,$0,$86,$648,$16,$3,$19,$7,$12,$12,$38,$22,$16,$87,90,$0.44,$0.43,$355,$0,$48,$482,$121,$182,$146,$40,$490,$971,$391,$200,$10,$211,$602,$0,$157,$-1,$369,$971,$38,$6,$-2,$5,$14,$0,$0,$-22,$-7,$36,$-15,$0,$-0,$0,$-13,$-13,$11,$-17,$26,$0,$26,$0,$0,$0,$-4,$22,$41,$4,$0
47,2006-12-31,12.29,$3.76,3.26,$20.61,0.6,$2.45,5.01,$-0.52,0.0,$0.45B,$0.39B,1.17,$0.18B,$0.33B,0.54,$1.82B,$0.29B,15.97%,$1.82B,$0.02B,1.21%,$1.82B,$0.02B,1.21%,$1.82B,$0.04B,2.31%,$1.82B,$0.03B,1.48%,$1.82B,$-0.04B,-2.36%,$-0.04B,$0.33B,-12.55%,$-0.04B,$0.18B,-27.70%,$-0.04B,$0.90B,-5.30%,$0.02B,$0.50B,4.38%,$241,$224,$17,$0,$28,$171,$70,$0,$70,$-5,$75,$75,$14,$75,$70,$86,89,$0.16,$0.17,$328,$0,$17,$452,$111,$116,$145,$34,$443,$895,$388,$175,$6,$181,$569,$0,$118,$-1,$326,$895,$-44,$21,$97,$117,$-40,$0,$0,$133,$122,$195,$-50,$0,$-67,$0,$-33,$-33,$0,$-150,$77,$0,$77,$-1,$-1,$0,$3,$79,$124,$15,$0
