,Date,Stock Price,Book Value per Share,Price to Book Ratio,TTM Sales per Share,Price to Sales Ratio,TTM FCF per Share,Price to FCF Ratio,TTM Net EPS,PE Ratio,Current Assets,Current Liabilities,Current Ratio,Long Term Debt,Shareholder's Equity_x,Debt to Equity Ratio,TTM Revenue_x,TTM Gross Profit,Gross Margin,TTM Revenue_y,TTM Operating Income,Operating Margin,TTM Revenue_x,TTM EBIT,EBIT Margin,TTM Revenue_y,TTM EBITDA,EBITDA Margin,TTM Revenue_x,TTM Pre-Tax Income,Pre-Tax Margin,TTM Revenue_y,TTM Net Income_x,Net Margin,TTM Net Income_y,Shareholder's Equity_y,Return on Equity,TTM Net Income_x,Tangible Equity,Return on Tangible Equity,TTM Net Income_y,Total Assets,Return on Assets,TTM Net Income,LT Investments & Debt,Return on Investment,revenue,cost-goods-sold,gross-profit,research-development-expenses,selling-general-administrative-expenses,operating-expenses,operating-income,total-non-operating-income-expense,pre-tax-income,total-provision-income-taxes,income-after-taxes,income-from-continuous-operations,net-income,ebitda,ebit,basic-shares-outstanding,shares-outstanding,eps-basic-net-earnings-per-share,eps-earnings-per-share-diluted,cash-on-hand,inventory,other-current-assets,total-current-assets,net-property-plant-equipment,long-term-investments,goodwill-intangible-assets-total,other-long-term-assets,total-long-term-assets,total-assets,total-current-liabilities,long-term-debt,other-non-current-liabilities,total-long-term-liabilities,total-liabilities,common-stock-net,retained-earnings-accumulated-deficit,comprehensive-income,total-share-holder-equity,total-liabilities-share-holders-equity,net-income-loss,total-depreciation-amortization-cash-flow,other-non-cash-items,total-non-cash-items,change-in-accounts-receivable,change-in-inventories,change-in-accounts-payable,change-in-assets-liabilities,total-change-in-assets-liabilities,cash-flow-from-operating-activities,net-change-in-property-plant-equipment,net-change-in-intangible-assets,net-acquisitions-divestitures,net-change-in-short-term-investments,net-change-in-long-term-investments,net-change-in-investments-total,investing-activities-other,cash-flow-from-investing-activities,net-long-term-debt,net-current-debt,debt-issuance-retirement-net-total,net-common-equity-issued-repurchased,net-total-equity-issued-repurchased,total-common-preferred-stock-dividends-paid,financial-activities-other,cash-flow-from-financial-activities,net-cash-flow,stock-based-compensation,common-stock-dividends-paid
0,2018-09-30,1.73,$0.54,3.19,$4.29,0.4,$-0.82,0.0,$-1.14,0.0,$0.02B,$0.01B,1.49,$0.00B,$0.01B,0.01,$0.06B,$0.00B,3.17%,$0.06B,$-0.02B,-30.16%,$0.06B,$-0.02B,-30.16%,$0.06B,$-0.01B,-22.22%,$0.06B,$-0.02B,-30.16%,$0.06B,$-0.02B,-31.75%,$-0.02B,$0.01B,-135.59%,$-0.02B,$0.01B,-205.13%,$-0.02B,$0.02B,-78.43%,$-0.02B,$0.01B,-124.59%,$17,$17,$0,$0,$2,$20,$-3,$0,$-3,$0,$-3,$-3,$-3,$-3,$-3,$16,16,$-0.19,$-0.19,$6,$0,$0,$16,$0,$0,$0,$0,$4,$20,$11,$0,$1,$1,$12,$0,$-33,$2,$9,$20,$-13,$6,$5,$11,$-2,$0,$-0,$1,$-1,$-4,$-0,$-1,$-2,$5,$0,$5,$-5,$-3,$0,$-0,$-0,$10,$10,$0,$0,$10,$3,$0,$0
1,2018-06-30,2.52,$0.73,3.47,$4.34,0.58,$-0.81,0.0,$-1.31,0.0,$0.01B,$0.01B,1.81,$0.00B,$0.01B,0.01,$0.06B,$0.00B,5.00%,$0.06B,$-0.02B,-30.00%,$0.06B,$-0.02B,-30.00%,$0.06B,$-0.01B,-21.67%,$0.06B,$-0.02B,-30.00%,$0.06B,$-0.02B,-31.67%,$-0.02B,$0.01B,-108.57%,$-0.02B,$0.01B,-200.00%,$-0.02B,$0.02B,-68.47%,$-0.02B,$0.01B,-100.00%,$23,$22,$1,$0,$2,$31,$-8,$-1,$-9,$1,$-10,$-10,$-10,$-3,$-8,$16,16,$-0.60,$-0.60,$5,$0,$0,$14,$0,$0,$2,$0,$7,$21,$8,$0,$1,$1,$9,$0,$-31,$2,$12,$21,$-10,$6,$3,$9,$-0,$0,$-4,$2,$-3,$-4,$-0,$-0,$0,$5,$0,$5,$-7,$-3,$0,$0,$0,$10,$10,$0,$-1,$9,$2,$0,$0
2,2018-03-31,1.67,$1.45,1.15,$3.80,0.44,$-0.64,0.0,$-0.78,0.0,$0.02B,$0.01B,2.31,$0.00B,$0.02B,0.01,$0.05B,$0.00B,8.33%,$0.05B,$-0.01B,-20.83%,$0.05B,$-0.01B,-20.83%,$0.05B,$-0.01B,-20.83%,$0.05B,$-0.01B,-20.83%,$0.05B,$-0.01B,-20.83%,$-0.01B,$0.02B,-50.63%,$-0.01B,$0.01B,-108.11%,$-0.01B,$0.03B,-33.33%,$-0.01B,$0.02B,-49.38%,$8,$8,$1,$0,$2,$10,$-2,$1,$-1,$0,$-1,$-1,$-1,$-2,$-2,$15,15,$-0.04,$-0.04,$8,$0,$0,$19,$0,$0,$9,$0,$14,$32,$8,$0,$1,$1,$9,$0,$-21,$2,$23,$32,$-1,$0,$-0,$-0,$3,$0,$-4,$-1,$-2,$-3,$-0,$-0,$0,$3,$0,$3,$-4,$-2,$0,$0,$0,$10,$10,$0,$-0,$10,$5,$0,$0
3,2017-12-31,1.09,$1.11,0.99,$3.87,0.28,$-0.60,0.0,$-0.83,0.0,$0.02B,$0.01B,1.3,$0.00B,$0.02B,0.01,$0.05B,$0.00B,8.51%,$0.05B,$-0.01B,-19.15%,$0.05B,$-0.01B,-19.15%,$0.05B,$-0.01B,-19.15%,$0.05B,$-0.01B,-21.28%,$0.05B,$-0.01B,-21.28%,$-0.01B,$0.02B,-51.28%,$-0.01B,$0.01B,-121.21%,$-0.01B,$0.03B,-33.06%,$-0.01B,$0.02B,-45.57%,$15,$15,$0,$0,$3,$21,$-6,$-0,$-6,$0,$-6,$-6,$-6,$-6,$-6,$12,12,$-0.51,$-0.51,$3,$0,$0,$17,$0,$1,$9,$0,$12,$29,$13,$0,$0,$0,$13,$0,$-20,$2,$15,$29,$-10,$1,$7,$8,$-5,$0,$5,$1,$1,$-1,$-0,$0,$0,$0,$4,$4,$-3,$1,$0,$0,$0,$0,$0,$0,$0,$0,$-0,$2,$0
4,2017-09-30,1.0,$1.59,0.63,$3.42,0.29,$-0.56,0.0,$-0.33,0.0,$0.02B,$0.01B,1.56,$0.00B,$0.02B,0.01,$0.04B,$0.01B,14.63%,$0.04B,$-0.01B,-12.20%,$0.04B,$-0.01B,-12.20%,$0.04B,$-0.01B,-12.20%,$0.04B,$-0.01B,-14.63%,$0.04B,$-0.01B,-14.63%,$-0.01B,$0.02B,-28.24%,$-0.01B,$0.01B,-64.86%,$-0.01B,$0.03B,-19.67%,$-0.01B,$0.02B,-23.53%,$14,$12,$1,$0,$3,$16,$-2,$-0,$-2,$0,$-2,$-2,$-2,$-2,$-2,$12,12,$-0.17,$-0.17,$1,$0,$0,$15,$0,$1,$12,$0,$15,$29,$9,$0,$0,$0,$9,$0,$-14,$2,$20,$29,$-4,$1,$2,$3,$-2,$0,$1,$-1,$-2,$-3,$-0,$0,$0,$0,$4,$4,$-3,$1,$0,$0,$0,$0,$0,$0,$0,$0,$-2,$0,$0
5,2017-06-30,1.24,$1.73,0.72,$3.35,0.37,$-0.51,0.0,$-0.29,0.0,$0.02B,$0.01B,1.71,$0.00B,$0.02B,0.01,$0.04B,$0.01B,17.95%,$0.04B,$-0.00B,-10.26%,$0.04B,$-0.00B,-10.26%,$0.04B,$-0.00B,-10.26%,$0.04B,$-0.01B,-12.82%,$0.04B,$-0.01B,-12.82%,$-0.01B,$0.02B,-22.22%,$-0.01B,$0.01B,-47.62%,$-0.01B,$0.03B,-16.00%,$-0.00B,$0.02B,-17.78%,$11,$9,$2,$0,$2,$11,$-0,$-0,$-1,$0,$-1,$-1,$-1,$-0,$-0,$12,12,$-0.07,$-0.07,$5,$0,$0,$15,$0,$1,$12,$0,$15,$30,$9,$0,$0,$0,$9,$0,$-12,$1,$21,$30,$-2,$1,$0,$1,$-2,$0,$1,$0,$-1,$-1,$-0,$0,$0,$0,$0,$0,$0,$-0,$0,$0,$0,$0,$0,$0,$0,$0,$-1,$0,$0
6,2017-03-31,1.13,$1.76,0.64,$3.22,0.35,$-0.40,0.0,$-0.32,0.0,$0.02B,$0.01B,1.57,$0.00B,$0.02B,0.01,$0.04B,$0.01B,19.44%,$0.04B,$-0.01B,-13.89%,$0.04B,$-0.01B,-13.89%,$0.04B,$-0.01B,-13.89%,$0.04B,$-0.01B,-13.89%,$0.04B,$-0.01B,-13.89%,$-0.01B,$0.02B,-21.05%,$-0.01B,$0.01B,-42.55%,$-0.01B,$0.03B,-15.63%,$-0.01B,$0.02B,-21.05%,$7,$6,$1,$0,$2,$8,$-1,$-0,$-1,$0,$-1,$-1,$-1,$-1,$-1,$12,12,$-0.09,$-0.09,$4,$0,$0,$18,$0,$1,$12,$0,$15,$33,$11,$0,$0,$0,$11,$0,$-11,$1,$22,$33,$-1,$0,$0,$1,$-1,$0,$3,$-4,$-1,$-2,$0,$0,$0,$0,$0,$0,$0,$0,$0,$0,$0,$0,$0,$0,$0,$0,$-2,$0,$0
7,2016-12-31,1.0,$1.83,0.55,$3.06,0.33,$-0.20,0.0,$-0.36,0.0,$0.01B,$0.01B,1.9,$0.00B,$0.02B,0.01,$0.03B,$0.01B,23.53%,$0.03B,$-0.01B,-14.71%,$0.03B,$-0.01B,-14.71%,$0.03B,$-0.01B,-14.71%,$0.03B,$-0.01B,-14.71%,$0.03B,$-0.01B,-14.71%,$-0.01B,$0.02B,-20.00%,$-0.01B,$0.01B,-38.46%,$-0.01B,$0.03B,-15.38%,$-0.01B,$0.02B,-20.00%,$9,$8,$2,$0,$3,$12,$-2,$0,$-2,$-0,$-2,$-2,$-2,$-2,$-2,$11,11,$-0.22,$-0.22,$6,$0,$0,$14,$0,$1,$12,$0,$16,$30,$8,$0,$0,$0,$8,$0,$-10,$1,$22,$30,$-6,$2,$3,$5,$1,$0,$-0,$1,$1,$-1,$-0,$-2,$0,$0,$-0,$-0,$-0,$-3,$0,$1,$1,$0,$0,$0,$0,$1,$-2,$2,$0
8,2016-09-30,1.8,$2.04,0.88,$3.03,0.59,$0.37,4.92,$-0.36,0.0,$0.02B,$0.01B,2.31,$0.00B,$0.03B,0.01,$0.03B,$0.01B,27.27%,$0.03B,$-0.01B,-18.18%,$0.03B,$-0.01B,-18.18%,$0.03B,$-0.00B,-9.09%,$0.03B,$-0.01B,-18.18%,$0.03B,$-0.01B,-21.21%,$-0.01B,$0.03B,-26.42%,$-0.01B,$0.01B,-46.67%,$-0.01B,$0.03B,-20.74%,$-0.01B,$0.03B,-22.64%,$12,$10,$2,$1,$3,$13,$-1,$-0,$-1,$0,$-1,$-1,$-1,$-1,$-1,$11,11,$-0.13,$-0.13,$4,$0,$2,$17,$1,$2,$12,$0,$15,$32,$7,$0,$0,$0,$8,$0,$-8,$1,$25,$32,$-4,$1,$2,$3,$0,$0,$-0,$-1,$-1,$-2,$-0,$-2,$0,$0,$-1,$-1,$-0,$-3,$0,$0,$0,$0,$0,$0,$0,$0,$-4,$2,$0
9,2016-06-30,1.38,$2.12,0.65,$2.77,0.5,$0.63,2.18,$-0.43,0.0,$0.02B,$0.01B,2.5,$0.00B,$0.03B,0.01,$0.03B,$0.01B,27.59%,$0.03B,$-0.01B,-27.59%,$0.03B,$-0.01B,-27.59%,$0.03B,$-0.00B,-13.79%,$0.03B,$-0.01B,-27.59%,$0.03B,$-0.01B,-27.59%,$-0.01B,$0.03B,-28.57%,$-0.01B,$0.01B,-50.79%,$-0.01B,$0.03B,-22.22%,$-0.01B,$0.03B,-28.32%,$8,$6,$2,$1,$3,$9,$-1,$0,$-1,$0,$-1,$-1,$-1,$-1,$-1,$11,11,$-0.11,$-0.11,$6,$0,$2,$17,$1,$2,$12,$0,$16,$33,$7,$0,$0,$0,$7,$0,$-7,$2,$26,$33,$-3,$1,$1,$2,$1,$0,$-1,$0,$0,$0,$-0,$-2,$0,$0,$-1,$-1,$-0,$-3,$0,$0,$0,$0,$0,$0,$0,$0,$-3,$1,$0
10,2016-03-31,1.75,$2.22,0.79,$2.92,0.6,$0.70,2.51,$-0.45,0.0,$0.02B,$0.01B,2.5,$0.00B,$0.03B,0.01,$0.03B,$0.01B,25.81%,$0.03B,$-0.01B,-25.81%,$0.03B,$-0.01B,-25.81%,$0.03B,$-0.00B,-12.90%,$0.03B,$-0.01B,-25.81%,$0.03B,$-0.01B,-25.81%,$-0.01B,$0.03B,-26.67%,$-0.01B,$0.02B,-47.76%,$-0.01B,$0.04B,-20.51%,$-0.01B,$0.03B,-26.45%,$5,$3,$2,$0,$3,$6,$-1,$0,$-1,$-0,$-1,$-1,$-1,$-1,$-1,$11,11,$-0.12,$-0.12,$7,$0,$2,$19,$1,$2,$12,$0,$16,$35,$8,$0,$0,$0,$8,$0,$-5,$2,$27,$35,$-1,$0,$1,$1,$1,$0,$0,$-0,$1,$0,$-0,$-1,$0,$0,$-1,$-1,$0,$-2,$0,$0,$0,$0,$0,$0,$0,$0,$-2,$1,$0
11,2015-12-31,2.08,$2.34,0.89,$3.02,0.69,$0.45,4.63,$-0.50,0.0,$0.02B,$0.01B,2.86,$0.00B,$0.03B,0.01,$0.03B,$0.01B,21.88%,$0.03B,$-0.01B,-28.13%,$0.03B,$-0.01B,-28.13%,$0.03B,$-0.01B,-15.63%,$0.03B,$-0.01B,-28.13%,$0.03B,$-0.01B,-28.13%,$-0.01B,$0.03B,-28.35%,$-0.01B,$0.02B,-51.43%,$-0.01B,$0.04B,-21.43%,$-0.01B,$0.03B,-27.91%,$8,$5,$3,$1,$3,$12,$-3,$0,$-3,$-1,$-3,$-3,$-4,$0,$-3,$11,11,$-0.39,$-0.39,$9,$0,$2,$21,$1,$1,$10,$1,$14,$35,$7,$0,$0,$0,$8,$0,$-4,$2,$28,$35,$-9,$5,$2,$7,$6,$0,$1,$2,$8,$6,$-0,$-4,$0,$0,$-1,$-1,$1,$-5,$0,$-1,$-1,$0,$0,$0,$1,$-0,$0,$2,$0
12,2015-09-30,2.08,$2.66,0.78,$3.38,0.61,$0.13,15.58,$-1.70,0.0,$0.02B,$0.01B,2.64,$0.00B,$0.03B,0.0,$0.03B,$0.01B,14.71%,$0.03B,$-0.02B,-47.06%,$0.03B,$-0.02B,-47.06%,$0.03B,$-0.01B,-26.47%,$0.03B,$-0.02B,-47.06%,$0.03B,$-0.02B,-47.06%,$-0.02B,$0.03B,-47.41%,$-0.02B,$0.02B,-90.14%,$-0.02B,$0.04B,-35.56%,$-0.02B,$0.03B,-46.72%,$8,$7,$1,$1,$3,$11,$-3,$0,$-3,$-0,$-2,$-2,$-2,$-2,$-3,$11,11,$-0.19,$-0.19,$5,$0,$0,$22,$1,$1,$15,$0,$19,$41,$8,$0,$0,$1,$10,$0,$0,$2,$31,$41,$-5,$1,$1,$2,$0,$0,$1,$2,$4,$1,$-0,$-4,$0,$0,$-0,$-0,$0,$-4,$0,$-1,$-1,$0,$0,$0,$1,$0,$-3,$2,$0
13,2015-06-30,3.23,$2.86,1.13,$3.94,0.82,$-0.09,0.0,$-1.60,0.0,$0.03B,$0.01B,2.49,$0.00B,$0.03B,0.0,$0.04B,$0.01B,15.79%,$0.04B,$-0.01B,-36.84%,$0.04B,$-0.01B,-36.84%,$0.04B,$-0.01B,-21.05%,$0.04B,$-0.01B,-36.84%,$0.04B,$-0.02B,-39.47%,$-0.02B,$0.03B,-41.10%,$-0.02B,$0.02B,-75.00%,$-0.02B,$0.05B,-31.41%,$-0.01B,$0.03B,-38.10%,$10,$7,$2,$1,$3,$11,$-1,$0,$-1,$-0,$-1,$-1,$-1,$-1,$-1,$11,11,$-0.10,$-0.10,$8,$0,$0,$26,$1,$1,$16,$0,$19,$45,$11,$0,$0,$1,$12,$0,$2,$4,$34,$45,$-3,$1,$1,$1,$0,$0,$1,$1,$2,$1,$-0,$-2,$0,$0,$-0,$-0,$0,$-2,$0,$-0,$-0,$0,$0,$0,$1,$1,$-0,$1,$0
14,2015-03-31,4.02,$2.96,1.36,$4.20,0.96,$-0.27,0.0,$-1.63,0.0,$0.03B,$0.01B,2.43,$0.00B,$0.03B,0.0,$0.04B,$0.01B,15.79%,$0.04B,$-0.01B,-36.84%,$0.04B,$-0.01B,-36.84%,$0.04B,$-0.01B,-21.05%,$0.04B,$-0.01B,-36.84%,$0.04B,$-0.02B,-39.47%,$-0.02B,$0.03B,-38.71%,$-0.02B,$0.02B,-70.59%,$-0.02B,$0.05B,-29.85%,$-0.01B,$0.04B,-35.90%,$6,$5,$1,$0,$2,$8,$-2,$0,$-2,$-0,$-2,$-2,$-2,$-2,$-2,$11,11,$-0.18,$-0.18,$6,$0,$0,$27,$1,$1,$16,$0,$19,$47,$11,$0,$0,$1,$12,$0,$3,$4,$34,$47,$-2,$0,$0,$0,$0,$0,$1,$-2,$-1,$-2,$0,$-0,$0,$0,$-0,$-0,$0,$-1,$0,$0,$0,$0,$0,$0,$0,$0,$-3,$0,$0
15,2014-12-31,2.88,$3.09,0.93,$4.24,0.68,$-0.21,0.0,$-1.53,0.0,$0.03B,$0.01B,2.66,$0.00B,$0.04B,0.0,$0.04B,$0.01B,16.22%,$0.04B,$-0.01B,-35.14%,$0.04B,$-0.01B,-35.14%,$0.04B,$-0.01B,-16.22%,$0.04B,$-0.01B,-35.14%,$0.04B,$-0.01B,-37.84%,$-0.01B,$0.04B,-33.94%,$-0.01B,$0.02B,-61.54%,$-0.01B,$0.05B,-26.67%,$-0.01B,$0.04B,-31.52%,$10,$9,$1,$1,$6,$20,$-10,$0,$-10,$-0,$-9,$-9,$-11,$-4,$-10,$9,9,$-1.23,$-1.23,$9,$0,$0,$28,$1,$1,$17,$0,$20,$47,$10,$0,$0,$1,$12,$0,$5,$4,$36,$47,$-14,$7,$3,$10,$7,$0,$0,$-1,$6,$2,$-0,$-1,$0,$0,$-0,$-0,$2,$1,$0,$1,$1,$0,$0,$0,$-2,$-1,$2,$5,$0
16,2014-09-30,8.38,$4.66,1.8,$3.85,2.17,$-0.09,0.0,$-0.53,0.0,$0.03B,$0.01B,3.21,$0.00B,$0.04B,0.0,$0.03B,$0.01B,23.53%,$0.03B,$-0.01B,-14.71%,$0.03B,$-0.01B,-14.71%,$0.03B,$-0.00B,-8.82%,$0.03B,$-0.00B,-11.76%,$0.03B,$-0.01B,-14.71%,$-0.01B,$0.04B,-11.49%,$-0.01B,$0.03B,-20.62%,$-0.01B,$0.05B,-9.09%,$-0.01B,$0.04B,-11.49%,$12,$10,$2,$1,$3,$13,$-1,$0,$-1,$-0,$-1,$-1,$-1,$-1,$-1,$9,9,$-0.10,$-0.10,$5,$0,$0,$30,$1,$1,$17,$3,$23,$52,$9,$0,$0,$1,$11,$0,$16,$3,$42,$52,$-3,$1,$-1,$0,$6,$0,$1,$-5,$2,$-1,$-0,$-1,$0,$0,$0,$0,$0,$-1,$0,$1,$1,$0,$0,$0,$-0,$0,$-2,$0,$0
17,2014-06-30,2.05,$4.77,0.43,$3.34,0.61,$0.35,5.89,$-0.30,0.0,$0.03B,$0.01B,2.93,$0.00B,$0.04B,0.0,$0.03B,$0.01B,34.48%,$0.03B,$-0.00B,-10.34%,$0.03B,$-0.00B,-10.34%,$0.03B,0,0.00%,$0.03B,$-0.00B,-6.90%,$0.03B,$-0.00B,-10.34%,$-0.00B,$0.04B,-6.70%,$-0.00B,$0.02B,-12.24%,$-0.00B,$0.06B,-5.24%,$-0.00B,$0.04B,-6.70%,$10,$9,$2,$0,$3,$12,$-1,$0,$-1,$0,$-1,$-1,$-1,$-1,$-1,$9,9,$-0.15,$-0.15,$6,$0,$0,$33,$1,$1,$20,$0,$23,$55,$11,$0,$0,$1,$13,$0,$17,$3,$43,$55,$-2,$1,$-0,$1,$4,$0,$0,$-3,$1,$-1,$-0,$-1,$0,$0,$0,$0,$0,$-0,$0,$1,$1,$0,$0,$0,$0,$1,$-1,$0,$0
18,2014-03-31,4.35,$4.92,0.89,$3.19,1.36,$0.45,9.76,$-0.10,0.0,$0.03B,$0.01B,3.09,$0.00B,$0.04B,0.0,$0.03B,$0.01B,42.86%,$0.03B,$-0.00B,-3.57%,$0.03B,$-0.00B,-3.57%,$0.03B,$0.00B,7.14%,$0.03B,0,0.00%,$0.03B,$-0.00B,-7.14%,$-0.00B,$0.04B,-4.40%,$-0.00B,$0.02B,-7.84%,$-0.00B,$0.06B,-3.45%,$-0.00B,$0.04B,-2.20%,$5,$4,$1,$0,$2,$6,$-1,$0,$-1,$0,$-1,$-1,$-1,$-0,$-1,$9,9,$-0.08,$-0.08,$5,$0,$0,$33,$1,$1,$20,$0,$23,$56,$11,$0,$0,$2,$12,$0,$18,$3,$44,$56,$-1,$0,$-0,$0,$1,$0,$0,$-2,$-1,$-1,$-0,$-1,$0,$0,$0,$0,$0,$-1,$0,$0,$0,$0,$0,$0,$0,$0,$-2,$0,$0
19,2013-12-31,2.1,$5.03,0.42,$3.40,0.62,$0.55,3.83,$-0.03,0.0,$0.03B,$0.01B,3.35,$0.00B,$0.05B,0.0,$0.03B,$0.01B,46.67%,$0.03B,0,0.00%,$0.03B,0,0.00%,$0.03B,$0.00B,6.67%,$0.03B,$0.00B,3.33%,$0.03B,$-0.00B,-3.33%,$-0.00B,$0.05B,-2.19%,$-0.00B,$0.03B,-3.81%,$-0.00B,$0.06B,-1.72%,$0.00B,$0.05B,0.00%,$7,$3,$3,$1,$4,$8,$-2,$0,$-1,$0,$-2,$-2,$-2,$-1,$-2,$9,9,$-0.20,$-0.20,$7,$0,$0,$34,$1,$1,$20,$0,$23,$57,$10,$0,$0,$2,$12,$0,$19,$4,$45,$57,$-0,$2,$3,$5,$-4,$0,$0,$0,$-2,$3,$-0,$-2,$-2,$0,$-0,$-0,$-1,$-6,$0,$1,$1,$0,$0,$0,$0,$1,$-2,$0,$0
20,2013-09-30,1.48,$5.21,0.28,$3.56,0.41,$0.78,1.89,$0.33,4.54,$0.04B,$0.01B,2.97,$0.00B,$0.05B,0.0,$0.03B,$0.02B,51.61%,$0.03B,$0.00B,12.90%,$0.03B,$0.00B,12.90%,$0.03B,$0.01B,16.13%,$0.03B,$0.00B,12.90%,$0.03B,$0.00B,6.45%,$0.00B,$0.05B,4.37%,$0.00B,$0.03B,7.48%,$0.00B,$0.06B,3.43%,$0.00B,$0.05B,8.74%,$7,$3,$4,$1,$2,$6,$1,$0,$1,$0,$1,$1,$1,$2,$1,$9,9,$0.13,$0.13,$8,$0,$0,$37,$1,$1,$20,$0,$24,$61,$12,$0,$0,$2,$14,$0,$21,$3,$47,$61,$2,$1,$1,$2,$-2,$0,$1,$-0,$-1,$3,$-0,$-2,$-2,$0,$-0,$-0,$0,$-4,$0,$1,$1,$0,$0,$0,$0,$1,$-1,$0,$0
21,2013-06-30,1.48,$5.19,0.28,$3.88,0.38,$0.73,2.02,$0.33,4.54,$0.04B,$0.01B,3.61,$0.00B,$0.05B,0.0,$0.03B,$0.02B,47.06%,$0.03B,$0.01B,14.71%,$0.03B,$0.01B,14.71%,$0.03B,$0.01B,14.71%,$0.03B,$0.01B,14.71%,$0.03B,$0.00B,5.88%,$0.00B,$0.05B,4.44%,$0.00B,$0.03B,7.55%,$0.00B,$0.06B,3.48%,$0.01B,$0.05B,11.11%,$9,$5,$4,$0,$2,$8,$1,$0,$1,$0,$0,$0,$0,$1,$1,$9,9,$0.05,$0.05,$7,$0,$0,$35,$1,$1,$19,$0,$22,$58,$10,$0,$0,$2,$12,$0,$20,$3,$46,$58,$0,$1,$0,$1,$-2,$0,$-0,$0,$-2,$-0,$-0,$-1,$-1,$0,$0,$0,$0,$-2,$0,$0,$0,$0,$0,$0,$0,$0,$-2,$0,$0
22,2013-03-31,2.13,$5.08,0.42,$4.36,0.49,$0.86,2.48,$0.38,5.67,$0.04B,$0.01B,3.6,$0.00B,$0.05B,0.0,$0.04B,$0.02B,42.11%,$0.04B,$0.01B,13.16%,$0.04B,$0.01B,13.16%,$0.04B,$0.01B,13.16%,$0.04B,$0.01B,13.16%,$0.04B,$0.00B,7.89%,$0.00B,$0.05B,6.56%,$0.00B,$0.03B,11.01%,$0.00B,$0.06B,5.17%,$0.01B,$0.05B,10.93%,$7,$4,$3,$0,$2,$7,$-0,$0,$-0,$-0,$0,$-0,$0,$0,$-0,$9,9,$0.00,$0.00,$4,$0,$4,$35,$2,$1,$18,$0,$21,$57,$10,$0,$0,$2,$12,$0,$20,$3,$45,$57,$-0,$0,$0,$1,$-1,$0,$1,$-0,$-1,$-0,$-0,$0,$-1,$0,$0,$0,$0,$-1,$0,$0,$0,$0,$0,$0,$0,$0,$-2,$0,$0
23,2012-12-31,2.08,$5.05,0.41,$5.25,0.4,$0.95,2.19,$0.33,6.38,$0.04B,$0.01B,3.46,$0.00B,$0.05B,0.0,$0.05B,$0.02B,32.61%,$0.05B,$0.01B,10.87%,$0.05B,$0.01B,10.87%,$0.05B,$0.01B,13.04%,$0.05B,$0.01B,10.87%,$0.05B,$0.00B,6.52%,$0.00B,$0.05B,6.45%,$0.00B,$0.03B,10.81%,$0.00B,$0.06B,5.13%,$0.01B,$0.05B,10.75%,$8,$3,$5,$1,$2,$7,$2,$-0,$2,$0,$1,$1,$1,$2,$2,$9,9,$0.18,$0.18,$9,$0,$0,$35,$2,$1,$18,$0,$21,$57,$10,$0,$0,$2,$12,$0,$20,$2,$45,$57,$3,$2,$1,$3,$-4,$0,$0,$1,$-1,$5,$-0,$0,$-6,$0,$0,$0,$-4,$-10,$0,$-0,$-0,$0,$0,$-0,$-0,$-0,$-5,$0,$0
24,2012-09-30,1.0,$4.90,0.2,$5.15,0.19,$0.24,4.24,$-0.30,0.0,$0.04B,$0.01B,2.81,$0.00B,$0.04B,0.0,$0.04B,$0.01B,29.55%,$0.04B,$-0.00B,-2.27%,$0.04B,$-0.00B,-2.27%,$0.04B,0,0.00%,$0.04B,$-0.00B,-2.27%,$0.04B,$-0.00B,-4.55%,$-0.00B,$0.04B,-4.23%,$-0.00B,$0.03B,-7.14%,$-0.00B,$0.06B,-3.42%,$-0.00B,$0.04B,-2.12%,$10,$6,$4,$0,$2,$8,$2,$-0,$2,$0,$2,$1,$1,$2,$2,$9,9,$0.13,$0.13,$9,$0,$0,$37,$2,$1,$18,$0,$22,$58,$13,$0,$0,$2,$15,$0,$18,$2,$44,$58,$2,$1,$0,$1,$-6,$0,$-0,$3,$-1,$2,$-0,$0,$-2,$0,$0,$0,$-2,$-4,$0,$-0,$-0,$0,$0,$-0,$0,$-0,$-2,$0,$0
25,2012-06-30,1.75,$5.48,0.32,$4.85,0.36,$1.08,1.62,$-0.28,0.0,$0.04B,$0.01B,4.1,$0.00B,$0.05B,0.0,$0.04B,$0.01B,30.00%,$0.04B,$-0.00B,-5.00%,$0.04B,$-0.00B,-5.00%,$0.04B,$-0.00B,-2.50%,$0.04B,$-0.00B,-5.00%,$0.04B,$-0.00B,-5.00%,$-0.00B,$0.05B,-4.23%,$-0.00B,$0.03B,-6.35%,$-0.00B,$0.06B,-3.54%,$-0.00B,$0.05B,-4.23%,$13,$9,$4,$0,$3,$12,$1,$0,$1,$-0,$1,$1,$1,$1,$1,$9,9,$0.10,$0.10,$9,$0,$0,$38,$2,$1,$19,$0,$22,$60,$9,$0,$0,$2,$11,$0,$17,$2,$49,$60,$1,$1,$0,$1,$-5,$0,$1,$2,$-1,$1,$-0,$0,$-1,$0,$0,$0,$-2,$-3,$0,$-0,$-0,$0,$0,$-0,$0,$-0,$-2,$0,$0
26,2012-03-31,2.47,$5.36,0.46,$4.51,0.55,$1.45,1.7,$0.00,0.0,$0.04B,$0.01B,3.84,$0.00B,$0.05B,0.0,$0.04B,$0.01B,38.89%,$0.04B,0,0.00%,$0.04B,0,0.00%,$0.04B,$0.00B,5.56%,$0.04B,0,0.00%,$0.04B,0,0.00%,$0.00B,$0.05B,0.00%,$0.00B,$0.03B,0.00%,$0.00B,$0.06B,0.00%,$0.00B,$0.05B,0.00%,$15,$13,$2,$0,$2,$15,$0,$0,$0,$0,$-0,$-0,$-0,$1,$0,$9,9,$-0.05,$-0.05,$9,$0,$0,$37,$2,$1,$19,$0,$22,$59,$10,$0,$0,$2,$12,$0,$16,$2,$48,$59,$-0,$0,$-0,$0,$-3,$0,$1,$2,$0,$0,$-0,$0,$0,$0,$0,$0,$-2,$-2,$0,$0,$0,$0,$0,$-0,$0,$0,$-2,$0,$0
27,2011-12-31,2.75,$5.37,0.51,$3.67,0.75,$1.87,1.47,$0.40,6.88,$0.04B,$0.01B,4.51,$0.00B,$0.05B,0.0,$0.03B,$0.02B,60.71%,$0.03B,$0.00B,10.71%,$0.03B,$0.00B,10.71%,$0.03B,$0.00B,14.29%,$0.03B,$0.00B,10.71%,$0.03B,$0.00B,10.71%,$0.00B,$0.05B,6.90%,$0.00B,$0.03B,8.45%,$0.00B,$0.06B,5.94%,$0.00B,$0.05B,6.90%,$6,$3,$3,$1,$6,$11,$-4,$1,$-4,$0,$-4,$-4,$-4,$-4,$-4,$7,8,$-0.58,$-0.53,$11,$0,$0,$35,$2,$1,$19,$0,$23,$57,$8,$0,$0,$2,$10,$0,$17,$2,$48,$57,$3,$1,$5,$6,$3,$0,$-2,$-12,$-9,$-1,$-1,$-1,$-9,$0,$7,$7,$-2,$-6,$2,$0,$2,$0,$0,$-1,$0,$1,$-5,$3,$0
28,2011-09-30,2.78,$5.47,0.51,$4.09,0.68,$3.31,0.84,$1.05,2.64,$0.04B,$0.01B,7.98,$0.00B,$0.04B,0.0,$0.03B,$0.02B,65.63%,$0.03B,$0.01B,37.50%,$0.03B,$0.01B,37.50%,$0.03B,$0.01B,40.63%,$0.03B,$0.01B,37.50%,$0.03B,$0.01B,37.50%,$0.01B,$0.04B,29.63%,$0.01B,$0.04B,32.00%,$0.01B,$0.05B,25.67%,$0.01B,$0.04B,29.63%,$6,$3,$3,$0,$1,$5,$1,$0,$1,$0,$1,$1,$1,$1,$1,$7,7,$0.15,$0.15,$21,$0,$0,$42,$2,$1,$5,$0,$8,$50,$5,$0,$0,$1,$6,$0,$21,$2,$44,$50,$7,$1,$0,$1,$2,$0,$-1,$-1,$1,$8,$-0,$-1,$-2,$0,$1,$1,$-0,$-3,$0,$0,$0,$0,$0,$-0,$0,$0,$6,$0,$0
29,2011-06-30,3.65,$6.02,0.61,$4.29,0.85,$3.51,1.04,$1.38,2.65,$0.03B,$0.01B,5.44,$0.00B,$0.04B,0.0,$0.04B,$0.02B,68.57%,$0.04B,$0.02B,42.86%,$0.04B,$0.02B,42.86%,$0.04B,$0.02B,45.71%,$0.04B,$0.02B,42.86%,$0.04B,$0.02B,42.86%,$0.02B,$0.04B,40.27%,$0.02B,$0.04B,42.25%,$0.02B,$0.05B,34.68%,$0.02B,$0.04B,40.27%,$9,$3,$6,$0,$2,$6,$3,$0,$3,$0,$3,$3,$3,$4,$3,$7,8,$0.40,$0.38,$17,$0,$0,$34,$2,$8,$4,$2,$15,$49,$6,$0,$0,$1,$7,$0,$20,$2,$42,$49,$6,$0,$-0,$0,$-1,$0,$-1,$-1,$-2,$4,$-0,$-1,$-1,$0,$0,$0,$-0,$-3,$0,$0,$0,$0,$0,$-0,$0,$-0,$1,$0,$0
30,2011-03-31,9.1,$5.74,1.59,$4.60,1.98,$3.75,2.43,$1.50,6.07,$0.03B,$0.01B,5.2,$0.00B,$0.04B,0.0,$0.04B,$0.02B,63.16%,$0.04B,$0.02B,42.11%,$0.04B,$0.02B,42.11%,$0.04B,$0.02B,42.11%,$0.04B,$0.02B,42.11%,$0.04B,$0.02B,42.11%,$0.02B,$0.04B,47.76%,$0.02B,$0.04B,49.23%,$0.02B,$0.05B,40.76%,$0.02B,$0.04B,47.76%,$7,$2,$5,$0,$2,$4,$3,$0,$3,$0,$3,$3,$3,$3,$3,$7,8,$0.38,$0.35,$18,$0,$0,$31,$2,$9,$4,$0,$15,$46,$6,$0,$0,$1,$7,$0,$17,$1,$40,$46,$3,$0,$-0,$0,$2,$0,$-1,$-1,$1,$4,$-0,$-0,$0,$0,$-2,$-2,$-0,$-2,$0,$0,$0,$0,$0,$-0,$0,$-0,$2,$0,$0
31,2010-12-31,11.33,$5.22,2.17,$4.98,2.28,$3.32,3.41,$1.60,7.08,$0.03B,$0.01B,5.33,$0.00B,$0.04B,0.0,$0.04B,$0.02B,56.10%,$0.04B,$0.02B,36.59%,$0.04B,$0.02B,36.59%,$0.04B,$0.02B,36.59%,$0.04B,$0.02B,41.46%,$0.04B,$0.02B,41.46%,$0.02B,$0.04B,58.62%,$0.02B,$0.04B,58.62%,$0.02B,$0.04B,49.28%,$0.02B,$0.04B,51.28%,$10,$3,$7,$0,$2,$6,$5,$0,$5,$0,$5,$5,$5,$5,$5,$7,8,$0.65,$0.55,$16,$0,$2,$33,$2,$7,$0,$0,$9,$42,$6,$0,$0,$0,$6,$0,$15,$1,$36,$42,$16,$0,$-2,$-1,$-6,$0,$1,$1,$-4,$12,$-1,$-0,$-1,$0,$-7,$-7,$0,$-9,$0,$0,$0,$0,$0,$-1,$0,$-1,$2,$0,$0
32,2010-09-30,10.35,$4.50,2.3,$5.49,1.89,$2.68,3.86,$1.48,7.02,$0.03B,$0.01B,6.98,$0.00B,$0.03B,0.0,$0.04B,$0.02B,51.22%,$0.04B,$0.01B,31.71%,$0.04B,$0.01B,31.71%,$0.04B,$0.01B,31.71%,$0.04B,$0.01B,29.27%,$0.04B,$0.01B,29.27%,$0.01B,$0.03B,52.75%,$0.01B,$0.03B,52.75%,$0.01B,$0.04B,39.34%,$0.01B,$0.03B,56.52%,$9,$3,$6,$0,$2,$5,$4,$0,$4,$0,$4,$4,$4,$4,$4,$7,8,$0.55,$0.48,$22,$0,$0,$34,$2,$0,$0,$0,$2,$36,$5,$0,$0,$0,$5,$0,$11,$1,$31,$36,$12,$0,$-2,$-1,$1,$0,$0,$-0,$1,$11,$-0,$-0,$0,$0,$0,$0,$0,$-0,$0,$-2,$-2,$0,$0,$-1,$0,$-3,$8,$0,$0
33,2010-06-30,8.93,$3.94,2.26,$5.71,1.56,$2.09,4.27,$0.18,51.0,$0.03B,$0.01B,5.28,$0.00B,$0.03B,0.01,$0.04B,$0.02B,47.50%,$0.04B,$0.01B,30.00%,$0.04B,$0.01B,30.00%,$0.04B,$0.01B,30.00%,$0.04B,$0.01B,22.50%,$0.04B,$0.00B,7.50%,$0.00B,$0.03B,16.90%,$0.00B,$0.03B,16.90%,$0.00B,$0.03B,11.11%,$0.01B,$0.03B,66.67%,$12,$6,$6,$0,$2,$8,$4,$0,$4,$0,$4,$4,$4,$4,$4,$7,8,$0.60,$0.50,$18,$0,$0,$31,$1,$0,$0,$0,$1,$33,$6,$0,$0,$0,$6,$0,$8,$0,$27,$33,$8,$0,$-2,$-2,$1,$0,$0,$-1,$-0,$6,$-0,$-0,$0,$0,$0,$0,$0,$-0,$0,$-2,$-2,$0,$0,$-0,$0,$-2,$4,$0,$0
