,Date,Stock Price,Book Value per Share,Price to Book Ratio,TTM Sales per Share,Price to Sales Ratio,TTM FCF per Share,Price to FCF Ratio,TTM Net EPS,PE Ratio,Current Assets,Current Liabilities,Current Ratio,Long Term Debt,Shareholder's Equity_x,Debt to Equity Ratio,TTM Revenue_x,TTM Gross Profit,Gross Margin,TTM Revenue_y,TTM Operating Income,Operating Margin,TTM Revenue_x,TTM EBIT,EBIT Margin,TTM Revenue_y,TTM EBITDA,EBITDA Margin,TTM Revenue_x,TTM Pre-Tax Income,Pre-Tax Margin,TTM Revenue_y,TTM Net Income_x,Net Margin,TTM Net Income_y,Shareholder's Equity_y,Return on Equity,TTM Net Income_x,Tangible Equity,Return on Tangible Equity,TTM Net Income_y,Total Assets,Return on Assets,TTM Net Income,LT Investments & Debt,Return on Investment,revenue,cost-goods-sold,gross-profit,research-development-expenses,selling-general-administrative-expenses,operating-expenses,operating-income,total-non-operating-income-expense,pre-tax-income,total-provision-income-taxes,income-after-taxes,income-from-continuous-operations,net-income,ebitda,ebit,basic-shares-outstanding,shares-outstanding,eps-basic-net-earnings-per-share,eps-earnings-per-share-diluted,cash-on-hand,inventory,other-current-assets,total-current-assets,net-property-plant-equipment,long-term-investments,goodwill-intangible-assets-total,other-long-term-assets,total-long-term-assets,total-assets,total-current-liabilities,long-term-debt,other-non-current-liabilities,total-long-term-liabilities,total-liabilities,common-stock-net,retained-earnings-accumulated-deficit,comprehensive-income,total-share-holder-equity,total-liabilities-share-holders-equity,net-income-loss,total-depreciation-amortization-cash-flow,other-non-cash-items,total-non-cash-items,change-in-accounts-receivable,change-in-inventories,change-in-accounts-payable,change-in-assets-liabilities,total-change-in-assets-liabilities,cash-flow-from-operating-activities,net-change-in-property-plant-equipment,net-change-in-intangible-assets,net-acquisitions-divestitures,net-change-in-short-term-investments,net-change-in-long-term-investments,net-change-in-investments-total,investing-activities-other,cash-flow-from-investing-activities,net-long-term-debt,net-current-debt,debt-issuance-retirement-net-total,net-common-equity-issued-repurchased,net-total-equity-issued-repurchased,total-common-preferred-stock-dividends-paid,financial-activities-other,cash-flow-from-financial-activities,net-cash-flow,stock-based-compensation,common-stock-dividends-paid
0,2018-09-30,79.22,$23.21,3.41,$29.30,2.7,$5.26,15.06,$2.52,31.44,$0.36B,$0.17B,2.2,$0.44B,$0.65B,0.68,$0.84B,$0.46B,54.88%,$0.84B,$0.07B,8.21%,$0.84B,$0.07B,8.21%,$0.84B,$0.13B,15.60%,$0.84B,$0.05B,5.71%,$0.84B,$0.07B,8.69%,$0.07B,$0.65B,11.34%,$0.07B,$-0.16B,-41.07%,$0.07B,$1.36B,5.37%,$0.07B,$1.10B,6.32%,$202,$92,$111,$14,$85,$191,$12,$-5,$6,$0,$6,$6,$6,$27,$12,$28,29,$0.21,$0.20,$30,$154,$0,$363,$114,$0,$816,$70,$1000,$1363,$165,$443,$23,$545,$710,$0,$449,$-46,$653,$1363,$25,$46,$10,$57,$4,$-14,$6,$-29,$-32,$50,$-12,$0,$0,$0,$0,$0,$0,$-12,$-25,$0,$-25,$0,$0,$-17,$1,$-41,$-3,$7,$-17
1,2018-06-30,73.2,$23.06,3.17,$29.10,2.52,$5.21,14.06,$2.58,28.37,$0.35B,$0.18B,1.97,$0.43B,$0.65B,0.67,$0.83B,$0.45B,54.71%,$0.83B,$0.07B,8.45%,$0.83B,$0.07B,8.45%,$0.83B,$0.13B,15.94%,$0.83B,$0.05B,6.16%,$0.83B,$0.07B,8.94%,$0.07B,$0.65B,11.78%,$0.07B,$-0.18B,-38.05%,$0.07B,$1.36B,5.45%,$0.07B,$1.08B,6.43%,$213,$97,$116,$10,$90,$196,$17,$-5,$12,$3,$9,$9,$9,$32,$17,$28,29,$0.31,$0.30,$23,$143,$0,$347,$115,$0,$831,$70,$1016,$1364,$177,$432,$27,$539,$716,$0,$449,$-48,$648,$1364,$19,$30,$5,$36,$4,$-3,$10,$-17,$-9,$46,$-7,$0,$0,$0,$0,$0,$0,$-7,$-37,$0,$-37,$0,$0,$-11,$1,$-47,$-9,$5,$-11
2,2018-03-31,63.16,$22.92,2.76,$28.72,2.2,$4.79,13.18,$2.50,25.26,$0.34B,$0.16B,2.15,$0.44B,$0.64B,0.69,$0.81B,$0.44B,54.43%,$0.81B,$0.07B,8.13%,$0.81B,$0.07B,8.13%,$0.81B,$0.13B,15.64%,$0.81B,$0.05B,5.79%,$0.81B,$0.07B,8.74%,$0.07B,$0.64B,11.61%,$0.07B,$-0.18B,-34.42%,$0.07B,$1.35B,5.26%,$0.07B,$1.09B,6.09%,$202,$93,$110,$8,$85,$185,$17,$-5,$12,$2,$11,$11,$11,$33,$17,$28,29,$0.38,$0.37,$21,$146,$0,$342,$116,$0,$822,$70,$1008,$1350,$159,$442,$27,$548,$707,$0,$446,$-46,$643,$1350,$11,$15,$2,$17,$10,$-5,$8,$-9,$-2,$25,$-4,$0,$0,$0,$0,$0,$0,$-4,$-28,$0,$-28,$0,$0,$-6,$1,$-33,$-11,$2,$-6
3,2017-12-31,50.68,$22.58,2.24,$28.35,1.79,$4.51,11.25,$1.97,25.72,$0.36B,$0.15B,2.38,$0.47B,$0.63B,0.75,$0.80B,$0.43B,54.20%,$0.80B,$0.05B,5.90%,$0.80B,$0.05B,5.90%,$0.80B,$0.11B,13.17%,$0.80B,$0.03B,3.51%,$0.80B,$0.06B,6.90%,$0.06B,$0.63B,9.25%,$0.06B,$-0.19B,-24.92%,$0.06B,$1.36B,4.09%,$0.05B,$1.10B,4.36%,$223,$99,$124,$8,$92,$199,$23,$-5,$18,$-28,$47,$47,$47,$39,$23,$28,28,$1.67,$1.65,$33,$141,$0,$357,$116,$0,$817,$68,$1001,$1358,$150,$472,$27,$577,$727,$0,$440,$-49,$631,$1358,$55,$59,$-32,$27,$-14,$-4,$-0,$-4,$-17,$66,$-13,$0,$-16,$0,$0,$0,$0,$-29,$-12,$0,$-12,$0,$0,$-22,$-0,$-35,$5,$8,$-22
4,2017-09-30,51.96,$21.11,2.46,$27.75,1.87,$3.53,14.71,$0.56,92.78,$0.36B,$0.14B,2.56,$0.50B,$0.59B,0.84,$0.78B,$0.42B,53.34%,$0.78B,$0.04B,4.76%,$0.78B,$0.04B,4.76%,$0.78B,$0.09B,11.95%,$0.78B,$0.02B,2.44%,$0.78B,$0.02B,1.93%,$0.02B,$0.59B,2.58%,$0.02B,$-0.23B,-6.42%,$0.02B,$1.36B,1.12%,$0.04B,$1.08B,3.46%,$190,$88,$103,$8,$81,$177,$13,$-5,$9,$1,$7,$7,$7,$28,$13,$28,28,$0.26,$0.26,$44,$150,$0,$357,$117,$0,$821,$67,$1005,$1361,$139,$495,$25,$632,$772,$0,$399,$-48,$590,$1361,$9,$43,$1,$44,$6,$-12,$8,$-5,$-8,$45,$-9,$0,$-15,$0,$0,$0,$0,$-24,$10,$0,$10,$0,$0,$-17,$-1,$-7,$17,$6,$-17
5,2017-06-30,50.25,$20.86,2.41,$27.61,1.82,$2.84,17.72,$0.56,89.73,$0.34B,$0.13B,2.62,$0.48B,$0.58B,0.83,$0.77B,$0.41B,53.43%,$0.77B,$0.04B,4.92%,$0.77B,$0.04B,4.92%,$0.77B,$0.09B,12.03%,$0.77B,$0.02B,2.59%,$0.77B,$0.02B,1.94%,$0.02B,$0.58B,2.58%,$0.02B,$-0.23B,-6.37%,$0.02B,$1.34B,1.13%,$0.04B,$1.07B,3.56%,$197,$93,$105,$8,$84,$184,$13,$-4,$8,$2,$6,$6,$6,$27,$13,$28,28,$0.22,$0.22,$40,$136,$0,$340,$118,$0,$812,$65,$995,$1335,$130,$484,$26,$623,$753,$0,$397,$-51,$582,$1335,$2,$28,$-0,$28,$6,$1,$4,$-2,$2,$31,$-6,$0,$-2,$0,$0,$0,$0,$-7,$-1,$0,$-1,$0,$0,$-11,$-1,$-14,$13,$4,$-11
6,2017-03-31,43.64,$20.65,2.11,$27.53,1.59,$1.70,25.75,$0.44,99.19,$0.33B,$0.13B,2.66,$0.49B,$0.58B,0.85,$0.77B,$0.41B,53.32%,$0.77B,$0.03B,4.29%,$0.77B,$0.03B,4.29%,$0.77B,$0.09B,11.44%,$0.77B,$0.02B,2.08%,$0.77B,$0.01B,1.56%,$0.01B,$0.58B,2.07%,$0.01B,$-0.24B,-5.01%,$0.01B,$1.33B,0.90%,$0.03B,$1.06B,3.07%,$187,$87,$100,$8,$95,$189,$-2,$-4,$-7,$-2,$-5,$-5,$-5,$11,$-2,$28,28,$-0.16,$-0.16,$35,$140,$0,$334,$120,$0,$813,$62,$995,$1328,$125,$487,$26,$627,$753,$0,$397,$-55,$576,$1328,$-5,$14,$-2,$12,$10,$-3,$5,$5,$8,$15,$-3,$0,$0,$0,$0,$0,$0,$-3,$-0,$0,$-0,$0,$0,$-6,$-1,$-6,$7,$2,$-6
7,2016-12-31,43.2,$20.86,2.07,$27.37,1.58,$0.54,79.86,$0.52,83.07,$0.33B,$0.11B,2.9,$0.49B,$0.58B,0.84,$0.76B,$0.41B,53.47%,$0.76B,$0.04B,5.11%,$0.76B,$0.04B,5.11%,$0.76B,$0.09B,12.32%,$0.76B,$0.02B,2.62%,$0.76B,$0.02B,1.97%,$0.02B,$0.58B,2.58%,$0.02B,$-0.24B,-6.17%,$0.02B,$1.33B,1.12%,$0.04B,$1.07B,3.61%,$204,$97,$107,$8,$87,$191,$13,$-4,$9,$2,$7,$7,$7,$27,$13,$28,28,$0.25,$0.24,$27,$136,$0,$331,$122,$0,$817,$56,$998,$1329,$114,$488,$27,$634,$748,$0,$407,$-59,$581,$1329,$15,$55,$4,$59,$-6,$3,$2,$-30,$-34,$40,$-15,$0,$-256,$0,$0,$0,$5,$-266,$228,$0,$228,$0,$0,$-22,$-23,$183,$-45,$8,$-22
8,2016-09-30,39.0,$21.00,1.86,$26.93,1.45,$0.93,41.88,$0.56,69.65,$0.37B,$0.11B,3.27,$0.49B,$0.58B,0.84,$0.75B,$0.40B,53.73%,$0.75B,$0.04B,5.20%,$0.75B,$0.04B,5.20%,$0.75B,$0.09B,12.27%,$0.75B,$0.02B,2.93%,$0.75B,$0.02B,2.13%,$0.02B,$0.58B,2.75%,$0.02B,$-0.24B,-8.90%,$0.02B,$1.33B,1.25%,$0.04B,$1.07B,3.79%,$185,$84,$101,$8,$79,$171,$14,$-4,$10,$3,$7,$7,$7,$28,$14,$28,28,$0.26,$0.26,$27,$189,$0,$369,$123,$0,$823,$15,$961,$1331,$113,$490,$24,$634,$747,$0,$406,$-52,$584,$1331,$8,$41,$1,$42,$11,$-1,$-3,$-27,$-24,$26,$-10,$0,$-256,$0,$0,$0,$5,$-262,$230,$0,$230,$0,$0,$-17,$-24,$190,$-46,$7,$-17
9,2016-06-30,46.24,$20.84,2.22,$26.38,1.75,$1.34,34.4,$0.62,74.57,$0.37B,$0.11B,3.49,$0.51B,$0.58B,0.88,$0.73B,$0.40B,53.95%,$0.73B,$0.04B,5.45%,$0.73B,$0.04B,5.45%,$0.73B,$0.09B,12.26%,$0.73B,$0.03B,3.41%,$0.73B,$0.02B,2.45%,$0.02B,$0.58B,3.10%,$0.02B,$-0.25B,-15.25%,$0.02B,$1.34B,1.48%,$0.04B,$1.09B,4.13%,$193,$91,$102,$8,$87,$186,$8,$-4,$4,$1,$3,$3,$3,$22,$8,$28,28,$0.10,$0.10,$23,$180,$0,$371,$125,$0,$827,$15,$968,$1339,$106,$509,$25,$653,$759,$0,$404,$-52,$580,$1339,$1,$27,$0,$28,$5,$5,$-8,$-24,$-27,$1,$-8,$0,$-256,$0,$0,$0,$0,$-264,$249,$0,$249,$0,$0,$-11,$-24,$214,$-49,$5,$-11
10,2016-03-31,40.44,$20.99,1.93,$25.96,1.56,$2.19,18.49,$0.79,51.19,$0.37B,$0.10B,3.57,$0.51B,$0.58B,0.88,$0.72B,$0.39B,53.60%,$0.72B,$0.04B,6.09%,$0.72B,$0.04B,6.09%,$0.72B,$0.09B,12.60%,$0.72B,$0.03B,4.43%,$0.72B,$0.02B,3.05%,$0.02B,$0.58B,3.79%,$0.02B,$-0.25B,-40.18%,$0.02B,$1.34B,1.90%,$0.04B,$1.09B,4.86%,$181,$83,$98,$8,$86,$178,$4,$-7,$-3,$-1,$-2,$-2,$-2,$17,$4,$28,28,$-0.08,$-0.08,$20,$185,$0,$368,$127,$0,$833,$15,$975,$1343,$103,$512,$26,$657,$760,$0,$407,$-51,$582,$1343,$-2,$13,$-0,$13,$11,$-1,$-11,$-19,$-27,$-17,$-3,$0,$-256,$0,$0,$0,$0,$-259,$251,$0,$251,$0,$0,$-6,$-23,$222,$-53,$2,$-6
11,2015-12-31,42.27,$21.11,2.0,$25.82,1.64,$3.27,12.92,$1.10,38.43,$0.36B,$0.12B,3.01,$0.27B,$0.59B,0.46,$0.72B,$0.38B,52.99%,$0.72B,$0.05B,7.09%,$0.72B,$0.05B,7.09%,$0.72B,$0.10B,13.21%,$0.72B,$0.04B,6.12%,$0.72B,$0.03B,4.17%,$0.03B,$0.59B,5.19%,$0.03B,$0.02B,333.33%,$0.03B,$1.10B,2.74%,$0.05B,$0.86B,6.07%,$191,$89,$102,$7,$83,$178,$13,$-2,$11,$4,$8,$8,$8,$25,$13,$28,28,$0.28,$0.27,$73,$133,$0,$360,$125,$0,$569,$43,$742,$1102,$120,$269,$24,$397,$517,$0,$415,$-54,$585,$1102,$30,$44,$10,$54,$-10,$-19,$12,$-11,$-33,$51,$-15,$0,$-9,$0,$0,$0,$0,$-24,$29,$0,$29,$0,$0,$-22,$-20,$-13,$6,$7,$-22
12,2015-09-30,45.59,$20.84,2.19,$25.98,1.75,$3.77,12.08,$1.23,37.07,$0.38B,$0.11B,3.44,$0.26B,$0.58B,0.45,$0.72B,$0.38B,52.97%,$0.72B,$0.06B,7.61%,$0.72B,$0.06B,7.61%,$0.72B,$0.10B,13.69%,$0.72B,$0.05B,6.78%,$0.72B,$0.03B,4.56%,$0.03B,$0.58B,5.71%,$0.03B,$0.01B,455.17%,$0.03B,$1.09B,3.02%,$0.06B,$0.84B,6.61%,$169,$76,$94,$7,$72,$154,$15,$-2,$13,$4,$9,$9,$9,$26,$15,$28,28,$0.32,$0.32,$65,$162,$0,$384,$131,$0,$569,$10,$710,$1094,$112,$261,$29,$405,$517,$0,$412,$-54,$577,$1094,$23,$32,$10,$42,$0,$-25,$8,$-2,$-26,$39,$-11,$0,$-6,$0,$0,$0,$0,$-18,$21,$0,$21,$0,$0,$-17,$-20,$-15,$-1,$6,$-17
13,2015-06-30,55.43,$20.87,2.66,$26.24,2.11,$3.78,14.65,$0.98,56.56,$0.37B,$0.11B,3.41,$0.26B,$0.58B,0.45,$0.73B,$0.39B,52.81%,$0.73B,$0.04B,5.76%,$0.73B,$0.04B,5.76%,$0.73B,$0.09B,11.93%,$0.73B,$0.04B,5.08%,$0.73B,$0.03B,3.57%,$0.03B,$0.58B,4.47%,$0.03B,$0.01B,281.08%,$0.03B,$1.09B,2.37%,$0.04B,$0.84B,5.05%,$181,$88,$93,$8,$74,$169,$12,$-1,$11,$3,$7,$7,$7,$23,$12,$28,28,$0.27,$0.27,$62,$149,$0,$374,$132,$0,$572,$10,$715,$1089,$110,$259,$30,$401,$511,$0,$409,$-49,$578,$1089,$14,$21,$6,$27,$-4,$-8,$4,$-2,$-16,$25,$-8,$0,$-6,$0,$0,$0,$0,$-14,$19,$0,$19,$0,$0,$-11,$-19,$-11,$-4,$4,$-11
14,2015-03-31,47.86,$20.82,2.3,$26.52,1.8,$3.75,12.76,$1.08,44.31,$0.37B,$0.11B,3.3,$0.26B,$0.57B,0.45,$0.74B,$0.39B,53.40%,$0.74B,$0.05B,6.25%,$0.74B,$0.05B,6.25%,$0.74B,$0.09B,12.36%,$0.74B,$0.04B,5.43%,$0.74B,$0.03B,3.94%,$0.03B,$0.57B,4.94%,$0.03B,$0.01B,161.11%,$0.03B,$1.09B,2.64%,$0.05B,$0.83B,5.51%,$178,$86,$92,$7,$75,$167,$11,$-1,$9,$3,$6,$6,$6,$21,$11,$28,28,$0.23,$0.23,$66,$144,$0,$374,$133,$0,$570,$10,$714,$1088,$113,$257,$30,$400,$514,$0,$407,$-50,$574,$1088,$6,$10,$3,$13,$-4,$-1,$4,$1,$-5,$15,$-4,$0,$-1,$0,$0,$0,$0,$-5,$17,$0,$17,$0,$0,$-6,$-16,$-5,$-1,$2,$-6
15,2014-12-31,42.45,$21.10,2.01,$26.65,1.59,$3.83,11.09,$1.16,36.6,$0.38B,$0.12B,3.29,$0.24B,$0.58B,0.41,$0.74B,$0.40B,54.59%,$0.74B,$0.05B,7.03%,$0.74B,$0.05B,7.03%,$0.74B,$0.10B,13.24%,$0.74B,$0.05B,6.35%,$0.74B,$0.03B,4.32%,$0.03B,$0.58B,5.40%,$0.03B,$0.01B,130.61%,$0.03B,$1.10B,2.92%,$0.05B,$0.82B,6.22%,$195,$91,$104,$7,$80,$178,$17,$-2,$16,$4,$11,$11,$11,$29,$17,$27,28,$0.40,$0.41,$66,$148,$0,$381,$133,$0,$573,$10,$717,$1098,$116,$240,$49,$401,$517,$0,$406,$-40,$581,$1098,$32,$46,$9,$55,$5,$-10,$-3,$-22,$-22,$65,$-15,$0,$-5,$0,$0,$0,$0,$-21,$26,$0,$26,$-17,$-17,$-22,$-13,$-26,$12,$9,$-22
16,2014-09-30,34.63,$21.49,1.61,$26.87,1.29,$4.26,8.13,$1.11,31.2,$0.39B,$0.12B,3.17,$0.25B,$0.59B,0.42,$0.75B,$0.41B,54.95%,$0.75B,$0.05B,6.82%,$0.75B,$0.05B,6.82%,$0.75B,$0.10B,13.10%,$0.75B,$0.05B,6.15%,$0.75B,$0.03B,4.14%,$0.03B,$0.59B,5.18%,$0.03B,$0.02B,97.64%,$0.03B,$1.11B,2.83%,$0.05B,$0.84B,6.10%,$175,$79,$96,$7,$87,$173,$2,$-2,$1,$-1,$2,$2,$2,$14,$2,$27,28,$0.07,$0.07,$65,$162,$0,$385,$136,$0,$575,$12,$724,$1110,$122,$247,$33,$395,$517,$0,$400,$-21,$593,$1110,$21,$34,$7,$41,$14,$-30,$2,$-6,$-22,$40,$-12,$0,$-1,$0,$0,$0,$0,$-13,$32,$0,$32,$-15,$-15,$-16,$-13,$-13,$10,$8,$-16
17,2014-06-30,41.29,$22.02,1.87,$26.99,1.53,$4.72,8.76,$1.24,33.3,$0.39B,$0.11B,3.68,$0.25B,$0.60B,0.41,$0.75B,$0.41B,54.52%,$0.75B,$0.06B,7.71%,$0.75B,$0.06B,7.71%,$0.75B,$0.11B,13.96%,$0.75B,$0.05B,6.91%,$0.75B,$0.04B,4.65%,$0.04B,$0.60B,5.85%,$0.04B,$0.04B,106.87%,$0.04B,$1.10B,3.21%,$0.06B,$0.85B,6.99%,$188,$87,$101,$7,$78,$172,$16,$-2,$14,$4,$10,$10,$10,$27,$16,$27,28,$0.38,$0.37,$60,$157,$0,$385,$138,$0,$561,$12,$712,$1097,$105,$245,$28,$391,$495,$0,$404,$-15,$602,$1097,$19,$22,$6,$29,$6,$-19,$-1,$-1,$-23,$25,$-9,$0,$0,$0,$0,$0,$0,$-9,$30,$0,$30,$-16,$-16,$-11,$-15,$-11,$6,$3,$-11
18,2014-03-31,40.45,$21.59,1.87,$27.11,1.49,$4.66,8.68,$1.21,33.43,$0.37B,$0.10B,3.64,$0.24B,$0.60B,0.41,$0.76B,$0.41B,54.43%,$0.76B,$0.06B,7.66%,$0.76B,$0.06B,7.66%,$0.76B,$0.11B,14.00%,$0.76B,$0.05B,6.87%,$0.76B,$0.04B,4.62%,$0.04B,$0.60B,5.89%,$0.04B,$0.03B,58.58%,$0.04B,$1.08B,3.23%,$0.06B,$0.84B,7.05%,$182,$79,$103,$7,$78,$165,$17,$-1,$16,$7,$9,$9,$9,$28,$17,$27,28,$0.32,$0.31,$56,$152,$0,$368,$139,$0,$565,$11,$715,$1083,$101,$241,$29,$387,$488,$0,$399,$-17,$595,$1083,$9,$11,$5,$15,$11,$-12,$-1,$3,$-7,$17,$-4,$0,$0,$0,$0,$0,$0,$-4,$27,$0,$27,$-16,$-16,$-6,$-17,$-11,$2,$1,$-6
19,2013-12-31,39.4,$21.98,1.79,$27.14,1.45,$4.24,9.28,$1.27,31.02,$0.37B,$0.11B,3.35,$0.21B,$0.61B,0.35,$0.76B,$0.41B,54.07%,$0.76B,$0.06B,7.48%,$0.76B,$0.06B,7.48%,$0.76B,$0.11B,13.91%,$0.76B,$0.05B,6.56%,$0.76B,$0.04B,4.72%,$0.04B,$0.61B,6.05%,$0.04B,$0.04B,39.13%,$0.04B,$1.09B,3.32%,$0.06B,$0.82B,6.96%,$203,$92,$111,$6,$102,$187,$16,$-1,$15,$4,$10,$10,$10,$29,$16,$28,28,$0.37,$0.37,$54,$143,$0,$372,$139,$0,$568,$10,$718,$1091,$111,$214,$45,$373,$484,$0,$396,$-18,$606,$1091,$36,$48,$13,$61,$-1,$-2,$4,$-16,$-16,$81,$-18,$0,$0,$0,$0,$0,$0,$-18,$54,$0,$54,$-33,$-33,$-17,$-35,$-31,$31,$6,$-17
20,2013-09-30,31.32,$21.47,1.46,$26.92,1.16,$4.59,6.82,$1.29,24.28,$0.36B,$0.10B,3.61,$0.22B,$0.59B,0.38,$0.76B,$0.41B,53.68%,$0.76B,$0.06B,7.63%,$0.76B,$0.06B,7.63%,$0.76B,$0.11B,13.95%,$0.76B,$0.05B,6.71%,$0.76B,$0.04B,4.87%,$0.04B,$0.59B,6.21%,$0.04B,$0.02B,41.81%,$0.04B,$1.08B,3.42%,$0.06B,$0.82B,7.20%,$179,$84,$95,$7,$73,$170,$9,$-1,$7,$2,$6,$6,$6,$21,$9,$28,28,$0.21,$0.20,$50,$151,$0,$364,$139,$0,$571,$9,$720,$1084,$101,$224,$60,$391,$492,$0,$391,$-27,$592,$1084,$26,$36,$11,$47,$9,$-6,$2,$-13,$-19,$54,$-14,$0,$0,$0,$0,$0,$0,$-14,$63,$0,$63,$-32,$-32,$-13,$-33,$-14,$26,$4,$-13
21,2013-06-30,28.68,$21.27,1.35,$26.81,1.07,$4.73,6.06,$1.41,20.34,$0.36B,$0.10B,3.62,$0.23B,$0.59B,0.4,$0.76B,$0.41B,53.87%,$0.76B,$0.06B,8.26%,$0.76B,$0.06B,8.26%,$0.76B,$0.11B,14.55%,$0.76B,$0.06B,7.47%,$0.76B,$0.04B,5.24%,$0.04B,$0.59B,6.69%,$0.04B,$0.15B,32.92%,$0.04B,$1.08B,3.69%,$0.06B,$0.82B,7.93%,$193,$90,$103,$7,$77,$177,$16,$-1,$14,$5,$10,$10,$10,$28,$16,$28,28,$0.35,$0.34,$38,$149,$0,$359,$138,$0,$436,$150,$724,$1083,$99,$233,$61,$399,$498,$0,$390,$-29,$585,$1083,$20,$24,$8,$32,$-3,$-2,$-2,$-13,$-28,$23,$-8,$0,$0,$0,$0,$0,$0,$-8,$72,$0,$72,$-34,$-34,$-8,$-29,$1,$14,$2,$-8
22,2013-03-31,31.12,$21.46,1.45,$26.53,1.17,$4.95,6.29,$1.43,21.77,$0.35B,$0.10B,3.64,$0.23B,$0.60B,0.38,$0.76B,$0.41B,53.68%,$0.76B,$0.06B,8.42%,$0.76B,$0.06B,8.42%,$0.76B,$0.11B,14.61%,$0.76B,$0.06B,7.76%,$0.76B,$0.04B,5.26%,$0.04B,$0.60B,6.67%,$0.04B,$0.16B,31.75%,$0.04B,$1.08B,3.71%,$0.06B,$0.82B,8.26%,$187,$84,$103,$6,$78,$171,$16,$-2,$14,$4,$10,$10,$10,$28,$16,$28,29,$0.37,$0.37,$32,$157,$0,$354,$138,$0,$438,$151,$729,$1083,$97,$225,$61,$388,$485,$0,$384,$-27,$598,$1083,$10,$12,$3,$15,$3,$-5,$0,$-10,$-20,$5,$-4,$0,$0,$0,$0,$0,$0,$-4,$64,$0,$64,$-18,$-18,$-4,$-34,$8,$9,$1,$-4
23,2012-12-31,25.42,$21.39,1.19,$26.79,0.95,$4.95,5.14,$1.41,18.03,$0.35B,$0.13B,2.79,$0.16B,$0.61B,0.27,$0.77B,$0.41B,52.93%,$0.77B,$0.07B,8.47%,$0.77B,$0.07B,8.47%,$0.77B,$0.11B,14.60%,$0.77B,$0.06B,7.95%,$0.77B,$0.04B,5.22%,$0.04B,$0.61B,6.70%,$0.04B,$0.02B,31.87%,$0.04B,$1.08B,3.72%,$0.07B,$0.77B,8.66%,$201,$94,$107,$7,$80,$184,$17,$-1,$16,$5,$11,$11,$11,$29,$17,$28,29,$0.38,$0.38,$24,$156,$0,$349,$139,$0,$583,$7,$730,$1079,$125,$161,$87,$347,$472,$0,$378,$-28,$607,$1079,$40,$47,$18,$65,$2,$4,$0,$-10,$-10,$95,$-22,$0,$-86,$0,$2,$2,$0,$-106,$18,$0,$18,$6,$6,$-13,$-0,$11,$-2,$6,$-13
24,2012-09-30,25.78,$21.15,1.22,$26.25,0.98,$5.36,4.81,$0.13,198.31,$0.35B,$0.13B,2.75,$0.17B,$0.60B,0.28,$0.75B,$0.40B,52.53%,$0.75B,$0.01B,0.80%,$0.75B,$0.01B,0.80%,$0.75B,$0.11B,15.03%,$0.75B,$0.00B,0.13%,$0.75B,$0.00B,0.53%,$0.00B,$0.60B,0.68%,$0.00B,$0.15B,2.58%,$0.00B,$1.09B,0.38%,$0.01B,$0.77B,0.83%,$182,$84,$98,$7,$74,$168,$14,$-1,$13,$3,$9,$9,$9,$26,$14,$28,29,$0.33,$0.32,$20,$165,$0,$345,$140,$0,$450,$152,$744,$1089,$126,$168,$86,$361,$486,$0,$371,$-27,$602,$1089,$30,$35,$16,$51,$7,$-2,$2,$-12,$-19,$61,$-16,$0,$0,$0,$0,$0,$-83,$-99,$26,$0,$26,$9,$9,$-9,$6,$32,$-6,$4,$-9
25,2012-06-30,24.89,$20.89,1.19,$25.97,0.96,$6.03,4.13,$0.10,248.94,$0.34B,$0.14B,2.5,$0.15B,$0.59B,0.25,$0.74B,$0.39B,52.22%,$0.74B,$0.01B,1.08%,$0.74B,$0.01B,1.08%,$0.74B,$0.11B,15.34%,$0.74B,$0.00B,0.13%,$0.74B,$0.00B,0.40%,$0.00B,$0.59B,0.51%,$0.00B,$0.17B,2.01%,$0.00B,$1.06B,0.29%,$0.01B,$0.74B,1.17%,$190,$90,$100,$7,$74,$173,$17,$-2,$16,$5,$10,$10,$10,$28,$17,$28,29,$0.36,$0.36,$16,$159,$0,$337,$141,$0,$427,$154,$724,$1061,$135,$145,$88,$333,$468,$0,$366,$-28,$593,$1061,$20,$23,$9,$32,$-1,$3,$1,$-11,$-19,$33,$-12,$0,$-64,$0,$0,$0,$0,$-76,$24,$0,$24,$8,$8,$-4,$5,$33,$-10,$3,$-4
26,2012-03-31,26.72,$20.82,1.28,$25.70,1.04,$6.37,4.2,$0.04,668.07,$0.35B,$0.17B,2.12,$0.14B,$0.59B,0.24,$0.74B,$0.38B,51.49%,$0.74B,$0.01B,1.09%,$0.74B,$0.01B,1.09%,$0.74B,$0.11B,15.35%,$0.74B,$-0.00B,-0.14%,$0.74B,$0.00B,0.27%,$0.00B,$0.59B,0.34%,$0.00B,$0.16B,1.42%,$0.00B,$1.08B,0.20%,$0.01B,$0.73B,1.21%,$194,$93,$101,$7,$75,$177,$17,$-1,$16,$6,$10,$10,$10,$29,$17,$28,28,$0.36,$0.35,$19,$163,$0,$351,$141,$0,$428,$153,$725,$1077,$166,$139,$89,$324,$490,$0,$360,$-25,$587,$1077,$10,$12,$4,$16,$-6,$3,$3,$-6,$-18,$8,$-6,$0,$-64,$0,$0,$0,$0,$-71,$50,$0,$50,$5,$5,$0,$1,$56,$-7,$1,$0
27,2011-12-31,22.85,$20.51,1.11,$25.27,0.9,$6.90,3.31,$-0.00,0.0,$0.36B,$0.13B,2.72,$0.09B,$0.57B,0.16,$0.73B,$0.37B,51.59%,$0.73B,$0.01B,1.10%,$0.73B,$0.01B,1.10%,$0.73B,$0.11B,15.45%,$0.73B,$-0.00B,-0.41%,$0.73B,$0.00B,0.14%,$0.00B,$0.57B,0.17%,$0.00B,$0.14B,0.76%,$0.00B,$0.94B,0.10%,$0.01B,$0.66B,1.23%,$186,$89,$96,$7,$70,$227,$-42,$-2,$-44,$-19,$-25,$-25,$-25,$30,$-42,$28,29,$-0.89,$-0.87,$26,$168,$0,$357,$139,$0,$430,$7,$579,$936,$131,$89,$50,$231,$363,$0,$354,$-26,$573,$936,$1,$103,$-8,$95,$8,$-8,$3,$-2,$7,$103,$-18,$0,$-4,$0,$0,$0,$0,$-22,$-56,$0,$-56,$-9,$-9,$0,$-2,$-67,$14,$5,$0
28,2011-09-30,20.48,$21.85,0.94,$25.16,0.81,$4.73,4.33,$1.14,17.97,$0.37B,$0.23B,1.59,$0.01B,$0.61B,0.02,$0.72B,$0.37B,51.04%,$0.72B,$0.06B,8.85%,$0.72B,$0.06B,8.85%,$0.72B,$0.11B,14.66%,$0.72B,$0.05B,7.19%,$0.72B,$0.03B,4.56%,$0.03B,$0.61B,5.47%,$0.03B,$0.13B,27.33%,$0.03B,$1.00B,3.32%,$0.06B,$0.62B,9.80%,$173,$82,$91,$7,$68,$157,$16,$-3,$13,$5,$8,$8,$8,$27,$16,$28,29,$0.29,$0.29,$40,$175,$0,$370,$140,$0,$480,$7,$629,$999,$233,$9,$27,$157,$389,$0,$380,$-12,$610,$999,$26,$32,$16,$47,$15,$-11,$2,$-1,$3,$77,$-13,$0,$-0,$0,$0,$0,$0,$-13,$-23,$0,$-23,$-9,$-9,$0,$-3,$-36,$27,$4,$0
29,2011-06-30,25.35,$21.60,1.17,$25.14,1.01,$2.64,9.6,$1.16,21.85,$0.37B,$0.21B,1.75,$0.03B,$0.62B,0.05,$0.72B,$0.37B,50.83%,$0.72B,$0.06B,8.73%,$0.72B,$0.06B,8.73%,$0.72B,$0.11B,14.54%,$0.72B,$0.05B,7.06%,$0.72B,$0.03B,4.71%,$0.03B,$0.62B,5.70%,$0.03B,$0.14B,30.43%,$0.03B,$1.00B,3.42%,$0.06B,$0.65B,9.19%,$183,$92,$91,$7,$68,$167,$17,$-3,$14,$5,$9,$9,$9,$27,$17,$28,29,$0.31,$0.30,$24,$169,$0,$368,$141,$0,$482,$7,$632,$1000,$210,$31,$28,$173,$383,$0,$371,$-11,$617,$1000,$18,$21,$11,$32,$-5,$0,$2,$-2,$-10,$40,$-9,$0,$-0,$0,$0,$0,$0,$-9,$-23,$0,$-23,$5,$5,$0,$-3,$-21,$12,$2,$0
30,2011-03-31,23.39,$21.24,1.1,$24.98,0.94,$1.49,15.7,$1.11,21.07,$0.36B,$0.18B,1.98,$0.07B,$0.60B,0.12,$0.72B,$0.37B,51.39%,$0.72B,$0.06B,8.47%,$0.72B,$0.06B,8.47%,$0.72B,$0.10B,14.31%,$0.72B,$0.05B,6.81%,$0.72B,$0.03B,4.44%,$0.03B,$0.60B,5.46%,$0.03B,$0.12B,31.84%,$0.03B,$0.99B,3.23%,$0.06B,$0.67B,8.58%,$183,$88,$96,$8,$70,$166,$17,$-3,$14,$5,$9,$9,$9,$28,$17,$28,29,$0.32,$0.31,$18,$171,$0,$358,$141,$0,$483,$8,$634,$992,$181,$72,$28,$211,$391,$0,$363,$-13,$601,$992,$9,$10,$6,$16,$0,$0,$2,$1,$-4,$21,$-4,$0,$-0,$0,$0,$0,$0,$-4,$-13,$0,$-13,$1,$1,$0,$0,$-12,$6,$1,$0
31,2010-12-31,23.52,$20.78,1.13,$24.58,0.96,$0.36,65.42,$1.05,22.4,$0.35B,$0.18B,1.95,$0.09B,$0.59B,0.15,$0.71B,$0.37B,51.33%,$0.71B,$0.06B,8.13%,$0.71B,$0.06B,8.13%,$0.71B,$0.10B,13.88%,$0.71B,$0.05B,6.45%,$0.71B,$0.03B,4.21%,$0.03B,$0.59B,5.15%,$0.03B,$0.10B,31.66%,$0.03B,$0.99B,3.02%,$0.06B,$0.67B,7.92%,$184,$93,$91,$8,$68,$171,$14,$-3,$11,$4,$7,$7,$7,$24,$14,$29,29,$0.25,$0.24,$12,$173,$0,$350,$141,$0,$485,$8,$636,$986,$180,$85,$28,$219,$399,$0,$354,$-16,$587,$986,$30,$42,$17,$59,$-20,$-20,$-5,$-8,$-51,$38,$-15,$0,$-5,$0,$0,$0,$0,$-20,$7,$0,$7,$-21,$-21,$0,$-2,$-16,$2,$4,$0
32,2010-09-30,19.95,$20.62,0.97,$24.76,0.81,$-0.33,0.0,$0.98,20.35,$0.37B,$0.12B,3.14,$0.17B,$0.58B,0.3,$0.72B,$0.37B,51.53%,$0.72B,$0.06B,7.64%,$0.72B,$0.06B,7.64%,$0.72B,$0.10B,13.47%,$0.72B,$0.04B,5.97%,$0.72B,$0.03B,3.89%,$0.03B,$0.58B,4.83%,$0.03B,$0.09B,30.03%,$0.03B,$1.00B,2.84%,$0.06B,$0.75B,7.29%,$172,$83,$89,$7,$66,$157,$15,$-3,$12,$4,$9,$9,$9,$26,$15,$28,29,$0.31,$0.31,$17,$183,$0,$367,$142,$0,$487,$5,$636,$1003,$117,$171,$24,$306,$423,$0,$348,$-13,$580,$1003,$23,$31,$14,$45,$-15,$-28,$-0,$-9,$-53,$15,$-11,$0,$-5,$0,$0,$0,$0,$-16,$27,$2,$29,$-22,$-22,$0,$0,$7,$6,$3,$0
33,2010-06-30,16.58,$19.84,0.84,$24.73,0.67,$-0.19,0.0,$0.71,23.36,$0.35B,$0.11B,3.27,$0.17B,$0.58B,0.3,$0.72B,$0.37B,51.18%,$0.72B,$0.05B,6.22%,$0.72B,$0.05B,6.22%,$0.72B,$0.09B,12.03%,$0.72B,$0.03B,4.56%,$0.72B,$0.02B,2.77%,$0.02B,$0.58B,3.46%,$0.02B,$0.09B,21.74%,$0.02B,$0.99B,2.06%,$0.05B,$0.75B,5.96%,$181,$87,$94,$6,$71,$166,$15,$-3,$12,$5,$7,$7,$7,$25,$15,$29,29,$0.25,$0.25,$8,$171,$0,$349,$142,$0,$488,$6,$638,$987,$107,$170,$24,$302,$408,$0,$339,$-18,$578,$987,$15,$21,$-20,$1,$9,$-16,$6,$-9,$-10,$6,$-7,$0,$-5,$0,$0,$0,$0,$-12,$17,$-2,$15,$-9,$-9,$0,$0,$6,$-2,$2,$0
34,2010-03-31,21.19,$20.05,1.06,$24.21,0.88,$-0.07,0.0,$0.51,41.55,$0.35B,$0.11B,3.34,$0.17B,$0.58B,0.3,$0.71B,$0.35B,49.93%,$0.71B,$0.04B,4.95%,$0.71B,$0.04B,4.95%,$0.71B,$0.08B,10.89%,$0.71B,$0.02B,3.25%,$0.71B,$0.01B,1.98%,$0.01B,$0.58B,2.44%,$0.01B,$0.10B,15.64%,$0.01B,$0.99B,1.46%,$0.04B,$0.76B,4.64%,$176,$85,$92,$8,$71,$163,$14,$-3,$11,$3,$7,$7,$7,$24,$14,$29,29,$0.25,$0.25,$10,$169,$0,$353,$143,$0,$489,$6,$639,$992,$106,$174,$25,$302,$408,$0,$333,$-13,$584,$992,$7,$10,$5,$15,$-24,$-8,$4,$-3,$-35,$-13,$-3,$0,$-5,$0,$0,$0,$0,$-8,$24,$-3,$21,$0,$0,$0,$0,$21,$-0,$1,$0
35,2009-12-31,20.29,$19.78,1.03,$23.86,0.85,$0.46,43.83,$0.41,49.5,$0.33B,$0.08B,4.12,$0.18B,$0.58B,0.32,$0.70B,$0.34B,48.49%,$0.70B,$0.03B,4.03%,$0.70B,$0.03B,4.03%,$0.70B,$0.07B,10.07%,$0.70B,$0.02B,2.59%,$0.70B,$0.01B,1.58%,$0.01B,$0.58B,1.94%,$0.01B,$0.10B,13.21%,$0.01B,$0.96B,1.17%,$0.03B,$0.76B,3.73%,$191,$95,$96,$8,$73,$180,$11,$-3,$8,$3,$5,$5,$5,$22,$11,$29,29,$0.18,$0.18,$10,$164,$0,$326,$144,$0,$481,$6,$633,$958,$79,$182,$23,$303,$382,$0,$325,$-12,$577,$958,$12,$41,$7,$48,$-26,$-9,$-7,$4,$-36,$25,$-21,$0,$-0,$0,$0,$0,$0,$-22,$-5,$-1,$-6,$1,$1,$0,$1,$-4,$-2,$4,$0
36,2009-09-30,17.06,$19.61,0.87,$23.45,0.73,$1.20,14.16,$0.60,28.44,$0.32B,$0.08B,3.91,$0.18B,$0.57B,0.32,$0.68B,$0.33B,48.32%,$0.68B,$0.03B,4.54%,$0.68B,$0.03B,4.54%,$0.68B,$0.07B,10.54%,$0.68B,$0.02B,3.37%,$0.68B,$0.01B,2.05%,$0.01B,$0.57B,2.51%,$0.01B,$0.09B,19.18%,$0.01B,$0.95B,1.50%,$0.03B,$0.75B,4.18%,$175,$88,$88,$8,$67,$170,$5,$-3,$2,$1,$1,$1,$1,$16,$5,$29,29,$0.04,$0.04,$14,$165,$0,$316,$146,$0,$482,$6,$635,$951,$81,$183,$18,$300,$381,$0,$321,$-11,$571,$951,$7,$30,$5,$35,$-8,$-8,$-2,$1,$-16,$26,$-17,$0,$-0,$0,$0,$0,$0,$-17,$-3,$-2,$-5,$0,$0,$0,$0,$-5,$2,$3,$0
37,2009-06-30,13.81,$19.38,0.71,$23.54,0.59,$2.06,6.7,$0.92,15.02,$0.29B,$0.06B,4.58,$0.18B,$0.56B,0.33,$0.69B,$0.34B,49.05%,$0.69B,$0.04B,6.40%,$0.69B,$0.04B,6.40%,$0.69B,$0.08B,12.08%,$0.69B,$0.04B,5.09%,$0.69B,$0.02B,3.35%,$0.02B,$0.56B,4.18%,$0.02B,$0.08B,35.11%,$0.02B,$0.93B,2.46%,$0.04B,$0.75B,5.92%,$165,$87,$77,$7,$64,$160,$5,$-3,$2,$1,$1,$1,$1,$15,$5,$29,29,$0.05,$0.05,$11,$162,$0,$293,$148,$0,$484,$7,$638,$931,$64,$184,$20,$304,$368,$0,$320,$-15,$563,$931,$6,$19,$4,$24,$5,$-4,$-8,$-3,$-15,$14,$-12,$0,$-0,$0,$0,$0,$0,$-12,$-1,$-2,$-2,$0,$0,$0,$0,$-2,$-1,$2,$0
38,2009-03-31,12.83,$19.10,0.67,$24.51,0.52,$2.68,4.79,$1.30,9.87,$0.29B,$0.07B,4.44,$0.19B,$0.56B,0.34,$0.72B,$0.36B,50.49%,$0.72B,$0.06B,8.67%,$0.72B,$0.06B,8.67%,$0.72B,$0.10B,13.99%,$0.72B,$0.05B,7.27%,$0.72B,$0.03B,4.76%,$0.03B,$0.56B,6.26%,$0.03B,$0.07B,59.65%,$0.03B,$0.93B,3.63%,$0.06B,$0.74B,8.31%,$164,$88,$76,$8,$62,$157,$7,$-1,$6,$1,$4,$4,$4,$17,$7,$29,29,$0.15,$0.15,$12,$160,$0,$289,$147,$0,$485,$7,$639,$928,$65,$187,$23,$308,$373,$0,$319,$-22,$555,$928,$4,$9,$2,$12,$3,$-3,$-5,$-3,$-10,$7,$-7,$0,$-0,$0,$0,$0,$0,$-8,$4,$-3,$1,$0,$0,$0,$0,$1,$0,$1,$0
39,2008-12-31,21.31,$18.61,1.14,$25.44,0.84,$3.21,6.63,$1.53,13.93,$0.29B,$0.08B,3.91,$0.18B,$0.54B,0.34,$0.74B,$0.38B,51.62%,$0.74B,$0.08B,10.24%,$0.74B,$0.08B,10.24%,$0.74B,$0.11B,15.23%,$0.74B,$0.06B,8.49%,$0.74B,$0.04B,5.39%,$0.04B,$0.54B,7.48%,$0.04B,$0.05B,84.66%,$0.04B,$0.93B,4.27%,$0.08B,$0.72B,10.19%,$179,$90,$89,$8,$66,$165,$14,$-2,$13,$4,$8,$8,$8,$24,$14,$29,29,$0.28,$0.29,$12,$160,$0,$293,$144,$0,$486,$7,$639,$932,$75,$183,$45,$317,$391,$0,$314,$-31,$540,$932,$40,$37,$18,$56,$-7,$-8,$-7,$-15,$-34,$61,$-36,$0,$-22,$0,$0,$0,$0,$-58,$-19,$4,$-14,$7,$7,$0,$2,$-5,$0,$4,$0
40,2008-09-30,28.48,$18.77,1.52,$25.85,1.1,$3.90,7.3,$1.58,18.03,$0.32B,$0.08B,3.91,$0.22B,$0.55B,0.4,$0.75B,$0.39B,51.79%,$0.75B,$0.08B,11.16%,$0.75B,$0.08B,11.16%,$0.75B,$0.12B,16.47%,$0.75B,$0.06B,8.50%,$0.75B,$0.04B,5.44%,$0.04B,$0.55B,7.80%,$0.04B,$0.06B,103.14%,$0.04B,$0.95B,4.42%,$0.08B,$0.76B,11.26%,$179,$85,$95,$9,$68,$162,$18,$-4,$14,$4,$10,$10,$10,$27,$18,$29,29,$0.34,$0.33,$32,$161,$0,$316,$139,$0,$487,$8,$634,$950,$81,$218,$17,$324,$405,$0,$317,$-5,$545,$950,$32,$28,$20,$47,$-6,$-3,$-2,$-10,$-19,$60,$-26,$0,$-22,$0,$0,$0,$0,$-48,$-1,$0,$-1,$7,$7,$0,$0,$6,$20,$3,$0
41,2008-06-30,23.63,$18.66,1.27,$25.41,0.93,$3.42,6.92,$1.51,15.65,$0.31B,$0.08B,4.03,$0.23B,$0.53B,0.42,$0.74B,$0.38B,51.08%,$0.74B,$0.08B,11.25%,$0.74B,$0.08B,11.25%,$0.74B,$0.12B,16.53%,$0.74B,$0.06B,8.54%,$0.74B,$0.04B,5.28%,$0.04B,$0.53B,7.62%,$0.04B,$0.05B,147.17%,$0.04B,$0.94B,4.28%,$0.08B,$0.76B,11.25%,$193,$92,$101,$9,$70,$170,$23,$-4,$19,$7,$12,$12,$12,$32,$23,$29,29,$0.41,$0.40,$18,$161,$0,$307,$135,$0,$488,$9,$631,$938,$76,$225,$19,$328,$404,$0,$308,$2,$534,$938,$22,$18,$14,$32,$-8,$3,$-3,$-8,$-16,$37,$-18,$0,$-22,$0,$0,$0,$0,$-39,$6,$0,$6,$1,$1,$0,$0,$6,$6,$2,$0
42,2008-03-31,22.82,$18.14,1.26,$24.64,0.93,$3.30,6.92,$1.40,16.3,$0.30B,$0.09B,3.39,$0.22B,$0.52B,0.42,$0.71B,$0.36B,50.70%,$0.71B,$0.08B,11.06%,$0.71B,$0.08B,11.06%,$0.71B,$0.12B,16.39%,$0.71B,$0.06B,8.26%,$0.71B,$0.04B,5.04%,$0.04B,$0.52B,7.24%,$0.04B,$0.03B,252.63%,$0.04B,$0.93B,4.02%,$0.08B,$0.74B,10.88%,$191,$93,$98,$8,$69,$170,$21,$-4,$17,$6,$10,$10,$10,$30,$21,$29,29,$0.36,$0.35,$13,$165,$0,$300,$127,$0,$489,$9,$625,$925,$88,$219,$20,$317,$406,$0,$296,$2,$519,$925,$10,$9,$6,$15,$-0,$1,$0,$-6,$-5,$21,$-6,$0,$-15,$0,$0,$0,$0,$-21,$-0,$0,$-0,$0,$0,$0,$0,$0,$2,$1,$0
43,2007-12-31,20.57,$17.65,1.17,$24.05,0.86,$3.04,6.76,$1.44,14.28,$0.28B,$0.08B,3.61,$0.22B,$0.51B,0.44,$0.69B,$0.35B,50.29%,$0.69B,$0.08B,11.67%,$0.69B,$0.08B,11.67%,$0.69B,$0.12B,17.00%,$0.69B,$0.06B,8.79%,$0.69B,$0.04B,5.48%,$0.04B,$0.51B,7.89%,$0.04B,$0.02B,5066.67%,$0.04B,$0.89B,4.30%,$0.08B,$0.72B,11.25%,$190,$94,$96,$7,$65,$168,$22,$-8,$14,$5,$9,$9,$9,$35,$22,$28,29,$0.31,$0.30,$12,$165,$0,$279,$124,$0,$481,$10,$615,$894,$77,$219,$21,$312,$389,$0,$285,$-1,$505,$894,$39,$36,$19,$55,$-5,$-23,$-2,$-2,$-28,$66,$-21,$0,$-6,$0,$0,$0,$0,$-27,$-45,$-2,$-47,$11,$11,$0,$0,$-35,$8,$4,$0
44,2007-09-30,24.91,$17.09,1.46,$23.58,1.06,$3.02,8.24,$0.19,131.12,$0.28B,$0.07B,3.86,$0.24B,$0.49B,0.49,$0.67B,$0.34B,49.70%,$0.67B,$0.02B,3.56%,$0.67B,$0.02B,3.56%,$0.67B,$0.10B,15.13%,$0.67B,$0.01B,1.04%,$0.67B,$0.01B,0.74%,$0.01B,$0.49B,1.07%,$0.01B,$0.01B,-32.26%,$0.01B,$0.89B,0.57%,$0.02B,$0.73B,3.36%,$164,$82,$82,$8,$58,$148,$17,$-4,$13,$5,$8,$8,$8,$25,$17,$29,29,$0.29,$0.29,$5,$167,$0,$276,$122,$0,$484,$11,$617,$892,$71,$240,$26,$332,$403,$0,$273,$-4,$489,$892,$30,$24,$18,$41,$-6,$-22,$-5,$-1,$-35,$35,$-16,$0,$-6,$0,$0,$0,$0,$-22,$-25,$-2,$-27,$11,$11,$0,$0,$-16,$2,$3,$0
45,2007-06-30,26.06,$16.67,1.56,$23.44,1.11,$3.21,8.13,$0.02,1303.07,$0.26B,$0.07B,3.66,$0.24B,$0.48B,0.5,$0.67B,$0.33B,49.32%,$0.67B,$0.02B,2.41%,$0.67B,$0.02B,2.41%,$0.67B,$0.09B,14.14%,$0.67B,$-0.00B,-0.30%,$0.67B,$-0.00B,0.00%,$-0.00B,$0.48B,0.00%,$-0.00B,$-0.00B,0.00%,$-0.00B,$0.88B,0.00%,$0.02B,$0.71B,2.21%,$169,$83,$86,$7,$58,$150,$19,$-4,$15,$5,$9,$9,$9,$27,$19,$28,29,$0.33,$0.32,$4,$162,$0,$264,$119,$0,$480,$13,$611,$875,$72,$238,$27,$327,$399,$0,$265,$-6,$476,$875,$21,$15,$12,$28,$-2,$-15,$-3,$-1,$-23,$26,$-10,$0,$-1,$0,$0,$0,$0,$-11,$-27,$-0,$-27,$11,$11,$0,$0,$-16,$0,$2,$0
46,2007-03-31,26.02,$16.22,1.6,$23.36,1.11,$3.25,8.0,$-0.18,0.0,$0.26B,$0.08B,3.5,$0.26B,$0.46B,0.56,$0.66B,$0.32B,48.56%,$0.66B,$0.01B,1.21%,$0.66B,$0.01B,1.21%,$0.66B,$0.09B,12.90%,$0.66B,$-0.01B,-1.82%,$0.66B,$-0.01B,-0.91%,$-0.01B,$0.46B,-1.32%,$-0.01B,$-0.02B,12.12%,$-0.01B,$0.88B,-0.67%,$0.01B,$0.71B,1.09%,$171,$86,$85,$8,$60,$148,$23,$-5,$19,$7,$12,$12,$12,$31,$23,$28,29,$0.43,$0.42,$5,$154,$11,$264,$117,$0,$481,$13,$611,$875,$76,$257,$29,$343,$418,$0,$258,$-8,$457,$875,$12,$8,$1,$9,$0,$-5,$-4,$1,$-9,$11,$-4,$0,$-1,$0,$0,$0,$0,$-5,$-8,$-2,$-9,$3,$3,$0,$0,$-6,$1,$1,$0
47,2006-12-31,20.58,$15.74,1.31,$22.96,0.9,$3.32,6.21,$-0.45,0.0,$0.25B,$0.08B,3.32,$0.27B,$0.44B,0.6,$0.65B,$0.31B,48.45%,$0.65B,$-0.00B,-0.62%,$0.65B,$-0.00B,-0.62%,$0.65B,$0.07B,11.15%,$0.65B,$-0.03B,-3.87%,$0.65B,$-0.01B,-2.17%,$-0.01B,$0.44B,-3.08%,$-0.01B,$-0.04B,22.86%,$-0.01B,$0.86B,-1.56%,$-0.00B,$0.71B,-0.54%,$170,$87,$82,$8,$62,$205,$-35,$-5,$-40,$-17,$-24,$-24,$-24,$19,$-35,$28,28,$-0.84,$-0.84,$4,$152,$0,$250,$116,$0,$482,$14,$612,$862,$75,$265,$30,$346,$421,$0,$247,$-9,$440,$862,$-13,$77,$-6,$70,$4,$-9,$7,$2,$7,$65,$-22,$0,$-2,$0,$1,$1,$0,$-23,$-39,$1,$-38,$-5,$-5,$0,$-1,$-44,$0,$4,$0
