,Date,Stock Price,Book Value per Share,Price to Book Ratio,TTM Sales per Share,Price to Sales Ratio,TTM FCF per Share,Price to FCF Ratio,TTM Net EPS,PE Ratio,Current Assets,Current Liabilities,Current Ratio,Long Term Debt,Shareholder's Equity_x,Debt to Equity Ratio,TTM Revenue_x,TTM Gross Profit,Gross Margin,TTM Revenue_y,TTM Operating Income,Operating Margin,TTM Revenue_x,TTM EBIT,EBIT Margin,TTM Revenue_y,TTM EBITDA,EBITDA Margin,TTM Revenue_x,TTM Pre-Tax Income,Pre-Tax Margin,TTM Revenue_y,TTM Net Income_x,Net Margin,TTM Net Income_y,Shareholder's Equity_y,Return on Equity,TTM Net Income_x,Tangible Equity,Return on Tangible Equity,TTM Net Income_y,Total Assets,Return on Assets,TTM Net Income,LT Investments & Debt,Return on Investment,revenue,cost-goods-sold,gross-profit,research-development-expenses,selling-general-administrative-expenses,operating-expenses,operating-income,total-non-operating-income-expense,pre-tax-income,total-provision-income-taxes,income-after-taxes,income-from-continuous-operations,net-income,ebitda,ebit,basic-shares-outstanding,shares-outstanding,eps-basic-net-earnings-per-share,eps-earnings-per-share-diluted,cash-on-hand,inventory,other-current-assets,total-current-assets,net-property-plant-equipment,long-term-investments,goodwill-intangible-assets-total,other-long-term-assets,total-long-term-assets,total-assets,total-current-liabilities,long-term-debt,other-non-current-liabilities,total-long-term-liabilities,total-liabilities,common-stock-net,retained-earnings-accumulated-deficit,comprehensive-income,total-share-holder-equity,total-liabilities-share-holders-equity,net-income-loss,total-depreciation-amortization-cash-flow,other-non-cash-items,total-non-cash-items,change-in-accounts-receivable,change-in-inventories,change-in-accounts-payable,change-in-assets-liabilities,total-change-in-assets-liabilities,cash-flow-from-operating-activities,net-change-in-property-plant-equipment,net-change-in-intangible-assets,net-acquisitions-divestitures,net-change-in-short-term-investments,net-change-in-long-term-investments,net-change-in-investments-total,investing-activities-other,cash-flow-from-investing-activities,net-long-term-debt,net-current-debt,debt-issuance-retirement-net-total,net-common-equity-issued-repurchased,net-total-equity-issued-repurchased,total-common-preferred-stock-dividends-paid,financial-activities-other,cash-flow-from-financial-activities,net-cash-flow,stock-based-compensation,common-stock-dividends-paid
0,2018-09-30,23.75,$18.45,1.29,$6.67,3.56,$8.31,2.86,$1.61,14.75,$4.60B,$4.62B,1.0,$0.13B,$0.60B,0.22,$0.22B,$0.16B,75.81%,$0.22B,$0.07B,32.09%,$0.22B,0,0.00%,$0.22B,0,0.00%,$0.22B,$0.07B,33.49%,$0.22B,$0.05B,24.65%,$0.05B,$0.60B,9.21%,$0.05B,$0.45B,12.39%,$0.05B,$5.37B,1.01%,$0.07B,$0.72B,8.19%,$57,$15,$41,$0,$19,$35,$22,$0,$22,$2,$20,$20,$20,$0,$0,$32,32,$0.62,$0.61,$156,$0,$0,$4602,$21,$454,$148,$144,$767,$5369,$4619,$128,$27,$155,$4774,$413,$195,$-11,$595,$5369,$42,$4,$21,$26,$-2,$0,$0,$2,$0,$67,$-2,$0,$0,$0,$2,$2,$-282,$-282,$34,$0,$34,$1,$1,$-7,$194,$220,$6,$0,$-7
1,2018-06-30,24.83,$17.98,1.38,$6.41,3.88,$8.34,2.98,$1.41,17.61,$4.52B,$3.91B,1.16,$0.76B,$0.58B,1.31,$0.21B,$0.16B,78.16%,$0.21B,$0.07B,32.04%,$0.21B,0,0.00%,$0.21B,0,0.00%,$0.21B,$0.07B,33.50%,$0.21B,$0.05B,22.33%,$0.05B,$0.58B,8.12%,$0.05B,$0.43B,11.00%,$0.05B,$5.28B,0.90%,$0.07B,$1.34B,8.10%,$54,$14,$40,$0,$18,$32,$22,$0,$22,$5,$18,$18,$18,$0,$0,$32,32,$0.54,$0.54,$176,$0,$0,$4520,$20,$444,$148,$143,$755,$5275,$3905,$757,$34,$791,$4697,$413,$178,$-9,$579,$5275,$22,$3,$19,$22,$-1,$0,$0,$12,$11,$54,$-0,$0,$0,$0,$16,$16,$-182,$-166,$33,$0,$33,$0,$0,$-5,$110,$138,$27,$-0,$-5
2,2018-03-31,28.64,$17.54,1.63,$6.12,4.68,$8.12,3.53,$1.11,25.8,$4.38B,$4.45B,0.98,$0.13B,$0.56B,0.23,$0.20B,$0.16B,80.20%,$0.20B,$0.05B,27.41%,$0.20B,0,0.00%,$0.20B,0,0.00%,$0.20B,$0.06B,28.93%,$0.20B,$0.04B,18.27%,$0.04B,$0.56B,6.45%,$0.04B,$0.42B,8.78%,$0.04B,$5.16B,0.73%,$0.05B,$0.69B,6.85%,$52,$12,$40,$0,$35,$47,$5,$0,$5,$0,$4,$4,$4,$0,$0,$32,32,$0.13,$0.13,$143,$0,$0,$4375,$21,$459,$148,$155,$784,$5158,$4445,$128,$21,$149,$4594,$413,$163,$-8,$564,$5158,$4,$2,$18,$19,$-0,$0,$0,$-3,$-3,$20,$-0,$0,$0,$0,$-8,$-8,$-70,$-78,$99,$0,$99,$0,$0,$-2,$-46,$51,$-7,$-0,$-2
3,2017-12-31,25.54,$17.63,1.45,$5.88,4.34,$8.24,3.1,$1.35,18.92,$4.33B,$4.47B,0.97,$0.06B,$0.57B,0.1,$0.19B,$0.15B,81.48%,$0.19B,$0.07B,34.92%,$0.19B,0,0.00%,$0.19B,0,0.00%,$0.19B,$0.07B,36.51%,$0.19B,$0.04B,23.28%,$0.04B,$0.57B,7.97%,$0.04B,$0.42B,10.90%,$0.04B,$5.11B,0.92%,$0.07B,$0.62B,7.45%,$52,$10,$42,$0,$22,$33,$20,$0,$23,$13,$11,$11,$11,$0,$0,$32,32,$0.33,$0.32,$150,$0,$0,$4330,$22,$469,$148,$140,$779,$5108,$4465,$55,$23,$78,$4543,$413,$160,$-4,$565,$5108,$43,$4,$26,$30,$51,$0,$0,$7,$58,$131,$-3,$0,$0,$3,$-95,$-92,$-723,$-818,$209,$-15,$194,$0,$0,$-10,$451,$636,$-51,$2,$-10
4,2017-09-30,24.32,$17.42,1.4,$5.67,4.29,$5.80,4.19,$0.95,25.6,$4.11B,$4.21B,0.98,$0.06B,$0.56B,0.1,$0.18B,$0.15B,81.67%,$0.18B,$0.04B,22.78%,$0.18B,0,0.00%,$0.18B,0,0.00%,$0.18B,$0.04B,22.78%,$0.18B,$0.03B,17.22%,$0.03B,$0.56B,5.70%,$0.03B,$0.41B,7.85%,$0.03B,$4.85B,0.67%,$0.04B,$0.61B,4.11%,$48,$9,$39,$0,$20,$29,$19,$0,$19,$6,$13,$13,$13,$0,$0,$32,32,$0.41,$0.41,$141,$0,$0,$4105,$22,$430,$148,$139,$740,$4845,$4209,$55,$24,$78,$4287,$413,$152,$-3,$558,$4845,$33,$4,$19,$23,$3,$0,$0,$10,$13,$68,$-2,$0,$0,$0,$-53,$-53,$-453,$-509,$124,$-15,$109,$-0,$-0,$-7,$280,$381,$-59,$1,$-7
5,2017-06-30,22.22,$17.06,1.3,$5.71,3.89,$4.89,4.54,$0.93,23.9,$3.94B,$3.43B,1.15,$0.68B,$0.55B,1.25,$0.18B,$0.15B,82.12%,$0.18B,$0.04B,21.79%,$0.18B,0,0.00%,$0.18B,0,0.00%,$0.18B,$0.04B,21.79%,$0.18B,$0.03B,16.76%,$0.03B,$0.55B,5.67%,$0.03B,$0.40B,7.89%,$0.03B,$4.68B,0.67%,$0.04B,$1.23B,3.97%,$45,$9,$37,$0,$27,$35,$10,$0,$10,$2,$8,$8,$8,$0,$0,$32,32,$0.24,$0.24,$147,$0,$0,$3944,$22,$434,$149,$133,$737,$4681,$3430,$681,$24,$705,$4135,$413,$141,$-3,$546,$4681,$20,$2,$14,$16,$5,$0,$0,$7,$12,$48,$-1,$0,$0,$0,$-57,$-57,$-275,$-333,$165,$-15,$150,$-0,$-0,$-5,$86,$231,$-54,$1,$-5
6,2017-03-31,23.82,$16.88,1.41,$5.68,4.19,$4.20,5.68,$1.05,22.69,$3.78B,$3.36B,1.13,$0.55B,$0.54B,1.01,$0.18B,$0.14B,81.82%,$0.18B,$0.05B,25.57%,$0.18B,0,0.00%,$0.18B,0,0.00%,$0.18B,$0.05B,25.57%,$0.18B,$0.03B,18.75%,$0.03B,$0.54B,6.42%,$0.03B,$0.39B,9.05%,$0.03B,$4.46B,0.76%,$0.05B,$1.09B,4.82%,$44,$8,$36,$0,$19,$27,$17,$0,$17,$5,$12,$12,$12,$0,$0,$32,32,$0.37,$0.37,$162,$0,$0,$3782,$22,$377,$149,$131,$679,$4461,$3355,$546,$19,$565,$3921,$413,$136,$-3,$540,$4461,$12,$1,$3,$3,$5,$0,$0,$5,$10,$25,$-1,$0,$0,$0,$0,$0,$-86,$-87,$15,$0,$15,$0,$0,$-2,$11,$24,$-39,$0,$-2
7,2016-12-31,25.42,$16.62,1.53,$5.63,4.52,$3.67,6.93,$1.02,24.92,$3.74B,$3.37B,1.11,$0.53B,$0.53B,1.0,$0.17B,$0.14B,81.98%,$0.17B,$0.04B,25.00%,$0.17B,0,0.00%,$0.17B,0,0.00%,$0.17B,$0.04B,25.00%,$0.17B,$0.03B,18.02%,$0.03B,$0.53B,6.23%,$0.03B,$0.38B,8.91%,$0.03B,$4.43B,0.72%,$0.04B,$1.06B,5.41%,$43,$8,$35,$0,$40,$49,$-5,$0,$-5,$-3,$-2,$-2,$-2,$0,$0,$30,31,$-0.08,$-0.08,$200,$0,$0,$3741,$22,$378,$149,$136,$685,$4426,$3365,$531,$0,$531,$3895,$413,$126,$-3,$531,$4426,$31,$1,$38,$39,$-1,$0,$0,$-20,$-20,$50,$-2,$0,$0,$0,$79,$79,$-505,$-428,$-195,$0,$-195,$39,$28,$-9,$554,$377,$-0,$2,$-9
8,2016-09-30,17.62,$16.54,1.06,$5.53,3.19,$3.52,5.01,$1.40,12.58,$3.67B,$3.75B,0.98,$0.05B,$0.50B,0.11,$0.17B,$0.14B,82.25%,$0.17B,$0.06B,36.69%,$0.17B,0,0.00%,$0.17B,0,0.00%,$0.17B,$0.06B,36.69%,$0.17B,$0.04B,25.44%,$0.04B,$0.50B,8.88%,$0.04B,$0.35B,12.86%,$0.04B,$4.33B,1.03%,$0.06B,$0.55B,7.47%,$47,$8,$39,$0,$21,$29,$17,$0,$17,$5,$12,$12,$12,$0,$0,$30,30,$0.39,$0.39,$234,$0,$0,$3669,$22,$363,$149,$124,$659,$4328,$3750,$54,$23,$78,$3828,$374,$131,$1,$500,$4328,$33,$-0,$11,$11,$-2,$0,$0,$-6,$-7,$37,$-2,$0,$0,$0,$102,$102,$-374,$-274,$-190,$0,$-190,$0,$-11,$-7,$478,$270,$33,$2,$-7
9,2016-06-30,15.24,$16.04,0.95,$5.31,2.87,$3.33,4.57,$1.37,11.12,$3.53B,$3.20B,1.1,$0.55B,$0.48B,1.14,$0.16B,$0.13B,82.72%,$0.16B,$0.06B,37.65%,$0.16B,0,0.00%,$0.16B,0,0.00%,$0.16B,$0.06B,37.65%,$0.16B,$0.04B,25.93%,$0.04B,$0.48B,8.81%,$0.04B,$0.34B,12.83%,$0.04B,$4.26B,1.04%,$0.06B,$1.04B,7.41%,$42,$8,$34,$0,$18,$26,$16,$0,$16,$5,$11,$11,$11,$0,$0,$30,30,$0.36,$0.36,$175,$0,$0,$3531,$22,$448,$149,$112,$732,$4263,$3201,$551,$27,$578,$3779,$374,$121,$-4,$484,$4263,$21,$-0,$8,$7,$-1,$0,$0,$-3,$-4,$24,$-1,$0,$0,$0,$6,$6,$-274,$-270,$-175,$0,$-175,$0,$-11,$-5,$410,$220,$-26,$1,$-5
10,2016-03-31,15.81,$15.74,1.0,$5.18,3.05,$3.14,5.03,$1.36,11.62,$3.37B,$3.54B,0.95,$0.05B,$0.48B,0.12,$0.16B,$0.13B,83.54%,$0.16B,$0.06B,38.61%,$0.16B,0,0.00%,$0.16B,0,0.00%,$0.16B,$0.06B,38.61%,$0.16B,$0.04B,25.95%,$0.04B,$0.48B,8.69%,$0.04B,$0.33B,12.73%,$0.04B,$4.09B,1.05%,$0.06B,$0.53B,8.79%,$40,$7,$33,$0,$17,$25,$15,$0,$15,$5,$10,$10,$10,$0,$0,$30,30,$0.35,$0.34,$118,$0,$0,$3366,$23,$442,$150,$111,$725,$4091,$3540,$54,$22,$77,$3616,$374,$113,$-5,$475,$4091,$10,$-0,$4,$4,$-0,$0,$0,$-7,$-7,$7,$-1,$0,$0,$0,$11,$11,$-163,$-154,$-25,$0,$-25,$0,$-11,$-2,$102,$64,$-83,$1,$-2
11,2015-12-31,17.99,$15.87,1.13,$5.03,3.58,$3.19,5.65,$1.36,13.23,$3.29B,$2.81B,1.17,$0.73B,$0.47B,1.56,$0.15B,$0.13B,84.31%,$0.15B,$0.06B,39.87%,$0.15B,0,0.00%,$0.15B,0,0.00%,$0.15B,$0.06B,39.87%,$0.15B,$0.04B,26.80%,$0.04B,$0.48B,8.78%,$0.04B,$0.33B,12.92%,$0.04B,$4.02B,1.09%,$0.06B,$1.20B,9.01%,$40,$7,$33,$0,$18,$25,$14,$0,$14,$5,$10,$10,$10,$0,$0,$30,30,$0.31,$0.31,$201,$0,$0,$3286,$22,$452,$150,$105,$730,$4016,$2813,$726,$0,$726,$3539,$374,$105,$-5,$477,$4016,$41,$-1,$8,$8,$-1,$0,$0,$-2,$-3,$46,$-4,$0,$0,$0,$81,$81,$-582,$-505,$242,$-18,$224,$1,$1,$-9,$316,$533,$74,$1,$-9
12,2015-09-30,18.5,$15.60,1.19,$5.22,3.54,$2.78,6.67,$1.32,14.02,$3.10B,$3.29B,0.94,$0.06B,$0.46B,0.12,$0.15B,$0.13B,85.81%,$0.15B,$0.06B,40.54%,$0.15B,0,0.00%,$0.15B,0,0.00%,$0.15B,$0.06B,40.54%,$0.15B,$0.04B,26.35%,$0.04B,$0.47B,8.49%,$0.04B,$0.32B,12.62%,$0.04B,$3.84B,1.08%,$0.06B,$0.53B,9.78%,$40,$6,$34,$0,$17,$24,$16,$0,$16,$5,$11,$11,$11,$0,$0,$30,30,$0.36,$0.36,$159,$0,$0,$3103,$22,$482,$150,$82,$735,$3838,$3288,$55,$24,$79,$3367,$374,$97,$-3,$471,$3838,$32,$-1,$6,$5,$-1,$0,$0,$-4,$-5,$32,$-2,$0,$0,$0,$53,$53,$-413,$-362,$192,$-16,$176,$0,$0,$-7,$193,$362,$32,$1,$-7
13,2015-06-30,20.57,$15.37,1.34,$5.02,4.1,$2.09,9.86,$1.02,20.16,$2.89B,$3.12B,0.93,$0.06B,$0.45B,0.12,$0.14B,$0.12B,85.92%,$0.14B,$0.05B,32.39%,$0.14B,0,0.00%,$0.14B,0,0.00%,$0.14B,$0.05B,32.39%,$0.14B,$0.03B,21.13%,$0.03B,$0.46B,6.64%,$0.03B,$0.31B,9.95%,$0.03B,$3.66B,0.86%,$0.05B,$0.52B,7.75%,$38,$6,$32,$0,$16,$22,$16,$0,$16,$5,$11,$11,$10,$0,$0,$30,30,$0.35,$0.35,$125,$0,$0,$2885,$21,$524,$150,$79,$775,$3660,$3118,$55,$23,$78,$3196,$374,$89,$-2,$464,$3660,$21,$-1,$3,$3,$-0,$0,$0,$-4,$-5,$19,$-2,$0,$0,$0,$12,$12,$-225,$-215,$119,$-16,$103,$1,$1,$-5,$94,$194,$-1,$1,$-4
14,2015-03-31,18.52,$15.28,1.21,$4.75,3.9,$2.10,8.81,$0.93,19.91,$2.73B,$3.02B,0.9,$0.01B,$0.45B,0.01,$0.12B,$0.10B,85.83%,$0.12B,$0.04B,30.00%,$0.12B,0,0.00%,$0.12B,0,0.00%,$0.12B,$0.04B,30.00%,$0.12B,$0.02B,20.00%,$0.02B,$0.46B,6.31%,$0.02B,$0.31B,9.12%,$0.02B,$3.51B,0.80%,$0.04B,$0.46B,7.07%,$35,$5,$30,$0,$14,$20,$15,$0,$15,$5,$10,$10,$10,$0,$0,$30,30,$0.35,$0.34,$89,$0,$0,$2726,$20,$533,$150,$76,$780,$3506,$3021,$5,$23,$29,$3050,$374,$81,$-0,$456,$3506,$10,$-0,$2,$2,$-1,$0,$0,$-3,$-4,$8,$-0,$0,$0,$0,$6,$6,$-101,$-95,$30,$0,$30,$1,$1,$-2,$21,$49,$-38,$0,$-2
15,2014-12-31,18.01,$15.03,1.2,$4.62,3.9,$2.20,8.19,$0.86,20.94,$2.66B,$2.50B,1.07,$0.50B,$0.44B,1.15,$0.10B,$0.09B,85.29%,$0.10B,$0.03B,26.47%,$0.10B,0,0.00%,$0.10B,0,0.00%,$0.10B,$0.03B,26.47%,$0.10B,$0.02B,17.65%,$0.02B,$0.45B,5.81%,$0.02B,$0.30B,7.96%,$0.02B,$3.45B,0.71%,$0.03B,$0.95B,5.68%,$35,$5,$31,$0,$17,$22,$13,$0,$13,$5,$8,$8,$8,$0,$0,$23,23,$0.20,$0.20,$127,$0,$0,$2663,$21,$538,$151,$76,$786,$3449,$2502,$501,$0,$501,$3002,$374,$72,$-1,$446,$3449,$19,$-1,$7,$5,$-0,$0,$0,$1,$1,$25,$-2,$0,$70,$0,$65,$65,$-273,$-140,$82,$0,$82,$1,$1,$-7,$83,$159,$44,$0,$-7
16,2014-09-30,17.98,$14.89,1.21,$4.12,4.36,$2.57,7.01,$0.89,20.2,$2.57B,$2.89B,0.89,$0.01B,$0.43B,0.01,$0.08B,$0.07B,84.34%,$0.08B,$0.02B,24.10%,$0.08B,0,0.00%,$0.08B,0,0.00%,$0.08B,$0.02B,25.30%,$0.08B,$0.02B,18.07%,$0.02B,$0.44B,6.23%,$0.02B,$0.29B,7.88%,$0.02B,$3.36B,0.72%,$0.02B,$0.45B,7.09%,$34,$5,$29,$0,$26,$31,$2,$0,$2,$0,$2,$2,$2,$0,$0,$30,30,$0.06,$0.06,$138,$0,$0,$2565,$21,$543,$151,$77,$792,$3356,$2890,$5,$19,$24,$2914,$374,$67,$1,$442,$3356,$11,$4,$0,$4,$-0,$0,$0,$-4,$-4,$10,$-2,$0,$70,$0,$59,$59,$-166,$-39,$12,$0,$12,$1,$1,$-5,$76,$84,$55,$0,$-5
17,2014-06-30,18.08,$10.86,1.66,$3.99,4.53,$3.34,5.41,$1.14,15.86,$1.10B,$1.48B,0.74,$0.01B,$0.17B,0.03,$0.07B,$0.05B,83.08%,$0.07B,$0.03B,38.46%,$0.07B,0,0.00%,$0.07B,0,0.00%,$0.07B,$0.03B,40.00%,$0.07B,$0.02B,27.69%,$0.02B,$0.18B,10.50%,$0.02B,$0.16B,11.65%,$0.02B,$1.67B,1.08%,$0.03B,$0.18B,10.02%,$16,$3,$13,$0,$7,$10,$6,$0,$6,$2,$4,$4,$4,$0,$0,$16,16,$0.27,$0.26,$93,$0,$0,$1095,$14,$496,$17,$44,$571,$1666,$1482,$5,$0,$5,$1488,$110,$67,$1,$178,$1666,$9,$1,$-1,$0,$-0,$0,$0,$1,$1,$10,$-1,$0,$0,$0,$65,$65,$-46,$19,$50,$0,$50,$0,$0,$-3,$-67,$-19,$10,$0,$-2
18,2014-03-31,17.79,$10.62,1.68,$3.97,4.48,$3.36,5.3,$1.18,15.08,$1.09B,$1.35B,0.81,$0.15B,$0.16B,0.93,$0.07B,$0.05B,83.08%,$0.07B,$0.03B,40.00%,$0.07B,0,0.00%,$0.07B,0,0.00%,$0.07B,$0.03B,41.54%,$0.07B,$0.02B,29.23%,$0.02B,$0.17B,11.36%,$0.02B,$0.16B,12.65%,$0.02B,$1.68B,1.15%,$0.03B,$0.33B,9.23%,$17,$3,$14,$0,$8,$11,$6,$0,$6,$2,$4,$4,$4,$0,$0,$16,16,$0.27,$0.27,$106,$0,$0,$1090,$14,$511,$17,$45,$587,$1676,$1351,$151,$0,$151,$1502,$110,$65,$-0,$174,$1676,$4,$1,$-1,$-0,$0,$0,$0,$1,$2,$6,$-0,$0,$0,$0,$48,$48,$-27,$21,$0,$0,$0,$-0,$-0,$-1,$-2,$-3,$24,$0,$-1
19,2013-12-31,17.5,$10.30,1.7,$3.91,4.47,$3.49,5.01,$1.21,14.46,$1.04B,$1.50B,0.69,$0.01B,$0.16B,0.03,$0.06B,$0.05B,82.81%,$0.06B,$0.03B,42.19%,$0.06B,0,0.00%,$0.06B,0,0.00%,$0.06B,$0.03B,43.75%,$0.06B,$0.02B,31.25%,$0.02B,$0.17B,12.12%,$0.02B,$0.15B,13.51%,$0.02B,$1.67B,1.22%,$0.03B,$0.17B,9.66%,$16,$3,$14,$0,$8,$10,$6,$0,$7,$2,$5,$5,$5,$0,$0,$16,16,$0.30,$0.30,$83,$0,$0,$1040,$14,$547,$17,$55,$633,$1673,$1499,$5,$0,$5,$1504,$110,$62,$-3,$169,$1673,$20,$4,$-0,$4,$2,$0,$0,$-2,$-1,$23,$-1,$0,$0,$0,$-7,$-7,$-70,$-78,$0,$0,$0,$0,$0,$-4,$35,$31,$-23,$0,$-4
20,2013-09-30,13.21,$10.09,1.31,$3.85,3.43,$3.38,3.91,$1.18,11.2,$0.99B,$1.33B,0.74,$0.15B,$0.15B,0.98,$0.06B,$0.05B,80.95%,$0.06B,$0.03B,42.86%,$0.06B,0,0.00%,$0.06B,0,0.00%,$0.06B,$0.03B,42.86%,$0.06B,$0.02B,30.16%,$0.02B,$0.17B,11.66%,$0.02B,$0.15B,13.01%,$0.02B,$1.64B,1.17%,$0.03B,$0.32B,8.60%,$16,$3,$13,$0,$6,$9,$7,$0,$7,$2,$5,$5,$5,$0,$0,$16,16,$0.31,$0.31,$34,$0,$0,$988,$13,$576,$17,$51,$657,$1644,$1328,$151,$0,$151,$1479,$110,$58,$-2,$165,$1644,$15,$3,$-1,$2,$2,$0,$0,$-1,$1,$18,$-1,$0,$0,$0,$-28,$-28,$-66,$-95,$0,$0,$0,$0,$0,$-3,$8,$5,$-73,$0,$-3
21,2013-06-30,11.71,$9.85,1.19,$3.89,3.01,$3.17,3.7,$1.14,10.27,$0.96B,$1.29B,0.74,$0.15B,$0.15B,1.01,$0.06B,$0.05B,81.25%,$0.06B,$0.03B,40.63%,$0.06B,0,0.00%,$0.06B,0,0.00%,$0.06B,$0.03B,40.63%,$0.06B,$0.02B,28.13%,$0.02B,$0.16B,11.18%,$0.02B,$0.14B,12.50%,$0.02B,$1.61B,1.11%,$0.03B,$0.31B,8.33%,$16,$3,$13,$0,$6,$9,$7,$0,$7,$2,$5,$5,$5,$0,$0,$16,16,$0.30,$0.30,$62,$0,$0,$962,$13,$566,$17,$48,$644,$1606,$1293,$151,$0,$151,$1444,$110,$54,$-2,$161,$1606,$10,$2,$-1,$1,$1,$0,$0,$-2,$-1,$10,$-0,$0,$0,$0,$-15,$-15,$-12,$-26,$0,$0,$0,$0,$0,$-2,$-26,$-28,$-44,$0,$-2
22,2013-03-31,11.42,$10.08,1.13,$3.86,2.96,$3.08,3.71,$1.10,10.38,$0.99B,$1.29B,0.77,$0.15B,$0.15B,0.99,$0.06B,$0.05B,80.95%,$0.06B,$0.03B,41.27%,$0.06B,0,0.00%,$0.06B,0,0.00%,$0.06B,$0.03B,41.27%,$0.06B,$0.02B,26.98%,$0.02B,$0.17B,10.78%,$0.02B,$0.15B,12.08%,$0.02B,$1.61B,1.07%,$0.03B,$0.32B,8.32%,$16,$3,$13,$0,$7,$9,$7,$0,$7,$2,$5,$5,$5,$0,$0,$16,16,$0.30,$0.30,$117,$0,$0,$993,$14,$545,$17,$41,$617,$1610,$1294,$151,$0,$151,$1445,$110,$51,$5,$165,$1610,$5,$1,$-1,$1,$1,$0,$0,$2,$3,$8,$-0,$0,$0,$0,$18,$18,$11,$28,$0,$0,$0,$0,$0,$-1,$-25,$-26,$11,$0,$-1
23,2012-12-31,10.59,$9.83,1.08,$3.82,2.77,$2.89,3.66,$1.05,10.08,$0.99B,$1.32B,0.75,$0.15B,$0.15B,1.01,$0.06B,$0.05B,80.65%,$0.06B,$0.03B,40.32%,$0.06B,0,0.00%,$0.06B,0,0.00%,$0.06B,$0.03B,40.32%,$0.06B,$0.02B,25.81%,$0.02B,$0.16B,10.53%,$0.02B,$0.14B,11.85%,$0.02B,$1.63B,1.03%,$0.03B,$0.31B,8.05%,$15,$3,$12,$0,$6,$9,$6,$0,$6,$2,$4,$4,$4,$0,$0,$16,16,$0.27,$0.27,$106,$0,$0,$994,$14,$564,$17,$42,$636,$1630,$1318,$151,$0,$151,$1469,$110,$47,$5,$161,$1630,$18,$6,$0,$6,$-1,$0,$0,$-2,$-2,$21,$-1,$0,$-4,$0,$-15,$-15,$-88,$-108,$-15,$0,$-15,$0,$0,$-3,$100,$82,$-5,$0,$-3
24,2012-09-30,10.85,$9.62,1.13,$3.81,2.84,$2.75,3.95,$0.98,11.07,$0.97B,$1.30B,0.74,$0.15B,$0.15B,1.04,$0.06B,$0.05B,80.65%,$0.06B,$0.03B,40.32%,$0.06B,0,0.00%,$0.06B,0,0.00%,$0.06B,$0.03B,40.32%,$0.06B,$0.02B,24.19%,$0.02B,$0.16B,10.29%,$0.02B,$0.14B,11.65%,$0.02B,$1.61B,1.00%,$0.03B,$0.31B,8.12%,$17,$3,$14,$0,$8,$11,$6,$0,$6,$2,$4,$4,$4,$0,$0,$16,16,$0.27,$0.27,$102,$0,$0,$969,$14,$575,$17,$37,$643,$1612,$1304,$151,$0,$151,$1455,$110,$43,$5,$157,$1612,$13,$4,$-2,$2,$0,$0,$0,$-1,$-1,$14,$-1,$0,$-4,$0,$-26,$-26,$-62,$-93,$-15,$0,$-15,$0,$0,$-2,$86,$69,$-9,$0,$-2
25,2012-06-30,10.19,$9.05,1.13,$3.72,2.74,$2.82,3.61,$0.93,10.96,$0.89B,$1.19B,0.75,$0.17B,$0.14B,1.22,$0.06B,$0.05B,80.00%,$0.06B,$0.03B,41.67%,$0.06B,0,0.00%,$0.06B,0,0.00%,$0.06B,$0.03B,41.67%,$0.06B,$0.02B,25.00%,$0.02B,$0.15B,10.71%,$0.02B,$0.13B,12.20%,$0.02B,$1.50B,1.04%,$0.03B,$0.31B,8.17%,$15,$3,$12,$0,$6,$9,$7,$0,$7,$2,$4,$4,$4,$0,$0,$16,16,$0.26,$0.26,$86,$0,$0,$889,$12,$539,$17,$43,$612,$1501,$1185,$166,$2,$168,$1353,$110,$40,$-0,$148,$1501,$9,$3,$-1,$1,$0,$0,$0,$-2,$-1,$9,$-0,$0,$0,$0,$-35,$-35,$-51,$-86,$0,$0,$0,$0,$0,$-1,$53,$52,$-25,$0,$-1
26,2012-03-31,9.06,$8.70,1.04,$3.69,2.45,$2.79,3.25,$0.88,10.29,$0.87B,$1.16B,0.74,$0.17B,$0.13B,1.27,$0.06B,$0.05B,80.00%,$0.06B,$0.02B,40.00%,$0.06B,0,0.00%,$0.06B,0,0.00%,$0.06B,$0.02B,40.00%,$0.06B,$0.01B,23.33%,$0.01B,$0.14B,10.33%,$0.01B,$0.13B,11.81%,$0.01B,$1.48B,1.00%,$0.02B,$0.31B,7.96%,$15,$3,$12,$0,$6,$9,$6,$0,$6,$2,$4,$4,$4,$0,$0,$16,16,$0.25,$0.25,$78,$0,$0,$865,$12,$534,$17,$49,$612,$1477,$1164,$166,$4,$170,$1335,$110,$36,$-3,$142,$1477,$4,$1,$-1,$1,$-1,$0,$0,$1,$0,$5,$-0,$0,$0,$0,$-36,$-36,$-34,$-69,$0,$0,$0,$-0,$-0,$-1,$32,$31,$-33,$0,$-0
27,2011-12-31,8.8,$8.32,1.06,$3.64,2.42,$2.77,3.17,$0.81,10.86,$0.86B,$1.13B,0.76,$0.17B,$0.13B,1.33,$0.06B,$0.05B,81.36%,$0.06B,$0.02B,38.98%,$0.06B,0,0.00%,$0.06B,0,0.00%,$0.06B,$0.02B,38.98%,$0.06B,$0.01B,22.03%,$0.01B,$0.14B,9.90%,$0.01B,$0.12B,11.38%,$0.01B,$1.43B,0.96%,$0.02B,$0.30B,7.74%,$15,$3,$12,$0,$7,$10,$6,$0,$6,$2,$4,$4,$3,$0,$0,$16,16,$0.19,$0.19,$111,$0,$0,$864,$12,$496,$17,$44,$569,$1433,$1131,$166,$0,$166,$1297,$110,$33,$-5,$136,$1433,$14,$5,$2,$7,$-3,$0,$0,$-0,$-3,$18,$-0,$0,$0,$0,$-103,$-103,$-49,$-153,$-10,$-42,$-52,$0,$1,$-2,$261,$208,$74,$0,$-2
28,2011-09-30,8.66,$8.21,1.05,$3.57,2.43,$2.84,3.05,$0.76,11.4,$0.83B,$1.08B,0.77,$0.17B,$0.12B,1.35,$0.06B,$0.05B,80.70%,$0.06B,$0.02B,33.33%,$0.06B,0,0.00%,$0.06B,0,0.00%,$0.06B,$0.02B,33.33%,$0.06B,$0.01B,21.05%,$0.01B,$0.13B,9.41%,$0.01B,$0.12B,10.86%,$0.01B,$1.38B,0.93%,$0.02B,$0.30B,6.42%,$15,$3,$12,$0,$7,$10,$6,$0,$6,$2,$4,$4,$4,$0,$0,$16,16,$0.22,$0.22,$113,$0,$0,$831,$12,$468,$17,$48,$546,$1377,$1077,$166,$0,$166,$1243,$110,$30,$-5,$134,$1377,$10,$4,$-0,$3,$-2,$0,$0,$3,$1,$15,$-0,$0,$0,$0,$-72,$-72,$-14,$-87,$-10,$-42,$-52,$0,$1,$-2,$200,$147,$76,$0,$-1
29,2011-06-30,9.34,$7.99,1.17,$3.60,2.59,$2.88,3.24,$0.68,13.74,$0.80B,$1.01B,0.79,$0.17B,$0.12B,1.38,$0.06B,$0.05B,80.36%,$0.06B,$0.02B,30.36%,$0.06B,0,0.00%,$0.06B,0,0.00%,$0.06B,$0.02B,30.36%,$0.06B,$0.01B,17.86%,$0.01B,$0.13B,8.03%,$0.01B,$0.11B,9.30%,$0.01B,$1.31B,0.80%,$0.02B,$0.30B,5.66%,$15,$3,$12,$0,$6,$9,$6,$0,$6,$2,$4,$4,$3,$0,$0,$16,16,$0.21,$0.21,$109,$0,$0,$803,$13,$428,$17,$47,$504,$1307,$1011,$166,$0,$166,$1177,$110,$27,$-4,$130,$1307,$7,$3,$-0,$2,$-1,$0,$0,$1,$-1,$8,$-0,$0,$0,$0,$-31,$-31,$11,$-21,$-10,$-9,$-19,$0,$0,$-1,$105,$85,$72,$0,$-1
30,2011-03-31,8.56,$7.65,1.12,$3.67,2.33,$3.07,2.79,$0.60,14.26,$0.79B,$1.00B,0.79,$0.17B,$0.12B,1.45,$0.06B,$0.04B,78.18%,$0.06B,$0.01B,25.45%,$0.06B,0,0.00%,$0.06B,0,0.00%,$0.06B,$0.01B,25.45%,$0.06B,$0.01B,16.36%,$0.01B,$0.13B,7.58%,$0.01B,$0.11B,8.82%,$0.01B,$1.29B,0.73%,$0.01B,$0.29B,4.59%,$14,$3,$12,$0,$7,$10,$5,$0,$5,$2,$3,$3,$3,$0,$0,$16,16,$0.18,$0.18,$80,$0,$0,$791,$13,$420,$17,$48,$497,$1289,$998,$166,$0,$166,$1164,$110,$24,$-6,$125,$1289,$3,$1,$0,$1,$-1,$0,$0,$1,$0,$5,$-0,$0,$0,$0,$-12,$-12,$-8,$-20,$-10,$-6,$-16,$0,$0,$-1,$74,$58,$43,$0,$-0
31,2010-12-31,7.25,$7.43,0.98,$3.48,2.08,$3.20,2.26,$0.43,16.85,$0.74B,$0.91B,0.81,$0.18B,$0.11B,1.58,$0.05B,$0.04B,72.55%,$0.05B,$0.01B,15.69%,$0.05B,0,0.00%,$0.05B,0,0.00%,$0.05B,$0.01B,15.69%,$0.05B,$0.01B,11.76%,$0.01B,$0.12B,5.27%,$0.01B,$0.10B,6.19%,$0.01B,$1.21B,0.50%,$0.01B,$0.30B,2.56%,$13,$3,$10,$0,$8,$11,$2,$0,$2,$-1,$3,$3,$2,$0,$0,$15,15,$0.15,$0.15,$37,$0,$0,$741,$13,$388,$17,$49,$466,$1207,$910,$176,$0,$176,$1086,$110,$22,$-8,$121,$1207,$7,$4,$7,$11,$-0,$0,$0,$-0,$-1,$18,$-0,$0,$0,$0,$-78,$-78,$10,$-69,$-52,$-4,$-56,$11,$11,$-2,$47,$-1,$-52,$0,$-2
32,2010-09-30,6.81,$7.50,0.91,$3.57,1.91,$2.60,2.62,$0.34,20.03,$0.77B,$0.88B,0.88,$0.20B,$0.11B,1.74,$0.05B,$0.04B,68.63%,$0.05B,$0.01B,11.76%,$0.05B,0,0.00%,$0.05B,0,0.00%,$0.05B,$0.01B,11.76%,$0.05B,$0.00B,7.84%,$0.00B,$0.12B,3.67%,$0.00B,$0.11B,4.34%,$0.00B,$1.22B,0.33%,$0.01B,$0.32B,1.87%,$14,$4,$11,$0,$7,$10,$4,$0,$4,$2,$2,$2,$2,$0,$0,$15,15,$0.14,$0.14,$75,$0,$0,$773,$13,$373,$17,$46,$449,$1221,$881,$196,$22,$218,$1099,$110,$20,$-5,$122,$1221,$4,$2,$5,$8,$-0,$0,$0,$2,$2,$14,$-0,$0,$0,$0,$-35,$-35,$16,$-19,$-32,$-10,$-42,$12,$12,$-2,$22,$-9,$-14,$0,$-1
33,2010-06-30,6.69,$7.37,0.91,$3.66,1.82,$2.35,2.85,$0.31,21.57,$0.82B,$0.85B,0.96,$0.21B,$0.10B,2.11,$0.05B,$0.03B,62.75%,$0.05B,$0.00B,7.84%,$0.05B,0,0.00%,$0.05B,0,0.00%,$0.05B,$0.00B,7.84%,$0.05B,$0.00B,5.88%,$0.00B,$0.11B,2.96%,$0.00B,$0.09B,3.54%,$0.00B,$1.20B,0.24%,$0.00B,$0.31B,1.24%,$14,$4,$10,$0,$7,$11,$3,$0,$3,$1,$2,$2,$2,$0,$0,$15,15,$0.13,$0.13,$98,$0,$0,$815,$13,$305,$17,$45,$380,$1196,$850,$206,$32,$238,$1088,$98,$18,$-6,$107,$1196,$2,$1,$5,$6,$0,$0,$0,$1,$1,$10,$-0,$0,$0,$0,$40,$40,$-3,$37,$-22,$-3,$-26,$-0,$-0,$-1,$-11,$-38,$8,$0,$-1
34,2010-03-31,7.31,$7.18,1.02,$3.88,1.88,$3.15,2.32,$0.26,28.1,$0.78B,$0.84B,0.93,$0.22B,$0.10B,2.3,$0.05B,$0.03B,59.62%,$0.05B,$0.00B,5.77%,$0.05B,0,0.00%,$0.05B,0,0.00%,$0.05B,$0.00B,5.77%,$0.05B,$0.00B,3.85%,$0.00B,$0.11B,2.06%,$0.00B,$0.09B,2.50%,$0.00B,$1.19B,0.16%,$0.00B,$0.32B,0.93%,$10,$4,$6,$0,$7,$11,$-1,$0,$-1,$-2,$0,$0,$0,$0,$0,$15,15,$0.01,$0.01,$67,$0,$0,$777,$18,$333,$17,$44,$411,$1188,$837,$218,$28,$246,$1083,$98,$17,$-8,$105,$1188,$0,$1,$4,$5,$-0,$0,$0,$1,$1,$6,$-0,$0,$0,$0,$5,$5,$4,$9,$-10,$-6,$-16,$0,$0,$-1,$-21,$-38,$-22,$0,$-0
35,2009-12-31,7.82,$6.98,1.12,$4.20,1.86,$3.09,2.53,$0.30,26.05,$0.80B,$0.87B,0.93,$0.23B,$0.09B,2.48,$0.06B,$0.03B,60.00%,$0.06B,$0.01B,9.09%,$0.06B,0,0.00%,$0.06B,0,0.00%,$0.06B,$0.01B,9.09%,$0.06B,$0.00B,5.45%,$0.00B,$0.10B,3.23%,$0.00B,$0.09B,3.95%,$0.00B,$1.20B,0.24%,$0.01B,$0.33B,1.55%,$13,$5,$8,$0,$8,$13,$-0,$0,$-0,$-1,$0,$0,$0,$0,$0,$13,13,$0.00,$0.00,$89,$0,$0,$804,$18,$309,$17,$48,$391,$1195,$865,$228,$0,$228,$1094,$98,$17,$-11,$102,$1195,$4,$2,$6,$8,$0,$0,$0,$-3,$-3,$9,$-1,$0,$0,$0,$-61,$-61,$-44,$-107,$-0,$1,$1,$11,$21,$-4,$154,$172,$74,$0,$-3
36,2009-09-30,6.57,$7.09,0.93,$4.27,1.54,$2.25,2.92,$0.37,17.76,$0.89B,$1.02B,0.87,$0.23B,$0.08B,2.76,$0.06B,$0.03B,58.18%,$0.06B,$0.01B,12.73%,$0.06B,0,0.00%,$0.06B,0,0.00%,$0.06B,$0.01B,12.73%,$0.06B,$0.01B,9.09%,$0.01B,$0.09B,5.68%,$0.01B,$0.08B,7.04%,$0.01B,$1.35B,0.41%,$0.01B,$0.32B,2.21%,$14,$6,$8,$0,$5,$12,$2,$0,$2,$1,$2,$2,$1,$0,$0,$13,13,$0.11,$0.11,$172,$0,$0,$886,$18,$387,$17,$42,$464,$1350,$1023,$228,$6,$235,$1257,$87,$17,$-10,$92,$1350,$4,$2,$1,$3,$-0,$0,$0,$5,$4,$10,$-1,$0,$0,$0,$-127,$-127,$-40,$-168,$-0,$7,$7,$0,$10,$-3,$302,$315,$157,$0,$-3
37,2009-06-30,7.09,$6.88,1.03,$4.19,1.69,$1.65,4.29,$0.38,18.65,$0.87B,$0.99B,0.88,$0.23B,$0.08B,2.86,$0.05B,$0.03B,57.41%,$0.05B,$0.01B,12.96%,$0.05B,0,0.00%,$0.05B,0,0.00%,$0.05B,$0.01B,12.96%,$0.05B,$0.01B,11.11%,$0.01B,$0.09B,7.04%,$0.01B,$0.07B,8.82%,$0.01B,$1.34B,0.53%,$0.01B,$0.32B,2.23%,$15,$6,$9,$0,$7,$14,$2,$0,$2,$1,$1,$1,$1,$0,$0,$13,13,$0.08,$0.08,$177,$0,$0,$869,$18,$390,$17,$48,$473,$1342,$988,$228,$36,$264,$1252,$87,$16,$-11,$89,$1342,$2,$1,$0,$1,$-1,$0,$0,$17,$17,$20,$-1,$0,$0,$0,$-117,$-117,$-22,$-140,$-0,$-21,$-21,$0,$10,$-3,$296,$282,$162,$0,$-2
38,2009-03-31,6.2,$6.88,0.9,$4.04,1.54,$0.16,38.16,$0.41,15.13,$0.77B,$0.80B,0.95,$0.23B,$0.08B,2.86,$0.05B,$0.03B,57.69%,$0.05B,$0.01B,13.46%,$0.05B,0,0.00%,$0.05B,0,0.00%,$0.05B,$0.01B,13.46%,$0.05B,$0.01B,11.54%,$0.01B,$0.09B,7.23%,$0.01B,$0.07B,9.13%,$0.01B,$1.12B,0.58%,$0.01B,$0.32B,2.27%,$13,$6,$8,$0,$7,$12,$1,$0,$1,$0,$1,$1,$1,$0,$0,$13,13,$0.05,$0.05,$91,$0,$0,$766,$18,$276,$17,$43,$355,$1121,$803,$228,$0,$228,$1032,$87,$16,$-11,$89,$1121,$1,$0,$1,$1,$-0,$0,$0,$3,$3,$5,$-0,$0,$0,$0,$-26,$-26,$-3,$-29,$-0,$-18,$-18,$-0,$10,$-1,$109,$99,$76,$0,$-1
39,2008-12-31,6.95,$6.29,1.1,$4.02,1.73,$-0.36,0.0,$0.45,15.44,$0.69B,$0.71B,0.97,$0.23B,$0.08B,2.8,$0.05B,$0.03B,55.77%,$0.05B,$0.01B,13.46%,$0.05B,0,0.00%,$0.05B,0,0.00%,$0.05B,$0.01B,13.46%,$0.05B,$0.01B,11.54%,$0.01B,$0.08B,7.32%,$0.01B,$0.07B,9.27%,$0.01B,$1.02B,0.59%,$0.01B,$0.31B,2.29%,$13,$6,$7,$0,$5,$11,$2,$0,$2,$1,$2,$2,$2,$0,$0,$13,13,$0.13,$0.13,$15,$0,$0,$689,$18,$253,$17,$46,$334,$1023,$713,$228,$0,$228,$942,$87,$16,$-9,$82,$1023,$6,$2,$4,$6,$0,$0,$0,$-13,$-12,$-1,$-3,$0,$2,$0,$66,$66,$-124,$-59,$55,$-5,$50,$-2,$-2,$-5,$-40,$4,$-55,$0,$-5
40,2008-09-30,8.52,$6.21,1.37,$3.99,2.14,$0.04,216.34,$0.36,23.68,$0.68B,$0.73B,0.92,$0.23B,$0.08B,2.83,$0.05B,$0.03B,52.83%,$0.05B,$0.01B,9.43%,$0.05B,0,0.00%,$0.05B,0,0.00%,$0.05B,$0.01B,9.43%,$0.05B,$0.01B,9.43%,$0.01B,$0.08B,6.04%,$0.01B,$0.06B,7.63%,$0.01B,$1.04B,0.49%,$0.01B,$0.31B,1.71%,$13,$6,$7,$0,$5,$11,$2,$0,$2,$0,$2,$2,$2,$0,$0,$13,13,$0.12,$0.12,$16,$0,$0,$676,$19,$295,$17,$37,$367,$1043,$734,$228,$0,$228,$962,$87,$16,$-10,$81,$1043,$4,$1,$2,$3,$-0,$0,$0,$-4,$-4,$4,$-2,$0,$3,$0,$20,$20,$-109,$-89,$55,$3,$58,$-2,$-2,$-4,$-22,$31,$-54,$0,$-4
41,2008-06-30,7.28,$6.18,1.18,$4.01,1.82,$-0.14,0.0,$0.31,23.49,$0.65B,$0.69B,0.94,$0.22B,$0.08B,2.72,$0.05B,$0.03B,50.00%,$0.05B,$0.00B,5.56%,$0.05B,0,0.00%,$0.05B,0,0.00%,$0.05B,$0.00B,5.56%,$0.05B,$0.00B,7.41%,$0.00B,$0.08B,4.65%,$0.00B,$0.06B,5.80%,$0.00B,$0.99B,0.40%,$0.00B,$0.30B,1.01%,$13,$6,$8,$0,$6,$12,$2,$0,$2,$0,$1,$1,$1,$0,$0,$13,13,$0.11,$0.11,$16,$0,$0,$646,$18,$264,$17,$41,$341,$986,$688,$219,$0,$219,$906,$87,$15,$-10,$80,$986,$3,$1,$1,$1,$0,$0,$0,$-3,$-3,$1,$-2,$0,$3,$0,$49,$49,$-80,$-30,$35,$21,$56,$-1,$-1,$-2,$-78,$-25,$-54,$0,$-2
42,2008-03-31,8.76,$6.51,1.35,$4.00,2.19,$-0.17,0.0,$0.27,32.44,$0.63B,$0.69B,0.9,$0.22B,$0.09B,2.56,$0.06B,$0.03B,45.45%,$0.06B,$0.00B,1.82%,$0.06B,0,0.00%,$0.06B,0,0.00%,$0.06B,$0.00B,1.82%,$0.06B,$0.00B,7.27%,$0.00B,$0.09B,4.44%,$0.00B,$0.07B,5.48%,$0.00B,$1.00B,0.40%,$0.00B,$0.30B,0.34%,$13,$7,$7,$0,$5,$12,$1,$0,$1,$0,$1,$1,$1,$0,$0,$13,13,$0.09,$0.09,$60,$0,$0,$625,$17,$292,$17,$44,$370,$995,$691,$219,$0,$219,$910,$87,$15,$-5,$85,$995,$1,$0,$0,$1,$0,$0,$0,$-4,$-4,$-2,$-0,$0,$2,$0,$26,$26,$-13,$14,$35,$21,$56,$-1,$-1,$-1,$-76,$-22,$-10,$0,$-1
43,2007-12-31,9.05,$6.48,1.4,$4.05,2.23,$-0.03,0.0,$0.27,33.51,$0.62B,$0.76B,0.82,$0.17B,$0.09B,2.04,$0.06B,$0.03B,43.86%,$0.06B,$0.00B,1.75%,$0.06B,0,0.00%,$0.06B,0,0.00%,$0.06B,$0.00B,1.75%,$0.06B,$0.00B,7.02%,$0.00B,$0.09B,4.29%,$0.00B,$0.07B,5.25%,$0.00B,$1.02B,0.39%,$0.00B,$0.26B,0.34%,$14,$8,$6,$0,$6,$14,$0,$0,$-0,$-1,$1,$1,$1,$0,$0,$14,14,$0.05,$0.05,$70,$0,$0,$621,$17,$323,$17,$39,$397,$1018,$759,$174,$0,$174,$932,$87,$15,$-6,$85,$1018,$4,$2,$-5,$-3,$0,$0,$0,$1,$2,$2,$-0,$0,$0,$0,$55,$55,$-1,$54,$20,$-8,$12,$-9,$-9,$-5,$-28,$-30,$26,$0,$-5
44,2007-09-30,9.74,$6.85,1.42,$4.14,2.35,$0.08,117.78,$0.39,24.85,$0.57B,$0.67B,0.85,$0.23B,$0.09B,2.43,$0.06B,$0.03B,44.83%,$0.06B,$0.00B,3.45%,$0.06B,0,0.00%,$0.06B,0,0.00%,$0.06B,$0.00B,3.45%,$0.06B,$0.01B,8.62%,$0.01B,$0.09B,5.18%,$0.01B,$0.08B,6.31%,$0.01B,$0.99B,0.49%,$0.00B,$0.32B,0.66%,$14,$7,$6,$0,$6,$14,$0,$0,$0,$-1,$1,$1,$1,$0,$0,$14,14,$0.07,$0.07,$15,$0,$0,$566,$18,$351,$17,$35,$422,$988,$667,$228,$0,$228,$894,$87,$16,$-4,$94,$988,$3,$1,$-1,$1,$-0,$0,$0,$-5,$-5,$-1,$-0,$0,$0,$0,$29,$29,$-1,$28,$-11,$37,$26,$-3,$-3,$-4,$-76,$-56,$-29,$0,$-4
45,2007-06-30,11.91,$6.89,1.73,$4.19,2.84,$0.15,79.07,$0.42,28.55,$0.56B,$0.71B,0.79,$0.20B,$0.10B,2.04,$0.06B,$0.03B,45.76%,$0.06B,$0.00B,5.08%,$0.06B,0,0.00%,$0.06B,0,0.00%,$0.06B,$0.00B,5.08%,$0.06B,$0.01B,8.47%,$0.01B,$0.10B,5.14%,$0.01B,$0.08B,6.27%,$0.01B,$1.00B,0.48%,$0.00B,$0.29B,1.10%,$14,$8,$6,$0,$6,$14,$0,$0,$0,$-1,$1,$1,$1,$0,$0,$14,14,$0.07,$0.07,$24,$0,$0,$558,$18,$375,$17,$33,$444,$1002,$710,$196,$0,$196,$906,$87,$16,$-5,$96,$1002,$2,$1,$-1,$0,$0,$0,$0,$-3,$-3,$-0,$-0,$0,$0,$0,$5,$5,$17,$21,$-11,$22,$10,$-0,$-0,$-2,$-49,$-41,$-20,$0,$-2
46,2007-03-31,12.52,$7.06,1.77,$4.17,3.0,$0.46,27.33,$0.44,28.3,$0.59B,$0.73B,0.8,$0.22B,$0.10B,2.23,$0.06B,$0.03B,47.46%,$0.06B,$0.00B,6.78%,$0.06B,0,0.00%,$0.06B,0,0.00%,$0.06B,$0.00B,6.78%,$0.06B,$0.01B,8.47%,$0.01B,$0.10B,5.17%,$0.01B,$0.08B,6.31%,$0.01B,$1.05B,0.48%,$0.00B,$0.32B,1.50%,$15,$8,$7,$0,$6,$14,$1,$0,$1,$-1,$1,$1,$1,$0,$0,$14,14,$0.09,$0.09,$55,$0,$0,$585,$18,$389,$17,$39,$464,$1049,$732,$219,$0,$219,$951,$87,$16,$-3,$98,$1049,$1,$0,$-1,$-0,$-0,$0,$0,$-1,$-2,$-0,$0,$0,$0,$0,$-13,$-13,$20,$7,$-1,$10,$9,$-0,$-0,$-1,$-4,$3,$10,$0,$-1
47,2006-12-31,12.62,$7.02,1.8,$3.84,3.28,$0.57,22.05,$0.28,45.71,$0.60B,$0.77B,0.77,$0.18B,$0.10B,1.85,$0.05B,$0.03B,46.30%,$0.05B,0,0.00%,$0.05B,0,0.00%,$0.05B,0,0.00%,$0.05B,0,0.00%,$0.05B,$0.00B,5.56%,$0.00B,$0.10B,3.10%,$0.00B,$0.08B,3.79%,$0.00B,$1.05B,0.29%,$0.00B,$0.28B,0.00%,$15,$8,$7,$0,$7,$14,$1,$0,$1,$-2,$2,$2,$2,$0,$0,$14,14,$0.17,$0.17,$44,$0,$0,$595,$19,$390,$17,$31,$457,$1051,$774,$180,$0,$180,$954,$77,$26,$-3,$98,$1051,$4,$2,$-2,$-0,$1,$0,$0,$1,$2,$6,$-2,$0,$0,$0,$147,$147,$-47,$98,$-85,$-13,$-98,$-3,$-3,$-5,$27,$-79,$25,$0,$-5
