,Date,Stock Price,Book Value per Share,Price to Book Ratio,TTM Sales per Share,Price to Sales Ratio,TTM FCF per Share,Price to FCF Ratio,TTM Net EPS,PE Ratio,Current Assets,Current Liabilities,Current Ratio,Long Term Debt,Shareholder's Equity_x,Debt to Equity Ratio,TTM Revenue_x,TTM Gross Profit,Gross Margin,TTM Revenue_y,TTM Operating Income,Operating Margin,TTM Revenue_x,TTM EBIT,EBIT Margin,TTM Revenue_y,TTM EBITDA,EBITDA Margin,TTM Revenue_x,TTM Pre-Tax Income,Pre-Tax Margin,TTM Revenue_y,TTM Net Income_x,Net Margin,TTM Net Income_y,Shareholder's Equity_y,Return on Equity,TTM Net Income_x,Tangible Equity,Return on Tangible Equity,TTM Net Income_y,Total Assets,Return on Assets,TTM Net Income,LT Investments & Debt,Return on Investment,revenue,cost-goods-sold,gross-profit,research-development-expenses,selling-general-administrative-expenses,operating-expenses,operating-income,total-non-operating-income-expense,pre-tax-income,total-provision-income-taxes,income-after-taxes,income-from-continuous-operations,net-income,ebitda,ebit,basic-shares-outstanding,shares-outstanding,eps-basic-net-earnings-per-share,eps-earnings-per-share-diluted,cash-on-hand,inventory,other-current-assets,total-current-assets,net-property-plant-equipment,long-term-investments,goodwill-intangible-assets-total,other-long-term-assets,total-long-term-assets,total-assets,total-current-liabilities,long-term-debt,other-non-current-liabilities,total-long-term-liabilities,total-liabilities,common-stock-net,retained-earnings-accumulated-deficit,comprehensive-income,total-share-holder-equity,total-liabilities-share-holders-equity,net-income-loss,total-depreciation-amortization-cash-flow,other-non-cash-items,total-non-cash-items,change-in-accounts-receivable,change-in-inventories,change-in-accounts-payable,change-in-assets-liabilities,total-change-in-assets-liabilities,cash-flow-from-operating-activities,net-change-in-property-plant-equipment,net-change-in-intangible-assets,net-acquisitions-divestitures,net-change-in-short-term-investments,net-change-in-long-term-investments,net-change-in-investments-total,investing-activities-other,cash-flow-from-investing-activities,net-long-term-debt,net-current-debt,debt-issuance-retirement-net-total,net-common-equity-issued-repurchased,net-total-equity-issued-repurchased,total-common-preferred-stock-dividends-paid,financial-activities-other,cash-flow-from-financial-activities,net-cash-flow,stock-based-compensation,common-stock-dividends-paid
0,2018-09-30,27.65,$12.76,2.17,$23.49,1.18,$2.47,11.2,$3.20,8.64,$2.73B,$2.58B,1.06,$7.25B,$4.72B,1.54,$10.19B,$4.96B,48.67%,$10.19B,$0.91B,8.91%,$10.19B,$0.91B,8.91%,$10.19B,$2.22B,21.75%,$10.19B,$0.62B,6.07%,$10.19B,$1.54B,15.10%,$1.54B,$5.51B,31.21%,$1.54B,$4.64B,37.87%,$1.54B,$22.23B,6.88%,$0.91B,$12.76B,7.11%,$2212,$998,$1214,$0,$662,$1986,$226,$-17,$209,$51,$158,$158,$153,$568,$226,$432,435,$0.35,$0.35,$920,$405,$288,$2726,$13653,$2457,$867,$591,$19502,$22228,$2581,$7252,$3667,$14139,$16720,$4,$551,$-58,$5508,$22228,$248,$1016,$203,$1219,$355,$-10,$-262,$210,$202,$1679,$-1121,$0,$0,$398,$0,$398,$49,$-674,$629,$-1590,$-961,$0,$790,$-758,$-41,$-970,$35,$0,$-758
1,2018-06-30,27.44,$10.82,2.54,$23.24,1.18,$1.26,21.7,$3.59,7.64,$2.70B,$2.84B,0.95,$7.76B,$4.67B,1.66,$10.08B,$4.91B,48.69%,$10.08B,$0.98B,9.72%,$10.08B,$0.98B,9.72%,$10.08B,$2.22B,22.04%,$10.08B,$0.68B,6.72%,$10.08B,$1.56B,15.43%,$1.56B,$4.67B,34.88%,$1.56B,$3.80B,43.30%,$1.56B,$22.11B,6.96%,$0.98B,$12.43B,7.91%,$2186,$978,$1208,$0,$679,$1999,$187,$-275,$-88,$-13,$-75,$-75,$-75,$541,$187,$432,432,$-0.17,$-0.17,$912,$344,$281,$2701,$13397,$2451,$867,$625,$19407,$22108,$2842,$7760,$3668,$14596,$17438,$4,$513,$-62,$4670,$22108,$90,$674,$165,$839,$232,$52,$-246,$221,$156,$1093,$-697,$0,$0,$398,$0,$398,$32,$-267,$767,$-1227,$-460,$0,$0,$-256,$-40,$-756,$70,$0,$-256
2,2018-03-31,26.84,$11.26,2.38,$23.12,1.16,$0.41,65.08,$4.07,6.59,$3.05B,$2.62B,1.17,$8.18B,$4.86B,1.68,$10.03B,$4.81B,47.93%,$10.03B,$1.03B,10.29%,$10.03B,$1.03B,10.29%,$10.03B,$2.18B,21.73%,$10.03B,$0.98B,9.73%,$10.03B,$1.77B,17.59%,$1.77B,$4.86B,42.21%,$1.77B,$3.99B,53.25%,$1.77B,$22.41B,7.90%,$1.03B,$13.03B,8.56%,$3155,$1910,$1245,$0,$680,$2904,$251,$-39,$212,$47,$165,$165,$165,$571,$251,$431,434,$0.38,$0.38,$1163,$257,$359,$3049,$13205,$2467,$867,$609,$19361,$22410,$2616,$8176,$3601,$14937,$17553,$4,$708,$-63,$4857,$22410,$165,$320,$-6,$314,$39,$139,$-209,$66,$3,$484,$-362,$0,$0,$16,$0,$16,$15,$-331,$832,$-876,$-44,$0,$0,$-136,$-12,$-192,$-39,$0,$-136
3,2017-12-31,27.49,$10.88,2.53,$22.17,1.24,$0.14,192.49,$4.13,6.66,$3.40B,$3.07B,1.11,$8.20B,$4.69B,1.75,$9.61B,$4.72B,49.10%,$9.61B,$1.07B,11.15%,$9.61B,$1.07B,11.15%,$9.61B,$2.13B,22.18%,$9.61B,$1.06B,11.06%,$9.61B,$1.79B,18.64%,$1.79B,$4.69B,46.53%,$1.79B,$3.82B,60.04%,$1.79B,$22.74B,8.07%,$1.07B,$12.88B,9.20%,$2638,$1345,$1293,$0,$762,$2394,$244,$42,$286,$-1010,$1296,$1296,$1296,$537,$244,$431,434,$3.01,$2.99,$1220,$397,$537,$3395,$13057,$2472,$867,$598,$19341,$22736,$3069,$8195,$3610,$14979,$18048,$4,$543,$-68,$4688,$22736,$1792,$1060,$-1223,$-163,$-216,$-7,$136,$-180,$-232,$1421,$-1426,$0,$-132,$0,$0,$0,$301,$-1257,$-115,$353,$238,$0,$0,$-461,$-22,$-245,$-81,$0,$-461
4,2017-09-30,28.06,$8.39,3.34,$20.88,1.34,$1.35,20.85,$1.37,20.48,$2.94B,$3.22B,0.91,$7.53B,$3.62B,2.08,$9.06B,$4.57B,50.49%,$9.06B,$1.07B,11.83%,$9.06B,$1.07B,11.83%,$9.06B,$2.10B,23.16%,$9.06B,$0.94B,10.37%,$9.06B,$0.60B,6.59%,$0.60B,$3.62B,16.84%,$0.60B,$2.75B,22.29%,$0.60B,$22.14B,2.72%,$1.07B,$11.15B,9.58%,$2098,$938,$1160,$0,$594,$1801,$297,$-30,$267,$98,$169,$169,$169,$572,$297,$431,434,$0.39,$0.39,$1258,$442,$277,$2935,$12700,$2481,$867,$613,$19200,$22135,$3221,$7531,$2307,$15296,$18517,$4,$-518,$-72,$3618,$22135,$496,$767,$-105,$662,$216,$-52,$-137,$-205,$-146,$1028,$-994,$0,$-132,$0,$0,$0,$229,$-897,$499,$-415,$84,$0,$0,$-346,$-17,$-279,$-148,$0,$-346
5,2017-06-30,26.06,$8.27,3.15,$20.41,1.28,$2.21,11.79,$1.39,18.75,$2.87B,$3.04B,0.94,$7.59B,$3.56B,2.13,$8.85B,$4.62B,52.20%,$8.85B,$1.06B,11.96%,$8.85B,$1.06B,11.96%,$8.85B,$2.14B,24.19%,$8.85B,$0.95B,10.71%,$8.85B,$0.61B,6.86%,$0.61B,$3.56B,17.30%,$0.61B,$2.70B,22.96%,$0.61B,$22.05B,2.79%,$1.06B,$11.15B,9.45%,$2143,$1032,$1111,$0,$617,$1903,$240,$-29,$211,$76,$135,$135,$135,$500,$240,$431,434,$0.31,$0.31,$1268,$410,$258,$2865,$12644,$2487,$867,$616,$19180,$22045,$3038,$7587,$2493,$15444,$18482,$4,$-571,$-70,$3563,$22045,$327,$492,$-98,$394,$234,$-20,$-158,$-131,$-62,$677,$-649,$0,$-132,$0,$0,$0,$141,$-640,$-171,$273,$102,$0,$0,$-230,$-10,$-138,$-101,$0,$-230
6,2017-03-31,25.98,$8.21,3.17,$19.13,1.36,$3.02,8.59,$1.07,24.28,$2.90B,$2.64B,1.1,$7.89B,$3.54B,2.23,$8.28B,$4.59B,55.39%,$8.28B,$1.00B,12.08%,$8.28B,$1.00B,12.08%,$8.28B,$2.12B,25.58%,$8.28B,$0.75B,9.00%,$8.28B,$0.47B,5.68%,$0.47B,$3.54B,13.56%,$0.47B,$2.67B,18.05%,$0.47B,$21.93B,2.18%,$1.00B,$11.43B,8.93%,$2735,$1579,$1156,$0,$639,$2444,$291,$8,$299,$107,$192,$192,$192,$523,$291,$431,433,$0.45,$0.44,$1251,$316,$291,$2896,$12452,$2502,$867,$613,$19035,$21931,$2642,$7892,$2509,$15752,$18394,$4,$-591,$-71,$3537,$21931,$192,$232,$-55,$177,$114,$74,$-122,$-58,$-58,$317,$-312,$0,$-132,$0,$0,$0,$72,$-372,$-107,$192,$85,$0,$0,$-115,$-6,$-36,$-91,$0,$-115
7,2016-12-31,22.98,$8.03,2.86,$17.39,1.32,$3.72,6.18,$0.99,23.22,$2.92B,$3.08B,0.95,$7.53B,$3.46B,2.18,$7.53B,$4.56B,60.60%,$7.53B,$0.96B,12.74%,$7.53B,$0.96B,12.74%,$7.53B,$2.11B,28.04%,$7.53B,$0.69B,9.11%,$7.53B,$0.43B,5.74%,$0.43B,$3.46B,12.49%,$0.43B,$2.60B,16.60%,$0.43B,$21.83B,2.03%,$0.96B,$10.99B,8.67%,$2081,$935,$1146,$0,$650,$1838,$243,$-81,$162,$61,$101,$101,$101,$503,$243,$431,434,$0.23,$0.24,$1294,$312,$386,$2923,$12307,$2505,$862,$555,$18906,$21829,$3080,$7532,$2494,$15289,$18369,$4,$-668,$-71,$3460,$21829,$432,$1152,$114,$1266,$-117,$34,$133,$-12,$185,$1931,$-1414,$0,$-102,$178,$-363,$-185,$655,$-1046,$-618,$464,$-154,$0,$0,$-621,$-33,$-808,$77,$0,$-621
8,2016-09-30,21.43,$8.06,2.66,$16.76,1.28,$3.19,6.72,$-0.42,0.0,$2.53B,$2.40B,1.06,$7.74B,$3.47B,2.23,$7.24B,$4.52B,62.38%,$7.24B,$0.94B,13.01%,$7.24B,$0.94B,13.01%,$7.24B,$2.09B,28.82%,$7.24B,$-0.29B,-4.06%,$7.24B,$-0.18B,-2.46%,$-0.18B,$3.47B,-5.15%,$-0.18B,$2.61B,-6.82%,$-0.18B,$21.29B,-0.84%,$0.94B,$11.21B,8.45%,$1889,$683,$1206,$0,$598,$1605,$284,$-8,$276,$97,$179,$179,$179,$614,$284,$431,433,$0.42,$0.41,$1084,$351,$235,$2529,$12083,$2535,$862,$521,$18757,$21286,$2398,$7736,$2474,$15416,$17814,$4,$-658,$-64,$3472,$21286,$331,$892,$51,$943,$86,$-5,$-90,$70,$162,$1455,$-1047,$0,$-102,$178,$0,$178,$232,$-739,$-255,$66,$-189,$0,$0,$-510,$-11,$-710,$6,$0,$-510
9,2016-06-30,21.89,$7.89,2.78,$16.19,1.35,$3.15,6.95,$-1.74,0.0,$2.27B,$2.24B,1.01,$7.78B,$3.40B,2.29,$6.98B,$4.41B,63.22%,$6.98B,$0.92B,13.23%,$6.98B,$0.92B,13.23%,$6.98B,$2.01B,28.83%,$6.98B,$-1.21B,-17.27%,$6.98B,$-0.75B,-10.72%,$-0.75B,$3.40B,-20.75%,$-0.75B,$2.54B,-27.10%,$-0.75B,$21.01B,-3.52%,$0.92B,$11.18B,8.19%,$1574,$496,$1078,$0,$607,$1392,$182,$-174,$8,$10,$-2,$-2,$-2,$478,$182,$431,431,$-0.01,$-0.01,$1008,$283,$225,$2272,$11898,$2536,$861,$532,$18740,$21012,$2241,$7780,$2473,$15374,$17615,$4,$-726,$-67,$3397,$21012,$152,$562,$50,$612,$147,$63,$-109,$91,$284,$1061,$-682,$0,$-98,$178,$-363,$-185,$498,$-467,$-435,$255,$-180,$0,$0,$-399,$-8,$-587,$7,$0,$-399
10,2016-03-31,18.86,$8.14,2.32,$16.09,1.17,$3.22,5.86,$-1.55,0.0,$2.34B,$2.53B,0.92,$7.35B,$3.51B,2.1,$6.94B,$4.34B,62.52%,$6.94B,$0.93B,13.36%,$6.94B,$0.93B,13.36%,$6.94B,$1.97B,28.34%,$6.94B,$-1.10B,-15.84%,$6.94B,$-0.67B,-9.64%,$-0.67B,$3.51B,-17.18%,$-0.67B,$2.67B,-21.91%,$-0.67B,$21.00B,-3.09%,$0.93B,$10.86B,8.05%,$1984,$852,$1132,$0,$622,$1734,$250,$-10,$240,$86,$154,$154,$154,$516,$250,$430,433,$0.36,$0.36,$1112,$234,$282,$2335,$11718,$2580,$840,$500,$18669,$21004,$2534,$7354,$2494,$14964,$17498,$4,$-613,$-65,$3506,$21004,$154,$266,$-31,$235,$67,$112,$-82,$42,$242,$637,$-332,$0,$0,$0,$-363,$-363,$426,$-269,$-147,$-151,$-298,$0,$0,$-110,$-6,$-414,$-46,$0,$-110
11,2015-12-31,16.32,$8.04,2.03,$17.15,0.95,$3.27,4.99,$-1.61,0.0,$2.69B,$2.46B,1.09,$7.87B,$3.46B,2.27,$7.39B,$4.28B,58.00%,$7.39B,$0.93B,12.63%,$7.39B,$0.93B,12.63%,$7.39B,$1.93B,26.13%,$7.39B,$-1.13B,-15.30%,$7.39B,$-0.69B,-9.37%,$-0.69B,$3.46B,-16.63%,$-0.69B,$2.62B,-20.84%,$-0.69B,$21.29B,-3.13%,$0.93B,$11.33B,7.85%,$1791,$692,$1099,$0,$627,$1565,$226,$-1044,$-818,$-309,$-509,$-509,$-509,$478,$226,$430,430,$-1.18,$-1.18,$1069,$347,$368,$2689,$11537,$2594,$840,$138,$18601,$21290,$2458,$7866,$2458,$15371,$17829,$4,$-657,$-66,$3461,$21290,$-692,$997,$1316,$2313,$345,$28,$-224,$65,$222,$1870,$-1584,$0,$0,$32,$0,$32,$165,$-1387,$-444,$390,$-54,$0,$0,$-458,$-5,$-517,$-34,$0,$-458
12,2015-09-30,15.8,$9.43,1.68,$18.47,0.86,$2.66,5.94,$-0.02,0.0,$2.40B,$3.19B,0.75,$7.66B,$4.06B,1.89,$7.97B,$4.26B,53.48%,$7.97B,$0.93B,11.65%,$7.97B,$0.93B,11.65%,$7.97B,$1.91B,23.96%,$7.97B,$-0.10B,-1.29%,$7.97B,$-0.01B,-0.09%,$-0.01B,$4.06B,-0.16%,$-0.01B,$3.22B,-0.19%,$-0.01B,$21.78B,-0.03%,$0.93B,$11.72B,7.61%,$1630,$527,$1103,$0,$570,$1365,$265,$-900,$-635,$-244,$-391,$-391,$-391,$540,$265,$430,430,$-0.91,$-0.91,$1053,$342,$258,$2400,$11185,$3604,$840,$187,$19378,$21778,$3191,$7662,$2422,$14529,$17720,$4,$-41,$-81,$4058,$21778,$-183,$745,$530,$1275,$450,$33,$-332,$177,$411,$1518,$-1131,$0,$0,$32,$0,$32,$75,$-1024,$-513,$298,$-215,$0,$0,$-351,$1,$-565,$-71,$0,$-351
13,2015-06-30,16.46,$10.58,1.56,$18.87,0.87,$2.05,8.02,$1.22,13.49,$2.51B,$3.13B,0.8,$7.61B,$4.55B,1.67,$8.14B,$4.26B,52.35%,$8.14B,$0.90B,11.00%,$8.14B,$0.90B,11.00%,$8.14B,$1.90B,23.35%,$8.14B,$0.75B,9.15%,$8.14B,$0.53B,6.47%,$0.53B,$4.55B,11.62%,$0.53B,$3.71B,14.26%,$0.53B,$22.60B,2.33%,$0.90B,$12.16B,7.27%,$1532,$529,$1003,$0,$578,$1346,$186,$-72,$114,$37,$77,$77,$77,$432,$186,$430,432,$0.18,$0.18,$1205,$274,$247,$2509,$10911,$4471,$840,$184,$20093,$22602,$3125,$7614,$2450,$14927,$18052,$4,$456,$-82,$4550,$22602,$208,$470,$38,$508,$367,$103,$-327,$171,$400,$1122,$-712,$0,$0,$32,$0,$32,$9,$-671,$-400,$108,$-292,$0,$0,$-213,$1,$-504,$-53,$0,$-213
14,2015-03-31,17.44,$10.63,1.64,$19.69,0.89,$1.31,13.36,$1.29,13.52,$2.69B,$3.19B,0.84,$7.77B,$4.57B,1.7,$8.50B,$4.26B,50.19%,$8.50B,$0.90B,10.55%,$8.50B,$0.90B,10.55%,$8.50B,$1.92B,22.59%,$8.50B,$0.80B,9.42%,$8.50B,$0.56B,6.56%,$0.56B,$4.57B,12.36%,$0.56B,$3.73B,15.20%,$0.56B,$22.67B,2.48%,$0.90B,$12.34B,7.26%,$2433,$1354,$1079,$0,$606,$2177,$256,$-47,$209,$78,$131,$131,$131,$480,$256,$430,431,$0.30,$0.30,$1147,$198,$317,$2691,$10670,$4501,$840,$179,$19979,$22670,$3187,$7767,$2426,$14909,$18096,$4,$486,$-84,$4574,$22670,$131,$224,$0,$224,$57,$179,$-208,$121,$312,$666,$-341,$0,$0,$0,$0,$0,$4,$-337,$-139,$-149,$-288,$0,$0,$-106,$1,$-393,$-64,$0,$-106
15,2014-12-31,19.79,$10.58,1.87,$21.39,0.93,$0.74,26.92,$1.42,13.94,$3.27B,$2.79B,1.17,$8.01B,$4.55B,1.76,$9.23B,$4.31B,46.66%,$9.23B,$0.94B,10.13%,$9.23B,$0.94B,10.13%,$9.23B,$1.98B,21.42%,$9.23B,$0.89B,9.59%,$9.23B,$0.61B,6.62%,$0.61B,$4.55B,13.68%,$0.61B,$3.71B,16.86%,$0.61B,$23.20B,2.73%,$0.94B,$12.56B,7.56%,$2372,$1296,$1076,$0,$626,$2151,$221,$-12,$209,$33,$176,$176,$176,$457,$221,$430,432,$0.41,$0.41,$1228,$379,$456,$3268,$10502,$4521,$840,$179,$19932,$23200,$2792,$8009,$2411,$15860,$18652,$4,$461,$-86,$4548,$23200,$611,$1041,$78,$1119,$39,$-102,$-3,$-67,$-346,$1397,$-1372,$0,$0,$0,$-1,$-1,$-11,$-1384,$63,$424,$487,$0,$0,$-408,$-2,$77,$90,$0,$-408
16,2014-09-30,20.47,$10.41,1.97,$20.96,0.98,$1.44,14.26,$1.27,16.12,$2.58B,$3.01B,0.86,$7.80B,$4.47B,1.74,$9.04B,$4.25B,46.98%,$9.04B,$0.93B,10.23%,$9.04B,$0.93B,10.23%,$9.04B,$1.95B,21.58%,$9.04B,$0.85B,9.42%,$9.04B,$0.55B,6.06%,$0.55B,$4.47B,12.43%,$0.55B,$3.63B,15.35%,$0.55B,$22.05B,2.49%,$0.93B,$12.27B,7.54%,$1807,$702,$1105,$0,$579,$1574,$233,$-20,$213,$70,$143,$143,$143,$533,$233,$430,432,$0.33,$0.33,$1070,$409,$208,$2576,$10205,$4525,$840,$167,$19472,$22048,$3008,$7797,$2164,$14567,$17575,$4,$387,$-85,$4473,$22048,$435,$805,$-74,$731,$348,$-126,$-237,$20,$-54,$1124,$-998,$0,$0,$0,$0,$0,$-28,$-1026,$123,$109,$232,$0,$0,$-306,$-2,$-76,$22,$0,$-306
17,2014-06-30,21.16,$10.30,2.06,$20.58,1.03,$1.65,12.79,$1.29,16.4,$2.53B,$3.03B,0.84,$7.76B,$4.43B,1.75,$8.87B,$4.14B,46.71%,$8.87B,$0.94B,10.55%,$8.87B,$0.94B,10.55%,$8.87B,$1.92B,21.60%,$8.87B,$0.87B,9.77%,$8.87B,$0.56B,6.27%,$0.56B,$4.43B,12.76%,$0.56B,$3.59B,15.81%,$0.56B,$21.92B,2.54%,$0.94B,$12.18B,7.67%,$1884,$880,$1004,$0,$562,$1698,$186,$-17,$169,$62,$107,$107,$107,$449,$186,$430,431,$0.25,$0.25,$1015,$295,$212,$2529,$9979,$4517,$840,$173,$19391,$21920,$3026,$7755,$2206,$14469,$17495,$4,$346,$-87,$4425,$21920,$292,$505,$-65,$440,$211,$-10,$-174,$-2,$-19,$712,$-625,$0,$0,$0,$-1,$-1,$-33,$-659,$227,$-78,$149,$0,$0,$-204,$0,$-55,$-2,$0,$-204
18,2014-03-31,19.43,$10.27,1.89,$20.61,0.94,$1.93,10.09,$0.81,23.99,$2.96B,$3.06B,0.97,$8.06B,$4.41B,1.83,$8.88B,$4.15B,46.77%,$8.88B,$0.97B,10.96%,$8.88B,$0.97B,10.96%,$8.88B,$1.95B,21.97%,$8.88B,$0.84B,9.48%,$8.88B,$0.35B,3.93%,$0.35B,$4.41B,8.12%,$0.35B,$3.57B,10.09%,$0.35B,$22.26B,1.60%,$0.97B,$12.47B,7.98%,$3163,$2043,$1120,$0,$590,$2868,$295,$-1,$294,$109,$185,$185,$185,$537,$295,$429,431,$0.43,$0.43,$1116,$172,$367,$2955,$9763,$4540,$840,$168,$19309,$22264,$3059,$8056,$2207,$14791,$17850,$4,$341,$-89,$4414,$22264,$185,$242,$-34,$208,$-253,$113,$128,$-12,$-5,$380,$-301,$0,$0,$0,$0,$0,$-15,$-316,$369,$-161,$208,$1,$1,$-102,$0,$107,$171,$0,$-102
19,2013-12-31,18.82,$10.09,1.87,$18.82,1.0,$2.35,8.0,$0.72,26.14,$2.66B,$3.02B,0.88,$7.82B,$4.33B,1.81,$8.11B,$4.20B,51.79%,$8.11B,$1.01B,12.46%,$8.11B,$1.01B,12.46%,$8.11B,$1.99B,24.60%,$8.11B,$0.78B,9.63%,$8.11B,$0.31B,3.84%,$0.31B,$4.33B,7.25%,$0.31B,$3.49B,9.45%,$0.31B,$21.87B,1.42%,$1.01B,$12.15B,8.28%,$2184,$1167,$1017,$0,$593,$1973,$211,$-36,$175,$62,$113,$113,$113,$431,$211,$428,431,$0.27,$0.26,$975,$285,$422,$2658,$9593,$4518,$840,$172,$19212,$21870,$3019,$7817,$2163,$14522,$17541,$4,$258,$-90,$4329,$21870,$311,$984,$172,$1156,$-256,$-22,$152,$200,$122,$1613,$-1286,$0,$0,$9,$-38,$-29,$15,$-1300,$-523,$123,$-400,$4,$4,$-355,$0,$-751,$-438,$0,$-355
20,2013-09-30,19.3,$9.94,1.94,$18.73,1.03,$3.10,6.23,$0.77,25.07,$2.32B,$2.60B,0.89,$7.76B,$4.26B,1.82,$8.06B,$4.34B,53.90%,$8.06B,$1.11B,13.76%,$8.06B,$1.11B,13.76%,$8.06B,$2.13B,26.45%,$8.06B,$0.82B,10.12%,$8.06B,$0.33B,4.12%,$0.33B,$4.26B,7.76%,$0.33B,$3.42B,10.62%,$0.33B,$21.58B,1.50%,$1.11B,$12.02B,9.00%,$1640,$637,$1003,$0,$511,$1396,$244,$-15,$229,$78,$151,$151,$151,$499,$244,$429,431,$0.35,$0.35,$908,$374,$196,$2319,$9386,$4525,$840,$150,$19256,$21575,$2595,$7758,$2457,$14719,$17314,$4,$233,$-127,$4261,$21575,$198,$764,$162,$926,$173,$-111,$-151,$203,$-5,$1132,$-912,$0,$0,$9,$-38,$-29,$15,$-926,$-405,$32,$-373,$0,$0,$-267,$7,$-633,$-427,$0,$-267
21,2013-06-30,18.75,$9.78,1.92,$18.89,0.99,$3.90,4.81,$0.44,42.62,$2.48B,$2.68B,0.93,$7.92B,$4.19B,1.89,$8.13B,$4.53B,55.70%,$8.13B,$0.95B,11.73%,$8.13B,$0.95B,11.73%,$8.13B,$2.03B,24.98%,$8.13B,$0.72B,8.80%,$8.13B,$0.19B,2.35%,$0.19B,$4.19B,4.46%,$0.19B,$3.35B,6.43%,$0.19B,$21.66B,0.85%,$0.95B,$12.11B,7.63%,$1894,$880,$1014,$0,$538,$1671,$223,$-79,$144,$244,$-100,$-100,$-100,$484,$223,$429,431,$-0.23,$-0.23,$1132,$276,$206,$2480,$9184,$4485,$840,$194,$19178,$21658,$2675,$7919,$2465,$14792,$17467,$4,$171,$-130,$4191,$21658,$47,$509,$172,$681,$66,$-12,$-108,$195,$57,$790,$-586,$0,$0,$9,$-38,$-29,$-10,$-625,$-145,$-1,$-146,$0,$0,$-178,$10,$-314,$-149,$0,$-178
22,2013-03-31,18.96,$10.20,1.86,$18.04,1.05,$4.36,4.35,$0.96,19.75,$2.36B,$3.13B,0.76,$8.13B,$4.37B,1.86,$7.76B,$4.63B,59.67%,$7.76B,$1.03B,13.31%,$7.76B,$1.03B,13.31%,$7.76B,$2.13B,27.46%,$7.76B,$0.77B,9.94%,$7.76B,$0.42B,5.38%,$0.42B,$4.37B,9.66%,$0.42B,$2.90B,14.94%,$0.42B,$22.37B,1.85%,$1.03B,$12.50B,8.13%,$2388,$1224,$1164,$0,$592,$2056,$332,$-99,$233,$86,$147,$147,$147,$580,$332,$428,430,$0.34,$0.34,$859,$203,$294,$2363,$13708,$400,$1468,$202,$20007,$22370,$3126,$8130,$2532,$14873,$17999,$4,$360,$-132,$4371,$22370,$147,$248,$37,$285,$-66,$119,$-33,$148,$89,$533,$-271,$0,$0,$0,$0,$0,$-3,$-274,$-612,$23,$-589,$1,$1,$-89,$17,$-660,$-401,$0,$-89
23,2012-12-31,15.09,$10.05,1.5,$17.36,0.87,$4.12,3.66,$0.96,15.71,$2.87B,$3.58B,0.8,$8.36B,$4.30B,1.94,$7.45B,$4.58B,61.45%,$7.45B,$1.04B,13.93%,$7.45B,$1.04B,13.93%,$7.45B,$2.12B,28.45%,$7.45B,$0.76B,10.16%,$7.45B,$0.42B,5.60%,$0.42B,$4.30B,9.71%,$0.42B,$2.83B,15.38%,$0.42B,$22.87B,1.85%,$1.04B,$12.66B,8.06%,$2138,$975,$1163,$0,$603,$1828,$310,$-100,$210,$76,$134,$134,$134,$569,$310,$427,430,$0.33,$0.32,$1186,$322,$375,$2874,$13597,$405,$1468,$203,$19997,$22871,$3575,$8357,$2485,$14995,$18570,$4,$302,$-135,$4301,$22871,$417,$1082,$291,$1373,$10,$27,$-6,$91,$53,$1860,$-1212,$0,$-360,$0,$-5,$-5,$-26,$-1603,$905,$-309,$596,$4,$4,$-346,$-85,$169,$426,$0,$-346
24,2012-09-30,16.52,$9.96,1.66,$17.38,0.95,$3.98,4.15,$0.92,17.96,$2.75B,$3.36B,0.82,$8.42B,$4.26B,1.98,$7.46B,$4.50B,60.26%,$7.46B,$1.00B,13.43%,$7.46B,$1.00B,13.43%,$7.46B,$2.04B,27.38%,$7.46B,$0.71B,9.47%,$7.46B,$0.40B,5.36%,$0.40B,$4.26B,9.36%,$0.40B,$2.79B,15.18%,$0.40B,$22.48B,1.80%,$1.00B,$12.67B,7.75%,$1705,$520,$1185,$0,$544,$1617,$88,$40,$128,$118,$10,$10,$10,$397,$88,$427,430,$0.02,$0.02,$1244,$352,$208,$2752,$13337,$408,$1468,$193,$19725,$22477,$3364,$8415,$2371,$14856,$18220,$4,$255,$-125,$4257,$22477,$283,$823,$227,$1050,$260,$-3,$-186,$41,$36,$1379,$-818,$0,$-360,$0,$6,$6,$-37,$-1209,$967,$-294,$673,$3,$3,$-259,$-85,$332,$502,$0,$-259
25,2012-06-30,15.88,$10.14,1.57,$17.80,0.89,$3.82,4.16,$3.17,5.01,$2.96B,$3.21B,0.92,$8.58B,$4.33B,1.98,$7.64B,$4.46B,58.36%,$7.64B,$1.27B,16.65%,$7.64B,$1.27B,16.65%,$7.64B,$2.26B,29.63%,$7.64B,$1.17B,15.30%,$7.64B,$1.36B,17.85%,$1.36B,$4.33B,31.98%,$1.36B,$2.64B,53.12%,$1.36B,$22.48B,6.23%,$1.27B,$12.92B,9.82%,$1525,$409,$1116,$0,$539,$1223,$302,$-102,$200,$74,$126,$126,$126,$584,$302,$427,430,$0.29,$0.29,$1568,$269,$222,$2955,$12739,$476,$1696,$215,$19520,$22475,$3206,$8583,$2380,$14937,$18143,$4,$331,$-128,$4332,$22475,$273,$514,$50,$564,$293,$80,$-217,$-11,$80,$927,$-524,$0,$-89,$0,$-4,$-4,$-40,$-657,$1123,$-317,$806,$2,$2,$-173,$-2,$633,$903,$0,$-173
26,2012-03-31,14.99,$10.03,1.49,$18.55,0.81,$4.06,3.7,$3.16,4.75,$2.97B,$2.74B,1.09,$9.01B,$4.29B,2.1,$7.95B,$4.40B,55.35%,$7.95B,$1.27B,16.01%,$7.95B,$1.27B,16.01%,$7.95B,$2.21B,27.83%,$7.95B,$1.16B,14.57%,$7.95B,$1.36B,17.06%,$1.36B,$4.29B,33.84%,$1.36B,$2.59B,58.68%,$1.36B,$22.35B,6.41%,$1.27B,$13.29B,10.04%,$2084,$969,$1115,$0,$553,$1746,$338,$-119,$219,$72,$147,$147,$147,$570,$338,$426,428,$0.34,$0.34,$1528,$255,$252,$2968,$12512,$474,$1696,$177,$19383,$22351,$2735,$9005,$2381,$15330,$18065,$4,$291,$-131,$4286,$22351,$147,$232,$57,$289,$193,$94,$-172,$-44,$-16,$424,$-264,$0,$0,$0,$-4,$-4,$-24,$-292,$1169,$-338,$831,$2,$2,$-87,$-2,$744,$876,$0,$-87
27,2011-12-31,15.11,$9.91,1.52,$19.74,0.77,$4.37,3.46,$3.17,4.77,$2.34B,$2.59B,0.9,$8.64B,$4.22B,2.05,$8.45B,$4.40B,52.01%,$8.45B,$1.30B,15.36%,$8.45B,$1.30B,15.36%,$8.45B,$2.21B,26.20%,$8.45B,$1.17B,13.89%,$8.45B,$1.36B,16.06%,$1.36B,$4.22B,36.17%,$1.36B,$2.53B,66.00%,$1.36B,$21.70B,6.63%,$1.30B,$12.86B,10.51%,$2145,$1066,$1079,$0,$596,$1871,$274,$-115,$159,$42,$117,$117,$117,$491,$274,$426,429,$0.28,$0.27,$606,$353,$413,$2337,$12402,$472,$1696,$177,$19366,$21703,$2593,$8641,$2415,$14888,$17481,$4,$231,$-133,$4222,$21703,$1357,$916,$-619,$297,$40,$11,$-81,$58,$210,$1888,$-1303,$0,$0,$0,$-12,$-12,$109,$-1206,$-359,$111,$-248,$6,$6,$-337,$-82,$-661,$21,$0,$-337
28,2011-09-30,14.61,$9.88,1.48,$19.82,0.74,$2.71,5.39,$3.19,4.58,$1.98B,$2.32B,0.86,$8.50B,$4.21B,2.02,$8.40B,$4.36B,51.90%,$8.40B,$1.33B,15.78%,$8.40B,$1.33B,15.78%,$8.40B,$2.24B,26.60%,$8.40B,$1.18B,14.03%,$8.40B,$1.36B,16.23%,$1.36B,$4.21B,39.02%,$1.36B,$2.51B,75.78%,$1.36B,$20.95B,6.79%,$1.33B,$12.70B,10.89%,$1881,$735,$1146,$0,$536,$1524,$357,$233,$590,$204,$386,$386,$973,$617,$357,$426,429,$2.28,$2.27,$440,$418,$212,$1982,$12158,$474,$1696,$166,$18969,$20951,$2319,$8497,$2114,$14425,$16744,$4,$199,$-110,$4207,$20951,$1240,$699,$-632,$67,$245,$-50,$-215,$34,$127,$1449,$-960,$0,$0,$0,$-9,$-9,$121,$-848,$-359,$-10,$-369,$5,$5,$-252,$-81,$-697,$-96,$0,$-252
29,2011-06-30,14.26,$7.78,1.83,$19.92,0.72,$1.40,10.16,$1.21,11.78,$2.04B,$2.36B,0.87,$8.51B,$3.31B,2.57,$8.43B,$4.32B,51.19%,$8.43B,$1.30B,15.37%,$8.43B,$1.30B,15.37%,$8.43B,$2.20B,26.04%,$8.43B,$0.79B,9.35%,$8.43B,$0.51B,6.10%,$0.51B,$3.31B,15.93%,$0.51B,$1.62B,33.58%,$0.51B,$19.68B,2.61%,$1.30B,$11.82B,10.93%,$1837,$778,$1059,$0,$533,$1534,$303,$-113,$190,$71,$119,$119,$119,$534,$303,$426,428,$0.28,$0.28,$607,$309,$195,$2042,$11981,$474,$1696,$169,$17635,$19677,$2361,$8510,$2345,$14003,$16364,$4,$-690,$-112,$3313,$19677,$267,$439,$178,$617,$217,$66,$-220,$55,$242,$1137,$-633,$0,$0,$0,$-7,$-7,$68,$-572,$-216,$-127,$-343,$4,$4,$-168,$-67,$-574,$-9,$0,$-168
30,2011-03-31,12.8,$7.69,1.67,$20.00,0.64,$0.45,28.3,$1.13,11.33,$2.01B,$2.20B,0.92,$8.73B,$3.27B,2.67,$8.35B,$4.23B,50.71%,$8.35B,$1.26B,15.04%,$8.35B,$1.26B,15.04%,$8.35B,$2.15B,25.73%,$8.35B,$0.72B,8.67%,$8.35B,$0.48B,5.70%,$0.48B,$3.27B,15.05%,$0.48B,$1.57B,32.44%,$0.48B,$19.59B,2.42%,$1.26B,$12.00B,10.67%,$2587,$1476,$1111,$0,$546,$2223,$364,$-129,$235,$87,$148,$148,$148,$572,$364,$425,427,$0.35,$0.35,$494,$194,$271,$2014,$11857,$474,$1696,$168,$17580,$19594,$2201,$8732,$2397,$14127,$16328,$4,$-725,$-115,$3266,$19594,$148,$208,$104,$312,$48,$181,$-168,$30,$166,$627,$-333,$0,$0,$0,$-3,$-3,$28,$-308,$-216,$-58,$-274,$2,$2,$-84,$-67,$-423,$-104,$0,$-84
31,2010-12-31,11.32,$7.52,1.5,$21.59,0.52,$0.21,53.4,$1.07,10.58,$2.58B,$2.62B,0.99,$9.00B,$3.20B,2.82,$8.79B,$4.21B,47.93%,$8.79B,$1.25B,14.22%,$8.79B,$1.25B,14.22%,$8.79B,$2.14B,24.36%,$8.79B,$0.71B,8.03%,$8.79B,$0.44B,5.03%,$0.44B,$3.20B,14.62%,$0.44B,$1.50B,33.28%,$0.44B,$20.11B,2.26%,$1.25B,$12.20B,10.82%,$2098,$1053,$1045,$0,$539,$1796,$302,$-138,$164,$40,$124,$124,$124,$512,$302,$410,413,$0.30,$0.29,$566,$375,$394,$2582,$11732,$468,$1696,$187,$17529,$20111,$2620,$9001,$2358,$14293,$16913,$4,$-789,$-117,$3198,$20111,$442,$891,$174,$1065,$101,$-54,$-34,$8,$-119,$1386,$-1509,$0,$0,$0,$-18,$-18,$107,$-1420,$-783,$181,$-602,$416,$416,$-319,$-2,$-507,$-541,$0,$-319
32,2010-09-30,11.19,$7.40,1.51,$22.76,0.49,$2.36,4.74,$1.05,10.65,$2.14B,$2.88B,0.74,$8.27B,$3.13B,2.64,$8.99B,$4.18B,46.46%,$8.99B,$1.25B,13.87%,$8.99B,$1.25B,13.87%,$8.99B,$2.12B,23.55%,$8.99B,$0.69B,7.71%,$8.99B,$0.42B,4.71%,$0.42B,$3.13B,14.66%,$0.42B,$1.43B,35.59%,$0.42B,$19.40B,2.17%,$1.25B,$11.40B,10.90%,$1908,$808,$1100,$0,$530,$1581,$327,$-128,$199,$76,$123,$123,$123,$577,$327,$422,425,$0.29,$0.29,$434,$404,$224,$2143,$11420,$480,$1696,$216,$17256,$19399,$2881,$8267,$2272,$13389,$16270,$4,$-830,$-116,$3129,$19399,$318,$681,$33,$714,$434,$-83,$-283,$39,$-62,$983,$-1053,$0,$0,$0,$-21,$-21,$60,$-1014,$-783,$18,$-765,$392,$392,$-236,$-1,$-610,$-641,$0,$-236
33,2010-06-30,9.24,$7.26,1.27,$22.51,0.41,$4.21,2.19,$1.07,8.64,$2.35B,$3.03B,0.78,$8.41B,$3.06B,2.75,$8.65B,$4.07B,47.02%,$8.65B,$1.21B,13.94%,$8.65B,$1.21B,13.94%,$8.65B,$2.04B,23.61%,$8.65B,$0.65B,7.46%,$8.65B,$0.41B,4.78%,$0.41B,$3.06B,15.06%,$0.41B,$1.37B,39.31%,$0.41B,$19.52B,2.14%,$1.21B,$11.47B,10.54%,$1756,$778,$978,$0,$498,$1493,$263,$-137,$126,$45,$81,$81,$81,$487,$263,$400,402,$0.20,$0.20,$899,$303,$215,$2352,$11217,$479,$1696,$237,$17169,$19521,$3032,$8410,$2232,$13428,$16460,$4,$-871,$-119,$3061,$19521,$195,$431,$-69,$362,$355,$24,$-215,$96,$253,$818,$-727,$0,$0,$0,$-22,$-22,$30,$-719,$-448,$-23,$-471,$370,$370,$-154,$-1,$-256,$-157,$0,$-154
34,2010-03-31,9.95,$6.87,1.45,$22.77,0.44,$5.55,1.79,$1.11,8.96,$2.38B,$3.20B,0.75,$8.41B,$2.71B,3.1,$8.54B,$4.02B,47.10%,$8.54B,$1.20B,14.01%,$8.54B,$1.20B,14.01%,$8.54B,$2.01B,23.51%,$8.54B,$0.65B,7.60%,$8.54B,$0.42B,4.91%,$0.42B,$2.71B,16.47%,$0.42B,$1.01B,49.45%,$0.42B,$19.35B,2.19%,$1.20B,$11.12B,10.36%,$3023,$1935,$1088,$0,$531,$2666,$357,$-141,$216,$102,$114,$114,$114,$564,$357,$393,395,$0.29,$0.29,$667,$166,$356,$2384,$10928,$478,$1696,$246,$16967,$19351,$3202,$8410,$2216,$13440,$16642,$4,$-875,$-121,$2709,$19351,$114,$207,$-113,$94,$-2,$161,$-125,$147,$225,$435,$-258,$0,$0,$0,$-20,$-20,$-25,$-303,$-441,$-53,$-494,$29,$29,$-77,$-1,$-543,$-411,$0,$-77
35,2009-12-31,9.91,$6.75,1.47,$23.04,0.43,$5.59,1.77,$1.01,9.81,$2.90B,$3.04B,0.96,$9.12B,$2.64B,3.46,$8.28B,$3.91B,47.22%,$8.28B,$1.12B,13.57%,$8.28B,$1.12B,13.57%,$8.28B,$1.90B,22.99%,$8.28B,$0.55B,6.62%,$8.28B,$0.37B,4.49%,$0.37B,$2.64B,15.61%,$0.37B,$0.94B,54.13%,$0.37B,$19.77B,1.96%,$1.12B,$11.76B,9.57%,$2299,$1290,$1009,$0,$529,$2000,$299,$-147,$152,$47,$105,$105,$105,$488,$299,$365,368,$0.28,$0.27,$1040,$327,$524,$2904,$10788,$463,$1696,$245,$16869,$19773,$3038,$9119,$2185,$14096,$17134,$4,$-912,$-124,$2639,$19773,$372,$780,$402,$1182,$283,$236,$-237,$30,$271,$1841,$-1160,$0,$0,$0,$208,$208,$56,$-896,$-498,$-98,$-596,$504,$504,$-276,$-4,$-372,$573,$0,$-276
36,2009-09-30,8.36,$6.63,1.26,$24.86,0.34,$3.25,2.57,$0.99,8.45,$2.00B,$2.31B,0.86,$8.83B,$2.59B,3.41,$8.76B,$3.88B,44.36%,$8.76B,$1.13B,12.88%,$8.76B,$1.13B,12.88%,$8.76B,$1.90B,21.64%,$8.76B,$0.55B,6.26%,$8.76B,$0.35B,4.04%,$0.35B,$2.59B,15.88%,$0.35B,$0.89B,66.42%,$0.35B,$18.65B,1.87%,$1.13B,$11.42B,9.51%,$1576,$582,$994,$0,$499,$1289,$287,$-135,$152,$38,$114,$114,$114,$504,$287,$370,372,$0.31,$0.31,$347,$373,$211,$1995,$10548,$471,$1696,$242,$16658,$18653,$2312,$8827,$2151,$13753,$16065,$4,$-944,$-122,$2588,$18653,$267,$591,$243,$834,$796,$190,$-527,$-38,$328,$1437,$-809,$0,$0,$0,$212,$212,$15,$-582,$-1146,$-98,$-1244,$489,$489,$-202,$-4,$-961,$-106,$0,$-202
37,2009-06-30,7.34,$6.14,1.2,$27.92,0.26,$1.83,4.01,$1.07,6.86,$1.93B,$2.09B,0.92,$9.63B,$2.24B,4.31,$9.70B,$3.87B,39.95%,$9.70B,$1.18B,12.15%,$9.70B,$1.18B,12.15%,$9.70B,$1.93B,19.89%,$9.70B,$0.61B,6.28%,$9.70B,$0.38B,3.88%,$0.38B,$2.24B,17.93%,$0.38B,$0.54B,93.82%,$0.38B,$18.72B,1.97%,$1.18B,$11.87B,9.84%,$1640,$710,$930,$0,$489,$1387,$253,$-124,$129,$43,$86,$86,$86,$451,$253,$352,354,$0.24,$0.24,$390,$231,$263,$1928,$10524,$352,$1696,$288,$16789,$18717,$2094,$9631,$2128,$14386,$16480,$4,$-988,$-125,$2237,$18717,$153,$374,$118,$492,$641,$332,$-502,$6,$407,$1056,$-504,$0,$0,$0,$7,$7,$-7,$-504,$-542,$-78,$-620,$188,$188,$-133,$-3,$-568,$-16,$0,$-133
38,2009-03-31,6.78,$5.92,1.14,$31.09,0.22,$1.58,4.28,$1.13,6.0,$2.07B,$2.20B,0.95,$9.88B,$2.07B,4.77,$10.73B,$3.86B,36.02%,$10.73B,$1.22B,11.39%,$10.73B,$1.22B,11.39%,$10.73B,$1.97B,18.36%,$10.73B,$0.64B,5.99%,$10.73B,$0.39B,3.65%,$0.39B,$2.07B,19.27%,$0.39B,$0.37B,117.51%,$0.39B,$18.81B,2.07%,$1.22B,$11.94B,10.33%,$2766,$1789,$977,$0,$526,$2481,$285,$-170,$115,$48,$67,$67,$67,$461,$285,$347,349,$0.19,$0.19,$249,$147,$406,$2074,$10400,$343,$1696,$331,$16736,$18810,$2195,$9875,$2063,$14546,$16741,$3,$-992,$-129,$2069,$18810,$67,$176,$-6,$170,$308,$416,$-425,$-10,$195,$433,$-260,$0,$0,$0,$2,$2,$-3,$-261,$-316,$81,$-235,$30,$30,$-66,$-3,$-274,$-102,$0,$-66
39,2008-12-31,8.09,$5.17,1.56,$33.08,0.24,$2.21,3.66,$1.30,6.22,$3.04B,$2.85B,1.07,$10.18B,$2.02B,5.04,$11.32B,$3.86B,34.06%,$11.32B,$1.27B,11.24%,$11.32B,$1.27B,11.24%,$11.32B,$2.01B,17.75%,$11.32B,$0.72B,6.39%,$11.32B,$0.45B,3.94%,$0.45B,$2.02B,22.51%,$0.45B,$0.33B,156.22%,$0.45B,$19.68B,2.40%,$1.27B,$12.20B,11.12%,$2774,$1791,$983,$0,$512,$2471,$303,$-151,$152,$65,$87,$87,$87,$479,$303,$336,344,$0.25,$0.25,$385,$569,$659,$3035,$10296,$345,$1696,$297,$16641,$19676,$2848,$10181,$1993,$14806,$17654,$3,$-1008,$-131,$2022,$19676,$446,$737,$452,$1189,$-82,$-109,$87,$-529,$-751,$851,$-1020,$0,$0,$0,$-381,$-381,$33,$-1368,$825,$-79,$746,$80,$80,$-246,$-25,$555,$38,$0,$-246
40,2008-09-30,9.19,$6.00,1.53,$32.61,0.28,$1.71,5.39,$1.37,6.71,$2.84B,$2.87B,0.99,$9.80B,$2.06B,4.76,$11.15B,$3.83B,34.34%,$11.15B,$1.27B,11.42%,$11.15B,$1.27B,11.42%,$11.15B,$2.02B,18.07%,$11.15B,$0.71B,6.40%,$11.15B,$0.46B,4.15%,$0.46B,$2.06B,24.01%,$0.46B,$0.36B,199.14%,$0.46B,$19.03B,2.55%,$1.27B,$11.86B,11.63%,$2515,$1532,$983,$0,$452,$2178,$337,$-124,$213,$77,$136,$136,$136,$537,$337,$342,345,$0.40,$0.39,$368,$718,$318,$2837,$10149,$0,$1696,$808,$16195,$19032,$2872,$9797,$1591,$14101,$16973,$3,$-994,$-49,$2059,$19032,$359,$561,$44,$605,$441,$-252,$-119,$-102,$-205,$724,$-632,$0,$0,$0,$-382,$-382,$23,$-991,$452,$-82,$370,$45,$45,$-183,$-10,$222,$-45,$0,$-183
41,2008-06-30,10.01,$6.09,1.64,$30.83,0.32,$0.39,25.9,$1.25,8.01,$2.60B,$2.81B,0.92,$9.35B,$1.97B,4.76,$10.52B,$3.74B,35.53%,$10.52B,$1.22B,11.63%,$10.52B,$1.22B,11.63%,$10.52B,$1.95B,18.50%,$10.52B,$0.65B,6.14%,$10.52B,$0.42B,3.97%,$0.42B,$1.97B,22.62%,$0.42B,$0.27B,279.60%,$0.42B,$18.08B,2.36%,$1.22B,$11.32B,11.69%,$2670,$1750,$920,$0,$435,$2373,$297,$-135,$162,$61,$101,$101,$101,$492,$297,$331,342,$0.30,$0.30,$470,$425,$383,$2598,$9908,$0,$1696,$783,$15478,$18076,$2813,$9354,$1689,$13298,$16111,$3,$-1068,$-48,$1965,$18076,$223,$361,$109,$470,$196,$65,$20,$-57,$173,$868,$-419,$0,$0,$0,$-258,$-258,$-23,$-700,$-142,$98,$-44,$26,$26,$-120,$-9,$-147,$21,$0,$-120
42,2008-03-31,8.8,$5.73,1.54,$28.94,0.3,$-1.62,0.0,$1.15,7.65,$2.35B,$3.28B,0.72,$8.55B,$1.88B,4.55,$9.88B,$3.64B,36.86%,$9.88B,$1.17B,11.82%,$9.88B,$1.17B,11.82%,$9.88B,$1.87B,18.93%,$9.88B,$0.58B,5.89%,$9.88B,$0.39B,3.92%,$0.39B,$1.88B,21.77%,$0.39B,$0.18B,505.88%,$0.39B,$17.54B,2.21%,$1.17B,$10.43B,11.57%,$3363,$2393,$970,$0,$476,$3027,$336,$-140,$196,$74,$122,$122,$122,$502,$336,$327,339,$0.37,$0.36,$373,$163,$514,$2351,$9802,$0,$1696,$629,$15184,$17535,$3284,$8546,$1567,$12371,$15655,$3,$-1109,$-55,$1880,$17535,$122,$166,$79,$245,$-84,$327,$56,$-39,$188,$567,$-187,$0,$0,$0,$-107,$-107,$-18,$-312,$-258,$3,$-255,$1,$1,$-60,$0,$-314,$-59,$0,$-60
43,2007-12-31,10.44,$5.60,1.86,$28.16,0.37,$-3.13,0.0,$1.17,8.93,$2.79B,$3.79B,0.74,$8.36B,$1.81B,4.62,$9.62B,$3.63B,37.70%,$9.62B,$1.19B,12.31%,$9.62B,$1.19B,12.31%,$9.62B,$1.89B,19.59%,$9.62B,$0.59B,6.11%,$9.62B,$0.40B,4.10%,$0.40B,$1.81B,22.97%,$0.40B,$0.11B,2633.33%,$0.40B,$17.87B,2.27%,$1.19B,$10.17B,12.02%,$2602,$1646,$956,$0,$497,$2299,$303,$-160,$143,$39,$104,$104,$104,$484,$303,$320,343,$0.31,$0.30,$486,$490,$596,$2788,$9740,$88,$1696,$419,$15084,$17872,$3791,$8364,$1641,$12271,$16062,$3,$-1172,$-44,$1810,$17872,$395,$700,$12,$712,$0,$-102,$-185,$-25,$-345,$774,$-1114,$0,$0,$0,$-188,$-188,$2,$-1300,$683,$45,$728,$22,$22,$-218,$-4,$528,$2,$0,$-218
44,2007-09-30,9.68,$5.40,1.79,$27.74,0.35,$-2.19,0.0,$1.05,9.22,$2.35B,$3.39B,0.69,$8.19B,$1.74B,4.72,$9.49B,$3.51B,37.04%,$9.49B,$1.12B,11.78%,$9.49B,$1.12B,11.78%,$9.49B,$1.80B,19.00%,$9.49B,$0.55B,5.79%,$9.49B,$0.36B,3.77%,$0.36B,$1.74B,21.62%,$0.36B,$0.03B,-705.42%,$0.36B,$17.30B,2.06%,$1.12B,$9.93B,11.57%,$1882,$991,$891,$0,$434,$1595,$287,$-142,$145,$54,$91,$91,$91,$468,$287,$321,341,$0.29,$0.27,$451,$548,$277,$2350,$9629,$0,$1705,$429,$14953,$17303,$3385,$8191,$1696,$12182,$15567,$3,$-1225,$-67,$1736,$17303,$291,$519,$100,$619,$540,$-160,$-460,$-200,$-430,$492,$-851,$0,$0,$0,$-91,$-91,$9,$-933,$471,$39,$510,$20,$20,$-164,$2,$368,$-73,$0,$-164
45,2007-06-30,10.39,$5.25,1.98,$28.18,0.37,$-0.87,0.0,$1.04,9.99,$2.40B,$3.46B,0.69,$8.17B,$1.69B,4.85,$9.54B,$3.50B,36.68%,$9.54B,$1.11B,11.68%,$9.54B,$1.11B,11.68%,$9.54B,$1.79B,18.73%,$9.54B,$0.56B,5.83%,$9.54B,$0.35B,3.67%,$0.35B,$1.69B,21.69%,$0.35B,$-0.02B,-332.54%,$0.35B,$17.28B,2.03%,$1.11B,$9.86B,11.68%,$2033,$1208,$825,$0,$423,$1791,$242,$-144,$98,$28,$70,$70,$70,$416,$242,$321,344,$0.22,$0.20,$567,$381,$278,$2397,$9549,$0,$1709,$411,$14878,$17275,$3461,$8171,$1662,$12128,$15589,$3,$-1262,$-77,$1686,$17275,$200,$338,$117,$455,$404,$12,$-294,$-211,$-238,$427,$-664,$0,$0,$0,$-34,$-34,$-11,$-709,$-34,$391,$357,$19,$19,$-109,$0,$267,$-15,$0,$-109
46,2007-03-31,10.62,$5.14,2.07,$28.08,0.38,$0.25,41.88,$1.45,7.33,$2.43B,$3.77B,0.65,$7.82B,$1.65B,4.75,$9.35B,$3.48B,37.25%,$9.35B,$1.09B,11.68%,$9.35B,$1.09B,11.68%,$9.35B,$1.76B,18.80%,$9.35B,$0.54B,5.73%,$9.35B,$0.47B,5.07%,$0.47B,$1.65B,30.22%,$0.47B,$-0.06B,-288.15%,$0.47B,$17.21B,2.77%,$1.09B,$9.47B,11.39%,$3106,$2150,$956,$0,$458,$2753,$353,$-151,$202,$72,$130,$130,$130,$517,$353,$318,340,$0.41,$0.38,$487,$182,$380,$2433,$9424,$0,$1709,$392,$14773,$17206,$3766,$7818,$1704,$11793,$15559,$3,$-1277,$-89,$1647,$17206,$130,$164,$60,$224,$16,$217,$-222,$-53,$-107,$264,$-399,$0,$0,$0,$5,$5,$-9,$-403,$-34,$150,$116,$13,$13,$-54,$-3,$72,$-67,$0,$-54
47,2006-12-31,9.73,$4.96,1.96,$28.85,0.34,$1.07,9.13,$1.35,7.21,$3.00B,$4.22B,0.71,$7.80B,$1.56B,5.01,$9.32B,$3.41B,36.59%,$9.32B,$1.05B,11.21%,$9.32B,$1.05B,11.21%,$9.32B,$1.70B,18.24%,$9.32B,$0.49B,5.30%,$9.32B,$0.43B,4.64%,$0.43B,$1.56B,28.94%,$0.43B,$-0.15B,-170.08%,$0.43B,$17.63B,2.55%,$1.05B,$9.36B,10.87%,$2464,$1623,$841,$0,$459,$2229,$235,$-131,$104,$37,$67,$67,$67,$401,$235,$336,344,$0.22,$0.18,$598,$399,$549,$2995,$9204,$0,$1705,$439,$14638,$17633,$4221,$7802,$1692,$11856,$16077,$3,$-1355,$-69,$1556,$17633,$432,$655,$-89,$566,$262,$-82,$-269,$30,$-6,$991,$-1007,$0,$0,$0,$-13,$-13,$-36,$-1056,$92,$187,$279,$27,$27,$-187,$-1,$118,$53,$0,$-187
