,Date,Stock Price,Book Value per Share,Price to Book Ratio,TTM Sales per Share,Price to Sales Ratio,TTM FCF per Share,Price to FCF Ratio,TTM Net EPS,PE Ratio,Current Assets,Current Liabilities,Current Ratio,Long Term Debt,Shareholder's Equity_x,Debt to Equity Ratio,TTM Revenue_x,TTM Gross Profit,Gross Margin,TTM Revenue_y,TTM Operating Income,Operating Margin,TTM Revenue_x,TTM EBIT,EBIT Margin,TTM Revenue_y,TTM EBITDA,EBITDA Margin,TTM Revenue_x,TTM Pre-Tax Income,Pre-Tax Margin,TTM Revenue_y,TTM Net Income_x,Net Margin,TTM Net Income_y,Shareholder's Equity_y,Return on Equity,TTM Net Income_x,Tangible Equity,Return on Tangible Equity,TTM Net Income_y,Total Assets,Return on Assets,TTM Net Income,LT Investments & Debt,Return on Investment,revenue,cost-goods-sold,gross-profit,research-development-expenses,selling-general-administrative-expenses,operating-expenses,operating-income,total-non-operating-income-expense,pre-tax-income,total-provision-income-taxes,income-after-taxes,income-from-continuous-operations,net-income,ebitda,ebit,basic-shares-outstanding,shares-outstanding,eps-basic-net-earnings-per-share,eps-earnings-per-share-diluted,cash-on-hand,inventory,other-current-assets,total-current-assets,net-property-plant-equipment,long-term-investments,goodwill-intangible-assets-total,other-long-term-assets,total-long-term-assets,total-assets,total-current-liabilities,long-term-debt,other-non-current-liabilities,total-long-term-liabilities,total-liabilities,common-stock-net,retained-earnings-accumulated-deficit,comprehensive-income,total-share-holder-equity,total-liabilities-share-holders-equity,net-income-loss,total-depreciation-amortization-cash-flow,other-non-cash-items,total-non-cash-items,change-in-accounts-receivable,change-in-inventories,change-in-accounts-payable,change-in-assets-liabilities,total-change-in-assets-liabilities,cash-flow-from-operating-activities,net-change-in-property-plant-equipment,net-change-in-intangible-assets,net-acquisitions-divestitures,net-change-in-short-term-investments,net-change-in-long-term-investments,net-change-in-investments-total,investing-activities-other,cash-flow-from-investing-activities,net-long-term-debt,net-current-debt,debt-issuance-retirement-net-total,net-common-equity-issued-repurchased,net-total-equity-issued-repurchased,total-common-preferred-stock-dividends-paid,financial-activities-other,cash-flow-from-financial-activities,net-cash-flow,stock-based-compensation,common-stock-dividends-paid
0,2018-09-30,32.66,$21.08,1.55,$14.25,2.29,$7.94,4.11,$2.38,13.72,$3.37B,$3.67B,0.92,$14.72B,$25.56B,0.58,$17.37B,$8.98B,51.68%,$17.37B,$4.57B,26.33%,$17.37B,$4.57B,26.33%,$17.37B,$8.49B,48.89%,$17.37B,$3.90B,22.46%,$17.37B,$2.92B,16.82%,$2.92B,$25.56B,11.64%,$2.92B,$25.56B,11.64%,$2.92B,$56.14B,5.12%,$4.57B,$40.28B,11.17%,$4515,$2002,$2513,$0,$-6,$2996,$1519,$122,$1642,$263,$1379,$1379,$1379,$2495,$1519,$1219,1225,$1.13,$1.13,$730,$856,$48,$3372,$51814,$0,$0,$952,$52766,$56138,$3669,$14721,$3532,$26909,$30579,$7189,$18395,$-25,$25559,$56138,$2577,$2934,$350,$3284,$0,$0,$0,$0,$0,$6677,$-2566,$0,$0,$0,$-21,$-21,$-299,$-2887,$-946,$-1414,$-2360,$-424,$-424,$-885,$0,$-3669,$122,$2,$-885
1,2018-06-30,36.07,$20.57,1.75,$13.37,2.7,$6.03,5.99,$1.70,21.22,$3.86B,$3.77B,1.02,$15.94B,$25.12B,0.64,$16.28B,$8.07B,49.55%,$16.28B,$3.49B,21.45%,$16.28B,$3.49B,21.45%,$16.28B,$7.58B,46.60%,$16.28B,$2.88B,17.72%,$16.28B,$2.09B,12.83%,$2.09B,$25.12B,8.37%,$2.09B,$25.12B,8.37%,$2.09B,$57.10B,3.63%,$3.49B,$41.06B,8.45%,$4613,$2142,$2471,$0,$195,$3321,$1292,$-205,$1087,$326,$761,$761,$761,$2256,$1292,$1226,1233,$0.62,$0.62,$718,$807,$66,$3855,$52287,$0,$0,$959,$53246,$57101,$3765,$15943,$3486,$28218,$31983,$7289,$17820,$9,$25119,$57101,$1213,$1958,$629,$2588,$0,$0,$0,$0,$0,$3939,$-1501,$0,$0,$0,$-22,$-22,$-420,$-1943,$-958,$-294,$-1252,$-130,$-130,$-579,$0,$-1961,$35,$67,$-579
2,2018-03-31,31.14,$20.66,1.51,$12.01,2.59,$5.15,6.05,$1.77,17.6,$3.47B,$3.42B,1.01,$16.88B,$25.34B,0.67,$14.42B,$6.97B,48.35%,$14.42B,$2.70B,18.73%,$14.42B,$2.70B,18.73%,$14.42B,$6.71B,46.55%,$14.42B,$2.66B,18.42%,$14.42B,$2.13B,14.73%,$2.13B,$25.34B,8.69%,$2.13B,$25.34B,8.69%,$2.13B,$57.93B,3.74%,$2.70B,$42.22B,6.62%,$4331,$2201,$2130,$0,$-6,$3190,$1141,$-449,$692,$230,$461,$461,$461,$2135,$1141,$1226,1231,$0.38,$0.37,$738,$782,$68,$3470,$53494,$0,$0,$963,$54457,$57927,$3424,$16879,$3486,$29164,$32588,$7330,$18027,$-18,$25339,$57927,$461,$995,$312,$1306,$0,$0,$0,$0,$0,$1953,$-801,$0,$0,$0,$-17,$-17,$-265,$-1083,$-978,$301,$-676,$84,$84,$-266,$0,$-858,$12,$-70,$-266
3,2017-12-31,35.05,$19.97,1.76,$10.94,3.2,$4.80,7.31,$1.57,22.32,$3.78B,$4.83B,0.78,$15.88B,$24.42B,0.65,$12.84B,$6.28B,48.88%,$12.84B,$1.93B,15.00%,$12.84B,$1.93B,15.00%,$12.84B,$5.93B,46.15%,$12.84B,$2.22B,17.25%,$12.84B,$1.85B,14.40%,$1.85B,$24.42B,8.00%,$1.85B,$24.42B,8.00%,$1.85B,$56.98B,3.48%,$1.93B,$40.29B,5.11%,$3911,$2049,$1863,$0,$136,$3289,$622,$-141,$481,$160,$321,$321,$321,$1606,$622,$1175,1183,$0.27,$0.26,$795,$690,$61,$3778,$52302,$0,$0,$901,$53203,$56981,$4830,$15876,$3392,$27734,$32564,$7027,$17443,$-52,$24417,$56981,$1849,$4000,$-478,$3522,$-754,$62,$135,$340,$472,$5602,$-3624,$0,$-6657,$0,$-67,$-67,$241,$-10107,$3490,$1714,$5204,$359,$359,$-966,$0,$4598,$93,$103,$-966
4,2017-09-30,32.66,$20.55,1.59,$9.99,3.27,$2.89,11.31,$1.69,19.32,$3.29B,$4.62B,0.71,$16.79B,$25.01B,0.67,$11.52B,$5.76B,50.03%,$11.52B,$1.62B,14.08%,$11.52B,$1.62B,14.08%,$11.52B,$5.54B,48.08%,$11.52B,$2.10B,18.18%,$11.52B,$1.96B,17.05%,$1.96B,$25.01B,8.95%,$1.96B,$25.01B,8.95%,$1.96B,$58.24B,3.93%,$1.62B,$41.80B,4.58%,$3421,$1821,$1601,$0,$149,$2984,$437,$187,$624,$78,$546,$546,$546,$1587,$437,$1216,1222,$0.45,$0.45,$957,$700,$70,$3288,$54076,$0,$0,$873,$54949,$58237,$4621,$16793,$3295,$28611,$33232,$7057,$17994,$-45,$25005,$58237,$1597,$3016,$-770,$2246,$0,$0,$0,$0,$0,$4647,$-2887,$0,$-6886,$0,$-35,$-35,$211,$-9597,$3513,$2181,$5694,$223,$223,$-732,$0,$5186,$235,$30,$-732
5,2017-06-30,27.93,$18.97,1.47,$8.81,3.17,$0.78,35.68,$1.02,27.38,$3.25B,$4.05B,0.8,$15.86B,$23.04B,0.69,$9.89B,$4.85B,49.04%,$9.89B,$0.82B,8.30%,$9.89B,$0.82B,8.30%,$9.89B,$4.50B,45.49%,$9.89B,$1.02B,10.30%,$9.89B,$1.17B,11.81%,$1.17B,$23.04B,5.66%,$1.17B,$23.04B,5.66%,$1.17B,$53.84B,2.51%,$0.82B,$38.91B,2.50%,$2760,$1380,$1380,$0,$-22,$2258,$502,$357,$859,$62,$797,$797,$797,$1386,$502,$1150,1158,$0.69,$0.69,$656,$691,$25,$3249,$49792,$0,$0,$795,$50587,$53836,$4045,$15863,$3040,$26747,$30792,$6523,$16512,$9,$23044,$53836,$979,$1866,$-457,$1409,$0,$0,$0,$0,$0,$2456,$-1182,$0,$-6418,$0,$-17,$-17,$129,$-7488,$3364,$1959,$5323,$167,$167,$-434,$0,$5056,$25,$-57,$-434
6,2017-03-31,31.53,$17.87,1.76,$8.24,3.83,$-0.88,0.0,$0.09,350.28,$3.13B,$4.57B,0.69,$9.96B,$19.93B,0.5,$9.11B,$4.30B,47.21%,$9.11B,$0.07B,0.80%,$9.11B,$0.07B,0.80%,$9.11B,$3.84B,42.09%,$9.11B,$-0.21B,-2.30%,$9.11B,$0.11B,1.19%,$0.11B,$19.93B,0.54%,$0.11B,$19.93B,0.54%,$0.11B,$43.78B,0.24%,$0.07B,$29.89B,0.24%,$2752,$1318,$1434,$0,$86,$2385,$366,$-114,$252,$67,$185,$185,$185,$1348,$366,$1113,1121,$0.17,$0.17,$630,$497,$212,$3130,$39896,$0,$0,$754,$40650,$43779,$4571,$9955,$2444,$19278,$23849,$3679,$16219,$32,$19930,$43779,$185,$982,$57,$1039,$0,$0,$0,$0,$0,$1263,$-608,$0,$0,$0,$0,$0,$-241,$-849,$0,$-323,$-323,$121,$121,$-209,$0,$-412,$2,$20,$-209
7,2016-12-31,30.46,$17.86,1.71,$7.23,4.21,$-1.72,0.0,$-0.15,0.0,$3.28B,$3.85B,0.85,$11.32B,$19.84B,0.57,$7.95B,$3.34B,42.00%,$7.95B,$-0.86B,-10.81%,$7.95B,$-0.86B,-10.81%,$7.95B,$2.81B,35.36%,$7.95B,$-0.80B,-10.10%,$7.95B,$-0.15B,-1.94%,$-0.15B,$19.84B,-0.78%,$-0.15B,$19.84B,-0.78%,$-0.15B,$44.29B,-0.35%,$-0.86B,$31.16B,-2.74%,$2588,$1238,$1349,$0,$96,$2270,$317,$43,$360,$-75,$436,$436,$436,$1218,$317,$1100,1100,$0.39,$0.39,$702,$520,$214,$3275,$40246,$0,$0,$770,$41016,$44291,$3845,$11323,$2434,$20609,$24454,$3528,$16256,$53,$19837,$44291,$-154,$3669,$-498,$3170,$0,$0,$0,$0,$0,$2607,$-2867,$0,$0,$0,$-75,$-75,$64,$-2878,$124,$258,$382,$422,$422,$-572,$0,$232,$-39,$268,$-572
8,2016-09-30,30.44,$17.82,1.71,$6.91,4.41,$-0.65,0.0,$-0.44,0.0,$2.71B,$3.94B,0.69,$11.66B,$19.67B,0.59,$7.58B,$2.95B,38.94%,$7.58B,$-1.43B,-18.91%,$7.58B,$-1.43B,-18.91%,$7.58B,$2.56B,33.79%,$7.58B,$-1.19B,-15.73%,$7.58B,$-0.49B,-6.49%,$-0.49B,$19.67B,-2.43%,$-0.49B,$19.67B,-2.43%,$-0.49B,$44.46B,-1.10%,$-1.43B,$31.33B,-4.50%,$1791,$1103,$688,$0,$120,$2156,$-364,$-87,$-452,$-202,$-250,$-250,$-250,$547,$-364,$1102,1102,$-0.22,$-0.22,$479,$473,$146,$2710,$40994,$0,$0,$757,$41751,$44461,$3944,$11655,$2200,$20845,$24790,$3350,$16291,$31,$19672,$44461,$-591,$2768,$-320,$2449,$0,$0,$0,$0,$0,$1685,$-2417,$0,$0,$0,$-76,$-76,$-20,$-2513,$126,$804,$930,$246,$246,$-387,$0,$789,$-38,$240,$-387
9,2016-06-30,29.12,$18.37,1.59,$7.60,3.83,$0.34,85.09,$-0.30,0.0,$2.83B,$4.16B,0.68,$11.51B,$20.19B,0.57,$8.33B,$3.50B,41.98%,$8.33B,$-0.90B,-10.75%,$8.33B,$-0.90B,-10.75%,$8.33B,$3.12B,37.41%,$8.33B,$-0.82B,-9.79%,$8.33B,$-0.33B,-3.93%,$-0.33B,$20.19B,-1.59%,$-0.33B,$20.19B,-1.59%,$-0.33B,$45.16B,-0.72%,$-0.90B,$31.70B,-2.79%,$1980,$1150,$830,$0,$165,$2226,$-246,$-124,$-370,$-107,$-263,$-263,$-263,$722,$-246,$1098,1098,$-0.24,$-0.24,$449,$474,$204,$2828,$41565,$0,$0,$767,$42332,$45159,$4162,$11509,$2243,$20807,$24969,$3234,$16929,$28,$20191,$45159,$-345,$1857,$-341,$1516,$0,$0,$0,$0,$0,$1007,$-1620,$0,$0,$0,$-77,$-77,$-180,$-1877,$-431,$1344,$913,$117,$117,$-196,$0,$835,$-35,$185,$-196
10,2016-03-31,25.34,$17.96,1.41,$8.34,3.04,$0.92,27.46,$-0.36,0.0,$2.68B,$2.78B,0.96,$11.37B,$19.68B,0.58,$9.13B,$3.97B,43.49%,$9.13B,$-0.40B,-4.40%,$9.13B,$-0.40B,-4.40%,$9.13B,$3.69B,40.40%,$9.13B,$-0.35B,-3.80%,$9.13B,$-0.39B,-4.30%,$-0.39B,$19.68B,-1.85%,$-0.39B,$19.68B,-1.85%,$-0.39B,$42.55B,-0.85%,$-0.40B,$31.05B,-1.22%,$1588,$1117,$471,$0,$148,$2153,$-566,$225,$-341,$-265,$-77,$-77,$-77,$323,$-566,$1095,1095,$-0.07,$-0.07,$809,$430,$35,$2681,$39065,$0,$0,$800,$39865,$42546,$2783,$11366,$2061,$20082,$22866,$3336,$16335,$9,$19680,$42546,$-77,$889,$-373,$515,$0,$0,$0,$0,$0,$424,$-704,$0,$0,$0,$-72,$-72,$-128,$-904,$-405,$824,$419,$22,$22,$0,$0,$441,$-39,$85,$0
11,2015-12-31,20.36,$0.00,0.0,$9.34,2.18,$1.20,16.93,$-0.48,0.0,$3.18B,$3.60B,0.88,$11.81B,$21.46B,0.55,$10.22B,$4.65B,45.52%,$10.22B,$0.09B,0.85%,$10.22B,$0.09B,0.85%,$10.22B,$4.38B,42.88%,$10.22B,$-0.52B,-5.11%,$10.22B,$-0.53B,-5.14%,$-0.53B,$21.46B,-2.38%,$-0.53B,$21.46B,-2.38%,$-0.53B,$46.45B,-1.10%,$0.09B,$33.26B,0.26%,$2220,$1258,$962,$0,$112,$2477,$-257,$379,$-29,$-148,$119,$98,$98,$969,$-257,$1095,1095,$0.09,$0.09,$817,$411,$421,$3181,$0,$0,$0,$905,$905,$46448,$3601,$11805,$2265,$21391,$24992,$3558,$17839,$0,$21456,$46448,$-499,$4296,$0,$4296,$0,$0,$0,$0,$-512,$4413,$-3501,$0,$0,$0,$0,$-88,$-693,$-4282,$0,$760,$84,$0,$71,$-980,$-31,$-96,$34,$0,$0
12,2015-09-30,18.0,$0.00,0.0,$10.86,1.66,$-2.06,0.0,$0.30,60.0,$2.56B,$3.60B,0.71,$11.36B,$21.04B,0.54,$11.89B,$5.68B,47.75%,$11.89B,$1.24B,10.43%,$11.89B,$1.24B,10.43%,$11.89B,$5.54B,46.60%,$11.89B,$0.81B,6.82%,$11.89B,$0.34B,2.83%,$0.34B,$21.04B,1.45%,$0.34B,$21.04B,1.45%,$0.34B,$46.42B,0.67%,$1.24B,$32.40B,3.56%,$2538,$1306,$1232,$0,$5,$2364,$174,$-95,$-75,$10,$-85,$-85,$-85,$1101,$174,$1094,1094,$-0.08,$-0.08,$23,$508,$1024,$2560,$0,$0,$0,$779,$779,$46417,$3604,$11359,$3248,$21770,$25374,$3470,$17521,$0,$21043,$46417,$-588,$3071,$0,$3071,$0,$0,$0,$0,$-57,$3175,$-2820,$0,$0,$0,$0,$0,$-692,$-3513,$0,$0,$880,$0,$64,$-573,$-31,$341,$4,$0,$0
13,2015-06-30,24.92,$0.00,0.0,$12.81,1.95,$-5.00,0.0,$1.20,20.77,$2.90B,$3.70B,0.78,$11.99B,$22.59B,0.53,$14.05B,$7.30B,51.92%,$14.05B,$2.71B,19.29%,$14.05B,$2.71B,19.29%,$14.05B,$7.22B,51.35%,$14.05B,$2.11B,15.05%,$14.05B,$1.33B,9.47%,$1.33B,$22.59B,5.47%,$1.33B,$22.59B,5.47%,$1.33B,$49.25B,2.57%,$2.71B,$34.58B,7.56%,$2783,$1478,$1305,$0,$17,$2536,$247,$-150,$98,$427,$-329,$-329,$-329,$1295,$247,$1094,1094,$-0.30,$-0.30,$26,$596,$1063,$2896,$0,$0,$0,$674,$674,$49246,$3697,$11987,$3425,$22958,$26655,$3686,$18910,$0,$22591,$49246,$-534,$2143,$0,$2143,$0,$0,$0,$0,$-159,$2065,$-2041,$0,$0,$0,$0,$0,$-722,$-2763,$0,$0,$1072,$0,$68,$-403,$-33,$704,$6,$0,$0
14,2015-03-31,28.01,$0.00,0.0,$14.71,1.9,$-7.83,0.0,$2.39,11.72,$2.87B,$4.23B,0.68,$11.33B,$22.96B,0.49,$16.17B,$8.80B,54.42%,$16.17B,$3.88B,24.02%,$16.17B,$3.88B,24.02%,$16.17B,$8.48B,52.46%,$16.17B,$3.34B,20.65%,$16.17B,$2.64B,16.31%,$2.64B,$22.96B,10.57%,$2.64B,$22.96B,10.57%,$2.64B,$49.05B,5.00%,$3.88B,$34.29B,10.76%,$2680,$1526,$1154,$0,$136,$2756,$-77,$-212,$-516,$-313,$-204,$-209,$-209,$1018,$-77,$1092,1092,$-0.19,$-0.19,$27,$579,$1083,$2867,$0,$0,$0,$745,$745,$49051,$4225,$11331,$3450,$21864,$26089,$3615,$19318,$0,$22962,$49051,$-204,$1095,$0,$1095,$0,$0,$0,$0,$-11,$1013,$-987,$0,$0,$0,$0,$0,$-547,$-1535,$0,$0,$709,$0,$0,$-198,$18,$528,$7,$0,$0
15,2014-12-31,27.99,$0.00,0.0,$16.43,1.7,$-8.23,0.0,$3.10,9.03,$3.16B,$4.66B,0.68,$11.80B,$26.18B,0.45,$18.05B,$10.35B,57.36%,$18.05B,$5.54B,30.69%,$18.05B,$5.54B,30.69%,$18.05B,$9.96B,55.18%,$18.05B,$4.68B,25.91%,$18.05B,$3.42B,18.93%,$3.42B,$26.18B,13.57%,$3.42B,$26.18B,13.57%,$3.42B,$54.55B,6.50%,$5.54B,$37.98B,15.60%,$3884,$1901,$1984,$0,$-155,$2988,$896,$2253,$1304,$245,$1059,$959,$959,$2124,$896,$1091,1094,$0.88,$0.87,$23,$603,$825,$3161,$0,$0,$0,$611,$611,$54547,$4659,$11799,$3783,$23710,$28369,$4016,$22116,$0,$26178,$54547,$3560,$4422,$0,$4422,$0,$0,$0,$0,$-674,$7665,$-10328,$0,$0,$0,$0,$-102,$303,$-10127,$0,$1083,$1343,$0,$442,$-865,$468,$2471,$8,$0,$0
16,2014-09-30,34.97,$0.00,0.0,$16.47,2.12,$-5.66,0.0,$2.57,13.61,$2.84B,$5.45B,0.52,$10.82B,$25.68B,0.42,$18.08B,$10.53B,58.23%,$18.08B,$5.48B,30.29%,$18.08B,$5.48B,30.29%,$18.08B,$9.94B,54.96%,$18.08B,$3.88B,21.46%,$18.08B,$2.83B,15.66%,$2.83B,$25.68B,11.37%,$2.83B,$25.68B,11.37%,$2.83B,$54.26B,5.50%,$5.48B,$36.51B,15.98%,$4704,$1852,$2852,$0,$80,$3059,$1645,$-650,$1228,$273,$955,$910,$910,$2778,$1645,$1092,1104,$0.83,$0.82,$15,$735,$340,$2844,$0,$0,$0,$485,$485,$54259,$5445,$10822,$4239,$23132,$28577,$4034,$21605,$0,$25683,$54259,$2511,$3194,$0,$3194,$0,$0,$0,$0,$-829,$5646,$-8531,$0,$0,$0,$0,$0,$156,$-8375,$0,$0,$3355,$0,$40,$-652,$-15,$2729,$0,$0,$0
17,2014-06-30,41.13,$0.00,0.0,$16.86,2.44,$-3.06,0.0,$2.78,14.79,$2.84B,$5.44B,0.52,$10.63B,$24.96B,0.43,$18.43B,$10.97B,59.53%,$18.43B,$5.79B,31.43%,$18.43B,$5.79B,31.43%,$18.43B,$10.30B,55.86%,$18.43B,$4.13B,22.42%,$18.43B,$3.04B,16.49%,$3.04B,$24.96B,12.35%,$3.04B,$24.96B,12.35%,$3.04B,$53.17B,6.04%,$5.79B,$35.59B,17.33%,$4903,$2093,$2810,$0,$256,$3483,$1420,$-798,$1324,$343,$981,$977,$977,$2563,$1420,$1094,1103,$0.89,$0.89,$28,$723,$259,$2837,$0,$0,$0,$465,$465,$53170,$5436,$10630,$4322,$22773,$28209,$3962,$20957,$0,$24961,$53170,$1551,$2061,$0,$2061,$0,$0,$0,$0,$-786,$3493,$-6588,$0,$0,$0,$0,$0,$-73,$-6661,$0,$0,$0,$0,$0,$-425,$3606,$3182,$14,$0,$0
18,2014-03-31,34.21,$0.00,0.0,$15.77,2.17,$-0.73,0.0,$2.31,14.81,$2.60B,$4.89B,0.53,$8.04B,$23.91B,0.34,$17.20B,$10.04B,58.36%,$17.20B,$5.07B,29.48%,$17.20B,$5.07B,29.48%,$17.20B,$9.56B,55.58%,$17.20B,$3.45B,20.03%,$17.20B,$2.52B,14.68%,$2.52B,$23.91B,10.35%,$2.52B,$23.91B,10.35%,$2.52B,$48.33B,5.10%,$5.07B,$31.95B,15.40%,$4561,$1854,$2708,$0,$211,$2983,$1579,$-705,$821,$257,$565,$571,$571,$2496,$1579,$1090,1093,$0.52,$0.52,$17,$679,$158,$2595,$0,$0,$0,$372,$372,$48333,$4885,$8039,$3909,$19542,$24427,$3722,$20145,$0,$23906,$48333,$565,$918,$0,$918,$0,$0,$0,$0,$-669,$1228,$-1639,$0,$0,$0,$0,$0,$99,$-1540,$0,$998,$-600,$0,$118,$-197,$-5,$315,$3,$0,$0
19,2013-12-31,30.0,$0.00,0.0,$15.22,1.97,$-0.81,0.0,$1.98,15.15,$2.15B,$5.08B,0.42,$7.98B,$25.04B,0.32,$16.69B,$9.41B,56.37%,$16.69B,$4.25B,25.45%,$16.69B,$4.25B,25.45%,$16.69B,$8.95B,53.64%,$16.69B,$2.95B,17.67%,$16.69B,$2.16B,12.96%,$2.16B,$25.04B,8.85%,$2.16B,$25.04B,8.85%,$2.16B,$50.27B,4.35%,$4.25B,$33.02B,12.79%,$3909,$1753,$2156,$0,$110,$3078,$831,$-555,$507,$103,$404,$373,$373,$2099,$831,$1086,1088,$0.34,$0.34,$16,$614,$137,$2153,$0,$0,$0,$429,$429,$50274,$5084,$7982,$4224,$20155,$25239,$3744,$21250,$0,$25035,$50274,$2205,$4705,$0,$4705,$0,$0,$0,$0,$-32,$7012,$-6865,$0,$0,$0,$0,$0,$59,$-6806,$0,$95,$393,$0,$-185,$-508,$-22,$-226,$-20,$0,$0
20,2013-09-30,27.71,$0.00,0.0,$15.23,1.82,$-0.85,0.0,$1.95,14.21,$2.55B,$3.97B,0.64,$8.55B,$24.59B,0.35,$16.73B,$9.38B,56.04%,$16.73B,$4.30B,25.70%,$16.73B,$4.30B,25.70%,$16.73B,$8.94B,53.43%,$16.73B,$2.92B,17.48%,$16.73B,$2.13B,12.75%,$2.13B,$24.59B,8.79%,$2.13B,$24.59B,8.79%,$2.13B,$49.50B,4.32%,$4.30B,$33.14B,13.02%,$5060,$1761,$3299,$0,$125,$3097,$1963,$-508,$1480,$356,$1124,$1119,$1119,$3139,$1963,$1087,1089,$1.03,$1.03,$17,$671,$194,$2545,$0,$0,$0,$338,$338,$49498,$3972,$8546,$4438,$20931,$24904,$3624,$20906,$0,$24594,$49498,$1787,$3438,$0,$3438,$0,$0,$0,$0,$-574,$4847,$-4858,$0,$0,$0,$0,$0,$148,$-4710,$0,$723,$-289,$0,$-201,$-372,$-16,$-156,$-18,$0,$0
21,2013-06-30,24.81,$0.00,0.0,$14.24,1.74,$-0.64,0.0,$1.25,19.85,$2.48B,$3.66B,0.68,$9.55B,$24.00B,0.4,$15.68B,$8.40B,53.57%,$15.68B,$3.49B,22.23%,$15.68B,$3.49B,22.23%,$15.68B,$8.04B,51.28%,$15.68B,$1.95B,12.43%,$15.68B,$1.38B,8.78%,$1.38B,$24.00B,5.69%,$1.38B,$24.00B,5.69%,$1.38B,$49.67B,2.81%,$3.49B,$33.55B,10.68%,$3666,$1793,$1873,$0,$31,$2970,$696,$-528,$637,$172,$465,$461,$461,$1824,$696,$1089,1091,$0.42,$0.42,$17,$641,$242,$2478,$0,$0,$0,$361,$361,$49672,$3662,$9551,$4412,$22009,$25671,$3652,$20283,$0,$24001,$49672,$674,$2262,$0,$2262,$0,$0,$0,$0,$-295,$2838,$-3359,$0,$0,$0,$0,$0,$-8,$-3367,$0,$1223,$-293,$0,$-164,$-245,$-11,$509,$-20,$0,$0
22,2013-03-31,28.09,$0.00,0.0,$14.34,1.96,$0.08,371.59,$1.51,18.6,$2.22B,$3.64B,0.61,$9.00B,$24.19B,0.37,$15.85B,$8.62B,54.40%,$15.85B,$3.74B,23.57%,$15.85B,$3.74B,23.57%,$15.85B,$8.23B,51.91%,$15.85B,$2.33B,14.70%,$15.85B,$1.67B,10.55%,$1.67B,$24.19B,6.94%,$1.67B,$24.19B,6.94%,$1.67B,$49.47B,3.45%,$3.74B,$33.20B,11.68%,$4057,$1975,$2082,$0,$191,$3299,$758,$-447,$325,$113,$211,$211,$211,$1892,$758,$1121,1121,$0.19,$0.19,$18,$622,$150,$2222,$0,$0,$0,$384,$384,$49474,$3644,$9001,$4528,$21637,$25281,$3714,$20412,$0,$24194,$49474,$211,$1134,$0,$1134,$0,$0,$0,$0,$-386,$1156,$-1669,$0,$0,$0,$0,$0,$161,$-1508,$0,$455,$0,$0,$-2,$-114,$-6,$333,$-19,$0,$0
23,2012-12-31,25.15,$0.00,0.0,$14.38,1.75,$0.48,52.88,$1.71,14.71,$1.92B,$3.98B,0.48,$7.94B,$24.30B,0.33,$15.83B,$8.82B,55.74%,$15.83B,$4.22B,26.67%,$15.83B,$4.22B,26.67%,$15.83B,$8.55B,54.04%,$15.83B,$2.61B,16.49%,$15.83B,$1.90B,11.97%,$1.90B,$24.30B,7.93%,$1.90B,$24.30B,7.93%,$1.90B,$49.01B,3.96%,$4.22B,$32.24B,13.49%,$3947,$1826,$2121,$0,$16,$3065,$883,$-551,$482,$123,$359,$342,$342,$2084,$883,$1094,1096,$0.31,$0.31,$37,$554,$126,$1915,$0,$0,$0,$427,$427,$49009,$3978,$7943,$4612,$20733,$24712,$3711,$20528,$0,$24297,$49009,$1893,$4331,$0,$4331,$0,$0,$0,$0,$447,$6213,$-6108,$0,$0,$0,$0,$2,$175,$-5930,$0,$172,$154,$0,$-124,$-444,$-37,$-279,$3,$0,$0
24,2012-09-30,26.72,$0.00,0.0,$15.14,1.76,$0.42,63.85,$2.16,12.37,$2.16B,$4.31B,0.5,$7.31B,$24.23B,0.3,$16.66B,$9.90B,59.40%,$16.66B,$5.62B,33.71%,$16.66B,$5.62B,33.71%,$16.66B,$9.73B,58.39%,$16.66B,$3.38B,20.28%,$16.66B,$2.38B,14.31%,$2.38B,$24.23B,10.10%,$2.38B,$24.23B,10.10%,$2.38B,$48.08B,5.02%,$5.62B,$31.54B,18.05%,$4008,$1685,$2323,$0,$114,$2859,$1149,$-632,$505,$144,$362,$363,$363,$2239,$1149,$1095,1097,$0.33,$0.33,$21,$573,$192,$2157,$0,$0,$0,$340,$340,$48084,$4306,$7311,$3972,$19550,$23856,$3708,$20475,$0,$24229,$48084,$1547,$3129,$0,$3129,$0,$0,$0,$0,$246,$4615,$-4398,$0,$0,$0,$0,$0,$87,$-4310,$0,$78,$0,$0,$165,$-330,$-230,$-317,$-13,$0,$0
25,2012-06-30,23.22,$0.00,0.0,$14.80,1.57,$-0.18,0.0,$2.58,9.0,$2.28B,$4.16B,0.55,$7.29B,$23.70B,0.31,$16.30B,$9.77B,59.94%,$16.30B,$5.65B,34.69%,$16.30B,$5.65B,34.69%,$16.30B,$9.57B,58.69%,$16.30B,$4.06B,24.88%,$16.30B,$2.85B,17.47%,$2.85B,$23.70B,12.26%,$2.85B,$23.70B,12.26%,$2.85B,$47.14B,6.04%,$5.65B,$30.99B,18.08%,$3839,$1742,$2097,$0,$76,$2893,$946,$-237,$1018,$272,$746,$756,$756,$2013,$946,$1107,1107,$0.68,$0.68,$10,$587,$172,$2282,$0,$311,$0,$33,$344,$47135,$4162,$7288,$3828,$19276,$23438,$3636,$20003,$0,$23697,$47135,$1169,$2040,$0,$2040,$0,$0,$0,$0,$112,$3043,$-2779,$0,$0,$0,$0,$0,$-3,$-2782,$0,$-60,$0,$0,$139,$-212,$-152,$-285,$-24,$0,$0
26,2012-03-31,28.59,$0.00,0.0,$14.47,1.98,$2.08,13.71,$2.78,10.28,$2.15B,$4.60B,0.47,$7.08B,$23.35B,0.3,$15.93B,$9.60B,60.24%,$15.93B,$5.86B,36.76%,$15.93B,$5.86B,36.76%,$15.93B,$9.62B,60.36%,$15.93B,$4.29B,26.92%,$15.93B,$3.06B,19.20%,$3.06B,$23.35B,13.40%,$3.06B,$23.35B,13.40%,$3.06B,$47.04B,6.52%,$5.86B,$30.42B,18.77%,$4034,$1752,$2282,$0,$65,$2790,$1244,$-569,$605,$179,$426,$434,$434,$2218,$1244,$1100,1105,$0.39,$0.39,$13,$670,$127,$2153,$0,$320,$0,$47,$367,$47043,$4604,$7077,$3873,$19093,$23696,$3667,$19621,$0,$23347,$47043,$426,$973,$0,$973,$0,$0,$0,$0,$230,$1454,$-1517,$0,$0,$0,$0,$0,$243,$-1275,$0,$-207,$0,$0,$108,$-99,$-3,$-201,$-21,$0,$0
27,2011-12-31,32.1,$0.00,0.0,$13.64,2.35,$1.79,17.98,$2.43,13.21,$2.81B,$4.08B,0.69,$8.31B,$23.17B,0.36,$14.99B,$8.92B,59.50%,$14.99B,$5.14B,34.28%,$14.99B,$5.14B,34.28%,$14.99B,$8.79B,58.61%,$14.99B,$3.96B,26.40%,$14.99B,$2.67B,17.83%,$2.67B,$23.17B,12.03%,$2.67B,$23.17B,12.03%,$2.67B,$47.85B,5.78%,$5.14B,$31.48B,16.65%,$4781,$1585,$3196,$0,$7,$2504,$2277,$-1371,$1251,$438,$813,$831,$831,$3259,$2277,$1095,1095,$0.76,$0.76,$34,$557,$121,$2814,$0,$325,$0,$71,$396,$47845,$4082,$8311,$3960,$20590,$24673,$3549,$19597,$0,$23173,$47845,$2675,$3647,$0,$3647,$0,$0,$0,$0,$-36,$6318,$-6275,$0,$0,$0,$0,$-325,$566,$-6035,$0,$-655,$628,$0,$153,$-383,$-15,$-271,$12,$0,$0
28,2011-09-30,25.08,$0.00,0.0,$12.84,1.95,$2.60,9.65,$1.28,19.59,$2.87B,$3.09B,0.93,$9.54B,$22.65B,0.42,$14.10B,$9.61B,68.18%,$14.10B,$6.75B,47.87%,$14.10B,$6.75B,47.87%,$14.10B,$10.97B,77.80%,$14.10B,$6.59B,46.77%,$14.10B,$1.42B,10.04%,$1.42B,$22.65B,6.57%,$1.42B,$22.65B,6.57%,$1.42B,$46.52B,3.17%,$6.75B,$32.20B,22.36%,$3646,$1451,$2195,$0,$66,$2458,$1187,$-136,$1181,$325,$855,$826,$826,$2076,$1187,$1100,1100,$0.75,$0.75,$18,$639,$169,$2871,$0,$0,$0,$377,$377,$46521,$3088,$9542,$2948,$20779,$23868,$3510,$19071,$0,$22653,$46521,$1852,$2666,$0,$2666,$0,$0,$0,$0,$-310,$4020,$-4458,$0,$0,$0,$0,$0,$18,$-4439,$0,$609,$0,$0,$102,$-285,$-10,$415,$-4,$0,$0
29,2011-06-30,35.77,$0.00,0.0,$12.57,2.85,$4.16,8.59,$1.06,33.75,$2.71B,$4.18B,0.65,$8.51B,$22.17B,0.38,$13.76B,$9.56B,69.44%,$13.76B,$6.78B,49.24%,$13.76B,$6.78B,49.24%,$13.76B,$10.91B,79.25%,$13.76B,$6.19B,44.95%,$13.76B,$1.16B,8.46%,$1.16B,$22.17B,5.53%,$1.16B,$22.17B,5.53%,$1.16B,$46.15B,2.70%,$6.78B,$30.69B,23.11%,$3473,$1548,$1925,$0,$-123,$2324,$1149,$131,$1252,$291,$960,$968,$968,$2064,$1149,$1093,1106,$0.89,$0.88,$6,$625,$158,$2711,$0,$0,$0,$2847,$2847,$46154,$4176,$8514,$3159,$19807,$23983,$3540,$18592,$0,$22171,$46154,$1008,$1777,$0,$1777,$0,$0,$0,$0,$172,$2767,$0,$0,$0,$0,$0,$0,$-3123,$-3123,$0,$344,$0,$0,$187,$-186,$-5,$340,$-17,$0,$0
30,2011-03-31,42.14,$0.00,0.0,$12.39,3.4,$2.17,19.4,$0.78,54.03,$2.31B,$4.39B,0.53,$8.19B,$20.88B,0.39,$13.51B,$9.52B,70.44%,$13.51B,$6.70B,49.56%,$13.51B,$6.70B,49.56%,$13.51B,$9.91B,73.37%,$13.51B,$5.87B,43.46%,$13.51B,$0.85B,6.29%,$0.85B,$20.88B,4.12%,$0.85B,$20.88B,4.12%,$0.85B,$44.46B,2.03%,$6.70B,$29.08B,23.05%,$3091,$1487,$1604,$0,$185,$2565,$526,$-509,$274,$227,$47,$48,$48,$1387,$526,$1095,1095,$0.04,$0.04,$51,$503,$110,$2310,$0,$0,$0,$2827,$2827,$44455,$4385,$8192,$3060,$19187,$23571,$3442,$17398,$0,$20883,$44455,$47,$861,$0,$861,$0,$0,$0,$0,$268,$1263,$-1653,$0,$0,$0,$0,$0,$208,$-1445,$0,$130,$0,$0,$164,$-83,$0,$211,$28,$0,$0
31,2010-12-31,37.8,$0.00,0.0,$12.46,3.03,$2.53,14.94,$1.52,24.95,$2.12B,$3.08B,0.69,$8.29B,$20.46B,0.41,$13.56B,$11.05B,81.51%,$13.56B,$9.31B,68.66%,$13.56B,$9.31B,68.66%,$13.56B,$11.66B,86.04%,$13.56B,$8.74B,64.44%,$13.56B,$1.64B,12.12%,$1.64B,$20.46B,10.67%,$1.64B,$20.46B,10.67%,$1.64B,$41.60B,5.34%,$9.31B,$28.75B,42.74%,$3886,$0,$3886,$0,$0,$0,$3886,$0,$3886,$0,$3886,$-427,$-427,$5440,$3886,$1089,1089,$-0.39,$-0.39,$21,$595,$58,$2118,$0,$0,$0,$24,$24,$41602,$3077,$8287,$9778,$18065,$21142,$3068,$17555,$0,$20460,$41602,$1648,$3919,$0,$3919,$0,$0,$0,$0,$145,$6102,$-5173,$0,$0,$0,$0,$0,$125,$-5047,$0,$-847,$0,$0,$99,$-293,$-5,$-1046,$9,$0,$0
32,2010-09-30,29.39,$0.00,0.0,$11.60,2.53,$4.00,7.35,$2.31,12.72,$1.79B,$2.29B,0.78,$8.17B,$20.61B,0.4,$12.61B,$9.01B,71.47%,$12.61B,$6.23B,49.40%,$12.61B,$6.23B,49.40%,$12.61B,$7.71B,61.11%,$12.61B,$5.43B,43.08%,$12.61B,$2.51B,19.92%,$2.51B,$20.61B,17.25%,$2.51B,$20.61B,17.25%,$2.51B,$40.34B,8.54%,$6.23B,$28.78B,29.67%,$3312,$1171,$2141,$0,$107,$2097,$1215,$-43,$774,$216,$558,$575,$575,$2016,$1215,$1089,1089,$0.53,$0.53,$26,$560,$5,$1790,$0,$0,$0,$29,$29,$40340,$2285,$8169,$9276,$17445,$19730,$2901,$17803,$0,$20610,$40340,$2033,$2365,$0,$2365,$0,$0,$0,$0,$204,$4600,$-3329,$0,$0,$0,$0,$0,$27,$-3302,$0,$-1053,$0,$0,$14,$-212,$-35,$-1285,$13,$0,$0
33,2010-06-30,28.11,$0.00,0.0,$11.00,2.55,$4.54,6.19,$2.35,11.96,$2.04B,$2.28B,0.9,$9.09B,$20.50B,0.44,$11.95B,$8.56B,71.67%,$11.95B,$6.06B,50.72%,$11.95B,$6.06B,50.72%,$11.95B,$7.42B,62.07%,$11.95B,$5.44B,45.48%,$11.95B,$2.55B,21.37%,$2.55B,$20.50B,18.59%,$2.55B,$20.50B,18.59%,$2.55B,$41.14B,8.93%,$6.06B,$29.59B,29.50%,$3219,$1335,$1884,$0,$2,$2150,$1068,$-115,$937,$288,$649,$653,$653,$1068,$1068,$1089,1089,$0.60,$0.60,$18,$594,$105,$2044,$0,$0,$0,$47,$47,$41135,$2283,$9088,$9264,$18351,$20634,$2926,$17587,$0,$20501,$41135,$1492,$1564,$0,$1564,$0,$0,$0,$0,$92,$3076,$-2522,$0,$0,$0,$0,$0,$-55,$-2578,$0,$-431,$0,$0,$72,$-134,$1,$-493,$6,$0,$0
34,2010-03-31,31.12,$0.00,0.0,$10.06,3.09,$4.85,6.42,$1.88,16.55,$0.00B,$0.00B,0.0,$0.00B,$0.00B,0.0,$10.91B,$7.93B,72.70%,$10.91B,$5.55B,50.91%,$10.91B,$5.55B,50.91%,$10.91B,$7.51B,68.88%,$10.91B,$4.58B,41.98%,$10.91B,$2.04B,18.70%,$2.04B,$0.00B,16.19%,$2.04B,$0.00B,16.19%,$2.04B,$0.00B,7.48%,$5.55B,$0.00B,28.19%,$3139,$0,$3139,$0,$0,$0,$3139,$0,$3139,$0,$3139,$842,$842,$3139,$3139,$1086,1086,$0.78,$0.78,$0,$0,$0,$0,$0,$0,$0,$0,$0,$0,$0,$0,$0,$0,$0,$0,$0,$0,$0,$0,$0,$0,$0,$0,$0,$0,$0,$0,$0,$0,$0,$0,$0,$0,$0,$0,$0,$0,$0,$0,$0,$0,$0,$0,$0,$0,$0,$0,$0
35,2009-12-31,30.18,$0.00,0.0,$8.64,3.49,$5.03,6.0,$1.33,22.69,$1.67B,$2.12B,0.79,$8.50B,$17.10B,0.5,$9.37B,$5.67B,60.49%,$9.37B,$2.71B,28.96%,$9.37B,$2.71B,28.96%,$9.37B,$5.19B,55.44%,$9.37B,$1.74B,18.55%,$9.37B,$1.44B,15.41%,$1.44B,$17.10B,8.82%,$1.44B,$17.10B,8.82%,$1.44B,$36.11B,4.01%,$2.71B,$25.60B,10.41%,$2938,$1090,$1847,$0,$277,$2131,$806,$132,$582,$195,$386,$441,$441,$1482,$806,$1085,1085,$0.41,$0.41,$11,$514,$129,$1665,$0,$0,$0,$16,$16,$36113,$2117,$8502,$8394,$16896,$19013,$2495,$14697,$0,$17101,$36113,$1391,$2482,$0,$2482,$0,$0,$0,$0,$-207,$5116,$-2596,$0,$0,$0,$0,$0,$-536,$-3132,$0,$-1779,$-30,$0,$21,$-198,$-11,$-1997,$-12,$0,$0
36,2009-09-30,28.14,$0.00,0.0,$7.54,3.73,$2.14,13.14,$2.20,12.82,$1.67B,$2.03B,0.82,$9.61B,$17.36B,0.55,$8.17B,$5.28B,64.62%,$8.17B,$3.54B,43.27%,$8.17B,$3.54B,43.27%,$8.17B,$5.93B,72.61%,$8.17B,$2.81B,34.38%,$8.17B,$2.38B,29.08%,$2.38B,$17.36B,14.46%,$2.38B,$17.36B,14.46%,$2.38B,$37.19B,6.41%,$3.54B,$26.97B,13.11%,$2653,$960,$1694,$0,$35,$1607,$1047,$-186,$777,$157,$620,$618,$618,$1728,$1047,$1084,1084,$0.57,$0.57,$13,$580,$163,$1671,$0,$0,$0,$19,$19,$37193,$2032,$9611,$8193,$17804,$19836,$2574,$14839,$0,$17357,$37193,$1024,$1805,$0,$1805,$0,$0,$0,$0,$-50,$3917,$-2068,$0,$0,$0,$0,$0,$-465,$-2534,$0,$-1187,$-31,$0,$19,$-153,$-44,$-1396,$-12,$0,$0
37,2009-06-30,21.95,$0.00,0.0,$9.18,2.39,$0.27,81.32,$4.15,5.29,$1.95B,$2.05B,0.95,$10.28B,$15.94B,0.65,$9.93B,$6.93B,69.77%,$9.93B,$5.15B,51.89%,$9.93B,$5.15B,51.89%,$9.93B,$7.46B,75.18%,$9.93B,$5.94B,59.84%,$9.93B,$4.49B,45.18%,$4.49B,$15.94B,27.93%,$4.49B,$15.94B,27.93%,$4.49B,$35.82B,12.02%,$5.15B,$26.22B,19.08%,$2178,$928,$1250,$0,$119,$1617,$561,$-479,$81,$-57,$139,$139,$139,$1164,$561,$1084,1084,$0.13,$0.13,$21,$506,$411,$1950,$0,$0,$0,$51,$51,$35819,$2046,$10281,$7549,$17830,$19876,$2415,$13463,$0,$15943,$35819,$401,$1124,$0,$1124,$0,$0,$0,$0,$-97,$2353,$-1467,$0,$0,$0,$0,$0,$-341,$-1808,$0,$-434,$-29,$0,$15,$-95,$-3,$-546,$-2,$0,$0
38,2009-03-31,16.1,$0.00,0.0,$11.27,1.43,$-0.67,0.0,$3.70,4.35,$2.46B,$2.44B,1.01,$10.41B,$15.07B,0.69,$12.13B,$8.77B,72.31%,$12.13B,$6.52B,53.76%,$12.13B,$6.52B,53.76%,$12.13B,$8.89B,73.30%,$12.13B,$5.43B,44.75%,$12.13B,$4.00B,33.00%,$4.00B,$15.07B,25.92%,$4.00B,$15.07B,25.92%,$4.00B,$34.89B,10.47%,$6.52B,$25.47B,24.57%,$1600,$724,$876,$0,$41,$1300,$299,$-2,$298,$52,$246,$246,$246,$820,$299,$1083,1083,$0.23,$0.23,$8,$423,$1113,$2463,$0,$0,$0,$296,$296,$34892,$2438,$10406,$6982,$17388,$19826,$2261,$12552,$0,$15066,$34892,$246,$520,$0,$520,$0,$0,$0,$0,$-2,$1200,$-1004,$0,$0,$0,$0,$0,$-64,$-1067,$0,$-87,$0,$0,$-31,$0,$-29,$-147,$-14,$0,$0
39,2008-12-31,16.65,$0.00,0.0,$13.46,1.24,$-1.02,0.0,$4.15,4.01,$3.20B,$3.23B,0.99,$11.89B,$17.35B,0.69,$14.48B,$10.78B,74.43%,$14.48B,$8.36B,57.73%,$14.48B,$8.36B,57.73%,$14.48B,$10.89B,75.23%,$14.48B,$6.14B,42.38%,$14.48B,$4.48B,30.94%,$4.48B,$17.35B,29.52%,$4.48B,$17.35B,29.52%,$4.48B,$40.26B,11.51%,$8.36B,$29.24B,31.58%,$1740,$280,$1460,$0,$-434,$111,$1629,$1087,$1653,$553,$1100,$1373,$1373,$2221,$1629,$1083,1083,$1.27,$1.27,$25,$0,$1747,$3202,$0,$0,$0,$276,$276,$40262,$3228,$11891,$7797,$19688,$22917,$2613,$14485,$0,$17345,$40262,$4706,$2533,$0,$2533,$0,$0,$0,$0,$-178,$6388,$-6998,$0,$0,$0,$0,$0,$222,$-6776,$0,$559,$-29,$0,$17,$-196,$43,$394,$6,$0,$0
40,2008-09-30,28.44,$0.00,0.0,$14.56,1.95,$-0.92,0.0,$3.64,7.83,$2.09B,$3.15B,0.66,$11.19B,$15.88B,0.71,$15.66B,$11.25B,71.88%,$15.66B,$8.07B,51.52%,$15.66B,$8.07B,51.52%,$15.66B,$10.59B,67.62%,$15.66B,$4.75B,30.35%,$15.66B,$3.92B,25.05%,$3.92B,$15.88B,28.09%,$3.92B,$15.88B,28.09%,$3.92B,$38.32B,10.51%,$8.07B,$27.07B,32.46%,$4409,$1069,$3340,$0,$44,$1747,$2662,$1246,$3908,$1180,$2727,$2727,$2727,$3258,$2662,$1080,1080,$2.53,$2.53,$13,$0,$187,$2092,$0,$0,$0,$25,$25,$38315,$3153,$11191,$8093,$19284,$22438,$2656,$13110,$0,$15878,$38315,$3093,$1940,$0,$1940,$0,$0,$0,$0,$15,$5209,$-5388,$0,$0,$0,$0,$0,$0,$-5388,$0,$-904,$0,$0,$16,$-148,$1167,$131,$-7,$0,$0
41,2008-06-30,41.6,$0.00,0.0,$13.20,3.15,$-0.99,0.0,$1.73,24.05,$3.32B,$6.47B,0.51,$10.93B,$13.47B,0.81,$14.18B,$9.99B,70.42%,$14.18B,$6.61B,46.62%,$14.18B,$6.61B,46.62%,$14.18B,$9.31B,65.61%,$14.18B,$1.78B,12.55%,$14.18B,$1.86B,13.13%,$1.86B,$13.47B,14.34%,$1.86B,$13.47B,14.34%,$1.86B,$39.47B,5.15%,$6.61B,$24.40B,27.98%,$4380,$1286,$3094,$0,$499,$2448,$1931,$-3043,$-431,$-87,$-344,$-344,$-344,$2591,$1931,$1068,1068,$-0.32,$-0.32,$22,$0,$982,$3320,$0,$0,$0,$31,$31,$39468,$6469,$10930,$8599,$19529,$25997,$2726,$10739,$0,$13471,$39468,$376,$1344,$0,$1344,$0,$0,$0,$0,$147,$3701,$-3828,$0,$0,$0,$0,$0,$232,$-3597,$0,$-48,$0,$0,$14,$-99,$30,$-103,$1,$0,$0
42,2008-03-31,28.27,$0.00,0.0,$11.76,2.4,$-1.15,0.0,$2.76,10.24,$2.66B,$4.22B,0.63,$11.19B,$14.01B,0.8,$12.67B,$8.88B,70.08%,$12.67B,$5.83B,45.98%,$12.67B,$5.83B,45.98%,$12.67B,$8.57B,67.64%,$12.67B,$3.16B,24.91%,$12.67B,$2.97B,23.45%,$2.97B,$14.01B,24.11%,$2.97B,$14.01B,24.11%,$2.97B,$37.60B,8.70%,$5.83B,$25.20B,25.63%,$3951,$1068,$2883,$0,$43,$1813,$2138,$-684,$1007,$283,$724,$724,$724,$2824,$2138,$1077,1077,$0.68,$0.68,$27,$0,$504,$2657,$0,$0,$0,$36,$36,$37604,$4223,$11185,$8184,$19369,$23592,$2714,$11203,$0,$14012,$37604,$724,$685,$0,$685,$0,$0,$0,$0,$-165,$1560,$-1740,$0,$0,$0,$0,$0,$167,$-1573,$0,$51,$0,$0,$9,$-46,$5,$19,$6,$0,$0
43,2007-12-31,30.25,$0.00,0.0,$10.27,2.95,$-1.40,0.0,$2.30,13.15,$2.04B,$3.34B,0.61,$10.24B,$12.47B,0.82,$11.06B,$7.55B,68.25%,$11.06B,$4.49B,40.62%,$11.06B,$4.49B,40.62%,$11.06B,$7.17B,64.84%,$11.06B,$2.52B,22.81%,$11.06B,$2.48B,22.40%,$2.48B,$12.47B,22.19%,$2.48B,$12.47B,22.19%,$2.48B,$33.80B,7.72%,$4.49B,$22.71B,21.21%,$2915,$980,$1936,$0,$-86,$1581,$1334,$-1069,$267,$-510,$777,$814,$814,$1913,$1334,$1079,1079,$0.76,$0.76,$20,$0,$466,$2041,$0,$0,$0,$29,$29,$33803,$3335,$10240,$7759,$17999,$21334,$2503,$9898,$0,$12468,$33803,$2441,$2680,$0,$2680,$0,$0,$0,$0,$-324,$5447,$-5947,$0,$0,$0,$0,$0,$-174,$-6121,$0,$557,$256,$0,$20,$-167,$7,$673,$-2,$0,$0
44,2007-09-30,31.25,$0.00,0.0,$9.61,3.25,$-3.40,0.0,$1.80,17.36,$1.96B,$2.75B,0.71,$10.22B,$12.02B,0.85,$10.35B,$6.31B,60.91%,$10.35B,$3.11B,29.99%,$10.35B,$3.11B,29.99%,$10.35B,$5.84B,56.43%,$10.35B,$2.72B,26.25%,$10.35B,$1.94B,18.73%,$1.94B,$12.02B,18.63%,$1.94B,$12.02B,18.63%,$1.94B,$33.73B,6.27%,$3.11B,$22.24B,15.29%,$2938,$863,$2075,$0,$163,$1727,$1210,$53,$937,$268,$669,$669,$669,$1978,$1210,$1077,1077,$0.62,$0.62,$20,$0,$229,$1958,$0,$0,$0,$41,$41,$33730,$2746,$10216,$8749,$18965,$21711,$2546,$9392,$0,$12019,$33730,$1730,$2100,$0,$2100,$0,$0,$0,$0,$-78,$4380,$-4642,$0,$0,$0,$0,$0,$-209,$-4852,$0,$-1718,$-151,$0,$18,$-126,$2446,$469,$-2,$0,$0
45,2007-06-30,27.35,$0.00,0.0,$9.00,3.04,$-5.03,0.0,$2.11,12.96,$1.80B,$2.58B,0.7,$9.97B,$10.81B,0.92,$9.69B,$5.95B,61.37%,$9.69B,$2.97B,30.60%,$9.69B,$2.97B,30.60%,$9.69B,$5.48B,56.51%,$9.69B,$3.25B,33.54%,$9.69B,$2.27B,23.38%,$2.27B,$10.81B,23.31%,$2.27B,$10.81B,23.31%,$2.27B,$31.51B,8.05%,$2.97B,$20.78B,16.21%,$2868,$882,$1987,$0,$171,$1724,$1145,$102,$945,$180,$765,$765,$765,$1856,$1145,$1078,1078,$0.71,$0.71,$10,$0,$206,$1796,$0,$0,$0,$51,$51,$31514,$2579,$9972,$8153,$18124,$20703,$2411,$8344,$0,$10811,$31514,$1010,$1332,$0,$1332,$0,$0,$0,$0,$11,$2829,$-3127,$0,$0,$0,$0,$0,$-170,$-3297,$0,$-1680,$-144,$0,$15,$-78,$2344,$457,$-11,$0,$0
46,2007-03-31,22.72,$0.00,0.0,$8.34,2.72,$-6.34,0.0,$2.26,10.05,$1.89B,$2.83B,0.67,$9.66B,$9.36B,1.03,$8.97B,$5.63B,62.69%,$8.97B,$2.87B,32.00%,$8.97B,$2.87B,32.00%,$8.97B,$5.19B,57.88%,$8.97B,$3.06B,34.14%,$8.97B,$2.43B,27.03%,$2.43B,$9.36B,26.68%,$2.43B,$9.36B,26.68%,$2.43B,$29.31B,9.44%,$2.87B,$19.02B,17.64%,$2342,$789,$1553,$0,$126,$1536,$805,$-430,$375,$145,$230,$230,$230,$1426,$805,$1076,1076,$0.22,$0.22,$12,$0,$247,$1892,$0,$0,$0,$55,$55,$29305,$2834,$9656,$7451,$17107,$19942,$2250,$7151,$0,$9363,$29305,$230,$621,$0,$621,$0,$0,$0,$0,$-102,$1255,$-1699,$0,$0,$0,$0,$0,$123,$-1576,$0,$-1719,$-107,$0,$11,$-34,$2161,$313,$-8,$0,$0
47,2006-12-31,21.85,$0.00,0.0,$7.88,2.77,$-7.26,0.0,$2.10,10.43,$1.98B,$2.71B,0.73,$9.74B,$9.43B,1.03,$8.41B,$5.42B,64.43%,$8.41B,$2.74B,32.62%,$8.41B,$2.74B,32.62%,$8.41B,$4.91B,58.40%,$8.41B,$3.00B,35.63%,$8.41B,$2.24B,26.68%,$2.24B,$9.43B,26.26%,$2.24B,$9.43B,26.26%,$2.24B,$29.25B,9.57%,$2.74B,$19.17B,19.24%,$2205,$1515,$691,$0,$94,$2261,$-55,$-244,$461,$204,$256,$275,$275,$582,$-55,$1079,1079,$0.26,$0.26,$20,$0,$237,$1975,$0,$0,$0,$136,$136,$29247,$2709,$9740,$7370,$17110,$19819,$2260,$7180,$0,$9429,$29247,$2226,$2169,$0,$2169,$0,$0,$0,$0,$-599,$3683,$-6346,$0,$-4093,$0,$0,$0,$89,$-10350,$0,$5732,$353,$0,$-6,$-135,$728,$6671,$4,$0,$0
