,Date,Stock Price,Book Value per Share,Price to Book Ratio,TTM Sales per Share,Price to Sales Ratio,TTM FCF per Share,Price to FCF Ratio,TTM Net EPS,PE Ratio,Current Assets,Current Liabilities,Current Ratio,Long Term Debt,Shareholder's Equity_x,Debt to Equity Ratio,TTM Revenue_x,TTM Gross Profit,Gross Margin,TTM Revenue_y,TTM Operating Income,Operating Margin,TTM Revenue_x,TTM EBIT,EBIT Margin,TTM Revenue_y,TTM EBITDA,EBITDA Margin,TTM Revenue_x,TTM Pre-Tax Income,Pre-Tax Margin,TTM Revenue_y,TTM Net Income_x,Net Margin,TTM Net Income_y,Shareholder's Equity_y,Return on Equity,TTM Net Income_x,Tangible Equity,Return on Tangible Equity,TTM Net Income_y,Total Assets,Return on Assets,TTM Net Income,LT Investments & Debt,Return on Investment,revenue,cost-goods-sold,gross-profit,research-development-expenses,selling-general-administrative-expenses,operating-expenses,operating-income,total-non-operating-income-expense,pre-tax-income,total-provision-income-taxes,income-after-taxes,income-from-continuous-operations,net-income,ebitda,ebit,basic-shares-outstanding,shares-outstanding,eps-basic-net-earnings-per-share,eps-earnings-per-share-diluted,cash-on-hand,inventory,other-current-assets,total-current-assets,net-property-plant-equipment,long-term-investments,goodwill-intangible-assets-total,other-long-term-assets,total-long-term-assets,total-assets,total-current-liabilities,long-term-debt,other-non-current-liabilities,total-long-term-liabilities,total-liabilities,common-stock-net,retained-earnings-accumulated-deficit,comprehensive-income,total-share-holder-equity,total-liabilities-share-holders-equity,net-income-loss,total-depreciation-amortization-cash-flow,other-non-cash-items,total-non-cash-items,change-in-accounts-receivable,change-in-inventories,change-in-accounts-payable,change-in-assets-liabilities,total-change-in-assets-liabilities,cash-flow-from-operating-activities,net-change-in-property-plant-equipment,net-change-in-intangible-assets,net-acquisitions-divestitures,net-change-in-short-term-investments,net-change-in-long-term-investments,net-change-in-investments-total,investing-activities-other,cash-flow-from-investing-activities,net-long-term-debt,net-current-debt,debt-issuance-retirement-net-total,net-common-equity-issued-repurchased,net-total-equity-issued-repurchased,total-common-preferred-stock-dividends-paid,financial-activities-other,cash-flow-from-financial-activities,net-cash-flow,stock-based-compensation,common-stock-dividends-paid
0,2018-09-30,13.04,$6.86,1.9,$20.84,0.63,$3.04,4.29,$0.90,14.49,$0.20B,$0.28B,0.72,$2.30B,$0.49B,4.71,$1.41B,$0.80B,56.60%,$1.41B,$0.02B,1.49%,$1.41B,$0.02B,1.49%,$1.41B,$0.02B,1.49%,$1.41B,$-0.07B,-4.89%,$1.41B,$0.06B,4.40%,$0.06B,$0.49B,11.69%,$0.06B,$-0.80B,-7.87%,$0.06B,$3.60B,1.69%,$0.02B,$2.79B,0.74%,$348,$153,$195,$0,$86,$348,$0,$-24,$-24,$-9,$-15,$-15,$-15,$0,$0,$71,71,$-0.21,$-0.21,$4,$0,$0,$200,$1956,$111,$1293,$37,$3396,$3596,$279,$2303,$24,$2829,$3107,$1,$-37,$-21,$489,$3596,$0,$0,$0,$0,$0,$0,$0,$0,$0,$264,$-185,$0,$21,$0,$0,$0,$0,$-164,$-29,$0,$-29,$0,$0,$-83,$0,$-112,$-12,$0,$-83
1,2018-06-30,12.0,$7.22,1.66,$21.11,0.57,$2.01,5.96,$0.70,17.15,$0.21B,$0.27B,0.78,$2.31B,$0.51B,4.49,$1.43B,$0.82B,57.40%,$1.43B,$0.01B,0.91%,$1.43B,$0.01B,0.91%,$1.43B,$0.01B,0.91%,$1.43B,$-0.08B,-5.61%,$1.43B,$0.05B,3.37%,$0.05B,$0.51B,9.00%,$0.05B,$-0.80B,-5.99%,$0.05B,$3.65B,1.29%,$0.01B,$2.82B,0.46%,$350,$151,$199,$0,$81,$345,$5,$-20,$-15,$-4,$-11,$-11,$-11,$5,$5,$71,71,$-0.15,$-0.15,$11,$0,$21,$210,$1986,$110,$1310,$31,$3437,$3647,$269,$2309,$25,$2864,$3132,$1,$-22,$-36,$514,$3647,$0,$0,$0,$0,$0,$0,$0,$0,$0,$194,$-123,$0,$0,$0,$0,$0,$0,$-123,$-21,$0,$-21,$0,$0,$-55,$0,$-76,$-5,$0,$-55
2,2018-03-31,10.28,$7.64,1.35,$19.52,0.53,$1.71,6.0,$0.79,13.02,$0.23B,$0.27B,0.84,$2.32B,$0.54B,4.26,$1.25B,$0.72B,57.67%,$1.25B,$0.03B,2.33%,$1.25B,$0.03B,2.33%,$1.25B,$0.03B,2.33%,$1.25B,$-0.07B,-5.54%,$1.25B,$0.06B,4.50%,$0.06B,$0.54B,12.78%,$0.06B,$-0.78B,-7.32%,$0.06B,$3.71B,1.69%,$0.03B,$2.86B,1.15%,$356,$153,$203,$0,$86,$347,$9,$-24,$-15,$-4,$-11,$-11,$-12,$9,$9,$71,71,$-0.16,$-0.16,$11,$0,$22,$229,$2019,$107,$1325,$28,$3480,$3709,$274,$2317,$33,$2891,$3165,$1,$-11,$-42,$544,$3709,$0,$0,$0,$0,$0,$0,$0,$0,$0,$91,$-61,$0,$0,$0,$0,$0,$0,$-60,$-8,$0,$-8,$0,$0,$-27,$0,$-35,$-5,$0,$-27
3,2017-12-31,11.09,$8.11,1.37,$17.85,0.62,$1.74,6.38,$0.88,12.61,$0.21B,$0.26B,0.84,$2.31B,$0.57B,4.03,$1.06B,$0.61B,57.98%,$1.06B,$0.04B,3.68%,$1.06B,$0.04B,3.68%,$1.06B,$0.04B,3.68%,$1.06B,$-0.06B,-5.67%,$1.06B,$0.06B,6.04%,$0.06B,$0.57B,18.74%,$0.06B,$-0.77B,-8.80%,$0.06B,$3.72B,2.20%,$0.04B,$2.89B,1.79%,$356,$156,$201,$0,$86,$350,$7,$-22,$-15,$-115,$100,$100,$100,$7,$7,$60,60,$1.61,$1.61,$16,$0,$21,$214,$2038,$109,$1345,$14,$3505,$3719,$256,$2312,$34,$2889,$3145,$1,$0,$-48,$574,$3719,$65,$309,$-125,$184,$-3,$0,$5,$1,$-43,$210,$-180,$0,$-862,$0,$0,$0,$0,$-1043,$933,$0,$933,$0,$0,$-94,$-18,$821,$-11,$3,$-94
4,2017-09-30,17.03,$7.08,2.4,$15.44,1.1,$3.10,5.49,$-0.54,0.0,$0.22B,$0.25B,0.88,$2.31B,$0.50B,4.61,$0.88B,$0.51B,58.25%,$0.88B,$0.05B,5.57%,$0.88B,$0.05B,5.57%,$0.88B,$0.05B,5.57%,$0.88B,$-0.04B,-5.01%,$0.88B,$-0.04B,-4.10%,$-0.04B,$0.50B,-14.88%,$-0.04B,$-0.86B,5.23%,$-0.04B,$3.76B,-1.44%,$0.05B,$2.81B,2.65%,$363,$148,$215,$0,$91,$371,$-8,$-27,$-35,$-6,$-28,$-28,$-29,$-8,$-8,$70,70,$-0.41,$-0.41,$23,$0,$21,$223,$2058,$108,$1361,$11,$3538,$3761,$253,$2311,$34,$3007,$3260,$1,$-35,$-48,$502,$3761,$0,$0,$0,$0,$0,$0,$0,$0,$0,$125,$-119,$0,$-862,$0,$0,$0,$0,$-981,$936,$0,$936,$0,$0,$-67,$-17,$852,$-4,$0,$-67
5,2017-06-30,18.78,$2.63,7.15,$14.05,1.34,$4.59,4.09,$0.01,1877.76,$0.12B,$0.17B,0.72,$1.38B,$0.13B,10.33,$0.71B,$0.40B,56.92%,$0.71B,$0.08B,11.30%,$0.71B,$0.08B,11.30%,$0.71B,$0.08B,11.30%,$0.71B,$0.00B,0.42%,$0.71B,0,0.00%,$0.00B,$0.13B,0.00%,$0.00B,$-0.65B,0.00%,$0.00B,$2.06B,0.00%,$0.08B,$1.51B,5.18%,$170,$71,$99,$0,$36,$149,$21,$-25,$-4,$-1,$-3,$-3,$-3,$21,$21,$50,50,$-0.06,$-0.06,$16,$0,$0,$118,$1043,$107,$784,$10,$1943,$2061,$165,$1376,$19,$1763,$1928,$1,$-6,$-48,$133,$2061,$0,$0,$0,$0,$0,$0,$0,$0,$0,$94,$-58,$0,$0,$0,$0,$0,$0,$-58,$-7,$0,$-7,$0,$0,$-39,$-0,$-47,$-11,$0,$-39
6,2017-03-31,20.16,$3.09,6.53,$14.39,1.4,$4.95,4.08,$0.07,288.01,$0.13B,$0.16B,0.81,$1.38B,$0.16B,8.77,$0.73B,$0.41B,56.55%,$0.73B,$0.08B,11.31%,$0.73B,$0.08B,11.31%,$0.73B,$0.08B,11.31%,$0.73B,$0.02B,2.62%,$0.73B,$0.00B,0.41%,$0.00B,$0.16B,1.56%,$0.00B,$-0.63B,-0.50%,$0.00B,$2.08B,0.14%,$0.08B,$1.53B,5.23%,$170,$71,$99,$0,$36,$151,$19,$-25,$-6,$-2,$-4,$-4,$-4,$19,$19,$50,50,$-0.07,$-0.07,$27,$0,$0,$129,$1048,$106,$785,$10,$1949,$2078,$160,$1375,$14,$1761,$1921,$1,$-4,$-46,$157,$2078,$0,$0,$0,$0,$0,$0,$0,$0,$0,$52,$-29,$0,$0,$0,$0,$0,$0,$-29,$-4,$0,$-4,$0,$0,$-20,$-0,$-23,$-0,$0,$-20
7,2016-12-31,22.78,$3.48,6.54,$14.78,1.54,$5.11,4.46,$0.29,78.55,$0.13B,$0.15B,0.89,$1.38B,$0.18B,7.81,$0.74B,$0.42B,56.45%,$0.74B,$0.09B,11.69%,$0.74B,$0.09B,11.69%,$0.74B,$0.09B,11.69%,$0.74B,$0.04B,5.11%,$0.74B,$0.02B,2.02%,$0.02B,$0.18B,7.06%,$0.02B,$-0.61B,-2.57%,$0.02B,$2.09B,0.71%,$0.09B,$1.55B,5.47%,$176,$77,$99,$0,$38,$158,$17,$-17,$1,$1,$0,$0,$-0,$17,$17,$50,50,$0.00,$0.00,$27,$0,$0,$133,$1055,$106,$788,$10,$1960,$2093,$150,$1377,$15,$1766,$1917,$1,$0,$-47,$176,$2093,$15,$177,$30,$207,$5,$0,$-1,$-14,$-3,$218,$-125,$0,$17,$0,$0,$0,$0,$-108,$-9,$0,$-9,$0,$0,$-78,$-11,$-99,$11,$3,$-78
8,2016-09-30,21.07,$4.18,5.05,$15.03,1.4,$5.22,4.03,$0.38,55.46,$0.13B,$0.15B,0.85,$1.38B,$0.21B,6.51,$0.76B,$0.43B,56.88%,$0.76B,$0.09B,11.90%,$0.76B,$0.09B,11.90%,$0.76B,$0.09B,11.90%,$0.76B,$0.05B,6.22%,$0.76B,$0.02B,2.65%,$0.02B,$0.21B,8.65%,$0.02B,$-0.58B,-3.51%,$0.02B,$2.10B,0.94%,$0.09B,$1.59B,5.59%,$192,$86,$106,$0,$40,$169,$23,$-11,$12,$5,$7,$7,$7,$23,$23,$50,50,$0.14,$0.14,$33,$0,$0,$129,$1066,$107,$796,$7,$1975,$2104,$152,$1378,$16,$1741,$1893,$1,$0,$-34,$212,$2104,$0,$0,$0,$0,$0,$0,$0,$0,$0,$174,$-94,$0,$7,$0,$0,$0,$0,$-87,$-11,$0,$-11,$0,$0,$-59,$-0,$-69,$18,$0,$-59
9,2016-06-30,22.44,$4.39,5.11,$15.09,1.49,$4.99,4.5,$0.29,77.37,$0.15B,$0.16B,0.98,$1.38B,$0.22B,6.2,$0.76B,$0.44B,57.39%,$0.76B,$0.08B,10.69%,$0.76B,$0.08B,10.69%,$0.76B,$0.08B,10.69%,$0.76B,$0.04B,5.28%,$0.76B,$0.02B,1.98%,$0.02B,$0.22B,6.10%,$0.02B,$-0.57B,-2.69%,$0.02B,$2.12B,0.70%,$0.08B,$1.60B,4.97%,$187,$81,$106,$0,$39,$164,$23,$-10,$12,$12,$0,$0,$-0,$23,$23,$50,50,$-0.00,$-0.00,$25,$0,$29,$154,$1062,$107,$793,$7,$1969,$2123,$157,$1379,$17,$1743,$1900,$1,$0,$-35,$222,$2123,$0,$0,$0,$0,$0,$0,$0,$0,$0,$116,$-62,$0,$0,$0,$0,$0,$0,$-62,$-5,$0,$-5,$0,$0,$-39,$-0,$-45,$9,$0,$-39
10,2016-03-31,20.88,$4.74,4.4,$15.38,1.36,$4.54,4.6,$-0.03,0.0,$0.13B,$0.15B,0.88,$1.38B,$0.24B,5.73,$0.77B,$0.44B,57.51%,$0.77B,$0.09B,11.14%,$0.77B,$0.09B,11.14%,$0.77B,$0.09B,11.14%,$0.77B,$0.00B,0.39%,$0.77B,$-0.00B,-0.13%,$-0.00B,$0.24B,-0.38%,$-0.00B,$-0.57B,0.18%,$-0.00B,$2.13B,-0.05%,$0.09B,$1.62B,5.20%,$189,$80,$109,$0,$41,$165,$24,$-11,$13,$5,$8,$8,$8,$24,$24,$50,50,$0.15,$0.15,$24,$0,$0,$128,$1081,$106,$805,$6,$1998,$2126,$145,$1376,$17,$1741,$1886,$1,$0,$-35,$240,$2126,$0,$0,$0,$0,$0,$0,$0,$0,$0,$60,$-29,$0,$0,$0,$0,$0,$0,$-29,$-3,$0,$-3,$0,$0,$-20,$-0,$-22,$9,$0,$-20
11,2015-12-31,16.64,$4.97,3.35,$15.46,1.08,$4.32,3.85,$-0.03,0.0,$0.13B,$0.14B,0.88,$1.38B,$0.25B,5.5,$0.78B,$0.45B,57.73%,$0.78B,$0.09B,11.47%,$0.78B,$0.09B,11.47%,$0.78B,$0.09B,11.47%,$0.78B,$0.00B,0.26%,$0.78B,$-0.00B,-0.13%,$-0.00B,$0.25B,-0.35%,$-0.00B,$-0.56B,0.19%,$-0.00B,$2.14B,-0.05%,$0.09B,$1.63B,5.33%,$188,$79,$109,$0,$41,$168,$20,$-10,$10,$5,$5,$5,$5,$20,$20,$50,50,$0.10,$0.10,$16,$0,$0,$126,$1093,$106,$808,$5,$2012,$2139,$144,$1378,$16,$1744,$1888,$1,$-1,$-36,$251,$2139,$-1,$183,$59,$242,$9,$0,$-3,$0,$-23,$219,$-120,$0,$0,$0,$1,$1,$0,$-120,$-6,$0,$-6,$0,$0,$-78,$-6,$-90,$9,$3,$-78
12,2015-09-30,15.01,$5.35,2.81,$16.14,0.93,$4.27,3.52,$-0.34,0.0,$0.16B,$0.16B,1.0,$1.41B,$0.27B,5.2,$0.77B,$0.45B,58.14%,$0.77B,$0.09B,10.98%,$0.77B,$0.09B,10.98%,$0.77B,$0.09B,10.98%,$0.77B,$-0.02B,-2.58%,$0.77B,$-0.02B,-2.07%,$-0.02B,$0.27B,-5.30%,$-0.02B,$-0.54B,3.11%,$-0.02B,$2.20B,-0.72%,$0.09B,$1.68B,5.06%,$194,$83,$111,$0,$51,$180,$14,$-9,$5,$2,$3,$3,$2,$14,$14,$50,50,$0.05,$0.05,$24,$0,$0,$155,$1114,$106,$812,$0,$2048,$2203,$155,$1406,$16,$1778,$1933,$1,$0,$-31,$270,$2203,$0,$0,$0,$0,$0,$0,$0,$0,$0,$168,$-100,$0,$0,$0,$1,$1,$0,$-99,$12,$0,$12,$0,$0,$-59,$-5,$-51,$17,$0,$-59
13,2015-06-30,16.06,$5.67,2.84,$16.01,1.0,$4.40,3.65,$-0.20,0.0,$0.15B,$0.16B,0.99,$1.41B,$0.29B,4.92,$0.73B,$0.43B,59.26%,$0.73B,$0.10B,13.03%,$0.73B,$0.10B,13.03%,$0.73B,$0.10B,13.03%,$0.73B,$-0.01B,-1.78%,$0.73B,$-0.01B,-1.51%,$-0.01B,$0.29B,-4.10%,$-0.01B,$-0.53B,2.18%,$-0.01B,$2.22B,-0.51%,$0.10B,$1.69B,5.77%,$201,$86,$115,$0,$43,$173,$28,$-53,$-25,$-9,$-16,$-16,$-16,$28,$28,$50,50,$-0.32,$-0.32,$7,$0,$0,$153,$1123,$116,$815,$0,$2070,$2222,$155,$1407,$15,$1782,$1936,$1,$0,$-31,$286,$2222,$0,$0,$0,$0,$0,$0,$0,$0,$0,$96,$-65,$0,$0,$0,$1,$1,$0,$-65,$13,$0,$13,$0,$0,$-39,$-5,$-31,$0,$0,$-39
14,2015-03-31,15.31,$6.35,2.41,$15.79,0.97,$4.74,3.23,$0.36,42.52,$0.13B,$0.15B,0.86,$1.36B,$0.32B,4.24,$0.68B,$0.41B,60.68%,$0.68B,$0.09B,13.55%,$0.68B,$0.09B,13.55%,$0.68B,$0.09B,13.55%,$0.68B,$0.03B,3.98%,$0.68B,$0.02B,2.21%,$0.02B,$0.32B,6.46%,$0.02B,$-0.50B,-3.02%,$0.02B,$2.21B,0.74%,$0.09B,$1.68B,5.89%,$193,$80,$113,$0,$42,$166,$27,$-14,$12,$5,$8,$8,$8,$27,$27,$50,50,$0.15,$0.15,$9,$0,$0,$132,$1130,$115,$818,$0,$2081,$2213,$153,$1360,$15,$1740,$1893,$1,$0,$-32,$321,$2213,$0,$0,$0,$0,$0,$0,$0,$0,$0,$52,$-33,$0,$0,$0,$0,$0,$0,$-33,$3,$0,$3,$0,$0,$-20,$-0,$-17,$3,$0,$-20
15,2014-12-31,20.54,$6.57,3.13,$15.71,1.31,$4.95,4.15,$0.42,48.91,$0.13B,$0.16B,0.86,$1.34B,$0.33B,4.05,$0.64B,$0.39B,61.79%,$0.64B,$0.09B,14.31%,$0.64B,$0.09B,14.31%,$0.64B,$0.09B,14.31%,$0.64B,$0.03B,4.56%,$0.64B,$0.02B,2.36%,$0.02B,$0.33B,7.96%,$0.02B,$-0.49B,-3.02%,$0.02B,$2.21B,0.79%,$0.09B,$1.67B,6.15%,$186,$75,$111,$0,$43,$170,$16,$-28,$-12,$-1,$-11,$-11,$-10,$16,$16,$42,42,$-0.28,$-0.28,$7,$0,$0,$134,$1137,$115,$821,$4,$2078,$2212,$156,$1341,$15,$1725,$1881,$1,$0,$-32,$331,$2212,$15,$154,$28,$182,$12,$0,$-2,$2,$-12,$188,$-107,$0,$-140,$0,$-0,$-0,$0,$-247,$132,$0,$132,$0,$0,$-62,$-10,$60,$1,$4,$-62
16,2014-09-30,18.2,$3.35,5.44,$15.00,1.21,$4.48,4.07,$0.72,25.28,$0.29B,$0.12B,2.42,$1.41B,$0.14B,10.44,$0.60B,$0.37B,62.54%,$0.60B,$0.10B,16.22%,$0.60B,$0.10B,16.22%,$0.60B,$0.10B,16.22%,$0.60B,$0.05B,7.86%,$0.60B,$0.03B,4.68%,$0.03B,$0.14B,19.48%,$0.03B,$-0.50B,-5.64%,$0.03B,$1.91B,1.57%,$0.10B,$1.54B,6.92%,$149,$56,$93,$0,$33,$125,$24,$-12,$12,$4,$8,$8,$7,$24,$24,$40,40,$0.19,$0.19,$210,$0,$0,$285,$860,$114,$636,$0,$1629,$1913,$118,$1407,$12,$1661,$1779,$0,$0,$-0,$135,$1913,$0,$0,$0,$0,$0,$0,$0,$0,$0,$133,$-74,$0,$0,$0,$0,$0,$-150,$-224,$195,$0,$195,$0,$0,$-47,$-58,$90,$-1,$0,$-47
17,2014-06-30,15.88,$3.51,4.52,$15.05,1.05,$4.01,3.96,$0.82,19.37,$0.08B,$0.12B,0.71,$1.21B,$0.14B,8.53,$0.60B,$0.38B,62.67%,$0.60B,$0.10B,16.50%,$0.60B,$0.10B,16.50%,$0.60B,$0.10B,16.50%,$0.60B,$0.05B,8.33%,$0.60B,$0.03B,5.50%,$0.03B,$0.14B,23.40%,$0.03B,$-0.50B,-6.58%,$0.03B,$1.72B,1.90%,$0.10B,$1.35B,7.35%,$151,$56,$95,$0,$33,$126,$25,$-11,$15,$5,$10,$10,$10,$25,$25,$40,40,$0.24,$0.24,$5,$0,$0,$81,$867,$113,$639,$0,$1639,$1721,$115,$1208,$11,$1464,$1579,$0,$0,$-1,$142,$1721,$0,$0,$0,$0,$0,$0,$0,$0,$0,$87,$-49,$0,$0,$0,$0,$0,$0,$-49,$-5,$0,$-5,$0,$0,$-31,$-3,$-39,$-1,$0,$-31
18,2014-03-31,14.0,$3.63,3.86,$15.07,0.93,$3.35,4.18,$0.80,17.5,$0.09B,$0.12B,0.71,$1.21B,$0.15B,8.24,$0.60B,$0.38B,62.67%,$0.60B,$0.10B,16.83%,$0.60B,$0.10B,16.83%,$0.60B,$0.10B,16.83%,$0.60B,$0.05B,8.33%,$0.60B,$0.03B,5.33%,$0.03B,$0.15B,23.32%,$0.03B,$-0.50B,-6.31%,$0.03B,$1.73B,1.83%,$0.10B,$1.35B,7.51%,$150,$55,$94,$0,$33,$124,$26,$-12,$14,$5,$8,$8,$8,$26,$26,$40,40,$0.20,$0.20,$7,$0,$0,$86,$875,$113,$641,$0,$1647,$1733,$121,$1205,$10,$1466,$1587,$0,$0,$-1,$146,$1733,$0,$0,$0,$0,$0,$0,$0,$0,$0,$48,$-24,$0,$0,$0,$0,$0,$0,$-24,$-7,$0,$-7,$0,$0,$-16,$0,$-23,$1,$0,$-16
19,2013-12-31,13.47,$3.80,3.54,$15.13,0.89,$2.96,4.54,$0.76,17.72,$0.09B,$0.12B,0.75,$1.21B,$0.15B,7.96,$0.60B,$0.38B,62.79%,$0.60B,$0.10B,17.11%,$0.60B,$0.10B,17.11%,$0.60B,$0.10B,17.11%,$0.60B,$0.05B,7.97%,$0.60B,$0.03B,5.15%,$0.03B,$0.15B,23.22%,$0.03B,$-0.49B,-6.03%,$0.03B,$1.75B,1.76%,$0.10B,$1.36B,7.68%,$148,$56,$92,$0,$35,$126,$22,$-17,$6,$2,$3,$3,$3,$22,$22,$40,40,$0.08,$0.08,$6,$0,$0,$88,$885,$113,$644,$0,$1660,$1747,$118,$1212,$10,$1477,$1595,$0,$0,$-1,$152,$1747,$31,$141,$18,$160,$6,$0,$-10,$-1,$-28,$164,$-107,$0,$0,$0,$-0,$-0,$2,$-105,$-2,$0,$-2,$0,$0,$-62,$-7,$-72,$-12,$3,$-62
20,2013-09-30,11.57,$3.10,3.74,$15.65,0.74,$2.88,4.01,$0.73,15.85,$0.09B,$0.13B,0.68,$1.20B,$0.12B,9.68,$0.60B,$0.38B,63.23%,$0.60B,$0.10B,16.64%,$0.60B,$0.10B,16.64%,$0.60B,$0.10B,16.64%,$0.60B,$0.05B,7.65%,$0.60B,$0.03B,4.99%,$0.03B,$0.12B,23.17%,$0.03B,$-0.52B,-5.76%,$0.03B,$1.75B,1.70%,$0.10B,$1.33B,7.48%,$151,$56,$95,$0,$34,$125,$26,$-12,$15,$4,$10,$10,$12,$26,$26,$40,40,$0.29,$0.29,$6,$0,$0,$89,$891,$113,$646,$0,$1665,$1754,$131,$1202,$11,$1500,$1630,$0,$0,$-41,$124,$1754,$124,$0,$-3,$-3,$0,$0,$0,$0,$0,$121,$-80,$0,$0,$0,$0,$0,$2,$-78,$-7,$0,$-7,$0,$0,$-47,$0,$-54,$-12,$0,$-47
21,2013-06-30,11.43,$3.16,3.62,$15.69,0.73,$2.42,4.72,$0.43,26.59,$0.09B,$0.11B,0.75,$1.21B,$0.13B,9.59,$0.60B,$0.38B,63.39%,$0.60B,$0.08B,13.64%,$0.60B,$0.08B,13.64%,$0.60B,$0.08B,13.64%,$0.60B,$0.03B,4.49%,$0.60B,$0.02B,2.83%,$0.02B,$0.13B,12.19%,$0.02B,$-0.52B,-3.25%,$0.02B,$1.76B,0.95%,$0.08B,$1.34B,6.09%,$151,$56,$95,$0,$34,$124,$27,$-12,$15,$5,$10,$10,$9,$27,$27,$40,40,$0.22,$0.22,$4,$0,$0,$85,$896,$112,$648,$0,$1672,$1757,$113,$1214,$13,$1517,$1631,$0,$0,$-42,$127,$1757,$67,$0,$-3,$-3,$0,$0,$0,$0,$0,$64,$-53,$0,$0,$0,$0,$0,$-0,$-53,$5,$0,$5,$0,$0,$-31,$0,$-26,$-14,$0,$-31
22,2013-03-31,11.28,$3.26,3.46,$14.80,0.76,$3.12,3.62,$0.30,37.6,$0.09B,$0.13B,0.72,$1.21B,$0.13B,9.22,$0.54B,$0.34B,63.50%,$0.54B,$0.07B,12.66%,$0.54B,$0.07B,12.66%,$0.54B,$0.07B,12.66%,$0.54B,$0.02B,2.79%,$0.54B,$0.01B,2.05%,$0.01B,$0.13B,9.48%,$0.01B,$-0.52B,-2.08%,$0.01B,$1.77B,0.64%,$0.07B,$1.34B,5.18%,$152,$55,$96,$0,$33,$123,$28,$-16,$12,$6,$7,$7,$7,$28,$28,$40,40,$0.17,$0.17,$9,$0,$0,$94,$902,$111,$652,$0,$1678,$1772,$131,$1206,$11,$1510,$1641,$0,$0,$-43,$131,$1772,$38,$0,$-2,$-2,$0,$0,$0,$0,$0,$36,$-27,$0,$0,$0,$0,$0,$-0,$-28,$-2,$0,$-2,$0,$0,$-15,$0,$-18,$-9,$0,$-15
23,2012-12-31,10.0,$3.41,2.93,$14.13,0.71,$3.29,3.04,$0.19,52.61,$0.11B,$0.14B,0.76,$1.21B,$0.14B,8.88,$0.48B,$0.30B,63.39%,$0.48B,$0.05B,10.67%,$0.48B,$0.05B,10.67%,$0.48B,$0.05B,10.67%,$0.48B,$0.01B,1.26%,$0.48B,$0.01B,1.26%,$0.01B,$0.14B,6.43%,$0.01B,$-0.52B,-1.12%,$0.01B,$1.79B,0.38%,$0.05B,$1.34B,4.23%,$147,$53,$94,$0,$35,$128,$19,$-16,$4,$1,$2,$2,$2,$19,$19,$35,35,$0.02,$0.02,$18,$0,$0,$109,$908,$110,$653,$0,$1684,$1793,$144,$1208,$11,$1513,$1657,$0,$0,$-46,$136,$1793,$6,$127,$8,$135,$-2,$0,$4,$-1,$-18,$123,$-76,$0,$-385,$0,$-7,$-7,$-0,$-469,$333,$0,$333,$-1,$-1,$-54,$-20,$257,$-88,$2,$-54
24,2012-09-30,10.56,$4.10,2.57,$12.20,0.87,$4.92,2.15,$0.40,26.39,$0.12B,$0.16B,0.75,$1.20B,$0.16B,7.34,$0.40B,$0.26B,65.16%,$0.40B,$0.04B,11.03%,$0.40B,$0.04B,11.03%,$0.40B,$0.04B,11.03%,$0.40B,$0.01B,2.51%,$0.40B,$0.01B,3.01%,$0.01B,$0.16B,16.84%,$0.01B,$-0.53B,-2.22%,$0.01B,$1.80B,0.85%,$0.04B,$1.37B,3.99%,$151,$55,$96,$0,$35,$143,$8,$-12,$-4,$-3,$-1,$-1,$-1,$8,$8,$39,39,$-0.02,$-0.02,$25,$0,$0,$116,$876,$103,$694,$0,$1686,$1803,$156,$1202,$11,$1483,$1639,$0,$0,$-34,$164,$1803,$71,$0,$1,$1,$0,$0,$0,$0,$0,$72,$-50,$0,$-377,$0,$0,$0,$0,$-427,$326,$0,$326,$0,$0,$-39,$-13,$275,$-81,$0,$-39
25,2012-06-30,8.88,$1.09,8.15,$11.50,0.77,$6.48,1.37,$0.60,14.81,$0.47B,$0.10B,4.56,$1.17B,$0.03B,35.81,$0.34B,$0.22B,65.40%,$0.34B,$0.05B,14.96%,$0.34B,$0.05B,14.96%,$0.34B,$0.05B,14.96%,$0.34B,$0.02B,6.74%,$0.34B,$0.02B,5.57%,$0.02B,$0.03B,41.08%,$0.02B,$-0.55B,-3.51%,$0.02B,$1.48B,1.51%,$0.05B,$1.20B,5.12%,$87,$32,$55,$0,$19,$73,$13,$-10,$3,$1,$2,$2,$3,$13,$13,$30,30,$0.09,$0.09,$400,$7,$0,$466,$321,$99,$580,$0,$1013,$1479,$102,$1169,$7,$1345,$1447,$0,$0,$-35,$33,$1479,$49,$0,$1,$1,$0,$0,$0,$0,$0,$50,$-21,$0,$0,$0,$0,$0,$-298,$-319,$294,$0,$294,$0,$0,$-23,$-22,$248,$-21,$0,$-23
26,2012-03-31,11.55,$1.34,8.63,$11.71,0.99,$6.88,1.68,$0.69,16.73,$0.17B,$0.10B,1.73,$0.87B,$0.04B,21.81,$0.35B,$0.23B,65.13%,$0.35B,$0.05B,15.27%,$0.35B,$0.05B,15.27%,$0.35B,$0.08B,21.61%,$0.35B,$0.03B,8.36%,$0.35B,$0.02B,6.05%,$0.02B,$0.04B,38.53%,$0.02B,$-0.55B,-3.90%,$0.02B,$1.19B,1.76%,$0.05B,$0.91B,5.69%,$93,$36,$58,$0,$20,$82,$11,$-8,$3,$1,$2,$2,$2,$11,$11,$30,30,$0.06,$0.06,$98,$7,$0,$166,$327,$99,$585,$0,$1019,$1185,$96,$873,$5,$1049,$1145,$0,$0,$-36,$40,$1185,$0,$0,$0,$0,$0,$0,$0,$0,$0,$22,$-10,$0,$0,$0,$0,$0,$0,$-10,$-2,$0,$-2,$0,$0,$-12,$-5,$-19,$-7,$0,$-12
27,2011-12-31,10.97,$1.60,6.85,$11.79,0.93,$7.20,1.52,$0.88,12.46,$0.16B,$0.09B,1.9,$0.88B,$0.05B,18.32,$0.35B,$0.23B,65.33%,$0.35B,$0.06B,16.91%,$0.35B,$0.06B,16.91%,$0.35B,$0.10B,29.51%,$0.35B,$0.04B,10.89%,$0.35B,$0.03B,7.45%,$0.03B,$0.05B,41.60%,$0.03B,$-0.54B,-4.84%,$0.03B,$1.19B,2.17%,$0.06B,$0.92B,6.26%,$68,$18,$51,$0,$17,$56,$12,$-4,$8,$3,$5,$5,$8,$12,$12,$30,30,$0.26,$0.26,$106,$0,$0,$162,$338,$98,$591,$0,$1032,$1194,$85,$876,$14,$1061,$1146,$0,$0,$-38,$48,$1194,$27,$90,$14,$104,$6,$0,$2,$0,$-1,$130,$-41,$0,$0,$0,$0,$0,$0,$-41,$-0,$0,$-0,$-1,$-1,$-46,$-3,$-51,$38,$2,$-46
28,2011-09-30,10.17,$2.13,4.78,$12.66,0.8,$6.73,1.51,$0.85,11.97,$0.15B,$0.08B,2.02,$0.88B,$0.06B,13.78,$0.38B,$0.24B,62.93%,$0.38B,$0.06B,16.53%,$0.38B,$0.06B,16.53%,$0.38B,$0.13B,34.40%,$0.38B,$0.04B,10.40%,$0.38B,$0.03B,6.67%,$0.03B,$0.06B,36.50%,$0.03B,$-0.53B,-4.66%,$0.03B,$1.19B,2.08%,$0.06B,$0.94B,6.52%,$93,$34,$59,$0,$21,$77,$15,$-7,$9,$3,$6,$6,$6,$15,$15,$30,30,$0.19,$0.19,$92,$7,$0,$153,$338,$98,$596,$0,$1038,$1190,$76,$878,$21,$1051,$1127,$0,$0,$-25,$64,$1190,$0,$0,$0,$0,$0,$0,$0,$0,$0,$93,$-31,$0,$0,$0,$0,$0,$0,$-31,$-0,$0,$-0,$0,$0,$-35,$-3,$-38,$24,$0,$-35
29,2011-06-30,10.75,$2.22,4.84,$12.78,0.84,$6.25,1.72,$1.06,10.14,$0.14B,$0.07B,1.97,$0.88B,$0.07B,13.24,$0.38B,$0.24B,62.43%,$0.38B,$0.06B,16.67%,$0.38B,$0.06B,16.67%,$0.38B,$0.15B,40.21%,$0.38B,$0.04B,10.85%,$0.38B,$0.03B,8.20%,$0.03B,$0.07B,43.97%,$0.03B,$-0.54B,-5.74%,$0.03B,$1.20B,2.57%,$0.06B,$0.95B,6.61%,$93,$34,$58,$0,$19,$78,$15,$-6,$9,$3,$6,$6,$5,$37,$15,$30,30,$0.18,$0.18,$82,$8,$0,$144,$344,$99,$602,$0,$1051,$1195,$73,$880,$22,$1055,$1129,$0,$0,$-28,$66,$1195,$13,$45,$1,$46,$5,$-0,$1,$-1,$2,$61,$-20,$0,$0,$0,$0,$0,$0,$-20,$-0,$0,$-0,$0,$0,$-23,$-3,$-27,$14,$1,$-23
30,2011-03-31,10.12,$2.40,4.22,$12.89,0.78,$6.03,1.68,$1.12,9.04,$0.14B,$0.07B,1.98,$0.89B,$0.07B,12.33,$0.38B,$0.24B,62.47%,$0.38B,$0.07B,17.06%,$0.38B,$0.07B,17.06%,$0.38B,$0.15B,40.42%,$0.38B,$0.04B,11.29%,$0.38B,$0.03B,8.66%,$0.03B,$0.07B,45.83%,$0.03B,$-0.54B,-6.06%,$0.03B,$1.21B,2.73%,$0.07B,$0.96B,6.81%,$95,$36,$60,$0,$21,$79,$17,$-5,$12,$5,$7,$7,$7,$39,$17,$30,30,$0.25,$0.25,$77,$9,$0,$144,$350,$99,$607,$0,$1061,$1205,$72,$885,$21,$1061,$1133,$0,$0,$-28,$72,$1205,$7,$22,$1,$23,$3,$-1,$1,$-2,$0,$31,$-10,$0,$0,$0,$0,$0,$0,$-10,$-0,$0,$-0,$0,$0,$-12,$0,$-12,$10,$1,$-12
31,2010-12-31,10.23,$2.41,4.24,$13.00,0.79,$5.75,1.78,$1.10,9.3,$0.14B,$0.08B,1.8,$0.88B,$0.07B,12.3,$0.38B,$0.24B,62.50%,$0.38B,$0.07B,17.19%,$0.38B,$0.07B,17.19%,$0.38B,$0.16B,40.36%,$0.38B,$0.04B,10.94%,$0.38B,$0.03B,8.59%,$0.03B,$0.07B,45.05%,$0.03B,$-0.54B,-6.01%,$0.03B,$1.21B,2.72%,$0.07B,$0.96B,6.92%,$94,$34,$59,$0,$22,$79,$15,$-6,$9,$2,$7,$7,$7,$38,$15,$29,29,$0.22,$0.22,$68,$8,$0,$136,$356,$99,$613,$0,$1073,$1210,$76,$884,$24,$1062,$1138,$0,$0,$-31,$72,$1210,$33,$88,$-0,$88,$0,$0,$-3,$0,$-2,$116,$-42,$0,$0,$0,$0,$0,$0,$-42,$-0,$0,$-0,$-1,$-1,$-46,$-2,$-49,$25,$2,$-46
32,2010-09-30,9.7,$2.41,4.02,$13.25,0.73,$5.77,1.68,$1.11,8.74,$0.13B,$0.08B,1.65,$0.88B,$0.07B,12.23,$0.39B,$0.25B,62.66%,$0.39B,$0.07B,17.39%,$0.39B,$0.07B,17.39%,$0.39B,$0.16B,39.90%,$0.39B,$0.04B,11.00%,$0.39B,$0.03B,8.44%,$0.03B,$0.07B,43.71%,$0.03B,$-0.55B,-5.97%,$0.03B,$1.21B,2.71%,$0.07B,$0.95B,7.12%,$96,$36,$59,$0,$22,$80,$16,$-5,$11,$-1,$12,$12,$12,$38,$16,$29,29,$0.40,$0.40,$56,$7,$0,$125,$360,$98,$619,$0,$1083,$1208,$76,$880,$27,$1060,$1136,$0,$0,$-38,$72,$1208,$26,$66,$-2,$64,$0,$-0,$-4,$-1,$-10,$80,$-32,$0,$0,$0,$0,$0,$0,$-32,$-0,$0,$-0,$0,$0,$-35,$0,$-35,$13,$2,$-35
33,2010-06-30,8.64,$2.41,3.58,$13.47,0.64,$5.89,1.47,$0.95,9.1,$0.12B,$0.07B,1.62,$0.88B,$0.07B,12.24,$0.40B,$0.25B,63.22%,$0.40B,$0.07B,17.63%,$0.40B,$0.07B,17.63%,$0.40B,$0.16B,39.80%,$0.40B,$0.04B,10.58%,$0.40B,$0.03B,7.05%,$0.03B,$0.07B,37.58%,$0.03B,$-0.55B,-5.01%,$0.03B,$1.21B,2.29%,$0.07B,$0.95B,7.33%,$96,$36,$60,$0,$21,$78,$17,$-6,$11,$4,$7,$7,$7,$39,$17,$29,29,$0.24,$0.24,$54,$8,$0,$117,$365,$98,$625,$0,$1094,$1211,$72,$880,$31,$1067,$1139,$0,$0,$-37,$72,$1211,$14,$44,$3,$46,$0,$-1,$2,$-1,$-6,$55,$-21,$0,$0,$0,$0,$0,$0,$-21,$-0,$0,$-0,$0,$0,$-23,$0,$-23,$11,$1,$-23
34,2010-03-31,9.44,$2.58,3.66,$13.66,0.69,$5.67,1.67,$0.96,9.84,$0.11B,$0.08B,1.45,$0.88B,$0.08B,11.45,$0.40B,$0.26B,63.77%,$0.40B,$0.07B,17.87%,$0.40B,$0.07B,17.87%,$0.40B,$0.16B,39.45%,$0.40B,$0.04B,10.92%,$0.40B,$0.03B,6.95%,$0.03B,$0.08B,37.58%,$0.03B,$-0.55B,-4.96%,$0.03B,$1.22B,2.29%,$0.07B,$0.96B,7.54%,$98,$36,$62,$0,$23,$80,$18,$-7,$11,$4,$7,$7,$7,$40,$18,$29,29,$0.23,$0.23,$44,$8,$0,$109,$372,$98,$631,$0,$1106,$1216,$75,$880,$28,$1064,$1139,$0,$0,$-35,$77,$1216,$7,$22,$1,$23,$-1,$-1,$-1,$-2,$-6,$24,$-11,$0,$0,$0,$1,$1,$0,$-10,$-0,$0,$-0,$0,$0,$-12,$0,$-12,$2,$1,$-12
35,2009-12-31,8.52,$2.73,3.12,$13.79,0.62,$5.55,1.54,$0.84,10.14,$0.11B,$0.08B,1.39,$0.88B,$0.08B,10.9,$0.41B,$0.26B,64.13%,$0.41B,$0.07B,17.20%,$0.41B,$0.07B,17.20%,$0.41B,$0.16B,38.57%,$0.41B,$0.04B,9.58%,$0.41B,$0.02B,5.90%,$0.02B,$0.08B,33.10%,$0.02B,$-0.56B,-4.19%,$0.02B,$1.23B,1.96%,$0.07B,$0.96B,7.35%,$101,$37,$64,$0,$25,$84,$17,$-8,$10,$2,$7,$7,$7,$39,$17,$29,29,$0.24,$0.24,$43,$7,$0,$108,$377,$99,$636,$0,$1119,$1227,$77,$880,$33,$1068,$1146,$0,$0,$-36,$81,$1227,$26,$87,$1,$88,$3,$1,$1,$0,$2,$116,$-42,$0,$0,$0,$0,$0,$0,$-42,$-1,$0,$-1,$-1,$-1,$-46,$0,$-47,$27,$2,$-46
36,2009-09-30,7.61,$2.30,3.31,$13.86,0.55,$4.52,1.68,$0.71,10.72,$0.10B,$0.07B,1.39,$0.88B,$0.07B,12.9,$0.41B,$0.26B,64.55%,$0.41B,$0.06B,15.40%,$0.41B,$0.06B,15.40%,$0.41B,$0.15B,37.16%,$0.41B,$0.03B,6.11%,$0.41B,$0.02B,4.89%,$0.02B,$0.07B,28.17%,$0.02B,$-0.57B,-3.45%,$0.02B,$1.23B,1.63%,$0.06B,$0.95B,6.62%,$102,$36,$65,$0,$26,$83,$18,$-9,$10,$2,$7,$7,$7,$40,$18,$29,29,$0.24,$0.24,$32,$7,$0,$98,$383,$98,$642,$0,$1130,$1228,$71,$880,$38,$1089,$1160,$0,$0,$-52,$68,$1228,$19,$65,$-2,$63,$0,$0,$-1,$1,$0,$82,$-31,$0,$0,$0,$0,$0,$0,$-31,$-1,$0,$-1,$-0,$-0,$-34,$0,$-35,$16,$1,$-34
37,2009-06-30,5.38,$2.42,2.22,$13.95,0.39,$3.77,1.43,$0.64,8.41,$0.08B,$0.07B,1.13,$0.88B,$0.07B,12.25,$0.41B,$0.27B,64.48%,$0.41B,$0.06B,15.09%,$0.41B,$0.06B,15.09%,$0.41B,$0.15B,36.98%,$0.41B,$0.02B,5.84%,$0.41B,$0.02B,4.38%,$0.02B,$0.07B,20.87%,$0.02B,$-0.58B,-3.15%,$0.02B,$1.22B,1.46%,$0.06B,$0.95B,6.41%,$102,$36,$66,$0,$26,$83,$19,$-6,$13,$5,$8,$8,$7,$40,$19,$29,30,$0.25,$0.25,$20,$7,$0,$83,$388,$98,$648,$0,$1141,$1224,$74,$880,$38,$1078,$1152,$0,$0,$-52,$72,$1224,$11,$43,$0,$44,$-1,$0,$-2,$2,$-7,$48,$-20,$0,$0,$0,$0,$0,$0,$-20,$-0,$0,$-0,$-0,$-0,$-23,$0,$-23,$5,$1,$-23
38,2009-03-31,4.56,$2.34,1.95,$14.11,0.32,$3.37,1.35,$0.40,11.41,$0.08B,$0.07B,1.04,$0.88B,$0.07B,12.68,$0.42B,$0.27B,64.82%,$0.42B,$0.06B,15.42%,$0.42B,$0.06B,15.42%,$0.42B,$0.16B,37.59%,$0.42B,$0.01B,2.89%,$0.42B,$0.01B,2.65%,$0.01B,$0.07B,10.73%,$0.01B,$-0.58B,-1.96%,$0.01B,$1.23B,0.88%,$0.06B,$0.95B,6.51%,$102,$36,$66,$0,$28,$86,$16,$-10,$6,$2,$4,$4,$3,$38,$16,$29,29,$0.11,$0.11,$13,$7,$0,$77,$393,$95,$654,$0,$1150,$1227,$74,$880,$47,$1084,$1157,$0,$0,$-58,$69,$1227,$4,$22,$-1,$21,$-1,$0,$-2,$1,$-5,$19,$-10,$0,$0,$0,$0,$0,$0,$-10,$-0,$0,$-0,$-0,$-0,$-11,$0,$-12,$-2,$0,$-11
39,2008-12-31,5.12,$2.55,2.01,$14.23,0.36,$3.46,1.48,$0.42,12.19,$0.08B,$0.08B,1.04,$0.88B,$0.08B,11.69,$0.42B,$0.28B,65.79%,$0.42B,$0.07B,16.51%,$0.42B,$0.07B,16.51%,$0.42B,$0.16B,38.76%,$0.42B,$0.01B,3.11%,$0.42B,$0.01B,2.87%,$0.01B,$0.08B,10.08%,$0.01B,$-0.58B,-2.17%,$0.01B,$1.24B,0.95%,$0.07B,$0.96B,6.88%,$103,$36,$67,$0,$28,$93,$10,$-14,$-4,$-1,$-3,$-3,$3,$34,$10,$29,29,$0.11,$0.11,$15,$7,$0,$79,$400,$96,$659,$0,$1163,$1242,$76,$880,$44,$1091,$1166,$0,$0,$-59,$75,$1242,$13,$93,$-4,$89,$-1,$-1,$-5,$5,$-10,$92,$-48,$0,$0,$0,$0,$0,$0,$-48,$-17,$0,$-17,$-0,$-0,$-45,$-0,$-63,$-19,$2,$-45
40,2008-09-30,6.26,$4.37,1.43,$14.03,0.45,$3.83,1.63,$0.27,23.18,$0.08B,$0.07B,1.19,$0.88B,$0.13B,6.82,$0.40B,$0.27B,66.25%,$0.40B,$0.08B,19.00%,$0.40B,$0.08B,19.00%,$0.40B,$0.16B,40.50%,$0.40B,$0.02B,3.75%,$0.40B,$0.01B,2.00%,$0.01B,$0.13B,5.76%,$0.01B,$-0.54B,-1.48%,$0.01B,$1.25B,0.63%,$0.08B,$1.01B,7.41%,$104,$38,$66,$0,$26,$87,$17,$-8,$9,$4,$5,$5,$5,$40,$17,$29,29,$0.17,$0.17,$12,$7,$0,$82,$396,$95,$672,$0,$1172,$1254,$69,$881,$14,$1056,$1125,$0,$-143,$-8,$129,$1254,$9,$69,$6,$75,$-2,$-1,$-7,$-1,$-18,$67,$-37,$0,$0,$0,$0,$0,$0,$-37,$-17,$0,$-17,$-0,$-0,$-34,$-0,$-51,$-22,$1,$-34
41,2008-06-30,6.01,$4.65,1.29,$13.56,0.44,$3.90,1.54,$0.19,31.65,$0.08B,$0.07B,1.1,$0.88B,$0.14B,6.42,$0.38B,$0.25B,67.02%,$0.38B,$0.07B,19.41%,$0.38B,$0.07B,19.41%,$0.38B,$0.15B,40.96%,$0.38B,$0.01B,2.66%,$0.38B,$0.01B,1.33%,$0.01B,$0.14B,3.82%,$0.01B,$-0.54B,-1.02%,$0.01B,$1.26B,0.42%,$0.07B,$1.02B,7.72%,$106,$36,$70,$0,$27,$85,$21,$-20,$1,$0,$0,$0,$0,$44,$21,$29,30,$0.01,$0.01,$10,$7,$0,$80,$404,$95,$676,$0,$1184,$1264,$73,$881,$14,$1054,$1127,$0,$-136,$-6,$137,$1264,$4,$46,$6,$52,$-1,$-1,$-5,$-3,$-14,$42,$-26,$0,$0,$0,$0,$0,$0,$-26,$-17,$0,$-17,$-0,$-0,$-23,$-0,$-40,$-24,$1,$-23
42,2008-03-31,5.95,$4.56,1.3,$13.05,0.46,$4.14,1.44,$0.39,15.25,$0.10B,$0.08B,1.21,$0.89B,$0.14B,6.62,$0.35B,$0.24B,67.52%,$0.35B,$0.07B,19.37%,$0.35B,$0.07B,19.37%,$0.35B,$0.14B,41.03%,$0.35B,$0.02B,4.56%,$0.35B,$0.01B,2.85%,$0.01B,$0.14B,8.06%,$0.01B,$-0.55B,-2.30%,$0.01B,$1.30B,0.92%,$0.07B,$1.03B,7.85%,$105,$34,$72,$0,$28,$85,$21,$-14,$7,$3,$4,$4,$4,$44,$21,$29,29,$0.13,$0.13,$34,$7,$0,$101,$408,$94,$682,$0,$1195,$1296,$83,$891,$35,$1078,$1161,$0,$-125,$-19,$135,$1296,$4,$23,$-2,$21,$-3,$-0,$-1,$2,$-0,$25,$-13,$0,$0,$0,$0,$0,$0,$-13,$-0,$0,$-0,$-0,$-0,$-11,$-0,$-12,$-0,$0,$-11
43,2007-12-31,7.65,$5.28,1.45,$12.66,0.6,$4.12,1.86,$0.44,17.39,$0.10B,$0.09B,1.17,$0.89B,$0.16B,5.74,$0.33B,$0.22B,67.48%,$0.33B,$0.07B,19.76%,$0.33B,$0.07B,19.76%,$0.33B,$0.14B,41.34%,$0.33B,$0.02B,5.17%,$0.33B,$0.01B,3.34%,$0.01B,$0.16B,9.36%,$0.01B,$-0.53B,-2.89%,$0.01B,$1.31B,1.12%,$0.07B,$1.05B,8.27%,$85,$28,$57,$0,$23,$68,$17,$-20,$-2,$-2,$-0,$-0,$-1,$34,$17,$26,26,$-0.05,$-0.05,$34,$6,$0,$100,$412,$94,$687,$0,$1205,$1305,$85,$892,$14,$1064,$1149,$0,$0,$-6,$155,$1305,$12,$69,$10,$79,$0,$-0,$1,$6,$-9,$82,$-33,$0,$-272,$0,$0,$0,$0,$-305,$281,$0,$281,$-0,$-0,$-40,$-9,$231,$8,$4,$-40
44,2007-09-30,7.4,$3.70,2.0,$12.26,0.6,$4.08,1.81,$0.46,16.09,$0.08B,$0.06B,1.23,$0.59B,$0.10B,6.14,$0.33B,$0.22B,67.79%,$0.33B,$0.05B,16.26%,$0.33B,$0.05B,16.26%,$0.33B,$0.12B,38.04%,$0.33B,$0.02B,4.60%,$0.33B,$0.01B,3.37%,$0.01B,$0.10B,10.23%,$0.01B,$-0.33B,-3.35%,$0.01B,$0.86B,1.25%,$0.05B,$0.69B,7.56%,$80,$28,$53,$0,$22,$66,$14,$-10,$4,$2,$2,$2,$2,$32,$14,$26,26,$0.09,$0.09,$24,$5,$0,$76,$299,$41,$431,$0,$786,$862,$62,$594,$3,$703,$765,$0,$-105,$-1,$97,$862,$12,$52,$1,$53,$-6,$-0,$-4,$-0,$-13,$53,$-25,$0,$0,$0,$0,$0,$0,$-25,$0,$0,$0,$0,$0,$-30,$-0,$-30,$-2,$3,$-30
45,2007-06-30,8.37,$4.15,2.02,$12.14,0.69,$4.30,1.95,$0.44,19.03,$0.08B,$0.06B,1.31,$0.59B,$0.11B,5.47,$0.33B,$0.22B,68.71%,$0.33B,$0.05B,16.56%,$0.33B,$0.05B,16.56%,$0.33B,$0.13B,38.34%,$0.33B,$0.02B,5.21%,$0.33B,$0.01B,3.37%,$0.01B,$0.11B,9.61%,$0.01B,$-0.33B,-3.35%,$0.01B,$0.88B,1.24%,$0.05B,$0.70B,7.62%,$81,$26,$55,$0,$22,$65,$16,$-10,$7,$1,$5,$5,$5,$34,$16,$26,26,$0.21,$0.21,$27,$4,$0,$76,$304,$40,$434,$0,$801,$877,$58,$594,$1,$710,$768,$0,$-97,$4,$109,$877,$10,$35,$4,$39,$-2,$0,$-1,$-3,$-12,$37,$-17,$0,$0,$0,$-11,$-11,$0,$-27,$0,$0,$0,$0,$0,$-20,$-0,$-20,$-11,$2,$-20
46,2007-03-31,7.23,$4.16,1.74,$11.71,0.62,$4.06,1.78,$0.51,14.18,$0.08B,$0.06B,1.2,$0.59B,$0.11B,5.46,$0.32B,$0.22B,69.14%,$0.32B,$0.05B,16.05%,$0.32B,$0.05B,16.05%,$0.32B,$0.12B,37.96%,$0.32B,$0.02B,4.63%,$0.32B,$0.01B,4.32%,$0.01B,$0.11B,10.33%,$0.01B,$-0.33B,-4.48%,$0.01B,$0.88B,1.55%,$0.05B,$0.70B,7.22%,$83,$26,$57,$0,$22,$65,$18,$-10,$8,$4,$5,$5,$5,$36,$18,$26,26,$0.18,$0.18,$26,$4,$0,$77,$309,$41,$437,$0,$805,$881,$64,$594,$2,$709,$773,$0,$-93,$1,$109,$881,$5,$17,$0,$18,$-2,$0,$-3,$-1,$-4,$18,$-8,$0,$0,$0,$0,$0,$0,$-8,$0,$0,$0,$0,$0,$-10,$-0,$-10,$-1,$1,$-10
47,2006-12-31,7.46,$4.42,1.69,$11.19,0.67,$3.88,1.92,$0.33,22.59,$0.07B,$0.07B,1.13,$0.59B,$0.12B,5.17,$0.32B,$0.22B,69.38%,$0.32B,$0.05B,15.31%,$0.32B,$0.05B,15.31%,$0.32B,$0.12B,37.50%,$0.32B,$0.01B,4.06%,$0.32B,$0.01B,4.06%,$0.01B,$0.12B,8.29%,$0.01B,$-0.33B,-4.38%,$0.01B,$0.89B,1.42%,$0.05B,$0.71B,6.70%,$82,$25,$56,$0,$24,$77,$5,$-9,$-4,$-3,$-1,$-1,$-1,$22,$5,$28,28,$0.00,$0.00,$27,$4,$0,$74,$314,$40,$441,$0,$815,$890,$66,$594,$1,$709,$775,$0,$-87,$2,$115,$890,$13,$71,$1,$72,$1,$-1,$-1,$-3,$-1,$85,$-33,$0,$0,$0,$6,$6,$0,$-27,$39,$0,$39,$-57,$-57,$-45,$-0,$-63,$-5,$2,$-45
