,Date,Stock Price,Book Value per Share,Price to Book Ratio,TTM Sales per Share,Price to Sales Ratio,TTM FCF per Share,Price to FCF Ratio,TTM Net EPS,PE Ratio,Current Assets,Current Liabilities,Current Ratio,Long Term Debt,Shareholder's Equity_x,Debt to Equity Ratio,TTM Revenue_x,TTM Gross Profit,Gross Margin,TTM Revenue_y,TTM Operating Income,Operating Margin,TTM Revenue_x,TTM EBIT,EBIT Margin,TTM Revenue_y,TTM EBITDA,EBITDA Margin,TTM Revenue_x,TTM Pre-Tax Income,Pre-Tax Margin,TTM Revenue_y,TTM Net Income_x,Net Margin,TTM Net Income_y,Shareholder's Equity_y,Return on Equity,TTM Net Income_x,Tangible Equity,Return on Tangible Equity,TTM Net Income_y,Total Assets,Return on Assets,TTM Net Income,LT Investments & Debt,Return on Investment,revenue,cost-goods-sold,gross-profit,research-development-expenses,selling-general-administrative-expenses,operating-expenses,operating-income,total-non-operating-income-expense,pre-tax-income,total-provision-income-taxes,income-after-taxes,income-from-continuous-operations,net-income,ebitda,ebit,basic-shares-outstanding,shares-outstanding,eps-basic-net-earnings-per-share,eps-earnings-per-share-diluted,cash-on-hand,inventory,other-current-assets,total-current-assets,net-property-plant-equipment,long-term-investments,goodwill-intangible-assets-total,other-long-term-assets,total-long-term-assets,total-assets,total-current-liabilities,long-term-debt,other-non-current-liabilities,total-long-term-liabilities,total-liabilities,common-stock-net,retained-earnings-accumulated-deficit,comprehensive-income,total-share-holder-equity,total-liabilities-share-holders-equity,net-income-loss,total-depreciation-amortization-cash-flow,other-non-cash-items,total-non-cash-items,change-in-accounts-receivable,change-in-inventories,change-in-accounts-payable,change-in-assets-liabilities,total-change-in-assets-liabilities,cash-flow-from-operating-activities,net-change-in-property-plant-equipment,net-change-in-intangible-assets,net-acquisitions-divestitures,net-change-in-short-term-investments,net-change-in-long-term-investments,net-change-in-investments-total,investing-activities-other,cash-flow-from-investing-activities,net-long-term-debt,net-current-debt,debt-issuance-retirement-net-total,net-common-equity-issued-repurchased,net-total-equity-issued-repurchased,total-common-preferred-stock-dividends-paid,financial-activities-other,cash-flow-from-financial-activities,net-cash-flow,stock-based-compensation,common-stock-dividends-paid
0,2018-09-30,38.89,$19.58,1.99,$102.39,0.38,$5.09,7.63,$2.38,16.34,$0.62B,$0.21B,2.95,$0.00B,$0.52B,0.0,$2.75B,$0.40B,14.64%,$2.75B,$0.08B,2.94%,$2.75B,$0.08B,2.94%,$2.75B,$0.10B,3.45%,$2.75B,$0.08B,2.98%,$2.75B,$0.06B,2.32%,$0.06B,$0.52B,12.76%,$0.06B,$0.44B,15.31%,$0.06B,$0.75B,8.58%,$0.08B,$0.52B,16.14%,$659,$558,$100,$0,$81,$640,$19,$0,$19,$5,$14,$14,$14,$23,$19,$27,27,$0.52,$0.51,$102,$105,$0,$617,$48,$0,$84,$1,$133,$750,$209,$0,$2,$18,$227,$0,$428,$0,$523,$750,$43,$10,$3,$13,$64,$-9,$-29,$1,$25,$81,$-16,$0,$0,$0,$0,$0,$0,$-16,$0,$0,$0,$-4,$-4,$-9,$-0,$-13,$52,$1,$-9
1,2018-06-30,33.2,$19.09,1.74,$105.02,0.32,$3.41,9.72,$2.36,14.07,$0.65B,$0.25B,2.56,$0.00B,$0.51B,0.0,$2.82B,$0.40B,14.13%,$2.82B,$0.08B,2.98%,$2.82B,$0.08B,2.98%,$2.82B,$0.10B,3.44%,$2.82B,$0.09B,3.01%,$2.82B,$0.06B,2.23%,$0.06B,$0.51B,12.90%,$0.06B,$0.43B,15.58%,$0.06B,$0.78B,8.62%,$0.08B,$0.51B,17.20%,$707,$599,$107,$0,$83,$682,$25,$0,$25,$7,$18,$18,$18,$28,$25,$27,27,$0.68,$0.68,$69,$107,$0,$647,$46,$0,$84,$2,$134,$781,$253,$0,$2,$18,$271,$0,$414,$0,$510,$781,$30,$7,$2,$8,$1,$-12,$6,$0,$4,$42,$-10,$0,$0,$0,$0,$0,$0,$-10,$0,$0,$0,$-4,$-4,$-9,$0,$-13,$19,$0,$-9
2,2018-03-31,25.0,$18.44,1.36,$106.55,0.23,$1.70,14.66,$2.19,11.42,$0.57B,$0.19B,2.95,$0.00B,$0.49B,0.0,$2.87B,$0.39B,13.68%,$2.87B,$0.08B,2.83%,$2.87B,$0.08B,2.83%,$2.87B,$0.09B,3.28%,$2.87B,$0.08B,2.86%,$2.87B,$0.06B,2.06%,$0.06B,$0.49B,12.41%,$0.06B,$0.41B,15.10%,$0.06B,$0.70B,8.26%,$0.08B,$0.49B,17.04%,$625,$529,$96,$0,$81,$609,$15,$0,$16,$4,$11,$11,$11,$19,$15,$27,27,$0.42,$0.42,$71,$86,$0,$572,$44,$0,$84,$2,$132,$704,$194,$0,$2,$18,$212,$0,$396,$0,$492,$704,$11,$3,$1,$4,$57,$10,$-43,$1,$22,$37,$-5,$0,$0,$0,$0,$0,$0,$-5,$0,$1,$1,$-3,$-3,$-9,$0,$-11,$21,$0,$-9
3,2017-12-31,26.21,$17.96,1.46,$108.30,0.24,$1.40,18.75,$2.05,12.79,$0.62B,$0.25B,2.48,$0.00B,$0.48B,0.0,$2.91B,$0.38B,13.15%,$2.91B,$0.08B,2.64%,$2.91B,$0.08B,2.64%,$2.91B,$0.09B,3.06%,$2.91B,$0.08B,2.64%,$2.91B,$0.06B,1.89%,$0.06B,$0.48B,11.88%,$0.06B,$0.40B,14.55%,$0.06B,$0.75B,7.78%,$0.08B,$0.48B,16.63%,$762,$663,$100,$0,$78,$740,$22,$0,$22,$1,$21,$21,$21,$25,$22,$27,27,$0.77,$0.76,$50,$107,$0,$616,$41,$0,$85,$6,$132,$748,$248,$0,$2,$18,$266,$0,$384,$0,$482,$748,$55,$12,$-1,$10,$-39,$-16,$16,$-6,$-46,$19,$-12,$0,$0,$0,$0,$0,$0,$-12,$0,$0,$0,$3,$3,$-9,$-1,$-7,$1,$1,$-9
4,2017-09-30,27.83,$17.52,1.59,$107.48,0.26,$1.93,14.41,$1.77,15.72,$0.56B,$0.20B,2.81,$0.00B,$0.47B,0.0,$2.89B,$0.38B,13.20%,$2.89B,$0.08B,2.67%,$2.89B,$0.08B,2.67%,$2.89B,$0.09B,3.08%,$2.89B,$0.08B,2.67%,$2.89B,$0.05B,1.63%,$0.05B,$0.47B,10.43%,$0.05B,$0.39B,12.87%,$0.05B,$0.69B,6.79%,$0.08B,$0.47B,17.08%,$729,$633,$96,$0,$74,$707,$22,$-0,$22,$9,$13,$13,$13,$25,$22,$27,27,$0.49,$0.49,$62,$107,$0,$561,$40,$0,$85,$5,$130,$692,$200,$0,$2,$22,$222,$0,$372,$0,$470,$692,$34,$9,$2,$10,$28,$-16,$-13,$-6,$-16,$28,$-8,$0,$0,$0,$0,$0,$0,$-8,$0,$0,$0,$1,$1,$-9,$1,$-7,$13,$1,$-9
5,2017-06-30,26.72,$17.07,1.57,$106.87,0.25,$2.33,11.45,$1.79,14.93,$0.58B,$0.23B,2.49,$0.00B,$0.46B,0.0,$2.87B,$0.38B,13.33%,$2.87B,$0.08B,2.69%,$2.87B,$0.08B,2.69%,$2.87B,$0.09B,3.11%,$2.87B,$0.08B,2.69%,$2.87B,$0.05B,1.68%,$0.05B,$0.46B,10.90%,$0.05B,$0.37B,13.47%,$0.05B,$0.71B,7.05%,$0.08B,$0.46B,17.48%,$750,$650,$100,$0,$77,$727,$22,$0,$22,$9,$14,$14,$14,$25,$22,$27,27,$0.51,$0.51,$28,$118,$0,$583,$40,$0,$85,$5,$130,$713,$234,$0,$2,$22,$256,$0,$359,$0,$457,$713,$21,$6,$1,$7,$-15,$-28,$9,$-7,$-38,$-10,$-5,$0,$0,$0,$0,$0,$0,$-5,$0,$0,$0,$2,$2,$-9,$0,$-7,$-21,$0,$-9
6,2017-03-31,29.41,$16.54,1.78,$104.32,0.28,$3.28,8.95,$1.75,16.81,$0.55B,$0.21B,2.6,$0.00B,$0.44B,0.0,$2.79B,$0.38B,13.47%,$2.79B,$0.08B,2.72%,$2.79B,$0.08B,2.72%,$2.79B,$0.09B,3.12%,$2.79B,$0.08B,2.72%,$2.79B,$0.05B,1.65%,$0.05B,$0.44B,10.70%,$0.05B,$0.36B,13.26%,$0.05B,$0.68B,6.87%,$0.08B,$0.44B,17.67%,$671,$584,$87,$0,$75,$659,$11,$0,$11,$4,$7,$7,$7,$14,$11,$27,27,$0.28,$0.28,$66,$100,$0,$551,$39,$0,$86,$1,$126,$676,$212,$0,$3,$22,$234,$0,$345,$0,$443,$676,$7,$3,$1,$4,$33,$-9,$-6,$1,$14,$25,$-1,$0,$0,$0,$0,$0,$0,$-1,$0,$0,$0,$2,$2,$-9,$0,$-7,$17,$0,$-9
7,2016-12-31,27.73,$16.29,1.7,$100.82,0.28,$3.20,8.68,$1.81,15.32,$0.56B,$0.23B,2.43,$0.00B,$0.43B,0.0,$2.69B,$0.37B,13.78%,$2.69B,$0.08B,2.97%,$2.69B,$0.08B,2.97%,$2.69B,$0.09B,3.38%,$2.69B,$0.08B,2.97%,$2.69B,$0.05B,1.78%,$0.05B,$0.43B,11.44%,$0.05B,$0.35B,13.91%,$0.05B,$0.69B,7.46%,$0.08B,$0.43B,19.06%,$736,$637,$98,$0,$76,$714,$22,$-0,$22,$9,$13,$13,$13,$25,$22,$27,27,$0.49,$0.48,$49,$91,$0,$559,$39,$0,$86,$1,$127,$686,$230,$0,$3,$22,$253,$0,$338,$0,$433,$686,$48,$10,$4,$15,$-34,$12,$-3,$-2,$-29,$34,$-12,$0,$-43,$0,$0,$0,$0,$-55,$0,$0,$0,$1,$1,$-11,$-0,$-10,$-31,$1,$-11
8,2016-09-30,25.77,$16.14,1.6,$99.00,0.26,$3.08,8.37,$1.83,14.08,$0.53B,$0.20B,2.63,$0.00B,$0.43B,0.0,$2.64B,$0.37B,13.83%,$2.64B,$0.08B,3.07%,$2.64B,$0.08B,3.07%,$2.64B,$0.09B,3.45%,$2.64B,$0.08B,3.07%,$2.64B,$0.05B,1.86%,$0.05B,$0.43B,11.97%,$0.05B,$0.35B,14.28%,$0.05B,$0.65B,7.76%,$0.08B,$0.43B,19.78%,$708,$612,$97,$0,$75,$686,$22,$-0,$22,$9,$14,$14,$14,$25,$22,$27,27,$0.51,$0.51,$67,$102,$0,$533,$34,$0,$80,$1,$115,$648,$203,$0,$2,$16,$219,$0,$334,$0,$429,$648,$35,$8,$1,$8,$20,$1,$-21,$0,$-4,$40,$-9,$0,$-34,$0,$0,$0,$0,$-43,$0,$0,$0,$0,$0,$-11,$-0,$-10,$-13,$1,$-11
9,2016-06-30,23.21,$15.64,1.48,$98.08,0.24,$2.49,9.32,$1.81,12.83,$0.56B,$0.24B,2.33,$0.00B,$0.42B,0.0,$2.61B,$0.36B,13.66%,$2.61B,$0.08B,3.10%,$2.61B,$0.08B,3.10%,$2.61B,$0.09B,3.44%,$2.61B,$0.08B,3.10%,$2.61B,$0.05B,1.84%,$0.05B,$0.42B,12.02%,$0.05B,$0.34B,14.12%,$0.05B,$0.67B,7.71%,$0.08B,$0.42B,20.28%,$676,$582,$94,$0,$73,$655,$21,$-0,$21,$9,$12,$12,$12,$23,$21,$27,27,$0.47,$0.47,$47,$112,$0,$555,$34,$0,$80,$1,$115,$670,$239,$0,$3,$17,$255,$0,$320,$0,$415,$670,$22,$5,$1,$6,$-10,$-10,$10,$-1,$-10,$17,$-6,$0,$-34,$0,$0,$0,$0,$-40,$0,$0,$0,$0,$0,$-11,$-0,$-10,$-33,$1,$-11
10,2016-03-31,25.17,$15.16,1.66,$96.32,0.26,$2.47,10.18,$1.78,14.14,$0.48B,$0.15B,3.18,$0.00B,$0.40B,0.0,$2.57B,$0.35B,13.49%,$2.57B,$0.08B,3.12%,$2.57B,$0.08B,3.12%,$2.57B,$0.09B,3.47%,$2.57B,$0.08B,3.12%,$2.57B,$0.05B,1.87%,$0.05B,$0.40B,12.32%,$0.05B,$0.35B,14.24%,$0.05B,$0.57B,7.93%,$0.08B,$0.40B,20.53%,$572,$490,$82,$0,$67,$557,$15,$-0,$15,$6,$9,$9,$9,$18,$15,$26,27,$0.34,$0.34,$91,$97,$0,$484,$32,$0,$53,$1,$86,$570,$152,$0,$3,$17,$169,$0,$308,$0,$402,$570,$9,$2,$0,$3,$68,$5,$-52,$-2,$12,$23,$-2,$0,$0,$0,$0,$0,$0,$-2,$0,$0,$0,$0,$0,$-11,$-0,$-11,$11,$0,$-11
11,2015-12-31,22.08,$14.81,1.49,$96.72,0.23,$2.38,9.27,$1.76,12.55,$0.55B,$0.22B,2.49,$0.00B,$0.39B,0.0,$2.57B,$0.34B,13.29%,$2.57B,$0.08B,3.07%,$2.57B,$0.08B,3.07%,$2.57B,$0.09B,3.38%,$2.57B,$0.08B,3.07%,$2.57B,$0.05B,1.86%,$0.05B,$0.39B,12.63%,$0.05B,$0.34B,14.67%,$0.05B,$0.64B,8.05%,$0.08B,$0.39B,20.79%,$684,$592,$92,$0,$69,$661,$23,$-0,$23,$9,$14,$14,$14,$25,$23,$26,27,$0.51,$0.51,$80,$103,$0,$553,$32,$0,$53,$1,$86,$639,$222,$0,$3,$25,$247,$0,$299,$0,$392,$639,$47,$9,$4,$13,$-64,$-12,$41,$-1,$-29,$31,$-12,$-0,$0,$0,$0,$0,$0,$-13,$0,$0,$0,$1,$1,$0,$-0,$1,$19,$1,$0
12,2015-09-30,19.86,$14.70,1.35,$94.80,0.21,$2.74,7.26,$1.70,11.68,$0.52B,$0.20B,2.62,$0.00B,$0.39B,0.0,$2.52B,$0.33B,13.21%,$2.52B,$0.08B,3.01%,$2.52B,$0.08B,3.01%,$2.52B,$0.08B,3.33%,$2.52B,$0.08B,3.01%,$2.52B,$0.05B,1.82%,$0.05B,$0.39B,12.42%,$0.05B,$0.34B,14.49%,$0.05B,$0.61B,8.05%,$0.08B,$0.39B,20.51%,$681,$592,$89,$0,$67,$659,$22,$-0,$22,$9,$13,$13,$13,$24,$22,$26,27,$0.49,$0.49,$77,$103,$0,$524,$32,$0,$53,$1,$86,$610,$200,$0,$3,$22,$221,$0,$296,$0,$389,$610,$33,$7,$1,$8,$-39,$-12,$36,$-0,$-16,$25,$-10,$0,$0,$0,$0,$0,$0,$-10,$0,$0,$0,$1,$1,$0,$-0,$1,$16,$1,$0
13,2015-06-30,23.7,$14.22,1.67,$93.34,0.25,$3.04,7.79,$1.67,14.19,$0.52B,$0.21B,2.52,$0.00B,$0.38B,0.0,$2.48B,$0.33B,13.23%,$2.48B,$0.07B,2.98%,$2.48B,$0.07B,2.98%,$2.48B,$0.08B,3.35%,$2.48B,$0.07B,2.98%,$2.48B,$0.05B,1.81%,$0.05B,$0.38B,12.46%,$0.05B,$0.32B,14.61%,$0.05B,$0.60B,8.19%,$0.07B,$0.38B,20.48%,$628,$545,$83,$0,$63,$608,$20,$-0,$20,$8,$12,$12,$12,$22,$20,$26,27,$0.44,$0.44,$72,$99,$0,$519,$30,$0,$53,$1,$84,$603,$206,$0,$2,$21,$227,$0,$283,$0,$376,$603,$20,$4,$1,$6,$-41,$-8,$37,$-2,$-9,$16,$-6,$0,$0,$0,$0,$0,$0,$-6,$0,$0,$0,$1,$1,$0,$0,$1,$12,$0,$0
14,2015-03-31,25.0,$13.77,1.82,$93.67,0.27,$3.30,7.58,$1.66,15.06,$0.45B,$0.15B,3.02,$0.00B,$0.36B,0.0,$2.49B,$0.33B,13.24%,$2.49B,$0.07B,2.94%,$2.49B,$0.07B,2.94%,$2.49B,$0.08B,3.30%,$2.49B,$0.07B,2.94%,$2.49B,$0.04B,1.77%,$0.04B,$0.36B,12.50%,$0.04B,$0.31B,14.73%,$0.04B,$0.53B,8.22%,$0.07B,$0.36B,20.74%,$581,$504,$78,$0,$63,$567,$14,$0,$14,$6,$9,$9,$9,$16,$14,$26,27,$0.33,$0.32,$80,$71,$0,$452,$28,$0,$53,$1,$82,$534,$150,$0,$2,$21,$171,$0,$271,$0,$363,$534,$9,$2,$1,$3,$7,$20,$-9,$-3,$9,$21,$-2,$0,$0,$0,$0,$0,$0,$-2,$0,$0,$0,$0,$0,$0,$0,$0,$19,$0,$0
15,2014-12-31,23.52,$13.44,1.75,$92.95,0.25,$3.43,6.86,$1.61,14.61,$0.46B,$0.17B,2.78,$0.00B,$0.35B,0.0,$2.46B,$0.32B,13.15%,$2.46B,$0.07B,2.88%,$2.46B,$0.07B,2.88%,$2.46B,$0.08B,3.25%,$2.46B,$0.07B,2.88%,$2.46B,$0.04B,1.70%,$0.04B,$0.35B,12.24%,$0.04B,$0.30B,14.51%,$0.04B,$0.54B,8.01%,$0.07B,$0.35B,20.70%,$631,$548,$83,$0,$63,$611,$20,$-0,$20,$8,$12,$12,$12,$22,$20,$26,27,$0.46,$0.45,$61,$91,$0,$458,$28,$0,$53,$1,$82,$540,$165,$0,$2,$21,$186,$0,$263,$0,$354,$540,$43,$8,$3,$11,$-11,$-12,$0,$2,$-18,$35,$-8,$0,$0,$0,$0,$0,$0,$-8,$0,$0,$0,$1,$1,$-11,$-0,$-9,$18,$1,$-11
16,2014-09-30,20.22,$13.37,1.51,$91.08,0.22,$2.84,7.13,$1.53,13.21,$0.44B,$0.15B,2.92,$0.00B,$0.35B,0.0,$2.41B,$0.32B,13.14%,$2.41B,$0.07B,2.78%,$2.41B,$0.07B,2.78%,$2.41B,$0.08B,3.15%,$2.41B,$0.07B,2.78%,$2.41B,$0.04B,1.66%,$0.04B,$0.35B,11.96%,$0.04B,$0.30B,14.25%,$0.04B,$0.52B,7.77%,$0.07B,$0.35B,20.03%,$640,$556,$84,$0,$63,$619,$20,$-0,$20,$8,$12,$12,$12,$23,$20,$26,27,$0.46,$0.46,$66,$83,$0,$439,$28,$0,$53,$1,$82,$521,$150,$0,$2,$19,$169,$0,$261,$0,$352,$521,$31,$6,$1,$7,$8,$-3,$-15,$-2,$-9,$29,$-6,$0,$0,$0,$0,$0,$0,$-6,$0,$0,$0,$1,$1,$0,$-0,$1,$24,$1,$0
17,2014-06-30,19.47,$12.94,1.51,$88.95,0.22,$3.34,5.84,$1.47,13.25,$0.47B,$0.19B,2.46,$0.00B,$0.34B,0.0,$2.35B,$0.31B,13.18%,$2.35B,$0.07B,2.76%,$2.35B,$0.07B,2.76%,$2.35B,$0.07B,3.06%,$2.35B,$0.06B,2.72%,$2.35B,$0.04B,1.66%,$0.04B,$0.34B,11.94%,$0.04B,$0.29B,14.31%,$0.04B,$0.55B,7.67%,$0.07B,$0.34B,19.91%,$633,$549,$84,$0,$65,$614,$19,$-0,$19,$8,$11,$11,$11,$21,$19,$26,26,$0.44,$0.43,$60,$97,$0,$465,$28,$0,$54,$1,$82,$547,$189,$0,$3,$19,$207,$0,$249,$0,$339,$547,$19,$4,$1,$5,$-13,$-18,$28,$2,$-2,$21,$-3,$0,$0,$0,$0,$0,$0,$-3,$0,$0,$0,$0,$0,$0,$0,$0,$18,$0,$0
18,2014-03-31,19.13,$12.48,1.53,$86.17,0.22,$3.54,5.4,$1.39,13.76,$0.41B,$0.14B,2.83,$0.00B,$0.33B,0.0,$2.28B,$0.30B,13.18%,$2.28B,$0.06B,2.68%,$2.28B,$0.06B,2.68%,$2.28B,$0.07B,2.99%,$2.28B,$0.06B,2.64%,$2.28B,$0.04B,1.63%,$0.04B,$0.33B,11.60%,$0.04B,$0.27B,13.99%,$0.04B,$0.49B,7.49%,$0.06B,$0.33B,19.12%,$560,$487,$73,$0,$61,$548,$12,$-0,$12,$5,$7,$7,$7,$14,$12,$26,26,$0.27,$0.27,$65,$71,$0,$409,$27,$0,$54,$1,$82,$490,$144,$0,$3,$19,$163,$0,$238,$0,$327,$490,$7,$2,$0,$2,$22,$8,$-15,$2,$14,$24,$-1,$0,$0,$0,$0,$0,$0,$-1,$0,$0,$0,$0,$0,$0,$0,$0,$22,$0,$0
19,2013-12-31,23.4,$12.21,1.92,$84.27,0.28,$3.36,6.97,$1.35,17.33,$0.42B,$0.16B,2.58,$0.00B,$0.32B,0.0,$2.22B,$0.29B,13.24%,$2.22B,$0.06B,2.66%,$2.22B,$0.06B,2.66%,$2.22B,$0.07B,2.97%,$2.22B,$0.06B,2.61%,$2.22B,$0.04B,1.62%,$0.04B,$0.32B,11.54%,$0.04B,$0.27B,13.99%,$0.04B,$0.50B,7.45%,$0.06B,$0.32B,18.91%,$579,$503,$76,$0,$59,$562,$16,$-0,$16,$7,$10,$10,$10,$18,$16,$26,26,$0.39,$0.37,$43,$79,$0,$418,$28,$0,$54,$1,$82,$501,$162,$0,$3,$19,$181,$0,$230,$0,$320,$501,$36,$7,$6,$13,$-17,$-10,$-1,$-3,$-29,$20,$-8,$0,$0,$0,$0,$0,$0,$-8,$-1,$0,$-1,$2,$2,$-10,$-0,$-9,$3,$1,$-10
20,2013-09-30,13.96,$12.22,1.14,$83.27,0.17,$5.17,2.7,$1.31,10.66,$0.41B,$0.16B,2.54,$0.00B,$0.32B,0.0,$2.20B,$0.29B,13.19%,$2.20B,$0.06B,2.64%,$2.20B,$0.06B,2.64%,$2.20B,$0.07B,2.96%,$2.20B,$0.06B,2.59%,$2.20B,$0.04B,1.59%,$0.04B,$0.32B,11.48%,$0.04B,$0.27B,14.01%,$0.04B,$0.50B,7.36%,$0.06B,$0.32B,19.03%,$580,$504,$77,$0,$59,$563,$18,$-0,$17,$7,$11,$11,$11,$19,$18,$26,26,$0.40,$0.40,$77,$76,$0,$414,$27,$0,$54,$1,$82,$496,$163,$0,$3,$13,$176,$0,$231,$0,$320,$496,$26,$5,$1,$6,$16,$-7,$-1,$-0,$9,$41,$-5,$0,$0,$0,$0,$0,$0,$-5,$-1,$0,$-1,$2,$2,$0,$-0,$1,$37,$1,$0
21,2013-06-30,14.3,$11.81,1.21,$82.34,0.17,$5.92,2.42,$1.28,11.17,$0.41B,$0.17B,2.43,$0.00B,$0.31B,0.0,$2.18B,$0.29B,13.08%,$2.18B,$0.06B,2.57%,$2.18B,$0.06B,2.57%,$2.18B,$0.06B,2.94%,$2.18B,$0.06B,2.57%,$2.18B,$0.03B,1.56%,$0.03B,$0.31B,11.36%,$0.03B,$0.25B,13.92%,$0.03B,$0.49B,7.21%,$0.06B,$0.31B,18.70%,$557,$483,$74,$0,$59,$542,$15,$-0,$15,$6,$9,$9,$9,$17,$15,$26,26,$0.35,$0.35,$64,$77,$0,$408,$27,$0,$55,$1,$83,$490,$168,$0,$3,$13,$181,$0,$221,$0,$309,$490,$15,$3,$1,$4,$11,$-7,$-1,$-1,$8,$27,$-4,$0,$0,$0,$0,$0,$0,$-4,$-1,$0,$-1,$2,$2,$0,$0,$2,$24,$0,$0
22,2013-03-31,15.13,$11.45,1.32,$81.67,0.19,$7.58,2.0,$1.26,12.01,$0.37B,$0.14B,2.71,$0.00B,$0.30B,0.0,$2.17B,$0.28B,13.07%,$2.17B,$0.06B,2.59%,$2.17B,$0.06B,2.59%,$2.17B,$0.06B,2.91%,$2.17B,$0.06B,2.59%,$2.17B,$0.03B,1.57%,$0.03B,$0.30B,11.56%,$0.03B,$0.24B,14.24%,$0.03B,$0.45B,7.24%,$0.06B,$0.30B,19.03%,$505,$439,$67,$0,$57,$495,$10,$-0,$10,$4,$6,$6,$6,$12,$10,$26,26,$0.23,$0.23,$59,$60,$0,$365,$27,$0,$55,$1,$82,$447,$135,$0,$3,$13,$148,$0,$211,$0,$299,$447,$6,$2,$0,$2,$31,$10,$-32,$-1,$11,$19,$-2,$0,$0,$0,$0,$0,$0,$-2,$-0,$0,$-0,$1,$1,$0,$0,$1,$19,$0,$0
23,2012-12-31,10.64,$11.25,0.95,$81.20,0.13,$8.89,1.2,$1.24,8.58,$0.39B,$0.16B,2.36,$0.00B,$0.29B,0.0,$2.16B,$0.28B,13.11%,$2.16B,$0.06B,2.55%,$2.16B,$0.06B,2.55%,$2.16B,$0.06B,2.87%,$2.16B,$0.06B,2.55%,$2.16B,$0.03B,1.53%,$0.03B,$0.29B,11.43%,$0.03B,$0.24B,14.15%,$0.03B,$0.47B,7.02%,$0.06B,$0.29B,19.01%,$556,$485,$72,$0,$57,$542,$15,$-0,$15,$6,$9,$9,$9,$17,$15,$26,27,$0.34,$0.33,$40,$70,$0,$386,$26,$0,$55,$1,$82,$468,$163,$0,$3,$14,$177,$0,$205,$0,$291,$468,$33,$7,$4,$11,$26,$8,$-5,$2,$26,$70,$-9,$0,$0,$0,$0,$0,$0,$-9,$-1,$-5,$-6,$-6,$-6,$-10,$-2,$-25,$35,$1,$-10
24,2012-09-30,10.28,$11.26,0.91,$80.91,0.13,$6.01,1.71,$1.19,8.64,$0.40B,$0.17B,2.36,$0.00B,$0.30B,0.0,$2.16B,$0.28B,12.99%,$2.16B,$0.05B,2.41%,$2.16B,$0.05B,2.41%,$2.16B,$0.06B,2.69%,$2.16B,$0.05B,2.41%,$2.16B,$0.03B,1.44%,$0.03B,$0.30B,10.90%,$0.03B,$0.24B,13.57%,$0.03B,$0.48B,6.60%,$0.05B,$0.30B,18.23%,$561,$489,$72,$0,$56,$545,$16,$-0,$16,$6,$10,$10,$10,$18,$16,$26,27,$0.37,$0.37,$54,$65,$0,$398,$25,$0,$56,$1,$82,$480,$169,$0,$3,$13,$182,$0,$206,$0,$298,$480,$24,$5,$4,$9,$23,$12,$-2,$1,$30,$64,$-7,$0,$0,$0,$0,$0,$0,$-7,$-1,$-5,$-6,$-0,$-0,$0,$-1,$-8,$49,$1,$0
25,2012-06-30,9.49,$10.88,0.87,$81.43,0.12,$4.41,2.15,$1.17,8.11,$0.40B,$0.18B,2.2,$0.00B,$0.29B,0.0,$2.17B,$0.28B,12.81%,$2.17B,$0.05B,2.40%,$2.17B,$0.05B,2.40%,$2.17B,$0.06B,2.63%,$2.17B,$0.05B,2.40%,$2.17B,$0.03B,1.38%,$0.03B,$0.29B,10.75%,$0.03B,$0.23B,13.48%,$0.03B,$0.48B,6.41%,$0.05B,$0.29B,18.59%,$543,$471,$72,$0,$57,$528,$15,$-0,$15,$6,$9,$9,$9,$16,$15,$26,27,$0.33,$0.33,$63,$75,$0,$403,$25,$0,$56,$1,$82,$484,$183,$0,$3,$13,$196,$0,$197,$0,$288,$484,$14,$3,$4,$7,$41,$3,$7,$-1,$51,$72,$-5,$0,$0,$0,$0,$0,$0,$-5,$-0,$-5,$-6,$-1,$-1,$0,$-1,$-8,$59,$1,$0
26,2012-03-31,7.34,$10.54,0.7,$80.01,0.09,$2.88,2.55,$1.12,6.56,$0.37B,$0.16B,2.36,$0.00B,$0.28B,0.0,$2.14B,$0.27B,12.75%,$2.14B,$0.05B,2.29%,$2.14B,$0.05B,2.29%,$2.14B,$0.06B,2.57%,$2.14B,$0.05B,2.29%,$2.14B,$0.03B,1.31%,$0.03B,$0.28B,10.21%,$0.03B,$0.22B,12.87%,$0.03B,$0.45B,6.06%,$0.05B,$0.28B,17.80%,$499,$432,$67,$0,$56,$490,$9,$0,$9,$4,$5,$5,$5,$11,$9,$26,27,$0.21,$0.21,$50,$63,$0,$367,$24,$0,$56,$1,$81,$448,$156,$1,$3,$14,$169,$0,$188,$0,$278,$448,$5,$2,$3,$5,$53,$15,$-19,$-2,$45,$55,$-3,$0,$0,$0,$0,$0,$0,$-3,$-0,$-5,$-6,$-2,$-2,$0,$0,$-7,$45,$1,$0
27,2011-12-31,9.91,$10.37,0.96,$78.36,0.13,$1.91,5.18,$1.08,9.18,$0.39B,$0.18B,2.15,$0.00B,$0.27B,0.0,$2.10B,$0.27B,12.60%,$2.10B,$0.05B,2.28%,$2.10B,$0.05B,2.28%,$2.10B,$0.05B,2.52%,$2.10B,$0.05B,2.28%,$2.10B,$0.03B,1.28%,$0.03B,$0.27B,9.99%,$0.03B,$0.22B,12.65%,$0.03B,$0.47B,5.90%,$0.05B,$0.28B,17.68%,$553,$484,$69,$0,$57,$541,$12,$-0,$12,$4,$7,$7,$7,$13,$12,$27,27,$0.28,$0.27,$5,$77,$0,$388,$23,$0,$56,$1,$80,$468,$181,$1,$3,$13,$194,$0,$182,$0,$274,$468,$29,$6,$6,$12,$-57,$-3,$14,$-1,$-46,$-5,$-11,$-0,$-5,$0,$0,$0,$0,$-16,$-1,$5,$4,$-3,$-3,$-11,$-0,$-9,$-31,$1,$-11
28,2011-09-30,6.87,$10.49,0.66,$78.26,0.09,$2.25,3.06,$1.06,6.49,$0.39B,$0.18B,2.17,$0.00B,$0.28B,0.0,$2.11B,$0.26B,12.29%,$2.11B,$0.05B,2.28%,$2.11B,$0.05B,2.28%,$2.11B,$0.05B,2.52%,$2.11B,$0.05B,2.28%,$2.11B,$0.03B,1.28%,$0.03B,$0.28B,10.14%,$0.03B,$0.22B,12.78%,$0.03B,$0.47B,6.05%,$0.05B,$0.28B,17.93%,$576,$505,$70,$0,$55,$560,$16,$-0,$16,$6,$9,$9,$9,$17,$16,$27,27,$0.35,$0.35,$40,$73,$0,$391,$22,$0,$57,$1,$79,$471,$180,$1,$5,$14,$194,$0,$185,$0,$276,$471,$21,$4,$4,$9,$-30,$2,$22,$2,$-8,$22,$-8,$-0,$-5,$0,$0,$0,$0,$-14,$-1,$0,$-1,$-3,$-3,$0,$-0,$-4,$4,$1,$0
29,2011-06-30,7.13,$10.13,0.7,$76.44,0.09,$1.67,4.26,$1.03,6.92,$0.38B,$0.18B,2.15,$0.00B,$0.27B,0.01,$2.06B,$0.25B,12.16%,$2.06B,$0.05B,2.23%,$2.06B,$0.05B,2.23%,$2.06B,$0.05B,2.52%,$2.06B,$0.05B,2.23%,$2.06B,$0.03B,1.31%,$0.03B,$0.27B,10.39%,$0.03B,$0.21B,13.08%,$0.03B,$0.46B,6.12%,$0.05B,$0.27B,17.59%,$513,$446,$67,$0,$54,$500,$12,$-0,$12,$5,$7,$7,$7,$14,$12,$27,27,$0.28,$0.28,$55,$75,$0,$383,$21,$0,$57,$1,$78,$461,$178,$1,$5,$14,$192,$0,$176,$0,$269,$461,$12,$3,$3,$6,$-1,$-1,$19,$-1,$15,$33,$-6,$-0,$-5,$0,$0,$0,$0,$-11,$-0,$0,$-0,$-1,$-1,$0,$0,$-2,$20,$0,$0
30,2011-03-31,7.63,$9.84,0.78,$74.99,0.1,$0.90,8.49,$0.93,8.21,$0.36B,$0.16B,2.28,$0.00B,$0.26B,0.01,$2.03B,$0.24B,11.83%,$2.03B,$0.04B,2.07%,$2.03B,$0.04B,2.07%,$2.03B,$0.05B,2.37%,$2.03B,$0.04B,2.07%,$2.03B,$0.03B,1.23%,$0.03B,$0.26B,9.88%,$0.03B,$0.21B,12.41%,$0.03B,$0.43B,5.81%,$0.04B,$0.26B,16.45%,$462,$403,$59,$0,$51,$454,$8,$0,$8,$3,$4,$4,$4,$9,$8,$27,27,$0.17,$0.17,$59,$68,$0,$355,$19,$0,$56,$1,$76,$431,$156,$2,$5,$13,$168,$0,$169,$0,$262,$431,$4,$1,$1,$3,$23,$7,$-5,$-1,$22,$29,$-2,$0,$-4,$0,$0,$0,$0,$-6,$-0,$0,$-0,$0,$0,$0,$0,$-0,$23,$0,$0
31,2010-12-31,7.63,$9.67,0.79,$72.89,0.1,$0.38,20.17,$0.85,8.98,$0.36B,$0.15B,2.35,$0.00B,$0.26B,0.01,$1.98B,$0.23B,11.65%,$1.98B,$0.04B,1.92%,$1.98B,$0.04B,1.92%,$1.98B,$0.05B,2.28%,$1.98B,$0.04B,1.92%,$1.98B,$0.02B,1.16%,$0.02B,$0.26B,9.31%,$0.02B,$0.21B,11.68%,$0.02B,$0.42B,5.50%,$0.04B,$0.26B,15.25%,$556,$492,$63,$0,$52,$544,$12,$-0,$12,$5,$7,$7,$7,$13,$12,$27,27,$0.25,$0.26,$35,$74,$0,$357,$14,$0,$50,$0,$64,$421,$152,$2,$3,$11,$163,$0,$164,$0,$258,$421,$23,$5,$5,$11,$-22,$-7,$-10,$-2,$-35,$-1,$-6,$-1,$0,$0,$0,$0,$0,$-7,$-1,$0,$-1,$-2,$-2,$0,$-0,$-3,$-11,$2,$0
32,2010-09-30,5.88,$9.11,0.65,$69.61,0.08,$0.65,9.03,$0.74,7.95,$0.39B,$0.19B,2.03,$0.00B,$0.25B,0.01,$1.88B,$0.22B,11.64%,$1.88B,$0.03B,1.75%,$1.88B,$0.03B,1.75%,$1.88B,$0.04B,2.13%,$1.88B,$0.03B,1.75%,$1.88B,$0.02B,1.06%,$0.02B,$0.25B,8.29%,$0.02B,$0.20B,10.44%,$0.02B,$0.45B,4.84%,$0.03B,$0.25B,13.54%,$533,$471,$62,$0,$48,$518,$14,$-0,$14,$6,$9,$9,$9,$16,$14,$27,27,$0.32,$0.32,$41,$81,$0,$388,$14,$0,$50,$0,$64,$452,$191,$2,$3,$11,$202,$0,$157,$0,$250,$452,$16,$4,$4,$8,$-40,$-14,$25,$-1,$-23,$1,$-2,$-1,$0,$0,$0,$0,$0,$-3,$-1,$0,$-1,$-3,$-3,$0,$0,$-4,$-6,$1,$0
33,2010-06-30,5.22,$8.84,0.59,$64.73,0.08,$1.42,3.68,$0.53,9.85,$0.35B,$0.16B,2.18,$0.00B,$0.24B,0.01,$1.75B,$0.20B,11.59%,$1.75B,$0.02B,1.37%,$1.75B,$0.02B,1.37%,$1.75B,$0.03B,1.77%,$1.75B,$0.02B,1.37%,$1.75B,$0.01B,0.80%,$0.01B,$0.24B,5.92%,$0.01B,$0.19B,7.50%,$0.01B,$0.42B,3.54%,$0.02B,$0.25B,10.03%,$478,$422,$56,$0,$48,$469,$8,$-0,$8,$3,$5,$5,$5,$10,$8,$27,27,$0.19,$0.18,$50,$67,$0,$354,$11,$0,$50,$0,$61,$416,$163,$2,$4,$11,$174,$0,$149,$0,$242,$416,$7,$3,$2,$5,$-12,$0,$3,$-1,$-5,$7,$-1,$-1,$0,$0,$0,$0,$0,$-2,$-0,$0,$-0,$-1,$-1,$0,$0,$-2,$4,$1,$0
34,2010-03-31,5.34,$8.69,0.61,$61.22,0.09,$1.97,2.71,$0.11,48.55,$0.32B,$0.14B,2.36,$0.00B,$0.24B,0.01,$1.65B,$0.19B,11.57%,$1.65B,$0.01B,0.36%,$1.65B,$0.01B,0.36%,$1.65B,$0.01B,0.79%,$1.65B,$0.01B,0.36%,$1.65B,$0.00B,0.18%,$0.00B,$0.24B,1.29%,$0.00B,$0.19B,1.64%,$0.00B,$0.39B,0.78%,$0.01B,$0.24B,2.55%,$408,$360,$49,$0,$44,$404,$4,$-0,$4,$2,$2,$2,$2,$6,$4,$27,27,$0.09,$0.09,$59,$61,$0,$323,$12,$0,$50,$0,$62,$385,$137,$3,$4,$11,$148,$0,$144,$0,$238,$385,$2,$2,$1,$3,$22,$7,$-17,$-0,$9,$14,$-1,$0,$0,$0,$0,$0,$0,$-1,$-0,$0,$-0,$-0,$-0,$0,$0,$-0,$13,$0,$0
35,2009-12-31,5.81,$8.76,0.66,$58.37,0.1,$2.28,2.55,$-0.04,0.0,$0.34B,$0.16B,2.18,$0.00B,$0.24B,0.01,$1.57B,$0.18B,11.73%,$1.57B,$-0.00B,-0.06%,$1.57B,$-0.00B,-0.06%,$1.57B,$0.01B,0.38%,$1.57B,$-0.00B,-0.06%,$1.57B,$-0.00B,-0.06%,$-0.00B,$0.24B,-0.43%,$-0.00B,$0.19B,-0.55%,$-0.00B,$0.40B,-0.27%,$-0.00B,$0.24B,-0.43%,$463,$411,$52,$0,$46,$456,$7,$-0,$7,$3,$4,$4,$4,$8,$7,$27,27,$0.14,$0.14,$46,$67,$0,$339,$12,$0,$49,$0,$62,$401,$155,$3,$4,$11,$166,$0,$141,$0,$235,$401,$-1,$7,$14,$21,$-35,$-7,$23,$1,$-14,$6,$-6,$0,$0,$0,$0,$0,$0,$-6,$-1,$0,$-1,$-0,$-0,$0,$0,$-1,$-1,$1,$0
36,2009-09-30,4.69,$8.44,0.56,$57.43,0.08,$3.57,1.31,$-0.12,0.0,$0.32B,$0.14B,2.3,$0.00B,$0.23B,0.01,$1.55B,$0.18B,11.91%,$1.55B,$-0.01B,-0.71%,$1.55B,$-0.01B,-0.71%,$1.55B,$0.01B,0.32%,$1.55B,$-0.01B,-0.71%,$1.55B,$-0.01B,-0.52%,$-0.01B,$0.23B,-3.45%,$-0.01B,$0.18B,-4.40%,$-0.01B,$0.38B,-2.16%,$-0.01B,$0.23B,-4.68%,$403,$357,$46,$0,$41,$398,$5,$-0,$5,$2,$3,$3,$3,$7,$5,$27,27,$0.11,$0.11,$66,$60,$0,$316,$13,$0,$49,$0,$63,$380,$138,$3,$4,$11,$149,$0,$137,$0,$231,$380,$-5,$5,$13,$18,$3,$1,$7,$-1,$12,$24,$-5,$0,$0,$0,$0,$0,$0,$-5,$-1,$0,$-1,$-0,$-0,$0,$0,$-1,$19,$1,$0
37,2009-06-30,4.52,$8.33,0.54,$58.97,0.08,$4.13,1.09,$-0.11,0.0,$0.31B,$0.13B,2.32,$0.00B,$0.23B,0.01,$1.58B,$0.19B,12.07%,$1.58B,$-0.01B,-0.69%,$1.58B,$-0.01B,-0.69%,$1.58B,$0.01B,0.32%,$1.58B,$-0.01B,-0.69%,$1.58B,$-0.01B,-0.51%,$-0.01B,$0.23B,-3.42%,$-0.01B,$0.18B,-4.41%,$-0.01B,$0.37B,-2.13%,$-0.01B,$0.23B,-4.64%,$377,$333,$44,$0,$42,$387,$-10,$0,$-10,$-3,$-6,$-6,$-6,$-8,$-10,$27,27,$-0.24,$-0.24,$67,$58,$0,$306,$14,$0,$50,$0,$64,$370,$132,$3,$4,$11,$143,$0,$134,$0,$228,$370,$-8,$4,$11,$14,$16,$3,$1,$-3,$19,$25,$-4,$0,$0,$0,$0,$0,$0,$-4,$-0,$0,$-0,$-0,$-0,$0,$0,$-0,$20,$1,$0
38,2009-03-31,3.27,$8.56,0.38,$61.59,0.05,$4.41,0.74,$0.32,10.23,$0.28B,$0.10B,2.66,$0.00B,$0.23B,0.02,$1.66B,$0.20B,12.33%,$1.66B,$0.01B,0.48%,$1.66B,$0.01B,0.48%,$1.66B,$0.02B,1.45%,$1.66B,$0.01B,0.48%,$1.66B,$0.00B,0.18%,$0.00B,$0.23B,1.28%,$0.00B,$0.18B,1.66%,$0.00B,$0.35B,0.79%,$0.01B,$0.24B,3.35%,$326,$285,$42,$0,$43,$329,$-3,$0,$-3,$-1,$-2,$-2,$-2,$-1,$-3,$27,27,$-0.06,$-0.06,$68,$57,$0,$277,$25,$0,$50,$0,$76,$353,$104,$3,$4,$15,$119,$0,$141,$0,$234,$353,$-2,$2,$2,$4,$45,$4,$-23,$-3,$21,$23,$-2,$0,$0,$0,$0,$0,$0,$-2,$-0,$0,$-0,$-0,$-0,$0,$0,$-0,$21,$0,$0
39,2008-12-31,4.41,$8.77,0.5,$65.14,0.07,$3.90,1.13,$0.56,7.88,$0.30B,$0.13B,2.35,$0.00B,$0.24B,0.02,$1.75B,$0.22B,12.26%,$1.75B,$0.02B,1.03%,$1.75B,$0.02B,1.03%,$1.75B,$0.03B,1.94%,$1.75B,$0.02B,1.03%,$1.75B,$0.01B,0.57%,$0.01B,$0.24B,4.28%,$0.01B,$0.19B,5.67%,$0.01B,$0.38B,2.63%,$0.02B,$0.24B,7.57%,$439,$387,$52,$0,$46,$442,$-3,$0,$-3,$-0,$-3,$-3,$-3,$7,$-3,$27,27,$-0.10,$-0.10,$47,$61,$0,$303,$24,$0,$50,$0,$75,$378,$129,$4,$4,$14,$143,$0,$142,$0,$235,$378,$10,$16,$4,$20,$14,$15,$-9,$-0,$15,$45,$-10,$0,$0,$0,$0,$0,$0,$-10,$-1,$0,$-1,$-1,$-1,$0,$0,$-2,$33,$2,$0
40,2008-09-30,5.76,$8.70,0.66,$66.93,0.09,$2.36,2.44,$0.72,8.0,$0.31B,$0.15B,2.15,$0.00B,$0.24B,0.02,$1.80B,$0.22B,12.20%,$1.80B,$0.03B,1.72%,$1.80B,$0.03B,1.72%,$1.80B,$0.04B,2.16%,$1.80B,$0.03B,1.72%,$1.80B,$0.02B,1.05%,$0.02B,$0.24B,8.23%,$0.02B,$0.18B,11.11%,$0.02B,$0.40B,4.98%,$0.03B,$0.24B,13.18%,$441,$388,$53,$0,$47,$436,$5,$0,$5,$2,$3,$3,$3,$7,$5,$27,27,$0.12,$0.12,$47,$76,$0,$314,$25,$0,$59,$0,$85,$398,$146,$4,$4,$15,$161,$0,$145,$0,$238,$398,$13,$5,$4,$9,$18,$0,$4,$-1,$21,$43,$-9,$0,$0,$0,$0,$0,$0,$-9,$-0,$0,$-0,$-1,$-1,$0,$0,$-1,$33,$1,$0
41,2008-06-30,8.02,$8.58,0.93,$67.41,0.12,$1.23,6.54,$0.88,9.11,$0.31B,$0.14B,2.17,$0.00B,$0.23B,0.02,$1.82B,$0.23B,12.37%,$1.82B,$0.04B,2.09%,$1.82B,$0.04B,2.09%,$1.82B,$0.05B,2.53%,$1.82B,$0.04B,2.09%,$1.82B,$0.02B,1.32%,$0.02B,$0.23B,10.63%,$0.02B,$0.17B,14.48%,$0.02B,$0.39B,6.39%,$0.04B,$0.24B,16.49%,$449,$393,$57,$0,$48,$441,$9,$0,$9,$4,$5,$5,$5,$11,$9,$27,27,$0.19,$0.19,$41,$65,$0,$307,$23,$0,$60,$0,$83,$390,$142,$4,$4,$15,$156,$0,$142,$0,$234,$390,$10,$4,$3,$6,$8,$11,$-0,$-0,$17,$34,$-5,$0,$0,$0,$0,$0,$0,$-5,$-0,$0,$-0,$-1,$-1,$0,$0,$-1,$27,$1,$0
42,2008-03-31,6.82,$8.38,0.81,$67.06,0.1,$0.08,84.44,$0.90,7.58,$0.27B,$0.11B,2.41,$0.00B,$0.23B,0.02,$1.81B,$0.22B,12.26%,$1.81B,$0.04B,2.10%,$1.81B,$0.04B,2.10%,$1.81B,$0.05B,2.54%,$1.81B,$0.04B,2.10%,$1.81B,$0.03B,1.38%,$0.03B,$0.23B,11.39%,$0.03B,$0.17B,15.67%,$0.03B,$0.36B,6.83%,$0.04B,$0.23B,16.89%,$424,$371,$53,$0,$45,$416,$7,$-0,$7,$3,$5,$5,$5,$9,$7,$27,27,$0.18,$0.18,$20,$66,$0,$273,$23,$0,$60,$0,$83,$356,$113,$4,$3,$15,$128,$0,$137,$0,$228,$356,$5,$2,$2,$4,$23,$10,$-25,$-1,$2,$11,$-3,$0,$0,$0,$0,$0,$0,$-3,$-0,$0,$-0,$-1,$-1,$0,$0,$-1,$7,$0,$0
43,2007-12-31,9.78,$8.33,1.17,$66.10,0.15,$-0.04,0.0,$0.85,11.5,$0.30B,$0.14B,2.09,$0.00B,$0.22B,0.02,$1.79B,$0.22B,12.27%,$1.79B,$0.04B,2.07%,$1.79B,$0.04B,2.07%,$1.79B,$0.05B,2.52%,$1.79B,$0.04B,2.07%,$1.79B,$0.02B,1.29%,$0.02B,$0.22B,10.79%,$0.02B,$0.16B,15.03%,$0.02B,$0.38B,6.40%,$0.04B,$0.23B,16.88%,$490,$432,$57,$0,$47,$480,$10,$-0,$10,$4,$6,$6,$6,$12,$10,$27,27,$0.23,$0.23,$14,$76,$0,$300,$21,$0,$60,$0,$81,$381,$143,$4,$4,$14,$157,$0,$132,$0,$224,$381,$23,$7,$2,$9,$-34,$-7,$0,$-0,$-32,$0,$-7,$0,$0,$0,$0,$0,$0,$-7,$-1,$0,$-1,$3,$3,$0,$0,$3,$-4,$1,$0
44,2007-09-30,10.77,$7.99,1.35,$64.77,0.17,$0.92,11.73,$0.79,13.63,$0.30B,$0.14B,2.05,$0.00B,$0.22B,0.02,$1.73B,$0.21B,12.39%,$1.73B,$0.04B,2.03%,$1.73B,$0.04B,2.03%,$1.73B,$0.04B,2.49%,$1.73B,$0.04B,2.03%,$1.73B,$0.02B,1.27%,$0.02B,$0.22B,10.65%,$0.02B,$0.16B,15.07%,$0.02B,$0.38B,6.27%,$0.04B,$0.22B,16.47%,$456,$399,$58,$0,$46,$445,$12,$-0,$12,$4,$8,$8,$8,$14,$12,$27,27,$0.29,$0.28,$24,$76,$0,$295,$20,$0,$60,$0,$81,$376,$144,$4,$3,$15,$159,$0,$126,$0,$217,$376,$17,$5,$2,$7,$-18,$-6,$6,$0,$-15,$9,$-5,$0,$0,$0,$0,$0,$0,$-5,$-1,$0,$-1,$3,$3,$0,$0,$2,$6,$0,$0
45,2007-06-30,11.41,$7.70,1.48,$64.05,0.18,$1.27,8.97,$0.68,16.77,$0.27B,$0.13B,2.11,$0.01B,$0.21B,0.03,$1.69B,$0.21B,12.28%,$1.69B,$0.03B,1.78%,$1.69B,$0.03B,1.78%,$1.69B,$0.04B,2.25%,$1.69B,$0.03B,1.72%,$1.69B,$0.02B,1.07%,$0.02B,$0.21B,9.08%,$0.02B,$0.15B,13.09%,$0.02B,$0.35B,5.31%,$0.03B,$0.22B,14.69%,$441,$387,$54,$0,$45,$432,$9,$0,$9,$3,$6,$6,$6,$11,$9,$27,27,$0.21,$0.21,$17,$75,$0,$271,$20,$0,$61,$0,$81,$352,$128,$7,$0,$14,$143,$0,$118,$0,$209,$352,$9,$3,$1,$4,$0,$-6,$-10,$0,$-13,$0,$-3,$0,$0,$0,$0,$0,$0,$-3,$-0,$0,$-0,$3,$3,$0,$0,$3,$-0,$-0,$0
46,2007-03-31,12.32,$7.49,1.65,$63.77,0.19,$1.40,8.78,$0.59,20.88,$0.25B,$0.11B,2.21,$0.01B,$0.20B,0.03,$1.65B,$0.20B,12.34%,$1.65B,$0.03B,1.63%,$1.65B,$0.03B,1.63%,$1.65B,$0.04B,2.12%,$1.65B,$0.03B,1.51%,$1.65B,$0.02B,0.91%,$0.02B,$0.20B,7.88%,$0.02B,$0.14B,11.63%,$0.02B,$0.33B,4.50%,$0.03B,$0.21B,13.79%,$398,$348,$50,$0,$44,$392,$6,$-0,$6,$2,$3,$3,$3,$8,$6,$27,27,$0.13,$0.13,$25,$67,$0,$248,$19,$0,$61,$0,$81,$329,$112,$7,$0,$13,$126,$0,$112,$0,$203,$329,$3,$2,$-0,$2,$24,$2,$-22,$-1,$1,$6,$-1,$0,$0,$0,$0,$0,$0,$-1,$-0,$0,$-0,$2,$2,$0,$0,$3,$7,$-0,$0
47,2006-12-31,12.77,$7.43,1.72,$64.07,0.2,$1.37,9.3,$0.53,24.1,$0.27B,$0.14B,1.92,$0.01B,$0.20B,0.03,$1.64B,$0.20B,12.23%,$1.64B,$0.03B,1.53%,$1.64B,$0.03B,1.53%,$1.64B,$0.03B,1.96%,$1.64B,$0.02B,1.35%,$1.64B,$0.01B,0.86%,$0.01B,$0.20B,7.66%,$0.01B,$0.14B,11.55%,$0.01B,$0.35B,4.26%,$0.03B,$0.20B,13.30%,$432,$380,$52,$0,$44,$424,$8,$-0,$8,$3,$5,$5,$5,$10,$8,$26,26,$0.18,$0.18,$18,$69,$0,$266,$20,$0,$61,$0,$81,$347,$139,$5,$0,$11,$150,$0,$109,$0,$197,$347,$14,$7,$5,$12,$-11,$6,$-3,$1,$0,$26,$-8,$0,$0,$0,$0,$0,$0,$-8,$-1,$-20,$-21,$10,$10,$0,$0,$-11,$8,$0,$0
