,Date,Stock Price,Book Value per Share,Price to Book Ratio,TTM Sales per Share,Price to Sales Ratio,TTM FCF per Share,Price to FCF Ratio,TTM Net EPS,PE Ratio,Current Assets,Current Liabilities,Current Ratio,Long Term Debt,Shareholder's Equity_x,Debt to Equity Ratio,TTM Revenue_x,TTM Gross Profit,Gross Margin,TTM Revenue_y,TTM Operating Income,Operating Margin,TTM Revenue_x,TTM EBIT,EBIT Margin,TTM Revenue_y,TTM EBITDA,EBITDA Margin,TTM Revenue_x,TTM Pre-Tax Income,Pre-Tax Margin,TTM Revenue_y,TTM Net Income_x,Net Margin,TTM Net Income_y,Shareholder's Equity_y,Return on Equity,TTM Net Income_x,Tangible Equity,Return on Tangible Equity,TTM Net Income_y,Total Assets,Return on Assets,TTM Net Income,LT Investments & Debt,Return on Investment,revenue,cost-goods-sold,gross-profit,research-development-expenses,selling-general-administrative-expenses,operating-expenses,operating-income,total-non-operating-income-expense,pre-tax-income,total-provision-income-taxes,income-after-taxes,income-from-continuous-operations,net-income,ebitda,ebit,basic-shares-outstanding,shares-outstanding,eps-basic-net-earnings-per-share,eps-earnings-per-share-diluted,cash-on-hand,inventory,other-current-assets,total-current-assets,net-property-plant-equipment,long-term-investments,goodwill-intangible-assets-total,other-long-term-assets,total-long-term-assets,total-assets,total-current-liabilities,long-term-debt,other-non-current-liabilities,total-long-term-liabilities,total-liabilities,common-stock-net,retained-earnings-accumulated-deficit,comprehensive-income,total-share-holder-equity,total-liabilities-share-holders-equity,net-income-loss,total-depreciation-amortization-cash-flow,other-non-cash-items,total-non-cash-items,change-in-accounts-receivable,change-in-inventories,change-in-accounts-payable,change-in-assets-liabilities,total-change-in-assets-liabilities,cash-flow-from-operating-activities,net-change-in-property-plant-equipment,net-change-in-intangible-assets,net-acquisitions-divestitures,net-change-in-short-term-investments,net-change-in-long-term-investments,net-change-in-investments-total,investing-activities-other,cash-flow-from-investing-activities,net-long-term-debt,net-current-debt,debt-issuance-retirement-net-total,net-common-equity-issued-repurchased,net-total-equity-issued-repurchased,total-common-preferred-stock-dividends-paid,financial-activities-other,cash-flow-from-financial-activities,net-cash-flow,stock-based-compensation,common-stock-dividends-paid
0,2018-06-30,9.4,$3.95,2.38,$1.30,7.21,$1.00,9.35,$0.31,30.31,$0.69B,$0.08B,8.43,$0.00B,$0.48B,0.0,$0.15B,$0.12B,80.79%,$0.15B,$0.05B,30.46%,$0.15B,$0.05B,30.46%,$0.15B,$0.05B,30.46%,$0.15B,$0.05B,33.11%,$0.15B,$0.03B,18.54%,$0.03B,$0.48B,5.92%,$0.03B,$0.46B,6.12%,$0.03B,$0.91B,3.15%,$0.05B,$0.48B,9.72%,$35,$7,$29,$0,$14,$21,$14,$-1,$14,$2,$11,$11,$0,$14,$14,$113,113,$0.09,$0.09,$668,$6,$0,$693,$83,$52,$15,$37,$218,$911,$82,$0,$57,$352,$434,$0,$180,$-14,$477,$911,$0,$0,$0,$0,$0,$0,$0,$0,$0,$0,$0,$0,$0,$0,$0,$0,$0,$0,$0,$0,$0,$0,$0,$0,$0,$0,$0,$0,$0
1,2018-03-31,10.1,$4.12,2.45,$1.28,7.87,$1.00,10.05,$0.31,32.58,$0.70B,$0.08B,9.42,$0.00B,$0.50B,0.0,$0.15B,$0.12B,79.87%,$0.15B,$0.04B,29.53%,$0.15B,$0.04B,29.53%,$0.15B,$0.04B,29.53%,$0.15B,$0.05B,32.89%,$0.15B,$0.04B,25.50%,$0.04B,$0.50B,8.23%,$0.04B,$0.48B,8.52%,$0.04B,$0.93B,4.42%,$0.04B,$0.50B,9.53%,$43,$8,$35,$1,$26,$34,$9,$1,$10,$3,$7,$7,$7,$9,$9,$113,119,$0.06,$0.05,$678,$4,$0,$703,$88,$55,$16,$37,$229,$932,$75,$0,$58,$360,$435,$0,$178,$-9,$497,$932,$38,$8,$17,$25,$1,$0,$0,$64,$67,$131,$-11,$0,$0,$0,$0,$0,$0,$-11,$0,$0,$0,$0,$0,$0,$-0,$-0,$118,$13,$0
2,2017-12-31,9.85,$4.14,2.38,$1.30,7.57,$1.22,8.07,$0.34,28.98,$0.65B,$0.07B,9.28,$0.00B,$0.47B,0.0,$0.13B,$0.11B,79.10%,$0.13B,$0.04B,32.09%,$0.13B,$0.04B,32.09%,$0.13B,$0.04B,32.09%,$0.13B,$0.04B,32.84%,$0.13B,$0.04B,26.12%,$0.04B,$0.47B,8.65%,$0.04B,$0.46B,9.01%,$0.04B,$0.88B,4.30%,$0.04B,$0.47B,10.63%,$38,$7,$30,$0,$18,$26,$12,$1,$13,$2,$11,$11,$11,$12,$12,$119,119,$0.09,$0.09,$627,$5,$0,$653,$86,$54,$16,$36,$223,$876,$70,$0,$53,$335,$405,$0,$167,$-5,$471,$876,$0,$0,$0,$0,$0,$0,$0,$0,$0,$0,$0,$0,$0,$0,$0,$0,$0,$0,$0,$0,$0,$0,$0,$0,$0,$0,$0,$0,$0
3,2017-09-30,11.01,$3.95,2.79,$1.38,7.97,$1.22,9.02,$0.35,31.46,$0.62B,$0.08B,8.14,$0.00B,$0.45B,0.0,$0.13B,$0.10B,80.80%,$0.13B,$0.05B,36.80%,$0.13B,$0.05B,36.80%,$0.13B,$0.05B,36.80%,$0.13B,$0.04B,33.60%,$0.13B,$0.03B,25.60%,$0.03B,$0.45B,9.13%,$0.03B,$0.43B,9.57%,$0.03B,$0.84B,4.12%,$0.05B,$0.45B,13.12%,$35,$7,$28,$1,$16,$24,$11,$1,$13,$2,$10,$10,$10,$11,$11,$113,113,$0.09,$0.09,$590,$6,$0,$617,$81,$53,$16,$37,$220,$836,$76,$0,$50,$313,$388,$0,$153,$-4,$448,$836,$0,$0,$0,$0,$0,$0,$0,$0,$0,$0,$0,$0,$0,$0,$0,$0,$0,$0,$0,$0,$0,$0,$0,$0,$0,$0,$0,$0,$0
4,2017-06-30,9.39,$5.90,1.59,$1.40,6.7,$1.67,5.62,$0.29,32.37,$0.57B,$0.07B,8.27,$0.00B,$0.43B,0.0,$0.12B,$0.10B,80.51%,$0.12B,$0.04B,36.44%,$0.12B,$0.04B,36.44%,$0.12B,$0.04B,36.44%,$0.12B,$0.03B,27.97%,$0.12B,$0.02B,20.34%,$0.02B,$0.43B,7.89%,$0.02B,$0.42B,8.33%,$0.02B,$0.79B,3.20%,$0.04B,$0.43B,13.45%,$33,$7,$26,$0,$14,$21,$12,$0,$13,$2,$10,$10,$10,$12,$12,$113,113,$0.09,$0.09,$549,$5,$0,$574,$80,$55,$16,$35,$219,$793,$69,$0,$47,$293,$362,$0,$140,$0,$431,$793,$0,$0,$0,$0,$0,$0,$0,$0,$0,$0,$0,$0,$0,$0,$0,$0,$0,$0,$0,$0,$0,$0,$0,$0,$0,$0,$0,$0,$0
5,2017-03-31,6.59,$3.66,1.8,$1.44,4.58,$1.67,3.95,$0.23,28.67,$0.53B,$0.21B,2.54,$0.00B,$0.27B,0.0,$0.11B,$0.09B,80.18%,$0.11B,$0.04B,35.14%,$0.11B,$0.04B,35.14%,$0.11B,$0.04B,35.14%,$0.11B,$0.02B,21.62%,$0.11B,$0.02B,14.41%,$0.02B,$0.27B,6.11%,$0.02B,$0.25B,6.52%,$0.02B,$0.75B,2.19%,$0.04B,$0.27B,12.47%,$28,$6,$22,$0,$14,$20,$8,$-3,$5,$-1,$6,$6,$4,$8,$8,$73,73,$0.07,$0.07,$510,$5,$0,$533,$80,$57,$15,$35,$220,$753,$210,$0,$44,$275,$485,$0,$128,$4,$268,$753,$19,$8,$19,$27,$2,$-1,$-0,$46,$47,$93,$-4,$0,$0,$0,$-10,$-10,$0,$-13,$0,$-9,$-9,$0,$0,$0,$0,$-9,$73,$9,$0
6,2016-12-31,6.06,$3.49,1.74,$1.37,4.41,$1.65,3.68,$0.19,31.89,$0.51B,$0.21B,2.45,$0.00B,$0.26B,0.0,$0.11B,$0.09B,80.19%,$0.11B,$0.04B,34.91%,$0.11B,$0.04B,34.91%,$0.11B,$0.04B,34.91%,$0.11B,$0.02B,19.81%,$0.11B,$0.01B,12.26%,$0.01B,$0.26B,4.98%,$0.01B,$0.24B,5.32%,$0.01B,$0.73B,1.79%,$0.04B,$0.26B,10.66%,$29,$4,$25,$0,$14,$14,$15,$-4,$11,$2,$8,$8,$8,$15,$15,$73,73,$0.10,$0.10,$478,$4,$7,$509,$81,$54,$16,$34,$218,$726,$208,$0,$42,$263,$471,$0,$121,$1,$255,$726,$0,$0,$0,$0,$0,$0,$0,$0,$0,$0,$0,$0,$0,$0,$0,$0,$0,$0,$0,$0,$0,$0,$0,$0,$0,$0,$0,$0,$0
7,2016-09-30,5.06,$3.61,1.4,$1.31,3.85,$1.65,3.07,$0.19,26.63,$0.50B,$0.14B,3.49,$0.06B,$0.26B,0.24,$0.10B,$0.08B,78.64%,$0.10B,$0.03B,29.13%,$0.10B,$0.03B,29.13%,$0.10B,$0.03B,29.13%,$0.10B,$0.02B,19.42%,$0.10B,$0.01B,12.62%,$0.01B,$0.26B,4.94%,$0.01B,$0.25B,5.29%,$0.01B,$0.73B,1.80%,$0.03B,$0.33B,7.81%,$28,$6,$22,$0,$13,$19,$8,$-4,$4,$2,$3,$3,$2,$8,$8,$83,83,$0.03,$0.03,$471,$4,$0,$498,$84,$61,$16,$35,$230,$727,$143,$62,$42,$322,$465,$0,$118,$9,$263,$727,$0,$0,$0,$0,$0,$0,$0,$0,$0,$40,$-3,$0,$0,$0,$-10,$-10,$0,$-13,$0,$-9,$-9,$0,$0,$0,$0,$-9,$20,$0,$0
8,2016-06-30,5.69,$3.57,1.6,$1.35,4.23,$1.20,4.75,$0.20,28.47,$0.49B,$0.07B,6.98,$0.14B,$0.26B,0.55,$0.10B,$0.08B,78.43%,$0.10B,$0.03B,29.41%,$0.10B,$0.03B,29.41%,$0.10B,$0.03B,29.41%,$0.10B,$0.02B,20.59%,$0.10B,$0.01B,13.73%,$0.01B,$0.26B,5.37%,$0.01B,$0.24B,5.76%,$0.01B,$0.72B,1.97%,$0.03B,$0.40B,7.49%,$26,$6,$20,$0,$12,$18,$8,$-4,$4,$2,$2,$2,$2,$8,$8,$79,79,$0.03,$0.03,$462,$4,$0,$489,$86,$63,$17,$35,$235,$723,$70,$143,$40,$393,$463,$0,$116,$11,$261,$723,$0,$0,$0,$0,$0,$0,$0,$0,$0,$0,$0,$0,$0,$0,$0,$0,$0,$0,$0,$0,$0,$0,$0,$0,$0,$0,$0,$0,$0
9,2016-03-31,6.01,$3.64,1.65,$1.38,4.34,$1.20,5.01,$0.20,30.05,$0.50B,$0.07B,6.83,$0.14B,$0.27B,0.53,$0.10B,$0.08B,78.64%,$0.10B,$0.03B,29.13%,$0.10B,$0.03B,29.13%,$0.10B,$0.03B,29.13%,$0.10B,$0.02B,21.36%,$0.10B,$0.01B,13.59%,$0.01B,$0.27B,5.40%,$0.01B,$0.25B,5.80%,$0.01B,$0.73B,1.99%,$0.03B,$0.41B,7.56%,$23,$5,$18,$0,$12,$17,$6,$-3,$2,$1,$1,$1,$1,$6,$6,$73,73,$0.02,$0.02,$467,$4,$0,$496,$89,$55,$17,$34,$231,$727,$73,$141,$40,$389,$461,$0,$117,$13,$266,$727,$14,$8,$21,$30,$1,$-2,$0,$52,$46,$90,$-3,$0,$0,$0,$0,$0,$0,$-3,$0,$0,$0,$0,$0,$0,$-0,$-0,$89,$9,$0
10,2015-12-31,6.31,$3.59,1.76,$1.07,5.9,0,0.0,$0.17,37.1,$0.47B,$0.07B,7.02,$0.14B,$0.26B,0.53,$0.08B,$0.06B,78.75%,$0.08B,$0.02B,30.00%,$0.08B,$0.02B,30.00%,$0.08B,$0.02B,30.00%,$0.08B,$0.02B,25.00%,$0.08B,$0.01B,16.25%,$0.01B,$0.26B,6.74%,$0.01B,$0.25B,7.24%,$0.01B,$0.71B,2.50%,$0.02B,$0.40B,8.12%,$26,$6,$21,$0,$12,$18,$8,$2,$10,$2,$8,$8,$8,$8,$8,$78,78,$0.10,$0.10,$444,$5,$0,$474,$90,$56,$17,$34,$234,$708,$67,$140,$38,$378,$446,$0,$115,$14,$262,$708,$0,$0,$0,$0,$0,$0,$0,$0,$0,$0,$0,$0,$0,$0,$0,$0,$0,$0,$0,$0,$0,$0,$0,$0,$0,$0,$0,$0,$0
11,2015-09-30,5.96,$3.48,1.71,$0.73,8.14,0,0.0,$0.07,85.15,$0.45B,$0.06B,7.26,$0.14B,$0.25B,0.54,$0.05B,$0.04B,77.78%,$0.05B,$0.02B,29.63%,$0.05B,$0.02B,29.63%,$0.05B,$0.02B,29.63%,$0.05B,$0.01B,18.52%,$0.05B,$0.01B,9.26%,$0.01B,$0.25B,3.93%,$0.01B,$0.24B,4.23%,$0.01B,$0.69B,1.46%,$0.02B,$0.39B,8.21%,$27,$6,$21,$0,$13,$19,$8,$-3,$5,$2,$3,$3,$3,$8,$8,$74,74,$0.04,$0.04,$422,$5,$0,$451,$93,$53,$18,$34,$236,$688,$62,$137,$37,$371,$433,$0,$109,$12,$254,$688,$0,$0,$0,$0,$0,$0,$0,$0,$0,$0,$0,$0,$0,$0,$0,$0,$0,$0,$0,$0,$0,$0,$0,$0,$0,$0,$0,$0,$0
12,2015-06-30,6.1,$3.50,1.74,$0.70,8.7,0,0.0,$0.09,67.77,$0.44B,$0.07B,6.48,$0.13B,$0.26B,0.52,$0.05B,$0.04B,78.85%,$0.05B,$0.02B,32.69%,$0.05B,$0.02B,32.69%,$0.05B,$0.02B,32.69%,$0.05B,$0.01B,21.15%,$0.05B,$0.01B,11.54%,$0.01B,$0.26B,4.82%,$0.01B,$0.24B,5.21%,$0.01B,$0.69B,1.83%,$0.02B,$0.39B,8.94%,$27,$6,$21,$0,$13,$19,$8,$-3,$5,$2,$2,$2,$2,$8,$8,$73,73,$0.03,$0.03,$414,$4,$0,$443,$96,$52,$19,$34,$242,$685,$68,$133,$37,$361,$430,$0,$109,$12,$255,$685,$0,$0,$0,$0,$0,$0,$0,$0,$0,$0,$0,$0,$0,$0,$0,$0,$0,$0,$0,$0,$0,$0,$0,$0,$0,$0,$0,$0,$0
13,2015-03-31,5.06,$0.00,0.0,$0.64,7.85,0,0.0,$0.12,42.16,$0.00B,$0.00B,0.0,$0.00B,$0.00B,0.0,$0.05B,$0.04B,80.00%,$0.05B,$0.02B,38.00%,$0.05B,$0.02B,38.00%,$0.05B,$0.02B,38.00%,$0.05B,$0.01B,26.00%,$0.05B,$0.01B,18.00%,$0.01B,$0.00B,7.48%,$0.01B,$0.00B,8.14%,$0.01B,$0.00B,2.92%,$0.02B,$0.00B,10.30%,$0,$0,$0,$0,$0,$0,$0,$0,$0,$0,$0,$0,$0,$0,$0,$0,0,$0.00,$0.00,$0,$0,$0,$0,$0,$0,$0,$0,$0,$0,$0,$0,$0,$0,$0,$0,$0,$0,$0,$0,$0,$0,$0,$0,$0,$0,$0,$0,$0,$0,$0,$0,$0,$0,$0,$0,$0,$0,$0,$0,$0,$0,$0,$0,$0,$0,$0,$0,$0
14,2014-12-31,4.48,$0.00,0.0,$0.96,4.65,$0.85,5.26,$0.19,23.55,$0.00B,$0.00B,0.0,$0.00B,$0.00B,0.0,$0.07B,$0.06B,80.82%,$0.07B,$0.03B,39.73%,$0.07B,$0.03B,39.73%,$0.07B,$0.03B,39.73%,$0.07B,$0.02B,28.77%,$0.07B,$0.01B,17.81%,$0.01B,$0.00B,7.29%,$0.01B,$0.00B,7.95%,$0.01B,$0.00B,2.87%,$0.03B,$0.00B,10.59%,$0,$0,$0,$0,$0,$0,$0,$0,$0,$0,$0,$0,$0,$0,$0,$0,0,$0.00,$0.00,$0,$0,$0,$0,$0,$0,$0,$0,$0,$0,$0,$0,$0,$0,$0,$0,$0,$0,$0,$0,$0,$0,$0,$0,$0,$0,$0,$0,$0,$0,$0,$0,$0,$0,$0,$0,$0,$0,$0,$0,$0,$0,$0,$0,$0,$0,$0,$0,$0
15,2014-09-30,4.84,$3.33,1.45,$1.27,3.82,$0.85,5.69,$0.26,18.62,$0.38B,$0.07B,5.84,$0.13B,$0.24B,0.53,$0.10B,$0.08B,80.61%,$0.10B,$0.04B,40.82%,$0.10B,$0.04B,40.82%,$0.10B,$0.04B,40.82%,$0.10B,$0.03B,29.59%,$0.10B,$0.02B,19.39%,$0.02B,$0.24B,8.03%,$0.02B,$0.22B,8.77%,$0.02B,$0.63B,3.19%,$0.04B,$0.37B,11.00%,$25,$5,$20,$0,$10,$15,$9,$-3,$6,$2,$4,$4,$4,$9,$9,$74,74,$0.06,$0.06,$351,$4,$0,$378,$100,$54,$19,$34,$252,$630,$65,$130,$31,$322,$387,$0,$100,$13,$243,$630,$0,$0,$0,$0,$0,$0,$0,$0,$0,$0,$0,$0,$0,$0,$0,$0,$0,$0,$0,$0,$0,$0,$0,$0,$0,$0,$0,$0,$0
16,2014-06-30,5.47,$3.26,1.68,$1.22,4.49,$1.20,4.56,$0.25,21.86,$0.35B,$0.06B,5.9,$0.13B,$0.24B,0.53,$0.10B,$0.08B,81.25%,$0.10B,$0.04B,41.67%,$0.10B,$0.04B,41.67%,$0.10B,$0.04B,41.67%,$0.10B,$0.03B,31.25%,$0.10B,$0.02B,19.79%,$0.02B,$0.24B,8.16%,$0.02B,$0.22B,8.94%,$0.02B,$0.60B,3.31%,$0.04B,$0.37B,11.17%,$25,$5,$20,$0,$10,$15,$10,$-3,$7,$2,$5,$5,$5,$10,$10,$80,80,$0.06,$0.06,$321,$5,$0,$348,$100,$54,$19,$36,$253,$601,$59,$127,$29,$305,$364,$0,$94,$14,$238,$601,$0,$0,$0,$0,$0,$0,$0,$0,$0,$0,$0,$0,$0,$0,$0,$0,$0,$0,$0,$0,$0,$0,$0,$0,$0,$0,$0,$0,$0
17,2014-03-31,3.96,$3.17,1.25,$1.18,3.35,$1.20,3.31,$0.26,15.23,$0.33B,$0.06B,5.18,$0.13B,$0.23B,0.54,$0.09B,$0.08B,81.52%,$0.09B,$0.04B,40.22%,$0.09B,$0.04B,40.22%,$0.09B,$0.04B,40.22%,$0.09B,$0.03B,32.61%,$0.09B,$0.02B,20.65%,$0.02B,$0.23B,8.39%,$0.02B,$0.21B,9.21%,$0.02B,$0.58B,3.46%,$0.04B,$0.36B,10.56%,$23,$4,$19,$0,$9,$13,$10,$-2,$8,$2,$6,$6,$4,$10,$10,$73,73,$0.07,$0.07,$303,$5,$0,$331,$101,$54,$19,$35,$253,$584,$64,$125,$26,$289,$352,$0,$89,$14,$232,$584,$21,$7,$6,$13,$-3,$-5,$0,$58,$52,$86,$-24,$0,$0,$0,$0,$0,$0,$-24,$0,$2,$2,$-1,$-1,$0,$-1,$0,$63,$0,$0
18,2013-12-31,3.97,$3.19,1.24,$1.17,3.38,$1.14,3.48,$0.24,16.54,$0.31B,$0.06B,5.29,$0.13B,$0.23B,0.54,$0.09B,$0.07B,81.32%,$0.09B,$0.04B,38.46%,$0.09B,$0.04B,38.46%,$0.09B,$0.04B,38.46%,$0.09B,$0.03B,30.77%,$0.09B,$0.02B,19.78%,$0.02B,$0.23B,8.24%,$0.02B,$0.21B,9.08%,$0.02B,$0.57B,3.44%,$0.04B,$0.36B,10.25%,$25,$4,$20,$0,$9,$14,$11,$-3,$8,$2,$6,$6,$6,$11,$11,$82,82,$0.07,$0.07,$290,$4,$0,$313,$99,$56,$20,$35,$258,$571,$59,$126,$25,$279,$338,$0,$85,$16,$233,$571,$0,$0,$0,$0,$0,$0,$0,$0,$0,$0,$0,$0,$0,$0,$0,$0,$0,$0,$0,$0,$0,$0,$0,$0,$0,$0,$0,$0,$0
19,2013-09-30,3.76,$3.12,1.21,$1.18,3.19,$1.14,3.3,$0.24,15.68,$0.29B,$0.05B,5.61,$0.12B,$0.23B,0.54,$0.09B,$0.07B,81.11%,$0.09B,$0.04B,38.89%,$0.09B,$0.04B,38.89%,$0.09B,$0.04B,38.89%,$0.09B,$0.03B,31.11%,$0.09B,$0.02B,18.89%,$0.02B,$0.23B,8.15%,$0.02B,$0.21B,9.03%,$0.02B,$0.54B,3.43%,$0.04B,$0.35B,10.61%,$23,$4,$19,$0,$9,$14,$9,$-2,$7,$3,$4,$4,$4,$9,$9,$81,81,$0.05,$0.05,$273,$3,$0,$293,$85,$59,$20,$34,$245,$538,$52,$123,$22,$258,$310,$0,$79,$18,$228,$538,$0,$0,$0,$0,$0,$0,$0,$0,$0,$38,$-9,$0,$0,$0,$0,$0,$0,$-9,$0,$2,$2,$-1,$-1,$0,$-1,$0,$29,$0,$0
20,2013-06-30,2.78,$2.91,0.95,$1.15,2.41,$0.79,3.5,$0.24,11.59,$0.27B,$0.05B,5.31,$0.12B,$0.21B,0.57,$0.09B,$0.07B,80.46%,$0.09B,$0.03B,37.93%,$0.09B,$0.03B,37.93%,$0.09B,$0.03B,37.93%,$0.09B,$0.03B,31.03%,$0.09B,$0.02B,19.54%,$0.02B,$0.21B,8.53%,$0.02B,$0.19B,9.48%,$0.02B,$0.51B,3.72%,$0.03B,$0.34B,10.76%,$21,$4,$17,$0,$9,$13,$7,$-0,$7,$2,$5,$5,$5,$7,$7,$77,77,$0.07,$0.07,$254,$2,$0,$272,$82,$49,$20,$37,$234,$506,$51,$122,$20,$242,$293,$0,$74,$8,$213,$506,$0,$0,$0,$0,$0,$0,$0,$0,$0,$0,$0,$0,$0,$0,$0,$0,$0,$0,$0,$0,$0,$0,$0,$0,$0,$0,$0,$0,$0
21,2013-03-31,2.9,$2.74,1.06,$1.10,2.63,$0.79,3.65,$0.23,12.61,$0.26B,$0.05B,4.81,$0.12B,$0.20B,0.61,$0.08B,$0.07B,79.76%,$0.08B,$0.03B,39.29%,$0.08B,$0.03B,39.29%,$0.08B,$0.03B,39.29%,$0.08B,$0.03B,30.95%,$0.08B,$0.02B,20.24%,$0.02B,$0.20B,8.77%,$0.02B,$0.18B,9.78%,$0.02B,$0.48B,4.05%,$0.03B,$0.32B,11.49%,$22,$4,$18,$0,$9,$14,$8,$-3,$6,$2,$4,$4,$3,$8,$8,$72,72,$0.06,$0.06,$241,$2,$0,$257,$75,$45,$20,$36,$224,$481,$54,$121,$17,$227,$281,$0,$68,$3,$200,$481,$19,$6,$6,$12,$1,$-1,$1,$56,$62,$93,$-36,$0,$0,$0,$-9,$-9,$-34,$-79,$0,$118,$118,$-16,$-16,$0,$-2,$100,$113,$0,$0
22,2012-12-31,2.58,$2.65,0.98,$1.02,2.55,$0.67,3.87,$0.24,10.77,$0.26B,$0.05B,5.25,$0.12B,$0.19B,0.62,$0.08B,$0.06B,79.49%,$0.08B,$0.03B,39.74%,$0.08B,$0.03B,39.74%,$0.08B,$0.03B,39.74%,$0.08B,$0.03B,33.33%,$0.08B,$0.02B,24.36%,$0.02B,$0.19B,9.86%,$0.02B,$0.17B,11.00%,$0.02B,$0.46B,5.11%,$0.03B,$0.31B,12.11%,$24,$5,$19,$0,$8,$13,$11,$-3,$8,$2,$6,$6,$5,$11,$11,$77,77,$0.07,$0.07,$238,$1,$0,$255,$61,$34,$20,$36,$201,$456,$49,$120,$14,$214,$263,$0,$64,$1,$193,$456,$0,$0,$0,$0,$0,$0,$0,$0,$0,$0,$0,$0,$0,$0,$0,$0,$0,$0,$0,$0,$0,$0,$0,$0,$0,$0,$0,$0,$0
23,2012-09-30,2.67,$2.77,0.97,$0.92,2.9,$0.67,4.0,$0.26,10.28,$0.23B,$0.05B,5.03,$0.07B,$0.19B,0.35,$0.07B,$0.06B,79.71%,$0.07B,$0.03B,36.23%,$0.07B,$0.03B,36.23%,$0.07B,$0.03B,36.23%,$0.07B,$0.02B,34.78%,$0.07B,$0.02B,28.99%,$0.02B,$0.19B,10.53%,$0.02B,$0.17B,11.76%,$0.02B,$0.39B,6.16%,$0.03B,$0.26B,11.20%,$20,$4,$16,$0,$8,$13,$7,$-2,$6,$1,$4,$4,$4,$7,$7,$79,79,$0.05,$0.05,$211,$1,$0,$228,$55,$34,$20,$1,$157,$385,$45,$67,$13,$149,$194,$0,$58,$1,$191,$385,$0,$0,$0,$0,$0,$0,$0,$0,$0,$0,$0,$0,$0,$0,$0,$0,$0,$0,$0,$0,$0,$0,$0,$0,$0,$0,$0,$0,$0
24,2012-06-30,2.51,$2.61,0.96,$0.87,2.87,$0.67,3.75,$0.26,9.63,$0.20B,$0.03B,6.6,$0.07B,$0.19B,0.34,$0.06B,$0.05B,79.69%,$0.06B,$0.02B,37.50%,$0.06B,$0.02B,37.50%,$0.06B,$0.02B,37.50%,$0.06B,$0.02B,35.94%,$0.06B,$0.02B,31.25%,$0.02B,$0.19B,10.75%,$0.02B,$0.17B,12.07%,$0.02B,$0.36B,6.87%,$0.02B,$0.26B,11.85%,$18,$4,$14,$0,$7,$11,$7,$-1,$6,$1,$5,$5,$5,$7,$7,$82,82,$0.06,$0.06,$180,$1,$0,$202,$55,$33,$20,$0,$155,$357,$31,$66,$11,$136,$166,$0,$54,$0,$191,$357,$0,$0,$0,$0,$0,$0,$0,$0,$0,$0,$0,$0,$0,$0,$0,$0,$0,$0,$0,$0,$0,$0,$0,$0,$0,$0,$0,$0,$0
25,2012-03-31,2.81,$2.68,1.05,$0.82,3.41,$0.67,4.21,$0.28,10.04,$0.14B,$0.03B,4.55,$0.00B,$0.20B,0.0,$0.06B,$0.05B,78.33%,$0.06B,$0.02B,36.67%,$0.06B,$0.02B,36.67%,$0.06B,$0.02B,36.67%,$0.06B,$0.02B,38.33%,$0.06B,$0.02B,35.00%,$0.02B,$0.20B,11.55%,$0.02B,$0.18B,13.00%,$0.02B,$0.29B,7.92%,$0.02B,$0.20B,12.10%,$16,$4,$13,$0,$7,$11,$6,$1,$6,$1,$5,$5,$5,$6,$6,$74,74,$0.06,$0.06,$126,$1,$0,$142,$43,$37,$21,$0,$147,$290,$31,$0,$10,$62,$93,$0,$49,$4,$196,$290,$23,$5,$1,$6,$-4,$-0,$0,$32,$28,$56,$-7,$-13,$0,$0,$0,$0,$0,$-20,$0,$0,$0,$-7,$-7,$0,$0,$-7,$29,$0,$0
26,2011-12-31,2.62,$2.49,1.05,$0.82,3.2,$0.34,7.72,$0.27,9.72,$0.13B,$0.03B,4.61,$0.00B,$0.18B,0.0,$0.06B,$0.05B,77.97%,$0.06B,$0.02B,37.29%,$0.06B,$0.02B,37.29%,$0.06B,$0.02B,37.29%,$0.06B,$0.02B,38.98%,$0.06B,$0.02B,33.90%,$0.02B,$0.18B,11.46%,$0.02B,$0.16B,12.99%,$0.02B,$0.27B,7.93%,$0.02B,$0.18B,12.61%,$15,$3,$12,$0,$6,$10,$5,$1,$6,$-1,$7,$7,$6,$5,$5,$70,70,$0.09,$0.09,$114,$1,$0,$131,$39,$28,$21,$1,$135,$266,$28,$0,$8,$55,$83,$0,$45,$-5,$182,$266,$0,$0,$0,$0,$0,$0,$0,$0,$0,$0,$0,$0,$0,$0,$0,$0,$0,$0,$0,$0,$0,$0,$0,$0,$0,$0,$0,$0,$0
27,2011-09-30,2.98,$2.37,1.26,$0.81,3.66,$0.34,8.77,$0.24,12.42,$0.12B,$0.03B,4.14,$0.00B,$0.18B,0.0,$0.06B,$0.05B,77.59%,$0.06B,$0.02B,37.93%,$0.06B,$0.02B,37.93%,$0.06B,$0.02B,37.93%,$0.06B,$0.02B,39.66%,$0.06B,$0.02B,31.03%,$0.02B,$0.18B,10.64%,$0.02B,$0.15B,11.76%,$0.02B,$0.25B,7.57%,$0.02B,$0.18B,13.00%,$15,$3,$12,$0,$6,$10,$6,$-0,$5,$1,$4,$4,$4,$6,$6,$73,73,$0.05,$0.05,$100,$2,$0,$118,$38,$27,$21,$1,$133,$251,$28,$0,$7,$48,$76,$0,$38,$-5,$175,$251,$0,$0,$0,$0,$0,$0,$0,$0,$0,$0,$0,$0,$0,$0,$0,$0,$0,$0,$0,$0,$0,$0,$0,$0,$0,$0,$0,$0,$0
28,2011-06-30,3.22,$2.32,1.39,$0.79,4.07,$0.34,9.47,$0.24,13.41,$0.12B,$0.04B,3.12,$0.00B,$0.17B,0.0,$0.06B,$0.04B,76.36%,$0.06B,$0.02B,36.36%,$0.06B,$0.02B,36.36%,$0.06B,$0.02B,36.36%,$0.06B,$0.02B,41.82%,$0.06B,$0.02B,30.91%,$0.02B,$0.17B,10.79%,$0.02B,$0.15B,11.68%,$0.02B,$0.25B,7.83%,$0.02B,$0.17B,12.70%,$14,$3,$10,$0,$5,$9,$5,$2,$6,$-0,$7,$7,$6,$5,$5,$77,77,$0.08,$0.08,$100,$1,$0,$122,$38,$28,$21,$1,$131,$253,$39,$0,$6,$40,$79,$0,$34,$-4,$174,$253,$0,$0,$0,$0,$0,$0,$0,$0,$0,$0,$0,$0,$0,$0,$0,$0,$0,$0,$0,$0,$0,$0,$0,$0,$0,$0,$0,$0,$0
29,2011-03-31,3.23,$2.21,1.46,$0.78,4.15,$0.34,9.5,$0.20,16.14,$0.11B,$0.04B,2.84,$0.00B,$0.17B,0.0,$0.05B,$0.04B,76.92%,$0.05B,$0.02B,34.62%,$0.05B,$0.02B,34.62%,$0.05B,$0.02B,34.62%,$0.05B,$0.02B,40.38%,$0.05B,$0.01B,26.92%,$0.01B,$0.17B,9.67%,$0.01B,$0.15B,10.24%,$0.01B,$0.24B,7.22%,$0.02B,$0.17B,12.44%,$15,$3,$12,$0,$6,$9,$6,$0,$6,$2,$4,$4,$4,$6,$6,$70,70,$0.05,$0.05,$93,$1,$0,$109,$38,$29,$21,$1,$130,$239,$38,$0,$5,$34,$72,$0,$27,$-3,$167,$239,$15,$4,$3,$6,$-16,$-1,$-0,$20,$6,$27,$-3,$0,$0,$0,$-2,$-2,$0,$-5,$0,$0,$0,$32,$32,$0,$-3,$29,$50,$0,$0
30,2010-12-31,3.98,$2.14,1.86,$0.71,5.64,$0.04,100.0,$0.18,22.11,$0.10B,$0.02B,4.49,$0.00B,$0.16B,0.0,$0.05B,$0.04B,80.43%,$0.05B,$0.02B,45.65%,$0.05B,$0.01B,21.74%,$0.05B,$0.02B,45.65%,$0.05B,$0.01B,21.74%,$0.05B,$0.01B,19.57%,$0.01B,$0.16B,6.77%,$0.01B,$0.16B,6.96%,$0.01B,$0.21B,5.22%,$0.02B,$0.16B,15.79%,$14,$3,$11,$0,$5,$8,$5,$0,$6,$1,$4,$4,$4,$5,$5,$65,65,$0.06,$0.06,$83,$2,$0,$97,$38,$28,$4,$1,$110,$208,$22,$0,$4,$25,$46,$0,$23,$-3,$161,$208,$0,$0,$0,$0,$0,$0,$0,$0,$0,$0,$0,$0,$0,$0,$0,$0,$0,$0,$0,$0,$0,$0,$0,$0,$0,$0,$0,$0,$0
31,2010-09-30,5.25,$1.91,2.75,$0.63,8.28,$0.04,131.85,$0.16,32.8,$0.06B,$0.02B,3.13,$0.00B,$0.13B,0.0,$0.04B,$0.03B,80.95%,$0.04B,$0.02B,47.62%,$0.04B,$0.01B,21.43%,$0.04B,$0.02B,47.62%,$0.04B,$0.01B,19.05%,$0.04B,$0.01B,19.05%,$0.01B,$0.13B,6.57%,$0.01B,$0.12B,6.79%,$0.01B,$0.17B,5.08%,$0.02B,$0.13B,16.43%,$12,$3,$9,$0,$5,$8,$4,$0,$5,$1,$4,$4,$3,$4,$4,$66,66,$0.05,$0.05,$51,$1,$0,$62,$37,$28,$4,$1,$106,$169,$20,$0,$3,$21,$41,$0,$19,$-2,$128,$169,$0,$0,$0,$0,$0,$0,$0,$0,$0,$0,$0,$0,$0,$0,$0,$0,$0,$0,$0,$0,$0,$0,$0,$0,$0,$0,$0,$0,$0
32,2010-06-30,5.2,$1.84,2.83,$0.59,8.8,$0.04,130.6,$0.15,34.65,$0.06B,$0.02B,3.2,$0.00B,$0.12B,0.0,$0.04B,$0.03B,82.05%,$0.04B,$0.02B,51.28%,$0.04B,$0.01B,23.08%,$0.04B,$0.02B,51.28%,$0.04B,$0.01B,17.95%,$0.04B,$0.01B,20.51%,$0.01B,$0.12B,7.10%,$0.01B,$0.12B,7.36%,$0.01B,$0.16B,5.48%,$0.02B,$0.12B,17.74%,$11,$3,$8,$0,$4,$7,$3,$0,$4,$1,$3,$3,$3,$3,$3,$65,65,$0.04,$0.04,$48,$1,$0,$59,$37,$26,$4,$1,$101,$160,$18,$0,$3,$18,$37,$0,$15,$-2,$123,$160,$0,$0,$0,$0,$0,$0,$0,$0,$0,$0,$0,$0,$0,$0,$0,$0,$0,$0,$0,$0,$0,$0,$0,$0,$0,$0,$0,$0,$0
33,2010-03-31,5.94,$1.80,3.3,$0.57,10.38,$0.04,149.26,$0.15,39.6,$0.05B,$0.02B,3.14,$0.00B,$0.12B,0.0,$0.04B,$0.03B,89.19%,$0.04B,$0.03B,70.27%,$0.04B,$0.02B,40.54%,$0.04B,$0.03B,70.27%,$0.04B,$0.01B,32.43%,$0.04B,$0.01B,21.62%,$0.01B,$0.12B,9.76%,$0.01B,$0.12B,10.13%,$0.01B,$0.15B,7.55%,$0.03B,$0.12B,31.71%,$9,$0,$9,$0,$0,$0,$9,$0,$-5,$0,$-7,$-0,$-1,$9,$-2,$62,66,$0.02,$0.02,$41,$1,$0,$53,$37,$7,$4,$22,$100,$153,$17,$0,$2,$16,$33,$0,$13,$0,$120,$153,$8,$3,$4,$7,$-15,$-0,$0,$6,$-10,$5,$-3,$0,$0,$0,$0,$0,$-21,$-23,$0,$7,$7,$29,$29,$0,$-0,$36,$17,$0,$0
34,2009-12-31,6.44,$1.75,3.67,$0.43,15.05,0,0.0,$0.07,91.94,$0.07B,$0.02B,4.03,$0.00B,$0.12B,0.0,$0.03B,$0.02B,85.71%,$0.03B,$0.02B,60.71%,$0.03B,$0.02B,60.71%,$0.03B,$0.02B,60.71%,$0.03B,$0.02B,60.71%,$0.03B,$0.01B,32.14%,$0.01B,$0.12B,17.31%,$0.01B,$0.11B,18.00%,$0.01B,$0.15B,13.28%,$0.02B,$0.12B,32.69%,$10,$2,$8,$0,$4,$6,$4,$0,$4,$1,$3,$3,$3,$4,$4,$59,73,$0.05,$0.04,$57,$1,$0,$68,$38,$9,$4,$2,$80,$148,$17,$0,$2,$15,$32,$0,$10,$2,$116,$148,$0,$0,$0,$0,$0,$0,$0,$0,$0,$0,$0,$0,$0,$0,$0,$0,$0,$0,$0,$0,$0,$0,$0,$0,$0,$0,$0,$0,$0
