,Date,Stock Price,Book Value per Share,Price to Book Ratio,TTM Sales per Share,Price to Sales Ratio,TTM FCF per Share,Price to FCF Ratio,TTM Net EPS,PE Ratio,Current Assets,Current Liabilities,Current Ratio,Long Term Debt,Shareholder's Equity_x,Debt to Equity Ratio,TTM Revenue_x,TTM Gross Profit,Gross Margin,TTM Revenue_y,TTM Operating Income,Operating Margin,TTM Revenue_x,TTM EBIT,EBIT Margin,TTM Revenue_y,TTM EBITDA,EBITDA Margin,TTM Revenue_x,TTM Pre-Tax Income,Pre-Tax Margin,TTM Revenue_y,TTM Net Income_x,Net Margin,TTM Net Income_y,Shareholder's Equity_y,Return on Equity,TTM Net Income_x,Tangible Equity,Return on Tangible Equity,TTM Net Income_y,Total Assets,Return on Assets,TTM Net Income,LT Investments & Debt,Return on Investment,revenue,cost-goods-sold,gross-profit,research-development-expenses,selling-general-administrative-expenses,operating-expenses,operating-income,total-non-operating-income-expense,pre-tax-income,total-provision-income-taxes,income-after-taxes,income-from-continuous-operations,net-income,ebitda,ebit,basic-shares-outstanding,shares-outstanding,eps-basic-net-earnings-per-share,eps-earnings-per-share-diluted,cash-on-hand,inventory,other-current-assets,total-current-assets,net-property-plant-equipment,long-term-investments,goodwill-intangible-assets-total,other-long-term-assets,total-long-term-assets,total-assets,total-current-liabilities,long-term-debt,other-non-current-liabilities,total-long-term-liabilities,total-liabilities,common-stock-net,retained-earnings-accumulated-deficit,comprehensive-income,total-share-holder-equity,total-liabilities-share-holders-equity,net-income-loss,total-depreciation-amortization-cash-flow,other-non-cash-items,total-non-cash-items,change-in-accounts-receivable,change-in-inventories,change-in-accounts-payable,change-in-assets-liabilities,total-change-in-assets-liabilities,cash-flow-from-operating-activities,net-change-in-property-plant-equipment,net-change-in-intangible-assets,net-acquisitions-divestitures,net-change-in-short-term-investments,net-change-in-long-term-investments,net-change-in-investments-total,investing-activities-other,cash-flow-from-investing-activities,net-long-term-debt,net-current-debt,debt-issuance-retirement-net-total,net-common-equity-issued-repurchased,net-total-equity-issued-repurchased,total-common-preferred-stock-dividends-paid,financial-activities-other,cash-flow-from-financial-activities,net-cash-flow,stock-based-compensation,common-stock-dividends-paid
0,2018-09-30,18.15,$15.93,1.14,$26.50,0.68,$0.93,19.56,$0.27,67.22,$0.71B,$0.28B,2.52,$1.10B,$0.76B,1.45,$1.59B,$0.55B,34.82%,$1.59B,$0.07B,4.16%,$1.59B,$0.07B,4.16%,$1.59B,$0.18B,11.34%,$1.59B,$0.02B,1.13%,$1.59B,$0.01B,0.69%,$0.01B,$0.95B,1.14%,$0.01B,$-0.53B,-2.80%,$0.01B,$2.44B,0.50%,$0.07B,$2.06B,3.55%,$449,$299,$150,$0,$108,$424,$24,$-16,$8,$2,$6,$6,$-2,$56,$24,$60,60,$-0.07,$-0.07,$36,$329,$0,$712,$226,$0,$1487,$13,$1726,$2438,$283,$1104,$18,$1201,$1484,$925,$-217,$-4,$954,$2438,$5,$91,$-4,$87,$-37,$0,$0,$35,$-33,$59,$-41,$0,$-552,$0,$0,$0,$-2,$-595,$127,$0,$127,$394,$490,$-73,$-13,$531,$-4,$0,$-65
1,2018-06-30,16.95,$16.19,1.05,$24.42,0.69,$1.11,15.32,$0.44,38.52,$0.65B,$0.24B,2.68,$0.96B,$0.78B,1.24,$1.46B,$0.52B,35.61%,$1.46B,$0.06B,3.83%,$1.46B,$0.06B,3.83%,$1.46B,$0.17B,11.35%,$1.46B,$0.02B,1.30%,$1.46B,$0.02B,1.44%,$0.02B,$0.97B,2.22%,$0.02B,$-0.43B,-6.61%,$0.02B,$2.27B,1.03%,$0.06B,$1.93B,3.28%,$430,$279,$151,$0,$111,$410,$20,$-17,$4,$4,$-1,$-1,$-1,$55,$20,$60,60,$-0.10,$-0.10,$37,$300,$0,$648,$213,$0,$1398,$12,$1623,$2271,$242,$964,$18,$1059,$1301,$925,$-195,$-6,$970,$2271,$-1,$59,$-3,$57,$-12,$-14,$0,$-8,$-20,$35,$-29,$0,$-425,$0,$0,$0,$-1,$-455,$388,$0,$388,$-6,$90,$-47,$-16,$415,$-2,$0,$-43
2,2018-03-31,15.72,$16.58,0.95,$22.38,0.7,$1.27,12.38,$0.01,0.0,$0.63B,$0.22B,2.93,$0.93B,$0.80B,1.17,$1.34B,$0.48B,35.82%,$1.34B,$0.04B,3.21%,$1.34B,$0.04B,3.21%,$1.34B,$0.15B,11.27%,$1.34B,$0.01B,1.04%,$1.34B,$0.02B,1.34%,$0.02B,$0.99B,1.93%,$0.02B,$-0.42B,-6.65%,$0.02B,$2.26B,0.93%,$0.04B,$1.93B,2.70%,$361,$235,$126,$0,$109,$356,$5,$-9,$-4,$-2,$-2,$-2,$-4,$29,$5,$60,60,$-0.09,$-0.09,$46,$295,$0,$633,$200,$0,$1416,$9,$1625,$2258,$216,$932,$40,$1048,$1264,$925,$-171,$-3,$993,$2258,$-2,$24,$-5,$20,$-4,$-7,$0,$-5,$-12,$7,$-12,$0,$-403,$0,$0,$0,$-1,$-416,$347,$0,$347,$-6,$90,$-23,$-1,$413,$6,$0,$-22
3,2017-12-31,15.9,$15.46,1.03,$21.20,0.75,$1.19,13.32,$-0.50,0.0,$0.53B,$0.21B,2.48,$0.58B,$0.83B,0.7,$1.27B,$0.45B,35.30%,$1.27B,$0.03B,2.13%,$1.27B,$0.03B,2.13%,$1.27B,$0.14B,11.27%,$1.27B,$-0.01B,-0.55%,$1.27B,$-0.01B,-1.02%,$-0.01B,$0.93B,-1.45%,$-0.01B,$-0.19B,6.31%,$-0.01B,$1.82B,-0.73%,$0.03B,$1.51B,1.85%,$348,$222,$126,$0,$88,$331,$17,$-7,$10,$-39,$49,$49,$18,$40,$17,$60,60,$0.59,$0.59,$40,$247,$0,$527,$173,$0,$1112,$8,$1293,$1820,$212,$584,$17,$682,$894,$925,$-145,$-3,$926,$1820,$34,$115,$-27,$89,$-18,$-28,$0,$-3,$-40,$82,$-45,$0,$-28,$0,$0,$0,$-4,$-77,$32,$0,$32,$0,$94,$-125,$-3,$-3,$0,$0,$-125
4,2017-09-30,16.32,$15.01,1.09,$21.22,0.77,$2.18,7.5,$-1.17,0.0,$0.51B,$0.21B,2.41,$0.57B,$0.80B,0.71,$1.24B,$0.43B,34.27%,$1.24B,$-0.00B,-0.08%,$1.24B,$-0.00B,-0.08%,$1.24B,$0.13B,10.24%,$1.24B,$-0.02B,-1.29%,$1.24B,$-0.05B,-4.27%,$-0.05B,$0.90B,-5.97%,$-0.05B,$-0.23B,27.39%,$-0.05B,$1.82B,-2.99%,$-0.00B,$1.47B,-0.07%,$324,$206,$118,$0,$89,$309,$14,$-6,$9,$0,$8,$8,$8,$42,$14,$60,60,$0.10,$0.10,$41,$243,$0,$510,$171,$0,$1132,$9,$1311,$1821,$211,$570,$19,$710,$922,$925,$-167,$-2,$899,$1821,$-16,$92,$7,$99,$-1,$0,$0,$1,$-24,$59,$-31,$0,$-164,$136,$0,$136,$-4,$-63,$17,$0,$17,$0,$96,$-104,$-2,$8,$2,$0,$-104
5,2017-06-30,15.72,$15.13,1.04,$20.45,0.77,$2.53,6.2,$-0.52,0.0,$0.49B,$0.20B,2.41,$0.55B,$0.81B,0.68,$1.17B,$0.39B,33.30%,$1.17B,$-0.00B,-0.34%,$1.17B,$-0.00B,-0.34%,$1.17B,$0.12B,10.36%,$1.17B,$0.03B,2.40%,$1.17B,$-0.01B,-0.94%,$-0.01B,$0.91B,-1.26%,$-0.01B,$-0.24B,5.94%,$-0.01B,$1.80B,-0.62%,$-0.00B,$1.46B,-0.27%,$307,$198,$110,$0,$88,$300,$7,$-8,$-1,$1,$-3,$-3,$-4,$40,$7,$60,60,$-0.53,$-0.53,$39,$229,$0,$489,$158,$0,$1147,$9,$1313,$1803,$203,$549,$18,$693,$897,$925,$-153,$-6,$906,$1803,$-24,$65,$11,$76,$2,$-12,$0,$-4,$-16,$36,$-20,$0,$-159,$136,$0,$136,$-2,$-44,$-4,$0,$-4,$0,$97,$-82,$-2,$9,$-0,$0,$-82
6,2017-03-31,14.64,$14.26,1.03,$19.27,0.76,$2.91,5.03,$0.34,43.05,$0.52B,$0.17B,3.09,$0.55B,$0.85B,0.64,$1.08B,$0.36B,33.12%,$1.08B,$-0.00B,-0.09%,$1.08B,$-0.00B,-0.09%,$1.08B,$0.11B,9.95%,$1.08B,$0.05B,4.56%,$1.08B,$0.01B,1.12%,$0.01B,$0.85B,1.42%,$0.01B,$-0.17B,-8.76%,$0.01B,$1.69B,0.71%,$-0.00B,$1.40B,-0.07%,$290,$196,$94,$0,$87,$301,$-11,$-14,$-25,$-4,$-21,$-21,$-35,$21,$-11,$60,60,$-0.60,$-0.60,$115,$208,$0,$515,$143,$0,$1019,$9,$1172,$1687,$167,$546,$17,$665,$832,$925,$-102,$-8,$854,$1687,$-21,$33,$11,$44,$6,$-8,$0,$-1,$-24,$-1,$-9,$0,$-6,$136,$0,$136,$-1,$120,$-6,$0,$-6,$0,$0,$-35,$-2,$-43,$76,$0,$-35
7,2016-12-31,15.47,$16.47,0.94,$17.99,0.86,$3.11,4.97,$0.63,24.56,$0.45B,$0.20B,2.24,$0.55B,$0.90B,0.62,$0.98B,$0.33B,33.33%,$0.98B,$0.02B,1.84%,$0.98B,$0.02B,1.84%,$0.98B,$0.11B,11.15%,$0.98B,$0.06B,6.44%,$0.98B,$0.03B,3.17%,$0.03B,$0.90B,3.67%,$0.03B,$-0.14B,-39.49%,$0.03B,$1.78B,1.92%,$0.02B,$1.45B,1.35%,$319,$215,$103,$0,$85,$329,$-11,$12,$1,$-0,$2,$2,$-22,$24,$-11,$55,55,$-0.26,$-0.26,$40,$213,$0,$453,$142,$142,$1031,$9,$1324,$1777,$203,$552,$18,$680,$883,$925,$-59,$-10,$895,$1777,$57,$89,$-52,$38,$-16,$3,$0,$5,$17,$111,$-24,$0,$-342,$0,$0,$0,$3,$-363,$248,$0,$248,$84,$84,$-102,$-21,$209,$-46,$0,$-102
8,2016-09-30,14.72,$15.36,0.96,$15.17,0.97,$2.78,5.3,$0.38,38.74,$0.46B,$0.17B,2.74,$0.72B,$0.83B,0.86,$0.82B,$0.28B,34.39%,$0.82B,$0.05B,6.44%,$0.82B,$0.05B,6.44%,$0.82B,$0.12B,14.95%,$0.82B,$0.08B,9.36%,$0.82B,$0.03B,4.01%,$0.03B,$0.83B,3.93%,$0.03B,$-0.20B,-286.96%,$0.03B,$1.85B,2.16%,$0.05B,$1.55B,4.18%,$252,$170,$82,$0,$62,$241,$11,$42,$53,$5,$49,$49,$50,$36,$11,$54,54,$0.75,$0.75,$26,$232,$0,$455,$145,$198,$1034,$13,$1391,$1846,$166,$715,$27,$846,$1012,$825,$-20,$-8,$834,$1846,$55,$55,$-44,$11,$-9,$0,$0,$2,$-5,$61,$-16,$0,$-517,$111,$0,$111,$5,$-417,$412,$0,$412,$-15,$-15,$-75,$-21,$300,$-59,$0,$-75
9,2016-06-30,13.75,$14.86,0.93,$13.93,0.99,$2.59,5.3,$2.64,5.21,$0.25B,$0.13B,1.99,$0.39B,$0.81B,0.48,$0.76B,$0.27B,35.19%,$0.76B,$0.06B,7.54%,$0.76B,$0.06B,7.54%,$0.76B,$0.12B,15.48%,$0.76B,$0.04B,5.03%,$0.76B,$0.15B,19.58%,$0.15B,$0.81B,17.27%,$0.15B,$-0.05B,184.42%,$0.15B,$1.45B,10.32%,$0.06B,$1.19B,4.81%,$214,$138,$77,$0,$51,$204,$10,$9,$20,$2,$18,$18,$19,$26,$10,$54,54,$0.33,$0.33,$21,$82,$0,$248,$124,$210,$854,$13,$1202,$1450,$125,$386,$28,$518,$643,$825,$-42,$-6,$807,$1450,$4,$30,$6,$36,$9,$-1,$0,$0,$5,$46,$-10,$0,$-133,$48,$0,$48,$-4,$-100,$76,$0,$76,$-15,$-15,$-48,$-20,$-7,$-65,$0,$-48
10,2016-03-31,12.69,$15.50,0.82,$13.66,0.93,$2.41,5.26,$2.71,4.68,$0.30B,$0.11B,2.74,$0.31B,$0.84B,0.37,$0.74B,$0.25B,33.96%,$0.74B,$0.06B,8.36%,$0.74B,$0.06B,8.36%,$0.74B,$0.12B,16.04%,$0.74B,$0.04B,5.53%,$0.74B,$0.15B,20.62%,$0.15B,$0.84B,18.03%,$0.15B,$0.07B,189.47%,$0.15B,$1.39B,10.52%,$0.06B,$1.15B,5.14%,$193,$129,$64,$0,$49,$185,$8,$-19,$-11,$3,$-15,$-15,$-16,$23,$8,$54,54,$-0.31,$-0.31,$73,$79,$0,$300,$118,$191,$772,$11,$1093,$1392,$109,$308,$27,$441,$551,$824,$-25,$-5,$842,$1392,$-15,$15,$20,$35,$4,$-1,$0,$-0,$-14,$6,$-4,$0,$-35,$48,$0,$48,$-2,$6,$-1,$0,$-1,$0,$0,$-20,$-2,$-22,$-13,$0,$-20
11,2015-12-31,12.57,$16.08,0.78,$13.41,0.94,$2.37,5.3,$2.55,4.93,$0.29B,$0.12B,2.5,$0.31B,$0.87B,0.35,$0.73B,$0.24B,33.10%,$0.73B,$0.05B,6.87%,$0.73B,$0.05B,6.87%,$0.73B,$0.11B,14.56%,$0.73B,$0.02B,3.30%,$0.73B,$0.14B,19.78%,$0.14B,$0.87B,17.37%,$0.14B,$0.13B,303.16%,$0.14B,$1.42B,9.70%,$0.05B,$1.18B,4.04%,$164,$104,$60,$0,$39,$140,$24,$-9,$15,$6,$10,$10,$-20,$38,$24,$54,54,$-0.33,$-0.33,$85,$60,$0,$291,$116,$250,$741,$10,$1130,$1421,$116,$309,$19,$431,$548,$825,$11,$-10,$873,$1421,$166,$56,$-141,$-85,$13,$-2,$0,$1,$4,$85,$-16,$0,$255,$0,$0,$0,$-6,$234,$-173,$0,$-173,$0,$0,$-96,$15,$-254,$62,$0,$-96
12,2015-09-30,12.49,$16.67,0.75,$15.52,0.8,$2.28,5.47,$3.07,4.07,$0.36B,$0.14B,2.65,$0.31B,$0.91B,0.35,$0.83B,$0.25B,30.68%,$0.83B,$0.03B,3.86%,$0.83B,$0.03B,3.86%,$0.83B,$0.09B,10.75%,$0.83B,$0.01B,1.69%,$0.83B,$0.17B,20.65%,$0.17B,$0.91B,21.04%,$0.17B,$0.17B,361.90%,$0.17B,$1.48B,11.28%,$0.03B,$1.22B,2.53%,$185,$120,$65,$0,$43,$170,$15,$-1,$14,$4,$10,$10,$165,$30,$15,$54,54,$3.01,$3.01,$89,$74,$46,$358,$110,$255,$738,$6,$1118,$1476,$135,$314,$21,$436,$571,$825,$50,$-7,$905,$1476,$167,$43,$-149,$-107,$5,$-9,$0,$1,$-14,$46,$-11,$0,$145,$0,$0,$0,$113,$247,$-172,$0,$-172,$0,$0,$-59,$5,$-225,$65,$0,$-59
13,2015-06-30,12.43,$14.25,0.87,$15.04,0.83,$2.45,5.08,$5.21,2.39,$0.34B,$0.14B,2.41,$0.50B,$0.77B,0.65,$0.78B,$0.24B,29.97%,$0.78B,$0.02B,2.93%,$0.78B,$0.02B,2.93%,$0.78B,$0.07B,8.55%,$0.78B,$0.26B,33.55%,$0.78B,$0.27B,34.06%,$0.27B,$0.77B,34.86%,$0.27B,$-0.05B,6675.00%,$0.27B,$1.53B,18.00%,$0.02B,$1.28B,1.85%,$200,$137,$63,$0,$41,$185,$15,$7,$23,$3,$19,$19,$24,$28,$15,$54,54,$0.40,$0.40,$25,$125,$0,$340,$112,$243,$819,$7,$1191,$1531,$141,$504,$16,$616,$757,$825,$-95,$-2,$774,$1531,$1,$27,$9,$36,$9,$-5,$0,$0,$-5,$32,$-7,$0,$1,$0,$0,$0,$-3,$-9,$18,$0,$18,$0,$0,$-39,$-0,$-22,$2,$0,$-39
14,2015-03-31,12.7,$14.08,0.9,$16.93,0.75,$2.06,6.16,$4.92,2.58,$0.32B,$0.12B,2.55,$0.50B,$0.76B,0.66,$0.85B,$0.26B,29.89%,$0.85B,$0.03B,3.52%,$0.85B,$0.03B,3.52%,$0.85B,$0.07B,8.68%,$0.85B,$0.25B,29.78%,$0.85B,$0.25B,29.19%,$0.25B,$0.76B,34.95%,$0.25B,$-0.06B,3212.90%,$0.25B,$1.51B,18.01%,$0.03B,$1.27B,2.61%,$179,$127,$53,$0,$40,$183,$-4,$-24,$-28,$2,$-30,$-30,$-25,$10,$-4,$54,54,$-0.47,$-0.47,$20,$114,$0,$316,$114,$232,$829,$8,$1193,$1509,$124,$504,$19,$620,$744,$825,$-100,$-3,$764,$1509,$-25,$14,$27,$41,$10,$-2,$0,$1,$-12,$3,$-4,$0,$0,$0,$0,$0,$-2,$-5,$18,$0,$18,$0,$0,$-20,$-0,$-1,$-3,$0,$-20
15,2014-12-31,11.81,$14.89,0.79,$18.72,0.63,$1.87,6.32,$5.47,2.16,$0.32B,$0.14B,2.27,$0.49B,$0.81B,0.6,$0.92B,$0.28B,30.22%,$0.92B,$0.05B,5.65%,$0.92B,$0.05B,5.65%,$0.92B,$0.10B,10.33%,$0.92B,$0.30B,32.07%,$0.92B,$0.28B,30.33%,$0.28B,$0.81B,42.15%,$0.28B,$0.13B,1829.51%,$0.28B,$1.55B,21.81%,$0.05B,$1.29B,4.93%,$264,$191,$73,$0,$55,$258,$6,$-1,$5,$-3,$9,$9,$7,$21,$6,$51,51,$0.13,$0.13,$22,$58,$0,$321,$107,$245,$678,$6,$1227,$1547,$141,$486,$14,$598,$739,$825,$-55,$-3,$808,$1547,$291,$43,$-260,$-217,$-11,$15,$0,$2,$-3,$71,$-10,$0,$-407,$0,$0,$0,$-8,$-425,$251,$0,$251,$100,$100,$-70,$-16,$265,$-90,$0,$-70
16,2014-09-30,12.48,$14.87,0.84,$18.41,0.68,$1.85,6.75,$4.87,2.56,$0.27B,$0.11B,2.49,$0.40B,$0.72B,0.56,$0.89B,$0.28B,30.93%,$0.89B,$0.07B,8.10%,$0.89B,$0.07B,8.10%,$0.89B,$0.10B,11.25%,$0.89B,$0.29B,32.28%,$0.89B,$0.27B,29.92%,$0.27B,$0.72B,44.17%,$0.27B,$-0.01B,-1834.48%,$0.27B,$1.35B,23.06%,$0.07B,$1.12B,7.63%,$141,$95,$46,$0,$35,$135,$6,$256,$263,$4,$259,$259,$261,$8,$6,$48,48,$5.15,$5.15,$23,$96,$0,$269,$93,$234,$724,$13,$1076,$1345,$108,$404,$7,$519,$627,$725,$-45,$-0,$718,$1345,$282,$28,$-250,$-222,$-11,$10,$0,$-6,$-14,$46,$-7,$0,$-226,$0,$0,$0,$-5,$-238,$168,$0,$168,$0,$0,$-52,$-14,$102,$-90,$0,$-52
17,2014-06-30,12.68,$11.60,1.09,$20.98,0.6,$1.85,6.85,$1.24,10.23,$0.44B,$0.13B,3.46,$0.36B,$0.56B,0.64,$1.01B,$0.31B,30.67%,$1.01B,$0.16B,15.29%,$1.01B,$0.16B,15.29%,$1.01B,$0.19B,19.03%,$1.01B,$0.11B,10.55%,$1.01B,$0.08B,7.69%,$0.08B,$0.56B,13.59%,$0.08B,$-0.03B,-1418.18%,$0.08B,$1.13B,7.13%,$0.16B,$0.92B,17.45%,$269,$187,$83,$0,$53,$247,$22,$-7,$14,$2,$12,$12,$6,$35,$22,$48,48,$0.11,$0.11,$115,$167,$0,$443,$70,$0,$590,$13,$686,$1129,$128,$360,$23,$441,$569,$725,$-277,$1,$560,$1129,$20,$26,$1,$27,$-24,$-5,$0,$-3,$-35,$11,$-8,$0,$-43,$0,$0,$0,$-1,$-52,$81,$0,$81,$0,$0,$-35,$-4,$42,$2,$0,$-35
18,2014-03-31,12.96,$11.65,1.11,$20.50,0.63,$2.05,6.31,$1.12,11.57,$0.41B,$0.13B,3.11,$0.32B,$0.56B,0.57,$0.99B,$0.31B,30.78%,$0.99B,$0.15B,14.93%,$0.99B,$0.15B,14.93%,$0.99B,$0.19B,18.67%,$0.99B,$0.10B,10.19%,$0.99B,$0.07B,7.16%,$0.07B,$0.56B,13.14%,$0.07B,$-0.03B,-190.60%,$0.07B,$1.10B,6.72%,$0.15B,$0.88B,17.36%,$246,$170,$76,$0,$51,$228,$18,$-5,$13,$6,$7,$7,$5,$31,$18,$48,48,$0.08,$0.08,$87,$169,$0,$407,$71,$0,$596,$13,$689,$1096,$131,$319,$24,$402,$534,$725,$-265,$1,$562,$1096,$7,$13,$-0,$13,$-16,$-7,$0,$-3,$-26,$-6,$-4,$0,$-42,$0,$0,$0,$-0,$-46,$41,$0,$41,$0,$0,$-17,$2,$26,$-27,$0,$-17
19,2013-12-31,13.21,$11.78,1.12,$20.40,0.65,$2.60,5.08,$1.07,12.34,$0.40B,$0.13B,3.07,$0.28B,$0.57B,0.49,$0.99B,$0.31B,30.90%,$0.99B,$0.15B,14.89%,$0.99B,$0.15B,14.89%,$0.99B,$0.18B,18.54%,$0.99B,$0.10B,10.03%,$0.99B,$0.07B,6.89%,$0.07B,$0.57B,13.33%,$0.07B,$0.01B,-102.26%,$0.07B,$1.05B,6.64%,$0.15B,$0.85B,17.87%,$233,$163,$70,$0,$48,$206,$26,$-5,$-3,$2,$-5,$-5,$-6,$26,$26,$48,48,$-0.47,$-0.47,$113,$153,$0,$399,$68,$0,$557,$13,$646,$1045,$130,$280,$5,$346,$476,$725,$-253,$1,$569,$1045,$79,$36,$-17,$20,$-14,$-20,$0,$-6,$-26,$72,$-16,$0,$83,$0,$0,$0,$0,$66,$11,$0,$11,$0,$0,$-70,$14,$-44,$95,$0,$-70
20,2013-09-30,11.76,$12.54,0.94,$20.10,0.59,$2.14,5.49,$1.40,8.4,$0.44B,$0.14B,3.24,$0.30B,$0.61B,0.49,$0.97B,$0.30B,31.07%,$0.97B,$0.13B,12.86%,$0.97B,$0.13B,12.86%,$0.97B,$0.18B,18.00%,$0.97B,$0.10B,10.39%,$0.97B,$0.07B,6.89%,$0.07B,$0.61B,13.91%,$0.07B,$0.03B,-63.81%,$0.07B,$1.11B,6.69%,$0.13B,$0.90B,15.57%,$266,$183,$82,$0,$47,$176,$89,$-6,$83,$5,$78,$78,$73,$101,$89,$48,48,$1.50,$1.50,$151,$144,$0,$444,$66,$0,$575,$14,$664,$1108,$137,$297,$6,$365,$502,$650,$-138,$0,$605,$1108,$84,$37,$-42,$-5,$-28,$-17,$0,$-6,$-25,$54,$-15,$0,$82,$4,$0,$4,$0,$72,$28,$0,$28,$0,$0,$-52,$30,$7,$133,$0,$-52
21,2013-06-30,11.35,$8.82,1.29,$19.60,0.58,$1.57,7.22,$-0.05,0.0,$0.31B,$0.14B,2.31,$0.35B,$0.43B,0.83,$0.95B,$0.30B,31.36%,$0.95B,$0.06B,5.91%,$0.95B,$0.06B,5.91%,$0.95B,$0.11B,11.30%,$0.95B,$0.03B,3.38%,$0.95B,$-0.00B,-0.32%,$-0.00B,$0.43B,-0.66%,$-0.00B,$-0.16B,2.13%,$-0.00B,$0.98B,-0.31%,$0.06B,$0.78B,7.23%,$246,$168,$77,$0,$45,$231,$15,$-7,$8,$6,$2,$2,$-1,$27,$15,$48,48,$-0.01,$-0.01,$18,$143,$0,$312,$65,$0,$582,$13,$668,$980,$135,$352,$6,$420,$554,$650,$-269,$-1,$426,$980,$6,$25,$18,$43,$-26,$-16,$0,$-9,$-26,$22,$-9,$0,$0,$4,$0,$4,$0,$-4,$22,$0,$22,$0,$0,$-35,$-5,$-18,$-0,$0,$-35
22,2013-03-31,10.05,$9.11,1.1,$19.27,0.52,$1.05,9.6,$-0.04,0.0,$0.29B,$0.13B,2.15,$0.32B,$0.44B,0.73,$0.93B,$0.29B,31.47%,$0.93B,$0.06B,6.34%,$0.93B,$0.06B,6.34%,$0.93B,$0.11B,12.03%,$0.93B,$0.03B,3.65%,$0.93B,$-0.00B,-0.21%,$-0.00B,$0.44B,-0.42%,$-0.00B,$-0.15B,1.54%,$-0.00B,$0.97B,-0.20%,$0.06B,$0.76B,7.56%,$242,$165,$76,$0,$46,$225,$17,$-5,$11,$8,$4,$4,$2,$29,$17,$48,48,$0.03,$0.03,$17,$129,$0,$286,$68,$0,$591,$14,$680,$965,$133,$322,$7,$393,$526,$650,$-251,$-1,$440,$965,$4,$12,$6,$19,$-18,$-2,$0,$-0,$-2,$20,$-3,$0,$0,$0,$0,$0,$0,$-3,$2,$0,$2,$0,$0,$-17,$-3,$-18,$-2,$0,$-17
23,2012-12-31,9.11,$9.45,0.96,$18.32,0.5,$0.53,17.21,$-0.09,0.0,$0.27B,$0.11B,2.35,$0.31B,$0.46B,0.69,$0.88B,$0.28B,31.56%,$0.88B,$0.05B,6.00%,$0.88B,$0.05B,6.00%,$0.88B,$0.11B,12.22%,$0.88B,$0.03B,3.05%,$0.88B,$-0.01B,-0.57%,$-0.01B,$0.46B,-1.01%,$-0.01B,$-0.14B,3.88%,$-0.01B,$0.96B,-0.50%,$0.05B,$0.77B,6.58%,$218,$151,$67,$0,$46,$214,$4,$-6,$-1,$4,$-5,$-5,$-7,$18,$4,$48,48,$-0.13,$-0.13,$18,$127,$0,$268,$68,$0,$598,$13,$688,$955,$114,$313,$8,$385,$499,$650,$-235,$-0,$456,$955,$4,$54,$21,$74,$-2,$-14,$0,$-14,$-26,$53,$-19,$0,$-51,$0,$0,$0,$-15,$-84,$51,$0,$51,$0,$-48,$-70,$-16,$-82,$-114,$0,$-70
24,2012-09-30,8.93,$10.17,0.88,$18.26,0.49,$1.26,7.07,$1.24,7.21,$0.30B,$0.13B,2.32,$0.30B,$0.49B,0.61,$0.88B,$0.29B,32.35%,$0.88B,$0.08B,8.85%,$0.88B,$0.08B,8.85%,$0.88B,$0.14B,15.44%,$0.88B,$-0.00B,-0.45%,$0.88B,$0.06B,6.70%,$0.06B,$0.49B,11.10%,$0.06B,$-0.11B,-76.13%,$0.06B,$0.99B,5.76%,$0.08B,$0.79B,9.46%,$241,$164,$77,$0,$44,$221,$20,$-6,$14,$7,$7,$7,$3,$33,$20,$48,48,$0.07,$0.07,$20,$135,$0,$296,$64,$0,$605,$16,$694,$990,$128,$299,$8,$371,$498,$648,$-211,$-0,$491,$990,$10,$40,$10,$51,$-23,$-23,$0,$-14,$-39,$21,$-10,$0,$-59,$0,$0,$0,$-9,$-78,$47,$0,$47,$0,$-48,$-52,$-2,$-56,$-112,$0,$-52
25,2012-06-30,8.23,$10.41,0.79,$16.83,0.49,$1.92,4.28,$1.34,6.14,$0.30B,$0.13B,2.27,$0.30B,$0.50B,0.59,$0.81B,$0.26B,32.01%,$0.81B,$0.07B,8.28%,$0.81B,$0.07B,8.28%,$0.81B,$0.13B,15.45%,$0.81B,$-0.01B,-1.48%,$0.81B,$0.06B,7.91%,$0.06B,$0.50B,11.40%,$0.06B,$-0.11B,-73.56%,$0.06B,$1.00B,5.87%,$0.07B,$0.80B,7.76%,$230,$157,$73,$0,$44,$212,$18,$-8,$10,$6,$4,$4,$0,$32,$18,$48,48,$0.00,$0.00,$16,$139,$0,$302,$65,$0,$615,$14,$703,$1004,$133,$296,$6,$368,$502,$648,$-197,$-1,$503,$1004,$3,$28,$6,$34,$-22,$-26,$0,$-16,$-42,$-5,$-7,$0,$-125,$0,$0,$0,$59,$-73,$48,$0,$48,$0,$-48,$-35,$-2,$-37,$-116,$0,$-35
26,2012-03-31,8.51,$11.10,0.77,$14.91,0.57,$2.96,2.87,$1.48,5.75,$0.29B,$0.12B,2.38,$0.33B,$0.54B,0.61,$0.71B,$0.23B,31.88%,$0.71B,$0.06B,8.01%,$0.71B,$0.06B,8.01%,$0.71B,$0.11B,15.73%,$0.71B,$-0.02B,-2.25%,$0.71B,$0.07B,9.83%,$0.07B,$0.54B,12.23%,$0.07B,$-0.15B,-107.28%,$0.07B,$1.07B,6.47%,$0.06B,$0.86B,6.84%,$195,$134,$62,$0,$45,$184,$11,$-7,$4,$4,$0,$0,$-1,$25,$11,$48,48,$-0.02,$-0.02,$22,$125,$0,$294,$66,$0,$682,$23,$779,$1073,$123,$328,$5,$414,$537,$658,$-180,$0,$536,$1073,$1,$14,$-0,$13,$-2,$-5,$0,$-13,$-19,$-5,$-3,$0,$-124,$0,$0,$0,$4,$-123,$79,$0,$79,$0,$-48,$-17,$4,$18,$-110,$0,$-17
27,2011-12-31,6.95,$12.35,0.56,$14.67,0.47,$3.89,1.79,$1.35,5.15,$0.36B,$0.12B,3.05,$0.25B,$0.60B,0.42,$0.69B,$0.22B,31.84%,$0.69B,$0.05B,6.63%,$0.69B,$0.05B,6.63%,$0.69B,$0.10B,14.12%,$0.69B,$-0.02B,-3.17%,$0.69B,$0.06B,9.22%,$0.06B,$0.60B,11.17%,$0.06B,$0.06B,-164.10%,$0.06B,$1.03B,6.05%,$0.05B,$0.85B,5.89%,$215,$143,$73,$0,$61,$186,$29,$-9,$-32,$-1,$-30,$-30,$57,$46,$29,$48,48,$1.19,$1.19,$132,$96,$0,$360,$44,$0,$534,$14,$670,$1030,$118,$250,$3,$315,$433,$658,$-161,$0,$596,$1030,$73,$51,$-58,$-7,$-8,$5,$0,$1,$25,$91,$-22,$0,$-61,$0,$0,$0,$-4,$-87,$129,$0,$129,$20,$65,$-67,$-13,$114,$119,$0,$-67
28,2011-09-30,6.66,$12.65,0.53,$14.42,0.46,$3.27,2.04,$0.13,51.2,$0.41B,$0.19B,2.16,$0.33B,$0.61B,0.55,$0.67B,$0.20B,30.68%,$0.67B,$0.04B,5.41%,$0.67B,$0.04B,5.41%,$0.67B,$0.09B,12.78%,$0.67B,$0.01B,0.75%,$0.67B,$0.01B,0.90%,$0.01B,$0.61B,1.06%,$0.01B,$-0.15B,-31.58%,$0.01B,$1.25B,0.57%,$0.04B,$0.95B,4.81%,$169,$118,$51,$0,$35,$160,$9,$-3,$6,$3,$3,$3,$8,$22,$9,$47,47,$0.17,$0.17,$11,$109,$0,$406,$50,$0,$762,$31,$847,$1252,$187,$334,$43,$454,$641,$658,$-200,$0,$611,$1252,$14,$35,$10,$45,$-23,$-0,$0,$-7,$-2,$58,$-15,$0,$-259,$0,$0,$0,$0,$-274,$197,$0,$197,$20,$65,$-50,$1,$213,$-3,$0,$-50
29,2011-06-30,8.82,$11.72,0.75,$21.86,0.4,$2.94,3.0,$-0.76,0.0,$0.33B,$0.18B,1.83,$0.13B,$0.55B,0.24,$0.96B,$0.25B,26.44%,$0.96B,$0.01B,0.63%,$0.96B,$0.01B,0.63%,$0.96B,$0.05B,5.54%,$0.96B,$-0.03B,-2.61%,$0.96B,$-0.03B,-3.34%,$-0.03B,$0.55B,-5.87%,$-0.03B,$-0.03B,1828.57%,$-0.03B,$0.98B,-3.23%,$0.01B,$0.68B,0.87%,$133,$92,$41,$0,$27,$125,$8,$-2,$6,$3,$3,$3,$6,$19,$8,$47,47,$0.14,$0.14,$9,$88,$0,$334,$40,$0,$572,$27,$642,$976,$182,$129,$43,$246,$429,$639,$-184,$0,$547,$976,$2,$22,$12,$34,$2,$-11,$0,$-3,$13,$48,$-11,$0,$0,$0,$0,$0,$0,$-11,$-8,$0,$-8,$0,$0,$-33,$-1,$-42,$-4,$0,$-33
30,2011-03-31,7.88,$11.52,0.68,$28.88,0.27,$2.28,3.46,$-0.94,0.0,$0.33B,$0.20B,1.68,$0.12B,$0.54B,0.22,$1.23B,$0.30B,24.27%,$1.23B,$0.01B,0.57%,$1.23B,$0.01B,0.57%,$1.23B,$0.05B,4.32%,$1.23B,$-0.03B,-2.04%,$1.23B,$-0.04B,-3.18%,$-0.04B,$0.54B,-7.14%,$-0.04B,$-0.04B,-5200.00%,$-0.04B,$0.97B,-3.97%,$0.01B,$0.66B,1.02%,$177,$121,$56,$0,$40,$177,$0,$-3,$-2,$3,$-5,$-5,$-7,$11,$0,$47,47,$-0.15,$-0.15,$17,$78,$0,$329,$35,$0,$580,$24,$643,$971,$196,$120,$43,$237,$433,$639,$-190,$0,$538,$971,$-7,$11,$11,$22,$5,$-1,$0,$-3,$25,$40,$-5,$0,$0,$0,$0,$0,$0,$-5,$-16,$0,$-16,$0,$0,$-16,$-0,$-32,$4,$0,$-16
31,2010-12-31,9.06,$12.33,0.73,$34.74,0.26,$1.95,4.65,$-1.23,0.0,$0.33B,$0.15B,2.2,$0.14B,$0.58B,0.24,$1.41B,$0.31B,22.28%,$1.41B,$-0.01B,-0.57%,$1.41B,$-0.01B,-0.57%,$1.41B,$0.04B,2.49%,$1.41B,$-0.04B,-2.92%,$1.41B,$-0.05B,-3.42%,$-0.05B,$0.58B,-8.98%,$-0.05B,$0.14B,492.31%,$-0.05B,$0.98B,-4.94%,$-0.01B,$0.72B,-1.19%,$186,$130,$56,$0,$42,$167,$19,$-3,$-5,$1,$-6,$-6,$-1,$33,$19,$44,44,$-0.03,$-0.03,$13,$77,$0,$333,$28,$0,$433,$2,$651,$984,$151,$139,$3,$257,$408,$639,$-151,$-0,$576,$984,$-45,$44,$72,$116,$-23,$-13,$0,$-3,$-26,$45,$-9,$0,$-174,$0,$0,$0,$0,$-182,$20,$0,$20,$153,$153,$-55,$2,$120,$-18,$0,$-55
32,2010-09-30,8.11,$12.37,0.66,$40.41,0.2,$1.58,5.13,$-1.25,0.0,$0.37B,$0.19B,1.97,$0.21B,$0.52B,0.4,$1.58B,$0.34B,21.25%,$1.58B,$-0.02B,-1.33%,$1.58B,$-0.02B,-1.33%,$1.58B,$0.02B,1.08%,$1.58B,$-0.03B,-1.96%,$1.58B,$-0.05B,-3.10%,$-0.05B,$0.52B,-9.46%,$-0.05B,$-0.08B,110.11%,$-0.05B,$1.03B,-5.25%,$-0.02B,$0.72B,-3.28%,$461,$361,$100,$0,$69,$482,$-21,$-3,$-24,$5,$-29,$-29,$-30,$-10,$-21,$42,42,$-0.72,$-0.72,$24,$87,$0,$373,$32,$0,$600,$17,$654,$1028,$190,$205,$42,$320,$510,$561,$-135,$-1,$518,$1028,$-45,$29,$64,$93,$-45,$-19,$0,$-4,$-19,$29,$-5,$0,$-174,$0,$0,$0,$0,$-178,$99,$0,$99,$75,$75,$-41,$9,$143,$-7,$0,$-41
33,2010-06-30,6.57,$13.21,0.5,$38.26,0.17,$1.53,4.3,$-0.47,0.0,$0.33B,$0.18B,1.85,$0.10B,$0.55B,0.19,$1.44B,$0.31B,21.26%,$1.44B,$0.01B,0.55%,$1.44B,$0.01B,0.55%,$1.44B,$0.04B,3.05%,$1.44B,$-0.00B,-0.14%,$1.44B,$-0.02B,-1.18%,$-0.02B,$0.55B,-3.28%,$-0.02B,$-0.02B,78.16%,$-0.02B,$0.95B,-1.91%,$0.01B,$0.66B,1.31%,$404,$319,$86,$0,$67,$395,$9,$-3,$6,$7,$-1,$-1,$-1,$19,$9,$41,41,$-0.04,$-0.04,$15,$79,$0,$328,$32,$0,$568,$17,$622,$950,$177,$102,$41,$220,$397,$561,$-91,$-1,$553,$950,$-16,$19,$22,$41,$-18,$-19,$0,$-4,$-17,$8,$-2,$0,$-84,$0,$0,$0,$0,$-86,$87,$0,$87,$0,$0,$-27,$2,$62,$-16,$0,$-27
34,2010-03-31,7.31,$13.43,0.54,$37.17,0.2,$1.85,3.94,$-0.41,0.0,$0.29B,$0.22B,1.36,$0.10B,$0.49B,0.2,$1.33B,$0.29B,21.46%,$1.33B,$0.00B,0.15%,$1.33B,$0.00B,0.15%,$1.33B,$0.04B,2.79%,$1.33B,$-0.01B,-0.68%,$1.33B,$-0.02B,-1.13%,$-0.02B,$0.49B,-2.93%,$-0.02B,$-0.08B,101.69%,$-0.02B,$0.92B,-1.74%,$0.00B,$0.59B,0.33%,$354,$283,$71,$0,$66,$369,$-15,$-3,$-18,$-3,$-15,$-15,$-16,$-7,$-15,$37,37,$-0.44,$-0.44,$22,$59,$0,$294,$33,$0,$575,$16,$630,$924,$217,$100,$39,$216,$432,$486,$-75,$-2,$492,$924,$-15,$8,$17,$25,$0,$-0,$0,$-1,$7,$16,$-1,$0,$-84,$0,$0,$0,$0,$-85,$70,$0,$70,$0,$0,$-12,$2,$59,$-9,$0,$-12
35,2009-12-31,5.95,$13.87,0.43,$36.24,0.16,$2.22,2.68,$-0.84,0.0,$0.28B,$0.13B,2.12,$0.09B,$0.51B,0.17,$1.25B,$0.27B,21.78%,$1.25B,$-0.05B,-3.60%,$1.25B,$-0.05B,-3.60%,$1.25B,$-0.01B,-0.72%,$1.25B,$-0.06B,-4.88%,$1.25B,$-0.03B,-2.08%,$-0.03B,$0.51B,-5.07%,$-0.03B,$0.00B,2600.00%,$-0.03B,$0.83B,-3.11%,$-0.05B,$0.59B,-7.57%,$362,$283,$79,$0,$59,$356,$6,$-2,$5,$5,$-0,$-0,$-2,$15,$6,$37,37,$-0.05,$-0.05,$31,$52,$0,$275,$26,$0,$504,$21,$556,$831,$130,$86,$47,$193,$323,$486,$-47,$-2,$508,$831,$-40,$35,$39,$73,$0,$-1,$0,$-4,$-14,$20,$-4,$0,$-1,$0,$0,$0,$0,$-5,$-77,$0,$-77,$42,$42,$-46,$-0,$-81,$-66,$0,$-46
36,2009-09-30,4.74,$14.18,0.33,$38.24,0.12,$2.68,1.77,$-0.75,0.0,$0.29B,$0.15B,1.93,$0.08B,$0.52B,0.15,$1.26B,$0.28B,22.35%,$1.26B,$-0.04B,-3.33%,$1.26B,$-0.04B,-3.33%,$1.26B,$-0.01B,-0.48%,$1.26B,$-0.06B,-4.83%,$1.26B,$-0.02B,-1.82%,$-0.02B,$0.52B,-4.41%,$-0.02B,$0.01B,173.58%,$-0.02B,$0.85B,-2.63%,$-0.04B,$0.60B,-6.74%,$324,$253,$71,$0,$57,$316,$8,$-3,$5,$2,$3,$3,$2,$17,$8,$37,37,$0.06,$0.06,$47,$54,$0,$288,$26,$0,$511,$20,$563,$851,$149,$79,$43,$182,$331,$486,$-32,$-2,$519,$851,$-40,$26,$28,$55,$6,$-2,$0,$-3,$6,$21,$-2,$0,$-1,$0,$0,$0,$0,$-4,$-76,$0,$-76,$42,$42,$-34,$-0,$-68,$-50,$0,$-34
37,2009-06-30,3.52,$14.50,0.24,$42.51,0.08,$2.71,1.3,$-0.64,0.0,$0.28B,$0.13B,2.16,$0.08B,$0.53B,0.15,$1.35B,$0.30B,22.34%,$1.35B,$-0.04B,-2.74%,$1.35B,$-0.04B,-2.74%,$1.35B,$-0.00B,-0.07%,$1.35B,$-0.06B,-4.22%,$1.35B,$-0.02B,-1.48%,$-0.02B,$0.53B,-3.90%,$-0.02B,$0.01B,52.98%,$-0.02B,$0.85B,-2.21%,$-0.04B,$0.61B,-5.83%,$288,$223,$64,$0,$55,$285,$3,$-4,$-1,$-1,$-0,$-0,$1,$12,$3,$33,33,$0.02,$0.02,$58,$55,$0,$282,$28,$0,$518,$18,$570,$852,$131,$80,$50,$191,$321,$486,$-22,$-2,$531,$852,$-42,$18,$29,$47,$26,$-4,$0,$-3,$12,$17,$-2,$0,$-2,$0,$0,$0,$0,$-3,$-76,$0,$-76,$42,$42,$-21,$2,$-53,$-39,$0,$-21
38,2009-03-31,3.74,$15.68,0.24,$46.38,0.08,$2.82,1.33,$1.64,2.28,$0.23B,$0.12B,1.89,$0.08B,$0.49B,0.16,$1.46B,$0.33B,22.28%,$1.46B,$-0.04B,-2.39%,$1.46B,$-0.04B,-2.39%,$1.46B,$0.00B,0.07%,$1.46B,$-0.06B,-3.83%,$1.46B,$0.05B,3.55%,$0.05B,$0.49B,10.38%,$0.05B,$-0.03B,-82.54%,$0.05B,$0.81B,5.49%,$-0.04B,$0.58B,-5.43%,$275,$217,$58,$0,$62,$337,$-62,$-8,$-70,$-27,$-42,$-42,$-27,$-53,$-62,$32,32,$-0.87,$-0.87,$32,$48,$0,$226,$29,$0,$523,$21,$581,$806,$119,$81,$51,$192,$312,$444,$-12,$-3,$494,$806,$-42,$9,$31,$40,$46,$3,$0,$-2,$28,$26,$-1,$0,$-1,$0,$0,$0,$0,$-2,$-76,$0,$-76,$0,$0,$-11,$-2,$-89,$-65,$0,$-11
39,2008-12-31,4.57,$17.25,0.26,$48.80,0.09,$2.84,1.61,$2.48,1.84,$0.34B,$0.14B,2.41,$0.16B,$0.54B,0.3,$1.54B,$0.34B,22.29%,$1.54B,$0.03B,1.82%,$1.54B,$0.03B,1.82%,$1.54B,$0.07B,4.22%,$1.54B,$0.01B,0.65%,$1.54B,$0.08B,5.07%,$0.08B,$0.54B,16.18%,$0.08B,$-0.05B,-67.24%,$0.08B,$0.98B,7.80%,$0.03B,$0.71B,4.32%,$375,$286,$89,$0,$73,$366,$9,$-4,$5,$3,$2,$2,$1,$18,$9,$32,32,$0.04,$0.04,$97,$51,$0,$335,$31,$0,$589,$22,$649,$984,$139,$164,$51,$301,$440,$444,$26,$-5,$544,$984,$82,$37,$-73,$-36,$30,$0,$0,$-18,$-6,$41,$-12,$0,$-13,$0,$0,$0,$0,$-25,$2,$0,$2,$0,$0,$-41,$1,$-38,$-22,$0,$-41
40,2008-09-30,5.51,$15.21,0.36,$46.05,0.12,$3.12,1.77,$2.33,2.37,$0.36B,$0.16B,2.31,$0.16B,$0.48B,0.34,$1.42B,$0.32B,22.32%,$1.42B,$0.03B,2.05%,$1.42B,$0.03B,2.05%,$1.42B,$0.06B,4.45%,$1.42B,$0.01B,0.85%,$1.42B,$0.07B,5.23%,$0.07B,$0.48B,16.29%,$0.07B,$-0.09B,-80.43%,$0.07B,$0.99B,7.70%,$0.03B,$0.64B,4.67%,$414,$323,$91,$0,$72,$400,$13,$-4,$9,$3,$6,$6,$5,$22,$13,$32,32,$0.17,$0.17,$90,$50,$0,$358,$30,$0,$570,$18,$626,$985,$155,$164,$45,$350,$505,$413,$66,$0,$480,$985,$79,$28,$-72,$-44,$-0,$0,$0,$-23,$-10,$26,$-9,$0,$-20,$0,$0,$0,$-0,$-29,$3,$0,$3,$0,$0,$-31,$1,$-26,$-30,$0,$-31
41,2008-06-30,4.39,$15.40,0.29,$39.77,0.11,$3.10,1.42,$2.30,1.91,$0.38B,$0.18B,2.17,$0.17B,$0.49B,0.34,$1.22B,$0.28B,22.93%,$1.22B,$0.02B,1.89%,$1.22B,$0.02B,1.89%,$1.22B,$0.06B,4.52%,$1.22B,$0.01B,0.82%,$1.22B,$0.07B,6.00%,$0.07B,$0.49B,16.38%,$0.07B,$-0.09B,-95.42%,$0.07B,$1.01B,8.19%,$0.02B,$0.65B,3.99%,$399,$311,$88,$0,$73,$394,$5,$-5,$-0,$1,$-1,$-1,$73,$14,$5,$32,32,$2.30,$2.30,$100,$56,$0,$380,$31,$0,$574,$18,$632,$1012,$176,$166,$44,$351,$527,$423,$61,$1,$485,$1012,$73,$19,$-70,$-51,$8,$-5,$0,$-17,$3,$25,$-7,$0,$-19,$0,$0,$0,$-0,$-27,$3,$0,$3,$0,$0,$-20,$-0,$-17,$-19,$0,$-20
42,2008-03-31,4.93,$13.30,0.37,$34.47,0.14,$2.60,1.9,$0.09,54.72,$0.30B,$0.23B,1.28,$0.17B,$0.42B,0.4,$1.02B,$0.24B,23.52%,$1.02B,$0.02B,2.17%,$1.02B,$0.02B,2.17%,$1.02B,$0.05B,5.12%,$1.02B,$0.01B,1.28%,$1.02B,$0.00B,0.30%,$0.00B,$0.42B,0.69%,$0.00B,$-0.24B,-7.10%,$0.00B,$1.02B,0.37%,$0.02B,$0.59B,4.14%,$351,$276,$75,$0,$65,$350,$1,$-5,$-4,$-0,$-3,$-3,$-1,$11,$1,$32,32,$-0.03,$-0.03,$14,$51,$0,$296,$40,$0,$660,$14,$723,$1019,$231,$169,$47,$369,$600,$433,$-12,$-2,$419,$1019,$-1,$10,$1,$11,$20,$1,$0,$-18,$20,$30,$-5,$0,$-164,$0,$0,$0,$0,$-169,$44,$0,$44,$0,$0,$-10,$-0,$34,$-105,$0,$-10
43,2007-12-31,5.45,$13.73,0.4,$31.96,0.17,$1.68,3.25,$1.92,2.84,$0.30B,$0.11B,2.81,$0.17B,$0.43B,0.39,$0.84B,$0.21B,24.61%,$0.84B,$0.02B,2.85%,$0.84B,$0.02B,2.85%,$0.84B,$0.05B,5.83%,$0.84B,$0.02B,2.26%,$0.84B,$0.04B,4.88%,$0.04B,$0.43B,10.14%,$0.04B,$0.05B,-410.00%,$0.04B,$0.83B,5.94%,$0.02B,$0.60B,5.22%,$252,$191,$62,$0,$47,$243,$10,$-3,$7,$3,$4,$4,$-3,$16,$10,$28,28,$-0.58,$-0.58,$116,$35,$0,$299,$20,$0,$382,$18,$529,$828,$107,$170,$21,$289,$395,$444,$-11,$0,$433,$828,$51,$25,$-28,$-2,$-13,$-6,$0,$-6,$-7,$42,$-9,$0,$-105,$0,$0,$0,$0,$-114,$65,$0,$65,$169,$169,$-46,$-3,$185,$112,$0,$-46
44,2007-09-30,5.76,$14.16,0.41,$35.11,0.16,$1.65,3.5,$2.03,2.84,$0.18B,$0.13B,1.46,$0.02B,$0.45B,0.04,$0.75B,$0.18B,23.62%,$0.75B,$0.00B,0.27%,$0.75B,$0.00B,0.27%,$0.75B,$0.03B,3.49%,$0.75B,$-0.01B,-1.48%,$0.75B,$0.03B,3.62%,$0.03B,$0.45B,7.50%,$0.03B,$-0.03B,-87.80%,$0.03B,$0.71B,4.39%,$0.00B,$0.47B,0.53%,$215,$162,$54,$0,$41,$208,$7,$-1,$7,$3,$4,$3,$4,$14,$7,$32,32,$0.14,$0.14,$6,$33,$0,$183,$27,$0,$474,$19,$525,$708,$125,$19,$19,$136,$262,$444,$3,$0,$446,$708,$44,$19,$-33,$-14,$-15,$-1,$0,$-5,$-8,$22,$-5,$0,$-105,$0,$0,$0,$0,$-110,$-61,$0,$-61,$169,$169,$-22,$2,$88,$-1,$0,$-22
45,2007-06-30,6.28,$14.32,0.44,$36.18,0.17,$1.43,4.39,$1.70,3.7,$0.21B,$0.08B,2.5,$0.02B,$0.45B,0.04,$0.69B,$0.16B,23.22%,$0.69B,$-0.01B,-0.87%,$0.69B,$-0.01B,-0.87%,$0.69B,$0.02B,2.18%,$0.69B,$-0.02B,-3.05%,$0.69B,$0.02B,2.76%,$0.02B,$0.45B,6.00%,$0.02B,$0.05B,-49.03%,$0.02B,$0.65B,3.36%,$-0.01B,$0.47B,-1.74%,$198,$150,$48,$0,$39,$193,$4,$-1,$3,$2,$1,$1,$3,$11,$4,$27,27,$0.09,$0.09,$73,$11,$0,$205,$22,$0,$403,$18,$448,$653,$82,$17,$18,$119,$201,$444,$8,$0,$452,$653,$39,$12,$-35,$-23,$-3,$-1,$0,$-7,$-11,$6,$-4,$0,$-8,$0,$0,$0,$0,$-12,$-85,$0,$-85,$169,$169,$-12,$1,$72,$66,$0,$-12
46,2007-03-31,5.8,$14.01,0.41,$36.95,0.16,$2.02,2.87,$1.82,3.19,$0.13B,$0.17B,0.77,$0.02B,$0.29B,0.06,$0.57B,$0.13B,22.94%,$0.57B,$-0.01B,-1.40%,$0.57B,$-0.01B,-1.40%,$0.57B,$0.01B,1.05%,$0.57B,$-0.02B,-4.03%,$0.57B,$0.02B,3.15%,$0.02B,$0.29B,6.64%,$0.02B,$-0.11B,-30.25%,$0.02B,$0.57B,3.48%,$-0.01B,$0.30B,-2.60%,$176,$134,$43,$0,$34,$173,$3,$-1,$2,$1,$1,$1,$37,$8,$3,$20,20,$1.81,$1.81,$9,$9,$0,$133,$20,$0,$399,$17,$441,$574,$173,$16,$17,$115,$288,$269,$18,$0,$286,$574,$37,$5,$-36,$-31,$4,$0,$0,$-7,$-8,$-1,$-1,$0,$-0,$0,$0,$0,$0,$-1,$11,$0,$11,$0,$0,$-6,$-0,$4,$2,$0,$-6
