,Date,Stock Price,Book Value per Share,Price to Book Ratio,TTM Sales per Share,Price to Sales Ratio,TTM FCF per Share,Price to FCF Ratio,TTM Net EPS,PE Ratio,Current Assets,Current Liabilities,Current Ratio,Long Term Debt,Shareholder's Equity_x,Debt to Equity Ratio,TTM Revenue_x,TTM Gross Profit,Gross Margin,TTM Revenue_y,TTM Operating Income,Operating Margin,TTM Revenue_x,TTM EBIT,EBIT Margin,TTM Revenue_y,TTM EBITDA,EBITDA Margin,TTM Revenue_x,TTM Pre-Tax Income,Pre-Tax Margin,TTM Revenue_y,TTM Net Income_x,Net Margin,TTM Net Income_y,Shareholder's Equity_y,Return on Equity,TTM Net Income_x,Tangible Equity,Return on Tangible Equity,TTM Net Income_y,Total Assets,Return on Assets,TTM Net Income,LT Investments & Debt,Return on Investment,revenue,cost-goods-sold,gross-profit,research-development-expenses,selling-general-administrative-expenses,operating-expenses,operating-income,total-non-operating-income-expense,pre-tax-income,total-provision-income-taxes,income-after-taxes,income-from-continuous-operations,net-income,ebitda,ebit,basic-shares-outstanding,shares-outstanding,eps-basic-net-earnings-per-share,eps-earnings-per-share-diluted,cash-on-hand,inventory,other-current-assets,total-current-assets,net-property-plant-equipment,long-term-investments,goodwill-intangible-assets-total,other-long-term-assets,total-long-term-assets,total-assets,total-current-liabilities,long-term-debt,other-non-current-liabilities,total-long-term-liabilities,total-liabilities,common-stock-net,retained-earnings-accumulated-deficit,comprehensive-income,total-share-holder-equity,total-liabilities-share-holders-equity,net-income-loss,total-depreciation-amortization-cash-flow,other-non-cash-items,total-non-cash-items,change-in-accounts-receivable,change-in-inventories,change-in-accounts-payable,change-in-assets-liabilities,total-change-in-assets-liabilities,cash-flow-from-operating-activities,net-change-in-property-plant-equipment,net-change-in-intangible-assets,net-acquisitions-divestitures,net-change-in-short-term-investments,net-change-in-long-term-investments,net-change-in-investments-total,investing-activities-other,cash-flow-from-investing-activities,net-long-term-debt,net-current-debt,debt-issuance-retirement-net-total,net-common-equity-issued-repurchased,net-total-equity-issued-repurchased,total-common-preferred-stock-dividends-paid,financial-activities-other,cash-flow-from-financial-activities,net-cash-flow,stock-based-compensation,common-stock-dividends-paid
0,2018-09-30,22.52,$4.83,4.67,$4.12,5.47,$5.81,3.88,$0.53,42.49,$0.62B,$0.37B,1.69,$1.22B,$2.09B,0.58,$1.87B,$1.14B,60.74%,$1.87B,$-0.01B,-0.43%,$1.87B,$-0.01B,-0.43%,$1.87B,$0.43B,22.86%,$1.87B,$-0.09B,-4.54%,$1.87B,$0.24B,12.66%,$0.24B,$2.09B,10.33%,$0.24B,$2.09B,10.33%,$0.24B,$4.18B,5.31%,$-0.01B,$3.31B,-0.23%,$545,$240,$305,$10,$24,$369,$176,$-14,$162,$39,$122,$122,$122,$298,$176,$441,443,$0.28,$0.28,$316,$12,$3,$620,$3366,$158,$0,$35,$3559,$4179,$366,$1219,$110,$1719,$2085,$48,$1363,$2,$2094,$4179,$282,$292,$202,$494,$-7,$-5,$32,$8,$13,$789,$28,$0,$0,$0,$-73,$-73,$0,$-45,$-237,$0,$-237,$-582,$-582,$-81,$-8,$-908,$-164,$16,$-81
1,2018-06-30,23.74,$4.88,4.86,$3.72,6.39,$4.32,5.49,$0.29,81.86,$0.99B,$0.59B,1.67,$1.22B,$2.15B,0.57,$1.71B,$1.07B,62.50%,$1.71B,$-0.14B,-8.41%,$1.71B,$-0.14B,-8.41%,$1.71B,$0.32B,18.52%,$1.71B,$-0.22B,-12.97%,$1.71B,$0.13B,7.77%,$0.13B,$2.15B,5.47%,$0.13B,$2.15B,5.47%,$0.13B,$4.40B,2.83%,$-0.14B,$3.37B,-3.93%,$453,$210,$244,$55,$27,$375,$78,$-23,$55,$12,$42,$42,$42,$164,$78,$451,453,$0.09,$0.09,$741,$20,$4,$987,$3225,$148,$0,$36,$3409,$4397,$591,$1219,$109,$1652,$2243,$48,$1267,$2,$2154,$4397,$160,$169,$148,$317,$39,$-12,$7,$24,$70,$547,$260,$0,$0,$0,$-63,$-63,$0,$197,$0,$0,$0,$-420,$-420,$-55,$-8,$-482,$261,$10,$-55
2,2018-03-31,23.86,$5.31,4.49,$3.70,6.45,$2.84,8.4,$0.25,95.43,$1.24B,$0.51B,2.42,$1.22B,$2.41B,0.51,$1.72B,$1.14B,66.03%,$1.72B,$-0.17B,-9.60%,$1.72B,$-0.17B,-9.60%,$1.72B,$0.36B,20.71%,$1.72B,$-0.24B,-13.96%,$1.72B,$0.11B,6.57%,$0.11B,$2.41B,4.42%,$0.11B,$2.41B,4.42%,$0.11B,$4.54B,2.30%,$-0.17B,$3.63B,-4.27%,$473,$137,$336,$4,$31,$296,$177,$-20,$157,$40,$117,$117,$117,$260,$177,$460,462,$0.26,$0.25,$965,$12,$7,$1236,$3146,$121,$0,$36,$3302,$4538,$510,$1218,$82,$1621,$2132,$48,$1252,$2,$2407,$4538,$117,$83,$80,$163,$50,$-4,$-14,$-15,$-8,$273,$490,$0,$0,$0,$-35,$-35,$0,$455,$0,$0,$0,$-207,$-207,$-28,$-8,$-243,$485,$5,$-28
3,2017-12-31,28.39,$5.48,5.18,$3.79,7.5,$1.32,21.56,$0.22,129.06,$0.77B,$0.63B,1.21,$1.22B,$2.52B,0.48,$1.76B,$1.17B,66.04%,$1.76B,$-0.15B,-8.62%,$1.76B,$-0.15B,-8.62%,$1.76B,$0.42B,23.92%,$1.76B,$-0.23B,-12.93%,$1.76B,$0.10B,5.78%,$0.10B,$2.52B,3.88%,$0.10B,$2.52B,3.88%,$0.10B,$4.73B,2.01%,$-0.15B,$3.74B,-3.79%,$401,$149,$252,$5,$34,$839,$-439,$-20,$-459,$-415,$-44,$-44,$-44,$-294,$-439,$464,466,$-0.10,$-0.10,$480,$8,$4,$765,$3072,$86,$0,$804,$3962,$4727,$630,$1218,$99,$1573,$2203,$48,$1162,$2,$2524,$4727,$100,$574,$302,$876,$-25,$1,$-3,$-5,$-78,$898,$-649,$0,$0,$0,$-57,$-57,$0,$-706,$0,$0,$0,$-124,$-124,$-79,$-8,$-211,$-18,$33,$-79
4,2017-09-30,26.51,$5.72,4.64,$3.62,7.33,$0.94,28.16,$-0.31,0.0,$0.72B,$0.44B,1.64,$1.29B,$2.65B,0.49,$1.68B,$1.09B,64.86%,$1.68B,$-0.16B,-9.29%,$1.68B,$-0.16B,-9.29%,$1.68B,$0.42B,24.72%,$1.68B,$-0.23B,-13.88%,$1.68B,$-0.15B,-8.76%,$-0.15B,$2.65B,-5.57%,$-0.15B,$2.65B,-5.57%,$-0.15B,$5.13B,-2.84%,$-0.16B,$3.93B,-3.80%,$385,$147,$238,$6,$32,$345,$40,$-15,$25,$7,$18,$18,$18,$187,$40,$462,465,$0.04,$0.04,$510,$13,$6,$718,$4235,$149,$0,$27,$4411,$5129,$438,$1285,$96,$2046,$2484,$48,$1230,$3,$2645,$5129,$145,$429,$162,$591,$29,$-2,$-5,$-22,$-17,$719,$-554,$0,$0,$0,$-23,$-23,$0,$-577,$0,$0,$0,$-68,$-68,$-56,$-6,$-130,$12,$26,$-56
5,2017-06-30,24.8,$5.71,4.34,$3.46,7.18,$0.72,34.49,$-0.37,0.0,$0.74B,$0.23B,3.14,$1.52B,$2.64B,0.58,$1.60B,$1.03B,64.09%,$1.60B,$-0.19B,-11.97%,$1.60B,$-0.19B,-11.97%,$1.60B,$0.37B,23.19%,$1.60B,$-0.28B,-17.21%,$1.60B,$-0.18B,-10.91%,$-0.18B,$2.64B,-6.49%,$-0.18B,$2.64B,-6.49%,$-0.18B,$5.22B,-3.31%,$-0.19B,$4.16B,-4.55%,$460,$151,$309,$4,$32,$403,$57,$-20,$37,$16,$22,$22,$22,$203,$57,$465,467,$0.05,$0.05,$517,$11,$14,$736,$4203,$141,$0,$140,$4484,$5219,$234,$1521,$167,$2343,$2577,$48,$1236,$1,$2642,$5219,$127,$282,$120,$401,$14,$-0,$-4,$-2,$1,$530,$-392,$0,$0,$0,$-14,$-14,$0,$-405,$0,$0,$0,$-68,$-68,$-33,$-6,$-106,$18,$18,$-33
6,2017-03-31,23.6,$5.82,4.06,$3.00,7.87,$0.52,45.81,$-0.56,0.0,$0.75B,$0.22B,3.34,$1.52B,$2.71B,0.56,$1.39B,$0.83B,59.67%,$1.39B,$-0.32B,-22.93%,$1.39B,$-0.32B,-22.93%,$1.39B,$0.25B,17.83%,$1.39B,$-0.41B,-29.48%,$1.39B,$-0.26B,-18.69%,$-0.26B,$2.71B,-9.44%,$-0.26B,$2.71B,-9.44%,$-0.26B,$5.24B,-4.84%,$-0.32B,$4.23B,-7.46%,$518,$152,$366,$6,$33,$328,$190,$-21,$169,$63,$106,$106,$106,$326,$190,$465,467,$0.23,$0.23,$537,$12,$4,$748,$4328,$136,$0,$32,$4496,$5244,$224,$1521,$164,$2313,$2537,$48,$1237,$1,$2707,$5244,$106,$136,$31,$167,$-2,$1,$0,$-14,$-4,$269,$-208,$0,$0,$0,$-8,$-8,$0,$-216,$0,$0,$0,$0,$0,$-9,$-5,$-15,$39,$8,$-9
7,2016-12-31,23.03,$5.52,4.17,$2.54,9.06,$0.44,52.25,$-0.91,0.0,$0.72B,$0.26B,2.78,$1.52B,$2.57B,0.59,$1.16B,$0.61B,52.64%,$1.16B,$-0.56B,-48.83%,$1.16B,$-0.56B,-48.83%,$1.16B,$0.03B,2.60%,$1.16B,$-0.66B,-57.06%,$1.16B,$-0.42B,-36.10%,$-0.42B,$2.57B,-14.82%,$-0.42B,$2.57B,-14.82%,$-0.42B,$5.12B,-7.61%,$-0.56B,$4.09B,-12.97%,$316,$140,$176,$15,$24,$760,$-443,$-21,$-464,$-171,$-293,$-293,$-293,$-301,$-443,$457,457,$-0.63,$-0.63,$499,$13,$3,$716,$4250,$130,$0,$27,$4407,$5123,$258,$1521,$161,$2297,$2555,$48,$1099,$1,$2568,$5123,$-417,$595,$283,$878,$-71,$3,$11,$-0,$-63,$397,$-325,$0,$0,$0,$-28,$-28,$0,$-353,$-497,$0,$-497,$995,$995,$-36,$-8,$454,$498,$26,$-36
8,2016-09-30,25.42,$6.16,4.13,$2.53,10.05,$-0.20,0.0,$-0.55,0.0,$0.66B,$0.20B,3.33,$1.52B,$2.86B,0.53,$1.12B,$0.57B,50.89%,$1.12B,$-0.28B,-24.73%,$1.12B,$-0.28B,-24.73%,$1.12B,$0.33B,29.11%,$1.12B,$-0.38B,-33.66%,$1.12B,$-0.24B,-20.98%,$-0.24B,$2.86B,-8.79%,$-0.24B,$2.86B,-8.79%,$-0.24B,$5.53B,-4.26%,$-0.28B,$4.38B,-6.40%,$310,$133,$177,$3,$28,$307,$4,$-22,$-18,$-8,$-10,$-10,$-10,$144,$4,$465,465,$-0.02,$-0.02,$501,$13,$4,$656,$4723,$128,$0,$26,$4876,$5532,$197,$1520,$164,$2472,$2669,$48,$1401,$-0,$2863,$5532,$-124,$453,$-31,$422,$-1,$3,$-12,$-18,$-39,$258,$-196,$0,$0,$0,$-24,$-24,$0,$-220,$-497,$0,$-497,$995,$995,$-27,$-8,$463,$501,$23,$-27
9,2016-06-30,25.34,$6.19,4.1,$2.60,9.74,$-0.88,0.0,$-0.57,0.0,$0.66B,$0.23B,2.89,$1.52B,$2.88B,0.53,$1.12B,$0.56B,50.04%,$1.12B,$-0.28B,-25.29%,$1.12B,$-0.28B,-25.29%,$1.12B,$0.33B,29.24%,$1.12B,$-0.39B,-34.53%,$1.12B,$-0.24B,-21.61%,$-0.24B,$2.88B,-9.69%,$-0.24B,$2.88B,-9.69%,$-0.24B,$5.57B,-4.38%,$-0.28B,$4.40B,-6.61%,$247,$136,$111,$4,$29,$317,$-70,$-27,$-97,$-34,$-63,$-63,$-63,$79,$-70,$465,465,$-0.14,$-0.14,$517,$15,$5,$659,$4763,$124,$0,$25,$4911,$5570,$228,$1520,$163,$2464,$2693,$48,$1420,$-0,$2878,$5570,$-114,$312,$-29,$283,$2,$1,$-17,$-3,$-16,$152,$-110,$0,$0,$0,$-18,$-18,$0,$-128,$-477,$0,$-477,$995,$995,$-18,$-8,$492,$517,$18,$-18
10,2016-03-31,22.34,$6.33,3.53,$2.81,7.95,$-1.46,0.0,$-0.50,0.0,$0.72B,$0.20B,3.62,$1.58B,$2.94B,0.54,$1.17B,$0.62B,52.47%,$1.17B,$-0.23B,-19.68%,$1.17B,$-0.23B,-19.68%,$1.17B,$0.38B,32.54%,$1.17B,$-0.33B,-28.19%,$1.17B,$-0.21B,-17.55%,$-0.21B,$2.94B,-8.94%,$-0.21B,$2.94B,-8.94%,$-0.21B,$5.70B,-3.75%,$-0.23B,$4.53B,-5.50%,$282,$138,$144,$6,$34,$337,$-55,$-25,$-80,$-29,$-51,$-51,$-51,$108,$-55,$432,432,$-0.12,$-0.12,$579,$16,$20,$721,$4838,$117,$0,$27,$4982,$5703,$199,$1583,$160,$2559,$2759,$47,$1493,$-0,$2944,$5703,$-51,$163,$-41,$122,$19,$1,$-10,$-15,$-4,$67,$-42,$0,$0,$0,$-12,$-12,$0,$-54,$-413,$0,$-413,$995,$995,$-8,$-8,$566,$579,$11,$-8
11,2015-12-31,17.38,$4.85,3.58,$3.28,5.3,$-1.82,0.0,$-0.28,0.0,$0.15B,$0.24B,0.62,$2.00B,$2.01B,0.99,$1.36B,$0.78B,57.18%,$1.36B,$-0.09B,-6.56%,$1.36B,$-0.09B,-6.56%,$1.36B,$0.54B,39.65%,$1.36B,$-0.19B,-13.78%,$1.36B,$-0.12B,-8.47%,$-0.12B,$2.01B,-5.44%,$-0.12B,$2.01B,-5.44%,$-0.12B,$5.25B,-2.11%,$-0.09B,$4.01B,-2.18%,$281,$143,$138,$9,$23,$437,$-156,$-26,$-182,$-71,$-111,$-111,$-111,$-5,$-156,$414,414,$-0.27,$-0.27,$1,$17,$3,$145,$4977,$104,$0,$28,$5108,$5253,$236,$1996,$170,$3008,$3244,$42,$1552,$-0,$2009,$5253,$-114,$627,$186,$813,$112,$-3,$-55,$-3,$50,$750,$-948,$0,$-16,$0,$-29,$-29,$0,$-993,$273,$0,$273,$0,$0,$-33,$-17,$223,$-20,$14,$-33
12,2015-09-30,21.46,$5.13,4.19,$4.08,5.26,$-1.83,0.0,$-0.55,0.0,$0.22B,$0.27B,0.81,$2.02B,$2.12B,0.95,$1.69B,$1.11B,65.70%,$1.69B,$-0.42B,-24.91%,$1.69B,$-0.42B,-24.91%,$1.69B,$0.23B,13.52%,$1.69B,$-0.52B,-30.58%,$1.69B,$-0.23B,-13.34%,$-0.23B,$2.12B,-10.53%,$-0.23B,$2.12B,-10.53%,$-0.23B,$5.49B,-4.12%,$-0.42B,$4.14B,-10.40%,$305,$140,$165,$5,$23,$306,$-1,$-25,$-26,$-10,$-16,$-16,$-16,$144,$-1,$414,414,$-0.04,$-0.04,$9,$18,$52,$215,$5141,$93,$0,$34,$5269,$5485,$266,$2017,$168,$3097,$3363,$42,$1671,$-2,$2122,$5485,$-3,$476,$101,$577,$113,$-4,$-66,$-21,$11,$585,$-812,$0,$-16,$0,$-21,$-21,$0,$-850,$285,$0,$285,$0,$0,$-25,$-8,$252,$-12,$12,$-25
13,2015-06-30,30.94,$5.19,5.97,$4.57,6.78,$-1.32,0.0,$-0.27,0.0,$0.26B,$0.28B,0.91,$2.00B,$2.15B,0.93,$1.90B,$1.33B,70.02%,$1.90B,$-0.23B,-12.15%,$1.90B,$-0.23B,-12.15%,$1.90B,$0.43B,22.62%,$1.90B,$-0.32B,-16.78%,$1.90B,$-0.11B,-5.73%,$-0.11B,$2.15B,-4.94%,$-0.11B,$2.15B,-4.94%,$-0.11B,$5.51B,-1.96%,$-0.23B,$4.14B,-5.75%,$306,$137,$169,$5,$32,$325,$-19,$-24,$-43,$-16,$-28,$-28,$-28,$135,$-19,$414,414,$-0.07,$-0.07,$15,$20,$81,$255,$5133,$81,$0,$36,$5250,$5505,$279,$1995,$170,$3080,$3359,$42,$1695,$-2,$2146,$5505,$13,$330,$80,$411,$100,$-6,$-65,$-11,$15,$439,$-642,$0,$-16,$0,$-10,$-10,$0,$-669,$243,$0,$243,$0,$0,$-17,$-2,$224,$-6,$15,$-17
14,2015-03-31,28.95,$5.26,5.5,$5.10,5.68,$-0.91,0.0,$0.08,361.85,$0.35B,$0.40B,0.87,$1.88B,$2.18B,0.86,$2.13B,$1.57B,73.73%,$2.13B,$-0.00B,-0.05%,$2.13B,$-0.00B,-0.05%,$2.13B,$0.66B,31.20%,$2.13B,$-0.08B,-3.85%,$2.13B,$0.04B,1.74%,$0.04B,$2.18B,1.63%,$0.04B,$2.18B,1.63%,$0.04B,$5.51B,0.67%,$-0.00B,$4.05B,-0.03%,$465,$161,$304,$9,$34,$377,$87,$-24,$64,$23,$40,$40,$40,$264,$87,$413,415,$0.10,$0.10,$14,$14,$136,$349,$5059,$75,$0,$30,$5163,$5512,$403,$1877,$169,$2934,$3337,$42,$1731,$-2,$2176,$5512,$40,$177,$23,$200,$50,$-0,$-30,$-2,$27,$267,$-392,$0,$0,$0,$-5,$-5,$0,$-397,$125,$0,$125,$0,$0,$-8,$6,$123,$-7,$6,$-8
15,2014-12-31,29.01,$5.19,5.59,$5.19,5.58,$-0.81,0.0,$0.24,120.85,$0.41B,$0.50B,0.83,$1.75B,$2.14B,0.82,$2.17B,$1.65B,75.89%,$2.17B,$0.11B,4.88%,$2.17B,$0.11B,4.88%,$2.17B,$0.74B,34.19%,$2.17B,$0.03B,1.47%,$2.17B,$0.10B,4.79%,$0.10B,$2.14B,4.53%,$0.10B,$2.14B,4.53%,$0.10B,$5.44B,1.93%,$0.11B,$3.90B,2.83%,$618,$143,$475,$9,$31,$1107,$-489,$-23,$-513,$-291,$-222,$-222,$-222,$-314,$-489,$416,418,$-0.53,$-0.53,$21,$14,$139,$413,$4926,$68,$0,$31,$5024,$5438,$499,$1752,$164,$2796,$3295,$42,$1699,$-2,$2143,$5438,$104,$638,$530,$1168,$-12,$3,$-8,$15,$-36,$1236,$-1440,$0,$-215,$0,$-38,$-38,$28,$-1665,$605,$0,$605,$-139,$-139,$-33,$-7,$426,$-2,$21,$-33
16,2014-09-30,32.0,$5.73,5.59,$4.87,6.57,$0.04,754.75,$0.97,32.99,$0.59B,$0.43B,1.36,$1.61B,$2.37B,0.68,$2.04B,$1.54B,75.56%,$2.04B,$0.76B,37.37%,$2.04B,$0.76B,37.37%,$2.04B,$1.41B,68.95%,$2.04B,$0.70B,34.08%,$2.04B,$0.40B,19.78%,$0.40B,$2.37B,17.49%,$0.40B,$2.37B,17.49%,$0.40B,$5.81B,7.64%,$0.76B,$3.98B,21.17%,$512,$129,$383,$9,$31,$322,$190,$-17,$173,$72,$101,$101,$101,$345,$190,$416,418,$0.24,$0.24,$310,$14,$19,$588,$5130,$57,$0,$32,$5219,$5807,$433,$1612,$152,$3008,$3441,$42,$1929,$-19,$2366,$5807,$326,$462,$153,$616,$30,$4,$-10,$0,$1,$943,$-961,$0,$-16,$0,$-29,$-29,$28,$-977,$465,$0,$465,$-120,$-120,$-25,$0,$321,$287,$7,$-25
17,2014-06-30,33.4,$5.76,5.8,$4.67,7.15,$-0.06,0.0,$0.90,37.11,$0.31B,$0.36B,0.85,$1.19B,$2.40B,0.5,$1.97B,$1.50B,76.09%,$1.97B,$0.71B,35.86%,$1.97B,$0.71B,35.86%,$1.97B,$1.37B,69.43%,$1.97B,$0.64B,32.50%,$1.97B,$0.37B,18.97%,$0.37B,$2.40B,16.21%,$0.37B,$2.40B,16.21%,$0.37B,$5.21B,7.33%,$0.71B,$3.60B,20.25%,$533,$127,$407,$5,$33,$323,$211,$-16,$194,$76,$118,$118,$118,$369,$211,$417,419,$0.28,$0.28,$46,$12,$4,$306,$4826,$50,$0,$27,$4903,$5209,$362,$1193,$115,$2445,$2807,$42,$1837,$-32,$2402,$5209,$225,$307,$99,$406,$10,$6,$-39,$1,$-47,$585,$-618,$0,$0,$0,$-22,$-22,$28,$-613,$46,$0,$46,$0,$0,$-17,$20,$50,$22,$-12,$-17
18,2014-03-31,33.13,$5.44,6.09,$4.46,7.42,$-0.06,0.0,$0.83,39.91,$0.37B,$0.43B,0.86,$1.22B,$2.27B,0.54,$1.88B,$1.44B,76.58%,$1.88B,$0.66B,35.00%,$1.88B,$0.66B,35.00%,$1.88B,$1.31B,69.73%,$1.88B,$0.59B,31.49%,$1.88B,$0.34B,18.27%,$0.34B,$2.27B,15.14%,$0.34B,$2.27B,15.14%,$0.34B,$5.15B,6.82%,$0.66B,$3.49B,19.26%,$510,$125,$384,$6,$35,$315,$194,$-17,$178,$71,$107,$107,$107,$343,$194,$417,419,$0.26,$0.26,$45,$10,$1,$374,$4711,$0,$0,$61,$4772,$5146,$433,$1222,$113,$2444,$2877,$42,$1727,$-46,$2269,$5146,$107,$149,$64,$213,$-23,$7,$-16,$-15,$-64,$255,$-339,$0,$0,$0,$-6,$-6,$8,$-336,$75,$0,$75,$0,$0,$-8,$16,$83,$2,$3,$-8
19,2013-12-31,37.88,$5.29,7.15,$4.13,9.18,$0.03,1357.77,$0.67,56.54,$0.38B,$0.41B,0.93,$1.15B,$2.21B,0.52,$1.75B,$1.35B,77.03%,$1.75B,$0.55B,31.62%,$1.75B,$0.55B,31.62%,$1.75B,$1.21B,69.13%,$1.75B,$0.49B,27.84%,$1.75B,$0.28B,16.04%,$0.28B,$2.21B,12.52%,$0.28B,$2.21B,12.52%,$0.28B,$4.98B,5.68%,$0.55B,$3.35B,16.51%,$487,$118,$369,$6,$31,$320,$168,$-17,$151,$73,$78,$78,$78,$351,$168,$420,422,$0.19,$0.18,$51,$17,$6,$379,$4546,$27,$0,$29,$4602,$4981,$408,$1147,$120,$2369,$2776,$42,$1628,$-8,$2205,$4981,$280,$655,$164,$818,$-49,$-3,$-23,$-27,$-74,$1025,$-871,$0,$0,$0,$-19,$-19,$-28,$-918,$60,$0,$60,$-165,$-165,$-25,$16,$-114,$-7,$47,$-25
20,2013-09-30,36.45,$5.52,6.61,$3.85,9.47,$-0.59,0.0,$0.58,63.4,$0.29B,$0.40B,0.73,$1.16B,$2.33B,0.5,$1.63B,$1.26B,77.29%,$1.63B,$0.49B,30.08%,$1.63B,$0.49B,30.08%,$1.63B,$1.08B,66.24%,$1.63B,$0.42B,26.03%,$1.63B,$0.24B,14.92%,$0.24B,$2.33B,10.96%,$0.24B,$2.33B,10.96%,$0.24B,$5.03B,5.02%,$0.49B,$3.49B,14.89%,$436,$100,$336,$4,$36,$304,$132,$-16,$116,$46,$70,$70,$70,$302,$132,$421,423,$0.17,$0.17,$28,$21,$61,$290,$4690,$0,$0,$51,$4742,$5031,$399,$1162,$113,$2303,$2703,$42,$1558,$33,$2329,$5031,$202,$472,$131,$603,$-6,$-7,$-20,$-1,$-38,$767,$-828,$0,$-0,$0,$-9,$-9,$0,$-837,$75,$0,$75,$0,$0,$-17,$9,$67,$-3,$27,$-17
21,2013-06-30,34.67,$5.43,6.38,$3.52,9.84,$-0.63,0.0,$0.49,70.75,$0.40B,$0.49B,0.82,$1.07B,$2.29B,0.47,$1.49B,$1.15B,77.38%,$1.49B,$0.43B,29.13%,$1.49B,$0.43B,29.13%,$1.49B,$0.96B,64.70%,$1.49B,$0.37B,24.70%,$1.49B,$0.21B,14.09%,$0.21B,$2.29B,9.72%,$0.21B,$2.29B,9.72%,$0.21B,$5.02B,4.47%,$0.43B,$3.35B,13.61%,$450,$96,$353,$5,$33,$285,$165,$-17,$148,$59,$89,$89,$89,$317,$165,$421,423,$0.21,$0.21,$47,$18,$75,$403,$4558,$0,$0,$57,$4615,$5018,$494,$1067,$114,$2237,$2732,$21,$1497,$47,$2286,$5018,$132,$302,$90,$392,$-33,$-4,$10,$-2,$-34,$490,$-523,$0,$0,$0,$-4,$-4,$0,$-527,$55,$0,$55,$0,$0,$-8,$7,$54,$17,$20,$-8
22,2013-03-31,32.99,$5.05,6.54,$3.09,10.67,$-0.53,0.0,$0.45,73.32,$0.24B,$0.45B,0.53,$1.05B,$2.12B,0.5,$1.31B,$1.00B,76.49%,$1.31B,$0.35B,26.57%,$1.31B,$0.35B,26.57%,$1.31B,$0.84B,64.47%,$1.31B,$0.28B,21.44%,$1.31B,$0.16B,12.02%,$0.16B,$2.12B,7.40%,$0.16B,$2.12B,7.40%,$0.16B,$4.69B,3.45%,$0.35B,$3.18B,11.10%,$373,$86,$287,$4,$47,$286,$87,$-16,$71,$28,$43,$43,$43,$237,$87,$420,423,$0.10,$0.10,$20,$11,$5,$239,$4413,$0,$0,$36,$4449,$4688,$447,$1052,$115,$2117,$2565,$21,$1412,$-22,$2123,$4688,$43,$150,$40,$189,$-0,$3,$-28,$1,$-20,$213,$-260,$0,$0,$0,$-1,$-1,$0,$-261,$40,$0,$40,$0,$0,$-4,$2,$38,$-10,$16,$-4
23,2012-12-31,24.26,$5.07,4.78,$2.85,8.5,$-0.55,0.0,$0.44,55.14,$0.27B,$0.44B,0.61,$1.01B,$2.13B,0.48,$1.21B,$0.92B,75.93%,$1.21B,$0.31B,25.48%,$1.21B,$0.31B,25.48%,$1.21B,$0.76B,63.32%,$1.21B,$0.24B,19.83%,$1.21B,$0.13B,10.95%,$0.13B,$2.13B,6.22%,$0.13B,$2.13B,6.22%,$0.13B,$4.62B,2.95%,$0.31B,$3.14B,9.85%,$370,$87,$283,$8,$37,$264,$106,$-17,$89,$48,$41,$41,$41,$223,$106,$419,422,$0.09,$0.09,$31,$14,$53,$270,$4311,$0,$0,$35,$4346,$4616,$444,$1012,$107,$2041,$2485,$42,$1373,$24,$2131,$4616,$132,$457,$92,$548,$-58,$7,$19,$1,$-28,$652,$-759,$0,$0,$0,$-7,$-7,$0,$-766,$137,$0,$137,$0,$0,$-17,$-6,$114,$1,$47,$-17
24,2012-09-30,21.89,$5.00,4.37,$2.61,8.38,$-0.26,0.0,$0.41,53.4,$0.23B,$0.41B,0.54,$0.99B,$2.10B,0.47,$1.10B,$0.83B,75.61%,$1.10B,$0.30B,27.20%,$1.10B,$0.30B,27.20%,$1.10B,$0.73B,66.36%,$1.10B,$0.23B,20.94%,$1.10B,$0.12B,10.61%,$0.12B,$2.10B,5.53%,$0.12B,$2.10B,5.53%,$0.12B,$4.48B,2.66%,$0.30B,$3.09B,9.69%,$297,$67,$230,$9,$34,$221,$76,$-16,$60,$23,$37,$37,$37,$187,$76,$419,422,$0.09,$0.09,$38,$18,$65,$225,$4219,$0,$0,$39,$4258,$4483,$413,$987,$105,$1970,$2383,$21,$1337,$27,$2100,$4483,$91,$340,$26,$365,$11,$4,$-16,$-1,$-3,$455,$-536,$0,$0,$0,$-4,$-4,$0,$-541,$112,$0,$112,$0,$0,$-13,$-6,$93,$8,$38,$-13
25,2012-06-30,19.2,$5.09,3.78,$2.53,7.58,$-0.57,0.0,$0.39,48.92,$0.30B,$0.34B,0.87,$0.97B,$2.13B,0.46,$1.07B,$0.81B,75.94%,$1.07B,$0.29B,27.06%,$1.07B,$0.29B,27.06%,$1.07B,$0.70B,65.73%,$1.07B,$0.22B,20.41%,$1.07B,$0.11B,10.11%,$0.11B,$2.13B,5.14%,$0.11B,$2.13B,5.14%,$0.11B,$4.41B,2.45%,$0.29B,$3.10B,9.22%,$266,$67,$199,$16,$58,$188,$78,$-18,$60,$24,$36,$36,$36,$195,$78,$419,422,$0.09,$0.09,$49,$12,$146,$296,$4062,$0,$0,$53,$4114,$4410,$341,$972,$97,$1938,$2279,$21,$1304,$89,$2131,$4410,$54,$228,$-2,$226,$25,$9,$-29,$-0,$10,$291,$-279,$0,$0,$0,$-2,$-2,$0,$-281,$22,$0,$22,$0,$0,$-8,$-5,$8,$19,$27,$-8
26,2012-03-31,15.18,$5.07,2.99,$2.47,6.14,$-0.91,0.0,$0.35,43.07,$0.34B,$0.32B,1.06,$1.01B,$2.13B,0.48,$1.04B,$0.80B,77.09%,$1.04B,$0.32B,30.49%,$1.04B,$0.32B,30.49%,$1.04B,$0.70B,66.92%,$1.04B,$0.25B,23.68%,$1.04B,$0.13B,12.18%,$0.13B,$2.13B,6.17%,$0.13B,$2.13B,6.17%,$0.13B,$4.40B,2.91%,$0.32B,$3.14B,10.18%,$272,$69,$203,$4,$41,$225,$47,$-17,$30,$11,$18,$18,$18,$158,$47,$418,422,$0.05,$0.05,$32,$12,$200,$340,$4011,$0,$0,$52,$4063,$4403,$322,$1012,$90,$1956,$2278,$21,$1272,$118,$2125,$4403,$18,$111,$9,$120,$19,$9,$-38,$1,$-7,$132,$-187,$0,$0,$0,$0,$0,$0,$-187,$62,$0,$62,$0,$0,$-4,$0,$58,$2,$-1,$-4
27,2011-12-31,18.47,$5.04,3.66,$2.32,7.95,$-1.03,0.0,$0.29,63.16,$0.35B,$0.34B,1.01,$0.95B,$2.11B,0.45,$0.98B,$0.76B,77.04%,$0.98B,$0.31B,31.33%,$0.98B,$0.31B,31.33%,$0.98B,$0.66B,66.84%,$0.98B,$0.24B,24.08%,$0.98B,$0.12B,12.45%,$0.12B,$2.11B,6.10%,$0.12B,$2.11B,6.10%,$0.12B,$4.33B,2.85%,$0.31B,$3.06B,9.98%,$268,$66,$202,$5,$33,$169,$99,$-18,$81,$55,$26,$26,$26,$192,$99,$417,422,$0.06,$0.06,$30,$21,$179,$346,$3935,$0,$0,$51,$3986,$4331,$343,$950,$92,$1883,$2227,$21,$1258,$105,$2105,$4331,$122,$348,$79,$427,$-20,$8,$9,$1,$-30,$502,$-488,$0,$0,$0,$0,$0,$0,$-488,$-25,$0,$-25,$0,$0,$-13,$-3,$-40,$-26,$53,$-13
28,2011-09-30,15.06,$4.90,3.08,$2.22,6.79,$-1.37,0.0,$0.35,43.66,$0.31B,$0.29B,1.07,$1.21B,$2.04B,0.59,$0.93B,$0.73B,78.27%,$0.93B,$0.34B,36.40%,$0.93B,$0.34B,36.40%,$0.93B,$0.68B,72.91%,$0.93B,$0.27B,28.48%,$0.93B,$0.15B,15.52%,$0.15B,$2.04B,7.47%,$0.15B,$2.04B,7.47%,$0.15B,$4.47B,3.46%,$0.34B,$3.25B,11.24%,$262,$55,$207,$20,$35,$197,$65,$-19,$47,$18,$28,$28,$28,$157,$65,$417,422,$0.07,$0.07,$63,$28,$107,$310,$4103,$0,$0,$59,$4162,$4472,$289,$1205,$111,$2140,$2429,$10,$1235,$70,$2043,$4472,$96,$254,$78,$332,$-7,$1,$-10,$-1,$-53,$375,$-587,$0,$0,$0,$0,$0,$0,$-587,$230,$0,$230,$0,$0,$-9,$-2,$218,$7,$42,$-9
29,2011-06-30,16.13,$4.71,3.42,$2.13,7.58,$-1.51,0.0,$0.29,56.09,$0.24B,$0.29B,0.82,$1.10B,$1.97B,0.56,$0.90B,$0.71B,78.79%,$0.90B,$0.30B,33.15%,$0.90B,$0.30B,33.15%,$0.90B,$0.64B,71.21%,$0.90B,$0.23B,25.11%,$0.90B,$0.12B,13.50%,$0.12B,$1.97B,6.40%,$0.12B,$1.97B,6.40%,$0.12B,$4.25B,2.98%,$0.30B,$3.06B,10.14%,$241,$48,$192,$5,$32,$134,$107,$-18,$89,$34,$55,$55,$55,$191,$107,$417,421,$0.13,$0.13,$39,$24,$47,$236,$3968,$0,$0,$47,$4014,$4250,$287,$1095,$110,$1997,$2284,$10,$1210,$22,$1966,$4250,$68,$163,$33,$195,$-23,$6,$11,$-2,$-42,$221,$-350,$0,$0,$0,$0,$0,$0,$-350,$120,$0,$120,$0,$0,$-6,$-1,$113,$-17,$27,$-6
30,2011-03-31,12.88,$4.52,2.85,$2.03,6.33,$-1.66,0.0,$0.21,61.31,$0.16B,$0.24B,0.67,$1.06B,$1.89B,0.56,$0.86B,$0.67B,78.71%,$0.86B,$0.24B,28.30%,$0.86B,$0.24B,28.30%,$0.86B,$0.58B,67.49%,$0.86B,$0.17B,20.12%,$0.86B,$0.09B,10.29%,$0.09B,$1.89B,4.73%,$0.09B,$1.89B,4.73%,$0.09B,$4.05B,2.22%,$0.24B,$2.94B,8.41%,$209,$55,$154,$6,$32,$173,$36,$-17,$19,$6,$13,$13,$13,$115,$36,$417,421,$0.03,$0.03,$25,$21,$22,$162,$3847,$0,$0,$40,$3887,$4048,$242,$1055,$109,$1921,$2162,$10,$1158,$-2,$1886,$4048,$13,$78,$21,$99,$4,$9,$-10,$-0,$-21,$91,$-198,$0,$0,$0,$0,$0,$0,$-198,$80,$0,$80,$0,$0,$-3,$-1,$76,$-31,$13,$-3
31,2010-12-31,9.19,$4.50,2.04,$2.05,4.48,$-1.69,0.0,$0.25,36.77,$0.20B,$0.30B,0.67,$0.98B,$1.87B,0.52,$0.86B,$0.69B,79.70%,$0.86B,$0.27B,30.97%,$0.86B,$0.27B,30.97%,$0.86B,$0.60B,69.26%,$0.86B,$0.20B,23.09%,$0.86B,$0.10B,12.06%,$0.10B,$1.87B,5.61%,$0.10B,$1.87B,5.61%,$0.10B,$4.01B,2.66%,$0.27B,$2.85B,9.42%,$222,$45,$178,$14,$36,$91,$132,$-21,$111,$62,$49,$49,$49,$218,$132,$416,421,$0.12,$0.12,$56,$30,$23,$203,$3763,$0,$0,$39,$3802,$4005,$304,$975,$104,$1828,$2132,$21,$1148,$-4,$1873,$4005,$103,$330,$38,$369,$-14,$-2,$-1,$4,$21,$485,$-614,$0,$0,$0,$0,$0,$0,$-614,$170,$0,$170,$0,$0,$-12,$-13,$145,$16,$30,$-12
32,2010-09-30,7.31,$4.43,1.65,$2.12,3.45,$-1.19,0.0,$0.22,33.21,$0.22B,$0.31B,0.73,$1.02B,$1.84B,0.55,$0.89B,$0.70B,79.03%,$0.89B,$0.20B,22.32%,$0.89B,$0.20B,22.32%,$0.89B,$0.51B,57.27%,$0.89B,$0.14B,15.45%,$0.89B,$0.09B,10.26%,$0.09B,$1.84B,4.95%,$0.09B,$1.84B,4.95%,$0.09B,$3.95B,2.38%,$0.20B,$2.86B,7.13%,$224,$42,$182,$10,$30,$202,$22,$-17,$6,$2,$4,$4,$4,$114,$22,$416,421,$0.01,$0.01,$38,$32,$72,$221,$3663,$0,$0,$63,$3726,$3947,$305,$1020,$59,$1799,$2103,$10,$1102,$20,$1843,$3947,$54,$244,$84,$328,$5,$-4,$-14,$-6,$-15,$367,$-637,$0,$0,$0,$0,$0,$0,$-637,$290,$0,$290,$0,$0,$-9,$-14,$267,$-3,$13,$-9
33,2010-06-30,7.59,$4.44,1.71,$2.08,3.66,$-0.38,0.0,$0.31,24.9,$0.25B,$0.23B,1.09,$1.02B,$1.85B,0.55,$0.87B,$0.70B,79.89%,$0.87B,$0.25B,28.85%,$0.87B,$0.25B,28.85%,$0.87B,$0.55B,62.87%,$0.87B,$0.19B,21.95%,$0.87B,$0.13B,14.48%,$0.13B,$1.85B,6.87%,$0.13B,$1.85B,6.87%,$0.13B,$3.87B,3.37%,$0.25B,$2.86B,9.24%,$200,$41,$159,$10,$25,$148,$52,$-16,$36,$15,$22,$22,$22,$130,$52,$416,420,$0.05,$0.05,$48,$24,$94,$248,$3571,$21,$0,$30,$3622,$3870,$227,$1015,$58,$1797,$2024,$10,$1102,$27,$1846,$3870,$50,$152,$38,$191,$1,$4,$-6,$-3,$2,$243,$-437,$0,$0,$0,$0,$0,$0,$-437,$210,$0,$210,$0,$0,$-6,$-2,$202,$8,$6,$-6
34,2010-03-31,8.91,$4.46,2.0,$2.09,4.27,$0.25,35.22,$0.32,28.3,$0.29B,$0.27B,1.11,$0.92B,$1.85B,0.49,$0.88B,$0.71B,80.80%,$0.88B,$0.25B,28.91%,$0.88B,$0.25B,28.91%,$0.88B,$0.53B,60.11%,$0.88B,$0.19B,22.17%,$0.88B,$0.13B,14.86%,$0.13B,$1.85B,7.10%,$0.13B,$1.85B,7.10%,$0.13B,$3.81B,3.54%,$0.25B,$2.77B,9.52%,$216,$48,$168,$8,$27,$156,$61,$-15,$46,$17,$29,$29,$29,$135,$61,$415,420,$0.07,$0.07,$29,$18,$140,$294,$3470,$21,$0,$27,$3518,$3812,$265,$915,$114,$1692,$1958,$10,$1141,$0,$1854,$3812,$29,$75,$28,$103,$-13,$10,$-13,$6,$-15,$116,$-235,$0,$0,$0,$0,$0,$0,$-235,$110,$0,$110,$0,$0,$-3,$-0,$107,$-12,$4,$-3
35,2009-12-31,10.55,$4.37,2.41,$2.13,4.94,$0.53,20.02,$0.36,29.31,$0.28B,$0.31B,0.91,$0.81B,$1.81B,0.44,$0.89B,$0.72B,80.40%,$0.89B,$0.28B,31.58%,$0.89B,$0.28B,31.58%,$0.89B,$0.54B,60.13%,$0.89B,$0.22B,25.08%,$0.89B,$0.15B,16.69%,$0.15B,$1.81B,8.12%,$0.15B,$1.81B,8.12%,$0.15B,$3.68B,4.07%,$0.28B,$2.62B,10.67%,$247,$55,$192,$20,$29,$184,$63,$-15,$49,$12,$36,$36,$36,$129,$63,$414,419,$0.09,$0.09,$40,$28,$124,$282,$3358,$0,$0,$44,$3402,$3683,$309,$805,$58,$1562,$1871,$10,$1057,$42,$1813,$3683,$148,$255,$193,$448,$29,$18,$-27,$-2,$18,$614,$-531,$0,$0,$0,$0,$0,$0,$-531,$-62,$0,$-62,$0,$0,$-12,$3,$-71,$12,$17,$-12
36,2009-09-30,8.65,$4.40,1.97,$2.11,4.09,$-0.19,0.0,$0.38,22.9,$0.34B,$0.25B,1.36,$0.79B,$1.82B,0.43,$0.88B,$0.71B,80.52%,$0.88B,$0.31B,34.85%,$0.88B,$0.31B,34.85%,$0.88B,$0.59B,67.20%,$0.88B,$0.25B,28.25%,$0.88B,$0.16B,17.88%,$0.16B,$1.82B,8.58%,$0.16B,$1.82B,8.58%,$0.16B,$3.59B,4.28%,$0.31B,$2.61B,11.57%,$207,$31,$176,$14,$26,$132,$75,$-15,$60,$21,$39,$39,$39,$153,$75,$415,420,$0.10,$0.09,$36,$37,$177,$335,$3184,$21,$0,$49,$3254,$3589,$247,$790,$54,$1518,$1765,$10,$1024,$93,$1824,$3589,$112,$189,$117,$306,$56,$9,$-49,$1,$-0,$417,$-346,$0,$0,$0,$0,$0,$0,$-346,$-57,$0,$-57,$0,$0,$-9,$3,$-64,$8,$7,$-9
37,2009-06-30,7.4,$4.42,1.67,$2.21,3.35,$-0.68,0.0,$0.45,16.64,$0.37B,$0.27B,1.4,$0.80B,$1.84B,0.43,$0.92B,$0.73B,79.69%,$0.92B,$0.35B,37.77%,$0.92B,$0.35B,37.77%,$0.92B,$0.60B,65.61%,$0.92B,$0.29B,31.88%,$0.92B,$0.19B,20.20%,$0.19B,$1.84B,10.33%,$0.19B,$1.84B,10.33%,$0.19B,$3.62B,5.06%,$0.35B,$2.63B,13.27%,$205,$34,$171,$10,$28,$151,$54,$-15,$39,$14,$26,$26,$26,$109,$54,$415,419,$0.06,$0.06,$30,$30,$257,$371,$3155,$21,$0,$77,$3253,$3624,$265,$795,$51,$1522,$1787,$10,$988,$158,$1836,$3624,$73,$111,$88,$199,$55,$16,$-42,$-4,$29,$300,$-230,$0,$0,$0,$0,$0,$0,$-230,$-52,$0,$-52,$0,$0,$-6,$-10,$-68,$2,$14,$-6
38,2009-03-31,5.69,$4.51,1.26,$2.34,2.43,$-0.94,0.0,$0.52,10.94,$0.46B,$0.31B,1.46,$0.84B,$1.87B,0.45,$0.96B,$0.76B,79.27%,$0.96B,$0.39B,40.21%,$0.96B,$0.39B,40.21%,$0.96B,$0.63B,65.52%,$0.96B,$0.34B,35.52%,$0.96B,$0.21B,22.29%,$0.21B,$1.87B,12.91%,$0.21B,$1.87B,12.91%,$0.21B,$3.75B,6.24%,$0.39B,$2.71B,16.52%,$234,$55,$179,$6,$30,$144,$90,$-14,$76,$28,$48,$48,$48,$146,$90,$414,416,$0.12,$0.12,$25,$28,$329,$457,$3191,$0,$0,$101,$3292,$3749,$312,$840,$47,$1568,$1880,$10,$966,$217,$1869,$3749,$48,$56,$35,$90,$34,$18,$-45,$5,$14,$153,$-156,$-6,$0,$0,$0,$0,$0,$-162,$10,$0,$10,$0,$0,$-3,$0,$7,$-3,$6,$-3
39,2008-12-31,6.27,$4.33,1.45,$2.34,2.68,$-0.92,0.0,$0.52,12.0,$0.46B,$0.38B,1.22,$0.83B,$1.79B,0.46,$0.95B,$0.75B,79.70%,$0.95B,$0.37B,39.32%,$0.95B,$0.37B,39.32%,$0.95B,$0.60B,63.53%,$0.95B,$0.34B,35.41%,$0.95B,$0.21B,22.41%,$0.21B,$1.79B,14.56%,$0.21B,$1.79B,14.56%,$0.21B,$3.70B,6.90%,$0.37B,$2.62B,18.48%,$232,$52,$181,$12,$23,$145,$87,$-14,$73,$30,$44,$44,$44,$182,$87,$403,407,$0.11,$0.11,$28,$46,$277,$461,$3136,$0,$0,$105,$3241,$3702,$379,$831,$47,$1532,$1911,$10,$922,$186,$1791,$3702,$211,$228,$159,$387,$-4,$-18,$3,$17,$36,$634,$-847,$0,$-606,$0,$0,$0,$0,$-1452,$517,$0,$517,$316,$316,$-12,$6,$827,$10,$4,$-12
40,2008-09-30,8.71,$4.03,2.16,$2.27,3.84,$-0.61,0.0,$0.53,16.58,$0.43B,$0.32B,1.35,$0.80B,$1.67B,0.48,$0.91B,$0.72B,79.63%,$0.91B,$0.36B,39.10%,$0.91B,$0.36B,39.10%,$0.91B,$0.53B,58.04%,$0.91B,$0.33B,35.90%,$0.91B,$0.21B,23.13%,$0.21B,$1.67B,16.46%,$0.21B,$1.67B,16.46%,$0.21B,$3.54B,7.82%,$0.36B,$2.47B,20.79%,$245,$46,$199,$6,$20,$130,$115,$-10,$104,$37,$67,$67,$67,$164,$115,$413,418,$0.16,$0.16,$47,$52,$140,$430,$2936,$0,$0,$88,$3108,$3538,$318,$800,$49,$1549,$1867,$10,$881,$112,$1671,$3538,$168,$133,$135,$268,$-10,$-25,$11,$12,$-11,$425,$-558,$-19,$-605,$0,$0,$0,$0,$-1182,$470,$0,$470,$316,$316,$-9,$9,$786,$29,$-1,$-9
41,2008-06-30,16.31,$3.14,5.2,$2.11,7.71,$-0.50,0.0,$0.46,35.84,$0.44B,$0.48B,0.92,$0.25B,$1.30B,0.19,$0.83B,$0.66B,79.26%,$0.83B,$0.30B,35.49%,$0.83B,$0.30B,35.49%,$0.83B,$0.46B,54.68%,$0.83B,$0.27B,32.85%,$0.83B,$0.18B,21.34%,$0.18B,$1.30B,15.88%,$0.18B,$1.30B,15.88%,$0.18B,$2.72B,7.67%,$0.30B,$1.54B,20.75%,$249,$47,$202,$7,$53,$155,$94,$-6,$88,$33,$55,$55,$55,$137,$94,$394,398,$0.14,$0.14,$136,$20,$13,$437,$2185,$0,$0,$18,$2282,$2718,$475,$245,$127,$944,$1419,$10,$817,$-183,$1299,$2718,$101,$84,$101,$185,$-54,$8,$20,$18,$-9,$276,$-311,$-12,$-60,$0,$0,$0,$0,$-384,$-85,$0,$-85,$316,$316,$-6,$0,$225,$118,$20,$-6
42,2008-03-31,12.23,$2.58,4.74,$1.94,6.32,$-0.47,0.0,$0.43,28.79,$0.27B,$0.32B,0.85,$0.35B,$1.06B,0.33,$0.76B,$0.60B,78.84%,$0.76B,$0.27B,35.74%,$0.76B,$0.27B,35.74%,$0.76B,$0.42B,55.72%,$0.76B,$0.25B,33.25%,$0.76B,$0.16B,21.55%,$0.16B,$1.06B,15.60%,$0.16B,$1.06B,15.60%,$0.16B,$2.33B,7.69%,$0.27B,$1.41B,20.09%,$220,$48,$172,$5,$44,$144,$76,$-6,$70,$24,$46,$46,$46,$118,$76,$391,396,$0.12,$0.12,$42,$13,$22,$272,$1972,$0,$0,$32,$2058,$2330,$322,$350,$58,$944,$1266,$10,$765,$-61,$1064,$2330,$46,$42,$46,$88,$-26,$15,$3,$2,$-1,$133,$-128,$-5,$0,$0,$0,$0,$0,$-133,$20,$0,$20,$2,$2,$-3,$5,$24,$23,$13,$-3
43,2007-12-31,9.71,$2.74,3.54,$1.87,5.19,$-0.42,0.0,$0.43,22.44,$0.22B,$0.25B,0.88,$0.33B,$1.07B,0.31,$0.73B,$0.57B,78.31%,$0.73B,$0.28B,37.52%,$0.73B,$0.28B,37.52%,$0.73B,$0.42B,57.16%,$0.73B,$0.26B,35.20%,$0.73B,$0.17B,22.78%,$0.17B,$1.07B,16.26%,$0.17B,$1.07B,16.26%,$0.17B,$2.16B,8.30%,$0.28B,$1.40B,21.25%,$194,$44,$150,$19,$21,$124,$70,$-6,$64,$22,$42,$42,$42,$108,$70,$388,388,$0.11,$0.11,$18,$27,$36,$217,$1908,$0,$0,$31,$1939,$2157,$248,$330,$47,$838,$1087,$10,$722,$-1,$1070,$2157,$167,$144,$161,$305,$7,$6,$1,$-37,$-11,$462,$-546,$-40,$-4,$0,$0,$0,$0,$-590,$110,$0,$110,$5,$5,$-11,$0,$104,$-23,$16,$-11
44,2007-09-30,8.45,$2.57,3.29,$1.80,4.68,$0.37,22.6,$0.41,20.66,$0.20B,$0.22B,0.89,$0.30B,$1.05B,0.28,$0.71B,$0.55B,77.78%,$0.71B,$0.26B,36.57%,$0.71B,$0.26B,36.57%,$0.71B,$0.40B,55.98%,$0.71B,$0.25B,35.16%,$0.71B,$0.16B,22.08%,$0.16B,$1.05B,15.77%,$0.16B,$1.05B,15.77%,$0.16B,$2.08B,8.13%,$0.26B,$1.35B,21.04%,$171,$34,$137,$9,$24,$115,$56,$-4,$52,$16,$35,$35,$35,$93,$56,$388,394,$0.09,$0.09,$14,$36,$39,$198,$1810,$0,$0,$33,$1879,$2077,$224,$295,$54,$802,$1025,$10,$683,$12,$1052,$2077,$125,$105,$103,$209,$34,$-3,$-34,$-11,$-6,$329,$-411,$-21,$-1,$0,$0,$0,$0,$-432,$75,$0,$75,$2,$2,$-8,$7,$76,$-27,$7,$-8
45,2007-06-30,8.85,$2.63,3.37,$1.84,4.81,$1.43,6.18,$0.81,10.98,$0.21B,$0.24B,0.91,$0.24B,$1.02B,0.23,$0.73B,$0.57B,78.07%,$0.73B,$0.51B,70.21%,$0.73B,$0.51B,70.21%,$0.73B,$0.64B,88.55%,$0.73B,$0.50B,68.41%,$0.73B,$0.31B,42.90%,$0.31B,$1.02B,32.40%,$0.31B,$1.02B,32.40%,$0.31B,$1.97B,16.31%,$0.51B,$1.25B,41.68%,$176,$35,$141,$7,$28,$106,$70,$-4,$67,$25,$41,$41,$41,$105,$70,$388,394,$0.11,$0.11,$24,$23,$49,$214,$1692,$0,$0,$29,$1756,$1969,$236,$235,$57,$714,$950,$10,$651,$14,$1019,$1969,$90,$68,$56,$123,$16,$10,$-9,$-9,$29,$242,$-266,$-12,$0,$0,$0,$0,$0,$-279,$15,$0,$15,$2,$2,$-5,$6,$19,$-18,$6,$-5
46,2007-03-31,8.07,$2.37,3.41,$1.87,4.31,$1.61,5.02,$0.82,9.86,$0.22B,$0.22B,1.01,$0.21B,$0.97B,0.22,$0.74B,$0.58B,78.65%,$0.74B,$0.52B,69.86%,$0.74B,$0.52B,69.86%,$0.74B,$0.65B,87.57%,$0.74B,$0.50B,67.70%,$0.74B,$0.32B,42.84%,$0.32B,$0.97B,35.89%,$0.32B,$0.97B,35.89%,$0.32B,$1.84B,17.41%,$0.52B,$1.18B,44.25%,$192,$46,$146,$6,$31,$112,$79,$-4,$75,$27,$49,$49,$49,$113,$79,$387,392,$0.13,$0.13,$57,$15,$39,$220,$1568,$0,$0,$22,$1624,$1843,$217,$210,$56,$660,$877,$10,$612,$5,$966,$1843,$49,$33,$21,$54,$19,$18,$-29,$-4,$33,$136,$-108,$-6,$0,$0,$0,$0,$0,$-114,$-10,$0,$-10,$1,$1,$-2,$4,$-7,$16,$3,$-2
47,2006-12-31,7.27,$2.46,2.96,$1.93,3.77,$1.67,4.35,$0.83,8.76,$0.32B,$0.25B,1.26,$0.22B,$0.95B,0.23,$0.76B,$0.60B,79.16%,$0.76B,$0.53B,69.33%,$0.76B,$0.53B,69.33%,$0.76B,$0.66B,86.24%,$0.76B,$0.51B,66.97%,$0.76B,$0.32B,42.07%,$0.32B,$0.95B,39.59%,$0.32B,$0.95B,39.59%,$0.32B,$1.83B,18.48%,$0.53B,$1.17B,47.57%,$172,$43,$129,$9,$31,$117,$55,$1,$56,$24,$32,$32,$32,$87,$55,$387,394,$0.08,$0.08,$42,$33,$90,$316,$1480,$0,$0,$8,$1519,$1834,$251,$220,$45,$638,$889,$10,$566,$37,$945,$1834,$321,$129,$-104,$25,$39,$-8,$-30,$2,$11,$357,$-131,$-49,$-7,$0,$0,$0,$0,$-187,$-100,$0,$-100,$-40,$-40,$-8,$9,$-139,$31,$12,$-8
