,Date,Stock Price,Book Value per Share,Price to Book Ratio,TTM Sales per Share,Price to Sales Ratio,TTM FCF per Share,Price to FCF Ratio,TTM Net EPS,PE Ratio,Current Assets,Current Liabilities,Current Ratio,Long Term Debt,Shareholder's Equity_x,Debt to Equity Ratio,TTM Revenue_x,TTM Gross Profit,Gross Margin,TTM Revenue_y,TTM Operating Income,Operating Margin,TTM Revenue_x,TTM EBIT,EBIT Margin,TTM Revenue_y,TTM EBITDA,EBITDA Margin,TTM Revenue_x,TTM Pre-Tax Income,Pre-Tax Margin,TTM Revenue_y,TTM Net Income_x,Net Margin,TTM Net Income_y,Shareholder's Equity_y,Return on Equity,TTM Net Income_x,Tangible Equity,Return on Tangible Equity,TTM Net Income_y,Total Assets,Return on Assets,TTM Net Income,LT Investments & Debt,Return on Investment,revenue,cost-goods-sold,gross-profit,research-development-expenses,selling-general-administrative-expenses,operating-expenses,operating-income,total-non-operating-income-expense,pre-tax-income,total-provision-income-taxes,income-after-taxes,income-from-continuous-operations,net-income,ebitda,ebit,basic-shares-outstanding,shares-outstanding,eps-basic-net-earnings-per-share,eps-earnings-per-share-diluted,cash-on-hand,inventory,other-current-assets,total-current-assets,net-property-plant-equipment,long-term-investments,goodwill-intangible-assets-total,other-long-term-assets,total-long-term-assets,total-assets,total-current-liabilities,long-term-debt,other-non-current-liabilities,total-long-term-liabilities,total-liabilities,common-stock-net,retained-earnings-accumulated-deficit,comprehensive-income,total-share-holder-equity,total-liabilities-share-holders-equity,net-income-loss,total-depreciation-amortization-cash-flow,other-non-cash-items,total-non-cash-items,change-in-accounts-receivable,change-in-inventories,change-in-accounts-payable,change-in-assets-liabilities,total-change-in-assets-liabilities,cash-flow-from-operating-activities,net-change-in-property-plant-equipment,net-change-in-intangible-assets,net-acquisitions-divestitures,net-change-in-short-term-investments,net-change-in-long-term-investments,net-change-in-investments-total,investing-activities-other,cash-flow-from-investing-activities,net-long-term-debt,net-current-debt,debt-issuance-retirement-net-total,net-common-equity-issued-repurchased,net-total-equity-issued-repurchased,total-common-preferred-stock-dividends-paid,financial-activities-other,cash-flow-from-financial-activities,net-cash-flow,stock-based-compensation,common-stock-dividends-paid
0,2018-09-30,140.47,$43.25,3.25,$52.28,2.69,$-6.63,0.0,$4.78,29.39,$5.78B,$4.69B,1.23,$5.68B,$7.11B,0.8,$8.67B,$2.28B,26.35%,$8.67B,$1.47B,16.92%,$8.67B,$1.47B,16.92%,$8.67B,$1.92B,22.10%,$8.67B,$1.11B,12.83%,$8.67B,$1.03B,11.91%,$1.03B,$7.11B,15.34%,$1.03B,$-4.19B,-23.12%,$1.03B,$19.03B,5.60%,$1.47B,$12.80B,11.31%,$2208,$1625,$583,$0,$212,$1837,$371,$-102,$269,$-6,$275,$275,$275,$485,$371,$164,166,$1.67,$1.66,$621,$2641,$324,$5397,$1402,$0,$11014,$524,$12962,$18359,$3274,$6317,$647,$8287,$11561,$2,$4468,$-1576,$6798,$18359,$792,$337,$-36,$301,$-393,$-216,$-76,$-193,$-897,$196,$-190,$0,$0,$0,$0,$0,$4,$-186,$-351,$385,$34,$49,$49,$-162,$-4,$-83,$-82,$70,$-162
1,2018-06-30,134.36,$41.38,3.25,$53.51,2.51,$3.74,35.9,$6.07,22.13,$5.40B,$3.27B,1.65,$6.32B,$6.80B,0.93,$8.59B,$2.31B,26.86%,$8.59B,$1.48B,17.23%,$8.59B,$1.48B,17.23%,$8.59B,$1.96B,22.86%,$8.59B,$1.11B,12.87%,$8.59B,$1.01B,11.70%,$1.01B,$6.80B,15.55%,$1.01B,$-4.22B,-21.26%,$1.01B,$18.36B,5.53%,$1.48B,$13.12B,11.43%,$2180,$1598,$582,$0,$194,$1792,$388,$-82,$306,$69,$237,$237,$237,$495,$388,$164,166,$1.44,$1.43,$668,$2633,$202,$5143,$1408,$0,$11187,$541,$13157,$18300,$3193,$6456,$682,$8467,$11660,$2,$4247,$-1486,$6640,$18300,$517,$223,$-112,$111,$-214,$-172,$-117,$-215,$-705,$-77,$-128,$0,$0,$0,$0,$0,$5,$-123,$-214,$429,$215,$46,$46,$-108,$-2,$151,$-35,$46,$-108
2,2018-03-31,134.2,$40.44,3.32,$53.30,2.52,$5.28,25.43,$5.53,24.27,$5.14B,$3.19B,1.61,$6.46B,$6.64B,0.97,$8.48B,$2.30B,27.07%,$8.48B,$1.47B,17.29%,$8.48B,$1.47B,17.29%,$8.48B,$1.96B,23.15%,$8.48B,$1.06B,12.48%,$8.48B,$0.91B,10.72%,$0.91B,$6.64B,14.74%,$0.91B,$-4.55B,-17.58%,$0.91B,$18.30B,5.00%,$1.47B,$13.10B,11.37%,$2011,$1463,$548,$0,$204,$1667,$344,$-87,$257,$-23,$280,$280,$280,$460,$344,$163,165,$1.71,$1.69,$583,$2557,$173,$4826,$1408,$0,$11268,$529,$13226,$18052,$3094,$6498,$725,$8597,$11691,$2,$4064,$-1548,$6361,$18052,$280,$116,$-159,$-43,$-74,$-96,$-151,$-216,$-496,$-259,$-74,$0,$0,$0,$0,$0,$6,$-68,$-176,$398,$222,$36,$36,$-54,$-2,$202,$-120,$22,$-54
3,2017-12-31,134.63,$38.81,3.47,$50.29,2.68,$5.84,23.05,$5.37,25.07,$4.83B,$3.09B,1.56,$6.50B,$6.36B,1.02,$7.64B,$2.13B,27.81%,$7.64B,$1.34B,17.50%,$7.64B,$1.34B,17.50%,$7.64B,$1.79B,23.46%,$7.64B,$0.99B,12.89%,$7.64B,$0.84B,10.99%,$0.84B,$6.36B,16.45%,$0.84B,$-4.91B,-20.57%,$0.84B,$18.05B,5.40%,$1.34B,$12.86B,12.67%,$2193,$1598,$595,$0,$218,$1816,$377,$-103,$274,$61,$213,$213,$213,$524,$377,$146,147,$1.33,$1.30,$703,$2451,$180,$4760,$1398,$0,$11287,$531,$13237,$17997,$3069,$6676,$663,$8878,$11947,$2,$3838,$-1575,$6050,$17997,$705,$399,$73,$472,$121,$-50,$141,$-72,$87,$1264,$-240,$0,$-3429,$0,$0,$0,$-5,$-3674,$3050,$-110,$2940,$18,$18,$-194,$-5,$2759,$363,$98,$-194
4,2017-09-30,129.44,$37.14,3.49,$47.17,2.74,$6.69,19.34,$4.78,27.08,$4.76B,$3.07B,1.55,$6.68B,$6.05B,1.1,$6.82B,$1.95B,28.64%,$6.82B,$1.22B,17.91%,$6.82B,$1.22B,17.91%,$6.82B,$1.62B,23.76%,$6.82B,$0.93B,13.65%,$6.82B,$0.71B,10.33%,$0.71B,$6.05B,17.33%,$0.71B,$-5.24B,-23.85%,$0.71B,$18.00B,5.44%,$1.22B,$12.73B,14.85%,$2094,$1524,$570,$0,$213,$1737,$357,$-136,$221,$42,$179,$179,$179,$484,$357,$158,160,$1.13,$1.12,$578,$2506,$167,$4895,$1328,$0,$11599,$500,$13456,$18351,$2874,$7268,$660,$9868,$12742,$2,$3679,$-1806,$5609,$18351,$492,$252,$21,$273,$-60,$-88,$21,$-149,$-349,$416,$-165,$0,$-3429,$0,$0,$0,$-5,$-3599,$3642,$-78,$3564,$-5,$-5,$-140,$-4,$3415,$238,$69,$-140
5,2017-06-30,103.79,$34.54,3.0,$43.22,2.4,$3.75,27.68,$5.07,20.47,$4.90B,$2.87B,1.7,$7.27B,$5.61B,1.3,$6.07B,$1.82B,29.96%,$6.07B,$1.15B,18.92%,$6.07B,$1.15B,18.92%,$6.07B,$1.46B,24.09%,$6.07B,$0.95B,15.69%,$6.07B,$0.70B,11.52%,$0.70B,$5.61B,22.76%,$0.70B,$-5.99B,-39.49%,$0.70B,$18.35B,6.74%,$1.15B,$12.88B,19.43%,$1342,$930,$412,$0,$153,$1083,$259,$-26,$233,$65,$168,$168,$168,$324,$259,$131,132,$1.28,$1.27,$281,$2013,$150,$3579,$1042,$0,$2600,$416,$4201,$7780,$2251,$1354,$240,$3127,$5378,$1,$3554,$-1873,$2402,$7780,$313,$125,$-2,$123,$-52,$-67,$-28,$-223,$-435,$1,$-90,$0,$-11,$0,$0,$0,$-1,$-102,$-300,$415,$115,$22,$22,$-86,$-1,$50,$-59,$46,$-86
6,2017-03-31,95.66,$18.31,5.23,$40.26,2.38,$2.86,33.4,$5.58,17.14,$3.58B,$2.25B,1.59,$1.35B,$2.40B,0.56,$5.31B,$1.67B,31.41%,$5.31B,$1.05B,19.82%,$5.31B,$1.05B,19.82%,$5.31B,$1.31B,24.58%,$5.31B,$0.98B,18.42%,$5.31B,$0.74B,13.83%,$0.74B,$2.40B,33.38%,$0.74B,$-0.20B,-185.84%,$0.74B,$7.78B,9.53%,$1.05B,$3.76B,29.50%,$1193,$816,$377,$0,$148,$964,$229,$-26,$203,$58,$145,$145,$145,$289,$229,$130,132,$1.11,$1.10,$308,$2011,$143,$3489,$1032,$0,$2608,$383,$4220,$7709,$2341,$1356,$240,$3160,$5501,$1,$3429,$-1906,$2208,$7709,$145,$60,$-25,$35,$47,$-84,$-49,$-190,$-281,$-101,$-52,$0,$-11,$0,$0,$0,$0,$-63,$-300,$480,$180,$10,$10,$-43,$-1,$146,$-32,$22,$-43
7,2016-12-31,91.0,$16.88,5.39,$40.04,2.27,$3.17,28.67,$5.60,16.25,$3.49B,$2.34B,1.49,$1.36B,$2.21B,0.61,$5.28B,$1.66B,31.44%,$5.28B,$1.04B,19.65%,$5.28B,$1.04B,19.65%,$5.28B,$1.29B,24.47%,$5.28B,$0.98B,18.57%,$5.28B,$0.74B,13.97%,$0.74B,$2.21B,35.16%,$0.74B,$-0.40B,-147.01%,$0.74B,$7.71B,9.64%,$1.04B,$3.56B,29.88%,$1445,$984,$461,$0,$157,$1141,$304,$-8,$296,$88,$208,$208,$208,$366,$304,$131,132,$1.59,$1.57,$340,$1939,$117,$3490,$1035,$0,$2586,$369,$4209,$7699,$2346,$1374,$234,$3269,$5615,$1,$3327,$-1898,$2084,$7699,$728,$253,$71,$324,$-91,$-18,$38,$-297,$-329,$723,$-193,$0,$-17,$0,$0,$0,$1,$-209,$0,$-8,$-8,$-240,$-240,$-172,$-2,$-422,$88,$86,$-172
8,2016-09-30,82.41,$16.01,5.15,$39.80,2.07,$3.29,25.07,$5.52,14.93,$3.49B,$2.35B,1.49,$1.37B,$2.08B,0.66,$5.26B,$1.62B,30.75%,$5.26B,$0.98B,18.62%,$5.26B,$0.98B,18.62%,$5.26B,$1.23B,23.43%,$5.26B,$0.94B,17.78%,$5.26B,$0.73B,13.84%,$0.73B,$2.08B,35.99%,$0.73B,$-0.50B,-126.66%,$0.73B,$7.70B,9.58%,$0.98B,$3.46B,28.78%,$1334,$915,$419,$0,$158,$1073,$261,$-14,$247,$33,$214,$214,$214,$327,$261,$130,132,$1.65,$1.63,$307,$1975,$148,$3614,$999,$0,$2596,$362,$4061,$7675,$2615,$1387,$235,$2946,$5561,$1,$3162,$-1672,$2114,$7675,$520,$191,$40,$231,$-163,$-73,$3,$-311,$-528,$223,$-133,$0,$-17,$0,$0,$0,$-1,$-151,$0,$364,$364,$-246,$-246,$-129,$-2,$-13,$55,$62,$-129
9,2016-06-30,82.87,$16.27,5.09,$39.21,2.11,$3.31,25.07,$5.32,15.58,$3.61B,$2.62B,1.38,$1.39B,$2.11B,0.66,$5.20B,$1.59B,30.63%,$5.20B,$0.95B,18.30%,$5.20B,$0.95B,18.30%,$5.20B,$1.21B,23.18%,$5.20B,$0.91B,17.41%,$5.20B,$0.70B,13.54%,$0.70B,$2.11B,35.70%,$0.70B,$-0.48B,-111.57%,$0.70B,$7.68B,9.39%,$0.95B,$3.50B,27.75%,$1311,$907,$404,$0,$160,$1067,$244,$-9,$235,$63,$172,$172,$171,$311,$244,$131,132,$1.31,$1.29,$300,$1968,$134,$3490,$991,$0,$2613,$344,$4051,$7541,$2573,$1383,$240,$2979,$5552,$1,$2991,$-1670,$1989,$7541,$306,$125,$32,$157,$-50,$-87,$-23,$-271,$-418,$45,$-93,$0,$-17,$0,$0,$0,$0,$-110,$0,$372,$372,$-175,$-175,$-86,$-1,$110,$48,$42,$-86
10,2016-03-31,89.42,$15.25,5.86,$38.74,2.31,$4.01,22.28,$5.02,17.81,$3.49B,$2.57B,1.36,$1.38B,$1.99B,0.7,$5.16B,$1.58B,30.60%,$5.16B,$0.94B,18.19%,$5.16B,$0.94B,18.19%,$5.16B,$1.19B,23.13%,$5.16B,$0.90B,17.36%,$5.16B,$0.67B,12.95%,$0.67B,$1.99B,34.13%,$0.67B,$-0.62B,-105.74%,$0.67B,$7.54B,9.04%,$0.94B,$3.37B,26.94%,$1169,$836,$333,$0,$163,$999,$170,$-13,$157,$24,$133,$133,$135,$228,$170,$131,133,$1.03,$1.02,$334,$1938,$138,$3446,$973,$0,$2596,$315,$4025,$7471,$2575,$1370,$240,$2991,$5566,$2,$5215,$-1693,$1905,$7471,$135,$58,$-24,$34,$16,$-84,$-32,$-169,$-260,$-91,$-48,$0,$0,$0,$0,$0,$0,$-48,$0,$357,$357,$-93,$-93,$-43,$2,$223,$82,$18,$-43
11,2015-12-31,89.14,$14.52,6.14,$38.86,2.29,$4.59,19.44,$4.90,18.19,$3.45B,$2.58B,1.34,$1.37B,$1.91B,0.72,$5.19B,$1.58B,30.42%,$5.19B,$0.95B,18.24%,$5.19B,$0.95B,18.24%,$5.19B,$1.19B,23.02%,$5.19B,$0.90B,17.37%,$5.19B,$0.65B,12.61%,$0.65B,$1.91B,33.57%,$0.65B,$-0.69B,-104.72%,$0.65B,$7.47B,8.97%,$0.95B,$3.28B,26.67%,$1384,$948,$436,$0,$160,$1108,$276,$-10,$266,$82,$184,$184,$184,$339,$276,$132,134,$1.39,$1.39,$252,$1824,$110,$3224,$964,$0,$2607,$344,$4080,$7304,$2060,$1680,$218,$3364,$5424,$2,$5124,$-1699,$1880,$7304,$686,$252,$50,$302,$-46,$-23,$-29,$-221,$-239,$749,$-210,$0,$-74,$0,$0,$0,$-10,$-294,$0,$-56,$-56,$-281,$-281,$-167,$12,$-492,$-71,$74,$-167
12,2015-09-30,78.73,$14.25,5.52,$39.17,2.01,$4.73,16.66,$5.12,15.38,$3.22B,$2.06B,1.57,$1.68B,$1.88B,0.89,$5.24B,$1.61B,30.78%,$5.24B,$1.01B,19.22%,$5.24B,$1.01B,19.22%,$5.24B,$1.26B,24.03%,$5.24B,$0.96B,18.34%,$5.24B,$0.69B,13.08%,$0.69B,$1.88B,35.37%,$0.69B,$-0.73B,-110.73%,$0.69B,$7.30B,9.51%,$1.01B,$3.56B,27.90%,$1293,$888,$405,$0,$157,$1045,$248,$-11,$237,$59,$178,$178,$178,$315,$248,$132,134,$1.35,$1.33,$294,$1844,$120,$3378,$933,$0,$2540,$323,$3852,$7230,$2342,$1667,$210,$2833,$5175,$2,$4983,$-1362,$2055,$7230,$502,$189,$28,$217,$-108,$-72,$-73,$-185,$-378,$341,$-155,$0,$-24,$0,$0,$0,$-8,$-187,$0,$241,$241,$-282,$-282,$-123,$11,$-153,$-29,$54,$-123
13,2015-06-30,88.51,$15.59,5.68,$39.08,2.26,$4.33,20.44,$4.97,17.81,$3.38B,$2.34B,1.44,$1.67B,$2.06B,0.81,$5.26B,$1.61B,30.52%,$5.26B,$1.00B,18.93%,$5.26B,$1.00B,18.93%,$5.26B,$1.25B,23.76%,$5.26B,$0.95B,18.03%,$5.26B,$0.67B,12.71%,$0.67B,$2.06B,34.45%,$0.67B,$-0.49B,-110.90%,$0.67B,$7.23B,9.36%,$1.00B,$3.72B,27.58%,$1341,$937,$404,$0,$152,$1089,$252,$-11,$241,$78,$163,$163,$157,$312,$252,$132,134,$1.19,$1.17,$284,$1800,$131,$3305,$924,$0,$2548,$328,$3867,$7172,$2343,$1678,$221,$2876,$5219,$2,$4849,$-1382,$1953,$7172,$324,$122,$4,$126,$-79,$-56,$-40,$-169,$-318,$132,$-104,$0,$-22,$0,$0,$0,$-10,$-136,$0,$281,$281,$-212,$-212,$-80,$9,$-2,$-39,$35,$-80
14,2015-03-31,92.22,$14.77,6.24,$38.63,2.39,$4.03,22.86,$4.79,19.25,$3.31B,$2.34B,1.41,$1.68B,$1.95B,0.86,$5.23B,$1.59B,30.35%,$5.23B,$0.99B,18.86%,$5.23B,$0.99B,18.86%,$5.23B,$1.23B,23.54%,$5.23B,$0.94B,17.98%,$5.23B,$0.65B,12.40%,$0.65B,$1.95B,33.87%,$0.65B,$-0.60B,-102.69%,$0.65B,$7.17B,9.07%,$0.99B,$3.63B,27.53%,$1226,$857,$369,$0,$137,$994,$232,$-14,$218,$49,$169,$169,$167,$294,$232,$133,135,$1.26,$1.24,$315,$1779,$141,$3288,$919,$0,$2541,$300,$3852,$7140,$2363,$1670,$225,$2907,$5270,$2,$4732,$-1373,$1870,$7140,$167,$62,$-34,$28,$-15,$-52,$-51,$-144,$-255,$-60,$-62,$0,$0,$0,$0,$0,$-14,$-76,$0,$327,$327,$-156,$-156,$-40,$7,$138,$-8,$16,$-40
15,2014-12-31,80.42,$14.11,5.7,$37.78,2.13,$3.88,20.71,$4.70,17.11,$3.29B,$2.36B,1.39,$1.67B,$1.87B,0.89,$5.15B,$1.56B,30.32%,$5.15B,$0.97B,18.73%,$5.15B,$0.97B,18.73%,$5.15B,$1.21B,23.45%,$5.15B,$0.92B,17.78%,$5.15B,$0.64B,12.42%,$0.64B,$1.87B,33.84%,$0.64B,$-0.67B,-97.34%,$0.64B,$7.14B,8.97%,$0.97B,$3.54B,27.15%,$1402,$974,$428,$0,$164,$1138,$264,$-11,$253,$80,$173,$173,$167,$329,$264,$135,137,$1.24,$1.23,$323,$1709,$130,$3204,$919,$0,$2551,$288,$3859,$7063,$2198,$1663,$217,$2976,$5174,$2,$4605,$-1366,$1889,$7063,$604,$225,$119,$344,$67,$-84,$23,$-291,$-288,$660,$-163,$-1,$-1381,$0,$0,$0,$8,$-1537,$1089,$69,$1158,$-174,$-174,$-162,$5,$827,$-68,$74,$-162
16,2014-09-30,74.47,$14.10,5.28,$36.38,2.05,$4.51,16.51,$4.42,16.85,$3.20B,$2.20B,1.46,$1.66B,$1.89B,0.88,$4.98B,$1.51B,30.33%,$4.98B,$0.92B,18.40%,$4.98B,$0.92B,18.40%,$4.98B,$1.14B,22.92%,$4.98B,$0.88B,17.71%,$4.98B,$0.60B,12.13%,$0.60B,$1.89B,32.54%,$0.60B,$-0.66B,-88.43%,$0.60B,$7.06B,8.48%,$0.92B,$3.55B,26.05%,$1264,$877,$387,$0,$148,$1025,$239,$-10,$229,$66,$163,$163,$158,$297,$239,$135,137,$1.17,$1.15,$450,$1707,$215,$3511,$888,$0,$2553,$237,$3742,$7253,$2432,$1663,$219,$2868,$5300,$2,$4479,$-1255,$1953,$7253,$437,$160,$62,$222,$38,$-95,$-18,$-264,$-394,$265,$-115,$-1,$-1381,$0,$0,$0,$0,$-1497,$1089,$420,$1509,$-76,$-76,$-122,$5,$1316,$59,$54,$-122
17,2014-06-30,73.82,$14.46,5.11,$34.44,2.14,$4.32,17.08,$4.47,16.51,$3.51B,$2.43B,1.44,$1.66B,$1.95B,0.85,$4.73B,$1.45B,30.70%,$4.73B,$0.91B,19.17%,$4.73B,$0.91B,19.17%,$4.73B,$1.11B,23.51%,$4.73B,$0.88B,18.60%,$4.73B,$0.61B,12.95%,$0.61B,$1.95B,34.20%,$0.61B,$-0.60B,-161.69%,$0.61B,$7.25B,9.12%,$0.91B,$3.62B,28.54%,$1259,$881,$378,$0,$148,$1029,$230,$-14,$216,$68,$148,$148,$148,$288,$230,$136,137,$1.09,$1.08,$410,$1674,$197,$3417,$829,$0,$2549,$238,$3666,$7083,$2400,$1658,$168,$2831,$5231,$2,$4362,$-1269,$1852,$7083,$279,$102,$2,$104,$52,$-73,$-32,$-218,$-305,$78,$-70,$-1,$-1391,$0,$0,$0,$0,$-1462,$889,$631,$1520,$-30,$-30,$-81,$5,$1414,$19,$36,$-81
18,2014-03-31,74.98,$13.67,5.49,$33.46,2.24,$4.87,15.41,$4.52,16.59,$3.42B,$2.40B,1.42,$1.66B,$1.85B,0.9,$4.59B,$1.43B,31.06%,$4.59B,$0.90B,19.59%,$4.59B,$0.90B,19.59%,$4.59B,$1.09B,23.75%,$4.59B,$0.88B,19.16%,$4.59B,$0.62B,13.45%,$0.62B,$1.85B,38.55%,$0.62B,$-0.70B,-320.62%,$0.62B,$7.08B,9.90%,$0.90B,$3.51B,33.16%,$1054,$737,$317,$0,$134,$871,$183,$1,$184,$50,$134,$134,$131,$227,$183,$135,137,$0.97,$0.96,$439,$1601,$266,$3429,$842,$0,$2503,$235,$3664,$7093,$2486,$1658,$196,$2877,$5363,$2,$4255,$-1275,$1730,$7093,$131,$44,$-41,$3,$86,$-48,$-42,$-149,$-158,$-24,$-14,$0,$-1420,$0,$0,$0,$0,$-1434,$1089,$482,$1571,$-15,$-15,$-41,$2,$1517,$48,$17,$-41
19,2013-12-31,69.29,$12.79,5.42,$32.49,2.13,$5.67,12.23,$4.61,15.03,$3.43B,$2.49B,1.38,$1.66B,$1.73B,0.96,$4.47B,$1.38B,30.81%,$4.47B,$0.87B,19.50%,$4.47B,$0.87B,19.50%,$4.47B,$1.05B,23.49%,$4.47B,$0.86B,19.28%,$4.47B,$0.63B,14.13%,$0.63B,$1.73B,44.39%,$0.63B,$-0.77B,-15775.00%,$0.63B,$7.09B,10.86%,$0.87B,$3.39B,38.54%,$1149,$780,$369,$0,$115,$895,$254,$-4,$250,$74,$176,$176,$175,$299,$254,$137,138,$1.29,$1.27,$391,$1518,$108,$3094,$773,$0,$1067,$221,$2306,$5400,$1981,$563,$155,$1796,$3777,$2,$4163,$-1287,$1623,$5400,$632,$177,$-5,$172,$-97,$-96,$14,$-112,$-211,$593,$-117,$-1,$0,$0,$0,$0,$0,$-118,$0,$235,$235,$-528,$-528,$-164,$9,$-448,$56,$73,$-164
20,2013-09-30,63.34,$12.01,5.27,$32.33,1.96,$6.11,10.37,$4.59,13.8,$3.09B,$1.98B,1.56,$0.56B,$1.62B,0.35,$4.47B,$1.37B,30.64%,$4.47B,$0.88B,19.58%,$4.47B,$0.88B,19.58%,$4.47B,$1.05B,23.54%,$4.47B,$0.87B,19.33%,$4.47B,$0.63B,14.13%,$0.63B,$1.62B,50.43%,$0.63B,$0.56B,341.62%,$0.63B,$5.40B,11.78%,$0.88B,$2.19B,48.12%,$1132,$769,$363,$0,$130,$899,$233,$-3,$230,$69,$161,$161,$164,$277,$233,$136,137,$1.21,$1.20,$354,$1509,$99,$2945,$757,$0,$1065,$223,$2452,$5397,$1935,$563,$157,$2254,$4189,$2,$4027,$-1592,$1208,$5397,$457,$132,$9,$141,$2,$-99,$-67,$-132,$-289,$309,$-84,$-1,$0,$0,$0,$0,$0,$-85,$0,$400,$400,$-486,$-486,$-124,$7,$-203,$19,$61,$-124
21,2013-06-30,58.95,$8.93,6.6,$31.30,1.88,$5.33,11.06,$4.37,13.49,$2.95B,$1.94B,1.52,$0.56B,$1.21B,0.47,$4.40B,$1.34B,30.37%,$4.40B,$0.82B,18.61%,$4.40B,$0.82B,18.61%,$4.40B,$0.99B,22.57%,$4.40B,$0.81B,18.43%,$4.40B,$0.61B,13.85%,$0.61B,$1.21B,52.34%,$0.61B,$0.14B,646.15%,$0.61B,$5.40B,11.40%,$0.82B,$1.77B,45.83%,$1131,$804,$327,$0,$126,$930,$201,$-4,$197,$36,$161,$161,$161,$246,$201,$136,138,$1.18,$1.17,$337,$1444,$107,$2874,$758,$0,$1067,$225,$2479,$5353,$1960,$570,$151,$2268,$4228,$2,$3911,$-1599,$1125,$5353,$293,$88,$-39,$49,$2,$-63,$-46,$-71,$-163,$179,$-61,$-1,$0,$0,$0,$0,$0,$-62,$0,$385,$385,$-418,$-418,$-83,$3,$-113,$2,$42,$-83
22,2013-03-31,58.41,$8.28,7.06,$31.36,1.86,$4.43,13.19,$4.31,13.55,$2.87B,$1.96B,1.47,$0.57B,$1.13B,0.51,$4.47B,$1.33B,29.78%,$4.47B,$0.81B,18.17%,$4.47B,$0.81B,18.17%,$4.47B,$0.99B,22.06%,$4.47B,$0.81B,18.12%,$4.47B,$0.61B,13.67%,$0.61B,$1.13B,51.74%,$0.61B,$0.06B,550.45%,$0.61B,$5.35B,11.57%,$0.81B,$1.70B,43.75%,$1062,$750,$312,$0,$124,$874,$188,$0,$188,$56,$132,$132,$132,$231,$188,$139,141,$0.95,$0.94,$337,$1403,$100,$2793,$767,$0,$1074,$226,$2520,$5313,$1915,$573,$144,$2341,$4256,$2,$3793,$-1598,$1057,$5313,$132,$43,$-27,$16,$67,$-45,$-64,$-77,$-85,$63,$-40,$0,$0,$0,$0,$0,$0,$-40,$0,$345,$345,$-329,$-329,$-42,$1,$-25,$2,$24,$-42
23,2012-12-31,53.57,$7.73,6.93,$31.02,1.73,$3.42,15.65,$4.23,12.66,$2.79B,$1.92B,1.46,$0.57B,$1.06B,0.54,$4.50B,$1.36B,30.12%,$4.50B,$0.83B,18.34%,$4.50B,$0.83B,18.34%,$4.50B,$1.00B,22.18%,$4.50B,$0.83B,18.36%,$4.50B,$0.61B,13.58%,$0.61B,$1.06B,49.54%,$0.61B,$-0.02B,380.69%,$0.61B,$5.31B,11.65%,$0.83B,$1.63B,42.11%,$1071,$738,$333,$0,$137,$875,$196,$-1,$195,$63,$132,$132,$152,$238,$196,$145,147,$1.06,$1.06,$335,$1332,$91,$2787,$773,$0,$1071,$228,$2527,$5314,$1440,$779,$138,$2610,$4050,$2,$3708,$-1607,$1264,$5314,$609,$170,$105,$275,$-27,$-70,$-27,$-230,$-371,$513,$-121,$-4,$-3,$0,$0,$0,$-1,$-129,$247,$0,$247,$-693,$-693,$-157,$9,$-594,$-195,$93,$-157
24,2012-09-30,49.12,$8.89,5.53,$30.71,1.6,$2.54,19.31,$4.15,11.84,$2.79B,$1.44B,1.94,$0.78B,$1.26B,0.62,$4.53B,$1.36B,30.08%,$4.53B,$0.83B,18.38%,$4.53B,$0.83B,18.38%,$4.53B,$1.00B,22.14%,$4.53B,$0.83B,18.36%,$4.53B,$0.61B,13.44%,$0.61B,$1.26B,47.41%,$0.61B,$0.19B,289.31%,$0.61B,$5.31B,11.69%,$0.83B,$2.04B,40.41%,$1205,$846,$359,$0,$132,$978,$227,$3,$230,$64,$166,$166,$166,$271,$227,$143,145,$1.16,$1.14,$265,$1353,$100,$2753,$750,$0,$1068,$222,$2395,$5148,$1485,$778,$146,$2385,$3870,$2,$3609,$-1478,$1278,$5148,$457,$128,$64,$192,$3,$-112,$-71,$-219,$-457,$192,$-85,$-2,$0,$0,$0,$0,$-4,$-91,$247,$201,$448,$-693,$-693,$-114,$7,$-352,$-265,$72,$-114
25,2012-06-30,44.92,$8.99,5.0,$31.72,1.42,$3.20,14.04,$4.22,10.65,$2.75B,$1.49B,1.85,$0.78B,$1.28B,0.61,$4.76B,$1.39B,29.16%,$4.76B,$0.85B,17.91%,$4.76B,$0.85B,17.91%,$4.76B,$1.03B,21.72%,$4.76B,$0.86B,18.00%,$4.76B,$0.63B,13.29%,$0.63B,$1.28B,46.80%,$0.63B,$0.21B,232.14%,$0.63B,$5.15B,12.09%,$0.85B,$2.06B,41.26%,$1161,$810,$351,$0,$137,$947,$214,$-1,$213,$52,$161,$161,$161,$258,$214,$146,148,$1.10,$1.09,$297,$1365,$109,$2757,$751,$0,$1078,$220,$2450,$5207,$1453,$774,$163,$2420,$3873,$2,$3489,$-1476,$1334,$5207,$291,$84,$-18,$66,$80,$-139,$-66,$-172,$-312,$45,$-67,$-1,$0,$0,$0,$0,$-4,$-72,$247,$97,$344,$-486,$-486,$-71,$7,$-206,$-233,$48,$-71
26,2012-03-31,52.1,$9.17,5.68,$31.04,1.68,$3.37,15.45,$4.09,12.74,$2.76B,$1.45B,1.9,$0.77B,$1.33B,0.58,$4.74B,$1.39B,29.21%,$4.74B,$0.85B,17.95%,$4.74B,$0.85B,17.95%,$4.74B,$1.02B,21.58%,$4.74B,$0.85B,17.99%,$4.74B,$0.62B,13.16%,$0.62B,$1.33B,43.07%,$0.62B,$0.26B,172.26%,$0.62B,$5.21B,11.96%,$0.85B,$2.11B,40.58%,$1094,$774,$320,$0,$124,$898,$196,$-2,$194,$64,$130,$130,$130,$236,$196,$150,151,$0.87,$0.86,$286,$1302,$103,$2693,$746,$0,$1079,$215,$2475,$5168,$1350,$777,$216,$2556,$3906,$2,$3372,$-1496,$1262,$5168,$130,$40,$-14,$26,$73,$-94,$-67,$-158,$-220,$-64,$-44,$0,$0,$0,$0,$0,$-3,$-47,$247,$48,$295,$-391,$-391,$-36,$4,$-128,$-244,$24,$-36
27,2011-12-31,49.71,$8.60,5.78,$30.95,1.61,$3.91,12.71,$3.96,12.55,$2.69B,$1.35B,2.0,$0.78B,$1.26B,0.62,$4.80B,$1.39B,28.90%,$4.80B,$0.85B,17.79%,$4.80B,$0.85B,17.79%,$4.80B,$1.02B,21.23%,$4.80B,$0.86B,17.89%,$4.80B,$0.61B,12.78%,$0.61B,$1.26B,40.61%,$0.61B,$0.18B,147.00%,$0.61B,$5.17B,11.85%,$0.85B,$2.04B,40.78%,$1296,$939,$357,$0,$142,$1081,$215,$4,$219,$61,$158,$158,$175,$268,$215,$154,156,$1.14,$1.13,$530,$1195,$89,$2889,$754,$0,$1088,$210,$2500,$5389,$1495,$528,$205,$2366,$3861,$2,$3288,$-1497,$1528,$5389,$634,$159,$65,$224,$49,$-121,$58,$-242,$-201,$657,$-138,$-4,$27,$20,$0,$20,$3,$-92,$0,$-24,$-24,$-306,$-306,$-148,$7,$-471,$95,$92,$-148
28,2011-09-30,47.16,$9.97,4.73,$30.71,1.54,$4.78,9.86,$4.06,11.62,$2.89B,$1.50B,1.93,$0.53B,$1.53B,0.35,$4.81B,$1.38B,28.69%,$4.81B,$0.85B,17.60%,$4.81B,$0.85B,17.60%,$4.81B,$1.01B,20.91%,$4.81B,$0.86B,17.79%,$4.81B,$0.63B,13.19%,$0.63B,$1.53B,40.54%,$0.63B,$0.44B,134.97%,$0.63B,$5.39B,12.42%,$0.85B,$2.06B,40.68%,$1190,$833,$357,$0,$131,$964,$226,$1,$227,$70,$157,$157,$158,$261,$226,$154,156,$1.03,$1.01,$268,$1212,$129,$2754,$729,$0,$1101,$195,$2359,$5113,$1440,$514,$208,$2002,$3442,$2,$3153,$-1239,$1671,$5113,$459,$106,$22,$128,$-12,$-245,$5,$-114,$-341,$246,$-104,$-3,$-17,$18,$0,$18,$3,$-103,$0,$46,$46,$-258,$-258,$-112,$7,$-317,$-167,$71,$-112
29,2011-06-30,54.85,$10.86,5.05,$30.29,1.81,$5.25,10.45,$3.87,14.17,$2.75B,$1.44B,1.91,$0.51B,$1.67B,0.31,$4.76B,$1.37B,28.76%,$4.76B,$0.85B,17.84%,$4.76B,$0.85B,17.84%,$4.76B,$1.01B,21.26%,$4.76B,$0.85B,17.86%,$4.76B,$0.61B,12.78%,$0.61B,$1.67B,39.21%,$0.61B,$0.57B,131.46%,$0.61B,$5.11B,12.12%,$0.85B,$2.19B,41.10%,$1216,$864,$352,$0,$136,$1000,$216,$2,$218,$68,$150,$150,$150,$253,$216,$154,157,$0.97,$0.96,$236,$1172,$97,$2652,$718,$0,$1102,$198,$2368,$5020,$1440,$509,$201,$2003,$3443,$2,$3041,$-1240,$1577,$5020,$301,$71,$-25,$46,$-1,$-188,$39,$-86,$-220,$127,$-66,$-2,$-17,$18,$0,$18,$3,$-64,$0,$5,$5,$-199,$-199,$-75,$3,$-266,$-199,$45,$-75
30,2011-03-31,57.42,$10.23,5.61,$30.23,1.9,$6.57,8.73,$3.75,15.31,$2.65B,$1.44B,1.84,$0.51B,$1.58B,0.32,$4.78B,$1.34B,27.94%,$4.78B,$0.83B,17.31%,$4.78B,$0.83B,17.31%,$4.78B,$0.99B,20.77%,$4.78B,$0.83B,17.31%,$4.78B,$0.59B,12.40%,$0.59B,$1.58B,38.74%,$0.59B,$0.48B,131.78%,$0.59B,$5.02B,12.03%,$0.83B,$2.09B,40.46%,$1104,$791,$313,$0,$124,$915,$189,$2,$191,$41,$150,$150,$151,$223,$189,$156,158,$0.97,$0.96,$263,$1093,$104,$2546,$703,$0,$1085,$196,$2358,$4904,$1316,$512,$194,$2109,$3425,$2,$2930,$-1256,$1479,$4904,$151,$34,$34,$68,$63,$-101,$-38,$-109,$-162,$57,$-32,$0,$-7,$0,$0,$0,$2,$-37,$0,$-10,$-10,$-145,$-145,$-38,$0,$-193,$-172,$22,$-38
31,2010-12-31,51.42,$9.56,5.38,$29.62,1.74,$7.57,6.79,$3.72,13.82,$2.55B,$1.32B,1.94,$0.51B,$1.48B,0.35,$4.71B,$1.30B,27.57%,$4.71B,$0.81B,17.14%,$4.71B,$0.81B,17.14%,$4.71B,$0.97B,20.65%,$4.71B,$0.81B,17.12%,$4.71B,$0.59B,12.55%,$0.59B,$1.48B,39.13%,$0.59B,$0.39B,134.47%,$0.59B,$4.90B,12.21%,$0.81B,$1.99B,39.74%,$1254,$906,$348,$0,$129,$1035,$219,$-4,$215,$69,$146,$146,$150,$276,$219,$157,159,$0.96,$0.94,$435,$1004,$97,$2689,$707,$0,$1072,$207,$2375,$5064,$1452,$525,$181,$2126,$3578,$2,$2816,$-1259,$1486,$5064,$561,$167,$46,$213,$-32,$-16,$43,$-116,$-63,$711,$-108,$-7,$-96,$-21,$0,$-21,$0,$-232,$0,$0,$0,$-145,$-145,$-151,$17,$-279,$200,$88,$-151
32,2010-09-30,51.2,$9.48,5.4,$29.07,1.76,$7.78,6.58,$3.52,14.55,$2.69B,$1.45B,1.85,$0.53B,$1.49B,0.35,$4.63B,$1.28B,27.60%,$4.63B,$0.80B,17.32%,$4.63B,$0.80B,17.32%,$4.63B,$0.97B,20.92%,$4.63B,$0.80B,17.19%,$4.63B,$0.56B,12.11%,$0.56B,$1.49B,37.73%,$0.56B,$0.41B,133.57%,$0.56B,$5.06B,11.74%,$0.80B,$2.01B,39.88%,$1208,$885,$323,$0,$119,$1004,$204,$0,$204,$62,$142,$142,$142,$241,$204,$157,160,$0.90,$0.89,$303,$980,$90,$2426,$709,$0,$1064,$233,$2310,$4736,$1366,$516,$171,$1789,$3155,$2,$2715,$-1084,$1581,$4736,$411,$110,$7,$117,$19,$-65,$20,$-64,$-88,$440,$-83,$-5,$-95,$0,$0,$0,$0,$-183,$0,$0,$0,$-86,$-86,$-113,$13,$-186,$68,$65,$-113
33,2010-06-30,46.5,$10.05,4.63,$28.39,1.64,$7.00,6.64,$3.42,13.6,$2.43B,$1.37B,1.78,$0.52B,$1.58B,0.33,$4.53B,$1.24B,27.31%,$4.53B,$0.76B,16.86%,$4.53B,$0.76B,16.86%,$4.53B,$0.91B,20.18%,$4.53B,$0.76B,16.84%,$4.53B,$0.55B,12.04%,$0.55B,$1.58B,37.87%,$0.55B,$0.52B,136.51%,$0.55B,$4.74B,11.66%,$0.76B,$2.10B,38.83%,$1142,$828,$314,$0,$119,$947,$195,$1,$196,$48,$148,$148,$148,$232,$195,$157,159,$0.94,$0.93,$246,$1011,$89,$2332,$718,$0,$1063,$218,$2333,$4665,$1346,$527,$175,$1823,$3169,$2,$2622,$-1076,$1496,$4665,$269,$73,$-75,$-2,$95,$-85,$-10,$-61,$13,$280,$-59,$-3,$-94,$0,$0,$0,$0,$-156,$0,$0,$0,$-45,$-45,$-75,$7,$-113,$11,$42,$-75
34,2010-03-31,54.57,$9.50,5.75,$27.61,1.98,$6.42,8.51,$3.44,15.86,$2.33B,$1.35B,1.73,$0.53B,$1.50B,0.35,$4.40B,$1.24B,28.13%,$4.40B,$0.78B,17.63%,$4.40B,$0.78B,17.63%,$4.40B,$0.93B,21.06%,$4.40B,$0.77B,17.56%,$4.40B,$0.55B,12.45%,$0.55B,$1.50B,37.10%,$0.55B,$0.43B,117.41%,$0.55B,$4.67B,11.96%,$0.78B,$2.02B,38.67%,$1027,$734,$293,$0,$109,$843,$184,$-3,$181,$60,$121,$121,$121,$220,$184,$157,159,$0.77,$0.76,$206,$1022,$96,$2304,$714,$0,$1068,$213,$2345,$4649,$1379,$529,$216,$1886,$3265,$2,$2524,$-1075,$1384,$4649,$121,$36,$-76,$-40,$118,$-87,$-31,$-47,$3,$84,$-26,$0,$-92,$0,$0,$0,$-1,$-119,$0,$62,$62,$-21,$-21,$-38,$2,$5,$-29,$22,$-38
35,2009-12-31,48.05,$8.80,5.46,$27.58,1.74,$5.42,8.86,$3.54,13.57,$2.30B,$1.38B,1.67,$0.53B,$1.38B,0.38,$4.40B,$1.28B,29.04%,$4.40B,$0.82B,18.56%,$4.40B,$0.82B,18.56%,$4.40B,$0.96B,21.92%,$4.40B,$0.82B,18.58%,$4.40B,$0.56B,12.83%,$0.56B,$1.38B,37.33%,$0.56B,$0.32B,102.13%,$0.56B,$4.65B,12.65%,$0.82B,$1.91B,41.48%,$1148,$842,$306,$0,$126,$968,$180,$1,$181,$52,$129,$129,$134,$220,$180,$158,159,$0.84,$0.84,$235,$943,$117,$2362,$719,$0,$964,$229,$2283,$4645,$1359,$532,$205,$1991,$3350,$2,$2444,$-1080,$1295,$4645,$594,$144,$49,$193,$39,$12,$-63,$-144,$-154,$633,$-153,$-2,$-146,$0,$0,$0,$-1,$-302,$296,$-287,$9,$-134,$-134,$-152,$2,$-275,$60,$81,$-152
36,2009-09-30,43.89,$8.24,5.32,$27.78,1.58,$4.91,8.94,$3.73,11.77,$2.36B,$1.36B,1.74,$0.53B,$1.30B,0.41,$4.43B,$1.31B,29.58%,$4.43B,$0.85B,19.26%,$4.43B,$0.85B,19.26%,$4.43B,$1.00B,22.52%,$4.43B,$0.86B,19.38%,$4.43B,$0.59B,13.41%,$0.59B,$1.30B,38.65%,$0.59B,$0.33B,94.10%,$0.59B,$4.65B,13.67%,$0.85B,$1.83B,44.44%,$1084,$759,$325,$0,$108,$867,$217,$-2,$215,$70,$145,$145,$145,$255,$217,$158,160,$0.92,$0.91,$218,$998,$118,$2392,$714,$0,$947,$319,$1980,$4372,$1427,$530,$191,$1211,$2638,$2,$2359,$-572,$1734,$4372,$460,$104,$4,$108,$60,$-33,$-73,$-155,$-187,$381,$-117,$-1,$-146,$0,$0,$0,$-1,$-265,$296,$-170,$126,$-85,$-85,$-114,$1,$-72,$43,$64,$-114
37,2009-06-30,35.86,$10.99,3.26,$28.42,1.26,$4.65,7.7,$4.02,8.92,$2.39B,$1.43B,1.68,$0.53B,$1.73B,0.31,$4.56B,$1.38B,30.35%,$4.56B,$0.92B,20.12%,$4.56B,$0.92B,20.12%,$4.56B,$1.06B,23.17%,$4.56B,$0.92B,20.14%,$4.56B,$0.64B,14.09%,$0.64B,$1.73B,41.02%,$0.64B,$0.79B,91.88%,$0.64B,$4.37B,15.21%,$0.92B,$2.26B,49.00%,$1138,$785,$353,$0,$118,$903,$235,$5,$240,$76,$164,$164,$164,$269,$235,$158,159,$1.04,$1.03,$190,$993,$87,$2314,$685,$0,$856,$316,$1857,$4171,$1639,$233,$171,$901,$2540,$2,$2264,$-593,$1631,$4171,$315,$66,$-23,$43,$35,$-43,$-75,$-177,$-221,$137,$-74,$-1,$-28,$0,$0,$0,$0,$-103,$0,$98,$98,$-41,$-41,$-76,$0,$-19,$15,$42,$-76
38,2009-03-31,27.87,$10.29,2.71,$28.98,0.96,$4.21,6.62,$4.18,6.67,$2.31B,$1.64B,1.41,$0.23B,$1.63B,0.14,$4.67B,$1.43B,30.53%,$4.67B,$0.95B,20.31%,$4.67B,$0.95B,20.31%,$4.67B,$1.08B,23.16%,$4.67B,$0.95B,20.38%,$4.67B,$0.67B,14.38%,$0.67B,$1.63B,43.99%,$0.67B,$0.78B,97.04%,$0.67B,$4.17B,16.15%,$0.95B,$1.86B,53.97%,$1058,$732,$326,$0,$105,$837,$221,$1,$222,$71,$151,$151,$151,$253,$221,$158,159,$0.96,$0.95,$200,$1026,$88,$2307,$680,$0,$855,$351,$1886,$4193,$1716,$235,$168,$990,$2706,$2,$2149,$-590,$1487,$4193,$151,$32,$18,$50,$76,$-63,$-92,$-187,$-180,$21,$-45,$0,$-28,$0,$0,$0,$0,$-73,$0,$154,$154,$-40,$-40,$-38,$0,$76,$25,$22,$-38
39,2008-12-31,33.16,$9.41,3.53,$29.10,1.14,$4.15,7.99,$4.18,7.93,$2.31B,$1.72B,1.34,$0.24B,$1.49B,0.16,$4.72B,$1.42B,30.07%,$4.72B,$0.94B,19.92%,$4.72B,$0.94B,19.92%,$4.72B,$1.07B,22.67%,$4.72B,$0.94B,20.00%,$4.72B,$0.68B,14.32%,$0.68B,$1.49B,45.27%,$0.68B,$0.63B,97.23%,$0.68B,$4.19B,16.47%,$0.94B,$1.72B,54.53%,$1277,$898,$379,$0,$135,$1033,$244,$-3,$241,$59,$182,$182,$182,$279,$244,$161,163,$1.14,$1.13,$175,$970,$104,$2338,$680,$0,$807,$175,$1806,$4144,$1740,$228,$168,$996,$2736,$2,$2058,$-578,$1408,$4144,$678,$129,$143,$272,$-68,$-176,$26,$-45,$-330,$620,$-171,$-8,$-104,$0,$0,$0,$-1,$-284,$0,$287,$287,$-559,$-559,$-129,$8,$-393,$-56,$84,$-129
40,2008-09-30,40.51,$8.88,4.56,$29.19,1.39,$4.23,9.57,$4.16,9.74,$2.34B,$1.74B,1.34,$0.23B,$1.41B,0.16,$4.77B,$1.44B,30.09%,$4.77B,$0.95B,19.92%,$4.77B,$0.95B,19.92%,$4.77B,$1.08B,22.63%,$4.77B,$0.95B,19.98%,$4.77B,$0.68B,14.22%,$0.68B,$1.41B,45.34%,$0.68B,$0.60B,92.03%,$0.68B,$4.14B,16.90%,$0.95B,$1.64B,55.09%,$1194,$827,$367,$0,$119,$946,$248,$0,$248,$74,$174,$174,$174,$280,$248,$160,162,$1.09,$1.07,$187,$960,$69,$2285,$637,$0,$818,$255,$1830,$4115,$1794,$228,$153,$745,$2539,$2,$1922,$-319,$1576,$4115,$496,$94,$67,$161,$-60,$-161,$-12,$-61,$-347,$310,$-114,$-6,$-107,$0,$0,$0,$1,$-226,$0,$429,$429,$-476,$-476,$-91,$7,$-131,$-44,$61,$-91
41,2008-06-30,40.21,$9.87,4.07,$28.57,1.41,$4.32,9.31,$3.96,10.15,$2.29B,$1.79B,1.27,$0.23B,$1.58B,0.15,$4.72B,$1.42B,30.01%,$4.72B,$0.94B,19.84%,$4.72B,$0.94B,19.84%,$4.72B,$1.06B,22.49%,$4.72B,$0.94B,19.94%,$4.72B,$0.65B,13.82%,$0.65B,$1.58B,42.43%,$0.65B,$0.76B,80.79%,$0.65B,$4.12B,16.66%,$0.94B,$1.80B,53.05%,$1186,$840,$346,$0,$120,$960,$226,$6,$232,$64,$168,$168,$168,$257,$226,$161,163,$1.04,$1.03,$198,$918,$64,$2270,$624,$0,$707,$233,$1673,$3943,$1694,$233,$159,$756,$2450,$2,$1790,$-323,$1493,$3943,$322,$62,$65,$127,$-57,$-116,$-7,$-95,$-319,$130,$-75,$-5,$0,$0,$0,$0,$-1,$-81,$0,$361,$361,$-404,$-404,$-52,$6,$-89,$-33,$31,$-52
42,2008-03-31,47.73,$9.29,5.14,$27.78,1.72,$4.36,10.95,$3.75,12.73,$2.27B,$1.69B,1.34,$0.23B,$1.49B,0.16,$4.64B,$1.38B,29.80%,$4.64B,$0.90B,19.34%,$4.64B,$0.90B,19.34%,$4.64B,$1.02B,22.00%,$4.64B,$0.90B,19.45%,$4.64B,$0.62B,13.46%,$0.62B,$1.49B,41.65%,$0.62B,$0.79B,76.75%,$0.62B,$3.94B,16.55%,$0.90B,$1.73B,52.03%,$1112,$769,$343,$0,$111,$880,$232,$0,$232,$78,$154,$154,$154,$263,$232,$163,165,$0.95,$0.93,$171,$922,$66,$2201,$608,$0,$702,$249,$1647,$3848,$1576,$228,$191,$768,$2344,$2,$1652,$-331,$1504,$3848,$154,$31,$15,$46,$23,$-107,$-16,$-119,$-168,$32,$-43,$-2,$0,$0,$0,$0,$-1,$-46,$0,$190,$190,$-218,$-218,$-26,$4,$-50,$-60,$13,$-26
43,2007-12-31,59.95,$9.22,6.51,$26.86,2.23,$4.78,12.54,$3.54,16.94,$2.20B,$1.58B,1.4,$0.23B,$1.50B,0.15,$4.53B,$1.36B,30.06%,$4.53B,$0.88B,19.39%,$4.53B,$0.88B,19.39%,$4.53B,$1.00B,22.03%,$4.53B,$0.88B,19.41%,$4.53B,$0.60B,13.15%,$0.60B,$1.50B,40.63%,$0.60B,$0.80B,74.64%,$0.60B,$3.85B,16.34%,$0.88B,$1.73B,51.99%,$1226,$866,$360,$0,$130,$996,$230,$-1,$229,$73,$156,$156,$156,$261,$230,$167,170,$0.95,$0.93,$231,$823,$56,$2169,$607,$0,$691,$195,$1581,$3750,$1459,$223,$136,$718,$2177,$2,$1533,$-336,$1573,$3750,$585,$118,$24,$142,$-126,$-128,$55,$102,$-120,$607,$-125,$-8,$-18,$0,$-2,$-2,$0,$-153,$-27,$0,$-27,$-272,$-272,$-107,$33,$-373,$87,$75,$-107
44,2007-09-30,60.71,$9.49,6.4,$25.97,2.34,$5.16,11.77,$3.45,17.6,$2.17B,$1.46B,1.49,$0.22B,$1.57B,0.14,$4.42B,$1.32B,29.97%,$4.42B,$0.84B,19.05%,$4.42B,$0.84B,19.05%,$4.42B,$0.96B,21.72%,$4.42B,$0.84B,19.09%,$4.42B,$0.59B,13.25%,$0.59B,$1.57B,41.29%,$0.59B,$0.88B,76.62%,$0.59B,$3.75B,16.55%,$0.84B,$1.80B,51.19%,$1113,$780,$333,$0,$124,$904,$209,$0,$209,$63,$146,$146,$146,$239,$209,$167,170,$0.87,$0.86,$135,$867,$59,$2122,$569,$0,$641,$213,$1423,$3545,$1408,$219,$92,$714,$2122,$2,$1407,$-431,$1423,$3545,$429,$87,$-27,$60,$-106,$-163,$22,$83,$-191,$298,$-86,$-3,$14,$0,$0,$0,$4,$-71,$-27,$4,$-23,$-166,$-166,$-81,$29,$-241,$-9,$42,$-81
45,2007-06-30,58.58,$8.53,6.87,$24.83,2.36,$4.91,11.94,$3.31,17.7,$2.12B,$1.41B,1.51,$0.22B,$1.42B,0.15,$4.25B,$1.26B,29.62%,$4.25B,$0.79B,18.52%,$4.25B,$0.79B,18.52%,$4.25B,$0.90B,21.27%,$4.25B,$0.81B,19.08%,$4.25B,$0.57B,13.34%,$0.57B,$1.42B,42.79%,$0.57B,$0.78B,83.26%,$0.57B,$3.55B,16.60%,$0.79B,$1.64B,50.56%,$1083,$756,$327,$0,$119,$875,$208,$2,$210,$70,$140,$140,$140,$236,$208,$168,171,$0.83,$0.82,$167,$778,$57,$2047,$563,$0,$639,$202,$1404,$3451,$1286,$226,$84,$798,$2084,$2,$1302,$-434,$1367,$3451,$283,$57,$35,$92,$-65,$-65,$4,$-31,$-189,$186,$-57,$-3,$14,$0,$0,$0,$5,$-41,$-22,$3,$-19,$-73,$-73,$-54,$19,$-127,$23,$28,$-54
46,2007-03-31,55.37,$8.16,6.79,$23.81,2.33,$4.86,11.39,$3.15,17.58,$2.05B,$1.29B,1.59,$0.23B,$1.37B,0.17,$4.10B,$1.21B,29.60%,$4.10B,$0.75B,18.39%,$4.10B,$0.75B,18.39%,$4.10B,$0.87B,21.17%,$4.10B,$0.78B,19.00%,$4.10B,$0.54B,13.22%,$0.54B,$1.37B,43.33%,$0.54B,$0.73B,88.35%,$0.54B,$3.45B,16.07%,$0.75B,$1.59B,50.68%,$993,$690,$303,$0,$109,$799,$194,$1,$195,$52,$143,$143,$143,$223,$194,$167,170,$0.85,$0.84,$207,$788,$70,$2015,$554,$0,$642,$178,$1374,$3389,$1271,$236,$83,$814,$2085,$2,$1202,$-435,$1304,$3389,$143,$29,$19,$48,$40,$-69,$-37,$-43,$-110,$81,$-28,$-2,$14,$0,$0,$0,$0,$-16,$-12,$0,$-12,$22,$22,$-27,$9,$-8,$63,$13,$-27
47,2006-12-31,52.24,$7.75,6.74,$22.91,2.28,$4.56,11.46,$2.98,17.53,$2.02B,$1.27B,1.59,$0.24B,$1.30B,0.18,$3.98B,$1.16B,29.26%,$3.98B,$0.71B,17.86%,$3.98B,$0.71B,17.86%,$3.98B,$0.82B,20.65%,$3.98B,$0.73B,18.39%,$3.98B,$0.52B,12.98%,$0.52B,$1.30B,43.41%,$0.52B,$0.66B,90.57%,$0.52B,$3.39B,15.55%,$0.71B,$1.54B,50.06%,$1061,$765,$296,$0,$120,$885,$176,$21,$197,$59,$138,$138,$138,$206,$176,$172,175,$0.80,$0.79,$144,$727,$67,$1927,$552,$0,$654,$145,$1351,$3278,$1324,$245,$82,$748,$2072,$2,$1105,$-393,$1206,$3278,$477,$106,$29,$135,$-78,$-43,$35,$81,$-17,$595,$-143,$0,$-100,$0,$84,$84,$0,$-159,$46,$0,$46,$-419,$-419,$-96,$28,$-441,$-1,$50,$-96
