,Date,Stock Price,Book Value per Share,Price to Book Ratio,TTM Sales per Share,Price to Sales Ratio,TTM FCF per Share,Price to FCF Ratio,TTM Net EPS,PE Ratio,Current Assets,Current Liabilities,Current Ratio,Long Term Debt,Shareholder's Equity_x,Debt to Equity Ratio,TTM Revenue_x,TTM Gross Profit,Gross Margin,TTM Revenue_y,TTM Operating Income,Operating Margin,TTM Revenue_x,TTM EBIT,EBIT Margin,TTM Revenue_y,TTM EBITDA,EBITDA Margin,TTM Revenue_x,TTM Pre-Tax Income,Pre-Tax Margin,TTM Revenue_y,TTM Net Income_x,Net Margin,TTM Net Income_y,Shareholder's Equity_y,Return on Equity,TTM Net Income_x,Tangible Equity,Return on Tangible Equity,TTM Net Income_y,Total Assets,Return on Assets,TTM Net Income,LT Investments & Debt,Return on Investment,revenue,cost-goods-sold,gross-profit,research-development-expenses,selling-general-administrative-expenses,operating-expenses,operating-income,total-non-operating-income-expense,pre-tax-income,total-provision-income-taxes,income-after-taxes,income-from-continuous-operations,net-income,ebitda,ebit,basic-shares-outstanding,shares-outstanding,eps-basic-net-earnings-per-share,eps-earnings-per-share-diluted,cash-on-hand,inventory,other-current-assets,total-current-assets,net-property-plant-equipment,long-term-investments,goodwill-intangible-assets-total,other-long-term-assets,total-long-term-assets,total-assets,total-current-liabilities,long-term-debt,other-non-current-liabilities,total-long-term-liabilities,total-liabilities,common-stock-net,retained-earnings-accumulated-deficit,comprehensive-income,total-share-holder-equity,total-liabilities-share-holders-equity,net-income-loss,total-depreciation-amortization-cash-flow,other-non-cash-items,total-non-cash-items,change-in-accounts-receivable,change-in-inventories,change-in-accounts-payable,change-in-assets-liabilities,total-change-in-assets-liabilities,cash-flow-from-operating-activities,net-change-in-property-plant-equipment,net-change-in-intangible-assets,net-acquisitions-divestitures,net-change-in-short-term-investments,net-change-in-long-term-investments,net-change-in-investments-total,investing-activities-other,cash-flow-from-investing-activities,net-long-term-debt,net-current-debt,debt-issuance-retirement-net-total,net-common-equity-issued-repurchased,net-total-equity-issued-repurchased,total-common-preferred-stock-dividends-paid,financial-activities-other,cash-flow-from-financial-activities,net-cash-flow,stock-based-compensation,common-stock-dividends-paid
0,2018-09-30,93.07,$24.28,3.83,$37.71,2.47,$3.96,23.52,$2.10,44.32,$1.71B,$0.51B,3.36,$0.00B,$1.68B,0.0,$2.66B,$1.28B,48.21%,$2.66B,$0.31B,11.54%,$2.66B,$0.31B,11.54%,$2.66B,$0.37B,13.79%,$2.66B,$0.32B,11.88%,$2.66B,$0.15B,5.56%,$0.15B,$1.68B,8.86%,$0.15B,$1.49B,10.05%,$0.15B,$2.30B,6.62%,$0.31B,$1.68B,18.39%,$796,$412,$384,$0,$259,$667,$129,$3,$132,$30,$102,$102,$100,$144,$129,$70,70,$1.44,$1.42,$465,$617,$0,$1713,$285,$0,$196,$37,$586,$2299,$510,$0,$108,$108,$618,$0,$1669,$-4,$1682,$2299,$162,$44,$14,$58,$-125,$-189,$-14,$-20,$-318,$-98,$-45,$0,$0,$-174,$0,$-174,$0,$-219,$0,$8,$8,$-91,$-91,$-66,$-4,$-153,$-477,$10,$-66
1,2018-06-30,91.25,$23.64,3.86,$37.01,2.47,$5.23,17.46,$1.93,47.28,$1.66B,$0.49B,3.41,$0.00B,$1.65B,0.0,$2.61B,$1.25B,47.78%,$2.61B,$0.30B,11.52%,$2.61B,$0.30B,11.52%,$2.61B,$0.36B,13.82%,$2.61B,$0.31B,11.79%,$2.61B,$0.14B,5.21%,$0.14B,$1.65B,8.17%,$0.14B,$1.46B,9.27%,$0.14B,$2.25B,6.22%,$0.30B,$1.65B,18.09%,$482,$253,$229,$0,$222,$472,$10,$3,$13,$2,$10,$10,$10,$24,$10,$70,71,$0.14,$0.14,$775,$570,$0,$1660,$281,$0,$197,$39,$587,$2247,$486,$0,$106,$106,$593,$23,$1624,$-6,$1654,$2247,$59,$29,$9,$38,$189,$-141,$38,$-22,$2,$99,$-30,$0,$0,$-169,$0,$-169,$0,$-199,$0,$0,$0,$-25,$-25,$-31,$-4,$-60,$-163,$7,$-31
2,2018-03-31,76.05,$24.12,3.15,$35.93,2.12,$6.15,12.37,$1.62,46.94,$1.60B,$0.38B,4.18,$0.00B,$1.69B,0.0,$2.53B,$1.20B,47.45%,$2.53B,$0.27B,10.83%,$2.53B,$0.27B,10.83%,$2.53B,$0.34B,13.25%,$2.53B,$0.28B,11.03%,$2.53B,$0.11B,4.51%,$0.11B,$1.69B,6.94%,$0.11B,$1.49B,7.89%,$0.11B,$2.19B,5.36%,$0.27B,$1.69B,16.67%,$607,$308,$299,$0,$243,$548,$59,$2,$61,$13,$49,$49,$45,$74,$59,$70,71,$0.64,$0.64,$808,$406,$0,$1603,$281,$0,$197,$30,$585,$2189,$384,$0,$113,$114,$497,$36,$1629,$-9,$1691,$2189,$49,$15,$6,$21,$115,$32,$-87,$-1,$8,$77,$-12,$0,$0,$4,$0,$4,$0,$-8,$0,$0,$0,$-9,$-9,$-15,$-4,$-28,$44,$3,$-15
3,2017-12-31,71.32,$23.61,3.02,$35.08,2.03,$6.32,11.28,$1.49,47.86,$1.65B,$0.45B,3.64,$0.00B,$1.65B,0.0,$2.47B,$1.16B,47.00%,$2.47B,$0.26B,10.67%,$2.47B,$0.26B,10.67%,$2.47B,$0.32B,13.14%,$2.47B,$0.27B,10.83%,$2.47B,$0.11B,4.26%,$0.11B,$1.65B,6.49%,$0.11B,$1.45B,7.40%,$0.11B,$2.21B,5.11%,$0.26B,$1.65B,16.21%,$776,$405,$371,$0,$267,$667,$109,$1,$110,$116,$-6,$-6,$-7,$125,$109,$70,70,$-0.10,$-0.10,$768,$458,$0,$1649,$281,$0,$198,$27,$563,$2213,$454,$0,$107,$107,$561,$46,$1585,$-9,$1652,$2213,$112,$60,$58,$118,$-24,$47,$31,$-13,$111,$341,$-53,$0,$0,$-95,$0,$-95,$0,$-148,$-14,$0,$-14,$-16,$-16,$-51,$-4,$-84,$122,$11,$-51
4,2017-09-30,60.92,$23.74,2.57,$34.22,1.78,$5.42,11.23,$2.79,21.83,$1.49B,$0.38B,3.88,$0.00B,$1.66B,0.0,$2.41B,$1.13B,46.78%,$2.41B,$0.25B,10.55%,$2.41B,$0.25B,10.55%,$2.41B,$0.32B,13.09%,$2.41B,$0.26B,10.72%,$2.41B,$0.20B,8.18%,$0.20B,$1.66B,12.30%,$0.20B,$1.46B,14.06%,$0.20B,$2.10B,9.83%,$0.25B,$1.66B,15.80%,$747,$398,$349,$0,$230,$624,$123,$1,$124,$33,$91,$91,$88,$138,$123,$70,70,$1.26,$1.25,$430,$559,$0,$1492,$286,$0,$199,$26,$609,$2101,$384,$0,$58,$58,$442,$39,$1604,$-14,$1658,$2101,$119,$45,$13,$58,$-127,$-57,$-31,$9,$-189,$-12,$-42,$0,$0,$-18,$0,$-18,$0,$-59,$-14,$0,$-14,$-19,$-19,$-38,$-4,$-75,$-140,$8,$-38
5,2017-06-30,57.26,$22.56,2.54,$34.16,1.68,$4.48,12.78,$2.72,21.05,$1.41B,$0.38B,3.67,$0.00B,$1.57B,0.0,$2.41B,$1.12B,46.67%,$2.41B,$0.26B,10.60%,$2.41B,$0.26B,10.60%,$2.41B,$0.32B,13.13%,$2.41B,$0.26B,10.68%,$2.41B,$0.19B,8.02%,$0.19B,$1.57B,12.32%,$0.19B,$1.37B,14.14%,$0.19B,$2.01B,9.85%,$0.26B,$1.57B,16.17%,$399,$218,$181,$0,$201,$416,$-17,$1,$-16,$-5,$-11,$-11,$-12,$-2,$-17,$70,70,$-0.17,$-0.17,$622,$560,$0,$1405,$286,$0,$200,$26,$606,$2011,$383,$0,$56,$56,$439,$31,$1529,$-13,$1572,$2011,$28,$30,$10,$39,$157,$-62,$40,$1,$90,$157,$-24,$0,$0,$-1,$0,$-1,$0,$-25,$-14,$0,$-14,$-25,$-25,$-25,$-4,$-68,$69,$6,$-25
6,2017-03-31,57.75,$22.86,2.53,$34.02,1.7,$3.72,15.53,$2.77,20.85,$1.29B,$0.23B,5.66,$0.01B,$1.59B,0.01,$2.40B,$1.12B,46.83%,$2.40B,$0.26B,10.85%,$2.40B,$0.26B,10.85%,$2.40B,$0.32B,13.40%,$2.40B,$0.26B,10.93%,$2.40B,$0.20B,8.22%,$0.20B,$1.59B,12.85%,$0.20B,$1.39B,14.81%,$0.20B,$1.89B,10.19%,$0.26B,$1.61B,16.80%,$544,$285,$258,$0,$213,$496,$48,$1,$49,$10,$39,$39,$36,$63,$48,$70,70,$0.52,$0.51,$590,$399,$0,$1291,$280,$0,$201,$27,$597,$1888,$228,$14,$54,$68,$296,$28,$1553,$-13,$1592,$1888,$39,$15,$8,$22,$77,$94,$-123,$-1,$27,$88,$-11,$0,$0,$-34,$0,$-34,$0,$-45,$0,$0,$0,$-25,$-25,$-12,$-4,$-41,$5,$3,$-12
7,2016-12-31,57.12,$22.63,2.52,$33.75,1.69,$3.86,14.8,$2.71,21.08,$1.41B,$0.36B,3.89,$0.01B,$1.58B,0.01,$2.38B,$1.11B,46.74%,$2.38B,$0.26B,10.77%,$2.38B,$0.26B,10.77%,$2.38B,$0.32B,13.34%,$2.38B,$0.26B,10.81%,$2.38B,$0.19B,8.12%,$0.19B,$1.58B,12.88%,$0.19B,$1.38B,14.91%,$0.19B,$2.01B,10.15%,$0.26B,$1.60B,16.92%,$717,$380,$338,$0,$241,$617,$100,$0,$101,$15,$86,$86,$85,$116,$100,$70,71,$1.21,$1.21,$552,$488,$0,$1412,$280,$0,$202,$28,$602,$2014,$363,$14,$55,$70,$432,$54,$1530,$-23,$1582,$2014,$198,$60,$-3,$57,$37,$-19,$1,$-9,$20,$275,$-50,$0,$0,$0,$0,$0,$0,$-50,$0,$-2,$-2,$13,$13,$-48,$-5,$-42,$182,$11,$-48
8,2016-09-30,55.42,$21.79,2.54,$33.43,1.66,$1.03,53.98,$2.41,23.0,$1.33B,$0.33B,3.99,$0.02B,$1.52B,0.01,$2.36B,$1.09B,46.21%,$2.36B,$0.24B,10.09%,$2.36B,$0.24B,10.09%,$2.36B,$0.30B,12.63%,$2.36B,$0.24B,10.13%,$2.36B,$0.17B,7.25%,$0.17B,$1.52B,11.73%,$0.17B,$1.32B,13.66%,$0.17B,$1.92B,9.20%,$0.24B,$1.54B,16.17%,$746,$400,$346,$0,$224,$622,$124,$-0,$123,$37,$87,$87,$84,$139,$124,$70,71,$1.20,$1.18,$220,$588,$0,$1327,$286,$0,$203,$26,$594,$1922,$333,$15,$54,$69,$401,$49,$1457,$-7,$1521,$1922,$113,$44,$13,$58,$-107,$-103,$-83,$0,$-256,$-85,$-36,$0,$0,$0,$0,$0,$0,$-36,$0,$-2,$-2,$11,$11,$-36,$-5,$-32,$-151,$8,$-36
9,2016-06-30,56.03,$20.62,2.72,$33.65,1.67,$-0.89,0.0,$2.51,22.32,$1.31B,$0.40B,3.26,$0.02B,$1.44B,0.01,$2.38B,$1.10B,46.20%,$2.38B,$0.25B,10.33%,$2.38B,$0.25B,10.33%,$2.38B,$0.31B,12.81%,$2.38B,$0.25B,10.37%,$2.38B,$0.18B,7.48%,$0.18B,$1.44B,12.43%,$0.18B,$1.23B,14.52%,$0.18B,$1.91B,9.63%,$0.25B,$1.45B,17.00%,$389,$209,$180,$0,$193,$401,$-12,$1,$-11,$-3,$-8,$-8,$-8,$3,$-12,$70,70,$-0.12,$-0.12,$429,$654,$0,$1310,$288,$0,$205,$26,$597,$1908,$402,$15,$53,$68,$470,$45,$1386,$-11,$1438,$1908,$26,$29,$10,$40,$187,$-167,$53,$-2,$36,$103,$-23,$0,$0,$-12,$0,$-12,$0,$-35,$0,$0,$0,$9,$9,$-24,$-5,$-19,$46,$5,$-24
10,2016-03-31,58.33,$20.87,2.79,$33.48,1.74,$-2.10,0.0,$2.54,22.96,$1.16B,$0.24B,4.86,$0.02B,$1.45B,0.01,$2.37B,$1.09B,45.99%,$2.37B,$0.25B,10.50%,$2.37B,$0.25B,10.50%,$2.37B,$0.31B,12.94%,$2.37B,$0.25B,10.54%,$2.37B,$0.18B,7.55%,$0.18B,$1.45B,12.69%,$0.18B,$1.25B,14.88%,$0.18B,$1.76B,9.80%,$0.25B,$1.47B,17.46%,$525,$278,$247,$0,$205,$481,$44,$-0,$44,$10,$34,$34,$32,$59,$44,$69,70,$0.46,$0.45,$451,$412,$0,$1162,$290,$0,$206,$25,$598,$1761,$239,$15,$53,$68,$307,$41,$1406,$-11,$1454,$1761,$34,$15,$5,$19,$109,$69,$-104,$3,$44,$97,$-10,$0,$0,$-21,$0,$-21,$0,$-31,$0,$-2,$-2,$7,$7,$-12,$-5,$-11,$60,$3,$-12
11,2015-12-31,47.2,$20.44,2.31,$32.77,1.44,$-3.14,0.0,$2.46,19.19,$1.25B,$0.37B,3.41,$0.02B,$1.42B,0.01,$2.33B,$1.07B,46.13%,$2.33B,$0.25B,10.71%,$2.33B,$0.25B,10.71%,$2.33B,$0.31B,13.16%,$2.33B,$0.25B,10.66%,$2.33B,$0.17B,7.44%,$0.17B,$1.42B,12.44%,$0.17B,$1.21B,14.64%,$0.17B,$1.85B,9.57%,$0.25B,$1.43B,17.71%,$699,$382,$317,$0,$237,$617,$82,$0,$83,$18,$65,$65,$63,$97,$82,$70,71,$0.90,$0.89,$370,$474,$0,$1249,$292,$0,$207,$22,$597,$1846,$366,$15,$49,$64,$430,$35,$1386,$-21,$1416,$1846,$180,$57,$-3,$54,$-40,$-103,$11,$7,$-138,$95,$-70,$0,$0,$27,$0,$27,$0,$-43,$0,$2,$2,$-53,$-53,$-44,$3,$-91,$-44,$12,$-44
12,2015-09-30,56.7,$20.20,2.81,$32.50,1.74,$-1.72,0.0,$2.35,24.13,$1.35B,$0.39B,3.5,$0.02B,$1.42B,0.01,$2.30B,$1.06B,46.14%,$2.30B,$0.25B,10.81%,$2.30B,$0.25B,10.81%,$2.30B,$0.31B,13.28%,$2.30B,$0.25B,10.72%,$2.30B,$0.17B,7.20%,$0.17B,$1.42B,12.07%,$0.17B,$1.21B,14.25%,$0.17B,$1.88B,9.25%,$0.25B,$1.44B,17.90%,$768,$411,$356,$0,$227,$635,$132,$-2,$131,$38,$93,$93,$91,$146,$132,$70,71,$1.29,$1.28,$174,$547,$0,$1349,$295,$0,$208,$22,$528,$1877,$386,$15,$50,$70,$455,$87,$1334,$-15,$1422,$1877,$115,$42,$5,$47,$-195,$-173,$-41,$3,$-373,$-211,$-48,$0,$0,$27,$0,$27,$0,$-21,$0,$21,$21,$2,$2,$-32,$3,$-5,$-240,$9,$-32
13,2015-06-30,58.18,$19.23,3.02,$31.26,1.86,$-0.23,0.0,$2.00,29.09,$1.30B,$0.40B,3.24,$0.02B,$1.35B,0.01,$2.21B,$1.01B,45.86%,$2.21B,$0.22B,9.72%,$2.21B,$0.22B,9.72%,$2.21B,$0.27B,12.39%,$2.21B,$0.22B,9.72%,$2.21B,$0.14B,6.38%,$0.14B,$1.35B,10.43%,$0.14B,$1.14B,12.37%,$0.14B,$1.82B,7.99%,$0.22B,$1.37B,15.72%,$380,$209,$171,$0,$182,$389,$-9,$1,$-8,$-2,$-6,$-6,$-7,$5,$-9,$70,70,$-0.09,$-0.09,$417,$581,$0,$1298,$286,$0,$210,$22,$521,$1819,$401,$16,$48,$66,$467,$80,$1254,$3,$1351,$1819,$22,$28,$8,$36,$140,$-202,$78,$-8,$-34,$24,$-28,$0,$0,$-19,$0,$-19,$0,$-47,$0,$0,$0,$-0,$-0,$-21,$2,$-19,$-42,$6,$-21
14,2015-03-31,58.45,$19.52,2.99,$30.50,1.92,$0.37,157.6,$2.00,29.23,$1.17B,$0.25B,4.7,$0.02B,$1.37B,0.01,$2.16B,$0.99B,45.80%,$2.16B,$0.21B,9.61%,$2.16B,$0.21B,9.61%,$2.16B,$0.27B,12.30%,$2.16B,$0.21B,9.56%,$2.16B,$0.14B,6.59%,$0.14B,$1.37B,10.65%,$0.14B,$1.16B,12.69%,$0.14B,$1.69B,8.20%,$0.21B,$1.39B,15.34%,$479,$250,$229,$0,$187,$435,$44,$-2,$42,$14,$28,$28,$26,$58,$44,$70,71,$0.38,$0.37,$455,$364,$0,$1172,$283,$0,$211,$20,$517,$1689,$249,$16,$46,$65,$315,$88,$1271,$3,$1374,$1689,$28,$14,$5,$19,$86,$15,$-62,$-9,$-19,$29,$-15,$0,$0,$-26,$0,$-26,$0,$-41,$0,$0,$0,$11,$11,$-11,$1,$1,$-12,$3,$-11
15,2014-12-31,42.64,$19.41,2.2,$29.78,1.43,$0.55,77.62,$1.95,21.92,$1.27B,$0.37B,3.39,$0.02B,$1.36B,0.01,$2.10B,$0.96B,45.48%,$2.10B,$0.20B,9.43%,$2.10B,$0.20B,9.43%,$2.10B,$0.25B,12.05%,$2.10B,$0.20B,9.48%,$2.10B,$0.14B,6.57%,$0.14B,$1.36B,10.54%,$0.14B,$1.14B,12.16%,$0.14B,$1.79B,8.13%,$0.20B,$1.37B,14.95%,$677,$370,$307,$0,$227,$595,$82,$-1,$82,$25,$57,$57,$56,$97,$82,$70,71,$0.80,$0.78,$441,$385,$0,$1266,$292,$0,$212,$19,$526,$1792,$373,$16,$45,$64,$437,$73,$1255,$16,$1355,$1792,$142,$54,$-0,$54,$-31,$-62,$42,$6,$-10,$186,$-60,$0,$-188,$65,$0,$65,$0,$-184,$16,$0,$16,$7,$7,$-40,$2,$-15,$-24,$11,$-40
16,2014-09-30,34.13,$18.94,1.8,$27.88,1.22,$1.72,19.79,$1.68,20.31,$1.23B,$0.38B,3.24,$0.02B,$1.33B,0.01,$1.96B,$0.89B,45.30%,$1.96B,$0.17B,8.59%,$1.96B,$0.17B,8.59%,$1.96B,$0.22B,11.20%,$1.96B,$0.17B,8.64%,$1.96B,$0.12B,6.08%,$0.12B,$1.33B,9.27%,$0.12B,$1.11B,10.35%,$0.12B,$1.76B,7.21%,$0.17B,$1.34B,12.98%,$675,$369,$307,$0,$211,$577,$98,$1,$99,$31,$68,$68,$66,$114,$98,$70,71,$0.94,$0.93,$186,$495,$0,$1233,$289,$0,$215,$25,$529,$1762,$381,$16,$39,$55,$435,$79,$1210,$27,$1327,$1762,$85,$39,$5,$43,$-140,$-164,$45,$-4,$-237,$-109,$-43,$0,$-188,$91,$0,$91,$0,$-140,$16,$2,$18,$19,$19,$-29,$1,$9,$-252,$8,$-29
17,2014-06-30,39.27,$18.24,2.15,$25.87,1.52,$3.50,11.23,$1.54,25.58,$1.15B,$0.35B,3.31,$0.02B,$1.28B,0.01,$1.80B,$0.81B,44.96%,$1.80B,$0.15B,8.15%,$1.80B,$0.15B,8.15%,$1.80B,$0.19B,10.64%,$1.80B,$0.15B,8.15%,$1.80B,$0.11B,5.99%,$0.11B,$1.28B,8.60%,$0.11B,$1.06B,9.28%,$0.11B,$1.69B,6.78%,$0.15B,$1.29B,11.63%,$324,$180,$144,$0,$162,$341,$-17,$-0,$-17,$-10,$-7,$-7,$-6,$-4,$-17,$70,70,$-0.09,$-0.09,$394,$456,$0,$1150,$291,$0,$218,$25,$535,$1685,$348,$16,$36,$60,$407,$78,$1154,$38,$1278,$1685,$17,$23,$7,$30,$112,$-115,$60,$-5,$16,$63,$-25,$0,$-188,$65,$0,$65,$0,$-149,$16,$0,$16,$19,$19,$-20,$1,$17,$-70,$5,$-20
18,2014-03-31,39.14,$18.28,2.14,$25.31,1.55,$4.47,8.76,$1.52,25.75,$1.19B,$0.21B,5.78,$0.02B,$1.28B,0.01,$1.76B,$0.79B,44.72%,$1.76B,$0.15B,8.75%,$1.76B,$0.15B,8.75%,$1.76B,$0.20B,11.14%,$1.76B,$0.15B,8.75%,$1.76B,$0.11B,6.08%,$0.11B,$1.28B,8.72%,$0.11B,$1.22B,9.10%,$0.11B,$1.55B,6.94%,$0.15B,$1.29B,12.52%,$424,$227,$197,$0,$163,$389,$35,$-0,$35,$11,$24,$24,$22,$46,$35,$69,70,$0.32,$0.32,$568,$290,$0,$1192,$282,$0,$50,$25,$357,$1550,$206,$16,$45,$69,$275,$66,$1170,$30,$1275,$1550,$24,$10,$5,$15,$58,$39,$-65,$-1,$5,$43,$-18,$0,$0,$52,$0,$52,$0,$35,$16,$0,$16,$11,$11,$-10,$-0,$17,$91,$3,$-10
19,2013-12-31,37.17,$18.11,2.05,$24.34,1.53,$4.85,7.67,$1.35,27.53,$1.25B,$0.30B,4.15,$0.00B,$1.25B,0.0,$1.68B,$0.74B,44.12%,$1.68B,$0.13B,7.84%,$1.68B,$0.13B,7.84%,$1.68B,$0.17B,10.27%,$1.68B,$0.13B,7.78%,$1.68B,$0.10B,5.64%,$0.10B,$1.25B,7.92%,$0.10B,$1.20B,8.28%,$0.10B,$1.61B,6.34%,$0.13B,$1.25B,11.01%,$533,$295,$238,$0,$188,$481,$52,$-0,$52,$16,$36,$36,$37,$63,$52,$69,69,$0.54,$0.53,$529,$329,$0,$1250,$279,$0,$51,$25,$355,$1606,$301,$0,$44,$51,$353,$52,$1158,$35,$1253,$1606,$94,$41,$26,$66,$27,$34,$32,$3,$114,$274,$-69,$0,$0,$-47,$0,$-47,$0,$-116,$0,$-0,$-0,$20,$20,$-31,$7,$-5,$147,$9,$-31
20,2013-09-30,28.32,$17.69,1.6,$24.00,1.18,$3.44,8.24,$1.40,20.23,$1.18B,$0.27B,4.36,$0.00B,$1.22B,0.0,$1.65B,$0.71B,43.10%,$1.65B,$0.13B,7.93%,$1.65B,$0.13B,7.93%,$1.65B,$0.17B,10.35%,$1.65B,$0.13B,7.87%,$1.65B,$0.10B,5.87%,$0.10B,$1.22B,8.24%,$0.10B,$1.17B,8.62%,$0.10B,$1.53B,6.64%,$0.13B,$1.22B,11.13%,$523,$291,$232,$0,$163,$446,$77,$0,$77,$23,$55,$55,$55,$87,$77,$69,70,$0.79,$0.79,$303,$410,$0,$1180,$281,$0,$51,$22,$354,$1534,$271,$0,$42,$44,$315,$44,$1130,$38,$1220,$1534,$57,$30,$8,$38,$-44,$-47,$-2,$1,$-72,$24,$-49,$0,$0,$16,$0,$16,$0,$-33,$0,$-0,$-0,$14,$14,$-23,$7,$-2,$-17,$7,$-23
21,2013-06-30,29.36,$16.85,1.74,$24.46,1.2,$1.71,17.19,$1.56,18.88,$1.13B,$0.28B,4.11,$0.00B,$1.16B,0.0,$1.67B,$0.72B,43.25%,$1.67B,$0.14B,8.48%,$1.67B,$0.14B,8.48%,$1.67B,$0.18B,10.87%,$1.67B,$0.14B,8.42%,$1.67B,$0.11B,6.33%,$0.11B,$1.16B,9.18%,$0.11B,$1.11B,9.62%,$0.11B,$1.48B,7.39%,$0.14B,$1.16B,12.30%,$280,$160,$120,$0,$132,$290,$-10,$-0,$-10,$-3,$-7,$-7,$-7,$0,$-10,$69,69,$-0.11,$-0.11,$431,$424,$0,$1130,$273,$0,$51,$22,$347,$1477,$275,$0,$41,$43,$318,$39,$1083,$30,$1159,$1477,$3,$20,$7,$27,$153,$-60,$40,$-8,$106,$136,$-31,$0,$0,$-45,$0,$-45,$0,$-76,$0,$-0,$-0,$11,$11,$-15,$7,$3,$50,$4,$-15
22,2013-03-31,27.02,$16.98,1.59,$24.67,1.1,$0.15,179.43,$1.55,17.49,$1.03B,$0.17B,6.18,$0.00B,$1.16B,0.0,$1.68B,$0.72B,42.87%,$1.68B,$0.14B,8.37%,$1.68B,$0.14B,8.37%,$1.68B,$0.18B,10.75%,$1.68B,$0.14B,8.31%,$1.68B,$0.11B,6.24%,$0.11B,$1.16B,9.30%,$0.11B,$1.11B,9.75%,$0.11B,$1.37B,7.44%,$0.14B,$1.16B,12.49%,$348,$195,$153,$0,$143,$336,$13,$-0,$12,$2,$10,$10,$10,$23,$13,$68,69,$0.15,$0.15,$375,$325,$0,$1028,$267,$0,$52,$25,$344,$1372,$167,$0,$40,$42,$208,$31,$1097,$35,$1164,$1372,$10,$10,$4,$14,$96,$38,$-70,$-4,$42,$66,$-15,$0,$0,$-26,$0,$-26,$0,$-41,$0,$-0,$-0,$6,$6,$-8,$-1,$-3,$13,$2,$-8
23,2012-12-31,24.81,$17.11,1.45,$24.52,1.01,$-0.44,0.0,$1.46,17.05,$1.12B,$0.25B,4.45,$0.00B,$1.17B,0.0,$1.67B,$0.72B,42.96%,$1.67B,$0.13B,7.97%,$1.67B,$0.13B,7.97%,$1.67B,$0.17B,10.43%,$1.67B,$0.13B,8.03%,$1.67B,$0.10B,5.93%,$0.10B,$1.17B,8.94%,$0.10B,$1.11B,9.38%,$0.10B,$1.46B,7.11%,$0.13B,$1.17B,12.00%,$501,$294,$207,$0,$159,$450,$51,$-0,$51,$12,$39,$39,$39,$61,$51,$68,68,$0.59,$0.58,$335,$363,$0,$1123,$261,$0,$52,$24,$336,$1459,$252,$0,$39,$41,$293,$25,$1095,$47,$1166,$1459,$100,$41,$16,$56,$18,$3,$-12,$-0,$-8,$149,$-43,$0,$0,$-42,$0,$-42,$0,$-85,$0,$0,$0,$14,$14,$-30,$-0,$-16,$50,$8,$-30
24,2012-09-30,24.96,$16.61,1.5,$24.87,1.0,$-2.19,0.0,$1.42,17.57,$1.09B,$0.26B,4.22,$0.00B,$1.13B,0.0,$1.69B,$0.73B,43.33%,$1.69B,$0.13B,7.85%,$1.69B,$0.13B,7.85%,$1.69B,$0.18B,10.33%,$1.69B,$0.13B,7.91%,$1.69B,$0.10B,5.73%,$0.10B,$1.13B,8.94%,$0.10B,$1.08B,9.40%,$0.10B,$1.43B,7.06%,$0.13B,$1.13B,12.26%,$545,$301,$244,$0,$160,$457,$88,$-0,$88,$23,$64,$64,$64,$98,$88,$68,68,$0.95,$0.94,$96,$476,$0,$1087,$260,$0,$52,$28,$341,$1428,$257,$0,$41,$43,$300,$17,$1063,$48,$1128,$1428,$60,$31,$7,$37,$-69,$-108,$-46,$0,$-208,$-111,$-32,$0,$0,$1,$0,$1,$0,$-32,$0,$10,$10,$9,$9,$-22,$-1,$-3,$-147,$6,$-22
25,2012-06-30,24.73,$15.66,1.58,$25.19,0.98,$-2.76,0.0,$1.47,16.82,$1.05B,$0.29B,3.67,$0.00B,$1.06B,0.0,$1.72B,$0.74B,43.12%,$1.72B,$0.13B,7.69%,$1.72B,$0.13B,7.69%,$1.72B,$0.18B,10.20%,$1.72B,$0.13B,7.75%,$1.72B,$0.10B,5.89%,$0.10B,$1.06B,9.49%,$0.10B,$1.01B,10.00%,$0.10B,$1.39B,7.46%,$0.13B,$1.06B,12.40%,$290,$172,$118,$0,$133,$301,$-11,$0,$-11,$-3,$-8,$-8,$-8,$-1,$-11,$68,68,$-0.12,$-0.12,$229,$523,$0,$1052,$253,$0,$53,$28,$334,$1386,$287,$0,$39,$41,$327,$10,$1006,$43,$1059,$1386,$-4,$21,$5,$26,$148,$-160,$46,$-8,$-3,$19,$-21,$0,$0,$-32,$0,$-32,$0,$-54,$0,$0,$0,$4,$4,$-15,$-1,$-12,$-48,$4,$-15
26,2012-03-31,21.78,$15.97,1.36,$24.83,0.88,$-2.88,0.0,$1.39,15.72,$0.96B,$0.18B,5.3,$0.00B,$1.08B,0.0,$1.69B,$0.73B,43.33%,$1.69B,$0.12B,7.32%,$1.69B,$0.12B,7.32%,$1.69B,$0.17B,9.92%,$1.69B,$0.13B,7.44%,$1.69B,$0.10B,5.61%,$0.10B,$1.08B,9.02%,$0.10B,$1.03B,9.50%,$0.10B,$1.30B,7.12%,$0.12B,$1.08B,11.77%,$333,$185,$148,$0,$145,$328,$5,$0,$6,$2,$4,$4,$4,$16,$5,$67,68,$0.06,$0.06,$253,$367,$0,$962,$256,$0,$53,$29,$339,$1300,$182,$0,$38,$40,$222,$8,$1021,$50,$1079,$1300,$4,$11,$3,$14,$99,$-2,$-61,$-0,$5,$22,$-12,$0,$0,$-9,$0,$-9,$0,$-21,$0,$0,$0,$3,$3,$-7,$-1,$-5,$-0,$2,$-7
27,2011-12-31,21.27,$15.97,1.33,$24.79,0.86,$-2.63,0.0,$1.52,14.04,$1.05B,$0.27B,3.93,$0.00B,$1.08B,0.0,$1.69B,$0.74B,43.45%,$1.69B,$0.14B,8.09%,$1.69B,$0.14B,8.09%,$1.69B,$0.18B,10.63%,$1.69B,$0.14B,8.15%,$1.69B,$0.10B,6.14%,$0.10B,$1.08B,10.00%,$0.10B,$1.02B,10.55%,$0.10B,$1.38B,7.85%,$0.14B,$1.08B,13.17%,$526,$302,$224,$0,$179,$476,$51,$0,$51,$14,$37,$37,$37,$62,$51,$68,68,$0.54,$0.54,$244,$365,$0,$1050,$251,$0,$53,$29,$333,$1383,$267,$0,$39,$41,$308,$3,$1025,$47,$1075,$1383,$103,$44,$9,$53,$-54,$-55,$19,$-12,$-92,$64,$-78,$0,$0,$66,$0,$66,$0,$-13,$0,$0,$0,$-9,$-9,$-29,$-1,$-39,$7,$8,$-29
28,2011-09-30,21.11,$15.52,1.36,$23.80,0.89,$-2.50,0.0,$1.36,15.52,$1.03B,$0.26B,3.95,$0.00B,$1.04B,0.0,$1.63B,$0.70B,43.26%,$1.63B,$0.12B,7.57%,$1.63B,$0.12B,7.57%,$1.63B,$0.17B,10.22%,$1.63B,$0.13B,7.69%,$1.63B,$0.09B,5.72%,$0.09B,$1.04B,9.10%,$0.09B,$0.99B,9.61%,$0.09B,$1.34B,7.14%,$0.12B,$1.04B,12.04%,$567,$317,$250,$0,$167,$480,$87,$0,$87,$20,$68,$68,$68,$98,$87,$68,68,$1.00,$0.99,$90,$432,$0,$1030,$232,$0,$54,$29,$314,$1344,$261,$0,$38,$40,$301,$1,$995,$47,$1044,$1344,$67,$32,$7,$40,$-122,$-123,$11,$-19,$-248,$-142,$-40,$0,$0,$66,$0,$66,$0,$26,$0,$0,$0,$-6,$-6,$-22,$-1,$-29,$-146,$6,$-22
29,2011-06-30,28.73,$14.94,1.92,$22.91,1.25,$-1.73,0.0,$1.14,25.31,$1.00B,$0.25B,3.96,$0.00B,$1.02B,0.0,$1.56B,$0.67B,42.70%,$1.56B,$0.11B,6.72%,$1.56B,$0.11B,6.72%,$1.56B,$0.15B,9.35%,$1.56B,$0.11B,6.85%,$1.56B,$0.08B,4.93%,$0.08B,$1.02B,7.56%,$0.08B,$0.96B,7.99%,$0.08B,$1.31B,5.93%,$0.11B,$1.02B,10.31%,$268,$156,$112,$0,$135,$287,$-19,$0,$-18,$-5,$-14,$-14,$-14,$-8,$-19,$68,68,$-0.20,$-0.20,$298,$422,$0,$1000,$230,$0,$54,$28,$312,$1313,$253,$0,$43,$44,$297,$18,$935,$63,$1016,$1313,$-1,$21,$6,$27,$130,$-102,$25,$-30,$-14,$12,$-22,$0,$0,$-22,$0,$-22,$0,$-44,$0,$0,$0,$10,$10,$-14,$-1,$-6,$-27,$4,$-14
30,2011-03-31,26.83,$15.12,1.78,$22.25,1.21,$-1.54,0.0,$1.18,22.74,$0.95B,$0.19B,5.02,$0.00B,$1.03B,0.0,$1.52B,$0.65B,43.01%,$1.52B,$0.11B,7.19%,$1.52B,$0.11B,7.19%,$1.52B,$0.15B,9.83%,$1.52B,$0.11B,7.32%,$1.52B,$0.08B,5.28%,$0.08B,$1.03B,7.93%,$0.08B,$0.97B,8.35%,$0.08B,$1.26B,6.28%,$0.11B,$1.03B,10.80%,$333,$184,$150,$0,$134,$315,$18,$0,$18,$5,$13,$13,$13,$28,$18,$68,69,$0.19,$0.19,$335,$303,$0,$950,$225,$0,$55,$26,$306,$1256,$189,$0,$42,$42,$231,$12,$956,$57,$1025,$1256,$13,$10,$4,$15,$84,$14,$-40,$-21,$9,$36,$-9,$0,$0,$-31,$0,$-31,$0,$-40,$0,$0,$0,$6,$6,$-7,$-1,$-2,$1,$2,$-7
31,2010-12-31,27.15,$14.87,1.83,$21.81,1.24,$-1.74,0.0,$1.13,24.02,$0.99B,$0.25B,3.94,$0.00B,$1.00B,0.0,$1.48B,$0.63B,42.41%,$1.48B,$0.10B,6.95%,$1.48B,$0.10B,6.95%,$1.48B,$0.14B,9.64%,$1.48B,$0.11B,7.15%,$1.48B,$0.08B,5.12%,$0.08B,$1.00B,7.57%,$0.08B,$0.95B,7.95%,$0.08B,$1.30B,6.04%,$0.10B,$1.00B,10.26%,$457,$266,$191,$0,$157,$420,$37,$0,$38,$11,$26,$26,$26,$48,$37,$67,68,$0.39,$0.39,$303,$314,$0,$991,$222,$0,$55,$27,$304,$1295,$252,$0,$41,$41,$293,$5,$950,$47,$1002,$1295,$77,$38,$-13,$25,$-70,$-87,$26,$9,$-79,$24,$-29,$0,$-16,$-46,$0,$-46,$0,$-91,$0,$0,$0,$-7,$-7,$-75,$-0,$-82,$-152,$7,$-75
32,2010-09-30,25.5,$15.30,1.67,$20.38,1.25,$1.01,25.3,$1.09,23.5,$1.04B,$0.26B,3.93,$0.00B,$1.03B,0.0,$1.38B,$0.59B,42.56%,$1.38B,$0.09B,6.79%,$1.38B,$0.09B,6.79%,$1.38B,$0.13B,9.61%,$1.38B,$0.10B,6.94%,$1.38B,$0.07B,5.27%,$0.07B,$1.03B,7.28%,$0.07B,$0.97B,7.62%,$0.07B,$1.33B,5.90%,$0.09B,$1.03B,9.38%,$504,$290,$214,$0,$148,$435,$69,$0,$69,$16,$52,$52,$52,$78,$69,$67,68,$0.78,$0.77,$236,$358,$0,$1036,$228,$0,$55,$13,$297,$1333,$264,$0,$39,$39,$303,$1,$981,$47,$1029,$1333,$51,$28,$3,$30,$-135,$-133,$38,$1,$-189,$-108,$-21,$0,$-16,$-40,$0,$-40,$0,$-77,$0,$0,$0,$-8,$-8,$-18,$-0,$-27,$-213,$5,$-18
33,2010-06-30,20.29,$14.50,1.4,$19.36,1.05,$2.54,7.98,$1.01,20.09,$0.93B,$0.19B,4.84,$0.00B,$0.98B,0.0,$1.31B,$0.56B,42.92%,$1.31B,$0.09B,6.93%,$1.31B,$0.09B,6.93%,$1.31B,$0.13B,9.89%,$1.31B,$0.09B,7.08%,$1.31B,$0.07B,5.18%,$0.07B,$0.98B,6.87%,$0.07B,$0.94B,7.18%,$0.07B,$1.21B,5.67%,$0.09B,$0.98B,9.19%,$222,$125,$97,$0,$113,$237,$-15,$0,$-14,$-4,$-11,$-11,$-11,$-5,$-15,$68,68,$-0.16,$-0.16,$398,$311,$0,$933,$225,$0,$40,$15,$279,$1212,$193,$0,$39,$39,$231,$7,$937,$37,$981,$1212,$-1,$18,$4,$22,$78,$-93,$19,$-15,$-4,$16,$-14,$0,$0,$-29,$0,$-29,$0,$-43,$0,$0,$0,$1,$1,$-12,$-0,$-11,$-40,$3,$-12
34,2010-03-31,22.77,$14.84,1.53,$18.73,1.22,$3.60,6.33,$1.02,22.32,$0.90B,$0.15B,6.0,$0.00B,$1.00B,0.0,$1.27B,$0.54B,42.56%,$1.27B,$0.09B,7.08%,$1.27B,$0.09B,7.08%,$1.27B,$0.13B,10.07%,$1.27B,$0.09B,7.24%,$1.27B,$0.07B,5.43%,$0.07B,$1.00B,7.06%,$0.07B,$0.96B,7.41%,$0.07B,$1.19B,5.87%,$0.09B,$1.00B,9.20%,$300,$173,$127,$0,$116,$288,$12,$1,$13,$4,$9,$9,$9,$22,$12,$67,68,$0.14,$0.14,$416,$223,$0,$904,$232,$0,$40,$14,$286,$1190,$151,$0,$38,$38,$188,$2,$954,$45,$1002,$1190,$9,$9,$2,$11,$30,$-1,$-26,$-2,$-0,$20,$-6,$0,$0,$-27,$0,$-27,$0,$-33,$0,$0,$0,$-3,$-3,$-6,$-0,$-9,$-21,$2,$-6
35,2009-12-31,16.85,$14.78,1.14,$18.31,0.92,$4.18,4.03,$0.99,17.11,$0.92B,$0.18B,5.14,$0.00B,$1.00B,0.0,$1.24B,$0.52B,42.16%,$1.24B,$0.09B,7.08%,$1.24B,$0.09B,7.08%,$1.24B,$0.13B,10.06%,$1.24B,$0.09B,7.24%,$1.24B,$0.07B,5.39%,$0.07B,$1.00B,6.97%,$0.07B,$0.96B,7.35%,$0.07B,$1.21B,5.85%,$0.09B,$1.00B,9.16%,$358,$208,$151,$0,$126,$331,$28,$0,$28,$5,$23,$23,$23,$38,$28,$68,68,$0.34,$0.34,$409,$222,$0,$922,$235,$0,$40,$16,$291,$1213,$179,$0,$35,$36,$216,$1,$953,$43,$997,$1213,$67,$36,$8,$44,$77,$39,$-17,$-2,$103,$214,$-33,$0,$0,$-0,$0,$-0,$0,$-33,$-0,$0,$-0,$-7,$-7,$-22,$-1,$-30,$156,$6,$-22
36,2009-09-30,17.69,$14.51,1.22,$18.15,0.97,$2.92,6.06,$0.92,19.22,$0.89B,$0.17B,5.39,$0.00B,$0.98B,0.0,$1.24B,$0.52B,42.10%,$1.24B,$0.07B,5.81%,$1.24B,$0.07B,5.81%,$1.24B,$0.11B,8.63%,$1.24B,$0.08B,6.13%,$1.24B,$0.06B,5.08%,$0.06B,$0.98B,6.65%,$0.06B,$0.93B,7.02%,$0.06B,$1.18B,5.58%,$0.07B,$0.98B,7.60%,$434,$246,$189,$0,$124,$369,$66,$0,$66,$19,$47,$47,$47,$75,$66,$68,68,$0.70,$0.69,$211,$301,$0,$894,$238,$0,$52,$0,$290,$1184,$166,$0,$33,$38,$204,$1,$937,$43,$981,$1184,$44,$26,$9,$35,$-15,$-40,$-38,$1,$-79,$0,$-25,$0,$0,$5,$0,$5,$0,$-20,$-0,$0,$-0,$-5,$-5,$-16,$0,$-21,$-38,$5,$-16
37,2009-06-30,13.23,$13.72,0.96,$18.31,0.72,$2.88,4.58,$1.08,12.3,$0.83B,$0.15B,5.58,$0.00B,$0.93B,0.0,$1.26B,$0.54B,42.53%,$1.26B,$0.09B,7.07%,$1.26B,$0.09B,7.07%,$1.26B,$0.12B,9.78%,$1.26B,$0.10B,7.55%,$1.26B,$0.07B,5.88%,$0.07B,$0.93B,7.88%,$0.07B,$0.88B,8.37%,$0.07B,$1.11B,6.58%,$0.09B,$0.93B,9.48%,$179,$105,$74,$0,$92,$195,$-16,$1,$-15,$-5,$-10,$-10,$-10,$-7,$-16,$68,68,$-0.15,$-0.15,$318,$293,$0,$828,$233,$0,$51,$0,$283,$1112,$149,$0,$33,$33,$181,$4,$896,$31,$931,$1112,$-3,$17,$3,$19,$152,$-38,$-19,$-10,$72,$88,$-14,$0,$0,$20,$0,$20,$0,$6,$-0,$0,$-0,$-0,$-0,$-11,$0,$-11,$85,$3,$-11
38,2009-03-31,12.73,$13.78,0.92,$18.73,0.68,$3.34,3.81,$1.20,10.66,$0.79B,$0.11B,7.44,$0.00B,$0.93B,0.0,$1.29B,$0.55B,42.34%,$1.29B,$0.10B,7.82%,$1.29B,$0.10B,7.82%,$1.29B,$0.13B,10.29%,$1.29B,$0.11B,8.36%,$1.29B,$0.08B,6.35%,$0.08B,$0.93B,8.70%,$0.08B,$0.88B,9.28%,$0.08B,$1.07B,7.26%,$0.10B,$0.93B,10.71%,$272,$161,$110,$0,$102,$262,$10,$1,$11,$4,$7,$7,$7,$19,$10,$68,68,$0.10,$0.10,$300,$224,$0,$794,$228,$0,$51,$0,$279,$1073,$107,$0,$32,$32,$139,$2,$911,$21,$934,$1073,$7,$8,$1,$9,$81,$28,$-59,$1,$42,$59,$-5,$0,$0,$-5,$0,$-5,$0,$-10,$-0,$0,$-0,$-0,$-0,$-5,$0,$-6,$41,$1,$-5
39,2008-12-31,14.97,$13.94,1.07,$18.91,0.79,$3.28,4.57,$1.38,10.89,$0.87B,$0.17B,5.04,$0.00B,$0.94B,0.0,$1.32B,$0.57B,43.13%,$1.32B,$0.12B,8.96%,$1.32B,$0.12B,8.96%,$1.32B,$0.15B,11.31%,$1.32B,$0.13B,9.64%,$1.32B,$0.10B,7.21%,$0.10B,$0.94B,10.01%,$0.10B,$0.90B,10.74%,$0.10B,$1.15B,8.34%,$0.12B,$0.94B,12.42%,$355,$205,$149,$0,$114,$342,$12,$1,$14,$-5,$19,$19,$19,$20,$12,$69,69,$0.27,$0.27,$253,$256,$0,$873,$230,$0,$46,$0,$276,$1148,$173,$0,$31,$31,$204,$1,$909,$33,$944,$1148,$95,$31,$21,$52,$-10,$5,$9,$-7,$-2,$145,$-48,$0,$0,$59,$0,$59,$0,$12,$-0,$0,$-0,$-80,$-80,$-22,$0,$-102,$39,$6,$-22
40,2008-09-30,17.68,$13.92,1.27,$18.97,0.93,$3.14,5.63,$1.73,10.22,$0.87B,$0.18B,4.81,$0.00B,$0.95B,0.0,$1.34B,$0.58B,43.17%,$1.34B,$0.16B,12.17%,$1.34B,$0.16B,12.17%,$1.34B,$0.19B,14.49%,$1.34B,$0.17B,12.85%,$1.34B,$0.12B,9.11%,$0.12B,$0.95B,12.77%,$0.12B,$0.88B,13.79%,$0.12B,$1.16B,10.67%,$0.16B,$0.95B,17.04%,$452,$250,$202,$0,$121,$369,$83,$2,$85,$27,$58,$58,$58,$91,$83,$69,69,$0.85,$0.85,$145,$301,$0,$868,$225,$0,$70,$0,$295,$1163,$180,$0,$31,$36,$217,$0,$900,$45,$946,$1163,$76,$23,$2,$25,$-70,$-41,$-13,$-3,$-96,$5,$-33,$0,$0,$79,$0,$79,$0,$46,$-0,$0,$-0,$-76,$-76,$-17,$0,$-93,$-49,$5,$-17
41,2008-06-30,15.42,$13.60,1.13,$18.88,0.82,$2.35,6.55,$1.75,8.84,$0.84B,$0.15B,5.44,$0.00B,$0.95B,0.0,$1.36B,$0.58B,42.71%,$1.36B,$0.17B,12.74%,$1.36B,$0.17B,12.74%,$1.36B,$0.20B,14.95%,$1.36B,$0.18B,13.40%,$1.36B,$0.13B,9.35%,$0.13B,$0.95B,13.32%,$0.13B,$0.88B,14.38%,$0.13B,$1.14B,11.15%,$0.17B,$0.95B,18.12%,$213,$127,$86,$0,$91,$217,$-4,$2,$-2,$-0,$-2,$-2,$-2,$3,$-4,$70,70,$-0.03,$-0.03,$327,$273,$0,$836,$229,$0,$70,$0,$299,$1135,$154,$0,$27,$33,$187,$4,$877,$67,$948,$1135,$18,$15,$0,$15,$130,$-6,$-9,$-10,$98,$131,$-24,$0,$0,$79,$0,$79,$0,$55,$0,$0,$0,$-42,$-42,$-11,$0,$-53,$133,$4,$-11
42,2008-03-31,18.4,$13.72,1.34,$18.81,0.98,$1.61,11.46,$1.91,9.66,$0.82B,$0.12B,6.81,$0.01B,$0.96B,0.01,$1.36B,$0.59B,42.89%,$1.36B,$0.19B,13.86%,$1.36B,$0.19B,13.86%,$1.36B,$0.22B,16.13%,$1.36B,$0.20B,14.59%,$1.36B,$0.14B,10.19%,$0.14B,$0.96B,14.89%,$0.14B,$0.89B,16.12%,$0.14B,$1.11B,12.37%,$0.19B,$0.96B,20.22%,$297,$167,$131,$0,$104,$270,$27,$2,$30,$10,$20,$20,$20,$35,$27,$71,71,$0.28,$0.28,$278,$238,$0,$815,$222,$0,$71,$0,$293,$1108,$120,$5,$20,$31,$151,$2,$887,$68,$957,$1108,$20,$8,$1,$9,$58,$31,$-49,$-3,$32,$61,$-10,$0,$0,$80,$0,$80,$0,$70,$0,$0,$0,$-40,$-40,$-6,$0,$-46,$84,$2,$-6
43,2007-12-31,18.36,$13.54,1.36,$18.59,0.99,$1.50,12.21,$1.98,9.27,$0.89B,$0.17B,5.32,$0.00B,$0.97B,0.0,$1.36B,$0.58B,42.82%,$1.36B,$0.20B,14.66%,$1.36B,$0.20B,14.66%,$1.36B,$0.23B,16.88%,$1.36B,$0.21B,15.40%,$1.36B,$0.15B,10.69%,$0.15B,$0.97B,15.92%,$0.15B,$0.90B,17.25%,$0.15B,$1.17B,13.16%,$0.20B,$0.97B,21.84%,$377,$218,$159,$0,$104,$320,$57,$2,$59,$13,$46,$46,$46,$65,$57,$72,73,$0.64,$0.63,$274,$266,$0,$886,$210,$0,$70,$0,$281,$1166,$167,$0,$21,$30,$196,$17,$895,$58,$970,$1166,$144,$30,$6,$36,$-3,$-46,$1,$1,$-56,$124,$-32,$0,$0,$74,$0,$74,$0,$42,$-0,$-4,$-4,$-18,$-18,$-21,$2,$-40,$127,$7,$-21
44,2007-09-30,22.96,$13.01,1.77,$18.35,1.25,$1.68,13.68,$1.88,12.21,$0.88B,$0.17B,5.04,$0.00B,$0.94B,0.0,$1.34B,$0.57B,42.62%,$1.34B,$0.20B,14.68%,$1.34B,$0.20B,14.68%,$1.34B,$0.23B,16.77%,$1.34B,$0.21B,15.35%,$1.34B,$0.14B,10.21%,$0.14B,$0.94B,15.63%,$0.14B,$0.87B,17.00%,$0.14B,$1.15B,12.84%,$0.20B,$0.94B,22.48%,$471,$268,$204,$0,$112,$378,$93,$2,$95,$32,$63,$63,$63,$100,$93,$72,73,$0.87,$0.86,$116,$321,$0,$876,$203,$0,$70,$0,$273,$1149,$174,$0,$26,$36,$210,$29,$855,$55,$940,$1149,$99,$22,$7,$30,$-97,$-102,$-15,$-3,$-197,$-68,$-18,$0,$0,$88,$0,$88,$0,$71,$-0,$-4,$-4,$-3,$-3,$-15,$2,$-21,$-16,$5,$-15
45,2007-06-30,28.44,$11.99,2.37,$18.19,1.56,$1.85,15.34,$1.86,15.33,$0.80B,$0.18B,4.57,$0.00B,$0.87B,0.0,$1.33B,$0.57B,42.72%,$1.33B,$0.20B,14.72%,$1.33B,$0.20B,14.72%,$1.33B,$0.22B,16.75%,$1.33B,$0.20B,15.32%,$1.33B,$0.13B,10.11%,$0.13B,$0.87B,16.00%,$0.13B,$0.80B,17.47%,$0.13B,$1.07B,12.94%,$0.20B,$0.87B,23.26%,$219,$128,$91,$0,$79,$206,$12,$3,$15,$5,$10,$10,$10,$20,$12,$72,73,$0.14,$0.14,$264,$310,$0,$801,$200,$0,$70,$0,$270,$1071,$175,$0,$22,$31,$206,$27,$798,$41,$866,$1071,$36,$14,$5,$19,$105,$-95,$29,$-1,$16,$71,$-13,$0,$0,$-1,$0,$-1,$0,$-15,$-0,$-4,$-4,$-4,$-4,$-10,$2,$-16,$43,$4,$-10
46,2007-03-31,25.75,$11.96,2.15,$18.06,1.43,$1.89,13.65,$1.79,14.42,$0.75B,$0.12B,6.05,$0.00B,$0.87B,0.0,$1.32B,$0.56B,42.19%,$1.32B,$0.19B,14.26%,$1.32B,$0.19B,14.26%,$1.32B,$0.21B,16.16%,$1.32B,$0.20B,14.80%,$1.32B,$0.13B,9.79%,$0.13B,$0.87B,16.13%,$0.13B,$0.80B,17.67%,$0.13B,$1.02B,12.94%,$0.19B,$0.87B,23.42%,$290,$163,$127,$0,$90,$252,$37,$2,$40,$13,$26,$26,$26,$44,$37,$72,73,$0.36,$0.36,$269,$210,$0,$752,$200,$0,$70,$0,$269,$1021,$124,$0,$21,$29,$154,$39,$793,$36,$868,$1021,$26,$6,$3,$9,$53,$3,$-33,$0,$16,$51,$-6,$0,$0,$-34,$0,$-34,$-0,$-40,$-0,$-4,$-4,$10,$10,$-5,$1,$3,$14,$2,$-5
47,2006-12-31,22.97,$11.54,1.99,$17.58,1.31,$1.85,12.39,$1.69,13.59,$0.76B,$0.19B,4.03,$0.00B,$0.83B,0.0,$1.29B,$0.54B,42.00%,$1.29B,$0.18B,13.90%,$1.29B,$0.18B,13.90%,$1.29B,$0.20B,15.76%,$1.29B,$0.19B,14.36%,$1.29B,$0.12B,9.47%,$0.12B,$0.83B,15.74%,$0.12B,$0.76B,17.29%,$0.12B,$1.03B,12.51%,$0.18B,$0.83B,22.95%,$362,$212,$150,$0,$97,$306,$55,$1,$56,$18,$38,$38,$38,$61,$55,$72,73,$0.52,$0.52,$220,$212,$0,$758,$199,$0,$70,$0,$270,$1027,$188,$0,$1,$9,$197,$24,$772,$34,$831,$1027,$123,$24,$6,$30,$4,$-15,$2,$-2,$-0,$153,$-47,$2,$-35,$4,$0,$4,$0,$-77,$-14,$-43,$-57,$-54,$-54,$-5,$2,$-113,$-36,$10,$-5
