,Date,Stock Price,Book Value per Share,Price to Book Ratio,TTM Sales per Share,Price to Sales Ratio,TTM FCF per Share,Price to FCF Ratio,TTM Net EPS,PE Ratio,Current Assets,Current Liabilities,Current Ratio,Long Term Debt,Shareholder's Equity_x,Debt to Equity Ratio,TTM Revenue_x,TTM Gross Profit,Gross Margin,TTM Revenue_y,TTM Operating Income,Operating Margin,TTM Revenue_x,TTM EBIT,EBIT Margin,TTM Revenue_y,TTM EBITDA,EBITDA Margin,TTM Revenue_x,TTM Pre-Tax Income,Pre-Tax Margin,TTM Revenue_y,TTM Net Income_x,Net Margin,TTM Net Income_y,Shareholder's Equity_y,Return on Equity,TTM Net Income_x,Tangible Equity,Return on Tangible Equity,TTM Net Income_y,Total Assets,Return on Assets,TTM Net Income,LT Investments & Debt,Return on Investment,revenue,cost-goods-sold,gross-profit,research-development-expenses,selling-general-administrative-expenses,operating-expenses,operating-income,total-non-operating-income-expense,pre-tax-income,total-provision-income-taxes,income-after-taxes,income-from-continuous-operations,net-income,ebitda,ebit,basic-shares-outstanding,shares-outstanding,eps-basic-net-earnings-per-share,eps-earnings-per-share-diluted,cash-on-hand,inventory,other-current-assets,total-current-assets,net-property-plant-equipment,long-term-investments,goodwill-intangible-assets-total,other-long-term-assets,total-long-term-assets,total-assets,total-current-liabilities,long-term-debt,other-non-current-liabilities,total-long-term-liabilities,total-liabilities,common-stock-net,retained-earnings-accumulated-deficit,comprehensive-income,total-share-holder-equity,total-liabilities-share-holders-equity,net-income-loss,total-depreciation-amortization-cash-flow,other-non-cash-items,total-non-cash-items,change-in-accounts-receivable,change-in-inventories,change-in-accounts-payable,change-in-assets-liabilities,total-change-in-assets-liabilities,cash-flow-from-operating-activities,net-change-in-property-plant-equipment,net-change-in-intangible-assets,net-acquisitions-divestitures,net-change-in-short-term-investments,net-change-in-long-term-investments,net-change-in-investments-total,investing-activities-other,cash-flow-from-investing-activities,net-long-term-debt,net-current-debt,debt-issuance-retirement-net-total,net-common-equity-issued-repurchased,net-total-equity-issued-repurchased,total-common-preferred-stock-dividends-paid,financial-activities-other,cash-flow-from-financial-activities,net-cash-flow,stock-based-compensation,common-stock-dividends-paid
0,2018-09-30,63.4,$21.16,3.0,$8.14,7.79,$-19.70,0.0,$1.11,57.12,$0.17B,$0.26B,0.64,$2.74B,$2.24B,1.22,$0.78B,$0.51B,64.71%,$0.78B,$0.10B,12.66%,$0.78B,$0.10B,12.66%,$0.78B,$0.40B,51.66%,$0.78B,$0.11B,14.45%,$0.78B,$0.11B,14.19%,$0.11B,$2.24B,5.74%,$0.11B,$1.54B,8.74%,$0.11B,$5.49B,2.35%,$0.10B,$4.98B,2.28%,$207,$78,$129,$0,$24,$186,$20,$-62,$-42,$0,$-42,$-42,$-42,$105,$20,$99,99,$-0.43,$-0.43,$61,$0,$0,$166,$4120,$0,$704,$504,$5328,$5493,$257,$2739,$189,$2997,$3254,$1,$-444,$-3,$2239,$5493,$107,$239,$-93,$146,$-55,$0,$0,$25,$-53,$203,$-631,$0,$-462,$0,$0,$0,$0,$-1093,$385,$0,$385,$552,$552,$-132,$-5,$799,$-91,$13,$-132
1,2018-06-30,58.36,$19.45,3.0,$7.99,7.31,$-21.11,0.0,$0.93,62.75,$0.20B,$0.21B,1.0,$2.32B,$1.93B,1.2,$0.75B,$0.49B,65.20%,$0.75B,$0.04B,5.73%,$0.75B,$0.04B,5.73%,$0.75B,$0.33B,44.40%,$0.75B,$0.10B,13.47%,$0.75B,$0.10B,13.07%,$0.10B,$1.93B,5.70%,$0.10B,$1.28B,9.21%,$0.10B,$4.63B,2.26%,$0.04B,$4.25B,1.09%,$197,$69,$128,$0,$23,$170,$27,$80,$107,$1,$106,$106,$106,$106,$27,$99,99,$1.07,$1.06,$116,$0,$0,$204,$3245,$0,$646,$534,$4425,$4629,$205,$2322,$174,$2496,$2701,$1,$-353,$-1,$1928,$4629,$149,$154,$-134,$20,$-37,$0,$0,$16,$-24,$149,$-323,$0,$0,$0,$0,$0,$0,$-323,$78,$0,$78,$152,$152,$-87,$-5,$139,$-36,$8,$-87
2,2018-03-31,50.81,$18.75,2.71,$7.90,6.43,$-23.48,0.0,$-0.14,0.0,$0.32B,$0.16B,2.07,$2.33B,$1.86B,1.25,$0.72B,$0.47B,65.00%,$0.72B,$0.03B,4.58%,$0.72B,$0.03B,4.58%,$0.72B,$0.31B,43.06%,$0.72B,$-0.01B,-0.83%,$0.72B,$-0.01B,-1.25%,$-0.01B,$1.86B,-0.56%,$-0.01B,$1.20B,-0.96%,$-0.01B,$4.50B,-0.22%,$0.03B,$4.18B,0.89%,$197,$68,$129,$0,$25,$169,$28,$17,$44,$1,$44,$44,$44,$102,$28,$96,97,$0.45,$0.45,$229,$0,$0,$322,$3118,$0,$652,$406,$4177,$4498,$156,$2326,$163,$2488,$2644,$1,$-413,$-1,$1855,$4498,$44,$75,$-35,$39,$-18,$0,$0,$5,$-42,$44,$-145,$0,$0,$0,$0,$0,$0,$-145,$983,$0,$983,$143,$143,$-41,$-907,$178,$77,$4,$-41
3,2017-12-31,58.53,$17.83,3.28,$7.64,7.66,$-29.81,0.0,$-0.95,0.0,$0.24B,$0.21B,1.12,$2.23B,$1.71B,1.3,$0.67B,$0.44B,64.88%,$0.67B,$0.03B,3.72%,$0.67B,$0.03B,3.72%,$0.67B,$0.28B,42.26%,$0.67B,$-0.08B,-11.90%,$0.67B,$-0.08B,-12.35%,$-0.08B,$1.71B,-5.67%,$-0.08B,$1.06B,-10.41%,$-0.08B,$4.31B,-2.13%,$0.03B,$3.95B,0.73%,$181,$60,$120,$0,$20,$157,$24,$-20,$4,$1,$3,$3,$3,$91,$24,$89,89,$0.03,$0.03,$152,$0,$0,$239,$3058,$0,$658,$357,$4073,$4312,$213,$2231,$153,$2385,$2598,$1,$-487,$74,$1714,$4312,$-84,$259,$91,$350,$-64,$0,$0,$34,$-13,$290,$-1407,$0,$0,$0,$-100,$-100,$0,$-1507,$848,$0,$848,$706,$706,$-146,$-54,$1355,$137,$15,$-146
4,2017-09-30,57.54,$15.08,3.82,$7.35,7.83,$-24.21,0.0,$-0.97,0.0,$0.12B,$0.25B,0.48,$2.03B,$1.38B,1.47,$0.63B,$0.41B,64.65%,$0.63B,$0.01B,2.23%,$0.63B,$0.01B,2.23%,$0.63B,$0.26B,40.61%,$0.63B,$-0.08B,-13.22%,$0.63B,$-0.09B,-13.54%,$-0.09B,$1.38B,-6.41%,$-0.09B,$0.71B,-12.64%,$-0.09B,$3.88B,-2.41%,$0.01B,$3.40B,0.46%,$175,$63,$112,$0,$21,$212,$-36,$-18,$-54,$1,$-55,$-55,$-55,$34,$-36,$90,90,$-0.61,$-0.61,$25,$0,$0,$118,$2934,$0,$665,$167,$3766,$3884,$245,$2025,$238,$2263,$2507,$1,$-449,$-1,$1376,$3884,$-86,$192,$70,$262,$-54,$0,$0,$27,$-23,$190,$-709,$0,$-492,$0,$0,$0,$0,$-1201,$727,$0,$727,$409,$409,$-107,$-7,$1021,$10,$12,$-107
5,2017-06-30,54.04,$16.06,3.37,$7.18,7.53,$-23.57,0.0,$-0.31,0.0,$0.13B,$0.28B,0.49,$1.84B,$1.47B,1.26,$0.60B,$0.38B,64.15%,$0.60B,$0.07B,11.56%,$0.60B,$0.07B,11.56%,$0.60B,$0.29B,48.58%,$0.60B,$-0.02B,-4.02%,$0.60B,$-0.03B,-4.36%,$-0.03B,$1.47B,-2.03%,$-0.03B,$0.80B,-4.07%,$-0.03B,$3.82B,-0.81%,$0.07B,$3.31B,2.50%,$167,$60,$107,$0,$22,$150,$17,$-17,$-0,$1,$-1,$-1,$-1,$83,$17,$88,88,$-0.01,$-0.01,$41,$0,$0,$134,$2853,$0,$671,$158,$3682,$3817,$276,$1844,$231,$2075,$2351,$1,$-356,$-1,$1466,$3817,$-31,$122,$12,$133,$-41,$0,$0,$19,$-17,$122,$-485,$0,$-492,$0,$0,$0,$0,$-977,$549,$0,$549,$409,$409,$-69,$-7,$882,$26,$8,$-69
6,2017-03-31,49.52,$14.86,3.33,$6.93,7.14,$-23.06,0.0,$-0.19,0.0,$0.11B,$0.27B,0.41,$1.74B,$1.30B,1.34,$0.56B,$0.36B,64.46%,$0.56B,$0.07B,13.04%,$0.56B,$0.07B,13.04%,$0.56B,$0.27B,48.75%,$0.56B,$-0.01B,-2.50%,$0.56B,$-0.02B,-2.86%,$-0.02B,$1.30B,-1.37%,$-0.02B,$0.63B,-2.95%,$-0.02B,$3.54B,-0.55%,$0.07B,$3.05B,2.96%,$149,$52,$97,$0,$21,$130,$20,$-50,$-30,$0,$-30,$-30,$-30,$76,$20,$84,84,$-0.36,$-0.36,$21,$0,$0,$110,$2612,$0,$678,$144,$3433,$3544,$268,$1744,$228,$1972,$2240,$1,$-317,$-1,$1304,$3544,$-30,$56,$5,$60,$-20,$0,$0,$16,$-11,$55,$-675,$0,$0,$0,$0,$0,$0,$-675,$1199,$0,$1199,$211,$211,$-32,$-751,$626,$6,$4,$-32
7,2016-12-31,42.69,$13.91,3.07,$6.77,6.3,$-17.84,0.0,$0.24,177.85,$0.10B,$0.23B,0.43,$1.25B,$1.16B,1.08,$0.53B,$0.34B,64.65%,$0.53B,$0.07B,13.42%,$0.53B,$0.07B,13.42%,$0.53B,$0.25B,48.02%,$0.53B,$0.02B,4.16%,$0.53B,$0.02B,3.78%,$0.02B,$1.16B,1.81%,$0.02B,$0.56B,4.06%,$0.02B,$2.85B,0.76%,$0.07B,$2.41B,3.20%,$137,$48,$90,$0,$22,$125,$13,$-11,$1,$1,$1,$1,$1,$62,$13,$78,79,$0.01,$0.01,$15,$0,$0,$98,$2023,$0,$605,$126,$2755,$2852,$227,$1251,$212,$1463,$1690,$1,$-250,$-1,$1162,$2852,$20,$184,$24,$208,$-52,$0,$0,$-3,$-47,$181,$-731,$0,$0,$0,$0,$0,$0,$-731,$239,$0,$239,$449,$449,$-114,$-25,$549,$-1,$12,$-114
8,2016-09-30,45.01,$14.24,3.16,$7.12,6.32,$-12.61,0.0,$0.21,214.33,$0.08B,$0.22B,0.39,$1.08B,$1.19B,0.91,$0.51B,$0.32B,64.16%,$0.51B,$0.07B,13.66%,$0.51B,$0.07B,13.66%,$0.51B,$0.24B,48.12%,$0.51B,$0.02B,3.96%,$0.51B,$0.02B,3.56%,$0.02B,$1.19B,1.77%,$0.02B,$0.58B,4.47%,$0.02B,$2.70B,0.73%,$0.07B,$2.27B,3.33%,$144,$55,$89,$0,$19,$125,$19,$-14,$5,$1,$4,$4,$4,$69,$19,$81,81,$0.05,$0.05,$11,$0,$0,$84,$1887,$0,$611,$115,$2612,$2696,$215,$1078,$214,$1292,$1507,$1,$-219,$-1,$1190,$2696,$19,$135,$21,$155,$-29,$0,$0,$-6,$-33,$142,$-557,$0,$0,$0,$0,$0,$2,$-555,$62,$0,$62,$449,$449,$-83,$-17,$410,$-3,$9,$-83
9,2016-06-30,52.25,$12.87,4.06,$7.08,7.38,$-8.38,0.0,$0.08,653.15,$0.08B,$0.16B,0.49,$1.11B,$1.03B,1.08,$0.47B,$0.30B,64.41%,$0.47B,$0.06B,12.29%,$0.47B,$0.06B,12.29%,$0.47B,$0.22B,46.82%,$0.47B,$0.01B,2.12%,$0.47B,$0.01B,1.91%,$0.01B,$1.03B,0.97%,$0.01B,$0.41B,2.89%,$0.01B,$2.51B,0.38%,$0.06B,$2.13B,2.95%,$130,$45,$85,$0,$19,$109,$21,$-12,$10,$1,$9,$9,$9,$66,$21,$78,79,$0.11,$0.11,$14,$0,$0,$80,$1712,$0,$614,$106,$2431,$2511,$164,$1107,$216,$1323,$1487,$1,$-192,$-1,$1025,$2511,$15,$84,$8,$92,$-9,$0,$0,$-7,$-14,$93,$-378,$0,$0,$0,$0,$0,$1,$-377,$96,$0,$96,$257,$257,$-53,$-16,$283,$-1,$6,$-53
10,2016-03-31,42.54,$13.09,3.25,$7.18,5.93,$-5.36,0.0,$-0.14,0.0,$0.16B,$0.20B,0.79,$1.02B,$1.04B,0.98,$0.43B,$0.28B,63.81%,$0.43B,$0.04B,9.28%,$0.43B,$0.04B,9.28%,$0.43B,$0.19B,43.85%,$0.43B,$-0.01B,-1.39%,$0.43B,$-0.01B,-1.39%,$-0.01B,$1.04B,-0.67%,$-0.01B,$0.42B,-1.76%,$-0.01B,$2.48B,-0.27%,$0.04B,$2.06B,2.18%,$118,$40,$78,$0,$18,$100,$18,$-12,$6,$0,$6,$6,$6,$57,$18,$72,73,$0.07,$0.07,$88,$0,$0,$156,$1617,$0,$619,$92,$2328,$2484,$196,$1022,$223,$1245,$1441,$1,$-170,$-0,$1042,$2484,$6,$39,$4,$43,$6,$0,$0,$-2,$4,$53,$-210,$0,$0,$0,$0,$0,$1,$-209,$12,$0,$12,$256,$256,$-23,$-16,$229,$73,$3,$-23
11,2015-12-31,34.59,$11.32,3.05,$7.88,4.39,$-3.63,0.0,$-0.33,0.0,$0.09B,$0.14B,0.67,$1.01B,$0.82B,1.23,$0.40B,$0.25B,62.66%,$0.40B,$0.02B,6.02%,$0.40B,$0.02B,6.02%,$0.40B,$0.17B,41.35%,$0.40B,$-0.02B,-4.76%,$0.40B,$-0.02B,-4.01%,$-0.02B,$0.82B,-1.99%,$-0.02B,$0.20B,-4.97%,$-0.02B,$2.20B,-0.81%,$0.02B,$1.83B,1.44%,$113,$41,$72,$0,$18,$102,$11,$-12,$-1,$0,$-1,$-1,$-1,$51,$11,$54,54,$0.01,$0.01,$16,$0,$0,$92,$1392,$0,$624,$88,$2104,$2196,$137,$1009,$229,$1237,$1374,$1,$-146,$-0,$822,$2196,$-20,$142,$31,$173,$-24,$0,$0,$5,$-12,$140,$-235,$0,$-390,$0,$0,$0,$0,$-624,$348,$0,$348,$203,$203,$-81,$-7,$463,$-21,$14,$-81
12,2015-09-30,29.92,$12.70,2.36,$8.77,3.41,$-7.82,0.0,$-0.50,0.0,$0.12B,$0.12B,1.04,$1.00B,$0.84B,1.18,$0.37B,$0.23B,62.47%,$0.37B,$0.02B,6.43%,$0.37B,$0.02B,6.43%,$0.37B,$0.16B,41.82%,$0.37B,$-0.03B,-8.04%,$0.37B,$-0.02B,-5.90%,$-0.02B,$0.84B,-2.83%,$-0.02B,$0.21B,-6.02%,$-0.02B,$2.18B,-1.20%,$0.02B,$1.84B,1.55%,$111,$42,$69,$0,$16,$104,$8,$-12,$-5,$1,$-5,$-5,$-5,$47,$8,$64,64,$-0.08,$-0.08,$47,$0,$0,$121,$1329,$0,$629,$102,$2060,$2182,$116,$996,$229,$1224,$1341,$1,$-124,$-1,$841,$2182,$-19,$102,$27,$128,$-17,$0,$0,$-1,$-8,$102,$-158,$0,$-398,$0,$0,$0,$0,$-557,$320,$0,$320,$203,$203,$-58,$-6,$458,$3,$11,$-58
13,2015-06-30,26.72,$13.06,2.05,$9.34,2.86,$-9.83,0.0,$-0.42,0.0,$0.47B,$0.09B,5.22,$0.74B,$0.87B,0.86,$0.35B,$0.22B,62.25%,$0.35B,$0.03B,7.49%,$0.35B,$0.03B,7.49%,$0.35B,$0.15B,42.94%,$0.35B,$-0.02B,-6.92%,$0.35B,$-0.02B,-4.90%,$-0.02B,$0.87B,-2.26%,$-0.02B,$0.53B,-4.14%,$-0.02B,$1.99B,-1.02%,$0.03B,$1.61B,1.83%,$89,$33,$56,$0,$13,$87,$3,$-9,$-6,$0,$-7,$-7,$-6,$34,$3,$51,51,$-0.11,$-0.11,$414,$0,$0,$470,$1091,$0,$338,$93,$1522,$1992,$90,$742,$294,$1036,$1126,$1,$-99,$-0,$866,$1992,$-14,$63,$16,$79,$-8,$0,$0,$-1,$-4,$62,$-92,$0,$0,$0,$0,$0,$0,$-92,$68,$0,$68,$373,$373,$-34,$-1,$407,$377,$6,$-34
14,2015-03-31,27.94,$17.70,1.58,$11.36,2.46,$-12.60,0.0,$-0.37,0.0,$0.08B,$0.07B,1.19,$0.69B,$0.69B,1.0,$0.34B,$0.21B,61.76%,$0.34B,$0.03B,8.82%,$0.34B,$0.03B,8.82%,$0.34B,$0.15B,44.71%,$0.34B,$-0.02B,-6.18%,$0.34B,$-0.01B,-3.53%,$-0.01B,$0.69B,-1.66%,$-0.01B,$0.35B,-3.18%,$-0.01B,$1.58B,-0.78%,$0.03B,$1.38B,2.24%,$86,$32,$53,$0,$12,$84,$2,$-8,$-7,$0,$-7,$-7,$-4,$33,$2,$37,37,$-0.12,$-0.12,$26,$0,$0,$80,$1067,$0,$342,$88,$1497,$1577,$67,$692,$126,$818,$885,$0,$-73,$-1,$691,$1577,$-7,$31,$12,$43,$2,$0,$0,$-2,$-3,$33,$-49,$0,$0,$0,$0,$0,$0,$-49,$19,$0,$19,$0,$0,$-14,$0,$5,$-11,$3,$-14
15,2014-12-31,24.49,$18.55,1.32,$12.75,1.92,$-12.74,0.0,$-0.25,0.0,$0.10B,$0.07B,1.39,$0.66B,$0.72B,0.92,$0.33B,$0.21B,62.35%,$0.33B,$0.04B,12.05%,$0.33B,$0.04B,12.05%,$0.33B,$0.16B,47.59%,$0.33B,$-0.01B,-3.92%,$0.33B,$-0.01B,-2.41%,$-0.01B,$0.72B,-1.08%,$-0.01B,$0.37B,-2.04%,$-0.01B,$1.57B,-0.52%,$0.04B,$1.38B,3.03%,$87,$32,$55,$0,$13,$76,$11,$-23,$-12,$0,$-12,$-12,$-7,$42,$11,$29,29,$-0.25,$-0.25,$37,$0,$0,$97,$1051,$0,$345,$77,$1474,$1571,$70,$658,$126,$784,$854,$0,$-56,$-0,$717,$1571,$-15,$118,$15,$133,$-37,$0,$0,$10,$-21,$111,$-284,$0,$0,$0,$0,$0,$0,$-284,$131,$0,$131,$0,$0,$-51,$-19,$61,$-112,$10,$-51
16,2014-09-30,21.21,$19.14,1.11,$13.23,1.6,$-13.95,0.0,$-0.12,0.0,$0.09B,$0.10B,0.89,$0.57B,$0.74B,0.77,$0.32B,$0.20B,63.09%,$0.32B,$0.04B,11.99%,$0.32B,$0.04B,11.99%,$0.32B,$0.15B,47.95%,$0.32B,$-0.00B,-1.26%,$0.32B,$-0.00B,-0.95%,$-0.00B,$0.74B,-0.40%,$-0.00B,$0.39B,-0.74%,$-0.00B,$1.54B,-0.20%,$0.04B,$1.31B,2.91%,$85,$33,$52,$0,$12,$75,$10,$-9,$1,$0,$0,$0,$0,$40,$10,$37,37,$0.00,$0.00,$30,$0,$0,$90,$1016,$0,$349,$83,$1449,$1538,$100,$569,$129,$698,$798,$0,$-41,$0,$740,$1538,$-3,$87,$11,$99,$-31,$0,$0,$10,$-8,$88,$-195,$0,$0,$0,$0,$0,$0,$-195,$27,$0,$27,$0,$0,$-37,$-1,$-12,$-118,$8,$-37
17,2014-06-30,21.78,$19.43,1.12,$14.16,1.54,$-15.88,0.0,$-0.17,0.0,$0.11B,$0.08B,1.32,$0.54B,$0.75B,0.72,$0.30B,$0.19B,63.67%,$0.30B,$0.04B,12.33%,$0.30B,$0.04B,12.33%,$0.30B,$0.14B,48.00%,$0.30B,$-0.01B,-2.33%,$0.30B,$-0.00B,-1.33%,$-0.00B,$0.75B,-0.52%,$-0.00B,$0.40B,-0.97%,$-0.00B,$1.51B,-0.26%,$0.04B,$1.29B,2.82%,$82,$32,$50,$0,$12,$74,$7,$-11,$-3,$0,$-4,$-4,$-1,$37,$7,$22,22,$-0.06,$-0.06,$49,$0,$0,$111,$959,$0,$354,$83,$1395,$1506,$84,$540,$131,$671,$755,$0,$-33,$0,$751,$1506,$-3,$57,$7,$65,$-31,$0,$0,$11,$-18,$44,$-117,$0,$0,$0,$0,$0,$0,$-117,$-2,$0,$-2,$0,$0,$-24,$-1,$-27,$-100,$5,$-24
18,2014-03-31,18.07,$33.81,0.53,$13.44,1.34,$-15.39,0.0,$-0.23,0.0,$0.17B,$0.09B,1.89,$0.54B,$0.77B,0.71,$0.28B,$0.18B,63.83%,$0.28B,$0.04B,12.77%,$0.28B,$0.04B,12.77%,$0.28B,$0.14B,48.23%,$0.28B,$-0.01B,-3.90%,$0.28B,$-0.01B,-1.77%,$-0.01B,$0.77B,-0.64%,$-0.01B,$0.41B,-1.19%,$-0.01B,$1.53B,-0.33%,$0.04B,$1.31B,2.71%,$78,$28,$50,$0,$10,$66,$12,$-11,$1,$0,$1,$1,$0,$39,$12,$21,21,$0.01,$0.01,$125,$0,$0,$168,$925,$0,$358,$78,$1361,$1528,$89,$541,$132,$673,$761,$0,$-24,$0,$767,$1528,$1,$28,$3,$31,$-7,$0,$0,$9,$7,$38,$-50,$0,$0,$0,$0,$0,$0,$-50,$-1,$0,$-1,$0,$0,$-10,$0,$-12,$-24,$2,$-10
19,2013-12-31,19.18,$35.36,0.54,$12.61,1.52,$-16.15,0.0,$-0.28,0.0,$0.19B,$0.07B,2.84,$0.54B,$0.78B,0.7,$0.26B,$0.17B,64.39%,$0.26B,$0.01B,4.55%,$0.26B,$0.01B,4.55%,$0.26B,$0.11B,40.53%,$0.26B,$-0.03B,-12.88%,$0.26B,$-0.03B,-9.85%,$-0.03B,$0.78B,-3.26%,$-0.03B,$0.42B,-6.07%,$-0.03B,$1.51B,-1.70%,$0.01B,$1.32B,0.89%,$72,$24,$48,$0,$9,$63,$9,$-12,$-3,$1,$-4,$-4,$-2,$36,$9,$21,21,$-0.04,$-0.04,$149,$0,$0,$190,$884,$0,$362,$71,$1317,$1507,$67,$542,$121,$662,$729,$0,$-19,$0,$778,$1507,$-36,$95,$14,$110,$-25,$0,$0,$23,$4,$79,$-229,$0,$0,$0,$0,$0,$6,$-223,$-26,$0,$-26,$361,$361,$-31,$-28,$275,$132,$6,$-31
