,Date,Stock Price,Book Value per Share,Price to Book Ratio,TTM Sales per Share,Price to Sales Ratio,TTM FCF per Share,Price to FCF Ratio,TTM Net EPS,PE Ratio,Current Assets,Current Liabilities,Current Ratio,Long Term Debt,Shareholder's Equity_x,Debt to Equity Ratio,TTM Revenue_x,TTM Gross Profit,Gross Margin,TTM Revenue_y,TTM Operating Income,Operating Margin,TTM Revenue_x,TTM EBIT,EBIT Margin,TTM Revenue_y,TTM EBITDA,EBITDA Margin,TTM Revenue_x,TTM Pre-Tax Income,Pre-Tax Margin,TTM Revenue_y,TTM Net Income_x,Net Margin,TTM Net Income_y,Shareholder's Equity_y,Return on Equity,TTM Net Income_x,Tangible Equity,Return on Tangible Equity,TTM Net Income_y,Total Assets,Return on Assets,TTM Net Income,LT Investments & Debt,Return on Investment,revenue,cost-goods-sold,gross-profit,research-development-expenses,selling-general-administrative-expenses,operating-expenses,operating-income,total-non-operating-income-expense,pre-tax-income,total-provision-income-taxes,income-after-taxes,income-from-continuous-operations,net-income,ebitda,ebit,basic-shares-outstanding,shares-outstanding,eps-basic-net-earnings-per-share,eps-earnings-per-share-diluted,cash-on-hand,inventory,other-current-assets,total-current-assets,net-property-plant-equipment,long-term-investments,goodwill-intangible-assets-total,other-long-term-assets,total-long-term-assets,total-assets,total-current-liabilities,long-term-debt,other-non-current-liabilities,total-long-term-liabilities,total-liabilities,common-stock-net,retained-earnings-accumulated-deficit,comprehensive-income,total-share-holder-equity,total-liabilities-share-holders-equity,net-income-loss,total-depreciation-amortization-cash-flow,other-non-cash-items,total-non-cash-items,change-in-accounts-receivable,change-in-inventories,change-in-accounts-payable,change-in-assets-liabilities,total-change-in-assets-liabilities,cash-flow-from-operating-activities,net-change-in-property-plant-equipment,net-change-in-intangible-assets,net-acquisitions-divestitures,net-change-in-short-term-investments,net-change-in-long-term-investments,net-change-in-investments-total,investing-activities-other,cash-flow-from-investing-activities,net-long-term-debt,net-current-debt,debt-issuance-retirement-net-total,net-common-equity-issued-repurchased,net-total-equity-issued-repurchased,total-common-preferred-stock-dividends-paid,financial-activities-other,cash-flow-from-financial-activities,net-cash-flow,stock-based-compensation,common-stock-dividends-paid
0,2018-07-31,33.9,$17.97,1.89,$47.95,0.71,$11.74,2.89,$1.07,31.68,$0.98B,$0.20B,4.83,$0.92B,$0.57B,1.61,$1.54B,$0.82B,53.45%,$1.54B,$0.14B,8.98%,$1.54B,$0.14B,8.98%,$1.54B,$0.18B,11.65%,$1.54B,$0.07B,4.30%,$1.54B,$0.04B,2.28%,$0.04B,$0.57B,6.41%,$0.04B,$0.57B,6.41%,$0.04B,$1.80B,1.90%,$0.14B,$1.49B,9.06%,$385,$174,$211,$0,$121,$345,$39,$-17,$22,$5,$17,$17,$17,$50,$39,$32,32,$0.54,$0.53,$56,$196,$0,$976,$143,$0,$0,$7,$820,$1797,$202,$916,$24,$1025,$1227,$0,$464,$0,$570,$1797,$30,$22,$127,$148,$-115,$16,$11,$11,$-22,$156,$-12,$0,$0,$0,$0,$0,$0,$-12,$-177,$0,$-177,$1,$1,$0,$-8,$-184,$-40,$6,$0
1,2018-04-30,25.5,$17.40,1.47,$47.68,0.53,$9.98,2.56,$0.68,37.5,$0.98B,$0.19B,5.06,$0.93B,$0.55B,1.69,$1.52B,$0.80B,52.96%,$1.52B,$0.13B,8.43%,$1.52B,$0.13B,8.43%,$1.52B,$0.17B,11.26%,$1.52B,$0.05B,3.36%,$1.52B,$0.02B,1.45%,$0.02B,$0.55B,4.11%,$0.02B,$0.55B,4.11%,$0.02B,$1.79B,1.18%,$0.13B,$1.48B,8.27%,$358,$167,$192,$0,$115,$326,$33,$-17,$16,$3,$13,$13,$13,$44,$33,$32,32,$0.40,$0.39,$83,$190,$0,$981,$141,$0,$0,$640,$804,$1785,$194,$930,$26,$1041,$1235,$0,$447,$0,$550,$1785,$13,$11,$59,$70,$-23,$22,$11,$13,$52,$135,$-6,$0,$0,$0,$0,$0,$0,$-6,$-140,$0,$-140,$0,$0,$0,$-3,$-142,$-13,$3,$0
2,2018-01-31,33.3,$17.02,1.96,$48.13,0.69,$8.79,3.79,$0.21,158.57,$1.08B,$0.16B,6.58,$1.09B,$0.54B,2.04,$1.52B,$0.80B,52.51%,$1.52B,$0.12B,7.59%,$1.52B,$0.12B,7.59%,$1.52B,$0.16B,10.55%,$1.52B,$0.03B,2.04%,$1.52B,$0.01B,0.40%,$0.01B,$0.54B,1.14%,$0.01B,$0.54B,1.14%,$0.01B,$1.90B,0.31%,$0.12B,$1.63B,7.15%,$420,$200,$220,$0,$118,$376,$45,$-18,$26,$23,$3,$3,$3,$56,$45,$31,32,$0.10,$0.09,$96,$212,$0,$1080,$143,$0,$0,$5,$821,$1901,$164,$1090,$25,$1202,$1366,$0,$434,$0,$535,$1901,$6,$45,$338,$383,$-233,$-47,$-31,$-21,$-338,$51,$-17,$0,$0,$0,$0,$0,$0,$-17,$-60,$0,$-60,$3,$3,$0,$8,$-49,$-14,$9,$0
3,2017-10-31,30.75,$16.88,1.82,$48.96,0.63,$13.21,2.33,$0.11,279.55,$1.03B,$0.26B,3.94,$0.97B,$0.53B,1.84,$1.53B,$0.79B,51.73%,$1.53B,$0.10B,6.47%,$1.53B,$0.10B,6.47%,$1.53B,$0.15B,9.48%,$1.53B,$0.01B,0.59%,$1.53B,$0.00B,0.20%,$0.00B,$0.53B,0.57%,$0.00B,$0.53B,0.57%,$0.00B,$1.87B,0.16%,$0.10B,$1.50B,6.12%,$373,$176,$198,$0,$114,$352,$21,$-19,$2,$1,$2,$2,$2,$29,$21,$31,32,$0.05,$0.05,$84,$235,$0,$1034,$145,$0,$0,$6,$840,$1874,$262,$973,$22,$1083,$1345,$0,$430,$0,$529,$1874,$3,$34,$211,$245,$-121,$-71,$8,$-4,$-166,$83,$-12,$0,$0,$0,$0,$0,$0,$-12,$-115,$0,$-115,$3,$3,$0,$30,$-82,$-11,$6,$0
4,2017-07-31,21.4,$16.83,1.27,$49.44,0.43,$15.59,1.37,$-0.06,0.0,$1.04B,$0.18B,5.8,$1.06B,$0.53B,2.02,$1.53B,$0.78B,50.68%,$1.53B,$0.09B,6.13%,$1.53B,$0.09B,6.13%,$1.53B,$0.15B,9.46%,$1.53B,0,0.00%,$1.53B,$-0.00B,-0.20%,$-0.00B,$0.53B,-0.58%,$-0.00B,$0.53B,-0.58%,$-0.00B,$1.88B,-0.15%,$0.09B,$1.59B,5.57%,$367,$172,$194,$0,$112,$337,$29,$-22,$7,$3,$4,$4,$4,$42,$29,$31,31,$0.14,$0.14,$121,$197,$0,$1038,$155,$0,$0,$8,$837,$1875,$179,$1061,$25,$1171,$1350,$0,$429,$0,$525,$1875,$2,$26,$131,$157,$-45,$-32,$-3,$-2,$-68,$91,$-6,$0,$0,$0,$0,$0,$0,$-6,$-91,$0,$-91,$2,$2,$0,$-8,$-97,$-13,$4,$0
5,2017-04-30,17.6,$16.68,1.06,$50.73,0.35,$16.18,1.09,$-0.59,0.0,$1.18B,$0.18B,6.75,$1.21B,$0.52B,2.33,$1.56B,$0.77B,49.36%,$1.56B,$0.07B,4.54%,$1.56B,$0.07B,4.54%,$1.56B,$0.12B,7.86%,$1.56B,$-0.03B,-1.60%,$1.56B,$-0.02B,-1.21%,$-0.02B,$0.52B,-3.67%,$-0.02B,$0.52B,-3.67%,$-0.02B,$2.01B,-0.95%,$0.07B,$1.72B,4.14%,$356,$172,$184,$0,$107,$336,$20,$-24,$-4,$-2,$-3,$-3,$-3,$33,$20,$31,31,$-0.08,$-0.08,$273,$171,$0,$1178,$159,$0,$0,$9,$833,$2011,$175,$1206,$26,$1319,$1494,$0,$425,$0,$517,$2011,$-3,$13,$69,$83,$13,$-6,$3,$-1,$11,$91,$-4,$0,$0,$0,$0,$0,$0,$-4,$59,$0,$59,$0,$0,$0,$-8,$52,$139,$2,$0
6,2017-01-31,10.55,$16.72,0.63,$51.94,0.2,$16.40,0.64,$-0.83,0.0,$1.09B,$0.17B,6.5,$1.14B,$0.52B,2.21,$1.60B,$0.77B,48.40%,$1.60B,$0.06B,4.01%,$1.60B,$0.06B,4.01%,$1.60B,$0.12B,7.33%,$1.60B,$-0.03B,-2.13%,$1.60B,$-0.03B,-1.63%,$-0.03B,$0.52B,-4.99%,$-0.03B,$0.52B,-4.99%,$-0.03B,$1.94B,-1.30%,$0.06B,$1.66B,3.72%,$433,$217,$215,$0,$113,$404,$29,$-25,$4,$4,$-0,$-0,$-0,$41,$29,$31,31,$0.00,$0.00,$134,$165,$0,$1088,$159,$0,$0,$7,$853,$1941,$167,$1144,$24,$1256,$1423,$0,$427,$0,$518,$1941,$-26,$53,$313,$365,$-208,$37,$18,$10,$-135,$205,$-36,$0,$0,$0,$0,$0,$0,$-36,$-117,$0,$-117,$1,$1,$0,$-43,$-158,$11,$5,$0
7,2016-10-31,9.5,$16.75,0.57,$50.72,0.19,$4.43,2.14,$-0.80,0.0,$1.18B,$0.19B,6.11,$1.26B,$0.52B,2.44,$1.62B,$0.77B,47.75%,$1.62B,$0.06B,3.76%,$1.62B,$0.06B,3.76%,$1.62B,$0.11B,7.03%,$1.62B,$-0.04B,-2.22%,$1.62B,$-0.03B,-1.54%,$-0.03B,$0.52B,-4.75%,$-0.03B,$0.52B,-4.75%,$-0.03B,$2.08B,-1.23%,$0.06B,$1.78B,3.49%,$377,$192,$184,$0,$114,$360,$16,$-23,$-7,$-3,$-4,$-4,$-4,$29,$16,$31,31,$-0.12,$-0.12,$190,$205,$0,$1180,$172,$0,$0,$43,$901,$2081,$193,$1259,$23,$1371,$1564,$0,$427,$0,$517,$2081,$-25,$40,$234,$274,$-119,$-3,$32,$12,$-66,$183,$-41,$0,$0,$0,$0,$0,$0,$-41,$2,$0,$2,$1,$1,$0,$-98,$-95,$47,$4,$0
8,2016-07-31,7.11,$16.89,0.42,$49.56,0.14,$-3.15,0.0,$-0.75,0.0,$1.13B,$0.19B,6.07,$1.18B,$0.52B,2.28,$1.64B,$0.78B,47.71%,$1.64B,$0.06B,3.84%,$1.64B,$0.06B,3.84%,$1.64B,$0.11B,6.96%,$1.64B,$-0.03B,-1.95%,$1.64B,$-0.02B,-1.40%,$-0.02B,$0.52B,-4.14%,$-0.02B,$0.52B,-4.14%,$-0.02B,$2.00B,-1.13%,$0.06B,$1.70B,3.59%,$398,$209,$189,$0,$120,$392,$6,$-24,$-18,$-6,$-12,$-12,$-12,$20,$6,$31,31,$-0.39,$-0.39,$87,$192,$0,$1131,$175,$0,$0,$34,$866,$1997,$186,$1182,$21,$1291,$1478,$0,$431,$0,$520,$1997,$-22,$28,$155,$183,$-72,$10,$29,$8,$-29,$132,$-31,$0,$0,$0,$0,$0,$0,$-31,$-74,$0,$-74,$1,$1,$0,$-24,$-97,$3,$3,$0
9,2016-04-30,13.74,$17.27,0.8,$47.30,0.29,$-7.58,0.0,$0.09,152.67,$1.13B,$0.16B,6.98,$1.20B,$0.53B,2.27,$1.64B,$0.79B,48.08%,$1.64B,$0.09B,5.68%,$1.64B,$0.09B,5.68%,$1.64B,$0.14B,8.37%,$1.64B,$0.01B,0.73%,$1.64B,$0.01B,0.37%,$0.01B,$0.53B,1.00%,$0.01B,$0.53B,1.00%,$0.01B,$2.00B,0.31%,$0.09B,$1.73B,5.46%,$389,$204,$185,$0,$113,$376,$13,$-26,$-13,$-3,$-10,$-10,$-10,$27,$13,$31,31,$-0.32,$-0.32,$106,$182,$0,$1133,$164,$0,$0,$34,$863,$1997,$162,$1203,$18,$1304,$1467,$0,$443,$0,$530,$1997,$-10,$14,$77,$91,$-5,$20,$9,$3,$27,$109,$-16,$0,$0,$0,$0,$0,$0,$-16,$-47,$0,$-47,$0,$0,$0,$-46,$-93,$-1,$1,$0
10,2016-01-31,12.32,$17.57,0.7,$44.51,0.28,$-9.33,0.0,$0.84,14.67,$1.16B,$0.15B,7.96,$1.25B,$0.54B,2.32,$1.61B,$0.78B,48.36%,$1.61B,$0.11B,7.07%,$1.61B,$0.11B,7.07%,$1.61B,$0.15B,9.30%,$1.61B,$0.05B,3.10%,$1.61B,$0.03B,1.98%,$0.03B,$0.54B,5.06%,$0.03B,$0.54B,5.06%,$0.03B,$2.03B,1.71%,$0.11B,$1.79B,7.05%,$457,$241,$216,$0,$122,$431,$26,$-24,$2,$1,$1,$1,$1,$38,$26,$35,36,$0.07,$0.06,$91,$202,$0,$1163,$151,$0,$0,$9,$862,$2025,$146,$1249,$17,$1341,$1487,$0,$453,$0,$538,$2025,$31,$36,$269,$305,$-457,$-43,$4,$-11,$-507,$-172,$-58,$0,$0,$0,$0,$0,$0,$-58,$495,$0,$495,$-149,$-149,$0,$-117,$230,$0,$5,$0
11,2015-10-31,18.97,$18.35,1.03,$43.23,0.44,$-9.17,0.0,$1.23,15.42,$1.28B,$0.20B,6.27,$1.16B,$0.64B,1.82,$1.58B,$0.73B,45.93%,$1.58B,$0.12B,7.58%,$1.58B,$0.12B,7.58%,$1.58B,$0.15B,9.48%,$1.58B,$0.07B,4.49%,$1.58B,$0.05B,2.91%,$0.05B,$0.64B,6.95%,$0.05B,$0.64B,6.95%,$0.05B,$2.09B,2.59%,$0.12B,$1.79B,7.86%,$395,$203,$192,$0,$114,$377,$18,$-21,$-3,$-1,$-2,$-2,$-2,$29,$18,$36,36,$-0.07,$-0.07,$207,$238,$0,$1278,$139,$0,$0,$34,$811,$2089,$204,$1159,$22,$1250,$1454,$0,$452,$0,$635,$2089,$30,$23,$187,$211,$-295,$-79,$59,$-3,$-306,$-65,$-41,$0,$0,$0,$0,$0,$0,$-41,$383,$0,$383,$-50,$-50,$0,$-130,$203,$97,$3,$0
12,2015-07-31,34.52,$18.86,1.83,$42.36,0.81,$-10.62,0.0,$1.22,28.3,$0.99B,$0.17B,5.9,$0.81B,$0.69B,1.18,$1.56B,$0.73B,46.53%,$1.56B,$0.11B,6.87%,$1.56B,$0.11B,6.87%,$1.56B,$0.13B,8.41%,$1.56B,$0.07B,4.49%,$1.56B,$0.05B,2.89%,$0.05B,$0.69B,6.79%,$0.05B,$0.69B,6.79%,$0.05B,$1.75B,2.74%,$0.11B,$1.50B,7.58%,$396,$202,$194,$0,$105,$360,$36,$-10,$26,$10,$17,$17,$17,$43,$36,$36,37,$0.45,$0.45,$7,$174,$0,$986,$134,$0,$0,$8,$766,$1752,$167,$811,$22,$896,$1063,$0,$454,$0,$689,$1752,$32,$12,$114,$127,$-191,$-15,$24,$-1,$-172,$-13,$-30,$0,$0,$0,$0,$0,$0,$-30,$36,$0,$36,$2,$2,$0,$0,$38,$-5,$2,$0
13,2015-04-30,27.97,$18.40,1.52,$41.22,0.68,$-11.39,0.0,$1.25,22.38,$0.89B,$0.15B,6.07,$0.72B,$0.67B,1.07,$1.52B,$0.71B,47.06%,$1.52B,$0.11B,6.93%,$1.52B,$0.11B,6.93%,$1.52B,$0.13B,8.45%,$1.52B,$0.07B,4.75%,$1.52B,$0.05B,3.04%,$0.05B,$0.67B,7.08%,$0.05B,$0.67B,7.08%,$0.05B,$1.61B,2.94%,$0.11B,$1.39B,7.79%,$365,$187,$178,$0,$96,$331,$34,$-9,$25,$9,$16,$16,$16,$40,$34,$36,37,$0.43,$0.43,$5,$129,$0,$888,$122,$0,$0,$9,$725,$1613,$146,$720,$22,$796,$943,$0,$438,$0,$670,$1613,$16,$6,$54,$59,$-63,$30,$7,$0,$-19,$56,$-10,$0,$0,$0,$0,$0,$0,$-10,$-54,$0,$-54,$0,$0,$0,$-0,$-54,$-7,$1,$0
14,2015-01-31,15.74,$17.98,0.88,$40.40,0.39,$-12.21,0.0,$1.59,9.9,$0.91B,$0.15B,6.25,$0.77B,$0.65B,1.18,$1.49B,$0.71B,47.68%,$1.49B,$0.12B,8.08%,$1.49B,$0.12B,8.08%,$1.49B,$0.14B,9.56%,$1.49B,$0.09B,6.13%,$1.49B,$0.06B,3.91%,$0.06B,$0.65B,9.11%,$0.06B,$0.65B,9.11%,$0.06B,$1.65B,3.86%,$0.12B,$1.43B,9.34%,$427,$264,$163,$0,$109,$395,$32,$-9,$23,$7,$15,$15,$15,$38,$32,$36,37,$0.41,$0.42,$12,$159,$0,$906,$120,$0,$0,$8,$740,$1646,$145,$772,$22,$847,$992,$0,$422,$0,$654,$1646,$59,$22,$224,$245,$-444,$-39,$-3,$-6,$-494,$-190,$-42,$0,$0,$0,$0,$0,$0,$-42,$237,$0,$237,$2,$2,$0,$1,$239,$6,$4,$0
15,2014-10-31,31.11,$17.55,1.77,$38.63,0.81,$-13.03,0.0,$1.92,16.2,$0.91B,$0.16B,5.58,$0.70B,$0.64B,1.09,$1.42B,$0.69B,48.70%,$1.42B,$0.14B,9.58%,$1.42B,$0.14B,9.58%,$1.42B,$0.16B,11.06%,$1.42B,$0.11B,7.82%,$1.42B,$0.07B,5.00%,$0.07B,$0.64B,11.44%,$0.07B,$0.64B,11.44%,$0.07B,$1.56B,5.02%,$0.14B,$1.33B,11.24%,$370,$181,$190,$0,$99,$365,$5,$-9,$-4,$-1,$-3,$-3,$-3,$10,$5,$36,36,$-0.08,$-0.08,$6,$169,$0,$911,$117,$0,$0,$10,$645,$1556,$163,$696,$60,$756,$919,$0,$406,$0,$637,$1556,$43,$16,$150,$165,$-284,$-48,$9,$4,$-335,$-127,$-34,$0,$0,$0,$0,$0,$0,$-34,$159,$0,$159,$1,$1,$0,$1,$161,$0,$3,$0
16,2014-07-31,40.0,$17.61,2.27,$36.84,1.09,$-12.58,0.0,$2.66,15.04,$0.82B,$0.16B,5.15,$0.61B,$0.64B,0.95,$1.36B,$0.66B,48.46%,$1.36B,$0.17B,12.72%,$1.36B,$0.17B,12.72%,$1.36B,$0.19B,14.19%,$1.36B,$0.15B,11.25%,$1.36B,$0.10B,7.21%,$0.10B,$0.64B,16.30%,$0.10B,$0.64B,16.30%,$0.10B,$1.45B,7.42%,$0.17B,$1.25B,15.42%,$353,$171,$182,$0,$94,$319,$34,$-6,$28,$10,$18,$18,$18,$40,$34,$36,37,$0.49,$0.48,$4,$138,$0,$817,$112,$0,$0,$11,$632,$1449,$159,$607,$45,$652,$811,$0,$410,$-0,$638,$1449,$46,$11,$71,$82,$-167,$-17,$13,$3,$-181,$-53,$-19,$0,$0,$0,$0,$0,$0,$-19,$70,$0,$70,$1,$1,$0,$-0,$70,$-2,$2,$0
17,2014-04-30,44.23,$17.14,2.58,$34.64,1.28,$-12.23,0.0,$2.70,16.38,$0.78B,$0.19B,4.05,$0.52B,$0.62B,0.84,$1.28B,$0.61B,47.73%,$1.28B,$0.17B,13.46%,$1.28B,$0.17B,13.46%,$1.28B,$0.19B,14.87%,$1.28B,$0.16B,12.13%,$1.28B,$0.10B,7.75%,$0.10B,$0.62B,17.22%,$0.10B,$0.62B,17.22%,$0.10B,$1.36B,8.16%,$0.17B,$1.14B,16.74%,$335,$162,$173,$0,$88,$286,$49,$-5,$44,$16,$28,$28,$28,$54,$49,$36,37,$0.79,$0.77,$4,$138,$0,$775,$96,$0,$0,$10,$585,$1360,$192,$517,$32,$549,$741,$0,$392,$-0,$619,$1360,$28,$5,$28,$33,$-62,$-17,$35,$0,$-31,$31,$-14,$0,$0,$0,$0,$0,$0,$-14,$-18,$0,$-18,$0,$0,$0,$-0,$-18,$-2,$1,$0
18,2014-01-31,60.71,$16.31,3.72,$32.44,1.87,$-13.05,0.0,$2.54,23.9,$0.74B,$0.13B,5.71,$0.54B,$0.59B,0.91,$1.19B,$0.56B,47.15%,$1.19B,$0.16B,13.57%,$1.19B,$0.16B,13.57%,$1.19B,$0.18B,14.99%,$1.19B,$0.15B,12.23%,$1.19B,$0.09B,7.79%,$0.09B,$0.59B,17.00%,$0.09B,$0.59B,17.00%,$0.09B,$1.30B,8.36%,$0.16B,$1.13B,17.17%,$361,$215,$146,$0,$61,$313,$48,$-5,$43,$16,$28,$28,$28,$53,$48,$36,37,$0.76,$0.75,$6,$121,$0,$736,$87,$0,$0,$10,$562,$1298,$129,$536,$22,$580,$709,$0,$363,$-0,$589,$1298,$93,$17,$120,$136,$-410,$-47,$13,$3,$-440,$-210,$-52,$0,$0,$0,$0,$0,$0,$-52,$240,$0,$240,$17,$17,$0,$7,$264,$2,$4,$0
19,2013-10-31,60.44,$15.53,3.89,$30.06,2.01,$-6.89,0.0,$2.29,26.39,$0.68B,$0.17B,4.06,$0.42B,$0.56B,0.76,$1.08B,$0.54B,49.49%,$1.08B,$0.15B,13.48%,$1.08B,$0.15B,13.48%,$1.08B,$0.16B,14.87%,$1.08B,$0.13B,12.10%,$1.08B,$0.08B,7.66%,$0.08B,$0.56B,16.02%,$0.08B,$0.56B,16.02%,$0.08B,$1.17B,8.17%,$0.15B,$0.98B,17.24%,$311,$153,$158,$0,$90,$269,$42,$-4,$38,$14,$24,$24,$24,$46,$42,$36,37,$0.68,$0.66,$4,$132,$0,$679,$75,$0,$0,$8,$495,$1174,$167,$422,$26,$448,$616,$0,$336,$-0,$559,$1174,$66,$12,$70,$83,$-249,$-58,$37,$-0,$-258,$-110,$-37,$0,$0,$0,$0,$0,$0,$-37,$126,$0,$126,$16,$16,$0,$5,$147,$-0,$3,$0
20,2013-07-31,64.67,$14.82,4.36,$27.80,2.33,$-3.09,0.0,$1.98,32.66,$0.59B,$0.13B,4.43,$0.33B,$0.53B,0.63,$0.98B,$0.48B,48.77%,$0.98B,$0.13B,13.09%,$0.98B,$0.13B,13.09%,$0.98B,$0.14B,14.52%,$0.98B,$0.11B,11.45%,$0.98B,$0.07B,7.26%,$0.07B,$0.53B,14.86%,$0.07B,$0.53B,14.86%,$0.07B,$1.02B,7.59%,$0.13B,$0.87B,16.61%,$271,$137,$133,$0,$79,$237,$33,$-3,$30,$11,$19,$19,$19,$37,$33,$36,37,$0.54,$0.52,$4,$91,$0,$591,$61,$0,$0,$9,$432,$1023,$133,$334,$24,$358,$491,$0,$311,$-0,$532,$1023,$41,$8,$36,$44,$-129,$-17,$12,$8,$-125,$-39,$-19,$0,$0,$0,$0,$0,$0,$-19,$39,$0,$39,$15,$15,$0,$5,$58,$-0,$2,$0
21,2013-04-30,43.31,$14.24,3.04,$26.72,1.62,$-1.15,0.0,$1.81,23.93,$0.56B,$0.13B,4.24,$0.29B,$0.51B,0.58,$0.91B,$0.44B,48.03%,$0.91B,$0.12B,12.91%,$0.91B,$0.12B,12.91%,$0.91B,$0.13B,14.44%,$0.91B,$0.10B,10.94%,$0.91B,$0.06B,7.00%,$0.06B,$0.51B,14.54%,$0.06B,$0.51B,14.54%,$0.06B,$0.96B,7.23%,$0.12B,$0.80B,16.64%,$251,$125,$126,$0,$73,$212,$39,$-4,$35,$13,$22,$22,$22,$43,$39,$35,36,$0.63,$0.61,$4,$89,$0,$561,$52,$0,$0,$9,$396,$957,$132,$294,$23,$316,$449,$0,$292,$-0,$508,$957,$22,$4,$15,$19,$-44,$-15,$5,$-4,$-47,$-7,$-7,$0,$0,$0,$0,$0,$0,$-7,$-1,$0,$-1,$11,$11,$0,$4,$14,$0,$1,$0
22,2013-01-31,28.44,$13.48,2.11,$25.94,1.1,$0.23,126.34,$1.55,18.35,$0.53B,$0.15B,3.5,$0.26B,$0.47B,0.55,$0.86B,$0.40B,46.76%,$0.86B,$0.10B,11.69%,$0.86B,$0.10B,11.69%,$0.86B,$0.11B,13.19%,$0.86B,$0.08B,9.61%,$0.86B,$0.05B,6.25%,$0.05B,$0.47B,13.33%,$0.05B,$0.47B,13.33%,$0.05B,$0.91B,6.41%,$0.10B,$0.74B,15.56%,$250,$131,$119,$0,$50,$219,$32,$-4,$28,$10,$18,$18,$18,$35,$32,$33,34,$0.52,$0.51,$4,$74,$0,$528,$47,$0,$0,$10,$382,$910,$151,$263,$22,$284,$435,$0,$270,$-0,$474,$910,$53,$14,$61,$75,$-164,$-11,$25,$-10,$-151,$-23,$-9,$0,$0,$0,$0,$0,$0,$-9,$-27,$0,$-27,$65,$65,$0,$-9,$30,$-2,$3,$0
23,2012-10-31,25.27,$12.13,2.08,$25.64,0.99,$3.07,8.24,$1.29,19.59,$0.49B,$0.16B,3.0,$0.28B,$0.40B,0.7,$0.84B,$0.38B,45.07%,$0.84B,$0.09B,10.11%,$0.84B,$0.09B,10.11%,$0.84B,$0.10B,11.77%,$0.84B,$0.07B,7.97%,$0.84B,$0.04B,5.23%,$0.04B,$0.40B,11.73%,$0.04B,$0.40B,11.73%,$0.04B,$0.85B,5.43%,$0.09B,$0.68B,13.42%,$206,$107,$99,$0,$61,$183,$24,$-5,$19,$7,$12,$12,$12,$27,$24,$33,34,$0.36,$0.35,$4,$77,$0,$492,$53,$0,$0,$11,$361,$853,$164,$279,$13,$292,$456,$0,$252,$-0,$397,$853,$35,$11,$46,$56,$-81,$-15,$21,$-2,$-76,$15,$-21,$0,$0,$0,$0,$0,$0,$-21,$10,$0,$10,$6,$6,$0,$-11,$4,$-2,$2,$0
24,2012-07-31,17.85,$11.73,1.52,$25.34,0.7,$5.52,3.24,$0.75,23.8,$0.47B,$0.19B,2.55,$0.24B,$0.38B,0.63,$0.82B,$0.35B,42.82%,$0.82B,$0.05B,5.72%,$0.82B,$0.05B,5.72%,$0.82B,$0.06B,7.18%,$0.82B,$0.03B,3.65%,$0.82B,$0.02B,2.31%,$0.02B,$0.38B,5.25%,$0.02B,$0.38B,5.25%,$0.02B,$0.82B,2.39%,$0.05B,$0.62B,7.48%,$207,$112,$95,$0,$59,$184,$23,$-5,$18,$7,$12,$12,$12,$27,$23,$32,33,$0.36,$0.35,$5,$70,$0,$473,$45,$0,$0,$10,$346,$819,$185,$239,$13,$252,$437,$0,$240,$-0,$382,$819,$23,$7,$29,$36,$-45,$-8,$21,$-1,$-37,$22,$-11,$0,$0,$0,$0,$0,$0,$-11,$-6,$0,$-6,$4,$4,$0,$-10,$-13,$-1,$1,$0
25,2012-04-30,16.35,$11.38,1.44,$24.95,0.66,$7.82,2.09,$0.29,56.38,$0.46B,$0.21B,2.14,$0.19B,$0.37B,0.53,$0.80B,$0.34B,42.02%,$0.80B,$0.04B,4.61%,$0.80B,$0.04B,4.61%,$0.80B,$0.05B,6.23%,$0.80B,$0.01B,0.87%,$0.80B,$0.00B,0.50%,$0.00B,$0.37B,1.12%,$0.00B,$0.37B,1.12%,$0.00B,$0.79B,0.51%,$0.04B,$0.56B,5.80%,$201,$110,$91,$0,$60,$179,$22,$-4,$18,$7,$12,$12,$12,$25,$22,$32,33,$0.36,$0.35,$7,$69,$0,$456,$40,$0,$0,$11,$333,$789,$213,$194,$12,$207,$420,$0,$229,$-0,$368,$789,$12,$3,$13,$16,$-4,$-6,$16,$1,$9,$37,$-4,$0,$0,$0,$0,$0,$0,$-4,$-23,$0,$-23,$3,$3,$0,$-12,$-32,$0,$1,$0
26,2012-01-31,11.6,$10.99,1.06,$24.89,0.47,$8.42,1.38,$0.07,165.71,$0.45B,$0.10B,4.78,$0.32B,$0.35B,0.91,$0.79B,$0.33B,41.61%,$0.79B,$0.03B,3.78%,$0.79B,$0.03B,3.78%,$0.79B,$0.04B,5.55%,$0.79B,$-0.00B,-0.50%,$0.79B,$-0.00B,-0.50%,$-0.00B,$0.35B,-1.13%,$-0.00B,$0.35B,-1.13%,$-0.00B,$0.78B,-0.51%,$0.03B,$0.67B,4.49%,$227,$132,$94,$0,$62,$210,$16,$-4,$12,$5,$8,$8,$8,$20,$16,$32,32,$0.24,$0.24,$6,$63,$0,$453,$38,$0,$0,$10,$331,$783,$95,$321,$14,$335,$430,$0,$217,$-0,$353,$783,$-4,$13,$85,$97,$-27,$20,$-13,$-10,$-29,$65,$-4,$0,$0,$0,$0,$0,$0,$-4,$-58,$0,$-58,$2,$2,$0,$-9,$-65,$-5,$2,$0
27,2011-10-31,9.21,$10.79,0.85,$26.48,0.35,$8.86,1.04,$-0.29,0.0,$0.47B,$0.12B,3.96,$0.31B,$0.34B,0.9,$0.79B,$0.33B,41.74%,$0.79B,$0.02B,2.77%,$0.79B,$0.02B,2.77%,$0.79B,$0.04B,4.67%,$0.79B,$-0.02B,-2.65%,$0.79B,$-0.02B,-2.02%,$-0.02B,$0.34B,-4.50%,$-0.02B,$0.34B,-4.50%,$-0.02B,$0.79B,-2.00%,$0.02B,$0.65B,3.23%,$187,$114,$72,$0,$60,$201,$-14,$-4,$-18,$-6,$-13,$-13,$-13,$-13,$-14,$32,32,$-0.40,$-0.40,$7,$97,$0,$471,$41,$0,$0,$10,$316,$787,$119,$310,$13,$324,$443,$0,$210,$-0,$344,$787,$-11,$9,$61,$70,$26,$-14,$2,$2,$16,$75,$-2,$0,$0,$0,$0,$0,$0,$-2,$-70,$0,$-70,$1,$1,$0,$-8,$-77,$-4,$2,$0
28,2011-07-31,8.23,$11.31,0.73,$27.47,0.3,$8.22,1.0,$-0.33,0.0,$0.45B,$0.11B,4.27,$0.30B,$0.36B,0.83,$0.78B,$0.33B,42.21%,$0.78B,$0.04B,4.63%,$0.78B,$0.04B,4.63%,$0.78B,$0.05B,6.82%,$0.78B,$-0.01B,-1.29%,$0.78B,$-0.01B,-1.03%,$-0.01B,$0.36B,-2.25%,$-0.01B,$0.36B,-2.25%,$-0.01B,$0.77B,-0.98%,$0.04B,$0.66B,5.09%,$187,$107,$80,$0,$56,$174,$13,$-18,$-5,$-2,$-3,$-3,$-3,$18,$13,$32,32,$-0.10,$-0.10,$8,$77,$0,$452,$42,$0,$0,$10,$321,$772,$106,$299,$7,$306,$412,$0,$227,$0,$361,$772,$1,$8,$39,$47,$47,$5,$-7,$-1,$37,$86,$-1,$0,$0,$0,$0,$0,$0,$-1,$-80,$0,$-80,$1,$1,$0,$-8,$-87,$-3,$1,$0
29,2011-04-30,6.55,$11.41,0.57,$30.13,0.22,$6.48,1.01,$-0.15,0.0,$0.47B,$0.11B,4.29,$0.32B,$0.36B,0.88,$0.80B,$0.33B,40.97%,$0.80B,$0.03B,3.99%,$0.80B,$0.03B,3.99%,$0.80B,$0.05B,6.10%,$0.80B,$-0.00B,-0.25%,$0.80B,$-0.00B,-0.37%,$-0.00B,$0.36B,-0.85%,$-0.00B,$0.36B,-0.85%,$-0.00B,$0.80B,-0.35%,$0.03B,$0.68B,4.53%,$192,$108,$84,$0,$59,$177,$15,$-8,$7,$3,$4,$4,$4,$19,$15,$32,32,$0.14,$0.14,$9,$85,$0,$468,$44,$0,$0,$9,$329,$797,$109,$321,$4,$326,$435,$0,$230,$-0,$363,$797,$4,$4,$12,$15,$33,$-3,$-5,$-1,$31,$51,$-0,$0,$0,$0,$0,$0,$0,$-0,$-53,$0,$-53,$0,$0,$0,$-0,$-53,$-2,$0,$0
30,2011-01-31,4.42,$11.11,0.4,$32.89,0.13,$6.17,0.72,$-0.03,0.0,$0.49B,$0.10B,4.8,$0.37B,$0.35B,1.06,$0.81B,$0.33B,40.30%,$0.81B,$0.03B,3.96%,$0.81B,$0.03B,3.96%,$0.81B,$0.05B,6.18%,$0.81B,0,0.00%,$0.81B,$-0.00B,-0.12%,$-0.00B,$0.35B,-0.29%,$-0.00B,$0.35B,-0.29%,$-0.00B,$0.84B,-0.12%,$0.03B,$0.73B,4.56%,$227,$132,$95,$0,$65,$220,$8,$-12,$-5,$-1,$-4,$-4,$-4,$13,$8,$26,26,$-0.17,$-0.17,$11,$82,$0,$491,$47,$0,$0,$10,$351,$842,$102,$374,$12,$387,$489,$0,$258,$-0,$353,$842,$-1,$17,$66,$84,$5,$-19,$18,$-11,$-20,$63,$-2,$0,$0,$0,$0,$0,$0,$-2,$-78,$0,$-78,$24,$24,$0,$-7,$-62,$-1,$2,$0
31,2010-10-31,4.4,$15.25,0.29,$32.93,0.13,$6.00,0.73,$0.38,11.58,$0.49B,$0.10B,5.23,$0.42B,$0.34B,1.22,$0.80B,$0.33B,40.70%,$0.80B,$0.03B,3.87%,$0.80B,$0.03B,3.87%,$0.80B,$0.06B,7.24%,$0.80B,$0.01B,0.75%,$0.80B,$0.01B,0.62%,$0.01B,$0.34B,1.46%,$0.01B,$0.34B,1.46%,$0.01B,$0.86B,0.57%,$0.03B,$0.76B,4.42%,$171,$101,$69,$0,$55,$170,$0,$-8,$-7,$-3,$-5,$-5,$-5,$3,$0,$25,25,$-0.19,$-0.19,$12,$84,$0,$494,$52,$0,$0,$22,$369,$863,$95,$420,$5,$426,$520,$0,$272,$-0,$343,$863,$3,$12,$40,$51,$17,$-20,$0,$-4,$-11,$43,$-2,$0,$0,$0,$0,$0,$-7,$-8,$-25,$0,$-25,$0,$0,$0,$-10,$-34,$0,$2,$0
32,2010-07-31,5.26,$15.46,0.34,$34.89,0.15,$6.43,0.82,$-0.07,0.0,$0.51B,$0.23B,2.22,$0.31B,$0.35B,0.88,$0.83B,$0.33B,40.02%,$0.83B,$0.02B,2.06%,$0.83B,$0.02B,2.06%,$0.83B,$0.05B,5.44%,$0.83B,$-0.01B,-0.73%,$0.83B,$-0.00B,-0.48%,$-0.00B,$0.35B,-1.17%,$-0.00B,$0.35B,-1.17%,$-0.00B,$0.89B,-0.49%,$0.02B,$0.66B,2.72%,$213,$132,$81,$0,$61,$204,$9,$-7,$3,$1,$2,$2,$2,$14,$9,$25,25,$0.06,$0.06,$8,$99,$0,$514,$54,$0,$0,$13,$379,$892,$232,$307,$5,$313,$545,$0,$277,$-0,$348,$892,$7,$9,$19,$28,$3,$-36,$22,$6,$-11,$24,$-1,$0,$0,$0,$0,$0,$0,$-1,$-23,$0,$-23,$0,$0,$0,$-4,$-27,$-4,$1,$0
33,2010-04-30,9.53,$15.36,0.62,$36.51,0.26,$5.89,1.62,$0.08,119.13,$0.50B,$0.21B,2.43,$0.32B,$0.35B,0.93,$0.84B,$0.34B,39.93%,$0.84B,$0.02B,2.61%,$0.84B,$0.02B,2.61%,$0.84B,$0.05B,5.81%,$0.84B,$-0.00B,0.00%,$0.84B,$-0.00B,-0.12%,$-0.00B,$0.35B,-0.29%,$-0.00B,$0.35B,-0.29%,$-0.00B,$0.88B,-0.14%,$0.02B,$0.67B,3.78%,$198,$117,$81,$0,$58,$183,$15,$-6,$9,$4,$6,$6,$6,$20,$15,$22,22,$0.26,$0.26,$6,$89,$0,$500,$56,$0,$0,$12,$377,$877,$206,$320,$5,$326,$532,$0,$276,$-0,$345,$877,$6,$5,$7,$12,$17,$-25,$15,$-1,$12,$29,$-0,$0,$0,$0,$0,$0,$0,$-0,$-33,$0,$-33,$0,$0,$0,$-3,$-36,$-7,$1,$0
34,2010-01-31,5.62,$14.84,0.38,$38.28,0.15,$6.58,0.85,$0.34,16.53,$0.50B,$0.17B,3.0,$0.39B,$0.33B,1.16,$0.89B,$0.35B,39.16%,$0.89B,$0.03B,3.39%,$0.89B,$0.03B,3.39%,$0.89B,$0.06B,6.21%,$0.89B,$0.01B,1.02%,$0.89B,$0.00B,0.45%,$0.00B,$0.33B,1.17%,$0.00B,$0.33B,1.19%,$0.00B,$0.90B,0.62%,$0.03B,$0.72B,5.79%,$219,$124,$95,$0,$66,$212,$7,$-6,$1,$-1,$2,$2,$2,$21,$7,$25,25,$0.07,$0.08,$12,$63,$0,$502,$60,$0,$0,$10,$394,$896,$167,$388,$6,$395,$562,$0,$264,$-0,$333,$896,$4,$24,$55,$79,$-13,$32,$-18,$-2,$-19,$64,$-10,$0,$0,$0,$0,$0,$0,$-10,$-54,$0,$-54,$0,$0,$0,$-0,$-54,$0,$2,$0
35,2009-10-31,6.31,$15.01,0.42,$44.49,0.14,$2.75,2.29,$0.61,10.34,$0.42B,$0.10B,4.21,$0.13B,$0.34B,0.37,$1.01B,$0.41B,40.80%,$1.01B,$0.09B,8.76%,$1.01B,$0.09B,8.76%,$1.01B,$0.10B,10.25%,$1.01B,$0.05B,4.88%,$1.01B,$0.03B,2.79%,$0.03B,$0.34B,8.18%,$0.03B,$0.34B,8.35%,$0.03B,$0.57B,5.10%,$0.09B,$0.46B,20.15%,$197,$124,$74,$0,$65,$211,$-14,$-6,$-19,$-5,$-14,$-14,$-14,$-10,$-14,$22,22,$-0.64,$-0.64,$11,$72,$149,$420,$62,$0,$0,$3,$149,$569,$100,$125,$6,$132,$232,$0,$269,$-0,$337,$569,$2,$10,$33,$43,$7,$24,$-15,$-1,$9,$55,$-9,$0,$0,$0,$0,$0,$0,$-9,$-42,$0,$-42,$0,$0,$0,$-0,$-43,$4,$2,$0
36,2009-07-31,12.61,$15.67,0.8,$43.89,0.29,$-1.01,0.0,$0.94,13.41,$0.43B,$0.10B,4.2,$0.13B,$0.35B,0.37,$0.99B,$0.39B,39.31%,$0.99B,$0.09B,9.17%,$0.99B,$0.09B,9.17%,$0.99B,$0.11B,10.69%,$0.99B,$0.06B,5.75%,$0.99B,$0.03B,3.43%,$0.03B,$0.35B,10.05%,$0.03B,$0.34B,10.34%,$0.03B,$0.59B,6.46%,$0.09B,$0.48B,22.21%,$230,$144,$87,$0,$65,$217,$14,$-5,$9,$3,$5,$5,$5,$18,$14,$22,23,$0.23,$0.23,$5,$101,$164,$433,$63,$0,$10,$4,$153,$586,$103,$130,$0,$131,$235,$0,$284,$-0,$352,$586,$17,$7,$12,$19,$5,$-5,$-3,$0,$-20,$15,$-7,$0,$0,$0,$0,$0,$0,$-7,$-15,$0,$-15,$0,$0,$0,$-0,$-16,$-7,$1,$0
37,2009-04-30,16.44,$15.42,1.07,$43.38,0.38,$0.17,94.54,$1.12,14.68,$0.39B,$0.12B,3.35,$0.06B,$0.35B,0.17,$0.98B,$0.38B,38.94%,$0.98B,$0.09B,9.48%,$0.98B,$0.09B,9.48%,$0.98B,$0.11B,10.91%,$0.98B,$0.06B,6.52%,$0.98B,$0.04B,3.98%,$0.04B,$0.35B,11.75%,$0.04B,$0.34B,12.08%,$0.04B,$0.52B,7.97%,$0.09B,$0.41B,25.07%,$240,$148,$91,$0,$63,$217,$23,$-5,$18,$7,$11,$11,$11,$26,$23,$22,23,$0.51,$0.50,$7,$91,$171,$392,$63,$0,$10,$4,$132,$524,$117,$60,$0,$61,$178,$0,$279,$-0,$346,$524,$11,$3,$5,$8,$27,$5,$-1,$-0,$29,$49,$-4,$0,$0,$0,$0,$0,$0,$-4,$-50,$0,$-50,$0,$0,$0,$-0,$-50,$-5,$1,$0
38,2009-01-31,12.16,$14.89,0.82,$42.50,0.29,$-0.29,0.0,$1.08,11.26,$0.40B,$0.11B,3.52,$0.06B,$0.33B,0.19,$0.96B,$0.37B,38.33%,$0.96B,$0.09B,9.06%,$0.96B,$0.09B,9.06%,$0.96B,$0.10B,10.42%,$0.96B,$0.06B,6.56%,$0.96B,$0.04B,4.06%,$0.04B,$0.33B,12.02%,$0.04B,$0.33B,12.37%,$0.04B,$0.52B,8.42%,$0.09B,$0.40B,24.96%,$338,$180,$158,$0,$68,$272,$65,$-24,$41,$15,$26,$26,$26,$69,$65,$22,23,$1.18,$1.17,$12,$96,$177,$398,$63,$0,$10,$4,$119,$517,$113,$63,$6,$70,$182,$0,$267,$0,$334,$517,$39,$13,$26,$38,$-124,$-14,$30,$5,$-98,$-20,$-17,$0,$0,$0,$0,$0,$4,$-13,$37,$0,$37,$1,$1,$0,$-3,$35,$1,$3,$0
39,2008-10-31,13.55,$14.30,0.95,$37.09,0.37,$0.72,18.75,$1.09,12.43,$0.37B,$0.12B,3.03,$0.03B,$0.32B,0.1,$0.85B,$0.29B,34.55%,$0.85B,$0.04B,4.95%,$0.85B,$0.04B,4.95%,$0.85B,$0.05B,6.37%,$0.85B,$0.04B,4.95%,$0.85B,$0.03B,3.07%,$0.03B,$0.32B,8.20%,$0.03B,$0.31B,8.45%,$0.03B,$0.48B,6.05%,$0.04B,$0.35B,12.91%,$184,$129,$54,$0,$62,$195,$-11,$-0,$-11,$-4,$-8,$-8,$-8,$-7,$-11,$22,22,$-0.35,$-0.35,$4,$106,$162,$369,$63,$0,$10,$0,$109,$477,$122,$33,$0,$35,$156,$0,$255,$0,$321,$477,$13,$9,$-16,$-7,$-75,$-25,$34,$29,$-29,$-23,$-15,$0,$0,$0,$0,$0,$0,$-15,$33,$0,$33,$1,$1,$0,$-3,$31,$-7,$2,$0
40,2008-07-31,15.7,$14.61,1.07,$36.93,0.43,$1.79,8.76,$1.61,9.75,$0.36B,$0.11B,3.28,$0.00B,$0.33B,0.0,$0.85B,$0.31B,36.11%,$0.85B,$0.06B,6.92%,$0.85B,$0.06B,6.92%,$0.85B,$0.07B,8.21%,$0.85B,$0.06B,7.03%,$0.85B,$0.04B,4.45%,$0.04B,$0.33B,12.17%,$0.04B,$0.32B,12.54%,$0.04B,$0.44B,9.29%,$0.06B,$0.33B,18.90%,$219,$139,$79,$0,$63,$202,$16,$-0,$16,$6,$10,$10,$10,$19,$16,$22,23,$0.46,$0.45,$47,$96,$178,$364,$64,$0,$10,$0,$75,$439,$111,$0,$0,$1,$112,$0,$263,$0,$327,$439,$21,$6,$-14,$-8,$3,$-15,$27,$15,$34,$46,$-11,$0,$0,$0,$0,$0,$0,$-11,$-0,$0,$-0,$0,$0,$0,$0,$0,$36,$2,$0
41,2008-04-30,17.63,$14.11,1.25,$35.73,0.49,$-0.03,0.0,$1.61,10.95,$0.35B,$0.10B,3.39,$0.00B,$0.32B,0.0,$0.84B,$0.31B,36.40%,$0.84B,$0.06B,6.80%,$0.84B,$0.06B,6.80%,$0.84B,$0.07B,8.11%,$0.84B,$0.06B,6.92%,$0.84B,$0.04B,4.53%,$0.04B,$0.32B,12.35%,$0.04B,$0.31B,12.74%,$0.04B,$0.42B,9.55%,$0.06B,$0.32B,18.52%,$219,$141,$77,$0,$60,$202,$17,$0,$17,$6,$11,$11,$11,$19,$17,$22,23,$0.47,$0.47,$45,$90,$169,$347,$61,$0,$10,$0,$73,$420,$103,$0,$0,$1,$104,$0,$252,$0,$316,$420,$11,$3,$-7,$-4,$-0,$-8,$16,$18,$33,$40,$-5,$0,$0,$0,$0,$0,$0,$-5,$-0,$0,$-0,$0,$0,$0,$0,$0,$34,$1,$0
42,2008-01-31,19.3,$13.61,1.42,$34.56,0.56,$-1.53,0.0,$1.68,11.49,$0.31B,$0.08B,4.03,$0.00B,$0.30B,0.0,$0.82B,$0.31B,37.26%,$0.82B,$0.06B,7.16%,$0.82B,$0.06B,7.16%,$0.82B,$0.07B,8.62%,$0.82B,$0.06B,7.40%,$0.82B,$0.04B,4.85%,$0.04B,$0.30B,13.16%,$0.04B,$0.30B,13.58%,$0.04B,$0.38B,10.28%,$0.06B,$0.30B,19.41%,$226,$143,$83,$0,$62,$206,$20,$-0,$20,$7,$13,$13,$13,$23,$20,$23,24,$0.58,$0.57,$11,$81,$178,$311,$59,$0,$10,$0,$72,$383,$77,$0,$0,$1,$78,$0,$242,$0,$304,$383,$40,$12,$-12,$-0,$-6,$6,$-23,$-22,$-45,$-6,$-10,$0,$0,$0,$0,$0,$0,$-10,$-0,$0,$-0,$-30,$-30,$0,$0,$-30,$-46,$3,$0
43,2007-10-31,25.57,$13.15,1.94,$33.76,0.76,$-0.34,0.0,$1.63,15.69,$0.33B,$0.09B,3.62,$0.00B,$0.30B,0.0,$0.81B,$0.32B,39.95%,$0.81B,$0.06B,7.27%,$0.81B,$0.06B,7.27%,$0.81B,$0.07B,8.75%,$0.81B,$0.06B,7.52%,$0.81B,$0.04B,4.93%,$0.04B,$0.30B,13.28%,$0.04B,$0.29B,13.72%,$0.04B,$0.39B,10.24%,$0.06B,$0.30B,19.59%,$189,$120,$69,$0,$62,$183,$6,$0,$7,$3,$4,$4,$4,$9,$6,$23,24,$0.17,$0.17,$23,$97,$165,$329,$55,$0,$10,$0,$65,$394,$91,$0,$0,$1,$92,$0,$229,$0,$302,$394,$27,$9,$-14,$-5,$-23,$-10,$-10,$9,$-33,$-12,$-3,$0,$0,$0,$0,$0,$0,$-3,$-0,$0,$-0,$-19,$-19,$0,$0,$-19,$-34,$2,$0
44,2007-07-31,25.37,$13.16,1.93,$32.91,0.77,$0.19,136.25,$1.76,14.41,$0.33B,$0.08B,3.97,$0.00B,$0.31B,0.0,$0.80B,$0.32B,39.70%,$0.80B,$0.06B,8.04%,$0.80B,$0.06B,8.04%,$0.80B,$0.08B,9.55%,$0.80B,$0.07B,8.17%,$0.80B,$0.04B,5.40%,$0.04B,$0.31B,14.51%,$0.04B,$0.30B,15.01%,$0.04B,$0.39B,11.31%,$0.06B,$0.31B,21.60%,$204,$127,$76,$0,$62,$190,$14,$0,$14,$4,$10,$10,$10,$17,$14,$23,24,$0.41,$0.40,$44,$85,$166,$329,$55,$0,$10,$0,$64,$394,$83,$0,$0,$2,$85,$0,$225,$0,$309,$394,$23,$6,$-10,$-4,$-15,$2,$-15,$3,$-26,$-7,$1,$0,$0,$0,$0,$0,$0,$1,$-0,$0,$-0,$-7,$-7,$0,$0,$-7,$-13,$1,$0
45,2007-04-30,25.95,$12.82,2.02,$31.94,0.81,$-0.53,0.0,$1.71,15.18,$0.32B,$0.08B,4.02,$0.00B,$0.30B,0.0,$0.77B,$0.30B,38.89%,$0.77B,$0.06B,8.01%,$0.77B,$0.06B,8.01%,$0.77B,$0.07B,9.56%,$0.77B,$0.06B,8.27%,$0.77B,$0.04B,5.43%,$0.04B,$0.30B,14.56%,$0.04B,$0.29B,15.05%,$0.04B,$0.39B,11.34%,$0.06B,$0.30B,21.49%,$205,$126,$79,$0,$59,$186,$19,$1,$20,$7,$13,$13,$13,$22,$19,$24,24,$0.55,$0.54,$53,$81,$151,$323,$52,$0,$10,$0,$62,$385,$80,$0,$0,$3,$83,$0,$215,$0,$301,$385,$13,$3,$-4,$-1,$-7,$6,$-18,$-0,$-18,$-6,$6,$0,$0,$0,$0,$0,$0,$6,$-0,$0,$-0,$-4,$-4,$0,$0,$-4,$-4,$1,$0
46,2007-01-31,23.47,$12.37,1.9,$31.29,0.75,$-1.17,0.0,$1.64,14.31,$0.32B,$0.10B,3.28,$0.00B,$0.29B,0.0,$0.76B,$0.29B,37.71%,$0.76B,$0.06B,8.02%,$0.76B,$0.06B,8.02%,$0.76B,$0.07B,9.59%,$0.76B,$0.06B,8.15%,$0.76B,$0.04B,5.39%,$0.04B,$0.29B,14.75%,$0.04B,$0.28B,15.28%,$0.04B,$0.39B,11.41%,$0.06B,$0.29B,21.94%,$213,$112,$100,$0,$80,$193,$20,$0,$20,$7,$13,$13,$13,$23,$20,$24,24,$0.53,$0.52,$57,$87,$137,$318,$59,$0,$10,$0,$72,$390,$97,$0,$0,$0,$97,$0,$196,$6,$293,$390,$40,$12,$-17,$-5,$-10,$-13,$10,$18,$-6,$29,$-16,$0,$0,$0,$0,$0,$0,$-16,$-0,$0,$-0,$-1,$-1,$0,$0,$-1,$11,$2,$0
47,2006-10-31,24.02,$11.88,2.02,$31.08,0.77,$0.21,113.68,$1.65,14.56,$0.28B,$0.07B,4.0,$0.00B,$0.28B,0.0,$0.75B,$0.28B,37.53%,$0.75B,$0.06B,8.09%,$0.75B,$0.06B,8.09%,$0.75B,$0.09B,11.54%,$0.75B,$0.06B,8.22%,$0.75B,$0.04B,5.44%,$0.04B,$0.28B,15.26%,$0.04B,$0.27B,15.83%,$0.04B,$0.35B,11.69%,$0.06B,$0.28B,22.70%,$174,$112,$61,$0,$50,$163,$11,$0,$11,$4,$7,$7,$7,$14,$11,$24,24,$0.30,$0.30,$44,$77,$123,$281,$60,$0,$10,$0,$72,$352,$70,$0,$0,$0,$71,$0,$184,$6,$282,$352,$28,$9,$-12,$-3,$15,$-3,$-9,$-0,$-14,$11,$-13,$0,$0,$0,$0,$0,$0,$-13,$0,$0,$0,$1,$1,$0,$0,$1,$-1,$1,$0
