,Date,Stock Price,Book Value per Share,Price to Book Ratio,TTM Sales per Share,Price to Sales Ratio,TTM FCF per Share,Price to FCF Ratio,TTM Net EPS,PE Ratio,Current Assets,Current Liabilities,Current Ratio,Long Term Debt,Shareholder's Equity_x,Debt to Equity Ratio,TTM Revenue_x,TTM Gross Profit,Gross Margin,TTM Revenue_y,TTM Operating Income,Operating Margin,TTM Revenue_x,TTM EBIT,EBIT Margin,TTM Revenue_y,TTM EBITDA,EBITDA Margin,TTM Revenue_x,TTM Pre-Tax Income,Pre-Tax Margin,TTM Revenue_y,TTM Net Income_x,Net Margin,TTM Net Income_y,Shareholder's Equity_y,Return on Equity,TTM Net Income_x,Tangible Equity,Return on Tangible Equity,TTM Net Income_y,Total Assets,Return on Assets,TTM Net Income,LT Investments & Debt,Return on Investment,revenue,cost-goods-sold,gross-profit,research-development-expenses,selling-general-administrative-expenses,operating-expenses,operating-income,total-non-operating-income-expense,pre-tax-income,total-provision-income-taxes,income-after-taxes,income-from-continuous-operations,net-income,ebitda,ebit,basic-shares-outstanding,shares-outstanding,eps-basic-net-earnings-per-share,eps-earnings-per-share-diluted,cash-on-hand,inventory,other-current-assets,total-current-assets,net-property-plant-equipment,long-term-investments,goodwill-intangible-assets-total,other-long-term-assets,total-long-term-assets,total-assets,total-current-liabilities,long-term-debt,other-non-current-liabilities,total-long-term-liabilities,total-liabilities,common-stock-net,retained-earnings-accumulated-deficit,comprehensive-income,total-share-holder-equity,total-liabilities-share-holders-equity,net-income-loss,total-depreciation-amortization-cash-flow,other-non-cash-items,total-non-cash-items,change-in-accounts-receivable,change-in-inventories,change-in-accounts-payable,change-in-assets-liabilities,total-change-in-assets-liabilities,cash-flow-from-operating-activities,net-change-in-property-plant-equipment,net-change-in-intangible-assets,net-acquisitions-divestitures,net-change-in-short-term-investments,net-change-in-long-term-investments,net-change-in-investments-total,investing-activities-other,cash-flow-from-investing-activities,net-long-term-debt,net-current-debt,debt-issuance-retirement-net-total,net-common-equity-issued-repurchased,net-total-equity-issued-repurchased,total-common-preferred-stock-dividends-paid,financial-activities-other,cash-flow-from-financial-activities,net-cash-flow,stock-based-compensation,common-stock-dividends-paid
0,2018-09-30,77.4,$27.86,2.78,$31.20,2.48,$20.15,3.84,$5.05,15.33,$14.72B,$7.40B,1.99,$14.90B,$32.08B,0.47,$37.10B,$22.87B,61.65%,$37.10B,$9.77B,26.32%,$37.10B,$9.77B,26.32%,$37.10B,$16.09B,43.38%,$37.10B,$8.63B,23.25%,$37.10B,$5.97B,16.09%,$5.97B,$32.08B,19.13%,$5.97B,$32.08B,19.13%,$5.97B,$70.56B,8.42%,$9.77B,$46.98B,20.73%,$10165,$3633,$6532,$0,$1798,$6979,$3186,$-280,$2906,$1033,$1873,$1873,$1861,$4769,$3186,$1163,1173,$1.60,$1.59,$6677,$1239,$0,$14723,$44736,$9553,$0,$1209,$55833,$70556,$7401,$14902,$8884,$31076,$38477,$18,$32495,$-5442,$32079,$70556,$4427,$4610,$297,$4907,$-147,$-165,$-43,$-51,$40,$9151,$-4739,$0,$0,$996,$0,$996,$78,$-3665,$-4970,$0,$-4970,$-1952,$-1952,$-1009,$-111,$-8042,$-2596,$0,$-1009
1,2018-06-30,69.34,$26.87,2.58,$28.45,2.44,$28.94,2.4,$3.80,18.25,$11.61B,$6.64B,1.75,$14.89B,$31.22B,0.48,$34.13B,$20.54B,60.17%,$34.13B,$7.58B,22.20%,$34.13B,$7.58B,22.20%,$34.13B,$14.02B,41.08%,$34.13B,$6.37B,18.67%,$34.13B,$4.53B,13.26%,$4.53B,$31.22B,14.67%,$4.53B,$31.22B,14.67%,$4.53B,$68.94B,6.29%,$7.58B,$46.11B,15.80%,$9240,$3133,$6107,$0,$1704,$6383,$2857,$-238,$2619,$965,$1654,$1654,$1640,$4384,$2857,$1172,1181,$1.40,$1.39,$6005,$1093,$0,$11608,$46306,$9435,$0,$1188,$57328,$68936,$6638,$14885,$8883,$31076,$37714,$18,$30967,$-5637,$31222,$68936,$2554,$3027,$307,$3334,$455,$-21,$-282,$-148,$91,$5741,$-3226,$0,$0,$1257,$0,$1257,$-58,$-2027,$-4952,$0,$-4952,$-1104,$-1104,$-675,$-48,$-6779,$-3079,$0,$-675
2,2018-03-31,58.81,$26.25,2.24,$27.81,2.11,$36.76,1.6,$-0.37,0.0,$13.19B,$7.11B,1.86,$16.71B,$30.72B,0.54,$33.77B,$20.29B,60.09%,$33.77B,$0.77B,2.28%,$33.77B,$0.77B,2.28%,$33.77B,$7.40B,21.92%,$33.77B,$-0.61B,-1.80%,$33.77B,$-0.55B,-1.64%,$-0.55B,$30.72B,-1.80%,$-0.55B,$30.72B,-1.80%,$-0.55B,$70.73B,-0.74%,$0.77B,$47.43B,1.57%,$8961,$3809,$5152,$0,$1453,$6883,$2078,$-302,$1776,$876,$900,$900,$888,$3578,$2078,$1180,1186,$0.75,$0.75,$7048,$1053,$0,$13187,$45997,$9572,$0,$1572,$57540,$70727,$7109,$16709,$8950,$32900,$40009,$18,$29663,$-5371,$30718,$70727,$900,$1500,$56,$1556,$139,$12,$-181,$-22,$-86,$2399,$-1366,$0,$0,$1593,$0,$1593,$-305,$-78,$-2888,$0,$-2888,$-518,$-518,$-338,$-32,$-3776,$-1330,$0,$-338
3,2017-12-31,54.15,$26.17,2.07,$26.48,2.04,$36.58,1.48,$-0.50,0.0,$16.51B,$9.40B,1.76,$17.13B,$30.80B,0.56,$32.58B,$19.17B,58.84%,$32.58B,$-1.12B,-3.44%,$32.58B,$-1.12B,-3.44%,$32.58B,$6.09B,18.68%,$32.58B,$-2.62B,-8.03%,$32.58B,$-0.86B,-2.62%,$-0.86B,$30.80B,-2.68%,$-0.86B,$30.80B,-2.68%,$-0.86B,$73.36B,-1.09%,$-1.12B,$47.93B,-2.14%,$8736,$3653,$5083,$0,$1799,$7092,$1644,$-319,$1325,$-273,$1598,$1598,$1579,$3363,$1644,$1221,1221,$1.26,$1.27,$10097,$1060,$0,$16512,$45683,$9599,$0,$1107,$56850,$73362,$9397,$17128,$8900,$33164,$42561,$18,$29391,$-5518,$30801,$73362,$-793,$7207,$1077,$8284,$-886,$-55,$265,$69,$15,$7077,$9269,$0,$0,$-1790,$0,$-1790,$283,$7762,$-7876,$0,$-7876,$-3063,$-3063,$-1305,$-112,$-12356,$2715,$0,$-1305
4,2017-09-30,49.11,$25.69,1.91,$25.15,1.95,$23.85,2.06,$-1.85,0.0,$16.95B,$7.13B,2.38,$19.67B,$30.71B,0.64,$31.10B,$18.05B,58.04%,$31.10B,$-2.39B,-7.68%,$31.10B,$-2.39B,-7.68%,$31.10B,$5.26B,16.90%,$31.10B,$-3.95B,-12.69%,$31.10B,$-2.47B,-7.94%,$-2.47B,$30.71B,-7.48%,$-2.47B,$30.71B,-7.48%,$-2.47B,$74.86B,-2.99%,$-2.39B,$50.39B,-4.29%,$7195,$2999,$4196,$0,$1507,$6197,$998,$-345,$653,$217,$436,$436,$420,$2695,$998,$1212,1215,$0.35,$0.34,$11691,$1023,$0,$16954,$46669,$9696,$0,$1081,$57907,$74861,$7131,$19673,$9180,$37018,$44149,$18,$28130,$-5292,$30712,$74861,$-2391,$5488,$1803,$7291,$65,$-15,$-212,$-12,$63,$4596,$10666,$0,$0,$-2583,$0,$-2583,$148,$8231,$-6594,$0,$-6594,$-2110,$-2110,$-986,$-80,$-9770,$3301,$0,$-986
5,2017-06-30,42.87,$25.06,1.71,$24.46,1.75,$10.89,3.94,$-3.03,0.0,$19.88B,$9.93B,2.0,$19.67B,$30.50B,0.65,$30.42B,$17.10B,56.19%,$30.42B,$-4.59B,-15.07%,$30.42B,$-4.59B,-15.07%,$30.42B,$3.90B,12.80%,$30.42B,$-6.26B,-20.56%,$30.42B,$-3.93B,-12.91%,$-3.93B,$30.50B,-11.41%,$-3.93B,$30.50B,-11.41%,$-3.93B,$78.00B,-4.49%,$-4.59B,$50.17B,-7.76%,$8882,$3019,$5863,$0,$1618,$12832,$-3950,$-411,$-4361,$-935,$-3426,$-3426,$-3440,$-2233,$-3950,$1237,1237,$-2.78,$-2.78,$11800,$1019,$0,$19879,$46846,$9681,$0,$1076,$58125,$78004,$9926,$19670,$9075,$37579,$47505,$18,$28033,$-6342,$30499,$78004,$-2827,$3791,$2330,$6121,$313,$-3,$-178,$-135,$72,$3541,$8756,$0,$0,$-2653,$0,$-2653,$120,$6223,$-4079,$0,$-4079,$-1138,$-1138,$-662,$-64,$-5943,$3924,$0,$-662
6,2017-03-31,48.36,$28.78,1.68,$21.76,2.22,$0.22,219.44,$-1.11,0.0,$10.73B,$7.53B,1.43,$25.34B,$35.60B,0.71,$27.12B,$14.20B,52.35%,$27.12B,$-1.87B,-6.91%,$27.12B,$-1.87B,-6.91%,$27.12B,$7.33B,27.04%,$27.12B,$-3.54B,-13.05%,$27.12B,$-1.56B,-5.75%,$-1.56B,$35.60B,-4.30%,$-1.56B,$35.60B,-4.30%,$-1.56B,$87.97B,-1.70%,$-1.87B,$60.94B,-2.98%,$7771,$3742,$4029,$0,$1619,$7583,$188,$-420,$-232,$-831,$599,$599,$586,$2262,$188,$1243,1249,$0.47,$0.47,$3361,$1097,$0,$10728,$54440,$21153,$0,$1130,$77245,$87973,$7526,$25340,$9404,$44846,$52372,$18,$31804,$-5961,$35601,$87973,$599,$2074,$-798,$1276,$78,$-76,$-129,$10,$-38,$1790,$-931,$0,$0,$-203,$0,$-203,$160,$-974,$-839,$0,$-839,$-158,$-158,$-331,$-16,$-1344,$-501,$0,$-331
7,2016-12-31,48.37,$28.47,1.7,$19.56,2.47,$-1.48,0.0,$-2.91,0.0,$8.61B,$6.91B,1.25,$26.19B,$35.23B,0.74,$24.36B,$12.45B,51.11%,$24.36B,$-3.88B,-15.92%,$24.36B,$-3.88B,-15.92%,$24.36B,$5.61B,23.02%,$24.36B,$-5.53B,-22.70%,$24.36B,$-3.62B,-14.84%,$-3.62B,$35.23B,-9.71%,$-3.62B,$35.23B,-9.71%,$-3.62B,$89.77B,-3.81%,$-3.88B,$61.41B,-6.03%,$7254,$3291,$3963,$0,$1710,$6880,$374,$-382,$-8,$11,$-19,$-19,$-35,$2531,$374,$1245,1245,$-0.03,$-0.03,$3660,$1018,$0,$8609,$58331,$21091,$0,$1160,$81163,$89772,$6909,$26186,$9950,$47637,$54546,$18,$31548,$-6193,$35226,$89772,$-3559,$9487,$-959,$8528,$820,$44,$-524,$105,$-481,$4403,$-3583,$0,$0,$-51,$0,$-51,$-225,$-3859,$2343,$0,$2343,$-189,$-189,$-1253,$-137,$764,$1242,$0,$-1253
8,2016-09-30,41.69,$29.42,1.42,$19.19,2.17,$-2.57,0.0,$-5.66,0.0,$9.64B,$7.54B,1.28,$27.35B,$36.46B,0.75,$23.87B,$10.46B,43.83%,$23.87B,$-8.90B,-37.27%,$23.87B,$-8.90B,-37.27%,$23.87B,$0.93B,3.91%,$23.87B,$-10.57B,-44.29%,$23.87B,$-7.03B,-29.45%,$-7.03B,$36.46B,-18.29%,$-7.03B,$36.46B,-18.29%,$-7.03B,$94.28B,-7.25%,$-8.90B,$63.81B,-13.72%,$6516,$3276,$3240,$0,$1890,$7714,$-1198,$-456,$-1654,$-628,$-1026,$-1026,$-1040,$1335,$-1198,$1246,1246,$-0.84,$-0.84,$4324,$1108,$0,$9641,$61649,$21283,$0,$1130,$84643,$94284,$7537,$27353,$11433,$50291,$57828,$18,$31896,$-5444,$36456,$94284,$-3540,$7330,$-609,$6721,$1112,$22,$-515,$46,$-171,$2960,$-3451,$0,$0,$-229,$0,$-229,$-232,$-3912,$3755,$0,$3755,$-52,$-52,$-940,$-93,$2670,$1722,$0,$-940
9,2016-06-30,41.56,$30.55,1.36,$20.00,2.08,$-3.47,0.0,$-5.69,0.0,$9.26B,$7.35B,1.26,$27.35B,$37.83B,0.72,$24.86B,$10.40B,41.83%,$24.86B,$-9.15B,-36.80%,$24.86B,$-9.15B,-36.80%,$24.86B,$0.54B,2.17%,$24.86B,$-10.66B,-42.87%,$24.86B,$-7.06B,-28.40%,$-7.06B,$37.83B,-17.45%,$-7.06B,$37.83B,-17.45%,$-7.06B,$96.05B,-7.07%,$-9.15B,$65.18B,-13.82%,$5575,$2612,$2963,$0,$1809,$6812,$-1237,$-407,$-1644,$-586,$-1058,$-1058,$-1071,$1204,$-1237,$1245,1245,$-0.86,$-0.86,$4152,$1150,$0,$9259,$63685,$21385,$0,$1086,$86795,$96054,$7348,$27346,$11341,$50875,$58223,$18,$33248,$-5371,$37831,$96054,$-2514,$4797,$-365,$4432,$1097,$-23,$-454,$-51,$-221,$1680,$-2591,$0,$0,$-1292,$0,$-1292,$-304,$-4187,$3767,$0,$3767,$-45,$-45,$-626,$-79,$3017,$495,$0,$-626
10,2016-03-31,38.17,$31.82,1.2,$22.50,1.7,$-3.87,0.0,$-4.98,0.0,$10.93B,$8.83B,1.24,$27.38B,$39.41B,0.7,$27.95B,$12.32B,44.08%,$27.95B,$-7.68B,-27.48%,$27.95B,$-7.68B,-27.48%,$27.95B,$2.02B,7.23%,$27.95B,$-9.11B,-32.59%,$27.95B,$-6.17B,-22.07%,$-6.17B,$39.41B,-14.26%,$-6.17B,$39.41B,-14.26%,$-6.17B,$99.83B,-5.94%,$-7.68B,$66.78B,-11.24%,$5015,$2730,$2285,$0,$1720,$6833,$-1818,$-406,$-2224,$-768,$-1456,$-1456,$-1469,$538,$-1818,$1245,1245,$-1.18,$-1.18,$5173,$1072,$0,$10934,$66000,$21167,$0,$1094,$88900,$99834,$8825,$27376,$11401,$51602,$60427,$18,$34632,$-5146,$39407,$99834,$-1456,$2356,$-102,$2254,$549,$61,$-454,$9,$-251,$421,$-1686,$0,$0,$-302,$0,$-302,$-77,$-2065,$4530,$0,$4530,$-42,$-42,$-313,$-38,$4137,$2498,$0,$-313
11,2015-12-31,43.91,$32.43,1.35,$24.89,1.76,$-3.73,0.0,$-3.58,0.0,$8.79B,$9.26B,0.95,$23.45B,$40.08B,0.59,$30.94B,$14.32B,46.28%,$30.94B,$-5.91B,-19.11%,$30.94B,$-5.91B,-19.11%,$30.94B,$3.69B,11.91%,$30.94B,$-7.24B,-23.40%,$30.94B,$-4.43B,-14.31%,$-4.43B,$40.08B,-9.70%,$-4.43B,$40.08B,-9.70%,$-4.43B,$97.48B,-4.16%,$-5.91B,$63.54B,-8.51%,$6766,$4790,$1976,$0,$2111,$11410,$-4644,$-407,$-5051,$-1614,$-3437,$-3437,$-3450,$-2144,$-4644,$1242,1242,$-2.78,$-2.78,$2368,$1124,$0,$8789,$66446,$20490,$0,$1063,$88695,$97484,$9256,$23453,$11408,$48146,$57402,$18,$36414,$-6247,$40082,$97484,$-4371,$9596,$2048,$11644,$1810,$166,$-1647,$239,$-22,$7572,$-8098,$0,$0,$0,$0,$0,$-557,$-8655,$2395,$0,$2395,$-82,$-82,$-3664,$-78,$-1429,$-2694,$0,$-3664
12,2015-09-30,44.5,$36.09,1.23,$28.96,1.54,$-2.43,0.0,$-0.83,0.0,$9.66B,$8.29B,1.17,$24.72B,$44.56B,0.56,$36.02B,$18.65B,51.76%,$36.02B,$-1.37B,-3.81%,$36.02B,$-1.37B,-3.81%,$36.02B,$8.12B,22.55%,$36.02B,$-2.51B,-6.97%,$36.02B,$-1.02B,-2.82%,$-1.02B,$44.56B,-2.09%,$-1.02B,$44.56B,-2.09%,$-1.02B,$105.95B,-0.92%,$-1.37B,$69.27B,-1.90%,$7507,$4330,$3177,$0,$2333,$8958,$-1451,$-290,$-1741,$-685,$-1056,$-1056,$-1071,$942,$-1451,$1242,1242,$-0.87,$-0.87,$2413,$1143,$0,$9664,$71828,$22806,$0,$955,$96285,$105949,$8287,$24716,$12210,$53107,$61394,$18,$40786,$-6125,$44555,$105949,$-934,$7096,$-129,$6967,$1913,$159,$-1618,$255,$202,$5976,$-7590,$0,$0,$0,$0,$0,$-439,$-8029,$2406,$0,$2406,$-69,$-69,$-2741,$-50,$-454,$-2649,$0,$-2741
13,2015-06-30,56.22,$39.70,1.42,$33.27,1.69,$0.84,66.87,$2.21,25.44,$11.94B,$8.73B,1.37,$24.79B,$48.97B,0.51,$41.43B,$23.22B,56.05%,$41.43B,$2.89B,6.99%,$41.43B,$2.89B,6.99%,$41.43B,$12.21B,29.47%,$41.43B,$1.79B,4.31%,$41.43B,$2.76B,6.66%,$2.76B,$48.97B,5.36%,$2.76B,$48.97B,5.36%,$2.76B,$112.00B,2.41%,$2.89B,$73.76B,3.93%,$8660,$3779,$4881,$0,$2241,$8427,$233,$-324,$-91,$73,$-164,$-164,$-179,$2684,$233,$1241,1241,$-0.15,$-0.15,$3813,$1277,$0,$11944,$74387,$23902,$0,$1020,$100059,$112003,$8734,$24787,$12291,$54300,$63034,$18,$42779,$-3641,$48969,$112003,$122,$4703,$60,$4763,$1419,$42,$-1358,$153,$-389,$4042,$-5445,$0,$0,$0,$0,$0,$-335,$-5780,$2436,$0,$2436,$-46,$-46,$-1819,$-35,$536,$-1249,$0,$-1819
14,2015-03-31,56.36,$39.75,1.42,$38.10,1.48,$3.42,16.46,$4.03,13.98,$10.84B,$9.56B,1.13,$22.32B,$49.01B,0.46,$47.47B,$27.03B,56.94%,$47.47B,$6.40B,13.49%,$47.47B,$6.40B,13.49%,$47.47B,$15.46B,32.57%,$47.47B,$5.34B,11.24%,$47.47B,$5.02B,10.57%,$5.02B,$49.01B,9.44%,$5.02B,$49.01B,9.44%,$5.02B,$110.04B,4.30%,$6.40B,$71.33B,8.64%,$8002,$3719,$4283,$0,$2185,$8051,$-49,$-307,$-356,$-642,$286,$286,$272,$2203,$-49,$1241,1246,$0.22,$0.22,$2664,$1233,$0,$10840,$74220,$23224,$0,$1008,$99202,$110042,$9563,$22318,$12132,$51471,$61034,$18,$43867,$-4589,$49008,$110042,$286,$2252,$-282,$1970,$1368,$77,$-1104,$234,$-55,$2068,$-3159,$0,$0,$0,$0,$0,$-155,$-3314,$-57,$0,$-57,$-34,$-34,$-910,$-18,$-1019,$-2398,$0,$-910
15,2014-12-31,61.85,$42.45,1.46,$44.59,1.39,$6.30,9.81,$5.52,11.2,$15.07B,$11.54B,1.31,$22.38B,$52.27B,0.43,$55.52B,$31.37B,56.51%,$55.52B,$10.46B,18.83%,$55.52B,$10.46B,18.83%,$55.52B,$19.27B,34.71%,$55.52B,$9.39B,16.91%,$55.52B,$6.87B,12.37%,$6.87B,$52.27B,12.65%,$6.87B,$52.27B,12.65%,$6.87B,$116.54B,5.76%,$10.46B,$74.66B,14.03%,$11851,$5547,$6304,$0,$3407,$11955,$-104,$-217,$-321,$-297,$-24,$-24,$-39,$2294,$-104,$1237,1246,$-0.04,$-0.04,$5062,$1331,$0,$15068,$75444,$24335,$0,$888,$101471,$116539,$11537,$22383,$12312,$52729,$64266,$18,$44504,$-1902,$52273,$116539,$6938,$8813,$1736,$10549,$1227,$-193,$-963,$-190,$-685,$16569,$-15482,$0,$0,$253,$0,$253,$264,$-14965,$980,$0,$980,$35,$35,$-3525,$-64,$-2574,$-1184,$0,$-3525
16,2014-09-30,67.84,$45.22,1.5,$46.36,1.46,$14.16,4.79,$7.55,8.99,$16.25B,$14.14B,1.15,$19.50B,$55.66B,0.35,$57.65B,$33.15B,57.51%,$57.65B,$13.40B,23.25%,$57.65B,$13.40B,23.25%,$57.65B,$21.83B,37.86%,$57.65B,$12.27B,21.28%,$57.65B,$9.40B,16.30%,$9.40B,$55.66B,17.28%,$9.40B,$55.66B,17.28%,$9.40B,$118.99B,7.85%,$13.40B,$75.16B,18.05%,$12917,$5162,$7755,$0,$2737,$10103,$2814,$-261,$2553,$904,$1649,$1649,$2704,$5030,$2814,$1238,1247,$2.18,$2.17,$5782,$1330,$0,$16253,$75790,$24615,$0,$1126,$102733,$118986,$14141,$19499,$11382,$49184,$63325,$18,$45451,$585,$55661,$118986,$6962,$6415,$1158,$7573,$634,$-162,$-581,$-189,$-241,$13758,$-11295,$0,$0,$-109,$0,$-109,$10,$-11394,$-505,$0,$-505,$27,$27,$-2618,$-20,$-3116,$-838,$0,$-2618
17,2014-06-30,75.35,$45.29,1.66,$48.47,1.55,$15.47,4.87,$7.38,10.21,$18.84B,$16.19B,1.16,$19.57B,$55.69B,0.35,$60.20B,$34.85B,57.88%,$60.20B,$15.26B,25.35%,$60.20B,$15.26B,25.35%,$60.20B,$23.48B,39.00%,$60.20B,$14.12B,23.46%,$60.20B,$9.17B,15.23%,$9.17B,$55.69B,17.20%,$9.17B,$55.69B,17.20%,$9.17B,$121.65B,7.65%,$15.26B,$75.26B,20.72%,$14701,$6012,$8689,$0,$2860,$10959,$3742,$-282,$3460,$1395,$2065,$2065,$2081,$5932,$3742,$1236,1245,$1.68,$1.67,$6430,$1291,$0,$18836,$75424,$24943,$0,$1173,$102812,$121648,$16191,$19570,$11849,$49771,$65962,$18,$43653,$2498,$55686,$121648,$4235,$4199,$1796,$5995,$80,$-103,$-13,$-238,$-151,$9887,$-8078,$0,$0,$-8,$0,$-8,$194,$-7892,$-450,$0,$-450,$46,$46,$-1711,$-28,$-2143,$-104,$0,$-1711
18,2014-03-31,61.3,$43.68,1.4,$48.10,1.27,$16.48,3.72,$7.36,8.33,$20.40B,$17.12B,1.19,$19.49B,$53.62B,0.36,$59.65B,$34.46B,57.77%,$59.65B,$15.45B,25.90%,$59.65B,$15.45B,25.90%,$59.65B,$23.42B,39.26%,$59.65B,$14.36B,24.07%,$59.65B,$9.14B,15.32%,$9.14B,$53.62B,17.70%,$9.14B,$53.62B,17.70%,$9.14B,$120.03B,7.70%,$15.45B,$73.12B,21.36%,$16048,$7423,$8625,$0,$2728,$12044,$4004,$-306,$3698,$1581,$2117,$2117,$2123,$6013,$4004,$1235,1243,$1.72,$1.71,$7730,$1221,$0,$20400,$74025,$23261,$0,$1050,$99625,$120025,$17117,$19494,$11860,$49287,$66404,$18,$42428,$1802,$53621,$120025,$2137,$2009,$1460,$3469,$-290,$-27,$353,$-17,$614,$6336,$-3847,$0,$0,$63,$0,$63,$86,$-3698,$-450,$0,$-450,$-32,$-32,$-855,$-17,$-1354,$1274,$0,$-855
19,2013-12-31,60.91,$42.82,1.42,$47.04,1.29,$16.48,3.7,$7.38,8.25,$19.02B,$15.13B,1.26,$21.07B,$52.49B,0.4,$58.25B,$34.37B,59.01%,$58.25B,$15.43B,26.50%,$58.25B,$15.43B,26.50%,$58.25B,$23.30B,40.00%,$58.25B,$14.45B,24.80%,$58.25B,$9.16B,15.72%,$9.16B,$52.49B,18.11%,$9.16B,$52.49B,18.11%,$9.16B,$118.06B,7.75%,$15.43B,$73.57B,21.60%,$13985,$5901,$8084,$0,$2850,$11142,$2843,$-285,$2558,$1050,$1508,$1508,$2487,$4853,$2843,$1231,1240,$2.02,$2.00,$6518,$1194,$0,$19023,$72827,$23907,$0,$943,$99034,$118057,$15129,$21073,$11684,$50436,$65565,$18,$41160,$2002,$52492,$118057,$9215,$7868,$-674,$7194,$744,$-278,$238,$-83,$103,$16141,$-5317,$0,$0,$-263,$0,$-263,$-725,$-6305,$-946,$0,$-946,$20,$20,$-3334,$-2873,$-7133,$2628,$0,$-3334
20,2013-09-30,59.35,$41.06,1.45,$48.82,1.22,$9.25,6.42,$6.54,9.07,$22.56B,$16.34B,1.38,$21.10B,$51.54B,0.41,$60.63B,$35.23B,58.11%,$60.63B,$16.48B,27.19%,$60.63B,$16.48B,27.19%,$60.63B,$24.21B,39.93%,$60.63B,$15.51B,25.58%,$60.63B,$8.10B,13.35%,$8.10B,$51.54B,16.34%,$8.10B,$51.54B,16.34%,$8.10B,$119.76B,6.87%,$16.48B,$72.63B,23.42%,$15470,$6021,$9449,$0,$2875,$10799,$4671,$-266,$4405,$1966,$2439,$2439,$2480,$6679,$4671,$1231,1240,$2.01,$2.00,$3883,$1268,$0,$22557,$71129,$23792,$0,$908,$97203,$119760,$16335,$21096,$13200,$51888,$68223,$18,$39526,$2712,$51537,$119760,$6712,$5858,$-237,$5621,$822,$-301,$324,$-172,$123,$12176,$-8106,$0,$0,$1,$0,$1,$-461,$-8566,$-946,$0,$-946,$12,$12,$-2481,$155,$-3260,$265,$0,$-2481
21,2013-06-30,51.12,$40.01,1.28,$48.31,1.06,$7.12,7.18,$6.00,8.52,$22.60B,$16.72B,1.35,$21.17B,$48.93B,0.43,$59.87B,$33.93B,56.66%,$59.87B,$15.67B,26.16%,$59.87B,$15.67B,26.16%,$59.87B,$23.13B,38.63%,$59.87B,$14.70B,24.55%,$59.87B,$7.41B,12.38%,$7.41B,$48.93B,15.25%,$7.41B,$48.93B,15.25%,$7.41B,$116.95B,6.35%,$15.67B,$70.10B,22.74%,$14142,$5842,$8300,$0,$2507,$10209,$3933,$-237,$3696,$1630,$2066,$2066,$2050,$5870,$3933,$1230,1237,$1.66,$1.65,$3984,$1134,$0,$22602,$69438,$22576,$0,$891,$94345,$116947,$16715,$21167,$12944,$51300,$68015,$18,$37899,$1840,$48932,$116947,$4216,$3850,$593,$4443,$659,$-179,$394,$-236,$298,$8471,$-5420,$0,$0,$-74,$0,$-74,$-354,$-5848,$-898,$0,$-898,$-5,$-5,$-1629,$357,$-2175,$291,$0,$-1629
22,2013-03-31,50.25,$40.27,1.25,$48.68,1.03,$5.18,9.7,$6.15,8.17,$24.24B,$18.32B,1.32,$20.32B,$49.24B,0.41,$60.57B,$34.48B,56.93%,$60.57B,$15.99B,26.40%,$60.57B,$15.99B,26.40%,$60.57B,$23.20B,38.30%,$60.57B,$14.95B,24.67%,$60.57B,$7.63B,12.60%,$7.63B,$49.24B,15.90%,$7.63B,$49.24B,15.90%,$7.63B,$117.78B,6.57%,$15.99B,$69.56B,23.63%,$14651,$6111,$8540,$0,$2744,$10664,$3987,$-200,$3787,$1763,$2024,$2024,$2139,$5900,$3987,$1229,1236,$1.74,$1.73,$5445,$1133,$0,$24235,$67890,$23315,$0,$885,$93545,$117780,$18315,$20319,$13028,$50225,$68540,$18,$36662,$3478,$49240,$117780,$2153,$1913,$185,$2098,$249,$-177,$528,$-131,$982,$4730,$-2257,$0,$0,$-23,$0,$-23,$-153,$-2433,$-48,$0,$-48,$-10,$-10,$-815,$543,$-330,$1804,$0,$-815
23,2012-12-31,47.94,$39.69,1.21,$49.26,0.97,$4.31,11.12,$6.69,7.17,$23.99B,$17.44B,1.38,$20.77B,$48.43B,0.43,$62.00B,$35.27B,56.89%,$62.00B,$16.57B,26.72%,$62.00B,$16.57B,26.72%,$62.00B,$23.54B,37.97%,$62.00B,$15.42B,24.87%,$62.00B,$8.43B,13.59%,$8.43B,$48.43B,16.07%,$8.43B,$48.43B,16.39%,$8.43B,$117.14B,6.62%,$16.57B,$69.20B,22.89%,$16366,$7421,$8945,$0,$2889,$12473,$3893,$-271,$3622,$1780,$1842,$1842,$1426,$5758,$3893,$1244,1253,$1.19,$1.19,$4366,$965,$0,$23989,$67263,$23489,$0,$886,$93155,$117144,$17443,$20770,$13973,$51274,$68717,$18,$35338,$4087,$48427,$117144,$8498,$6974,$145,$7119,$-1866,$210,$1103,$513,$-1239,$13922,$-12040,$0,$0,$597,$0,$597,$-184,$-11627,$-569,$0,$-569,$-4960,$-4960,$-3278,$4326,$-4481,$-2162,$0,$-3278
24,2012-09-30,46.73,$39.44,1.18,$48.39,0.97,$10.84,4.31,$8.09,5.78,$15.78B,$17.38B,0.91,$18.78B,$47.88B,0.39,$61.76B,$34.76B,56.29%,$61.76B,$16.14B,26.14%,$61.76B,$16.14B,26.14%,$61.76B,$22.84B,36.99%,$61.76B,$14.99B,24.27%,$61.76B,$10.39B,16.83%,$10.39B,$47.88B,18.30%,$10.39B,$47.87B,18.99%,$10.39B,$115.37B,7.62%,$16.14B,$66.66B,20.99%,$14713,$6572,$8141,$0,$2639,$10861,$3852,$-261,$3591,$1851,$1740,$1740,$1798,$5602,$3852,$1220,1229,$1.47,$1.46,$3736,$1176,$0,$15781,$73612,$23500,$10,$902,$99588,$115369,$17383,$18782,$13950,$50109,$67492,$18,$34764,$4339,$47877,$115369,$7057,$5109,$-1194,$3915,$-1762,$1,$1024,$376,$-867,$10052,$-8632,$0,$0,$597,$0,$597,$-663,$-8698,$-1183,$0,$-1183,$-5015,$-5015,$-2469,$2784,$-5883,$-4512,$0,$-2469
25,2012-06-30,45.13,$38.24,1.18,$48.61,0.93,$14.83,3.04,$8.54,5.29,$16.91B,$18.36B,0.92,$18.83B,$46.44B,0.41,$63.74B,$35.08B,55.03%,$63.74B,$16.28B,25.55%,$63.74B,$16.28B,25.55%,$63.74B,$22.99B,36.06%,$63.74B,$15.00B,23.54%,$63.74B,$11.21B,17.59%,$11.21B,$46.44B,18.26%,$11.21B,$46.43B,19.24%,$11.21B,$114.01B,7.67%,$16.28B,$65.27B,19.74%,$14842,$5986,$8856,$0,$2937,$10585,$4257,$-312,$3945,$2225,$1720,$1720,$2267,$5940,$4257,$1248,1258,$1.82,$1.80,$6044,$1178,$0,$16912,$71227,$23372,$11,$889,$97096,$114008,$18360,$18829,$13905,$49205,$67565,$18,$33756,$3877,$46443,$114008,$5244,$3359,$-1395,$1964,$-386,$24,$195,$168,$-570,$6532,$-5875,$0,$0,$597,$0,$597,$-647,$-5925,$784,$0,$784,$-4904,$-4904,$-1661,$430,$-5351,$-4736,$0,$-1661
26,2012-03-31,46.58,$53.02,0.88,$49.32,0.94,$17.63,2.64,$9.15,5.09,$37.07B,$36.43B,1.02,$21.36B,$67.04B,0.32,$66.56B,$35.94B,54.00%,$66.56B,$16.91B,25.40%,$66.56B,$16.91B,25.40%,$66.56B,$23.65B,35.53%,$66.56B,$15.57B,23.39%,$66.56B,$12.35B,18.55%,$12.35B,$67.04B,18.31%,$12.35B,$62.97B,19.53%,$12.35B,$162.88B,7.83%,$16.91B,$88.40B,18.90%,$16083,$6753,$9330,$0,$2980,$11518,$4565,$-300,$4265,$2086,$2179,$2179,$2937,$6241,$4565,$1283,1293,$2.29,$2.27,$10265,$6072,$0,$37066,$85559,$33574,$4072,$995,$125815,$162881,$36430,$21358,$15308,$59408,$95838,$18,$51286,$3972,$67043,$162881,$2955,$1676,$-818,$858,$166,$83,$-55,$79,$196,$4182,$-2716,$0,$0,$92,$0,$92,$-386,$-3010,$-47,$0,$-47,$-1863,$-1863,$-843,$-517,$-3270,$-2073,$0,$-843
27,2011-12-31,44.25,$51.14,0.87,$77.18,0.57,$17.08,2.59,$8.97,4.93,$30.22B,$28.07B,1.08,$21.61B,$65.75B,0.33,$108.73B,$42.31B,38.91%,$108.73B,$18.48B,16.99%,$108.73B,$18.48B,16.99%,$108.73B,$25.73B,23.66%,$108.73B,$17.10B,15.73%,$108.73B,$12.44B,11.44%,$12.44B,$65.75B,18.21%,$12.44B,$61.67B,19.44%,$12.44B,$153.23B,7.93%,$18.48B,$87.36B,20.39%,$16118,$7681,$8437,$0,$3023,$12648,$3470,$-282,$3188,$1908,$1280,$1280,$3390,$5061,$3470,$1312,1323,$2.58,$2.56,$6361,$4631,$0,$30218,$84180,$32108,$4077,$972,$123012,$153230,$28068,$21610,$15695,$59413,$87481,$17,$49049,$3246,$65749,$153230,$12502,$7249,$1008,$8257,$-938,$-81,$1297,$-300,$-710,$19646,$-9022,$0,$0,$400,$0,$400,$1607,$-7015,$-934,$0,$-934,$-11027,$-11027,$-3632,$-712,$-16305,$-3674,$0,$-3632
28,2011-09-30,38.08,$49.95,0.76,$101.30,0.38,$25.58,1.49,$7.80,4.88,$32.39B,$28.94B,1.12,$22.53B,$66.33B,0.34,$145.83B,$48.69B,33.39%,$145.83B,$19.69B,13.51%,$145.83B,$19.69B,13.51%,$145.83B,$26.58B,18.23%,$145.83B,$18.21B,12.49%,$145.83B,$11.09B,7.60%,$11.09B,$66.33B,16.04%,$11.09B,$61.96B,17.13%,$11.09B,$154.69B,7.03%,$19.69B,$88.86B,21.47%,$16695,$8242,$8453,$0,$2816,$12703,$3992,$-387,$3605,$2110,$1495,$1495,$2616,$5744,$3992,$1358,1370,$1.93,$1.91,$6026,$7164,$0,$32391,$83090,$32152,$4370,$992,$122298,$154689,$28936,$22534,$15836,$59427,$88363,$17,$46681,$3203,$66326,$154689,$9092,$5658,$-702,$4956,$-109,$8,$893,$-223,$-34,$13834,$-6793,$0,$0,$-1623,$0,$-1623,$277,$-8139,$-419,$0,$-419,$-7875,$-7875,$-2761,$-563,$-11618,$-6017,$0,$-2761
29,2011-06-30,44.83,$50.08,0.9,$122.30,0.37,$31.63,1.42,$7.94,5.65,$34.68B,$29.34B,1.18,$22.59B,$70.58B,0.32,$178.68B,$55.48B,31.05%,$178.68B,$21.34B,11.94%,$178.68B,$21.34B,11.94%,$178.68B,$28.83B,16.14%,$178.68B,$19.88B,11.12%,$178.68B,$11.53B,6.45%,$11.53B,$70.58B,16.46%,$11.53B,$66.18B,17.57%,$11.53B,$160.07B,7.30%,$21.34B,$93.17B,23.00%,$17668,$7945,$9723,$0,$2996,$12787,$4881,$-367,$4514,$2214,$2300,$2300,$3402,$6605,$4881,$1399,1412,$2.43,$2.41,$8140,$6986,$0,$34678,$84268,$34020,$4398,$968,$125390,$160068,$29344,$22590,$16062,$60146,$89490,$17,$44964,$6125,$70578,$160068,$6461,$3906,$-811,$3095,$-806,$93,$547,$-323,$-1195,$8221,$-3527,$0,$0,$-1594,$0,$-1594,$227,$-4894,$-378,$0,$-378,$-4686,$-4686,$-1861,$-371,$-7296,$-3949,$0,$-1861
30,2011-03-31,47.18,$48.62,0.97,$143.18,0.33,$33.89,1.39,$8.30,5.68,$35.61B,$29.22B,1.22,$22.60B,$70.52B,0.32,$211.14B,$63.59B,30.12%,$211.14B,$23.17B,10.97%,$211.14B,$23.17B,10.97%,$211.14B,$31.33B,14.84%,$211.14B,$21.56B,10.21%,$211.14B,$12.29B,5.82%,$12.29B,$70.52B,17.84%,$12.29B,$66.09B,19.07%,$12.29B,$159.64B,7.89%,$23.17B,$93.13B,25.24%,$58247,$42552,$15695,$0,$7491,$52113,$6134,$-338,$5796,$2754,$3042,$3042,$3028,$8316,$6134,$1432,1445,$2.11,$2.09,$8403,$7944,$0,$35613,$83765,$32791,$4427,$909,$124030,$159643,$29218,$22604,$16180,$59904,$89122,$17,$42480,$5547,$70521,$159643,$3042,$2182,$-1002,$1180,$-681,$-2669,$1753,$-546,$-2090,$1947,$-1097,$0,$0,$-1170,$0,$-1170,$56,$-2211,$-373,$0,$-373,$-1561,$-1561,$-944,$-183,$-3061,$-3282,$0,$-944
31,2010-12-31,39.89,$47.09,0.85,$133.32,0.3,$34.03,1.17,$7.61,5.24,$34.66B,$27.42B,1.26,$22.66B,$69.11B,0.33,$198.66B,$61.75B,31.08%,$198.66B,$21.48B,10.81%,$198.66B,$21.48B,10.81%,$198.66B,$29.89B,15.05%,$198.66B,$19.75B,9.94%,$198.66B,$11.36B,5.72%,$11.36B,$69.11B,16.93%,$11.36B,$64.68B,18.13%,$11.36B,$156.31B,7.35%,$21.48B,$91.77B,23.62%,$53217,$38398,$14819,$0,$7818,$48530,$4687,$-395,$4292,$2239,$2053,$2053,$2041,$5919,$4687,$1454,1466,$1.40,$1.39,$11510,$5197,$0,$34660,$82554,$31581,$4434,$905,$121654,$156314,$27419,$22656,$16112,$59786,$87205,$17,$40397,$4773,$69109,$156314,$11417,$8413,$-4416,$3997,$324,$-43,$-18,$150,$2002,$17045,$7175,$0,$0,$-982,$0,$-982,$-1528,$4665,$-5176,$0,$-5176,$-3733,$-3733,$-3175,$-735,$-12819,$8912,$0,$-3175
32,2010-09-30,33.33,$46.39,0.72,$126.19,0.26,$19.44,1.71,$7.03,4.74,$35.32B,$25.42B,1.39,$23.23B,$69.92B,0.33,$189.13B,$60.24B,31.85%,$189.13B,$20.00B,10.57%,$189.13B,$20.00B,10.57%,$189.13B,$29.69B,15.70%,$189.13B,$18.20B,9.62%,$189.13B,$10.60B,5.61%,$10.60B,$69.92B,16.19%,$10.60B,$65.47B,17.37%,$10.60B,$155.33B,6.91%,$20.00B,$93.14B,22.13%,$49549,$34303,$15246,$0,$7303,$43911,$5638,$-364,$5274,$2205,$3069,$3069,$3055,$7994,$5638,$1482,1493,$2.06,$2.05,$10852,$7741,$0,$35317,$81460,$31182,$4443,$756,$120016,$155333,$25421,$23225,$15752,$59995,$85416,$17,$39156,$4405,$69917,$155333,$9364,$7181,$-5239,$1942,$323,$-2898,$401,$-459,$-231,$10854,$5862,$0,$0,$0,$0,$0,$-78,$5784,$-5208,$0,$-5208,$-1199,$-1199,$-2376,$-544,$-9327,$7454,$0,$-2376
33,2010-06-30,28.21,$43.35,0.65,$120.55,0.23,$8.34,3.38,$5.98,4.72,$26.67B,$25.67B,1.04,$23.20B,$65.95B,0.35,$180.86B,$57.87B,32.00%,$180.86B,$17.69B,9.78%,$180.86B,$17.69B,9.78%,$180.86B,$27.44B,15.17%,$180.86B,$15.84B,8.76%,$180.86B,$9.02B,4.99%,$9.02B,$65.95B,14.20%,$9.02B,$61.50B,15.27%,$9.02B,$151.46B,5.90%,$17.69B,$89.14B,19.76%,$50127,$32301,$17826,$0,$7304,$43417,$6710,$-516,$6194,$2011,$4183,$4183,$4164,$9103,$6710,$1490,1501,$2.79,$2.77,$4120,$7119,$0,$26666,$81269,$35957,$4446,$724,$124790,$151456,$25668,$23197,$15798,$59843,$85511,$17,$36917,$1881,$65945,$151456,$6295,$4825,$-3177,$1648,$671,$-2401,$-106,$-89,$-885,$6515,$1863,$0,$0,$0,$0,$0,$-180,$1683,$-2370,$0,$-2370,$-355,$-355,$-1560,$-355,$-4640,$3578,$0,$-1560
34,2010-03-31,29.09,$41.53,0.7,$111.35,0.26,$2.16,13.46,$4.08,7.13,$23.59B,$26.61B,0.89,$26.23B,$63.42B,0.41,$166.91B,$51.38B,30.78%,$166.91B,$13.15B,7.88%,$166.91B,$13.15B,7.88%,$166.91B,$22.97B,13.76%,$166.91B,$11.58B,6.94%,$166.91B,$5.71B,3.42%,$5.71B,$63.42B,9.21%,$5.71B,$58.97B,9.93%,$5.71B,$154.81B,3.75%,$13.15B,$89.64B,14.70%,$45762,$31904,$13858,$0,$7008,$41321,$4441,$-451,$3990,$1878,$2112,$2112,$2098,$6873,$4441,$1493,1504,$1.41,$1.40,$855,$7300,$0,$23593,$86623,$36764,$4450,$820,$131217,$154810,$26605,$26225,$16534,$64788,$91393,$17,$32749,$3275,$63417,$154810,$2112,$2432,$-338,$2094,$677,$-2439,$396,$-398,$-979,$3040,$-1939,$0,$0,$0,$0,$0,$-218,$-2157,$347,$0,$347,$9,$9,$-744,$-186,$-574,$313,$0,$-744
35,2009-12-31,28.74,$41.06,0.7,$101.81,0.28,$0.80,35.76,$3.24,8.87,$21.17B,$23.70B,0.89,$26.93B,$62.61B,0.43,$152.39B,$48.78B,32.01%,$152.39B,$11.25B,7.38%,$152.39B,$11.25B,7.38%,$152.39B,$20.96B,13.76%,$152.39B,$9.58B,6.29%,$152.39B,$4.41B,2.90%,$4.41B,$62.61B,7.33%,$4.41B,$58.15B,7.93%,$4.41B,$152.14B,2.95%,$11.25B,$89.54B,12.72%,$43695,$30385,$13310,$0,$7284,$40485,$3210,$-471,$2739,$1425,$1314,$1314,$1285,$5715,$3210,$1488,1498,$0.86,$0.86,$542,$4940,$0,$21167,$87708,$35742,$4461,$708,$130971,$152138,$23695,$26925,$16819,$65830,$89525,$17,$32214,$3065,$62613,$152138,$4492,$9717,$-1388,$8329,$-1106,$320,$1612,$282,$-538,$12479,$-9591,$0,$0,$0,$0,$0,$-344,$-9935,$1229,$0,$1229,$13,$13,$-2832,$-1265,$-2855,$-213,$0,$-2832
36,2009-09-30,25.16,$41.85,0.6,$102.60,0.25,$2.29,11.0,$-18.94,0.0,$22.25B,$24.66B,0.9,$27.66B,$62.10B,0.45,$154.35B,$50.62B,32.80%,$154.35B,$13.43B,8.70%,$154.35B,$13.43B,8.70%,$154.35B,$23.01B,14.91%,$154.35B,$-22.88B,-14.82%,$154.35B,$-27.99B,-18.13%,$-27.99B,$62.10B,-47.72%,$-27.99B,$57.55B,-51.77%,$-27.99B,$152.43B,-19.02%,$13.43B,$89.76B,15.46%,$41271,$28394,$12877,$0,$7166,$37943,$3328,$-415,$2913,$1426,$1487,$1487,$1470,$5751,$3328,$1488,1498,$0.98,$0.97,$641,$6268,$0,$22253,$87136,$35664,$4546,$642,$130174,$152427,$24656,$27662,$16056,$65674,$90330,$17,$32181,$2712,$62097,$152427,$3178,$7212,$-1677,$5535,$-94,$-1026,$910,$-286,$-1177,$7385,$-7238,$0,$0,$0,$0,$0,$-191,$-7429,$3024,$0,$3024,$-11,$-11,$-2090,$-1091,$-168,$-114,$0,$-2090
37,2009-06-30,23.18,$40.47,0.57,$121.76,0.19,$8.56,2.71,$-16.55,0.0,$23.07B,$23.09B,1.0,$28.93B,$60.01B,0.48,$184.45B,$59.25B,32.12%,$184.45B,$19.99B,10.84%,$184.45B,$19.99B,10.84%,$184.45B,$29.62B,16.06%,$184.45B,$-16.31B,-8.84%,$184.45B,$-24.27B,-13.16%,$-24.27B,$60.01B,-36.58%,$-24.27B,$55.46B,-43.83%,$-24.27B,$150.07B,-15.64%,$19.99B,$88.93B,21.47%,$36186,$24852,$11334,$0,$6764,$34014,$2172,$-234,$1938,$1063,$875,$875,$859,$4627,$2172,$1486,1496,$0.58,$0.57,$888,$6181,$0,$23074,$86246,$33551,$4550,$614,$126999,$150073,$23089,$28926,$15737,$66977,$90066,$17,$31388,$998,$60007,$150073,$1691,$4789,$-953,$3836,$65,$-973,$1020,$-435,$-1250,$4452,$-5346,$0,$0,$0,$0,$0,$-162,$-5508,$2920,$0,$2920,$-21,$-21,$-1393,$-406,$1100,$133,$0,$-1393
38,2009-03-31,21.35,$37.93,0.56,$144.72,0.15,$12.85,1.66,$-13.92,0.0,$20.20B,$20.33B,0.99,$29.30B,$56.19B,0.52,$221.62B,$69.76B,31.48%,$221.62B,$27.94B,12.61%,$221.62B,$27.94B,12.61%,$221.62B,$37.39B,16.87%,$221.62B,$-8.44B,-3.81%,$221.62B,$-19.69B,-8.88%,$-19.69B,$56.19B,-26.45%,$-19.69B,$51.58B,-34.49%,$-19.69B,$143.25B,-11.92%,$27.94B,$85.49B,28.12%,$31238,$19984,$11254,$0,$6484,$28701,$2537,$-545,$1992,$1176,$816,$816,$800,$4871,$2537,$1486,1495,$0.54,$0.54,$802,$6480,$0,$20203,$84056,$31724,$4614,$659,$123048,$143251,$20330,$29297,$15363,$66728,$87058,$17,$30786,$-2118,$56193,$143251,$816,$2334,$-414,$1920,$1860,$-1454,$-529,$-201,$-849,$1885,$-2820,$0,$0,$0,$0,$0,$-106,$-2926,$1931,$0,$1931,$-21,$-21,$-696,$-203,$1011,$47,$0,$-696
39,2008-12-31,27.93,$36.99,0.76,$159.58,0.18,$15.77,1.77,$-11.86,0.0,$20.84B,$21.78B,0.96,$27.09B,$56.27B,0.48,$246.93B,$76.93B,31.15%,$246.93B,$33.24B,13.46%,$246.93B,$33.24B,13.46%,$246.93B,$42.67B,17.28%,$246.93B,$-2.86B,-1.16%,$246.93B,$-16.35B,-6.62%,$-16.35B,$56.27B,-19.75%,$-16.35B,$51.64B,-27.70%,$-16.35B,$142.87B,-9.33%,$33.24B,$83.35B,31.46%,$45653,$30494,$15159,$0,$7585,$40261,$5392,$-35114,$-29722,$1374,$-31096,$-31096,$-31115,$7760,$5392,$1523,1523,$-20.35,$-20.24,$755,$5095,$0,$20843,$83947,$30926,$4624,$552,$122022,$142865,$21780,$27085,$15441,$64820,$86600,$17,$30642,$-1875,$56265,$142865,$-16279,$9430,$31661,$41091,$4225,$-1321,$-3874,$-724,$-1019,$22658,$-17459,$0,$0,$0,$0,$0,$-157,$-17616,$5760,$0,$5760,$-8051,$-8051,$-2854,$-619,$-5764,$-701,$0,$-2854
40,2008-09-30,39.13,$62.30,0.63,$162.60,0.24,$22.28,1.76,$12.22,3.2,$28.33B,$29.51B,0.96,$21.71B,$92.88B,0.23,$255.58B,$80.77B,31.60%,$255.58B,$35.96B,14.07%,$255.58B,$35.96B,14.07%,$255.58B,$45.33B,17.74%,$255.58B,$34.27B,13.41%,$255.58B,$19.14B,7.49%,$19.14B,$92.88B,21.04%,$19.14B,$62.79B,31.48%,$19.14B,$184.61B,10.40%,$35.96B,$114.59B,32.08%,$71373,$49875,$21498,$0,$9191,$61484,$9889,$-407,$9482,$4279,$5203,$5203,$5188,$12364,$9889,$1511,1528,$3.43,$3.39,$1116,$6741,$0,$28326,$89259,$34344,$30085,$540,$156281,$184607,$29510,$21713,$16160,$62221,$91731,$17,$63103,$2742,$92876,$184607,$14817,$7062,$-2336,$4726,$-243,$-2709,$1633,$-689,$178,$19536,$-9806,$0,$0,$0,$0,$0,$-352,$-10158,$407,$0,$407,$-7318,$-7318,$-2159,$-426,$-9496,$-340,$0,$-2159
41,2008-06-30,50.13,$60.80,0.82,$145.05,0.35,$23.68,2.12,$11.06,4.53,$33.52B,$34.85B,0.96,$21.54B,$92.40B,0.23,$232.14B,$76.13B,32.79%,$232.14B,$32.92B,14.18%,$232.14B,$32.92B,14.18%,$232.14B,$41.94B,18.07%,$232.14B,$31.16B,13.42%,$232.14B,$17.62B,7.59%,$17.62B,$92.40B,19.70%,$17.62B,$62.30B,29.74%,$17.62B,$190.16B,9.73%,$32.92B,$113.94B,29.77%,$73353,$51502,$21851,$0,$9536,$63235,$10118,$-306,$9812,$4356,$5456,$5456,$5439,$12392,$10118,$1535,1555,$3.54,$3.50,$787,$6757,$0,$33515,$89990,$33814,$30100,$755,$156640,$190155,$34847,$21539,$16140,$62910,$97757,$17,$58625,$4304,$92398,$190155,$9614,$4587,$-1884,$2703,$-3625,$-2537,$5481,$-2349,$-179,$12021,$-6279,$0,$0,$0,$0,$0,$-143,$-6422,$224,$0,$224,$-4823,$-4823,$-1449,$-240,$-6288,$-669,$0,$-1449
42,2008-03-31,40.27,$58.07,0.69,$127.68,0.32,$25.12,1.6,$7.74,5.2,$28.61B,$31.13B,0.92,$21.11B,$89.58B,0.24,$208.18B,$72.59B,34.87%,$208.18B,$31.14B,14.96%,$208.18B,$31.14B,14.96%,$208.18B,$39.99B,19.21%,$208.18B,$24.86B,11.94%,$208.18B,$12.48B,6.00%,$12.48B,$89.58B,14.25%,$12.48B,$59.34B,21.79%,$12.48B,$183.28B,7.08%,$31.14B,$110.68B,28.64%,$56552,$38129,$18423,$0,$8372,$48716,$7836,$-268,$7568,$3410,$4158,$4158,$4139,$10149,$7836,$1562,1582,$2.65,$2.62,$1423,$6995,$0,$28608,$89207,$32732,$30238,$531,$154670,$183278,$31125,$21108,$16215,$62578,$93703,$17,$53906,$4138,$89575,$183278,$4158,$2313,$-1025,$1288,$-725,$-2783,$2822,$-372,$1324,$6587,$-2952,$0,$0,$0,$0,$0,$-60,$-3012,$-202,$0,$-202,$-2489,$-2489,$-730,$-196,$-3617,$-33,$0,$-730
43,2007-12-31,46.39,$56.63,0.82,$117.62,0.39,$26.04,1.78,$7.24,6.41,$24.74B,$26.88B,0.92,$20.29B,$88.98B,0.23,$194.50B,$70.06B,36.02%,$194.50B,$29.78B,15.31%,$194.50B,$29.78B,15.31%,$194.50B,$38.42B,19.75%,$194.50B,$23.36B,12.01%,$194.50B,$11.89B,6.11%,$11.89B,$88.98B,13.76%,$11.89B,$58.75B,21.41%,$11.89B,$177.76B,6.84%,$29.78B,$109.27B,27.64%,$54298,$35300,$18998,$0,$8956,$46177,$8121,$-710,$7411,$2953,$4458,$4458,$4371,$10427,$8121,$1624,1646,$2.73,$2.69,$1456,$4223,$0,$24735,$89003,$31457,$30232,$459,$153022,$177757,$26882,$20289,$16221,$61892,$88774,$17,$50510,$4560,$88983,$177757,$11978,$8639,$2289,$10928,$-2492,$767,$2772,$487,$1555,$24550,$-8219,$0,$0,$0,$0,$0,$-343,$-8562,$-5519,$0,$-5519,$-6716,$-6716,$-2661,$-444,$-15340,$639,$0,$-2661
44,2007-09-30,45.88,$54.35,0.84,$111.06,0.41,$20.14,2.28,$6.44,7.12,$23.64B,$24.08B,0.98,$21.47B,$86.93B,0.25,$182.73B,$67.76B,37.08%,$182.73B,$28.64B,15.67%,$182.73B,$28.64B,15.67%,$182.73B,$37.04B,20.27%,$182.73B,$21.87B,11.97%,$182.73B,$10.72B,5.86%,$10.72B,$86.93B,12.63%,$10.72B,$56.66B,20.07%,$10.72B,$173.43B,6.28%,$28.64B,$108.40B,26.79%,$47933,$31080,$16853,$0,$7772,$41092,$6841,$-477,$6364,$2691,$3673,$3673,$3673,$8974,$6841,$1622,1644,$2.26,$2.23,$1379,$5312,$0,$23639,$87407,$30145,$30273,$365,$149788,$173427,$24078,$21471,$15422,$62416,$86494,$17,$46790,$3930,$86933,$173427,$7520,$6333,$2495,$8828,$411,$-334,$1052,$430,$1254,$17630,$-4850,$0,$0,$0,$0,$0,$-359,$-5209,$-5317,$0,$-5317,$-4250,$-4250,$-2009,$-289,$-11865,$562,$0,$-2009
45,2007-06-30,40.83,$52.19,0.78,$111.49,0.37,$15.12,2.7,$6.52,6.26,$24.38B,$23.92B,1.02,$21.70B,$84.93B,0.26,$184.38B,$69.74B,37.83%,$184.38B,$30.08B,16.32%,$184.38B,$30.08B,16.32%,$184.38B,$38.57B,20.92%,$184.38B,$23.44B,12.71%,$184.38B,$10.92B,5.92%,$10.92B,$84.93B,13.12%,$10.92B,$54.42B,21.37%,$10.92B,$170.87B,6.49%,$30.08B,$106.63B,28.42%,$49397,$31079,$18318,$0,$7858,$41051,$8346,$-4828,$3518,$3217,$301,$301,$301,$10443,$8346,$1636,1658,$0.18,$0.18,$1411,$5245,$0,$24381,$85296,$28875,$30504,$372,$146487,$170868,$23917,$21703,$14993,$62023,$85940,$17,$43783,$2599,$84928,$170868,$3847,$4200,$2984,$7184,$210,$-271,$1097,$285,$520,$11639,$-3132,$0,$0,$0,$0,$0,$-241,$-3373,$-4356,$0,$-4356,$-1819,$-1819,$-1342,$-153,$-7670,$594,$0,$-1342
46,2007-03-31,35.35,$51.87,0.68,$110.58,0.32,$11.06,3.2,$9.43,3.75,$24.74B,$27.03B,0.92,$21.96B,$84.78B,0.26,$183.46B,$70.32B,38.33%,$183.46B,$30.89B,16.84%,$183.46B,$30.89B,16.84%,$183.46B,$39.32B,21.43%,$183.46B,$28.60B,15.59%,$183.46B,$15.81B,8.61%,$15.81B,$84.78B,19.44%,$15.81B,$52.33B,32.58%,$15.81B,$173.21B,9.53%,$30.89B,$106.74B,29.49%,$42867,$26977,$15890,$0,$7393,$36393,$6474,$-408,$6066,$2520,$3546,$3546,$3546,$8577,$6474,$1647,1669,$2.15,$2.12,$860,$5685,$0,$24741,$83904,$30415,$32450,$395,$148468,$173209,$27025,$21961,$14622,$61402,$88427,$17,$44150,$1437,$84782,$173209,$3546,$2103,$-832,$1271,$289,$-686,$1539,$67,$2150,$6873,$-1504,$0,$0,$0,$0,$0,$-144,$-1648,$-3491,$0,$-3491,$-960,$-960,$-674,$-49,$-5174,$43,$0,$-674
47,2006-12-31,36.98,$50.21,0.74,$119.02,0.31,$8.05,4.59,$9.65,3.83,$25.07B,$26.43B,0.95,$23.09B,$82.65B,0.28,$188.52B,$68.79B,36.49%,$188.52B,$30.43B,16.14%,$188.52B,$30.43B,16.14%,$188.52B,$38.00B,20.15%,$188.52B,$28.33B,15.03%,$188.52B,$15.55B,8.25%,$15.55B,$82.65B,19.89%,$15.55B,$50.21B,34.44%,$15.55B,$164.78B,9.57%,$30.43B,$105.74B,29.65%,$42535,$25836,$16699,$0,$8040,$35561,$6974,$-1057,$5917,$2720,$3197,$3197,$3197,$9050,$6974,$1586,1610,$1.94,$1.92,$817,$5153,$0,$25066,$86201,$19595,$32439,$362,$139715,$164781,$26431,$23091,$7670,$55704,$82135,$17,$41292,$1289,$82646,$164781,$15550,$7565,$157,$7722,$-906,$-829,$657,$-372,$-1682,$21516,$-15051,$0,$-14285,$0,$0,$0,$-657,$-29993,$10232,$0,$10232,$-705,$-705,$-2277,$-185,$7065,$-1397,$0,$-2277
