,Date,Stock Price,Book Value per Share,Price to Book Ratio,TTM Sales per Share,Price to Sales Ratio,TTM FCF per Share,Price to FCF Ratio,TTM Net EPS,PE Ratio,Current Assets,Current Liabilities,Current Ratio,Long Term Debt,Shareholder's Equity_x,Debt to Equity Ratio,TTM Revenue_x,TTM Gross Profit,Gross Margin,TTM Revenue_y,TTM Operating Income,Operating Margin,TTM Revenue_x,TTM EBIT,EBIT Margin,TTM Revenue_y,TTM EBITDA,EBITDA Margin,TTM Revenue_x,TTM Pre-Tax Income,Pre-Tax Margin,TTM Revenue_y,TTM Net Income_x,Net Margin,TTM Net Income_y,Shareholder's Equity_y,Return on Equity,TTM Net Income_x,Tangible Equity,Return on Tangible Equity,TTM Net Income_y,Total Assets,Return on Assets,TTM Net Income,LT Investments & Debt,Return on Investment,revenue,cost-goods-sold,gross-profit,research-development-expenses,selling-general-administrative-expenses,operating-expenses,operating-income,total-non-operating-income-expense,pre-tax-income,total-provision-income-taxes,income-after-taxes,income-from-continuous-operations,net-income,ebitda,ebit,basic-shares-outstanding,shares-outstanding,eps-basic-net-earnings-per-share,eps-earnings-per-share-diluted,cash-on-hand,inventory,other-current-assets,total-current-assets,net-property-plant-equipment,long-term-investments,goodwill-intangible-assets-total,other-long-term-assets,total-long-term-assets,total-assets,total-current-liabilities,long-term-debt,other-non-current-liabilities,total-long-term-liabilities,total-liabilities,common-stock-net,retained-earnings-accumulated-deficit,comprehensive-income,total-share-holder-equity,total-liabilities-share-holders-equity,net-income-loss,total-depreciation-amortization-cash-flow,other-non-cash-items,total-non-cash-items,change-in-accounts-receivable,change-in-inventories,change-in-accounts-payable,change-in-assets-liabilities,total-change-in-assets-liabilities,cash-flow-from-operating-activities,net-change-in-property-plant-equipment,net-change-in-intangible-assets,net-acquisitions-divestitures,net-change-in-short-term-investments,net-change-in-long-term-investments,net-change-in-investments-total,investing-activities-other,cash-flow-from-investing-activities,net-long-term-debt,net-current-debt,debt-issuance-retirement-net-total,net-common-equity-issued-repurchased,net-total-equity-issued-repurchased,total-common-preferred-stock-dividends-paid,financial-activities-other,cash-flow-from-financial-activities,net-cash-flow,stock-based-compensation,common-stock-dividends-paid
0,2018-09-30,111.14,$9.91,11.22,$15.38,7.23,$2.20,50.45,$2.12,52.42,$0.03B,$0.14B,0.21,$1.07B,$0.36B,2.95,$0.53B,$0.34B,63.65%,$0.53B,$0.14B,26.37%,$0.53B,$0.14B,26.37%,$0.53B,$0.28B,52.92%,$0.53B,$0.11B,20.34%,$0.53B,$0.07B,13.75%,$0.07B,$0.36B,18.59%,$0.07B,$0.12B,35.48%,$0.07B,$1.82B,4.26%,$0.14B,$1.44B,10.00%,$139,$53,$86,$0,$15,$105,$34,$-9,$25,$0,$25,$25,$19,$71,$34,$36,36,$0.52,$0.52,$5,$0,$0,$30,$1439,$0,$243,$107,$1788,$1818,$140,$1073,$241,$1315,$1455,$0,$-226,$2,$364,$1818,$81,$107,$9,$115,$5,$0,$0,$-19,$-8,$189,$-169,$0,$-6,$0,$0,$0,$0,$-175,$135,$0,$135,$0,$0,$-144,$-5,$-14,$0,$9,$-144
1,2018-06-30,110.82,$11.16,9.93,$15.09,7.35,$2.71,40.96,$2.06,53.8,$0.03B,$0.12B,0.23,$1.03B,$0.39B,2.68,$0.52B,$0.33B,63.88%,$0.52B,$0.14B,26.60%,$0.52B,$0.14B,26.60%,$0.52B,$0.27B,53.01%,$0.52B,$0.11B,20.78%,$0.52B,$0.07B,13.59%,$0.07B,$0.39B,15.92%,$0.07B,$0.16B,23.20%,$0.07B,$1.77B,4.29%,$0.14B,$1.42B,9.96%,$136,$49,$87,$0,$16,$100,$36,$-9,$27,$-0,$27,$27,$19,$72,$36,$34,34,$0.57,$0.57,$3,$0,$0,$28,$1403,$0,$230,$106,$1739,$1767,$123,$1031,$229,$1259,$1382,$0,$-207,$1,$385,$1767,$56,$70,$6,$76,$4,$0,$0,$-11,$-7,$124,$-114,$0,$-6,$0,$0,$0,$0,$-120,$92,$0,$92,$0,$0,$-94,$-5,$-6,$-2,$6,$-94
2,2018-03-31,99.33,$11.71,8.49,$14.56,6.82,$2.87,34.6,$1.95,50.94,$0.03B,$0.11B,0.25,$0.99B,$0.40B,2.45,$0.50B,$0.32B,63.98%,$0.50B,$0.13B,26.36%,$0.50B,$0.13B,26.36%,$0.50B,$0.26B,53.12%,$0.50B,$0.10B,20.93%,$0.50B,$0.07B,13.48%,$0.07B,$0.40B,13.79%,$0.07B,$0.27B,17.03%,$0.07B,$1.64B,4.29%,$0.13B,$1.39B,9.65%,$130,$45,$84,$0,$14,$93,$36,$-8,$29,$0,$29,$29,$20,$71,$36,$34,34,$0.60,$0.59,$3,$0,$0,$28,$1370,$0,$135,$107,$1612,$1640,$113,$987,$137,$1124,$1237,$0,$-191,$1,$403,$1640,$29,$34,$2,$37,$4,$0,$0,$-9,$-7,$58,$-60,$0,$0,$0,$0,$0,$0,$-60,$47,$0,$47,$0,$0,$-48,$0,$-0,$-2,$3,$-48
3,2017-12-31,111.77,$12.23,9.14,$14.15,7.9,$3.09,36.19,$1.84,60.75,$0.03B,$0.13B,0.27,$0.94B,$0.42B,2.24,$0.48B,$0.31B,64.11%,$0.48B,$0.13B,25.93%,$0.48B,$0.13B,25.93%,$0.48B,$0.26B,53.11%,$0.48B,$0.10B,20.75%,$0.48B,$0.06B,13.07%,$0.06B,$0.42B,11.83%,$0.06B,$0.28B,13.66%,$0.06B,$1.63B,4.15%,$0.13B,$1.36B,9.35%,$126,$45,$81,$0,$15,$92,$34,$-7,$27,$0,$27,$27,$15,$67,$34,$34,34,$0.43,$0.44,$5,$0,$0,$34,$1348,$0,$140,$104,$1592,$1626,$126,$940,$141,$1081,$1207,$0,$-178,$1,$419,$1626,$100,$130,$10,$141,$-5,$0,$0,$-28,$-32,$209,$-162,$0,$-12,$0,$0,$0,$0,$-174,$251,$0,$251,$5,$-110,$-172,$-2,$-35,$1,$9,$-172
4,2017-09-30,108.88,$16.13,6.75,$13.83,7.87,$-2.24,0.0,$1.84,59.17,$0.03B,$0.11B,0.29,$0.79B,$0.44B,1.8,$0.47B,$0.30B,64.03%,$0.47B,$0.12B,25.48%,$0.47B,$0.12B,25.48%,$0.47B,$0.25B,53.10%,$0.47B,$0.10B,20.56%,$0.47B,$0.06B,13.49%,$0.06B,$0.55B,10.92%,$0.06B,$0.51B,11.93%,$0.06B,$1.50B,4.28%,$0.12B,$1.34B,9.02%,$123,$46,$77,$0,$14,$92,$31,$-6,$24,$0,$24,$24,$16,$63,$31,$34,34,$0.47,$0.46,$5,$0,$0,$33,$1316,$0,$48,$104,$1467,$1500,$114,$789,$45,$833,$948,$0,$-159,$0,$552,$1500,$73,$97,$8,$105,$-4,$0,$0,$-27,$-27,$151,$-115,$0,$-12,$0,$0,$0,$0,$-127,$100,$0,$100,$5,$5,$-126,$-2,$-24,$0,$7,$-126
5,2017-06-30,99.92,$16.67,6.0,$13.21,7.57,$-6.71,0.0,$1.74,57.42,$0.04B,$0.10B,0.46,$0.77B,$0.46B,1.69,$0.45B,$0.29B,64.27%,$0.45B,$0.11B,24.94%,$0.45B,$0.11B,24.94%,$0.45B,$0.24B,52.81%,$0.45B,$0.09B,20.45%,$0.45B,$0.06B,13.26%,$0.06B,$0.57B,9.98%,$0.06B,$0.52B,10.87%,$0.06B,$1.49B,4.10%,$0.11B,$1.34B,8.64%,$118,$42,$76,$0,$14,$88,$30,$-6,$24,$-0,$24,$24,$16,$63,$30,$34,34,$0.46,$0.46,$22,$0,$0,$44,$1290,$0,$48,$104,$1442,$1486,$96,$770,$50,$819,$915,$0,$-144,$0,$570,$1486,$49,$65,$5,$70,$3,$0,$0,$-17,$-13,$106,$-90,$0,$0,$0,$0,$0,$0,$-90,$81,$0,$81,$5,$5,$-81,$-2,$2,$18,$4,$-81
6,2017-03-31,86.17,$17.22,5.01,$12.71,6.78,$-8.90,0.0,$1.65,52.23,$0.02B,$0.10B,0.25,$0.72B,$0.47B,1.52,$0.42B,$0.27B,64.30%,$0.42B,$0.10B,24.59%,$0.42B,$0.10B,24.59%,$0.42B,$0.22B,52.25%,$0.42B,$0.09B,20.57%,$0.42B,$0.06B,13.00%,$0.06B,$0.59B,9.14%,$0.06B,$0.54B,9.92%,$0.06B,$1.45B,3.96%,$0.10B,$1.31B,8.48%,$115,$40,$75,$0,$13,$85,$30,$-5,$25,$0,$25,$25,$16,$63,$30,$34,34,$0.49,$0.48,$2,$0,$0,$24,$1276,$0,$50,$103,$1429,$1453,$96,$720,$48,$768,$864,$0,$-129,$0,$589,$1453,$25,$33,$2,$34,$4,$0,$0,$-13,$-8,$51,$-45,$0,$0,$0,$0,$0,$0,$-45,$29,$0,$29,$4,$4,$-41,$0,$-8,$-2,$2,$-41
7,2016-12-31,75.27,$17.61,4.27,$12.34,6.1,$-10.54,0.0,$1.54,48.88,$0.03B,$0.11B,0.26,$0.69B,$0.48B,1.43,$0.40B,$0.26B,64.00%,$0.40B,$0.10B,24.00%,$0.40B,$0.10B,24.00%,$0.40B,$0.21B,51.25%,$0.40B,$0.08B,20.50%,$0.40B,$0.05B,12.50%,$0.05B,$0.60B,8.20%,$0.05B,$0.55B,8.88%,$0.05B,$1.45B,3.76%,$0.10B,$1.29B,8.21%,$111,$39,$71,$0,$13,$83,$28,$-5,$23,$0,$23,$23,$15,$59,$28,$32,33,$0.45,$0.44,$4,$0,$0,$30,$1274,$0,$51,$96,$1422,$1451,$114,$690,$49,$740,$854,$0,$-118,$-0,$597,$1451,$82,$109,$9,$119,$-13,$0,$0,$-22,$-30,$171,$-299,$0,$-65,$0,$0,$0,$0,$-364,$302,$0,$302,$1,$1,$-109,$-3,$191,$-2,$9,$-109
8,2016-09-30,69.5,$17.97,3.87,$12.50,5.56,$-6.02,0.0,$1.42,48.94,$0.02B,$0.12B,0.2,$0.59B,$0.49B,1.2,$0.38B,$0.24B,63.95%,$0.38B,$0.09B,22.89%,$0.38B,$0.09B,22.89%,$0.38B,$0.19B,50.00%,$0.38B,$0.08B,20.00%,$0.38B,$0.04B,11.58%,$0.04B,$0.61B,7.13%,$0.04B,$0.57B,7.70%,$0.04B,$1.36B,3.49%,$0.09B,$1.20B,7.90%,$101,$38,$64,$0,$14,$79,$23,$-3,$19,$-0,$19,$19,$12,$50,$23,$33,34,$0.36,$0.36,$6,$0,$0,$22,$1197,$0,$44,$96,$1338,$1360,$115,$591,$45,$636,$751,$0,$-106,$-2,$609,$1360,$59,$79,$7,$86,$-4,$0,$0,$-19,$-22,$123,$-238,$0,$0,$0,$0,$0,$-4,$-243,$203,$0,$203,$1,$1,$-82,$-3,$119,$-1,$7,$-82
9,2016-06-30,82.68,$18.08,4.57,$12.77,6.48,$-1.56,0.0,$1.32,62.64,$0.02B,$0.14B,0.11,$0.50B,$0.50B,1.0,$0.37B,$0.23B,63.84%,$0.37B,$0.08B,22.19%,$0.37B,$0.08B,22.19%,$0.37B,$0.18B,49.59%,$0.37B,$0.07B,19.73%,$0.37B,$0.04B,10.68%,$0.04B,$0.61B,6.27%,$0.04B,$0.57B,6.76%,$0.04B,$1.30B,3.25%,$0.08B,$1.11B,7.72%,$96,$34,$62,$0,$13,$74,$23,$-3,$20,$0,$20,$20,$12,$49,$23,$32,32,$0.38,$0.37,$2,$0,$0,$16,$1143,$0,$45,$92,$1280,$1296,$144,$496,$43,$539,$683,$0,$-100,$-3,$613,$1296,$39,$51,$5,$56,$-2,$0,$0,$-16,$-20,$75,$-131,$0,$0,$0,$0,$0,$0,$-131,$108,$0,$108,$1,$1,$-55,$-3,$52,$-5,$4,$-55
10,2016-03-31,64.87,$20.02,3.24,$13.05,4.97,$0.55,118.97,$1.17,55.45,$0.02B,$0.10B,0.2,$0.46B,$0.50B,0.91,$0.35B,$0.22B,63.43%,$0.35B,$0.07B,20.86%,$0.35B,$0.07B,20.86%,$0.35B,$0.17B,48.86%,$0.35B,$0.07B,18.57%,$0.35B,$0.03B,9.43%,$0.03B,$0.62B,5.24%,$0.03B,$0.57B,5.65%,$0.03B,$1.22B,2.87%,$0.07B,$1.08B,7.15%,$92,$33,$59,$0,$13,$71,$22,$-2,$20,$0,$20,$20,$11,$47,$22,$30,31,$0.37,$0.37,$3,$0,$0,$19,$1060,$0,$45,$93,$1198,$1218,$96,$459,$44,$502,$599,$0,$-94,$-2,$619,$1218,$20,$25,$2,$27,$-4,$0,$0,$-11,$-20,$26,$-71,$0,$0,$0,$0,$0,$0,$-71,$69,$0,$69,$1,$1,$-27,$-1,$41,$-4,$2,$-27
11,2015-12-31,52.16,$20.43,2.55,$13.43,3.88,$2.36,22.1,$1.01,51.65,$0.02B,$0.10B,0.18,$0.39B,$0.51B,0.77,$0.33B,$0.21B,63.36%,$0.33B,$0.06B,19.22%,$0.33B,$0.06B,19.22%,$0.33B,$0.16B,48.05%,$0.33B,$0.06B,17.12%,$0.33B,$0.03B,8.11%,$0.03B,$0.63B,4.23%,$0.03B,$0.58B,4.57%,$0.03B,$1.16B,2.42%,$0.06B,$1.02B,6.42%,$91,$33,$58,$0,$14,$72,$19,$-2,$17,$0,$17,$17,$9,$44,$19,$25,26,$0.35,$0.34,$7,$0,$0,$19,$1011,$0,$46,$87,$1143,$1163,$104,$391,$41,$432,$536,$0,$-89,$-0,$626,$1163,$57,$96,$7,$104,$-2,$0,$0,$-22,$-18,$143,$-128,$0,$0,$0,$0,$0,$0,$-128,$74,$0,$74,$1,$1,$-87,$-7,$-19,$-4,$7,$-87
12,2015-09-30,46.87,$23.73,1.98,$13.23,3.54,$1.47,31.92,$0.90,52.08,$0.02B,$0.08B,0.3,$0.36B,$0.52B,0.7,$0.31B,$0.20B,63.06%,$0.31B,$0.06B,18.15%,$0.31B,$0.06B,18.15%,$0.31B,$0.15B,48.09%,$0.31B,$0.05B,16.56%,$0.31B,$0.02B,7.32%,$0.02B,$0.63B,3.56%,$0.02B,$0.59B,3.84%,$0.02B,$1.12B,2.10%,$0.06B,$0.99B,5.78%,$86,$33,$54,$0,$12,$70,$17,$-2,$15,$0,$15,$15,$7,$41,$17,$26,27,$0.26,$0.26,$9,$0,$0,$24,$960,$0,$46,$85,$1092,$1116,$80,$360,$44,$404,$484,$0,$-82,$-2,$632,$1116,$39,$72,$6,$77,$-4,$0,$0,$-13,$-13,$103,$-75,$0,$0,$0,$0,$0,$0,$-75,$42,$0,$42,$1,$1,$-66,$-7,$-29,$-1,$5,$-66
13,2015-06-30,41.06,$24.23,1.69,$13.23,3.1,$-0.17,0.0,$0.78,52.64,$0.02B,$0.06B,0.35,$0.35B,$0.53B,0.67,$0.30B,$0.19B,62.21%,$0.30B,$0.05B,16.72%,$0.30B,$0.05B,16.72%,$0.30B,$0.14B,47.16%,$0.30B,$0.05B,15.38%,$0.30B,$0.02B,6.35%,$0.02B,$0.64B,2.90%,$0.02B,$0.60B,3.13%,$0.02B,$1.10B,1.76%,$0.05B,$1.00B,5.09%,$81,$30,$51,$0,$12,$67,$15,$-2,$13,$0,$13,$13,$6,$39,$15,$25,25,$0.23,$0.22,$8,$0,$0,$23,$950,$0,$47,$78,$1075,$1098,$64,$352,$38,$391,$455,$0,$-78,$-0,$643,$1098,$25,$47,$3,$51,$-5,$0,$0,$-9,$-15,$61,$-52,$0,$0,$0,$0,$0,$0,$-52,$34,$0,$34,$1,$1,$-44,$-3,$-12,$-3,$3,$-44
14,2015-03-31,43.58,$29.50,1.48,$13.02,3.35,$-0.58,0.0,$0.74,58.9,$0.02B,$0.07B,0.34,$0.33B,$0.54B,0.62,$0.28B,$0.18B,62.68%,$0.28B,$0.05B,16.55%,$0.28B,$0.05B,16.55%,$0.28B,$0.13B,47.18%,$0.28B,$0.04B,15.49%,$0.28B,$0.02B,5.99%,$0.02B,$0.65B,2.57%,$0.02B,$0.60B,2.77%,$0.02B,$1.09B,1.59%,$0.05B,$0.98B,4.84%,$75,$27,$48,$0,$12,$61,$13,$-1,$12,$0,$12,$12,$5,$36,$13,$21,22,$0.21,$0.21,$12,$0,$0,$23,$942,$0,$48,$74,$1064,$1086,$67,$334,$36,$370,$437,$0,$-72,$-1,$650,$1086,$12,$23,$2,$25,$-1,$0,$0,$-5,$-6,$31,$-23,$0,$0,$0,$0,$0,$0,$-23,$15,$0,$15,$0,$0,$-22,$0,$-6,$1,$2,$-22
15,2014-12-31,34.66,$30.26,1.15,$12.58,2.75,$-1.08,0.0,$0.66,52.52,$0.02B,$0.07B,0.32,$0.32B,$0.54B,0.59,$0.27B,$0.17B,61.90%,$0.27B,$0.04B,15.75%,$0.27B,$0.04B,15.75%,$0.27B,$0.13B,46.15%,$0.27B,$0.04B,14.65%,$0.27B,$0.02B,5.49%,$0.02B,$0.66B,2.24%,$0.02B,$0.61B,2.42%,$0.02B,$1.08B,1.42%,$0.04B,$0.98B,4.48%,$72,$28,$45,$0,$10,$60,$12,$-0,$12,$0,$12,$12,$5,$35,$12,$21,22,$0.22,$0.21,$11,$0,$0,$21,$931,$0,$48,$75,$1054,$1075,$65,$318,$34,$351,$416,$0,$-68,$-0,$658,$1075,$40,$82,$6,$88,$-1,$0,$0,$-23,$-28,$100,$-106,$0,$0,$0,$0,$0,$0,$-106,$86,$0,$86,$2,$2,$-74,$-3,$12,$5,$6,$-74
16,2014-09-30,28.87,$30.68,0.94,$12.11,2.38,$-5.19,0.0,$0.60,48.11,$0.02B,$0.06B,0.36,$0.31B,$0.55B,0.55,$0.26B,$0.16B,61.45%,$0.26B,$0.04B,15.65%,$0.26B,$0.04B,15.65%,$0.26B,$0.12B,45.04%,$0.26B,$0.04B,14.12%,$0.26B,$0.01B,4.96%,$0.01B,$0.67B,1.92%,$0.01B,$0.62B,2.07%,$0.01B,$1.06B,1.25%,$0.04B,$0.97B,4.33%,$71,$28,$42,$0,$11,$60,$10,$-1,$9,$0,$9,$9,$3,$31,$10,$21,22,$0.15,$0.14,$9,$0,$0,$21,$926,$0,$49,$67,$1042,$1063,$58,$305,$33,$338,$396,$0,$-63,$0,$666,$1063,$28,$59,$6,$65,$-2,$0,$0,$-12,$-18,$75,$-87,$0,$0,$0,$0,$0,$0,$-87,$73,$0,$73,$2,$2,$-55,$-2,$17,$4,$5,$-55
17,2014-06-30,28.73,$31.17,0.92,$11.68,2.46,$-6.84,0.0,$0.60,47.89,$0.02B,$0.07B,0.29,$0.28B,$0.56B,0.5,$0.25B,$0.16B,61.51%,$0.25B,$0.04B,15.87%,$0.25B,$0.04B,15.87%,$0.25B,$0.11B,44.84%,$0.25B,$0.04B,14.68%,$0.25B,$0.01B,5.16%,$0.01B,$0.67B,1.90%,$0.01B,$0.62B,2.05%,$0.01B,$1.06B,1.28%,$0.04B,$0.95B,4.35%,$66,$23,$43,$0,$10,$54,$12,$-1,$11,$-0,$11,$11,$4,$32,$12,$21,22,$0.18,$0.18,$11,$0,$0,$21,$923,$0,$50,$62,$1036,$1057,$74,$277,$32,$309,$383,$0,$-59,$-0,$674,$1057,$19,$38,$4,$42,$-0,$0,$0,$1,$-6,$55,$-55,$0,$0,$0,$0,$0,$0,$-55,$44,$0,$44,$0,$0,$-37,$-1,$7,$6,$3,$-37
18,2014-03-31,26.65,$31.47,0.85,$11.33,2.35,$-8.00,0.0,$0.54,49.35,$0.02B,$0.06B,0.33,$0.26B,$0.57B,0.46,$0.24B,$0.15B,60.25%,$0.24B,$0.04B,15.16%,$0.24B,$0.04B,15.16%,$0.24B,$0.11B,43.44%,$0.24B,$0.03B,13.93%,$0.24B,$0.01B,4.92%,$0.01B,$0.68B,1.74%,$0.01B,$0.63B,1.88%,$0.01B,$1.04B,1.22%,$0.04B,$0.94B,4.16%,$64,$24,$39,$0,$11,$54,$9,$-1,$8,$0,$8,$8,$3,$28,$9,$21,22,$0.13,$0.13,$10,$0,$0,$21,$902,$0,$51,$62,$1015,$1036,$63,$260,$32,$292,$355,$0,$-55,$0,$681,$1036,$8,$18,$2,$20,$-0,$0,$0,$2,$-2,$27,$-30,$0,$0,$0,$0,$0,$0,$-30,$28,$0,$28,$0,$0,$-19,$-1,$8,$5,$2,$-19
19,2013-12-31,27.36,$32.18,0.85,$10.95,2.5,$-8.53,0.0,$0.50,54.72,$0.02B,$0.07B,0.23,$0.23B,$0.57B,0.41,$0.24B,$0.14B,60.43%,$0.24B,$0.04B,14.89%,$0.24B,$0.04B,14.89%,$0.24B,$0.10B,42.98%,$0.24B,$0.03B,13.62%,$0.24B,$0.01B,4.68%,$0.01B,$0.69B,1.58%,$0.01B,$0.64B,1.71%,$0.01B,$1.02B,1.16%,$0.04B,$0.92B,4.08%,$61,$24,$37,$0,$11,$52,$10,$-1,$9,$-0,$9,$9,$3,$27,$10,$21,22,$0.14,$0.14,$5,$0,$0,$16,$893,$0,$52,$56,$1001,$1016,$68,$233,$28,$260,$328,$0,$-50,$0,$688,$1016,$32,$67,$7,$74,$-1,$0,$0,$-11,$-8,$98,$-193,$0,$-22,$0,$0,$0,$0,$-214,$173,$0,$173,$1,$1,$-57,$-3,$114,$-3,$7,$-57
20,2013-09-30,28.53,$32.49,0.88,$10.73,2.66,$-5.14,0.0,$0.46,62.03,$0.01B,$0.08B,0.16,$0.17B,$0.58B,0.29,$0.23B,$0.14B,60.26%,$0.23B,$0.03B,13.54%,$0.23B,$0.03B,13.54%,$0.23B,$0.09B,40.17%,$0.23B,$0.03B,12.23%,$0.23B,$0.01B,4.37%,$0.01B,$0.70B,1.42%,$0.01B,$0.64B,1.55%,$0.01B,$0.97B,1.11%,$0.03B,$0.86B,3.78%,$61,$25,$36,$0,$10,$51,$9,$-1,$9,$0,$9,$9,$3,$26,$9,$21,21,$0.14,$0.14,$1,$0,$0,$12,$853,$0,$54,$48,$954,$966,$75,$167,$28,$195,$270,$0,$-46,$0,$696,$966,$23,$49,$6,$55,$-1,$0,$0,$-4,$-2,$75,$-123,$0,$-22,$0,$0,$0,$0,$-145,$107,$0,$107,$1,$1,$-42,$-3,$62,$-7,$5,$-42
21,2013-06-30,26.54,$32.70,0.81,$10.46,2.54,$-3.27,0.0,$0.38,69.83,$0.01B,$0.05B,0.21,$0.13B,$0.59B,0.23,$0.22B,$0.13B,59.91%,$0.22B,$0.03B,12.16%,$0.22B,$0.03B,12.16%,$0.22B,$0.09B,40.09%,$0.22B,$0.02B,9.91%,$0.22B,$0.01B,3.60%,$0.01B,$0.70B,1.18%,$0.01B,$0.65B,1.29%,$0.01B,$0.91B,0.92%,$0.03B,$0.83B,3.40%,$58,$22,$35,$0,$10,$49,$9,$-1,$8,$0,$8,$8,$3,$25,$9,$21,21,$0.13,$0.12,$3,$0,$0,$11,$795,$0,$55,$45,$896,$907,$50,$132,$25,$157,$207,$0,$-43,$0,$700,$907,$14,$33,$4,$36,$2,$0,$0,$-4,$-5,$46,$-72,$0,$-22,$0,$0,$0,$0,$-93,$72,$0,$72,$1,$1,$-28,$-3,$42,$-5,$4,$-28
22,2013-03-31,28.93,$32.95,0.88,$10.19,2.84,$-2.43,0.0,$0.30,96.42,$0.02B,$0.05B,0.38,$0.11B,$0.59B,0.19,$0.22B,$0.13B,59.07%,$0.22B,$0.02B,10.23%,$0.22B,$0.02B,10.23%,$0.22B,$0.09B,40.00%,$0.22B,$0.02B,7.91%,$0.22B,$0.01B,2.79%,$0.01B,$0.71B,0.91%,$0.01B,$0.65B,1.01%,$0.01B,$0.89B,0.71%,$0.02B,$0.82B,2.83%,$55,$22,$34,$0,$11,$48,$7,$-0,$6,$0,$6,$6,$2,$23,$7,$21,21,$0.09,$0.09,$9,$0,$0,$19,$768,$0,$57,$48,$873,$892,$50,$111,$26,$137,$187,$0,$-40,$0,$705,$892,$6,$16,$2,$18,$-0,$0,$0,$-2,$-6,$18,$-33,$0,$-22,$0,$0,$0,$0,$-55,$52,$0,$52,$0,$0,$-13,$-2,$37,$0,$2,$-13
23,2012-12-31,22.7,$33.52,0.68,$9.89,2.29,$-1.98,0.0,$0.24,94.58,$0.02B,$0.05B,0.36,$0.06B,$0.60B,0.1,$0.21B,$0.12B,57.49%,$0.21B,$0.02B,8.21%,$0.21B,$0.02B,8.21%,$0.21B,$0.08B,39.13%,$0.21B,$0.01B,5.80%,$0.21B,$0.01B,2.42%,$0.01B,$0.71B,0.79%,$0.01B,$0.65B,0.88%,$0.01B,$0.85B,0.61%,$0.02B,$0.77B,2.24%,$55,$22,$33,$0,$11,$49,$6,$-1,$5,$0,$5,$5,$2,$18,$6,$21,21,$0.09,$0.09,$8,$0,$0,$18,$724,$0,$61,$43,$827,$845,$51,$60,$24,$84,$135,$0,$-36,$0,$711,$845,$11,$65,$6,$71,$-4,$0,$0,$-11,$-13,$69,$-90,$0,$-3,$0,$0,$0,$9,$-84,$-62,$0,$-62,$2,$117,$-33,$-5,$17,$2,$6,$-33
24,2012-09-30,21.89,$28.71,0.76,$9.61,2.28,$-3.84,0.0,$0.14,156.39,$0.02B,$0.04B,0.54,$0.15B,$0.61B,0.26,$0.20B,$0.11B,55.56%,$0.20B,$0.01B,6.06%,$0.20B,$0.01B,6.06%,$0.20B,$0.08B,38.89%,$0.20B,$0.01B,3.54%,$0.20B,$0.00B,1.52%,$0.00B,$0.61B,0.49%,$0.00B,$0.54B,0.55%,$0.00B,$0.83B,0.37%,$0.01B,$0.76B,1.60%,$54,$23,$31,$0,$9,$49,$5,$-2,$3,$1,$3,$3,$1,$23,$5,$21,21,$0.06,$0.06,$14,$0,$0,$24,$701,$0,$65,$38,$804,$827,$44,$154,$22,$177,$221,$0,$-32,$-0,$606,$827,$6,$52,$0,$52,$-4,$0,$0,$-8,$-11,$48,$-56,$0,$-3,$0,$0,$0,$9,$-49,$33,$0,$33,$1,$1,$-25,$-0,$8,$7,$0,$-25
25,2012-06-30,20.84,$28.88,0.72,$9.32,2.24,$-5.97,0.0,$0.09,231.6,$0.02B,$0.04B,0.61,$0.15B,$0.61B,0.24,$0.19B,$0.10B,54.26%,$0.19B,$0.01B,4.26%,$0.19B,$0.01B,4.26%,$0.19B,$0.07B,38.30%,$0.19B,$0.00B,2.13%,$0.19B,$0.00B,1.06%,$0.00B,$0.61B,0.32%,$0.00B,$0.54B,0.37%,$0.00B,$0.82B,0.25%,$0.01B,$0.76B,1.07%,$51,$22,$29,$0,$9,$47,$4,$-1,$3,$1,$2,$2,$1,$22,$4,$21,21,$0.04,$0.04,$14,$0,$0,$22,$687,$0,$69,$38,$795,$817,$37,$146,$24,$170,$207,$0,$-30,$-0,$610,$817,$3,$34,$0,$34,$-1,$0,$0,$-8,$-9,$28,$-35,$0,$-3,$0,$0,$0,$0,$-38,$25,$0,$25,$1,$1,$-17,$-0,$9,$-1,$0,$-17
26,2012-03-31,18.91,$29.54,0.64,$9.08,2.08,$-7.07,0.0,$-0.03,0.0,$0.02B,$0.04B,0.51,$0.13B,$0.61B,0.22,$0.18B,$0.10B,53.07%,$0.18B,$0.00B,0.56%,$0.18B,$0.00B,0.56%,$0.18B,$0.07B,36.31%,$0.18B,$-0.00B,-1.68%,$0.18B,$-0.00B,-0.56%,$-0.00B,$0.61B,-0.16%,$-0.00B,$0.54B,-0.18%,$-0.00B,$0.81B,-0.12%,$0.00B,$0.75B,0.13%,$47,$21,$26,$0,$8,$45,$2,$-1,$1,$-0,$1,$1,$1,$18,$2,$20,21,$0.03,$0.03,$13,$0,$0,$20,$681,$0,$72,$37,$791,$811,$39,$132,$25,$157,$197,$0,$-27,$-0,$614,$811,$1,$16,$0,$16,$-1,$0,$0,$-6,$-5,$13,$-18,$0,$0,$0,$0,$0,$0,$-18,$10,$0,$10,$0,$0,$-8,$-0,$2,$-3,$0,$-8
27,2011-12-31,14.18,$29.89,0.47,$8.85,1.6,$-7.20,0.0,$-0.23,0.0,$0.02B,$0.04B,0.58,$0.12B,$0.62B,0.2,$0.17B,$0.09B,52.33%,$0.17B,$-0.01B,-4.07%,$0.17B,$-0.01B,-4.07%,$0.17B,$0.06B,36.05%,$0.17B,$-0.01B,-6.98%,$0.17B,$-0.01B,-2.91%,$-0.01B,$0.62B,-0.79%,$-0.01B,$0.54B,-0.92%,$-0.01B,$0.81B,-0.61%,$-0.01B,$0.74B,-0.94%,$46,$22,$24,$0,$7,$45,$1,$-1,$0,$-0,$0,$0,$0,$14,$1,$20,20,$0.00,$0.00,$16,$0,$0,$22,$674,$0,$78,$34,$786,$808,$39,$122,$27,$149,$188,$0,$-24,$-0,$620,$808,$-11,$70,$2,$72,$-2,$0,$0,$-6,$0,$61,$-118,$0,$0,$0,$0,$0,$5,$-113,$-3,$0,$-3,$0,$0,$-24,$-2,$-28,$-80,$3,$-24
28,2011-09-30,11.3,$31.60,0.36,$8.47,1.33,$-6.39,0.0,$-0.40,0.0,$0.03B,$0.04B,0.65,$0.11B,$0.63B,0.18,$0.16B,$0.09B,52.44%,$0.16B,$-0.01B,-7.93%,$0.16B,$-0.01B,-7.93%,$0.16B,$0.06B,39.02%,$0.16B,$-0.02B,-11.59%,$0.16B,$-0.01B,-4.88%,$-0.01B,$0.63B,-1.25%,$-0.01B,$0.54B,-1.48%,$-0.01B,$0.81B,-0.97%,$-0.01B,$0.74B,-1.72%,$44,$21,$23,$0,$6,$43,$1,$-1,$0,$-0,$0,$0,$0,$18,$1,$19,20,$0.01,$0.01,$21,$0,$0,$28,$665,$0,$85,$31,$781,$809,$43,$111,$28,$138,$181,$0,$-20,$-0,$627,$809,$-11,$56,$-1,$55,$-2,$0,$0,$-7,$2,$46,$-95,$0,$0,$0,$0,$0,$5,$-90,$-14,$0,$-14,$0,$0,$-18,$-0,$-32,$-76,$0,$-18
29,2011-06-30,12.8,$31.84,0.4,$28.26,0.45,$-71.92,0.0,$-3.55,0.0,$0.05B,$0.04B,1.3,$0.11B,$0.63B,0.18,$0.13B,$0.07B,51.49%,$0.13B,$-0.02B,-13.43%,$0.13B,$-0.02B,-13.43%,$0.13B,$0.05B,35.07%,$0.13B,$-0.02B,-17.91%,$0.13B,$-0.01B,-7.46%,$-0.01B,$0.63B,-1.85%,$-0.01B,$0.54B,-2.31%,$-0.01B,$0.81B,-1.21%,$-0.02B,$0.74B,-2.72%,$42,$21,$22,$0,$7,$46,$-3,$-0,$-4,$-0,$-4,$-4,$-2,$15,$-3,$19,19,$-0.08,$-0.08,$47,$0,$0,$54,$640,$0,$92,$26,$758,$812,$42,$111,$28,$138,$180,$0,$-18,$-0,$632,$812,$-12,$39,$-1,$38,$-1,$0,$0,$-3,$6,$33,$-62,$0,$0,$0,$0,$0,$-1,$-62,$-14,$0,$-14,$0,$0,$-12,$-0,$-26,$-55,$0,$-12
