,Date,Stock Price,Book Value per Share,Price to Book Ratio,TTM Sales per Share,Price to Sales Ratio,TTM FCF per Share,Price to FCF Ratio,TTM Net EPS,PE Ratio,Current Assets,Current Liabilities,Current Ratio,Long Term Debt,Shareholder's Equity_x,Debt to Equity Ratio,TTM Revenue_x,TTM Gross Profit,Gross Margin,TTM Revenue_y,TTM Operating Income,Operating Margin,TTM Revenue_x,TTM EBIT,EBIT Margin,TTM Revenue_y,TTM EBITDA,EBITDA Margin,TTM Revenue_x,TTM Pre-Tax Income,Pre-Tax Margin,TTM Revenue_y,TTM Net Income_x,Net Margin,TTM Net Income_y,Shareholder's Equity_y,Return on Equity,TTM Net Income_x,Tangible Equity,Return on Tangible Equity,TTM Net Income_y,Total Assets,Return on Assets,TTM Net Income,LT Investments & Debt,Return on Investment,revenue,cost-goods-sold,gross-profit,research-development-expenses,selling-general-administrative-expenses,operating-expenses,operating-income,total-non-operating-income-expense,pre-tax-income,total-provision-income-taxes,income-after-taxes,income-from-continuous-operations,net-income,ebitda,ebit,basic-shares-outstanding,shares-outstanding,eps-basic-net-earnings-per-share,eps-earnings-per-share-diluted,cash-on-hand,inventory,other-current-assets,total-current-assets,net-property-plant-equipment,long-term-investments,goodwill-intangible-assets-total,other-long-term-assets,total-long-term-assets,total-assets,total-current-liabilities,long-term-debt,other-non-current-liabilities,total-long-term-liabilities,total-liabilities,common-stock-net,retained-earnings-accumulated-deficit,comprehensive-income,total-share-holder-equity,total-liabilities-share-holders-equity,net-income-loss,total-depreciation-amortization-cash-flow,other-non-cash-items,total-non-cash-items,change-in-accounts-receivable,change-in-inventories,change-in-accounts-payable,change-in-assets-liabilities,total-change-in-assets-liabilities,cash-flow-from-operating-activities,net-change-in-property-plant-equipment,net-change-in-intangible-assets,net-acquisitions-divestitures,net-change-in-short-term-investments,net-change-in-long-term-investments,net-change-in-investments-total,investing-activities-other,cash-flow-from-investing-activities,net-long-term-debt,net-current-debt,debt-issuance-retirement-net-total,net-common-equity-issued-repurchased,net-total-equity-issued-repurchased,total-common-preferred-stock-dividends-paid,financial-activities-other,cash-flow-from-financial-activities,net-cash-flow,stock-based-compensation,common-stock-dividends-paid
0,2018-09-30,37.58,$37.64,1.0,$7.44,5.05,$11.12,3.38,$1.70,22.11,$0.03B,$0.01B,4.75,$0.15B,$0.32B,0.47,$0.09B,$0.09B,100.00%,$0.09B,$0.04B,49.44%,$0.09B,$0.04B,49.44%,$0.09B,$0.07B,80.90%,$0.09B,$0.03B,34.83%,$0.09B,$0.02B,21.35%,$0.02B,$0.45B,4.17%,$0.02B,$0.45B,4.19%,$0.02B,$0.62B,3.03%,$0.04B,$0.60B,7.25%,$23,$0,$23,$0,$5,$12,$11,$-4,$7,$-1,$8,$8,$5,$18,$11,$12,12,$0.44,$0.44,$21,$0,$0,$30,$111,$0,$2,$477,$593,$623,$6,$151,$16,$167,$173,$0,$0,$0,$450,$623,$23,$20,$1,$21,$1,$0,$0,$-5,$-4,$40,$-0,$0,$0,$0,$0,$0,$0,$-0,$-3,$0,$-3,$0,$0,$-33,$-0,$-36,$4,$0,$-26
1,2018-06-30,36.88,$37.94,0.97,$7.43,4.96,$11.39,3.24,$1.83,20.15,$0.03B,$0.00B,5.92,$0.15B,$0.32B,0.47,$0.09B,$0.09B,100.00%,$0.09B,$0.04B,50.00%,$0.09B,$0.04B,50.00%,$0.09B,$0.07B,81.82%,$0.09B,$0.03B,38.64%,$0.09B,$0.02B,23.86%,$0.02B,$0.45B,4.49%,$0.02B,$0.45B,4.51%,$0.02B,$0.62B,3.31%,$0.04B,$0.60B,7.17%,$22,$0,$22,$0,$5,$11,$11,$-4,$7,$-1,$8,$8,$5,$18,$11,$12,12,$0.45,$0.45,$16,$0,$0,$26,$112,$0,$2,$481,$598,$623,$4,$151,$15,$166,$171,$0,$0,$0,$453,$623,$16,$13,$0,$14,$0,$0,$0,$-5,$-7,$23,$-0,$0,$0,$0,$0,$0,$0,$-0,$-2,$0,$-2,$0,$0,$-22,$-0,$-24,$-2,$0,$-17
2,2018-03-31,36.07,$38.24,0.94,$7.41,4.87,$11.84,3.05,$1.96,18.4,$0.03B,$0.01B,3.5,$0.15B,$0.33B,0.47,$0.09B,$0.09B,100.00%,$0.09B,$0.05B,51.14%,$0.09B,$0.05B,51.14%,$0.09B,$0.07B,81.82%,$0.09B,$0.04B,42.05%,$0.09B,$0.02B,26.14%,$0.02B,$0.46B,4.80%,$0.02B,$0.45B,4.81%,$0.02B,$0.63B,3.56%,$0.05B,$0.61B,7.18%,$22,$0,$22,$0,$4,$11,$10,$-3,$7,$-0,$8,$8,$5,$17,$10,$12,12,$0.45,$0.45,$20,$0,$0,$29,$112,$0,$2,$484,$602,$630,$8,$152,$14,$166,$174,$0,$0,$0,$456,$630,$8,$7,$0,$7,$1,$0,$0,$-4,$-1,$14,$-0,$0,$0,$0,$0,$0,$0,$-0,$-1,$0,$-1,$0,$0,$-11,$-0,$-12,$2,$0,$-9
3,2017-12-31,35.93,$38.76,0.93,$7.46,4.82,$12.00,2.99,$2.07,17.36,$0.03B,$0.01B,4.3,$0.15B,$0.33B,0.46,$0.09B,$0.09B,100.00%,$0.09B,$0.05B,53.41%,$0.09B,$0.05B,53.41%,$0.09B,$0.07B,82.95%,$0.09B,$0.04B,43.18%,$0.09B,$0.03B,28.41%,$0.03B,$0.46B,5.28%,$0.03B,$0.46B,5.29%,$0.03B,$0.63B,3.84%,$0.05B,$0.62B,7.43%,$22,$0,$22,$0,$4,$10,$12,$-3,$10,$2,$7,$7,$4,$19,$12,$12,12,$0.36,$0.36,$19,$0,$0,$27,$113,$0,$2,$488,$606,$633,$6,$153,$13,$165,$172,$0,$0,$0,$462,$633,$34,$26,$-2,$24,$1,$0,$0,$-4,$-2,$57,$-0,$0,$0,$0,$8,$8,$0,$8,$-5,$-44,$-49,$0,$71,$-43,$-36,$-56,$8,$0,$-35
4,2017-09-30,32.57,$41.92,0.78,$7.49,4.35,$11.57,2.82,$2.30,14.16,$0.03B,$0.01B,5.32,$0.13B,$0.37B,0.35,$0.09B,$0.09B,100.00%,$0.09B,$0.05B,52.81%,$0.09B,$0.05B,52.81%,$0.09B,$0.07B,80.90%,$0.09B,$0.04B,40.45%,$0.09B,$0.03B,31.46%,$0.03B,$0.50B,6.00%,$0.03B,$0.50B,6.02%,$0.03B,$0.65B,4.28%,$0.05B,$0.63B,7.38%,$22,$0,$22,$0,$5,$11,$11,$-2,$10,$0,$10,$10,$7,$18,$11,$12,12,$0.57,$0.57,$26,$0,$0,$34,$114,$0,$2,$498,$614,$648,$6,$129,$13,$142,$149,$0,$0,$-0,$499,$648,$27,$19,$-1,$18,$1,$0,$0,$-5,$-2,$43,$-0,$0,$0,$0,$0,$0,$0,$0,$-38,$-34,$-72,$0,$71,$-32,$-2,$-35,$8,$0,$-26
5,2017-06-30,30.27,$42.13,0.72,$7.05,4.29,$10.66,2.84,$2.41,12.56,$0.05B,$0.00B,13.7,$0.15B,$0.37B,0.41,$0.09B,$0.09B,100.00%,$0.09B,$0.05B,53.93%,$0.09B,$0.05B,53.93%,$0.09B,$0.07B,80.90%,$0.09B,$0.04B,40.45%,$0.09B,$0.03B,32.58%,$0.03B,$0.50B,6.44%,$0.03B,$0.50B,6.46%,$0.03B,$0.67B,4.41%,$0.05B,$0.65B,7.51%,$22,$0,$22,$0,$4,$10,$12,$-2,$10,$0,$9,$9,$7,$18,$12,$12,12,$0.58,$0.58,$46,$0,$0,$54,$115,$0,$2,$500,$617,$671,$4,$153,$13,$165,$169,$0,$0,$-0,$501,$671,$17,$13,$-0,$13,$1,$0,$0,$-3,$-2,$28,$-0,$0,$0,$0,$0,$0,$0,$0,$-4,$-44,$-48,$0,$71,$-21,$-0,$2,$29,$0,$-17
6,2017-03-31,29.78,$36.35,0.82,$6.65,4.48,$10.00,2.98,$2.49,11.96,$0.05B,$0.01B,7.37,$0.20B,$0.38B,0.53,$0.09B,$0.09B,100.00%,$0.09B,$0.05B,53.93%,$0.09B,$0.05B,53.93%,$0.09B,$0.07B,80.90%,$0.09B,$0.04B,40.45%,$0.09B,$0.03B,33.71%,$0.03B,$0.43B,6.91%,$0.03B,$0.43B,6.94%,$0.03B,$0.65B,4.59%,$0.05B,$0.63B,7.70%,$22,$0,$22,$0,$4,$10,$12,$-4,$8,$-0,$8,$8,$7,$18,$12,$12,12,$0.56,$0.56,$20,$0,$0,$45,$116,$0,$2,$487,$604,$649,$6,$198,$13,$211,$217,$0,$0,$-0,$432,$649,$8,$6,$0,$7,$1,$0,$0,$-2,$1,$16,$0,$0,$0,$0,$0,$0,$0,$0,$-2,$0,$-2,$0,$0,$-10,$0,$-12,$3,$0,$-9
7,2016-12-31,30.12,$36.51,0.82,$6.66,4.52,$10.08,2.99,$2.13,14.14,$0.03B,$0.00B,6.1,$0.20B,$0.38B,0.53,$0.09B,$0.09B,100.00%,$0.09B,$0.04B,49.44%,$0.09B,$0.04B,49.44%,$0.09B,$0.07B,76.40%,$0.09B,$0.03B,33.71%,$0.09B,$0.03B,28.09%,$0.03B,$0.43B,5.74%,$0.03B,$0.43B,5.76%,$0.03B,$0.65B,3.79%,$0.04B,$0.64B,7.15%,$23,$0,$23,$0,$5,$11,$12,$-3,$8,$-0,$8,$8,$7,$18,$12,$12,12,$0.59,$0.60,$17,$0,$0,$25,$116,$0,$2,$507,$625,$651,$4,$201,$12,$213,$217,$0,$-0,$0,$434,$651,$31,$25,$4,$28,$-0,$0,$0,$-8,$-8,$51,$0,$0,$0,$0,$0,$0,$0,$0,$-61,$44,$-17,$-2,$-2,$-39,$-0,$-58,$-7,$0,$-35
8,2016-09-30,24.65,$36.64,0.67,$6.84,3.6,$10.44,2.36,$1.76,14.0,$0.04B,$0.01B,6.24,$0.20B,$0.38B,0.54,$0.09B,$0.09B,100.00%,$0.09B,$0.04B,44.32%,$0.09B,$0.04B,44.32%,$0.09B,$0.06B,71.59%,$0.09B,$0.03B,29.55%,$0.09B,$0.02B,23.86%,$0.02B,$0.44B,4.79%,$0.02B,$0.43B,4.81%,$0.02B,$0.66B,3.15%,$0.04B,$0.64B,6.28%,$22,$0,$22,$0,$5,$10,$12,$-2,$10,$0,$10,$10,$8,$18,$12,$12,15,$0.69,$0.68,$20,$0,$0,$40,$118,$0,$2,$496,$618,$658,$6,$203,$14,$216,$223,$0,$0,$-0,$435,$658,$23,$18,$4,$22,$1,$0,$0,$-6,$-3,$42,$-0,$0,$0,$0,$0,$0,$1,$0,$-59,$44,$-15,$-2,$-2,$-29,$-0,$-46,$-5,$0,$-26
9,2016-06-30,23.64,$36.67,0.64,$7.26,3.26,$10.33,2.29,$1.03,22.95,$0.04B,$0.06B,0.62,$0.15B,$0.38B,0.41,$0.09B,$0.09B,100.00%,$0.09B,$0.03B,35.23%,$0.09B,$0.03B,35.23%,$0.09B,$0.06B,63.64%,$0.09B,$0.02B,17.05%,$0.09B,$0.01B,13.64%,$0.01B,$0.44B,2.72%,$0.01B,$0.43B,2.74%,$0.01B,$0.66B,1.78%,$0.03B,$0.59B,4.94%,$22,$0,$22,$0,$4,$10,$12,$-2,$10,$0,$9,$9,$8,$18,$12,$12,15,$0.66,$0.66,$16,$0,$0,$35,$118,$0,$2,$500,$624,$659,$57,$154,$13,$167,$224,$0,$0,$-0,$435,$659,$13,$12,$5,$17,$1,$0,$0,$-5,$-4,$26,$-0,$0,$0,$0,$0,$0,$1,$0,$-55,$44,$-11,$-2,$-2,$-20,$-0,$-33,$-7,$0,$-18
10,2016-03-31,15.94,$36.63,0.44,$7.11,2.24,$-15.19,0.0,$0.67,23.8,$0.04B,$0.06B,0.69,$0.16B,$0.38B,0.42,$0.08B,$0.08B,98.73%,$0.08B,$0.02B,30.38%,$0.08B,$0.02B,30.38%,$0.08B,$0.05B,59.49%,$0.08B,$0.01B,12.66%,$0.08B,$0.01B,8.86%,$0.01B,$0.44B,1.56%,$0.01B,$0.44B,1.58%,$0.01B,$0.67B,1.02%,$0.02B,$0.60B,3.76%,$22,$0,$22,$0,$5,$15,$8,$-5,$2,$-1,$4,$4,$2,$14,$8,$12,12,$0.20,$0.20,$20,$0,$0,$38,$119,$0,$2,$507,$631,$669,$55,$160,$16,$177,$232,$0,$-0,$0,$438,$669,$4,$6,$6,$11,$-3,$0,$0,$3,$2,$17,$-0,$0,$0,$0,$0,$0,$0,$-0,$-52,$44,$-8,$0,$0,$-10,$-0,$-18,$-2,$0,$-9
11,2015-12-31,11.12,$37.20,0.3,$6.75,1.65,$-16.14,0.0,$0.82,13.57,$0.04B,$0.00B,10.59,$0.22B,$0.39B,0.56,$0.07B,$0.07B,97.18%,$0.07B,$0.02B,29.58%,$0.07B,$0.02B,29.58%,$0.07B,$0.04B,59.15%,$0.07B,$0.01B,18.31%,$0.07B,$0.01B,11.27%,$0.01B,$0.44B,1.84%,$0.01B,$0.44B,1.86%,$0.01B,$0.68B,1.27%,$0.02B,$0.66B,3.49%,$22,$1,$22,$0,$3,$15,$7,$-4,$4,$-0,$4,$4,$3,$13,$7,$11,11,$0.15,$0.16,$23,$0,$0,$43,$120,$0,$2,$513,$635,$678,$4,$217,$13,$230,$234,$0,$0,$0,$444,$678,$14,$21,$12,$32,$2,$0,$0,$-5,$-4,$43,$8,$0,$0,$0,$0,$0,$-252,$-245,$150,$-32,$118,$73,$127,$-32,$-4,$209,$7,$0,$-29
12,2015-09-30,16.09,$37.73,0.43,$6.44,2.5,$-18.27,0.0,$0.60,26.81,$0.05B,$0.01B,3.37,$0.21B,$0.39B,0.54,$0.06B,$0.06B,93.44%,$0.06B,$0.02B,26.23%,$0.06B,$0.02B,26.23%,$0.06B,$0.04B,57.38%,$0.06B,$0.01B,13.11%,$0.06B,$0.01B,8.20%,$0.01B,$0.45B,1.22%,$0.01B,$0.44B,1.24%,$0.01B,$0.69B,0.87%,$0.02B,$0.66B,2.98%,$22,$0,$22,$0,$4,$18,$4,$-5,$-1,$-2,$1,$1,$-1,$11,$4,$12,12,$-0.05,$-0.05,$26,$0,$0,$49,$120,$0,$7,$513,$641,$690,$14,$213,$12,$225,$240,$0,$0,$-0,$450,$690,$10,$15,$6,$21,$-2,$0,$0,$-0,$-0,$31,$-0,$0,$0,$0,$0,$0,$-244,$-244,$153,$-32,$121,$73,$127,$-22,$-3,$222,$9,$0,$-20
13,2015-06-30,22.46,$38.53,0.58,$6.06,3.7,$-18.04,0.0,$1.00,22.46,$0.05B,$0.05B,1.03,$0.17B,$0.40B,0.43,$0.05B,$0.04B,89.58%,$0.05B,$0.02B,31.25%,$0.05B,$0.02B,31.25%,$0.05B,$0.03B,62.50%,$0.05B,$0.01B,25.00%,$0.05B,$0.01B,16.67%,$0.01B,$0.46B,2.23%,$0.01B,$0.45B,2.26%,$0.01B,$0.70B,1.66%,$0.02B,$0.63B,3.34%,$13,$1,$12,$0,$3,$7,$5,$-1,$5,$-0,$5,$5,$3,$9,$5,$10,10,$0.33,$0.32,$23,$0,$0,$52,$121,$0,$6,$517,$644,$696,$51,$173,$12,$186,$237,$0,$0,$0,$459,$696,$9,$8,$-1,$7,$-0,$0,$0,$-1,$-2,$15,$-250,$0,$0,$0,$0,$0,$8,$-242,$109,$10,$120,$73,$128,$-13,$-1,$233,$5,$0,$-12
14,2015-03-31,24.15,$41.75,0.58,$6.20,3.89,$0.88,27.3,$1.20,20.12,$0.07B,$0.01B,7.57,$0.06B,$0.33B,0.19,$0.04B,$0.04B,88.64%,$0.04B,$0.01B,29.55%,$0.04B,$0.01B,29.55%,$0.04B,$0.03B,61.36%,$0.04B,$0.01B,25.00%,$0.04B,$0.01B,18.18%,$0.01B,$0.39B,2.62%,$0.01B,$0.38B,2.65%,$0.01B,$0.46B,2.05%,$0.01B,$0.45B,3.52%,$14,$1,$13,$0,$4,$9,$5,$-0,$5,$0,$4,$4,$3,$9,$5,$9,9,$0.36,$0.36,$37,$0,$0,$67,$122,$0,$6,$267,$395,$462,$9,$63,$0,$64,$73,$0,$0,$0,$389,$462,$4,$4,$-1,$4,$-1,$0,$0,$-1,$-2,$6,$-2,$0,$0,$0,$0,$0,$-0,$-2,$-1,$-32,$-32,$0,$54,$-6,$-1,$15,$19,$0,$-6
15,2014-12-31,22.15,$36.21,0.61,$6.38,3.47,$-5.19,0.0,$1.20,18.46,$0.05B,$0.04B,1.14,$0.06B,$0.34B,0.19,$0.04B,$0.03B,82.50%,$0.04B,$0.01B,27.50%,$0.04B,$0.01B,27.50%,$0.04B,$0.02B,60.00%,$0.04B,$0.01B,22.50%,$0.04B,$0.01B,17.50%,$0.01B,$0.34B,2.59%,$0.01B,$0.33B,2.60%,$0.01B,$0.44B,1.96%,$0.01B,$0.40B,3.28%,$12,$2,$10,$0,$7,$9,$2,$-4,$-1,$-2,$0,$0,$0,$6,$2,$7,7,$-0.09,$-0.09,$17,$0,$0,$46,$123,$0,$6,$269,$397,$444,$41,$64,$1,$66,$106,$0,$0,$0,$338,$444,$9,$14,$-5,$10,$-0,$0,$0,$1,$-1,$17,$-0,$0,$0,$0,$11,$11,$-188,$-177,$-3,$32,$29,$142,$142,$-15,$-6,$150,$-10,$0,$-15
16,2014-09-30,25.13,$38.87,0.65,$6.23,4.03,$-6.55,0.0,$1.55,16.21,$0.05B,$0.01B,7.01,$0.06B,$0.25B,0.26,$0.04B,$0.03B,80.56%,$0.04B,$0.01B,30.56%,$0.04B,$0.01B,30.56%,$0.04B,$0.02B,63.89%,$0.04B,$0.01B,36.11%,$0.04B,$0.01B,25.00%,$0.01B,$0.25B,3.79%,$0.01B,$0.25B,3.79%,$0.01B,$0.32B,2.84%,$0.01B,$0.31B,3.63%,$9,$1,$8,$0,$0,$7,$3,$-0,$3,$0,$2,$2,$2,$6,$3,$6,6,$0.30,$0.30,$31,$0,$1,$49,$3,$1,$0,$270,$276,$324,$7,$64,$1,$71,$78,$0,$0,$1,$246,$324,$8,$10,$-3,$7,$0,$0,$0,$1,$2,$18,$-0,$0,$0,$0,$0,$0,$-60,$-60,$-2,$-0,$-2,$46,$46,$-11,$-2,$30,$-12,$0,$-11
17,2014-06-30,24.5,$39.22,0.62,$6.32,3.87,$-8.73,0.0,$1.30,18.84,$0.05B,$0.01B,7.92,$0.07B,$0.25B,0.26,$0.04B,$0.03B,77.14%,$0.04B,$0.01B,25.71%,$0.04B,$0.01B,25.71%,$0.04B,$0.02B,60.00%,$0.04B,$0.01B,34.29%,$0.04B,$0.01B,20.00%,$0.01B,$0.25B,3.08%,$0.01B,$0.25B,3.09%,$0.01B,$0.33B,2.28%,$0.01B,$0.31B,3.06%,$9,$1,$8,$0,$0,$6,$3,$1,$4,$1,$3,$3,$3,$6,$3,$6,6,$0.50,$0.50,$45,$0,$0,$51,$3,$0,$0,$271,$276,$328,$6,$65,$2,$73,$80,$0,$0,$0,$248,$328,$6,$7,$-3,$4,$1,$0,$0,$2,$3,$12,$-44,$0,$0,$0,$0,$0,$-3,$-47,$-1,$-0,$-1,$46,$46,$-7,$-2,$36,$1,$0,$-7
18,2014-03-31,21.91,$39.60,0.55,$6.47,3.39,$-2.78,0.0,$0.80,27.39,$0.06B,$0.01B,7.8,$0.07B,$0.25B,0.26,$0.03B,$0.03B,73.53%,$0.03B,$0.01B,23.53%,$0.03B,$0.01B,23.53%,$0.03B,$0.02B,58.82%,$0.03B,$0.01B,26.47%,$0.03B,$0.00B,11.76%,$0.00B,$0.25B,1.84%,$0.00B,$0.25B,1.85%,$0.00B,$0.33B,1.35%,$0.01B,$0.32B,2.80%,$10,$3,$7,$0,$0,$8,$3,$0,$3,$1,$2,$2,$2,$6,$3,$6,6,$0.35,$0.35,$47,$0,$1,$55,$3,$0,$0,$272,$277,$332,$7,$66,$3,$74,$81,$0,$1,$1,$251,$332,$2,$3,$-2,$2,$0,$0,$0,$3,$4,$8,$-42,$0,$0,$0,$0,$0,$-4,$-46,$-0,$0,$0,$46,$46,$-3,$-0,$43,$5,$0,$-3
19,2013-12-31,22.71,$42.54,0.53,$6.48,3.5,$2.55,8.91,$0.95,23.9,$0.05B,$0.01B,7.6,$0.07B,$0.21B,0.33,$0.03B,$0.02B,75.00%,$0.03B,$0.01B,21.88%,$0.03B,$0.01B,21.88%,$0.03B,$0.02B,59.38%,$0.03B,$0.01B,31.25%,$0.03B,$0.00B,12.50%,$0.00B,$0.21B,2.59%,$0.00B,$0.21B,2.60%,$0.00B,$0.28B,1.87%,$0.01B,$0.27B,3.39%,$8,$2,$6,$0,$5,$6,$2,$1,$3,$1,$2,$2,$2,$5,$2,$5,5,$0.32,$0.32,$41,$0,$1,$45,$3,$0,$0,$233,$239,$284,$6,$67,$0,$72,$78,$0,$2,$1,$206,$284,$6,$12,$-3,$9,$-2,$0,$0,$-1,$-8,$8,$-2,$0,$0,$0,$6,$6,$2,$5,$-0,$0,$0,$-1,$-1,$-9,$-3,$-13,$0,$0,$-9
20,2013-09-30,22.32,$42.28,0.53,$6.39,3.49,$6.62,3.37,$0.40,55.81,$0.04B,$0.01B,7.83,$0.07B,$0.20B,0.34,$0.03B,$0.02B,70.37%,$0.03B,$0.01B,18.52%,$0.03B,$0.01B,29.63%,$0.03B,$0.01B,51.85%,$0.03B,$0.01B,37.04%,$0.03B,$0.00B,7.41%,$0.00B,$0.20B,1.94%,$0.00B,$0.20B,1.95%,$0.00B,$0.28B,1.40%,$0.01B,$0.27B,3.62%,$8,$1,$6,$0,$1,$6,$1,$1,$2,$1,$1,$1,$0,$4,$1,$5,5,$0.10,$0.10,$41,$0,$1,$44,$3,$0,$0,$236,$241,$284,$6,$70,$0,$75,$80,$0,$0,$1,$204,$284,$4,$9,$-2,$7,$-0,$0,$0,$-2,$-8,$3,$-0,$0,$0,$0,$6,$6,$1,$7,$-0,$0,$-0,$0,$0,$-6,$-2,$-8,$1,$0,$-6
21,2013-06-30,21.8,$42.97,0.51,$4.82,4.52,$6.00,3.63,$0.30,72.68,$0.05B,$0.01B,5.89,$0.07B,$0.21B,0.34,$0.02B,$0.01B,68.42%,$0.02B,$0.00B,21.05%,$0.02B,$0.01B,36.84%,$0.02B,$0.01B,52.63%,$0.02B,$0.01B,42.11%,$0.02B,$0.00B,10.53%,$0.00B,$0.21B,2.61%,$0.00B,$0.21B,2.62%,$0.00B,$0.29B,2.00%,$0.00B,$0.28B,4.24%,$8,$1,$6,$0,$1,$6,$2,$-1,$1,$0,$0,$0,$0,$5,$2,$5,5,$0.02,$0.02,$42,$0,$1,$45,$3,$0,$1,$239,$244,$289,$8,$70,$1,$74,$81,$0,$7,$1,$208,$289,$3,$6,$-2,$4,$-0,$0,$0,$3,$-2,$5,$-0,$0,$0,$0,$6,$6,$1,$6,$-0,$0,$-0,$0,$0,$-6,$-2,$-8,$3,$0,$-6
22,2013-03-31,20.99,$0.00,0.0,$3.26,6.45,$4.98,4.22,$3.00,7.0,$0.00B,$0.00B,0.0,$0.00B,$0.00B,0.0,$0.01B,$0.01B,54.55%,$0.01B,$-0.00B,-9.09%,$0.01B,$0.00B,18.18%,$0.01B,$0.00B,27.27%,$0.01B,$0.01B,109.09%,$0.01B,$0.01B,63.64%,$0.01B,$0.00B,14.14%,$0.01B,$0.00B,14.29%,$0.01B,$0.00B,12.61%,$-0.00B,$0.00B,-2.01%,$8,$2,$6,$0,$1,$6,$2,$2,$4,$1,$3,$3,$2,$5,$2,$5,5,$0.50,$0.50,$0,$0,$0,$0,$0,$0,$0,$0,$0,$0,$0,$0,$0,$0,$0,$0,$0,$0,$0,$0,$3,$3,$-2,$1,$-1,$0,$0,$-1,$-5,$-1,$-0,$0,$0,$0,$5,$5,$0,$5,$-0,$0,$0,$0,$0,$-3,$-0,$-3,$1,$0,$-3
23,2012-12-31,18.23,$0.00,0.0,$2.97,6.15,$6.81,2.68,$2.50,7.29,$0.00B,$0.00B,0.0,$0.00B,$0.00B,0.0,$0.01B,$0.00B,16.67%,$0.01B,$-0.00B,-50.00%,$0.01B,0,0.00%,$0.01B,$-0.00B,-33.33%,$0.01B,$0.02B,266.67%,$0.01B,$0.01B,166.67%,$0.01B,$0.00B,20.20%,$0.01B,$0.00B,20.41%,$0.01B,$0.00B,18.02%,$-0.00B,$0.00B,-6.03%,$3,$2,$1,$0,$-1,$3,$-0,$-0,$3,$-0,$3,$-0,$-0,$0,$3,$2,2,$-0.20,$-0.20,$0,$0,$0,$0,$0,$0,$0,$0,$0,$0,$0,$0,$0,$0,$0,$0,$0,$0,$0,$0,$12,$1,$-8,$1,$-0,$0,$0,$3,$4,$10,$-0,$0,$0,$0,$10,$10,$-1,$9,$-2,$0,$-2,$0,$0,$-4,$-1,$-7,$12,$0,$-4
24,2012-11-30,25.58,$0.00,0.0,$1.40,18.31,$1.53,16.74,$3.80,6.73,$0.09B,$0.00B,31.33,$0.00B,$0.10B,0.0,$0.00B,$-0.00B,-33.33%,$0.00B,$-0.01B,-166.67%,$0.00B,$-0.01B,-166.67%,$0.00B,$-0.00B,-133.33%,$0.00B,$0.01B,466.67%,$0.00B,$0.01B,400.00%,$0.01B,$0.10B,16.38%,$0.01B,$0.10B,16.55%,$0.01B,$0.11B,14.72%,$-0.01B,$0.10B,-6.76%,$0,$0,$0,$0,$0,$0,$0,$0,$0,$0,$0,$0,$0,$0,$0,$0,0,$0.00,$0.00,$89,$0,$0,$94,$4,$0,$1,$13,$17,$111,$3,$0,$2,$10,$13,$0,$6,$0,$99,$111,$0,$0,$0,$0,$0,$0,$0,$0,$0,$0,$0,$0,$0,$0,$0,$0,$0,$0,$0,$0,$0,$0,$0,$0,$0,$0,$0,$0,$0
25,2012-09-30,26.59,$0.00,0.0,$2.53,10.51,$2.48,10.74,$3.80,7.0,$0.09B,$0.00B,31.39,$0.00B,$0.10B,0.01,$0.01B,0,0.00%,$0.01B,$-0.01B,-100.00%,$0.01B,$-0.01B,-100.00%,$0.01B,$-0.00B,-80.00%,$0.01B,$0.02B,340.00%,$0.01B,$0.01B,280.00%,$0.01B,$0.10B,28.87%,$0.01B,$0.10B,29.17%,$0.01B,$0.11B,26.05%,$-0.01B,$0.10B,-10.15%,$0,$1,$-1,$0,$1,$3,$-3,$8,$5,$0,$5,$5,$5,$-2,$-3,$0,0,$0.00,$0.00,$89,$0,$1,$94,$19,$57,$1,$4,$80,$111,$3,$1,$0,$8,$13,$0,$6,$0,$99,$112,$0,$1,$0,$1,$0,$0,$0,$0,$-1,$-10,$-0,$0,$0,$0,$0,$9,$0,$9,$0,$0,$-1,$0,$0,$-2,$0,$-3,$-4,$0,$0
26,2012-08-31,26.95,$0.00,0.0,$4.20,6.41,$2.29,11.76,$4.25,6.34,$0.00B,$0.00B,0.0,$0.00B,$0.00B,0.0,$0.01B,$0.00B,25.00%,$0.01B,$-0.00B,-25.00%,$0.01B,$-0.00B,-25.00%,$0.01B,$-0.00B,-12.50%,$0.01B,$0.02B,262.50%,$0.01B,$0.02B,187.50%,$0.02B,$0.00B,62.50%,$0.02B,$0.00B,32.43%,$0.02B,$0.00B,29.27%,$-0.00B,$0.00B,-7.92%,$3,$1,$1,$0,$1,$3,$-0,$8,$8,$3,$5,$5,$5,$0,$-0,$2,2,$2.70,$2.70,$0,$0,$0,$0,$0,$0,$0,$0,$0,$0,$0,$0,$0,$0,$0,$0,$0,$0,$0,$0,$13,$1,$-10,$-9,$0,$0,$0,$-2,$-1,$3,$-0,$0,$0,$0,$9,$9,$0,$9,$-1,$0,$-1,$0,$0,$-2,$0,$-3,$9,$0,$-2
27,2012-06-30,26.4,$0.00,0.0,$4.33,6.1,$1.62,16.33,$3.40,7.76,$0.04B,$0.00B,10.47,$0.00B,$0.09B,0.02,$0.01B,$0.00B,50.00%,$0.01B,$0.00B,12.50%,$0.01B,$0.00B,12.50%,$0.01B,$0.00B,25.00%,$0.01B,$0.02B,200.00%,$0.01B,$0.01B,100.00%,$0.01B,$0.10B,17.20%,$0.01B,$0.09B,11.68%,$0.01B,$0.10B,10.70%,$0.00B,$0.10B,2.06%,$0,$1,$-1,$0,$1,$2,$-2,$3,$1,$0,$1,$2,$2,$-2,$-2,$0,0,$0.00,$0.00,$33,$0,$0,$35,$19,$53,$1,$3,$76,$104,$3,$2,$0,$7,$9,$0,$-1,$0,$95,$105,$0,$1,$0,$1,$0,$0,$0,$0,$-1,$-6,$-0,$0,$0,$0,$0,$0,$0,$-0,$0,$1,$-1,$0,$0,$-1,$0,$-2,$-8,$0,$0
28,2012-05-31,27.2,$0.00,0.0,$4.33,6.28,$1.62,16.83,$2.30,11.83,$0.00B,$0.00B,0.0,$0.00B,$0.00B,0.0,$0.01B,$0.01B,62.50%,$0.01B,0,0.00%,$0.01B,$0.00B,37.50%,$0.01B,$0.00B,12.50%,$0.01B,$0.02B,187.50%,$0.01B,$0.01B,75.00%,$0.01B,$0.00B,26.37%,$0.01B,$0.00B,13.33%,$0.01B,$0.00B,12.31%,$0.00B,$0.00B,0.00%,$2,$1,$1,$0,$0,$2,$-0,$3,$3,$1,$2,$2,$2,$0,$-0,$2,2,$1.10,$1.10,$0,$0,$0,$0,$0,$0,$0,$0,$0,$0,$0,$0,$0,$0,$0,$0,$0,$0,$0,$0,$8,$1,$-5,$-5,$-0,$0,$0,$-1,$-1,$2,$-0,$0,$0,$0,$0,$0,$0,$-0,$-1,$1,$-0,$0,$0,$-1,$0,$-1,$0,$0,$-1
29,2012-03-31,25.4,$0.00,0.0,$3.33,7.64,$1.58,16.09,$2.60,9.77,$0.04B,$0.00B,10.47,$0.00B,$0.00B,1.63,$0.01B,$0.00B,66.67%,$0.01B,0,0.00%,$0.01B,$0.00B,50.00%,$0.01B,$0.00B,16.67%,$0.01B,$0.01B,183.33%,$0.01B,$0.01B,83.33%,$0.01B,$0.00B,10.64%,$0.01B,$0.09B,7.25%,$0.01B,$0.10B,6.69%,$0.00B,$0.00B,0.00%,$3,$2,$1,$0,$1,$3,$0,$9,$9,$3,$6,$6,$6,$1,$0,$2,2,$3.15,$3.15,$30,$0,$0,$35,$17,$47,$1,$0,$66,$101,$3,$2,$0,$6,$9,$0,$0,$0,$1,$10,$6,$0,$0,$0,$0,$0,$0,$0,$-2,$-0,$-0,$0,$0,$0,$0,$0,$0,$-0,$0,$1,$0,$0,$0,$0,$-0,$1,$1,$0,$0
30,2011-12-31,23.2,$0.00,0.0,$1.81,12.82,$2.21,10.49,$0.95,24.42,$0.08B,$0.00B,51.05,$0.00B,$0.09B,0.03,$0.00B,$0.00B,100.00%,$0.00B,0,0.00%,$0.00B,$0.00B,100.00%,$0.00B,0,0.00%,$0.00B,$0.00B,66.67%,$0.00B,$0.00B,66.67%,$0.00B,$0.09B,2.81%,$0.00B,$0.09B,2.83%,$0.00B,$0.09B,2.68%,$0.00B,$0.09B,0.00%,$3,$0,$3,$0,$0,$0,$3,$0,$3,$0,$3,$-2,$-2,$3,$3,$2,2,$-0.85,$-0.85,$72,$0,$0,$75,$5,$0,$1,$14,$21,$94,$1,$2,$0,$2,$4,$0,$-7,$0,$90,$94,$3,$0,$0,$0,$0,$0,$0,$0,$1,$2,$-0,$0,$0,$0,$0,$16,$-12,$4,$0,$-0,$-1,$0,$0,$-4,$0,$-5,$1,$0,$0
31,2011-11-30,22.45,$0.00,0.0,$0.60,37.68,$1.36,16.52,$2.40,9.36,$0.00B,$0.00B,0.0,$0.00B,$0.00B,0.0,$0.00B,$0.00B,100.00%,$0.00B,$-0.00B,-300.00%,$0.00B,0,0.00%,$0.00B,$-0.00B,-300.00%,$0.00B,$-0.00B,-100.00%,$0.00B,$0.01B,500.00%,$0.01B,$0.00B,6.87%,$0.01B,$0.00B,6.90%,$0.01B,$0.00B,6.64%,$-0.00B,$0.00B,-4.07%,$0,$0,$0,$0,$-1,$3,$-3,$5,$0,$1,$0,$0,$0,$-3,$0,$0,0,$0.00,$0.00,$69,$0,$0,$0,$0,$0,$0,$0,$1,$0,$0,$0,$0,$0,$0,$0,$0,$0,$0,$0,$0,$0,$-1,$0,$-0,$0,$0,$0,$0,$0,$0,$0,$0,$0,$16,$0,$0,$0,$-1,$0,$0,$0,$0,$0,$0,$0,$0,$0,$-4
32,2011-09-30,21.3,$0.00,0.0,$1.03,20.71,$2.96,7.19,$6.45,3.3,$0.00B,$0.00B,1.09,$0.00B,$0.10B,0.04,$0.00B,$0.00B,100.00%,$0.00B,$0.00B,50.00%,$0.00B,$0.00B,50.00%,$0.00B,$0.02B,1050.00%,$0.00B,0,0.00%,$0.00B,$0.01B,600.00%,$0.01B,$0.10B,12.44%,$0.01B,$0.10B,12.47%,$0.01B,$0.10B,12.09%,$0.00B,$0.10B,1.03%,$0,$0,$0,$0,$1,$1,$-0,$-0,$-1,$-0,$-1,$1,$1,$-0,$-0,$2,2,$0.30,$0.30,$0,$0,$0,$2,$14,$85,$1,$1,$102,$104,$2,$4,$0,$4,$6,$0,$-4,$0,$97,$104,$0,$0,$0,$0,$0,$0,$0,$0,$0,$2,$0,$0,$0,$0,$0,$0,$0,$0,$0,$0,$0,$0,$0,$-2,$0,$-2,$0,$0,$0
33,2011-06-30,22.71,$0.00,0.0,$0.90,25.24,$2.05,11.07,$6.15,3.69,$0.00B,$0.00B,1.31,$0.00B,$0.10B,0.0,$0.00B,$0.00B,100.00%,$0.00B,$0.00B,50.00%,$0.00B,$0.00B,50.00%,$0.00B,$0.02B,1050.00%,$0.00B,$0.00B,50.00%,$0.00B,$0.01B,550.00%,$0.01B,$0.10B,15.22%,$0.01B,$0.10B,15.22%,$0.01B,$0.10B,15.02%,$0.00B,$0.10B,1.38%,$0,$0,$0,$0,$1,$1,$-0,$0,$-0,$-0,$-0,$3,$3,$-0,$-0,$2,2,$1.50,$1.50,$0,$0,$0,$2,$0,$98,$0,$0,$98,$100,$1,$0,$0,$0,$2,$0,$-4,$0,$98,$100,$0,$0,$0,$0,$0,$0,$0,$0,$4,$1,$0,$0,$0,$0,$0,$0,$0,$0,$0,$0,$0,$0,$0,$-1,$0,$-1,$0,$0,$0
34,2011-03-31,24.32,$0.00,0.0,$0.75,32.32,$5.14,4.74,$10.45,2.33,$0.00B,$0.00B,0.64,$0.00B,$0.10B,0.0,$0.00B,$0.00B,100.00%,$0.00B,0,0.00%,$0.00B,0,0.00%,$0.00B,$0.01B,350.00%,$0.00B,0,0.00%,$0.00B,$0.02B,950.00%,$0.02B,$0.10B,27.14%,$0.02B,$0.10B,27.14%,$0.02B,$0.10B,26.86%,$0.00B,$0.10B,0.00%,$1,$0,$1,$0,$1,$1,$0,$0,$0,$0,$0,$1,$1,$0,$0,$2,2,$0.60,$0.60,$0,$0,$0,$0,$0,$96,$0,$0,$97,$97,$0,$0,$1,$1,$1,$0,$-21,$0,$96,$97,$0,$0,$0,$0,$0,$0,$0,$0,$1,$0,$0,$0,$0,$0,$0,$0,$0,$0,$0,$0,$0,$0,$0,$0,$0,$0,$0,$0,$0
35,2010-12-31,19.99,$52.19,0.38,$0.66,30.33,$8.23,2.43,$5.85,3.42,$0.10B,$0.00B,171.3,$0.00B,$0.10B,0.0,$0.00B,$0.00B,100.00%,$0.00B,0,0.00%,$0.00B,0,0.00%,$0.00B,$0.00B,300.00%,$0.00B,0,0.00%,$0.00B,$0.01B,1100.00%,$0.01B,$0.10B,16.73%,$0.01B,$0.10B,16.73%,$0.01B,$0.10B,16.48%,$0.00B,$0.10B,0.00%,$1,$0,$1,$0,$-1,$-1,$1,$21,$1,$6,$1,$7,$7,$21,$1,$2,2,$4.05,$4.05,$189,$0,$1,$96,$0,$0,$0,$0,$0,$96,$1,$0,$0,$0,$1,$0,$-4,$0,$95,$96,$15,$0,$-12,$-12,$0,$0,$0,$-0,$-0,$3,$0,$0,$0,$0,$5,$5,$0,$5,$0,$-5,$0,$0,$0,$-3,$0,$-8,$-0,$0,$-3
36,2010-11-30,19.93,$0.00,0.0,$0.61,32.81,$9.16,2.18,$4.00,4.98,$0.00B,$0.00B,0.0,$0.00B,$0.00B,0.0,$0.00B,$0.00B,100.00%,$0.00B,$-0.00B,-100.00%,$0.00B,$-0.00B,-100.00%,$0.00B,$-0.02B,-2100.00%,$0.00B,$-0.00B,-100.00%,$0.00B,$0.01B,800.00%,$0.01B,$0.00B,12.55%,$0.01B,$0.00B,12.55%,$0.01B,$0.00B,12.31%,$-0.00B,$0.00B,-1.57%,$0,$0,$0,$0,$-1,$0,$-0,$21,$0,$5,$0,$0,$0,$-0,$0,$0,0,$0.00,$0.00,$0,$0,$0,$0,$0,$0,$0,$0,$0,$0,$0,$0,$0,$0,$0,$0,$0,$0,$0,$0,$0,$0,$-12,$-12,$0,$0,$0,$-0,$0,$0,$0,$0,$0,$0,$5,$0,$0,$0,$0,$0,$-5,$0,$0,$0,$0,$0,$0,$0,$-3
37,2010-09-30,15.13,$0.00,0.0,$1.00,15.09,$12.52,1.21,$7.40,2.04,$0.00B,$0.00B,0.09,$0.00B,$0.09B,0.0,$0.00B,$0.00B,100.00%,$0.00B,$-0.00B,-50.00%,$0.00B,0,0.00%,$0.00B,$-0.01B,-350.00%,$0.00B,0,0.00%,$0.00B,$0.01B,700.00%,$0.01B,$0.09B,16.52%,$0.01B,$0.09B,16.52%,$0.01B,$0.09B,16.05%,$-0.00B,$0.09B,-1.18%,$0,$0,$0,$0,$1,$1,$-1,$0,$-1,$-0,$-0,$11,$11,$-14,$-1,$2,2,$5.80,$5.80,$0,$0,$0,$0,$0,$86,$0,$0,$90,$90,$1,$0,$0,$0,$1,$0,$-4,$0,$89,$90,$7,$-19,$0,$-19,$0,$0,$0,$0,$-0,$6,$0,$0,$0,$0,$0,$0,$0,$0,$0,$-5,$0,$0,$0,$-2,$0,$-6,$0,$0,$0
38,2010-06-30,14.46,$0.00,0.0,$1.42,10.18,$20.12,0.72,$1.55,9.33,$0.00B,$0.00B,0.1,$0.00B,$0.08B,0.0,$0.00B,$0.00B,100.00%,$0.00B,0,0.00%,$0.00B,$0.00B,33.33%,$0.00B,$-0.00B,-133.33%,$0.00B,$0.00B,33.33%,$0.00B,$0.00B,100.00%,$0.00B,$0.08B,3.65%,$0.00B,$0.08B,3.65%,$0.00B,$0.08B,3.48%,$0.00B,$0.08B,0.00%,$0,$0,$0,$0,$1,$1,$-0,$0,$-0,$0,$-0,$-7,$-7,$-4,$-0,$2,2,$-4.00,$-4.00,$0,$0,$0,$0,$0,$76,$0,$0,$80,$81,$1,$0,$0,$0,$1,$0,$-3,$0,$79,$81,$-3,$-6,$0,$-6,$0,$0,$0,$0,$-0,$6,$0,$0,$0,$0,$0,$0,$0,$0,$0,$-5,$0,$0,$0,$-1,$0,$-6,$0,$0,$0
39,2010-03-31,19.34,$0.00,0.0,$0.78,24.75,$19.96,0.97,$7.50,2.58,$0.00B,$0.00B,0.07,$0.00B,$0.09B,0.0,$0.00B,$0.00B,100.00%,$0.00B,$-0.00B,-50.00%,$0.00B,0,0.00%,$0.00B,$-0.02B,-900.00%,$0.00B,$-0.00B,-50.00%,$0.00B,$0.01B,650.00%,$0.01B,$0.09B,15.76%,$0.01B,$0.09B,15.76%,$0.01B,$0.09B,14.25%,$-0.00B,$0.09B,-1.21%,$1,$0,$1,$0,$0,$0,$0,$0,$0,$0,$0,$4,$4,$-3,$0,$2,2,$2.20,$2.20,$0,$0,$0,$0,$0,$84,$0,$0,$89,$89,$2,$0,$0,$0,$2,$0,$-3,$0,$87,$89,$4,$-3,$0,$-3,$0,$0,$0,$0,$-0,$5,$0,$0,$0,$0,$0,$0,$0,$0,$0,$-5,$0,$0,$0,$0,$0,$-5,$0,$0,$0
40,2009-12-31,16.68,$0.00,0.0,$1.00,16.6,$16.93,0.99,$0.00,0.0,$0.00B,$0.01B,0.01,$0.00B,$0.08B,0.0,$0.00B,$0.00B,100.00%,$0.00B,$-0.00B,-50.00%,$0.00B,0,0.00%,$0.00B,$-0.00B,-100.00%,$0.00B,$-0.00B,-50.00%,$0.00B,$0.00B,0.00%,$0.00B,$0.08B,0.00%,$0.00B,$0.08B,0.00%,$0.00B,$0.09B,0.00%,$-0.00B,$0.08B,-1.25%,$1,$0,$1,$0,$-1,$1,$0,$3,$1,$0,$1,$6,$6,$14,$1,$2,2,$3.40,$3.40,$0,$0,$0,$0,$0,$84,$0,$0,$89,$89,$5,$0,$0,$0,$5,$0,$-3,$0,$84,$89,$0,$0,$6,$6,$0,$0,$0,$-0,$0,$6,$0,$0,$0,$0,$18,$18,$0,$18,$0,$-18,$0,$0,$0,$-5,$0,$-23,$1,$0,$-5
41,2009-09-30,16.32,$0.00,0.0,$0.97,16.77,$22.94,0.71,$-19.10,0.0,$0.00B,$0.01B,0.03,$0.00B,$0.08B,0.0,$0.00B,$0.00B,100.00%,$0.00B,0,0.00%,$0.00B,0,0.00%,$0.00B,$0.03B,1300.00%,$0.00B,$-0.00B,-50.00%,$0.00B,$-0.03B,-1700.00%,$-0.03B,$0.08B,-41.72%,$-0.03B,$0.08B,-41.72%,$-0.03B,$0.09B,-33.75%,$0.00B,$0.08B,0.00%,$1,$0,$1,$0,$1,$1,$0,$-0,$0,$0,$0,$-0,$-0,$-11,$0,$2,2,$-0.05,$-0.05,$0,$0,$0,$0,$0,$80,$0,$0,$86,$86,$7,$0,$0,$0,$7,$0,$-4,$0,$79,$86,$-6,$-14,$0,$-14,$0,$0,$0,$0,$-0,$20,$0,$0,$0,$0,$0,$0,$0,$0,$0,$-17,$0,$0,$0,$-3,$0,$-20,$0,$0,$0
42,2009-06-30,10.23,$0.00,0.0,$0.79,12.9,$13.41,0.76,$-19.25,0.0,$0.00B,$0.02B,0.01,$0.00B,$0.08B,0.0,$0.00B,$0.00B,100.00%,$0.00B,0,0.00%,$0.00B,0,0.00%,$0.00B,$0.05B,4500.00%,$0.00B,$-0.00B,-100.00%,$0.00B,$-0.03B,-3400.00%,$-0.03B,$0.08B,-37.16%,$-0.03B,$0.08B,-37.16%,$-0.03B,$0.10B,-28.39%,$0.00B,$0.08B,0.00%,$-1,$0,$-1,$0,$1,$1,$-1,$-0,$-2,$-0,$-2,$3,$3,$-18,$-1,$2,2,$1.95,$1.95,$0,$0,$0,$0,$0,$95,$0,$0,$101,$101,$21,$0,$0,$0,$21,$0,$-4,$0,$80,$101,$-6,$-3,$0,$-3,$0,$0,$0,$0,$0,$5,$0,$0,$0,$0,$0,$0,$0,$0,$0,$-3,$0,$0,$0,$-2,$0,$-5,$0,$0,$0
43,2009-03-31,14.22,$0.00,0.0,$1.64,8.67,$9.77,1.46,$-17.85,0.0,$0.00B,$0.03B,0.01,$0.00B,$0.08B,0.0,$0.00B,$0.00B,100.00%,$0.00B,0,0.00%,$0.00B,0,0.00%,$0.00B,$0.05B,1800.00%,$0.00B,$-0.00B,-33.33%,$0.00B,$-0.03B,-1033.33%,$-0.03B,$0.08B,-30.39%,$-0.03B,$0.08B,-30.39%,$-0.03B,$0.10B,-22.75%,$0.00B,$0.08B,0.00%,$1,$0,$1,$0,$1,$1,$0,$-0,$0,$0,$0,$-9,$-9,$13,$0,$2,2,$-5.30,$-5.30,$0,$0,$0,$0,$0,$94,$0,$0,$103,$104,$26,$0,$0,$0,$26,$0,$-2,$0,$78,$104,$-9,$13,$0,$13,$0,$0,$0,$0,$0,$-1,$0,$0,$0,$0,$0,$0,$0,$0,$0,$1,$0,$0,$0,$0,$0,$1,$0,$0,$0
44,2008-12-31,10.2,$0.00,0.0,$1.66,6.16,$9.40,1.09,$-13.70,0.0,$0.00B,$0.02B,0.02,$0.00B,$0.09B,0.0,$0.00B,$0.00B,100.00%,$0.00B,0,0.00%,$0.00B,0,0.00%,$0.00B,$0.04B,1366.67%,$0.00B,$-0.00B,-33.33%,$0.00B,$-0.02B,-800.00%,$-0.02B,$0.09B,-21.43%,$-0.02B,$0.09B,-21.43%,$-0.02B,$0.11B,-16.08%,$0.00B,$0.09B,0.00%,$1,$0,$1,$0,$0,$0,$1,$0,$1,$0,$1,$-28,$-28,$42,$1,$2,2,$-15.70,$-15.70,$0,$0,$0,$0,$0,$106,$0,$0,$112,$112,$23,$0,$0,$0,$23,$0,$-3,$0,$89,$112,$-24,$42,$0,$42,$0,$0,$0,$0,$-1,$17,$0,$0,$0,$0,$0,$0,$0,$0,$0,$-8,$0,$0,$0,$-8,$0,$-17,$0,$0,$0
45,2008-09-30,19.43,$0.00,0.0,$2.13,9.14,$-67.33,0.0,$2.00,9.72,$0.00B,$0.04B,0.02,$0.00B,$0.12B,0.0,$0.00B,$0.00B,100.00%,$0.00B,0,0.00%,$0.00B,0,0.00%,$0.00B,0,0.00%,$0.00B,$-0.00B,-33.33%,$0.00B,$-0.00B,-33.33%,$-0.00B,$0.12B,-0.83%,$-0.00B,$0.12B,-0.83%,$-0.00B,$0.16B,-0.62%,$0.00B,$0.12B,0.00%,$0,$0,$0,$0,$1,$1,$-0,$0,$-0,$-0,$-0,$-0,$-0,$8,$-0,$2,2,$-0.20,$-0.20,$0,$0,$1,$1,$0,$161,$0,$0,$161,$162,$36,$0,$0,$6,$43,$0,$-3,$0,$119,$162,$4,$0,$0,$0,$0,$0,$0,$0,$-1,$3,$0,$0,$0,$0,$0,$0,$0,$0,$0,$1,$0,$0,$0,$-4,$0,$-3,$0,$0,$0
46,2008-06-30,25.4,$0.00,0.0,$2.33,10.91,$-125.42,0.0,$1.80,14.11,$0.00B,$0.04B,0.02,$0.00B,$0.12B,0.0,$0.00B,$0.00B,100.00%,$0.00B,0,0.00%,$0.00B,0,0.00%,$0.00B,$-0.01B,-200.00%,$0.00B,$-0.00B,-25.00%,$0.00B,$-0.00B,-25.00%,$-0.00B,$0.12B,-0.83%,$-0.00B,$0.12B,-0.83%,$-0.00B,$0.17B,-0.63%,$0.00B,$0.12B,0.00%,$1,$0,$1,$0,$2,$2,$-1,$-0,$-2,$-1,$-1,$6,$6,$-9,$-1,$2,2,$3.35,$3.35,$0,$0,$0,$1,$0,$166,$0,$0,$166,$167,$39,$0,$0,$7,$45,$0,$-3,$0,$122,$167,$4,$-8,$0,$-8,$0,$0,$0,$0,$-1,$-1,$0,$0,$0,$0,$0,$0,$0,$0,$0,$3,$0,$0,$0,$-2,$0,$1,$0,$0,$0
47,2008-03-31,26.44,$0.00,0.0,$2.19,12.09,$-164.97,0.0,$0.20,132.2,$0.00B,$0.03B,0.02,$0.00B,$0.12B,0.0,$0.00B,$0.00B,100.00%,$0.00B,0,0.00%,$0.00B,0,0.00%,$0.00B,$0.00B,75.00%,$0.00B,0,0.00%,$0.00B,$-0.00B,-100.00%,$-0.00B,$0.12B,-3.29%,$-0.00B,$0.12B,-3.29%,$-0.00B,$0.16B,-2.66%,$0.00B,$0.12B,0.00%,$1,$0,$1,$0,$1,$1,$0,$-0,$0,$0,$0,$-2,$-2,$0,$0,$2,2,$-1.15,$-1.15,$0,$0,$1,$1,$0,$155,$0,$0,$155,$156,$33,$0,$3,$6,$38,$1,$0,$0,$118,$156,$-2,$0,$0,$0,$0,$0,$0,$0,$-1,$-2,$0,$0,$0,$0,$0,$0,$0,$0,$0,$2,$0,$0,$0,$0,$0,$2,$0,$0,$0
48,2007-12-31,25.1,$0.00,0.0,$2.00,12.55,$-252.25,0.0,$1.80,13.94,$0.00B,$0.03B,0.02,$0.00B,$0.12B,0.0,$0.00B,$0.00B,100.00%,$0.00B,$-0.00B,-33.33%,$0.00B,$-0.00B,-33.33%,$0.00B,$-0.00B,-33.33%,$0.00B,$-0.00B,-66.67%,$0.00B,$-0.00B,-66.67%,$-0.00B,$0.12B,-1.63%,$-0.00B,$0.12B,-1.63%,$-0.00B,$0.16B,-1.41%,$-0.00B,$0.12B,-0.82%,$1,$0,$1,$0,$-0,$-0,$1,$-0,$1,$0,$1,$-12,$-5,$1,$1,$2,2,$-3.00,$-2.80,$0,$0,$0,$1,$0,$159,$0,$0,$159,$159,$31,$0,$2,$6,$37,$1,$0,$0,$122,$159,$5,$0,$0,$0,$0,$0,$0,$0,$2,$-104,$0,$0,$0,$0,$0,$0,$0,$0,$0,$31,$0,$0,$86,$-5,$-7,$104,$0,$0,$0
