,Date,Stock Price,Book Value per Share,Price to Book Ratio,TTM Sales per Share,Price to Sales Ratio,TTM FCF per Share,Price to FCF Ratio,TTM Net EPS,PE Ratio,Current Assets,Current Liabilities,Current Ratio,Long Term Debt,Shareholder's Equity_x,Debt to Equity Ratio,TTM Revenue_x,TTM Gross Profit,Gross Margin,TTM Revenue_y,TTM Operating Income,Operating Margin,TTM Revenue_x,TTM EBIT,EBIT Margin,TTM Revenue_y,TTM EBITDA,EBITDA Margin,TTM Revenue_x,TTM Pre-Tax Income,Pre-Tax Margin,TTM Revenue_y,TTM Net Income_x,Net Margin,TTM Net Income_y,Shareholder's Equity_y,Return on Equity,TTM Net Income_x,Tangible Equity,Return on Tangible Equity,TTM Net Income_y,Total Assets,Return on Assets,TTM Net Income,LT Investments & Debt,Return on Investment,revenue,cost-goods-sold,gross-profit,research-development-expenses,selling-general-administrative-expenses,operating-expenses,operating-income,total-non-operating-income-expense,pre-tax-income,total-provision-income-taxes,income-after-taxes,income-from-continuous-operations,net-income,ebitda,ebit,basic-shares-outstanding,shares-outstanding,eps-basic-net-earnings-per-share,eps-earnings-per-share-diluted,cash-on-hand,inventory,other-current-assets,total-current-assets,net-property-plant-equipment,long-term-investments,goodwill-intangible-assets-total,other-long-term-assets,total-long-term-assets,total-assets,total-current-liabilities,long-term-debt,other-non-current-liabilities,total-long-term-liabilities,total-liabilities,common-stock-net,retained-earnings-accumulated-deficit,comprehensive-income,total-share-holder-equity,total-liabilities-share-holders-equity,net-income-loss,total-depreciation-amortization-cash-flow,other-non-cash-items,total-non-cash-items,change-in-accounts-receivable,change-in-inventories,change-in-accounts-payable,change-in-assets-liabilities,total-change-in-assets-liabilities,cash-flow-from-operating-activities,net-change-in-property-plant-equipment,net-change-in-intangible-assets,net-acquisitions-divestitures,net-change-in-short-term-investments,net-change-in-long-term-investments,net-change-in-investments-total,investing-activities-other,cash-flow-from-investing-activities,net-long-term-debt,net-current-debt,debt-issuance-retirement-net-total,net-common-equity-issued-repurchased,net-total-equity-issued-repurchased,total-common-preferred-stock-dividends-paid,financial-activities-other,cash-flow-from-financial-activities,net-cash-flow,stock-based-compensation,common-stock-dividends-paid
0,2018-09-30,14.02,$2.25,6.24,$1.88,7.46,$1.89,7.43,$1.19,11.78,$0.22B,$0.04B,5.58,$0.00B,$0.26B,0.0,$0.24B,$0.23B,97.89%,$0.24B,$0.09B,36.71%,$0.24B,$0.09B,36.71%,$0.24B,$0.09B,36.71%,$0.24B,$0.09B,37.13%,$0.24B,$0.15B,63.71%,$0.15B,$0.26B,66.37%,$0.15B,$0.26B,66.37%,$0.15B,$0.30B,58.19%,$0.09B,$0.26B,38.24%,$64,$1,$63,$19,$21,$41,$23,$1,$24,$6,$18,$18,$18,$23,$23,$116,126,$0.15,$0.14,$195,$5,$0,$224,$1,$1,$0,$0,$76,$300,$40,$0,$0,$0,$40,$0,$-140,$-0,$260,$300,$53,$0,$27,$27,$-4,$-4,$5,$11,$14,$94,$-0,$0,$0,$-89,$0,$-89,$0,$-89,$0,$0,$0,$-2,$-2,$0,$0,$-2,$3,$17,$0
1,2018-06-30,15.72,$2.10,7.49,$1.71,9.2,$1.43,11.02,$1.16,13.55,$0.20B,$0.03B,6.39,$0.00B,$0.24B,0.0,$0.22B,$0.21B,97.69%,$0.22B,$0.08B,36.11%,$0.22B,$0.08B,36.11%,$0.22B,$0.08B,36.11%,$0.22B,$0.08B,36.11%,$0.22B,$0.15B,68.06%,$0.15B,$0.24B,79.89%,$0.15B,$0.24B,79.89%,$0.15B,$0.27B,69.26%,$0.08B,$0.24B,42.39%,$62,$1,$61,$21,$20,$42,$21,$1,$21,$3,$18,$18,$18,$21,$21,$115,128,$0.16,$0.14,$160,$5,$0,$197,$1,$0,$0,$0,$77,$274,$31,$0,$0,$0,$31,$0,$-157,$-0,$244,$274,$36,$0,$16,$16,$-13,$-2,$-2,$12,$-2,$50,$-0,$0,$0,$-55,$0,$-55,$0,$-56,$0,$0,$0,$6,$6,$0,$0,$6,$0,$11,$0
2,2018-03-31,16.45,$1.87,8.81,$1.51,10.9,$1.24,13.26,$1.12,14.69,$0.15B,$0.03B,5.44,$0.00B,$0.22B,0.0,$0.19B,$0.19B,97.37%,$0.19B,$0.07B,36.84%,$0.19B,$0.07B,36.84%,$0.19B,$0.07B,36.84%,$0.19B,$0.07B,36.84%,$0.19B,$0.14B,74.74%,$0.14B,$0.22B,101.79%,$0.14B,$0.22B,101.79%,$0.14B,$0.24B,85.80%,$0.07B,$0.22B,50.18%,$58,$1,$56,$17,$18,$37,$21,$0,$21,$4,$17,$17,$17,$21,$21,$115,128,$0.15,$0.14,$125,$5,$0,$151,$1,$15,$0,$0,$92,$243,$28,$0,$0,$0,$28,$0,$-176,$-0,$215,$243,$17,$0,$8,$8,$-2,$1,$-1,$12,$9,$34,$-0,$0,$0,$-34,$0,$-34,$0,$-34,$0,$0,$0,$2,$2,$0,$0,$2,$2,$5,$0
3,2017-12-31,18.06,$1.66,10.85,$1.29,14.05,$1.05,17.21,$1.02,17.71,$0.12B,$0.03B,4.2,$0.00B,$0.19B,0.0,$0.16B,$0.16B,97.50%,$0.16B,$0.05B,33.75%,$0.16B,$0.05B,33.75%,$0.16B,$0.05B,33.75%,$0.16B,$0.05B,33.75%,$0.16B,$0.13B,80.63%,$0.13B,$0.19B,131.30%,$0.13B,$0.19B,131.30%,$0.13B,$0.22B,104.45%,$0.05B,$0.19B,54.96%,$53,$1,$52,$14,$17,$32,$22,$0,$22,$-76,$98,$98,$98,$22,$22,$114,125,$0.87,$0.79,$89,$5,$0,$124,$1,$15,$0,$0,$96,$221,$30,$0,$0,$0,$30,$0,$-193,$-0,$191,$221,$129,$0,$-63,$-62,$-5,$-2,$6,$-14,$-6,$61,$-0,$0,$0,$-73,$0,$-73,$0,$-73,$-15,$0,$-15,$7,$7,$0,$0,$-8,$-20,$13,$0
4,2017-09-30,19.3,$0.76,25.51,$1.06,18.17,$0.72,26.79,$0.29,66.55,$0.09B,$0.02B,3.86,$0.00B,$0.09B,0.0,$0.13B,$0.13B,96.95%,$0.13B,$0.04B,28.24%,$0.13B,$0.04B,28.24%,$0.13B,$0.04B,28.24%,$0.13B,$0.04B,28.24%,$0.13B,$0.04B,27.48%,$0.04B,$0.09B,59.26%,$0.04B,$0.09B,59.26%,$0.04B,$0.11B,42.11%,$0.04B,$0.09B,60.91%,$43,$1,$42,$12,$16,$29,$14,$0,$14,$-0,$14,$14,$14,$14,$14,$114,126,$0.12,$0.11,$75,$4,$0,$94,$1,$2,$0,$13,$17,$111,$24,$0,$0,$0,$24,$0,$-291,$-0,$86,$111,$31,$0,$10,$10,$-2,$-0,$4,$-14,$-5,$36,$-0,$0,$0,$-46,$0,$-46,$0,$-46,$-15,$0,$-15,$5,$5,$0,$0,$-11,$-20,$10,$0
5,2017-06-30,11.8,$0.58,20.22,$0.91,12.99,$0.55,21.29,$0.20,59.0,$0.08B,$0.02B,3.99,$0.00B,$0.07B,0.0,$0.11B,$0.11B,96.36%,$0.11B,$0.03B,23.64%,$0.11B,$0.03B,23.64%,$0.11B,$0.03B,23.64%,$0.11B,$0.03B,23.64%,$0.11B,$0.03B,22.73%,$0.03B,$0.07B,53.19%,$0.03B,$0.07B,53.19%,$0.03B,$0.09B,34.01%,$0.03B,$0.07B,55.32%,$36,$1,$35,$8,$14,$23,$13,$-0,$13,$0,$13,$13,$13,$13,$13,$113,123,$0.11,$0.10,$66,$3,$0,$81,$0,$1,$0,$0,$5,$87,$20,$0,$0,$0,$20,$0,$-305,$-0,$66,$87,$17,$0,$6,$6,$0,$-1,$-0,$-1,$2,$25,$-0,$0,$0,$-34,$0,$-34,$0,$-34,$-11,$0,$-11,$2,$2,$0,$0,$-9,$-18,$6,$0
6,2017-03-31,10.96,$0.44,25.01,$0.79,13.87,$0.39,27.78,$0.11,99.64,$0.07B,$0.03B,2.59,$0.00B,$0.05B,0.0,$0.09B,$0.09B,95.74%,$0.09B,$0.02B,15.96%,$0.09B,$0.02B,15.96%,$0.09B,$0.02B,15.96%,$0.09B,$0.01B,14.89%,$0.09B,$0.01B,13.83%,$0.01B,$0.05B,35.14%,$0.01B,$0.05B,35.14%,$0.01B,$0.08B,19.70%,$0.02B,$0.05B,39.74%,$28,$1,$27,$7,$15,$23,$5,$-0,$5,$0,$4,$4,$4,$5,$5,$113,121,$0.04,$0.04,$53,$3,$0,$67,$0,$4,$0,$0,$9,$75,$26,$0,$0,$0,$26,$0,$-318,$-0,$50,$75,$4,$0,$3,$3,$1,$-2,$2,$0,$2,$10,$-0,$0,$0,$-19,$0,$-19,$0,$-19,$-5,$0,$-5,$1,$1,$0,$0,$-4,$-14,$3,$0
7,2016-12-31,7.26,$0.37,19.78,$0.71,10.24,$0.35,20.96,$0.07,103.71,$0.07B,$0.03B,2.4,$0.00B,$0.04B,0.0,$0.08B,$0.08B,96.34%,$0.08B,$0.01B,13.41%,$0.08B,$0.01B,13.41%,$0.08B,$0.01B,13.41%,$0.08B,$0.01B,10.98%,$0.08B,$0.01B,10.98%,$0.01B,$0.04B,30.51%,$0.01B,$0.04B,30.51%,$0.01B,$0.07B,14.88%,$0.01B,$0.04B,33.85%,$24,$1,$23,$6,$12,$19,$5,$-0,$5,$0,$5,$5,$5,$5,$5,$111,116,$0.04,$0.04,$52,$2,$0,$66,$0,$0,$0,$0,$3,$69,$27,$0,$0,$0,$27,$0,$-322,$0,$41,$69,$8,$0,$9,$9,$-4,$-1,$1,$-1,$1,$18,$-0,$0,$0,$0,$0,$0,$0,$-0,$-15,$0,$-15,$8,$8,$0,$0,$-7,$11,$7,$0
8,2016-09-30,6.5,$0.28,23.07,$0.64,10.09,$0.22,29.71,$0.04,162.5,$0.06B,$0.03B,1.89,$0.00B,$0.03B,0.0,$0.07B,$0.07B,97.26%,$0.07B,$0.01B,10.96%,$0.07B,$0.01B,10.96%,$0.07B,$0.01B,10.96%,$0.07B,$0.01B,6.85%,$0.07B,$0.01B,6.85%,$0.01B,$0.03B,21.05%,$0.01B,$0.03B,21.05%,$0.01B,$0.06B,8.89%,$0.01B,$0.03B,26.67%,$22,$1,$21,$7,$11,$19,$3,$-0,$3,$0,$3,$3,$3,$3,$3,$111,116,$0.02,$0.02,$48,$2,$0,$60,$0,$0,$0,$0,$3,$63,$32,$0,$0,$0,$32,$0,$-327,$0,$31,$63,$4,$0,$7,$7,$-2,$-1,$3,$-1,$4,$14,$-0,$0,$0,$0,$0,$0,$0,$-0,$-10,$0,$-10,$4,$4,$0,$0,$-6,$7,$5,$0
9,2016-06-30,5.46,$0.23,23.5,$0.58,9.42,$0.09,59.8,$0.01,546.0,$0.06B,$0.03B,2.0,$0.00B,$0.03B,0.15,$0.06B,$0.06B,98.44%,$0.06B,$0.01B,7.81%,$0.06B,$0.01B,7.81%,$0.06B,$0.01B,7.81%,$0.06B,$0.00B,1.56%,$0.06B,$0.00B,1.56%,$0.00B,$0.03B,5.19%,$0.00B,$0.03B,5.19%,$0.00B,$0.06B,1.90%,$0.01B,$0.03B,16.81%,$20,$0,$19,$6,$12,$18,$2,$-1,$1,$0,$1,$1,$1,$2,$2,$110,115,$0.01,$0.01,$42,$2,$0,$55,$0,$0,$0,$0,$2,$57,$27,$4,$0,$4,$31,$0,$-329,$0,$26,$57,$1,$0,$4,$4,$-3,$0,$1,$-1,$-1,$5,$-0,$0,$0,$0,$0,$0,$0,$-0,$-6,$0,$-6,$3,$3,$0,$0,$-4,$1,$3,$0
10,2016-03-31,4.68,$0.18,25.45,$0.52,9.01,$0.03,150.48,$-0.02,0.0,$0.05B,$0.02B,2.1,$0.01B,$0.02B,0.43,$0.06B,$0.06B,100.00%,$0.06B,$0.00B,3.57%,$0.06B,$0.00B,3.57%,$0.06B,$0.00B,3.57%,$0.06B,$-0.00B,-3.57%,$0.06B,$-0.00B,-3.57%,$-0.00B,$0.02B,-12.70%,$-0.00B,$0.02B,-12.70%,$-0.00B,$0.05B,-3.98%,$0.00B,$0.03B,6.61%,$16,$0,$16,$5,$10,$15,$1,$-1,$-0,$0,$-0,$-0,$-0,$1,$1,$110,110,$0.00,$0.00,$41,$2,$0,$51,$0,$0,$0,$0,$2,$53,$24,$9,$0,$9,$33,$0,$-330,$0,$20,$53,$-0,$0,$2,$2,$-1,$0,$1,$-1,$1,$3,$-0,$0,$0,$0,$0,$0,$0,$-0,$-3,$0,$-3,$0,$0,$0,$0,$-3,$0,$2,$0
11,2015-12-31,4.98,$0.17,29.52,$0.47,10.55,$-0.02,0.0,$-0.07,0.0,$0.05B,$0.02B,2.35,$0.01B,$0.02B,0.68,$0.05B,$0.05B,100.00%,$0.05B,$-0.00B,-6.00%,$0.05B,$-0.00B,-6.00%,$0.05B,$-0.00B,-6.00%,$0.05B,$-0.01B,-14.00%,$0.05B,$-0.01B,-14.00%,$-0.01B,$0.02B,-51.85%,$-0.01B,$0.02B,-51.85%,$-0.01B,$0.05B,-14.29%,$-0.00B,$0.03B,-9.60%,$15,$0,$15,$4,$9,$13,$2,$-1,$1,$0,$1,$1,$1,$2,$2,$107,107,$0.02,$0.02,$40,$2,$0,$49,$0,$0,$0,$0,$3,$52,$21,$13,$0,$13,$33,$0,$-330,$0,$18,$52,$-6,$0,$9,$9,$-3,$1,$-1,$1,$1,$3,$-0,$0,$0,$0,$0,$0,$0,$-0,$-9,$0,$-9,$22,$22,$0,$0,$13,$16,$6,$0
12,2015-09-30,3.76,$0.12,30.35,$0.42,8.92,$-0.32,0.0,$-0.12,0.0,$0.05B,$0.02B,2.41,$0.02B,$0.01B,1.2,$0.04B,$0.04B,100.00%,$0.04B,$-0.01B,-18.18%,$0.04B,$-0.01B,-18.18%,$0.04B,$-0.01B,-18.18%,$0.04B,$-0.01B,-27.27%,$0.04B,$-0.01B,-27.27%,$-0.01B,$0.01B,-145.45%,$-0.01B,$0.01B,-145.45%,$-0.01B,$0.05B,-26.82%,$-0.01B,$0.03B,-27.83%,$13,$0,$13,$4,$9,$13,$0,$-1,$-1,$0,$-1,$-1,$-1,$0,$0,$108,108,$-0.01,$-0.01,$36,$2,$0,$45,$0,$0,$0,$0,$3,$48,$19,$16,$0,$16,$35,$0,$-331,$0,$13,$48,$-7,$0,$7,$7,$-3,$1,$-0,$0,$-1,$-1,$-0,$0,$0,$0,$0,$0,$0,$-0,$-6,$0,$-6,$20,$20,$0,$0,$13,$12,$5,$0
13,2015-06-30,6.01,$0.11,56.43,$0.37,16.19,$-0.57,0.0,$-0.17,0.0,$0.05B,$0.02B,2.56,$0.02B,$0.01B,1.68,$0.04B,$0.04B,100.00%,$0.04B,$-0.01B,-34.21%,$0.04B,$-0.01B,-34.21%,$0.04B,$-0.01B,-34.21%,$0.04B,$-0.02B,-44.74%,$0.04B,$-0.02B,-44.74%,$-0.02B,$0.01B,-357.89%,$-0.02B,$0.01B,-357.89%,$-0.02B,$0.05B,-40.48%,$-0.01B,$0.03B,-47.27%,$12,$0,$12,$3,$9,$13,$-1,$-1,$-2,$0,$-2,$-2,$-2,$-1,$-1,$108,108,$-0.02,$-0.02,$37,$1,$0,$45,$0,$0,$0,$0,$4,$48,$17,$19,$0,$19,$37,$0,$-331,$0,$12,$48,$-7,$0,$4,$5,$-2,$0,$0,$1,$0,$-2,$-0,$0,$0,$0,$0,$0,$0,$-0,$-4,$0,$-4,$19,$19,$0,$0,$15,$13,$3,$0
14,2015-03-31,5.6,$0.10,57.08,$0.32,17.59,$-0.75,0.0,$-0.22,0.0,$0.04B,$0.02B,2.85,$0.02B,$0.01B,2.09,$0.03B,$0.03B,100.00%,$0.03B,$-0.02B,-59.38%,$0.03B,$-0.02B,-59.38%,$0.03B,$-0.02B,-59.38%,$0.03B,$-0.02B,-71.88%,$0.03B,$-0.02B,-71.88%,$-0.02B,$0.01B,-920.00%,$-0.02B,$0.01B,-920.00%,$-0.02B,$0.05B,-56.10%,$-0.02B,$0.03B,-69.09%,$10,$0,$10,$4,$9,$14,$-4,$-1,$-5,$0,$-5,$-5,$-5,$-4,$-4,$102,102,$-0.05,$-0.05,$38,$1,$0,$44,$0,$0,$0,$0,$4,$48,$16,$22,$0,$22,$38,$0,$-329,$0,$11,$48,$-5,$0,$2,$2,$-1,$0,$-1,$1,$1,$-2,$-0,$0,$0,$0,$0,$0,$0,$-0,$-2,$0,$-2,$17,$17,$0,$0,$16,$14,$1,$0
15,2014-12-31,3.0,$-0.03,-89.82,$0.26,11.41,$-0.84,0.0,$-0.31,0.0,$0.03B,$0.01B,2.23,$0.02B,$-0.00B,-7.22,$0.03B,$0.03B,100.00%,$0.03B,$-0.03B,-107.69%,$0.03B,$-0.03B,-107.69%,$0.03B,$-0.03B,-107.69%,$0.03B,$-0.03B,-123.08%,$0.03B,$-0.03B,-123.08%,$-0.03B,$-0.00B,-1600.00%,$-0.03B,$-0.00B,-1600.00%,$-0.03B,$0.04B,-75.74%,$-0.03B,$0.02B,-97.39%,$9,$0,$9,$4,$8,$12,$-3,$-1,$-4,$0,$-4,$-4,$-4,$-3,$-3,$101,101,$-0.04,$-0.04,$24,$1,$0,$30,$0,$0,$0,$0,$4,$35,$14,$24,$0,$24,$38,$0,$-324,$0,$-3,$35,$-31,$0,$9,$9,$-2,$0,$-0,$0,$-5,$-27,$-0,$0,$0,$0,$0,$0,$0,$-0,$-5,$0,$-5,$2,$2,$0,$0,$-3,$-31,$5,$0
16,2014-09-30,2.68,$-0.01,-206.15,$0.21,12.47,$-0.94,0.0,$-0.38,0.0,$0.03B,$0.01B,2.59,$0.03B,$-0.00B,-19.73,$0.02B,$0.02B,100.00%,$0.02B,$-0.04B,-166.67%,$0.02B,$-0.04B,-166.67%,$0.02B,$-0.04B,-166.67%,$0.02B,$-0.04B,-185.71%,$0.02B,$-0.04B,-185.71%,$-0.04B,$-0.00B,-487.50%,$-0.04B,$-0.00B,-487.50%,$-0.04B,$0.04B,-79.19%,$-0.04B,$0.03B,-97.22%,$7,$0,$7,$3,$9,$12,$-5,$-1,$-6,$0,$-6,$-6,$-6,$-5,$-5,$101,101,$-0.06,$-0.06,$27,$1,$0,$32,$0,$0,$0,$0,$5,$37,$12,$26,$0,$26,$38,$0,$-320,$0,$-1,$37,$-27,$0,$7,$7,$-1,$0,$-0,$-1,$-5,$-26,$-0,$0,$0,$0,$0,$0,$0,$-0,$-3,$0,$-3,$1,$1,$0,$0,$-2,$-28,$4,$0
17,2014-06-30,2.8,$0.03,82.11,$0.17,16.53,$-0.98,0.0,$-0.43,0.0,$0.04B,$0.01B,2.97,$0.03B,$0.00B,8.01,$0.02B,$0.02B,100.00%,$0.02B,$-0.04B,-235.29%,$0.02B,$-0.04B,-235.29%,$0.02B,$-0.04B,-235.29%,$0.02B,$-0.04B,-258.82%,$0.02B,$-0.04B,-258.82%,$-0.04B,$0.00B,-275.00%,$-0.04B,$0.00B,-275.00%,$-0.04B,$0.04B,-76.19%,$-0.04B,$0.03B,-88.89%,$6,$0,$6,$4,$8,$12,$-7,$-1,$-8,$0,$-8,$-8,$-8,$-7,$-7,$101,101,$-0.07,$-0.07,$34,$1,$0,$39,$0,$0,$0,$0,$5,$44,$13,$28,$0,$28,$41,$0,$-314,$0,$3,$44,$-21,$0,$5,$5,$-1,$-0,$0,$-1,$-3,$-20,$-0,$0,$0,$0,$0,$0,$0,$-0,$-2,$0,$-2,$1,$1,$0,$0,$-1,$-21,$3,$0
18,2014-03-31,4.36,$0.09,46.83,$0.13,33.44,$-0.99,0.0,$-0.48,0.0,$0.05B,$0.02B,3.16,$0.03B,$0.01B,3.01,$0.01B,$0.01B,100.00%,$0.01B,$-0.04B,-338.46%,$0.01B,$-0.04B,-338.46%,$0.01B,$-0.04B,-338.46%,$0.01B,$-0.05B,-369.23%,$0.01B,$-0.05B,-369.23%,$-0.05B,$0.01B,-190.10%,$-0.05B,$0.01B,-190.10%,$-0.05B,$0.05B,-71.91%,$-0.04B,$0.04B,-80.00%,$4,$0,$4,$7,$10,$17,$-13,$-1,$-14,$0,$-14,$-14,$-14,$-13,$-13,$101,101,$-0.14,$-0.14,$44,$1,$0,$48,$0,$0,$0,$0,$5,$53,$15,$28,$0,$28,$43,$0,$-307,$0,$9,$53,$-14,$0,$2,$2,$-0,$0,$1,$-1,$0,$-11,$-0,$0,$0,$0,$0,$0,$0,$-0,$-1,$0,$-1,$1,$1,$0,$0,$-0,$-11,$1,$0
19,2013-12-31,3.21,$0.21,15.25,$0.10,30.94,$-0.99,0.0,$-0.46,0.0,$0.06B,$0.01B,4.58,$0.03B,$0.02B,1.4,$0.01B,$0.01B,100.00%,$0.01B,$-0.04B,-381.82%,$0.01B,$-0.04B,-381.82%,$0.01B,$-0.04B,-381.82%,$0.01B,$-0.05B,-418.18%,$0.01B,$-0.05B,-418.18%,$-0.05B,$0.02B,-128.67%,$-0.05B,$0.02B,-128.67%,$-0.05B,$0.06B,-60.93%,$-0.04B,$0.05B,-64.12%,$4,$0,$4,$7,$8,$14,$-10,$-1,$-11,$0,$-11,$-11,$-11,$-10,$-10,$100,100,$-0.11,$-0.11,$55,$1,$0,$58,$0,$0,$0,$0,$5,$63,$13,$29,$0,$29,$42,$0,$-293,$0,$21,$63,$-46,$0,$10,$10,$-1,$-1,$-1,$-0,$-1,$-37,$-0,$0,$0,$0,$0,$0,$0,$-0,$-1,$0,$-1,$0,$0,$0,$0,$-1,$-38,$5,$0
20,2013-09-30,1.59,$0.31,5.16,$0.08,20.56,$-1.01,0.0,$-0.46,0.0,$0.07B,$0.01B,6.53,$0.03B,$0.03B,0.98,$0.01B,$0.01B,100.00%,$0.01B,$-0.04B,-525.00%,$0.01B,$-0.04B,-525.00%,$0.01B,$-0.04B,-525.00%,$0.01B,$-0.05B,-575.00%,$0.01B,$-0.05B,-575.00%,$-0.05B,$0.03B,-100.00%,$-0.05B,$0.03B,-100.00%,$-0.05B,$0.07B,-54.44%,$-0.04B,$0.06B,-55.45%,$3,$0,$3,$5,$7,$12,$-10,$-1,$-11,$0,$-11,$-11,$-11,$-10,$-10,$100,100,$-0.11,$-0.11,$63,$1,$0,$66,$0,$0,$0,$0,$5,$71,$10,$30,$0,$30,$40,$0,$-281,$0,$31,$71,$-35,$0,$7,$7,$-0,$-1,$-1,$-0,$-2,$-29,$-0,$0,$0,$0,$0,$0,$0,$-0,$-0,$0,$-0,$0,$0,$0,$0,$-0,$-30,$4,$0
21,2013-06-30,1.73,$0.40,4.28,$0.06,28.08,$-0.99,0.0,$-0.43,0.0,$0.08B,$0.01B,8.21,$0.03B,$0.04B,0.75,$0.01B,$0.01B,100.00%,$0.01B,$-0.04B,-666.67%,$0.01B,$-0.04B,-666.67%,$0.01B,$-0.04B,-666.67%,$0.01B,$-0.04B,-716.67%,$0.01B,$-0.04B,-716.67%,$-0.04B,$0.04B,-76.44%,$-0.04B,$0.04B,-76.44%,$-0.04B,$0.08B,-46.11%,$-0.04B,$0.07B,-46.78%,$2,$0,$2,$4,$8,$13,$-11,$-1,$-12,$0,$-12,$-12,$-12,$-11,$-11,$100,100,$-0.12,$-0.12,$72,$1,$0,$75,$0,$0,$0,$0,$5,$80,$9,$30,$0,$30,$39,$0,$-271,$0,$40,$80,$-24,$0,$5,$5,$-0,$-1,$-1,$-0,$-2,$-21,$-0,$0,$0,$0,$0,$0,$0,$-0,$0,$0,$0,$0,$0,$0,$0,$0,$-21,$3,$0
22,2013-03-31,2.0,$0.51,3.91,$0.05,38.08,$-0.99,0.0,$-0.40,0.0,$0.08B,$0.01B,10.22,$0.03B,$0.05B,0.57,$0.01B,$0.01B,100.00%,$0.01B,$-0.04B,-740.00%,$0.01B,$-0.04B,-740.00%,$0.01B,$-0.04B,-740.00%,$0.01B,$-0.04B,-780.00%,$0.01B,$-0.04B,-780.00%,$-0.04B,$0.05B,-71.56%,$-0.04B,$0.05B,-71.56%,$-0.04B,$0.09B,-46.99%,$-0.04B,$0.08B,-48.68%,$2,$0,$2,$4,$8,$13,$-11,$-1,$-12,$0,$-12,$-12,$-12,$-11,$-11,$100,100,$-0.12,$-0.12,$81,$1,$0,$84,$0,$0,$0,$0,$4,$88,$8,$29,$0,$29,$37,$0,$-259,$0,$51,$88,$-12,$0,$2,$2,$-1,$-0,$-2,$0,$-2,$-12,$-0,$0,$0,$0,$0,$0,$0,$-0,$0,$0,$0,$0,$0,$0,$0,$0,$-12,$1,$0
23,2012-12-31,1.43,$0.62,2.31,$0.04,40.48,$-0.99,0.0,$-0.41,0.0,$0.10B,$0.01B,11.37,$0.03B,$0.06B,0.47,$0.00B,$0.00B,100.00%,$0.00B,$-0.04B,-1233.33%,$0.00B,$-0.04B,-1233.33%,$0.00B,$-0.04B,-1233.33%,$0.00B,$-0.04B,-1266.67%,$0.00B,$-0.04B,-1266.67%,$-0.04B,$0.06B,-73.79%,$-0.04B,$0.06B,-73.79%,$-0.04B,$0.10B,-52.96%,$-0.04B,$0.09B,-56.27%,$1,$0,$1,$5,$6,$11,$-10,$-1,$-11,$0,$-11,$-11,$-11,$-10,$-10,$93,93,$-0.11,$-0.11,$93,$1,$0,$95,$0,$0,$0,$0,$4,$99,$8,$29,$0,$29,$37,$0,$-247,$0,$62,$99,$-38,$0,$7,$7,$-1,$-5,$0,$-0,$-5,$-36,$-0,$0,$0,$0,$0,$0,$0,$-0,$30,$0,$30,$60,$60,$0,$0,$90,$53,$5,$0
24,2012-09-30,2.79,$0.72,3.89,$0.02,135.96,$-0.93,0.0,$-0.42,0.0,$0.11B,$0.01B,18.86,$0.03B,$0.07B,0.4,$0.00B,$0.00B,100.00%,$0.00B,$-0.04B,-1850.00%,$0.00B,$-0.04B,-1850.00%,$0.00B,$-0.04B,-1850.00%,$0.00B,$-0.04B,-1850.00%,$0.00B,$-0.04B,-1850.00%,$-0.04B,$0.07B,-82.68%,$-0.04B,$0.07B,-82.68%,$-0.04B,$0.11B,-64.91%,$-0.04B,$0.10B,-71.50%,$1,$0,$1,$3,$6,$9,$-8,$-1,$-8,$0,$-8,$-8,$-8,$-8,$-8,$99,99,$-0.08,$-0.08,$102,$2,$0,$105,$0,$0,$0,$0,$1,$106,$6,$28,$0,$28,$34,$0,$0,$-235,$72,$106,$-27,$0,$5,$5,$-0,$-2,$-2,$-1,$-5,$-27,$-0,$0,$0,$0,$0,$0,$0,$-0,$30,$0,$30,$60,$60,$0,$0,$89,$62,$4,$0
25,2012-06-30,4.49,$0.33,13.64,$0.01,0.0,$-0.90,0.0,$-0.42,0.0,$0.04B,$0.01B,6.59,$0.00B,$0.03B,0.0,$0.00B,$0.00B,100.00%,$0.00B,$-0.04B,-3500.00%,$0.00B,$-0.04B,-3500.00%,$0.00B,$-0.04B,-3500.00%,$0.00B,$-0.04B,-3500.00%,$0.00B,$-0.04B,-3500.00%,$-0.04B,$0.03B,-92.72%,$-0.04B,$0.03B,-92.72%,$-0.04B,$0.04B,-83.33%,$-0.04B,$0.03B,-92.72%,$1,$0,$1,$3,$6,$8,$-8,$-0,$-8,$0,$-8,$-8,$-8,$-8,$-8,$89,89,$-0.09,$-0.09,$35,$2,$0,$38,$0,$0,$0,$0,$0,$39,$6,$0,$0,$0,$6,$0,$0,$-227,$33,$39,$-19,$0,$3,$3,$-0,$-2,$1,$-1,$-3,$-18,$-0,$0,$0,$0,$0,$0,$0,$-0,$0,$0,$0,$13,$13,$0,$0,$13,$-5,$3,$0
26,2012-03-31,3.93,$0.44,8.86,0,0.0,$-0.87,0.0,$-0.44,0.0,$0.04B,$0.00B,11.99,$0.00B,$0.04B,0.0,$0.00B,0,nan%,$0.00B,$-0.04B,inf%,$0.00B,$-0.04B,inf%,$0.00B,$-0.04B,inf%,$0.00B,$-0.04B,inf%,$0.00B,$-0.04B,inf%,$-0.04B,$0.04B,-86.23%,$-0.04B,$0.04B,-86.23%,$-0.04B,$0.04B,-79.12%,$-0.04B,$0.04B,-86.23%,$0,$0,$0,$4,$7,$11,$-11,$-0,$-11,$0,$-11,$-11,$-11,$-11,$-11,$84,84,$-0.13,$-0.13,$43,$0,$0,$43,$0,$0,$0,$0,$0,$43,$4,$0,$0,$0,$4,$0,$-220,$0,$39,$43,$-11,$0,$2,$2,$0,$-0,$-2,$-0,$-2,$-10,$-0,$0,$0,$0,$0,$0,$0,$-0,$0,$0,$0,$13,$13,$0,$0,$13,$3,$2,$0
27,2011-12-31,3.42,$0.41,8.28,0,0.0,$-0.84,0.0,$-0.40,0.0,$0.04B,$0.01B,7.91,$0.00B,$0.04B,0.0,$0.00B,0,nan%,$0.00B,$-0.03B,inf%,$0.00B,$-0.03B,inf%,$0.00B,$-0.03B,inf%,$0.00B,$-0.03B,inf%,$0.00B,$-0.03B,inf%,$-0.03B,$0.04B,-69.19%,$-0.03B,$0.04B,-69.19%,$-0.03B,$0.04B,-64.32%,$-0.03B,$0.04B,-69.19%,$0,$0,$0,$7,$3,$10,$-10,$-0,$-10,$0,$-10,$-10,$-10,$-10,$-10,$83,83,$-0.11,$-0.11,$40,$0,$0,$40,$0,$0,$0,$0,$0,$40,$5,$0,$0,$0,$5,$0,$-209,$0,$35,$40,$-32,$0,$3,$3,$0,$0,$3,$0,$2,$-27,$-0,$0,$0,$0,$0,$0,$0,$-0,$0,$0,$0,$42,$42,$0,$0,$42,$15,$3,$0
28,2011-09-30,3.1,$0.52,5.98,0,0.0,$-0.84,0.0,$-0.38,0.0,$0.05B,$0.00B,17.08,$0.00B,$0.04B,0.0,$0.00B,0,nan%,$0.00B,$-0.03B,inf%,$0.00B,$-0.03B,inf%,$0.00B,$-0.03B,inf%,$0.00B,$-0.03B,inf%,$0.00B,$-0.03B,inf%,$-0.03B,$0.04B,-67.84%,$-0.03B,$0.04B,-67.84%,$-0.03B,$0.05B,-63.04%,$-0.03B,$0.04B,-70.18%,$0,$0,$0,$3,$3,$6,$-6,$0,$-6,$0,$-6,$-6,$-6,$-6,$-6,$84,84,$-0.08,$-0.08,$46,$0,$0,$46,$0,$0,$0,$0,$0,$46,$3,$0,$0,$0,$3,$0,$-199,$0,$44,$46,$-22,$0,$2,$2,$0,$0,$0,$-1,$-1,$-21,$0,$0,$0,$0,$0,$0,$0,$0,$0,$0,$0,$42,$42,$0,$0,$42,$21,$2,$0
29,2011-06-30,3.99,$0.58,6.88,0,0.0,$-0.82,0.0,$-0.40,0.0,$0.05B,$0.00B,13.66,$0.00B,$0.05B,0.0,$0.00B,0,nan%,$0.00B,$-0.03B,inf%,$0.00B,$-0.03B,inf%,$0.00B,$-0.03B,inf%,$0.00B,$-0.03B,inf%,$0.00B,$-0.03B,inf%,$-0.03B,$0.05B,-77.92%,$-0.03B,$0.05B,-77.92%,$-0.03B,$0.05B,-71.43%,$-0.03B,$0.05B,-80.52%,$0,$0,$0,$6,$3,$9,$-9,$-0,$-9,$0,$-9,$-9,$-9,$-9,$-9,$84,84,$-0.11,$-0.11,$52,$0,$0,$53,$0,$0,$0,$0,$0,$53,$4,$0,$0,$0,$4,$0,$-192,$0,$49,$53,$-16,$0,$1,$1,$0,$0,$1,$-1,$0,$-15,$0,$0,$0,$0,$0,$0,$0,$0,$0,$0,$0,$42,$42,$0,$0,$42,$28,$1,$0
30,2011-03-31,4.25,$0.67,6.3,0,0.0,$-0.81,0.0,$-0.38,0.0,$0.06B,$0.00B,18.71,$0.00B,$0.06B,0.0,$0.00B,0,nan%,$0.00B,$-0.03B,inf%,$0.00B,$-0.03B,inf%,$0.00B,$-0.03B,inf%,$0.00B,$-0.03B,inf%,$0.00B,$-0.03B,inf%,$-0.03B,$0.06B,-78.26%,$-0.03B,$0.06B,-78.26%,$-0.03B,$0.06B,-71.52%,$-0.03B,$0.06B,-81.16%,$0,$0,$0,$5,$2,$7,$-7,$-0,$-7,$0,$-7,$-7,$-7,$-7,$-7,$81,81,$-0.09,$-0.09,$59,$0,$0,$60,$0,$0,$0,$0,$0,$60,$3,$0,$0,$0,$3,$0,$-183,$0,$57,$60,$-7,$0,$1,$1,$0,$0,$1,$-2,$-1,$-7,$0,$0,$0,$0,$0,$0,$0,$0,$0,$0,$0,$42,$42,$0,$0,$42,$35,$1,$0
31,2010-12-31,3.86,$0.29,13.16,0,0.0,$-0.81,0.0,$-0.39,0.0,$0.03B,$0.00B,6.48,$0.00B,$0.02B,0.0,$0.00B,0,nan%,$0.00B,$-0.03B,inf%,$0.00B,$-0.03B,inf%,$0.00B,$-0.03B,inf%,$0.00B,$-0.03B,inf%,$0.00B,$-0.03B,inf%,$-0.03B,$0.02B,-106.12%,$-0.03B,$0.02B,-106.12%,$-0.03B,$0.03B,-94.55%,$-0.03B,$0.02B,-110.20%,$0,$0,$0,$5,$3,$8,$-8,$1,$-7,$0,$-7,$-7,$-7,$-8,$-8,$68,68,$-0.09,$-0.09,$25,$0,$0,$25,$0,$0,$0,$0,$0,$25,$4,$0,$0,$0,$4,$0,$-176,$0,$21,$25,$-26,$0,$2,$2,$0,$0,$-0,$0,$2,$-22,$0,$0,$0,$0,$0,$0,$0,$0,$-0,$0,$-0,$23,$23,$0,$0,$23,$1,$2,$0
32,2010-09-30,3.89,$0.37,10.55,$-0.00,0.0,$-0.83,0.0,$-0.38,0.0,$0.03B,$0.00B,9.89,$0.00B,$0.03B,0.0,$0.00B,0,nan%,$0.00B,$-0.02B,inf%,$0.00B,$-0.02B,inf%,$0.00B,$-0.02B,inf%,$0.00B,$-0.02B,inf%,$0.00B,$-0.02B,inf%,$-0.02B,$0.03B,-96.97%,$-0.02B,$0.03B,-96.97%,$-0.02B,$0.03B,-87.27%,$-0.02B,$0.03B,-96.97%,$0,$0,$0,$5,$2,$7,$-7,$0,$-7,$0,$-7,$-7,$-7,$-7,$-7,$72,72,$-0.10,$-0.10,$29,$0,$0,$30,$0,$0,$0,$0,$0,$30,$3,$0,$0,$0,$3,$0,$-169,$0,$27,$30,$-19,$0,$2,$2,$0,$0,$0,$-0,$1,$-17,$0,$0,$0,$0,$0,$0,$0,$0,$-0,$0,$-0,$22,$22,$0,$0,$22,$5,$2,$0
33,2010-06-30,3.12,$0.46,6.76,$-0.00,0.0,$-0.87,0.0,$-0.37,0.0,$0.04B,$0.00B,12.59,$0.00B,$0.03B,0.0,$0.00B,0,nan%,$0.00B,$-0.02B,inf%,$0.00B,$-0.02B,inf%,$0.00B,$-0.02B,inf%,$0.00B,$-0.02B,inf%,$0.00B,$-0.02B,inf%,$-0.02B,$0.03B,-108.64%,$-0.02B,$0.03B,-108.64%,$-0.02B,$0.04B,-95.65%,$-0.02B,$0.03B,-108.64%,$0,$0,$0,$5,$2,$6,$-6,$1,$-6,$0,$-6,$-6,$-6,$-6,$-6,$66,66,$-0.09,$-0.09,$35,$0,$0,$36,$0,$0,$0,$0,$0,$36,$3,$0,$0,$0,$3,$0,$-162,$0,$33,$36,$-12,$0,$1,$1,$0,$0,$-0,$0,$0,$-10,$0,$0,$0,$0,$0,$0,$0,$0,$-0,$0,$-0,$22,$22,$0,$0,$22,$12,$1,$0
34,2010-03-31,2.85,$0.25,11.19,$0.00,0.0,$-0.91,0.0,$-0.38,0.0,$0.02B,$0.00B,8.93,$0.00B,$0.02B,0.0,$0.00B,0,nan%,$0.00B,$-0.02B,inf%,$0.00B,$-0.02B,inf%,$0.00B,$-0.02B,inf%,$0.00B,$-0.02B,inf%,$0.00B,$-0.02B,inf%,$-0.02B,$0.02B,-137.70%,$-0.02B,$0.02B,-137.70%,$-0.02B,$0.02B,-116.67%,$-0.02B,$0.02B,-137.70%,$0,$0,$0,$4,$2,$6,$-6,$-0,$-6,$0,$-6,$-6,$-6,$-6,$-6,$63,63,$-0.10,$-0.10,$19,$0,$0,$19,$0,$0,$0,$0,$0,$19,$2,$0,$0,$0,$2,$0,$-156,$0,$17,$19,$-6,$0,$0,$0,$0,$0,$-0,$-0,$-0,$-6,$0,$0,$0,$0,$0,$0,$0,$0,$1,$0,$1,$0,$0,$0,$0,$1,$-5,$0,$0
35,2009-12-31,2.78,$0.35,7.86,$0.00,0.0,$-0.89,0.0,$-0.39,0.0,$0.02B,$0.00B,10.1,$0.00B,$0.02B,0.0,$0.00B,0,nan%,$0.00B,$-0.02B,inf%,$0.00B,$-0.02B,inf%,$0.00B,$-0.02B,inf%,$0.00B,$-0.02B,inf%,$0.00B,$-0.02B,inf%,$-0.02B,$0.02B,-129.03%,$-0.02B,$0.02B,-129.03%,$-0.02B,$0.03B,-108.11%,$-0.02B,$0.02B,-135.48%,$-0,$0,$-0,$4,$1,$5,$-5,$-0,$-5,$0,$-5,$-5,$-5,$-5,$-5,$52,52,$-0.08,$-0.08,$24,$0,$0,$24,$0,$0,$0,$0,$0,$25,$2,$0,$0,$0,$2,$0,$-150,$0,$22,$25,$-20,$0,$2,$2,$0,$0,$-0,$1,$0,$-18,$0,$0,$0,$4,$0,$4,$0,$4,$-0,$0,$-0,$24,$24,$0,$0,$24,$9,$2,$0
36,2009-09-30,1.5,$0.15,10.11,$0.00,0.0,$-0.94,0.0,$-0.43,0.0,$0.01B,$0.00B,4.84,$0.00B,$0.01B,0.0,$0.00B,0,nan%,$0.00B,$-0.02B,inf%,$0.00B,$-0.02B,inf%,$0.00B,$-0.02B,inf%,$0.00B,$-0.02B,inf%,$0.00B,$-0.02B,inf%,$-0.02B,$0.01B,-147.37%,$-0.02B,$0.01B,-147.37%,$-0.02B,$0.01B,-121.74%,$-0.02B,$0.01B,-154.39%,$0,$0,$0,$3,$2,$5,$-5,$0,$-5,$0,$-5,$-5,$-5,$-5,$-5,$50,50,$-0.09,$-0.09,$11,$0,$0,$11,$0,$0,$0,$0,$0,$12,$2,$0,$0,$0,$2,$0,$-145,$0,$9,$12,$-15,$0,$1,$1,$0,$0,$-0,$0,$0,$-14,$0,$0,$0,$4,$0,$4,$0,$4,$-0,$0,$-0,$6,$6,$0,$0,$6,$-4,$1,$0
37,2009-06-30,0.81,$0.27,2.99,$0.01,0.0,$-0.95,0.0,$-0.45,0.0,$0.02B,$0.00B,7.21,$0.00B,$0.01B,0.0,$0.00B,0,nan%,$0.00B,$-0.02B,inf%,$0.00B,$-0.02B,inf%,$0.00B,$-0.02B,inf%,$0.00B,$-0.02B,inf%,$0.00B,$-0.02B,inf%,$-0.02B,$0.01B,-127.54%,$-0.02B,$0.01B,-127.54%,$-0.02B,$0.02B,-107.32%,$-0.02B,$0.01B,-127.54%,$0,$0,$0,$3,$2,$5,$-5,$0,$-5,$0,$-5,$-5,$-5,$-5,$-5,$50,50,$-0.10,$-0.10,$14,$0,$0,$15,$0,$0,$0,$0,$0,$16,$2,$0,$0,$0,$2,$0,$-140,$0,$13,$16,$-10,$0,$1,$1,$0,$0,$-1,$0,$-0,$-10,$0,$0,$0,$4,$0,$4,$0,$4,$-0,$0,$-0,$6,$6,$0,$0,$6,$-0,$1,$0
38,2009-03-31,1.19,$0.36,3.31,$0.00,0.0,$-0.96,0.0,$-0.44,0.0,$0.02B,$0.00B,6.39,$0.00B,$0.02B,0.0,$0.00B,0,nan%,$0.00B,$-0.02B,inf%,$0.00B,$-0.02B,inf%,$0.00B,$-0.02B,inf%,$0.00B,$-0.02B,inf%,$0.00B,$-0.02B,inf%,$-0.02B,$0.02B,-102.44%,$-0.02B,$0.02B,-102.44%,$-0.02B,$0.02B,-89.36%,$-0.02B,$0.02B,-107.32%,$0,$0,$0,$4,$1,$6,$-6,$0,$-5,$0,$-5,$-5,$-5,$-6,$-6,$50,50,$-0.11,$-0.11,$21,$0,$0,$21,$0,$0,$0,$0,$0,$21,$3,$0,$0,$0,$3,$0,$-136,$0,$18,$21,$-5,$0,$0,$0,$0,$0,$0,$1,$1,$-4,$0,$0,$0,$2,$0,$2,$0,$2,$-0,$0,$-0,$6,$6,$0,$0,$6,$4,$0,$0
39,2008-12-31,1.02,$0.34,3.0,$0.00,0.0,$-0.99,0.0,$-0.43,0.0,$0.02B,$0.00B,6.84,$0.00B,$0.02B,0.0,$0.00B,0,nan%,$0.00B,$-0.02B,inf%,$0.00B,$-0.02B,inf%,$0.00B,$-0.02B,inf%,$0.00B,$-0.02B,inf%,$0.00B,$-0.02B,inf%,$-0.02B,$0.02B,-85.11%,$-0.02B,$0.02B,-85.11%,$-0.02B,$0.02B,-76.19%,$-0.02B,$0.02B,-85.11%,$0,$0,$0,$5,$1,$6,$-6,$-0,$-6,$0,$-6,$-6,$-6,$-6,$-6,$47,47,$-0.13,$-0.13,$18,$0,$0,$20,$0,$0,$0,$0,$0,$20,$3,$0,$0,$0,$3,$0,$-130,$-0,$17,$20,$-20,$0,$3,$3,$0,$0,$0,$-2,$-1,$-18,$-0,$0,$0,$6,$-4,$2,$0,$2,$-0,$0,$-0,$19,$19,$0,$0,$19,$3,$2,$0
40,2008-09-30,1.29,$0.44,2.95,$0.00,0.0,$-0.92,0.0,$-0.41,0.0,$0.03B,$0.00B,7.46,$0.00B,$0.02B,0.0,$0.00B,0,nan%,$0.00B,$-0.02B,inf%,$0.00B,$-0.02B,inf%,$0.00B,$-0.02B,inf%,$0.00B,$-0.02B,inf%,$0.00B,$-0.02B,inf%,$-0.02B,$0.02B,-78.26%,$-0.02B,$0.02B,-78.26%,$-0.02B,$0.03B,-69.90%,$-0.02B,$0.02B,-78.26%,$0,$0,$0,$3,$2,$5,$-5,$-1,$-6,$0,$-6,$-6,$-6,$-5,$-5,$49,49,$-0.11,$-0.11,$23,$0,$0,$25,$0,$0,$0,$0,$0,$25,$3,$0,$0,$0,$3,$0,$-124,$-0,$21,$25,$-14,$0,$1,$1,$0,$0,$-0,$-1,$-1,$-14,$0,$0,$0,$6,$-7,$-1,$0,$-1,$-0,$0,$-0,$19,$19,$0,$0,$19,$5,$1,$0
41,2008-06-30,1.96,$0.53,3.7,0,0.0,$-0.85,0.0,$-0.39,0.0,$0.03B,$0.00B,14.48,$0.00B,$0.03B,0.0,$0.00B,0,nan%,$0.00B,$-0.02B,inf%,$0.00B,$-0.02B,inf%,$0.00B,$-0.02B,inf%,$0.00B,$-0.02B,inf%,$0.00B,$-0.02B,inf%,$-0.02B,$0.03B,-67.42%,$-0.02B,$0.03B,-67.42%,$-0.02B,$0.03B,-60.61%,$-0.02B,$0.03B,-76.40%,$0,$0,$0,$3,$1,$5,$-5,$0,$-4,$0,$-4,$-4,$-4,$-5,$-5,$48,48,$-0.09,$-0.09,$26,$0,$0,$28,$0,$0,$0,$0,$0,$28,$2,$0,$0,$0,$2,$0,$-118,$0,$26,$28,$-8,$0,$1,$1,$0,$0,$-0,$-2,$-2,$-10,$0,$0,$0,$6,$0,$6,$0,$6,$0,$0,$0,$19,$19,$0,$0,$19,$15,$1,$0
42,2008-03-31,3.22,$0.62,5.18,$0.01,299.12,$-0.83,0.0,$-0.34,0.0,$0.03B,$0.00B,14.01,$0.00B,$0.03B,0.0,$0.00B,0,nan%,$0.00B,$-0.01B,inf%,$0.00B,$-0.01B,inf%,$0.00B,$-0.01B,inf%,$0.00B,$-0.01B,inf%,$0.00B,$-0.01B,inf%,$-0.01B,$0.03B,-64.86%,$-0.01B,$0.03B,-64.86%,$-0.01B,$0.03B,-57.14%,$-0.01B,$0.03B,-74.67%,$0,$0,$0,$3,$1,$4,$-4,$0,$-4,$0,$-4,$-4,$-4,$-4,$-4,$40,40,$-0.10,$-0.10,$32,$0,$0,$32,$0,$0,$0,$0,$0,$32,$2,$0,$0,$0,$2,$0,$-114,$0,$30,$32,$-4,$0,$0,$0,$0,$0,$-0,$-1,$-1,$-4,$0,$0,$0,$6,$0,$6,$0,$6,$-0,$0,$-0,$19,$19,$0,$0,$19,$20,$0,$0
43,2007-12-31,3.09,$0.37,8.29,$0.01,206.97,$-0.86,0.0,$-0.34,0.0,$0.02B,$0.00B,5.9,$0.00B,$0.02B,0.0,$0.00B,0,nan%,$0.00B,$-0.01B,inf%,$0.00B,$-0.01B,inf%,$0.00B,$-0.01B,inf%,$0.00B,$-0.01B,inf%,$0.00B,$-0.01B,inf%,$-0.01B,$0.02B,-77.19%,$-0.01B,$0.02B,-77.19%,$-0.01B,$0.02B,-65.67%,$-0.01B,$0.02B,-89.66%,$0,$0,$0,$3,$2,$4,$-4,$0,$-4,$0,$-4,$-4,$-4,$-4,$-4,$34,34,$-0.11,$-0.11,$17,$0,$0,$18,$0,$0,$0,$0,$0,$18,$3,$0,$0,$0,$3,$0,$-110,$0,$15,$18,$-12,$0,$1,$1,$0,$0,$0,$1,$-0,$-11,$0,$0,$0,$1,$-6,$-5,$0,$-5,$-0,$0,$-0,$19,$19,$0,$0,$19,$3,$1,$0
44,2007-09-30,4.9,$0.47,10.52,$0.02,270.33,$-1.55,0.0,$-0.40,0.0,$0.02B,$0.00B,7.89,$0.00B,$0.02B,0.0,$0.00B,0,nan%,$0.00B,$-0.01B,inf%,$0.00B,$-0.01B,inf%,$0.00B,$-0.01B,inf%,$0.00B,$-0.01B,inf%,$0.00B,$-0.01B,inf%,$-0.01B,$0.02B,-91.67%,$-0.01B,$0.02B,-91.67%,$-0.01B,$0.02B,-74.58%,$-0.01B,$0.02B,-106.12%,$0,$0,$0,$2,$1,$4,$-4,$0,$-3,$0,$-3,$-3,$-3,$-4,$-4,$37,37,$-0.09,$-0.09,$21,$0,$0,$21,$0,$0,$0,$0,$0,$21,$3,$0,$0,$0,$3,$0,$-106,$0,$18,$21,$-7,$0,$1,$1,$0,$0,$1,$-0,$-1,$-8,$0,$0,$0,$-1,$0,$-1,$0,$-1,$0,$0,$0,$19,$19,$0,$0,$19,$10,$1,$0
45,2007-06-30,2.74,$0.33,8.29,$0.02,151.17,$-2.12,0.0,$-0.59,0.0,$0.01B,$0.00B,9.04,$0.00B,$0.01B,0.0,$0.00B,0,nan%,$0.00B,$-0.02B,inf%,$0.00B,$-0.02B,inf%,$0.00B,$-0.02B,inf%,$0.00B,$-0.01B,inf%,$0.00B,$-0.01B,inf%,$-0.01B,$0.01B,-151.35%,$-0.01B,$0.01B,-151.35%,$-0.01B,$0.01B,-109.80%,$-0.02B,$0.01B,-168.42%,$0,$0,$0,$1,$1,$2,$-2,$0,$-1,$0,$-1,$-1,$-1,$-2,$-2,$35,35,$-0.04,$-0.04,$12,$0,$0,$13,$0,$0,$0,$0,$0,$13,$1,$0,$0,$0,$1,$0,$-102,$0,$11,$13,$-4,$0,$0,$0,$0,$0,$-1,$-1,$-3,$-6,$0,$0,$0,$1,$0,$1,$0,$1,$0,$0,$0,$9,$9,$0,$0,$9,$3,$0,$0
46,2007-03-31,0.9,$0.37,2.41,$0.01,76.49,$-2.48,0.0,$-0.90,0.0,$0.02B,$0.00B,6.89,$0.00B,$0.01B,0.0,$0.00B,0,nan%,$0.00B,$-0.02B,inf%,$0.00B,$-0.02B,inf%,$0.00B,$-0.02B,inf%,$0.00B,$-0.02B,inf%,$0.00B,$-0.02B,inf%,$-0.02B,$0.01B,-215.38%,$-0.02B,$0.01B,-215.38%,$-0.02B,$0.02B,-150.00%,$-0.02B,$0.01B,-225.64%,$0,$0,$0,$2,$1,$3,$-3,$0,$-3,$0,$-3,$-3,$-3,$-3,$-3,$26,26,$-0.10,$-0.10,$15,$0,$0,$15,$0,$0,$0,$0,$0,$15,$2,$0,$0,$0,$2,$0,$-101,$0,$13,$15,$-3,$0,$0,$0,$0,$0,$-0,$0,$-1,$-4,$0,$0,$0,$1,$0,$1,$0,$1,$0,$0,$0,$9,$9,$0,$0,$9,$6,$0,$0
47,2006-12-31,1.23,$0.25,4.98,$0.01,95.04,$-2.59,0.0,$-1.10,0.0,$0.01B,$0.00B,2.79,$0.00B,$0.01B,0.01,$0.00B,0,nan%,$0.00B,$-0.03B,inf%,$0.00B,$-0.03B,inf%,$0.00B,$-0.03B,inf%,$0.00B,$-0.03B,inf%,$0.00B,$-0.03B,inf%,$-0.03B,$0.01B,-217.39%,$-0.03B,$0.01B,-217.39%,$-0.03B,$0.01B,-149.25%,$-0.03B,$0.01B,-226.09%,$0,$0,$0,$3,$1,$4,$-4,$0,$-4,$0,$-4,$-4,$-4,$-4,$-4,$23,23,$-0.16,$-0.16,$9,$0,$0,$10,$0,$0,$0,$0,$0,$10,$4,$0,$0,$0,$4,$0,$-98,$0,$6,$10,$-25,$0,$2,$2,$0,$0,$0,$-0,$0,$-23,$0,$0,$0,$27,$-1,$25,$0,$25,$0,$0,$0,$3,$3,$0,$0,$3,$5,$2,$0
