,Date,Stock Price,Book Value per Share,Price to Book Ratio,TTM Sales per Share,Price to Sales Ratio,TTM FCF per Share,Price to FCF Ratio,TTM Net EPS,PE Ratio,Current Assets,Current Liabilities,Current Ratio,Long Term Debt,Shareholder's Equity_x,Debt to Equity Ratio,TTM Revenue_x,TTM Gross Profit,Gross Margin,TTM Revenue_y,TTM Operating Income,Operating Margin,TTM Revenue_x,TTM EBIT,EBIT Margin,TTM Revenue_y,TTM EBITDA,EBITDA Margin,TTM Revenue_x,TTM Pre-Tax Income,Pre-Tax Margin,TTM Revenue_y,TTM Net Income_x,Net Margin,TTM Net Income_y,Shareholder's Equity_y,Return on Equity,TTM Net Income_x,Tangible Equity,Return on Tangible Equity,TTM Net Income_y,Total Assets,Return on Assets,TTM Net Income,LT Investments & Debt,Return on Investment,revenue,cost-goods-sold,gross-profit,research-development-expenses,selling-general-administrative-expenses,operating-expenses,operating-income,total-non-operating-income-expense,pre-tax-income,total-provision-income-taxes,income-after-taxes,income-from-continuous-operations,net-income,ebitda,ebit,basic-shares-outstanding,shares-outstanding,eps-basic-net-earnings-per-share,eps-earnings-per-share-diluted,cash-on-hand,inventory,other-current-assets,total-current-assets,net-property-plant-equipment,long-term-investments,goodwill-intangible-assets-total,other-long-term-assets,total-long-term-assets,total-assets,total-current-liabilities,long-term-debt,other-non-current-liabilities,total-long-term-liabilities,total-liabilities,common-stock-net,retained-earnings-accumulated-deficit,comprehensive-income,total-share-holder-equity,total-liabilities-share-holders-equity,net-income-loss,total-depreciation-amortization-cash-flow,other-non-cash-items,total-non-cash-items,change-in-accounts-receivable,change-in-inventories,change-in-accounts-payable,change-in-assets-liabilities,total-change-in-assets-liabilities,cash-flow-from-operating-activities,net-change-in-property-plant-equipment,net-change-in-intangible-assets,net-acquisitions-divestitures,net-change-in-short-term-investments,net-change-in-long-term-investments,net-change-in-investments-total,investing-activities-other,cash-flow-from-investing-activities,net-long-term-debt,net-current-debt,debt-issuance-retirement-net-total,net-common-equity-issued-repurchased,net-total-equity-issued-repurchased,total-common-preferred-stock-dividends-paid,financial-activities-other,cash-flow-from-financial-activities,net-cash-flow,stock-based-compensation,common-stock-dividends-paid
0,2018-08-31,233.13,$29.90,7.8,$320.65,0.73,$16.04,14.53,$7.10,32.84,$20.29B,$19.93B,1.02,$6.49B,$13.10B,0.5,$141.58B,$18.42B,13.01%,$141.58B,$4.48B,3.16%,$141.58B,$4.48B,3.16%,$141.58B,$5.92B,4.18%,$141.58B,$4.44B,3.14%,$141.58B,$3.13B,2.21%,$3.13B,$13.10B,25.61%,$3.13B,$13.10B,25.61%,$3.13B,$40.83B,7.91%,$4.48B,$19.59B,23.92%,$44411,$38671,$5740,$0,$4263,$42965,$1446,$3,$1449,$396,$1053,$1053,$1043,$1877,$1446,$439,442,$2.38,$2.35,$7259,$11040,$321,$20289,$19681,$0,$0,$860,$20541,$40830,$19926,$6487,$1314,$7801,$27727,$4,$7887,$-1199,$13103,$40830,$3179,$1437,$489,$1926,$0,$-1313,$1561,$421,$669,$5774,$-2969,$0,$0,$18,$0,$18,$4,$-2947,$-86,$80,$-6,$-545,$-545,$-689,$-41,$-1281,$1509,$544,$-689
1,2018-05-31,198.24,$28.38,6.99,$316.07,0.63,$19.28,10.28,$6.82,29.07,$19.69B,$19.41B,1.02,$6.49B,$12.45B,0.52,$139.47B,$18.29B,13.11%,$139.47B,$4.48B,3.22%,$139.47B,$4.48B,3.22%,$139.47B,$5.93B,4.25%,$139.47B,$4.41B,3.16%,$139.47B,$3.01B,2.16%,$3.01B,$12.45B,25.65%,$3.01B,$12.45B,25.65%,$3.01B,$39.61B,7.82%,$4.48B,$18.94B,24.58%,$32361,$28131,$4230,$0,$3155,$31294,$1067,$4,$1071,$309,$762,$762,$750,$1394,$1067,$439,442,$1.71,$1.70,$7044,$10626,$430,$19693,$19178,$0,$0,$734,$19912,$39605,$19411,$6492,$1255,$7747,$27158,$4,$7176,$-1038,$12447,$39605,$2126,$1006,$407,$1413,$0,$-828,$1160,$349,$681,$4220,$-1913,$0,$0,$64,$0,$64,$-3,$-1852,$-58,$-23,$-81,$-238,$-238,$-439,$-256,$-1014,$1331,$431,$-439
2,2018-02-28,190.34,$27.46,6.93,$308.24,0.62,$21.24,8.96,$6.71,28.37,$18.90B,$18.91B,1.0,$6.51B,$12.05B,0.54,$135.96B,$17.95B,13.20%,$135.96B,$4.39B,3.23%,$135.96B,$4.39B,3.23%,$135.96B,$5.83B,4.28%,$135.96B,$4.31B,3.17%,$135.96B,$2.96B,2.18%,$2.96B,$12.05B,26.50%,$2.96B,$12.05B,26.50%,$2.96B,$38.70B,7.89%,$4.39B,$18.56B,26.16%,$32995,$28733,$4262,$0,$3234,$31979,$1016,$-30,$986,$273,$713,$713,$701,$1360,$1016,$439,442,$1.60,$1.59,$5830,$10671,$397,$18899,$19049,$0,$0,$755,$19804,$38703,$18913,$6505,$1232,$7737,$26650,$4,$6727,$-897,$12053,$38703,$1364,$679,$292,$971,$0,$-802,$486,$96,$-220,$2115,$-1328,$0,$0,$181,$0,$181,$-11,$-1158,$-58,$-33,$-91,$-184,$-184,$-220,$-253,$-748,$235,$346,$-220
3,2017-11-30,183.41,$25.86,7.09,$301.07,0.61,$24.23,7.57,$6.29,29.16,$19.90B,$20.36B,0.98,$6.48B,$11.36B,0.57,$132.74B,$17.52B,13.20%,$132.74B,$4.21B,3.17%,$132.74B,$4.21B,3.17%,$132.74B,$5.62B,4.23%,$132.74B,$4.13B,3.11%,$132.74B,$2.77B,2.09%,$2.77B,$11.36B,24.48%,$2.77B,$11.36B,24.48%,$2.77B,$39.38B,7.55%,$4.21B,$17.83B,26.32%,$31809,$27617,$4192,$0,$3224,$30858,$951,$-15,$936,$285,$651,$651,$640,$1286,$951,$438,441,$1.46,$1.45,$6885,$11213,$240,$19897,$18682,$0,$0,$799,$19481,$39378,$20360,$6478,$1184,$7662,$28022,$4,$6300,$-1037,$11356,$39378,$651,$335,$227,$562,$150,$-1415,$2058,$0,$793,$2006,$-820,$0,$0,$39,$0,$39,$-4,$-785,$-58,$377,$319,$-124,$-124,$0,$-253,$-58,$1143,$234,$0
4,2017-08-31,155.42,$25.34,6.13,$292.70,0.53,$26.36,5.9,$6.08,25.56,$17.32B,$17.50B,0.99,$6.57B,$11.08B,0.59,$129.03B,$17.14B,13.29%,$129.03B,$4.11B,3.19%,$129.03B,$4.11B,3.19%,$129.03B,$5.48B,4.25%,$129.03B,$4.04B,3.13%,$129.03B,$2.68B,2.08%,$2.68B,$11.08B,23.19%,$2.68B,$11.08B,23.19%,$2.68B,$36.35B,7.43%,$4.11B,$17.65B,26.37%,$42300,$36697,$5603,$0,$4123,$40850,$1450,$-31,$1419,$487,$932,$932,$919,$1891,$1450,$438,441,$2.11,$2.08,$5779,$9834,$272,$17317,$18161,$0,$0,$869,$19030,$36347,$17495,$6573,$1200,$7773,$25268,$4,$5988,$-1014,$11079,$36347,$2714,$1370,$471,$1841,$0,$-894,$2258,$807,$2171,$6726,$-2502,$0,$0,$106,$0,$106,$30,$-2366,$1582,$-236,$1346,$-671,$-671,$-3904,$11,$-3218,$1167,$514,$-3904
5,2017-05-31,178.36,$23.22,7.68,$279.62,0.64,$18.24,9.78,$5.77,30.91,$17.26B,$21.39B,0.81,$2.82B,$10.19B,0.28,$123.29B,$16.45B,13.34%,$123.29B,$3.85B,3.12%,$123.29B,$3.85B,3.12%,$123.29B,$5.19B,4.21%,$123.29B,$3.80B,3.08%,$123.29B,$2.54B,2.06%,$2.54B,$10.19B,21.40%,$2.54B,$10.19B,21.40%,$2.54B,$35.63B,7.21%,$3.85B,$13.01B,25.22%,$28860,$24970,$3890,$0,$2907,$27892,$968,$-3,$965,$259,$706,$706,$700,$1288,$968,$439,441,$1.59,$1.59,$5725,$9736,$333,$17256,$17535,$0,$0,$840,$18375,$35631,$21394,$2821,$1231,$4052,$25446,$2,$5508,$-1321,$10185,$35631,$1782,$929,$385,$1314,$0,$-952,$2234,$514,$1796,$4892,$-1723,$0,$0,$145,$0,$145,$28,$-1550,$-1100,$-243,$-1343,$-236,$-236,$-396,$-166,$-2141,$1159,$404,$-396
6,2017-02-28,167.83,$28.96,5.8,$274.88,0.61,$14.82,11.32,$5.42,30.96,$17.46B,$18.86B,0.93,$2.82B,$12.71B,0.22,$121.19B,$16.17B,13.34%,$121.19B,$3.74B,3.09%,$121.19B,$3.74B,3.09%,$121.19B,$5.05B,4.17%,$121.19B,$3.67B,3.03%,$121.19B,$2.38B,1.97%,$2.38B,$12.71B,19.45%,$2.38B,$12.71B,19.45%,$2.38B,$35.63B,6.85%,$3.74B,$15.53B,23.48%,$29766,$25927,$3839,$0,$2980,$28922,$844,$-35,$809,$288,$521,$521,$515,$1156,$844,$439,441,$1.17,$1.17,$5965,$9530,$368,$17460,$17342,$0,$0,$828,$18170,$35630,$18860,$2815,$1243,$4058,$22918,$2,$8140,$-1333,$12712,$35630,$1076,$609,$318,$927,$0,$-735,$1579,$439,$1283,$3286,$-1183,$0,$0,$109,$0,$109,$22,$-1052,$0,$-272,$-272,$-190,$-190,$-198,$-165,$-825,$1365,$322,$-198
7,2016-11-30,141.81,$27.84,5.09,$271.13,0.52,$10.64,13.32,$5.49,25.83,$18.57B,$19.16B,0.97,$3.93B,$12.23B,0.32,$119.60B,$16.03B,13.40%,$119.60B,$3.75B,3.14%,$119.60B,$3.75B,3.14%,$119.60B,$5.04B,4.21%,$119.60B,$3.70B,3.10%,$119.60B,$2.42B,2.02%,$2.42B,$12.23B,20.32%,$2.42B,$12.23B,20.32%,$2.42B,$36.53B,7.11%,$3.75B,$16.16B,23.34%,$28099,$24288,$3811,$0,$2940,$27250,$849,$-3,$846,$291,$555,$555,$545,$1146,$849,$438,441,$1.24,$1.24,$6116,$10721,$235,$18570,$17156,$0,$0,$806,$17962,$36532,$19161,$3933,$1207,$5140,$24301,$2,$7882,$-1439,$12231,$36532,$555,$297,$170,$467,$47,$-1983,$3707,$0,$1771,$2793,$-667,$0,$0,$14,$0,$14,$-2,$-655,$0,$-178,$-178,$-122,$-122,$-198,$-162,$-660,$1426,$211,$-198
8,2016-08-31,152.66,$28.19,5.42,$269.01,0.57,$6.04,25.29,$5.34,28.59,$15.22B,$15.58B,0.98,$4.06B,$12.33B,0.33,$118.72B,$15.82B,13.32%,$118.72B,$3.67B,3.09%,$118.72B,$3.67B,3.09%,$118.72B,$4.93B,4.15%,$118.72B,$3.62B,3.05%,$118.72B,$2.35B,1.98%,$2.35B,$12.33B,20.26%,$2.35B,$12.33B,20.26%,$2.35B,$33.16B,6.97%,$3.67B,$16.39B,22.91%,$36560,$31649,$4911,$0,$3696,$35369,$1191,$-10,$1181,$396,$785,$785,$779,$1599,$1191,$439,441,$1.78,$1.76,$4729,$8969,$268,$15218,$17043,$0,$0,$902,$17945,$33163,$15575,$4061,$1195,$5256,$20831,$2,$7686,$-1099,$12332,$33163,$2376,$1255,$671,$1926,$0,$-25,$-1532,$547,$-1010,$3292,$-2649,$0,$0,$277,$0,$277,$27,$-2345,$-1103,$81,$-1022,$-706,$-706,$-746,$55,$-2419,$-1422,$459,$-746
9,2016-05-31,139.74,$26.80,5.21,$266.97,0.52,$8.85,15.78,$5.30,26.37,$16.54B,$17.00B,0.97,$3.92B,$11.75B,0.33,$117.94B,$15.59B,13.22%,$117.94B,$3.64B,3.08%,$117.94B,$3.64B,3.08%,$117.94B,$4.84B,4.10%,$117.94B,$3.59B,3.05%,$117.94B,$2.34B,1.98%,$2.34B,$11.75B,20.83%,$2.34B,$11.75B,20.83%,$2.34B,$33.87B,6.94%,$3.64B,$15.67B,22.94%,$26769,$23162,$3607,$0,$2731,$25911,$858,$-23,$835,$286,$549,$549,$545,$1149,$858,$439,441,$1.24,$1.24,$6021,$8927,$294,$16542,$16491,$0,$0,$840,$17331,$33873,$16999,$3921,$1205,$5126,$22125,$2,$7225,$-1126,$11748,$33873,$1591,$847,$471,$1318,$0,$8,$-48,$592,$552,$3461,$-1800,$0,$0,$481,$0,$481,$-1,$-1320,$-1106,$-127,$-1233,$-350,$-350,$-352,$-153,$-2088,$83,$362,$-352
10,2016-02-29,140.5,$25.58,5.49,$265.18,0.53,$8.85,15.87,$5.23,26.87,$15.53B,$15.43B,1.01,$4.89B,$11.23B,0.44,$117.27B,$15.40B,13.13%,$117.27B,$3.60B,3.07%,$117.27B,$3.60B,3.07%,$117.27B,$4.77B,4.07%,$117.27B,$3.56B,3.03%,$117.27B,$2.31B,1.97%,$2.31B,$11.23B,21.00%,$2.31B,$11.23B,21.00%,$2.31B,$32.39B,6.87%,$3.60B,$16.12B,22.72%,$28170,$24469,$3701,$0,$2835,$27314,$856,$-15,$841,$286,$555,$555,$546,$1141,$856,$440,442,$1.24,$1.24,$4855,$8908,$313,$15529,$16065,$0,$0,$794,$16859,$32388,$15433,$4886,$835,$5721,$21154,$2,$7001,$-1344,$11234,$32388,$1042,$556,$203,$759,$0,$-98,$-482,$381,$-199,$1602,$-1339,$0,$0,$387,$0,$387,$0,$-952,$-1200,$-47,$-1247,$-213,$-213,$-176,$-151,$-1787,$-1168,$287,$-176
11,2015-11-30,150.76,$25.19,5.98,$263.37,0.57,$10.20,14.78,$5.34,28.23,$18.86B,$18.29B,1.03,$4.85B,$11.08B,0.44,$116.55B,$15.25B,13.09%,$116.55B,$3.62B,3.11%,$116.55B,$3.62B,3.11%,$116.55B,$4.77B,4.09%,$116.55B,$3.59B,3.08%,$116.55B,$2.36B,2.03%,$2.36B,$11.08B,21.88%,$2.36B,$11.08B,21.88%,$2.36B,$35.45B,6.97%,$3.62B,$15.93B,23.55%,$27220,$23621,$3599,$0,$2806,$26453,$767,$-5,$762,$275,$487,$487,$480,$1038,$767,$438,441,$1.10,$1.09,$6283,$10382,$0,$18858,$15867,$0,$0,$726,$16593,$35451,$18293,$4845,$0,$6078,$24371,$2,$6704,$-1105,$11080,$35451,$487,$271,$101,$372,$-10,$-1473,$1435,$0,$-48,$811,$-715,$0,$0,$387,$0,$387,$-4,$-332,$0,$63,$63,$-361,$-361,$0,$74,$-224,$253,$186,$0
12,2015-08-31,130.47,$24.76,5.27,$262.46,0.5,$11.28,11.57,$5.37,24.3,$16.78B,$16.54B,1.02,$4.85B,$10.84B,0.45,$116.20B,$15.13B,13.02%,$116.20B,$3.62B,3.12%,$116.20B,$3.62B,3.12%,$116.20B,$4.75B,4.09%,$116.20B,$3.60B,3.10%,$116.20B,$2.38B,2.05%,$2.38B,$10.84B,21.29%,$2.38B,$10.84B,21.29%,$2.38B,$33.02B,7.06%,$3.62B,$15.70B,22.94%,$35778,$31096,$4682,$0,$3499,$34622,$1156,$0,$1156,$378,$778,$778,$767,$1507,$1156,$439,443,$1.75,$1.73,$6419,$8908,$228,$16779,$15401,$0,$0,$837,$16238,$33017,$16539,$4852,$783,$5635,$22174,$2,$6518,$-1121,$10843,$33017,$2409,$1127,$202,$1329,$557,$-890,$880,$0,$547,$4285,$-2393,$0,$0,$-67,$0,$-67,$-20,$-2480,$1124,$-45,$1079,$-659,$-659,$-2865,$121,$-2324,$-937,$394,$-2865
13,2015-05-31,132.48,$24.59,5.39,$261.92,0.51,$11.51,11.51,$5.22,25.38,$17.63B,$16.74B,1.05,$4.83B,$10.81B,0.45,$115.94B,$14.94B,12.88%,$115.94B,$3.56B,3.07%,$115.94B,$3.56B,3.07%,$115.94B,$4.66B,4.02%,$115.94B,$3.53B,3.05%,$115.94B,$2.31B,1.99%,$2.31B,$10.81B,19.92%,$2.31B,$10.81B,19.92%,$2.31B,$33.49B,6.85%,$3.56B,$15.64B,21.87%,$26101,$22687,$3414,$0,$2579,$25280,$821,$-22,$799,$280,$519,$519,$516,$1083,$821,$440,443,$1.17,$1.17,$6805,$8869,$0,$17634,$15083,$0,$0,$774,$15857,$33491,$16736,$4826,$0,$5941,$22677,$2,$6164,$-726,$10814,$33491,$1631,$776,$187,$963,$0,$-680,$786,$557,$663,$3257,$-1588,$0,$0,$-173,$0,$-173,$-14,$-1775,$1029,$-76,$953,$-403,$-403,$-2514,$121,$-1843,$-675,$301,$-2514
14,2015-02-28,136.16,$23.68,5.75,$261.28,0.52,$11.62,11.72,$5.12,26.59,$18.06B,$18.25B,0.99,$3.83B,$10.43B,0.37,$115.64B,$14.76B,12.77%,$115.64B,$3.48B,3.01%,$115.64B,$3.48B,3.01%,$115.64B,$4.55B,3.93%,$115.64B,$3.46B,2.99%,$115.64B,$2.26B,1.96%,$2.26B,$10.43B,19.05%,$2.26B,$10.43B,19.05%,$2.26B,$33.60B,6.76%,$3.48B,$14.26B,20.91%,$27454,$23897,$3557,$0,$2671,$26577,$877,$-7,$870,$263,$607,$607,$598,$1137,$877,$440,443,$1.36,$1.35,$7453,$8558,$0,$18058,$14872,$0,$0,$670,$15542,$33600,$18249,$3830,$0,$4926,$23175,$2,$5937,$-797,$10425,$33600,$1112,$514,$147,$661,$0,$-395,$237,$413,$255,$2028,$-1167,$0,$0,$-20,$0,$-20,$7,$-1180,$-8,$-62,$-70,$-279,$-279,$-156,$132,$-373,$128,$236,$-156
15,2014-11-30,127.1,$28.54,4.45,$258.70,0.49,$11.10,11.45,$4.82,26.37,$19.16B,$16.02B,1.2,$5.03B,$12.57B,0.4,$114.49B,$14.47B,12.64%,$114.49B,$3.32B,2.90%,$114.49B,$3.32B,2.90%,$114.49B,$4.37B,3.82%,$114.49B,$3.32B,2.90%,$114.49B,$2.13B,1.86%,$2.13B,$12.57B,17.45%,$2.13B,$12.57B,17.45%,$2.13B,$34.61B,6.46%,$3.32B,$17.60B,19.28%,$26866,$23385,$3481,$0,$2696,$26096,$770,$9,$779,$274,$505,$505,$496,$1024,$770,$439,442,$1.13,$1.12,$7619,$9644,$0,$19156,$14798,$0,$0,$659,$15457,$34613,$16019,$5034,$0,$6024,$22043,$2,$7782,$-388,$12570,$34613,$505,$254,$66,$320,$186,$-1328,$1445,$0,$303,$1128,$-555,$0,$0,$-84,$0,$-84,$-14,$-653,$0,$15,$15,$-195,$-195,$0,$72,$-108,$231,$150,$0
16,2014-08-31,108.0,$28.59,3.78,$254.49,0.42,$10.63,10.16,$4.66,23.18,$17.59B,$14.41B,1.22,$5.09B,$12.52B,0.41,$112.64B,$14.18B,12.59%,$112.64B,$3.22B,2.86%,$112.64B,$3.22B,2.86%,$112.64B,$4.25B,3.77%,$112.64B,$3.20B,2.84%,$112.64B,$2.06B,1.83%,$2.06B,$12.52B,17.27%,$2.06B,$12.52B,17.27%,$2.06B,$33.02B,6.35%,$3.22B,$17.61B,19.02%,$35523,$31037,$4486,$0,$3380,$34432,$1091,$-5,$1086,$381,$705,$705,$697,$1412,$1091,$439,442,$1.59,$1.57,$7315,$8456,$0,$17588,$14830,$0,$0,$606,$15436,$33024,$14412,$5093,$0,$6097,$20509,$2,$7458,$-76,$12515,$33024,$2088,$1029,$202,$1231,$699,$-563,$529,$0,$665,$3984,$-1993,$0,$0,$-97,$0,$-97,$-3,$-2093,$117,$61,$178,$-498,$-498,$-584,$118,$-786,$1094,$327,$-584
17,2014-05-31,103.18,$27.41,3.76,$247.96,0.42,$9.20,11.22,$4.48,23.03,$17.53B,$14.69B,1.19,$4.99B,$12.02B,0.42,$109.60B,$13.77B,12.56%,$109.60B,$3.08B,2.81%,$109.60B,$3.08B,2.81%,$109.60B,$4.09B,3.73%,$109.60B,$3.07B,2.80%,$109.60B,$1.98B,1.80%,$1.98B,$12.02B,17.14%,$1.98B,$12.02B,17.14%,$1.98B,$32.70B,6.24%,$3.08B,$17.01B,18.65%,$25794,$22554,$3240,$0,$2487,$25057,$737,$-13,$724,$245,$479,$479,$473,$974,$737,$439,443,$1.08,$1.07,$7275,$8483,$0,$17533,$14583,$0,$0,$585,$15168,$32701,$14687,$4985,$0,$5993,$20680,$2,$7051,$-69,$12021,$32701,$1383,$708,$193,$901,$0,$-584,$603,$839,$858,$3142,$-1426,$0,$0,$-56,$0,$-56,$-5,$-1487,$0,$-30,$-30,$-313,$-313,$-273,$74,$-542,$1092,$251,$-273
18,2014-02-28,103.55,$26.62,3.89,$244.34,0.42,$8.72,11.88,$4.45,23.27,$16.63B,$13.88B,1.2,$4.99B,$11.71B,0.43,$107.89B,$13.57B,12.58%,$107.89B,$3.07B,2.84%,$107.89B,$3.07B,2.84%,$107.89B,$4.06B,3.76%,$107.89B,$3.05B,2.83%,$107.89B,$1.96B,1.82%,$1.96B,$11.71B,17.54%,$1.96B,$11.71B,17.54%,$1.96B,$31.57B,6.33%,$3.07B,$16.69B,18.99%,$26306,$23043,$3263,$0,$2531,$25582,$724,$4,$728,$255,$473,$473,$463,$964,$724,$440,443,$1.05,$1.05,$6482,$8267,$0,$16634,$14348,$0,$0,$584,$14932,$31566,$13884,$4985,$0,$5973,$19857,$2,$6899,$-157,$11709,$31566,$904,$471,$118,$589,$0,$-397,$-57,$613,$159,$1652,$-1021,$0,$0,$131,$0,$131,$-1,$-891,$0,$-4,$-4,$-152,$-152,$-137,$69,$-224,$486,$185,$-137
19,2013-11-30,110.9,$25.95,4.27,$241.48,0.46,$8.61,12.88,$4.64,23.9,$17.47B,$14.93B,1.17,$4.99B,$11.41B,0.44,$106.46B,$13.41B,12.60%,$106.46B,$3.08B,2.90%,$106.46B,$3.08B,2.90%,$106.46B,$4.05B,3.80%,$106.46B,$3.06B,2.88%,$106.46B,$2.05B,1.92%,$2.05B,$11.41B,18.90%,$2.05B,$11.41B,18.90%,$2.05B,$32.32B,6.73%,$3.08B,$16.40B,19.56%,$25017,$21824,$3193,$0,$2501,$24349,$668,$-9,$659,$228,$431,$431,$425,$899,$668,$438,442,$0.97,$0.96,$6439,$9337,$0,$17473,$14254,$0,$0,$592,$14846,$32319,$14933,$4987,$0,$5977,$20910,$2,$6571,$-41,$11409,$32319,$431,$231,$58,$289,$328,$-1420,$1311,$0,$219,$939,$-574,$0,$0,$-265,$0,$-265,$13,$-826,$0,$22,$22,$-158,$-158,$0,$65,$-71,$55,$112,$0
20,2013-08-31,98.66,$25.21,3.91,$239.00,0.41,$9.19,10.74,$4.63,21.31,$15.84B,$13.26B,1.2,$5.00B,$11.01B,0.45,$105.16B,$13.21B,12.56%,$105.16B,$3.05B,2.90%,$105.16B,$3.05B,2.90%,$105.16B,$4.00B,3.80%,$105.16B,$3.05B,2.90%,$105.16B,$2.04B,1.94%,$2.04B,$11.01B,18.22%,$2.04B,$11.01B,18.22%,$2.04B,$30.28B,6.87%,$3.05B,$16.01B,20.08%,$32487,$28418,$4069,$0,$3098,$31533,$954,$0,$954,$332,$622,$622,$617,$1249,$954,$436,441,$1.41,$1.40,$6124,$7894,$0,$15840,$13881,$0,$0,$562,$14443,$30283,$13257,$4998,$0,$6014,$19271,$2,$6283,$-122,$11012,$30283,$2061,$946,$224,$1170,$386,$-898,$718,$0,$206,$3437,$-2083,$0,$0,$-187,$0,$-187,$19,$-2251,$3717,$-31,$3686,$-157,$-157,$-3560,$75,$44,$1116,$285,$-3560
21,2013-05-31,96.44,$24.38,3.96,$238.58,0.4,$9.70,9.94,$4.62,20.87,$15.86B,$13.51B,1.17,$4.89B,$10.65B,0.46,$104.89B,$13.15B,12.53%,$104.89B,$3.05B,2.91%,$104.89B,$3.05B,2.91%,$104.89B,$3.99B,3.81%,$104.89B,$3.06B,2.92%,$104.89B,$2.03B,1.94%,$2.03B,$10.65B,17.55%,$2.03B,$10.65B,17.55%,$2.03B,$30.01B,7.03%,$3.05B,$15.53B,20.76%,$24083,$21038,$3045,$0,$2313,$23361,$722,$-10,$712,$248,$464,$464,$459,$943,$722,$436,441,$1.05,$1.04,$6510,$7635,$0,$15863,$13546,$0,$0,$597,$14143,$30006,$13509,$4887,$0,$5850,$19359,$2,$5802,$81,$10647,$30006,$1439,$651,$160,$811,$0,$-595,$638,$581,$624,$2874,$-1379,$0,$0,$253,$0,$253,$10,$-1116,$3610,$-18,$3592,$-109,$-109,$-3311,$44,$216,$1920,$210,$-3311
22,2013-02-28,88.86,$23.57,3.77,$234.77,0.38,$9.56,9.29,$4.46,19.92,$15.11B,$13.05B,1.16,$4.81B,$10.28B,0.47,$103.13B,$12.88B,12.49%,$103.13B,$2.95B,2.86%,$103.13B,$2.95B,2.86%,$103.13B,$3.87B,3.76%,$103.13B,$2.97B,2.88%,$103.13B,$1.96B,1.90%,$1.96B,$10.28B,16.04%,$1.96B,$10.28B,16.04%,$1.96B,$29.09B,6.91%,$2.95B,$15.09B,20.43%,$24871,$21766,$3105,$0,$2361,$24133,$738,$1,$739,$185,$554,$554,$547,$955,$738,$436,440,$1.26,$1.24,$5651,$7582,$0,$15110,$13386,$0,$0,$593,$13979,$29089,$13045,$4806,$0,$5761,$18806,$2,$5478,$111,$10283,$29089,$975,$430,$129,$559,$276,$-522,$237,$0,$-9,$1525,$-943,$0,$0,$77,$0,$77,$11,$-855,$3496,$10,$3506,$-118,$-118,$-3191,$38,$235,$885,$159,$-3191
23,2012-11-30,84.88,$29.51,2.88,$230.49,0.37,$9.63,8.81,$4.12,20.6,$15.41B,$14.14B,1.09,$1.37B,$12.83B,0.11,$101.22B,$12.61B,12.45%,$101.22B,$2.86B,2.82%,$101.22B,$2.86B,2.82%,$101.22B,$3.77B,3.73%,$101.22B,$2.86B,2.83%,$101.22B,$1.81B,1.78%,$1.81B,$12.83B,14.06%,$1.81B,$12.83B,14.06%,$1.81B,$29.32B,6.46%,$2.86B,$14.20B,20.09%,$23715,$20726,$2989,$0,$2332,$23076,$639,$7,$646,$225,$421,$421,$416,$852,$639,$433,439,$0.96,$0.95,$5576,$8152,$0,$15405,$13251,$0,$0,$667,$13918,$29323,$14135,$1366,$0,$2356,$16491,$2,$8099,$173,$12832,$29323,$421,$213,$59,$272,$181,$-1055,$1283,$0,$409,$1102,$-488,$0,$0,$-419,$0,$-419,$52,$-855,$0,$247,$247,$-142,$-142,$-22,$38,$121,$369,$93,$-22
24,2012-08-31,79.71,$28.95,2.75,$225.51,0.35,$8.98,8.88,$3.90,20.44,$13.53B,$12.26B,1.1,$1.38B,$12.52B,0.11,$99.14B,$12.31B,12.42%,$99.14B,$2.76B,2.78%,$99.14B,$2.76B,2.78%,$99.14B,$3.67B,3.70%,$99.14B,$2.77B,2.79%,$99.14B,$1.71B,1.72%,$1.71B,$12.52B,13.41%,$1.71B,$12.52B,13.41%,$1.71B,$27.14B,6.19%,$2.76B,$13.90B,19.56%,$32218,$28210,$4008,$0,$3044,$31269,$949,$16,$965,$343,$622,$622,$609,$1241,$949,$434,439,$1.40,$1.38,$4854,$7096,$0,$13526,$12961,$0,$0,$653,$13614,$27140,$12260,$1381,$0,$2362,$14622,$2,$7834,$156,$12518,$27140,$1767,$908,$202,$1110,$332,$-490,$338,$0,$180,$3057,$-1480,$0,$0,$255,$0,$255,$-11,$-1236,$-770,$457,$-313,$-630,$-630,$-607,$-731,$-2281,$-481,$241,$-607
25,2012-05-31,70.16,$30.43,2.31,$215.77,0.33,$9.69,7.24,$3.59,19.54,$14.59B,$12.37B,1.18,$1.37B,$13.18B,0.1,$95.10B,$11.80B,12.41%,$95.10B,$2.57B,2.70%,$95.10B,$2.57B,2.70%,$95.10B,$3.46B,3.64%,$95.10B,$2.57B,2.71%,$95.10B,$1.58B,1.66%,$1.58B,$13.18B,12.37%,$1.58B,$13.18B,12.37%,$1.58B,$27.84B,5.73%,$2.57B,$14.56B,18.25%,$22324,$19543,$2781,$0,$2152,$21701,$623,$-1,$622,$217,$405,$405,$386,$825,$623,$434,439,$0.89,$0.88,$5976,$7044,$0,$14591,$12596,$0,$0,$649,$13245,$27836,$12366,$1373,$0,$2287,$14653,$2,$7611,$319,$13183,$27836,$1145,$616,$153,$769,$0,$-434,$394,$453,$413,$2327,$-900,$0,$0,$90,$303,$393,$-10,$-517,$-773,$412,$-361,$-488,$-488,$-209,$47,$-1011,$782,$179,$-209
26,2012-02-29,69.66,$29.55,2.36,$211.43,0.33,$9.71,7.18,$3.44,20.25,$14.36B,$12.41B,1.16,$1.38B,$12.82B,0.11,$93.40B,$11.58B,12.40%,$93.40B,$2.51B,2.68%,$93.40B,$2.51B,2.68%,$93.40B,$3.39B,3.63%,$93.40B,$2.49B,2.66%,$93.40B,$1.52B,1.62%,$1.52B,$12.82B,12.04%,$1.52B,$12.82B,12.04%,$1.52B,$27.51B,5.55%,$2.51B,$14.20B,18.02%,$22967,$20139,$2828,$0,$2178,$22323,$644,$-17,$627,$215,$412,$412,$394,$853,$644,$435,439,$0.91,$0.90,$5785,$6934,$0,$14360,$12519,$0,$0,$632,$13151,$27511,$12409,$1380,$0,$2283,$14692,$2,$7339,$306,$12819,$27511,$740,$414,$106,$520,$386,$-327,$-75,$0,$-16,$1244,$-632,$0,$0,$-2,$191,$189,$-9,$-452,$129,$-77,$52,$-377,$-377,$-105,$38,$-392,$380,$134,$-105
27,2011-11-30,68.85,$28.60,2.41,$206.28,0.33,$10.38,6.63,$3.33,20.68,$14.99B,$13.31B,1.13,$1.33B,$12.45B,0.11,$91.30B,$11.39B,12.48%,$91.30B,$2.46B,2.69%,$91.30B,$2.46B,2.69%,$91.30B,$3.33B,3.64%,$91.30B,$2.43B,2.66%,$91.30B,$1.47B,1.61%,$1.47B,$12.45B,11.83%,$1.47B,$12.45B,11.83%,$1.47B,$28.00B,5.47%,$2.46B,$13.78B,17.66%,$21628,$18931,$2697,$0,$2144,$21085,$543,$10,$553,$225,$328,$328,$320,$748,$543,$434,441,$0.74,$0.73,$5915,$7618,$0,$14993,$12381,$0,$0,$630,$13011,$28004,$13311,$1330,$0,$2246,$15557,$2,$7175,$205,$12447,$28004,$328,$205,$34,$239,$168,$-1062,$991,$0,$97,$664,$-336,$0,$0,$-106,$95,$-11,$-5,$-352,$78,$194,$272,$-242,$-242,$0,$37,$67,$310,$76,$0
28,2011-08-31,63.22,$28.95,2.18,$200.78,0.31,$10.59,5.97,$3.31,19.1,$13.71B,$12.05B,1.14,$1.25B,$12.57B,0.1,$88.92B,$11.18B,12.57%,$88.92B,$2.44B,2.74%,$88.92B,$2.44B,2.74%,$88.92B,$3.29B,3.70%,$88.92B,$2.38B,2.68%,$88.92B,$1.46B,1.64%,$1.46B,$12.57B,11.95%,$1.46B,$12.57B,11.95%,$1.46B,$26.76B,5.54%,$2.44B,$13.83B,17.51%,$28178,$24680,$3498,$0,$2721,$27416,$762,$10,$772,$272,$500,$500,$478,$1035,$762,$436,443,$1.09,$1.07,$5613,$6638,$0,$13706,$12432,$0,$0,$623,$13055,$26761,$12050,$1253,$0,$2138,$14188,$2,$7111,$373,$12573,$26761,$1542,$855,$269,$1124,$370,$-642,$804,$0,$532,$3198,$-1290,$0,$0,$-662,$602,$-60,$170,$-1180,$0,$-540,$-540,$-400,$-400,$-389,$52,$-1277,$795,$207,$-389
29,2011-05-31,66.18,$28.65,2.31,$191.28,0.35,$10.16,6.52,$3.20,20.68,$14.07B,$12.49B,1.13,$1.25B,$12.54B,0.1,$84.86B,$10.78B,12.70%,$84.86B,$2.37B,2.79%,$84.86B,$2.37B,2.79%,$84.86B,$3.19B,3.76%,$84.86B,$2.30B,2.70%,$84.86B,$1.42B,1.67%,$1.42B,$12.54B,11.97%,$1.42B,$12.54B,11.97%,$1.42B,$26.97B,5.52%,$2.37B,$13.79B,17.21%,$20623,$18067,$2556,$0,$1991,$20067,$556,$-22,$534,$193,$341,$341,$324,$752,$556,$437,444,$0.74,$0.73,$6215,$6396,$0,$14069,$12300,$0,$0,$605,$12905,$26974,$12494,$1247,$0,$1939,$14433,$2,$6994,$484,$12541,$26974,$1042,$582,$103,$685,$0,$-357,$518,$369,$530,$2257,$-809,$0,$0,$-1054,$465,$-589,$160,$-1238,$0,$10,$10,$-135,$-135,$-179,$42,$-262,$868,$152,$-179
30,2011-02-28,59.83,$27.73,2.16,$184.44,0.32,$10.30,5.81,$3.15,18.99,$13.14B,$10.75B,1.22,$2.14B,$12.12B,0.18,$82.02B,$10.51B,12.81%,$82.02B,$2.30B,2.80%,$82.02B,$2.30B,2.80%,$82.02B,$3.11B,3.79%,$82.02B,$2.24B,2.72%,$82.02B,$1.40B,1.70%,$1.40B,$12.12B,12.23%,$1.40B,$12.12B,12.23%,$1.40B,$25.72B,5.62%,$2.30B,$14.27B,16.95%,$20875,$18235,$2640,$0,$2038,$20279,$596,$-23,$573,$204,$369,$369,$348,$791,$596,$437,443,$0.80,$0.79,$5379,$6127,$0,$13138,$12102,$0,$0,$476,$12578,$25716,$10746,$2144,$0,$2846,$13592,$2,$6863,$340,$12124,$25716,$701,$386,$84,$470,$0,$-151,$100,$326,$275,$1446,$-532,$0,$0,$-903,$414,$-489,$160,$-861,$0,$-344,$-344,$-98,$-98,$-89,$28,$-503,$141,$109,$-89
31,2010-11-30,53.94,$26.83,2.01,$179.27,0.3,$10.15,5.31,$3.03,17.8,$13.56B,$11.50B,1.18,$2.14B,$11.71B,0.18,$79.89B,$10.22B,12.79%,$79.89B,$2.17B,2.72%,$79.89B,$2.17B,2.72%,$79.89B,$2.98B,3.73%,$79.89B,$2.14B,2.67%,$79.89B,$1.35B,1.69%,$1.35B,$11.71B,12.17%,$1.35B,$11.71B,12.17%,$1.35B,$26.04B,5.56%,$2.17B,$13.85B,16.44%,$19239,$16757,$2482,$0,$1941,$18714,$525,$-21,$504,$172,$332,$332,$312,$716,$525,$434,441,$0.72,$0.71,$5284,$6852,$0,$13558,$12019,$0,$0,$466,$12485,$26043,$11502,$2143,$0,$2834,$14336,$2,$6685,$270,$11707,$26043,$332,$191,$40,$231,$0,$-912,$961,$108,$157,$720,$-299,$0,$0,$-240,$237,$-3,$165,$-137,$0,$71,$71,$-85,$-85,$-89,$16,$-87,$525,$57,$-89
32,2010-08-31,44.93,$25.21,1.78,$174.57,0.26,$10.19,4.41,$2.92,15.39,$11.71B,$10.06B,1.16,$2.14B,$10.93B,0.2,$77.95B,$9.95B,12.77%,$77.95B,$2.08B,2.66%,$77.95B,$2.08B,2.66%,$77.95B,$2.87B,3.68%,$77.95B,$2.05B,2.64%,$77.95B,$1.30B,1.67%,$1.30B,$10.93B,12.10%,$1.30B,$10.93B,12.10%,$1.30B,$23.82B,5.51%,$2.08B,$13.07B,16.10%,$24125,$21024,$3101,$0,$2409,$23437,$688,$-4,$684,$247,$437,$437,$432,$934,$688,$439,446,$0.99,$0.97,$4749,$5638,$0,$11708,$11314,$0,$0,$793,$12107,$23815,$10063,$2141,$0,$2822,$12885,$2,$6590,$122,$10930,$23815,$1323,$795,$147,$942,$283,$-213,$445,$0,$515,$2780,$-1051,$0,$0,$-1265,$309,$-956,$-8,$-2015,$-84,$13,$-71,$-358,$-358,$-338,$48,$-719,$57,$190,$-338
33,2010-05-31,46.16,$24.90,1.85,$171.28,0.27,$8.24,5.6,$2.80,16.49,$12.06B,$10.19B,1.18,$2.13B,$10.97B,0.19,$76.20B,$9.72B,12.75%,$76.20B,$1.99B,2.61%,$76.20B,$1.99B,2.61%,$76.20B,$2.78B,3.64%,$76.20B,$1.95B,2.56%,$76.20B,$1.25B,1.63%,$1.25B,$10.97B,11.79%,$1.25B,$10.97B,11.79%,$1.25B,$23.90B,5.37%,$1.99B,$13.10B,15.65%,$17780,$15494,$2286,$0,$1789,$17289,$491,$-17,$474,$163,$311,$311,$306,$671,$491,$441,448,$0.69,$0.68,$5267,$5546,$0,$12057,$11058,$0,$0,$784,$11842,$23899,$10189,$2132,$0,$2738,$12927,$2,$6614,$151,$10972,$23899,$886,$549,$95,$644,$0,$-120,$432,$327,$639,$2169,$-641,$0,$0,$-342,$69,$-273,$2,$-912,$-83,$130,$47,$52,$52,$-158,$47,$-12,$1256,$139,$-158
34,2010-02-28,48.15,$24.39,1.97,$167.55,0.29,$6.31,7.63,$2.60,18.52,$11.50B,$9.87B,1.17,$2.13B,$10.74B,0.2,$74.23B,$9.46B,12.75%,$74.23B,$1.86B,2.50%,$74.23B,$1.86B,2.50%,$74.23B,$2.64B,3.55%,$74.23B,$1.82B,2.45%,$74.23B,$1.15B,1.55%,$1.15B,$10.74B,11.28%,$1.15B,$10.74B,11.28%,$1.15B,$23.37B,5.10%,$1.86B,$12.88B,15.05%,$18742,$16396,$2346,$0,$1873,$18272,$470,$4,$474,$169,$305,$305,$299,$655,$470,$440,447,$0.68,$0.67,$4719,$5365,$0,$11501,$11105,$0,$0,$760,$11865,$23366,$9865,$2134,$0,$2758,$12623,$2,$6495,$145,$10743,$23366,$575,$369,$63,$432,$0,$63,$104,$186,$353,$1360,$-504,$0,$0,$-4,$0,$-4,$2,$-506,$-39,$105,$66,$80,$80,$-79,$44,$111,$977,$100,$-79
35,2009-11-30,47.17,$23.74,1.99,$163.92,0.29,$4.81,9.81,$2.48,19.02,$11.63B,$10.29B,1.13,$2.14B,$10.43B,0.21,$72.33B,$9.19B,12.70%,$72.33B,$1.78B,2.47%,$72.33B,$1.78B,2.47%,$72.33B,$2.54B,3.51%,$72.33B,$1.73B,2.39%,$72.33B,$1.09B,1.51%,$1.09B,$10.43B,11.13%,$1.09B,$10.43B,11.13%,$1.09B,$23.48B,4.98%,$1.78B,$12.57B,14.94%,$17299,$15081,$2218,$0,$1777,$16871,$428,$-6,$422,$152,$270,$270,$266,$612,$428,$437,445,$0.61,$0.60,$4189,$6223,$0,$11627,$11115,$0,$0,$736,$11851,$23478,$10285,$2135,$0,$2762,$13047,$2,$6288,$150,$10431,$23478,$270,$184,$34,$218,$0,$-795,$871,$187,$263,$751,$-312,$0,$0,$8,$0,$8,$8,$-296,$-35,$29,$-6,$41,$41,$-79,$39,$-5,$460,$52,$-79
36,2009-08-31,40.01,$23.18,1.73,$162.25,0.25,$2.94,13.62,$2.48,16.13,$10.34B,$9.28B,1.11,$2.13B,$10.10B,0.21,$71.42B,$9.09B,12.72%,$71.42B,$1.78B,2.49%,$71.42B,$1.78B,2.49%,$71.42B,$2.51B,3.51%,$71.42B,$1.73B,2.42%,$71.42B,$1.09B,1.52%,$1.09B,$10.10B,11.57%,$1.09B,$10.10B,11.57%,$1.09B,$21.98B,5.11%,$1.78B,$12.23B,15.38%,$22378,$19512,$2866,$0,$2254,$21780,$598,$-14,$584,$206,$378,$378,$374,$839,$598,$434,440,$0.86,$0.84,$3727,$5405,$0,$10337,$10900,$0,$0,$742,$11642,$21979,$9281,$2130,$0,$2594,$11875,$2,$6101,$110,$10104,$21979,$1099,$728,$262,$990,$142,$-394,$255,$0,$3,$2092,$-1243,$0,$0,$-26,$183,$157,$-15,$-1101,$-6,$-130,$-136,$0,$0,$-296,$-7,$-439,$538,$181,$-296
37,2009-05-31,37.94,$21.78,1.74,$163.44,0.23,$2.48,15.27,$2.53,15.0,$10.09B,$9.26B,1.09,$2.15B,$9.47B,0.23,$72.14B,$9.02B,12.51%,$72.14B,$1.78B,2.47%,$72.14B,$1.78B,2.47%,$72.14B,$2.49B,3.44%,$72.14B,$1.76B,2.44%,$72.14B,$1.11B,1.54%,$1.11B,$9.47B,12.12%,$1.11B,$9.47B,12.12%,$1.11B,$21.30B,5.30%,$1.78B,$11.62B,15.72%,$15806,$13776,$2030,$0,$1655,$15447,$359,$-19,$340,$128,$212,$212,$210,$530,$359,$434,440,$0.48,$0.48,$3668,$5277,$0,$10087,$10498,$0,$0,$719,$11217,$21304,$9259,$2145,$0,$2572,$11831,$2,$5806,$-57,$9473,$21304,$721,$487,$173,$660,$0,$-346,$263,$245,$162,$1543,$-892,$0,$0,$122,$-5,$117,$-3,$-778,$-4,$-101,$-105,$-16,$-16,$-139,$0,$-260,$464,$132,$-139
38,2009-02-28,32.98,$21.01,1.57,$165.00,0.2,$2.42,13.6,$2.72,12.13,$9.69B,$9.00B,1.08,$2.20B,$9.12B,0.24,$72.95B,$9.06B,12.42%,$72.95B,$1.89B,2.59%,$72.95B,$1.89B,2.59%,$72.95B,$2.57B,3.52%,$72.95B,$1.89B,2.59%,$72.95B,$1.20B,1.64%,$1.20B,$9.12B,13.18%,$1.20B,$9.12B,13.18%,$1.20B,$20.74B,5.72%,$1.89B,$11.32B,16.78%,$16843,$14771,$2072,$0,$1666,$16445,$398,$-13,$385,$142,$243,$243,$239,$559,$398,$433,440,$0.55,$0.55,$3282,$4995,$0,$9691,$10354,$0,$0,$692,$11046,$20737,$8998,$2198,$0,$2618,$11616,$2,$5676,$-218,$9121,$20737,$509,$316,$111,$427,$0,$-120,$-7,$41,$-86,$850,$-667,$0,$0,$112,$0,$112,$-4,$-559,$-2,$-46,$-48,$-36,$-36,$-69,$2,$-151,$86,$89,$-69
39,2008-11-30,39.95,$20.43,1.95,$164.81,0.24,$2.20,18.16,$2.91,13.73,$10.10B,$9.54B,1.06,$2.20B,$8.85B,0.25,$73.07B,$9.11B,12.47%,$73.07B,$2.00B,2.73%,$73.07B,$2.00B,2.73%,$73.07B,$2.66B,3.64%,$73.07B,$2.02B,2.77%,$73.07B,$1.28B,1.76%,$1.28B,$8.85B,14.23%,$1.28B,$8.85B,14.23%,$1.28B,$21.00B,6.15%,$2.00B,$11.05B,17.79%,$16395,$14276,$2119,$0,$1677,$15973,$422,$-4,$418,$152,$266,$266,$263,$577,$422,$432,441,$0.61,$0.60,$2817,$5933,$0,$10100,$10192,$0,$0,$705,$10897,$20997,$9538,$2196,$0,$2608,$12146,$2,$5506,$-240,$8851,$20997,$266,$155,$74,$229,$0,$-1096,$777,$-191,$-510,$-15,$-375,$0,$0,$74,$0,$74,$-1,$-302,$-1,$40,$39,$-65,$-65,$0,$2,$-24,$-404,$44,$0
40,2008-08-31,51.88,$21.25,2.44,$163.07,0.32,$2.72,19.05,$2.90,17.89,$9.46B,$8.87B,1.07,$2.21B,$9.19B,0.24,$72.48B,$8.98B,12.39%,$72.48B,$1.97B,2.72%,$72.48B,$1.97B,2.72%,$72.48B,$2.62B,3.62%,$72.48B,$2.01B,2.77%,$72.48B,$1.28B,1.77%,$1.28B,$9.19B,14.25%,$1.28B,$9.19B,14.25%,$1.28B,$20.68B,6.14%,$1.97B,$11.40B,17.59%,$23100,$20298,$2802,$0,$2187,$22496,$604,$15,$619,$209,$410,$410,$398,$819,$604,$434,444,$0.92,$0.89,$3275,$5039,$0,$9462,$10355,$0,$0,$865,$11220,$20682,$8874,$2206,$0,$2616,$11490,$2,$5361,$286,$9192,$20682,$1295,$653,$109,$762,$245,$-192,$96,$0,$149,$2206,$-1551,$0,$0,$54,$-206,$-152,$-14,$-1717,$34,$136,$170,$-589,$-589,$-265,$41,$-643,$-161,$166,$-265
41,2008-05-31,55.04,$20.95,2.63,$155.81,0.35,$2.81,19.58,$2.83,19.45,$10.08B,$9.53B,1.06,$2.19B,$9.12B,0.24,$69.86B,$8.72B,12.49%,$69.86B,$1.92B,2.75%,$69.86B,$1.92B,2.75%,$69.86B,$2.54B,3.63%,$69.86B,$1.97B,2.83%,$69.86B,$1.26B,1.80%,$1.26B,$9.12B,14.20%,$1.26B,$9.12B,14.20%,$1.26B,$21.20B,6.10%,$1.92B,$11.30B,17.41%,$16614,$14548,$2066,$0,$1582,$16148,$466,$-1,$465,$170,$295,$295,$295,$616,$466,$434,443,$0.68,$0.67,$3655,$5306,$0,$10078,$10249,$0,$0,$876,$11125,$21203,$9526,$2187,$0,$2562,$12088,$2,$5248,$393,$9116,$21203,$885,$438,$25,$463,$0,$-401,$415,$401,$415,$1763,$-1134,$0,$0,$50,$-371,$-321,$-11,$-1466,$36,$188,$224,$-379,$-379,$-126,$43,$-238,$69,$116,$-126
42,2008-02-29,47.68,$20.60,2.31,$150.49,0.32,$2.88,16.56,$2.65,17.99,$9.67B,$9.17B,1.06,$2.18B,$8.95B,0.24,$67.91B,$8.44B,12.43%,$67.91B,$1.79B,2.64%,$67.91B,$1.79B,2.64%,$67.91B,$2.39B,3.52%,$67.91B,$1.87B,2.75%,$67.91B,$1.19B,1.75%,$1.19B,$8.95B,13.64%,$1.19B,$8.95B,13.64%,$1.19B,$20.67B,5.87%,$1.79B,$11.13B,16.51%,$16959,$14833,$2126,$0,$1615,$16455,$504,$18,$522,$194,$328,$328,$328,$650,$504,$435,445,$0.75,$0.74,$3100,$5236,$0,$9669,$10048,$0,$0,$952,$10999,$20669,$9169,$2182,$0,$2553,$11722,$2,$5236,$430,$8946,$20669,$590,$288,$29,$317,$0,$-319,$154,$111,$-54,$853,$-768,$0,$0,$-39,$-371,$-410,$-20,$-1198,$37,$111,$148,$-288,$-288,$-63,$19,$-184,$-513,$80,$-63
43,2007-11-30,51.79,$20.15,2.57,$145.11,0.36,$2.84,18.25,$2.45,21.14,$10.30B,$9.69B,1.06,$2.18B,$8.76B,0.25,$66.06B,$8.17B,12.37%,$66.06B,$1.65B,2.50%,$66.06B,$1.65B,2.50%,$66.06B,$2.24B,3.38%,$66.06B,$1.74B,2.63%,$66.06B,$1.11B,1.68%,$1.11B,$8.76B,12.79%,$1.11B,$8.76B,12.79%,$1.11B,$21.00B,5.68%,$1.65B,$10.95B,15.99%,$15810,$13824,$1986,$0,$1570,$15415,$395,$10,$405,$143,$262,$262,$262,$537,$395,$435,446,$0.60,$0.59,$3210,$5773,$0,$10302,$9920,$0,$0,$783,$10702,$21004,$9694,$2182,$0,$2548,$12242,$2,$5085,$478,$8762,$21004,$262,$142,$15,$157,$0,$-839,$788,$-97,$-148,$271,$-432,$0,$0,$114,$0,$114,$-7,$-325,$39,$164,$203,$-215,$-215,$0,$10,$-2,$-38,$38,$0
44,2007-08-31,47.34,$19.73,2.4,$139.89,0.34,$3.25,14.58,$2.37,19.98,$9.32B,$8.58B,1.09,$2.11B,$8.62B,0.24,$64.40B,$7.95B,12.35%,$64.40B,$1.61B,2.50%,$64.40B,$1.61B,2.50%,$64.40B,$2.18B,3.38%,$64.40B,$1.71B,2.66%,$64.40B,$1.08B,1.68%,$1.08B,$8.62B,12.43%,$1.08B,$8.62B,12.43%,$1.08B,$19.61B,5.74%,$1.61B,$10.73B,16.29%,$20478,$17932,$2546,$0,$1970,$19923,$555,$26,$582,$209,$373,$373,$373,$734,$555,$448,458,$0.85,$0.83,$3356,$4879,$0,$9324,$9520,$0,$0,$763,$10282,$19607,$8582,$2108,$0,$2401,$10983,$2,$5132,$371,$8623,$19607,$1083,$569,$-16,$553,$289,$-273,$435,$0,$451,$2087,$-1372,$0,$0,$257,$496,$753,$-36,$-655,$1687,$33,$1720,$-1674,$-1674,$-246,$25,$-175,$1269,$135,$-246
45,2007-05-31,43.19,$19.27,2.24,$136.52,0.32,$3.00,14.42,$2.29,18.86,$9.69B,$8.59B,1.13,$2.16B,$8.48B,0.26,$63.80B,$7.80B,12.23%,$63.80B,$1.57B,2.46%,$63.80B,$1.57B,2.46%,$63.80B,$2.12B,3.33%,$63.80B,$1.68B,2.64%,$63.80B,$1.07B,1.67%,$1.07B,$8.48B,12.05%,$1.07B,$8.48B,12.05%,$1.07B,$19.54B,5.81%,$1.57B,$10.64B,16.45%,$14659,$12878,$1782,$0,$1433,$14320,$339,$17,$356,$132,$224,$224,$224,$470,$339,$445,456,$0.50,$0.49,$3821,$4955,$0,$9690,$9098,$0,$0,$750,$9848,$19538,$8587,$2159,$0,$2470,$11057,$2,$5230,$301,$8481,$19538,$710,$391,$30,$420,$0,$-359,$493,$288,$423,$1554,$-876,$0,$0,$670,$0,$670,$-36,$-241,$1689,$77,$1766,$-1330,$-1330,$-118,$21,$340,$1650,$96,$-118
46,2007-02-28,42.63,$19.56,2.18,$132.01,0.32,$2.51,17.0,$2.29,18.62,$8.28B,$8.67B,0.96,$0.17B,$8.79B,0.02,$62.42B,$7.67B,12.29%,$62.42B,$1.58B,2.54%,$62.42B,$1.58B,2.54%,$62.42B,$2.13B,3.41%,$62.42B,$1.71B,2.74%,$62.42B,$1.08B,1.73%,$1.08B,$8.79B,11.93%,$1.08B,$8.79B,11.93%,$1.08B,$17.93B,6.06%,$1.58B,$8.96B,17.15%,$15112,$13252,$1860,$0,$1488,$14751,$361,$33,$394,$145,$249,$249,$249,$494,$361,$451,462,$0.55,$0.54,$2233,$4931,$0,$8276,$8917,$0,$0,$733,$9649,$17925,$8665,$168,$0,$472,$9137,$2,$5610,$245,$8788,$17925,$486,$260,$-53,$207,$0,$-366,$291,$43,$-32,$726,$-657,$0,$0,$665,$0,$665,$-19,$-11,$-1,$207,$206,$-805,$-805,$-59,$13,$-646,$61,$65,$-59
47,2006-11-30,39.8,$19.70,2.02,$128.43,0.31,$3.31,12.04,$2.37,16.79,$8.86B,$8.95B,0.99,$0.18B,$8.97B,0.02,$61.37B,$7.57B,12.33%,$61.37B,$1.65B,2.69%,$61.37B,$1.65B,2.69%,$61.37B,$2.19B,3.56%,$61.37B,$1.78B,2.91%,$61.37B,$1.13B,1.83%,$1.13B,$8.97B,12.36%,$1.13B,$8.97B,12.36%,$1.13B,$18.42B,6.39%,$1.65B,$9.15B,17.60%,$14152,$12389,$1763,$0,$1382,$13798,$353,$25,$378,$141,$237,$237,$237,$481,$353,$459,468,$0.52,$0.51,$2614,$5389,$0,$8864,$8832,$0,$0,$719,$9551,$18415,$8947,$175,$0,$496,$9443,$2,$5844,$271,$8972,$18415,$237,$128,$-14,$113,$0,$-806,$816,$15,$25,$407,$-385,$0,$0,$558,$0,$558,$-15,$157,$1,$142,$143,$-376,$-376,$0,$3,$-229,$332,$32,$0
