,Date,Stock Price,Book Value per Share,Price to Book Ratio,TTM Sales per Share,Price to Sales Ratio,TTM FCF per Share,Price to FCF Ratio,TTM Net EPS,PE Ratio,Current Assets,Current Liabilities,Current Ratio,Long Term Debt,Shareholder's Equity_x,Debt to Equity Ratio,TTM Revenue_x,TTM Gross Profit,Gross Margin,TTM Revenue_y,TTM Operating Income,Operating Margin,TTM Revenue_x,TTM EBIT,EBIT Margin,TTM Revenue_y,TTM EBITDA,EBITDA Margin,TTM Revenue_x,TTM Pre-Tax Income,Pre-Tax Margin,TTM Revenue_y,TTM Net Income_x,Net Margin,TTM Net Income_y,Shareholder's Equity_y,Return on Equity,TTM Net Income_x,Tangible Equity,Return on Tangible Equity,TTM Net Income_y,Total Assets,Return on Assets,TTM Net Income,LT Investments & Debt,Return on Investment,revenue,cost-goods-sold,gross-profit,research-development-expenses,selling-general-administrative-expenses,operating-expenses,operating-income,total-non-operating-income-expense,pre-tax-income,total-provision-income-taxes,income-after-taxes,income-from-continuous-operations,net-income,ebitda,ebit,basic-shares-outstanding,shares-outstanding,eps-basic-net-earnings-per-share,eps-earnings-per-share-diluted,cash-on-hand,inventory,other-current-assets,total-current-assets,net-property-plant-equipment,long-term-investments,goodwill-intangible-assets-total,other-long-term-assets,total-long-term-assets,total-assets,total-current-liabilities,long-term-debt,other-non-current-liabilities,total-long-term-liabilities,total-liabilities,common-stock-net,retained-earnings-accumulated-deficit,comprehensive-income,total-share-holder-equity,total-liabilities-share-holders-equity,net-income-loss,total-depreciation-amortization-cash-flow,other-non-cash-items,total-non-cash-items,change-in-accounts-receivable,change-in-inventories,change-in-accounts-payable,change-in-assets-liabilities,total-change-in-assets-liabilities,cash-flow-from-operating-activities,net-change-in-property-plant-equipment,net-change-in-intangible-assets,net-acquisitions-divestitures,net-change-in-short-term-investments,net-change-in-long-term-investments,net-change-in-investments-total,investing-activities-other,cash-flow-from-investing-activities,net-long-term-debt,net-current-debt,debt-issuance-retirement-net-total,net-common-equity-issued-repurchased,net-total-equity-issued-repurchased,total-common-preferred-stock-dividends-paid,financial-activities-other,cash-flow-from-financial-activities,net-cash-flow,stock-based-compensation,common-stock-dividends-paid
0,2018-09-30,16.15,$8.79,1.84,$16.53,0.98,$0.80,20.11,$2.81,5.75,$0.67B,$0.48B,1.42,$1.26B,$1.21B,1.04,$2.35B,$1.17B,49.68%,$2.35B,$0.06B,2.35%,$2.35B,$0.06B,2.35%,$2.35B,$0.25B,10.58%,$2.35B,$0.01B,0.34%,$2.35B,$0.40B,17.01%,$0.40B,$1.21B,34.67%,$0.40B,$-0.65B,-55.42%,$0.40B,$3.16B,11.74%,$0.06B,$2.48B,2.21%,$609,$299,$311,$0,$280,$582,$28,$-18,$10,$1,$9,$9,$10,$78,$28,$139,141,$0.07,$0.07,$176,$137,$0,$674,$592,$0,$1862,$32,$2486,$3160,$476,$1263,$75,$1471,$1946,$911,$321,$-91,$1214,$3160,$383,$148,$-350,$-203,$-41,$-9,$0,$-6,$-34,$146,$-91,$-7,$-54,$0,$8,$8,$0,$-144,$-264,$0,$-264,$-40,$-40,$-25,$-13,$-342,$18,$15,$-25
1,2018-06-30,16.49,$8.89,1.86,$16.34,1.01,$0.75,21.91,$3.04,5.42,$0.64B,$0.43B,1.49,$1.26B,$1.24B,1.01,$2.32B,$1.15B,49.50%,$2.32B,$0.05B,2.11%,$2.32B,$0.05B,2.11%,$2.32B,$0.24B,10.40%,$2.32B,$0.00B,0.04%,$2.32B,$0.43B,18.64%,$0.43B,$1.24B,40.53%,$0.43B,$-0.63B,-53.66%,$0.43B,$3.14B,11.84%,$0.05B,$2.49B,1.98%,$604,$302,$301,$0,$275,$583,$21,$-6,$14,$2,$12,$12,$11,$70,$21,$140,142,$0.08,$0.08,$162,$141,$0,$641,$584,$0,$1870,$39,$2494,$3135,$430,$1256,$76,$1466,$1896,$918,$0,$-80,$1239,$3135,$373,$97,$-358,$-260,$-19,$-14,$0,$-5,$-55,$58,$-56,$-4,$-54,$0,$0,$0,$0,$-114,$-263,$0,$-263,$-18,$-18,$-17,$-15,$-312,$5,$8,$-17
2,2018-03-31,14.61,$9.02,1.62,$16.25,0.9,$1.00,14.58,$2.78,5.26,$0.69B,$0.45B,1.54,$1.29B,$1.26B,1.02,$2.29B,$1.13B,49.39%,$2.29B,$0.04B,1.92%,$2.29B,$0.04B,1.92%,$2.29B,$0.24B,10.29%,$2.29B,$-0.02B,-0.83%,$2.29B,$0.40B,17.26%,$0.40B,$1.26B,41.10%,$0.40B,$-0.63B,-40.33%,$0.40B,$3.21B,10.17%,$0.04B,$2.55B,1.72%,$561,$287,$274,$0,$261,$555,$6,$-1,$6,$1,$5,$5,$361,$54,$6,$140,142,$2.58,$2.54,$212,$140,$0,$687,$590,$0,$1896,$38,$2524,$3212,$446,$1289,$77,$1502,$1948,$922,$341,$-63,$1264,$3212,$362,$48,$-360,$-312,$-13,$-9,$0,$-3,$-28,$23,$-28,$-2,$-28,$0,$0,$0,$0,$-58,$-263,$0,$-263,$-4,$-4,$-8,$-15,$-290,$54,$3,$-8
3,2017-12-31,16.47,$6.35,2.59,$16.18,1.02,$1.09,15.11,$-0.02,0.0,$0.93B,$0.93B,1.0,$1.54B,$0.89B,1.74,$2.27B,$1.13B,49.69%,$2.27B,$0.04B,1.89%,$2.27B,$0.04B,1.89%,$2.27B,$0.23B,10.13%,$2.27B,$-0.03B,-1.50%,$2.27B,$-0.00B,-0.04%,$-0.00B,$0.89B,-0.12%,$-0.00B,$-0.97B,0.09%,$-0.00B,$4.09B,-0.02%,$0.04B,$2.43B,1.55%,$571,$292,$279,$0,$265,$571,$0,$-22,$-22,$-31,$10,$10,$17,$46,$0,$139,142,$0.12,$0.12,$92,$128,$0,$934,$584,$0,$1856,$39,$3159,$4093,$933,$1543,$587,$2274,$3207,$917,$-12,$-94,$886,$4093,$7,$185,$-17,$169,$-8,$-2,$0,$3,$0,$176,$-114,$-6,$-36,$0,$0,$0,$1,$-154,$649,$0,$649,$-0,$-0,$-33,$-18,$597,$40,$18,$-33
4,2017-09-30,14.79,$6.27,2.36,$15.93,0.93,$1.06,14.01,$-0.70,0.0,$0.99B,$0.98B,1.01,$1.53B,$0.87B,1.76,$2.22B,$1.11B,49.91%,$2.22B,$0.03B,1.53%,$2.22B,$0.03B,1.53%,$2.22B,$0.22B,10.00%,$2.22B,$-0.04B,-1.85%,$2.22B,$-0.10B,-4.41%,$-0.10B,$0.87B,-11.45%,$-0.10B,$-0.99B,8.66%,$-0.10B,$4.15B,-2.36%,$0.03B,$2.41B,1.31%,$581,$288,$293,$0,$263,$559,$22,$-20,$3,$1,$2,$2,$43,$71,$22,$139,141,$0.30,$0.30,$82,$142,$0,$985,$590,$0,$1861,$37,$3164,$4149,$975,$1534,$68,$2300,$3275,$916,$-21,$-93,$874,$4149,$-12,$139,$-0,$139,$-37,$-15,$0,$5,$12,$139,$-91,$-6,$-33,$0,$0,$0,$1,$-130,$648,$0,$648,$1,$1,$-25,$-18,$606,$30,$11,$-25
5,2017-06-30,14.17,$5.97,2.38,$15.26,0.93,$0.75,18.95,$-1.03,0.0,$0.97B,$0.97B,1.0,$2.04B,$0.83B,2.46,$2.12B,$1.06B,50.24%,$2.12B,$0.03B,1.23%,$2.12B,$0.03B,1.23%,$2.12B,$0.16B,7.47%,$2.12B,$-0.05B,-2.13%,$2.12B,$-0.14B,-6.81%,$-0.14B,$0.83B,-16.34%,$-0.14B,$-1.34B,12.07%,$-0.14B,$4.12B,-3.47%,$0.03B,$2.87B,0.95%,$581,$294,$287,$0,$260,$564,$17,$-23,$-6,$-2,$-5,$-5,$-25,$65,$17,$139,139,$-0.18,$-0.18,$123,$325,$0,$972,$936,$0,$2169,$39,$3146,$4118,$973,$2038,$113,$2315,$3288,$912,$-55,$-97,$830,$4118,$-57,$90,$53,$143,$-20,$-10,$0,$1,$6,$93,$-56,$-3,$-30,$0,$0,$0,$0,$-88,$648,$0,$648,$-1,$-1,$-17,$-18,$612,$5,$9,$-17
6,2017-03-31,12.08,$6.09,1.98,$17.24,0.7,$0.56,21.61,$-0.79,0.0,$1.33B,$0.77B,1.73,$2.53B,$0.85B,2.99,$2.30B,$1.03B,44.74%,$2.30B,$0.05B,2.04%,$2.30B,$0.05B,2.04%,$2.30B,$0.18B,7.96%,$2.30B,$-0.03B,-1.39%,$2.30B,$-0.11B,-4.87%,$-0.11B,$0.85B,-12.14%,$-0.11B,$-1.27B,11.47%,$-0.11B,$4.42B,-2.79%,$0.05B,$3.38B,1.69%,$537,$268,$269,$0,$255,$532,$5,$-14,$-9,$2,$-10,$-10,$-36,$48,$5,$139,139,$-0.26,$-0.26,$531,$329,$0,$1328,$933,$0,$2114,$41,$3090,$4417,$770,$2533,$112,$2802,$3572,$912,$-22,$-106,$846,$4417,$-34,$42,$28,$70,$0,$-8,$0,$-7,$-4,$31,$-24,$-1,$-5,$0,$0,$0,$0,$-30,$750,$0,$750,$-1,$-1,$-8,$-10,$730,$412,$4,$-8
7,2016-12-31,11.02,$6.30,1.75,$19.54,0.56,$0.11,103.43,$-0.56,0.0,$0.85B,$0.81B,1.05,$0.85B,$0.87B,0.97,$2.46B,$0.97B,39.58%,$2.46B,$0.06B,2.32%,$2.46B,$0.06B,2.32%,$2.46B,$0.20B,8.21%,$2.46B,$-0.03B,-1.38%,$2.46B,$-0.08B,-3.21%,$-0.08B,$0.87B,-8.72%,$-0.08B,$-0.93B,9.43%,$-0.08B,$3.94B,-2.16%,$0.06B,$1.73B,2.27%,$521,$263,$259,$0,$259,$531,$-9,$-19,$-29,$26,$-55,$-55,$-80,$38,$-9,$138,138,$-0.58,$-0.58,$78,$125,$0,$853,$582,$0,$1807,$31,$3087,$3940,$810,$851,$1211,$2256,$3066,$909,$23,$-118,$874,$3940,$-72,$146,$64,$210,$-3,$13,$0,$-6,$7,$146,$-89,$-4,$-959,$0,$0,$0,$0,$-1053,$498,$0,$498,$361,$361,$-31,$-21,$807,$41,$7,$-31
8,2016-09-30,13.79,$7.06,1.95,$22.15,0.62,$0.54,25.75,$-0.04,0.0,$0.94B,$0.87B,1.08,$2.02B,$0.98B,2.07,$2.64B,$0.94B,35.47%,$2.64B,$0.08B,3.18%,$2.64B,$0.08B,3.18%,$2.64B,$0.13B,5.00%,$2.64B,$-0.01B,-0.53%,$2.64B,$-0.00B,-0.11%,$-0.00B,$0.98B,-0.35%,$-0.00B,$-1.23B,0.37%,$-0.00B,$4.11B,-0.09%,$0.08B,$3.00B,3.21%,$477,$229,$248,$0,$225,$463,$14,$-15,$-1,$3,$-4,$-4,$-3,$7,$14,$138,138,$-0.02,$-0.02,$119,$320,$0,$937,$951,$0,$2207,$0,$3178,$4114,$868,$2019,$82,$2270,$3138,$907,$107,$-96,$976,$4114,$6,$99,$-8,$91,$-19,$11,$0,$-3,$-25,$72,$-68,$-2,$-959,$0,$0,$0,$0,$-1029,$498,$0,$498,$362,$362,$-23,$-20,$816,$42,$4,$-23
9,2016-06-30,13.46,$7.21,1.87,$25.54,0.53,$1.61,8.36,$0.03,448.52,$1.36B,$0.47B,2.89,$2.01B,$0.99B,2.03,$2.92B,$0.92B,31.56%,$2.92B,$0.10B,3.39%,$2.92B,$0.10B,3.39%,$2.92B,$0.21B,7.27%,$2.92B,$-0.01B,-0.41%,$2.92B,$0.01B,0.17%,$0.01B,$0.99B,0.65%,$0.01B,$-0.47B,-0.71%,$0.01B,$3.62B,0.16%,$0.10B,$3.01B,4.09%,$765,$512,$253,$0,$202,$728,$37,$-30,$7,$-2,$9,$9,$7,$90,$37,$123,124,$0.06,$0.06,$753,$247,$0,$1364,$770,$0,$1468,$0,$2251,$3615,$472,$2013,$73,$2150,$2621,$905,$119,$-91,$994,$3615,$8,$106,$-3,$102,$-47,$1,$0,$-6,$-41,$69,$-60,$-3,$-46,$0,$0,$0,$-3,$-112,$-126,$0,$-126,$363,$363,$-18,$0,$219,$172,$6,$-18
10,2016-03-31,13.33,$6.35,2.1,$27.16,0.49,$2.11,6.31,$-0.01,0.0,$0.65B,$0.49B,1.34,$1.52B,$0.78B,1.96,$2.93B,$0.91B,30.99%,$2.93B,$0.11B,3.68%,$2.93B,$0.11B,3.68%,$2.93B,$0.23B,7.71%,$2.93B,$-0.00B,-0.07%,$2.93B,0,0.00%,$0.00B,$0.78B,0.00%,$0.00B,$-0.71B,0.00%,$0.00B,$2.93B,0.00%,$0.11B,$2.30B,4.85%,$698,$484,$214,$0,$197,$684,$15,$-26,$-11,$-10,$-1,$-1,$-3,$67,$15,$113,113,$-0.02,$-0.02,$55,$255,$0,$652,$775,$0,$1491,$0,$2276,$2928,$487,$1524,$72,$1662,$2149,$682,$119,$-79,$779,$2928,$-1,$52,$-10,$43,$-22,$-3,$0,$-2,$-60,$-19,$-27,$-2,$-44,$0,$0,$0,$0,$-74,$-62,$0,$-62,$143,$143,$-10,$0,$71,$-22,$2,$-10
11,2015-12-31,10.5,$5.89,1.78,$28.62,0.37,$2.21,4.74,$-0.04,0.0,$0.64B,$0.56B,1.13,$1.53B,$0.65B,2.36,$2.95B,$0.90B,30.42%,$2.95B,$0.10B,3.40%,$2.95B,$0.10B,3.40%,$2.95B,$0.22B,7.57%,$2.95B,$-0.00B,-0.07%,$2.95B,$-0.00B,-0.10%,$-0.00B,$0.65B,-0.45%,$-0.00B,$-0.80B,0.36%,$-0.00B,$2.89B,-0.10%,$0.10B,$2.17B,4.53%,$699,$478,$221,$0,$194,$681,$18,$-27,$-9,$-6,$-3,$-3,$-4,$-32,$18,$110,110,$-0.04,$-0.04,$77,$249,$0,$639,$770,$0,$1444,$28,$2249,$2887,$563,$1525,$77,$1678,$2241,$535,$130,$-76,$646,$2887,$21,$123,$-24,$99,$-4,$1,$0,$-2,$12,$131,$-40,$-3,$-24,$0,$0,$0,$0,$-67,$0,$0,$0,$142,$-7,$-31,$0,$-38,$-9,$8,$-31
12,2015-09-30,10.29,$6.04,1.7,$27.79,0.37,$1.50,6.85,$0.19,54.15,$0.68B,$0.59B,1.15,$1.55B,$0.66B,2.34,$2.79B,$0.75B,26.77%,$2.79B,$0.05B,1.72%,$2.79B,$0.05B,1.72%,$2.79B,$0.26B,9.14%,$2.79B,$-0.04B,-1.33%,$2.79B,$0.02B,0.72%,$0.02B,$0.66B,2.96%,$0.02B,$-0.83B,-2.43%,$0.02B,$2.98B,0.66%,$0.05B,$2.21B,2.16%,$756,$523,$233,$0,$196,$727,$29,$-28,$1,$-6,$6,$6,$5,$87,$29,$110,110,$0.04,$0.04,$64,$254,$0,$681,$803,$0,$1488,$0,$2295,$2975,$592,$1548,$77,$1721,$2313,$533,$141,$-68,$663,$2975,$24,$173,$-22,$151,$-23,$6,$0,$21,$-8,$166,$-45,$-3,$-23,$0,$0,$0,$0,$-70,$-76,$0,$-76,$142,$-7,$-31,$-3,$-117,$-23,$8,$-31
13,2015-06-30,9.24,$6.18,1.5,$26.62,0.35,$0.48,19.26,$0.15,61.58,$0.75B,$0.66B,1.15,$1.55B,$0.68B,2.29,$2.57B,$0.58B,22.73%,$2.57B,$0.04B,1.48%,$2.57B,$0.04B,1.48%,$2.57B,$0.21B,8.33%,$2.57B,$-0.03B,-1.32%,$2.57B,$0.02B,0.62%,$0.02B,$0.68B,2.46%,$0.02B,$-0.82B,-2.61%,$0.02B,$3.07B,0.60%,$0.04B,$2.23B,1.95%,$780,$539,$241,$0,$190,$734,$46,$-29,$17,$-1,$18,$18,$2,$104,$46,$100,100,$0.02,$0.02,$79,$267,$0,$753,$820,$0,$1499,$0,$2320,$3074,$656,$1550,$89,$1741,$2397,$532,$142,$-55,$677,$3074,$17,$115,$-26,$89,$-61,$-5,$0,$22,$-32,$75,$-17,$-2,$-1,$0,$0,$0,$0,$-19,$-30,$0,$-30,$142,$-7,$-22,$-3,$-61,$-7,$6,$-22
14,2015-03-31,8.8,$7.09,1.24,$24.66,0.36,$-0.56,0.0,$0.07,125.64,$0.68B,$0.65B,1.05,$1.55B,$0.51B,3.03,$2.34B,$0.42B,18.05%,$2.34B,$0.02B,0.77%,$2.34B,$0.02B,0.77%,$2.34B,$0.16B,6.97%,$2.34B,$-0.05B,-2.27%,$2.34B,$0.01B,0.34%,$0.01B,$0.66B,1.27%,$0.01B,$-0.84B,-1.98%,$0.01B,$3.03B,0.34%,$0.02B,$2.21B,1.08%,$710,$509,$201,$0,$189,$703,$7,$-17,$-11,$-9,$-1,$-1,$-6,$64,$7,$93,93,$-0.06,$-0.06,$35,$271,$0,$681,$845,$0,$1505,$0,$2352,$3034,$647,$1553,$67,$1725,$2372,$390,$147,$-77,$662,$3034,$-1,$57,$-18,$39,$-41,$-11,$0,$28,$-39,$-1,$-27,$-2,$0,$0,$0,$0,$0,$-29,$-9,$0,$-9,$-1,$-1,$-11,$0,$-20,$-52,$2,$-11
15,2014-12-31,6.42,$7.50,0.86,$22.08,0.29,$-0.91,0.0,$0.09,71.31,$0.70B,$0.65B,1.08,$1.54B,$0.55B,2.81,$2.10B,$0.28B,13.17%,$2.10B,$0.02B,0.71%,$2.10B,$0.02B,0.71%,$2.10B,$0.13B,6.13%,$2.10B,$-0.05B,-2.14%,$2.10B,$0.01B,0.48%,$0.01B,$0.70B,1.63%,$0.01B,$-0.80B,-6.63%,$0.01B,$3.07B,0.51%,$0.02B,$2.24B,1.10%,$544,$472,$72,$0,$66,$577,$-34,$-11,$-44,$-65,$21,$21,$19,$-0,$-34,$93,98,$0.20,$0.19,$86,$262,$0,$704,$865,$0,$1502,$0,$2370,$3073,$653,$1541,$72,$1723,$2376,$388,$158,$-51,$698,$3073,$16,$113,$-52,$61,$2,$13,$0,$-24,$-20,$57,$-45,$-7,$-799,$0,$0,$0,$0,$-850,$936,$0,$936,$-12,$-12,$-31,$-57,$836,$39,$6,$-31
16,2014-09-30,6.35,$6.05,1.05,$21.57,0.29,$0.01,504.11,$-0.22,0.0,$0.55B,$0.37B,1.49,$0.54B,$0.57B,0.95,$2.04B,$0.28B,13.82%,$2.04B,$0.06B,3.14%,$2.04B,$0.06B,3.14%,$2.04B,$0.17B,8.33%,$2.04B,$-0.01B,-0.59%,$2.04B,$-0.02B,-1.03%,$-0.02B,$0.57B,-3.57%,$-0.02B,$0.01B,-22.70%,$-0.02B,$1.57B,-1.36%,$0.06B,$1.10B,6.07%,$535,$466,$70,$0,$50,$516,$19,$-14,$4,$2,$3,$3,$1,$46,$19,$94,94,$0.01,$0.01,$47,$231,$0,$554,$463,$0,$552,$0,$1020,$1574,$371,$536,$39,$637,$1008,$389,$147,$-26,$565,$1574,$-5,$80,$15,$94,$-39,$10,$0,$-2,$-52,$38,$-30,$-4,$-81,$0,$0,$0,$0,$-115,$151,$0,$151,$-8,$-8,$-24,$-42,$79,$0,$5,$-24
17,2014-06-30,6.48,$6.28,1.03,$21.63,0.3,$0.13,51.79,$-0.09,0.0,$0.65B,$0.48B,1.37,$0.54B,$0.59B,0.91,$2.05B,$0.28B,13.52%,$2.05B,$0.07B,3.47%,$2.05B,$0.07B,3.47%,$2.05B,$0.18B,8.59%,$2.05B,$-0.00B,-0.15%,$2.05B,$-0.01B,-0.49%,$-0.01B,$0.59B,-1.66%,$-0.01B,$0.02B,-7.48%,$-0.01B,$1.71B,-0.65%,$0.07B,$1.13B,6.54%,$549,$470,$79,$0,$51,$523,$26,$-28,$-2,$3,$-5,$-5,$-6,$53,$26,$94,94,$-0.06,$-0.06,$91,$251,$0,$652,$479,$0,$570,$0,$1055,$1707,$476,$537,$42,$640,$1117,$392,$155,$-10,$591,$1707,$-7,$52,$10,$62,$-66,$-8,$0,$-1,$-78,$-23,$-21,$-3,$-81,$0,$0,$0,$0,$-104,$196,$0,$196,$-3,$-3,$-16,$-8,$170,$44,$3,$-16
18,2014-03-31,7.7,$6.31,1.22,$21.68,0.36,$-0.03,0.0,$0.14,55.01,$0.55B,$0.41B,1.34,$0.39B,$0.60B,0.65,$2.06B,$0.28B,13.32%,$2.06B,$0.08B,3.78%,$2.06B,$0.08B,3.78%,$2.06B,$0.18B,8.77%,$2.06B,$0.02B,0.92%,$2.06B,$0.01B,0.63%,$0.01B,$0.60B,2.14%,$0.01B,$0.17B,7.75%,$0.01B,$1.45B,0.87%,$0.08B,$0.98B,7.05%,$475,$419,$56,$0,$47,$471,$4,$-8,$-3,$-1,$-3,$-3,$-4,$30,$4,$94,94,$-0.04,$-0.04,$41,$249,$0,$548,$473,$0,$429,$0,$907,$1454,$409,$388,$21,$450,$859,$394,$167,$-19,$595,$1454,$-3,$26,$2,$28,$-33,$-17,$0,$0,$-78,$-53,$-9,$-2,$0,$0,$0,$0,$0,$-10,$64,$0,$64,$-0,$-0,$-7,$0,$56,$-7,$1,$-7
19,2013-12-31,7.28,$6.41,1.13,$21.92,0.33,$-0.20,0.0,$0.18,40.44,$0.50B,$0.35B,1.43,$0.40B,$0.60B,0.67,$2.09B,$0.28B,13.13%,$2.09B,$0.09B,4.25%,$2.09B,$0.09B,4.25%,$2.09B,$0.19B,9.17%,$2.09B,$0.02B,1.15%,$2.09B,$0.02B,0.81%,$0.02B,$0.60B,2.79%,$0.02B,$0.17B,10.09%,$0.02B,$1.42B,1.13%,$0.09B,$1.01B,7.66%,$482,$404,$77,$0,$59,$467,$15,$-25,$-11,$-1,$-10,$-10,$-12,$41,$15,$95,96,$-0.12,$-0.12,$47,$233,$0,$504,$481,$0,$435,$0,$920,$1424,$352,$404,$22,$467,$819,$393,$175,$-17,$604,$1424,$22,$103,$11,$115,$14,$-1,$0,$5,$18,$155,$-55,$-6,$-11,$0,$0,$0,$1,$-72,$-171,$0,$-171,$-13,$-13,$-29,$-1,$-213,$-132,$4,$-29
20,2013-09-30,6.85,$6.61,1.04,$22.34,0.31,$-0.13,0.0,$0.32,21.41,$0.62B,$0.26B,2.35,$0.60B,$0.62B,0.97,$2.13B,$0.28B,13.25%,$2.13B,$0.09B,4.27%,$2.13B,$0.09B,4.27%,$2.13B,$0.19B,9.11%,$2.13B,$0.04B,1.78%,$2.13B,$0.03B,1.50%,$0.03B,$0.62B,5.20%,$0.03B,$0.18B,18.77%,$0.03B,$1.56B,2.07%,$0.09B,$1.23B,7.48%,$543,$478,$65,$0,$38,$517,$26,$-13,$13,$0,$13,$13,$12,$52,$26,$94,95,$0.13,$0.13,$126,$215,$0,$620,$490,$0,$444,$0,$941,$1560,$264,$602,$24,$674,$938,$393,$193,$-17,$623,$1560,$32,$77,$7,$84,$-39,$16,$0,$4,$-54,$63,$-45,$-4,$-11,$0,$0,$0,$0,$-59,$-20,$0,$-20,$-13,$-13,$-22,$-0,$-55,$-54,$4,$-22
21,2013-06-30,6.91,$6.42,1.08,$22.71,0.3,$-0.27,0.0,$0.34,20.31,$0.60B,$0.27B,2.23,$0.60B,$0.61B,0.99,$2.17B,$0.29B,13.36%,$2.17B,$0.09B,4.33%,$2.17B,$0.09B,4.33%,$2.17B,$0.20B,9.03%,$2.17B,$0.04B,1.94%,$2.17B,$0.04B,1.61%,$0.04B,$0.61B,5.67%,$0.04B,$0.16B,20.65%,$0.04B,$1.55B,2.28%,$0.09B,$1.21B,7.71%,$564,$487,$77,$0,$42,$531,$33,$-13,$20,$2,$18,$18,$17,$58,$33,$95,96,$0.17,$0.17,$67,$240,$0,$597,$492,$0,$453,$0,$949,$1546,$267,$602,$24,$670,$938,$395,$189,$-29,$609,$1546,$19,$51,$5,$56,$-58,$-11,$0,$-2,$-99,$-25,$-35,$-2,$-7,$0,$0,$0,$0,$-43,$-20,$0,$-20,$-8,$-8,$-14,$0,$-42,$-113,$3,$-14
22,2013-03-31,8.89,$6.34,1.4,$23.39,0.38,$-0.10,0.0,$0.43,20.67,$0.57B,$0.24B,2.39,$0.60B,$0.61B,0.99,$2.23B,$0.31B,13.66%,$2.23B,$0.10B,4.66%,$2.23B,$0.10B,4.66%,$2.23B,$0.21B,9.23%,$2.23B,$0.05B,2.33%,$2.23B,$0.04B,1.93%,$0.04B,$0.61B,6.99%,$0.04B,$0.17B,25.83%,$0.04B,$1.50B,2.81%,$0.10B,$1.21B,8.55%,$505,$449,$56,$0,$41,$490,$15,$-14,$2,$1,$1,$1,$0,$41,$15,$95,96,$0.00,$0.00,$93,$236,$0,$574,$487,$0,$435,$0,$926,$1500,$240,$601,$15,$655,$895,$398,$180,$-24,$605,$1500,$1,$25,$1,$26,$-28,$-13,$0,$-1,$-86,$-59,$-20,$-0,$0,$0,$0,$0,$0,$-20,$-1,$0,$-1,$-3,$-3,$-2,$0,$-6,$-86,$1,$-2
23,2012-12-31,7.01,$6.53,1.07,$23.59,0.3,$0.08,83.26,$0.49,14.31,$0.63B,$0.29B,2.16,$0.60B,$0.62B,0.97,$2.25B,$0.31B,13.86%,$2.25B,$0.11B,4.89%,$2.25B,$0.11B,4.89%,$2.25B,$0.21B,9.37%,$2.25B,$0.06B,2.53%,$2.25B,$0.05B,2.18%,$0.05B,$0.62B,8.04%,$0.05B,$0.18B,32.03%,$0.05B,$1.57B,3.20%,$0.11B,$1.23B,9.08%,$517,$433,$84,$0,$66,$500,$17,$-14,$3,$-1,$4,$4,$3,$43,$17,$95,95,$0.03,$0.03,$179,$225,$0,$625,$491,$0,$446,$0,$941,$1566,$290,$602,$13,$653,$943,$398,$186,$-12,$623,$1566,$53,$101,$9,$110,$15,$-12,$0,$1,$10,$173,$-67,$-5,$-10,$0,$0,$0,$2,$-80,$-3,$0,$-3,$-0,$-0,$-11,$-1,$-16,$79,$5,$-11
24,2012-09-30,6.85,$6.62,1.03,$23.91,0.29,$0.18,37.71,$0.35,19.57,$0.59B,$0.25B,2.36,$0.60B,$0.63B,0.96,$2.28B,$0.28B,12.22%,$2.28B,$0.10B,4.25%,$2.28B,$0.10B,4.25%,$2.28B,$0.20B,8.63%,$2.28B,$0.04B,1.93%,$2.28B,$0.03B,1.49%,$0.03B,$0.63B,5.71%,$0.03B,$0.18B,25.52%,$0.03B,$1.53B,2.24%,$0.10B,$1.23B,8.10%,$584,$511,$73,$0,$44,$555,$29,$-12,$17,$1,$16,$16,$15,$54,$29,$94,96,$0.15,$0.15,$88,$219,$0,$587,$488,$0,$455,$0,$947,$1534,$249,$602,$15,$655,$904,$396,$190,$-11,$630,$1534,$49,$75,$8,$83,$-37,$-6,$0,$-5,$-79,$53,$-48,$-5,$-10,$0,$0,$0,$2,$-61,$-3,$0,$-3,$-0,$-0,$-3,$-1,$-8,$-13,$4,$-3
25,2012-06-30,7.12,$6.33,1.12,$24.23,0.29,$0.43,16.56,$0.37,19.24,$0.58B,$0.27B,2.16,$0.60B,$0.60B,1.0,$2.31B,$0.27B,11.86%,$2.31B,$0.10B,4.20%,$2.31B,$0.10B,4.20%,$2.31B,$0.20B,8.53%,$2.31B,$0.04B,1.73%,$2.31B,$0.04B,1.52%,$0.04B,$0.60B,5.99%,$0.04B,$0.14B,30.17%,$0.04B,$1.53B,2.32%,$0.10B,$1.21B,8.18%,$626,$534,$92,$0,$49,$583,$43,$-13,$30,$4,$26,$26,$25,$68,$43,$94,96,$0.27,$0.26,$47,$234,$0,$577,$489,$0,$459,$0,$952,$1529,$267,$602,$20,$660,$926,$396,$175,$-24,$602,$1529,$33,$50,$7,$56,$-52,$-23,$0,$-5,$-95,$-5,$-37,$-4,$-5,$0,$0,$0,$1,$-45,$-3,$0,$-3,$-0,$-0,$-1,$0,$-4,$-54,$2,$-1
26,2012-03-31,5.71,$6.12,0.93,$24.38,0.23,$0.58,9.77,$0.39,14.65,$0.53B,$0.25B,2.12,$0.60B,$0.58B,1.04,$2.32B,$0.27B,11.62%,$2.32B,$0.10B,4.17%,$2.32B,$0.10B,4.17%,$2.32B,$0.20B,8.48%,$2.32B,$0.04B,1.64%,$2.32B,$0.04B,1.59%,$0.04B,$0.58B,6.38%,$0.04B,$0.12B,35.58%,$0.04B,$1.49B,2.43%,$0.10B,$1.18B,8.21%,$524,$460,$63,$0,$42,$503,$21,$-14,$7,$0,$7,$7,$6,$46,$21,$94,96,$0.06,$0.06,$32,$229,$0,$525,$491,$0,$466,$0,$963,$1488,$248,$602,$21,$658,$906,$396,$150,$-17,$582,$1488,$7,$25,$1,$26,$-21,$-17,$0,$-1,$-76,$-43,$-18,$-3,$-5,$0,$0,$0,$0,$-25,$-1,$0,$-1,$0,$0,$-1,$0,$-2,$-69,$1,$-1
27,2011-12-31,5.43,$5.97,0.91,$24.51,0.22,$0.82,6.61,$0.40,13.57,$0.55B,$0.29B,1.94,$0.60B,$0.57B,1.06,$2.33B,$0.28B,11.87%,$2.33B,$0.10B,4.33%,$2.33B,$0.10B,4.33%,$2.33B,$0.20B,8.57%,$2.33B,$0.04B,1.71%,$2.33B,$0.04B,1.63%,$0.04B,$0.57B,6.64%,$0.04B,$0.10B,42.34%,$0.04B,$1.51B,2.47%,$0.10B,$1.17B,8.59%,$549,$498,$51,$0,$44,$545,$4,$-15,$-10,$1,$-11,$-11,$-12,$29,$4,$94,95,$-0.12,$-0.12,$101,$210,$0,$551,$482,$0,$471,$0,$958,$1509,$285,$602,$20,$656,$941,$396,$144,$-25,$568,$1509,$41,$99,$4,$103,$-5,$7,$0,$5,$19,$164,$-48,$-6,$-34,$0,$0,$0,$-2,$-90,$-15,$0,$-15,$0,$0,$-6,$0,$-20,$53,$3,$-6
28,2011-09-30,5.9,$6.14,0.96,$24.86,0.24,$1.18,4.99,$0.68,8.68,$0.54B,$0.26B,2.1,$0.60B,$0.58B,1.03,$2.31B,$0.30B,12.75%,$2.31B,$0.11B,4.84%,$2.31B,$0.11B,4.84%,$2.31B,$0.21B,9.16%,$2.31B,$0.07B,3.07%,$2.31B,$0.07B,2.81%,$0.07B,$0.58B,11.52%,$0.07B,$0.11B,88.14%,$0.07B,$1.50B,4.21%,$0.11B,$1.19B,9.59%,$611,$544,$68,$0,$38,$582,$29,$-16,$13,$-4,$17,$17,$16,$54,$29,$94,95,$0.17,$0.17,$28,$216,$0,$535,$483,$0,$478,$0,$966,$1501,$255,$603,$21,$662,$917,$396,$156,$-22,$584,$1501,$53,$74,$-1,$73,$-42,$0,$0,$1,$-66,$60,$-31,$-4,$-26,$0,$0,$0,$-2,$-63,$-13,$0,$-13,$0,$0,$-4,$-0,$-17,$-20,$2,$-4
29,2011-06-30,7.29,$6.16,1.18,$23.91,0.3,$1.72,4.25,$0.60,12.15,$0.60B,$0.34B,1.76,$0.60B,$0.59B,1.03,$2.19B,$0.29B,13.42%,$2.19B,$0.10B,4.70%,$2.19B,$0.10B,4.70%,$2.19B,$0.20B,9.00%,$2.19B,$0.07B,3.01%,$2.19B,$0.06B,2.51%,$0.06B,$0.59B,10.03%,$0.06B,$0.10B,107.84%,$0.06B,$1.59B,3.54%,$0.10B,$1.19B,8.93%,$640,$552,$88,$0,$45,$597,$43,$-15,$28,$1,$28,$28,$27,$68,$43,$94,96,$0.28,$0.28,$24,$242,$0,$599,$501,$0,$488,$0,$995,$1594,$340,$603,$21,$669,$1009,$396,$140,$-6,$585,$1594,$35,$49,$8,$57,$-71,$-23,$0,$-2,$-96,$-4,$-23,$-3,$0,$0,$0,$0,$-2,$-28,$9,$0,$9,$0,$0,$-3,$0,$6,$-24,$4,$-3
30,2011-03-31,7.28,$5.83,1.25,$22.46,0.32,$2.27,3.21,$0.60,12.14,$0.54B,$0.33B,1.63,$0.60B,$0.55B,1.09,$1.98B,$0.28B,14.18%,$1.98B,$0.10B,5.01%,$1.98B,$0.10B,5.01%,$1.98B,$0.18B,9.32%,$1.98B,$0.07B,3.59%,$1.98B,$0.05B,2.53%,$0.05B,$0.55B,9.80%,$0.05B,$0.06B,55.56%,$0.05B,$1.55B,3.64%,$0.10B,$1.16B,9.68%,$534,$465,$70,$0,$45,$510,$25,$-15,$9,$2,$8,$8,$7,$49,$25,$94,95,$0.07,$0.07,$36,$223,$0,$541,$507,$0,$493,$0,$1012,$1553,$332,$604,$21,$669,$1001,$396,$113,$-8,$552,$1553,$8,$25,$2,$27,$-29,$-6,$0,$0,$-60,$-26,$-12,$0,$0,$0,$0,$0,$0,$-12,$26,$0,$26,$0,$0,$-2,$0,$24,$-12,$1,$-2
31,2010-12-31,7.81,$5.65,1.38,$21.35,0.37,$2.68,2.92,$0.67,11.66,$0.51B,$0.32B,1.58,$0.61B,$0.54B,1.13,$1.80B,$0.27B,14.80%,$1.80B,$0.10B,5.49%,$1.80B,$0.10B,5.49%,$1.80B,$0.18B,9.81%,$1.80B,$0.08B,4.38%,$1.80B,$0.06B,3.05%,$0.06B,$0.54B,11.57%,$0.06B,$0.03B,41.35%,$0.06B,$1.53B,4.57%,$0.10B,$1.14B,11.07%,$529,$460,$69,$0,$53,$514,$15,$6,$21,$5,$16,$16,$15,$41,$15,$86,86,$0.15,$0.14,$48,$216,$0,$510,$504,$0,$501,$0,$1019,$1529,$323,$606,$22,$671,$994,$396,$107,$-18,$535,$1529,$60,$77,$8,$84,$-4,$-28,$0,$1,$34,$178,$-43,$-4,$-508,$0,$0,$0,$0,$-555,$344,$0,$344,$71,$71,$-7,$-14,$393,$17,$5,$-7
32,2010-09-30,6.81,$5.51,1.24,$20.35,0.33,$2.76,2.47,$0.68,10.01,$0.51B,$0.37B,1.37,$0.61B,$0.52B,1.16,$1.66B,$0.25B,15.17%,$1.66B,$0.10B,5.90%,$1.66B,$0.10B,5.90%,$1.66B,$0.17B,10.05%,$1.66B,$0.06B,3.67%,$1.66B,$0.05B,3.25%,$0.05B,$0.52B,12.22%,$0.05B,$0.02B,30.29%,$0.05B,$1.54B,5.19%,$0.10B,$1.13B,12.76%,$487,$420,$67,$0,$47,$467,$20,$-12,$8,$1,$7,$7,$6,$39,$20,$87,89,$0.07,$0.07,$35,$206,$0,$507,$509,$0,$507,$0,$1030,$1537,$370,$607,$20,$645,$1015,$396,$94,$-17,$522,$1537,$44,$52,$13,$64,$-29,$-21,$0,$1,$-5,$103,$-29,$-4,$-508,$0,$0,$0,$0,$-540,$388,$0,$388,$71,$71,$-6,$-14,$439,$2,$3,$-6
33,2010-06-30,5.05,$5.30,0.95,$20.13,0.25,$3.20,1.58,$0.77,6.55,$0.35B,$0.19B,1.86,$0.23B,$0.43B,0.54,$1.58B,$0.25B,15.77%,$1.58B,$0.11B,6.65%,$1.58B,$0.11B,6.65%,$1.58B,$0.17B,10.89%,$1.58B,$0.07B,4.37%,$1.58B,$0.06B,3.93%,$0.06B,$0.43B,15.23%,$0.06B,$0.25B,27.62%,$0.06B,$0.88B,7.08%,$0.11B,$0.66B,16.19%,$425,$351,$74,$0,$35,$386,$39,$-7,$33,$9,$24,$24,$22,$55,$39,$80,81,$0.28,$0.28,$20,$115,$0,$353,$333,$0,$180,$0,$527,$880,$189,$231,$11,$260,$449,$323,$86,$-28,$431,$880,$36,$32,$1,$33,$-46,$-17,$0,$1,$-30,$40,$-18,$-3,$0,$0,$0,$0,$0,$-21,$-26,$0,$-26,$0,$0,$-3,$-0,$-29,$-11,$2,$-3
34,2010-03-31,6.72,$5.09,1.32,$21.10,0.32,$3.59,1.87,$0.97,6.93,$0.33B,$0.20B,1.66,$0.23B,$0.41B,0.56,$1.59B,$0.25B,15.57%,$1.59B,$0.10B,6.28%,$1.59B,$0.10B,6.28%,$1.59B,$0.17B,10.55%,$1.59B,$0.07B,4.14%,$1.59B,$0.07B,4.65%,$0.07B,$0.41B,19.54%,$0.07B,$0.23B,38.00%,$0.07B,$0.87B,8.33%,$0.10B,$0.65B,15.74%,$363,$306,$57,$0,$32,$338,$25,$-8,$17,$4,$13,$13,$12,$42,$25,$80,81,$0.14,$0.14,$23,$112,$2,$330,$336,$0,$183,$0,$543,$873,$199,$232,$11,$261,$460,$323,$63,$-21,$414,$873,$13,$16,$-1,$16,$-22,$-13,$0,$0,$-20,$8,$-8,$-1,$0,$0,$0,$0,$0,$-9,$-5,$0,$-5,$0,$0,$-2,$-0,$-8,$-8,$1,$-2
35,2009-12-31,7.11,$4.93,1.44,$21.82,0.33,$3.81,1.87,$1.11,6.4,$0.32B,$0.21B,1.55,$0.23B,$0.40B,0.58,$1.60B,$0.25B,15.59%,$1.60B,$0.10B,6.07%,$1.60B,$0.10B,6.07%,$1.60B,$0.17B,10.39%,$1.60B,$0.06B,4.01%,$1.60B,$0.08B,5.13%,$0.08B,$0.40B,24.06%,$0.08B,$0.22B,52.82%,$0.08B,$0.87B,9.27%,$0.10B,$0.64B,15.84%,$386,$332,$55,$0,$40,$372,$14,$-11,$3,$-12,$15,$15,$14,$31,$14,$74,75,$0.16,$0.14,$31,$100,$0,$321,$343,$0,$186,$0,$553,$874,$207,$233,$15,$265,$473,$323,$52,$-21,$401,$874,$86,$68,$12,$80,$21,$16,$0,$-3,$-11,$155,$-31,$-2,$0,$0,$0,$0,$0,$-32,$-142,$0,$-142,$48,$48,$-7,$-6,$-108,$16,$1,$-7
36,2009-09-30,6.37,$4.70,1.36,$21.92,0.29,$2.37,2.69,$0.75,8.5,$0.34B,$0.18B,1.86,$0.27B,$0.38B,0.71,$1.58B,$0.23B,14.54%,$1.58B,$0.07B,4.24%,$1.58B,$0.07B,4.24%,$1.58B,$0.14B,8.85%,$1.58B,$0.04B,2.28%,$1.58B,$0.06B,3.54%,$0.06B,$0.38B,18.53%,$0.06B,$0.20B,49.12%,$0.06B,$0.88B,6.33%,$0.07B,$0.65B,11.38%,$405,$341,$64,$0,$37,$378,$27,$-11,$16,$1,$15,$15,$14,$44,$27,$77,77,$0.18,$0.18,$19,$113,$2,$336,$338,$0,$182,$0,$542,$878,$180,$269,$26,$316,$496,$322,$38,$-27,$382,$878,$71,$51,$7,$58,$2,$2,$0,$-1,$-13,$115,$-18,$0,$0,$0,$0,$0,$0,$-18,$-135,$0,$-135,$47,$47,$-5,$-2,$-94,$4,$1,$-5
37,2009-06-30,4.89,$4.43,1.1,$22.64,0.22,$1.07,4.58,$-0.68,0.0,$0.37B,$0.27B,1.35,$0.29B,$0.32B,0.91,$1.60B,$0.21B,13.39%,$1.60B,$-0.05B,-3.19%,$1.60B,$-0.05B,-3.19%,$1.60B,$0.03B,1.63%,$1.60B,$-0.08B,-5.01%,$1.60B,$-0.05B,-2.88%,$-0.05B,$0.32B,-16.40%,$-0.05B,$0.13B,-56.10%,$-0.05B,$0.93B,-5.04%,$-0.05B,$0.61B,-8.89%,$439,$366,$73,$0,$35,$405,$34,$-5,$30,$-5,$35,$35,$34,$51,$34,$70,71,$0.48,$0.48,$13,$120,$2,$366,$346,$0,$185,$0,$562,$928,$271,$291,$26,$338,$610,$275,$24,$-30,$318,$928,$56,$34,$-12,$22,$-35,$-6,$0,$-3,$-19,$58,$-12,$0,$0,$0,$0,$0,$0,$-12,$-46,$0,$-46,$0,$0,$-2,$-0,$-48,$-2,$1,$-2
38,2009-03-31,0.86,$3.65,0.24,$22.98,0.04,$0.44,1.95,$-1.19,0.0,$0.31B,$0.26B,1.2,$0.29B,$0.26B,1.12,$1.63B,$0.20B,12.18%,$1.63B,$-0.08B,-4.92%,$1.63B,$-0.08B,-4.92%,$1.63B,$0.00B,0.06%,$1.63B,$-0.11B,-6.64%,$1.63B,$-0.08B,-5.04%,$-0.08B,$0.26B,-27.13%,$-0.08B,$0.07B,-123.77%,$-0.08B,$0.86B,-8.42%,$-0.08B,$0.56B,-13.45%,$367,$309,$58,$0,$35,$345,$22,$-8,$15,$-6,$21,$21,$20,$40,$22,$70,70,$0.28,$0.28,$11,$113,$0,$311,$337,$0,$189,$0,$548,$858,$258,$292,$27,$338,$596,$275,$-10,$-52,$262,$858,$21,$17,$2,$19,$-7,$-3,$0,$3,$-19,$21,$-5,$0,$0,$0,$0,$0,$0,$-5,$-19,$0,$-19,$0,$0,$-1,$-0,$-20,$-4,$0,$-1
39,2008-12-31,1.11,$3.43,0.32,$23.19,0.05,$-0.04,0.0,$-1.76,0.0,$0.31B,$0.28B,1.1,$0.29B,$0.25B,1.19,$1.65B,$0.18B,10.98%,$1.65B,$-0.11B,-6.91%,$1.65B,$-0.11B,-6.91%,$1.65B,$-0.03B,-1.82%,$1.65B,$-0.14B,-8.61%,$1.65B,$-0.12B,-7.46%,$-0.12B,$0.25B,-36.26%,$-0.12B,$0.05B,-187.79%,$-0.12B,$0.87B,-11.77%,$-0.11B,$0.54B,-18.22%,$371,$336,$36,$0,$40,$387,$-16,$-9,$-25,$-13,$-12,$-12,$-12,$5,$-16,$71,71,$-0.15,$-0.15,$15,$111,$0,$310,$347,$0,$197,$0,$563,$873,$282,$294,$34,$345,$627,$275,$-30,$-48,$247,$873,$-121,$82,$99,$181,$9,$6,$0,$-7,$7,$67,$-51,$-3,$0,$0,$0,$0,$0,$-55,$132,$-136,$-3,$-6,$-6,$-4,$-6,$-19,$-13,$6,$-4
40,2008-09-30,0.94,$4.10,0.23,$23.71,0.04,$-0.16,0.0,$-2.64,0.0,$0.36B,$0.32B,1.13,$0.30B,$0.30B,1.0,$1.69B,$0.19B,11.00%,$1.69B,$-0.17B,-10.11%,$1.69B,$-0.17B,-10.11%,$1.69B,$-0.09B,-5.20%,$1.69B,$-0.20B,-11.53%,$1.69B,$-0.19B,-11.00%,$-0.19B,$0.30B,-48.25%,$-0.19B,$0.07B,-248.00%,$-0.19B,$1.00B,-16.72%,$-0.17B,$0.59B,-25.69%,$421,$373,$48,$0,$42,$511,$-91,$-9,$-100,$-12,$-87,$-87,$-88,$-70,$-91,$70,70,$-1.25,$-1.25,$21,$128,$0,$364,$387,$0,$223,$0,$631,$995,$321,$296,$39,$379,$701,$275,$-18,$7,$295,$995,$-109,$62,$101,$163,$5,$-1,$0,$-9,$-11,$42,$-44,$-3,$0,$0,$0,$0,$0,$-48,$151,$-136,$15,$-6,$-6,$-3,$-5,$0,$-7,$5,$-3
41,2008-06-30,2.71,$5.63,0.48,$24.20,0.11,$-0.14,0.0,$-1.47,0.0,$0.43B,$0.38B,1.14,$0.29B,$0.41B,0.71,$1.74B,$0.18B,10.61%,$1.74B,$-0.08B,-4.84%,$1.74B,$-0.08B,-4.84%,$1.74B,$-0.00B,-0.23%,$1.74B,$-0.11B,-6.17%,$1.74B,$-0.10B,-5.99%,$-0.10B,$0.41B,-23.68%,$-0.10B,$0.07B,-123.44%,$-0.10B,$1.17B,-8.88%,$-0.08B,$0.69B,-11.76%,$467,$410,$57,$0,$45,$461,$5,$-3,$2,$3,$-1,$-1,$-2,$26,$5,$71,71,$-0.03,$-0.03,$24,$134,$0,$427,$395,$0,$335,$0,$744,$1171,$375,$288,$52,$392,$766,$275,$70,$30,$405,$1171,$-22,$41,$8,$49,$-25,$-5,$0,$-7,$-4,$24,$-22,$-3,$0,$0,$0,$0,$0,$-25,$146,$-136,$10,$-6,$-6,$-2,$-4,$-2,$-4,$5,$-2
42,2008-03-31,3.04,$5.70,0.53,$24.57,0.12,$-0.52,0.0,$-1.37,0.0,$0.40B,$0.36B,1.1,$0.27B,$0.41B,0.66,$1.77B,$0.19B,10.58%,$1.77B,$-0.08B,-4.70%,$1.77B,$-0.08B,-4.70%,$1.77B,$-0.01B,-0.34%,$1.77B,$-0.11B,-6.17%,$1.77B,$-0.10B,-5.49%,$-0.10B,$0.41B,-20.86%,$-0.10B,$0.07B,-104.30%,$-0.10B,$1.14B,-8.14%,$-0.08B,$0.68B,-11.26%,$390,$349,$41,$0,$53,$402,$-12,$-6,$-19,$2,$-21,$-21,$-21,$9,$-12,$72,72,$-0.30,$-0.30,$21,$136,$0,$395,$392,$0,$340,$0,$745,$1140,$358,$268,$55,$372,$730,$275,$0,$29,$410,$1140,$-21,$21,$3,$24,$-0,$-6,$0,$-1,$-4,$-1,$-17,$-2,$0,$0,$0,$0,$0,$-19,$7,$9,$16,$0,$0,$-1,$-0,$15,$-6,$4,$-1
43,2007-12-31,5.77,$6.01,0.96,$24.73,0.23,$-0.27,0.0,$-1.01,0.0,$0.40B,$0.34B,1.19,$0.27B,$0.43B,0.62,$1.78B,$0.20B,11.25%,$1.78B,$-0.06B,-3.10%,$1.78B,$-0.06B,-3.10%,$1.78B,$0.02B,1.07%,$1.78B,$-0.08B,-4.67%,$1.78B,$-0.07B,-4.00%,$-0.07B,$0.43B,-14.65%,$-0.07B,$0.09B,-74.15%,$-0.07B,$1.14B,-5.91%,$-0.06B,$0.70B,-7.25%,$413,$374,$40,$0,$45,$486,$-73,$-5,$-78,$-5,$-72,$-72,$-75,$-53,$-73,$72,72,$-1.05,$-1.05,$27,$130,$0,$398,$388,$0,$344,$0,$746,$1144,$335,$269,$55,$377,$712,$275,$93,$32,$432,$1144,$-69,$74,$75,$149,$-7,$7,$0,$1,$-1,$80,$-72,$-4,$-2,$0,$0,$0,$0,$-78,$-7,$23,$16,$1,$1,$-4,$-0,$12,$14,$4,$-4
44,2007-09-30,6.91,$7.10,0.97,$24.55,0.28,$0.68,10.14,$-0.35,0.0,$0.43B,$0.32B,1.34,$0.28B,$0.51B,0.54,$1.76B,$0.19B,10.77%,$1.76B,$-0.02B,-1.25%,$1.76B,$-0.02B,-1.25%,$1.76B,$0.06B,3.46%,$1.76B,$-0.06B,-3.12%,$1.76B,$-0.03B,-1.47%,$-0.03B,$0.51B,-5.21%,$-0.03B,$0.11B,-27.73%,$-0.03B,$1.23B,-2.17%,$-0.02B,$0.79B,-2.84%,$465,$419,$46,$0,$34,$468,$-4,$-8,$-12,$-6,$-6,$-6,$-6,$14,$-4,$72,72,$-0.08,$-0.08,$5,$145,$0,$425,$392,$0,$402,$0,$807,$1231,$317,$276,$52,$404,$721,$275,$168,$40,$510,$1231,$4,$54,$17,$71,$-17,$-8,$0,$-2,$-27,$48,$-50,$-3,$0,$0,$0,$0,$0,$-53,$-2,$1,$-1,$1,$1,$-3,$-0,$-4,$-9,$3,$-3
45,2007-06-30,12.48,$7.07,1.77,$24.71,0.5,$1.57,7.95,$-0.18,0.0,$0.46B,$0.36B,1.26,$0.28B,$0.51B,0.54,$1.78B,$0.21B,11.61%,$1.78B,$-0.01B,-0.34%,$1.78B,$-0.01B,-0.34%,$1.78B,$0.08B,4.39%,$1.78B,$-0.04B,-2.25%,$1.78B,$-0.01B,-0.73%,$-0.01B,$0.51B,-2.60%,$-0.01B,$0.11B,-13.98%,$-0.01B,$1.25B,-1.09%,$-0.01B,$0.78B,-0.77%,$499,$439,$60,$0,$45,$492,$6,$-6,$0,$-5,$5,$5,$5,$24,$6,$72,72,$0.07,$0.07,$6,$158,$0,$455,$384,$0,$403,$0,$799,$1254,$361,$276,$35,$385,$746,$275,$174,$30,$508,$1254,$10,$36,$10,$46,$-50,$-23,$0,$-1,$-45,$11,$-36,$-2,$0,$0,$0,$0,$0,$-37,$-2,$22,$21,$1,$1,$-1,$-0,$20,$-7,$5,$-1
46,2007-03-31,11.6,$6.81,1.7,$24.77,0.47,$2.09,5.54,$-0.14,0.0,$0.39B,$0.31B,1.28,$0.28B,$0.49B,0.57,$1.78B,$0.22B,12.26%,$1.78B,$0.01B,0.62%,$1.78B,$0.01B,0.62%,$1.78B,$0.10B,5.40%,$1.78B,$-0.03B,-1.46%,$1.78B,$-0.01B,-0.56%,$-0.01B,$0.49B,-2.01%,$-0.01B,$0.08B,-11.20%,$-0.01B,$1.17B,-0.84%,$0.01B,$0.77B,1.42%,$400,$347,$54,$0,$38,$385,$16,$-9,$7,$2,$5,$5,$5,$34,$16,$72,72,$0.07,$0.07,$6,$148,$0,$392,$365,$0,$407,$0,$781,$1173,$306,$277,$31,$378,$685,$273,$169,$19,$488,$1173,$5,$18,$4,$22,$-9,$-16,$0,$-2,$-11,$15,$-16,$-0,$0,$0,$0,$0,$0,$-16,$-1,$-4,$-5,$0,$0,$-1,$-0,$-6,$-7,$3,$-1
47,2006-12-31,12.41,$6.81,1.82,$24.69,0.5,$2.10,5.91,$-0.24,0.0,$0.37B,$0.30B,1.25,$0.28B,$0.49B,0.56,$1.77B,$0.22B,12.25%,$1.77B,$0.00B,0.17%,$1.77B,$0.00B,0.17%,$1.77B,$0.09B,5.02%,$1.77B,$-0.03B,-1.92%,$1.77B,$-0.02B,-0.96%,$-0.02B,$0.49B,-3.42%,$-0.02B,$0.08B,-19.37%,$-0.02B,$1.14B,-1.43%,$0.00B,$0.76B,0.39%,$400,$370,$30,$0,$47,$440,$-40,$-10,$-50,$-21,$-30,$-30,$-30,$-11,$-40,$72,72,$-0.41,$-0.41,$13,$131,$0,$371,$360,$0,$409,$0,$769,$1141,$296,$275,$12,$356,$652,$273,$169,$18,$489,$1141,$-18,$88,$36,$124,$10,$15,$0,$1,$3,$109,$-34,$-13,$0,$0,$0,$0,$0,$-47,$-1,$-66,$-67,$0,$0,$-5,$1,$-71,$-8,$11,$-5
