,Date,Stock Price,Book Value per Share,Price to Book Ratio,TTM Sales per Share,Price to Sales Ratio,TTM FCF per Share,Price to FCF Ratio,TTM Net EPS,PE Ratio,Current Assets,Current Liabilities,Current Ratio,Long Term Debt,Shareholder's Equity_x,Debt to Equity Ratio,TTM Revenue_x,TTM Gross Profit,Gross Margin,TTM Revenue_y,TTM Operating Income,Operating Margin,TTM Revenue_x,TTM EBIT,EBIT Margin,TTM Revenue_y,TTM EBITDA,EBITDA Margin,TTM Revenue_x,TTM Pre-Tax Income,Pre-Tax Margin,TTM Revenue_y,TTM Net Income_x,Net Margin,TTM Net Income_y,Shareholder's Equity_y,Return on Equity,TTM Net Income_x,Tangible Equity,Return on Tangible Equity,TTM Net Income_y,Total Assets,Return on Assets,TTM Net Income,LT Investments & Debt,Return on Investment,revenue,cost-goods-sold,gross-profit,research-development-expenses,selling-general-administrative-expenses,operating-expenses,operating-income,total-non-operating-income-expense,pre-tax-income,total-provision-income-taxes,income-after-taxes,income-from-continuous-operations,net-income,ebitda,ebit,basic-shares-outstanding,shares-outstanding,eps-basic-net-earnings-per-share,eps-earnings-per-share-diluted,cash-on-hand,inventory,other-current-assets,total-current-assets,net-property-plant-equipment,long-term-investments,goodwill-intangible-assets-total,other-long-term-assets,total-long-term-assets,total-assets,total-current-liabilities,long-term-debt,other-non-current-liabilities,total-long-term-liabilities,total-liabilities,common-stock-net,retained-earnings-accumulated-deficit,comprehensive-income,total-share-holder-equity,total-liabilities-share-holders-equity,net-income-loss,total-depreciation-amortization-cash-flow,other-non-cash-items,total-non-cash-items,change-in-accounts-receivable,change-in-inventories,change-in-accounts-payable,change-in-assets-liabilities,total-change-in-assets-liabilities,cash-flow-from-operating-activities,net-change-in-property-plant-equipment,net-change-in-intangible-assets,net-acquisitions-divestitures,net-change-in-short-term-investments,net-change-in-long-term-investments,net-change-in-investments-total,investing-activities-other,cash-flow-from-investing-activities,net-long-term-debt,net-current-debt,debt-issuance-retirement-net-total,net-common-equity-issued-repurchased,net-total-equity-issued-repurchased,total-common-preferred-stock-dividends-paid,financial-activities-other,cash-flow-from-financial-activities,net-cash-flow,stock-based-compensation,common-stock-dividends-paid
0,2018-09-30,16.3,$27.73,0.59,$29.98,0.54,$5.19,3.14,$-1.44,0.0,$2.03B,$2.32B,0.88,$0.13B,$0.81B,0.17,$0.91B,$0.80B,88.04%,$0.91B,$-0.06B,-6.15%,$0.91B,$0.05B,5.60%,$0.91B,$0.07B,7.79%,$0.91B,$0.05B,5.27%,$0.91B,$-0.05B,-4.94%,$-0.05B,$0.81B,-5.79%,$-0.05B,$0.72B,-6.54%,$-0.05B,$3.46B,-1.34%,$-0.06B,$0.94B,-6.12%,$221,$23,$198,$0,$158,$237,$-16,$42,$26,$5,$21,$21,$14,$16,$11,$30,31,$0.47,$0.45,$1095,$0,$99,$2029,$41,$1104,$87,$67,$1434,$3462,$2318,$133,$0,$336,$2654,$0,$-38,$-0,$808,$3462,$79,$15,$219,$233,$-101,$-92,$90,$87,$-16,$296,$-7,$0,$0,$1,$-6,$-4,$0,$-11,$-14,$96,$82,$-17,$-17,$0,$-251,$-186,$99,$28,$0
1,2018-06-30,13.85,$26.79,0.52,$28.36,0.49,$-0.21,0.0,$-1.80,0.0,$1.87B,$2.06B,0.91,$0.13B,$0.79B,0.17,$0.87B,$0.76B,87.11%,$0.87B,$-0.06B,-6.44%,$0.87B,$0.04B,4.72%,$0.87B,$0.06B,7.13%,$0.87B,$0.03B,3.91%,$0.87B,$-0.06B,-6.44%,$-0.06B,$0.79B,-7.12%,$-0.06B,$0.71B,-8.05%,$-0.06B,$3.40B,-1.74%,$-0.06B,$0.93B,-6.06%,$235,$29,$206,$0,$160,$248,$-13,$47,$34,$4,$30,$30,$4,$19,$14,$30,31,$0.12,$0.12,$880,$0,$95,$1872,$38,$1188,$88,$74,$1526,$3398,$2061,$132,$0,$544,$2605,$0,$-52,$-0,$793,$3398,$58,$10,$-5,$5,$-121,$-75,$169,$-6,$-34,$29,$-1,$0,$0,$0,$-7,$-7,$0,$-8,$-14,$103,$89,$-11,$-11,$0,$-45,$34,$54,$19,$0
2,2018-03-31,13.2,$25.71,0.51,$26.17,0.5,$3.26,4.05,$-1.73,0.0,$1.75B,$1.99B,0.88,$0.14B,$0.76B,0.19,$0.80B,$0.70B,87.67%,$0.80B,$-0.07B,-9.06%,$0.80B,$0.01B,1.51%,$0.80B,$0.03B,4.15%,$0.80B,$0.03B,3.52%,$0.80B,$-0.05B,-6.79%,$-0.05B,$0.76B,-6.78%,$-0.05B,$0.67B,-7.67%,$-0.05B,$3.29B,-1.79%,$-0.07B,$0.90B,-7.70%,$251,$30,$221,$0,$165,$250,$1,$34,$35,$7,$28,$28,$15,$33,$28,$30,30,$0.51,$0.50,$866,$0,$101,$1753,$40,$1185,$89,$82,$1536,$3289,$1994,$143,$1,$536,$2530,$0,$-56,$-0,$759,$3289,$28,$5,$3,$8,$-13,$-70,$71,$-56,$-68,$-36,$-1,$0,$0,$0,$-1,$-1,$-3,$-5,$0,$87,$87,$-8,$-8,$0,$-38,$41,$-0,$10,$0
3,2017-12-31,13.65,$25.24,0.54,$21.97,0.62,$2.58,5.29,$-2.18,0.0,$1.57B,$1.97B,0.8,$0.14B,$0.75B,0.19,$0.66B,$0.58B,88.47%,$0.66B,$-0.10B,-14.87%,$0.66B,$-0.03B,-4.10%,$0.66B,$-0.01B,-0.91%,$0.66B,$0.01B,1.06%,$0.66B,$-0.07B,-10.32%,$-0.07B,$0.75B,-8.49%,$-0.07B,$0.66B,-9.57%,$-0.07B,$3.30B,-2.51%,$-0.10B,$0.89B,-10.46%,$204,$27,$177,$0,$152,$233,$-28,$-19,$-47,$41,$-88,$-88,$-78,$3,$-2,$29,29,$-2.63,$-2.62,$729,$0,$94,$1571,$40,$1355,$91,$89,$1726,$3296,$1966,$142,$0,$582,$2548,$0,$-70,$-0,$748,$3296,$-37,$22,$84,$106,$-409,$-23,$323,$-76,$-185,$-116,$2,$0,$-55,$3,$61,$65,$-14,$-2,$20,$98,$118,$-20,$-20,$0,$39,$138,$19,$28,$0
4,2017-09-30,17.8,$27.13,0.66,$19.59,0.91,$-7.32,0.0,$0.20,89.0,$1.19B,$1.51B,0.79,$0.14B,$0.84B,0.16,$0.58B,$0.52B,90.12%,$0.58B,$-0.10B,-17.85%,$0.58B,$-0.05B,-8.32%,$0.58B,$-0.03B,-4.68%,$0.58B,$0.05B,8.49%,$0.58B,$0.01B,1.04%,$0.01B,$0.84B,0.74%,$0.01B,$0.75B,0.84%,$0.01B,$2.91B,0.25%,$-0.10B,$0.98B,-10.95%,$179,$26,$153,$0,$131,$194,$-16,$28,$12,$2,$10,$10,$3,$7,$1,$31,32,$0.09,$0.09,$658,$0,$84,$1187,$36,$1320,$92,$76,$1720,$2907,$1506,$136,$0,$558,$2064,$0,$8,$-0,$844,$2907,$51,$16,$2,$18,$-115,$48,$85,$36,$55,$123,$5,$0,$-54,$3,$45,$48,$0,$-1,$0,$23,$23,$0,$0,$0,$5,$27,$150,$25,$0
5,2017-06-30,16.25,$26.84,0.61,$18.90,0.86,$-24.42,0.0,$-0.09,0.0,$0.85B,$1.20B,0.71,$0.13B,$0.83B,0.16,$0.53B,$0.49B,92.63%,$0.53B,$-0.11B,-21.55%,$0.53B,$-0.07B,-12.67%,$0.53B,$-0.05B,-8.88%,$0.53B,$0.06B,11.53%,$0.53B,$-0.00B,-0.38%,$-0.00B,$0.83B,-0.25%,$-0.00B,$0.74B,-0.29%,$-0.00B,$2.59B,-0.09%,$-0.11B,$0.97B,-12.39%,$161,$14,$146,$0,$131,$190,$-29,$57,$28,$-1,$29,$29,$6,$-10,$-15,$29,29,$0.20,$0.19,$403,$0,$79,$850,$42,$1332,$94,$69,$1739,$2589,$1203,$134,$0,$552,$1755,$0,$5,$-0,$834,$2589,$41,$10,$4,$14,$-28,$-17,$118,$3,$76,$131,$-2,$0,$-54,$2,$39,$41,$0,$-15,$0,$29,$29,$-11,$-11,$0,$9,$27,$143,$18,$0
6,2017-03-31,14.95,$28.50,0.52,$17.82,0.84,$-42.67,0.0,$-0.72,0.0,$0.35B,$0.74B,0.47,$0.13B,$0.78B,0.17,$0.49B,$0.45B,93.40%,$0.49B,$-0.09B,-17.53%,$0.49B,$-0.04B,-9.07%,$0.49B,$-0.02B,-4.95%,$0.49B,$-0.01B,-1.24%,$0.49B,$-0.02B,-4.12%,$-0.02B,$0.78B,-2.59%,$-0.02B,$0.69B,-2.92%,$-0.02B,$2.04B,-1.06%,$-0.09B,$0.91B,-9.42%,$115,$8,$107,$0,$97,$140,$-25,$39,$14,$2,$12,$12,$1,$-6,$-11,$27,28,$0.05,$0.05,$104,$0,$0,$346,$41,$1300,$85,$63,$1696,$2042,$737,$132,$0,$526,$1263,$0,$-1,$-0,$778,$2042,$12,$5,$5,$11,$-73,$96,$-11,$-88,$-76,$-53,$-0,$0,$0,$1,$11,$12,$0,$12,$0,$1,$1,$0,$0,$0,$9,$9,$-32,$9,$0
7,2016-12-31,15.5,$28.90,0.54,$17.57,0.88,$-54.06,0.0,$-0.97,0.0,$0.31B,$0.74B,0.42,$0.13B,$0.77B,0.17,$0.47B,$0.44B,93.21%,$0.47B,$-0.08B,-15.92%,$0.47B,$-0.04B,-8.28%,$0.47B,$-0.02B,-4.03%,$0.47B,$-0.03B,-6.58%,$0.47B,$-0.03B,-5.52%,$-0.03B,$0.77B,-3.36%,$-0.03B,$0.69B,-3.78%,$-0.03B,$2.02B,-1.40%,$-0.08B,$0.90B,-8.32%,$122,$9,$114,$0,$114,$155,$-33,$28,$-5,$-13,$8,$8,$-4,$-18,$-23,$27,27,$-0.14,$-0.14,$143,$0,$9,$307,$42,$1339,$86,$39,$1712,$2019,$735,$130,$2,$511,$1246,$0,$-2,$-0,$773,$2019,$-12,$21,$-233,$-212,$41,$-154,$74,$-93,$-130,$-355,$-16,$0,$11,$43,$20,$63,$0,$59,$0,$1,$1,$-8,$-8,$0,$257,$250,$-46,$26,$0
8,2016-09-30,14.52,$28.75,0.51,$16.83,0.86,$-42.88,0.0,$0.20,72.6,$0.26B,$0.57B,0.45,$0.13B,$0.77B,0.17,$0.46B,$0.43B,92.83%,$0.46B,$-0.08B,-17.17%,$0.46B,$-0.05B,-10.00%,$0.46B,$-0.03B,-5.43%,$0.46B,$-0.04B,-9.57%,$0.46B,$0.01B,1.52%,$0.01B,$0.77B,0.90%,$0.01B,$0.68B,1.01%,$0.01B,$1.80B,0.39%,$-0.08B,$0.90B,-8.74%,$131,$8,$123,$0,$119,$158,$-27,$51,$24,$9,$15,$15,$-5,$-13,$-18,$27,27,$-0.18,$-0.18,$101,$0,$0,$258,$43,$1175,$88,$54,$1544,$1802,$571,$128,$0,$460,$1031,$1,$1,$-0,$771,$1802,$-20,$16,$-215,$-199,$55,$-37,$-1,$-137,$-120,$-339,$-15,$0,$11,$42,$4,$46,$0,$42,$0,$2,$2,$-6,$-6,$0,$220,$216,$-81,$19,$0
9,2016-06-30,11.84,$28.74,0.41,$16.12,0.73,$-36.49,0.0,$-0.04,0.0,$0.27B,$0.50B,0.54,$0.13B,$0.77B,0.16,$0.44B,$0.41B,92.99%,$0.44B,$-0.04B,-9.05%,$0.44B,$-0.01B,-1.81%,$0.44B,$0.01B,2.71%,$0.44B,$-0.08B,-17.87%,$0.44B,0,0.00%,$0.00B,$0.77B,0.00%,$0.00B,$0.68B,0.00%,$0.00B,$1.71B,0.00%,$-0.04B,$0.90B,-4.44%,$117,$8,$109,$0,$76,$118,$-0,$-39,$-39,$-12,$-27,$-27,$-12,$13,$8,$27,27,$-0.45,$-0.45,$79,$0,$0,$267,$45,$1059,$90,$54,$1443,$1709,$498,$126,$0,$441,$939,$1,$6,$-0,$770,$1709,$-35,$10,$-190,$-179,$22,$137,$-119,$-183,$-144,$-358,$-15,$0,$-6,$40,$-2,$38,$0,$17,$0,$29,$29,$-6,$-6,$0,$218,$241,$-100,$13,$0
10,2016-03-31,15.24,$29.52,0.52,$15.80,0.96,$-28.08,0.0,$0.60,25.4,$0.93B,$0.64B,1.45,$0.12B,$0.78B,0.16,$0.45B,$0.42B,93.26%,$0.45B,$-0.04B,-8.31%,$0.45B,$-0.01B,-1.57%,$0.45B,$0.01B,2.47%,$0.45B,$-0.03B,-5.84%,$0.45B,$0.02B,4.04%,$0.02B,$0.78B,2.31%,$0.02B,$0.70B,2.52%,$0.02B,$1.88B,0.97%,$-0.04B,$0.91B,-4.10%,$101,$8,$93,$0,$83,$116,$-15,$4,$-11,$-3,$-8,$-8,$-5,$-1,$-6,$27,27,$-0.20,$-0.20,$717,$0,$0,$927,$38,$602,$83,$45,$948,$1875,$640,$124,$3,$452,$1092,$1,$18,$-0,$783,$1875,$-8,$5,$-209,$-204,$-6,$122,$-97,$-148,$-128,$-341,$-12,$0,$0,$39,$-10,$29,$0,$17,$0,$21,$21,$-4,$-4,$0,$215,$233,$-91,$6,$0
11,2015-12-31,15.32,$29.92,0.51,$16.09,0.95,$-16.18,0.0,$1.36,11.26,$0.37B,$0.69B,0.54,$0.12B,$0.79B,0.16,$0.47B,$0.44B,93.98%,$0.47B,$-0.04B,-8.60%,$0.47B,$-0.01B,-2.80%,$0.47B,$0.00B,0.86%,$0.47B,$0.01B,2.37%,$0.47B,$0.04B,8.60%,$0.04B,$0.79B,5.28%,$0.04B,$0.71B,5.72%,$0.04B,$1.79B,2.25%,$-0.04B,$0.91B,-4.55%,$111,$9,$102,$0,$117,$148,$-37,$19,$-18,$-53,$35,$35,$29,$-24,$-30,$28,29,$1.08,$1.05,$183,$0,$0,$374,$27,$1047,$84,$72,$1413,$1788,$688,$122,$1,$310,$998,$0,$24,$0,$790,$1788,$59,$17,$-69,$-52,$-24,$178,$-230,$1,$-75,$-69,$-7,$0,$-38,$0,$44,$44,$-46,$-47,$0,$4,$4,$-48,$69,$0,$71,$144,$28,$22,$0
12,2015-09-30,18.24,$28.49,0.64,$16.33,1.12,$-15.79,0.0,$5.16,3.53,$0.33B,$0.84B,0.39,$0.12B,$0.76B,0.16,$0.48B,$0.45B,94.53%,$0.48B,$-0.05B,-9.47%,$0.48B,$-0.01B,-2.53%,$0.48B,$0.01B,1.26%,$0.48B,$0.05B,10.11%,$0.48B,$0.15B,32.21%,$0.15B,$0.76B,20.98%,$0.15B,$0.70B,22.44%,$0.15B,$1.90B,7.93%,$-0.05B,$0.89B,-4.41%,$113,$6,$107,$0,$76,$101,$12,$-23,$-11,$-5,$-6,$-6,$-12,$24,$20,$27,27,$-0.44,$-0.44,$119,$0,$0,$330,$27,$1293,$60,$38,$1571,$1901,$839,$123,$5,$299,$1138,$1,$-5,$0,$763,$1901,$24,$11,$-51,$-39,$-17,$-68,$-30,$-48,$-163,$-179,$-5,$0,$-15,$0,$27,$27,$0,$7,$0,$-1,$-1,$-41,$76,$0,$60,$135,$-37,$16,$0
13,2015-06-30,25.6,$28.57,0.9,$15.79,1.62,$-11.77,0.0,$5.80,4.41,$0.38B,$0.81B,0.47,$0.12B,$0.79B,0.16,$0.47B,$0.44B,94.67%,$0.47B,$-0.06B,-13.43%,$0.47B,$-0.03B,-5.33%,$0.47B,$-0.01B,-1.49%,$0.47B,$0.07B,14.93%,$0.47B,$0.17B,36.67%,$0.17B,$0.79B,25.55%,$0.17B,$0.74B,27.34%,$0.17B,$1.88B,7.24%,$-0.06B,$0.91B,-4.08%,$120,$6,$113,$0,$93,$117,$3,$11,$14,$3,$11,$11,$6,$12,$9,$28,30,$0.20,$0.20,$156,$0,$0,$377,$24,$1243,$42,$37,$1498,$1875,$806,$122,$0,$284,$1089,$1,$7,$0,$786,$1875,$30,$7,$-62,$-55,$-17,$-89,$54,$-83,$-135,$-160,$-1,$0,$0,$0,$28,$28,$0,$26,$0,$0,$0,$-22,$95,$0,$55,$150,$16,$11,$0
14,2015-03-31,20.8,$24.83,0.84,$14.84,1.4,$-9.42,0.0,$5.88,3.54,$0.34B,$0.64B,0.53,$0.12B,$0.69B,0.17,$0.44B,$0.42B,94.57%,$0.44B,$-0.08B,-18.33%,$0.44B,$-0.04B,-8.82%,$0.44B,$-0.02B,-4.52%,$0.44B,$0.07B,15.84%,$0.44B,$0.17B,39.37%,$0.17B,$0.69B,28.50%,$0.17B,$0.65B,30.80%,$0.17B,$1.53B,6.21%,$-0.08B,$0.81B,-3.97%,$121,$6,$115,$0,$113,$139,$-18,$44,$26,$7,$19,$19,$17,$-8,$-12,$28,30,$0.60,$0.56,$104,$0,$0,$337,$25,$927,$43,$53,$1196,$1533,$637,$120,$0,$206,$843,$1,$1,$0,$690,$1533,$19,$4,$9,$13,$-30,$143,$-108,$-78,$-73,$-41,$-0,$0,$0,$0,$29,$29,$-15,$14,$0,$1,$1,$-7,$-7,$0,$-2,$-8,$-35,$4,$0
15,2014-12-31,19.2,$24.27,0.79,$14.22,1.35,$-10.41,0.0,$5.64,3.4,$1.00B,$0.84B,1.18,$0.80B,$0.68B,1.18,$0.43B,$0.40B,94.39%,$0.43B,$-0.06B,-14.49%,$0.43B,$-0.02B,-4.44%,$0.43B,$-0.00B,-0.23%,$0.43B,$0.06B,13.55%,$0.43B,$0.17B,39.02%,$0.17B,$0.68B,29.25%,$0.17B,$0.63B,31.86%,$0.17B,$2.41B,5.50%,$-0.06B,$1.48B,-2.66%,$121,$7,$114,$0,$126,$164,$-42,$62,$19,$-125,$145,$145,$142,$-22,$-29,$29,30,$4.94,$4.80,$814,$0,$0,$995,$26,$1149,$43,$36,$1410,$2406,$841,$801,$0,$887,$1728,$1,$-16,$0,$678,$2406,$183,$18,$-117,$-99,$-20,$-462,$264,$71,$-147,$-64,$-2,$0,$0,$0,$0,$0,$-36,$-37,$146,$62,$208,$-11,$-11,$0,$-21,$176,$75,$18,$0
16,2014-09-30,15.0,$18.97,0.79,$13.40,1.12,$-3.26,0.0,$0.88,17.05,$2.57B,$0.62B,4.15,$2.44B,$0.54B,4.53,$0.41B,$0.38B,94.57%,$0.41B,$-0.02B,-5.43%,$0.41B,$0.02B,3.95%,$0.41B,$0.03B,7.16%,$0.41B,$0.04B,10.86%,$0.41B,$0.03B,6.91%,$0.03B,$0.54B,5.30%,$0.03B,$0.49B,5.83%,$0.03B,$3.69B,0.97%,$-0.02B,$2.98B,-0.95%,$107,$5,$102,$0,$83,$113,$-6,$16,$11,$0,$11,$11,$7,$11,$7,$29,30,$0.24,$0.20,$2397,$0,$0,$2572,$27,$988,$47,$27,$1120,$3691,$619,$2442,$0,$2533,$3153,$1,$-158,$0,$539,$3691,$38,$10,$3,$14,$-21,$-287,$165,$17,$-126,$-74,$-7,$0,$0,$0,$-5,$-5,$-34,$-46,$146,$3,$149,$-2,$-2,$0,$-16,$131,$11,$14,$0
17,2014-06-30,16.88,$18.61,0.91,$12.48,1.35,$3.41,4.95,$0.80,21.1,$2.55B,$0.58B,4.41,$2.37B,$0.54B,4.42,$0.38B,$0.36B,94.21%,$0.38B,$-0.03B,-6.84%,$0.38B,$0.01B,1.58%,$0.38B,$0.02B,4.47%,$0.38B,$0.04B,10.79%,$0.38B,$0.03B,6.58%,$0.03B,$0.54B,4.79%,$0.03B,$0.49B,5.29%,$0.03B,$3.57B,1.02%,$-0.03B,$2.90B,-1.35%,$93,$6,$87,$0,$80,$108,$-15,$29,$14,$0,$14,$14,$8,$-1,$-5,$29,30,$0.28,$0.28,$2337,$0,$0,$2550,$28,$894,$48,$22,$1022,$3572,$578,$2366,$0,$2459,$3037,$1,$-165,$0,$535,$3572,$28,$7,$-1,$5,$-57,$-177,$122,$-8,$-121,$-88,$-6,$0,$0,$0,$3,$3,$-34,$-37,$146,$4,$150,$4,$4,$0,$-9,$145,$20,$10,$0
18,2014-03-31,17.64,$18.46,0.96,$12.07,1.46,$9.98,1.77,$0.56,31.5,$1.56B,$0.44B,3.52,$1.43B,$0.53B,2.68,$0.37B,$0.35B,94.02%,$0.37B,$-0.02B,-4.35%,$0.37B,$0.01B,3.53%,$0.37B,$0.02B,6.25%,$0.37B,$0.03B,8.42%,$0.37B,$0.02B,4.89%,$0.02B,$0.53B,3.50%,$0.02B,$0.48B,3.87%,$0.02B,$2.49B,0.93%,$-0.02B,$1.96B,-1.09%,$107,$6,$101,$0,$83,$106,$1,$13,$14,$0,$14,$14,$10,$11,$8,$29,31,$0.36,$0.32,$1395,$0,$0,$1559,$28,$793,$49,$27,$926,$2485,$442,$1425,$0,$1510,$1953,$1,$-173,$1,$532,$2485,$14,$3,$13,$16,$4,$-161,$86,$-28,$-99,$-69,$-4,$0,$0,$0,$-35,$-35,$-36,$-75,$146,$5,$151,$12,$12,$0,$-12,$150,$7,$5,$0
19,2013-12-31,15.64,$17.66,0.89,$10.96,1.43,$15.33,1.02,$0.16,97.75,$1.12B,$0.33B,3.43,$0.92B,$0.51B,1.82,$0.33B,$0.31B,93.29%,$0.33B,$-0.03B,-10.06%,$0.33B,$-0.00B,-1.22%,$0.33B,$0.01B,1.52%,$0.33B,$0.02B,5.49%,$0.33B,$0.01B,1.52%,$0.01B,$0.51B,0.99%,$0.01B,$0.46B,1.09%,$0.01B,$1.84B,0.30%,$-0.03B,$1.43B,-2.68%,$98,$5,$93,$0,$77,$99,$-2,$7,$5,$0,$5,$5,$3,$8,$6,$29,30,$0.08,$0.08,$995,$0,$0,$1120,$27,$598,$49,$21,$722,$1842,$326,$922,$0,$1008,$1334,$1,$-183,$1,$508,$1842,$18,$10,$53,$63,$16,$200,$-134,$-12,$70,$151,$-1,$0,$0,$0,$10,$10,$0,$9,$-162,$-2,$-164,$-13,$-13,$0,$-12,$-188,$-29,$18,$0
20,2013-09-30,13.76,$17.42,0.79,$10.07,1.37,$6.69,2.06,$-0.24,0.0,$1.06B,$0.37B,2.86,$0.90B,$0.51B,1.76,$0.30B,$0.27B,91.25%,$0.30B,$-0.06B,-19.53%,$0.30B,$-0.03B,-10.77%,$0.30B,$-0.02B,-7.41%,$0.30B,$0.01B,1.68%,$0.30B,$-0.01B,-2.36%,$-0.01B,$0.51B,-1.39%,$-0.01B,$0.46B,-1.54%,$-0.01B,$1.87B,-0.43%,$-0.06B,$1.41B,-5.08%,$82,$6,$77,$0,$70,$92,$-10,$18,$8,$-0,$8,$8,$4,$-1,$-3,$30,31,$0.12,$0.12,$954,$0,$0,$1061,$29,$679,$49,$30,$813,$1874,$372,$901,$0,$991,$1363,$1,$-186,$0,$511,$1874,$13,$8,$37,$45,$8,$139,$-50,$-33,$65,$122,$-1,$0,$0,$0,$6,$6,$0,$5,$-160,$-1,$-160,$-3,$-3,$0,$-9,$-172,$-44,$14,$0
21,2013-06-30,11.56,$17.18,0.67,$9.40,1.23,$-0.92,0.0,$-0.72,0.0,$0.70B,$0.39B,1.78,$0.59B,$0.51B,1.16,$0.27B,$0.25B,91.21%,$0.27B,$-0.07B,-25.27%,$0.27B,$-0.05B,-17.58%,$0.27B,$-0.04B,-13.92%,$0.27B,$-0.01B,-5.13%,$0.27B,$-0.02B,-8.06%,$-0.02B,$0.51B,-4.38%,$-0.02B,$0.46B,-4.81%,$-0.02B,$1.58B,-1.48%,$-0.07B,$1.09B,-7.29%,$81,$7,$75,$0,$63,$87,$-5,$9,$4,$0,$3,$3,$1,$5,$2,$29,30,$0.04,$0.04,$630,$0,$0,$698,$30,$757,$50,$19,$880,$1579,$393,$588,$0,$680,$1073,$1,$-189,$0,$506,$1579,$4,$5,$22,$27,$45,$113,$-41,$-43,$74,$105,$-1,$0,$0,$0,$11,$11,$0,$11,$-160,$0,$-159,$-0,$-0,$0,$-3,$-162,$-47,$9,$0
22,2013-03-31,11.28,$17.40,0.65,$8.79,1.28,$-3.58,0.0,$-1.04,0.0,$0.60B,$0.41B,1.47,$0.49B,$0.50B,0.97,$0.25B,$0.23B,91.24%,$0.25B,$-0.08B,-32.67%,$0.25B,$-0.07B,-25.90%,$0.25B,$-0.06B,-21.91%,$0.25B,$-0.03B,-11.16%,$0.25B,$-0.03B,-12.35%,$-0.03B,$0.50B,-6.16%,$-0.03B,$0.45B,-6.72%,$-0.03B,$1.48B,-2.09%,$-0.08B,$0.99B,-9.54%,$67,$6,$61,$0,$61,$83,$-16,$17,$1,$0,$1,$1,$-3,$-7,$-9,$28,28,$-0.08,$-0.08,$511,$0,$0,$601,$32,$747,$51,$30,$880,$1481,$408,$489,$0,$570,$978,$1,$-190,$0,$503,$1481,$1,$3,$11,$14,$22,$192,$-94,$-51,$70,$85,$-0,$0,$0,$0,$10,$10,$0,$10,$-137,$1,$-135,$-0,$-0,$0,$-6,$-141,$-47,$5,$0
23,2012-12-31,9.8,$17.61,0.56,$8.41,1.17,$-11.98,0.0,$-0.80,0.0,$0.61B,$0.48B,1.26,$0.58B,$0.50B,1.16,$0.24B,$0.22B,92.12%,$0.24B,$-0.09B,-35.27%,$0.24B,$-0.07B,-30.71%,$0.24B,$-0.06B,-26.14%,$0.24B,$-0.02B,-9.54%,$0.24B,$-0.02B,-9.96%,$-0.02B,$0.50B,-4.73%,$-0.02B,$0.45B,-5.09%,$-0.02B,$1.64B,-1.62%,$-0.09B,$1.07B,-10.44%,$67,$9,$58,$0,$71,$94,$-27,$18,$-8,$-0,$-8,$-8,$-9,$-19,$-22,$29,29,$-0.32,$-0.32,$503,$0,$0,$609,$32,$917,$42,$18,$1030,$1638,$483,$575,$0,$661,$1143,$1,$-188,$0,$495,$1638,$-24,$9,$47,$56,$31,$-70,$-71,$-26,$-136,$-104,$-2,$0,$-11,$0,$165,$165,$0,$152,$-63,$-2,$-64,$-11,$-11,$0,$-18,$-93,$-45,$25,$0
24,2012-09-30,10.82,$17.69,0.61,$8.18,1.32,$1.19,9.08,$-3.28,0.0,$0.19B,$0.52B,0.37,$0.12B,$0.50B,0.25,$0.22B,$0.21B,93.75%,$0.22B,$-0.14B,-62.05%,$0.22B,$-0.13B,-58.48%,$0.22B,$-0.10B,-43.30%,$0.22B,$-0.08B,-33.48%,$0.22B,$-0.10B,-42.41%,$-0.10B,$0.50B,-18.62%,$-0.10B,$0.47B,-19.85%,$-0.10B,$1.23B,-6.52%,$-0.14B,$0.63B,-19.02%,$58,$3,$55,$0,$64,$79,$-21,$10,$-11,$0,$-12,$-12,$-11,$-17,$-19,$29,29,$-0.36,$-0.36,$67,$0,$0,$193,$34,$927,$38,$24,$1039,$1232,$516,$124,$0,$212,$728,$1,$-179,$0,$504,$1232,$-16,$7,$42,$49,$-43,$-39,$-14,$-41,$-136,$-103,$-2,$0,$-10,$0,$171,$171,$0,$159,$-105,$-1,$-106,$-8,$-8,$0,$-15,$-129,$-73,$21,$0
25,2012-06-30,10.64,$17.93,0.59,$8.32,1.28,$16.23,0.66,$-4.60,0.0,$0.12B,$0.72B,0.17,$0.24B,$0.51B,0.46,$0.23B,$0.21B,92.98%,$0.23B,$-0.14B,-60.09%,$0.23B,$-0.13B,-56.58%,$0.23B,$-0.09B,-41.23%,$0.23B,$-0.11B,-47.37%,$0.23B,$-0.13B,-57.89%,$-0.13B,$0.51B,-24.88%,$-0.13B,$0.47B,-26.52%,$-0.13B,$1.57B,-8.36%,$-0.14B,$0.75B,-18.15%,$59,$4,$55,$0,$60,$77,$-18,$8,$-10,$0,$-10,$-10,$-8,$-12,$-15,$29,29,$-0.28,$-0.28,$90,$0,$0,$124,$35,$1330,$39,$24,$1444,$1568,$722,$235,$0,$333,$1056,$1,$-168,$0,$512,$1568,$-4,$5,$13,$17,$47,$-3,$7,$-40,$11,$24,$-1,$0,$-10,$0,$-55,$-55,$0,$-66,$6,$-1,$5,$-5,$-5,$0,$-8,$-7,$-49,$14,$0
26,2012-03-31,10.84,$18.16,0.6,$9.25,1.17,$22.80,0.48,$-3.28,0.0,$0.16B,$0.58B,0.29,$0.29B,$0.52B,0.57,$0.23B,$0.21B,92.98%,$0.23B,$-0.14B,-62.28%,$0.23B,$-0.13B,-58.33%,$0.23B,$-0.10B,-43.42%,$0.23B,$-0.09B,-40.79%,$0.23B,$-0.10B,-45.61%,$-0.10B,$0.52B,-18.51%,$-0.10B,$0.49B,-19.70%,$-0.10B,$1.49B,-6.36%,$-0.14B,$0.81B,-18.44%,$57,$4,$54,$0,$62,$77,$-19,$26,$6,$0,$6,$6,$4,$-15,$-18,$29,29,$0.12,$0.12,$79,$0,$0,$164,$36,$1222,$25,$27,$1327,$1491,$576,$294,$0,$398,$974,$1,$-160,$-0,$517,$1491,$6,$2,$2,$4,$-6,$-64,$-53,$-45,$-167,$-157,$-0,$0,$0,$0,$38,$38,$0,$38,$65,$-0,$65,$-1,$-1,$0,$-6,$58,$-61,$6,$0
27,2011-12-31,10.36,$17.83,0.58,$10.64,0.97,$29.86,0.35,$-3.44,0.0,$0.22B,$0.69B,0.32,$0.23B,$0.51B,0.45,$0.24B,$0.22B,92.77%,$0.24B,$-0.14B,-60.00%,$0.24B,$-0.13B,-55.32%,$0.24B,$-0.10B,-41.28%,$0.24B,$-0.10B,-41.70%,$0.24B,$-0.11B,-45.96%,$-0.11B,$0.51B,-19.74%,$-0.11B,$0.48B,-21.21%,$-0.11B,$1.54B,-6.96%,$-0.14B,$0.74B,-19.58%,$50,$4,$46,$0,$100,$131,$-81,$20,$-60,$-2,$-58,$-58,$-80,$-53,$-79,$24,24,$-3.92,$-3.92,$139,$0,$0,$223,$37,$1206,$26,$26,$1313,$1536,$694,$229,$0,$333,$1027,$1,$-164,$-0,$508,$1536,$-79,$34,$83,$117,$130,$-97,$44,$117,$194,$233,$-7,$0,$0,$0,$-77,$-77,$0,$-83,$37,$-26,$11,$-11,$-11,$0,$-56,$-57,$93,$28,$0
28,2011-09-30,10.84,$20.34,0.53,$12.38,0.88,$17.24,0.63,$-0.40,0.0,$0.24B,$0.89B,0.27,$0.14B,$0.59B,0.24,$0.26B,$0.24B,93.33%,$0.26B,$-0.10B,-37.65%,$0.26B,$-0.08B,-30.98%,$0.26B,$-0.07B,-26.67%,$0.26B,$-0.05B,-19.61%,$0.26B,$-0.02B,-9.41%,$-0.02B,$0.59B,-4.51%,$-0.02B,$0.54B,-4.89%,$-0.02B,$1.72B,-1.62%,$-0.10B,$0.72B,-13.79%,$62,$4,$57,$0,$66,$81,$-19,$-25,$-44,$0,$-44,$-44,$-48,$-14,$-17,$29,29,$-1.64,$-1.64,$93,$0,$0,$237,$46,$1338,$42,$41,$1486,$1723,$891,$139,$0,$247,$1138,$1,$-84,$-0,$585,$1723,$-21,$7,$82,$89,$60,$-29,$169,$65,$266,$335,$-6,$0,$0,$0,$-145,$-145,$0,$-151,$-53,$-26,$-79,$-8,$-8,$0,$-50,$-137,$47,$20,$0
29,2011-06-30,15.04,$21.95,0.69,$13.08,1.15,$3.15,4.77,$0.44,34.18,$0.27B,$0.87B,0.31,$0.17B,$0.64B,0.27,$0.25B,$0.23B,93.88%,$0.25B,$-0.11B,-42.86%,$0.25B,$-0.09B,-36.33%,$0.25B,$-0.08B,-31.84%,$0.25B,$-0.02B,-7.76%,$0.25B,$0.01B,3.67%,$0.01B,$0.64B,1.81%,$0.01B,$0.59B,1.98%,$0.01B,$1.79B,0.65%,$-0.11B,$0.81B,-15.21%,$59,$4,$55,$0,$69,$81,$-23,$27,$5,$-18,$22,$22,$20,$-17,$-19,$19,19,$1.04,$1.04,$121,$0,$0,$268,$47,$1381,$44,$34,$1525,$1793,$872,$169,$0,$284,$1155,$1,$-36,$0,$638,$1793,$23,$4,$63,$67,$65,$-226,$150,$69,$57,$148,$-4,$0,$0,$0,$19,$19,$0,$15,$-23,$-25,$-48,$0,$0,$0,$-41,$-89,$74,$14,$0
30,2011-03-31,16.04,$24.15,0.66,$13.10,1.22,$-8.44,0.0,$-1.76,0.0,$0.12B,$0.42B,0.29,$0.16B,$0.46B,0.34,$0.24B,$0.23B,93.78%,$0.24B,$-0.10B,-41.08%,$0.24B,$-0.09B,-35.68%,$0.24B,$-0.08B,-31.12%,$0.24B,$-0.05B,-19.50%,$0.24B,$-0.03B,-13.28%,$-0.03B,$0.46B,-7.13%,$-0.03B,$0.42B,-7.84%,$-0.03B,$1.15B,-2.71%,$-0.10B,$0.61B,-16.29%,$64,$4,$60,$0,$65,$82,$-18,$19,$1,$0,$1,$1,$0,$-13,$-15,$19,19,$0.00,$0.00,$37,$0,$0,$123,$38,$913,$39,$27,$1027,$1151,$420,$156,$0,$274,$694,$1,$-56,$0,$457,$1151,$1,$2,$57,$59,$49,$-47,$33,$-61,$-27,$33,$-3,$0,$0,$0,$26,$26,$0,$23,$-36,$-2,$-38,$0,$0,$0,$-29,$-67,$-10,$7,$0
31,2010-12-31,18.76,$23.80,0.79,$12.82,1.46,$-14.89,0.0,$-2.48,0.0,$0.18B,$0.46B,0.39,$0.19B,$0.45B,0.43,$0.23B,$0.22B,93.13%,$0.23B,$-0.11B,-45.49%,$0.23B,$-0.09B,-40.34%,$0.23B,$-0.08B,-35.19%,$0.23B,$-0.05B,-22.75%,$0.23B,$-0.05B,-19.31%,$-0.05B,$0.45B,-9.98%,$-0.05B,$0.41B,-10.99%,$-0.05B,$1.25B,-4.03%,$-0.11B,$0.64B,-18.56%,$70,$5,$66,$0,$82,$107,$-36,$25,$-12,$-22,$10,$10,$4,$-24,$-28,$18,18,$0.24,$0.24,$52,$0,$0,$180,$37,$954,$40,$20,$1067,$1247,$461,$192,$0,$337,$798,$1,$-56,$0,$449,$1247,$-32,$12,$233,$245,$-65,$-253,$70,$-17,$-265,$-52,$-6,$0,$0,$0,$-104,$-104,$0,$-109,$192,$-18,$175,$0,$0,$0,$-125,$50,$-111,$21,$0
32,2010-09-30,13.16,$23.40,0.56,$15.77,0.83,$-1.03,0.0,$-4.56,0.0,$0.11B,$0.53B,0.2,$0.26B,$0.44B,0.59,$0.23B,$0.22B,94.85%,$0.23B,$-0.09B,-38.63%,$0.23B,$-0.08B,-33.48%,$0.23B,$-0.07B,-29.18%,$0.23B,$-0.06B,-27.47%,$0.23B,$-0.07B,-30.90%,$-0.07B,$0.44B,-15.75%,$-0.07B,$0.40B,-17.36%,$-0.07B,$1.38B,-6.90%,$-0.09B,$0.70B,-17.01%,$52,$4,$49,$0,$65,$80,$-28,$15,$-13,$0,$-13,$-13,$-15,$-24,$-27,$18,18,$-0.84,$-0.84,$34,$0,$0,$107,$30,$1172,$41,$22,$1277,$1384,$526,$259,$0,$416,$942,$1,$-60,$-1,$441,$1384,$-42,$7,$224,$231,$-18,$-262,$81,$-38,$-237,$-48,$-2,$0,$0,$0,$-188,$-188,$0,$-190,$259,$-25,$234,$0,$0,$0,$-117,$118,$-120,$17,$0
33,2010-06-30,16.4,$23.94,0.69,$14.68,1.12,$5.26,3.12,$-3.72,0.0,$0.09B,$0.28B,0.31,$0.03B,$0.45B,0.06,$0.20B,$0.19B,95.43%,$0.20B,$-0.09B,-43.15%,$0.20B,$-0.07B,-36.04%,$0.20B,$-0.06B,-31.98%,$0.20B,$-0.05B,-26.90%,$0.20B,$-0.06B,-31.98%,$-0.06B,$0.45B,-18.16%,$-0.06B,$0.41B,-20.02%,$-0.06B,$0.94B,-9.04%,$-0.09B,$0.48B,-24.01%,$55,$4,$51,$0,$55,$72,$-17,$-6,$-23,$1,$-24,$-24,$-21,$-14,$-16,$18,18,$-1.16,$-1.16,$27,$0,$0,$89,$29,$741,$42,$19,$847,$935,$283,$29,$9,$204,$487,$1,$-45,$-1,$449,$935,$-29,$5,$93,$98,$-11,$-164,$81,$-51,$-146,$-77,$-0,$0,$0,$0,$3,$3,$0,$2,$29,$-25,$4,$0,$0,$0,$-61,$-58,$-132,$9,$0
34,2010-03-31,22.64,$24.86,0.91,$13.47,1.68,$10.00,2.26,$-4.08,0.0,$0.09B,$0.22B,0.43,$0.00B,$0.47B,0.0,$0.16B,$0.15B,96.86%,$0.16B,$-0.08B,-52.83%,$0.16B,$-0.07B,-42.77%,$0.16B,$-0.06B,-38.36%,$0.16B,$-0.04B,-25.79%,$0.16B,$-0.06B,-37.11%,$-0.06B,$0.47B,-21.87%,$-0.06B,$0.42B,-23.86%,$-0.06B,$0.90B,-11.57%,$-0.08B,$0.47B,-31.14%,$56,$6,$51,$0,$59,$81,$-25,$20,$-5,$-0,$-5,$-5,$-13,$-20,$-23,$18,18,$-0.72,$-0.72,$14,$0,$0,$93,$31,$691,$43,$27,$802,$895,$215,$0,$0,$215,$431,$1,$-24,$-1,$465,$895,$-5,$2,$40,$42,$-26,$-54,$9,$-54,$-125,$-87,$-0,$0,$0,$0,$3,$3,$0,$3,$0,$-25,$-25,$0,$0,$0,$-25,$-50,$-135,$4,$0
35,2009-12-31,23.68,$25.34,0.93,$12.58,1.88,$16.85,1.41,$-5.64,0.0,$0.21B,$0.26B,0.82,$0.00B,$0.47B,0.0,$0.12B,$0.12B,100.00%,$0.12B,$-0.07B,-54.03%,$0.12B,$-0.05B,-40.32%,$0.12B,$-0.05B,-36.29%,$0.12B,$-0.05B,-37.90%,$0.12B,$-0.06B,-44.35%,$-0.06B,$0.47B,-29.14%,$-0.06B,$0.43B,-31.21%,$-0.06B,$0.96B,-16.43%,$-0.07B,$0.47B,-35.50%,$70,$0,$70,$0,$65,$89,$-20,$-4,$-23,$-2,$-21,$-21,$-23,$-10,$-12,$10,10,$-2.00,$-2.00,$155,$0,$0,$210,$33,$633,$44,$25,$749,$959,$255,$0,$0,$231,$486,$1,$-11,$-1,$474,$959,$-39,$6,$37,$43,$22,$-21,$6,$99,$106,$110,$-0,$0,$0,$0,$9,$9,$0,$9,$-1,$-10,$-12,$81,$81,$0,$-87,$-18,$101,$4,$0
36,2009-09-30,28.48,$0.00,0.0,$20.56,1.38,$-34.75,0.0,$-7.48,0.0,$0.00B,$0.00B,0.0,$0.00B,$0.00B,0.0,$0.10B,$0.09B,96.88%,$0.10B,$-0.06B,-58.33%,$0.10B,$-0.05B,-48.96%,$0.10B,$-0.08B,-84.38%,$0.10B,$-0.03B,-34.38%,$0.10B,$-0.04B,-43.75%,$-0.04B,$0.00B,-27.45%,$-0.04B,$0.00B,-28.72%,$-0.04B,$0.00B,-14.26%,$-0.06B,$0.00B,-36.54%,$16,$0,$16,$0,$32,$39,$-23,$21,$-2,$-6,$4,$4,$-6,$-19,$-20,$9,9,$-0.64,$-0.64,$0,$0,$0,$0,$0,$0,$0,$0,$0,$0,$0,$0,$0,$0,$0,$0,$0,$0,$0,$0,$-18,$4,$40,$43,$15,$5,$1,$-12,$9,$34,$-0,$0,$0,$0,$6,$6,$0,$6,$-1,$-10,$-12,$0,$0,$0,$-69,$-81,$-41,$0,$0
37,2009-06-30,33.4,$37.04,0.9,$39.42,0.85,$-42.20,0.0,$-29.40,0.0,$0.10B,$0.03B,3.42,$0.00B,$0.14B,0.0,$0.14B,$0.13B,95.65%,$0.14B,$-0.09B,-64.49%,$0.14B,$-0.08B,-60.14%,$0.14B,$-0.07B,-48.55%,$0.14B,$-0.09B,-62.32%,$0.14B,$-0.10B,-71.01%,$-0.10B,$0.14B,-51.51%,$-0.10B,$0.14B,-53.63%,$-0.10B,$0.19B,-27.88%,$-0.09B,$0.14B,-46.72%,$17,$0,$17,$0,$25,$33,$-16,$5,$-11,$0,$-11,$-11,$-17,$-12,$-13,$9,9,$-1.84,$-1.84,$82,$0,$0,$100,$9,$34,$3,$25,$86,$186,$29,$0,$8,$17,$46,$0,$-92,$-0,$140,$186,$-22,$2,$32,$34,$14,$-1,$9,$-28,$-7,$5,$-0,$0,$0,$0,$4,$4,$0,$4,$-1,$-10,$-12,$0,$0,$0,$-38,$-50,$-41,$0,$0
38,2009-03-31,19.48,$37.20,0.52,$59.92,0.33,$-50.42,0.0,$-28.12,0.0,$0.11B,$0.04B,2.93,$0.00B,$0.14B,0.0,$0.18B,$0.18B,95.11%,$0.18B,$-0.08B,-40.76%,$0.18B,$-0.07B,-39.13%,$0.18B,$-0.06B,-30.98%,$0.18B,$-0.08B,-41.85%,$0.18B,$-0.08B,-44.57%,$-0.08B,$0.14B,-39.61%,$-0.08B,$0.14B,-43.68%,$-0.08B,$0.19B,-21.42%,$-0.08B,$0.14B,-36.19%,$21,$0,$21,$0,$21,$29,$-8,$-3,$-11,$-0,$-11,$-11,$-9,$-4,$-5,$9,9,$-0.92,$-0.92,$80,$0,$0,$113,$10,$31,$3,$31,$81,$194,$39,$0,$8,$14,$53,$0,$-87,$-1,$141,$194,$-11,$1,$37,$38,$21,$3,$-2,$-29,$-8,$19,$-0,$0,$0,$0,$4,$4,$0,$4,$-1,$-10,$-12,$0,$0,$0,$-35,$-46,$-23,$0,$0
39,2008-12-31,25.44,$0.00,0.0,$76.20,0.33,$-67.21,0.0,$-25.60,0.0,$0.10B,$0.18B,0.55,$0.00B,$0.33B,0.0,$0.22B,$0.21B,94.95%,$0.22B,$-0.07B,-29.82%,$0.22B,$-0.07B,-29.82%,$0.22B,$-0.05B,-22.94%,$0.22B,$-0.06B,-29.36%,$0.22B,$-0.07B,-33.03%,$-0.07B,$0.33B,-32.36%,$-0.07B,$0.31B,-37.60%,$-0.07B,$0.80B,-17.89%,$-0.07B,$0.33B,-29.18%,$42,$3,$39,$0,$42,$51,$-9,$0,$-9,$2,$-10,$-10,$-10,$-46,$-9,$3,3,$-3.68,$-3.68,$54,$0,$0,$99,$28,$619,$21,$5,$698,$798,$181,$1,$0,$286,$467,$0,$54,$-1,$331,$798,$-256,$15,$51,$66,$768,$62,$-773,$35,$93,$-97,$-18,$0,$0,$0,$2,$2,$0,$-16,$0,$-49,$-49,$0,$0,$0,$191,$142,$29,$0,$0
40,2008-09-30,34.2,$41.66,0.82,$80.41,0.43,$-13.64,0.0,$-25.36,0.0,$0.14B,$0.03B,5.58,$0.00B,$0.15B,0.0,$0.24B,$0.23B,95.74%,$0.24B,$-0.07B,-31.06%,$0.24B,$-0.07B,-31.06%,$0.24B,$0.01B,4.26%,$0.24B,$-0.07B,-30.64%,$0.24B,$-0.07B,-31.06%,$-0.07B,$0.15B,-38.02%,$-0.07B,$0.15B,-47.48%,$-0.07B,$0.23B,-25.15%,$-0.07B,$0.15B,-38.02%,$58,$3,$55,$0,$54,$114,$-56,$1,$-55,$6,$-62,$-62,$-62,$-5,$-56,$3,3,$-21.92,$-21.92,$112,$0,$0,$142,$11,$29,$3,$36,$86,$228,$25,$0,$18,$53,$79,$0,$-70,$-0,$149,$228,$-62,$52,$13,$65,$27,$-9,$0,$-31,$-13,$-10,$-1,$0,$-3,$0,$-11,$-11,$0,$-15,$0,$0,$0,$-3,$-3,$0,$0,$-3,$-28,$7,$0
41,2008-06-30,30.88,$57.62,0.54,$77.60,0.4,$-29.55,0.0,$-4.48,0.0,$0.15B,$0.06B,2.52,$0.00B,$0.21B,0.0,$0.24B,$0.23B,95.74%,$0.24B,$-0.02B,-9.79%,$0.24B,$-0.02B,-9.79%,$0.24B,$0.01B,4.26%,$0.24B,$-0.02B,-9.79%,$0.24B,$-0.01B,-5.96%,$-0.01B,$0.21B,-6.60%,$-0.01B,$0.16B,-8.64%,$-0.01B,$0.31B,-4.12%,$-0.02B,$0.21B,-10.85%,$63,$3,$60,$0,$55,$65,$-2,$0,$-2,$-2,$-1,$-1,$-1,$-2,$-2,$3,3,$-0.24,$-0.24,$108,$0,$0,$147,$11,$36,$50,$50,$164,$311,$58,$0,$24,$45,$104,$0,$-9,$0,$207,$311,$-0,$1,$3,$4,$9,$4,$9,$-47,$-25,$-21,$-1,$0,$0,$0,$-6,$-6,$0,$-7,$0,$0,$0,$-4,$-4,$0,$0,$-4,$-32,$3,$0
42,2008-03-31,28.36,$56.40,0.5,$76.35,0.37,$-47.33,0.0,$-4.16,0.0,$0.13B,$0.03B,4.08,$0.00B,$0.20B,0.0,$0.24B,$0.23B,95.88%,$0.24B,$-0.02B,-8.64%,$0.24B,$-0.02B,-8.23%,$0.24B,$0.01B,5.76%,$0.24B,$-0.02B,-8.64%,$0.24B,$-0.01B,-5.35%,$-0.01B,$0.20B,-5.97%,$-0.01B,$0.15B,-7.75%,$-0.01B,$0.27B,-3.40%,$-0.02B,$0.20B,-9.64%,$55,$2,$53,$0,$44,$53,$2,$0,$2,$2,$1,$1,$1,$3,$2,$3,3,$0.24,$0.20,$92,$0,$0,$125,$11,$24,$50,$49,$148,$273,$31,$0,$26,$39,$69,$0,$-8,$0,$203,$273,$1,$1,$-0,$0,$19,$-12,$2,$-53,$-44,$-44,$-0,$0,$0,$0,$0,$0,$0,$-0,$0,$0,$0,$-4,$-4,$0,$0,$-4,$-48,$-2,$0
43,2007-12-31,38.04,$57.60,0.66,$79.79,0.48,$-55.22,0.0,$-3.68,0.0,$0.19B,$0.04B,4.51,$0.00B,$0.21B,0.0,$0.26B,$0.25B,95.42%,$0.26B,$-0.02B,-7.63%,$0.26B,$-0.02B,-7.25%,$0.26B,$0.02B,5.73%,$0.26B,$-0.02B,-7.25%,$0.26B,$-0.01B,-4.58%,$-0.01B,$0.21B,-5.38%,$-0.01B,$0.16B,-6.93%,$-0.01B,$0.35B,-2.81%,$-0.02B,$0.21B,-8.96%,$59,$2,$57,$0,$66,$76,$-17,$177,$-17,$-6,$-11,$-11,$-11,$14,$-17,$3,3,$-3.44,$-3.44,$140,$0,$0,$189,$11,$26,$50,$58,$160,$349,$42,$0,$25,$99,$140,$0,$-9,$0,$209,$349,$142,$2,$203,$205,$324,$-304,$-341,$25,$-296,$52,$-12,$0,$0,$0,$-76,$-76,$0,$-88,$-19,$-12,$-31,$0,$0,$0,$62,$32,$-4,$0,$0
44,2007-09-30,55.28,$57.54,0.96,$90.82,0.61,$48.40,1.14,$1.92,28.79,$0.21B,$0.12B,1.78,$0.00B,$0.23B,0.0,$0.30B,$0.29B,95.00%,$0.30B,$0.01B,2.00%,$0.30B,$0.01B,2.33%,$0.30B,$0.01B,3.67%,$0.30B,$0.01B,2.67%,$0.30B,$0.01B,2.00%,$0.01B,$0.23B,2.66%,$0.01B,$0.18B,3.42%,$0.01B,$0.43B,1.17%,$0.01B,$0.23B,2.66%,$58,$3,$55,$0,$53,$63,$-6,$0,$-6,$-2,$-3,$-3,$-3,$-5,$-6,$3,3,$-1.04,$-1.04,$121,$0,$0,$214,$12,$92,$50,$46,$211,$426,$120,$0,$26,$76,$196,$0,$2,$0,$229,$426,$-1,$2,$8,$10,$8,$17,$-23,$-73,$-72,$-62,$-2,$0,$0,$0,$0,$0,$0,$-2,$0,$0,$0,$0,$0,$0,$0,$0,$-64,$12,$0
45,2007-06-30,71.64,$58.01,1.23,$91.68,0.78,$173.23,0.41,$-0.60,0.0,$0.17B,$0.19B,0.86,$0.00B,$0.23B,0.0,$0.30B,$0.29B,94.37%,$0.30B,$-0.00B,0.00%,$0.30B,$0.00B,0.33%,$0.30B,$0.01B,1.66%,$0.30B,$0.00B,0.66%,$0.30B,$-0.00B,-0.66%,$-0.00B,$0.23B,-0.91%,$-0.00B,$0.18B,-1.17%,$-0.00B,$0.48B,-0.36%,$-0.00B,$0.23B,0.00%,$71,$3,$68,$0,$60,$71,$0,$0,$0,$0,$0,$0,$0,$2,$1,$3,3,$0.08,$0.08,$99,$0,$0,$166,$12,$176,$50,$57,$318,$483,$192,$0,$25,$61,$253,$0,$5,$0,$230,$483,$3,$2,$6,$8,$22,$-6,$-17,$-96,$-96,$-85,$-1,$0,$0,$0,$0,$0,$0,$-1,$0,$0,$0,$0,$0,$0,$0,$0,$-86,$10,$0
