,Date,Stock Price,Book Value per Share,Price to Book Ratio,TTM Sales per Share,Price to Sales Ratio,TTM FCF per Share,Price to FCF Ratio,TTM Net EPS,PE Ratio,Current Assets,Current Liabilities,Current Ratio,Long Term Debt,Shareholder's Equity_x,Debt to Equity Ratio,TTM Revenue_x,TTM Gross Profit,Gross Margin,TTM Revenue_y,TTM Operating Income,Operating Margin,TTM Revenue_x,TTM EBIT,EBIT Margin,TTM Revenue_y,TTM EBITDA,EBITDA Margin,TTM Revenue_x,TTM Pre-Tax Income,Pre-Tax Margin,TTM Revenue_y,TTM Net Income_x,Net Margin,TTM Net Income_y,Shareholder's Equity_y,Return on Equity,TTM Net Income_x,Tangible Equity,Return on Tangible Equity,TTM Net Income_y,Total Assets,Return on Assets,TTM Net Income,LT Investments & Debt,Return on Investment,revenue,cost-goods-sold,gross-profit,research-development-expenses,selling-general-administrative-expenses,operating-expenses,operating-income,total-non-operating-income-expense,pre-tax-income,total-provision-income-taxes,income-after-taxes,income-from-continuous-operations,net-income,ebitda,ebit,basic-shares-outstanding,shares-outstanding,eps-basic-net-earnings-per-share,eps-earnings-per-share-diluted,cash-on-hand,inventory,other-current-assets,total-current-assets,net-property-plant-equipment,long-term-investments,goodwill-intangible-assets-total,other-long-term-assets,total-long-term-assets,total-assets,total-current-liabilities,long-term-debt,other-non-current-liabilities,total-long-term-liabilities,total-liabilities,common-stock-net,retained-earnings-accumulated-deficit,comprehensive-income,total-share-holder-equity,total-liabilities-share-holders-equity,net-income-loss,total-depreciation-amortization-cash-flow,other-non-cash-items,total-non-cash-items,change-in-accounts-receivable,change-in-inventories,change-in-accounts-payable,change-in-assets-liabilities,total-change-in-assets-liabilities,cash-flow-from-operating-activities,net-change-in-property-plant-equipment,net-change-in-intangible-assets,net-acquisitions-divestitures,net-change-in-short-term-investments,net-change-in-long-term-investments,net-change-in-investments-total,investing-activities-other,cash-flow-from-investing-activities,net-long-term-debt,net-current-debt,debt-issuance-retirement-net-total,net-common-equity-issued-repurchased,net-total-equity-issued-repurchased,total-common-preferred-stock-dividends-paid,financial-activities-other,cash-flow-from-financial-activities,net-cash-flow,stock-based-compensation,common-stock-dividends-paid
0,2018-09-30,79.84,$53.04,1.51,$63.65,1.25,$31.28,2.55,$8.14,9.81,$1.05B,$1.03B,1.02,$0.92B,$2.24B,0.41,$2.70B,$1.87B,69.20%,$2.70B,$0.40B,14.77%,$2.70B,$0.40B,14.77%,$2.70B,$0.40B,14.77%,$2.70B,$0.39B,14.40%,$2.70B,$0.35B,12.92%,$0.35B,$2.24B,15.94%,$0.35B,$2.14B,16.60%,$0.35B,$4.37B,8.05%,$0.40B,$3.16B,12.92%,$672,$230,$443,$0,$234,$598,$74,$-5,$69,$11,$58,$58,$58,$74,$74,$42,42,$1.36,$1.36,$750,$93,$12,$1052,$2973,$166,$93,$60,$3314,$4365,$1031,$919,$131,$1096,$2127,$29,$2271,$-4,$2238,$4365,$0,$0,$0,$0,$0,$0,$0,$0,$0,$298,$0,$0,$0,$0,$0,$0,$0,$-130,$0,$0,$0,$0,$0,$0,$0,$-237,$-68,$0,$0
1,2018-06-30,94.62,$52.54,1.8,$63.34,1.49,$36.58,2.59,$9.23,10.25,$1.14B,$1.09B,1.05,$0.91B,$2.22B,0.41,$2.69B,$1.91B,71.13%,$2.69B,$0.45B,16.59%,$2.69B,$0.45B,16.59%,$2.69B,$0.45B,16.59%,$2.69B,$0.44B,16.37%,$2.69B,$0.40B,14.73%,$0.40B,$2.22B,18.50%,$0.40B,$2.13B,19.25%,$0.40B,$4.40B,9.23%,$0.45B,$3.13B,14.67%,$634,$219,$416,$0,$222,$577,$57,$0,$57,$7,$50,$50,$50,$57,$57,$42,42,$1.18,$1.18,$830,$87,$10,$1137,$2920,$171,$90,$58,$3262,$4399,$1089,$914,$132,$1094,$2182,$29,$2252,$-4,$2217,$4399,$0,$0,$0,$0,$0,$0,$0,$0,$0,$267,$0,$0,$0,$0,$0,$0,$0,$-106,$0,$0,$0,$0,$0,$0,$0,$-175,$-13,$0,$0
2,2018-03-31,127.63,$52.22,2.44,$61.93,2.06,$38.07,3.35,$9.54,13.38,$1.15B,$1.06B,1.08,$0.89B,$2.20B,0.4,$2.63B,$1.92B,72.91%,$2.63B,$0.47B,17.81%,$2.63B,$0.47B,17.81%,$2.63B,$0.47B,17.81%,$2.63B,$0.45B,17.28%,$2.63B,$0.41B,15.41%,$0.41B,$2.20B,19.48%,$0.41B,$2.12B,20.26%,$0.41B,$4.33B,9.62%,$0.47B,$3.09B,15.65%,$715,$199,$516,$0,$241,$572,$143,$5,$148,$12,$136,$136,$136,$143,$143,$42,42,$3.22,$3.22,$847,$85,$12,$1145,$2864,$155,$85,$57,$3185,$4330,$1062,$889,$131,$1065,$2127,$29,$2239,$-4,$2203,$4330,$0,$0,$0,$0,$0,$0,$0,$0,$0,$145,$0,$0,$0,$0,$0,$0,$0,$-74,$0,$0,$0,$0,$0,$0,$0,$-113,$-42,$0,$0
3,2017-12-31,132.16,$49.88,2.65,$59.59,2.22,$37.79,3.5,$8.73,15.14,$1.20B,$1.10B,1.09,$0.88B,$2.10B,0.42,$2.53B,$1.86B,73.42%,$2.53B,$0.44B,17.44%,$2.53B,$0.44B,17.44%,$2.53B,$0.44B,17.44%,$2.53B,$0.42B,16.53%,$2.53B,$0.37B,14.64%,$0.37B,$2.10B,18.41%,$0.37B,$2.02B,19.13%,$0.37B,$4.25B,8.99%,$0.44B,$2.98B,14.94%,$680,$186,$494,$0,$246,$555,$125,$-9,$115,$10,$105,$105,$105,$125,$125,$42,42,$2.48,$2.48,$944,$82,$12,$1198,$2826,$66,$81,$57,$3054,$4253,$1102,$876,$123,$1050,$2152,$29,$2140,$-4,$2101,$4253,$370,$164,$40,$204,$-3,$0,$25,$131,$153,$727,$-110,$10,$0,$0,$-287,$-287,$-191,$-578,$-99,$0,$-99,$1,$1,$-107,$0,$-205,$-93,$7,$-107
4,2017-09-30,122.09,$45.68,2.67,$57.75,2.11,$35.38,3.45,$8.61,14.18,$1.09B,$1.04B,1.05,$0.92B,$2.04B,0.45,$2.45B,$1.80B,73.34%,$2.45B,$0.38B,15.68%,$2.45B,$0.38B,15.68%,$2.45B,$0.38B,15.68%,$2.45B,$0.40B,16.41%,$2.45B,$0.36B,14.54%,$0.36B,$2.04B,18.30%,$0.36B,$1.97B,19.02%,$0.36B,$4.18B,8.87%,$0.38B,$2.96B,13.20%,$659,$173,$486,$0,$239,$538,$121,$-1,$120,$14,$105,$105,$105,$121,$121,$42,42,$2.48,$2.48,$816,$79,$8,$1085,$2780,$156,$77,$61,$3098,$4183,$1036,$919,$133,$1105,$2141,$28,$2081,$-2,$2043,$4183,$0,$0,$0,$0,$0,$0,$0,$0,$0,$523,$0,$0,$0,$0,$0,$0,$0,$-344,$0,$0,$0,$0,$0,$0,$0,$-261,$-82,$0,$0
5,2017-06-30,114.0,$44.03,2.59,$55.64,2.05,$32.14,3.55,$7.91,14.41,$1.21B,$0.98B,1.24,$0.97B,$1.97B,0.49,$2.36B,$1.72B,72.77%,$2.36B,$0.34B,14.46%,$2.36B,$0.34B,14.46%,$2.36B,$0.34B,14.46%,$2.36B,$0.37B,15.65%,$2.36B,$0.33B,13.78%,$0.33B,$1.97B,17.31%,$0.33B,$1.90B,18.00%,$0.33B,$4.08B,8.29%,$0.34B,$2.93B,11.92%,$574,$154,$420,$0,$210,$495,$79,$-8,$71,$12,$59,$59,$59,$79,$79,$42,42,$1.38,$1.38,$924,$79,$7,$1213,$2708,$1,$74,$61,$2868,$4080,$982,$965,$119,$1130,$2112,$28,$2009,$-2,$1969,$4080,$0,$0,$0,$0,$0,$0,$0,$0,$0,$330,$0,$0,$0,$0,$0,$0,$0,$-242,$0,$0,$0,$0,$0,$0,$0,$-177,$-88,$0,$0
6,2017-03-31,108.88,$43.08,2.53,$53.80,2.02,$30.67,3.55,$7.71,14.12,$1.13B,$0.85B,1.33,$1.01B,$1.93B,0.52,$2.28B,$1.65B,72.22%,$2.28B,$0.30B,13.08%,$2.28B,$0.30B,13.08%,$2.28B,$0.30B,13.08%,$2.28B,$0.36B,15.71%,$2.28B,$0.32B,14.09%,$0.32B,$1.93B,17.70%,$0.32B,$1.86B,18.42%,$0.32B,$3.95B,8.34%,$0.30B,$2.93B,10.59%,$615,$159,$456,$0,$217,$499,$116,$-4,$112,$11,$101,$101,$101,$116,$116,$42,42,$2.38,$2.38,$840,$78,$7,$1131,$2659,$1,$71,$57,$2817,$3948,$851,$1008,$122,$1171,$2022,$28,$1968,$-2,$1926,$3948,$0,$0,$0,$0,$0,$0,$0,$0,$0,$133,$0,$0,$0,$0,$0,$0,$0,$-75,$0,$0,$0,$0,$0,$0,$0,$-120,$-62,$0,$0
7,2016-12-31,87.68,$43.81,2.0,$52.51,1.67,$30.36,2.89,$8.04,10.91,$1.07B,$0.86B,1.24,$0.96B,$1.84B,0.52,$2.22B,$1.61B,72.35%,$2.22B,$0.28B,12.43%,$2.22B,$0.28B,12.43%,$2.22B,$0.28B,12.43%,$2.22B,$0.37B,16.79%,$2.22B,$0.34B,15.08%,$0.34B,$1.84B,19.11%,$0.34B,$1.77B,19.92%,$0.34B,$3.85B,8.83%,$0.28B,$2.80B,10.01%,$601,$167,$434,$0,$224,$534,$68,$31,$99,$8,$91,$91,$91,$68,$68,$42,42,$2.12,$2.12,$815,$75,$8,$1069,$2624,$1,$70,$53,$2777,$3846,$863,$961,$108,$1141,$2004,$28,$1887,$-2,$1842,$3846,$335,$159,$-59,$100,$-10,$0,$19,$150,$160,$595,$-80,$15,$0,$0,$-67,$-67,$-47,$-180,$-163,$0,$-163,$0,$0,$-86,$0,$-249,$127,$8,$-86
8,2016-09-30,84.39,$42.14,2.0,$50.45,1.67,$23.64,3.57,$5.82,14.5,$1.03B,$0.94B,1.1,$1.00B,$1.77B,0.56,$2.15B,$1.51B,69.90%,$2.15B,$0.25B,11.47%,$2.15B,$0.25B,11.47%,$2.15B,$0.25B,11.47%,$2.15B,$-0.13B,-5.95%,$2.15B,$-0.16B,-7.62%,$-0.16B,$1.77B,-9.71%,$-0.16B,$1.70B,-10.14%,$-0.16B,$3.81B,-4.36%,$0.25B,$2.77B,9.09%,$568,$163,$406,$0,$213,$490,$78,$9,$87,$13,$74,$74,$74,$78,$78,$42,42,$1.75,$1.75,$772,$70,$16,$1031,$2631,$1,$74,$51,$2781,$3812,$935,$1000,$65,$1105,$2040,$28,$1818,$-1,$1772,$3812,$0,$0,$0,$0,$0,$0,$0,$0,$0,$385,$0,$0,$0,$0,$0,$0,$0,$-170,$0,$0,$0,$0,$0,$0,$0,$-198,$17,$0,$0
9,2016-06-30,49.83,$40.81,1.22,$49.47,1.01,$19.94,2.5,$4.21,11.84,$1.01B,$0.93B,1.09,$1.04B,$1.72B,0.6,$2.13B,$1.43B,67.17%,$2.13B,$0.22B,10.32%,$2.13B,$0.22B,10.32%,$2.13B,$0.22B,10.32%,$2.13B,$-0.21B,-9.62%,$2.13B,$-0.23B,-10.88%,$-0.23B,$1.72B,-13.08%,$-0.23B,$1.64B,-13.61%,$-0.23B,$3.79B,-6.01%,$0.22B,$2.75B,7.85%,$495,$145,$350,$0,$200,$459,$36,$24,$60,$6,$55,$55,$55,$36,$36,$42,42,$1.29,$1.29,$764,$69,$9,$1011,$2628,$1,$73,$53,$2779,$3790,$930,$1035,$69,$1144,$2074,$28,$1766,$-1,$1716,$3790,$0,$0,$0,$0,$0,$0,$0,$0,$0,$267,$0,$0,$0,$0,$0,$0,$0,$-125,$0,$0,$0,$0,$0,$0,$0,$-140,$3,$0,$0
10,2016-03-31,63.96,$40.02,1.6,$50.01,1.28,$18.05,3.54,$4.38,14.6,$0.96B,$0.93B,1.04,$1.02B,$1.68B,0.61,$2.18B,$1.40B,64.41%,$2.18B,$0.23B,10.71%,$2.18B,$0.23B,10.71%,$2.18B,$0.23B,10.71%,$2.18B,$-0.19B,-8.92%,$2.18B,$-0.22B,-10.25%,$-0.22B,$1.68B,-11.84%,$-0.22B,$1.61B,-12.27%,$-0.22B,$3.74B,-5.64%,$0.23B,$2.70B,8.03%,$557,$140,$417,$0,$209,$463,$94,$32,$127,$11,$115,$115,$115,$94,$94,$42,42,$2.74,$2.74,$723,$63,$6,$963,$2615,$1,$70,$63,$2774,$3736,$928,$1021,$67,$1126,$2054,$28,$1733,$-1,$1682,$3736,$0,$0,$0,$0,$0,$0,$0,$0,$0,$119,$0,$0,$0,$0,$0,$0,$0,$-42,$0,$0,$0,$0,$0,$0,$0,$-72,$5,$0,$0
11,2015-12-31,45.19,$37.84,1.19,$51.13,0.88,$17.12,2.64,$4.21,10.73,$0.91B,$0.99B,0.92,$1.06B,$1.59B,0.67,$2.25B,$1.39B,61.73%,$2.25B,$0.27B,11.82%,$2.25B,$0.27B,11.82%,$2.25B,$0.27B,11.82%,$2.25B,$-0.19B,-8.58%,$2.25B,$-0.23B,-10.00%,$-0.23B,$1.59B,-15.38%,$-0.23B,$1.52B,-15.91%,$-0.23B,$3.72B,-7.45%,$0.27B,$2.64B,11.96%,$533,$201,$332,$0,$160,$494,$39,$-441,$-402,$6,$-408,$-408,$-408,$39,$39,$44,44,$-9.30,$-9.30,$685,$62,$6,$908,$2651,$1,$69,$68,$2808,$3715,$986,$1055,$54,$1142,$2128,$28,$1639,$-1,$1587,$3715,$-225,$135,$451,$586,$17,$0,$-34,$-27,$-44,$317,$-78,$142,$0,$0,$52,$52,$-83,$32,$-92,$0,$-92,$-118,$-118,$-148,$0,$-357,$-17,$4,$-148
12,2015-09-30,38.65,$48.58,0.8,$53.73,0.72,$17.97,2.15,$4.98,7.76,$0.97B,$0.96B,1.02,$1.00B,$2.11B,0.47,$2.37B,$1.45B,61.03%,$2.37B,$0.33B,13.88%,$2.37B,$0.33B,13.88%,$2.37B,$0.33B,13.88%,$2.37B,$0.23B,9.70%,$2.37B,$0.21B,8.81%,$0.21B,$2.11B,13.18%,$0.21B,$2.04B,13.58%,$0.21B,$4.19B,6.72%,$0.33B,$3.11B,14.22%,$547,$214,$333,$0,$155,$497,$51,$-40,$10,$4,$6,$6,$6,$51,$51,$44,44,$0.14,$0.14,$654,$60,$81,$973,$2610,$428,$65,$72,$3219,$4192,$957,$998,$66,$1126,$2083,$28,$2084,$-1,$2109,$4192,$0,$0,$0,$0,$0,$0,$0,$0,$0,$237,$0,$0,$0,$0,$0,$0,$0,$-40,$0,$0,$0,$0,$0,$0,$0,$-283,$-86,$0,$0
13,2015-06-30,74.88,$49.12,1.52,$56.24,1.33,$15.94,4.7,$6.33,11.83,$0.88B,$0.90B,0.98,$0.99B,$2.16B,0.46,$2.49B,$1.50B,60.13%,$2.49B,$0.39B,15.64%,$2.49B,$0.39B,15.64%,$2.49B,$0.39B,15.64%,$2.49B,$0.29B,11.74%,$2.49B,$0.27B,10.81%,$0.27B,$2.16B,16.95%,$0.27B,$2.10B,17.43%,$0.27B,$4.17B,8.72%,$0.39B,$3.15B,16.82%,$538,$219,$319,$0,$155,$489,$49,$22,$71,$7,$64,$64,$64,$49,$49,$44,44,$1.46,$1.46,$628,$59,$8,$883,$2576,$526,$63,$79,$3289,$4171,$897,$989,$68,$1117,$2014,$28,$2115,$-5,$2157,$4171,$0,$0,$0,$0,$0,$0,$0,$0,$0,$195,$0,$0,$0,$0,$0,$0,$0,$-60,$0,$0,$0,$0,$0,$0,$0,$-166,$-31,$0,$0
14,2015-03-31,90.67,$0.00,0.0,$59.19,1.53,$17.68,5.13,$7.53,12.04,$0.00B,$0.00B,0.0,$0.00B,$0.00B,0.0,$2.62B,$1.58B,60.18%,$2.62B,$0.47B,17.95%,$2.62B,$0.47B,17.95%,$2.62B,$0.47B,17.95%,$2.62B,$0.35B,13.45%,$2.62B,$0.32B,12.31%,$0.32B,$0.00B,20.57%,$0.32B,$0.00B,21.15%,$0.32B,$0.00B,10.60%,$0.47B,$0.00B,20.73%,$632,$227,$405,$0,$165,$505,$127,$1,$128,$15,$113,$113,$113,$127,$127,$44,44,$2.57,$2.57,$0,$0,$0,$0,$0,$0,$0,$0,$0,$0,$0,$0,$0,$0,$0,$0,$0,$0,$0,$0,$0,$0,$0,$0,$0,$0,$0,$0,$0,$83,$0,$0,$0,$0,$0,$0,$0,$-16,$0,$0,$0,$0,$0,$0,$0,$-68,$-1,$0,$0
15,2014-12-31,92.4,$47.17,1.96,$60.92,1.52,$15.79,5.85,$8.37,11.04,$1.01B,$0.98B,1.03,$0.93B,$2.08B,0.45,$2.71B,$1.62B,59.68%,$2.71B,$0.52B,19.25%,$2.71B,$0.52B,19.25%,$2.71B,$0.52B,19.25%,$2.71B,$0.40B,14.75%,$2.71B,$0.36B,13.34%,$0.36B,$2.08B,17.41%,$0.36B,$2.02B,17.90%,$0.36B,$4.08B,8.95%,$0.52B,$3.00B,17.39%,$654,$264,$390,$0,$168,$552,$102,$-81,$21,$-5,$26,$26,$26,$102,$102,$44,44,$0.59,$0.59,$767,$60,$6,$1011,$2505,$397,$57,$89,$3068,$4080,$981,$929,$58,$1023,$2005,$28,$2011,$0,$2075,$4080,$362,$115,$137,$252,$11,$0,$23,$-262,$-229,$385,$-106,$190,$0,$0,$141,$141,$-204,$21,$-127,$0,$-127,$-18,$-18,$-171,$0,$-316,$82,$5,$-171
16,2014-09-30,94.82,$47.72,1.99,$61.90,1.53,$26.17,3.62,$10.13,9.36,$1.17B,$0.89B,1.32,$0.98B,$2.12B,0.46,$2.75B,$1.66B,60.29%,$2.75B,$0.55B,19.96%,$2.75B,$0.55B,19.96%,$2.75B,$0.55B,19.96%,$2.75B,$0.50B,18.25%,$2.75B,$0.45B,16.29%,$0.45B,$2.12B,22.07%,$0.45B,$2.06B,22.69%,$0.45B,$4.09B,11.20%,$0.55B,$3.10B,18.62%,$664,$281,$382,$0,$157,$553,$111,$-39,$72,$6,$66,$66,$66,$111,$111,$44,44,$1.49,$1.49,$886,$62,$9,$1173,$2513,$240,$58,$97,$2920,$4093,$889,$982,$64,$1087,$1976,$28,$2028,$9,$2117,$4093,$0,$0,$0,$0,$0,$0,$0,$0,$0,$148,$0,$0,$0,$0,$0,$0,$0,$9,$0,$0,$0,$0,$0,$0,$0,$-109,$48,$0,$0
17,2014-06-30,125.04,$47.10,2.65,$62.21,2.01,$35.53,3.52,$11.48,10.89,$1.16B,$0.92B,1.27,$0.90B,$2.09B,0.43,$2.76B,$1.69B,61.17%,$2.76B,$0.59B,21.17%,$2.76B,$0.59B,21.17%,$2.76B,$0.59B,21.17%,$2.76B,$0.58B,21.14%,$2.76B,$0.51B,18.39%,$0.51B,$2.09B,25.98%,$0.51B,$2.03B,26.83%,$0.51B,$4.01B,12.88%,$0.59B,$2.99B,20.40%,$674,$271,$402,$0,$161,$542,$131,$1,$132,$14,$118,$118,$118,$131,$131,$44,44,$2.66,$2.66,$896,$64,$24,$1164,$2426,$254,$57,$98,$2847,$4012,$918,$895,$66,$1003,$1922,$30,$2005,$5,$2090,$4012,$0,$0,$0,$0,$0,$0,$0,$0,$0,$274,$0,$0,$0,$0,$0,$0,$0,$-91,$0,$0,$0,$0,$0,$0,$0,$-150,$33,$0,$0
18,2014-03-31,126.47,$45.32,2.79,$60.38,2.09,$38.01,3.33,$10.50,12.04,$1.41B,$0.95B,1.48,$0.88B,$2.01B,0.44,$2.68B,$1.64B,60.98%,$2.68B,$0.55B,20.59%,$2.68B,$0.55B,20.59%,$2.68B,$0.55B,20.59%,$2.68B,$0.53B,19.92%,$2.68B,$0.46B,17.31%,$0.46B,$2.01B,24.89%,$0.46B,$1.96B,25.84%,$0.46B,$3.95B,12.02%,$0.55B,$2.89B,19.69%,$714,$272,$441,$0,$162,$537,$177,$-3,$174,$22,$151,$151,$151,$177,$177,$44,44,$3.41,$3.41,$1116,$60,$21,$1409,$2371,$7,$53,$93,$2536,$3945,$953,$883,$59,$981,$1934,$30,$1929,$3,$2011,$3945,$0,$0,$0,$0,$0,$0,$0,$0,$0,$0,$0,$0,$0,$0,$0,$0,$0,$0,$0,$0,$0,$0,$0,$0,$0,$0,$0,$0,$0
19,2013-12-31,138.48,$43.13,3.21,$58.76,2.36,$38.01,3.64,$9.65,14.35,$1.40B,$1.04B,1.35,$0.91B,$1.90B,0.48,$2.61B,$1.57B,60.35%,$2.61B,$0.52B,19.86%,$2.61B,$0.52B,19.86%,$2.61B,$0.52B,19.86%,$2.61B,$0.49B,18.71%,$2.61B,$0.43B,16.37%,$0.43B,$1.90B,24.06%,$0.43B,$1.85B,25.14%,$0.43B,$3.95B,11.34%,$0.52B,$2.82B,18.82%,$698,$264,$433,$0,$162,$568,$130,$-6,$124,$11,$113,$113,$113,$130,$130,$44,44,$2.55,$2.55,$1132,$57,$23,$1401,$2349,$38,$54,$92,$2552,$3953,$1039,$914,$51,$1012,$2051,$30,$1821,$4,$1902,$3953,$427,$137,$43,$179,$-2,$0,$-19,$245,$224,$830,$-90,$-191,$0,$0,$-387,$-387,$102,$-566,$-137,$0,$-137,$0,$0,$-65,$0,$-201,$63,$6,$-65
20,2013-09-30,119.37,$41.02,2.91,$56.55,2.11,$29.46,4.05,$9.03,13.22,$1.29B,$1.00B,1.29,$0.96B,$1.82B,0.53,$2.51B,$1.49B,59.20%,$2.51B,$0.49B,19.60%,$2.51B,$0.49B,19.60%,$2.51B,$0.49B,19.60%,$2.51B,$0.46B,18.37%,$2.51B,$0.40B,15.98%,$0.40B,$1.82B,23.82%,$0.40B,$1.74B,25.08%,$0.40B,$3.87B,10.99%,$0.49B,$2.78B,18.22%,$677,$263,$414,$0,$163,$530,$147,$6,$154,$28,$126,$126,$126,$147,$147,$44,44,$2.84,$2.84,$974,$56,$19,$1287,$2331,$47,$83,$111,$2583,$3870,$1002,$960,$50,$1049,$2051,$30,$1740,$3,$1819,$3870,$0,$0,$0,$0,$0,$0,$0,$0,$0,$564,$0,$0,$0,$0,$0,$0,$0,$-26,$0,$0,$0,$0,$0,$0,$0,$-138,$399,$0,$0
21,2013-06-30,112.22,$38.89,2.89,$54.59,2.06,$16.76,6.69,$8.71,12.88,$1.10B,$0.86B,1.28,$1.00B,$1.73B,0.58,$2.42B,$1.42B,58.56%,$2.42B,$0.46B,18.94%,$2.42B,$0.46B,18.94%,$2.42B,$0.46B,18.94%,$2.42B,$0.43B,17.75%,$2.42B,$0.39B,15.97%,$0.39B,$1.73B,23.95%,$0.39B,$1.64B,25.29%,$0.39B,$3.67B,10.93%,$0.46B,$2.72B,17.26%,$592,$245,$347,$0,$151,$494,$98,$-15,$82,$8,$74,$74,$74,$98,$98,$44,44,$1.68,$1.68,$807,$49,$12,$1103,$2323,$42,$83,$112,$2571,$3674,$860,$1000,$47,$1090,$1949,$30,$1647,$3,$1725,$3674,$0,$0,$0,$0,$0,$0,$0,$0,$0,$384,$0,$0,$0,$0,$0,$0,$0,$31,$0,$0,$0,$0,$0,$0,$0,$-163,$251,$0,$0
22,2013-03-31,102.37,$37.28,2.75,$52.88,1.94,$8.12,12.61,$7.75,13.21,$0.99B,$0.79B,1.26,$1.04B,$1.65B,0.63,$2.35B,$1.36B,58.12%,$2.35B,$0.43B,18.49%,$2.35B,$0.43B,18.49%,$2.35B,$0.43B,18.49%,$2.35B,$0.38B,16.36%,$2.35B,$0.35B,14.70%,$0.35B,$1.65B,22.36%,$0.35B,$1.57B,23.67%,$0.35B,$3.57B,10.02%,$0.43B,$2.69B,16.68%,$641,$261,$380,$0,$147,$499,$143,$-14,$128,$15,$114,$114,$114,$143,$143,$44,44,$2.56,$2.56,$675,$58,$20,$985,$2305,$59,$86,$122,$2582,$3567,$785,$1039,$46,$1129,$1914,$30,$1572,$9,$1654,$3567,$0,$0,$0,$0,$0,$0,$0,$0,$0,$0,$0,$0,$0,$0,$0,$0,$0,$0,$0,$0,$0,$0,$0,$0,$0,$0,$0,$0,$0
23,2012-12-31,85.11,$34.89,2.44,$50.68,1.68,$8.12,10.49,$7.35,11.58,$0.92B,$0.79B,1.16,$1.07B,$1.54B,0.7,$2.25B,$1.31B,58.11%,$2.25B,$0.40B,17.92%,$2.25B,$0.40B,17.92%,$2.25B,$0.40B,17.92%,$2.25B,$0.37B,16.32%,$2.25B,$0.33B,14.54%,$0.33B,$1.54B,28.96%,$0.33B,$1.45B,30.70%,$0.33B,$3.48B,12.81%,$0.40B,$2.61B,20.89%,$600,$255,$345,$0,$147,$496,$104,$-7,$97,$10,$87,$87,$87,$104,$104,$44,44,$1.95,$1.95,$651,$51,$16,$917,$2285,$69,$87,$111,$2562,$3480,$789,$1070,$44,$1154,$1943,$30,$1458,$8,$1537,$3480,$326,$89,$19,$108,$-0,$0,$10,$93,$103,$538,$-178,$-195,$0,$0,$-282,$-282,$0,$-655,$138,$0,$138,$0,$0,$-193,$0,$-54,$-168,$7,$-193
24,2012-09-30,67.94,$34.90,1.95,$48.55,1.4,$8.35,8.14,$7.76,8.76,$0.99B,$0.74B,1.33,$1.07B,$1.55B,0.69,$2.16B,$1.27B,59.07%,$2.16B,$0.41B,18.98%,$2.16B,$0.41B,18.98%,$2.16B,$0.41B,18.98%,$2.16B,$0.39B,17.91%,$2.16B,$0.34B,15.96%,$0.34B,$1.55B,31.49%,$0.34B,$1.46B,33.33%,$0.34B,$3.44B,14.05%,$0.41B,$2.62B,22.00%,$590,$244,$347,$0,$144,$476,$114,$9,$123,$11,$112,$112,$112,$114,$114,$44,44,$2.52,$2.52,$724,$51,$18,$987,$2165,$72,$85,$121,$2452,$3438,$741,$1068,$45,$1150,$1891,$30,$1471,$7,$1547,$3438,$0,$0,$0,$0,$0,$0,$0,$0,$0,$0,$0,$0,$0,$0,$0,$0,$0,$0,$0,$0,$0,$0,$0,$0,$0,$0,$0,$0,$0
25,2012-06-30,68.96,$32.37,2.13,$45.95,1.5,$8.35,8.26,$6.83,10.1,$0.73B,$0.72B,1.02,$1.06B,$1.43B,0.74,$2.04B,$1.21B,59.49%,$2.04B,$0.39B,19.32%,$2.04B,$0.39B,19.32%,$2.04B,$0.39B,19.32%,$2.04B,$0.34B,16.58%,$2.04B,$0.30B,14.81%,$0.30B,$1.43B,29.67%,$0.30B,$1.35B,31.43%,$0.30B,$3.29B,13.08%,$0.39B,$2.50B,22.43%,$516,$224,$292,$0,$138,$443,$73,$-37,$36,$4,$32,$32,$32,$73,$73,$44,44,$0.72,$0.72,$500,$44,$7,$733,$2126,$218,$84,$123,$2560,$3293,$715,$1064,$43,$1144,$1859,$30,$1359,$7,$1433,$3293,$0,$0,$0,$0,$0,$0,$0,$0,$0,$0,$0,$0,$0,$0,$0,$0,$0,$0,$0,$0,$0,$0,$0,$0,$0,$0,$0,$0,$0
26,2012-03-31,64.58,$0.00,0.0,$43.97,1.47,$8.35,7.74,$7.04,9.17,$0.00B,$0.00B,0.0,$0.00B,$0.00B,0.0,$1.95B,$1.17B,60.12%,$1.95B,$0.40B,20.30%,$1.95B,$0.40B,20.30%,$1.95B,$0.40B,20.30%,$1.95B,$0.35B,18.09%,$1.95B,$0.31B,15.94%,$0.31B,$0.00B,32.57%,$0.31B,$0.00B,34.55%,$0.31B,$0.00B,14.29%,$0.40B,$0.00B,23.81%,$543,$220,$323,$0,$131,$432,$112,$-1,$111,$15,$96,$96,$96,$112,$112,$44,44,$2.16,$2.16,$0,$0,$0,$0,$0,$0,$0,$0,$0,$0,$0,$0,$0,$0,$0,$0,$0,$0,$0,$0,$0,$0,$0,$0,$0,$0,$0,$0,$0,$0,$0,$0,$0,$0,$0,$0,$0,$0,$0,$0,$0,$0,$0,$0,$0,$0,$0,$0,$0
27,2011-12-31,47.84,$31.66,1.51,$41.31,1.16,$8.35,5.73,$7.02,6.82,$0.75B,$0.66B,1.15,$0.94B,$1.39B,0.67,$1.83B,$1.12B,61.28%,$1.83B,$0.39B,21.03%,$1.83B,$0.39B,21.03%,$1.83B,$0.39B,21.03%,$1.83B,$0.35B,18.90%,$1.83B,$0.31B,16.88%,$0.31B,$1.39B,24.60%,$0.31B,$1.32B,26.09%,$0.31B,$3.07B,10.85%,$0.39B,$2.33B,17.52%,$506,$195,$311,$0,$129,$396,$110,$6,$116,$12,$104,$104,$104,$110,$110,$44,44,$2.32,$2.32,$506,$42,$23,$754,$2000,$105,$72,$125,$2312,$3066,$659,$937,$45,$1018,$1676,$30,$1324,$2,$1390,$3066,$310,$75,$23,$98,$-54,$0,$35,$109,$90,$498,$-127,$-175,$0,$0,$-166,$-166,$0,$-468,$78,$0,$78,$0,$0,$-72,$0,$6,$36,$8,$-72
28,2011-09-30,49.96,$28.21,1.77,$39.22,1.27,$2.50,19.95,$6.77,7.38,$0.65B,$0.61B,1.06,$0.96B,$1.25B,0.76,$1.73B,$1.08B,62.38%,$1.73B,$0.37B,21.29%,$1.73B,$0.37B,21.29%,$1.73B,$0.37B,21.29%,$1.73B,$0.33B,19.16%,$1.73B,$0.30B,17.48%,$0.30B,$1.25B,25.36%,$0.30B,$1.18B,26.96%,$0.30B,$2.88B,11.14%,$0.37B,$2.20B,17.37%,$474,$187,$287,$0,$120,$375,$99,$-25,$75,$4,$70,$70,$70,$99,$99,$44,44,$1.59,$1.59,$446,$47,$7,$651,$1968,$57,$71,$120,$2226,$2876,$612,$955,$37,$1016,$1627,$30,$1186,$1,$1249,$2876,$0,$0,$0,$0,$0,$0,$0,$0,$0,$0,$0,$0,$0,$0,$0,$0,$0,$0,$0,$0,$0,$0,$0,$0,$0,$0,$0,$0,$0
29,2011-06-30,54.42,$26.84,2.03,$36.77,1.48,$2.50,21.74,$6.63,8.21,$0.67B,$0.58B,1.16,$0.94B,$1.18B,0.8,$1.62B,$1.03B,63.50%,$1.62B,$0.34B,21.21%,$1.62B,$0.34B,21.21%,$1.62B,$0.34B,21.21%,$1.62B,$0.33B,20.59%,$1.62B,$0.31B,18.80%,$0.31B,$1.18B,27.26%,$0.31B,$1.11B,29.08%,$0.31B,$2.77B,11.83%,$0.34B,$2.12B,17.09%,$428,$175,$252,$0,$114,$353,$75,$-24,$51,$10,$41,$41,$41,$75,$75,$44,44,$0.93,$0.93,$437,$45,$21,$670,$1864,$29,$74,$119,$2094,$2765,$579,$942,$38,$1006,$1585,$30,$1116,$5,$1180,$2765,$0,$0,$0,$0,$0,$0,$0,$0,$0,$0,$0,$0,$0,$0,$0,$0,$0,$0,$0,$0,$0,$0,$0,$0,$0,$0,$0,$0,$0
30,2011-03-31,41.94,$27.44,1.53,$34.04,1.23,$2.50,16.75,$6.12,6.85,$0.67B,$0.49B,1.36,$0.93B,$1.21B,0.77,$1.50B,$0.97B,64.69%,$1.50B,$0.31B,20.89%,$1.50B,$0.31B,20.89%,$1.50B,$0.31B,20.89%,$1.50B,$0.32B,21.03%,$1.50B,$0.29B,19.56%,$0.29B,$1.21B,28.09%,$0.29B,$1.14B,30.03%,$0.29B,$2.69B,11.98%,$0.31B,$2.14B,16.38%,$423,$151,$272,$0,$107,$322,$101,$3,$104,$9,$94,$94,$94,$101,$101,$44,44,$2.14,$2.14,$454,$48,$37,$666,$1823,$6,$70,$112,$2019,$2685,$490,$932,$37,$988,$1479,$30,$1146,$4,$1206,$2685,$0,$0,$0,$0,$0,$0,$0,$0,$0,$0,$0,$0,$0,$0,$0,$0,$0,$0,$0,$0,$0,$0,$0,$0,$0,$0,$0,$0,$0
31,2010-12-31,46.74,$26.25,1.78,$32.16,1.45,$2.50,18.67,$4.82,9.7,$0.59B,$0.46B,1.29,$0.89B,$1.15B,0.78,$1.41B,$0.93B,65.49%,$1.41B,$0.29B,20.51%,$1.41B,$0.29B,20.51%,$1.41B,$0.29B,20.51%,$1.41B,$0.26B,18.39%,$1.41B,$0.24B,17.04%,$0.24B,$1.15B,24.57%,$0.24B,$1.08B,26.38%,$0.24B,$2.56B,10.33%,$0.29B,$2.03B,15.99%,$408,$138,$270,$0,$113,$315,$94,$8,$102,$4,$98,$98,$98,$94,$94,$44,44,$2.21,$2.21,$403,$46,$25,$594,$1773,$6,$69,$106,$1962,$2556,$461,$889,$34,$951,$1411,$30,$1086,$2,$1145,$2556,$241,$63,$-0,$63,$-6,$0,$11,$-16,$-11,$293,$-183,$-157,$0,$0,$-106,$-106,$0,$-445,$143,$0,$143,$0,$0,$-48,$0,$96,$-55,$4,$-48
32,2010-09-30,42.82,$21.64,1.98,$30.76,1.39,$5.29,8.1,$4.32,9.91,$0.56B,$0.51B,1.1,$0.82B,$0.94B,0.86,$1.35B,$0.88B,65.01%,$1.35B,$0.29B,21.08%,$1.35B,$0.29B,21.08%,$1.35B,$0.29B,21.08%,$1.35B,$0.25B,18.64%,$1.35B,$0.22B,16.42%,$0.22B,$0.94B,24.07%,$0.22B,$0.88B,25.94%,$0.22B,$2.30B,9.93%,$0.29B,$1.76B,16.56%,$363,$127,$236,$0,$102,$289,$74,$3,$77,$6,$72,$72,$72,$74,$74,$44,44,$1.63,$1.63,$369,$40,$14,$560,$1625,$6,$67,$42,$1742,$2303,$510,$815,$17,$849,$1359,$30,$890,$1,$944,$2303,$0,$0,$0,$0,$0,$0,$0,$0,$0,$0,$0,$0,$0,$0,$0,$0,$0,$0,$0,$0,$0,$0,$0,$0,$0,$0,$0,$0,$0
33,2010-06-30,35.13,$20.12,1.75,$29.87,1.18,$5.29,6.64,$3.86,9.1,$0.52B,$0.50B,1.05,$0.84B,$0.88B,0.95,$1.31B,$0.86B,65.27%,$1.31B,$0.26B,19.57%,$1.31B,$0.26B,19.57%,$1.31B,$0.26B,19.57%,$1.31B,$0.22B,16.83%,$1.31B,$0.19B,14.70%,$0.19B,$0.88B,21.80%,$0.19B,$0.81B,23.54%,$0.19B,$2.24B,8.86%,$0.26B,$1.71B,15.36%,$304,$113,$191,$0,$91,$260,$44,$-12,$32,$2,$29,$29,$29,$44,$44,$44,44,$0.67,$0.67,$353,$28,$6,$520,$1609,$6,$63,$40,$1720,$2241,$496,$836,$15,$868,$1363,$30,$826,$0,$877,$2241,$0,$0,$0,$0,$0,$0,$0,$0,$0,$0,$0,$0,$0,$0,$0,$0,$0,$0,$0,$0,$0,$0,$0,$0,$0,$0,$0,$0,$0
34,2010-03-31,47.24,$21.77,2.17,$29.27,1.61,$5.29,8.93,$4.70,10.05,$0.51B,$0.43B,1.19,$0.79B,$0.96B,0.83,$1.29B,$0.85B,66.05%,$1.29B,$0.25B,19.43%,$1.29B,$0.25B,19.43%,$1.29B,$0.25B,19.43%,$1.29B,$0.25B,19.19%,$1.29B,$0.22B,17.02%,$0.22B,$0.96B,25.67%,$0.22B,$0.89B,27.74%,$0.22B,$2.24B,10.30%,$0.25B,$1.75B,15.34%,$339,$110,$229,$0,$93,$261,$78,$-29,$49,$7,$42,$42,$42,$78,$78,$44,44,$0.97,$0.97,$355,$23,$12,$509,$1541,$6,$70,$102,$1726,$2235,$428,$793,$28,$850,$1278,$30,$901,$3,$957,$2235,$0,$0,$0,$0,$0,$0,$0,$0,$0,$0,$0,$0,$0,$0,$0,$0,$0,$0,$0,$0,$0,$0,$0,$0,$0,$0,$0,$0,$0
35,2009-12-31,42.32,$21.02,2.01,$28.60,1.48,$5.29,8.0,$5.51,7.68,$0.50B,$0.44B,1.13,$0.75B,$0.91B,0.82,$1.26B,$0.83B,66.03%,$1.26B,$0.24B,19.17%,$1.26B,$0.24B,19.17%,$1.26B,$0.24B,19.17%,$1.26B,$0.28B,21.88%,$1.26B,$0.25B,19.81%,$0.25B,$0.91B,31.56%,$0.25B,$0.85B,34.06%,$0.25B,$2.16B,12.07%,$0.24B,$1.66B,15.35%,$346,$123,$223,$0,$81,$257,$89,$6,$94,$15,$79,$79,$79,$89,$89,$44,44,$1.80,$1.80,$352,$27,$13,$503,$1480,$6,$66,$98,$1658,$2161,$444,$751,$26,$806,$1250,$30,$859,$1,$911,$2161,$249,$51,$-32,$19,$-4,$0,$4,$24,$24,$291,$-59,$-152,$0,$0,$50,$50,$0,$-160,$-72,$0,$-72,$0,$0,$-16,$0,$-88,$42,$5,$-16
36,2009-09-30,34.57,$18.28,1.89,$28.62,1.21,$0.83,41.41,$5.10,6.78,$0.52B,$0.48B,1.07,$0.77B,$0.80B,0.97,$1.26B,$0.84B,66.43%,$1.26B,$0.24B,18.77%,$1.26B,$0.24B,18.77%,$1.26B,$0.24B,18.77%,$1.26B,$0.22B,17.10%,$1.26B,$0.20B,15.59%,$0.20B,$0.80B,26.90%,$0.20B,$0.73B,29.16%,$0.20B,$2.08B,9.68%,$0.24B,$1.57B,15.50%,$324,$110,$214,$0,$98,$278,$46,$0,$46,$3,$43,$43,$43,$46,$46,$44,44,$0.98,$0.98,$368,$23,$5,$515,$1453,$9,$63,$34,$1560,$2075,$481,$771,$13,$797,$1278,$30,$748,$2,$797,$2075,$0,$0,$0,$0,$0,$0,$0,$0,$0,$0,$0,$0,$0,$0,$0,$0,$0,$0,$0,$0,$0,$0,$0,$0,$0,$0,$0,$0,$0
37,2009-06-30,31.72,$17.16,1.85,$29.27,1.08,$0.83,38.0,$4.81,6.59,$0.52B,$0.47B,1.11,$0.79B,$0.75B,1.06,$1.28B,$0.82B,63.88%,$1.28B,$0.25B,19.27%,$1.28B,$0.25B,19.27%,$1.28B,$0.25B,19.27%,$1.28B,$0.19B,15.13%,$1.28B,$0.18B,13.73%,$0.18B,$0.75B,25.82%,$0.18B,$0.69B,28.05%,$0.18B,$2.03B,8.90%,$0.25B,$1.54B,16.76%,$278,$94,$184,$0,$93,$241,$37,$22,$58,$3,$55,$55,$55,$37,$37,$44,44,$1.26,$1.26,$386,$22,$4,$523,$1412,$8,$56,$33,$1511,$2034,$471,$792,$11,$815,$1285,$30,$705,$-2,$748,$2034,$0,$0,$0,$0,$0,$0,$0,$0,$0,$0,$0,$0,$0,$0,$0,$0,$0,$0,$0,$0,$0,$0,$0,$0,$0,$0,$0,$0,$0
38,2009-03-31,22.03,$16.06,1.37,$29.81,0.74,$0.83,26.4,$4.25,5.18,$0.53B,$0.45B,1.18,$0.81B,$0.70B,1.16,$1.30B,$0.81B,61.83%,$1.30B,$0.24B,18.51%,$1.30B,$0.24B,18.51%,$1.30B,$0.24B,18.51%,$1.30B,$0.17B,13.06%,$1.30B,$0.15B,11.60%,$0.15B,$0.70B,23.49%,$0.15B,$0.65B,25.73%,$0.15B,$1.98B,7.82%,$0.24B,$1.51B,16.79%,$309,$99,$209,$0,$88,$240,$69,$8,$77,$6,$72,$72,$72,$69,$69,$44,44,$1.63,$1.63,$395,$21,$5,$530,$1367,$8,$47,$29,$1452,$1982,$451,$812,$9,$831,$1282,$30,$666,$-10,$700,$1982,$0,$0,$0,$0,$0,$0,$0,$0,$0,$0,$0,$0,$0,$0,$0,$0,$0,$0,$0,$0,$0,$0,$0,$0,$0,$0,$0,$0,$0
39,2008-12-31,23.3,$0.00,0.0,$29.59,0.79,$0.83,27.92,$3.51,6.64,$0.52B,$0.50B,1.05,$0.80B,$0.67B,1.2,$1.29B,$0.78B,60.82%,$1.29B,$0.22B,17.38%,$1.29B,$0.22B,17.38%,$1.29B,$0.22B,17.38%,$1.29B,$0.14B,10.63%,$1.29B,$0.12B,9.15%,$0.12B,$0.67B,19.28%,$0.12B,$0.61B,21.41%,$0.12B,$2.01B,6.31%,$0.22B,$1.47B,16.15%,$346,$118,$228,$0,$92,$262,$84,$-50,$34,$8,$26,$26,$26,$84,$84,$44,44,$0.56,$0.57,$397,$22,$5,$523,$1333,$11,$60,$74,$1483,$2006,$498,$800,$18,$838,$1337,$29,$626,$-3,$669,$2006,$119,$43,$67,$110,$-8,$0,$-0,$-22,$-30,$198,$-162,$-53,$0,$0,$-108,$-108,$0,$-323,$76,$0,$76,$0,$0,$-16,$0,$60,$-65,$6,$-16
40,2008-09-30,24.98,$14.08,1.77,$28.19,0.89,$-1.82,0.0,$3.10,8.06,$0.51B,$0.50B,1.03,$0.76B,$0.61B,1.25,$1.23B,$0.74B,60.18%,$1.23B,$0.18B,14.90%,$1.23B,$0.18B,14.90%,$1.23B,$0.18B,14.90%,$1.23B,$0.14B,11.73%,$1.23B,$0.13B,10.42%,$0.13B,$0.61B,22.15%,$0.13B,$0.56B,24.77%,$0.13B,$1.89B,7.12%,$0.18B,$1.37B,13.71%,$349,$151,$198,$0,$91,$292,$57,$-32,$25,$2,$23,$23,$23,$57,$57,$43,43,$0.53,$0.53,$353,$17,$9,$511,$1267,$23,$55,$31,$1378,$1889,$498,$763,$10,$781,$1279,$29,$568,$0,$610,$1889,$0,$0,$0,$0,$0,$0,$0,$0,$0,$0,$0,$0,$0,$0,$0,$0,$0,$0,$0,$0,$0,$0,$0,$0,$0,$0,$0,$0,$0
41,2008-06-30,21.64,$13.70,1.58,$26.25,0.82,$-1.82,0.0,$3.48,6.22,$0.47B,$0.44B,1.08,$0.80B,$0.59B,1.35,$1.14B,$0.71B,62.15%,$1.14B,$0.18B,15.82%,$1.14B,$0.18B,15.82%,$1.14B,$0.18B,15.82%,$1.14B,$0.17B,14.86%,$1.14B,$0.15B,13.29%,$0.15B,$0.59B,27.69%,$0.15B,$0.53B,31.21%,$0.15B,$1.85B,8.78%,$0.18B,$1.39B,14.03%,$298,$128,$170,$0,$89,$267,$31,$3,$34,$4,$30,$30,$30,$31,$31,$43,43,$0.70,$0.70,$310,$18,$23,$474,$1262,$18,$63,$31,$1375,$1849,$441,$796,$11,$817,$1258,$29,$545,$6,$592,$1849,$0,$0,$0,$0,$0,$0,$0,$0,$0,$0,$0,$0,$0,$0,$0,$0,$0,$0,$0,$0,$0,$0,$0,$0,$0,$0,$0,$0,$0
42,2008-03-31,28.95,$13.36,2.17,$24.81,1.17,$-1.82,0.0,$3.49,8.29,$0.45B,$0.40B,1.12,$0.74B,$0.58B,1.28,$1.08B,$0.70B,64.57%,$1.08B,$0.19B,17.48%,$1.08B,$0.19B,17.48%,$1.08B,$0.19B,17.48%,$1.08B,$0.17B,15.82%,$1.08B,$0.15B,14.15%,$0.15B,$0.58B,29.81%,$0.15B,$0.51B,33.89%,$0.15B,$1.74B,9.32%,$0.19B,$1.32B,15.66%,$296,$108,$188,$0,$90,$244,$52,$-8,$44,$4,$39,$39,$39,$52,$52,$43,43,$0.92,$0.91,$305,$17,$16,$450,$1175,$18,$66,$31,$1291,$1741,$404,$740,$10,$760,$1164,$29,$531,$6,$577,$1741,$0,$0,$0,$0,$0,$0,$0,$0,$0,$0,$0,$0,$0,$0,$0,$0,$0,$0,$0,$0,$0,$0,$0,$0,$0,$0,$0,$0,$0
43,2007-12-31,28.54,$12.38,2.3,$23.58,1.21,$-1.82,0.0,$3.56,8.02,$0.44B,$0.43B,1.03,$0.73B,$0.53B,1.38,$1.03B,$0.68B,66.05%,$1.03B,$0.20B,19.26%,$1.03B,$0.20B,19.26%,$1.03B,$0.20B,19.26%,$1.03B,$0.18B,17.51%,$1.03B,$0.16B,15.86%,$0.16B,$0.53B,34.24%,$0.16B,$0.47B,39.07%,$0.16B,$1.71B,10.49%,$0.20B,$1.26B,17.45%,$285,$101,$183,$0,$84,$242,$43,$-2,$41,$5,$36,$36,$36,$43,$43,$44,44,$0.76,$0.79,$308,$14,$14,$436,$1166,$17,$60,$27,$1272,$1707,$425,$732,$10,$751,$1176,$29,$492,$3,$532,$1707,$162,$35,$2,$37,$-14,$0,$9,$27,$23,$222,$-302,$-62,$0,$0,$17,$17,$12,$-335,$242,$0,$242,$0,$0,$-14,$0,$228,$116,$5,$-14
44,2007-09-30,30.42,$11.47,2.65,$22.63,1.34,$0.08,398.73,$3.74,8.13,$0.41B,$0.42B,1.0,$0.70B,$0.50B,1.41,$0.98B,$0.66B,67.24%,$0.98B,$0.21B,21.02%,$0.98B,$0.21B,21.02%,$0.98B,$0.21B,21.02%,$0.98B,$0.18B,18.78%,$0.98B,$0.17B,17.14%,$0.17B,$0.50B,38.53%,$0.17B,$0.44B,44.36%,$0.17B,$1.63B,11.66%,$0.21B,$1.19B,19.73%,$265,$94,$170,$0,$78,$210,$55,$-4,$51,$4,$47,$47,$47,$55,$55,$43,43,$1.09,$1.08,$267,$12,$9,$414,$1102,$21,$59,$27,$1211,$1625,$416,$697,$9,$713,$1129,$29,$456,$3,$495,$1625,$0,$0,$0,$0,$0,$0,$0,$0,$0,$0,$0,$0,$0,$0,$0,$0,$0,$0,$0,$0,$0,$0,$0,$0,$0,$0,$0,$0,$0
45,2007-06-30,51.08,$10.39,4.92,$21.91,2.33,$0.08,669.42,$3.53,14.47,$0.38B,$0.42B,0.91,$0.61B,$0.45B,1.35,$0.95B,$0.64B,67.76%,$0.95B,$0.20B,20.72%,$0.95B,$0.20B,20.72%,$0.95B,$0.20B,20.72%,$0.95B,$0.17B,18.29%,$0.95B,$0.16B,16.70%,$0.16B,$0.45B,40.10%,$0.16B,$0.39B,46.57%,$0.16B,$1.49B,12.01%,$0.20B,$1.06B,20.66%,$235,$79,$157,$0,$77,$196,$39,$-4,$35,$4,$31,$31,$31,$39,$39,$43,44,$0.72,$0.71,$251,$12,$9,$383,$1001,$21,$61,$24,$1109,$1492,$421,$606,$9,$622,$1043,$29,$409,$4,$449,$1492,$0,$0,$0,$0,$0,$0,$0,$0,$0,$0,$0,$0,$0,$0,$0,$0,$0,$0,$0,$0,$0,$0,$0,$0,$0,$0,$0,$0,$0
46,2007-03-31,38.92,$9.92,3.92,$20.97,1.86,$0.08,510.13,$3.35,11.62,$0.34B,$0.35B,0.97,$0.60B,$0.43B,1.4,$0.90B,$0.61B,67.41%,$0.90B,$0.19B,20.51%,$0.90B,$0.19B,20.51%,$0.90B,$0.19B,20.51%,$0.90B,$0.16B,18.07%,$0.90B,$0.15B,16.63%,$0.15B,$0.43B,42.34%,$0.15B,$0.37B,49.38%,$0.15B,$1.39B,12.45%,$0.19B,$1.03B,21.12%,$243,$74,$169,$0,$70,$182,$61,$-8,$53,$4,$49,$49,$49,$61,$61,$43,43,$1.13,$1.12,$218,$10,$8,$337,$955,$26,$54,$16,$1052,$1390,$347,$600,$8,$615,$961,$29,$393,$3,$428,$1390,$0,$0,$0,$0,$0,$0,$0,$0,$0,$0,$0,$0,$0,$0,$0,$0,$0,$0,$0,$0,$0,$0,$0,$0,$0,$0,$0,$0,$0
47,2006-12-31,35.2,$8.66,4.07,$19.86,1.77,$0.08,461.29,$3.12,11.28,$0.29B,$0.34B,0.86,$0.53B,$0.37B,1.43,$0.85B,$0.57B,66.86%,$0.85B,$0.17B,19.51%,$0.85B,$0.17B,19.51%,$0.85B,$0.17B,19.51%,$0.85B,$0.15B,17.16%,$0.85B,$0.13B,15.63%,$0.13B,$0.37B,41.99%,$0.13B,$0.32B,49.86%,$0.13B,$1.26B,12.19%,$0.17B,$0.90B,21.10%,$237,$74,$163,$0,$73,$187,$51,$-6,$45,$3,$41,$41,$41,$51,$51,$43,43,$0.98,$0.95,$197,$9,$6,$291,$862,$29,$54,$19,$964,$1255,$340,$530,$8,$544,$883,$29,$343,$-4,$372,$1255,$134,$25,$11,$36,$-17,$0,$4,$37,$24,$193,$-190,$-59,$0,$0,$-10,$-10,$0,$-259,$150,$0,$150,$0,$0,$-8,$0,$141,$76,$3,$-8
