,Date,Stock Price,Book Value per Share,Price to Book Ratio,TTM Sales per Share,Price to Sales Ratio,TTM FCF per Share,Price to FCF Ratio,TTM Net EPS,PE Ratio,Current Assets,Current Liabilities,Current Ratio,Long Term Debt,Shareholder's Equity_x,Debt to Equity Ratio,TTM Revenue_x,TTM Gross Profit,Gross Margin,TTM Revenue_y,TTM Operating Income,Operating Margin,TTM Revenue_x,TTM EBIT,EBIT Margin,TTM Revenue_y,TTM EBITDA,EBITDA Margin,TTM Revenue_x,TTM Pre-Tax Income,Pre-Tax Margin,TTM Revenue_y,TTM Net Income_x,Net Margin,TTM Net Income_y,Shareholder's Equity_y,Return on Equity,TTM Net Income_x,Tangible Equity,Return on Tangible Equity,TTM Net Income_y,Total Assets,Return on Assets,TTM Net Income,LT Investments & Debt,Return on Investment,revenue,cost-goods-sold,gross-profit,research-development-expenses,selling-general-administrative-expenses,operating-expenses,operating-income,total-non-operating-income-expense,pre-tax-income,total-provision-income-taxes,income-after-taxes,income-from-continuous-operations,net-income,ebitda,ebit,basic-shares-outstanding,shares-outstanding,eps-basic-net-earnings-per-share,eps-earnings-per-share-diluted,cash-on-hand,inventory,other-current-assets,total-current-assets,net-property-plant-equipment,long-term-investments,goodwill-intangible-assets-total,other-long-term-assets,total-long-term-assets,total-assets,total-current-liabilities,long-term-debt,other-non-current-liabilities,total-long-term-liabilities,total-liabilities,common-stock-net,retained-earnings-accumulated-deficit,comprehensive-income,total-share-holder-equity,total-liabilities-share-holders-equity,net-income-loss,total-depreciation-amortization-cash-flow,other-non-cash-items,total-non-cash-items,change-in-accounts-receivable,change-in-inventories,change-in-accounts-payable,change-in-assets-liabilities,total-change-in-assets-liabilities,cash-flow-from-operating-activities,net-change-in-property-plant-equipment,net-change-in-intangible-assets,net-acquisitions-divestitures,net-change-in-short-term-investments,net-change-in-long-term-investments,net-change-in-investments-total,investing-activities-other,cash-flow-from-investing-activities,net-long-term-debt,net-current-debt,debt-issuance-retirement-net-total,net-common-equity-issued-repurchased,net-total-equity-issued-repurchased,total-common-preferred-stock-dividends-paid,financial-activities-other,cash-flow-from-financial-activities,net-cash-flow,stock-based-compensation,common-stock-dividends-paid
0,2018-09-30,11.99,$10.06,1.19,$2.57,4.67,$-1.96,0.0,$0.76,15.78,$0.19B,$0.33B,0.57,$1.05B,$2.29B,0.46,$0.54B,$0.54B,100.00%,$0.54B,$0.26B,46.96%,$0.54B,$0.26B,46.96%,$0.54B,$0.42B,77.53%,$0.54B,$0.17B,31.12%,$0.54B,$0.16B,29.47%,$0.16B,$2.29B,7.71%,$0.16B,$2.29B,7.71%,$0.16B,$3.71B,5.02%,$0.26B,$3.34B,8.76%,$161,$0,$161,$0,$28,$88,$73,$-33,$39,$1,$38,$38,$36,$123,$73,$228,228,$0.16,$0.16,$12,$0,$8,$189,$3504,$3,$0,$6,$3520,$3709,$333,$1054,$30,$1087,$1420,$2,$-189,$0,$2288,$3709,$144,$127,$37,$164,$-54,$0,$0,$63,$8,$316,$-447,$0,$-596,$0,$0,$0,$0,$-1043,$400,$40,$440,$288,$288,$-5,$-12,$711,$-16,$0,$0
1,2018-06-30,10.74,$9.89,1.09,$2.28,4.71,$-1.96,0.0,$0.68,15.79,$0.64B,$0.25B,2.61,$0.99B,$2.25B,0.44,$0.47B,$0.47B,100.00%,$0.47B,$0.21B,45.61%,$0.47B,$0.21B,45.61%,$0.47B,$0.36B,76.87%,$0.47B,$0.15B,31.48%,$0.47B,$0.14B,29.76%,$0.14B,$2.25B,7.08%,$0.14B,$2.25B,7.08%,$0.14B,$3.51B,4.77%,$0.21B,$3.24B,7.94%,$137,$0,$137,$0,$21,$70,$67,$-16,$51,$0,$50,$50,$49,$108,$67,$211,211,$0.23,$0.23,$509,$0,$19,$640,$2822,$3,$0,$36,$2867,$3507,$245,$988,$21,$1012,$1258,$2,$-225,$0,$2250,$3507,$106,$77,$8,$85,$2,$0,$0,$6,$8,$200,$-295,$0,$-73,$0,$0,$0,$0,$-368,$400,$-25,$375,$288,$288,$-4,$-10,$649,$481,$0,$0
2,2018-03-31,13.24,$9.46,1.4,$2.04,6.49,$-1.76,0.0,$0.61,21.7,$0.15B,$0.24B,0.62,$0.67B,$1.91B,0.35,$0.41B,$0.41B,100.00%,$0.41B,$0.17B,41.26%,$0.41B,$0.17B,41.26%,$0.41B,$0.30B,73.30%,$0.41B,$0.13B,31.55%,$0.41B,$0.12B,29.61%,$0.12B,$1.91B,6.58%,$0.12B,$1.91B,6.58%,$0.12B,$2.84B,4.55%,$0.17B,$2.58B,6.87%,$127,$0,$127,$0,$22,$66,$61,$-5,$56,$0,$56,$56,$54,$98,$61,$202,203,$0.27,$0.27,$18,$0,$6,$147,$2675,$3,$0,$6,$2688,$2836,$239,$670,$14,$686,$924,$2,$-273,$0,$1911,$2836,$56,$37,$-2,$35,$-8,$0,$0,$9,$1,$92,$-111,$0,$-38,$0,$0,$0,$0,$-149,$50,$0,$50,$0,$0,$-2,$-1,$48,$-10,$0,$0
3,2017-12-31,12.15,$9.20,1.32,$1.81,6.7,$-1.73,0.0,$0.56,21.7,$0.15B,$0.21B,0.7,$0.62B,$1.86B,0.33,$0.37B,$0.37B,100.00%,$0.37B,$0.14B,38.52%,$0.37B,$0.14B,38.52%,$0.37B,$0.26B,71.58%,$0.37B,$0.12B,33.33%,$0.37B,$0.11B,30.87%,$0.11B,$1.86B,6.20%,$0.11B,$1.86B,6.20%,$0.11B,$2.69B,4.42%,$0.14B,$2.48B,5.95%,$118,$0,$118,$0,$21,$64,$54,$-31,$23,$0,$23,$23,$21,$92,$54,$202,202,$0.09,$0.10,$28,$0,$3,$145,$2534,$3,$0,$6,$2548,$2693,$206,$620,$10,$632,$837,$2,$-327,$0,$1856,$2693,$120,$121,$21,$142,$-44,$0,$0,$12,$-33,$230,$-399,$0,$-673,$0,$0,$0,$0,$-1073,$233,$0,$233,$0,$0,$-7,$-8,$218,$-625,$0,$0
4,2017-09-30,11.24,$9.08,1.24,$1.78,6.33,$-1.25,0.0,$0.44,25.55,$0.15B,$0.18B,0.84,$0.60B,$1.83B,0.33,$0.32B,$0.32B,100.00%,$0.32B,$0.11B,34.07%,$0.32B,$0.11B,34.07%,$0.32B,$0.22B,67.82%,$0.32B,$0.10B,30.60%,$0.32B,$0.09B,27.76%,$0.09B,$1.83B,4.91%,$0.09B,$1.83B,4.91%,$0.09B,$2.61B,3.59%,$0.11B,$2.43B,4.73%,$85,$0,$85,$0,$19,$53,$31,$-14,$17,$0,$17,$17,$15,$61,$31,$202,202,$0.08,$0.08,$62,$0,$6,$149,$2449,$3,$0,$7,$2465,$2614,$178,$595,$7,$603,$781,$2,$-348,$0,$1833,$2614,$98,$83,$-7,$76,$-12,$0,$0,$-12,$-24,$150,$-267,$0,$-668,$0,$0,$0,$0,$-936,$208,$0,$208,$0,$0,$-5,$-8,$194,$-591,$0,$0
5,2017-06-30,10.61,$9.00,1.18,$1.76,6.01,$-0.78,0.0,$0.50,21.22,$0.23B,$0.16B,1.41,$0.60B,$1.82B,0.33,$0.29B,$0.29B,100.00%,$0.29B,$0.09B,32.64%,$0.29B,$0.09B,32.64%,$0.29B,$0.19B,65.63%,$0.29B,$0.10B,35.07%,$0.29B,$0.09B,31.94%,$0.09B,$1.82B,5.72%,$0.09B,$1.82B,5.72%,$0.09B,$2.58B,4.22%,$0.09B,$2.41B,4.64%,$82,$0,$82,$0,$25,$59,$24,$10,$34,$0,$33,$33,$32,$51,$24,$201,202,$0.16,$0.16,$139,$0,$12,$229,$2340,$3,$0,$4,$2353,$2582,$162,$595,$8,$604,$766,$2,$-364,$0,$1816,$2582,$81,$53,$-22,$32,$-8,$0,$0,$-8,$-16,$96,$-146,$0,$-660,$0,$0,$0,$0,$-806,$208,$0,$208,$0,$0,$-4,$-8,$197,$-514,$0,$0
6,2017-03-31,13.16,$8.85,1.49,$1.74,7.57,$-0.63,0.0,$-0.27,0.0,$0.12B,$0.16B,0.75,$0.39B,$1.78B,0.22,$0.25B,$0.25B,100.00%,$0.25B,$0.02B,7.57%,$0.25B,$0.02B,7.57%,$0.25B,$0.11B,41.83%,$0.25B,$-0.00B,-1.20%,$0.25B,$-0.01B,-4.78%,$-0.01B,$1.78B,-0.91%,$-0.01B,$1.78B,-0.91%,$-0.01B,$2.34B,-0.66%,$0.02B,$2.17B,1.14%,$81,$0,$81,$0,$18,$49,$32,$15,$48,$0,$47,$47,$45,$58,$32,$201,202,$0.23,$0.22,$35,$0,$5,$116,$2210,$3,$0,$4,$2220,$2336,$155,$391,$9,$400,$556,$2,$-395,$0,$1780,$2336,$47,$26,$-17,$8,$-4,$0,$0,$1,$-3,$53,$-66,$0,$-602,$0,$0,$0,$0,$-669,$0,$0,$0,$0,$0,$-2,$-0,$-2,$-618,$0,$0
7,2016-12-31,15.37,$8.62,1.78,$1.70,9.02,$-0.98,0.0,$-1.00,0.0,$0.73B,$0.13B,5.51,$0.39B,$1.73B,0.23,$0.20B,$0.20B,100.00%,$0.20B,$-0.05B,-23.88%,$0.20B,$-0.05B,-23.88%,$0.20B,$0.03B,14.43%,$0.20B,$-0.09B,-45.77%,$0.20B,$-0.10B,-49.75%,$-0.10B,$1.73B,-10.24%,$-0.10B,$1.73B,-10.24%,$-0.10B,$2.27B,-7.04%,$-0.05B,$2.12B,-3.69%,$69,$0,$69,$0,$21,$48,$21,$-23,$-2,$0,$-2,$-2,$-4,$45,$21,$126,126,$0.20,$0.20,$653,$0,$2,$725,$1490,$3,$0,$47,$1542,$2268,$132,$390,$12,$403,$534,$2,$-440,$0,$1733,$2268,$-92,$77,$152,$229,$-30,$0,$0,$13,$-17,$121,$-165,$0,$-701,$0,$0,$0,$0,$-866,$60,$0,$60,$1358,$1358,$-7,$-13,$1397,$652,$0,$0
8,2016-09-30,15.7,$6.84,2.3,$1.67,9.42,$-2.72,0.0,$-2.56,0.0,$0.39B,$0.13B,3.11,$0.29B,$1.10B,0.26,$0.17B,$0.17B,100.00%,$0.17B,$-0.19B,-113.25%,$0.17B,$-0.19B,-113.25%,$0.17B,$-0.12B,-69.88%,$0.17B,$-0.20B,-122.29%,$0.17B,$-0.21B,-127.11%,$-0.21B,$1.10B,-33.25%,$-0.21B,$1.10B,-33.25%,$-0.21B,$1.53B,-20.09%,$-0.19B,$1.39B,-19.92%,$56,$0,$56,$0,$18,$39,$17,$4,$21,$-0,$21,$21,$19,$35,$17,$137,137,$0.14,$0.14,$326,$0,$5,$387,$1099,$3,$0,$34,$1140,$1528,$125,$290,$12,$302,$427,$2,$-437,$0,$1101,$1528,$-90,$54,$130,$184,$-16,$0,$0,$8,$-9,$85,$-100,$0,$-335,$0,$0,$0,$0,$-435,$-40,$0,$-40,$723,$723,$-5,$-3,$674,$325,$0,$0
9,2016-06-30,11.23,$5.02,2.24,$1.78,6.32,$-4.42,0.0,$-4.42,0.0,$0.05B,$0.10B,0.55,$0.33B,$0.66B,0.5,$0.14B,$0.14B,100.00%,$0.14B,$-0.29B,-200.69%,$0.14B,$-0.29B,-200.69%,$0.14B,$-0.22B,-151.39%,$0.14B,$-0.29B,-201.39%,$0.14B,$-0.34B,-238.89%,$-0.34B,$0.66B,-76.27%,$-0.34B,$0.66B,-76.27%,$-0.34B,$1.10B,-38.88%,$-0.29B,$0.99B,-36.70%,$45,$0,$45,$0,$14,$96,$-51,$-20,$-70,$0,$-70,$-70,$-72,$-33,$-51,$118,118,$-0.61,$-0.61,$0,$0,$7,$52,$1037,$3,$0,$0,$1044,$1096,$95,$330,$13,$342,$437,$1,$-456,$0,$658,$1096,$-111,$35,$127,$162,$-5,$0,$0,$-7,$-12,$40,$-52,$0,$-284,$0,$0,$0,$0,$-336,$0,$0,$0,$301,$301,$-4,$-2,$295,$-1,$0,$0
10,2016-03-31,8.85,$4.32,2.05,$1.99,4.45,$-5.81,0.0,$-3.92,0.0,$0.06B,$0.07B,0.81,$0.29B,$0.42B,0.7,$0.14B,$0.14B,100.00%,$0.14B,$-0.23B,-168.12%,$0.14B,$-0.23B,-168.12%,$0.14B,$-0.16B,-115.94%,$0.14B,$-0.23B,-164.49%,$0.14B,$-0.28B,-202.17%,$-0.28B,$0.42B,-68.63%,$-0.28B,$0.42B,-68.63%,$-0.28B,$0.79B,-32.94%,$-0.23B,$0.71B,-30.76%,$31,$0,$31,$0,$13,$65,$-35,$-6,$-41,$0,$-41,$-41,$-43,$-18,$-35,$84,84,$-0.51,$-0.51,$10,$0,$16,$60,$723,$3,$0,$0,$730,$789,$74,$289,$11,$300,$374,$1,$-384,$0,$416,$789,$-41,$17,$44,$62,$6,$0,$0,$-10,$-4,$16,$-51,$0,$-10,$0,$0,$0,$0,$-61,$-40,$0,$-40,$95,$95,$-2,$-0,$53,$8,$0,$0
11,2015-12-31,8.34,$4.53,1.84,$2.15,3.88,$-6.52,0.0,$-3.62,0.0,$0.06B,$0.09B,0.71,$0.33B,$0.36B,0.91,$0.14B,$0.14B,100.00%,$0.14B,$-0.21B,-153.28%,$0.14B,$-0.21B,-153.28%,$0.14B,$-0.14B,-98.54%,$0.14B,$-0.20B,-146.72%,$0.14B,$-0.25B,-181.02%,$-0.25B,$0.36B,-58.42%,$-0.25B,$0.36B,-58.42%,$-0.25B,$0.79B,-28.21%,$-0.21B,$0.69B,-26.78%,$34,$0,$34,$0,$12,$152,$-119,$5,$-113,$0,$-113,$-113,$-115,$-100,$-119,$66,66,$-1.73,$-1.73,$1,$0,$21,$62,$719,$3,$0,$0,$726,$789,$88,$329,$5,$338,$426,$1,$-341,$0,$363,$789,$-240,$74,$260,$333,$-5,$0,$0,$1,$-4,$89,$-227,$0,$-32,$0,$0,$0,$0,$-259,$5,$0,$5,$175,$175,$-8,$-2,$170,$0,$0,$0
12,2015-09-30,7.29,$5.54,1.32,$2.48,2.94,$-7.37,0.0,$-1.66,0.0,$0.06B,$0.09B,0.65,$0.40B,$0.37B,1.09,$0.14B,$0.14B,100.00%,$0.14B,$-0.08B,-58.87%,$0.14B,$-0.08B,-58.87%,$0.14B,$-0.01B,-5.67%,$0.14B,$-0.06B,-41.84%,$0.14B,$-0.12B,-82.27%,$-0.12B,$0.37B,-26.23%,$-0.12B,$0.37B,-26.23%,$-0.12B,$0.87B,-12.92%,$-0.08B,$0.77B,-10.37%,$34,$0,$34,$0,$11,$118,$-84,$18,$-66,$46,$-112,$-112,$-114,$-67,$-84,$66,66,$-1.72,$-1.72,$2,$0,$18,$59,$783,$3,$0,$3,$805,$865,$91,$399,$8,$407,$498,$1,$-226,$0,$367,$865,$-127,$55,$135,$190,$-7,$0,$0,$-0,$-8,$56,$-175,$0,$-3,$0,$0,$0,$0,$-178,$64,$0,$64,$66,$66,$-6,$0,$124,$1,$0,$0
13,2015-06-30,8.32,$7.25,1.15,$2.86,2.91,$-8.48,0.0,$0.29,28.69,$0.05B,$0.08B,0.54,$0.38B,$0.48B,0.78,$0.15B,$0.15B,100.00%,$0.15B,$0.01B,8.84%,$0.15B,$0.01B,8.84%,$0.15B,$0.09B,59.18%,$0.15B,$0.03B,17.69%,$0.15B,$0.01B,5.44%,$0.01B,$0.48B,1.76%,$0.01B,$0.48B,1.76%,$0.01B,$0.95B,0.96%,$0.01B,$0.86B,1.76%,$39,$0,$39,$0,$12,$33,$6,$-13,$-7,$-2,$-5,$-5,$-7,$25,$6,$66,66,$-0.11,$-0.11,$2,$0,$8,$45,$833,$3,$0,$1,$900,$945,$83,$375,$7,$382,$465,$1,$-112,$0,$480,$945,$-15,$38,$16,$55,$-7,$0,$0,$-2,$-9,$30,$-129,$0,$-2,$0,$0,$0,$0,$-131,$40,$0,$40,$66,$66,$-4,$0,$102,$1,$0,$0
14,2015-03-31,7.47,$7.40,1.01,$3.24,2.31,$-9.13,0.0,$0.47,15.89,$0.05B,$0.09B,0.6,$0.34B,$0.49B,0.69,$0.15B,$0.15B,100.00%,$0.15B,$0.02B,12.75%,$0.15B,$0.02B,12.75%,$0.15B,$0.09B,58.39%,$0.15B,$0.04B,28.19%,$0.15B,$0.02B,12.08%,$0.02B,$0.49B,4.44%,$0.02B,$0.49B,4.44%,$0.02B,$0.92B,2.47%,$0.02B,$0.83B,2.98%,$30,$0,$30,$0,$19,$43,$-13,$-2,$-15,$-5,$-10,$-10,$-12,$7,$-13,$57,57,$-0.21,$-0.21,$2,$0,$20,$54,$795,$3,$0,$0,$864,$918,$90,$337,$4,$341,$430,$1,$-105,$0,$488,$918,$-10,$20,$6,$26,$-2,$0,$0,$-7,$-9,$6,$-71,$0,$0,$0,$0,$0,$0,$-71,$2,$0,$2,$66,$66,$-2,$-0,$66,$1,$0,$0
15,2014-12-31,5.45,$7.85,0.69,$3.53,1.54,$-9.09,0.0,$0.68,8.01,$0.06B,$0.10B,0.61,$0.32B,$0.43B,0.74,$0.15B,$0.15B,100.00%,$0.15B,$0.04B,25.66%,$0.15B,$0.04B,25.66%,$0.15B,$0.10B,63.82%,$0.15B,$0.06B,39.47%,$0.15B,$0.03B,19.74%,$0.03B,$0.43B,8.49%,$0.03B,$0.43B,8.49%,$0.03B,$0.86B,4.83%,$0.04B,$0.76B,7.34%,$38,$0,$38,$0,$9,$30,$8,$21,$29,$11,$19,$19,$17,$27,$8,$45,46,$0.36,$0.35,$1,$0,$29,$60,$749,$4,$0,$0,$803,$863,$99,$322,$9,$331,$430,$1,$-93,$0,$434,$863,$38,$60,$-4,$55,$-8,$0,$0,$9,$1,$94,$-230,$0,$-223,$0,$0,$0,$0,$-453,$261,$0,$261,$122,$122,$-8,$-20,$356,$-2,$0,$0
16,2014-09-30,8.81,$7.53,1.17,$3.36,2.63,$-6.53,0.0,$0.33,26.7,$0.05B,$0.06B,0.72,$0.10B,$0.42B,0.25,$0.14B,$0.14B,100.00%,$0.14B,$0.03B,23.57%,$0.14B,$0.03B,23.57%,$0.14B,$0.08B,59.29%,$0.14B,$0.04B,25.71%,$0.14B,$0.01B,10.00%,$0.01B,$0.42B,4.45%,$0.01B,$0.42B,4.45%,$0.01B,$0.59B,2.74%,$0.03B,$0.52B,7.66%,$40,$0,$40,$0,$10,$28,$12,$8,$19,$7,$12,$12,$10,$28,$12,$43,44,$0.24,$0.23,$7,$0,$6,$45,$482,$4,$0,$16,$548,$592,$62,$103,$12,$115,$176,$1,$-110,$0,$416,$592,$19,$40,$6,$46,$-8,$0,$0,$0,$-8,$58,$-187,$0,$-11,$0,$0,$0,$0,$-197,$30,$0,$30,$123,$123,$-6,$-3,$144,$4,$0,$0
17,2014-06-30,11.65,$6.93,1.68,$3.22,3.62,$-5.21,0.0,$0.08,145.63,$0.04B,$0.08B,0.47,$0.17B,$0.28B,0.59,$0.13B,$0.13B,100.00%,$0.13B,$0.03B,20.61%,$0.13B,$0.03B,20.61%,$0.13B,$0.07B,55.73%,$0.13B,$0.02B,14.50%,$0.13B,$0.00B,2.29%,$0.00B,$0.28B,1.07%,$0.00B,$0.28B,1.07%,$0.00B,$0.54B,0.63%,$0.03B,$0.45B,6.72%,$41,$0,$41,$0,$14,$28,$12,$-3,$9,$4,$5,$5,$3,$25,$12,$41,42,$0.07,$0.07,$1,$0,$2,$36,$445,$4,$0,$5,$504,$540,$76,$167,$15,$181,$257,$0,$-120,$0,$283,$540,$7,$23,$12,$36,$-5,$0,$0,$-1,$-7,$36,$-125,$0,$0,$0,$0,$0,$0,$-125,$94,$0,$94,$0,$0,$-4,$-3,$88,$-2,$0,$0
18,2014-03-31,8.37,$6.95,1.2,$2.81,2.98,$-3.97,0.0,$0.01,0.0,$0.03B,$0.08B,0.42,$0.12B,$0.28B,0.43,$0.11B,$0.11B,100.00%,$0.11B,$0.02B,14.16%,$0.11B,$0.02B,14.16%,$0.11B,$0.06B,53.10%,$0.11B,$0.01B,9.73%,$0.11B,0,0.00%,$0.00B,$0.28B,0.00%,$0.00B,$0.28B,0.00%,$0.00B,$0.49B,0.00%,$0.02B,$0.40B,4.14%,$33,$0,$33,$0,$15,$27,$7,$-3,$3,$1,$2,$2,$-0,$17,$7,$40,40,$0.00,$0.00,$2,$0,$8,$33,$396,$4,$0,$3,$457,$489,$78,$121,$9,$130,$209,$0,$-123,$0,$281,$489,$2,$11,$6,$17,$-3,$0,$0,$4,$1,$20,$-64,$0,$0,$0,$0,$0,$0,$-64,$46,$0,$46,$0,$0,$-2,$-2,$42,$-1,$0,$0
19,2013-12-31,6.53,$6.92,0.94,$2.55,2.56,$-3.32,0.0,$-0.01,0.0,$0.03B,$0.06B,0.47,$0.08B,$0.28B,0.27,$0.10B,$0.10B,100.00%,$0.10B,$0.01B,9.71%,$0.10B,$0.01B,9.71%,$0.10B,$0.06B,53.40%,$0.10B,$0.01B,6.80%,$0.10B,$-0.00B,-0.97%,$-0.00B,$0.28B,-0.38%,$-0.00B,$0.28B,-0.38%,$-0.00B,$0.42B,-0.23%,$0.01B,$0.36B,2.69%,$26,$0,$26,$0,$10,$24,$2,$3,$5,$2,$3,$3,$1,$13,$2,$40,40,$0.03,$0.03,$3,$0,$2,$30,$331,$4,$0,$0,$394,$424,$63,$76,$6,$82,$145,$0,$-123,$0,$279,$424,$4,$44,$8,$52,$-3,$0,$0,$1,$-2,$54,$-70,$0,$-11,$0,$0,$0,$1,$-80,$-38,$0,$-38,$0,$70,$-5,$-0,$27,$2,$0,$0
20,2013-09-30,5.47,$6.86,0.8,$2.61,2.1,$-3.98,0.0,$-0.05,0.0,$0.03B,$0.06B,0.46,$0.13B,$0.28B,0.45,$0.11B,$0.11B,100.00%,$0.11B,$0.01B,10.38%,$0.11B,$0.01B,10.38%,$0.11B,$0.06B,55.66%,$0.11B,$0.00B,1.89%,$0.11B,$-0.00B,-1.89%,$-0.00B,$0.28B,-0.83%,$-0.00B,$0.28B,-0.83%,$-0.00B,$0.47B,-0.48%,$0.01B,$0.40B,3.02%,$31,$0,$31,$0,$11,$24,$6,$-5,$2,$0,$1,$1,$-1,$18,$6,$40,40,$-0.02,$-0.02,$1,$0,$2,$26,$365,$12,$0,$4,$441,$467,$57,$125,$9,$134,$191,$0,$-124,$0,$277,$467,$1,$34,$6,$40,$-3,$0,$0,$-2,$-6,$35,$-100,$0,$-11,$0,$0,$0,$1,$-110,$7,$0,$7,$0,$70,$-3,$0,$74,$-0,$0,$0
21,2013-06-30,3.37,$6.87,0.49,$2.53,1.33,$-4.24,0.0,$-0.06,0.0,$0.03B,$0.05B,0.68,$0.11B,$0.28B,0.39,$0.10B,$0.10B,100.00%,$0.10B,$0.01B,7.84%,$0.10B,$0.01B,7.84%,$0.10B,$0.06B,54.90%,$0.10B,$-0.00B,-0.98%,$0.10B,$-0.00B,-1.96%,$-0.00B,$0.28B,-0.89%,$-0.00B,$0.28B,-0.89%,$-0.00B,$0.44B,-0.49%,$0.01B,$0.39B,2.26%,$23,$0,$23,$0,$10,$22,$1,$0,$1,$1,$1,$1,$0,$12,$1,$40,40,$0.00,$0.00,$13,$0,$3,$32,$330,$12,$0,$3,$409,$441,$47,$109,$1,$118,$165,$0,$-123,$0,$277,$441,$-0,$22,$-0,$22,$1,$0,$0,$-2,$-1,$20,$-57,$0,$-11,$0,$0,$0,$1,$-67,$-10,$0,$-10,$0,$70,$-1,$0,$59,$12,$0,$0
22,2013-03-31,3.7,$5.18,0.71,$2.60,1.42,$-4.44,0.0,$0.03,123.33,$0.02B,$0.04B,0.49,$0.14B,$0.21B,0.66,$0.10B,$0.10B,100.00%,$0.10B,$0.01B,9.62%,$0.10B,$0.01B,9.62%,$0.10B,$0.06B,56.73%,$0.10B,$0.00B,2.88%,$0.10B,$0.00B,1.92%,$0.00B,$0.21B,0.97%,$0.00B,$0.21B,0.97%,$0.00B,$0.39B,0.51%,$0.01B,$0.34B,2.95%,$23,$0,$23,$0,$9,$22,$1,$-2,$-1,$-0,$-1,$-1,$-1,$12,$1,$40,40,$-0.02,$-0.02,$1,$0,$2,$19,$297,$12,$0,$2,$376,$394,$38,$137,$14,$150,$188,$0,$-123,$0,$206,$394,$-1,$11,$1,$12,$1,$0,$0,$0,$2,$13,$-30,$0,$0,$0,$0,$0,$0,$-30,$17,$0,$17,$0,$0,$0,$0,$17,$0,$0,$0
23,2012-12-31,4.7,$5.18,0.91,$2.76,1.7,$-4.87,0.0,$0.06,78.33,$0.02B,$0.04B,0.52,$0.12B,$0.21B,0.59,$0.11B,$0.11B,100.00%,$0.11B,$0.01B,10.91%,$0.11B,$0.01B,10.91%,$0.11B,$0.06B,56.36%,$0.11B,$0.01B,4.55%,$0.11B,$0.00B,2.73%,$0.00B,$0.21B,1.47%,$0.00B,$0.21B,1.47%,$0.00B,$0.38B,0.79%,$0.01B,$0.33B,3.59%,$29,$0,$29,$0,$9,$26,$3,$-2,$0,$1,$-0,$-0,$-0,$17,$3,$40,40,$-0.01,$0.00,$1,$0,$3,$20,$280,$12,$0,$2,$358,$378,$38,$121,$2,$134,$172,$0,$-123,$0,$206,$378,$3,$51,$2,$53,$-1,$0,$0,$-3,$-4,$51,$-93,$0,$-2,$0,$0,$0,$2,$-94,$-0,$0,$-0,$-0,$-0,$0,$0,$-0,$-43,$0,$0
24,2012-09-30,6.15,$5.17,1.19,$2.88,2.14,$-4.18,0.0,$1.86,3.31,$0.02B,$0.03B,0.64,$0.15B,$0.21B,0.74,$0.11B,$0.11B,100.00%,$0.11B,$0.02B,15.93%,$0.11B,$0.02B,15.93%,$0.11B,$0.07B,59.29%,$0.11B,$0.01B,10.62%,$0.11B,$0.08B,68.14%,$0.08B,$0.21B,37.93%,$0.08B,$0.21B,37.93%,$0.08B,$0.41B,20.26%,$0.02B,$0.36B,5.39%,$27,$0,$27,$0,$12,$25,$3,$-4,$-1,$-0,$-1,$-1,$-1,$15,$3,$40,40,$-0.03,$-0.03,$1,$0,$3,$22,$305,$13,$0,$2,$384,$406,$34,$151,$15,$167,$200,$0,$-122,$0,$205,$406,$3,$37,$0,$37,$-1,$0,$-0,$3,$1,$41,$-115,$0,$0,$0,$0,$0,$1,$-113,$30,$0,$30,$0,$0,$0,$-0,$30,$-42,$0,$0
25,2012-06-30,4.26,$5.25,0.81,$3.02,1.41,$-2.54,0.0,$2.10,2.03,$0.02B,$0.03B,0.69,$0.12B,$0.21B,0.59,$0.12B,$0.12B,100.00%,$0.12B,$0.03B,21.67%,$0.12B,$0.03B,21.67%,$0.12B,$0.08B,63.33%,$0.12B,$0.02B,17.50%,$0.12B,$0.09B,71.67%,$0.09B,$0.21B,46.36%,$0.09B,$0.21B,46.36%,$0.09B,$0.38B,24.28%,$0.03B,$0.33B,8.38%,$25,$0,$25,$0,$10,$23,$3,$3,$5,$2,$4,$4,$4,$15,$3,$39,40,$0.10,$0.09,$0,$0,$6,$24,$275,$13,$0,$3,$355,$379,$34,$122,$15,$137,$171,$0,$-121,$2,$207,$379,$4,$24,$-3,$22,$-2,$0,$-0,$4,$2,$27,$-72,$0,$0,$0,$0,$0,$1,$-71,$-0,$0,$-0,$0,$0,$0,$-0,$-0,$-44,$0,$0
26,2012-03-31,6.29,$5.04,1.25,$3.32,1.9,$-1.55,0.0,$2.51,2.51,$0.03B,$0.03B,1.12,$0.13B,$0.20B,0.63,$0.13B,$0.13B,100.00%,$0.13B,$0.04B,28.03%,$0.13B,$0.04B,28.03%,$0.13B,$0.09B,66.67%,$0.13B,$0.03B,25.00%,$0.13B,$0.10B,77.27%,$0.10B,$0.20B,62.48%,$0.10B,$0.20B,62.48%,$0.10B,$0.37B,30.75%,$0.04B,$0.32B,12.79%,$29,$0,$29,$0,$13,$27,$3,$-2,$1,$0,$0,$0,$0,$15,$3,$39,40,$0.01,$0.01,$10,$0,$1,$29,$257,$13,$0,$1,$336,$365,$26,$125,$15,$140,$166,$0,$-127,$0,$199,$365,$0,$12,$0,$13,$-3,$0,$0,$0,$-3,$10,$-45,$0,$0,$0,$0,$0,$1,$-44,$0,$0,$0,$0,$0,$0,$-0,$-0,$-34,$0,$0
27,2011-12-31,4.97,$5.11,0.97,$3.33,1.49,$-0.74,0.0,$2.62,1.9,$0.06B,$0.03B,2.31,$0.13B,$0.20B,0.62,$0.13B,$0.13B,100.00%,$0.13B,$0.04B,31.25%,$0.13B,$0.04B,31.25%,$0.13B,$0.09B,69.53%,$0.13B,$0.04B,28.13%,$0.13B,$0.11B,82.81%,$0.11B,$0.20B,77.66%,$0.11B,$0.20B,77.66%,$0.11B,$0.37B,34.64%,$0.04B,$0.33B,15.18%,$32,$0,$32,$0,$7,$23,$9,$-2,$7,$-67,$74,$74,$74,$22,$9,$38,39,$1.97,$1.93,$44,$0,$4,$63,$226,$14,$0,$1,$307,$370,$27,$125,$16,$141,$169,$0,$-125,$2,$201,$370,$106,$49,$-77,$-28,$-3,$0,$-0,$4,$1,$79,$-93,$0,$0,$0,$-0,$-0,$1,$-92,$-35,$0,$-35,$74,$74,$0,$0,$39,$26,$0,$0
28,2011-09-30,3.87,$3.44,1.12,$3.33,1.16,$0.97,4.0,$0.85,4.55,$0.07B,$0.03B,2.88,$0.13B,$0.14B,0.93,$0.12B,$0.12B,100.00%,$0.12B,$0.04B,29.17%,$0.12B,$0.04B,29.17%,$0.12B,$0.08B,68.33%,$0.12B,$0.03B,24.17%,$0.12B,$0.03B,27.50%,$0.03B,$0.14B,36.57%,$0.03B,$0.14B,36.57%,$0.03B,$0.30B,12.31%,$0.04B,$0.26B,15.42%,$34,$0,$34,$0,$9,$23,$11,$-2,$8,$0,$8,$8,$8,$24,$11,$39,40,$0.21,$0.21,$48,$0,$10,$74,$212,$14,$0,$3,$229,$303,$26,$126,$15,$142,$167,$0,$-192,$3,$135,$303,$32,$36,$-12,$25,$-5,$0,$-0,$6,$1,$58,$-67,$0,$0,$0,$-0,$-0,$1,$-66,$-35,$0,$-35,$74,$74,$0,$0,$39,$31,$0,$0
29,2011-06-30,7.02,$3.00,2.34,$3.19,2.2,$2.64,2.66,$0.69,10.17,$0.07B,$0.03B,2.73,$0.13B,$0.12B,1.08,$0.11B,$0.11B,100.00%,$0.11B,$0.03B,27.36%,$0.11B,$0.03B,27.36%,$0.11B,$0.07B,66.04%,$0.11B,$0.02B,20.75%,$0.11B,$0.03B,25.47%,$0.03B,$0.12B,44.63%,$0.03B,$0.12B,44.63%,$0.03B,$0.29B,10.99%,$0.03B,$0.25B,14.01%,$37,$0,$37,$0,$9,$23,$14,$3,$17,$-3,$20,$20,$20,$27,$14,$39,40,$0.51,$0.50,$52,$0,$3,$74,$198,$15,$0,$2,$214,$289,$27,$127,$17,$144,$171,$0,$-200,$-5,$118,$289,$24,$23,$-10,$13,$-8,$0,$-0,$2,$-6,$31,$-36,$0,$0,$0,$-0,$-0,$1,$-35,$-35,$0,$-35,$74,$74,$0,$0,$39,$35,$0,$0
30,2011-03-31,7.77,$2.36,3.29,$2.99,2.6,$4.58,1.7,$0.26,29.88,$0.07B,$0.03B,2.64,$0.13B,$0.09B,1.38,$0.09B,$0.09B,100.00%,$0.09B,$0.02B,21.98%,$0.09B,$0.02B,21.98%,$0.09B,$0.06B,61.54%,$0.09B,$0.01B,7.69%,$0.09B,$0.01B,9.89%,$0.01B,$0.09B,26.09%,$0.01B,$0.09B,26.09%,$0.01B,$0.26B,3.98%,$0.02B,$0.22B,10.46%,$25,$0,$25,$0,$9,$20,$6,$-2,$4,$0,$4,$4,$4,$16,$6,$34,35,$0.12,$0.12,$54,$0,$1,$66,$180,$14,$0,$1,$196,$262,$25,$128,$17,$144,$169,$0,$-220,$-11,$92,$262,$4,$10,$-1,$9,$0,$0,$0,$1,$1,$13,$-15,$0,$0,$0,$-0,$-0,$0,$-15,$-35,$0,$-35,$74,$74,$0,$0,$39,$37,$0,$0
31,2010-12-31,5.92,$0.55,10.84,$3.05,1.94,$6.30,0.94,$0.27,21.93,$0.03B,$0.02B,1.41,$0.17B,$0.02B,10.47,$0.09B,$0.09B,100.00%,$0.09B,$0.02B,23.60%,$0.09B,$0.02B,23.60%,$0.09B,$0.05B,60.67%,$0.09B,$0.01B,7.87%,$0.09B,$0.01B,10.11%,$0.01B,$0.02B,65.45%,$0.01B,$0.02B,65.45%,$0.01B,$0.22B,4.18%,$0.02B,$0.18B,11.62%,$24,$0,$24,$0,$9,$20,$4,$-4,$0,$0,$1,$1,$1,$15,$4,$29,29,$0.02,$0.03,$17,$0,$2,$30,$172,$14,$0,$1,$188,$218,$21,$166,$16,$181,$203,$0,$-232,$-1,$16,$218,$8,$32,$1,$32,$60,$0,$-0,$-0,$59,$100,$-60,$0,$-1,$0,$-0,$-0,$2,$-60,$-26,$0,$-26,$-0,$-0,$0,$0,$-26,$14,$0,$0
32,2010-09-30,4.95,$0.55,9.03,$5.42,0.91,$4.51,1.1,$2.52,1.96,$0.04B,$0.02B,2.38,$0.17B,$0.02B,10.48,$0.14B,$0.14B,100.00%,$0.14B,$0.07B,51.47%,$0.14B,$0.07B,51.47%,$0.14B,$0.10B,75.00%,$0.14B,$0.06B,44.85%,$0.14B,$0.05B,39.71%,$0.05B,$0.02B,-514.29%,$0.05B,$0.02B,-514.29%,$0.05B,$0.21B,24.80%,$0.07B,$0.18B,43.75%,$20,$0,$20,$0,$8,$16,$5,$-3,$1,$0,$1,$2,$2,$12,$5,$29,29,$0.06,$0.05,$20,$0,$4,$39,$159,$15,$0,$1,$175,$214,$16,$166,$15,$182,$198,$0,$-225,$-7,$16,$214,$8,$21,$1,$22,$55,$0,$-0,$-2,$52,$82,$-40,$0,$-1,$0,$-0,$-0,$1,$-40,$-26,$0,$-26,$-0,$-0,$0,$0,$-26,$16,$0,$0
33,2010-06-30,6.3,$0.50,12.58,$5.71,1.1,$2.26,2.78,$2.43,2.59,$0.05B,$0.02B,3.26,$0.17B,$0.01B,11.61,$0.14B,$0.14B,100.00%,$0.14B,$0.07B,51.82%,$0.14B,$0.07B,51.82%,$0.14B,$0.10B,75.18%,$0.14B,$0.06B,43.07%,$0.14B,$0.05B,37.23%,$0.05B,$0.01B,-100.99%,$0.05B,$0.01B,-100.99%,$0.05B,$0.21B,24.64%,$0.07B,$0.18B,55.58%,$22,$0,$22,$0,$8,$16,$5,$-3,$2,$0,$2,$2,$2,$13,$5,$29,30,$0.07,$0.07,$32,$0,$2,$50,$143,$15,$0,$2,$161,$211,$15,$167,$14,$181,$197,$0,$-226,$-6,$14,$211,$6,$14,$2,$16,$54,$0,$-0,$-1,$52,$74,$-20,$0,$0,$0,$-0,$-0,$1,$-19,$-26,$0,$-26,$0,$0,$0,$0,$-26,$28,$0,$0
34,2010-03-31,5.36,$0.32,16.53,$6.14,0.87,$-0.60,0.0,$2.32,2.31,$0.07B,$0.03B,2.36,$0.17B,$0.01B,18.03,$0.14B,$0.14B,100.00%,$0.14B,$0.07B,51.43%,$0.14B,$0.07B,51.43%,$0.14B,$0.11B,77.14%,$0.14B,$0.06B,40.00%,$0.14B,$0.05B,34.29%,$0.05B,$0.01B,-53.78%,$0.05B,$0.01B,-53.78%,$0.05B,$0.22B,23.76%,$0.07B,$0.18B,74.04%,$23,$0,$23,$0,$9,$16,$7,$-3,$4,$0,$4,$4,$4,$14,$7,$29,29,$0.14,$0.13,$42,$0,$2,$67,$134,$16,$0,$2,$151,$218,$28,$168,$12,$181,$209,$0,$-228,$-7,$9,$218,$4,$7,$0,$7,$47,$0,$0,$-3,$44,$56,$-7,$0,$0,$0,$-0,$-0,$0,$-7,$-10,$0,$-10,$0,$0,$0,$0,$-10,$39,$0,$0
35,2009-12-31,1.5,$-2.81,-0.53,$6.48,0.23,$-3.05,0.0,$2.30,0.65,$0.08B,$0.12B,0.66,$0.18B,$-0.08B,-2.22,$0.14B,$0.14B,100.00%,$0.14B,$0.07B,52.11%,$0.14B,$0.07B,52.11%,$0.14B,$0.11B,80.28%,$0.14B,$0.05B,38.03%,$0.14B,$0.05B,32.39%,$0.05B,$-0.08B,-36.87%,$0.05B,$-0.08B,-36.87%,$0.05B,$0.23B,23.00%,$0.07B,$0.10B,84.33%,$71,$0,$71,$0,$8,$18,$53,$0,$54,$8,$46,$46,$46,$63,$53,$22,22,$2.09,$2.08,$4,$0,$2,$78,$133,$16,$0,$2,$150,$228,$118,$179,$1,$191,$309,$0,$-318,$-7,$-81,$228,$47,$40,$6,$46,$-45,$0,$-0,$-28,$-73,$20,$-29,$0,$-16,$0,$0,$0,$2,$-43,$10,$0,$10,$0,$0,$0,$0,$10,$-13,$0,$0
36,2009-09-30,1.83,$-6.59,-0.28,$4.02,0.46,$1.33,1.37,$-21.16,0.0,$0.03B,$0.10B,0.24,$0.20B,$-0.14B,-1.37,$0.09B,$0.09B,100.00%,$0.09B,$-0.48B,-550.57%,$0.09B,$-0.48B,-550.57%,$0.09B,$-0.42B,-487.36%,$0.09B,$-0.51B,-582.76%,$0.09B,$-0.46B,-526.44%,$-0.46B,$-0.14B,334.31%,$-0.46B,$-0.14B,334.31%,$-0.46B,$0.17B,-218.62%,$-0.48B,$0.05B,-480.20%,$21,$0,$21,$0,$8,$16,$6,$-7,$-1,$0,$-1,$-1,$-1,$13,$6,$22,22,$-0.04,$-0.04,$1,$0,$6,$25,$128,$16,$0,$2,$146,$171,$104,$196,$14,$211,$315,$0,$-371,$-4,$-144,$171,$1,$30,$-1,$29,$9,$0,$-0,$-27,$-18,$12,$-29,$0,$0,$0,$0,$0,$1,$-28,$0,$0,$0,$0,$0,$0,$0,$0,$-16,$0,$0
37,2009-06-30,1.98,$-6.49,-0.31,$4.53,0.44,$9.79,0.2,$-20.85,0.0,$0.03B,$0.12B,0.25,$0.20B,$-0.14B,-1.43,$0.10B,$0.10B,100.00%,$0.10B,$-0.47B,-475.76%,$0.10B,$-0.47B,-475.76%,$0.10B,$-0.41B,-414.14%,$0.10B,$-0.50B,-502.02%,$0.10B,$-0.45B,-455.56%,$-0.45B,$-0.14B,2050.00%,$-0.45B,$-0.14B,2050.00%,$-0.45B,$0.19B,-122.80%,$-0.47B,$0.06B,-201.50%,$25,$0,$25,$0,$10,$19,$6,$-7,$-1,$0,$-1,$-1,$-1,$18,$6,$22,22,$-0.04,$-0.04,$1,$0,$9,$29,$142,$17,$0,$2,$161,$191,$117,$201,$14,$215,$331,$0,$-371,$-1,$-141,$191,$1,$23,$-2,$22,$7,$0,$-0,$-30,$-24,$-1,$-22,$0,$0,$0,$0,$0,$1,$-21,$5,$0,$5,$0,$0,$0,$0,$5,$-16,$0,$0
38,2009-03-31,1.09,$-6.15,-0.18,$5.54,0.2,$17.76,0.06,$-20.58,0.0,$0.04B,$0.03B,1.13,$0.27B,$-0.13B,-2.05,$0.12B,$0.12B,100.00%,$0.12B,$-0.45B,-371.31%,$0.12B,$-0.45B,-371.31%,$0.12B,$-0.39B,-317.21%,$0.12B,$-0.49B,-400.00%,$0.12B,$-0.45B,-364.75%,$-0.45B,$-0.13B,-515.94%,$-0.45B,$-0.13B,-515.94%,$-0.45B,$0.21B,-90.40%,$-0.45B,$0.14B,-129.89%,$25,$0,$25,$0,$6,$16,$9,$-6,$2,$-0,$2,$2,$2,$20,$9,$22,22,$0.11,$0.11,$1,$0,$15,$37,$154,$17,$0,$2,$173,$210,$33,$274,$37,$311,$344,$0,$-370,$7,$-133,$210,$2,$11,$0,$12,$6,$0,$0,$-18,$-12,$2,$-19,$0,$0,$0,$0,$0,$1,$-19,$0,$0,$0,$0,$0,$0,$0,$0,$-16,$0,$0
39,2008-12-31,2.6,$-6.00,-0.43,$6.47,0.4,$18.03,0.14,$-20.34,0.0,$0.08B,$0.09B,0.98,$0.28B,$-0.13B,-2.12,$0.14B,$0.14B,100.00%,$0.14B,$-0.44B,-310.56%,$0.14B,$-0.44B,-310.56%,$0.14B,$-0.37B,-259.86%,$0.14B,$-0.48B,-336.62%,$0.14B,$-0.44B,-309.15%,$-0.44B,$-0.13B,-227.76%,$-0.44B,$-0.13B,-227.76%,$-0.44B,$0.27B,-68.78%,$-0.44B,$0.15B,-90.88%,$16,$0,$16,$0,$8,$516,$-500,$-7,$-507,$-49,$-458,$-458,$-458,$-475,$-500,$21,21,$-21.57,$-21.53,$17,$0,$23,$84,$162,$17,$0,$3,$182,$266,$86,$276,$35,$310,$396,$0,$-372,$14,$-130,$266,$-439,$73,$446,$520,$-22,$0,$0,$30,$8,$89,$-5,$0,$0,$0,$0,$0,$0,$-5,$-122,$0,$-122,$-1,$-1,$0,$2,$-121,$-36,$0,$0
40,2008-09-30,18.03,$14.64,1.23,$7.81,2.31,$16.08,1.12,$1.06,17.01,$0.16B,$0.13B,1.23,$0.27B,$0.32B,0.86,$0.17B,$0.17B,100.00%,$0.17B,$0.08B,44.71%,$0.17B,$0.08B,44.71%,$0.17B,$0.14B,82.94%,$0.17B,$0.04B,21.18%,$0.17B,$0.02B,14.12%,$0.02B,$0.32B,8.08%,$0.02B,$0.32B,8.08%,$0.02B,$0.80B,3.12%,$0.08B,$0.59B,12.29%,$33,$0,$33,$0,$5,$19,$14,$-5,$9,$3,$6,$6,$6,$27,$14,$21,22,$0.27,$0.27,$102,$0,$9,$160,$620,$17,$0,$5,$642,$802,$131,$272,$39,$355,$486,$0,$86,$4,$316,$802,$19,$48,$15,$63,$14,$0,$0,$29,$44,$125,$44,$0,$0,$0,$0,$0,$0,$44,$-122,$0,$-122,$-1,$-1,$0,$2,$-121,$48,$0,$0
41,2008-06-30,27.36,$13.80,1.98,$8.10,3.38,$7.63,3.59,$0.90,30.4,$0.11B,$0.09B,1.29,$0.23B,$0.29B,0.78,$0.18B,$0.18B,100.00%,$0.18B,$0.08B,42.86%,$0.18B,$0.08B,42.86%,$0.18B,$0.15B,82.86%,$0.18B,$0.03B,17.14%,$0.18B,$0.02B,11.43%,$0.02B,$0.29B,6.91%,$0.02B,$0.29B,6.91%,$0.02B,$0.69B,2.62%,$0.08B,$0.52B,11.71%,$48,$0,$48,$0,$8,$24,$24,$-16,$8,$3,$5,$5,$5,$41,$24,$21,22,$0.25,$0.23,$42,$0,$3,$110,$560,$18,$0,$3,$581,$691,$85,$229,$31,$314,$399,$0,$80,$-14,$292,$691,$13,$34,$12,$47,$-2,$0,$0,$6,$5,$64,$89,$0,$0,$0,$0,$0,$0,$89,$-165,$0,$-165,$-1,$-1,$0,$1,$-164,$-11,$0,$0
42,2008-03-31,18.09,$14.01,1.29,$7.97,2.27,$1.60,11.29,$0.79,22.9,$0.07B,$0.04B,1.56,$0.39B,$0.29B,1.34,$0.17B,$0.17B,100.00%,$0.17B,$0.06B,37.65%,$0.17B,$0.06B,37.65%,$0.17B,$0.14B,81.18%,$0.17B,$0.03B,15.29%,$0.17B,$0.02B,10.59%,$0.02B,$0.29B,6.26%,$0.02B,$0.29B,6.26%,$0.02B,$0.79B,2.28%,$0.06B,$0.69B,9.42%,$45,$0,$45,$0,$8,$24,$21,$-9,$12,$4,$8,$8,$8,$38,$21,$21,22,$0.37,$0.35,$42,$0,$2,$67,$702,$17,$0,$7,$727,$794,$43,$393,$30,$458,$501,$0,$75,$-6,$293,$794,$8,$17,$4,$21,$0,$0,$1,$5,$6,$35,$-46,$0,$0,$0,$0,$0,$0,$-46,$0,$0,$0,$-0,$-0,$0,$0,$0,$-11,$0,$0
43,2007-12-31,16.45,$13.74,1.2,$8.03,2.05,$2.52,6.54,$0.71,23.17,$0.08B,$0.05B,1.56,$0.39B,$0.29B,1.37,$0.17B,$0.17B,100.00%,$0.17B,$0.06B,33.53%,$0.17B,$0.06B,33.53%,$0.17B,$0.14B,80.59%,$0.17B,$0.02B,13.53%,$0.17B,$0.02B,9.41%,$0.02B,$0.29B,5.61%,$0.02B,$0.29B,5.61%,$0.02B,$0.79B,2.15%,$0.06B,$0.68B,8.98%,$44,$0,$44,$0,$10,$27,$17,$-10,$7,$2,$4,$5,$5,$35,$17,$21,21,$0.22,$0.21,$53,$0,$7,$82,$684,$17,$0,$10,$710,$792,$53,$392,$28,$453,$505,$0,$67,$-3,$287,$792,$15,$81,$9,$89,$6,$0,$1,$-2,$5,$109,$-66,$0,$-150,$0,$0,$0,$1,$-216,$164,$0,$164,$0,$0,$0,$-6,$158,$51,$0,$0
44,2007-09-30,13.92,$13.69,1.02,$8.07,1.73,$-1.01,0.0,$0.77,18.08,$0.03B,$0.03B,0.99,$0.39B,$0.29B,1.37,$0.17B,$0.17B,100.00%,$0.17B,$0.05B,30.41%,$0.17B,$0.05B,30.41%,$0.17B,$0.14B,80.70%,$0.17B,$0.03B,14.62%,$0.17B,$0.02B,9.94%,$0.02B,$0.29B,6.00%,$0.02B,$0.29B,6.00%,$0.02B,$0.78B,2.42%,$0.05B,$0.68B,8.78%,$38,$0,$38,$0,$8,$25,$13,$-10,$3,$1,$2,$2,$2,$31,$13,$21,21,$0.11,$0.11,$4,$0,$9,$34,$722,$17,$0,$8,$746,$780,$34,$391,$37,$460,$495,$0,$62,$1,$286,$780,$11,$62,$6,$69,$8,$0,$1,$2,$11,$90,$-107,$0,$-150,$0,$0,$0,$1,$-256,$164,$10,$174,$0,$0,$0,$-6,$168,$1,$0,$0
45,2007-06-30,14.17,$13.75,1.03,$8.39,1.69,$-0.93,0.0,$1.11,12.77,$0.07B,$0.06B,1.21,$0.39B,$0.29B,1.37,$0.18B,$0.18B,100.00%,$0.18B,$0.06B,32.02%,$0.18B,$0.06B,32.02%,$0.18B,$0.14B,79.78%,$0.18B,$0.04B,20.22%,$0.18B,$0.03B,14.04%,$0.03B,$0.29B,8.89%,$0.03B,$0.29B,8.89%,$0.03B,$0.79B,3.81%,$0.06B,$0.68B,10.51%,$43,$0,$43,$0,$11,$31,$13,$-9,$4,$1,$2,$3,$3,$34,$13,$21,21,$0.12,$0.12,$32,$0,$11,$68,$693,$16,$0,$11,$721,$789,$56,$391,$25,$448,$503,$0,$60,$3,$285,$789,$8,$44,$-293,$-249,$6,$0,$0,$5,$12,$70,$-51,$0,$-150,$0,$0,$0,$430,$-200,$164,$0,$164,$0,$0,$0,$-6,$158,$27,$0,$0
46,2007-03-31,13.57,$13.59,1.0,$8.54,1.59,$-2.05,0.0,$1.56,8.7,$0.04B,$0.05B,0.92,$0.23B,$0.28B,0.8,$0.18B,$0.18B,100.00%,$0.18B,$0.07B,36.26%,$0.18B,$0.07B,36.26%,$0.18B,$0.15B,80.22%,$0.18B,$0.05B,27.47%,$0.18B,$0.03B,18.68%,$0.03B,$0.28B,12.40%,$0.03B,$0.28B,12.40%,$0.03B,$0.61B,5.65%,$0.07B,$0.51B,13.56%,$45,$0,$45,$0,$9,$32,$14,$-4,$9,$4,$6,$6,$6,$37,$14,$21,21,$0.28,$0.27,$8,$0,$9,$42,$544,$14,$0,$11,$569,$611,$46,$226,$27,$284,$329,$0,$58,$3,$282,$611,$6,$24,$-157,$-133,$3,$0,$0,$-4,$-1,$33,$-24,$0,$-8,$0,$0,$0,$186,$-32,$-0,$0,$-0,$0,$0,$0,$0,$-0,$1,$0,$0
47,2006-12-31,15.03,$13.56,1.11,$8.53,1.76,$-2.38,0.0,$1.89,7.95,$0.06B,$0.06B,0.94,$0.23B,$0.28B,0.8,$0.18B,$0.18B,100.00%,$0.18B,$0.08B,40.98%,$0.18B,$0.08B,40.98%,$0.18B,$0.15B,80.87%,$0.18B,$0.06B,32.79%,$0.18B,$0.04B,22.40%,$0.04B,$0.28B,15.50%,$0.04B,$0.28B,15.50%,$0.04B,$0.63B,6.89%,$0.08B,$0.51B,15.99%,$45,$0,$45,$0,$10,$32,$12,$-4,$9,$3,$6,$6,$6,$36,$12,$20,21,$0.26,$0.28,$6,$0,$19,$58,$549,$15,$0,$4,$568,$626,$61,$226,$27,$283,$344,$0,$52,$9,$281,$626,$41,$73,$19,$92,$-2,$0,$0,$5,$2,$135,$-168,$0,$0,$0,$0,$0,$1,$-167,$35,$-5,$30,$-0,$-0,$0,$1,$31,$-1,$0,$0
