,Date,Stock Price,Book Value per Share,Price to Book Ratio,TTM Sales per Share,Price to Sales Ratio,TTM FCF per Share,Price to FCF Ratio,TTM Net EPS,PE Ratio,Current Assets,Current Liabilities,Current Ratio,Long Term Debt,Shareholder's Equity_x,Debt to Equity Ratio,TTM Revenue_x,TTM Gross Profit,Gross Margin,TTM Revenue_y,TTM Operating Income,Operating Margin,TTM Revenue_x,TTM EBIT,EBIT Margin,TTM Revenue_y,TTM EBITDA,EBITDA Margin,TTM Revenue_x,TTM Pre-Tax Income,Pre-Tax Margin,TTM Revenue_y,TTM Net Income_x,Net Margin,TTM Net Income_y,Shareholder's Equity_y,Return on Equity,TTM Net Income_x,Tangible Equity,Return on Tangible Equity,TTM Net Income_y,Total Assets,Return on Assets,TTM Net Income,LT Investments & Debt,Return on Investment,revenue,cost-goods-sold,gross-profit,research-development-expenses,selling-general-administrative-expenses,operating-expenses,operating-income,total-non-operating-income-expense,pre-tax-income,total-provision-income-taxes,income-after-taxes,income-from-continuous-operations,net-income,ebitda,ebit,basic-shares-outstanding,shares-outstanding,eps-basic-net-earnings-per-share,eps-earnings-per-share-diluted,cash-on-hand,inventory,other-current-assets,total-current-assets,net-property-plant-equipment,long-term-investments,goodwill-intangible-assets-total,other-long-term-assets,total-long-term-assets,total-assets,total-current-liabilities,long-term-debt,other-non-current-liabilities,total-long-term-liabilities,total-liabilities,common-stock-net,retained-earnings-accumulated-deficit,comprehensive-income,total-share-holder-equity,total-liabilities-share-holders-equity,net-income-loss,total-depreciation-amortization-cash-flow,other-non-cash-items,total-non-cash-items,change-in-accounts-receivable,change-in-inventories,change-in-accounts-payable,change-in-assets-liabilities,total-change-in-assets-liabilities,cash-flow-from-operating-activities,net-change-in-property-plant-equipment,net-change-in-intangible-assets,net-acquisitions-divestitures,net-change-in-short-term-investments,net-change-in-long-term-investments,net-change-in-investments-total,investing-activities-other,cash-flow-from-investing-activities,net-long-term-debt,net-current-debt,debt-issuance-retirement-net-total,net-common-equity-issued-repurchased,net-total-equity-issued-repurchased,total-common-preferred-stock-dividends-paid,financial-activities-other,cash-flow-from-financial-activities,net-cash-flow,stock-based-compensation,common-stock-dividends-paid
0,2018-09-30,15.25,$9.85,1.55,$13.15,1.16,$2.96,5.15,$0.81,18.83,$0.02B,$0.01B,1.89,$0.00B,$0.04B,0.0,$0.06B,$0.05B,77.97%,$0.06B,$0.01B,8.47%,$0.06B,$0.01B,8.47%,$0.06B,$0.01B,15.25%,$0.06B,$0.01B,8.47%,$0.06B,$0.01B,10.17%,$0.01B,$0.04B,14.12%,$0.01B,$0.04B,14.12%,$0.01B,$0.06B,10.34%,$0.01B,$0.05B,11.70%,$18,$4,$14,$0,$9,$16,$2,$0,$2,$0,$2,$2,$2,$3,$2,$4,5,$0.36,$0.36,$14,$0,$0,$17,$39,$0,$0,$0,$40,$57,$9,$0,$0,$4,$13,$0,$23,$0,$44,$57,$3,$2,$1,$3,$0,$-0,$0,$-2,$-2,$4,$-4,$0,$0,$0,$0,$0,$1,$-3,$0,$0,$0,$1,$1,$-1,$0,$-0,$1,$1,$-1
1,2018-06-30,14.97,$9.54,1.57,$13.10,1.14,$3.40,4.4,$1.03,14.54,$0.02B,$0.02B,1.35,$0.00B,$0.04B,0.0,$0.06B,$0.05B,76.27%,$0.06B,$0.01B,8.47%,$0.06B,$0.01B,8.47%,$0.06B,$0.01B,13.56%,$0.06B,$0.01B,8.47%,$0.06B,$0.01B,8.47%,$0.01B,$0.04B,12.12%,$0.01B,$0.04B,12.12%,$0.01B,$0.06B,8.77%,$0.01B,$0.04B,12.12%,$17,$4,$13,$0,$9,$16,$1,$0,$1,$0,$1,$1,$1,$2,$1,$4,5,$0.16,$0.16,$21,$0,$0,$24,$39,$0,$0,$0,$40,$64,$18,$0,$0,$3,$21,$0,$22,$0,$43,$64,$2,$1,$1,$2,$1,$-0,$1,$6,$7,$11,$-3,$0,$0,$0,$0,$0,$1,$-2,$0,$0,$0,$0,$0,$-1,$0,$-0,$9,$0,$-1
2,2018-03-31,15.08,$9.42,1.6,$13.05,1.16,$3.23,4.67,$1.03,14.64,$0.02B,$0.01B,1.42,$0.00B,$0.04B,0.0,$0.06B,$0.04B,75.86%,$0.06B,$0.01B,8.62%,$0.06B,$0.01B,8.62%,$0.06B,$0.01B,13.79%,$0.06B,$0.01B,8.62%,$0.06B,$0.01B,8.62%,$0.01B,$0.04B,12.50%,$0.01B,$0.04B,12.50%,$0.01B,$0.06B,9.01%,$0.01B,$0.04B,12.50%,$12,$2,$10,$0,$7,$11,$1,$0,$1,$0,$1,$1,$1,$2,$1,$4,4,$0.22,$0.22,$13,$0,$0,$16,$38,$0,$0,$0,$40,$56,$11,$0,$0,$3,$14,$0,$21,$0,$42,$56,$1,$1,$0,$1,$1,$-0,$0,$1,$0,$2,$-1,$0,$0,$0,$0,$0,$0,$-1,$0,$0,$0,$0,$0,$-0,$0,$0,$1,$0,$-0
3,2017-12-31,16.09,$9.22,1.74,$12.93,1.24,$3.51,4.58,$0.93,17.3,$0.02B,$0.01B,1.42,$0.00B,$0.04B,0.0,$0.06B,$0.04B,75.44%,$0.06B,$0.01B,8.77%,$0.06B,$0.01B,8.77%,$0.06B,$0.01B,14.04%,$0.06B,$0.01B,8.77%,$0.06B,$0.01B,8.77%,$0.01B,$0.04B,12.90%,$0.01B,$0.04B,12.90%,$0.01B,$0.06B,9.17%,$0.01B,$0.04B,12.90%,$12,$3,$9,$0,$6,$11,$1,$0,$1,$-1,$2,$2,$2,$2,$1,$4,4,$0.43,$0.43,$12,$0,$0,$15,$37,$0,$0,$0,$39,$55,$11,$0,$0,$3,$14,$0,$21,$0,$41,$55,$4,$3,$-1,$2,$0,$0,$0,$0,$1,$7,$-4,$0,$0,$0,$0,$0,$0,$-4,$0,$0,$0,$0,$0,$-1,$0,$-1,$3,$1,$-1
4,2017-09-30,12.18,$8.82,1.38,$12.89,0.95,$2.89,4.22,$0.66,18.46,$0.01B,$0.01B,1.41,$0.00B,$0.04B,0.0,$0.06B,$0.04B,75.44%,$0.06B,$0.01B,8.77%,$0.06B,$0.01B,8.77%,$0.06B,$0.01B,14.04%,$0.06B,$0.01B,8.77%,$0.06B,$0.00B,7.02%,$0.00B,$0.04B,10.60%,$0.00B,$0.04B,10.60%,$0.00B,$0.05B,7.51%,$0.01B,$0.04B,13.25%,$18,$4,$13,$0,$9,$16,$2,$0,$2,$1,$1,$1,$1,$2,$2,$4,4,$0.22,$0.22,$11,$0,$0,$14,$37,$0,$0,$0,$39,$53,$10,$0,$0,$4,$15,$0,$19,$0,$39,$53,$2,$2,$1,$2,$-0,$-0,$0,$1,$1,$6,$-3,$0,$0,$0,$0,$0,$0,$-3,$0,$0,$0,$0,$0,$-1,$0,$-0,$2,$1,$-1
5,2017-06-30,10.8,$8.64,1.25,$12.74,0.85,$2.00,5.4,$0.65,16.62,$0.02B,$0.02B,1.21,$0.00B,$0.04B,0.0,$0.06B,$0.04B,75.00%,$0.06B,$0.01B,8.93%,$0.06B,$0.01B,8.93%,$0.06B,$0.01B,14.29%,$0.06B,$0.01B,8.93%,$0.06B,$0.00B,7.14%,$0.00B,$0.04B,10.81%,$0.00B,$0.04B,10.81%,$0.00B,$0.06B,7.69%,$0.01B,$0.04B,13.51%,$16,$4,$12,$0,$8,$15,$1,$0,$1,$0,$1,$1,$1,$2,$1,$4,4,$0.16,$0.16,$15,$0,$0,$19,$37,$0,$0,$0,$39,$58,$16,$0,$0,$4,$20,$0,$18,$0,$38,$58,$1,$1,$0,$2,$-0,$-0,$1,$5,$7,$10,$-3,$0,$0,$0,$0,$0,$0,$-3,$0,$0,$0,$0,$0,$-0,$0,$-0,$7,$0,$-0
6,2017-03-31,10.3,$8.53,1.21,$12.36,0.83,$0.39,26.63,$1.02,10.1,$0.01B,$0.01B,1.35,$0.00B,$0.04B,0.0,$0.05B,$0.04B,74.07%,$0.05B,$0.01B,14.81%,$0.05B,$0.01B,14.81%,$0.05B,$0.01B,20.37%,$0.05B,$0.01B,14.81%,$0.05B,$0.01B,9.26%,$0.01B,$0.04B,13.79%,$0.01B,$0.04B,13.79%,$0.01B,$0.05B,9.90%,$0.01B,$0.04B,22.07%,$11,$2,$9,$0,$6,$11,$1,$0,$1,$0,$1,$1,$1,$2,$1,$4,4,$0.12,$0.12,$11,$0,$0,$14,$36,$0,$0,$0,$38,$52,$10,$0,$0,$4,$15,$0,$18,$0,$37,$52,$1,$1,$0,$1,$-0,$-0,$-0,$2,$2,$3,$-1,$0,$0,$0,$0,$0,$0,$-1,$0,$0,$0,$0,$0,$-0,$0,$-0,$2,$0,$-0
7,2016-12-31,9.77,$8.45,1.16,$12.19,0.8,$0.23,42.19,$0.97,10.07,$0.01B,$0.01B,1.39,$0.00B,$0.04B,0.0,$0.05B,$0.04B,73.58%,$0.05B,$0.01B,15.09%,$0.05B,$0.01B,15.09%,$0.05B,$0.01B,18.87%,$0.05B,$0.01B,15.09%,$0.05B,$0.00B,7.55%,$0.00B,$0.04B,11.27%,$0.00B,$0.04B,11.27%,$0.00B,$0.05B,8.08%,$0.01B,$0.04B,22.22%,$12,$2,$9,$0,$7,$10,$1,$0,$1,$1,$1,$1,$1,$2,$1,$4,4,$0.16,$0.16,$8,$0,$0,$12,$35,$0,$0,$0,$38,$50,$9,$0,$0,$4,$13,$0,$18,$0,$37,$50,$4,$3,$-3,$-0,$-0,$0,$0,$0,$1,$5,$-4,$0,$0,$-0,$0,$-0,$1,$-4,$-2,$0,$-2,$0,$0,$-1,$-0,$-3,$-2,$1,$-1
8,2016-09-30,9.94,$8.38,1.19,$12.05,0.82,$0.09,109.62,$1.03,9.65,$0.01B,$0.01B,1.21,$0.00B,$0.04B,0.0,$0.05B,$0.04B,75.00%,$0.05B,$0.01B,17.31%,$0.05B,$0.01B,17.31%,$0.05B,$0.01B,19.23%,$0.05B,$0.01B,17.31%,$0.05B,$0.00B,7.69%,$0.00B,$0.04B,11.59%,$0.00B,$0.04B,11.59%,$0.00B,$0.05B,8.29%,$0.01B,$0.04B,25.17%,$17,$4,$12,$0,$9,$15,$2,$0,$2,$1,$1,$1,$1,$2,$2,$4,4,$0.22,$0.21,$7,$0,$1,$11,$36,$0,$0,$0,$38,$48,$9,$0,$0,$4,$12,$0,$17,$0,$36,$48,$4,$2,$-3,$-1,$-0,$-0,$1,$-1,$0,$3,$-4,$0,$0,$0,$0,$0,$0,$-4,$-2,$0,$-2,$0,$0,$-1,$-0,$-3,$-4,$0,$-1
9,2016-06-30,10.6,$8.18,1.29,$12.16,0.87,$0.47,22.5,$1.01,10.49,$0.01B,$0.01B,1.07,$0.00B,$0.04B,0.0,$0.05B,$0.04B,75.00%,$0.05B,$0.01B,15.38%,$0.05B,$0.01B,15.38%,$0.05B,$0.01B,19.23%,$0.05B,$0.01B,15.38%,$0.05B,$0.00B,7.69%,$0.00B,$0.04B,11.94%,$0.00B,$0.04B,11.94%,$0.00B,$0.05B,8.56%,$0.01B,$0.04B,23.02%,$14,$4,$10,$0,$8,$10,$4,$-0,$4,$2,$2,$2,$2,$5,$4,$4,4,$0.53,$0.53,$12,$0,$0,$14,$35,$0,$0,$0,$38,$52,$13,$0,$0,$4,$17,$0,$17,$0,$35,$52,$3,$1,$-3,$-1,$-0,$0,$3,$-1,$2,$3,$-3,$0,$0,$0,$0,$0,$0,$-3,$-2,$0,$-2,$0,$0,$-1,$0,$-3,$-3,$0,$-1
10,2016-03-31,9.97,$7.91,1.26,$12.44,0.8,$0.47,21.12,$0.62,16.08,$0.01B,$0.01B,1.38,$0.00B,$0.03B,0.07,$0.05B,$0.04B,75.47%,$0.05B,$0.01B,9.43%,$0.05B,$0.01B,9.43%,$0.05B,$0.01B,13.21%,$0.05B,$0.01B,9.43%,$0.05B,$0.00B,5.66%,$0.00B,$0.03B,9.23%,$0.00B,$0.03B,9.23%,$0.00B,$0.05B,6.63%,$0.01B,$0.04B,14.81%,$10,$2,$8,$0,$6,$10,$1,$0,$1,$0,$0,$0,$0,$1,$1,$4,4,$0.07,$0.07,$12,$0,$0,$13,$35,$0,$0,$0,$35,$48,$10,$2,$0,$5,$14,$0,$15,$0,$34,$48,$0,$1,$-0,$1,$-0,$0,$1,$0,$2,$3,$-1,$0,$0,$0,$0,$0,$0,$-1,$-0,$0,$-0,$0,$0,$0,$0,$-0,$2,$0,$0
11,2015-12-31,9.87,$7.81,1.26,$12.35,0.8,$0.25,39.26,$0.64,15.41,$0.01B,$0.01B,1.53,$0.00B,$0.03B,0.08,$0.05B,$0.04B,75.47%,$0.05B,$0.01B,9.43%,$0.05B,$0.01B,9.43%,$0.05B,$0.01B,13.21%,$0.05B,$0.01B,9.43%,$0.05B,$0.00B,5.66%,$0.00B,$0.03B,9.45%,$0.00B,$0.03B,9.45%,$0.00B,$0.05B,6.86%,$0.01B,$0.04B,15.38%,$11,$2,$9,$0,$5,$9,$2,$0,$2,$1,$1,$1,$1,$2,$2,$4,4,$0.23,$0.22,$10,$0,$0,$11,$34,$0,$0,$0,$34,$45,$7,$3,$0,$5,$12,$0,$15,$0,$33,$45,$3,$2,$-1,$1,$0,$0,$1,$0,$0,$4,$-5,$0,$0,$-0,$0,$-0,$0,$-4,$0,$0,$0,$0,$0,$-1,$0,$-1,$-0,$0,$-1
12,2015-09-30,9.36,$7.58,1.23,$12.25,0.76,$0.01,663.49,$0.64,14.62,$0.01B,$0.01B,1.53,$0.00B,$0.03B,0.0,$0.05B,$0.04B,75.00%,$0.05B,$0.01B,9.62%,$0.05B,$0.01B,9.62%,$0.05B,$0.01B,13.46%,$0.05B,$0.01B,9.62%,$0.05B,$0.00B,5.77%,$0.00B,$0.03B,9.60%,$0.00B,$0.03B,9.60%,$0.00B,$0.04B,7.10%,$0.01B,$0.03B,16.00%,$17,$4,$12,$0,$7,$15,$1,$0,$1,$1,$1,$1,$1,$2,$1,$4,4,$0.19,$0.19,$10,$0,$1,$12,$30,$0,$0,$0,$30,$42,$8,$0,$0,$2,$10,$0,$14,$0,$32,$42,$2,$2,$-0,$1,$0,$0,$1,$-0,$1,$4,$-4,$0,$0,$-0,$0,$-0,$0,$-4,$0,$0,$0,$0,$0,$-1,$0,$-1,$-0,$0,$-1
13,2015-06-30,10.11,$7.37,1.37,$11.89,0.85,$0.12,84.22,$0.60,16.84,$0.02B,$0.01B,1.24,$0.00B,$0.03B,0.0,$0.05B,$0.04B,76.00%,$0.05B,$0.01B,10.00%,$0.05B,$0.01B,10.00%,$0.05B,$0.01B,14.00%,$0.05B,$0.01B,10.00%,$0.05B,$0.00B,6.00%,$0.00B,$0.03B,9.76%,$0.00B,$0.03B,9.76%,$0.00B,$0.05B,7.14%,$0.01B,$0.03B,16.26%,$15,$4,$11,$0,$6,$14,$1,$0,$1,$0,$1,$1,$1,$2,$1,$4,4,$0.14,$0.14,$14,$0,$0,$16,$30,$0,$0,$0,$30,$46,$13,$0,$1,$2,$15,$0,$13,$0,$31,$46,$1,$1,$-0,$1,$-0,$0,$5,$-3,$1,$3,$-3,$0,$0,$-0,$0,$-0,$0,$-3,$0,$0,$0,$0,$0,$0,$0,$0,$0,$0,$0
14,2015-03-31,9.74,$7.49,1.3,$11.67,0.83,$0.55,17.69,$0.57,17.09,$0.01B,$0.01B,1.55,$0.00B,$0.03B,0.0,$0.05B,$0.04B,75.51%,$0.05B,$0.01B,10.20%,$0.05B,$0.01B,10.20%,$0.05B,$0.01B,12.24%,$0.05B,$0.01B,10.20%,$0.05B,$0.00B,4.08%,$0.00B,$0.03B,6.61%,$0.00B,$0.03B,6.61%,$0.00B,$0.04B,4.88%,$0.01B,$0.03B,16.53%,$10,$2,$8,$0,$5,$9,$1,$0,$1,$0,$0,$0,$0,$1,$1,$4,4,$0.09,$0.09,$12,$0,$0,$13,$29,$0,$0,$0,$29,$42,$8,$0,$1,$2,$11,$0,$14,$0,$31,$42,$0,$1,$-0,$1,$-0,$0,$1,$0,$1,$2,$-1,$0,$0,$0,$0,$0,$0,$-1,$0,$0,$0,$0,$0,$0,$0,$0,$1,$0,$0
15,2014-12-31,8.97,$7.38,1.22,$11.55,0.78,$0.71,12.69,$0.58,15.47,$0.01B,$0.01B,1.89,$0.00B,$0.03B,0.0,$0.05B,$0.04B,75.00%,$0.05B,$0.01B,10.42%,$0.05B,$0.01B,10.42%,$0.05B,$0.01B,12.50%,$0.05B,$0.01B,10.42%,$0.05B,$0.00B,4.17%,$0.00B,$0.03B,6.72%,$0.00B,$0.03B,6.72%,$0.00B,$0.04B,5.00%,$0.01B,$0.03B,16.81%,$10,$2,$8,$0,$5,$9,$2,$0,$2,$1,$1,$1,$1,$2,$2,$4,4,$0.22,$0.21,$10,$0,$0,$11,$28,$0,$0,$0,$28,$39,$6,$0,$1,$2,$9,$0,$13,$0,$31,$39,$2,$2,$-0,$2,$0,$0,$-1,$0,$0,$5,$-6,$0,$0,$-0,$0,$-0,$1,$-5,$0,$0,$0,$0,$0,$0,$0,$0,$0,$0,$0
16,2014-09-30,9.83,$7.15,1.38,$11.50,0.85,$0.78,12.52,$0.45,21.84,$0.01B,$0.01B,1.59,$0.00B,$0.03B,0.0,$0.05B,$0.04B,75.00%,$0.05B,$0.00B,8.33%,$0.05B,$0.00B,8.33%,$0.05B,$0.01B,10.42%,$0.05B,$0.00B,8.33%,$0.05B,$0.00B,2.08%,$0.00B,$0.03B,3.45%,$0.00B,$0.03B,3.45%,$0.00B,$0.04B,2.53%,$0.00B,$0.03B,13.79%,$15,$4,$11,$0,$6,$14,$1,$0,$1,$0,$1,$1,$1,$2,$1,$4,4,$0.15,$0.15,$11,$0,$0,$14,$27,$0,$0,$0,$27,$41,$9,$0,$1,$2,$11,$0,$12,$0,$30,$41,$1,$2,$-0,$2,$-1,$0,$1,$1,$1,$5,$-4,$0,$0,$-0,$0,$-0,$0,$-4,$0,$0,$0,$0,$0,$0,$0,$0,$1,$0,$0
17,2014-06-30,9.68,$6.98,1.39,$11.33,0.85,$0.12,81.43,$0.34,28.48,$0.02B,$0.01B,1.52,$0.00B,$0.03B,0.0,$0.05B,$0.04B,74.47%,$0.05B,$0.00B,6.38%,$0.05B,$0.00B,6.38%,$0.05B,$0.00B,8.51%,$0.05B,$0.00B,6.38%,$0.05B,0,0.00%,$0.00B,$0.03B,0.00%,$0.00B,$0.03B,0.00%,$0.00B,$0.04B,0.00%,$0.00B,$0.03B,10.53%,$14,$4,$10,$0,$6,$13,$1,$0,$1,$0,$0,$0,$0,$1,$1,$4,4,$0.11,$0.11,$15,$0,$0,$17,$26,$0,$0,$0,$26,$42,$11,$0,$1,$2,$13,$0,$12,$0,$29,$42,$1,$1,$0,$1,$-0,$0,$4,$-3,$2,$4,$-2,$0,$0,$-0,$0,$-0,$0,$-2,$0,$0,$0,$0,$0,$0,$0,$0,$2,$0,$0
18,2014-03-31,10.81,$6.88,1.57,$11.22,0.96,$-0.72,0.0,$0.28,38.59,$0.01B,$0.01B,1.79,$0.00B,$0.03B,0.0,$0.05B,$0.04B,76.09%,$0.05B,$0.00B,4.35%,$0.05B,$0.00B,4.35%,$0.05B,$0.00B,8.70%,$0.05B,$0.00B,4.35%,$0.05B,0,0.00%,$0.00B,$0.03B,0.00%,$0.00B,$0.03B,0.00%,$0.00B,$0.04B,0.00%,$0.00B,$0.03B,7.08%,$9,$2,$7,$0,$4,$9,$1,$0,$1,$0,$0,$0,$0,$1,$1,$4,4,$0.10,$0.10,$12,$0,$0,$14,$25,$0,$0,$0,$25,$38,$8,$0,$1,$2,$10,$0,$11,$0,$29,$38,$0,$1,$-0,$1,$-0,$0,$0,$1,$1,$2,$-1,$0,$0,$0,$0,$0,$0,$-1,$0,$0,$0,$0,$0,$0,$0,$0,$1,$0,$0
19,2013-12-31,9.91,$6.77,1.47,$11.18,0.89,$-0.84,0.0,$0.25,39.66,$0.01B,$0.01B,1.8,$0.00B,$0.03B,0.0,$0.05B,$0.04B,76.09%,$0.05B,$0.00B,4.35%,$0.05B,$0.00B,4.35%,$0.05B,$0.00B,8.70%,$0.05B,$0.00B,4.35%,$0.05B,0,0.00%,$0.00B,$0.03B,0.00%,$0.00B,$0.03B,0.00%,$0.00B,$0.04B,0.00%,$0.00B,$0.03B,7.21%,$10,$2,$8,$0,$5,$9,$1,$0,$1,$0,$0,$0,$0,$1,$1,$4,4,$0.08,$0.08,$10,$0,$0,$12,$25,$0,$0,$0,$25,$37,$7,$0,$0,$2,$9,$0,$11,$0,$28,$37,$1,$2,$1,$3,$0,$0,$0,$0,$-0,$4,$-4,$0,$0,$-0,$0,$-0,$0,$-4,$0,$0,$0,$0,$0,$0,$-0,$0,$-1,$0,$0
20,2013-09-30,10.9,$6.66,1.64,$11.19,0.97,$0.04,258.41,$0.27,40.39,$0.01B,$0.01B,1.68,$0.00B,$0.03B,0.0,$0.05B,$0.04B,76.09%,$0.05B,$0.00B,4.35%,$0.05B,$0.00B,4.35%,$0.05B,$0.00B,8.70%,$0.05B,$0.00B,4.35%,$0.05B,0,0.00%,$0.00B,$0.03B,0.00%,$0.00B,$0.03B,0.00%,$0.00B,$0.04B,0.00%,$0.00B,$0.03B,7.27%,$14,$4,$10,$0,$6,$14,$0,$0,$0,$0,$0,$0,$0,$1,$0,$4,4,$0.04,$0.04,$9,$0,$1,$13,$25,$0,$0,$0,$25,$37,$7,$0,$0,$2,$10,$0,$11,$0,$28,$37,$1,$1,$1,$2,$-1,$0,$1,$-1,$-1,$2,$-4,$0,$0,$-0,$0,$-0,$0,$-4,$0,$0,$0,$0,$0,$0,$-0,$0,$-2,$0,$0
21,2013-06-30,9.46,$6.60,1.43,$11.11,0.85,$0.84,11.25,$0.28,33.79,$0.01B,$0.01B,1.5,$0.00B,$0.03B,0.0,$0.05B,$0.04B,76.09%,$0.05B,$0.00B,4.35%,$0.05B,$0.00B,4.35%,$0.05B,$0.00B,8.70%,$0.05B,$0.00B,4.35%,$0.05B,0,0.00%,$0.00B,$0.03B,0.00%,$0.00B,$0.03B,0.00%,$0.00B,$0.04B,0.00%,$0.00B,$0.03B,7.34%,$13,$4,$10,$0,$6,$13,$0,$0,$0,$0,$0,$0,$0,$1,$0,$4,4,$0.05,$0.05,$11,$0,$0,$14,$25,$0,$0,$0,$25,$39,$10,$0,$0,$2,$12,$0,$10,$0,$28,$39,$0,$1,$1,$2,$-0,$0,$4,$-3,$-0,$2,$-3,$0,$0,$0,$0,$0,$0,$-3,$0,$0,$0,$0,$0,$0,$-0,$0,$-2,$0,$0
22,2013-03-31,9.63,$6.57,1.47,$10.85,0.89,$1.50,6.42,$0.19,50.71,$0.01B,$0.01B,1.81,$0.00B,$0.03B,0.0,$0.05B,$0.03B,73.33%,$0.05B,$0.00B,4.44%,$0.05B,$0.00B,4.44%,$0.05B,$0.00B,6.67%,$0.05B,$0.00B,4.44%,$0.05B,0,0.00%,$0.00B,$0.03B,0.00%,$0.00B,$0.03B,0.00%,$0.00B,$0.04B,0.00%,$0.00B,$0.03B,7.41%,$9,$2,$7,$0,$5,$9,$1,$0,$1,$0,$0,$0,$0,$1,$1,$4,4,$0.07,$0.07,$12,$0,$0,$13,$23,$0,$0,$0,$23,$36,$7,$0,$0,$2,$9,$0,$10,$0,$27,$36,$0,$0,$0,$1,$-0,$0,$1,$0,$1,$2,$-1,$0,$0,$0,$0,$0,$0,$-1,$0,$0,$0,$0,$0,$0,$0,$0,$1,$0,$0
23,2012-12-31,9.25,$6.48,1.43,$10.96,0.84,$1.80,5.13,$0.25,37.0,$0.01B,$0.01B,1.96,$0.00B,$0.03B,0.0,$0.05B,$0.03B,73.91%,$0.05B,$0.00B,4.35%,$0.05B,$0.00B,4.35%,$0.05B,$0.00B,6.52%,$0.05B,$0.00B,4.35%,$0.05B,$0.00B,2.17%,$0.00B,$0.03B,3.67%,$0.00B,$0.03B,3.67%,$0.00B,$0.04B,2.72%,$0.00B,$0.03B,7.34%,$10,$2,$8,$0,$5,$9,$1,$0,$1,$0,$0,$0,$0,$1,$1,$4,4,$0.11,$0.10,$11,$0,$0,$13,$22,$0,$0,$0,$22,$35,$7,$0,$0,$1,$8,$0,$10,$0,$27,$35,$1,$2,$0,$2,$0,$0,$1,$1,$1,$4,$-1,$0,$0,$-0,$0,$-0,$0,$-1,$0,$0,$0,$0,$0,$-2,$0,$-2,$1,$0,$-2
24,2012-09-30,9.53,$6.61,1.44,$10.78,0.88,$1.73,5.52,$0.21,45.37,$0.01B,$0.01B,1.82,$0.00B,$0.03B,0.0,$0.05B,$0.03B,71.74%,$0.05B,$0.00B,4.35%,$0.05B,$0.00B,4.35%,$0.05B,$0.00B,6.52%,$0.05B,$0.00B,4.35%,$0.05B,$0.00B,2.17%,$0.00B,$0.03B,3.67%,$0.00B,$0.03B,3.67%,$0.00B,$0.04B,2.74%,$0.00B,$0.03B,7.34%,$14,$4,$10,$0,$6,$13,$0,$0,$0,$0,$0,$0,$0,$1,$0,$4,4,$0.05,$0.05,$11,$0,$1,$14,$22,$0,$0,$0,$23,$37,$8,$0,$0,$1,$9,$0,$11,$0,$27,$37,$1,$1,$-0,$1,$-0,$0,$1,$-0,$1,$2,$-1,$0,$0,$-0,$0,$-0,$0,$-1,$0,$0,$0,$0,$0,$-1,$0,$-1,$1,$0,$-1
25,2012-06-30,10.44,$6.54,1.59,$10.10,1.03,$1.51,6.9,$0.22,47.44,$0.02B,$0.01B,1.63,$0.00B,$0.03B,0.0,$0.04B,$0.03B,72.09%,$0.04B,$0.00B,4.65%,$0.04B,$0.00B,4.65%,$0.04B,$0.00B,4.65%,$0.04B,$0.00B,4.65%,$0.04B,$0.00B,2.33%,$0.00B,$0.03B,3.67%,$0.00B,$0.03B,3.67%,$0.00B,$0.04B,2.80%,$0.00B,$0.03B,7.34%,$12,$4,$8,$0,$6,$12,$-0,$0,$-0,$-0,$-0,$-0,$-0,$0,$-0,$4,4,$-0.04,$-0.04,$12,$0,$0,$15,$23,$0,$0,$0,$23,$38,$9,$0,$0,$1,$11,$0,$10,$0,$27,$38,$0,$1,$-0,$1,$-0,$0,$3,$-2,$1,$2,$-1,$0,$0,$-0,$0,$-0,$0,$-1,$0,$0,$0,$0,$0,$0,$0,$0,$1,$0,$0
26,2012-03-31,9.34,$6.85,1.36,$10.07,0.93,$1.93,4.84,$0.23,40.59,$0.01B,$0.01B,1.98,$0.00B,$0.03B,0.0,$0.04B,$0.03B,72.09%,$0.04B,$0.00B,4.65%,$0.04B,$0.00B,4.65%,$0.04B,$0.00B,4.65%,$0.04B,$0.00B,4.65%,$0.04B,$0.00B,2.33%,$0.00B,$0.03B,3.67%,$0.00B,$0.03B,3.67%,$0.00B,$0.04B,2.82%,$0.00B,$0.03B,7.34%,$10,$2,$8,$0,$4,$9,$1,$0,$1,$0,$1,$1,$1,$1,$1,$4,4,$0.13,$0.13,$12,$0,$0,$14,$22,$0,$0,$0,$22,$37,$7,$0,$0,$1,$8,$0,$12,$0,$28,$37,$1,$0,$-0,$0,$-0,$0,$1,$0,$1,$2,$-0,$0,$0,$0,$0,$0,$0,$-0,$0,$0,$0,$0,$0,$0,$0,$0,$2,$0,$0
27,2011-12-31,12.19,$6.70,1.82,$9.78,1.25,$1.80,6.78,$0.15,81.28,$0.01B,$0.01B,2.11,$0.00B,$0.03B,0.0,$0.04B,$0.03B,73.17%,$0.04B,$0.00B,4.88%,$0.04B,$0.00B,4.88%,$0.04B,$0.00B,4.88%,$0.04B,$0.00B,4.88%,$0.04B,0,0.00%,$0.00B,$0.03B,0.00%,$0.00B,$0.03B,0.00%,$0.00B,$0.03B,0.00%,$0.00B,$0.03B,7.41%,$10,$2,$7,$0,$6,$9,$1,$0,$1,$0,$0,$0,$0,$1,$1,$4,4,$0.07,$0.07,$10,$0,$0,$11,$23,$0,$0,$0,$23,$34,$5,$0,$0,$1,$7,$0,$11,$0,$27,$34,$0,$2,$1,$2,$-0,$0,$0,$-0,$1,$3,$-1,$0,$0,$-0,$0,$-0,$0,$-1,$0,$0,$0,$0,$0,$0,$0,$0,$3,$0,$0
28,2011-09-30,8.68,$0.00,0.0,$9.70,0.89,$-10.97,0.0,$0.12,72.33,$0.01B,$0.01B,1.89,$0.00B,$0.03B,0.0,$0.04B,$0.03B,72.50%,$0.04B,$-0.00B,-2.50%,$0.04B,$-0.00B,-2.50%,$0.04B,$2.04B,5102.50%,$0.04B,$0.00B,2.50%,$0.04B,0,0.00%,$0.00B,$0.03B,0.00%,$0.00B,$0.03B,0.00%,$0.00B,$0.03B,0.00%,$-0.00B,$0.03B,-3.70%,$11,$3,$8,$0,$5,$11,$-0,$0,$-0,$-1,$0,$0,$0,$0,$-0,$4,4,$0.06,$0.06,$8,$0,$2,$11,$43,$0,$0,$0,$43,$34,$6,$0,$0,$1,$7,$0,$11,$0,$27,$34,$0,$1,$0,$2,$-0,$0,$1,$-1,$-1,$1,$-0,$0,$0,$-0,$0,$-0,$0,$-1,$0,$0,$0,$0,$0,$0,$0,$0,$1,$0,$0
29,2011-06-30,13.5,$0.00,0.0,$9.75,1.38,$-11.70,0.0,$0.03,449.91,$0.01B,$0.01B,1.54,$0.00B,$0.03B,0.0,$0.04B,$0.03B,70.73%,$0.04B,$-0.00B,-2.44%,$0.04B,$-0.00B,-2.44%,$0.04B,$2.04B,4978.05%,$0.04B,$0.00B,2.44%,$0.04B,0,0.00%,$0.00B,$0.03B,0.00%,$0.00B,$0.03B,0.00%,$0.00B,$0.04B,0.00%,$-0.00B,$0.03B,-3.74%,$12,$3,$8,$0,$5,$12,$-0,$0,$-0,$0,$-0,$-0,$-0,$0,$-0,$4,4,$-0.09,$-0.09,$11,$0,$1,$13,$41,$0,$0,$0,$41,$37,$9,$0,$0,$1,$10,$0,$10,$0,$27,$37,$-0,$1,$0,$1,$-0,$0,$3,$-1,$2,$3,$-0,$0,$0,$-0,$0,$-0,$0,$-0,$0,$0,$0,$0,$0,$0,$0,$0,$3,$0,$0
30,2011-03-31,11.26,$0.00,0.0,$9.59,1.17,$-12.46,0.0,$-0.03,0.0,$0.01B,$0.01B,1.8,$0.00B,$0.03B,0.0,$0.04B,$0.03B,72.50%,$0.04B,$-0.00B,-2.50%,$0.04B,$-0.00B,-2.50%,$0.04B,$2.04B,5102.50%,$0.04B,0,0.00%,$0.04B,0,0.00%,$0.00B,$0.03B,0.00%,$0.00B,$0.03B,0.00%,$0.00B,$0.03B,0.00%,$-0.00B,$0.03B,-3.77%,$8,$2,$7,$0,$4,$8,$1,$0,$1,$0,$0,$0,$0,$1,$1,$4,4,$0.05,$0.05,$8,$0,$1,$10,$43,$0,$0,$0,$43,$34,$6,$0,$0,$1,$7,$0,$11,$0,$27,$34,$0,$0,$0,$1,$-0,$0,$0,$0,$1,$2,$-0,$0,$0,$-0,$0,$-0,$0,$-0,$0,$0,$0,$0,$0,$0,$0,$0,$2,$0,$0
31,2010-12-31,10.68,$6.55,1.63,$9.52,1.12,$-12.75,0.0,$-0.24,0.0,$0.01B,$0.01B,1.69,$0.00B,$0.03B,0.0,$0.04B,$0.03B,72.50%,$0.04B,$-0.00B,-2.50%,$0.04B,$-0.00B,-2.50%,$0.04B,$2.04B,5105.00%,$0.04B,$-0.00B,-5.00%,$0.04B,$-0.00B,-2.50%,$-0.00B,$0.03B,-3.77%,$-0.00B,$0.03B,-3.77%,$-0.00B,$0.03B,-2.99%,$-0.00B,$0.03B,-3.77%,$9,$3,$6,$0,$7,$11,$-2,$2,$0,$0,$0,$0,$0,$2040,$-2,$4,4,$0.04,$0.04,$7,$0,$1,$9,$43,$0,$0,$0,$43,$33,$5,$0,$0,$1,$6,$0,$11,$0,$27,$33,$-992,$2044,$2,$2044,$0,$0,$0,$-0,$-24,$2984,$-3033,$0,$0,$1,$0,$616,$0,$-2417,$0,$0,$0,$0,$143,$0,$0,$143,$710,$0,$0
32,2010-09-30,7.13,$0.00,0.0,$8.99,0.79,$-0.43,0.0,$-0.30,0.0,$0.01B,$0.01B,1.51,$0.00B,$0.03B,0.0,$0.04B,$0.03B,64.10%,$0.04B,0,0.00%,$0.04B,0,0.00%,$0.04B,$0.00B,5.13%,$0.04B,$-0.00B,-5.13%,$0.04B,$-0.00B,-2.56%,$-0.00B,$0.03B,-3.77%,$-0.00B,$0.03B,-3.77%,$-0.00B,$0.03B,-3.01%,$0.00B,$0.03B,0.00%,$12,$4,$8,$0,$8,$12,$-0,$0,$-0,$-0,$-0,$-0,$-0,$0,$-0,$4,4,$-0.03,$-0.03,$4,$0,$4,$9,$43,$0,$0,$0,$43,$33,$6,$0,$0,$1,$7,$0,$10,$0,$26,$33,$-1,$1,$0,$1,$0,$0,$0,$0,$-2,$0,$-3,$0,$0,$0,$0,$0,$0,$-2,$0,$0,$0,$0,$0,$0,$0,$0,$-2,$0,$0
33,2010-06-30,7.19,$0.00,0.0,$9.25,0.78,$0.15,48.48,$-0.27,0.0,$0.01B,$0.01B,1.12,$0.00B,$0.03B,0.0,$0.04B,$0.03B,64.10%,$0.04B,0,0.00%,$0.04B,0,0.00%,$0.04B,$0.00B,7.69%,$0.04B,$-0.00B,-5.13%,$0.04B,$-0.00B,-2.56%,$-0.00B,$0.03B,-3.74%,$-0.00B,$0.03B,-3.74%,$-0.00B,$0.04B,-3.01%,$0.00B,$0.03B,0.00%,$11,$3,$8,$0,$8,$12,$-0,$-0,$-1,$-0,$-0,$-0,$-0,$0,$-0,$4,4,$-0.09,$-0.09,$8,$0,$1,$9,$43,$0,$0,$0,$43,$35,$8,$0,$0,$0,$8,$0,$11,$0,$26,$35,$-1,$1,$0,$1,$0,$0,$0,$0,$1,$2,$-3,$0,$0,$0,$0,$-0,$0,$-3,$0,$0,$0,$0,$0,$0,$0,$0,$-0,$0,$0
34,2010-03-31,6.66,$0.00,0.0,$9.13,0.73,$0.66,10.07,$-0.22,0.0,$0.01B,$0.01B,1.3,$0.00B,$0.03B,0.0,$0.04B,$0.03B,69.23%,$0.04B,0,0.00%,$0.04B,0,0.00%,$0.04B,$0.00B,7.69%,$0.04B,$-0.00B,-2.56%,$0.04B,$-0.00B,-2.56%,$-0.00B,$0.03B,-3.70%,$-0.00B,$0.03B,-3.70%,$-0.00B,$0.03B,-2.99%,$0.00B,$0.03B,0.00%,$8,$1,$7,$0,$5,$6,$1,$-2,$-1,$-0,$-1,$-1,$-1,$2,$1,$4,4,$-0.16,$-0.16,$7,$0,$1,$8,$42,$0,$0,$0,$42,$33,$6,$0,$0,$0,$6,$0,$11,$0,$27,$33,$-1,$0,$0,$0,$0,$0,$0,$0,$1,$1,$-1,$0,$0,$0,$0,$0,$0,$-1,$0,$0,$0,$0,$0,$0,$0,$0,$0,$0,$0
35,2009-12-31,6.65,$6.79,0.98,$9.25,0.72,$0.56,11.9,$0.02,332.38,$0.01B,$0.00B,1.71,$0.00B,$0.03B,0.0,$0.04B,$0.03B,71.79%,$0.04B,0,0.00%,$0.04B,0,0.00%,$0.04B,$0.00B,5.13%,$0.04B,$0.00B,2.56%,$0.04B,0,0.00%,$0.00B,$0.03B,0.00%,$0.00B,$0.03B,0.00%,$0.00B,$0.03B,0.00%,$0.00B,$0.03B,0.00%,$8,$6,$2,$0,$2,$9,$-1,$1,$-0,$0,$-0,$-0,$-0,$-0,$-1,$5,5,$-0.02,$-0.02,$6,$0,$1,$8,$42,$0,$0,$0,$43,$32,$4,$0,$0,$0,$4,$0,$12,$0,$27,$32,$0,$2,$-54,$2,$70,$0,$-324,$-314,$-0,$2,$-1,$0,$0,$-303,$0,$-0,$0,$-1,$0,$0,$0,$405,$0,$0,$0,$0,$1,$139,$0
36,2009-09-30,6.8,$0.00,0.0,$9.83,0.69,$0.26,25.76,$0.04,170.09,$0.01B,$0.01B,1.51,$0.00B,$0.03B,0.0,$0.04B,$0.03B,65.00%,$0.04B,$-0.00B,-2.50%,$0.04B,$-0.00B,-2.50%,$0.04B,$0.00B,2.50%,$0.04B,$0.00B,2.50%,$0.04B,0,0.00%,$0.00B,$0.03B,0.00%,$0.00B,$0.03B,0.00%,$0.00B,$0.03B,0.00%,$-0.00B,$0.03B,-4.94%,$12,$4,$8,$0,$8,$12,$0,$-0,$0,$0,$0,$0,$0,$1,$0,$4,4,$0.00,$0.00,$5,$0,$3,$9,$42,$0,$0,$0,$42,$33,$6,$0,$0,$0,$6,$0,$12,$0,$27,$33,$0,$2,$0,$2,$0,$0,$0,$0,$-1,$1,$-1,$0,$0,$0,$0,$0,$0,$-1,$0,$0,$0,$0,$0,$0,$0,$0,$0,$0,$0
37,2009-06-30,6.25,$0.00,0.0,$10.10,0.62,$-0.21,0.0,$0.03,208.41,$0.01B,$0.01B,1.29,$0.00B,$0.03B,0.0,$0.04B,$0.03B,73.17%,$0.04B,$-0.00B,-2.44%,$0.04B,$-0.00B,-2.44%,$0.04B,0,0.00%,$0.04B,$0.00B,2.44%,$0.04B,0,0.00%,$0.00B,$0.03B,0.00%,$0.00B,$0.03B,0.00%,$0.00B,$0.04B,0.00%,$-0.00B,$0.03B,-4.94%,$11,$2,$10,$0,$9,$11,$-0,$-0,$-0,$-0,$-0,$-0,$-0,$-0,$-0,$4,4,$-0.04,$-0.04,$9,$0,$1,$12,$0,$0,$0,$0,$0,$36,$9,$0,$0,$0,$9,$0,$12,$0,$27,$36,$0,$1,$0,$1,$0,$0,$0,$0,$1,$2,$-1,$0,$0,$0,$0,$0,$0,$-1,$0,$0,$0,$0,$0,$0,$0,$0,$2,$0,$0
