,Date,Stock Price,Book Value per Share,Price to Book Ratio,TTM Sales per Share,Price to Sales Ratio,TTM FCF per Share,Price to FCF Ratio,TTM Net EPS,PE Ratio,Current Assets,Current Liabilities,Current Ratio,Long Term Debt,Shareholder's Equity_x,Debt to Equity Ratio,TTM Revenue_x,TTM Gross Profit,Gross Margin,TTM Revenue_y,TTM Operating Income,Operating Margin,TTM Revenue_x,TTM EBIT,EBIT Margin,TTM Revenue_y,TTM EBITDA,EBITDA Margin,TTM Revenue_x,TTM Pre-Tax Income,Pre-Tax Margin,TTM Revenue_y,TTM Net Income_x,Net Margin,TTM Net Income_y,Shareholder's Equity_y,Return on Equity,TTM Net Income_x,Tangible Equity,Return on Tangible Equity,TTM Net Income_y,Total Assets,Return on Assets,TTM Net Income,LT Investments & Debt,Return on Investment,revenue,cost-goods-sold,gross-profit,research-development-expenses,selling-general-administrative-expenses,operating-expenses,operating-income,total-non-operating-income-expense,pre-tax-income,total-provision-income-taxes,income-after-taxes,income-from-continuous-operations,net-income,ebitda,ebit,basic-shares-outstanding,shares-outstanding,eps-basic-net-earnings-per-share,eps-earnings-per-share-diluted,cash-on-hand,inventory,other-current-assets,total-current-assets,net-property-plant-equipment,long-term-investments,goodwill-intangible-assets-total,other-long-term-assets,total-long-term-assets,total-assets,total-current-liabilities,long-term-debt,other-non-current-liabilities,total-long-term-liabilities,total-liabilities,common-stock-net,retained-earnings-accumulated-deficit,comprehensive-income,total-share-holder-equity,total-liabilities-share-holders-equity,net-income-loss,total-depreciation-amortization-cash-flow,other-non-cash-items,total-non-cash-items,change-in-accounts-receivable,change-in-inventories,change-in-accounts-payable,change-in-assets-liabilities,total-change-in-assets-liabilities,cash-flow-from-operating-activities,net-change-in-property-plant-equipment,net-change-in-intangible-assets,net-acquisitions-divestitures,net-change-in-short-term-investments,net-change-in-long-term-investments,net-change-in-investments-total,investing-activities-other,cash-flow-from-investing-activities,net-long-term-debt,net-current-debt,debt-issuance-retirement-net-total,net-common-equity-issued-repurchased,net-total-equity-issued-repurchased,total-common-preferred-stock-dividends-paid,financial-activities-other,cash-flow-from-financial-activities,net-cash-flow,stock-based-compensation,common-stock-dividends-paid
0,2018-09-30,5.71,$3.72,1.53,$2.47,2.31,$-0.04,0.0,$-0.25,0.0,$0.06B,$0.02B,4.1,$0.01B,$0.06B,0.21,$0.04B,$0.03B,82.05%,$0.04B,$-0.01B,-15.38%,$0.04B,$-0.01B,-15.38%,$0.04B,$-0.00B,-7.69%,$0.04B,$-0.01B,-15.38%,$0.04B,$-0.01B,-15.38%,$-0.01B,$0.06B,-9.88%,$-0.01B,$0.04B,-15.09%,$-0.01B,$0.09B,-6.65%,$-0.01B,$0.07B,-8.30%,$8,$1,$7,$1,$7,$10,$-2,$0,$-2,$0,$-2,$-2,$-2,$-1,$-2,$16,16,$-0.11,$-0.11,$48,$6,$2,$64,$1,$0,$20,$3,$24,$87,$16,$12,$2,$14,$29,$51,$7,$0,$58,$87,$-5,$2,$1,$3,$1,$0,$0,$1,$1,$-1,$-0,$-1,$0,$-5,$0,$-5,$0,$-6,$2,$0,$2,$-2,$-2,$0,$-0,$-0,$-7,$1,$0
1,2018-06-30,6.13,$3.82,1.6,$2.63,2.33,$-0.00,0.0,$-0.30,0.0,$0.07B,$0.02B,3.96,$0.01B,$0.06B,0.2,$0.04B,$0.03B,80.95%,$0.04B,$-0.01B,-11.90%,$0.04B,$-0.01B,-11.90%,$0.04B,$-0.00B,-4.76%,$0.04B,$-0.01B,-11.90%,$0.04B,$-0.01B,-11.90%,$-0.01B,$0.06B,-8.00%,$-0.01B,$0.04B,-12.20%,$-0.01B,$0.09B,-5.49%,$-0.01B,$0.07B,-6.85%,$10,$2,$9,$1,$7,$11,$-1,$0,$-1,$0,$-1,$-1,$-1,$-0,$-1,$16,16,$-0.05,$-0.05,$51,$7,$3,$67,$1,$0,$21,$3,$24,$90,$17,$12,$2,$14,$31,$51,$9,$0,$60,$90,$-3,$1,$1,$2,$3,$-1,$0,$1,$2,$1,$-0,$-1,$0,$-10,$0,$-10,$0,$-11,$2,$0,$2,$-2,$-2,$0,$-0,$0,$-10,$1,$0
2,2018-03-31,6.68,$3.87,1.73,$2.53,2.64,$-0.14,0.0,$-0.57,0.0,$0.07B,$0.02B,4.1,$0.01B,$0.06B,0.2,$0.04B,$0.03B,78.05%,$0.04B,$-0.01B,-14.63%,$0.04B,$-0.01B,-14.63%,$0.04B,$-0.00B,-7.32%,$0.04B,$-0.01B,-14.63%,$0.04B,$-0.01B,-21.95%,$-0.01B,$0.06B,-14.06%,$-0.01B,$0.04B,-21.18%,$-0.01B,$0.09B,-9.94%,$-0.01B,$0.07B,-8.19%,$9,$2,$7,$2,$7,$11,$-2,$0,$-2,$0,$-2,$-2,$-2,$-2,$-2,$16,16,$-0.15,$-0.15,$51,$7,$3,$67,$1,$0,$21,$3,$24,$91,$16,$12,$2,$14,$30,$52,$9,$0,$61,$91,$-2,$1,$0,$1,$2,$0,$0,$1,$2,$0,$-0,$-1,$0,$-11,$0,$-11,$0,$-12,$2,$0,$2,$-1,$-1,$0,$-0,$1,$-10,$0,$0
3,2017-12-31,7.36,$4.07,1.81,$2.58,2.85,$-0.06,0.0,$-0.50,0.0,$0.07B,$0.02B,3.88,$0.01B,$0.06B,0.15,$0.04B,$0.03B,78.57%,$0.04B,$-0.01B,-11.90%,$0.04B,$-0.01B,-11.90%,$0.04B,$-0.00B,-2.38%,$0.04B,$-0.01B,-11.90%,$0.04B,$-0.01B,-19.05%,$-0.01B,$0.06B,-11.99%,$-0.01B,$0.04B,-17.78%,$-0.01B,$0.09B,-8.82%,$-0.01B,$0.07B,-6.76%,$12,$2,$9,$1,$9,$13,$-1,$0,$-1,$-0,$-1,$-1,$-1,$-0,$-1,$16,16,$-0.05,$-0.05,$50,$7,$3,$69,$1,$0,$21,$2,$25,$93,$18,$10,$2,$12,$29,$52,$12,$0,$64,$93,$-8,$3,$6,$8,$-1,$-1,$0,$-1,$-1,$-1,$-0,$-1,$0,$11,$0,$11,$0,$10,$6,$0,$6,$-4,$-4,$0,$-0,$2,$11,$1,$0
4,2017-09-30,7.06,$4.11,1.72,$2.41,2.93,$0.01,477.03,$-0.50,0.0,$0.07B,$0.02B,4.18,$0.01B,$0.07B,0.12,$0.04B,$0.03B,79.49%,$0.04B,$-0.01B,-12.82%,$0.04B,$-0.01B,-12.82%,$0.04B,$-0.00B,-2.56%,$0.04B,$-0.01B,-12.82%,$0.04B,$-0.01B,-20.51%,$-0.01B,$0.07B,-11.59%,$-0.01B,$0.04B,-16.93%,$-0.01B,$0.09B,-8.82%,$-0.01B,$0.07B,-6.69%,$11,$2,$9,$1,$8,$12,$-1,$0,$-1,$0,$-1,$-1,$-1,$-0,$-1,$16,16,$-0.05,$-0.05,$50,$6,$3,$66,$0,$0,$22,$2,$24,$90,$16,$8,$2,$10,$25,$53,$13,$0,$65,$90,$-7,$2,$5,$7,$0,$-0,$0,$-0,$0,$-0,$-0,$-1,$0,$8,$0,$8,$0,$7,$4,$0,$4,$-3,$-3,$0,$0,$1,$8,$1,$0
5,2017-06-30,7.0,$4.17,1.68,$2.23,3.13,$0.01,648.15,$-0.44,0.0,$0.06B,$0.01B,4.88,$0.01B,$0.07B,0.1,$0.04B,$0.03B,78.38%,$0.04B,$-0.00B,-10.81%,$0.04B,$-0.00B,-10.81%,$0.04B,0,0.00%,$0.04B,$-0.00B,-10.81%,$0.04B,$-0.01B,-18.92%,$-0.01B,$0.07B,-9.82%,$-0.01B,$0.05B,-14.07%,$-0.01B,$0.09B,-7.69%,$-0.00B,$0.07B,-5.26%,$9,$2,$7,$1,$7,$10,$-2,$0,$-2,$4,$-5,$-5,$-5,$-1,$-2,$16,16,$-0.32,$-0.32,$49,$6,$3,$63,$0,$0,$22,$2,$25,$88,$13,$7,$2,$8,$21,$53,$13,$0,$66,$88,$-6,$1,$5,$6,$1,$-0,$0,$0,$-1,$-1,$-0,$-1,$0,$1,$0,$1,$0,$0,$3,$0,$3,$-2,$-2,$0,$0,$1,$0,$1,$0
6,2017-03-31,6.94,$4.50,1.54,$2.15,3.23,$0.05,138.52,$-0.12,0.0,$0.06B,$0.01B,4.52,$0.00B,$0.07B,0.06,$0.04B,$0.03B,80.00%,$0.04B,$-0.00B,-5.71%,$0.04B,$-0.00B,-5.71%,$0.04B,$0.00B,2.86%,$0.04B,$-0.00B,-5.71%,$0.04B,$-0.00B,-5.71%,$-0.00B,$0.07B,-2.73%,$-0.00B,$0.05B,-3.86%,$-0.00B,$0.09B,-2.20%,$-0.00B,$0.08B,-2.59%,$10,$1,$8,$1,$7,$10,$-1,$0,$-1,$1,$-1,$-1,$-1,$0,$-1,$16,16,$-0.08,$-0.08,$50,$6,$3,$64,$1,$0,$22,$2,$28,$92,$14,$4,$1,$6,$20,$54,$18,$0,$72,$92,$-1,$1,$1,$2,$2,$-0,$0,$0,$1,$1,$-0,$-0,$0,$0,$0,$0,$0,$-0,$0,$0,$0,$-1,$-1,$0,$0,$-1,$0,$0,$0
7,2016-12-31,5.5,$4.55,1.21,$2.02,2.72,$0.00,0.0,$-0.06,0.0,$0.07B,$0.02B,4.43,$0.00B,$0.07B,0.06,$0.03B,$0.03B,81.82%,$0.03B,$-0.00B,-6.06%,$0.03B,$-0.00B,-6.06%,$0.03B,$0.00B,3.03%,$0.03B,$-0.00B,-3.03%,$0.03B,$-0.00B,-3.03%,$-0.00B,$0.07B,-1.35%,$-0.00B,$0.05B,-1.90%,$-0.00B,$0.09B,-1.11%,$-0.00B,$0.08B,-2.58%,$9,$2,$7,$1,$7,$10,$-1,$0,$-1,$-0,$-1,$-1,$-1,$-0,$-1,$16,16,$-0.05,$-0.05,$50,$5,$0,$66,$0,$0,$22,$2,$28,$93,$15,$4,$1,$5,$20,$55,$19,$0,$73,$93,$-1,$2,$3,$5,$-1,$-1,$0,$-1,$-3,$1,$-0,$-2,$0,$-1,$0,$-1,$0,$-3,$2,$0,$2,$-3,$-3,$0,$-1,$-1,$-4,$1,$0
8,2016-09-30,5.01,$4.60,1.09,$1.93,2.59,$0.31,16.23,0,0.0,$0.07B,$0.01B,5.73,$0.00B,$0.07B,0.05,$0.03B,$0.03B,81.25%,$0.03B,$-0.00B,-3.13%,$0.03B,$-0.00B,-3.13%,$0.03B,$0.00B,6.25%,$0.03B,0,0.00%,$0.03B,0,0.00%,$0.00B,$0.07B,0.00%,$0.00B,$0.05B,0.00%,$0.00B,$0.09B,0.00%,$-0.00B,$0.08B,-1.28%,$9,$2,$7,$1,$5,$9,$0,$0,$0,$0,$0,$0,$0,$1,$0,$16,17,$0.01,$0.01,$50,$5,$5,$67,$0,$0,$21,$2,$24,$91,$12,$4,$1,$5,$17,$55,$19,$0,$74,$91,$-0,$2,$2,$4,$-1,$-1,$0,$-1,$-4,$-0,$-0,$-2,$0,$0,$0,$0,$0,$-2,$2,$0,$2,$-2,$-2,$0,$-1,$-1,$-3,$1,$0
9,2016-06-30,4.5,$4.58,0.98,$1.86,2.41,$0.59,7.6,0,0.0,$0.06B,$0.01B,7.19,$0.00B,$0.07B,0.05,$0.03B,$0.03B,83.87%,$0.03B,$-0.00B,-3.23%,$0.03B,$-0.00B,-3.23%,$0.03B,$0.00B,6.45%,$0.03B,0,0.00%,$0.03B,0,0.00%,$0.00B,$0.07B,0.00%,$0.00B,$0.05B,0.00%,$0.00B,$0.09B,0.00%,$-0.00B,$0.08B,-1.28%,$7,$1,$6,$1,$5,$8,$-0,$0,$-0,$-0,$-0,$-0,$-0,$0,$-0,$16,16,$-0.00,$-0.00,$50,$5,$4,$64,$1,$0,$21,$3,$24,$88,$9,$4,$1,$5,$14,$55,$19,$0,$74,$88,$-0,$1,$2,$3,$2,$-1,$0,$0,$-3,$-1,$-0,$-1,$0,$0,$0,$0,$0,$-1,$2,$0,$2,$-2,$-2,$0,$-1,$-1,$-2,$0,$0
10,2016-03-31,4.49,$4.62,0.97,$1.93,2.33,$0.86,5.2,$0.02,224.5,$0.07B,$0.01B,5.83,$0.00B,$0.08B,0.02,$0.03B,$0.03B,84.85%,$0.03B,0,0.00%,$0.03B,0,0.00%,$0.03B,$0.00B,9.09%,$0.03B,$0.00B,3.03%,$0.03B,0,0.00%,$0.00B,$0.08B,0.00%,$0.00B,$0.05B,0.00%,$0.00B,$0.09B,0.00%,$0.00B,$0.08B,0.00%,$8,$1,$7,$1,$6,$8,$-1,$0,$-0,$-0,$-0,$-0,$-0,$0,$-1,$16,16,$-0.02,$-0.02,$51,$4,$5,$65,$1,$0,$21,$3,$24,$89,$11,$2,$1,$3,$14,$56,$19,$0,$75,$89,$-0,$1,$1,$1,$1,$0,$0,$-0,$-0,$1,$-0,$-1,$0,$-0,$0,$-0,$0,$-1,$0,$0,$0,$-1,$-1,$0,$-0,$-1,$-2,$0,$0
11,2015-12-31,5.26,$4.69,1.12,$1.95,2.7,$0.94,5.59,$0.04,131.5,$0.07B,$0.01B,5.2,$0.00B,$0.08B,0.02,$0.03B,$0.03B,85.29%,$0.03B,$0.00B,2.94%,$0.03B,$0.00B,2.94%,$0.03B,$0.00B,11.76%,$0.03B,$0.00B,2.94%,$0.03B,0,0.00%,$0.00B,$0.08B,0.00%,$0.00B,$0.06B,0.00%,$0.00B,$0.09B,0.00%,$0.00B,$0.08B,1.26%,$8,$2,$6,$0,$5,$8,$0,$0,$0,$0,$0,$0,$0,$1,$0,$17,17,$0.01,$0.01,$53,$4,$0,$65,$1,$0,$21,$2,$27,$92,$12,$2,$1,$3,$15,$57,$20,$0,$77,$92,$1,$2,$1,$3,$-1,$1,$0,$-0,$2,$6,$-0,$-3,$0,$0,$0,$0,$0,$-2,$2,$0,$2,$-5,$-5,$0,$-2,$-5,$-2,$1,$0
12,2015-09-30,5.77,$4.70,1.23,$2.00,2.88,$0.97,5.94,$0.07,82.43,$0.07B,$0.01B,5.7,$0.00B,$0.08B,0.02,$0.04B,$0.03B,88.57%,$0.04B,$0.00B,5.71%,$0.04B,$0.00B,5.71%,$0.04B,$0.01B,14.29%,$0.04B,$0.00B,5.71%,$0.04B,$0.00B,2.86%,$0.00B,$0.08B,1.26%,$0.00B,$0.06B,1.74%,$0.00B,$0.09B,1.08%,$0.00B,$0.08B,2.51%,$8,$1,$7,$1,$5,$8,$0,$0,$0,$0,$0,$0,$0,$1,$0,$17,17,$0.01,$0.01,$53,$4,$5,$68,$1,$0,$21,$3,$24,$92,$12,$2,$1,$3,$15,$58,$19,$0,$78,$92,$1,$2,$-0,$2,$-0,$1,$0,$-0,$2,$5,$-0,$-2,$0,$0,$0,$0,$0,$-2,$2,$0,$2,$-5,$-5,$0,$-1,$-4,$-2,$0,$0
13,2015-06-30,7.15,$4.71,1.52,$2.08,3.43,$0.92,7.76,$0.10,71.5,$0.07B,$0.01B,5.91,$0.00B,$0.08B,0.02,$0.04B,$0.03B,86.49%,$0.04B,$0.00B,8.11%,$0.04B,$0.00B,8.11%,$0.04B,$0.01B,16.22%,$0.04B,$0.00B,8.11%,$0.04B,$0.00B,5.41%,$0.00B,$0.08B,2.50%,$0.00B,$0.06B,3.40%,$0.00B,$0.09B,2.14%,$0.00B,$0.08B,3.74%,$9,$1,$8,$1,$6,$8,$1,$0,$1,$0,$0,$0,$0,$1,$1,$17,17,$0.02,$0.02,$53,$5,$5,$68,$1,$0,$22,$2,$25,$93,$12,$2,$1,$3,$14,$59,$19,$0,$79,$93,$0,$1,$0,$1,$-0,$1,$0,$1,$2,$4,$-0,$-3,$0,$1,$0,$1,$0,$-2,$2,$0,$2,$-3,$-3,$0,$-1,$-3,$-1,$1,$0
14,2015-03-31,6.66,$4.69,1.42,$2.11,3.16,$0.79,8.46,$0.12,55.5,$0.07B,$0.01B,5.68,$0.00B,$0.08B,0.0,$0.04B,$0.03B,84.21%,$0.04B,$0.00B,7.89%,$0.04B,$0.00B,7.89%,$0.04B,$0.01B,18.42%,$0.04B,$0.00B,7.89%,$0.04B,$0.00B,7.89%,$0.00B,$0.08B,3.73%,$0.00B,$0.06B,5.00%,$0.00B,$0.09B,3.21%,$0.00B,$0.08B,3.73%,$9,$1,$8,$2,$5,$9,$0,$0,$0,$0,$0,$0,$0,$1,$0,$17,17,$0.00,$0.00,$53,$5,$5,$68,$1,$0,$22,$2,$25,$92,$12,$0,$1,$1,$13,$61,$19,$0,$79,$92,$0,$1,$0,$1,$0,$1,$0,$0,$1,$2,$-0,$-2,$0,$1,$0,$1,$0,$-1,$0,$0,$0,$-2,$-2,$0,$0,$-2,$-1,$0,$0
15,2014-12-31,5.98,$4.72,1.27,$2.05,2.91,$0.73,8.21,$0.14,42.71,$0.07B,$0.01B,5.15,$0.00B,$0.08B,0.0,$0.04B,$0.03B,83.78%,$0.04B,$0.00B,8.11%,$0.04B,$0.00B,8.11%,$0.04B,$0.01B,18.92%,$0.04B,$0.00B,8.11%,$0.04B,$0.00B,8.11%,$0.00B,$0.08B,3.73%,$0.00B,$0.06B,4.96%,$0.00B,$0.10B,3.22%,$0.00B,$0.08B,3.73%,$9,$1,$8,$1,$6,$8,$1,$0,$1,$0,$1,$1,$1,$2,$1,$18,18,$0.04,$0.04,$55,$6,$0,$71,$1,$0,$22,$2,$25,$95,$14,$0,$1,$1,$15,$62,$19,$0,$81,$95,$2,$2,$-1,$1,$-1,$2,$0,$-1,$4,$7,$-0,$-3,$-2,$-1,$0,$-1,$0,$-6,$0,$0,$0,$-3,$-3,$0,$2,$-2,$-1,$1,$0
16,2014-09-30,4.94,$4.64,1.06,$1.98,2.5,$0.40,12.37,$0.02,247.0,$0.07B,$0.01B,5.77,$0.00B,$0.08B,0.0,$0.04B,$0.03B,80.56%,$0.04B,0,0.00%,$0.04B,0,0.00%,$0.04B,$0.00B,8.33%,$0.04B,0,0.00%,$0.04B,0,0.00%,$0.00B,$0.08B,0.00%,$0.00B,$0.06B,0.00%,$0.00B,$0.09B,0.00%,$0.00B,$0.08B,0.00%,$10,$1,$8,$1,$6,$9,$1,$0,$1,$0,$1,$1,$1,$2,$1,$18,18,$0.04,$0.04,$54,$6,$4,$70,$1,$0,$20,$3,$24,$94,$12,$0,$1,$1,$13,$63,$18,$0,$81,$94,$2,$1,$-0,$1,$-1,$1,$0,$-1,$1,$4,$-0,$-2,$-2,$-1,$0,$-1,$0,$-5,$0,$0,$0,$-2,$-2,$0,$1,$-1,$-1,$1,$0
17,2014-06-30,4.5,$4.57,0.98,$1.79,2.51,$0.23,19.35,$-0.06,0.0,$0.07B,$0.01B,5.95,$0.00B,$0.08B,0.0,$0.03B,$0.03B,78.79%,$0.03B,$-0.00B,-9.09%,$0.03B,$-0.00B,-9.09%,$0.03B,0,0.00%,$0.03B,$-0.00B,-9.09%,$0.03B,$-0.00B,-6.06%,$-0.00B,$0.08B,-2.50%,$-0.00B,$0.06B,-3.13%,$-0.00B,$0.09B,-2.20%,$-0.00B,$0.08B,-3.69%,$10,$1,$8,$1,$6,$9,$1,$0,$1,$1,$1,$1,$1,$2,$1,$18,18,$0.04,$0.04,$54,$7,$4,$71,$1,$0,$19,$3,$23,$93,$12,$0,$1,$1,$13,$64,$17,$0,$81,$93,$1,$1,$-0,$1,$-1,$0,$0,$-1,$0,$2,$-0,$-1,$-2,$-1,$0,$-1,$0,$-4,$0,$0,$0,$-1,$-1,$0,$1,$0,$-2,$0,$0
18,2014-03-31,4.5,$4.43,1.01,$1.63,2.75,$0.23,19.75,$-0.13,0.0,$0.07B,$0.01B,6.1,$0.00B,$0.08B,0.0,$0.03B,$0.02B,80.00%,$0.03B,$-0.01B,-16.67%,$0.03B,$-0.01B,-16.67%,$0.03B,$-0.00B,-10.00%,$0.03B,$-0.01B,-16.67%,$0.03B,$-0.00B,-13.33%,$-0.00B,$0.08B,-4.97%,$-0.00B,$0.06B,-6.02%,$-0.00B,$0.09B,-4.37%,$-0.01B,$0.08B,-6.01%,$8,$1,$7,$1,$6,$8,$0,$0,$0,$0,$0,$0,$0,$1,$0,$18,18,$0.02,$0.02,$53,$7,$4,$69,$1,$0,$18,$3,$22,$91,$11,$0,$1,$1,$12,$62,$17,$0,$79,$91,$0,$0,$0,$0,$-1,$-0,$0,$-0,$0,$1,$-0,$-0,$-2,$0,$0,$0,$0,$-2,$0,$0,$0,$-1,$-1,$0,$0,$-1,$-2,$0,$0
19,2013-12-31,5.11,$4.41,1.16,$1.73,2.95,$0.26,19.62,$-0.10,0.0,$0.07B,$0.01B,9.1,$0.00B,$0.08B,0.0,$0.03B,$0.03B,81.25%,$0.03B,$-0.00B,-12.50%,$0.03B,$-0.00B,-12.50%,$0.03B,$-0.00B,-6.25%,$0.03B,$-0.00B,-12.50%,$0.03B,$-0.00B,-9.38%,$-0.00B,$0.08B,-3.66%,$-0.00B,$0.06B,-4.27%,$-0.00B,$0.09B,-3.22%,$-0.00B,$0.08B,-4.66%,$8,$2,$6,$1,$7,$11,$-2,$0,$-2,$-1,$-2,$-2,$-2,$-2,$-2,$18,18,$-0.09,$-0.09,$55,$6,$0,$69,$1,$0,$15,$1,$19,$88,$8,$0,$1,$1,$8,$63,$16,$0,$79,$88,$-2,$1,$-1,$1,$1,$0,$0,$0,$2,$1,$-0,$-7,$0,$2,$0,$2,$0,$-5,$-4,$0,$-4,$-5,$-5,$0,$0,$-9,$-13,$1,$0
20,2013-09-30,4.53,$4.46,1.02,$1.98,2.29,$0.56,8.06,$0.07,64.71,$0.08B,$0.01B,14.46,$0.01B,$0.08B,0.06,$0.04B,$0.03B,84.21%,$0.04B,$0.00B,2.63%,$0.04B,$0.00B,2.63%,$0.04B,$0.00B,7.89%,$0.04B,$0.00B,2.63%,$0.04B,$0.00B,2.63%,$0.00B,$0.08B,1.19%,$0.00B,$0.07B,1.37%,$0.00B,$0.09B,1.04%,$0.00B,$0.09B,1.13%,$7,$1,$5,$1,$5,$8,$-2,$-0,$-2,$-1,$-1,$-1,$-1,$-1,$-2,$18,18,$-0.04,$-0.04,$65,$5,$3,$78,$1,$0,$11,$1,$14,$92,$5,$5,$1,$6,$11,$63,$18,$0,$81,$92,$-1,$1,$1,$2,$2,$1,$0,$-0,$-0,$1,$-0,$-3,$0,$-3,$0,$-3,$0,$-5,$1,$0,$1,$-4,$-4,$0,$-1,$-4,$-8,$0,$0
21,2013-06-30,5.11,$4.53,1.13,$2.26,2.27,$0.76,6.7,$0.21,24.33,$0.08B,$0.01B,13.53,$0.01B,$0.08B,0.07,$0.04B,$0.04B,88.64%,$0.04B,$0.01B,13.64%,$0.04B,$0.01B,13.64%,$0.04B,$0.01B,15.91%,$0.04B,$0.01B,13.64%,$0.04B,$0.00B,9.09%,$0.00B,$0.08B,4.75%,$0.00B,$0.07B,5.37%,$0.00B,$0.10B,4.11%,$0.01B,$0.09B,6.74%,$7,$1,$6,$1,$5,$8,$-1,$0,$-1,$-0,$-1,$-1,$-1,$-1,$-1,$18,18,$-0.03,$-0.03,$69,$6,$3,$82,$1,$0,$11,$1,$13,$95,$6,$6,$1,$6,$13,$83,$0,$0,$83,$95,$0,$1,$0,$1,$2,$0,$0,$0,$1,$2,$-0,$-2,$0,$-3,$0,$-3,$0,$-5,$2,$0,$2,$-3,$-3,$0,$0,$-2,$-5,$0,$0
22,2013-03-31,4.98,$4.58,1.09,$2.49,2.0,$0.82,6.06,$0.33,15.09,$0.09B,$0.01B,10.45,$0.00B,$0.09B,0.05,$0.05B,$0.04B,89.80%,$0.05B,$0.01B,18.37%,$0.05B,$0.01B,18.37%,$0.05B,$0.01B,20.41%,$0.05B,$0.01B,18.37%,$0.05B,$0.01B,14.29%,$0.01B,$0.09B,8.31%,$0.01B,$0.08B,9.27%,$0.01B,$0.10B,7.20%,$0.01B,$0.09B,10.14%,$10,$1,$9,$1,$6,$9,$1,$0,$1,$1,$1,$1,$1,$2,$1,$19,19,$0.05,$0.05,$70,$6,$4,$86,$1,$0,$10,$1,$12,$98,$8,$4,$1,$5,$13,$66,$19,$0,$85,$98,$1,$0,$-0,$0,$0,$0,$0,$0,$1,$2,$-0,$-1,$0,$-2,$0,$-2,$0,$-3,$0,$0,$0,$-2,$-2,$0,$0,$-2,$-3,$0,$0
23,2012-12-31,4.2,$4.52,0.93,$2.45,1.71,$0.86,4.86,$0.30,14.0,$0.09B,$0.01B,10.83,$0.00B,$0.09B,0.05,$0.05B,$0.04B,89.80%,$0.05B,$0.01B,18.37%,$0.05B,$0.01B,18.37%,$0.05B,$0.01B,18.37%,$0.05B,$0.01B,18.37%,$0.05B,$0.01B,12.24%,$0.01B,$0.09B,7.19%,$0.01B,$0.08B,7.95%,$0.01B,$0.10B,6.22%,$0.01B,$0.09B,10.20%,$14,$2,$12,$0,$8,$10,$3,$0,$3,$1,$2,$2,$2,$3,$3,$20,20,$0.09,$0.09,$71,$6,$0,$87,$1,$0,$9,$1,$11,$99,$8,$4,$1,$5,$13,$67,$18,$0,$86,$99,$6,$1,$-4,$-3,$1,$-0,$0,$-1,$4,$7,$-0,$-2,$0,$-17,$0,$-17,$0,$-19,$-1,$0,$-1,$-7,$-7,$0,$4,$-4,$-16,$1,$0
24,2012-09-30,6.46,$4.35,1.49,$2.40,2.7,$0.94,6.88,$0.26,24.85,$0.09B,$0.01B,10.02,$0.00B,$0.08B,0.05,$0.05B,$0.04B,89.58%,$0.05B,$0.01B,16.67%,$0.05B,$0.01B,16.67%,$0.05B,$0.01B,16.67%,$0.05B,$0.01B,16.67%,$0.05B,$0.01B,10.42%,$0.01B,$0.08B,6.04%,$0.01B,$0.08B,6.62%,$0.01B,$0.10B,5.22%,$0.01B,$0.09B,9.12%,$13,$1,$12,$2,$7,$10,$3,$0,$3,$1,$2,$2,$2,$3,$3,$19,20,$0.10,$0.10,$69,$8,$4,$87,$1,$0,$8,$1,$10,$97,$9,$4,$1,$5,$14,$67,$17,$0,$83,$97,$4,$1,$-2,$-1,$2,$-2,$0,$-2,$2,$5,$-0,$-2,$0,$-18,$0,$-18,$0,$-20,$-1,$0,$-1,$-6,$-6,$0,$2,$-5,$-20,$1,$0
25,2012-06-30,6.46,$4.22,1.53,$2.39,2.7,$1.06,6.12,$0.25,25.84,$0.09B,$0.01B,12.09,$0.00B,$0.08B,0.05,$0.05B,$0.04B,89.58%,$0.05B,$0.01B,16.67%,$0.05B,$0.01B,16.67%,$0.05B,$0.01B,16.67%,$0.05B,$0.01B,16.67%,$0.05B,$0.01B,10.42%,$0.01B,$0.08B,6.04%,$0.01B,$0.08B,6.60%,$0.01B,$0.10B,5.24%,$0.01B,$0.09B,9.12%,$12,$1,$11,$2,$8,$10,$2,$0,$2,$0,$2,$2,$2,$2,$2,$20,20,$0.09,$0.09,$71,$7,$3,$86,$1,$0,$7,$1,$9,$95,$7,$4,$1,$5,$12,$69,$15,$0,$83,$95,$2,$0,$-0,$-0,$2,$-2,$0,$-1,$1,$3,$-0,$-1,$0,$-18,$0,$-18,$0,$-19,$-1,$0,$-1,$-3,$-3,$0,$1,$-3,$-18,$0,$0
26,2012-03-31,7.5,$4.12,1.82,$2.47,3.03,$1.14,6.61,$0.27,27.78,$0.09B,$0.01B,14.01,$0.01B,$0.08B,0.06,$0.05B,$0.05B,90.00%,$0.05B,$0.01B,20.00%,$0.05B,$0.01B,20.00%,$0.05B,$0.01B,20.00%,$0.05B,$0.01B,20.00%,$0.05B,$0.01B,10.00%,$0.01B,$0.08B,6.08%,$0.01B,$0.08B,6.64%,$0.01B,$0.10B,5.24%,$0.01B,$0.09B,11.56%,$10,$1,$9,$1,$7,$10,$1,$0,$1,$0,$0,$0,$0,$1,$1,$20,20,$0.02,$0.02,$72,$6,$4,$86,$1,$0,$7,$0,$8,$95,$6,$5,$1,$7,$13,$69,$13,$0,$82,$95,$0,$0,$0,$0,$3,$-0,$0,$-0,$2,$3,$-0,$-0,$0,$-16,$0,$-16,$0,$-16,$0,$0,$0,$-2,$-2,$0,$0,$-1,$-15,$0,$0
27,2011-12-31,5.38,$4.14,1.3,$2.48,2.17,$1.05,5.11,$0.28,19.21,$0.09B,$0.01B,13.23,$0.01B,$0.08B,0.06,$0.05B,$0.05B,90.20%,$0.05B,$0.01B,19.61%,$0.05B,$0.01B,19.61%,$0.05B,$0.01B,21.57%,$0.05B,$0.01B,19.61%,$0.05B,$0.01B,11.76%,$0.01B,$0.08B,7.38%,$0.01B,$0.08B,8.08%,$0.01B,$0.10B,6.33%,$0.01B,$0.09B,11.73%,$13,$2,$11,$2,$7,$11,$2,$0,$2,$1,$1,$1,$1,$2,$2,$20,21,$0.04,$0.05,$71,$6,$0,$87,$1,$0,$7,$0,$8,$96,$7,$5,$1,$6,$13,$70,$13,$0,$83,$96,$6,$1,$0,$1,$-2,$2,$0,$-0,$2,$9,$-0,$-0,$0,$0,$0,$0,$0,$-0,$-2,$0,$-2,$-4,$-4,$0,$2,$-4,$5,$1,$0
28,2011-09-30,5.58,$4.13,1.35,$2.45,2.27,$0.63,8.84,$0.27,20.67,$0.09B,$0.01B,11.52,$0.01B,$0.08B,0.06,$0.05B,$0.05B,92.16%,$0.05B,$0.01B,19.61%,$0.05B,$0.01B,19.61%,$0.05B,$0.01B,21.57%,$0.05B,$0.01B,19.61%,$0.05B,$0.01B,11.76%,$0.01B,$0.08B,7.50%,$0.01B,$0.08B,8.25%,$0.01B,$0.10B,6.40%,$0.01B,$0.09B,11.94%,$13,$1,$12,$1,$7,$10,$3,$0,$3,$1,$2,$2,$2,$3,$3,$20,21,$0.09,$0.09,$71,$7,$3,$86,$1,$0,$7,$2,$10,$96,$7,$5,$1,$5,$13,$72,$12,$0,$83,$96,$5,$1,$-2,$-1,$1,$1,$0,$-1,$4,$8,$-0,$-0,$0,$0,$0,$0,$0,$-0,$-3,$0,$-3,$-2,$-2,$0,$3,$-2,$5,$1,$0
29,2011-06-30,5.75,$3.99,1.44,$2.40,2.39,$0.30,18.96,$0.23,25.0,$0.08B,$0.01B,7.86,$0.00B,$0.08B,0.02,$0.05B,$0.05B,92.00%,$0.05B,$0.01B,18.00%,$0.05B,$0.01B,18.00%,$0.05B,$0.01B,22.00%,$0.05B,$0.01B,18.00%,$0.05B,$0.01B,10.00%,$0.01B,$0.08B,6.41%,$0.01B,$0.07B,7.09%,$0.01B,$0.10B,5.42%,$0.01B,$0.08B,11.01%,$14,$1,$13,$1,$8,$11,$4,$-0,$4,$1,$2,$2,$2,$4,$4,$20,21,$0.11,$0.11,$70,$7,$2,$84,$1,$0,$7,$2,$10,$95,$11,$2,$1,$2,$13,$72,$10,$0,$81,$95,$3,$1,$-1,$-1,$0,$0,$0,$-0,$3,$5,$-0,$-0,$0,$0,$0,$0,$0,$-0,$-1,$0,$-1,$-1,$-1,$0,$2,$-1,$4,$0,$0
30,2011-03-31,5.53,$3.83,1.44,$2.21,2.5,$0.10,55.75,$0.13,42.54,$0.08B,$0.01B,9.27,$0.00B,$0.08B,0.05,$0.05B,$0.04B,91.49%,$0.05B,$0.01B,12.77%,$0.05B,$0.01B,12.77%,$0.05B,$0.01B,17.02%,$0.05B,$0.01B,12.77%,$0.05B,$0.00B,6.38%,$0.00B,$0.08B,3.95%,$0.00B,$0.07B,4.38%,$0.00B,$0.09B,3.23%,$0.01B,$0.08B,7.38%,$11,$1,$10,$1,$7,$9,$1,$-0,$1,$1,$1,$1,$1,$2,$1,$20,21,$0.04,$0.03,$66,$8,$2,$81,$1,$0,$7,$2,$10,$92,$9,$4,$1,$4,$13,$71,$8,$0,$78,$92,$1,$0,$0,$0,$0,$-0,$0,$0,$-0,$1,$-0,$-0,$0,$0,$0,$0,$0,$-0,$-1,$0,$-1,$-0,$-0,$0,$0,$-1,$0,$0,$0
31,2010-12-31,5.99,$3.82,1.57,$2.17,2.75,$0.07,80.08,$0.12,49.92,$0.08B,$0.01B,8.78,$0.00B,$0.08B,0.06,$0.05B,$0.04B,91.30%,$0.05B,$0.01B,13.04%,$0.05B,$0.01B,13.04%,$0.05B,$0.01B,15.22%,$0.05B,$0.01B,13.04%,$0.05B,$0.00B,4.35%,$0.00B,$0.08B,2.67%,$0.00B,$0.07B,2.97%,$0.00B,$0.09B,2.12%,$0.01B,$0.08B,7.36%,$13,$1,$12,$1,$8,$11,$2,$-0,$2,$1,$1,$1,$1,$2,$2,$20,21,$0.04,$0.04,$66,$8,$0,$81,$1,$0,$7,$0,$11,$92,$9,$4,$1,$5,$14,$71,$7,$0,$78,$92,$2,$1,$-3,$-2,$1,$-3,$0,$2,$0,$0,$-1,$-0,$0,$0,$0,$0,$0,$-1,$-13,$0,$-13,$-3,$-3,$0,$4,$-12,$-13,$1,$0
32,2010-09-30,5.81,$3.67,1.58,$2.15,2.7,$0.07,77.57,$0.09,64.56,$0.08B,$0.01B,8.06,$0.01B,$0.08B,0.07,$0.04B,$0.04B,90.91%,$0.04B,$0.01B,11.36%,$0.04B,$0.01B,11.36%,$0.04B,$0.01B,13.64%,$0.04B,$0.00B,9.09%,$0.04B,$0.00B,2.27%,$0.00B,$0.08B,1.35%,$0.00B,$0.07B,1.51%,$0.00B,$0.09B,1.03%,$0.01B,$0.08B,6.08%,$12,$1,$11,$1,$7,$10,$2,$-0,$2,$1,$1,$1,$1,$3,$2,$20,21,$0.05,$0.05,$66,$8,$2,$80,$1,$0,$8,$1,$10,$90,$10,$5,$0,$5,$15,$69,$6,$0,$75,$90,$2,$1,$-0,$0,$1,$-3,$0,$1,$-1,$1,$-0,$-0,$0,$0,$0,$0,$0,$-0,$-12,$0,$-12,$-3,$-3,$0,$1,$-14,$-13,$1,$0
33,2010-06-30,6.42,$3.60,1.78,$2.28,2.82,$0.13,49.35,$0.11,58.36,$0.09B,$0.02B,5.62,$0.01B,$0.07B,0.11,$0.05B,$0.04B,89.13%,$0.05B,$0.01B,10.87%,$0.05B,$0.01B,10.87%,$0.05B,$0.01B,13.04%,$0.05B,$0.00B,8.70%,$0.05B,$0.00B,2.17%,$0.00B,$0.07B,1.36%,$0.00B,$0.07B,1.53%,$0.00B,$0.10B,1.00%,$0.01B,$0.08B,5.93%,$11,$1,$10,$1,$8,$10,$1,$-0,$1,$0,$0,$0,$0,$1,$1,$20,21,$0.01,$0.01,$71,$8,$3,$87,$1,$0,$8,$1,$10,$97,$15,$8,$0,$8,$23,$68,$5,$0,$73,$97,$1,$0,$0,$0,$2,$-3,$0,$0,$-0,$1,$-0,$-0,$0,$0,$0,$0,$0,$-0,$-6,$0,$-6,$-2,$-2,$0,$0,$-8,$-7,$0,$0
