,Date,Stock Price,Book Value per Share,Price to Book Ratio,TTM Sales per Share,Price to Sales Ratio,TTM FCF per Share,Price to FCF Ratio,TTM Net EPS,PE Ratio,Current Assets,Current Liabilities,Current Ratio,Long Term Debt,Shareholder's Equity_x,Debt to Equity Ratio,TTM Revenue_x,TTM Gross Profit,Gross Margin,TTM Revenue_y,TTM Operating Income,Operating Margin,TTM Revenue_x,TTM EBIT,EBIT Margin,TTM Revenue_y,TTM EBITDA,EBITDA Margin,TTM Revenue_x,TTM Pre-Tax Income,Pre-Tax Margin,TTM Revenue_y,TTM Net Income_x,Net Margin,TTM Net Income_y,Shareholder's Equity_y,Return on Equity,TTM Net Income_x,Tangible Equity,Return on Tangible Equity,TTM Net Income_y,Total Assets,Return on Assets,TTM Net Income,LT Investments & Debt,Return on Investment,revenue,cost-goods-sold,gross-profit,research-development-expenses,selling-general-administrative-expenses,operating-expenses,operating-income,total-non-operating-income-expense,pre-tax-income,total-provision-income-taxes,income-after-taxes,income-from-continuous-operations,net-income,ebitda,ebit,basic-shares-outstanding,shares-outstanding,eps-basic-net-earnings-per-share,eps-earnings-per-share-diluted,cash-on-hand,inventory,other-current-assets,total-current-assets,net-property-plant-equipment,long-term-investments,goodwill-intangible-assets-total,other-long-term-assets,total-long-term-assets,total-assets,total-current-liabilities,long-term-debt,other-non-current-liabilities,total-long-term-liabilities,total-liabilities,common-stock-net,retained-earnings-accumulated-deficit,comprehensive-income,total-share-holder-equity,total-liabilities-share-holders-equity,net-income-loss,total-depreciation-amortization-cash-flow,other-non-cash-items,total-non-cash-items,change-in-accounts-receivable,change-in-inventories,change-in-accounts-payable,change-in-assets-liabilities,total-change-in-assets-liabilities,cash-flow-from-operating-activities,net-change-in-property-plant-equipment,net-change-in-intangible-assets,net-acquisitions-divestitures,net-change-in-short-term-investments,net-change-in-long-term-investments,net-change-in-investments-total,investing-activities-other,cash-flow-from-investing-activities,net-long-term-debt,net-current-debt,debt-issuance-retirement-net-total,net-common-equity-issued-repurchased,net-total-equity-issued-repurchased,total-common-preferred-stock-dividends-paid,financial-activities-other,cash-flow-from-financial-activities,net-cash-flow,stock-based-compensation,common-stock-dividends-paid
0,2018-09-30,83.9,$31.03,2.7,$42.47,1.98,$-7.42,0.0,$3.96,21.19,$0.13B,$0.43B,0.3,$0.24B,$0.51B,0.48,$0.70B,$0.30B,42.53%,$0.70B,$0.09B,12.50%,$0.70B,$0.09B,12.50%,$0.70B,$0.14B,19.54%,$0.70B,$0.07B,10.63%,$0.70B,$0.07B,9.34%,$0.07B,$0.51B,12.95%,$0.07B,$0.49B,13.61%,$0.07B,$1.51B,4.47%,$0.09B,$0.75B,11.95%,$140,$77,$63,$0,$40,$128,$12,$-4,$8,$2,$6,$6,$6,$25,$12,$16,16,$0.34,$0.34,$6,$12,$32,$129,$1263,$8,$24,$0,$1377,$1506,$427,$242,$150,$570,$997,$8,$250,$-5,$508,$1506,$39,$37,$18,$54,$33,$6,$0,$2,$35,$128,$-171,$0,$0,$0,$0,$0,$-0,$-171,$44,$17,$62,$-1,$-1,$-16,$-1,$44,$1,$3,$-16
1,2018-06-30,79.95,$31.01,2.58,$41.67,1.92,$-6.72,0.0,$4.04,19.79,$0.12B,$0.39B,0.3,$0.24B,$0.51B,0.48,$0.68B,$0.29B,42.90%,$0.68B,$0.09B,13.18%,$0.68B,$0.09B,13.18%,$0.68B,$0.14B,20.06%,$0.68B,$0.08B,11.27%,$0.68B,$0.07B,9.66%,$0.07B,$0.51B,13.45%,$0.07B,$0.48B,14.18%,$0.07B,$1.46B,4.67%,$0.09B,$0.75B,12.74%,$137,$69,$67,$0,$44,$123,$13,$-4,$9,$3,$6,$6,$6,$25,$13,$16,16,$0.39,$0.39,$5,$11,$31,$116,$1235,$7,$24,$0,$1347,$1463,$389,$242,$150,$566,$955,$8,$250,$-6,$508,$1463,$33,$24,$14,$38,$32,$10,$0,$18,$37,$108,$-126,$0,$0,$0,$0,$0,$-0,$-127,$45,$-16,$29,$-0,$-0,$-10,$-1,$17,$-1,$3,$-10
2,2018-03-31,70.01,$30.88,2.27,$40.98,1.71,$-5.13,0.0,$4.02,17.41,$0.14B,$0.37B,0.37,$0.22B,$0.51B,0.44,$0.67B,$0.29B,42.62%,$0.67B,$0.09B,13.56%,$0.67B,$0.09B,13.56%,$0.67B,$0.14B,20.42%,$0.67B,$0.08B,11.62%,$0.67B,$0.07B,9.84%,$0.07B,$0.51B,13.77%,$0.07B,$0.48B,14.48%,$0.07B,$1.43B,4.85%,$0.09B,$0.73B,13.29%,$239,$148,$91,$0,$41,$199,$40,$-4,$37,$10,$27,$27,$27,$52,$40,$16,16,$1.64,$1.64,$6,$12,$37,$138,$1177,$7,$27,$0,$1290,$1427,$374,$222,$150,$548,$922,$8,$250,$-7,$505,$1427,$27,$12,$12,$24,$10,$12,$0,$20,$16,$67,$-63,$0,$0,$0,$0,$0,$-0,$-63,$25,$-22,$3,$-0,$-0,$-5,$-1,$-3,$0,$2,$-5
3,2017-12-31,77.81,$29.75,2.62,$37.71,2.06,$-4.27,0.0,$3.55,21.92,$0.18B,$0.41B,0.43,$0.20B,$0.49B,0.41,$0.62B,$0.28B,45.22%,$0.62B,$0.09B,13.94%,$0.62B,$0.09B,13.94%,$0.62B,$0.13B,21.23%,$0.62B,$0.07B,11.83%,$0.62B,$0.06B,9.40%,$0.06B,$0.49B,12.39%,$0.06B,$0.46B,12.98%,$0.06B,$1.42B,4.41%,$0.09B,$0.68B,13.19%,$180,$105,$75,$0,$44,$158,$22,$-2,$20,$-6,$26,$26,$26,$34,$22,$16,16,$1.60,$1.59,$6,$20,$42,$179,$1126,$7,$24,$0,$1236,$1415,$413,$197,$149,$516,$929,$8,$229,$-4,$486,$1415,$58,$45,$17,$61,$-20,$-9,$0,$-7,$-9,$110,$-175,$0,$-12,$0,$0,$0,$-0,$-187,$58,$41,$99,$0,$0,$-20,$-1,$78,$1,$4,$-20
4,2017-09-30,77.2,$28.38,2.72,$35.78,2.16,$-4.53,0.0,$2.69,28.7,$0.15B,$0.34B,0.44,$0.20B,$0.46B,0.43,$0.58B,$0.27B,47.32%,$0.58B,$0.09B,14.85%,$0.58B,$0.09B,14.85%,$0.58B,$0.13B,22.28%,$0.58B,$0.07B,12.44%,$0.58B,$0.04B,7.60%,$0.04B,$0.46B,9.60%,$0.04B,$0.44B,10.03%,$0.04B,$1.35B,3.47%,$0.09B,$0.67B,13.72%,$127,$67,$60,$0,$36,$112,$15,$-3,$11,$4,$7,$7,$7,$26,$15,$16,16,$0.42,$0.42,$3,$18,$30,$149,$1086,$6,$27,$0,$1198,$1347,$339,$201,$51,$544,$883,$8,$208,$-5,$464,$1347,$32,$33,$29,$62,$13,$-8,$0,$1,$4,$98,$-130,$0,$-12,$0,$0,$0,$-0,$-141,$64,$-7,$58,$0,$0,$-15,$-1,$42,$-1,$3,$-15
5,2017-06-30,73.64,$28.25,2.61,$35.07,2.1,$-4.17,0.0,$2.56,28.76,$0.10B,$0.27B,0.38,$0.20B,$0.46B,0.44,$0.56B,$0.27B,48.21%,$0.56B,$0.08B,14.46%,$0.56B,$0.08B,14.46%,$0.56B,$0.12B,21.96%,$0.56B,$0.07B,12.14%,$0.56B,$0.04B,7.32%,$0.04B,$0.46B,9.08%,$0.04B,$0.45B,9.43%,$0.04B,$1.26B,3.37%,$0.08B,$0.66B,13.36%,$125,$65,$60,$0,$37,$111,$14,$-4,$10,$4,$6,$6,$6,$25,$14,$16,16,$0.37,$0.37,$2,$15,$21,$102,$1051,$6,$17,$0,$1155,$1257,$272,$202,$51,$523,$795,$8,$207,$-5,$462,$1257,$25,$22,$16,$38,$27,$-3,$0,$5,$33,$96,$-88,$0,$0,$0,$0,$0,$-0,$-89,$65,$-64,$0,$0,$0,$-10,$-1,$-10,$-2,$2,$-10
6,2017-03-31,67.69,$28.22,2.4,$34.10,1.99,$-4.33,0.0,$2.71,24.98,$0.12B,$0.32B,0.37,$0.14B,$0.46B,0.3,$0.54B,$0.27B,49.91%,$0.54B,$0.08B,15.46%,$0.54B,$0.08B,15.46%,$0.54B,$0.12B,22.91%,$0.54B,$0.07B,13.22%,$0.54B,$0.04B,8.01%,$0.04B,$0.46B,9.97%,$0.04B,$0.44B,10.39%,$0.04B,$1.24B,3.66%,$0.08B,$0.60B,14.53%,$185,$101,$84,$0,$40,$150,$35,$-3,$32,$13,$19,$19,$19,$46,$35,$16,16,$1.17,$1.17,$6,$9,$27,$119,$1018,$5,$17,$0,$1119,$1238,$321,$137,$51,$457,$777,$8,$206,$-4,$461,$1238,$19,$11,$10,$21,$5,$7,$0,$9,$20,$60,$-42,$0,$0,$0,$0,$0,$-0,$-42,$-0,$-11,$-11,$0,$0,$-5,$-1,$-16,$2,$1,$-5
7,2016-12-31,65.19,$27.36,2.38,$32.32,2.02,$-5.00,0.0,$2.87,22.72,$0.14B,$0.33B,0.42,$0.14B,$0.45B,0.31,$0.50B,$0.26B,52.41%,$0.50B,$0.08B,16.87%,$0.50B,$0.08B,16.87%,$0.50B,$0.12B,24.70%,$0.50B,$0.07B,14.66%,$0.50B,$0.04B,8.84%,$0.04B,$0.45B,10.74%,$0.04B,$0.43B,11.22%,$0.04B,$1.23B,3.87%,$0.08B,$0.58B,15.20%,$142,$72,$70,$0,$40,$120,$22,$-3,$19,$7,$12,$12,$12,$32,$22,$16,16,$0.73,$0.72,$4,$11,$28,$141,$987,$5,$17,$0,$1088,$1229,$334,$137,$52,$449,$783,$8,$192,$-5,$446,$1229,$45,$39,$36,$75,$-27,$-3,$0,$-9,$-16,$104,$-170,$0,$0,$0,$0,$0,$-0,$-170,$-9,$36,$27,$58,$58,$-17,$-1,$67,$1,$4,$-17
8,2016-09-30,59.19,$26.89,2.2,$30.14,1.96,$-3.36,0.0,$2.70,21.92,$0.10B,$0.26B,0.39,$0.14B,$0.44B,0.33,$0.46B,$0.25B,54.23%,$0.46B,$0.08B,16.92%,$0.46B,$0.08B,16.92%,$0.46B,$0.12B,25.38%,$0.46B,$0.07B,14.75%,$0.46B,$0.04B,8.89%,$0.04B,$0.44B,10.58%,$0.04B,$0.42B,11.07%,$0.04B,$1.14B,3.74%,$0.08B,$0.58B,14.61%,$108,$53,$56,$0,$37,$98,$10,$-3,$7,$3,$4,$4,$4,$20,$10,$15,15,$0.29,$0.29,$2,$8,$17,$102,$936,$5,$17,$0,$1038,$1141,$263,$144,$52,$439,$702,$8,$185,$-5,$438,$1141,$33,$29,$15,$43,$-4,$-2,$0,$-4,$10,$86,$-109,$0,$0,$0,$0,$0,$-0,$-110,$-3,$-19,$-21,$58,$58,$-13,$-1,$23,$-1,$3,$-13
9,2016-06-30,63.83,$24.78,2.58,$29.12,2.19,$-2.03,0.0,$2.74,23.3,$0.09B,$0.28B,0.31,$0.14B,$0.38B,0.38,$0.45B,$0.25B,55.06%,$0.45B,$0.08B,17.75%,$0.45B,$0.08B,17.75%,$0.45B,$0.12B,26.29%,$0.45B,$0.07B,15.51%,$0.45B,$0.04B,9.44%,$0.04B,$0.38B,11.47%,$0.04B,$0.36B,12.04%,$0.04B,$1.10B,3.95%,$0.08B,$0.52B,15.32%,$102,$45,$58,$0,$34,$87,$16,$-3,$13,$5,$8,$8,$8,$25,$16,$15,15,$0.52,$0.52,$3,$8,$17,$87,$909,$4,$17,$0,$1010,$1097,$284,$144,$57,$434,$717,$7,$185,$-5,$380,$1097,$28,$19,$9,$28,$2,$1,$0,$2,$22,$78,$-73,$0,$0,$0,$0,$0,$-0,$-73,$-2,$7,$4,$0,$0,$-8,$-1,$-4,$0,$2,$-8
10,2016-03-31,60.42,$24.45,2.47,$28.52,2.12,$-0.84,0.0,$2.63,22.97,$0.10B,$0.27B,0.37,$0.15B,$0.37B,0.4,$0.44B,$0.24B,54.59%,$0.44B,$0.08B,17.43%,$0.44B,$0.08B,17.43%,$0.44B,$0.12B,26.38%,$0.44B,$0.07B,15.37%,$0.44B,$0.04B,9.17%,$0.04B,$0.37B,11.14%,$0.04B,$0.36B,11.71%,$0.04B,$1.08B,3.88%,$0.08B,$0.52B,14.86%,$146,$69,$77,$0,$33,$110,$36,$-3,$34,$13,$20,$20,$20,$46,$36,$15,15,$1.33,$1.33,$3,$10,$20,$100,$881,$4,$17,$0,$982,$1082,$274,$149,$52,$433,$708,$7,$182,$-6,$374,$1082,$20,$9,$6,$15,$-4,$3,$0,$6,$9,$44,$-38,$0,$0,$0,$0,$0,$-0,$-38,$-0,$-1,$-1,$0,$0,$-4,$-1,$-6,$0,$1,$-4
11,2015-12-31,54.19,$23.45,2.31,$30.58,1.77,$1.27,42.68,$2.74,19.78,$0.11B,$0.28B,0.4,$0.15B,$0.36B,0.42,$0.46B,$0.24B,51.96%,$0.46B,$0.08B,16.96%,$0.46B,$0.08B,16.96%,$0.46B,$0.12B,25.00%,$0.46B,$0.07B,14.78%,$0.46B,$0.04B,8.91%,$0.04B,$0.36B,11.88%,$0.04B,$0.34B,12.43%,$0.04B,$1.07B,4.14%,$0.08B,$0.51B,15.61%,$105,$45,$59,$0,$35,$88,$16,$-2,$14,$5,$9,$9,$9,$26,$16,$15,15,$0.53,$0.54,$3,$10,$22,$112,$855,$4,$17,$0,$956,$1067,$280,$149,$52,$430,$709,$7,$166,$-6,$358,$1067,$41,$37,$23,$60,$17,$2,$0,$1,$3,$105,$-143,$0,$-21,$0,$0,$0,$-0,$-165,$-11,$85,$74,$1,$1,$-16,$-1,$58,$-2,$3,$-16
12,2015-09-30,50.41,$23.15,2.18,$31.92,1.58,$3.34,15.08,$2.87,17.56,$0.09B,$0.24B,0.37,$0.16B,$0.35B,0.44,$0.48B,$0.24B,49.89%,$0.48B,$0.07B,15.58%,$0.48B,$0.07B,15.58%,$0.48B,$0.12B,24.42%,$0.48B,$0.07B,14.95%,$0.48B,$0.04B,8.84%,$0.04B,$0.35B,12.71%,$0.04B,$0.34B,13.22%,$0.04B,$1.01B,4.42%,$0.07B,$0.51B,15.17%,$92,$41,$51,$0,$32,$81,$11,$-2,$8,$3,$5,$5,$5,$20,$11,$15,15,$0.34,$0.33,$4,$8,$17,$88,$819,$3,$18,$0,$921,$1008,$237,$156,$52,$418,$655,$7,$162,$-5,$353,$1008,$33,$27,$1,$28,$22,$3,$0,$4,$33,$94,$-97,$0,$-21,$0,$0,$0,$-0,$-118,$-4,$39,$35,$1,$1,$-12,$0,$24,$-1,$2,$-12
13,2015-06-30,50.83,$23.04,2.21,$32.18,1.58,$3.31,15.36,$2.76,18.42,$0.08B,$0.20B,0.39,$0.16B,$0.35B,0.45,$0.48B,$0.23B,48.84%,$0.48B,$0.07B,14.95%,$0.48B,$0.07B,14.95%,$0.48B,$0.11B,23.58%,$0.48B,$0.07B,14.32%,$0.48B,$0.04B,8.42%,$0.04B,$0.35B,12.65%,$0.04B,$0.33B,13.06%,$0.04B,$0.97B,4.40%,$0.07B,$0.51B,14.92%,$93,$41,$51,$0,$32,$80,$13,$-3,$11,$4,$6,$6,$6,$23,$13,$15,15,$0.41,$0.41,$2,$8,$16,$79,$790,$4,$18,$0,$892,$971,$200,$156,$52,$420,$619,$7,$161,$-5,$351,$971,$27,$18,$-1,$17,$20,$4,$0,$12,$36,$80,$-57,$0,$-21,$0,$0,$0,$-0,$-78,$-4,$6,$3,$0,$0,$-8,$0,$-5,$-2,$2,$-8
14,2015-03-31,47.53,$21.72,2.19,$33.00,1.44,$2.90,16.38,$2.70,17.58,$0.11B,$0.19B,0.61,$0.16B,$0.32B,0.5,$0.48B,$0.23B,47.30%,$0.48B,$0.07B,14.11%,$0.48B,$0.07B,14.11%,$0.48B,$0.11B,22.41%,$0.48B,$0.07B,13.69%,$0.48B,$0.04B,8.09%,$0.04B,$0.32B,12.89%,$0.04B,$0.31B,13.21%,$0.04B,$0.91B,4.47%,$0.07B,$0.48B,14.64%,$170,$92,$78,$0,$33,$133,$38,$-2,$35,$14,$21,$21,$21,$46,$38,$15,15,$1.45,$1.44,$16,$9,$21,$113,$709,$4,$7,$0,$800,$914,$186,$158,$53,$410,$596,$7,$159,$-6,$318,$914,$21,$9,$-0,$8,$-8,$5,$0,$19,$33,$62,$-25,$0,$0,$0,$0,$0,$-0,$-25,$-0,$-21,$-22,$0,$0,$-4,$0,$-25,$12,$1,$-4
15,2014-12-31,46.38,$20.59,2.25,$34.21,1.36,$2.27,20.43,$2.48,18.73,$0.12B,$0.19B,0.63,$0.16B,$0.30B,0.53,$0.50B,$0.22B,44.38%,$0.50B,$0.06B,12.45%,$0.50B,$0.06B,12.45%,$0.50B,$0.10B,20.48%,$0.50B,$0.06B,12.05%,$0.50B,$0.04B,7.23%,$0.04B,$0.30B,12.15%,$0.04B,$0.29B,12.45%,$0.04B,$0.90B,4.22%,$0.06B,$0.46B,13.84%,$120,$63,$57,$0,$32,$108,$12,$4,$17,$7,$10,$10,$10,$27,$12,$15,15,$0.69,$0.68,$5,$11,$24,$122,$690,$4,$7,$0,$782,$904,$194,$158,$52,$410,$604,$7,$142,$-6,$300,$904,$36,$40,$18,$58,$21,$4,$0,$-16,$-20,$74,$-81,$0,$0,$0,$0,$0,$-0,$-81,$40,$-17,$23,$-0,$-0,$-14,$0,$9,$1,$3,$-14
16,2014-09-30,38.68,$20.32,1.9,$34.41,1.12,$1.11,34.98,$2.45,15.77,$0.09B,$0.17B,0.52,$0.17B,$0.30B,0.56,$0.50B,$0.22B,43.71%,$0.50B,$0.07B,13.57%,$0.50B,$0.07B,13.57%,$0.50B,$0.10B,20.16%,$0.50B,$0.06B,11.78%,$0.50B,$0.04B,7.19%,$0.04B,$0.30B,12.37%,$0.04B,$0.29B,12.69%,$0.04B,$0.85B,4.30%,$0.07B,$0.46B,15.73%,$92,$46,$46,$0,$31,$84,$8,$-3,$5,$2,$3,$3,$3,$16,$8,$15,15,$0.22,$0.22,$2,$10,$16,$88,$679,$3,$7,$0,$759,$848,$169,$165,$56,$382,$551,$7,$136,$-2,$296,$848,$26,$25,$1,$27,$38,$4,$0,$-11,$12,$65,$-69,$0,$0,$0,$0,$0,$-0,$-69,$48,$-34,$13,$0,$0,$-11,$0,$3,$-1,$2,$-11
17,2014-06-30,43.89,$20.33,2.16,$34.09,1.29,$1.21,36.16,$2.50,17.56,$0.08B,$0.14B,0.57,$0.17B,$0.30B,0.56,$0.50B,$0.22B,43.35%,$0.50B,$0.07B,13.91%,$0.50B,$0.07B,13.91%,$0.50B,$0.10B,20.36%,$0.50B,$0.06B,12.30%,$0.50B,$0.04B,7.46%,$0.04B,$0.30B,13.01%,$0.04B,$0.29B,13.36%,$0.04B,$0.82B,4.48%,$0.07B,$0.46B,16.78%,$100,$53,$47,$0,$30,$90,$10,$-2,$9,$3,$5,$5,$5,$19,$10,$15,15,$0.35,$0.35,$3,$10,$14,$80,$661,$4,$7,$0,$741,$821,$140,$165,$57,$385,$525,$5,$139,$-2,$296,$821,$23,$17,$1,$18,$37,$6,$0,$-3,$18,$59,$-42,$0,$0,$0,$0,$0,$-0,$-43,$48,$-58,$-10,$-0,$-0,$-7,$0,$-17,$-1,$1,$-7
18,2014-03-31,38.64,$20.18,1.91,$33.69,1.15,$1.00,38.83,$2.45,15.79,$0.12B,$0.21B,0.56,$0.12B,$0.29B,0.4,$0.49B,$0.21B,43.06%,$0.49B,$0.07B,13.88%,$0.49B,$0.07B,13.88%,$0.49B,$0.10B,20.20%,$0.49B,$0.06B,12.04%,$0.49B,$0.04B,7.35%,$0.04B,$0.29B,12.96%,$0.04B,$0.29B,13.33%,$0.04B,$0.84B,4.42%,$0.07B,$0.41B,17.44%,$186,$116,$71,$0,$32,$155,$32,$-2,$29,$12,$18,$18,$18,$40,$32,$14,15,$1.22,$1.22,$5,$10,$17,$120,$643,$3,$8,$0,$723,$843,$213,$117,$56,$336,$549,$5,$138,$-3,$293,$843,$18,$8,$1,$9,$-4,$8,$0,$2,$19,$46,$-18,$0,$0,$0,$0,$0,$-0,$-19,$-0,$-22,$-22,$-0,$-0,$-3,$0,$-26,$1,$1,$-3
19,2013-12-31,36.49,$19.28,1.89,$30.56,1.19,$0.39,92.79,$2.26,16.14,$0.13B,$0.22B,0.57,$0.12B,$0.28B,0.42,$0.45B,$0.20B,44.72%,$0.45B,$0.06B,14.16%,$0.45B,$0.06B,14.16%,$0.45B,$0.09B,20.90%,$0.45B,$0.06B,12.36%,$0.45B,$0.03B,7.42%,$0.03B,$0.28B,12.15%,$0.03B,$0.27B,12.52%,$0.03B,$0.84B,4.19%,$0.06B,$0.40B,16.59%,$123,$68,$55,$0,$31,$105,$18,$-2,$16,$6,$10,$10,$10,$26,$18,$14,15,$0.67,$0.66,$3,$15,$17,$126,$631,$3,$7,$0,$711,$838,$222,$118,$53,$337,$559,$5,$124,$-3,$279,$838,$33,$30,$16,$46,$-21,$-4,$0,$-2,$-6,$73,$-97,$0,$-20,$0,$2,$2,$0,$-115,$12,$44,$56,$-1,$-1,$-13,$-0,$42,$-0,$3,$-13
20,2013-09-30,31.49,$18.68,1.69,$29.66,1.06,$1.78,17.72,$2.27,13.85,$0.10B,$0.20B,0.5,$0.11B,$0.27B,0.4,$0.43B,$0.19B,44.68%,$0.43B,$0.06B,14.81%,$0.43B,$0.06B,14.81%,$0.43B,$0.09B,21.30%,$0.43B,$0.06B,12.96%,$0.43B,$0.03B,7.64%,$0.03B,$0.27B,12.41%,$0.03B,$0.26B,12.78%,$0.03B,$0.80B,4.33%,$0.06B,$0.38B,17.27%,$87,$44,$42,$0,$27,$78,$9,$-2,$7,$3,$4,$4,$4,$16,$9,$14,15,$0.27,$0.27,$2,$11,$11,$98,$610,$3,$8,$0,$700,$798,$195,$107,$57,$333,$528,$5,$118,$-5,$270,$798,$23,$23,$11,$33,$-1,$-1,$0,$-1,$10,$66,$-68,$0,$-19,$0,$2,$2,$-0,$-86,$-2,$30,$28,$-1,$-1,$-10,$0,$18,$-2,$2,$-10
21,2013-06-30,30.43,$18.65,1.63,$29.10,1.05,$2.97,10.23,$2.23,13.67,$0.10B,$0.18B,0.53,$0.11B,$0.27B,0.4,$0.42B,$0.19B,44.68%,$0.42B,$0.06B,14.89%,$0.42B,$0.06B,14.89%,$0.42B,$0.09B,21.51%,$0.42B,$0.05B,12.77%,$0.42B,$0.03B,7.57%,$0.03B,$0.27B,12.26%,$0.03B,$0.26B,12.61%,$0.03B,$0.78B,4.34%,$0.06B,$0.38B,17.21%,$94,$51,$43,$0,$28,$85,$9,$-2,$7,$3,$4,$4,$4,$17,$9,$14,15,$0.30,$0.30,$2,$10,$9,$96,$593,$5,$8,$0,$684,$780,$181,$108,$56,$329,$510,$5,$118,$-5,$269,$780,$19,$15,$7,$21,$-6,$2,$0,$5,$13,$54,$-41,$0,$-20,$0,$0,$0,$-0,$-61,$-2,$14,$13,$-1,$-1,$-6,$0,$6,$-1,$1,$-6
22,2013-03-31,28.56,$18.57,1.54,$28.40,1.01,$4.06,7.04,$2.27,12.56,$0.09B,$0.15B,0.61,$0.10B,$0.27B,0.38,$0.41B,$0.19B,45.28%,$0.41B,$0.06B,15.50%,$0.41B,$0.06B,15.50%,$0.41B,$0.09B,22.28%,$0.41B,$0.06B,13.32%,$0.41B,$0.03B,7.99%,$0.03B,$0.27B,12.88%,$0.03B,$0.26B,13.24%,$0.03B,$0.74B,4.63%,$0.06B,$0.37B,17.70%,$141,$82,$59,$0,$27,$114,$27,$-2,$25,$10,$15,$15,$15,$34,$27,$14,15,$1.03,$1.03,$3,$9,$13,$94,$553,$5,$8,$0,$645,$738,$154,$101,$55,$317,$471,$5,$118,$-5,$268,$738,$15,$7,$2,$10,$-9,$5,$0,$6,$11,$35,$-16,$0,$-2,$0,$0,$0,$-0,$-19,$-0,$-14,$-14,$-0,$-0,$-3,$0,$-17,$-1,$1,$-3
23,2012-12-31,26.06,$17.82,1.46,$27.05,0.96,$4.28,6.09,$1.99,13.12,$0.10B,$0.16B,0.62,$0.10B,$0.26B,0.4,$0.39B,$0.18B,45.55%,$0.39B,$0.06B,14.50%,$0.39B,$0.06B,14.50%,$0.39B,$0.09B,21.63%,$0.39B,$0.05B,12.21%,$0.39B,$0.03B,7.38%,$0.03B,$0.26B,11.54%,$0.03B,$0.25B,11.86%,$0.03B,$0.73B,4.13%,$0.06B,$0.36B,15.89%,$110,$60,$49,$0,$26,$91,$19,$-2,$17,$7,$10,$10,$10,$25,$19,$14,15,$0.68,$0.68,$3,$13,$15,$101,$542,$4,$7,$0,$633,$734,$162,$102,$54,$315,$477,$5,$106,$-5,$257,$734,$29,$28,$16,$44,$22,$1,$0,$-12,$-7,$67,$-70,$0,$-0,$0,$1,$1,$-1,$-71,$-8,$26,$18,$-1,$-1,$-12,$0,$5,$1,$3,$-12
24,2012-09-30,26.75,$17.41,1.54,$26.68,1.0,$6.28,4.26,$1.86,14.38,$0.09B,$0.13B,0.66,$0.11B,$0.25B,0.43,$0.39B,$0.18B,45.22%,$0.39B,$0.05B,13.70%,$0.39B,$0.05B,13.70%,$0.39B,$0.08B,21.19%,$0.39B,$0.04B,11.37%,$0.39B,$0.03B,6.98%,$0.03B,$0.25B,10.92%,$0.03B,$0.24B,11.23%,$0.03B,$0.70B,3.88%,$0.05B,$0.36B,14.86%,$78,$40,$38,$0,$25,$71,$8,$-2,$5,$2,$3,$3,$3,$15,$8,$14,15,$0.23,$0.22,$2,$10,$12,$86,$523,$5,$7,$0,$613,$700,$131,$109,$60,$319,$449,$5,$100,$-4,$250,$700,$19,$21,$15,$37,$37,$4,$0,$-11,$9,$64,$-49,$0,$-0,$0,$0,$0,$-0,$-50,$-1,$-4,$-5,$-1,$-1,$-9,$0,$-16,$-1,$3,$-9
25,2012-06-30,24.31,$17.41,1.4,$26.86,0.9,$6.62,3.67,$1.81,13.45,$0.08B,$0.11B,0.7,$0.11B,$0.25B,0.43,$0.39B,$0.17B,43.85%,$0.39B,$0.05B,13.08%,$0.39B,$0.05B,13.08%,$0.39B,$0.08B,20.26%,$0.39B,$0.04B,11.03%,$0.39B,$0.03B,6.67%,$0.03B,$0.25B,10.64%,$0.03B,$0.24B,11.34%,$0.03B,$0.68B,3.80%,$0.05B,$0.36B,14.34%,$84,$43,$41,$0,$24,$73,$10,$-2,$8,$3,$5,$5,$5,$18,$10,$14,15,$0.35,$0.35,$2,$9,$11,$79,$510,$5,$7,$0,$601,$680,$112,$109,$59,$317,$429,$5,$100,$-4,$250,$680,$16,$14,$11,$25,$37,$5,$0,$-3,$20,$61,$-32,$0,$0,$0,$-0,$-0,$-0,$-32,$-1,$-21,$-23,$-1,$-1,$-6,$0,$-29,$-1,$2,$-6
26,2012-03-31,22.49,$17.27,1.3,$27.08,0.83,$7.35,3.06,$1.71,13.17,$0.10B,$0.13B,0.8,$0.11B,$0.25B,0.44,$0.39B,$0.17B,42.75%,$0.39B,$0.05B,12.47%,$0.39B,$0.05B,12.47%,$0.39B,$0.08B,19.08%,$0.39B,$0.04B,10.43%,$0.39B,$0.03B,6.36%,$0.03B,$0.25B,10.36%,$0.03B,$0.24B,11.45%,$0.03B,$0.69B,3.68%,$0.05B,$0.36B,13.81%,$121,$70,$51,$0,$25,$101,$20,$-2,$18,$7,$11,$11,$11,$27,$20,$14,15,$0.75,$0.74,$2,$10,$10,$103,$497,$4,$7,$0,$590,$693,$130,$110,$59,$315,$445,$5,$99,$-4,$248,$693,$11,$7,$6,$13,$10,$6,$0,$3,$11,$35,$-13,$0,$0,$0,$-0,$-0,$-0,$-13,$-0,$-19,$-19,$-0,$-0,$-3,$0,$-22,$-1,$1,$-3
27,2011-12-31,23.33,$16.78,1.39,$28.89,0.81,$7.65,3.05,$1.92,12.15,$0.13B,$0.16B,0.81,$0.11B,$0.24B,0.46,$0.42B,$0.17B,40.81%,$0.42B,$0.05B,12.89%,$0.42B,$0.05B,12.89%,$0.42B,$0.08B,18.85%,$0.42B,$0.05B,10.98%,$0.42B,$0.03B,6.68%,$0.03B,$0.24B,11.74%,$0.03B,$0.23B,13.49%,$0.03B,$0.71B,4.17%,$0.05B,$0.35B,15.56%,$104,$59,$45,$0,$24,$88,$15,$-2,$13,$5,$8,$8,$8,$22,$15,$14,14,$0.55,$0.55,$3,$15,$14,$128,$488,$4,$7,$0,$581,$709,$157,$110,$51,$311,$468,$5,$91,$-5,$241,$709,$28,$25,$20,$45,$15,$-2,$0,$-0,$-2,$71,$-46,$0,$-1,$0,$-0,$-0,$-1,$-48,$20,$-29,$-9,$-1,$-1,$-12,$0,$-22,$1,$3,$-12
28,2011-09-30,21.23,$16.56,1.28,$29.90,0.71,$7.01,3.03,$1.86,11.41,$0.11B,$0.14B,0.83,$0.12B,$0.24B,0.49,$0.43B,$0.17B,39.49%,$0.43B,$0.05B,12.24%,$0.43B,$0.05B,12.24%,$0.43B,$0.08B,17.78%,$0.43B,$0.05B,10.39%,$0.43B,$0.03B,6.24%,$0.03B,$0.24B,11.50%,$0.03B,$0.20B,13.79%,$0.03B,$0.66B,4.08%,$0.05B,$0.36B,15.67%,$81,$46,$34,$0,$24,$75,$6,$-2,$4,$1,$2,$2,$2,$12,$6,$14,14,$0.17,$0.17,$2,$11,$10,$111,$479,$4,$39,$0,$546,$658,$135,$117,$58,$285,$420,$5,$87,$-3,$238,$658,$20,$19,$16,$34,$29,$0,$0,$-3,$-1,$53,$-32,$0,$0,$0,$-0,$-0,$-1,$-33,$28,$-37,$-10,$-1,$-1,$-9,$0,$-19,$0,$2,$-9
29,2011-06-30,20.82,$16.59,1.25,$29.70,0.7,$7.62,2.73,$1.81,11.52,$0.12B,$0.14B,0.88,$0.12B,$0.24B,0.49,$0.43B,$0.17B,39.49%,$0.43B,$0.05B,12.15%,$0.43B,$0.05B,12.15%,$0.43B,$0.08B,17.52%,$0.43B,$0.04B,10.05%,$0.43B,$0.03B,6.31%,$0.03B,$0.24B,11.70%,$0.03B,$0.20B,14.08%,$0.03B,$0.66B,4.16%,$0.05B,$0.36B,15.78%,$87,$49,$38,$0,$25,$79,$8,$-2,$6,$2,$4,$4,$4,$14,$8,$14,14,$0.25,$0.25,$2,$10,$10,$120,$472,$4,$39,$0,$540,$660,$137,$117,$58,$286,$422,$5,$88,$-3,$238,$660,$17,$12,$14,$26,$14,$3,$0,$5,$17,$60,$-21,$0,$0,$0,$-0,$-0,$-0,$-21,$28,$-60,$-32,$-1,$-1,$-6,$0,$-38,$0,$1,$-6
30,2011-03-31,21.25,$16.55,1.28,$29.29,0.73,$7.94,2.68,$1.79,11.85,$0.12B,$0.17B,0.74,$0.09B,$0.24B,0.38,$0.42B,$0.17B,39.43%,$0.42B,$0.05B,12.35%,$0.42B,$0.05B,12.35%,$0.42B,$0.07B,17.58%,$0.42B,$0.04B,9.98%,$0.42B,$0.03B,6.18%,$0.03B,$0.24B,11.45%,$0.03B,$0.20B,13.83%,$0.03B,$0.66B,4.11%,$0.05B,$0.33B,16.21%,$147,$92,$54,$0,$24,$122,$25,$-2,$23,$9,$14,$14,$14,$31,$25,$14,14,$0.96,$0.95,$2,$10,$11,$122,$465,$4,$39,$0,$534,$656,$165,$90,$58,$254,$419,$5,$87,$-3,$237,$656,$14,$6,$9,$16,$7,$6,$0,$4,$5,$34,$-8,$0,$0,$0,$0,$0,$-0,$-8,$-0,$-23,$-23,$-0,$-0,$-3,$0,$-26,$0,$1,$-3
31,2010-12-31,20.87,$15.84,1.32,$29.87,0.7,$8.95,2.33,$1.82,11.47,$0.14B,$0.20B,0.7,$0.09B,$0.23B,0.4,$0.43B,$0.17B,38.88%,$0.43B,$0.05B,12.18%,$0.43B,$0.05B,12.18%,$0.43B,$0.07B,17.33%,$0.43B,$0.04B,9.84%,$0.43B,$0.03B,6.09%,$0.03B,$0.23B,11.66%,$0.03B,$0.19B,14.11%,$0.03B,$0.67B,4.21%,$0.05B,$0.32B,16.30%,$118,$72,$45,$0,$27,$104,$14,$-2,$12,$5,$7,$7,$7,$20,$14,$14,14,$0.50,$0.49,$2,$12,$17,$137,$463,$4,$39,$0,$534,$671,$198,$90,$59,$247,$445,$5,$77,$-3,$226,$671,$26,$23,$16,$39,$-20,$0,$0,$3,$-4,$61,$-46,$0,$0,$0,$-3,$-3,$-0,$-49,$-37,$34,$-3,$1,$1,$-11,$0,$-13,$-1,$3,$-11
32,2010-09-30,17.91,$15.59,1.15,$29.90,0.6,$9.59,1.87,$1.80,9.95,$0.10B,$0.15B,0.66,$0.10B,$0.22B,0.44,$0.40B,$0.16B,39.65%,$0.40B,$0.05B,12.72%,$0.40B,$0.05B,12.72%,$0.40B,$0.07B,17.96%,$0.40B,$0.04B,9.98%,$0.40B,$0.03B,6.23%,$0.03B,$0.22B,11.42%,$0.03B,$0.18B,13.85%,$0.03B,$0.61B,4.14%,$0.05B,$0.32B,16.08%,$76,$44,$32,$0,$23,$72,$5,$-2,$2,$1,$2,$2,$2,$10,$5,$14,14,$0.11,$0.11,$3,$11,$10,$97,$448,$3,$39,$0,$515,$612,$147,$97,$54,$243,$390,$5,$73,$-2,$222,$612,$19,$17,$10,$27,$23,$-0,$0,$4,$9,$55,$-26,$0,$0,$0,$-2,$-2,$-1,$-29,$-31,$13,$-18,$0,$0,$-8,$0,$-26,$-0,$0,$-8
33,2010-06-30,15.24,$15.67,0.97,$27.60,0.55,$10.26,1.49,$1.71,8.89,$0.09B,$0.13B,0.65,$0.10B,$0.22B,0.44,$0.36B,$0.14B,40.34%,$0.36B,$0.05B,13.45%,$0.36B,$0.05B,13.45%,$0.36B,$0.07B,18.77%,$0.36B,$0.04B,10.92%,$0.36B,$0.02B,6.44%,$0.02B,$0.22B,11.75%,$0.02B,$0.18B,13.79%,$0.02B,$0.59B,4.26%,$0.05B,$0.32B,16.49%,$80,$45,$35,$0,$23,$72,$8,$-2,$5,$2,$3,$3,$3,$13,$8,$14,14,$0.23,$0.23,$9,$10,$10,$85,$439,$2,$38,$0,$504,$589,$130,$98,$52,$237,$367,$5,$74,$-2,$223,$589,$17,$12,$4,$15,$26,$3,$0,$7,$25,$57,$-14,$0,$0,$0,$-0,$-0,$-0,$-14,$-30,$-1,$-31,$0,$0,$-5,$0,$-36,$6,$0,$-5
34,2010-03-31,14.15,$15.62,0.91,$25.98,0.54,$10.61,1.33,$1.56,9.07,$0.10B,$0.14B,0.7,$0.10B,$0.22B,0.45,$0.32B,$0.13B,40.57%,$0.32B,$0.04B,13.52%,$0.32B,$0.04B,13.52%,$0.32B,$0.06B,18.87%,$0.32B,$0.04B,11.01%,$0.32B,$0.02B,6.60%,$0.02B,$0.22B,12.17%,$0.02B,$0.18B,13.73%,$0.02B,$0.60B,4.37%,$0.04B,$0.32B,16.23%,$153,$99,$54,$0,$23,$128,$25,$-2,$23,$9,$14,$14,$14,$31,$25,$14,14,$0.99,$0.98,$10,$9,$12,$96,$435,$2,$39,$0,$501,$597,$138,$99,$53,$238,$376,$5,$74,$-2,$221,$597,$14,$6,$0,$6,$16,$6,$0,$8,$26,$46,$-6,$0,$0,$0,$-0,$-0,$-0,$-7,$-29,$-1,$-30,$0,$0,$-3,$0,$-32,$7,$0,$-3
35,2009-12-31,14.91,$14.89,1.0,$25.29,0.59,$10.38,1.44,$1.41,10.6,$0.12B,$0.17B,0.68,$0.10B,$0.21B,0.47,$0.27B,$0.11B,40.15%,$0.27B,$0.03B,12.64%,$0.27B,$0.03B,12.64%,$0.27B,$0.05B,17.84%,$0.27B,$0.03B,9.67%,$0.27B,$0.02B,5.95%,$0.02B,$0.21B,10.68%,$0.02B,$0.17B,11.47%,$0.02B,$0.62B,3.80%,$0.03B,$0.31B,14.21%,$92,$54,$38,$0,$21,$79,$13,$-2,$10,$4,$6,$6,$6,$18,$13,$11,11,$0.50,$0.50,$3,$11,$16,$115,$437,$2,$38,$0,$501,$616,$170,$99,$56,$236,$406,$5,$63,$-3,$210,$616,$16,$14,$14,$28,$-14,$3,$0,$-1,$2,$46,$-27,$0,$0,$0,$4,$4,$-0,$-23,$-11,$-3,$-14,$0,$0,$-8,$0,$-21,$1,$3,$-8
36,2009-09-30,14.14,$12.49,1.13,$24.04,0.59,$8.44,1.67,$1.36,10.4,$0.06B,$0.07B,0.84,$0.09B,$0.13B,0.67,$0.25B,$0.10B,38.15%,$0.25B,$0.03B,12.05%,$0.25B,$0.03B,12.05%,$0.25B,$0.04B,16.87%,$0.25B,$0.02B,9.24%,$0.25B,$0.01B,5.62%,$0.01B,$0.13B,10.94%,$0.01B,$0.13B,11.02%,$0.01B,$0.36B,3.85%,$0.03B,$0.22B,14.00%,$32,$14,$17,$0,$13,$30,$2,$-2,$1,$0,$0,$0,$0,$5,$2,$10,10,$0.03,$0.03,$1,$7,$4,$58,$292,$2,$1,$0,$302,$360,$69,$86,$27,$162,$231,$3,$60,$-4,$129,$360,$10,$9,$6,$15,$26,$2,$0,$1,$23,$47,$-20,$0,$0,$0,$0,$0,$-0,$-20,$-0,$-23,$-23,$-0,$-0,$-6,$0,$-29,$-1,$2,$-6
37,2009-06-30,14.53,$12.62,1.15,$25.83,0.56,$4.75,3.06,$1.31,11.07,$0.05B,$0.06B,0.93,$0.09B,$0.13B,0.66,$0.27B,$0.09B,35.21%,$0.27B,$0.03B,10.86%,$0.27B,$0.03B,10.86%,$0.27B,$0.04B,15.36%,$0.27B,$0.02B,8.24%,$0.27B,$0.01B,5.24%,$0.01B,$0.13B,11.07%,$0.01B,$0.13B,11.16%,$0.01B,$0.35B,3.74%,$0.03B,$0.22B,14.01%,$41,$20,$20,$0,$14,$38,$3,$-2,$1,$0,$1,$1,$1,$6,$3,$10,10,$0.08,$0.08,$2,$6,$3,$54,$287,$2,$1,$0,$296,$350,$58,$86,$27,$163,$220,$3,$62,$-4,$130,$350,$9,$6,$5,$11,$25,$5,$0,$5,$26,$47,$-12,$0,$0,$0,$0,$0,$-0,$-12,$-0,$-31,$-31,$-0,$-0,$-4,$0,$-35,$0,$2,$-4
38,2009-03-31,13.35,$12.69,1.05,$28.52,0.47,$0.81,16.58,$1.41,9.49,$0.07B,$0.07B,0.98,$0.09B,$0.13B,0.66,$0.30B,$0.10B,32.20%,$0.30B,$0.03B,10.17%,$0.30B,$0.03B,10.17%,$0.30B,$0.04B,14.24%,$0.30B,$0.02B,8.14%,$0.30B,$0.02B,5.08%,$0.02B,$0.13B,11.98%,$0.02B,$0.13B,12.05%,$0.02B,$0.36B,3.88%,$0.03B,$0.22B,14.98%,$104,$71,$33,$0,$15,$89,$16,$-2,$14,$6,$9,$9,$9,$19,$16,$10,10,$0.84,$0.83,$3,$5,$7,$69,$281,$1,$1,$0,$291,$360,$71,$86,$26,$159,$230,$3,$63,$-4,$130,$360,$9,$3,$1,$4,$9,$9,$0,$5,$18,$31,$-4,$0,$0,$0,$0,$0,$-0,$-4,$-0,$-23,$-23,$-0,$-0,$-2,$0,$-25,$2,$1,$-2
39,2008-12-31,13.42,$12.02,1.12,$28.16,0.48,$-1.52,0.0,$1.31,10.22,$0.10B,$0.11B,0.91,$0.09B,$0.12B,0.7,$0.29B,$0.09B,31.27%,$0.29B,$0.03B,9.62%,$0.29B,$0.03B,9.62%,$0.29B,$0.04B,13.75%,$0.29B,$0.02B,7.56%,$0.29B,$0.01B,4.81%,$0.01B,$0.12B,11.29%,$0.01B,$0.12B,11.36%,$0.01B,$0.39B,3.60%,$0.03B,$0.21B,14.51%,$72,$47,$25,$0,$14,$63,$9,$-2,$7,$3,$4,$4,$4,$12,$9,$10,10,$0.43,$0.43,$2,$7,$11,$96,$281,$2,$1,$0,$290,$386,$105,$86,$26,$158,$263,$3,$57,$-4,$123,$386,$14,$11,$12,$23,$19,$-2,$0,$-4,$-8,$29,$-31,$0,$0,$0,$0,$0,$-0,$-31,$-8,$17,$10,$-0,$-0,$-8,$0,$2,$-1,$1,$-8
40,2008-09-30,13.9,$12.06,1.15,$28.08,0.49,$-1.83,0.0,$1.29,10.8,$0.12B,$0.15B,0.76,$0.06B,$0.12B,0.51,$0.29B,$0.09B,31.03%,$0.29B,$0.03B,9.66%,$0.29B,$0.03B,9.66%,$0.29B,$0.04B,13.79%,$0.29B,$0.02B,7.59%,$0.29B,$0.01B,4.83%,$0.01B,$0.12B,11.36%,$0.01B,$0.12B,11.43%,$0.01B,$0.40B,3.61%,$0.03B,$0.19B,15.01%,$50,$34,$16,$0,$13,$49,$1,$-2,$-0,$-0,$-0,$-0,$-0,$4,$1,$10,10,$-0.02,$-0.02,$3,$11,$16,$115,$276,$2,$1,$0,$286,$400,$151,$63,$26,$126,$277,$3,$55,$-1,$123,$400,$9,$8,$7,$15,$19,$-7,$0,$-12,$-11,$13,$-24,$0,$0,$0,$0,$0,$-0,$-24,$-1,$18,$17,$0,$0,$-6,$0,$11,$0,$1,$-6
41,2008-06-30,10.55,$12.27,0.86,$27.31,0.39,$-1.12,0.0,$1.27,8.29,$0.12B,$0.15B,0.78,$0.06B,$0.13B,0.5,$0.28B,$0.09B,32.03%,$0.28B,$0.03B,9.96%,$0.28B,$0.03B,9.96%,$0.28B,$0.04B,14.23%,$0.28B,$0.02B,7.47%,$0.28B,$0.01B,4.98%,$0.01B,$0.13B,11.50%,$0.01B,$0.13B,11.55%,$0.01B,$0.40B,3.72%,$0.03B,$0.19B,14.99%,$69,$49,$21,$0,$13,$65,$4,$-1,$3,$1,$2,$2,$2,$7,$4,$10,10,$0.18,$0.18,$3,$9,$11,$120,$271,$2,$1,$0,$281,$401,$153,$63,$26,$123,$275,$3,$57,$-1,$125,$401,$9,$5,$2,$8,$-12,$-0,$0,$0,$-8,$10,$-15,$0,$0,$0,$0,$0,$-0,$-16,$-1,$11,$10,$0,$0,$-4,$0,$7,$1,$1,$-4
42,2008-03-31,11.89,$12.27,0.97,$25.77,0.46,$-0.09,0.0,$1.25,9.54,$0.10B,$0.12B,0.79,$0.06B,$0.13B,0.51,$0.27B,$0.09B,32.83%,$0.27B,$0.03B,10.57%,$0.27B,$0.03B,10.57%,$0.27B,$0.04B,15.09%,$0.27B,$0.02B,7.55%,$0.27B,$0.01B,4.91%,$0.01B,$0.13B,10.81%,$0.01B,$0.12B,10.88%,$0.01B,$0.37B,3.64%,$0.03B,$0.19B,14.99%,$100,$71,$29,$0,$13,$86,$14,$-2,$12,$5,$8,$8,$8,$17,$14,$10,10,$0.74,$0.73,$3,$7,$7,$95,$263,$2,$1,$0,$273,$368,$121,$63,$26,$122,$243,$3,$57,$-1,$125,$368,$8,$3,$1,$4,$0,$7,$0,$-1,$-4,$7,$-4,$0,$0,$0,$0,$0,$-0,$-5,$-1,$1,$-0,$0,$0,$-2,$0,$-2,$0,$0,$-2
43,2007-12-31,12.52,$11.76,1.06,$25.23,0.5,$0.49,25.51,$1.30,9.63,$0.11B,$0.14B,0.79,$0.06B,$0.12B,0.53,$0.26B,$0.09B,33.98%,$0.26B,$0.03B,11.20%,$0.26B,$0.03B,11.20%,$0.26B,$0.04B,15.83%,$0.26B,$0.02B,8.11%,$0.26B,$0.01B,5.02%,$0.01B,$0.12B,10.97%,$0.01B,$0.12B,11.02%,$0.01B,$0.38B,3.76%,$0.03B,$0.18B,15.53%,$71,$47,$24,$0,$13,$62,$9,$-2,$7,$3,$4,$4,$4,$12,$9,$10,10,$0.40,$0.39,$3,$9,$15,$111,$260,$2,$1,$0,$270,$382,$141,$63,$26,$121,$262,$3,$52,$-1,$120,$382,$13,$12,$3,$16,$-28,$1,$0,$1,$-3,$26,$-31,$0,$0,$0,$0,$0,$-0,$-31,$-8,$18,$10,$0,$0,$-7,$0,$4,$-2,$2,$-7
44,2007-09-30,13.1,$11.57,1.13,$24.93,0.53,$-1.01,0.0,$1.31,9.97,$0.09B,$0.11B,0.81,$0.07B,$0.12B,0.6,$0.25B,$0.09B,34.14%,$0.25B,$0.03B,11.24%,$0.25B,$0.03B,11.24%,$0.25B,$0.04B,16.06%,$0.25B,$0.02B,8.43%,$0.25B,$0.01B,5.22%,$0.01B,$0.12B,11.18%,$0.01B,$0.12B,11.23%,$0.01B,$0.35B,3.92%,$0.03B,$0.19B,15.01%,$41,$26,$16,$0,$12,$40,$1,$-2,$-1,$-0,$-0,$-0,$-0,$4,$1,$10,10,$-0.03,$-0.03,$1,$10,$17,$88,$255,$2,$1,$0,$265,$353,$109,$70,$26,$126,$235,$3,$49,$-0,$117,$353,$9,$9,$2,$11,$2,$-1,$0,$0,$-1,$20,$-23,$0,$0,$0,$0,$0,$-0,$-23,$-1,$6,$5,$0,$0,$-5,$0,$-0,$-4,$2,$-5
45,2007-06-30,12.97,$11.75,1.1,$24.76,0.52,$-1.76,0.0,$1.27,10.18,$0.07B,$0.08B,0.8,$0.07B,$0.12B,0.59,$0.24B,$0.08B,33.74%,$0.24B,$0.03B,11.11%,$0.24B,$0.03B,11.11%,$0.24B,$0.04B,16.05%,$0.24B,$0.02B,8.64%,$0.24B,$0.01B,4.94%,$0.01B,$0.12B,10.98%,$0.01B,$0.12B,11.06%,$0.01B,$0.33B,3.76%,$0.03B,$0.19B,15.34%,$53,$34,$18,$0,$12,$49,$4,$-1,$2,$1,$1,$1,$1,$7,$4,$10,10,$0.15,$0.15,$1,$8,$6,$66,$251,$2,$1,$0,$260,$325,$82,$70,$25,$124,$206,$3,$52,$-0,$119,$325,$9,$6,$2,$8,$7,$3,$0,$1,$3,$21,$-16,$0,$0,$0,$0,$0,$-0,$-16,$-1,$-4,$-5,$0,$0,$-3,$0,$-8,$-4,$1,$-3
46,2007-03-31,11.52,$11.75,0.98,$24.60,0.47,$-1.55,0.0,$1.25,9.19,$0.07B,$0.08B,0.85,$0.07B,$0.12B,0.59,$0.23B,$0.08B,34.19%,$0.23B,$0.03B,11.11%,$0.23B,$0.03B,11.11%,$0.23B,$0.04B,16.24%,$0.23B,$0.02B,8.97%,$0.23B,$0.01B,5.13%,$0.01B,$0.12B,11.74%,$0.01B,$0.12B,11.82%,$0.01B,$0.32B,3.91%,$0.03B,$0.19B,15.66%,$94,$64,$30,$0,$13,$79,$15,$-2,$13,$5,$8,$8,$8,$18,$15,$10,10,$0.79,$0.79,$4,$6,$8,$70,$246,$2,$1,$0,$253,$323,$82,$70,$24,$123,$205,$3,$52,$-0,$118,$323,$8,$3,$-1,$2,$-1,$8,$0,$2,$7,$17,$-8,$0,$0,$0,$0,$0,$-0,$-8,$-1,$-6,$-7,$0,$0,$-2,$0,$-9,$-0,$0,$-2
47,2006-12-31,11.19,$11.08,1.01,$25.48,0.44,$-0.97,0.0,$1.14,9.82,$0.08B,$0.09B,0.86,$0.07B,$0.11B,0.64,$0.23B,$0.08B,32.47%,$0.23B,$0.02B,9.52%,$0.23B,$0.02B,9.52%,$0.23B,$0.03B,14.72%,$0.23B,$0.02B,7.79%,$0.23B,$0.01B,4.33%,$0.01B,$0.11B,10.47%,$0.01B,$0.11B,10.58%,$0.01B,$0.33B,3.39%,$0.02B,$0.18B,14.10%,$61,$40,$21,$0,$11,$52,$8,$-1,$7,$3,$4,$4,$4,$11,$8,$9,9,$0.42,$0.42,$4,$9,$7,$77,$241,$2,$1,$0,$248,$325,$90,$71,$24,$123,$214,$3,$46,$-0,$111,$325,$11,$11,$0,$11,$10,$0,$0,$8,$8,$30,$-49,$0,$0,$0,$0,$0,$-0,$-49,$15,$-8,$7,$20,$20,$-6,$0,$21,$2,$1,$-6
