,Date,Stock Price,Book Value per Share,Price to Book Ratio,TTM Sales per Share,Price to Sales Ratio,TTM FCF per Share,Price to FCF Ratio,TTM Net EPS,PE Ratio,Current Assets,Current Liabilities,Current Ratio,Long Term Debt,Shareholder's Equity_x,Debt to Equity Ratio,TTM Revenue_x,TTM Gross Profit,Gross Margin,TTM Revenue_y,TTM Operating Income,Operating Margin,TTM Revenue_x,TTM EBIT,EBIT Margin,TTM Revenue_y,TTM EBITDA,EBITDA Margin,TTM Revenue_x,TTM Pre-Tax Income,Pre-Tax Margin,TTM Revenue_y,TTM Net Income_x,Net Margin,TTM Net Income_y,Shareholder's Equity_y,Return on Equity,TTM Net Income_x,Tangible Equity,Return on Tangible Equity,TTM Net Income_y,Total Assets,Return on Assets,TTM Net Income,LT Investments & Debt,Return on Investment,revenue,cost-goods-sold,gross-profit,research-development-expenses,selling-general-administrative-expenses,operating-expenses,operating-income,total-non-operating-income-expense,pre-tax-income,total-provision-income-taxes,income-after-taxes,income-from-continuous-operations,net-income,ebitda,ebit,basic-shares-outstanding,shares-outstanding,eps-basic-net-earnings-per-share,eps-earnings-per-share-diluted,cash-on-hand,inventory,other-current-assets,total-current-assets,net-property-plant-equipment,long-term-investments,goodwill-intangible-assets-total,other-long-term-assets,total-long-term-assets,total-assets,total-current-liabilities,long-term-debt,other-non-current-liabilities,total-long-term-liabilities,total-liabilities,common-stock-net,retained-earnings-accumulated-deficit,comprehensive-income,total-share-holder-equity,total-liabilities-share-holders-equity,net-income-loss,total-depreciation-amortization-cash-flow,other-non-cash-items,total-non-cash-items,change-in-accounts-receivable,change-in-inventories,change-in-accounts-payable,change-in-assets-liabilities,total-change-in-assets-liabilities,cash-flow-from-operating-activities,net-change-in-property-plant-equipment,net-change-in-intangible-assets,net-acquisitions-divestitures,net-change-in-short-term-investments,net-change-in-long-term-investments,net-change-in-investments-total,investing-activities-other,cash-flow-from-investing-activities,net-long-term-debt,net-current-debt,debt-issuance-retirement-net-total,net-common-equity-issued-repurchased,net-total-equity-issued-repurchased,total-common-preferred-stock-dividends-paid,financial-activities-other,cash-flow-from-financial-activities,net-cash-flow,stock-based-compensation,common-stock-dividends-paid
0,2018-09-30,2.78,$0.00,0.0,$2.13,1.3,$1.81,1.54,$-0.14,0.0,$0.07B,$0.13B,0.54,$0.40B,$0.00B,0.0,$0.27B,$0.13B,49.07%,$0.27B,$0.02B,7.43%,$0.27B,$0.02B,7.43%,$0.27B,$0.11B,40.89%,$0.27B,$-0.01B,-2.60%,$0.27B,$-0.02B,-6.69%,$-0.02B,$0.88B,-1.97%,$-0.02B,$0.88B,-1.97%,$-0.02B,$1.41B,-1.24%,$0.02B,$1.28B,1.51%,$73,$41,$33,$0,$1,$89,$-16,$-7,$-23,$0,$-23,$-23,$-25,$7,$-16,$127,127,$-0.20,$-0.20,$29,$8,$11,$68,$1247,$0,$0,$91,$1340,$1408,$126,$401,$0,$401,$527,$0,$0,$0,$881,$1408,$-13,$70,$29,$99,$-10,$-3,$5,$-8,$-13,$72,$-12,$0,$0,$0,$0,$0,$0,$-12,$-55,$0,$-55,$0,$0,$-39,$-0,$-94,$-34,$0,$-39
1,2018-06-30,2.98,$0.00,0.0,$2.06,1.45,$2.07,1.44,$0.06,49.69,$0.06B,$0.12B,0.47,$0.42B,$0.00B,0.0,$0.26B,$0.14B,52.51%,$0.26B,$0.05B,20.46%,$0.26B,$0.05B,20.46%,$0.26B,$0.14B,55.21%,$0.26B,$0.03B,10.04%,$0.26B,$0.01B,5.41%,$0.01B,$0.92B,2.02%,$0.01B,$0.92B,2.02%,$0.01B,$1.46B,1.27%,$0.05B,$1.34B,5.28%,$66,$35,$31,$0,$1,$55,$11,$-7,$4,$0,$4,$4,$1,$34,$11,$127,127,$0.01,$0.01,$33,$10,$0,$55,$1304,$0,$0,$95,$1401,$1457,$119,$420,$0,$421,$540,$0,$0,$0,$917,$1457,$9,$46,$0,$47,$-2,$-5,$6,$-8,$-8,$48,$-11,$0,$0,$0,$0,$0,$0,$-11,$-41,$0,$-41,$0,$0,$-26,$-0,$-67,$-30,$0,$-26
2,2018-03-31,2.96,$0.00,0.0,$2.05,1.45,$2.27,1.3,$0.11,26.94,$0.09B,$0.13B,0.65,$0.42B,$0.00B,0.0,$0.26B,$0.14B,55.29%,$0.26B,$0.06B,22.75%,$0.26B,$0.06B,22.75%,$0.26B,$0.15B,58.04%,$0.26B,$0.03B,12.55%,$0.26B,$0.02B,7.84%,$0.02B,$0.93B,2.87%,$0.02B,$0.93B,2.87%,$0.02B,$1.48B,1.77%,$0.06B,$1.34B,5.65%,$66,$34,$32,$0,$2,$54,$12,$-6,$5,$0,$5,$5,$2,$34,$12,$127,127,$0.02,$0.02,$41,$6,$29,$86,$1291,$0,$0,$99,$1392,$1478,$131,$417,$0,$421,$552,$0,$0,$0,$926,$1478,$5,$23,$0,$23,$-2,$-0,$1,$1,$0,$29,$-24,$0,$0,$0,$0,$0,$0,$-24,$-13,$0,$-13,$0,$0,$-13,$-0,$-26,$-22,$0,$-13
3,2017-12-31,3.12,$0.00,0.0,$2.02,1.54,$2.49,1.25,$0.17,18.32,$0.11B,$0.12B,0.86,$0.40B,$0.00B,0.0,$0.25B,$0.15B,59.04%,$0.25B,$0.06B,25.70%,$0.25B,$0.06B,25.70%,$0.25B,$0.16B,62.25%,$0.25B,$0.04B,15.66%,$0.25B,$0.03B,10.84%,$0.03B,$0.93B,3.86%,$0.03B,$0.93B,3.86%,$0.03B,$1.47B,2.32%,$0.06B,$1.34B,6.07%,$64,$28,$36,$0,$2,$51,$13,$-6,$7,$0,$7,$7,$4,$35,$13,$124,124,$0.03,$0.03,$63,$5,$29,$105,$1265,$0,$0,$94,$1361,$1466,$123,$404,$0,$410,$533,$0,$0,$0,$933,$1466,$38,$90,$4,$95,$-2,$-1,$3,$-14,$-6,$127,$-2,$0,$0,$0,$0,$0,$0,$-2,$-129,$0,$-129,$18,$18,$-52,$-5,$-168,$-43,$0,$-52
4,2017-09-30,3.17,$0.00,0.0,$2.03,1.56,$2.02,1.57,$0.23,13.78,$0.00B,$0.00B,0.0,$0.00B,$0.00B,0.0,$0.25B,$0.15B,60.73%,$0.25B,$0.07B,28.34%,$0.25B,$0.07B,28.34%,$0.25B,$0.16B,65.59%,$0.25B,$0.05B,18.62%,$0.25B,$0.03B,13.77%,$0.03B,$0.00B,4.87%,$0.03B,$0.00B,4.87%,$0.03B,$0.00B,2.85%,$0.07B,$0.00B,6.40%,$63,$26,$37,$0,$2,$46,$17,$-7,$10,$0,$10,$10,$7,$40,$17,$124,124,$0.05,$0.05,$0,$0,$0,$0,$0,$0,$0,$0,$0,$0,$0,$0,$0,$0,$0,$0,$0,$0,$0,$0,$32,$68,$1,$69,$-2,$-1,$7,$-13,$-8,$93,$-2,$0,$0,$0,$0,$0,$0,$-2,$-13,$0,$-13,$15,$15,$-38,$-3,$-40,$52,$0,$-38
5,2017-06-30,3.01,$0.00,0.0,$2.02,1.49,$1.69,1.78,$0.30,10.04,$0.15B,$0.15B,1.0,$0.50B,$0.00B,0.0,$0.24B,$0.15B,61.89%,$0.24B,$0.07B,29.10%,$0.24B,$0.07B,29.10%,$0.24B,$0.16B,66.39%,$0.24B,$0.05B,19.67%,$0.24B,$0.04B,14.75%,$0.04B,$0.93B,3.88%,$0.04B,$0.93B,3.88%,$0.04B,$1.59B,2.26%,$0.07B,$1.43B,4.84%,$62,$26,$36,$0,$2,$46,$16,$-7,$10,$0,$10,$10,$7,$39,$16,$123,123,$0.06,$0.06,$138,$4,$0,$147,$1333,$0,$0,$102,$1438,$1585,$147,$497,$0,$508,$655,$0,$0,$0,$930,$1585,$22,$45,$1,$46,$0,$0,$4,$-10,$-6,$62,$-1,$0,$0,$0,$0,$0,$0,$-1,$-9,$0,$-9,$5,$5,$-26,$-0,$-29,$32,$0,$-26
6,2017-03-31,3.09,$0.00,0.0,$2.03,1.52,$1.06,2.92,$0.34,9.09,$0.14B,$0.13B,1.07,$0.52B,$0.00B,0.0,$0.24B,$0.16B,63.79%,$0.24B,$0.08B,31.28%,$0.24B,$0.08B,31.28%,$0.24B,$0.17B,67.90%,$0.24B,$0.05B,21.81%,$0.24B,$0.04B,16.87%,$0.04B,$0.93B,4.43%,$0.04B,$0.93B,4.43%,$0.04B,$1.60B,2.59%,$0.08B,$1.46B,5.12%,$60,$22,$38,$0,$1,$42,$18,$-6,$12,$0,$12,$12,$9,$41,$18,$122,122,$0.08,$0.08,$124,$6,$0,$135,$1351,$0,$0,$106,$1460,$1595,$127,$523,$0,$537,$664,$0,$0,$0,$932,$1595,$12,$23,$0,$23,$1,$-1,$2,$-6,$-3,$32,$-1,$0,$0,$0,$0,$0,$0,$-1,$-4,$0,$-4,$4,$4,$-13,$-0,$-13,$18,$0,$-13
7,2016-12-31,2.69,$7.60,0.35,$2.02,1.33,$0.40,6.68,$0.34,7.92,$0.12B,$0.09B,1.28,$0.56B,$0.82B,0.69,$0.24B,$0.15B,63.90%,$0.24B,$0.08B,31.54%,$0.24B,$0.08B,31.54%,$0.24B,$0.16B,68.05%,$0.24B,$0.05B,21.99%,$0.24B,$0.04B,17.01%,$0.04B,$0.93B,4.44%,$0.04B,$0.93B,4.44%,$0.04B,$1.60B,2.60%,$0.08B,$1.49B,5.08%,$62,$23,$39,$0,$2,$43,$19,$-5,$14,$0,$14,$14,$11,$42,$19,$120,120,$0.09,$0.09,$107,$5,$0,$118,$1368,$0,$0,$109,$1481,$1599,$92,$563,$0,$579,$671,$801,$0,$0,$928,$1599,$52,$88,$1,$89,$0,$-0,$-1,$14,$14,$155,$-91,$0,$0,$0,$0,$0,$-1,$-92,$18,$0,$18,$5,$5,$-68,$-1,$-47,$16,$0,$-68
8,2016-09-30,2.69,$0.00,0.0,$2.01,1.33,$-0.77,0.0,$0.35,7.68,$0.12B,$0.07B,1.63,$0.57B,$0.00B,0.0,$0.24B,$0.15B,64.71%,$0.24B,$0.08B,32.35%,$0.24B,$0.08B,32.35%,$0.24B,$0.16B,68.49%,$0.24B,$0.05B,22.69%,$0.24B,$0.04B,17.65%,$0.04B,$0.92B,4.54%,$0.04B,$0.92B,4.54%,$0.04B,$1.59B,2.68%,$0.08B,$1.50B,5.14%,$60,$23,$38,$0,$2,$42,$18,$-6,$12,$0,$12,$12,$9,$40,$18,$120,120,$0.07,$0.07,$106,$4,$0,$116,$1353,$0,$0,$112,$1470,$1587,$71,$574,$0,$593,$664,$0,$0,$0,$923,$1587,$39,$65,$1,$66,$-0,$0,$3,$15,$18,$123,$-74,$0,$0,$0,$0,$0,$-1,$-75,$22,$0,$22,$2,$2,$-56,$-0,$-33,$15,$0,$-56
9,2016-06-30,2.41,$0.00,0.0,$1.99,1.21,$-2.08,0.0,$0.37,6.5,$0.07B,$0.06B,1.17,$0.58B,$0.00B,0.0,$0.24B,$0.15B,64.83%,$0.24B,$0.08B,33.05%,$0.24B,$0.08B,33.05%,$0.24B,$0.16B,68.64%,$0.24B,$0.06B,23.73%,$0.24B,$0.04B,18.64%,$0.04B,$0.92B,4.72%,$0.04B,$0.92B,4.72%,$0.04B,$1.56B,2.82%,$0.08B,$1.50B,5.19%,$61,$21,$40,$0,$1,$40,$21,$-6,$15,$0,$15,$15,$12,$42,$21,$120,120,$0.10,$0.10,$55,$5,$0,$67,$1370,$0,$0,$117,$1490,$1557,$57,$578,$0,$579,$636,$0,$0,$0,$921,$1557,$27,$43,$1,$44,$-0,$-1,$2,$-14,$-13,$58,$-74,$0,$0,$0,$0,$0,$-1,$-75,$26,$0,$26,$0,$0,$-44,$-0,$-18,$-35,$0,$-44
10,2016-03-31,2.48,$0.00,0.0,$1.95,1.27,$-2.56,0.0,$0.36,6.89,$0.05B,$0.06B,0.85,$0.58B,$0.00B,0.0,$0.23B,$0.15B,64.35%,$0.23B,$0.08B,33.04%,$0.23B,$0.08B,33.04%,$0.23B,$0.16B,68.70%,$0.23B,$0.06B,23.91%,$0.23B,$0.04B,18.70%,$0.04B,$0.92B,4.55%,$0.04B,$0.92B,4.55%,$0.04B,$1.56B,2.75%,$0.08B,$1.50B,5.06%,$58,$21,$37,$0,$1,$40,$18,$-6,$12,$0,$12,$12,$9,$40,$18,$120,120,$0.08,$0.08,$40,$5,$0,$51,$1387,$0,$0,$120,$1510,$1562,$60,$583,$0,$584,$644,$0,$0,$0,$918,$1562,$12,$21,$0,$22,$-1,$-0,$0,$-6,$-8,$26,$-74,$0,$0,$0,$0,$0,$-1,$-74,$31,$0,$31,$0,$0,$-32,$-0,$-1,$-50,$0,$-32
11,2015-12-31,4.08,$7.79,0.52,$1.93,2.11,$-2.21,0.0,$0.37,11.02,$0.10B,$0.06B,1.63,$0.56B,$0.83B,0.67,$0.22B,$0.14B,64.71%,$0.22B,$0.07B,33.48%,$0.22B,$0.07B,33.48%,$0.22B,$0.15B,68.78%,$0.22B,$0.06B,24.89%,$0.22B,$0.04B,19.46%,$0.04B,$0.94B,4.62%,$0.04B,$0.94B,4.62%,$0.04B,$1.56B,2.79%,$0.07B,$1.49B,4.99%,$59,$21,$39,$0,$1,$39,$20,$-5,$15,$0,$15,$15,$12,$41,$20,$115,115,$0.11,$0.11,$90,$4,$0,$100,$1315,$0,$0,$119,$1456,$1556,$61,$556,$0,$557,$618,$810,$0,$0,$938,$1556,$55,$78,$0,$79,$-0,$-1,$2,$-2,$0,$134,$-208,$0,$0,$0,$0,$0,$-2,$-210,$-6,$0,$-6,$133,$133,$-123,$-3,$2,$-74,$0,$-123
12,2015-09-30,4.4,$0.00,0.0,$1.95,2.25,$-0.23,0.0,$0.37,11.89,$0.10B,$0.06B,1.66,$0.56B,$0.00B,0.0,$0.21B,$0.04B,20.75%,$0.21B,$-0.02B,-10.38%,$0.21B,$-0.02B,-10.38%,$0.21B,$0.05B,25.00%,$0.21B,$-0.04B,-18.87%,$0.21B,$0.04B,19.34%,$0.04B,$0.95B,4.49%,$0.04B,$0.95B,4.49%,$0.04B,$1.58B,2.69%,$-0.02B,$1.52B,-1.50%,$58,$20,$37,$0,$2,$39,$19,$-5,$14,$0,$14,$14,$11,$39,$19,$120,120,$0.09,$0.09,$90,$4,$0,$99,$1331,$0,$0,$122,$1478,$1577,$60,$562,$0,$563,$623,$0,$0,$0,$954,$1577,$40,$58,$0,$58,$-0,$-1,$1,$2,$3,$100,$-208,$0,$0,$0,$0,$0,$-2,$-210,$-5,$0,$-5,$133,$133,$-91,$-3,$35,$-74,$0,$-91
13,2015-06-30,5.4,$0.00,0.0,$1.99,2.71,$1.36,3.97,$0.37,14.59,$0.13B,$0.05B,2.41,$0.52B,$0.00B,0.0,$0.20B,$0.07B,34.16%,$0.20B,$0.01B,2.48%,$0.20B,$0.01B,2.48%,$0.20B,$0.08B,38.61%,$0.20B,$-0.01B,-5.94%,$0.20B,$0.04B,18.81%,$0.04B,$0.97B,4.24%,$0.04B,$0.97B,4.24%,$0.04B,$1.55B,2.52%,$0.01B,$1.50B,0.34%,$55,$19,$35,$0,$1,$36,$19,$-5,$14,$0,$14,$14,$11,$38,$19,$116,116,$0.09,$0.09,$117,$4,$2,$127,$1256,$0,$0,$125,$1423,$1550,$53,$524,$0,$525,$578,$0,$0,$0,$972,$1550,$26,$37,$0,$37,$0,$-1,$3,$-4,$-1,$62,$-134,$0,$0,$0,$0,$0,$-2,$-136,$-46,$0,$-46,$133,$133,$-59,$-2,$26,$-48,$0,$-59
14,2015-03-31,6.39,$0.00,0.0,$2.06,3.1,$2.61,2.45,$0.32,19.98,$0.15B,$0.07B,2.36,$0.56B,$0.00B,0.0,$0.19B,$0.10B,49.48%,$0.19B,$0.03B,16.49%,$0.19B,$0.03B,16.49%,$0.19B,$0.10B,53.61%,$0.19B,$0.02B,7.73%,$0.19B,$0.03B,15.98%,$0.03B,$0.86B,3.68%,$0.03B,$0.86B,3.68%,$0.03B,$1.49B,2.12%,$0.03B,$1.42B,2.27%,$49,$17,$32,$0,$2,$33,$16,$-4,$12,$0,$12,$12,$9,$34,$16,$104,104,$0.09,$0.09,$146,$4,$0,$154,$1142,$0,$0,$127,$1334,$1488,$65,$564,$0,$566,$632,$0,$0,$0,$857,$1488,$12,$18,$0,$18,$1,$-0,$2,$-8,$-6,$25,$-30,$0,$0,$0,$0,$0,$-1,$-31,$15,$0,$15,$0,$0,$-28,$0,$-12,$-18,$0,$-28
15,2014-12-31,5.25,$8.38,0.63,$2.13,2.47,$2.97,1.77,$0.31,16.94,$0.17B,$0.05B,3.85,$0.57B,$0.75B,0.76,$0.19B,$0.13B,65.10%,$0.19B,$0.06B,32.29%,$0.19B,$0.06B,32.29%,$0.19B,$0.13B,69.79%,$0.19B,$0.04B,22.92%,$0.19B,$0.03B,15.10%,$0.03B,$0.87B,3.54%,$0.03B,$0.87B,3.54%,$0.03B,$1.49B,2.02%,$0.06B,$1.44B,4.45%,$50,$110,$-60,$0,$2,$126,$-76,$-4,$-80,$0,$-80,$-80,$10,$-58,$-76,$93,93,$0.10,$0.10,$164,$3,$0,$172,$1120,$0,$0,$130,$1318,$1490,$45,$570,$0,$573,$617,$736,$0,$0,$873,$1490,$44,$74,$0,$74,$2,$-1,$-2,$7,$7,$125,$-0,$0,$0,$0,$0,$0,$-30,$-30,$-5,$0,$-5,$114,$114,$-103,$-0,$5,$100,$0,$-103
16,2014-09-30,6.38,$0.00,0.0,$2.08,3.07,$-0.44,0.0,$0.19,33.58,$0.17B,$0.05B,3.78,$0.57B,$0.00B,0.0,$0.19B,$0.14B,71.43%,$0.19B,$0.07B,34.39%,$0.19B,$0.07B,34.39%,$0.19B,$0.14B,73.02%,$0.19B,$0.05B,24.34%,$0.19B,$0.02B,8.99%,$0.02B,$0.89B,2.13%,$0.02B,$0.89B,2.13%,$0.02B,$1.51B,1.20%,$0.07B,$1.46B,4.74%,$48,$-14,$62,$0,$2,$2,$46,$-4,$42,$0,$42,$42,$8,$64,$46,$92,92,$0.09,$0.09,$162,$4,$1,$170,$1134,$0,$0,$134,$1339,$1509,$45,$574,$0,$577,$622,$0,$0,$0,$887,$1509,$30,$56,$0,$56,$2,$-1,$1,$5,$7,$94,$-30,$0,$0,$0,$0,$0,$0,$-30,$-4,$0,$-4,$114,$114,$-75,$-0,$35,$98,$0,$-75
17,2014-06-30,7.15,$0.00,0.0,$1.97,3.62,$-3.35,0.0,$0.42,17.03,$0.08B,$0.04B,2.06,$0.58B,$0.00B,0.0,$0.18B,$0.13B,69.57%,$0.18B,$0.06B,32.07%,$0.18B,$0.06B,32.07%,$0.18B,$0.13B,71.20%,$0.18B,$0.07B,35.33%,$0.18B,$0.04B,20.11%,$0.04B,$0.75B,4.77%,$0.04B,$0.75B,4.77%,$0.04B,$1.37B,2.66%,$0.06B,$1.33B,4.36%,$47,$-14,$62,$0,$2,$2,$46,$-4,$41,$0,$41,$41,$4,$64,$46,$89,89,$0.04,$0.04,$68,$4,$0,$75,$1149,$0,$0,$138,$1291,$1367,$37,$575,$0,$580,$616,$0,$0,$0,$750,$1367,$19,$37,$0,$37,$2,$-1,$2,$-3,$0,$57,$-0,$0,$0,$0,$0,$0,$0,$-0,$-3,$0,$-3,$0,$0,$-50,$-0,$-53,$4,$0,$-50
18,2014-03-31,6.71,$0.00,0.0,$1.88,3.56,$-4.52,0.0,$0.79,8.49,$0.07B,$0.03B,2.16,$0.58B,$0.00B,0.0,$0.18B,$0.12B,67.04%,$0.18B,$0.05B,28.49%,$0.18B,$0.05B,28.49%,$0.18B,$0.12B,67.60%,$0.18B,$0.09B,50.28%,$0.18B,$0.07B,36.87%,$0.07B,$0.77B,8.73%,$0.07B,$0.77B,8.73%,$0.07B,$1.38B,4.86%,$0.05B,$1.34B,3.87%,$47,$-14,$61,$0,$1,$2,$46,$-5,$41,$0,$41,$41,$7,$64,$46,$88,88,$0.08,$0.08,$64,$3,$0,$73,$1163,$0,$0,$142,$1310,$1382,$34,$577,$0,$581,$615,$0,$0,$0,$768,$1382,$11,$19,$0,$19,$1,$-1,$1,$-4,$-3,$27,$-0,$0,$0,$0,$0,$0,$0,$-0,$-1,$0,$-1,$0,$0,$-25,$-0,$-26,$0,$0,$-25
19,2013-12-31,6.26,$8.84,0.71,$1.93,3.24,$-6.46,0.0,$0.99,6.33,$0.07B,$0.04B,1.89,$0.58B,$0.62B,0.93,$0.17B,$0.11B,63.95%,$0.17B,$0.04B,23.84%,$0.17B,$0.04B,23.84%,$0.17B,$0.11B,62.79%,$0.17B,$0.10B,57.56%,$0.17B,$0.08B,45.35%,$0.08B,$0.78B,10.72%,$0.08B,$0.78B,10.72%,$0.08B,$1.40B,5.94%,$0.04B,$1.36B,3.23%,$47,$97,$-50,$0,$1,$120,$-73,$-5,$-78,$0,$-78,$-78,$-2,$-54,$-73,$76,97,$-0.07,$0.00,$64,$3,$1,$74,$1177,$0,$0,$146,$1328,$1402,$39,$578,$0,$581,$620,$606,$0,$0,$781,$1402,$99,$66,$-31,$35,$-1,$-0,$2,$-7,$-5,$130,$-331,$0,$0,$0,$0,$0,$-5,$-335,$125,$0,$125,$196,$196,$-88,$-6,$226,$20,$0,$-88
20,2013-09-30,5.24,$0.00,0.0,$2.01,2.61,$-2.86,0.0,$0.46,11.4,$0.08B,$0.04B,2.06,$0.58B,$0.00B,0.0,$0.16B,$0.21B,128.22%,$0.16B,$0.11B,64.42%,$0.16B,$0.11B,64.42%,$0.16B,$0.17B,102.45%,$0.16B,$0.16B,100.61%,$0.16B,$0.04B,25.77%,$0.04B,$0.80B,6.22%,$0.04B,$0.80B,6.22%,$0.04B,$1.42B,3.42%,$0.11B,$1.38B,8.83%,$43,$-12,$55,$0,$2,$3,$40,$21,$61,$0,$61,$61,$28,$57,$40,$79,102,$0.35,$0.32,$67,$3,$1,$76,$1192,$0,$0,$150,$1346,$1422,$37,$579,$0,$581,$617,$0,$0,$0,$804,$1422,$98,$47,$-39,$9,$-0,$-0,$1,$-10,$-8,$98,$-325,$0,$0,$0,$0,$0,$-5,$-330,$126,$0,$126,$196,$196,$-63,$-4,$254,$23,$0,$-63
21,2013-06-30,5.28,$0.00,0.0,$2.15,2.46,$0.18,30.1,$0.20,26.4,$0.08B,$0.04B,1.93,$0.51B,$0.00B,0.0,$0.16B,$0.20B,127.85%,$0.16B,$0.10B,62.66%,$0.16B,$0.10B,62.66%,$0.16B,$0.16B,100.00%,$0.16B,$0.13B,84.18%,$0.16B,$0.02B,11.39%,$0.02B,$0.67B,2.85%,$0.02B,$0.67B,2.85%,$0.02B,$1.22B,1.56%,$0.10B,$1.18B,8.88%,$42,$-12,$54,$0,$3,$4,$38,$28,$66,$0,$66,$66,$33,$54,$38,$68,94,$0.48,$0.41,$75,$2,$2,$83,$1043,$0,$0,$93,$1139,$1223,$43,$506,$0,$507,$550,$0,$0,$0,$672,$1223,$64,$30,$-15,$16,$-1,$-0,$0,$-0,$1,$80,$-130,$0,$0,$0,$0,$0,$-3,$-133,$53,$0,$53,$75,$75,$-42,$-3,$84,$31,$0,$-42
22,2013-03-31,4.59,$0.00,0.0,$2.26,2.03,$1.20,3.82,$-0.22,0.0,$0.05B,$0.04B,1.2,$0.51B,$0.00B,0.0,$0.15B,$0.20B,127.27%,$0.15B,$0.10B,61.69%,$0.15B,$0.10B,61.69%,$0.15B,$0.15B,99.35%,$0.15B,$0.09B,60.39%,$0.15B,$-0.02B,-10.39%,$-0.02B,$0.65B,-2.57%,$-0.02B,$0.65B,-2.57%,$-0.02B,$1.20B,-1.41%,$0.10B,$1.16B,8.66%,$40,$-11,$51,$0,$3,$4,$36,$14,$50,$0,$50,$50,$19,$51,$36,$68,68,$0.28,$0.28,$36,$3,$2,$47,$1056,$0,$0,$96,$1154,$1202,$40,$507,$0,$509,$548,$0,$0,$0,$653,$1202,$25,$14,$-16,$-2,$-2,$-1,$1,$-4,$-5,$18,$-130,$0,$0,$0,$0,$0,$-3,$-133,$54,$0,$54,$75,$75,$-20,$-2,$108,$-8,$0,$-20
23,2012-12-31,3.55,$8.27,0.43,$2.26,1.57,$3.13,1.13,$-0.45,0.0,$0.05B,$0.04B,1.38,$0.46B,$0.43B,1.06,$0.15B,$0.19B,125.97%,$0.15B,$0.09B,61.04%,$0.15B,$0.09B,61.04%,$0.15B,$0.15B,98.70%,$0.15B,$0.07B,45.45%,$0.15B,$-0.03B,-20.78%,$-0.03B,$0.57B,-5.45%,$-0.03B,$0.57B,-5.45%,$-0.03B,$1.07B,-2.84%,$0.09B,$1.03B,8.68%,$38,$-10,$49,$0,$2,$47,$-9,$-4,$-13,$0,$-13,$-13,$-38,$5,$-9,$68,68,$-0.56,$-0.56,$44,$2,$0,$49,$960,$0,$0,$58,$1021,$1070,$36,$458,$0,$461,$496,$425,$0,$-0,$574,$1070,$-21,$57,$44,$101,$0,$2,$-6,$8,$5,$85,$20,$0,$0,$0,$0,$0,$-4,$16,$-175,$0,$-175,$140,$140,$-73,$-2,$-111,$-10,$0,$-73
24,2012-09-30,4.28,$0.00,0.0,$2.34,1.83,$2.03,2.1,$0.12,35.64,$0.05B,$0.03B,1.5,$0.46B,$0.00B,0.0,$0.16B,$0.18B,112.50%,$0.16B,$0.11B,70.00%,$0.16B,$0.11B,70.00%,$0.16B,$0.17B,106.25%,$0.16B,$0.08B,52.50%,$0.16B,$0.01B,4.38%,$0.01B,$0.63B,1.22%,$0.01B,$0.63B,1.22%,$0.01B,$1.12B,0.60%,$0.11B,$1.09B,10.11%,$38,$-10,$48,$0,$2,$4,$34,$-4,$30,$0,$30,$30,$4,$48,$34,$68,68,$0.06,$0.06,$40,$2,$0,$46,$1019,$0,$0,$56,$1078,$1124,$30,$464,$0,$466,$496,$0,$0,$0,$627,$1124,$14,$43,$0,$43,$1,$2,$-4,$-0,$-1,$56,$-0,$0,$0,$0,$0,$0,$16,$16,$-170,$0,$-170,$139,$139,$-54,$-0,$-85,$-14,$0,$-54
25,2012-06-30,3.84,$0.00,0.0,$2.48,1.55,$1.55,2.47,$1.56,2.46,$0.05B,$0.03B,1.49,$0.46B,$0.00B,0.0,$0.15B,$0.17B,111.11%,$0.15B,$0.11B,68.63%,$0.15B,$0.11B,68.63%,$0.15B,$0.16B,104.58%,$0.15B,$0.14B,91.50%,$0.15B,$0.07B,45.75%,$0.07B,$0.64B,12.77%,$0.07B,$0.64B,12.77%,$0.07B,$1.14B,5.92%,$0.11B,$1.10B,9.35%,$38,$-11,$48,$0,$2,$3,$34,$-9,$26,$0,$26,$26,$-1,$49,$34,$68,68,$-0.01,$-0.01,$40,$2,$0,$45,$1031,$0,$0,$57,$1091,$1136,$30,$464,$0,$466,$497,$0,$0,$0,$639,$1136,$7,$28,$-1,$28,$2,$2,$-2,$-1,$-0,$34,$-0,$0,$0,$0,$0,$0,$16,$16,$-170,$0,$-170,$139,$139,$-33,$-0,$-64,$-13,$0,$-33
26,2012-03-31,4.0,$0.00,0.0,$2.65,1.51,$0.99,4.06,$1.95,2.05,$0.06B,$0.07B,0.99,$0.60B,$0.00B,0.0,$0.14B,$0.16B,109.79%,$0.14B,$0.09B,65.73%,$0.14B,$0.09B,65.73%,$0.14B,$0.14B,100.00%,$0.14B,$0.15B,101.40%,$0.14B,$0.09B,60.14%,$0.09B,$0.51B,18.48%,$0.09B,$0.51B,18.22%,$0.09B,$1.18B,7.74%,$0.09B,$1.11B,8.96%,$40,$-9,$49,$0,$2,$4,$35,$-8,$27,$0,$27,$27,$3,$50,$35,$68,68,$0.05,$0.05,$57,$2,$0,$64,$1053,$0,$0,$56,$1111,$1175,$65,$597,$0,$600,$665,$0,$0,$0,$509,$1175,$3,$14,$-1,$14,$-1,$2,$2,$0,$3,$20,$-0,$0,$0,$0,$0,$0,$10,$10,$-10,$0,$-10,$0,$0,$-16,$-0,$-26,$3,$0,$-16
27,2011-12-31,2.94,$7.46,0.39,$2.81,1.05,$1.00,2.94,$1.96,1.5,$0.06B,$0.06B,1.12,$0.62B,$0.52B,1.19,$0.13B,$0.14B,108.40%,$0.13B,$0.08B,64.12%,$0.13B,$0.08B,64.12%,$0.13B,$0.13B,96.18%,$0.13B,$0.13B,102.29%,$0.13B,$0.09B,64.89%,$0.09B,$0.52B,21.37%,$0.09B,$0.52B,21.01%,$0.09B,$1.20B,8.46%,$0.08B,$1.13B,8.83%,$44,$9,$35,$0,$14,$35,$9,$-8,$1,$0,$1,$1,$1,$23,$9,$68,68,$0.02,$0.02,$53,$4,$0,$62,$1074,$0,$0,$58,$1134,$1196,$56,$615,$4,$623,$679,$518,$0,$-11,$517,$1196,$87,$44,$-82,$44,$7,$6,$-5,$0,$8,$57,$-27,$0,$0,$0,$0,$12,$-2,$-17,$25,$0,$25,$1,$1,$-45,$-0,$-19,$21,$0,$-45
28,2011-09-30,2.96,$0.00,0.0,$2.94,1.01,$-1.02,0.0,$2.00,1.48,$0.08B,$0.06B,1.22,$0.62B,$0.00B,0.0,$0.12B,$0.16B,135.34%,$0.12B,$0.08B,72.41%,$0.12B,$0.08B,72.41%,$0.12B,$0.12B,103.45%,$0.12B,$0.14B,117.24%,$0.12B,$0.09B,74.14%,$0.09B,$0.53B,26.18%,$0.09B,$0.53B,25.65%,$0.09B,$1.23B,9.60%,$0.08B,$1.15B,9.92%,$31,$-7,$38,$0,$3,$4,$27,$59,$86,$0,$86,$86,$67,$38,$27,$44,44,$1.50,$1.50,$55,$10,$1,$77,$0,$0,$0,$60,$62,$1225,$63,$624,$6,$634,$697,$0,$0,$0,$527,$1225,$86,$29,$-82,$-53,$0,$-0,$2,$4,$8,$41,$-27,$0,$0,$0,$0,$0,$11,$-16,$25,$0,$25,$1,$1,$-29,$-0,$-2,$23,$0,$-29
29,2011-06-30,4.11,$0.00,0.0,$3.13,1.31,$-3.48,0.0,$0.60,6.85,$0.04B,$0.01B,3.1,$0.50B,$0.00B,0.0,$0.12B,$0.14B,121.74%,$0.12B,$0.07B,60.00%,$0.12B,$0.07B,60.00%,$0.12B,$0.10B,88.70%,$0.12B,$0.05B,46.96%,$0.12B,$0.02B,20.00%,$0.02B,$0.31B,8.96%,$0.02B,$0.34B,8.73%,$0.02B,$0.85B,2.95%,$0.07B,$0.81B,9.36%,$28,$-7,$35,$0,$4,$5,$23,$8,$31,$0,$31,$31,$15,$32,$23,$39,39,$0.38,$0.38,$38,$0,$1,$41,$0,$0,$0,$61,$63,$847,$13,$499,$24,$526,$512,$0,$0,$0,$308,$847,$18,$18,$-15,$3,$-0,$-0,$2,$2,$4,$24,$-27,$0,$0,$0,$0,$0,$-0,$-27,$25,$0,$25,$1,$1,$-18,$-0,$8,$5,$0,$-18
30,2011-03-31,4.66,$0.00,0.0,$3.43,1.36,$-4.66,0.0,$0.38,12.27,$0.04B,$0.01B,3.98,$0.47B,$0.00B,0.0,$0.12B,$0.13B,106.72%,$0.12B,$0.06B,49.58%,$0.12B,$0.06B,49.58%,$0.12B,$0.09B,76.47%,$0.12B,$0.03B,23.53%,$0.12B,$0.01B,10.92%,$0.01B,$0.24B,5.70%,$0.01B,$0.24B,5.70%,$0.01B,$0.75B,1.74%,$0.06B,$0.71B,8.40%,$28,$-6,$34,$0,$1,$3,$25,$-8,$16,$0,$16,$16,$2,$33,$25,$37,37,$0.06,$0.06,$35,$0,$1,$38,$0,$0,$0,$13,$15,$753,$10,$474,$28,$505,$514,$0,$0,$0,$239,$753,$2,$9,$1,$9,$-0,$-0,$0,$-0,$-1,$11,$0,$0,$0,$0,$0,$0,$0,$0,$0,$0,$0,$0,$0,$-9,$-0,$-9,$2,$0,$-9
31,2010-12-31,4.15,$0.00,0.0,$3.84,1.08,$-5.79,0.0,$0.57,7.29,$0.04B,$0.01B,3.83,$0.47B,$0.00B,0.0,$0.12B,$0.12B,95.08%,$0.12B,$0.05B,40.16%,$0.12B,$0.05B,40.16%,$0.12B,$0.08B,66.39%,$0.12B,$0.02B,15.57%,$0.12B,$0.02B,14.75%,$0.02B,$0.24B,8.29%,$0.02B,$0.24B,8.29%,$0.02B,$0.76B,2.43%,$0.05B,$0.71B,7.09%,$29,$-21,$50,$0,$33,$20,$9,$-8,$3,$0,$3,$2,$2,$17,$9,$37,37,$0.06,$0.06,$32,$0,$0,$35,$0,$0,$0,$13,$16,$758,$9,$474,$33,$509,$518,$0,$0,$0,$240,$758,$19,$33,$1,$33,$-3,$0,$0,$0,$-3,$50,$-109,$0,$0,$30,$0,$30,$-1,$-79,$0,$0,$-2,$105,$105,$-34,$-12,$58,$29,$0,$-34
32,2010-09-30,3.46,$0.00,0.0,$4.24,0.81,$-2.45,0.0,$0.72,4.8,$0.03B,$0.01B,3.47,$0.47B,$0.00B,0.0,$0.12B,$0.09B,70.49%,$0.12B,$0.05B,42.62%,$0.12B,$0.05B,42.62%,$0.12B,$0.08B,68.03%,$0.12B,$0.02B,18.03%,$0.12B,$0.02B,17.21%,$0.02B,$0.24B,10.69%,$0.02B,$0.24B,10.69%,$0.02B,$0.76B,2.91%,$0.05B,$0.71B,7.76%,$30,$10,$21,$0,$1,$18,$12,$-8,$4,$0,$4,$4,$4,$20,$12,$34,34,$0.10,$0.10,$28,$1,$0,$32,$0,$0,$0,$14,$16,$764,$9,$474,$38,$515,$524,$0,$0,$0,$240,$764,$17,$24,$0,$24,$0,$0,$0,$0,$-6,$35,$-108,$0,$0,$0,$0,$14,$0,$-94,$0,$0,$-2,$0,$104,$-25,$-10,$68,$9,$0,$0
33,2010-06-30,3.27,$0.00,0.0,$4.58,0.71,$0.80,4.09,$0.90,3.64,$0.02B,$0.01B,2.0,$0.47B,$0.00B,0.0,$0.12B,$0.09B,72.13%,$0.12B,$0.06B,45.08%,$0.12B,$0.06B,45.08%,$0.12B,$0.09B,69.67%,$0.12B,$0.03B,20.49%,$0.12B,$0.02B,19.67%,$0.02B,$0.19B,13.64%,$0.02B,$0.19B,13.64%,$0.02B,$0.72B,3.42%,$0.06B,$0.67B,8.46%,$32,$10,$22,$0,$1,$19,$13,$-8,$5,$0,$5,$5,$5,$21,$13,$31,31,$0.16,$0.16,$19,$0,$0,$22,$0,$0,$0,$5,$8,$719,$11,$474,$39,$515,$526,$0,$0,$0,$193,$719,$13,$16,$0,$16,$0,$0,$0,$0,$-3,$26,$-65,$0,$0,$0,$0,$14,$0,$-50,$0,$0,$0,$0,$54,$-18,$-12,$24,$0,$0,$0
34,2010-03-31,3.38,$0.00,0.0,$4.82,0.7,$2.59,1.3,$1.06,3.18,$0.05B,$0.01B,5.3,$0.47B,$0.00B,0.0,$0.12B,$0.09B,73.55%,$0.12B,$0.06B,47.11%,$0.12B,$0.06B,47.11%,$0.12B,$0.09B,71.90%,$0.12B,$0.03B,23.14%,$0.12B,$0.03B,22.31%,$0.03B,$0.20B,16.00%,$0.03B,$0.20B,16.00%,$0.03B,$0.72B,3.89%,$0.06B,$0.67B,8.87%,$31,$8,$23,$0,$1,$16,$15,$-8,$7,$0,$7,$7,$7,$23,$15,$27,27,$0.25,$0.25,$45,$0,$1,$47,$0,$0,$0,$5,$7,$719,$9,$474,$38,$515,$523,$0,$0,$0,$196,$719,$7,$8,$0,$8,$0,$0,$0,$0,$-4,$11,$-33,$0,$0,$0,$0,$-13,$0,$-46,$0,$0,$0,$0,$54,$-10,$-10,$33,$-2,$0,$0
35,2009-12-31,3.48,$0.00,0.0,$4.86,0.72,$4.11,0.85,$1.16,3.0,$0.04B,$0.01B,3.17,$0.47B,$0.00B,0.0,$0.12B,$0.09B,74.17%,$0.12B,$0.06B,48.33%,$0.12B,$0.06B,48.33%,$0.12B,$0.09B,72.50%,$0.12B,$0.03B,25.00%,$0.12B,$0.03B,24.17%,$0.03B,$0.16B,18.71%,$0.03B,$0.16B,18.71%,$0.03B,$0.68B,4.24%,$0.06B,$0.63B,9.22%,$29,$9,$20,$0,$1,$17,$12,$-8,$6,$0,$6,$5,$5,$19,$12,$25,25,$0.21,$0.21,$34,$0,$1,$35,$0,$0,$0,$5,$8,$681,$11,$474,$37,$513,$524,$0,$0,$0,$157,$681,$30,$29,$0,$29,$0,$0,$0,$0,$11,$70,$-26,$0,$0,$0,$0,$-29,$0,$-56,$0,$0,$0,$0,$0,$-70,$17,$-54,$-40,$0,$0
36,2009-09-30,3.3,$0.00,0.0,$5.94,0.56,$-5.65,0.0,$1.49,2.21,$0.03B,$0.01B,3.29,$0.47B,$0.00B,0.0,$0.13B,$0.10B,74.80%,$0.13B,$0.06B,50.39%,$0.13B,$0.06B,50.39%,$0.13B,$0.09B,73.23%,$0.13B,$0.04B,28.35%,$0.13B,$0.04B,29.92%,$0.04B,$0.16B,23.94%,$0.04B,$0.16B,23.94%,$0.04B,$0.69B,5.52%,$0.06B,$0.63B,10.11%,$30,$7,$23,$0,$1,$15,$15,$-8,$7,$0,$7,$7,$7,$22,$15,$25,25,$0.28,$0.28,$31,$0,$1,$33,$0,$0,$0,$5,$8,$685,$10,$474,$43,$517,$527,$0,$0,$0,$158,$685,$25,$22,$0,$22,$0,$0,$0,$0,$7,$54,$-26,$0,$0,$0,$0,$-29,$0,$-55,$0,$0,$0,$0,$41,$-57,$-24,$-40,$-42,$0,$0
37,2009-06-30,3.09,$0.00,0.0,$6.16,0.5,$-12.80,0.0,$1.77,1.75,$0.03B,$0.01B,2.42,$0.47B,$0.00B,0.0,$0.13B,$0.10B,75.94%,$0.13B,$0.07B,53.38%,$0.13B,$0.07B,53.38%,$0.13B,$0.10B,75.19%,$0.13B,$0.05B,33.83%,$0.13B,$0.05B,35.34%,$0.05B,$0.16B,27.81%,$0.05B,$0.16B,27.81%,$0.05B,$0.69B,6.81%,$0.07B,$0.64B,11.04%,$31,$8,$23,$0,$1,$16,$15,$-7,$8,$0,$8,$8,$8,$23,$15,$25,25,$0.32,$0.32,$32,$0,$1,$33,$0,$0,$0,$5,$7,$692,$14,$474,$38,$514,$528,$0,$0,$0,$164,$692,$18,$14,$0,$14,$0,$0,$0,$0,$8,$40,$-26,$0,$0,$0,$0,$-29,$0,$-55,$0,$-23,$0,$0,$0,$-43,$41,$-26,$-41,$0,$0
38,2009-03-31,2.27,$0.00,0.0,$6.20,0.37,$-18.43,0.0,$1.95,1.16,$0.03B,$0.01B,2.98,$0.47B,$0.00B,0.0,$0.13B,$0.10B,76.87%,$0.13B,$0.07B,55.22%,$0.13B,$0.07B,55.22%,$0.13B,$0.10B,75.37%,$0.13B,$0.05B,37.31%,$0.13B,$0.05B,38.81%,$0.05B,$0.14B,29.30%,$0.05B,$0.14B,29.30%,$0.05B,$0.68B,7.67%,$0.07B,$0.62B,11.56%,$30,$7,$23,$0,$1,$14,$16,$-7,$9,$0,$9,$9,$9,$23,$16,$25,25,$0.35,$0.35,$32,$0,$1,$34,$0,$0,$0,$5,$7,$676,$11,$474,$48,$524,$535,$0,$0,$0,$141,$676,$9,$7,$0,$7,$0,$0,$0,$0,$2,$17,$0,$0,$0,$0,$0,$-17,$0,$-17,$0,$0,$0,$0,$0,$-30,$0,$-30,$-29,$0,$0
39,2008-12-31,2.31,$0.00,0.0,$6.01,0.38,$-22.20,0.0,$1.95,1.18,$0.05B,$0.01B,10.27,$0.47B,$0.17B,2.75,$0.13B,$0.10B,77.10%,$0.13B,$0.07B,55.73%,$0.13B,$0.07B,55.73%,$0.13B,$0.10B,75.57%,$0.13B,$0.05B,38.17%,$0.13B,$0.05B,39.69%,$0.05B,$0.17B,27.70%,$0.05B,$0.17B,27.70%,$0.05B,$0.70B,7.94%,$0.07B,$0.65B,11.70%,$36,$10,$26,$0,$1,$18,$18,$-7,$12,$0,$12,$14,$14,$25,$18,$16,16,$0.54,$0.54,$44,$0,$1,$51,$0,$0,$0,$5,$7,$700,$5,$474,$47,$523,$528,$210,$0,$0,$172,$700,$49,$25,$0,$25,$0,$0,$0,$0,$-2,$73,$-201,$0,$0,$0,$0,$-1,$-1,$-203,$0,$-52,$191,$0,$-0,$-40,$55,$154,$23,$0,$0
40,2008-09-30,3.12,$0.00,0.0,$4.76,0.66,$-22.85,0.0,$1.79,1.74,$0.04B,$0.00B,25.21,$0.47B,$0.20B,2.38,$0.12B,$0.10B,83.05%,$0.12B,$0.08B,66.10%,$0.12B,$0.08B,66.10%,$0.12B,$0.10B,82.20%,$0.12B,$0.06B,51.69%,$0.12B,$0.05B,39.83%,$0.05B,$0.20B,25.37%,$0.05B,$0.20B,25.37%,$0.05B,$0.69B,7.92%,$0.08B,$0.67B,13.65%,$36,$7,$29,$0,$1,$14,$22,$-6,$16,$0,$16,$16,$16,$29,$22,$25,25,$0.56,$0.56,$33,$0,$1,$37,$0,$0,$0,$5,$8,$693,$1,$474,$18,$493,$494,$126,$0,$0,$199,$693,$35,$19,$0,$19,$0,$0,$0,$0,$-2,$51,$-201,$0,$0,$0,$0,$-26,$-1,$-228,$0,$-52,$191,$0,$-0,$-30,$55,$164,$-12,$0,$0
41,2008-06-30,5.52,$0.00,0.0,$4.15,1.33,$-16.82,0.0,$1.60,3.45,$0.03B,$0.00B,16.88,$0.43B,$0.20B,2.16,$0.10B,$0.08B,83.17%,$0.10B,$0.07B,66.34%,$0.10B,$0.07B,66.34%,$0.10B,$0.08B,78.22%,$0.10B,$0.05B,52.48%,$0.10B,$0.04B,38.61%,$0.04B,$0.20B,21.91%,$0.04B,$0.20B,21.91%,$0.04B,$0.64B,7.31%,$0.07B,$0.63B,13.04%,$32,$7,$25,$0,$1,$14,$18,$-6,$13,$0,$13,$13,$13,$24,$18,$25,25,$0.50,$0.50,$24,$0,$2,$29,$0,$4,$0,$0,$7,$644,$2,$428,$15,$444,$446,$204,$0,$0,$198,$644,$19,$12,$0,$12,$0,$0,$0,$0,$-2,$29,$-154,$0,$0,$0,$0,$-22,$0,$-177,$0,$-52,$145,$0,$0,$-19,$56,$130,$-17,$0,$0
42,2008-03-31,5.09,$0.00,0.0,$3.57,1.43,$-17.07,0.0,$1.32,3.86,$0.02B,$0.00B,24.69,$0.37B,$0.18B,2.03,$0.09B,$0.07B,84.71%,$0.09B,$0.06B,69.41%,$0.09B,$0.06B,69.41%,$0.09B,$0.07B,76.47%,$0.09B,$0.05B,52.94%,$0.09B,$0.03B,36.47%,$0.03B,$0.18B,16.40%,$0.03B,$0.18B,16.40%,$0.03B,$0.58B,6.81%,$0.06B,$0.55B,13.42%,$27,$6,$21,$0,$1,$12,$15,$-5,$9,$0,$9,$9,$9,$21,$15,$27,27,$0.35,$0.35,$17,$0,$0,$18,$0,$0,$0,$4,$6,$581,$1,$369,$29,$399,$399,$203,$0,$0,$182,$581,$9,$6,$0,$6,$0,$0,$0,$0,$-5,$11,$-94,$0,$0,$0,$0,$0,$-1,$-95,$0,$-52,$94,$0,$0,$-9,$49,$82,$-3,$0,$0
