,Date,Stock Price,Book Value per Share,Price to Book Ratio,TTM Sales per Share,Price to Sales Ratio,TTM FCF per Share,Price to FCF Ratio,TTM Net EPS,PE Ratio,Current Assets,Current Liabilities,Current Ratio,Long Term Debt,Shareholder's Equity_x,Debt to Equity Ratio,TTM Revenue_x,TTM Gross Profit,Gross Margin,TTM Revenue_y,TTM Operating Income,Operating Margin,TTM Revenue_x,TTM EBIT,EBIT Margin,TTM Revenue_y,TTM EBITDA,EBITDA Margin,TTM Revenue_x,TTM Pre-Tax Income,Pre-Tax Margin,TTM Revenue_y,TTM Net Income_x,Net Margin,TTM Net Income_y,Shareholder's Equity_y,Return on Equity,TTM Net Income_x,Tangible Equity,Return on Tangible Equity,TTM Net Income_y,Total Assets,Return on Assets,TTM Net Income,LT Investments & Debt,Return on Investment,revenue,cost-goods-sold,gross-profit,research-development-expenses,selling-general-administrative-expenses,operating-expenses,operating-income,total-non-operating-income-expense,pre-tax-income,total-provision-income-taxes,income-after-taxes,income-from-continuous-operations,net-income,ebitda,ebit,basic-shares-outstanding,shares-outstanding,eps-basic-net-earnings-per-share,eps-earnings-per-share-diluted,cash-on-hand,inventory,other-current-assets,total-current-assets,net-property-plant-equipment,long-term-investments,goodwill-intangible-assets-total,other-long-term-assets,total-long-term-assets,total-assets,total-current-liabilities,long-term-debt,other-non-current-liabilities,total-long-term-liabilities,total-liabilities,common-stock-net,retained-earnings-accumulated-deficit,comprehensive-income,total-share-holder-equity,total-liabilities-share-holders-equity,net-income-loss,total-depreciation-amortization-cash-flow,other-non-cash-items,total-non-cash-items,change-in-accounts-receivable,change-in-inventories,change-in-accounts-payable,change-in-assets-liabilities,total-change-in-assets-liabilities,cash-flow-from-operating-activities,net-change-in-property-plant-equipment,net-change-in-intangible-assets,net-acquisitions-divestitures,net-change-in-short-term-investments,net-change-in-long-term-investments,net-change-in-investments-total,investing-activities-other,cash-flow-from-investing-activities,net-long-term-debt,net-current-debt,debt-issuance-retirement-net-total,net-common-equity-issued-repurchased,net-total-equity-issued-repurchased,total-common-preferred-stock-dividends-paid,financial-activities-other,cash-flow-from-financial-activities,net-cash-flow,stock-based-compensation,common-stock-dividends-paid
0,2018-07-31,57.39,$6.76,8.49,$7.48,7.67,$2.39,24.02,$1.72,33.37,$0.71B,$0.28B,2.56,$0.40B,$1.58B,0.25,$1.81B,$0.76B,42.22%,$1.81B,$0.59B,32.41%,$1.81B,$0.59B,32.41%,$1.81B,$0.66B,36.73%,$1.81B,$0.56B,31.14%,$1.81B,$0.42B,23.16%,$0.42B,$1.58B,30.06%,$0.42B,$1.18B,42.63%,$0.42B,$2.31B,19.26%,$0.59B,$1.98B,32.00%,$449,$261,$188,$0,$52,$314,$135,$-2,$133,$23,$110,$110,$110,$163,$135,$232,242,$0.46,$0.46,$275,$17,$34,$709,$1163,$0,$402,$33,$1599,$2308,$277,$399,$4,$449,$727,$0,$1162,$-108,$1581,$2308,$418,$79,$46,$125,$-40,$-4,$0,$-5,$-8,$535,$-290,$0,$2,$0,$0,$0,$0,$-288,$0,$-231,$-231,$50,$50,$-0,$-1,$-182,$64,$23,$-0
1,2018-04-30,51.08,$6.29,8.12,$7.22,7.07,$2.05,24.9,$1.57,32.54,$0.63B,$0.27B,2.33,$0.40B,$1.46B,0.27,$1.74B,$0.74B,42.71%,$1.74B,$0.56B,32.33%,$1.74B,$0.56B,32.33%,$1.74B,$0.62B,35.97%,$1.74B,$0.54B,30.84%,$1.74B,$0.38B,21.79%,$0.38B,$1.46B,29.76%,$0.38B,$1.05B,44.15%,$0.38B,$2.17B,18.10%,$0.56B,$1.86B,32.14%,$478,$259,$219,$0,$44,$304,$175,$-3,$171,$44,$127,$127,$127,$191,$175,$232,243,$0.55,$0.52,$204,$17,$35,$631,$1088,$0,$412,$33,$1534,$2165,$271,$399,$4,$434,$704,$0,$1054,$-90,$1461,$2165,$308,$51,$23,$74,$-43,$-7,$0,$-2,$-5,$377,$-176,$0,$0,$0,$0,$0,$-9,$-185,$0,$-231,$-231,$27,$27,$-0,$-0,$-205,$-6,$17,$-0
2,2018-01-31,44.07,$5.74,7.67,$6.83,6.45,$2.17,20.33,$1.43,30.82,$0.67B,$0.38B,1.78,$0.40B,$1.33B,0.3,$1.63B,$0.70B,42.61%,$1.63B,$0.52B,32.07%,$1.63B,$0.52B,32.07%,$1.63B,$0.58B,35.81%,$1.63B,$0.50B,30.35%,$1.63B,$0.34B,20.97%,$0.34B,$1.33B,29.57%,$0.34B,$0.92B,43.90%,$0.34B,$2.14B,17.10%,$0.52B,$1.73B,31.33%,$459,$267,$192,$0,$41,$308,$151,$-7,$144,$41,$103,$103,$103,$169,$151,$231,241,$0.45,$0.43,$195,$13,$38,$666,$1025,$0,$414,$38,$1477,$2144,$375,$401,$4,$437,$812,$0,$926,$-79,$1332,$2144,$181,$34,$20,$54,$-86,$-3,$0,$-11,$-48,$186,$-108,$0,$0,$0,$0,$0,$0,$-108,$0,$-120,$-120,$19,$19,$-0,$-0,$-101,$-15,$11,$-0
3,2017-10-31,36.29,$5.14,7.06,$6.41,5.66,$2.11,17.18,$1.28,28.35,$0.65B,$0.29B,2.26,$0.55B,$1.19B,0.46,$1.52B,$0.65B,42.71%,$1.52B,$0.48B,31.60%,$1.52B,$0.48B,31.60%,$1.52B,$0.54B,35.41%,$1.52B,$0.45B,29.63%,$1.52B,$0.31B,20.04%,$0.31B,$1.19B,29.12%,$0.31B,$0.78B,43.12%,$0.31B,$2.06B,15.85%,$0.48B,$1.74B,30.02%,$419,$256,$163,$0,$39,$295,$124,$-10,$114,$37,$78,$78,$78,$140,$124,$231,239,$0.34,$0.32,$224,$10,$38,$654,$960,$0,$412,$36,$1408,$2063,$289,$551,$3,$585,$874,$0,$823,$-102,$1189,$2063,$78,$16,$13,$29,$-56,$0,$0,$-9,$-13,$93,$-39,$0,$0,$0,$0,$0,$0,$-39,$0,$-49,$-49,$9,$9,$0,$-0,$-40,$14,$5,$0
4,2017-07-31,31.49,$4.77,6.61,$6.11,5.15,$2.04,15.44,$1.67,18.91,$0.59B,$0.30B,1.94,$0.55B,$1.10B,0.5,$1.45B,$0.63B,43.62%,$1.45B,$0.46B,31.88%,$1.45B,$0.46B,31.88%,$1.45B,$0.52B,35.82%,$1.45B,$0.44B,30.37%,$1.45B,$0.39B,27.19%,$0.39B,$1.10B,41.39%,$0.39B,$0.68B,60.76%,$0.39B,$1.98B,21.28%,$0.46B,$1.65B,30.56%,$379,$211,$167,$0,$37,$268,$111,$-4,$106,$36,$70,$70,$70,$124,$111,$229,237,$0.30,$0.30,$210,$10,$31,$587,$944,$0,$416,$34,$1395,$1983,$302,$551,$3,$582,$884,$0,$745,$-101,$1099,$1983,$394,$57,$61,$119,$-39,$1,$0,$0,$-21,$492,$-332,$0,$0,$0,$-4,$-4,$0,$-336,$0,$-7,$-7,$35,$35,$0,$-135,$-107,$54,$21,$0
5,2017-04-30,30.9,$4.37,7.07,$5.88,5.26,$2.02,15.32,$1.72,17.97,$0.59B,$0.22B,2.68,$0.55B,$1.01B,0.55,$1.40B,$0.61B,43.19%,$1.40B,$0.46B,32.57%,$1.40B,$0.46B,32.57%,$1.40B,$0.52B,36.71%,$1.40B,$0.44B,31.36%,$1.40B,$0.41B,29.08%,$0.41B,$1.01B,46.86%,$0.41B,$0.74B,67.61%,$0.41B,$1.81B,23.07%,$0.46B,$1.56B,31.86%,$374,$201,$173,$0,$36,$237,$137,$-6,$131,$41,$91,$91,$91,$151,$137,$230,237,$0.39,$0.38,$190,$9,$32,$594,$913,$0,$266,$36,$1218,$1812,$221,$551,$3,$584,$805,$0,$676,$-114,$1006,$1812,$324,$44,$37,$81,$-36,$1,$0,$-3,$-57,$348,$-124,$0,$0,$0,$-4,$-4,$-10,$-138,$0,$-73,$-73,$32,$32,$0,$-135,$-176,$34,$16,$0
6,2017-01-31,28.37,$3.90,7.27,$5.77,4.92,$1.35,21.03,$1.66,17.09,$0.66B,$0.35B,1.91,$0.57B,$0.90B,0.63,$1.38B,$0.59B,42.95%,$1.38B,$0.44B,32.12%,$1.38B,$0.44B,32.12%,$1.38B,$0.50B,36.26%,$1.38B,$0.43B,30.96%,$1.38B,$0.39B,28.49%,$0.39B,$0.90B,49.09%,$0.39B,$0.63B,74.31%,$0.39B,$1.84B,22.77%,$0.44B,$1.46B,31.75%,$350,$203,$147,$0,$38,$241,$109,$-9,$100,$34,$66,$66,$66,$124,$109,$229,236,$0.29,$0.28,$175,$9,$34,$659,$882,$0,$266,$33,$1182,$1841,$346,$566,$3,$600,$946,$0,$585,$-120,$896,$1841,$233,$30,$34,$65,$-75,$1,$0,$-5,$-142,$156,$-92,$0,$0,$0,$-1,$-1,$0,$-93,$0,$72,$72,$22,$22,$0,$-135,$-40,$19,$11,$0
7,2016-10-31,26.24,$3.53,7.44,$5.49,4.78,$1.10,23.79,$1.62,16.19,$0.63B,$0.36B,1.76,$0.57B,$0.81B,0.71,$1.33B,$0.57B,42.91%,$1.33B,$0.43B,32.05%,$1.33B,$0.43B,32.05%,$1.33B,$0.48B,36.12%,$1.33B,$0.42B,31.52%,$1.33B,$0.39B,29.03%,$0.39B,$0.81B,50.84%,$0.39B,$0.54B,79.67%,$0.39B,$1.77B,23.16%,$0.43B,$1.38B,31.40%,$346,$201,$145,$0,$40,$241,$105,$-2,$103,$-65,$167,$167,$167,$120,$105,$225,238,$0.74,$0.70,$168,$9,$31,$631,$841,$0,$265,$32,$1140,$1770,$358,$573,$2,$605,$963,$0,$519,$-128,$807,$1770,$167,$15,$28,$42,$-29,$1,$0,$-3,$-135,$74,$-38,$0,$0,$0,$-1,$-1,$0,$-39,$0,$104,$104,$14,$14,$0,$-135,$-17,$13,$5,$0
8,2016-07-31,25.22,$3.52,7.17,$5.17,4.88,$1.17,21.48,$1.13,22.42,$0.50B,$0.28B,1.79,$0.56B,$0.77B,0.73,$1.27B,$0.55B,42.95%,$1.27B,$0.41B,31.99%,$1.27B,$0.41B,31.99%,$1.27B,$0.46B,36.01%,$1.27B,$0.40B,31.28%,$1.27B,$0.27B,21.36%,$0.27B,$0.77B,33.47%,$0.27B,$0.50B,51.11%,$0.27B,$1.65B,16.10%,$0.41B,$1.34B,28.82%,$333,$191,$141,$0,$35,$226,$106,$-0,$106,$22,$84,$84,$84,$120,$106,$229,244,$0.37,$0.35,$156,$10,$29,$499,$817,$0,$272,$38,$1151,$1650,$279,$564,$3,$597,$875,$0,$491,$-109,$774,$1650,$270,$50,$29,$78,$-54,$-3,$0,$2,$-16,$332,$-173,$0,$0,$0,$0,$0,$0,$-173,$-244,$238,$-6,$-426,$-426,$0,$-16,$-448,$-300,$21,$0
9,2016-04-30,21.42,$3.28,6.53,$4.88,4.39,$1.24,17.34,$0.99,21.64,$0.47B,$0.20B,2.28,$0.67B,$0.72B,0.94,$1.22B,$0.52B,42.94%,$1.22B,$0.39B,31.77%,$1.22B,$0.39B,31.77%,$1.22B,$0.44B,35.71%,$1.22B,$0.37B,30.54%,$1.22B,$0.24B,20.03%,$0.24B,$0.72B,28.46%,$0.24B,$0.44B,42.55%,$0.24B,$1.62B,14.18%,$0.39B,$1.39B,26.46%,$347,$190,$158,$0,$36,$225,$122,$-5,$117,$42,$75,$75,$75,$135,$122,$221,236,$0.34,$0.32,$138,$11,$30,$465,$807,$0,$281,$41,$1160,$1624,$204,$671,$3,$704,$908,$0,$407,$-84,$717,$1624,$186,$36,$17,$53,$-50,$-3,$0,$-1,$-31,$208,$-143,$0,$0,$0,$0,$0,$0,$-143,$56,$0,$56,$-436,$-436,$0,$-0,$-380,$-318,$16,$0
10,2016-01-31,16.76,$3.27,5.13,$4.54,3.69,$1.55,10.83,$0.89,18.83,$0.51B,$0.27B,1.91,$0.58B,$0.73B,0.79,$1.17B,$0.49B,42.12%,$1.17B,$0.36B,30.82%,$1.17B,$0.36B,30.82%,$1.17B,$0.41B,34.85%,$1.17B,$0.34B,29.37%,$1.17B,$0.23B,19.43%,$0.23B,$0.73B,23.60%,$0.23B,$0.45B,33.59%,$0.23B,$1.60B,12.50%,$0.36B,$1.31B,23.23%,$300,$175,$125,$0,$33,$208,$92,$-1,$92,$33,$59,$59,$59,$104,$92,$235,249,$0.25,$0.24,$159,$9,$30,$507,$744,$0,$279,$43,$1098,$1604,$265,$577,$3,$608,$873,$0,$440,$-103,$731,$1604,$112,$23,$12,$36,$-69,$-1,$0,$-4,$-64,$83,$-77,$0,$0,$-21,$0,$-21,$0,$-98,$31,$0,$31,$-322,$-322,$0,$0,$-292,$-315,$11,$0
11,2015-10-31,18.11,$4.23,4.28,$4.38,4.13,$1.71,10.56,$0.85,21.3,$0.79B,$0.22B,3.51,$0.58B,$1.02B,0.58,$1.14B,$0.48B,42.13%,$1.14B,$0.35B,30.42%,$1.14B,$0.35B,30.42%,$1.14B,$0.40B,34.53%,$1.14B,$0.33B,28.93%,$1.14B,$0.22B,19.23%,$0.22B,$1.02B,21.00%,$0.22B,$0.73B,29.03%,$0.22B,$1.86B,11.56%,$0.35B,$1.60B,21.18%,$289,$168,$121,$0,$35,$203,$86,$-4,$82,$29,$53,$53,$53,$98,$86,$240,254,$0.22,$0.21,$495,$9,$27,$786,$706,$0,$287,$47,$1070,$1856,$224,$584,$3,$615,$839,$0,$678,$-75,$1017,$1856,$53,$12,$6,$17,$-17,$-1,$0,$-4,$7,$77,$-20,$0,$0,$-21,$0,$-21,$0,$-41,$-19,$0,$-19,$0,$0,$0,$0,$-18,$17,$5,$0
12,2015-07-31,18.02,$4.01,4.49,$4.35,4.14,$1.72,10.48,$0.84,21.45,$0.74B,$0.21B,3.45,$0.59B,$0.96B,0.61,$1.15B,$0.48B,42.18%,$1.15B,$0.34B,30.04%,$1.15B,$0.34B,30.04%,$1.15B,$0.39B,34.32%,$1.15B,$0.33B,28.91%,$1.15B,$0.22B,19.21%,$0.22B,$0.96B,20.90%,$0.22B,$0.68B,28.98%,$0.22B,$1.80B,12.07%,$0.34B,$1.56B,22.15%,$282,$164,$119,$0,$32,$196,$87,$-5,$81,$24,$57,$57,$57,$98,$87,$252,263,$0.23,$0.22,$456,$9,$25,$735,$700,$0,$290,$45,$1064,$1799,$213,$591,$4,$621,$834,$0,$625,$-69,$964,$1799,$220,$49,$18,$67,$-20,$-2,$0,$7,$-22,$265,$-78,$0,$0,$0,$-5,$-5,$0,$-82,$349,$0,$349,$-227,$-227,$0,$-2,$120,$297,$18,$0
13,2015-04-30,17.79,$4.49,3.96,$4.37,4.07,$1.65,10.76,$0.82,21.82,$0.95B,$0.23B,4.16,$0.60B,$1.14B,0.53,$1.15B,$0.48B,41.83%,$1.15B,$0.33B,28.96%,$1.15B,$0.33B,28.96%,$1.15B,$0.38B,33.39%,$1.15B,$0.32B,28.17%,$1.15B,$0.21B,18.61%,$0.21B,$1.14B,20.15%,$0.21B,$0.85B,28.01%,$0.21B,$2.00B,12.23%,$0.33B,$1.74B,22.63%,$297,$170,$127,$0,$33,$202,$95,$-6,$88,$31,$58,$58,$58,$107,$95,$253,264,$0.23,$0.22,$679,$8,$25,$954,$684,$0,$291,$44,$1049,$2003,$229,$600,$4,$638,$867,$0,$780,$-67,$1136,$2003,$162,$38,$14,$52,$-22,$-1,$0,$8,$-11,$203,$-48,$0,$0,$0,$0,$0,$0,$-48,$368,$0,$368,$3,$3,$0,$0,$371,$520,$13,$0
14,2015-01-31,18.3,$4.24,4.31,$4.42,4.14,$1.57,11.68,$0.75,24.4,$0.89B,$0.24B,3.79,$0.61B,$1.07B,0.57,$1.16B,$0.49B,41.79%,$1.16B,$0.30B,25.88%,$1.16B,$0.30B,25.88%,$1.16B,$0.35B,30.27%,$1.16B,$0.30B,25.54%,$1.16B,$0.20B,16.94%,$0.20B,$1.07B,19.44%,$0.20B,$0.78B,27.78%,$0.20B,$1.95B,12.17%,$0.30B,$1.68B,22.58%,$276,$161,$115,$0,$34,$196,$80,$-0,$80,$28,$52,$52,$52,$92,$80,$253,264,$0.21,$0.20,$590,$8,$26,$888,$688,$0,$292,$46,$1064,$1952,$235,$608,$4,$644,$879,$0,$723,$-67,$1073,$1952,$105,$25,$5,$31,$-41,$-1,$0,$5,$-47,$89,$-39,$0,$0,$0,$0,$0,$0,$-39,$386,$0,$386,$3,$3,$0,$-0,$389,$432,$9,$0
15,2014-10-31,16.72,$4.11,4.07,$4.47,3.74,$1.42,11.75,$0.73,23.06,$0.46B,$0.26B,1.76,$0.20B,$1.04B,0.2,$1.17B,$0.48B,41.18%,$1.17B,$0.29B,24.89%,$1.17B,$0.29B,24.89%,$1.17B,$0.35B,29.41%,$1.17B,$0.29B,24.55%,$1.17B,$0.19B,16.20%,$0.19B,$1.04B,19.68%,$0.19B,$0.74B,28.94%,$0.19B,$1.54B,12.75%,$0.29B,$1.24B,24.37%,$290,$168,$122,$0,$40,$208,$82,$-0,$82,$30,$53,$53,$53,$96,$82,$252,263,$0.21,$0.20,$198,$8,$24,$458,$692,$0,$301,$50,$1079,$1537,$260,$204,$5,$239,$499,$0,$671,$-44,$1037,$1537,$53,$14,$3,$17,$-9,$-1,$0,$3,$14,$83,$-23,$0,$0,$0,$0,$0,$0,$-23,$-19,$0,$-19,$1,$1,$0,$0,$-18,$40,$4,$0
16,2014-07-31,16.69,$3.98,4.2,$4.44,3.76,$1.37,12.15,$0.69,24.36,$0.41B,$0.24B,1.69,$0.22B,$1.00B,0.22,$1.16B,$0.47B,40.33%,$1.16B,$0.28B,23.65%,$1.16B,$0.28B,23.65%,$1.16B,$0.33B,28.20%,$1.16B,$0.27B,23.22%,$1.16B,$0.18B,15.31%,$0.18B,$1.00B,19.52%,$0.18B,$0.69B,29.48%,$0.18B,$1.51B,12.24%,$0.28B,$1.23B,23.64%,$287,$171,$117,$0,$41,$212,$76,$-2,$74,$23,$51,$51,$51,$89,$76,$251,262,$0.21,$0.19,$159,$7,$24,$412,$692,$0,$309,$56,$1095,$1507,$244,$223,$5,$259,$503,$0,$619,$-20,$1003,$1507,$179,$54,$38,$91,$-13,$4,$0,$-16,$-8,$263,$-93,$0,$0,$0,$0,$0,$1,$-92,$-75,$-16,$-91,$12,$12,$0,$2,$-77,$95,$22,$0
17,2014-04-30,18.14,$3.73,4.86,$4.36,4.16,$0.68,26.59,$0.65,27.9,$0.39B,$0.26B,1.5,$0.24B,$0.94B,0.26,$1.14B,$0.46B,39.91%,$1.14B,$0.26B,22.98%,$1.14B,$0.26B,22.98%,$1.14B,$0.32B,27.81%,$1.14B,$0.26B,22.63%,$1.14B,$0.17B,14.74%,$0.17B,$0.94B,19.73%,$0.17B,$0.63B,30.57%,$0.17B,$1.48B,11.90%,$0.26B,$1.18B,23.36%,$310,$177,$132,$0,$41,$247,$63,$-1,$61,$20,$41,$41,$41,$75,$63,$252,263,$0.16,$0.16,$133,$10,$24,$386,$686,$0,$314,$58,$1091,$1477,$257,$242,$5,$280,$537,$0,$568,$-22,$940,$1477,$128,$40,$32,$72,$-9,$1,$0,$-15,$8,$208,$-76,$0,$0,$0,$0,$0,$1,$-75,$-56,$-16,$-73,$7,$7,$0,$1,$-65,$69,$17,$0
18,2014-01-31,17.14,$3.50,4.9,$4.24,4.04,$0.33,51.52,$0.70,24.49,$0.33B,$0.26B,1.28,$0.26B,$0.88B,0.3,$1.11B,$0.44B,39.62%,$1.11B,$0.28B,25.45%,$1.11B,$0.28B,25.45%,$1.11B,$0.34B,30.69%,$1.11B,$0.28B,25.18%,$1.11B,$0.18B,16.25%,$0.18B,$0.88B,22.57%,$0.18B,$0.57B,34.70%,$0.18B,$1.44B,13.17%,$0.28B,$1.14B,25.97%,$286,$175,$112,$0,$40,$215,$71,$-1,$71,$25,$45,$45,$45,$85,$71,$251,262,$0.18,$0.18,$46,$10,$25,$333,$707,$0,$311,$57,$1106,$1438,$260,$261,$5,$298,$558,$0,$527,$-32,$881,$1438,$87,$28,$3,$30,$-39,$1,$0,$-18,$-41,$76,$-64,$0,$0,$0,$0,$0,$0,$-63,$-38,$1,$-37,$6,$6,$0,$1,$-30,$-17,$11,$0
19,2013-10-31,16.12,$3.28,4.92,$4.18,3.86,$0.17,97.43,$0.68,23.7,$0.32B,$0.26B,1.24,$0.28B,$0.82B,0.34,$1.09B,$0.42B,38.97%,$1.09B,$0.27B,25.18%,$1.09B,$0.27B,25.18%,$1.09B,$0.33B,30.51%,$1.09B,$0.27B,24.72%,$1.09B,$0.18B,16.08%,$0.18B,$0.82B,23.51%,$0.18B,$0.53B,35.95%,$0.18B,$1.40B,13.25%,$0.27B,$1.10B,26.08%,$280,$172,$108,$0,$43,$215,$65,$-1,$64,$23,$41,$41,$41,$79,$65,$251,261,$0.17,$0.16,$77,$9,$23,$321,$692,$0,$297,$58,$1076,$1397,$258,$280,$6,$317,$575,$0,$482,$-33,$823,$1397,$41,$15,$1,$16,$-5,$2,$0,$-18,$10,$68,$-20,$-0,$0,$0,$0,$0,$0,$-21,$0,$-35,$-35,$0,$0,$0,$0,$-35,$13,$5,$0
20,2013-07-31,16.26,$3.04,5.35,$4.04,4.03,$0.09,179.02,$0.70,23.22,$0.31B,$0.24B,1.29,$0.30B,$0.76B,0.39,$1.05B,$0.42B,40.21%,$1.05B,$0.28B,27.03%,$1.05B,$0.28B,27.03%,$1.05B,$0.34B,32.47%,$1.05B,$0.28B,26.46%,$1.05B,$0.18B,17.19%,$0.18B,$0.76B,26.06%,$0.18B,$0.48B,39.45%,$0.18B,$1.33B,14.11%,$0.28B,$1.06B,27.90%,$264,$161,$103,$0,$40,$201,$63,$-1,$62,$21,$41,$41,$41,$78,$63,$250,260,$0.17,$0.16,$64,$11,$22,$306,$678,$0,$285,$35,$1028,$1334,$239,$296,$6,$334,$572,$0,$441,$-47,$762,$1334,$180,$57,$9,$65,$-31,$-2,$0,$-29,$-46,$199,$-211,$0,$0,$0,$0,$0,$3,$-208,$-97,$16,$-80,$8,$8,$0,$6,$-66,$-76,$20,$0
21,2013-04-30,17.63,$2.89,6.1,$3.88,4.54,$0.80,22.12,$0.72,24.65,$0.35B,$0.22B,1.62,$0.31B,$0.72B,0.43,$1.01B,$0.42B,41.29%,$1.01B,$0.29B,28.61%,$1.01B,$0.29B,28.61%,$1.01B,$0.34B,33.96%,$1.01B,$0.28B,27.92%,$1.01B,$0.18B,18.22%,$0.18B,$0.72B,28.73%,$0.18B,$0.50B,43.17%,$0.18B,$1.30B,14.95%,$0.29B,$1.04B,29.42%,$278,$162,$116,$0,$33,$195,$83,$-1,$82,$29,$53,$53,$53,$98,$83,$251,261,$0.21,$0.21,$139,$11,$20,$353,$677,$0,$222,$23,$946,$1299,$218,$314,$7,$356,$574,$0,$400,$-37,$724,$1299,$139,$42,$4,$47,$-24,$-2,$0,$-11,$-2,$183,$-143,$0,$0,$0,$0,$0,$3,$-140,$-56,$0,$-56,$6,$6,$0,$6,$-44,$-1,$15,$0
22,2013-01-31,17.96,$2.66,6.74,$3.75,4.78,$1.30,13.86,$0.73,24.77,$0.31B,$0.21B,1.47,$0.33B,$0.67B,0.5,$0.98B,$0.42B,42.62%,$0.98B,$0.29B,30.12%,$0.98B,$0.29B,30.12%,$0.98B,$0.35B,35.35%,$0.98B,$0.29B,29.20%,$0.98B,$0.19B,19.06%,$0.19B,$0.67B,30.78%,$0.19B,$0.44B,47.27%,$0.19B,$1.25B,15.41%,$0.29B,$1.00B,30.50%,$266,$169,$97,$0,$34,$203,$63,$-2,$61,$21,$40,$40,$40,$77,$63,$249,259,$0.16,$0.16,$50,$11,$24,$312,$657,$0,$225,$32,$942,$1254,$213,$333,$7,$374,$586,$0,$347,$-32,$668,$1254,$85,$27,$-2,$25,$-58,$-3,$0,$-15,$-57,$53,$-85,$-31,$0,$0,$0,$0,$1,$-115,$-38,$0,$-38,$3,$3,$0,$5,$-29,$-91,$10,$0
23,2012-10-31,14.4,$2.45,5.88,$3.59,4.01,$1.71,8.44,$0.73,19.86,$0.33B,$0.22B,1.51,$0.35B,$0.61B,0.58,$0.94B,$0.42B,44.67%,$0.94B,$0.30B,31.45%,$0.94B,$0.30B,31.45%,$0.94B,$0.34B,36.67%,$0.94B,$0.29B,30.49%,$0.94B,$0.19B,19.94%,$0.19B,$0.61B,33.16%,$0.19B,$0.40B,52.16%,$0.19B,$1.22B,15.87%,$0.30B,$0.96B,31.31%,$239,$133,$105,$0,$31,$165,$74,$-3,$72,$26,$46,$46,$46,$87,$74,$249,257,$0.19,$0.18,$131,$8,$19,$327,$625,$0,$206,$31,$887,$1215,$217,$350,$8,$388,$606,$0,$308,$-31,$609,$1215,$46,$13,$-1,$12,$-10,$1,$0,$-7,$17,$75,$-48,$0,$0,$0,$0,$0,$-10,$-58,$-19,$0,$-19,$-10,$-10,$0,$2,$-27,$-9,$5,$0
24,2012-07-31,11.88,$2.26,5.27,$3.51,3.39,$1.81,6.55,$0.70,16.97,$0.32B,$0.19B,1.72,$0.37B,$0.56B,0.66,$0.93B,$0.41B,44.22%,$0.93B,$0.29B,30.92%,$0.93B,$0.29B,30.92%,$0.93B,$0.33B,36.11%,$0.93B,$0.28B,30.05%,$0.93B,$0.18B,19.68%,$0.18B,$0.56B,33.06%,$0.18B,$0.36B,52.87%,$0.18B,$1.15B,15.41%,$0.29B,$0.93B,30.18%,$227,$127,$99,$0,$30,$157,$69,$-2,$67,$23,$45,$45,$45,$81,$69,$256,263,$0.18,$0.17,$140,$8,$20,$321,$587,$0,$204,$19,$833,$1154,$186,$369,$8,$407,$593,$0,$273,$-38,$561,$1154,$182,$48,$8,$56,$-16,$-0,$0,$7,$-9,$230,$-56,$0,$0,$0,$0,$0,$8,$-48,$69,$0,$69,$-188,$-188,$0,$4,$-115,$66,$22,$0
25,2012-04-30,13.21,$2.28,5.79,$3.35,3.95,$1.67,7.91,$0.67,19.64,$0.38B,$0.20B,1.93,$0.39B,$0.58B,0.67,$0.91B,$0.40B,43.70%,$0.91B,$0.28B,30.67%,$0.91B,$0.28B,30.67%,$0.91B,$0.33B,35.93%,$0.91B,$0.27B,30.01%,$0.91B,$0.18B,19.50%,$0.18B,$0.58B,32.42%,$0.18B,$0.37B,52.20%,$0.18B,$1.21B,15.30%,$0.28B,$0.97B,29.94%,$244,$129,$115,$0,$27,$156,$88,$-3,$85,$29,$55,$55,$55,$100,$88,$253,261,$0.22,$0.22,$207,$7,$26,$383,$575,$0,$207,$19,$821,$1205,$199,$388,$5,$427,$626,$0,$279,$-27,$579,$1205,$137,$36,$9,$45,$-6,$0,$0,$10,$14,$197,$-27,$0,$0,$0,$0,$0,$0,$-27,$88,$0,$88,$-127,$-127,$0,$2,$-37,$133,$16,$0
26,2012-01-31,11.76,$2.01,5.87,$3.24,3.62,$1.48,7.97,$0.64,18.52,$0.33B,$0.19B,1.76,$0.41B,$0.51B,0.8,$0.91B,$0.39B,43.38%,$0.91B,$0.27B,30.24%,$0.91B,$0.27B,30.24%,$0.91B,$0.32B,35.43%,$0.91B,$0.27B,29.69%,$0.91B,$0.17B,19.09%,$0.17B,$0.51B,30.58%,$0.17B,$0.30B,48.49%,$0.17B,$1.14B,14.91%,$0.27B,$0.91B,29.16%,$228,$128,$100,$0,$27,$164,$64,$-1,$62,$22,$41,$41,$41,$76,$64,$257,263,$0.16,$0.16,$128,$7,$31,$328,$569,$0,$205,$19,$811,$1140,$186,$407,$6,$446,$632,$0,$226,$-36,$507,$1140,$82,$24,$9,$33,$-30,$0,$0,$7,$-24,$90,$-14,$0,$0,$0,$0,$0,$0,$-14,$106,$0,$106,$-128,$-128,$0,$1,$-21,$54,$11,$0
27,2011-10-31,10.89,$2.13,5.11,$3.01,3.62,$1.40,7.75,$0.60,18.3,$0.38B,$0.21B,1.84,$0.43B,$0.56B,0.77,$0.89B,$0.38B,42.82%,$0.89B,$0.27B,30.51%,$0.89B,$0.27B,30.51%,$0.89B,$0.32B,35.82%,$0.89B,$0.27B,30.28%,$0.89B,$0.17B,19.21%,$0.17B,$0.56B,28.37%,$0.17B,$0.35B,43.09%,$0.17B,$1.23B,14.50%,$0.27B,$0.98B,28.15%,$226,$130,$95,$0,$30,$160,$65,$-2,$64,$23,$41,$41,$41,$77,$65,$263,268,$0.16,$0.16,$213,$6,$17,$384,$595,$0,$209,$26,$842,$1226,$209,$425,$3,$462,$671,$315,$267,$-27,$555,$1226,$41,$12,$0,$12,$-13,$1,$0,$-1,$11,$64,$-7,$0,$0,$0,$0,$0,$0,$-7,$125,$0,$125,$-43,$-43,$0,$-0,$82,$139,$5,$0
28,2011-07-31,10.86,$2.10,5.17,$2.80,3.88,$1.39,7.83,$0.55,19.66,$0.24B,$0.17B,1.45,$0.33B,$0.56B,0.59,$0.87B,$0.37B,42.78%,$0.87B,$0.27B,30.39%,$0.87B,$0.27B,30.39%,$0.87B,$0.31B,35.67%,$0.87B,$0.26B,30.28%,$0.87B,$0.17B,19.15%,$0.17B,$0.56B,23.03%,$0.17B,$0.34B,31.79%,$0.17B,$1.08B,14.29%,$0.27B,$0.88B,27.07%,$215,$126,$89,$0,$26,$152,$63,$-1,$63,$22,$41,$41,$41,$75,$63,$303,307,$0.14,$0.14,$74,$8,$17,$242,$600,$0,$211,$21,$843,$1084,$167,$325,$2,$363,$529,$0,$264,$-23,$555,$1084,$166,$46,$16,$61,$-13,$-3,$0,$13,$15,$243,$-84,$0,$0,$0,$0,$0,$0,$-84,$375,$0,$375,$-731,$-731,$0,$2,$-354,$-194,$19,$0
29,2011-04-30,11.35,$2.34,4.84,$2.66,4.27,$1.18,9.62,$0.51,22.14,$0.35B,$0.17B,2.06,$0.34B,$0.65B,0.52,$0.85B,$0.37B,43.68%,$0.85B,$0.26B,30.58%,$0.85B,$0.26B,30.58%,$0.85B,$0.30B,35.89%,$0.85B,$0.26B,30.58%,$0.85B,$0.16B,19.13%,$0.16B,$0.65B,18.88%,$0.16B,$0.44B,24.41%,$0.16B,$1.19B,13.45%,$0.26B,$0.98B,25.13%,$237,$128,$109,$0,$27,$155,$82,$-2,$80,$30,$50,$50,$50,$93,$82,$279,284,$0.18,$0.18,$192,$6,$16,$353,$599,$0,$211,$19,$838,$1191,$171,$338,$1,$374,$545,$320,$347,$-20,$646,$1191,$126,$34,$10,$45,$-7,$-1,$0,$11,$30,$201,$-71,$0,$0,$0,$0,$0,$0,$-71,$388,$0,$388,$-596,$-596,$0,$1,$-208,$-76,$14,$0
30,2011-01-31,9.81,$2.28,4.3,$2.47,3.97,$1.07,9.2,$0.47,21.1,$0.39B,$0.16B,2.44,$0.35B,$0.64B,0.55,$0.83B,$0.36B,43.49%,$0.83B,$0.25B,30.00%,$0.83B,$0.25B,30.00%,$0.83B,$0.29B,35.42%,$0.83B,$0.25B,30.24%,$0.83B,$0.16B,18.80%,$0.16B,$0.64B,16.28%,$0.16B,$0.45B,20.27%,$0.16B,$1.19B,12.92%,$0.25B,$0.99B,23.80%,$207,$121,$86,$0,$26,$147,$60,$1,$61,$23,$38,$38,$38,$72,$60,$325,328,$0.12,$0.12,$204,$6,$20,$392,$576,$0,$189,$21,$796,$1188,$161,$350,$1,$386,$547,$316,$354,$-30,$641,$1188,$76,$23,$7,$30,$-28,$-1,$0,$1,$-13,$93,$-22,$0,$0,$0,$0,$0,$0,$-22,$400,$0,$400,$-535,$-535,$0,$-1,$-136,$-64,$9,$0
31,2010-10-31,8.47,$3.22,2.63,$2.36,3.59,$0.92,9.22,$0.46,18.6,$0.42B,$0.12B,3.59,$0.00B,$1.06B,0.0,$0.80B,$0.35B,44.25%,$0.80B,$0.24B,30.25%,$0.80B,$0.24B,30.25%,$0.80B,$0.29B,35.75%,$0.80B,$0.24B,30.38%,$0.80B,$0.15B,19.25%,$0.15B,$1.06B,14.69%,$0.15B,$0.87B,17.93%,$0.15B,$1.21B,12.86%,$0.24B,$1.06B,23.08%,$213,$124,$89,$0,$29,$153,$60,$1,$60,$22,$38,$38,$38,$71,$60,$335,338,$0.11,$0.11,$260,$4,$21,$417,$575,$0,$190,$19,$793,$1210,$116,$0,$1,$35,$151,$361,$726,$-28,$1059,$1210,$38,$12,$5,$17,$-8,$1,$0,$7,$23,$78,$-11,$0,$0,$0,$0,$0,$0,$-11,$0,$0,$0,$-75,$-75,$0,$0,$-75,$-8,$5,$0
32,2010-07-31,9.11,$3.22,2.83,$2.27,4.01,$0.88,10.32,$0.45,20.36,$0.44B,$0.11B,4.08,$0.00B,$1.09B,0.0,$0.77B,$0.35B,45.08%,$0.77B,$0.24B,30.83%,$0.77B,$0.24B,30.83%,$0.77B,$0.28B,36.53%,$0.77B,$0.24B,31.09%,$0.77B,$0.15B,19.56%,$0.15B,$1.09B,14.74%,$0.15B,$0.90B,18.04%,$0.15B,$1.23B,12.85%,$0.24B,$1.09B,23.23%,$190,$104,$86,$0,$29,$133,$57,$0,$58,$21,$36,$36,$36,$68,$57,$337,340,$0.11,$0.11,$268,$5,$30,$437,$574,$0,$189,$19,$791,$1229,$107,$1,$1,$34,$142,$366,$754,$-33,$1087,$1229,$152,$43,$9,$52,$2,$-0,$0,$-13,$-4,$199,$-95,$0,$0,$0,$0,$0,$-1,$-96,$0,$0,$0,$-4,$-4,$0,$6,$1,$105,$18,$0
33,2010-04-30,8.92,$3.10,2.88,$2.26,3.96,$0.96,9.28,$0.44,20.16,$0.42B,$0.12B,3.48,$0.00B,$1.05B,0.0,$0.77B,$0.34B,44.65%,$0.77B,$0.24B,30.81%,$0.77B,$0.24B,30.81%,$0.77B,$0.28B,36.42%,$0.77B,$0.24B,31.07%,$0.77B,$0.15B,19.58%,$0.15B,$1.05B,15.26%,$0.15B,$0.86B,18.81%,$0.15B,$1.20B,13.24%,$0.24B,$1.05B,24.01%,$220,$120,$100,$0,$28,$148,$72,$-1,$72,$27,$44,$44,$44,$83,$72,$337,341,$0.13,$0.13,$264,$4,$27,$420,$563,$0,$187,$18,$782,$1202,$121,$0,$1,$35,$156,$356,$726,$-36,$1046,$1202,$115,$32,$6,$38,$9,$0,$0,$-12,$21,$174,$-56,$-21,$0,$0,$0,$0,$0,$-78,$0,$0,$0,$2,$2,$0,$3,$5,$102,$13,$0
34,2010-01-31,8.44,$2.97,2.84,$2.19,3.85,$0.88,9.55,$0.44,19.29,$0.37B,$0.11B,3.27,$0.00B,$1.00B,0.0,$0.74B,$0.33B,44.01%,$0.74B,$0.23B,30.82%,$0.74B,$0.23B,30.82%,$0.74B,$0.27B,36.47%,$0.74B,$0.23B,31.22%,$0.74B,$0.15B,19.92%,$0.15B,$1.00B,15.78%,$0.15B,$0.81B,19.60%,$0.15B,$1.15B,13.66%,$0.23B,$1.00B,24.42%,$177,$98,$79,$0,$25,$123,$53,$-0,$53,$17,$36,$36,$36,$64,$53,$336,340,$0.11,$0.11,$189,$4,$31,$365,$558,$0,$192,$20,$783,$1148,$112,$0,$1,$35,$146,$349,$682,$-30,$1001,$1148,$71,$21,$1,$22,$-10,$1,$0,$-6,$-11,$83,$-60,$0,$0,$0,$0,$0,$0,$-60,$0,$0,$0,$0,$0,$0,$2,$2,$27,$9,$0
35,2009-10-31,8.04,$2.86,2.81,$2.17,3.7,$0.79,10.14,$0.41,19.5,$0.37B,$0.13B,2.9,$0.00B,$0.96B,0.0,$0.74B,$0.32B,42.80%,$0.74B,$0.22B,30.16%,$0.74B,$0.22B,30.16%,$0.74B,$0.26B,35.73%,$0.74B,$0.22B,30.30%,$0.74B,$0.14B,18.89%,$0.14B,$0.96B,15.57%,$0.14B,$0.78B,19.44%,$0.14B,$1.12B,13.42%,$0.22B,$0.96B,24.86%,$185,$103,$83,$0,$26,$129,$56,$1,$57,$22,$35,$35,$35,$67,$56,$336,340,$0.11,$0.11,$218,$4,$28,$366,$546,$0,$181,$20,$757,$1123,$126,$0,$2,$34,$160,$342,$646,$-26,$963,$1123,$35,$11,$-0,$10,$-1,$0,$0,$-1,$32,$78,$-23,$0,$0,$0,$0,$0,$0,$-23,$0,$0,$0,$-3,$-3,$0,$2,$-0,$56,$4,$0
36,2009-07-31,8.83,$2.74,3.22,$2.19,4.03,$0.70,12.6,$0.42,21.14,$0.32B,$0.10B,3.05,$0.00B,$0.92B,0.0,$0.74B,$0.31B,41.99%,$0.74B,$0.23B,30.28%,$0.74B,$0.23B,30.28%,$0.74B,$0.27B,35.80%,$0.74B,$0.23B,30.55%,$0.74B,$0.14B,18.98%,$0.14B,$0.92B,16.51%,$0.14B,$0.74B,20.87%,$0.14B,$1.06B,14.21%,$0.23B,$0.92B,26.35%,$184,$104,$80,$0,$25,$129,$55,$1,$56,$22,$35,$35,$35,$65,$55,$334,340,$0.10,$0.10,$163,$5,$29,$316,$531,$0,$182,$30,$742,$1058,$104,$0,$2,$33,$137,$334,$614,$-27,$921,$1058,$141,$41,$0,$42,$1,$-0,$0,$-6,$20,$203,$-72,$0,$0,$0,$0,$0,$12,$-60,$0,$-18,$-18,$-5,$-5,$0,$5,$-18,$124,$9,$0
37,2009-04-30,7.85,$2.59,3.03,$2.22,3.53,$0.45,17.37,$0.43,18.14,$0.28B,$0.11B,2.55,$0.00B,$0.87B,0.0,$0.77B,$0.32B,41.70%,$0.77B,$0.24B,30.72%,$0.77B,$0.24B,30.72%,$0.77B,$0.28B,36.21%,$0.77B,$0.24B,31.24%,$0.77B,$0.15B,19.22%,$0.15B,$0.87B,17.85%,$0.15B,$0.69B,22.94%,$0.15B,$1.01B,15.20%,$0.24B,$0.87B,28.54%,$197,$112,$85,$0,$21,$132,$65,$1,$66,$25,$41,$41,$42,$75,$65,$335,339,$0.13,$0.13,$119,$4,$30,$275,$524,$0,$175,$23,$731,$1006,$108,$0,$2,$33,$140,$324,$583,$-41,$866,$1006,$106,$31,$-4,$28,$2,$0,$0,$-8,$20,$155,$-64,$0,$0,$0,$0,$0,$12,$-52,$0,$-18,$-18,$-4,$-4,$0,$1,$-20,$80,$1,$0
38,2009-01-31,6.02,$2.46,2.45,$2.26,2.67,$0.24,25.36,$0.44,13.77,$0.23B,$0.11B,2.1,$0.00B,$0.82B,0.0,$0.79B,$0.32B,40.81%,$0.79B,$0.24B,30.29%,$0.79B,$0.24B,30.29%,$0.79B,$0.28B,35.49%,$0.79B,$0.24B,30.93%,$0.79B,$0.15B,19.14%,$0.15B,$0.82B,18.35%,$0.15B,$0.65B,23.80%,$0.15B,$0.96B,15.61%,$0.24B,$0.82B,29.05%,$170,$103,$67,$0,$22,$124,$46,$-1,$44,$17,$27,$27,$27,$56,$46,$334,337,$0.08,$0.08,$22,$4,$37,$228,$521,$0,$174,$23,$728,$956,$108,$0,$2,$25,$134,$326,$541,$-45,$822,$956,$64,$21,$-5,$16,$-29,$-0,$0,$-4,$-36,$45,$-52,$0,$0,$0,$0,$0,$0,$-52,$0,$-8,$-8,$-4,$-4,$0,$5,$-7,$-17,$3,$0
39,2008-10-31,8.73,$2.42,3.6,$2.23,3.92,$0.23,37.97,$0.45,19.61,$0.22B,$0.12B,1.92,$0.00B,$0.81B,0.0,$0.79B,$0.32B,40.91%,$0.79B,$0.24B,30.30%,$0.79B,$0.24B,30.30%,$0.79B,$0.28B,35.61%,$0.79B,$0.25B,31.69%,$0.79B,$0.16B,19.70%,$0.16B,$0.81B,18.40%,$0.16B,$0.63B,23.82%,$0.16B,$0.95B,15.73%,$0.24B,$0.81B,28.31%,$192,$112,$80,$0,$20,$132,$59,$2,$61,$24,$37,$37,$37,$70,$59,$333,341,$0.11,$0.11,$51,$4,$32,$221,$515,$0,$182,$25,$729,$950,$115,$0,$3,$28,$142,$319,$519,$-30,$807,$950,$37,$11,$4,$14,$-9,$0,$0,$-3,$1,$52,$-29,$0,$0,$0,$0,$0,$0,$-29,$0,$-10,$-10,$1,$1,$0,$0,$-9,$12,$2,$0
40,2008-07-31,10.97,$2.40,4.57,$2.17,5.05,$0.23,47.16,$0.44,25.06,$0.21B,$0.13B,1.66,$0.00B,$0.80B,0.0,$0.78B,$0.32B,41.07%,$0.78B,$0.24B,30.36%,$0.78B,$0.24B,30.36%,$0.78B,$0.28B,35.71%,$0.78B,$0.25B,31.89%,$0.78B,$0.16B,20.03%,$0.16B,$0.80B,17.85%,$0.16B,$0.60B,23.00%,$0.16B,$0.96B,15.34%,$0.24B,$0.80B,27.06%,$206,$119,$87,$0,$22,$141,$65,$3,$68,$27,$41,$41,$41,$76,$65,$350,359,$0.12,$0.12,$39,$5,$31,$213,$510,$0,$199,$27,$743,$956,$128,$0,$3,$29,$157,$317,$481,$1,$799,$956,$157,$43,$-5,$38,$0,$1,$0,$-9,$-1,$194,$-144,$0,$0,$112,$0,$112,$0,$-33,$0,$8,$8,$-255,$-255,$0,$17,$-230,$-69,$6,$0
41,2008-04-30,10.22,$2.52,4.05,$2.01,5.08,$0.45,22.86,$0.42,24.33,$0.27B,$0.13B,2.11,$0.00B,$0.86B,0.0,$0.73B,$0.31B,41.94%,$0.73B,$0.23B,31.01%,$0.73B,$0.23B,31.01%,$0.73B,$0.27B,36.61%,$0.73B,$0.24B,32.79%,$0.73B,$0.15B,20.90%,$0.15B,$0.86B,17.00%,$0.15B,$0.67B,21.68%,$0.15B,$1.01B,14.73%,$0.23B,$0.86B,25.22%,$221,$133,$88,$0,$19,$152,$69,$2,$71,$24,$46,$46,$46,$78,$69,$348,359,$0.13,$0.13,$96,$7,$32,$272,$498,$0,$197,$27,$737,$1008,$129,$0,$4,$17,$146,$79,$783,$1,$863,$1008,$116,$32,$-7,$25,$-17,$0,$0,$-4,$-0,$140,$-121,$0,$0,$103,$0,$103,$9,$-10,$0,$-8,$-8,$-138,$-138,$0,$6,$-141,$-10,$5,$0
42,2008-01-31,10.22,$2.61,3.91,$1.78,5.73,$0.62,16.48,$0.39,26.04,$0.36B,$0.11B,3.2,$0.00B,$0.92B,0.0,$0.66B,$0.29B,44.44%,$0.66B,$0.22B,32.72%,$0.66B,$0.22B,32.72%,$0.66B,$0.26B,38.96%,$0.66B,$0.23B,35.16%,$0.66B,$0.15B,22.22%,$0.15B,$0.92B,15.93%,$0.15B,$0.73B,19.64%,$0.15B,$1.05B,14.04%,$0.22B,$0.92B,23.46%,$173,$105,$69,$0,$21,$126,$47,$3,$51,$19,$32,$32,$32,$58,$47,$355,365,$0.09,$0.09,$173,$7,$35,$362,$459,$0,$192,$28,$691,$1053,$113,$0,$4,$18,$131,$184,$736,$2,$922,$1053,$70,$22,$-6,$16,$-26,$-1,$0,$-9,$-31,$54,$-65,$0,$0,$103,$0,$103,$9,$46,$0,$2,$2,$-32,$-32,$0,$6,$-24,$77,$-6,$0
43,2007-10-31,9.6,$2.62,3.66,$1.65,5.81,$0.73,13.14,$0.39,24.92,$0.41B,$0.13B,3.26,$0.00B,$0.93B,0.0,$0.61B,$0.28B,46.17%,$0.61B,$0.21B,34.75%,$0.61B,$0.21B,34.75%,$0.61B,$0.25B,41.11%,$0.61B,$0.23B,37.36%,$0.61B,$0.14B,23.49%,$0.14B,$0.93B,15.86%,$0.14B,$0.74B,19.09%,$0.14B,$1.08B,14.13%,$0.21B,$0.93B,23.46%,$184,$106,$78,$0,$22,$127,$57,$4,$60,$23,$38,$38,$38,$68,$57,$354,363,$0.11,$0.10,$250,$8,$30,$408,$436,$0,$198,$25,$670,$1078,$125,$0,$4,$18,$144,$221,$704,$9,$934,$1078,$38,$11,$0,$11,$-6,$-2,$0,$-1,$7,$56,$-30,$0,$0,$103,$0,$103,$9,$82,$0,$-2,$-2,$8,$8,$0,$6,$11,$150,$2,$0
44,2007-07-31,7.04,$2.49,2.82,$1.50,4.7,$0.76,9.32,$0.36,19.41,$0.36B,$0.12B,3.14,$0.00B,$0.88B,0.0,$0.56B,$0.27B,47.59%,$0.56B,$0.20B,36.19%,$0.56B,$0.20B,36.19%,$0.56B,$0.24B,42.78%,$0.56B,$0.22B,38.68%,$0.56B,$0.14B,24.24%,$0.14B,$0.88B,15.36%,$0.14B,$0.69B,18.07%,$0.14B,$1.02B,13.81%,$0.20B,$0.88B,22.93%,$154,$82,$72,$0,$18,$100,$54,$4,$58,$22,$37,$37,$37,$64,$54,$363,374,$0.10,$0.10,$210,$6,$29,$364,$421,$0,$189,$33,$651,$1015,$116,$0,$4,$18,$134,$206,$670,$4,$881,$1015,$136,$37,$-6,$31,$-2,$1,$0,$1,$15,$182,$-50,$0,$0,$37,$0,$37,$-122,$-136,$0,$3,$3,$-77,$-77,$0,$4,$-71,$-24,$3,$0
45,2007-04-30,7.25,$2.54,2.85,$1.46,4.98,$0.55,13.25,$0.35,20.85,$0.39B,$0.08B,4.59,$0.00B,$0.93B,0.0,$0.54B,$0.26B,47.43%,$0.54B,$0.20B,36.03%,$0.54B,$0.20B,36.03%,$0.54B,$0.23B,42.65%,$0.54B,$0.21B,37.68%,$0.54B,$0.13B,24.08%,$0.13B,$0.93B,15.10%,$0.13B,$0.82B,17.38%,$0.13B,$1.02B,13.72%,$0.20B,$0.93B,22.59%,$146,$73,$73,$0,$16,$88,$57,$5,$62,$23,$39,$39,$39,$66,$57,$365,375,$0.11,$0.10,$249,$0,$28,$387,$355,$0,$114,$151,$628,$1015,$84,$0,$2,$2,$86,$295,$634,$0,$929,$1015,$100,$27,$-2,$25,$-6,$0,$0,$1,$2,$127,$-43,$0,$0,$20,$0,$20,$-128,$-150,$0,$0,$0,$11,$11,$0,$5,$17,$-6,$3,$0
46,2007-01-31,7.36,$2.43,3.03,$1.47,5.01,$0.41,17.91,$0.34,21.81,$0.47B,$0.08B,5.85,$0.00B,$0.89B,0.0,$0.55B,$0.25B,46.35%,$0.55B,$0.19B,35.04%,$0.55B,$0.19B,35.04%,$0.55B,$0.23B,41.42%,$0.55B,$0.20B,35.95%,$0.55B,$0.13B,23.18%,$0.13B,$0.89B,15.32%,$0.13B,$0.77B,17.76%,$0.13B,$0.97B,13.83%,$0.19B,$0.89B,23.16%,$129,$69,$60,$0,$15,$84,$45,$4,$49,$18,$30,$30,$30,$54,$45,$363,375,$0.08,$0.08,$320,$0,$31,$473,$352,$0,$114,$23,$496,$969,$81,$0,$2,$2,$82,$292,$595,$-0,$887,$969,$61,$18,$2,$20,$-12,$-0,$0,$-2,$-19,$62,$-32,$0,$0,$-47,$0,$-47,$0,$-79,$0,$0,$0,$10,$10,$0,$4,$14,$-3,$2,$0
47,2006-10-31,7.23,$2.33,3.11,$1.46,4.94,$0.29,24.85,$0.28,25.83,$0.45B,$0.09B,4.76,$0.00B,$0.84B,0.0,$0.54B,$0.25B,45.04%,$0.54B,$0.18B,33.82%,$0.54B,$0.18B,33.82%,$0.54B,$0.22B,40.07%,$0.54B,$0.19B,34.38%,$0.54B,$0.11B,19.30%,$0.11B,$0.84B,13.26%,$0.11B,$0.73B,15.50%,$0.11B,$0.94B,11.89%,$0.18B,$0.84B,23.24%,$132,$70,$62,$0,$15,$85,$47,$1,$48,$18,$30,$30,$30,$56,$47,$362,374,$0.09,$0.08,$314,$0,$28,$447,$348,$0,$114,$23,$492,$939,$94,$0,$1,$1,$95,$279,$564,$0,$844,$939,$30,$9,$2,$10,$-0,$1,$0,$-1,$13,$54,$-18,$0,$0,$-38,$0,$-38,$0,$-56,$0,$0,$0,$2,$2,$0,$1,$2,$0,$1,$0
