,Date,Stock Price,Book Value per Share,Price to Book Ratio,TTM Sales per Share,Price to Sales Ratio,TTM FCF per Share,Price to FCF Ratio,TTM Net EPS,PE Ratio,Current Assets,Current Liabilities,Current Ratio,Long Term Debt,Shareholder's Equity_x,Debt to Equity Ratio,TTM Revenue_x,TTM Gross Profit,Gross Margin,TTM Revenue_y,TTM Operating Income,Operating Margin,TTM Revenue_x,TTM EBIT,EBIT Margin,TTM Revenue_y,TTM EBITDA,EBITDA Margin,TTM Revenue_x,TTM Pre-Tax Income,Pre-Tax Margin,TTM Revenue_y,TTM Net Income_x,Net Margin,TTM Net Income_y,Shareholder's Equity_y,Return on Equity,TTM Net Income_x,Tangible Equity,Return on Tangible Equity,TTM Net Income_y,Total Assets,Return on Assets,TTM Net Income,LT Investments & Debt,Return on Investment,revenue,cost-goods-sold,gross-profit,research-development-expenses,selling-general-administrative-expenses,operating-expenses,operating-income,total-non-operating-income-expense,pre-tax-income,total-provision-income-taxes,income-after-taxes,income-from-continuous-operations,net-income,ebitda,ebit,basic-shares-outstanding,shares-outstanding,eps-basic-net-earnings-per-share,eps-earnings-per-share-diluted,cash-on-hand,inventory,other-current-assets,total-current-assets,net-property-plant-equipment,long-term-investments,goodwill-intangible-assets-total,other-long-term-assets,total-long-term-assets,total-assets,total-current-liabilities,long-term-debt,other-non-current-liabilities,total-long-term-liabilities,total-liabilities,common-stock-net,retained-earnings-accumulated-deficit,comprehensive-income,total-share-holder-equity,total-liabilities-share-holders-equity,net-income-loss,total-depreciation-amortization-cash-flow,other-non-cash-items,total-non-cash-items,change-in-accounts-receivable,change-in-inventories,change-in-accounts-payable,change-in-assets-liabilities,total-change-in-assets-liabilities,cash-flow-from-operating-activities,net-change-in-property-plant-equipment,net-change-in-intangible-assets,net-acquisitions-divestitures,net-change-in-short-term-investments,net-change-in-long-term-investments,net-change-in-investments-total,investing-activities-other,cash-flow-from-investing-activities,net-long-term-debt,net-current-debt,debt-issuance-retirement-net-total,net-common-equity-issued-repurchased,net-total-equity-issued-repurchased,total-common-preferred-stock-dividends-paid,financial-activities-other,cash-flow-from-financial-activities,net-cash-flow,stock-based-compensation,common-stock-dividends-paid
0,2018-09-30,3.78,$0.62,6.06,0.0,0.0,$-0.49,0.0,$-0.18,0.0,$0.06B,$0.00B,18.01,$0.00B,$0.06B,0.0,$0.00B,0,nan%,$0.00B,$-0.03B,inf%,$0.00B,$-0.03B,inf%,$0.00B,$-0.03B,inf%,$0.00B,$-0.03B,inf%,$0.00B,$-0.03B,inf%,$-0.03B,$0.06B,-34.25%,$-0.03B,$0.06B,-34.25%,$-0.03B,$0.07B,-32.68%,$-0.03B,$0.06B,-35.62%,$0,$0,$0,$5,$4,$8,$-8,$0,$-8,$0,$-8,$-8,$-8,$-8,$-8,$103,103,$-0.08,$-0.08,$62,$0,$0,$62,$0,$5,$0,$0,$5,$68,$3,$0,$0,$0,$4,$0,$-146,$-0,$64,$68,$-20,$0,$3,$3,$0,$0,$-1,$0,$-0,$-17,$-0,$0,$0,$-37,$8,$-30,$0,$-30,$0,$0,$0,$0,$0,$0,$-0,$0,$-47,$3,$0
1,2018-06-30,3.12,$0.69,4.5,0.0,0.0,$-0.44,0.0,$-0.23,0.0,$0.07B,$0.00B,22.42,$0.00B,$0.07B,0.0,$0.00B,0,nan%,$0.00B,$-0.02B,inf%,$0.00B,$-0.02B,inf%,$0.00B,$-0.02B,inf%,$0.00B,$-0.02B,inf%,$0.00B,$-0.02B,inf%,$-0.02B,$0.07B,-32.31%,$-0.02B,$0.07B,-32.31%,$-0.02B,$0.07B,-30.77%,$-0.02B,$0.07B,-33.85%,$0,$0,$0,$4,$3,$6,$-6,$0,$-6,$0,$-6,$-6,$-6,$-6,$-6,$103,103,$-0.06,$-0.06,$68,$0,$0,$69,$0,$5,$0,$0,$5,$74,$3,$0,$0,$0,$3,$0,$-138,$-0,$71,$74,$-12,$0,$2,$2,$0,$0,$-1,$0,$-1,$-11,$-0,$0,$0,$-37,$0,$-37,$0,$-37,$0,$0,$0,$0,$0,$0,$-0,$0,$-48,$2,$0
2,2018-03-31,2.39,$0.74,3.22,0.0,0.0,$-0.42,0.0,$-0.22,0.0,$0.08B,$0.00B,28.9,$0.00B,$0.08B,0.0,$0.00B,0,nan%,$0.00B,$-0.02B,inf%,$0.00B,$-0.02B,inf%,$0.00B,$-0.02B,inf%,$0.00B,$-0.02B,inf%,$0.00B,$-0.02B,inf%,$-0.02B,$0.08B,-34.08%,$-0.02B,$0.08B,-34.08%,$-0.02B,$0.08B,-32.34%,$-0.02B,$0.08B,-35.87%,$0,$0,$0,$3,$3,$6,$-6,$0,$-6,$0,$-6,$-6,$-6,$-6,$-6,$103,103,$-0.06,$-0.06,$78,$0,$0,$79,$0,$0,$0,$0,$0,$79,$3,$0,$0,$0,$3,$0,$-132,$-0,$76,$79,$-6,$0,$1,$1,$0,$0,$-1,$0,$-1,$-6,$0,$0,$0,$-32,$0,$-32,$0,$-32,$0,$0,$0,$0,$0,$0,$0,$0,$-38,$1,$0
3,2017-12-31,3.91,$0.79,4.95,0.0,0.0,$-0.41,0.0,$-0.22,0.0,$0.09B,$0.00B,19.97,$0.00B,$0.08B,0.0,$0.00B,0,nan%,$0.00B,$-0.02B,inf%,$0.00B,$-0.02B,inf%,$0.00B,$-0.02B,inf%,$0.00B,$-0.02B,inf%,$0.00B,$-0.02B,inf%,$-0.02B,$0.08B,-39.56%,$-0.02B,$0.08B,-39.56%,$-0.02B,$0.09B,-37.11%,$-0.02B,$0.08B,-41.76%,$0,$0,$0,$3,$2,$6,$-6,$0,$-5,$0,$-5,$-5,$-5,$-6,$-6,$86,86,$-0.05,$-0.05,$84,$0,$0,$85,$0,$0,$0,$0,$0,$85,$4,$0,$0,$0,$4,$0,$-127,$0,$81,$85,$-18,$0,$3,$3,$0,$0,$1,$-0,$2,$-14,$0,$0,$0,$-0,$0,$-0,$0,$-0,$0,$0,$0,$57,$57,$0,$0,$57,$44,$2,$0
4,2017-09-30,2.52,$0.37,6.77,0.0,0.0,$-0.46,0.0,$-0.21,0.0,$0.03B,$0.00B,12.57,$0.00B,$0.03B,0.0,$0.00B,0,nan%,$0.00B,$-0.02B,inf%,$0.00B,$-0.02B,inf%,$0.00B,$-0.02B,inf%,$0.00B,$-0.02B,inf%,$0.00B,$-0.02B,inf%,$-0.02B,$0.03B,-48.57%,$-0.02B,$0.03B,-48.57%,$-0.02B,$0.04B,-45.03%,$-0.02B,$0.03B,-48.57%,$0,$0,$0,$3,$2,$4,$-4,$0,$-4,$0,$-4,$-4,$-4,$-4,$-4,$85,85,$-0.05,$-0.05,$34,$0,$0,$34,$0,$0,$0,$0,$0,$35,$3,$0,$0,$0,$3,$0,$-121,$0,$32,$35,$-13,$0,$2,$2,$0,$0,$0,$1,$1,$-10,$0,$0,$0,$-0,$0,$-0,$0,$-0,$0,$0,$0,$3,$3,$0,$0,$3,$-7,$2,$0
5,2017-06-30,2.76,$0.40,6.87,0.0,0.0,$-0.51,0.0,$-0.21,0.0,$0.04B,$0.00B,19.43,$0.00B,$0.03B,0.0,$0.00B,0,nan%,$0.00B,$-0.02B,inf%,$0.00B,$-0.02B,inf%,$0.00B,$-0.02B,inf%,$0.00B,$-0.02B,inf%,$0.00B,$-0.02B,inf%,$-0.02B,$0.03B,-45.03%,$-0.02B,$0.03B,-45.03%,$-0.02B,$0.04B,-42.24%,$-0.02B,$0.03B,-45.03%,$0,$0,$0,$2,$2,$4,$-4,$0,$-4,$0,$-4,$-4,$-4,$-4,$-4,$84,84,$-0.05,$-0.05,$35,$0,$0,$36,$0,$0,$0,$0,$0,$36,$2,$0,$0,$0,$2,$0,$-117,$0,$34,$36,$-9,$0,$2,$2,$0,$0,$-0,$0,$0,$-7,$0,$0,$0,$-0,$0,$-0,$0,$-0,$0,$0,$0,$2,$2,$0,$0,$2,$-5,$1,$0
6,2017-03-31,1.95,$0.42,4.61,0.0,0.0,$-0.55,0.0,$-0.22,0.0,$0.04B,$0.00B,19.66,$0.00B,$0.04B,0.0,$0.00B,0,nan%,$0.00B,$-0.02B,inf%,$0.00B,$-0.02B,inf%,$0.00B,$-0.02B,inf%,$0.00B,$-0.02B,inf%,$0.00B,$-0.02B,inf%,$-0.02B,$0.04B,-44.17%,$-0.02B,$0.04B,-44.17%,$-0.02B,$0.04B,-41.38%,$-0.02B,$0.04B,-44.17%,$0,$0,$0,$3,$2,$5,$-5,$-0,$-5,$0,$-5,$-5,$-5,$-5,$-5,$83,83,$-0.06,$-0.06,$37,$0,$0,$37,$0,$0,$0,$0,$0,$38,$2,$0,$1,$1,$3,$0,$-113,$0,$35,$38,$-5,$0,$1,$1,$0,$0,$-0,$0,$-0,$-4,$0,$0,$0,$-0,$0,$-0,$0,$-0,$0,$0,$0,$0,$0,$0,$0,$0,$-4,$1,$0
7,2016-12-31,1.05,$0.47,2.22,0.0,0.0,$-0.58,0.0,$-0.23,0.0,$0.04B,$0.00B,19.79,$0.00B,$0.04B,0.0,$0.00B,0,nan%,$0.00B,$-0.02B,inf%,$0.00B,$-0.02B,inf%,$0.00B,$-0.02B,inf%,$0.00B,$-0.02B,inf%,$0.00B,$-0.02B,inf%,$-0.02B,$0.04B,-40.22%,$-0.02B,$0.04B,-40.22%,$-0.02B,$0.04B,-37.89%,$-0.02B,$0.04B,-42.46%,$0,$0,$0,$3,$1,$4,$-4,$0,$-4,$0,$-4,$-4,$-4,$-4,$-4,$83,83,$-0.04,$-0.04,$40,$0,$0,$41,$0,$0,$0,$0,$0,$42,$2,$0,$0,$0,$2,$0,$-108,$0,$39,$42,$-18,$0,$1,$1,$0,$0,$-1,$0,$-1,$-18,$-0,$0,$0,$-0,$0,$-0,$4,$4,$0,$0,$0,$0,$0,$0,$-0,$0,$-14,$2,$0
8,2016-09-30,1.09,$0.52,2.11,0.0,0.0,$-0.58,0.0,$-0.25,0.0,$0.05B,$0.00B,22.58,$0.00B,$0.04B,0.0,$0.00B,0,nan%,$0.00B,$-0.02B,inf%,$0.00B,$-0.02B,inf%,$0.00B,$-0.02B,inf%,$0.00B,$-0.02B,inf%,$0.00B,$-0.02B,inf%,$-0.02B,$0.04B,-41.03%,$-0.02B,$0.04B,-41.03%,$-0.02B,$0.05B,-38.46%,$-0.02B,$0.04B,-43.08%,$0,$0,$0,$2,$1,$4,$-4,$-0,$-4,$0,$-4,$-4,$-4,$-4,$-4,$83,83,$-0.05,$-0.05,$45,$0,$0,$45,$0,$0,$0,$0,$0,$45,$2,$0,$0,$0,$2,$0,$-104,$0,$43,$45,$-14,$0,$1,$1,$0,$0,$-1,$1,$-0,$-14,$-0,$0,$0,$-0,$0,$-0,$3,$3,$0,$0,$0,$0,$0,$0,$-0,$-0,$-11,$1,$0
9,2016-06-30,0.71,$0.56,1.27,0.0,0.0,$-0.58,0.0,$-0.25,0.0,$0.05B,$0.00B,21.11,$0.00B,$0.05B,0.0,$0.00B,0,nan%,$0.00B,$-0.02B,inf%,$0.00B,$-0.02B,inf%,$0.00B,$-0.02B,inf%,$0.00B,$-0.02B,inf%,$0.00B,$-0.02B,inf%,$-0.02B,$0.05B,-37.56%,$-0.02B,$0.05B,-37.56%,$-0.02B,$0.05B,-35.09%,$-0.02B,$0.05B,-41.31%,$0,$0,$0,$3,$2,$5,$-5,$0,$-5,$0,$-5,$-5,$-5,$-5,$-5,$83,83,$-0.06,$-0.06,$48,$0,$0,$49,$0,$0,$0,$0,$0,$49,$2,$0,$0,$0,$3,$0,$-100,$0,$46,$49,$-10,$0,$-0,$-0,$0,$0,$-1,$1,$-0,$-10,$-0,$0,$0,$-0,$0,$-0,$1,$1,$0,$0,$0,$0,$0,$0,$-0,$-0,$-10,$1,$0
10,2016-03-31,1.17,$0.61,1.92,0.0,0.0,$-0.56,0.0,$-0.25,0.0,$0.05B,$0.00B,20.08,$0.00B,$0.05B,0.0,$0.00B,0,nan%,$0.00B,$-0.02B,inf%,$0.00B,$-0.02B,inf%,$0.00B,$-0.02B,inf%,$0.00B,$-0.02B,inf%,$0.00B,$-0.02B,inf%,$-0.02B,$0.05B,-34.78%,$-0.02B,$0.05B,-34.78%,$-0.02B,$0.05B,-32.39%,$-0.02B,$0.05B,-38.26%,$0,$0,$0,$4,$3,$6,$-6,$1,$-5,$0,$-5,$-5,$-5,$-6,$-6,$83,83,$-0.07,$-0.07,$52,$0,$0,$53,$0,$0,$0,$0,$0,$54,$3,$0,$0,$0,$3,$0,$-95,$0,$51,$54,$-5,$0,$-0,$-0,$0,$0,$-1,$0,$-0,$-6,$0,$0,$0,$-0,$0,$-0,$0,$-0,$0,$0,$0,$0,$0,$0,$-0,$-0,$-6,$0,$0
11,2015-12-31,2.45,$0.67,3.66,0.0,0.0,$-0.53,0.0,$-0.25,0.0,$0.06B,$0.00B,17.41,$0.00B,$0.06B,0.0,$0.00B,0,nan%,$0.00B,$-0.02B,inf%,$0.00B,$-0.02B,inf%,$0.00B,$-0.02B,inf%,$0.00B,$-0.02B,inf%,$0.00B,$-0.02B,inf%,$-0.02B,$0.06B,-32.52%,$-0.02B,$0.06B,-32.52%,$-0.02B,$0.06B,-29.74%,$-0.02B,$0.06B,-32.52%,$0,$0,$0,$4,$2,$6,$-6,$0,$-6,$0,$-6,$-6,$-6,$-6,$-6,$81,81,$-0.07,$-0.07,$58,$0,$0,$60,$0,$0,$0,$0,$0,$60,$3,$0,$1,$1,$5,$0,$-90,$0,$55,$60,$-20,$0,$2,$2,$0,$0,$-0,$-0,$1,$-18,$-0,$0,$0,$0,$0,$0,$-0,$-0,$0,$0,$0,$37,$37,$0,$0,$37,$19,$2,$0
12,2015-09-30,3.0,$0.73,4.09,0.0,0.0,$-0.51,0.0,$-0.23,0.0,$0.06B,$0.00B,26.97,$0.00B,$0.06B,0.0,$0.00B,0,nan%,$0.00B,$-0.02B,inf%,$0.00B,$-0.02B,inf%,$0.00B,$-0.02B,inf%,$0.00B,$-0.02B,inf%,$0.00B,$-0.02B,inf%,$-0.02B,$0.06B,-30.09%,$-0.02B,$0.06B,-30.09%,$-0.02B,$0.07B,-26.88%,$-0.02B,$0.06B,-31.86%,$0,$0,$0,$3,$2,$5,$-5,$1,$-4,$0,$-4,$-4,$-4,$-5,$-5,$82,82,$-0.05,$-0.05,$63,$0,$0,$64,$0,$0,$0,$0,$0,$65,$2,$0,$2,$2,$4,$0,$-84,$0,$61,$65,$-14,$0,$1,$1,$0,$0,$-1,$-0,$-0,$-13,$-0,$0,$0,$-0,$0,$-0,$-0,$-0,$0,$0,$0,$37,$37,$0,$0,$37,$24,$1,$0
13,2015-06-30,4.13,$0.76,5.4,0.0,0.0,$-0.48,0.0,$-0.25,0.0,$0.07B,$0.00B,26.74,$0.00B,$0.06B,0.0,$0.00B,0,nan%,$0.00B,$-0.02B,inf%,$0.00B,$-0.02B,inf%,$0.00B,$-0.02B,inf%,$0.00B,$-0.02B,inf%,$0.00B,$-0.02B,inf%,$-0.02B,$0.06B,-35.64%,$-0.02B,$0.06B,-35.64%,$-0.02B,$0.07B,-30.77%,$-0.02B,$0.06B,-33.66%,$0,$0,$0,$3,$2,$5,$-5,$0,$-5,$0,$-5,$-5,$-5,$-5,$-5,$82,82,$-0.06,$-0.06,$67,$0,$0,$68,$0,$0,$0,$0,$0,$68,$3,$0,$3,$3,$6,$0,$-80,$0,$63,$68,$-10,$0,$2,$2,$0,$0,$-0,$0,$0,$-8,$-0,$0,$0,$-0,$0,$-0,$-0,$-0,$0,$0,$0,$36,$36,$0,$0,$36,$28,$1,$0
14,2015-03-31,4.33,$0.81,5.33,0.0,0.0,$-0.47,0.0,$-0.24,0.0,$0.08B,$0.01B,12.99,$0.00B,$0.07B,0.0,$0.00B,0,nan%,$0.00B,$-0.02B,inf%,$0.00B,$-0.02B,inf%,$0.00B,$-0.02B,inf%,$0.00B,$-0.02B,inf%,$0.00B,$-0.02B,inf%,$-0.02B,$0.07B,-35.56%,$-0.02B,$0.07B,-35.56%,$-0.02B,$0.08B,-30.19%,$-0.02B,$0.07B,-33.33%,$0,$0,$0,$2,$2,$4,$-4,$-1,$-5,$0,$-5,$-5,$-5,$-4,$-4,$76,76,$-0.07,$-0.07,$72,$0,$0,$76,$0,$0,$0,$0,$0,$76,$6,$0,$4,$4,$9,$0,$-75,$0,$67,$76,$-5,$0,$1,$2,$0,$0,$-1,$0,$0,$-4,$-0,$0,$0,$-0,$0,$-0,$-0,$-0,$0,$0,$0,$36,$36,$0,$0,$36,$32,$0,$0
15,2014-12-31,2.97,$0.51,5.82,0.0,0.0,$-0.46,0.0,$-0.24,0.0,$0.04B,$0.01B,7.49,$0.00B,$0.04B,0.0,$0.00B,0,nan%,$0.00B,$-0.02B,inf%,$0.00B,$-0.02B,inf%,$0.00B,$-0.02B,inf%,$0.00B,$-0.02B,inf%,$0.00B,$-0.02B,inf%,$-0.02B,$0.04B,-45.80%,$-0.02B,$0.04B,-45.80%,$-0.02B,$0.04B,-37.97%,$-0.02B,$0.04B,-45.80%,$0,$0,$0,$2,$2,$4,$-4,$0,$-3,$0,$-3,$-3,$-3,$-4,$-4,$64,64,$-0.05,$-0.05,$39,$0,$0,$44,$0,$0,$0,$0,$0,$44,$6,$0,$3,$3,$9,$0,$-70,$0,$35,$44,$-16,$0,$2,$2,$0,$0,$1,$-3,$1,$-13,$-0,$0,$0,$-9,$0,$-9,$0,$-9,$0,$0,$0,$29,$29,$0,$0,$29,$7,$1,$0
16,2014-09-30,3.32,$0.55,6.09,0.0,0.0,$-0.48,0.0,$-0.22,0.0,$0.05B,$0.01B,7.71,$0.00B,$0.04B,0.0,$0.00B,0,nan%,$0.00B,$-0.01B,inf%,$0.00B,$-0.01B,inf%,$0.00B,$-0.01B,inf%,$0.00B,$-0.01B,inf%,$0.00B,$-0.01B,inf%,$-0.01B,$0.04B,-44.44%,$-0.01B,$0.04B,-44.44%,$-0.01B,$0.05B,-37.41%,$-0.01B,$0.04B,-47.86%,$0,$0,$0,$3,$1,$4,$-4,$-1,$-5,$0,$-5,$-5,$-5,$-4,$-4,$67,67,$-0.07,$-0.07,$41,$0,$0,$46,$0,$0,$0,$0,$0,$46,$6,$0,$3,$3,$9,$0,$-66,$0,$37,$46,$-12,$0,$2,$2,$0,$0,$-0,$-3,$1,$-9,$-0,$0,$0,$-9,$0,$-9,$0,$-9,$0,$0,$0,$27,$27,$0,$0,$27,$9,$0,$0
17,2014-06-30,2.53,$0.61,4.13,0.0,0.0,$-0.47,0.0,$-0.28,0.0,$0.05B,$0.00B,19.39,$0.00B,$0.04B,0.0,$0.00B,0,nan%,$0.00B,$-0.01B,inf%,$0.00B,$-0.01B,inf%,$0.00B,$-0.01B,inf%,$0.00B,$-0.01B,inf%,$0.00B,$-0.01B,inf%,$-0.01B,$0.04B,-54.90%,$-0.01B,$0.04B,-54.90%,$-0.01B,$0.05B,-45.90%,$-0.01B,$0.04B,-50.98%,$0,$0,$0,$2,$1,$3,$-3,$-0,$-3,$0,$-3,$-3,$-3,$-3,$-3,$66,66,$-0.05,$-0.05,$45,$0,$0,$46,$0,$0,$0,$0,$0,$46,$2,$0,$2,$2,$5,$0,$-61,$0,$41,$46,$-7,$0,$1,$1,$0,$0,$0,$1,$1,$-5,$-0,$0,$0,$-9,$0,$-9,$0,$-9,$0,$0,$0,$27,$27,$0,$0,$27,$13,$0,$0
18,2014-03-31,2.26,$0.33,6.94,0.0,0.0,$-0.49,0.0,$-0.31,0.0,$0.02B,$0.00B,9.1,$0.00B,$0.02B,0.0,$0.00B,0,nan%,$0.00B,$-0.01B,inf%,$0.00B,$-0.01B,inf%,$0.00B,$-0.01B,inf%,$0.00B,$-0.01B,inf%,$0.00B,$-0.01B,inf%,$-0.01B,$0.02B,-78.87%,$-0.01B,$0.02B,-78.87%,$-0.01B,$0.02B,-62.92%,$-0.01B,$0.02B,-73.24%,$0,$0,$0,$3,$1,$4,$-4,$-0,$-4,$0,$-4,$-4,$-4,$-4,$-4,$54,54,$-0.07,$-0.07,$21,$0,$0,$22,$0,$0,$0,$0,$0,$22,$2,$0,$2,$2,$5,$0,$-58,$0,$18,$22,$-4,$0,$0,$0,$0,$0,$0,$1,$1,$-2,$-0,$0,$0,$1,$0,$1,$0,$1,$0,$0,$0,$0,$0,$0,$0,$0,$-1,$0,$0
19,2013-12-31,1.95,$0.40,4.93,0.0,0.0,$-0.50,0.0,$-0.28,0.0,$0.03B,$0.00B,11.83,$0.00B,$0.02B,0.0,$0.00B,0,nan%,$0.00B,$-0.01B,inf%,$0.00B,$-0.01B,inf%,$0.00B,$-0.01B,inf%,$0.00B,$-0.01B,inf%,$0.00B,$-0.01B,inf%,$-0.01B,$0.02B,-72.73%,$-0.01B,$0.02B,-72.73%,$-0.01B,$0.03B,-59.26%,$-0.01B,$0.02B,-66.67%,$0,$0,$0,$2,$1,$3,$-3,$1,$-1,$0,$-1,$-1,$-1,$-3,$-3,$45,45,$-0.02,$-0.02,$24,$0,$0,$25,$0,$0,$0,$0,$0,$25,$2,$0,$2,$2,$4,$0,$-54,$0,$21,$25,$-12,$0,$2,$2,$0,$0,$-1,$-0,$0,$-10,$-0,$0,$0,$-10,$0,$-10,$2,$-7,$0,$0,$0,$18,$18,$0,$0,$18,$1,$0,$0
20,2013-09-30,3.05,$0.41,7.44,0.0,0.0,$-0.45,0.0,$-0.25,0.0,$0.03B,$0.00B,9.51,$0.00B,$0.02B,0.0,$0.00B,0,nan%,$0.00B,$-0.01B,inf%,$0.00B,$-0.01B,inf%,$0.00B,$-0.01B,inf%,$0.00B,$-0.01B,inf%,$0.00B,$-0.01B,inf%,$-0.01B,$0.02B,-73.33%,$-0.01B,$0.02B,-73.33%,$-0.01B,$0.03B,-60.27%,$-0.01B,$0.02B,-66.67%,$0,$0,$0,$3,$0,$3,$-3,$-3,$-6,$0,$-6,$-6,$-6,$-3,$-3,$45,45,$-0.13,$-0.13,$28,$0,$0,$29,$0,$0,$0,$0,$0,$29,$3,$0,$4,$4,$7,$0,$-53,$0,$22,$29,$-11,$0,$3,$3,$0,$0,$0,$0,$2,$-6,$-0,$0,$0,$-3,$0,$-3,$2,$-1,$0,$0,$0,$18,$18,$0,$0,$18,$12,$0,$0
21,2013-06-30,0.9,$0.24,3.77,0.0,0.0,$-0.44,0.0,$-0.20,0.0,$0.01B,$0.00B,7.62,$0.00B,$0.01B,0.0,$0.00B,0,nan%,$0.00B,$-0.01B,inf%,$0.00B,$-0.01B,inf%,$0.00B,$-0.01B,inf%,$0.00B,$-0.01B,inf%,$0.00B,$-0.01B,inf%,$-0.01B,$0.01B,-68.09%,$-0.01B,$0.01B,-68.09%,$-0.01B,$0.01B,-57.14%,$-0.01B,$0.01B,-68.09%,$0,$0,$0,$2,$1,$3,$-3,$-0,$-3,$0,$-3,$-3,$-3,$-3,$-3,$41,41,$-0.08,$-0.08,$11,$0,$0,$12,$0,$0,$0,$0,$0,$13,$2,$0,$1,$1,$3,$0,$-47,$0,$10,$13,$-5,$0,$1,$1,$0,$0,$-1,$0,$0,$-4,$-0,$0,$0,$1,$0,$1,$2,$4,$0,$0,$0,$0,$0,$0,$0,$0,$-1,$0,$0
22,2013-03-31,0.49,$0.31,1.57,0.0,0.0,$-0.43,0.0,$-0.13,0.0,$0.01B,$0.00B,14.65,$0.00B,$0.01B,0.0,$0.00B,0,nan%,$0.00B,$-0.01B,inf%,$0.00B,$-0.01B,inf%,$0.00B,$-0.01B,inf%,$0.00B,$-0.01B,inf%,$0.00B,$-0.01B,inf%,$-0.01B,$0.01B,-46.51%,$-0.01B,$0.01B,-46.51%,$-0.01B,$0.01B,-39.22%,$-0.01B,$0.01B,-55.81%,$0,$0,$0,$1,$1,$2,$-2,$-0,$-2,$0,$-2,$-2,$-2,$-2,$-2,$41,41,$-0.04,$-0.04,$13,$0,$0,$14,$0,$0,$0,$0,$0,$14,$1,$0,$1,$1,$2,$0,$-44,$0,$13,$14,$-2,$0,$0,$0,$0,$0,$-1,$0,$-1,$-2,$-0,$0,$0,$-0,$0,$-0,$1,$1,$0,$0,$0,$0,$0,$0,$0,$0,$-1,$0,$0
23,2012-12-31,0.44,$0.35,1.23,0.0,0.0,$-0.43,0.0,$-0.13,0.0,$0.02B,$0.00B,10.16,$0.00B,$0.02B,0.0,$0.00B,0,nan%,$0.00B,$-0.01B,inf%,$0.00B,$-0.01B,inf%,$0.00B,$-0.01B,inf%,$0.00B,$-0.00B,inf%,$0.00B,$-0.00B,inf%,$-0.00B,$0.02B,-48.48%,$-0.00B,$0.02B,-48.48%,$-0.00B,$0.02B,-38.10%,$-0.01B,$0.02B,-60.61%,$0,$0,$0,$1,$1,$2,$-2,$1,$-0,$0,$-0,$-0,$-0,$-2,$-2,$30,30,$-0.01,$-0.01,$15,$0,$0,$17,$0,$0,$0,$0,$0,$17,$2,$0,$1,$1,$2,$0,$-42,$0,$15,$17,$-4,$0,$-1,$-1,$0,$0,$1,$-1,$-0,$-5,$-0,$0,$0,$-8,$0,$-8,$-7,$-14,$0,$5,$5,$10,$10,$0,$0,$15,$-5,$0,$0
24,2012-09-30,1.51,$0.27,5.58,0.0,0.0,$-0.48,0.0,$-0.23,0.0,$0.01B,$0.00B,16.04,$0.00B,$0.01B,0.0,$0.00B,0,nan%,$0.00B,$-0.01B,inf%,$0.00B,$-0.01B,inf%,$0.00B,$-0.01B,inf%,$0.00B,$-0.01B,inf%,$0.00B,$-0.01B,inf%,$-0.01B,$0.01B,-109.09%,$-0.01B,$0.01B,-109.09%,$-0.01B,$0.01B,-77.42%,$-0.01B,$0.01B,-90.91%,$0,$0,$0,$1,$1,$1,$-1,$-1,$-3,$0,$-3,$-3,$-3,$-1,$-1,$32,32,$-0.08,$-0.08,$12,$0,$0,$12,$0,$0,$0,$0,$0,$12,$1,$0,$2,$2,$3,$0,$-42,$0,$9,$12,$-4,$0,$0,$0,$0,$0,$0,$0,$0,$-4,$-0,$0,$0,$0,$0,$0,$0,$-0,$0,$0,$0,$9,$9,$0,$0,$9,$6,$0,$0
25,2012-06-30,0.53,$0.21,2.54,0.0,0.0,$-0.54,0.0,$-0.20,0.0,$0.01B,$0.00B,11.35,$0.00B,$0.01B,0.0,$0.00B,0,nan%,$0.00B,$-0.01B,inf%,$0.00B,$-0.01B,inf%,$0.00B,$-0.01B,inf%,$0.00B,$-0.00B,inf%,$0.00B,$-0.00B,inf%,$-0.00B,$0.01B,-94.12%,$-0.00B,$0.01B,-94.12%,$-0.00B,$0.01B,-69.57%,$-0.01B,$0.01B,-117.65%,$0,$0,$0,$1,$1,$1,$-1,$1,$-0,$0,$-0,$-0,$-0,$-1,$-1,$27,27,$-0.01,$-0.01,$8,$0,$0,$8,$0,$0,$0,$0,$0,$8,$1,$0,$1,$1,$1,$0,$-39,$0,$6,$8,$-1,$0,$-1,$-1,$0,$0,$-0,$0,$-0,$-2,$-0,$0,$0,$0,$0,$0,$0,$-0,$0,$0,$0,$4,$4,$0,$0,$4,$1,$0,$0
26,2012-03-31,1.11,$0.11,10.11,0.0,0.0,$-0.55,0.0,$-0.25,0.0,$0.01B,$0.00B,5.65,$0.00B,$0.00B,0.0,$0.00B,0,nan%,$0.00B,$-0.01B,inf%,$0.00B,$-0.01B,inf%,$0.00B,$-0.01B,inf%,$0.00B,$-0.01B,inf%,$0.00B,$-0.01B,inf%,$-0.01B,$0.00B,-125.00%,$-0.01B,$0.00B,-125.00%,$-0.01B,$0.01B,-95.24%,$-0.01B,$0.00B,-125.00%,$0,$0,$0,$1,$1,$1,$-1,$0,$-1,$0,$-1,$-1,$-1,$-1,$-1,$25,25,$-0.04,$-0.04,$5,$0,$0,$5,$0,$0,$0,$0,$0,$5,$1,$0,$1,$1,$2,$0,$-39,$0,$3,$5,$-1,$0,$-0,$-0,$0,$0,$0,$-0,$0,$-1,$-0,$0,$0,$0,$0,$0,$0,$-0,$0,$0,$0,$0,$0,$0,$0,$0,$-1,$0,$0
27,2011-12-31,1.29,$0.15,8.48,0.0,0.0,$-0.54,0.0,$-0.29,0.0,$0.01B,$0.00B,7.47,$0.00B,$0.00B,0.0,$0.00B,0,nan%,$0.00B,$-0.01B,inf%,$0.00B,$-0.01B,inf%,$0.00B,$-0.01B,inf%,$0.00B,$-0.01B,inf%,$0.00B,$-0.01B,inf%,$-0.01B,$0.00B,-126.32%,$-0.01B,$0.00B,-126.32%,$-0.01B,$0.01B,-104.35%,$-0.01B,$0.00B,-126.32%,$0,$0,$0,$1,$1,$2,$-2,$-0,$-2,$0,$-2,$-2,$-2,$-2,$-2,$22,22,$-0.10,$-0.10,$6,$0,$0,$6,$0,$0,$0,$0,$0,$6,$1,$0,$2,$2,$2,$0,$-38,$0,$4,$6,$-6,$0,$1,$1,$0,$0,$0,$0,$1,$-5,$-0,$0,$0,$0,$0,$0,$0,$-0,$0,$0,$0,$6,$6,$0,$0,$6,$1,$0,$0
28,2011-09-30,1.49,$0.18,8.33,0.0,0.0,$-0.51,0.0,$-0.23,0.0,$0.00B,$0.00B,10.1,$0.00B,$0.00B,0.0,$0.00B,0,nan%,$0.00B,$-0.01B,inf%,$0.00B,$-0.01B,inf%,$0.00B,$-0.01B,inf%,$0.00B,$-0.01B,inf%,$0.00B,$-0.01B,inf%,$-0.01B,$0.00B,-95.24%,$-0.01B,$0.00B,-95.24%,$-0.01B,$0.00B,-86.96%,$-0.01B,$0.00B,-95.24%,$0,$0,$0,$1,$1,$1,$-1,$0,$-1,$0,$-1,$-1,$-1,$-1,$-1,$22,22,$-0.05,$-0.05,$4,$0,$0,$4,$0,$0,$0,$0,$0,$4,$0,$0,$0,$0,$0,$0,$-36,$0,$4,$4,$-4,$0,$0,$0,$0,$0,$0,$0,$0,$-4,$-0,$0,$0,$0,$0,$0,$-2,$-2,$0,$0,$0,$2,$2,$0,$0,$2,$-3,$0,$0
29,2011-06-30,1.88,$0.23,8.22,0.0,0.0,$-0.51,0.0,$-0.23,0.0,$0.01B,$0.00B,8.5,$0.00B,$0.01B,0.0,$0.00B,0,nan%,$0.00B,$-0.01B,inf%,$0.00B,$-0.01B,inf%,$0.00B,$-0.01B,inf%,$0.00B,$-0.01B,inf%,$0.00B,$-0.01B,inf%,$-0.01B,$0.01B,-86.96%,$-0.01B,$0.01B,-86.96%,$-0.01B,$0.01B,-80.00%,$-0.01B,$0.01B,-86.96%,$0,$0,$0,$1,$0,$1,$-1,$0,$-1,$0,$-1,$-1,$-1,$-1,$-1,$22,22,$-0.06,$-0.06,$5,$0,$0,$6,$0,$0,$0,$0,$0,$6,$1,$0,$0,$0,$1,$0,$-35,$0,$5,$6,$-3,$0,$0,$0,$0,$0,$0,$0,$0,$-2,$-0,$0,$0,$0,$0,$0,$-2,$-2,$0,$0,$0,$2,$2,$0,$0,$2,$-2,$0,$0
30,2011-03-31,1.12,$0.29,3.86,0.0,0.0,$-0.52,0.0,$-0.24,0.0,$0.01B,$0.00B,8.23,$0.00B,$0.01B,0.0,$0.00B,0,nan%,$0.00B,$-0.01B,inf%,$0.00B,$-0.01B,inf%,$0.00B,$-0.01B,inf%,$0.00B,$-0.01B,inf%,$0.00B,$-0.01B,inf%,$-0.01B,$0.01B,-86.96%,$-0.01B,$0.01B,-86.96%,$-0.01B,$0.01B,-80.00%,$-0.01B,$0.01B,-86.96%,$0,$0,$0,$1,$1,$2,$-2,$0,$-2,$0,$-2,$-2,$-2,$-2,$-2,$20,20,$-0.08,$-0.08,$7,$0,$0,$7,$0,$0,$0,$0,$0,$7,$1,$0,$0,$0,$1,$0,$-33,$0,$6,$7,$-2,$0,$0,$0,$0,$0,$0,$0,$1,$-1,$0,$0,$0,$0,$0,$0,$0,$0,$0,$0,$0,$2,$2,$0,$0,$2,$1,$0,$0
31,2010-12-31,0.99,$0.28,3.48,0.0,0.0,$-0.54,0.0,$-0.22,0.0,$0.01B,$0.00B,19.32,$0.00B,$0.01B,0.0,$0.00B,0,nan%,$0.00B,$-0.00B,inf%,$0.00B,$-0.00B,inf%,$0.00B,$-0.00B,inf%,$0.00B,$-0.00B,inf%,$0.00B,$-0.00B,inf%,$-0.00B,$0.01B,-66.67%,$-0.00B,$0.01B,-66.67%,$-0.00B,$0.01B,-64.00%,$-0.00B,$0.01B,-66.67%,$0,$0,$0,$1,$1,$1,$-1,$0,$-1,$0,$-1,$-1,$-1,$-1,$-1,$19,19,$-0.04,$-0.04,$5,$0,$0,$6,$0,$0,$0,$0,$0,$6,$0,$0,$0,$0,$0,$0,$-32,$0,$6,$6,$-4,$0,$0,$0,$0,$0,$-0,$-0,$-0,$-4,$-0,$0,$0,$0,$0,$0,$0,$-0,$0,$0,$0,$1,$1,$0,$0,$1,$-2,$0,$0
32,2010-09-30,1.12,$0.31,3.61,0.0,0.0,$-0.85,0.0,$-0.24,0.0,$0.01B,$0.00B,16.05,$0.00B,$0.01B,0.0,$0.00B,0,nan%,$0.00B,$-0.00B,inf%,$0.00B,$-0.00B,inf%,$0.00B,$-0.00B,inf%,$0.00B,$-0.00B,inf%,$0.00B,$-0.00B,inf%,$-0.00B,$0.01B,-61.54%,$-0.00B,$0.01B,-61.54%,$-0.00B,$0.01B,-59.26%,$-0.00B,$0.01B,-61.54%,$0,$0,$0,$1,$0,$1,$-1,$0,$-1,$0,$-1,$-1,$-1,$-1,$-1,$19,19,$-0.05,$-0.05,$6,$0,$0,$6,$0,$0,$0,$0,$0,$6,$0,$0,$0,$0,$0,$0,$-31,$0,$6,$6,$-3,$0,$0,$0,$0,$0,$-0,$0,$0,$-3,$0,$0,$0,$0,$0,$0,$0,$0,$0,$0,$0,$1,$1,$0,$0,$1,$-2,$0,$0
33,2010-06-30,0.99,$0.30,3.3,0.0,0.0,$-1.17,0.0,$-0.28,0.0,$0.01B,$0.00B,12.96,$0.00B,$0.01B,0.0,$0.00B,0,nan%,$0.00B,$-0.00B,inf%,$0.00B,$-0.00B,inf%,$0.00B,$-0.00B,inf%,$0.00B,$-0.00B,inf%,$0.00B,$-0.00B,inf%,$-0.00B,$0.01B,-64.00%,$-0.00B,$0.01B,-64.00%,$-0.00B,$0.01B,-61.54%,$-0.00B,$0.01B,-64.00%,$0,$0,$0,$1,$1,$1,$-1,$0,$-1,$0,$-1,$-1,$-1,$-1,$-1,$18,18,$-0.07,$-0.07,$6,$0,$0,$6,$0,$0,$0,$0,$0,$6,$0,$0,$0,$0,$0,$0,$-30,$0,$5,$6,$-2,$0,$0,$0,$0,$0,$0,$-0,$0,$-2,$0,$0,$0,$0,$0,$0,$0,$0,$0,$0,$0,$0,$0,$0,$0,$0,$-2,$0,$0
34,2010-03-31,0.8,$0.37,2.17,0.0,0.0,$-1.45,0.0,$-0.34,0.0,$0.01B,$0.00B,20.81,$0.00B,$0.01B,0.0,$0.00B,0,nan%,$0.00B,$-0.01B,inf%,$0.00B,$-0.01B,inf%,$0.00B,$-0.01B,inf%,$0.00B,$-0.01B,inf%,$0.00B,$-0.01B,inf%,$-0.01B,$0.01B,-76.92%,$-0.01B,$0.01B,-76.92%,$-0.01B,$0.01B,-76.92%,$-0.01B,$0.01B,-76.92%,$0,$0,$0,$0,$1,$1,$-1,$0,$-1,$0,$-1,$-1,$-1,$-1,$-1,$18,18,$-0.06,$-0.06,$7,$0,$0,$7,$0,$0,$0,$0,$0,$7,$0,$0,$0,$0,$0,$0,$-29,$0,$7,$7,$-1,$0,$0,$0,$0,$0,$-0,$-0,$-0,$-1,$0,$0,$0,$0,$0,$0,$0,$0,$0,$0,$0,$0,$0,$0,$0,$0,$-1,$0,$0
35,2009-12-31,0.63,$0.42,1.49,0.0,0.0,$-1.59,0.0,$-0.50,0.0,$0.01B,$0.00B,26.81,$0.00B,$0.01B,0.0,$0.00B,0,nan%,$0.00B,$-0.01B,inf%,$0.00B,$-0.01B,inf%,$0.00B,$-0.01B,inf%,$0.00B,$-0.01B,inf%,$0.00B,$-0.01B,inf%,$-0.01B,$0.01B,-103.70%,$-0.01B,$0.01B,-103.70%,$-0.01B,$0.01B,-100.00%,$-0.01B,$0.01B,-103.70%,$0,$0,$0,$1,$1,$1,$-1,$0,$-1,$0,$-1,$-1,$-1,$-1,$-1,$15,15,$-0.04,$-0.04,$8,$0,$0,$8,$0,$0,$0,$0,$0,$8,$0,$0,$0,$0,$0,$0,$-28,$0,$8,$8,$-7,$0,$1,$1,$0,$0,$-0,$0,$-1,$-8,$-0,$0,$0,$0,$0,$0,$0,$-0,$0,$0,$0,$4,$4,$0,$0,$4,$-4,$1,$0
36,2009-09-30,0.84,$0.34,2.49,0.0,0.0,$-1.72,0.0,$-0.71,0.0,$0.01B,$0.00B,18.8,$0.00B,$0.01B,0.0,$0.00B,0,nan%,$0.00B,$-0.01B,inf%,$0.00B,$-0.01B,inf%,$0.00B,$-0.01B,inf%,$0.00B,$-0.01B,inf%,$0.00B,$-0.01B,inf%,$-0.01B,$0.01B,-133.33%,$-0.01B,$0.01B,-133.33%,$-0.01B,$0.01B,-125.00%,$-0.01B,$0.01B,-133.33%,$0,$0,$0,$1,$0,$1,$-1,$0,$-1,$0,$-1,$-1,$-1,$-1,$-1,$14,14,$-0.09,$-0.09,$5,$0,$0,$5,$0,$0,$0,$0,$0,$5,$0,$0,$0,$0,$0,$0,$-27,$0,$5,$5,$-6,$0,$0,$0,$0,$0,$-0,$0,$-1,$-7,$0,$0,$0,$0,$0,$0,$0,$0,$0,$0,$0,$0,$0,$0,$0,$0,$-7,$0,$0
37,2009-06-30,0.65,$0.42,1.53,0.0,0.0,$-1.64,0.0,$-0.84,0.0,$0.01B,$0.00B,13.57,$0.00B,$0.01B,0.0,$0.00B,0,nan%,$0.00B,$-0.01B,inf%,$0.00B,$-0.01B,inf%,$0.00B,$-0.01B,inf%,$0.00B,$-0.01B,inf%,$0.00B,$-0.01B,inf%,$-0.01B,$0.01B,-123.08%,$-0.01B,$0.01B,-123.08%,$-0.01B,$0.01B,-114.29%,$-0.01B,$0.01B,-123.08%,$0,$0,$0,$1,$1,$2,$-2,$0,$-2,$0,$-2,$-2,$-2,$-2,$-2,$14,14,$-0.13,$-0.13,$6,$0,$0,$6,$0,$0,$0,$0,$0,$6,$0,$0,$0,$0,$1,$0,$-25,$0,$6,$6,$-5,$0,$0,$0,$0,$0,$-0,$0,$-1,$-6,$0,$0,$0,$0,$0,$0,$0,$0,$0,$0,$0,$0,$0,$0,$0,$0,$-6,$0,$0
38,2009-03-31,1.7,$0.55,3.12,0.0,0.0,$-1.48,0.0,$-0.90,0.0,$0.01B,$0.00B,5.95,$0.00B,$0.01B,0.0,$0.00B,0,nan%,$0.00B,$-0.01B,inf%,$0.00B,$-0.01B,inf%,$0.00B,$-0.01B,inf%,$0.00B,$-0.01B,inf%,$0.00B,$-0.01B,inf%,$-0.01B,$0.01B,-104.35%,$-0.01B,$0.01B,-104.35%,$-0.01B,$0.01B,-96.00%,$-0.01B,$0.01B,-104.35%,$0,$0,$0,$2,$1,$3,$-3,$0,$-3,$0,$-3,$-3,$-3,$-3,$-3,$14,14,$-0.22,$-0.22,$9,$0,$0,$9,$0,$0,$0,$0,$0,$9,$2,$0,$0,$0,$2,$0,$-23,$0,$8,$9,$-3,$0,$0,$0,$0,$0,$0,$-0,$0,$-3,$0,$0,$0,$0,$0,$0,$0,$0,$0,$0,$0,$0,$0,$0,$0,$0,$-3,$0,$0
39,2008-12-31,1.8,$0.75,2.4,0.0,0.0,$-1.38,0.0,$-0.81,0.0,$0.01B,$0.00B,8.33,$0.00B,$0.01B,0.0,$0.00B,0,nan%,$0.00B,$-0.01B,inf%,$0.00B,$-0.01B,inf%,$0.00B,$-0.01B,inf%,$0.00B,$-0.01B,inf%,$0.00B,$-0.01B,inf%,$-0.01B,$0.01B,-83.02%,$-0.01B,$0.01B,-83.02%,$-0.01B,$0.01B,-78.57%,$-0.01B,$0.01B,-83.02%,$0,$0,$0,$3,$1,$4,$-4,$0,$-4,$0,$-4,$-4,$-4,$-4,$-4,$13,13,$-0.27,$-0.27,$12,$0,$0,$12,$0,$0,$0,$0,$0,$12,$1,$0,$0,$0,$1,$0,$-20,$0,$11,$12,$-11,$0,$1,$1,$0,$0,$0,$0,$2,$-8,$-0,$0,$0,$0,$0,$0,$0,$-0,$0,$0,$0,$4,$4,$0,$-0,$4,$-4,$1,$0
40,2008-09-30,2.98,$1.00,2.98,0.0,0.0,$-1.10,0.0,$-0.61,0.0,$0.02B,$0.00B,12.47,$0.00B,$0.01B,0.0,$0.00B,0,nan%,$0.00B,$-0.01B,inf%,$0.00B,$-0.01B,inf%,$0.00B,$-0.01B,inf%,$0.00B,$-0.01B,inf%,$0.00B,$-0.01B,inf%,$-0.01B,$0.01B,-55.17%,$-0.01B,$0.01B,-55.17%,$-0.01B,$0.02B,-52.46%,$-0.01B,$0.01B,-55.17%,$0,$0,$0,$2,$0,$3,$-3,$0,$-3,$0,$-3,$-3,$-3,$-3,$-3,$13,13,$-0.22,$-0.22,$15,$0,$0,$15,$0,$0,$0,$0,$0,$15,$1,$0,$0,$0,$1,$0,$-17,$0,$14,$15,$-7,$0,$0,$1,$0,$0,$0,$0,$1,$-5,$-0,$0,$0,$0,$0,$0,$0,$-0,$0,$0,$0,$4,$4,$0,$-0,$4,$-1,$0,$0
41,2008-06-30,3.49,$1.01,3.45,0.0,0.0,$-0.97,0.0,$-0.45,0.0,$0.01B,$0.00B,18.1,$0.00B,$0.01B,0.0,$0.00B,0,nan%,$0.00B,$-0.01B,inf%,$0.00B,$-0.01B,inf%,$0.00B,$-0.01B,inf%,$0.00B,$-0.01B,inf%,$0.00B,$-0.01B,inf%,$-0.01B,$0.01B,-39.34%,$-0.01B,$0.01B,-39.34%,$-0.01B,$0.01B,-37.50%,$-0.01B,$0.01B,-39.34%,$0,$0,$0,$2,$1,$2,$-2,$0,$-2,$0,$-2,$-2,$-2,$-2,$-2,$13,13,$-0.19,$-0.19,$13,$0,$0,$13,$0,$0,$0,$0,$0,$14,$1,$0,$0,$0,$1,$0,$-14,$0,$13,$14,$-4,$0,$0,$0,$0,$0,$-0,$0,$1,$-3,$-0,$0,$0,$0,$0,$0,$0,$-0,$0,$0,$0,$0,$0,$0,$-0,$-0,$-3,$0,$0
42,2008-03-31,3.75,$1.19,3.15,0.0,0.0,$-0.97,0.0,$-0.36,0.0,$0.02B,$0.00B,35.02,$0.00B,$0.02B,0.0,$0.00B,0,nan%,$0.00B,$-0.01B,inf%,$0.00B,$-0.01B,inf%,$0.00B,$-0.01B,inf%,$0.00B,$-0.01B,inf%,$0.00B,$-0.01B,inf%,$-0.01B,$0.02B,-30.30%,$-0.01B,$0.02B,-30.30%,$-0.01B,$0.02B,-29.41%,$-0.01B,$0.02B,-30.30%,$0,$0,$0,$1,$1,$2,$-2,$0,$-2,$0,$-2,$-2,$-2,$-2,$-2,$13,13,$-0.13,$-0.13,$15,$0,$0,$15,$0,$0,$0,$0,$0,$15,$0,$0,$0,$0,$0,$0,$-11,$0,$15,$15,$-2,$0,$0,$0,$0,$0,$0,$-0,$0,$-1,$-0,$0,$0,$0,$0,$0,$0,$-0,$0,$0,$0,$0,$0,$0,$-0,$-0,$-1,$0,$0
43,2007-12-31,3.45,$1.30,2.65,0.0,0.0,$-0.98,0.0,$-0.33,0.0,$0.02B,$0.00B,54.51,$0.00B,$0.02B,0.0,$0.00B,0,nan%,$0.00B,$-0.00B,inf%,$0.00B,$-0.00B,inf%,$0.00B,$-0.00B,inf%,$0.00B,$-0.00B,inf%,$0.00B,$-0.00B,inf%,$-0.00B,$0.02B,-22.86%,$-0.00B,$0.02B,-22.86%,$-0.00B,$0.02B,-22.22%,$-0.00B,$0.02B,-22.86%,$0,$0,$0,$1,$0,$1,$-1,$0,$-1,$0,$-1,$-1,$-1,$-1,$-1,$13,13,$-0.07,$-0.07,$16,$0,$0,$17,$0,$0,$0,$0,$0,$17,$0,$0,$0,$0,$0,$0,$-10,$0,$16,$17,$-4,$0,$1,$1,$0,$0,$-0,$-0,$-1,$-4,$-0,$0,$0,$0,$0,$0,$0,$-0,$0,$0,$0,$0,$0,$0,$0,$0,$-4,$1,$0
44,2007-09-30,3.2,$1.37,2.33,0.0,0.0,$-0.77,0.0,$-0.33,0.0,$0.02B,$0.00B,43.07,$0.00B,$0.02B,0.0,$0.00B,0,nan%,$0.00B,$-0.00B,inf%,$0.00B,$-0.00B,inf%,$0.00B,$-0.00B,inf%,$0.00B,$-0.00B,inf%,$0.00B,$-0.00B,inf%,$-0.00B,$0.02B,-21.62%,$-0.00B,$0.02B,-21.62%,$-0.00B,$0.02B,-21.05%,$-0.00B,$0.02B,-21.62%,$0,$0,$0,$1,$0,$1,$-1,$0,$-1,$0,$-1,$-1,$-1,$-1,$-1,$13,13,$-0.06,$-0.06,$17,$0,$0,$17,$0,$0,$0,$0,$0,$18,$0,$0,$0,$0,$0,$0,$-9,$0,$17,$18,$-3,$0,$0,$0,$0,$0,$-0,$-0,$-1,$-3,$-0,$0,$0,$0,$0,$0,$0,$-0,$0,$0,$0,$0,$0,$0,$0,$0,$-4,$0,$0
