,Date,Stock Price,Book Value per Share,Price to Book Ratio,TTM Sales per Share,Price to Sales Ratio,TTM FCF per Share,Price to FCF Ratio,TTM Net EPS,PE Ratio,Current Assets,Current Liabilities,Current Ratio,Long Term Debt,Shareholder's Equity_x,Debt to Equity Ratio,TTM Revenue_x,TTM Gross Profit,Gross Margin,TTM Revenue_y,TTM Operating Income,Operating Margin,TTM Revenue_x,TTM EBIT,EBIT Margin,TTM Revenue_y,TTM EBITDA,EBITDA Margin,TTM Revenue_x,TTM Pre-Tax Income,Pre-Tax Margin,TTM Revenue_y,TTM Net Income_x,Net Margin,TTM Net Income_y,Shareholder's Equity_y,Return on Equity,TTM Net Income_x,Tangible Equity,Return on Tangible Equity,TTM Net Income_y,Total Assets,Return on Assets,TTM Net Income,LT Investments & Debt,Return on Investment,revenue,cost-goods-sold,gross-profit,research-development-expenses,selling-general-administrative-expenses,operating-expenses,operating-income,total-non-operating-income-expense,pre-tax-income,total-provision-income-taxes,income-after-taxes,income-from-continuous-operations,net-income,ebitda,ebit,basic-shares-outstanding,shares-outstanding,eps-basic-net-earnings-per-share,eps-earnings-per-share-diluted,cash-on-hand,inventory,other-current-assets,total-current-assets,net-property-plant-equipment,long-term-investments,goodwill-intangible-assets-total,other-long-term-assets,total-long-term-assets,total-assets,total-current-liabilities,long-term-debt,other-non-current-liabilities,total-long-term-liabilities,total-liabilities,common-stock-net,retained-earnings-accumulated-deficit,comprehensive-income,total-share-holder-equity,total-liabilities-share-holders-equity,net-income-loss,total-depreciation-amortization-cash-flow,other-non-cash-items,total-non-cash-items,change-in-accounts-receivable,change-in-inventories,change-in-accounts-payable,change-in-assets-liabilities,total-change-in-assets-liabilities,cash-flow-from-operating-activities,net-change-in-property-plant-equipment,net-change-in-intangible-assets,net-acquisitions-divestitures,net-change-in-short-term-investments,net-change-in-long-term-investments,net-change-in-investments-total,investing-activities-other,cash-flow-from-investing-activities,net-long-term-debt,net-current-debt,debt-issuance-retirement-net-total,net-common-equity-issued-repurchased,net-total-equity-issued-repurchased,total-common-preferred-stock-dividends-paid,financial-activities-other,cash-flow-from-financial-activities,net-cash-flow,stock-based-compensation,common-stock-dividends-paid
0,2018-09-30,119.98,$51.26,2.34,$200.06,0.6,$-1.96,0.0,$8.65,13.87,$1.31B,$0.78B,1.67,$0.73B,$0.91B,0.8,$3.70B,$0.62B,16.78%,$3.70B,$0.25B,6.82%,$3.70B,$0.25B,6.82%,$3.70B,$0.40B,10.83%,$3.70B,$0.22B,5.82%,$3.70B,$0.16B,4.33%,$0.16B,$0.91B,17.89%,$0.16B,$0.64B,24.71%,$0.16B,$2.66B,5.90%,$0.25B,$1.64B,15.57%,$862,$742,$120,$0,$82,$820,$42,$-10,$31,$-1,$33,$33,$32,$78,$42,$18,18,$1.80,$1.77,$282,$183,$207,$1306,$967,$0,$275,$112,$1353,$2660,$782,$727,$56,$967,$1749,$0,$610,$-239,$911,$2660,$133,$109,$13,$122,$0,$0,$0,$-178,$-178,$78,$-152,$0,$-99,$0,$0,$0,$0,$-251,$-3,$4,$1,$-44,$-44,$0,$-14,$-57,$-233,$14,$0
1,2018-06-30,130.67,$49.84,2.62,$199.26,0.66,$0.43,304.66,$8.20,15.94,$1.39B,$0.78B,1.78,$0.72B,$0.89B,0.81,$3.70B,$0.65B,17.59%,$3.70B,$0.26B,7.02%,$3.70B,$0.26B,7.02%,$3.70B,$0.41B,10.97%,$3.70B,$0.22B,5.86%,$3.70B,$0.15B,4.13%,$0.15B,$0.89B,17.44%,$0.15B,$0.66B,23.95%,$0.15B,$2.70B,5.65%,$0.26B,$1.61B,16.24%,$928,$777,$151,$0,$76,$867,$62,$-9,$52,$9,$43,$43,$42,$99,$62,$18,18,$2.33,$2.28,$440,$185,$99,$1389,$966,$0,$232,$114,$1312,$2700,$781,$723,$77,$1031,$1812,$0,$584,$-227,$888,$2700,$101,$73,$13,$86,$0,$0,$0,$-91,$-91,$98,$-107,$0,$-6,$0,$0,$0,$0,$-113,$-2,$0,$-2,$-44,$-44,$0,$-14,$-59,$-75,$10,$0
2,2018-03-31,122.81,$51.09,2.4,$196.92,0.62,$-0.86,0.0,$8.06,15.24,$1.44B,$0.79B,1.81,$0.72B,$0.92B,0.78,$3.68B,$0.67B,18.25%,$3.68B,$0.27B,7.41%,$3.68B,$0.27B,7.41%,$3.68B,$0.42B,11.27%,$3.68B,$0.23B,6.16%,$3.68B,$0.15B,4.10%,$0.15B,$0.92B,17.56%,$0.15B,$0.68B,24.43%,$0.15B,$2.76B,5.64%,$0.27B,$1.65B,17.24%,$967,$797,$171,$0,$80,$887,$80,$-11,$69,$12,$57,$57,$57,$116,$80,$18,19,$3.16,$3.07,$420,$186,$115,$1438,$978,$0,$239,$107,$1323,$2761,$794,$724,$78,$1045,$1838,$0,$572,$-190,$923,$2761,$57,$36,$7,$44,$0,$0,$0,$-113,$-113,$-11,$-67,$0,$-3,$0,$0,$0,$0,$-70,$-1,$-1,$-2,$0,$0,$0,$-13,$-15,$-96,$4,$0
3,2017-12-31,122.5,$47.73,2.57,$192.20,0.64,$0.45,271.26,$7.19,17.04,$1.43B,$0.83B,1.73,$0.72B,$0.86B,0.85,$3.62B,$0.67B,18.55%,$3.62B,$0.26B,7.13%,$3.62B,$0.26B,7.13%,$3.62B,$0.40B,10.95%,$3.62B,$0.21B,5.86%,$3.62B,$0.14B,3.76%,$0.14B,$0.86B,16.56%,$0.14B,$0.61B,23.54%,$0.14B,$2.73B,5.20%,$0.26B,$1.58B,16.69%,$938,$760,$178,$0,$89,$870,$68,$-5,$63,$34,$29,$29,$29,$107,$68,$18,19,$1.61,$1.55,$516,$170,$101,$1427,$952,$0,$241,$106,$1299,$2726,$827,$723,$78,$1044,$1871,$0,$511,$-198,$855,$2726,$139,$138,$52,$190,$-26,$-14,$11,$4,$-16,$313,$-187,$0,$-0,$0,$0,$0,$-13,$-201,$-20,$11,$-9,$-53,$-53,$0,$-14,$-76,$36,$25,$0
4,2017-09-30,115.97,$47.97,2.42,$188.99,0.61,$4.35,26.68,$7.31,15.86,$1.38B,$0.79B,1.75,$0.72B,$0.84B,0.86,$3.56B,$0.66B,18.59%,$3.56B,$0.25B,7.03%,$3.56B,$0.25B,7.03%,$3.56B,$0.38B,10.69%,$3.56B,$0.19B,5.40%,$3.56B,$0.14B,3.88%,$0.14B,$0.84B,17.51%,$0.14B,$0.60B,25.44%,$0.14B,$2.64B,5.40%,$0.25B,$1.57B,16.51%,$869,$718,$151,$0,$88,$819,$50,$-16,$33,$8,$25,$25,$25,$84,$50,$18,19,$1.39,$1.32,$373,$179,$98,$1376,$916,$0,$243,$100,$1260,$2636,$786,$723,$48,$1006,$1791,$0,$503,$-201,$844,$2636,$110,$99,$41,$140,$0,$0,$0,$-145,$-145,$105,$-136,$0,$-0,$0,$0,$0,$0,$-137,$-16,$6,$-10,$-30,$-30,$0,$-13,$-52,$-107,$19,$0
5,2017-06-30,100.87,$45.99,2.19,$188.08,0.54,$9.50,10.62,$7.93,12.72,$1.35B,$0.77B,1.77,$0.72B,$0.82B,0.88,$3.54B,$0.68B,19.06%,$3.54B,$0.26B,7.28%,$3.54B,$0.26B,7.28%,$3.54B,$0.39B,10.90%,$3.54B,$0.21B,5.87%,$3.54B,$0.15B,4.21%,$0.15B,$0.82B,19.65%,$0.15B,$0.57B,29.26%,$0.15B,$2.59B,5.93%,$0.26B,$1.54B,17.37%,$909,$737,$172,$0,$86,$834,$75,$-13,$62,$21,$42,$42,$40,$108,$75,$18,19,$2.26,$2.14,$400,$168,$90,$1353,$887,$0,$244,$104,$1235,$2588,$765,$723,$46,$1004,$1770,$0,$495,$-220,$818,$2588,$84,$65,$19,$84,$0,$0,$0,$-114,$-114,$65,$-98,$0,$0,$0,$0,$0,$0,$-98,$-11,$1,$-11,$-7,$-7,$0,$-12,$-30,$-79,$12,$0
6,2017-03-31,110.93,$43.09,2.57,$187.19,0.59,$13.08,8.48,$7.99,13.88,$1.32B,$0.74B,1.78,$0.73B,$0.77B,0.95,$3.51B,$0.68B,19.22%,$3.51B,$0.25B,7.03%,$3.51B,$0.25B,7.03%,$3.51B,$0.37B,10.59%,$3.51B,$0.20B,5.75%,$3.51B,$0.15B,4.24%,$0.15B,$0.77B,20.64%,$0.15B,$0.52B,31.06%,$0.15B,$2.51B,6.06%,$0.25B,$1.50B,17.03%,$902,$732,$170,$0,$87,$837,$65,$-11,$54,$12,$43,$43,$42,$97,$65,$18,19,$2.35,$2.20,$407,$161,$96,$1318,$841,$0,$246,$101,$1189,$2507,$739,$728,$42,$999,$1738,$0,$462,$-232,$769,$2507,$43,$32,$12,$44,$0,$0,$0,$-90,$-90,$4,$-58,$0,$0,$0,$0,$0,$0,$-58,$-2,$0,$-2,$1,$1,$0,$-11,$-12,$-73,$7,$0
7,2016-12-31,103.38,$40.80,2.53,$185.65,0.56,$14.50,7.13,$7.43,13.91,$1.30B,$0.76B,1.71,$0.73B,$0.72B,1.01,$3.47B,$0.67B,19.15%,$3.47B,$0.24B,7.03%,$3.47B,$0.24B,7.03%,$3.47B,$0.37B,10.57%,$3.47B,$0.19B,5.59%,$3.47B,$0.14B,3.97%,$0.14B,$0.72B,20.03%,$0.14B,$0.47B,30.40%,$0.14B,$2.49B,5.70%,$0.24B,$1.45B,17.21%,$875,$707,$168,$0,$91,$816,$60,$-17,$43,$11,$32,$32,$31,$91,$60,$17,19,$1.75,$1.65,$480,$146,$81,$1296,$832,$0,$249,$68,$1196,$2492,$759,$729,$45,$1011,$1770,$0,$426,$-243,$722,$2492,$140,$123,$35,$157,$-1,$7,$70,$-17,$64,$364,$-164,$0,$-37,$0,$0,$0,$4,$-198,$-15,$-12,$-27,$-21,$-21,$0,$-15,$-63,$102,$24,$0
8,2016-09-30,98.8,$41.03,2.41,$185.31,0.53,$9.51,10.39,$6.94,14.24,$1.26B,$0.74B,1.7,$0.73B,$0.72B,1.0,$3.45B,$0.65B,18.86%,$3.45B,$0.21B,6.14%,$3.45B,$0.21B,6.14%,$3.45B,$0.33B,9.65%,$3.45B,$0.17B,4.93%,$3.45B,$0.13B,3.74%,$0.13B,$0.72B,19.48%,$0.13B,$0.47B,29.69%,$0.13B,$2.46B,5.43%,$0.21B,$1.45B,15.23%,$856,$691,$165,$0,$92,$797,$58,$-9,$49,$13,$37,$37,$36,$90,$58,$17,19,$2.08,$1.94,$360,$161,$83,$1255,$832,$0,$257,$74,$1208,$2463,$740,$727,$44,$999,$1739,$0,$395,$-206,$724,$2463,$108,$92,$16,$107,$0,$0,$0,$-35,$-35,$182,$-117,$0,$-37,$0,$0,$0,$3,$-151,$-10,$2,$-8,$-21,$-21,$0,$-12,$-41,$-18,$19,$0
9,2016-06-30,78.99,$38.83,2.03,$184.60,0.43,$5.21,15.15,$6.78,11.65,$1.24B,$0.70B,1.78,$0.73B,$0.67B,1.09,$3.42B,$0.63B,18.52%,$3.42B,$0.21B,6.16%,$3.42B,$0.21B,6.16%,$3.42B,$0.33B,9.64%,$3.42B,$0.17B,4.85%,$3.42B,$0.13B,3.68%,$0.13B,$0.67B,19.92%,$0.13B,$0.46B,30.56%,$0.13B,$2.37B,5.40%,$0.21B,$1.40B,15.45%,$879,$707,$172,$0,$93,$815,$64,$-8,$56,$16,$40,$40,$40,$94,$64,$17,19,$2.33,$2.16,$365,$156,$96,$1235,$794,$0,$216,$83,$1139,$2374,$695,$729,$46,$1007,$1703,$0,$360,$-210,$672,$2374,$72,$60,$9,$70,$0,$0,$0,$-27,$-27,$115,$-81,$0,$-3,$0,$0,$0,$-5,$-89,$-5,$1,$-4,$-23,$-23,$0,$-30,$-57,$-39,$11,$0
10,2016-03-31,71.84,$37.10,1.94,$184.06,0.39,$1.38,52.13,$6.56,10.95,$1.22B,$0.71B,1.72,$0.73B,$0.64B,1.15,$3.41B,$0.62B,18.09%,$3.41B,$0.21B,6.05%,$3.41B,$0.21B,6.05%,$3.41B,$0.32B,9.52%,$3.41B,$0.16B,4.79%,$3.41B,$0.12B,3.58%,$0.12B,$0.64B,19.93%,$0.12B,$0.42B,31.42%,$0.12B,$2.36B,5.30%,$0.21B,$1.37B,15.27%,$862,$703,$160,$0,$83,$800,$62,$-16,$46,$15,$32,$32,$31,$92,$62,$17,19,$1.80,$1.67,$313,$158,$76,$1221,$793,$0,$218,$81,$1140,$2361,$711,$731,$43,$1011,$1722,$0,$321,$-203,$638,$2361,$32,$30,$6,$36,$0,$0,$0,$-39,$-39,$28,$-55,$0,$-3,$0,$0,$0,$0,$-58,$-2,$2,$-0,$-24,$-24,$0,$-2,$-25,$-65,$4,$0
11,2015-12-31,77.59,$35.21,2.2,$181.93,0.43,$-0.38,0.0,$6.07,12.78,$1.19B,$0.68B,1.75,$0.73B,$0.62B,1.19,$3.34B,$0.59B,17.56%,$3.34B,$0.18B,5.26%,$3.34B,$0.18B,5.26%,$3.34B,$0.29B,8.70%,$3.34B,$0.15B,4.58%,$3.34B,$0.11B,3.35%,$0.11B,$0.62B,19.04%,$0.11B,$0.40B,31.20%,$0.11B,$2.30B,4.94%,$0.18B,$1.35B,13.25%,$854,$701,$154,$0,$90,$827,$28,$-9,$19,$-3,$22,$22,$22,$57,$28,$17,18,$1.24,$1.17,$378,$150,$74,$1189,$765,$0,$220,$80,$1115,$2304,$681,$732,$41,$1008,$1689,$0,$307,$-217,$615,$2304,$112,$114,$7,$121,$-73,$13,$61,$-40,$37,$270,$-166,$0,$-1,$0,$-4,$-4,$5,$-166,$-9,$-9,$-18,$9,$9,$0,$-3,$-12,$111,$14,$0
12,2015-09-30,58.0,$34.75,1.67,$178.44,0.33,$-6.97,0.0,$4.12,14.08,$1.13B,$0.66B,1.71,$0.74B,$0.61B,1.22,$3.26B,$0.55B,16.92%,$3.26B,$0.16B,4.76%,$3.26B,$0.16B,4.76%,$3.26B,$0.27B,8.26%,$3.26B,$0.13B,3.96%,$3.26B,$0.08B,2.36%,$0.08B,$0.61B,13.47%,$0.08B,$0.38B,22.45%,$0.08B,$2.29B,3.46%,$0.16B,$1.35B,11.79%,$828,$679,$148,$0,$79,$770,$57,$-12,$45,$13,$33,$33,$33,$87,$57,$17,18,$1.89,$1.78,$232,$172,$66,$1127,$801,$0,$226,$87,$1162,$2289,$660,$741,$36,$1024,$1684,$0,$285,$-204,$605,$2289,$90,$85,$-2,$83,$0,$0,$0,$-63,$-63,$110,$-125,$0,$-34,$0,$-4,$-4,$0,$-164,$-6,$1,$-5,$9,$9,$0,$-3,$1,$-35,$8,$0
13,2015-06-30,61.47,$34.22,1.8,$175.94,0.35,$-9.54,0.0,$3.57,17.22,$1.11B,$0.63B,1.77,$0.74B,$0.59B,1.26,$3.21B,$0.51B,16.01%,$3.21B,$0.15B,4.74%,$3.21B,$0.15B,4.74%,$3.21B,$0.26B,8.22%,$3.21B,$0.13B,3.89%,$3.21B,$0.07B,2.09%,$0.07B,$0.59B,11.45%,$0.07B,$0.36B,18.81%,$0.07B,$2.26B,3.06%,$0.15B,$1.34B,11.40%,$861,$707,$154,$0,$84,$802,$59,$-6,$53,$16,$37,$37,$36,$88,$59,$17,18,$2.14,$1.98,$205,$183,$76,$1113,$785,$0,$232,$87,$1148,$2261,$630,$743,$42,$1040,$1670,$0,$252,$-177,$591,$2261,$58,$56,$-9,$47,$0,$0,$0,$-49,$-49,$57,$-94,$0,$-34,$0,$0,$0,$0,$-128,$-4,$2,$-2,$0,$0,$0,$-3,$-5,$-62,$5,$0
14,2015-03-31,59.2,$31.72,1.87,$175.71,0.34,$-10.48,0.0,$2.31,25.63,$1.08B,$0.62B,1.73,$0.75B,$0.54B,1.38,$3.21B,$0.51B,15.78%,$3.21B,$0.15B,4.65%,$3.21B,$0.15B,4.65%,$3.21B,$0.26B,8.14%,$3.21B,$0.09B,2.84%,$3.21B,$0.04B,1.37%,$0.04B,$0.54B,7.29%,$0.04B,$0.30B,11.75%,$0.04B,$2.21B,2.01%,$0.15B,$1.29B,10.98%,$800,$669,$131,$0,$76,$768,$32,$4,$36,$15,$21,$21,$21,$59,$32,$17,18,$1.23,$1.15,$194,$179,$70,$1078,$764,$0,$239,$84,$1136,$2213,$622,$745,$44,$1049,$1671,$0,$216,$-183,$542,$2213,$21,$27,$-7,$20,$0,$0,$0,$-50,$-50,$-10,$-49,$0,$-24,$0,$0,$0,$0,$-74,$-2,$-2,$-4,$0,$0,$0,$-2,$-7,$-73,$3,$0
15,2014-12-31,57.88,$32.20,1.8,$178.59,0.32,$-10.49,0.0,$2.26,25.61,$1.05B,$0.53B,2.0,$0.74B,$0.55B,1.35,$3.25B,$0.51B,15.69%,$3.25B,$0.16B,5.05%,$3.25B,$0.16B,5.05%,$3.25B,$0.28B,8.54%,$3.25B,$0.09B,2.71%,$3.25B,$0.04B,1.33%,$0.04B,$0.55B,6.83%,$0.04B,$0.33B,10.74%,$0.04B,$2.13B,1.98%,$0.16B,$1.29B,12.05%,$768,$650,$118,$0,$73,$761,$7,$-12,$-5,$7,$-12,$-12,$-13,$35,$7,$17,18,$-0.73,$-0.66,$267,$167,$94,$1054,$716,$0,$217,$97,$1072,$2126,$528,$743,$49,$1049,$1577,$0,$195,$-139,$549,$2126,$45,$113,$56,$168,$-18,$1,$-11,$-11,$-43,$171,$-188,$0,$29,$0,$0,$0,$1,$-157,$64,$0,$65,$4,$4,$0,$-19,$49,$83,$13,$0
16,2014-09-30,62.4,$38.43,1.62,$186.14,0.34,$-12.51,0.0,$1.61,38.76,$1.08B,$0.51B,2.12,$0.76B,$0.66B,1.16,$3.27B,$0.50B,15.16%,$3.27B,$0.17B,5.26%,$3.27B,$0.17B,5.26%,$3.27B,$0.28B,8.68%,$3.27B,$0.09B,2.84%,$3.27B,$0.04B,1.22%,$0.04B,$0.66B,6.19%,$0.04B,$0.43B,9.73%,$0.04B,$2.17B,1.85%,$0.17B,$1.42B,12.68%,$781,$670,$111,$0,$67,$727,$54,$-12,$41,$19,$22,$22,$23,$82,$54,$17,18,$1.33,$1.23,$245,$181,$88,$1084,$730,$0,$226,$107,$1082,$2166,$510,$760,$49,$997,$1508,$0,$211,$-59,$658,$2166,$58,$85,$29,$114,$0,$0,$0,$-84,$-84,$89,$-151,$0,$40,$0,$3,$3,$1,$-107,$66,$-4,$63,$8,$8,$0,$-4,$67,$60,$11,$0
17,2014-06-30,66.16,$39.09,1.69,$197.35,0.34,$-16.97,0.0,$1.46,45.32,$1.12B,$0.55B,2.03,$0.76B,$0.67B,1.15,$3.25B,$0.50B,15.37%,$3.25B,$0.15B,4.73%,$3.25B,$0.15B,4.73%,$3.25B,$0.26B,8.11%,$3.25B,$0.08B,2.37%,$3.25B,$0.03B,0.98%,$0.03B,$0.67B,5.28%,$0.03B,$0.43B,8.69%,$0.03B,$2.24B,1.49%,$0.15B,$1.43B,11.96%,$858,$711,$146,$0,$82,$801,$56,$-38,$19,$4,$14,$14,$13,$85,$56,$17,18,$0.78,$0.72,$207,$186,$110,$1119,$748,$0,$234,$108,$1118,$2237,$552,$763,$46,$1019,$1571,$0,$188,$-24,$666,$2237,$36,$57,$39,$96,$0,$0,$0,$-77,$-77,$54,$-109,$0,$0,$0,$3,$3,$1,$-104,$70,$-0,$69,$7,$7,$0,$-4,$72,$23,$8,$0
18,2014-03-31,70.65,$37.99,1.86,$201.73,0.35,$-20.32,0.0,$2.08,33.97,$1.03B,$0.58B,1.77,$0.66B,$0.64B,1.03,$3.18B,$0.49B,15.28%,$3.18B,$0.15B,4.81%,$3.18B,$0.15B,4.81%,$3.18B,$0.26B,8.24%,$3.18B,$0.10B,3.02%,$3.18B,$0.04B,1.26%,$0.04B,$0.64B,7.21%,$0.04B,$0.41B,12.67%,$0.04B,$2.15B,1.91%,$0.15B,$1.31B,12.67%,$838,$703,$134,$0,$80,$790,$47,$-14,$33,$12,$21,$21,$20,$75,$47,$17,18,$1.18,$1.10,$138,$189,$85,$1025,$757,$0,$237,$101,$1123,$2148,$581,$661,$46,$923,$1504,$0,$176,$-28,$644,$2148,$21,$28,$12,$40,$0,$0,$0,$-58,$-58,$4,$-62,$0,$0,$0,$0,$0,$1,$-61,$4,$2,$7,$5,$5,$0,$-2,$10,$-46,$4,$0
19,2013-12-31,49.11,$36.91,1.33,$197.20,0.25,$-19.77,0.0,$1.84,26.69,$1.00B,$0.57B,1.75,$0.66B,$0.62B,1.07,$3.09B,$0.47B,15.27%,$3.09B,$0.14B,4.63%,$3.09B,$0.14B,4.63%,$3.09B,$0.25B,8.19%,$3.09B,$0.09B,2.94%,$3.09B,$0.04B,1.13%,$0.04B,$0.62B,6.35%,$0.04B,$0.37B,11.29%,$0.04B,$2.10B,1.69%,$0.14B,$1.27B,12.41%,$794,$689,$105,$0,$73,$780,$15,$-15,$-0,$21,$-21,$-21,$-16,$42,$15,$15,16,$-1.14,$-1.04,$184,$180,$82,$995,$733,$0,$241,$99,$1107,$2103,$570,$656,$41,$917,$1487,$0,$157,$-28,$616,$2103,$45,$111,$33,$144,$-50,$-32,$58,$-28,$-59,$133,$-180,$0,$-14,$0,$0,$0,$2,$-191,$198,$-0,$197,$-206,$-206,$-5,$-9,$-23,$-86,$12,$0
20,2013-09-30,50.0,$37.77,1.32,$184.38,0.27,$-18.55,0.0,$2.58,19.38,$1.01B,$0.54B,1.88,$0.65B,$0.50B,1.31,$2.99B,$0.47B,15.60%,$2.99B,$0.13B,4.21%,$2.99B,$0.13B,4.21%,$2.99B,$0.24B,8.02%,$2.99B,$0.08B,2.71%,$2.99B,$0.04B,1.37%,$0.04B,$0.50B,7.39%,$0.04B,$0.26B,13.17%,$0.04B,$2.09B,2.00%,$0.13B,$1.15B,11.41%,$764,$649,$115,$0,$73,$728,$36,$-12,$25,$4,$20,$20,$15,$62,$36,$13,14,$1.16,$1.08,$119,$187,$94,$1012,$701,$0,$237,$91,$1082,$2094,$538,$649,$151,$1059,$1597,$0,$168,$-54,$497,$2094,$66,$83,$20,$103,$0,$0,$0,$-153,$-153,$18,$-129,$0,$-14,$0,$0,$0,$2,$-141,$191,$2,$192,$-206,$-206,$-5,$-7,$-26,$-151,$9,$0
21,2013-06-30,46.5,$35.15,1.32,$168.16,0.28,$-16.46,0.0,$1.50,31.0,$1.01B,$0.50B,2.04,$0.65B,$0.46B,1.4,$2.91B,$0.46B,15.61%,$2.91B,$0.11B,3.91%,$2.91B,$0.11B,3.91%,$2.91B,$0.23B,7.93%,$2.91B,$0.07B,2.47%,$2.91B,$0.03B,1.17%,$0.03B,$0.46B,5.65%,$0.03B,$0.22B,9.63%,$0.03B,$2.03B,1.67%,$0.11B,$1.11B,10.35%,$785,$652,$132,$0,$73,$730,$55,$-16,$38,$12,$26,$26,$21,$83,$55,$14,15,$1.45,$1.34,$160,$170,$91,$1009,$633,$0,$240,$88,$1018,$2027,$495,$647,$156,$1071,$1565,$0,$149,$-68,$462,$2027,$46,$58,$18,$76,$0,$0,$0,$-150,$-150,$-27,$-70,$0,$0,$0,$0,$0,$2,$-68,$192,$4,$197,$-206,$-206,$-2,$-6,$-17,$-110,$6,$0
22,2013-03-31,41.6,$37.16,1.12,$156.49,0.27,$-14.71,0.0,$0.16,260.0,$1.03B,$0.52B,1.97,$0.45B,$0.63B,0.72,$2.86B,$0.44B,15.26%,$2.86B,$0.10B,3.53%,$2.86B,$0.10B,3.53%,$2.86B,$0.22B,7.68%,$2.86B,$0.06B,2.23%,$2.86B,$0.07B,2.58%,$0.07B,$0.63B,11.31%,$0.07B,$0.38B,18.48%,$0.07B,$2.06B,3.64%,$0.10B,$1.08B,9.13%,$748,$627,$120,$0,$75,$711,$37,$-9,$28,$8,$20,$20,$15,$66,$37,$17,18,$0.92,$0.86,$217,$163,$83,$1028,$625,$0,$246,$86,$1027,$2055,$522,$451,$178,$903,$1425,$0,$217,$-53,$630,$2055,$20,$30,$5,$35,$0,$0,$0,$-68,$-68,$-13,$-34,$0,$0,$0,$0,$0,$2,$-32,$-2,$5,$3,$-11,$-11,$-2,$-2,$-12,$-54,$4,$0
23,2012-12-31,38.0,$36.42,1.04,$154.37,0.25,$-15.16,0.0,$-0.70,0.0,$0.99B,$0.49B,2.03,$0.45B,$0.63B,0.72,$2.88B,$0.44B,15.24%,$2.88B,$0.10B,3.61%,$2.88B,$0.10B,3.61%,$2.88B,$0.23B,7.84%,$2.88B,$0.07B,2.36%,$2.88B,$0.08B,2.64%,$0.08B,$0.63B,11.58%,$0.08B,$0.38B,19.13%,$0.08B,$2.03B,3.74%,$0.10B,$1.08B,9.38%,$697,$597,$100,$0,$75,$699,$-2,$-8,$-10,$1,$-11,$-11,$-10,$29,$-2,$17,19,$-0.52,$-0.48,$271,$143,$88,$990,$629,$0,$250,$84,$1036,$2026,$487,$451,$178,$910,$1397,$0,$202,$-45,$629,$2026,$99,$123,$-21,$101,$-62,$-2,$15,$-49,$-114,$84,$-116,$0,$-1,$0,$0,$0,$0,$-118,$-5,$-0,$-6,$-37,$-44,$-7,$-2,$-58,$-91,$15,$0
24,2012-09-30,37.5,$38.59,0.97,$153.03,0.25,$-10.06,0.0,0,0.0,$1.00B,$0.46B,2.17,$0.45B,$0.69B,0.66,$2.88B,$0.44B,15.17%,$2.88B,$0.13B,4.48%,$2.88B,$0.13B,4.48%,$2.88B,$0.25B,8.72%,$2.88B,$0.09B,3.23%,$2.88B,$0.10B,3.54%,$0.10B,$0.69B,15.70%,$0.10B,$0.43B,26.44%,$0.10B,$2.03B,5.03%,$0.13B,$1.14B,11.69%,$684,$581,$103,$0,$65,$660,$24,$-8,$16,$5,$10,$10,$8,$53,$24,$17,18,$0.46,$0.44,$218,$162,$52,$999,$621,$0,$257,$84,$1027,$2025,$461,$452,$181,$880,$1341,$0,$219,$-17,$685,$2025,$110,$91,$-41,$50,$0,$0,$0,$-182,$-182,$-23,$-83,$0,$-1,$0,$0,$0,$0,$-84,$-4,$-3,$-7,$-21,$-26,$-5,$1,$-37,$-144,$11,$0
25,2012-06-30,37.0,$37.48,0.99,$152.61,0.24,$-5.58,0.0,0,0.0,$1.01B,$0.47B,2.15,$0.45B,$0.67B,0.67,$2.91B,$0.44B,15.25%,$2.91B,$0.14B,4.78%,$2.91B,$0.14B,4.78%,$2.91B,$0.26B,9.09%,$2.91B,$0.09B,3.20%,$2.91B,$0.11B,3.61%,$0.11B,$0.67B,16.58%,$0.11B,$0.41B,28.67%,$0.11B,$2.02B,5.18%,$0.14B,$1.13B,12.78%,$735,$620,$114,$0,$69,$692,$42,$-13,$30,$-46,$76,$76,$61,$72,$42,$18,19,$3.49,$3.28,$252,$154,$52,$1013,$606,$0,$261,$80,$1010,$2023,$471,$453,$181,$880,$1351,$0,$213,$-25,$672,$2023,$100,$62,$-43,$20,$0,$0,$0,$-155,$-155,$-35,$-50,$0,$-1,$0,$0,$0,$0,$-51,$-3,$0,$-3,$-14,$-18,$-3,$1,$-24,$-110,$8,$0
26,2012-03-31,43.74,$34.88,1.25,$152.82,0.29,$-1.97,0.0,0,0.0,$1.06B,$0.53B,2.02,$0.45B,$0.64B,0.71,$2.93B,$0.45B,15.46%,$2.93B,$0.11B,3.89%,$2.93B,$0.11B,3.89%,$2.93B,$0.24B,8.23%,$2.93B,$0.07B,2.42%,$2.93B,$0.06B,1.98%,$0.06B,$0.64B,9.19%,$0.06B,$0.37B,16.18%,$0.06B,$2.06B,2.82%,$0.11B,$1.09B,10.48%,$765,$644,$122,$0,$72,$726,$40,$-7,$32,$8,$24,$24,$17,$72,$40,$18,19,$0.97,$0.90,$296,$159,$41,$1058,$628,$0,$269,$109,$1006,$2064,$525,$454,$183,$899,$1424,$0,$144,$3,$640,$2064,$24,$32,$5,$37,$0,$0,$0,$-96,$-96,$-35,$-25,$0,$-2,$0,$0,$0,$0,$-27,$-2,$2,$1,$0,$-5,$-2,$0,$-6,$-66,$5,$-2
27,2011-12-31,34.5,$32.81,1.05,$148.20,0.23,$-0.78,0.0,0,0.0,$1.01B,$0.48B,2.08,$0.46B,$0.60B,0.76,$2.85B,$0.45B,15.84%,$2.85B,$0.13B,4.38%,$2.85B,$0.13B,4.38%,$2.85B,$0.25B,8.76%,$2.85B,$0.10B,3.40%,$2.85B,$0.08B,2.66%,$0.08B,$0.60B,12.07%,$0.08B,$0.33B,21.53%,$0.08B,$2.00B,3.74%,$0.13B,$1.06B,11.50%,$696,$598,$98,$0,$67,$673,$23,$-7,$15,$-6,$21,$21,$16,$54,$23,$18,19,$0.89,$0.86,$362,$140,$44,$1006,$620,$0,$268,$78,$998,$2004,$483,$456,$185,$920,$1403,$0,$125,$-12,$601,$2004,$76,$124,$1,$125,$-27,$-5,$55,$-16,$-31,$172,$-108,$0,$28,$0,$6,$6,$0,$-74,$-4,$-6,$-10,$0,$-7,$-7,$-0,$-25,$67,$12,$0
28,2011-09-30,42.0,$33.83,1.24,$144.40,0.29,$-2.84,0.0,0,0.0,$1.02B,$0.50B,2.02,$0.46B,$0.62B,0.74,$2.76B,$0.45B,16.33%,$2.76B,$0.13B,4.63%,$2.76B,$0.13B,4.63%,$2.76B,$0.25B,9.12%,$2.76B,$0.10B,3.51%,$2.76B,$0.07B,2.53%,$0.07B,$0.62B,11.29%,$0.07B,$0.35B,20.66%,$0.07B,$2.02B,3.51%,$0.13B,$1.08B,11.88%,$709,$600,$109,$0,$64,$675,$34,$-18,$16,$8,$8,$8,$11,$66,$34,$18,19,$0.63,$0.58,$286,$160,$44,$1018,$613,$0,$271,$117,$1002,$2020,$504,$457,$182,$896,$1400,$0,$107,$26,$620,$2020,$55,$93,$-2,$91,$0,$0,$0,$-100,$-100,$46,$-70,$0,$31,$0,$6,$6,$0,$-33,$-3,$-4,$-8,$0,$0,$-5,$-0,$-13,$-8,$9,$-5
29,2011-06-30,46.0,$36.22,1.27,$139.43,0.33,$-3.64,0.0,0,0.0,$1.09B,$0.56B,1.93,$0.46B,$0.66B,0.69,$2.64B,$0.44B,16.82%,$2.64B,$0.12B,4.66%,$2.64B,$0.12B,4.66%,$2.64B,$0.24B,9.21%,$2.64B,$0.11B,4.02%,$2.64B,$0.07B,2.80%,$0.07B,$0.66B,12.30%,$0.07B,$0.38B,23.51%,$0.07B,$2.15B,3.79%,$0.12B,$1.12B,11.61%,$760,$637,$124,$0,$66,$743,$17,$-9,$8,$7,$2,$2,$14,$49,$17,$18,19,$0.78,$0.71,$313,$164,$45,$1089,$655,$0,$284,$119,$1057,$2146,$564,$459,$184,$918,$1482,$0,$94,$86,$664,$2146,$47,$61,$-5,$56,$0,$0,$0,$-77,$-77,$27,$-45,$0,$31,$0,$16,$16,$0,$2,$-1,$-1,$-2,$0,$0,$-4,$-0,$-6,$19,$6,$-4
30,2011-03-31,45.1,$34.49,1.31,$134.55,0.34,$-7.27,0.0,0,0.0,$0.94B,$0.45B,2.1,$0.46B,$0.63B,0.72,$2.51B,$0.43B,16.99%,$2.51B,$0.14B,5.70%,$2.51B,$0.14B,5.70%,$2.51B,$0.26B,10.25%,$2.51B,$0.41B,16.47%,$2.51B,$0.34B,13.56%,$0.34B,$0.63B,61.29%,$0.34B,$0.35B,127.70%,$0.34B,$1.95B,18.35%,$0.14B,$1.09B,14.13%,$689,$568,$121,$0,$61,$637,$51,$6,$58,$12,$45,$45,$35,$81,$51,$17,19,$1.97,$1.78,$260,$136,$27,$944,$608,$0,$285,$111,$1004,$1948,$449,$456,$165,$865,$1314,$0,$79,$71,$634,$1948,$45,$29,$-8,$21,$0,$0,$0,$-88,$-88,$-22,$-16,$0,$-6,$0,$16,$16,$0,$-6,$-1,$-1,$-2,$0,$0,$-2,$0,$-4,$-35,$3,$-2
