,Date,Stock Price,Book Value per Share,Price to Book Ratio,TTM Sales per Share,Price to Sales Ratio,TTM FCF per Share,Price to FCF Ratio,TTM Net EPS,PE Ratio,Current Assets,Current Liabilities,Current Ratio,Long Term Debt,Shareholder's Equity_x,Debt to Equity Ratio,TTM Revenue_x,TTM Gross Profit,Gross Margin,TTM Revenue_y,TTM Operating Income,Operating Margin,TTM Revenue_x,TTM EBIT,EBIT Margin,TTM Revenue_y,TTM EBITDA,EBITDA Margin,TTM Revenue_x,TTM Pre-Tax Income,Pre-Tax Margin,TTM Revenue_y,TTM Net Income_x,Net Margin,TTM Net Income_y,Shareholder's Equity_y,Return on Equity,TTM Net Income_x,Tangible Equity,Return on Tangible Equity,TTM Net Income_y,Total Assets,Return on Assets,TTM Net Income,LT Investments & Debt,Return on Investment,revenue,cost-goods-sold,gross-profit,research-development-expenses,selling-general-administrative-expenses,operating-expenses,operating-income,total-non-operating-income-expense,pre-tax-income,total-provision-income-taxes,income-after-taxes,income-from-continuous-operations,net-income,ebitda,ebit,basic-shares-outstanding,shares-outstanding,eps-basic-net-earnings-per-share,eps-earnings-per-share-diluted,cash-on-hand,inventory,other-current-assets,total-current-assets,net-property-plant-equipment,long-term-investments,goodwill-intangible-assets-total,other-long-term-assets,total-long-term-assets,total-assets,total-current-liabilities,long-term-debt,other-non-current-liabilities,total-long-term-liabilities,total-liabilities,common-stock-net,retained-earnings-accumulated-deficit,comprehensive-income,total-share-holder-equity,total-liabilities-share-holders-equity,net-income-loss,total-depreciation-amortization-cash-flow,other-non-cash-items,total-non-cash-items,change-in-accounts-receivable,change-in-inventories,change-in-accounts-payable,change-in-assets-liabilities,total-change-in-assets-liabilities,cash-flow-from-operating-activities,net-change-in-property-plant-equipment,net-change-in-intangible-assets,net-acquisitions-divestitures,net-change-in-short-term-investments,net-change-in-long-term-investments,net-change-in-investments-total,investing-activities-other,cash-flow-from-investing-activities,net-long-term-debt,net-current-debt,debt-issuance-retirement-net-total,net-common-equity-issued-repurchased,net-total-equity-issued-repurchased,total-common-preferred-stock-dividends-paid,financial-activities-other,cash-flow-from-financial-activities,net-cash-flow,stock-based-compensation,common-stock-dividends-paid
0,2018-09-30,26.85,$10.73,2.5,$21.18,1.27,$3.51,7.64,$-0.84,0.0,$0.07B,$0.04B,1.8,$0.13B,$0.15B,0.87,$0.29B,$0.16B,55.24%,$0.29B,$-0.00B,-1.05%,$0.29B,$-0.00B,-1.05%,$0.29B,$0.04B,12.94%,$0.29B,$-0.01B,-3.50%,$0.29B,$-0.01B,-3.85%,$-0.01B,$0.15B,-7.67%,$-0.01B,$-0.08B,12.26%,$-0.01B,$0.33B,-3.40%,$-0.00B,$0.28B,-1.08%,$69,$33,$36,$9,$19,$64,$5,$-2,$4,$-2,$6,$6,$6,$8,$5,$14,14,$0.41,$0.41,$5,$1,$0,$70,$11,$0,$229,$1,$257,$327,$39,$132,$0,$137,$176,$0,$-11,$0,$151,$327,$10,$10,$9,$19,$-4,$0,$-2,$-7,$-14,$15,$-1,$0,$0,$0,$0,$0,$0,$-1,$-12,$7,$-5,$0,$0,$-4,$0,$-9,$5,$7,$-4
1,2018-06-30,32.78,$10.24,3.2,$21.08,1.55,$3.81,8.6,$-1.09,0.0,$0.07B,$0.04B,1.69,$0.13B,$0.14B,0.92,$0.28B,$0.16B,54.93%,$0.28B,$-0.00B,-0.70%,$0.28B,$-0.00B,-0.70%,$0.28B,$0.04B,13.38%,$0.28B,$-0.01B,-3.52%,$0.28B,$-0.02B,-5.28%,$-0.02B,$0.14B,-10.34%,$-0.02B,$-0.09B,15.31%,$-0.02B,$0.32B,-4.59%,$-0.00B,$0.28B,-0.71%,$68,$33,$35,$9,$21,$66,$2,$-2,$1,$0,$0,$0,$0,$5,$2,$14,14,$0.02,$0.02,$1,$1,$0,$66,$11,$0,$232,$1,$257,$323,$39,$133,$0,$140,$179,$0,$-16,$0,$144,$323,$4,$6,$8,$14,$-4,$-0,$-2,$-3,$-11,$8,$-0,$0,$0,$0,$0,$0,$0,$-0,$-10,$7,$-4,$0,$0,$-3,$0,$-6,$1,$5,$-3
2,2018-03-31,29.0,$10.12,2.87,$21.12,1.37,$4.41,6.57,$-1.00,0.0,$0.07B,$0.04B,1.61,$0.14B,$0.14B,0.96,$0.28B,$0.16B,55.28%,$0.28B,$0.00B,0.00%,$0.28B,$0.00B,0.00%,$0.28B,$0.04B,14.44%,$0.28B,$-0.01B,-2.82%,$0.28B,$-0.01B,-4.58%,$-0.01B,$0.14B,-8.77%,$-0.01B,$-0.09B,12.44%,$-0.01B,$0.33B,-3.93%,$0.00B,$0.28B,0.00%,$71,$32,$39,$9,$20,$63,$8,$-2,$6,$2,$4,$4,$4,$11,$8,$13,13,$0.29,$0.29,$2,$1,$0,$65,$11,$0,$235,$1,$260,$325,$41,$136,$0,$142,$183,$0,$-14,$0,$143,$325,$4,$3,$3,$7,$-3,$0,$0,$-4,$-7,$3,$-0,$0,$0,$0,$0,$0,$0,$-0,$-9,$8,$-0,$0,$0,$-1,$0,$-2,$1,$2,$-1
3,2017-12-31,29.75,$9.89,3.01,$20.65,1.44,$4.91,6.06,$-1.27,0.0,$0.06B,$0.04B,1.42,$0.14B,$0.14B,1.0,$0.28B,$0.15B,54.51%,$0.28B,$-0.00B,-1.81%,$0.28B,$-0.00B,-1.81%,$0.28B,$0.04B,13.36%,$0.28B,$-0.01B,-4.69%,$0.28B,$-0.02B,-6.14%,$-0.02B,$0.14B,-11.22%,$-0.02B,$-0.10B,15.35%,$-0.02B,$0.32B,-5.09%,$-0.00B,$0.27B,-1.73%,$78,$30,$48,$13,$23,$96,$-18,$-3,$-21,$0,$-22,$-22,$-21,$13,$-18,$13,13,$-1.57,$-1.57,$1,$1,$0,$58,$12,$0,$237,$0,$260,$318,$41,$137,$0,$141,$182,$0,$-19,$0,$136,$318,$-17,$42,$13,$55,$-8,$0,$1,$-8,$-14,$24,$-1,$0,$0,$0,$0,$0,$0,$-1,$-12,$0,$-12,$0,$0,$-12,$-1,$-25,$-2,$7,$-12
4,2017-09-30,29.15,$11.40,2.56,$19.70,1.48,$3.36,8.68,$0.45,64.78,$0.05B,$0.04B,1.24,$0.14B,$0.16B,0.87,$0.26B,$0.14B,51.52%,$0.26B,$0.02B,6.44%,$0.26B,$0.02B,6.44%,$0.26B,$0.03B,12.12%,$0.26B,$0.01B,3.79%,$0.26B,$0.01B,2.27%,$0.01B,$0.16B,3.82%,$0.01B,$-0.11B,-5.22%,$0.01B,$0.34B,1.77%,$0.02B,$0.29B,5.73%,$67,$33,$34,$8,$18,$61,$6,$-2,$4,$1,$2,$2,$2,$9,$6,$13,13,$0.17,$0.17,$1,$1,$0,$51,$12,$0,$268,$0,$290,$341,$41,$136,$0,$143,$184,$0,$4,$0,$157,$341,$4,$10,$9,$19,$-4,$1,$4,$-5,$-5,$18,$-0,$0,$0,$0,$0,$0,$0,$-0,$-5,$-4,$-9,$0,$0,$-10,$0,$-19,$-1,$5,$-10
5,2017-06-30,32.03,$11.39,2.81,$19.56,1.64,$1.83,17.47,$0.40,80.06,$0.05B,$0.04B,1.14,$0.14B,$0.16B,0.87,$0.26B,$0.14B,51.53%,$0.26B,$0.02B,5.73%,$0.26B,$0.02B,5.73%,$0.26B,$0.03B,11.83%,$0.26B,$0.01B,3.44%,$0.26B,$0.01B,2.29%,$0.01B,$0.16B,3.83%,$0.01B,$-0.11B,-5.12%,$0.01B,$0.34B,1.77%,$0.02B,$0.29B,5.00%,$68,$32,$36,$8,$21,$63,$4,$-2,$3,$1,$2,$2,$2,$8,$4,$13,13,$0.11,$0.11,$2,$1,$0,$48,$12,$0,$270,$0,$292,$340,$42,$136,$0,$141,$183,$0,$6,$0,$157,$340,$2,$7,$5,$12,$-3,$1,$5,$-0,$2,$16,$-0,$0,$0,$0,$0,$0,$0,$-0,$-3,$-7,$-10,$0,$0,$-6,$0,$-16,$-0,$3,$-6
6,2017-03-31,27.18,$11.53,2.36,$19.63,1.38,$0.05,583.23,$0.44,61.77,$0.05B,$0.04B,1.24,$0.14B,$0.16B,0.9,$0.26B,$0.13B,51.15%,$0.26B,$0.02B,6.11%,$0.26B,$0.02B,6.11%,$0.26B,$0.03B,12.21%,$0.26B,$0.01B,3.82%,$0.26B,$0.01B,2.29%,$0.01B,$0.16B,3.82%,$0.01B,$-0.12B,-5.05%,$0.01B,$0.34B,1.76%,$0.02B,$0.30B,5.25%,$64,$31,$33,$8,$19,$61,$3,$-2,$1,$1,$0,$0,$0,$7,$3,$13,13,$0.02,$0.02,$2,$1,$0,$45,$13,$0,$273,$0,$292,$336,$36,$140,$0,$144,$180,$0,$7,$0,$156,$336,$0,$4,$3,$6,$-1,$0,$1,$3,$3,$10,$0,$0,$0,$0,$0,$0,$0,$0,$-2,$-5,$-7,$0,$0,$-3,$0,$-10,$-0,$1,$-3
7,2016-12-31,22.69,$11.67,1.94,$20.19,1.12,$-0.62,0.0,$0.29,78.25,$0.05B,$0.03B,1.44,$0.15B,$0.16B,0.93,$0.27B,$0.14B,51.12%,$0.27B,$0.01B,5.22%,$0.27B,$0.01B,5.22%,$0.27B,$0.03B,10.82%,$0.27B,$0.01B,2.99%,$0.27B,$0.00B,1.49%,$0.00B,$0.16B,2.52%,$0.00B,$-0.12B,-3.37%,$0.00B,$0.34B,1.15%,$0.01B,$0.31B,4.56%,$65,$31,$33,$9,$18,$60,$4,$-2,$2,$0,$2,$2,$2,$8,$4,$13,13,$0.15,$0.15,$2,$2,$0,$45,$13,$0,$276,$0,$295,$339,$31,$147,$0,$150,$181,$0,$10,$0,$158,$339,$4,$14,$11,$25,$-4,$0,$-6,$-18,$-27,$2,$-0,$0,$-163,$11,$0,$11,$0,$-152,$151,$0,$151,$1,$1,$-25,$-0,$127,$-23,$5,$-25
8,2016-09-30,24.82,$11.55,2.15,$19.31,1.29,$1.97,12.58,$0.44,56.4,$0.05B,$0.03B,1.41,$0.15B,$0.16B,0.96,$0.25B,$0.13B,51.42%,$0.25B,$0.02B,6.07%,$0.25B,$0.02B,6.07%,$0.25B,$0.03B,10.53%,$0.25B,$0.01B,4.45%,$0.25B,$0.01B,2.02%,$0.01B,$0.16B,3.62%,$0.01B,$-0.12B,-7.09%,$0.01B,$0.34B,1.75%,$0.02B,$0.31B,6.01%,$65,$32,$33,$8,$18,$60,$4,$-2,$3,$1,$2,$2,$2,$8,$4,$13,13,$0.12,$0.12,$4,$2,$0,$48,$14,$0,$276,$0,$295,$343,$34,$151,$0,$152,$186,$0,$11,$0,$156,$343,$2,$11,$8,$19,$-1,$0,$-5,$-16,$-23,$-3,$-0,$0,$-163,$11,$0,$11,$0,$-152,$154,$0,$154,$1,$1,$-22,$-0,$133,$-21,$4,$-22
9,2016-06-30,37.57,$11.70,3.21,$18.48,2.03,$4.50,8.34,$0.63,59.63,$0.05B,$0.04B,1.34,$0.15B,$0.16B,0.96,$0.23B,$0.12B,51.54%,$0.23B,$0.02B,6.61%,$0.23B,$0.02B,6.61%,$0.23B,$0.02B,10.13%,$0.23B,$0.01B,5.29%,$0.23B,$0.01B,2.64%,$0.01B,$0.16B,5.06%,$0.01B,$-0.12B,-28.57%,$0.01B,$0.35B,2.67%,$0.02B,$0.31B,7.80%,$68,$34,$35,$8,$19,$63,$5,$-2,$4,$2,$2,$2,$2,$9,$5,$13,13,$0.15,$0.15,$4,$2,$0,$51,$14,$0,$278,$0,$297,$348,$38,$151,$0,$151,$190,$0,$14,$0,$158,$348,$0,$7,$5,$12,$-3,$-0,$-4,$-15,$-21,$-8,$-0,$0,$-163,$11,$0,$11,$0,$-152,$155,$0,$155,$1,$1,$-17,$0,$139,$-21,$3,$-17
10,2016-03-31,48.36,$12.08,4.0,$17.61,2.75,$6.67,7.25,$1.00,48.36,$0.06B,$0.05B,1.12,$0.14B,$0.16B,0.87,$0.21B,$0.11B,51.94%,$0.21B,$0.02B,8.74%,$0.21B,$0.02B,8.74%,$0.21B,$0.02B,11.17%,$0.21B,$0.02B,8.25%,$0.21B,$0.01B,4.85%,$0.01B,$0.16B,10.10%,$0.01B,$-0.12B,34.48%,$0.01B,$0.36B,6.16%,$0.02B,$0.31B,13.36%,$70,$34,$36,$7,$26,$69,$1,$-1,$-1,$1,$-2,$-2,$-2,$4,$1,$13,13,$-0.13,$-0.13,$13,$1,$0,$61,$15,$0,$280,$0,$299,$360,$54,$143,$0,$143,$197,$0,$21,$-0,$163,$360,$-2,$3,$2,$6,$-1,$1,$3,$-6,$-3,$1,$-0,$0,$-162,$10,$0,$10,$0,$-153,$146,$0,$146,$1,$1,$-9,$0,$138,$-13,$1,$-9
11,2015-12-31,45.64,$6.67,6.85,$16.45,2.78,$7.81,5.84,$1.62,28.17,$0.08B,$0.02B,4.28,$0.00B,$0.08B,0.0,$0.18B,$0.10B,52.20%,$0.18B,$0.03B,13.74%,$0.18B,$0.03B,13.74%,$0.18B,$0.03B,15.38%,$0.18B,$0.03B,14.29%,$0.18B,$0.02B,9.34%,$0.02B,$0.08B,21.66%,$0.02B,$0.08B,21.66%,$0.02B,$0.09B,17.44%,$0.03B,$0.08B,31.85%,$44,$22,$23,$4,$14,$40,$5,$0,$5,$1,$3,$3,$3,$5,$5,$11,11,$0.30,$0.30,$36,$1,$0,$75,$14,$0,$0,$0,$18,$93,$17,$0,$0,$0,$17,$0,$31,$-0,$75,$93,$18,$3,$4,$7,$-0,$-0,$1,$5,$6,$31,$-0,$0,$0,$-0,$0,$-0,$0,$-1,$0,$0,$0,$0,$0,$-29,$-0,$-29,$1,$6,$-29
12,2015-09-30,38.05,$6.88,5.53,$16.65,2.28,$8.47,4.49,$1.92,19.82,$0.08B,$0.02B,4.02,$0.00B,$0.08B,0.0,$0.18B,$0.11B,60.33%,$0.18B,$0.03B,15.76%,$0.18B,$0.03B,15.76%,$0.18B,$0.03B,17.93%,$0.18B,$0.03B,16.30%,$0.18B,$0.02B,11.41%,$0.02B,$0.08B,26.25%,$0.02B,$0.08B,26.25%,$0.02B,$0.10B,21.21%,$0.03B,$0.08B,36.25%,$45,$22,$23,$4,$15,$40,$4,$0,$4,$1,$4,$4,$3,$5,$4,$11,11,$0.31,$0.31,$38,$1,$0,$80,$15,$0,$0,$0,$17,$98,$20,$0,$0,$0,$20,$0,$35,$-0,$78,$98,$15,$2,$4,$6,$0,$-0,$1,$4,$5,$26,$-0,$0,$0,$-0,$0,$-0,$0,$-1,$0,$0,$0,$0,$0,$-22,$-0,$-22,$4,$4,$-22
13,2015-06-30,47.58,$7.11,6.69,$17.47,2.72,$8.43,5.64,$2.44,19.5,$0.08B,$0.02B,4.59,$0.00B,$0.08B,0.0,$0.19B,$0.11B,58.85%,$0.19B,$0.04B,20.31%,$0.19B,$0.04B,20.31%,$0.19B,$0.04B,22.40%,$0.19B,$0.04B,20.83%,$0.19B,$0.03B,14.06%,$0.03B,$0.08B,33.64%,$0.03B,$0.08B,33.64%,$0.03B,$0.10B,27.07%,$0.04B,$0.08B,48.60%,$47,$22,$25,$4,$13,$39,$8,$0,$9,$3,$6,$6,$6,$9,$8,$11,11,$0.52,$0.52,$37,$1,$0,$80,$16,$0,$0,$0,$18,$98,$17,$0,$0,$0,$17,$0,$39,$0,$80,$98,$11,$2,$2,$4,$1,$0,$1,$2,$2,$17,$-0,$0,$0,$-0,$0,$-0,$0,$-0,$0,$0,$0,$0,$0,$-14,$0,$-14,$2,$3,$-14
14,2015-03-31,47.75,$7.13,6.7,$18.03,2.65,$8.19,5.83,$2.73,17.49,$0.08B,$0.02B,4.12,$0.00B,$0.08B,0.0,$0.20B,$0.11B,57.07%,$0.20B,$0.05B,22.73%,$0.20B,$0.05B,22.73%,$0.20B,$0.05B,24.75%,$0.20B,$0.05B,22.73%,$0.20B,$0.03B,15.15%,$0.03B,$0.08B,37.97%,$0.03B,$0.08B,37.97%,$0.03B,$0.10B,30.15%,$0.05B,$0.08B,56.96%,$46,$22,$24,$4,$13,$38,$8,$0,$8,$2,$6,$6,$5,$9,$8,$11,11,$0.49,$0.49,$41,$2,$0,$83,$16,$0,$0,$0,$18,$101,$20,$0,$0,$0,$20,$0,$40,$0,$81,$101,$6,$1,$1,$2,$1,$-0,$-0,$2,$6,$14,$-0,$0,$0,$0,$0,$0,$0,$-0,$0,$0,$0,$0,$0,$-7,$0,$-7,$6,$1,$-7
15,2014-12-31,52.81,$7.21,7.33,$18.58,2.84,$8.17,6.46,$2.93,18.03,$0.08B,$0.02B,4.49,$0.00B,$0.08B,0.0,$0.20B,$0.11B,55.39%,$0.20B,$0.05B,24.02%,$0.20B,$0.05B,24.02%,$0.20B,$0.05B,25.98%,$0.20B,$0.05B,24.02%,$0.20B,$0.03B,16.18%,$0.03B,$0.08B,43.14%,$0.03B,$0.08B,43.14%,$0.03B,$0.10B,33.08%,$0.05B,$0.08B,64.05%,$46,$7,$39,$0,$15,$37,$9,$0,$9,$3,$7,$7,$7,$10,$9,$11,11,$0.61,$0.61,$34,$1,$0,$82,$17,$0,$0,$0,$18,$99,$18,$0,$0,$0,$19,$0,$42,$-0,$81,$99,$33,$4,$3,$7,$-4,$0,$1,$4,$-1,$39,$-1,$0,$0,$-0,$0,$-0,$0,$-2,$0,$0,$0,$0,$0,$-26,$0,$-25,$12,$4,$-26
16,2014-09-30,49.52,$7.08,7.0,$19.04,2.6,$7.09,6.99,$3.23,15.33,$0.08B,$0.02B,3.96,$0.00B,$0.08B,0.0,$0.21B,$0.10B,47.37%,$0.21B,$0.06B,26.79%,$0.21B,$0.06B,26.79%,$0.21B,$0.06B,28.71%,$0.21B,$0.06B,26.79%,$0.21B,$0.04B,17.22%,$0.04B,$0.08B,48.98%,$0.04B,$0.08B,48.98%,$0.04B,$0.10B,36.64%,$0.06B,$0.08B,76.19%,$53,$28,$25,$0,$11,$39,$14,$0,$14,$5,$9,$9,$9,$15,$14,$11,11,$0.83,$0.83,$29,$2,$0,$84,$17,$0,$0,$0,$18,$101,$21,$0,$0,$1,$22,$0,$41,$-0,$79,$101,$26,$3,$3,$5,$-5,$-0,$1,$1,$-5,$26,$-1,$0,$0,$-0,$0,$-0,$0,$-1,$0,$0,$0,$0,$0,$-19,$0,$-19,$6,$3,$-19
17,2014-06-30,54.29,$6.69,8.11,$18.46,2.94,$5.79,9.38,$3.06,17.74,$0.08B,$0.02B,3.85,$0.00B,$0.08B,0.0,$0.20B,$0.10B,46.80%,$0.20B,$0.05B,26.11%,$0.20B,$0.05B,26.11%,$0.20B,$0.06B,28.08%,$0.20B,$0.05B,26.11%,$0.20B,$0.03B,16.75%,$0.03B,$0.08B,48.75%,$0.03B,$0.08B,48.75%,$0.03B,$0.10B,35.70%,$0.05B,$0.08B,75.99%,$53,$28,$25,$0,$11,$39,$14,$0,$14,$5,$9,$9,$9,$15,$14,$11,11,$0.81,$0.81,$24,$1,$0,$79,$18,$0,$0,$0,$18,$97,$20,$0,$0,$1,$22,$0,$38,$0,$75,$97,$17,$2,$1,$3,$-6,$0,$-0,$0,$-6,$14,$-0,$0,$0,$0,$0,$0,$0,$-0,$0,$0,$0,$0,$0,$-13,$0,$-13,$2,$2,$-13
18,2014-03-31,54.65,$6.38,8.57,$18.49,2.96,$4.87,11.23,$3.02,18.1,$0.08B,$0.03B,2.84,$0.00B,$0.07B,0.0,$0.20B,$0.10B,46.80%,$0.20B,$0.05B,25.62%,$0.20B,$0.05B,25.62%,$0.20B,$0.06B,27.59%,$0.20B,$0.05B,25.62%,$0.20B,$0.03B,16.26%,$0.03B,$0.07B,49.62%,$0.03B,$0.07B,49.62%,$0.03B,$0.10B,35.68%,$0.05B,$0.07B,78.20%,$52,$28,$24,$0,$12,$40,$12,$-0,$12,$4,$8,$8,$8,$13,$12,$11,11,$0.69,$0.69,$29,$1,$0,$83,$18,$0,$0,$0,$19,$102,$29,$0,$0,$2,$31,$0,$36,$0,$71,$102,$8,$1,$0,$1,$-5,$0,$-0,$4,$4,$13,$-0,$0,$0,$0,$0,$0,$0,$-0,$0,$0,$0,$0,$0,$-6,$0,$-6,$7,$1,$-6
19,2013-12-31,51.84,$6.19,8.37,$18.23,2.84,$4.00,12.97,$2.96,17.51,$0.07B,$0.02B,3.39,$0.00B,$0.07B,0.0,$0.20B,$0.09B,46.27%,$0.20B,$0.05B,24.88%,$0.20B,$0.05B,24.88%,$0.20B,$0.05B,26.87%,$0.20B,$0.05B,24.88%,$0.20B,$0.03B,15.92%,$0.03B,$0.07B,50.39%,$0.03B,$0.07B,50.39%,$0.03B,$0.09B,36.47%,$0.05B,$0.07B,78.74%,$51,$26,$25,$0,$10,$35,$16,$0,$16,$6,$10,$10,$10,$17,$16,$11,11,$0.89,$0.89,$22,$2,$0,$73,$19,$0,$0,$0,$20,$93,$21,$0,$0,$2,$23,$0,$34,$0,$69,$93,$33,$3,$3,$7,$-1,$0,$0,$-12,$-11,$29,$-4,$0,$0,$-0,$0,$-0,$0,$-4,$0,$0,$0,$0,$0,$-23,$0,$-23,$3,$2,$-23
20,2013-09-30,48.66,$5.73,8.49,$17.93,2.71,$4.22,11.52,$2.89,16.84,$0.07B,$0.02B,2.95,$0.00B,$0.06B,0.0,$0.20B,$0.09B,44.95%,$0.20B,$0.05B,23.23%,$0.20B,$0.05B,23.23%,$0.20B,$0.05B,25.25%,$0.20B,$0.05B,23.23%,$0.20B,$0.03B,15.66%,$0.03B,$0.06B,51.24%,$0.03B,$0.06B,51.24%,$0.03B,$0.09B,37.01%,$0.05B,$0.06B,76.03%,$47,$26,$21,$0,$10,$36,$11,$0,$11,$4,$7,$7,$7,$12,$11,$11,11,$0.66,$0.66,$14,$1,$0,$69,$20,$0,$0,$0,$21,$89,$23,$0,$0,$2,$25,$0,$30,$0,$64,$89,$23,$3,$3,$6,$-3,$0,$-0,$-13,$-14,$14,$-3,$0,$0,$-0,$0,$-0,$0,$-3,$0,$0,$0,$0,$0,$-17,$-0,$-17,$-6,$1,$-17
21,2013-06-30,40.51,$5.60,7.24,$17.76,2.28,$4.63,8.74,$2.86,14.16,$0.07B,$0.02B,2.96,$0.00B,$0.06B,0.0,$0.20B,$0.09B,44.90%,$0.20B,$0.05B,22.96%,$0.20B,$0.05B,22.96%,$0.20B,$0.05B,25.00%,$0.20B,$0.05B,22.96%,$0.20B,$0.03B,15.82%,$0.03B,$0.06B,51.24%,$0.03B,$0.06B,51.24%,$0.03B,$0.09B,37.46%,$0.05B,$0.06B,74.38%,$53,$28,$25,$0,$12,$40,$13,$0,$13,$5,$8,$8,$8,$14,$13,$11,11,$0.77,$0.77,$12,$2,$0,$65,$20,$0,$0,$0,$21,$86,$22,$0,$0,$2,$24,$0,$28,$0,$62,$86,$15,$2,$2,$4,$1,$-0,$-0,$-14,$-12,$7,$-3,$0,$0,$-0,$0,$-0,$0,$-3,$0,$0,$0,$0,$0,$-11,$-0,$-11,$-7,$1,$-11
22,2013-03-31,44.16,$5.31,8.31,$17.05,2.59,$5.16,8.56,$2.84,15.55,$0.06B,$0.02B,2.58,$0.00B,$0.06B,0.0,$0.19B,$0.08B,43.92%,$0.19B,$0.04B,22.22%,$0.19B,$0.04B,22.22%,$0.19B,$0.05B,24.34%,$0.19B,$0.04B,22.22%,$0.19B,$0.03B,16.40%,$0.03B,$0.06B,51.24%,$0.03B,$0.06B,51.24%,$0.03B,$0.08B,38.04%,$0.04B,$0.06B,69.42%,$50,$27,$22,$0,$12,$39,$10,$0,$10,$3,$7,$7,$7,$11,$10,$11,11,$0.63,$0.63,$17,$2,$0,$59,$20,$0,$0,$0,$25,$83,$23,$0,$0,$2,$25,$0,$26,$0,$59,$83,$7,$1,$0,$1,$0,$-1,$0,$-6,$-2,$6,$-2,$0,$0,$-0,$0,$-0,$0,$-2,$0,$0,$0,$0,$0,$-6,$0,$-6,$-2,$0,$-6
23,2012-12-31,40.64,$5.16,7.87,$16.60,2.45,$5.56,7.3,$2.72,14.94,$0.05B,$0.02B,2.83,$0.00B,$0.06B,0.0,$0.18B,$0.08B,43.72%,$0.18B,$0.04B,22.40%,$0.18B,$0.04B,22.40%,$0.18B,$0.05B,24.59%,$0.18B,$0.04B,22.40%,$0.18B,$0.03B,16.39%,$0.03B,$0.06B,49.79%,$0.03B,$0.06B,49.79%,$0.03B,$0.08B,37.15%,$0.04B,$0.06B,68.05%,$48,$27,$21,$0,$9,$36,$12,$0,$12,$3,$9,$9,$9,$13,$12,$11,11,$0.82,$0.82,$20,$2,$0,$50,$19,$0,$0,$0,$27,$77,$18,$0,$0,$2,$20,$0,$24,$0,$57,$77,$30,$3,$2,$6,$2,$-0,$1,$-4,$-3,$32,$-4,$0,$0,$6,$0,$6,$0,$1,$0,$0,$0,$0,$0,$-31,$0,$-31,$2,$1,$-31
24,2012-09-30,43.58,$5.77,7.55,$16.06,2.71,$5.08,8.57,$2.48,17.57,$0.06B,$0.02B,3.11,$0.00B,$0.06B,0.0,$0.18B,$0.08B,44.07%,$0.18B,$0.04B,22.60%,$0.18B,$0.04B,22.60%,$0.18B,$0.04B,24.29%,$0.18B,$0.04B,22.60%,$0.18B,$0.03B,15.82%,$0.03B,$0.06B,46.47%,$0.03B,$0.06B,46.47%,$0.03B,$0.09B,34.78%,$0.04B,$0.06B,66.39%,$45,$25,$20,$0,$10,$35,$10,$0,$10,$3,$7,$7,$7,$11,$10,$11,11,$0.63,$0.63,$23,$2,$0,$60,$18,$0,$0,$0,$25,$85,$19,$0,$0,$2,$21,$0,$31,$0,$64,$85,$21,$2,$2,$4,$-3,$-1,$1,$-3,$-7,$18,$-2,$0,$0,$-1,$0,$-1,$0,$-3,$0,$0,$0,$0,$0,$-15,$-0,$-15,$-1,$1,$-15
25,2012-06-30,44.48,$5.57,7.98,$15.78,2.82,$5.77,7.71,$2.39,18.61,$0.06B,$0.02B,3.24,$0.00B,$0.06B,0.0,$0.17B,$0.08B,44.25%,$0.17B,$0.04B,22.99%,$0.17B,$0.04B,22.99%,$0.17B,$0.04B,24.14%,$0.17B,$0.04B,22.99%,$0.17B,$0.03B,15.52%,$0.03B,$0.06B,46.75%,$0.03B,$0.06B,46.75%,$0.03B,$0.08B,34.95%,$0.04B,$0.06B,69.26%,$46,$26,$20,$0,$10,$36,$10,$0,$10,$2,$8,$8,$8,$11,$10,$11,11,$0.75,$0.75,$23,$2,$0,$56,$18,$0,$0,$0,$25,$81,$17,$0,$0,$2,$19,$0,$30,$0,$62,$81,$14,$2,$1,$2,$1,$-0,$0,$-5,$-5,$12,$-2,$0,$0,$-1,$0,$-1,$0,$-3,$0,$0,$0,$0,$0,$-10,$-0,$-10,$-1,$1,$-10
26,2012-03-31,43.57,$5.27,8.27,$16.07,2.71,$6.37,6.84,$2.36,18.46,$0.06B,$0.02B,2.84,$0.00B,$0.06B,0.0,$0.18B,$0.08B,45.76%,$0.18B,$0.04B,24.29%,$0.18B,$0.04B,24.29%,$0.18B,$0.04B,24.86%,$0.18B,$0.04B,24.29%,$0.18B,$0.03B,15.25%,$0.03B,$0.06B,48.87%,$0.03B,$0.06B,48.87%,$0.03B,$0.08B,36.00%,$0.04B,$0.06B,77.83%,$44,$25,$19,$0,$10,$35,$9,$0,$9,$4,$6,$6,$6,$10,$9,$11,11,$0.51,$0.51,$26,$2,$0,$58,$17,$0,$0,$0,$22,$80,$20,$0,$0,$1,$22,$0,$26,$0,$58,$80,$6,$1,$0,$1,$-1,$-0,$0,$-1,$2,$9,$-1,$0,$0,$-1,$0,$-1,$0,$-2,$0,$0,$0,$0,$0,$-5,$0,$-5,$2,$0,$-5
27,2011-12-31,39.11,$5.19,7.54,$15.73,2.49,$6.92,5.65,$2.34,16.71,$0.05B,$0.02B,3.25,$0.00B,$0.06B,0.0,$0.17B,$0.08B,45.66%,$0.17B,$0.04B,24.28%,$0.17B,$0.04B,24.28%,$0.17B,$0.04B,24.86%,$0.17B,$0.04B,24.86%,$0.17B,$0.03B,15.03%,$0.03B,$0.06B,49.29%,$0.03B,$0.06B,49.29%,$0.03B,$0.08B,35.86%,$0.04B,$0.06B,79.62%,$42,$24,$19,$0,$8,$32,$11,$0,$11,$4,$7,$7,$7,$11,$11,$11,11,$0.59,$0.59,$23,$2,$0,$54,$17,$0,$0,$0,$21,$76,$17,$0,$0,$2,$18,$0,$26,$0,$57,$76,$26,$3,$2,$4,$3,$-0,$-0,$2,$3,$34,$-11,$0,$0,$-3,$0,$-3,$0,$-14,$0,$0,$0,$0,$0,$-16,$0,$-16,$4,$1,$-16
28,2011-09-30,50.27,$4.93,10.2,$15.84,3.17,$6.19,8.12,$2.36,21.3,$0.06B,$0.02B,3.62,$0.00B,$0.05B,0.0,$0.17B,$0.08B,45.98%,$0.17B,$0.04B,23.56%,$0.17B,$0.04B,23.56%,$0.17B,$0.04B,24.71%,$0.17B,$0.04B,24.14%,$0.17B,$0.03B,14.94%,$0.03B,$0.05B,52.00%,$0.03B,$0.05B,52.00%,$0.03B,$0.07B,37.55%,$0.04B,$0.05B,82.00%,$42,$23,$19,$0,$10,$32,$10,$0,$10,$4,$6,$6,$6,$10,$10,$11,11,$0.54,$0.54,$28,$2,$0,$60,$8,$0,$0,$0,$13,$72,$16,$0,$0,$1,$18,$0,$23,$0,$54,$72,$19,$2,$1,$3,$3,$-0,$0,$0,$2,$24,$-1,$0,$0,$-3,$0,$-3,$0,$-4,$0,$0,$0,$0,$0,$-12,$0,$-12,$8,$1,$-12
29,2011-06-30,47.96,$4.72,10.16,$15.77,3.04,$4.95,9.7,$2.27,21.13,$0.06B,$0.02B,3.2,$0.00B,$0.05B,0.0,$0.17B,$0.08B,45.09%,$0.17B,$0.04B,22.54%,$0.17B,$0.04B,22.54%,$0.17B,$0.04B,23.70%,$0.17B,$0.04B,23.12%,$0.17B,$0.03B,14.45%,$0.03B,$0.05B,52.63%,$0.03B,$0.05B,52.63%,$0.03B,$0.07B,37.74%,$0.04B,$0.05B,82.11%,$49,$25,$24,$0,$12,$36,$13,$0,$13,$5,$8,$8,$8,$13,$13,$11,11,$0.72,$0.72,$25,$2,$0,$59,$8,$0,$0,$0,$13,$72,$19,$0,$0,$2,$20,$0,$21,$0,$52,$72,$13,$1,$1,$2,$-2,$-0,$1,$3,$1,$17,$-1,$0,$0,$-3,$0,$-3,$0,$-4,$0,$0,$0,$0,$0,$-8,$0,$-8,$6,$0,$-8
30,2011-03-31,48.28,$4.38,11.04,$14.78,3.27,$3.94,12.26,$1.94,24.89,$0.06B,$0.02B,2.79,$0.00B,$0.05B,0.0,$0.16B,$0.07B,43.21%,$0.16B,$0.03B,20.37%,$0.16B,$0.03B,20.37%,$0.16B,$0.04B,21.60%,$0.16B,$0.03B,20.99%,$0.16B,$0.02B,12.96%,$0.02B,$0.05B,46.67%,$0.02B,$0.05B,46.67%,$0.02B,$0.07B,33.60%,$0.03B,$0.05B,73.33%,$40,$23,$17,$0,$9,$32,$8,$0,$9,$3,$5,$5,$5,$9,$8,$11,11,$0.49,$0.49,$26,$2,$0,$57,$8,$0,$0,$0,$13,$70,$20,$0,$0,$2,$22,$0,$17,$0,$48,$70,$5,$1,$0,$1,$3,$-1,$1,$2,$8,$14,$-0,$0,$0,$-3,$0,$-3,$0,$-3,$0,$0,$0,$0,$0,$-4,$0,$-4,$7,$0,$-4
31,2010-12-31,34.96,$4.24,8.25,$13.98,2.5,$3.07,11.38,$1.72,20.32,$0.05B,$0.01B,3.43,$0.00B,$0.05B,0.0,$0.15B,$0.07B,42.21%,$0.15B,$0.03B,18.83%,$0.15B,$0.03B,18.83%,$0.15B,$0.03B,20.13%,$0.15B,$0.03B,19.48%,$0.15B,$0.02B,12.34%,$0.02B,$0.05B,43.68%,$0.02B,$0.05B,43.68%,$0.02B,$0.06B,32.34%,$0.03B,$0.05B,66.67%,$43,$24,$20,$0,$9,$33,$10,$0,$10,$4,$7,$7,$7,$11,$10,$11,11,$0.60,$0.60,$16,$2,$0,$50,$9,$0,$0,$0,$13,$63,$14,$0,$0,$2,$16,$0,$16,$0,$46,$63,$19,$2,$2,$4,$-7,$-1,$0,$3,$-3,$20,$-5,$0,$0,$-0,$0,$-0,$0,$-5,$0,$0,$0,$0,$0,$-16,$0,$-16,$-1,$1,$-16
32,2010-09-30,31.54,$3.97,7.94,$13.13,2.4,$2.47,12.75,$1.44,21.9,$0.05B,$0.02B,2.97,$0.00B,$0.04B,0.0,$0.15B,$0.06B,40.69%,$0.15B,$0.03B,17.24%,$0.15B,$0.03B,17.24%,$0.15B,$0.03B,17.93%,$0.15B,$0.03B,17.93%,$0.15B,$0.02B,11.03%,$0.02B,$0.04B,37.43%,$0.02B,$0.04B,37.43%,$0.02B,$0.06B,28.32%,$0.03B,$0.04B,58.48%,$41,$24,$17,$0,$9,$33,$8,$0,$8,$3,$5,$5,$5,$8,$8,$11,11,$0.45,$0.45,$15,$2,$0,$48,$8,$0,$0,$0,$13,$60,$16,$0,$0,$1,$17,$0,$13,$0,$44,$60,$12,$2,$1,$2,$-6,$-0,$1,$2,$-0,$14,$-5,$0,$0,$-0,$0,$-0,$0,$-5,$0,$0,$0,$0,$0,$-12,$0,$-12,$-3,$1,$-12
33,2010-06-30,30.07,$3.87,7.77,$12.40,2.42,$2.05,14.64,$1.36,22.11,$0.05B,$0.01B,3.34,$0.00B,$0.04B,0.0,$0.14B,$0.06B,40.88%,$0.14B,$0.02B,16.79%,$0.14B,$0.02B,16.79%,$0.14B,$0.03B,18.25%,$0.14B,$0.02B,17.52%,$0.14B,$0.02B,10.95%,$0.02B,$0.04B,35.29%,$0.02B,$0.04B,35.29%,$0.02B,$0.06B,27.40%,$0.02B,$0.04B,54.12%,$38,$22,$16,$0,$9,$31,$7,$0,$7,$3,$4,$4,$4,$7,$7,$11,11,$0.39,$0.39,$15,$2,$0,$45,$8,$0,$0,$0,$12,$57,$13,$0,$0,$1,$14,$0,$12,$0,$42,$57,$7,$1,$1,$2,$-2,$-1,$-1,$3,$-0,$9,$-3,$0,$0,$-0,$0,$-0,$0,$-3,$0,$0,$0,$0,$0,$-8,$0,$-8,$-3,$0,$-8
34,2010-03-31,28.47,$3.82,7.46,$11.78,2.42,$2.16,13.2,$1.29,22.07,$0.05B,$0.01B,3.67,$0.00B,$0.04B,0.0,$0.13B,$0.05B,40.77%,$0.13B,$0.02B,16.15%,$0.13B,$0.02B,16.15%,$0.13B,$0.02B,18.46%,$0.13B,$0.02B,17.69%,$0.13B,$0.02B,11.54%,$0.02B,$0.04B,35.29%,$0.02B,$0.04B,35.29%,$0.02B,$0.06B,27.78%,$0.02B,$0.04B,49.41%,$32,$19,$12,$0,$8,$27,$4,$0,$5,$2,$3,$3,$3,$5,$4,$11,11,$0.27,$0.27,$18,$2,$0,$45,$6,$0,$0,$0,$10,$55,$12,$0,$0,$1,$13,$0,$12,$0,$42,$55,$3,$0,$0,$1,$0,$-0,$-1,$2,$2,$6,$-1,$0,$0,$-0,$0,$-0,$0,$-1,$0,$0,$0,$0,$0,$-4,$0,$-4,$0,$0,$-4
35,2009-12-31,33.22,$3.89,8.54,$11.66,2.85,$2.05,16.19,$1.39,23.9,$0.05B,$0.01B,4.06,$0.00B,$0.04B,0.0,$0.13B,$0.06B,42.97%,$0.13B,$0.02B,17.97%,$0.13B,$0.02B,17.97%,$0.13B,$0.03B,20.31%,$0.13B,$0.03B,19.53%,$0.13B,$0.02B,12.50%,$0.02B,$0.04B,37.65%,$0.02B,$0.04B,37.65%,$0.02B,$0.05B,29.77%,$0.02B,$0.04B,54.12%,$34,$20,$14,$0,$8,$28,$6,$0,$6,$2,$4,$4,$4,$6,$6,$11,11,$0.33,$0.33,$18,$2,$0,$46,$5,$0,$0,$0,$9,$54,$11,$0,$0,$1,$12,$0,$13,$0,$43,$54,$15,$2,$1,$3,$-5,$-1,$0,$-3,$-10,$9,$-1,$0,$0,$-1,$0,$-1,$0,$-2,$0,$0,$0,$1,$1,$-16,$0,$-14,$-7,$1,$-16
36,2009-09-30,29.63,$3.89,7.61,$11.53,2.57,$2.67,11.12,$1.51,19.62,$0.05B,$0.01B,4.45,$0.00B,$0.04B,0.0,$0.13B,$0.06B,44.44%,$0.13B,$0.02B,19.05%,$0.13B,$0.02B,19.05%,$0.13B,$0.03B,22.22%,$0.13B,$0.03B,21.43%,$0.13B,$0.02B,13.49%,$0.02B,$0.04B,40.48%,$0.02B,$0.04B,40.48%,$0.02B,$0.05B,31.78%,$0.02B,$0.04B,57.14%,$33,$19,$14,$0,$8,$27,$6,$0,$6,$2,$4,$4,$4,$7,$6,$11,11,$0.37,$0.37,$18,$2,$0,$45,$5,$0,$0,$0,$8,$53,$10,$0,$0,$0,$10,$0,$13,$0,$43,$53,$12,$1,$1,$2,$-4,$-0,$-1,$-2,$-7,$6,$-1,$0,$0,$-1,$0,$-1,$0,$-3,$0,$0,$0,$1,$1,$-12,$0,$-10,$-7,$1,$-12
37,2009-06-30,27.16,$3.87,7.03,$11.32,2.4,$3.30,8.24,$1.52,17.87,$0.05B,$0.01B,4.13,$0.00B,$0.04B,0.0,$0.12B,$0.06B,44.72%,$0.12B,$0.02B,19.51%,$0.12B,$0.02B,19.51%,$0.12B,$0.03B,22.76%,$0.12B,$0.03B,21.95%,$0.12B,$0.02B,13.82%,$0.02B,$0.04B,41.46%,$0.02B,$0.04B,41.46%,$0.02B,$0.05B,31.92%,$0.02B,$0.04B,58.54%,$31,$18,$13,$0,$7,$26,$5,$0,$6,$2,$4,$4,$4,$6,$5,$11,11,$0.32,$0.32,$24,$2,$0,$46,$5,$0,$0,$0,$8,$54,$11,$0,$0,$1,$12,$0,$13,$0,$42,$54,$8,$1,$0,$1,$0,$-0,$-0,$-1,$-1,$7,$-1,$0,$0,$-3,$0,$-3,$0,$-4,$0,$0,$0,$1,$1,$-8,$0,$-6,$-2,$0,$-8
38,2009-03-31,23.35,$3.85,6.07,$11.06,2.11,$3.53,6.61,$1.48,15.78,$0.05B,$0.01B,4.09,$0.00B,$0.04B,0.0,$0.12B,$0.05B,45.00%,$0.12B,$0.02B,20.00%,$0.12B,$0.02B,20.00%,$0.12B,$0.03B,22.50%,$0.12B,$0.03B,21.67%,$0.12B,$0.02B,13.33%,$0.02B,$0.04B,40.00%,$0.02B,$0.04B,40.00%,$0.02B,$0.05B,30.77%,$0.02B,$0.04B,60.00%,$30,$17,$14,$0,$7,$24,$6,$0,$7,$2,$4,$4,$4,$7,$6,$11,11,$0.37,$0.37,$24,$1,$0,$47,$5,$0,$0,$0,$8,$54,$11,$0,$0,$1,$12,$0,$14,$0,$42,$54,$4,$0,$0,$1,$-1,$-0,$-0,$-1,$-1,$4,$-0,$0,$0,$-0,$0,$-0,$0,$-0,$0,$0,$0,$1,$1,$-4,$0,$-3,$1,$0,$-4
39,2008-12-31,18.55,$3.72,4.98,$11.02,1.68,$3.60,5.16,$1.44,12.88,$0.05B,$0.01B,3.8,$0.00B,$0.04B,0.0,$0.12B,$0.05B,44.17%,$0.12B,$0.02B,19.17%,$0.12B,$0.02B,19.17%,$0.12B,$0.03B,21.67%,$0.12B,$0.03B,20.83%,$0.12B,$0.02B,13.33%,$0.02B,$0.04B,41.03%,$0.02B,$0.04B,41.03%,$0.02B,$0.05B,31.37%,$0.02B,$0.04B,58.97%,$32,$17,$15,$0,$7,$25,$7,$0,$8,$3,$5,$5,$5,$8,$7,$11,11,$0.44,$0.44,$24,$1,$0,$45,$5,$0,$0,$0,$8,$53,$12,$0,$0,$0,$12,$0,$13,$0,$41,$53,$15,$2,$2,$4,$-3,$0,$0,$-0,$-3,$16,$-1,$0,$0,$-0,$0,$-0,$0,$-2,$0,$0,$0,$1,$1,$-16,$0,$-14,$-0,$1,$-16
40,2008-09-30,19.8,$3.59,5.51,$10.67,1.86,$3.91,5.06,$1.35,14.66,$0.05B,$0.01B,3.63,$0.00B,$0.04B,0.0,$0.12B,$0.05B,43.10%,$0.12B,$0.02B,18.97%,$0.12B,$0.02B,18.97%,$0.12B,$0.02B,20.69%,$0.12B,$0.02B,19.83%,$0.12B,$0.02B,12.93%,$0.02B,$0.04B,39.22%,$0.02B,$0.04B,39.22%,$0.02B,$0.05B,29.85%,$0.02B,$0.04B,57.52%,$30,$17,$13,$0,$7,$24,$6,$0,$6,$2,$4,$4,$4,$7,$6,$11,11,$0.38,$0.38,$24,$2,$0,$45,$5,$0,$0,$0,$7,$52,$12,$0,$0,$0,$13,$0,$13,$-0,$39,$52,$11,$1,$1,$3,$-2,$-0,$1,$1,$-1,$12,$-1,$0,$0,$-0,$0,$-0,$0,$-1,$0,$0,$0,$1,$1,$-12,$0,$-10,$1,$1,$-12
41,2008-06-30,11.69,$3.48,3.36,$10.48,1.12,$3.96,2.95,$1.27,9.21,$0.04B,$0.01B,3.8,$0.00B,$0.04B,0.0,$0.11B,$0.05B,42.98%,$0.11B,$0.02B,18.42%,$0.11B,$0.02B,18.42%,$0.11B,$0.02B,19.30%,$0.11B,$0.02B,19.30%,$0.11B,$0.01B,12.28%,$0.01B,$0.04B,36.84%,$0.01B,$0.04B,36.84%,$0.01B,$0.05B,28.28%,$0.02B,$0.04B,55.26%,$28,$16,$12,$0,$7,$23,$5,$0,$5,$2,$3,$3,$3,$5,$5,$11,11,$0.28,$0.28,$24,$2,$0,$43,$5,$0,$0,$0,$6,$49,$11,$0,$0,$0,$12,$0,$12,$0,$38,$49,$6,$1,$1,$2,$-0,$-0,$-0,$1,$1,$10,$-1,$0,$0,$-0,$0,$-0,$0,$-1,$0,$0,$0,$0,$0,$-8,$0,$-8,$1,$0,$-8
42,2008-03-31,13.83,$3.54,3.91,$10.52,1.31,$3.88,3.57,$1.30,10.64,$0.04B,$0.01B,3.73,$0.00B,$0.04B,0.0,$0.11B,$0.05B,42.98%,$0.11B,$0.02B,18.42%,$0.11B,$0.02B,18.42%,$0.11B,$0.02B,19.30%,$0.11B,$0.02B,19.30%,$0.11B,$0.01B,12.28%,$0.01B,$0.04B,36.84%,$0.01B,$0.04B,36.84%,$0.01B,$0.05B,28.28%,$0.02B,$0.04B,55.26%,$30,$16,$13,$0,$8,$24,$5,$0,$6,$2,$4,$4,$4,$6,$5,$11,11,$0.32,$0.32,$23,$2,$0,$43,$5,$0,$0,$0,$8,$50,$11,$0,$0,$1,$12,$0,$13,$0,$38,$50,$4,$0,$1,$1,$-1,$-0,$-0,$-1,$-0,$4,$-0,$0,$0,$-0,$0,$-0,$0,$-0,$0,$0,$0,$0,$0,$-4,$0,$-4,$0,$0,$-4
43,2007-12-31,14.81,$3.55,4.17,$10.22,1.45,$3.80,3.9,$1.21,12.24,$0.04B,$0.01B,3.72,$0.00B,$0.04B,0.0,$0.11B,$0.05B,42.73%,$0.11B,$0.02B,18.18%,$0.11B,$0.02B,18.18%,$0.11B,$0.02B,18.18%,$0.11B,$0.02B,18.18%,$0.11B,$0.01B,11.82%,$0.01B,$0.04B,34.21%,$0.01B,$0.04B,34.21%,$0.01B,$0.05B,26.80%,$0.02B,$0.04B,52.63%,$28,$16,$12,$0,$7,$22,$6,$0,$6,$2,$4,$4,$4,$6,$6,$11,11,$0.35,$0.34,$23,$1,$0,$43,$6,$0,$0,$0,$8,$50,$11,$0,$0,$1,$12,$0,$14,$0,$38,$50,$13,$2,$1,$3,$-0,$0,$1,$2,$3,$19,$-1,$0,$0,$-1,$0,$-1,$0,$-2,$0,$0,$0,$1,$1,$-16,$0,$-14,$3,$1,$-16
44,2007-09-30,16.92,$3.55,4.77,$10.44,1.62,$3.30,5.13,$1.24,13.65,$0.04B,$0.01B,4.12,$0.00B,$0.04B,0.0,$0.11B,$0.05B,43.75%,$0.11B,$0.02B,18.75%,$0.11B,$0.02B,18.75%,$0.11B,$0.02B,18.75%,$0.11B,$0.02B,18.75%,$0.11B,$0.01B,11.61%,$0.01B,$0.04B,33.99%,$0.01B,$0.04B,33.99%,$0.01B,$0.05B,27.08%,$0.02B,$0.04B,54.90%,$28,$16,$12,$0,$7,$23,$5,$0,$5,$2,$3,$3,$3,$5,$5,$11,11,$0.30,$0.30,$21,$2,$0,$41,$6,$0,$0,$0,$8,$49,$10,$0,$0,$0,$10,$0,$14,$0,$38,$49,$9,$1,$1,$2,$0,$0,$0,$1,$2,$13,$-1,$0,$0,$-0,$0,$-0,$0,$-1,$0,$0,$0,$1,$1,$-12,$0,$-10,$1,$1,$-12
45,2007-06-30,19.62,$3.56,5.52,$10.39,1.89,$3.01,6.52,$1.26,15.57,$0.04B,$0.01B,4.18,$0.00B,$0.04B,0.0,$0.11B,$0.05B,43.24%,$0.11B,$0.02B,18.92%,$0.11B,$0.02B,18.92%,$0.11B,$0.02B,18.92%,$0.11B,$0.02B,18.92%,$0.11B,$0.01B,11.71%,$0.01B,$0.04B,33.99%,$0.01B,$0.04B,33.99%,$0.01B,$0.05B,27.37%,$0.02B,$0.04B,54.90%,$28,$16,$12,$0,$7,$23,$5,$0,$5,$2,$3,$3,$3,$5,$5,$11,11,$0.31,$0.31,$21,$2,$0,$40,$6,$0,$0,$0,$8,$49,$10,$0,$0,$1,$10,$0,$14,$0,$38,$49,$6,$1,$0,$2,$-0,$0,$-0,$1,$1,$9,$-1,$0,$0,$-0,$0,$-0,$0,$-1,$0,$0,$0,$1,$1,$-8,$0,$-7,$1,$1,$-8
46,2007-03-31,16.8,$3.51,4.78,$10.49,1.6,$2.83,5.93,$1.33,12.63,$0.04B,$0.01B,5.07,$0.00B,$0.04B,0.0,$0.11B,$0.05B,43.75%,$0.11B,$0.02B,19.64%,$0.11B,$0.02B,19.64%,$0.11B,$0.02B,20.54%,$0.11B,$0.02B,20.54%,$0.11B,$0.01B,12.50%,$0.01B,$0.04B,36.60%,$0.01B,$0.04B,36.60%,$0.01B,$0.05B,29.79%,$0.02B,$0.04B,57.52%,$26,$15,$11,$0,$7,$22,$4,$0,$4,$1,$3,$3,$3,$4,$4,$11,11,$0.24,$0.24,$19,$1,$0,$37,$6,$0,$0,$0,$9,$46,$7,$0,$0,$1,$8,$0,$15,$0,$38,$46,$3,$1,$1,$1,$1,$0,$-1,$-0,$-0,$3,$-0,$0,$0,$-0,$0,$-0,$0,$-0,$0,$0,$0,$0,$0,$-4,$0,$-4,$-1,$0,$-4
47,2006-12-31,21.02,$3.60,5.84,$10.82,1.94,$2.82,7.46,$1.47,14.3,$0.04B,$0.01B,4.52,$0.00B,$0.04B,0.0,$0.12B,$0.05B,44.83%,$0.12B,$0.02B,20.69%,$0.12B,$0.02B,20.69%,$0.12B,$0.03B,22.41%,$0.12B,$0.03B,22.41%,$0.12B,$0.02B,12.93%,$0.02B,$0.04B,39.47%,$0.02B,$0.04B,39.47%,$0.02B,$0.05B,31.75%,$0.02B,$0.04B,63.16%,$30,$16,$14,$0,$7,$23,$7,$0,$7,$3,$4,$4,$4,$7,$7,$11,11,$0.40,$0.40,$19,$2,$0,$39,$6,$0,$0,$0,$9,$48,$9,$0,$0,$1,$9,$0,$16,$-0,$39,$48,$16,$2,$1,$3,$-2,$0,$-1,$-2,$-4,$14,$-2,$0,$0,$-0,$0,$-0,$0,$-2,$0,$0,$0,$0,$0,$-15,$0,$-15,$-3,$1,$-15
