,Date,Stock Price,Book Value per Share,Price to Book Ratio,TTM Sales per Share,Price to Sales Ratio,TTM FCF per Share,Price to FCF Ratio,TTM Net EPS,PE Ratio,Current Assets,Current Liabilities,Current Ratio,Long Term Debt,Shareholder's Equity_x,Debt to Equity Ratio,TTM Revenue_x,TTM Gross Profit,Gross Margin,TTM Revenue_y,TTM Operating Income,Operating Margin,TTM Revenue_x,TTM EBIT,EBIT Margin,TTM Revenue_y,TTM EBITDA,EBITDA Margin,TTM Revenue_x,TTM Pre-Tax Income,Pre-Tax Margin,TTM Revenue_y,TTM Net Income_x,Net Margin,TTM Net Income_y,Shareholder's Equity_y,Return on Equity,TTM Net Income_x,Tangible Equity,Return on Tangible Equity,TTM Net Income_y,Total Assets,Return on Assets,TTM Net Income,LT Investments & Debt,Return on Investment,revenue,cost-goods-sold,gross-profit,research-development-expenses,selling-general-administrative-expenses,operating-expenses,operating-income,total-non-operating-income-expense,pre-tax-income,total-provision-income-taxes,income-after-taxes,income-from-continuous-operations,net-income,ebitda,ebit,basic-shares-outstanding,shares-outstanding,eps-basic-net-earnings-per-share,eps-earnings-per-share-diluted,cash-on-hand,inventory,other-current-assets,total-current-assets,net-property-plant-equipment,long-term-investments,goodwill-intangible-assets-total,other-long-term-assets,total-long-term-assets,total-assets,total-current-liabilities,long-term-debt,other-non-current-liabilities,total-long-term-liabilities,total-liabilities,common-stock-net,retained-earnings-accumulated-deficit,comprehensive-income,total-share-holder-equity,total-liabilities-share-holders-equity,net-income-loss,total-depreciation-amortization-cash-flow,other-non-cash-items,total-non-cash-items,change-in-accounts-receivable,change-in-inventories,change-in-accounts-payable,change-in-assets-liabilities,total-change-in-assets-liabilities,cash-flow-from-operating-activities,net-change-in-property-plant-equipment,net-change-in-intangible-assets,net-acquisitions-divestitures,net-change-in-short-term-investments,net-change-in-long-term-investments,net-change-in-investments-total,investing-activities-other,cash-flow-from-investing-activities,net-long-term-debt,net-current-debt,debt-issuance-retirement-net-total,net-common-equity-issued-repurchased,net-total-equity-issued-repurchased,total-common-preferred-stock-dividends-paid,financial-activities-other,cash-flow-from-financial-activities,net-cash-flow,stock-based-compensation,common-stock-dividends-paid
0,2018-09-30,93.57,$33.15,2.82,$9.91,9.44,$-3.66,0.0,$2.12,44.14,$0.04B,$0.21B,0.2,$2.26B,$3.41B,0.66,$0.94B,$0.59B,62.66%,$0.94B,$0.22B,23.72%,$0.94B,$0.22B,23.72%,$0.94B,$0.51B,54.68%,$0.94B,$0.21B,22.34%,$0.94B,$0.21B,21.81%,$0.21B,$3.41B,5.95%,$0.21B,$3.41B,5.95%,$0.21B,$6.20B,3.33%,$0.22B,$5.67B,3.94%,$242,$94,$148,$0,$13,$188,$54,$-14,$40,$0,$40,$40,$39,$130,$54,$95,95,$0.41,$0.40,$19,$0,$0,$41,$5929,$0,$0,$228,$6157,$6199,$210,$2260,$315,$2574,$2785,$1,$-467,$14,$3414,$6199,$120,$222,$12,$235,$0,$0,$0,$4,$21,$376,$-551,$0,$0,$0,$-12,$-12,$12,$-552,$53,$0,$53,$-15,$-15,$-223,$1,$-183,$-359,$12,$-223
1,2018-06-30,91.13,$33.40,2.73,$9.85,9.25,$-1.22,0.0,$2.10,43.4,$0.10B,$0.18B,0.54,$2.21B,$3.43B,0.64,$0.93B,$0.58B,62.10%,$0.93B,$0.22B,23.65%,$0.93B,$0.22B,23.65%,$0.93B,$0.50B,54.10%,$0.93B,$0.21B,22.25%,$0.93B,$0.20B,21.60%,$0.20B,$3.43B,5.78%,$0.20B,$3.43B,5.78%,$0.20B,$6.13B,3.25%,$0.22B,$5.63B,3.87%,$237,$85,$152,$0,$12,$181,$56,$-16,$40,$0,$40,$40,$39,$132,$56,$95,95,$0.40,$0.40,$74,$0,$0,$97,$5830,$0,$0,$205,$6035,$6132,$180,$2205,$318,$2523,$2703,$1,$-437,$9,$3429,$6132,$80,$146,$8,$154,$0,$0,$0,$6,$-3,$231,$-379,$0,$0,$0,$-9,$-9,$1,$-387,$-1,$0,$-1,$0,$0,$-148,$0,$-148,$-304,$8,$-148
2,2018-03-31,83.47,$33.73,2.47,$9.82,8.5,$0.30,278.99,$2.13,39.19,$0.14B,$0.15B,0.92,$2.21B,$3.46B,0.64,$0.91B,$0.57B,62.06%,$0.91B,$0.22B,23.90%,$0.91B,$0.22B,23.90%,$0.91B,$0.49B,53.62%,$0.91B,$0.21B,22.59%,$0.91B,$0.20B,21.93%,$0.20B,$3.46B,5.95%,$0.20B,$3.46B,5.95%,$0.20B,$6.13B,3.30%,$0.22B,$5.67B,3.90%,$231,$91,$140,$0,$12,$171,$60,$-19,$41,$0,$41,$41,$39,$130,$60,$95,96,$0.41,$0.41,$116,$0,$0,$140,$5789,$0,$0,$199,$5989,$6128,$153,$2205,$308,$2513,$2666,$1,$-397,$4,$3462,$6128,$41,$70,$4,$74,$0,$0,$0,$5,$-28,$87,$-274,$0,$0,$0,$0,$0,$-2,$-276,$-0,$0,$-0,$0,$0,$-73,$0,$-73,$-261,$4,$-73
3,2017-12-31,90.46,$33.91,2.67,$9.83,9.2,$2.35,38.43,$2.10,43.08,$0.40B,$0.18B,2.24,$2.21B,$3.49B,0.63,$0.90B,$0.56B,62.04%,$0.90B,$0.21B,23.53%,$0.90B,$0.21B,23.53%,$0.90B,$0.48B,52.83%,$0.90B,$0.20B,22.31%,$0.90B,$0.20B,21.75%,$0.20B,$3.49B,6.00%,$0.20B,$3.49B,6.00%,$0.20B,$6.17B,3.26%,$0.21B,$5.69B,3.82%,$230,$81,$149,$0,$13,$176,$53,$36,$89,$0,$89,$89,$88,$122,$53,$91,93,$0.94,$0.93,$378,$0,$0,$402,$5576,$0,$0,$196,$5772,$6174,$180,$2205,$305,$2509,$2689,$1,$-369,$-0,$3485,$6174,$201,$264,$-25,$239,$0,$0,$0,$-5,$-5,$435,$-280,$0,$0,$100,$0,$100,$-9,$-190,$-279,$0,$-279,$445,$445,$-281,$2,$-113,$132,$18,$-281
4,2017-09-30,89.13,$33.73,2.64,$9.76,9.13,$7.54,11.83,$1.64,54.35,$0.38B,$0.20B,1.94,$2.20B,$3.47B,0.64,$0.89B,$0.55B,62.27%,$0.89B,$0.22B,24.66%,$0.89B,$0.22B,24.66%,$0.89B,$0.48B,53.72%,$0.89B,$0.15B,17.34%,$0.89B,$0.15B,16.78%,$0.15B,$3.47B,4.70%,$0.15B,$3.47B,4.70%,$0.15B,$6.17B,2.49%,$0.22B,$5.67B,3.96%,$228,$94,$134,$0,$12,$178,$50,$-14,$36,$1,$35,$35,$34,$117,$50,$91,92,$0.38,$0.38,$359,$0,$0,$383,$5597,$0,$0,$189,$5786,$6169,$198,$2204,$300,$2505,$2702,$1,$-384,$-0,$3467,$6169,$112,$196,$14,$209,$0,$0,$0,$-7,$13,$334,$-278,$0,$0,$100,$-3,$97,$1,$-180,$-279,$0,$-279,$445,$445,$-208,$1,$-40,$114,$13,$-208
5,2017-06-30,82.67,$31.11,2.66,$9.73,8.5,$13.71,6.03,$4.47,18.49,$0.05B,$0.17B,0.29,$2.30B,$3.04B,0.76,$0.88B,$0.55B,62.84%,$0.88B,$0.23B,25.57%,$0.88B,$0.23B,25.57%,$0.88B,$0.48B,54.43%,$0.88B,$0.42B,47.95%,$0.88B,$0.41B,46.14%,$0.41B,$3.04B,13.17%,$0.41B,$3.04B,13.17%,$0.41B,$5.80B,6.81%,$0.23B,$5.35B,4.08%,$223,$80,$143,$0,$12,$169,$55,$-14,$40,$0,$40,$40,$39,$120,$55,$90,91,$0.43,$0.43,$25,$0,$0,$48,$5595,$0,$0,$156,$5750,$5799,$165,$2304,$288,$2592,$2757,$1,$-352,$-2,$3041,$5799,$76,$129,$9,$138,$0,$0,$0,$5,$-11,$203,$-206,$0,$0,$100,$-2,$98,$-0,$-109,$-178,$0,$-178,$0,$0,$-138,$1,$-316,$-221,$9,$-138
6,2017-03-31,77.11,$31.42,2.45,$9.74,7.92,$14.90,5.18,$8.96,8.61,$0.28B,$0.15B,1.92,$2.45B,$3.07B,0.8,$0.88B,$0.55B,62.07%,$0.88B,$0.23B,25.97%,$0.88B,$0.23B,25.97%,$0.88B,$0.48B,54.67%,$0.88B,$0.46B,51.82%,$0.88B,$0.81B,92.60%,$0.81B,$3.07B,25.89%,$0.81B,$3.07B,25.89%,$0.81B,$5.94B,13.41%,$0.23B,$5.52B,4.06%,$220,$86,$133,$0,$13,$166,$54,$-17,$36,$0,$36,$36,$35,$117,$54,$90,91,$0.39,$0.39,$254,$0,$0,$277,$5510,$0,$0,$148,$5658,$5935,$145,$2450,$269,$2719,$2864,$1,$-318,$-2,$3072,$5935,$36,$64,$5,$68,$0,$0,$0,$1,$-31,$73,$-63,$0,$0,$100,$0,$100,$-2,$35,$-31,$0,$-31,$0,$0,$-69,$0,$-100,$8,$4,$-69
7,2016-12-31,79.83,$31.65,2.52,$9.73,8.2,$15.07,5.3,$9.04,8.83,$0.37B,$0.19B,1.98,$2.48B,$3.10B,0.8,$0.88B,$0.55B,62.21%,$0.88B,$0.23B,26.48%,$0.88B,$0.23B,26.48%,$0.88B,$0.48B,55.14%,$0.88B,$0.46B,52.17%,$0.88B,$0.82B,93.61%,$0.82B,$3.10B,26.55%,$0.82B,$3.10B,26.55%,$0.82B,$6.03B,13.47%,$0.23B,$5.58B,4.11%,$217,$74,$143,$0,$13,$157,$60,$-18,$42,$0,$42,$42,$41,$123,$60,$90,90,$0.45,$0.46,$346,$0,$0,$370,$5516,$0,$0,$142,$5658,$6028,$187,$2481,$265,$2746,$2933,$1,$-289,$-2,$3096,$6028,$838,$250,$-646,$-395,$0,$0,$0,$-3,$0,$443,$173,$0,$623,$-100,$0,$-100,$-5,$690,$-247,$0,$-247,$0,$0,$-663,$6,$-904,$229,$20,$-663
8,2016-09-30,78.77,$31.91,2.47,$9.72,8.11,$9.97,7.9,$9.26,8.51,$0.45B,$0.21B,2.13,$2.48B,$3.12B,0.8,$0.87B,$0.54B,62.01%,$0.87B,$0.23B,26.20%,$0.87B,$0.23B,26.20%,$0.87B,$0.48B,54.69%,$0.87B,$0.47B,54.00%,$0.87B,$0.84B,96.11%,$0.84B,$3.12B,27.65%,$0.84B,$3.12B,27.65%,$0.84B,$6.09B,13.79%,$0.23B,$5.60B,4.05%,$220,$86,$134,$0,$11,$164,$56,$248,$304,$0,$303,$303,$291,$119,$56,$90,90,$3.23,$3.21,$422,$0,$0,$446,$5499,$0,$0,$143,$5642,$6088,$209,$2481,$277,$2758,$2967,$1,$-261,$-2,$3121,$6088,$796,$187,$-650,$-463,$0,$0,$0,$2,$24,$358,$253,$0,$623,$-100,$0,$-100,$-7,$769,$-246,$0,$-246,$4,$4,$-581,$2,$-821,$306,$16,$-581
9,2016-06-30,78.49,$33.48,2.34,$9.65,8.14,$4.32,18.18,$6.46,12.15,$0.39B,$0.19B,2.06,$2.48B,$3.27B,0.76,$0.87B,$0.54B,61.82%,$0.87B,$0.23B,26.53%,$0.87B,$0.23B,26.53%,$0.87B,$0.48B,55.13%,$0.87B,$0.20B,23.30%,$0.87B,$0.59B,67.59%,$0.59B,$3.27B,19.66%,$0.59B,$3.27B,19.66%,$0.59B,$6.20B,9.64%,$0.23B,$5.75B,4.07%,$221,$87,$135,$0,$12,$163,$58,$14,$73,$0,$72,$72,$446,$121,$58,$90,90,$4.94,$4.92,$363,$0,$0,$387,$5673,$0,$0,$139,$5812,$6199,$188,$2481,$259,$2739,$2927,$1,$-104,$-2,$3272,$6199,$493,$125,$-393,$-268,$0,$0,$0,$2,$-3,$222,$-118,$0,$623,$0,$0,$0,$-7,$498,$-245,$0,$-245,$3,$3,$-133,$2,$-373,$347,$10,$-133
10,2016-03-31,74.0,$29.39,2.52,$9.47,7.82,$3.98,18.58,$1.94,38.15,$0.04B,$0.17B,0.22,$2.77B,$2.86B,0.97,$0.85B,$0.53B,61.97%,$0.85B,$0.23B,26.53%,$0.85B,$0.23B,26.53%,$0.85B,$0.47B,55.28%,$0.85B,$0.16B,19.01%,$0.85B,$0.18B,20.66%,$0.18B,$2.86B,6.08%,$0.18B,$2.86B,6.08%,$0.18B,$6.04B,2.92%,$0.23B,$5.63B,4.03%,$218,$84,$133,$0,$12,$160,$58,$-20,$38,$0,$38,$38,$42,$120,$58,$89,91,$0.46,$0.46,$12,$0,$0,$36,$5897,$0,$0,$107,$6004,$6040,$166,$2766,$244,$3010,$3176,$1,$-491,$-2,$2864,$6040,$43,$62,$8,$70,$0,$0,$0,$1,$-17,$97,$-71,$0,$0,$0,$0,$0,$-7,$-78,$40,$0,$40,$0,$0,$-64,$1,$-23,$-4,$5,$-64
11,2015-12-31,66.95,$29.65,2.26,$9.29,7.2,$4.73,14.17,$2.75,24.35,$0.04B,$0.18B,0.23,$2.73B,$2.89B,0.94,$0.84B,$0.52B,61.84%,$0.84B,$0.22B,26.32%,$0.84B,$0.22B,26.32%,$0.84B,$0.46B,55.14%,$0.84B,$0.24B,28.83%,$0.84B,$0.25B,29.90%,$0.25B,$2.89B,8.59%,$0.25B,$2.89B,8.59%,$0.25B,$6.04B,4.14%,$0.22B,$5.62B,3.91%,$215,$75,$140,$0,$13,$158,$57,$1,$57,$1,$57,$57,$61,$118,$57,$89,89,$0.67,$0.68,$17,$0,$0,$42,$5880,$0,$0,$116,$5996,$6038,$179,$2725,$241,$2966,$3145,$1,$-459,$-2,$2893,$6038,$258,$241,$-70,$171,$0,$0,$0,$3,$-6,$423,$-267,$0,$0,$0,$0,$0,$-26,$-293,$-9,$0,$-9,$0,$0,$-253,$-11,$-273,$-143,$18,$-253
12,2015-09-30,63.86,$29.68,2.15,$8.73,7.31,$4.07,15.69,$4.06,15.73,$0.04B,$0.19B,0.22,$2.72B,$2.90B,0.94,$0.78B,$0.48B,60.97%,$0.78B,$0.19B,24.49%,$0.78B,$0.19B,24.49%,$0.78B,$0.42B,53.19%,$0.78B,$0.35B,44.77%,$0.78B,$0.37B,46.81%,$0.37B,$2.90B,12.61%,$0.37B,$2.90B,12.61%,$0.37B,$6.03B,6.08%,$0.19B,$5.61B,3.41%,$213,$84,$128,$0,$12,$155,$57,$-24,$34,$0,$33,$33,$37,$119,$57,$89,90,$0.41,$0.41,$17,$0,$0,$42,$5862,$0,$0,$130,$5992,$6034,$189,$2715,$233,$2948,$3138,$1,$-452,$-2,$2896,$6034,$196,$179,$-60,$119,$0,$0,$0,$-6,$2,$318,$-216,$0,$0,$0,$0,$0,$-16,$-232,$-29,$0,$-29,$0,$0,$-189,$-11,$-229,$-144,$13,$-189
13,2015-06-30,63.56,$29.92,2.12,$8.74,7.27,$2.48,25.68,$4.08,15.58,$0.05B,$0.17B,0.28,$2.68B,$2.92B,0.92,$0.78B,$0.48B,61.10%,$0.78B,$0.19B,24.49%,$0.78B,$0.19B,24.49%,$0.78B,$0.42B,52.93%,$0.78B,$0.36B,45.54%,$0.78B,$0.37B,46.94%,$0.37B,$2.92B,12.80%,$0.37B,$2.92B,12.80%,$0.37B,$6.00B,6.12%,$0.19B,$5.59B,3.43%,$206,$80,$127,$0,$12,$152,$54,$-22,$33,$0,$32,$32,$36,$114,$54,$89,90,$0.40,$0.40,$22,$0,$0,$48,$5833,$0,$0,$120,$5953,$6001,$172,$2675,$235,$2909,$3082,$1,$-427,$-2,$2919,$6001,$158,$118,$-68,$50,$0,$0,$0,$0,$-13,$195,$-121,$0,$0,$0,$0,$0,$-9,$-129,$-69,$0,$-69,$0,$0,$-125,$-9,$-203,$-137,$8,$-125
14,2015-03-31,66.24,$30.13,2.2,$8.80,7.53,$0.98,67.72,$4.08,16.23,$0.21B,$0.16B,1.3,$2.74B,$2.94B,0.93,$0.79B,$0.48B,60.94%,$0.79B,$0.20B,24.94%,$0.79B,$0.20B,24.94%,$0.79B,$0.42B,53.18%,$0.79B,$0.36B,45.93%,$0.79B,$0.37B,46.69%,$0.37B,$2.94B,13.00%,$0.37B,$2.94B,13.00%,$0.37B,$6.08B,6.16%,$0.20B,$5.68B,3.53%,$202,$79,$122,$0,$10,$150,$52,$65,$117,$0,$116,$116,$116,$110,$52,$89,90,$1.29,$1.27,$179,$0,$0,$205,$5750,$0,$0,$122,$5872,$6077,$158,$2743,$236,$2979,$3137,$1,$-404,$-2,$2940,$6077,$121,$58,$-77,$-19,$0,$0,$0,$5,$-25,$77,$16,$0,$0,$0,$0,$0,$-2,$14,$-1,$0,$-1,$0,$0,$-60,$-9,$-70,$20,$4,$-60
15,2014-12-31,62.04,$29.59,2.1,$8.89,6.98,$-0.16,0.0,$3.26,19.03,$0.19B,$0.20B,0.95,$2.73B,$2.89B,0.95,$0.79B,$0.48B,61.14%,$0.79B,$0.20B,25.32%,$0.79B,$0.20B,25.32%,$0.79B,$0.42B,53.42%,$0.79B,$0.29B,36.20%,$0.79B,$0.29B,36.84%,$0.29B,$2.89B,10.49%,$0.29B,$2.89B,10.49%,$0.29B,$6.04B,4.97%,$0.20B,$5.62B,3.66%,$163,$62,$101,$0,$21,$134,$29,$138,$167,$1,$166,$166,$178,$74,$29,$88,88,$2.01,$1.99,$160,$0,$0,$186,$5746,$0,$0,$112,$5858,$6044,$196,$2731,$229,$2959,$3156,$1,$-454,$-2,$2888,$6044,$301,$222,$-127,$95,$0,$0,$0,$-1,$22,$419,$-322,$0,$0,$0,$6,$6,$-11,$-327,$212,$0,$212,$66,$66,$-237,$2,$43,$135,$16,$-237
16,2014-09-30,57.06,$28.25,2.02,$9.36,6.1,$-3.19,0.0,$2.74,20.82,$0.10B,$0.20B,0.49,$2.74B,$2.75B,1.0,$0.83B,$0.51B,61.85%,$0.83B,$0.23B,27.68%,$0.83B,$0.23B,27.68%,$0.83B,$0.46B,55.60%,$0.83B,$0.16B,19.49%,$0.83B,$0.24B,29.24%,$0.24B,$2.75B,8.86%,$0.24B,$2.75B,8.86%,$0.24B,$5.91B,4.22%,$0.23B,$5.50B,4.27%,$213,$84,$129,$0,$10,$156,$57,$-17,$40,$0,$39,$39,$38,$117,$57,$88,89,$0.43,$0.43,$72,$0,$0,$98,$5690,$0,$0,$124,$5814,$5912,$202,$2744,$215,$2959,$3160,$1,$-568,$-1,$2752,$5912,$117,$177,$10,$187,$0,$0,$0,$-13,$23,$327,$-368,$0,$0,$0,$7,$7,$-5,$-366,$212,$0,$212,$51,$51,$-176,$1,$87,$48,$12,$-176
17,2014-06-30,58.67,$28.09,2.09,$9.22,6.36,$-2.70,0.0,$3.11,18.86,$0.05B,$0.16B,0.3,$2.70B,$2.72B,1.0,$0.82B,$0.51B,61.98%,$0.82B,$0.23B,27.63%,$0.82B,$0.23B,27.63%,$0.82B,$0.45B,55.50%,$0.82B,$0.16B,19.32%,$0.82B,$0.28B,33.74%,$0.28B,$2.72B,10.14%,$0.28B,$2.72B,10.14%,$0.28B,$5.79B,4.84%,$0.23B,$5.42B,4.23%,$208,$82,$127,$0,$11,$150,$58,$-22,$37,$0,$36,$36,$35,$117,$58,$88,89,$0.40,$0.40,$21,$0,$0,$48,$5628,$0,$0,$114,$5742,$5790,$163,$2700,$212,$2913,$3075,$1,$-550,$-1,$2715,$5790,$77,$117,$7,$124,$0,$0,$0,$-9,$-8,$194,$-254,$0,$0,$0,$6,$6,$-2,$-250,$169,$0,$169,$0,$0,$-117,$2,$54,$-2,$8,$-117
18,2014-03-31,55.01,$28.35,1.94,$9.08,6.06,$-1.75,0.0,$3.52,15.63,$0.05B,$0.15B,0.33,$2.59B,$2.74B,0.95,$0.81B,$0.50B,61.86%,$0.81B,$0.22B,27.33%,$0.81B,$0.22B,27.33%,$0.81B,$0.44B,55.16%,$0.81B,$0.17B,20.99%,$0.81B,$0.31B,38.88%,$0.31B,$2.74B,11.51%,$0.31B,$2.74B,11.51%,$0.31B,$5.68B,5.57%,$0.22B,$5.33B,4.15%,$206,$80,$126,$0,$10,$150,$56,$-14,$42,$0,$41,$41,$40,$114,$56,$88,89,$0.45,$0.45,$22,$0,$0,$48,$5524,$0,$0,$108,$5631,$5680,$147,$2590,$204,$2794,$2941,$1,$-523,$-1,$2739,$5680,$41,$58,$3,$61,$0,$0,$0,$-0,$-8,$94,$-104,$0,$0,$0,$6,$6,$-1,$-99,$59,$0,$59,$0,$0,$-57,$2,$4,$-1,$4,$-57
19,2013-12-31,46.01,$28.56,1.61,$8.94,5.15,$-0.55,0.0,$3.79,12.14,$0.05B,$0.15B,0.35,$2.53B,$2.76B,0.92,$0.79B,$0.49B,62.36%,$0.79B,$0.21B,26.87%,$0.79B,$0.21B,26.87%,$0.79B,$0.43B,54.75%,$0.79B,$0.16B,19.90%,$0.79B,$0.34B,42.59%,$0.34B,$2.76B,12.45%,$0.34B,$2.76B,12.45%,$0.34B,$5.63B,6.06%,$0.21B,$5.29B,4.04%,$204,$72,$132,$0,$9,$146,$59,$-16,$43,$0,$43,$43,$130,$114,$59,$87,88,$1.48,$1.46,$24,$0,$0,$52,$5471,$0,$0,$109,$5580,$5632,$149,$2531,$192,$2723,$2872,$1,$-494,$-1,$2760,$5632,$346,$222,$-185,$37,$0,$0,$0,$22,$21,$404,$-575,$0,$324,$0,$-6,$-6,$-1,$-259,$19,$0,$19,$40,$40,$-220,$7,$-154,$-9,$14,$-220
20,2013-09-30,48.62,$27.70,1.75,$8.62,5.64,$-3.67,0.0,$3.93,12.37,$0.09B,$0.18B,0.53,$2.67B,$2.68B,1.0,$0.76B,$0.47B,62.38%,$0.76B,$0.18B,24.24%,$0.76B,$0.18B,24.24%,$0.76B,$0.40B,53.25%,$0.76B,$0.17B,22.52%,$0.76B,$0.35B,46.36%,$0.35B,$2.68B,13.13%,$0.35B,$2.68B,13.13%,$0.35B,$5.69B,6.38%,$0.18B,$5.34B,3.51%,$200,$78,$122,$0,$10,$147,$53,$-17,$36,$1,$35,$35,$71,$109,$53,$87,89,$0.80,$0.79,$66,$0,$0,$93,$5486,$0,$0,$113,$5598,$5691,$175,$2665,$174,$2839,$3013,$1,$-572,$-1,$2678,$5691,$211,$166,$-94,$72,$0,$0,$0,$-2,$26,$310,$-307,$0,$0,$0,$-9,$-9,$-55,$-371,$154,$0,$154,$43,$43,$-163,$7,$40,$-22,$11,$-163
21,2013-06-30,53.65,$27.99,1.92,$8.47,6.33,$-6.05,0.0,$3.48,15.42,$0.04B,$0.14B,0.29,$2.52B,$2.71B,0.93,$0.74B,$0.46B,62.14%,$0.74B,$0.18B,24.29%,$0.74B,$0.18B,24.29%,$0.74B,$0.40B,53.73%,$0.74B,$0.16B,21.98%,$0.74B,$0.31B,41.93%,$0.31B,$2.71B,11.75%,$0.31B,$2.71B,11.75%,$0.31B,$5.49B,5.76%,$0.18B,$5.23B,3.51%,$195,$77,$118,$0,$12,$143,$52,$-3,$48,$0,$48,$48,$72,$107,$52,$87,88,$0.82,$0.81,$13,$0,$0,$40,$5351,$0,$0,$95,$5446,$5486,$137,$2524,$120,$2644,$2781,$1,$-574,$-1,$2705,$5486,$139,$110,$-63,$46,$0,$0,$0,$-0,$-5,$181,$-157,$0,$0,$0,$0,$0,$0,$-157,$13,$0,$13,$43,$43,$-106,$7,$-44,$-20,$7,$-106
22,2013-03-31,52.32,$27.53,1.9,$8.38,6.24,$-7.72,0.0,$2.93,17.86,$0.09B,$0.12B,0.75,$2.48B,$2.65B,0.94,$0.72B,$0.45B,62.73%,$0.72B,$0.17B,23.92%,$0.72B,$0.17B,23.92%,$0.72B,$0.39B,53.96%,$0.72B,$0.14B,18.78%,$0.72B,$0.26B,36.02%,$0.26B,$2.65B,10.08%,$0.26B,$2.65B,10.08%,$0.26B,$5.38B,4.91%,$0.17B,$5.13B,3.43%,$190,$69,$120,$0,$10,$142,$48,$-17,$30,$0,$30,$30,$63,$102,$48,$87,87,$0.72,$0.72,$65,$0,$0,$92,$5201,$0,$0,$89,$5291,$5383,$123,$2484,$126,$2610,$2733,$1,$-591,$-1,$2650,$5383,$64,$54,$-29,$26,$0,$0,$0,$1,$-5,$85,$10,$0,$0,$0,$-1,$-1,$-1,$8,$-27,$0,$-27,$9,$9,$-50,$8,$-60,$33,$3,$-50
23,2012-12-31,51.03,$27.30,1.87,$8.25,6.19,$-9.13,0.0,$3.28,15.56,$0.07B,$0.13B,0.51,$2.51B,$2.63B,0.96,$0.70B,$0.44B,62.52%,$0.70B,$0.17B,24.75%,$0.70B,$0.17B,24.75%,$0.70B,$0.39B,55.36%,$0.70B,$0.16B,23.32%,$0.70B,$0.28B,40.63%,$0.28B,$2.63B,11.43%,$0.28B,$2.63B,11.43%,$0.28B,$5.39B,5.48%,$0.17B,$5.14B,3.52%,$170,$59,$111,$0,$10,$140,$30,$27,$56,$0,$56,$56,$144,$84,$30,$84,86,$1.63,$1.62,$33,$0,$0,$66,$5231,$0,$0,$88,$5319,$5385,$130,$2510,$118,$2628,$2758,$1,$-599,$-1,$2627,$5385,$294,$213,$-173,$40,$0,$0,$0,$-18,$-10,$324,$-756,$0,$227,$0,$6,$6,$-4,$-528,$-221,$0,$-221,$706,$606,$-189,$-21,$175,$-28,$13,$-189
24,2012-09-30,47.45,$26.42,1.8,$7.85,6.05,$-3.07,0.0,$2.30,20.63,$0.04B,$0.16B,0.25,$2.39B,$2.53B,0.95,$0.65B,$0.40B,62.64%,$0.65B,$0.17B,25.74%,$0.65B,$0.17B,25.74%,$0.65B,$0.37B,57.83%,$0.65B,$0.12B,18.29%,$0.65B,$0.19B,28.99%,$0.19B,$2.53B,8.19%,$0.19B,$2.53B,8.19%,$0.19B,$5.22B,3.75%,$0.17B,$4.93B,3.53%,$182,$73,$109,$0,$9,$133,$49,$-21,$28,$0,$28,$28,$30,$103,$49,$86,86,$0.36,$0.35,$12,$0,$0,$41,$5080,$0,$0,$96,$5177,$5218,$163,$2394,$128,$2522,$2685,$1,$-692,$-1,$2533,$5218,$148,$159,$-64,$95,$0,$0,$0,$-24,$8,$250,$-454,$0,$0,$0,$-0,$-0,$-4,$-458,$-312,$0,$-312,$706,$606,$-139,$3,$159,$-50,$10,$-139
25,2012-06-30,48.94,$26.07,1.88,$7.95,6.16,$0.17,292.72,$2.11,23.2,$0.09B,$0.12B,0.74,$2.40B,$2.47B,0.97,$0.63B,$0.39B,62.84%,$0.63B,$0.16B,25.84%,$0.63B,$0.16B,25.84%,$0.63B,$0.36B,57.58%,$0.63B,$0.10B,16.59%,$0.63B,$0.17B,26.95%,$0.17B,$2.47B,8.06%,$0.17B,$2.47B,8.06%,$0.17B,$5.11B,3.50%,$0.16B,$4.86B,3.59%,$177,$66,$111,$0,$10,$132,$45,$-24,$21,$0,$20,$20,$22,$99,$45,$83,84,$0.26,$0.26,$57,$0,$0,$87,$4937,$0,$0,$88,$5025,$5113,$119,$2396,$133,$2529,$2648,$1,$-674,$-1,$2465,$5113,$116,$105,$-65,$40,$0,$0,$0,$-14,$-15,$141,$-258,$0,$0,$0,$-4,$-4,$1,$-261,$-309,$0,$-309,$613,$513,$-89,$2,$117,$-3,$6,$-89
26,2012-03-31,46.75,$25.14,1.86,$8.07,5.79,$2.48,18.84,$1.62,28.86,$0.09B,$0.12B,0.69,$2.43B,$2.31B,1.05,$0.61B,$0.38B,62.36%,$0.61B,$0.15B,24.88%,$0.61B,$0.15B,24.88%,$0.61B,$0.34B,56.30%,$0.61B,$0.07B,11.13%,$0.61B,$0.13B,21.28%,$0.13B,$2.31B,6.77%,$0.13B,$2.31B,6.77%,$0.13B,$5.00B,2.77%,$0.15B,$4.74B,3.49%,$170,$63,$106,$0,$9,$120,$49,$8,$58,$0,$58,$58,$88,$101,$49,$80,83,$1.10,$1.07,$55,$0,$0,$85,$4830,$0,$0,$90,$4919,$5004,$123,$2431,$138,$2569,$2692,$1,$-648,$-1,$2312,$5004,$93,$51,$-69,$-18,$0,$0,$0,$-5,$1,$76,$-102,$0,$0,$0,$-3,$-3,$-0,$-105,$-274,$0,$-274,$436,$336,$-41,$3,$24,$-5,$3,$-41
27,2011-12-31,43.5,$21.63,2.01,$8.19,5.31,$3.23,13.46,$0.65,66.92,$0.09B,$0.12B,0.79,$2.43B,$1.83B,1.33,$0.60B,$0.37B,61.77%,$0.60B,$0.13B,21.54%,$0.60B,$0.13B,21.54%,$0.60B,$0.32B,52.92%,$0.60B,$0.02B,3.34%,$0.60B,$0.05B,8.18%,$0.05B,$1.83B,2.76%,$0.05B,$1.83B,2.76%,$0.05B,$4.62B,1.07%,$0.13B,$4.26B,3.06%,$116,$39,$78,$0,$9,$93,$23,$-13,$11,$0,$10,$10,$47,$70,$23,$73,73,$0.64,$0.63,$60,$0,$0,$91,$4443,$0,$0,$88,$4531,$4622,$116,$2432,$149,$2679,$2794,$1,$-690,$-1,$1828,$4622,$60,$188,$7,$194,$0,$0,$0,$-11,$-9,$245,$-170,$0,$19,$0,$-38,$-38,$2,$-187,$-132,$0,$-132,$118,$118,$-152,$-7,$-173,$-115,$12,$-152
28,2011-09-30,37.98,$21.20,1.79,$8.26,4.6,$6.05,6.27,$0.27,140.65,$0.09B,$0.14B,0.69,$2.43B,$1.78B,1.37,$0.60B,$0.37B,61.41%,$0.60B,$0.13B,20.97%,$0.60B,$0.13B,20.97%,$0.60B,$0.31B,52.52%,$0.60B,$0.01B,1.34%,$0.60B,$0.02B,3.19%,$0.02B,$1.78B,1.08%,$0.02B,$1.78B,1.08%,$0.02B,$4.60B,0.41%,$0.13B,$4.21B,2.95%,$164,$66,$99,$0,$9,$119,$45,$-31,$14,$0,$13,$13,$12,$91,$45,$73,74,$0.16,$0.16,$61,$0,$0,$93,$4414,$0,$0,$88,$4502,$4595,$135,$2433,$150,$2681,$2817,$1,$-701,$0,$1778,$4595,$10,$141,$33,$174,$0,$0,$0,$-10,$17,$201,$-136,$0,$19,$0,$-28,$-28,$-1,$-146,$-131,$0,$-131,$81,$81,$-113,$-7,$-169,$-114,$9,$-113
29,2011-06-30,42.96,$21.09,2.04,$8.27,5.2,$7.13,6.02,$0.13,330.47,$0.10B,$0.11B,0.93,$2.43B,$1.76B,1.38,$0.59B,$0.36B,61.09%,$0.59B,$0.11B,18.09%,$0.59B,$0.11B,18.09%,$0.59B,$0.29B,50.00%,$0.59B,$-0.00B,-0.51%,$0.59B,$0.01B,1.54%,$0.01B,$1.76B,0.52%,$0.01B,$1.76B,0.52%,$0.01B,$4.56B,0.20%,$0.11B,$4.19B,2.50%,$161,$64,$98,$0,$8,$127,$35,$-49,$-15,$0,$-15,$-15,$-17,$82,$35,$72,72,$-0.23,$-0.23,$68,$0,$0,$98,$4370,$0,$0,$90,$4461,$4559,$106,$2434,$163,$2695,$2801,$1,$-676,$0,$1758,$4559,$-4,$96,$27,$123,$0,$0,$0,$1,$-4,$115,$-48,$0,$19,$0,$-29,$-29,$1,$-58,$-130,$0,$-130,$41,$41,$-74,$-2,$-165,$-107,$6,$-74
30,2011-03-31,37.78,$21.02,1.8,$8.25,4.58,$7.28,5.19,$0.39,96.88,$0.13B,$0.10B,1.36,$2.48B,$1.74B,1.42,$0.58B,$0.35B,60.59%,$0.58B,$0.11B,18.75%,$0.58B,$0.11B,18.75%,$0.58B,$0.29B,50.52%,$0.58B,$0.02B,2.78%,$0.58B,$0.03B,4.86%,$0.03B,$1.74B,1.64%,$0.03B,$1.74B,1.64%,$0.03B,$4.58B,0.61%,$0.11B,$4.21B,2.54%,$158,$62,$95,$0,$10,$132,$26,$-16,$10,$1,$9,$9,$7,$74,$26,$72,73,$0.10,$0.10,$104,$0,$0,$134,$4357,$0,$0,$92,$4449,$4583,$99,$2475,$173,$2746,$2844,$1,$-624,$-32,$1739,$4583,$10,$48,$-2,$46,$0,$0,$0,$3,$-2,$54,$-23,$0,$19,$0,$-7,$-7,$3,$-8,$-89,$0,$-89,$4,$4,$-35,$2,$-118,$-72,$3,$-35
31,2010-12-31,35.27,$21.33,1.65,$8.24,4.28,$7.30,4.83,$0.32,110.23,$0.21B,$0.10B,2.03,$2.56B,$1.76B,1.46,$0.57B,$0.34B,60.32%,$0.57B,$0.11B,19.22%,$0.57B,$0.11B,19.22%,$0.57B,$0.29B,50.79%,$0.57B,$0.01B,1.59%,$0.57B,$0.02B,4.06%,$0.02B,$1.76B,1.38%,$0.02B,$1.76B,1.38%,$0.02B,$4.70B,0.50%,$0.11B,$4.32B,2.57%,$113,$39,$74,$0,$8,$94,$19,$-20,$-1,$0,$-2,$-2,$17,$66,$19,$69,69,$0.25,$0.25,$176,$0,$0,$211,$4382,$0,$0,$106,$4489,$4700,$104,$2564,$177,$2838,$2942,$1,$-595,$-33,$1757,$4700,$31,$179,$10,$188,$0,$0,$0,$4,$5,$224,$39,$0,$0,$0,$-6,$-6,$3,$35,$-249,$0,$-249,$233,$233,$-136,$-1,$-153,$106,$11,$-136
32,2010-09-30,30.8,$20.71,1.49,$8.74,3.52,$6.24,4.94,$-1.12,0.0,$0.15B,$0.12B,1.19,$2.54B,$1.67B,1.53,$0.59B,$0.35B,59.86%,$0.59B,$0.12B,19.73%,$0.59B,$0.12B,19.73%,$0.59B,$0.29B,50.00%,$0.59B,$-0.08B,-12.76%,$0.59B,$-0.07B,-12.41%,$-0.07B,$1.67B,-4.47%,$-0.07B,$1.67B,-4.47%,$-0.07B,$4.61B,-1.59%,$0.12B,$4.21B,2.75%,$154,$64,$91,$0,$8,$128,$26,$-23,$3,$1,$3,$3,$2,$71,$26,$69,69,$0.02,$0.02,$96,$0,$0,$146,$4355,$0,$0,$106,$4461,$4607,$123,$2542,$179,$2819,$2942,$1,$-580,$-41,$1665,$4607,$12,$132,$13,$145,$0,$0,$0,$-3,$22,$178,$-43,$0,$0,$0,$-5,$-5,$-2,$-50,$-135,$0,$-135,$136,$136,$-101,$-2,$-101,$27,$9,$-101
33,2010-06-30,25.75,$20.83,1.24,$8.85,2.91,$6.66,3.86,$-1.08,0.0,$0.20B,$0.09B,2.2,$2.57B,$1.66B,1.55,$0.59B,$0.35B,59.76%,$0.59B,$0.12B,19.86%,$0.59B,$0.12B,19.86%,$0.59B,$0.29B,49.75%,$0.59B,$-0.07B,-12.22%,$0.59B,$-0.07B,-12.05%,$-0.07B,$1.66B,-4.31%,$-0.07B,$1.66B,-4.31%,$-0.07B,$4.60B,-1.54%,$0.12B,$4.23B,2.76%,$151,$62,$89,$0,$7,$115,$37,$-33,$4,$0,$3,$3,$2,$80,$37,$68,68,$0.03,$0.03,$132,$0,$0,$202,$4305,$0,$0,$87,$4393,$4595,$92,$2572,$171,$2841,$2933,$1,$-550,$-44,$1662,$4595,$8,$87,$9,$96,$0,$0,$0,$0,$-4,$100,$-27,$0,$0,$0,$-0,$-0,$-1,$-28,$-53,$0,$-53,$106,$106,$-67,$5,$-8,$64,$6,$-67
34,2010-03-31,25.7,$20.58,1.25,$9.18,2.8,$7.23,3.55,$-0.81,0.0,$0.11B,$0.09B,1.28,$2.57B,$1.60B,1.61,$0.59B,$0.36B,60.10%,$0.59B,$0.11B,18.18%,$0.59B,$0.11B,18.18%,$0.59B,$0.29B,47.98%,$0.59B,$-0.07B,-12.29%,$0.59B,$-0.06B,-9.26%,$-0.06B,$1.60B,-3.30%,$-0.06B,$1.60B,-3.30%,$-0.06B,$4.53B,-1.18%,$0.11B,$4.17B,2.51%,$149,$62,$88,$0,$7,$123,$27,$-23,$3,$0,$3,$3,$2,$71,$27,$66,69,$0.03,$0.03,$32,$0,$0,$111,$4324,$0,$0,$93,$4417,$4528,$87,$2571,$172,$2840,$2927,$1,$-521,$-42,$1601,$4528,$4,$44,$5,$49,$0,$0,$0,$-1,$-11,$42,$-11,$0,$0,$0,$-0,$-0,$-0,$-12,$-54,$0,$-54,$17,$17,$-33,$5,$-66,$-36,$3,$-33
35,2009-12-31,25.61,$20.90,1.23,$9.82,2.61,$7.37,3.48,$-0.73,0.0,$0.15B,$0.10B,1.53,$2.63B,$1.61B,1.63,$0.60B,$0.37B,60.63%,$0.60B,$0.12B,20.27%,$0.60B,$0.12B,20.27%,$0.60B,$0.30B,49.67%,$0.60B,$-0.07B,-11.30%,$0.60B,$-0.05B,-8.47%,$-0.05B,$1.61B,-3.12%,$-0.05B,$1.61B,-3.12%,$-0.05B,$4.61B,-1.08%,$0.12B,$4.23B,2.82%,$134,$50,$84,$0,$8,$108,$26,$-111,$-85,$0,$-85,$-85,$-79,$72,$26,$62,62,$-1.27,$-1.27,$68,$0,$0,$150,$4356,$0,$0,$102,$4458,$4608,$98,$2625,$178,$2901,$2999,$1,$-493,$-41,$1609,$4608,$-44,$176,$85,$262,$0,$0,$0,$11,$0,$218,$-45,$0,$0,$0,$-23,$-23,$-2,$-70,$-208,$0,$-208,$273,$273,$-153,$-4,$-91,$57,$9,$-153
36,2009-09-30,23.82,$22.28,1.07,$10.32,2.31,$8.10,2.94,$-0.16,0.0,$0.18B,$0.12B,1.46,$2.62B,$1.72B,1.53,$0.61B,$0.37B,60.59%,$0.61B,$0.16B,26.71%,$0.61B,$0.16B,26.71%,$0.61B,$0.34B,55.21%,$0.61B,$-0.02B,-2.93%,$0.61B,$-0.01B,-1.14%,$-0.01B,$1.72B,-0.44%,$-0.01B,$1.72B,-0.44%,$-0.01B,$4.73B,-0.15%,$0.16B,$4.34B,3.77%,$155,$64,$91,$0,$8,$129,$27,$-21,$6,$0,$6,$6,$4,$70,$27,$66,67,$0.06,$0.06,$86,$0,$0,$176,$4453,$0,$0,$105,$4558,$4734,$121,$2622,$178,$2899,$3019,$1,$-383,$-45,$1715,$4734,$35,$131,$-3,$128,$0,$0,$0,$6,$22,$185,$-27,$0,$0,$0,$-23,$-23,$-1,$-50,$-211,$0,$-211,$272,$272,$-120,$-2,$-61,$74,$7,$-120
37,2009-06-30,15.96,$22.64,0.71,$10.83,1.47,$9.04,1.77,$1.09,14.64,$0.25B,$0.10B,2.66,$2.70B,$1.74B,1.55,$0.62B,$0.38B,60.68%,$0.62B,$0.17B,26.86%,$0.62B,$0.17B,26.86%,$0.62B,$0.34B,55.18%,$0.62B,$-0.01B,-2.27%,$0.62B,$0.06B,10.19%,$0.06B,$1.74B,4.05%,$0.06B,$1.74B,4.05%,$0.06B,$4.80B,1.32%,$0.17B,$4.44B,3.81%,$156,$63,$94,$0,$7,$128,$28,$-25,$3,$0,$3,$3,$18,$72,$28,$61,61,$0.30,$0.30,$163,$0,$0,$253,$4453,$0,$0,$92,$4545,$4798,$95,$2698,$166,$2962,$3057,$1,$-357,$-42,$1741,$4798,$29,$88,$-7,$81,$0,$0,$0,$5,$-4,$106,$-5,$0,$0,$0,$-0,$-0,$2,$-3,$-136,$0,$-136,$272,$272,$-86,$-2,$48,$150,$5,$-86
38,2009-03-31,12.09,$0.00,0.0,$11.07,1.09,$7.51,1.61,$1.10,10.99,$0.11B,$0.09B,1.15,$2.83B,$1.47B,1.92,$0.62B,$0.38B,61.17%,$0.62B,$0.18B,28.64%,$0.62B,$0.18B,28.64%,$0.62B,$0.35B,56.80%,$0.62B,$-0.01B,-1.13%,$0.62B,$0.06B,10.03%,$0.06B,$1.47B,4.16%,$0.06B,$1.47B,4.16%,$0.06B,$4.68B,1.30%,$0.18B,$4.30B,4.07%,$157,$61,$96,$0,$8,$116,$41,$-33,$8,$0,$8,$8,$6,$85,$41,$56,56,$0.11,$0.11,$12,$0,$0,$106,$4484,$0,$0,$85,$4569,$4675,$92,$2832,$181,$3111,$3203,$1,$-345,$-49,$1472,$4675,$9,$44,$3,$47,$0,$0,$0,$6,$-4,$51,$-19,$0,$0,$0,$-0,$-0,$10,$-9,$0,$0,$0,$0,$0,$-43,$1,$-42,$-0,$2,$-43
39,2008-12-31,16.5,$22.74,0.73,$10.99,1.5,$6.75,2.44,$1.26,13.1,$0.12B,$0.11B,1.1,$2.83B,$1.50B,1.89,$0.61B,$0.38B,61.60%,$0.61B,$0.18B,29.90%,$0.61B,$0.18B,29.90%,$0.61B,$0.36B,58.01%,$0.61B,$-0.01B,-0.98%,$0.61B,$0.07B,11.60%,$0.07B,$1.50B,4.75%,$0.07B,$1.50B,4.75%,$0.07B,$4.73B,1.47%,$0.18B,$4.33B,4.19%,$146,$55,$91,$0,$8,$78,$68,$-103,$-35,$0,$-35,$-35,$-35,$112,$68,$55,55,$-0.62,$-0.60,$13,$0,$0,$117,$4511,$0,$0,$103,$4614,$4730,$106,$2832,$192,$3123,$3229,$1,$-312,$-51,$1501,$4730,$82,$172,$-34,$138,$0,$0,$0,$-3,$-3,$217,$-23,$0,$0,$0,$-10,$-10,$-4,$-37,$37,$0,$37,$-33,$-33,$-172,$-4,$-173,$7,$8,$-172
40,2008-09-30,22.86,$0.00,0.0,$10.71,2.13,$1.46,15.69,$3.30,6.93,$0.14B,$0.13B,1.09,$2.82B,$1.51B,1.87,$0.61B,$0.38B,62.21%,$0.61B,$0.15B,24.59%,$0.61B,$0.15B,24.59%,$0.61B,$0.31B,51.49%,$0.61B,$0.05B,8.09%,$0.61B,$0.19B,30.86%,$0.19B,$1.51B,12.46%,$0.19B,$1.51B,12.46%,$0.19B,$4.83B,3.83%,$0.15B,$4.34B,3.40%,$159,$65,$94,$0,$8,$131,$29,$-18,$10,$0,$10,$10,$74,$72,$29,$55,56,$1.32,$1.30,$34,$0,$0,$138,$4583,$0,$0,$112,$4695,$4833,$127,$2824,$168,$3192,$3319,$1,$-238,$-17,$1514,$4833,$115,$129,$-80,$48,$0,$0,$0,$-1,$16,$179,$6,$0,$0,$0,$-11,$-11,$-3,$-8,$19,$0,$19,$-30,$-30,$-129,$-2,$-143,$29,$6,$-129
41,2008-06-30,21.43,$0.00,0.0,$10.42,2.06,$-5.12,0.0,$2.19,9.79,$0.11B,$0.11B,0.97,$2.94B,$1.48B,1.99,$0.60B,$0.38B,62.71%,$0.60B,$0.16B,26.76%,$0.60B,$0.16B,26.76%,$0.60B,$0.32B,54.18%,$0.60B,$0.05B,8.03%,$0.60B,$0.13B,20.90%,$0.13B,$1.48B,8.19%,$0.13B,$1.48B,8.19%,$0.13B,$4.90B,2.55%,$0.16B,$4.42B,3.65%,$156,$58,$97,$0,$8,$117,$39,$-29,$10,$0,$10,$10,$17,$82,$39,$55,56,$0.31,$0.31,$6,$0,$0,$105,$4679,$0,$0,$118,$4796,$4901,$108,$2939,$172,$3315,$3423,$1,$-272,$-16,$1479,$4901,$38,$85,$-12,$73,$0,$0,$0,$-1,$-12,$99,$-93,$0,$0,$0,$-10,$-10,$1,$-102,$117,$0,$117,$-28,$-28,$-86,$1,$3,$0,$4,$-86
42,2008-03-31,23.57,$0.00,0.0,$10.15,2.32,$-7.82,0.0,$2.59,9.1,$0.10B,$0.11B,0.95,$2.91B,$1.48B,1.97,$0.59B,$0.37B,63.01%,$0.59B,$0.16B,26.52%,$0.59B,$0.16B,26.52%,$0.59B,$0.32B,53.89%,$0.59B,$0.05B,8.78%,$0.59B,$0.15B,25.51%,$0.15B,$1.48B,9.55%,$0.15B,$1.48B,9.55%,$0.15B,$4.89B,3.09%,$0.16B,$4.39B,3.60%,$151,$56,$95,$0,$8,$105,$47,$-38,$9,$0,$8,$8,$15,$89,$47,$55,56,$0.27,$0.27,$6,$0,$0,$103,$4673,$0,$0,$116,$4789,$4892,$109,$2911,$190,$3305,$3413,$1,$-251,$-34,$1479,$4892,$16,$42,$-3,$39,$0,$0,$0,$1,$-18,$37,$-47,$0,$0,$0,$-6,$-6,$2,$-51,$84,$0,$84,$-29,$-29,$-43,$1,$14,$0,$2,$-43
43,2007-12-31,22.01,$23.40,0.94,$9.89,2.23,$-9.00,0.0,$2.54,8.67,$0.10B,$0.13B,0.79,$2.83B,$1.53B,1.85,$0.59B,$0.37B,62.99%,$0.59B,$0.15B,24.79%,$0.59B,$0.15B,24.79%,$0.59B,$0.31B,52.29%,$0.59B,$0.06B,9.51%,$0.59B,$0.15B,25.30%,$0.15B,$1.53B,9.08%,$0.15B,$1.53B,9.08%,$0.15B,$4.89B,3.08%,$0.15B,$4.36B,3.38%,$140,$49,$91,$0,$9,$106,$34,$-14,$20,$0,$20,$20,$81,$69,$34,$58,59,$1.40,$1.37,$7,$0,$0,$104,$4659,$0,$0,$127,$4786,$4891,$132,$2828,$179,$3227,$3359,$1,$-227,$-16,$1531,$4891,$174,$161,$-98,$63,$0,$0,$0,$5,$-13,$223,$-329,$0,$0,$0,$1,$1,$-18,$-347,$504,$0,$504,$-197,$-197,$-178,$-5,$124,$-0,$8,$-178
44,2007-09-30,28.52,$0.00,0.0,$9.55,2.99,$-4.13,0.0,$1.66,17.18,$0.10B,$0.15B,0.67,$2.76B,$1.62B,1.71,$0.57B,$0.36B,62.98%,$0.57B,$0.13B,23.51%,$0.57B,$0.13B,23.51%,$0.57B,$0.30B,51.93%,$0.57B,$0.04B,7.02%,$0.57B,$0.10B,17.37%,$0.10B,$1.62B,5.85%,$0.10B,$1.62B,5.85%,$0.10B,$4.91B,2.08%,$0.13B,$4.38B,3.16%,$151,$59,$92,$0,$8,$111,$40,$-31,$9,$0,$9,$9,$12,$84,$40,$58,59,$0.20,$0.20,$7,$0,$0,$103,$4676,$0,$0,$130,$4806,$4909,$153,$2764,$161,$3139,$3291,$1,$-270,$0,$1617,$4909,$67,$126,$-18,$107,$0,$0,$0,$6,$10,$185,$-377,$0,$0,$0,$-3,$-3,$-18,$-399,$433,$0,$433,$-82,$-82,$-134,$-4,$214,$0,$5,$-134
45,2007-06-30,29.1,$0.00,0.0,$9.44,3.08,$2.32,12.57,$3.53,8.24,$0.12B,$0.16B,0.73,$2.63B,$1.70B,1.55,$0.57B,$0.36B,62.74%,$0.57B,$0.12B,21.79%,$0.57B,$0.12B,21.79%,$0.57B,$0.29B,50.09%,$0.57B,$0.13B,22.14%,$0.57B,$0.21B,37.26%,$0.21B,$1.70B,12.32%,$0.21B,$1.70B,12.32%,$0.21B,$4.86B,4.54%,$0.12B,$4.33B,2.99%,$150,$55,$95,$0,$8,$113,$36,$-23,$14,$0,$13,$13,$43,$77,$36,$59,60,$0.72,$0.71,$23,$0,$0,$116,$4609,$0,$0,$137,$4745,$4861,$159,$2631,$161,$3006,$3165,$1,$-242,$0,$1696,$4861,$56,$82,$-19,$63,$0,$0,$0,$-4,$-8,$110,$-266,$0,$0,$0,$-4,$-4,$-31,$-300,$300,$0,$300,$-17,$-17,$-88,$-3,$192,$2,$3,$-88
46,2007-03-31,29.94,$0.00,0.0,$9.49,3.16,$4.11,7.28,$3.43,8.73,$0.10B,$0.13B,0.77,$2.47B,$1.72B,1.43,$0.56B,$0.35B,62.59%,$0.56B,$0.12B,21.28%,$0.56B,$0.12B,21.28%,$0.56B,$0.28B,50.35%,$0.56B,$0.12B,21.28%,$0.56B,$0.20B,36.17%,$0.20B,$1.72B,11.95%,$0.20B,$1.72B,11.95%,$0.20B,$4.68B,4.41%,$0.12B,$4.19B,2.91%,$148,$55,$93,$0,$8,$111,$36,$-23,$13,$2,$11,$11,$13,$78,$36,$59,60,$0.22,$0.22,$7,$0,$0,$97,$4464,$0,$0,$118,$4583,$4680,$127,$2467,$156,$2833,$2959,$1,$-244,$0,$1720,$4680,$13,$41,$2,$44,$0,$0,$0,$5,$-18,$39,$-120,$0,$0,$0,$0,$0,$-11,$-131,$135,$0,$135,$1,$1,$-43,$-0,$93,$0,$2,$-43
47,2006-12-31,30.83,$26.68,1.16,$9.65,3.19,$4.47,6.9,$3.96,7.79,$0.09B,$0.15B,0.58,$2.33B,$1.73B,1.34,$0.56B,$0.35B,62.46%,$0.56B,$0.12B,22.06%,$0.56B,$0.12B,22.06%,$0.56B,$0.29B,51.07%,$0.56B,$0.12B,21.17%,$0.56B,$0.23B,41.28%,$0.23B,$1.73B,14.29%,$0.23B,$1.73B,14.29%,$0.23B,$4.59B,5.03%,$0.12B,$4.07B,3.02%,$121,$42,$79,$0,$12,$99,$22,$-17,$4,$0,$4,$4,$31,$57,$22,$57,60,$0.58,$0.53,$6,$0,$0,$85,$4379,$0,$0,$121,$4501,$4586,$148,$2331,$149,$2704,$2852,$1,$-214,$0,$1734,$4586,$233,$164,$-166,$-3,$0,$0,$0,$-16,$1,$232,$-49,$0,$0,$0,$46,$46,$-50,$-52,$-272,$0,$-272,$259,$259,$-166,$-0,$-180,$-1,$12,$-166
