,Date,Stock Price,Book Value per Share,Price to Book Ratio,TTM Sales per Share,Price to Sales Ratio,TTM FCF per Share,Price to FCF Ratio,TTM Net EPS,PE Ratio,Current Assets,Current Liabilities,Current Ratio,Long Term Debt,Shareholder's Equity_x,Debt to Equity Ratio,TTM Revenue_x,TTM Gross Profit,Gross Margin,TTM Revenue_y,TTM Operating Income,Operating Margin,TTM Revenue_x,TTM EBIT,EBIT Margin,TTM Revenue_y,TTM EBITDA,EBITDA Margin,TTM Revenue_x,TTM Pre-Tax Income,Pre-Tax Margin,TTM Revenue_y,TTM Net Income_x,Net Margin,TTM Net Income_y,Shareholder's Equity_y,Return on Equity,TTM Net Income_x,Tangible Equity,Return on Tangible Equity,TTM Net Income_y,Total Assets,Return on Assets,TTM Net Income,LT Investments & Debt,Return on Investment,revenue,cost-goods-sold,gross-profit,research-development-expenses,selling-general-administrative-expenses,operating-expenses,operating-income,total-non-operating-income-expense,pre-tax-income,total-provision-income-taxes,income-after-taxes,income-from-continuous-operations,net-income,ebitda,ebit,basic-shares-outstanding,shares-outstanding,eps-basic-net-earnings-per-share,eps-earnings-per-share-diluted,cash-on-hand,inventory,other-current-assets,total-current-assets,net-property-plant-equipment,long-term-investments,goodwill-intangible-assets-total,other-long-term-assets,total-long-term-assets,total-assets,total-current-liabilities,long-term-debt,other-non-current-liabilities,total-long-term-liabilities,total-liabilities,common-stock-net,retained-earnings-accumulated-deficit,comprehensive-income,total-share-holder-equity,total-liabilities-share-holders-equity,net-income-loss,total-depreciation-amortization-cash-flow,other-non-cash-items,total-non-cash-items,change-in-accounts-receivable,change-in-inventories,change-in-accounts-payable,change-in-assets-liabilities,total-change-in-assets-liabilities,cash-flow-from-operating-activities,net-change-in-property-plant-equipment,net-change-in-intangible-assets,net-acquisitions-divestitures,net-change-in-short-term-investments,net-change-in-long-term-investments,net-change-in-investments-total,investing-activities-other,cash-flow-from-investing-activities,net-long-term-debt,net-current-debt,debt-issuance-retirement-net-total,net-common-equity-issued-repurchased,net-total-equity-issued-repurchased,total-common-preferred-stock-dividends-paid,financial-activities-other,cash-flow-from-financial-activities,net-cash-flow,stock-based-compensation,common-stock-dividends-paid
0,2018-09-30,98.35,$25.61,3.84,$52.86,1.86,$9.45,10.41,$3.56,27.63,$1.40B,$0.84B,1.68,$0.94B,$1.53B,0.61,$3.22B,$1.15B,35.81%,$3.22B,$0.43B,13.42%,$3.22B,$0.43B,13.42%,$3.22B,$0.53B,16.58%,$3.22B,$0.39B,12.11%,$3.22B,$0.22B,6.77%,$0.22B,$1.53B,15.10%,$0.22B,$-0.37B,-57.48%,$0.22B,$4.11B,5.34%,$0.43B,$2.47B,18.62%,$856,$545,$311,$0,$180,$732,$124,$-6,$118,$21,$97,$97,$97,$152,$124,$60,61,$1.62,$1.59,$324,$412,$78,$1403,$595,$0,$1899,$124,$2707,$4110,$835,$938,$556,$1746,$2581,$72,$2004,$-393,$1530,$4110,$246,$84,$-79,$6,$-39,$-31,$-29,$-12,$-41,$222,$-74,$0,$-648,$0,$0,$0,$0,$-722,$103,$106,$210,$-13,$-13,$-63,$-5,$129,$-383,$16,$-63
1,2018-06-30,80.13,$24.28,3.3,$50.37,1.59,$9.34,8.58,$3.10,25.85,$1.37B,$0.86B,1.6,$0.94B,$1.45B,0.65,$3.06B,$1.10B,35.82%,$3.06B,$0.41B,13.40%,$3.06B,$0.41B,13.40%,$3.06B,$0.50B,16.44%,$3.06B,$0.37B,12.06%,$3.06B,$0.19B,6.18%,$0.19B,$1.45B,13.42%,$0.19B,$-0.49B,-60.63%,$0.19B,$4.12B,4.78%,$0.41B,$2.38B,18.32%,$851,$546,$305,$0,$189,$738,$113,$-8,$105,$24,$81,$81,$81,$141,$113,$60,61,$1.35,$1.32,$318,$412,$77,$1374,$582,$0,$1937,$117,$2747,$4121,$861,$937,$577,$1813,$2674,$72,$1928,$-387,$1447,$4121,$149,$56,$-41,$15,$-17,$-32,$-22,$-12,$-46,$131,$-44,$0,$-672,$0,$0,$0,$0,$-716,$100,$171,$271,$-20,$-20,$-42,$-5,$204,$-388,$11,$-42
2,2018-03-31,92.36,$24.20,3.82,$48.06,1.92,$8.72,10.59,$2.92,31.63,$1.64B,$0.91B,1.8,$1.14B,$1.45B,0.79,$2.91B,$1.05B,36.02%,$2.91B,$0.40B,13.84%,$2.91B,$0.40B,13.84%,$2.91B,$0.49B,16.69%,$2.91B,$0.36B,12.50%,$2.91B,$0.18B,6.08%,$0.18B,$1.45B,12.83%,$0.18B,$-0.52B,-77.29%,$0.18B,$4.49B,4.65%,$0.40B,$2.59B,18.65%,$799,$521,$278,$0,$178,$705,$94,$-10,$84,$16,$69,$69,$69,$122,$94,$60,61,$1.15,$1.13,$642,$407,$70,$1637,$594,$0,$1971,$120,$2854,$4491,$912,$1139,$616,$2130,$3042,$72,$1868,$-345,$1448,$4491,$69,$28,$5,$33,$50,$-13,$-54,$-4,$-30,$74,$-27,$0,$-672,$0,$0,$0,$0,$-700,$300,$273,$573,$5,$5,$-21,$-5,$551,$-64,$6,$-21
3,2017-12-31,88.52,$22.70,3.9,$46.13,1.92,$7.85,11.28,$2.84,31.17,$1.52B,$0.84B,1.81,$0.49B,$1.35B,0.37,$2.79B,$1.02B,36.43%,$2.79B,$0.40B,14.43%,$2.79B,$0.40B,14.43%,$2.79B,$0.48B,17.05%,$2.79B,$0.37B,13.21%,$2.79B,$0.17B,6.14%,$0.17B,$1.35B,12.90%,$0.17B,$-0.14B,-114.38%,$0.17B,$3.59B,4.82%,$0.40B,$1.84B,20.01%,$714,$456,$259,$0,$140,$614,$101,$-18,$83,$112,$-29,$-29,$-29,$119,$101,$59,60,$-0.48,$-0.48,$706,$349,$20,$1519,$282,$0,$1484,$115,$2075,$3594,$838,$494,$628,$1408,$2245,$72,$1813,$-380,$1349,$3594,$172,$73,$29,$101,$-10,$6,$18,$1,$54,$318,$-27,$0,$-60,$0,$0,$0,$0,$-87,$0,$0,$0,$0,$0,$-78,$-3,$-81,$197,$22,$-78
4,2017-09-30,79.05,$23.44,3.37,$45.79,1.73,$7.55,10.48,$2.23,35.45,$1.42B,$0.54B,2.66,$0.75B,$1.39B,0.54,$2.75B,$1.00B,36.46%,$2.75B,$0.21B,7.59%,$2.75B,$0.21B,7.59%,$2.75B,$0.28B,10.20%,$2.75B,$0.18B,6.68%,$2.75B,$0.14B,4.94%,$0.14B,$1.39B,10.67%,$0.14B,$-0.10B,-72.63%,$0.14B,$3.61B,3.88%,$0.21B,$2.14B,10.34%,$696,$442,$254,$0,$152,$594,$102,$-5,$97,$29,$69,$69,$68,$121,$102,$60,60,$1.15,$1.13,$572,$376,$19,$1423,$292,$0,$1491,$104,$2184,$3607,$535,$746,$655,$1682,$2217,$72,$1862,$-385,$1390,$3607,$201,$54,$-34,$20,$-22,$-17,$-23,$1,$-38,$174,$-34,$0,$-55,$0,$0,$0,$0,$-89,$0,$0,$0,$-4,$-4,$-59,$0,$-63,$63,$17,$-59
5,2017-06-30,78.1,$22.35,3.5,$45.96,1.7,$7.43,10.51,$2.17,35.99,$1.35B,$0.49B,2.78,$0.75B,$1.33B,0.56,$2.75B,$1.00B,36.16%,$2.75B,$0.21B,7.67%,$2.75B,$0.21B,7.67%,$2.75B,$0.28B,10.21%,$2.75B,$0.18B,6.61%,$2.75B,$0.13B,4.80%,$0.13B,$1.33B,10.49%,$0.13B,$-0.16B,-65.75%,$0.13B,$3.53B,3.82%,$0.21B,$2.08B,10.53%,$703,$444,$258,$0,$150,$597,$106,$-6,$100,$30,$69,$69,$69,$124,$106,$60,61,$1.16,$1.14,$509,$368,$21,$1352,$287,$0,$1490,$98,$2182,$3534,$487,$746,$686,$1716,$2203,$72,$1813,$-413,$1331,$3534,$132,$36,$-18,$18,$-26,$-13,$-21,$-1,$-83,$70,$-21,$0,$-54,$0,$0,$0,$0,$-75,$0,$0,$0,$18,$18,$-39,$0,$-22,$-0,$11,$-39
6,2017-03-31,73.31,$20.72,3.54,$46.38,1.58,$7.05,10.4,$2.18,33.63,$1.32B,$0.48B,2.72,$0.75B,$1.23B,0.61,$2.76B,$1.00B,36.22%,$2.76B,$0.21B,7.53%,$2.76B,$0.21B,7.53%,$2.76B,$0.28B,10.03%,$2.76B,$0.18B,6.37%,$2.76B,$0.13B,4.74%,$0.13B,$1.23B,10.54%,$0.13B,$-0.20B,-60.93%,$0.13B,$3.45B,3.82%,$0.21B,$1.98B,10.46%,$673,$430,$244,$0,$151,$580,$93,$-5,$88,$25,$63,$63,$63,$111,$93,$59,60,$1.06,$1.05,$505,$357,$20,$1319,$281,$0,$1437,$98,$2133,$3451,$484,$746,$704,$1735,$2219,$72,$1763,$-452,$1232,$3451,$63,$17,$-15,$2,$-20,$-12,$-25,$0,$-63,$4,$-10,$0,$0,$0,$0,$0,$0,$-10,$0,$0,$0,$13,$13,$-20,$0,$-7,$-5,$6,$-20
7,2016-12-31,70.34,$19.43,3.62,$46.42,1.52,$6.66,10.55,$2.06,34.14,$1.32B,$0.52B,2.53,$0.75B,$1.15B,0.65,$2.75B,$0.99B,36.03%,$2.75B,$0.20B,7.31%,$2.75B,$0.20B,7.31%,$2.75B,$0.27B,9.75%,$2.75B,$0.17B,6.00%,$2.75B,$0.12B,4.48%,$0.12B,$1.15B,9.91%,$0.12B,$-0.29B,-53.25%,$0.12B,$3.43B,3.60%,$0.20B,$1.89B,10.12%,$682,$434,$248,$0,$147,$773,$-92,$-10,$-101,$-38,$-64,$-64,$-64,$-75,$-92,$59,59,$-1.11,$-1.08,$510,$343,$20,$1316,$279,$0,$1431,$95,$2112,$3428,$521,$745,$725,$1762,$2282,$72,$1720,$-476,$1146,$3428,$123,$67,$116,$184,$-6,$25,$6,$-2,$27,$318,$-51,$0,$0,$0,$0,$0,$0,$-51,$0,$-50,$-50,$26,$26,$-77,$0,$-100,$146,$22,$-77
8,2016-09-30,61.19,$22.59,2.71,$46.50,1.32,$5.45,11.22,$4.26,14.36,$1.31B,$0.56B,2.35,$0.75B,$1.32B,0.56,$2.75B,$0.98B,35.71%,$2.75B,$0.40B,14.42%,$2.75B,$0.40B,14.42%,$2.75B,$0.46B,16.89%,$2.75B,$0.36B,13.11%,$2.75B,$0.25B,9.17%,$0.25B,$1.32B,20.28%,$0.25B,$-0.15B,-103.70%,$0.25B,$3.41B,7.43%,$0.40B,$2.07B,19.93%,$694,$449,$245,$0,$141,$590,$104,$-9,$95,$31,$64,$64,$64,$121,$104,$59,59,$1.09,$1.07,$436,$372,$19,$1310,$283,$0,$1478,$112,$2099,$3409,$557,$745,$511,$1529,$2085,$72,$1803,$-360,$1324,$3409,$187,$51,$-30,$21,$-33,$1,$-21,$-2,$-34,$168,$-38,$0,$0,$0,$0,$0,$0,$-38,$0,$-16,$-16,$10,$10,$-58,$0,$-64,$73,$17,$-58
9,2016-06-30,54.8,$21.75,2.52,$46.20,1.19,$4.78,11.48,$4.16,13.17,$1.31B,$0.60B,2.18,$0.75B,$1.27B,0.59,$2.72B,$0.97B,35.77%,$2.72B,$0.39B,14.14%,$2.72B,$0.39B,14.14%,$2.72B,$0.45B,16.60%,$2.72B,$0.35B,12.82%,$2.72B,$0.25B,9.00%,$0.25B,$1.27B,20.61%,$0.25B,$-0.22B,-80.99%,$0.25B,$3.43B,7.22%,$0.39B,$2.02B,19.90%,$712,$449,$263,$0,$161,$610,$103,$-9,$94,$25,$68,$68,$68,$120,$103,$58,59,$1.17,$1.15,$409,$389,$21,$1309,$282,$0,$1486,$109,$2124,$3432,$602,$745,$539,$1561,$2163,$72,$1759,$-356,$1270,$3432,$123,$34,$-16,$19,$-38,$-15,$-18,$-4,$-81,$52,$-26,$0,$0,$0,$0,$0,$0,$-26,$0,$51,$51,$2,$2,$-39,$0,$15,$45,$11,$-39
10,2016-03-31,51.74,$21.01,2.46,$46.27,1.12,$4.81,10.76,$3.96,13.07,$1.26B,$0.58B,2.18,$0.75B,$1.23B,0.61,$2.72B,$0.95B,34.97%,$2.72B,$0.37B,13.67%,$2.72B,$0.37B,13.67%,$2.72B,$0.44B,16.16%,$2.72B,$0.34B,12.38%,$2.72B,$0.23B,8.56%,$0.23B,$1.23B,20.36%,$0.23B,$-0.27B,-65.54%,$0.23B,$3.40B,6.87%,$0.37B,$1.97B,19.67%,$660,$426,$234,$0,$149,$575,$86,$-9,$77,$21,$55,$55,$55,$102,$86,$58,59,$0.95,$0.93,$354,$402,$20,$1255,$280,$0,$1493,$106,$2140,$3395,$576,$745,$566,$1595,$2170,$72,$1710,$-343,$1225,$3395,$55,$17,$-4,$13,$-29,$-22,$-26,$-3,$-82,$-18,$-11,$0,$0,$0,$0,$0,$0,$-11,$0,$29,$29,$-1,$-1,$-19,$0,$8,$-10,$6,$-19
11,2015-12-31,45.64,$19.80,2.3,$46.59,0.98,$4.95,9.22,$3.90,11.7,$1.20B,$0.57B,2.1,$0.75B,$1.15B,0.65,$2.74B,$0.96B,34.84%,$2.74B,$0.37B,13.57%,$2.74B,$0.37B,13.57%,$2.74B,$0.44B,16.09%,$2.74B,$0.34B,12.26%,$2.74B,$0.23B,8.35%,$0.23B,$1.15B,20.94%,$0.23B,$-0.33B,-55.62%,$0.23B,$3.34B,6.76%,$0.37B,$1.90B,20.20%,$681,$442,$239,$0,$135,$577,$103,$-9,$94,$29,$66,$66,$65,$121,$103,$58,59,$1.12,$1.10,$364,$377,$18,$1204,$276,$0,$1485,$101,$2133,$3337,$573,$745,$583,$1613,$2186,$72,$1674,$-377,$1151,$3337,$229,$67,$-15,$52,$-2,$-23,$3,$-3,$-16,$229,$-35,$0,$0,$0,$0,$0,$0,$-35,$0,$-51,$-51,$-16,$-16,$-77,$0,$-144,$17,$21,$-77
12,2015-09-30,44.19,$19.13,2.31,$47.27,0.93,$5.51,8.03,$3.74,11.82,$1.24B,$0.65B,1.9,$0.75B,$1.11B,0.68,$2.79B,$0.97B,34.58%,$2.79B,$0.36B,12.86%,$2.79B,$0.36B,12.86%,$2.79B,$0.43B,15.30%,$2.79B,$0.33B,11.68%,$2.79B,$0.22B,7.88%,$0.22B,$1.11B,20.49%,$0.22B,$-0.39B,-49.24%,$0.22B,$3.40B,6.44%,$0.36B,$1.86B,19.69%,$670,$432,$238,$0,$141,$577,$93,$-9,$84,$27,$57,$57,$57,$109,$93,$58,59,$0.98,$0.97,$335,$402,$19,$1240,$280,$0,$1503,$100,$2162,$3403,$652,$749,$602,$1640,$2292,$72,$1628,$-363,$1110,$3403,$164,$50,$-20,$30,$-32,$-44,$-2,$-5,$-47,$116,$-26,$0,$0,$0,$0,$0,$0,$-26,$0,$-3,$-3,$-18,$-18,$-57,$-0,$-78,$-11,$16,$-57
13,2015-06-30,55.33,$18.81,2.94,$48.02,1.15,$5.42,10.2,$3.24,17.08,$1.22B,$0.66B,1.87,$0.75B,$1.09B,0.69,$2.85B,$0.98B,34.34%,$2.85B,$0.31B,11.03%,$2.85B,$0.31B,11.03%,$2.85B,$0.38B,13.48%,$2.85B,$0.28B,9.87%,$2.85B,$0.19B,6.71%,$0.19B,$1.09B,17.14%,$0.19B,$-0.43B,-44.47%,$0.19B,$3.43B,5.53%,$0.31B,$1.84B,16.85%,$711,$471,$241,$0,$142,$621,$90,$-9,$82,$26,$56,$56,$56,$108,$90,$58,59,$0.96,$0.95,$326,$388,$20,$1224,$283,$0,$1519,$101,$2204,$3428,$656,$749,$624,$1681,$2336,$72,$1591,$-339,$1092,$3428,$107,$34,$-16,$18,$-28,$-24,$-14,$-5,$-55,$46,$-18,$0,$0,$0,$0,$0,$0,$-18,$0,$22,$22,$-18,$-18,$-38,$-0,$-35,$-20,$11,$-38
14,2015-03-31,58.48,$17.63,3.32,$48.47,1.21,$5.38,10.87,$3.29,17.78,$1.18B,$0.66B,1.79,$0.75B,$1.02B,0.73,$2.89B,$1.00B,34.60%,$2.89B,$0.32B,11.15%,$2.89B,$0.32B,11.15%,$2.89B,$0.39B,13.58%,$2.89B,$0.29B,9.91%,$2.89B,$0.20B,6.75%,$0.20B,$1.02B,16.63%,$0.20B,$-0.49B,-48.63%,$0.20B,$3.39B,5.56%,$0.32B,$1.77B,16.75%,$679,$442,$237,$0,$149,$593,$86,$-10,$76,$25,$51,$51,$51,$103,$86,$58,59,$0.88,$0.87,$297,$378,$18,$1183,$281,$0,$1515,$95,$2205,$3387,$662,$749,$643,$1704,$2365,$72,$1554,$-368,$1022,$3387,$51,$17,$-5,$12,$-38,$-20,$-13,$-4,$-57,$-12,$-9,$0,$0,$0,$0,$0,$0,$-9,$0,$27,$27,$-18,$-18,$-19,$1,$-10,$-49,$6,$-19
15,2014-12-31,54.74,$18.42,2.97,$48.99,1.12,$5.26,10.42,$3.24,16.9,$1.20B,$0.64B,1.87,$0.75B,$1.07B,0.7,$2.93B,$1.02B,34.74%,$2.93B,$0.32B,10.87%,$2.93B,$0.32B,10.87%,$2.93B,$0.39B,13.40%,$2.93B,$0.28B,9.64%,$2.93B,$0.19B,6.60%,$0.19B,$1.07B,15.67%,$0.19B,$-0.47B,-51.57%,$0.19B,$3.45B,5.44%,$0.32B,$1.82B,16.05%,$731,$482,$249,$0,$144,$641,$90,$-6,$84,$27,$57,$57,$56,$107,$90,$59,60,$0.96,$0.94,$346,$370,$15,$1195,$290,$0,$1545,$98,$2256,$3451,$640,$749,$666,$1740,$2380,$72,$1522,$-299,$1071,$3451,$193,$76,$14,$90,$25,$-17,$8,$2,$23,$264,$-34,$0,$8,$0,$0,$0,$0,$-26,$0,$-25,$-25,$-42,$-42,$-74,$8,$-133,$76,$21,$-74
16,2014-09-30,58.64,$21.56,2.72,$48.32,1.21,$4.97,11.79,$3.13,18.74,$1.23B,$0.66B,1.86,$0.75B,$1.27B,0.59,$2.88B,$0.99B,34.57%,$2.88B,$0.31B,10.82%,$2.88B,$0.31B,10.82%,$2.88B,$0.39B,13.39%,$2.88B,$0.28B,9.70%,$2.88B,$0.19B,6.50%,$0.19B,$1.27B,14.75%,$0.19B,$-0.32B,-50.99%,$0.19B,$3.55B,5.23%,$0.31B,$2.02B,15.42%,$727,$476,$251,$0,$200,$680,$48,$-9,$39,$11,$28,$28,$28,$66,$48,$59,60,$0.48,$0.47,$302,$409,$18,$1226,$295,$0,$1595,$130,$2328,$3554,$658,$749,$682,$1624,$2282,$72,$1485,$-106,$1272,$3554,$137,$58,$-1,$57,$-8,$-51,$-1,$-0,$-47,$113,$-27,$0,$8,$0,$0,$0,$0,$-19,$-11,$0,$-11,$9,$9,$-55,$8,$-49,$31,$16,$-55
17,2014-06-30,68.66,$22.49,3.05,$46.98,1.46,$4.76,14.42,$3.63,18.92,$1.26B,$0.70B,1.81,$0.75B,$1.33B,0.57,$2.79B,$0.96B,34.42%,$2.79B,$0.35B,12.63%,$2.79B,$0.35B,12.63%,$2.79B,$0.42B,15.08%,$2.79B,$0.32B,11.56%,$2.79B,$0.22B,7.75%,$0.22B,$1.33B,17.60%,$0.22B,$-0.31B,-89.91%,$0.22B,$3.63B,6.35%,$0.35B,$2.08B,19.14%,$750,$488,$262,$0,$159,$653,$98,$-11,$87,$27,$60,$60,$60,$116,$98,$59,60,$1.01,$1.00,$314,$402,$18,$1261,$306,$0,$1640,$117,$2372,$3633,$699,$749,$645,$1608,$2307,$72,$1476,$-37,$1326,$3633,$108,$40,$-27,$13,$-26,$-32,$5,$-1,$-54,$45,$-20,$0,$8,$0,$0,$0,$0,$-11,$28,$0,$28,$8,$8,$-35,$8,$8,$44,$11,$-35
18,2014-03-31,65.43,$21.41,3.06,$45.46,1.44,$4.31,15.18,$3.56,18.38,$1.17B,$0.68B,1.72,$0.75B,$1.26B,0.6,$2.69B,$0.92B,34.26%,$2.69B,$0.34B,12.77%,$2.69B,$0.34B,12.77%,$2.69B,$0.41B,15.12%,$2.69B,$0.32B,11.84%,$2.69B,$0.21B,7.86%,$0.21B,$1.26B,18.31%,$0.21B,$-0.39B,-156.88%,$0.21B,$3.55B,6.57%,$0.34B,$2.01B,20.46%,$717,$463,$254,$0,$158,$635,$82,$-10,$72,$23,$49,$49,$49,$103,$82,$59,60,$0.83,$0.82,$250,$389,$19,$1170,$304,$0,$1645,$111,$2383,$3553,$681,$749,$666,$1613,$2294,$72,$1434,$-50,$1259,$3553,$49,$22,$-10,$12,$-17,$-22,$-15,$-1,$-69,$-19,$-9,$0,$0,$0,$0,$0,$0,$-9,$18,$0,$18,$4,$4,$-18,$5,$9,$-20,$6,$-18
19,2013-12-31,61.58,$20.88,2.95,$44.16,1.39,$4.34,14.18,$3.73,16.51,$1.15B,$0.67B,1.72,$0.75B,$1.22B,0.62,$2.60B,$0.88B,34.05%,$2.60B,$0.35B,13.41%,$2.60B,$0.35B,13.41%,$2.60B,$0.40B,15.52%,$2.60B,$0.33B,12.60%,$2.60B,$0.22B,8.47%,$0.22B,$1.22B,20.36%,$0.22B,$-0.44B,-871.29%,$0.22B,$3.56B,7.25%,$0.35B,$1.96B,22.93%,$681,$455,$227,$0,$144,$598,$83,$-3,$81,$31,$50,$50,$50,$100,$83,$58,59,$0.85,$0.84,$271,$369,$18,$1149,$305,$0,$1658,$112,$2411,$3560,$669,$749,$700,$1676,$2345,$72,$1403,$-49,$1215,$3560,$220,$55,$-3,$51,$-43,$28,$18,$3,$-27,$239,$-29,$0,$-795,$0,$0,$0,$0,$-824,$475,$-0,$475,$25,$25,$-67,$0,$433,$-153,$23,$-67
20,2013-09-30,56.2,$19.08,2.94,$43.38,1.3,$4.40,12.77,$3.68,15.27,$1.22B,$0.59B,2.06,$0.20B,$1.11B,0.18,$2.55B,$0.87B,34.15%,$2.55B,$0.34B,13.40%,$2.55B,$0.34B,13.40%,$2.55B,$0.39B,15.44%,$2.55B,$0.32B,12.42%,$2.55B,$0.22B,8.49%,$0.22B,$1.11B,21.41%,$0.22B,$0.18B,261.03%,$0.22B,$2.86B,7.53%,$0.34B,$1.31B,25.11%,$638,$421,$216,$0,$127,$549,$89,$-7,$82,$25,$57,$57,$57,$101,$89,$58,59,$0.98,$0.97,$403,$361,$15,$1220,$260,$0,$926,$83,$1638,$2858,$593,$199,$703,$1156,$1749,$72,$1371,$-113,$1109,$2858,$170,$38,$-22,$16,$-43,$-10,$-6,$0,$-89,$91,$-19,$0,$0,$0,$0,$0,$0,$-19,$-200,$123,$-77,$24,$24,$-50,$6,$-97,$-21,$16,$-50
21,2013-06-30,54.33,$17.68,3.07,$43.74,1.24,$4.24,12.82,$3.70,14.68,$1.23B,$0.46B,2.66,$0.40B,$1.03B,0.39,$2.55B,$0.87B,34.20%,$2.55B,$0.34B,13.28%,$2.55B,$0.34B,13.28%,$2.55B,$0.39B,15.35%,$2.55B,$0.31B,12.30%,$2.55B,$0.22B,8.46%,$0.22B,$1.03B,22.39%,$0.22B,$0.11B,621.58%,$0.22B,$2.87B,7.52%,$0.34B,$1.43B,24.86%,$649,$426,$223,$0,$134,$560,$89,$-6,$83,$27,$55,$55,$55,$102,$89,$58,59,$0.95,$0.93,$421,$358,$15,$1231,$258,$0,$917,$82,$1641,$2872,$463,$399,$732,$1384,$1846,$72,$1331,$-146,$1026,$2872,$113,$26,$-16,$9,$-49,$-13,$-11,$-0,$-114,$11,$-12,$0,$0,$0,$0,$0,$0,$-12,$13,$0,$13,$20,$20,$-32,$5,$6,$-3,$10,$-32
22,2013-03-31,50.41,$16.85,2.99,$43.93,1.15,$4.33,11.64,$3.84,13.13,$1.19B,$0.46B,2.58,$0.40B,$0.97B,0.41,$2.56B,$0.87B,34.04%,$2.56B,$0.32B,12.45%,$2.56B,$0.32B,12.45%,$2.56B,$0.38B,14.64%,$2.56B,$0.29B,11.48%,$2.56B,$0.22B,8.74%,$0.22B,$0.97B,23.97%,$0.22B,$0.05B,-29866.67%,$0.22B,$2.85B,7.81%,$0.32B,$1.37B,23.92%,$628,$410,$218,$0,$131,$541,$87,$-6,$81,$23,$58,$58,$58,$100,$87,$57,58,$1.01,$0.99,$385,$360,$16,$1185,$260,$0,$922,$84,$1665,$2850,$459,$399,$757,$1418,$1877,$72,$1293,$-146,$973,$2850,$58,$13,$1,$14,$-39,$-13,$-5,$-1,$-99,$-20,$-5,$0,$0,$0,$0,$0,$0,$-5,$0,$0,$0,$10,$10,$-16,$3,$-3,$-39,$5,$-16
23,2012-12-31,41.54,$16.24,2.56,$44.15,0.94,$3.92,10.59,$3.73,11.14,$1.18B,$0.51B,2.31,$0.40B,$0.93B,0.43,$2.58B,$0.87B,33.72%,$2.58B,$0.31B,12.02%,$2.58B,$0.31B,12.02%,$2.58B,$0.37B,14.26%,$2.58B,$0.29B,11.05%,$2.58B,$0.22B,8.45%,$0.22B,$0.93B,23.82%,$0.22B,$-0.01B,-681.25%,$0.22B,$2.89B,7.60%,$0.31B,$1.33B,23.59%,$630,$418,$212,$0,$132,$554,$76,$-6,$70,$24,$46,$46,$46,$90,$76,$57,58,$0.81,$0.78,$424,$353,$15,$1181,$268,$0,$940,$84,$1709,$2890,$512,$399,$781,$1451,$1963,$72,$1251,$-128,$927,$2890,$217,$57,$-16,$41,$-3,$9,$-12,$-2,$2,$235,$-23,$0,$54,$0,$0,$0,$0,$31,$0,$0,$0,$-37,$-37,$-62,$4,$-95,$179,$17,$-62
24,2012-09-30,35.6,$16.39,2.17,$43.64,0.82,$2.31,15.39,$0.78,45.65,$1.13B,$0.52B,2.17,$0.40B,$0.93B,0.43,$2.56B,$0.86B,33.45%,$2.56B,$0.04B,1.52%,$2.56B,$0.04B,1.52%,$2.56B,$0.10B,3.83%,$2.56B,$0.01B,0.51%,$2.56B,$0.05B,1.84%,$0.05B,$0.93B,5.29%,$0.05B,$-0.01B,-72.03%,$0.05B,$2.87B,1.64%,$0.04B,$1.33B,3.03%,$646,$426,$220,$0,$133,$559,$87,$-6,$80,$24,$56,$56,$57,$100,$87,$57,58,$1.00,$0.99,$281,$367,$17,$1132,$271,$0,$942,$92,$1740,$2873,$521,$399,$797,$1418,$1940,$72,$1221,$-82,$933,$2873,$171,$43,$-39,$4,$-65,$-6,$-21,$-4,$-79,$79,$-18,$0,$54,$0,$0,$0,$0,$36,$0,$0,$0,$-42,$-42,$-46,$3,$-84,$35,$13,$-46
25,2012-06-30,32.2,$15.77,2.04,$43.43,0.74,$1.96,16.42,$0.68,47.36,$1.11B,$0.52B,2.14,$0.40B,$0.91B,0.44,$2.56B,$0.86B,33.40%,$2.56B,$0.03B,1.25%,$2.56B,$0.03B,1.25%,$2.56B,$0.09B,3.67%,$2.56B,$0.01B,0.27%,$2.56B,$0.04B,1.68%,$0.04B,$0.91B,4.64%,$0.04B,$-0.03B,-118.62%,$0.04B,$2.86B,1.52%,$0.03B,$1.30B,2.42%,$658,$436,$222,$0,$137,$588,$69,$-7,$63,$20,$43,$43,$63,$85,$69,$58,59,$1.08,$1.07,$252,$364,$17,$1114,$274,$0,$938,$89,$1747,$2862,$520,$399,$818,$1437,$1957,$72,$1180,$-85,$905,$2862,$114,$30,$-33,$-3,$-72,$-8,$-11,$-4,$-91,$16,$-12,$0,$53,$0,$0,$0,$0,$41,$0,$0,$0,$-22,$-22,$-30,$3,$-48,$7,$8,$-30
26,2012-03-31,42.65,$15.42,2.77,$42.88,0.99,$1.91,22.28,$0.46,92.72,$1.05B,$0.49B,2.15,$0.40B,$0.90B,0.45,$2.54B,$0.85B,33.53%,$2.54B,$0.04B,1.66%,$2.54B,$0.04B,1.66%,$2.54B,$0.10B,4.10%,$2.54B,$0.02B,0.67%,$2.54B,$0.03B,1.18%,$0.03B,$0.90B,3.09%,$0.03B,$-0.07B,864691128455135360.00%,$0.03B,$2.85B,1.07%,$0.04B,$1.30B,3.06%,$646,$430,$216,$0,$138,$567,$78,$-7,$72,$21,$51,$51,$52,$93,$78,$58,59,$0.89,$0.88,$196,$368,$16,$1049,$284,$0,$970,$88,$1801,$2850,$488,$399,$844,$1467,$1955,$72,$1133,$-71,$896,$2850,$52,$15,$-2,$13,$-50,$-3,$-12,$-1,$-104,$-43,$-7,$0,$0,$0,$0,$0,$0,$-7,$0,$-0,$-0,$8,$8,$-15,$3,$-4,$-49,$4,$-15
27,2011-12-31,40.86,$14.27,2.86,$42.17,0.97,$2.43,16.82,$0.39,104.77,$1.03B,$0.53B,1.94,$0.40B,$0.82B,0.49,$2.50B,$0.85B,33.88%,$2.50B,$0.04B,1.48%,$2.50B,$0.04B,1.48%,$2.50B,$0.10B,4.00%,$2.50B,$0.02B,0.60%,$2.50B,$0.03B,1.04%,$0.03B,$0.82B,2.57%,$0.03B,$-0.15B,72.22%,$0.03B,$2.84B,0.94%,$0.04B,$1.22B,2.63%,$609,$411,$198,$0,$394,$805,$-195,$-7,$-202,$-75,$-127,$-127,$-125,$-180,$-195,$58,59,$-2.16,$-2.11,$245,$361,$14,$1032,$284,$0,$967,$85,$1811,$2844,$533,$399,$869,$1488,$2021,$72,$1096,$-94,$822,$2844,$26,$63,$118,$181,$-44,$-38,$35,$3,$-42,$150,$-30,$0,$-36,$0,$0,$0,$0,$-66,$0,$-1,$-1,$-57,$-57,$-57,$6,$-109,$-28,$15,$-57
28,2011-09-30,31.04,$18.62,1.67,$40.88,0.76,$2.30,13.5,$3.21,9.67,$1.06B,$0.54B,1.96,$0.40B,$1.08B,0.37,$2.43B,$0.83B,34.36%,$2.43B,$0.28B,11.70%,$2.43B,$0.28B,11.70%,$2.43B,$0.35B,14.30%,$2.43B,$0.26B,10.84%,$2.43B,$0.19B,7.83%,$0.19B,$1.08B,18.04%,$0.19B,$0.11B,245.95%,$0.19B,$2.73B,6.93%,$0.28B,$1.48B,19.56%,$647,$429,$219,$0,$138,$567,$80,$-6,$74,$23,$51,$51,$53,$96,$80,$58,59,$0.91,$0.89,$211,$364,$19,$1058,$290,$0,$974,$101,$1676,$2734,$539,$399,$579,$1114,$1653,$72,$1236,$4,$1081,$2734,$151,$47,$-42,$5,$-74,$-41,$21,$-3,$-77,$65,$-23,$0,$-35,$0,$0,$0,$0,$-58,$0,$-1,$-1,$-30,$-30,$-42,$6,$-68,$-62,$11,$-42
29,2011-06-30,42.71,$18.78,2.27,$39.34,1.09,$2.36,18.11,$3.02,14.14,$1.07B,$0.52B,2.06,$0.40B,$1.09B,0.37,$2.34B,$0.80B,34.30%,$2.34B,$0.27B,11.41%,$2.34B,$0.27B,11.41%,$2.34B,$0.33B,14.05%,$2.34B,$0.25B,10.55%,$2.34B,$0.18B,7.65%,$0.18B,$1.09B,17.50%,$0.18B,$0.11B,277.52%,$0.18B,$2.77B,6.55%,$0.27B,$1.49B,18.78%,$633,$416,$217,$0,$138,$554,$79,$-6,$73,$23,$50,$50,$50,$95,$79,$58,59,$0.87,$0.85,$231,$362,$19,$1072,$284,$0,$977,$105,$1698,$2770,$522,$399,$616,$1159,$1681,$72,$1199,$56,$1089,$2770,$99,$32,$-26,$6,$-68,$-35,$19,$-2,$-85,$15,$-14,$0,$1,$0,$0,$0,$0,$-13,$0,$-1,$-1,$-33,$-33,$-27,$5,$-55,$-42,$7,$-27
30,2011-03-31,41.66,$18.04,2.31,$37.90,1.1,$3.26,12.77,$2.84,14.67,$1.05B,$0.51B,2.07,$0.40B,$1.05B,0.38,$2.26B,$0.78B,34.37%,$2.26B,$0.25B,11.19%,$2.26B,$0.25B,11.19%,$2.26B,$0.32B,13.93%,$2.26B,$0.23B,10.26%,$2.26B,$0.17B,7.47%,$0.17B,$1.05B,17.34%,$0.17B,$0.07B,453.69%,$0.17B,$2.75B,6.25%,$0.25B,$1.45B,18.42%,$611,$398,$213,$0,$140,$538,$73,$-3,$70,$22,$48,$48,$48,$89,$73,$58,60,$0.83,$0.81,$233,$348,$17,$1046,$283,$0,$980,$104,$1704,$2750,$506,$399,$648,$1194,$1700,$72,$1162,$43,$1050,$2750,$48,$16,$-9,$7,$-49,$-23,$14,$-0,$-67,$-16,$-4,$0,$1,$0,$0,$0,$0,$-3,$0,$-0,$-0,$-17,$-17,$-13,$4,$-27,$-40,$4,$-13
31,2010-12-31,35.15,$17.07,2.06,$36.54,0.96,$3.81,9.23,$2.59,13.57,$0.99B,$0.50B,1.98,$0.40B,$0.99B,0.4,$2.18B,$0.74B,34.04%,$2.18B,$0.23B,10.69%,$2.18B,$0.23B,10.69%,$2.18B,$0.29B,13.49%,$2.18B,$0.21B,9.59%,$2.18B,$0.15B,7.06%,$0.15B,$0.99B,16.40%,$0.15B,$0.02B,800.00%,$0.15B,$2.71B,5.72%,$0.23B,$1.39B,17.42%,$536,$350,$185,$0,$127,$484,$52,$-6,$46,$8,$38,$38,$39,$67,$52,$59,60,$0.67,$0.66,$273,$319,$17,$989,$281,$0,$973,$101,$1718,$2707,$499,$399,$669,$1215,$1714,$72,$1127,$12,$993,$2707,$154,$60,$44,$8,$0,$-21,$6,$-2,$-8,$134,$-21,$0,$-136,$0,$0,$0,$0,$-157,$0,$-3,$-3,$-28,$-28,$-50,$3,$-77,$-100,$13,$-50
32,2010-09-30,32.28,$16.42,1.97,$36.82,0.88,$4.72,6.83,$2.74,11.78,$1.07B,$0.49B,2.21,$0.40B,$0.96B,0.42,$2.19B,$0.75B,34.40%,$2.19B,$0.25B,11.42%,$2.19B,$0.25B,11.42%,$2.19B,$0.31B,14.21%,$2.19B,$0.23B,10.32%,$2.19B,$0.16B,7.45%,$0.16B,$0.96B,17.83%,$0.16B,$0.06B,931.43%,$0.16B,$2.70B,6.05%,$0.25B,$1.36B,19.05%,$561,$373,$188,$0,$125,$498,$63,$-5,$58,$16,$42,$42,$42,$78,$63,$59,60,$0.71,$0.70,$316,$315,$15,$1071,$273,$0,$903,$87,$1625,$2696,$485,$399,$701,$1251,$1736,$72,$1101,$-5,$959,$2696,$115,$45,$-35,$10,$-41,$-26,$13,$-1,$-56,$59,$-13,$0,$-47,$0,$0,$0,$0,$-60,$0,$-2,$-2,$-14,$-14,$-37,$2,$-51,$-57,$10,$-37
33,2010-06-30,25.53,$15.25,1.67,$36.76,0.69,$5.79,4.41,$2.64,9.67,$1.04B,$0.48B,2.18,$0.40B,$0.90B,0.45,$2.18B,$0.75B,34.42%,$2.18B,$0.24B,11.11%,$2.18B,$0.24B,11.11%,$2.18B,$0.30B,13.86%,$2.18B,$0.22B,9.96%,$2.18B,$0.16B,7.16%,$0.16B,$0.90B,17.55%,$0.16B,$0.00B,-2600.00%,$0.16B,$2.67B,5.77%,$0.24B,$1.30B,18.80%,$553,$362,$191,$0,$126,$488,$65,$-7,$58,$18,$40,$40,$40,$81,$65,$59,60,$0.68,$0.67,$336,$299,$14,$1038,$274,$0,$893,$83,$1628,$2667,$476,$399,$727,$1295,$1771,$72,$1073,$-52,$896,$2667,$73,$30,$-8,$22,$-14,$-18,$15,$-1,$-21,$64,$-8,$0,$-51,$0,$0,$0,$0,$-60,$0,$-3,$-3,$2,$2,$-24,$1,$-23,$-37,$6,$-24
34,2010-03-31,29.81,$15.35,1.94,$36.82,0.81,$5.38,5.54,$2.44,12.22,$1.04B,$0.47B,2.2,$0.40B,$0.91B,0.44,$2.17B,$0.74B,33.86%,$2.17B,$0.22B,10.23%,$2.17B,$0.22B,10.23%,$2.17B,$0.28B,12.94%,$2.17B,$0.20B,9.17%,$2.17B,$0.14B,6.63%,$0.14B,$0.91B,16.61%,$0.14B,$-0.00B,-518.92%,$0.14B,$2.71B,5.30%,$0.22B,$1.31B,17.54%,$530,$352,$178,$0,$125,$477,$53,$-7,$47,$14,$33,$33,$33,$68,$53,$59,60,$0.57,$0.56,$320,$297,$13,$1036,$286,$0,$909,$85,$1670,$2706,$471,$399,$755,$1328,$1799,$72,$1044,$-11,$907,$2706,$33,$14,$1,$15,$-24,$-9,$15,$-0,$-32,$17,$-4,$0,$-51,$0,$0,$0,$0,$-55,$0,$-3,$-3,$5,$5,$-12,$0,$-10,$-53,$3,$-12
35,2009-12-31,25.55,$15.27,1.67,$37.40,0.68,$5.29,4.83,$2.28,11.21,$1.05B,$0.47B,2.24,$0.40B,$0.89B,0.45,$2.20B,$0.73B,33.24%,$2.20B,$0.21B,9.43%,$2.20B,$0.21B,9.43%,$2.20B,$0.27B,12.11%,$2.20B,$0.19B,8.47%,$2.20B,$0.13B,6.10%,$0.13B,$0.89B,16.25%,$0.13B,$0.01B,-217.89%,$0.13B,$2.71B,4.94%,$0.21B,$1.29B,16.92%,$545,$349,$196,$0,$121,$476,$69,$-7,$63,$15,$48,$48,$48,$84,$69,$58,59,$0.82,$0.81,$373,$285,$12,$1046,$285,$0,$881,$83,$1667,$2713,$467,$399,$782,$1352,$1819,$72,$1023,$5,$894,$2713,$134,$58,$-37,$22,$55,$68,$-44,$1,$47,$189,$-24,$0,$18,$0,$0,$0,$0,$-6,$0,$-16,$-16,$1,$1,$-47,$0,$-62,$141,$9,$-47
36,2009-09-30,21.39,$14.69,1.46,$37.90,0.56,$4.93,4.34,$1.33,16.08,$1.03B,$0.47B,2.2,$0.40B,$0.86B,0.46,$2.24B,$0.72B,31.92%,$2.24B,$0.16B,7.14%,$2.24B,$0.16B,7.14%,$2.24B,$0.22B,9.69%,$2.24B,$0.10B,4.46%,$2.24B,$0.08B,3.48%,$0.08B,$0.86B,9.90%,$0.08B,$-0.04B,-77.81%,$0.08B,$2.73B,2.86%,$0.16B,$1.26B,13.49%,$551,$365,$185,$0,$130,$495,$55,$-6,$49,$14,$35,$35,$35,$69,$55,$58,59,$0.60,$0.60,$305,$303,$14,$1026,$285,$0,$897,$88,$1706,$2732,$466,$399,$823,$1407,$1873,$72,$987,$10,$859,$2732,$86,$44,$-13,$31,$31,$54,$-45,$0,$13,$126,$-18,$0,$0,$0,$0,$0,$0,$-18,$0,$-16,$-16,$-0,$-0,$-35,$0,$-52,$73,$7,$-35
37,2009-06-30,18.33,$13.81,1.33,$39.17,0.47,$4.71,3.89,$1.33,13.78,$0.99B,$0.47B,2.12,$0.40B,$0.81B,0.5,$2.33B,$0.74B,31.65%,$2.33B,$0.16B,6.86%,$2.33B,$0.16B,6.86%,$2.33B,$0.22B,9.31%,$2.33B,$0.10B,4.42%,$2.33B,$0.08B,3.39%,$0.08B,$0.81B,9.81%,$0.08B,$-0.08B,-98.75%,$0.08B,$2.71B,2.86%,$0.16B,$1.21B,13.29%,$545,$370,$176,$0,$130,$500,$45,$-6,$40,$12,$28,$28,$28,$60,$45,$58,59,$0.47,$0.47,$233,$334,$12,$989,$290,$0,$891,$85,$1725,$2713,$466,$399,$859,$1440,$1906,$72,$963,$-16,$808,$2713,$51,$30,$-5,$25,$20,$23,$-42,$2,$-21,$46,$-15,$0,$0,$0,$0,$0,$0,$-15,$0,$-15,$-15,$0,$0,$-23,$0,$-39,$1,$4,$-23
38,2009-03-31,13.75,$12.63,1.09,$41.33,0.33,$5.34,2.58,$1.83,7.52,$0.99B,$0.50B,1.98,$0.40B,$0.74B,0.54,$2.48B,$0.80B,32.26%,$2.48B,$0.20B,8.10%,$2.48B,$0.20B,8.10%,$2.48B,$0.26B,10.40%,$2.48B,$0.15B,5.93%,$2.48B,$0.11B,4.44%,$0.11B,$0.74B,13.01%,$0.11B,$-0.14B,-280.25%,$0.11B,$2.70B,3.90%,$0.20B,$1.14B,16.16%,$555,$382,$173,$0,$135,$517,$38,$-4,$34,$10,$23,$23,$23,$53,$38,$58,59,$0.40,$0.40,$210,$352,$67,$990,$288,$0,$875,$80,$1710,$2700,$499,$399,$890,$1463,$1962,$72,$947,$-66,$738,$2700,$23,$15,$14,$29,$4,$-7,$-23,$0,$-28,$15,$-8,$0,$0,$0,$0,$0,$0,$-8,$0,$-9,$-9,$-1,$-1,$-12,$0,$-22,$-22,$2,$-12
39,2008-12-31,13.87,$12.75,1.09,$42.98,0.32,$5.80,2.39,$2.22,6.25,$1.02B,$0.54B,1.9,$0.40B,$0.75B,0.53,$2.60B,$0.85B,32.76%,$2.60B,$0.24B,9.14%,$2.60B,$0.24B,9.14%,$2.60B,$0.30B,11.33%,$2.60B,$0.18B,7.07%,$2.60B,$0.14B,5.18%,$0.14B,$0.75B,15.20%,$0.14B,$-0.14B,-18000.00%,$0.14B,$2.77B,4.70%,$0.24B,$1.14B,18.50%,$589,$408,$181,$0,$159,$567,$22,$-45,$-23,$-15,$-8,$-8,$-8,$35,$22,$60,60,$-0.13,$-0.12,$232,$350,$13,$1021,$291,$0,$888,$81,$1753,$2774,$539,$398,$918,$1490,$2029,$72,$935,$-45,$746,$2774,$135,$57,$-4,$53,$30,$-10,$-3,$-1,$18,$191,$-43,$0,$-74,$0,$0,$0,$0,$-118,$0,$-1,$-1,$-51,$-51,$-45,$2,$-96,$-52,$13,$-45
40,2008-09-30,23.55,$15.51,1.52,$44.30,0.53,$7.25,3.25,$3.10,7.6,$1.10B,$0.52B,2.13,$0.40B,$0.93B,0.43,$2.68B,$0.88B,32.94%,$2.68B,$0.26B,9.77%,$2.68B,$0.26B,9.77%,$2.68B,$0.32B,12.01%,$2.68B,$0.27B,10.22%,$2.68B,$0.19B,7.01%,$0.19B,$0.93B,20.37%,$0.19B,$0.04B,582.95%,$0.19B,$2.87B,6.49%,$0.26B,$1.33B,19.83%,$643,$434,$208,$0,$154,$588,$55,$-3,$52,$16,$36,$36,$36,$69,$55,$60,60,$0.60,$0.60,$278,$369,$64,$1104,$294,$0,$885,$119,$1761,$2865,$518,$398,$933,$1420,$1937,$72,$952,$107,$928,$2865,$143,$44,$-3,$41,$-18,$-44,$18,$-3,$-35,$130,$-33,$0,$-26,$0,$0,$0,$0,$-59,$0,$0,$0,$-31,$-31,$-34,$1,$-63,$-5,$10,$-34
41,2008-06-30,30.37,$16.20,1.87,$44.77,0.68,$7.71,3.94,$-0.79,0.0,$1.15B,$0.51B,2.25,$0.40B,$0.97B,0.41,$2.70B,$0.89B,33.05%,$2.70B,$-0.11B,-3.92%,$2.70B,$-0.11B,-3.92%,$2.70B,$-0.05B,-1.70%,$2.70B,$-0.10B,-3.52%,$2.70B,$-0.05B,-1.67%,$-0.05B,$0.97B,-5.04%,$-0.05B,$0.08B,-9000.00%,$-0.05B,$2.94B,-1.55%,$-0.11B,$1.37B,-8.21%,$693,$456,$238,$0,$152,$607,$86,$-2,$84,$25,$59,$59,$59,$101,$86,$60,61,$0.99,$0.97,$322,$358,$61,$1153,$293,$0,$890,$125,$1785,$2938,$512,$398,$965,$1457,$1969,$72,$926,$176,$969,$2938,$107,$30,$1,$31,$-28,$-29,$12,$-3,$-46,$89,$-20,$0,$2,$0,$0,$0,$0,$-18,$0,$3,$3,$-31,$-31,$-22,$1,$-49,$38,$7,$-22
42,2008-03-31,31.67,$15.27,2.07,$44.17,0.72,$7.55,4.19,$-1.01,0.0,$1.10B,$0.52B,2.14,$0.40B,$0.91B,0.44,$2.67B,$0.86B,32.36%,$2.67B,$-0.12B,-4.49%,$2.67B,$-0.12B,-4.49%,$2.67B,$-0.06B,-2.25%,$2.67B,$-0.11B,-4.19%,$2.67B,$-0.06B,-2.17%,$-0.06B,$0.91B,-6.49%,$-0.06B,$0.02B,-386.67%,$-0.06B,$2.91B,-2.07%,$-0.12B,$1.31B,-9.29%,$679,$453,$226,$0,$151,$604,$75,$-4,$71,$23,$48,$48,$48,$90,$75,$60,61,$0.81,$0.79,$295,$345,$58,$1104,$292,$0,$893,$125,$1803,$2908,$515,$398,$988,$1482,$1997,$72,$876,$175,$910,$2908,$48,$15,$8,$23,$-24,$-15,$19,$-1,$-30,$44,$-8,$0,$0,$0,$0,$0,$0,$-8,$0,$9,$9,$-36,$-36,$-11,$0,$-38,$11,$4,$-11
43,2007-12-31,33.53,$14.71,2.28,$43.30,0.77,$7.64,4.39,$-1.09,0.0,$1.04B,$0.49B,2.1,$0.40B,$0.89B,0.45,$2.62B,$0.84B,32.19%,$2.62B,$-0.13B,-4.85%,$2.62B,$-0.13B,-4.85%,$2.62B,$-0.07B,-2.52%,$2.62B,$-0.12B,-4.51%,$2.62B,$-0.06B,-2.37%,$-0.06B,$0.89B,-6.91%,$-0.06B,$-0.01B,-181.02%,$-0.06B,$2.88B,-2.31%,$-0.13B,$1.28B,-9.82%,$666,$455,$211,$0,$556,$620,$46,$21,$67,$21,$45,$45,$45,$62,$46,$60,60,$0.76,$0.79,$283,$328,$13,$1038,$290,$0,$895,$128,$1840,$2877,$494,$398,$1008,$1499,$1992,$72,$846,$154,$885,$2877,$-62,$61,$265,$326,$2,$-1,$7,$1,$-7,$233,$1,$0,$-63,$0,$33,$33,$0,$-29,$0,$-9,$-9,$-35,$-35,$-40,$7,$-77,$145,$15,$-40
44,2007-09-30,37.34,$13.44,2.78,$41.57,0.9,$6.31,5.92,$-1.22,0.0,$0.99B,$0.53B,1.87,$0.40B,$0.81B,0.49,$2.54B,$0.81B,32.11%,$2.54B,$-0.12B,-4.73%,$2.54B,$-0.12B,-4.73%,$2.54B,$-0.06B,-2.33%,$2.54B,$-0.13B,-5.25%,$2.54B,$-0.07B,-2.72%,$-0.07B,$0.81B,-7.62%,$-0.07B,$-0.08B,-115.97%,$-0.07B,$2.92B,-2.68%,$-0.12B,$1.20B,-9.21%,$664,$446,$218,$0,$141,$977,$-313,$-4,$-317,$-120,$-197,$-197,$-197,$-299,$-313,$60,60,$-3.29,$-3.29,$162,$343,$61,$989,$296,$0,$890,$122,$1926,$2915,$528,$398,$1016,$1581,$2109,$72,$810,$122,$806,$2915,$-108,$45,$266,$310,$-41,$-13,$23,$-0,$-40,$146,$-22,$0,$-63,$0,$0,$0,$0,$-85,$-0,$15,$15,$-40,$-40,$-29,$4,$-49,$24,$11,$-29
45,2007-06-30,35.24,$16.33,2.16,$39.61,0.89,$5.58,6.32,$2.81,12.54,$0.94B,$0.48B,1.95,$0.40B,$0.98B,0.41,$2.44B,$0.79B,32.23%,$2.44B,$0.26B,10.82%,$2.44B,$0.26B,10.82%,$2.44B,$0.32B,13.24%,$2.44B,$0.25B,10.33%,$2.44B,$0.17B,7.13%,$0.17B,$0.98B,18.76%,$0.17B,$0.14B,181.25%,$0.17B,$2.49B,7.18%,$0.26B,$1.37B,20.06%,$661,$452,$209,$0,$137,$589,$72,$-5,$67,$21,$46,$46,$46,$87,$72,$60,61,$0.77,$0.75,$135,$331,$65,$940,$282,$0,$838,$116,$1546,$2487,$483,$398,$463,$1029,$1511,$72,$1015,$94,$975,$2487,$89,$31,$11,$42,$-51,$-13,$20,$1,$-46,$71,$-11,$0,$0,$0,$0,$0,$0,$-10,$-0,$-9,$-9,$-43,$-43,$-18,$2,$-67,$-4,$7,$-18
46,2007-03-31,31.23,$15.47,2.02,$37.71,0.83,$5.44,5.74,$2.77,11.27,$0.90B,$0.48B,1.88,$0.39B,$0.92B,0.43,$2.34B,$0.76B,32.49%,$2.34B,$0.26B,11.04%,$2.34B,$0.26B,11.04%,$2.34B,$0.31B,13.44%,$2.34B,$0.25B,10.74%,$2.34B,$0.17B,7.36%,$0.17B,$0.92B,19.12%,$0.17B,$0.09B,196.57%,$0.17B,$2.44B,7.28%,$0.26B,$1.32B,20.44%,$628,$424,$205,$0,$136,$560,$68,$-4,$65,$21,$44,$44,$44,$84,$68,$60,61,$0.72,$0.71,$134,$328,$64,$904,$277,$0,$828,$106,$1539,$2443,$481,$392,$485,$1040,$1520,$72,$976,$79,$923,$2443,$44,$16,$15,$30,$-27,$-14,$11,$1,$-26,$37,$4,$0,$-0,$0,$0,$0,$0,$4,$-0,$2,$2,$-40,$-40,$-9,$1,$-47,$-5,$4,$-9
47,2006-12-31,28.2,$15.19,1.86,$36.33,0.78,$4.93,5.72,$2.67,10.56,$0.88B,$0.46B,1.91,$0.40B,$0.92B,0.43,$2.26B,$0.73B,32.43%,$2.26B,$0.25B,10.94%,$2.26B,$0.25B,10.94%,$2.26B,$0.30B,13.38%,$2.26B,$0.24B,10.63%,$2.26B,$0.17B,7.31%,$0.17B,$0.92B,19.05%,$0.17B,$0.09B,193.55%,$0.17B,$2.44B,7.19%,$0.25B,$1.32B,20.51%,$582,$400,$182,$0,$129,$528,$53,$-2,$52,$14,$38,$38,$38,$69,$53,$61,62,$0.62,$0.61,$139,$313,$13,$880,$290,$0,$827,$98,$1556,$2437,$462,$398,$501,$1056,$1518,$72,$946,$73,$919,$2437,$166,$54,$-35,$20,$-19,$1,$-1,$2,$-1,$182,$-22,$0,$-257,$0,$0,$0,$0,$-279,$96,$9,$106,$-37,$-37,$-34,$8,$43,$-42,$15,$-34
