,Date,Stock Price,Book Value per Share,Price to Book Ratio,TTM Sales per Share,Price to Sales Ratio,TTM FCF per Share,Price to FCF Ratio,TTM Net EPS,PE Ratio,Current Assets,Current Liabilities,Current Ratio,Long Term Debt,Shareholder's Equity_x,Debt to Equity Ratio,TTM Revenue_x,TTM Gross Profit,Gross Margin,TTM Revenue_y,TTM Operating Income,Operating Margin,TTM Revenue_x,TTM EBIT,EBIT Margin,TTM Revenue_y,TTM EBITDA,EBITDA Margin,TTM Revenue_x,TTM Pre-Tax Income,Pre-Tax Margin,TTM Revenue_y,TTM Net Income_x,Net Margin,TTM Net Income_y,Shareholder's Equity_y,Return on Equity,TTM Net Income_x,Tangible Equity,Return on Tangible Equity,TTM Net Income_y,Total Assets,Return on Assets,TTM Net Income,LT Investments & Debt,Return on Investment,revenue,cost-goods-sold,gross-profit,research-development-expenses,selling-general-administrative-expenses,operating-expenses,operating-income,total-non-operating-income-expense,pre-tax-income,total-provision-income-taxes,income-after-taxes,income-from-continuous-operations,net-income,ebitda,ebit,basic-shares-outstanding,shares-outstanding,eps-basic-net-earnings-per-share,eps-earnings-per-share-diluted,cash-on-hand,inventory,other-current-assets,total-current-assets,net-property-plant-equipment,long-term-investments,goodwill-intangible-assets-total,other-long-term-assets,total-long-term-assets,total-assets,total-current-liabilities,long-term-debt,other-non-current-liabilities,total-long-term-liabilities,total-liabilities,common-stock-net,retained-earnings-accumulated-deficit,comprehensive-income,total-share-holder-equity,total-liabilities-share-holders-equity,net-income-loss,total-depreciation-amortization-cash-flow,other-non-cash-items,total-non-cash-items,change-in-accounts-receivable,change-in-inventories,change-in-accounts-payable,change-in-assets-liabilities,total-change-in-assets-liabilities,cash-flow-from-operating-activities,net-change-in-property-plant-equipment,net-change-in-intangible-assets,net-acquisitions-divestitures,net-change-in-short-term-investments,net-change-in-long-term-investments,net-change-in-investments-total,investing-activities-other,cash-flow-from-investing-activities,net-long-term-debt,net-current-debt,debt-issuance-retirement-net-total,net-common-equity-issued-repurchased,net-total-equity-issued-repurchased,total-common-preferred-stock-dividends-paid,financial-activities-other,cash-flow-from-financial-activities,net-cash-flow,stock-based-compensation,common-stock-dividends-paid
0,2018-09-30,37.87,$21.45,1.77,$15.33,2.47,$-0.02,0.0,$-2.70,0.0,$1.23B,$0.29B,4.19,$0.45B,$2.20B,0.21,$1.54B,$0.44B,28.29%,$1.54B,$-0.31B,-20.38%,$1.54B,$-0.31B,-20.38%,$1.54B,$0.10B,6.16%,$1.54B,$-0.31B,-20.25%,$1.54B,$-0.27B,-17.59%,$-0.27B,$2.20B,-12.57%,$-0.27B,$1.15B,-23.54%,$-0.27B,$2.97B,-9.88%,$-0.31B,$2.65B,-12.81%,$408,$280,$128,$46,$73,$408,$1,$-10,$-9,$2,$-11,$-11,$-11,$43,$1,$102,102,$-0.11,$-0.11,$666,$306,$21,$1230,$668,$0,$1052,$12,$1738,$2968,$294,$453,$20,$475,$769,$0,$-483,$1,$2199,$2968,$-11,$42,$20,$62,$-54,$-10,$-4,$0,$-17,$34,$-36,$-3,$0,$-121,$58,$-63,$0,$-102,$283,$0,$283,$15,$15,$0,$-13,$286,$217,$12,$0
1,2018-06-30,41.57,$20.42,2.04,$15.00,2.77,$0.19,219.48,$-2.79,0.0,$0.89B,$0.25B,3.59,$0.29B,$2.07B,0.14,$1.49B,$0.41B,27.33%,$1.49B,$-0.33B,-22.04%,$1.49B,$-0.33B,-22.04%,$1.49B,$0.08B,5.16%,$1.49B,$-0.32B,-21.30%,$1.49B,$-0.28B,-18.75%,$-0.28B,$2.07B,-12.97%,$-0.28B,$1.00B,-23.40%,$-0.28B,$2.64B,-10.50%,$-0.33B,$2.36B,-13.84%,$409,$294,$116,$42,$82,$430,$-21,$-4,$-25,$8,$-33,$-33,$-33,$21,$-21,$100,100,$-0.35,$-0.35,$387,$296,$22,$890,$661,$0,$1068,$12,$1747,$2638,$248,$292,$22,$317,$565,$0,$-483,$1,$2072,$2638,$-280,$406,$6,$412,$-5,$11,$14,$-5,$35,$167,$-185,$-10,$-429,$-24,$224,$200,$0,$-424,$147,$0,$147,$93,$93,$0,$3,$243,$-14,$43,$0
2,2018-03-31,40.31,$20.57,1.96,$14.53,2.77,$1.69,23.84,$-2.52,0.0,$0.91B,$0.24B,3.74,$0.32B,$2.07B,0.15,$1.44B,$0.39B,27.03%,$1.44B,$-0.32B,-22.25%,$1.44B,$-0.32B,-22.25%,$1.44B,$0.08B,5.61%,$1.44B,$-0.30B,-20.58%,$1.44B,$-0.25B,-17.53%,$-0.25B,$2.07B,-11.51%,$-0.25B,$1.05B,-19.79%,$-0.25B,$2.65B,-9.48%,$-0.32B,$2.38B,-13.49%,$356,$257,$99,$40,$70,$624,$-268,$-10,$-278,$-37,$-241,$-241,$-241,$19,$-268,$100,100,$-2.40,$-2.40,$401,$310,$25,$910,$641,$60,$1018,$12,$1743,$2653,$243,$316,$26,$342,$586,$0,$-449,$2,$2067,$2653,$-247,$365,$-18,$347,$6,$-5,$15,$2,$25,$125,$-128,$-8,$-427,$2,$167,$169,$0,$-394,$171,$0,$171,$62,$62,$0,$3,$236,$-31,$33,$0
3,2017-12-31,37.14,$22.86,1.62,$14.49,2.56,$2.82,13.18,$-1.14,0.0,$1.13B,$0.25B,4.59,$0.12B,$2.28B,0.05,$1.43B,$0.38B,26.38%,$1.43B,$-0.07B,-5.11%,$1.43B,$-0.07B,-5.11%,$1.43B,$0.09B,6.58%,$1.43B,$-0.03B,-2.03%,$1.43B,$-0.11B,-7.77%,$-0.11B,$2.28B,-4.97%,$-0.11B,$1.41B,-8.26%,$-0.11B,$2.71B,-4.17%,$-0.07B,$2.41B,-3.08%,$368,$275,$93,$40,$68,$394,$-26,$27,$0,$-13,$14,$14,$14,$12,$-26,$99,101,$0.14,$0.14,$650,$273,$26,$1128,$612,$73,$878,$13,$1586,$2714,$246,$124,$24,$186,$431,$0,$-209,$3,$2283,$2714,$-6,$77,$-5,$73,$-4,$11,$18,$5,$39,$106,$-85,$-5,$0,$-146,$138,$-8,$0,$-98,$-21,$0,$-21,$47,$47,$0,$3,$29,$37,$22,$0
4,2017-09-30,28.19,$22.60,1.25,$14.90,1.89,$3.47,8.13,$-1.22,0.0,$1.11B,$0.23B,4.82,$0.14B,$2.22B,0.06,$1.46B,$0.43B,29.07%,$1.46B,$-0.03B,-1.85%,$1.46B,$-0.03B,-1.85%,$1.46B,$0.13B,8.89%,$1.46B,$-0.01B,-0.96%,$1.46B,$-0.12B,-8.14%,$-0.12B,$2.22B,-5.32%,$-0.12B,$1.33B,-8.65%,$-0.12B,$2.66B,-4.47%,$-0.03B,$2.36B,-1.13%,$360,$260,$100,$42,$63,$375,$-14,$-1,$-15,$5,$-20,$-20,$-20,$25,$-14,$98,98,$-0.20,$-0.20,$625,$278,$18,$1106,$595,$47,$886,$12,$1552,$2658,$229,$141,$19,$213,$442,$0,$-223,$8,$2216,$2658,$-20,$39,$19,$58,$-6,$7,$6,$9,$16,$54,$-36,$-2,$0,$-116,$120,$4,$0,$-34,$-4,$0,$-4,$0,$0,$0,$3,$-1,$19,$10,$0
5,2017-06-30,24.65,$22.76,1.08,$14.91,1.65,$3.27,7.53,$-1.01,0.0,$1.10B,$0.21B,5.19,$0.15B,$2.22B,0.07,$1.47B,$0.44B,29.53%,$1.47B,$-0.02B,-1.22%,$1.47B,$-0.02B,-1.22%,$1.47B,$0.14B,9.30%,$1.47B,$-0.00B,-0.27%,$1.47B,$-0.10B,-6.65%,$-0.10B,$2.22B,-4.32%,$-0.10B,$1.33B,-6.82%,$-0.10B,$2.65B,-3.65%,$-0.02B,$2.37B,-0.74%,$359,$261,$98,$39,$64,$372,$-13,$9,$-4,$2,$-6,$-6,$-6,$25,$-13,$98,98,$-0.05,$-0.05,$611,$284,$26,$1101,$581,$50,$893,$13,$1549,$2650,$212,$145,$20,$215,$427,$0,$-203,$6,$2223,$2650,$-98,$156,$115,$271,$17,$18,$-5,$17,$43,$216,$-86,$-12,$0,$-173,$126,$-47,$0,$-145,$-15,$0,$-15,$-86,$-86,$0,$-3,$-104,$-34,$48,$0
6,2017-03-31,26.73,$22.72,1.18,$15.93,1.68,$2.82,9.48,$-1.06,0.0,$1.10B,$0.21B,5.3,$0.15B,$2.21B,0.07,$1.59B,$0.50B,31.30%,$1.59B,$-0.00B,-0.13%,$1.59B,$-0.00B,-0.13%,$1.59B,$0.16B,9.76%,$1.59B,$0.00B,0.25%,$1.59B,$-0.10B,-6.49%,$-0.10B,$2.21B,-4.47%,$-0.10B,$1.31B,-7.03%,$-0.10B,$2.64B,-3.79%,$-0.00B,$2.36B,-0.08%,$342,$255,$86,$41,$68,$361,$-20,$10,$-10,$89,$-99,$-99,$-99,$32,$-20,$97,97,$-1.02,$-1.02,$592,$291,$36,$1099,$574,$43,$900,$8,$1538,$2637,$207,$153,$20,$220,$427,$0,$-197,$3,$2210,$2637,$-92,$118,$109,$226,$16,$12,$-11,$11,$29,$163,$-56,$-9,$0,$-156,$112,$-43,$0,$-108,$-7,$0,$-7,$-94,$-94,$0,$-3,$-104,$-49,$38,$0
7,2016-12-31,26.39,$23.61,1.12,$16.04,1.65,$2.16,12.24,$-0.04,0.0,$1.50B,$0.22B,6.99,$0.17B,$2.30B,0.07,$1.61B,$0.52B,32.24%,$1.61B,$0.01B,0.81%,$1.61B,$0.01B,0.81%,$1.61B,$0.16B,9.80%,$1.61B,$0.01B,0.62%,$1.61B,$-0.00B,-0.25%,$-0.00B,$2.30B,-0.17%,$-0.00B,$1.54B,-0.27%,$-0.00B,$2.71B,-0.14%,$0.01B,$2.47B,0.51%,$401,$261,$141,$38,$77,$382,$20,$-5,$15,$9,$6,$6,$6,$48,$20,$98,99,$0.06,$0.06,$591,$282,$480,$1500,$360,$34,$764,$8,$1208,$2708,$215,$170,$22,$193,$408,$0,$-92,$3,$2300,$2708,$7,$65,$34,$99,$14,$1,$-14,$3,$14,$120,$-35,$-6,$0,$-117,$93,$-24,$0,$-65,$10,$0,$10,$-90,$-90,$0,$-3,$-83,$-29,$27,$0
8,2016-09-30,25.72,$23.50,1.09,$15.82,1.63,$1.73,14.87,$0.04,643.0,$1.52B,$0.21B,7.22,$0.19B,$2.34B,0.08,$1.61B,$0.49B,30.51%,$1.61B,$-0.00B,-0.25%,$1.61B,$-0.00B,-0.25%,$1.61B,$0.16B,9.65%,$1.61B,$0.01B,0.37%,$1.61B,$0.00B,0.19%,$0.00B,$2.34B,0.13%,$0.00B,$1.57B,0.20%,$0.00B,$2.75B,0.11%,$-0.00B,$2.53B,-0.16%,$371,$261,$110,$40,$68,$376,$-5,$-0,$-5,$-6,$1,$1,$1,$32,$-5,$101,101,$0.01,$0.01,$589,$292,$463,$1523,$373,$39,$771,$9,$1230,$2753,$211,$187,$12,$200,$410,$0,$-36,$8,$2342,$2753,$1,$37,$16,$53,$-9,$-11,$-2,$-2,$-36,$18,$-19,$-2,$0,$-102,$78,$-24,$0,$-45,$27,$0,$27,$-35,$-35,$0,$-3,$-11,$-38,$15,$0
9,2016-06-30,24.44,$23.48,1.04,$15.81,1.55,$1.71,14.28,$-0.20,0.0,$1.16B,$0.22B,5.19,$0.16B,$2.37B,0.07,$1.62B,$0.49B,30.12%,$1.62B,$-0.01B,-0.68%,$1.62B,$-0.01B,-0.68%,$1.62B,$0.15B,9.52%,$1.62B,$-0.02B,-1.48%,$1.62B,$-0.02B,-1.36%,$-0.02B,$2.37B,-0.93%,$-0.02B,$1.45B,-1.54%,$-0.02B,$2.77B,-0.78%,$-0.01B,$2.53B,-0.43%,$474,$315,$160,$63,$81,$472,$3,$1,$4,$9,$-5,$-5,$-11,$43,$3,$102,102,$-0.10,$-0.10,$605,$304,$49,$1157,$600,$40,$922,$9,$1609,$2766,$223,$160,$14,$175,$398,$0,$-1,$9,$2368,$2766,$-22,$164,$77,$242,$22,$-23,$-12,$8,$-17,$203,$-115,$-14,$-13,$-179,$313,$134,$0,$-8,$-40,$0,$-40,$-128,$-128,$0,$0,$-168,$26,$59,$0
10,2016-03-31,29.1,$23.44,1.24,$14.53,2.0,$0.62,46.71,$-0.92,0.0,$1.19B,$0.22B,5.47,$0.23B,$2.35B,0.1,$1.53B,$0.40B,26.43%,$1.53B,$-0.11B,-7.21%,$1.53B,$-0.11B,-7.21%,$1.53B,$0.06B,3.80%,$1.53B,$-0.14B,-9.11%,$1.53B,$-0.10B,-6.49%,$-0.10B,$2.35B,-4.14%,$-0.10B,$1.43B,-6.81%,$-0.10B,$2.81B,-3.45%,$-0.11B,$2.58B,-4.23%,$367,$258,$109,$42,$64,$371,$-5,$1,$-4,$-4,$0,$0,$0,$35,$-5,$101,101,$0.00,$0.00,$620,$298,$64,$1193,$612,$42,$929,$10,$1621,$2814,$218,$225,$16,$243,$461,$0,$10,$7,$2353,$2814,$-11,$124,$77,$201,$9,$-18,$-18,$-15,$-52,$139,$-94,$-11,$-13,$-161,$229,$67,$0,$-51,$25,$0,$25,$-136,$-136,$0,$0,$-111,$-24,$44,$0
11,2015-12-31,26.67,$23.39,1.14,$14.58,1.83,$-0.39,0.0,$-0.91,0.0,$1.18B,$0.24B,4.99,$0.21B,$2.36B,0.09,$1.57B,$0.42B,26.72%,$1.57B,$-0.10B,-6.63%,$1.57B,$-0.10B,-6.63%,$1.57B,$0.07B,4.46%,$1.57B,$-0.14B,-8.61%,$1.57B,$-0.10B,-6.31%,$-0.10B,$2.36B,-4.00%,$-0.10B,$1.42B,-6.45%,$-0.10B,$2.82B,-3.37%,$-0.10B,$2.57B,-3.90%,$394,$283,$111,$32,$68,$391,$3,$8,$11,$2,$9,$9,$13,$45,$3,$102,103,$0.13,$0.13,$617,$281,$61,$1175,$623,$42,$942,$10,$1645,$2821,$236,$205,$18,$224,$460,$0,$33,$6,$2361,$2821,$-11,$84,$62,$146,$4,$0,$-9,$12,$-11,$124,$-79,$-8,$-13,$-150,$194,$45,$0,$-55,$5,$0,$5,$-122,$-122,$0,$0,$-117,$-49,$29,$0
12,2015-09-30,24.23,$23.18,1.05,$14.31,1.69,$-1.56,0.0,$-0.95,0.0,$1.25B,$0.25B,4.97,$0.21B,$2.39B,0.09,$1.59B,$0.45B,28.04%,$1.59B,$-0.10B,-6.11%,$1.59B,$-0.10B,-6.11%,$1.59B,$0.08B,5.04%,$1.59B,$-0.13B,-8.44%,$1.59B,$-0.10B,-6.30%,$-0.10B,$2.39B,-3.89%,$-0.10B,$1.44B,-6.13%,$-0.10B,$2.89B,-3.31%,$-0.10B,$2.60B,-3.53%,$382,$274,$107,$33,$70,$393,$-12,$-23,$-35,$-9,$-26,$-26,$-24,$31,$-12,$103,103,$-0.24,$-0.24,$632,$289,$62,$1252,$636,$35,$950,$20,$1640,$2891,$252,$207,$21,$250,$502,$0,$82,$6,$2389,$2891,$-24,$43,$54,$96,$-6,$-8,$-0,$-1,$-25,$47,$-50,$-4,$-13,$-113,$137,$24,$0,$-43,$7,$0,$7,$-67,$-67,$0,$0,$-60,$-56,$15,$0
13,2015-06-30,26.03,$23.33,1.12,$14.15,1.84,$-1.95,0.0,$-0.63,0.0,$1.31B,$0.26B,5.14,$0.20B,$2.46B,0.08,$1.63B,$0.47B,29.03%,$1.63B,$-0.07B,-4.53%,$1.63B,$-0.07B,-4.53%,$1.63B,$0.11B,6.49%,$1.63B,$-0.09B,-5.21%,$1.63B,$-0.07B,-3.98%,$-0.07B,$2.46B,-2.39%,$-0.07B,$1.54B,-3.66%,$-0.07B,$2.95B,-2.07%,$-0.07B,$2.66B,-2.59%,$382,$306,$76,$45,$77,$479,$-96,$-14,$-111,$-22,$-88,$-88,$-88,$-53,$-96,$113,113,$-0.77,$-0.76,$713,$281,$59,$1308,$635,$58,$927,$11,$1640,$2948,$255,$200,$21,$231,$486,$0,$170,$6,$2462,$2948,$-65,$180,$112,$292,$38,$4,$-45,$-11,$-46,$181,$-206,$-19,$0,$-130,$339,$209,$0,$-16,$200,$0,$200,$-513,$-513,$0,$1,$-311,$-147,$64,$0
14,2015-03-31,35.49,$24.48,1.45,$14.32,2.48,$-0.58,0.0,$0.44,80.66,$1.40B,$0.20B,6.98,$0.15B,$2.69B,0.06,$1.69B,$0.56B,33.14%,$1.69B,$0.05B,3.14%,$1.69B,$0.05B,3.14%,$1.69B,$0.24B,14.17%,$1.69B,$0.06B,3.62%,$1.69B,$0.05B,3.08%,$0.05B,$2.69B,1.83%,$0.05B,$1.75B,2.74%,$0.05B,$3.08B,1.61%,$0.05B,$2.84B,1.81%,$410,$284,$125,$44,$72,$408,$1,$-1,$0,$-0,$0,$0,$0,$47,$1,$111,112,$0.00,$0.00,$782,$299,$0,$1398,$654,$77,$939,$12,$1681,$3080,$200,$150,$24,$189,$389,$0,$422,$7,$2691,$3080,$23,$136,$53,$189,$8,$-15,$-69,$2,$-119,$94,$-158,$-15,$0,$-47,$257,$209,$0,$37,$150,$0,$150,$-363,$-363,$0,$2,$-212,$-82,$49,$0
15,2014-12-31,32.22,$24.54,1.31,$13.92,2.31,$0.88,36.82,$0.66,48.82,$1.49B,$0.25B,6.07,$0.15B,$2.74B,0.06,$1.68B,$0.58B,34.72%,$1.68B,$0.08B,4.88%,$1.68B,$0.08B,4.88%,$1.68B,$0.27B,15.81%,$1.68B,$0.10B,5.65%,$1.68B,$0.08B,4.76%,$0.08B,$2.74B,2.73%,$0.08B,$1.80B,4.04%,$0.08B,$3.18B,2.42%,$0.08B,$2.89B,2.75%,$413,$276,$137,$47,$72,$403,$10,$2,$12,$-0,$12,$12,$12,$55,$10,$115,116,$0.11,$0.10,$830,$333,$0,$1488,$653,$79,$944,$12,$1688,$3175,$245,$150,$27,$191,$436,$0,$492,$8,$2740,$3175,$23,$91,$35,$126,$6,$-48,$-45,$-5,$-121,$28,$-113,$-10,$0,$-4,$160,$156,$0,$33,$150,$0,$150,$-299,$-299,$0,$2,$-148,$-87,$33,$0
16,2014-09-30,40.95,$24.87,1.65,$13.73,2.98,$2.30,17.82,$0.85,48.18,$1.76B,$0.29B,6.0,$0.05B,$2.97B,0.02,$1.68B,$0.60B,35.81%,$1.68B,$0.11B,6.35%,$1.68B,$0.11B,6.35%,$1.68B,$0.29B,17.16%,$1.68B,$0.12B,7.24%,$1.68B,$0.10B,6.18%,$0.10B,$2.97B,3.48%,$0.10B,$2.02B,5.11%,$0.10B,$3.35B,3.11%,$0.11B,$3.02B,3.57%,$428,$292,$136,$47,$70,$416,$11,$3,$14,$3,$11,$11,$11,$57,$11,$120,121,$0.09,$0.09,$1105,$311,$0,$1757,$635,$0,$948,$12,$1596,$3353,$293,$45,$29,$90,$383,$0,$745,$10,$2970,$3353,$11,$46,$17,$63,$-12,$-26,$-2,$-3,$-60,$13,$-63,$-5,$0,$-166,$127,$-39,$0,$-108,$45,$0,$45,$-42,$-42,$0,$1,$4,$-91,$17,$0
17,2014-06-30,49.95,$24.89,2.01,$13.39,3.73,$3.00,16.64,$1.01,49.46,$1.77B,$0.31B,5.79,$0.00B,$2.99B,0.0,$1.65B,$0.62B,37.52%,$1.65B,$0.13B,8.08%,$1.65B,$0.13B,8.08%,$1.65B,$0.31B,18.88%,$1.65B,$0.15B,8.99%,$1.65B,$0.12B,7.47%,$0.12B,$2.99B,4.14%,$0.12B,$2.04B,6.13%,$0.12B,$3.34B,3.72%,$0.13B,$2.99B,4.48%,$436,$275,$161,$49,$71,$406,$31,$4,$35,$5,$29,$29,$29,$80,$31,$121,123,$0.23,$0.23,$1162,$285,$49,$1774,$606,$0,$953,$12,$1570,$3344,$307,$0,$35,$48,$354,$0,$789,$11,$2990,$3344,$123,$177,$48,$225,$-33,$-87,$66,$8,$-29,$319,$-178,$-20,$0,$-537,$493,$-44,$0,$-242,$0,$0,$0,$0,$0,$0,$19,$20,$97,$62,$0
18,2014-03-31,56.56,$24.86,2.27,$13.02,4.34,$3.62,15.63,$1.00,56.56,$1.78B,$0.26B,6.76,$0.00B,$3.03B,0.0,$1.59B,$0.60B,37.70%,$1.59B,$0.13B,8.39%,$1.59B,$0.13B,8.39%,$1.59B,$0.30B,19.10%,$1.59B,$0.15B,9.27%,$1.59B,$0.12B,7.69%,$0.12B,$3.03B,4.18%,$0.12B,$2.07B,6.24%,$0.12B,$3.36B,3.78%,$0.13B,$3.03B,4.55%,$405,$255,$150,$47,$65,$375,$30,$3,$34,$5,$28,$28,$28,$74,$30,$122,124,$0.23,$0.23,$1223,$251,$0,$1782,$576,$0,$960,$45,$1581,$3363,$264,$0,$41,$68,$332,$0,$858,$10,$3031,$3363,$94,$128,$30,$158,$-30,$-54,$29,$13,$-24,$228,$-119,$-15,$0,$-488,$365,$-123,$0,$-257,$0,$0,$0,$89,$89,$0,$18,$108,$79,$46,$0
19,2013-12-31,62.52,$24.41,2.56,$12.69,4.93,$4.17,15.01,$0.96,65.13,$1.73B,$0.28B,6.3,$0.00B,$2.97B,0.0,$1.53B,$0.58B,37.97%,$1.53B,$0.13B,8.24%,$1.53B,$0.13B,8.24%,$1.53B,$0.29B,19.15%,$1.53B,$0.14B,9.08%,$1.53B,$0.12B,7.58%,$0.12B,$2.97B,4.08%,$0.12B,$2.01B,6.20%,$0.12B,$3.32B,3.71%,$0.13B,$2.97B,4.43%,$415,$259,$156,$44,$68,$380,$35,$3,$39,$3,$36,$36,$36,$78,$35,$121,123,$0.30,$0.29,$1184,$234,$0,$1734,$569,$0,$964,$49,$1583,$3317,$275,$0,$45,$73,$348,$0,$830,$10,$2969,$3317,$66,$85,$17,$101,$-21,$-37,$41,$-6,$0,$168,$-83,$-10,$0,$-335,$251,$-83,$0,$-177,$0,$0,$0,$73,$73,$0,$15,$88,$79,$30,$0
20,2013-09-30,60.19,$23.94,2.51,$12.29,4.9,$4.75,12.67,$0.85,70.81,$1.65B,$0.26B,6.38,$0.00B,$2.88B,0.0,$1.46B,$0.56B,38.19%,$1.46B,$0.12B,7.94%,$1.46B,$0.12B,7.94%,$1.46B,$0.28B,19.30%,$1.46B,$0.13B,8.76%,$1.46B,$0.10B,6.84%,$0.10B,$2.88B,3.63%,$0.10B,$1.91B,5.61%,$0.10B,$3.19B,3.33%,$0.12B,$2.88B,4.21%,$391,$240,$151,$42,$64,$354,$37,$3,$40,$9,$30,$30,$30,$79,$37,$120,122,$0.26,$0.25,$1089,$217,$0,$1650,$550,$0,$969,$24,$1543,$3193,$259,$0,$28,$54,$312,$0,$803,$10,$2881,$3193,$30,$42,$10,$51,$-17,$-20,$23,$-37,$-13,$69,$-34,$-5,$0,$-184,$117,$-68,$0,$-106,$0,$0,$0,$29,$29,$0,$6,$34,$-2,$15,$0
21,2013-06-30,63.83,$23.46,2.72,$11.82,5.4,$5.09,12.54,$0.74,86.26,$1.52B,$0.21B,7.31,$0.00B,$2.81B,0.0,$1.39B,$0.52B,37.73%,$1.39B,$0.10B,6.93%,$1.39B,$0.10B,6.93%,$1.39B,$0.26B,18.69%,$1.39B,$0.11B,7.86%,$1.39B,$0.09B,6.20%,$0.09B,$2.81B,3.20%,$0.09B,$1.83B,5.04%,$0.09B,$3.05B,2.96%,$0.10B,$2.81B,3.57%,$375,$234,$141,$39,$62,$344,$31,$3,$34,$5,$28,$28,$28,$72,$31,$117,118,$0.24,$0.23,$1024,$197,$0,$1516,$543,$0,$974,$20,$1537,$3052,$207,$0,$13,$38,$246,$0,$772,$8,$2807,$3052,$87,$163,$46,$209,$-40,$-8,$42,$-26,$-11,$285,$-77,$-21,$0,$-675,$393,$-282,$0,$-380,$0,$0,$0,$95,$95,$0,$11,$106,$11,$54,$0
22,2013-03-31,54.71,$22.98,2.38,$11.30,4.84,$4.61,11.87,$0.60,91.18,$1.40B,$0.20B,7.05,$0.00B,$2.71B,0.0,$1.32B,$0.49B,37.10%,$1.32B,$0.07B,5.61%,$1.32B,$0.07B,5.61%,$1.32B,$0.24B,17.91%,$1.32B,$0.09B,6.45%,$1.32B,$0.07B,5.16%,$0.07B,$2.71B,2.59%,$0.07B,$1.73B,4.15%,$0.07B,$2.94B,2.40%,$0.07B,$2.71B,2.82%,$349,$216,$133,$39,$62,$326,$23,$3,$26,$4,$22,$22,$22,$64,$23,$117,119,$0.19,$0.19,$937,$196,$0,$1400,$550,$0,$979,$9,$1538,$2937,$199,$0,$15,$31,$229,$0,$746,$11,$2708,$2937,$59,$121,$40,$161,$-30,$-7,$33,$-6,$4,$224,$-55,$-16,$0,$0,$-200,$-200,$0,$-271,$0,$0,$0,$43,$43,$0,$4,$46,$-0,$41,$0
23,2012-12-31,33.98,$22.59,1.5,$10.81,3.14,$4.01,8.48,$0.49,69.35,$1.30B,$0.18B,7.38,$0.00B,$2.64B,0.0,$1.25B,$0.46B,36.28%,$1.25B,$0.06B,4.47%,$1.25B,$0.06B,4.47%,$1.25B,$0.22B,17.22%,$1.25B,$0.07B,5.26%,$1.25B,$0.06B,4.39%,$0.06B,$2.64B,2.13%,$0.06B,$1.65B,3.45%,$0.06B,$2.84B,1.97%,$0.06B,$2.64B,2.17%,$346,$213,$133,$40,$60,$321,$25,$2,$28,$7,$20,$20,$20,$67,$25,$116,116,$0.18,$0.18,$886,$185,$0,$1298,$555,$0,$983,$8,$1546,$2844,$176,$0,$17,$32,$208,$0,$724,$11,$2636,$2844,$37,$81,$28,$110,$8,$4,$15,$-4,$32,$178,$-30,$-10,$0,$0,$-145,$-145,$0,$-186,$0,$0,$0,$8,$8,$0,$0,$8,$1,$27,$0
24,2012-09-30,25.51,$22.29,1.14,$10.46,2.44,$3.33,7.66,$0.41,62.21,$1.24B,$0.18B,7.09,$0.00B,$2.59B,0.0,$1.21B,$0.43B,35.23%,$1.21B,$0.04B,3.55%,$1.21B,$0.04B,3.55%,$1.21B,$0.20B,16.42%,$1.21B,$0.05B,4.29%,$1.21B,$0.05B,3.88%,$0.05B,$2.59B,1.84%,$0.05B,$1.60B,3.01%,$0.05B,$2.80B,1.71%,$0.04B,$2.59B,1.68%,$316,$200,$116,$38,$53,$298,$17,$3,$21,$5,$16,$16,$16,$56,$17,$116,116,$0.14,$0.14,$816,$180,$0,$1240,$566,$0,$988,$8,$1562,$2803,$175,$0,$20,$36,$211,$0,$703,$12,$2592,$2803,$16,$39,$13,$52,$-10,$9,$10,$-3,$17,$86,$-13,$-6,$0,$0,$-88,$-88,$0,$-106,$0,$0,$0,$5,$5,$0,$0,$5,$-15,$12,$0
25,2012-06-30,25.67,$22.09,1.16,$10.13,2.53,$2.77,9.28,$0.38,67.55,$1.16B,$0.15B,7.81,$0.00B,$2.56B,0.0,$1.17B,$0.41B,35.11%,$1.17B,$0.04B,3.35%,$1.17B,$0.04B,3.35%,$1.17B,$0.19B,16.31%,$1.17B,$0.05B,4.03%,$1.17B,$0.04B,3.78%,$0.04B,$2.56B,1.74%,$0.04B,$1.57B,2.87%,$0.04B,$2.75B,1.61%,$0.04B,$2.56B,1.54%,$307,$200,$107,$37,$52,$298,$9,$2,$10,$0,$10,$10,$10,$49,$9,$115,115,$0.10,$0.10,$745,$189,$0,$1164,$582,$0,$992,$8,$1583,$2747,$149,$0,$23,$38,$187,$0,$687,$11,$2560,$2747,$44,$151,$50,$201,$-9,$27,$-10,$-7,$-3,$242,$-95,$-17,$-455,$0,$118,$118,$0,$-448,$0,$0,$0,$-7,$-7,$0,$0,$-7,$-212,$46,$0
26,2012-03-31,31.63,$21.91,1.44,$9.68,3.27,$1.62,19.54,$0.47,67.3,$1.15B,$0.16B,7.2,$0.00B,$2.55B,0.0,$1.10B,$0.40B,35.88%,$1.10B,$0.05B,4.54%,$1.10B,$0.05B,4.54%,$1.10B,$0.20B,17.71%,$1.10B,$0.06B,5.45%,$1.10B,$0.05B,4.90%,$0.05B,$2.55B,2.20%,$0.05B,$1.55B,3.38%,$0.05B,$2.75B,2.04%,$0.05B,$2.55B,2.04%,$285,$185,$99,$36,$50,$280,$5,$2,$7,$-2,$9,$9,$9,$44,$5,$116,116,$0.08,$0.08,$710,$197,$0,$1152,$594,$0,$997,$8,$1599,$2751,$160,$0,$25,$46,$206,$0,$689,$11,$2545,$2751,$34,$111,$37,$148,$-25,$19,$-0,$7,$-11,$171,$-75,$-12,$-456,$0,$168,$168,$0,$-376,$0,$0,$0,$4,$4,$0,$0,$4,$-200,$35,$0
27,2011-12-31,22.04,$21.73,1.01,$9.21,2.39,$0.78,28.39,$0.56,39.36,$1.11B,$0.15B,7.41,$0.00B,$2.52B,0.0,$1.04B,$0.39B,37.39%,$1.04B,$0.07B,6.28%,$1.04B,$0.07B,6.28%,$1.04B,$0.20B,19.61%,$1.04B,$0.08B,7.25%,$1.04B,$0.06B,6.18%,$0.06B,$2.52B,2.69%,$0.06B,$1.52B,3.86%,$0.06B,$2.72B,2.49%,$0.07B,$2.52B,2.74%,$304,$199,$105,$36,$49,$292,$12,$2,$14,$2,$12,$12,$12,$50,$12,$116,116,$0.10,$0.10,$687,$187,$0,$1105,$606,$0,$1003,$6,$1615,$2719,$149,$0,$26,$48,$197,$0,$680,$11,$2522,$2719,$25,$72,$24,$96,$-13,$29,$-15,$9,$1,$122,$-53,$-8,$-456,$0,$172,$172,$0,$-345,$0,$0,$0,$3,$3,$0,$0,$3,$-219,$23,$0
28,2011-09-30,25.98,$21.55,1.21,$8.92,2.91,$0.36,73.12,$0.91,28.55,$1.08B,$0.15B,7.09,$0.00B,$2.50B,0.0,$0.99B,$0.40B,40.79%,$0.99B,$0.11B,10.93%,$0.99B,$0.11B,10.93%,$0.99B,$0.24B,24.09%,$0.99B,$0.12B,12.04%,$0.99B,$0.10B,10.32%,$0.10B,$2.50B,4.45%,$0.10B,$1.49B,5.93%,$0.10B,$2.70B,4.11%,$0.11B,$2.50B,4.71%,$269,$171,$98,$34,$46,$256,$13,$3,$16,$4,$13,$13,$13,$47,$13,$112,113,$0.11,$0.11,$632,$204,$0,$1081,$607,$0,$1004,$5,$1617,$2697,$152,$0,$25,$47,$199,$0,$668,$13,$2498,$2697,$13,$34,$12,$46,$-22,$12,$-14,$2,$-17,$42,$-34,$-4,$-456,$0,$198,$198,$0,$-296,$0,$0,$0,$2,$2,$0,$0,$2,$-251,$11,$0
29,2011-06-30,33.59,$20.63,1.63,$8.98,3.74,$0.53,63.13,$1.33,25.26,$1.46B,$0.14B,10.38,$0.00B,$2.26B,0.0,$0.99B,$0.44B,44.17%,$0.99B,$0.17B,17.02%,$0.99B,$0.17B,17.02%,$0.99B,$0.29B,29.69%,$0.99B,$0.18B,18.03%,$0.99B,$0.15B,14.89%,$0.15B,$2.26B,6.70%,$0.15B,$1.83B,8.32%,$0.15B,$2.45B,6.17%,$0.17B,$2.26B,7.66%,$243,$150,$93,$30,$39,$223,$20,$3,$23,$3,$20,$20,$20,$54,$20,$109,110,$0.18,$0.18,$1086,$176,$0,$1457,$556,$0,$429,$5,$990,$2447,$140,$0,$23,$45,$185,$0,$655,$13,$2262,$2447,$147,$124,$30,$154,$-1,$-63,$18,$-33,$-49,$251,$-237,$-13,$-13,$0,$-40,$-40,$0,$-303,$0,$0,$0,$34,$34,$0,$10,$45,$-7,$38,$0
30,2011-03-31,46.16,$20.30,2.27,$9.30,4.96,$1.19,38.95,$1.63,28.32,$1.44B,$0.12B,11.7,$0.00B,$2.22B,0.0,$1.01B,$0.47B,46.98%,$1.01B,$0.22B,21.51%,$1.01B,$0.22B,21.51%,$1.01B,$0.34B,33.20%,$1.01B,$0.23B,22.30%,$1.01B,$0.18B,17.84%,$0.18B,$2.22B,8.43%,$0.18B,$1.79B,10.52%,$0.18B,$2.41B,7.76%,$0.22B,$2.22B,10.16%,$219,$128,$91,$31,$38,$199,$20,$2,$22,$3,$19,$19,$19,$52,$20,$109,110,$0.17,$0.17,$1073,$170,$0,$1441,$534,$0,$429,$4,$967,$2408,$123,$0,$24,$63,$186,$0,$635,$11,$2222,$2408,$127,$90,$19,$110,$-9,$-57,$18,$-12,$-49,$187,$-189,$-9,$-13,$0,$-7,$-7,$0,$-218,$0,$0,$0,$34,$34,$0,$10,$44,$13,$28,$0
31,2010-12-31,65.89,$20.02,3.29,$9.47,6.96,$1.46,45.01,$1.87,35.24,$1.45B,$0.14B,10.77,$0.00B,$2.19B,0.0,$1.02B,$0.50B,48.34%,$1.02B,$0.25B,24.80%,$1.02B,$0.25B,24.80%,$1.02B,$0.37B,35.64%,$1.02B,$0.26B,25.59%,$1.02B,$0.21B,20.12%,$0.21B,$2.19B,10.00%,$0.21B,$1.76B,12.57%,$0.21B,$2.38B,9.19%,$0.25B,$2.19B,12.33%,$257,$136,$121,$29,$33,$202,$55,$2,$58,$8,$50,$50,$50,$85,$55,$108,110,$0.46,$0.45,$1111,$146,$0,$1453,$496,$0,$430,$5,$930,$2384,$135,$0,$20,$60,$195,$0,$616,$11,$2189,$2384,$108,$58,$10,$68,$-17,$-33,$23,$2,$-30,$146,$-126,$-5,$0,$0,$14,$14,$0,$-117,$0,$0,$0,$30,$30,$0,$9,$39,$68,$18,$0
32,2010-09-30,54.29,$19.38,2.8,$9.00,6.03,$1.49,36.52,$1.74,31.2,$1.41B,$0.13B,10.66,$0.00B,$2.10B,0.0,$0.97B,$0.47B,48.45%,$0.97B,$0.25B,25.36%,$0.97B,$0.25B,25.36%,$0.97B,$0.35B,36.23%,$0.97B,$0.25B,26.09%,$0.97B,$0.19B,19.67%,$0.19B,$2.10B,9.64%,$0.19B,$1.68B,12.25%,$0.19B,$2.29B,8.87%,$0.25B,$2.10B,12.43%,$268,$138,$131,$25,$29,$195,$73,$2,$75,$17,$58,$58,$58,$102,$73,$108,110,$0.54,$0.53,$1099,$126,$0,$1407,$460,$0,$417,$5,$882,$2288,$132,$0,$16,$56,$188,$0,$566,$13,$2101,$2288,$58,$28,$6,$34,$-5,$-14,$15,$0,$-3,$89,$-62,$-2,$0,$0,$-19,$-19,$0,$-83,$0,$0,$0,$7,$7,$0,$3,$10,$15,$8,$0
33,2010-06-30,60.03,$18.78,3.2,$8.38,7.17,$1.68,35.66,$1.44,41.69,$1.36B,$0.12B,11.28,$0.00B,$2.03B,0.0,$0.87B,$0.41B,47.40%,$0.87B,$0.20B,22.95%,$0.87B,$0.20B,22.95%,$0.87B,$0.30B,34.37%,$0.87B,$0.21B,23.64%,$0.87B,$0.15B,17.65%,$0.15B,$2.03B,8.17%,$0.15B,$1.61B,10.53%,$0.15B,$2.20B,7.52%,$0.20B,$2.03B,10.62%,$265,$134,$131,$22,$37,$196,$69,$2,$70,$17,$53,$53,$53,$96,$69,$102,105,$0.52,$0.49,$1066,$112,$0,$1355,$420,$0,$419,$5,$844,$2199,$120,$0,$12,$51,$171,$0,$508,$12,$2028,$2199,$152,$100,$-5,$95,$-15,$-33,$16,$-18,$3,$251,$-168,$-9,$-66,$0,$-520,$-520,$0,$-763,$0,$0,$0,$598,$598,$0,$22,$620,$107,$24,$0
34,2010-03-31,70.22,$17.93,3.92,$7.51,9.35,$2.28,30.84,$1.07,65.63,$1.26B,$0.12B,10.77,$0.00B,$1.93B,0.0,$0.75B,$0.34B,45.20%,$0.75B,$0.14B,18.80%,$0.75B,$0.14B,18.80%,$0.75B,$0.24B,31.73%,$0.75B,$0.15B,19.73%,$0.75B,$0.11B,14.67%,$0.11B,$1.93B,6.58%,$0.11B,$1.50B,8.78%,$0.11B,$2.09B,5.99%,$0.14B,$1.93B,8.43%,$234,$122,$112,$20,$29,$178,$57,$2,$59,$14,$45,$45,$45,$82,$57,$106,109,$0.42,$0.41,$988,$107,$0,$1258,$400,$3,$422,$8,$834,$2091,$117,$0,$5,$49,$166,$0,$455,$11,$1925,$2091,$99,$73,$4,$77,$-23,$-28,$22,$-4,$-21,$156,$-128,$-7,$-66,$0,$-493,$-493,$0,$-693,$0,$0,$0,$578,$578,$0,$17,$595,$57,$17,$0
35,2009-12-31,56.37,$17.27,3.26,$6.83,8.25,$3.08,18.31,$0.71,79.39,$1.18B,$0.11B,11.01,$0.00B,$1.83B,0.0,$0.65B,$0.27B,42.35%,$0.65B,$0.09B,13.45%,$0.65B,$0.09B,13.45%,$0.65B,$0.18B,28.28%,$0.65B,$0.09B,14.53%,$0.65B,$0.07B,10.66%,$0.07B,$1.83B,4.63%,$0.07B,$1.41B,6.37%,$0.07B,$1.99B,4.21%,$0.09B,$1.83B,5.84%,$199,$105,$94,$19,$26,$153,$46,$2,$48,$14,$34,$34,$34,$70,$46,$105,107,$0.32,$0.32,$939,$93,$0,$1180,$366,$15,$423,$6,$810,$1990,$107,$0,$8,$52,$159,$0,$411,$12,$1831,$1990,$55,$47,$-3,$44,$-10,$-14,$-4,$-2,$-16,$83,$-62,$-5,$-57,$0,$-316,$-316,$0,$-439,$0,$0,$0,$533,$533,$0,$16,$549,$192,$12,$0
36,2009-09-30,36.75,$16.51,2.23,$6.63,5.54,$3.48,10.55,$0.51,72.06,$1.08B,$0.09B,11.43,$0.00B,$1.71B,0.0,$0.60B,$0.24B,39.60%,$0.60B,$0.05B,8.89%,$0.60B,$0.05B,8.89%,$0.60B,$0.15B,25.00%,$0.60B,$0.06B,10.07%,$0.60B,$0.05B,7.72%,$0.05B,$1.71B,3.47%,$0.05B,$1.29B,4.93%,$0.05B,$1.85B,3.14%,$0.05B,$1.71B,4.00%,$169,$95,$74,$20,$24,$142,$27,$2,$28,$7,$21,$21,$21,$50,$27,$91,93,$0.23,$0.23,$868,$86,$0,$1078,$334,$20,$416,$6,$776,$1854,$94,$0,$8,$51,$145,$0,$377,$12,$1709,$1854,$21,$23,$4,$27,$10,$-7,$4,$0,$13,$61,$-20,$-2,$-57,$0,$-35,$-35,$0,$-115,$0,$0,$0,$457,$457,$0,$2,$459,$406,$6,$0
37,2009-06-30,29.4,$13.66,2.15,$6.39,4.6,$3.38,8.69,$0.35,84.0,$0.63B,$0.13B,4.89,$0.00B,$1.23B,0.0,$0.57B,$0.21B,37.21%,$0.57B,$0.03B,5.47%,$0.57B,$0.03B,5.47%,$0.57B,$0.13B,22.57%,$0.57B,$0.04B,7.05%,$0.57B,$0.03B,5.47%,$0.03B,$1.23B,2.61%,$0.03B,$0.81B,3.84%,$0.03B,$1.41B,2.35%,$0.03B,$1.23B,2.61%,$148,$89,$59,$19,$21,$137,$11,$2,$13,$3,$10,$10,$10,$36,$11,$88,89,$0.10,$0.10,$418,$79,$0,$629,$320,$30,$418,$7,$775,$1405,$129,$0,$8,$51,$180,$0,$356,$11,$1225,$1405,$30,$98,$16,$115,$7,$1,$1,$15,$33,$178,$-55,$-9,$-64,$0,$-47,$-47,$0,$-175,$0,$0,$0,$24,$24,$0,$1,$25,$29,$21,$0
38,2009-03-31,23.53,$13.42,1.75,$6.27,3.75,$2.56,9.21,$0.33,71.3,$0.57B,$0.06B,8.89,$0.00B,$1.19B,0.0,$0.56B,$0.20B,35.68%,$0.56B,$0.03B,4.50%,$0.56B,$0.03B,4.50%,$0.56B,$0.12B,21.80%,$0.56B,$0.04B,6.31%,$0.56B,$0.03B,5.23%,$0.03B,$1.19B,2.48%,$0.03B,$0.83B,3.62%,$0.03B,$1.30B,2.24%,$0.03B,$1.19B,2.14%,$131,$84,$47,$17,$21,$128,$3,$2,$5,$1,$4,$4,$4,$27,$3,$88,89,$0.05,$0.05,$367,$77,$0,$566,$328,$38,$365,$7,$738,$1304,$64,$0,$4,$49,$113,$0,$346,$11,$1191,$1304,$21,$74,$20,$93,$6,$2,$-2,$16,$21,$135,$-41,$-6,$-64,$0,$-49,$-49,$0,$-160,$0,$0,$0,$7,$7,$0,$0,$8,$-17,$16,$0
39,2008-12-31,15.87,$13.35,1.19,$6.20,2.56,$1.83,8.67,$0.34,46.68,$0.55B,$0.08B,6.89,$0.00B,$1.18B,0.0,$0.55B,$0.20B,35.52%,$0.55B,$0.03B,4.74%,$0.55B,$0.03B,4.74%,$0.55B,$0.12B,22.22%,$0.55B,$0.04B,6.74%,$0.55B,$0.03B,5.65%,$0.03B,$1.18B,2.66%,$0.03B,$0.81B,3.83%,$0.03B,$1.31B,2.39%,$0.03B,$1.18B,2.23%,$148,$91,$56,$18,$22,$136,$12,$2,$14,$3,$11,$11,$11,$36,$12,$88,89,$0.12,$0.12,$322,$79,$0,$549,$340,$43,$367,$7,$758,$1306,$80,$0,$4,$50,$130,$0,$342,$10,$1177,$1306,$17,$49,$12,$61,$2,$1,$7,$-3,$7,$85,$-31,$-4,$-60,$0,$-59,$-59,$0,$-155,$0,$0,$0,$4,$4,$0,$0,$4,$-66,$11,$0
40,2008-09-30,22.78,$13.10,1.74,$5.90,3.86,$1.68,13.55,$0.30,75.93,$0.50B,$0.07B,7.33,$0.00B,$1.16B,0.0,$0.52B,$0.18B,34.81%,$0.52B,$0.02B,3.46%,$0.52B,$0.02B,3.46%,$0.52B,$0.12B,22.12%,$0.52B,$0.03B,6.15%,$0.52B,$0.03B,5.19%,$0.03B,$1.16B,2.38%,$0.03B,$0.79B,3.33%,$0.03B,$1.27B,2.14%,$0.02B,$1.16B,1.59%,$140,$91,$49,$17,$23,$136,$5,$3,$8,$2,$6,$6,$6,$29,$5,$88,89,$0.07,$0.07,$286,$79,$0,$500,$342,$53,$366,$6,$767,$1267,$68,$0,$4,$42,$110,$0,$332,$9,$1157,$1267,$6,$25,$6,$31,$7,$1,$3,$-2,$8,$44,$-14,$-2,$-60,$0,$-53,$-53,$0,$-129,$0,$0,$0,$1,$1,$0,$0,$1,$-84,$5,$0
41,2008-06-30,22.81,$13.01,1.75,$5.63,4.05,$1.51,15.15,$0.38,60.03,$0.53B,$0.13B,4.28,$0.00B,$1.15B,0.0,$0.49B,$0.17B,33.87%,$0.49B,$0.01B,2.43%,$0.49B,$0.01B,2.43%,$0.49B,$0.11B,22.31%,$0.49B,$0.04B,8.32%,$0.49B,$0.03B,6.90%,$0.03B,$1.15B,3.09%,$0.03B,$0.78B,4.19%,$0.03B,$1.31B,2.77%,$0.01B,$1.15B,1.09%,$136,$90,$46,$16,$19,$131,$5,$3,$8,$1,$7,$7,$8,$29,$5,$86,88,$0.10,$0.09,$312,$80,$0,$533,$348,$59,$369,$5,$780,$1313,$125,$0,$4,$43,$168,$0,$326,$9,$1146,$1313,$33,$98,$-3,$95,$-31,$-9,$2,$-7,$-26,$103,$-54,$-8,$-7,$0,$110,$110,$0,$41,$0,$0,$0,$11,$11,$0,$5,$16,$168,$16,$0
42,2008-03-31,27.96,$13.12,2.13,$5.48,5.1,$1.32,21.21,$0.37,75.57,$0.57B,$0.07B,8.36,$0.00B,$1.18B,0.0,$0.47B,$0.15B,32.69%,$0.47B,$0.00B,0.85%,$0.47B,$0.00B,0.85%,$0.47B,$0.10B,21.79%,$0.47B,$0.04B,8.76%,$0.47B,$0.03B,6.84%,$0.03B,$1.18B,2.99%,$0.03B,$0.86B,3.94%,$0.03B,$1.31B,2.72%,$0.00B,$1.18B,0.37%,$125,$81,$44,$15,$21,$121,$4,$4,$7,$2,$6,$6,$6,$28,$4,$87,89,$0.06,$0.06,$337,$83,$0,$567,$351,$61,$318,$9,$739,$1306,$68,$0,$5,$62,$130,$0,$317,$8,$1177,$1306,$25,$74,$-8,$66,$-31,$-14,$10,$3,$-25,$66,$-36,$-5,$-7,$0,$115,$115,$0,$66,$56,$0,$56,$-0,$-0,$0,$6,$62,$200,$11,$0
43,2007-12-31,27.47,$12.26,2.24,$5.25,5.23,$1.14,24.1,$0.58,47.36,$0.49B,$0.06B,8.18,$0.00B,$1.05B,0.0,$0.43B,$0.14B,31.87%,$0.43B,0,0.00%,$0.43B,0,0.00%,$0.43B,$0.09B,21.71%,$0.43B,$0.04B,8.78%,$0.43B,$0.05B,10.85%,$0.05B,$1.05B,4.74%,$0.05B,$0.82B,5.91%,$0.05B,$1.15B,4.34%,$0.00B,$1.05B,0.00%,$119,$77,$42,$15,$18,$115,$4,$5,$9,$2,$7,$7,$7,$29,$4,$85,87,$0.08,$0.08,$295,$75,$0,$494,$354,$67,$234,$4,$659,$1153,$60,$0,$6,$43,$104,$0,$312,$1,$1049,$1153,$19,$49,$-7,$43,$-11,$-4,$3,$3,$-1,$61,$-21,$-3,$0,$0,$61,$61,$0,$36,$0,$0,$0,$13,$13,$0,$2,$14,$111,$7,$0
44,2007-09-30,31.1,$12.10,2.57,$5.02,6.2,$0.69,45.07,$0.71,43.8,$0.45B,$0.06B,8.13,$0.00B,$1.03B,0.0,$0.40B,$0.13B,31.27%,$0.40B,$-0.00B,-0.25%,$0.40B,$-0.00B,-0.25%,$0.40B,$0.09B,21.84%,$0.40B,$0.05B,11.66%,$0.40B,$0.06B,13.90%,$0.06B,$1.03B,5.95%,$0.06B,$0.80B,7.13%,$0.06B,$1.13B,5.45%,$-0.00B,$1.03B,-0.11%,$113,$79,$35,$13,$18,$114,$-1,$18,$17,$4,$13,$13,$13,$24,$-1,$85,87,$0.15,$0.15,$253,$65,$0,$446,$365,$79,$237,$3,$684,$1130,$55,$0,$6,$43,$98,$0,$305,$1,$1032,$1130,$13,$25,$-11,$14,$-7,$6,$-2,$-4,$-1,$26,$-11,$-2,$0,$0,$21,$21,$0,$8,$0,$0,$0,$7,$7,$0,$1,$8,$42,$3,$0
45,2007-06-30,25.85,$12.00,2.15,$5.04,5.13,$0.64,40.54,$0.73,35.41,$0.43B,$0.05B,7.97,$0.00B,$1.02B,0.0,$0.39B,$0.13B,34.01%,$0.39B,$0.02B,4.06%,$0.39B,$0.02B,4.06%,$0.39B,$0.10B,25.38%,$0.39B,$0.05B,12.69%,$0.39B,$0.06B,14.21%,$0.06B,$1.02B,6.26%,$0.06B,$0.78B,7.18%,$0.06B,$1.12B,5.73%,$0.02B,$1.02B,1.79%,$111,$79,$32,$15,$15,$114,$-3,$11,$8,$2,$7,$7,$6,$21,$-3,$79,79,$0.07,$0.07,$243,$71,$0,$434,$372,$68,$238,$2,$682,$1116,$54,$0,$6,$46,$100,$0,$292,$10,$1016,$1116,$57,$84,$-8,$76,$11,$-15,$-2,$1,$-22,$111,$-82,$-6,$-123,$0,$114,$114,$0,$-98,$-1,$0,$-1,$-8,$-8,$0,$1,$-8,$5,$12,$0
46,2007-03-31,16.46,$11.36,1.45,$5.00,3.29,$1.24,13.29,$0.82,20.07,$0.40B,$0.04B,9.11,$0.00B,$0.87B,0.0,$0.39B,$0.15B,37.69%,$0.39B,$0.04B,9.49%,$0.39B,$0.04B,9.49%,$0.39B,$0.12B,29.74%,$0.39B,$0.06B,16.41%,$0.39B,$0.06B,16.15%,$0.06B,$0.87B,7.44%,$0.06B,$0.79B,8.03%,$0.06B,$0.93B,6.82%,$0.04B,$0.87B,4.37%,$90,$61,$29,$16,$13,$90,$0,$4,$4,$-10,$14,$14,$21,$20,$0,$76,77,$0.28,$0.27,$266,$50,$0,$402,$359,$91,$77,$5,$532,$934,$44,$0,$0,$19,$63,$0,$286,$7,$871,$934,$51,$60,$-22,$37,$9,$-19,$4,$-3,$-5,$84,$-72,$-4,$-45,$0,$82,$82,$0,$-39,$-1,$0,$-1,$-14,$-14,$0,$0,$-15,$30,$9,$0
47,2006-12-31,17.32,$11.07,1.56,$5.21,3.33,$1.97,8.78,$0.86,20.14,$0.37B,$0.05B,7.76,$0.00B,$0.85B,0.0,$0.41B,$0.17B,41.42%,$0.41B,$0.06B,15.44%,$0.41B,$0.06B,15.44%,$0.41B,$0.14B,34.56%,$0.41B,$0.09B,21.81%,$0.41B,$0.07B,16.18%,$0.07B,$0.85B,7.95%,$0.07B,$0.78B,8.47%,$0.07B,$0.93B,7.25%,$0.06B,$0.85B,7.58%,$89,$58,$30,$14,$13,$86,$3,$15,$18,$2,$16,$16,$16,$23,$3,$77,78,$0.21,$0.21,$232,$49,$0,$366,$369,$117,$73,$3,$562,$928,$47,$1,$0,$33,$81,$0,$265,$8,$848,$928,$30,$40,$-8,$31,$5,$-18,$10,$4,$-0,$61,$-61,$-3,$-44,$0,$54,$54,$0,$-53,$-0,$0,$-0,$-15,$-15,$0,$0,$-15,$-7,$6,$0
