,Date,Stock Price,Book Value per Share,Price to Book Ratio,TTM Sales per Share,Price to Sales Ratio,TTM FCF per Share,Price to FCF Ratio,TTM Net EPS,PE Ratio,Current Assets,Current Liabilities,Current Ratio,Long Term Debt,Shareholder's Equity_x,Debt to Equity Ratio,TTM Revenue_x,TTM Gross Profit,Gross Margin,TTM Revenue_y,TTM Operating Income,Operating Margin,TTM Revenue_x,TTM EBIT,EBIT Margin,TTM Revenue_y,TTM EBITDA,EBITDA Margin,TTM Revenue_x,TTM Pre-Tax Income,Pre-Tax Margin,TTM Revenue_y,TTM Net Income_x,Net Margin,TTM Net Income_y,Shareholder's Equity_y,Return on Equity,TTM Net Income_x,Tangible Equity,Return on Tangible Equity,TTM Net Income_y,Total Assets,Return on Assets,TTM Net Income,LT Investments & Debt,Return on Investment,revenue,cost-goods-sold,gross-profit,research-development-expenses,selling-general-administrative-expenses,operating-expenses,operating-income,total-non-operating-income-expense,pre-tax-income,total-provision-income-taxes,income-after-taxes,income-from-continuous-operations,net-income,ebitda,ebit,basic-shares-outstanding,shares-outstanding,eps-basic-net-earnings-per-share,eps-earnings-per-share-diluted,cash-on-hand,inventory,other-current-assets,total-current-assets,net-property-plant-equipment,long-term-investments,goodwill-intangible-assets-total,other-long-term-assets,total-long-term-assets,total-assets,total-current-liabilities,long-term-debt,other-non-current-liabilities,total-long-term-liabilities,total-liabilities,common-stock-net,retained-earnings-accumulated-deficit,comprehensive-income,total-share-holder-equity,total-liabilities-share-holders-equity,net-income-loss,total-depreciation-amortization-cash-flow,other-non-cash-items,total-non-cash-items,change-in-accounts-receivable,change-in-inventories,change-in-accounts-payable,change-in-assets-liabilities,total-change-in-assets-liabilities,cash-flow-from-operating-activities,net-change-in-property-plant-equipment,net-change-in-intangible-assets,net-acquisitions-divestitures,net-change-in-short-term-investments,net-change-in-long-term-investments,net-change-in-investments-total,investing-activities-other,cash-flow-from-investing-activities,net-long-term-debt,net-current-debt,debt-issuance-retirement-net-total,net-common-equity-issued-repurchased,net-total-equity-issued-repurchased,total-common-preferred-stock-dividends-paid,financial-activities-other,cash-flow-from-financial-activities,net-cash-flow,stock-based-compensation,common-stock-dividends-paid
0,2018-09-30,1.16,$22.79,0.05,0,0.0,$0.74,1.57,$-0.02,0.0,$0.09B,$0.07B,1.25,$0.00B,$0.19B,0.01,$0.00B,0,nan%,$0.00B,$-0.00B,inf%,$0.00B,$0.00B,inf%,$0.00B,$0.00B,inf%,$0.00B,$-0.01B,inf%,$0.00B,$-0.01B,inf%,$-0.01B,$0.19B,-6.96%,$-0.01B,$0.19B,-6.96%,$-0.01B,$0.28B,-4.87%,$-0.00B,$0.19B,-0.50%,$0,$0,$0,$0,$3,$2,$-2,$-1,$-3,$-0,$-2,$-2,$-2,$-1,$-1,$8,8,$-0.29,$-0.29,$64,$0,$0,$91,$35,$90,$0,$0,$187,$278,$73,$1,$8,$16,$89,$0,$72,$-9,$189,$278,$-4,$0,$2,$2,$1,$0,$4,$-0,$6,$3,$0,$0,$0,$0,$0,$0,$0,$0,$0,$1,$1,$0,$0,$0,$0,$1,$1,$0,$0
1,2018-06-30,1.55,$24.04,0.06,0,0.0,$0.22,7.0,$-0.02,0.0,$0.10B,$0.07B,1.35,$0.00B,$0.20B,0.0,$0.00B,0,nan%,$0.00B,$0.00B,inf%,$0.00B,$0.01B,inf%,$0.00B,$0.01B,inf%,$0.00B,$-0.01B,inf%,$0.00B,$-0.01B,inf%,$-0.01B,$0.20B,-5.80%,$-0.01B,$0.20B,-5.80%,$-0.01B,$0.29B,-4.15%,$0.00B,$0.20B,0.97%,$0,$0,$0,$0,$1,$0,$-0,$-1,$-2,$-0,$-2,$-2,$-2,$1,$1,$8,8,$-0.19,$-0.19,$65,$0,$0,$95,$0,$96,$0,$0,$191,$286,$70,$0,$8,$16,$86,$0,$75,$-1,$200,$286,$-2,$0,$0,$0,$0,$0,$0,$3,$3,$2,$0,$0,$0,$0,$0,$0,$0,$0,$0,$0,$0,$0,$0,$0,$0,$0,$1,$0,$0
2,2018-03-31,1.42,$25.55,0.06,0,0.0,$-0.13,0.0,$0.02,71.0,$0.10B,$0.07B,1.38,$0.00B,$0.21B,0.0,$0.00B,0,nan%,$0.00B,$0.00B,inf%,$0.00B,$0.01B,inf%,$0.00B,$0.01B,inf%,$0.00B,$-0.00B,inf%,$0.00B,$-0.01B,inf%,$-0.01B,$0.21B,-4.80%,$-0.01B,$0.21B,-4.80%,$-0.01B,$0.30B,-3.49%,$0.00B,$0.21B,1.92%,$0,$0,$0,$0,$0,$-2,$2,$-1,$0,$1,$-0,$-0,$-0,$4,$4,$8,8,$-0.02,$-0.02,$68,$0,$0,$98,$0,$103,$0,$0,$203,$300,$71,$0,$8,$17,$88,$0,$76,$10,$212,$300,$-0,$0,$0,$0,$0,$0,$-0,$1,$1,$1,$0,$0,$0,$0,$0,$0,$0,$0,$0,$0,$0,$0,$0,$0,$0,$0,$3,$0,$0
3,2017-12-31,2.8,$24.58,0.11,0,0.0,$-0.38,0.0,$0.09,31.11,$0.09B,$0.07B,1.37,$0.00B,$0.20B,0.0,$0.00B,0,nan%,$0.00B,$0.00B,inf%,$0.00B,$0.01B,inf%,$0.00B,$0.01B,inf%,$0.00B,$-0.00B,inf%,$0.00B,$-0.01B,inf%,$-0.01B,$0.20B,-4.85%,$-0.01B,$0.20B,-4.85%,$-0.01B,$0.29B,-3.59%,$0.00B,$0.20B,1.94%,$0,$0,$0,$0,$2,$1,$-1,$-2,$-3,$7,$-10,$-10,$-10,$0,$0,$8,8,$-1.17,$-1.17,$63,$0,$0,$91,$0,$101,$0,$0,$196,$287,$66,$0,$8,$17,$83,$0,$77,$2,$204,$287,$-9,$0,$1,$1,$0,$0,$2,$-1,$8,$-0,$0,$0,$0,$0,$0,$0,$0,$0,$-1,$0,$-1,$0,$0,$0,$0,$-1,$2,$0,$0
4,2017-09-30,1.0,$25.37,0.04,$-0.00,0.0,$4.41,0.23,$0.09,11.11,$0.09B,$0.06B,1.43,$0.00B,$0.21B,0.0,$0.00B,0,nan%,$0.00B,$0.01B,inf%,$0.00B,$0.01B,inf%,$0.00B,$0.01B,inf%,$0.00B,$0.00B,inf%,$0.00B,$-0.00B,inf%,$-0.00B,$0.21B,-0.49%,$-0.00B,$0.21B,-0.49%,$-0.00B,$0.28B,-0.37%,$0.01B,$0.21B,2.92%,$0,$0,$0,$0,$0,$-1,$1,$-1,$0,$0,$-0,$-0,$-0,$3,$3,$8,8,$0.00,$0.00,$62,$0,$0,$89,$0,$102,$0,$0,$194,$283,$62,$0,$1,$11,$72,$0,$86,$-2,$211,$283,$0,$0,$0,$0,$0,$0,$1,$-2,$-1,$-1,$0,$0,$0,$0,$0,$0,$0,$0,$-1,$0,$-1,$0,$0,$0,$0,$-1,$1,$0,$0
5,2017-06-30,1.31,$24.87,0.05,$-0.00,0.0,$8.18,0.16,$0.15,8.73,$0.08B,$0.06B,1.44,$0.00B,$0.21B,0.0,$0.00B,0,nan%,$0.00B,$0.01B,inf%,$0.00B,$0.01B,inf%,$0.00B,$0.01B,inf%,$0.00B,$0.00B,inf%,$0.00B,0,nan%,$0.00B,$0.21B,0.00%,$0.00B,$0.21B,0.00%,$0.00B,$0.28B,0.00%,$0.01B,$0.21B,3.40%,$0,$0,$0,$0,$0,$-2,$2,$-1,$1,$0,$0,$0,$0,$4,$4,$8,8,$0.04,$0.04,$60,$0,$0,$83,$0,$101,$0,$0,$192,$275,$58,$0,$1,$11,$68,$0,$86,$-6,$207,$275,$1,$0,$0,$0,$0,$0,$1,$-2,$-2,$-1,$0,$0,$0,$0,$0,$0,$0,$0,$-1,$0,$-1,$0,$0,$0,$0,$-1,$-1,$0,$0
6,2017-03-31,1.58,$24.41,0.06,$-0.00,0.0,$11.21,0.14,$0.39,4.05,$0.08B,$0.06B,1.44,$0.00B,$0.20B,0.0,$0.00B,0,nan%,$0.00B,$0.01B,inf%,$0.00B,$0.02B,inf%,$0.00B,$0.02B,inf%,$0.00B,$0.00B,inf%,$0.00B,$0.00B,inf%,$0.00B,$0.20B,0.97%,$0.00B,$0.20B,0.97%,$0.00B,$0.27B,0.73%,$0.01B,$0.20B,3.80%,$0,$0,$0,$0,$0,$-2,$2,$-1,$1,$0,$0,$0,$0,$4,$4,$8,8,$0.05,$0.05,$58,$0,$0,$79,$0,$101,$0,$0,$189,$269,$55,$0,$1,$10,$66,$0,$86,$-9,$203,$269,$0,$0,$0,$0,$0,$0,$0,$-2,$-1,$-1,$0,$0,$0,$0,$0,$0,$0,$0,$-0,$0,$-0,$0,$0,$0,$0,$-0,$-1,$0,$0
7,2016-12-31,1.49,$24.24,0.06,$0.00,0.0,$12.25,0.12,$0.34,4.39,$0.08B,$0.05B,1.43,$0.00B,$0.20B,0.0,$0.00B,0,nan%,$0.00B,$0.01B,inf%,$0.00B,$0.02B,inf%,$0.00B,$0.02B,inf%,$0.00B,$0.00B,inf%,$0.00B,$0.00B,inf%,$0.00B,$0.20B,0.95%,$0.00B,$0.20B,0.95%,$0.00B,$0.27B,0.71%,$0.01B,$0.20B,4.58%,$0,$0,$-0,$0,$0,$-1,$1,$-2,$-1,$0,$-1,$-1,$-1,$2,$2,$8,8,$-0.13,$-0.13,$57,$0,$0,$76,$0,$102,$0,$0,$189,$265,$53,$0,$1,$10,$63,$0,$86,$-11,$201,$265,$1,$0,$1,$1,$2,$0,$1,$36,$37,$40,$0,$0,$0,$0,$0,$0,$1,$1,$-31,$-1,$-32,$0,$0,$0,$0,$-32,$6,$0,$0
8,2016-09-30,1.81,$25.34,0.07,$-0.05,0.0,$15.19,0.12,$0.34,5.32,$0.08B,$0.06B,1.38,$0.00B,$0.21B,0.0,$0.00B,0,nan%,$0.00B,$0.01B,inf%,$0.00B,$0.03B,inf%,$0.00B,$0.03B,inf%,$0.00B,$0.00B,inf%,$0.00B,$0.00B,inf%,$0.00B,$0.21B,1.41%,$0.00B,$0.21B,1.41%,$0.00B,$0.28B,1.01%,$0.01B,$0.21B,5.66%,$0,$0,$0,$0,$0,$-2,$2,$-1,$1,$0,$0,$0,$1,$4,$4,$8,8,$0.06,$0.06,$48,$0,$0,$78,$0,$110,$0,$0,$199,$278,$57,$0,$1,$10,$67,$0,$87,$-3,$211,$278,$3,$0,$1,$1,$-10,$0,$1,$37,$27,$30,$0,$0,$0,$0,$0,$0,$1,$1,$-31,$0,$-31,$0,$0,$0,$0,$-31,$-1,$0,$0
9,2016-06-30,2.26,$25.45,0.09,$-0.05,0.0,$17.75,0.13,$0.68,3.32,$0.09B,$0.05B,1.7,$0.02B,$0.21B,0.07,$0.00B,0,nan%,$0.00B,$0.02B,inf%,$0.00B,$0.04B,inf%,$0.00B,$0.04B,inf%,$0.00B,$0.01B,inf%,$0.00B,$0.01B,inf%,$0.01B,$0.21B,2.33%,$0.01B,$0.21B,2.33%,$0.01B,$0.29B,1.60%,$0.02B,$0.23B,6.53%,$0,$0,$0,$0,$0,$-3,$3,$-2,$1,$-1,$2,$2,$2,$7,$7,$8,8,$0.28,$0.28,$49,$0,$0,$86,$0,$113,$0,$0,$202,$288,$51,$15,$1,$26,$76,$0,$87,$-1,$212,$288,$2,$0,$1,$1,$-20,$0,$0,$41,$21,$24,$0,$0,$0,$0,$0,$0,$1,$1,$-23,$0,$-23,$0,$0,$0,$0,$-23,$1,$0,$0
10,2016-03-31,3.06,$25.86,0.12,$2.91,1.05,$20.60,0.15,$1.80,1.7,$0.08B,$0.06B,1.39,$0.02B,$0.22B,0.08,$0.03B,$0.00B,12.00%,$0.03B,$0.02B,88.00%,$0.03B,$0.04B,172.00%,$0.03B,$0.04B,172.00%,$0.03B,$0.02B,68.00%,$0.03B,$0.01B,56.00%,$0.01B,$0.22B,6.43%,$0.01B,$0.22B,6.43%,$0.01B,$0.30B,4.22%,$0.02B,$0.23B,8.13%,$0,$0,$0,$0,$0,$-4,$4,$-4,$0,$0,$0,$0,$0,$9,$9,$8,8,$0.01,$0.01,$42,$0,$0,$78,$0,$133,$0,$0,$223,$301,$56,$18,$2,$30,$86,$0,$85,$4,$215,$301,$0,$0,$3,$3,$-18,$0,$-0,$24,$5,$8,$0,$0,$0,$0,$0,$0,$1,$1,$-16,$0,$-16,$0,$0,$0,$0,$-16,$-7,$-0,$0
11,2015-12-31,3.58,$25.72,0.14,$2.93,1.22,$19.53,0.18,$2.30,1.56,$0.07B,$0.06B,1.18,$0.03B,$0.21B,0.16,$0.03B,$0.00B,12.00%,$0.03B,$0.02B,96.00%,$0.03B,$0.05B,184.00%,$0.03B,$0.05B,184.00%,$0.03B,$0.02B,88.00%,$0.03B,$0.02B,72.00%,$0.02B,$0.21B,8.30%,$0.02B,$0.21B,8.30%,$0.02B,$0.32B,5.16%,$0.02B,$0.25B,8.13%,$-0,$-0,$-0,$0,$1,$-5,$4,$-5,$-0,$0,$-0,$-0,$-0,$9,$9,$8,8,$-0.04,$-0.04,$50,$0,$0,$67,$0,$134,$0,$0,$250,$317,$57,$34,$2,$46,$103,$0,$85,$3,$214,$317,$18,$0,$-2,$-2,$-16,$0,$0,$65,$48,$64,$-0,$0,$0,$0,$0,$0,$-1,$-1,$-58,$6,$-52,$0,$0,$0,$-2,$-54,$6,$0,$0
12,2015-09-30,5.0,$26.27,0.19,$2.99,1.67,$6.80,0.74,$2.90,1.72,$0.06B,$0.06B,1.02,$0.05B,$0.22B,0.24,$0.03B,$0.00B,12.00%,$0.03B,$0.03B,104.00%,$0.03B,$0.05B,200.00%,$0.03B,$0.05B,200.00%,$0.03B,$0.03B,116.00%,$0.03B,$0.02B,92.00%,$0.02B,$0.22B,10.69%,$0.02B,$0.22B,10.69%,$0.02B,$0.35B,6.33%,$0.03B,$0.27B,8.21%,$0,$0,$-0,$0,$1,$-5,$5,$-1,$4,$1,$3,$3,$3,$10,$10,$8,8,$0.39,$0.39,$60,$0,$0,$64,$0,$139,$0,$0,$283,$347,$63,$53,$2,$66,$129,$0,$85,$7,$218,$347,$19,$0,$-2,$-1,$0,$0,$2,$34,$35,$52,$-0,$0,$0,$0,$0,$0,$0,$-0,$-37,$6,$-30,$0,$0,$0,$-2,$-32,$17,$0,$0
13,2015-06-30,8.3,$26.93,0.31,$3.02,2.74,$-3.77,0.0,$3.20,2.59,$0.07B,$0.02B,3.55,$0.11B,$0.22B,0.47,$0.03B,$0.00B,12.00%,$0.03B,$0.03B,108.00%,$0.03B,$0.05B,216.00%,$0.03B,$0.05B,216.00%,$0.03B,$0.03B,124.00%,$0.03B,$0.03B,100.00%,$0.03B,$0.22B,11.85%,$0.03B,$0.22B,11.85%,$0.03B,$0.36B,6.80%,$0.03B,$0.33B,8.29%,$25,$21,$3,$0,$1,$16,$9,$4,$13,$1,$11,$11,$11,$15,$15,$8,8,$1.36,$1.36,$60,$0,$0,$70,$0,$146,$0,$0,$292,$362,$20,$105,$2,$118,$138,$0,$82,$16,$224,$362,$15,$0,$-1,$-1,$-7,$0,$1,$38,$34,$48,$-0,$0,$0,$0,$0,$0,$0,$-0,$-28,$0,$-28,$0,$0,$0,$-2,$-30,$18,$0,$0
14,2015-03-31,10.2,$25.45,0.4,$3.19,3.2,$-15.49,0.0,$2.90,3.52,$0.04B,$0.02B,1.76,$0.12B,$0.21B,0.57,$0.02B,$0.01B,26.32%,$0.02B,$0.03B,147.37%,$0.02B,$0.06B,289.47%,$0.02B,$0.06B,289.47%,$0.02B,$0.03B,142.11%,$0.02B,$0.02B,110.53%,$0.02B,$0.21B,10.73%,$0.02B,$0.21B,10.73%,$0.02B,$0.37B,5.74%,$0.03B,$0.33B,8.98%,$0,$0,$0,$0,$1,$-6,$6,$-1,$5,$1,$4,$4,$4,$12,$12,$8,8,$0.50,$0.50,$34,$0,$0,$37,$0,$173,$0,$0,$331,$369,$21,$121,$2,$136,$157,$0,$72,$15,$211,$369,$4,$0,$0,$0,$-0,$0,$0,$-4,$-5,$-1,$-0,$0,$0,$0,$0,$0,$0,$-0,$-6,$0,$-6,$0,$0,$0,$-2,$-8,$-9,$0,$0
15,2014-12-31,7.54,$25.07,0.3,$3.20,2.36,$-18.26,0.0,$2.90,2.6,$0.05B,$0.03B,1.71,$0.13B,$0.21B,0.6,$0.02B,$0.01B,26.32%,$0.02B,$0.03B,147.37%,$0.02B,$0.06B,289.47%,$0.02B,$0.06B,289.47%,$0.02B,$0.03B,136.84%,$0.02B,$0.02B,105.26%,$0.02B,$0.21B,10.97%,$0.02B,$0.21B,10.97%,$0.02B,$0.38B,5.70%,$0.03B,$0.33B,9.52%,$0,$-0,$0,$0,$1,$-6,$6,$1,$7,$1,$5,$5,$5,$13,$13,$7,7,$0.50,$0.50,$42,$0,$0,$46,$0,$175,$0,$0,$330,$375,$27,$126,$2,$140,$167,$0,$68,$16,$208,$375,$20,$0,$-3,$-3,$0,$0,$-7,$-48,$-52,$-35,$-0,$0,$0,$0,$0,$0,$2,$2,$45,$0,$45,$19,$19,$0,$-3,$61,$28,$0,$0
16,2014-09-30,12.3,$24.27,0.51,$5.62,2.19,$-26.14,0.0,$3.00,4.1,$0.04B,$0.04B,0.95,$0.11B,$0.20B,0.53,$0.03B,$0.01B,25.00%,$0.03B,$0.03B,90.63%,$0.03B,$0.06B,171.88%,$0.03B,$0.06B,171.88%,$0.03B,$0.03B,78.13%,$0.03B,$0.02B,59.38%,$0.02B,$0.20B,11.24%,$0.02B,$0.20B,11.24%,$0.02B,$0.37B,5.79%,$0.03B,$0.31B,10.75%,$0,$0,$0,$0,$1,$-6,$6,$-0,$6,$2,$5,$5,$5,$14,$14,$7,7,$0.70,$0.70,$30,$0,$0,$38,$144,$183,$0,$0,$327,$365,$40,$107,$3,$123,$163,$0,$63,$15,$201,$365,$14,$0,$-3,$-3,$-4,$0,$6,$-48,$-44,$-32,$-0,$0,$0,$0,$0,$0,$-4,$-4,$28,$0,$28,$19,$19,$0,$-3,$45,$9,$0,$0
17,2014-06-30,17.6,$26.78,0.66,$9.54,1.85,$-33.00,0.0,$3.10,5.68,$0.03B,$0.05B,0.49,$0.11B,$0.16B,0.67,$0.05B,$0.01B,24.07%,$0.05B,$0.03B,61.11%,$0.05B,$0.06B,103.70%,$0.05B,$0.06B,103.70%,$0.05B,$0.03B,46.30%,$0.05B,$0.02B,33.33%,$0.02B,$0.16B,11.84%,$0.02B,$0.16B,11.84%,$0.02B,$0.36B,5.79%,$0.03B,$0.27B,13.58%,$19,$15,$5,$0,$1,$9,$10,$-1,$9,$2,$7,$7,$7,$16,$16,$6,6,$1.10,$1.10,$22,$0,$0,$25,$140,$189,$0,$0,$330,$355,$52,$110,$17,$140,$192,$0,$59,$15,$163,$355,$10,$0,$-3,$-3,$0,$0,$8,$-52,$-43,$-37,$-0,$0,$0,$0,$0,$0,$-5,$-5,$31,$0,$31,$0,$0,$0,$9,$41,$-1,$0,$0
18,2014-03-31,39.3,$25.73,1.53,$9.15,4.29,$-28.64,0.0,$2.70,14.56,$0.03B,$0.03B,0.93,$0.10B,$0.16B,0.66,$0.05B,$0.01B,22.45%,$0.05B,$0.03B,61.22%,$0.05B,$0.05B,106.12%,$0.05B,$0.05B,106.12%,$0.05B,$0.02B,44.90%,$0.05B,$0.02B,30.61%,$0.02B,$0.16B,10.49%,$0.02B,$0.16B,10.49%,$0.02B,$0.31B,5.46%,$0.03B,$0.26B,14.39%,$0,$0,$0,$0,$1,$-5,$6,$-1,$4,$1,$3,$3,$3,$12,$12,$6,6,$0.50,$0.50,$25,$0,$0,$29,$105,$173,$0,$0,$278,$308,$31,$104,$3,$119,$151,$0,$53,$15,$157,$308,$3,$0,$0,$0,$0,$0,$-2,$-20,$-21,$-18,$0,$0,$0,$0,$0,$0,$2,$2,$-8,$27,$20,$0,$0,$0,$5,$25,$9,$0,$0
19,2013-12-31,34.4,$25.45,1.35,$11.94,2.88,$-25.63,0.0,$2.90,11.86,$0.02B,$0.03B,0.74,$0.08B,$0.16B,0.53,$0.06B,$0.01B,22.22%,$0.06B,$0.03B,47.62%,$0.06B,$0.05B,79.37%,$0.06B,$0.05B,79.37%,$0.06B,$0.02B,36.51%,$0.06B,$0.02B,23.81%,$0.02B,$0.16B,11.15%,$0.02B,$0.16B,11.15%,$0.02B,$0.28B,6.00%,$0.03B,$0.24B,17.00%,$13,$10,$3,$0,$1,$6,$7,$-2,$6,$2,$4,$4,$4,$13,$13,$5,5,$0.70,$0.70,$19,$0,$0,$23,$0,$176,$0,$1,$260,$284,$32,$82,$4,$97,$129,$0,$51,$16,$155,$284,$16,$0,$-42,$-41,$0,$0,$4,$-49,$-45,$-70,$-0,$0,$0,$0,$-13,$-13,$1,$-12,$45,$0,$45,$0,$0,$0,$-1,$45,$-37,$0,$0
20,2013-09-30,24.0,$25.48,0.94,$9.55,2.51,$-4.39,0.0,$2.50,9.6,$0.05B,$0.07B,0.83,$0.07B,$0.13B,0.52,$0.05B,$0.01B,22.00%,$0.05B,$0.03B,54.00%,$0.05B,$0.05B,90.00%,$0.05B,$0.05B,90.00%,$0.05B,$0.02B,38.00%,$0.05B,$0.01B,26.00%,$0.01B,$0.13B,10.36%,$0.01B,$0.13B,10.36%,$0.01B,$0.30B,5.66%,$0.03B,$0.20B,18.00%,$22,$16,$5,$0,$1,$12,$10,$-4,$6,$2,$4,$4,$4,$15,$15,$5,5,$0.80,$0.80,$49,$0,$0,$54,$79,$163,$0,$0,$242,$296,$65,$69,$20,$98,$164,$0,$47,$15,$133,$296,$12,$0,$-30,$-30,$-0,$0,$2,$-46,$-43,$-62,$-0,$0,$0,$0,$-14,$-14,$-1,$-15,$63,$0,$63,$0,$0,$0,$3,$65,$-10,$0,$0
21,2013-06-30,11.7,$25.35,0.46,$5.69,2.06,$16.16,0.72,$1.40,8.36,$0.05B,$0.06B,0.76,$0.01B,$0.13B,0.06,$0.03B,$0.01B,21.43%,$0.03B,$0.02B,64.29%,$0.03B,$0.04B,128.57%,$0.03B,$0.04B,132.14%,$0.03B,$0.01B,42.86%,$0.03B,$0.01B,28.57%,$0.01B,$0.13B,6.58%,$0.01B,$0.13B,6.58%,$0.01B,$0.21B,3.86%,$0.02B,$0.14B,12.83%,$14,$11,$3,$0,$1,$6,$7,$-1,$6,$2,$4,$4,$4,$12,$12,$5,5,$0.70,$0.70,$44,$0,$0,$47,$18,$144,$0,$1,$162,$210,$63,$8,$4,$20,$82,$0,$43,$14,$127,$210,$7,$0,$-26,$-26,$0,$0,$-2,$12,$11,$-8,$-0,$0,$0,$0,$-1,$-1,$2,$1,$-5,$0,$-5,$0,$0,$0,$-1,$-6,$-12,$0,$0
22,2013-03-31,10.7,$24.51,0.44,$3.03,3.53,$23.37,0.46,$1.00,10.7,$0.06B,$0.07B,0.89,$0.01B,$0.12B,0.08,$0.01B,$0.00B,21.43%,$0.01B,$0.02B,107.14%,$0.01B,$0.03B,235.71%,$0.01B,$0.04B,250.00%,$0.01B,$0.01B,57.14%,$0.01B,$0.01B,35.71%,$0.01B,$0.12B,4.21%,$0.01B,$0.12B,4.21%,$0.01B,$0.21B,2.42%,$0.02B,$0.13B,10.19%,$14,$11,$3,$0,$1,$8,$6,$-1,$5,$1,$3,$3,$3,$10,$10,$5,5,$0.70,$0.70,$57,$0,$0,$59,$21,$130,$0,$1,$152,$210,$66,$10,$4,$21,$87,$0,$40,$12,$123,$210,$3,$0,$-13,$-13,$0,$0,$4,$6,$10,$1,$-0,$0,$0,$0,$0,$0,$2,$2,$-7,$4,$-2,$0,$0,$0,$-0,$-3,$-0,$0,$0
23,2012-12-31,9.9,$23.76,0.42,$0.24,40.76,$25.15,0.39,$0.70,14.14,$0.06B,$0.06B,1.01,$0.01B,$0.12B,0.1,$0.00B,0,nan%,$0.00B,$0.01B,inf%,$0.00B,$0.03B,inf%,$0.00B,$0.04B,inf%,$0.00B,$0.01B,inf%,$0.00B,$0.00B,inf%,$0.00B,$0.12B,3.43%,$0.00B,$0.12B,3.43%,$0.00B,$0.20B,1.93%,$0.01B,$0.13B,8.36%,$0,$-0,$0,$0,$0,$-4,$4,$-2,$2,$0,$2,$2,$2,$8,$8,$5,5,$0.30,$0.30,$58,$0,$0,$61,$0,$118,$0,$1,$142,$202,$60,$12,$4,$23,$83,$0,$37,$12,$119,$202,$3,$2,$3,$5,$19,$0,$-1,$17,$34,$42,$-0,$0,$0,$0,$0,$0,$-2,$-2,$-6,$0,$-6,$0,$0,$0,$-5,$-10,$30,$0,$0
24,2012-09-30,10.0,$23.22,0.43,$0.28,36.27,$13.77,0.73,$1.00,10.0,$0.07B,$0.03B,2.09,$0.05B,$0.12B,0.39,$0.00B,0,nan%,$0.00B,$0.01B,inf%,$0.00B,$0.04B,inf%,$0.00B,$0.05B,inf%,$0.00B,$0.01B,inf%,$0.00B,$0.01B,inf%,$0.01B,$0.12B,6.07%,$0.01B,$0.12B,6.07%,$0.01B,$0.21B,3.35%,$0.01B,$0.16B,8.54%,$0,$0,$0,$0,$1,$-1,$1,$-2,$-1,$1,$-2,$-2,$-1,$7,$6,$5,5,$-0.30,$-0.30,$68,$0,$0,$69,$16,$120,$0,$1,$137,$206,$33,$45,$5,$57,$90,$0,$36,$11,$117,$206,$1,$2,$4,$5,$19,$0,$-1,$25,$41,$48,$0,$0,$0,$0,$0,$0,$-2,$-2,$-2,$2,$-0,$0,$0,$0,$-4,$-4,$41,$0,$0
25,2012-06-30,11.5,$24.94,0.46,$3.61,3.18,$2.98,3.86,$2.90,3.97,$0.05B,$0.04B,1.52,$0.05B,$0.12B,0.41,$0.02B,$0.01B,26.32%,$0.02B,$0.02B,121.05%,$0.02B,$0.04B,231.58%,$0.02B,$0.06B,289.47%,$0.02B,$0.02B,110.53%,$0.02B,$0.02B,89.47%,$0.02B,$0.12B,14.91%,$0.02B,$0.12B,14.91%,$0.02B,$0.21B,8.09%,$0.02B,$0.16B,14.15%,$0,$0,$0,$0,$1,$-4,$4,$-2,$2,$0,$1,$1,$1,$10,$9,$5,5,$0.30,$0.30,$52,$0,$0,$53,$33,$122,$0,$1,$157,$210,$35,$48,$5,$59,$94,$0,$37,$11,$116,$210,$3,$1,$-0,$1,$19,$0,$-1,$8,$24,$29,$0,$0,$0,$0,$0,$0,$-1,$-1,$-2,$5,$3,$0,$0,$0,$-4,$-1,$27,$0,$0
26,2012-03-31,12.0,$24.76,0.48,$3.60,3.33,$-4.58,0.0,$3.30,3.64,$0.05B,$0.03B,1.57,$0.05B,$0.12B,0.45,$0.02B,$0.01B,26.32%,$0.02B,$0.02B,121.05%,$0.02B,$0.05B,236.84%,$0.02B,$0.06B,294.74%,$0.02B,$0.02B,126.32%,$0.02B,$0.02B,105.26%,$0.02B,$0.12B,18.69%,$0.02B,$0.12B,18.69%,$0.02B,$0.21B,9.80%,$0.02B,$0.17B,14.91%,$0,$0,$0,$0,$1,$-4,$4,$-2,$3,$0,$2,$2,$2,$10,$9,$5,5,$0.40,$0.40,$36,$0,$0,$51,$33,$125,$0,$1,$160,$211,$32,$51,$5,$63,$95,$0,$36,$11,$115,$211,$2,$1,$-1,$-0,$6,$0,$-1,$5,$8,$10,$0,$0,$0,$0,$0,$0,$-0,$-0,$-1,$5,$4,$0,$0,$0,$-2,$2,$12,$0,$0
27,2011-12-31,12.0,$24.26,0.49,$5.67,2.12,$-6.56,0.0,$3.80,3.16,$0.05B,$0.03B,1.5,$0.05B,$0.11B,0.46,$0.03B,$0.01B,25.81%,$0.03B,$0.03B,80.65%,$0.03B,$0.05B,154.84%,$0.03B,$0.06B,190.32%,$0.03B,$0.03B,87.10%,$0.03B,$0.02B,74.19%,$0.02B,$0.11B,23.06%,$0.02B,$0.11B,23.06%,$0.02B,$0.21B,11.66%,$0.03B,$0.17B,17.21%,$0,$0,$0,$0,$1,$-5,$5,$-1,$5,$-0,$5,$5,$5,$19,$11,$4,6,$1.00,$0.70,$24,$0,$0,$46,$0,$128,$0,$1,$162,$208,$31,$52,$6,$64,$95,$0,$34,$11,$113,$208,$22,$12,$-49,$-36,$-1,$0,$-1,$-1,$-3,$-17,$-0,$0,$0,$0,$0,$0,$2,$2,$6,$5,$11,$0,$0,$0,$7,$18,$4,$1,$0
28,2011-09-30,12.0,$25.75,0.47,$11.80,1.02,$-6.29,0.0,$4.40,2.73,$0.03B,$0.04B,0.9,$0.04B,$0.11B,0.39,$0.06B,$0.02B,25.40%,$0.06B,$0.03B,49.21%,$0.06B,$0.05B,82.54%,$0.06B,$0.06B,88.89%,$0.06B,$0.03B,52.38%,$0.06B,$0.03B,39.68%,$0.03B,$0.11B,27.55%,$0.03B,$0.11B,27.55%,$0.03B,$0.21B,13.39%,$0.03B,$0.16B,23.31%,$19,$14,$5,$0,$0,$9,$10,$1,$11,$2,$9,$9,$9,$16,$15,$4,5,$2.00,$1.60,$29,$0,$0,$31,$32,$146,$0,$1,$180,$212,$35,$44,$12,$65,$99,$0,$38,$10,$112,$212,$18,$4,$-36,$-32,$0,$0,$6,$2,$6,$-8,$-0,$0,$0,$0,$0,$0,$2,$2,$3,$5,$8,$0,$0,$0,$6,$14,$9,$2,$0
29,2011-06-30,20.2,$22.40,0.9,$10.50,1.92,$-7.55,0.0,$3.40,5.94,$0.02B,$0.02B,0.97,$0.04B,$0.09B,0.48,$0.06B,$0.01B,25.45%,$0.06B,$0.03B,47.27%,$0.06B,$0.05B,83.64%,$0.06B,$0.05B,89.09%,$0.06B,$0.03B,50.91%,$0.06B,$0.02B,38.18%,$0.02B,$0.09B,26.67%,$0.02B,$0.09B,26.67%,$0.02B,$0.19B,12.23%,$0.03B,$0.13B,21.49%,$0,$0,$0,$0,$2,$-4,$4,$1,$5,$1,$4,$4,$4,$11,$10,$4,6,$0.90,$0.70,$19,$0,$0,$23,$33,$128,$0,$1,$162,$185,$24,$42,$24,$73,$97,$0,$22,$8,$88,$185,$9,$3,$-15,$-12,$0,$0,$-3,$-4,$-8,$-11,$-0,$0,$0,$0,$0,$0,$2,$2,$-1,$9,$8,$0,$0,$0,$0,$8,$-1,$1,$0
30,2011-03-31,26.9,$22.01,1.22,$15.05,1.79,$-8.57,0.0,$3.70,7.27,$0.03B,$0.03B,1.12,$0.04B,$0.09B,0.51,$0.08B,$0.02B,25.64%,$0.08B,$0.03B,38.46%,$0.08B,$0.05B,60.26%,$0.08B,$0.05B,62.82%,$0.08B,$0.03B,38.46%,$0.08B,$0.02B,28.21%,$0.02B,$0.09B,30.77%,$0.02B,$0.09B,30.77%,$0.02B,$0.18B,13.71%,$0.03B,$0.13B,26.26%,$12,$8,$3,$0,$2,$5,$6,$0,$6,$1,$5,$5,$5,$13,$12,$4,6,$1.20,$0.90,$30,$0,$0,$31,$24,$128,$0,$1,$153,$184,$28,$44,$19,$70,$98,$0,$23,$7,$86,$184,$5,$2,$-12,$-11,$0,$0,$1,$5,$5,$-0,$0,$0,$0,$0,$0,$0,$2,$2,$-0,$9,$8,$0,$0,$0,$1,$9,$11,$1,$0
31,2010-12-31,30.5,$19.65,1.55,$15.02,2.03,$-8.37,0.0,$3.30,9.24,$0.02B,$0.03B,0.81,$0.04B,$0.08B,0.51,$0.08B,$0.02B,25.00%,$0.08B,$0.03B,36.84%,$0.08B,$0.04B,55.26%,$0.08B,$0.04B,57.89%,$0.08B,$0.03B,36.84%,$0.08B,$0.02B,25.00%,$0.02B,$0.08B,30.16%,$0.02B,$0.08B,30.16%,$0.02B,$0.17B,13.60%,$0.03B,$0.12B,27.25%,$32,$24,$8,$0,$2,$21,$11,$0,$11,$3,$8,$8,$7,$16,$15,$4,5,$1.70,$1.40,$21,$0,$0,$22,$0,$118,$0,$1,$144,$166,$27,$39,$16,$62,$89,$0,$18,$6,$77,$166,$21,$2,$-57,$-55,$0,$0,$3,$16,$20,$-14,$-0,$0,$0,$0,$0,$0,$-1,$-1,$0,$23,$23,$0,$0,$0,$2,$25,$10,$4,$0
32,2010-09-30,31.3,$16.50,1.9,$11.06,2.83,$-13.67,0.0,$2.30,13.61,$0.02B,$0.03B,0.71,$0.04B,$0.06B,0.68,$0.05B,$0.01B,24.07%,$0.05B,$0.02B,38.89%,$0.05B,$0.03B,62.96%,$0.05B,$0.04B,64.81%,$0.05B,$0.02B,38.89%,$0.05B,$0.01B,25.93%,$0.01B,$0.06B,25.23%,$0.01B,$0.06B,25.23%,$0.01B,$0.15B,11.55%,$0.02B,$0.11B,22.40%,$11,$8,$3,$0,$2,$6,$5,$1,$6,$1,$5,$5,$5,$9,$9,$4,5,$1.30,$0.90,$15,$0,$0,$18,$46,$87,$0,$0,$134,$152,$26,$44,$13,$62,$88,$0,$10,$5,$64,$152,$13,$1,$-28,$-27,$0,$0,$4,$-6,$-0,$-14,$-0,$0,$0,$0,$0,$0,$-1,$-1,$0,$16,$16,$0,$0,$0,$4,$20,$5,$3,$0
33,2010-06-30,37.5,$15.30,2.45,$12.77,2.94,$-10.12,0.0,$2.50,15.0,$0.01B,$0.02B,0.71,$0.04B,$0.06B,0.73,$0.06B,$0.01B,22.95%,$0.06B,$0.02B,34.43%,$0.06B,$0.03B,50.82%,$0.06B,$0.03B,52.46%,$0.06B,$0.02B,32.79%,$0.06B,$0.01B,21.31%,$0.01B,$0.06B,25.74%,$0.01B,$0.06B,25.74%,$0.01B,$0.14B,13.10%,$0.02B,$0.10B,27.01%,$23,$17,$6,$0,$1,$15,$8,$-1,$7,$2,$5,$5,$5,$11,$11,$4,5,$1.30,$1.00,$13,$0,$0,$14,$46,$77,$0,$0,$125,$140,$20,$43,$12,$60,$80,$0,$7,$4,$59,$140,$8,$1,$-17,$-16,$0,$0,$3,$-9,$-6,$-14,$-0,$0,$0,$0,$0,$0,$-0,$-0,$16,$0,$16,$0,$0,$0,$3,$19,$4,$1,$0
34,2010-03-31,50.0,$13.50,3.7,$10.65,4.7,$-5.30,0.0,$2.20,22.73,$0.01B,$0.01B,1.02,$0.03B,$0.05B,0.6,$0.05B,$0.01B,22.45%,$0.05B,$0.02B,32.65%,$0.05B,$0.02B,48.98%,$0.05B,$0.03B,51.02%,$0.05B,$0.02B,32.65%,$0.05B,$0.01B,22.45%,$0.01B,$0.05B,24.18%,$0.01B,$0.05B,24.18%,$0.01B,$0.10B,13.97%,$0.02B,$0.08B,25.91%,$10,$8,$2,$0,$1,$6,$4,$-0,$4,$1,$3,$3,$2,$8,$7,$4,5,$0.60,$0.50,$10,$0,$0,$13,$31,$57,$0,$0,$88,$101,$13,$32,$0,$35,$49,$0,$3,$4,$52,$101,$3,$0,$-9,$-8,$0,$0,$2,$5,$6,$1,$-0,$0,$0,$0,$0,$0,$-0,$-0,$0,$1,$1,$0,$0,$0,$1,$2,$2,$1,$0
35,2009-12-31,41.2,$12.03,3.42,$9.51,4.33,$-4.78,0.0,$1.90,21.68,$0.01B,$0.01B,0.84,$0.03B,$0.05B,0.72,$0.04B,$0.01B,23.26%,$0.04B,$0.01B,32.56%,$0.04B,$0.02B,46.51%,$0.04B,$0.02B,46.51%,$0.04B,$0.01B,32.56%,$0.04B,$0.01B,23.26%,$0.01B,$0.05B,24.54%,$0.01B,$0.05B,24.54%,$0.01B,$0.09B,15.33%,$0.01B,$0.08B,28.57%,$10,$8,$2,$0,$1,$6,$4,$-0,$4,$2,$2,$2,$2,$7,$7,$4,5,$0.50,$0.40,$7,$0,$0,$8,$0,$48,$0,$0,$84,$92,$10,$34,$0,$36,$46,$0,$1,$4,$47,$92,$10,$0,$-34,$-34,$0,$11,$2,$-25,$-13,$-37,$-0,$0,$0,$0,$-0,$-0,$-1,$-2,$26,$4,$30,$2,$2,$0,$1,$33,$-6,$2,$0
36,2009-09-30,17.3,$11.33,1.53,$9.75,1.77,$2.96,5.85,$2.10,8.24,$0.02B,$0.02B,0.84,$0.00B,$0.04B,0.0,$0.05B,$0.01B,24.44%,$0.05B,$0.01B,28.89%,$0.05B,$0.02B,35.56%,$0.05B,$0.02B,35.56%,$0.05B,$0.01B,28.89%,$0.05B,$0.01B,22.22%,$0.01B,$0.04B,27.03%,$0.01B,$0.04B,27.03%,$0.01B,$0.06B,18.69%,$0.01B,$0.04B,35.14%,$18,$14,$4,$0,$1,$14,$5,$0,$5,$1,$4,$4,$4,$6,$6,$4,5,$1.00,$0.80,$14,$0,$0,$15,$10,$39,$0,$0,$49,$64,$18,$0,$0,$2,$20,$0,$1,$4,$44,$64,$8,$0,$3,$3,$0,$0,$1,$-6,$-7,$4,$-0,$0,$0,$0,$-10,$-10,$-4,$-14,$0,$6,$6,$2,$2,$0,$0,$8,$-2,$1,$0
37,2009-06-30,9.9,$10.17,0.97,$7.04,1.41,$-1.79,0.0,$1.50,6.6,$0.03B,$0.02B,1.79,$0.00B,$0.04B,0.0,$0.03B,$0.01B,25.81%,$0.03B,$0.01B,29.03%,$0.03B,$0.01B,35.48%,$0.03B,$0.01B,35.48%,$0.03B,$0.01B,29.03%,$0.03B,$0.01B,19.35%,$0.01B,$0.04B,17.91%,$0.01B,$0.04B,17.91%,$0.01B,$0.06B,12.50%,$0.01B,$0.04B,26.87%,$11,$8,$3,$0,$1,$8,$3,$-0,$3,$-0,$3,$3,$3,$4,$4,$4,4,$0.80,$0.70,$18,$13,$0,$32,$5,$22,$0,$0,$27,$58,$18,$0,$0,$1,$19,$0,$-3,$4,$39,$58,$4,$0,$1,$1,$0,$-0,$2,$4,$4,$9,$-1,$0,$0,$0,$-9,$-9,$0,$-10,$3,$3,$6,$2,$2,$0,$0,$8,$7,$0,$0
38,2009-03-31,4.4,$9.07,0.49,$5.30,0.83,$-6.37,0.0,$0.70,6.29,$0.03B,$0.01B,2.19,$0.00B,$0.03B,0.0,$0.02B,$0.01B,26.09%,$0.02B,$0.01B,30.43%,$0.02B,$0.01B,34.78%,$0.02B,$0.01B,52.17%,$0.02B,$0.00B,13.04%,$0.02B,$-0.00B,-4.35%,$-0.00B,$0.03B,-3.23%,$-0.00B,$0.03B,-3.23%,$-0.00B,$0.05B,-2.23%,$0.01B,$0.03B,22.58%,$4,$3,$1,$0,$1,$3,$2,$-0,$2,$1,$1,$1,$1,$3,$3,$4,5,$0.30,$0.20,$12,$13,$0,$27,$5,$14,$0,$0,$20,$47,$12,$0,$0,$1,$13,$0,$-1,$4,$33,$47,$1,$0,$1,$1,$0,$0,$-0,$3,$2,$4,$-1,$0,$0,$0,$0,$0,$0,$-1,$0,$0,$0,$0,$0,$0,$0,$0,$3,$0,$0
39,2008-12-31,5.1,$8.91,0.57,$4.38,1.16,$-7.44,0.0,$0.50,10.2,$0.02B,$0.01B,2.04,$0.00B,$0.03B,0.0,$0.02B,$0.01B,26.32%,$0.02B,$0.01B,26.32%,$0.02B,$0.01B,26.32%,$0.02B,$0.01B,52.63%,$0.02B,0,0.00%,$0.02B,$-0.00B,-15.79%,$-0.00B,$0.03B,-11.11%,$-0.00B,$0.03B,-11.11%,$-0.00B,$0.05B,-7.69%,$0.01B,$0.03B,18.52%,$12,$9,$3,$0,$1,$9,$3,$0,$3,$1,$2,$2,$2,$3,$3,$3,5,$0.80,$0.80,$9,$11,$0,$24,$0,$15,$0,$0,$21,$45,$12,$0,$0,$1,$13,$0,$-7,$4,$32,$45,$-2,$5,$2,$7,$0,$0,$-1,$-3,$-3,$2,$-4,$0,$0,$0,$-7,$-7,$0,$-11,$0,$5,$5,$9,$9,$0,$-0,$14,$6,$1,$0
40,2008-09-30,11.0,$8.25,1.33,$2.01,5.46,$-4.41,0.0,$0.10,110.0,$0.02B,$0.01B,1.84,$0.00B,$0.03B,0.0,$0.01B,$0.00B,28.57%,$0.01B,$0.00B,42.86%,$0.01B,$0.00B,42.86%,$0.01B,$0.01B,114.29%,$0.01B,$-0.00B,-42.86%,$0.01B,$-0.01B,-71.43%,$-0.01B,$0.03B,-21.51%,$-0.01B,$0.03B,-21.51%,$-0.01B,$0.04B,-14.93%,$0.00B,$0.03B,12.90%,$4,$3,$1,$0,$1,$3,$1,$-0,$1,$0,$0,$0,$0,$1,$1,$4,4,$0.10,$0.10,$4,$11,$0,$21,$10,$8,$0,$0,$20,$42,$12,$0,$0,$0,$12,$0,$-5,$4,$30,$42,$-4,$5,$1,$6,$0,$0,$-1,$-7,$-6,$-4,$-10,$0,$0,$0,$1,$1,$-1,$-10,$0,$5,$5,$9,$9,$0,$-0,$14,$0,$1,$0
41,2008-06-30,12.4,$7.96,1.56,$3.38,3.67,$-0.70,0.0,$-0.10,0.0,$0.03B,$0.02B,1.78,$0.00B,$0.03B,0.0,$0.01B,$0.00B,28.57%,$0.01B,$0.00B,42.86%,$0.01B,$0.00B,57.14%,$0.01B,$0.01B,128.57%,$0.01B,$-0.00B,-42.86%,$0.01B,$-0.00B,-57.14%,$-0.00B,$0.03B,-23.53%,$-0.00B,$0.03B,-23.53%,$-0.00B,$0.05B,-15.84%,$0.00B,$0.03B,17.65%,$3,$2,$1,$0,$1,$2,$1,$-4,$-3,$0,$-3,$-4,$-4,$5,$1,$3,3,$-1.20,$-1.20,$8,$10,$0,$29,$6,$8,$0,$0,$16,$45,$16,$0,$0,$0,$16,$0,$-5,$3,$29,$45,$-5,$5,$1,$5,$-1,$0,$4,$-9,$-4,$-4,$-6,$0,$0,$0,$1,$1,$0,$-5,$0,$5,$5,$9,$9,$0,$-0,$14,$5,$1,$0
42,2008-03-31,14.5,$6.98,2.08,$2.62,5.52,$4.47,3.24,0,0.0,$0.02B,$0.01B,2.24,$0.00B,$0.02B,0.0,$0.00B,$0.00B,25.00%,$0.00B,$0.00B,50.00%,$0.00B,$0.00B,75.00%,$0.00B,$0.00B,100.00%,$0.00B,0,0.00%,$0.00B,0,0.00%,$0.00B,$0.02B,0.00%,$0.00B,$0.02B,0.00%,$0.00B,$0.02B,0.00%,$0.00B,$0.02B,18.60%,$0,$0,$0,$0,$1,$0,$-0,$-1,$-1,$0,$-1,$-1,$-1,$1,$0,$3,3,$-0.40,$-0.40,$2,$10,$3,$15,$1,$8,$0,$0,$9,$24,$7,$0,$0,$0,$7,$0,$-5,$2,$17,$24,$-1,$1,$0,$1,$0,$0,$-0,$-0,$-0,$-0,$-1,$0,$0,$0,$0,$0,$0,$-1,$0,$0,$0,$0,$0,$0,$-0,$0,$-1,$0,$0
43,2007-12-31,21.5,$6.92,3.11,$5.41,3.97,$7.45,2.89,0,0.0,$0.01B,$0.01B,2.21,$0.00B,$0.02B,0.0,$0.01B,$0.00B,22.22%,$0.01B,$0.00B,33.33%,$0.01B,$0.00B,44.44%,$0.01B,$0.00B,44.44%,$0.01B,$0.00B,22.22%,$0.01B,$0.00B,22.22%,$0.00B,$0.02B,26.67%,$0.00B,$0.02B,26.67%,$0.00B,$0.02B,16.33%,$0.00B,$0.02B,40.00%,$0,$0,$0,$0,$0,$-0,$1,$-1,$-0,$0,$-0,$-0,$-0,$1,$1,$2,2,$-0.10,$-0.10,$3,$10,$0,$13,$0,$8,$0,$0,$10,$23,$6,$0,$0,$0,$6,$0,$-4,$2,$17,$23,$2,$0,$0,$1,$0,$0,$2,$-2,$3,$5,$0,$0,$0,$0,$-9,$-9,$0,$-9,$0,$5,$5,$0,$0,$0,$0,$5,$1,$0,$0
44,2007-09-30,6.6,$2.74,2.41,$5.29,1.25,$2.42,2.72,0,0.0,$0.00B,$0.00B,0.94,$0.00B,$0.01B,0.0,$0.01B,$0.00B,22.22%,$0.01B,$-0.02B,-166.67%,$0.01B,$-0.01B,-122.22%,$0.01B,$-0.01B,-155.56%,$0.01B,$-0.01B,-133.33%,$0.01B,$-0.01B,-133.33%,$-0.01B,$0.01B,-300.00%,$-0.01B,$0.01B,-300.00%,$-0.01B,$0.01B,-160.00%,$-0.02B,$0.01B,-375.00%,$4,$3,$1,$0,$0,$3,$1,$0,$1,$0,$1,$1,$1,$2,$2,$2,2,$0.60,$0.60,$0,$0,$0,$4,$0,$5,$0,$0,$5,$9,$4,$0,$0,$0,$4,$0,$-2,$2,$5,$9,$2,$0,$0,$0,$0,$0,$3,$-8,$-2,$-0,$0,$0,$0,$0,$0,$0,$0,$0,$0,$0,$0,$0,$0,$0,$0,$0,$-0,$0,$0
45,2007-06-30,2.5,$2.42,1.03,$2.79,0.9,$2.53,0.99,0,0.0,$0.00B,$0.01B,0.84,$0.00B,$0.00B,0.0,$0.01B,$0.00B,20.00%,$0.01B,$-0.02B,-320.00%,$0.01B,$-0.01B,-260.00%,$0.01B,$-0.02B,-320.00%,$0.01B,$-0.01B,-260.00%,$0.01B,$-0.01B,-260.00%,$-0.01B,$0.00B,-216.67%,$-0.01B,$0.00B,-216.67%,$-0.01B,$0.01B,-148.57%,$-0.02B,$0.00B,-266.67%,$0,$0,$0,$0,$0,$-0,$0,$0,$0,$0,$0,$0,$0,$0,$0,$2,2,$0.10,$0.10,$0,$0,$0,$4,$1,$4,$0,$0,$5,$9,$5,$0,$0,$0,$5,$0,$-2,$2,$4,$9,$1,$0,$0,$0,$0,$-1,$2,$1,$3,$4,$-0,$0,$0,$0,$-4,$-4,$0,$-4,$0,$0,$0,$0,$0,$0,$0,$0,$-0,$0,$0
46,2007-03-31,2.0,$2.21,0.91,$2.79,0.72,$0.07,28.86,0,0.0,$0.00B,$0.00B,0.96,$0.00B,$0.00B,0.0,$0.01B,$0.00B,20.00%,$0.01B,$-0.02B,-320.00%,$0.01B,$-0.01B,-260.00%,$0.01B,$-0.02B,-320.00%,$0.01B,$-0.01B,-260.00%,$0.01B,$-0.01B,-260.00%,$-0.01B,$0.00B,-157.58%,$-0.01B,$0.00B,-157.58%,$-0.01B,$0.01B,-130.00%,$-0.02B,$0.00B,-193.94%,$5,$4,$1,$0,$0,$4,$1,$0,$1,$0,$1,$1,$1,$1,$1,$2,2,$0.40,$0.40,$0,$0,$0,$4,$1,$3,$0,$0,$4,$8,$4,$0,$0,$0,$4,$0,$-2,$1,$4,$8,$1,$0,$0,$0,$0,$-1,$2,$1,$4,$4,$-0,$0,$0,$0,$-5,$-5,$0,$-5,$0,$0,$0,$0,$0,$0,$0,$0,$-0,$0,$0
47,2006-12-31,2.7,$1.95,1.38,0,0.0,$-2.49,0.0,0,0.0,$0.00B,$0.00B,3.99,$0.00B,$0.00B,0.0,$0.00B,0,nan%,$0.00B,$-0.02B,inf%,$0.00B,$-0.01B,inf%,$0.00B,$-0.02B,inf%,$0.00B,$-0.01B,inf%,$0.00B,$-0.01B,inf%,$-0.01B,$0.00B,-133.33%,$-0.01B,$0.00B,-133.33%,$-0.01B,$0.00B,-119.15%,$-0.02B,$0.00B,-161.90%,$0,$0,$0,$0,$1,$17,$-17,$0,$-14,$0,$-14,$-14,$-14,$-17,$-14,$2,2,$-8.14,$-8.12,$0,$0,$1,$4,$0,$0,$0,$0,$0,$4,$1,$0,$0,$0,$1,$0,$-3,$1,$3,$4,$-14,$0,$7,$7,$1,$0,$-1,$4,$3,$-4,$0,$0,$0,$0,$0,$0,$0,$0,$0,$0,$0,$0,$0,$0,$0,$0,$-3,$0,$0
