,Date,Stock Price,Book Value per Share,Price to Book Ratio,TTM Sales per Share,Price to Sales Ratio,TTM FCF per Share,Price to FCF Ratio,TTM Net EPS,PE Ratio,Current Assets,Current Liabilities,Current Ratio,Long Term Debt,Shareholder's Equity_x,Debt to Equity Ratio,TTM Revenue_x,TTM Gross Profit,Gross Margin,TTM Revenue_y,TTM Operating Income,Operating Margin,TTM Revenue_x,TTM EBIT,EBIT Margin,TTM Revenue_y,TTM EBITDA,EBITDA Margin,TTM Revenue_x,TTM Pre-Tax Income,Pre-Tax Margin,TTM Revenue_y,TTM Net Income_x,Net Margin,TTM Net Income_y,Shareholder's Equity_y,Return on Equity,TTM Net Income_x,Tangible Equity,Return on Tangible Equity,TTM Net Income_y,Total Assets,Return on Assets,TTM Net Income,LT Investments & Debt,Return on Investment,revenue,cost-goods-sold,gross-profit,research-development-expenses,selling-general-administrative-expenses,operating-expenses,operating-income,total-non-operating-income-expense,pre-tax-income,total-provision-income-taxes,income-after-taxes,income-from-continuous-operations,net-income,ebitda,ebit,basic-shares-outstanding,shares-outstanding,eps-basic-net-earnings-per-share,eps-earnings-per-share-diluted,cash-on-hand,inventory,other-current-assets,total-current-assets,net-property-plant-equipment,long-term-investments,goodwill-intangible-assets-total,other-long-term-assets,total-long-term-assets,total-assets,total-current-liabilities,long-term-debt,other-non-current-liabilities,total-long-term-liabilities,total-liabilities,common-stock-net,retained-earnings-accumulated-deficit,comprehensive-income,total-share-holder-equity,total-liabilities-share-holders-equity,net-income-loss,total-depreciation-amortization-cash-flow,other-non-cash-items,total-non-cash-items,change-in-accounts-receivable,change-in-inventories,change-in-accounts-payable,change-in-assets-liabilities,total-change-in-assets-liabilities,cash-flow-from-operating-activities,net-change-in-property-plant-equipment,net-change-in-intangible-assets,net-acquisitions-divestitures,net-change-in-short-term-investments,net-change-in-long-term-investments,net-change-in-investments-total,investing-activities-other,cash-flow-from-investing-activities,net-long-term-debt,net-current-debt,debt-issuance-retirement-net-total,net-common-equity-issued-repurchased,net-total-equity-issued-repurchased,total-common-preferred-stock-dividends-paid,financial-activities-other,cash-flow-from-financial-activities,net-cash-flow,stock-based-compensation,common-stock-dividends-paid
0,2018-06-30,14.82,$73.86,0.2,$22.76,0.65,$47.43,0.31,$5.64,2.63,$5.26B,$2.93B,1.8,$9.62B,$3.86B,2.49,$2.00B,$0.80B,39.88%,$2.00B,$1.51B,75.21%,$2.00B,$1.51B,75.21%,$2.00B,$1.71B,85.66%,$2.00B,$0.28B,14.14%,$2.00B,$0.28B,13.84%,$0.28B,$3.86B,8.33%,$0.28B,$3.23B,10.53%,$0.28B,$18.15B,1.75%,$1.51B,$13.48B,13.42%,$-1848,$-1415,$-434,$0,$-407,$-2231,$382,$-682,$-300,$19,$-319,$-319,$-12,$382,$382,$52,54,$0.22,$0.09,$3306,$332,$713,$5255,$1059,$10146,$634,$121,$12894,$18148,$2927,$9617,$378,$11358,$14284,$25,$755,$0,$3864,$18148,$544,$0,$162,$162,$0,$0,$0,$0,$0,$707,$1184,$-156,$-153,$0,$-1336,$-1336,$-154,$-614,$130,$0,$130,$-39,$-39,$-48,$-160,$-118,$682,$0,$-48
1,2018-03-31,20.15,$60.18,0.33,$81.58,0.25,$19.61,1.03,$5.64,3.57,$4.57B,$3.03B,1.51,$7.40B,$3.15B,2.35,$5.13B,$1.65B,32.20%,$5.13B,$1.61B,31.49%,$5.13B,$1.61B,31.49%,$5.13B,$1.82B,35.57%,$5.13B,$0.94B,18.28%,$5.13B,$0.32B,6.26%,$0.32B,$3.15B,10.18%,$0.32B,$2.44B,13.28%,$0.32B,$15.03B,2.11%,$1.61B,$10.55B,15.44%,$1207,$810,$396,$0,$303,$1013,$193,$-140,$53,$18,$35,$35,$25,$246,$193,$138,176,$0.18,$0.14,$2727,$496,$362,$4574,$1893,$7102,$706,$80,$10455,$15029,$3028,$7399,$228,$8852,$11880,$25,$716,$0,$3148,$15029,$540,$209,$-276,$-67,$33,$49,$-130,$32,$-16,$457,$651,$-37,$-1099,$0,$33,$33,$-5,$-458,$576,$13,$589,$-9,$-9,$-28,$-195,$357,$356,$2,$-28
2,2017-12-31,22.09,$65.83,0.34,$98.04,0.23,$17.43,1.27,$4.80,4.6,$4.77B,$3.17B,1.51,$7.44B,$3.44B,2.16,$5.13B,$1.61B,31.30%,$5.13B,$1.46B,28.36%,$5.13B,$1.46B,28.36%,$5.13B,$1.61B,31.40%,$5.13B,$0.91B,17.69%,$5.13B,$0.30B,5.90%,$0.30B,$3.44B,11.19%,$0.30B,$2.71B,15.38%,$0.30B,$15.58B,2.13%,$1.46B,$10.88B,14.99%,$1385,$949,$436,$0,$350,$797,$587,$-129,$458,$-96,$554,$554,$251,$669,$587,$53,53,$4.72,$4.70,$2810,$503,$384,$4771,$1876,$7455,$735,$66,$10812,$15583,$3170,$7435,$242,$8969,$12139,$28,$793,$0,$3444,$15583,$567,$156,$-356,$-200,$-57,$33,$-9,$10,$-22,$345,$-105,$-19,$-958,$0,$550,$550,$-32,$-564,$515,$0,$515,$-0,$-0,$-32,$-32,$452,$266,$2,$-32
3,2017-09-30,18.29,$0.00,0.0,$95.57,0.19,$17.60,1.04,$1.61,11.35,$4.37B,$2.92B,1.5,$7.12B,$2.84B,2.5,$4.98B,$1.53B,30.79%,$4.98B,$0.92B,18.57%,$4.98B,$0.92B,18.57%,$4.98B,$1.00B,20.06%,$4.98B,$0.42B,8.44%,$4.98B,$0.14B,2.87%,$0.14B,$2.84B,6.53%,$0.14B,$2.14B,9.84%,$0.14B,$14.52B,1.09%,$0.92B,$9.97B,10.38%,$1257,$858,$400,$0,$281,$914,$343,$-271,$72,$71,$1,$1,$13,$417,$343,$52,52,$0.25,$0.25,$2465,$478,$358,$4366,$1825,$6914,$703,$48,$10152,$14518,$2915,$7121,$225,$8758,$11674,$29,$655,$0,$2844,$14518,$2,$74,$122,$196,$41,$34,$-133,$4,$-56,$142,$-65,$-11,$-440,$0,$225,$225,$-32,$-323,$318,$0,$318,$16,$16,$-8,$-91,$235,$60,$1,$-8
4,2017-06-30,19.05,$60.34,0.32,$96.83,0.2,$18.61,1.02,$0.75,25.47,$4.42B,$3.31B,1.34,$7.25B,$3.18B,2.28,$5.04B,$1.50B,29.80%,$5.04B,$0.65B,12.95%,$5.04B,$0.65B,12.95%,$5.04B,$0.75B,14.88%,$5.04B,$0.32B,6.25%,$5.04B,$0.10B,1.94%,$0.10B,$3.18B,5.63%,$0.10B,$2.38B,9.93%,$0.10B,$15.62B,0.79%,$0.65B,$10.43B,7.98%,$1276,$859,$418,$0,$288,$786,$491,$-137,$354,$202,$152,$152,$32,$491,$491,$52,52,$0.61,$0.61,$2412,$443,$360,$4423,$2015,$7534,$805,$34,$11199,$15622,$3312,$7248,$384,$9128,$12440,$32,$716,$0,$3181,$15622,$130,$314,$67,$382,$-122,$-28,$118,$118,$86,$598,$-216,$-33,$-341,$0,$453,$453,$-19,$-156,$510,$137,$646,$-35,$-35,$-169,$-319,$124,$729,$7,$-169
5,2017-03-31,19.66,$0.00,0.0,$123.82,0.16,$63.39,0.31,$0.12,157.64,$3.71B,$2.80B,1.33,$6.22B,$1.36B,4.58,$5.24B,$1.59B,30.28%,$5.24B,$0.27B,5.14%,$5.24B,$0.27B,5.14%,$5.24B,$0.37B,6.99%,$5.24B,$-0.07B,-1.39%,$5.24B,$0.07B,1.28%,$0.07B,$1.36B,5.24%,$0.07B,$0.65B,14.33%,$0.07B,$11.22B,0.55%,$0.27B,$7.58B,3.38%,$1216,$863,$353,$0,$302,$1180,$35,$-12,$24,$15,$9,$9,$7,$35,$35,$52,52,$0.14,$0.14,$2046,$347,$346,$3714,$1750,$4329,$708,$9,$7508,$11222,$2802,$6223,$353,$7061,$9863,$32,$-21,$0,$1359,$11222,$437,$0,$-50,$-50,$0,$0,$0,$0,$0,$387,$-172,$-21,$-94,$0,$328,$328,$9,$51,$330,$-23,$306,$0,$0,$-53,$-194,$60,$548,$0,$-53
6,2016-12-31,15.45,$0.00,0.0,$124.74,0.12,$74.24,0.21,$0.29,53.39,$3.98B,$2.83B,1.41,$6.25B,$1.38B,4.53,$5.29B,$1.55B,29.23%,$5.29B,$0.31B,5.88%,$5.29B,$0.31B,5.88%,$5.29B,$0.41B,7.72%,$5.29B,$-0.11B,-2.16%,$5.29B,$0.05B,0.93%,$0.05B,$1.38B,4.42%,$0.05B,$0.65B,13.67%,$0.05B,$11.29B,0.40%,$0.31B,$7.63B,3.92%,$1226,$865,$361,$0,$302,$1171,$55,$-85,$-30,$-34,$4,$4,$91,$55,$55,$52,52,$1.76,$1.75,$2137,$346,$448,$3978,$1697,$4183,$735,$8,$7316,$11294,$2829,$6247,$334,$7085,$9914,$32,$-28,$4,$1380,$11294,$367,$0,$-32,$-32,$0,$0,$0,$0,$0,$335,$-92,$-14,$153,$0,$106,$106,$-2,$152,$294,$0,$294,$0,$0,$-40,$-109,$146,$643,$0,$-40
7,2016-09-30,17.36,$0.00,0.0,$104.53,0.17,$76.15,0.23,$-2.39,0.0,$4.11B,$3.50B,1.18,$6.05B,$1.04B,5.8,$4.24B,$1.28B,30.17%,$4.24B,$0.41B,9.56%,$4.24B,$0.41B,9.56%,$4.24B,$0.50B,11.85%,$4.24B,$-0.19B,-4.39%,$4.24B,$-0.09B,-2.15%,$-0.09B,$1.04B,-9.57%,$-0.09B,$0.28B,-37.60%,$-0.09B,$11.42B,-0.71%,$0.41B,$7.10B,4.84%,$1323,$954,$370,$0,$298,$1251,$72,$-105,$-33,$2,$-35,$-35,$-32,$169,$72,$52,52,$-0.62,$-0.62,$1714,$334,$1043,$4110,$1767,$4093,$768,$9,$7311,$11421,$3497,$6052,$314,$6880,$10377,$33,$-125,$4,$1044,$11421,$-58,$97,$95,$192,$-32,$19,$9,$33,$28,$162,$-32,$-7,$-208,$0,$193,$193,$-24,$-78,$-171,$302,$131,$0,$0,$-25,$-85,$21,$109,$2,$-25
8,2016-06-30,13.73,$25.22,0.54,$82.63,0.17,$74.37,0.18,$-2.37,0.0,$3.94B,$3.98B,0.99,$8.19B,$1.33B,6.16,$3.09B,$0.98B,31.56%,$3.09B,$0.36B,11.78%,$3.09B,$0.36B,11.78%,$3.09B,$0.37B,12.04%,$3.09B,$-0.18B,-5.92%,$3.09B,$-0.09B,-2.95%,$-0.09B,$1.33B,-11.48%,$-0.09B,$0.30B,-33.52%,$-0.09B,$14.49B,-0.87%,$0.36B,$9.52B,5.29%,$1470,$969,$501,$0,$459,$1362,$107,$-141,$-34,$-16,$-18,$-26,$1,$107,$107,$29,29,$-1.39,$-1.39,$2080,$401,$175,$3939,$2296,$6275,$1031,$12,$10553,$14492,$3981,$8189,$323,$9181,$13162,$43,$-121,$0,$1330,$14492,$-165,$242,$292,$534,$-43,$-7,$16,$19,$-15,$354,$1134,$-12,$-377,$0,$45,$45,$-34,$755,$-29,$0,$-29,$1,$1,$-21,$-343,$-392,$1175,$5,$-21
9,2016-03-31,11.31,$0.00,0.0,$33.05,0.34,$33.40,0.34,$-0.48,0.0,$3.77B,$3.29B,1.14,$6.86B,$0.68B,10.12,$1.71B,$0.45B,26.46%,$1.71B,$0.27B,15.71%,$1.71B,$0.27B,15.71%,$1.71B,$0.25B,14.84%,$1.71B,$-0.07B,-3.97%,$1.71B,$-0.03B,-1.46%,$-0.03B,$0.68B,-4.36%,$-0.03B,$0.22B,-8.18%,$-0.03B,$11.44B,-0.34%,$0.27B,$7.53B,5.62%,$1266,$953,$313,$0,$215,$1190,$77,$-94,$-17,$-3,$-14,$-14,$-11,$77,$77,$52,52,$-0.21,$-0.21,$2095,$480,$160,$3766,$1632,$4992,$463,$4,$7679,$11444,$3291,$6855,$245,$7476,$10767,$35,$-65,$0,$678,$11444,$239,$0,$-46,$-46,$0,$0,$0,$0,$0,$194,$589,$-8,$-592,$0,$54,$54,$532,$575,$-195,$535,$340,$-78,$-78,$-14,$-150,$97,$1328,$0,$-14
10,2015-12-31,12.54,$38.04,0.33,$11.42,1.1,$19.19,0.65,$-0.87,0.0,$4.79B,$3.92B,1.22,$8.59B,$0.75B,11.44,$0.58B,$0.20B,34.03%,$0.58B,$0.22B,38.54%,$0.58B,$0.22B,38.54%,$0.58B,$0.23B,39.76%,$0.58B,$-0.09B,-15.45%,$0.58B,$-0.05B,-7.81%,$-0.05B,$0.75B,-9.06%,$-0.05B,$0.18B,-13.25%,$-0.05B,$14.10B,-0.94%,$0.22B,$9.34B,7.03%,$177,$83,$94,$0,$34,$29,$149,$-251,$-102,$-8,$-94,$-94,$-49,$149,$149,$52,52,$-0.93,$-0.93,$2347,$558,$556,$4794,$2107,$5959,$571,$4,$9310,$14104,$3923,$8587,$293,$9431,$13353,$50,$-77,$0,$750,$14104,$77,$0,$-50,$-50,$0,$0,$0,$0,$0,$27,$316,$-0,$-379,$0,$109,$109,$-136,$-90,$40,$0,$40,$-13,$-13,$-21,$90,$97,$1324,$0,$-21
11,2015-09-30,9.51,$0.00,0.0,$11.39,0.83,$13.47,0.71,$-0.14,0.0,$0.51B,$0.44B,1.14,$0.72B,$0.41B,1.74,$0.56B,$0.17B,30.02%,$0.56B,$0.12B,20.78%,$0.56B,$0.12B,20.78%,$0.56B,$0.12B,22.02%,$0.56B,$0.01B,1.24%,$0.56B,$-0.01B,-1.24%,$-0.01B,$0.41B,-1.68%,$-0.01B,$0.39B,-1.77%,$-0.01B,$1.70B,-0.41%,$0.12B,$1.13B,10.76%,$176,$109,$67,$0,$36,$145,$31,$-61,$-30,$10,$-39,$-32,$-32,$39,$31,$50,50,$-0.64,$-0.64,$226,$63,$16,$505,$0,$785,$19,$63,$941,$1703,$443,$717,$109,$847,$1291,$54,$-19,$0,$412,$1703,$-39,$8,$0,$8,$0,$0,$0,$0,$4,$37,$-2,$0,$-4,$0,$0,$-100,$102,$-3,$0,$0,$-18,$0,$0,$-5,$36,$13,$43,$0,$0
12,2015-06-30,12.65,$0.00,0.0,$11.58,1.09,$13.39,0.95,$0.19,65.43,$0.49B,$0.52B,0.94,$0.68B,$0.45B,1.5,$0.57B,$0.17B,29.25%,$0.57B,$0.12B,21.02%,$0.57B,$0.12B,21.02%,$0.57B,$0.12B,20.84%,$0.57B,$0.06B,9.63%,$0.57B,$0.01B,1.93%,$0.01B,$0.45B,2.47%,$0.01B,$0.43B,2.58%,$0.01B,$1.78B,0.63%,$0.12B,$1.13B,10.84%,$93,$115,$-21,$0,$-33,$82,$12,$-14,$81,$7,$73,$67,$67,$-11,$12,$50,50,$1.35,$1.33,$136,$74,$71,$490,$309,$824,$20,$84,$1313,$1778,$520,$679,$108,$804,$1324,$58,$-29,$0,$454,$1778,$108,$0,$0,$0,$0,$0,$0,$0,$0,$58,$495,$0,$-681,$0,$0,$294,$-6,$102,$0,$-1,$-23,$0,$-35,$-4,$-144,$-207,$-43,$0,$0
13,2015-03-31,13.37,$0.00,0.0,$14.41,0.93,$5.39,2.48,$-2.31,0.0,$0.39B,$0.51B,0.78,$0.66B,$0.37B,1.77,$0.65B,$0.22B,34.26%,$0.65B,$0.10B,14.97%,$0.65B,$0.10B,14.97%,$0.65B,$0.16B,25.15%,$0.65B,$-0.11B,-17.44%,$0.65B,$-0.10B,-15.90%,$-0.10B,$0.37B,-20.60%,$-0.10B,$0.35B,-21.55%,$-0.10B,$1.66B,-5.42%,$0.10B,$1.03B,8.14%,$130,$74,$56,$0,$26,$100,$30,$-68,$-38,$-4,$-33,$-31,$-31,$52,$30,$50,50,$-0.63,$-0.63,$110,$89,$2,$394,$0,$790,$20,$71,$972,$1663,$506,$656,$98,$786,$1292,$57,$-56,$0,$371,$1663,$-52,$23,$0,$23,$0,$0,$0,$0,$0,$59,$-21,$0,$-122,$0,$0,$219,$8,$83,$0,$0,$-143,$0,$-12,$-2,$-28,$-186,$-59,$0,$0
14,2014-12-31,9.81,$0.00,0.0,$11.79,0.83,$4.63,2.12,$-1.71,0.0,$0.49B,$0.53B,0.93,$0.64B,$0.43B,1.5,$0.66B,$0.25B,38.63%,$0.66B,$0.13B,19.08%,$0.66B,$0.13B,19.08%,$0.66B,$0.15B,22.29%,$0.66B,$-0.12B,-18.78%,$0.66B,$-0.10B,-14.50%,$-0.10B,$0.43B,-16.70%,$-0.10B,$0.41B,-17.39%,$-0.10B,$1.72B,-4.77%,$0.13B,$1.06B,9.57%,$164,$96,$67,$0,$23,$120,$44,$-53,$-6,$16,$-22,$-11,$-11,$44,$44,$48,48,$-0.22,$-0.22,$223,$89,$2,$489,$0,$716,$21,$92,$920,$1723,$526,$637,$94,$771,$1298,$58,$-25,$0,$425,$1723,$0,$0,$0,$0,$0,$0,$0,$0,$0,$58,$-16,$0,$-41,$0,$0,$204,$-11,$136,$0,$0,$-39,$0,$-4,$-29,$-77,$-149,$2,$0,$0
15,2014-09-30,10.47,$0.00,0.0,$9.12,1.15,$5.01,2.09,$-2.07,0.0,$0.50B,$0.46B,1.08,$0.67B,$0.53B,1.26,$0.53B,$0.13B,23.91%,$0.53B,$-0.02B,-2.85%,$0.53B,$-0.02B,-2.85%,$0.53B,$0.03B,5.69%,$0.53B,$-0.18B,-34.54%,$0.53B,$-0.11B,-21.63%,$-0.11B,$0.53B,-17.62%,$-0.11B,$0.51B,-18.28%,$-0.11B,$1.83B,-5.34%,$-0.02B,$1.21B,-1.04%,$184,$120,$65,$0,$31,$150,$34,$-15,$18,$16,$3,$-14,$-14,$34,$34,$50,50,$-0.29,$-0.29,$240,$68,$1,$499,$0,$773,$21,$77,$983,$1831,$460,$671,$109,$837,$1297,$59,$-144,$0,$534,$1831,$46,$0,$0,$0,$0,$0,$0,$0,$0,$40,$-8,$0,$0,$0,$0,$-33,$180,$139,$0,$0,$54,$0,$-4,$-2,$-171,$-123,$58,$0,$0
16,2014-06-30,12.54,$0.00,0.0,$7.09,1.77,$5.62,2.23,$-2.11,0.0,$0.75B,$0.73B,1.04,$0.80B,$0.67B,1.2,$0.43B,$0.01B,1.64%,$0.43B,$-0.14B,-32.55%,$0.43B,$-0.14B,-32.55%,$0.43B,$-0.09B,-22.01%,$0.43B,$-0.22B,-52.46%,$0.43B,$-0.12B,-27.17%,$-0.12B,$0.67B,-15.92%,$-0.12B,$0.64B,-16.46%,$-0.12B,$2.38B,-5.16%,$-0.14B,$1.47B,-9.05%,$170,$136,$34,$0,$46,$182,$-11,$-94,$-87,$-5,$-82,$-47,$-47,$33,$-11,$36,36,$-1.29,$-1.29,$232,$96,$208,$753,$0,$942,$26,$106,$1203,$2383,$725,$803,$115,$989,$1714,$74,$-161,$0,$670,$2383,$-165,$45,$0,$45,$0,$0,$0,$0,$39,$133,$-20,$0,$-177,$0,$0,$28,$35,$-134,$0,$0,$-113,$0,$0,$-37,$83,$-67,$-7,$0,$0
17,2014-03-31,8.93,$0.00,0.0,$6.03,1.48,$4.28,2.09,$-1.20,0.0,$0.43B,$0.42B,1.04,$0.84B,$0.65B,1.29,$0.46B,$0.05B,11.21%,$0.46B,$-0.07B,-14.44%,$0.46B,$-0.07B,-14.44%,$0.46B,$-0.01B,-3.02%,$0.46B,$-0.16B,-34.05%,$0.46B,$-0.09B,-19.18%,$-0.09B,$0.65B,-11.09%,$-0.09B,$0.62B,-11.42%,$-0.09B,$2.03B,-3.89%,$-0.07B,$1.48B,-4.12%,$137,$49,$87,$0,$29,$78,$58,$-106,$-48,$-25,$-23,$-23,$-23,$35,$58,$0,0,$0.00,$0.00,$137,$115,$1,$434,$0,$1010,$22,$98,$1230,$2031,$417,$836,$60,$967,$1384,$66,$-66,$0,$647,$2031,$89,$0,$0,$0,$0,$0,$0,$0,$0,$58,$-4,$0,$395,$0,$0,$10,$-490,$-89,$0,$0,$51,$0,$-1,$-31,$-78,$-60,$-73,$0,$0
18,2013-12-31,9.71,$0.00,0.0,$8.46,1.15,$5.51,1.76,$-1.13,0.0,$0.53B,$0.54B,0.98,$0.87B,$0.74B,1.18,$0.47B,$-0.03B,-5.70%,$0.47B,$-0.14B,-30.17%,$0.47B,$-0.14B,-30.17%,$0.47B,$-0.09B,-19.20%,$0.47B,$-0.09B,-19.83%,$0.47B,$-0.06B,-12.87%,$-0.06B,$0.74B,-6.84%,$-0.06B,$0.72B,-7.03%,$-0.06B,$2.30B,-2.56%,$-0.14B,$1.61B,-8.43%,$36,$96,$-60,$0,$35,$131,$-96,$-101,$-65,$-21,$-44,$-30,$-30,$-72,$-96,$51,51,$-0.59,$-0.59,$231,$46,$48,$526,$0,$1170,$23,$104,$1380,$2295,$538,$870,$63,$1020,$1558,$82,$-55,$0,$737,$2295,$-59,$24,$0,$24,$0,$0,$0,$0,$54,$72,$-9,$0,$-7,$0,$0,$-169,$3,$-182,$0,$100,$0,$0,$-0,$-14,$-76,$10,$-89,$0,$0
19,2013-09-30,8.14,$0.00,0.0,$10.80,0.75,$5.59,1.46,$-0.30,0.0,$0.51B,$0.52B,0.96,$0.73B,$0.86B,0.84,$0.61B,$0.11B,18.06%,$0.61B,$0.00B,0.66%,$0.61B,$0.00B,0.66%,$0.61B,$0.05B,7.55%,$0.61B,$0.01B,1.48%,$0.61B,$-0.02B,-2.63%,$-0.02B,$0.86B,-1.67%,$-0.02B,$0.84B,-1.71%,$-0.02B,$2.28B,-0.66%,$0.00B,$1.59B,0.23%,$84,$138,$-54,$0,$35,$174,$-90,$-53,$-24,$-8,$-16,$-16,$-16,$-90,$-90,$50,50,$-0.32,$-0.32,$224,$44,$18,$505,$0,$1201,$23,$102,$1379,$2280,$524,$726,$77,$896,$1420,$89,$-22,$0,$860,$2280,$0,$0,$0,$0,$0,$0,$0,$0,$0,$67,$-5,$0,$-1,$0,$0,$-91,$3,$-94,$0,$6,$-27,$0,$-1,$-1,$-31,$-55,$-74,$0,$0
20,2013-06-30,6.93,$0.00,0.0,$11.80,0.59,$5.36,1.29,$-0.05,0.0,$0.67B,$0.55B,1.23,$0.86B,$0.97B,0.89,$0.68B,$0.23B,33.28%,$0.68B,$0.12B,17.45%,$0.68B,$0.12B,17.45%,$0.68B,$0.18B,25.81%,$0.68B,$0.04B,5.57%,$0.68B,$-0.00B,-0.44%,$-0.00B,$0.97B,-0.30%,$-0.00B,$0.94B,-0.31%,$-0.00B,$2.54B,-0.12%,$0.12B,$1.82B,6.84%,$207,$128,$79,$0,$20,$146,$61,$-134,$-21,$3,$-24,$-20,$-20,$113,$61,$52,57,$-0.38,$-0.34,$304,$52,$20,$673,$0,$1254,$26,$112,$1428,$2540,$545,$858,$63,$1029,$1574,$102,$-5,$0,$966,$2540,$32,$57,$0,$57,$0,$0,$0,$0,$38,$133,$-31,$0,$-42,$0,$0,$8,$45,$-19,$0,$-120,$107,$0,$0,$-49,$58,$-4,$118,$0,$0
21,2013-03-31,8.76,$0.00,0.0,$13.65,0.64,$7.34,1.19,$0.33,26.6,$0.54B,$0.51B,1.07,$0.76B,$1.00B,0.76,$0.76B,$0.23B,29.99%,$0.76B,$0.06B,7.93%,$0.76B,$0.06B,7.93%,$0.76B,$0.08B,10.57%,$0.76B,$0.05B,6.74%,$0.76B,$0.02B,2.64%,$0.02B,$1.00B,2.27%,$0.02B,$0.98B,2.23%,$0.02B,$2.43B,0.85%,$0.06B,$1.77B,3.83%,$147,$140,$8,$0,$25,$165,$-18,$34,$16,$-1,$17,$5,$5,$-42,$-18,$48,60,$0.10,$0.08,$235,$35,$79,$541,$0,$458,$25,$107,$617,$2433,$506,$764,$53,$925,$1431,$99,$156,$0,$1002,$2433,$53,$5,$0,$5,$0,$0,$0,$0,$110,$91,$-17,$0,$-42,$0,$0,$-16,$3,$-72,$0,$0,$115,$0,$0,$-23,$-79,$13,$34,$0,$0
22,2012-12-31,7.76,$0.00,0.0,$13.81,0.56,$7.74,1.0,$0.37,21.15,$0.51B,$0.54B,0.94,$0.70B,$1.01B,0.69,$0.76B,$0.28B,37.07%,$0.76B,$0.11B,14.38%,$0.76B,$0.11B,14.38%,$0.76B,$0.15B,20.18%,$0.76B,$0.05B,6.46%,$0.76B,$0.02B,2.77%,$0.02B,$1.01B,2.77%,$0.02B,$0.99B,2.58%,$0.02B,$2.42B,0.90%,$0.11B,$1.71B,7.80%,$171,$94,$77,$0,$26,$120,$51,$7,$38,$2,$37,$15,$15,$65,$51,$53,56,$0.29,$0.28,$187,$107,$0,$508,$0,$272,$25,$63,$662,$2421,$540,$700,$48,$868,$1408,$104,$158,$0,$1013,$2421,$37,$29,$0,$29,$0,$0,$0,$0,$87,$79,$-5,$0,$-25,$0,$0,$-92,$69,$-53,$0,$0,$-575,$0,$0,$-23,$582,$-16,$11,$0,$0
23,2012-09-30,7.22,$0.00,0.0,$10.77,0.67,$6.41,1.13,$0.10,69.74,$0.45B,$0.45B,0.99,$0.62B,$1.03B,0.6,$0.76B,$0.28B,36.89%,$0.76B,$0.10B,13.70%,$0.76B,$0.10B,13.70%,$0.76B,$0.13B,17.65%,$0.76B,$0.04B,5.14%,$0.76B,$0.02B,2.11%,$0.02B,$1.03B,3.17%,$0.02B,$1.02B,2.82%,$0.02B,$2.31B,0.93%,$0.10B,$1.66B,10.74%,$157,$94,$63,$0,$37,$132,$25,$-27,$5,$3,$2,$-3,$-3,$40,$25,$58,58,$-0.06,$-0.06,$149,$91,$98,$449,$0,$469,$16,$188,$690,$2306,$453,$623,$75,$820,$1273,$108,$142,$0,$1032,$2306,$2,$15,$0,$15,$0,$0,$0,$0,$35,$85,$-26,$0,$0,$0,$0,$-13,$-4,$-44,$0,$0,$-14,$0,$0,$-11,$-30,$-54,$-11,$0,$0
24,2012-06-30,6.34,$0.00,0.0,$11.33,0.56,$6.03,1.05,$0.17,37.42,$0.45B,$0.49B,0.92,$0.65B,$0.48B,1.35,$0.77B,$0.25B,32.73%,$0.77B,$0.09B,11.38%,$0.77B,$0.09B,11.38%,$0.77B,$0.11B,14.62%,$0.77B,$0.04B,5.69%,$0.77B,$0.02B,2.46%,$0.02B,$0.48B,5.06%,$0.02B,$0.61B,3.97%,$0.02B,$2.28B,1.10%,$0.09B,$1.13B,10.70%,$282,$202,$79,$0,$54,$280,$2,$-10,$-8,$-9,$1,$3,$3,$17,$2,$51,51,$0.05,$0.05,$137,$127,$55,$448,$0,$562,$-128,$192,$626,$2275,$490,$650,$190,$1304,$1794,$116,$8,$0,$481,$2275,$18,$56,$0,$56,$0,$0,$0,$0,$-26,$203,$-10,$0,$0,$0,$0,$-9,$-154,$-174,$0,$0,$49,$0,$-24,$-33,$-58,$-66,$-36,$0,$0
25,2012-03-31,10.89,$0.00,0.0,$9.22,1.18,$3.99,2.73,$0.43,25.16,$0.48B,$0.53B,0.9,$0.58B,$0.51B,1.15,$0.68B,$0.36B,53.31%,$0.68B,$0.27B,40.35%,$0.68B,$0.27B,40.35%,$0.68B,$0.28B,41.83%,$0.68B,$0.24B,35.35%,$0.68B,$0.03B,5.01%,$0.03B,$0.51B,8.63%,$0.03B,$0.64B,6.71%,$0.03B,$2.29B,1.93%,$0.27B,$1.09B,33.87%,$148,$86,$62,$0,$34,$117,$31,$-16,$14,$1,$13,$6,$6,$31,$31,$51,57,$0.12,$0.12,$152,$165,$56,$478,$0,$539,$-136,$195,$598,$2288,$534,$583,$153,$1248,$1782,$115,$117,$0,$506,$2288,$15,$41,$0,$41,$0,$0,$0,$0,$-39,$136,$-43,$0,$-1,$0,$0,$-88,$-1,$-133,$0,$106,$-42,$0,$0,$-35,$-63,$-35,$-32,$0,$0
26,2011-12-31,10.06,$0.00,0.0,$7.05,1.43,$2.36,4.26,$0.46,21.83,$0.00B,$0.00B,0.0,$0.00B,$0.00B,0.0,$0.55B,$0.32B,58.23%,$0.55B,$0.27B,47.92%,$0.55B,$0.27B,47.92%,$0.55B,$0.28B,49.73%,$0.55B,$0.25B,44.85%,$0.55B,$0.04B,6.51%,$0.04B,$0.00B,9.03%,$0.04B,$0.00B,7.54%,$0.04B,$0.00B,2.13%,$0.27B,$0.00B,39.67%,$172,$95,$76,$0,$33,$125,$46,$-19,$28,$6,$22,$10,$10,$46,$46,$0,0,$0.00,$0.00,$0,$0,$0,$0,$0,$0,$0,$0,$0,$0,$0,$0,$0,$0,$0,$0,$0,$0,$0,$0,$0,$0,$0,$0,$0,$0,$0,$0,$0,$0,$0,$0,$0,$0,$0,$0,$0,$0,$0,$0,$0,$0,$0,$0,$0,$0,$0,$0,$0
27,2011-09-30,9.31,$0.00,0.0,$9.47,0.98,$2.36,3.94,$0.70,13.37,$0.55B,$0.56B,0.98,$0.55B,$0.00B,0.0,$0.52B,$0.38B,73.89%,$0.52B,$0.36B,68.67%,$0.52B,$0.36B,68.67%,$0.52B,$0.37B,70.60%,$0.52B,$0.36B,68.86%,$0.52B,$0.04B,7.74%,$0.04B,$0.52B,6.48%,$0.04B,$0.67B,5.75%,$0.04B,$2.32B,1.83%,$0.36B,$1.07B,40.05%,$171,$135,$36,$0,$31,$162,$9,$-33,$10,$6,$4,$0,$0,$19,$9,$53,53,$0.01,$0.01,$209,$177,$66,$554,$0,$495,$-151,$181,$525,$2324,$564,$554,$187,$1246,$1810,$0,$0,$0,$515,$2324,$0,$10,$0,$10,$0,$0,$0,$0,$-14,$47,$-14,$0,$0,$0,$0,$-41,$-2,$-57,$0,$0,$-4,$0,$0,$0,$34,$30,$21,$0,$0
28,2011-06-30,13.97,$0.00,0.0,$9.10,1.54,$1.73,8.07,$0.87,15.97,$0.57B,$0.59B,0.96,$0.52B,$0.00B,0.0,$0.48B,$0.41B,86.74%,$0.48B,$0.39B,81.05%,$0.48B,$0.39B,81.05%,$0.48B,$0.39B,81.05%,$0.48B,$0.38B,79.37%,$0.48B,$0.05B,11.16%,$0.05B,$0.56B,8.57%,$0.05B,$0.72B,8.03%,$0.05B,$2.44B,2.57%,$0.39B,$1.08B,51.37%,$188,$0,$188,$0,$0,$0,$188,$0,$188,$0,$188,$18,$18,$188,$188,$52,56,$0.34,$0.32,$193,$188,$73,$568,$0,$521,$-166,$180,$535,$2439,$592,$523,$181,$1292,$1884,$0,$0,$0,$555,$2439,$53,$49,$0,$49,$0,$0,$0,$0,$-75,$139,$-43,$0,$-87,$0,$0,$19,$-88,$-198,$0,$0,$192,$0,$0,$-48,$48,$193,$133,$0,$0
29,2011-03-31,15.57,$0.00,0.0,$5.71,2.73,0,0.0,$0.56,27.59,$0.40B,$0.49B,0.82,$0.00B,$0.00B,0.0,$0.97B,$0.90B,93.47%,$0.97B,$0.88B,90.67%,$0.97B,$0.88B,90.67%,$0.97B,$0.88B,90.67%,$0.97B,$0.87B,89.84%,$0.97B,$0.04B,3.73%,$0.04B,$0.53B,5.92%,$0.04B,$0.53B,5.73%,$0.04B,$1.99B,1.90%,$0.88B,$0.53B,131.78%,$22,$0,$22,$0,$0,$0,$22,$0,$22,$0,$22,$8,$8,$22,$22,$51,51,$0.17,$0.15,$0,$0,$0,$400,$0,$0,$0,$1592,$1592,$1992,$489,$0,$621,$977,$1466,$0,$0,$0,$525,$1992,$0,$0,$0,$0,$0,$0,$0,$0,$0,$0,$0,$0,$0,$0,$0,$0,$0,$0,$0,$0,$0,$0,$0,$0,$0,$0,$0,$0,$0
30,2010-12-31,16.03,$0.00,0.0,$7.09,2.26,0,0.0,$0.62,25.81,$0.39B,$0.55B,0.71,$0.00B,$0.00B,0.0,$1.04B,$0.98B,93.95%,$1.04B,$0.95B,91.36%,$1.04B,$0.95B,91.36%,$1.04B,$0.95B,91.36%,$1.04B,$0.94B,90.60%,$1.04B,$0.04B,3.74%,$0.04B,$0.87B,6.44%,$0.04B,$0.87B,6.24%,$0.04B,$1.99B,2.49%,$0.95B,$0.87B,143.97%,$136,$0,$136,$0,$0,$0,$136,$0,$136,$0,$136,$14,$14,$136,$136,$47,56,$0.29,$0.25,$0,$0,$0,$391,$0,$0,$0,$1594,$1594,$1985,$554,$0,$0,$0,$1110,$0,$0,$0,$874,$1985,$0,$0,$0,$0,$0,$0,$0,$0,$0,$0,$0,$0,$0,$0,$0,$0,$0,$0,$0,$0,$0,$0,$0,$0,$0,$0,$0,$0,$0
31,2010-09-30,13.54,$0.00,0.0,$7.04,1.92,0,0.0,$0.76,17.77,$0.39B,$0.35B,1.13,$0.00B,$0.00B,0.0,$1.03B,$0.97B,93.90%,$1.03B,$0.94B,91.29%,$1.03B,$0.94B,91.29%,$1.03B,$0.94B,91.29%,$1.03B,$0.94B,90.51%,$1.03B,$0.05B,4.45%,$0.05B,$0.52B,8.96%,$0.05B,$0.52B,8.63%,$0.05B,$1.82B,3.09%,$0.94B,$0.52B,165.66%,$129,$62,$66,$0,$27,$90,$39,$-8,$31,$6,$25,$13,$13,$39,$39,$45,45,$0.29,$0.20,$0,$0,$0,$394,$0,$0,$0,$1426,$1426,$1820,$347,$0,$532,$951,$1298,$0,$0,$0,$521,$1820,$0,$0,$0,$0,$0,$0,$0,$0,$0,$0,$0,$0,$0,$0,$0,$0,$0,$0,$0,$0,$0,$0,$0,$0,$0,$0,$0,$0,$0
32,2010-06-30,10.25,$0.00,0.0,$5.81,1.76,$0.06,185.7,$0.86,11.97,$0.38B,$0.50B,0.75,$0.22B,$0.00B,0.0,$0.99B,$0.94B,94.97%,$0.99B,$0.92B,92.35%,$0.99B,$0.92B,92.35%,$0.99B,$0.93B,93.56%,$0.99B,$0.94B,94.57%,$0.99B,$0.05B,4.93%,$0.05B,$0.51B,9.66%,$0.05B,$0.59B,8.90%,$0.05B,$1.78B,3.42%,$0.92B,$0.74B,147.83%,$678,$0,$678,$0,$0,$0,$678,$0,$678,$0,$678,$1,$1,$678,$678,$0,0,$0.00,$0.00,$94,$104,$66,$379,$0,$496,$-78,$129,$546,$1783,$503,$223,$121,$767,$1270,$0,$0,$0,$513,$1783,$48,$36,$0,$36,$0,$0,$0,$0,$-92,$30,$-19,$0,$-3,$0,$0,$-66,$-51,$-139,$0,$0,$89,$0,$31,$-25,$5,$100,$-9,$0,$0
33,2010-03-31,11.77,$0.00,0.0,$5.81,2.02,$0.06,213.24,$0.86,13.75,$0.08B,$0.15B,0.55,$0.00B,$0.51B,0.0,$0.65B,$0.40B,62.25%,$0.65B,$0.29B,45.15%,$0.65B,$0.29B,45.15%,$0.65B,$0.34B,53.00%,$0.65B,$0.37B,56.39%,$0.65B,$0.10B,14.95%,$0.10B,$0.51B,18.89%,$0.10B,$0.51B,17.23%,$0.10B,$0.68B,6.79%,$0.29B,$0.51B,46.12%,$99,$0,$99,$0,$0,$0,$99,$0,$99,$0,$99,$11,$11,$99,$99,$55,55,$0.21,$0.21,$3,$38,$26,$82,$0,$461,$0,$61,$523,$680,$148,$0,$1,$19,$167,$173,$93,$0,$514,$680,$0,$0,$0,$0,$0,$0,$0,$0,$0,$0,$0,$0,$0,$0,$0,$0,$0,$0,$0,$0,$0,$0,$0,$0,$0,$0,$0,$0,$0
34,2009-12-31,12.17,$0.00,0.0,$5.35,2.28,$-0.97,0.0,$0.63,19.3,$0.30B,$0.39B,0.78,$0.00B,$0.00B,0.0,$0.65B,$0.37B,56.70%,$0.65B,$0.24B,36.83%,$0.65B,$0.24B,36.83%,$0.65B,$0.29B,44.68%,$0.65B,$0.27B,41.29%,$0.65B,$0.08B,12.94%,$0.08B,$0.51B,16.69%,$0.08B,$0.51B,14.69%,$0.08B,$1.68B,5.09%,$0.24B,$0.51B,34.36%,$127,$0,$127,$0,$0,$0,$127,$0,$127,$0,$127,$21,$21,$127,$127,$54,54,$0.39,$0.39,$0,$0,$0,$303,$0,$0,$0,$1372,$1372,$1675,$389,$0,$372,$780,$1169,$0,$0,$0,$506,$1675,$0,$0,$0,$0,$0,$0,$0,$0,$0,$0,$0,$0,$0,$0,$0,$0,$0,$0,$0,$0,$0,$0,$0,$0,$0,$0,$0,$0,$0
35,2009-09-30,10.66,$0.00,0.0,$5.21,2.05,$-0.97,0.0,$0.54,19.87,$0.28B,$0.33B,0.85,$0.23B,$0.00B,0.0,$0.64B,$0.36B,55.82%,$0.64B,$0.23B,35.53%,$0.64B,$0.23B,35.53%,$0.64B,$0.28B,43.55%,$0.64B,$0.26B,40.09%,$0.64B,$0.08B,12.26%,$0.08B,$0.50B,15.50%,$0.08B,$0.59B,13.64%,$0.08B,$1.59B,4.74%,$0.23B,$0.73B,32.49%,$90,$50,$40,$0,$26,$76,$14,$22,$36,$4,$32,$16,$16,$26,$14,$55,55,$0.29,$0.29,$110,$35,$64,$280,$0,$412,$-95,$131,$448,$1589,$328,$230,$142,$763,$1091,$0,$0,$0,$497,$1589,$16,$12,$0,$12,$0,$0,$0,$0,$-7,$10,$-7,$0,$0,$0,$0,$0,$-14,$-21,$0,$13,$-7,$0,$0,$0,$2,$8,$-3,$0,$0
36,2009-06-30,7.8,$0.00,0.0,$4.04,1.93,$-1.16,0.0,$0.07,118.3,$0.34B,$0.39B,0.88,$0.26B,$0.00B,0.0,$0.58B,$0.32B,56.17%,$0.58B,$0.22B,37.57%,$0.58B,$0.22B,37.57%,$0.58B,$0.26B,44.35%,$0.58B,$0.21B,36.00%,$0.58B,$0.05B,8.70%,$0.05B,$0.54B,9.64%,$0.05B,$0.64B,8.91%,$0.05B,$1.77B,3.56%,$0.22B,$0.79B,33.08%,$333,$195,$138,$0,$83,$279,$53,$50,$104,$25,$79,$49,$49,$92,$53,$0,0,$0.00,$0.00,$127,$41,$0,$343,$0,$402,$-105,$149,$447,$1770,$389,$257,$162,$844,$1233,$0,$0,$0,$537,$1770,$37,$39,$0,$39,$0,$0,$0,$0,$-30,$86,$-90,$0,$51,$0,$0,$-21,$-45,$-106,$0,$-69,$0,$0,$-22,$-13,$32,$-72,$-92,$0,$0
37,2009-03-31,6.0,$0.00,0.0,$4.04,1.48,$-1.16,0.0,$0.07,91.08,$0.29B,$0.31B,0.93,$0.28B,$0.00B,0.0,$0.24B,$0.19B,76.45%,$0.24B,$0.16B,67.36%,$0.24B,$0.16B,67.36%,$0.24B,$0.16B,67.36%,$0.24B,$0.10B,42.56%,$0.24B,$0.00B,0.41%,$0.00B,$0.47B,0.19%,$0.00B,$0.55B,0.19%,$0.00B,$1.57B,0.09%,$0.16B,$0.76B,27.36%,$99,$36,$63,$0,$19,$54,$45,$-11,$1,$3,$-2,$-2,$-2,$45,$45,$74,74,$-0.03,$-0.03,$19,$56,$136,$285,$0,$306,$-75,$149,$380,$1568,$306,$281,$141,$788,$1094,$0,$0,$0,$473,$1568,$1,$0,$0,$0,$0,$0,$0,$0,$-67,$-7,$-69,$0,$49,$0,$0,$0,$-26,$-47,$0,$2,$0,$0,$-18,$-12,$-19,$-47,$-100,$0,$0
38,2008-12-31,7.4,$0.00,0.0,$2.70,2.74,$-0.13,0.0,$0.09,78.63,$0.34B,$0.32B,1.06,$0.00B,$0.00B,0.0,$0.14B,$0.12B,85.31%,$0.14B,$0.12B,82.52%,$0.14B,$0.12B,82.52%,$0.14B,$0.12B,82.52%,$0.14B,$0.10B,71.33%,$0.14B,$0.00B,2.10%,$0.00B,$0.51B,0.55%,$0.00B,$0.51B,0.55%,$0.00B,$1.65B,0.33%,$0.12B,$0.51B,21.61%,$114,$0,$114,$0,$0,$0,$114,$0,$114,$0,$114,$15,$15,$114,$114,$51,51,$0.29,$0.29,$0,$0,$0,$335,$0,$0,$0,$1314,$1314,$1649,$315,$0,$440,$827,$1143,$0,$0,$0,$506,$1649,$0,$0,$0,$0,$0,$0,$0,$0,$0,$0,$0,$0,$0,$0,$0,$0,$0,$0,$0,$0,$0,$0,$0,$0,$0,$0,$0,$0,$0
39,2008-09-30,8.53,$0.00,0.0,$0.56,15.3,$-0.13,0.0,$-0.05,0.0,$0.18B,$0.06B,2.91,$0.00B,$0.00B,0.0,$0.03B,$0.01B,34.38%,$0.03B,$0.01B,21.88%,$0.03B,$0.01B,21.88%,$0.03B,$0.01B,21.88%,$0.03B,$-0.01B,-28.13%,$0.03B,$-0.01B,-21.88%,$-0.01B,$0.56B,-1.44%,$-0.01B,$0.55B,-1.40%,$-0.01B,$0.63B,-1.20%,$0.01B,$0.56B,1.44%,$29,$21,$8,$0,$5,$26,$4,$-11,$-12,$-0,$-12,$-12,$-12,$4,$4,$63,63,$-0.20,$-0.20,$108,$30,$0,$179,$0,$315,$7,$37,$360,$634,$62,$0,$15,$15,$77,$0,$0,$0,$558,$634,$-12,$1,$0,$1,$0,$0,$0,$0,$-5,$-2,$-7,$0,$0,$0,$0,$0,$-25,$-32,$0,$-31,$0,$0,$-2,$0,$0,$-33,$-66,$0,$0
40,2008-06-30,12.07,$0.00,0.0,$0.46,26.36,$0.02,678.21,$0.02,674.42,$0.24B,$0.08B,2.81,$0.00B,$0.56B,0.0,$0.02B,0,0.00%,$0.02B,$-0.00B,-13.33%,$0.02B,$-0.00B,-13.33%,$0.02B,$-0.00B,-13.33%,$0.02B,$-0.00B,-13.33%,$0.02B,$0.00B,6.67%,$0.00B,$0.56B,0.24%,$0.00B,$0.56B,0.23%,$0.00B,$0.66B,0.20%,$-0.00B,$0.56B,-0.48%,$0,$0,$0,$0,$0,$0,$0,$0,$0,$0,$0,$0,$0,$0,$0,$0,0,$0.00,$0.00,$171,$36,$0,$236,$0,$296,$7,$38,$341,$662,$84,$0,$14,$14,$98,$160,$7,$0,$564,$662,$7,$2,$0,$2,$0,$0,$0,$0,$-19,$-24,$-2,$0,$0,$0,$0,$0,$-128,$-130,$0,$-15,$25,$0,$287,$-3,$-1,$294,$139,$0,$0
41,2008-03-31,12.61,$0.00,0.0,$1.80,7.0,$-0.67,0.0,$0.02,704.38,$0.29B,$0.09B,3.39,$0.00B,$0.56B,0.0,$0.05B,$-0.01B,-25.49%,$0.05B,$-0.02B,-47.06%,$0.05B,$-0.02B,-47.06%,$0.05B,$-0.02B,-47.06%,$0.05B,$-0.01B,-17.65%,$0.05B,$0.01B,9.80%,$0.01B,$0.56B,1.47%,$0.01B,$0.58B,1.36%,$0.01B,$0.66B,1.16%,$-0.02B,$0.56B,-6.99%,$0,$0,$0,$0,$0,$0,$0,$0,$0,$0,$0,$0,$0,$0,$0,$0,0,$0.00,$0.00,$227,$34,$6,$292,$0,$273,$-28,$37,$281,$657,$86,$0,$14,$15,$101,$159,$9,$0,$555,$657,$0,$0,$0,$0,$0,$0,$0,$0,$0,$0,$0,$0,$0,$0,$0,$0,$0,$0,$0,$0,$0,$0,$0,$0,$0,$0,$0,$0,$0
42,2007-12-31,16.17,$0.00,0.0,$2.25,7.18,$-0.67,0.0,$0.21,78.48,$0.06B,$0.09B,0.63,$0.00B,$0.00B,0.0,$0.07B,$0.00B,3.03%,$0.07B,$-0.01B,-13.64%,$0.07B,$-0.01B,-13.64%,$0.07B,$-0.01B,-13.64%,$0.07B,$0.01B,9.09%,$0.07B,$0.01B,16.67%,$0.01B,$0.27B,4.14%,$0.01B,$0.31B,3.79%,$0.01B,$0.38B,3.13%,$-0.01B,$0.27B,-3.31%,$3,$0,$3,$0,$0,$0,$3,$0,$3,$0,$3,$5,$5,$3,$3,$33,33,$0.14,$0.14,$1,$29,$6,$56,$0,$247,$-37,$40,$250,$379,$89,$0,$18,$18,$107,$0,$0,$0,$272,$379,$0,$0,$0,$0,$0,$0,$0,$0,$0,$0,$0,$0,$0,$0,$0,$0,$0,$0,$0,$0,$0,$0,$0,$0,$0,$0,$0,$0,$0
43,2007-09-30,18.4,$0.00,0.0,$2.62,7.03,$-0.67,0.0,$0.26,70.75,$0.05B,$0.06B,0.83,$0.01B,$0.26B,0.03,$0.07B,$0.01B,13.51%,$0.07B,$-0.00B,-1.35%,$0.07B,$-0.00B,-1.35%,$0.07B,$-0.00B,-1.35%,$0.07B,$0.01B,18.92%,$0.07B,$0.01B,14.86%,$0.01B,$0.26B,4.38%,$0.01B,$0.29B,4.07%,$0.01B,$0.35B,3.32%,$-0.00B,$0.27B,-0.39%,$12,$15,$-3,$0,$2,$18,$-5,$-3,$-5,$-1,$-4,$-4,$-4,$-5,$-5,$33,33,$-0.12,$-0.12,$5,$18,$0,$49,$0,$213,$-31,$34,$215,$345,$59,$8,$16,$24,$84,$100,$50,$0,$261,$345,$-4,$0,$0,$0,$0,$0,$0,$0,$2,$1,$0,$0,$-2,$0,$0,$0,$-24,$-26,$0,$2,$0,$0,$1,$0,$-0,$3,$-23,$0,$0
44,2007-06-30,17.32,$0.00,0.0,$3.23,5.36,$-0.83,0.0,$0.47,37.22,$0.07B,$0.05B,1.29,$0.01B,$0.27B,0.03,$0.07B,$0.01B,18.57%,$0.07B,$0.00B,2.86%,$0.07B,$0.00B,2.86%,$0.07B,$0.00B,2.86%,$0.07B,$0.02B,27.14%,$0.07B,$0.02B,22.86%,$0.02B,$0.27B,6.74%,$0.02B,$0.28B,6.33%,$0.02B,$0.35B,5.03%,$0.00B,$0.28B,0.79%,$36,$49,$-13,$0,$9,$58,$-22,$15,$-7,$3,$-11,$4,$4,$-22,$-22,$27,27,$0.03,$0.12,$28,$17,$0,$70,$0,$176,$-14,$36,$198,$348,$54,$8,$17,$26,$80,$101,$16,$0,$268,$348,$16,$1,$0,$1,$0,$0,$0,$0,$-20,$-18,$-0,$0,$0,$0,$0,$0,$-0,$-0,$0,$12,$0,$0,$27,$-2,$0,$38,$19,$0,$0
45,2007-03-31,16.63,$0.00,0.0,$1.71,9.71,$-1.45,0.0,$0.47,35.72,$0.08B,$0.05B,1.43,$0.01B,$0.00B,0.0,$0.03B,$-0.00B,-3.23%,$0.03B,$-0.01B,-32.26%,$0.03B,$-0.01B,-32.26%,$0.03B,$-0.01B,-32.26%,$0.03B,$0.00B,3.23%,$0.03B,$0.01B,22.58%,$0.01B,$0.26B,3.13%,$0.01B,$0.28B,2.92%,$0.01B,$0.34B,2.30%,$-0.01B,$0.27B,-4.10%,$15,$0,$15,$0,$0,$0,$15,$0,$15,$0,$15,$6,$6,$15,$15,$22,32,$0.29,$0.20,$41,$24,$0,$75,$0,$163,$-15,$36,$184,$336,$52,$8,$14,$22,$75,$0,$0,$0,$261,$336,$0,$0,$0,$0,$0,$0,$0,$0,$0,$0,$0,$0,$0,$0,$0,$0,$0,$0,$0,$0,$0,$0,$0,$0,$0,$0,$0,$0,$0
46,2006-12-31,13.95,$0.00,0.0,$2.45,5.69,$-1.45,0.0,$0.56,24.77,$0.04B,$0.06B,0.73,$0.01B,$0.00B,0.0,$0.04B,$0.01B,15.79%,$0.04B,$-0.00B,-7.89%,$0.04B,$-0.00B,-7.89%,$0.04B,$-0.00B,-7.89%,$0.04B,$0.01B,21.05%,$0.04B,$0.01B,23.68%,$0.01B,$0.22B,4.41%,$0.01B,$0.23B,4.13%,$0.01B,$0.30B,3.16%,$-0.00B,$0.22B,-1.30%,$11,$0,$11,$0,$0,$0,$11,$0,$11,$0,$11,$5,$5,$11,$11,$25,25,$0.20,$0.20,$19,$16,$0,$44,$0,$157,$-16,$35,$177,$298,$61,$8,$14,$22,$83,$0,$0,$0,$215,$298,$0,$0,$0,$0,$0,$0,$0,$0,$0,$0,$0,$0,$0,$0,$0,$0,$0,$0,$0,$0,$0,$0,$0,$0,$0,$0,$0,$0,$0
