,Date,Stock Price,Book Value per Share,Price to Book Ratio,TTM Sales per Share,Price to Sales Ratio,TTM FCF per Share,Price to FCF Ratio,TTM Net EPS,PE Ratio,Current Assets,Current Liabilities,Current Ratio,Long Term Debt,Shareholder's Equity_x,Debt to Equity Ratio,TTM Revenue_x,TTM Gross Profit,Gross Margin,TTM Revenue_y,TTM Operating Income,Operating Margin,TTM Revenue_x,TTM EBIT,EBIT Margin,TTM Revenue_y,TTM EBITDA,EBITDA Margin,TTM Revenue_x,TTM Pre-Tax Income,Pre-Tax Margin,TTM Revenue_y,TTM Net Income_x,Net Margin,TTM Net Income_y,Shareholder's Equity_y,Return on Equity,TTM Net Income_x,Tangible Equity,Return on Tangible Equity,TTM Net Income_y,Total Assets,Return on Assets,TTM Net Income,LT Investments & Debt,Return on Investment,revenue,cost-goods-sold,gross-profit,research-development-expenses,selling-general-administrative-expenses,operating-expenses,operating-income,total-non-operating-income-expense,pre-tax-income,total-provision-income-taxes,income-after-taxes,income-from-continuous-operations,net-income,ebitda,ebit,basic-shares-outstanding,shares-outstanding,eps-basic-net-earnings-per-share,eps-earnings-per-share-diluted,cash-on-hand,inventory,other-current-assets,total-current-assets,net-property-plant-equipment,long-term-investments,goodwill-intangible-assets-total,other-long-term-assets,total-long-term-assets,total-assets,total-current-liabilities,long-term-debt,other-non-current-liabilities,total-long-term-liabilities,total-liabilities,common-stock-net,retained-earnings-accumulated-deficit,comprehensive-income,total-share-holder-equity,total-liabilities-share-holders-equity,net-income-loss,total-depreciation-amortization-cash-flow,other-non-cash-items,total-non-cash-items,change-in-accounts-receivable,change-in-inventories,change-in-accounts-payable,change-in-assets-liabilities,total-change-in-assets-liabilities,cash-flow-from-operating-activities,net-change-in-property-plant-equipment,net-change-in-intangible-assets,net-acquisitions-divestitures,net-change-in-short-term-investments,net-change-in-long-term-investments,net-change-in-investments-total,investing-activities-other,cash-flow-from-investing-activities,net-long-term-debt,net-current-debt,debt-issuance-retirement-net-total,net-common-equity-issued-repurchased,net-total-equity-issued-repurchased,total-common-preferred-stock-dividends-paid,financial-activities-other,cash-flow-from-financial-activities,net-cash-flow,stock-based-compensation,common-stock-dividends-paid
0,2018-06-30,35.35,$0.00,0.0,0.0,0.0,0.0,0.0,0.0,0.0,$12.07B,$8.94B,1.35,$10.21B,$19.05B,0.54,$0.00B,0,nan%,$0.00B,0,nan%,$0.00B,0,nan%,$0.00B,0,nan%,$0.00B,0,nan%,$0.00B,0,nan%,$0.00B,$19.05B,0.00%,$0.00B,$8.77B,0.00%,$0.00B,$42.64B,0.00%,$0.00B,$29.25B,0.00%,$0,$0,$0,$0,$0,$0,$0,$0,$0,$0,$0,$0,$0,$0,$0,$0,0,$0.00,$0.00,$2241,$3758,$0,$12070,$0,$1389,$10274,$196,$11959,$42643,$8939,$10205,$1996,$14657,$23596,$342,$10569,$0,$19047,$42643,$2280,$618,$0,$618,$0,$0,$0,$0,$-1321,$-371,$2239,$0,$-3833,$0,$0,$0,$19,$-1575,$0,$23,$2253,$0,$-243,$-438,$0,$1595,$-342,$0,$0
1,2017-12-31,35.49,$0.00,0.0,0.0,0.0,0.0,0.0,0.0,0.0,$11.04B,$6.82B,1.62,$8.66B,$16.93B,0.51,$0.00B,0,nan%,$0.00B,0,nan%,$0.00B,0,nan%,$0.00B,0,nan%,$0.00B,0,nan%,$0.00B,0,nan%,$0.00B,$16.93B,0.00%,$0.00B,$8.78B,0.00%,$0.00B,$35.76B,0.00%,$0.00B,$25.59B,0.00%,$0,$0,$0,$0,$0,$0,$0,$0,$0,$0,$0,$0,$0,$0,$0,$0,0,$0.00,$0.00,$2429,$3069,$1257,$11044,$25070,$1473,$8154,$176,$34981,$35755,$6817,$8658,$1468,$12009,$18826,$323,$8933,$0,$16929,$35755,$2275,$1212,$0,$1212,$0,$0,$0,$0,$-236,$2474,$-929,$0,$-2081,$0,$0,$0,$-25,$-3035,$0,$191,$734,$0,$2,$-539,$0,$388,$-355,$0,$0
2,2017-06-30,34.66,$0.00,0.0,0.0,0.0,0.0,0.0,0.0,0.0,$10.97B,$6.85B,1.6,$8.78B,$15.31B,0.57,$0.00B,0,nan%,$0.00B,0,nan%,$0.00B,0,nan%,$0.00B,0,nan%,$0.00B,0,nan%,$0.00B,0,nan%,$0.00B,$15.31B,0.00%,$0.00B,$7.00B,0.00%,$0.00B,$34.75B,0.00%,$0.00B,$24.08B,0.00%,$0,$0,$0,$0,$0,$0,$0,$0,$0,$0,$0,$0,$0,$0,$0,$0,0,$0.00,$0.00,$2189,$3426,$0,$10974,$0,$1450,$8302,$231,$10131,$34754,$6851,$8777,$1740,$12596,$19447,$313,$7166,$0,$15306,$34754,$569,$581,$0,$581,$0,$0,$0,$0,$-1123,$-54,$-405,$0,$-650,$0,$0,$0,$-23,$-1078,$0,$36,$1011,$0,$33,$-417,$0,$663,$-571,$0,$0
3,2016-12-31,33.11,$0.00,0.0,0.0,0.0,0.0,0.0,0.0,0.0,$10.40B,$6.53B,1.59,$8.32B,$15.98B,0.52,$0.00B,0,nan%,$0.00B,0,nan%,$0.00B,0,nan%,$0.00B,0,nan%,$0.00B,0,nan%,$0.00B,0,nan%,$0.00B,$15.98B,0.00%,$0.00B,$7.39B,0.00%,$0.00B,$34.96B,0.00%,$0.00B,$24.30B,0.00%,$0,$0,$0,$0,$0,$0,$0,$0,$0,$0,$0,$0,$0,$0,$0,$0,0,$0.00,$0.00,$2736,$3252,$0,$10395,$24476,$1525,$8588,$235,$35000,$34962,$6527,$8316,$1914,$12453,$18979,$314,$7162,$0,$15983,$34962,$1927,$1195,$0,$1195,$0,$0,$0,$0,$62,$2589,$-631,$0,$-165,$0,$0,$0,$-18,$-813,$0,$-6,$-1566,$0,$53,$-398,$0,$-1917,$-76,$0,$0
4,2016-06-30,28.32,$0.00,0.0,0.0,0.0,0.0,0.0,0.0,0.0,$10.58B,$7.53B,1.4,$8.97B,$14.81B,0.61,$0.00B,0,nan%,$0.00B,0,nan%,$0.00B,0,nan%,$0.00B,0,nan%,$0.00B,0,nan%,$0.00B,0,nan%,$0.00B,$14.81B,0.00%,$0.00B,$6.12B,0.00%,$0.00B,$35.57B,0.00%,$0.00B,$23.78B,0.00%,$0,$0,$0,$0,$0,$0,$0,$0,$0,$0,$0,$0,$0,$0,$0,$0,0,$0.00,$0.00,$1604,$3385,$0,$10575,$0,$1600,$8688,$246,$10753,$35570,$7532,$8969,$2028,$13228,$20760,$320,$6180,$0,$14810,$35570,$460,$601,$0,$601,$0,$0,$0,$0,$-919,$78,$-303,$0,$-132,$0,$0,$0,$-14,$-448,$0,$29,$-636,$0,$9,$-268,$0,$-865,$-1270,$0,$0
5,2015-12-31,27.08,$0.00,0.0,0.0,0.0,0.0,0.0,0.0,0.0,$10.43B,$7.07B,1.48,$9.40B,$15.04B,0.63,$0.00B,0,nan%,$0.00B,0,nan%,$0.00B,0,nan%,$0.00B,0,nan%,$0.00B,0,nan%,$0.00B,0,nan%,$0.00B,$15.04B,0.00%,$0.00B,$6.36B,0.00%,$0.00B,$35.54B,0.00%,$0.00B,$24.44B,0.00%,$0,$0,$0,$0,$0,$0,$0,$0,$0,$0,$0,$0,$0,$0,$0,$0,0,$0.00,$0.00,$2823,$3190,$0,$10434,$24025,$1588,$8683,$165,$34627,$35541,$7072,$9400,$1783,$13429,$20501,$312,$6440,$0,$15039,$35541,$1147,$997,$0,$997,$0,$0,$0,$0,$650,$2495,$8,$0,$-8101,$0,$0,$0,$-19,$-8113,$0,$52,$3166,$0,$1829,$-425,$0,$4621,$-863,$0,$0
6,2015-06-30,26.24,$0.00,0.0,0.0,0.0,0.0,0.0,0.0,0.0,$12.60B,$4.60B,2.74,$6.82B,$13.88B,0.49,$0.00B,0,nan%,$0.00B,0,nan%,$0.00B,0,nan%,$0.00B,0,nan%,$0.00B,0,nan%,$0.00B,0,nan%,$0.00B,$13.88B,0.00%,$0.00B,$9.00B,0.00%,$0.00B,$28.08B,0.00%,$0.00B,$20.70B,0.00%,$0,$0,$0,$0,$0,$0,$0,$0,$0,$0,$0,$0,$0,$0,$0,$0,0,$0.00,$0.00,$5820,$2806,$0,$12595,$0,$1670,$4879,$117,$6829,$28076,$4600,$6824,$1229,$9601,$14200,$310,$5802,$0,$13876,$28076,$70,$405,$0,$405,$0,$0,$0,$0,$-21,$-298,$-374,$0,$-82,$0,$0,$37,$704,$284,$0,$0,$-1362,$0,$1762,$-262,$1865,$2003,$2150,$0,$0
7,2014-12-31,22.02,$0.00,0.0,0.0,0.0,0.0,0.0,0.0,0.0,$11.60B,$5.14B,2.26,$7.20B,$13.56B,0.53,$0.00B,0,nan%,$0.00B,0,nan%,$0.00B,0,nan%,$0.00B,0,nan%,$0.00B,0,nan%,$0.00B,0,nan%,$0.00B,$13.56B,0.00%,$0.00B,$8.01B,0.00%,$0.00B,$29.27B,0.00%,$0.00B,$20.76B,0.00%,$0,$0,$0,$0,$0,$0,$0,$0,$0,$0,$0,$0,$0,$0,$0,$0,0,$0.00,$0.00,$4356,$3004,$706,$11601,$0,$1913,$5547,$113,$7800,$29267,$5140,$7203,$1632,$10571,$15711,$336,$7185,$0,$13556,$29267,$1012,$839,$0,$839,$0,$0,$0,$0,$47,$1644,$459,$0,$-201,$0,$0,$36,$-602,$-308,$0,$0,$1198,$0,$29,$-475,$-1258,$-505,$1004,$0,$0
8,2014-06-30,23.47,$0.00,0.0,0.0,0.0,0.0,0.0,0.0,0.0,$9.28B,$5.30B,1.75,$5.90B,$12.76B,0.46,$0.00B,0,nan%,$0.00B,0,nan%,$0.00B,0,nan%,$0.00B,0,nan%,$0.00B,0,nan%,$0.00B,0,nan%,$0.00B,$12.76B,0.00%,$0.00B,$7.36B,0.00%,$0.00B,$27.15B,0.00%,$0.00B,$18.66B,0.00%,$0,$0,$0,$0,$0,$0,$0,$0,$0,$0,$0,$0,$0,$0,$0,$0,0,$0.00,$0.00,$1589,$3274,$0,$9277,$0,$1985,$5401,$103,$7690,$27148,$5303,$5900,$1561,$9088,$14392,$346,$7128,$0,$12756,$27148,$0,$0,$0,$0,$0,$0,$0,$0,$0,$0,$0,$0,$0,$0,$0,$0,$0,$0,$0,$0,$0,$0,$0,$0,$0,$0,$0,$0,$0
9,2013-12-31,22.72,$0.00,0.0,0.0,0.0,0.0,0.0,0.0,0.0,$9.77B,$5.36B,1.82,$6.08B,$12.87B,0.47,$0.00B,0,nan%,$0.00B,0,nan%,$0.00B,0,nan%,$0.00B,0,nan%,$0.00B,0,nan%,$0.00B,0,nan%,$0.00B,$12.87B,0.00%,$0.00B,$7.67B,0.00%,$0.00B,$27.14B,0.00%,$0.00B,$18.95B,0.00%,$0,$0,$0,$0,$0,$0,$0,$0,$0,$0,$0,$0,$0,$0,$0,$0,0,$0.00,$0.00,$3396,$2994,$0,$9767,$0,$1894,$5195,$124,$7355,$27136,$5358,$6082,$1280,$8912,$14270,$333,$7510,$0,$12866,$27136,$-286,$891,$0,$891,$0,$0,$0,$0,$102,$1451,$-498,$0,$-446,$0,$0,$44,$-226,$-1126,$0,$0,$1980,$0,$25,$-489,$-719,$798,$1053,$0,$0
10,2013-06-30,17.68,$0.00,0.0,0.0,0.0,0.0,0.0,0.0,0.0,$9.23B,$5.96B,1.55,$5.38B,$13.31B,0.4,$0.00B,0,nan%,$0.00B,0,nan%,$0.00B,0,nan%,$0.00B,0,nan%,$0.00B,0,nan%,$0.00B,0,nan%,$0.00B,$13.31B,0.00%,$0.00B,$7.61B,0.00%,$0.00B,$27.93B,0.00%,$0.00B,$18.69B,0.00%,$0,$0,$0,$0,$0,$0,$0,$0,$0,$0,$0,$0,$0,$0,$0,$0,0,$0.00,$0.00,$1639,$3325,$0,$9225,$0,$2011,$5703,$128,$8081,$27928,$5963,$5382,$1635,$8654,$14617,$326,$7704,$0,$13311,$27928,$0,$0,$0,$0,$0,$0,$0,$0,$0,$0,$0,$0,$0,$0,$0,$0,$0,$0,$0,$0,$0,$0,$0,$0,$0,$0,$0,$0,$0
11,2012-12-31,16.91,$0.00,0.0,0.0,0.0,0.0,0.0,0.0,0.0,$9.00B,$4.91B,1.84,$5.45B,$13.60B,0.4,$0.00B,0,nan%,$0.00B,0,nan%,$0.00B,0,nan%,$0.00B,0,nan%,$0.00B,0,nan%,$0.00B,0,nan%,$0.00B,$13.60B,0.00%,$0.00B,$7.88B,0.00%,$0.00B,$27.22B,0.00%,$0.00B,$19.05B,0.00%,$0,$0,$0,$0,$0,$0,$0,$0,$0,$0,$0,$0,$0,$0,$0,$0,0,$0.00,$0.00,$2381,$3083,$206,$9003,$0,$1275,$5718,$111,$7356,$27224,$4905,$5452,$1596,$8721,$13626,$320,$8086,$0,$13598,$27224,$867,$1022,$0,$1022,$0,$0,$0,$0,$-345,$1318,$-740,$0,$426,$0,$0,$-41,$9,$-346,$0,$0,$107,$0,$21,$-472,$14,$-331,$608,$0,$0
12,2012-06-30,15.59,$0.00,0.0,0.0,0.0,0.0,0.0,0.0,0.0,$9.21B,$4.83B,1.91,$6.38B,$13.43B,0.48,$0.00B,0,nan%,$0.00B,0,nan%,$0.00B,0,nan%,$0.00B,0,nan%,$0.00B,0,nan%,$0.00B,0,nan%,$0.00B,$13.43B,0.00%,$0.00B,$7.62B,0.00%,$0.00B,$27.99B,0.00%,$0.00B,$19.81B,0.00%,$0,$0,$0,$0,$0,$0,$0,$0,$0,$0,$0,$0,$0,$0,$0,$0,0,$0.00,$0.00,$1477,$3313,$75,$9210,$0,$1083,$5814,$499,$7676,$27989,$4831,$6379,$1613,$9724,$14555,$319,$7707,$0,$13434,$27989,$0,$0,$0,$0,$0,$0,$0,$0,$0,$0,$0,$0,$0,$0,$0,$0,$0,$0,$0,$0,$0,$0,$0,$0,$0,$0,$0,$0,$0
13,2011-12-31,15.24,$0.00,0.0,0.0,0.0,0.0,0.0,0.0,0.0,$8.78B,$5.17B,1.7,$6.22B,$14.74B,0.42,$0.00B,0,nan%,$0.00B,0,nan%,$0.00B,0,nan%,$0.00B,0,nan%,$0.00B,0,nan%,$0.00B,0,nan%,$0.00B,$14.74B,0.00%,$0.00B,$8.49B,0.00%,$0.00B,$29.79B,0.00%,$0.00B,$20.96B,0.00%,$0,$0,$0,$0,$0,$0,$0,$0,$0,$0,$0,$0,$0,$0,$0,$0,0,$0.00,$0.00,$1844,$3184,$45,$8782,$0,$1320,$6251,$585,$8560,$29788,$5166,$6216,$1588,$9882,$15048,$344,$8841,$0,$14740,$29788,$990,$1093,$0,$1093,$0,$0,$0,$0,$-294,$1429,$-802,$0,$-91,$0,$0,$-33,$43,$-883,$0,$-628,$0,$0,$8,$-432,$-116,$-1167,$-606,$0,$0
14,2011-06-30,16.86,$0.00,0.0,0.0,0.0,0.0,0.0,0.0,0.0,$9.71B,$6.01B,1.62,$6.14B,$14.23B,0.43,$0.00B,0,nan%,$0.00B,0,nan%,$0.00B,0,nan%,$0.00B,0,nan%,$0.00B,0,nan%,$0.00B,0,nan%,$0.00B,$14.23B,0.00%,$0.00B,$8.34B,0.00%,$0.00B,$29.87B,0.00%,$0.00B,$20.38B,0.00%,$0,$0,$0,$0,$0,$0,$0,$0,$0,$0,$0,$0,$0,$0,$0,$0,0,$0.00,$0.00,$1564,$3318,$194,$9711,$0,$1233,$5888,$420,$8056,$29867,$6006,$6143,$1181,$9629,$15635,$355,$8930,$0,$14232,$29867,$0,$0,$0,$0,$0,$0,$0,$0,$0,$0,$0,$0,$0,$0,$0,$0,$0,$0,$0,$0,$0,$0,$0,$0,$0,$0,$0,$0,$0
15,2010-12-31,14.73,$0.00,0.0,0.0,0.0,0.0,0.0,0.0,0.0,$8.63B,$4.97B,1.74,$6.23B,$13.82B,0.45,$0.00B,0,nan%,$0.00B,0,nan%,$0.00B,0,nan%,$0.00B,0,nan%,$0.00B,0,nan%,$0.00B,0,nan%,$0.00B,$13.83B,0.00%,$0.00B,$8.11B,0.00%,$0.00B,$28.50B,0.00%,$0.00B,$20.06B,0.00%,$0,$0,$0,$0,$0,$0,$0,$0,$0,$0,$0,$0,$0,$0,$0,$0,0,$0.00,$0.00,$2297,$2904,$216,$8630,$0,$1377,$5717,$967,$8060,$28498,$4965,$6234,$1226,$9708,$14673,$324,$8560,$0,$13825,$28498,$709,$1218,$0,$1218,$0,$0,$0,$0,$189,$1847,$-619,$0,$-579,$0,$0,$-89,$481,$-806,$0,$-424,$0,$0,$60,$-404,$106,$-661,$475,$0,$0
16,2010-06-30,14.38,$0.00,0.0,0.0,0.0,0.0,0.0,0.0,0.0,$8.83B,$4.86B,1.82,$7.19B,$13.14B,0.55,$0.00B,0,nan%,$0.00B,0,nan%,$0.00B,0,nan%,$0.00B,0,nan%,$0.00B,0,nan%,$0.00B,0,nan%,$0.00B,$13.14B,0.00%,$0.00B,$7.42B,0.00%,$0.00B,$28.85B,0.00%,$0.00B,$20.33B,0.00%,$0,$0,$0,$0,$0,$0,$0,$0,$0,$0,$0,$0,$0,$0,$0,$0,0,$0.00,$0.00,$1406,$3101,$98,$8825,$0,$1675,$5725,$193,$8122,$28853,$4858,$7185,$1484,$10854,$15711,$311,$7847,$0,$13142,$28853,$0,$0,$0,$0,$0,$0,$0,$0,$0,$0,$0,$0,$0,$0,$0,$0,$0,$0,$0,$0,$0,$0,$0,$0,$0,$0,$0,$0,$0
17,2009-12-31,17.95,$0.00,0.0,0.0,0.0,0.0,0.0,0.0,0.0,$8.34B,$4.42B,1.89,$6.89B,$13.44B,0.51,$0.00B,0,nan%,$0.00B,0,nan%,$0.00B,0,nan%,$0.00B,0,nan%,$0.00B,0,nan%,$0.00B,0,nan%,$0.00B,$13.44B,0.00%,$0.00B,$7.73B,0.00%,$0.00B,$28.29B,0.00%,$0.00B,$20.33B,0.00%,$0,$0,$0,$0,$0,$0,$0,$0,$0,$0,$0,$0,$0,$0,$0,$0,0,$0.00,$0.00,$2005,$2800,$114,$8342,$0,$1342,$5711,$519,$8041,$28287,$4424,$6894,$1310,$10423,$14847,$336,$9076,$0,$13440,$28287,$1021,$1183,$0,$1183,$0,$0,$0,$0,$1092,$2979,$-742,$0,$-243,$0,$0,$-340,$28,$-1297,$0,$-2432,$0,$0,$1806,$-332,$103,$-855,$799,$0,$0
18,2009-06-30,14.79,$0.00,0.0,0.0,0.0,0.0,0.0,0.0,0.0,$9.08B,$5.87B,1.55,$7.27B,$12.47B,0.58,$28.78B,$8.61B,29.90%,$28.78B,$2.86B,9.94%,$28.78B,$2.86B,9.94%,$28.78B,$2.86B,9.94%,$28.78B,$2.61B,9.07%,$28.78B,$1.97B,6.85%,$1.97B,$12.47B,16.72%,$1.97B,$6.91B,32.27%,$1.97B,$28.87B,6.58%,$2.86B,$19.74B,14.30%,$0,$0,$0,$0,$0,$0,$0,$0,$0,$0,$0,$0,$0,$0,$0,$0,0,$0.00,$0.00,$1419,$3195,$0,$9083,$0,$1701,$5561,$172,$7905,$28874,$5869,$7269,$1204,$10538,$16407,$327,$8544,$0,$12468,$28874,$0,$0,$0,$0,$0,$0,$0,$0,$0,$0,$0,$0,$0,$0,$0,$0,$0,$0,$0,$0,$0,$0,$0,$0,$0,$0,$0,$0,$0
19,2008-12-31,13.58,$0.00,0.0,0.0,0.0,0.0,0.0,0.0,0.0,$9.57B,$6.36B,1.51,$9.23B,$12.00B,0.77,$28.78B,$8.61B,29.90%,$28.78B,$2.86B,9.94%,$28.78B,$2.86B,9.94%,$28.78B,$2.86B,9.94%,$28.78B,$2.61B,9.07%,$28.78B,$1.97B,6.85%,$1.97B,$12.00B,17.60%,$1.97B,$5.96B,33.96%,$1.97B,$31.07B,6.71%,$2.86B,$21.23B,14.69%,$0,$0,$0,$0,$0,$0,$0,$0,$0,$0,$0,$0,$0,$0,$0,$0,0,$0.00,$0.00,$1378,$3638,$0,$9570,$0,$1705,$6043,$187,$8424,$31069,$6361,$9233,$1327,$12709,$19070,$274,$9523,$0,$11999,$31069,$2395,$1212,$0,$1212,$0,$0,$0,$0,$-84,$2785,$-1528,$0,$-1143,$0,$0,$-297,$334,$-2635,$0,$546,$0,$0,$-555,$-510,$84,$-435,$-304,$0,$0
20,2008-06-30,14.59,$0.00,0.0,0.0,0.0,0.0,0.0,0.0,0.0,$11.67B,$9.49B,1.23,$8.24B,$11.69B,0.71,$28.78B,$8.61B,29.90%,$28.78B,$2.86B,9.94%,$28.78B,$2.86B,9.94%,$28.78B,$2.86B,9.94%,$28.78B,$2.61B,9.07%,$28.78B,$1.97B,6.85%,$1.97B,$11.69B,18.92%,$1.97B,$5.64B,35.19%,$1.97B,$32.68B,7.20%,$2.86B,$19.93B,15.85%,$0,$0,$0,$0,$0,$0,$0,$0,$0,$0,$0,$0,$0,$0,$0,$0,0,$0.00,$0.00,$1702,$3857,$20,$11666,$0,$908,$6058,$347,$7829,$32679,$9486,$8239,$1136,$11501,$20986,$292,$9312,$0,$11693,$32679,$0,$0,$0,$0,$0,$0,$0,$0,$0,$0,$0,$0,$0,$0,$0,$0,$0,$0,$0,$0,$0,$0,$0,$0,$0,$0,$0,$0,$0
21,2007-12-31,17.16,$0.00,0.0,0.0,0.0,0.0,0.0,0.0,0.0,$9.27B,$5.46B,1.7,$8.13B,$11.00B,0.74,$28.78B,$8.61B,29.90%,$28.78B,$2.86B,9.94%,$28.78B,$2.86B,9.94%,$28.78B,$2.86B,9.94%,$28.78B,$2.61B,9.07%,$28.78B,$1.97B,6.85%,$1.97B,$11.00B,20.76%,$1.97B,$5.93B,36.48%,$1.97B,$27.13B,8.03%,$2.86B,$19.12B,17.45%,$28780,$20174,$8606,$0,$5746,$25920,$2860,$-250,$2610,$639,$1972,$1971,$1971,$2860,$2860,$0,0,$0.00,$0.00,$1828,$3052,$0,$9265,$0,$957,$5062,$107,$6586,$27129,$5458,$8127,$750,$10676,$16134,$256,$8107,$0,$10995,$27129,$2610,$1061,$0,$1061,$0,$0,$0,$0,$358,$3222,$-1409,$0,$-2547,$0,$0,$159,$-14,$-3811,$0,$998,$0,$0,$7,$-343,$-156,$506,$-132,$0,$0
