,Date,Stock Price,Book Value per Share,Price to Book Ratio,TTM Sales per Share,Price to Sales Ratio,TTM FCF per Share,Price to FCF Ratio,TTM Net EPS,PE Ratio,Current Assets,Current Liabilities,Current Ratio,Long Term Debt,Shareholder's Equity_x,Debt to Equity Ratio,TTM Revenue_x,TTM Gross Profit,Gross Margin,TTM Revenue_y,TTM Operating Income,Operating Margin,TTM Revenue_x,TTM EBIT,EBIT Margin,TTM Revenue_y,TTM EBITDA,EBITDA Margin,TTM Revenue_x,TTM Pre-Tax Income,Pre-Tax Margin,TTM Revenue_y,TTM Net Income_x,Net Margin,TTM Net Income_y,Shareholder's Equity_y,Return on Equity,TTM Net Income_x,Tangible Equity,Return on Tangible Equity,TTM Net Income_y,Total Assets,Return on Assets,TTM Net Income,LT Investments & Debt,Return on Investment,revenue,cost-goods-sold,gross-profit,research-development-expenses,selling-general-administrative-expenses,operating-expenses,operating-income,total-non-operating-income-expense,pre-tax-income,total-provision-income-taxes,income-after-taxes,income-from-continuous-operations,net-income,ebitda,ebit,basic-shares-outstanding,shares-outstanding,eps-basic-net-earnings-per-share,eps-earnings-per-share-diluted,cash-on-hand,inventory,other-current-assets,total-current-assets,net-property-plant-equipment,long-term-investments,goodwill-intangible-assets-total,other-long-term-assets,total-long-term-assets,total-assets,total-current-liabilities,long-term-debt,other-non-current-liabilities,total-long-term-liabilities,total-liabilities,common-stock-net,retained-earnings-accumulated-deficit,comprehensive-income,total-share-holder-equity,total-liabilities-share-holders-equity,net-income-loss,total-depreciation-amortization-cash-flow,other-non-cash-items,total-non-cash-items,change-in-accounts-receivable,change-in-inventories,change-in-accounts-payable,change-in-assets-liabilities,total-change-in-assets-liabilities,cash-flow-from-operating-activities,net-change-in-property-plant-equipment,net-change-in-intangible-assets,net-acquisitions-divestitures,net-change-in-short-term-investments,net-change-in-long-term-investments,net-change-in-investments-total,investing-activities-other,cash-flow-from-investing-activities,net-long-term-debt,net-current-debt,debt-issuance-retirement-net-total,net-common-equity-issued-repurchased,net-total-equity-issued-repurchased,total-common-preferred-stock-dividends-paid,financial-activities-other,cash-flow-from-financial-activities,net-cash-flow,stock-based-compensation,common-stock-dividends-paid
0,2018-09-30,98.6,$17.62,5.6,$72.00,1.37,$7.42,13.29,$6.05,16.3,$1.17B,$0.32B,3.67,$0.80B,$0.81B,0.98,$3.40B,$1.49B,43.77%,$3.40B,$0.37B,10.78%,$3.40B,$0.37B,10.78%,$3.40B,$0.46B,13.43%,$3.40B,$0.33B,9.78%,$3.40B,$0.28B,8.34%,$0.28B,$0.81B,34.08%,$0.28B,$0.17B,148.50%,$0.28B,$2.20B,13.64%,$0.37B,$1.61B,24.27%,$924,$536,$387,$0,$294,$820,$104,$-10,$94,$22,$72,$72,$71,$126,$104,$46,46,$1.55,$1.53,$124,$693,$0,$1167,$361,$0,$641,$29,$1031,$2198,$318,$798,$183,$1068,$1387,$0,$843,$-32,$811,$2198,$152,$68,$25,$92,$-68,$-146,$-3,$-5,$-223,$21,$-47,$0,$0,$0,$0,$0,$0,$-47,$180,$0,$180,$-144,$-144,$-63,$-1,$-28,$-55,$12,$-63
1,2018-06-30,108.39,$17.40,6.23,$71.94,1.51,$9.36,11.58,$6.23,17.4,$1.05B,$0.31B,3.36,$0.68B,$0.81B,0.84,$3.43B,$1.51B,43.96%,$3.43B,$0.39B,11.46%,$3.43B,$0.39B,11.46%,$3.43B,$0.48B,14.09%,$3.43B,$0.36B,10.56%,$3.43B,$0.30B,8.61%,$0.30B,$0.81B,35.82%,$0.30B,$0.17B,163.89%,$0.30B,$2.08B,14.33%,$0.39B,$1.49B,26.65%,$696,$386,$310,$0,$263,$639,$57,$-9,$48,$11,$37,$37,$37,$79,$57,$46,47,$0.80,$0.79,$183,$663,$0,$1051,$364,$0,$641,$28,$1033,$2084,$313,$683,$192,$961,$1273,$0,$845,$-36,$810,$2084,$80,$45,$24,$69,$76,$-117,$-4,$0,$-45,$103,$-31,$0,$0,$0,$0,$0,$0,$-31,$65,$0,$65,$-88,$-88,$-42,$0,$-66,$5,$10,$-42
2,2018-03-31,103.69,$18.14,5.71,$71.40,1.45,$9.34,11.1,$6.22,16.67,$0.94B,$0.23B,4.14,$0.62B,$0.86B,0.72,$3.42B,$1.50B,43.81%,$3.42B,$0.40B,11.68%,$3.42B,$0.40B,11.68%,$3.42B,$0.49B,14.31%,$3.42B,$0.37B,10.86%,$3.42B,$0.30B,8.64%,$0.30B,$0.86B,36.61%,$0.30B,$0.21B,177.25%,$0.30B,$1.98B,14.46%,$0.40B,$1.47B,27.50%,$756,$423,$332,$0,$280,$695,$60,$-7,$53,$10,$42,$42,$42,$83,$60,$47,47,$0.90,$0.89,$180,$479,$0,$935,$369,$0,$643,$28,$1040,$1975,$226,$618,$189,$894,$1120,$0,$885,$-31,$855,$1975,$42,$22,$19,$41,$9,$68,$-95,$-2,$-20,$64,$-14,$0,$0,$0,$0,$0,$0,$-14,$0,$0,$0,$-27,$-27,$-21,$0,$-48,$2,$5,$-21
3,2017-12-31,116.56,$18.17,6.41,$70.44,1.65,$9.64,12.09,$6.28,18.56,$1.02B,$0.33B,3.08,$0.62B,$0.86B,0.72,$3.40B,$1.48B,43.63%,$3.40B,$0.42B,12.29%,$3.40B,$0.42B,12.29%,$3.40B,$0.51B,14.88%,$3.40B,$0.39B,11.50%,$3.40B,$0.30B,8.85%,$0.30B,$0.86B,38.21%,$0.30B,$0.21B,202.69%,$0.30B,$2.07B,14.86%,$0.42B,$1.48B,29.33%,$1028,$567,$461,$0,$326,$881,$146,$-8,$138,$2,$136,$136,$134,$169,$146,$48,48,$2.84,$2.81,$178,$549,$0,$1021,$378,$0,$644,$28,$1050,$2071,$331,$617,$180,$882,$1214,$0,$886,$-29,$857,$2071,$303,$86,$-40,$46,$-18,$-21,$41,$-21,$-19,$330,$-69,$0,$-158,$0,$0,$0,$0,$-228,$36,$0,$36,$-180,$-180,$-71,$-8,$-223,$-121,$18,$-71
4,2017-09-30,97.63,$16.28,6.0,$67.64,1.44,$9.82,9.95,$5.20,18.77,$1.05B,$0.33B,3.18,$0.69B,$0.77B,0.89,$3.31B,$1.43B,43.33%,$3.31B,$0.41B,12.43%,$3.31B,$0.41B,12.43%,$3.31B,$0.50B,15.00%,$3.31B,$0.39B,11.64%,$3.31B,$0.25B,7.62%,$0.25B,$0.77B,32.71%,$0.25B,$0.13B,147.37%,$0.25B,$2.11B,12.64%,$0.41B,$1.46B,29.39%,$948,$544,$404,$0,$283,$818,$130,$-7,$123,$41,$82,$82,$82,$152,$130,$47,48,$1.73,$1.71,$105,$610,$0,$1052,$382,$0,$646,$27,$1055,$2107,$331,$687,$179,$1004,$1335,$0,$798,$-26,$772,$2107,$167,$63,$12,$75,$-66,$-81,$41,$-18,$-124,$118,$-52,$0,$-159,$0,$0,$0,$0,$-211,$106,$0,$106,$-151,$-151,$-53,$-2,$-101,$-194,$13,$-53
5,2017-06-30,87.57,$15.63,5.6,$65.86,1.33,$9.35,9.36,$5.09,17.2,$1.00B,$0.31B,3.17,$0.66B,$0.75B,0.88,$3.26B,$1.41B,43.10%,$3.26B,$0.41B,12.64%,$3.26B,$0.41B,12.64%,$3.26B,$0.49B,15.12%,$3.26B,$0.39B,11.84%,$3.26B,$0.25B,7.70%,$0.25B,$0.75B,32.53%,$0.25B,$0.12B,118.26%,$0.25B,$2.03B,12.86%,$0.41B,$1.41B,30.01%,$692,$389,$303,$0,$250,$627,$64,$-7,$58,$20,$38,$38,$38,$86,$64,$48,48,$0.78,$0.77,$174,$610,$0,$996,$382,$0,$632,$23,$1038,$2034,$314,$662,$175,$970,$1284,$0,$780,$-31,$750,$2034,$84,$41,$13,$54,$57,$-91,$17,$-13,$-31,$107,$-34,$0,$-144,$0,$0,$0,$0,$-178,$81,$0,$81,$-101,$-101,$-36,$0,$-56,$-126,$10,$-36
6,2017-03-31,88.01,$15.91,5.53,$64.21,1.37,$8.56,10.29,$5.02,17.53,$0.84B,$0.23B,3.72,$0.58B,$0.77B,0.75,$3.21B,$1.38B,43.16%,$3.21B,$0.41B,12.82%,$3.21B,$0.41B,12.82%,$3.21B,$0.49B,15.25%,$3.21B,$0.38B,11.97%,$3.21B,$0.25B,7.76%,$0.25B,$0.77B,32.10%,$0.25B,$0.14B,98.52%,$0.25B,$1.89B,12.96%,$0.41B,$1.35B,30.29%,$733,$417,$316,$0,$248,$654,$78,$-7,$72,$25,$47,$47,$47,$99,$78,$48,49,$0.96,$0.95,$154,$435,$0,$844,$386,$0,$634,$23,$1044,$1888,$227,$582,$173,$889,$1116,$0,$805,$-34,$772,$1888,$47,$20,$7,$27,$18,$82,$-74,$-15,$11,$84,$-18,$0,$-144,$0,$0,$0,$0,$-162,$1,$0,$1,$-51,$-51,$-18,$0,$-68,$-145,$5,$-18
7,2016-12-31,84.31,$16.10,5.24,$63.23,1.33,$9.19,9.17,$5.11,16.5,$1.06B,$0.28B,3.81,$0.58B,$0.79B,0.74,$3.20B,$1.38B,43.12%,$3.20B,$0.43B,13.32%,$3.20B,$0.43B,13.32%,$3.20B,$0.50B,15.70%,$3.20B,$0.40B,12.35%,$3.20B,$0.26B,8.01%,$0.26B,$0.79B,32.20%,$0.26B,$0.30B,82.91%,$0.26B,$1.95B,13.28%,$0.43B,$1.37B,30.97%,$934,$524,$410,$0,$283,$795,$139,$-7,$132,$45,$87,$87,$85,$159,$139,$50,50,$1.74,$1.73,$299,$488,$0,$1057,$386,$0,$485,$19,$890,$1947,$278,$580,$170,$881,$1158,$0,$822,$-35,$788,$1947,$258,$75,$15,$89,$5,$-17,$32,$2,$22,$369,$-88,$0,$0,$0,$0,$0,$0,$-88,$0,$0,$0,$-293,$-293,$-66,$-4,$-364,$-82,$17,$-66
8,2016-09-30,84.33,$15.64,5.39,$61.25,1.38,$7.52,11.21,$4.74,17.79,$1.05B,$0.28B,3.71,$0.58B,$0.78B,0.75,$3.13B,$1.33B,42.57%,$3.13B,$0.40B,12.87%,$3.13B,$0.40B,12.87%,$3.13B,$0.48B,15.27%,$3.13B,$0.37B,11.95%,$3.13B,$0.24B,7.76%,$0.24B,$0.78B,29.75%,$0.24B,$0.29B,73.58%,$0.24B,$1.94B,12.52%,$0.40B,$1.36B,28.85%,$901,$526,$376,$0,$255,$771,$131,$-7,$124,$43,$81,$81,$81,$149,$131,$50,50,$1.62,$1.60,$141,$553,$0,$1045,$388,$0,$486,$18,$892,$1938,$282,$581,$170,$879,$1162,$0,$808,$-32,$776,$1938,$171,$55,$10,$65,$-63,$-81,$35,$-10,$-120,$117,$-71,$0,$0,$0,$0,$0,$0,$-71,$0,$0,$0,$-241,$-241,$-50,$4,$-287,$-241,$13,$-50
9,2016-06-30,103.19,$15.27,6.76,$59.48,1.73,$7.93,13.01,$4.65,22.19,$1.02B,$0.27B,3.77,$0.58B,$0.77B,0.76,$3.08B,$1.31B,42.37%,$3.08B,$0.40B,13.05%,$3.08B,$0.40B,13.05%,$3.08B,$0.47B,15.39%,$3.08B,$0.37B,12.14%,$3.08B,$0.24B,7.82%,$0.24B,$0.77B,28.91%,$0.24B,$0.28B,69.60%,$0.24B,$1.91B,12.34%,$0.40B,$1.35B,28.45%,$639,$357,$282,$0,$228,$576,$63,$-7,$56,$20,$36,$36,$36,$82,$63,$50,51,$0.72,$0.71,$205,$587,$0,$1022,$386,$0,$487,$18,$890,$1912,$271,$581,$165,$875,$1146,$1,$797,$-31,$767,$1912,$90,$37,$10,$48,$57,$-115,$18,$-13,$-52,$86,$-50,$0,$0,$0,$0,$0,$0,$-50,$0,$0,$0,$-184,$-184,$-34,$4,$-214,$-176,$9,$-34
10,2016-03-31,101.8,$16.57,6.14,$58.50,1.74,$6.78,15.01,$4.62,22.03,$1.03B,$0.19B,5.36,$0.58B,$0.85B,0.68,$3.05B,$1.29B,42.11%,$3.05B,$0.40B,13.13%,$3.05B,$0.40B,13.13%,$3.05B,$0.47B,15.46%,$3.05B,$0.38B,12.28%,$3.05B,$0.24B,7.89%,$0.24B,$0.85B,28.61%,$0.24B,$0.36B,68.08%,$0.24B,$1.91B,12.39%,$0.40B,$1.43B,28.19%,$724,$413,$311,$0,$229,$631,$93,$-10,$83,$29,$54,$54,$54,$112,$93,$51,52,$1.05,$1.04,$395,$376,$0,$1033,$377,$0,$487,$15,$880,$1912,$193,$580,$162,$871,$1064,$1,$879,$-31,$849,$1912,$54,$19,$8,$26,$15,$96,$-63,$-1,$48,$128,$-26,$0,$0,$0,$0,$0,$0,$-26,$0,$0,$0,$-76,$-76,$-17,$3,$-90,$14,$5,$-17
11,2015-12-31,85.72,$16.90,5.07,$57.50,1.49,$6.06,14.15,$4.52,18.96,$1.13B,$0.26B,4.3,$0.58B,$0.88B,0.66,$3.02B,$1.26B,41.76%,$3.02B,$0.39B,13.03%,$3.02B,$0.39B,13.03%,$3.02B,$0.46B,15.32%,$3.02B,$0.37B,12.21%,$3.02B,$0.24B,7.83%,$0.24B,$0.88B,28.37%,$0.24B,$0.39B,69.11%,$0.24B,$2.00B,12.23%,$0.39B,$1.45B,27.84%,$867,$503,$364,$0,$259,$750,$116,$-5,$111,$39,$73,$73,$72,$135,$116,$52,52,$1.40,$1.37,$381,$470,$0,$1131,$372,$0,$486,$16,$873,$2004,$263,$579,$158,$866,$1129,$1,$911,$-36,$875,$2004,$238,$70,$19,$89,$-24,$-34,$43,$-3,$-18,$308,$-103,$0,$0,$0,$0,$0,$0,$-103,$0,$0,$0,$-103,$-103,$-46,$-13,$-162,$41,$17,$-46
12,2015-09-30,87.05,$16.19,5.38,$57.31,1.52,$5.56,15.65,$4.42,19.69,$1.12B,$0.28B,4.01,$0.58B,$0.84B,0.69,$3.02B,$1.25B,41.47%,$3.02B,$0.39B,12.96%,$3.02B,$0.39B,12.96%,$3.02B,$0.46B,15.21%,$3.02B,$0.36B,12.03%,$3.02B,$0.23B,7.76%,$0.23B,$0.84B,28.90%,$0.23B,$0.35B,74.05%,$0.23B,$1.98B,12.31%,$0.39B,$1.42B,28.10%,$850,$502,$348,$0,$230,$720,$130,$-6,$124,$45,$79,$79,$79,$145,$130,$52,52,$1.52,$1.51,$288,$512,$0,$1118,$361,$0,$488,$15,$865,$1982,$279,$580,$162,$861,$1139,$1,$876,$-33,$843,$1982,$165,$51,$5,$56,$-61,$-74,$63,$-3,$-75,$146,$-77,$0,$0,$0,$0,$0,$0,$-77,$0,$0,$0,$-73,$-73,$-35,$-14,$-121,$-52,$13,$-35
13,2015-06-30,101.86,$15.34,6.64,$56.17,1.81,$3.13,32.55,$4.14,24.6,$1.03B,$0.22B,4.61,$0.58B,$0.80B,0.72,$2.97B,$1.22B,41.27%,$2.97B,$0.37B,12.51%,$2.97B,$0.37B,12.51%,$2.97B,$0.44B,14.83%,$2.97B,$0.34B,11.50%,$2.97B,$0.22B,7.42%,$0.22B,$0.80B,27.95%,$0.22B,$0.31B,75.80%,$0.22B,$1.88B,11.84%,$0.37B,$1.38B,27.08%,$613,$350,$263,$0,$209,$551,$62,$-5,$57,$21,$36,$36,$36,$80,$62,$52,53,$0.69,$0.68,$244,$544,$0,$1025,$353,$0,$492,$14,$858,$1884,$222,$580,$159,$858,$1081,$1,$832,$-29,$803,$1884,$86,$36,$5,$41,$29,$-103,$-11,$-14,$-100,$27,$-50,$0,$0,$0,$0,$0,$0,$-50,$0,$0,$0,$-44,$-44,$-23,$-5,$-73,$-96,$10,$-23
14,2015-03-31,88.42,$15.31,5.77,$55.28,1.6,$3.04,29.06,$3.94,22.44,$1.00B,$0.19B,5.32,$0.58B,$0.81B,0.72,$2.93B,$1.21B,41.20%,$2.93B,$0.36B,12.16%,$2.93B,$0.36B,12.16%,$2.93B,$0.43B,14.62%,$2.93B,$0.33B,11.10%,$2.93B,$0.21B,7.17%,$0.21B,$0.81B,27.41%,$0.21B,$0.31B,78.80%,$0.21B,$1.85B,11.42%,$0.36B,$1.39B,26.36%,$685,$401,$284,$0,$211,$600,$85,$-9,$76,$26,$50,$50,$49,$102,$85,$52,53,$0.94,$0.94,$377,$358,$0,$998,$342,$0,$494,$14,$849,$1847,$188,$580,$153,$854,$1041,$1,$834,$-29,$806,$1847,$50,$18,$3,$21,$-11,$83,$-55,$-0,$17,$87,$-21,$0,$0,$0,$0,$0,$0,$-21,$0,$0,$0,$-11,$-11,$-12,$-7,$-29,$37,$5,$-12
15,2014-12-31,83.28,$14.42,5.77,$54.41,1.53,$1.75,47.59,$3.63,22.94,$1.04B,$0.25B,4.2,$0.59B,$0.79B,0.75,$2.89B,$1.18B,40.91%,$2.89B,$0.33B,11.51%,$2.89B,$0.33B,11.51%,$2.89B,$0.41B,14.17%,$2.89B,$0.30B,10.47%,$2.89B,$0.20B,6.74%,$0.20B,$0.79B,26.10%,$0.20B,$0.29B,80.00%,$0.20B,$1.89B,10.74%,$0.33B,$1.37B,24.98%,$869,$513,$356,$0,$252,$755,$114,$-8,$106,$37,$69,$69,$70,$132,$114,$53,53,$1.29,$1.28,$341,$445,$0,$1041,$333,$0,$499,$13,$852,$1893,$248,$586,$151,$858,$1106,$1,$809,$-23,$787,$1893,$195,$76,$22,$98,$8,$-32,$16,$-3,$-10,$282,$-101,$-4,$0,$0,$0,$0,$0,$-105,$0,$0,$0,$-73,$-73,$-40,$-9,$-122,$54,$18,$-40
16,2014-09-30,73.77,$14.19,5.2,$51.42,1.43,$-1.19,0.0,$3.12,23.64,$0.96B,$0.22B,4.39,$0.59B,$0.75B,0.78,$2.80B,$1.15B,41.14%,$2.80B,$0.29B,10.45%,$2.80B,$0.29B,10.45%,$2.80B,$0.38B,13.49%,$2.80B,$0.26B,9.41%,$2.80B,$0.17B,5.97%,$0.17B,$0.75B,23.02%,$0.17B,$0.25B,76.61%,$0.17B,$1.81B,9.30%,$0.29B,$1.34B,22.26%,$799,$478,$321,$0,$222,$688,$110,$-8,$102,$36,$66,$66,$65,$126,$110,$52,53,$1.24,$1.23,$134,$519,$0,$955,$333,$0,$500,$11,$851,$1807,$218,$586,$138,$837,$1055,$1,$765,$-14,$752,$1807,$126,$58,$2,$60,$-39,$-104,$-20,$2,$-161,$25,$-83,$0,$0,$0,$0,$0,$0,$-83,$0,$0,$0,$-55,$-55,$-30,$-9,$-95,$-153,$14,$-30
17,2014-06-30,65.44,$13.51,4.84,$49.53,1.32,$-1.23,0.0,$2.86,22.88,$0.96B,$0.24B,4.01,$0.59B,$0.72B,0.81,$2.76B,$1.14B,41.33%,$2.76B,$0.27B,9.91%,$2.76B,$0.27B,9.91%,$2.76B,$0.36B,13.06%,$2.76B,$0.25B,9.00%,$2.76B,$0.16B,5.73%,$0.16B,$0.72B,22.50%,$0.16B,$0.22B,83.71%,$0.16B,$1.81B,8.89%,$0.27B,$1.31B,21.19%,$574,$329,$245,$0,$206,$527,$47,$-7,$41,$15,$26,$26,$26,$68,$47,$53,53,$0.48,$0.48,$208,$538,$0,$960,$326,$0,$505,$11,$849,$1809,$240,$586,$148,$849,$1089,$1,$730,$-10,$720,$1809,$60,$42,$1,$44,$60,$-120,$-0,$-10,$-71,$33,$-61,$0,$0,$0,$0,$0,$0,$-61,$0,$0,$0,$-30,$-30,$-20,$-1,$-51,$-79,$10,$-20
18,2014-03-31,73.53,$13.57,5.42,$47.51,1.55,$-0.72,0.0,$2.71,27.13,$0.91B,$0.18B,5.09,$0.59B,$0.73B,0.8,$2.70B,$1.11B,41.26%,$2.70B,$0.26B,9.59%,$2.70B,$0.26B,9.59%,$2.70B,$0.34B,12.52%,$2.70B,$0.24B,8.81%,$2.70B,$0.15B,5.59%,$0.15B,$0.73B,19.42%,$0.15B,$0.22B,58.64%,$0.15B,$1.75B,8.62%,$0.26B,$1.32B,20.50%,$652,$390,$262,$0,$210,$590,$62,$-7,$54,$20,$34,$34,$34,$84,$62,$53,54,$0.64,$0.63,$277,$363,$0,$909,$317,$0,$509,$10,$843,$1752,$179,$586,$140,$845,$1023,$1,$730,$-13,$729,$1752,$34,$22,$-2,$20,$-12,$53,$-74,$8,$-24,$31,$-32,$0,$0,$0,$0,$0,$0,$-32,$0,$0,$0,$3,$3,$-10,$-1,$-8,$-9,$5,$-10
19,2013-12-31,67.82,$12.85,5.28,$45.33,1.5,$-0.33,0.0,$2.77,24.48,$0.97B,$0.27B,3.61,$0.59B,$0.70B,0.84,$2.64B,$1.10B,41.49%,$2.64B,$0.26B,10.00%,$2.64B,$0.26B,10.00%,$2.64B,$0.33B,12.66%,$2.64B,$0.25B,9.44%,$2.64B,$0.16B,5.99%,$0.16B,$0.70B,18.57%,$0.16B,$0.18B,47.27%,$0.16B,$1.81B,9.23%,$0.26B,$1.29B,21.34%,$770,$447,$322,$0,$259,$696,$73,$-7,$66,$23,$43,$43,$42,$99,$73,$57,58,$0.77,$0.76,$287,$418,$0,$970,$308,$0,$516,$10,$842,$1812,$269,$586,$135,$843,$1112,$1,$706,$-10,$701,$1812,$160,$70,$9,$78,$-26,$-71,$87,$-19,$-29,$210,$-183,$-38,$0,$0,$0,$0,$0,$-221,$400,$0,$400,$-441,$-441,$-28,$-16,$-85,$-96,$16,$-28
20,2013-09-30,71.53,$12.08,5.92,$43.62,1.64,$2.51,28.53,$2.80,25.55,$0.94B,$0.24B,3.87,$0.59B,$0.66B,0.89,$2.56B,$1.06B,41.56%,$2.56B,$0.27B,10.52%,$2.56B,$0.27B,10.52%,$2.56B,$0.32B,12.67%,$2.56B,$0.26B,10.16%,$2.56B,$0.16B,6.41%,$0.16B,$0.66B,17.79%,$0.16B,$0.13B,39.93%,$0.16B,$1.74B,9.84%,$0.27B,$1.25B,22.27%,$760,$451,$310,$0,$229,$669,$91,$-4,$87,$31,$57,$57,$56,$109,$91,$57,57,$0.98,$0.97,$202,$440,$0,$944,$256,$0,$525,$5,$793,$1738,$244,$586,$138,$835,$1079,$1,$672,$-14,$659,$1738,$118,$44,$3,$47,$-78,$-92,$70,$-1,$-101,$63,$-130,$-38,$0,$0,$0,$0,$0,$-168,$400,$0,$400,$-442,$-442,$-19,$-15,$-76,$-180,$12,$-19
21,2013-06-30,69.66,$17.20,4.05,$41.69,1.67,$4.83,14.42,$2.82,24.7,$0.96B,$0.27B,3.49,$0.19B,$1.02B,0.18,$2.47B,$1.02B,41.47%,$2.47B,$0.27B,11.07%,$2.47B,$0.27B,11.07%,$2.47B,$0.32B,13.05%,$2.47B,$0.27B,10.82%,$2.47B,$0.17B,6.77%,$0.17B,$1.02B,16.86%,$0.17B,$0.49B,34.33%,$0.17B,$1.70B,10.34%,$0.27B,$1.21B,23.20%,$518,$298,$220,$0,$195,$485,$33,$-2,$31,$11,$20,$20,$19,$46,$33,$59,59,$0.33,$0.33,$312,$429,$0,$956,$208,$0,$530,$5,$746,$1702,$274,$186,$109,$407,$681,$1,$797,$-15,$1021,$1702,$61,$26,$1,$27,$35,$-81,$56,$-28,$-19,$70,$-71,$-38,$0,$0,$0,$0,$0,$-109,$0,$0,$0,$-27,$-27,$-10,$5,$-31,$-70,$8,$-10
22,2013-03-31,53.74,$17.24,3.12,$40.95,1.31,$5.73,9.38,$2.84,18.92,$0.91B,$0.17B,5.36,$0.19B,$1.02B,0.18,$2.42B,$0.99B,40.73%,$2.42B,$0.27B,11.32%,$2.42B,$0.27B,11.32%,$2.42B,$0.32B,13.22%,$2.42B,$0.27B,11.11%,$2.42B,$0.17B,6.98%,$0.17B,$1.02B,17.75%,$0.17B,$0.53B,37.00%,$0.17B,$1.60B,10.91%,$0.27B,$1.21B,24.08%,$591,$348,$243,$0,$185,$524,$67,$-2,$65,$24,$41,$41,$41,$80,$67,$58,59,$0.70,$0.69,$398,$285,$0,$914,$182,$0,$495,$4,$684,$1598,$170,$186,$106,$404,$574,$1,$787,$-13,$1023,$1598,$41,$13,$3,$16,$-10,$65,$-58,$-0,$-4,$53,$-31,$0,$0,$0,$0,$0,$0,$-31,$0,$0,$0,$-10,$-10,$0,$4,$-6,$15,$4,$0
23,2012-12-31,52.22,$16.67,3.13,$40.37,1.29,$6.49,8.05,$2.69,19.41,$0.96B,$0.24B,3.92,$0.19B,$0.99B,0.19,$2.38B,$0.94B,39.38%,$2.38B,$0.26B,10.96%,$2.38B,$0.26B,10.96%,$2.38B,$0.30B,12.72%,$2.38B,$0.26B,10.75%,$2.38B,$0.16B,6.72%,$0.16B,$0.99B,17.64%,$0.16B,$0.49B,38.88%,$0.16B,$1.63B,10.65%,$0.26B,$1.17B,23.61%,$689,$399,$290,$0,$222,$611,$78,$-1,$77,$28,$49,$49,$48,$89,$78,$58,59,$0.82,$0.81,$382,$350,$0,$958,$170,$0,$496,$4,$672,$1630,$244,$186,$100,$400,$645,$1,$746,$-11,$985,$1630,$161,$41,$5,$46,$-10,$-2,$90,$-6,$72,$279,$-83,$0,$0,$0,$0,$0,$0,$-83,$-50,$0,$-50,$6,$6,$0,$-2,$-46,$149,$13,$0
24,2012-09-30,50.52,$15.81,3.19,$39.12,1.29,$3.79,13.31,$2.47,20.45,$0.88B,$0.20B,4.29,$0.19B,$0.93B,0.2,$2.30B,$0.86B,37.17%,$2.30B,$0.24B,10.35%,$2.30B,$0.24B,10.35%,$2.30B,$0.28B,12.26%,$2.30B,$0.23B,10.09%,$2.30B,$0.15B,6.35%,$0.15B,$0.93B,16.93%,$0.15B,$0.44B,39.81%,$0.15B,$1.53B,10.10%,$0.24B,$1.12B,22.18%,$669,$399,$270,$0,$185,$573,$95,$-1,$94,$35,$59,$59,$59,$107,$95,$58,59,$1.01,$0.99,$254,$375,$0,$876,$153,$0,$497,$3,$656,$1533,$204,$186,$96,$395,$599,$1,$697,$-9,$933,$1533,$112,$30,$2,$33,$-42,$-27,$54,$-0,$-16,$129,$-60,$0,$0,$0,$0,$0,$0,$-60,$-50,$0,$-50,$4,$4,$0,$-2,$-49,$21,$10,$0
25,2012-06-30,49.35,$14.70,3.36,$38.78,1.27,$0.65,75.88,$2.06,23.96,$0.80B,$0.17B,4.82,$0.19B,$0.87B,0.21,$2.27B,$0.78B,34.21%,$2.27B,$0.20B,8.81%,$2.27B,$0.20B,8.81%,$2.27B,$0.25B,10.79%,$2.27B,$0.19B,8.50%,$2.27B,$0.12B,5.33%,$0.12B,$0.87B,14.72%,$0.12B,$0.37B,36.97%,$0.12B,$1.44B,8.67%,$0.20B,$1.05B,19.13%,$472,$289,$183,$0,$156,$438,$34,$-2,$33,$12,$21,$21,$21,$44,$34,$58,59,$0.35,$0.35,$238,$378,$0,$799,$140,$0,$495,$0,$637,$1436,$166,$186,$104,$403,$569,$1,$638,$-11,$867,$1436,$53,$18,$7,$26,$26,$-31,$25,$-9,$11,$90,$-38,$0,$0,$0,$0,$0,$0,$-38,$-50,$0,$-50,$2,$2,$0,$-1,$-48,$4,$6,$0
26,2012-03-31,46.7,$14.30,3.27,$37.56,1.24,$-2.00,0.0,$1.93,24.2,$0.79B,$0.12B,6.6,$0.24B,$0.84B,0.28,$2.19B,$0.73B,33.24%,$2.19B,$0.19B,8.57%,$2.19B,$0.19B,8.57%,$2.19B,$0.23B,10.53%,$2.19B,$0.18B,8.21%,$2.19B,$0.11B,5.15%,$0.11B,$0.84B,14.33%,$0.11B,$0.35B,38.57%,$0.11B,$1.41B,8.28%,$0.19B,$1.08B,18.35%,$552,$357,$195,$0,$150,$498,$54,$-2,$52,$19,$32,$32,$32,$63,$54,$58,59,$0.55,$0.54,$301,$266,$0,$785,$128,$0,$496,$0,$627,$1412,$119,$236,$101,$450,$569,$1,$617,$-10,$843,$1412,$32,$9,$3,$11,$-21,$82,$-25,$2,$39,$82,$-16,$0,$0,$0,$0,$0,$0,$-16,$0,$0,$0,$2,$2,$0,$-1,$1,$67,$3,$0
27,2011-12-31,37.35,$13.75,2.72,$36.29,1.03,$-3.08,0.0,$1.94,19.25,$0.78B,$0.15B,5.12,$0.24B,$0.81B,0.29,$2.11B,$0.69B,32.80%,$2.11B,$0.19B,8.91%,$2.11B,$0.19B,8.91%,$2.11B,$0.23B,10.90%,$2.11B,$0.18B,8.53%,$2.11B,$0.11B,5.36%,$0.11B,$0.81B,14.95%,$0.11B,$0.31B,41.24%,$0.11B,$1.40B,8.60%,$0.19B,$1.04B,18.95%,$607,$400,$207,$0,$161,$552,$55,$-2,$53,$19,$35,$35,$34,$68,$55,$58,58,$0.59,$0.59,$233,$347,$0,$782,$122,$0,$495,$0,$621,$1403,$153,$236,$94,$444,$597,$1,$585,$-11,$806,$1403,$114,$43,$12,$55,$-33,$-21,$-33,$-1,$-88,$81,$-45,$0,$-61,$0,$0,$0,$0,$-107,$0,$0,$0,$5,$5,$0,$7,$12,$-14,$10,$0
28,2011-09-30,28.66,$13.18,2.17,$34.26,0.84,$-2.91,0.0,$1.95,14.69,$0.72B,$0.13B,5.74,$0.24B,$0.77B,0.31,$2.00B,$0.67B,33.53%,$2.00B,$0.19B,9.61%,$2.00B,$0.19B,9.61%,$2.00B,$0.23B,11.56%,$2.00B,$0.18B,9.16%,$2.00B,$0.11B,5.66%,$0.11B,$0.77B,15.60%,$0.11B,$0.28B,44.18%,$0.11B,$1.33B,8.84%,$0.19B,$1.01B,19.99%,$640,$448,$192,$0,$146,$583,$57,$-2,$55,$21,$34,$34,$34,$70,$57,$58,58,$0.59,$0.58,$82,$386,$0,$723,$112,$0,$493,$0,$608,$1331,$126,$236,$82,$434,$559,$1,$550,$-7,$772,$1331,$79,$30,$10,$40,$-90,$-59,$-57,$1,$-205,$-86,$-29,$0,$-61,$0,$0,$0,$0,$-90,$0,$0,$0,$5,$5,$0,$5,$10,$-166,$7,$0
29,2011-06-30,28.86,$12.62,2.29,$32.07,0.9,$-1.34,0.0,$2.20,13.12,$0.71B,$0.16B,4.53,$0.24B,$0.73B,0.32,$1.88B,$0.67B,35.77%,$1.88B,$0.22B,11.46%,$1.88B,$0.22B,11.46%,$1.88B,$0.25B,13.22%,$1.88B,$0.21B,10.98%,$1.88B,$0.13B,6.88%,$0.13B,$0.73B,18.60%,$0.13B,$0.24B,54.37%,$0.13B,$1.31B,10.38%,$0.22B,$0.97B,23.17%,$394,$259,$135,$0,$121,$372,$22,$-2,$20,$8,$13,$13,$13,$30,$22,$57,58,$0.22,$0.22,$87,$458,$0,$710,$102,$0,$498,$0,$603,$1313,$157,$236,$75,$423,$580,$1,$515,$-2,$733,$1313,$45,$17,$7,$24,$-0,$-123,$-33,$1,$-155,$-86,$-16,$0,$-61,$0,$0,$0,$0,$-77,$0,$0,$0,$2,$2,$0,$1,$3,$-161,$5,$0
30,2011-03-31,26.86,$12.34,2.18,$30.74,0.87,$0.34,79.97,$2.30,11.68,$0.67B,$0.10B,6.55,$0.24B,$0.71B,0.33,$1.81B,$0.67B,36.82%,$1.81B,$0.23B,12.49%,$1.81B,$0.23B,12.49%,$1.81B,$0.26B,14.37%,$1.81B,$0.22B,12.00%,$1.81B,$0.14B,7.46%,$0.14B,$0.71B,20.15%,$0.14B,$0.27B,59.28%,$0.14B,$1.21B,11.16%,$0.23B,$0.95B,25.04%,$469,$311,$158,$0,$114,$415,$54,$-2,$52,$20,$32,$32,$32,$62,$54,$57,58,$0.56,$0.55,$249,$217,$0,$673,$93,$0,$442,$0,$538,$1211,$103,$236,$47,$395,$498,$1,$503,$-2,$713,$1211,$32,$8,$5,$14,$-39,$81,$-76,$-2,$-36,$9,$-7,$0,$0,$0,$0,$0,$0,$-7,$0,$0,$0,$0,$0,$0,$-1,$-1,$1,$2,$0
31,2010-12-31,27.69,$11.83,2.34,$29.53,0.94,$0.55,49.99,$2.46,11.26,$0.72B,$0.18B,3.91,$0.24B,$0.68B,0.35,$1.75B,$0.68B,38.59%,$1.75B,$0.24B,13.89%,$1.75B,$0.24B,13.89%,$1.75B,$0.28B,15.84%,$1.75B,$0.23B,13.38%,$1.75B,$0.15B,8.35%,$0.15B,$0.68B,22.60%,$0.15B,$0.24B,71.83%,$0.15B,$1.26B,12.11%,$0.24B,$0.92B,26.94%,$495,$310,$185,$0,$136,$436,$59,$-3,$56,$21,$35,$35,$34,$69,$59,$58,59,$0.61,$0.60,$247,$299,$0,$716,$95,$0,$442,$0,$541,$1257,$183,$236,$44,$394,$577,$1,$471,$-2,$680,$1257,$146,$34,$2,$37,$-39,$-85,$33,$-6,$-97,$86,$-39,$0,$0,$0,$0,$0,$0,$-39,$-99,$0,$-99,$-40,$-40,$0,$5,$-134,$-88,$7,$0
32,2010-09-30,24.7,$11.22,2.2,$28.41,0.87,$2.50,9.88,$2.42,10.21,$0.66B,$0.16B,4.11,$0.23B,$0.65B,0.36,$1.68B,$0.66B,39.07%,$1.68B,$0.24B,14.29%,$1.68B,$0.24B,14.29%,$1.68B,$0.27B,16.26%,$1.68B,$0.23B,13.76%,$1.68B,$0.15B,8.64%,$0.15B,$0.65B,23.58%,$0.15B,$0.21B,84.43%,$0.15B,$1.19B,12.15%,$0.24B,$0.88B,26.82%,$518,$325,$193,$0,$123,$438,$80,$-2,$78,$29,$50,$50,$50,$87,$80,$58,59,$0.84,$0.83,$182,$264,$0,$656,$93,$0,$442,$0,$536,$1192,$159,$230,$46,$385,$545,$1,$436,$-3,$648,$1192,$112,$24,$3,$27,$-89,$-50,$7,$-1,$-134,$5,$-29,$0,$0,$0,$0,$0,$0,$-29,$-102,$0,$-102,$-35,$-35,$0,$8,$-129,$-153,$5,$0
33,2010-06-30,24.63,$10.75,2.29,$27.86,0.88,$3.56,6.92,$2.43,10.14,$0.64B,$0.16B,4.11,$0.23B,$0.64B,0.36,$1.64B,$0.65B,39.50%,$1.64B,$0.24B,14.67%,$1.64B,$0.24B,14.67%,$1.64B,$0.28B,16.74%,$1.64B,$0.23B,14.06%,$1.64B,$0.14B,8.76%,$0.14B,$0.64B,24.71%,$0.14B,$0.20B,103.60%,$0.14B,$1.18B,12.19%,$0.24B,$0.87B,27.14%,$327,$197,$130,$0,$104,$294,$33,$-3,$31,$12,$19,$19,$19,$42,$33,$59,60,$0.32,$0.32,$245,$261,$0,$643,$90,$0,$442,$0,$535,$1177,$156,$229,$44,$382,$538,$1,$386,$-4,$639,$1177,$62,$17,$-0,$17,$-17,$-47,$1,$-0,$-64,$15,$-20,$0,$0,$0,$0,$0,$0,$-20,$-102,$0,$-102,$9,$9,$0,$8,$-85,$-90,$4,$0
34,2010-03-31,28.29,$10.38,2.72,$28.00,1.01,$3.84,7.38,$2.30,12.3,$0.67B,$0.10B,6.75,$0.33B,$0.62B,0.54,$1.64B,$0.64B,39.22%,$1.64B,$0.24B,14.43%,$1.64B,$0.24B,14.43%,$1.64B,$0.27B,16.50%,$1.64B,$0.23B,13.82%,$1.64B,$0.14B,8.65%,$0.14B,$0.62B,26.38%,$0.14B,$0.17B,151.87%,$0.14B,$1.20B,12.23%,$0.24B,$0.95B,27.26%,$409,$242,$167,$0,$105,$338,$71,$-2,$69,$26,$43,$43,$43,$79,$71,$58,59,$0.73,$0.71,$366,$143,$0,$665,$86,$0,$443,$0,$532,$1196,$98,$330,$42,$481,$580,$1,$367,$-4,$617,$1196,$43,$8,$-1,$7,$-37,$71,$-61,$1,$-26,$23,$-8,$0,$0,$0,$0,$0,$0,$-8,$-1,$0,$-1,$8,$8,$0,$8,$15,$31,$2,$0
35,2009-12-31,24.63,$9.57,2.57,$27.30,0.9,$4.00,6.16,$1.87,13.17,$0.68B,$0.17B,3.96,$0.33B,$0.56B,0.6,$1.59B,$0.61B,38.05%,$1.59B,$0.20B,12.26%,$1.59B,$0.20B,12.26%,$1.59B,$0.23B,14.47%,$1.59B,$0.18B,11.57%,$1.59B,$0.12B,7.30%,$0.12B,$0.56B,23.41%,$0.12B,$0.11B,232.00%,$0.12B,$1.21B,10.35%,$0.20B,$0.89B,23.56%,$425,$258,$166,$0,$114,$368,$56,$-3,$53,$20,$33,$33,$33,$65,$56,$57,58,$0.59,$0.57,$335,$214,$0,$676,$86,$0,$444,$0,$533,$1209,$171,$331,$40,$482,$653,$1,$324,$-4,$556,$1209,$116,$33,$1,$34,$3,$-11,$19,$27,$39,$189,$-30,$0,$0,$0,$0,$0,$0,$-30,$-4,$0,$-4,$5,$5,$0,$12,$13,$173,$7,$0
36,2009-09-30,25.05,$8.94,2.8,$27.36,0.92,$3.77,6.64,$1.78,14.07,$0.61B,$0.14B,4.31,$0.33B,$0.52B,0.64,$1.59B,$0.60B,37.66%,$1.59B,$0.19B,12.18%,$1.59B,$0.19B,12.18%,$1.59B,$0.23B,14.44%,$1.59B,$0.18B,11.36%,$1.59B,$0.11B,7.16%,$0.11B,$0.52B,24.78%,$0.11B,$0.07B,844.44%,$0.11B,$1.14B,10.58%,$0.19B,$0.85B,24.47%,$482,$296,$186,$0,$115,$401,$81,$-3,$78,$29,$49,$49,$49,$89,$81,$57,59,$0.86,$0.84,$214,$224,$0,$610,$84,$0,$445,$0,$532,$1142,$141,$332,$44,$482,$623,$1,$291,$-7,$519,$1142,$83,$25,$-1,$24,$-42,$-20,$19,$-2,$-46,$61,$-23,$0,$0,$0,$0,$0,$0,$-23,$-3,$0,$-3,$5,$5,$0,$11,$14,$52,$5,$0
37,2009-06-30,23.09,$8.11,2.85,$26.65,0.87,$3.78,6.11,$1.52,15.19,$0.57B,$0.16B,3.63,$0.33B,$0.46B,0.72,$1.55B,$0.57B,36.68%,$1.55B,$0.17B,10.93%,$1.55B,$0.17B,10.93%,$1.55B,$0.20B,13.13%,$1.55B,$0.16B,10.03%,$1.55B,$0.10B,6.27%,$0.10B,$0.46B,22.40%,$0.10B,$0.02B,-668.97%,$0.10B,$1.10B,9.28%,$0.17B,$0.79B,22.04%,$326,$202,$125,$0,$100,$297,$29,$-3,$27,$10,$17,$17,$17,$38,$29,$56,58,$0.29,$0.28,$174,$256,$0,$566,$84,$0,$446,$0,$533,$1099,$156,$333,$43,$482,$638,$1,$249,$-7,$461,$1099,$33,$18,$9,$26,$0,$-53,$23,$-1,$-30,$29,$-18,$0,$0,$0,$0,$0,$0,$-18,$-2,$0,$-2,$1,$1,$0,$1,$0,$11,$4,$0
38,2009-03-31,17.65,$7.87,2.24,$26.22,0.67,$3.88,4.55,$1.38,12.79,$0.50B,$0.10B,4.84,$0.33B,$0.45B,0.75,$1.52B,$0.54B,35.61%,$1.52B,$0.15B,9.79%,$1.52B,$0.15B,9.79%,$1.52B,$0.18B,11.96%,$1.52B,$0.13B,8.67%,$1.52B,$0.08B,5.45%,$0.08B,$0.45B,20.10%,$0.08B,$-0.00B,-233.80%,$0.08B,$1.03B,8.18%,$0.15B,$0.78B,19.93%,$357,$229,$128,$0,$99,$328,$29,$-3,$26,$9,$17,$17,$17,$38,$29,$56,58,$0.29,$0.28,$187,$154,$0,$496,$85,$0,$447,$0,$535,$1032,$103,$334,$41,$483,$586,$1,$238,$-7,$446,$1032,$17,$9,$3,$11,$-7,$50,$-34,$-1,$7,$35,$-11,$0,$0,$0,$0,$0,$0,$-11,$-1,$0,$-1,$0,$0,$0,$1,$0,$24,$2,$0
39,2008-12-31,18.07,$7.34,2.46,$25.60,0.71,$3.90,4.63,$1.29,14.01,$0.50B,$0.14B,3.57,$0.34B,$0.41B,0.81,$1.50B,$0.52B,34.72%,$1.50B,$0.14B,9.43%,$1.50B,$0.14B,9.43%,$1.50B,$0.17B,11.51%,$1.50B,$0.12B,8.16%,$1.50B,$0.08B,5.22%,$0.08B,$0.41B,19.63%,$0.08B,$-0.03B,-149.28%,$0.08B,$1.04B,7.85%,$0.14B,$0.75B,19.24%,$428,$267,$161,$0,$115,$373,$55,$-5,$50,$19,$31,$31,$31,$65,$55,$56,58,$0.55,$0.54,$162,$203,$0,$500,$86,$0,$448,$1,$538,$1038,$140,$335,$41,$484,$624,$1,$209,$-7,$414,$1038,$78,$31,$8,$39,$9,$22,$20,$13,$64,$181,$-35,$0,$0,$0,$0,$0,$0,$-35,$-4,$0,$-4,$-33,$-33,$0,$4,$-33,$113,$9,$0
40,2008-09-30,18.51,$7.26,2.55,$24.91,0.74,$1.92,9.65,$1.30,14.24,$0.48B,$0.12B,3.92,$0.34B,$0.41B,0.82,$1.45B,$0.49B,33.40%,$1.45B,$0.13B,8.82%,$1.45B,$0.13B,8.82%,$1.45B,$0.16B,10.81%,$1.45B,$0.11B,7.51%,$1.45B,$0.07B,4.82%,$0.07B,$0.41B,17.98%,$0.07B,$-0.04B,-113.36%,$0.07B,$1.01B,7.16%,$0.13B,$0.75B,17.64%,$435,$282,$153,$0,$105,$379,$56,$-4,$52,$19,$32,$32,$32,$62,$56,$56,58,$0.57,$0.55,$60,$214,$4,$475,$76,$0,$448,$8,$537,$1012,$121,$335,$32,$480,$602,$1,$194,$2,$411,$1012,$50,$21,$6,$28,$-47,$11,$17,$-2,$-21,$57,$-19,$0,$0,$0,$0,$0,$0,$-19,$-2,$0,$-2,$-29,$-29,$0,$3,$-28,$11,$7,$0
41,2008-06-30,12.97,$6.75,1.92,$24.26,0.53,$0.40,32.74,$1.30,9.97,$0.44B,$0.12B,3.86,$0.34B,$0.38B,0.88,$1.43B,$0.48B,33.47%,$1.43B,$0.13B,9.24%,$1.43B,$0.13B,9.24%,$1.43B,$0.16B,11.34%,$1.43B,$0.11B,7.77%,$1.43B,$0.07B,5.11%,$0.07B,$0.38B,19.32%,$0.07B,$-0.07B,-97.99%,$0.07B,$0.98B,7.50%,$0.13B,$0.72B,18.31%,$302,$202,$100,$0,$92,$292,$9,$-5,$4,$2,$3,$3,$3,$17,$9,$56,58,$0.05,$0.05,$45,$251,$6,$444,$70,$0,$450,$8,$533,$977,$115,$336,$31,$481,$596,$1,$161,$2,$381,$977,$14,$15,$6,$20,$17,$-25,$5,$-7,$-11,$24,$-7,$0,$0,$0,$0,$0,$0,$-7,$-1,$0,$-1,$-20,$-20,$0,$0,$-21,$-4,$5,$0
42,2008-03-31,15.15,$6.72,2.26,$24.05,0.63,$-0.17,0.0,$-1.23,0.0,$0.41B,$0.08B,5.13,$0.34B,$0.38B,0.88,$1.41B,$0.47B,33.45%,$1.41B,$-0.02B,-1.06%,$1.41B,$-0.02B,-1.06%,$1.41B,$0.02B,1.06%,$1.41B,$-0.04B,-2.62%,$1.41B,$-0.07B,-5.16%,$-0.07B,$0.38B,-19.90%,$-0.07B,$-0.07B,83.43%,$-0.07B,$0.95B,-7.56%,$-0.02B,$0.72B,-2.11%,$330,$225,$105,$0,$92,$309,$21,$-5,$16,$4,$12,$12,$12,$28,$21,$57,59,$0.20,$0.19,$66,$174,$6,$410,$72,$0,$451,$8,$535,$945,$80,$337,$31,$482,$562,$1,$158,$0,$383,$945,$12,$7,$2,$10,$-9,$51,$-33,$-2,$8,$29,$-2,$0,$0,$0,$0,$0,$0,$-2,$0,$0,$0,$-10,$-10,$0,$0,$-10,$17,$2,$0
43,2007-12-31,18.16,$6.63,2.74,$23.71,0.77,$-0.56,0.0,$-1.26,0.0,$0.43B,$0.11B,4.06,$0.34B,$0.38B,0.89,$1.40B,$0.47B,33.76%,$1.40B,$-0.02B,-1.07%,$1.40B,$-0.02B,-1.07%,$1.40B,$0.02B,1.21%,$1.40B,$-0.04B,-2.71%,$1.40B,$-0.08B,-5.34%,$-0.08B,$0.38B,-19.19%,$-0.08B,$-0.07B,71.94%,$-0.08B,$0.98B,-7.55%,$-0.02B,$0.72B,-2.04%,$385,$258,$127,$0,$93,$343,$42,$-6,$37,$13,$23,$23,$23,$50,$42,$58,58,$0.42,$0.44,$49,$225,$0,$434,$75,$0,$454,$8,$541,$975,$107,$338,$34,$486,$593,$1,$147,$3,$382,$975,$-76,$31,$141,$172,$-1,$-32,$-14,$2,$-44,$52,$-22,$0,$0,$0,$0,$0,$0,$-22,$-4,$0,$-4,$-54,$-54,$0,$8,$-50,$-20,$4,$0
44,2007-09-30,18.72,$6.31,2.97,$23.22,0.81,$-0.14,0.0,$-1.29,0.0,$0.46B,$0.12B,3.68,$0.36B,$0.37B,0.99,$1.40B,$0.48B,34.60%,$1.40B,$-0.01B,-0.50%,$1.40B,$-0.01B,-0.50%,$1.40B,$0.03B,1.86%,$1.40B,$-0.03B,-2.29%,$1.40B,$-0.07B,-5.09%,$-0.07B,$0.37B,-16.95%,$-0.07B,$-0.09B,61.21%,$-0.07B,$1.00B,-6.89%,$-0.01B,$0.73B,-0.91%,$411,$265,$146,$0,$94,$351,$60,$-6,$54,$19,$35,$35,$35,$67,$60,$58,60,$0.60,$0.58,$9,$247,$6,$456,$73,$0,$455,$9,$542,$998,$124,$361,$32,$508,$632,$1,$118,$4,$365,$998,$-99,$23,$146,$169,$-49,$-53,$-1,$-5,$-109,$-39,$-13,$0,$0,$0,$0,$0,$0,$-13,$19,$0,$19,$-45,$-45,$0,$18,$-7,$-59,$5,$0
45,2007-06-30,24.34,$5.79,4.21,$22.78,1.07,$0.39,63.1,$-1.30,0.0,$0.40B,$0.12B,3.38,$0.34B,$0.34B,1.01,$1.38B,$0.48B,35.15%,$1.38B,$-0.01B,-0.36%,$1.38B,$-0.01B,-0.36%,$1.38B,$0.03B,1.89%,$1.38B,$-0.03B,-2.25%,$1.38B,$-0.07B,-5.16%,$-0.07B,$0.34B,-16.09%,$-0.07B,$-0.12B,52.89%,$-0.07B,$0.94B,-6.69%,$-0.01B,$0.68B,-0.63%,$288,$192,$95,$0,$85,$426,$-138,$-6,$-144,$-0,$-143,$-143,$-143,$-130,$-138,$58,58,$-2.48,$-2.48,$20,$232,$6,$396,$73,$0,$458,$10,$546,$942,$117,$341,$33,$489,$606,$1,$83,$5,$337,$942,$-134,$17,$146,$163,$6,$-38,$1,$-7,$-38,$-8,$-8,$0,$0,$0,$0,$0,$0,$-8,$-2,$0,$-2,$-38,$-38,$0,$7,$-33,$-49,$3,$0
46,2007-03-31,23.78,$8.29,2.87,$22.35,1.06,$0.50,47.64,$1.33,17.88,$0.35B,$0.09B,4.0,$0.34B,$0.48B,0.71,$1.37B,$0.49B,35.55%,$1.37B,$0.15B,11.27%,$1.37B,$0.15B,11.27%,$1.37B,$0.19B,13.53%,$1.37B,$0.13B,9.29%,$1.37B,$0.08B,5.93%,$0.08B,$0.48B,17.53%,$0.08B,$-0.14B,-52.51%,$0.08B,$1.06B,7.40%,$0.15B,$0.82B,18.59%,$320,$214,$106,$0,$88,$299,$21,$-6,$15,$6,$10,$10,$10,$30,$21,$58,61,$0.16,$0.16,$42,$160,$0,$349,$81,$0,$614,$12,$712,$1061,$87,$342,$32,$495,$582,$1,$227,$5,$479,$1061,$10,$9,$2,$11,$-6,$34,$-37,$-5,$-14,$7,$-3,$0,$0,$0,$0,$0,$0,$-3,$-1,$0,$-1,$-30,$-30,$0,$0,$-30,$-27,$2,$0
47,2006-12-31,23.93,$8.41,2.85,$21.96,1.09,$0.18,130.46,$1.43,16.73,$0.40B,$0.14B,2.95,$0.34B,$0.50B,0.69,$1.34B,$0.49B,36.34%,$1.34B,$0.17B,12.29%,$1.34B,$0.17B,12.29%,$1.34B,$0.19B,14.45%,$1.34B,$0.14B,10.20%,$1.34B,$0.09B,6.48%,$0.09B,$0.50B,19.61%,$0.09B,$-0.12B,-49.86%,$0.09B,$1.12B,7.94%,$0.17B,$0.84B,19.92%,$377,$242,$136,$0,$94,$328,$50,$-7,$43,$16,$27,$27,$27,$59,$50,$58,61,$0.47,$0.44,$69,$194,$0,$402,$88,$0,$615,$12,$721,$1123,$137,$342,$23,$491,$628,$1,$215,$5,$495,$1123,$87,$29,$-3,$26,$-14,$-5,$7,$-13,$-25,$88,$-31,$0,$0,$0,$0,$0,$0,$-31,$-85,$0,$-85,$2,$2,$0,$9,$-73,$-16,$6,$0
