,Date,Stock Price,Book Value per Share,Price to Book Ratio,TTM Sales per Share,Price to Sales Ratio,TTM FCF per Share,Price to FCF Ratio,TTM Net EPS,PE Ratio,Current Assets,Current Liabilities,Current Ratio,Long Term Debt,Shareholder's Equity_x,Debt to Equity Ratio,TTM Revenue_x,TTM Gross Profit,Gross Margin,TTM Revenue_y,TTM Operating Income,Operating Margin,TTM Revenue_x,TTM EBIT,EBIT Margin,TTM Revenue_y,TTM EBITDA,EBITDA Margin,TTM Revenue_x,TTM Pre-Tax Income,Pre-Tax Margin,TTM Revenue_y,TTM Net Income_x,Net Margin,TTM Net Income_y,Shareholder's Equity_y,Return on Equity,TTM Net Income_x,Tangible Equity,Return on Tangible Equity,TTM Net Income_y,Total Assets,Return on Assets,TTM Net Income,LT Investments & Debt,Return on Investment,revenue,cost-goods-sold,gross-profit,research-development-expenses,selling-general-administrative-expenses,operating-expenses,operating-income,total-non-operating-income-expense,pre-tax-income,total-provision-income-taxes,income-after-taxes,income-from-continuous-operations,net-income,ebitda,ebit,basic-shares-outstanding,shares-outstanding,eps-basic-net-earnings-per-share,eps-earnings-per-share-diluted,cash-on-hand,inventory,other-current-assets,total-current-assets,net-property-plant-equipment,long-term-investments,goodwill-intangible-assets-total,other-long-term-assets,total-long-term-assets,total-assets,total-current-liabilities,long-term-debt,other-non-current-liabilities,total-long-term-liabilities,total-liabilities,common-stock-net,retained-earnings-accumulated-deficit,comprehensive-income,total-share-holder-equity,total-liabilities-share-holders-equity,net-income-loss,total-depreciation-amortization-cash-flow,other-non-cash-items,total-non-cash-items,change-in-accounts-receivable,change-in-inventories,change-in-accounts-payable,change-in-assets-liabilities,total-change-in-assets-liabilities,cash-flow-from-operating-activities,net-change-in-property-plant-equipment,net-change-in-intangible-assets,net-acquisitions-divestitures,net-change-in-short-term-investments,net-change-in-long-term-investments,net-change-in-investments-total,investing-activities-other,cash-flow-from-investing-activities,net-long-term-debt,net-current-debt,debt-issuance-retirement-net-total,net-common-equity-issued-repurchased,net-total-equity-issued-repurchased,total-common-preferred-stock-dividends-paid,financial-activities-other,cash-flow-from-financial-activities,net-cash-flow,stock-based-compensation,common-stock-dividends-paid
0,2018-09-30,1.78,$0.02,75.42,$0.34,5.22,$-3.20,0.0,$-1.08,0.0,$0.04B,$0.01B,2.63,$0.03B,$0.00B,38.65,$0.01B,$0.01B,100.00%,$0.01B,$-0.03B,-310.00%,$0.01B,$-0.03B,-310.00%,$0.01B,$-0.03B,-310.00%,$0.01B,$-0.04B,-350.00%,$0.01B,$-0.04B,-350.00%,$-0.04B,$0.00B,-304.35%,$-0.04B,$-0.01B,-1400.00%,$-0.04B,$0.04B,-60.34%,$-0.03B,$0.03B,-70.06%,$3,$0,$3,$5,$4,$9,$-6,$-1,$-7,$0,$-7,$-7,$-7,$-6,$-6,$33,33,$-0.22,$-0.22,$31,$0,$0,$35,$0,$0,$9,$0,$9,$44,$13,$30,$0,$30,$43,$0,$-979,$0,$1,$44,$-27,$0,$3,$3,$0,$0,$0,$-0,$-2,$-25,$-0,$0,$0,$-26,$43,$17,$0,$17,$-4,$0,$-4,$0,$0,$0,$0,$-4,$-13,$3,$0
1,2018-06-30,1.73,$0.21,8.07,$0.34,5.11,$-3.84,0.0,$-1.41,0.0,$0.04B,$0.02B,3.01,$0.03B,$0.01B,4.44,$0.01B,$0.01B,100.00%,$0.01B,$-0.04B,-433.33%,$0.01B,$-0.04B,-433.33%,$0.01B,$-0.04B,-433.33%,$0.01B,$-0.04B,-477.78%,$0.01B,$-0.04B,-477.78%,$-0.04B,$0.01B,-229.33%,$-0.04B,$-0.00B,-441.03%,$-0.04B,$0.05B,-63.70%,$-0.04B,$0.04B,-72.90%,$2,$0,$2,$6,$4,$10,$-8,$-1,$-9,$0,$-9,$-9,$-9,$-8,$-8,$33,33,$-0.26,$-0.26,$40,$0,$0,$44,$0,$0,$9,$0,$9,$53,$15,$32,$0,$32,$46,$0,$-972,$-0,$7,$53,$-19,$0,$2,$2,$1,$0,$0,$0,$0,$-17,$-0,$0,$0,$-21,$33,$12,$0,$12,$-3,$0,$-3,$0,$0,$0,$0,$-3,$-8,$2,$0
2,2018-03-31,3.27,$0.44,7.48,$0.34,9.63,$-4.18,0.0,$-1.65,0.0,$0.05B,$0.01B,3.6,$0.03B,$0.01B,2.24,$0.01B,$0.01B,100.00%,$0.01B,$-0.04B,-488.89%,$0.01B,$-0.04B,-488.89%,$0.01B,$-0.04B,-488.89%,$0.01B,$-0.05B,-533.33%,$0.01B,$-0.05B,-533.33%,$-0.05B,$0.01B,-249.35%,$-0.05B,$0.01B,-468.29%,$-0.05B,$0.06B,-68.33%,$-0.04B,$0.05B,-78.57%,$2,$0,$2,$8,$4,$12,$-10,$-1,$-11,$0,$-11,$-11,$-11,$-10,$-10,$33,33,$-0.35,$-0.35,$48,$0,$0,$52,$0,$0,$9,$0,$10,$61,$14,$32,$0,$33,$47,$2,$-963,$-0,$14,$61,$-11,$0,$1,$1,$1,$0,$0,$0,$-0,$-10,$-0,$0,$0,$-2,$0,$-2,$0,$-2,$-2,$0,$-2,$0,$0,$0,$0,$-2,$-14,$1,$0
3,2017-12-31,3.5,$0.73,4.82,$0.34,10.31,$-4.41,0.0,$-1.85,0.0,$0.06B,$0.01B,4.56,$0.04B,$0.02B,1.49,$0.01B,$0.01B,100.00%,$0.01B,$-0.05B,-544.44%,$0.01B,$-0.05B,-544.44%,$0.01B,$-0.05B,-544.44%,$0.01B,$-0.05B,-588.89%,$0.01B,$-0.05B,-588.89%,$-0.05B,$0.02B,-252.38%,$-0.05B,$0.02B,-441.67%,$-0.05B,$0.07B,-72.11%,$-0.05B,$0.06B,-81.67%,$3,$0,$3,$7,$3,$10,$-7,$-1,$-8,$0,$-8,$-8,$-8,$-7,$-7,$30,30,$-0.23,$-0.23,$60,$0,$0,$64,$0,$0,$9,$0,$10,$74,$14,$36,$0,$36,$50,$0,$-952,$-0,$24,$74,$-53,$0,$5,$6,$-1,$0,$0,$0,$-1,$-48,$-0,$0,$0,$-3,$0,$-3,$0,$-4,$-5,$27,$22,$43,$43,$0,$-0,$64,$12,$5,$0
4,2017-09-30,7.45,$0.93,8.02,$0.32,23.35,$-4.15,0.0,$-2.00,0.0,$0.07B,$0.01B,5.15,$0.04B,$0.03B,1.24,$0.01B,$0.01B,100.00%,$0.01B,$-0.05B,-662.50%,$0.01B,$-0.05B,-662.50%,$0.01B,$-0.05B,-662.50%,$0.01B,$-0.06B,-700.00%,$0.01B,$-0.06B,-700.00%,$-0.06B,$0.03B,-251.69%,$-0.06B,$0.02B,-422.64%,$-0.06B,$0.08B,-80.58%,$-0.05B,$0.07B,-94.64%,$2,$0,$2,$13,$3,$17,$-14,$-1,$-15,$0,$-15,$-15,$-15,$-14,$-14,$29,29,$-0.53,$-0.53,$69,$0,$0,$73,$0,$0,$9,$0,$9,$82,$14,$38,$0,$38,$52,$2,$-944,$0,$30,$82,$-45,$0,$4,$4,$0,$0,$0,$0,$0,$-41,$-0,$0,$0,$-44,$43,$-1,$0,$-1,$-4,$27,$23,$43,$43,$0,$-0,$66,$24,$4,$0
5,2017-06-30,9.45,$0.32,29.47,$0.30,31.27,$-3.76,0.0,$-2.50,0.0,$0.05B,$0.02B,3.72,$0.04B,$0.01B,4.33,$0.01B,$0.01B,100.00%,$0.01B,$-0.07B,-837.50%,$0.01B,$-0.07B,-837.50%,$0.01B,$-0.07B,-837.50%,$0.01B,$-0.07B,-862.50%,$0.01B,$-0.07B,-862.50%,$-0.07B,$0.01B,-284.54%,$-0.07B,$0.00B,-452.46%,$-0.07B,$0.06B,-105.34%,$-0.07B,$0.05B,-127.62%,$2,$0,$2,$11,$4,$15,$-13,$-1,$-14,$0,$-14,$-14,$-14,$-13,$-13,$29,29,$-0.49,$-0.49,$51,$0,$0,$54,$0,$0,$9,$0,$9,$64,$15,$40,$0,$40,$55,$1,$-929,$-0,$9,$64,$-30,$0,$3,$3,$0,$0,$0,$0,$3,$-24,$-0,$0,$0,$-27,$22,$-6,$0,$-6,$-3,$27,$24,$7,$7,$0,$-0,$31,$1,$3,$0
6,2017-03-31,13.9,$0.75,18.6,$0.30,47.03,$-3.65,0.0,$-2.45,0.0,$0.06B,$0.01B,5.86,$0.04B,$0.02B,1.92,$0.01B,$0.01B,100.00%,$0.01B,$-0.07B,-812.50%,$0.01B,$-0.07B,-812.50%,$0.01B,$-0.07B,-812.50%,$0.01B,$-0.07B,-825.00%,$0.01B,$-0.07B,-825.00%,$-0.07B,$0.02B,-197.01%,$-0.07B,$0.01B,-269.39%,$-0.07B,$0.07B,-97.06%,$-0.07B,$0.06B,-116.07%,$2,$0,$2,$14,$4,$17,$-15,$-1,$-16,$0,$-16,$-16,$-16,$-15,$-15,$28,28,$-0.55,$-0.55,$61,$0,$0,$64,$0,$0,$9,$0,$9,$74,$11,$41,$0,$41,$52,$1,$-915,$-0,$21,$74,$-16,$0,$1,$1,$0,$0,$0,$0,$-1,$-15,$-0,$0,$0,$0,$0,$0,$0,$0,$-2,$27,$25,$7,$7,$0,$-0,$32,$16,$1,$0
7,2016-12-31,15.4,$1.04,14.85,$0.29,53.58,$-3.42,0.0,$-2.25,0.0,$0.05B,$0.01B,3.56,$0.02B,$0.03B,0.51,$0.01B,$0.01B,100.00%,$0.01B,$-0.06B,-737.50%,$0.01B,$-0.06B,-737.50%,$0.01B,$-0.06B,-737.50%,$0.01B,$-0.06B,-737.50%,$0.01B,$-0.06B,-737.50%,$-0.06B,$0.03B,-139.64%,$-0.06B,$0.02B,-177.44%,$-0.06B,$0.06B,-83.39%,$-0.06B,$0.04B,-100.85%,$2,$0,$2,$9,$4,$13,$-11,$-1,$-11,$0,$-11,$-11,$-11,$-11,$-11,$27,27,$-0.40,$-0.40,$44,$0,$0,$48,$0,$0,$9,$0,$10,$58,$14,$15,$0,$15,$28,$1,$-899,$-0,$29,$58,$-60,$0,$22,$23,$-0,$0,$0,$-0,$2,$-36,$-0,$0,$0,$30,$0,$30,$0,$30,$-4,$0,$-4,$3,$3,$0,$0,$-1,$-7,$4,$0
8,2016-09-30,13.05,$1.35,9.65,$0.28,46.07,$-3.27,0.0,$-2.35,0.0,$0.06B,$0.01B,4.54,$0.02B,$0.04B,0.42,$0.01B,$0.01B,100.00%,$0.01B,$-0.06B,-762.50%,$0.01B,$-0.06B,-762.50%,$0.01B,$-0.06B,-762.50%,$0.01B,$-0.06B,-762.50%,$0.01B,$-0.06B,-762.50%,$-0.06B,$0.04B,-119.02%,$-0.06B,$0.03B,-144.38%,$-0.06B,$0.07B,-76.25%,$-0.06B,$0.05B,-89.05%,$2,$0,$2,$7,$5,$30,$-28,$-1,$-28,$0,$-28,$-28,$-28,$-28,$-28,$26,26,$-1.05,$-1.05,$53,$0,$0,$57,$0,$0,$9,$0,$10,$66,$12,$16,$0,$16,$28,$1,$-888,$0,$38,$66,$-49,$0,$21,$22,$0,$0,$0,$-0,$1,$-26,$-0,$0,$0,$16,$0,$16,$0,$16,$-3,$0,$-3,$1,$1,$0,$0,$-2,$-12,$3,$0
9,2016-06-30,7.8,$1.78,4.37,$0.30,26.33,$-3.00,0.0,$-1.50,0.0,$0.07B,$0.01B,5.7,$0.02B,$0.05B,0.36,$0.01B,$0.01B,100.00%,$0.01B,$-0.04B,-475.00%,$0.01B,$-0.04B,-475.00%,$0.01B,$-0.04B,-475.00%,$0.01B,$-0.04B,-487.50%,$0.01B,$-0.04B,-487.50%,$-0.04B,$0.05B,-64.20%,$-0.04B,$0.04B,-75.36%,$-0.04B,$0.07B,-43.33%,$-0.04B,$0.06B,-47.95%,$2,$0,$2,$9,$3,$12,$-11,$-1,$-11,$0,$-11,$-11,$-11,$-11,$-11,$26,26,$-0.45,$-0.45,$62,$0,$0,$65,$0,$0,$9,$0,$10,$74,$11,$17,$0,$17,$28,$1,$-859,$0,$46,$74,$-21,$0,$2,$2,$0,$0,$0,$0,$0,$-19,$-0,$0,$0,$-4,$0,$-4,$0,$-4,$-2,$0,$-2,$1,$1,$0,$0,$-1,$-24,$2,$0
10,2016-03-31,8.05,$2.17,3.71,$0.31,25.76,$-2.83,0.0,$-1.35,0.0,$0.08B,$0.01B,6.35,$0.02B,$0.06B,0.31,$0.01B,$0.01B,100.00%,$0.01B,$-0.03B,-425.00%,$0.01B,$-0.03B,-425.00%,$0.01B,$-0.03B,-425.00%,$0.01B,$-0.04B,-450.00%,$0.01B,$-0.04B,-450.00%,$-0.04B,$0.06B,-51.80%,$-0.04B,$0.05B,-59.50%,$-0.04B,$0.09B,-36.18%,$-0.03B,$0.07B,-38.20%,$2,$0,$2,$7,$4,$11,$-9,$-1,$-9,$0,$-9,$-9,$-9,$-9,$-9,$26,26,$-0.35,$-0.35,$73,$0,$0,$76,$0,$0,$9,$0,$10,$85,$12,$17,$0,$17,$29,$1,$-848,$0,$56,$85,$-9,$0,$1,$1,$0,$0,$0,$0,$1,$-8,$-0,$0,$0,$-9,$0,$-9,$0,$-9,$-1,$0,$-1,$0,$0,$0,$0,$-1,$-18,$1,$0
11,2015-12-31,14.55,$2.50,5.82,$0.32,45.13,$-2.88,0.0,$-2.50,0.0,$0.09B,$0.01B,7.95,$0.02B,$0.07B,0.3,$0.01B,$0.01B,100.00%,$0.01B,$-0.06B,-700.00%,$0.01B,$-0.06B,-700.00%,$0.01B,$-0.06B,-700.00%,$0.01B,$-0.06B,-737.50%,$0.01B,$-0.06B,-737.50%,$-0.06B,$0.07B,-76.13%,$-0.06B,$0.06B,-86.13%,$-0.06B,$0.10B,-54.63%,$-0.06B,$0.08B,-57.14%,$2,$0,$2,$12,$3,$15,$-13,$-0,$-13,$0,$-13,$-13,$-13,$-13,$-13,$25,25,$-0.40,$-0.40,$82,$0,$0,$86,$0,$0,$9,$0,$9,$95,$11,$20,$0,$20,$30,$1,$-839,$0,$65,$95,$-59,$0,$28,$28,$-0,$0,$0,$-1,$1,$-30,$-0,$0,$0,$-6,$0,$-6,$0,$-6,$-4,$0,$-4,$66,$66,$0,$0,$62,$25,$4,$0
12,2015-09-30,10.1,$2.96,3.41,$0.35,28.57,$-2.65,0.0,$-2.35,0.0,$0.10B,$0.01B,10.38,$0.02B,$0.08B,0.27,$0.01B,$0.01B,100.00%,$0.01B,$-0.05B,-600.00%,$0.01B,$-0.05B,-600.00%,$0.01B,$-0.05B,-600.00%,$0.01B,$-0.05B,-650.00%,$0.01B,$-0.05B,-650.00%,$-0.05B,$0.08B,-75.64%,$-0.05B,$0.07B,-87.03%,$-0.05B,$0.11B,-52.00%,$-0.05B,$0.10B,-53.33%,$2,$0,$2,$4,$3,$7,$-5,$-1,$-6,$0,$-6,$-6,$-6,$-5,$-5,$26,26,$-0.20,$-0.20,$93,$0,$0,$97,$0,$0,$9,$0,$10,$106,$9,$21,$0,$21,$30,$1,$-825,$0,$76,$106,$-46,$0,$27,$27,$-0,$0,$0,$-0,$-1,$-19,$-0,$0,$0,$-22,$0,$-22,$0,$-22,$-3,$0,$-3,$65,$65,$0,$0,$62,$21,$3,$0
13,2015-06-30,16.55,$3.14,5.27,$0.38,43.97,$-2.62,0.0,$-2.45,0.0,$0.10B,$0.01B,11.28,$0.02B,$0.08B,0.27,$0.01B,$0.01B,100.00%,$0.01B,$-0.05B,-600.00%,$0.01B,$-0.05B,-600.00%,$0.01B,$-0.05B,-600.00%,$0.01B,$-0.05B,-650.00%,$0.01B,$-0.05B,-650.00%,$-0.05B,$0.08B,-88.89%,$-0.05B,$0.07B,-105.05%,$-0.05B,$0.11B,-57.46%,$-0.05B,$0.10B,-59.81%,$2,$0,$2,$6,$3,$9,$-7,$-1,$-8,$0,$-8,$-8,$-8,$-7,$-7,$26,26,$-0.30,$-0.30,$99,$0,$0,$102,$0,$0,$9,$0,$10,$112,$9,$22,$0,$22,$31,$1,$-820,$-0,$81,$112,$-40,$0,$26,$26,$-0,$0,$0,$-0,$-1,$-15,$-0,$0,$0,$-25,$0,$-25,$0,$-25,$-2,$0,$-2,$65,$65,$0,$0,$63,$24,$2,$0
14,2015-03-31,12.0,$3.41,3.52,$0.57,20.89,$-2.64,0.0,$-2.25,0.0,$0.10B,$0.01B,10.54,$0.02B,$0.09B,0.25,$0.01B,$0.01B,100.00%,$0.01B,$-0.04B,-390.91%,$0.01B,$-0.04B,-390.91%,$0.01B,$-0.04B,-381.82%,$0.01B,$-0.05B,-418.18%,$0.01B,$-0.05B,-418.18%,$-0.05B,$0.09B,-95.83%,$-0.05B,$0.08B,-117.95%,$-0.05B,$0.12B,-56.79%,$-0.04B,$0.11B,-60.78%,$2,$0,$2,$5,$4,$33,$-31,$-1,$-32,$0,$-32,$-32,$-32,$-31,$-31,$22,22,$-1.50,$-1.50,$100,$0,$0,$103,$0,$7,$9,$0,$17,$119,$10,$22,$0,$22,$32,$1,$-811,$-0,$88,$119,$-32,$0,$25,$25,$0,$0,$0,$-0,$-1,$-8,$-0,$0,$0,$-41,$0,$-41,$0,$-41,$-1,$0,$-1,$65,$65,$0,$0,$64,$16,$1,$0
15,2014-12-31,7.5,$1.73,4.33,$0.57,13.1,$-2.59,0.0,$-1.05,0.0,$0.05B,$0.01B,5.19,$0.02B,$0.03B,0.76,$0.01B,$0.01B,100.00%,$0.01B,$-0.02B,-170.00%,$0.01B,$-0.02B,-170.00%,$0.01B,$-0.02B,-160.00%,$0.01B,$-0.02B,-200.00%,$0.01B,$-0.02B,-200.00%,$-0.02B,$0.03B,-55.17%,$-0.02B,$0.02B,-73.39%,$-0.02B,$0.06B,-28.57%,$-0.02B,$0.05B,-28.22%,$2,$0,$2,$3,$3,$7,$-5,$-1,$-6,$0,$-6,$-6,$-6,$-5,$-5,$17,17,$-0.40,$-0.40,$50,$0,$0,$52,$0,$1,$9,$0,$10,$63,$10,$23,$0,$23,$33,$1,$-780,$-0,$30,$63,$-19,$0,$2,$2,$-0,$0,$0,$-0,$-0,$-17,$-0,$0,$0,$0,$16,$16,$0,$16,$-2,$0,$-2,$0,$0,$0,$0,$-1,$-2,$3,$0
16,2014-09-30,7.05,$2.01,3.5,$0.55,12.84,$-2.19,0.0,$-0.95,0.0,$0.06B,$0.01B,5.81,$0.02B,$0.04B,0.68,$0.01B,$0.01B,90.00%,$0.01B,$-0.02B,-160.00%,$0.01B,$-0.02B,-160.00%,$0.01B,$-0.02B,-150.00%,$0.01B,$-0.02B,-180.00%,$0.01B,$-0.02B,-180.00%,$-0.02B,$0.04B,-45.00%,$-0.02B,$0.03B,-58.06%,$-0.02B,$0.07B,-24.16%,$-0.02B,$0.06B,-24.43%,$2,$0,$2,$4,$3,$7,$-5,$-1,$-6,$0,$-6,$-6,$-6,$-5,$-5,$17,17,$-0.30,$-0.30,$55,$0,$0,$57,$0,$2,$9,$0,$11,$68,$10,$24,$0,$24,$34,$1,$-774,$0,$35,$68,$-13,$0,$1,$1,$-0,$0,$0,$-0,$-0,$-12,$-0,$0,$0,$0,$11,$11,$0,$11,$-1,$0,$-1,$0,$0,$0,$0,$-1,$-2,$2,$0
17,2014-06-30,9.3,$2.29,4.06,$0.88,10.53,$-1.74,0.0,$-0.75,0.0,$0.06B,$0.01B,6.15,$0.02B,$0.04B,0.62,$0.02B,$0.01B,93.33%,$0.02B,$-0.01B,-73.33%,$0.02B,$-0.01B,-73.33%,$0.02B,$-0.01B,-66.67%,$0.02B,$-0.01B,-93.33%,$0.02B,$-0.01B,-93.33%,$-0.01B,$0.04B,-33.53%,$-0.01B,$0.03B,-42.75%,$-0.01B,$0.07B,-18.12%,$-0.01B,$0.06B,-16.00%,$5,$0,$5,$3,$3,$6,$-2,$-0,$-2,$0,$-2,$-2,$-2,$-1,$-2,$17,17,$-0.10,$-0.10,$56,$0,$0,$61,$0,$3,$9,$0,$13,$74,$10,$24,$0,$25,$34,$1,$-768,$0,$39,$74,$-7,$0,$0,$0,$-3,$0,$0,$0,$-3,$-10,$-0,$0,$0,$0,$10,$10,$0,$10,$0,$0,$0,$0,$0,$0,$0,$0,$1,$1,$0
18,2014-03-31,14.1,$2.36,5.98,$0.94,15.05,$-1.42,0.0,$-0.75,0.0,$0.06B,$0.01B,7.64,$0.03B,$0.04B,0.66,$0.02B,$0.01B,93.33%,$0.02B,$-0.01B,-66.67%,$0.02B,$-0.01B,-66.67%,$0.02B,$-0.01B,-66.67%,$0.02B,$-0.01B,-86.67%,$0.02B,$-0.01B,-86.67%,$-0.01B,$0.04B,-32.30%,$-0.01B,$0.03B,-41.60%,$-0.01B,$0.08B,-17.16%,$-0.01B,$0.07B,-14.65%,$1,$0,$1,$3,$3,$6,$-5,$-1,$-6,$0,$-6,$-6,$-6,$-5,$-5,$17,17,$-0.30,$-0.30,$58,$0,$0,$60,$0,$6,$9,$0,$16,$75,$8,$27,$0,$27,$35,$1,$-766,$-0,$41,$75,$-6,$0,$0,$0,$0,$0,$0,$-0,$-0,$-5,$0,$0,$0,$3,$0,$3,$0,$3,$0,$0,$0,$0,$0,$0,$0,$0,$-2,$1,$0
19,2013-12-31,14.1,$2.63,5.36,$0.92,15.38,$-1.38,0.0,$-0.75,0.0,$0.06B,$0.01B,9.17,$0.03B,$0.05B,0.62,$0.02B,$0.01B,93.33%,$0.02B,$-0.01B,-60.00%,$0.02B,$-0.01B,-60.00%,$0.02B,$-0.01B,-60.00%,$0.02B,$-0.01B,-80.00%,$0.02B,$-0.01B,-80.00%,$-0.01B,$0.05B,-32.00%,$-0.01B,$0.04B,-42.11%,$-0.01B,$0.08B,-16.38%,$-0.01B,$0.07B,-13.53%,$2,$0,$1,$3,$3,$6,$-4,$0,$-4,$0,$-4,$-4,$-4,$-4,$-4,$16,16,$-0.25,$-0.25,$58,$0,$0,$60,$0,$11,$9,$0,$20,$81,$7,$28,$1,$29,$35,$1,$-761,$-0,$45,$81,$-12,$0,$3,$3,$-1,$0,$0,$-0,$-1,$-10,$-0,$0,$0,$0,$-13,$-13,$0,$-14,$0,$0,$0,$20,$20,$0,$-0,$20,$-3,$3,$0
20,2013-09-30,22.3,$2.47,9.03,$0.93,23.96,$-1.76,0.0,$-1.25,0.0,$0.07B,$0.01B,11.35,$0.03B,$0.04B,0.7,$0.02B,$0.02B,100.00%,$0.02B,$-0.02B,-120.00%,$0.02B,$-0.02B,-120.00%,$0.02B,$-0.02B,-120.00%,$0.02B,$-0.02B,-133.33%,$0.02B,$-0.02B,-133.33%,$-0.02B,$0.04B,-57.55%,$-0.02B,$0.03B,-77.67%,$-0.02B,$0.08B,-28.37%,$-0.02B,$0.07B,-28.02%,$7,$0,$7,$4,$3,$7,$0,$-2,$-2,$0,$-2,$-2,$-2,$0,$0,$16,16,$-0.10,$-0.10,$63,$0,$0,$65,$0,$4,$9,$0,$14,$79,$6,$29,$2,$31,$37,$1,$-757,$0,$42,$79,$-8,$0,$4,$4,$-0,$0,$0,$-0,$0,$-4,$-0,$0,$0,$-8,$0,$-8,$0,$-8,$0,$0,$0,$13,$13,$0,$-0,$13,$1,$2,$0
21,2013-06-30,15.95,$2.01,7.95,$0.53,30.07,$-1.63,0.0,$-1.35,0.0,$0.06B,$0.01B,10.89,$0.03B,$0.03B,0.89,$0.01B,$0.01B,100.00%,$0.01B,$-0.02B,-255.56%,$0.01B,$-0.02B,-255.56%,$0.01B,$-0.02B,-255.56%,$0.01B,$-0.02B,-233.33%,$0.01B,$-0.02B,-233.33%,$-0.02B,$0.03B,-58.74%,$-0.02B,$0.02B,-78.50%,$-0.02B,$0.07B,-32.81%,$-0.02B,$0.06B,-39.66%,$5,$0,$5,$3,$3,$6,$-1,$-1,$-1,$0,$-1,$-1,$-1,$-1,$-1,$16,16,$-0.10,$-0.10,$57,$0,$0,$58,$1,$0,$9,$0,$10,$68,$5,$29,$1,$30,$35,$1,$-755,$0,$33,$68,$-6,$0,$2,$2,$0,$0,$0,$-0,$0,$-4,$-0,$0,$0,$0,$-2,$-2,$0,$-2,$0,$0,$0,$3,$3,$0,$-0,$3,$-3,$2,$0
22,2013-03-31,16.4,$1.89,8.69,$0.47,34.7,$-1.21,0.0,$-1.45,0.0,$0.05B,$0.00B,14.23,$0.03B,$0.03B,0.99,$0.01B,$0.01B,100.00%,$0.01B,$-0.02B,-300.00%,$0.01B,$-0.02B,-300.00%,$0.01B,$-0.02B,-300.00%,$0.01B,$-0.02B,-287.50%,$0.01B,$-0.02B,-287.50%,$-0.02B,$0.03B,-58.60%,$-0.02B,$0.02B,-76.03%,$-0.02B,$0.07B,-37.86%,$-0.02B,$0.06B,-44.24%,$1,$0,$1,$3,$3,$5,$-4,$-1,$-5,$0,$-5,$-5,$-5,$-4,$-4,$16,16,$-0.30,$-0.30,$51,$0,$0,$52,$0,$4,$9,$0,$13,$65,$4,$30,$1,$31,$35,$1,$-753,$0,$30,$65,$-5,$0,$1,$1,$0,$0,$0,$-0,$-0,$-4,$-0,$0,$0,$0,$1,$1,$0,$1,$0,$0,$0,$0,$0,$0,$-0,$0,$-3,$1,$0
23,2012-12-31,17.15,$2.14,8.01,$1.04,16.5,$-0.71,0.0,$-1.00,0.0,$0.06B,$0.00B,14.29,$0.03B,$0.03B,0.87,$0.02B,$0.02B,100.00%,$0.02B,$-0.02B,-105.88%,$0.02B,$-0.02B,-105.88%,$0.02B,$-0.02B,-105.88%,$0.02B,$-0.02B,-94.12%,$0.02B,$-0.02B,-94.12%,$-0.02B,$0.03B,-36.57%,$-0.02B,$0.03B,-46.04%,$-0.02B,$0.07B,-27.47%,$-0.02B,$0.06B,-35.12%,$2,$0,$2,$3,$3,$15,$-13,$1,$-12,$0,$-12,$-12,$-12,$-13,$-13,$16,16,$-0.80,$-0.80,$56,$0,$0,$57,$0,$3,$9,$0,$13,$70,$4,$30,$2,$32,$36,$1,$-749,$0,$34,$70,$-16,$0,$2,$2,$-1,$0,$0,$0,$-1,$-15,$-0,$0,$0,$0,$-23,$-23,$0,$-23,$30,$0,$30,$6,$6,$0,$-0,$36,$-2,$4,$0
24,2012-09-30,20.7,$2.86,7.24,$1.86,11.16,$-0.05,0.0,$0.10,207.0,$0.04B,$0.00B,10.59,$0.00B,$0.05B,0.0,$0.03B,$0.03B,100.00%,$0.03B,$0.00B,10.34%,$0.03B,$0.00B,10.34%,$0.03B,$0.00B,10.34%,$0.03B,$0.00B,6.90%,$0.03B,$0.00B,6.90%,$0.00B,$0.05B,4.42%,$0.00B,$0.04B,5.52%,$0.00B,$0.05B,3.79%,$0.00B,$0.05B,6.63%,$1,$0,$1,$3,$2,$6,$-5,$2,$-3,$0,$-3,$-3,$-3,$-5,$-5,$16,16,$-0.20,$-0.20,$41,$0,$0,$42,$0,$1,$9,$0,$10,$53,$4,$0,$3,$3,$7,$1,$-736,$0,$46,$53,$-4,$0,$3,$3,$-1,$0,$0,$0,$-0,$-2,$-0,$0,$0,$-11,$0,$-11,$0,$-11,$0,$0,$0,$6,$6,$0,$0,$6,$-7,$3,$0
25,2012-06-30,27.0,$2.96,9.13,$1.83,14.76,$-0.81,0.0,$0.05,540.0,$0.05B,$0.00B,13.01,$0.00B,$0.05B,0.0,$0.03B,$0.03B,100.00%,$0.03B,$0.00B,10.71%,$0.03B,$0.00B,10.71%,$0.03B,$0.00B,10.71%,$0.03B,$0.00B,3.57%,$0.03B,$0.00B,3.57%,$0.00B,$0.05B,2.40%,$0.00B,$0.04B,3.05%,$0.00B,$0.06B,2.03%,$0.00B,$0.05B,7.19%,$4,$0,$4,$5,$2,$7,$-2,$-0,$-3,$0,$-3,$-3,$-3,$-2,$-2,$16,16,$-0.20,$-0.20,$45,$0,$0,$45,$0,$0,$9,$0,$10,$55,$3,$0,$4,$4,$8,$1,$-733,$0,$47,$55,$-1,$0,$3,$3,$-0,$0,$0,$0,$-0,$2,$-0,$0,$0,$-10,$0,$-10,$0,$-10,$0,$0,$0,$5,$5,$0,$0,$5,$-3,$2,$0
26,2012-03-31,24.1,$3.02,7.97,$1.58,15.26,$-1.54,0.0,$-0.05,0.0,$0.05B,$0.00B,12.14,$0.00B,$0.05B,0.0,$0.02B,$0.02B,100.00%,$0.02B,0,0.00%,$0.02B,0,0.00%,$0.02B,0,0.00%,$0.02B,$-0.00B,-4.17%,$0.02B,$-0.00B,-4.17%,$-0.00B,$0.05B,-2.56%,$-0.00B,$0.04B,-3.33%,$-0.00B,$0.06B,-2.16%,$0.00B,$0.05B,0.00%,$10,$0,$10,$5,$3,$8,$2,$0,$2,$0,$2,$2,$2,$2,$2,$16,17,$0.15,$0.15,$45,$0,$0,$46,$0,$0,$9,$0,$10,$55,$4,$0,$4,$4,$8,$1,$-730,$0,$48,$55,$2,$0,$2,$2,$-0,$0,$0,$0,$-0,$4,$-0,$0,$0,$-8,$0,$-8,$0,$-8,$0,$0,$0,$3,$3,$0,$0,$3,$-0,$1,$0
27,2011-12-31,23.4,$2.59,9.05,$0.97,24.2,$-2.09,0.0,$-0.65,0.0,$0.04B,$0.00B,10.17,$0.00B,$0.04B,0.0,$0.01B,$0.01B,100.00%,$0.01B,$-0.01B,-50.00%,$0.01B,$-0.01B,-50.00%,$0.01B,$-0.01B,-50.00%,$0.01B,$-0.01B,-71.43%,$0.01B,$-0.01B,-71.43%,$-0.01B,$0.04B,-26.85%,$-0.01B,$0.03B,-35.40%,$-0.01B,$0.05B,-22.60%,$-0.01B,$0.04B,-18.79%,$14,$0,$14,$4,$2,$7,$8,$-2,$6,$0,$6,$6,$6,$8,$8,$15,15,$0.35,$0.35,$38,$0,$0,$39,$0,$0,$9,$0,$10,$48,$4,$0,$5,$5,$8,$1,$-732,$0,$40,$48,$-10,$0,$5,$5,$0,$0,$0,$0,$0,$-5,$-0,$0,$0,$0,$10,$10,$0,$10,$0,$0,$0,$2,$2,$0,$0,$2,$7,$2,$0
28,2011-09-30,15.8,$2.12,7.47,$0.05,310.88,$-1.90,0.0,$-1.35,0.0,$0.03B,$0.00B,8.38,$0.00B,$0.03B,0.0,$0.00B,0,nan%,$0.00B,$-0.02B,inf%,$0.00B,$-0.02B,inf%,$0.00B,$-0.02B,inf%,$0.00B,$-0.02B,inf%,$0.00B,$-0.02B,inf%,$-0.02B,$0.03B,-56.77%,$-0.02B,$0.02B,-73.95%,$-0.02B,$0.04B,-48.89%,$-0.02B,$0.03B,-54.19%,$0,$0,$0,$3,$2,$5,$-5,$1,$-4,$0,$-4,$-4,$-4,$-5,$-5,$15,15,$-0.25,$-0.25,$28,$0,$0,$29,$0,$0,$9,$0,$10,$39,$3,$0,$3,$3,$6,$1,$-738,$0,$32,$39,$-16,$0,$3,$3,$-0,$0,$0,$-0,$-0,$-13,$-0,$0,$0,$16,$0,$16,$0,$16,$0,$0,$0,$1,$1,$0,$0,$1,$4,$1,$0
29,2011-06-30,17.9,$2.36,7.58,$0.26,70.04,$-0.89,0.0,$-1.20,0.0,$0.03B,$0.00B,9.83,$0.00B,$0.04B,0.0,$0.00B,$0.00B,100.00%,$0.00B,$-0.02B,-600.00%,$0.00B,$-0.02B,-600.00%,$0.00B,$-0.02B,-566.67%,$0.00B,$-0.02B,-666.67%,$0.00B,$-0.02B,-666.67%,$-0.02B,$0.04B,-45.98%,$-0.02B,$0.03B,-57.97%,$-0.02B,$0.04B,-41.03%,$-0.02B,$0.04B,-41.38%,$0,$0,$0,$3,$2,$5,$-5,$-0,$-5,$0,$-5,$-5,$-5,$-5,$-5,$15,15,$-0.30,$-0.30,$33,$0,$0,$33,$1,$0,$9,$0,$10,$43,$3,$0,$4,$4,$7,$1,$-734,$0,$36,$43,$-12,$0,$3,$3,$-0,$0,$0,$0,$-0,$-9,$-0,$0,$0,$6,$0,$6,$0,$6,$0,$0,$0,$1,$1,$0,$0,$1,$-1,$1,$0
30,2011-03-31,16.25,$2.64,6.16,$0.24,68.74,$-0.10,0.0,$-1.05,0.0,$0.04B,$0.00B,11.45,$0.00B,$0.04B,0.0,$0.00B,$0.00B,100.00%,$0.00B,$-0.02B,-566.67%,$0.00B,$-0.02B,-566.67%,$0.00B,$-0.02B,-533.33%,$0.00B,$-0.02B,-566.67%,$0.00B,$-0.02B,-566.67%,$-0.02B,$0.04B,-35.79%,$-0.02B,$0.03B,-44.16%,$-0.02B,$0.05B,-32.85%,$-0.02B,$0.04B,-35.79%,$0,$0,$0,$3,$2,$5,$-5,$-1,$-7,$0,$-7,$-7,$-7,$-5,$-5,$15,15,$-0.45,$-0.45,$36,$0,$0,$37,$0,$0,$9,$0,$10,$47,$3,$0,$3,$3,$6,$1,$-729,$0,$41,$47,$-7,$0,$2,$2,$0,$0,$0,$0,$-0,$-5,$-0,$0,$0,$7,$0,$7,$0,$7,$0,$0,$0,$1,$1,$0,$0,$1,$3,$1,$0
31,2010-12-31,9.9,$3.00,3.3,$1.05,9.42,$0.65,15.19,$-0.30,0.0,$0.04B,$0.00B,11.82,$0.00B,$0.05B,0.0,$0.02B,$0.02B,100.00%,$0.02B,$-0.01B,-37.50%,$0.02B,$-0.01B,-37.50%,$0.02B,$-0.01B,-31.25%,$0.02B,$-0.01B,-31.25%,$0.02B,$-0.01B,-31.25%,$-0.01B,$0.05B,-9.85%,$-0.01B,$0.04B,-11.98%,$-0.01B,$0.05B,-9.13%,$-0.01B,$0.05B,-11.82%,$0,$0,$0,$4,$2,$6,$-6,$0,$-6,$0,$-6,$-6,$-6,$-5,$-6,$15,15,$-0.40,$-0.35,$41,$0,$0,$41,$0,$0,$9,$0,$10,$51,$3,$0,$2,$2,$5,$1,$-722,$0,$46,$51,$-4,$1,$1,$2,$0,$0,$0,$-0,$1,$-2,$-0,$0,$0,$51,$-66,$-15,$0,$-15,$0,$0,$0,$17,$17,$0,$0,$17,$1,$2,$0
32,2010-09-30,6.85,$3.35,2.05,$1.18,5.82,$0.19,36.55,$-0.15,0.0,$0.05B,$0.00B,17.87,$0.00B,$0.05B,0.0,$0.02B,$0.02B,100.00%,$0.02B,$-0.00B,-16.67%,$0.02B,$-0.00B,-16.67%,$0.02B,$-0.00B,-16.67%,$0.02B,$-0.00B,-11.11%,$0.02B,$-0.00B,-11.11%,$-0.00B,$0.05B,-4.21%,$-0.00B,$0.04B,-5.19%,$-0.00B,$0.05B,-3.92%,$-0.00B,$0.05B,-6.32%,$3,$0,$3,$3,$2,$5,$-2,$0,$-2,$0,$-2,$-2,$-2,$-2,$-2,$15,15,$-0.10,$-0.10,$44,$0,$0,$45,$0,$0,$9,$0,$10,$54,$2,$0,$1,$1,$4,$1,$-717,$0,$51,$54,$1,$1,$1,$1,$0,$0,$0,$-0,$-0,$2,$-0,$0,$0,$-14,$0,$-14,$-0,$-15,$0,$0,$0,$17,$17,$0,$0,$17,$4,$2,$0
33,2010-06-30,6.95,$3.43,2.03,$1.02,6.81,$-0.28,0.0,$-0.35,0.0,$0.05B,$0.00B,25.89,$0.00B,$0.05B,0.0,$0.02B,$0.02B,100.00%,$0.02B,$-0.01B,-31.25%,$0.02B,$-0.01B,-31.25%,$0.02B,$-0.01B,-31.25%,$0.02B,$-0.00B,-25.00%,$0.02B,$-0.00B,-25.00%,$-0.00B,$0.05B,-9.25%,$-0.00B,$0.04B,-11.68%,$-0.00B,$0.06B,-8.51%,$-0.01B,$0.05B,-11.56%,$0,$0,$0,$2,$2,$4,$-4,$2,$-2,$0,$-2,$-2,$-2,$-4,$-4,$15,15,$-0.15,$-0.15,$45,$0,$0,$45,$0,$0,$9,$0,$9,$55,$2,$0,$1,$1,$3,$1,$-715,$0,$52,$55,$3,$0,$0,$1,$0,$0,$0,$-0,$-1,$3,$-0,$0,$0,$-16,$0,$-16,$0,$-16,$0,$0,$0,$17,$17,$0,$0,$17,$4,$1,$0
34,2010-03-31,15.35,$3.92,3.92,$1.02,15.07,$-0.63,0.0,$-0.55,0.0,$0.05B,$0.00B,22.73,$0.00B,$0.05B,0.0,$0.02B,$0.02B,100.00%,$0.02B,$-0.01B,-31.25%,$0.02B,$-0.01B,-31.25%,$0.02B,$-0.01B,-31.25%,$0.02B,$-0.01B,-37.50%,$0.02B,$-0.01B,-37.50%,$-0.01B,$0.05B,-15.38%,$-0.01B,$0.05B,-20.00%,$-0.01B,$0.06B,-14.12%,$-0.01B,$0.05B,-12.82%,$13,$0,$13,$2,$4,$7,$6,$-1,$5,$0,$5,$5,$5,$6,$6,$15,15,$0.35,$0.30,$49,$0,$0,$49,$1,$0,$9,$0,$10,$59,$2,$0,$3,$3,$5,$1,$-713,$-0,$54,$59,$5,$0,$2,$2,$0,$0,$0,$-0,$-0,$7,$0,$0,$0,$-20,$0,$-20,$0,$-20,$0,$0,$0,$17,$17,$0,$0,$17,$4,$1,$0
35,2009-12-31,16.25,$2.46,6.62,$0.64,25.54,$-1.00,0.0,$-0.75,0.0,$0.03B,$0.00B,8.66,$0.00B,$0.03B,0.0,$0.01B,$0.01B,100.00%,$0.01B,$-0.01B,-111.11%,$0.01B,$-0.01B,-111.11%,$0.01B,$-0.01B,-111.11%,$0.01B,$-0.01B,-111.11%,$0.01B,$-0.01B,-111.11%,$-0.01B,$0.03B,-28.37%,$-0.01B,$0.02B,-38.10%,$-0.01B,$0.04B,-26.32%,$-0.01B,$0.03B,-28.37%,$2,$0,$2,$2,$2,$4,$-3,$0,$-3,$0,$-3,$-3,$-3,$-3,$-3,$13,13,$-0.20,$-0.20,$25,$0,$0,$26,$1,$0,$9,$0,$10,$36,$3,$0,$0,$0,$3,$1,$-718,$0,$33,$36,$-10,$1,$2,$3,$-0,$0,$0,$0,$-0,$-8,$-0,$0,$0,$1,$-0,$1,$0,$1,$0,$0,$0,$4,$4,$0,$0,$4,$-3,$2,$0
36,2009-09-30,11.7,$2.59,4.52,$0.75,15.63,$-1.40,0.0,$-0.70,0.0,$0.03B,$0.00B,7.97,$0.00B,$0.03B,0.0,$0.01B,$0.01B,100.00%,$0.01B,$-0.01B,-90.00%,$0.01B,$-0.01B,-90.00%,$0.01B,$-0.01B,-90.00%,$0.01B,$-0.01B,-90.00%,$0.01B,$-0.01B,-90.00%,$-0.01B,$0.03B,-24.83%,$-0.01B,$0.03B,-33.03%,$-0.01B,$0.04B,-23.08%,$-0.01B,$0.03B,-24.83%,$1,$0,$1,$2,$3,$5,$-4,$0,$-4,$0,$-4,$-4,$-4,$-4,$-4,$13,13,$-0.30,$-0.30,$27,$0,$0,$28,$1,$0,$9,$0,$10,$38,$3,$0,$0,$0,$4,$1,$-715,$0,$34,$38,$-7,$1,$1,$2,$-0,$0,$0,$1,$1,$-4,$-0,$0,$0,$-2,$-0,$-2,$0,$-2,$0,$0,$0,$3,$3,$0,$0,$3,$-3,$1,$0
37,2009-06-30,8.0,$2.76,2.9,$0.70,11.47,$-1.95,0.0,$-0.75,0.0,$0.03B,$0.00B,12.53,$0.00B,$0.04B,0.0,$0.01B,$0.01B,100.00%,$0.01B,$-0.01B,-111.11%,$0.01B,$-0.01B,-111.11%,$0.01B,$-0.01B,-111.11%,$0.01B,$-0.01B,-111.11%,$0.01B,$-0.01B,-111.11%,$-0.01B,$0.04B,-26.67%,$-0.01B,$0.03B,-35.09%,$-0.01B,$0.04B,-25.00%,$-0.01B,$0.04B,-26.67%,$0,$0,$0,$2,$2,$4,$-4,$0,$-4,$0,$-4,$-4,$-4,$-4,$-4,$13,13,$-0.35,$-0.35,$27,$0,$0,$27,$1,$0,$9,$0,$10,$37,$2,$0,$0,$0,$2,$1,$-711,$0,$35,$37,$-3,$0,$1,$1,$0,$0,$0,$0,$-0,$-2,$-0,$0,$0,$-2,$0,$-2,$0,$-2,$0,$0,$0,$0,$0,$0,$0,$0,$-4,$1,$0
38,2009-03-31,6.9,$3.01,2.3,$0.94,7.36,$-2.36,0.0,$-0.55,0.0,$0.03B,$0.00B,15.63,$0.00B,$0.04B,0.0,$0.01B,$0.01B,100.00%,$0.01B,$-0.01B,-66.67%,$0.01B,$-0.01B,-66.67%,$0.01B,$-0.01B,-66.67%,$0.01B,$-0.01B,-66.67%,$0.01B,$-0.01B,-66.67%,$-0.01B,$0.04B,-20.25%,$-0.01B,$0.03B,-26.23%,$-0.01B,$0.04B,-18.93%,$-0.01B,$0.04B,-20.25%,$6,$0,$6,$3,$2,$5,$1,$0,$1,$0,$1,$1,$1,$1,$1,$13,14,$0.10,$0.10,$30,$0,$0,$31,$1,$0,$9,$0,$10,$41,$2,$0,$0,$0,$2,$1,$-707,$0,$39,$41,$1,$0,$1,$1,$0,$0,$0,$-0,$-1,$1,$-0,$0,$0,$-2,$0,$-2,$0,$-2,$0,$0,$0,$0,$0,$0,$0,$0,$-0,$1,$0
39,2008-12-31,3.75,$2.92,1.28,$0.66,5.68,$-2.92,0.0,$-0.90,0.0,$0.03B,$0.00B,11.34,$0.00B,$0.04B,0.0,$0.01B,$0.01B,100.00%,$0.01B,$-0.01B,-162.50%,$0.01B,$-0.01B,-162.50%,$0.01B,$-0.01B,-162.50%,$0.01B,$-0.01B,-150.00%,$0.01B,$-0.01B,-150.00%,$-0.01B,$0.04B,-29.45%,$-0.01B,$0.03B,-37.80%,$-0.01B,$0.04B,-27.43%,$-0.01B,$0.04B,-31.90%,$3,$0,$3,$4,$2,$5,$-2,$0,$-2,$0,$-2,$-2,$-2,$-2,$-2,$13,13,$-0.20,$-0.20,$29,$0,$0,$29,$1,$0,$9,$0,$11,$40,$3,$0,$0,$0,$3,$1,$-708,$0,$37,$40,$-12,$1,$2,$3,$0,$0,$0,$-2,$-4,$-12,$-0,$0,$0,$5,$0,$5,$0,$5,$-0,$0,$-0,$0,$0,$0,$0,$-0,$-7,$2,$0
40,2008-09-30,5.75,$3.02,1.91,$1.46,3.93,$-2.69,0.0,$-0.40,0.0,$0.03B,$0.00B,12.0,$0.00B,$0.04B,0.0,$0.02B,$0.02B,100.00%,$0.02B,$-0.01B,-43.75%,$0.02B,$-0.01B,-43.75%,$0.02B,$-0.01B,-43.75%,$0.02B,$-0.01B,-37.50%,$0.02B,$-0.01B,-37.50%,$-0.01B,$0.04B,-13.87%,$-0.01B,$0.03B,-17.52%,$-0.01B,$0.04B,-12.70%,$-0.01B,$0.04B,-16.18%,$0,$0,$0,$3,$2,$5,$-5,$0,$-5,$0,$-5,$-5,$-5,$-5,$-5,$13,13,$-0.35,$-0.35,$30,$0,$0,$30,$2,$0,$9,$0,$11,$42,$3,$0,$0,$0,$3,$1,$-706,$0,$39,$42,$-10,$1,$2,$3,$0,$0,$0,$-2,$-4,$-11,$-0,$0,$0,$-1,$0,$-1,$0,$-1,$-0,$0,$-0,$0,$0,$0,$0,$-0,$-12,$2,$0
41,2008-06-30,7.3,$3.33,2.19,$1.57,4.65,$-2.58,0.0,$-0.35,0.0,$0.03B,$0.00B,13.42,$0.00B,$0.04B,0.0,$0.02B,$0.02B,100.00%,$0.02B,$-0.01B,-35.29%,$0.02B,$-0.01B,-35.29%,$0.02B,$-0.01B,-35.29%,$0.02B,$-0.01B,-29.41%,$0.02B,$-0.01B,-29.41%,$-0.01B,$0.04B,-11.36%,$-0.01B,$0.03B,-14.29%,$-0.01B,$0.05B,-9.95%,$-0.01B,$0.04B,-13.64%,$3,$0,$3,$3,$2,$5,$-2,$0,$-2,$0,$-2,$-2,$-2,$-2,$-2,$13,13,$-0.15,$-0.15,$34,$0,$0,$34,$2,$0,$9,$0,$11,$46,$3,$0,$0,$0,$3,$1,$-701,$0,$43,$46,$-5,$1,$1,$2,$0,$0,$0,$-2,$-4,$-7,$-0,$0,$0,$-1,$0,$-1,$0,$-1,$-0,$0,$-0,$0,$0,$0,$0,$-0,$-8,$1,$0
42,2008-03-31,7.1,$3.50,2.03,$1.45,4.9,$-2.59,0.0,$-0.60,0.0,$0.04B,$0.00B,12.52,$0.00B,$0.04B,0.0,$0.02B,$0.02B,100.00%,$0.02B,$-0.01B,-53.33%,$0.02B,$-0.01B,-53.33%,$0.02B,$-0.01B,-53.33%,$0.02B,$-0.01B,-46.67%,$0.02B,$-0.01B,-46.67%,$-0.01B,$0.04B,-17.18%,$-0.01B,$0.04B,-22.05%,$-0.01B,$0.05B,-14.14%,$-0.01B,$0.04B,-19.63%,$2,$0,$2,$3,$2,$6,$-4,$0,$-3,$0,$-3,$-3,$-3,$-4,$-4,$13,13,$-0.25,$-0.25,$35,$0,$0,$36,$2,$0,$9,$0,$12,$47,$3,$0,$0,$0,$3,$1,$-699,$0,$44,$47,$-3,$0,$1,$1,$0,$0,$0,$-2,$-4,$-6,$-0,$0,$0,$5,$0,$5,$0,$5,$-0,$0,$-0,$0,$0,$0,$0,$-0,$-1,$1,$0
43,2007-12-31,4.9,$3.70,1.32,$1.52,3.22,$-2.47,0.0,$-0.70,0.0,$0.04B,$0.01B,6.34,$0.00B,$0.05B,0.0,$0.02B,$0.02B,100.00%,$0.02B,$-0.01B,-53.33%,$0.02B,$-0.01B,-53.33%,$0.02B,$-0.01B,-46.67%,$0.02B,$-0.01B,-53.33%,$0.02B,$-0.01B,-53.33%,$-0.01B,$0.05B,-21.05%,$-0.01B,$0.04B,-27.59%,$-0.01B,$0.05B,-16.08%,$-0.01B,$0.05B,-20.92%,$11,$0,$11,$5,$2,$8,$4,$0,$4,$0,$4,$4,$4,$4,$4,$11,11,$0.40,$0.40,$41,$0,$0,$42,$3,$0,$9,$0,$12,$54,$7,$0,$0,$0,$7,$1,$-696,$0,$47,$54,$-7,$1,$4,$5,$1,$0,$0,$-9,$-7,$-9,$0,$0,$0,$-6,$-0,$-6,$0,$-6,$-2,$0,$-2,$15,$15,$0,$0,$13,$-1,$3,$0
44,2007-09-30,4.9,$3.30,1.48,$1.10,4.47,$-2.39,0.0,$-1.00,0.0,$0.04B,$0.00B,9.99,$0.00B,$0.04B,0.0,$0.01B,$0.01B,100.00%,$0.01B,$-0.01B,-120.00%,$0.01B,$-0.01B,-120.00%,$0.01B,$-0.01B,-100.00%,$0.01B,$-0.01B,-110.00%,$0.01B,$-0.01B,-110.00%,$-0.01B,$0.04B,-31.21%,$-0.01B,$0.03B,-41.90%,$-0.01B,$0.05B,-22.34%,$-0.01B,$0.04B,-33.57%,$1,$0,$1,$3,$2,$5,$-4,$0,$-4,$0,$-4,$-4,$-4,$-4,$-4,$12,12,$-0.30,$-0.30,$41,$0,$0,$42,$3,$0,$9,$0,$12,$54,$4,$0,$0,$8,$12,$1,$-700,$0,$42,$54,$-11,$1,$3,$4,$1,$0,$0,$-3,$-2,$-9,$0,$0,$0,$-5,$-0,$-5,$0,$-5,$-1,$0,$-1,$15,$15,$0,$0,$13,$-1,$2,$0
45,2007-06-30,5.85,$3.06,1.91,$1.42,4.13,$-2.45,0.0,$-0.85,0.0,$0.03B,$0.01B,6.52,$0.00B,$0.03B,0.0,$0.01B,$0.01B,100.00%,$0.01B,$-0.01B,-76.92%,$0.01B,$-0.01B,-76.92%,$0.01B,$-0.01B,-53.85%,$0.01B,$-0.01B,-69.23%,$0.01B,$-0.01B,-69.23%,$-0.01B,$0.03B,-27.07%,$-0.01B,$0.02B,-37.11%,$-0.01B,$0.04B,-18.37%,$-0.01B,$0.03B,-29.41%,$1,$0,$1,$3,$2,$5,$-4,$0,$-4,$0,$-4,$-4,$-4,$-4,$-4,$10,10,$-0.40,$-0.40,$30,$0,$0,$31,$3,$0,$9,$0,$12,$43,$5,$0,$0,$8,$13,$1,$-696,$0,$30,$43,$-8,$1,$2,$3,$1,$0,$0,$-2,$-1,$-6,$0,$0,$0,$3,$0,$3,$0,$3,$-1,$0,$-1,$0,$0,$0,$0,$-1,$-4,$2,$0
46,2007-03-31,7.6,$3.37,2.25,$1.55,4.89,$-2.06,0.0,$-0.85,0.0,$0.04B,$0.01B,7.35,$0.00B,$0.03B,0.01,$0.02B,$0.02B,100.00%,$0.02B,$-0.01B,-66.67%,$0.02B,$-0.01B,-66.67%,$0.02B,$-0.01B,-46.67%,$0.02B,$-0.01B,-60.00%,$0.02B,$-0.01B,-60.00%,$-0.01B,$0.03B,-26.09%,$-0.01B,$0.02B,-35.29%,$-0.01B,$0.05B,-17.06%,$-0.01B,$0.03B,-28.17%,$2,$0,$2,$3,$3,$6,$-4,$0,$-4,$0,$-4,$-4,$-4,$-3,$-4,$10,10,$-0.35,$-0.35,$33,$0,$0,$35,$4,$0,$9,$0,$13,$48,$5,$0,$0,$10,$14,$1,$-692,$0,$33,$48,$-4,$0,$1,$1,$0,$0,$0,$-1,$-1,$-4,$0,$0,$0,$2,$0,$2,$0,$2,$-1,$0,$-1,$0,$0,$0,$0,$-0,$-2,$1,$0
47,2006-12-31,6.3,$3.64,1.73,$1.52,4.14,$-1.81,0.0,$-0.90,0.0,$0.04B,$0.01B,6.43,$0.00B,$0.04B,0.02,$0.02B,$0.02B,100.00%,$0.02B,$-0.01B,-66.67%,$0.02B,$-0.01B,-66.67%,$0.02B,$-0.01B,-53.33%,$0.02B,$-0.01B,-60.00%,$0.02B,$-0.01B,-60.00%,$-0.01B,$0.04B,-25.35%,$-0.01B,$0.03B,-33.96%,$-0.01B,$0.05B,-16.14%,$-0.01B,$0.04B,-27.21%,$6,$0,$6,$4,$2,$6,$0,$0,$1,$0,$1,$1,$1,$1,$0,$10,10,$0.05,$0.05,$37,$0,$0,$39,$4,$0,$9,$0,$14,$52,$6,$1,$1,$10,$16,$1,$-689,$0,$36,$52,$-9,$1,$4,$6,$-0,$0,$0,$-1,$-3,$-6,$-1,$0,$0,$4,$-0,$4,$0,$3,$-1,$0,$-1,$0,$0,$0,$0,$-1,$-3,$4,$0
