,Date,Stock Price,Book Value per Share,Price to Book Ratio,TTM Sales per Share,Price to Sales Ratio,TTM FCF per Share,Price to FCF Ratio,TTM Net EPS,PE Ratio,Current Assets,Current Liabilities,Current Ratio,Long Term Debt,Shareholder's Equity_x,Debt to Equity Ratio,TTM Revenue_x,TTM Gross Profit,Gross Margin,TTM Revenue_y,TTM Operating Income,Operating Margin,TTM Revenue_x,TTM EBIT,EBIT Margin,TTM Revenue_y,TTM EBITDA,EBITDA Margin,TTM Revenue_x,TTM Pre-Tax Income,Pre-Tax Margin,TTM Revenue_y,TTM Net Income_x,Net Margin,TTM Net Income_y,Shareholder's Equity_y,Return on Equity,TTM Net Income_x,Tangible Equity,Return on Tangible Equity,TTM Net Income_y,Total Assets,Return on Assets,TTM Net Income,LT Investments & Debt,Return on Investment,revenue,cost-goods-sold,gross-profit,research-development-expenses,selling-general-administrative-expenses,operating-expenses,operating-income,total-non-operating-income-expense,pre-tax-income,total-provision-income-taxes,income-after-taxes,income-from-continuous-operations,net-income,ebitda,ebit,basic-shares-outstanding,shares-outstanding,eps-basic-net-earnings-per-share,eps-earnings-per-share-diluted,cash-on-hand,inventory,other-current-assets,total-current-assets,net-property-plant-equipment,long-term-investments,goodwill-intangible-assets-total,other-long-term-assets,total-long-term-assets,total-assets,total-current-liabilities,long-term-debt,other-non-current-liabilities,total-long-term-liabilities,total-liabilities,common-stock-net,retained-earnings-accumulated-deficit,comprehensive-income,total-share-holder-equity,total-liabilities-share-holders-equity,net-income-loss,total-depreciation-amortization-cash-flow,other-non-cash-items,total-non-cash-items,change-in-accounts-receivable,change-in-inventories,change-in-accounts-payable,change-in-assets-liabilities,total-change-in-assets-liabilities,cash-flow-from-operating-activities,net-change-in-property-plant-equipment,net-change-in-intangible-assets,net-acquisitions-divestitures,net-change-in-short-term-investments,net-change-in-long-term-investments,net-change-in-investments-total,investing-activities-other,cash-flow-from-investing-activities,net-long-term-debt,net-current-debt,debt-issuance-retirement-net-total,net-common-equity-issued-repurchased,net-total-equity-issued-repurchased,total-common-preferred-stock-dividends-paid,financial-activities-other,cash-flow-from-financial-activities,net-cash-flow,stock-based-compensation,common-stock-dividends-paid
0,2018-09-30,8.38,$4.92,1.7,$14.79,0.57,$4.55,1.84,$-7.86,0.0,$0.13B,$0.18B,0.73,$1.24B,$0.52B,2.39,$0.31B,$0.31B,100.00%,$0.31B,$0.02B,6.77%,$0.31B,$0.02B,6.77%,$0.31B,$0.18B,57.42%,$0.31B,$-0.13B,-43.23%,$0.31B,$-0.12B,-39.03%,$-0.12B,$0.52B,69.14%,$-0.12B,$0.17B,46.10%,$-0.12B,$2.09B,-9.97%,$0.02B,$1.76B,2.13%,$103,$0,$103,$0,$28,$60,$43,$-41,$2,$5,$-3,$-3,$-3,$82,$43,$105,105,$-0.03,$-0.03,$32,$0,$19,$131,$1594,$0,$350,$1,$1963,$2094,$180,$1243,$5,$1393,$1573,$53,$0,$14,$521,$2094,$-79,$116,$74,$190,$-42,$0,$21,$-1,$-22,$89,$-92,$0,$0,$0,$0,$0,$-8,$-100,$-25,$0,$-25,$0,$0,$0,$7,$-19,$-29,$4,$0
1,2018-06-30,10.51,$-27.21,-0.39,$18.34,0.57,$1.86,5.66,$-9.53,0.0,$0.20B,$0.19B,1.07,$1.15B,$-0.44B,-2.61,$0.27B,$0.27B,100.00%,$0.27B,$-0.01B,-4.01%,$0.27B,$-0.01B,-4.01%,$0.27B,$0.15B,54.74%,$0.27B,$-0.16B,-58.76%,$0.27B,$-0.14B,-52.19%,$-0.14B,$-0.44B,36.93%,$-0.14B,$-0.44B,36.93%,$-0.14B,$0.92B,-15.62%,$-0.01B,$0.71B,-1.50%,$61,$0,$61,$0,$20,$54,$7,$-42,$-34,$-0,$-34,$-34,$-34,$46,$7,$15,15,$-2.22,$-2.22,$158,$0,$4,$202,$699,$0,$0,$1,$719,$921,$189,$1153,$11,$1175,$1364,$8,$-1003,$0,$-442,$921,$-76,$77,$61,$138,$-1,$0,$25,$1,$25,$87,$13,$0,$-2,$0,$0,$0,$0,$11,$0,$0,$0,$0,$0,$0,$-1,$-1,$97,$3,$0
2,2018-03-31,7.31,$-25.37,-0.29,$18.50,0.4,$-6.72,0.0,$-8.76,0.0,$0.21B,$0.17B,1.25,$1.13B,$-0.41B,-2.76,$0.27B,$0.27B,100.00%,$0.27B,$-0.01B,-2.92%,$0.27B,$-0.01B,-2.92%,$0.27B,$0.15B,56.20%,$0.27B,$-0.15B,-54.01%,$0.27B,$-0.13B,-47.45%,$-0.13B,$-0.41B,36.83%,$-0.13B,$-0.41B,36.83%,$-0.13B,$0.91B,-14.28%,$-0.01B,$0.72B,-1.07%,$73,$0,$73,$0,$22,$78,$-5,$-36,$-41,$1,$-42,$-42,$-42,$33,$-5,$15,15,$-2.78,$-2.78,$51,$0,$121,$209,$682,$0,$0,$1,$702,$910,$168,$1131,$10,$1153,$1320,$8,$-969,$0,$-410,$910,$-42,$38,$39,$78,$1,$0,$-16,$0,$-14,$22,$-46,$0,$0,$0,$0,$0,$0,$-46,$15,$0,$15,$0,$0,$0,$-0,$15,$-10,$2,$0
3,2017-12-31,8.46,$-23.94,-0.35,$17.47,0.48,$-7.54,0.0,$-7.59,0.0,$0.30B,$0.17B,1.8,$1.11B,$-0.37B,-3.01,$0.26B,$0.26B,100.00%,$0.26B,$-0.00B,-0.39%,$0.26B,$-0.00B,-0.39%,$0.26B,$0.16B,62.35%,$0.26B,$-0.13B,-50.59%,$0.26B,$-0.11B,-43.53%,$-0.11B,$-0.37B,34.50%,$-0.11B,$-0.37B,34.50%,$-0.11B,$0.93B,-12.34%,$-0.00B,$0.74B,-0.13%,$73,$0,$73,$0,$23,$97,$-24,$-37,$-61,$-19,$-42,$-42,$-42,$17,$-24,$15,15,$-2.88,$-2.88,$61,$0,$203,$303,$608,$0,$0,$1,$628,$930,$168,$1111,$10,$1131,$1300,$8,$0,$-927,$-369,$930,$-111,$159,$64,$223,$-16,$0,$80,$-1,$63,$175,$-179,$0,$0,$0,$0,$0,$0,$-179,$0,$0,$0,$0,$0,$0,$-0,$-0,$-5,$6,$0
4,2017-09-30,6.08,$-21.29,-0.29,$16.54,0.37,$-11.79,0.0,$-9.21,0.0,$0.07B,$0.11B,0.58,$1.09B,$-0.33B,-3.32,$0.23B,$0.23B,100.00%,$0.23B,$0.02B,7.39%,$0.23B,$0.02B,7.39%,$0.23B,$0.18B,76.96%,$0.23B,$-0.12B,-51.74%,$0.23B,$-0.12B,-53.91%,$-0.12B,$-0.33B,41.72%,$-0.12B,$-0.33B,41.72%,$-0.12B,$0.90B,-13.94%,$0.02B,$0.76B,2.22%,$67,$0,$67,$0,$22,$56,$11,$-36,$-25,$-0,$-25,$-25,$-25,$54,$11,$15,15,$-1.67,$-1.67,$25,$0,$6,$65,$833,$0,$0,$1,$834,$900,$112,$1090,$16,$1116,$1228,$8,$-885,$0,$-328,$900,$-69,$118,$25,$143,$-12,$0,$29,$-1,$17,$91,$-131,$0,$0,$0,$0,$0,$0,$-131,$0,$0,$0,$0,$0,$0,$-0,$-0,$-41,$4,$0
5,2017-06-30,7.07,$-19.72,-0.36,$16.12,0.44,$-16.70,0.0,$-9.86,0.0,$0.08B,$0.11B,0.68,$1.07B,$-0.31B,-3.51,$0.21B,$0.14B,64.32%,$0.21B,$-0.09B,-43.66%,$0.21B,$-0.09B,-43.66%,$0.21B,$0.07B,30.99%,$0.21B,$-0.12B,-57.75%,$0.21B,$-0.13B,-59.62%,$-0.13B,$-0.31B,46.99%,$-0.13B,$-0.31B,46.99%,$-0.13B,$0.90B,-14.33%,$-0.09B,$0.77B,-11.97%,$61,$0,$61,$0,$21,$51,$10,$-31,$-21,$1,$-21,$-21,$-21,$50,$10,$15,15,$-1.45,$-1.45,$35,$0,$8,$75,$825,$0,$0,$1,$826,$902,$111,$1070,$16,$1097,$1207,$8,$-860,$0,$-305,$902,$-44,$75,$11,$86,$-10,$0,$24,$-1,$14,$56,$-86,$0,$0,$0,$0,$0,$0,$-86,$0,$0,$0,$0,$0,$0,$-0,$-0,$-31,$3,$0
6,2017-03-31,9.23,$-18.67,-0.49,$15.47,0.6,$-20.08,0.0,$-7.99,0.0,$0.06B,$0.07B,0.78,$1.05B,$-0.29B,-3.68,$0.19B,$0.12B,60.62%,$0.19B,$-0.13B,-65.28%,$0.19B,$-0.13B,-65.28%,$0.19B,$0.03B,16.06%,$0.19B,$-0.10B,-50.26%,$0.19B,$-0.10B,-52.33%,$-0.10B,$-0.29B,41.10%,$-0.10B,$-0.29B,41.10%,$-0.10B,$0.87B,-10.95%,$-0.13B,$0.77B,-15.36%,$54,$0,$54,$0,$22,$51,$2,$-25,$-22,$0,$-23,$-23,$-23,$38,$2,$14,14,$-1.61,$-1.61,$30,$0,$3,$58,$807,$0,$0,$1,$808,$866,$74,$1051,$16,$1077,$1151,$8,$-839,$0,$-285,$866,$-23,$35,$4,$39,$-2,$0,$-11,$0,$-13,$3,$-38,$0,$0,$0,$0,$0,$0,$-38,$0,$0,$0,$0,$0,$0,$-0,$-0,$-35,$1,$0
7,2016-12-31,9.85,$-19.46,-0.51,$15.42,0.64,$-22.09,0.0,$-12.08,0.0,$0.09B,$0.09B,0.98,$1.05B,$-0.27B,-3.85,$0.18B,$0.09B,52.27%,$0.18B,$-0.18B,-104.55%,$0.18B,$-0.18B,-104.55%,$0.18B,$-0.02B,-13.07%,$0.18B,$-0.13B,-72.16%,$0.18B,$-0.14B,-76.70%,$-0.14B,$-0.27B,58.82%,$-0.14B,$-0.27B,58.82%,$-0.14B,$0.89B,-13.82%,$-0.18B,$0.77B,-20.99%,$48,$0,$48,$0,$22,$54,$-6,$-46,$-51,$3,$-55,$-55,$-55,$35,$-6,$12,12,$-3.90,$-3.90,$66,$0,$2,$90,$799,$0,$0,$1,$800,$890,$92,$1045,$16,$1069,$1161,$7,$-816,$0,$-271,$890,$-135,$159,$-32,$127,$-4,$0,$-12,$0,$-16,$-24,$-30,$0,$0,$0,$0,$0,$0,$-30,$-3,$0,$-3,$0,$0,$0,$-11,$-15,$-68,$5,$0
8,2016-09-30,7.64,$-16.44,-0.46,$16.46,0.46,$-31.82,0.0,$-38.85,0.0,$0.08B,$0.06B,1.32,$1.03B,$-0.22B,-4.66,$0.18B,$0.09B,52.00%,$0.18B,$-0.47B,-268.00%,$0.18B,$-0.47B,-268.00%,$0.18B,$-0.29B,-164.57%,$0.18B,$-0.37B,-213.71%,$0.18B,$-0.37B,-210.86%,$-0.37B,$-0.22B,180.44%,$-0.37B,$-0.22B,180.44%,$-0.37B,$0.89B,-35.03%,$-0.47B,$0.81B,-49.23%,$50,$76,$-26,$0,$22,$149,$-99,$69,$-29,$-1,$-28,$-28,$-28,$-57,$-99,$12,12,$-2.32,$-2.32,$27,$0,$31,$77,$808,$0,$0,$1,$809,$886,$58,$1026,$16,$1047,$1106,$7,$-761,$0,$-220,$886,$-80,$119,$-56,$63,$0,$0,$-37,$0,$-37,$-55,$-39,$0,$0,$0,$0,$0,$0,$-39,$-3,$0,$-3,$0,$0,$0,$-10,$-14,$-107,$4,$0
9,2016-06-30,4.2,$-82.87,-0.05,$19.02,0.22,$-35.75,0.0,$-95.58,0.0,$0.13B,$0.09B,1.51,$1.15B,$-0.21B,-5.53,$0.19B,$0.17B,93.01%,$0.19B,$-0.97B,-519.35%,$0.19B,$-0.97B,-519.35%,$0.19B,$-0.75B,-401.08%,$0.19B,$-0.92B,-495.16%,$0.19B,$-0.89B,-476.34%,$-0.89B,$-0.21B,733.75%,$-0.89B,$-0.21B,733.75%,$-0.89B,$1.05B,-72.95%,$-0.97B,$0.94B,-87.44%,$41,$0,$41,$0,$24,$63,$-23,$28,$5,$0,$5,$5,$5,$15,$-23,$12,12,$0.41,$0.41,$67,$0,$45,$131,$915,$0,$0,$1,$916,$1047,$87,$1145,$16,$1168,$1254,$6,$-732,$0,$-207,$1047,$-52,$77,$-48,$29,$0,$0,$-9,$-0,$-9,$-31,$-32,$0,$0,$0,$0,$0,$0,$-32,$-3,$0,$-3,$0,$0,$0,$-0,$-4,$-67,$2,$0
10,2016-03-31,3.83,$-20.72,-0.18,$57.40,0.07,$-124.11,0.0,$-110.65,0.0,$0.15B,$0.07B,2.07,$1.21B,$-0.22B,-5.5,$0.22B,$0.19B,83.78%,$0.22B,$-1.13B,-506.76%,$0.22B,$-1.13B,-506.76%,$0.22B,$-0.85B,-383.33%,$0.22B,$-1.13B,-510.81%,$0.22B,$-1.03B,-462.16%,$-1.03B,$-0.22B,-1074.35%,$-1.03B,$-0.22B,-1074.35%,$-1.03B,$1.09B,-68.22%,$-1.13B,$0.99B,-81.54%,$37,$8,$29,$0,$24,$93,$-56,$4,$-52,$4,$-57,$-57,$-57,$-16,$-56,$10,10,$-5.71,$-5.71,$89,$0,$46,$149,$935,$0,$0,$1,$936,$1085,$72,$1211,$16,$1233,$1305,$27,$-737,$0,$-220,$1085,$-57,$40,$2,$43,$4,$0,$-21,$0,$-17,$-31,$-13,$0,$0,$0,$0,$0,$0,$-13,$0,$0,$0,$0,$0,$0,$-0,$-0,$-45,$1,$0
11,2015-12-31,9.35,$-17.94,-0.52,$60.90,0.15,$-128.34,0.0,$-113.50,0.0,$0.16B,$0.10B,1.63,$1.25B,$-0.17B,-7.3,$0.25B,$0.18B,71.83%,$0.25B,$-1.17B,-462.70%,$0.25B,$-1.17B,-462.70%,$0.25B,$-0.84B,-332.94%,$0.25B,$-1.20B,-476.98%,$0.25B,$-1.05B,-415.87%,$-1.05B,$-0.17B,-300.72%,$-1.05B,$-0.17B,-300.72%,$-1.05B,$1.20B,-56.56%,$-1.17B,$1.08B,-69.47%,$47,$0,$47,$0,$23,$338,$-291,$-8,$-298,$-9,$-289,$-289,$-289,$-230,$-291,$9,9,$27.27,$27.27,$134,$0,$3,$156,$1038,$0,$0,$1,$1040,$1196,$96,$1249,$20,$1271,$1367,$5,$-681,$0,$-171,$1196,$-1047,$326,$759,$1085,$30,$0,$-47,$8,$-8,$30,$-162,$0,$0,$0,$0,$0,$0,$-162,$282,$0,$282,$0,$0,$0,$-19,$264,$132,$8,$0
12,2015-09-30,9.55,$12.08,0.79,$67.88,0.14,$-139.18,0.0,$-88.20,0.0,$0.19B,$0.09B,2.11,$1.30B,$0.12B,11.25,$0.32B,$0.24B,75.16%,$0.32B,$-0.96B,-300.31%,$0.32B,$-0.96B,-300.31%,$0.32B,$-0.59B,-186.48%,$0.32B,$-0.99B,-310.69%,$0.32B,$-0.82B,-257.23%,$-0.82B,$0.12B,-134.37%,$-0.82B,$0.12B,-134.37%,$-0.82B,$1.53B,-38.58%,$-0.96B,$1.41B,-50.48%,$61,$5,$56,$0,$28,$657,$-596,$20,$-576,$-31,$-545,$-545,$-545,$-515,$-596,$9,9,$-59.05,$-59.05,$164,$0,$4,$192,$1315,$0,$0,$22,$1338,$1530,$91,$1297,$15,$1323,$1414,$24,$-392,$0,$115,$1530,$-759,$266,$534,$800,$25,$0,$-51,$7,$-18,$23,$-130,$0,$0,$0,$0,$0,$0,$-130,$287,$0,$287,$0,$0,$0,$-19,$269,$162,$6,$0
13,2015-06-30,16.65,$68.96,0.24,$76.77,0.22,$-146.20,0.0,$-29.35,0.0,$0.27B,$0.11B,2.43,$1.38B,$0.66B,2.1,$0.40B,$0.32B,78.86%,$0.40B,$-0.36B,-89.30%,$0.40B,$-0.36B,-89.30%,$0.40B,$0.02B,5.72%,$0.40B,$-0.41B,-102.99%,$0.40B,$-0.28B,-68.41%,$-0.28B,$0.66B,-33.74%,$-0.28B,$0.66B,-33.74%,$-0.28B,$2.21B,-11.86%,$-0.36B,$2.04B,-17.74%,$77,$23,$54,$0,$32,$259,$-182,$-26,$-208,$-73,$-135,$-135,$-135,$-90,$-182,$2,2,$-73.20,$-73.20,$130,$0,$107,$269,$1912,$0,$0,$25,$1937,$2205,$111,$1379,$15,$1436,$1547,$24,$153,$0,$658,$2205,$-214,$185,$65,$250,$17,$0,$-37,$8,$-13,$24,$-197,$0,$0,$0,$0,$0,$0,$-197,$320,$0,$320,$0,$0,$0,$-19,$301,$128,$4,$0
14,2015-03-31,17.85,$83.20,0.21,$51.43,0.35,$-69.12,0.0,$-14.50,0.0,$0.27B,$0.17B,1.61,$1.39B,$0.79B,1.76,$0.48B,$0.42B,87.11%,$0.48B,$-0.15B,-30.98%,$0.48B,$-0.15B,-30.98%,$0.48B,$0.24B,49.06%,$0.48B,$-0.20B,-42.20%,$0.48B,$-0.14B,-28.69%,$-0.14B,$0.79B,-15.56%,$-0.14B,$0.79B,-15.56%,$-0.14B,$2.48B,-5.89%,$-0.15B,$2.19B,-7.47%,$67,$42,$24,$0,$29,$163,$-97,$-23,$-120,$-42,$-79,$-79,$-79,$-4,$-97,$9,9,$-8.55,$-8.55,$229,$0,$2,$265,$2189,$0,$0,$26,$2215,$2480,$165,$1394,$15,$1523,$1689,$24,$288,$0,$792,$2480,$-79,$93,$7,$100,$15,$0,$16,$8,$39,$60,$-140,$0,$0,$0,$0,$0,$0,$-140,$325,$0,$325,$0,$0,$0,$-18,$307,$227,$2,$0
15,2014-12-31,34.05,$92.86,0.37,$59.38,0.57,$-75.57,0.0,$-5.85,0.0,$0.06B,$0.16B,0.38,$1.06B,$0.87B,1.22,$0.56B,$0.54B,96.58%,$0.56B,$-0.03B,-5.76%,$0.56B,$-0.03B,-5.76%,$0.56B,$0.35B,62.95%,$0.56B,$-0.08B,-14.57%,$0.56B,$-0.06B,-10.43%,$-0.06B,$0.87B,-6.27%,$-0.06B,$0.87B,-6.27%,$-0.06B,$2.27B,-2.54%,$-0.03B,$1.93B,-1.67%,$113,$8,$105,$0,$30,$193,$-80,$-4,$-84,$-26,$-58,$-58,$-59,$16,$-80,$9,9,$-6.30,$-6.30,$2,$0,$10,$61,$2198,$0,$0,$5,$2203,$2265,$162,$1061,$17,$1232,$1394,$23,$366,$0,$870,$2265,$-57,$382,$67,$450,$2,$0,$14,$-7,$8,$401,$-635,$0,$0,$0,$0,$0,$0,$-635,$271,$0,$271,$-8,$-8,$-24,$-6,$233,$-1,$11,$-24
16,2014-09-30,91.6,$98.16,0.93,$58.65,1.56,$-67.72,0.0,$-3.95,0.0,$0.09B,$0.19B,0.47,$1.00B,$0.94B,1.07,$0.55B,$0.52B,94.72%,$0.55B,$0.02B,4.37%,$0.55B,$0.02B,4.37%,$0.55B,$0.39B,71.40%,$0.55B,$-0.05B,-9.65%,$0.55B,$-0.04B,-6.92%,$-0.04B,$0.94B,-4.02%,$-0.04B,$0.94B,-4.02%,$-0.04B,$2.32B,-1.68%,$0.02B,$1.94B,1.28%,$145,$11,$134,$0,$33,$145,$0,$-3,$-2,$-0,$-2,$-2,$-2,$101,$0,$9,9,$-0.20,$-0.20,$6,$0,$7,$86,$2220,$0,$0,$16,$2236,$2322,$185,$1000,$18,$1198,$1383,$24,$431,$0,$940,$2322,$1,$287,$19,$306,$-20,$0,$44,$-2,$22,$329,$-502,$0,$0,$0,$0,$0,$0,$-502,$201,$0,$201,$0,$0,$-18,$-6,$177,$3,$8,$-18
17,2014-06-30,141.13,$98.69,1.43,$55.09,2.56,$-52.53,0.0,$-6.35,0.0,$0.09B,$0.18B,0.5,$0.98B,$0.95B,1.03,$0.52B,$0.50B,95.93%,$0.52B,$0.02B,2.91%,$0.52B,$0.02B,2.91%,$0.52B,$0.37B,71.51%,$0.52B,$-0.09B,-17.05%,$0.52B,$-0.06B,-11.63%,$-0.06B,$0.95B,-6.26%,$-0.06B,$0.95B,-6.26%,$-0.06B,$2.30B,-2.67%,$0.02B,$1.92B,0.83%,$156,$0,$156,$0,$33,$128,$28,$-25,$3,$1,$2,$2,$2,$123,$28,$9,9,$0.20,$0.20,$4,$0,$3,$90,$2193,$0,$0,$17,$2210,$2300,$180,$975,$17,$1176,$1356,$24,$438,$0,$945,$2300,$3,$186,$18,$203,$-29,$0,$29,$-1,$-1,$205,$-362,$0,$0,$0,$0,$0,$0,$-362,$176,$0,$176,$0,$0,$-12,$-6,$158,$1,$5,$-12
18,2014-03-31,111.28,$98.88,1.13,$50.06,2.22,$-38.47,0.0,$6.85,16.25,$0.08B,$0.17B,0.47,$0.95B,$0.95B,1.0,$0.47B,$0.44B,93.38%,$0.47B,$-0.03B,-6.62%,$0.47B,$-0.03B,-6.62%,$0.47B,$0.32B,67.31%,$0.47B,$-0.13B,-26.71%,$0.47B,$0.07B,14.53%,$0.07B,$0.95B,6.94%,$0.07B,$0.95B,6.94%,$0.07B,$2.26B,3.04%,$-0.03B,$1.90B,-1.71%,$142,$0,$142,$0,$33,$122,$20,$-18,$2,$1,$1,$1,$1,$110,$20,$9,9,$0.10,$0.10,$2,$0,$2,$79,$2166,$0,$0,$15,$2182,$2261,$169,$949,$17,$1146,$1315,$24,$443,$0,$946,$2261,$1,$90,$8,$98,$-23,$0,$20,$-0,$-3,$96,$-237,$0,$0,$0,$0,$0,$0,$-237,$150,$0,$150,$0,$0,$-6,$-3,$141,$-1,$2,$-6
19,2013-12-31,88.51,$99.83,0.89,$45.05,1.96,$-19.54,0.0,$3.85,22.99,$0.06B,$0.20B,0.29,$0.80B,$0.95B,0.84,$0.42B,$0.39B,91.92%,$0.42B,$-0.07B,-17.10%,$0.42B,$-0.07B,-17.10%,$0.42B,$0.27B,64.37%,$0.42B,$-0.16B,-38.95%,$0.42B,$0.04B,9.50%,$0.04B,$0.95B,4.13%,$0.04B,$0.95B,4.13%,$0.04B,$2.14B,1.72%,$-0.07B,$1.75B,-3.80%,$106,$18,$88,$0,$31,$130,$-24,$-32,$-56,$-19,$-37,$-37,$-39,$58,$-24,$9,9,$-3.65,$-3.65,$3,$0,$3,$57,$2067,$0,$0,$16,$2082,$2139,$195,$799,$17,$992,$1187,$24,$447,$0,$952,$2139,$41,$343,$-141,$203,$-13,$0,$27,$3,$18,$261,$-422,$0,$0,$13,$0,$13,$722,$313,$-530,$0,$-530,$-9,$-9,$-18,$-19,$-576,$-2,$13,$-18
20,2013-09-30,76.42,$104.04,0.73,$43.46,1.76,$-0.21,0.0,$-0.50,0.0,$0.33B,$0.38B,0.86,$0.69B,$0.99B,0.69,$0.41B,$0.33B,81.53%,$0.41B,$-0.15B,-37.19%,$0.41B,$-0.15B,-37.19%,$0.41B,$0.20B,49.51%,$0.41B,$-0.22B,-55.17%,$0.41B,$0.00B,0.25%,$0.00B,$0.99B,0.10%,$0.00B,$0.99B,0.10%,$0.00B,$2.28B,0.04%,$-0.15B,$1.68B,-7.47%,$112,$3,$109,$0,$30,$121,$-9,$-28,$-37,$-13,$-24,$-24,$-24,$78,$-9,$9,9,$-2.60,$-2.60,$228,$0,$7,$325,$1937,$0,$0,$15,$1952,$2277,$379,$688,$19,$907,$1285,$24,$491,$0,$992,$2277,$79,$261,$-160,$101,$-49,$0,$75,$0,$26,$206,$-237,$0,$0,$0,$0,$0,$723,$486,$-442,$0,$-442,$-9,$-9,$-12,$-4,$-467,$224,$10,$-12
21,2013-06-30,74.9,$106.42,0.7,$41.94,1.79,$12.51,5.99,$-1.20,0.0,$0.34B,$0.12B,2.74,$0.88B,$1.03B,0.86,$0.39B,$0.32B,81.33%,$0.39B,$-0.17B,-43.73%,$0.39B,$-0.17B,-43.73%,$0.39B,$0.19B,47.83%,$0.39B,$-0.24B,-61.13%,$0.39B,$-0.01B,-1.28%,$-0.01B,$1.03B,-0.52%,$-0.01B,$1.03B,-0.52%,$-0.01B,$2.26B,-0.20%,$-0.17B,$1.91B,-7.90%,$108,$10,$98,$0,$30,$126,$-18,$-16,$-34,$-12,$-22,$-22,$130,$69,$-18,$9,9,$13.40,$13.40,$264,$0,$9,$335,$1910,$0,$0,$18,$1928,$2262,$122,$883,$19,$1112,$1234,$24,$521,$0,$1028,$2262,$103,$173,$-159,$14,$-22,$0,$15,$-1,$-9,$108,$-133,$0,$0,$13,$0,$13,$723,$603,$-442,$0,$-442,$0,$0,$-6,$-4,$-452,$259,$6,$-6
22,2013-03-31,76.82,$93.35,0.82,$42.32,1.82,$8.66,8.87,$-13.85,0.0,$0.67B,$0.23B,2.98,$1.34B,$0.90B,1.48,$0.39B,$0.33B,84.01%,$0.39B,$-0.17B,-41.88%,$0.39B,$-0.17B,-41.88%,$0.39B,$0.19B,48.98%,$0.39B,$-0.19B,-48.73%,$0.39B,$-0.13B,-32.49%,$-0.13B,$0.90B,-13.17%,$-0.13B,$0.90B,-13.17%,$-0.13B,$2.62B,-4.87%,$-0.17B,$2.24B,-7.33%,$95,$3,$92,$0,$28,$116,$-21,$-16,$-37,$-12,$-25,$-25,$-27,$66,$-21,$9,9,$-2.90,$-2.90,$45,$0,$8,$674,$1930,$0,$0,$19,$1949,$2623,$226,$1335,$19,$1495,$1721,$24,$397,$0,$902,$2623,$-27,$87,$22,$109,$-19,$0,$35,$-0,$16,$97,$-62,$0,$0,$13,$0,$13,$-53,$-102,$10,$0,$10,$0,$0,$0,$-3,$7,$2,$3,$0
23,2012-12-31,71.48,$96.42,0.74,$44.07,1.62,$3.98,17.98,$-10.80,0.0,$0.08B,$0.14B,0.56,$1.32B,$0.93B,1.42,$0.41B,$0.35B,85.09%,$0.41B,$-0.15B,-35.45%,$0.41B,$-0.15B,-35.45%,$0.41B,$0.20B,49.88%,$0.41B,$-0.15B,-37.41%,$0.41B,$-0.10B,-24.45%,$-0.10B,$0.93B,-9.97%,$-0.10B,$0.93B,-9.97%,$-0.10B,$2.57B,-3.77%,$-0.15B,$2.26B,-6.44%,$91,$59,$32,$0,$28,$194,$-103,$-13,$-116,$-39,$-77,$-77,$-78,$-12,$-103,$9,9,$-8.40,$-8.40,$17,$0,$15,$80,$1959,$0,$0,$20,$2490,$2570,$143,$1324,$19,$1493,$1636,$24,$424,$4,$934,$2570,$-100,$349,$29,$378,$16,$0,$-31,$-1,$-16,$262,$-243,$0,$0,$38,$0,$38,$-178,$-384,$126,$0,$126,$0,$0,$0,$-8,$118,$-4,$14,$0
24,2012-09-30,86.89,$104.99,0.83,$46.73,1.86,$-38.93,0.0,$-6.85,0.0,$0.09B,$0.20B,0.44,$1.24B,$1.01B,1.23,$0.43B,$0.43B,99.54%,$0.43B,$-0.10B,-22.22%,$0.43B,$-0.10B,-22.22%,$0.43B,$0.24B,55.79%,$0.43B,$-0.10B,-22.92%,$0.43B,$-0.06B,-14.58%,$-0.06B,$1.01B,-6.12%,$-0.06B,$1.01B,-6.12%,$-0.06B,$2.66B,-2.36%,$-0.10B,$2.25B,-4.27%,$97,$1,$96,$0,$30,$126,$-29,$-23,$-52,$-8,$-44,$-44,$-30,$64,$-29,$9,9,$-3.30,$-3.30,$18,$0,$18,$88,$2546,$0,$0,$24,$2570,$2658,$200,$1239,$17,$1446,$1647,$24,$495,$15,$1011,$2658,$-22,$258,$-28,$230,$12,$0,$7,$-2,$18,$226,$-139,$0,$0,$0,$0,$0,$-125,$-264,$41,$0,$41,$0,$0,$0,$-8,$33,$-6,$10,$0
25,2012-06-30,77.62,$108.10,0.72,$49.25,1.58,$-72.49,0.0,$-3.40,0.0,$0.09B,$0.18B,0.49,$1.22B,$1.04B,1.18,$0.45B,$0.45B,99.78%,$0.45B,$-0.06B,-12.11%,$0.45B,$-0.06B,-12.11%,$0.45B,$0.27B,59.03%,$0.45B,$-0.04B,-9.25%,$0.45B,$-0.03B,-7.05%,$-0.03B,$1.04B,-3.07%,$-0.03B,$1.04B,-3.07%,$-0.03B,$2.66B,-1.25%,$-0.06B,$2.27B,-2.57%,$111,$0,$111,$0,$31,$122,$-12,$24,$13,$-4,$17,$17,$7,$75,$-12,$9,9,$0.75,$0.75,$19,$0,$25,$86,$2547,$0,$0,$28,$2575,$2661,$177,$1223,$17,$1443,$1620,$24,$521,$22,$1041,$2661,$9,$165,$-32,$133,$18,$0,$-14,$-3,$1,$142,$-202,$0,$0,$38,$0,$38,$0,$-165,$26,$0,$26,$0,$0,$0,$-8,$18,$-5,$7,$0
26,2012-03-31,74.83,$106.76,0.7,$49.56,1.51,$-84.36,0.0,$-3.75,0.0,$0.18B,$0.25B,0.71,$1.21B,$1.03B,1.18,$0.46B,$0.45B,99.78%,$0.46B,$-0.04B,-7.69%,$0.46B,$-0.04B,-7.69%,$0.46B,$0.28B,60.88%,$0.46B,$-0.05B,-10.55%,$0.46B,$-0.04B,-7.69%,$-0.04B,$1.03B,-3.33%,$-0.04B,$1.03B,-3.33%,$-0.04B,$2.71B,-1.44%,$-0.04B,$2.23B,-1.74%,$110,$1,$109,$0,$33,$112,$-1,$3,$2,$0,$1,$1,$1,$77,$-1,$9,9,$0.15,$0.15,$30,$0,$94,$177,$2518,$0,$0,$16,$2534,$2711,$250,$1207,$18,$1433,$1683,$24,$531,$1,$1027,$2711,$1,$78,$0,$78,$5,$0,$48,$0,$54,$133,$-142,$0,$0,$38,$0,$38,$-43,$-146,$10,$0,$10,$0,$0,$0,$-1,$9,$-5,$4,$0
27,2011-12-31,72.33,$107.81,0.67,$47.22,1.53,$-91.44,0.0,$-3.65,0.0,$0.11B,$0.19B,0.6,$1.20B,$1.04B,1.15,$0.43B,$0.42B,97.92%,$0.43B,$-0.04B,-9.70%,$0.43B,$-0.04B,-9.70%,$0.43B,$0.25B,58.66%,$0.43B,$-0.05B,-10.85%,$0.43B,$-0.03B,-7.85%,$-0.03B,$1.04B,-3.19%,$-0.03B,$1.04B,-3.19%,$-0.03B,$2.64B,-1.50%,$-0.04B,$2.24B,-2.24%,$114,$0,$114,$0,$29,$168,$-54,$-9,$-62,$-21,$-41,$-41,$-41,$25,$-54,$9,9,$-4.45,$-4.45,$56,$0,$3,$113,$2510,$0,$0,$17,$2527,$2640,$187,$1197,$16,$1415,$1602,$24,$524,$20,$1038,$2640,$-33,$295,$38,$332,$-10,$0,$-17,$3,$-23,$275,$-651,$0,$0,$53,$0,$53,$-344,$-942,$683,$0,$683,$0,$0,$0,$-10,$673,$7,$15,$0
28,2011-09-30,73.08,$111.57,0.66,$42.75,1.71,$-68.08,0.0,$-1.45,0.0,$0.09B,$0.15B,0.59,$0.75B,$1.06B,0.7,$0.39B,$0.38B,97.70%,$0.39B,$-0.02B,-4.34%,$0.39B,$-0.02B,-4.34%,$0.39B,$0.25B,63.78%,$0.39B,$-0.01B,-2.55%,$0.39B,$-0.01B,-3.57%,$-0.01B,$1.06B,-1.31%,$-0.01B,$1.06B,-1.31%,$-0.01B,$2.20B,-0.67%,$-0.02B,$1.81B,-0.99%,$119,$0,$119,$0,$29,$107,$12,$-7,$5,$3,$1,$1,$1,$91,$12,$9,9,$0.15,$0.15,$36,$0,$4,$90,$2091,$0,$0,$16,$2106,$2196,$153,$747,$10,$980,$1133,$24,$566,$9,$1063,$2196,$8,$216,$-4,$212,$-5,$0,$1,$2,$-2,$218,$-441,$0,$0,$0,$0,$0,$0,$-441,$233,$0,$233,$0,$0,$0,$-7,$226,$3,$11,$0
29,2011-06-30,136.1,$113.05,1.2,$38.51,3.53,$-59.84,0.0,$-2.10,0.0,$0.13B,$0.17B,0.76,$0.69B,$1.08B,0.64,$0.35B,$0.34B,96.88%,$0.35B,$-0.03B,-7.65%,$0.35B,$-0.03B,-7.65%,$0.35B,$0.21B,58.92%,$0.35B,$-0.02B,-5.67%,$0.35B,$-0.02B,-5.67%,$-0.02B,$1.08B,-1.86%,$-0.02B,$1.08B,-1.86%,$-0.02B,$2.17B,-0.98%,$-0.03B,$1.77B,-1.63%,$112,$0,$112,$0,$29,$104,$8,$-2,$7,$3,$4,$4,$4,$84,$8,$9,9,$0.40,$0.40,$66,$0,$13,$130,$2021,$0,$0,$17,$2038,$2168,$172,$692,$10,$919,$1091,$24,$564,$28,$1077,$2168,$6,$137,$-10,$127,$-7,$0,$-1,$-8,$-16,$118,$-287,$0,$0,$0,$0,$0,$0,$-287,$178,$0,$178,$0,$0,$0,$-7,$171,$2,$7,$0
30,2011-03-31,146.26,$113.32,1.29,$36.23,4.04,$-46.69,0.0,$-2.70,0.0,$0.14B,$0.16B,0.87,$0.60B,$1.08B,0.55,$0.33B,$0.32B,96.69%,$0.33B,$-0.04B,-10.54%,$0.33B,$-0.04B,-10.54%,$0.33B,$0.18B,54.82%,$0.33B,$-0.03B,-8.73%,$0.33B,$-0.03B,-7.83%,$-0.03B,$1.08B,-2.43%,$-0.03B,$1.08B,-2.43%,$-0.03B,$2.06B,-1.33%,$-0.04B,$1.68B,-2.19%,$88,$10,$79,$0,$26,$96,$-8,$11,$3,$1,$2,$2,$2,$54,$-8,$9,9,$0.25,$0.25,$85,$0,$6,$141,$1905,$0,$0,$17,$1922,$2063,$162,$597,$9,$822,$984,$24,$560,$38,$1079,$2063,$2,$62,$-8,$54,$-5,$0,$1,$-1,$-6,$51,$-124,$0,$0,$0,$0,$0,$0,$-124,$83,$0,$83,$0,$0,$0,$-7,$76,$2,$3,$0
31,2010-12-31,116.1,$111.99,1.04,$38.30,3.03,$-35.49,0.0,$-2.15,0.0,$0.14B,$0.16B,0.88,$0.51B,$1.07B,0.48,$0.35B,$0.35B,99.14%,$0.35B,$-0.01B,-3.43%,$0.35B,$-0.01B,-3.43%,$0.35B,$0.20B,58.00%,$0.35B,$-0.02B,-6.86%,$0.35B,$-0.02B,-6.00%,$-0.02B,$1.07B,-1.96%,$-0.02B,$1.07B,-1.96%,$-0.02B,$1.96B,-1.10%,$-0.01B,$1.58B,-0.77%,$73,$0,$73,$0,$28,$102,$-29,$4,$-25,$-5,$-21,$-21,$-21,$21,$-29,$9,9,$-2.25,$-2.25,$86,$0,$5,$136,$1816,$0,$0,$12,$1828,$1964,$155,$513,$9,$741,$896,$24,$558,$32,$1069,$1964,$-20,$216,$22,$238,$-4,$0,$50,$48,$93,$312,$-471,$0,$0,$30,$0,$30,$0,$-440,$42,$0,$42,$1,$1,$0,$-3,$40,$-89,$17,$0
32,2010-09-30,106.32,$113.02,0.94,$40.57,2.62,$-37.17,0.0,$-0.65,0.0,$0.11B,$0.11B,1.06,$0.53B,$1.07B,0.49,$0.37B,$0.37B,99.19%,$0.37B,$0.02B,4.07%,$0.37B,$0.02B,4.07%,$0.37B,$0.24B,65.58%,$0.37B,$-0.01B,-2.17%,$0.37B,$-0.01B,-1.90%,$-0.01B,$1.07B,-0.66%,$-0.01B,$1.07B,-0.66%,$-0.01B,$1.94B,-0.37%,$0.02B,$1.60B,0.97%,$80,$1,$78,$0,$30,$78,$2,$-7,$-5,$-0,$-5,$-5,$-5,$49,$2,$9,9,$-0.50,$-0.50,$75,$0,$4,$111,$1818,$0,$0,$8,$1826,$1937,$105,$528,$10,$762,$867,$24,$578,$17,$1070,$1937,$1,$165,$7,$172,$8,$0,$18,$49,$76,$249,$-395,$0,$0,$0,$0,$0,$0,$-395,$57,$0,$57,$1,$1,$0,$2,$60,$-86,$13,$0
33,2010-06-30,131.04,$111.88,1.17,$39.32,3.33,$-36.24,0.0,$-1.55,0.0,$0.15B,$0.11B,1.34,$0.47B,$1.06B,0.44,$0.36B,$0.36B,99.72%,$0.36B,$0.00B,0.28%,$0.36B,$0.00B,0.28%,$0.36B,$0.24B,66.29%,$0.36B,$-0.02B,-5.06%,$0.36B,$-0.02B,-4.21%,$-0.02B,$1.06B,-1.41%,$-0.02B,$1.06B,-1.41%,$-0.02B,$1.87B,-0.82%,$0.00B,$1.53B,0.07%,$91,$0,$91,$0,$32,$91,$0,$-2,$-2,$-0,$-2,$-2,$-2,$58,$0,$9,9,$-0.20,$-0.20,$96,$0,$4,$147,$1715,$0,$0,$8,$1723,$1871,$110,$468,$9,$702,$812,$24,$583,$6,$1059,$1871,$6,$118,$2,$120,$-1,$0,$25,$49,$73,$199,$-247,$0,$0,$0,$0,$0,$0,$-247,$-3,$0,$-3,$1,$1,$0,$2,$-0,$-48,$9,$0
34,2010-03-31,150.33,$114.21,1.32,$36.58,4.11,$-43.20,0.0,$-2.65,0.0,$0.27B,$0.11B,2.53,$0.47B,$1.08B,0.44,$0.33B,$0.33B,99.70%,$0.33B,$-0.01B,-3.64%,$0.33B,$-0.01B,-3.64%,$0.33B,$0.22B,65.45%,$0.33B,$-0.03B,-9.39%,$0.33B,$-0.02B,-7.27%,$-0.02B,$1.08B,-2.26%,$-0.02B,$1.08B,-2.26%,$-0.02B,$1.89B,-1.35%,$-0.01B,$1.55B,-0.82%,$106,$1,$105,$0,$30,$91,$15,$-8,$8,$0,$7,$7,$7,$75,$15,$9,9,$0.80,$0.80,$217,$0,$7,$269,$1611,$0,$0,$9,$1620,$1889,$106,$471,$7,$703,$809,$24,$585,$30,$1079,$1889,$7,$60,$3,$63,$-5,$0,$14,$46,$55,$125,$-95,$0,$0,$0,$0,$0,$0,$-95,$0,$0,$0,$1,$1,$0,$1,$2,$32,$4,$0
35,2009-12-31,191.79,$113.17,1.69,$32.54,5.89,$-53.22,0.0,$-4.05,0.0,$0.27B,$0.10B,2.89,$0.47B,$1.07B,0.44,$0.29B,$0.29B,100.00%,$0.29B,$-0.03B,-11.30%,$0.29B,$-0.03B,-11.30%,$0.29B,$0.18B,62.67%,$0.29B,$-0.05B,-16.10%,$0.29B,$-0.04B,-12.67%,$-0.04B,$1.07B,-3.51%,$-0.04B,$1.07B,-3.51%,$-0.04B,$1.86B,-2.18%,$-0.03B,$1.54B,-2.35%,$92,$1,$92,$0,$38,$94,$-2,$-8,$-9,$-2,$-7,$-7,$-7,$60,$-2,$9,9,$-0.75,$-0.75,$186,$0,$4,$273,$1576,$0,$0,$9,$1586,$1859,$95,$471,$7,$698,$793,$24,$577,$31,$1066,$1859,$-36,$214,$45,$260,$2,$0,$-21,$-28,$-47,$176,$-349,$0,$0,$0,$0,$0,$0,$-349,$261,$0,$261,$2,$2,$0,$-6,$257,$84,$16,$0
36,2009-09-30,189.47,$114.25,1.66,$33.45,5.66,$-16.05,0.0,$-14.05,0.0,$0.17B,$0.09B,1.8,$0.34B,$1.07B,0.32,$0.30B,$0.30B,100.00%,$0.30B,$-0.02B,-5.00%,$0.30B,$-0.02B,-5.00%,$0.30B,$0.19B,63.33%,$0.30B,$-0.19B,-62.00%,$0.30B,$-0.13B,-42.00%,$-0.13B,$1.07B,-11.96%,$-0.13B,$1.07B,-11.96%,$-0.13B,$1.72B,-7.73%,$-0.02B,$1.41B,-1.12%,$67,$0,$67,$0,$25,$79,$-12,$-3,$-15,$-2,$-13,$-13,$-13,$43,$-12,$9,9,$-1.40,$-1.40,$90,$0,$10,$167,$1547,$0,$0,$3,$1549,$1717,$93,$340,$6,$558,$651,$23,$584,$28,$1065,$1717,$-30,$153,$33,$186,$12,$0,$-27,$-23,$-38,$118,$-253,$0,$0,$0,$0,$0,$0,$-253,$130,$0,$130,$1,$1,$0,$1,$132,$-3,$12,$0
37,2009-06-30,156.24,$112.10,1.39,$44.77,3.49,$16.99,9.19,$11.90,13.13,$0.11B,$0.08B,1.31,$0.32B,$1.05B,0.3,$0.40B,$0.40B,99.25%,$0.40B,$0.09B,22.14%,$0.40B,$0.09B,22.14%,$0.40B,$0.29B,70.90%,$0.40B,$-0.08B,-20.65%,$0.40B,$0.11B,27.86%,$0.11B,$1.05B,10.47%,$0.11B,$1.05B,10.47%,$0.11B,$1.63B,6.83%,$0.09B,$1.36B,6.79%,$65,$0,$65,$0,$27,$77,$-13,$-3,$-15,$-4,$-11,$-11,$-11,$38,$-13,$9,9,$-1.30,$-1.30,$40,$0,$26,$105,$1522,$0,$0,$3,$1524,$1629,$80,$315,$6,$504,$584,$23,$597,$-1,$1045,$1629,$-17,$98,$5,$103,$14,$0,$-30,$-1,$-16,$69,$-179,$0,$0,$0,$0,$0,$0,$-179,$105,$0,$105,$1,$1,$0,$1,$107,$-2,$7,$0
38,2009-03-31,140.87,$112.15,1.26,$59.22,2.38,$48.35,2.91,$22.30,6.32,$0.10B,$0.10B,0.99,$0.27B,$1.04B,0.25,$0.53B,$0.53B,99.43%,$0.53B,$0.22B,41.70%,$0.53B,$0.22B,41.70%,$0.53B,$0.41B,77.36%,$0.53B,$0.04B,7.92%,$0.53B,$0.21B,38.87%,$0.21B,$1.04B,19.98%,$0.21B,$1.04B,19.98%,$0.21B,$1.59B,11.22%,$0.22B,$1.31B,16.77%,$68,$0,$68,$0,$27,$74,$-6,$-2,$-8,$-2,$-6,$-6,$-6,$42,$-6,$9,9,$-0.60,$-0.60,$16,$0,$32,$95,$1495,$0,$0,$3,$1498,$1593,$96,$265,$6,$455,$551,$23,$608,$-10,$1042,$1593,$-6,$47,$2,$50,$10,$0,$-14,$0,$-4,$40,$-102,$0,$0,$0,$0,$0,$0,$-102,$55,$0,$55,$0,$0,$0,$1,$56,$-5,$4,$0
39,2008-12-31,223.37,$114.34,1.95,$65.95,3.39,$54.36,4.11,$27.45,8.14,$0.13B,$0.11B,1.14,$0.21B,$1.06B,0.2,$0.59B,$0.58B,98.98%,$0.59B,$0.28B,47.97%,$0.59B,$0.28B,47.97%,$0.59B,$0.47B,78.98%,$0.59B,$0.10B,16.44%,$0.59B,$0.25B,42.88%,$0.25B,$1.06B,26.02%,$0.25B,$1.06B,26.02%,$0.25B,$1.58B,12.38%,$0.28B,$1.27B,20.56%,$100,$0,$100,$0,$33,$84,$16,$-164,$-148,$-51,$-96,$-96,$-96,$67,$16,$9,9,$-10.55,$-10.45,$55,$0,$26,$130,$1445,$0,$0,$3,$1448,$1578,$114,$210,$5,$401,$516,$23,$614,$9,$1062,$1578,$252,$183,$-6,$177,$6,$0,$24,$-10,$21,$451,$-289,$0,$0,$0,$0,$0,$0,$-289,$-470,$0,$-470,$8,$8,$0,$9,$-453,$1,$12,$0
40,2008-09-30,236.6,$122.63,1.93,$76.76,3.08,$-0.65,0.0,$40.60,5.83,$0.38B,$0.28B,1.34,$0.18B,$1.13B,0.16,$0.69B,$0.67B,98.10%,$0.69B,$0.34B,50.00%,$0.69B,$0.34B,50.00%,$0.69B,$0.51B,74.34%,$0.69B,$0.31B,45.19%,$0.69B,$0.37B,54.08%,$0.37B,$1.13B,41.22%,$0.37B,$1.13B,41.22%,$0.37B,$1.76B,16.58%,$0.34B,$1.30B,24.13%,$169,$3,$166,$0,$29,$78,$92,$-4,$88,$33,$55,$55,$225,$138,$92,$9,9,$24.40,$24.25,$300,$0,$16,$379,$1381,$0,$0,$3,$1385,$1764,$282,$175,$8,$353,$635,$23,$710,$-17,$1129,$1764,$348,$132,$-131,$2,$-15,$0,$5,$-9,$-19,$331,$-169,$0,$0,$0,$0,$0,$0,$-169,$-505,$0,$-505,$8,$8,$0,$9,$-488,$113,$9,$0
41,2008-06-30,399.13,$96.94,4.12,$67.29,5.93,$-34.58,0.0,$17.90,22.3,$0.10B,$0.13B,0.78,$0.50B,$0.89B,0.56,$0.60B,$0.59B,98.17%,$0.60B,$0.28B,46.00%,$0.60B,$0.28B,46.00%,$0.60B,$0.43B,71.83%,$0.60B,$0.24B,39.83%,$0.60B,$0.16B,27.00%,$0.16B,$0.89B,20.19%,$0.16B,$0.89B,20.19%,$0.16B,$2.41B,6.95%,$0.28B,$1.39B,19.31%,$193,$0,$193,$0,$30,$75,$119,$-8,$110,$40,$70,$70,$83,$163,$119,$9,9,$9.10,$9.00,$9,$0,$5,$98,$1276,$0,$0,$1036,$2312,$2410,$126,$495,$18,$1392,$1518,$23,$486,$-26,$892,$2410,$124,$86,$7,$93,$-25,$0,$10,$-1,$-16,$201,$-29,$0,$0,$0,$0,$0,$0,$-29,$-185,$0,$-185,$8,$8,$0,$9,$-168,$3,$6,$0
42,2008-03-31,190.51,$88.59,2.15,$55.01,3.46,$-63.75,0.0,$10.85,17.56,$0.14B,$0.13B,1.09,$0.74B,$0.81B,0.91,$0.49B,$0.48B,97.35%,$0.49B,$0.19B,37.76%,$0.49B,$0.19B,37.76%,$0.49B,$0.30B,60.61%,$0.49B,$0.15B,30.41%,$0.49B,$0.10B,19.80%,$0.10B,$0.81B,12.78%,$0.10B,$0.81B,12.78%,$0.10B,$2.42B,4.30%,$0.19B,$1.54B,13.11%,$128,$2,$125,$0,$27,$71,$56,$-10,$47,$17,$29,$29,$41,$98,$56,$9,9,$4.55,$4.50,$16,$0,$13,$141,$2272,$0,$0,$7,$2278,$2420,$130,$736,$58,$1483,$1613,$23,$403,$-11,$807,$2420,$41,$42,$8,$50,$-16,$0,$-21,$-0,$-36,$54,$-61,$0,$0,$0,$0,$0,$0,$-61,$0,$0,$0,$2,$2,$0,$1,$3,$-4,$3,$0
43,2007-12-31,160.73,$84.93,1.89,$57.18,2.81,$-69.17,0.0,$7.70,20.87,$0.06B,$0.08B,0.7,$0.68B,$0.77B,0.88,$0.51B,$0.49B,95.87%,$0.51B,$0.17B,33.46%,$0.51B,$0.17B,33.46%,$0.51B,$0.30B,58.46%,$0.51B,$0.14B,26.57%,$0.51B,$0.07B,13.58%,$0.07B,$0.77B,9.43%,$0.07B,$0.77B,9.43%,$0.07B,$2.35B,3.22%,$0.17B,$1.45B,12.81%,$196,$6,$189,$0,$49,$120,$76,$-11,$65,$29,$36,$22,$22,$111,$76,$9,9,$2.50,$2.40,$6,$0,$4,$58,$1311,$0,$0,$4,$2296,$2354,$83,$680,$8,$1499,$1583,$23,$362,$0,$772,$2354,$69,$126,$14,$140,$-12,$0,$4,$-0,$-7,$202,$-531,$0,$0,$0,$0,$0,$0,$-531,$325,$0,$325,$3,$3,$0,$6,$334,$4,$11,$0
44,2007-09-30,145.79,$83.11,1.75,$49.73,2.93,$-43.01,0.0,$6.25,23.33,$0.11B,$0.13B,0.84,$0.60B,$0.74B,0.81,$0.44B,$0.42B,95.90%,$0.44B,$0.13B,29.38%,$0.44B,$0.13B,29.38%,$0.44B,$0.19B,43.96%,$0.44B,$0.10B,22.10%,$0.44B,$0.06B,12.53%,$0.06B,$0.74B,7.75%,$0.06B,$0.74B,7.75%,$0.06B,$2.14B,2.72%,$0.13B,$1.34B,10.33%,$83,$1,$82,$0,$23,$58,$25,$-8,$17,$7,$10,$10,$16,$59,$25,$9,9,$1.90,$1.85,$17,$0,$17,$111,$2021,$0,$0,$5,$2025,$2136,$133,$597,$60,$1265,$1398,$22,$340,$0,$739,$2136,$47,$92,$13,$105,$-6,$0,$5,$-3,$-3,$149,$-291,$0,$0,$0,$0,$0,$0,$-291,$142,$0,$142,$0,$0,$0,$1,$143,$1,$8,$0
45,2007-06-30,141.68,$80.99,1.75,$55.22,2.57,$-41.99,0.0,$6.35,22.31,$0.16B,$0.17B,0.94,$0.59B,$0.72B,0.83,$0.49B,$0.46B,94.85%,$0.49B,$0.15B,30.72%,$0.49B,$0.15B,30.72%,$0.49B,$0.22B,45.36%,$0.49B,$0.12B,24.74%,$0.49B,$0.06B,11.55%,$0.06B,$0.72B,8.14%,$0.06B,$0.72B,8.14%,$0.06B,$2.12B,2.89%,$0.15B,$1.31B,12.50%,$83,$2,$81,$0,$23,$55,$28,$-8,$20,$7,$13,$13,$18,$29,$28,$9,9,$2.10,$2.05,$49,$0,$20,$159,$1957,$0,$0,$5,$1962,$2122,$170,$594,$60,$1232,$1402,$22,$324,$0,$719,$2122,$31,$58,$10,$68,$-11,$0,$29,$0,$18,$117,$-206,$0,$0,$0,$0,$0,$0,$-206,$114,$0,$114,$0,$0,$0,$1,$115,$26,$5,$0
46,2007-03-31,129.43,$78.60,1.65,$60.11,2.15,$-35.08,0.0,$6.10,21.22,$0.10B,$0.15B,0.7,$0.51B,$0.70B,0.73,$0.53B,$0.50B,94.87%,$0.53B,$0.17B,31.75%,$0.53B,$0.17B,31.75%,$0.53B,$0.27B,51.52%,$0.53B,$0.14B,27.00%,$0.53B,$0.05B,10.27%,$0.05B,$0.70B,8.10%,$0.05B,$0.70B,8.10%,$0.05B,$1.97B,3.22%,$0.17B,$1.21B,15.42%,$146,$11,$135,$0,$37,$105,$41,$-8,$33,$15,$19,$13,$13,$98,$41,$9,9,$1.45,$1.40,$12,$0,$11,$103,$1858,$0,$0,$5,$1863,$1966,$147,$511,$58,$1121,$1268,$22,$306,$0,$698,$1966,$13,$57,$31,$88,$-5,$0,$-16,$-1,$-22,$79,$-134,$0,$0,$0,$0,$0,$0,$-134,$56,$0,$56,$0,$0,$0,$0,$56,$1,$4,$0
47,2006-12-31,146.83,$76.87,1.91,$58.77,2.5,$-29.77,0.0,$8.10,18.13,$0.10B,$0.15B,0.65,$0.46B,$0.68B,0.67,$0.51B,$0.49B,95.90%,$0.51B,$0.19B,36.72%,$0.51B,$0.19B,36.72%,$0.51B,$0.27B,51.95%,$0.51B,$0.17B,33.98%,$0.51B,$0.07B,13.87%,$0.07B,$0.68B,10.99%,$0.07B,$0.68B,10.99%,$0.07B,$1.88B,4.91%,$0.19B,$1.14B,18.89%,$127,$3,$123,$0,$38,$91,$35,$-9,$27,$12,$14,$8,$8,$7,$35,$8,9,$1.00,$0.95,$11,$0,$13,$99,$1774,$0,$0,$6,$1779,$1878,$152,$455,$57,$1044,$1196,$22,$293,$0,$683,$1878,$71,$77,$14,$90,$6,$0,$18,$1,$25,$186,$-281,$0,$0,$0,$0,$0,$-1,$-282,$112,$0,$112,$16,$16,$0,$5,$133,$1,$7,$0
