,Date,Stock Price,Book Value per Share,Price to Book Ratio,TTM Sales per Share,Price to Sales Ratio,TTM FCF per Share,Price to FCF Ratio,TTM Net EPS,PE Ratio,Current Assets,Current Liabilities,Current Ratio,Long Term Debt,Shareholder's Equity_x,Debt to Equity Ratio,TTM Revenue_x,TTM Gross Profit,Gross Margin,TTM Revenue_y,TTM Operating Income,Operating Margin,TTM Revenue_x,TTM EBIT,EBIT Margin,TTM Revenue_y,TTM EBITDA,EBITDA Margin,TTM Revenue_x,TTM Pre-Tax Income,Pre-Tax Margin,TTM Revenue_y,TTM Net Income_x,Net Margin,TTM Net Income_y,Shareholder's Equity_y,Return on Equity,TTM Net Income_x,Tangible Equity,Return on Tangible Equity,TTM Net Income_y,Total Assets,Return on Assets,TTM Net Income,LT Investments & Debt,Return on Investment,revenue,cost-goods-sold,gross-profit,research-development-expenses,selling-general-administrative-expenses,operating-expenses,operating-income,total-non-operating-income-expense,pre-tax-income,total-provision-income-taxes,income-after-taxes,income-from-continuous-operations,net-income,ebitda,ebit,basic-shares-outstanding,shares-outstanding,eps-basic-net-earnings-per-share,eps-earnings-per-share-diluted,cash-on-hand,inventory,other-current-assets,total-current-assets,net-property-plant-equipment,long-term-investments,goodwill-intangible-assets-total,other-long-term-assets,total-long-term-assets,total-assets,total-current-liabilities,long-term-debt,other-non-current-liabilities,total-long-term-liabilities,total-liabilities,common-stock-net,retained-earnings-accumulated-deficit,comprehensive-income,total-share-holder-equity,total-liabilities-share-holders-equity,net-income-loss,total-depreciation-amortization-cash-flow,other-non-cash-items,total-non-cash-items,change-in-accounts-receivable,change-in-inventories,change-in-accounts-payable,change-in-assets-liabilities,total-change-in-assets-liabilities,cash-flow-from-operating-activities,net-change-in-property-plant-equipment,net-change-in-intangible-assets,net-acquisitions-divestitures,net-change-in-short-term-investments,net-change-in-long-term-investments,net-change-in-investments-total,investing-activities-other,cash-flow-from-investing-activities,net-long-term-debt,net-current-debt,debt-issuance-retirement-net-total,net-common-equity-issued-repurchased,net-total-equity-issued-repurchased,total-common-preferred-stock-dividends-paid,financial-activities-other,cash-flow-from-financial-activities,net-cash-flow,stock-based-compensation,common-stock-dividends-paid
0,2018-09-30,134.54,$26.13,5.15,$43.77,3.07,$12.93,10.41,$2.77,48.57,$0.84B,$0.54B,1.55,$1.65B,$1.26B,1.32,$2.14B,$0.78B,36.51%,$2.14B,$0.29B,13.59%,$2.14B,$0.29B,13.59%,$2.14B,$0.45B,20.77%,$2.14B,$0.28B,12.84%,$2.14B,$0.14B,6.40%,$0.14B,$1.26B,11.83%,$0.14B,$-0.08B,320.47%,$0.14B,$3.80B,4.03%,$0.29B,$2.91B,11.27%,$585,$369,$216,$0,$113,$501,$84,$-11,$73,$12,$61,$61,$60,$128,$84,$48,49,$1.25,$1.22,$139,$126,$43,$838,$897,$0,$1337,$700,$2958,$3797,$540,$1653,$185,$2000,$2540,$1,$460,$-159,$1257,$3797,$169,$120,$1,$121,$-30,$-10,$-5,$41,$1,$301,$-71,$0,$-823,$-21,$31,$10,$-0,$-884,$559,$0,$559,$16,$16,$0,$-18,$557,$-24,$36,$0
1,2018-06-30,112.26,$24.69,4.55,$41.50,2.71,$11.16,10.06,$2.63,42.68,$0.89B,$0.52B,1.72,$1.80B,$1.19B,1.52,$2.02B,$0.74B,36.76%,$2.02B,$0.28B,13.90%,$2.02B,$0.28B,13.90%,$2.02B,$0.43B,21.03%,$2.02B,$0.28B,13.61%,$2.02B,$0.13B,6.38%,$0.13B,$1.19B,11.73%,$0.13B,$-0.17B,127.72%,$0.13B,$3.87B,4.07%,$0.28B,$2.98B,11.71%,$585,$369,$216,$0,$121,$509,$77,$-6,$70,$17,$53,$53,$54,$120,$77,$48,49,$1.11,$1.10,$192,$124,$50,$890,$896,$0,$1350,$703,$2976,$3866,$518,$1796,$197,$2163,$2681,$1,$400,$-154,$1185,$3866,$108,$77,$-1,$76,$-19,$-7,$-13,$36,$-6,$184,$-49,$0,$-821,$-11,$30,$19,$-0,$-851,$712,$0,$712,$11,$11,$0,$-18,$705,$29,$24,$0
2,2018-03-31,106.74,$23.85,4.48,$39.27,2.72,$10.52,10.14,$2.65,40.28,$0.84B,$0.41B,2.07,$1.13B,$1.14B,0.99,$1.91B,$0.71B,37.38%,$1.91B,$0.29B,15.01%,$1.91B,$0.29B,15.01%,$1.91B,$0.42B,21.94%,$1.91B,$0.28B,14.80%,$1.91B,$0.13B,6.77%,$0.13B,$1.14B,12.34%,$0.13B,$0.24B,74.89%,$0.13B,$3.00B,4.46%,$0.29B,$2.27B,13.15%,$494,$313,$181,$0,$103,$426,$68,$-5,$63,$10,$53,$53,$53,$101,$68,$48,49,$1.10,$1.08,$188,$119,$53,$843,$789,$0,$902,$441,$2158,$3001,$407,$1130,$205,$1451,$1858,$1,$346,$-124,$1143,$3001,$53,$33,$3,$37,$-4,$-4,$-1,$6,$-34,$60,$-28,$0,$-20,$-5,$29,$23,$-0,$-25,$-21,$0,$-21,$6,$6,$0,$0,$-15,$24,$11,$0
3,2017-12-31,109.45,$22.10,4.95,$38.36,2.85,$10.24,10.69,$2.54,43.09,$0.83B,$0.46B,1.78,$1.11B,$1.05B,1.06,$1.86B,$0.70B,37.80%,$1.86B,$0.29B,15.51%,$1.86B,$0.29B,15.51%,$1.86B,$0.42B,22.56%,$1.86B,$0.30B,15.99%,$1.86B,$0.12B,6.62%,$0.12B,$1.05B,12.56%,$0.12B,$0.18B,98.20%,$0.12B,$2.93B,4.37%,$0.29B,$2.16B,13.59%,$478,$310,$169,$0,$96,$416,$62,$7,$69,$98,$-29,$-29,$-30,$96,$62,$47,49,$-0.62,$-0.63,$164,$115,$81,$827,$782,$0,$873,$426,$2103,$2930,$464,$1114,$195,$1419,$1883,$1,$289,$-145,$1047,$2930,$125,$131,$56,$187,$-48,$-18,$0,$68,$6,$318,$-82,$0,$47,$0,$-37,$-37,$-1,$-73,$-136,$0,$-136,$-68,$-68,$0,$-5,$-208,$46,$44,$0
4,2017-09-30,108.02,$21.65,4.99,$38.24,2.82,$10.84,9.97,$4.10,26.35,$0.78B,$0.42B,1.88,$1.16B,$1.03B,1.13,$1.85B,$0.71B,38.62%,$1.85B,$0.30B,15.98%,$1.85B,$0.30B,15.98%,$1.85B,$0.43B,23.19%,$1.85B,$0.29B,15.82%,$1.85B,$0.20B,10.73%,$0.20B,$1.03B,21.35%,$0.20B,$0.15B,261.39%,$0.20B,$2.87B,7.17%,$0.30B,$2.18B,14.11%,$464,$287,$177,$0,$92,$390,$74,$-1,$73,$20,$53,$53,$52,$108,$74,$47,48,$1.11,$1.08,$124,$107,$86,$782,$767,$0,$871,$414,$2084,$2866,$416,$1156,$167,$1425,$1841,$1,$319,$-183,$1025,$2866,$155,$98,$28,$126,$-43,$-10,$-6,$-19,$-88,$194,$-54,$0,$50,$-42,$7,$-36,$-0,$-40,$-80,$0,$-80,$-72,$-72,$0,$-4,$-155,$6,$33,$0
5,2017-06-30,101.15,$20.31,4.98,$37.51,2.7,$11.46,8.83,$3.81,26.55,$0.74B,$0.42B,1.74,$1.12B,$0.97B,1.16,$1.81B,$0.69B,38.27%,$1.81B,$0.28B,15.49%,$1.81B,$0.28B,15.49%,$1.81B,$0.41B,22.84%,$1.81B,$0.27B,15.04%,$1.81B,$0.18B,10.18%,$0.18B,$0.97B,20.69%,$0.18B,$0.12B,404.40%,$0.18B,$2.77B,6.77%,$0.28B,$2.08B,13.52%,$469,$284,$185,$0,$94,$387,$82,$-5,$77,$22,$55,$55,$54,$113,$82,$48,48,$1.13,$1.12,$116,$105,$68,$738,$759,$0,$846,$400,$2036,$2774,$424,$1116,$164,$1383,$1807,$1,$266,$-208,$966,$2774,$102,$64,$27,$91,$-27,$-8,$-7,$-8,$-60,$134,$-32,$0,$72,$-30,$3,$-26,$-0,$14,$-114,$0,$-114,$-41,$-41,$0,$-0,$-155,$-1,$21,$0
6,2017-03-31,89.95,$18.45,4.87,$36.86,2.44,$11.55,7.79,$3.42,26.3,$0.70B,$0.38B,1.83,$1.17B,$0.88B,1.33,$1.77B,$0.68B,38.18%,$1.77B,$0.26B,14.44%,$1.77B,$0.26B,14.44%,$1.77B,$0.39B,22.00%,$1.77B,$0.25B,14.04%,$1.77B,$0.17B,9.31%,$0.17B,$0.88B,19.26%,$0.17B,$0.05B,1081.97%,$0.17B,$2.70B,6.08%,$0.26B,$2.05B,12.24%,$446,$274,$171,$0,$91,$376,$70,$8,$78,$31,$47,$47,$47,$102,$70,$48,48,$0.98,$0.97,$132,$98,$44,$700,$747,$0,$826,$393,$1997,$2697,$383,$1170,$161,$1435,$1818,$1,$212,$-242,$879,$2697,$47,$32,$21,$53,$-21,$-3,$-6,$-7,$-67,$34,$-16,$0,$72,$-7,$3,$-4,$0,$53,$-45,$0,$-45,$-28,$-28,$0,$-0,$-74,$14,$9,$0
7,2016-12-31,76.19,$17.72,4.3,$35.11,2.17,$11.97,6.37,$3.23,23.59,$0.66B,$0.43B,1.53,$1.21B,$0.84B,1.44,$1.68B,$0.65B,38.47%,$1.68B,$0.24B,14.09%,$1.68B,$0.24B,14.09%,$1.68B,$0.36B,21.64%,$1.68B,$0.22B,13.26%,$1.68B,$0.16B,9.22%,$0.16B,$0.84B,18.61%,$0.16B,$-0.02B,209.46%,$0.16B,$2.71B,6.04%,$0.24B,$2.05B,11.93%,$467,$287,$180,$0,$98,$398,$69,$-5,$64,$18,$45,$45,$45,$105,$69,$47,48,$0.94,$0.93,$118,$96,$45,$657,$756,$0,$862,$409,$2055,$2712,$430,$1208,$159,$1443,$1873,$1,$165,$-254,$839,$2712,$156,$127,$42,$168,$-53,$-4,$22,$12,$-13,$317,$-55,$0,$-648,$0,$7,$7,$4,$-693,$388,$0,$388,$11,$11,$0,$-18,$381,$-0,$44,$0
8,2016-09-30,83.34,$18.44,4.52,$32.80,2.54,$11.62,7.17,$2.97,28.06,$0.66B,$0.41B,1.59,$1.23B,$0.87B,1.41,$1.57B,$0.61B,38.75%,$1.57B,$0.22B,14.02%,$1.57B,$0.22B,14.02%,$1.57B,$0.34B,21.35%,$1.57B,$0.21B,13.32%,$1.57B,$0.14B,9.05%,$0.14B,$0.87B,17.58%,$0.14B,$0.03B,103.27%,$0.14B,$2.69B,5.90%,$0.22B,$2.11B,11.76%,$426,$269,$156,$0,$86,$367,$59,$-6,$53,$16,$38,$38,$38,$93,$59,$47,48,$0.80,$0.79,$106,$99,$53,$655,$767,$0,$841,$405,$2036,$2690,$412,$1233,$97,$1405,$1817,$1,$121,$-166,$873,$2690,$111,$91,$32,$123,$-43,$-4,$17,$-14,$-36,$198,$-30,$0,$-598,$0,$6,$6,$4,$-618,$400,$0,$400,$9,$9,$0,$-5,$405,$-12,$33,$0
9,2016-06-30,82.44,$17.68,4.66,$31.34,2.63,$11.31,7.29,$2.97,27.76,$0.70B,$0.41B,1.7,$1.33B,$0.84B,1.59,$1.49B,$0.59B,39.54%,$1.49B,$0.22B,14.48%,$1.49B,$0.22B,14.48%,$1.49B,$0.32B,21.58%,$1.49B,$0.21B,14.01%,$1.49B,$0.14B,9.45%,$0.14B,$0.84B,18.39%,$0.14B,$-0.00B,106.21%,$0.14B,$2.76B,6.29%,$0.22B,$2.17B,12.49%,$434,$264,$170,$0,$100,$376,$58,$-4,$54,$19,$36,$36,$35,$90,$58,$47,48,$0.75,$0.73,$155,$98,$67,$702,$784,$0,$837,$418,$2061,$2763,$413,$1331,$96,$1513,$1927,$1,$83,$-150,$836,$2763,$73,$57,$20,$77,$-28,$-2,$20,$-3,$-17,$126,$-20,$0,$-579,$0,$-10,$-10,$4,$-605,$507,$0,$507,$8,$8,$0,$-4,$510,$37,$22,$0
10,2016-03-31,75.94,$16.65,4.56,$29.42,2.58,$10.63,7.14,$3.26,23.29,$0.64B,$0.31B,2.06,$0.84B,$0.78B,1.07,$1.40B,$0.55B,39.56%,$1.40B,$0.21B,15.31%,$1.40B,$0.21B,15.31%,$1.40B,$0.31B,22.32%,$1.40B,$0.22B,15.38%,$1.40B,$0.16B,11.09%,$0.16B,$0.78B,21.11%,$0.16B,$0.29B,82.89%,$0.16B,$2.10B,7.66%,$0.21B,$1.63B,13.78%,$355,$214,$141,$0,$83,$303,$51,$0,$52,$14,$38,$38,$37,$76,$51,$47,48,$0.80,$0.78,$157,$97,$62,$637,$664,$0,$497,$279,$1466,$2104,$310,$840,$87,$1009,$1319,$1,$48,$-143,$784,$2104,$38,$25,$22,$47,$-16,$-3,$9,$-12,$-38,$46,$-8,$0,$-0,$0,$-1,$-1,$3,$-6,$0,$0,$0,$0,$0,$0,$-1,$-0,$39,$10,$0
11,2015-12-31,80.39,$15.79,5.09,$28.66,2.8,$9.86,8.16,$3.14,25.6,$0.56B,$0.31B,1.79,$0.85B,$0.74B,1.15,$1.36B,$0.53B,39.03%,$1.36B,$0.21B,15.11%,$1.36B,$0.21B,15.11%,$1.36B,$0.30B,22.16%,$1.36B,$0.20B,14.31%,$1.36B,$0.15B,11.01%,$0.15B,$0.74B,21.27%,$0.15B,$0.23B,93.02%,$0.15B,$2.07B,7.66%,$0.21B,$1.58B,13.71%,$354,$213,$141,$0,$81,$302,$52,$-2,$50,$17,$33,$33,$32,$76,$52,$46,48,$0.69,$0.66,$118,$94,$47,$559,$678,$0,$506,$285,$1509,$2068,$312,$846,$89,$1019,$1331,$1,$11,$-136,$738,$2068,$151,$95,$30,$125,$-17,$3,$1,$32,$28,$307,$-63,$0,$-248,$0,$-14,$-14,$-2,$-328,$75,$0,$75,$-78,$-78,$0,$-4,$-7,$-43,$40,$0
12,2015-09-30,63.52,$15.20,4.18,$28.16,2.26,$8.85,7.18,$3.04,20.89,$0.58B,$0.31B,1.84,$0.84B,$0.71B,1.18,$1.34B,$0.51B,38.16%,$1.34B,$0.20B,14.56%,$1.34B,$0.20B,14.56%,$1.34B,$0.29B,21.88%,$1.34B,$0.19B,13.82%,$1.34B,$0.15B,10.83%,$0.15B,$0.71B,21.02%,$0.15B,$0.01B,77.23%,$0.15B,$2.03B,7.59%,$0.20B,$1.54B,13.35%,$349,$211,$138,$0,$76,$294,$55,$-2,$53,$15,$38,$38,$37,$80,$55,$46,47,$0.81,$0.79,$74,$98,$84,$579,$672,$0,$696,$66,$1454,$2033,$314,$836,$140,$1010,$1324,$1,$-21,$-121,$709,$2033,$119,$71,$14,$85,$-36,$-0,$-1,$-3,$-18,$186,$-35,$0,$-212,$0,$-2,$-2,$-0,$-249,$63,$0,$63,$-81,$-81,$0,$7,$-11,$-86,$30,$0
13,2015-06-30,70.34,$15.07,4.67,$27.75,2.53,$8.26,8.51,$2.93,24.01,$0.63B,$0.28B,2.28,$0.76B,$0.71B,1.07,$1.32B,$0.49B,37.25%,$1.32B,$0.19B,14.11%,$1.32B,$0.19B,14.11%,$1.32B,$0.29B,21.70%,$1.32B,$0.18B,13.35%,$1.32B,$0.14B,10.62%,$0.14B,$0.71B,20.56%,$0.14B,$0.22B,58.64%,$0.14B,$1.89B,7.52%,$0.19B,$1.46B,12.99%,$340,$207,$133,$0,$71,$284,$56,$5,$60,$11,$49,$49,$49,$80,$56,$47,48,$1.04,$1.02,$151,$90,$74,$630,$681,$0,$490,$63,$1256,$1886,$277,$755,$111,$904,$1180,$1,$-59,$-90,$706,$1886,$81,$47,$11,$58,$-25,$-2,$2,$-6,$-41,$98,$-25,$0,$-11,$0,$-4,$-4,$3,$-36,$-7,$0,$-7,$-99,$-99,$0,$43,$-64,$-9,$20,$0
14,2015-03-31,79.29,$14.10,5.62,$27.77,2.86,$8.09,9.8,$2.65,29.92,$0.61B,$0.27B,2.27,$0.76B,$0.67B,1.13,$1.32B,$0.48B,36.69%,$1.32B,$0.18B,13.72%,$1.32B,$0.18B,13.72%,$1.32B,$0.28B,21.38%,$1.32B,$0.17B,12.66%,$1.32B,$0.13B,9.55%,$0.13B,$0.67B,18.72%,$0.13B,$0.19B,53.85%,$0.13B,$1.85B,6.79%,$0.18B,$1.42B,12.65%,$320,$201,$120,$0,$71,$277,$43,$-11,$32,$0,$32,$32,$32,$66,$43,$47,48,$0.67,$0.66,$152,$86,$111,$614,$658,$0,$482,$71,$1233,$1847,$270,$755,$117,$909,$1180,$1,$-107,$-109,$668,$1847,$32,$23,$17,$40,$-18,$0,$3,$-5,$-60,$11,$-11,$0,$-1,$0,$-1,$-1,$1,$-12,$16,$0,$16,$-59,$-59,$0,$44,$2,$-8,$10,$0
15,2014-12-31,63.64,$14.28,4.46,$27.29,2.33,$8.44,7.54,$2.66,23.92,$0.58B,$0.30B,1.97,$0.74B,$0.68B,1.1,$1.30B,$0.47B,36.44%,$1.30B,$0.18B,13.71%,$1.30B,$0.18B,13.71%,$1.30B,$0.28B,21.26%,$1.30B,$0.18B,13.71%,$1.30B,$0.13B,9.71%,$0.13B,$0.68B,18.50%,$0.13B,$0.34B,44.21%,$0.13B,$1.87B,6.97%,$0.18B,$1.42B,12.68%,$330,$210,$120,$0,$72,$289,$41,$-1,$40,$12,$29,$29,$27,$67,$41,$47,48,$0.59,$0.57,$160,$89,$45,$579,$677,$0,$339,$234,$1291,$1871,$295,$741,$100,$900,$1195,$1,$-139,$-74,$676,$1871,$128,$98,$31,$129,$-28,$-3,$5,$8,$-4,$252,$-57,$0,$-234,$0,$-6,$-6,$-1,$-298,$104,$0,$104,$-48,$-48,$0,$5,$61,$4,$31,$0
16,2014-09-30,59.74,$14.41,4.15,$26.32,2.27,$7.83,7.63,$2.49,23.99,$0.61B,$0.28B,2.14,$0.76B,$0.67B,1.12,$1.26B,$0.44B,35.08%,$1.26B,$0.16B,12.89%,$1.26B,$0.16B,12.89%,$1.26B,$0.26B,20.92%,$1.26B,$0.16B,12.81%,$1.26B,$0.12B,9.39%,$0.12B,$0.67B,17.53%,$0.12B,$0.22B,41.70%,$0.12B,$1.84B,6.75%,$0.16B,$1.43B,11.81%,$328,$209,$118,$0,$64,$281,$46,$-2,$44,$12,$32,$32,$32,$73,$46,$46,47,$0.70,$0.68,$131,$93,$107,$606,$671,$0,$457,$84,$1236,$1842,$283,$755,$98,$885,$1169,$1,$-166,$-18,$674,$1842,$101,$72,$18,$89,$-41,$-5,$-2,$-9,$-36,$152,$-30,$0,$-183,$0,$-2,$-2,$-2,$-217,$115,$0,$115,$-122,$-122,$0,$51,$44,$-25,$23,$0
17,2014-06-30,53.52,$14.40,3.72,$25.37,2.11,$7.73,6.93,$2.45,21.84,$0.59B,$0.27B,2.18,$0.78B,$0.68B,1.16,$1.22B,$0.42B,34.64%,$1.22B,$0.16B,12.86%,$1.22B,$0.16B,12.86%,$1.22B,$0.26B,21.13%,$1.22B,$0.16B,13.10%,$1.22B,$0.12B,9.58%,$0.12B,$0.68B,17.48%,$0.12B,$0.20B,37.20%,$0.12B,$1.86B,6.89%,$0.16B,$1.46B,11.76%,$341,$216,$126,$0,$68,$290,$51,$-0,$51,$14,$36,$36,$35,$76,$51,$47,48,$0.75,$0.74,$117,$93,$108,$593,$688,$0,$478,$82,$1271,$1863,$272,$782,$103,$917,$1188,$1,$-198,$14,$675,$1863,$68,$45,$14,$59,$-31,$-3,$4,$-15,$-43,$85,$-21,$0,$-183,$0,$3,$3,$-2,$-202,$140,$0,$140,$-102,$-102,$0,$40,$78,$-39,$15,$0
18,2014-03-31,60.34,$14.45,4.18,$24.21,2.49,$7.65,7.89,$2.27,26.58,$0.59B,$0.24B,2.47,$0.61B,$0.70B,0.88,$1.17B,$0.40B,34.10%,$1.17B,$0.15B,12.70%,$1.17B,$0.15B,12.70%,$1.17B,$0.25B,21.31%,$1.17B,$0.15B,12.45%,$1.17B,$0.11B,9.29%,$0.11B,$0.70B,16.43%,$0.11B,$0.39B,31.28%,$0.11B,$1.65B,6.66%,$0.15B,$1.31B,11.57%,$299,$191,$109,$0,$65,$260,$40,$3,$43,$10,$33,$33,$32,$60,$40,$47,48,$0.68,$0.67,$170,$92,$88,$591,$666,$0,$310,$64,$1061,$1652,$239,$614,$70,$714,$953,$1,$-233,$1,$699,$1652,$32,$20,$15,$36,$-20,$-2,$6,$-8,$-40,$28,$-11,$0,$0,$0,$4,$4,$0,$-7,$-23,$0,$-23,$14,$14,$0,$3,$-6,$14,$7,$0
19,2013-12-31,53.04,$13.54,3.92,$24.01,2.21,$7.78,6.82,$2.13,24.9,$0.55B,$0.25B,2.24,$0.64B,$0.64B,1.0,$1.17B,$0.40B,33.91%,$1.17B,$0.15B,13.05%,$1.17B,$0.15B,13.05%,$1.17B,$0.26B,22.06%,$1.17B,$0.14B,11.93%,$1.17B,$0.10B,8.84%,$0.10B,$0.64B,15.94%,$0.10B,$0.33B,31.35%,$0.10B,$1.63B,6.34%,$0.15B,$1.29B,12.19%,$289,$201,$88,$0,$59,$265,$25,$-2,$23,$4,$20,$20,$19,$54,$25,$48,48,$0.40,$0.39,$156,$89,$87,$553,$676,$0,$315,$62,$1080,$1633,$247,$642,$71,$742,$989,$1,$-265,$5,$644,$1633,$104,$106,$24,$130,$-19,$-2,$-7,$-7,$-25,$209,$-39,$0,$-29,$0,$-6,$-6,$0,$-74,$-12,$0,$-12,$-166,$-166,$0,$93,$-84,$46,$25,$0
20,2013-09-30,46.26,$13.67,3.38,$23.83,1.94,$7.59,6.1,$2.11,21.92,$0.55B,$0.24B,2.33,$0.62B,$0.66B,0.95,$1.16B,$0.40B,34.43%,$1.16B,$0.16B,14.01%,$1.16B,$0.16B,14.01%,$1.16B,$0.26B,22.75%,$1.16B,$0.14B,12.28%,$1.16B,$0.10B,8.82%,$0.10B,$0.66B,16.04%,$0.10B,$0.34B,31.51%,$0.10B,$1.64B,6.32%,$0.16B,$1.28B,13.41%,$292,$192,$100,$0,$55,$251,$41,$2,$43,$11,$31,$31,$31,$68,$41,$48,48,$0.64,$0.64,$130,$87,$105,$548,$691,$0,$317,$57,$1096,$1644,$235,$624,$102,$749,$984,$1,$-285,$-2,$659,$1644,$85,$76,$23,$100,$-23,$1,$-8,$-16,$-40,$147,$-25,$0,$-24,$0,$-5,$-5,$0,$-54,$-34,$0,$-34,$-92,$-92,$0,$58,$-68,$21,$18,$0
21,2013-06-30,41.03,$13.27,3.09,$23.59,1.74,$7.37,5.57,$1.93,21.26,$0.52B,$0.23B,2.3,$0.62B,$0.65B,0.95,$1.14B,$0.39B,34.21%,$1.14B,$0.16B,13.91%,$1.14B,$0.16B,13.91%,$1.14B,$0.26B,22.57%,$1.14B,$0.13B,11.11%,$1.14B,$0.09B,8.14%,$0.09B,$0.65B,14.97%,$0.09B,$0.33B,29.64%,$0.09B,$1.62B,5.83%,$0.16B,$1.27B,13.55%,$293,$190,$103,$0,$55,$250,$43,$-6,$37,$8,$29,$29,$27,$68,$43,$48,49,$0.57,$0.56,$114,$88,$93,$520,$696,$0,$318,$54,$1102,$1622,$226,$620,$105,$745,$971,$1,$-315,$-19,$651,$1622,$53,$49,$18,$67,$-26,$-1,$1,$-10,$-42,$79,$-16,$0,$-24,$0,$0,$0,$0,$-40,$-38,$0,$-38,$9,$9,$0,$-1,$-29,$4,$12,$0
22,2013-03-31,44.27,$12.85,3.45,$23.47,1.89,$7.31,6.06,$2.00,22.14,$0.49B,$0.33B,1.49,$0.52B,$0.63B,0.82,$1.14B,$0.39B,34.54%,$1.14B,$0.17B,14.54%,$1.14B,$0.17B,14.54%,$1.14B,$0.26B,23.26%,$1.14B,$0.13B,11.45%,$1.14B,$0.10B,8.46%,$0.10B,$0.63B,16.01%,$0.10B,$0.31B,31.84%,$0.10B,$1.60B,6.09%,$0.17B,$1.15B,14.54%,$291,$187,$104,$0,$57,$248,$43,$-7,$36,$10,$26,$26,$26,$67,$43,$48,48,$0.54,$0.53,$100,$85,$93,$493,$707,$0,$322,$49,$1111,$1604,$331,$518,$107,$642,$973,$1,$-343,$-14,$631,$1604,$26,$25,$13,$37,$-14,$3,$-5,$-10,$-34,$30,$-6,$0,$-24,$0,$2,$2,$0,$-29,$-22,$0,$-22,$-11,$-11,$0,$27,$-7,$-9,$6,$0
23,2012-12-31,37.47,$12.51,3.0,$23.32,1.61,$7.05,5.32,$2.01,18.64,$0.49B,$0.34B,1.42,$0.53B,$0.60B,0.87,$1.13B,$0.39B,34.69%,$1.13B,$0.17B,14.69%,$1.13B,$0.17B,14.69%,$1.13B,$0.27B,23.45%,$1.13B,$0.13B,11.42%,$1.13B,$0.10B,8.50%,$0.10B,$0.60B,16.53%,$0.10B,$0.31B,33.05%,$0.10B,$1.59B,6.14%,$0.17B,$1.13B,14.38%,$280,$189,$91,$0,$51,$245,$35,$-9,$26,$3,$23,$23,$18,$60,$35,$48,48,$0.39,$0.38,$110,$88,$84,$485,$717,$0,$294,$49,$1101,$1586,$342,$527,$105,$641,$983,$1,$-368,$7,$603,$1586,$98,$99,$32,$130,$-16,$1,$-3,$-7,$-26,$208,$-48,$0,$-17,$0,$7,$7,$3,$-55,$-66,$0,$-66,$-64,$-64,$0,$19,$-111,$41,$22,$0
24,2012-09-30,39.6,$12.38,3.2,$23.21,1.71,$6.81,5.82,$2.18,18.17,$0.46B,$0.33B,1.41,$0.54B,$0.60B,0.91,$1.14B,$0.40B,35.23%,$1.14B,$0.17B,15.16%,$1.14B,$0.17B,15.16%,$1.14B,$0.27B,23.84%,$1.14B,$0.14B,11.92%,$1.14B,$0.11B,9.20%,$0.11B,$0.60B,18.69%,$0.11B,$0.30B,38.60%,$0.11B,$1.57B,6.74%,$0.17B,$1.14B,14.66%,$279,$185,$93,$0,$51,$241,$38,$-9,$28,$6,$22,$22,$22,$63,$38,$48,48,$0.46,$0.46,$83,$94,$65,$458,$725,$0,$297,$41,$1110,$1568,$325,$543,$97,$642,$968,$1,$-387,$16,$600,$1568,$79,$74,$15,$88,$-28,$-2,$-7,$-7,$-31,$144,$-34,$0,$-17,$0,$13,$13,$3,$-35,$-60,$0,$-60,$-34,$-34,$0,$1,$-93,$14,$16,$0
25,2012-06-30,32.76,$11.62,2.82,$22.91,1.43,$6.76,4.84,$2.09,15.67,$0.45B,$0.33B,1.38,$0.55B,$0.57B,0.98,$1.14B,$0.40B,35.26%,$1.14B,$0.17B,15.09%,$1.14B,$0.17B,15.09%,$1.14B,$0.27B,24.04%,$1.14B,$0.13B,11.67%,$1.14B,$0.10B,8.95%,$0.10B,$0.57B,18.65%,$0.10B,$0.28B,39.96%,$0.10B,$1.55B,6.53%,$0.17B,$1.12B,14.22%,$285,$181,$104,$0,$50,$235,$49,$-9,$40,$9,$31,$31,$30,$74,$49,$48,48,$0.63,$0.63,$76,$92,$75,$452,$727,$0,$281,$41,$1095,$1546,$328,$551,$99,$653,$981,$1,$-409,$2,$565,$1546,$57,$49,$15,$64,$-25,$-1,$1,$-5,$-42,$83,$-24,$0,$0,$0,$13,$13,$2,$-9,$-38,$0,$-38,$-31,$-31,$0,$4,$-65,$7,$11,$0
26,2012-03-31,36.09,$11.32,3.19,$22.60,1.6,$6.96,5.18,$2.09,17.27,$0.44B,$0.22B,1.95,$0.68B,$0.56B,1.22,$1.14B,$0.40B,35.35%,$1.14B,$0.18B,15.40%,$1.14B,$0.18B,15.40%,$1.14B,$0.28B,24.50%,$1.14B,$0.14B,11.90%,$1.14B,$0.10B,9.10%,$0.10B,$0.56B,18.79%,$0.10B,$0.27B,41.11%,$0.10B,$1.56B,6.50%,$0.18B,$1.23B,13.96%,$286,$182,$104,$0,$56,$242,$44,$-9,$35,$9,$26,$26,$26,$68,$44,$48,49,$0.55,$0.54,$61,$89,$81,$437,$740,$0,$289,$47,$1118,$1555,$224,$675,$100,$777,$1001,$1,$-439,$13,$555,$1555,$27,$24,$11,$35,$-20,$3,$-2,$-5,$-38,$25,$-14,$0,$0,$0,$10,$10,$1,$-3,$-19,$0,$-19,$-13,$-13,$0,$0,$-31,$-8,$5,$0
27,2011-12-31,27.33,$10.79,2.53,$21.98,1.24,$7.00,3.9,$2.12,12.89,$0.43B,$0.22B,1.96,$0.70B,$0.53B,1.33,$1.14B,$0.40B,35.26%,$1.14B,$0.17B,15.22%,$1.14B,$0.17B,15.22%,$1.14B,$0.28B,24.50%,$1.14B,$0.13B,11.72%,$1.14B,$0.11B,9.54%,$0.11B,$0.53B,19.61%,$0.11B,$0.24B,44.04%,$0.11B,$1.56B,6.61%,$0.17B,$1.23B,13.54%,$291,$190,$101,$0,$46,$249,$42,$-9,$33,$6,$27,$27,$27,$67,$42,$51,51,$0.57,$0.57,$69,$93,$79,$426,$738,$0,$291,$58,$1132,$1558,$217,$703,$108,$814,$1031,$1,$-466,$5,$527,$1558,$110,$105,$25,$130,$8,$4,$2,$-19,$-28,$207,$-49,$0,$0,$0,$7,$7,$5,$-37,$-2,$0,$-2,$-284,$-284,$0,$14,$-272,$-110,$22,$0
28,2011-09-30,28.62,$10.89,2.63,$20.81,1.38,$5.93,4.83,$-4.47,0.0,$0.46B,$0.22B,2.04,$0.72B,$0.54B,1.33,$1.13B,$0.40B,34.92%,$1.13B,$-0.23B,-20.55%,$1.13B,$-0.23B,-20.55%,$1.13B,$0.18B,15.96%,$1.13B,$-0.27B,-23.99%,$1.13B,$-0.26B,-23.10%,$-0.26B,$0.54B,-43.94%,$-0.26B,$0.24B,-93.32%,$-0.26B,$1.59B,-15.48%,$-0.23B,$1.26B,-17.69%,$278,$185,$93,$0,$50,$240,$37,$-13,$25,$6,$19,$19,$19,$65,$37,$50,51,$0.38,$0.37,$81,$94,$78,$456,$729,$0,$306,$57,$1129,$1585,$224,$720,$100,$820,$1044,$1,$-493,$26,$541,$1585,$83,$79,$21,$101,$-8,$7,$0,$-18,$-49,$135,$-22,$0,$0,$0,$8,$8,$2,$-12,$22,$0,$22,$-235,$-235,$0,$-2,$-216,$-98,$17,$0
29,2011-06-30,40.65,$11.48,3.54,$19.64,2.07,$4.87,8.35,$-5.24,0.0,$0.55B,$0.28B,1.98,$0.73B,$0.59B,1.24,$1.13B,$0.39B,34.96%,$1.13B,$-0.26B,-23.43%,$1.13B,$-0.26B,-23.43%,$1.13B,$0.16B,13.75%,$1.13B,$-0.31B,-27.06%,$1.13B,$-0.31B,-27.15%,$-0.31B,$0.59B,-42.47%,$-0.31B,$0.28B,-95.63%,$-0.31B,$1.71B,-16.85%,$-0.26B,$1.32B,-18.38%,$288,$182,$106,$0,$47,$235,$53,$-11,$43,$9,$34,$34,$32,$80,$53,$51,52,$0.63,$0.63,$146,$101,$89,$548,$743,$0,$315,$56,$1157,$1705,$277,$731,$106,$838,$1115,$1,$-512,$39,$591,$1705,$64,$52,$20,$72,$-14,$2,$-0,$-13,$-50,$87,$-13,$0,$0,$0,$5,$5,$1,$-8,$69,$0,$69,$-178,$-178,$0,$-0,$-110,$-33,$11,$0
30,2011-03-31,38.38,$10.94,3.51,$18.45,2.08,$4.46,8.61,$-5.65,0.0,$0.56B,$0.31B,1.82,$0.76B,$0.56B,1.35,$1.13B,$0.39B,34.49%,$1.13B,$-0.29B,-25.44%,$1.13B,$-0.29B,-25.44%,$1.13B,$0.14B,11.97%,$1.13B,$-0.33B,-28.90%,$1.13B,$-0.32B,-28.72%,$-0.32B,$0.56B,-35.17%,$-0.32B,$0.24B,-73.89%,$-0.32B,$1.75B,-16.80%,$-0.29B,$1.33B,-18.44%,$286,$183,$103,$0,$55,$244,$42,$-10,$33,$-3,$35,$35,$31,$68,$42,$54,55,$0.58,$0.57,$159,$98,$89,$561,$754,$0,$321,$65,$1184,$1745,$308,$761,$111,$872,$1180,$1,$-544,$42,$564,$1745,$31,$26,$13,$39,$-17,$4,$2,$-11,$-49,$21,$-7,$0,$0,$0,$-6,$-6,$0,$-13,$141,$0,$141,$-174,$-174,$0,$4,$-29,$-20,$6,$0
31,2010-12-31,35.54,$12.20,2.91,$17.65,2.01,$4.47,7.94,$-5.96,0.0,$0.55B,$0.26B,2.13,$0.67B,$0.69B,0.97,$1.13B,$0.39B,33.95%,$1.13B,$-0.30B,-26.37%,$1.13B,$-0.30B,-26.37%,$1.13B,$0.12B,10.67%,$1.13B,$-0.34B,-29.54%,$1.13B,$-0.34B,-29.81%,$-0.34B,$0.69B,-30.01%,$-0.34B,$0.37B,-60.41%,$-0.34B,$1.73B,-16.57%,$-0.30B,$1.36B,-17.79%,$282,$187,$94,$0,$57,$647,$-365,$-8,$-373,$-31,$-342,$-342,$-344,$-32,$-365,$63,63,$-5.47,$-5.46,$179,$100,$77,$553,$753,$0,$320,$62,$1180,$1733,$260,$670,$115,$785,$1045,$1,$-575,$34,$689,$1733,$-342,$418,$83,$501,$-6,$2,$0,$-12,$8,$168,$-43,$0,$0,$0,$45,$45,$1,$3,$198,$0,$198,$-352,$-352,$0,$-14,$-168,$-3,$26,$0
32,2010-09-30,33.15,$17.99,1.84,$17.18,1.93,$4.54,7.31,$0.35,94.71,$0.53B,$0.24B,2.22,$0.70B,$1.04B,0.68,$1.12B,$0.39B,34.50%,$1.12B,$0.10B,9.05%,$1.12B,$0.10B,9.05%,$1.12B,$0.22B,19.89%,$1.12B,$0.07B,6.00%,$1.12B,$0.02B,2.15%,$0.02B,$1.04B,1.85%,$0.02B,$0.39B,3.72%,$0.02B,$2.08B,1.11%,$0.10B,$1.74B,5.62%,$271,$180,$91,$0,$48,$264,$6,$-14,$-8,$17,$-24,$-24,$-25,$39,$6,$63,63,$-0.40,$-0.40,$137,$101,$72,$527,$839,$0,$645,$65,$1553,$2080,$237,$701,$104,$805,$1042,$1,$-232,$36,$1038,$2080,$6,$86,$24,$109,$-23,$2,$3,$-22,$-18,$101,$-27,$0,$0,$0,$41,$41,$1,$15,$213,$0,$213,$-353,$-353,$0,$-13,$-154,$-45,$21,$0
33,2010-06-30,34.21,$21.04,1.63,$17.40,1.97,$4.76,7.19,$1.32,25.92,$0.61B,$0.25B,2.47,$0.41B,$1.39B,0.29,$1.14B,$0.40B,35.11%,$1.14B,$0.14B,12.17%,$1.14B,$0.14B,12.17%,$1.14B,$0.25B,22.07%,$1.14B,$0.12B,10.07%,$1.14B,$0.09B,7.53%,$0.09B,$1.39B,6.25%,$0.09B,$0.75B,12.02%,$0.09B,$2.16B,3.94%,$0.14B,$1.80B,7.65%,$289,$188,$101,$0,$65,$259,$30,$-8,$22,$7,$15,$15,$14,$60,$30,$65,66,$0.22,$0.22,$219,$97,$74,$608,$838,$0,$645,$53,$1549,$2157,$246,$409,$107,$517,$763,$1,$-207,$20,$1394,$2157,$31,$54,$16,$70,$-30,$4,$0,$-15,$-21,$84,$-18,$0,$0,$0,$38,$38,$0,$21,$-62,$0,$-62,$-3,$-3,$0,$2,$-63,$37,$15,$0
34,2010-03-31,39.31,$20.91,1.88,$17.74,2.22,$4.71,8.35,$1.62,24.27,$0.61B,$0.25B,2.48,$0.44B,$1.38B,0.32,$1.16B,$0.41B,35.66%,$1.16B,$0.16B,13.78%,$1.16B,$0.16B,13.78%,$1.16B,$0.27B,22.91%,$1.16B,$0.14B,12.06%,$1.16B,$0.11B,9.13%,$0.11B,$1.38B,7.87%,$0.11B,$0.73B,15.34%,$0.11B,$2.19B,4.85%,$0.16B,$1.82B,8.85%,$292,$193,$99,$0,$62,$262,$30,$-6,$24,$7,$17,$17,$17,$54,$30,$65,66,$0.27,$0.26,$222,$98,$74,$614,$848,$0,$657,$54,$1573,$2187,$247,$438,$118,$556,$803,$1,$-221,$33,$1384,$2187,$17,$24,$8,$32,$-28,$4,$5,$-8,$-26,$28,$-9,$0,$0,$0,$43,$43,$0,$34,$-22,$0,$-22,$-3,$-3,$0,$1,$-23,$40,$7,$0
35,2009-12-31,33.69,$20.85,1.62,$17.87,1.89,$4.61,7.3,$1.74,19.36,$0.60B,$0.25B,2.39,$0.46B,$1.37B,0.33,$1.17B,$0.42B,36.12%,$1.17B,$0.17B,14.52%,$1.17B,$0.17B,14.52%,$1.17B,$0.27B,23.40%,$1.17B,$0.15B,12.89%,$1.17B,$0.11B,9.74%,$0.11B,$1.37B,8.73%,$0.11B,$0.71B,17.06%,$0.11B,$2.20B,5.28%,$0.17B,$1.83B,9.57%,$264,$171,$94,$0,$55,$230,$35,$-6,$29,$10,$19,$19,$18,$69,$35,$65,66,$0.26,$0.27,$183,$103,$112,$596,$864,$0,$662,$53,$1608,$2204,$250,$457,$122,$580,$830,$1,$-238,$45,$1374,$2204,$113,$104,$42,$146,$21,$-4,$-11,$-18,$-44,$216,$-80,$0,$-83,$0,$-49,$-49,$3,$-209,$-36,$0,$-36,$-45,$-45,$0,$0,$-81,$-61,$24,$0
36,2009-09-30,36.98,$20.48,1.81,$17.75,2.08,$3.69,10.03,$-8.44,0.0,$0.57B,$0.25B,2.23,$0.46B,$1.35B,0.34,$1.17B,$0.43B,36.67%,$1.17B,$-0.52B,-44.27%,$1.17B,$-0.52B,-44.27%,$1.17B,$0.28B,24.27%,$1.17B,$-0.54B,-46.07%,$1.17B,$-0.57B,-48.46%,$-0.57B,$1.35B,-44.54%,$-0.57B,$0.67B,-86.93%,$-0.57B,$2.19B,-26.45%,$-0.52B,$1.81B,-29.62%,$297,$191,$107,$0,$54,$253,$44,$-4,$40,$7,$34,$34,$37,$69,$44,$65,65,$0.57,$0.57,$192,$100,$61,$566,$864,$0,$675,$53,$1625,$2192,$254,$464,$125,$588,$842,$1,$-256,$44,$1349,$2192,$96,$70,$24,$94,$6,$-2,$-6,$-26,$-48,$155,$-64,$0,$-84,$0,$-4,$-4,$3,$-147,$-28,$0,$-28,$-46,$-46,$0,$1,$-73,$-51,$18,$0
37,2009-06-30,33.75,$19.47,1.73,$18.03,1.87,$2.93,11.54,$-8.38,0.0,$0.57B,$0.27B,2.11,$0.49B,$1.28B,0.38,$1.22B,$0.45B,37.20%,$1.22B,$-0.49B,-40.66%,$1.22B,$-0.49B,-40.66%,$1.22B,$0.31B,25.19%,$1.22B,$-0.52B,-42.47%,$1.22B,$-0.56B,-46.01%,$-0.56B,$1.28B,-39.30%,$-0.56B,$0.65B,-86.83%,$-0.56B,$2.15B,-24.09%,$-0.49B,$1.77B,-26.58%,$308,$194,$114,$0,$57,$257,$51,$-3,$47,$14,$34,$34,$34,$74,$51,$65,65,$0.53,$0.52,$155,$96,$109,$570,$858,$0,$632,$61,$1584,$2154,$270,$486,$115,$601,$871,$1,$-293,$20,$1283,$2154,$59,$45,$23,$68,$4,$1,$-5,$-16,$-27,$107,$-45,$0,$-51,$0,$-54,$-54,$2,$-149,$1,$0,$1,$-45,$-45,$0,$0,$-44,$-89,$12,$0
38,2009-03-31,27.21,$18.35,1.48,$18.31,1.49,$2.27,11.97,$-8.19,0.0,$0.58B,$0.28B,2.08,$0.47B,$1.22B,0.39,$1.26B,$0.48B,37.81%,$1.26B,$-0.48B,-37.81%,$1.26B,$-0.48B,-37.81%,$1.26B,$0.32B,25.73%,$1.26B,$-0.50B,-39.48%,$1.26B,$-0.54B,-43.21%,$-0.54B,$1.22B,-34.25%,$-0.54B,$0.64B,-83.31%,$-0.54B,$2.09B,-21.72%,$-0.48B,$1.69B,-24.03%,$302,$193,$108,$0,$62,$262,$40,$-5,$35,$10,$25,$25,$25,$62,$40,$66,66,$0.39,$0.38,$170,$98,$103,$582,$835,$0,$582,$51,$1506,$2088,$280,$474,$116,$590,$870,$1,$-328,$-19,$1218,$2088,$25,$22,$14,$36,$-6,$-2,$-3,$-2,$-28,$37,$-25,$0,$0,$0,$-38,$-38,$0,$-62,$-9,$0,$-9,$-30,$-30,$0,$0,$-38,$-73,$6,$0
39,2008-12-31,26.2,$18.52,1.41,$18.53,1.41,$1.95,13.42,$-7.93,0.0,$0.62B,$0.30B,2.05,$0.48B,$1.24B,0.39,$1.30B,$0.50B,38.46%,$1.30B,$-0.45B,-34.98%,$1.30B,$-0.45B,-34.98%,$1.30B,$0.35B,26.87%,$1.30B,$-0.47B,-36.45%,$1.30B,$-0.53B,-40.54%,$-0.53B,$1.24B,-29.81%,$-0.53B,$0.65B,-80.12%,$-0.53B,$2.14B,-19.49%,$-0.45B,$1.72B,-21.03%,$263,$163,$100,$0,$49,$916,$-653,$-8,$-661,$6,$-667,$-667,$-663,$79,$-653,$67,67,$-9.86,$-9.77,$244,$97,$67,$618,$837,$0,$594,$55,$1523,$2141,$301,$480,$119,$599,$900,$1,$-353,$3,$1242,$2141,$-525,$800,$28,$828,$-11,$-10,$8,$-29,$-33,$276,$-199,$0,$-69,$0,$39,$39,$0,$-229,$65,$0,$65,$-87,$-87,$0,$4,$-18,$18,$24,$0
40,2008-09-30,55.53,$28.71,1.93,$19.24,2.89,$1.70,32.63,$2.50,22.21,$0.62B,$0.51B,1.21,$0.30B,$1.95B,0.16,$1.35B,$0.52B,38.22%,$1.35B,$0.25B,18.67%,$1.35B,$0.25B,18.67%,$1.35B,$0.34B,25.48%,$1.35B,$0.23B,17.33%,$1.35B,$0.17B,12.67%,$0.17B,$1.95B,8.93%,$0.17B,$0.64B,26.68%,$0.17B,$2.90B,5.98%,$0.25B,$2.25B,10.91%,$342,$212,$130,$0,$54,$274,$68,$-5,$63,$18,$45,$45,$45,$91,$68,$67,71,$0.68,$0.64,$213,$94,$75,$619,$845,$0,$1307,$59,$2278,$2897,$513,$304,$133,$437,$950,$1,$318,$71,$1947,$2897,$138,$68,$21,$89,$-24,$-6,$1,$-13,$-46,$198,$-152,$0,$-62,$0,$37,$37,$-0,$-177,$32,$0,$32,$-62,$-62,$0,$4,$-26,$-13,$18,$0
41,2008-06-30,63.92,$28.68,2.23,$18.96,3.37,$1.55,41.17,$2.49,25.67,$0.68B,$0.50B,1.35,$0.31B,$1.95B,0.16,$1.32B,$0.51B,38.58%,$1.32B,$0.25B,18.76%,$1.32B,$0.25B,18.76%,$1.32B,$0.34B,25.64%,$1.32B,$0.23B,17.47%,$1.32B,$0.17B,12.78%,$0.17B,$1.95B,8.99%,$0.17B,$0.69B,27.60%,$0.17B,$2.89B,5.99%,$0.25B,$2.26B,10.68%,$352,$214,$138,$0,$61,$283,$69,$-3,$66,$17,$49,$49,$49,$92,$69,$67,70,$0.73,$0.70,$262,$94,$80,$677,$827,$0,$1257,$60,$2214,$2891,$501,$312,$129,$444,$945,$1,$273,$101,$1946,$2891,$93,$45,$11,$56,$-23,$-4,$6,$-13,$-31,$127,$-106,$0,$-3,$0,$37,$37,$1,$-71,$12,$0,$12,$-41,$-41,$0,$2,$-27,$37,$13,$0
42,2008-03-31,58.94,$27.99,2.11,$18.44,3.2,$1.34,44.03,$2.33,25.3,$0.65B,$0.30B,2.13,$0.48B,$1.91B,0.25,$1.28B,$0.49B,38.61%,$1.28B,$0.24B,18.48%,$1.28B,$0.24B,18.48%,$1.28B,$0.33B,25.45%,$1.28B,$0.22B,17.07%,$1.28B,$0.16B,12.37%,$0.16B,$1.91B,8.66%,$0.16B,$0.65B,28.56%,$0.16B,$2.85B,5.72%,$0.24B,$2.39B,10.18%,$338,$207,$130,$0,$59,$274,$63,$-3,$60,$16,$44,$44,$44,$86,$63,$68,71,$0.65,$0.63,$240,$91,$75,$646,$788,$0,$1265,$57,$2199,$2845,$303,$476,$152,$632,$935,$1,$223,$98,$1910,$2845,$44,$22,$8,$30,$-22,$-1,$-3,$-1,$-46,$31,$-41,$0,$-3,$0,$34,$34,$0,$-10,$0,$0,$0,$-16,$-16,$0,$2,$-14,$14,$6,$0
43,2007-12-31,65.8,$27.31,2.41,$17.96,3.66,$1.49,44.23,$2.23,29.51,$0.61B,$0.30B,2.01,$0.49B,$1.86B,0.26,$1.23B,$0.48B,38.94%,$1.23B,$0.23B,18.54%,$1.23B,$0.23B,18.54%,$1.23B,$0.31B,25.53%,$1.23B,$0.21B,17.15%,$1.23B,$0.15B,12.28%,$0.15B,$1.86B,8.59%,$0.15B,$0.59B,31.28%,$0.15B,$2.81B,5.61%,$0.23B,$2.35B,10.07%,$318,$200,$118,$0,$57,$266,$52,$-7,$45,$9,$35,$36,$33,$75,$52,$67,69,$0.49,$0.48,$225,$88,$79,$608,$749,$0,$1269,$86,$2198,$2806,$303,$485,$154,$643,$945,$1,$178,$86,$1860,$2806,$151,$86,$36,$122,$-0,$-13,$2,$17,$19,$292,$-231,$0,$-12,$0,$35,$35,$3,$-205,$-65,$0,$-65,$12,$12,$0,$6,$-46,$50,$26,$0
44,2007-09-30,56.15,$26.52,2.12,$17.22,3.26,$0.51,109.24,$2.23,25.18,$0.56B,$0.29B,1.91,$0.49B,$1.80B,0.27,$1.18B,$0.46B,39.10%,$1.18B,$0.22B,18.67%,$1.18B,$0.22B,18.67%,$1.18B,$0.30B,25.68%,$1.18B,$0.21B,17.74%,$1.18B,$0.15B,12.92%,$0.15B,$1.80B,9.04%,$0.15B,$0.53B,36.96%,$0.15B,$2.74B,5.81%,$0.22B,$2.30B,9.99%,$314,$190,$124,$0,$52,$250,$64,$-3,$60,$17,$44,$44,$43,$86,$64,$67,69,$0.64,$0.62,$183,$80,$58,$555,$688,$0,$1277,$119,$2180,$2736,$290,$494,$146,$643,$934,$1,$141,$71,$1802,$2736,$117,$63,$21,$84,$-20,$-6,$-7,$-5,$-34,$171,$-138,$0,$-12,$0,$13,$13,$3,$-133,$-57,$0,$-57,$13,$13,$0,$3,$-41,$8,$20,$0
45,2007-06-30,51.62,$25.44,2.03,$16.57,3.12,$0.07,749.2,$1.37,37.68,$0.53B,$0.27B,1.96,$0.51B,$1.73B,0.3,$1.14B,$0.44B,38.85%,$1.14B,$0.21B,18.41%,$1.14B,$0.21B,18.41%,$1.14B,$0.29B,25.64%,$1.14B,$0.20B,17.44%,$1.14B,$0.09B,8.19%,$0.09B,$1.73B,5.70%,$0.09B,$0.45B,25.98%,$0.09B,$2.66B,3.61%,$0.21B,$2.24B,9.63%,$307,$186,$121,$0,$56,$251,$57,$-4,$53,$15,$38,$38,$38,$78,$57,$67,69,$0.57,$0.55,$162,$77,$59,$528,$622,$0,$1278,$136,$2137,$2664,$270,$512,$149,$665,$934,$1,$98,$42,$1730,$2664,$75,$41,$13,$54,$-21,$-4,$-0,$-22,$-42,$93,$-87,$0,$-11,$0,$6,$6,$0,$-93,$-38,$0,$-38,$22,$22,$-1,$3,$-15,$-13,$13,$-1
46,2007-03-31,46.26,$24.42,1.89,$15.81,2.93,$0.03,1652.14,$1.18,39.2,$0.48B,$0.25B,1.96,$0.53B,$1.64B,0.32,$1.10B,$0.43B,38.96%,$1.10B,$0.20B,18.25%,$1.10B,$0.20B,18.25%,$1.10B,$0.28B,25.73%,$1.10B,$0.19B,17.15%,$1.10B,$0.08B,7.39%,$0.08B,$1.64B,5.04%,$0.08B,$0.36B,23.84%,$0.08B,$2.57B,3.16%,$0.20B,$2.17B,9.24%,$291,$176,$116,$0,$53,$236,$55,$-2,$53,$15,$37,$37,$37,$75,$55,$66,68,$0.55,$0.54,$137,$76,$54,$482,$566,$0,$1279,$142,$2086,$2568,$246,$528,$150,$680,$926,$1,$60,$26,$1642,$2568,$37,$20,$6,$26,$-6,$-3,$8,$-13,$-25,$39,$-38,$0,$-11,$0,$-7,$-7,$0,$-56,$-19,$0,$-19,$-1,$-1,$-1,$2,$-20,$-39,$5,$-1
47,2006-12-31,43.25,$23.84,1.81,$14.99,2.89,$-0.56,0.0,$-0.76,0.0,$0.50B,$0.26B,1.93,$0.55B,$1.60B,0.34,$1.06B,$0.41B,38.43%,$1.06B,$0.19B,17.85%,$1.06B,$0.19B,17.85%,$1.06B,$0.27B,25.59%,$1.06B,$0.18B,16.62%,$1.06B,$-0.06B,-5.29%,$-0.06B,$1.60B,-3.43%,$-0.06B,$0.32B,-17.82%,$-0.06B,$2.56B,-2.22%,$0.19B,$2.14B,8.90%,$272,$170,$102,$0,$47,$227,$45,$-1,$44,$13,$32,$32,$35,$65,$45,$69,70,$0.48,$0.45,$175,$72,$44,$501,$535,$0,$1280,$134,$2056,$2558,$259,$547,$147,$703,$962,$1,$23,$21,$1595,$2558,$-56,$83,$208,$290,$-19,$-6,$-3,$-22,$-59,$176,$-182,$0,$-31,$0,$-85,$-85,$0,$-297,$269,$0,$269,$-227,$-227,$0,$-37,$6,$61,$21,$0
