,Date,Stock Price,Book Value per Share,Price to Book Ratio,TTM Sales per Share,Price to Sales Ratio,TTM FCF per Share,Price to FCF Ratio,TTM Net EPS,PE Ratio,Current Assets,Current Liabilities,Current Ratio,Long Term Debt,Shareholder's Equity_x,Debt to Equity Ratio,TTM Revenue_x,TTM Gross Profit,Gross Margin,TTM Revenue_y,TTM Operating Income,Operating Margin,TTM Revenue_x,TTM EBIT,EBIT Margin,TTM Revenue_y,TTM EBITDA,EBITDA Margin,TTM Revenue_x,TTM Pre-Tax Income,Pre-Tax Margin,TTM Revenue_y,TTM Net Income_x,Net Margin,TTM Net Income_y,Shareholder's Equity_y,Return on Equity,TTM Net Income_x,Tangible Equity,Return on Tangible Equity,TTM Net Income_y,Total Assets,Return on Assets,TTM Net Income,LT Investments & Debt,Return on Investment,revenue,cost-goods-sold,gross-profit,research-development-expenses,selling-general-administrative-expenses,operating-expenses,operating-income,total-non-operating-income-expense,pre-tax-income,total-provision-income-taxes,income-after-taxes,income-from-continuous-operations,net-income,ebitda,ebit,basic-shares-outstanding,shares-outstanding,eps-basic-net-earnings-per-share,eps-earnings-per-share-diluted,cash-on-hand,inventory,other-current-assets,total-current-assets,net-property-plant-equipment,long-term-investments,goodwill-intangible-assets-total,other-long-term-assets,total-long-term-assets,total-assets,total-current-liabilities,long-term-debt,other-non-current-liabilities,total-long-term-liabilities,total-liabilities,common-stock-net,retained-earnings-accumulated-deficit,comprehensive-income,total-share-holder-equity,total-liabilities-share-holders-equity,net-income-loss,total-depreciation-amortization-cash-flow,other-non-cash-items,total-non-cash-items,change-in-accounts-receivable,change-in-inventories,change-in-accounts-payable,change-in-assets-liabilities,total-change-in-assets-liabilities,cash-flow-from-operating-activities,net-change-in-property-plant-equipment,net-change-in-intangible-assets,net-acquisitions-divestitures,net-change-in-short-term-investments,net-change-in-long-term-investments,net-change-in-investments-total,investing-activities-other,cash-flow-from-investing-activities,net-long-term-debt,net-current-debt,debt-issuance-retirement-net-total,net-common-equity-issued-repurchased,net-total-equity-issued-repurchased,total-common-preferred-stock-dividends-paid,financial-activities-other,cash-flow-from-financial-activities,net-cash-flow,stock-based-compensation,common-stock-dividends-paid
0,2018-07-31,137.15,$17.88,7.67,$15.70,8.73,$8.64,15.87,$1.01,135.79,$6.80B,$8.47B,0.8,$3.17B,$13.53B,0.24,$11.79B,$8.72B,73.98%,$11.79B,$0.45B,3.85%,$11.79B,$0.45B,3.85%,$11.79B,$1.84B,15.62%,$11.79B,$0.77B,6.49%,$11.79B,$0.72B,6.13%,$0.72B,$13.53B,6.60%,$0.72B,$-0.70B,58.15%,$0.72B,$25.82B,3.28%,$0.45B,$16.70B,3.52%,$3281,$849,$2432,$463,$1854,$3166,$115,$116,$231,$-68,$299,$299,$299,$551,$115,$747,774,$0.40,$0.39,$3427,$0,$669,$6802,$1986,$1202,$14230,$1458,$19021,$25823,$8469,$3173,$653,$3826,$12295,$1,$1269,$-50,$13528,$25823,$643,$821,$249,$1070,$2013,$0,$-277,$-1525,$211,$1924,$-292,$0,$-4985,$0,$892,$892,$0,$-4385,$1831,$0,$1831,$0,$0,$0,$383,$2214,$-224,$603,$0
1,2018-04-30,120.99,$0.00,0.0,$15.00,8.07,$8.28,14.61,$0.64,189.05,$10.15B,$7.90B,1.29,$3.17B,$11.06B,0.29,$11.09B,$8.20B,73.94%,$11.09B,$0.42B,3.81%,$11.09B,$0.42B,3.81%,$11.09B,$1.72B,15.53%,$11.09B,$0.60B,5.38%,$11.09B,$0.47B,4.24%,$0.47B,$11.06B,4.86%,$0.47B,$2.80B,32.05%,$0.47B,$22.96B,2.35%,$0.42B,$14.23B,3.85%,$3006,$767,$2239,$424,$1624,$2815,$191,$194,$385,$41,$344,$344,$344,$576,$191,$729,754,$0.47,$0.46,$7159,$0,$667,$10151,$1950,$1024,$8259,$1430,$12812,$22963,$7895,$3172,$836,$4008,$11903,$1,$969,$-33,$11060,$22963,$344,$385,$41,$426,$2162,$0,$-456,$-1010,$696,$1466,$-122,$0,$-182,$0,$580,$580,$0,$276,$1424,$0,$1424,$201,$201,$0,$0,$1625,$3379,$252,$0
2,2018-01-31,113.91,$14.22,8.01,$14.33,7.95,$7.98,14.27,$0.17,670.06,$9.58B,$10.07B,0.95,$0.70B,$10.38B,0.07,$10.48B,$7.71B,73.53%,$10.48B,$0.24B,2.25%,$10.48B,$0.24B,2.25%,$10.48B,$1.48B,14.16%,$10.48B,$0.20B,1.93%,$10.48B,$0.13B,1.21%,$0.13B,$10.38B,1.43%,$0.13B,$2.24B,19.04%,$0.13B,$21.98B,0.69%,$0.24B,$11.07B,2.46%,$2826,$738,$2088,$396,$1660,$2794,$32,$11,$43,$14,$29,$29,$29,$360,$32,$715,735,$0.05,$0.04,$4521,$0,$671,$9584,$1947,$677,$8141,$1489,$12400,$21984,$10067,$695,$846,$1541,$11608,$1,$635,$-12,$10376,$21984,$127,$1249,$997,$2246,$-720,$0,$308,$777,$365,$2738,$-534,$0,$-25,$0,$-1451,$-1451,$0,$-2011,$-429,$0,$-429,$650,$650,$0,$0,$221,$937,$997,$0
3,2017-10-31,102.34,$12.22,8.37,$13.76,7.44,$7.41,13.81,$0.01,10234.0,$5.95B,$7.22B,0.82,$0.70B,$8.83B,0.08,$9.95B,$7.29B,73.24%,$9.95B,$0.18B,1.82%,$9.95B,$0.18B,1.82%,$9.95B,$1.39B,13.99%,$9.95B,$0.14B,1.37%,$9.95B,$0.05B,0.47%,$0.05B,$8.83B,0.57%,$0.05B,$0.64B,-42.34%,$0.05B,$17.49B,0.27%,$0.18B,$9.53B,1.97%,$2680,$715,$1965,$394,$1455,$2564,$116,$-10,$106,$55,$51,$51,$51,$355,$116,$717,738,$0.07,$0.07,$3629,$0,$0,$5946,$1865,$670,$8190,$425,$11544,$17490,$7216,$697,$748,$1444,$8661,$1,$-405,$4,$8829,$17490,$60,$920,$387,$1306,$1677,$0,$-40,$-1318,$320,$1687,$-396,$0,$-20,$0,$-1011,$-1011,$0,$-1427,$-283,$0,$-283,$485,$485,$0,$0,$202,$465,$759,$0
4,2017-07-31,90.8,$11.76,7.72,$13.24,6.86,$7.31,12.43,$-0.11,0.0,$5.81B,$7.53B,0.77,$0.71B,$8.45B,0.08,$9.41B,$6.88B,73.09%,$9.41B,$0.07B,0.72%,$9.41B,$0.07B,0.72%,$9.41B,$1.31B,13.92%,$9.41B,$0.02B,0.18%,$9.41B,$-0.04B,-0.44%,$-0.04B,$8.45B,-0.53%,$-0.04B,$0.19B,18.34%,$-0.04B,$17.42B,-0.25%,$0.07B,$9.17B,0.76%,$2577,$670,$1907,$387,$1436,$2493,$84,$-21,$63,$17,$46,$46,$46,$431,$84,$712,729,$0.06,$0.06,$3501,$0,$0,$5811,$1867,$658,$8260,$458,$11607,$17419,$7526,$713,$728,$1441,$8967,$1,$-456,$18,$8451,$17419,$47,$681,$513,$1194,$1629,$0,$-94,$-1215,$320,$1561,$-285,$0,$-20,$0,$-987,$-987,$0,$-1292,$-275,$0,$-275,$0,$0,$0,$343,$68,$342,$508,$0
5,2017-04-30,86.12,$11.14,7.73,$12.63,6.82,$7.17,12.01,$0.20,430.6,$5.40B,$7.63B,0.71,$0.70B,$7.93B,0.09,$8.87B,$6.48B,73.08%,$8.87B,$0.02B,0.19%,$8.87B,$0.02B,0.19%,$8.87B,$1.16B,13.04%,$8.87B,$-0.02B,-0.25%,$8.87B,$0.14B,1.61%,$0.14B,$7.93B,2.02%,$0.14B,$-0.40B,-58.25%,$0.14B,$17.06B,0.90%,$0.02B,$8.63B,0.20%,$2397,$651,$1746,$376,$1366,$2393,$4,$-14,$-10,$-11,$1,$1,$1,$338,$4,$706,722,$0.00,$0.00,$3220,$0,$0,$5404,$1846,$639,$8331,$475,$11654,$17059,$7626,$696,$803,$1499,$9124,$1,$-474,$10,$7934,$17059,$1,$334,$249,$583,$1759,$0,$-297,$-816,$646,$1230,$-157,$0,$-20,$0,$-591,$-591,$0,$-768,$-209,$0,$-209,$160,$160,$0,$0,$-49,$418,$252,$0
6,2017-01-31,79.1,$10.60,7.46,$12.10,6.54,$7.09,11.15,$0.27,292.96,$6.00B,$7.30B,0.82,$2.01B,$7.50B,0.27,$8.39B,$6.16B,73.37%,$8.39B,$0.07B,0.77%,$8.39B,$0.07B,0.77%,$8.39B,$1.10B,13.09%,$8.39B,$0.03B,0.30%,$8.39B,$0.18B,2.16%,$0.18B,$7.50B,2.78%,$0.18B,$-0.88B,83.22%,$0.18B,$17.59B,1.22%,$0.07B,$9.51B,0.79%,$2294,$626,$1668,$344,$1347,$2317,$-23,$-0,$-23,$28,$-51,$-51,$-51,$268,$-23,$688,700,$-0.09,$-0.08,$2209,$0,$0,$5997,$1788,$567,$8377,$487,$11588,$17585,$7295,$2008,$781,$2789,$10085,$1,$-465,$-76,$7500,$17585,$180,$1034,$807,$1841,$-628,$0,$50,$720,$142,$2162,$-464,$0,$-3193,$0,$972,$972,$0,$-2684,$596,$0,$596,$401,$401,$0,$0,$998,$448,$820,$0
7,2016-10-31,75.16,$9.77,7.69,$11.56,6.5,$6.76,11.11,$0.30,250.53,$3.00B,$4.98B,0.6,$1.80B,$6.81B,0.27,$7.91B,$5.86B,74.05%,$7.91B,$0.11B,1.38%,$7.91B,$0.11B,1.38%,$7.91B,$1.08B,13.62%,$7.91B,$0.04B,0.56%,$7.91B,$0.21B,2.60%,$0.21B,$6.81B,3.50%,$0.21B,$0.19B,34.19%,$0.21B,$14.39B,1.52%,$0.11B,$8.61B,1.47%,$2145,$586,$1559,$311,$1245,$2142,$3,$-16,$-13,$25,$-37,$-37,$-37,$273,$3,$690,690,$-0.05,$-0.05,$1201,$0,$0,$3002,$1757,$1106,$6617,$1100,$11386,$14388,$4976,$1804,$785,$2606,$7582,$1,$-413,$-63,$6806,$14388,$231,$743,$335,$1079,$1277,$0,$-275,$-855,$146,$1456,$-320,$0,$-2832,$0,$966,$966,$0,$-2186,$422,$0,$422,$316,$316,$0,$0,$738,$-13,$576,$0
8,2016-07-31,81.8,$8.95,9.14,$11.03,7.42,$6.60,12.39,$0.31,263.87,$3.28B,$5.38B,0.61,$1.80B,$6.13B,0.29,$7.48B,$5.59B,74.72%,$7.48B,$0.15B,1.99%,$7.48B,$0.15B,1.99%,$7.48B,$1.07B,14.29%,$7.48B,$0.10B,1.34%,$7.48B,$0.22B,2.92%,$0.22B,$6.13B,4.06%,$0.22B,$0.10B,27.93%,$0.22B,$14.38B,1.71%,$0.15B,$7.93B,2.20%,$2037,$526,$1511,$292,$1187,$2004,$33,$-8,$24,$-205,$230,$230,$230,$278,$33,$681,696,$0.34,$0.33,$1174,$0,$0,$3278,$1728,$1094,$6030,$1456,$11103,$14381,$5376,$1797,$1060,$2873,$8249,$1,$-376,$-11,$6133,$14381,$268,$473,$358,$832,$1234,$0,$-333,$-700,$202,$1302,$-179,$0,$-2800,$0,$987,$987,$0,$-1993,$433,$0,$433,$223,$223,$0,$0,$656,$-43,$371,$0
9,2016-04-30,75.8,$8.24,9.2,$10.58,7.16,$6.36,11.92,$-0.02,0.0,$3.78B,$5.09B,0.74,$1.29B,$5.58B,0.23,$7.07B,$5.30B,74.98%,$7.07B,$0.14B,1.92%,$7.07B,$0.14B,1.92%,$7.07B,$1.03B,14.49%,$7.07B,$0.08B,1.17%,$7.07B,$-0.01B,-0.18%,$-0.01B,$5.58B,-0.26%,$-0.01B,$1.46B,-1.39%,$-0.01B,$12.82B,-0.11%,$0.14B,$6.88B,2.17%,$1917,$497,$1420,$261,$1107,$1865,$52,$-15,$37,$-2,$39,$39,$39,$280,$52,$678,687,$0.06,$0.06,$2031,$0,$0,$3775,$1711,$2205,$4130,$409,$9043,$12817,$5085,$1293,$840,$2148,$7233,$1,$-606,$-29,$5584,$12817,$39,$228,$176,$405,$1307,$0,$-286,$-413,$608,$1051,$-83,$0,$-2,$0,$-365,$-365,$0,$-450,$-50,$0,$-50,$89,$89,$0,$0,$39,$641,$189,$0
10,2016-01-31,68.06,$7.46,9.13,$10.07,6.76,$5.95,11.44,$-0.07,0.0,$5.73B,$5.62B,1.02,$1.29B,$5.00B,0.26,$6.67B,$5.01B,75.18%,$6.67B,$0.12B,1.72%,$6.67B,$0.12B,1.72%,$6.67B,$0.99B,14.80%,$6.67B,$0.06B,0.96%,$6.67B,$-0.05B,-0.72%,$-0.05B,$5.00B,-1.04%,$-0.05B,$0.66B,-7.01%,$-0.05B,$12.76B,-0.43%,$0.12B,$6.29B,1.94%,$1809,$444,$1366,$251,$1094,$1789,$21,$-25,$-4,$21,$-26,$-26,$-26,$246,$21,$662,662,$-0.04,$-0.04,$2725,$0,$0,$5731,$1716,$521,$4340,$142,$7032,$12763,$5617,$1286,$833,$2143,$7760,$1,$-653,$-50,$5003,$12763,$-47,$872,$535,$1408,$-582,$0,$254,$640,$312,$1672,$-284,$0,$-59,$0,$-968,$-968,$-177,$-1488,$-382,$0,$-382,$455,$455,$0,$0,$73,$250,$594,$0
11,2015-10-31,77.71,$7.15,10.86,$9.65,8.06,$5.28,14.71,$-0.13,0.0,$2.94B,$3.98B,0.74,$1.29B,$4.75B,0.27,$6.30B,$4.74B,75.12%,$6.30B,$0.06B,0.94%,$6.30B,$0.06B,0.94%,$6.30B,$0.90B,14.34%,$6.30B,$0.02B,0.24%,$6.30B,$-0.09B,-1.40%,$-0.09B,$4.75B,-2.01%,$-0.09B,$0.90B,-15.51%,$-0.09B,$10.91B,-0.82%,$0.06B,$6.04B,1.04%,$1712,$424,$1288,$239,$1006,$1669,$43,$-0,$43,$69,$-25,$-25,$-25,$264,$43,$664,664,$-0.04,$-0.04,$1358,$0,$0,$2939,$1742,$1440,$3849,$397,$7973,$10912,$3977,$1288,$878,$2185,$6162,$1,$-628,$-33,$4750,$10912,$-22,$647,$376,$1023,$853,$0,$0,$-665,$201,$1202,$-216,$0,$-59,$0,$-431,$-431,$-177,$-883,$-369,$0,$-369,$368,$368,$0,$0,$-1,$315,$435,$0
12,2015-07-31,73.3,$6.87,10.67,$9.27,7.91,$4.81,15.25,$-0.15,0.0,$2.92B,$4.11B,0.71,$1.28B,$4.54B,0.28,$5.98B,$4.50B,75.26%,$5.98B,$-0.01B,-0.10%,$5.98B,$-0.01B,-0.10%,$5.98B,$0.81B,13.47%,$5.98B,$-0.05B,-0.84%,$5.98B,$-0.10B,-1.71%,$-0.10B,$4.54B,-2.47%,$-0.10B,$0.73B,-29.63%,$-0.10B,$10.79B,-0.99%,$-0.01B,$5.82B,-0.11%,$1635,$405,$1229,$234,$975,$1615,$20,$-13,$7,$8,$-1,$-1,$-1,$235,$20,$659,659,$0.00,$0.00,$1170,$0,$137,$2917,$1725,$1374,$3804,$415,$7877,$10794,$4113,$1282,$844,$2145,$6258,$1,$-603,$-28,$4536,$10794,$3,$427,$254,$680,$838,$0,$-45,$-437,$356,$1039,$-136,$0,$-31,$0,$-299,$-299,$-304,$-770,$-358,$0,$-358,$270,$270,$0,$0,$-88,$181,$290,$0
13,2015-04-30,72.82,$6.46,11.28,$8.92,8.16,$4.39,16.59,$-0.25,0.0,$2.61B,$3.96B,0.66,$1.28B,$4.24B,0.3,$5.66B,$4.28B,75.61%,$5.66B,$-0.06B,-1.04%,$5.66B,$-0.06B,-1.04%,$5.66B,$0.72B,12.63%,$5.66B,$-0.11B,-1.94%,$5.66B,$-0.16B,-2.86%,$-0.16B,$4.24B,-4.23%,$-0.16B,$0.44B,-143.05%,$-0.16B,$10.37B,-1.64%,$-0.06B,$5.51B,-1.15%,$1511,$382,$1129,$222,$913,$1480,$31,$-13,$18,$14,$4,$4,$4,$242,$31,$654,664,$0.01,$0.01,$1019,$0,$140,$2605,$1737,$903,$3792,$754,$7761,$10366,$3961,$1276,$870,$2170,$6130,$1,$-602,$-28,$4235,$10366,$4,$211,$106,$317,$979,$0,$-239,$-326,$414,$735,$-71,$0,$-12,$0,$-145,$-145,$-308,$-536,$-317,$0,$-317,$155,$155,$0,$0,$-162,$34,$143,$0
14,2015-01-31,56.45,$6.11,9.24,$8.65,6.52,$4.06,13.89,$-0.42,0.0,$3.52B,$4.39B,0.8,$1.37B,$3.98B,0.35,$5.38B,$4.08B,75.98%,$5.38B,$-0.15B,-2.70%,$5.38B,$-0.15B,-2.70%,$5.38B,$0.60B,11.16%,$5.38B,$-0.21B,-3.96%,$5.38B,$-0.26B,-4.89%,$-0.26B,$3.98B,-7.41%,$-0.26B,$0.19B,292.22%,$-0.26B,$10.67B,-2.79%,$-0.15B,$5.35B,-2.97%,$1445,$356,$1089,$206,$918,$1479,$-35,$-19,$-53,$12,$-66,$-66,$-66,$163,$-35,$624,624,$-0.10,$-0.10,$995,$0,$143,$3515,$1126,$1071,$3783,$575,$7151,$10665,$4390,$1371,$894,$2300,$6690,$1,$-606,$-24,$3975,$10665,$-263,$746,$559,$1305,$-545,$0,$160,$524,$139,$1181,$-290,$0,$38,$0,$-543,$-543,$97,$-698,$-627,$0,$-627,$309,$309,$0,$0,$-318,$126,$565,$0
15,2014-10-31,63.99,$6.01,10.65,$8.25,7.75,$3.60,17.77,$-0.51,0.0,$2.44B,$3.31B,0.74,$1.37B,$3.79B,0.36,$5.08B,$3.87B,76.20%,$5.08B,$-0.21B,-4.22%,$5.08B,$-0.21B,-4.22%,$5.08B,$0.52B,10.17%,$5.08B,$-0.28B,-5.58%,$5.08B,$-0.31B,-6.19%,$-0.31B,$3.79B,-9.47%,$-0.31B,$0.01B,123.74%,$-0.31B,$9.41B,-3.47%,$-0.21B,$5.16B,-4.62%,$1384,$333,$1050,$195,$877,$1406,$-22,$0,$-22,$17,$-39,$-39,$-39,$165,$-22,$630,630,$-0.06,$-0.06,$926,$0,$258,$2439,$1110,$901,$3783,$595,$6974,$9413,$3308,$1365,$918,$2314,$5622,$1,$-540,$-1,$3791,$9413,$-197,$548,$404,$952,$566,$0,$0,$-435,$86,$841,$-205,$0,$38,$0,$-494,$-494,$108,$-553,$-436,$0,$-436,$227,$227,$0,$3,$-206,$65,$413,$0
16,2014-07-31,54.25,$5.33,10.17,$7.85,6.91,$3.22,16.87,$-0.66,0.0,$2.31B,$3.50B,0.66,$1.30B,$3.30B,0.39,$4.77B,$3.63B,76.04%,$4.77B,$-0.29B,-6.08%,$4.77B,$-0.29B,-6.08%,$4.77B,$0.43B,9.00%,$4.77B,$-0.39B,-8.08%,$4.77B,$-0.40B,-8.37%,$-0.40B,$3.30B,-12.89%,$-0.40B,$-0.19B,99.38%,$-0.40B,$9.01B,-4.57%,$-0.29B,$4.60B,-6.60%,$1319,$308,$1011,$203,$841,$1352,$-33,$-20,$-53,$8,$-61,$-61,$-61,$145,$-33,$617,617,$-0.10,$-0.10,$845,$0,$160,$2305,$1190,$827,$3493,$605,$6705,$9010,$3503,$1299,$871,$2207,$5709,$1,$-501,$11,$3301,$9010,$-158,$361,$280,$641,$527,$0,$-43,$-248,$236,$719,$-132,$0,$0,$0,$-396,$-396,$31,$-497,$-364,$0,$-364,$135,$135,$0,$2,$-226,$-7,$274,$0
17,2014-04-30,51.65,$5.10,10.13,$7.24,7.13,$2.76,18.72,$-0.44,0.0,$2.04B,$3.36B,0.61,$1.30B,$3.13B,0.42,$4.41B,$3.35B,76.12%,$4.41B,$-0.30B,-6.74%,$4.41B,$-0.30B,-6.74%,$4.41B,$0.38B,8.65%,$4.41B,$-0.39B,-8.83%,$4.41B,$-0.26B,-5.93%,$-0.26B,$3.13B,-8.77%,$-0.26B,$-0.37B,49.74%,$-0.26B,$8.64B,-3.08%,$-0.30B,$4.43B,-6.94%,$1227,$292,$934,$188,$801,$1282,$-55,$-29,$-85,$12,$-97,$-97,$-97,$127,$-55,$613,613,$-0.16,$-0.16,$879,$0,$0,$2039,$1251,$651,$3501,$600,$6602,$8641,$3360,$1300,$813,$2149,$5509,$1,$-440,$15,$3132,$8641,$-97,$182,$131,$313,$677,$0,$-186,$-234,$257,$473,$-60,$0,$0,$0,$-180,$-180,$30,$-210,$-302,$0,$-302,$74,$74,$0,$9,$-219,$46,$131,$0
18,2014-01-31,60.53,$4.98,12.15,$6.76,8.96,$2.47,24.46,$-0.40,0.0,$2.68B,$3.98B,0.67,$1.30B,$3.04B,0.43,$4.07B,$3.10B,76.22%,$4.07B,$-0.29B,-7.05%,$4.07B,$-0.29B,-7.05%,$4.07B,$0.33B,8.03%,$4.07B,$-0.36B,-8.79%,$4.07B,$-0.23B,-5.70%,$-0.23B,$3.04B,-8.26%,$-0.23B,$-0.46B,114.29%,$-0.23B,$9.15B,-2.92%,$-0.29B,$4.34B,-7.04%,$1145,$274,$872,$173,$802,$1249,$-104,$-19,$-123,$-7,$-117,$-117,$-117,$79,$-104,$598,598,$-0.19,$-0.18,$839,$0,$0,$2680,$1241,$482,$3501,$613,$6473,$9153,$3980,$1302,$784,$2134,$6114,$1,$-343,$18,$3039,$9153,$-232,$614,$495,$1109,$-425,$0,$-29,$452,$-1,$875,$-299,$0,$-2617,$0,$485,$485,$0,$-2432,$1369,$0,$1369,$221,$221,$0,$8,$1598,$34,$503,$0
19,2013-10-31,53.36,$4.83,11.05,$6.32,8.44,$2.50,21.31,$-0.25,0.0,$1.80B,$3.10B,0.58,$1.30B,$2.91B,0.45,$3.76B,$2.88B,76.63%,$3.76B,$-0.20B,-5.42%,$3.76B,$-0.20B,-5.42%,$3.76B,$0.34B,8.91%,$3.76B,$-0.26B,-6.94%,$3.76B,$-0.14B,-3.62%,$-0.14B,$2.91B,-5.18%,$-0.14B,$-0.58B,-124.20%,$-0.14B,$8.10B,-1.94%,$-0.20B,$4.22B,-5.71%,$1076,$268,$808,$171,$735,$1174,$-98,$-26,$-124,$0,$-124,$-124,$-124,$78,$-98,$600,600,$-0.21,$-0.21,$704,$0,$0,$1801,$1205,$382,$3495,$600,$6297,$8098,$3097,$1304,$737,$2089,$5185,$1,$-227,$17,$2912,$8098,$-116,$431,$365,$795,$332,$0,$0,$-281,$-75,$604,$-229,$0,$-2615,$0,$606,$606,$0,$-2238,$1391,$0,$1391,$148,$148,$0,$2,$1541,$-95,$367,$0
20,2013-07-31,43.75,$4.73,9.25,$5.91,7.4,$2.46,17.79,$-0.42,0.0,$1.70B,$3.06B,0.55,$1.31B,$2.82B,0.46,$3.47B,$2.68B,77.05%,$3.47B,$-0.16B,-4.61%,$3.47B,$-0.16B,-4.61%,$3.47B,$0.31B,8.87%,$3.47B,$-0.20B,-5.76%,$3.47B,$-0.23B,-6.68%,$-0.23B,$2.82B,-9.58%,$-0.23B,$-0.69B,-58.77%,$-0.23B,$7.97B,-3.76%,$-0.16B,$4.12B,-5.24%,$957,$218,$739,$148,$631,$997,$-40,$-17,$-57,$-133,$77,$77,$77,$97,$-40,$594,625,$0.13,$0.12,$623,$0,$0,$1698,$1185,$307,$3504,$633,$6272,$7970,$3063,$1305,$728,$2088,$5151,$1,$-102,$11,$2819,$7970,$9,$255,$225,$480,$337,$0,$0,$-192,$-22,$466,$-157,$0,$-2615,$0,$697,$697,$0,$-2075,$1411,$0,$1411,$38,$38,$0,$1,$1449,$-167,$225,$0
21,2013-04-30,41.11,$4.17,9.85,$5.69,7.22,$2.46,16.73,$-0.56,0.0,$2.88B,$2.73B,1.05,$1.17B,$2.46B,0.47,$3.25B,$2.51B,77.16%,$3.25B,$-0.13B,-4.09%,$3.25B,$-0.13B,-4.09%,$3.25B,$0.29B,8.93%,$3.25B,$-0.16B,-4.83%,$3.25B,$-0.32B,-9.82%,$-0.32B,$2.46B,-14.57%,$-0.32B,$0.92B,-38.48%,$-0.32B,$6.51B,-6.04%,$-0.13B,$3.63B,-5.30%,$893,$209,$684,$132,$596,$937,$-45,$-9,$-54,$14,$-68,$-68,$-68,$73,$-45,$588,588,$-0.12,$-0.12,$2100,$0,$0,$2876,$624,$980,$1545,$191,$3638,$6514,$2730,$1167,$96,$1321,$4051,$1,$-179,$14,$2463,$6514,$-68,$118,$113,$230,$370,$0,$-96,$-154,$120,$283,$-54,$0,$-22,$0,$-143,$-143,$0,$-219,$1124,$0,$1124,$-2,$-2,$0,$2,$1124,$1181,$115,$0
22,2013-01-31,43.03,$3.96,10.87,$5.43,7.92,$2.37,18.13,$-0.48,0.0,$2.02B,$2.92B,0.69,$0.00B,$2.32B,0.0,$3.05B,$2.37B,77.57%,$3.05B,$-0.11B,-3.61%,$3.05B,$-0.11B,-3.61%,$3.05B,$0.29B,9.34%,$3.05B,$-0.13B,-4.20%,$3.05B,$-0.27B,-8.85%,$-0.27B,$2.32B,-13.33%,$-0.27B,$0.79B,-31.98%,$-0.27B,$5.53B,-5.75%,$-0.11B,$2.32B,-5.02%,$835,$183,$651,$121,$551,$855,$-21,$-5,$-26,$-5,$-21,$-21,$-21,$87,$-21,$565,565,$-0.03,$-0.03,$868,$0,$0,$2016,$605,$891,$1529,$169,$3513,$5529,$2918,$0,$229,$294,$3211,$1,$-111,$17,$2318,$5529,$-270,$396,$364,$760,$-183,$0,$193,$237,$247,$737,$-176,$0,$-580,$0,$-179,$-179,$-4,$-939,$-32,$0,$-32,$351,$351,$0,$15,$335,$140,$379,$0
23,2012-10-31,36.5,$3.67,9.95,$5.12,7.12,$2.19,16.65,$-0.45,0.0,$1.26B,$2.32B,0.54,$0.06B,$2.08B,0.03,$2.85B,$2.21B,77.66%,$2.85B,$-0.10B,-3.34%,$2.85B,$-0.10B,-3.34%,$2.85B,$0.27B,9.55%,$2.85B,$-0.11B,-3.86%,$2.85B,$-0.25B,-8.89%,$-0.25B,$2.08B,-13.73%,$-0.25B,$0.56B,-29.84%,$-0.25B,$4.64B,-5.81%,$-0.10B,$2.15B,-4.69%,$788,$186,$602,$114,$542,$843,$-54,$-9,$-63,$157,$-220,$-220,$-220,$51,$-54,$569,569,$-0.39,$-0.39,$606,$0,$0,$1257,$584,$810,$1525,$154,$3385,$4642,$2323,$64,$106,$235,$2559,$0,$-90,$24,$2084,$4642,$-250,$288,$243,$531,$271,$0,$0,$-67,$174,$455,$-125,$0,$-575,$0,$-57,$-57,$-4,$-761,$-23,$0,$-23,$204,$204,$0,$29,$210,$-86,$272,$0
24,2012-07-31,31.09,$3.40,9.13,$4.81,6.46,$2.06,15.09,$-0.07,0.0,$1.85B,$2.33B,0.8,$0.05B,$1.89B,0.03,$2.64B,$2.07B,78.13%,$2.64B,$-0.05B,-1.93%,$2.64B,$-0.05B,-1.93%,$2.64B,$0.28B,10.63%,$2.64B,$-0.06B,-2.12%,$2.64B,$-0.04B,-1.40%,$-0.04B,$1.89B,-2.18%,$-0.04B,$1.05B,-4.11%,$-0.04B,$4.45B,-0.91%,$-0.05B,$1.94B,-2.72%,$732,$162,$569,$99,$483,$745,$-13,$-1,$-14,$-4,$-10,$-10,$-10,$79,$-13,$558,558,$-0.02,$-0.02,$1108,$0,$0,$1853,$557,$697,$841,$148,$2600,$4454,$2329,$50,$114,$232,$2561,$0,$130,$20,$1892,$4454,$-29,$183,$141,$323,$237,$0,$0,$-166,$55,$349,$-74,$0,$-59,$0,$34,$34,$-4,$-103,$-15,$0,$-15,$127,$127,$0,$26,$138,$393,$167,$0
25,2012-04-30,38.93,$3.28,11.87,$4.51,8.63,$1.84,21.11,$-0.06,0.0,$1.32B,$1.68B,0.79,$0.55B,$1.81B,0.3,$2.46B,$1.92B,78.18%,$2.46B,$-0.05B,-2.20%,$2.46B,$-0.05B,-2.20%,$2.46B,$0.25B,10.30%,$2.46B,$-0.06B,-2.44%,$2.46B,$-0.03B,-1.26%,$-0.03B,$1.81B,-1.96%,$-0.03B,$0.98B,-3.76%,$-0.03B,$4.16B,-0.81%,$-0.05B,$2.36B,-3.07%,$695,$152,$544,$95,$471,$718,$-22,$-3,$-25,$-5,$-19,$-19,$-19,$68,$-22,$553,553,$-0.04,$-0.04,$710,$0,$0,$1323,$550,$947,$831,$151,$2833,$4156,$1677,$550,$42,$669,$2346,$0,$140,$10,$1810,$4156,$-19,$90,$70,$161,$313,$0,$0,$-96,$72,$213,$-45,$0,$-49,$0,$-377,$-377,$-4,$-475,$-8,$0,$-8,$94,$94,$0,$11,$97,$-166,$81,$0
26,2012-01-31,29.2,$2.90,10.08,$4.15,7.04,$1.74,16.8,$-0.02,0.0,$1.67B,$2.30B,0.73,$0.07B,$1.59B,0.05,$2.27B,$1.78B,78.46%,$2.27B,$-0.04B,-1.54%,$2.27B,$-0.04B,-1.54%,$2.27B,$0.24B,10.55%,$2.27B,$-0.03B,-1.50%,$2.27B,$-0.01B,-0.49%,$-0.01B,$1.59B,-0.76%,$-0.01B,$0.80B,-1.39%,$-0.01B,$4.16B,-0.31%,$-0.04B,$1.66B,-2.34%,$632,$136,$496,$81,$421,$638,$-6,$-1,$-8,$-3,$-4,$-4,$-4,$74,$-6,$541,541,$-0.01,$-0.01,$778,$0,$0,$1672,$528,$669,$785,$155,$2492,$4164,$2300,$72,$116,$277,$2577,$0,$159,$13,$1587,$4164,$-12,$275,$223,$498,$-245,$0,$80,$270,$105,$592,$-152,$0,$-423,$0,$104,$104,$-20,$-490,$-31,$0,$-31,$117,$117,$0,$-10,$76,$183,$229,$0
27,2011-10-31,33.29,$2.75,12.09,$3.82,8.73,$1.60,20.81,$0.01,0.0,$1.15B,$1.83B,0.63,$0.05B,$1.50B,0.04,$2.09B,$1.65B,78.77%,$2.09B,$-0.03B,-1.39%,$2.09B,$-0.03B,-1.39%,$2.09B,$0.21B,10.19%,$2.09B,$-0.02B,-1.05%,$2.09B,$0.00B,0.19%,$0.00B,$1.50B,0.29%,$0.00B,$0.77B,0.49%,$0.00B,$3.51B,0.12%,$-0.03B,$1.55B,-1.90%,$584,$129,$456,$76,$390,$594,$-10,$1,$-9,$-5,$-4,$-4,$-4,$60,$-10,$543,543,$-0.01,$-0.01,$646,$0,$0,$1148,$505,$651,$732,$156,$2363,$3511,$1833,$53,$115,$180,$2013,$0,$164,$4,$1498,$3511,$-7,$194,$148,$342,$120,$0,$9,$-108,$16,$351,$-107,$0,$-365,$0,$153,$153,$-13,$-332,$-22,$0,$-22,$90,$90,$0,$-5,$63,$79,$159,$0
28,2011-07-31,36.18,$2.62,13.83,$3.52,10.27,$1.58,22.96,$0.05,723.55,$1.12B,$1.81B,0.62,$0.05B,$1.42B,0.03,$1.94B,$1.54B,79.44%,$1.94B,$0.02B,0.83%,$1.94B,$0.02B,0.83%,$1.94B,$0.23B,12.09%,$1.94B,$0.03B,1.34%,$1.94B,$0.03B,1.50%,$0.03B,$1.42B,2.25%,$0.03B,$0.75B,3.31%,$0.03B,$3.42B,0.94%,$0.02B,$1.46B,1.02%,$546,$121,$425,$73,$367,$562,$-16,$-2,$-18,$-13,$-4,$-4,$-4,$51,$-16,$540,540,$-0.01,$-0.01,$577,$0,$0,$1115,$470,$709,$672,$146,$2307,$3421,$1814,$46,$126,$189,$2003,$0,$167,$7,$1418,$3421,$-4,$124,$98,$222,$90,$0,$3,$-71,$4,$222,$-72,$0,$-299,$0,$135,$135,$-6,$-243,$-14,$0,$-14,$75,$75,$0,$-12,$48,$26,$102,$0
29,2011-04-30,34.65,$2.34,14.78,$3.25,10.67,$1.63,21.22,$0.09,407.65,$1.19B,$1.69B,0.71,$0.05B,$1.26B,0.04,$1.78B,$1.43B,80.16%,$1.78B,$0.06B,3.48%,$1.78B,$0.06B,3.48%,$1.78B,$0.25B,14.24%,$1.78B,$0.07B,4.09%,$1.78B,$0.05B,2.69%,$0.05B,$1.26B,3.84%,$0.05B,$0.85B,5.02%,$0.05B,$3.13B,1.65%,$0.06B,$1.31B,3.80%,$504,$103,$401,$65,$339,$507,$-3,$4,$1,$0,$1,$1,$1,$54,$-3,$534,564,$0.00,$0.00,$764,$0,$0,$1188,$446,$758,$407,$110,$1940,$3128,$1685,$49,$117,$187,$1872,$0,$172,$0,$1256,$3128,$1,$57,$46,$102,$156,$0,$-1,$-52,$37,$140,$-27,$0,$-13,$0,$121,$121,$-1,$79,$-4,$0,$-4,$32,$32,$0,$-1,$28,$240,$48,$0
30,2011-01-31,32.29,$2.40,13.45,$3.07,10.53,$1.68,19.19,$0.12,274.77,$1.08B,$1.28B,0.84,$0.50B,$1.28B,0.39,$1.66B,$1.33B,80.51%,$1.66B,$0.10B,5.91%,$1.66B,$0.10B,5.91%,$1.66B,$0.27B,16.42%,$1.66B,$0.10B,6.28%,$1.66B,$0.07B,3.92%,$0.07B,$1.28B,5.31%,$0.07B,$0.88B,6.38%,$0.07B,$3.09B,2.36%,$0.10B,$1.78B,5.74%,$457,$92,$365,$58,$307,$457,$-0,$5,$4,$-6,$11,$11,$11,$48,$-0,$521,546,$0.02,$0.02,$497,$0,$0,$1075,$387,$911,$396,$104,$2016,$3091,$1276,$498,$18,$538,$1815,$0,$171,$7,$1276,$3091,$70,$176,$84,$260,$-103,$0,$133,$99,$129,$459,$-91,$0,$-403,$0,$-290,$-290,$-278,$-1063,$-10,$0,$-10,$-12,$-12,$0,$36,$14,$-587,$120,$0
31,2010-10-31,29.02,$2.31,12.58,$2.92,9.93,$1.44,20.14,$0.14,211.04,$1.19B,$0.99B,1.2,$0.50B,$1.21B,0.41,$1.55B,$1.26B,80.76%,$1.55B,$0.12B,7.98%,$1.55B,$0.12B,7.98%,$1.55B,$0.28B,18.21%,$1.55B,$0.14B,8.69%,$1.55B,$0.07B,4.76%,$0.07B,$1.21B,6.33%,$0.07B,$1.03B,7.04%,$0.07B,$2.74B,2.85%,$0.12B,$1.71B,7.54%,$429,$82,$347,$47,$264,$394,$35,$3,$39,$16,$22,$22,$21,$81,$35,$524,548,$0.04,$0.04,$770,$0,$0,$1193,$116,$1033,$187,$69,$1548,$2741,$993,$495,$18,$535,$1528,$0,$160,$9,$1212,$2741,$59,$127,$32,$159,$67,$0,$7,$-94,$75,$293,$-60,$0,$-155,$0,$-456,$-456,$-8,$-680,$-7,$0,$-7,$-36,$-36,$0,$47,$3,$-381,$79,$0
32,2010-07-31,24.74,$2.42,10.24,$2.78,8.9,$1.28,19.3,$0.14,176.7,$1.11B,$0.93B,1.2,$0.48B,$1.26B,0.38,$1.46B,$1.17B,80.56%,$1.46B,$0.12B,8.17%,$1.46B,$0.12B,8.17%,$1.46B,$0.26B,17.93%,$1.46B,$0.13B,9.13%,$1.46B,$0.07B,5.08%,$0.07B,$1.26B,6.83%,$0.07B,$1.07B,7.39%,$0.07B,$2.70B,3.19%,$0.12B,$1.73B,8.28%,$394,$78,$317,$43,$244,$365,$30,$-0,$29,$13,$17,$17,$15,$71,$30,$518,537,$0.03,$0.03,$742,$0,$0,$1112,$101,$1117,$185,$53,$1586,$2698,$929,$476,$18,$514,$1443,$0,$139,$8,$1256,$2698,$36,$81,$21,$102,$98,$0,$4,$-58,$81,$219,$-40,$0,$-152,$0,$-732,$-732,$0,$-923,$-4,$0,$-4,$70,$70,$0,$32,$99,$-601,$53,$0
33,2010-04-30,21.4,$2.24,9.54,$2.67,8.01,$1.17,18.33,$0.16,138.06,$1.26B,$0.84B,1.51,$0.47B,$1.15B,0.41,$1.38B,$1.11B,80.55%,$1.38B,$0.12B,8.56%,$1.38B,$0.12B,8.56%,$1.38B,$0.25B,17.92%,$1.38B,$0.14B,10.16%,$1.38B,$0.08B,5.81%,$0.08B,$1.15B,8.25%,$0.08B,$1.10B,8.67%,$0.08B,$2.49B,3.93%,$0.12B,$1.62B,9.76%,$377,$72,$305,$40,$232,$344,$33,$-1,$32,$12,$20,$20,$18,$72,$33,$512,529,$0.04,$0.03,$952,$0,$0,$1264,$87,$950,$48,$42,$1224,$2488,$838,$467,$17,$502,$1340,$0,$124,$0,$1148,$2488,$20,$39,$17,$57,$139,$0,$-2,$-51,$67,$143,$-12,$0,$0,$0,$-496,$-496,$0,$-508,$-2,$0,$-2,$36,$36,$0,$9,$44,$-321,$26,$0
34,2010-01-31,15.89,$2.08,7.65,$2.57,6.19,$1.09,14.61,$0.16,99.3,$1.71B,$0.91B,1.88,$0.46B,$1.06B,0.44,$1.31B,$1.05B,80.25%,$1.31B,$0.12B,8.81%,$1.31B,$0.12B,8.81%,$1.31B,$0.23B,17.76%,$1.31B,$0.14B,10.95%,$1.31B,$0.08B,6.13%,$0.08B,$1.06B,9.22%,$0.08B,$1.01B,9.74%,$0.08B,$2.46B,4.49%,$0.12B,$1.52B,11.57%,$354,$68,$286,$36,$224,$329,$26,$9,$35,$12,$22,$24,$20,$59,$26,$498,512,$0.04,$0.04,$1242,$0,$0,$1706,$90,$485,$49,$40,$754,$2460,$908,$464,$18,$495,$1404,$0,$107,$-1,$1057,$2460,$85,$118,$37,$155,$-55,$0,$-2,$23,$31,$271,$-50,$0,$-12,$0,$-317,$-317,$0,$-379,$559,$0,$559,$27,$27,$0,$52,$637,$527,$89,$0
35,2009-10-31,14.19,$1.74,8.14,$2.45,5.78,$0.99,14.3,$0.15,96.19,$0.76B,$0.73B,1.05,$0.02B,$0.87B,0.02,$1.24B,$0.99B,79.95%,$1.24B,$0.11B,8.45%,$1.24B,$0.11B,8.45%,$1.24B,$0.22B,17.31%,$1.24B,$0.13B,10.47%,$1.24B,$0.07B,5.96%,$0.07B,$0.87B,9.57%,$0.07B,$0.83B,10.15%,$0.07B,$1.64B,4.81%,$0.11B,$0.89B,13.35%,$331,$66,$265,$33,$202,$300,$30,$7,$37,$16,$21,$21,$21,$59,$30,$498,514,$0.04,$0.04,$445,$0,$0,$763,$96,$625,$45,$34,$880,$1643,$726,$15,$19,$46,$773,$0,$86,$-3,$871,$1643,$62,$84,$30,$114,$75,$0,$-1,$-107,$3,$179,$-42,$0,$-5,$0,$-427,$-427,$0,$-474,$-6,$0,$-6,$33,$33,$0,$33,$59,$-241,$63,$0
36,2009-07-31,10.84,$1.62,6.7,$2.36,4.59,$0.94,11.58,$0.13,84.98,$0.70B,$0.71B,0.98,$0.02B,$0.80B,0.02,$1.19B,$0.95B,79.87%,$1.19B,$0.09B,7.67%,$1.19B,$0.09B,7.67%,$1.19B,$0.20B,16.43%,$1.19B,$0.11B,9.60%,$1.19B,$0.06B,5.31%,$0.06B,$0.80B,8.87%,$0.06B,$0.76B,9.40%,$0.06B,$1.56B,4.36%,$0.09B,$0.82B,12.61%,$316,$62,$254,$31,$193,$287,$29,$6,$36,$14,$22,$21,$21,$57,$29,$495,506,$0.04,$0.04,$420,$0,$0,$701,$96,$610,$45,$29,$855,$1557,$713,$15,$17,$42,$754,$0,$65,$-2,$802,$1557,$41,$55,$17,$72,$98,$0,$-3,$-72,$31,$144,$-32,$0,$0,$0,$-382,$-382,$0,$-414,$-4,$0,$-4,$14,$14,$0,$25,$36,$-238,$43,$0
37,2009-04-30,10.7,$1.50,7.16,$2.26,4.73,$0.91,11.71,$0.11,101.93,$0.76B,$0.69B,1.11,$0.02B,$0.74B,0.02,$1.13B,$0.90B,79.63%,$1.13B,$0.08B,6.88%,$1.13B,$0.08B,6.88%,$1.13B,$0.18B,15.61%,$1.13B,$0.10B,8.82%,$1.13B,$0.05B,4.59%,$0.05B,$0.74B,7.98%,$0.05B,$0.69B,8.39%,$0.05B,$1.47B,3.83%,$0.08B,$0.75B,11.83%,$305,$62,$243,$32,$181,$275,$30,$5,$35,$16,$19,$18,$18,$57,$30,$493,501,$0.04,$0.04,$517,$0,$0,$763,$88,$467,$45,$32,$705,$1468,$690,$15,$14,$39,$729,$0,$44,$-4,$739,$1468,$19,$27,$12,$39,$121,$0,$-1,$-61,$40,$98,$-13,$0,$0,$0,$-243,$-243,$0,$-256,$-1,$0,$-1,$9,$9,$0,$9,$17,$-142,$22,$0
38,2009-01-31,6.65,$1.39,4.79,$2.15,3.09,$0.86,7.69,$0.09,76.03,$1.07B,$0.77B,1.39,$0.01B,$0.68B,0.01,$1.08B,$0.86B,79.48%,$1.08B,$0.06B,5.85%,$1.08B,$0.06B,5.85%,$1.08B,$0.16B,14.67%,$1.08B,$0.09B,7.99%,$1.08B,$0.04B,4.09%,$0.04B,$0.68B,7.43%,$0.04B,$0.64B,7.72%,$0.04B,$1.48B,3.46%,$0.06B,$0.69B,10.54%,$290,$59,$231,$29,$185,$273,$16,$6,$22,$8,$14,$18,$14,$42,$16,$485,501,$0.03,$0.03,$698,$0,$0,$1069,$77,$185,$45,$30,$411,$1480,$767,$8,$12,$30,$797,$0,$26,$-3,$682,$1480,$48,$95,$25,$119,$-45,$0,$9,$43,$62,$230,$-61,$0,$-28,$0,$-10,$-10,$0,$-99,$-1,$0,$-1,$22,$22,$0,$55,$75,$205,$77,$0
39,2008-10-31,7.74,$1.27,6.11,$2.02,3.84,$0.86,9.03,$0.08,103.2,$0.85B,$0.62B,1.38,$0.01B,$0.62B,0.01,$1.00B,$0.80B,79.18%,$1.00B,$0.06B,5.78%,$1.00B,$0.06B,5.78%,$1.00B,$0.15B,14.54%,$1.00B,$0.08B,8.07%,$1.00B,$0.04B,3.69%,$0.04B,$0.62B,6.92%,$0.04B,$0.59B,7.09%,$0.04B,$1.28B,3.16%,$0.06B,$0.63B,10.77%,$276,$56,$220,$26,$178,$260,$16,$4,$21,$9,$12,$10,$10,$39,$16,$487,501,$0.02,$0.02,$601,$0,$0,$849,$67,$203,$28,$47,$427,$1276,$615,$6,$11,$42,$657,$0,$12,$-8,$618,$1276,$34,$68,$16,$84,$64,$0,$13,$-65,$35,$154,$-49,$0,$-27,$0,$-56,$-56,$0,$-132,$-0,$0,$-0,$41,$41,$0,$42,$83,$103,$56,$0
40,2008-07-31,15.95,$1.17,13.64,$1.86,8.58,$0.83,19.28,$0.07,236.26,$0.80B,$0.60B,1.34,$0.00B,$0.57B,0.01,$0.92B,$0.72B,78.61%,$0.92B,$0.05B,5.21%,$0.92B,$0.05B,5.21%,$0.92B,$0.13B,14.22%,$0.92B,$0.07B,8.03%,$0.92B,$0.03B,3.69%,$0.03B,$0.57B,7.08%,$0.03B,$0.56B,7.20%,$0.03B,$1.20B,3.18%,$0.05B,$0.57B,9.94%,$263,$54,$209,$24,$169,$247,$16,$6,$22,$11,$11,$10,$10,$39,$16,$483,503,$0.02,$0.02,$578,$0,$0,$802,$57,$245,$9,$17,$401,$1204,$600,$3,$10,$38,$638,$0,$2,$-4,$566,$1204,$22,$46,$12,$58,$73,$0,$6,$-32,$56,$137,$-37,$0,$0,$0,$-9,$-9,$0,$-46,$-0,$0,$-0,$34,$34,$0,$25,$59,$148,$37,$0
41,2008-04-30,16.68,$1.05,15.93,$1.70,9.82,$0.72,23.09,$0.06,303.32,$0.71B,$0.58B,1.23,$0.00B,$0.50B,0.01,$0.84B,$0.65B,77.84%,$0.84B,$0.04B,4.19%,$0.84B,$0.04B,4.19%,$0.84B,$0.11B,13.29%,$0.84B,$0.06B,7.31%,$0.84B,$0.03B,3.35%,$0.03B,$0.50B,6.56%,$0.03B,$0.50B,6.68%,$0.03B,$1.12B,2.91%,$0.04B,$0.51B,8.16%,$248,$51,$196,$20,$161,$232,$15,$6,$21,$10,$11,$10,$10,$38,$15,$479,498,$0.02,$0.02,$495,$0,$0,$713,$57,$256,$9,$15,$406,$1120,$581,$3,$10,$36,$617,$0,$-8,$-4,$503,$1120,$11,$23,$5,$28,$0,$0,$0,$45,$45,$84,$-24,$0,$0,$0,$17,$17,$0,$-8,$-0,$0,$-0,$11,$11,$0,$13,$24,$99,$18,$0
42,2008-01-31,12.98,$0.95,13.7,$1.54,8.44,$0.65,20.1,$0.04,346.07,$0.74B,$0.61B,1.22,$0.00B,$0.45B,0.01,$0.75B,$0.58B,77.04%,$0.75B,$0.02B,2.67%,$0.75B,$0.02B,2.67%,$0.75B,$0.09B,11.62%,$0.75B,$0.05B,6.01%,$0.75B,$0.02B,2.54%,$0.02B,$0.45B,5.02%,$0.02B,$0.44B,5.12%,$0.02B,$1.09B,2.22%,$0.02B,$0.45B,5.26%,$217,$47,$170,$18,$142,$206,$11,$7,$17,$8,$9,$7,$7,$30,$11,$467,490,$0.02,$0.02,$451,$0,$0,$741,$41,$219,$9,$14,$349,$1090,$606,$2,$8,$32,$638,$0,$-18,$-2,$452,$1090,$23,$66,$21,$87,$-91,$0,$-1,$115,$94,$204,$-44,$0,$0,$0,$-59,$-59,$0,$-103,$-0,$0,$-0,$61,$61,$0,$32,$93,$192,$55,$0
43,2007-10-31,14.09,$0.85,16.59,$1.40,10.1,$0.50,28.02,$0.02,626.33,$0.56B,$0.45B,1.23,$0.00B,$0.40B,0.0,$0.68B,$0.52B,76.48%,$0.68B,$0.01B,1.04%,$0.68B,$0.01B,1.04%,$0.68B,$0.07B,9.62%,$0.68B,$0.03B,4.73%,$0.68B,$0.01B,1.92%,$0.01B,$0.40B,3.87%,$0.01B,$0.39B,3.95%,$0.01B,$0.87B,1.73%,$0.01B,$0.40B,2.08%,$193,$44,$149,$17,$126,$187,$6,$8,$14,$7,$8,$7,$7,$24,$6,$469,489,$0.02,$0.01,$374,$0,$0,$555,$39,$197,$9,$11,$310,$865,$450,$1,$5,$14,$464,$0,$-25,$-3,$401,$865,$11,$47,$17,$64,$0,$0,$0,$49,$49,$123,$-35,$0,$0,$0,$-81,$-81,$0,$-117,$-0,$0,$-0,$44,$44,$0,$25,$69,$74,$40,$0
44,2007-07-31,9.72,$0.75,12.93,$1.27,7.64,$0.44,21.88,$0.01,971.5,$0.48B,$0.41B,1.16,$0.00B,$0.35B,0.0,$0.61B,$0.47B,76.18%,$0.61B,$0.00B,0.16%,$0.61B,$0.00B,0.16%,$0.61B,$0.05B,8.16%,$0.61B,$0.02B,3.59%,$0.61B,$0.01B,0.98%,$0.01B,$0.35B,2.00%,$0.01B,$0.34B,2.05%,$0.01B,$0.78B,0.89%,$0.00B,$0.35B,0.33%,$177,$41,$135,$15,$117,$173,$3,$6,$9,$5,$5,$4,$4,$19,$3,$465,485,$0.01,$0.01,$308,$0,$0,$477,$37,$189,$7,$11,$299,$776,$412,$1,$5,$13,$425,$0,$-31,$-2,$351,$776,$4,$30,$12,$41,$0,$0,$0,$26,$26,$71,$-26,$0,$0,$0,$-48,$-48,$0,$-74,$-0,$0,$-0,$24,$24,$0,$15,$39,$36,$25,$0
45,2007-04-30,10.5,$0.67,15.69,$1.17,8.97,$0.43,24.24,$0.00,0.0,$0.40B,$0.38B,1.06,$0.00B,$0.31B,0.0,$0.55B,$0.42B,75.99%,$0.55B,$-0.00B,-0.54%,$0.55B,$-0.00B,-0.54%,$0.55B,$0.04B,6.86%,$0.55B,$0.02B,2.71%,$0.55B,$0.00B,0.36%,$0.00B,$0.31B,0.74%,$0.00B,$0.30B,0.76%,$0.00B,$0.70B,0.33%,$-0.00B,$0.31B,-1.11%,$162,$39,$123,$14,$109,$162,$0,$5,$5,$4,$1,$1,$1,$14,$0,$460,483,$0.00,$0.00,$250,$0,$0,$400,$34,$198,$7,$9,$298,$698,$377,$1,$5,$11,$389,$0,$-35,$-2,$309,$698,$1,$14,$6,$20,$0,$0,$0,$16,$16,$37,$-16,$0,$0,$0,$-34,$-34,$0,$-50,$-0,$0,$-0,$8,$8,$0,$6,$14,$1,$12,$0
46,2007-01-31,10.96,$0.62,17.81,$1.07,10.24,$0.41,26.6,0,0.0,$0.42B,$0.37B,1.12,$0.00B,$0.28B,0.01,$0.50B,$0.38B,76.06%,$0.50B,$-0.00B,-0.60%,$0.50B,$-0.00B,-0.60%,$0.50B,$0.03B,6.24%,$0.50B,$0.01B,2.41%,$0.50B,$0.00B,0.20%,$0.00B,$0.28B,0.41%,$0.00B,$0.28B,0.42%,$0.00B,$0.67B,0.18%,$-0.00B,$0.28B,-1.22%,$144,$34,$110,$13,$99,$146,$-2,$6,$4,$3,$1,$1,$1,$8,$-2,$450,481,$0.00,$0.00,$252,$0,$0,$419,$30,$160,$7,$8,$246,$665,$373,$1,$0,$10,$383,$0,$-36,$-2,$282,$665,$0,$36,$25,$61,$-53,$0,$-2,$67,$50,$111,$-22,$0,$-16,$0,$-131,$-131,$0,$-169,$-1,$0,$-1,$29,$29,$0,$17,$45,$-13,$39,$0
47,2006-10-31,9.76,$0.56,17.27,$0.96,10.14,$0.38,25.73,$0.01,780.4,$0.36B,$0.29B,1.21,$0.00B,$0.26B,0.0,$0.44B,$0.34B,76.13%,$0.44B,$0.00B,0.90%,$0.44B,$0.00B,0.90%,$0.44B,$0.03B,7.66%,$0.44B,$0.02B,3.60%,$0.44B,$0.01B,1.35%,$0.01B,$0.26B,2.68%,$0.01B,$0.25B,2.75%,$0.01B,$0.56B,1.23%,$0.00B,$0.26B,1.78%,$130,$31,$99,$11,$87,$130,$-0,$4,$4,$3,$1,$0,$0,$9,$-0,$452,481,$0.00,$0.00,$245,$0,$0,$356,$28,$126,$7,$12,$200,$556,$294,$1,$0,$5,$299,$0,$-36,$-2,$256,$556,$-0,$25,$19,$44,$0,$0,$0,$29,$29,$73,$-14,$0,$-16,$0,$-103,$-103,$0,$-133,$-0,$0,$-0,$21,$21,$0,$11,$31,$-30,$28,$0
