,Date,Stock Price,Book Value per Share,Price to Book Ratio,TTM Sales per Share,Price to Sales Ratio,TTM FCF per Share,Price to FCF Ratio,TTM Net EPS,PE Ratio,Current Assets,Current Liabilities,Current Ratio,Long Term Debt,Shareholder's Equity_x,Debt to Equity Ratio,TTM Revenue_x,TTM Gross Profit,Gross Margin,TTM Revenue_y,TTM Operating Income,Operating Margin,TTM Revenue_x,TTM EBIT,EBIT Margin,TTM Revenue_y,TTM EBITDA,EBITDA Margin,TTM Revenue_x,TTM Pre-Tax Income,Pre-Tax Margin,TTM Revenue_y,TTM Net Income_x,Net Margin,TTM Net Income_y,Shareholder's Equity_y,Return on Equity,TTM Net Income_x,Tangible Equity,Return on Tangible Equity,TTM Net Income_y,Total Assets,Return on Assets,TTM Net Income,LT Investments & Debt,Return on Investment,revenue,cost-goods-sold,gross-profit,research-development-expenses,selling-general-administrative-expenses,operating-expenses,operating-income,total-non-operating-income-expense,pre-tax-income,total-provision-income-taxes,income-after-taxes,income-from-continuous-operations,net-income,ebitda,ebit,basic-shares-outstanding,shares-outstanding,eps-basic-net-earnings-per-share,eps-earnings-per-share-diluted,cash-on-hand,inventory,other-current-assets,total-current-assets,net-property-plant-equipment,long-term-investments,goodwill-intangible-assets-total,other-long-term-assets,total-long-term-assets,total-assets,total-current-liabilities,long-term-debt,other-non-current-liabilities,total-long-term-liabilities,total-liabilities,common-stock-net,retained-earnings-accumulated-deficit,comprehensive-income,total-share-holder-equity,total-liabilities-share-holders-equity,net-income-loss,total-depreciation-amortization-cash-flow,other-non-cash-items,total-non-cash-items,change-in-accounts-receivable,change-in-inventories,change-in-accounts-payable,change-in-assets-liabilities,total-change-in-assets-liabilities,cash-flow-from-operating-activities,net-change-in-property-plant-equipment,net-change-in-intangible-assets,net-acquisitions-divestitures,net-change-in-short-term-investments,net-change-in-long-term-investments,net-change-in-investments-total,investing-activities-other,cash-flow-from-investing-activities,net-long-term-debt,net-current-debt,debt-issuance-retirement-net-total,net-common-equity-issued-repurchased,net-total-equity-issued-repurchased,total-common-preferred-stock-dividends-paid,financial-activities-other,cash-flow-from-financial-activities,net-cash-flow,stock-based-compensation,common-stock-dividends-paid
0,2018-09-30,3.37,$0.00,0.0,$4.28,0.79,$0.40,8.47,$0.16,21.06,$0.21B,$0.10B,2.14,$0.00B,$0.15B,0.0,$0.35B,$0.12B,33.62%,$0.35B,$0.03B,7.83%,$0.35B,$0.03B,7.83%,$0.35B,$0.04B,10.14%,$0.35B,$0.02B,5.80%,$0.35B,$0.02B,5.22%,$0.02B,$0.15B,13.00%,$0.02B,$0.14B,13.28%,$0.02B,$0.26B,7.14%,$0.03B,$0.15B,19.49%,$87,$56,$30,$7,$15,$79,$8,$-1,$7,$1,$6,$6,$6,$10,$8,$78,81,$0.08,$0.08,$41,$47,$0,$213,$31,$1,$4,$9,$46,$259,$100,$0,$14,$14,$113,$0,$-238,$0,$146,$259,$11,$6,$2,$8,$4,$5,$-7,$3,$5,$24,$-6,$-3,$0,$0,$0,$0,$0,$-9,$0,$0,$0,$1,$1,$0,$0,$1,$15,$1,$0
1,2018-06-30,3.57,$1.69,2.11,$4.17,0.86,$0.09,39.36,$0.20,17.85,$0.20B,$0.10B,2.14,$0.00B,$0.14B,0.0,$0.33B,$0.11B,33.83%,$0.33B,$0.03B,7.49%,$0.33B,$0.03B,7.49%,$0.33B,$0.03B,9.88%,$0.33B,$0.02B,5.09%,$0.33B,$0.02B,4.49%,$0.02B,$0.14B,11.21%,$0.02B,$0.14B,11.39%,$0.02B,$0.25B,5.84%,$0.03B,$0.14B,18.69%,$88,$60,$29,$7,$16,$82,$6,$-3,$4,$0,$3,$3,$3,$8,$6,$78,81,$0.04,$0.04,$29,$46,$0,$204,$30,$1,$3,$8,$43,$247,$95,$0,$13,$13,$109,$0,$-245,$-9,$138,$247,$5,$4,$1,$5,$-0,$7,$-10,$2,$-2,$9,$-4,$-1,$0,$0,$0,$0,$0,$-5,$0,$0,$0,$0,$0,$0,$0,$0,$4,$1,$0
2,2018-03-31,2.69,$0.00,0.0,$4.24,0.63,$0.12,23.29,$0.22,12.23,$0.21B,$0.10B,2.11,$0.00B,$0.14B,0.0,$0.34B,$0.11B,33.33%,$0.34B,$0.03B,7.96%,$0.34B,$0.03B,7.96%,$0.34B,$0.04B,10.32%,$0.34B,$0.02B,5.60%,$0.34B,$0.02B,5.01%,$0.02B,$0.14B,13.05%,$0.02B,$0.13B,13.23%,$0.02B,$0.25B,6.51%,$0.03B,$0.14B,20.73%,$83,$56,$28,$7,$15,$78,$5,$-2,$3,$1,$2,$2,$2,$7,$5,$78,80,$0.03,$0.03,$26,$50,$0,$206,$29,$1,$3,$9,$42,$248,$98,$0,$14,$14,$112,$0,$-248,$-8,$136,$248,$2,$2,$1,$3,$0,$4,$-6,$1,$-0,$4,$-3,$-1,$0,$0,$0,$0,$0,$-4,$0,$0,$0,$0,$0,$0,$0,$0,$0,$0,$0
3,2017-12-31,1.98,$0.00,0.0,$4.18,0.47,$0.17,11.48,$0.19,10.42,$0.21B,$0.11B,2.0,$0.00B,$0.13B,0.0,$0.33B,$0.11B,32.23%,$0.33B,$0.02B,7.23%,$0.33B,$0.02B,7.23%,$0.33B,$0.03B,9.64%,$0.33B,$0.02B,4.82%,$0.33B,$0.02B,4.52%,$0.02B,$0.13B,11.93%,$0.02B,$0.13B,12.05%,$0.02B,$0.25B,5.76%,$0.02B,$0.13B,19.09%,$87,$58,$29,$6,$17,$79,$8,$-1,$6,$-1,$7,$7,$7,$10,$8,$78,80,$0.10,$0.09,$26,$54,$0,$211,$30,$1,$2,$9,$43,$254,$105,$0,$14,$14,$120,$0,$-250,$0,$134,$254,$16,$9,$2,$11,$-7,$-9,$5,$3,$-9,$17,$-9,$-1,$0,$-1,$0,$-1,$0,$-11,$-17,$0,$-17,$0,$0,$0,$0,$-17,$-10,$1,$0
4,2017-09-30,2.08,$0.00,0.0,$4.17,0.5,$0.29,7.22,$0.20,10.4,$0.24B,$0.13B,1.8,$0.00B,$0.13B,0.0,$0.33B,$0.11B,32.12%,$0.33B,$0.02B,7.27%,$0.33B,$0.02B,7.27%,$0.33B,$0.03B,10.00%,$0.33B,$0.02B,5.15%,$0.33B,$0.02B,4.85%,$0.02B,$0.13B,13.20%,$0.02B,$0.13B,13.31%,$0.02B,$0.28B,6.21%,$0.02B,$0.13B,19.79%,$76,$49,$27,$7,$14,$70,$6,$-2,$4,$1,$3,$3,$3,$8,$6,$78,80,$0.04,$0.04,$36,$56,$0,$238,$29,$0,$0,$9,$40,$279,$133,$0,$19,$19,$152,$0,$-257,$-7,$127,$279,$8,$7,$1,$8,$-22,$-10,$15,$1,$-16,$1,$-7,$0,$0,$0,$0,$0,$0,$-7,$0,$7,$7,$0,$0,$0,$0,$7,$0,$1,$0
5,2017-06-30,2.55,$0.00,0.0,$4.22,0.6,$0.51,5.04,$0.20,12.75,$0.22B,$0.12B,1.85,$0.00B,$0.12B,0.0,$0.33B,$0.11B,31.53%,$0.33B,$0.02B,7.21%,$0.33B,$0.02B,7.21%,$0.33B,$0.03B,9.91%,$0.33B,$0.02B,5.11%,$0.33B,$0.02B,4.80%,$0.02B,$0.12B,13.73%,$0.02B,$0.12B,13.88%,$0.02B,$0.26B,6.43%,$0.02B,$0.12B,20.60%,$93,$64,$29,$6,$15,$85,$8,$-1,$6,$2,$5,$5,$5,$10,$8,$78,80,$0.06,$0.06,$34,$56,$0,$224,$28,$0,$1,$9,$39,$264,$121,$0,$19,$19,$140,$0,$-261,$-6,$124,$264,$5,$5,$1,$5,$-9,$-11,$19,$1,$-0,$10,$-4,$0,$0,$0,$0,$0,$0,$-4,$-9,$0,$-9,$0,$0,$0,$0,$-9,$-2,$1,$0
6,2017-03-31,3.27,$0.00,0.0,$3.95,0.83,$0.57,5.73,$0.14,23.36,$0.21B,$0.11B,1.91,$0.00B,$0.12B,0.0,$0.31B,$0.10B,32.26%,$0.31B,$0.02B,6.45%,$0.31B,$0.02B,6.45%,$0.31B,$0.03B,9.68%,$0.31B,$0.01B,4.19%,$0.31B,$0.01B,3.55%,$0.01B,$0.12B,9.87%,$0.01B,$0.12B,10.00%,$0.01B,$0.24B,4.58%,$0.02B,$0.12B,17.94%,$76,$54,$22,$6,$14,$74,$2,$-2,$0,$0,$-0,$-0,$-0,$4,$2,$78,78,$0.00,$0.00,$36,$51,$0,$206,$28,$0,$1,$8,$38,$244,$108,$0,$18,$18,$126,$0,$-266,$-6,$118,$244,$-0,$2,$0,$3,$7,$-5,$4,$-1,$5,$8,$-2,$0,$0,$0,$0,$0,$0,$-2,$-6,$0,$-6,$0,$0,$0,$0,$-5,$0,$0,$0
7,2016-12-31,2.62,$1.49,1.75,$3.74,0.7,$0.64,4.12,$0.15,17.47,$0.21B,$0.11B,1.87,$0.00B,$0.12B,0.0,$0.29B,$0.10B,33.67%,$0.29B,$0.02B,6.46%,$0.29B,$0.02B,6.46%,$0.29B,$0.03B,10.20%,$0.29B,$0.01B,4.42%,$0.29B,$0.01B,3.74%,$0.01B,$0.12B,10.21%,$0.01B,$0.12B,10.38%,$0.01B,$0.24B,4.62%,$0.02B,$0.12B,17.63%,$85,$57,$28,$6,$15,$76,$8,$-1,$7,$-1,$8,$8,$8,$11,$8,$78,79,$0.12,$0.12,$36,$46,$0,$206,$28,$0,$2,$5,$38,$244,$111,$0,$18,$18,$128,$0,$-265,$-8,$116,$244,$11,$10,$2,$12,$16,$5,$-2,$-6,$3,$26,$-8,$0,$0,$0,$0,$0,$0,$-8,$-18,$0,$-18,$0,$0,$0,$0,$-18,$0,$1,$0
8,2016-09-30,2.36,$0.00,0.0,$3.65,0.65,$0.55,4.27,$0.12,19.67,$0.21B,$0.11B,1.85,$0.00B,$0.11B,0.0,$0.29B,$0.10B,33.68%,$0.29B,$0.02B,7.02%,$0.29B,$0.02B,7.02%,$0.29B,$0.03B,10.88%,$0.29B,$0.01B,4.56%,$0.29B,$0.01B,2.81%,$0.01B,$0.11B,7.66%,$0.01B,$0.11B,7.82%,$0.01B,$0.24B,3.28%,$0.02B,$0.11B,19.14%,$79,$53,$26,$5,$15,$73,$6,$-2,$4,$1,$3,$3,$3,$8,$6,$78,79,$0.04,$0.04,$32,$44,$0,$208,$27,$0,$2,$6,$35,$243,$112,$0,$22,$22,$134,$0,$-274,$-7,$108,$243,$3,$8,$2,$10,$11,$6,$-10,$-4,$3,$16,$-5,$0,$0,$0,$0,$0,$0,$-5,$-15,$0,$-15,$0,$0,$0,$0,$-15,$-4,$1,$0
9,2016-06-30,1.62,$0.00,0.0,$3.75,0.43,$0.49,3.32,$0.10,16.2,$0.19B,$0.11B,1.84,$0.00B,$0.10B,0.0,$0.29B,$0.10B,33.33%,$0.29B,$0.02B,6.87%,$0.29B,$0.02B,6.87%,$0.29B,$0.03B,11.00%,$0.29B,$0.01B,4.12%,$0.29B,$0.01B,2.06%,$0.01B,$0.10B,5.91%,$0.01B,$0.10B,6.06%,$0.01B,$0.23B,2.39%,$0.02B,$0.10B,19.70%,$70,$46,$24,$5,$15,$66,$4,$-2,$2,$2,$0,$0,$0,$7,$4,$78,78,$0.00,$0.00,$35,$49,$0,$194,$27,$0,$2,$7,$37,$230,$105,$0,$21,$21,$126,$0,$-277,$-8,$104,$230,$-0,$5,$2,$7,$31,$2,$-18,$-5,$9,$15,$-4,$0,$0,$-0,$0,$-0,$0,$-4,$-13,$0,$-13,$0,$0,$0,$0,$-13,$-2,$1,$0
10,2016-03-31,1.27,$0.00,0.0,$4.08,0.31,$0.32,3.99,$0.12,10.58,$0.20B,$0.11B,1.77,$0.00B,$0.10B,0.0,$0.32B,$0.10B,31.65%,$0.32B,$0.02B,6.96%,$0.32B,$0.02B,6.96%,$0.32B,$0.03B,10.76%,$0.32B,$0.01B,4.11%,$0.32B,$0.01B,2.22%,$0.01B,$0.10B,7.02%,$0.01B,$0.10B,7.24%,$0.01B,$0.24B,2.60%,$0.02B,$0.10B,22.06%,$60,$39,$21,$5,$15,$59,$1,$-1,$0,$1,$-0,$-0,$-0,$4,$1,$78,78,$-0.01,$-0.01,$42,$50,$0,$199,$28,$0,$3,$7,$38,$236,$112,$0,$21,$21,$133,$0,$-277,$-8,$103,$236,$-0,$2,$1,$3,$34,$0,$0,$-5,$10,$13,$-2,$0,$0,$-0,$0,$-0,$0,$-2,$-5,$0,$-5,$0,$0,$0,$0,$-5,$6,$0,$0
11,2015-12-31,1.21,$1.32,0.91,$4.52,0.27,$0.13,9.15,$0.02,60.5,$0.23B,$0.15B,1.57,$0.00B,$0.10B,0.0,$0.35B,$0.10B,29.43%,$0.35B,$0.02B,6.29%,$0.35B,$0.02B,6.29%,$0.35B,$0.03B,9.71%,$0.35B,$0.01B,2.00%,$0.35B,0,0.00%,$0.00B,$0.10B,0.00%,$0.00B,$0.10B,0.00%,$0.00B,$0.27B,0.00%,$0.02B,$0.10B,22.62%,$76,$51,$25,$5,$15,$67,$9,$-2,$7,$1,$5,$5,$5,$12,$9,$77,77,$0.06,$0.06,$36,$50,$0,$226,$29,$0,$3,$5,$41,$267,$145,$0,$20,$20,$164,$0,$-277,$-9,$103,$267,$1,$12,$4,$16,$38,$10,$-28,$-9,$-1,$16,$-5,$0,$0,$0,$0,$1,$0,$-5,$-20,$0,$-20,$0,$0,$0,$4,$-16,$-5,$2,$0
12,2015-09-30,1.56,$0.00,0.0,$5.32,0.29,$-0.73,0.0,$-0.73,0.0,$0.23B,$0.15B,1.53,$0.00B,$0.10B,0.0,$0.39B,$0.10B,25.45%,$0.39B,$-0.01B,-3.38%,$0.39B,$-0.01B,-3.38%,$0.39B,$0.01B,3.64%,$0.39B,$-0.05B,-12.99%,$0.39B,$-0.06B,-14.81%,$-0.06B,$0.10B,-58.31%,$-0.06B,$0.09B,-60.96%,$-0.06B,$0.27B,-18.64%,$-0.01B,$0.10B,-13.23%,$85,$58,$27,$5,$16,$79,$6,$-3,$3,$2,$1,$1,$1,$9,$6,$77,77,$0.02,$0.02,$40,$49,$0,$232,$29,$0,$4,$7,$39,$272,$152,$0,$23,$23,$175,$0,$-282,$-9,$96,$272,$-4,$9,$3,$12,$37,$11,$-38,$-8,$2,$9,$-4,$0,$0,$0,$0,$0,$0,$-4,$-11,$4,$-7,$0,$0,$0,$0,$-7,$-2,$1,$0
13,2015-06-30,1.15,$0.00,0.0,$5.67,0.2,$-1.41,0.0,$-0.83,0.0,$0.26B,$0.18B,1.45,$0.00B,$0.10B,0.0,$0.40B,$0.10B,24.06%,$0.40B,$-0.02B,-5.01%,$0.40B,$-0.02B,-5.01%,$0.40B,$0.01B,2.01%,$0.40B,$-0.06B,-14.29%,$0.40B,$-0.06B,-16.04%,$-0.06B,$0.10B,-56.64%,$-0.06B,$0.09B,-61.24%,$-0.06B,$0.30B,-19.26%,$-0.02B,$0.10B,-17.47%,$95,$68,$27,$6,$15,$89,$6,$-3,$3,$1,$1,$1,$1,$9,$6,$77,77,$0.02,$0.02,$40,$51,$0,$257,$31,$0,$4,$9,$44,$301,$177,$0,$27,$27,$204,$0,$-284,$-7,$97,$301,$-6,$6,$2,$8,$19,$10,$-25,$-4,$-1,$2,$-3,$0,$0,$0,$0,$0,$0,$-3,$-4,$4,$0,$0,$0,$0,$0,$0,$-2,$1,$0
14,2015-03-31,1.14,$0.00,0.0,$6.16,0.19,$-1.99,0.0,$-0.70,0.0,$0.26B,$0.19B,1.4,$0.00B,$0.09B,0.0,$0.39B,$0.09B,23.60%,$0.39B,$-0.01B,-3.55%,$0.39B,$-0.01B,-3.55%,$0.39B,$0.01B,3.55%,$0.39B,$-0.05B,-12.69%,$0.39B,$-0.06B,-14.47%,$-0.06B,$0.09B,-48.10%,$-0.06B,$0.09B,-53.90%,$-0.06B,$0.31B,-16.43%,$-0.01B,$0.09B,-11.52%,$94,$69,$24,$6,$16,$93,$1,$-6,$-6,$1,$-7,$-7,$-7,$4,$1,$77,77,$-0.09,$-0.09,$38,$56,$0,$262,$32,$0,$5,$10,$46,$308,$187,$0,$28,$28,$214,$0,$-285,$-8,$93,$308,$-7,$4,$1,$4,$15,$5,$-14,$-5,$1,$-2,$-2,$0,$0,$0,$0,$0,$0,$-2,$-2,$2,$-0,$0,$0,$0,$0,$-0,$-4,$0,$0
15,2014-12-31,1.01,$1.36,0.75,$6.29,0.16,$-2.66,0.0,$-1.12,0.0,$0.29B,$0.21B,1.43,$0.00B,$0.11B,0.02,$0.37B,$0.09B,22.91%,$0.37B,$-0.03B,-8.63%,$0.37B,$-0.03B,-8.63%,$0.37B,$-0.00B,-1.08%,$0.37B,$-0.07B,-18.60%,$0.37B,$-0.08B,-20.75%,$-0.08B,$0.11B,-62.73%,$-0.08B,$0.10B,-72.99%,$-0.08B,$0.34B,-21.69%,$-0.03B,$0.11B,-25.05%,$111,$91,$20,$8,$20,$137,$-26,$-24,$-50,$2,$-52,$-52,$-52,$-8,$-26,$63,63,$-0.78,$-0.78,$42,$62,$0,$293,$33,$0,$5,$10,$49,$342,$205,$2,$30,$32,$237,$0,$-278,$-4,$105,$342,$-76,$28,$19,$47,$-23,$2,$25,$10,$-3,$-32,$-13,$0,$0,$0,$5,$5,$0,$-7,$-29,$0,$-29,$45,$45,$0,$23,$39,$-1,$3,$0
16,2014-09-30,2.38,$0.00,0.0,$6.83,0.35,$-3.13,0.0,$-0.79,0.0,$0.31B,$0.18B,1.73,$0.00B,$0.16B,0.03,$0.35B,$0.09B,26.65%,$0.35B,$-0.02B,-4.58%,$0.35B,$-0.02B,-4.58%,$0.35B,$-0.00B,-0.57%,$0.35B,$-0.03B,-9.74%,$0.35B,$-0.04B,-11.46%,$-0.04B,$0.16B,-30.71%,$-0.04B,$0.14B,-36.70%,$-0.04B,$0.38B,-11.08%,$-0.02B,$0.16B,-11.66%,$99,$74,$25,$8,$18,$100,$-1,$-3,$-4,$1,$-6,$-6,$-6,$3,$-1,$68,68,$-0.08,$-0.08,$48,$60,$0,$306,$35,$0,$20,$13,$72,$378,$177,$4,$40,$44,$220,$0,$-226,$-3,$157,$378,$-25,$10,$6,$17,$-29,$4,$-2,$1,$-26,$-34,$-8,$0,$0,$0,$5,$5,$0,$-3,$-27,$20,$-7,$45,$45,$0,$0,$38,$2,$3,$0
17,2014-06-30,2.54,$0.00,0.0,$7.88,0.32,$-3.20,0.0,$-0.99,0.0,$0.28B,$0.19B,1.47,$0.01B,$0.12B,0.05,$0.34B,$0.10B,28.07%,$0.34B,$-0.02B,-5.56%,$0.34B,$-0.02B,-5.56%,$0.34B,$-0.01B,-1.46%,$0.34B,$-0.04B,-10.53%,$0.34B,$-0.04B,-12.87%,$-0.04B,$0.12B,-36.74%,$-0.04B,$0.10B,-45.01%,$-0.04B,$0.36B,-12.39%,$-0.02B,$0.13B,-14.76%,$90,$67,$24,$8,$20,$79,$12,$-2,$10,$2,$8,$8,$8,$15,$12,$52,53,$0.15,$0.15,$32,$62,$0,$280,$35,$4,$21,$14,$80,$360,$191,$6,$43,$50,$241,$0,$-220,$-1,$119,$360,$-19,$7,$5,$12,$-14,$3,$0,$1,$-19,$-26,$-6,$0,$0,$0,$5,$5,$0,$-1,$-4,$20,$16,$0,$0,$0,$0,$16,$-11,$2,$0
18,2014-03-31,2.83,$0.00,0.0,$8.62,0.33,$-2.96,0.0,$-1.34,0.0,$0.26B,$0.18B,1.45,$0.01B,$0.11B,0.08,$0.34B,$0.10B,29.53%,$0.34B,$-0.04B,-10.53%,$0.34B,$-0.04B,-10.53%,$0.34B,$-0.02B,-6.14%,$0.34B,$-0.05B,-15.50%,$0.34B,$-0.06B,-17.54%,$-0.06B,$0.11B,-49.59%,$-0.06B,$0.09B,-60.91%,$-0.06B,$0.34B,-16.96%,$-0.04B,$0.12B,-27.22%,$71,$55,$16,$10,$21,$88,$-17,$-8,$-25,$2,$-27,$-27,$-27,$-14,$-17,$52,52,$-0.51,$-0.51,$26,$63,$0,$260,$35,$4,$22,$14,$80,$340,$179,$8,$43,$51,$230,$0,$-228,$-1,$110,$340,$-27,$3,$3,$7,$2,$2,$-15,$-3,$-14,$-35,$-3,$0,$0,$0,$5,$5,$0,$2,$-2,$18,$16,$0,$0,$0,$0,$16,$-16,$1,$0
19,2013-12-31,2.97,$2.58,1.15,$9.72,0.31,$-2.25,0.0,$-1.21,0.0,$0.29B,$0.18B,1.6,$0.01B,$0.14B,0.08,$0.36B,$0.11B,31.02%,$0.36B,$-0.03B,-7.76%,$0.36B,$-0.03B,-7.76%,$0.36B,$-0.01B,-3.32%,$0.36B,$-0.04B,-11.36%,$0.36B,$-0.05B,-13.02%,$-0.05B,$0.14B,-37.15%,$-0.05B,$0.11B,-45.41%,$-0.05B,$0.37B,-13.03%,$-0.03B,$0.15B,-20.00%,$89,$62,$28,$10,$25,$99,$-10,$-5,$-15,$1,$-15,$-15,$-15,$-6,$-10,$39,39,$-0.37,$-0.37,$48,$64,$0,$285,$35,$4,$22,$13,$81,$366,$178,$10,$42,$52,$231,$0,$-201,$-2,$135,$366,$-47,$16,$12,$28,$18,$0,$-24,$-9,$-10,$-30,$-16,$0,$0,$-0,$-7,$-7,$0,$-24,$13,$0,$13,$36,$36,$0,$0,$50,$-5,$4,$0
20,2013-09-30,4.21,$0.00,0.0,$10.33,0.41,$-1.26,0.0,$-1.09,0.0,$0.27B,$0.18B,1.5,$0.01B,$0.12B,0.11,$0.38B,$0.12B,31.40%,$0.38B,$-0.03B,-6.60%,$0.38B,$-0.03B,-6.60%,$0.38B,$-0.01B,-2.64%,$0.38B,$-0.03B,-8.97%,$0.38B,$-0.04B,-10.55%,$-0.04B,$0.12B,-31.07%,$-0.04B,$0.09B,-38.10%,$-0.04B,$0.35B,-10.88%,$-0.03B,$0.13B,-17.33%,$92,$64,$28,$10,$22,$96,$-4,$-2,$-6,$4,$-10,$-10,$-10,$-0,$-4,$37,37,$-0.28,$-0.28,$41,$57,$0,$267,$36,$4,$23,$13,$87,$354,$178,$12,$49,$61,$239,$0,$-186,$-1,$115,$354,$-32,$12,$6,$18,$20,$7,$0,$-8,$1,$-13,$-12,$0,$0,$0,$0,$0,$0,$-11,$-8,$26,$18,$1,$1,$0,$0,$19,$-7,$3,$0
21,2013-06-30,3.14,$0.00,0.0,$11.04,0.28,$-1.12,0.0,$-0.88,0.0,$0.27B,$0.17B,1.6,$0.01B,$0.12B,0.12,$0.40B,$0.13B,31.19%,$0.40B,$-0.02B,-5.94%,$0.40B,$-0.02B,-5.94%,$0.40B,$-0.01B,-2.23%,$0.40B,$-0.03B,-7.92%,$0.40B,$-0.04B,-8.66%,$-0.04B,$0.12B,-25.09%,$-0.04B,$0.10B,-30.37%,$-0.04B,$0.36B,-9.09%,$-0.02B,$0.14B,-15.26%,$90,$62,$29,$11,$23,$95,$-5,$-2,$-7,$1,$-8,$-8,$-8,$-1,$-5,$37,37,$-0.20,$-0.20,$45,$58,$0,$269,$35,$4,$24,$13,$86,$355,$168,$14,$48,$63,$231,$0,$-176,$-1,$124,$355,$-22,$8,$2,$10,$26,$7,$0,$-5,$6,$-6,$-8,$0,$0,$0,$0,$0,$0,$-7,$-6,$17,$11,$1,$1,$0,$0,$12,$-2,$2,$0
22,2013-03-31,4.32,$0.00,0.0,$11.68,0.37,$-1.17,0.0,$-0.71,0.0,$0.28B,$0.17B,1.67,$0.02B,$0.13B,0.13,$0.43B,$0.13B,31.15%,$0.43B,$-0.02B,-4.92%,$0.43B,$-0.02B,-4.92%,$0.43B,$-0.01B,-1.41%,$0.43B,$-0.03B,-6.56%,$0.43B,$-0.03B,-7.03%,$-0.03B,$0.13B,-20.24%,$-0.03B,$0.11B,-24.34%,$-0.03B,$0.37B,-7.50%,$-0.02B,$0.15B,-12.50%,$90,$63,$27,$12,$24,$99,$-9,$-5,$-13,$1,$-14,$-14,$-14,$-5,$-9,$37,37,$-0.38,$-0.38,$47,$63,$0,$283,$34,$4,$24,$13,$85,$368,$170,$16,$50,$66,$236,$0,$-168,$-0,$132,$368,$-14,$4,$1,$5,$24,$3,$-13,$-1,$12,$3,$-3,$0,$0,$0,$-0,$-0,$0,$-3,$-4,$3,$-1,$1,$1,$0,$0,$0,$-0,$1,$0
23,2012-12-31,4.41,$3.93,1.12,$12.26,0.36,$-1.13,0.0,$-0.43,0.0,$0.31B,$0.18B,1.72,$0.02B,$0.14B,0.13,$0.45B,$0.14B,31.10%,$0.45B,$-0.02B,-4.03%,$0.45B,$-0.02B,-4.03%,$0.45B,$-0.00B,-0.67%,$0.45B,$-0.02B,-4.92%,$0.45B,$-0.02B,-5.15%,$-0.02B,$0.14B,-14.79%,$-0.02B,$0.12B,-17.73%,$-0.02B,$0.39B,-5.63%,$-0.02B,$0.16B,-10.16%,$107,$72,$35,$12,$25,$114,$-7,$-1,$-8,$0,$-8,$-8,$-8,$-4,$-7,$36,36,$-0.23,$-0.23,$48,$66,$0,$310,$34,$4,$25,$12,$84,$394,$180,$19,$51,$70,$250,$0,$-154,$-0,$144,$394,$-23,$15,$5,$19,$-12,$27,$25,$-22,$11,$7,$-15,$0,$0,$7,$10,$16,$0,$2,$9,$0,$9,$1,$1,$0,$0,$10,$18,$5,$0
24,2012-09-30,5.7,$0.00,0.0,$12.62,0.45,$-1.89,0.0,$-0.43,0.0,$0.34B,$0.20B,1.74,$0.02B,$0.16B,0.13,$0.46B,$0.14B,30.13%,$0.46B,$-0.02B,-3.93%,$0.46B,$-0.02B,-3.93%,$0.46B,$-0.00B,-0.22%,$0.46B,$-0.02B,-4.80%,$0.46B,$-0.02B,-5.02%,$-0.02B,$0.16B,-14.40%,$-0.02B,$0.13B,-17.26%,$-0.02B,$0.42B,-5.57%,$-0.02B,$0.18B,-9.80%,$117,$83,$35,$11,$26,$120,$-3,$-1,$-4,$0,$-5,$-5,$-5,$1,$-3,$36,36,$-0.13,$-0.13,$45,$59,$0,$339,$33,$4,$25,$7,$85,$424,$195,$21,$50,$71,$266,$0,$-138,$-1,$158,$424,$-15,$11,$4,$15,$-40,$29,$0,$-17,$-10,$-10,$-10,$0,$0,$-1,$18,$16,$0,$6,$-6,$25,$19,$1,$1,$0,$0,$20,$15,$4,$0
25,2012-06-30,8.57,$0.00,0.0,$12.63,0.68,$-2.37,0.0,$-0.55,0.0,$0.33B,$0.18B,1.79,$0.02B,$0.16B,0.14,$0.46B,$0.14B,29.98%,$0.46B,$-0.02B,-4.60%,$0.46B,$-0.02B,-4.60%,$0.46B,$-0.00B,-0.88%,$0.46B,$-0.02B,-5.25%,$0.46B,$-0.03B,-5.47%,$-0.03B,$0.16B,-15.55%,$-0.03B,$0.13B,-19.34%,$-0.03B,$0.41B,-6.09%,$-0.02B,$0.18B,-11.29%,$113,$77,$36,$12,$26,$115,$-2,$-1,$-3,$0,$-3,$-3,$-3,$2,$-2,$36,36,$-0.08,$-0.08,$41,$69,$0,$328,$32,$4,$26,$7,$86,$414,$184,$23,$49,$72,$255,$0,$-135,$-1,$159,$414,$-10,$7,$3,$10,$-24,$18,$10,$-13,$-9,$-9,$-6,$0,$0,$-1,$15,$14,$0,$7,$-4,$15,$10,$0,$0,$0,$0,$11,$9,$3,$0
26,2012-03-31,9.49,$0.00,0.0,$12.61,0.75,$-2.46,0.0,$-1.00,0.0,$0.32B,$0.16B,1.93,$0.03B,$0.16B,0.15,$0.45B,$0.13B,27.53%,$0.45B,$-0.04B,-7.71%,$0.45B,$-0.04B,-7.71%,$0.45B,$-0.02B,-4.19%,$0.45B,$-0.04B,-8.37%,$0.45B,$-0.04B,-8.59%,$-0.04B,$0.16B,-23.85%,$-0.04B,$0.13B,-30.83%,$-0.04B,$0.40B,-9.48%,$-0.04B,$0.19B,-18.35%,$110,$77,$33,$12,$27,$116,$-6,$-1,$-7,$0,$-7,$-7,$-7,$-2,$-6,$36,36,$-0.20,$-0.20,$46,$74,$0,$317,$31,$4,$27,$7,$86,$403,$164,$25,$53,$77,$242,$0,$-134,$1,$161,$403,$-7,$4,$1,$5,$-2,$17,$0,$-9,$7,$5,$-3,$0,$0,$0,$11,$11,$0,$7,$-2,$0,$-2,$0,$0,$0,$0,$-2,$10,$2,$0
27,2011-12-31,7.7,$4.43,1.74,$12.40,0.62,$-2.62,0.0,$-1.50,0.0,$0.33B,$0.17B,1.89,$0.03B,$0.16B,0.17,$0.44B,$0.12B,27.48%,$0.44B,$-0.05B,-11.04%,$0.44B,$-0.05B,-11.04%,$0.44B,$-0.03B,-7.66%,$0.44B,$-0.05B,-11.71%,$0.44B,$-0.05B,-11.94%,$-0.05B,$0.16B,-31.55%,$-0.05B,$0.13B,-42.40%,$-0.05B,$0.41B,-12.52%,$-0.05B,$0.19B,-24.84%,$118,$84,$34,$13,$29,$126,$-7,$-1,$-8,$0,$-8,$-8,$-8,$-2,$-7,$36,36,$-0.22,$-0.22,$46,$93,$0,$328,$30,$4,$28,$12,$83,$411,$173,$27,$50,$77,$250,$0,$-131,$-0,$161,$411,$-54,$15,$5,$20,$3,$41,$-4,$-12,$13,$-20,$-14,$0,$-42,$0,$29,$29,$0,$-28,$35,$0,$35,$4,$4,$0,$0,$39,$-9,$7,$0
28,2011-09-30,9.55,$0.00,0.0,$10.94,0.87,$-2.22,0.0,$-1.17,0.0,$0.32B,$0.18B,1.78,$0.03B,$0.16B,0.16,$0.39B,$0.11B,28.75%,$0.39B,$-0.04B,-9.67%,$0.39B,$-0.04B,-9.67%,$0.39B,$-0.03B,-6.87%,$0.39B,$-0.04B,-10.18%,$0.39B,$-0.04B,-10.43%,$-0.04B,$0.16B,-22.94%,$-0.04B,$0.12B,-28.77%,$-0.04B,$0.41B,-10.45%,$-0.04B,$0.19B,-18.88%,$116,$82,$34,$13,$27,$122,$-6,$-0,$-6,$1,$-7,$-7,$-7,$-2,$-6,$36,36,$-0.19,$-0.19,$41,$96,$0,$316,$29,$5,$45,$6,$97,$413,$178,$26,$48,$74,$251,$0,$-122,$-5,$162,$413,$-45,$10,$5,$14,$-3,$33,$-16,$-10,$3,$-28,$-10,$0,$-42,$0,$26,$26,$0,$-26,$35,$0,$35,$4,$4,$0,$0,$39,$-15,$5,$0
29,2011-06-30,11.89,$0.00,0.0,$9.44,1.26,$-1.83,0.0,$-0.85,0.0,$0.32B,$0.17B,1.92,$0.03B,$0.17B,0.18,$0.34B,$0.10B,30.09%,$0.34B,$-0.03B,-8.26%,$0.34B,$-0.03B,-8.26%,$0.34B,$-0.02B,-5.90%,$0.34B,$-0.03B,-8.55%,$0.34B,$-0.03B,-8.55%,$-0.03B,$0.17B,-15.47%,$-0.03B,$0.12B,-17.87%,$-0.03B,$0.42B,-8.24%,$-0.03B,$0.20B,-13.76%,$110,$87,$24,$13,$27,$127,$-16,$-0,$-17,$1,$-17,$-17,$-17,$-13,$-16,$36,36,$-0.48,$-0.48,$60,$103,$0,$318,$27,$5,$48,$6,$100,$419,$166,$31,$51,$82,$249,$0,$-116,$-2,$170,$419,$-39,$6,$3,$9,$29,$24,$-25,$-11,$17,$-12,$-6,$0,$-42,$0,$18,$18,$0,$-30,$35,$0,$35,$4,$4,$0,$0,$39,$-4,$3,$0
30,2011-03-31,12.08,$0.00,0.0,$8.05,1.5,$-1.48,0.0,$-0.30,0.0,$0.35B,$0.19B,1.8,$0.03B,$0.18B,0.18,$0.29B,$0.10B,34.14%,$0.29B,$-0.01B,-3.10%,$0.29B,$-0.01B,-3.10%,$0.29B,$-0.00B,-1.03%,$0.29B,$-0.01B,-3.10%,$0.29B,$-0.01B,-3.10%,$-0.01B,$0.18B,-4.67%,$-0.01B,$0.13B,-5.01%,$-0.01B,$0.45B,-2.88%,$-0.01B,$0.21B,-4.48%,$100,$71,$30,$12,$25,$121,$-20,$-0,$-21,$1,$-21,$-21,$-21,$-17,$-20,$36,36,$-0.60,$-0.60,$71,$115,$0,$346,$27,$7,$52,$6,$105,$450,$192,$33,$46,$79,$271,$0,$-98,$-8,$179,$450,$-21,$3,$1,$5,$22,$10,$-17,$-0,$15,$-1,$-3,$0,$-42,$0,$16,$16,$0,$-29,$35,$0,$35,$3,$3,$0,$0,$38,$8,$1,$0
31,2010-12-31,13.18,$5.79,2.28,$6.85,1.92,$-1.42,0.0,$0.38,34.68,$0.24B,$0.07B,3.25,$0.00B,$0.20B,0.0,$0.25B,$0.09B,35.60%,$0.25B,$0.01B,5.60%,$0.25B,$0.01B,5.60%,$0.25B,$0.02B,7.20%,$0.25B,$0.02B,6.00%,$0.25B,$0.02B,6.00%,$0.02B,$0.20B,7.69%,$0.02B,$0.20B,7.71%,$0.02B,$0.29B,5.61%,$0.01B,$0.20B,7.18%,$67,$42,$25,$7,$13,$63,$4,$0,$4,$0,$4,$4,$4,$5,$4,$35,37,$0.11,$0.10,$68,$66,$0,$242,$16,$13,$1,$6,$45,$287,$74,$0,$9,$9,$83,$0,$-77,$0,$204,$287,$14,$5,$4,$9,$-27,$0,$-12,$2,$-33,$-11,$-10,$0,$-1,$0,$16,$16,$0,$5,$0,$0,$0,$5,$5,$0,$0,$5,$-1,$4,$0
32,2010-09-30,9.89,$0.00,0.0,$6.51,1.52,$-0.58,0.0,$0.34,29.09,$0.19B,$0.05B,4.2,$0.00B,$0.20B,0.0,$0.24B,$0.08B,34.75%,$0.24B,$0.01B,5.08%,$0.24B,$0.01B,5.08%,$0.24B,$0.02B,6.78%,$0.24B,$0.01B,5.51%,$0.24B,$0.01B,5.51%,$0.01B,$0.20B,6.87%,$0.01B,$0.20B,6.88%,$0.01B,$0.25B,4.94%,$0.01B,$0.20B,6.34%,$62,$40,$23,$6,$12,$58,$4,$1,$5,$0,$5,$5,$5,$5,$4,$35,36,$0.13,$0.13,$52,$62,$0,$194,$15,$25,$1,$6,$57,$252,$46,$0,$8,$8,$54,$0,$-81,$0,$197,$252,$10,$3,$3,$6,$-1,$4,$-28,$-6,$-32,$-16,$-8,$0,$-1,$0,$2,$2,$0,$-6,$0,$0,$0,$3,$3,$0,$0,$3,$-19,$3,$0
33,2010-06-30,7.4,$0.00,0.0,$6.05,1.22,$0.32,22.97,$0.24,30.83,$0.21B,$0.06B,3.33,$0.00B,$0.19B,0.0,$0.22B,$0.07B,33.33%,$0.22B,$0.01B,4.11%,$0.22B,$0.01B,4.11%,$0.22B,$0.01B,5.94%,$0.22B,$0.01B,4.11%,$0.22B,$0.01B,4.11%,$0.01B,$0.19B,4.87%,$0.01B,$0.19B,4.87%,$0.01B,$0.26B,3.45%,$0.01B,$0.19B,4.87%,$61,$39,$21,$7,$12,$58,$3,$0,$3,$0,$3,$3,$3,$4,$3,$35,36,$0.07,$0.07,$69,$69,$0,$206,$15,$25,$0,$5,$54,$260,$62,$0,$7,$7,$69,$0,$-85,$-0,$191,$260,$6,$2,$2,$4,$11,$-3,$-18,$-1,$-10,$-0,$-5,$0,$0,$0,$-5,$-5,$0,$-11,$0,$0,$0,$3,$3,$0,$0,$3,$-8,$2,$0
34,2010-03-31,10.92,$0.00,0.0,$5.58,1.96,$0.66,16.52,$0.18,60.67,$0.22B,$0.08B,2.91,$0.00B,$0.19B,0.0,$0.20B,$0.07B,33.00%,$0.20B,$0.01B,3.00%,$0.20B,$0.01B,3.00%,$0.20B,$0.01B,5.00%,$0.20B,$0.01B,3.00%,$0.20B,$0.01B,3.00%,$0.01B,$0.19B,3.31%,$0.01B,$0.19B,3.31%,$0.01B,$0.27B,2.38%,$0.01B,$0.19B,3.31%,$60,$39,$20,$5,$12,$57,$3,$0,$3,$0,$3,$3,$3,$4,$3,$34,37,$0.09,$0.08,$75,$74,$0,$220,$13,$24,$0,$5,$51,$271,$76,$0,$7,$7,$83,$0,$-88,$0,$188,$271,$3,$1,$1,$2,$9,$-8,$-7,$1,$-4,$1,$-3,$0,$0,$0,$-4,$-4,$0,$-6,$0,$0,$0,$3,$3,$0,$0,$3,$-3,$1,$0
35,2009-12-31,11.74,$5.28,2.23,$5.20,2.26,$0.78,14.98,$0.11,106.73,$0.23B,$0.08B,2.84,$0.00B,$0.18B,0.0,$0.18B,$0.06B,33.15%,$0.18B,$0.00B,1.63%,$0.18B,$0.00B,1.63%,$0.18B,$0.01B,3.80%,$0.18B,$0.00B,1.63%,$0.18B,$0.00B,1.63%,$0.00B,$0.18B,1.68%,$0.00B,$0.18B,1.68%,$0.00B,$0.27B,1.24%,$0.00B,$0.18B,1.68%,$53,$35,$18,$5,$11,$51,$2,$0,$2,$0,$2,$2,$2,$3,$2,$34,36,$0.06,$0.05,$85,$66,$0,$231,$12,$13,$0,$5,$39,$269,$81,$0,$7,$7,$88,$0,$-91,$0,$181,$269,$4,$4,$3,$7,$5,$-25,$13,$13,$6,$17,$-7,$0,$0,$0,$9,$9,$0,$2,$0,$0,$0,$-9,$-9,$0,$0,$-9,$10,$4,$0
36,2009-09-30,8.46,$0.00,0.0,$5.19,1.63,$0.07,121.03,$0.12,70.5,$0.20B,$0.06B,3.57,$0.00B,$0.18B,0.0,$0.19B,$0.06B,33.51%,$0.19B,$0.00B,2.13%,$0.19B,$0.00B,2.13%,$0.19B,$0.01B,3.72%,$0.19B,$0.00B,2.13%,$0.19B,$0.00B,2.13%,$0.00B,$0.18B,2.24%,$0.00B,$0.18B,2.24%,$0.00B,$0.24B,1.70%,$0.00B,$0.18B,2.24%,$45,$30,$14,$4,$9,$44,$1,$0,$1,$0,$1,$1,$1,$2,$1,$34,36,$0.03,$0.03,$84,$50,$0,$204,$10,$16,$0,$5,$40,$244,$57,$0,$7,$7,$64,$0,$-93,$0,$179,$244,$2,$2,$2,$5,$16,$-10,$-5,$8,$8,$14,$-5,$0,$0,$0,$9,$9,$0,$4,$0,$0,$0,$-7,$-7,$0,$0,$-7,$11,$2,$0
37,2009-06-30,6.63,$0.00,0.0,$5.43,1.22,$-0.45,0.0,$0.18,36.83,$0.18B,$0.04B,4.39,$0.00B,$0.18B,0.0,$0.20B,$0.07B,33.33%,$0.20B,$0.01B,2.99%,$0.20B,$0.01B,2.99%,$0.20B,$0.01B,4.48%,$0.20B,$0.01B,3.48%,$0.20B,$0.01B,2.99%,$0.01B,$0.18B,3.32%,$0.01B,$0.18B,3.32%,$0.01B,$0.23B,2.54%,$0.01B,$0.18B,3.32%,$42,$29,$14,$4,$10,$42,$-0,$0,$0,$0,$0,$0,$0,$1,$-0,$34,35,$0.01,$0.01,$77,$42,$0,$183,$10,$19,$0,$4,$43,$225,$42,$0,$7,$7,$48,$0,$-94,$-0,$177,$225,$0,$1,$2,$3,$21,$-2,$-13,$-0,$6,$10,$-4,$0,$0,$0,$12,$12,$0,$8,$0,$0,$0,$-8,$-8,$0,$0,$-8,$10,$2,$0
38,2009-03-31,4.25,$0.00,0.0,$5.65,0.75,$-0.98,0.0,$0.57,7.46,$0.19B,$0.04B,4.24,$0.00B,$0.18B,0.0,$0.21B,$0.07B,33.64%,$0.21B,$0.01B,4.67%,$0.21B,$0.01B,4.67%,$0.21B,$0.01B,5.61%,$0.21B,$0.01B,5.14%,$0.21B,$0.02B,9.81%,$0.02B,$0.18B,11.52%,$0.02B,$0.18B,11.52%,$0.02B,$0.23B,8.78%,$0.01B,$0.18B,5.49%,$44,$29,$15,$5,$10,$44,$-0,$0,$0,$0,$0,$0,$0,$1,$-0,$35,35,$0.01,$0.01,$76,$39,$0,$188,$9,$17,$0,$4,$38,$226,$44,$0,$6,$6,$50,$0,$-94,$-1,$176,$226,$0,$1,$1,$2,$14,$1,$-13,$1,$3,$5,$-2,$0,$0,$0,$17,$17,$0,$15,$0,$0,$0,$-6,$-6,$0,$0,$-6,$13,$1,$0
39,2008-12-31,5.05,$5.14,0.98,$5.62,0.9,$-1.08,0.0,$0.67,7.54,$0.19B,$0.06B,3.49,$0.00B,$0.18B,0.0,$0.22B,$0.07B,34.10%,$0.22B,$0.01B,5.99%,$0.22B,$0.01B,5.99%,$0.22B,$0.02B,6.91%,$0.22B,$0.02B,6.91%,$0.22B,$0.03B,11.52%,$0.03B,$0.18B,13.91%,$0.03B,$0.18B,13.91%,$0.03B,$0.24B,10.58%,$0.01B,$0.18B,7.23%,$57,$37,$20,$4,$13,$54,$3,$0,$3,$-0,$3,$3,$3,$3,$3,$37,38,$0.07,$0.08,$65,$41,$0,$191,$9,$32,$0,$4,$53,$244,$55,$0,$7,$7,$61,$0,$-95,$0,$183,$244,$26,$2,$-9,$-7,$-33,$-0,$13,$-5,$-31,$-12,$-5,$0,$0,$0,$-6,$-6,$0,$-11,$0,$0,$0,$-7,$-7,$0,$-0,$-8,$-30,$3,$0
40,2008-09-30,7.39,$0.00,0.0,$5.57,1.33,$-0.87,0.0,$0.72,10.26,$0.20B,$0.06B,3.56,$0.00B,$0.19B,0.0,$0.21B,$0.07B,34.47%,$0.21B,$0.01B,6.31%,$0.21B,$0.01B,6.31%,$0.21B,$0.02B,7.28%,$0.21B,$0.02B,7.77%,$0.21B,$0.03B,12.62%,$0.03B,$0.19B,14.92%,$0.03B,$0.19B,14.92%,$0.03B,$0.25B,11.32%,$0.01B,$0.19B,7.46%,$58,$40,$18,$5,$10,$55,$3,$0,$4,$0,$3,$3,$3,$4,$3,$37,39,$0.09,$0.09,$77,$39,$0,$197,$7,$35,$0,$4,$52,$250,$55,$0,$7,$7,$62,$0,$-97,$-0,$187,$250,$23,$1,$-9,$-8,$-24,$-3,$9,$-6,$-23,$-7,$-3,$0,$0,$-53,$39,$-14,$0,$-17,$0,$0,$0,$1,$1,$0,$-0,$0,$-24,$2,$0
41,2008-06-30,7.74,$0.00,0.0,$5.44,1.42,$-0.64,0.0,$0.74,10.46,$0.19B,$0.05B,3.92,$0.00B,$0.18B,0.0,$0.19B,$0.07B,35.94%,$0.19B,$0.01B,7.29%,$0.19B,$0.01B,7.29%,$0.19B,$0.02B,7.81%,$0.19B,$0.02B,8.33%,$0.19B,$0.03B,14.06%,$0.03B,$0.18B,18.75%,$0.03B,$0.18B,18.75%,$0.03B,$0.24B,13.60%,$0.01B,$0.18B,9.72%,$55,$37,$19,$5,$10,$52,$4,$1,$4,$-11,$15,$15,$15,$4,$4,$37,39,$0.42,$0.40,$74,$37,$0,$186,$6,$35,$0,$4,$51,$237,$47,$0,$7,$7,$54,$0,$-101,$-0,$183,$237,$20,$1,$-10,$-9,$-18,$-0,$4,$-8,$-22,$-12,$-2,$0,$0,$0,$-5,$-5,$0,$-6,$0,$0,$0,$0,$0,$0,$-0,$-0,$-18,$1,$0
42,2008-03-31,9.45,$0.00,0.0,$5.23,1.81,$-0.35,0.0,$0.43,21.98,$0.17B,$0.04B,4.11,$0.00B,$0.17B,0.0,$0.17B,$0.06B,36.78%,$0.17B,$0.01B,7.47%,$0.17B,$0.01B,7.47%,$0.17B,$0.01B,8.05%,$0.17B,$0.02B,8.62%,$0.17B,$0.02B,8.62%,$0.02B,$0.17B,13.27%,$0.02B,$0.17B,13.27%,$0.02B,$0.21B,9.02%,$0.01B,$0.17B,11.50%,$47,$31,$17,$5,$8,$44,$3,$1,$4,$0,$4,$4,$4,$4,$3,$37,39,$0.12,$0.11,$80,$34,$0,$165,$5,$40,$0,$4,$49,$214,$40,$0,$8,$8,$48,$0,$-116,$0,$166,$214,$4,$0,$1,$1,$1,$3,$-7,$-2,$-5,$-0,$-1,$0,$0,$0,$-9,$-9,$0,$-10,$0,$0,$0,$0,$0,$0,$-0,$-0,$-10,$1,$0
43,2007-12-31,9.89,$4.36,2.27,$5.18,1.91,$-0.36,0.0,$0.41,24.12,$0.18B,$0.05B,3.83,$0.00B,$0.16B,0.0,$0.16B,$0.06B,36.65%,$0.16B,$0.01B,7.45%,$0.16B,$0.01B,7.45%,$0.16B,$0.01B,8.07%,$0.16B,$0.01B,8.70%,$0.16B,$0.01B,8.70%,$0.01B,$0.16B,16.57%,$0.01B,$0.16B,16.57%,$0.01B,$0.22B,10.13%,$0.01B,$0.16B,14.20%,$46,$29,$17,$4,$9,$43,$3,$1,$4,$0,$4,$4,$4,$3,$3,$30,32,$0.12,$0.12,$91,$37,$0,$179,$4,$31,$0,$3,$38,$218,$47,$0,$10,$10,$57,$0,$-121,$0,$161,$218,$13,$1,$2,$3,$-18,$-8,$4,$-0,$-20,$-4,$-3,$0,$0,$0,$-43,$-43,$0,$-46,$0,$0,$0,$99,$99,$0,$0,$99,$48,$2,$0
44,2007-09-30,19.0,$0.00,0.0,$4.98,3.82,$-0.35,0.0,$-0.01,0.0,$0.12B,$0.05B,2.38,$0.00B,$0.07B,0.0,$0.15B,$0.04B,29.05%,$0.15B,$0.00B,0.00%,$0.15B,$0.00B,0.00%,$0.15B,$0.00B,1.35%,$0.15B,$0.00B,1.35%,$0.15B,$0.00B,1.35%,$0.00B,$0.07B,3.56%,$0.00B,$0.07B,3.56%,$0.00B,$0.13B,1.86%,$0.00B,$0.07B,0.00%,$44,$28,$16,$4,$8,$41,$4,$0,$4,$0,$4,$4,$4,$4,$4,$29,33,$0.12,$0.11,$36,$39,$0,$117,$4,$1,$0,$3,$8,$125,$49,$0,$9,$9,$58,$0,$-125,$0,$66,$125,$9,$1,$1,$2,$-7,$-12,$9,$-0,$-10,$1,$-2,$0,$0,$0,$7,$7,$0,$4,$0,$0,$0,$9,$9,$0,$0,$9,$14,$1,$0
45,2007-06-30,11.42,$0.00,0.0,$4.70,2.43,$-0.50,0.0,$-0.06,0.0,$0.10B,$0.04B,2.61,$0.00B,$0.06B,0.0,$0.14B,$0.04B,27.41%,$0.14B,$-0.00B,-2.22%,$0.14B,$-0.00B,-2.22%,$0.14B,$-0.00B,-0.74%,$0.14B,0,0.00%,$0.14B,0,0.00%,$0.00B,$0.06B,0.00%,$0.00B,$0.06B,0.00%,$0.00B,$0.11B,0.00%,$-0.00B,$0.06B,-5.63%,$37,$24,$14,$3,$7,$35,$3,$0,$3,$0,$3,$3,$3,$3,$3,$28,31,$0.10,$0.09,$31,$36,$0,$100,$3,$2,$0,$3,$8,$108,$38,$0,$10,$10,$49,$0,$-128,$-0,$59,$108,$5,$1,$1,$1,$1,$-9,$0,$-1,$-8,$-1,$-1,$0,$0,$0,$7,$7,$0,$6,$0,$0,$0,$5,$5,$0,$0,$5,$10,$1,$0
46,2007-03-31,5.68,$0.00,0.0,$4.31,1.32,$-0.43,0.0,$-0.12,0.0,$0.09B,$0.04B,2.29,$0.00B,$0.05B,0.0,$0.12B,$0.03B,26.23%,$0.12B,$-0.01B,-4.10%,$0.12B,$-0.01B,-4.10%,$0.12B,$-0.00B,-2.46%,$0.12B,$-0.00B,-1.64%,$0.12B,$-0.00B,-1.64%,$-0.00B,$0.05B,-3.88%,$-0.00B,$0.05B,-3.88%,$-0.00B,$0.10B,-2.17%,$-0.01B,$0.05B,-9.71%,$34,$22,$12,$3,$6,$31,$2,$0,$3,$0,$3,$3,$3,$3,$2,$28,29,$0.10,$0.09,$24,$32,$0,$91,$3,$5,$0,$3,$11,$102,$40,$0,$10,$10,$50,$0,$-131,$0,$52,$102,$3,$0,$0,$1,$-0,$-5,$-2,$4,$-4,$-1,$-0,$0,$0,$0,$6,$6,$0,$5,$0,$0,$0,$1,$1,$0,$0,$1,$6,$0,$0
47,2006-12-31,5.47,$1.73,3.16,$3.91,1.4,$-0.40,0.0,$-0.20,0.0,$0.08B,$0.04B,2.3,$0.00B,$0.05B,0.0,$0.11B,$0.03B,25.69%,$0.11B,$-0.01B,-6.42%,$0.11B,$-0.01B,-6.42%,$0.11B,$-0.01B,-5.50%,$0.11B,$-0.01B,-4.59%,$0.11B,$-0.01B,-4.59%,$-0.01B,$0.05B,-9.80%,$-0.01B,$0.05B,-9.80%,$-0.01B,$0.10B,-5.85%,$-0.01B,$0.05B,-13.73%,$33,$31,$1,$3,$7,$41,$-9,$0,$-8,$0,$-8,$-8,$-8,$-8,$-9,$27,27,$-0.30,$-0.30,$22,$27,$0,$84,$3,$7,$0,$3,$13,$96,$37,$0,$12,$12,$49,$0,$-134,$0,$48,$96,$-5,$1,$2,$3,$-14,$-11,$10,$8,$-2,$-4,$-1,$0,$0,$0,$3,$3,$0,$2,$0,$0,$0,$2,$2,$0,$0,$2,$-0,$2,$0
