,Date,Stock Price,Book Value per Share,Price to Book Ratio,TTM Sales per Share,Price to Sales Ratio,TTM FCF per Share,Price to FCF Ratio,TTM Net EPS,PE Ratio,Current Assets,Current Liabilities,Current Ratio,Long Term Debt,Shareholder's Equity_x,Debt to Equity Ratio,TTM Revenue_x,TTM Gross Profit,Gross Margin,TTM Revenue_y,TTM Operating Income,Operating Margin,TTM Revenue_x,TTM EBIT,EBIT Margin,TTM Revenue_y,TTM EBITDA,EBITDA Margin,TTM Revenue_x,TTM Pre-Tax Income,Pre-Tax Margin,TTM Revenue_y,TTM Net Income_x,Net Margin,TTM Net Income_y,Shareholder's Equity_y,Return on Equity,TTM Net Income_x,Tangible Equity,Return on Tangible Equity,TTM Net Income_y,Total Assets,Return on Assets,TTM Net Income,LT Investments & Debt,Return on Investment,revenue,cost-goods-sold,gross-profit,research-development-expenses,selling-general-administrative-expenses,operating-expenses,operating-income,total-non-operating-income-expense,pre-tax-income,total-provision-income-taxes,income-after-taxes,income-from-continuous-operations,net-income,ebitda,ebit,basic-shares-outstanding,shares-outstanding,eps-basic-net-earnings-per-share,eps-earnings-per-share-diluted,cash-on-hand,inventory,other-current-assets,total-current-assets,net-property-plant-equipment,long-term-investments,goodwill-intangible-assets-total,other-long-term-assets,total-long-term-assets,total-assets,total-current-liabilities,long-term-debt,other-non-current-liabilities,total-long-term-liabilities,total-liabilities,common-stock-net,retained-earnings-accumulated-deficit,comprehensive-income,total-share-holder-equity,total-liabilities-share-holders-equity,net-income-loss,total-depreciation-amortization-cash-flow,other-non-cash-items,total-non-cash-items,change-in-accounts-receivable,change-in-inventories,change-in-accounts-payable,change-in-assets-liabilities,total-change-in-assets-liabilities,cash-flow-from-operating-activities,net-change-in-property-plant-equipment,net-change-in-intangible-assets,net-acquisitions-divestitures,net-change-in-short-term-investments,net-change-in-long-term-investments,net-change-in-investments-total,investing-activities-other,cash-flow-from-investing-activities,net-long-term-debt,net-current-debt,debt-issuance-retirement-net-total,net-common-equity-issued-repurchased,net-total-equity-issued-repurchased,total-common-preferred-stock-dividends-paid,financial-activities-other,cash-flow-from-financial-activities,net-cash-flow,stock-based-compensation,common-stock-dividends-paid
0,2018-09-30,21.29,$5.66,3.76,$14.88,1.43,$2.18,9.77,$0.09,236.56,$0.48B,$0.18B,2.64,$0.00B,$0.20B,0.0,$1.07B,$0.55B,51.35%,$1.07B,$0.05B,4.39%,$1.07B,$0.05B,4.39%,$1.07B,$0.08B,7.19%,$1.07B,$0.05B,4.58%,$1.07B,$0.02B,1.87%,$0.02B,$0.38B,5.33%,$0.02B,$0.33B,6.22%,$0.02B,$0.58B,3.48%,$0.05B,$0.38B,12.53%,$261,$122,$139,$0,$125,$247,$14,$1,$15,$4,$10,$10,$7,$21,$14,$68,73,$0.08,$0.07,$205,$118,$0,$480,$24,$0,$50,$11,$98,$578,$182,$0,$14,$14,$196,$0,$240,$-55,$382,$578,$61,$22,$15,$37,$-37,$4,$0,$5,$-12,$86,$-4,$0,$0,$0,$0,$0,$0,$-4,$-1,$0,$-1,$-37,$-37,$-9,$0,$-47,$30,$9,$0
1,2018-06-30,17.61,$5.62,3.13,$14.68,1.2,$2.00,8.82,$0.06,293.5,$0.50B,$0.21B,2.43,$0.00B,$0.20B,0.0,$1.05B,$0.53B,50.71%,$1.05B,$0.04B,3.42%,$1.05B,$0.04B,3.42%,$1.05B,$0.07B,6.36%,$1.05B,$0.04B,3.51%,$1.05B,$0.01B,1.04%,$0.01B,$0.38B,2.87%,$0.01B,$0.33B,3.38%,$0.01B,$0.60B,1.90%,$0.04B,$0.38B,9.39%,$328,$147,$181,$0,$144,$291,$37,$0,$37,$3,$34,$34,$25,$44,$37,$68,71,$0.37,$0.35,$174,$130,$0,$502,$27,$0,$51,$13,$103,$604,$207,$0,$15,$15,$222,$0,$233,$-55,$383,$604,$51,$15,$8,$23,$-74,$-7,$0,$-1,$-33,$41,$-3,$0,$0,$0,$0,$0,$0,$-3,$-1,$0,$-1,$-26,$-26,$-6,$-0,$-33,$-1,$6,$0
2,2018-03-31,16.25,$5.37,3.03,$14.29,1.14,$1.85,8.77,$-0.09,0.0,$0.46B,$0.19B,2.46,$0.00B,$0.18B,0.0,$1.04B,$0.52B,50.39%,$1.04B,$0.03B,2.70%,$1.04B,$0.03B,2.70%,$1.04B,$0.06B,5.88%,$1.04B,$0.03B,2.89%,$1.04B,$0.00B,0.10%,$0.00B,$0.37B,0.25%,$0.00B,$0.31B,0.30%,$0.00B,$0.57B,0.17%,$0.03B,$0.37B,7.10%,$283,$143,$140,$0,$114,$257,$26,$1,$27,$11,$16,$16,$13,$34,$26,$69,72,$0.15,$0.15,$104,$148,$0,$464,$31,$0,$55,$14,$109,$573,$189,$0,$17,$17,$206,$0,$203,$-41,$367,$573,$16,$8,$3,$10,$-87,$-21,$0,$5,$-74,$-47,$-2,$0,$0,$0,$0,$0,$0,$-2,$-0,$0,$-0,$-20,$-20,$-3,$-1,$-24,$-70,$3,$0
3,2017-12-31,12.64,$5.35,2.36,$13.93,0.91,$1.78,7.08,$-0.16,0.0,$0.43B,$0.16B,2.71,$0.00B,$0.19B,0.0,$1.02B,$0.52B,50.54%,$1.02B,$0.02B,1.76%,$1.02B,$0.02B,1.76%,$1.02B,$0.05B,4.99%,$1.02B,$0.02B,1.86%,$1.02B,$-0.01B,-0.49%,$-0.01B,$0.37B,-1.23%,$-0.01B,$0.31B,-1.47%,$-0.01B,$0.54B,-0.85%,$0.02B,$0.37B,4.43%,$199,$109,$90,$0,$115,$229,$-30,$0,$-30,$-6,$-24,$-24,$-25,$-22,$-30,$72,72,$-0.33,$-0.32,$174,$130,$0,$425,$35,$0,$58,$15,$119,$544,$157,$0,$18,$18,$175,$0,$190,$-43,$368,$544,$10,$33,$10,$43,$1,$23,$-3,$19,$45,$98,$-12,$0,$0,$0,$0,$0,$1,$-11,$-3,$0,$-3,$-50,$-50,$-12,$-0,$-65,$25,$10,$0
4,2017-09-30,9.7,$5.85,1.66,$13.73,0.71,$0.86,11.32,$-0.35,0.0,$0.46B,$0.16B,2.96,$0.00B,$0.23B,0.0,$1.01B,$0.51B,50.05%,$1.01B,$0.01B,0.79%,$1.01B,$0.01B,0.79%,$1.01B,$0.04B,4.15%,$1.01B,$0.01B,0.99%,$1.01B,$-0.02B,-2.37%,$-0.02B,$0.42B,-5.80%,$-0.02B,$0.35B,-7.00%,$-0.02B,$0.59B,-4.02%,$0.01B,$0.42B,1.93%,$243,$120,$123,$0,$121,$241,$3,$-0,$3,$1,$2,$2,$-2,$11,$3,$72,72,$-0.03,$-0.03,$180,$140,$0,$460,$38,$0,$68,$16,$130,$590,$155,$0,$19,$19,$174,$0,$219,$-44,$416,$590,$35,$25,$7,$31,$-9,$12,$0,$13,$14,$80,$-13,$0,$0,$0,$0,$0,$0,$-13,$-3,$0,$-3,$-26,$-26,$-9,$-0,$-38,$31,$7,$0
5,2017-06-30,7.71,$5.85,1.32,$13.69,0.56,$0.18,43.88,$-0.39,0.0,$0.50B,$0.19B,2.69,$0.00B,$0.25B,0.0,$1.01B,$0.51B,49.80%,$1.01B,$0.00B,0.39%,$1.01B,$0.00B,0.39%,$1.01B,$0.04B,3.75%,$1.01B,$0.01B,0.69%,$1.01B,$-0.03B,-2.66%,$-0.03B,$0.43B,-6.38%,$-0.03B,$0.36B,-7.72%,$-0.03B,$0.63B,-4.46%,$0.00B,$0.43B,0.95%,$313,$143,$170,$0,$140,$284,$29,$0,$30,$8,$22,$22,$15,$38,$29,$74,75,$0.21,$0.20,$159,$156,$0,$496,$41,$0,$70,$16,$134,$631,$185,$0,$19,$19,$203,$0,$221,$-48,$427,$631,$33,$17,$-1,$16,$-53,$-5,$0,$13,$-10,$39,$-11,$0,$0,$0,$0,$0,$0,$-11,$-2,$0,$-2,$-10,$-10,$-6,$-0,$-18,$10,$4,$0
6,2017-03-31,7.07,$5.59,1.26,$13.85,0.51,$-0.05,0.0,$-0.46,0.0,$0.46B,$0.17B,2.75,$0.00B,$0.23B,0.0,$1.03B,$0.51B,49.27%,$1.03B,$-0.00B,-0.39%,$1.03B,$-0.00B,-0.39%,$1.03B,$0.03B,2.83%,$1.03B,$-0.00B,-0.39%,$1.03B,$-0.03B,-2.93%,$-0.03B,$0.41B,-6.98%,$-0.03B,$0.34B,-8.47%,$-0.03B,$0.60B,-4.88%,$-0.00B,$0.41B,-0.93%,$268,$134,$134,$0,$118,$252,$16,$0,$16,$5,$11,$11,$7,$24,$16,$74,75,$0.08,$0.08,$91,$178,$0,$463,$44,$0,$71,$17,$139,$601,$168,$0,$18,$19,$187,$0,$203,$-51,$414,$601,$11,$8,$3,$11,$-67,$-29,$0,$10,$-72,$-50,$-5,$0,$0,$0,$0,$0,$0,$-5,$2,$0,$2,$0,$0,$-3,$-0,$-1,$-58,$3,$0
7,2016-12-31,6.86,$5.43,1.26,$14.03,0.49,$-0.12,0.0,$-0.47,0.0,$0.43B,$0.15B,2.85,$0.00B,$0.22B,0.0,$1.04B,$0.50B,48.26%,$1.04B,$-0.01B,-0.58%,$1.04B,$-0.01B,-0.58%,$1.04B,$0.03B,2.70%,$1.04B,$-0.01B,-0.68%,$1.04B,$-0.03B,-2.99%,$-0.03B,$0.40B,-7.12%,$-0.03B,$0.33B,-8.68%,$-0.03B,$0.57B,-4.94%,$-0.01B,$0.40B,-1.38%,$187,$109,$79,$0,$115,$227,$-40,$1,$-39,$2,$-41,$-41,$-44,$-31,$-40,$73,73,$-0.56,$-0.56,$150,$147,$0,$425,$44,$0,$74,$16,$141,$566,$149,$0,$18,$18,$167,$0,$196,$-56,$399,$566,$-16,$34,$8,$42,$2,$20,$-1,$-5,$14,$40,$-20,$0,$0,$0,$0,$0,$1,$-19,$-4,$0,$-4,$0,$0,$-12,$-0,$-16,$4,$11,$0
8,2016-09-30,8.3,$6.15,1.35,$14.24,0.58,$-0.51,0.0,$-0.88,0.0,$0.48B,$0.15B,3.09,$0.00B,$0.27B,0.0,$1.06B,$0.49B,46.69%,$1.06B,$-0.03B,-3.02%,$1.06B,$-0.03B,-3.02%,$1.06B,$0.00B,0.09%,$1.06B,$-0.03B,-3.12%,$1.06B,$-0.06B,-5.77%,$-0.06B,$0.45B,-13.82%,$-0.06B,$0.37B,-16.94%,$-0.06B,$0.63B,-9.55%,$-0.03B,$0.45B,-7.24%,$246,$123,$122,$0,$124,$247,$-1,$1,$0,$2,$-2,$-2,$-5,$7,$-1,$73,73,$-0.07,$-0.07,$150,$169,$0,$476,$46,$0,$78,$18,$149,$625,$154,$0,$19,$19,$173,$0,$241,$-44,$452,$625,$24,$25,$4,$29,$-16,$4,$0,$-8,$-24,$29,$-10,$-6,$0,$0,$0,$0,$1,$-15,$-3,$0,$-3,$0,$0,$-9,$-0,$-12,$7,$8,$0
9,2016-06-30,11.28,$6.19,1.82,$14.58,0.77,$-0.73,0.0,$-1.18,0.0,$0.51B,$0.19B,2.67,$0.00B,$0.28B,0.0,$1.09B,$0.49B,45.40%,$1.09B,$-0.05B,-4.79%,$1.09B,$-0.05B,-4.79%,$1.09B,$-0.02B,-1.66%,$1.09B,$-0.06B,-5.16%,$1.09B,$-0.08B,-7.73%,$-0.08B,$0.46B,-18.45%,$-0.08B,$0.38B,-22.63%,$-0.08B,$0.67B,-12.67%,$-0.05B,$0.46B,-11.40%,$324,$154,$170,$0,$149,$303,$21,$-2,$19,$3,$16,$16,$12,$29,$21,$73,74,$0.13,$0.13,$147,$170,$0,$513,$46,$0,$80,$20,$153,$666,$193,$0,$18,$19,$211,$0,$247,$-44,$455,$666,$26,$17,$3,$20,$-47,$2,$24,$-5,$-26,$20,$-8,$-3,$0,$0,$0,$0,$-1,$-11,$-1,$0,$-1,$0,$0,$-6,$-0,$-7,$3,$6,$0
10,2016-03-31,9.62,$5.95,1.62,$14.64,0.66,$-0.98,0.0,$-1.20,0.0,$0.50B,$0.20B,2.48,$0.00B,$0.26B,0.0,$1.11B,$0.51B,46.30%,$1.11B,$-0.06B,-5.14%,$1.11B,$-0.06B,-5.14%,$1.11B,$-0.02B,-1.90%,$1.11B,$-0.06B,-5.32%,$1.11B,$-0.09B,-7.76%,$-0.09B,$0.44B,-17.70%,$-0.09B,$0.35B,-21.57%,$-0.09B,$0.66B,-12.31%,$-0.06B,$0.44B,-11.69%,$279,$150,$129,$0,$115,$265,$14,$-1,$13,$3,$10,$10,$6,$23,$14,$73,74,$0.07,$0.07,$89,$186,$0,$495,$50,$0,$82,$22,$161,$655,$200,$1,$18,$19,$219,$0,$234,$-46,$436,$655,$10,$9,$-2,$7,$-70,$-14,$17,$-7,$-74,$-57,$-3,$-3,$0,$0,$0,$0,$-2,$-8,$7,$0,$7,$0,$0,$-3,$-0,$4,$-54,$3,$0
11,2015-12-31,10.24,$5.78,1.77,$14.24,0.72,$-0.79,0.0,$-1.35,0.0,$0.45B,$0.17B,2.67,$0.00B,$0.25B,0.01,$1.09B,$0.51B,46.84%,$1.09B,$-0.07B,-6.69%,$1.09B,$-0.07B,-6.69%,$1.09B,$-0.04B,-3.39%,$1.09B,$-0.07B,-6.78%,$1.09B,$-0.10B,-8.98%,$-0.10B,$0.42B,-18.79%,$-0.10B,$0.34B,-22.69%,$-0.10B,$0.61B,-13.36%,$-0.07B,$0.42B,-13.92%,$209,$136,$73,$0,$138,$274,$-66,$0,$-65,$5,$-70,$-70,$-74,$-58,$-66,$76,76,$-0.96,$-0.96,$146,$168,$0,$446,$49,$0,$84,$22,$162,$608,$167,$2,$18,$19,$186,$0,$227,$-51,$422,$608,$-83,$36,$59,$95,$-16,$-9,$23,$2,$-2,$10,$-18,$0,$0,$0,$0,$0,$-0,$-19,$-5,$0,$-5,$-86,$-86,$-12,$2,$-101,$-124,$11,$0
12,2015-09-30,12.93,$6.90,1.87,$13.90,0.93,$-1.00,0.0,$-1.04,0.0,$0.54B,$0.20B,2.77,$0.00B,$0.33B,0.01,$1.09B,$0.52B,47.33%,$1.09B,$-0.07B,-6.62%,$1.09B,$-0.07B,-6.62%,$1.09B,$-0.04B,-3.49%,$1.09B,$-0.07B,-6.80%,$1.09B,$-0.08B,-7.44%,$-0.08B,$0.51B,-14.15%,$-0.08B,$0.42B,-16.90%,$-0.08B,$0.72B,-10.34%,$-0.07B,$0.51B,-12.48%,$274,$153,$121,$0,$135,$295,$-21,$-2,$-23,$1,$-24,$-24,$-28,$-12,$-21,$74,74,$-0.37,$-0.37,$168,$191,$0,$539,$50,$0,$89,$24,$183,$722,$195,$2,$17,$19,$214,$0,$301,$-48,$508,$722,$-13,$28,$42,$70,$-48,$-28,$39,$-0,$-50,$7,$-4,$-8,$0,$0,$0,$0,$0,$-12,$-4,$0,$-4,$-75,$-75,$-9,$-0,$-88,$-99,$9,$0
13,2015-06-30,14.71,$7.61,1.93,$13.75,1.07,$-1.25,0.0,$-0.55,0.0,$0.62B,$0.21B,2.89,$0.00B,$0.40B,0.01,$1.12B,$0.55B,49.19%,$1.12B,$-0.05B,-4.48%,$1.12B,$-0.05B,-4.48%,$1.12B,$-0.01B,-1.25%,$1.12B,$-0.05B,-4.57%,$1.12B,$-0.04B,-3.67%,$-0.04B,$0.58B,-6.48%,$-0.04B,$0.49B,-7.61%,$-0.04B,$0.81B,-4.80%,$-0.05B,$0.58B,-7.83%,$346,$156,$190,$0,$169,$329,$16,$-0,$16,$3,$13,$13,$10,$26,$16,$77,78,$0.11,$0.11,$197,$183,$0,$617,$60,$0,$93,$23,$193,$810,$214,$4,$16,$19,$233,$0,$329,$-36,$577,$810,$11,$19,$15,$34,$-80,$-16,$43,$-3,$-48,$-3,$-4,$-5,$0,$0,$0,$0,$1,$-9,$-3,$0,$-3,$-42,$-42,$-6,$-0,$-51,$-70,$6,$0
14,2015-03-31,11.81,$7.50,1.58,$13.63,0.87,$-1.48,0.0,$-0.47,0.0,$0.59B,$0.19B,3.07,$0.01B,$0.41B,0.01,$1.15B,$0.56B,49.00%,$1.15B,$-0.02B,-2.09%,$1.15B,$-0.02B,-2.09%,$1.15B,$0.01B,1.13%,$1.15B,$-0.03B,-2.18%,$1.15B,$-0.03B,-2.70%,$-0.03B,$0.58B,-4.51%,$-0.03B,$0.49B,-5.22%,$-0.03B,$0.80B,-3.34%,$-0.02B,$0.58B,-3.46%,$262,$135,$127,$0,$126,$265,$-2,$0,$-2,$0,$-2,$-2,$-6,$7,$-2,$78,78,$-0.08,$-0.08,$181,$185,$0,$594,$68,$0,$92,$24,$201,$795,$193,$5,$18,$23,$216,$0,$319,$-42,$579,$795,$-2,$10,$3,$12,$-78,$-19,$43,$3,$-57,$-47,$-1,$-5,$0,$0,$0,$0,$0,$-6,$-1,$0,$-1,$-20,$-20,$-3,$0,$-24,$-87,$3,$0
15,2014-12-31,12.49,$7.96,1.57,$13.75,0.91,$-1.62,0.0,$-0.33,0.0,$0.60B,$0.15B,3.87,$0.01B,$0.45B,0.01,$1.20B,$0.59B,49.37%,$1.20B,$-0.00B,-0.42%,$1.20B,$-0.00B,-0.42%,$1.20B,$0.03B,2.67%,$1.20B,$-0.01B,-0.75%,$1.20B,$-0.02B,-1.59%,$-0.02B,$0.63B,-2.56%,$-0.02B,$0.53B,-2.91%,$-0.02B,$0.81B,-1.89%,$-0.00B,$0.63B,-0.67%,$206,$130,$77,$0,$131,$271,$-65,$-1,$-65,$-12,$-53,$-53,$-57,$-59,$-65,$85,85,$-0.59,$-0.59,$268,$171,$0,$595,$68,$0,$99,$26,$212,$807,$154,$6,$21,$28,$182,$0,$325,$-18,$625,$807,$-5,$37,$38,$75,$-15,$-31,$-12,$22,$-82,$-12,$-16,$-41,$0,$0,$0,$0,$-1,$-58,$-5,$0,$-5,$-145,$37,$-8,$-0,$23,$-50,$13,$0
16,2014-09-30,12.58,$9.02,1.39,$13.89,0.91,$-0.82,0.0,$-0.39,0.0,$0.79B,$0.22B,3.58,$0.01B,$0.58B,0.01,$1.22B,$0.62B,50.57%,$1.22B,$0.02B,1.39%,$1.22B,$0.02B,1.39%,$1.22B,$0.06B,4.75%,$1.22B,$0.01B,1.07%,$1.22B,$-0.03B,-2.38%,$-0.03B,$0.75B,-3.90%,$-0.03B,$0.66B,-4.40%,$-0.03B,$1.01B,-2.83%,$0.02B,$0.76B,2.26%,$302,$147,$155,$0,$144,$301,$1,$-1,$0,$-16,$16,$16,$12,$12,$1,$85,85,$0.12,$0.12,$350,$203,$0,$790,$74,$0,$92,$34,$217,$1007,$220,$8,$31,$38,$259,$0,$382,$-5,$748,$1007,$48,$31,$21,$53,$-67,$-50,$10,$5,$-106,$-5,$-14,$-29,$0,$0,$0,$0,$-2,$-45,$-4,$0,$-4,$-90,$93,$-5,$-0,$84,$33,$10,$0
17,2014-06-30,15.03,$9.27,1.62,$13.59,1.11,$0.13,118.44,$-0.36,0.0,$0.87B,$0.26B,3.41,$0.01B,$0.62B,0.01,$1.21B,$0.62B,51.04%,$1.21B,$0.03B,2.82%,$1.21B,$0.03B,2.82%,$1.21B,$0.08B,6.21%,$1.21B,$0.03B,2.57%,$1.21B,$-0.03B,-2.32%,$-0.03B,$0.80B,-3.84%,$-0.03B,$0.71B,-4.31%,$-0.03B,$1.10B,-2.78%,$0.03B,$0.80B,4.60%,$377,$174,$203,$0,$153,$335,$42,$0,$42,$19,$23,$23,$20,$53,$42,$87,88,$0.19,$0.19,$409,$192,$0,$871,$83,$0,$88,$41,$231,$1102,$255,$9,$42,$52,$307,$0,$370,$14,$795,$1102,$32,$21,$7,$28,$-95,$-31,$34,$-1,$-77,$-17,$-11,$-19,$0,$0,$0,$0,$-1,$-31,$-2,$0,$-2,$-47,$136,$-2,$0,$131,$92,$8,$0
18,2014-03-31,15.6,$9.15,1.7,$13.40,1.16,$0.66,23.68,$-0.15,0.0,$0.88B,$0.24B,3.65,$0.01B,$0.62B,0.02,$1.19B,$0.61B,51.42%,$1.19B,$0.04B,3.52%,$1.19B,$0.04B,3.52%,$1.19B,$0.08B,6.95%,$1.19B,$0.04B,3.27%,$1.19B,$-0.01B,-1.09%,$-0.01B,$0.81B,-1.87%,$-0.01B,$0.72B,-2.08%,$-0.01B,$1.11B,-1.35%,$0.04B,$0.82B,5.94%,$312,$156,$156,$0,$137,$296,$17,$-2,$14,$5,$9,$9,$6,$26,$17,$88,90,$0.06,$0.06,$412,$192,$0,$881,$86,$0,$81,$41,$228,$1109,$242,$10,$52,$63,$304,$0,$351,$14,$805,$1109,$9,$9,$-0,$9,$-103,$-30,$32,$3,$-81,$-63,$-5,$-10,$0,$0,$0,$0,$-1,$-16,$-1,$0,$-1,$-13,$169,$0,$0,$168,$95,$5,$0
19,2013-12-31,15.92,$7.06,2.25,$13.42,1.19,$0.92,17.3,$0.12,132.67,$0.64B,$0.19B,3.42,$0.01B,$0.63B,0.02,$1.19B,$0.62B,52.26%,$1.19B,$0.06B,5.28%,$1.19B,$0.06B,5.28%,$1.19B,$0.11B,8.79%,$1.19B,$0.06B,5.03%,$1.19B,$0.01B,0.84%,$0.01B,$0.63B,1.53%,$0.01B,$0.55B,1.70%,$0.01B,$0.88B,1.11%,$0.06B,$0.64B,9.50%,$229,$126,$103,$0,$135,$272,$-43,$0,$-43,$24,$-67,$-67,$-67,$-33,$-43,$88,89,$-0.76,$-0.76,$317,$162,$0,$640,$87,$0,$75,$54,$235,$875,$187,$12,$52,$63,$250,$0,$344,$15,$625,$875,$10,$42,$46,$88,$-17,$-5,$-6,$-4,$-15,$83,$-40,$-28,$0,$0,$0,$0,$-1,$-70,$10,$0,$10,$-11,$-11,$0,$-1,$-1,$23,$12,$0
20,2013-09-30,13.6,$7.81,1.74,$13.34,1.02,$1.44,9.46,$0.84,16.19,$0.70B,$0.20B,3.5,$0.01B,$0.69B,0.01,$1.19B,$0.63B,52.69%,$1.19B,$0.10B,8.49%,$1.19B,$0.10B,8.49%,$1.19B,$0.14B,12.02%,$1.19B,$0.10B,8.32%,$1.19B,$0.07B,6.22%,$0.07B,$0.69B,11.35%,$0.07B,$0.62B,12.57%,$0.07B,$0.95B,8.28%,$0.10B,$0.70B,15.31%,$289,$135,$154,$0,$136,$271,$18,$-0,$18,$5,$13,$13,$13,$29,$18,$88,89,$0.15,$0.15,$332,$176,$0,$699,$94,$0,$69,$51,$248,$947,$200,$9,$47,$56,$256,$0,$411,$15,$690,$947,$77,$31,$13,$44,$-32,$-15,$2,$-9,$-27,$94,$-30,$-23,$0,$0,$0,$0,$-1,$-54,$7,$0,$7,$-11,$-11,$0,$0,$-4,$38,$10,$0
21,2013-06-30,16.5,$7.56,2.18,$13.35,1.24,$1.62,10.18,$1.18,13.98,$0.68B,$0.20B,3.42,$0.01B,$0.67B,0.01,$1.20B,$0.63B,52.97%,$1.20B,$0.12B,10.28%,$1.20B,$0.12B,10.28%,$1.20B,$0.16B,13.70%,$1.20B,$0.12B,10.11%,$1.20B,$0.11B,8.86%,$0.11B,$0.67B,16.56%,$0.11B,$0.60B,18.33%,$0.11B,$0.92B,12.05%,$0.12B,$0.68B,19.08%,$364,$163,$201,$0,$150,$313,$50,$-1,$50,$14,$35,$35,$35,$61,$50,$88,89,$0.40,$0.40,$289,$161,$0,$679,$89,$0,$64,$54,$240,$919,$198,$7,$46,$53,$251,$0,$398,$9,$668,$919,$64,$21,$11,$32,$-75,$-1,$12,$-13,$-58,$38,$-19,$-12,$0,$0,$0,$0,$-1,$-32,$3,$0,$3,$-11,$-11,$0,$0,$-8,$-5,$8,$0
22,2013-03-31,14.82,$7.19,2.06,$12.90,1.15,$1.78,8.31,$1.46,10.15,$0.65B,$0.19B,3.46,$0.01B,$0.63B,0.01,$1.16B,$0.63B,54.04%,$1.16B,$0.14B,12.37%,$1.16B,$0.14B,12.37%,$1.16B,$0.18B,15.72%,$1.16B,$0.15B,12.46%,$1.16B,$0.13B,11.43%,$0.13B,$0.63B,21.49%,$0.13B,$0.57B,23.70%,$0.13B,$0.88B,15.58%,$0.14B,$0.64B,23.15%,$312,$146,$166,$0,$128,$274,$38,$-2,$35,$6,$29,$29,$29,$48,$38,$89,89,$0.33,$0.33,$233,$178,$0,$647,$86,$0,$62,$49,$230,$877,$187,$7,$49,$56,$243,$0,$363,$16,$634,$877,$29,$10,$8,$18,$-88,$-16,$21,$-4,$-81,$-35,$-9,$-6,$0,$0,$0,$0,$-1,$-16,$3,$0,$3,$-12,$-12,$0,$0,$-9,$-62,$4,$0
23,2012-12-31,14.39,$6.96,2.07,$12.39,1.16,$1.53,9.41,$1.44,9.99,$0.61B,$0.16B,3.88,$0.01B,$0.62B,0.01,$1.12B,$0.61B,54.09%,$1.12B,$0.15B,12.99%,$1.12B,$0.15B,12.99%,$1.12B,$0.18B,16.28%,$1.12B,$0.15B,12.99%,$1.12B,$0.13B,11.74%,$0.13B,$0.62B,22.27%,$0.13B,$0.56B,24.50%,$0.13B,$0.83B,15.95%,$0.15B,$0.62B,24.58%,$225,$119,$106,$0,$111,$230,$-5,$1,$-4,$-0,$-4,$-4,$-3,$5,$-5,$90,91,$-0.04,$-0.04,$294,$165,$0,$613,$82,$0,$60,$40,$217,$830,$158,$5,$50,$54,$212,$0,$334,$20,$617,$830,$131,$37,$28,$64,$-9,$-35,$0,$-25,$-67,$128,$-38,$-21,$-5,$0,$0,$0,$-2,$-66,$5,$0,$5,$-22,$-22,$0,$-0,$-17,$37,$11,$0
24,2012-09-30,16.21,$7.09,2.29,$12.17,1.33,$1.80,8.98,$1.54,10.53,$0.69B,$0.20B,3.42,$0.00B,$0.64B,0.0,$1.10B,$0.60B,54.58%,$1.10B,$0.16B,14.23%,$1.10B,$0.16B,14.23%,$1.10B,$0.19B,17.50%,$1.10B,$0.16B,14.23%,$1.10B,$0.14B,12.69%,$0.14B,$0.64B,24.93%,$0.14B,$0.58B,27.44%,$0.14B,$0.89B,17.63%,$0.16B,$0.64B,27.96%,$296,$135,$161,$0,$121,$256,$40,$-0,$40,$-5,$45,$45,$45,$50,$40,$90,91,$0.50,$0.49,$313,$188,$0,$688,$77,$0,$61,$33,$203,$892,$201,$0,$49,$49,$251,$0,$338,$17,$641,$892,$135,$27,$18,$45,$-35,$-57,$7,$-20,$-73,$107,$-25,$-14,$-5,$-3,$0,$-3,$-2,$-49,$-1,$0,$-1,$3,$3,$0,$0,$2,$55,$9,$0
25,2012-06-30,16.15,$6.47,2.5,$11.96,1.35,$1.70,9.5,$1.38,11.7,$0.64B,$0.18B,3.66,$0.00B,$0.58B,0.0,$1.08B,$0.59B,54.34%,$1.08B,$0.15B,14.05%,$1.08B,$0.15B,14.05%,$1.08B,$0.19B,17.28%,$1.08B,$0.15B,14.23%,$1.08B,$0.13B,11.55%,$0.13B,$0.58B,23.87%,$0.13B,$0.54B,26.26%,$0.13B,$0.82B,16.73%,$0.15B,$0.58B,29.02%,$331,$135,$196,$0,$125,$260,$71,$3,$74,$12,$62,$62,$62,$80,$71,$90,91,$0.68,$0.68,$279,$166,$0,$640,$69,$0,$47,$29,$176,$816,$175,$0,$57,$57,$232,$0,$293,$10,$584,$816,$90,$17,$14,$31,$-51,$-38,$-1,$-16,$-71,$50,$-16,$-5,$0,$0,$0,$0,$-1,$-21,$-1,$0,$-1,$1,$1,$0,$0,$-0,$21,$6,$0
26,2012-03-31,20.92,$5.88,3.56,$11.59,1.8,$1.66,12.57,$1.31,15.97,$0.61B,$0.20B,3.11,$0.00B,$0.53B,0.0,$1.05B,$0.56B,53.68%,$1.05B,$0.14B,13.66%,$1.05B,$0.14B,13.66%,$1.05B,$0.18B,17.00%,$1.05B,$0.15B,13.85%,$1.05B,$0.12B,11.27%,$0.12B,$0.53B,23.84%,$0.12B,$0.48B,26.38%,$0.12B,$0.77B,16.53%,$0.14B,$0.53B,28.89%,$272,$127,$145,$0,$104,$232,$40,$-4,$36,$8,$28,$28,$28,$48,$40,$89,90,$0.32,$0.31,$207,$169,$0,$605,$68,$0,$48,$23,$168,$773,$195,$0,$49,$49,$244,$0,$231,$21,$529,$773,$28,$8,$12,$21,$-80,$-38,$13,$-5,$-109,$-60,$-8,$-2,$0,$0,$0,$0,$-0,$-10,$-28,$51,$23,$1,$1,$0,$0,$24,$-51,$2,$0
27,2011-12-31,14.77,$5.48,2.7,$11.13,1.33,$2.03,7.28,$1.24,11.91,$0.53B,$0.16B,3.38,$0.00B,$0.49B,0.0,$1.00B,$0.54B,53.49%,$1.00B,$0.13B,13.07%,$1.00B,$0.13B,13.07%,$1.00B,$0.17B,16.77%,$1.00B,$0.14B,13.67%,$1.00B,$0.11B,11.18%,$0.11B,$0.49B,24.12%,$0.11B,$0.44B,26.87%,$0.11B,$0.70B,16.62%,$0.13B,$0.49B,28.22%,$204,$104,$100,$0,$96,$198,$6,$1,$7,$2,$6,$6,$5,$15,$6,$88,90,$0.07,$0.06,$258,$130,$0,$525,$68,$0,$49,$23,$170,$695,$155,$0,$48,$48,$204,$0,$203,$15,$492,$695,$113,$37,$-2,$35,$-23,$-13,$30,$-18,$-6,$142,$-27,$-14,$0,$0,$0,$0,$-0,$-42,$-1,$0,$-1,$10,$10,$0,$-0,$9,$112,$9,$0
28,2011-09-30,23.68,$5.46,4.33,$10.91,2.17,$1.60,14.81,$1.23,19.25,$0.54B,$0.17B,3.11,$0.00B,$0.49B,0.0,$0.98B,$0.52B,53.43%,$0.98B,$0.13B,13.10%,$0.98B,$0.13B,13.10%,$0.98B,$0.17B,16.99%,$0.98B,$0.14B,13.92%,$0.98B,$0.11B,11.36%,$0.11B,$0.49B,25.50%,$0.11B,$0.44B,28.55%,$0.11B,$0.70B,17.41%,$0.13B,$0.49B,29.41%,$275,$128,$147,$0,$112,$240,$35,$2,$37,$7,$30,$30,$30,$44,$35,$89,90,$0.34,$0.33,$220,$151,$0,$535,$66,$0,$47,$25,$170,$704,$172,$0,$41,$42,$214,$0,$197,$22,$490,$704,$107,$29,$-3,$26,$-32,$-34,$25,$-16,$-40,$93,$-21,$-11,$0,$0,$0,$0,$-1,$-33,$-1,$0,$-1,$10,$10,$0,$0,$8,$75,$6,$0
29,2011-06-30,25.75,$5.25,4.91,$10.34,2.49,$1.59,16.18,$1.18,21.82,$0.51B,$0.17B,2.99,$0.00B,$0.47B,0.0,$0.92B,$0.49B,53.81%,$0.92B,$0.12B,13.07%,$0.92B,$0.12B,13.07%,$0.92B,$0.16B,17.32%,$0.92B,$0.13B,13.73%,$0.92B,$0.11B,11.55%,$0.11B,$0.47B,26.24%,$0.11B,$0.42B,29.55%,$0.11B,$0.68B,17.66%,$0.12B,$0.47B,29.68%,$296,$125,$170,$0,$108,$234,$62,$3,$65,$9,$56,$56,$55,$71,$62,$88,90,$0.62,$0.61,$180,$156,$0,$514,$69,$0,$48,$20,$170,$684,$172,$0,$40,$42,$215,$0,$167,$36,$469,$684,$77,$19,$-1,$18,$-48,$-33,$30,$-12,$-52,$44,$-14,$-8,$0,$0,$0,$0,$-0,$-21,$1,$0,$1,$7,$7,$0,$0,$7,$34,$4,$0
30,2011-03-31,17.84,$4.59,3.88,$9.69,1.84,$1.57,11.36,$0.94,18.98,$0.44B,$0.17B,2.6,$0.00B,$0.41B,0.0,$0.85B,$0.46B,53.65%,$0.85B,$0.10B,11.41%,$0.85B,$0.10B,11.41%,$0.85B,$0.14B,16.00%,$0.85B,$0.10B,11.76%,$0.85B,$0.08B,9.76%,$0.08B,$0.41B,22.54%,$0.08B,$0.36B,25.58%,$0.08B,$0.61B,15.00%,$0.10B,$0.41B,26.31%,$227,$108,$119,$0,$89,$199,$28,$-0,$28,$6,$22,$22,$22,$38,$28,$87,89,$0.24,$0.24,$115,$154,$0,$444,$69,$0,$46,$19,$170,$613,$171,$0,$35,$37,$207,$0,$111,$35,$406,$613,$22,$10,$3,$13,$-57,$-31,$31,$-7,$-63,$-29,$-6,$-4,$0,$0,$0,$0,$-0,$-9,$-52,$57,$5,$3,$3,$0,$0,$8,$-30,$1,$0
31,2010-12-31,17.12,$4.27,4.01,$9.08,1.89,$1.73,9.9,$0.77,22.23,$0.38B,$0.14B,2.77,$0.00B,$0.38B,0.0,$0.79B,$0.42B,53.67%,$0.79B,$0.08B,9.87%,$0.79B,$0.08B,9.87%,$0.79B,$0.12B,14.68%,$0.79B,$0.08B,10.25%,$0.79B,$0.07B,8.48%,$0.07B,$0.38B,19.69%,$0.07B,$0.33B,22.46%,$0.07B,$0.55B,13.09%,$0.08B,$0.38B,22.87%,$179,$93,$86,$0,$82,$177,$3,$3,$6,$1,$5,$5,$4,$13,$3,$85,88,$0.04,$0.04,$146,$121,$0,$381,$70,$0,$45,$18,$168,$549,$138,$0,$36,$36,$173,$0,$90,$31,$376,$549,$68,$37,$8,$45,$-13,$-28,$13,$2,$-8,$104,$-30,$-14,$0,$2,$0,$2,$0,$-42,$-2,$0,$-2,$7,$7,$0,$0,$5,$68,$7,$0
32,2010-09-30,13.0,$4.19,3.1,$8.63,1.51,$1.39,9.33,$0.59,22.03,$0.41B,$0.15B,2.66,$0.00B,$0.37B,0.0,$0.75B,$0.40B,53.28%,$0.75B,$0.04B,4.82%,$0.75B,$0.04B,4.82%,$0.75B,$0.07B,9.77%,$0.75B,$0.06B,8.30%,$0.75B,$0.05B,6.96%,$0.05B,$0.37B,16.34%,$0.05B,$0.32B,18.67%,$0.05B,$0.56B,10.90%,$0.04B,$0.37B,11.29%,$216,$97,$119,$0,$92,$188,$27,$-0,$27,$2,$25,$25,$25,$37,$27,$86,87,$0.29,$0.28,$144,$143,$0,$410,$66,$1,$42,$17,$145,$555,$154,$1,$33,$36,$190,$0,$85,$30,$365,$555,$63,$27,$8,$35,$-31,$-49,$44,$3,$-10,$88,$-19,$-9,$0,$1,$0,$1,$0,$-27,$-28,$27,$-1,$3,$3,$0,$0,$2,$66,$6,$0
33,2010-06-30,10.58,$3.78,2.8,$8.18,1.29,$1.01,10.43,$0.56,18.89,$0.35B,$0.14B,2.57,$0.00B,$0.33B,0.0,$0.71B,$0.37B,52.12%,$0.71B,$0.02B,2.82%,$0.71B,$0.02B,2.82%,$0.71B,$0.06B,7.91%,$0.71B,$0.05B,6.36%,$0.71B,$0.05B,6.92%,$0.05B,$0.33B,16.32%,$0.05B,$0.28B,18.68%,$0.05B,$0.50B,10.91%,$0.02B,$0.33B,6.64%,$228,$96,$132,$0,$94,$189,$39,$0,$39,$7,$32,$32,$32,$48,$39,$85,87,$0.38,$0.37,$97,$114,$0,$350,$67,$5,$41,$16,$147,$497,$136,$1,$32,$35,$171,$0,$60,$18,$326,$497,$38,$18,$3,$21,$-47,$-23,$30,$1,$-19,$40,$-12,$-7,$0,$-4,$0,$-4,$0,$-23,$-19,$18,$-1,$2,$2,$0,$0,$1,$20,$4,$0
34,2010-03-31,8.78,$3.41,2.58,$7.88,1.11,$0.95,9.27,$-0.17,0.0,$0.30B,$0.12B,2.57,$0.00B,$0.29B,0.01,$0.68B,$0.34B,49.85%,$0.68B,$-0.02B,-2.95%,$0.68B,$-0.02B,-2.95%,$0.68B,$0.02B,2.51%,$0.68B,$-0.02B,-2.51%,$0.68B,$-0.01B,-1.92%,$-0.01B,$0.29B,-4.57%,$-0.01B,$0.26B,-5.24%,$-0.01B,$0.45B,-2.99%,$-0.02B,$0.30B,-7.02%,$167,$80,$87,$0,$75,$157,$9,$-0,$9,$3,$6,$6,$6,$18,$9,$84,86,$0.07,$0.07,$55,$107,$0,$303,$68,$0,$39,$19,$144,$447,$118,$2,$32,$35,$153,$0,$28,$22,$294,$447,$6,$9,$1,$10,$-48,$-15,$35,$3,$-29,$-13,$-7,$-3,$0,$-2,$0,$-2,$-0,$-12,$-0,$0,$-0,$0,$0,$0,$0,$-0,$-24,$2,$0
35,2009-12-31,5.75,$3.36,1.71,$7.55,0.76,$1.10,5.24,$-0.51,0.0,$0.27B,$0.09B,3.08,$0.00B,$0.29B,0.0,$0.65B,$0.30B,46.59%,$0.65B,$-0.05B,-7.89%,$0.65B,$-0.05B,-7.89%,$0.65B,$-0.01B,-2.17%,$0.65B,$-0.05B,-7.43%,$0.65B,$-0.04B,-6.35%,$-0.04B,$0.29B,-14.80%,$-0.04B,$0.25B,-17.01%,$-0.04B,$0.41B,-9.44%,$-0.05B,$0.29B,-18.39%,$136,$76,$60,$0,$70,$175,$-39,$25,$-13,$-2,$-11,$-11,$-11,$-30,$-39,$85,85,$-0.12,$-0.11,$77,$93,$0,$267,$71,$0,$36,$17,$142,$410,$87,$0,$33,$35,$122,$0,$22,$24,$288,$410,$-42,$37,$61,$98,$-13,$45,$-17,$-14,$5,$61,$-18,$-7,$0,$-2,$0,$-2,$0,$-26,$-23,$0,$-23,$1,$1,$0,$-0,$-22,$26,$31,$0
36,2009-09-30,6.65,$3.42,1.95,$7.48,0.89,$0.82,8.07,$-0.78,0.0,$0.30B,$0.11B,2.63,$0.00B,$0.29B,0.01,$0.64B,$0.30B,46.70%,$0.64B,$-0.10B,-15.72%,$0.64B,$-0.10B,-15.72%,$0.64B,$-0.04B,-6.13%,$0.64B,$-0.08B,-12.42%,$0.64B,$-0.07B,-10.22%,$-0.07B,$0.29B,-23.49%,$-0.07B,$0.26B,-27.14%,$-0.07B,$0.44B,-14.57%,$-0.10B,$0.29B,-36.10%,$177,$87,$90,$0,$78,$166,$11,$-1,$10,$-12,$22,$22,$22,$20,$11,$86,87,$0.26,$0.25,$76,$114,$0,$297,$71,$0,$35,$18,$146,$443,$113,$1,$31,$37,$150,$0,$34,$25,$293,$443,$-31,$29,$49,$77,$-29,$24,$-1,$-12,$1,$48,$-12,$-5,$0,$0,$0,$0,$0,$-17,$-23,$0,$-22,$1,$1,$0,$-0,$-22,$24,$25,$0
37,2009-06-30,3.4,$3.06,1.11,$7.55,0.45,$0.73,4.66,$-2.82,0.0,$0.29B,$0.14B,2.11,$0.00B,$0.26B,0.0,$0.63B,$0.21B,33.02%,$0.63B,$-0.22B,-33.97%,$0.63B,$-0.22B,-33.97%,$0.63B,$-0.15B,-24.17%,$0.63B,$-0.23B,-35.55%,$0.63B,$-0.24B,-37.12%,$-0.24B,$0.26B,-83.48%,$-0.24B,$0.23B,-96.81%,$-0.24B,$0.44B,-51.91%,$-0.22B,$0.26B,-76.38%,$198,$97,$101,$0,$95,$199,$-1,$-22,$-23,$8,$-30,$-30,$-30,$9,$-1,$85,85,$-0.36,$-0.36,$78,$112,$0,$290,$74,$0,$34,$17,$147,$438,$137,$0,$33,$38,$176,$0,$12,$18,$262,$438,$-53,$19,$46,$65,$-32,$26,$0,$-6,$14,$26,$-5,$-2,$0,$0,$0,$0,$0,$-7,$-5,$0,$-5,$0,$0,$0,$0,$-5,$26,$23,$0
38,2009-03-31,1.19,$3.17,0.38,$7.88,0.15,$0.46,2.57,$-2.43,0.0,$0.28B,$0.14B,1.91,$0.00B,$0.27B,0.0,$0.66B,$0.20B,30.09%,$0.66B,$-0.21B,-32.52%,$0.66B,$-0.21B,-32.52%,$0.66B,$-0.15B,-23.25%,$0.66B,$-0.21B,-31.31%,$0.66B,$-0.20B,-30.85%,$-0.20B,$0.27B,-61.33%,$-0.20B,$0.23B,-71.23%,$-0.20B,$0.45B,-40.36%,$-0.21B,$0.27B,-64.65%,$135,$85,$50,$0,$69,$157,$-22,$0,$-22,$0,$-22,$-22,$-22,$-13,$-22,$84,84,$-0.27,$-0.27,$51,$131,$0,$276,$91,$0,$39,$18,$171,$447,$144,$0,$33,$38,$182,$0,$42,$12,$265,$447,$-22,$10,$0,$10,$-27,$7,$27,$-1,$8,$-5,$-1,$-0,$0,$0,$0,$0,$1,$-1,$0,$-3,$-3,$0,$0,$0,$0,$-3,$-1,$4,$0
39,2008-12-31,1.24,$3.46,0.36,$8.69,0.14,$0.04,34.07,$-2.21,0.0,$0.28B,$0.13B,2.09,$0.00B,$0.29B,0.0,$0.72B,$0.23B,32.27%,$0.72B,$-0.19B,-26.04%,$0.72B,$-0.19B,-26.04%,$0.72B,$-0.13B,-17.59%,$0.72B,$-0.19B,-26.32%,$0.72B,$-0.19B,-25.76%,$-0.19B,$0.29B,-49.21%,$-0.19B,$0.25B,-56.79%,$-0.19B,$0.46B,-33.23%,$-0.19B,$0.29B,-49.74%,$126,$70,$56,$0,$70,$214,$-88,$45,$-44,$-9,$-35,$-35,$-35,$-55,$-88,$83,83,$-0.43,$-0.43,$52,$143,$0,$279,$96,$0,$41,$19,$177,$456,$134,$0,$32,$35,$169,$0,$64,$16,$287,$456,$-185,$61,$143,$204,$111,$16,$-60,$-4,$54,$73,$-53,$-11,$-8,$0,$0,$0,$-2,$-73,$-61,$76,$15,$3,$3,$0,$0,$19,$15,$19,$0
40,2008-09-30,3.58,$3.77,0.95,$9.84,0.36,$-0.78,0.0,$-1.36,0.0,$0.32B,$0.13B,2.5,$0.00B,$0.31B,0.0,$0.82B,$0.30B,36.91%,$0.82B,$-0.05B,-5.60%,$0.82B,$-0.05B,-5.60%,$0.82B,$-0.01B,-1.34%,$0.82B,$-0.09B,-11.08%,$0.82B,$-0.11B,-13.76%,$-0.11B,$0.31B,-27.08%,$-0.11B,$0.27B,-31.11%,$-0.11B,$0.47B,-18.76%,$-0.05B,$0.31B,-11.02%,$174,$172,$2,$0,$104,$279,$-104,$-31,$-136,$12,$-148,$-148,$-148,$-94,$-104,$83,83,$-1.79,$-1.79,$60,$141,$0,$316,$93,$0,$41,$12,$153,$470,$126,$0,$30,$32,$158,$0,$99,$11,$312,$470,$-150,$28,$152,$180,$81,$27,$-43,$-4,$44,$74,$-48,$-11,$-8,$0,$0,$0,$-3,$-69,$-61,$73,$13,$3,$3,$0,$0,$16,$20,$14,$0
41,2008-06-30,8.01,$5.55,1.44,$10.74,0.75,$-1.32,0.0,$1.09,7.35,$0.45B,$0.15B,3.04,$0.00B,$0.46B,0.0,$0.90B,$0.46B,50.50%,$0.90B,$0.14B,15.06%,$0.90B,$0.14B,15.06%,$0.90B,$0.17B,18.49%,$0.90B,$0.12B,13.73%,$0.90B,$0.09B,10.19%,$0.09B,$0.46B,20.79%,$0.09B,$0.40B,23.83%,$0.09B,$0.64B,14.52%,$0.14B,$0.46B,30.73%,$223,$132,$90,$0,$90,$223,$-0,$-4,$-4,$-6,$2,$2,$2,$9,$-0,$83,84,$0.03,$0.03,$55,$220,$1,$445,$97,$0,$63,$12,$194,$639,$147,$0,$27,$33,$180,$0,$247,$12,$460,$639,$-2,$17,$6,$24,$30,$36,$-55,$-12,$5,$26,$-28,$-7,$-5,$0,$0,$0,$-4,$-44,$-31,$60,$30,$3,$3,$0,$2,$35,$15,$11,$0
42,2008-03-31,17.47,$5.48,3.19,$10.76,1.62,$-1.33,0.0,$1.64,10.65,$0.50B,$0.20B,2.54,$0.00B,$0.45B,0.0,$0.90B,$0.50B,55.09%,$0.90B,$0.20B,22.57%,$0.90B,$0.20B,22.57%,$0.90B,$0.23B,25.44%,$0.90B,$0.20B,21.79%,$0.90B,$0.14B,15.27%,$0.14B,$0.45B,33.80%,$0.14B,$0.40B,38.66%,$0.14B,$0.67B,23.52%,$0.20B,$0.45B,49.97%,$199,$113,$85,$0,$77,$194,$4,$-11,$-6,$-2,$-5,$-5,$-5,$13,$4,$82,82,$-0.05,$-0.05,$33,$266,$1,$495,$91,$0,$57,$9,$178,$674,$195,$0,$19,$25,$220,$0,$245,$13,$453,$674,$-5,$8,$4,$12,$4,$-12,$-21,$-11,$-40,$-32,$-10,$-1,$-2,$0,$0,$0,$-2,$-14,$-8,$44,$36,$3,$3,$0,$2,$41,$-7,$5,$0
43,2007-12-31,36.81,$5.40,6.81,$10.07,3.65,$-1.09,0.0,$2.00,18.45,$0.47B,$0.17B,2.8,$0.00B,$0.44B,0.0,$0.85B,$0.50B,58.68%,$0.85B,$0.24B,27.98%,$0.85B,$0.24B,27.98%,$0.85B,$0.26B,30.46%,$0.85B,$0.24B,28.45%,$0.85B,$0.17B,19.83%,$0.17B,$0.44B,47.06%,$0.17B,$0.39B,53.67%,$0.17B,$0.63B,33.40%,$0.24B,$0.44B,66.34%,$225,$99,$126,$0,$81,$171,$54,$1,$55,$16,$38,$38,$38,$61,$54,$81,84,$0.48,$0.46,$37,$248,$0,$468,$88,$0,$55,$8,$159,$627,$167,$0,$14,$16,$183,$0,$249,$10,$444,$627,$168,$21,$-37,$-16,$-84,$-154,$27,$-11,$-143,$9,$-57,$-17,$-12,$22,$0,$22,$2,$-62,$-1,$7,$6,$-6,$-6,$0,$43,$43,$-6,$22,$0
44,2007-09-30,67.25,$5.03,13.37,$8.81,7.63,$-0.65,0.0,$1.80,37.36,$0.46B,$0.17B,2.71,$0.00B,$0.41B,0.0,$0.74B,$0.44B,59.32%,$0.74B,$0.21B,28.98%,$0.74B,$0.21B,28.98%,$0.74B,$0.23B,31.29%,$0.74B,$0.22B,29.52%,$0.74B,$0.15B,20.54%,$0.15B,$0.41B,50.67%,$0.15B,$0.36B,57.69%,$0.15B,$0.59B,35.87%,$0.21B,$0.41B,71.42%,$256,$101,$155,$0,$77,$178,$78,$1,$79,$23,$57,$57,$57,$84,$78,$82,85,$0.69,$0.66,$77,$195,$0,$458,$72,$0,$51,$11,$136,$594,$169,$0,$9,$13,$182,$0,$211,$7,$413,$594,$130,$14,$-26,$-12,$-92,$-102,$30,$-15,$-95,$22,$-42,$-14,$-11,$6,$0,$6,$-1,$-63,$-1,$0,$-1,$14,$14,$0,$39,$52,$13,$16,$0
45,2007-06-30,43.0,$3.98,10.79,$7.19,5.98,$-0.54,0.0,$1.41,30.6,$0.34B,$0.12B,2.85,$0.00B,$0.32B,0.0,$0.59B,$0.35B,58.64%,$0.59B,$0.17B,28.14%,$0.59B,$0.17B,28.14%,$0.59B,$0.18B,30.51%,$0.59B,$0.17B,28.81%,$0.59B,$0.12B,19.66%,$0.12B,$0.32B,48.54%,$0.12B,$0.28B,54.33%,$0.12B,$0.45B,34.86%,$0.17B,$0.32B,69.24%,$224,$92,$132,$0,$63,$156,$68,$0,$69,$20,$48,$48,$48,$72,$68,$80,84,$0.60,$0.58,$89,$119,$0,$344,$56,$0,$42,$9,$109,$452,$121,$0,$7,$9,$130,$0,$154,$3,$323,$452,$73,$8,$-13,$-6,$-52,$-29,$13,$-10,$-45,$23,$-25,$-4,$-3,$-2,$0,$-2,$-1,$-34,$-0,$0,$-0,$9,$9,$0,$21,$30,$19,$10,$0
46,2007-03-31,23.63,$3.11,7.59,$5.57,4.24,$-0.79,0.0,$1.02,23.16,$0.26B,$0.08B,3.15,$0.00B,$0.25B,0.0,$0.45B,$0.26B,57.74%,$0.45B,$0.12B,26.99%,$0.45B,$0.12B,26.99%,$0.45B,$0.13B,29.42%,$0.45B,$0.13B,27.65%,$0.45B,$0.08B,18.58%,$0.08B,$0.25B,42.97%,$0.08B,$0.22B,47.06%,$0.08B,$0.34B,31.43%,$0.12B,$0.25B,62.09%,$142,$58,$84,$0,$47,$105,$37,$0,$38,$13,$25,$25,$25,$41,$37,$79,82,$0.31,$0.30,$52,$94,$0,$258,$43,$0,$28,$8,$81,$339,$82,$0,$7,$9,$91,$0,$106,$1,$248,$339,$25,$4,$-4,$-0,$-32,$-7,$1,$3,$-36,$-11,$-11,$-3,$-2,$13,$0,$13,$-1,$-3,$-0,$0,$0,$2,$2,$0,$8,$10,$-4,$5,$0
47,2006-12-31,21.6,$2.65,8.16,$4.43,4.88,$-0.79,0.0,$0.81,26.83,$0.24B,$0.09B,2.7,$0.00B,$0.21B,0.0,$0.36B,$0.20B,56.62%,$0.36B,$0.10B,26.76%,$0.36B,$0.10B,26.76%,$0.36B,$0.10B,29.01%,$0.36B,$0.10B,27.32%,$0.36B,$0.07B,18.31%,$0.07B,$0.21B,39.22%,$0.07B,$0.18B,42.21%,$0.07B,$0.30B,28.95%,$0.10B,$0.21B,56.97%,$113,$48,$65,$0,$35,$83,$30,$1,$31,$10,$21,$21,$21,$33,$30,$75,80,$0.30,$0.27,$68,$86,$0,$238,$35,$0,$24,$2,$62,$299,$88,$0,$1,$3,$91,$0,$81,$1,$208,$299,$64,$8,$0,$8,$-46,$-56,$20,$-13,$-61,$12,$-24,$-5,$-15,$-22,$0,$-22,$-3,$-70,$-14,$2,$-12,$2,$2,$-0,$105,$95,$38,$10,$0
