,Date,Stock Price,Book Value per Share,Price to Book Ratio,TTM Sales per Share,Price to Sales Ratio,TTM FCF per Share,Price to FCF Ratio,TTM Net EPS,PE Ratio,Current Assets,Current Liabilities,Current Ratio,Long Term Debt,Shareholder's Equity_x,Debt to Equity Ratio,TTM Revenue_x,TTM Gross Profit,Gross Margin,TTM Revenue_y,TTM Operating Income,Operating Margin,TTM Revenue_x,TTM EBIT,EBIT Margin,TTM Revenue_y,TTM EBITDA,EBITDA Margin,TTM Revenue_x,TTM Pre-Tax Income,Pre-Tax Margin,TTM Revenue_y,TTM Net Income_x,Net Margin,TTM Net Income_y,Shareholder's Equity_y,Return on Equity,TTM Net Income_x,Tangible Equity,Return on Tangible Equity,TTM Net Income_y,Total Assets,Return on Assets,TTM Net Income,LT Investments & Debt,Return on Investment,revenue,cost-goods-sold,gross-profit,research-development-expenses,selling-general-administrative-expenses,operating-expenses,operating-income,total-non-operating-income-expense,pre-tax-income,total-provision-income-taxes,income-after-taxes,income-from-continuous-operations,net-income,ebitda,ebit,basic-shares-outstanding,shares-outstanding,eps-basic-net-earnings-per-share,eps-earnings-per-share-diluted,cash-on-hand,inventory,other-current-assets,total-current-assets,net-property-plant-equipment,long-term-investments,goodwill-intangible-assets-total,other-long-term-assets,total-long-term-assets,total-assets,total-current-liabilities,long-term-debt,other-non-current-liabilities,total-long-term-liabilities,total-liabilities,common-stock-net,retained-earnings-accumulated-deficit,comprehensive-income,total-share-holder-equity,total-liabilities-share-holders-equity,net-income-loss,total-depreciation-amortization-cash-flow,other-non-cash-items,total-non-cash-items,change-in-accounts-receivable,change-in-inventories,change-in-accounts-payable,change-in-assets-liabilities,total-change-in-assets-liabilities,cash-flow-from-operating-activities,net-change-in-property-plant-equipment,net-change-in-intangible-assets,net-acquisitions-divestitures,net-change-in-short-term-investments,net-change-in-long-term-investments,net-change-in-investments-total,investing-activities-other,cash-flow-from-investing-activities,net-long-term-debt,net-current-debt,debt-issuance-retirement-net-total,net-common-equity-issued-repurchased,net-total-equity-issued-repurchased,total-common-preferred-stock-dividends-paid,financial-activities-other,cash-flow-from-financial-activities,net-cash-flow,stock-based-compensation,common-stock-dividends-paid
0,2018-09-30,60.25,$10.10,5.97,$30.54,1.97,$6.81,8.85,$2.26,26.66,$0.20B,$0.12B,1.77,$0.00B,$0.19B,0.0,$0.58B,$0.12B,19.73%,$0.58B,$0.05B,9.09%,$0.58B,$0.05B,9.09%,$0.58B,$0.08B,13.04%,$0.58B,$0.05B,9.09%,$0.58B,$0.04B,7.55%,$0.04B,$0.19B,25.04%,$0.04B,$0.15B,32.41%,$0.04B,$0.31B,15.34%,$0.05B,$0.19B,30.16%,$148,$117,$31,$0,$15,$132,$16,$0,$16,$4,$13,$13,$13,$22,$16,$19,19,$0.68,$0.67,$90,$0,$41,$204,$65,$0,$40,$1,$106,$310,$116,$0,$0,$4,$120,$0,$483,$0,$190,$310,$25,$11,$3,$14,$-2,$0,$0,$-6,$10,$49,$-6,$0,$0,$0,$0,$0,$0,$-6,$0,$0,$0,$-8,$-8,$0,$0,$-8,$34,$2,$0
1,2018-06-30,54.0,$9.63,5.61,$29.97,1.8,$5.61,9.62,$2.03,26.6,$0.18B,$0.11B,1.75,$0.00B,$0.18B,0.0,$0.57B,$0.11B,19.26%,$0.57B,$0.05B,8.58%,$0.57B,$0.05B,8.58%,$0.57B,$0.07B,12.43%,$0.57B,$0.05B,8.58%,$0.57B,$0.04B,6.83%,$0.04B,$0.18B,23.60%,$0.04B,$0.14B,31.20%,$0.04B,$0.29B,14.27%,$0.05B,$0.18B,29.65%,$150,$119,$31,$0,$16,$135,$15,$0,$15,$4,$12,$12,$12,$21,$15,$19,19,$0.62,$0.62,$73,$0,$36,$183,$67,$0,$40,$1,$108,$291,$105,$0,$0,$5,$109,$0,$470,$0,$182,$291,$12,$6,$2,$8,$-2,$0,$3,$-0,$3,$23,$-3,$0,$0,$0,$0,$0,$0,$-3,$0,$0,$0,$-2,$-2,$0,$0,$-2,$18,$1,$0
2,2018-03-31,50.55,$9.05,5.59,$29.34,1.72,$5.42,9.32,$1.87,27.03,$0.16B,$0.10B,1.67,$0.00B,$0.17B,0.0,$0.56B,$0.11B,19.32%,$0.56B,$0.05B,8.59%,$0.56B,$0.05B,8.59%,$0.56B,$0.07B,12.34%,$0.56B,$0.05B,8.59%,$0.56B,$0.04B,6.44%,$0.04B,$0.17B,23.30%,$0.04B,$0.13B,31.58%,$0.04B,$0.27B,13.82%,$0.05B,$0.17B,31.07%,$144,$116,$27,$0,$16,$132,$12,$0,$12,$3,$9,$9,$9,$17,$12,$19,19,$0.47,$0.47,$56,$0,$35,$163,$69,$0,$40,$1,$111,$274,$98,$0,$0,$5,$103,$0,$458,$0,$171,$274,$36,$22,$6,$28,$-5,$0,$-3,$-5,$-1,$62,$-28,$0,$0,$0,$0,$0,$0,$-28,$0,$0,$0,$-7,$-7,$0,$0,$-7,$27,$3,$0
3,2017-12-31,52.9,$8.49,6.23,$28.62,1.85,$4.68,11.29,$1.82,29.07,$0.17B,$0.11B,1.52,$0.00B,$0.16B,0.0,$0.55B,$0.11B,19.85%,$0.55B,$0.05B,8.93%,$0.55B,$0.05B,8.93%,$0.55B,$0.07B,12.75%,$0.55B,$0.05B,8.93%,$0.55B,$0.04B,6.38%,$0.04B,$0.16B,23.89%,$0.04B,$0.12B,33.10%,$0.04B,$0.27B,13.96%,$0.05B,$0.16B,33.45%,$141,$115,$26,$0,$15,$131,$10,$0,$10,$1,$10,$10,$10,$16,$10,$19,19,$0.51,$0.50,$54,$0,$42,$167,$64,$0,$40,$1,$105,$272,$110,$0,$0,$2,$112,$0,$449,$0,$160,$272,$27,$16,$2,$18,$-2,$0,$0,$-9,$6,$50,$-16,$0,$0,$0,$0,$0,$0,$-16,$0,$0,$0,$-9,$-9,$0,$0,$-9,$25,$2,$0
4,2017-09-30,54.4,$7.85,6.93,$27.83,1.95,$3.92,13.88,$1.68,32.38,$0.15B,$0.10B,1.46,$0.00B,$0.15B,0.0,$0.54B,$0.11B,20.34%,$0.54B,$0.05B,9.33%,$0.54B,$0.05B,9.33%,$0.54B,$0.07B,13.25%,$0.54B,$0.05B,9.33%,$0.54B,$0.03B,5.97%,$0.03B,$0.15B,22.50%,$0.03B,$0.11B,31.60%,$0.03B,$0.26B,13.21%,$0.05B,$0.15B,35.15%,$136,$111,$26,$0,$14,$124,$12,$0,$12,$4,$8,$8,$8,$17,$12,$19,19,$0.45,$0.44,$38,$0,$39,$148,$64,$0,$40,$3,$107,$256,$102,$0,$0,$6,$108,$0,$440,$0,$148,$256,$17,$11,$2,$13,$-4,$0,$-1,$-7,$1,$31,$-11,$0,$0,$0,$0,$0,$0,$-11,$0,$0,$0,$-10,$-10,$0,$0,$-10,$10,$2,$0
5,2017-06-30,47.45,$7.40,6.41,$27.14,1.75,$3.40,13.95,$1.59,29.84,$0.13B,$0.10B,1.41,$0.00B,$0.14B,0.0,$0.53B,$0.11B,20.64%,$0.53B,$0.05B,9.28%,$0.53B,$0.05B,9.28%,$0.53B,$0.07B,13.45%,$0.53B,$0.05B,9.28%,$0.53B,$0.03B,5.87%,$0.03B,$0.14B,21.87%,$0.03B,$0.10B,30.77%,$0.03B,$0.24B,13.01%,$0.05B,$0.14B,34.57%,$138,$109,$29,$0,$15,$123,$14,$0,$14,$5,$9,$9,$9,$19,$14,$19,19,$0.47,$0.46,$35,$0,$32,$134,$63,$0,$41,$2,$106,$240,$95,$0,$0,$6,$102,$0,$432,$0,$139,$240,$9,$5,$1,$6,$-0,$0,$4,$1,$6,$21,$-5,$0,$0,$0,$0,$0,$0,$-5,$0,$0,$0,$-10,$-10,$0,$1,$-10,$6,$1,$0
6,2017-03-31,43.5,$7.32,5.94,$26.40,1.65,$2.70,16.12,$1.51,28.81,$0.13B,$0.09B,1.43,$0.00B,$0.14B,0.0,$0.52B,$0.11B,20.46%,$0.52B,$0.05B,9.07%,$0.52B,$0.05B,9.07%,$0.52B,$0.07B,13.32%,$0.52B,$0.05B,9.07%,$0.52B,$0.03B,5.60%,$0.03B,$0.14B,20.39%,$0.03B,$0.10B,28.64%,$0.03B,$0.24B,12.34%,$0.05B,$0.14B,33.04%,$134,$106,$28,$0,$15,$121,$13,$0,$13,$5,$8,$8,$8,$18,$13,$19,20,$0.42,$0.42,$29,$0,$32,$129,$63,$0,$41,$3,$107,$235,$90,$0,$0,$7,$97,$0,$423,$0,$139,$235,$29,$21,$4,$25,$-5,$0,$3,$-7,$-3,$52,$-31,$0,$0,$0,$0,$0,$0,$-31,$0,$0,$0,$-25,$-25,$0,$0,$-25,$-4,$2,$0
7,2016-12-31,36.6,$7.43,4.92,$25.98,1.41,$3.35,10.92,$1.43,25.59,$0.14B,$0.09B,1.55,$0.00B,$0.14B,0.0,$0.51B,$0.10B,20.31%,$0.51B,$0.05B,8.79%,$0.51B,$0.05B,8.79%,$0.51B,$0.07B,13.09%,$0.51B,$0.05B,8.79%,$0.51B,$0.03B,5.47%,$0.03B,$0.14B,19.93%,$0.03B,$0.10B,28.14%,$0.03B,$0.24B,12.11%,$0.05B,$0.14B,32.03%,$128,$103,$26,$0,$14,$117,$11,$0,$11,$4,$7,$7,$7,$17,$11,$19,20,$0.36,$0.36,$39,$0,$31,$136,$58,$0,$41,$3,$102,$238,$87,$0,$0,$7,$95,$0,$415,$0,$143,$238,$21,$16,$4,$20,$-1,$0,$-1,$-5,$-5,$37,$-17,$0,$0,$0,$-0,$-0,$0,$-17,$0,$0,$0,$-13,$-13,$0,$0,$-13,$6,$2,$0
8,2016-09-30,38.4,$7.47,5.14,$25.65,1.5,$3.62,10.61,$1.41,27.23,$0.14B,$0.09B,1.6,$0.00B,$0.15B,0.0,$0.51B,$0.10B,20.28%,$0.51B,$0.05B,8.86%,$0.51B,$0.05B,8.86%,$0.51B,$0.07B,12.99%,$0.51B,$0.05B,8.86%,$0.51B,$0.03B,5.51%,$0.03B,$0.15B,20.48%,$0.03B,$0.11B,29.24%,$0.03B,$0.24B,12.36%,$0.05B,$0.15B,32.91%,$128,$102,$26,$0,$15,$117,$11,$0,$11,$4,$7,$7,$7,$17,$11,$20,20,$0.36,$0.35,$41,$0,$31,$139,$57,$0,$41,$3,$102,$240,$87,$0,$0,$7,$94,$0,$408,$0,$146,$240,$14,$10,$2,$12,$-2,$0,$-1,$-6,$-6,$21,$-11,$0,$0,$0,$-0,$-0,$0,$-11,$0,$0,$0,$-2,$-2,$0,$1,$-1,$8,$1,$0
9,2016-06-30,43.18,$7.17,6.02,$25.36,1.7,$3.95,10.92,$1.47,29.37,$0.13B,$0.08B,1.62,$0.00B,$0.14B,0.0,$0.50B,$0.10B,20.63%,$0.50B,$0.05B,9.33%,$0.50B,$0.05B,9.33%,$0.50B,$0.07B,13.29%,$0.50B,$0.05B,9.33%,$0.50B,$0.03B,5.75%,$0.03B,$0.14B,21.93%,$0.03B,$0.10B,31.87%,$0.03B,$0.23B,13.06%,$0.05B,$0.14B,35.54%,$128,$103,$26,$0,$13,$116,$12,$0,$12,$5,$7,$7,$7,$17,$12,$20,20,$0.38,$0.38,$36,$0,$25,$128,$56,$0,$41,$3,$99,$227,$79,$0,$0,$8,$87,$0,$401,$0,$141,$227,$7,$5,$1,$6,$-1,$0,$3,$1,$-5,$8,$-5,$0,$0,$0,$0,$0,$0,$-5,$0,$0,$0,$-0,$-0,$0,$1,$1,$3,$1,$0
10,2016-03-31,39.42,$6.75,5.84,$25.10,1.57,$4.32,9.12,$1.43,27.57,$0.12B,$0.08B,1.53,$0.00B,$0.13B,0.0,$0.50B,$0.10B,20.68%,$0.50B,$0.05B,9.15%,$0.50B,$0.05B,9.15%,$0.50B,$0.07B,13.12%,$0.50B,$0.05B,9.15%,$0.50B,$0.03B,5.77%,$0.03B,$0.13B,22.52%,$0.03B,$0.09B,33.14%,$0.03B,$0.22B,13.21%,$0.05B,$0.13B,35.73%,$128,$102,$26,$0,$16,$118,$11,$0,$11,$4,$7,$7,$7,$16,$11,$20,20,$0.34,$0.34,$33,$0,$26,$123,$53,$0,$41,$3,$97,$220,$80,$0,$0,$8,$88,$0,$393,$0,$132,$220,$29,$20,$2,$22,$-4,$0,$-3,$-2,$1,$51,$-17,$0,$0,$0,$-1,$-1,$0,$-17,$0,$0,$0,$-27,$-27,$0,$1,$-27,$7,$2,$0
11,2015-12-31,43.92,$6.53,6.72,$24.54,1.79,$3.62,12.13,$1.36,32.29,$0.12B,$0.07B,1.64,$0.00B,$0.13B,0.0,$0.50B,$0.10B,20.32%,$0.50B,$0.04B,8.85%,$0.50B,$0.04B,8.85%,$0.50B,$0.06B,12.88%,$0.50B,$0.04B,8.85%,$0.50B,$0.03B,5.63%,$0.03B,$0.13B,21.92%,$0.03B,$0.09B,32.46%,$0.03B,$0.22B,12.87%,$0.04B,$0.13B,34.44%,$124,$99,$25,$0,$15,$113,$11,$0,$11,$4,$7,$7,$7,$16,$11,$20,20,$0.34,$0.34,$27,$0,$24,$121,$54,$0,$41,$3,$98,$219,$74,$0,$0,$17,$91,$0,$387,$0,$128,$219,$22,$15,$2,$17,$1,$0,$-4,$-2,$-2,$37,$-12,$0,$0,$0,$-1,$-1,$0,$-13,$0,$0,$0,$-24,$-24,$0,$1,$-23,$1,$2,$0
12,2015-09-30,32.3,$6.45,5.01,$24.18,1.34,$3.25,9.95,$1.35,23.93,$0.12B,$0.08B,1.59,$0.00B,$0.13B,0.0,$0.50B,$0.10B,20.20%,$0.50B,$0.04B,8.69%,$0.50B,$0.04B,8.69%,$0.50B,$0.06B,12.73%,$0.50B,$0.04B,8.69%,$0.50B,$0.03B,5.66%,$0.03B,$0.13B,21.83%,$0.03B,$0.09B,32.28%,$0.03B,$0.22B,12.99%,$0.04B,$0.13B,33.53%,$124,$98,$27,$0,$13,$111,$13,$0,$13,$5,$8,$8,$8,$18,$13,$20,20,$0.42,$0.41,$25,$0,$25,$123,$55,$0,$41,$3,$99,$222,$77,$0,$0,$17,$94,$0,$380,$0,$128,$222,$15,$10,$2,$12,$-3,$0,$-0,$-8,$-2,$25,$-8,$0,$0,$0,$-1,$-1,$0,$-9,$0,$0,$0,$-17,$-17,$0,$0,$-17,$-1,$1,$0
13,2015-06-30,32.02,$6.35,5.04,$23.86,1.34,$2.69,11.89,$1.31,24.44,$0.12B,$0.07B,1.61,$0.00B,$0.13B,0.0,$0.50B,$0.10B,19.80%,$0.50B,$0.04B,8.69%,$0.50B,$0.04B,8.69%,$0.50B,$0.06B,12.53%,$0.50B,$0.04B,8.69%,$0.50B,$0.03B,5.66%,$0.03B,$0.13B,21.66%,$0.03B,$0.09B,31.91%,$0.03B,$0.22B,13.11%,$0.04B,$0.13B,33.27%,$127,$101,$26,$0,$15,$116,$11,$0,$11,$4,$7,$7,$7,$16,$11,$20,20,$0.34,$0.34,$27,$0,$19,$117,$56,$0,$41,$2,$100,$217,$73,$0,$0,$17,$89,$0,$372,$0,$127,$217,$7,$5,$1,$6,$0,$0,$2,$-1,$3,$15,$-5,$0,$0,$0,$-1,$-1,$0,$-5,$0,$0,$0,$-8,$-8,$0,$0,$-8,$2,$1,$0
14,2015-03-31,34.41,$6.32,5.45,$23.48,1.47,$2.42,14.21,$1.36,25.3,$0.11B,$0.07B,1.51,$0.00B,$0.13B,0.0,$0.49B,$0.10B,20.33%,$0.49B,$0.05B,9.15%,$0.49B,$0.05B,9.15%,$0.49B,$0.06B,13.01%,$0.49B,$0.05B,9.15%,$0.49B,$0.03B,5.89%,$0.03B,$0.13B,22.26%,$0.03B,$0.09B,32.77%,$0.03B,$0.21B,13.68%,$0.05B,$0.13B,34.55%,$122,$100,$23,$0,$14,$113,$9,$0,$9,$3,$6,$6,$6,$14,$9,$21,21,$0.27,$0.28,$26,$0,$17,$112,$56,$0,$42,$2,$100,$212,$74,$0,$0,$10,$84,$0,$365,$0,$128,$212,$29,$18,$5,$23,$-2,$0,$-3,$-7,$-7,$44,$-23,$0,$0,$0,$-1,$-1,$0,$-24,$0,$0,$0,$-30,$-30,$0,$0,$-29,$-9,$2,$0
15,2014-12-31,37.22,$6.37,5.84,$23.25,1.6,$3.10,12.01,$1.48,25.15,$0.12B,$0.07B,1.78,$0.00B,$0.13B,0.0,$0.49B,$0.10B,21.22%,$0.49B,$0.05B,10.00%,$0.49B,$0.05B,10.00%,$0.49B,$0.07B,13.67%,$0.49B,$0.05B,10.00%,$0.49B,$0.03B,6.33%,$0.03B,$0.13B,23.85%,$0.03B,$0.09B,35.13%,$0.03B,$0.21B,14.59%,$0.05B,$0.13B,37.69%,$122,$98,$24,$0,$14,$112,$10,$0,$10,$3,$7,$7,$7,$15,$10,$21,21,$0.33,$0.33,$31,$0,$15,$115,$53,$0,$42,$1,$96,$211,$65,$0,$0,$16,$81,$0,$359,$0,$130,$211,$23,$13,$3,$16,$-0,$0,$-5,$1,$-6,$33,$-15,$0,$0,$0,$-1,$-1,$0,$-16,$0,$0,$0,$-21,$-21,$0,$1,$-21,$-4,$2,$0
16,2014-09-30,34.05,$6.38,5.34,$23.06,1.48,$3.77,9.03,$1.56,21.83,$0.12B,$0.07B,1.8,$0.00B,$0.13B,0.0,$0.49B,$0.11B,22.09%,$0.49B,$0.05B,11.04%,$0.49B,$0.05B,11.04%,$0.49B,$0.07B,14.52%,$0.49B,$0.05B,11.04%,$0.49B,$0.03B,6.75%,$0.03B,$0.13B,25.93%,$0.03B,$0.09B,38.71%,$0.03B,$0.21B,15.68%,$0.05B,$0.13B,42.44%,$124,$98,$25,$0,$13,$111,$13,$0,$13,$5,$8,$8,$8,$17,$13,$21,21,$0.38,$0.37,$28,$0,$16,$119,$53,$0,$42,$1,$95,$214,$66,$0,$0,$16,$82,$0,$352,$0,$132,$214,$16,$9,$2,$10,$-4,$0,$-4,$-0,$-11,$16,$-10,$0,$0,$0,$-1,$-1,$0,$-11,$0,$0,$0,$-12,$-12,$0,$1,$-12,$-7,$1,$0
17,2014-06-30,45.18,$6.25,7.23,$22.77,1.98,$4.41,10.25,$1.60,28.24,$0.12B,$0.06B,1.81,$0.00B,$0.13B,0.0,$0.48B,$0.11B,22.73%,$0.48B,$0.06B,11.57%,$0.48B,$0.06B,11.57%,$0.48B,$0.07B,15.08%,$0.48B,$0.06B,11.57%,$0.48B,$0.03B,7.02%,$0.03B,$0.13B,27.81%,$0.03B,$0.09B,42.37%,$0.03B,$0.21B,16.57%,$0.06B,$0.13B,45.81%,$124,$97,$28,$0,$14,$111,$13,$0,$13,$5,$8,$8,$8,$18,$13,$21,21,$0.40,$0.39,$34,$0,$13,$116,$52,$0,$42,$1,$95,$211,$64,$0,$0,$16,$81,$0,$344,$0,$131,$211,$8,$4,$1,$5,$-0,$0,$1,$3,$-4,$10,$-5,$0,$0,$0,$-1,$-1,$0,$-5,$0,$0,$0,$-5,$-5,$0,$0,$-5,$-1,$1,$0
18,2014-03-31,49.76,$6.03,8.25,$22.38,2.22,$4.69,10.6,$1.61,30.91,$0.12B,$0.07B,1.68,$0.00B,$0.13B,0.0,$0.48B,$0.11B,22.80%,$0.48B,$0.06B,11.92%,$0.48B,$0.06B,11.92%,$0.48B,$0.07B,15.27%,$0.48B,$0.06B,11.92%,$0.48B,$0.04B,7.32%,$0.04B,$0.13B,29.66%,$0.04B,$0.09B,46.05%,$0.04B,$0.21B,17.48%,$0.06B,$0.13B,48.31%,$120,$94,$27,$0,$14,$107,$13,$0,$13,$5,$8,$8,$8,$17,$13,$21,21,$0.40,$0.39,$35,$0,$16,$121,$51,$0,$42,$0,$94,$214,$72,$0,$0,$16,$88,$0,$336,$0,$127,$214,$34,$16,$1,$17,$-9,$0,$3,$-4,$3,$55,$-18,$0,$0,$0,$0,$0,$0,$-18,$0,$0,$0,$-23,$-23,$0,$2,$-21,$15,$2,$0
19,2013-12-31,46.7,$5.68,8.22,$21.74,2.15,$4.77,9.8,$1.57,29.75,$0.11B,$0.07B,1.69,$0.00B,$0.12B,0.0,$0.47B,$0.11B,22.55%,$0.47B,$0.06B,11.91%,$0.47B,$0.06B,11.91%,$0.47B,$0.07B,15.32%,$0.47B,$0.06B,11.91%,$0.47B,$0.04B,7.45%,$0.04B,$0.12B,30.70%,$0.04B,$0.08B,48.61%,$0.04B,$0.20B,18.21%,$0.06B,$0.12B,49.12%,$121,$93,$28,$0,$13,$107,$15,$0,$15,$6,$9,$9,$9,$19,$15,$21,21,$0.42,$0.41,$33,$0,$11,$111,$50,$0,$42,$0,$92,$203,$66,$0,$0,$18,$84,$0,$328,$0,$119,$203,$26,$12,$2,$14,$-7,$0,$3,$-0,$5,$46,$-13,$0,$0,$0,$0,$0,$0,$-13,$0,$0,$0,$-22,$-22,$0,$2,$-20,$13,$2,$0
20,2013-09-30,36.97,$5.36,6.9,$20.83,1.78,$4.75,7.78,$1.43,25.94,$0.10B,$0.06B,1.62,$0.00B,$0.11B,0.0,$0.46B,$0.10B,21.93%,$0.46B,$0.05B,11.18%,$0.46B,$0.05B,11.18%,$0.46B,$0.07B,14.69%,$0.46B,$0.05B,11.18%,$0.46B,$0.03B,7.02%,$0.03B,$0.11B,28.64%,$0.03B,$0.07B,46.04%,$0.03B,$0.19B,17.27%,$0.05B,$0.11B,45.64%,$119,$92,$27,$0,$12,$104,$15,$0,$15,$6,$9,$9,$9,$19,$15,$21,21,$0.41,$0.41,$22,$0,$12,$100,$50,$0,$42,$0,$92,$193,$62,$0,$0,$18,$80,$0,$319,$0,$112,$193,$17,$8,$1,$9,$-6,$0,$1,$-2,$2,$29,$-9,$0,$0,$0,$0,$0,$0,$-9,$0,$0,$0,$-18,$-18,$0,$1,$-17,$2,$1,$0
21,2013-06-30,29.27,$5.37,5.45,$19.88,1.47,$4.61,6.35,$1.31,22.43,$0.10B,$0.06B,1.67,$0.00B,$0.11B,0.0,$0.44B,$0.10B,21.72%,$0.44B,$0.05B,10.63%,$0.44B,$0.05B,10.63%,$0.44B,$0.06B,14.03%,$0.44B,$0.05B,10.63%,$0.44B,$0.03B,6.79%,$0.03B,$0.11B,26.37%,$0.03B,$0.07B,42.11%,$0.03B,$0.19B,16.48%,$0.05B,$0.11B,41.32%,$118,$91,$27,$0,$13,$104,$14,$0,$14,$5,$9,$9,$9,$18,$14,$21,22,$0.40,$0.40,$25,$0,$11,$98,$51,$0,$42,$0,$93,$191,$59,$0,$0,$18,$77,$0,$310,$0,$114,$191,$9,$4,$1,$5,$-2,$0,$4,$-1,$4,$17,$-5,$0,$0,$0,$0,$0,$0,$-5,$0,$0,$0,$-6,$-6,$0,$0,$-6,$5,$0,$0
22,2013-03-31,24.75,$5.18,4.78,$18.98,1.3,$4.52,5.47,$1.20,20.71,$0.09B,$0.05B,1.76,$0.00B,$0.11B,0.0,$0.43B,$0.09B,21.45%,$0.43B,$0.04B,10.26%,$0.43B,$0.04B,10.26%,$0.43B,$0.06B,13.75%,$0.43B,$0.04B,10.26%,$0.43B,$0.03B,6.53%,$0.03B,$0.11B,24.56%,$0.03B,$0.07B,39.30%,$0.03B,$0.18B,15.75%,$0.04B,$0.11B,38.60%,$112,$88,$24,$0,$12,$100,$12,$0,$12,$4,$8,$8,$8,$16,$12,$22,22,$0.35,$0.35,$20,$0,$10,$93,$47,$0,$42,$0,$89,$182,$53,$0,$0,$18,$71,$0,$302,$0,$111,$182,$27,$16,$6,$22,$-2,$0,$1,$0,$7,$55,$-15,$0,$0,$0,$0,$0,$0,$-15,$0,$0,$0,$-27,$-27,$0,$0,$-27,$13,$1,$0
23,2012-12-31,22.42,$5.06,4.43,$18.49,1.21,$3.28,6.83,$1.07,21.05,$0.09B,$0.05B,1.82,$0.00B,$0.11B,0.0,$0.42B,$0.09B,21.14%,$0.42B,$0.04B,9.50%,$0.42B,$0.04B,9.50%,$0.42B,$0.06B,13.06%,$0.42B,$0.04B,9.50%,$0.42B,$0.03B,5.94%,$0.03B,$0.11B,21.98%,$0.03B,$0.07B,35.34%,$0.03B,$0.18B,14.27%,$0.04B,$0.11B,35.16%,$107,$86,$22,$0,$12,$97,$10,$0,$10,$4,$6,$6,$6,$14,$10,$22,22,$0.27,$0.26,$21,$0,$8,$88,$45,$0,$43,$0,$87,$175,$48,$0,$0,$17,$65,$0,$294,$0,$110,$175,$19,$12,$3,$14,$4,$0,$1,$-2,$10,$44,$-9,$0,$0,$0,$0,$0,$0,$-9,$0,$0,$0,$-21,$-21,$0,$1,$-20,$14,$1,$0
24,2012-09-30,22.38,$5.33,4.2,$18.08,1.24,$2.23,10.01,$1.04,21.62,$0.09B,$0.04B,2.11,$0.00B,$0.12B,0.0,$0.42B,$0.09B,21.20%,$0.42B,$0.04B,9.40%,$0.42B,$0.04B,9.40%,$0.42B,$0.05B,13.01%,$0.42B,$0.04B,9.40%,$0.42B,$0.02B,5.78%,$0.02B,$0.12B,21.10%,$0.02B,$0.08B,34.04%,$0.02B,$0.18B,13.87%,$0.04B,$0.12B,34.29%,$105,$83,$23,$0,$12,$95,$11,$0,$11,$4,$7,$7,$7,$14,$11,$23,23,$0.29,$0.29,$20,$0,$7,$91,$46,$0,$43,$0,$89,$180,$43,$0,$0,$17,$60,$0,$288,$0,$120,$180,$13,$8,$2,$10,$-1,$0,$-2,$-1,$1,$24,$-6,$0,$0,$0,$0,$0,$0,$-6,$0,$0,$0,$-6,$-6,$0,$2,$-4,$13,$0,$0
25,2012-06-30,24.5,$5.11,4.8,$17.93,1.37,$1.65,14.89,$1.09,22.58,$0.08B,$0.04B,2.02,$0.00B,$0.12B,0.0,$0.42B,$0.09B,21.93%,$0.42B,$0.04B,9.88%,$0.42B,$0.04B,9.88%,$0.42B,$0.06B,13.73%,$0.42B,$0.04B,9.88%,$0.42B,$0.03B,6.02%,$0.03B,$0.12B,22.52%,$0.03B,$0.07B,37.04%,$0.03B,$0.17B,14.73%,$0.04B,$0.12B,36.94%,$105,$81,$23,$0,$12,$94,$11,$0,$11,$4,$7,$7,$7,$15,$11,$23,23,$0.29,$0.29,$15,$0,$7,$84,$47,$0,$43,$0,$90,$174,$42,$0,$0,$17,$58,$0,$282,$0,$115,$174,$7,$4,$1,$5,$3,$0,$-2,$-1,$2,$13,$-3,$0,$0,$0,$0,$0,$0,$-3,$0,$0,$0,$-3,$-3,$0,$0,$-2,$8,$0,$0
26,2012-03-31,19.95,$4.88,4.09,$17.69,1.13,$1.55,12.84,$1.15,17.42,$0.08B,$0.05B,1.82,$0.00B,$0.11B,0.0,$0.41B,$0.09B,22.82%,$0.41B,$0.04B,10.44%,$0.41B,$0.04B,10.44%,$0.41B,$0.06B,14.32%,$0.41B,$0.04B,10.44%,$0.41B,$0.03B,6.31%,$0.03B,$0.11B,23.91%,$0.03B,$0.07B,40.00%,$0.03B,$0.17B,15.36%,$0.04B,$0.11B,39.54%,$104,$83,$21,$0,$13,$96,$8,$0,$8,$3,$5,$5,$5,$12,$8,$23,23,$0.23,$0.22,$7,$0,$6,$81,$47,$0,$43,$0,$91,$172,$45,$0,$0,$17,$62,$0,$275,$0,$110,$172,$27,$15,$14,$28,$-3,$0,$-2,$-7,$-19,$36,$-23,$0,$-0,$0,$0,$0,$0,$-23,$0,$0,$0,$-19,$-19,$0,$1,$-18,$-6,$2,$0
27,2011-12-31,25.86,$4.82,5.37,$17.38,1.49,$2.12,12.19,$1.04,24.98,$0.08B,$0.05B,1.67,$0.00B,$0.11B,0.0,$0.41B,$0.10B,24.26%,$0.41B,$0.04B,9.80%,$0.41B,$0.04B,9.80%,$0.41B,$0.06B,13.48%,$0.41B,$0.04B,9.80%,$0.41B,$0.02B,5.88%,$0.02B,$0.11B,22.59%,$0.02B,$0.07B,38.55%,$0.02B,$0.17B,14.35%,$0.04B,$0.11B,37.65%,$101,$80,$21,$0,$12,$92,$9,$0,$9,$3,$5,$5,$5,$13,$9,$23,23,$0.24,$0.24,$10,$0,$5,$78,$45,$0,$43,$0,$88,$166,$47,$0,$0,$10,$56,$0,$270,$0,$110,$166,$21,$11,$3,$14,$1,$0,$-0,$0,$-7,$28,$-17,$0,$-0,$0,$0,$0,$0,$-17,$0,$0,$0,$-14,$-14,$0,$1,$-13,$-2,$2,$0
28,2011-09-30,21.25,$4.74,4.48,$16.97,1.25,$2.66,7.99,$1.08,19.68,$0.08B,$0.05B,1.66,$0.00B,$0.11B,0.0,$0.40B,$0.10B,25.37%,$0.40B,$0.04B,10.45%,$0.40B,$0.04B,10.45%,$0.40B,$0.06B,13.93%,$0.40B,$0.04B,10.45%,$0.40B,$0.03B,6.47%,$0.03B,$0.11B,24.94%,$0.03B,$0.07B,43.15%,$0.03B,$0.17B,15.85%,$0.04B,$0.11B,40.29%,$105,$79,$26,$0,$13,$92,$13,$0,$13,$5,$8,$8,$8,$17,$13,$23,23,$0.34,$0.34,$8,$0,$5,$80,$43,$0,$43,$0,$87,$167,$48,$0,$0,$10,$58,$0,$265,$0,$109,$167,$16,$7,$2,$9,$-3,$0,$3,$0,$-9,$16,$-12,$0,$0,$0,$0,$0,$0,$-12,$0,$0,$0,$-9,$-9,$0,$1,$-8,$-4,$1,$0
29,2011-06-30,23.45,$4.56,5.14,$16.35,1.43,$3.09,7.59,$1.05,22.33,$0.09B,$0.06B,1.52,$0.00B,$0.11B,0.0,$0.39B,$0.10B,25.38%,$0.39B,$0.04B,9.74%,$0.39B,$0.04B,9.74%,$0.39B,$0.05B,13.08%,$0.39B,$0.04B,9.74%,$0.39B,$0.03B,6.67%,$0.03B,$0.11B,25.24%,$0.03B,$0.06B,43.88%,$0.03B,$0.17B,16.28%,$0.04B,$0.11B,36.89%,$102,$77,$26,$0,$12,$89,$13,$0,$13,$5,$8,$8,$8,$17,$13,$23,24,$0.36,$0.35,$18,$0,$4,$87,$42,$0,$43,$0,$86,$172,$57,$0,$0,$10,$67,$0,$257,$0,$106,$172,$8,$3,$1,$5,$-0,$0,$5,$1,$2,$15,$-7,$0,$0,$0,$0,$0,$0,$-7,$0,$0,$0,$-3,$-3,$0,$0,$-3,$5,$1,$0
30,2011-03-31,26.59,$4.28,6.21,$15.76,1.69,$2.98,8.92,$1.02,26.07,$0.08B,$0.06B,1.5,$0.00B,$0.10B,0.0,$0.38B,$0.10B,25.53%,$0.38B,$0.04B,9.74%,$0.38B,$0.04B,9.74%,$0.38B,$0.05B,12.89%,$0.38B,$0.04B,9.74%,$0.38B,$0.03B,6.84%,$0.03B,$0.10B,25.68%,$0.03B,$0.06B,44.83%,$0.03B,$0.16B,16.99%,$0.04B,$0.10B,36.54%,$100,$75,$26,$0,$21,$96,$5,$0,$5,$2,$3,$3,$3,$8,$5,$24,24,$0.12,$0.12,$12,$0,$5,$82,$39,$0,$43,$0,$82,$164,$55,$0,$0,$10,$65,$0,$248,$0,$100,$164,$25,$12,$6,$18,$-7,$0,$0,$-3,$2,$45,$-19,$0,$-1,$0,$0,$0,$0,$-20,$0,$0,$0,$-26,$-26,$0,$2,$-23,$2,$3,$0
31,2010-12-31,24.18,$4.37,5.54,$15.04,1.61,$2.92,8.28,$1.18,20.49,$0.07B,$0.05B,1.56,$0.00B,$0.10B,0.0,$0.37B,$0.09B,25.27%,$0.37B,$0.04B,11.68%,$0.37B,$0.04B,11.68%,$0.37B,$0.06B,14.95%,$0.37B,$0.04B,11.68%,$0.37B,$0.03B,8.15%,$0.03B,$0.10B,29.93%,$0.03B,$0.06B,52.40%,$0.03B,$0.15B,20.41%,$0.04B,$0.10B,42.89%,$95,$71,$24,$0,$12,$84,$11,$0,$11,$5,$7,$7,$7,$14,$11,$23,24,$0.29,$0.28,$16,$0,$3,$72,$37,$0,$44,$0,$80,$153,$46,$0,$0,$5,$51,$0,$246,$0,$102,$153,$22,$9,$3,$12,$-1,$0,$1,$-1,$4,$38,$-14,$0,$-1,$0,$0,$0,$0,$-15,$0,$0,$0,$-20,$-20,$0,$2,$-18,$6,$2,$0
32,2010-09-30,21.23,$4.38,4.85,$14.55,1.46,$2.60,8.17,$1.17,18.14,$0.07B,$0.04B,1.73,$0.00B,$0.10B,0.0,$0.36B,$0.09B,25.28%,$0.36B,$0.04B,11.94%,$0.36B,$0.04B,11.94%,$0.36B,$0.06B,15.28%,$0.36B,$0.04B,11.94%,$0.36B,$0.03B,8.33%,$0.03B,$0.10B,30.61%,$0.03B,$0.06B,54.30%,$0.03B,$0.15B,20.91%,$0.04B,$0.10B,43.88%,$93,$70,$23,$0,$14,$84,$9,$0,$9,$2,$8,$8,$8,$12,$9,$24,24,$0.32,$0.31,$19,$0,$0,$72,$35,$0,$43,$0,$78,$150,$42,$0,$0,$5,$47,$0,$239,$0,$104,$150,$15,$6,$2,$8,$-1,$0,$-1,$-1,$1,$24,$-9,$0,$0,$0,$0,$0,$0,$-9,$0,$0,$0,$-10,$-10,$0,$1,$-9,$6,$1,$0
33,2010-06-30,16.9,$4.18,4.05,$13.89,1.22,$2.48,6.8,$1.11,15.22,$0.07B,$0.04B,1.67,$0.00B,$0.10B,0.0,$0.35B,$0.09B,25.50%,$0.35B,$0.05B,12.89%,$0.35B,$0.05B,12.89%,$0.35B,$0.06B,16.33%,$0.35B,$0.05B,12.89%,$0.35B,$0.03B,8.02%,$0.03B,$0.10B,29.32%,$0.03B,$0.06B,52.83%,$0.03B,$0.15B,19.93%,$0.05B,$0.10B,47.12%,$92,$68,$24,$0,$11,$79,$12,$0,$12,$5,$8,$8,$8,$15,$12,$24,24,$0.33,$0.32,$14,$0,$0,$68,$34,$0,$43,$0,$77,$145,$41,$0,$0,$5,$45,$0,$232,$0,$99,$145,$8,$3,$1,$4,$-2,$0,$1,$-0,$-1,$11,$-5,$0,$0,$0,$0,$0,$0,$-5,$0,$0,$0,$-5,$-5,$0,$0,$-5,$1,$1,$0
34,2010-03-31,17.88,$3.98,4.49,$13.25,1.35,$2.47,7.23,$1.04,17.27,$0.07B,$0.04B,1.68,$0.00B,$0.10B,0.0,$0.34B,$0.09B,25.44%,$0.34B,$0.04B,13.02%,$0.34B,$0.04B,13.02%,$0.34B,$0.06B,16.57%,$0.34B,$0.04B,13.02%,$0.34B,$0.03B,7.69%,$0.03B,$0.10B,26.94%,$0.03B,$0.05B,48.15%,$0.03B,$0.14B,18.47%,$0.04B,$0.10B,45.60%,$88,$66,$22,$0,$11,$77,$11,$0,$11,$4,$7,$7,$7,$14,$11,$25,25,$0.27,$0.27,$10,$0,$2,$67,$30,$0,$43,$0,$73,$140,$40,$0,$0,$5,$45,$0,$224,$0,$96,$140,$26,$12,$5,$17,$-6,$0,$-4,$-2,$-5,$38,$-12,$0,$-1,$0,$0,$0,$0,$-12,$0,$0,$0,$-29,$-29,$0,$1,$-29,$-3,$2,$0
35,2009-12-31,16.77,$3.83,4.38,$12.62,1.33,$2.14,7.83,$0.93,18.03,$0.06B,$0.04B,1.63,$0.00B,$0.09B,0.0,$0.33B,$0.08B,24.77%,$0.33B,$0.04B,12.23%,$0.33B,$0.04B,12.23%,$0.33B,$0.05B,15.90%,$0.33B,$0.04B,12.23%,$0.33B,$0.02B,7.03%,$0.02B,$0.09B,23.83%,$0.02B,$0.05B,42.40%,$0.02B,$0.14B,16.40%,$0.04B,$0.09B,41.45%,$87,$65,$22,$0,$11,$76,$11,$0,$11,$4,$7,$7,$7,$14,$11,$24,25,$0.28,$0.27,$8,$0,$0,$62,$30,$0,$43,$4,$77,$139,$38,$0,$0,$8,$46,$0,$217,$0,$93,$139,$19,$9,$4,$12,$-5,$0,$-2,$0,$-6,$26,$-9,$0,$0,$0,$0,$0,$0,$-9,$0,$0,$0,$-25,$-25,$0,$1,$-24,$-7,$2,$0
36,2009-09-30,14.2,$3.81,3.73,$12.00,1.18,$1.96,7.23,$0.83,17.11,$0.06B,$0.04B,1.73,$0.00B,$0.09B,0.0,$0.32B,$0.08B,24.29%,$0.32B,$0.04B,11.36%,$0.32B,$0.04B,11.36%,$0.32B,$0.05B,15.14%,$0.32B,$0.04B,11.36%,$0.32B,$0.02B,6.62%,$0.02B,$0.09B,21.82%,$0.02B,$0.05B,38.53%,$0.02B,$0.14B,15.05%,$0.04B,$0.09B,37.40%,$82,$62,$21,$0,$10,$72,$11,$0,$11,$4,$6,$6,$6,$14,$11,$26,26,$0.25,$0.25,$12,$0,$0,$62,$30,$0,$42,$4,$76,$138,$36,$0,$0,$8,$44,$0,$211,$0,$94,$138,$13,$6,$2,$8,$-2,$0,$-3,$0,$-2,$19,$-6,$0,$0,$0,$0,$0,$0,$-6,$0,$0,$0,$-16,$-16,$0,$0,$-16,$-3,$1,$0
37,2009-06-30,11.39,$3.98,2.86,$11.59,0.98,$1.77,6.43,$0.76,14.98,$0.07B,$0.04B,2.03,$0.00B,$0.10B,0.0,$0.31B,$0.08B,23.96%,$0.31B,$0.03B,10.54%,$0.31B,$0.03B,10.54%,$0.31B,$0.05B,14.38%,$0.31B,$0.03B,10.54%,$0.31B,$0.02B,6.39%,$0.02B,$0.10B,20.25%,$0.02B,$0.06B,34.78%,$0.02B,$0.15B,14.04%,$0.03B,$0.10B,33.42%,$81,$60,$21,$0,$10,$71,$11,$0,$11,$4,$6,$6,$6,$14,$11,$26,26,$0.25,$0.25,$20,$0,$0,$71,$29,$0,$42,$4,$75,$146,$35,$0,$0,$8,$43,$0,$204,$0,$103,$146,$6,$3,$2,$5,$-3,$0,$-2,$0,$-4,$8,$-2,$0,$0,$0,$0,$0,$0,$-2,$0,$0,$0,$-0,$-0,$0,$0,$-0,$6,$0,$0
38,2009-03-31,10.11,$3.73,2.71,$11.26,0.9,$1.75,5.78,$0.72,14.14,$0.07B,$0.04B,1.76,$0.00B,$0.10B,0.0,$0.31B,$0.07B,23.87%,$0.31B,$0.03B,10.00%,$0.31B,$0.03B,10.00%,$0.31B,$0.04B,13.87%,$0.31B,$0.03B,10.00%,$0.31B,$0.02B,6.45%,$0.02B,$0.10B,20.41%,$0.02B,$0.05B,34.93%,$0.02B,$0.14B,14.04%,$0.03B,$0.10B,31.63%,$77,$60,$17,$0,$10,$70,$7,$0,$7,$3,$4,$4,$4,$10,$7,$27,27,$0.17,$0.16,$15,$0,$0,$65,$30,$0,$42,$0,$72,$138,$37,$0,$0,$4,$41,$0,$198,$0,$96,$138,$19,$12,$4,$16,$-4,$0,$-2,$-1,$-5,$30,$-10,$0,$-3,$0,$0,$0,$0,$-14,$0,$0,$0,$-21,$-21,$0,$1,$-21,$-5,$1,$0
39,2008-12-31,10.99,$3.56,3.08,$11.19,0.98,$1.84,5.97,$0.77,14.27,$0.06B,$0.04B,1.67,$0.00B,$0.09B,0.0,$0.31B,$0.08B,25.16%,$0.31B,$0.03B,10.97%,$0.31B,$0.03B,10.97%,$0.31B,$0.05B,14.84%,$0.31B,$0.03B,10.97%,$0.31B,$0.02B,7.10%,$0.02B,$0.09B,22.45%,$0.02B,$0.05B,37.93%,$0.02B,$0.14B,15.36%,$0.03B,$0.09B,34.69%,$77,$59,$18,$0,$10,$70,$7,$0,$7,$3,$5,$5,$5,$10,$7,$27,27,$0.17,$0.17,$12,$0,$0,$60,$30,$0,$42,$4,$75,$136,$36,$0,$0,$7,$43,$0,$193,$0,$92,$136,$15,$9,$3,$12,$-1,$0,$-3,$0,$-3,$24,$-10,$0,$0,$0,$0,$0,$0,$-10,$0,$0,$0,$-20,$-20,$0,$0,$-20,$-6,$1,$0
40,2008-09-30,14.31,$3.80,3.76,$11.07,1.29,$1.42,10.07,$0.82,17.55,$0.07B,$0.04B,1.96,$0.00B,$0.10B,0.0,$0.31B,$0.08B,25.81%,$0.31B,$0.04B,11.94%,$0.31B,$0.04B,11.94%,$0.31B,$0.05B,15.81%,$0.31B,$0.04B,11.94%,$0.31B,$0.02B,7.42%,$0.02B,$0.10B,23.47%,$0.02B,$0.06B,39.32%,$0.02B,$0.15B,16.23%,$0.04B,$0.10B,37.76%,$78,$59,$19,$0,$11,$70,$8,$0,$8,$3,$5,$5,$5,$11,$8,$28,28,$0.18,$0.18,$24,$0,$0,$74,$30,$0,$41,$4,$75,$150,$38,$0,$0,$7,$45,$0,$189,$0,$104,$150,$11,$6,$2,$8,$-3,$0,$-2,$-0,$-4,$15,$-6,$0,$0,$0,$0,$0,$0,$-6,$0,$0,$0,$-3,$-3,$0,$0,$-3,$6,$1,$0
41,2008-06-30,16.94,$3.65,4.64,$10.90,1.55,$1.04,16.35,$0.84,20.28,$0.07B,$0.04B,1.86,$0.00B,$0.10B,0.0,$0.31B,$0.08B,26.14%,$0.31B,$0.04B,12.42%,$0.31B,$0.04B,12.42%,$0.31B,$0.05B,16.34%,$0.31B,$0.04B,12.42%,$0.31B,$0.02B,7.84%,$0.02B,$0.10B,25.53%,$0.02B,$0.06B,43.84%,$0.02B,$0.15B,17.71%,$0.04B,$0.10B,40.43%,$78,$58,$20,$0,$11,$69,$9,$0,$9,$4,$6,$6,$6,$12,$9,$28,28,$0.20,$0.20,$22,$0,$0,$71,$30,$0,$40,$4,$74,$146,$38,$0,$0,$7,$45,$0,$184,$0,$100,$146,$6,$3,$1,$4,$-1,$0,$2,$0,$-1,$8,$-3,$0,$0,$0,$0,$0,$0,$-3,$0,$0,$0,$-2,$-2,$0,$1,$-2,$4,$0,$0
42,2008-03-31,15.3,$3.49,4.38,$10.74,1.42,$0.53,28.6,$0.83,18.43,$0.07B,$0.04B,1.8,$0.00B,$0.10B,0.0,$0.30B,$0.08B,25.83%,$0.30B,$0.04B,12.58%,$0.30B,$0.04B,12.58%,$0.30B,$0.05B,16.56%,$0.30B,$0.04B,12.58%,$0.30B,$0.02B,7.95%,$0.02B,$0.10B,26.59%,$0.02B,$0.06B,46.38%,$0.02B,$0.14B,18.57%,$0.04B,$0.10B,42.11%,$77,$57,$21,$0,$11,$67,$10,$0,$10,$4,$6,$6,$6,$13,$10,$28,28,$0.23,$0.23,$18,$0,$0,$66,$31,$0,$40,$0,$74,$141,$37,$0,$0,$7,$44,$0,$178,$0,$96,$141,$23,$12,$2,$14,$1,$0,$3,$-2,$0,$37,$-15,$0,$-15,$0,$0,$0,$0,$-29,$0,$0,$0,$-5,$-5,$0,$0,$-5,$3,$1,$0
43,2007-12-31,11.51,$3.33,3.45,$10.47,1.1,$0.48,23.74,$0.80,14.48,$0.06B,$0.03B,1.85,$0.00B,$0.09B,0.0,$0.30B,$0.08B,25.34%,$0.30B,$0.04B,12.50%,$0.30B,$0.04B,12.50%,$0.30B,$0.05B,16.22%,$0.30B,$0.04B,12.50%,$0.30B,$0.02B,7.77%,$0.02B,$0.09B,26.74%,$0.02B,$0.05B,44.88%,$0.02B,$0.13B,18.78%,$0.04B,$0.09B,43.02%,$77,$56,$20,$0,$11,$67,$10,$0,$10,$4,$6,$6,$6,$13,$10,$28,28,$0.22,$0.22,$11,$0,$0,$60,$31,$0,$39,$0,$70,$130,$33,$0,$0,$6,$39,$0,$175,$0,$92,$130,$17,$9,$4,$12,$-0,$0,$-0,$0,$-2,$27,$-25,$0,$0,$0,$0,$0,$0,$-25,$0,$0,$0,$-6,$-6,$0,$-0,$-7,$-4,$1,$0
44,2007-09-30,11.56,$3.18,3.63,$10.04,1.15,$1.01,11.41,$0.72,16.17,$0.06B,$0.03B,1.87,$0.00B,$0.09B,0.0,$0.29B,$0.07B,24.83%,$0.29B,$0.03B,11.54%,$0.29B,$0.03B,11.54%,$0.29B,$0.04B,15.38%,$0.29B,$0.03B,11.54%,$0.29B,$0.02B,7.34%,$0.02B,$0.09B,25.61%,$0.02B,$0.05B,39.07%,$0.02B,$0.13B,17.95%,$0.03B,$0.09B,40.24%,$74,$55,$19,$0,$9,$64,$9,$0,$9,$4,$6,$6,$6,$12,$9,$28,28,$0.21,$0.20,$9,$0,$0,$57,$29,$0,$39,$0,$68,$125,$31,$0,$0,$6,$37,$0,$169,$0,$88,$125,$11,$6,$2,$8,$2,$0,$0,$-0,$-0,$19,$-21,$0,$0,$0,$0,$0,$0,$-21,$0,$0,$0,$-3,$-3,$0,$-0,$-4,$-6,$1,$0
45,2007-06-30,13.07,$3.05,4.28,$9.79,1.33,$1.51,8.68,$0.69,19.08,$0.06B,$0.03B,1.96,$0.00B,$0.09B,0.0,$0.28B,$0.07B,24.37%,$0.28B,$0.03B,11.47%,$0.28B,$0.03B,11.47%,$0.28B,$0.04B,15.05%,$0.28B,$0.03B,11.47%,$0.28B,$0.02B,7.17%,$0.02B,$0.09B,25.40%,$0.02B,$0.05B,35.09%,$0.02B,$0.12B,17.78%,$0.03B,$0.09B,40.63%,$74,$56,$18,$0,$9,$65,$9,$0,$9,$4,$6,$6,$6,$12,$9,$28,28,$0.20,$0.20,$7,$0,$0,$57,$26,$0,$37,$0,$63,$121,$29,$0,$0,$6,$35,$0,$163,$0,$85,$121,$6,$3,$2,$4,$-1,$0,$2,$-0,$-2,$7,$-16,$0,$0,$0,$0,$0,$0,$-16,$0,$0,$0,$0,$0,$0,$0,$0,$-8,$0,$0
46,2007-03-31,15.13,$2.84,5.33,$9.63,1.57,$2.06,7.35,$0.65,23.15,$0.06B,$0.03B,2.2,$0.00B,$0.08B,0.0,$0.28B,$0.07B,24.00%,$0.28B,$0.03B,11.27%,$0.28B,$0.03B,11.27%,$0.28B,$0.04B,14.55%,$0.28B,$0.03B,11.27%,$0.28B,$0.02B,6.91%,$0.02B,$0.08B,25.08%,$0.02B,$0.06B,31.67%,$0.02B,$0.11B,17.47%,$0.03B,$0.08B,40.92%,$71,$53,$18,$0,$9,$62,$9,$0,$9,$3,$5,$5,$5,$11,$9,$28,29,$0.19,$0.18,$15,$0,$0,$64,$25,$0,$24,$0,$49,$114,$29,$0,$0,$5,$35,$0,$158,$0,$79,$114,$19,$10,$3,$13,$-3,$0,$-0,$-0,$-1,$30,$-9,$0,$-12,$0,$0,$0,$0,$-21,$0,$0,$0,$-12,$-12,$0,$4,$-9,$1,$1,$0
47,2006-12-31,23.79,$2.71,8.76,$9.42,2.52,$2.02,11.75,$0.58,41.13,$0.07B,$0.03B,2.69,$0.00B,$0.08B,0.0,$0.27B,$0.06B,22.59%,$0.27B,$0.03B,10.00%,$0.27B,$0.03B,10.00%,$0.27B,$0.04B,13.70%,$0.27B,$0.03B,10.00%,$0.27B,$0.02B,6.30%,$0.02B,$0.08B,23.29%,$0.02B,$0.06B,28.33%,$0.02B,$0.11B,16.15%,$0.03B,$0.08B,36.99%,$67,$51,$16,$0,$9,$60,$6,$0,$6,$2,$4,$4,$4,$9,$6,$28,29,$0.14,$0.14,$24,$0,$0,$71,$24,$0,$13,$0,$37,$108,$26,$0,$0,$5,$32,$0,$152,$0,$76,$108,$13,$8,$4,$12,$-1,$0,$-0,$0,$-2,$24,$-6,$0,$0,$0,$0,$0,$0,$-6,$0,$0,$0,$-8,$-8,$0,$-0,$-8,$10,$1,$0
