,Date,Stock Price,Book Value per Share,Price to Book Ratio,TTM Sales per Share,Price to Sales Ratio,TTM FCF per Share,Price to FCF Ratio,TTM Net EPS,PE Ratio,Current Assets,Current Liabilities,Current Ratio,Long Term Debt,Shareholder's Equity_x,Debt to Equity Ratio,TTM Revenue_x,TTM Gross Profit,Gross Margin,TTM Revenue_y,TTM Operating Income,Operating Margin,TTM Revenue_x,TTM EBIT,EBIT Margin,TTM Revenue_y,TTM EBITDA,EBITDA Margin,TTM Revenue_x,TTM Pre-Tax Income,Pre-Tax Margin,TTM Revenue_y,TTM Net Income_x,Net Margin,TTM Net Income_y,Shareholder's Equity_y,Return on Equity,TTM Net Income_x,Tangible Equity,Return on Tangible Equity,TTM Net Income_y,Total Assets,Return on Assets,TTM Net Income,LT Investments & Debt,Return on Investment,revenue,cost-goods-sold,gross-profit,research-development-expenses,selling-general-administrative-expenses,operating-expenses,operating-income,total-non-operating-income-expense,pre-tax-income,total-provision-income-taxes,income-after-taxes,income-from-continuous-operations,net-income,ebitda,ebit,basic-shares-outstanding,shares-outstanding,eps-basic-net-earnings-per-share,eps-earnings-per-share-diluted,cash-on-hand,inventory,other-current-assets,total-current-assets,net-property-plant-equipment,long-term-investments,goodwill-intangible-assets-total,other-long-term-assets,total-long-term-assets,total-assets,total-current-liabilities,long-term-debt,other-non-current-liabilities,total-long-term-liabilities,total-liabilities,common-stock-net,retained-earnings-accumulated-deficit,comprehensive-income,total-share-holder-equity,total-liabilities-share-holders-equity,net-income-loss,total-depreciation-amortization-cash-flow,other-non-cash-items,total-non-cash-items,change-in-accounts-receivable,change-in-inventories,change-in-accounts-payable,change-in-assets-liabilities,total-change-in-assets-liabilities,cash-flow-from-operating-activities,net-change-in-property-plant-equipment,net-change-in-intangible-assets,net-acquisitions-divestitures,net-change-in-short-term-investments,net-change-in-long-term-investments,net-change-in-investments-total,investing-activities-other,cash-flow-from-investing-activities,net-long-term-debt,net-current-debt,debt-issuance-retirement-net-total,net-common-equity-issued-repurchased,net-total-equity-issued-repurchased,total-common-preferred-stock-dividends-paid,financial-activities-other,cash-flow-from-financial-activities,net-cash-flow,stock-based-compensation,common-stock-dividends-paid
0,2018-09-30,8.58,$4.06,2.11,0.0,0.0,$-4.65,0.0,$-1.97,0.0,$0.13B,$0.01B,16.07,$0.00B,$0.12B,0.0,$0.00B,0,nan%,$0.00B,$-0.05B,inf%,$0.00B,$-0.05B,inf%,$0.00B,$-0.05B,inf%,$0.00B,$-0.05B,inf%,$0.00B,$-0.05B,inf%,$-0.05B,$0.12B,-41.03%,$-0.05B,$0.12B,-41.03%,$-0.05B,$0.13B,-37.72%,$-0.05B,$0.12B,-42.74%,$0,$0,$0,$8,$3,$11,$-11,$1,$-10,$0,$-10,$-10,$-10,$-11,$-11,$29,29,$-0.36,$-0.36,$123,$0,$0,$125,$2,$0,$0,$0,$3,$127,$8,$0,$1,$1,$8,$0,$-160,$-0,$119,$127,$-36,$0,$5,$6,$0,$0,$-2,$-0,$-2,$-33,$-0,$0,$0,$-37,$0,$-37,$0,$-37,$0,$0,$0,$65,$65,$0,$0,$65,$-4,$5,$0
1,2018-06-30,10.98,$4.36,2.52,0.0,0.0,$-5.25,0.0,$-2.23,0.0,$0.13B,$0.01B,13.75,$0.00B,$0.13B,0.0,$0.00B,0,nan%,$0.00B,$-0.05B,inf%,$0.00B,$-0.05B,inf%,$0.00B,$-0.05B,inf%,$0.00B,$-0.05B,inf%,$0.00B,$-0.05B,inf%,$-0.05B,$0.13B,-46.05%,$-0.05B,$0.13B,-46.05%,$-0.05B,$0.14B,-41.89%,$-0.05B,$0.13B,-46.95%,$0,$0,$0,$10,$3,$12,$-12,$1,$-12,$0,$-12,$-12,$-12,$-12,$-12,$29,29,$-0.40,$-0.40,$133,$0,$0,$134,$2,$0,$0,$1,$3,$138,$10,$0,$1,$1,$11,$0,$-149,$-0,$127,$138,$-26,$0,$4,$4,$0,$0,$-1,$1,$0,$-22,$-0,$0,$0,$-60,$0,$-60,$0,$-60,$0,$0,$0,$65,$65,$0,$0,$65,$-17,$4,$0
2,2018-03-31,11.53,$4.70,2.45,0.0,0.0,$-5.70,0.0,$-2.56,0.0,$0.15B,$0.01B,13.69,$0.00B,$0.14B,0.0,$0.00B,0,nan%,$0.00B,$-0.06B,inf%,$0.00B,$-0.06B,inf%,$0.00B,$-0.05B,inf%,$0.00B,$-0.05B,inf%,$0.00B,$-0.05B,inf%,$-0.05B,$0.14B,-51.31%,$-0.05B,$0.14B,-51.31%,$-0.05B,$0.15B,-46.55%,$-0.06B,$0.14B,-52.26%,$0,$0,$0,$12,$3,$15,$-15,$0,$-14,$0,$-14,$-14,$-14,$-14,$-15,$23,23,$-0.63,$-0.63,$144,$0,$0,$145,$2,$0,$0,$1,$4,$149,$11,$0,$1,$1,$11,$0,$-138,$-0,$137,$149,$-14,$0,$2,$2,$0,$0,$0,$1,$1,$-11,$-0,$0,$0,$4,$0,$4,$0,$4,$0,$0,$0,$65,$65,$0,$0,$65,$57,$2,$0
3,2017-12-31,10.36,$4.03,2.57,0.0,0.0,$-5.84,0.0,$-2.72,0.0,$0.09B,$0.01B,10.17,$0.00B,$0.09B,0.0,$0.00B,0,nan%,$0.00B,$-0.06B,inf%,$0.00B,$-0.06B,inf%,$0.00B,$-0.06B,inf%,$0.00B,$-0.06B,inf%,$0.00B,$-0.06B,inf%,$-0.06B,$0.09B,-55.72%,$-0.06B,$0.09B,-55.72%,$-0.06B,$0.10B,-50.68%,$-0.06B,$0.09B,-55.72%,$0,$0,$0,$10,$3,$12,$-12,$0,$-12,$0,$-12,$-12,$-12,$-12,$-12,$20,20,$-0.58,$-0.58,$90,$0,$0,$91,$3,$0,$0,$1,$4,$95,$9,$0,$1,$1,$10,$0,$-124,$-0,$85,$95,$-56,$1,$6,$7,$0,$0,$2,$1,$3,$-46,$-0,$0,$0,$85,$0,$85,$0,$85,$0,$0,$0,$1,$1,$1,$0,$1,$40,$6,$1
4,2017-09-30,15.94,$4.48,3.56,0.0,0.0,$-5.52,0.0,$-2.69,0.0,$0.10B,$0.01B,10.11,$0.00B,$0.09B,0.0,$0.00B,0,nan%,$0.00B,$-0.06B,inf%,$0.00B,$-0.06B,inf%,$0.00B,$-0.06B,inf%,$0.00B,$-0.06B,inf%,$0.00B,$-0.06B,inf%,$-0.06B,$0.09B,-48.89%,$-0.06B,$0.09B,-48.89%,$-0.06B,$0.11B,-45.17%,$-0.06B,$0.09B,-48.89%,$0,$0,$0,$11,$2,$13,$-13,$0,$-13,$0,$-13,$-13,$-13,$-13,$-13,$21,21,$-0.62,$-0.62,$100,$0,$0,$101,$3,$0,$0,$1,$4,$105,$10,$0,$1,$1,$11,$0,$-112,$-0,$94,$105,$-44,$0,$4,$5,$0,$0,$2,$2,$4,$-35,$-0,$0,$0,$74,$0,$74,$0,$74,$0,$0,$0,$0,$0,$0,$0,$0,$39,$4,$0
5,2017-06-30,12.1,$5.01,2.42,0.0,0.0,$-4.78,0.0,$-2.58,0.0,$0.11B,$0.01B,11.73,$0.00B,$0.11B,0.0,$0.00B,0,nan%,$0.00B,$-0.05B,inf%,$0.00B,$-0.05B,inf%,$0.00B,$-0.05B,inf%,$0.00B,$-0.05B,inf%,$0.00B,$-0.05B,inf%,$-0.05B,$0.11B,-41.68%,$-0.05B,$0.11B,-41.68%,$-0.05B,$0.12B,-39.10%,$-0.05B,$0.11B,-41.68%,$0,$0,$0,$12,$3,$15,$-15,$0,$-15,$0,$-15,$-15,$-15,$-15,$-15,$20,20,$-0.73,$-0.73,$110,$0,$0,$112,$3,$0,$0,$1,$4,$115,$10,$0,$1,$1,$11,$0,$-99,$-0,$105,$115,$-31,$0,$3,$3,$0,$0,$2,$1,$3,$-24,$-0,$0,$0,$54,$0,$54,$0,$53,$0,$0,$0,$0,$0,$0,$0,$0,$29,$3,$0
6,2017-03-31,20.77,$5.65,3.68,0.0,0.0,$-4.24,0.0,$-2.28,0.0,$0.12B,$0.01B,16.24,$0.00B,$0.12B,0.0,$0.00B,0,nan%,$0.00B,$-0.05B,inf%,$0.00B,$-0.05B,inf%,$0.00B,$-0.05B,inf%,$0.00B,$-0.05B,inf%,$0.00B,$-0.05B,inf%,$-0.05B,$0.12B,-33.70%,$-0.05B,$0.12B,-33.70%,$-0.05B,$0.13B,-32.06%,$-0.05B,$0.12B,-33.70%,$0,$0,$0,$13,$3,$16,$-16,$0,$-16,$0,$-16,$-16,$-16,$-16,$-16,$20,20,$-0.79,$-0.79,$122,$0,$0,$123,$3,$0,$0,$1,$4,$127,$8,$0,$1,$1,$9,$0,$-84,$-0,$118,$127,$-16,$0,$1,$2,$0,$0,$1,$1,$2,$-13,$-0,$0,$0,$18,$0,$18,$0,$18,$0,$0,$0,$0,$0,$0,$0,$0,$5,$1,$0
7,2016-12-31,14.3,$6.35,2.25,0.0,0.0,$-8.92,0.0,$-6.88,0.0,$0.14B,$0.01B,22.89,$0.00B,$0.13B,0.0,$0.00B,0,nan%,$0.00B,$-0.04B,inf%,$0.00B,$-0.04B,inf%,$0.00B,$-0.04B,inf%,$0.00B,$-0.04B,inf%,$0.00B,$-0.04B,inf%,$-0.04B,$0.13B,-24.78%,$-0.04B,$0.13B,-24.78%,$-0.04B,$0.14B,-23.84%,$-0.04B,$0.13B,-24.78%,$0,$0,$0,$9,$2,$11,$-11,$0,$-11,$0,$-11,$-11,$-11,$-11,$-11,$15,15,$3.97,$3.97,$135,$0,$0,$136,$3,$0,$0,$1,$4,$140,$6,$0,$1,$1,$7,$0,$-68,$-0,$133,$140,$-36,$1,$4,$5,$0,$0,$1,$3,$3,$-28,$-2,$0,$0,$-40,$0,$-40,$0,$-43,$0,$0,$0,$71,$71,$0,$0,$71,$1,$4,$0
