,Date,Stock Price,Book Value per Share,Price to Book Ratio,TTM Sales per Share,Price to Sales Ratio,TTM FCF per Share,Price to FCF Ratio,TTM Net EPS,PE Ratio,Current Assets,Current Liabilities,Current Ratio,Long Term Debt,Shareholder's Equity_x,Debt to Equity Ratio,TTM Revenue_x,TTM Gross Profit,Gross Margin,TTM Revenue_y,TTM Operating Income,Operating Margin,TTM Revenue_x,TTM EBIT,EBIT Margin,TTM Revenue_y,TTM EBITDA,EBITDA Margin,TTM Revenue_x,TTM Pre-Tax Income,Pre-Tax Margin,TTM Revenue_y,TTM Net Income_x,Net Margin,TTM Net Income_y,Shareholder's Equity_y,Return on Equity,TTM Net Income_x,Tangible Equity,Return on Tangible Equity,TTM Net Income_y,Total Assets,Return on Assets,TTM Net Income,LT Investments & Debt,Return on Investment,revenue,cost-goods-sold,gross-profit,research-development-expenses,selling-general-administrative-expenses,operating-expenses,operating-income,total-non-operating-income-expense,pre-tax-income,total-provision-income-taxes,income-after-taxes,income-from-continuous-operations,net-income,ebitda,ebit,basic-shares-outstanding,shares-outstanding,eps-basic-net-earnings-per-share,eps-earnings-per-share-diluted,cash-on-hand,inventory,other-current-assets,total-current-assets,net-property-plant-equipment,long-term-investments,goodwill-intangible-assets-total,other-long-term-assets,total-long-term-assets,total-assets,total-current-liabilities,long-term-debt,other-non-current-liabilities,total-long-term-liabilities,total-liabilities,common-stock-net,retained-earnings-accumulated-deficit,comprehensive-income,total-share-holder-equity,total-liabilities-share-holders-equity,net-income-loss,total-depreciation-amortization-cash-flow,other-non-cash-items,total-non-cash-items,change-in-accounts-receivable,change-in-inventories,change-in-accounts-payable,change-in-assets-liabilities,total-change-in-assets-liabilities,cash-flow-from-operating-activities,net-change-in-property-plant-equipment,net-change-in-intangible-assets,net-acquisitions-divestitures,net-change-in-short-term-investments,net-change-in-long-term-investments,net-change-in-investments-total,investing-activities-other,cash-flow-from-investing-activities,net-long-term-debt,net-current-debt,debt-issuance-retirement-net-total,net-common-equity-issued-repurchased,net-total-equity-issued-repurchased,total-common-preferred-stock-dividends-paid,financial-activities-other,cash-flow-from-financial-activities,net-cash-flow,stock-based-compensation,common-stock-dividends-paid
0,2018-09-30,5.7,$3.95,1.44,$7.55,0.75,$2.37,2.4,$0.20,28.5,$0.04B,$0.01B,4.25,$0.00B,$0.04B,0.11,$0.08B,$0.02B,27.63%,$0.08B,$0.01B,9.21%,$0.08B,$0.01B,9.21%,$0.08B,$0.01B,10.53%,$0.08B,$0.01B,7.89%,$0.08B,$0.00B,5.26%,$0.00B,$0.04B,10.19%,$0.00B,$0.03B,16.00%,$0.00B,$0.05B,7.31%,$0.01B,$0.04B,15.82%,$21,$14,$6,$0,$4,$18,$3,$-0,$2,$1,$2,$2,$2,$3,$3,$10,10,$0.18,$0.18,$0,$20,$0,$38,$2,$0,$14,$0,$16,$54,$9,$4,$1,$6,$14,$0,$-1,$0,$40,$54,$2,$1,$0,$1,$2,$0,$3,$-0,$4,$7,$-0,$0,$0,$0,$0,$0,$0,$-0,$-5,$0,$-5,$-0,$-0,$-2,$0,$-7,$-0,$0,$-2
1,2018-06-30,5.7,$3.85,1.48,$7.15,0.8,$2.36,2.41,$0.27,21.11,$0.04B,$0.01B,3.8,$0.00B,$0.04B,0.1,$0.07B,$0.02B,28.17%,$0.07B,$0.01B,7.04%,$0.07B,$0.01B,7.04%,$0.07B,$0.01B,9.86%,$0.07B,$0.01B,7.04%,$0.07B,$0.00B,4.23%,$0.00B,$0.04B,7.69%,$0.00B,$0.03B,11.88%,$0.00B,$0.05B,5.61%,$0.01B,$0.04B,11.63%,$15,$11,$4,$0,$4,$15,$0,$-0,$0,$0,$0,$0,$0,$1,$0,$10,10,$0.03,$0.03,$0,$21,$0,$37,$2,$0,$14,$0,$17,$53,$10,$4,$1,$5,$15,$0,$-2,$0,$39,$53,$0,$0,$0,$0,$4,$-1,$3,$-0,$6,$7,$-0,$0,$0,$0,$0,$0,$0,$-0,$-6,$0,$-6,$-0,$-0,$-1,$0,$-7,$-0,$0,$-1
2,2018-03-31,5.82,$3.90,1.49,$6.97,0.83,$2.20,2.65,$0.29,20.07,$0.04B,$0.01B,5.86,$0.01B,$0.04B,0.24,$0.07B,$0.02B,28.57%,$0.07B,$0.01B,8.57%,$0.07B,$0.01B,8.57%,$0.07B,$0.01B,10.00%,$0.07B,$0.01B,8.57%,$0.07B,$0.00B,5.71%,$0.00B,$0.04B,10.26%,$0.00B,$0.03B,14.41%,$0.00B,$0.06B,7.66%,$0.01B,$0.05B,14.29%,$23,$17,$6,$0,$4,$21,$2,$-0,$2,$1,$1,$1,$1,$2,$2,$10,10,$0.13,$0.13,$0,$20,$0,$40,$2,$0,$14,$0,$17,$57,$7,$9,$1,$10,$17,$0,$-1,$0,$39,$57,$3,$1,$2,$3,$-3,$0,$-2,$1,$-3,$2,$-0,$0,$-15,$0,$0,$0,$0,$-15,$9,$0,$9,$-0,$-0,$-3,$0,$5,$-8,$1,$-3
3,2017-12-31,6.28,$3.84,1.63,$6.45,0.97,$2.99,2.1,$0.33,19.03,$0.04B,$0.01B,2.89,$0.00B,$0.04B,0.06,$0.06B,$0.02B,29.69%,$0.06B,$0.01B,10.94%,$0.06B,$0.01B,10.94%,$0.06B,$0.01B,12.50%,$0.06B,$0.01B,10.94%,$0.06B,$0.01B,7.81%,$0.01B,$0.04B,12.82%,$0.01B,$0.02B,16.53%,$0.01B,$0.06B,10.05%,$0.01B,$0.04B,17.72%,$17,$12,$5,$0,$4,$16,$2,$-0,$2,$1,$1,$1,$1,$2,$2,$10,10,$0.05,$0.05,$0,$23,$0,$38,$2,$0,$15,$0,$17,$55,$13,$2,$1,$3,$16,$0,$-2,$0,$39,$55,$2,$1,$1,$2,$3,$-3,$3,$-0,$5,$9,$-0,$0,$-15,$0,$0,$0,$0,$-15,$1,$0,$1,$-0,$-0,$-2,$0,$-1,$-8,$0,$-2
4,2017-09-30,6.25,$3.86,1.62,$6.43,0.97,$3.33,1.88,$0.47,13.3,$0.03B,$0.01B,3.73,$0.00B,$0.04B,0.0,$0.06B,$0.02B,31.25%,$0.06B,$0.01B,12.50%,$0.06B,$0.01B,12.50%,$0.06B,$0.01B,14.06%,$0.06B,$0.01B,12.50%,$0.06B,$0.01B,9.38%,$0.01B,$0.04B,15.48%,$0.01B,$0.03B,18.32%,$0.01B,$0.05B,12.06%,$0.01B,$0.04B,20.65%,$16,$11,$5,$0,$4,$15,$1,$0,$1,$1,$1,$1,$1,$2,$1,$10,10,$0.07,$0.07,$3,$17,$0,$34,$2,$0,$12,$0,$15,$49,$9,$0,$1,$1,$10,$0,$-2,$0,$39,$49,$1,$1,$0,$1,$3,$0,$-0,$1,$4,$7,$-0,$0,$-9,$0,$0,$0,$0,$-9,$-1,$0,$-1,$-0,$-0,$-2,$0,$-3,$-5,$0,$-2
5,2017-06-30,6.6,$3.86,1.71,$6.37,1.04,$3.35,1.97,$0.50,13.21,$0.04B,$0.01B,4.89,$0.00B,$0.04B,0.0,$0.06B,$0.02B,29.69%,$0.06B,$0.01B,14.06%,$0.06B,$0.01B,14.06%,$0.06B,$0.01B,14.06%,$0.06B,$0.01B,14.06%,$0.06B,$0.01B,9.38%,$0.01B,$0.04B,15.29%,$0.01B,$0.04B,17.14%,$0.01B,$0.05B,12.06%,$0.01B,$0.04B,22.93%,$14,$10,$4,$0,$3,$13,$1,$0,$1,$0,$1,$1,$1,$1,$1,$10,10,$0.05,$0.05,$12,$16,$0,$42,$0,$0,$4,$0,$6,$48,$9,$0,$1,$1,$9,$0,$-2,$0,$39,$48,$1,$0,$0,$0,$3,$0,$0,$-0,$4,$5,$-0,$0,$0,$0,$0,$0,$0,$-0,$0,$0,$0,$-0,$-0,$-1,$0,$-1,$4,$0,$-1
6,2017-03-31,7.73,$3.88,1.99,$6.57,1.18,$3.68,2.1,$0.56,13.8,$0.04B,$0.01B,5.43,$0.00B,$0.04B,0.0,$0.07B,$0.02B,28.79%,$0.07B,$0.01B,13.64%,$0.07B,$0.01B,13.64%,$0.07B,$0.01B,15.15%,$0.07B,$0.01B,13.64%,$0.07B,$0.01B,9.09%,$0.01B,$0.04B,15.09%,$0.01B,$0.04B,17.02%,$0.01B,$0.05B,11.82%,$0.01B,$0.04B,22.64%,$17,$12,$5,$0,$3,$15,$3,$0,$3,$1,$2,$2,$2,$3,$3,$10,10,$0.16,$0.15,$8,$16,$0,$41,$0,$0,$4,$0,$6,$47,$8,$0,$1,$1,$8,$0,$-1,$0,$39,$47,$6,$1,$2,$2,$5,$-1,$1,$-0,$2,$10,$-0,$0,$0,$0,$0,$0,$0,$-0,$0,$0,$0,$-0,$-0,$-10,$0,$-10,$0,$1,$-10
7,2016-12-31,7.21,$3.79,1.9,$7.34,0.98,$3.75,1.92,$0.62,11.63,$0.05B,$0.02B,3.01,$0.00B,$0.04B,0.0,$0.07B,$0.02B,28.38%,$0.07B,$0.01B,13.51%,$0.07B,$0.01B,13.51%,$0.07B,$0.01B,14.86%,$0.07B,$0.01B,13.51%,$0.07B,$0.01B,8.11%,$0.01B,$0.04B,15.00%,$0.01B,$0.03B,17.02%,$0.01B,$0.06B,11.54%,$0.01B,$0.04B,25.00%,$17,$12,$6,$0,$3,$14,$3,$0,$3,$1,$2,$2,$2,$3,$3,$10,10,$0.19,$0.19,$14,$16,$0,$48,$0,$0,$4,$0,$6,$55,$16,$0,$1,$1,$17,$0,$-2,$0,$38,$55,$4,$1,$1,$2,$6,$-2,$3,$-2,$6,$12,$-0,$0,$0,$0,$0,$0,$0,$-0,$0,$0,$0,$-0,$-0,$-5,$0,$-5,$7,$0,$-5
8,2016-09-30,8.94,$4.08,2.19,$7.69,1.16,$3.50,2.55,$0.64,13.97,$0.04B,$0.01B,5.47,$0.00B,$0.04B,0.0,$0.08B,$0.02B,26.92%,$0.08B,$0.01B,12.82%,$0.08B,$0.01B,12.82%,$0.08B,$0.01B,14.10%,$0.08B,$0.01B,12.82%,$0.08B,$0.01B,7.69%,$0.01B,$0.04B,14.63%,$0.01B,$0.04B,16.78%,$0.01B,$0.05B,11.59%,$0.01B,$0.04B,24.39%,$16,$12,$4,$0,$3,$14,$2,$0,$2,$1,$1,$1,$1,$2,$2,$10,10,$0.10,$0.10,$10,$16,$0,$43,$0,$0,$5,$0,$7,$49,$8,$0,$1,$1,$8,$0,$1,$0,$41,$49,$2,$0,$1,$2,$5,$-1,$-0,$1,$3,$7,$-0,$0,$0,$0,$0,$0,$0,$-0,$0,$0,$0,$-0,$-0,$-4,$0,$-4,$3,$0,$-4
9,2016-06-30,8.22,$4.06,2.03,$8.17,1.01,$3.53,2.33,$0.70,11.75,$0.04B,$0.01B,4.25,$0.00B,$0.04B,0.0,$0.08B,$0.02B,27.71%,$0.08B,$0.01B,13.25%,$0.08B,$0.01B,13.25%,$0.08B,$0.01B,14.46%,$0.08B,$0.01B,13.25%,$0.08B,$0.01B,8.43%,$0.01B,$0.04B,17.18%,$0.01B,$0.04B,19.72%,$0.01B,$0.05B,13.40%,$0.01B,$0.04B,26.99%,$16,$11,$4,$0,$3,$14,$1,$0,$1,$0,$1,$1,$1,$2,$1,$10,10,$0.11,$0.11,$12,$17,$0,$44,$0,$0,$5,$0,$7,$52,$10,$0,$1,$1,$11,$0,$1,$0,$41,$52,$1,$0,$0,$1,$7,$-2,$1,$0,$7,$8,$-0,$0,$0,$0,$0,$0,$0,$-0,$0,$0,$0,$-0,$-0,$-3,$0,$-3,$5,$0,$-3
10,2016-03-31,7.97,$4.02,1.98,$8.39,0.95,$3.47,2.3,$0.68,11.73,$0.05B,$0.01B,3.75,$0.00B,$0.04B,0.0,$0.09B,$0.02B,28.24%,$0.09B,$0.01B,14.12%,$0.09B,$0.01B,14.12%,$0.09B,$0.01B,14.12%,$0.09B,$0.01B,14.12%,$0.09B,$0.01B,8.24%,$0.01B,$0.04B,17.28%,$0.01B,$0.04B,20.00%,$0.01B,$0.05B,13.33%,$0.01B,$0.04B,29.63%,$25,$18,$7,$0,$3,$21,$4,$0,$4,$1,$2,$2,$2,$4,$4,$10,10,$0.22,$0.22,$8,$15,$1,$46,$0,$0,$5,$0,$7,$52,$12,$0,$0,$0,$12,$0,$0,$0,$40,$52,$7,$1,$1,$2,$2,$1,$0,$0,$2,$11,$-0,$0,$-0,$0,$0,$0,$0,$-0,$0,$0,$0,$-2,$-2,$-3,$0,$-5,$6,$1,$-3
11,2015-12-31,7.06,$4.16,1.7,$8.48,0.83,$2.84,2.49,$0.46,15.36,$0.05B,$0.01B,3.88,$0.00B,$0.04B,0.0,$0.09B,$0.02B,27.91%,$0.09B,$0.01B,12.79%,$0.09B,$0.01B,12.79%,$0.09B,$0.01B,13.95%,$0.09B,$0.01B,12.79%,$0.09B,$0.01B,8.14%,$0.01B,$0.04B,17.28%,$0.01B,$0.04B,20.14%,$0.01B,$0.05B,13.46%,$0.01B,$0.04B,27.16%,$21,$14,$6,$0,$3,$18,$3,$-0,$3,$1,$2,$2,$2,$3,$3,$10,10,$0.21,$0.21,$8,$18,$0,$47,$0,$0,$5,$0,$7,$54,$12,$0,$0,$0,$12,$0,$2,$0,$42,$54,$5,$1,$1,$2,$4,$-2,$2,$-1,$3,$10,$-0,$-0,$0,$0,$0,$0,$0,$-0,$0,$0,$0,$-1,$-1,$-2,$0,$-3,$6,$1,$-2
12,2015-09-30,6.76,$4.01,1.69,$8.76,0.77,$2.15,3.15,$0.45,15.02,$0.04B,$0.01B,4.14,$0.00B,$0.04B,0.0,$0.09B,$0.03B,28.09%,$0.09B,$0.01B,12.36%,$0.09B,$0.01B,12.36%,$0.09B,$0.01B,14.61%,$0.09B,$0.01B,12.36%,$0.09B,$0.01B,7.87%,$0.01B,$0.04B,17.72%,$0.01B,$0.04B,20.74%,$0.01B,$0.05B,13.53%,$0.01B,$0.04B,27.85%,$21,$15,$6,$0,$3,$18,$3,$-0,$3,$1,$2,$2,$2,$3,$3,$10,10,$0.16,$0.16,$6,$18,$0,$44,$1,$0,$5,$0,$7,$51,$11,$0,$0,$0,$11,$0,$0,$0,$40,$51,$2,$1,$1,$1,$4,$-2,$2,$1,$3,$7,$-0,$-0,$0,$0,$0,$0,$0,$-0,$0,$0,$0,$-1,$-1,$-2,$0,$-3,$4,$0,$-2
13,2015-06-30,6.53,$3.95,1.65,$8.73,0.75,$1.76,3.72,$0.37,17.65,$0.05B,$0.01B,3.52,$0.00B,$0.04B,0.0,$0.09B,$0.03B,28.41%,$0.09B,$0.01B,10.23%,$0.09B,$0.01B,10.23%,$0.09B,$0.01B,13.64%,$0.09B,$0.01B,10.23%,$0.09B,$0.01B,6.82%,$0.01B,$0.04B,15.48%,$0.01B,$0.03B,18.32%,$0.01B,$0.05B,11.65%,$0.01B,$0.04B,23.23%,$18,$13,$5,$0,$3,$16,$2,$0,$2,$1,$1,$1,$1,$2,$2,$10,10,$0.09,$0.09,$8,$18,$0,$45,$1,$0,$6,$0,$7,$53,$13,$0,$0,$0,$13,$0,$-1,$0,$40,$53,$1,$0,$0,$0,$6,$-3,$3,$0,$6,$8,$-0,$-0,$0,$0,$0,$0,$0,$-0,$0,$0,$0,$-0,$-0,$-1,$0,$-1,$6,$0,$-1
14,2015-03-31,6.25,$3.93,1.59,$8.53,0.73,$1.64,3.81,$0.35,17.87,$0.04B,$0.01B,4.1,$0.00B,$0.04B,0.0,$0.09B,$0.02B,27.91%,$0.09B,$0.01B,9.30%,$0.09B,$0.01B,9.30%,$0.09B,$0.01B,12.79%,$0.09B,$0.01B,9.30%,$0.09B,$0.01B,6.98%,$0.01B,$0.04B,15.89%,$0.01B,$0.03B,18.90%,$0.01B,$0.05B,11.88%,$0.01B,$0.04B,21.19%,$26,$19,$7,$0,$3,$23,$3,$-0,$3,$1,$2,$2,$2,$4,$3,$10,10,$0.22,$0.22,$2,$15,$0,$43,$1,$0,$6,$0,$7,$50,$10,$0,$0,$0,$10,$0,$-1,$0,$40,$50,$6,$1,$1,$2,$-1,$-2,$-1,$-1,$-3,$5,$-0,$0,$0,$0,$0,$0,$0,$-0,$0,$0,$0,$-0,$-0,$-3,$0,$-3,$1,$1,$-3
15,2014-12-31,6.22,$3.78,1.64,$8.38,0.74,$1.55,4.02,$0.56,11.1,$0.05B,$0.02B,3.02,$0.00B,$0.04B,0.0,$0.08B,$0.02B,27.38%,$0.08B,$0.01B,9.52%,$0.08B,$0.01B,9.52%,$0.08B,$0.01B,13.10%,$0.08B,$0.01B,9.52%,$0.08B,$0.01B,7.14%,$0.01B,$0.04B,16.33%,$0.01B,$0.03B,19.51%,$0.01B,$0.05B,12.12%,$0.01B,$0.04B,21.77%,$24,$17,$7,$0,$3,$20,$3,$-0,$3,$1,$2,$2,$2,$4,$3,$10,10,$0.20,$0.20,$0,$19,$0,$46,$1,$0,$6,$0,$8,$53,$15,$0,$0,$0,$15,$0,$-2,$0,$38,$53,$4,$1,$1,$2,$-0,$-6,$5,$-2,$-3,$3,$-0,$0,$0,$0,$0,$0,$0,$-0,$0,$0,$0,$-0,$-0,$-2,$0,$-2,$-0,$1,$-2
16,2014-09-30,5.9,$3.64,1.62,$8.11,0.73,$1.91,3.09,$0.54,10.92,$0.04B,$0.01B,3.12,$0.00B,$0.04B,0.0,$0.08B,$0.02B,27.16%,$0.08B,$0.01B,9.88%,$0.08B,$0.01B,9.88%,$0.08B,$0.01B,12.35%,$0.08B,$0.01B,9.88%,$0.08B,$0.01B,7.41%,$0.01B,$0.04B,16.67%,$0.01B,$0.03B,20.17%,$0.01B,$0.05B,12.37%,$0.01B,$0.04B,22.22%,$20,$15,$6,$0,$3,$19,$1,$-0,$1,$0,$1,$1,$1,$2,$1,$10,10,$0.08,$0.08,$2,$19,$0,$42,$1,$0,$6,$0,$8,$50,$14,$0,$0,$0,$14,$0,$-3,$0,$37,$50,$2,$1,$0,$1,$3,$-5,$3,$0,$1,$3,$-0,$0,$0,$0,$0,$0,$0,$-0,$0,$0,$0,$0,$0,$-2,$0,$-2,$2,$0,$-2
17,2014-06-30,6.1,$3.62,1.69,$8.12,0.75,$1.90,3.2,$0.58,10.52,$0.04B,$0.01B,3.23,$0.00B,$0.04B,0.0,$0.08B,$0.02B,27.16%,$0.08B,$0.01B,11.11%,$0.08B,$0.01B,11.11%,$0.08B,$0.01B,12.35%,$0.08B,$0.01B,11.11%,$0.08B,$0.01B,7.41%,$0.01B,$0.04B,17.02%,$0.01B,$0.03B,20.87%,$0.01B,$0.05B,12.77%,$0.01B,$0.04B,25.53%,$16,$11,$4,$0,$3,$15,$1,$0,$1,$0,$1,$1,$1,$1,$1,$10,10,$0.07,$0.07,$6,$18,$0,$41,$1,$0,$6,$0,$8,$49,$13,$0,$0,$0,$13,$0,$-3,$0,$36,$49,$1,$0,$-0,$0,$7,$-4,$3,$0,$6,$6,$-0,$0,$0,$0,$0,$0,$0,$-0,$0,$0,$0,$0,$0,$-1,$0,$-1,$6,$0,$-1
18,2014-03-31,6.18,$3.64,1.7,$8.24,0.75,$1.60,3.85,$0.59,10.47,$0.04B,$0.01B,3.7,$0.00B,$0.04B,0.0,$0.08B,$0.02B,26.83%,$0.08B,$0.01B,10.98%,$0.08B,$0.01B,10.98%,$0.08B,$0.01B,13.41%,$0.08B,$0.01B,10.98%,$0.08B,$0.01B,7.32%,$0.01B,$0.04B,17.39%,$0.01B,$0.03B,21.62%,$0.01B,$0.05B,13.11%,$0.01B,$0.04B,26.09%,$24,$18,$6,$0,$3,$21,$3,$-0,$3,$1,$2,$2,$2,$4,$3,$10,10,$0.21,$0.21,$1,$14,$0,$38,$1,$0,$6,$0,$8,$46,$10,$0,$0,$0,$10,$0,$-3,$0,$36,$46,$6,$1,$-0,$1,$0,$-3,$-2,$1,$-3,$4,$-0,$-0,$0,$0,$0,$0,$0,$-0,$0,$0,$0,$-0,$-0,$-3,$0,$-3,$0,$1,$-3
19,2013-12-31,5.97,$3.51,1.7,$8.22,0.73,$2.15,2.77,$0.57,10.48,$0.04B,$0.02B,2.78,$0.00B,$0.04B,0.0,$0.08B,$0.02B,26.83%,$0.08B,$0.01B,10.98%,$0.08B,$0.01B,10.98%,$0.08B,$0.01B,12.20%,$0.08B,$0.01B,10.98%,$0.08B,$0.01B,7.32%,$0.01B,$0.04B,17.78%,$0.01B,$0.03B,22.43%,$0.01B,$0.05B,13.26%,$0.01B,$0.04B,26.67%,$21,$15,$6,$0,$3,$18,$3,$0,$3,$1,$2,$2,$2,$3,$3,$10,10,$0.18,$0.18,$4,$17,$0,$41,$1,$0,$7,$0,$8,$49,$15,$0,$0,$0,$15,$0,$-4,$0,$35,$49,$4,$1,$0,$1,$4,$-6,$2,$-0,$1,$6,$-0,$-0,$0,$0,$0,$0,$0,$-0,$0,$0,$0,$-0,$-0,$-2,$0,$-2,$3,$0,$-2
20,2013-09-30,5.49,$3.40,1.62,$8.18,0.67,$2.42,2.27,$0.55,9.98,$0.04B,$0.01B,3.36,$0.00B,$0.03B,0.0,$0.08B,$0.02B,25.93%,$0.08B,$0.01B,11.11%,$0.08B,$0.01B,11.11%,$0.08B,$0.01B,12.35%,$0.08B,$0.01B,11.11%,$0.08B,$0.01B,7.41%,$0.01B,$0.03B,18.18%,$0.01B,$0.03B,23.08%,$0.01B,$0.04B,13.64%,$0.01B,$0.03B,27.27%,$20,$14,$6,$0,$4,$18,$2,$-0,$2,$1,$1,$1,$1,$2,$2,$10,10,$0.12,$0.12,$2,$15,$0,$36,$1,$0,$7,$0,$8,$44,$11,$0,$0,$0,$11,$0,$-5,$0,$34,$44,$2,$1,$0,$1,$5,$-4,$-1,$1,$1,$3,$-0,$-0,$0,$0,$0,$0,$0,$-0,$0,$0,$0,$-0,$-0,$-2,$0,$-2,$1,$0,$-2
21,2013-06-30,4.63,$3.36,1.38,$7.90,0.59,$2.89,1.6,$0.51,9.07,$0.04B,$0.01B,3.25,$0.00B,$0.03B,0.0,$0.08B,$0.02B,24.36%,$0.08B,$0.01B,10.26%,$0.08B,$0.01B,10.26%,$0.08B,$0.01B,11.54%,$0.08B,$0.01B,10.26%,$0.08B,$0.01B,7.69%,$0.01B,$0.03B,17.91%,$0.01B,$0.03B,22.64%,$0.01B,$0.04B,13.64%,$0.01B,$0.03B,23.88%,$17,$12,$4,$0,$3,$15,$1,$-0,$1,$0,$1,$1,$1,$2,$1,$10,10,$0.08,$0.08,$3,$15,$0,$35,$1,$0,$7,$0,$9,$44,$11,$0,$0,$0,$11,$0,$-6,$0,$33,$44,$1,$0,$0,$0,$7,$-4,$-1,$0,$2,$3,$-0,$-0,$0,$0,$0,$0,$0,$-0,$0,$0,$0,$-0,$-0,$-1,$0,$-1,$3,$0,$-1
22,2013-03-31,4.46,$3.34,1.33,$7.99,0.56,$2.96,1.5,$0.52,8.57,$0.04B,$0.01B,3.1,$0.00B,$0.03B,0.0,$0.08B,$0.02B,24.36%,$0.08B,$0.01B,10.26%,$0.08B,$0.01B,10.26%,$0.08B,$0.01B,11.54%,$0.08B,$0.01B,10.26%,$0.08B,$0.01B,7.69%,$0.01B,$0.03B,17.52%,$0.01B,$0.03B,22.22%,$0.01B,$0.04B,13.56%,$0.01B,$0.03B,23.36%,$24,$17,$6,$0,$3,$21,$3,$-0,$3,$1,$2,$2,$2,$3,$3,$10,10,$0.19,$0.19,$0,$11,$0,$35,$1,$0,$7,$0,$9,$44,$11,$0,$0,$0,$11,$0,$-6,$0,$33,$44,$5,$1,$1,$2,$-1,$1,$1,$0,$2,$9,$-0,$-1,$0,$0,$0,$0,$0,$-1,$0,$0,$0,$-0,$-0,$-8,$0,$-8,$0,$1,$-8
23,2012-12-31,3.66,$3.22,1.14,$8.13,0.45,$2.87,1.28,$0.52,7.05,$0.03B,$0.01B,2.88,$0.00B,$0.03B,0.0,$0.08B,$0.02B,24.05%,$0.08B,$0.01B,10.13%,$0.08B,$0.01B,10.13%,$0.08B,$0.01B,11.39%,$0.08B,$0.01B,10.13%,$0.08B,$0.01B,7.59%,$0.01B,$0.03B,17.27%,$0.01B,$0.03B,21.82%,$0.01B,$0.04B,13.48%,$0.01B,$0.03B,23.02%,$20,$15,$5,$0,$3,$18,$3,$0,$3,$1,$2,$2,$2,$3,$3,$10,10,$0.16,$0.16,$0,$13,$0,$34,$1,$0,$7,$0,$9,$44,$12,$0,$0,$0,$12,$0,$-7,$0,$32,$44,$3,$1,$1,$2,$2,$-1,$2,$0,$4,$9,$-0,$-0,$0,$0,$0,$0,$0,$-1,$0,$0,$0,$-0,$-0,$-8,$0,$-8,$0,$1,$-8
24,2012-09-30,4.09,$3.64,1.12,$8.31,0.49,$2.77,1.47,$0.52,7.86,$0.04B,$0.01B,4.12,$0.00B,$0.04B,0.0,$0.08B,$0.02B,23.46%,$0.08B,$0.01B,9.88%,$0.08B,$0.01B,9.88%,$0.08B,$0.01B,11.11%,$0.08B,$0.01B,9.88%,$0.08B,$0.01B,7.41%,$0.01B,$0.04B,17.02%,$0.01B,$0.03B,21.43%,$0.01B,$0.04B,13.41%,$0.01B,$0.04B,22.70%,$17,$13,$4,$0,$3,$16,$1,$0,$1,$0,$1,$1,$1,$1,$1,$10,10,$0.08,$0.08,$6,$12,$0,$35,$1,$0,$7,$0,$9,$44,$8,$0,$0,$0,$8,$0,$-3,$0,$36,$44,$2,$0,$0,$1,$6,$-1,$-1,$1,$5,$8,$-0,$-0,$0,$0,$0,$0,$0,$-0,$0,$0,$0,$-0,$-0,$-1,$0,$-1,$6,$0,$-1
25,2012-06-30,3.61,$3.65,0.99,$8.74,0.41,$2.58,1.4,$0.55,6.57,$0.04B,$0.01B,3.73,$0.00B,$0.04B,0.0,$0.09B,$0.02B,23.53%,$0.09B,$0.01B,10.59%,$0.09B,$0.01B,10.59%,$0.09B,$0.01B,11.76%,$0.09B,$0.01B,10.59%,$0.09B,$0.01B,7.06%,$0.01B,$0.04B,17.39%,$0.01B,$0.03B,22.22%,$0.01B,$0.05B,13.48%,$0.01B,$0.04B,25.90%,$17,$13,$4,$0,$3,$16,$1,$-0,$1,$1,$1,$1,$1,$2,$1,$10,10,$0.09,$0.09,$4,$15,$0,$35,$1,$0,$7,$0,$10,$45,$9,$0,$0,$0,$9,$0,$-3,$0,$36,$45,$1,$0,$0,$0,$5,$-3,$-0,$0,$3,$4,$-0,$-0,$0,$0,$0,$0,$0,$-0,$0,$0,$0,$-0,$-0,$-0,$0,$-0,$3,$0,$-0
26,2012-03-31,3.44,$3.59,0.96,$8.75,0.39,$2.58,1.33,$0.51,6.74,$0.04B,$0.01B,3.53,$0.00B,$0.04B,0.0,$0.09B,$0.02B,23.53%,$0.09B,$0.01B,10.59%,$0.09B,$0.01B,10.59%,$0.09B,$0.01B,10.59%,$0.09B,$0.01B,10.59%,$0.09B,$0.01B,7.06%,$0.01B,$0.04B,17.91%,$0.01B,$0.03B,23.08%,$0.01B,$0.05B,13.56%,$0.01B,$0.04B,26.67%,$25,$19,$6,$0,$3,$22,$3,$-0,$3,$1,$2,$2,$2,$3,$3,$10,10,$0.19,$0.20,$0,$12,$0,$35,$1,$0,$7,$0,$10,$45,$10,$0,$0,$0,$10,$0,$-4,$0,$35,$45,$5,$1,$1,$2,$-2,$2,$1,$-0,$1,$8,$-0,$-0,$0,$0,$0,$0,$0,$-1,$-6,$0,$-6,$-0,$-0,$-1,$0,$-8,$0,$1,$-1
27,2011-12-31,2.1,$3.51,0.6,$9.01,0.23,$1.96,1.07,$0.48,4.36,$0.04B,$0.01B,3.21,$0.00B,$0.03B,0.0,$0.09B,$0.02B,22.99%,$0.09B,$0.01B,10.34%,$0.09B,$0.01B,10.34%,$0.09B,$0.01B,10.34%,$0.09B,$0.01B,10.34%,$0.09B,$0.01B,6.90%,$0.01B,$0.03B,18.46%,$0.01B,$0.03B,24.24%,$0.01B,$0.05B,13.48%,$0.01B,$0.03B,26.47%,$22,$16,$5,$0,$3,$19,$3,$-0,$3,$1,$2,$2,$2,$3,$3,$10,10,$0.16,$0.16,$0,$16,$0,$35,$1,$0,$7,$0,$10,$45,$11,$0,$0,$0,$11,$0,$-4,$0,$34,$45,$3,$1,$1,$2,$2,$-2,$3,$-0,$3,$8,$-0,$0,$0,$0,$0,$0,$0,$-0,$-6,$0,$-6,$-0,$-0,$-1,$0,$-7,$0,$0,$-1
28,2011-09-30,2.3,$3.37,0.68,$9.02,0.26,$1.21,1.9,$0.40,5.75,$0.03B,$0.01B,3.63,$0.00B,$0.03B,0.04,$0.09B,$0.02B,21.84%,$0.09B,$0.01B,8.05%,$0.09B,$0.01B,8.05%,$0.09B,$0.01B,9.20%,$0.09B,$0.01B,8.05%,$0.09B,$0.01B,5.75%,$0.01B,$0.03B,15.87%,$0.01B,$0.03B,21.28%,$0.01B,$0.04B,10.99%,$0.01B,$0.03B,20.29%,$21,$17,$5,$0,$3,$20,$2,$-0,$2,$1,$1,$1,$1,$2,$2,$10,10,$0.11,$0.11,$0,$17,$0,$33,$0,$0,$7,$0,$10,$43,$9,$1,$0,$1,$10,$0,$-6,$0,$33,$43,$2,$1,$0,$1,$4,$-3,$1,$1,$3,$6,$-0,$-0,$0,$0,$0,$0,$0,$-0,$-5,$0,$-5,$-0,$-0,$-1,$0,$-6,$-0,$0,$-1
29,2011-06-30,3.03,$3.29,0.92,$9.28,0.33,$0.60,5.05,$0.41,7.39,$0.03B,$0.01B,2.84,$0.00B,$0.03B,0.01,$0.09B,$0.02B,22.22%,$0.09B,$0.01B,7.78%,$0.09B,$0.01B,7.78%,$0.09B,$0.01B,10.00%,$0.09B,$0.01B,7.78%,$0.09B,$0.01B,5.56%,$0.01B,$0.03B,16.39%,$0.01B,$0.02B,22.22%,$0.01B,$0.04B,10.75%,$0.01B,$0.03B,20.14%,$17,$14,$4,$0,$3,$17,$1,$-0,$1,$0,$1,$1,$1,$1,$1,$10,10,$0.06,$0.05,$0,$18,$0,$34,$0,$0,$8,$0,$10,$44,$12,$0,$0,$0,$12,$0,$-6,$0,$32,$44,$1,$0,$0,$1,$5,$-5,$3,$1,$3,$4,$-0,$-0,$0,$0,$0,$0,$0,$-0,$-4,$0,$-4,$-0,$-0,$-0,$0,$-4,$-0,$0,$-0
30,2011-03-31,3.01,$3.28,0.92,$9.32,0.32,$0.61,4.93,$0.44,6.83,$0.04B,$0.01B,3.54,$0.00B,$0.03B,0.14,$0.09B,$0.02B,22.22%,$0.09B,$0.01B,7.78%,$0.09B,$0.01B,7.78%,$0.09B,$0.01B,11.11%,$0.09B,$0.01B,7.78%,$0.09B,$0.01B,5.56%,$0.01B,$0.03B,16.95%,$0.01B,$0.02B,23.53%,$0.01B,$0.05B,10.70%,$0.01B,$0.04B,20.44%,$27,$21,$6,$0,$3,$24,$3,$-0,$3,$1,$2,$2,$2,$3,$3,$9,10,$0.16,$0.17,$0,$14,$0,$35,$0,$0,$8,$0,$10,$46,$10,$4,$0,$4,$14,$0,$-7,$0,$31,$46,$4,$1,$1,$3,$-1,$-3,$-1,$-1,$-5,$2,$-0,$-0,$-2,$1,$0,$1,$0,$-2,$1,$0,$1,$-0,$-0,$-1,$0,$-0,$0,$1,$-1
31,2010-12-31,3.18,$3.13,1.02,$9.30,0.34,$1.53,2.08,$0.53,6.0,$0.04B,$0.01B,2.81,$0.01B,$0.03B,0.19,$0.09B,$0.02B,23.60%,$0.09B,$0.01B,8.99%,$0.09B,$0.01B,8.99%,$0.09B,$0.01B,13.48%,$0.09B,$0.01B,8.99%,$0.09B,$0.01B,5.62%,$0.01B,$0.03B,17.54%,$0.01B,$0.02B,24.39%,$0.01B,$0.05B,10.99%,$0.01B,$0.04B,24.24%,$22,$18,$4,$0,$3,$21,$1,$-0,$1,$0,$1,$1,$1,$2,$1,$10,10,$0.08,$0.08,$0,$19,$0,$39,$0,$0,$8,$0,$11,$49,$14,$6,$0,$6,$19,$0,$-8,$0,$30,$49,$3,$1,$1,$2,$2,$-9,$3,$-0,$-4,$0,$-0,$0,$-2,$1,$0,$1,$0,$-2,$2,$0,$2,$-0,$-0,$-1,$0,$1,$-0,$1,$-1
32,2010-09-30,2.96,$3.05,0.97,$9.29,0.32,$2.68,1.1,$0.57,5.19,$0.04B,$0.01B,2.96,$0.01B,$0.03B,0.2,$0.09B,$0.02B,25.00%,$0.09B,$0.01B,10.23%,$0.09B,$0.01B,10.23%,$0.09B,$0.01B,13.64%,$0.09B,$0.01B,10.23%,$0.09B,$0.01B,5.68%,$0.01B,$0.03B,18.35%,$0.01B,$0.02B,25.97%,$0.01B,$0.05B,11.43%,$0.01B,$0.04B,29.27%,$24,$18,$6,$0,$4,$22,$2,$-0,$2,$1,$1,$1,$1,$3,$2,$10,10,$0.13,$0.12,$0,$18,$0,$36,$1,$0,$9,$0,$11,$47,$12,$6,$0,$6,$18,$0,$-8,$0,$29,$47,$2,$1,$1,$1,$2,$-7,$2,$-0,$-3,$-0,$-0,$0,$-2,$1,$0,$1,$0,$-2,$2,$0,$2,$-0,$-0,$-0,$0,$2,$-0,$0,$-0
33,2010-06-30,2.52,$2.94,0.86,$9.17,0.27,$3.15,0.8,$0.53,4.75,$0.03B,$0.01B,2.28,$0.00B,$0.03B,0.07,$0.09B,$0.02B,24.42%,$0.09B,$0.01B,10.47%,$0.09B,$0.01B,10.47%,$0.09B,$0.01B,12.79%,$0.09B,$0.01B,9.30%,$0.09B,$0.01B,5.81%,$0.01B,$0.03B,19.23%,$0.01B,$0.02B,27.78%,$0.01B,$0.05B,10.99%,$0.01B,$0.03B,31.58%,$17,$13,$4,$0,$3,$16,$1,$-0,$1,$0,$1,$1,$1,$2,$1,$9,9,$0.08,$0.08,$1,$17,$0,$33,$1,$0,$9,$0,$11,$45,$14,$2,$0,$2,$16,$0,$-9,$0,$28,$45,$1,$0,$0,$0,$5,$-6,$4,$0,$3,$4,$-0,$0,$-2,$1,$0,$1,$0,$-2,$-1,$0,$-1,$-0,$-0,$-0,$0,$-2,$1,$0,$-0
34,2010-03-31,1.92,$2.98,0.64,$9.23,0.21,$3.22,0.6,$0.51,3.76,$0.03B,$0.01B,2.95,$0.00B,$0.03B,0.12,$0.09B,$0.02B,24.14%,$0.09B,$0.01B,10.34%,$0.09B,$0.01B,10.34%,$0.09B,$0.01B,12.64%,$0.09B,$0.01B,9.20%,$0.09B,$0.01B,5.75%,$0.01B,$0.03B,20.20%,$0.01B,$0.02B,28.17%,$0.01B,$0.04B,10.42%,$0.01B,$0.03B,28.35%,$26,$19,$7,$0,$3,$22,$4,$-0,$4,$2,$2,$2,$2,$5,$4,$9,9,$0.25,$0.26,$1,$10,$0,$31,$1,$0,$7,$0,$10,$41,$11,$3,$0,$3,$14,$0,$-10,$0,$27,$41,$5,$2,$1,$3,$2,$2,$-1,$-0,$2,$10,$-0,$0,$-4,$-1,$0,$-1,$0,$-5,$-20,$0,$-20,$-0,$-0,$0,$0,$-21,$-15,$1,$0
35,2009-12-31,1.55,$2.72,0.57,$9.07,0.17,$2.97,0.52,$-0.89,0.0,$0.03B,$0.02B,2.12,$0.00B,$0.03B,0.07,$0.09B,$0.02B,23.26%,$0.09B,$-0.01B,-6.98%,$0.09B,$-0.01B,-6.98%,$0.09B,$0.01B,11.63%,$0.09B,$-0.01B,-8.14%,$0.09B,$-0.01B,-9.30%,$-0.01B,$0.03B,-34.04%,$-0.01B,$0.02B,-47.06%,$-0.01B,$0.04B,-15.38%,$-0.01B,$0.03B,-16.90%,$21,$16,$5,$0,$3,$19,$2,$-0,$2,$1,$1,$1,$1,$2,$2,$9,9,$0.12,$0.12,$1,$13,$1,$31,$1,$0,$8,$0,$10,$42,$15,$2,$0,$2,$17,$0,$-12,$0,$25,$42,$2,$1,$1,$2,$6,$-1,$2,$-1,$6,$11,$-0,$0,$-4,$-1,$0,$-1,$0,$-5,$-20,$0,$-20,$-0,$-0,$0,$0,$-20,$-14,$1,$0
36,2009-09-30,1.67,$2.62,0.64,$8.93,0.19,$2.79,0.6,$-1.89,0.0,$0.04B,$0.03B,1.55,$0.00B,$0.02B,0.07,$0.08B,$0.02B,22.62%,$0.08B,$-0.02B,-17.86%,$0.08B,$-0.02B,-17.86%,$0.08B,$0.01B,11.90%,$0.08B,$-0.02B,-20.24%,$0.08B,$-0.02B,-20.24%,$-0.02B,$0.02B,-66.67%,$-0.02B,$0.02B,-106.25%,$-0.02B,$0.05B,-29.44%,$-0.02B,$0.03B,-35.93%,$22,$17,$5,$0,$3,$20,$2,$-0,$1,$0,$1,$1,$1,$2,$2,$9,9,$0.09,$0.08,$12,$13,$1,$43,$1,$0,$8,$0,$11,$54,$28,$2,$0,$2,$30,$0,$-13,$0,$24,$54,$1,$1,$1,$2,$5,$-1,$-2,$0,$1,$4,$-0,$0,$-4,$-1,$0,$-1,$0,$-5,$-2,$0,$-2,$-0,$-0,$0,$0,$-3,$-3,$0,$0
37,2009-06-30,1.76,$2.51,0.7,$9.07,0.19,$2.55,0.69,$-1.86,0.0,$0.05B,$0.01B,3.81,$0.02B,$0.02B,0.85,$0.09B,$0.02B,22.09%,$0.09B,$-0.02B,-17.44%,$0.09B,$-0.02B,-17.44%,$0.09B,$0.01B,11.63%,$0.09B,$-0.02B,-18.60%,$0.09B,$-0.02B,-19.77%,$-0.02B,$0.02B,-57.14%,$-0.02B,$0.02B,-113.33%,$-0.02B,$0.06B,-26.67%,$-0.02B,$0.04B,-28.99%,$18,$14,$4,$0,$3,$17,$1,$-0,$1,$0,$1,$1,$1,$2,$1,$9,9,$0.06,$0.06,$15,$16,$1,$48,$1,$0,$5,$0,$8,$55,$12,$20,$0,$20,$32,$0,$-14,$0,$23,$55,$1,$1,$0,$1,$5,$-5,$2,$0,$4,$5,$-0,$0,$0,$-1,$0,$-1,$0,$-1,$-5,$0,$-5,$0,$0,$0,$0,$-5,$-0,$0,$0
38,2009-03-31,1.16,$2.43,0.48,$9.23,0.13,$2.36,0.49,$-1.86,0.0,$0.05B,$0.01B,4.6,$0.02B,$0.02B,1.05,$0.09B,$0.02B,21.59%,$0.09B,$-0.02B,-17.05%,$0.09B,$-0.02B,-17.05%,$0.09B,$0.01B,11.36%,$0.09B,$-0.02B,-18.18%,$0.09B,$-0.02B,-19.32%,$-0.02B,$0.02B,-50.00%,$-0.02B,$0.02B,-130.77%,$-0.02B,$0.06B,-24.55%,$-0.02B,$0.05B,-26.55%,$25,$19,$6,$0,$3,$35,$-11,$-0,$-11,$-0,$-10,$-10,$-11,$4,$-11,$9,9,$-1.13,$-1.12,$15,$12,$1,$48,$1,$0,$6,$0,$8,$57,$11,$24,$0,$24,$34,$0,$-15,$0,$22,$57,$-17,$25,$-1,$24,$-1,$2,$1,$-0,$2,$8,$-0,$0,$0,$0,$0,$0,$0,$-0,$0,$0,$0,$-1,$-1,$0,$0,$-1,$7,$1,$0
39,2008-12-31,1.28,$3.56,0.36,$8.95,0.14,$1.74,0.74,$-0.55,0.0,$0.04B,$0.01B,3.43,$0.02B,$0.03B,0.58,$0.09B,$0.02B,21.84%,$0.09B,$-0.00B,-1.15%,$0.09B,$-0.00B,-1.15%,$0.09B,$0.01B,11.49%,$0.09B,$-0.00B,-2.30%,$0.09B,$-0.00B,-4.60%,$-0.00B,$0.03B,-10.39%,$-0.00B,$0.01B,-35.56%,$-0.00B,$0.07B,-5.46%,$-0.00B,$0.05B,-1.65%,$19,$16,$4,$0,$2,$27,$-7,$-0,$-8,$1,$-8,$-8,$-8,$2,$-7,$9,9,$-0.88,$-0.88,$12,$15,$1,$44,$1,$0,$20,$0,$21,$65,$13,$19,$0,$19,$32,$0,$-4,$0,$33,$65,$-7,$11,$0,$11,$4,$-1,$1,$-0,$5,$9,$-0,$0,$0,$0,$0,$0,$0,$-0,$-4,$0,$-4,$-1,$-1,$0,$0,$-5,$4,$1,$0
40,2008-09-30,2.03,$4.42,0.46,$8.67,0.23,$1.03,1.97,$0.45,4.51,$0.05B,$0.01B,4.24,$0.03B,$0.04B,0.61,$0.09B,$0.02B,23.26%,$0.09B,$0.01B,9.30%,$0.09B,$0.01B,9.30%,$0.09B,$0.01B,11.63%,$0.09B,$0.01B,9.30%,$0.09B,$0.01B,5.81%,$0.01B,$0.04B,12.50%,$0.01B,$0.01B,48.78%,$0.01B,$0.08B,6.80%,$0.01B,$0.07B,13.22%,$24,$19,$5,$0,$3,$22,$2,$-0,$2,$1,$1,$1,$1,$2,$2,$9,10,$0.11,$0.11,$12,$15,$1,$48,$1,$0,$29,$0,$30,$78,$11,$25,$0,$25,$36,$0,$4,$0,$41,$78,$2,$1,$0,$1,$-0,$-1,$0,$0,$-1,$2,$-0,$0,$0,$0,$0,$0,$0,$-0,$3,$0,$3,$-0,$-0,$0,$0,$2,$4,$0,$0
41,2008-06-30,2.19,$4.28,0.51,$7.88,0.28,$1.17,1.88,$0.39,5.62,$0.05B,$0.01B,3.22,$0.02B,$0.04B,0.55,$0.08B,$0.02B,24.05%,$0.08B,$0.01B,8.86%,$0.08B,$0.01B,8.86%,$0.08B,$0.01B,11.39%,$0.08B,$0.01B,8.86%,$0.08B,$0.01B,6.33%,$0.01B,$0.04B,12.74%,$0.01B,$0.01B,45.45%,$0.01B,$0.08B,7.52%,$0.01B,$0.06B,12.90%,$20,$16,$4,$0,$3,$18,$1,$-0,$1,$0,$1,$1,$1,$2,$1,$9,10,$0.07,$0.06,$10,$18,$1,$46,$1,$0,$30,$0,$30,$77,$14,$22,$0,$22,$37,$0,$3,$0,$40,$77,$1,$1,$-0,$1,$3,$-4,$3,$0,$2,$3,$-0,$0,$0,$0,$0,$0,$0,$-0,$-0,$0,$-0,$-0,$-0,$0,$0,$-1,$2,$0,$0
42,2008-03-31,2.13,$4.19,0.51,$7.33,0.29,$1.18,1.81,$0.43,4.96,$0.04B,$0.01B,3.86,$0.02B,$0.04B,0.56,$0.07B,$0.02B,25.68%,$0.07B,$0.01B,10.81%,$0.07B,$0.01B,10.81%,$0.07B,$0.01B,12.16%,$0.07B,$0.01B,10.81%,$0.07B,$0.01B,6.76%,$0.01B,$0.04B,12.90%,$0.01B,$0.01B,40.82%,$0.01B,$0.07B,8.30%,$0.01B,$0.06B,16.33%,$24,$18,$6,$0,$3,$21,$3,$-0,$3,$1,$2,$2,$2,$4,$3,$10,10,$0.17,$0.16,$8,$14,$1,$43,$1,$0,$30,$0,$31,$73,$11,$22,$0,$23,$34,$0,$2,$0,$40,$73,$4,$1,$2,$3,$-6,$-3,$2,$0,$-5,$3,$-0,$0,$-0,$0,$0,$0,$0,$-1,$8,$0,$8,$-2,$-2,$0,$0,$6,$8,$1,$0
43,2007-12-31,2.16,$3.99,0.54,$6.68,0.32,$2.04,1.06,$0.34,6.36,$0.04B,$0.01B,2.55,$0.01B,$0.04B,0.33,$0.07B,$0.02B,25.37%,$0.07B,$0.01B,10.45%,$0.07B,$0.01B,10.45%,$0.07B,$0.01B,10.45%,$0.07B,$0.01B,8.96%,$0.07B,$0.00B,5.97%,$0.00B,$0.04B,10.53%,$0.00B,$0.01B,30.77%,$0.00B,$0.07B,7.37%,$0.01B,$0.05B,15.82%,$18,$14,$5,$0,$3,$16,$2,$-0,$2,$1,$1,$1,$1,$2,$2,$10,10,$0.12,$0.12,$0,$16,$1,$35,$1,$0,$31,$0,$31,$66,$14,$13,$0,$14,$27,$0,$1,$0,$39,$66,$3,$1,$2,$3,$-2,$-5,$5,$-1,$-2,$3,$-0,$0,$-0,$0,$0,$0,$0,$-0,$-2,$0,$-2,$-1,$-1,$0,$0,$-2,$-0,$0,$0
44,2007-09-30,2.52,$3.86,0.65,$6.37,0.4,$2.79,0.9,$0.28,9.0,$0.03B,$0.01B,3.25,$0.00B,$0.04B,0.08,$0.06B,$0.02B,25.00%,$0.06B,$0.01B,10.94%,$0.06B,$0.01B,10.94%,$0.06B,$0.01B,10.94%,$0.06B,$0.01B,7.81%,$0.06B,$0.00B,6.25%,$0.00B,$0.04B,10.74%,$0.00B,$0.02B,28.57%,$0.00B,$0.05B,7.92%,$0.01B,$0.04B,16.77%,$17,$13,$4,$0,$3,$16,$1,$-0,$1,$0,$1,$1,$1,$1,$1,$10,10,$0.05,$0.05,$0,$10,$1,$26,$1,$0,$23,$1,$24,$50,$8,$3,$0,$4,$12,$0,$-0,$0,$38,$50,$2,$0,$1,$1,$1,$-3,$2,$0,$1,$4,$-0,$0,$0,$0,$0,$0,$0,$-0,$-3,$0,$-3,$-0,$-0,$0,$0,$-3,$0,$0,$0
45,2007-06-30,2.65,$3.79,0.7,$6.80,0.39,$3.02,0.88,$0.77,3.44,$0.03B,$0.01B,2.74,$0.00B,$0.04B,0.08,$0.07B,$0.02B,26.47%,$0.07B,$0.01B,13.24%,$0.07B,$0.01B,13.24%,$0.07B,$0.01B,13.24%,$0.07B,$0.01B,16.18%,$0.07B,$0.01B,11.76%,$0.01B,$0.04B,21.92%,$0.01B,$0.02B,60.38%,$0.01B,$0.05B,15.46%,$0.01B,$0.04B,20.93%,$15,$11,$4,$0,$2,$13,$2,$-0,$2,$1,$1,$1,$1,$2,$2,$10,10,$0.10,$0.10,$0,$12,$1,$27,$1,$0,$23,$1,$24,$52,$10,$3,$0,$4,$14,$0,$-1,$0,$38,$52,$1,$0,$1,$1,$1,$-4,$4,$0,$1,$3,$-0,$0,$0,$0,$0,$0,$0,$-0,$-3,$0,$-3,$0,$0,$0,$0,$-3,$0,$0,$0
46,2007-03-31,2.91,$3.68,0.79,$6.02,0.48,$2.88,1.01,$0.71,4.1,$0.02B,$0.01B,4.24,$0.01B,$0.04B,0.16,$0.07B,$0.02B,26.09%,$0.07B,$0.01B,13.04%,$0.07B,$0.01B,13.04%,$0.07B,$0.01B,14.49%,$0.07B,$0.01B,15.94%,$0.07B,$0.01B,11.59%,$0.01B,$0.04B,23.19%,$0.01B,$0.01B,71.11%,$0.01B,$0.05B,14.68%,$0.01B,$0.04B,19.46%,$17,$13,$4,$0,$2,$15,$2,$-0,$1,$1,$1,$1,$1,$2,$2,$10,10,$0.07,$0.12,$0,$7,$0,$24,$1,$0,$24,$0,$25,$49,$6,$6,$0,$6,$12,$0,$-2,$0,$37,$49,$8,$1,$3,$4,$2,$3,$0,$-4,$0,$11,$-0,$0,$-1,$0,$0,$0,$0,$-1,$-14,$0,$-14,$0,$0,$0,$-0,$-14,$-4,$0,$0
47,2006-12-31,2.57,$3.61,0.71,$5.21,0.49,$2.10,1.23,$0.91,2.83,$0.03B,$0.01B,2.79,$0.01B,$0.04B,0.18,$0.07B,$0.02B,26.39%,$0.07B,$0.01B,13.89%,$0.07B,$0.01B,13.89%,$0.07B,$0.01B,15.28%,$0.07B,$0.01B,16.67%,$0.07B,$0.01B,18.06%,$0.01B,$0.04B,40.00%,$0.01B,$0.01B,136.84%,$0.01B,$0.05B,22.91%,$0.01B,$0.04B,20.51%,$15,$12,$4,$0,$2,$14,$2,$-0,$1,$0,$1,$1,$1,$2,$2,$10,10,$0.06,$0.06,$0,$12,$0,$25,$1,$0,$23,$1,$27,$51,$9,$6,$0,$6,$15,$0,$-3,$0,$36,$51,$7,$0,$2,$3,$4,$-2,$3,$-4,$1,$11,$-0,$0,$-1,$0,$0,$0,$0,$-1,$-14,$0,$-14,$0,$0,$0,$-0,$-14,$-4,$0,$0
