,Date,Stock Price,Book Value per Share,Price to Book Ratio,TTM Sales per Share,Price to Sales Ratio,TTM FCF per Share,Price to FCF Ratio,TTM Net EPS,PE Ratio,Current Assets,Current Liabilities,Current Ratio,Long Term Debt,Shareholder's Equity_x,Debt to Equity Ratio,TTM Revenue_x,TTM Gross Profit,Gross Margin,TTM Revenue_y,TTM Operating Income,Operating Margin,TTM Revenue_x,TTM EBIT,EBIT Margin,TTM Revenue_y,TTM EBITDA,EBITDA Margin,TTM Revenue_x,TTM Pre-Tax Income,Pre-Tax Margin,TTM Revenue_y,TTM Net Income_x,Net Margin,TTM Net Income_y,Shareholder's Equity_y,Return on Equity,TTM Net Income_x,Tangible Equity,Return on Tangible Equity,TTM Net Income_y,Total Assets,Return on Assets,TTM Net Income,LT Investments & Debt,Return on Investment,revenue,cost-goods-sold,gross-profit,research-development-expenses,selling-general-administrative-expenses,operating-expenses,operating-income,total-non-operating-income-expense,pre-tax-income,total-provision-income-taxes,income-after-taxes,income-from-continuous-operations,net-income,ebitda,ebit,basic-shares-outstanding,shares-outstanding,eps-basic-net-earnings-per-share,eps-earnings-per-share-diluted,cash-on-hand,inventory,other-current-assets,total-current-assets,net-property-plant-equipment,long-term-investments,goodwill-intangible-assets-total,other-long-term-assets,total-long-term-assets,total-assets,total-current-liabilities,long-term-debt,other-non-current-liabilities,total-long-term-liabilities,total-liabilities,common-stock-net,retained-earnings-accumulated-deficit,comprehensive-income,total-share-holder-equity,total-liabilities-share-holders-equity,net-income-loss,total-depreciation-amortization-cash-flow,other-non-cash-items,total-non-cash-items,change-in-accounts-receivable,change-in-inventories,change-in-accounts-payable,change-in-assets-liabilities,total-change-in-assets-liabilities,cash-flow-from-operating-activities,net-change-in-property-plant-equipment,net-change-in-intangible-assets,net-acquisitions-divestitures,net-change-in-short-term-investments,net-change-in-long-term-investments,net-change-in-investments-total,investing-activities-other,cash-flow-from-investing-activities,net-long-term-debt,net-current-debt,debt-issuance-retirement-net-total,net-common-equity-issued-repurchased,net-total-equity-issued-repurchased,total-common-preferred-stock-dividends-paid,financial-activities-other,cash-flow-from-financial-activities,net-cash-flow,stock-based-compensation,common-stock-dividends-paid
0,2018-09-30,35.2,$7.49,4.7,$6.82,5.16,$-0.67,0.0,$-0.15,0.0,$0.17B,$0.03B,5.66,$0.22B,$0.28B,0.78,$0.25B,$0.16B,66.13%,$0.25B,$0.01B,2.82%,$0.25B,$0.01B,2.82%,$0.25B,$0.02B,9.27%,$0.25B,$-0.01B,-2.82%,$0.25B,$-0.01B,-2.02%,$-0.01B,$0.28B,-1.81%,$-0.01B,$-0.08B,5.83%,$-0.01B,$0.57B,-0.86%,$0.01B,$0.49B,1.42%,$65,$22,$43,$5,$33,$60,$5,$-3,$2,$1,$2,$2,$2,$9,$5,$37,38,$0.04,$0.04,$35,$46,$0,$174,$32,$0,$352,$12,$396,$570,$31,$217,$19,$262,$293,$0,$36,$-3,$277,$570,$-2,$14,$3,$17,$-2,$0,$0,$-1,$-16,$-1,$-4,$0,$0,$0,$0,$0,$-1,$-5,$-2,$0,$-2,$2,$2,$0,$-1,$-1,$-5,$5,$0
1,2018-06-30,27.85,$7.39,3.77,$6.39,4.36,$-0.55,0.0,$-0.15,0.0,$0.17B,$0.03B,4.97,$0.22B,$0.27B,0.8,$0.23B,$0.15B,66.52%,$0.23B,$0.00B,1.32%,$0.23B,$0.00B,1.32%,$0.23B,$0.02B,7.49%,$0.23B,$-0.01B,-3.96%,$0.23B,$-0.01B,-2.64%,$-0.01B,$0.27B,-2.28%,$-0.01B,$-0.09B,12.90%,$-0.01B,$0.57B,-1.16%,$0.00B,$0.49B,0.68%,$68,$23,$46,$6,$35,$63,$5,$-6,$-0,$-0,$0,$0,$0,$10,$5,$36,37,$0.01,$0.01,$26,$46,$0,$170,$33,$0,$358,$10,$401,$570,$34,$217,$21,$265,$299,$0,$34,$-3,$271,$570,$-4,$9,$2,$11,$-7,$1,$0,$-2,$-16,$-9,$-3,$0,$0,$0,$0,$0,$-0,$-4,$-1,$0,$-1,$-1,$-1,$0,$-1,$-3,$-15,$3,$0
2,2018-03-31,20.05,$7.67,2.61,$5.97,3.36,$-0.29,0.0,$-0.07,0.0,$0.17B,$0.03B,5.07,$0.22B,$0.28B,0.77,$0.21B,$0.14B,66.67%,$0.21B,$0.00B,1.45%,$0.21B,$0.00B,1.45%,$0.21B,$0.01B,6.76%,$0.21B,$-0.01B,-2.42%,$0.21B,$-0.00B,-1.45%,$-0.00B,$0.28B,-1.20%,$-0.00B,$-0.09B,50.00%,$-0.00B,$0.58B,-0.66%,$0.00B,$0.50B,0.77%,$62,$23,$39,$5,$37,$65,$-3,$-3,$-7,$-3,$-4,$-4,$-4,$1,$-3,$36,36,$-0.11,$-0.11,$27,$45,$0,$167,$34,$0,$372,$8,$416,$583,$33,$217,$22,$269,$302,$0,$34,$9,$281,$583,$-4,$4,$1,$5,$-3,$3,$0,$-0,$-11,$-10,$-2,$0,$0,$0,$0,$0,$-0,$-2,$-1,$0,$-1,$-1,$-1,$0,$-0,$-2,$-13,$1,$0
3,2017-12-31,19.15,$7.65,2.5,$5.59,3.42,$0.09,208.38,$0.10,191.5,$0.18B,$0.04B,4.18,$0.22B,$0.28B,0.79,$0.19B,$0.13B,67.89%,$0.19B,$0.01B,4.74%,$0.19B,$0.01B,4.74%,$0.19B,$0.02B,9.47%,$0.19B,$0.00B,2.11%,$0.19B,$0.00B,1.58%,$0.00B,$0.28B,1.29%,$0.00B,$-0.09B,8.76%,$0.00B,$0.59B,0.77%,$0.01B,$0.50B,2.67%,$53,$16,$36,$6,$30,$53,$-0,$-2,$-2,$1,$-3,$-3,$-3,$3,$-0,$33,34,$-0.09,$-0.08,$41,$47,$0,$179,$34,$0,$368,$9,$410,$590,$43,$218,$21,$270,$313,$0,$38,$2,$277,$590,$4,$10,$8,$18,$-7,$0,$0,$-12,$-11,$11,$-7,$0,$-164,$0,$0,$0,$-0,$-171,$153,$0,$153,$2,$2,$0,$-11,$143,$-17,$7,$0
4,2017-09-30,22.7,$6.68,3.4,$5.42,4.19,$0.38,59.47,$0.28,81.07,$0.16B,$0.03B,5.96,$0.07B,$0.22B,0.29,$0.18B,$0.12B,68.13%,$0.18B,$0.01B,7.69%,$0.18B,$0.01B,7.69%,$0.18B,$0.02B,12.09%,$0.18B,$0.01B,5.49%,$0.18B,$0.01B,4.95%,$0.01B,$0.22B,4.17%,$0.01B,$0.08B,12.33%,$0.01B,$0.33B,2.81%,$0.01B,$0.29B,4.96%,$44,$14,$30,$4,$25,$43,$1,$-1,$0,$-1,$1,$1,$1,$3,$1,$33,34,$0.04,$0.04,$55,$28,$0,$156,$21,$4,$142,$3,$171,$326,$26,$65,$5,$77,$103,$0,$41,$0,$223,$326,$7,$7,$7,$13,$-4,$0,$0,$-10,$-15,$5,$-5,$0,$1,$0,$0,$0,$-0,$-5,$-4,$0,$-4,$1,$1,$0,$-0,$-3,$-2,$6,$0
5,2017-06-30,19.95,$6.56,3.04,$5.49,3.63,$0.73,27.15,$0.33,60.45,$0.15B,$0.03B,5.91,$0.07B,$0.22B,0.3,$0.18B,$0.12B,67.76%,$0.18B,$0.02B,9.84%,$0.18B,$0.02B,9.84%,$0.18B,$0.03B,14.75%,$0.18B,$0.02B,8.20%,$0.18B,$0.01B,6.01%,$0.01B,$0.22B,5.21%,$0.01B,$0.08B,16.30%,$0.01B,$0.32B,3.48%,$0.02B,$0.29B,6.46%,$48,$15,$33,$5,$23,$43,$5,$-1,$4,$1,$3,$3,$3,$7,$5,$33,34,$0.09,$0.09,$53,$27,$0,$152,$21,$4,$143,$3,$170,$322,$26,$66,$5,$77,$103,$0,$39,$-0,$219,$322,$5,$4,$5,$9,$-4,$-4,$0,$-3,$-13,$2,$-4,$0,$0,$0,$0,$0,$1,$-4,$-3,$0,$-3,$0,$0,$0,$-0,$-3,$-4,$4,$0
6,2017-03-31,16.65,$6.42,2.59,$5.51,3.02,$0.93,17.86,$0.31,53.71,$0.15B,$0.03B,5.3,$0.07B,$0.21B,0.31,$0.18B,$0.12B,66.48%,$0.18B,$0.02B,9.89%,$0.18B,$0.02B,9.89%,$0.18B,$0.03B,14.84%,$0.18B,$0.02B,8.24%,$0.18B,$0.01B,5.49%,$0.01B,$0.21B,4.85%,$0.01B,$0.07B,16.26%,$0.01B,$0.32B,3.21%,$0.02B,$0.28B,6.55%,$45,$16,$30,$4,$23,$43,$3,$-1,$2,$-0,$2,$2,$2,$5,$3,$32,34,$0.07,$0.06,$60,$26,$0,$149,$20,$0,$144,$6,$170,$319,$28,$66,$5,$78,$106,$0,$36,$-0,$213,$319,$2,$2,$2,$5,$1,$-1,$0,$-1,$-3,$4,$-2,$0,$1,$0,$0,$0,$-0,$-1,$-0,$0,$-0,$-0,$-0,$0,$-0,$-0,$2,$2,$0
7,2016-12-31,19.15,$6.36,3.01,$5.53,3.46,$0.90,21.37,$0.33,58.03,$0.15B,$0.03B,4.89,$0.07B,$0.21B,0.32,$0.18B,$0.12B,66.11%,$0.18B,$0.02B,12.22%,$0.18B,$0.02B,12.22%,$0.18B,$0.03B,17.22%,$0.18B,$0.02B,10.56%,$0.18B,$0.01B,6.11%,$0.01B,$0.21B,5.47%,$0.01B,$0.06B,19.56%,$0.01B,$0.32B,3.59%,$0.02B,$0.28B,8.12%,$45,$14,$31,$4,$22,$40,$5,$-1,$4,$1,$3,$3,$3,$7,$5,$32,33,$0.09,$0.08,$57,$26,$0,$147,$19,$0,$145,$5,$169,$316,$30,$67,$5,$77,$107,$0,$34,$-0,$209,$316,$11,$8,$1,$9,$4,$0,$0,$-9,$-0,$20,$-6,$0,$-73,$0,$0,$0,$5,$-74,$74,$0,$74,$2,$2,$0,$-2,$73,$19,$6,$0
8,2016-09-30,17.57,$6.22,2.83,$5.55,3.17,$0.76,23.03,$0.33,53.24,$0.14B,$0.03B,5.74,$0.07B,$0.20B,0.34,$0.18B,$0.12B,65.71%,$0.18B,$0.02B,12.57%,$0.18B,$0.02B,12.57%,$0.18B,$0.03B,17.14%,$0.18B,$0.02B,11.43%,$0.18B,$0.01B,6.29%,$0.01B,$0.20B,5.86%,$0.01B,$0.06B,15.44%,$0.01B,$0.31B,4.04%,$0.02B,$0.27B,9.14%,$45,$15,$30,$4,$21,$40,$5,$-1,$5,$2,$3,$3,$3,$8,$5,$32,33,$0.09,$0.09,$55,$26,$0,$142,$17,$0,$144,$5,$167,$309,$25,$70,$3,$80,$105,$0,$31,$-1,$204,$309,$8,$6,$2,$9,$4,$-6,$0,$-0,$-2,$15,$-4,$0,$-73,$0,$0,$0,$5,$-71,$74,$0,$74,$2,$2,$0,$-2,$73,$17,$5,$0
9,2016-06-30,11.81,$6.06,1.95,$5.47,2.16,$0.67,17.75,$0.31,38.1,$0.14B,$0.03B,5.49,$0.07B,$0.20B,0.36,$0.17B,$0.11B,64.67%,$0.17B,$0.02B,11.98%,$0.17B,$0.02B,11.98%,$0.17B,$0.03B,15.57%,$0.17B,$0.02B,10.78%,$0.17B,$0.01B,5.99%,$0.01B,$0.20B,5.72%,$0.01B,$0.05B,11.56%,$0.01B,$0.30B,4.16%,$0.02B,$0.27B,9.51%,$47,$17,$30,$3,$22,$42,$5,$-1,$4,$2,$2,$2,$2,$7,$5,$32,33,$0.07,$0.07,$48,$25,$0,$136,$16,$0,$146,$5,$167,$303,$25,$70,$6,$80,$105,$0,$28,$-1,$198,$303,$5,$4,$-0,$4,$2,$-4,$0,$-0,$-3,$6,$-2,$0,$-73,$0,$0,$0,$5,$-69,$75,$0,$75,$0,$0,$0,$-2,$73,$9,$3,$0
10,2016-03-31,10.75,$5.96,1.8,$5.32,2.02,$0.64,16.67,$0.22,48.86,$0.13B,$0.03B,5.2,$0.07B,$0.19B,0.37,$0.16B,$0.10B,64.10%,$0.16B,$0.02B,9.62%,$0.16B,$0.02B,9.62%,$0.16B,$0.02B,12.82%,$0.16B,$0.01B,8.97%,$0.16B,$0.01B,4.49%,$0.01B,$0.19B,4.30%,$0.01B,$0.05B,6.80%,$0.01B,$0.30B,3.36%,$0.02B,$0.27B,8.31%,$43,$15,$28,$3,$26,$36,$7,$-1,$6,$4,$3,$3,$3,$9,$7,$31,32,$0.08,$0.08,$46,$25,$0,$129,$16,$0,$145,$5,$168,$297,$25,$71,$7,$78,$103,$0,$26,$-0,$194,$297,$3,$2,$-6,$-4,$4,$-3,$0,$1,$3,$1,$-1,$0,$-71,$0,$0,$0,$5,$-67,$75,$0,$75,$0,$0,$0,$-2,$73,$7,$1,$0
11,2015-12-31,10.78,$5.45,1.98,$5.19,2.08,$0.63,16.98,$0.13,82.92,$0.11B,$0.02B,5.59,$0.00B,$0.16B,0.0,$0.15B,$0.09B,62.59%,$0.15B,$0.01B,4.08%,$0.15B,$0.01B,4.08%,$0.15B,$0.01B,7.48%,$0.15B,$0.01B,4.08%,$0.15B,$0.00B,2.72%,$0.00B,$0.16B,2.64%,$0.00B,$0.12B,3.33%,$0.00B,$0.18B,2.25%,$0.01B,$0.16B,3.96%,$40,$13,$27,$3,$19,$35,$5,$-0,$5,$2,$3,$3,$3,$6,$5,$28,29,$0.09,$0.10,$38,$15,$0,$110,$11,$0,$31,$11,$72,$181,$20,$0,$3,$6,$26,$0,$23,$-0,$155,$181,$4,$6,$9,$15,$-4,$0,$0,$-3,$-8,$11,$-3,$0,$-1,$0,$1,$1,$-1,$-4,$0,$0,$0,$0,$0,$-3,$0,$-3,$4,$5,$-3
12,2015-09-30,9.7,$5.34,1.82,$5.11,1.9,$0.49,19.77,$0.10,97.02,$0.11B,$0.02B,5.08,$0.00B,$0.15B,0.0,$0.14B,$0.09B,61.11%,$0.14B,$0.00B,2.08%,$0.14B,$0.00B,2.08%,$0.14B,$0.01B,5.56%,$0.14B,$0.00B,2.08%,$0.14B,$0.00B,2.08%,$0.00B,$0.15B,2.00%,$0.00B,$0.12B,2.54%,$0.00B,$0.18B,1.70%,$0.00B,$0.15B,2.00%,$37,$14,$23,$3,$17,$34,$3,$0,$3,$1,$2,$2,$2,$4,$3,$28,29,$0.08,$0.07,$39,$14,$0,$113,$12,$0,$31,$10,$67,$180,$22,$0,$6,$6,$28,$0,$22,$-0,$152,$180,$1,$5,$6,$11,$-2,$-1,$0,$-1,$-2,$10,$-3,$0,$0,$0,$1,$1,$-1,$-3,$0,$0,$0,$1,$1,$-3,$-1,$-2,$5,$4,$-3
13,2015-06-30,11.21,$5.28,2.13,$5.13,2.18,$0.26,43.9,$0.11,101.93,$0.11B,$0.02B,5.66,$0.00B,$0.15B,0.0,$0.14B,$0.09B,61.81%,$0.14B,$0.00B,2.08%,$0.14B,$0.00B,2.08%,$0.14B,$0.01B,6.25%,$0.14B,$0.00B,2.08%,$0.14B,$0.00B,2.08%,$0.00B,$0.15B,2.02%,$0.00B,$0.12B,2.58%,$0.00B,$0.18B,1.71%,$0.00B,$0.15B,2.02%,$36,$14,$22,$3,$19,$36,$-0,$1,$0,$1,$-1,$-1,$-1,$1,$-0,$28,28,$-0.02,$-0.02,$36,$14,$0,$109,$12,$0,$31,$10,$67,$176,$19,$0,$7,$7,$27,$0,$20,$0,$150,$176,$-1,$3,$5,$8,$-0,$0,$0,$-1,$-2,$5,$-2,$0,$0,$0,$1,$1,$-0,$-2,$0,$0,$0,$1,$1,$-2,$-1,$-2,$2,$3,$-2
14,2015-03-31,10.28,$5.25,1.96,$5.08,2.02,$0.10,106.98,$0.21,48.95,$0.10B,$0.02B,6.01,$0.00B,$0.15B,0.0,$0.14B,$0.09B,62.24%,$0.14B,$0.01B,3.50%,$0.14B,$0.01B,3.50%,$0.14B,$0.01B,8.39%,$0.14B,$0.01B,3.50%,$0.14B,$0.01B,4.20%,$0.01B,$0.15B,4.06%,$0.01B,$0.12B,5.22%,$0.01B,$0.17B,3.44%,$0.01B,$0.15B,3.38%,$34,$14,$20,$2,$19,$35,$-2,$-0,$-2,$-1,$-0,$-0,$-0,$0,$-2,$28,28,$-0.01,$-0.01,$33,$14,$0,$103,$12,$0,$32,$10,$70,$173,$17,$0,$7,$7,$24,$0,$22,$-0,$149,$173,$-0,$2,$2,$3,$1,$-1,$0,$0,$-2,$1,$-1,$0,$0,$0,$0,$0,$-0,$-2,$0,$0,$0,$1,$1,$-1,$-0,$-1,$-1,$1,$-1
15,2014-12-31,11.2,$5.29,2.12,$5.10,2.19,$-0.02,0.0,$0.26,43.08,$0.11B,$0.02B,5.14,$0.00B,$0.15B,0.0,$0.15B,$0.09B,62.76%,$0.15B,$0.01B,6.21%,$0.15B,$0.01B,6.21%,$0.15B,$0.02B,10.34%,$0.15B,$0.01B,6.21%,$0.15B,$0.01B,4.83%,$0.01B,$0.15B,4.76%,$0.01B,$0.12B,6.14%,$0.01B,$0.18B,4.01%,$0.01B,$0.15B,6.12%,$37,$15,$23,$2,$19,$35,$2,$-0,$2,$-0,$2,$2,$2,$3,$2,$27,28,$0.06,$0.05,$34,$13,$0,$106,$12,$0,$33,$10,$70,$176,$21,$0,$3,$7,$27,$0,$23,$-0,$149,$176,$7,$6,$3,$9,$-5,$-1,$0,$-3,$-9,$8,$-4,$0,$0,$0,$-0,$-0,$-1,$-5,$0,$0,$0,$-4,$-4,$-3,$1,$-7,$-4,$3,$-3
16,2014-09-30,9.73,$5.24,1.86,$5.07,1.92,$0.29,33.12,$0.51,19.08,$0.10B,$0.02B,5.13,$0.00B,$0.15B,0.0,$0.14B,$0.09B,62.94%,$0.14B,$0.01B,6.99%,$0.14B,$0.01B,6.99%,$0.14B,$0.02B,11.89%,$0.14B,$0.02B,13.99%,$0.14B,$0.01B,9.79%,$0.01B,$0.15B,9.59%,$0.01B,$0.11B,12.42%,$0.01B,$0.18B,8.02%,$0.01B,$0.15B,6.85%,$37,$13,$24,$2,$19,$34,$3,$-0,$3,$1,$2,$2,$2,$5,$3,$27,28,$0.08,$0.08,$31,$13,$0,$103,$12,$0,$33,$9,$73,$175,$20,$0,$8,$8,$28,$0,$22,$-0,$147,$175,$6,$4,$2,$7,$-3,$-2,$0,$-3,$-9,$3,$-3,$0,$0,$0,$0,$0,$-2,$-5,$0,$0,$0,$-3,$-3,$-2,$-1,$-6,$-8,$3,$-2
17,2014-06-30,8.8,$5.24,1.68,$5.07,1.74,$0.58,15.14,$0.54,16.29,$0.11B,$0.02B,5.53,$0.00B,$0.15B,0.0,$0.14B,$0.09B,62.68%,$0.14B,$0.01B,8.45%,$0.14B,$0.01B,8.45%,$0.14B,$0.02B,12.68%,$0.14B,$0.02B,15.49%,$0.14B,$0.02B,10.56%,$0.02B,$0.15B,10.49%,$0.02B,$0.11B,13.70%,$0.02B,$0.17B,8.75%,$0.01B,$0.15B,8.39%,$35,$12,$22,$2,$18,$32,$2,$0,$2,$0,$2,$2,$2,$4,$2,$28,28,$0.08,$0.08,$37,$12,$0,$106,$12,$0,$33,$4,$68,$174,$19,$0,$9,$9,$28,$0,$20,$0,$146,$174,$3,$3,$1,$4,$-1,$0,$0,$-4,$-7,$1,$-2,$0,$0,$0,$0,$0,$-2,$-4,$0,$0,$0,$-2,$-2,$-2,$-1,$-4,$-7,$2,$-2
18,2014-03-31,9.76,$5.19,1.88,$5.07,1.92,$0.70,13.99,$0.53,18.41,$0.11B,$0.02B,5.76,$0.00B,$0.15B,0.0,$0.14B,$0.09B,62.41%,$0.14B,$0.01B,9.22%,$0.14B,$0.01B,9.22%,$0.14B,$0.02B,12.77%,$0.14B,$0.02B,16.31%,$0.14B,$0.02B,10.64%,$0.02B,$0.15B,10.77%,$0.02B,$0.11B,14.25%,$0.02B,$0.17B,8.96%,$0.01B,$0.15B,9.34%,$36,$13,$22,$3,$18,$34,$2,$0,$2,$1,$1,$1,$1,$3,$2,$27,28,$0.04,$0.04,$38,$11,$0,$106,$12,$0,$33,$4,$68,$174,$18,$0,$10,$10,$28,$0,$19,$-0,$146,$174,$1,$1,$0,$2,$-3,$-1,$0,$-0,$-5,$-2,$-1,$0,$0,$0,$0,$0,$-1,$-2,$0,$0,$0,$0,$0,$-1,$-1,$-1,$-5,$1,$-1
19,2013-12-31,10.83,$5.20,2.08,$5.11,2.12,$0.73,14.91,$0.57,19.0,$0.11B,$0.02B,5.13,$0.00B,$0.15B,0.0,$0.14B,$0.09B,63.12%,$0.14B,$0.01B,9.93%,$0.14B,$0.01B,9.93%,$0.14B,$0.02B,14.18%,$0.14B,$0.02B,17.02%,$0.14B,$0.02B,11.35%,$0.02B,$0.15B,11.85%,$0.02B,$0.11B,15.92%,$0.02B,$0.18B,9.85%,$0.01B,$0.15B,10.37%,$35,$13,$22,$2,$17,$32,$3,$10,$13,$4,$9,$9,$9,$5,$3,$27,28,$0.34,$0.32,$43,$10,$0,$106,$12,$0,$33,$4,$68,$175,$21,$0,$6,$9,$30,$0,$19,$0,$145,$175,$16,$6,$-4,$2,$-2,$0,$0,$-1,$-2,$17,$-4,$-0,$0,$0,$15,$15,$0,$11,$0,$0,$0,$0,$0,$-3,$-0,$-3,$25,$3,$-3
20,2013-09-30,6.8,$4.87,1.39,$5.02,1.35,$0.86,7.92,$0.33,20.6,$0.09B,$0.02B,4.2,$0.00B,$0.14B,0.0,$0.14B,$0.09B,63.31%,$0.14B,$0.01B,9.35%,$0.14B,$0.01B,9.35%,$0.14B,$0.02B,13.67%,$0.14B,$0.01B,9.35%,$0.14B,$0.01B,6.47%,$0.01B,$0.14B,6.88%,$0.01B,$0.10B,9.38%,$0.01B,$0.16B,5.70%,$0.01B,$0.14B,9.94%,$36,$13,$23,$2,$17,$32,$5,$0,$5,$1,$3,$3,$3,$6,$5,$27,28,$0.11,$0.11,$18,$10,$0,$85,$12,$6,$34,$9,$78,$163,$20,$0,$8,$8,$29,$0,$10,$-0,$135,$163,$7,$4,$4,$9,$-4,$1,$0,$-1,$-5,$11,$-3,$0,$0,$0,$0,$0,$-0,$-3,$0,$0,$0,$-1,$-1,$-2,$-0,$-3,$5,$2,$-2
21,2013-06-30,6.03,$4.75,1.27,$4.94,1.22,$0.89,6.77,$0.28,21.52,$0.08B,$0.02B,4.14,$0.00B,$0.13B,0.0,$0.14B,$0.09B,63.24%,$0.14B,$0.01B,8.09%,$0.14B,$0.01B,8.09%,$0.14B,$0.02B,12.50%,$0.14B,$0.01B,8.09%,$0.14B,$0.01B,5.88%,$0.01B,$0.13B,6.23%,$0.01B,$0.10B,8.58%,$0.01B,$0.16B,5.14%,$0.01B,$0.13B,8.56%,$34,$12,$21,$2,$17,$31,$3,$-0,$3,$1,$2,$2,$2,$4,$3,$27,27,$0.06,$0.06,$12,$11,$0,$78,$12,$6,$35,$9,$80,$158,$19,$0,$8,$8,$27,$0,$8,$-0,$131,$158,$4,$3,$3,$6,$-2,$0,$0,$-1,$-6,$4,$-2,$0,$0,$0,$0,$0,$-0,$-2,$0,$0,$0,$-1,$-1,$-1,$-0,$-3,$-1,$2,$-1
22,2013-03-31,5.73,$4.70,1.22,$4.94,1.16,$0.95,6.03,$0.33,17.37,$0.07B,$0.02B,4.45,$0.00B,$0.13B,0.0,$0.14B,$0.09B,63.70%,$0.14B,$0.01B,10.37%,$0.14B,$0.01B,10.37%,$0.14B,$0.02B,14.81%,$0.14B,$0.01B,10.37%,$0.14B,$0.01B,6.67%,$0.01B,$0.13B,7.10%,$0.01B,$0.09B,9.89%,$0.01B,$0.15B,5.80%,$0.01B,$0.13B,11.05%,$36,$12,$23,$2,$18,$32,$3,$-0,$3,$1,$2,$2,$2,$5,$3,$27,27,$0.08,$0.08,$9,$10,$0,$74,$12,$6,$35,$9,$80,$154,$17,$0,$8,$8,$25,$0,$7,$-0,$129,$154,$2,$1,$1,$3,$-3,$1,$0,$0,$-6,$-1,$-1,$0,$0,$0,$0,$0,$-0,$-1,$0,$0,$0,$-1,$-1,$-1,$-0,$-2,$-4,$1,$-1
23,2012-12-31,5.89,$4.66,1.26,$4.82,1.22,$1.07,5.51,$0.29,20.3,$0.08B,$0.02B,3.62,$0.00B,$0.13B,0.0,$0.13B,$0.08B,64.12%,$0.13B,$0.01B,9.92%,$0.13B,$0.01B,9.92%,$0.13B,$0.02B,13.74%,$0.13B,$0.01B,9.92%,$0.13B,$0.01B,6.11%,$0.01B,$0.13B,6.40%,$0.01B,$0.09B,8.70%,$0.01B,$0.16B,5.20%,$0.01B,$0.13B,10.40%,$33,$12,$21,$2,$17,$31,$2,$0,$2,$0,$2,$2,$2,$4,$2,$27,27,$0.07,$0.06,$13,$11,$0,$78,$12,$6,$35,$8,$80,$157,$21,$0,$5,$8,$29,$0,$6,$-0,$128,$157,$8,$6,$6,$11,$1,$0,$0,$-2,$-0,$19,$-3,$-1,$-17,$0,$0,$0,$-2,$-23,$0,$0,$0,$-3,$-3,$-1,$-0,$-5,$-9,$3,$-1
24,2012-09-30,6.29,$4.59,1.37,$4.72,1.33,$1.00,6.29,$0.29,21.7,$0.07B,$0.02B,3.64,$0.00B,$0.13B,0.0,$0.13B,$0.08B,64.06%,$0.13B,$0.01B,10.94%,$0.13B,$0.01B,10.94%,$0.13B,$0.02B,14.06%,$0.13B,$0.01B,10.94%,$0.13B,$0.01B,6.25%,$0.01B,$0.13B,6.48%,$0.01B,$0.09B,8.60%,$0.01B,$0.15B,5.28%,$0.01B,$0.13B,11.34%,$33,$12,$21,$2,$17,$30,$3,$-0,$3,$1,$2,$2,$2,$4,$3,$27,27,$0.06,$0.06,$8,$10,$0,$72,$12,$6,$36,$8,$81,$153,$20,$0,$8,$8,$28,$0,$4,$0,$126,$153,$6,$4,$5,$9,$-1,$0,$0,$-2,$-4,$11,$-2,$0,$-17,$0,$0,$0,$-2,$-21,$0,$0,$0,$-3,$-3,$-1,$-0,$-4,$-14,$2,$-1
25,2012-06-30,4.85,$4.53,1.07,$4.55,1.06,$1.10,4.42,$0.30,16.17,$0.08B,$0.03B,3.03,$0.00B,$0.12B,0.0,$0.13B,$0.08B,64.00%,$0.13B,$0.01B,10.40%,$0.13B,$0.01B,10.40%,$0.13B,$0.02B,14.40%,$0.13B,$0.01B,10.40%,$0.13B,$0.01B,6.40%,$0.01B,$0.12B,6.54%,$0.01B,$0.09B,8.49%,$0.01B,$0.16B,5.32%,$0.01B,$0.12B,10.63%,$33,$12,$21,$2,$14,$27,$6,$-0,$6,$2,$3,$3,$3,$7,$6,$27,27,$0.12,$0.12,$4,$10,$0,$75,$12,$6,$37,$8,$81,$157,$25,$0,$8,$8,$32,$0,$3,$0,$124,$157,$4,$3,$3,$6,$-7,$0,$0,$-3,$-5,$5,$-2,$0,$-17,$0,$0,$0,$-1,$-19,$0,$0,$0,$-3,$-3,$0,$-0,$-3,$-18,$1,$0
26,2012-03-31,4.89,$4.40,1.11,$4.39,1.11,$1.21,4.02,$0.25,19.55,$0.09B,$0.02B,4.06,$0.00B,$0.12B,0.0,$0.12B,$0.08B,64.46%,$0.12B,$0.01B,9.09%,$0.12B,$0.01B,9.09%,$0.12B,$0.02B,13.22%,$0.12B,$0.01B,9.09%,$0.12B,$0.01B,5.79%,$0.01B,$0.12B,5.80%,$0.01B,$0.10B,7.31%,$0.01B,$0.15B,4.78%,$0.01B,$0.12B,9.11%,$32,$11,$21,$2,$18,$31,$2,$-0,$2,$1,$1,$1,$1,$3,$2,$27,28,$0.04,$0.04,$21,$8,$0,$85,$12,$6,$24,$8,$63,$148,$21,$0,$5,$5,$26,$0,$-0,$-0,$122,$148,$1,$1,$1,$2,$-1,$0,$0,$-1,$-2,$2,$-1,$0,$0,$0,$0,$0,$-0,$-1,$0,$0,$0,$-2,$-2,$0,$-0,$-2,$-1,$1,$0
27,2011-12-31,4.45,$4.37,1.02,$4.31,1.03,$1.30,3.41,$0.27,16.49,$0.08B,$0.02B,3.91,$0.00B,$0.12B,0.0,$0.12B,$0.08B,63.87%,$0.12B,$0.01B,9.24%,$0.12B,$0.01B,9.24%,$0.12B,$0.02B,13.45%,$0.12B,$0.01B,10.08%,$0.12B,$0.01B,6.72%,$0.01B,$0.12B,6.72%,$0.01B,$0.10B,8.18%,$0.01B,$0.15B,5.56%,$0.01B,$0.12B,9.24%,$30,$11,$19,$2,$15,$27,$3,$-0,$3,$1,$2,$2,$2,$4,$3,$27,28,$0.07,$0.07,$22,$7,$0,$84,$12,$6,$25,$8,$64,$148,$21,$0,$5,$5,$26,$0,$-1,$-0,$122,$148,$7,$5,$6,$11,$-2,$0,$0,$2,$-1,$17,$-3,$0,$-21,$0,$-4,$-4,$-1,$-28,$0,$0,$0,$-2,$-2,$0,$-0,$-3,$-14,$3,$0
28,2011-09-30,4.16,$4.29,0.97,$4.25,0.98,$1.45,2.86,$0.28,14.87,$0.09B,$0.02B,3.99,$0.00B,$0.12B,0.0,$0.12B,$0.08B,63.56%,$0.12B,$0.01B,10.17%,$0.12B,$0.01B,10.17%,$0.12B,$0.02B,14.41%,$0.12B,$0.01B,10.17%,$0.12B,$0.01B,6.78%,$0.01B,$0.12B,6.84%,$0.01B,$0.10B,8.02%,$0.01B,$0.15B,5.66%,$0.01B,$0.12B,10.26%,$30,$11,$19,$2,$15,$27,$2,$-0,$2,$0,$2,$2,$2,$4,$2,$28,28,$0.07,$0.07,$26,$7,$0,$89,$13,$6,$26,$2,$59,$148,$22,$0,$5,$5,$27,$0,$-3,$-0,$121,$148,$6,$4,$3,$6,$0,$0,$0,$1,$2,$14,$-2,$0,$-21,$0,$-4,$-4,$-1,$-27,$0,$0,$0,$-1,$-1,$0,$-0,$-1,$-14,$2,$0
29,2011-06-30,5.19,$4.20,1.24,$4.21,1.23,$1.48,3.51,$0.10,51.93,$0.09B,$0.02B,4.41,$0.00B,$0.12B,0.0,$0.12B,$0.07B,61.21%,$0.12B,$0.01B,7.76%,$0.12B,$0.01B,7.76%,$0.12B,$0.01B,11.21%,$0.12B,$0.01B,4.31%,$0.12B,$0.00B,2.59%,$0.00B,$0.12B,2.61%,$0.00B,$0.09B,2.94%,$0.00B,$0.14B,2.17%,$0.01B,$0.12B,7.84%,$29,$10,$19,$2,$14,$26,$4,$0,$4,$2,$2,$2,$2,$5,$4,$27,28,$0.06,$0.06,$25,$6,$0,$88,$13,$3,$25,$2,$55,$142,$20,$0,$5,$5,$24,$0,$-5,$-0,$118,$142,$3,$2,$2,$4,$-1,$0,$0,$2,$0,$8,$-1,$0,$-21,$0,$0,$0,$-0,$-22,$0,$0,$0,$-1,$-1,$0,$-0,$-1,$-16,$1,$0
30,2011-03-31,5.66,$4.12,1.37,$4.17,1.36,$1.56,3.63,$0.13,43.52,$0.10B,$0.02B,5.55,$0.00B,$0.12B,0.0,$0.12B,$0.07B,60.34%,$0.12B,$0.01B,8.62%,$0.12B,$0.01B,8.62%,$0.12B,$0.01B,12.07%,$0.12B,$0.01B,5.17%,$0.12B,$0.00B,3.45%,$0.00B,$0.12B,3.50%,$0.00B,$0.11B,3.76%,$0.00B,$0.14B,2.91%,$0.01B,$0.12B,8.75%,$30,$12,$19,$2,$14,$28,$2,$0,$3,$1,$2,$2,$2,$3,$2,$27,28,$0.06,$0.06,$43,$6,$0,$103,$13,$3,$9,$2,$35,$138,$19,$0,$4,$4,$23,$0,$-7,$-0,$115,$138,$2,$1,$1,$2,$-2,$0,$0,$3,$0,$4,$-0,$0,$0,$0,$0,$0,$-0,$-0,$0,$0,$0,$-1,$-1,$0,$-0,$-1,$2,$1,$0
31,2010-12-31,5.03,$4.08,1.23,$4.13,1.22,$1.55,3.24,$0.14,35.9,$0.10B,$0.02B,5.25,$0.00B,$0.11B,0.0,$0.12B,$0.07B,59.48%,$0.12B,$0.01B,9.48%,$0.12B,$0.01B,9.48%,$0.12B,$0.02B,12.93%,$0.12B,$0.01B,5.17%,$0.12B,$0.00B,3.45%,$0.00B,$0.11B,3.52%,$0.00B,$0.11B,3.76%,$0.00B,$0.14B,2.91%,$0.01B,$0.11B,9.67%,$29,$12,$18,$2,$12,$26,$4,$-0,$3,$1,$2,$2,$2,$5,$4,$28,28,$0.08,$0.08,$41,$6,$0,$101,$13,$3,$9,$2,$36,$137,$19,$0,$4,$4,$23,$0,$-8,$-0,$114,$137,$4,$4,$9,$13,$0,$3,$0,$-2,$4,$21,$-2,$-5,$0,$0,$-3,$-3,$-0,$-11,$0,$-2,$-2,$-6,$-6,$0,$2,$-5,$5,$3,$0
32,2010-09-30,5.63,$3.99,1.41,$4.10,1.37,$1.41,3.98,$0.14,40.21,$0.10B,$0.02B,5.4,$0.00B,$0.11B,0.0,$0.12B,$0.07B,59.48%,$0.12B,$0.01B,9.48%,$0.12B,$0.01B,9.48%,$0.12B,$0.02B,12.93%,$0.12B,$0.01B,6.03%,$0.12B,$0.00B,3.45%,$0.00B,$0.11B,3.55%,$0.00B,$0.10B,3.77%,$0.00B,$0.14B,2.93%,$0.01B,$0.11B,9.73%,$28,$13,$15,$2,$11,$30,$-1,$-3,$-5,$-2,$-3,$-3,$-3,$-0,$-1,$28,28,$-0.11,$-0.11,$36,$6,$0,$99,$13,$3,$9,$2,$36,$135,$18,$0,$4,$4,$22,$0,$-11,$-0,$112,$135,$2,$3,$9,$12,$-1,$0,$0,$0,$0,$14,$-1,$-5,$0,$0,$-3,$-3,$-0,$-10,$-0,$-1,$-1,$-4,$-4,$0,$2,$-3,$1,$2,$0
33,2010-06-30,5.0,$4.08,1.22,$4.07,1.23,$1.28,3.9,$0.32,15.62,$0.11B,$0.02B,5.25,$0.00B,$0.12B,0.0,$0.12B,$0.07B,61.21%,$0.12B,$0.02B,12.93%,$0.12B,$0.02B,12.93%,$0.12B,$0.02B,16.38%,$0.12B,$0.02B,12.93%,$0.12B,$0.01B,7.76%,$0.01B,$0.12B,8.05%,$0.01B,$0.11B,8.55%,$0.01B,$0.14B,6.62%,$0.02B,$0.12B,13.36%,$29,$11,$18,$1,$12,$24,$5,$0,$5,$2,$3,$3,$3,$6,$5,$28,28,$0.10,$0.10,$41,$8,$0,$107,$13,$6,$6,$1,$33,$140,$20,$0,$4,$4,$24,$0,$-7,$-0,$116,$140,$5,$2,$2,$4,$-1,$0,$0,$1,$1,$10,$-1,$0,$0,$0,$-3,$-3,$-0,$-4,$-0,$-1,$-1,$-1,$-1,$0,$2,$-0,$6,$1,$0
34,2010-03-31,6.0,$3.95,1.52,$4.05,1.48,$1.06,5.64,$0.31,19.36,$0.10B,$0.02B,5.09,$0.00B,$0.11B,0.0,$0.12B,$0.07B,61.74%,$0.12B,$0.01B,12.17%,$0.12B,$0.01B,12.17%,$0.12B,$0.02B,15.65%,$0.12B,$0.01B,12.17%,$0.12B,$0.01B,7.83%,$0.01B,$0.11B,8.24%,$0.01B,$0.11B,8.78%,$0.01B,$0.14B,6.73%,$0.01B,$0.11B,12.76%,$30,$12,$18,$1,$14,$27,$3,$1,$3,$1,$2,$2,$2,$4,$3,$28,29,$0.07,$0.07,$38,$6,$0,$103,$14,$6,$6,$1,$34,$137,$20,$0,$4,$4,$24,$0,$-10,$-0,$113,$137,$2,$1,$1,$2,$-1,$0,$0,$1,$-0,$4,$-0,$0,$0,$0,$-3,$-3,$-0,$-3,$-0,$0,$-0,$0,$0,$0,$1,$1,$2,$1,$0
35,2009-12-31,5.95,$3.88,1.53,$3.95,1.51,$0.98,6.1,$0.31,19.21,$0.10B,$0.02B,4.97,$0.00B,$0.11B,0.0,$0.11B,$0.07B,62.50%,$0.11B,$0.01B,12.50%,$0.11B,$0.01B,12.50%,$0.11B,$0.02B,16.96%,$0.11B,$0.01B,12.50%,$0.11B,$0.01B,8.04%,$0.01B,$0.11B,8.45%,$0.01B,$0.10B,9.05%,$0.01B,$0.13B,6.86%,$0.01B,$0.11B,13.05%,$29,$11,$18,$1,$13,$25,$4,$0,$4,$1,$2,$2,$2,$5,$4,$28,28,$0.08,$0.07,$30,$6,$0,$96,$14,$3,$7,$6,$38,$134,$19,$0,$4,$4,$23,$0,$-12,$-0,$110,$134,$9,$4,$8,$13,$-1,$0,$0,$-1,$-5,$17,$-2,$0,$0,$1,$-3,$-2,$-1,$-4,$-1,$0,$-1,$1,$1,$0,$1,$1,$13,$2,$0
36,2009-09-30,7.39,$3.81,1.94,$3.84,1.92,$0.72,10.2,$1.03,7.18,$0.09B,$0.02B,4.78,$0.00B,$0.11B,0.0,$0.11B,$0.07B,63.30%,$0.11B,$0.01B,11.93%,$0.11B,$0.01B,11.93%,$0.11B,$0.02B,16.51%,$0.11B,$0.01B,11.93%,$0.11B,$0.03B,26.61%,$0.03B,$0.11B,28.02%,$0.03B,$0.10B,29.97%,$0.03B,$0.13B,22.48%,$0.01B,$0.11B,12.47%,$28,$11,$17,$1,$12,$25,$3,$-0,$3,$1,$2,$2,$2,$4,$3,$28,28,$0.07,$0.07,$27,$6,$0,$94,$15,$0,$7,$6,$40,$133,$20,$0,$4,$5,$25,$0,$-14,$-0,$108,$133,$6,$3,$6,$9,$-1,$1,$0,$-3,$-6,$10,$-1,$0,$0,$1,$-1,$1,$-1,$-1,$-1,$0,$-1,$1,$1,$0,$1,$1,$10,$2,$0
37,2009-06-30,5.14,$3.72,1.38,$3.78,1.36,$0.60,8.6,$1.08,4.76,$0.09B,$0.02B,4.5,$0.00B,$0.11B,0.0,$0.11B,$0.07B,63.89%,$0.11B,$0.01B,12.96%,$0.11B,$0.01B,12.96%,$0.11B,$0.02B,17.59%,$0.11B,$0.01B,12.96%,$0.11B,$0.03B,28.70%,$0.03B,$0.11B,32.46%,$0.03B,$0.10B,34.83%,$0.03B,$0.13B,25.51%,$0.01B,$0.11B,14.55%,$28,$10,$18,$1,$12,$24,$4,$0,$4,$2,$3,$3,$3,$5,$4,$28,28,$0.09,$0.09,$22,$7,$0,$89,$16,$0,$7,$6,$42,$131,$20,$0,$4,$5,$25,$0,$-16,$-0,$106,$131,$4,$2,$4,$6,$-2,$0,$0,$-3,$-7,$4,$-1,$0,$0,$1,$-1,$0,$-0,$-1,$0,$-0,$-0,$0,$0,$0,$1,$1,$4,$1,$0
38,2009-03-31,4.8,$3.62,1.33,$3.74,1.29,$0.56,8.52,$1.13,4.25,$0.08B,$0.02B,4.28,$0.00B,$0.10B,0.0,$0.11B,$0.07B,64.49%,$0.11B,$0.01B,13.08%,$0.11B,$0.01B,13.08%,$0.11B,$0.02B,17.76%,$0.11B,$0.01B,13.08%,$0.11B,$0.03B,29.91%,$0.03B,$0.10B,36.78%,$0.03B,$0.10B,39.75%,$0.03B,$0.13B,28.26%,$0.01B,$0.10B,15.95%,$27,$9,$17,$1,$13,$23,$3,$-0,$3,$1,$2,$2,$2,$5,$3,$28,28,$0.07,$0.07,$19,$7,$0,$83,$16,$0,$7,$6,$44,$127,$19,$0,$5,$6,$25,$0,$-18,$-0,$102,$127,$2,$1,$2,$3,$-1,$0,$0,$-0,$-3,$2,$-1,$0,$0,$0,$0,$0,$-0,$-1,$0,$-0,$-0,$0,$0,$0,$0,$0,$1,$1,$0
39,2008-12-31,9.0,$3.49,2.58,$3.70,2.43,$0.53,17.01,$1.16,7.76,$0.08B,$0.02B,3.83,$0.00B,$0.10B,0.0,$0.11B,$0.07B,64.15%,$0.11B,$0.01B,13.21%,$0.11B,$0.01B,13.21%,$0.11B,$0.02B,16.98%,$0.11B,$0.01B,13.21%,$0.11B,$0.03B,31.13%,$0.03B,$0.10B,42.31%,$0.03B,$0.09B,46.15%,$0.03B,$0.13B,31.65%,$0.01B,$0.10B,17.78%,$26,$9,$17,$1,$12,$23,$3,$-0,$3,$-19,$22,$22,$22,$4,$3,$28,28,$0.78,$0.77,$18,$7,$0,$80,$16,$0,$7,$6,$45,$125,$21,$0,$4,$6,$27,$0,$-21,$-0,$98,$125,$32,$4,$-15,$-11,$-1,$-3,$1,$-8,$-12,$10,$-2,$0,$0,$2,$-5,$-3,$-0,$-4,$-6,$0,$-6,$2,$2,$0,$2,$-2,$3,$2,$0
40,2008-09-30,12.17,$2.72,4.47,$3.73,3.26,$0.55,21.96,$0.46,26.45,$0.07B,$0.02B,3.41,$0.00B,$0.08B,0.01,$0.11B,$0.07B,63.81%,$0.11B,$0.01B,13.33%,$0.11B,$0.01B,13.33%,$0.11B,$0.02B,17.14%,$0.11B,$0.01B,13.33%,$0.11B,$0.01B,13.33%,$0.01B,$0.08B,20.22%,$0.01B,$0.07B,22.40%,$0.01B,$0.10B,14.55%,$0.01B,$0.08B,20.07%,$27,$10,$17,$1,$12,$23,$4,$-0,$4,$0,$4,$4,$4,$5,$4,$28,29,$0.13,$0.12,$16,$7,$0,$73,$17,$0,$7,$6,$30,$103,$21,$0,$5,$5,$27,$0,$-43,$-0,$76,$103,$10,$3,$4,$7,$-2,$0,$0,$-10,$-10,$7,$-1,$0,$0,$2,$0,$2,$-5,$-4,$-5,$0,$-5,$2,$2,$0,$1,$-2,$1,$2,$0
41,2008-06-30,10.61,$2.56,4.14,$3.59,2.96,$0.52,20.23,$0.41,25.88,$0.07B,$0.02B,3.17,$0.00B,$0.07B,0.01,$0.10B,$0.06B,64.00%,$0.10B,$0.01B,12.00%,$0.10B,$0.01B,12.00%,$0.10B,$0.02B,16.00%,$0.10B,$0.01B,12.00%,$0.10B,$0.01B,12.00%,$0.01B,$0.07B,18.46%,$0.01B,$0.07B,20.69%,$0.01B,$0.10B,12.87%,$0.01B,$0.07B,18.39%,$27,$9,$18,$1,$12,$23,$4,$-0,$4,$0,$4,$4,$4,$5,$4,$28,28,$0.14,$0.14,$12,$6,$0,$68,$17,$0,$7,$6,$31,$98,$21,$0,$5,$5,$26,$0,$-46,$0,$72,$98,$7,$2,$3,$5,$-2,$0,$0,$-7,$-9,$3,$-1,$0,$0,$2,$0,$2,$-5,$-3,$-4,$-0,$-5,$1,$1,$0,$1,$-2,$-3,$1,$0
42,2008-03-31,8.72,$2.38,3.66,$3.51,2.49,$0.49,17.79,$0.32,27.24,$0.06B,$0.02B,3.39,$0.00B,$0.07B,0.01,$0.10B,$0.06B,62.50%,$0.10B,$0.01B,10.42%,$0.10B,$0.01B,10.42%,$0.10B,$0.01B,14.58%,$0.10B,$0.01B,9.38%,$0.10B,$0.01B,9.38%,$0.01B,$0.07B,14.69%,$0.01B,$0.06B,16.67%,$0.01B,$0.09B,9.92%,$0.01B,$0.07B,16.26%,$26,$9,$16,$1,$12,$23,$3,$0,$3,$0,$3,$3,$3,$4,$3,$28,28,$0.10,$0.10,$13,$6,$0,$64,$18,$0,$7,$2,$27,$91,$19,$0,$5,$6,$25,$0,$-50,$-0,$66,$91,$3,$1,$1,$2,$-1,$0,$0,$-2,$-5,$0,$-0,$0,$0,$2,$-1,$2,$0,$2,$-4,$0,$-4,$0,$0,$0,$0,$-4,$-2,$1,$0
43,2007-12-31,7.37,$2.27,3.25,$3.55,2.07,$0.53,14.02,$0.26,28.36,$0.07B,$0.03B,2.65,$0.00B,$0.06B,0.0,$0.10B,$0.06B,62.11%,$0.10B,$0.01B,9.47%,$0.10B,$0.01B,9.47%,$0.10B,$0.01B,13.68%,$0.10B,$0.01B,7.37%,$0.10B,$0.01B,7.37%,$0.01B,$0.06B,12.07%,$0.01B,$0.06B,13.79%,$0.01B,$0.09B,7.89%,$0.01B,$0.06B,15.52%,$25,$9,$16,$1,$12,$22,$3,$0,$3,$0,$3,$3,$3,$4,$3,$26,27,$0.10,$0.10,$17,$6,$0,$65,$19,$0,$7,$1,$27,$93,$25,$0,$5,$5,$30,$0,$-53,$0,$63,$93,$7,$4,$2,$7,$-0,$0,$3,$-7,$-4,$9,$-1,$0,$0,$2,$0,$2,$-0,$0,$-0,$-2,$-2,$1,$1,$-0,$2,$1,$10,$2,$0
44,2007-09-30,8.76,$2.16,4.06,$3.47,2.52,$0.12,75.1,$0.15,58.42,$0.06B,$0.03B,2.46,$0.00B,$0.06B,0.0,$0.09B,$0.05B,58.24%,$0.09B,$0.01B,6.59%,$0.09B,$0.01B,6.59%,$0.09B,$0.01B,10.99%,$0.09B,$0.00B,4.40%,$0.09B,$0.00B,4.40%,$0.00B,$0.06B,7.24%,$0.00B,$0.05B,8.33%,$0.00B,$0.09B,4.68%,$0.01B,$0.06B,10.86%,$22,$8,$14,$1,$11,$21,$2,$0,$2,$0,$2,$2,$2,$3,$2,$28,28,$0.07,$0.07,$14,$6,$0,$62,$19,$0,$7,$1,$29,$91,$25,$0,$4,$6,$32,$0,$-56,$0,$59,$91,$5,$3,$2,$5,$-1,$0,$0,$-6,$-5,$5,$-1,$0,$0,$-1,$0,$-1,$-0,$-2,$-1,$0,$-1,$1,$1,$-0,$2,$1,$4,$2,$0
45,2007-06-30,12.07,$2.06,5.85,$3.48,3.47,$-0.21,0.0,$0.15,80.43,$0.06B,$0.03B,2.36,$0.00B,$0.06B,0.0,$0.09B,$0.05B,56.18%,$0.09B,$0.01B,6.74%,$0.09B,$0.01B,6.74%,$0.09B,$0.01B,11.24%,$0.09B,$0.00B,4.49%,$0.09B,$0.00B,4.49%,$0.00B,$0.06B,7.51%,$0.00B,$0.05B,8.56%,$0.00B,$0.09B,4.83%,$0.01B,$0.06B,11.21%,$23,$9,$14,$1,$11,$21,$2,$-1,$1,$0,$1,$1,$1,$3,$2,$25,26,$0.05,$0.05,$11,$6,$0,$58,$20,$0,$7,$1,$30,$88,$25,$0,$4,$7,$31,$0,$-58,$0,$57,$88,$3,$2,$1,$4,$-1,$0,$0,$-5,$-5,$1,$-0,$0,$0,$-1,$0,$-1,$-0,$-2,$-0,$-1,$-1,$1,$1,$-0,$2,$2,$1,$1,$0
46,2007-03-31,7.8,$2.12,3.69,$3.44,2.26,$-0.44,0.0,$0.11,70.9,$0.05B,$0.02B,2.24,$0.00B,$0.05B,0.0,$0.09B,$0.05B,55.17%,$0.09B,$0.01B,5.75%,$0.09B,$0.01B,5.75%,$0.09B,$0.01B,10.34%,$0.09B,$0.00B,3.45%,$0.09B,$0.00B,3.45%,$0.00B,$0.05B,5.85%,$0.00B,$0.05B,6.56%,$0.00B,$0.08B,3.75%,$0.01B,$0.05B,9.71%,$25,$10,$15,$1,$12,$23,$2,$-0,$1,$0,$1,$1,$1,$3,$2,$25,26,$0.04,$0.04,$10,$6,$0,$53,$21,$0,$7,$1,$31,$83,$23,$0,$5,$7,$30,$0,$-59,$0,$53,$83,$1,$1,$1,$2,$-1,$0,$0,$-1,$-2,$1,$-0,$0,$0,$1,$0,$1,$-0,$0,$-0,$0,$-0,$0,$0,$-0,$0,$-0,$1,$0,$0
47,2006-12-31,7.09,$2.09,3.39,$3.27,2.17,$-0.50,0.0,$-0.01,0.0,$0.05B,$0.02B,2.16,$0.00B,$0.05B,0.0,$0.08B,$0.04B,54.32%,$0.08B,$0.00B,2.47%,$0.08B,$0.00B,2.47%,$0.08B,$0.01B,7.41%,$0.08B,0,0.00%,$0.08B,0,0.00%,$0.00B,$0.05B,0.00%,$0.00B,$0.05B,0.00%,$0.00B,$0.08B,0.00%,$0.00B,$0.05B,3.96%,$21,$11,$10,$1,$11,$21,$0,$-0,$0,$0,$-0,$-0,$-0,$1,$0,$25,25,$-0.01,$-0.01,$9,$5,$0,$49,$21,$0,$8,$2,$30,$80,$23,$0,$5,$5,$28,$0,$-59,$0,$52,$80,$0,$5,$4,$9,$-2,$-1,$0,$-9,$-10,$-1,$-2,$0,$0,$1,$0,$1,$-0,$-1,$-0,$-2,$-3,$0,$0,$-1,$2,$-1,$-2,$2,$0
