,Date,Stock Price,Book Value per Share,Price to Book Ratio,TTM Sales per Share,Price to Sales Ratio,TTM FCF per Share,Price to FCF Ratio,TTM Net EPS,PE Ratio,Current Assets,Current Liabilities,Current Ratio,Long Term Debt,Shareholder's Equity_x,Debt to Equity Ratio,TTM Revenue_x,TTM Gross Profit,Gross Margin,TTM Revenue_y,TTM Operating Income,Operating Margin,TTM Revenue_x,TTM EBIT,EBIT Margin,TTM Revenue_y,TTM EBITDA,EBITDA Margin,TTM Revenue_x,TTM Pre-Tax Income,Pre-Tax Margin,TTM Revenue_y,TTM Net Income_x,Net Margin,TTM Net Income_y,Shareholder's Equity_y,Return on Equity,TTM Net Income_x,Tangible Equity,Return on Tangible Equity,TTM Net Income_y,Total Assets,Return on Assets,TTM Net Income,LT Investments & Debt,Return on Investment,revenue,cost-goods-sold,gross-profit,research-development-expenses,selling-general-administrative-expenses,operating-expenses,operating-income,total-non-operating-income-expense,pre-tax-income,total-provision-income-taxes,income-after-taxes,income-from-continuous-operations,net-income,ebitda,ebit,basic-shares-outstanding,shares-outstanding,eps-basic-net-earnings-per-share,eps-earnings-per-share-diluted,cash-on-hand,inventory,other-current-assets,total-current-assets,net-property-plant-equipment,long-term-investments,goodwill-intangible-assets-total,other-long-term-assets,total-long-term-assets,total-assets,total-current-liabilities,long-term-debt,other-non-current-liabilities,total-long-term-liabilities,total-liabilities,common-stock-net,retained-earnings-accumulated-deficit,comprehensive-income,total-share-holder-equity,total-liabilities-share-holders-equity,net-income-loss,total-depreciation-amortization-cash-flow,other-non-cash-items,total-non-cash-items,change-in-accounts-receivable,change-in-inventories,change-in-accounts-payable,change-in-assets-liabilities,total-change-in-assets-liabilities,cash-flow-from-operating-activities,net-change-in-property-plant-equipment,net-change-in-intangible-assets,net-acquisitions-divestitures,net-change-in-short-term-investments,net-change-in-long-term-investments,net-change-in-investments-total,investing-activities-other,cash-flow-from-investing-activities,net-long-term-debt,net-current-debt,debt-issuance-retirement-net-total,net-common-equity-issued-repurchased,net-total-equity-issued-repurchased,total-common-preferred-stock-dividends-paid,financial-activities-other,cash-flow-from-financial-activities,net-cash-flow,stock-based-compensation,common-stock-dividends-paid
0,2018-09-30,25.2,$9.77,2.58,$12.62,2.0,$2.70,9.32,$1.10,22.91,$0.15B,$0.56B,0.27,$1.33B,$0.72B,1.84,$1.04B,$1.04B,100.00%,$1.04B,$0.42B,40.62%,$1.04B,$0.42B,40.62%,$1.04B,$0.72B,69.20%,$1.04B,$0.13B,12.80%,$1.04B,$0.10B,9.43%,$0.10B,$0.90B,14.84%,$0.10B,$0.90B,14.84%,$0.10B,$2.91B,3.58%,$0.42B,$2.22B,19.75%,$303,$0,$303,$0,$71,$206,$97,$-15,$82,$1,$81,$81,$76,$177,$97,$87,89,$0.88,$0.85,$2,$0,$20,$151,$2715,$0,$0,$45,$2760,$2911,$556,$1328,$128,$1460,$2016,$1,$-1412,$0,$895,$2911,$144,$217,$113,$330,$-13,$0,$11,$-2,$-13,$465,$-285,$0,$-22,$0,$0,$0,$-3,$-309,$-330,$19,$-312,$214,$164,$-14,$-2,$-163,$-7,$14,$0
1,2018-06-30,27.85,$7.30,3.82,$11.45,2.43,$-0.98,0.0,$0.32,87.03,$0.13B,$0.50B,0.26,$1.50B,$0.43B,3.52,$0.92B,$0.92B,100.00%,$0.92B,$0.35B,38.60%,$0.92B,$0.35B,38.60%,$0.92B,$0.64B,69.68%,$0.92B,$0.06B,6.43%,$0.92B,$0.03B,3.05%,$0.03B,$0.60B,4.77%,$0.03B,$0.60B,4.77%,$0.03B,$2.72B,1.04%,$0.35B,$2.10B,16.42%,$264,$0,$264,$0,$70,$142,$122,$-86,$36,$0,$35,$35,$30,$194,$122,$82,84,$0.37,$0.36,$2,$0,$19,$133,$2568,$0,$0,$21,$2589,$2722,$504,$1502,$113,$1619,$2123,$1,$-1493,$0,$599,$2722,$63,$137,$80,$217,$2,$0,$4,$-1,$-8,$276,$-431,$0,$346,$0,$0,$0,$-1,$-86,$-330,$194,$-137,$0,$-50,$-9,$-1,$-197,$-7,$11,$0
2,2018-03-31,16.0,$6.87,2.33,$10.82,1.48,$-1.97,0.0,$0.81,19.75,$0.12B,$0.43B,0.28,$1.44B,$0.39B,3.69,$0.82B,$0.82B,100.00%,$0.82B,$0.28B,34.68%,$0.82B,$0.28B,34.68%,$0.82B,$0.56B,67.89%,$0.82B,$0.08B,9.65%,$0.82B,$0.05B,6.59%,$0.05B,$0.56B,11.48%,$0.05B,$0.56B,11.48%,$0.05B,$2.54B,2.15%,$0.28B,$2.01B,13.89%,$225,$0,$225,$0,$79,$144,$82,$-54,$28,$0,$27,$27,$15,$146,$82,$82,83,$0.18,$0.18,$5,$0,$16,$119,$2401,$0,$0,$18,$2419,$2538,$432,$1443,$97,$1543,$1975,$1,$-1528,$0,$563,$2538,$27,$64,$28,$93,$11,$0,$16,$-1,$21,$139,$108,$0,$0,$0,$0,$0,$-0,$108,$-326,$130,$-196,$0,$-50,$-5,$-0,$-251,$-5,$4,$0
3,2017-12-31,21.28,$7.18,2.96,$10.40,2.05,$-5.41,0.0,$1.24,17.16,$0.12B,$0.37B,0.33,$1.63B,$0.37B,4.39,$0.75B,$0.75B,100.00%,$0.75B,$0.24B,31.95%,$0.75B,$0.24B,31.95%,$0.75B,$0.50B,67.25%,$0.75B,$0.09B,12.21%,$0.75B,$0.08B,10.60%,$0.08B,$0.59B,22.75%,$0.08B,$0.59B,22.75%,$0.08B,$2.78B,3.43%,$0.24B,$2.21B,12.52%,$247,$0,$247,$0,$69,$126,$121,$-134,$-13,$0,$-17,$-17,$-23,$202,$121,$73,74,$-0.47,$-0.47,$10,$0,$6,$123,$2636,$0,$0,$20,$2655,$2778,$373,$1629,$187,$1820,$2193,$1,$-1556,$0,$585,$2778,$87,$263,$93,$355,$-42,$0,$12,$-3,$-22,$423,$-457,$0,$-696,$0,$0,$0,$-7,$-1159,$2090,$-1788,$301,$222,$459,$-8,$-11,$742,$5,$14,$0
4,2017-09-30,17.13,$7.39,2.32,$9.46,1.81,$-8.16,0.0,$1.52,11.27,$0.10B,$0.32B,0.32,$1.70B,$0.39B,4.38,$0.64B,$0.64B,100.00%,$0.64B,$-0.13B,-20.25%,$0.64B,$-0.13B,-20.25%,$0.64B,$0.11B,16.36%,$0.64B,$0.10B,16.04%,$0.64B,$0.10B,15.73%,$0.10B,$0.60B,48.85%,$0.10B,$0.60B,48.85%,$0.10B,$2.75B,5.02%,$-0.13B,$2.30B,-7.72%,$181,$0,$181,$0,$60,$152,$29,$-21,$8,$0,$8,$8,$6,$97,$29,$81,81,$0.07,$0.07,$5,$0,$8,$103,$2633,$0,$0,$10,$2643,$2746,$318,$1701,$124,$1825,$2144,$1,$-1539,$0,$602,$2746,$104,$181,$-8,$173,$-26,$0,$15,$-2,$-1,$281,$-415,$0,$-686,$0,$0,$0,$-4,$-1105,$250,$129,$379,$222,$459,$-2,$-10,$825,$1,$8,$0
5,2017-06-30,17.42,$2.00,8.7,$9.11,1.91,$-8.76,0.0,$-0.27,0.0,$0.10B,$0.26B,0.37,$1.52B,$0.13B,11.55,$0.57B,$0.57B,100.00%,$0.57B,$-0.24B,-41.78%,$0.57B,$-0.24B,-41.78%,$0.57B,$-0.02B,-4.02%,$0.57B,$-0.01B,-1.05%,$0.57B,$-0.01B,-1.05%,$-0.01B,$0.13B,-120.00%,$-0.01B,$0.13B,-120.00%,$-0.01B,$1.96B,-0.36%,$-0.24B,$1.65B,-17.18%,$166,$0,$166,$0,$56,$115,$52,$5,$56,$0,$56,$56,$56,$111,$52,$66,66,$0.86,$0.85,$2,$0,$21,$95,$1773,$0,$0,$95,$1868,$1964,$259,$1522,$51,$1573,$1832,$1,$-1547,$0,$132,$1964,$96,$113,$-44,$69,$-8,$0,$14,$-1,$11,$179,$-366,$0,$2,$0,$0,$0,$-2,$-366,$0,$195,$195,$0,$0,$0,$-10,$185,$-2,$4,$0
6,2017-03-31,28.66,$1.06,26.97,$8.41,3.41,$-7.61,0.0,$-5.58,0.0,$0.07B,$0.23B,0.32,$1.36B,$0.07B,19.48,$0.51B,$0.51B,100.00%,$0.51B,$-0.48B,-93.76%,$0.51B,$-0.48B,-93.76%,$0.51B,$-0.27B,-53.02%,$0.51B,$-0.32B,-63.16%,$0.51B,$-0.32B,-63.16%,$-0.32B,$0.07B,583.78%,$-0.32B,$0.07B,583.78%,$-0.32B,$1.71B,-20.84%,$-0.48B,$1.43B,-37.75%,$151,$0,$151,$0,$61,$115,$36,$4,$40,$0,$40,$40,$40,$91,$36,$65,66,$0.61,$0.61,$2,$0,$4,$73,$1634,$0,$0,$7,$1641,$1714,$228,$1362,$54,$1416,$1645,$1,$-1603,$0,$70,$1714,$40,$54,$-21,$34,$-3,$0,$7,$-1,$1,$76,$-106,$0,$-7,$0,$0,$0,$-0,$-114,$0,$36,$36,$0,$0,$0,$-0,$36,$-2,$2,$0
7,2016-12-31,37.35,$0.36,103.69,$7.50,4.98,$-8.36,0.0,$-11.53,0.0,$0.07B,$0.21B,0.34,$1.33B,$0.02B,56.5,$0.44B,$0.44B,100.00%,$0.44B,$-0.55B,-123.25%,$0.44B,$-0.55B,-123.25%,$0.44B,$-0.33B,-74.94%,$0.44B,$-0.68B,-152.37%,$0.44B,$-0.68B,-152.37%,$-0.68B,$0.02B,1836.73%,$-0.68B,$0.02B,1836.73%,$-0.68B,$1.63B,-43.86%,$-0.55B,$1.35B,-43.02%,$144,$0,$144,$0,$51,$391,$-247,$246,$-1,$0,$-1,$-1,$-1,$-194,$-247,$60,60,$0.25,$0.25,$4,$0,$5,$73,$1546,$0,$0,$8,$1553,$1626,$212,$1325,$65,$1391,$1603,$1,$-1643,$0,$23,$1626,$-675,$214,$785,$999,$-13,$0,$-30,$-4,$-55,$273,$-465,$0,$-154,$0,$0,$0,$-1,$-620,$770,$-683,$87,$224,$224,$0,$-2,$308,$-39,$36,$0
8,2016-09-30,40.62,$-3.47,-11.69,$7.04,5.77,$-10.80,0.0,$-18.24,0.0,$0.08B,$0.23B,0.34,$1.33B,$-0.21B,-6.5,$0.40B,$0.40B,100.00%,$0.40B,$-0.75B,-187.69%,$0.40B,$-0.75B,-187.69%,$0.40B,$-0.52B,-130.90%,$0.40B,$-1.06B,-265.08%,$0.40B,$-1.05B,-264.82%,$-1.05B,$-0.21B,-1538.69%,$-1.05B,$-0.21B,-1538.69%,$-1.05B,$1.42B,-64.49%,$-0.75B,$1.13B,-55.25%,$111,$0,$111,$0,$49,$191,$-80,$-22,$-101,$-0,$-101,$-101,$-101,$-31,$-80,$59,59,$-1.72,$-1.72,$3,$0,$25,$78,$1335,$0,$0,$8,$1343,$1421,$230,$1334,$62,$1396,$1626,$1,$-1642,$0,$-205,$1421,$-675,$160,$739,$900,$2,$0,$-20,$-3,$-30,$198,$-331,$0,$0,$0,$0,$0,$-1,$-332,$0,$96,$96,$0,$0,$0,$-2,$94,$-40,$31,$0
9,2016-06-30,35.85,$-1.87,-19.15,$7.21,4.97,$-13.40,0.0,$-30.25,0.0,$0.10B,$0.20B,0.49,$1.30B,$-0.11B,-11.76,$0.39B,$0.39B,100.00%,$0.39B,$-1.46B,-371.25%,$0.39B,$-1.46B,-371.25%,$0.39B,$-1.20B,-305.60%,$0.39B,$-1.77B,-449.36%,$0.39B,$-1.66B,-422.65%,$-1.66B,$-0.11B,-628.57%,$-1.66B,$-0.11B,-628.57%,$-1.66B,$1.46B,-89.37%,$-1.46B,$1.19B,-93.06%,$107,$0,$107,$0,$48,$297,$-190,$-72,$-262,$0,$-262,$-262,$-262,$-138,$-190,$59,59,$-4.46,$-4.46,$2,$0,$41,$99,$1349,$0,$0,$9,$1359,$1458,$203,$1298,$67,$1365,$1568,$1,$-1541,$0,$-110,$1458,$-574,$112,$616,$728,$-1,$0,$-19,$-1,$-30,$126,$-225,$0,$0,$0,$0,$0,$-1,$-226,$0,$61,$61,$0,$0,$0,$-2,$59,$-41,$22,$0
10,2016-03-31,30.92,$2.47,12.54,$7.80,3.97,$-15.88,0.0,$-26.69,0.0,$0.16B,$0.19B,0.83,$1.27B,$0.15B,8.75,$0.41B,$0.41B,100.00%,$0.41B,$-1.27B,-311.49%,$0.41B,$-1.27B,-311.49%,$0.41B,$-0.99B,-241.81%,$0.41B,$-1.58B,-385.57%,$0.41B,$-1.45B,-353.30%,$-1.45B,$0.15B,-236.21%,$-1.45B,$0.15B,-236.21%,$-1.45B,$1.65B,-63.84%,$-1.27B,$1.41B,-65.87%,$81,$0,$81,$0,$50,$110,$-29,$-282,$-311,$0,$-311,$-311,$-311,$31,$-29,$58,58,$-5.34,$-5.34,$2,$0,$100,$159,$1484,$0,$0,$9,$1492,$1651,$192,$1267,$47,$1314,$1506,$1,$-1279,$0,$145,$1651,$-311,$60,$328,$387,$-2,$0,$-19,$-1,$-23,$54,$-124,$0,$0,$0,$0,$0,$-1,$-125,$0,$31,$31,$0,$0,$0,$-0,$30,$-41,$12,$0
11,2015-12-31,29.58,$7.61,3.89,$8.56,3.46,$-17.60,0.0,$-21.81,0.0,$0.23B,$0.29B,0.81,$1.24B,$0.44B,2.78,$0.43B,$0.43B,100.00%,$0.43B,$-1.28B,-298.83%,$0.43B,$-1.28B,-298.83%,$0.43B,$-0.98B,-228.97%,$0.43B,$-1.30B,-303.50%,$0.43B,$-1.16B,-269.86%,$-1.16B,$0.44B,-127.55%,$-1.16B,$0.44B,-127.55%,$-1.16B,$2.01B,-44.19%,$-1.28B,$1.68B,-57.52%,$99,$0,$99,$0,$42,$548,$-448,$67,$-381,$-0,$-381,$-381,$-380,$-383,$-448,$51,51,$-7.36,$-7.36,$43,$0,$135,$232,$1717,$0,$0,$11,$1775,$2007,$285,$1236,$41,$1278,$1563,$1,$-968,$0,$444,$2007,$-1155,$300,$1232,$1532,$30,$0,$-13,$-4,$-5,$377,$-668,$0,$-2,$0,$0,$0,$-6,$-676,$1000,$-1127,$-127,$470,$470,$0,$-13,$331,$32,$15,$0
12,2015-09-30,30.54,$11.13,2.74,$10.16,3.01,$-19.47,0.0,$-12.20,0.0,$0.17B,$0.30B,0.57,$1.41B,$0.58B,2.44,$0.49B,$0.49B,100.00%,$0.49B,$-0.87B,-177.24%,$0.49B,$-0.87B,-177.24%,$0.49B,$-0.55B,-111.79%,$0.49B,$-0.71B,-145.12%,$0.49B,$-0.64B,-130.28%,$-0.64B,$0.58B,-59.89%,$-0.64B,$0.58B,-59.89%,$-0.64B,$2.32B,-22.44%,$-0.87B,$1.99B,-36.07%,$106,$0,$106,$0,$33,$898,$-792,$-20,$-812,$-103,$-709,$-709,$-708,$-711,$-792,$52,52,$-13.73,$-13.73,$2,$0,$112,$171,$2071,$0,$0,$37,$2147,$2318,$302,$1412,$24,$1438,$1740,$1,$-587,$0,$578,$2318,$-775,$234,$819,$1053,$27,$0,$-18,$-4,$-0,$283,$-534,$0,$0,$0,$0,$0,$-8,$-541,$919,$-889,$30,$231,$231,$0,$-12,$249,$-9,$9,$0
13,2015-06-30,49.24,$24.63,2.0,$12.36,3.98,$-20.43,0.0,$3.35,14.7,$0.20B,$0.34B,0.59,$1.37B,$1.28B,1.07,$0.58B,$0.58B,100.00%,$0.58B,$0.06B,10.82%,$0.58B,$0.06B,10.82%,$0.58B,$0.39B,66.67%,$0.58B,$0.23B,39.35%,$0.58B,$0.15B,25.95%,$0.15B,$1.28B,12.95%,$0.15B,$1.28B,12.95%,$0.15B,$3.08B,5.23%,$0.06B,$2.65B,2.61%,$123,$0,$123,$0,$49,$129,$-5,$-68,$-73,$-26,$-47,$-47,$-46,$74,$-5,$51,51,$-0.90,$-0.90,$2,$0,$118,$201,$2824,$0,$0,$25,$2876,$3078,$341,$1373,$18,$1457,$1798,$1,$120,$0,$1280,$3078,$-67,$153,$96,$249,$4,$0,$-16,$-3,$-23,$164,$-378,$0,$0,$0,$0,$0,$-6,$-384,$-127,$117,$-10,$231,$231,$0,$-11,$210,$-9,$15,$0
14,2015-03-31,49.65,$25.65,1.94,$14.15,3.51,$-22.17,0.0,$4.30,11.55,$0.25B,$0.38B,0.65,$1.25B,$1.32B,0.95,$0.65B,$0.65B,100.00%,$0.65B,$0.13B,19.33%,$0.65B,$0.13B,19.33%,$0.65B,$0.45B,69.33%,$0.65B,$0.31B,47.09%,$0.65B,$0.20B,30.52%,$0.20B,$1.32B,18.71%,$0.20B,$1.32B,18.71%,$0.20B,$3.05B,7.37%,$0.13B,$2.57B,5.66%,$100,$0,$100,$0,$60,$134,$-34,$1,$-33,$-11,$-21,$-21,$-21,$40,$-34,$46,46,$-0.46,$-0.46,$3,$0,$164,$249,$2741,$0,$0,$37,$2802,$3051,$384,$1252,$17,$1347,$1732,$1,$166,$0,$1320,$3051,$-21,$74,$22,$96,$7,$0,$-14,$-1,$-10,$73,$-209,$0,$0,$0,$0,$0,$-3,$-212,$-150,$49,$-101,$232,$232,$0,$-0,$130,$-8,$10,$0
15,2014-12-31,41.6,$23.92,1.74,$15.42,2.7,$-21.26,0.0,$4.89,8.51,$0.28B,$0.42B,0.66,$1.35B,$1.10B,1.23,$0.71B,$0.71B,100.00%,$0.71B,$0.20B,28.77%,$0.71B,$0.20B,28.77%,$0.71B,$0.52B,73.48%,$0.71B,$0.35B,49.51%,$0.71B,$0.23B,31.88%,$0.23B,$1.10B,23.86%,$0.23B,$1.10B,23.86%,$0.23B,$2.98B,9.11%,$0.20B,$2.46B,10.10%,$163,$0,$163,$0,$44,$205,$-41,$245,$204,$74,$129,$129,$134,$47,$-41,$45,46,$2.96,$2.90,$11,$0,$175,$279,$2629,$0,$0,$74,$2703,$2981,$424,$1351,$17,$1454,$1878,$0,$188,$0,$1103,$2981,$226,$317,$-62,$255,$-1,$0,$27,$-5,$18,$502,$-849,$0,$-93,$0,$0,$0,$-7,$-949,$1288,$-986,$302,$0,$0,$0,$-2,$300,$-147,$26,$0
16,2014-09-30,53.82,$20.87,2.58,$15.02,3.58,$-18.16,0.0,$1.44,37.38,$0.15B,$0.37B,0.39,$1.02B,$0.96B,1.06,$0.68B,$0.68B,100.00%,$0.68B,$0.22B,33.14%,$0.68B,$0.22B,33.14%,$0.68B,$0.52B,76.33%,$0.68B,$0.11B,16.57%,$0.68B,$0.07B,10.06%,$0.07B,$0.96B,7.71%,$0.07B,$0.96B,7.71%,$0.07B,$2.44B,3.01%,$0.22B,$1.98B,12.16%,$196,$0,$196,$0,$41,$53,$143,$-13,$131,$48,$83,$83,$84,$227,$143,$45,46,$1.85,$1.82,$7,$0,$25,$145,$2255,$0,$0,$20,$2296,$2441,$374,$1020,$15,$1105,$1479,$0,$53,$0,$962,$2441,$92,$229,$42,$271,$-2,$0,$33,$-4,$26,$388,$-656,$0,$0,$0,$0,$0,$-5,$-661,$646,$-527,$119,$0,$0,$0,$4,$123,$-150,$28,$0
17,2014-06-30,69.26,$18.90,3.66,$14.29,4.85,$-17.67,0.0,$-0.27,0.0,$0.16B,$0.38B,0.43,$1.02B,$0.87B,1.17,$0.62B,$0.62B,100.00%,$0.62B,$0.13B,20.83%,$0.62B,$0.13B,20.83%,$0.62B,$0.39B,62.98%,$0.62B,$-0.01B,-1.76%,$0.62B,$-0.01B,-1.76%,$-0.01B,$0.87B,-1.36%,$-0.01B,$0.87B,-1.36%,$-0.01B,$2.33B,-0.51%,$0.13B,$1.89B,7.38%,$193,$0,$193,$0,$55,$136,$58,$-52,$5,$2,$3,$3,$2,$138,$58,$45,46,$0.05,$0.05,$9,$0,$4,$163,$2142,$0,$0,$4,$2168,$2330,$376,$1022,$19,$1084,$1461,$0,$-31,$0,$870,$2330,$8,$145,$74,$220,$-23,$0,$5,$-2,$-35,$195,$-467,$0,$0,$0,$0,$0,$-3,$-470,$0,$121,$121,$0,$0,$0,$5,$126,$-149,$29,$0
18,2014-03-31,53.46,$18.76,2.85,$13.40,3.99,$-15.45,0.0,$0.59,90.61,$0.20B,$0.36B,0.55,$0.90B,$0.85B,1.06,$0.57B,$0.57B,100.00%,$0.57B,$0.12B,21.06%,$0.57B,$0.12B,21.06%,$0.57B,$0.35B,62.30%,$0.57B,$0.04B,7.43%,$0.57B,$0.02B,4.25%,$0.02B,$0.85B,3.18%,$0.02B,$0.85B,3.18%,$0.02B,$2.17B,1.15%,$0.12B,$1.75B,7.07%,$157,$0,$157,$0,$48,$113,$44,$-34,$11,$4,$7,$7,$6,$109,$44,$45,46,$0.13,$0.13,$62,$0,$6,$198,$1938,$0,$0,$11,$1971,$2169,$363,$900,$13,$953,$1316,$0,$-33,$0,$853,$2169,$6,$65,$31,$96,$-12,$0,$10,$-1,$-0,$102,$-195,$0,$0,$0,$0,$0,$-2,$-197,$0,$0,$0,$0,$0,$0,$-0,$-0,$-95,$12,$0
19,2013-12-31,44.77,$18.51,2.42,$12.74,3.51,$-16.25,0.0,$1.11,40.33,$0.28B,$0.32B,0.87,$0.90B,$0.84B,1.07,$0.52B,$0.52B,100.00%,$0.52B,$0.11B,20.77%,$0.52B,$0.11B,20.77%,$0.52B,$0.32B,61.92%,$0.52B,$0.04B,6.73%,$0.52B,$0.04B,8.46%,$0.04B,$0.84B,6.32%,$0.04B,$0.84B,6.32%,$0.04B,$2.11B,2.16%,$0.11B,$1.74B,6.58%,$130,$0,$130,$0,$43,$151,$-21,$-14,$-35,$-13,$-22,$-22,$-24,$42,$-21,$41,41,$-0.62,$-0.61,$157,$0,$7,$280,$1794,$0,$0,$14,$1831,$2111,$323,$900,$12,$946,$1269,$0,$-39,$0,$842,$2111,$44,$214,$98,$312,$12,$0,$14,$-5,$7,$367,$-549,$0,$0,$0,$0,$0,$164,$-385,$-69,$0,$-69,$191,$191,$0,$2,$123,$105,$29,$0
20,2013-09-30,37.29,$16.34,2.28,$12.29,3.03,$-15.49,0.0,$2.13,17.51,$0.14B,$0.35B,0.39,$0.99B,$0.67B,1.48,$0.50B,$0.50B,100.00%,$0.50B,$0.17B,33.40%,$0.50B,$0.17B,33.40%,$0.50B,$0.36B,72.03%,$0.50B,$0.10B,19.52%,$0.50B,$0.09B,17.30%,$0.09B,$0.67B,13.61%,$0.09B,$0.67B,13.61%,$0.09B,$2.07B,4.35%,$0.17B,$1.66B,10.41%,$144,$0,$144,$0,$40,$96,$49,$-41,$8,$2,$6,$6,$5,$104,$49,$40,41,$0.11,$0.11,$6,$0,$0,$137,$1901,$0,$0,$12,$1935,$2072,$354,$987,$12,$1050,$1404,$0,$-15,$0,$668,$2072,$68,$152,$50,$202,$2,$0,$39,$-4,$39,$310,$-528,$0,$0,$0,$0,$0,$151,$-377,$18,$0,$18,$1,$1,$0,$2,$20,$-47,$19,$0
21,2013-06-30,28.33,$16.11,1.76,$11.19,2.53,$-15.48,0.0,$2.00,14.17,$0.16B,$0.37B,0.43,$0.93B,$0.66B,1.41,$0.45B,$0.45B,100.00%,$0.45B,$0.14B,31.40%,$0.45B,$0.14B,31.40%,$0.45B,$0.33B,72.61%,$0.45B,$0.09B,19.15%,$0.45B,$0.08B,17.82%,$0.08B,$0.66B,13.21%,$0.08B,$0.66B,13.21%,$0.08B,$2.01B,4.16%,$0.14B,$1.59B,8.98%,$134,$0,$134,$0,$37,$88,$47,$12,$58,$23,$36,$36,$37,$97,$47,$40,41,$0.92,$0.91,$4,$0,$14,$160,$1803,$0,$0,$25,$1850,$2010,$370,$928,$11,$982,$1352,$0,$-19,$0,$658,$2010,$63,$96,$8,$104,$-5,$0,$74,$-4,$46,$214,$-363,$0,$0,$0,$0,$0,$139,$-224,$-41,$0,$-41,$1,$1,$0,$2,$-39,$-49,$9,$0
22,2013-03-31,25.77,$15.27,1.69,$9.98,2.58,$-13.12,0.0,$1.80,14.32,$0.23B,$0.32B,0.72,$0.97B,$0.62B,1.57,$0.40B,$0.40B,100.00%,$0.40B,$0.11B,27.32%,$0.40B,$0.11B,27.32%,$0.40B,$0.29B,72.18%,$0.40B,$0.07B,17.54%,$0.40B,$0.07B,18.05%,$0.07B,$0.62B,12.41%,$0.07B,$0.62B,12.41%,$0.07B,$1.94B,3.90%,$0.11B,$1.59B,7.19%,$112,$0,$112,$0,$33,$78,$33,$-29,$4,$1,$3,$3,$26,$79,$33,$40,40,$0.66,$0.65,$72,$0,$6,$231,$1672,$0,$0,$11,$1706,$1937,$322,$969,$11,$999,$1320,$0,$-56,$0,$617,$1937,$26,$46,$7,$52,$2,$0,$29,$-1,$14,$91,$-205,$0,$0,$0,$0,$0,$129,$-76,$0,$0,$0,$1,$1,$0,$3,$4,$19,$6,$0
23,2012-12-31,20.92,$14.57,1.44,$9.23,2.27,$-12.89,0.0,$1.39,15.05,$0.21B,$0.30B,0.7,$0.97B,$0.59B,1.65,$0.37B,$0.37B,100.00%,$0.37B,$0.10B,26.63%,$0.37B,$0.10B,26.63%,$0.37B,$0.26B,71.74%,$0.37B,$0.08B,22.28%,$0.37B,$0.06B,14.95%,$0.06B,$0.59B,9.88%,$0.06B,$0.59B,9.88%,$0.06B,$1.88B,3.08%,$0.10B,$1.55B,6.67%,$107,$0,$107,$0,$26,$70,$37,$-10,$27,$10,$17,$17,$18,$78,$37,$40,40,$0.46,$0.46,$52,$0,$26,$209,$1488,$0,$0,$142,$1675,$1884,$299,$968,$32,$1000,$1299,$0,$-82,$0,$585,$1884,$55,$166,$49,$215,$-67,$0,$27,$-6,$-24,$252,$-398,$0,$0,$0,$0,$0,$-109,$-507,$245,$0,$245,$0,$0,$0,$35,$280,$25,$12,$0
24,2012-09-30,25.01,$14.02,1.78,$7.95,3.15,$-14.17,0.0,$1.09,22.94,$0.17B,$0.29B,0.6,$0.99B,$0.56B,1.77,$0.32B,$0.32B,100.00%,$0.32B,$0.07B,20.82%,$0.32B,$0.07B,20.82%,$0.32B,$0.22B,68.14%,$0.32B,$0.07B,20.50%,$0.32B,$0.04B,13.88%,$0.04B,$0.56B,8.18%,$0.04B,$0.56B,8.18%,$0.04B,$1.86B,2.59%,$0.07B,$1.55B,4.76%,$96,$0,$96,$0,$25,$72,$24,$-27,$-3,$-1,$-2,$-2,$-1,$72,$24,$40,40,$-0.02,$-0.02,$14,$0,$30,$171,$1604,$3,$0,$14,$1686,$1857,$287,$993,$15,$1008,$1295,$0,$-101,$0,$562,$1857,$37,$125,$32,$157,$-71,$0,$32,$-4,$-20,$176,$-387,$0,$0,$0,$0,$0,$-79,$-466,$253,$0,$253,$0,$0,$0,$23,$276,$-14,$11,$0
25,2012-06-30,23.49,$13.94,1.69,$6.83,3.44,$-10.76,0.0,$1.66,14.15,$0.15B,$0.32B,0.47,$0.82B,$0.56B,1.47,$0.27B,$0.27B,100.00%,$0.27B,$0.06B,21.61%,$0.27B,$0.06B,21.61%,$0.27B,$0.18B,66.67%,$0.27B,$0.10B,37.73%,$0.27B,$0.07B,24.54%,$0.07B,$0.56B,12.82%,$0.07B,$0.56B,12.82%,$0.07B,$1.71B,4.28%,$0.06B,$1.37B,4.62%,$84,$0,$84,$0,$26,$69,$15,$27,$42,$16,$26,$26,$29,$59,$15,$40,40,$0.72,$0.71,$21,$0,$41,$148,$1464,$3,$0,$26,$1556,$1705,$315,$816,$16,$833,$1147,$0,$-100,$0,$557,$1705,$38,$77,$5,$82,$-31,$0,$51,$-3,$23,$145,$-198,$0,$0,$0,$0,$0,$-56,$-254,$82,$0,$82,$0,$0,$0,$19,$101,$-7,$6,$0
26,2012-03-31,28.26,$13.22,2.14,$6.02,4.69,$-10.53,0.0,$1.15,24.57,$0.13B,$0.29B,0.46,$0.87B,$0.52B,1.66,$0.24B,$0.24B,100.00%,$0.24B,$0.05B,20.83%,$0.24B,$0.05B,20.83%,$0.24B,$0.15B,62.50%,$0.24B,$0.07B,30.00%,$0.24B,$0.05B,19.17%,$0.05B,$0.52B,9.17%,$0.05B,$0.52B,9.17%,$0.05B,$1.70B,3.17%,$0.05B,$1.39B,4.15%,$81,$0,$81,$0,$27,$58,$22,$-6,$16,$5,$11,$11,$9,$55,$22,$39,40,$0.24,$0.24,$24,$0,$25,$132,$1485,$3,$0,$7,$1567,$1700,$287,$870,$19,$889,$1176,$0,$-129,$0,$523,$1700,$9,$33,$17,$50,$-21,$0,$28,$-1,$22,$83,$-187,$0,$0,$0,$0,$0,$-40,$-227,$130,$0,$130,$0,$0,$0,$9,$139,$-5,$4,$0
27,2011-12-31,26.35,$12.89,2.04,$5.12,5.15,$-9.33,0.0,$0.93,28.33,$0.12B,$0.27B,0.44,$0.71B,$0.51B,1.4,$0.20B,$0.20B,100.00%,$0.20B,$0.04B,18.72%,$0.20B,$0.04B,18.72%,$0.20B,$0.12B,60.10%,$0.20B,$0.06B,28.57%,$0.20B,$0.04B,18.72%,$0.04B,$0.51B,7.82%,$0.04B,$0.51B,7.82%,$0.04B,$1.53B,2.84%,$0.04B,$1.22B,3.37%,$56,$0,$56,$0,$23,$50,$5,$4,$10,$7,$2,$2,$7,$30,$5,$39,40,$0.16,$0.15,$26,$0,$32,$120,$1241,$3,$0,$90,$1407,$1528,$271,$711,$35,$747,$1018,$0,$-138,$0,$510,$1528,$37,$85,$21,$106,$-24,$0,$33,$-11,$8,$154,$-350,$0,$0,$0,$0,$0,$64,$-286,$126,$0,$126,$0,$0,$0,$29,$156,$24,$12,$0
28,2011-09-30,21.56,$12.69,1.7,$4.76,4.53,$-10.02,0.0,$0.08,269.44,$0.09B,$0.19B,0.48,$0.62B,$0.50B,1.25,$0.18B,$0.18B,100.00%,$0.18B,$0.04B,19.67%,$0.18B,$0.04B,19.67%,$0.18B,$0.11B,61.20%,$0.18B,$0.01B,7.10%,$0.18B,$0.01B,3.83%,$0.01B,$0.50B,1.48%,$0.01B,$0.50B,1.48%,$0.01B,$1.32B,0.56%,$0.04B,$1.12B,3.34%,$52,$0,$52,$0,$14,$35,$17,$18,$35,$14,$22,$22,$22,$38,$17,$39,39,$0.56,$0.55,$4,$0,$29,$88,$1140,$3,$0,$12,$1235,$1323,$185,$624,$14,$638,$824,$0,$-144,$0,$500,$1323,$30,$60,$11,$71,$-13,$0,$28,$-9,$22,$130,$-205,$0,$0,$0,$0,$0,$19,$-186,$64,$0,$64,$0,$0,$0,$-8,$55,$-0,$7,$0
29,2011-06-30,41.75,$12.04,3.47,$4.31,9.68,$-12.30,0.0,$0.22,189.77,$0.09B,$0.16B,0.54,$0.61B,$0.47B,1.28,$0.16B,$0.16B,100.00%,$0.16B,$0.02B,12.96%,$0.16B,$0.02B,12.96%,$0.16B,$0.09B,54.94%,$0.16B,$-0.00B,-1.85%,$0.16B,$-0.00B,-1.23%,$-0.00B,$0.47B,-0.45%,$-0.00B,$0.47B,-0.45%,$-0.00B,$1.25B,-0.17%,$0.02B,$1.08B,2.03%,$51,$0,$51,$0,$24,$45,$6,$5,$11,$4,$8,$8,$8,$27,$6,$39,39,$0.20,$0.20,$24,$0,$18,$87,$1066,$3,$0,$6,$1164,$1251,$161,$607,$10,$617,$778,$0,$0,$-166,$473,$1251,$8,$39,$19,$58,$-3,$0,$8,$-6,$3,$74,$-118,$0,$0,$0,$0,$0,$24,$-93,$47,$0,$47,$0,$0,$0,$-8,$39,$20,$11,$0
30,2011-03-31,36.93,$11.81,3.13,$3.98,9.27,$-14.76,0.0,$0.07,527.57,$0.08B,$0.15B,0.54,$0.63B,$0.46B,1.37,$0.14B,$0.14B,100.00%,$0.14B,$0.02B,13.19%,$0.14B,$0.02B,13.19%,$0.14B,$0.08B,54.86%,$0.14B,$-0.01B,-8.33%,$0.14B,$-0.01B,-5.56%,$-0.01B,$0.46B,-1.95%,$-0.01B,$0.46B,-1.95%,$-0.01B,$1.25B,-0.71%,$0.02B,$1.09B,1.90%,$44,$0,$44,$0,$18,$34,$10,$-8,$2,$1,$1,$1,$1,$27,$10,$39,39,$0.02,$0.02,$22,$0,$24,$79,$1072,$3,$0,$7,$1173,$1252,$146,$631,$14,$646,$792,$0,$-174,$0,$460,$1252,$1,$18,$16,$34,$-2,$0,$9,$-3,$16,$52,$-107,$0,$0,$0,$0,$0,$8,$-99,$72,$0,$72,$0,$0,$0,$-8,$64,$18,$4,$0
31,2010-12-31,34.49,$11.74,2.94,$4.10,8.41,$-14.43,0.0,$0.68,50.72,$0.06B,$0.12B,0.51,$0.56B,$0.46B,1.22,$0.14B,$0.14B,100.00%,$0.14B,$0.02B,17.27%,$0.14B,$0.02B,17.27%,$0.14B,$0.08B,56.83%,$0.14B,$0.02B,12.95%,$0.14B,$0.01B,7.91%,$0.01B,$0.46B,3.03%,$0.01B,$0.46B,3.03%,$0.01B,$1.14B,1.06%,$0.02B,$1.02B,2.57%,$36,$0,$36,$0,$19,$32,$3,$-38,$-35,$-12,$-23,$-23,$-24,$20,$3,$34,34,$-0.77,$-0.76,$4,$0,$25,$60,$983,$3,$0,$10,$1084,$1144,$119,$558,$10,$568,$687,$0,$-175,$0,$457,$1144,$12,$55,$36,$91,$-10,$0,$1,$-2,$-11,$94,$-287,$0,$0,$0,$0,$0,$17,$-270,$-7,$0,$-7,$189,$189,$0,$-6,$176,$0,$17,$0
32,2010-09-30,23.94,$10.76,2.22,$4.08,5.87,$-8.84,0.0,$-0.83,0.0,$0.06B,$0.11B,0.49,$0.58B,$0.38B,1.56,$0.13B,$0.13B,100.00%,$0.13B,$-0.10B,-72.39%,$0.13B,$-0.10B,-72.39%,$0.13B,$-0.05B,-35.07%,$0.13B,$-0.05B,-40.30%,$0.13B,$-0.03B,-24.63%,$-0.03B,$0.38B,-10.63%,$-0.03B,$0.38B,-10.63%,$-0.03B,$1.08B,-3.40%,$-0.10B,$0.96B,-11.14%,$31,$0,$31,$0,$18,$29,$2,$17,$19,$6,$13,$13,$13,$15,$2,$35,35,$0.37,$0.37,$3,$0,$28,$55,$950,$3,$0,$15,$1025,$1080,$112,$584,$9,$593,$705,$0,$-139,$0,$375,$1080,$34,$38,$5,$43,$-4,$0,$1,$-0,$-0,$79,$-226,$0,$0,$0,$0,$0,$17,$-208,$55,$0,$55,$74,$74,$0,$-1,$129,$-1,$10,$0
33,2010-06-30,15.53,$10.03,1.55,$3.97,3.91,$-5.79,0.0,$-1.67,0.0,$0.06B,$0.08B,0.71,$0.58B,$0.35B,1.65,$0.13B,$0.13B,100.00%,$0.13B,$-0.10B,-79.53%,$0.13B,$-0.10B,-79.53%,$0.13B,$-0.05B,-38.58%,$0.13B,$-0.08B,-64.57%,$0.13B,$-0.05B,-40.16%,$-0.05B,$0.35B,-17.29%,$-0.05B,$0.35B,-17.29%,$-0.05B,$1.01B,-5.42%,$-0.10B,$0.93B,-11.96%,$33,$0,$33,$0,$15,$29,$4,$-2,$2,$0,$2,$2,$2,$17,$4,$34,34,$0.05,$0.05,$3,$0,$22,$55,$874,$3,$0,$11,$956,$1011,$77,$577,$8,$585,$662,$0,$-163,$0,$349,$1011,$22,$25,$9,$34,$-9,$0,$-5,$1,$-16,$40,$-163,$0,$0,$0,$0,$0,$-3,$-166,$51,$0,$51,$75,$75,$0,$-0,$125,$-1,$5,$0
34,2010-03-31,22.95,$8.60,2.67,$3.86,5.94,$-2.83,0.0,$-1.91,0.0,$0.06B,$0.09B,0.65,$0.56B,$0.27B,2.08,$0.12B,$0.12B,100.00%,$0.12B,$-0.11B,-89.17%,$0.12B,$-0.11B,-89.17%,$0.12B,$-0.05B,-45.00%,$0.12B,$-0.09B,-77.50%,$0.12B,$-0.06B,-49.17%,$-0.06B,$0.27B,-20.59%,$-0.06B,$0.27B,-20.59%,$-0.06B,$0.93B,-6.36%,$-0.11B,$0.83B,-13.01%,$39,$0,$39,$0,$14,$24,$15,$17,$32,$13,$20,$20,$20,$27,$15,$31,32,$0.64,$0.63,$2,$0,$28,$58,$783,$3,$0,$11,$869,$927,$89,$560,$9,$569,$658,$0,$-165,$0,$270,$927,$20,$12,$-3,$9,$-3,$0,$-0,$-0,$-2,$27,$-60,$0,$0,$0,$0,$0,$-5,$-66,$37,$0,$37,$1,$1,$0,$0,$37,$-1,$2,$0
35,2009-12-31,26.51,$7.96,3.33,$3.64,7.29,$-2.13,0.0,$-7.30,0.0,$0.04B,$0.08B,0.43,$0.52B,$0.25B,2.1,$0.11B,$0.11B,100.00%,$0.11B,$-0.34B,-302.68%,$0.11B,$-0.34B,-302.68%,$0.11B,$-0.28B,-250.89%,$0.11B,$-0.32B,-283.93%,$0.11B,$-0.21B,-183.04%,$-0.21B,$0.25B,-68.62%,$-0.21B,$0.25B,-68.62%,$-0.21B,$0.86B,-21.99%,$-0.34B,$0.77B,-41.34%,$31,$0,$31,$0,$16,$149,$-118,$11,$-107,$-39,$-68,$-68,$-68,$-106,$-118,$31,31,$-2.20,$-2.20,$4,$0,$10,$35,$734,$3,$0,$11,$828,$863,$83,$520,$13,$533,$615,$0,$-185,$0,$248,$863,$-205,$58,$273,$331,$-1,$0,$1,$-1,$1,$133,$-134,$0,$0,$0,$0,$0,$-28,$-162,$32,$0,$32,$0,$0,$0,$-4,$28,$-1,$11,$0
36,2009-09-30,24.49,$10.09,2.43,$3.85,6.36,$-15.92,0.0,$-7.24,0.0,$0.04B,$0.09B,0.41,$0.54B,$0.31B,1.73,$0.12B,$0.12B,99.15%,$0.12B,$-0.40B,-334.75%,$0.12B,$-0.40B,-334.75%,$0.12B,$-0.33B,-281.36%,$0.12B,$-0.35B,-296.61%,$0.12B,$-0.23B,-194.92%,$-0.23B,$0.31B,-66.33%,$-0.23B,$0.31B,-66.33%,$-0.23B,$0.96B,-23.36%,$-0.40B,$0.86B,-46.09%,$24,$0,$24,$0,$13,$26,$-2,$-7,$-9,$-4,$-5,$-5,$-5,$13,$-2,$31,31,$-0.15,$-0.15,$4,$0,$12,$37,$879,$4,$0,$1,$925,$962,$90,$542,$17,$559,$648,$0,$-116,$0,$313,$962,$-136,$46,$189,$235,$3,$0,$-2,$-2,$4,$108,$-143,$0,$0,$0,$0,$0,$-20,$-163,$56,$0,$56,$0,$0,$0,$-3,$53,$-2,$9,$0
37,2009-06-30,17.15,$10.16,1.69,$4.97,3.45,$-25.38,0.0,$-4.95,0.0,$0.06B,$0.10B,0.58,$0.52B,$0.32B,1.66,$0.15B,$0.15B,97.39%,$0.15B,$-0.37B,-240.52%,$0.15B,$-0.37B,-240.52%,$0.15B,$-0.31B,-199.35%,$0.15B,$-0.24B,-156.86%,$0.15B,$-0.16B,-103.92%,$-0.16B,$0.32B,-40.59%,$-0.16B,$0.32B,-40.59%,$-0.16B,$0.96B,-15.48%,$-0.37B,$0.84B,-41.72%,$26,$0,$26,$0,$16,$29,$-2,$-7,$-9,$-3,$-6,$-6,$-6,$12,$-2,$31,31,$-0.19,$-0.19,$5,$0,$31,$61,$847,$3,$0,$1,$897,$957,$104,$523,$15,$538,$642,$0,$-111,$0,$315,$957,$-132,$32,$172,$204,$-1,$0,$9,$-1,$8,$81,$-99,$0,$0,$0,$0,$0,$-18,$-118,$40,$0,$40,$0,$0,$0,$-3,$37,$-0,$6,$0
38,2009-03-31,8.88,$10.34,0.86,$6.32,1.4,$-32.82,0.0,$-5.18,0.0,$0.08B,$0.12B,0.68,$0.50B,$0.32B,1.56,$0.19B,$0.19B,96.91%,$0.19B,$-0.33B,-170.10%,$0.19B,$-0.33B,-170.10%,$0.19B,$-0.27B,-137.63%,$0.19B,$-0.25B,-128.87%,$0.19B,$-0.17B,-85.57%,$-0.17B,$0.32B,-39.50%,$-0.17B,$0.32B,-39.50%,$-0.17B,$0.95B,-15.88%,$-0.33B,$0.82B,-37.62%,$31,$1,$31,$0,$16,$248,$-217,$24,$-193,$-68,$-126,$-126,$-126,$-200,$-217,$31,31,$-4.07,$-4.07,$3,$0,$46,$80,$816,$3,$0,$2,$867,$947,$118,$500,$10,$510,$628,$0,$-102,$-1,$319,$947,$-126,$17,$143,$160,$-1,$0,$2,$-0,$6,$42,$-53,$0,$0,$0,$0,$0,$-11,$-64,$20,$0,$20,$0,$0,$0,$-0,$20,$-2,$3,$0
39,2008-12-31,16.1,$14.26,1.13,$7.15,2.25,$-35.01,0.0,$-0.60,0.0,$0.06B,$0.11B,0.49,$0.48B,$0.44B,1.08,$0.22B,$0.21B,97.24%,$0.22B,$-0.09B,-40.55%,$0.22B,$-0.09B,-40.55%,$0.22B,$-0.03B,-12.90%,$0.22B,$-0.07B,-29.95%,$0.22B,$-0.05B,-20.74%,$-0.05B,$0.44B,-9.99%,$-0.05B,$0.44B,-9.99%,$-0.05B,$1.07B,-4.43%,$-0.09B,$0.92B,-10.52%,$37,$1,$36,$0,$6,$211,$-174,$35,$-139,$-47,$-93,$-93,$-93,$-157,$-174,$30,30,$-3.04,$-3.01,$5,$0,$26,$56,$987,$3,$0,$17,$1015,$1072,$114,$476,$7,$518,$632,$0,$20,$-1,$440,$1072,$-45,$60,$124,$184,$5,$0,$-1,$-4,$4,$149,$-568,$0,$0,$0,$0,$0,$13,$-555,$279,$0,$279,$135,$135,$0,$-11,$404,$-3,$6,$0
40,2008-09-30,36.27,$16.04,2.26,$7.40,4.9,$-26.72,0.0,$1.74,20.84,$0.05B,$0.10B,0.49,$0.46B,$0.49B,0.94,$0.22B,$0.22B,97.73%,$0.22B,$0.10B,45.45%,$0.22B,$0.10B,45.45%,$0.22B,$0.16B,70.91%,$0.22B,$0.08B,37.73%,$0.22B,$0.05B,24.55%,$0.05B,$0.49B,12.92%,$0.05B,$0.49B,12.92%,$0.05B,$1.13B,5.83%,$0.10B,$0.96B,13.36%,$59,$3,$56,$0,$16,$33,$25,$76,$101,$35,$66,$66,$66,$40,$25,$31,31,$2.15,$2.12,$9,$0,$9,$49,$1063,$5,$0,$6,$1084,$1133,$101,$462,$7,$539,$640,$0,$114,$0,$493,$1133,$48,$43,$21,$64,$-1,$0,$7,$-3,$11,$126,$-454,$0,$0,$0,$0,$0,$-5,$-459,$208,$0,$208,$135,$135,$0,$-9,$334,$1,$5,$0
41,2008-06-30,68.09,$13.94,4.88,$6.63,10.27,$-19.82,0.0,$-0.20,0.0,$0.07B,$0.13B,0.55,$0.39B,$0.43B,0.91,$0.19B,$0.19B,98.95%,$0.19B,$0.08B,43.98%,$0.19B,$0.08B,43.98%,$0.19B,$0.14B,70.68%,$0.19B,$-0.01B,-5.76%,$0.19B,$-0.01B,-4.19%,$-0.01B,$0.43B,-2.16%,$-0.01B,$0.43B,-2.16%,$-0.01B,$1.03B,-1.00%,$0.08B,$0.82B,13.11%,$67,$3,$65,$0,$15,$31,$36,$-55,$-19,$-7,$-13,$-13,$-13,$50,$36,$31,31,$-0.42,$-0.42,$12,$0,$0,$69,$937,$11,$0,$3,$960,$1029,$125,$390,$34,$475,$599,$0,$47,$4,$429,$1029,$-18,$28,$66,$94,$-14,$0,$3,$2,$-7,$69,$-316,$0,$0,$0,$0,$0,$-11,$-327,$135,$0,$135,$135,$135,$0,$-9,$262,$4,$3,$0
42,2008-03-31,59.27,$14.34,4.13,$5.67,10.45,$-14.13,0.0,$0.53,111.83,$0.07B,$0.11B,0.61,$0.22B,$0.44B,0.5,$0.16B,$0.16B,100.00%,$0.16B,$0.06B,38.22%,$0.16B,$0.06B,38.22%,$0.16B,$0.11B,68.79%,$0.16B,$0.02B,13.38%,$0.16B,$0.01B,8.28%,$0.01B,$0.44B,4.04%,$0.01B,$0.44B,4.04%,$0.01B,$0.83B,1.88%,$0.06B,$0.66B,10.78%,$54,$0,$54,$0,$15,$29,$25,$-32,$-8,$-3,$-5,$-5,$-5,$39,$25,$29,29,$-0.18,$-0.18,$25,$0,$3,$68,$750,$6,$0,$3,$765,$833,$112,$218,$14,$282,$394,$0,$60,$2,$439,$833,$-5,$14,$27,$41,$-5,$0,$7,$1,$5,$41,$-116,$0,$0,$0,$0,$0,$-10,$-125,$-35,$0,$-35,$135,$135,$0,$-0,$101,$17,$1,$0
43,2007-12-31,54.75,$11.09,4.94,$4.72,11.61,$-12.64,0.0,$0.61,89.75,$0.04B,$0.09B,0.45,$0.25B,$0.31B,0.81,$0.13B,$0.13B,100.00%,$0.13B,$0.04B,31.75%,$0.13B,$0.04B,31.75%,$0.13B,$0.08B,65.08%,$0.13B,$0.03B,19.84%,$0.13B,$0.02B,11.90%,$0.02B,$0.31B,5.67%,$0.02B,$0.31B,5.67%,$0.02B,$0.71B,2.43%,$0.04B,$0.56B,8.00%,$40,$0,$40,$0,$13,$26,$14,$-5,$9,$4,$6,$6,$6,$27,$14,$27,27,$0.20,$0.20,$8,$0,$2,$42,$647,$11,$0,$3,$667,$709,$92,$252,$7,$306,$398,$0,$65,$5,$311,$709,$15,$42,$21,$63,$-0,$0,$15,$-0,$15,$95,$-245,$0,$0,$0,$0,$0,$18,$-228,$66,$0,$66,$73,$73,$0,$-4,$135,$3,$5,$0
44,2007-09-30,44.86,$10.90,4.12,$4.19,10.71,$-10.94,0.0,$0.57,78.7,$0.04B,$0.06B,0.77,$0.22B,$0.31B,0.72,$0.11B,$0.11B,100.00%,$0.11B,$0.03B,28.18%,$0.11B,$0.03B,28.18%,$0.11B,$0.07B,62.73%,$0.11B,$0.02B,20.91%,$0.11B,$0.01B,11.82%,$0.01B,$0.31B,5.42%,$0.01B,$0.31B,5.42%,$0.01B,$0.63B,2.31%,$0.03B,$0.52B,6.75%,$30,$0,$30,$0,$11,$22,$9,$-2,$7,$2,$4,$4,$4,$19,$9,$26,27,$0.16,$0.16,$5,$0,$10,$44,$567,$12,$0,$1,$586,$630,$57,$219,$6,$268,$325,$0,$61,$6,$305,$630,$10,$29,$13,$43,$-3,$0,$2,$-3,$-4,$49,$-149,$0,$0,$0,$0,$0,$-3,$-152,$32,$0,$32,$73,$73,$0,$-3,$102,$-1,$3,$0
45,2007-06-30,41.47,$8.83,4.7,$3.85,10.77,$-10.14,0.0,$0.55,75.4,$0.05B,$0.07B,0.7,$0.25B,$0.23B,1.09,$0.10B,$0.10B,100.00%,$0.10B,$0.03B,28.00%,$0.10B,$0.03B,28.00%,$0.10B,$0.06B,63.00%,$0.10B,$0.02B,23.00%,$0.10B,$0.01B,14.00%,$0.01B,$0.23B,6.50%,$0.01B,$0.23B,6.50%,$0.01B,$0.60B,2.70%,$0.03B,$0.48B,6.64%,$33,$0,$33,$0,$10,$21,$12,$1,$13,$4,$8,$8,$8,$23,$12,$26,27,$0.32,$0.31,$8,$0,$5,$45,$525,$19,$0,$1,$551,$596,$65,$251,$5,$300,$365,$0,$55,$10,$231,$596,$6,$19,$9,$28,$-7,$0,$8,$1,$1,$35,$-97,$0,$0,$0,$0,$0,$2,$-95,$65,$0,$65,$1,$1,$0,$-3,$63,$2,$2,$0
46,2007-03-31,34.96,$8.11,4.31,$3.27,10.69,$-9.26,0.0,$0.34,102.82,$0.04B,$0.06B,0.6,$0.22B,$0.21B,1.04,$0.08B,$0.08B,100.00%,$0.08B,$0.02B,22.89%,$0.08B,$0.02B,22.89%,$0.08B,$0.05B,60.24%,$0.08B,$0.01B,16.87%,$0.08B,$0.01B,10.84%,$0.01B,$0.21B,4.50%,$0.01B,$0.21B,4.50%,$0.01B,$0.53B,1.90%,$0.02B,$0.43B,4.94%,$23,$0,$23,$0,$10,$18,$5,$-9,$-4,$-1,$-3,$-3,$-3,$13,$5,$26,26,$-0.10,$-0.10,$11,$0,$4,$37,$485,$3,$0,$0,$495,$532,$62,$220,$5,$260,$321,$0,$47,$0,$211,$532,$-3,$8,$8,$16,$3,$0,$2,$0,$6,$19,$-46,$0,$0,$0,$0,$0,$2,$-44,$33,$0,$33,$0,$0,$0,$-3,$31,$6,$1,$0
47,2006-12-31,29.02,$8.17,3.55,$3.27,8.87,$-8.94,0.0,$0.71,40.87,$0.04B,$0.06B,0.71,$0.19B,$0.21B,0.88,$0.08B,$0.08B,100.00%,$0.08B,$0.02B,25.61%,$0.08B,$0.02B,25.61%,$0.08B,$0.05B,62.20%,$0.08B,$0.03B,34.15%,$0.08B,$0.02B,23.17%,$0.02B,$0.21B,10.08%,$0.02B,$0.21B,10.08%,$0.02B,$0.50B,4.29%,$0.02B,$0.40B,5.91%,$24,$0,$24,$0,$10,$20,$5,$2,$7,$2,$4,$4,$4,$14,$5,$25,26,$0.16,$0.16,$5,$0,$10,$41,$445,$3,$0,$1,$454,$495,$58,$187,$4,$224,$283,$0,$50,$0,$212,$495,$18,$32,$6,$38,$-2,$0,$6,$2,$8,$65,$-163,$0,$0,$0,$0,$0,$2,$-162,$39,$0,$39,$34,$34,$0,$-1,$73,$-23,$3,$0
