,Date,Stock Price,Book Value per Share,Price to Book Ratio,TTM Sales per Share,Price to Sales Ratio,TTM FCF per Share,Price to FCF Ratio,TTM Net EPS,PE Ratio,Current Assets,Current Liabilities,Current Ratio,Long Term Debt,Shareholder's Equity_x,Debt to Equity Ratio,TTM Revenue_x,TTM Gross Profit,Gross Margin,TTM Revenue_y,TTM Operating Income,Operating Margin,TTM Revenue_x,TTM EBIT,EBIT Margin,TTM Revenue_y,TTM EBITDA,EBITDA Margin,TTM Revenue_x,TTM Pre-Tax Income,Pre-Tax Margin,TTM Revenue_y,TTM Net Income_x,Net Margin,TTM Net Income_y,Shareholder's Equity_y,Return on Equity,TTM Net Income_x,Tangible Equity,Return on Tangible Equity,TTM Net Income_y,Total Assets,Return on Assets,TTM Net Income,LT Investments & Debt,Return on Investment,revenue,cost-goods-sold,gross-profit,research-development-expenses,selling-general-administrative-expenses,operating-expenses,operating-income,total-non-operating-income-expense,pre-tax-income,total-provision-income-taxes,income-after-taxes,income-from-continuous-operations,net-income,ebitda,ebit,basic-shares-outstanding,shares-outstanding,eps-basic-net-earnings-per-share,eps-earnings-per-share-diluted,cash-on-hand,inventory,other-current-assets,total-current-assets,net-property-plant-equipment,long-term-investments,goodwill-intangible-assets-total,other-long-term-assets,total-long-term-assets,total-assets,total-current-liabilities,long-term-debt,other-non-current-liabilities,total-long-term-liabilities,total-liabilities,common-stock-net,retained-earnings-accumulated-deficit,comprehensive-income,total-share-holder-equity,total-liabilities-share-holders-equity,net-income-loss,total-depreciation-amortization-cash-flow,other-non-cash-items,total-non-cash-items,change-in-accounts-receivable,change-in-inventories,change-in-accounts-payable,change-in-assets-liabilities,total-change-in-assets-liabilities,cash-flow-from-operating-activities,net-change-in-property-plant-equipment,net-change-in-intangible-assets,net-acquisitions-divestitures,net-change-in-short-term-investments,net-change-in-long-term-investments,net-change-in-investments-total,investing-activities-other,cash-flow-from-investing-activities,net-long-term-debt,net-current-debt,debt-issuance-retirement-net-total,net-common-equity-issued-repurchased,net-total-equity-issued-repurchased,total-common-preferred-stock-dividends-paid,financial-activities-other,cash-flow-from-financial-activities,net-cash-flow,stock-based-compensation,common-stock-dividends-paid
0,2018-09-30,14.94,$17.10,0.87,$13.27,1.13,$9.55,1.57,$-0.32,0.0,$684.27B,$453.16B,1.51,$166.79B,$43.64B,3.82,$34.24B,$21.87B,63.88%,$34.24B,$3.65B,10.67%,$34.24B,0,0.00%,$34.24B,0,0.00%,$34.24B,$3.01B,8.79%,$34.24B,$-0.33B,-0.98%,$-0.33B,$43.64B,-0.76%,$-0.33B,$38.61B,-0.86%,$-0.33B,$781.23B,-0.04%,$3.65B,$210.44B,1.69%,$8159,$3191,$4969,$0,$4113,$7304,$856,$-174,$682,$265,$417,$417,$431,$0,$0,$2564,2620,$0.17,$0.16,$345989,$0,$0,$684273,$4905,$55763,$5032,$31252,$96952,$781225,$453157,$166794,$77069,$243863,$737583,$104,$27155,$-19118,$43642,$781225,$1785,$676,$723,$1399,$0,$0,$0,$23289,$23289,$22947,$-868,$0,$-486,$0,$227,$227,$-5931,$-7059,$-4150,$-7541,$-11692,$-712,$-712,$-676,$-17491,$-30570,$-15115,$0,$-676
1,2018-06-30,14.88,$17.36,0.86,$13.17,1.13,$2.74,5.43,$-0.23,0.0,$710.02B,$485.27B,1.46,$168.45B,$44.26B,3.81,$34.00B,$22.07B,64.90%,$34.00B,$3.33B,9.79%,$34.00B,0,0.00%,$34.00B,0,0.00%,$34.00B,$2.74B,8.07%,$34.00B,$-0.51B,-1.50%,$-0.51B,$44.26B,-1.15%,$-0.51B,$39.18B,-1.30%,$-0.51B,$810.13B,-0.06%,$3.33B,$212.71B,1.50%,$9228,$3549,$5679,$0,$4434,$7983,$1245,$-178,$1068,$404,$664,$664,$657,$0,$0,$2582,2630,$0.25,$0.25,$372239,$0,$0,$710023,$4903,$54281,$5084,$35839,$100107,$810130,$485274,$168450,$77177,$245627,$765867,$104,$26684,$-17767,$44263,$810130,$1366,$422,$558,$980,$0,$0,$0,$11980,$11980,$11988,$-508,$0,$-311,$0,$190,$190,$-7227,$-7855,$-4698,$4519,$-180,$-735,$-735,$-675,$-289,$-1879,$2738,$0,$-675
2,2018-03-31,16.53,$17.74,0.93,$13.14,1.26,$-2.79,0.0,$-0.35,0.0,$756.36B,$518.53B,1.46,$175.32B,$45.05B,3.89,$32.97B,$21.68B,65.74%,$32.97B,$2.75B,8.33%,$32.97B,0,0.00%,$32.97B,0,0.00%,$32.97B,$2.27B,6.88%,$32.97B,$-0.86B,-2.61%,$-0.86B,$45.05B,-1.93%,$-0.86B,$39.90B,-2.18%,$-0.86B,$853.63B,-0.10%,$2.75B,$220.37B,1.23%,$8970,$3024,$5947,$0,$4683,$7706,$1264,$-152,$1112,$382,$730,$730,$732,$0,$0,$2586,2654,$0.29,$0.27,$401218,$0,$0,$756357,$4935,$51552,$5148,$35639,$97274,$853631,$518525,$175322,$74812,$250134,$808581,$108,$27056,$-19890,$45050,$853631,$730,$219,$350,$570,$0,$0,$0,$4054,$4054,$2344,$-226,$0,$-150,$0,$256,$256,$-13049,$-13169,$-2579,$7104,$4525,$-234,$-234,$-3,$15949,$20237,$8809,$0,$-3
3,2017-12-31,17.57,$16.81,1.05,$13.38,1.31,$-6.92,0.0,$-0.35,0.0,$719.88B,$475.71B,1.51,$175.85B,$42.88B,4.1,$31.91B,$21.24B,66.56%,$31.91B,$2.29B,7.16%,$31.91B,0,0.00%,$31.91B,0,0.00%,$31.91B,$1.82B,5.71%,$31.91B,$-1.00B,-3.13%,$-1.00B,$42.88B,-2.28%,$-1.00B,$37.83B,-2.58%,$-1.00B,$809.27B,-0.12%,$2.29B,$218.73B,1.01%,$7881,$2607,$5275,$0,$4987,$7594,$288,$-139,$148,$2269,$-2121,$-2121,$-2154,$0,$0,$2414,2414,$-0.93,$-0.91,$388451,$0,$0,$719884,$4762,$46983,$5046,$32594,$89385,$809269,$475709,$175852,$70822,$246674,$766392,$104,$25380,$-19043,$42877,$809269,$-963,$909,$2332,$3241,$0,$0,$0,$-13086,$-13086,$-8681,$-1084,$0,$-1112,$0,$356,$356,$12831,$10990,$-19308,$5100,$-14208,$3588,$3588,$-600,$-1780,$-12999,$-11531,$0,$-600
4,2017-09-30,15.55,$17.93,0.87,$13.71,1.13,$9.85,1.58,$-0.63,0.0,$727.78B,$483.46B,1.51,$187.38B,$45.81B,4.09,$31.38B,$21.13B,67.36%,$31.38B,$-0.20B,-0.64%,$31.38B,0,0.00%,$31.38B,0,0.00%,$31.38B,$-0.57B,-1.82%,$31.38B,$-1.51B,-4.81%,$-1.51B,$45.81B,-3.45%,$-1.51B,$40.69B,-3.90%,$-1.51B,$819.69B,-0.19%,$-0.20B,$233.19B,-0.09%,$7923,$2755,$5167,$0,$4635,$7390,$532,$-116,$416,$159,$257,$257,$254,$0,$0,$2566,2626,$0.10,$0.09,$404166,$0,$0,$727781,$4771,$46538,$5128,$35467,$91904,$819686,$483457,$187380,$69345,$256725,$773872,$106,$28164,$-19594,$45813,$819686,$1190,$677,$267,$944,$0,$0,$0,$1884,$1884,$5041,$-774,$0,$-1028,$0,$176,$176,$-11163,$-12790,$-14472,$1705,$-12767,$3769,$3769,$-612,$2151,$-7459,$-15987,$0,$-612
5,2017-06-30,14.37,$17.43,0.82,$14.36,1.0,$9.30,1.55,$-0.70,0.0,$706.22B,$473.03B,1.49,$179.44B,$44.52B,4.03,$31.33B,$21.50B,68.61%,$31.33B,$-0.36B,-1.14%,$31.33B,0,0.00%,$31.33B,0,0.00%,$31.33B,$-0.76B,-2.43%,$31.33B,$-1.72B,-5.49%,$-1.72B,$44.52B,-3.93%,$-1.72B,$39.57B,-4.44%,$-1.72B,$795.55B,-0.21%,$-0.36B,$223.95B,-0.15%,$8195,$2909,$5286,$0,$4625,$7534,$661,$-70,$591,$280,$311,$311,$308,$0,$0,$2310,2354,$0.13,$0.13,$387211,$0,$0,$706224,$4595,$42955,$4943,$36836,$89329,$795554,$473031,$179439,$64504,$243942,$751038,$104,$27271,$-19182,$44515,$795554,$912,$443,$77,$520,$0,$0,$0,$-3564,$-3564,$-2267,$-479,$0,$-901,$0,$157,$157,$-2786,$-4008,$-13029,$2759,$-10270,$3698,$3698,$-597,$4078,$-3090,$-10997,$0,$-597
6,2017-03-31,14.61,$20.12,0.73,$14.80,0.99,$15.11,0.97,$-0.75,0.0,$716.03B,$470.68B,1.52,$186.61B,$41.92B,4.45,$31.25B,$21.48B,68.73%,$31.25B,$-0.72B,-2.30%,$31.25B,0,0.00%,$31.25B,0,0.00%,$31.25B,$-1.15B,-3.67%,$31.25B,$-1.85B,-5.93%,$-1.85B,$41.92B,-4.18%,$-1.85B,$36.91B,-4.72%,$-1.85B,$808.89B,-0.22%,$-0.72B,$228.53B,-0.30%,$7913,$2400,$5513,$0,$4709,$7109,$804,$-136,$667,$78,$590,$590,$594,$0,$0,$2126,2185,$0.28,$0.27,$399169,$0,$0,$716031,$4649,$47068,$5014,$36131,$92863,$808894,$470676,$186609,$68620,$255229,$766974,$84,$26451,$-17158,$41919,$808894,$590,$218,$1,$219,$0,$0,$0,$-8362,$-8362,$-7067,$-216,$0,$-819,$0,$33,$33,$-6357,$-7359,$-5428,$-1313,$-6741,$-133,$-133,$-2,$2821,$-4056,$-19232,$0,$-2
7,2016-12-31,14.09,$20.56,0.69,$14.85,0.95,$20.34,0.69,$-1.17,0.0,$742.52B,$479.19B,1.55,$196.27B,$42.96B,4.57,$30.60B,$20.63B,67.44%,$30.60B,$-1.75B,-5.73%,$30.60B,0,0.00%,$30.60B,0,0.00%,$30.60B,$-2.30B,-7.52%,$30.60B,$-2.75B,-8.99%,$-2.75B,$42.96B,-6.07%,$-2.75B,$37.75B,-6.83%,$-2.75B,$832.41B,-0.33%,$-1.75B,$239.23B,-0.72%,$7346,$2178,$5168,$0,$7365,$9543,$-2197,$-49,$-2246,$417,$-2663,$-2663,$-2665,$0,$0,$2048,2048,$-1.29,$-1.29,$428377,$0,$0,$742518,$4783,$42470,$5204,$37429,$89887,$832405,$479185,$196273,$73527,$269800,$789447,$85,$26351,$-16521,$42958,$832405,$-2748,$951,$-6,$945,$0,$0,$0,$29907,$29907,$27185,$-1126,$0,$-1424,$0,$293,$293,$-5818,$-8075,$5942,$6695,$12636,$706,$706,$-501,$-3940,$8901,$29274,$0,$-501
8,2016-09-30,12.93,$21.97,0.59,$15.07,0.86,$16.14,0.8,$-3.36,0.0,$736.42B,$470.34B,1.57,$200.34B,$45.88B,4.37,$29.76B,$19.63B,65.98%,$29.76B,$-1.99B,-6.69%,$29.76B,0,0.00%,$29.76B,0,0.00%,$29.76B,$-6.81B,-22.88%,$29.76B,$-6.18B,-20.75%,$-6.18B,$45.88B,-13.34%,$-6.18B,$40.84B,-14.97%,$-6.18B,$826.88B,-0.74%,$-1.99B,$246.22B,-0.81%,$7880,$2349,$5531,$0,$5155,$7504,$376,$-149,$228,$190,$38,$38,$42,$0,$0,$2093,2148,$0.02,$0.02,$414574,$0,$0,$736422,$4756,$36998,$5040,$43663,$90457,$826879,$470338,$200341,$67081,$267423,$781003,$86,$29287,$-16695,$45876,$826879,$-92,$723,$-305,$417,$0,$0,$0,$1716,$1716,$3147,$-836,$0,$-550,$0,$211,$211,$6999,$5823,$8762,$3542,$12304,$678,$678,$-505,$-7932,$4544,$12960,$0,$-505
9,2016-06-30,10.53,$22.44,0.47,$16.51,0.64,$18.98,0.55,$-2.91,0.0,$752.85B,$480.41B,1.57,$206.35B,$46.72B,4.42,$30.52B,$20.32B,66.57%,$30.52B,$-1.48B,-4.85%,$30.52B,0,0.00%,$30.52B,0,0.00%,$30.52B,$-6.15B,-20.16%,$30.52B,$-5.42B,-17.76%,$-5.42B,$46.72B,-11.62%,$-5.42B,$41.63B,-13.36%,$-5.42B,$846.29B,-0.64%,$-1.48B,$253.07B,-0.60%,$8107,$2842,$5264,$0,$4965,$7808,$299,$-94,$205,$22,$183,$183,$175,$0,$0,$2018,2065,$0.08,$0.08,$427241,$0,$0,$752852,$4837,$35816,$5087,$47699,$93439,$846292,$480411,$206353,$67523,$273876,$799576,$87,$29405,$-15729,$46716,$846292,$-131,$485,$-187,$299,$0,$0,$0,$10130,$10130,$10135,$-545,$0,$-390,$0,$167,$167,$-190,$-957,$15417,$3142,$18559,$600,$600,$-508,$-4956,$13695,$22386,$0,$-508
10,2016-03-31,13.21,$23.51,0.56,$18.74,0.7,$15.77,0.84,$-2.34,0.0,$729.74B,$480.39B,1.52,$184.79B,$45.77B,4.04,$33.03B,$22.44B,67.96%,$33.03B,$-0.02B,-0.06%,$33.03B,0,0.00%,$33.03B,0,0.00%,$33.03B,$-4.60B,-13.92%,$33.03B,$-4.48B,-13.56%,$-4.48B,$45.77B,-9.63%,$-4.48B,$40.86B,-11.34%,$-4.48B,$819.68B,-0.51%,$-0.02B,$230.56B,-0.01%,$7263,$2592,$4671,$0,$4902,$7494,$-231,$-257,$-487,$-180,$-307,$-307,$-304,$0,$0,$1981,1981,$-0.15,$-0.15,$421813,$0,$0,$729736,$4642,$35447,$4909,$44944,$89941,$819677,$480393,$184793,$66544,$251337,$773907,$79,$28563,$-15714,$45770,$819677,$-307,$239,$-112,$127,$0,$0,$0,$5919,$5919,$3989,$-227,$0,$-128,$0,$133,$133,$-15741,$-15963,$1595,$6796,$8391,$-91,$-91,$0,$6760,$15060,$1895,$0,$0
11,2015-12-31,20.28,$24.01,0.84,$20.79,0.98,$7.44,2.72,$-1.54,0.0,$743.60B,$487.03B,1.53,$205.65B,$46.85B,4.39,$35.22B,$24.77B,70.32%,$35.22B,$1.80B,5.11%,$35.22B,0,0.00%,$35.22B,0,0.00%,$35.22B,$-2.52B,-7.16%,$35.22B,$-3.06B,-8.70%,$-3.06B,$46.85B,-6.56%,$-3.06B,$41.64B,-7.94%,$-3.06B,$854.21B,-0.34%,$1.80B,$252.50B,0.74%,$6508,$2340,$4168,$0,$6602,$8941,$-2434,$0,$-6755,$-671,$-6084,$-6084,$-6088,$0,$0,$1706,1706,$-3.62,$-3.57,$423545,$0,$0,$743599,$4833,$40194,$5208,$60378,$110613,$854212,$487032,$205651,$73621,$279272,$807362,$81,$30325,$-17312,$46850,$854212,$-3065,$5088,$231,$5319,$0,$0,$0,$15439,$15439,$15681,$-1133,$0,$-618,$0,$573,$573,$37250,$36072,$29653,$-18887,$10766,$5231,$5231,$-444,$-53192,$-37640,$13507,$0,$-444
12,2015-09-30,22.47,$28.91,0.78,$22.46,1.0,$-13.63,0.0,$2.36,9.52,$779.64B,$533.28B,1.46,$197.39B,$47.24B,4.18,$37.63B,$27.19B,72.24%,$37.63B,$5.18B,13.75%,$37.63B,0,0.00%,$37.63B,0,0.00%,$37.63B,$5.18B,13.75%,$37.63B,$3.78B,10.04%,$3.78B,$47.24B,7.98%,$3.78B,$38.17B,9.92%,$3.78B,$891.21B,0.40%,$5.18B,$244.63B,2.16%,$8641,$2427,$6214,$0,$5329,$7756,$885,$0,$885,$86,$798,$798,$798,$0,$0,$1639,1695,$0.49,$0.47,$443963,$0,$0,$779640,$4692,$38361,$9069,$59449,$111571,$891212,$533275,$197389,$71711,$269099,$843974,$67,$36303,$-16768,$47238,$891212,$2979,$812,$684,$1496,$0,$0,$0,$5674,$5674,$7408,$-773,$0,$-467,$0,$588,$588,$23339,$22686,$23559,$-11934,$11625,$-988,$-988,$-443,$-23347,$-13154,$15878,$0,$-443
13,2015-06-30,25.81,$28.29,0.91,$23.38,1.1,$-28.02,0.0,$2.53,10.2,$815.11B,$564.26B,1.45,$194.09B,$46.18B,4.2,$38.80B,$28.18B,72.62%,$38.80B,$5.76B,14.83%,$38.80B,0,0.00%,$38.80B,0,0.00%,$38.80B,$5.76B,14.83%,$38.80B,$4.10B,10.58%,$4.10B,$46.18B,8.58%,$4.10B,$37.21B,10.67%,$4.10B,$934.37B,0.42%,$5.76B,$240.27B,2.44%,$10614,$3224,$7390,$0,$5631,$8855,$1760,$0,$1760,$627,$1133,$1133,$1117,$0,$0,$1668,1723,$0.67,$0.65,$476580,$0,$0,$815109,$4706,$42092,$8972,$63489,$119259,$934368,$564258,$194089,$78794,$272883,$888187,$69,$36328,$-18404,$46181,$934368,$2231,$553,$803,$1356,$0,$0,$0,$-839,$-839,$2953,$-492,$0,$-356,$0,$89,$89,$15775,$15017,$19061,$1179,$20240,$-1008,$-1008,$-454,$-6826,$11952,$26252,$0,$-454
14,2015-03-31,24.51,$29.80,0.82,$23.84,1.03,$-41.93,0.0,$1.37,17.89,$826.54B,$584.70B,1.41,$184.83B,$46.59B,3.97,$38.95B,$28.06B,72.03%,$38.95B,$3.61B,9.26%,$38.95B,0,0.00%,$38.95B,0,0.00%,$38.95B,$3.61B,9.26%,$38.95B,$2.20B,5.64%,$2.20B,$46.59B,4.57%,$2.20B,$37.41B,5.68%,$2.20B,$951.51B,0.22%,$3.61B,$231.42B,1.58%,$9453,$2460,$6993,$0,$5404,$7863,$1590,$0,$1590,$502,$1088,$1088,$1109,$0,$0,$1622,1653,$0.66,$0.65,$493912,$0,$0,$826540,$4755,$41073,$9179,$69961,$124968,$951509,$584697,$184831,$77282,$262113,$904917,$67,$34863,$-17240,$46592,$951509,$1088,$284,$258,$542,$0,$0,$0,$-12469,$-12469,$-10422,$-203,$0,$-112,$0,$-215,$-215,$14666,$14137,$5755,$2249,$8004,$-886,$-886,$0,$-375,$6744,$9010,$0,$0
15,2014-12-31,22.83,$30.79,0.74,$24.39,0.94,$-44.20,0.0,$1.27,17.97,$874.47B,$616.93B,1.42,$194.67B,$49.25B,3.95,$39.69B,$28.72B,72.35%,$39.69B,$3.97B,10.00%,$39.69B,0,0.00%,$39.69B,0,0.00%,$39.69B,$3.97B,10.00%,$39.69B,$2.05B,5.17%,$2.05B,$49.25B,4.20%,$2.05B,$39.51B,5.20%,$2.05B,$1008.36B,0.20%,$3.97B,$243.92B,1.81%,$8926,$2338,$6588,$0,$5648,$7986,$940,$0,$940,$183,$757,$757,$754,$0,$0,$1616,1629,$0.49,$0.48,$530661,$0,$0,$874468,$5079,$41866,$9732,$77212,$133888,$1008356,$616925,$194674,$85163,$279837,$959111,$70,$35108,$-16418,$49245,$1008356,$2543,$1406,$987,$2393,$0,$0,$0,$-25527,$-25527,$-19282,$-1154,$0,$-1383,$0,$230,$230,$-9006,$-11314,$41242,$3840,$45082,$-554,$-554,$-1370,$-6733,$36425,$11662,$0,$-1370
16,2014-09-30,25.16,$30.75,0.82,$24.91,1.01,$-16.77,0.0,$0.87,28.91,$919.07B,$650.42B,1.41,$179.26B,$49.23B,3.64,$39.98B,$28.74B,71.89%,$39.98B,$2.70B,6.76%,$39.98B,0,0.00%,$39.98B,0,0.00%,$39.98B,$2.70B,6.76%,$39.98B,$0.81B,2.03%,$0.81B,$49.23B,1.65%,$0.81B,$39.72B,2.02%,$0.81B,$1045.22B,0.08%,$2.70B,$228.49B,1.31%,$9806,$2602,$7204,$0,$5739,$8341,$1465,$0,$1465,$401,$1065,$1065,$1123,$0,$0,$1609,1628,$0.67,$0.67,$561202,$0,$0,$919072,$5339,$36147,$9513,$75146,$126145,$1045217,$650423,$179258,$82296,$261554,$995987,$70,$34408,$-15667,$49230,$1045217,$1786,$1027,$917,$1944,$0,$0,$0,$-20548,$-20548,$-16285,$-773,$0,$-840,$0,$577,$577,$-30815,$-31851,$28647,$11006,$39653,$-504,$-504,$-1344,$16732,$54538,$10324,$0,$-1344
17,2014-06-30,25.82,$29.56,0.87,$24.39,1.06,$9.81,2.63,$0.52,49.65,$877.92B,$636.43B,1.38,$161.83B,$47.29B,3.42,$38.99B,$27.65B,70.91%,$38.99B,$2.21B,5.68%,$38.99B,0,0.00%,$38.99B,0,0.00%,$38.99B,$2.21B,5.68%,$38.99B,$0.18B,0.45%,$0.18B,$47.29B,0.35%,$0.18B,$38.03B,0.43%,$0.18B,$1003.21B,0.02%,$2.21B,$209.12B,1.12%,$10765,$3493,$7272,$0,$7661,$11154,$-389,$0,$-389,$345,$-735,$-735,$-788,$0,$0,$1625,1625,$-0.52,$-0.52,$528157,$0,$0,$877915,$5413,$36730,$9258,$72788,$125291,$1003206,$636433,$161834,$79354,$242023,$955917,$72,$34197,$-17977,$47289,$1003206,$622,$699,$967,$1665,$0,$0,$0,$-22955,$-22955,$-19824,$-462,$0,$-543,$0,$-359,$-359,$-14755,$-16120,$13960,$10234,$24194,$-520,$-520,$-1381,$10709,$33002,$-2501,$0,$-1381
18,2014-03-31,28.7,$31.26,0.92,$24.79,1.16,$31.69,0.91,$1.59,18.05,$860.18B,$625.85B,1.37,$148.39B,$49.62B,2.99,$39.48B,$27.83B,70.50%,$39.48B,$4.34B,11.00%,$39.48B,0,0.00%,$39.48B,0,0.00%,$39.48B,$4.34B,11.00%,$39.48B,$2.07B,5.25%,$2.07B,$49.62B,4.03%,$2.07B,$40.45B,4.90%,$2.07B,$983.90B,0.21%,$4.34B,$198.01B,2.24%,$10192,$2540,$7652,$0,$5699,$8239,$1953,$0,$1953,$608,$1345,$1345,$963,$0,$0,$1621,1628,$0.54,$0.54,$524012,$0,$0,$860175,$5520,$38271,$9170,$69925,$123725,$983900,$625851,$148392,$80449,$229716,$934282,$72,$34839,$-18021,$49618,$983900,$1361,$336,$614,$950,$0,$0,$0,$-16545,$-16545,$-13935,$-224,$0,$-354,$0,$-373,$-373,$-8965,$-9916,$2925,$4578,$7503,$-141,$-141,$-50,$13180,$20492,$-3048,$0,$-50
19,2013-12-31,27.52,$32.00,0.86,$26.71,1.03,$35.20,0.78,$1.84,14.95,$819.06B,$590.55B,1.39,$140.38B,$50.92B,2.76,$40.26B,$27.91B,69.32%,$40.26B,$4.42B,10.98%,$40.26B,0,0.00%,$40.26B,0,0.00%,$40.26B,$4.42B,10.98%,$40.26B,$2.51B,6.24%,$2.51B,$50.92B,4.92%,$2.51B,$42.05B,5.99%,$2.51B,$942.19B,0.26%,$4.42B,$191.30B,2.27%,$9213,$2601,$6612,$0,$6937,$9538,$-325,$0,$-325,$-67,$-258,$-258,$-487,$0,$0,$1533,1536,$-0.37,$-0.33,$496184,$0,$0,$819061,$5496,$38987,$8862,$68079,$123133,$942194,$590548,$140380,$80150,$221761,$891278,$69,$32667,$-17137,$50916,$942194,$3201,$1452,$811,$2263,$0,$0,$0,$18407,$18407,$23829,$-965,$0,$-1934,$0,$357,$357,$14977,$12435,$-17321,$6479,$-10841,$581,$581,$-609,$-15493,$-26362,$7480,$0,$-609
20,2013-09-30,27.08,$33.04,0.82,$24.80,1.09,$13.96,1.94,$1.84,14.72,$836.79B,$603.70B,1.39,$138.29B,$52.61B,2.63,$40.61B,$27.75B,68.33%,$40.61B,$5.44B,13.40%,$40.61B,0,0.00%,$40.61B,0,0.00%,$40.61B,$5.21B,12.84%,$40.61B,$3.43B,8.46%,$3.43B,$52.61B,6.92%,$3.43B,$43.68B,8.50%,$3.43B,$960.96B,0.35%,$5.44B,$190.90B,2.75%,$8819,$2707,$6111,$0,$5138,$7845,$974,$0,$974,$392,$582,$582,$487,$0,$0,$1600,1603,$0.28,$0.28,$512663,$0,$0,$836786,$5676,$41319,$8936,$68198,$124178,$960964,$603696,$138289,$82149,$220444,$908351,$69,$33127,$-17368,$52613,$960964,$3475,$1064,$1032,$2095,$0,$0,$0,$21263,$21263,$26537,$-729,$0,$-1221,$0,$603,$603,$17925,$16579,$-19848,$6029,$-13819,$626,$626,$-454,$-20394,$-34042,$8413,$0,$-454
21,2013-06-30,23.46,$32.94,0.71,$26.77,0.88,$-28.56,0.0,$1.72,13.64,$844.60B,$602.60B,1.4,$141.69B,$52.44B,2.7,$41.50B,$28.00B,67.49%,$41.50B,$5.19B,12.51%,$41.50B,0,0.00%,$41.50B,0,0.00%,$41.50B,$4.68B,11.27%,$41.50B,$3.22B,7.76%,$3.22B,$52.44B,6.76%,$3.22B,$43.11B,8.41%,$3.22B,$976.29B,0.32%,$5.19B,$194.13B,2.60%,$11254,$3797,$7457,$0,$5717,$9515,$1739,$0,$1739,$504,$1235,$1235,$1109,$0,$0,$1575,1601,$0.57,$0.55,$506649,$0,$0,$844602,$5794,$39108,$9330,$77460,$131691,$976293,$602601,$141689,$82561,$224250,$923857,$68,$32269,$-16133,$52436,$976293,$2701,$708,$907,$1615,$0,$0,$0,$13554,$13554,$15510,$-458,$0,$-956,$0,$-89,$-89,$13836,$12332,$-17366,$6257,$-11109,$612,$612,$-431,$-23598,$-34525,$-5496,$0,$-431
22,2013-03-31,21.74,$36.84,0.59,$28.70,0.76,$-43.24,0.0,$1.62,13.42,$872.60B,$640.03B,1.36,$153.91B,$48.34B,3.18,$42.02B,$26.52B,63.11%,$42.02B,$3.92B,9.34%,$42.02B,0,0.00%,$42.02B,0,0.00%,$42.02B,$4.15B,9.87%,$42.02B,$2.90B,6.91%,$2.90B,$48.34B,6.34%,$2.90B,$38.84B,7.98%,$2.90B,$1018.18B,0.28%,$3.92B,$202.26B,1.92%,$10977,$3245,$7731,$0,$5697,$8943,$2034,$0,$2034,$549,$1485,$1485,$1402,$0,$0,$1314,1343,$0.84,$0.82,$541820,$0,$0,$872602,$6016,$52394,$9508,$77663,$145580,$1018182,$640028,$153912,$96878,$250790,$969838,$58,$31702,$-16204,$48344,$1018182,$1485,$364,$423,$786,$0,$0,$0,$-9544,$-9544,$-6718,$-253,$0,$-820,$0,$75,$75,$6179,$5182,$-9247,$5739,$-3508,$378,$378,$-12,$-1557,$-4699,$-4863,$0,$-12
23,2012-12-31,20.38,$0.00,0.0,$28.76,0.71,$-64.16,0.0,$0.85,23.97,$844.67B,$689.54B,1.23,$158.07B,$45.12B,3.5,$41.40B,$25.44B,61.45%,$41.40B,$2.20B,5.30%,$41.40B,0,0.00%,$41.40B,0,0.00%,$41.40B,$2.33B,5.62%,$41.40B,$1.55B,3.74%,$1.55B,$45.12B,3.46%,$1.55B,$35.91B,4.37%,$1.55B,$986.30B,0.15%,$2.20B,$203.20B,1.06%,$9563,$3110,$6453,$0,$5758,$8868,$695,$0,$466,$109,$357,$436,$436,$0,$0,$2335,2335,$0.19,$0.19,$537351,$0,$0,$844666,$14500,$48622,$9211,$77804,$150138,$986299,$689539,$158074,$93565,$251639,$941178,$57,$30061,$0,$45121,$986299,$1798,$1381,$0,$1381,$0,$0,$0,$0,$-21621,$-13524,$-1298,$0,$-2176,$0,$0,$2222,$47089,$45837,$0,$-8366,$-18707,$0,$1522,$-1383,$-56150,$-83084,$-52085,$0,$0
24,2012-09-30,17.55,$0.00,0.0,$33.13,0.53,$-17.13,0.0,$-0.02,0.0,$890.90B,$731.23B,1.22,$155.66B,$44.53B,3.5,$40.54B,$23.96B,59.10%,$40.54B,$0.43B,1.05%,$40.54B,0,0.00%,$40.54B,0,0.00%,$40.54B,$0.78B,1.92%,$40.54B,$0.41B,1.02%,$0.41B,$44.53B,0.92%,$0.41B,$35.30B,1.16%,$0.41B,$1063.92B,0.04%,$0.43B,$200.20B,0.20%,$9702,$3338,$6363,$0,$5639,$8978,$724,$0,$437,$105,$332,$272,$272,$0,$0,$1291,1298,$0.17,$0.17,$638816,$0,$0,$890897,$0,$17514,$9237,$139278,$166029,$1063917,$731233,$155663,$132488,$288151,$1019383,$55,$29138,$0,$44533,$1063917,$1407,$988,$0,$988,$0,$0,$0,$0,$-38667,$-33337,$-953,$0,$0,$0,$0,$34847,$-6558,$27335,$0,$-2109,$-16401,$0,$1464,$-1213,$-94,$-18353,$-24533,$0,$0
25,2012-06-30,15.17,$0.00,0.0,$35.18,0.43,$21.03,0.72,$0.44,34.49,$943.09B,$757.81B,1.25,$165.63B,$45.04B,3.68,$42.50B,$24.71B,58.15%,$42.50B,$-0.30B,-0.71%,$42.50B,0,0.00%,$42.50B,0,0.00%,$42.50B,$1.37B,3.22%,$42.50B,$0.91B,2.13%,$0.91B,$45.04B,1.93%,$0.91B,$35.47B,2.45%,$0.91B,$1116.18B,0.08%,$-0.30B,$210.67B,-0.13%,$11782,$5808,$5974,$0,$5503,$11311,$471,$0,$1210,$333,$877,$793,$793,$0,$0,$1282,1317,$0.48,$0.46,$687260,$0,$0,$943093,$0,$19361,$9566,$136840,$165767,$1116184,$757809,$165630,$147705,$313335,$1071144,$55,$29707,$0,$45040,$1116184,$1106,$667,$0,$667,$0,$0,$0,$0,$1678,$-6233,$-708,$0,$0,$0,$0,$-5275,$13297,$7315,$0,$1859,$-9363,$0,$1322,$-1231,$-5750,$-13163,$-12339,$0,$0
26,2012-03-31,22.1,$0.00,0.0,$38.21,0.58,$26.11,0.85,$0.53,41.69,$922.57B,$733.62B,1.26,$168.89B,$44.35B,3.81,$45.19B,$26.66B,58.99%,$45.19B,$1.11B,2.46%,$45.19B,0,0.00%,$45.19B,0,0.00%,$45.19B,$2.04B,4.52%,$45.19B,$0.78B,1.72%,$0.78B,$44.35B,1.64%,$0.78B,$35.02B,2.07%,$0.78B,$1085.22B,0.07%,$1.11B,$213.24B,0.48%,$10355,$3702,$6653,$0,$6347,$10049,$306,$0,$215,$-17,$232,$48,$48,$0,$0,$1244,1257,$0.03,$0.03,$671137,$0,$0,$922573,$0,$19423,$9325,$126437,$155185,$1085222,$733624,$168891,$138361,$307252,$1040876,$53,$29406,$0,$44346,$1085222,$232,$330,$0,$330,$0,$0,$0,$0,$1158,$-32505,$-337,$0,$0,$0,$0,$39316,$256,$39234,$0,$-17231,$-5861,$0,$133,$-14,$-4476,$-27449,$-22924,$0,$0
27,2011-12-31,18.2,$0.00,0.0,$41.32,0.44,$60.00,0.3,$1.52,11.97,$1011.10B,$808.66B,1.25,$184.17B,$46.52B,3.96,$48.30B,$29.54B,61.16%,$48.30B,$3.77B,7.79%,$48.30B,0,0.00%,$48.30B,0,0.00%,$48.30B,$3.92B,8.11%,$48.30B,$2.02B,4.18%,$2.02B,$46.52B,4.24%,$2.02B,$36.47B,5.34%,$2.02B,$1187.97B,0.17%,$3.77B,$230.70B,1.58%,$8700,$3733,$4967,$0,$6042,$9774,$-1075,$0,$-1083,$-450,$-633,$-699,$-699,$0,$0,$1027,1027,$-0.68,$-0.68,$746811,$0,$0,$1011104,$0,$20818,$10054,$137849,$168721,$1187970,$808659,$184174,$148616,$332790,$1141449,$55,$30632,$0,$46521,$1187970,$3159,$1354,$0,$1354,$0,$0,$0,$0,$42173,$43741,$-1957,$0,$0,$0,$0,$6316,$-33767,$-29408,$0,$44403,$-3276,$0,$1347,$-2206,$-2840,$37429,$51074,$0,$0
28,2011-09-30,20.34,$0.00,0.0,$42.62,0.48,$24.60,0.83,$2.81,7.24,$1084.34B,$879.37B,1.23,$200.03B,$51.76B,3.87,$51.26B,$32.01B,62.44%,$51.26B,$6.39B,12.46%,$51.26B,0,0.00%,$51.26B,0,0.00%,$51.26B,$6.69B,13.05%,$51.26B,$3.59B,7.01%,$3.59B,$51.76B,7.75%,$3.59B,$41.24B,9.74%,$3.59B,$1293.36B,0.32%,$6.39B,$251.79B,2.75%,$11661,$4543,$7118,$0,$7122,$11665,$-4,$0,$1028,$405,$624,$765,$765,$0,$0,$1204,1224,$0.64,$0.63,$808434,$0,$0,$1084337,$0,$24330,$10515,$165724,$200569,$1293357,$879372,$200033,$162197,$362230,$1241602,$58,$33876,$0,$51755,$1293357,$4121,$1041,$0,$1041,$0,$0,$0,$0,$-13795,$15794,$-1422,$0,$-1616,$0,$0,$-36478,$208,$-39307,$0,$59770,$-149,$0,$1050,$-2217,$408,$58862,$32786,$0,$0
29,2011-06-30,30.24,$0.00,0.0,$42.53,0.71,$9.91,3.05,$2.68,11.28,$947.47B,$739.27B,1.28,$188.57B,$46.30B,4.07,$50.89B,$32.00B,62.87%,$50.89B,$8.11B,15.94%,$50.89B,0,0.00%,$50.89B,0,0.00%,$50.89B,$6.63B,13.03%,$50.89B,$3.46B,6.80%,$3.46B,$46.30B,7.82%,$3.46B,$36.89B,9.83%,$3.46B,$1122.19B,0.33%,$8.11B,$234.87B,3.63%,$14470,$6553,$7917,$0,$6033,$12586,$1884,$0,$1884,$311,$1573,$661,$661,$0,$0,$1199,1208,$0.55,$0.55,$694719,$0,$0,$947467,$0,$22556,$9407,$135122,$167084,$1122192,$739268,$188569,$148054,$336623,$1075891,$55,$31154,$0,$46301,$1122192,$3297,$625,$0,$625,$0,$0,$0,$0,$5781,$584,$-821,$0,$-999,$0,$0,$-169,$169,$-1821,$0,$6750,$5318,$0,$850,$-2073,$771,$11616,$2994,$0,$0
30,2011-03-31,31.0,$0.00,0.0,$42.01,0.74,$36.95,0.84,$3.17,9.78,$906.69B,$712.56B,1.27,$186.94B,$46.01B,4.06,$50.34B,$31.80B,63.17%,$50.34B,$7.95B,15.80%,$50.34B,0,0.00%,$50.34B,0,0.00%,$50.34B,$6.47B,12.86%,$50.34B,$4.24B,8.42%,$4.24B,$46.01B,9.82%,$4.24B,$36.74B,12.38%,$4.24B,$1080.40B,0.41%,$7.95B,$232.95B,3.68%,$13471,$3932,$9540,$0,$6579,$10511,$2960,$0,$2090,$494,$1595,$1294,$1294,$0,$0,$1184,1188,$1.03,$1.02,$670182,$0,$0,$906688,$0,$24074,$9276,$133278,$166628,$1080404,$712556,$186940,$134898,$321838,$1034393,$51,$28119,$0,$46011,$1080404,$1595,$284,$0,$284,$0,$0,$0,$0,$-4423,$9514,$-282,$0,$-628,$0,$0,$15021,$-4105,$10006,$0,$-11721,$2122,$0,$1110,$-12,$-916,$-9417,$8389,$0,$0
31,2010-12-31,29.42,$0.00,0.0,$36.93,0.8,$52.67,0.56,$3.58,8.22,$527.31B,$664.66B,0.79,$167.06B,$41.36B,4.04,$44.75B,$26.49B,59.19%,$44.75B,$3.51B,7.84%,$44.75B,0,0.00%,$44.75B,0,0.00%,$44.75B,$7.20B,16.08%,$44.75B,$4.75B,10.62%,$4.75B,$41.36B,11.06%,$4.75B,$32.80B,13.97%,$4.75B,$992.27B,0.47%,$3.51B,$208.42B,1.65%,$11657,$4227,$7430,$0,$5884,$10111,$1546,$0,$1688,$412,$1276,$874,$874,$0,$0,$1187,1193,$0.61,$0.61,$316892,$0,$0,$527309,$0,$23921,$8554,$426022,$458498,$992273,$664664,$167063,$119188,$286250,$950914,$45,$24341,$0,$41359,$992273,$5692,$1121,$0,$1121,$0,$0,$0,$0,$8089,$7911,$-1608,$0,$0,$0,$0,$2670,$-21686,$-20623,$0,$29064,$6269,$0,$-2008,$-2692,$1123,$31756,$13086,$0,$0
32,2010-09-30,30.98,$0.00,0.0,$31.48,0.98,$37.23,0.83,$3.50,8.85,$863.41B,$682.34B,1.27,$173.10B,$43.25B,4.0,$39.22B,$21.77B,55.50%,$39.22B,$-0.57B,-1.45%,$39.22B,0,0.00%,$39.22B,0,0.00%,$39.22B,$6.91B,17.62%,$39.22B,$4.62B,11.79%,$4.62B,$43.25B,10.56%,$4.62B,$34.33B,13.29%,$4.62B,$1033.45B,0.46%,$-0.57B,$216.35B,-0.27%,$11293,$4184,$7109,$0,$5388,$9572,$1721,$0,$969,$113,$856,$632,$632,$0,$0,$1191,1196,$0.50,$0.50,$647830,$0,$0,$863410,$0,$25255,$8921,$129449,$163625,$1033445,$682340,$173095,$134756,$307851,$990191,$46,$23789,$0,$43254,$1033445,$4591,$844,$0,$844,$0,$0,$0,$0,$5390,$-2394,$-1127,$0,$-1552,$0,$0,$-22403,$3273,$-21809,$0,$2149,$6883,$0,$-1603,$-2603,$18869,$23695,$-2401,$0,$0
33,2010-06-30,27.25,$0.00,0.0,$29.46,0.92,$36.71,0.74,$4.77,5.71,$858.67B,$684.73B,1.25,$165.13B,$42.10B,3.92,$37.57B,$20.90B,55.62%,$37.57B,$-2.00B,-5.33%,$37.57B,0,0.00%,$37.57B,0,0.00%,$37.57B,$9.28B,24.69%,$37.57B,$6.29B,16.75%,$6.29B,$42.10B,13.84%,$6.29B,$33.10B,17.29%,$6.29B,$1028.48B,0.63%,$-2.00B,$207.24B,-0.97%,$13915,$6197,$7718,$0,$5992,$12190,$1725,$0,$1725,$169,$1556,$1440,$1440,$0,$0,$1208,1214,$1.04,$1.04,$653319,$0,$0,$858667,$0,$26790,$9001,$127963,$163754,$1028477,$684727,$165133,$136515,$301648,$986375,$42,$21656,$0,$42103,$1028477,$3487,$524,$0,$524,$0,$0,$0,$0,$11922,$33273,$-688,$0,$-416,$0,$0,$-25875,$1761,$-25218,$0,$15150,$2156,$0,$-1359,$-2399,$2362,$15910,$23198,$0,$0
34,2010-03-31,34.97,$0.00,0.0,$28.24,1.24,$0.70,50.14,$4.84,7.22,$853.04B,$668.58B,1.28,$175.24B,$45.20B,3.88,$37.29B,$20.92B,56.10%,$37.29B,$-2.37B,-6.36%,$37.29B,0,0.00%,$37.29B,0,0.00%,$37.29B,$8.91B,23.88%,$37.29B,$6.32B,16.96%,$6.32B,$45.20B,13.64%,$6.32B,$35.93B,16.95%,$6.32B,$1016.36B,0.64%,$-2.37B,$220.44B,-1.17%,$7886,$3653,$4233,$0,$5715,$9368,$-1482,$0,$2816,$794,$2022,$1825,$1808,$0,$0,$1253,1261,$1.44,$1.43,$636532,$0,$0,$853035,$0,$28178,$9273,$119668,$157119,$1016355,$668577,$175242,$127335,$302576,$971154,$44,$23595,$0,$45201,$1016355,$1963,$272,$0,$272,$0,$0,$0,$0,$27393,$29960,$-350,$0,$-164,$0,$0,$1131,$-25279,$-24662,$0,$-1073,$3827,$0,$-2618,$-75,$-12964,$-12904,$-6916,$0,$0
35,2009-12-31,33.46,$0.00,0.0,$27.57,1.21,$-22.38,0.0,$4.79,6.98,$496.19B,$640.27B,0.78,$147.19B,$44.64B,3.3,$36.41B,$19.42B,53.34%,$36.41B,$-3.87B,-10.62%,$36.41B,0,0.00%,$36.41B,0,0.00%,$36.41B,$7.46B,20.49%,$36.41B,$6.25B,17.16%,$6.25B,$44.64B,13.55%,$6.25B,$35.77B,16.83%,$6.25B,$952.63B,0.63%,$-3.87B,$191.83B,-2.01%,$6127,$3418,$2709,$0,$5240,$8658,$-2531,$0,$1401,$467,$935,$744,$744,$0,$0,$1345,1417,$0.55,$0.53,$277125,$0,$0,$496185,$0,$32534,$8862,$409101,$450497,$952626,$640274,$147190,$120527,$267717,$907990,$43,$23328,$0,$44636,$952626,$5921,$1029,$0,$1029,$0,$0,$0,$0,$-12749,$-13102,$-1278,$0,$0,$0,$0,$2737,$55870,$57329,$0,$-66172,$-8906,$0,$-1242,$-346,$-1755,$-78422,$-35261,$0,$0
36,2009-09-30,37.87,$0.00,0.0,$33.56,1.13,$93.24,0.41,$-0.36,0.0,$834.87B,$664.20B,1.26,$156.17B,$49.88B,3.13,$41.92B,$21.97B,52.42%,$41.92B,$-1.83B,-4.37%,$41.92B,0,0.00%,$41.92B,0,0.00%,$41.92B,$-4.50B,-10.72%,$41.92B,$0.30B,0.70%,$0.30B,$49.88B,0.69%,$0.30B,$40.78B,0.88%,$0.30B,$1001.31B,0.03%,$-1.83B,$206.05B,-0.98%,$9646,$3407,$6239,$0,$5953,$9360,$286,$0,$3334,$402,$2932,$2117,$2301,$0,$0,$1252,1301,$1.84,$1.77,$606997,$0,$0,$834870,$0,$37533,$9099,$113742,$160374,$1001313,$664202,$156168,$131063,$287231,$951432,$44,$23077,$0,$49881,$1001313,$5580,$752,$0,$752,$0,$0,$0,$0,$-14936,$-3653,$-857,$0,$-1177,$0,$0,$4296,$41847,$44108,$0,$-19745,$-1683,$0,$-479,$-286,$-56795,$-78988,$-38737,$0,$0
37,2009-06-30,31.12,$0.00,0.0,$37.62,0.83,$173.39,0.18,$-3.27,0.0,$817.18B,$659.65B,1.24,$144.37B,$45.73B,3.16,$44.14B,$18.32B,41.51%,$44.14B,$-4.79B,-10.85%,$44.14B,0,0.00%,$44.14B,0,0.00%,$44.14B,$-10.50B,-23.78%,$44.14B,$-3.18B,-7.21%,$-3.18B,$45.73B,-8.14%,$-3.18B,$36.74B,-10.72%,$-3.18B,$983.40B,-0.29%,$-4.79B,$190.10B,-2.62%,$13633,$5892,$7741,$0,$6385,$12277,$1356,$0,$1356,$-31,$1387,$1459,$1471,$0,$0,$1309,1331,$1.12,$1.11,$598354,$0,$0,$817178,$0,$36832,$8991,$114568,$160390,$983395,$659654,$144372,$133642,$278014,$937668,$42,$19951,$0,$45727,$983395,$3219,$475,$0,$475,$0,$0,$0,$0,$-17830,$-11766,$-443,$0,$-328,$0,$0,$1543,$38559,$39331,$0,$-15404,$-12345,$0,$-344,$-203,$-32770,$-61066,$-31274,$0,$0
38,2009-03-31,20.65,$0.00,0.0,$45.62,0.45,$219.99,0.09,$-3.29,0.0,$835.19B,$695.34B,1.2,$136.98B,$44.26B,3.1,$49.28B,$18.48B,37.50%,$49.28B,$-4.36B,-8.84%,$49.28B,0,0.00%,$49.28B,0,0.00%,$49.28B,$-10.07B,-20.43%,$49.28B,$-3.48B,-7.05%,$-3.48B,$44.26B,-9.49%,$-3.48B,$35.25B,-12.90%,$-3.48B,$1009.96B,-0.30%,$-4.36B,$181.23B,-2.40%,$7008,$4275,$2733,$0,$5712,$9987,$-2979,$0,$1369,$857,$512,$1734,$1734,$0,$0,$1254,1254,$1.38,$1.38,$627705,$0,$0,$835194,$0,$36045,$9002,$124025,$169072,$1009957,$695340,$136975,$133387,$270362,$965702,$41,$18159,$0,$44255,$1009957,$1780,$225,$0,$225,$0,$0,$0,$0,$-2471,$708,$-201,$0,$-195,$0,$0,$10169,$24501,$34274,$0,$-26249,$-9624,$0,$-255,$-21,$-4362,$-40511,$-1744,$0,$0
39,2008-12-31,19.14,$0.00,0.0,$42.87,0.45,$230.72,0.08,$-6.70,0.0,$580.23B,$735.03B,0.79,$139.62B,$29.93B,4.67,$45.19B,$8.68B,19.22%,$45.19B,$-13.71B,-30.34%,$45.19B,0,0.00%,$45.19B,0,0.00%,$45.19B,$-13.81B,-30.55%,$45.19B,$-7.28B,-16.11%,$-7.28B,$29.93B,-21.20%,$-7.28B,$20.89B,-29.63%,$-7.28B,$1084.21B,-0.62%,$-13.71B,$169.55B,-7.69%,$11634,$6373,$5261,$0,$5756,$12129,$-495,$0,$-10554,$-2942,$-7612,$-4745,$-5211,$0,$0,$1128,1128,$-4.62,$-4.62,$361786,$0,$0,$580228,$0,$37820,$9035,$451246,$498101,$1084212,$735026,$139621,$165819,$319261,$1054288,$44,$17398,$0,$29925,$1084212,$-7613,$1088,$0,$1088,$0,$0,$0,$0,$27255,$120313,$-1327,$0,$0,$0,$0,$-175,$6898,$5396,$0,$-100213,$19520,$0,$3777,$-2729,$3653,$-75993,$47780,$0,$0
40,2008-09-30,32.69,$0.00,0.0,$52.08,0.63,$76.93,0.42,$-1.01,0.0,$1047.25B,$865.40B,1.21,$154.20B,$36.46B,4.23,$53.50B,$11.95B,22.34%,$53.50B,$-10.30B,-19.25%,$53.50B,0,0.00%,$53.50B,0,0.00%,$53.50B,$-1.52B,-2.84%,$53.50B,$-0.89B,-1.66%,$-0.89B,$36.46B,-2.48%,$-0.89B,$25.96B,-3.42%,$-0.89B,$1302.04B,-0.07%,$-10.30B,$190.65B,-5.78%,$11869,$9281,$2588,$0,$5258,$14540,$-2670,$0,$-2670,$-1178,$-1492,$-1178,$-1178,$0,$0,$1034,1034,$-1.14,$-1.14,$814931,$0,$0,$1047253,$0,$43982,$10499,$194290,$248770,$1302040,$865401,$154195,$228536,$400179,$1265580,$42,$23798,$0,$36459,$1302040,$-2050,$657,$0,$657,$0,$0,$0,$0,$88461,$80137,$-884,$0,$-5762,$0,$0,$3949,$-47111,$-49808,$0,$-39236,$19709,$0,$791,$-2658,$-2242,$-23636,$7602,$0,$0
41,2008-06-30,30.68,$0.00,0.0,$56.41,0.54,$-34.73,0.0,$1.15,26.68,$994.38B,$841.63B,1.18,$148.26B,$35.77B,4.15,$59.08B,$15.07B,25.51%,$59.08B,$-5.93B,-10.04%,$59.08B,0,0.00%,$59.08B,0,0.00%,$59.08B,$2.85B,4.82%,$59.08B,$1.41B,2.39%,$1.41B,$35.77B,3.97%,$1.41B,$25.68B,5.44%,$1.41B,$1193.67B,0.12%,$-5.93B,$184.03B,-3.42%,$18770,$10873,$7898,$0,$6111,$16984,$1787,$0,$1787,$288,$1499,$1180,$1180,$0,$0,$1030,1030,$1.15,$1.09,$766545,$0,$0,$994375,$0,$40700,$10086,$142604,$193390,$1193668,$841631,$148264,$152490,$316273,$1157904,$45,$29076,$0,$35765,$1193668,$-906,$461,$0,$461,$0,$0,$0,$0,$47358,$39129,$-581,$0,$-2498,$0,$0,$198,$-11358,$-14240,$0,$-33449,$20067,$0,$-23,$-2729,$-13566,$-29700,$-7289,$0,$0
42,2008-03-31,31.69,$0.00,0.0,$46.62,0.68,$-104.31,0.0,$2.37,13.37,$940.35B,$811.91B,1.16,$133.75B,$35.25B,3.8,$49.88B,$4.98B,9.99%,$49.88B,$-16.17B,-32.42%,$49.88B,0,0.00%,$49.88B,0,0.00%,$49.88B,$5.47B,10.97%,$49.88B,$2.85B,5.71%,$2.85B,$35.25B,8.01%,$2.85B,$25.77B,10.91%,$2.85B,$1131.17B,0.25%,$-16.17B,$169.00B,-9.55%,$2912,$9975,$-7063,$0,$5266,$15242,$-12330,$0,$-2368,$-426,$-1942,$-2072,$-2072,$0,$0,$1023,1023,$-2.03,$-2.03,$725761,$0,$0,$940354,$0,$37790,$9478,$138008,$185276,$1131166,$811908,$133754,$137000,$284013,$1095920,$43,$29517,$0,$35245,$1131166,$-2011,$218,$0,$218,$0,$0,$0,$0,$18444,$11629,$-243,$0,$-666,$0,$0,$-33,$-8534,$-9475,$0,$-9838,$4963,$0,$-477,$-29,$-3768,$-9149,$-10006,$0,$0
43,2007-12-31,37.43,$0.00,0.0,$52.11,0.72,$-158.42,0.0,$6.36,5.89,$507.01B,$814.40B,0.62,$133.60B,$36.04B,3.71,$56.39B,$11.25B,19.95%,$56.39B,$-10.43B,-18.50%,$56.39B,0,0.00%,$56.39B,0,0.00%,$56.39B,$11.47B,20.34%,$56.39B,$7.13B,12.65%,$7.13B,$36.04B,20.01%,$7.13B,$26.59B,27.18%,$7.13B,$1135.08B,0.63%,$-10.43B,$169.64B,-6.23%,$19949,$11420,$8530,$0,$5615,$17035,$2914,$0,$1732,$-303,$2035,$1180,$1180,$0,$0,$1022,1022,$1.15,$1.07,$306352,$0,$0,$507006,$0,$36581,$9448,$576915,$622944,$1135079,$814399,$133603,$137160,$284644,$1099043,$38,$28088,$0,$36037,$1135079,$6472,$0,$0,$0,$0,$0,$0,$0,$-2776,$-48294,$-1084,$0,$0,$0,$0,$-28961,$6284,$-23761,$0,$25000,$13215,$0,$-4621,$-2095,$49532,$81030,$7855,$0,$0
44,2007-09-30,41.31,$0.00,0.0,$49.49,0.83,$-147.36,0.0,$8.63,4.79,$953.55B,$837.74B,1.14,$135.79B,$35.00B,3.88,$54.59B,$11.55B,21.16%,$54.59B,$-1.76B,-3.22%,$54.59B,0,0.00%,$54.59B,0,0.00%,$54.59B,$12.92B,23.68%,$54.59B,$9.74B,17.84%,$9.74B,$35.00B,27.55%,$9.74B,$25.67B,37.45%,$9.74B,$1148.09B,0.88%,$-1.76B,$170.79B,-1.08%,$17444,$11737,$5707,$0,$4009,$15745,$1698,$0,$1698,$-27,$1725,$1122,$1122,$0,$0,$1103,1103,$1.02,$1.02,$764238,$0,$0,$953545,$0,$35602,$9329,$144490,$189421,$1148090,$837742,$135789,$126881,$275346,$1113087,$38,$27631,$0,$35003,$1148090,$6021,$537,$0,$537,$0,$0,$0,$0,$-18875,$-37779,$-799,$0,$0,$0,$0,$-16653,$-7938,$-25390,$0,$20443,$9089,$0,$-4571,$-2098,$48249,$71113,$7351,$0,$0
45,2007-06-30,43.76,$0.00,0.0,$39.39,1.11,$-146.73,0.0,$8.95,4.89,$965.08B,$856.05B,1.13,$131.66B,$35.89B,3.67,$43.62B,$3.25B,7.45%,$43.62B,$-10.59B,-24.29%,$43.62B,0,0.00%,$43.62B,0,0.00%,$43.62B,$13.22B,30.30%,$43.62B,$10.13B,23.23%,$10.13B,$35.89B,28.93%,$10.13B,$26.39B,39.52%,$10.13B,$1158.18B,0.91%,$-10.59B,$167.55B,-6.65%,$9571,$11760,$-2190,$0,$6261,$18021,$-8451,$0,$4409,$706,$3702,$2618,$2618,$0,$0,$1135,1135,$2.31,$2.31,$781573,$0,$0,$965076,$0,$33004,$9493,$145586,$188083,$1158178,$856048,$131661,$121086,$266244,$1122292,$498,$28572,$0,$35886,$1158178,$4841,$0,$0,$0,$0,$0,$0,$0,$-10809,$-35990,$-492,$0,$0,$0,$0,$-10964,$-11528,$-22984,$0,$7133,$3668,$0,$-2636,$-2037,$59190,$65318,$6159,$0,$0
46,2007-03-31,42.28,$0.00,0.0,$37.05,1.14,$-130.35,0.0,$8.14,5.19,$909.87B,$821.43B,1.11,$126.43B,$35.69B,3.54,$41.12B,$3.47B,8.43%,$41.12B,$-8.62B,-20.97%,$41.12B,0,0.00%,$41.12B,0,0.00%,$41.12B,$11.36B,27.63%,$41.12B,$9.25B,22.50%,$9.25B,$35.69B,27.32%,$9.25B,$26.33B,37.70%,$9.25B,$1102.71B,0.84%,$-8.62B,$162.12B,-5.60%,$9424,$10221,$-797,$0,$5794,$16015,$-6591,$0,$3630,$667,$2963,$2213,$2213,$0,$0,$1066,1130,$2.08,$1.96,$737263,$0,$0,$909869,$0,$32799,$9355,$145785,$187939,$1102706,$821430,$126428,$106471,$245589,$1067019,$492,$27741,$0,$35687,$1102706,$2213,$0,$0,$0,$0,$0,$0,$0,$-19204,$-48318,$-237,$0,$0,$0,$0,$1494,$-7413,$-6155,$0,$2354,$3096,$0,$-1408,$0,$49284,$53326,$-1186,$0,$0
47,2006-12-31,41.12,$0.00,0.0,$43.62,0.94,$-96.69,0.0,$7.96,5.17,$476.55B,$742.05B,0.64,$118.06B,$34.81B,3.39,$48.49B,$13.59B,28.02%,$48.49B,$-5.82B,-12.01%,$48.49B,0,0.00%,$48.49B,0,0.00%,$48.49B,$11.42B,23.55%,$48.49B,$9.04B,18.65%,$9.04B,$34.81B,27.27%,$9.04B,$25.62B,39.24%,$9.04B,$1003.01B,0.82%,$-5.82B,$152.87B,-3.91%,$18147,$9317,$8830,$0,$-2757,$6560,$11587,$0,$3187,$544,$2643,$2105,$3785,$0,$0,$1074,1074,$3.52,$3.34,$310337,$0,$0,$476547,$0,$33439,$9183,$479054,$521676,$1003006,$742047,$118059,$95860,$226152,$968199,$485,$25800,$0,$34808,$1003006,$9050,$822,$-2483,$-1661,$0,$0,$0,$0,$-26552,$-38818,$-1195,$0,$-3535,$0,$0,$-11557,$-69,$-16356,$0,$1338,$19676,$0,$-4896,$0,$40636,$56754,$1169,$0,$0
