,Date,Stock Price,Book Value per Share,Price to Book Ratio,TTM Sales per Share,Price to Sales Ratio,TTM FCF per Share,Price to FCF Ratio,TTM Net EPS,PE Ratio,Current Assets,Current Liabilities,Current Ratio,Long Term Debt,Shareholder's Equity_x,Debt to Equity Ratio,TTM Revenue_x,TTM Gross Profit,Gross Margin,TTM Revenue_y,TTM Operating Income,Operating Margin,TTM Revenue_x,TTM EBIT,EBIT Margin,TTM Revenue_y,TTM EBITDA,EBITDA Margin,TTM Revenue_x,TTM Pre-Tax Income,Pre-Tax Margin,TTM Revenue_y,TTM Net Income_x,Net Margin,TTM Net Income_y,Shareholder's Equity_y,Return on Equity,TTM Net Income_x,Tangible Equity,Return on Tangible Equity,TTM Net Income_y,Total Assets,Return on Assets,TTM Net Income,LT Investments & Debt,Return on Investment,revenue,cost-goods-sold,gross-profit,research-development-expenses,selling-general-administrative-expenses,operating-expenses,operating-income,total-non-operating-income-expense,pre-tax-income,total-provision-income-taxes,income-after-taxes,income-from-continuous-operations,net-income,ebitda,ebit,basic-shares-outstanding,shares-outstanding,eps-basic-net-earnings-per-share,eps-earnings-per-share-diluted,cash-on-hand,inventory,other-current-assets,total-current-assets,net-property-plant-equipment,long-term-investments,goodwill-intangible-assets-total,other-long-term-assets,total-long-term-assets,total-assets,total-current-liabilities,long-term-debt,other-non-current-liabilities,total-long-term-liabilities,total-liabilities,common-stock-net,retained-earnings-accumulated-deficit,comprehensive-income,total-share-holder-equity,total-liabilities-share-holders-equity,net-income-loss,total-depreciation-amortization-cash-flow,other-non-cash-items,total-non-cash-items,change-in-accounts-receivable,change-in-inventories,change-in-accounts-payable,change-in-assets-liabilities,total-change-in-assets-liabilities,cash-flow-from-operating-activities,net-change-in-property-plant-equipment,net-change-in-intangible-assets,net-acquisitions-divestitures,net-change-in-short-term-investments,net-change-in-long-term-investments,net-change-in-investments-total,investing-activities-other,cash-flow-from-investing-activities,net-long-term-debt,net-current-debt,debt-issuance-retirement-net-total,net-common-equity-issued-repurchased,net-total-equity-issued-repurchased,total-common-preferred-stock-dividends-paid,financial-activities-other,cash-flow-from-financial-activities,net-cash-flow,stock-based-compensation,common-stock-dividends-paid
0,2018-07-31,8.0,$0.05,146.52,$1.88,4.26,$-0.66,0.0,$-0.04,0.0,$0.01B,$0.01B,0.73,$0.00B,$0.00B,0.25,$0.02B,$0.01B,52.38%,$0.02B,$-0.00B,-4.76%,$0.02B,$-0.00B,-4.76%,$0.02B,$0.00B,4.76%,$0.02B,$-0.00B,-4.76%,$0.02B,$-0.00B,-4.76%,$-0.00B,$0.00B,-400.00%,$-0.00B,$0.00B,400.00%,$-0.00B,$0.01B,-13.79%,$-0.00B,$0.00B,-400.00%,$6,$3,$3,$1,$2,$6,$0,$0,$0,$0,$0,$0,$0,$1,$0,$11,13,$0.04,$0.04,$1,$0,$0,$5,$2,$0,$1,$0,$3,$8,$7,$0,$0,$1,$8,$0,$-70,$0,$1,$8,$0,$0,$0,$0,$0,$0,$-0,$-0,$-0,$0,$-0,$0,$0,$0,$0,$0,$0,$-0,$-0,$0,$-0,$0,$0,$0,$0,$0,$0,$0,$0
1,2018-04-30,4.34,$0.00,14450.67,$1.84,2.35,$-0.93,0.0,$-0.14,0.0,$0.01B,$0.01B,0.68,$0.00B,$0.00B,5.67,$0.02B,$0.01B,50.00%,$0.02B,$-0.00B,-10.00%,$0.02B,$-0.00B,-10.00%,$0.02B,$-0.00B,-5.00%,$0.02B,$-0.00B,-10.00%,$0.02B,$-0.00B,-10.00%,$-0.00B,$0.00B,inf%,$-0.00B,$-0.00B,800.00%,$-0.00B,$0.01B,-29.63%,$-0.00B,$0.00B,inf%,$5,$3,$2,$1,$2,$6,$-1,$-0,$-1,$0,$-1,$-1,$-1,$-0,$-1,$11,11,$-0.05,$-0.05,$1,$0,$0,$5,$2,$0,$1,$0,$3,$8,$7,$0,$0,$1,$8,$0,$-71,$0,$0,$8,$-1,$0,$1,$2,$-2,$0,$0,$-0,$-2,$-1,$-1,$0,$0,$0,$0,$0,$0,$-1,$-0,$0,$-0,$0,$0,$0,$0,$0,$-2,$1,$0
2,2018-01-31,3.82,$0.04,89.04,$1.74,2.19,$-1.04,0.0,$-0.30,0.0,$0.00B,$0.01B,0.68,$0.00B,$0.00B,0.0,$0.02B,$0.01B,47.37%,$0.02B,$-0.00B,-15.79%,$0.02B,$-0.00B,-15.79%,$0.02B,$-0.00B,-15.79%,$0.02B,$-0.00B,-15.79%,$0.02B,$-0.00B,-15.79%,$-0.00B,$0.00B,inf%,$-0.00B,$0.00B,inf%,$-0.00B,$0.01B,-44.44%,$-0.00B,$0.00B,inf%,$5,$2,$3,$1,$2,$5,$-0,$-0,$-0,$0,$-0,$-0,$-0,$0,$-0,$11,11,$-0.01,$-0.01,$1,$0,$0,$4,$2,$0,$1,$0,$3,$7,$6,$0,$0,$0,$7,$0,$-70,$0,$0,$7,$-1,$0,$1,$1,$-1,$0,$0,$-1,$-2,$-1,$-1,$0,$0,$0,$0,$0,$0,$-1,$-0,$0,$-0,$0,$0,$0,$0,$0,$-2,$1,$0
3,2017-10-31,3.2,$0.03,94.4,$1.60,1.99,$-1.15,0.0,$-0.42,0.0,$0.00B,$0.01B,0.61,$0.00B,$0.00B,0.0,$0.02B,$0.01B,38.89%,$0.02B,$-0.00B,-22.22%,$0.02B,$-0.00B,-22.22%,$0.02B,$-0.00B,-22.22%,$0.02B,$-0.00B,-22.22%,$0.02B,$-0.00B,-22.22%,$-0.00B,$0.00B,-800.00%,$-0.00B,$0.00B,-1600.00%,$-0.00B,$0.01B,-57.14%,$-0.00B,$0.00B,-800.00%,$5,$3,$3,$1,$2,$5,$-0,$-0,$-0,$0,$-0,$-0,$-0,$0,$-0,$11,11,$-0.01,$-0.01,$1,$0,$0,$4,$2,$0,$1,$0,$3,$6,$6,$0,$0,$0,$6,$0,$-70,$0,$0,$6,$-1,$0,$1,$1,$-0,$0,$-0,$-1,$-2,$-2,$-1,$0,$0,$0,$0,$0,$0,$-1,$-0,$0,$-0,$0,$0,$0,$0,$-0,$-3,$1,$0
4,2017-07-31,2.84,$0.03,107.58,$1.54,1.85,$-1.15,0.0,$-0.46,0.0,$0.00B,$0.01B,0.57,$0.00B,$0.00B,0.0,$0.02B,$0.01B,35.29%,$0.02B,$-0.00B,-23.53%,$0.02B,$-0.00B,-23.53%,$0.02B,$-0.00B,-23.53%,$0.02B,$-0.01B,-29.41%,$0.02B,$-0.01B,-29.41%,$-0.01B,$0.00B,-400.00%,$-0.01B,$0.00B,-500.00%,$-0.01B,$0.01B,-66.67%,$-0.00B,$0.00B,-320.00%,$5,$3,$2,$1,$2,$6,$-1,$-0,$-1,$0,$-1,$-1,$-1,$-1,$-1,$11,11,$-0.06,$-0.06,$0,$0,$0,$3,$2,$0,$1,$0,$3,$6,$6,$0,$0,$0,$6,$0,$-70,$0,$0,$6,$-1,$0,$1,$1,$-0,$0,$-0,$-1,$-2,$-2,$-1,$0,$0,$0,$0,$0,$0,$-1,$-0,$0,$-0,$0,$0,$0,$0,$-0,$-3,$1,$0
5,2017-04-30,2.65,$0.04,72.8,$1.45,1.82,$-1.13,0.0,$-0.66,0.0,$0.01B,$0.01B,0.79,$0.00B,$0.00B,0.0,$0.02B,$0.01B,31.25%,$0.02B,$-0.01B,-37.50%,$0.02B,$-0.01B,-37.50%,$0.02B,$-0.01B,-31.25%,$0.02B,$-0.01B,-43.75%,$0.02B,$-0.01B,-43.75%,$-0.01B,$0.00B,-350.00%,$-0.01B,$0.00B,-400.00%,$-0.01B,$0.01B,-87.50%,$-0.01B,$0.00B,-300.00%,$4,$3,$1,$1,$2,$6,$-2,$-0,$-2,$0,$-2,$-2,$-2,$-2,$-2,$11,11,$-0.20,$-0.20,$3,$0,$0,$6,$1,$0,$1,$0,$2,$8,$7,$0,$0,$0,$8,$0,$-69,$0,$0,$8,$-7,$0,$3,$3,$-1,$0,$-0,$2,$1,$-3,$-1,$0,$0,$0,$0,$0,$0,$-1,$-0,$0,$-0,$0,$0,$0,$4,$4,$1,$3,$0
6,2017-01-31,4.75,$0.19,25.55,$1.43,3.32,$-1.57,0.0,$-0.74,0.0,$0.01B,$0.01B,1.15,$0.00B,$0.00B,0.0,$0.02B,$0.01B,33.33%,$0.02B,$-0.01B,-46.67%,$0.02B,$-0.01B,-46.67%,$0.02B,$-0.01B,-40.00%,$0.02B,$-0.01B,-53.33%,$0.02B,$-0.01B,-53.33%,$-0.01B,$0.00B,-400.00%,$-0.01B,$0.00B,-457.14%,$-0.01B,$0.01B,-106.67%,$-0.01B,$0.00B,-350.00%,$4,$2,$1,$1,$2,$5,$-1,$-0,$-1,$0,$-1,$-1,$-1,$-1,$-1,$11,11,$-0.13,$-0.13,$3,$0,$0,$6,$1,$0,$1,$0,$1,$8,$5,$0,$0,$0,$6,$0,$-67,$0,$2,$8,$-4,$0,$2,$2,$-1,$0,$-1,$0,$-1,$-3,$-0,$0,$0,$0,$0,$0,$0,$-0,$-0,$0,$-0,$4,$4,$0,$0,$4,$1,$2,$0
7,2016-10-31,1.58,$0.29,5.41,$1.40,1.13,$-1.95,0.0,$-0.89,0.0,$0.01B,$0.01B,1.45,$0.00B,$0.00B,0.0,$0.01B,$0.00B,28.57%,$0.01B,$-0.01B,-57.14%,$0.01B,$-0.01B,-57.14%,$0.01B,$-0.01B,-50.00%,$0.01B,$-0.01B,-64.29%,$0.01B,$-0.01B,-64.29%,$-0.01B,$0.00B,-450.00%,$-0.01B,$0.00B,-450.00%,$-0.01B,$0.01B,-124.14%,$-0.01B,$0.00B,-400.00%,$4,$2,$2,$1,$2,$5,$-0,$-0,$-1,$-0,$-1,$-1,$-1,$-0,$-0,$11,11,$-0.05,$-0.05,$4,$0,$0,$7,$1,$0,$1,$0,$1,$8,$5,$0,$0,$0,$5,$0,$-66,$0,$3,$8,$-3,$0,$2,$2,$-1,$0,$-1,$0,$-1,$-3,$-0,$0,$0,$0,$0,$0,$0,$-0,$-0,$0,$-0,$4,$4,$0,$0,$4,$2,$2,$0
8,2016-07-31,1.96,$0.29,6.77,$1.33,1.47,$-2.31,0.0,$-1.13,0.0,$0.01B,$0.00B,1.46,$0.00B,$0.00B,0.0,$0.01B,$0.00B,23.08%,$0.01B,$-0.01B,-76.92%,$0.01B,$-0.01B,-76.92%,$0.01B,$-0.01B,-69.23%,$0.01B,$-0.01B,-84.62%,$0.01B,$-0.01B,-84.62%,$-0.01B,$0.00B,-488.89%,$-0.01B,$0.00B,-550.00%,$-0.01B,$0.01B,-151.72%,$-0.01B,$0.00B,-444.44%,$4,$3,$1,$1,$2,$6,$-3,$-0,$-3,$0,$-3,$-3,$-3,$-2,$-3,$10,10,$-0.26,$-0.26,$4,$0,$0,$6,$1,$0,$1,$0,$1,$8,$4,$0,$0,$0,$5,$0,$-65,$0,$3,$8,$-3,$0,$1,$1,$-0,$0,$-0,$-0,$-1,$-2,$-0,$0,$0,$0,$0,$0,$0,$-0,$-0,$0,$-0,$4,$4,$0,$0,$4,$2,$1,$0
