,Date,Stock Price,Book Value per Share,Price to Book Ratio,TTM Sales per Share,Price to Sales Ratio,TTM FCF per Share,Price to FCF Ratio,TTM Net EPS,PE Ratio,Current Assets,Current Liabilities,Current Ratio,Long Term Debt,Shareholder's Equity_x,Debt to Equity Ratio,TTM Revenue_x,TTM Gross Profit,Gross Margin,TTM Revenue_y,TTM Operating Income,Operating Margin,TTM Revenue_x,TTM EBIT,EBIT Margin,TTM Revenue_y,TTM EBITDA,EBITDA Margin,TTM Revenue_x,TTM Pre-Tax Income,Pre-Tax Margin,TTM Revenue_y,TTM Net Income_x,Net Margin,TTM Net Income_y,Shareholder's Equity_y,Return on Equity,TTM Net Income_x,Tangible Equity,Return on Tangible Equity,TTM Net Income_y,Total Assets,Return on Assets,TTM Net Income,LT Investments & Debt,Return on Investment,revenue,cost-goods-sold,gross-profit,research-development-expenses,selling-general-administrative-expenses,operating-expenses,operating-income,total-non-operating-income-expense,pre-tax-income,total-provision-income-taxes,income-after-taxes,income-from-continuous-operations,net-income,ebitda,ebit,basic-shares-outstanding,shares-outstanding,eps-basic-net-earnings-per-share,eps-earnings-per-share-diluted,cash-on-hand,inventory,other-current-assets,total-current-assets,net-property-plant-equipment,long-term-investments,goodwill-intangible-assets-total,other-long-term-assets,total-long-term-assets,total-assets,total-current-liabilities,long-term-debt,other-non-current-liabilities,total-long-term-liabilities,total-liabilities,common-stock-net,retained-earnings-accumulated-deficit,comprehensive-income,total-share-holder-equity,total-liabilities-share-holders-equity,net-income-loss,total-depreciation-amortization-cash-flow,other-non-cash-items,total-non-cash-items,change-in-accounts-receivable,change-in-inventories,change-in-accounts-payable,change-in-assets-liabilities,total-change-in-assets-liabilities,cash-flow-from-operating-activities,net-change-in-property-plant-equipment,net-change-in-intangible-assets,net-acquisitions-divestitures,net-change-in-short-term-investments,net-change-in-long-term-investments,net-change-in-investments-total,investing-activities-other,cash-flow-from-investing-activities,net-long-term-debt,net-current-debt,debt-issuance-retirement-net-total,net-common-equity-issued-repurchased,net-total-equity-issued-repurchased,total-common-preferred-stock-dividends-paid,financial-activities-other,cash-flow-from-financial-activities,net-cash-flow,stock-based-compensation,common-stock-dividends-paid
0,2018-10-31,45.75,$9.71,4.71,$10.45,4.38,$6.65,6.87,$0.36,127.08,$55.69B,$26.41B,2.11,$18.32B,$43.85B,0.42,$50.27B,$31.33B,62.32%,$50.27B,$13.36B,26.57%,$50.27B,$13.36B,26.57%,$50.27B,$15.45B,30.73%,$50.27B,$13.99B,27.82%,$50.27B,$1.27B,2.52%,$1.27B,$43.85B,2.72%,$1.27B,$7.75B,10.51%,$1.27B,$105.43B,1.10%,$13.36B,$62.17B,19.77%,$13072,$4926,$8146,$1608,$2621,$9267,$3805,$104,$3909,$360,$3549,$3549,$3549,$4270,$3805,$4565,4614,$0.78,$0.77,$42593,$1572,$2134,$55686,$2956,$0,$36102,$6041,$49743,$105429,$26414,$18323,$9667,$35167,$61581,$41897,$3169,$-1218,$43848,$105429,$3549,$465,$346,$811,$892,$-34,$-153,$-517,$-597,$3763,$-210,$0,$-1964,$0,$4849,$4849,$0,$2675,$0,$0,$0,$-5386,$-5386,$-1500,$-59,$-6945,$-507,$403,$-1500
1,2018-07-31,42.29,$9.36,4.52,$10.05,4.21,$6.47,6.54,$0.07,604.14,$61.84B,$27.04B,2.29,$20.33B,$43.20B,0.47,$49.33B,$30.61B,62.04%,$49.33B,$12.31B,24.95%,$49.33B,$12.31B,24.95%,$49.33B,$14.50B,29.40%,$49.33B,$13.04B,26.43%,$49.33B,$0.11B,0.22%,$0.11B,$43.20B,0.21%,$0.11B,$8.95B,0.60%,$0.11B,$108.78B,0.09%,$12.31B,$63.54B,16.45%,$12844,$4922,$7922,$1626,$2891,$9498,$3346,$246,$3592,$-211,$3803,$3803,$3803,$3862,$3346,$4837,4881,$0.76,$0.76,$46548,$1846,$2940,$61837,$3006,$0,$34258,$4801,$46947,$108784,$27035,$20331,$10019,$38545,$65580,$42820,$1233,$-849,$43204,$108784,$110,$2192,$2020,$4212,$-269,$-244,$504,$1135,$9344,$13666,$-775,$0,$-2979,$0,$19091,$19091,$-13,$15324,$-5498,$-2502,$-8000,$-17627,$-17627,$-5968,$-169,$-31764,$-2774,$1576,$-5968
2,2018-04-30,43.95,$9.86,4.46,$9.82,4.48,$6.39,6.88,$-0.26,0.0,$67.14B,$28.64B,2.34,$20.34B,$46.66B,0.44,$48.62B,$30.23B,62.18%,$48.62B,$12.00B,24.68%,$48.62B,$12.00B,24.68%,$48.62B,$14.25B,29.31%,$48.62B,$12.63B,25.97%,$48.62B,$-1.27B,-2.61%,$-1.27B,$46.66B,-2.20%,$-1.27B,$12.33B,-5.18%,$-1.27B,$114.01B,-1.00%,$12.00B,$67.00B,14.64%,$12463,$4704,$7759,$1590,$2886,$9329,$3134,$119,$3253,$562,$2691,$2691,$2691,$3698,$3134,$4791,4844,$0.56,$0.56,$54431,$1900,$1668,$67141,$3082,$0,$34335,$4535,$46867,$114008,$28642,$20336,$10717,$38705,$67347,$43556,$3709,$-604,$46661,$114008,$-3693,$1676,$1934,$3610,$1064,$-289,$148,$-122,$9649,$9566,$-566,$0,$-2762,$0,$10586,$10586,$-3,$7255,$-2998,$-2502,$-5500,$-11785,$-11785,$-4433,$-92,$-21810,$-4989,$1184,$-4433
3,2018-01-31,40.89,$10.68,3.83,$9.61,4.25,$6.34,6.45,$-0.32,0.0,$86.05B,$35.36B,2.43,$25.63B,$51.98B,0.49,$48.10B,$29.99B,62.35%,$48.10B,$12.03B,25.02%,$48.10B,$12.03B,25.02%,$48.10B,$14.28B,29.69%,$48.10B,$12.57B,26.12%,$48.10B,$-1.45B,-3.00%,$-1.45B,$51.98B,-2.32%,$-1.45B,$19.12B,-4.87%,$-1.45B,$131.51B,-1.12%,$12.03B,$77.61B,13.58%,$11887,$4389,$7498,$1549,$2718,$8814,$3073,$159,$3232,$12010,$-8778,$-8778,$-8778,$3619,$3073,$4924,4924,$-1.78,$-1.78,$73683,$1896,$1583,$86050,$3113,$0,$32865,$4569,$45460,$131510,$35364,$25625,$10853,$44164,$79528,$44535,$7364,$83,$51982,$131510,$-6384,$1112,$1589,$2701,$1236,$-276,$-338,$154,$10833,$7150,$-328,$0,$-727,$0,$2557,$2557,$-7,$1495,$647,$5095,$5742,$-5588,$-5588,$-2861,$-22,$-2729,$5916,$785,$-2861
4,2017-10-31,33.37,$13.24,2.52,$9.50,3.51,$6.14,5.44,$1.93,17.29,$84.08B,$29.28B,2.87,$25.68B,$65.55B,0.39,$47.79B,$29.77B,62.29%,$47.79B,$11.85B,24.80%,$47.79B,$11.85B,24.80%,$47.79B,$14.11B,29.52%,$47.79B,$12.30B,25.73%,$47.79B,$9.68B,20.26%,$9.68B,$65.55B,14.84%,$9.68B,$32.64B,28.79%,$9.68B,$130.52B,7.56%,$11.85B,$91.23B,12.78%,$12136,$4709,$7427,$1567,$2891,$9380,$2756,$206,$2962,$568,$2394,$2394,$2394,$3322,$2756,$4959,4994,$0.48,$0.48,$71588,$1693,$1555,$84080,$3202,$0,$32910,$5454,$46442,$130522,$29284,$25684,$2359,$35688,$64972,$44872,$20647,$31,$65550,$130522,$2394,$566,$497,$1063,$957,$-80,$-235,$-385,$-377,$3080,$-167,$0,$-725,$0,$-1603,$-1603,$-10,$-2505,$4734,$-2498,$2236,$-2019,$-2019,$-1436,$-31,$-1250,$-675,$392,$-1436
5,2017-07-31,30.47,$13.27,2.3,$9.51,3.21,$6.04,5.04,$1.91,15.95,$83.70B,$27.58B,3.04,$25.73B,$66.14B,0.39,$48.01B,$30.22B,62.96%,$48.01B,$11.97B,24.94%,$48.01B,$11.97B,24.94%,$48.01B,$14.26B,29.70%,$48.01B,$12.29B,25.60%,$48.01B,$9.61B,20.02%,$9.61B,$66.14B,14.85%,$9.61B,$33.83B,28.23%,$9.61B,$129.82B,7.56%,$11.97B,$91.86B,12.81%,$12133,$4587,$7546,$1499,$2813,$9099,$3034,$146,$3180,$756,$2424,$2424,$2424,$3612,$3034,$5010,5049,$0.49,$0.47,$70492,$1616,$1593,$83703,$3322,$0,$32305,$5750,$46115,$129818,$27583,$25725,$2700,$36098,$63681,$45253,$20838,$46,$66137,$129818,$9609,$2286,$1395,$3681,$756,$-394,$311,$-37,$586,$13876,$-957,$0,$-3324,$0,$-1751,$-1751,$39,$-5993,$2829,$2497,$5326,$-3596,$-3596,$-5511,$-25,$-3806,$4077,$1526,$-5511
6,2017-04-30,32.7,$13.08,2.5,$9.59,3.41,$5.93,5.51,$1.99,16.43,$79.96B,$22.72B,3.52,$28.22B,$65.38B,0.43,$48.51B,$30.65B,63.19%,$48.51B,$12.24B,25.24%,$48.51B,$12.24B,25.24%,$48.51B,$14.55B,30.00%,$48.51B,$12.50B,25.77%,$48.51B,$10.00B,20.61%,$10.00B,$65.38B,15.61%,$10.00B,$33.16B,29.24%,$10.00B,$125.95B,8.00%,$12.24B,$93.60B,13.23%,$11940,$4422,$7518,$1507,$2713,$8771,$3169,$22,$3191,$676,$2515,$2515,$2515,$3729,$3169,$5005,5045,$0.50,$0.50,$67974,$1366,$1348,$79962,$3395,$0,$32220,$5805,$45988,$125950,$22718,$28222,$2650,$37850,$60568,$45003,$20721,$-342,$65382,$125950,$7185,$1708,$1050,$2758,$1253,$-149,$149,$-1055,$-68,$9875,$-750,$0,$-3211,$0,$-2762,$-2762,$35,$-6688,$2081,$2000,$4081,$-2595,$-2595,$-4063,$-125,$-2702,$485,$1124,$-4063
7,2017-01-31,29.23,$12.75,2.29,$9.59,3.05,$5.88,4.98,$1.95,14.99,$83.39B,$22.71B,3.67,$30.47B,$63.82B,0.48,$48.57B,$30.86B,63.53%,$48.57B,$12.06B,24.82%,$48.57B,$12.06B,24.82%,$48.57B,$14.35B,29.54%,$48.57B,$12.39B,25.52%,$48.57B,$9.83B,20.24%,$9.83B,$63.82B,15.53%,$9.83B,$34.88B,28.82%,$9.83B,$126.25B,7.98%,$12.06B,$94.29B,13.28%,$11580,$4304,$7276,$1508,$2678,$8687,$2893,$70,$2963,$615,$2348,$2348,$2348,$3442,$2893,$5015,5040,$0.47,$0.47,$71845,$1264,$1329,$83392,$3422,$0,$28939,$5831,$42856,$126248,$22708,$30471,$2408,$39722,$62430,$44585,$20027,$-801,$63818,$126248,$4670,$1148,$680,$1828,$1396,$-51,$-98,$-569,$4,$6502,$-521,$0,$-251,$0,$-4216,$-4216,$10,$-4978,$6231,$300,$6531,$-2037,$-2037,$-2612,$-139,$1743,$3267,$724,$-2612
8,2016-10-31,28.94,$12.62,2.29,$9.63,3.01,$5.89,4.91,$2.10,13.78,$83.14B,$23.22B,3.58,$30.63B,$63.41B,0.48,$48.92B,$31.01B,63.40%,$48.92B,$12.46B,25.47%,$48.92B,$12.46B,25.47%,$48.92B,$14.70B,30.05%,$48.92B,$12.74B,26.04%,$48.92B,$10.63B,21.73%,$10.63B,$63.41B,16.99%,$10.63B,$34.29B,31.45%,$10.63B,$126.29B,8.87%,$12.46B,$94.05B,14.18%,$12352,$4468,$7884,$1545,$2973,$9475,$2877,$76,$2953,$631,$2322,$2322,$2322,$3476,$2877,$5027,5066,$0.46,$0.46,$70968,$1176,$1651,$83141,$3499,$0,$29120,$5743,$43146,$126287,$23217,$30634,$2287,$39657,$62874,$44236,$19694,$-524,$63413,$126287,$2322,$599,$486,$1085,$1049,$44,$-63,$-934,$-677,$2730,$-273,$0,$-251,$0,$-4895,$-4895,$23,$-5396,$6231,$0,$6231,$-1336,$-1336,$-1308,$31,$3618,$952,$372,$-1308
9,2016-07-31,28.57,$12.64,2.26,$9.67,2.95,$5.90,4.85,$2.12,13.47,$78.72B,$24.91B,3.16,$24.48B,$63.59B,0.39,$49.25B,$30.96B,62.87%,$49.25B,$12.66B,25.71%,$49.25B,$12.66B,25.71%,$49.25B,$14.81B,30.07%,$49.25B,$12.92B,26.24%,$49.25B,$10.74B,21.81%,$10.74B,$63.59B,17.40%,$10.74B,$34.46B,32.12%,$10.74B,$121.65B,9.24%,$12.66B,$88.07B,14.94%,$12638,$4663,$7975,$1601,$2976,$9335,$3303,$91,$3394,$581,$2813,$2813,$2813,$3907,$3303,$5053,5088,$0.56,$0.55,$65756,$1217,$1627,$78719,$3506,$0,$29126,$6143,$42933,$121652,$24911,$24483,$2356,$33156,$58067,$44516,$19396,$-326,$63585,$121652,$10739,$2150,$809,$2959,$-404,$315,$-65,$427,$-128,$13570,$-1105,$0,$-2789,$0,$-4032,$-4032,$-191,$-8117,$3115,$-4,$3111,$-3339,$-3339,$-4750,$279,$-4699,$754,$1458,$-4750
10,2016-04-30,25.49,$12.39,2.06,$9.69,2.63,$5.65,4.51,$2.01,12.68,$78.57B,$24.00B,3.27,$24.43B,$62.36B,0.39,$49.45B,$30.72B,62.12%,$49.45B,$12.24B,24.75%,$49.45B,$12.24B,24.75%,$49.45B,$14.43B,29.17%,$49.45B,$12.46B,25.19%,$49.45B,$10.25B,20.72%,$10.25B,$62.36B,16.87%,$10.25B,$32.85B,31.02%,$10.25B,$118.65B,8.98%,$12.24B,$86.79B,14.74%,$12000,$4279,$7721,$1626,$3013,$9016,$2984,$99,$3083,$734,$2349,$2349,$2349,$3525,$2984,$5032,5065,$0.47,$0.46,$63512,$1343,$2230,$78571,$3529,$0,$29506,$3148,$40083,$118654,$24003,$24431,$2252,$32293,$56296,$44137,$18448,$-227,$62358,$118654,$7926,$1546,$921,$2467,$1412,$189,$-114,$-1087,$-641,$9752,$-869,$0,$-3161,$0,$-898,$-898,$177,$-4751,$3115,$-4,$3111,$-2852,$-2852,$-3441,$199,$-2983,$2018,$1101,$-3441
11,2016-01-31,21.86,$12.05,1.81,$9.67,2.26,$5.36,4.08,$2.02,10.82,$75.01B,$22.80B,3.29,$21.59B,$60.88B,0.36,$49.59B,$30.52B,61.55%,$49.59B,$12.18B,24.56%,$49.59B,$12.18B,24.56%,$49.59B,$14.40B,29.03%,$49.59B,$12.41B,25.03%,$49.59B,$10.33B,20.84%,$10.33B,$60.88B,17.26%,$10.33B,$33.60B,31.53%,$10.33B,$112.64B,9.31%,$12.18B,$82.47B,15.19%,$11927,$4495,$7432,$1509,$2462,$8633,$3294,$12,$3306,$159,$3147,$3147,$3147,$3792,$3294,$5070,5097,$0.62,$0.62,$60375,$1362,$1618,$75005,$3386,$0,$27280,$3068,$37637,$112642,$22799,$21591,$1985,$28965,$51764,$43857,$17821,$-807,$60878,$112642,$5577,$1005,$669,$1674,$988,$153,$-147,$-445,$-563,$6688,$-565,$0,$-717,$0,$-1018,$-1018,$-87,$-2387,$-862,$-4,$-866,$-2055,$-2055,$-2133,$190,$-4864,$-563,$706,$-2133
12,2015-10-31,26.29,$11.80,2.23,$9.65,2.73,$5.09,5.16,$1.86,14.14,$73.95B,$22.10B,3.35,$21.59B,$59.99B,0.36,$49.60B,$30.18B,60.85%,$49.60B,$11.51B,23.20%,$49.60B,$11.51B,23.20%,$49.60B,$13.86B,27.94%,$49.60B,$11.98B,24.15%,$49.60B,$9.58B,19.32%,$9.58B,$59.99B,16.22%,$9.58B,$32.81B,29.93%,$9.58B,$111.77B,8.79%,$11.51B,$81.58B,14.59%,$12682,$4850,$7832,$1560,$2982,$9603,$3079,$58,$3137,$707,$2430,$2430,$2430,$3586,$3079,$5080,5113,$0.48,$0.48,$59107,$1482,$1433,$73946,$3346,$0,$27174,$3270,$37827,$111773,$22100,$21594,$2753,$29688,$51788,$43643,$16586,$-252,$59985,$111773,$2430,$507,$499,$1006,$631,$130,$4,$-686,$-670,$2766,$-256,$0,$-614,$0,$-69,$-69,$-11,$-950,$-852,$-4,$-856,$-1207,$-1207,$-1068,$196,$-2935,$-1119,$376,$-1068
13,2015-07-31,25.69,$11.74,2.19,$9.54,2.69,$5.03,5.11,$1.73,14.85,$73.37B,$23.41B,3.13,$21.46B,$59.71B,0.36,$49.16B,$29.68B,60.38%,$49.16B,$10.77B,21.91%,$49.16B,$10.77B,21.91%,$49.16B,$13.21B,26.87%,$49.16B,$11.20B,22.78%,$49.16B,$8.98B,18.27%,$8.98B,$59.71B,15.42%,$8.98B,$32.86B,28.84%,$8.98B,$113.37B,8.38%,$10.77B,$81.16B,13.88%,$12843,$5110,$7733,$1548,$3085,$9962,$2881,$52,$2933,$614,$2319,$2319,$2319,$3524,$2881,$5104,5146,$0.45,$0.47,$60416,$1627,$1490,$73368,$3332,$0,$26845,$5970,$40005,$113373,$23412,$21457,$3438,$30254,$53666,$43592,$16045,$61,$59707,$113373,$8981,$2442,$1165,$3607,$-413,$-116,$87,$346,$-36,$12552,$-1205,$0,$-326,$0,$-8379,$-8379,$-178,$-10088,$4473,$-4,$4469,$-2810,$-2810,$-4086,$114,$-2313,$151,$1440,$-4086
14,2015-04-30,25.87,$11.55,2.24,$9.39,2.76,$4.96,5.21,$1.71,15.13,$69.33B,$23.25B,2.98,$16.59B,$58.83B,0.28,$48.68B,$29.35B,60.30%,$48.68B,$10.57B,21.72%,$48.68B,$10.57B,21.72%,$48.68B,$13.00B,26.70%,$48.68B,$11.05B,22.69%,$48.68B,$8.91B,18.30%,$8.91B,$58.83B,15.50%,$8.91B,$31.81B,29.49%,$8.91B,$106.21B,8.48%,$10.57B,$75.42B,13.81%,$12137,$4612,$7525,$1547,$2959,$9212,$2925,$110,$3035,$598,$2437,$2437,$2437,$3495,$2925,$5102,5148,$0.48,$0.47,$54419,$1760,$1476,$69331,$3276,$0,$27024,$3075,$36881,$106212,$23245,$16586,$2738,$24134,$47379,$43133,$15503,$187,$58833,$106212,$6662,$1799,$1231,$3030,$97,$-235,$101,$-406,$-1278,$8414,$-899,$0,$-238,$0,$-4976,$-4976,$-115,$-6228,$-507,$496,$-11,$-2156,$-2156,$-3017,$142,$-5042,$-2856,$1044,$-3017
15,2015-01-31,23.47,$11.30,2.08,$9.26,2.54,$5.03,4.66,$1.66,14.14,$67.88B,$20.03B,3.39,$19.67B,$57.73B,0.34,$48.08B,$28.83B,59.97%,$48.08B,$10.19B,21.19%,$48.08B,$10.19B,21.19%,$48.08B,$12.65B,26.31%,$48.08B,$10.65B,22.16%,$48.08B,$8.65B,18.00%,$8.65B,$57.73B,15.25%,$8.65B,$30.60B,29.51%,$8.65B,$104.92B,8.32%,$10.19B,$77.40B,13.28%,$11936,$4846,$7090,$1529,$2798,$9314,$2622,$251,$2873,$476,$2397,$2397,$2397,$3252,$2622,$5117,5160,$0.47,$0.46,$53022,$1890,$1565,$67882,$3212,$0,$27137,$3142,$37040,$104922,$20034,$19667,$2836,$27155,$47189,$42685,$14847,$186,$57733,$104922,$4225,$1229,$859,$2088,$501,$-340,$-32,$-150,$-939,$5374,$-545,$0,$-217,$0,$-2765,$-2765,$-109,$-3636,$-506,$-4,$-510,$-1403,$-1403,$-1947,$193,$-3667,$-1929,$677,$-1947
16,2014-10-31,21.64,$11.10,1.95,$9.04,2.39,$5.06,4.28,$1.47,14.72,$66.40B,$20.06B,3.31,$19.62B,$56.72B,0.35,$47.30B,$27.70B,58.55%,$47.30B,$9.23B,19.52%,$47.30B,$9.23B,19.52%,$47.30B,$11.68B,24.69%,$47.30B,$9.54B,20.16%,$47.30B,$7.69B,16.25%,$7.69B,$56.72B,13.65%,$7.69B,$29.29B,26.73%,$7.69B,$103.98B,7.51%,$9.23B,$76.33B,12.39%,$12245,$4912,$7333,$1583,$3019,$9903,$2342,$18,$2360,$532,$1828,$1828,$1828,$2941,$2342,$5112,5156,$0.36,$0.35,$52107,$1676,$1284,$66396,$3233,$0,$27430,$3228,$37582,$103978,$20056,$19615,$3297,$27207,$47263,$41984,$14273,$451,$56715,$103978,$1828,$599,$606,$1205,$723,$-107,$-5,$-260,$-542,$2491,$-282,$0,$-184,$0,$-2413,$-2413,$2,$-2877,$-3,$-4,$-7,$-1077,$-1077,$-973,$104,$-1953,$-2339,$369,$-973
17,2014-07-31,22.14,$11.09,2.0,$8.89,2.49,$5.09,4.35,$1.49,14.86,$67.11B,$19.81B,3.39,$20.34B,$56.66B,0.36,$47.14B,$27.77B,58.91%,$47.14B,$9.35B,19.82%,$47.14B,$9.35B,19.82%,$47.14B,$11.78B,25.00%,$47.14B,$9.72B,20.61%,$47.14B,$7.85B,16.66%,$7.85B,$56.66B,13.81%,$7.85B,$29.14B,26.85%,$7.85B,$105.07B,7.74%,$9.35B,$77.00B,12.74%,$12357,$4952,$7405,$1593,$2981,$9676,$2681,$97,$2778,$531,$2247,$2247,$2247,$3309,$2681,$5234,5281,$0.44,$0.43,$52074,$1591,$1331,$67114,$3252,$0,$27519,$3267,$37956,$105070,$19809,$20337,$3599,$28600,$48409,$41884,$14093,$677,$56661,$105070,$7853,$2439,$332,$2771,$340,$-109,$-23,$1351,$1708,$12332,$-1043,$0,$-2989,$0,$-2635,$-2635,$24,$-6643,$4705,$-2,$4703,$-7936,$-7936,$-3758,$103,$-6888,$-1199,$1348,$-3758
18,2014-04-30,20.13,$10.91,1.85,$8.86,2.27,$5.16,3.9,$1.48,13.6,$64.29B,$18.52B,3.47,$20.38B,$55.80B,0.37,$47.20B,$27.71B,58.71%,$47.20B,$9.48B,20.08%,$47.20B,$9.48B,20.08%,$47.20B,$11.90B,25.21%,$47.20B,$9.81B,20.78%,$47.20B,$7.88B,16.69%,$7.88B,$55.80B,13.70%,$7.88B,$28.26B,25.90%,$7.88B,$101.86B,7.83%,$9.48B,$76.18B,13.14%,$11545,$4539,$7006,$1565,$2802,$9003,$2542,$100,$2642,$461,$2181,$2181,$2181,$3150,$2542,$5143,5180,$0.42,$0.42,$50469,$1528,$1273,$64288,$3310,$0,$27537,$3184,$37568,$101856,$18515,$20384,$3208,$27545,$46060,$41241,$13849,$697,$55796,$101856,$5606,$1811,$564,$2375,$1064,$-50,$-2,$494,$739,$8720,$-782,$0,$-2784,$0,$-1542,$-1542,$-30,$-5138,$4727,$-2,$4725,$-7257,$-7257,$-2784,$50,$-5266,$-1684,$1009,$-2784
19,2014-01-31,18.93,$10.80,1.75,$8.90,2.13,$5.13,3.69,$1.52,12.45,$60.69B,$22.94B,2.65,$12.39B,$56.08B,0.22,$47.87B,$28.22B,58.94%,$47.87B,$9.88B,20.63%,$47.87B,$9.88B,20.63%,$47.87B,$12.31B,25.71%,$47.87B,$10.11B,21.12%,$47.87B,$8.17B,17.07%,$8.17B,$56.08B,14.16%,$8.17B,$28.31B,26.13%,$8.17B,$98.43B,8.23%,$9.88B,$68.47B,14.00%,$11155,$5204,$5951,$1412,$2728,$9488,$1667,$88,$1755,$326,$1429,$1429,$1429,$2279,$1667,$5294,5327,$0.27,$0.27,$47065,$1548,$1263,$60689,$3234,$0,$27779,$3097,$37738,$98427,$22944,$12385,$3120,$19399,$42343,$41438,$13928,$703,$56084,$98427,$3425,$1203,$450,$1653,$1134,$-77,$-161,$796,$444,$5522,$-413,$0,$-2784,$0,$1013,$1013,$-6,$-2190,$-18,$998,$980,$-5152,$-5152,$-1810,$64,$-5918,$-2586,$656,$-1810
20,2013-10-31,19.34,$11.01,1.76,$9.06,2.13,$5.16,3.75,$1.84,10.51,$62.80B,$21.73B,2.89,$12.95B,$58.91B,0.22,$48.82B,$29.61B,60.65%,$48.82B,$11.00B,22.53%,$48.82B,$11.00B,22.53%,$48.82B,$13.44B,27.52%,$48.82B,$11.14B,22.81%,$48.82B,$9.89B,20.25%,$9.89B,$58.91B,17.17%,$9.89B,$31.27B,31.03%,$9.89B,$100.74B,10.00%,$11.00B,$71.86B,15.41%,$12085,$4678,$7407,$1724,$2926,$9630,$2455,$85,$2540,$544,$1996,$1996,$1996,$3046,$2455,$5378,5430,$0.37,$0.37,$48201,$1466,$1476,$62796,$3273,$0,$27639,$3140,$37945,$100741,$21728,$12947,$3162,$20104,$41832,$42166,$15959,$772,$58909,$100741,$1996,$591,$299,$890,$361,$22,$-29,$258,$-237,$2649,$-159,$0,$-2447,$0,$-145,$-145,$-4,$-2755,$4,$-2,$2,$-1740,$-1740,$-914,$87,$-2565,$-2671,$309,$-914
21,2013-07-31,21.78,$10.97,1.98,$9.06,2.4,$5.12,4.25,$1.86,11.71,$65.52B,$22.00B,2.98,$12.93B,$59.13B,0.22,$48.61B,$29.44B,60.57%,$48.61B,$11.20B,23.03%,$48.61B,$11.20B,23.03%,$48.61B,$13.66B,28.09%,$48.61B,$11.23B,23.10%,$48.61B,$9.98B,20.54%,$9.98B,$59.13B,17.81%,$9.98B,$33.81B,31.95%,$9.98B,$101.19B,10.31%,$11.20B,$72.06B,15.85%,$12417,$5070,$7347,$1517,$2950,$9603,$2814,$57,$2871,$601,$2270,$2270,$2270,$3423,$2814,$5329,5380,$0.42,$0.42,$50610,$1476,$1312,$65521,$3322,$0,$25322,$3115,$35670,$101191,$21996,$12928,$2978,$20067,$42063,$42297,$16215,$608,$59128,$101191,$9983,$2460,$944,$3404,$-1001,$218,$164,$231,$-493,$12894,$-1019,$0,$-6766,$0,$-3916,$-3916,$-67,$-11768,$8,$-20,$-12,$235,$235,$-3310,$87,$-3000,$-1874,$1120,$-3310
22,2013-04-30,17.68,$10.69,1.65,$8.92,1.98,$4.84,3.65,$1.80,9.82,$61.42B,$21.06B,2.92,$12.96B,$56.80B,0.23,$47.88B,$29.18B,60.94%,$47.88B,$10.75B,22.46%,$47.88B,$10.75B,22.46%,$47.88B,$13.00B,27.14%,$47.88B,$10.74B,22.44%,$47.88B,$9.63B,20.11%,$9.63B,$56.80B,17.81%,$9.63B,$31.75B,31.18%,$9.63B,$97.08B,10.19%,$10.75B,$69.75B,15.47%,$12216,$4705,$7511,$1542,$2905,$9274,$2942,$3,$2945,$467,$2478,$2478,$2478,$3561,$2942,$5329,5387,$0.47,$0.46,$47388,$1469,$1363,$61417,$3330,$0,$25048,$3451,$35667,$97084,$21063,$12956,$2637,$19223,$40286,$40431,$15668,$689,$56798,$97084,$7713,$1851,$858,$2709,$-439,$238,$91,$-714,$-1514,$8908,$-786,$0,$-6371,$0,$-3486,$-3486,$-10,$-10653,$0,$-20,$-20,$-610,$-610,$-2392,$90,$-2932,$-4677,$880,$-2392
23,2013-01-31,17.25,$10.43,1.65,$8.77,1.97,$4.72,3.65,$1.74,9.91,$60.73B,$17.95B,3.38,$16.25B,$55.53B,0.29,$47.25B,$28.84B,61.03%,$47.25B,$10.56B,22.35%,$47.25B,$10.56B,22.35%,$47.25B,$12.82B,27.12%,$47.25B,$10.58B,22.38%,$47.25B,$9.32B,19.72%,$9.32B,$55.53B,17.67%,$9.32B,$30.62B,30.05%,$9.32B,$96.38B,10.02%,$10.56B,$71.78B,15.31%,$12098,$4755,$7343,$1452,$2971,$9309,$2789,$-9,$2780,$-363,$3143,$3143,$3143,$3406,$2789,$5318,5357,$0.59,$0.59,$46376,$1574,$2122,$60725,$3403,$0,$24903,$3510,$35653,$96378,$17950,$16254,$2436,$22903,$40853,$39970,$14647,$898,$55525,$96378,$5235,$1232,$719,$1951,$100,$194,$-17,$-44,$-1372,$5814,$-518,$0,$-6035,$0,$-639,$-639,$-4,$-7196,$0,$4,$4,$-205,$-205,$-1487,$118,$-1570,$-2952,$608,$-1487
24,2012-10-31,14.27,$9.92,1.44,$8.65,1.65,$4.64,3.08,$1.55,9.21,$57.91B,$17.11B,3.38,$16.27B,$52.70B,0.31,$46.68B,$28.56B,61.18%,$46.68B,$10.51B,22.51%,$46.68B,$10.51B,22.51%,$46.68B,$12.71B,27.22%,$46.68B,$10.55B,22.59%,$46.68B,$8.36B,17.90%,$8.36B,$52.70B,16.33%,$8.36B,$28.81B,27.05%,$8.36B,$92.64B,9.16%,$10.51B,$68.97B,15.58%,$11876,$4637,$7239,$1431,$2976,$9225,$2651,$-20,$2631,$539,$2092,$2092,$2092,$3266,$2651,$5301,5334,$0.39,$0.39,$45000,$1709,$1277,$57907,$3409,$0,$23892,$3740,$34736,$92643,$17114,$16272,$2654,$22828,$39942,$39290,$12563,$833,$52701,$92643,$2092,$615,$445,$1060,$615,$42,$-19,$-594,$-687,$2465,$-241,$0,$-4912,$0,$-1375,$-1375,$-2,$-6530,$0,$23,$23,$-269,$-269,$-744,$29,$-961,$-5026,$306,$-744
25,2012-07-31,13.18,$9.68,1.36,$8.50,1.55,$4.60,2.86,$1.49,8.84,$61.93B,$17.73B,3.49,$16.30B,$51.30B,0.32,$46.06B,$28.21B,61.24%,$46.06B,$10.07B,21.85%,$46.06B,$10.07B,21.85%,$46.06B,$12.27B,26.65%,$46.06B,$10.16B,22.06%,$46.06B,$8.04B,17.46%,$8.04B,$51.30B,16.15%,$8.04B,$32.34B,26.19%,$8.04B,$91.76B,8.96%,$10.07B,$67.60B,15.23%,$11690,$4605,$7085,$1416,$3128,$9319,$2371,$15,$2386,$469,$1917,$1917,$1917,$2763,$2371,$5370,5404,$0.36,$0.36,$48716,$1663,$1230,$61933,$3402,$0,$18957,$3882,$29826,$91759,$17731,$16297,$2402,$22727,$40458,$39271,$11354,$661,$51301,$91759,$8041,$2208,$1440,$3648,$272,$-287,$-7,$-493,$-198,$11491,$-1076,$0,$-375,$0,$-2480,$-2480,$116,$-3815,$0,$-557,$-557,$-3388,$-3388,$-1501,$-93,$-5539,$2137,$1401,$-1501
26,2012-04-30,16.57,$9.54,1.74,$8.35,1.98,$4.28,3.88,$1.35,12.28,$61.21B,$17.12B,3.58,$16.29B,$51.38B,0.32,$45.57B,$27.99B,61.42%,$45.57B,$9.15B,20.08%,$45.57B,$9.15B,20.08%,$45.57B,$11.64B,25.54%,$45.57B,$9.24B,20.28%,$45.57B,$7.36B,16.14%,$7.36B,$51.38B,15.08%,$7.36B,$32.24B,24.86%,$7.36B,$91.15B,8.30%,$9.15B,$67.66B,14.07%,$11588,$4419,$7169,$1358,$2945,$8838,$2750,$29,$2779,$614,$2165,$2165,$2165,$3381,$2750,$5388,5456,$0.40,$0.40,$48412,$1497,$1510,$61212,$3634,$0,$19140,$3650,$29942,$91154,$17124,$16286,$2286,$22652,$39776,$39510,$10869,$978,$51378,$91154,$6124,$1816,$1057,$2873,$660,$-113,$34,$-875,$-594,$8403,$-830,$0,$-333,$0,$-5256,$-5256,$175,$-6244,$0,$-505,$-505,$-1753,$-1753,$-1076,$-26,$-3360,$-1201,$1032,$-1076
27,2012-01-31,16.09,$9.16,1.76,$8.19,1.96,$4.03,3.99,$1.28,12.57,$59.30B,$17.60B,3.37,$16.30B,$49.27B,0.33,$44.84B,$27.48B,61.27%,$44.84B,$8.58B,19.14%,$44.84B,$8.58B,19.14%,$44.84B,$11.01B,24.56%,$44.84B,$8.66B,19.32%,$44.84B,$7.00B,15.61%,$7.00B,$49.27B,14.66%,$7.00B,$30.19B,24.61%,$7.00B,$89.26B,8.03%,$8.58B,$65.56B,13.42%,$11527,$4462,$7065,$1339,$2892,$8793,$2734,$15,$2749,$567,$2182,$2182,$2182,$3298,$2734,$5368,5401,$0.41,$0.40,$46742,$1590,$1441,$59298,$3711,$0,$19077,$3701,$29961,$89259,$17598,$16299,$2169,$22396,$39994,$38906,$9490,$850,$49265,$89259,$3959,$1185,$724,$1909,$761,$-194,$-78,$-561,$-434,$5434,$-549,$0,$-109,$0,$-1587,$-1587,$160,$-2085,$0,$17,$17,$-1702,$-1702,$-644,$-121,$-2450,$899,$695,$-644
28,2011-10-31,15.13,$8.79,1.72,$7.92,1.91,$3.77,4.01,$1.15,13.16,$57.27B,$17.46B,3.28,$16.26B,$47.21B,0.34,$43.72B,$26.67B,61.00%,$43.72B,$7.53B,17.23%,$43.72B,$7.53B,17.23%,$43.72B,$10.09B,23.07%,$43.72B,$7.65B,17.48%,$43.72B,$6.34B,14.49%,$6.34B,$47.21B,13.53%,$6.34B,$28.02B,23.11%,$6.34B,$86.96B,7.42%,$7.53B,$63.48B,12.14%,$11256,$4366,$6890,$1375,$3004,$9046,$2210,$35,$2245,$468,$1777,$1777,$1777,$2831,$2210,$5394,5407,$0.33,$0.33,$44388,$1622,$1499,$57267,$3753,$0,$19192,$3543,$29697,$86964,$17461,$16264,$2073,$22289,$39750,$38297,$7910,$981,$47214,$86964,$1777,$621,$403,$1024,$399,$-168,$36,$-149,$-468,$2333,$-265,$0,$-38,$0,$-2965,$-2965,$77,$-3191,$0,$0,$0,$-1678,$-1678,$-322,$-57,$-2057,$-2915,$341,$-322
29,2011-07-31,12.99,$8.70,1.49,$7.73,1.68,$3.63,3.58,$1.16,11.2,$57.23B,$17.51B,3.27,$16.23B,$47.26B,0.34,$43.22B,$26.54B,61.40%,$43.22B,$7.67B,17.76%,$43.22B,$7.67B,17.76%,$43.22B,$10.16B,23.51%,$43.22B,$7.83B,18.11%,$43.22B,$6.49B,15.02%,$6.49B,$47.26B,14.04%,$6.49B,$27.90B,24.39%,$6.49B,$87.10B,7.76%,$7.67B,$63.49B,12.70%,$11195,$4334,$6861,$1484,$3052,$9739,$1456,$11,$1467,$235,$1232,$1232,$1232,$2129,$1456,$5529,5563,$0.23,$0.23,$44585,$1486,$941,$57231,$3916,$0,$19359,$3101,$29864,$87095,$17506,$16234,$1914,$22330,$39836,$38648,$7284,$1294,$47259,$87095,$6490,$2486,$1268,$3754,$298,$-147,$-28,$-68,$-165,$10079,$-1174,$0,$-266,$0,$-1516,$-1516,$22,$-2934,$996,$512,$1508,$-5065,$-5065,$-658,$151,$-4064,$3081,$1620,$-658
30,2011-04-30,14.2,$8.58,1.65,$7.57,1.87,$3.59,3.95,$1.27,11.18,$55.20B,$16.11B,3.43,$16.17B,$47.21B,0.34,$42.86B,$26.47B,61.76%,$42.86B,$8.54B,19.93%,$42.86B,$8.54B,19.93%,$42.86B,$10.97B,25.60%,$42.86B,$8.78B,20.48%,$42.86B,$7.19B,16.78%,$7.19B,$47.21B,15.82%,$7.19B,$27.62B,27.97%,$7.19B,$85.35B,8.76%,$8.54B,$63.37B,14.57%,$10866,$4207,$6659,$1430,$2912,$8683,$2183,$20,$2203,$396,$1807,$1807,$1807,$2756,$2183,$5508,5537,$0.33,$0.33,$43367,$1442,$3862,$55204,$4023,$0,$19582,$6541,$30146,$85350,$16110,$16168,$1938,$22034,$38144,$38639,$7217,$1307,$47206,$85350,$5258,$1813,$949,$2762,$603,$-105,$-103,$-703,$-765,$7255,$-930,$0,$-266,$0,$-1313,$-1313,$48,$-2461,$1109,$392,$1501,$-4048,$-4048,$-329,$136,$-2740,$2054,$1237,$-329
31,2011-01-31,17.08,$8.26,2.07,$7.38,2.32,$3.52,4.86,$1.31,13.04,$52.07B,$18.51B,2.81,$12.15B,$45.69B,0.27,$42.36B,$26.44B,62.41%,$42.36B,$8.71B,20.55%,$42.36B,$8.71B,20.55%,$42.36B,$11.03B,26.05%,$42.36B,$8.98B,21.19%,$42.36B,$7.58B,17.89%,$7.58B,$45.69B,16.98%,$7.58B,$26.14B,30.62%,$7.58B,$81.98B,9.40%,$8.71B,$57.84B,15.33%,$10407,$4146,$6261,$1478,$2896,$8723,$1684,$46,$1730,$209,$1521,$1521,$1521,$2371,$1684,$5531,5587,$0.27,$0.27,$40229,$1602,$3561,$52066,$4031,$0,$19545,$6339,$29915,$81981,$18505,$12152,$1709,$17790,$36295,$38302,$6363,$976,$45686,$81981,$3451,$1240,$702,$1942,$343,$-270,$-105,$-200,$-1117,$4276,$-652,$0,$-94,$0,$69,$69,$28,$-649,$0,$23,$23,$-3392,$-3392,$0,$85,$-3284,$343,$837,$0
32,2010-10-31,18.46,$8.01,2.3,$7.19,2.57,$3.48,5.31,$1.36,13.57,$50.41B,$18.12B,2.78,$12.21B,$44.70B,0.27,$41.77B,$26.51B,63.47%,$41.77B,$9.39B,22.48%,$41.77B,$9.39B,22.48%,$41.77B,$11.55B,27.64%,$41.77B,$9.60B,22.99%,$41.77B,$7.91B,18.94%,$7.91B,$44.70B,18.15%,$7.91B,$24.78B,32.52%,$7.91B,$80.02B,9.99%,$9.39B,$56.91B,16.62%,$10750,$3995,$6755,$1431,$2860,$8399,$2351,$74,$2425,$495,$1930,$1930,$1930,$2904,$2351,$5595,5675,$0.34,$0.34,$38925,$1523,$3495,$50406,$3984,$0,$19918,$5707,$29609,$80015,$18120,$12214,$1670,$17200,$35320,$37691,$6034,$950,$44695,$80015,$1930,$553,$587,$1140,$506,$-193,$45,$-675,$-1403,$1667,$-326,$0,$-69,$0,$209,$209,$19,$-167,$0,$-16,$-16,$-2327,$-2327,$0,$58,$-2285,$-785,$407,$0
33,2010-07-31,18.63,$7.83,2.38,$6.83,2.73,$3.47,5.38,$1.32,14.11,$51.42B,$19.23B,2.67,$12.19B,$44.29B,0.28,$40.04B,$25.64B,64.04%,$40.04B,$9.16B,22.89%,$40.04B,$9.16B,22.89%,$40.04B,$11.19B,27.96%,$40.04B,$9.42B,23.51%,$40.04B,$7.77B,19.40%,$7.77B,$44.29B,18.31%,$7.77B,$24.34B,31.68%,$7.77B,$81.13B,10.17%,$9.16B,$56.47B,16.70%,$10836,$4043,$6793,$1391,$2946,$8511,$2325,$93,$2418,$483,$1935,$1935,$1935,$2940,$2325,$5732,5848,$0.35,$0.34,$39861,$1327,$875,$51421,$3941,$0,$19948,$3206,$29709,$81130,$19233,$12188,$2005,$17612,$36845,$37793,$5851,$623,$44285,$81130,$7767,$2030,$718,$2748,$-1528,$-158,$139,$585,$-342,$10173,$-1008,$0,$-5279,$0,$-5772,$-5772,$128,$-11931,$4944,$41,$4985,$-4586,$-4586,$0,$222,$621,$-1137,$1517,$0
34,2010-04-30,21.75,$7.66,2.84,$6.43,3.38,$3.42,6.37,$1.18,18.43,$49.76B,$18.44B,2.7,$12.12B,$43.85B,0.28,$37.74B,$24.31B,64.42%,$37.74B,$8.30B,21.99%,$37.74B,$8.30B,21.99%,$37.74B,$10.24B,27.13%,$37.74B,$8.53B,22.60%,$37.74B,$6.91B,18.32%,$6.91B,$43.85B,16.85%,$6.91B,$23.74B,28.28%,$6.91B,$79.29B,9.45%,$8.30B,$55.97B,15.66%,$10368,$3738,$6630,$1411,$2757,$8023,$2345,$58,$2403,$211,$2192,$2192,$2192,$2818,$2345,$5731,5869,$0.38,$0.37,$39106,$1250,$3047,$49758,$3994,$0,$20116,$5424,$29534,$79292,$18439,$12119,$1733,$17001,$35440,$37584,$5570,$676,$43852,$79292,$5832,$1415,$564,$1979,$-662,$-86,$160,$-216,$-870,$6941,$-699,$0,$-4950,$0,$-5664,$-5664,$80,$-11233,$4944,$62,$5006,$-2660,$-2660,$0,$189,$2535,$-1757,$1126,$0
35,2010-01-31,18.14,$7.24,2.51,$6.07,2.99,$3.58,5.07,$1.04,17.45,$50.14B,$14.41B,3.48,$15.19B,$41.53B,0.37,$35.53B,$22.91B,64.48%,$35.53B,$7.56B,21.28%,$35.53B,$7.56B,21.28%,$35.53B,$9.45B,26.60%,$35.53B,$7.81B,21.99%,$35.53B,$6.07B,17.08%,$6.07B,$41.53B,15.41%,$6.07B,$24.45B,25.01%,$6.07B,$76.40B,8.74%,$7.56B,$56.73B,14.86%,$9815,$3483,$6332,$1247,$2577,$7445,$2370,$-15,$2355,$502,$1853,$1853,$1853,$2883,$2370,$5741,5862,$0.32,$0.32,$39638,$1215,$2816,$50139,$3958,$0,$17084,$5222,$26264,$76403,$14405,$15194,$2366,$20466,$34871,$35687,$5086,$739,$41532,$76403,$3640,$942,$478,$1420,$-994,$-80,$58,$344,$-1086,$3974,$-408,$0,$-2308,$0,$-5529,$-5529,$60,$-8185,$4944,$0,$4944,$-1808,$-1808,$0,$67,$3203,$-1008,$692,$0
36,2009-10-31,18.42,$6.96,2.65,$5.95,3.1,$3.88,4.75,$0.98,18.79,$44.70B,$13.16B,3.4,$10.27B,$40.03B,0.26,$34.81B,$22.30B,64.07%,$34.81B,$6.96B,20.01%,$34.81B,$6.96B,20.01%,$34.81B,$8.77B,25.19%,$34.81B,$7.33B,21.05%,$34.81B,$5.72B,16.43%,$5.72B,$40.03B,14.98%,$5.72B,$25.53B,24.08%,$5.72B,$68.68B,8.71%,$6.96B,$50.30B,14.66%,$9021,$3133,$5888,$1224,$2435,$6897,$2124,$115,$2239,$452,$1787,$1787,$1787,$2553,$2124,$5767,5871,$0.31,$0.30,$35365,$1089,$2879,$44697,$3976,$0,$14494,$5513,$23983,$68680,$13162,$10273,$2345,$15492,$28654,$34803,$4354,$845,$40026,$68680,$1787,$429,$350,$779,$38,$-8,$52,$-556,$-1078,$1488,$-160,$0,$0,$0,$-1136,$-1136,$43,$-1253,$634,$0,$634,$-1869,$-1869,$0,$56,$-1179,$-944,$321,$0
37,2009-07-31,17.77,$6.69,2.66,$6.14,2.89,$4.05,4.39,$1.05,16.93,$44.18B,$13.66B,3.24,$10.30B,$38.68B,0.27,$36.12B,$23.09B,63.94%,$36.12B,$7.32B,20.27%,$36.12B,$7.32B,20.27%,$36.12B,$9.09B,25.17%,$36.12B,$7.69B,21.30%,$36.12B,$6.13B,16.98%,$6.13B,$38.68B,16.61%,$6.13B,$24.05B,27.26%,$6.13B,$68.13B,9.70%,$7.32B,$48.97B,16.17%,$8535,$3074,$5461,$1280,$2497,$7075,$1460,$73,$1533,$452,$1081,$1081,$1081,$1984,$1460,$5828,5857,$0.19,$0.19,$35001,$1074,$0,$44177,$4043,$0,$14627,$5281,$23951,$68128,$13655,$10295,$2546,$15796,$29451,$34344,$3868,$435,$38677,$68128,$6134,$1768,$832,$2600,$610,$187,$-208,$-369,$1163,$9897,$-1005,$0,$-426,$0,$-8489,$-8489,$-39,$-9959,$3491,$0,$3491,$-2748,$-2748,$0,$-154,$589,$527,$1231,$0
38,2009-04-30,15.6,$6.45,2.42,$6.36,2.45,$4.28,3.64,$1.19,13.11,$41.34B,$12.86B,3.21,$10.32B,$37.26B,0.28,$37.95B,$24.26B,63.94%,$37.95B,$8.39B,22.11%,$37.95B,$8.39B,22.11%,$37.95B,$10.07B,26.52%,$37.95B,$8.85B,23.31%,$37.95B,$7.07B,18.62%,$7.07B,$37.26B,19.71%,$7.07B,$23.03B,32.94%,$7.07B,$64.67B,11.60%,$8.39B,$47.57B,19.42%,$8162,$2933,$5229,$1243,$2258,$6555,$1607,$80,$1687,$339,$1348,$1348,$1348,$2033,$1607,$5805,5818,$0.23,$0.23,$33551,$1023,$0,$41336,$4089,$0,$14225,$5016,$23330,$64666,$12861,$10317,$1542,$14549,$27410,$33974,$3292,$-10,$37256,$64666,$5053,$1244,$862,$2106,$1337,$199,$-198,$-979,$753,$7912,$-794,$0,$-338,$0,$-5564,$-5564,$-54,$-6750,$3491,$0,$3491,$-2321,$-2321,$0,$-164,$1006,$2168,$901,$0
39,2009-01-31,12.09,$6.29,1.92,$6.57,1.84,$4.32,2.8,$1.25,9.67,$38.00B,$13.60B,2.79,$6.35B,$36.78B,0.17,$39.58B,$25.31B,63.94%,$39.58B,$8.93B,22.55%,$39.58B,$8.93B,22.55%,$39.58B,$10.61B,26.81%,$39.58B,$9.47B,23.92%,$39.58B,$7.49B,18.93%,$7.49B,$36.78B,21.51%,$7.49B,$22.42B,36.85%,$7.49B,$61.36B,12.69%,$8.93B,$43.13B,21.66%,$9089,$3366,$5723,$1279,$2535,$7316,$1773,$95,$1868,$364,$1504,$1504,$1504,$2198,$1773,$5848,5864,$0.26,$0.26,$29531,$1107,$0,$37995,$4141,$0,$14364,$4857,$23362,$61357,$13604,$6348,$1896,$10970,$24574,$34092,$2695,$-4,$36783,$61357,$3705,$818,$473,$1291,$818,$113,$-228,$-37,$920,$5916,$-585,$0,$-327,$0,$-4698,$-4698,$-54,$-5664,$0,$0,$0,$-1162,$-1162,$0,$-106,$-1268,$-1016,$602,$0
40,2008-10-31,14.35,$5.97,2.4,$6.61,2.17,$4.21,3.41,$1.32,10.87,$35.66B,$13.55B,2.63,$6.37B,$35.04B,0.18,$40.32B,$25.89B,64.21%,$40.32B,$9.56B,23.70%,$40.32B,$9.56B,23.70%,$40.32B,$11.27B,27.96%,$40.32B,$10.24B,25.39%,$40.32B,$8.05B,19.96%,$8.05B,$35.04B,23.79%,$8.05B,$20.51B,41.81%,$8.05B,$58.89B,13.99%,$9.56B,$41.41B,23.69%,$10331,$3650,$6681,$1406,$2678,$7849,$2482,$123,$2605,$404,$2201,$2201,$2201,$2875,$2482,$5881,5972,$0.37,$0.37,$26763,$1209,$0,$35662,$4181,$0,$14530,$4514,$23225,$58887,$13548,$6371,$1341,$10304,$23852,$33791,$1580,$-336,$35035,$58887,$2201,$393,$403,$796,$453,$8,$-35,$-425,$-279,$2718,$-361,$0,$-288,$0,$-2130,$-2130,$-60,$-2839,$0,$0,$0,$-778,$-778,$0,$-95,$-873,$-994,$304,$0
41,2008-07-31,17.76,$5.83,3.05,$6.39,2.78,$4.25,4.17,$1.30,13.66,$35.70B,$13.86B,2.58,$6.39B,$34.35B,0.19,$39.54B,$25.35B,64.10%,$39.54B,$9.44B,23.88%,$39.54B,$9.44B,23.88%,$39.54B,$11.19B,28.29%,$39.54B,$10.26B,25.94%,$39.54B,$8.05B,20.36%,$8.05B,$34.35B,24.00%,$8.05B,$19.87B,42.47%,$8.05B,$58.73B,14.20%,$9.44B,$40.75B,23.54%,$10364,$3733,$6631,$1350,$2603,$7835,$2529,$157,$2686,$672,$2014,$2014,$2014,$2959,$2529,$5986,6163,$0.35,$0.34,$26235,$1235,$0,$35699,$4151,$0,$14481,$4403,$23035,$58734,$13858,$6393,$1418,$10523,$24381,$33505,$120,$728,$34353,$58734,$8052,$1744,$-139,$1605,$171,$104,$62,$1566,$2432,$12089,$-1268,$0,$-398,$16086,$-18596,$-2510,$-17,$-4193,$0,$0,$0,$-7324,$-7324,$0,$891,$-6433,$1463,$1112,$0
42,2008-04-30,20.7,$5.61,3.69,$6.21,3.33,$3.91,5.29,$1.28,16.18,$34.15B,$13.36B,2.56,$6.42B,$33.14B,0.19,$38.61B,$24.71B,63.99%,$38.61B,$9.22B,23.87%,$38.61B,$9.22B,23.87%,$38.61B,$10.90B,28.24%,$38.61B,$10.10B,26.16%,$38.61B,$7.97B,20.64%,$7.97B,$33.14B,24.27%,$7.97B,$18.54B,43.79%,$7.97B,$57.12B,14.39%,$9.22B,$39.55B,23.40%,$9791,$3521,$6270,$1483,$2529,$7650,$2141,$168,$2309,$536,$1773,$1773,$1773,$2577,$2141,$5942,6069,$0.30,$0.29,$24433,$1279,$0,$34145,$4045,$0,$14600,$4333,$22978,$57123,$13359,$6415,$1661,$10626,$23985,$32931,$-843,$1050,$33138,$57123,$6038,$1314,$-489,$825,$-219,$54,$12,$1144,$1697,$8560,$-908,$0,$-385,$0,$605,$605,$6,$-682,$0,$0,$0,$-6481,$-6481,$0,$1029,$-5452,$2426,$834,$0
43,2008-01-31,19.78,$5.49,3.6,$6.02,3.29,$3.68,5.37,$1.29,15.34,$32.44B,$12.19B,2.66,$6.85B,$32.81B,0.21,$37.68B,$24.08B,63.91%,$37.68B,$9.27B,24.60%,$37.68B,$9.27B,24.60%,$37.68B,$10.87B,28.85%,$37.68B,$10.21B,27.09%,$37.68B,$8.07B,21.41%,$8.07B,$32.81B,25.48%,$8.07B,$18.08B,45.23%,$8.07B,$55.30B,15.14%,$9.27B,$39.66B,24.24%,$9831,$3526,$6305,$1260,$2525,$7427,$2404,$234,$2638,$578,$2060,$2060,$2060,$2861,$2404,$6010,6202,$0.34,$0.33,$22693,$1267,$0,$32442,$3973,$0,$14728,$4157,$22858,$55300,$12193,$6851,$1166,$10295,$22488,$32773,$-1073,$1112,$32812,$55300,$4265,$878,$-498,$380,$-196,$66,$-33,$868,$887,$5532,$-591,$0,$-385,$0,$1552,$1552,$-111,$465,$0,$0,$0,$-4955,$-4955,$0,$432,$-4523,$1474,$544,$0
44,2007-10-31,26.7,$5.57,4.79,$5.78,4.62,$3.58,7.45,$1.27,21.02,$33.46B,$12.22B,2.74,$6.58B,$33.87B,0.19,$36.29B,$23.17B,63.83%,$36.29B,$9.00B,24.79%,$36.29B,$9.00B,24.79%,$36.29B,$10.48B,28.89%,$36.29B,$9.91B,27.30%,$36.29B,$7.93B,21.85%,$7.93B,$33.87B,26.33%,$7.93B,$19.34B,46.26%,$7.93B,$55.70B,15.54%,$9.00B,$40.45B,24.60%,$9554,$3414,$6140,$1232,$2420,$7186,$2368,$254,$2622,$417,$2205,$2205,$2205,$2789,$2368,$6087,6330,$0.36,$0.35,$24679,$1315,$0,$33455,$3956,$0,$14537,$3754,$22247,$55702,$12220,$6582,$1171,$9610,$21830,$32510,$121,$1241,$33872,$55702,$2205,$421,$-526,$-105,$554,$7,$32,$101,$989,$3089,$-296,$0,$-45,$2917,$-3771,$-854,$-65,$-1260,$0,$0,$0,$-1454,$-1454,$0,$310,$-1144,$685,$250,$0
45,2007-07-31,23.34,$5.16,4.52,$5.59,4.18,$3.47,6.72,$1.18,19.78,$31.57B,$13.36B,2.36,$6.41B,$31.48B,0.2,$34.92B,$22.26B,63.74%,$34.92B,$8.62B,24.69%,$34.92B,$8.62B,24.69%,$34.92B,$10.03B,28.73%,$34.92B,$9.46B,27.09%,$34.92B,$7.33B,21.00%,$7.33B,$31.48B,26.16%,$7.33B,$16.82B,46.26%,$7.33B,$53.34B,15.17%,$8.62B,$37.89B,25.01%,$9433,$3442,$5991,$1277,$2228,$7130,$2303,$228,$2531,$601,$1930,$1930,$1930,$2677,$2303,$6055,6265,$0.31,$0.30,$22266,$1322,$0,$31574,$3893,$0,$14661,$3212,$21766,$53340,$13358,$6408,$438,$8502,$21860,$30687,$231,$562,$31480,$53340,$7333,$1413,$-698,$715,$-597,$61,$-107,$1116,$2056,$10104,$-1251,$0,$-3684,$15273,$-18529,$-3256,$-151,$-8342,$0,$0,$0,$-2375,$-2375,$0,$1044,$-1331,$431,$965,$0
46,2007-04-30,21.59,$4.71,4.58,$5.35,4.03,$3.20,6.75,$1.12,19.28,$30.54B,$11.97B,2.55,$6.48B,$28.52B,0.23,$33.47B,$21.41B,63.97%,$33.47B,$8.31B,24.82%,$33.47B,$8.31B,24.82%,$33.47B,$9.78B,29.23%,$33.47B,$9.08B,27.11%,$33.47B,$6.95B,20.75%,$6.95B,$28.52B,26.58%,$6.95B,$17.12B,47.01%,$6.95B,$48.84B,15.16%,$8.31B,$35.00B,25.52%,$8866,$3219,$5647,$1144,$2208,$6669,$2197,$222,$2419,$545,$1874,$1874,$1874,$2546,$2197,$6034,6244,$0.31,$0.30,$22336,$1289,$0,$30540,$3695,$0,$11402,$3198,$18295,$48835,$11972,$6478,$373,$8345,$20317,$28411,$-457,$564,$28518,$48835,$5403,$1039,$-355,$684,$60,$82,$-17,$344,$1279,$7366,$-912,$0,$-387,$0,$-1985,$-1985,$-87,$-3371,$0,$0,$0,$-2562,$-2562,$0,$727,$-1835,$2160,$736,$0
47,2007-01-31,21.5,$4.40,4.89,$5.10,4.22,$2.96,7.27,$1.04,20.67,$28.52B,$11.49B,2.48,$6.42B,$26.58B,0.24,$31.93B,$20.49B,64.18%,$31.93B,$7.76B,24.32%,$31.93B,$7.76B,24.32%,$31.93B,$9.24B,28.92%,$31.93B,$8.47B,26.52%,$31.93B,$6.47B,20.27%,$6.47B,$26.58B,25.73%,$6.47B,$15.30B,47.02%,$6.47B,$46.25B,14.58%,$7.76B,$33.00B,24.61%,$8439,$3051,$5388,$1094,$2066,$6309,$2130,$205,$2335,$414,$1921,$1921,$1921,$2472,$2130,$6057,6291,$0.32,$0.31,$20681,$1642,$0,$28516,$3539,$0,$11278,$2921,$17738,$46254,$11491,$6416,$414,$8181,$19672,$27245,$-1083,$420,$26582,$46254,$3529,$690,$-96,$594,$395,$-271,$51,$454,$806,$4929,$-548,$0,$-166,$0,$-3498,$-3498,$-27,$-4239,$0,$0,$0,$-2002,$-2002,$0,$449,$-1553,$-863,$491,$0
48,2006-10-31,19.48,$4.21,4.63,$4.82,4.04,$2.72,7.16,$0.95,20.51,$27.25B,$11.28B,2.42,$6.46B,$25.53B,0.25,$30.12B,$19.57B,64.98%,$30.12B,$7.37B,24.45%,$30.12B,$7.37B,24.45%,$30.12B,$8.75B,29.05%,$30.12B,$8.05B,26.73%,$30.12B,$5.93B,19.68%,$5.93B,$25.53B,24.44%,$5.93B,$14.17B,41.74%,$5.93B,$44.91B,14.37%,$7.37B,$31.98B,25.36%,$8184,$2951,$5233,$1083,$2050,$6193,$1991,$185,$2176,$568,$1608,$1608,$1608,$2339,$1991,$6061,6199,$0.27,$0.26,$19520,$1477,$0,$27251,$3444,$0,$11363,$2850,$17657,$44908,$11281,$6455,$410,$8098,$19379,$25419,$-233,$343,$25529,$44908,$1608,$348,$106,$454,$206,$-106,$-11,$101,$209,$2271,$-214,$0,$-121,$0,$-551,$-551,$-41,$-927,$0,$0,$0,$-481,$-481,$0,$153,$-328,$1016,$235,$0
