,Date,Stock Price,Book Value per Share,Price to Book Ratio,TTM Sales per Share,Price to Sales Ratio,TTM FCF per Share,Price to FCF Ratio,TTM Net EPS,PE Ratio,Current Assets,Current Liabilities,Current Ratio,Long Term Debt,Shareholder's Equity_x,Debt to Equity Ratio,TTM Revenue_x,TTM Gross Profit,Gross Margin,TTM Revenue_y,TTM Operating Income,Operating Margin,TTM Revenue_x,TTM EBIT,EBIT Margin,TTM Revenue_y,TTM EBITDA,EBITDA Margin,TTM Revenue_x,TTM Pre-Tax Income,Pre-Tax Margin,TTM Revenue_y,TTM Net Income_x,Net Margin,TTM Net Income_y,Shareholder's Equity_y,Return on Equity,TTM Net Income_x,Tangible Equity,Return on Tangible Equity,TTM Net Income_y,Total Assets,Return on Assets,TTM Net Income,LT Investments & Debt,Return on Investment,revenue,cost-goods-sold,gross-profit,research-development-expenses,selling-general-administrative-expenses,operating-expenses,operating-income,total-non-operating-income-expense,pre-tax-income,total-provision-income-taxes,income-after-taxes,income-from-continuous-operations,net-income,ebitda,ebit,basic-shares-outstanding,shares-outstanding,eps-basic-net-earnings-per-share,eps-earnings-per-share-diluted,cash-on-hand,inventory,other-current-assets,total-current-assets,net-property-plant-equipment,long-term-investments,goodwill-intangible-assets-total,other-long-term-assets,total-long-term-assets,total-assets,total-current-liabilities,long-term-debt,other-non-current-liabilities,total-long-term-liabilities,total-liabilities,common-stock-net,retained-earnings-accumulated-deficit,comprehensive-income,total-share-holder-equity,total-liabilities-share-holders-equity,net-income-loss,total-depreciation-amortization-cash-flow,other-non-cash-items,total-non-cash-items,change-in-accounts-receivable,change-in-inventories,change-in-accounts-payable,change-in-assets-liabilities,total-change-in-assets-liabilities,cash-flow-from-operating-activities,net-change-in-property-plant-equipment,net-change-in-intangible-assets,net-acquisitions-divestitures,net-change-in-short-term-investments,net-change-in-long-term-investments,net-change-in-investments-total,investing-activities-other,cash-flow-from-investing-activities,net-long-term-debt,net-current-debt,debt-issuance-retirement-net-total,net-common-equity-issued-repurchased,net-total-equity-issued-repurchased,total-common-preferred-stock-dividends-paid,financial-activities-other,cash-flow-from-financial-activities,net-cash-flow,stock-based-compensation,common-stock-dividends-paid
0,2018-09-30,28.05,$20.00,1.4,$6.12,4.58,$3.97,7.07,$0.80,35.06,$8.86B,$9.86B,0.9,$0.41B,$1.91B,0.22,$0.49B,$0.45B,92.80%,$0.49B,$0.20B,40.95%,$0.49B,0,0.00%,$0.49B,0,0.00%,$0.49B,$0.16B,33.54%,$0.49B,$0.11B,22.22%,$0.11B,$1.91B,7.35%,$0.11B,$1.04B,12.72%,$0.11B,$12.27B,1.07%,$0.20B,$2.33B,11.11%,$142,$13,$129,$0,$64,$81,$60,$-11,$50,$12,$38,$38,$38,$0,$0,$88,89,$0.43,$0.43,$606,$0,$0,$8863,$225,$1827,$875,$424,$3411,$12274,$9861,$412,$88,$500,$10361,$1,$253,$-38,$1913,$12274,$106,$-20,$19,$-1,$46,$0,$3,$0,$48,$154,$-6,$0,$230,$0,$218,$218,$-247,$195,$0,$-129,$-129,$13,$13,$-26,$119,$-23,$326,$3,$-26
1,2018-06-30,29.82,$18.31,1.63,$5.89,5.06,$3.32,8.98,$1.16,25.71,$7.46B,$8.56B,0.87,$0.36B,$1.54B,0.24,$0.43B,$0.40B,93.69%,$0.43B,$0.17B,40.42%,$0.43B,0,0.00%,$0.43B,0,0.00%,$0.43B,$0.15B,34.35%,$0.43B,$0.09B,21.50%,$0.09B,$1.54B,7.55%,$0.09B,$0.88B,12.34%,$0.09B,$10.54B,1.06%,$0.17B,$1.90B,11.98%,$133,$10,$123,$0,$63,$78,$56,$-15,$41,$8,$32,$32,$32,$0,$0,$84,85,$0.38,$0.38,$395,$0,$0,$7460,$191,$1818,$658,$348,$3076,$10537,$8559,$363,$74,$437,$8996,$1,$224,$-31,$1540,$10537,$68,$-16,$14,$-2,$-11,$0,$0,$48,$46,$112,$-4,$0,$81,$0,$164,$164,$-219,$22,$0,$-206,$-206,$13,$13,$-17,$188,$-22,$112,$2,$-17
2,2018-03-31,26.44,$18.12,1.46,$5.70,4.64,$2.74,9.66,$1.04,25.43,$7.30B,$8.46B,0.86,$0.31B,$1.52B,0.21,$0.38B,$0.36B,94.43%,$0.38B,$0.15B,39.26%,$0.38B,0,0.00%,$0.38B,0,0.00%,$0.38B,$0.13B,33.69%,$0.38B,$0.08B,19.89%,$0.08B,$1.52B,7.10%,$0.08B,$0.85B,11.09%,$0.08B,$10.35B,0.97%,$0.15B,$1.83B,12.36%,$126,$8,$118,$0,$62,$75,$51,$-10,$41,$5,$36,$36,$36,$0,$0,$83,85,$0.43,$0.42,$403,$0,$0,$7300,$190,$1801,$664,$330,$3048,$10348,$8461,$313,$56,$369,$8830,$1,$201,$-25,$1518,$10348,$36,$-6,$12,$5,$45,$0,$-29,$0,$15,$56,$2,$0,$81,$0,$190,$190,$-81,$192,$0,$-207,$-207,$10,$10,$-8,$78,$-127,$122,$1,$-8
3,2017-12-31,25.55,$15.04,1.7,$5.49,4.66,$2.72,9.38,$0.94,27.18,$5.07B,$5.98B,0.85,$0.20B,$0.91B,0.22,$0.32B,$0.30B,94.95%,$0.32B,$0.12B,38.49%,$0.32B,0,0.00%,$0.32B,0,0.00%,$0.32B,$0.11B,34.70%,$0.32B,$0.06B,17.67%,$0.06B,$0.91B,6.71%,$0.06B,$0.62B,9.47%,$0.06B,$7.12B,0.86%,$0.12B,$1.11B,13.49%,$85,$5,$81,$0,$45,$53,$32,$-3,$31,$29,$2,$2,$2,$0,$0,$57,58,$0.01,$0.01,$287,$0,$0,$5066,$142,$1327,$282,$269,$2058,$7124,$5975,$201,$43,$244,$6219,$1,$173,$-7,$905,$7124,$56,$-17,$39,$22,$-66,$0,$11,$0,$-55,$23,$-3,$0,$87,$0,$-56,$-56,$-309,$-281,$0,$128,$128,$69,$69,$-14,$181,$363,$105,$5,$-14
4,2017-09-30,26.56,$15.15,1.75,$5.42,4.9,$3.38,7.85,$1.27,20.91,$4.98B,$5.84B,0.85,$0.03B,$0.91B,0.03,$0.30B,$0.29B,95.32%,$0.30B,$0.11B,38.13%,$0.30B,0,0.00%,$0.30B,0,0.00%,$0.30B,$0.10B,34.45%,$0.30B,$0.07B,23.41%,$0.07B,$0.91B,9.38%,$0.07B,$0.63B,12.88%,$0.07B,$6.82B,1.17%,$0.11B,$0.94B,14.76%,$84,$4,$79,$0,$43,$50,$34,$-0,$34,$12,$22,$22,$22,$0,$0,$60,61,$0.37,$0.36,$305,$0,$0,$4984,$142,$1133,$284,$224,$1839,$6823,$5844,$26,$43,$69,$5913,$1,$174,$-0,$910,$6823,$54,$-14,$22,$9,$-5,$0,$8,$0,$3,$66,$-4,$0,$87,$0,$150,$150,$-226,$7,$0,$-49,$-49,$68,$68,$-10,$45,$54,$127,$3,$-10
5,2017-06-30,24.63,$14.84,1.66,$5.35,4.6,$3.44,7.16,$1.23,20.03,$4.96B,$5.81B,0.85,$0.03B,$0.89B,0.03,$0.28B,$0.27B,96.04%,$0.28B,$0.10B,37.41%,$0.28B,0,0.00%,$0.28B,0,0.00%,$0.28B,$0.09B,33.09%,$0.28B,$0.06B,22.66%,$0.06B,$0.89B,9.59%,$0.06B,$0.61B,12.74%,$0.06B,$6.77B,1.14%,$0.10B,$0.92B,15.22%,$82,$4,$78,$0,$44,$50,$31,$-10,$21,$6,$15,$15,$15,$0,$0,$58,59,$0.26,$0.26,$322,$0,$0,$4962,$141,$1126,$285,$194,$1805,$6767,$5810,$26,$41,$67,$5877,$1,$155,$0,$890,$6767,$32,$-10,$19,$10,$-7,$0,$0,$2,$1,$43,$-2,$0,$87,$0,$160,$160,$-172,$73,$0,$-127,$-127,$68,$68,$-7,$95,$29,$144,$2,$-7
6,2017-03-31,25.6,$12.41,2.06,$5.30,4.83,$3.44,7.44,$1.29,19.85,$3.79B,$4.63B,0.82,$0.03B,$0.63B,0.04,$0.26B,$0.25B,96.54%,$0.26B,$0.10B,37.31%,$0.26B,0,0.00%,$0.26B,0,0.00%,$0.26B,$0.10B,36.54%,$0.26B,$0.06B,24.62%,$0.06B,$0.63B,11.24%,$0.06B,$0.51B,14.32%,$0.06B,$5.33B,1.25%,$0.10B,$0.66B,16.30%,$66,$3,$63,$0,$35,$41,$25,$-1,$24,$7,$17,$17,$17,$0,$0,$51,51,$0.33,$0.32,$279,$0,$0,$3787,$115,$1081,$121,$167,$1542,$5329,$4633,$26,$36,$62,$4695,$1,$144,$-5,$634,$5329,$17,$-5,$17,$12,$-5,$0,$8,$0,$3,$32,$3,$0,$0,$0,$-70,$-70,$-83,$-150,$0,$16,$16,$64,$64,$-3,$145,$221,$104,$1,$-3
7,2016-12-31,24.82,$11.47,2.16,$5.28,4.7,$2.86,8.67,$0.87,28.53,$3.61B,$4.47B,0.81,$0.03B,$0.55B,0.05,$0.25B,$0.24B,96.83%,$0.25B,$0.08B,30.16%,$0.25B,0,0.00%,$0.25B,0,0.00%,$0.25B,$0.06B,25.40%,$0.25B,$0.04B,16.67%,$0.04B,$0.55B,7.77%,$0.04B,$0.43B,10.06%,$0.04B,$5.08B,0.84%,$0.08B,$0.58B,13.42%,$67,$3,$65,$0,$38,$43,$24,$-0,$24,$8,$16,$16,$16,$0,$0,$47,48,$0.34,$0.34,$188,$0,$0,$3605,$115,$1009,$122,$164,$1473,$5079,$4467,$26,$33,$59,$4526,$0,$130,$-9,$552,$5079,$42,$-19,$17,$-2,$-4,$0,$0,$0,$-3,$37,$11,$0,$42,$0,$-0,$-0,$-288,$-235,$0,$5,$5,$1,$1,$-8,$224,$222,$23,$4,$-8
8,2016-09-30,17.46,$11.51,1.52,$4.99,3.5,$3.35,5.2,$0.77,22.67,$3.48B,$4.37B,0.8,$0.03B,$0.55B,0.05,$0.24B,$0.23B,96.61%,$0.24B,$0.07B,28.81%,$0.24B,0,0.00%,$0.24B,0,0.00%,$0.24B,$0.06B,23.73%,$0.24B,$0.04B,15.68%,$0.04B,$0.55B,7.04%,$0.04B,$0.43B,9.02%,$0.04B,$5.02B,0.78%,$0.07B,$0.58B,12.21%,$63,$2,$61,$0,$35,$40,$24,$-0,$23,$8,$15,$15,$15,$0,$0,$48,49,$0.32,$0.32,$201,$0,$0,$3484,$115,$1042,$122,$192,$1530,$5015,$4371,$26,$65,$91,$4462,$0,$116,$8,$553,$5015,$26,$-14,$20,$6,$2,$0,$8,$0,$9,$42,$10,$0,$42,$0,$-4,$-4,$-165,$-117,$0,$-0,$-0,$0,$0,$-6,$127,$121,$46,$3,$-6
9,2016-06-30,15.47,$11.21,1.38,$4.74,3.26,$3.68,4.21,$0.67,23.09,$3.47B,$4.37B,0.8,$0.03B,$0.54B,0.05,$0.22B,$0.21B,96.38%,$0.22B,$0.06B,27.15%,$0.22B,0,0.00%,$0.22B,0,0.00%,$0.22B,$0.05B,22.17%,$0.22B,$0.03B,14.48%,$0.03B,$0.54B,6.31%,$0.03B,$0.42B,8.00%,$0.03B,$5.00B,0.71%,$0.06B,$0.56B,11.15%,$64,$2,$62,$0,$35,$40,$24,$-0,$24,$8,$16,$16,$16,$0,$0,$48,48,$0.33,$0.32,$284,$0,$0,$3470,$116,$1029,$123,$194,$1525,$4995,$4365,$26,$67,$93,$4457,$0,$103,$7,$538,$4995,$11,$-10,$17,$6,$3,$0,$0,$0,$8,$26,$8,$0,$42,$0,$12,$12,$-74,$-12,$0,$-81,$-81,$0,$0,$-4,$203,$119,$132,$2,$-4
10,2016-03-31,14.59,$10.84,1.35,$4.56,3.2,$3.80,3.84,$0.56,26.05,$3.50B,$4.42B,0.79,$0.03B,$0.52B,0.05,$0.21B,$0.20B,96.17%,$0.21B,$0.05B,24.88%,$0.21B,0,0.00%,$0.21B,0,0.00%,$0.21B,$0.04B,19.62%,$0.21B,$0.03B,12.44%,$0.03B,$0.52B,5.31%,$0.03B,$0.40B,6.65%,$0.03B,$4.97B,0.62%,$0.05B,$0.55B,10.00%,$58,$2,$56,$0,$50,$54,$4,$-11,$-7,$-3,$-5,$-5,$-5,$0,$0,$46,46,$-0.10,$-0.10,$365,$0,$0,$3504,$117,$981,$124,$174,$1466,$4970,$4424,$26,$0,$26,$4450,$0,$89,$4,$519,$4970,$-5,$-5,$8,$3,$-13,$0,$16,$0,$3,$1,$4,$0,$42,$0,$57,$57,$-27,$76,$0,$-28,$-28,$-0,$-0,$-2,$163,$133,$210,$1,$-2
11,2015-12-31,15.29,$10.79,1.42,$4.37,3.5,$4.14,3.69,$0.86,17.78,$2.74B,$3.46B,0.79,$0.05B,$0.49B,0.1,$0.20B,$0.19B,96.00%,$0.20B,$0.06B,31.50%,$0.20B,0,0.00%,$0.20B,0,0.00%,$0.20B,$0.06B,31.00%,$0.20B,$0.04B,20.00%,$0.04B,$0.49B,8.41%,$0.04B,$0.40B,10.39%,$0.04B,$4.02B,1.02%,$0.06B,$0.54B,12.46%,$51,$2,$49,$0,$31,$35,$16,$-1,$16,$6,$10,$10,$11,$0,$0,$45,46,$0.23,$0.22,$155,$0,$0,$2738,$102,$892,$90,$155,$1285,$4023,$3463,$49,$20,$69,$3532,$0,$95,$1,$491,$4023,$39,$-12,$12,$1,$2,$0,$1,$0,$3,$43,$25,$0,$13,$0,$-136,$-136,$-130,$-228,$0,$74,$74,$-0,$-0,$-3,$109,$179,$-6,$3,$-3
12,2015-09-30,14.35,$10.55,1.36,$4.36,3.29,$3.54,4.06,$0.79,18.16,$2.78B,$3.43B,0.81,$0.02B,$0.48B,0.05,$0.20B,$0.19B,95.90%,$0.20B,$0.06B,30.26%,$0.20B,0,0.00%,$0.20B,0,0.00%,$0.20B,$0.06B,29.74%,$0.20B,$0.04B,18.46%,$0.04B,$0.48B,7.73%,$0.04B,$0.39B,9.61%,$0.04B,$3.93B,0.93%,$0.06B,$0.50B,12.05%,$48,$2,$46,$0,$28,$32,$16,$-0,$16,$6,$10,$10,$10,$0,$0,$45,46,$0.22,$0.22,$230,$0,$0,$2781,$103,$753,$90,$159,$1152,$3933,$3429,$24,$0,$24,$3453,$0,$86,$3,$480,$3933,$29,$-9,$9,$1,$4,$0,$10,$0,$13,$43,$22,$0,$13,$0,$8,$8,$-103,$-60,$0,$11,$11,$-0,$-0,$-2,$79,$87,$70,$2,$-2
13,2015-06-30,13.17,$10.31,1.28,$4.28,3.08,$2.78,4.74,$0.65,20.26,$2.68B,$3.38B,0.79,$0.02B,$0.47B,0.05,$0.19B,$0.18B,95.81%,$0.19B,$0.05B,27.23%,$0.19B,0,0.00%,$0.19B,0,0.00%,$0.19B,$0.05B,24.61%,$0.19B,$0.03B,15.71%,$0.03B,$0.47B,6.58%,$0.03B,$0.38B,8.22%,$0.03B,$3.87B,0.79%,$0.05B,$0.49B,10.83%,$52,$2,$50,$0,$33,$37,$16,$0,$16,$6,$10,$10,$10,$0,$0,$45,46,$0.22,$0.21,$157,$0,$0,$2676,$101,$797,$91,$159,$1197,$3873,$3381,$24,$0,$24,$3405,$0,$77,$2,$468,$3873,$19,$-7,$8,$1,$1,$0,$2,$0,$3,$23,$14,$0,$0,$0,$-36,$-36,$-79,$-102,$0,$32,$32,$-0,$-0,$-1,$45,$75,$-3,$2,$-1
14,2015-03-31,11.59,$10.20,1.14,$4.15,2.8,$2.27,5.1,$0.47,24.66,$2.71B,$3.40B,0.8,$0.02B,$0.46B,0.05,$0.18B,$0.17B,96.07%,$0.18B,$0.04B,23.60%,$0.18B,0,0.00%,$0.18B,0,0.00%,$0.18B,$0.03B,18.54%,$0.18B,$0.02B,11.80%,$0.02B,$0.46B,4.68%,$0.02B,$0.37B,5.89%,$0.02B,$3.89B,0.55%,$0.04B,$0.49B,8.88%,$49,$2,$47,$0,$30,$34,$15,$-0,$14,$5,$9,$9,$9,$0,$0,$45,46,$0.20,$0.20,$257,$0,$0,$2711,$101,$763,$91,$174,$1178,$3889,$3402,$24,$0,$24,$3426,$0,$68,$5,$463,$3889,$9,$-3,$4,$2,$-3,$0,$4,$0,$0,$11,$9,$0,$0,$0,$6,$6,$-24,$-10,$0,$40,$40,$0,$0,$-0,$57,$97,$98,$1,$-0
15,2014-12-31,11.58,$9.98,1.16,$4.10,2.82,$1.81,6.41,$0.30,38.6,$2.58B,$3.30B,0.78,$0.02B,$0.45B,0.05,$0.17B,$0.16B,95.76%,$0.17B,$0.03B,18.79%,$0.17B,0,0.00%,$0.17B,0,0.00%,$0.17B,$0.02B,12.73%,$0.17B,$0.01B,7.88%,$0.01B,$0.45B,3.12%,$0.01B,$0.36B,3.99%,$0.01B,$3.78B,0.36%,$0.03B,$0.48B,7.04%,$46,$2,$44,$0,$29,$33,$12,$-1,$12,$4,$7,$7,$7,$0,$0,$41,41,$0.18,$0.17,$162,$0,$0,$2582,$99,$769,$92,$186,$1195,$3777,$3300,$24,$0,$24,$3324,$0,$59,$4,$452,$3777,$13,$-4,$3,$-0,$-8,$0,$-3,$0,$-12,$1,$35,$0,$130,$0,$-24,$-24,$20,$161,$0,$115,$115,$1,$1,$-2,$-294,$-179,$-16,$2,$-2
16,2014-09-30,10.05,$9.78,1.03,$4.01,2.51,$2.19,4.59,$0.20,50.27,$2.64B,$3.17B,0.83,$0.02B,$0.44B,0.05,$0.15B,$0.14B,95.33%,$0.15B,$0.02B,10.67%,$0.15B,0,0.00%,$0.15B,0,0.00%,$0.15B,$0.01B,8.00%,$0.15B,$0.01B,5.33%,$0.01B,$0.44B,2.15%,$0.01B,$0.35B,2.75%,$0.01B,$3.64B,0.25%,$0.02B,$0.47B,4.06%,$44,$2,$42,$0,$31,$35,$9,$-3,$5,$2,$4,$4,$4,$0,$0,$45,45,$0.08,$0.08,$211,$0,$0,$2636,$99,$558,$93,$196,$1003,$3639,$3173,$24,$0,$24,$3197,$0,$52,$1,$442,$3639,$6,$-19,$1,$-18,$11,$0,$6,$0,$17,$4,$25,$0,$130,$0,$183,$183,$4,$342,$0,$9,$9,$1,$1,$-1,$-319,$-311,$36,$1,$-1
17,2014-06-30,10.87,$9.76,1.11,$4.19,2.59,$2.71,4.01,$0.22,49.41,$2.90B,$3.44B,0.84,$0.02B,$0.44B,0.05,$0.14B,$0.13B,95.04%,$0.14B,$0.02B,10.64%,$0.14B,0,0.00%,$0.14B,0,0.00%,$0.14B,$0.01B,8.51%,$0.14B,$0.01B,4.96%,$0.01B,$0.44B,2.12%,$0.01B,$0.35B,2.70%,$0.01B,$3.90B,0.24%,$0.02B,$0.46B,4.29%,$39,$2,$38,$0,$29,$33,$6,$-5,$2,$1,$1,$1,$1,$0,$0,$39,39,$0.03,$0.03,$516,$0,$0,$2903,$99,$559,$94,$194,$999,$3902,$3438,$24,$0,$24,$3462,$0,$49,$2,$439,$3902,$2,$-12,$4,$-8,$2,$0,$0,$0,$2,$-4,$16,$0,$130,$0,$185,$185,$54,$385,$0,$13,$13,$1,$1,$-1,$-53,$-40,$341,$0,$-1
18,2014-03-31,10.59,$9.38,1.13,$4.32,2.45,$3.29,3.22,$0.28,37.82,$2.02B,$2.65B,0.76,$0.02B,$0.33B,0.07,$0.14B,$0.13B,94.85%,$0.14B,$0.02B,11.03%,$0.14B,0,0.00%,$0.14B,0,0.00%,$0.14B,$0.01B,10.29%,$0.14B,$0.01B,6.62%,$0.01B,$0.33B,3.13%,$0.01B,$0.25B,3.96%,$0.01B,$3.01B,0.36%,$0.02B,$0.36B,4.90%,$36,$2,$34,$0,$28,$32,$4,$-2,$2,$1,$1,$1,$1,$0,$0,$34,35,$0.03,$0.03,$220,$0,$0,$2024,$95,$625,$86,$167,$981,$3006,$2649,$24,$0,$24,$2673,$0,$49,$-3,$333,$3006,$1,$-6,$7,$2,$-3,$0,$-4,$0,$-7,$-4,$3,$7,$77,$0,$-98,$-98,$28,$18,$0,$8,$8,$1,$1,$-0,$24,$32,$45,$0,$-0
19,2013-12-31,9.83,$9.08,1.08,$4.45,2.21,$3.79,2.59,$0.40,24.58,$1.64B,$2.13B,0.77,$0.02B,$0.27B,0.06,$0.14B,$0.13B,94.81%,$0.14B,$0.02B,13.33%,$0.14B,0,0.00%,$0.14B,0,0.00%,$0.14B,$0.02B,13.33%,$0.14B,$0.01B,9.63%,$0.01B,$0.27B,4.76%,$0.01B,$0.22B,5.86%,$0.01B,$2.42B,0.55%,$0.02B,$0.29B,6.20%,$31,$1,$29,$0,$30,$33,$-3,$-1,$3,$1,$2,$2,$2,$0,$0,$30,30,$0.07,$0.07,$175,$0,$0,$1636,$97,$465,$51,$162,$780,$2416,$2126,$17,$0,$17,$2143,$0,$48,$-4,$273,$2416,$12,$-7,$13,$5,$-6,$0,$3,$0,$-3,$14,$24,$0,$0,$0,$-54,$-54,$3,$-27,$0,$-7,$-7,$0,$0,$-1,$59,$51,$38,$1,$-1
20,2013-09-30,9.37,$9.06,1.03,$4.63,2.02,$3.27,2.86,$0.41,22.85,$1.55B,$2.05B,0.76,$0.02B,$0.27B,0.06,$0.14B,$0.13B,95.00%,$0.14B,$0.02B,16.43%,$0.14B,0,0.00%,$0.14B,0,0.00%,$0.14B,$0.02B,13.57%,$0.14B,$0.01B,9.29%,$0.01B,$0.27B,4.75%,$0.01B,$0.22B,5.87%,$0.01B,$2.34B,0.55%,$0.02B,$0.29B,7.92%,$35,$1,$33,$0,$24,$27,$8,$-3,$5,$2,$3,$3,$3,$0,$0,$30,30,$0.10,$0.10,$107,$0,$0,$1552,$97,$465,$51,$167,$784,$2336,$2046,$17,$0,$17,$2063,$0,$47,$-4,$273,$2336,$10,$-16,$13,$-3,$8,$0,$1,$0,$9,$17,$19,$0,$0,$0,$-51,$-51,$12,$-20,$0,$10,$10,$0,$0,$-1,$-35,$-26,$-30,$0,$-1
21,2013-06-30,8.39,$9.02,0.93,$4.81,1.75,$2.91,2.88,$0.40,20.98,$1.52B,$2.07B,0.74,$0.02B,$0.27B,0.06,$0.15B,$0.14B,95.17%,$0.15B,$0.02B,14.48%,$0.15B,0,0.00%,$0.15B,0,0.00%,$0.15B,$0.02B,12.41%,$0.15B,$0.01B,8.97%,$0.01B,$0.27B,4.75%,$0.01B,$0.22B,5.88%,$0.01B,$2.36B,0.55%,$0.02B,$0.29B,7.22%,$34,$2,$33,$0,$25,$29,$6,$-2,$4,$1,$3,$3,$3,$0,$0,$30,30,$0.09,$0.09,$104,$0,$0,$1523,$97,$500,$52,$182,$832,$2355,$2067,$17,$0,$17,$2084,$0,$44,$-2,$271,$2355,$7,$-10,$10,$1,$8,$0,$-1,$0,$7,$15,$12,$0,$0,$0,$-82,$-82,$26,$-45,$0,$17,$17,$0,$0,$-1,$-20,$-3,$-33,$0,$-1
22,2013-03-31,8.29,$9.18,0.9,$5.03,1.65,$2.44,3.39,$0.43,19.27,$1.58B,$2.09B,0.75,$0.02B,$0.28B,0.06,$0.15B,$0.14B,94.74%,$0.15B,$0.02B,13.82%,$0.15B,0,0.00%,$0.15B,0,0.00%,$0.15B,$0.02B,12.50%,$0.15B,$0.01B,9.21%,$0.01B,$0.28B,5.12%,$0.01B,$0.22B,6.37%,$0.01B,$2.39B,0.59%,$0.02B,$0.29B,6.96%,$35,$2,$33,$0,$24,$27,$7,$-1,$6,$2,$5,$5,$5,$0,$0,$30,30,$0.15,$0.15,$177,$0,$0,$1575,$97,$469,$52,$196,$814,$2389,$2094,$17,$0,$19,$2113,$0,$41,$5,$276,$2389,$5,$-5,$7,$2,$2,$0,$-1,$0,$1,$8,$6,$0,$0,$0,$-38,$-38,$40,$8,$0,$8,$8,$0,$0,$-0,$17,$24,$40,$0,$-0
23,2012-12-31,8.23,$9.09,0.9,$5.12,1.61,$2.16,3.82,$0.32,25.71,$1.56B,$2.07B,0.75,$0.02B,$0.27B,0.06,$0.15B,$0.15B,94.81%,$0.15B,$0.02B,11.69%,$0.15B,0,0.00%,$0.15B,0,0.00%,$0.15B,$0.02B,9.74%,$0.15B,$0.01B,6.49%,$0.01B,$0.27B,3.70%,$0.01B,$0.22B,4.63%,$0.01B,$2.36B,0.41%,$0.02B,$0.29B,6.03%,$36,$2,$34,$0,$31,$34,$2,$-0,$4,$1,$2,$2,$2,$0,$0,$30,30,$0.08,$0.08,$142,$0,$0,$1560,$98,$436,$52,$218,$803,$2363,$2071,$17,$0,$19,$2090,$0,$37,$7,$274,$2363,$10,$-11,$11,$-0,$-1,$0,$-1,$0,$-2,$8,$15,$0,$81,$0,$170,$170,$64,$330,$0,$-12,$-12,$0,$0,$-1,$-339,$-352,$-14,$1,$-1
24,2012-09-30,8.59,$9.10,0.94,$6.48,1.33,$1.05,8.19,$0.72,11.94,$1.53B,$2.09B,0.73,$0.02B,$0.27B,0.06,$0.20B,$0.19B,95.38%,$0.20B,$0.04B,21.03%,$0.20B,0,0.00%,$0.20B,0,0.00%,$0.20B,$0.03B,16.41%,$0.20B,$0.02B,11.28%,$0.02B,$0.27B,8.22%,$0.02B,$0.22B,10.22%,$0.02B,$2.38B,0.91%,$0.04B,$0.29B,13.85%,$40,$2,$38,$0,$30,$34,$6,$-2,$4,$1,$3,$3,$3,$0,$0,$30,30,$0.09,$0.09,$103,$0,$0,$1529,$98,$473,$54,$223,$849,$2378,$2085,$17,$0,$19,$2104,$0,$35,$10,$274,$2378,$8,$-8,$11,$3,$0,$0,$3,$0,$3,$13,$11,$0,$81,$0,$143,$143,$45,$280,$0,$-2,$-2,$0,$0,$-1,$-339,$-341,$-48,$0,$-1
25,2012-06-30,6.88,$8.95,0.77,$6.23,1.1,$0.90,7.63,$0.56,12.29,$1.56B,$2.11B,0.74,$0.06B,$0.27B,0.23,$0.19B,$0.18B,94.65%,$0.19B,$0.03B,18.18%,$0.19B,0,0.00%,$0.19B,0,0.00%,$0.19B,$0.03B,13.37%,$0.19B,$0.02B,9.09%,$0.02B,$0.27B,6.50%,$0.02B,$0.22B,8.00%,$0.02B,$2.44B,0.72%,$0.03B,$0.33B,11.73%,$41,$2,$39,$0,$31,$35,$6,$-1,$5,$2,$4,$4,$4,$0,$0,$30,30,$0.12,$0.12,$118,$0,$0,$1556,$101,$491,$55,$237,$884,$2440,$2105,$62,$3,$66,$2171,$0,$33,$8,$269,$2440,$5,$-5,$5,$0,$3,$0,$2,$0,$5,$10,$2,$0,$81,$0,$125,$125,$19,$227,$10,$-0,$10,$0,$0,$-1,$-281,$-272,$-34,$0,$-1
26,2012-03-31,7.84,$8.77,0.89,$5.99,1.31,$0.90,8.67,$0.30,26.13,$1.57B,$2.25B,0.7,$0.02B,$0.26B,0.06,$0.18B,$0.17B,93.89%,$0.18B,$0.02B,12.22%,$0.18B,0,0.00%,$0.18B,0,0.00%,$0.18B,$0.01B,7.22%,$0.18B,$0.01B,5.00%,$0.01B,$0.26B,3.51%,$0.01B,$0.21B,4.27%,$0.01B,$2.53B,0.39%,$0.02B,$0.28B,8.05%,$37,$3,$35,$0,$29,$33,$4,$-2,$2,$0,$1,$1,$1,$0,$0,$30,30,$0.04,$0.04,$135,$0,$0,$1574,$97,$558,$55,$245,$959,$2533,$2253,$17,$0,$17,$2270,$0,$29,$5,$264,$2533,$1,$-2,$2,$-0,$3,$0,$-3,$0,$1,$2,$3,$0,$81,$0,$49,$49,$17,$150,$0,$36,$36,$0,$0,$-0,$-205,$-169,$-16,$0,$-0
27,2011-12-31,6.35,$8.74,0.73,$6.13,1.04,$0.91,7.01,$0.27,23.53,$1.42B,$2.00B,0.71,$0.02B,$0.26B,0.07,$0.18B,$0.17B,93.48%,$0.18B,$0.02B,9.78%,$0.18B,0,0.00%,$0.18B,0,0.00%,$0.18B,$0.01B,5.98%,$0.18B,$0.01B,4.35%,$0.01B,$0.26B,3.15%,$0.01B,$0.22B,3.79%,$0.01B,$2.28B,0.36%,$0.02B,$0.28B,6.65%,$77,$3,$74,$0,$48,$52,$25,$-6,$21,$7,$14,$14,$14,$0,$0,$30,30,$0.46,$0.46,$151,$0,$0,$1418,$94,$602,$43,$124,$867,$2284,$2002,$17,$3,$20,$2022,$0,$28,$6,$263,$2284,$8,$-1,$-2,$-3,$-4,$0,$-3,$0,$-7,$-2,$-9,$0,$78,$0,$-86,$-86,$99,$82,$0,$-28,$-28,$0,$0,$-1,$-77,$-107,$-26,$1,$-1
28,2011-09-30,5.01,$8.32,0.6,$4.83,1.04,$1.18,4.26,$-0.19,0.0,$1.33B,$1.89B,0.7,$0.02B,$0.25B,0.06,$0.14B,$0.13B,90.85%,$0.14B,$-0.01B,-4.93%,$0.14B,0,0.00%,$0.14B,0,0.00%,$0.14B,$-0.01B,-7.04%,$0.14B,$-0.01B,-4.23%,$-0.01B,$0.25B,-2.39%,$-0.01B,$0.21B,-2.87%,$-0.01B,$2.15B,-0.28%,$-0.01B,$0.27B,-2.59%,$32,$3,$29,$0,$29,$33,$-1,$-2,$-3,$-1,$-2,$-2,$-2,$0,$0,$30,30,$-0.07,$-0.07,$183,$0,$0,$1326,$89,$566,$42,$120,$827,$2154,$1886,$16,$2,$18,$1904,$0,$14,$7,$250,$2154,$-6,$-2,$16,$15,$-2,$0,$5,$0,$3,$12,$8,$0,$4,$0,$-50,$-50,$58,$21,$-12,$-6,$-18,$0,$0,$-1,$-8,$-27,$5,$1,$-1
29,2011-06-30,6.62,$8.33,0.79,$5.02,1.32,$0.88,7.51,$-0.37,0.0,$1.42B,$1.89B,0.75,$0.02B,$0.25B,0.06,$0.15B,$0.13B,90.41%,$0.15B,$-0.02B,-12.33%,$0.15B,0,0.00%,$0.15B,0,0.00%,$0.15B,$-0.02B,-13.01%,$0.15B,$-0.01B,-8.22%,$-0.01B,$0.25B,-4.74%,$-0.01B,$0.21B,-5.69%,$-0.01B,$2.16B,-0.56%,$-0.02B,$0.27B,-6.53%,$34,$3,$31,$0,$35,$40,$-6,$-2,$-7,$-3,$-4,$-4,$-4,$0,$0,$30,30,$-0.14,$-0.14,$251,$0,$0,$1424,$88,$464,$42,$127,$732,$2157,$1888,$16,$2,$18,$1906,$0,$17,$5,$250,$2157,$-4,$-1,$10,$9,$-1,$0,$3,$0,$2,$7,$6,$0,$4,$0,$50,$50,$28,$88,$-12,$24,$12,$0,$0,$-1,$-34,$-23,$72,$0,$-1
30,2011-03-31,6.68,$8.42,0.79,$5.04,1.32,$0.38,17.54,$-0.20,0.0,$1.38B,$1.95B,0.71,$0.02B,$0.25B,0.07,$0.14B,$0.13B,89.44%,$0.14B,$-0.01B,-7.04%,$0.14B,0,0.00%,$0.14B,0,0.00%,$0.14B,$-0.01B,-7.75%,$0.14B,$-0.01B,-4.93%,$-0.01B,$0.25B,-2.81%,$-0.01B,$0.21B,-3.36%,$-0.01B,$2.23B,-0.34%,$-0.01B,$0.27B,-3.64%,$41,$3,$38,$0,$36,$41,$0,$-0,$-0,$-0,$0,$0,$0,$0,$0,$30,30,$0.01,$0.01,$168,$0,$0,$1376,$87,$595,$43,$117,$850,$2226,$1948,$19,$6,$25,$1973,$0,$21,$3,$253,$2226,$0,$-1,$3,$2,$-1,$0,$3,$0,$2,$4,$2,$0,$4,$0,$-75,$-75,$10,$-59,$0,$16,$16,$0,$0,$-0,$27,$44,$-12,$0,$-0
31,2010-12-31,7.55,$8.41,0.9,$4.77,1.58,$0.24,31.7,$-0.19,0.0,$1.29B,$1.78B,0.73,$0.03B,$0.25B,0.11,$0.13B,$0.11B,86.92%,$0.13B,$-0.01B,-6.92%,$0.13B,0,0.00%,$0.13B,0,0.00%,$0.13B,$-0.01B,-7.69%,$0.13B,$-0.01B,-5.38%,$-0.01B,$0.25B,-2.88%,$-0.01B,$0.21B,-3.43%,$-0.01B,$2.06B,-0.36%,$-0.01B,$0.28B,-3.31%,$35,$4,$31,$0,$30,$35,$-0,$0,$0,$-0,$0,$0,$0,$0,$0,$28,28,$0.00,$0.00,$180,$0,$0,$1290,$85,$511,$42,$127,$773,$2063,$1777,$28,$6,$34,$1811,$0,$22,$3,$252,$2063,$-6,$5,$21,$26,$11,$0,$-9,$0,$2,$22,$-24,$0,$55,$0,$-33,$-33,$8,$7,$0,$-113,$-113,$34,$34,$-1,$37,$-43,$-15,$1,$-1
32,2010-09-30,8.17,$8.58,0.95,$5.17,1.58,$1.00,8.15,$-0.36,0.0,$1.24B,$1.84B,0.67,$0.03B,$0.26B,0.11,$0.13B,$0.11B,85.60%,$0.13B,$-0.02B,-13.60%,$0.13B,0,0.00%,$0.13B,0,0.00%,$0.13B,$-0.02B,-13.60%,$0.13B,$-0.01B,-8.80%,$-0.01B,$0.26B,-4.64%,$-0.01B,$0.22B,-5.49%,$-0.01B,$2.12B,-0.59%,$-0.02B,$0.29B,-6.35%,$36,$4,$32,$0,$43,$48,$-12,$0,$-12,$-4,$-8,$-8,$-8,$0,$0,$29,29,$-0.27,$-0.27,$128,$0,$0,$1239,$74,$650,$42,$113,$884,$2123,$1838,$28,$0,$28,$1866,$0,$22,$8,$257,$2123,$-6,$5,$21,$26,$-2,$0,$2,$0,$0,$20,$-9,$0,$55,$0,$-145,$-145,$12,$-86,$-21,$-82,$-103,$34,$34,$-1,$71,$1,$-66,$1,$-1
33,2010-06-30,9.59,$8.99,1.07,$5.23,1.83,$1.31,7.34,$-0.28,0.0,$1.03B,$1.56B,0.66,$0.03B,$0.23B,0.13,$0.12B,$0.10B,83.62%,$0.12B,$-0.01B,-7.76%,$0.12B,0,0.00%,$0.12B,0,0.00%,$0.12B,$-0.01B,-7.76%,$0.12B,$-0.01B,-4.31%,$-0.01B,$0.23B,-2.16%,$-0.01B,$0.20B,-2.55%,$-0.01B,$1.82B,-0.28%,$-0.01B,$0.26B,-3.39%,$30,$4,$26,$0,$23,$28,$2,$-0,$1,$0,$1,$1,$1,$0,$0,$26,26,$0.03,$0.03,$107,$0,$0,$1032,$72,$627,$35,$51,$789,$1821,$1558,$31,$0,$31,$1589,$0,$29,$9,$233,$1821,$1,$4,$5,$9,$-20,$0,$15,$0,$-5,$5,$-7,$0,$0,$0,$-142,$-142,$6,$-143,$-3,$-68,$-71,$1,$1,$-1,$123,$52,$-86,$0,$-1
34,2010-03-31,11.63,$8.90,1.31,$5.99,1.94,$1.87,6.21,$-0.40,0.0,$1.12B,$1.52B,0.74,$0.03B,$0.23B,0.13,$0.11B,$0.09B,80.91%,$0.11B,$-0.01B,-10.91%,$0.11B,0,0.00%,$0.11B,0,0.00%,$0.11B,$-0.01B,-10.00%,$0.11B,$-0.01B,-6.36%,$-0.01B,$0.23B,-3.20%,$-0.01B,$0.19B,-3.84%,$-0.01B,$1.78B,-0.40%,$-0.01B,$0.26B,-4.64%,$29,$4,$24,$0,$22,$27,$1,$-1,$1,$0,$0,$0,$0,$0,$0,$26,26,$0.02,$0.02,$191,$0,$0,$1121,$64,$505,$35,$47,$656,$1777,$1517,$31,$0,$31,$1547,$0,$29,$7,$229,$1777,$0,$2,$2,$4,$-4,$0,$2,$0,$-1,$3,$-2,$0,$0,$0,$-34,$-34,$8,$-28,$-3,$-10,$-13,$0,$0,$-0,$36,$23,$-2,$0,$-0
35,2009-12-31,9.58,$8.90,1.08,$6.72,1.43,$2.53,3.79,$-0.39,0.0,$1.14B,$1.49B,0.76,$0.03B,$0.23B,0.15,$0.10B,$0.08B,77.88%,$0.10B,$-0.01B,-11.54%,$0.10B,0,0.00%,$0.10B,0,0.00%,$0.10B,$-0.01B,-10.58%,$0.10B,$-0.01B,-5.77%,$-0.01B,$0.23B,-2.91%,$-0.01B,$0.19B,-3.53%,$-0.01B,$1.75B,-0.34%,$-0.01B,$0.26B,-4.80%,$30,$5,$25,$0,$31,$38,$-8,$0,$-7,$-3,$-4,$-4,$-4,$0,$0,$18,18,$-0.24,$-0.24,$192,$0,$0,$1135,$62,$471,$35,$44,$617,$1751,$1488,$34,$0,$34,$1522,$0,$29,$7,$229,$1751,$-6,$8,$19,$28,$-8,$0,$2,$0,$-5,$16,$-4,$0,$156,$0,$-196,$-196,$-95,$-139,$0,$54,$54,$81,$53,$-2,$133,$237,$115,$0,$-2
36,2009-09-30,7.48,$9.14,0.82,$6.67,1.12,$1.95,3.84,$-0.23,0.0,$1.13B,$1.51B,0.75,$0.04B,$0.24B,0.17,$0.09B,$0.07B,74.47%,$0.09B,$-0.00B,-4.26%,$0.09B,0,0.00%,$0.09B,0,0.00%,$0.09B,$-0.00B,-4.26%,$0.09B,$-0.00B,-2.13%,$-0.00B,$0.24B,-1.03%,$-0.00B,$0.20B,-1.27%,$-0.00B,$1.78B,-0.12%,$-0.00B,$0.28B,-1.68%,$27,$5,$22,$0,$25,$31,$-4,$-0,$-4,$-2,$-2,$-2,$-2,$0,$0,$21,21,$-0.17,$-0.17,$195,$0,$0,$1131,$65,$516,$37,$35,$653,$1784,$1509,$40,$0,$40,$1548,$0,$33,$9,$236,$1784,$-2,$5,$9,$14,$0,$0,$4,$0,$4,$16,$-3,$0,$156,$0,$-238,$-238,$-80,$-165,$1,$126,$127,$81,$53,$-2,$84,$262,$114,$0,$-2
37,2009-06-30,7.03,$14.40,0.49,$6.84,1.03,$1.46,4.81,0,0.0,$1.02B,$1.49B,0.69,$0.06B,$0.15B,0.37,$0.09B,$0.06B,69.77%,$0.09B,$0.00B,1.16%,$0.09B,0,0.00%,$0.09B,0,0.00%,$0.09B,$0.00B,1.16%,$0.09B,$0.00B,1.16%,$0.00B,$0.18B,0.58%,$0.00B,$0.14B,0.73%,$0.00B,$1.72B,0.07%,$0.00B,$0.24B,0.48%,$24,$6,$18,$0,$18,$25,$-1,$-1,$-1,$-1,$-1,$-1,$-1,$0,$0,$12,13,$-0.09,$-0.09,$105,$0,$0,$1022,$63,$557,$37,$42,$701,$1723,$1487,$56,$0,$56,$1543,$0,$37,$3,$180,$1723,$0,$3,$5,$8,$-8,$0,$7,$0,$-1,$7,$-1,$0,$156,$0,$-287,$-287,$-48,$-180,$18,$133,$150,$0,$0,$-1,$52,$201,$28,$0,$-1
38,2009-03-31,10.42,$14.48,0.72,$6.53,1.6,$1.15,9.08,$0.21,49.6,$1.03B,$1.58B,0.66,$0.05B,$0.15B,0.3,$0.08B,$0.06B,67.07%,$0.08B,$0.00B,4.88%,$0.08B,0,0.00%,$0.08B,0,0.00%,$0.08B,$0.00B,4.88%,$0.08B,$0.00B,3.66%,$0.00B,$0.18B,1.82%,$0.00B,$0.14B,2.29%,$0.00B,$1.80B,0.21%,$0.00B,$0.23B,2.09%,$23,$7,$16,$0,$14,$22,$1,$-0,$1,$0,$1,$1,$1,$0,$0,$12,13,$0.03,$0.03,$136,$0,$0,$1032,$62,$624,$38,$45,$770,$1802,$1576,$46,$0,$46,$1621,$0,$38,$3,$181,$1802,$1,$1,$1,$2,$6,$0,$1,$0,$8,$11,$-2,$0,$156,$0,$-352,$-352,$-20,$-218,$7,$121,$129,$0,$0,$-1,$138,$266,$58,$0,$-1
39,2008-12-31,15.99,$14.36,1.11,$6.27,2.55,$0.47,34.38,$0.27,59.24,$0.96B,$1.12B,0.86,$0.04B,$0.15B,0.25,$0.08B,$0.05B,64.56%,$0.08B,$0.01B,6.33%,$0.08B,0,0.00%,$0.08B,0,0.00%,$0.08B,$0.01B,6.33%,$0.08B,$0.00B,3.80%,$0.00B,$0.18B,1.91%,$0.00B,$0.15B,2.41%,$0.00B,$1.33B,0.24%,$0.01B,$0.22B,2.85%,$20,$6,$14,$0,$13,$21,$-0,$0,$-0,$-0,$0,$0,$0,$0,$0,$12,13,$-0.01,$-0.01,$78,$0,$0,$962,$61,$257,$32,$19,$372,$1333,$1116,$38,$0,$38,$1154,$0,$38,$2,$179,$1333,$3,$3,$4,$7,$-0,$0,$-2,$0,$-2,$8,$-7,$0,$0,$0,$-50,$-50,$-59,$-116,$0,$66,$66,$0,$28,$-2,$21,$113,$5,$0,$-2
40,2008-09-30,16.78,$11.96,1.4,$6.45,2.6,$0.29,57.92,$0.41,40.92,$0.94B,$1.07B,0.88,$0.01B,$0.15B,0.08,$0.08B,$0.05B,61.73%,$0.08B,$0.01B,9.88%,$0.08B,0,0.00%,$0.08B,0,0.00%,$0.08B,$0.01B,9.88%,$0.08B,$0.01B,6.17%,$0.01B,$0.15B,3.36%,$0.01B,$0.12B,4.30%,$0.01B,$1.24B,0.41%,$0.01B,$0.16B,4.66%,$19,$6,$12,$0,$10,$18,$1,$-0,$1,$0,$1,$1,$1,$0,$0,$12,13,$0.06,$0.06,$71,$0,$0,$940,$60,$186,$32,$14,$294,$1235,$1073,$13,$0,$13,$1086,$0,$39,$-1,$149,$1235,$3,$2,$2,$4,$1,$0,$-1,$0,$-1,$7,$-5,$0,$0,$0,$20,$20,$-40,$-25,$14,$17,$31,$0,$0,$-1,$-13,$16,$-1,$0,$-1
41,2008-06-30,10.33,$11.94,0.87,$6.68,1.55,$0.07,148.0,$0.50,20.66,$0.91B,$1.06B,0.86,$0.01B,$0.15B,0.08,$0.08B,$0.05B,60.71%,$0.08B,$0.01B,11.90%,$0.08B,0,0.00%,$0.08B,0,0.00%,$0.08B,$0.01B,11.90%,$0.08B,$0.01B,7.14%,$0.01B,$0.15B,4.05%,$0.01B,$0.12B,5.23%,$0.01B,$1.22B,0.49%,$0.01B,$0.16B,5.85%,$20,$7,$13,$0,$10,$18,$2,$-0,$2,$1,$1,$1,$1,$0,$0,$12,13,$0.12,$0.12,$70,$0,$0,$913,$58,$200,$32,$16,$309,$1222,$1061,$13,$0,$13,$1073,$0,$38,$-1,$149,$1222,$3,$1,$1,$2,$0,$0,$-1,$0,$-0,$4,$-2,$0,$0,$0,$2,$2,$-11,$-10,$13,$0,$13,$0,$0,$-1,$-8,$4,$-2,$0,$-1
42,2008-03-31,11.95,$12.05,0.99,$6.79,1.76,$-0.21,0.0,$0.56,21.34,$0.95B,$1.09B,0.87,$0.01B,$0.15B,0.08,$0.09B,$0.05B,59.30%,$0.09B,$0.01B,12.79%,$0.09B,0,0.00%,$0.09B,0,0.00%,$0.09B,$0.01B,12.79%,$0.09B,$0.01B,8.14%,$0.01B,$0.15B,4.78%,$0.01B,$0.12B,6.21%,$0.01B,$1.25B,0.57%,$0.01B,$0.16B,6.49%,$20,$8,$12,$0,$9,$18,$2,$0,$2,$0,$1,$1,$1,$0,$0,$12,13,$0.09,$0.09,$118,$0,$0,$946,$57,$198,$33,$15,$303,$1249,$1086,$13,$0,$13,$1099,$0,$37,$2,$150,$1249,$1,$1,$1,$1,$-0,$0,$-0,$0,$-0,$2,$-2,$0,$0,$0,$8,$8,$7,$14,$-5,$2,$-3,$0,$0,$-0,$32,$29,$45,$0,$-0
43,2007-12-31,11.27,$11.92,0.94,$6.80,1.66,$-0.27,0.0,$0.63,17.88,$0.91B,$1.01B,0.9,$0.06B,$0.15B,0.37,$0.08B,$0.05B,59.52%,$0.08B,$0.01B,14.29%,$0.08B,0,0.00%,$0.08B,0,0.00%,$0.08B,$0.01B,14.29%,$0.08B,$0.01B,9.52%,$0.01B,$0.15B,5.76%,$0.01B,$0.12B,7.26%,$0.01B,$1.22B,0.67%,$0.01B,$0.20B,7.43%,$22,$9,$13,$0,$10,$19,$3,$0,$3,$1,$2,$2,$2,$0,$0,$12,12,$0.14,$0.14,$72,$0,$0,$909,$55,$205,$33,$14,$309,$1217,$1014,$55,$0,$55,$1069,$0,$37,$1,$148,$1217,$8,$3,$1,$3,$-2,$0,$-1,$0,$-3,$8,$-9,$0,$9,$0,$47,$47,$-63,$-15,$0,$12,$12,$1,$1,$-2,$-51,$-40,$-48,$1,$-2
44,2007-09-30,14.84,$11.71,1.27,$6.59,2.25,$-0.09,0.0,$0.68,21.83,$0.90B,$1.07B,0.85,$0.01B,$0.15B,0.09,$0.08B,$0.05B,60.00%,$0.08B,$0.01B,15.00%,$0.08B,0,0.00%,$0.08B,0,0.00%,$0.08B,$0.01B,15.00%,$0.08B,$0.01B,10.00%,$0.01B,$0.15B,6.10%,$0.01B,$0.11B,7.44%,$0.01B,$1.23B,0.69%,$0.01B,$0.16B,8.42%,$22,$9,$13,$0,$9,$19,$3,$0,$3,$1,$2,$2,$2,$0,$0,$12,13,$0.16,$0.15,$66,$0,$0,$902,$54,$221,$34,$14,$323,$1226,$1067,$13,$0,$13,$1080,$0,$36,$-0,$146,$1226,$6,$2,$1,$3,$-3,$0,$-0,$0,$-3,$6,$-7,$0,$8,$0,$29,$29,$-61,$-30,$0,$-10,$-10,$1,$1,$-1,$-19,$-30,$-54,$0,$-1
45,2007-06-30,16.75,$11.44,1.46,$6.40,2.62,$-0.11,0.0,$0.73,22.95,$0.91B,$1.09B,0.84,$0.01B,$0.14B,0.09,$0.08B,$0.05B,61.33%,$0.08B,$0.01B,17.33%,$0.08B,0,0.00%,$0.08B,0,0.00%,$0.08B,$0.01B,17.33%,$0.08B,$0.01B,10.67%,$0.01B,$0.14B,6.48%,$0.01B,$0.11B,7.60%,$0.01B,$1.24B,0.72%,$0.01B,$0.16B,9.68%,$22,$8,$13,$0,$9,$18,$3,$0,$3,$1,$2,$2,$2,$0,$0,$12,13,$0.18,$0.18,$86,$0,$0,$909,$53,$231,$34,$12,$332,$1241,$1086,$13,$0,$13,$1099,$0,$34,$-2,$142,$1241,$4,$1,$0,$1,$-1,$0,$-1,$0,$-2,$3,$-5,$0,$8,$0,$17,$17,$-46,$-27,$0,$15,$15,$1,$1,$-1,$-25,$-10,$-34,$0,$-1
46,2007-03-31,16.33,$10.71,1.53,$6.12,2.67,$-0.13,0.0,$0.74,22.07,$0.78B,$0.96B,0.82,$0.01B,$0.12B,0.08,$0.07B,$0.04B,63.77%,$0.07B,$0.01B,20.29%,$0.07B,0,0.00%,$0.07B,0,0.00%,$0.07B,$0.01B,20.29%,$0.07B,$0.01B,11.59%,$0.01B,$0.12B,6.91%,$0.01B,$0.11B,7.79%,$0.01B,$1.09B,0.76%,$0.01B,$0.13B,11.13%,$18,$7,$11,$0,$8,$15,$3,$0,$3,$1,$2,$2,$2,$0,$0,$11,11,$0.16,$0.16,$100,$0,$0,$782,$42,$239,$13,$9,$304,$1087,$957,$10,$0,$10,$967,$0,$32,$-0,$120,$1087,$2,$1,$0,$1,$-1,$0,$-0,$0,$-1,$2,$-2,$0,$0,$0,$-1,$-1,$-26,$-29,$0,$11,$11,$0,$0,$-0,$-3,$8,$-20,$0,$-0
47,2006-12-31,19.28,$10.54,1.83,$5.80,3.32,$-0.25,0.0,$0.75,25.7,$0.78B,$0.95B,0.82,$0.01B,$0.12B,0.09,$0.07B,$0.04B,66.15%,$0.07B,$0.01B,21.54%,$0.07B,0,0.00%,$0.07B,0,0.00%,$0.07B,$0.01B,21.54%,$0.07B,$0.01B,12.31%,$0.01B,$0.12B,7.06%,$0.01B,$0.10B,8.00%,$0.01B,$1.08B,0.77%,$0.01B,$0.13B,11.36%,$18,$7,$11,$0,$7,$14,$3,$0,$3,$1,$2,$2,$2,$0,$0,$11,11,$0.20,$0.19,$120,$0,$0,$776,$40,$238,$13,$9,$301,$1077,$950,$10,$0,$10,$960,$0,$31,$-1,$117,$1077,$8,$3,$1,$4,$-2,$0,$-0,$0,$-2,$11,$-10,$0,$14,$0,$-6,$-6,$-90,$-92,$0,$10,$10,$0,$0,$-2,$97,$106,$25,$1,$-2
