,Date,Stock Price,Book Value per Share,Price to Book Ratio,TTM Sales per Share,Price to Sales Ratio,TTM FCF per Share,Price to FCF Ratio,TTM Net EPS,PE Ratio,Current Assets,Current Liabilities,Current Ratio,Long Term Debt,Shareholder's Equity_x,Debt to Equity Ratio,TTM Revenue_x,TTM Gross Profit,Gross Margin,TTM Revenue_y,TTM Operating Income,Operating Margin,TTM Revenue_x,TTM EBIT,EBIT Margin,TTM Revenue_y,TTM EBITDA,EBITDA Margin,TTM Revenue_x,TTM Pre-Tax Income,Pre-Tax Margin,TTM Revenue_y,TTM Net Income_x,Net Margin,TTM Net Income_y,Shareholder's Equity_y,Return on Equity,TTM Net Income_x,Tangible Equity,Return on Tangible Equity,TTM Net Income_y,Total Assets,Return on Assets,TTM Net Income,LT Investments & Debt,Return on Investment,revenue,cost-goods-sold,gross-profit,research-development-expenses,selling-general-administrative-expenses,operating-expenses,operating-income,total-non-operating-income-expense,pre-tax-income,total-provision-income-taxes,income-after-taxes,income-from-continuous-operations,net-income,ebitda,ebit,basic-shares-outstanding,shares-outstanding,eps-basic-net-earnings-per-share,eps-earnings-per-share-diluted,cash-on-hand,inventory,other-current-assets,total-current-assets,net-property-plant-equipment,long-term-investments,goodwill-intangible-assets-total,other-long-term-assets,total-long-term-assets,total-assets,total-current-liabilities,long-term-debt,other-non-current-liabilities,total-long-term-liabilities,total-liabilities,common-stock-net,retained-earnings-accumulated-deficit,comprehensive-income,total-share-holder-equity,total-liabilities-share-holders-equity,net-income-loss,total-depreciation-amortization-cash-flow,other-non-cash-items,total-non-cash-items,change-in-accounts-receivable,change-in-inventories,change-in-accounts-payable,change-in-assets-liabilities,total-change-in-assets-liabilities,cash-flow-from-operating-activities,net-change-in-property-plant-equipment,net-change-in-intangible-assets,net-acquisitions-divestitures,net-change-in-short-term-investments,net-change-in-long-term-investments,net-change-in-investments-total,investing-activities-other,cash-flow-from-investing-activities,net-long-term-debt,net-current-debt,debt-issuance-retirement-net-total,net-common-equity-issued-repurchased,net-total-equity-issued-repurchased,total-common-preferred-stock-dividends-paid,financial-activities-other,cash-flow-from-financial-activities,net-cash-flow,stock-based-compensation,common-stock-dividends-paid
0,2018-09-30,420.84,$80.39,5.23,$31.61,13.31,$16.32,25.79,$5.47,76.94,$1.18B,$0.15B,7.68,$0.00B,$0.00B,0.0,$1.13B,$0.87B,76.92%,$1.13B,$0.22B,19.36%,$1.13B,$0.22B,19.36%,$1.13B,$0.33B,29.09%,$1.13B,$0.22B,19.81%,$1.13B,$0.20B,17.60%,$0.20B,$2.93B,7.09%,$0.20B,$1.09B,18.88%,$0.20B,$3.21B,6.47%,$0.22B,$2.93B,7.80%,$306,$72,$233,$26,$128,$235,$71,$2,$73,$14,$59,$59,$59,$103,$71,$36,37,$1.63,$1.61,$1072,$0,$0,$1179,$82,$10,$1835,$22,$2028,$3207,$153,$0,$15,$125,$279,$0,$0,$0,$2928,$3207,$155,$95,$43,$138,$-19,$0,$0,$-39,$-72,$221,$-22,$0,$-340,$0,$0,$0,$0,$-362,$0,$0,$0,$2,$2,$0,$0,$2,$-140,$31,$0
1,2018-06-30,412.63,$78.33,5.27,$30.79,13.4,$15.25,27.06,$4.90,84.21,$1.08B,$0.15B,7.37,$0.00B,$0.00B,0.0,$1.07B,$0.83B,77.26%,$1.07B,$0.21B,19.20%,$1.07B,$0.21B,19.20%,$1.07B,$0.30B,27.87%,$1.07B,$0.21B,19.20%,$1.07B,$0.17B,16.22%,$0.17B,$2.85B,6.92%,$0.17B,$1.00B,20.41%,$0.17B,$3.12B,6.12%,$0.21B,$2.85B,7.97%,$297,$67,$230,$26,$151,$253,$44,$2,$46,$2,$44,$44,$44,$77,$44,$36,36,$1.22,$1.20,$966,$0,$0,$1076,$85,$10,$1849,$23,$2047,$3123,$146,$0,$16,$126,$272,$0,$0,$0,$2851,$3123,$96,$62,$-1,$62,$-5,$0,$0,$-17,$-38,$119,$-16,$0,$-340,$0,$0,$0,$0,$-356,$0,$0,$0,$-8,$-8,$0,$0,$-8,$-245,$22,$0
2,2018-03-31,362.68,$76.97,4.71,$29.89,12.14,$14.93,24.28,$4.38,82.8,$1.03B,$0.17B,6.23,$0.00B,$0.00B,0.0,$1.01B,$0.78B,77.10%,$1.01B,$0.19B,18.76%,$1.01B,$0.19B,18.76%,$1.01B,$0.27B,26.26%,$1.01B,$0.19B,18.36%,$1.01B,$0.15B,15.00%,$0.15B,$2.80B,6.81%,$0.15B,$0.94B,22.97%,$0.15B,$3.10B,5.81%,$0.19B,$2.80B,8.01%,$274,$62,$211,$23,$129,$220,$53,$2,$56,$4,$52,$52,$52,$83,$53,$36,36,$1.46,$1.44,$931,$0,$0,$1032,$83,$10,$1865,$25,$2063,$3095,$166,$0,$15,$128,$294,$0,$0,$0,$2801,$3095,$52,$29,$14,$43,$-3,$0,$0,$-24,$-22,$73,$-9,$0,$-340,$0,$0,$0,$0,$-349,$0,$0,$0,$-5,$-5,$0,$0,$-5,$-280,$10,$0
3,2017-12-31,296.95,$73.43,4.04,$29.31,10.13,$14.96,19.85,$3.62,82.03,$1.29B,$0.15B,8.78,$0.00B,$0.00B,0.0,$0.97B,$0.75B,77.12%,$0.97B,$0.18B,18.12%,$0.97B,$0.18B,18.12%,$0.97B,$0.24B,24.74%,$0.97B,$0.17B,17.08%,$0.97B,$0.12B,12.63%,$0.12B,$2.65B,6.25%,$0.12B,$1.19B,25.15%,$0.12B,$2.87B,5.10%,$0.18B,$2.65B,8.08%,$254,$58,$196,$22,$119,$203,$51,$-2,$49,$4,$44,$44,$44,$66,$51,$33,34,$1.28,$1.26,$1211,$0,$0,$1288,$84,$10,$1466,$19,$1586,$2873,$147,$0,$13,$76,$222,$0,$0,$0,$2651,$2873,$123,$66,$46,$112,$-18,$0,$0,$2,$0,$235,$-24,$0,$-48,$0,$0,$0,$0,$-72,$-345,$0,$-345,$829,$829,$0,$-3,$480,$644,$39,$0
4,2017-09-30,268.25,$48.76,5.5,$28.48,9.42,$14.30,18.76,$3.31,81.04,$0.70B,$0.18B,3.97,$0.27B,$0.00B,0.0,$0.93B,$0.72B,77.53%,$0.93B,$0.17B,18.39%,$0.93B,$0.17B,18.39%,$0.93B,$0.24B,25.59%,$0.93B,$0.16B,17.42%,$0.93B,$0.11B,11.61%,$0.11B,$1.76B,6.34%,$0.11B,$0.29B,45.09%,$0.11B,$2.28B,4.86%,$0.17B,$2.03B,8.58%,$248,$55,$192,$22,$109,$190,$58,$-2,$55,$21,$34,$34,$34,$73,$58,$32,33,$1.05,$1.04,$623,$0,$0,$700,$84,$10,$1474,$5,$1581,$2281,$177,$269,$4,$342,$518,$0,$0,$0,$1762,$2281,$78,$50,$39,$90,$-16,$0,$0,$-1,$-5,$163,$-20,$0,$-48,$0,$0,$0,$0,$-68,$-35,$0,$-35,$-5,$-5,$0,$-1,$-41,$56,$29,$0
5,2017-06-30,263.6,$52.31,5.04,$27.49,9.59,$14.14,18.64,$2.99,88.16,$0.64B,$0.15B,4.22,$0.28B,$0.00B,0.0,$0.90B,$0.70B,78.10%,$0.90B,$0.15B,17.09%,$0.90B,$0.15B,17.09%,$0.90B,$0.22B,24.92%,$0.90B,$0.14B,16.09%,$0.90B,$0.10B,10.84%,$0.10B,$1.72B,5.81%,$0.10B,$0.24B,47.03%,$0.10B,$2.22B,4.43%,$0.15B,$2.00B,7.77%,$237,$55,$182,$23,$126,$209,$28,$-2,$26,$4,$22,$22,$22,$44,$28,$32,33,$0.68,$0.68,$565,$0,$0,$636,$86,$10,$1478,$2,$1584,$2220,$151,$283,$1,$352,$503,$0,$0,$0,$1717,$2220,$44,$35,$25,$60,$-5,$0,$0,$-4,$-9,$95,$-13,$0,$-45,$0,$0,$0,$0,$-58,$-35,$0,$-35,$-6,$-6,$0,$0,$-41,$-3,$19,$0
6,2017-03-31,207.22,$51.41,4.03,$26.62,7.78,$14.06,14.74,$2.79,74.27,$0.63B,$0.14B,4.4,$0.30B,$0.00B,0.0,$0.87B,$0.68B,78.73%,$0.87B,$0.15B,17.69%,$0.87B,$0.15B,17.69%,$0.87B,$0.23B,26.01%,$0.87B,$0.14B,16.65%,$0.87B,$0.09B,10.52%,$0.09B,$1.68B,5.56%,$0.09B,$0.23B,52.15%,$0.09B,$2.20B,4.21%,$0.15B,$1.98B,7.86%,$227,$51,$175,$22,$110,$189,$38,$-2,$35,$13,$22,$22,$22,$56,$38,$32,33,$0.69,$0.68,$572,$0,$0,$634,$86,$10,$1455,$2,$1561,$2195,$144,$297,$1,$367,$511,$0,$0,$0,$1684,$2195,$22,$18,$13,$31,$-3,$0,$0,$2,$11,$65,$-6,$0,$-14,$0,$0,$0,$0,$-20,$-35,$0,$-35,$-5,$-5,$0,$0,$-40,$5,$9,$0
7,2016-12-31,188.49,$50.73,3.72,$25.83,7.3,$13.64,13.82,$2.63,71.67,$0.63B,$0.16B,4.05,$0.31B,$1.65B,0.19,$0.84B,$0.66B,79.12%,$0.84B,$0.15B,17.30%,$0.84B,$0.15B,17.30%,$0.84B,$0.22B,26.01%,$0.84B,$0.14B,16.35%,$0.84B,$0.09B,10.26%,$0.09B,$1.65B,5.35%,$0.09B,$0.20B,61.87%,$0.09B,$2.19B,4.02%,$0.15B,$1.96B,7.53%,$218,$46,$172,$20,$100,$171,$47,$-1,$46,$16,$30,$30,$30,$65,$47,$32,32,$0.92,$0.90,$567,$0,$0,$627,$88,$10,$1451,$2,$1558,$2185,$155,$306,$1,$376,$531,$0,$196,$-13,$1654,$2185,$85,$73,$59,$133,$-16,$0,$0,$-2,$-17,$201,$-19,$0,$-10,$6,$0,$6,$0,$-23,$-20,$0,$-20,$-11,$-11,$0,$0,$-31,$145,$36,$0
8,2016-09-30,216.53,$49.66,4.36,$25.14,8.61,$11.31,19.14,$2.43,89.11,$0.58B,$0.15B,3.8,$0.32B,$0.00B,0.0,$0.81B,$0.64B,78.60%,$0.81B,$0.13B,16.48%,$0.81B,$0.13B,16.48%,$0.81B,$0.21B,25.71%,$0.81B,$0.12B,15.25%,$0.81B,$0.08B,9.72%,$0.08B,$1.62B,5.00%,$0.08B,$0.16B,77.83%,$0.08B,$2.15B,3.74%,$0.13B,$1.93B,7.03%,$213,$42,$170,$19,$106,$173,$40,$-2,$37,$14,$23,$23,$23,$58,$40,$32,32,$0.72,$0.72,$523,$0,$0,$583,$85,$10,$1463,$2,$1569,$2153,$153,$316,$7,$380,$534,$0,$0,$0,$1619,$2153,$55,$55,$39,$94,$-14,$0,$0,$-1,$-1,$148,$-12,$0,$-10,$5,$0,$5,$0,$-17,$-20,$0,$-20,$-10,$-10,$0,$0,$-30,$100,$27,$0
9,2016-06-30,218.66,$48.64,4.5,$24.50,8.93,$8.40,26.02,$1.54,141.99,$0.52B,$0.13B,3.95,$0.33B,$0.00B,0.0,$0.79B,$0.60B,76.55%,$0.79B,$0.09B,11.91%,$0.79B,$0.09B,11.91%,$0.79B,$0.17B,22.05%,$0.79B,$0.08B,10.65%,$0.79B,$0.05B,6.46%,$0.05B,$1.59B,3.29%,$0.05B,$0.11B,78.46%,$0.05B,$2.11B,2.43%,$0.09B,$1.91B,4.98%,$207,$43,$164,$20,$111,$179,$28,$-2,$26,$10,$16,$16,$16,$46,$28,$32,32,$0.48,$0.48,$465,$0,$0,$524,$87,$10,$1475,$3,$1583,$2107,$133,$325,$7,$388,$521,$0,$0,$0,$1586,$2107,$32,$37,$26,$63,$-11,$0,$0,$-3,$-8,$87,$-7,$0,$-11,$5,$0,$5,$0,$-13,$-20,$0,$-20,$-10,$-10,$0,$0,$-30,$42,$18,$0
10,2016-03-31,188.17,$48.09,3.91,$23.46,8.02,$6.24,30.15,$0.59,318.93,$0.52B,$0.14B,3.63,$0.33B,$0.00B,0.0,$0.75B,$0.57B,75.17%,$0.75B,$0.05B,6.11%,$0.75B,$0.05B,6.11%,$0.75B,$0.13B,16.87%,$0.75B,$0.04B,4.78%,$0.75B,$0.02B,2.66%,$0.02B,$1.57B,1.31%,$0.02B,$0.09B,55.17%,$0.02B,$2.11B,0.96%,$0.05B,$1.90B,2.45%,$200,$43,$157,$18,$103,$169,$30,$-2,$28,$11,$17,$17,$17,$49,$30,$32,32,$0.52,$0.52,$463,$0,$0,$520,$86,$10,$1479,$2,$1586,$2106,$143,$334,$7,$397,$541,$0,$0,$0,$1565,$2106,$17,$18,$12,$31,$-9,$0,$0,$2,$1,$48,$-4,$0,$-0,$5,$0,$5,$0,$0,$-5,$0,$-5,$-4,$-4,$0,$0,$-9,$40,$8,$0
11,2015-12-31,206.69,$47.49,4.35,$22.28,9.28,$5.44,37.97,$-0.12,0.0,$0.47B,$0.14B,3.49,$0.34B,$1.54B,0.22,$0.71B,$0.52B,73.46%,$0.71B,$0.01B,1.69%,$0.71B,$0.01B,1.69%,$0.71B,$0.09B,13.06%,$0.71B,$0.00B,0.28%,$0.71B,$-0.00B,-0.42%,$-0.00B,$1.54B,-0.20%,$-0.00B,$0.05B,-5.74%,$-0.00B,$2.08B,-0.14%,$0.01B,$1.88B,0.64%,$193,$45,$148,$17,$89,$157,$36,$-2,$33,$10,$23,$23,$23,$56,$36,$32,32,$0.72,$0.72,$422,$0,$0,$473,$88,$16,$1491,$3,$1607,$2080,$135,$338,$7,$401,$536,$0,$111,$-8,$1544,$2080,$-3,$82,$39,$121,$-4,$0,$0,$5,$22,$140,$-35,$0,$-182,$2,$0,$2,$0,$-216,$-20,$0,$-20,$-9,$-9,$0,$0,$-29,$-105,$35,$0
12,2015-09-30,173.06,$46.48,3.72,$21.34,8.11,$5.97,29.0,$-0.40,0.0,$0.48B,$0.16B,2.93,$0.35B,$0.00B,0.0,$0.68B,$0.49B,72.30%,$0.68B,$-0.00B,-0.15%,$0.68B,$-0.00B,-0.15%,$0.68B,$0.08B,12.00%,$0.68B,$-0.01B,-1.48%,$0.68B,$-0.01B,-1.78%,$-0.01B,$1.51B,-0.79%,$-0.01B,$0.01B,-16.61%,$-0.01B,$2.09B,-0.58%,$-0.00B,$1.86B,-0.05%,$189,$54,$135,$17,$112,$190,$-0,$-2,$-3,$3,$-5,$-5,$-5,$23,$-0,$32,32,$-0.17,$-0.17,$376,$0,$3,$476,$88,$16,$1501,$10,$1614,$2091,$163,$350,$5,$418,$581,$0,$0,$0,$1510,$2091,$-26,$61,$12,$73,$-13,$0,$0,$6,$23,$70,$-28,$0,$-177,$2,$0,$2,$0,$-204,$-15,$0,$-15,$-10,$-10,$0,$8,$-17,$-152,$25,$0
13,2015-06-30,201.26,$46.38,4.34,$20.20,9.97,$7.01,28.73,$0.17,1183.88,$0.45B,$0.14B,3.19,$0.36B,$0.00B,0.0,$0.64B,$0.47B,72.77%,$0.64B,$0.02B,3.44%,$0.64B,$0.02B,3.44%,$0.64B,$0.10B,16.12%,$0.64B,$0.01B,2.19%,$0.64B,$0.01B,0.94%,$0.01B,$1.51B,0.40%,$0.01B,$-0.00B,6.40%,$0.01B,$2.07B,0.29%,$0.02B,$1.86B,1.18%,$171,$45,$126,$17,$122,$191,$-20,$-2,$-22,$-7,$-15,$-15,$-15,$-1,$-20,$32,32,$-0.47,$-0.47,$352,$0,$3,$450,$85,$16,$1511,$11,$1624,$2074,$141,$355,$5,$426,$568,$0,$0,$0,$1506,$2074,$-21,$38,$-1,$37,$-15,$0,$0,$-0,$11,$27,$-18,$0,$-173,$1,$0,$1,$0,$-189,$-10,$0,$-10,$-11,$-11,$0,$8,$-13,$-175,$16,$0
14,2015-03-31,197.83,$46.74,4.23,$19.87,9.96,$7.81,25.35,$0.92,215.03,$0.63B,$0.14B,4.62,$0.36B,$0.00B,0.0,$0.62B,$0.45B,72.56%,$0.62B,$0.06B,9.58%,$0.62B,$0.06B,9.58%,$0.62B,$0.14B,23.05%,$0.62B,$0.05B,7.95%,$0.62B,$0.03B,4.71%,$0.03B,$1.52B,1.94%,$0.03B,$0.15B,26.67%,$0.03B,$2.10B,1.40%,$0.06B,$1.88B,3.17%,$159,$45,$114,$15,$95,$163,$-4,$-2,$-6,$1,$-6,$-6,$-6,$15,$-4,$32,32,$-0.19,$-0.19,$542,$0,$3,$628,$79,$17,$1364,$12,$1472,$2100,$136,$360,$5,$449,$585,$0,$0,$0,$1515,$2100,$-6,$19,$12,$31,$-9,$0,$0,$1,$5,$30,$-12,$0,$0,$1,$0,$1,$0,$-11,$-5,$0,$-5,$-1,$-1,$0,$2,$-4,$15,$7,$0
15,2014-12-31,183.63,$46.83,3.92,$19.00,9.66,$6.86,26.79,$1.45,126.64,$0.60B,$0.12B,5.14,$0.36B,$1.51B,0.24,$0.58B,$0.42B,72.57%,$0.58B,$0.08B,13.89%,$0.58B,$0.08B,13.89%,$0.58B,$0.16B,26.91%,$0.58B,$0.07B,12.33%,$0.58B,$0.05B,7.81%,$0.05B,$1.51B,3.33%,$0.05B,$0.13B,50.28%,$0.05B,$2.07B,2.42%,$0.08B,$1.87B,4.83%,$156,$43,$113,$14,$68,$133,$23,$-2,$21,$7,$14,$14,$14,$44,$23,$30,31,$0.45,$0.44,$527,$0,$0,$596,$74,$17,$1380,$3,$1474,$2070,$116,$355,$5,$441,$557,$0,$114,$-6,$1514,$2070,$45,$74,$6,$80,$-12,$0,$0,$1,$19,$144,$-27,$0,$-584,$6,$0,$6,$0,$-606,$232,$0,$232,$485,$485,$0,$17,$734,$271,$28,$0
16,2014-09-30,155.54,$46.13,3.37,$18.01,8.64,$6.22,25.01,$1.47,105.81,$0.56B,$0.12B,4.68,$0.37B,$0.00B,0.0,$0.54B,$0.39B,72.57%,$0.54B,$0.08B,14.74%,$0.54B,$0.08B,14.74%,$0.54B,$0.14B,26.68%,$0.54B,$0.07B,13.06%,$0.54B,$0.04B,8.21%,$0.04B,$1.49B,3.65%,$0.04B,$0.10B,60.69%,$0.04B,$2.06B,2.66%,$0.08B,$1.86B,5.43%,$153,$41,$112,$14,$66,$130,$23,$-3,$21,$8,$13,$13,$13,$45,$23,$32,32,$0.41,$0.40,$486,$0,$3,$563,$71,$21,$1397,$13,$1502,$2064,$120,$370,$5,$452,$572,$0,$0,$0,$1492,$2064,$31,$53,$-3,$50,$-12,$0,$0,$2,$15,$96,$-21,$0,$-584,$1,$0,$1,$0,$-604,$237,$0,$237,$485,$485,$0,$17,$738,$230,$21,$0
17,2014-06-30,158.17,$45.55,3.47,$17.20,9.2,$5.90,26.8,$1.46,108.34,$0.53B,$0.12B,4.53,$0.38B,$0.00B,0.0,$0.50B,$0.36B,72.32%,$0.50B,$0.08B,15.35%,$0.50B,$0.08B,15.35%,$0.50B,$0.13B,26.06%,$0.50B,$0.07B,13.54%,$0.50B,$0.04B,8.48%,$0.04B,$1.47B,3.97%,$0.04B,$0.06B,74.67%,$0.04B,$2.05B,2.91%,$0.08B,$1.85B,6.09%,$148,$39,$108,$15,$67,$131,$17,$-4,$13,$5,$8,$8,$8,$38,$17,$29,29,$0.28,$0.28,$445,$0,$3,$531,$65,$22,$1415,$14,$1515,$2046,$117,$375,$5,$458,$575,$0,$0,$0,$1471,$2046,$18,$32,$-7,$25,$-10,$0,$0,$-0,$0,$43,$-11,$0,$-584,$1,$0,$1,$0,$-595,$242,$0,$242,$483,$483,$0,$16,$741,$189,$14,$0
18,2014-03-31,186.74,$32.32,5.78,$16.06,11.63,$5.98,31.23,$1.47,127.03,$0.30B,$0.11B,2.83,$0.12B,$0.00B,0.0,$0.46B,$0.33B,71.71%,$0.46B,$0.07B,16.23%,$0.46B,$0.07B,16.23%,$0.46B,$0.12B,25.66%,$0.46B,$0.07B,14.91%,$0.46B,$0.04B,9.21%,$0.04B,$0.93B,4.64%,$0.04B,$0.07B,103.70%,$0.04B,$1.25B,3.41%,$0.07B,$1.05B,7.13%,$119,$34,$85,$12,$53,$102,$17,$-1,$16,$6,$10,$10,$10,$28,$17,$28,29,$0.34,$0.34,$223,$0,$3,$304,$57,$22,$856,$6,$941,$1245,$107,$123,$5,$208,$315,$0,$0,$0,$930,$1245,$10,$11,$-8,$2,$-12,$0,$0,$0,$-18,$-7,$-4,$0,$0,$0,$0,$0,$0,$-4,$-4,$0,$-4,$-40,$-40,$0,$22,$-22,$-33,$8,$0
19,2013-12-31,184.58,$32.16,5.74,$15.72,11.74,$6.57,28.08,$1.04,177.48,$0.31B,$0.11B,2.77,$0.13B,$0.93B,0.14,$0.44B,$0.31B,70.75%,$0.44B,$0.05B,12.24%,$0.44B,$0.05B,12.24%,$0.44B,$0.10B,22.00%,$0.44B,$0.05B,10.88%,$0.44B,$0.03B,6.80%,$0.03B,$0.93B,3.39%,$0.03B,$0.07B,206.90%,$0.03B,$1.26B,2.47%,$0.05B,$1.06B,5.27%,$116,$32,$84,$12,$47,$94,$22,$-2,$20,$7,$13,$13,$13,$32,$22,$28,28,$0.46,$0.46,$256,$0,$3,$308,$58,$22,$863,$6,$949,$1257,$112,$129,$5,$218,$329,$0,$69,$-6,$928,$1257,$30,$43,$12,$55,$-7,$0,$0,$5,$24,$108,$-19,$0,$0,$0,$0,$0,$0,$-19,$-18,$0,$-18,$10,$10,$0,$18,$10,$100,$42,$0
20,2013-09-30,167.91,$31.27,5.37,$15.34,10.95,$6.05,27.74,$0.76,220.94,$0.28B,$0.11B,2.58,$0.14B,$0.00B,0.0,$0.43B,$0.30B,69.88%,$0.43B,$0.04B,9.88%,$0.43B,$0.04B,9.88%,$0.43B,$0.09B,20.24%,$0.43B,$0.04B,8.47%,$0.43B,$0.02B,5.18%,$0.02B,$0.90B,2.56%,$0.02B,$0.03B,-127.54%,$0.02B,$1.23B,1.84%,$0.04B,$1.04B,4.18%,$112,$32,$81,$12,$46,$93,$20,$-2,$18,$7,$11,$11,$11,$31,$20,$28,28,$0.40,$0.39,$223,$0,$3,$278,$56,$22,$869,$7,$953,$1230,$107,$136,$3,$224,$331,$0,$0,$0,$899,$1230,$17,$33,$12,$45,$-8,$0,$0,$2,$11,$73,$-15,$0,$0,$0,$0,$0,$0,$-15,$-13,$0,$-13,$8,$8,$0,$14,$9,$67,$32,$0
21,2013-06-30,129.07,$30.27,4.26,$14.85,8.69,$5.74,22.47,$0.61,211.59,$0.25B,$0.10B,2.38,$0.14B,$0.00B,0.0,$0.41B,$0.28B,68.70%,$0.41B,$0.03B,7.58%,$0.41B,$0.03B,7.58%,$0.41B,$0.08B,18.34%,$0.41B,$0.03B,6.11%,$0.41B,$0.02B,4.40%,$0.02B,$0.87B,2.14%,$0.02B,$-0.01B,-40.22%,$0.02B,$1.20B,1.53%,$0.03B,$1.01B,3.13%,$109,$32,$77,$11,$46,$94,$15,$-2,$14,$5,$8,$8,$8,$26,$15,$28,28,$0.30,$0.29,$190,$0,$3,$245,$50,$22,$874,$7,$952,$1197,$103,$142,$3,$228,$330,$0,$0,$0,$867,$1197,$6,$22,$10,$31,$-9,$0,$0,$3,$4,$42,$-9,$0,$0,$0,$0,$0,$0,$-9,$-9,$0,$-9,$2,$2,$0,$8,$1,$34,$24,$0
22,2013-03-31,109.46,$29.80,3.67,$14.20,7.71,$5.51,19.87,$0.07,1563.71,$0.23B,$0.10B,2.31,$0.15B,$0.00B,0.0,$0.39B,$0.26B,67.79%,$0.39B,$0.02B,4.16%,$0.39B,$0.02B,4.16%,$0.39B,$0.06B,15.06%,$0.39B,$0.01B,2.60%,$0.39B,$0.00B,0.78%,$0.00B,$0.85B,0.36%,$0.00B,$-0.03B,-4.40%,$0.00B,$1.18B,0.26%,$0.02B,$1.00B,1.63%,$104,$34,$70,$12,$57,$107,$-3,$-2,$-4,$-2,$-2,$-2,$-2,$8,$-3,$27,27,$-0.09,$-0.09,$167,$0,$3,$225,$49,$22,$880,$8,$958,$1184,$98,$149,$3,$235,$333,$0,$0,$0,$851,$1184,$-2,$11,$3,$14,$-8,$0,$0,$4,$-0,$11,$-5,$0,$0,$0,$0,$0,$0,$-5,$-4,$0,$-4,$4,$4,$0,$6,$5,$11,$17,$0
23,2012-12-31,89.37,$29.15,3.07,$13.09,6.83,$5.42,16.49,$0.36,248.25,$0.20B,$0.10B,1.96,$0.15B,$0.83B,0.19,$0.35B,$0.24B,67.14%,$0.35B,$0.03B,8.00%,$0.35B,$0.03B,8.00%,$0.35B,$0.06B,17.71%,$0.35B,$0.02B,6.57%,$0.35B,$0.01B,2.86%,$0.01B,$0.83B,1.29%,$0.01B,$-0.06B,12.82%,$0.01B,$1.17B,0.94%,$0.03B,$0.98B,3.13%,$100,$31,$69,$10,$44,$90,$10,$-2,$8,$3,$5,$5,$5,$21,$10,$27,27,$0.17,$0.18,$156,$0,$3,$200,$46,$22,$889,$9,$966,$1165,$102,$153,$4,$237,$339,$0,$40,$-7,$826,$1165,$10,$35,$27,$62,$1,$0,$0,$4,$14,$86,$-15,$0,$-641,$15,$0,$15,$0,$-640,$171,$0,$171,$6,$6,$0,$-11,$165,$-389,$12,$0
24,2012-09-30,81.54,$28.87,2.82,$12.19,6.69,$3.32,24.58,$0.39,209.08,$0.18B,$0.09B,1.98,$0.16B,$0.00B,0.0,$0.32B,$0.21B,66.46%,$0.32B,$0.03B,8.23%,$0.32B,$0.03B,8.23%,$0.32B,$0.05B,16.46%,$0.32B,$0.02B,7.28%,$0.32B,$0.01B,3.16%,$0.01B,$0.82B,1.36%,$0.01B,$-0.08B,4.34%,$0.01B,$1.16B,1.04%,$0.03B,$0.97B,3.19%,$96,$31,$65,$10,$42,$87,$9,$-2,$7,$0,$7,$7,$7,$20,$9,$27,28,$0.25,$0.24,$130,$0,$3,$184,$43,$22,$896,$10,$970,$1155,$93,$158,$4,$246,$339,$0,$0,$0,$816,$1155,$5,$23,$22,$45,$-4,$0,$0,$5,$6,$57,$-9,$0,$-641,$15,$0,$15,$0,$-635,$171,$0,$171,$4,$4,$0,$-12,$163,$-416,$9,$0
25,2012-06-30,81.2,$28.45,2.85,$11.24,7.22,$1.90,42.81,$0.24,338.33,$0.16B,$0.09B,1.87,$0.16B,$0.00B,0.0,$0.28B,$0.19B,66.20%,$0.28B,$0.02B,7.04%,$0.28B,$0.02B,7.04%,$0.28B,$0.04B,13.38%,$0.28B,$0.02B,6.69%,$0.28B,$0.01B,1.76%,$0.01B,$0.80B,0.72%,$0.01B,$-0.10B,1.29%,$0.01B,$1.14B,0.58%,$0.02B,$0.96B,2.72%,$85,$28,$57,$8,$46,$85,$-0,$-1,$-1,$6,$-7,$-7,$-7,$9,$-0,$26,26,$-0.25,$-0.25,$104,$0,$3,$160,$43,$25,$903,$10,$982,$1141,$85,$162,$4,$253,$339,$0,$0,$0,$803,$1141,$-2,$12,$14,$26,$-1,$0,$0,$2,$6,$31,$-6,$0,$-641,$0,$0,$0,$10,$-637,$173,$0,$173,$3,$3,$0,$-12,$164,$-442,$5,$0
26,2012-03-31,69.05,$25.84,2.67,$10.79,6.4,$1.21,56.92,$0.61,113.2,$0.59B,$0.06B,10.13,$0.00B,$0.00B,0.0,$0.26B,$0.17B,65.52%,$0.26B,$0.02B,9.20%,$0.26B,$0.02B,9.20%,$0.26B,$0.04B,13.79%,$0.26B,$0.02B,9.20%,$0.26B,$0.02B,5.75%,$0.02B,$0.67B,2.29%,$0.02B,$0.56B,2.72%,$0.02B,$0.77B,1.96%,$0.02B,$0.67B,3.66%,$69,$24,$44,$5,$30,$60,$9,$0,$9,$4,$5,$5,$5,$12,$9,$25,26,$0.20,$0.20,$551,$0,$0,$585,$39,$25,$112,$3,$189,$774,$58,$0,$2,$49,$107,$0,$0,$0,$667,$774,$5,$3,$2,$6,$-0,$0,$0,$1,$-4,$6,$-3,$0,$0,$1,$0,$1,$0,$-2,$0,$0,$0,$-1,$-1,$0,$0,$-1,$4,$2,$0
27,2011-12-31,66.73,$25.93,2.57,$10.95,6.1,$1.17,56.91,$0.63,105.92,$0.58B,$0.06B,9.44,$0.00B,$0.66B,0.0,$0.25B,$0.16B,65.08%,$0.25B,$0.02B,8.73%,$0.25B,$0.02B,8.73%,$0.25B,$0.04B,13.89%,$0.25B,$0.02B,8.73%,$0.25B,$0.02B,5.95%,$0.02B,$0.66B,2.56%,$0.02B,$0.55B,3.09%,$0.02B,$0.77B,2.14%,$0.02B,$0.66B,3.75%,$66,$22,$44,$5,$31,$58,$8,$0,$8,$3,$5,$5,$5,$11,$8,$23,24,$0.20,$0.19,$549,$0,$0,$583,$38,$25,$112,$3,$188,$771,$62,$0,$2,$50,$112,$0,$30,$-9,$659,$771,$15,$13,$-11,$2,$-5,$0,$0,$5,$11,$28,$-15,$0,$-15,$5,$0,$5,$84,$58,$0,$0,$0,$252,$252,$0,$0,$253,$339,$8,$0
28,2011-09-30,51.97,$25.64,2.03,$10.95,4.75,$-0.24,0.0,$0.61,85.2,$0.59B,$0.07B,9.12,$0.00B,$0.00B,0.0,$0.24B,$0.16B,64.34%,$0.24B,$0.02B,8.61%,$0.24B,$0.02B,8.61%,$0.24B,$0.03B,13.93%,$0.24B,$0.02B,8.61%,$0.24B,$0.01B,5.74%,$0.01B,$0.65B,2.71%,$0.01B,$0.55B,3.34%,$0.01B,$0.77B,2.27%,$0.02B,$0.65B,4.06%,$64,$21,$43,$5,$34,$61,$3,$0,$3,$1,$2,$2,$2,$6,$3,$25,25,$0.09,$0.09,$554,$0,$0,$589,$37,$28,$96,$2,$175,$765,$65,$0,$2,$50,$115,$0,$0,$0,$650,$765,$9,$10,$-10,$-1,$-7,$0,$0,$1,$11,$20,$-12,$0,$0,$1,$0,$1,$84,$72,$0,$0,$0,$251,$251,$0,$1,$252,$344,$6,$0
29,2011-06-30,59.28,$25.52,2.32,$11.19,5.3,$-1.80,0.0,$0.68,87.18,$0.58B,$0.06B,9.61,$0.00B,$0.00B,0.0,$0.24B,$0.15B,63.29%,$0.24B,$0.02B,10.13%,$0.24B,$0.02B,10.13%,$0.24B,$0.04B,15.61%,$0.24B,$0.02B,10.13%,$0.24B,$0.02B,6.33%,$0.02B,$0.65B,3.35%,$0.02B,$0.55B,4.29%,$0.02B,$0.76B,2.81%,$0.02B,$0.65B,5.35%,$62,$22,$40,$5,$30,$58,$4,$0,$4,$1,$3,$3,$3,$7,$4,$22,22,$0.12,$0.12,$551,$0,$0,$579,$37,$29,$98,$3,$179,$758,$60,$0,$2,$52,$112,$0,$0,$0,$646,$758,$7,$7,$-11,$-4,$-1,$0,$0,$1,$12,$15,$-10,$0,$0,$0,$0,$0,$84,$74,$0,$0,$0,$251,$251,$0,$1,$252,$341,$4,$0
30,2011-03-31,62.68,$18.70,3.35,$11.12,5.64,$-3.29,0.0,$0.72,87.06,$0.33B,$0.07B,5.04,$0.00B,$0.00B,0.0,$0.23B,$0.15B,62.77%,$0.23B,$0.02B,10.39%,$0.23B,$0.02B,10.39%,$0.23B,$0.04B,16.45%,$0.23B,$0.03B,10.82%,$0.23B,$0.02B,6.49%,$0.02B,$0.39B,3.96%,$0.02B,$0.29B,5.37%,$0.02B,$0.51B,3.35%,$0.02B,$0.39B,6.34%,$60,$23,$37,$5,$24,$53,$7,$0,$7,$3,$5,$5,$5,$11,$7,$21,21,$0.22,$0.22,$296,$0,$0,$327,$37,$29,$98,$3,$180,$506,$65,$0,$2,$52,$117,$0,$0,$0,$389,$506,$5,$3,$2,$6,$-4,$0,$0,$4,$-3,$8,$-6,$0,$0,$0,$0,$0,$84,$78,$0,$0,$0,$-0,$-0,$0,$1,$0,$86,$2,$0
31,2010-12-31,57.56,$18.37,3.13,$10.95,5.25,$-5.20,0.0,$0.64,89.94,$0.24B,$0.05B,4.7,$0.00B,$0.38B,0.0,$0.23B,$0.14B,62.83%,$0.23B,$0.02B,9.73%,$0.23B,$0.02B,9.73%,$0.23B,$0.04B,15.93%,$0.23B,$0.02B,10.18%,$0.23B,$0.01B,5.75%,$0.01B,$0.38B,3.49%,$0.01B,$0.28B,4.78%,$0.01B,$0.44B,3.08%,$0.02B,$0.38B,5.91%,$58,$21,$37,$5,$25,$51,$7,$0,$7,$3,$4,$4,$4,$10,$7,$20,21,$0.18,$0.18,$210,$0,$0,$239,$70,$29,$98,$3,$200,$440,$51,$0,$2,$7,$58,$0,$15,$-9,$382,$440,$13,$14,$11,$25,$-2,$0,$0,$1,$1,$39,$-57,$0,$0,$17,$0,$17,$0,$-41,$0,$0,$0,$1,$1,$0,$1,$2,$1,$8,$0
32,2010-09-30,48.71,$18.14,2.69,$10.89,4.47,$-2.87,0.0,$0.64,76.11,$0.23B,$0.05B,4.55,$0.00B,$0.00B,0.0,$0.22B,$0.14B,62.33%,$0.22B,$0.02B,9.42%,$0.22B,$0.02B,9.42%,$0.22B,$0.04B,16.14%,$0.22B,$0.02B,9.87%,$0.22B,$0.01B,5.83%,$0.01B,$0.38B,3.55%,$0.01B,$0.28B,4.90%,$0.01B,$0.43B,3.14%,$0.02B,$0.38B,5.73%,$57,$21,$36,$4,$25,$51,$6,$0,$6,$3,$3,$3,$3,$9,$6,$20,21,$0.17,$0.16,$203,$0,$0,$226,$65,$29,$100,$3,$201,$428,$50,$0,$2,$2,$52,$0,$0,$0,$376,$428,$10,$10,$4,$15,$-2,$0,$0,$0,$3,$27,$-53,$0,$0,$13,$0,$13,$0,$-40,$0,$0,$0,$2,$2,$0,$1,$3,$-10,$6,$0
33,2010-06-30,38.8,$17.76,2.18,$10.79,3.6,$-0.31,0.0,$0.70,55.43,$0.22B,$0.05B,4.78,$0.00B,$0.00B,0.0,$0.22B,$0.14B,62.27%,$0.22B,$0.02B,10.00%,$0.22B,$0.02B,10.00%,$0.22B,$0.04B,17.27%,$0.22B,$0.02B,10.45%,$0.22B,$0.01B,6.36%,$0.01B,$0.37B,3.89%,$0.01B,$0.27B,5.37%,$0.01B,$0.42B,3.46%,$0.02B,$0.37B,6.11%,$56,$20,$35,$4,$26,$51,$4,$0,$5,$1,$3,$3,$3,$8,$4,$20,21,$0.16,$0.16,$201,$0,$0,$219,$61,$29,$99,$2,$196,$415,$46,$0,$2,$2,$48,$0,$0,$0,$368,$415,$6,$7,$2,$9,$1,$0,$0,$1,$5,$21,$-47,$0,$0,$0,$8,$8,$0,$-38,$0,$0,$0,$0,$0,$0,$0,$1,$-17,$4,$0
34,2010-03-31,41.52,$17.51,2.37,$10.63,3.9,$1.74,23.81,$0.78,53.23,$0.21B,$0.04B,4.87,$0.00B,$0.00B,0.0,$0.21B,$0.14B,63.08%,$0.21B,$0.03B,12.15%,$0.21B,$0.03B,12.15%,$0.21B,$0.04B,19.63%,$0.21B,$0.03B,12.62%,$0.21B,$0.02B,7.48%,$0.02B,$0.36B,4.58%,$0.02B,$0.26B,6.23%,$0.02B,$0.41B,4.11%,$0.03B,$0.36B,7.44%,$55,$21,$34,$4,$24,$50,$5,$0,$5,$2,$3,$3,$3,$9,$5,$20,21,$0.14,$0.14,$189,$0,$0,$213,$61,$30,$101,$2,$195,$408,$44,$0,$2,$2,$46,$0,$0,$0,$362,$408,$3,$4,$2,$6,$-1,$0,$0,$0,$-2,$7,$-44,$0,$0,$0,$2,$2,$0,$-42,$0,$0,$0,$-0,$-0,$0,$0,$0,$-36,$2,$0
35,2009-12-31,41.77,$17.41,2.4,$10.59,3.95,$3.98,10.5,$0.95,43.97,$0.25B,$0.04B,5.66,$0.00B,$0.36B,0.0,$0.21B,$0.14B,64.29%,$0.21B,$0.03B,15.24%,$0.21B,$0.03B,15.24%,$0.21B,$0.05B,22.38%,$0.21B,$0.03B,15.71%,$0.21B,$0.02B,9.05%,$0.02B,$0.36B,5.65%,$0.02B,$0.26B,7.54%,$0.02B,$0.41B,5.09%,$0.03B,$0.36B,9.51%,$55,$21,$34,$4,$23,$49,$6,$0,$6,$3,$4,$4,$4,$10,$6,$20,20,$0.18,$0.17,$226,$0,$0,$247,$19,$30,$104,$3,$157,$405,$44,$0,$2,$2,$46,$0,$2,$-8,$359,$405,$19,$15,$8,$23,$-2,$0,$0,$-3,$-3,$38,$-9,$0,$-3,$17,$0,$17,$0,$5,$0,$0,$0,$2,$2,$0,$0,$2,$46,$6,$0
36,2009-09-30,41.22,$17.07,2.41,$10.55,3.91,$4.43,9.31,$1.15,35.84,$0.25B,$0.04B,6.21,$0.00B,$0.00B,0.0,$0.21B,$0.14B,65.38%,$0.21B,$0.04B,18.75%,$0.21B,$0.04B,18.75%,$0.21B,$0.05B,25.96%,$0.21B,$0.04B,19.71%,$0.21B,$0.02B,11.06%,$0.02B,$0.35B,7.13%,$0.02B,$0.26B,9.33%,$0.02B,$0.39B,6.47%,$0.04B,$0.35B,12.09%,$54,$19,$34,$3,$23,$47,$7,$0,$7,$3,$4,$4,$4,$11,$7,$20,20,$0.22,$0.22,$224,$0,$0,$245,$17,$30,$93,$2,$148,$392,$39,$0,$2,$2,$41,$0,$0,$0,$351,$392,$15,$11,$8,$18,$-2,$0,$0,$-2,$-2,$32,$-6,$0,$-0,$14,$0,$14,$0,$8,$0,$0,$0,$1,$1,$0,$0,$1,$41,$5,$0
37,2009-06-30,39.87,$15.98,2.49,$10.62,3.75,$4.52,8.82,$1.27,31.39,$0.23B,$0.03B,8.43,$0.00B,$0.00B,0.0,$0.21B,$0.14B,66.35%,$0.21B,$0.04B,20.67%,$0.21B,$0.04B,20.67%,$0.21B,$0.06B,28.37%,$0.21B,$0.05B,22.12%,$0.21B,$0.03B,12.50%,$0.03B,$0.33B,8.39%,$0.03B,$0.25B,10.97%,$0.03B,$0.35B,7.62%,$0.04B,$0.33B,13.87%,$50,$17,$33,$3,$21,$42,$8,$0,$9,$4,$5,$5,$5,$12,$8,$19,20,$0.24,$0.24,$214,$0,$0,$231,$15,$30,$72,$2,$122,$354,$27,$0,$2,$2,$29,$0,$0,$0,$325,$354,$11,$7,$6,$13,$-2,$0,$0,$-1,$-5,$19,$-3,$0,$0,$7,$0,$7,$0,$4,$0,$0,$0,$-0,$-0,$0,$0,$-0,$23,$3,$0
38,2009-03-31,30.25,$15.66,1.93,$10.82,2.8,$4.40,6.87,$1.31,23.09,$0.22B,$0.03B,7.72,$0.00B,$0.00B,0.0,$0.21B,$0.14B,66.35%,$0.21B,$0.04B,20.85%,$0.21B,$0.04B,20.85%,$0.21B,$0.06B,28.44%,$0.21B,$0.05B,22.27%,$0.21B,$0.03B,12.32%,$0.03B,$0.31B,8.60%,$0.03B,$0.24B,11.50%,$0.03B,$0.34B,7.76%,$0.04B,$0.31B,14.55%,$51,$17,$34,$3,$20,$41,$11,$0,$11,$5,$6,$6,$6,$14,$11,$19,20,$0.31,$0.31,$204,$0,$0,$224,$16,$29,$69,$1,$118,$342,$29,$0,$2,$2,$31,$0,$0,$0,$311,$342,$6,$4,$3,$7,$-3,$0,$0,$0,$-4,$9,$-1,$0,$0,$3,$0,$3,$0,$2,$0,$0,$0,$-0,$-0,$0,$0,$-0,$11,$2,$0
39,2008-12-31,32.94,$15.38,2.14,$10.89,3.03,$4.33,7.6,$1.26,26.14,$0.21B,$0.03B,7.29,$0.00B,$0.30B,0.0,$0.21B,$0.14B,65.57%,$0.21B,$0.04B,18.87%,$0.21B,$0.04B,18.87%,$0.21B,$0.06B,27.36%,$0.21B,$0.05B,21.23%,$0.21B,$0.03B,11.79%,$0.03B,$0.30B,8.43%,$0.03B,$0.23B,11.60%,$0.03B,$0.33B,7.56%,$0.04B,$0.30B,13.49%,$53,$18,$35,$3,$18,$40,$13,$1,$14,$6,$8,$8,$8,$17,$13,$19,20,$0.39,$0.38,$195,$0,$0,$212,$17,$29,$71,$2,$122,$334,$29,$0,$2,$2,$31,$0,$-17,$-14,$303,$334,$25,$17,$6,$23,$-6,$0,$0,$3,$-6,$41,$-4,$0,$-3,$0,$59,$59,$0,$52,$0,$0,$0,$6,$6,$0,$5,$11,$102,$5,$0
40,2008-09-30,45.39,$15.24,2.98,$10.80,4.2,$4.36,10.41,$1.38,32.89,$0.20B,$0.03B,5.91,$0.00B,$0.00B,0.0,$0.21B,$0.14B,64.29%,$0.21B,$0.04B,18.57%,$0.21B,$0.04B,18.57%,$0.21B,$0.06B,27.62%,$0.21B,$0.05B,21.90%,$0.21B,$0.03B,12.86%,$0.03B,$0.30B,9.27%,$0.03B,$0.22B,13.12%,$0.03B,$0.34B,8.24%,$0.04B,$0.30B,13.39%,$54,$18,$36,$3,$21,$42,$11,$1,$12,$6,$7,$7,$7,$16,$11,$19,20,$0.34,$0.34,$183,$0,$0,$200,$19,$30,$81,$2,$135,$335,$34,$0,$0,$0,$34,$0,$0,$0,$301,$335,$17,$13,$6,$19,$-4,$0,$0,$1,$-6,$30,$-3,$0,$-3,$52,$0,$52,$0,$46,$0,$0,$0,$6,$6,$0,$0,$6,$81,$4,$0
41,2008-06-30,44.45,$15.06,2.95,$10.59,4.2,$3.98,11.18,$1.21,36.74,$0.19B,$0.03B,5.52,$0.00B,$0.00B,0.0,$0.21B,$0.13B,62.93%,$0.21B,$0.03B,15.61%,$0.21B,$0.03B,15.61%,$0.21B,$0.05B,24.39%,$0.21B,$0.04B,19.51%,$0.21B,$0.02B,11.22%,$0.02B,$0.30B,8.13%,$0.02B,$0.21B,11.81%,$0.02B,$0.33B,7.20%,$0.03B,$0.30B,11.32%,$53,$18,$35,$3,$22,$45,$9,$1,$10,$4,$5,$5,$5,$13,$9,$19,20,$0.28,$0.28,$167,$0,$0,$187,$21,$31,$87,$2,$142,$330,$34,$0,$0,$0,$34,$0,$0,$0,$295,$330,$10,$9,$2,$10,$-4,$0,$0,$3,$-5,$16,$-2,$0,$-3,$32,$0,$32,$0,$26,$0,$0,$0,$3,$3,$0,$0,$3,$45,$2,$0
42,2008-03-31,43.0,$14.69,2.93,$10.32,4.17,$3.90,11.02,$0.99,43.43,$0.18B,$0.04B,5.03,$0.00B,$0.00B,0.0,$0.20B,$0.12B,61.00%,$0.20B,$0.02B,11.50%,$0.20B,$0.02B,11.50%,$0.20B,$0.04B,20.50%,$0.20B,$0.03B,16.00%,$0.20B,$0.02B,9.50%,$0.02B,$0.29B,6.94%,$0.02B,$0.20B,10.28%,$0.02B,$0.32B,6.13%,$0.02B,$0.29B,8.40%,$52,$20,$33,$3,$21,$45,$7,$2,$9,$4,$5,$5,$5,$12,$7,$19,19,$0.26,$0.26,$162,$0,$0,$179,$23,$32,$86,$1,$145,$324,$36,$0,$0,$1,$37,$0,$0,$0,$287,$324,$5,$4,$3,$8,$-2,$0,$0,$2,$-5,$8,$-1,$0,$0,$30,$0,$30,$0,$28,$0,$0,$0,$0,$0,$0,$0,$0,$37,$1,$0
43,2007-12-31,47.25,$14.47,3.27,$9.96,4.74,$3.99,11.83,$0.82,57.62,$0.21B,$0.04B,5.38,$0.00B,$0.28B,0.0,$0.19B,$0.12B,60.10%,$0.19B,$0.02B,8.81%,$0.19B,$0.02B,8.81%,$0.19B,$0.03B,17.62%,$0.19B,$0.03B,13.47%,$0.19B,$0.02B,8.29%,$0.02B,$0.28B,6.02%,$0.02B,$0.19B,9.14%,$0.02B,$0.32B,5.30%,$0.02B,$0.28B,6.40%,$51,$20,$31,$3,$22,$39,$12,$2,$15,$5,$10,$10,$10,$17,$12,$19,19,$0.51,$0.50,$187,$0,$0,$206,$24,$0,$88,$2,$116,$322,$38,$0,$0,$2,$40,$0,$-42,$6,$282,$322,$16,$16,$18,$34,$-3,$0,$0,$-2,$2,$52,$-14,$0,$-17,$0,$-9,$-9,$0,$-40,$0,$0,$0,$-0,$-0,$0,$9,$8,$20,$5,$0
44,2007-09-30,53.45,$13.84,3.86,$9.53,5.61,$3.09,17.32,$0.50,106.9,$0.19B,$0.03B,5.53,$0.00B,$0.00B,0.0,$0.18B,$0.11B,59.78%,$0.18B,$0.01B,4.89%,$0.18B,$0.01B,4.89%,$0.18B,$0.02B,13.04%,$0.18B,$0.02B,9.24%,$0.18B,$0.01B,5.43%,$0.01B,$0.27B,3.88%,$0.01B,$0.18B,5.83%,$0.01B,$0.30B,3.45%,$0.01B,$0.27B,3.49%,$49,$20,$30,$3,$22,$46,$4,$2,$6,$3,$3,$3,$3,$8,$4,$19,19,$0.17,$0.17,$164,$0,$0,$187,$21,$0,$90,$2,$115,$302,$34,$0,$0,$1,$35,$0,$0,$0,$267,$302,$6,$12,$11,$23,$0,$0,$0,$-1,$-1,$28,$-8,$0,$-17,$-1,$0,$-1,$0,$-26,$0,$0,$0,$3,$3,$0,$0,$3,$5,$4,$0
45,2007-06-30,52.88,$13.48,3.92,$9.12,5.8,$2.89,18.29,$0.58,91.17,$0.18B,$0.03B,5.67,$0.00B,$0.00B,0.0,$0.18B,$0.11B,60.80%,$0.18B,$0.01B,6.25%,$0.18B,$0.01B,6.25%,$0.18B,$0.03B,14.20%,$0.18B,$0.02B,10.80%,$0.18B,$0.01B,6.82%,$0.01B,$0.26B,4.77%,$0.01B,$0.17B,7.00%,$0.01B,$0.29B,4.26%,$0.01B,$0.26B,4.37%,$48,$19,$28,$3,$24,$48,$0,$2,$2,$1,$1,$1,$1,$4,$0,$19,19,$0.06,$0.06,$154,$0,$0,$175,$20,$0,$92,$2,$117,$292,$31,$0,$0,$2,$33,$0,$0,$0,$259,$292,$3,$8,$6,$14,$0,$0,$0,$-0,$-0,$17,$-5,$0,$-17,$2,$0,$2,$0,$-20,$0,$0,$0,$1,$1,$0,$0,$1,$-2,$3,$0
46,2007-03-31,44.68,$13.28,3.36,$8.67,5.15,$2.89,15.44,$0.64,69.81,$0.17B,$0.03B,5.16,$0.00B,$0.00B,0.0,$0.17B,$0.11B,62.87%,$0.17B,$0.01B,7.78%,$0.17B,$0.01B,7.78%,$0.17B,$0.03B,15.57%,$0.17B,$0.02B,12.57%,$0.17B,$0.01B,7.78%,$0.01B,$0.26B,5.29%,$0.01B,$0.16B,7.57%,$0.01B,$0.29B,4.75%,$0.01B,$0.26B,5.29%,$45,$18,$27,$3,$21,$43,$1,$2,$3,$1,$2,$2,$2,$5,$1,$19,19,$0.10,$0.09,$150,$0,$0,$172,$20,$0,$92,$1,$118,$291,$33,$0,$0,$2,$36,$0,$0,$0,$255,$291,$2,$4,$4,$7,$0,$0,$0,$2,$2,$11,$-3,$0,$-17,$13,$0,$13,$0,$-6,$0,$0,$0,$0,$0,$0,$0,$0,$5,$2,$0
47,2006-12-31,53.56,$13.11,4.09,$8.27,6.47,$2.74,19.57,$0.65,82.4,$0.18B,$0.02B,7.4,$0.00B,$0.25B,0.0,$0.16B,$0.10B,64.15%,$0.16B,$0.01B,8.81%,$0.16B,$0.01B,8.81%,$0.16B,$0.03B,16.35%,$0.16B,$0.02B,13.21%,$0.16B,$0.01B,8.18%,$0.01B,$0.25B,5.43%,$0.01B,$0.18B,7.55%,$0.01B,$0.28B,4.91%,$0.01B,$0.25B,5.85%,$42,$17,$25,$3,$17,$38,$4,$2,$6,$2,$4,$4,$4,$7,$4,$19,19,$0.19,$0.18,$158,$0,$0,$179,$18,$0,$70,$2,$97,$275,$24,$0,$0,$1,$25,$0,$-58,$5,$250,$275,$12,$12,$14,$25,$-5,$0,$0,$-1,$-5,$33,$-13,$0,$-2,$-13,$0,$-13,$0,$-28,$0,$0,$0,$6,$6,$0,$0,$6,$10,$4,$0
