,Date,Stock Price,Book Value per Share,Price to Book Ratio,TTM Sales per Share,Price to Sales Ratio,TTM FCF per Share,Price to FCF Ratio,TTM Net EPS,PE Ratio,Current Assets,Current Liabilities,Current Ratio,Long Term Debt,Shareholder's Equity_x,Debt to Equity Ratio,TTM Revenue_x,TTM Gross Profit,Gross Margin,TTM Revenue_y,TTM Operating Income,Operating Margin,TTM Revenue_x,TTM EBIT,EBIT Margin,TTM Revenue_y,TTM EBITDA,EBITDA Margin,TTM Revenue_x,TTM Pre-Tax Income,Pre-Tax Margin,TTM Revenue_y,TTM Net Income_x,Net Margin,TTM Net Income_y,Shareholder's Equity_y,Return on Equity,TTM Net Income_x,Tangible Equity,Return on Tangible Equity,TTM Net Income_y,Total Assets,Return on Assets,TTM Net Income,LT Investments & Debt,Return on Investment,revenue,cost-goods-sold,gross-profit,research-development-expenses,selling-general-administrative-expenses,operating-expenses,operating-income,total-non-operating-income-expense,pre-tax-income,total-provision-income-taxes,income-after-taxes,income-from-continuous-operations,net-income,ebitda,ebit,basic-shares-outstanding,shares-outstanding,eps-basic-net-earnings-per-share,eps-earnings-per-share-diluted,cash-on-hand,inventory,other-current-assets,total-current-assets,net-property-plant-equipment,long-term-investments,goodwill-intangible-assets-total,other-long-term-assets,total-long-term-assets,total-assets,total-current-liabilities,long-term-debt,other-non-current-liabilities,total-long-term-liabilities,total-liabilities,common-stock-net,retained-earnings-accumulated-deficit,comprehensive-income,total-share-holder-equity,total-liabilities-share-holders-equity,net-income-loss,total-depreciation-amortization-cash-flow,other-non-cash-items,total-non-cash-items,change-in-accounts-receivable,change-in-inventories,change-in-accounts-payable,change-in-assets-liabilities,total-change-in-assets-liabilities,cash-flow-from-operating-activities,net-change-in-property-plant-equipment,net-change-in-intangible-assets,net-acquisitions-divestitures,net-change-in-short-term-investments,net-change-in-long-term-investments,net-change-in-investments-total,investing-activities-other,cash-flow-from-investing-activities,net-long-term-debt,net-current-debt,debt-issuance-retirement-net-total,net-common-equity-issued-repurchased,net-total-equity-issued-repurchased,total-common-preferred-stock-dividends-paid,financial-activities-other,cash-flow-from-financial-activities,net-cash-flow,stock-based-compensation,common-stock-dividends-paid
0,2018-09-30,39.14,$3.86,10.14,$6.68,5.86,$0.11,347.91,$0.02,1957.0,$0.17B,$0.04B,4.54,$0.02B,$0.13B,0.16,$0.22B,$0.18B,81.70%,$0.22B,$0.00B,0.45%,$0.22B,$0.00B,0.45%,$0.22B,$0.01B,2.23%,$0.22B,$0.00B,0.45%,$0.22B,$0.00B,0.45%,$0.00B,$0.13B,0.77%,$0.00B,$0.13B,0.80%,$0.00B,$0.20B,0.51%,$0.00B,$0.16B,0.66%,$56,$11,$46,$7,$41,$59,$-3,$0,$-3,$0,$-3,$-3,$-3,$-2,$-3,$33,33,$-0.09,$-0.09,$114,$18,$0,$165,$27,$0,$6,$3,$36,$200,$36,$21,$1,$30,$66,$0,$-331,$0,$134,$200,$-3,$1,$3,$4,$1,$-1,$0,$0,$-2,$-1,$-1,$-0,$0,$0,$0,$0,$0,$-1,$0,$0,$0,$-1,$-1,$0,$-0,$-1,$-3,$3,$0
1,2018-06-30,32.34,$4.03,8.02,$6.51,4.97,$0.08,429.48,$0.05,646.8,$0.17B,$0.04B,4.47,$0.02B,$0.13B,0.16,$0.22B,$0.18B,81.19%,$0.22B,$0.00B,0.92%,$0.22B,$0.00B,0.92%,$0.22B,$0.01B,2.75%,$0.22B,$0.00B,0.92%,$0.22B,$0.00B,0.92%,$0.00B,$0.13B,1.59%,$0.00B,$0.13B,1.65%,$0.00B,$0.20B,1.03%,$0.00B,$0.16B,1.36%,$59,$11,$48,$7,$38,$55,$4,$-0,$4,$0,$4,$4,$4,$5,$4,$33,34,$0.11,$0.11,$117,$17,$0,$168,$28,$0,$5,$3,$36,$203,$37,$21,$1,$31,$69,$0,$-328,$0,$134,$203,$2,$4,$11,$15,$-3,$0,$0,$2,$-7,$10,$-2,$-1,$0,$-2,$0,$-2,$0,$-5,$0,$0,$0,$4,$4,$0,$0,$4,$8,$10,$0
2,2018-03-31,21.93,$3.80,5.77,$6.38,3.44,$0.42,52.15,$-0.04,0.0,$0.16B,$0.04B,4.46,$0.02B,$0.13B,0.17,$0.21B,$0.17B,81.13%,$0.21B,$-0.00B,-0.47%,$0.21B,$-0.00B,-0.47%,$0.21B,$0.00B,1.42%,$0.21B,$-0.00B,-0.47%,$0.21B,$-0.00B,-0.47%,$-0.00B,$0.13B,-0.82%,$-0.00B,$0.12B,-0.85%,$-0.00B,$0.20B,-0.52%,$-0.00B,$0.15B,-0.70%,$56,$10,$46,$7,$38,$55,$0,$-0,$0,$0,$0,$0,$0,$1,$0,$33,34,$0.01,$0.01,$110,$17,$0,$161,$28,$0,$5,$0,$34,$195,$36,$21,$2,$32,$68,$0,$-331,$0,$126,$195,$-2,$3,$9,$11,$-4,$-0,$0,$3,$-8,$2,$-2,$-1,$0,$0,$0,$0,$0,$-2,$0,$0,$0,$2,$2,$0,$0,$2,$1,$8,$0
3,2017-12-31,23.69,$3.73,6.35,$6.33,3.74,$0.90,26.39,$-0.10,0.0,$0.16B,$0.03B,4.65,$0.02B,$0.12B,0.17,$0.21B,$0.17B,80.29%,$0.21B,$-0.00B,-1.44%,$0.21B,$-0.00B,-1.44%,$0.21B,$0.00B,0.48%,$0.21B,$-0.00B,-1.44%,$0.21B,$-0.00B,-1.44%,$-0.00B,$0.12B,-2.53%,$-0.00B,$0.12B,-2.63%,$-0.00B,$0.19B,-1.58%,$-0.00B,$0.15B,-2.15%,$53,$9,$43,$6,$37,$53,$-0,$-0,$-0,$0,$-0,$-0,$-0,$1,$-0,$33,33,$-0.01,$-0.01,$108,$17,$0,$156,$29,$0,$5,$0,$34,$190,$33,$21,$3,$33,$66,$0,$-332,$0,$124,$190,$-2,$2,$6,$8,$1,$-1,$0,$3,$-6,$-1,$-1,$-1,$0,$0,$0,$0,$0,$-2,$0,$0,$0,$2,$2,$0,$0,$2,$-1,$6,$0
4,2017-09-30,28.15,$3.52,8.0,$6.26,4.49,$1.37,20.59,$-0.06,0.0,$0.16B,$0.04B,4.3,$0.02B,$0.12B,0.18,$0.21B,$0.17B,80.49%,$0.21B,$-0.00B,-0.98%,$0.21B,$-0.00B,-0.98%,$0.21B,$0.00B,0.98%,$0.21B,$-0.00B,-0.98%,$0.21B,$-0.00B,-0.98%,$-0.00B,$0.12B,-1.73%,$-0.00B,$0.12B,-1.80%,$-0.00B,$0.19B,-1.10%,$-0.00B,$0.14B,-1.52%,$50,$9,$40,$6,$36,$51,$-2,$-0,$-2,$0,$-2,$-2,$-2,$-1,$-2,$33,33,$-0.06,$-0.06,$105,$17,$0,$156,$29,$0,$5,$0,$35,$190,$36,$21,$3,$34,$70,$0,$-331,$0,$120,$190,$-2,$1,$3,$4,$1,$-0,$0,$-1,$-5,$-3,$-1,$-0,$0,$0,$0,$0,$0,$-1,$0,$0,$0,$0,$0,$0,$0,$0,$-3,$3,$0
5,2017-06-30,32.23,$3.60,8.94,$6.27,5.14,$1.39,23.2,$-0.06,0.0,$0.16B,$0.04B,3.88,$0.02B,$0.12B,0.18,$0.21B,$0.17B,80.49%,$0.21B,$-0.00B,-0.98%,$0.21B,$-0.00B,-0.98%,$0.21B,$0.00B,0.98%,$0.21B,$-0.00B,-0.98%,$0.21B,$-0.00B,-0.98%,$-0.00B,$0.12B,-1.79%,$-0.00B,$0.11B,-1.86%,$-0.00B,$0.19B,-1.18%,$-0.00B,$0.14B,-1.64%,$53,$10,$43,$6,$36,$52,$1,$-0,$1,$0,$1,$1,$1,$2,$1,$32,32,$0.02,$0.02,$109,$17,$0,$159,$30,$0,$5,$0,$35,$194,$41,$21,$3,$35,$76,$0,$-329,$0,$118,$194,$-2,$4,$12,$16,$-6,$1,$0,$8,$5,$20,$-1,$-1,$0,$0,$0,$0,$0,$-2,$21,$0,$21,$9,$9,$0,$0,$29,$47,$10,$0
6,2017-03-31,28.28,$3.47,8.15,$6.12,4.62,$-0.03,0.0,$-0.23,0.0,$0.15B,$0.04B,3.93,$0.02B,$0.11B,0.19,$0.20B,$0.16B,80.50%,$0.20B,$-0.01B,-4.00%,$0.20B,$-0.01B,-4.00%,$0.20B,$-0.00B,-2.00%,$0.20B,$-0.01B,-4.00%,$0.20B,$-0.01B,-4.00%,$-0.01B,$0.11B,-7.46%,$-0.01B,$0.11B,-7.77%,$-0.01B,$0.19B,-5.11%,$-0.01B,$0.13B,-7.11%,$52,$11,$41,$5,$37,$54,$-2,$0,$-2,$0,$-2,$-2,$-2,$-1,$-2,$33,33,$-0.05,$-0.05,$104,$17,$0,$152,$30,$0,$5,$0,$35,$187,$39,$21,$4,$35,$73,$0,$-330,$0,$113,$187,$-3,$3,$10,$13,$-5,$1,$0,$10,$6,$16,$-1,$-0,$0,$0,$0,$0,$0,$-1,$21,$0,$21,$6,$6,$0,$0,$27,$42,$8,$0
7,2016-12-31,24.21,$3.44,7.04,$5.88,4.11,$-1.22,0.0,$-0.87,0.0,$0.12B,$0.03B,3.8,$0.00B,$0.11B,0.0,$0.19B,$0.16B,81.25%,$0.19B,$-0.03B,-15.10%,$0.19B,$-0.03B,-15.10%,$0.19B,$-0.03B,-13.02%,$0.19B,$-0.03B,-15.10%,$0.19B,$-0.03B,-15.10%,$-0.03B,$0.11B,-27.75%,$-0.03B,$0.11B,-29.00%,$-0.03B,$0.16B,-19.86%,$-0.03B,$0.11B,-27.75%,$50,$9,$41,$6,$34,$49,$1,$-0,$1,$0,$1,$1,$1,$2,$1,$32,33,$0.03,$0.03,$80,$16,$0,$123,$31,$0,$5,$0,$36,$159,$32,$0,$4,$14,$47,$0,$-328,$0,$112,$159,$-1,$2,$7,$9,$-2,$1,$0,$12,$6,$14,$-0,$-0,$0,$0,$0,$0,$0,$-1,$0,$0,$0,$6,$6,$0,$0,$6,$19,$6,$0
8,2016-09-30,23.74,$3.12,7.62,$5.63,4.22,$-2.26,0.0,$-1.37,0.0,$0.10B,$0.03B,3.35,$0.00B,$0.10B,0.0,$0.18B,$0.15B,80.87%,$0.18B,$-0.05B,-24.59%,$0.18B,$-0.05B,-24.59%,$0.18B,$-0.04B,-22.40%,$0.18B,$-0.05B,-24.59%,$0.18B,$-0.05B,-24.59%,$-0.05B,$0.10B,-42.15%,$-0.05B,$0.10B,-44.01%,$-0.05B,$0.14B,-31.25%,$-0.05B,$0.10B,-42.15%,$50,$9,$40,$5,$37,$52,$-2,$0,$-2,$0,$-2,$-2,$-2,$-1,$-2,$33,33,$-0.06,$-0.06,$59,$17,$0,$102,$32,$0,$4,$0,$36,$138,$30,$0,$5,$5,$35,$0,$-329,$0,$103,$138,$-2,$1,$4,$5,$-1,$1,$0,$1,$-6,$-2,$-0,$-0,$0,$0,$0,$0,$0,$-0,$0,$0,$0,$0,$0,$0,$0,$0,$-2,$3,$0
9,2016-06-30,18.38,$3.08,5.97,$5.48,3.35,$-2.39,0.0,$-1.72,0.0,$0.11B,$0.04B,2.96,$0.00B,$0.10B,0.0,$0.18B,$0.14B,80.79%,$0.18B,$-0.06B,-31.64%,$0.18B,$-0.06B,-31.64%,$0.18B,$-0.05B,-29.38%,$0.18B,$-0.06B,-31.64%,$0.18B,$-0.06B,-31.64%,$-0.06B,$0.10B,-49.23%,$-0.06B,$0.10B,-51.38%,$-0.06B,$0.14B,-37.33%,$-0.06B,$0.10B,-49.23%,$48,$10,$39,$6,$38,$53,$-5,$0,$-5,$0,$-5,$-5,$-5,$-4,$-5,$33,33,$-0.15,$-0.15,$61,$17,$0,$105,$32,$0,$5,$0,$38,$142,$35,$0,$6,$6,$42,$0,$-327,$0,$101,$142,$-56,$4,$14,$18,$7,$-3,$0,$1,$14,$-24,$-4,$-1,$0,$1,$0,$1,$-0,$-4,$0,$0,$0,$4,$4,$0,$0,$4,$-23,$13,$0
10,2016-03-31,10.37,$3.11,3.33,$5.53,1.88,$-2.90,0.0,$-1.84,0.0,$0.11B,$0.04B,3.05,$0.00B,$0.10B,0.0,$0.18B,$0.14B,80.23%,$0.18B,$-0.06B,-33.90%,$0.18B,$-0.06B,-33.90%,$0.18B,$-0.06B,-31.64%,$0.18B,$-0.06B,-33.90%,$0.18B,$-0.06B,-33.90%,$-0.06B,$0.10B,-48.68%,$-0.06B,$0.10B,-50.53%,$-0.06B,$0.15B,-38.16%,$-0.06B,$0.10B,-48.68%,$44,$9,$36,$6,$42,$67,$-23,$0,$-23,$0,$-23,$-23,$-23,$-22,$-23,$33,33,$-0.69,$-0.69,$64,$18,$0,$107,$33,$0,$5,$0,$38,$145,$35,$0,$8,$8,$43,$0,$-323,$0,$102,$145,$-51,$3,$11,$14,$8,$-4,$0,$2,$17,$-20,$-3,$-1,$0,$-0,$0,$-0,$-0,$-4,$0,$0,$0,$3,$3,$0,$0,$3,$-22,$10,$0
11,2015-12-31,15.12,$3.70,4.08,$5.65,2.67,$-3.19,0.0,$-1.49,0.0,$0.11B,$0.03B,4.03,$0.00B,$0.12B,0.0,$0.18B,$0.14B,79.44%,$0.18B,$-0.05B,-26.67%,$0.18B,$-0.05B,-26.67%,$0.18B,$-0.04B,-24.44%,$0.18B,$-0.05B,-26.67%,$0.18B,$-0.05B,-26.67%,$-0.05B,$0.12B,-35.96%,$-0.05B,$0.12B,-37.21%,$-0.05B,$0.15B,-28.96%,$-0.05B,$0.12B,-35.96%,$41,$8,$33,$7,$41,$57,$-15,$0,$-15,$0,$-15,$-15,$-15,$-14,$-15,$33,33,$-0.47,$-0.47,$67,$18,$0,$113,$34,$0,$5,$0,$38,$151,$28,$0,$2,$2,$30,$0,$-300,$0,$121,$151,$-28,$2,$8,$10,$5,$-4,$0,$2,$1,$-18,$-3,$0,$0,$-0,$0,$-0,$-1,$-4,$0,$0,$0,$3,$3,$0,$0,$3,$-19,$7,$0
12,2015-09-30,15.84,$4.03,3.93,$5.80,2.73,$-3.27,0.0,$-1.19,0.0,$0.12B,$0.03B,4.13,$0.00B,$0.13B,0.0,$0.18B,$0.15B,78.80%,$0.18B,$-0.04B,-20.65%,$0.18B,$-0.04B,-20.65%,$0.18B,$-0.04B,-19.02%,$0.18B,$-0.04B,-20.65%,$0.18B,$-0.04B,-20.65%,$-0.04B,$0.13B,-27.09%,$-0.04B,$0.13B,-27.99%,$-0.04B,$0.16B,-21.93%,$-0.04B,$0.13B,-27.09%,$44,$9,$35,$7,$41,$57,$-13,$-0,$-13,$0,$-13,$-13,$-13,$-12,$-13,$32,32,$-0.41,$-0.41,$78,$15,$0,$123,$34,$0,$5,$1,$39,$162,$30,$0,$2,$2,$32,$0,$-285,$-0,$131,$162,$-13,$1,$4,$5,$4,$-1,$0,$1,$3,$-5,$-2,$0,$0,$-0,$0,$-0,$-1,$-2,$0,$0,$0,$0,$0,$0,$0,$0,$-7,$4,$0
13,2015-06-30,26.45,$4.37,6.05,$5.76,4.59,$-3.30,0.0,$-1.04,0.0,$0.13B,$0.03B,4.48,$0.00B,$0.14B,0.0,$0.18B,$0.14B,78.45%,$0.18B,$-0.03B,-18.23%,$0.18B,$-0.03B,-18.23%,$0.18B,$-0.03B,-17.13%,$0.18B,$-0.03B,-18.23%,$0.18B,$-0.03B,-18.23%,$-0.03B,$0.14B,-22.84%,$-0.03B,$0.14B,-23.53%,$-0.03B,$0.17B,-18.51%,$-0.03B,$0.14B,-22.84%,$48,$11,$38,$8,$38,$57,$-9,$-0,$-9,$0,$-9,$-9,$-9,$-8,$-9,$32,32,$-0.27,$-0.27,$86,$14,$0,$134,$33,$0,$5,$0,$37,$171,$30,$0,$2,$2,$32,$0,$-271,$0,$139,$171,$-33,$2,$16,$18,$-11,$-1,$0,$-1,$-8,$-22,$-20,$-1,$0,$-2,$0,$-2,$0,$-23,$-2,$0,$-2,$5,$5,$0,$0,$3,$-43,$15,$0
14,2015-03-31,39.04,$4.50,8.67,$5.62,6.94,$-3.35,0.0,$-1.08,0.0,$0.14B,$0.03B,4.19,$0.00B,$0.14B,0.0,$0.17B,$0.13B,77.46%,$0.17B,$-0.03B,-19.65%,$0.17B,$-0.03B,-19.65%,$0.17B,$-0.03B,-18.50%,$0.17B,$-0.03B,-19.65%,$0.17B,$-0.03B,-19.65%,$-0.03B,$0.14B,-23.01%,$-0.03B,$0.14B,-23.69%,$-0.03B,$0.18B,-18.78%,$-0.03B,$0.14B,-23.01%,$47,$10,$37,$8,$39,$58,$-11,$-0,$-11,$0,$-11,$-11,$-11,$-10,$-11,$32,32,$-0.34,$-0.34,$93,$13,$0,$142,$32,$0,$4,$0,$37,$179,$34,$0,$2,$2,$36,$0,$-263,$0,$143,$179,$-24,$1,$12,$14,$-11,$-0,$0,$0,$-5,$-15,$-17,$-1,$0,$-2,$0,$-2,$0,$-19,$-2,$0,$-2,$3,$3,$0,$0,$1,$-33,$11,$0
15,2014-12-31,30.08,$4.69,6.41,$5.29,5.69,$-2.99,0.0,$-1.06,0.0,$0.15B,$0.03B,4.77,$0.00B,$0.15B,0.0,$0.16B,$0.12B,77.02%,$0.16B,$-0.03B,-20.50%,$0.16B,$-0.03B,-20.50%,$0.16B,$-0.03B,-19.25%,$0.16B,$-0.03B,-20.50%,$0.16B,$-0.03B,-20.50%,$-0.03B,$0.15B,-21.85%,$-0.03B,$0.14B,-22.41%,$-0.03B,$0.18B,-18.08%,$-0.03B,$0.15B,-21.85%,$45,$9,$35,$8,$33,$50,$-5,$-0,$-5,$0,$-5,$-5,$-5,$-5,$-5,$31,31,$-0.17,$-0.17,$101,$14,$0,$145,$31,$0,$4,$0,$35,$181,$30,$0,$2,$2,$32,$0,$-252,$0,$148,$181,$-13,$1,$8,$9,$-6,$-1,$0,$0,$-6,$-11,$-11,$-1,$0,$-2,$0,$-2,$0,$-14,$-2,$0,$-2,$2,$2,$0,$0,$-0,$-25,$7,$0
16,2014-09-30,23.63,$4.72,5.01,$5.06,4.67,$-2.76,0.0,$-1.21,0.0,$0.16B,$0.03B,4.91,$0.00B,$0.15B,0.0,$0.15B,$0.11B,77.03%,$0.15B,$-0.04B,-23.65%,$0.15B,$-0.04B,-23.65%,$0.15B,$-0.03B,-22.30%,$0.15B,$-0.04B,-25.00%,$0.15B,$-0.04B,-25.00%,$-0.04B,$0.15B,-24.18%,$-0.04B,$0.14B,-24.75%,$-0.04B,$0.18B,-20.27%,$-0.04B,$0.15B,-22.88%,$41,$9,$32,$7,$34,$50,$-8,$-0,$-8,$0,$-8,$-8,$-8,$-8,$-8,$31,31,$-0.26,$-0.26,$116,$15,$0,$157,$21,$0,$4,$0,$25,$182,$32,$0,$2,$2,$34,$0,$-247,$0,$148,$182,$-8,$0,$4,$5,$-2,$-2,$0,$1,$-1,$-4,$-3,$-0,$0,$-2,$0,$-2,$0,$-5,$-1,$0,$-1,$1,$1,$0,$0,$-1,$-10,$4,$0
17,2014-06-30,31.16,$4.89,6.37,$4.94,6.31,$-2.76,0.0,$-1.24,0.0,$0.16B,$0.03B,5.47,$0.00B,$0.15B,0.0,$0.14B,$0.11B,76.64%,$0.14B,$-0.03B,-24.82%,$0.14B,$-0.03B,-24.82%,$0.14B,$-0.03B,-23.36%,$0.14B,$-0.04B,-26.28%,$0.14B,$-0.04B,-26.28%,$-0.04B,$0.15B,-27.22%,$-0.04B,$0.15B,-27.91%,$-0.04B,$0.18B,-22.40%,$-0.03B,$0.15B,-25.42%,$40,$9,$30,$6,$34,$49,$-10,$-0,$-10,$0,$-10,$-10,$-10,$-9,$-10,$28,28,$-0.32,$-0.32,$127,$13,$0,$163,$15,$0,$4,$0,$19,$182,$30,$0,$0,$0,$30,$0,$-239,$0,$152,$182,$-35,$2,$12,$13,$-7,$-7,$0,$-1,$-5,$-27,$-13,$-1,$0,$0,$0,$0,$0,$-13,$-5,$0,$-5,$104,$104,$0,$0,$99,$59,$11,$0
18,2014-03-31,31.79,$5.06,6.28,$4.87,6.52,$-1.94,0.0,$-1.21,0.0,$0.18B,$0.03B,6.14,$0.00B,$0.16B,0.0,$0.13B,$0.10B,76.98%,$0.13B,$-0.03B,-24.60%,$0.13B,$-0.03B,-24.60%,$0.13B,$-0.03B,-23.02%,$0.13B,$-0.03B,-26.19%,$0.13B,$-0.03B,-26.19%,$-0.03B,$0.16B,-29.73%,$-0.03B,$0.15B,-30.56%,$-0.03B,$0.19B,-23.66%,$-0.03B,$0.16B,-27.13%,$35,$8,$27,$5,$31,$45,$-10,$-0,$-10,$0,$-10,$-10,$-10,$-9,$-10,$30,30,$-0.32,$-0.32,$146,$12,$0,$178,$3,$0,$4,$0,$7,$185,$29,$0,$0,$0,$29,$0,$-229,$0,$156,$185,$-26,$1,$9,$10,$-5,$-6,$0,$0,$-2,$-18,$-1,$-0,$0,$0,$0,$0,$0,$-2,$-9,$5,$-4,$102,$102,$0,$0,$98,$78,$8,$0
19,2013-12-31,34.29,$5.24,6.54,$4.95,6.92,$-1.77,0.0,$-1.18,0.0,$0.17B,$0.03B,7.03,$0.00B,$0.16B,0.0,$0.12B,$0.09B,76.92%,$0.12B,$-0.03B,-22.22%,$0.12B,$-0.03B,-22.22%,$0.12B,$-0.03B,-21.37%,$0.12B,$-0.03B,-24.79%,$0.12B,$-0.03B,-24.79%,$-0.03B,$0.16B,-32.40%,$-0.03B,$0.15B,-33.53%,$-0.03B,$0.18B,-24.58%,$-0.03B,$0.16B,-27.37%,$32,$7,$25,$5,$27,$40,$-7,$-1,$-9,$0,$-9,$-9,$-9,$-7,$-7,$27,27,$-0.32,$-0.32,$147,$10,$0,$174,$3,$0,$4,$0,$7,$181,$25,$0,$0,$0,$25,$0,$-219,$0,$156,$181,$-16,$1,$6,$7,$-1,$-4,$0,$-0,$-3,$-12,$-1,$-0,$0,$0,$0,$0,$0,$-1,$-2,$0,$-2,$95,$95,$0,$0,$92,$79,$5,$0
20,2013-09-30,20.05,$2.59,7.75,$4.99,4.02,$-1.66,0.0,$-1.14,0.0,$0.09B,$0.02B,3.67,$0.01B,$0.07B,0.09,$0.11B,$0.08B,76.36%,$0.11B,$-0.02B,-21.82%,$0.11B,$-0.02B,-21.82%,$0.11B,$-0.02B,-20.91%,$0.11B,$-0.03B,-23.64%,$0.11B,$-0.03B,-23.64%,$-0.03B,$0.07B,-45.02%,$-0.03B,$0.06B,-47.49%,$-0.03B,$0.10B,-29.89%,$-0.02B,$0.07B,-36.36%,$30,$7,$23,$4,$25,$37,$-7,$-0,$-7,$0,$-7,$-7,$-7,$-7,$-7,$25,25,$-0.29,$-0.29,$63,$8,$0,$88,$3,$0,$3,$1,$7,$95,$24,$6,$0,$6,$30,$0,$-211,$0,$65,$95,$-7,$0,$3,$3,$-1,$-2,$0,$0,$-1,$-6,$-0,$-0,$0,$0,$0,$0,$0,$-0,$-1,$0,$-1,$3,$3,$0,$0,$1,$-5,$2,$0
21,2013-06-30,21.2,$2.74,7.73,$4.93,4.3,$-1.52,0.0,$-1.11,0.0,$0.09B,$0.02B,4.01,$0.01B,$0.07B,0.11,$0.10B,$0.08B,76.70%,$0.10B,$-0.02B,-21.36%,$0.10B,$-0.02B,-21.36%,$0.10B,$-0.02B,-20.39%,$0.10B,$-0.02B,-23.30%,$0.10B,$-0.02B,-23.30%,$-0.02B,$0.07B,-49.23%,$-0.02B,$0.06B,-52.46%,$-0.02B,$0.10B,-30.67%,$-0.02B,$0.07B,-37.61%,$29,$7,$22,$4,$25,$36,$-7,$-0,$-7,$0,$-7,$-7,$-7,$-6,$-7,$22,22,$-0.28,$-0.28,$68,$6,$0,$90,$3,$0,$3,$1,$7,$97,$22,$7,$0,$8,$30,$0,$-203,$0,$67,$97,$-24,$1,$8,$9,$-1,$1,$0,$1,$4,$-11,$-2,$-1,$0,$0,$0,$0,$0,$-2,$-0,$0,$-0,$46,$46,$0,$0,$46,$32,$7,$0
22,2013-03-31,20.48,$2.92,7.01,$4.87,4.21,$-1.60,0.0,$-1.07,0.0,$0.09B,$0.02B,4.65,$0.01B,$0.07B,0.13,$0.10B,$0.08B,77.32%,$0.10B,$-0.02B,-19.59%,$0.10B,$-0.02B,-19.59%,$0.10B,$-0.02B,-19.59%,$0.10B,$-0.02B,-22.68%,$0.10B,$-0.02B,-22.68%,$-0.02B,$0.07B,-55.00%,$-0.02B,$0.07B,-59.06%,$-0.02B,$0.10B,-31.54%,$-0.02B,$0.08B,-37.07%,$26,$6,$20,$4,$22,$32,$-5,$-1,$-6,$0,$-6,$-6,$-6,$-5,$-5,$21,21,$-0.29,$-0.29,$70,$7,$0,$93,$3,$0,$3,$1,$6,$99,$20,$9,$0,$9,$29,$0,$-196,$0,$70,$99,$-17,$1,$6,$7,$-2,$0,$0,$1,$1,$-9,$-1,$-1,$0,$0,$0,$0,$0,$-1,$-4,$5,$1,$44,$44,$0,$0,$45,$34,$5,$0
23,2012-12-31,12.55,$1.38,9.07,$4.81,2.61,$-1.62,0.0,$-1.01,0.0,$0.05B,$0.02B,2.98,$0.01B,$0.03B,0.36,$0.09B,$0.07B,77.17%,$0.09B,$-0.02B,-19.57%,$0.09B,$-0.02B,-19.57%,$0.09B,$-0.02B,-19.57%,$0.09B,$-0.02B,-21.74%,$0.09B,$-0.02B,-21.74%,$-0.02B,$0.03B,-73.39%,$-0.02B,$0.03B,-80.81%,$-0.02B,$0.06B,-34.78%,$-0.02B,$0.04B,-45.28%,$25,$6,$19,$4,$20,$30,$-5,$-1,$-6,$0,$-6,$-6,$-6,$-5,$-5,$21,21,$-0.28,$-0.28,$29,$7,$0,$51,$2,$0,$3,$1,$6,$57,$17,$10,$0,$11,$27,$0,$-190,$0,$29,$57,$-11,$0,$3,$4,$0,$-0,$0,$1,$-0,$-7,$-0,$-0,$0,$0,$0,$0,$0,$-1,$-2,$0,$-2,$4,$4,$0,$0,$2,$-6,$3,$0
24,2012-09-30,11.56,$1.41,8.21,$4.70,2.46,$-1.62,0.0,$-0.96,0.0,$0.05B,$0.02B,2.79,$0.01B,$0.03B,0.4,$0.09B,$0.07B,77.01%,$0.09B,$-0.02B,-19.54%,$0.09B,$-0.02B,-19.54%,$0.09B,$-0.02B,-18.39%,$0.09B,$-0.02B,-20.69%,$0.09B,$-0.02B,-20.69%,$-0.02B,$0.03B,-70.59%,$-0.02B,$0.03B,-78.26%,$-0.02B,$0.06B,-32.00%,$-0.02B,$0.04B,-43.59%,$23,$5,$18,$3,$20,$28,$-5,$-0,$-5,$0,$-5,$-5,$-5,$-5,$-5,$20,20,$-0.26,$-0.26,$32,$7,$0,$54,$2,$0,$3,$1,$6,$60,$19,$12,$0,$12,$31,$0,$-184,$0,$29,$60,$-5,$0,$1,$2,$0,$0,$0,$0,$2,$-2,$-0,$-0,$0,$0,$0,$0,$0,$-0,$-1,$0,$-1,$0,$0,$0,$0,$-1,$-3,$2,$0
25,2012-06-30,9.79,$1.60,6.11,$4.63,2.12,$-1.65,0.0,$-0.92,0.0,$0.06B,$0.02B,3.24,$0.01B,$0.03B,0.4,$0.08B,$0.06B,75.90%,$0.08B,$-0.02B,-18.07%,$0.08B,$-0.02B,-18.07%,$0.08B,$-0.01B,-16.87%,$0.08B,$-0.02B,-20.48%,$0.08B,$-0.02B,-20.48%,$-0.02B,$0.03B,-70.83%,$-0.02B,$0.03B,-78.16%,$-0.02B,$0.06B,-31.92%,$-0.02B,$0.05B,-40.82%,$23,$5,$18,$3,$18,$27,$-4,$-1,$-5,$0,$-5,$-5,$-5,$-4,$-4,$18,18,$-0.25,$-0.25,$36,$7,$0,$58,$2,$0,$3,$1,$5,$63,$18,$13,$0,$13,$31,$0,$-179,$0,$32,$63,$-17,$1,$6,$7,$-0,$-1,$0,$-0,$-2,$-11,$-0,$-1,$0,$0,$0,$0,$0,$-1,$6,$0,$6,$21,$21,$0,$0,$27,$14,$5,$0
26,2012-03-31,9.25,$1.08,8.6,$4.72,1.96,$-1.59,0.0,$-0.83,0.0,$0.04B,$0.02B,2.74,$0.01B,$0.02B,0.73,$0.08B,$0.06B,75.61%,$0.08B,$-0.01B,-14.63%,$0.08B,$-0.01B,-14.63%,$0.08B,$-0.01B,-13.41%,$0.08B,$-0.01B,-17.07%,$0.08B,$-0.01B,-17.07%,$-0.01B,$0.02B,-65.12%,$-0.01B,$0.02B,-73.68%,$-0.01B,$0.05B,-28.43%,$-0.01B,$0.03B,-36.36%,$21,$5,$16,$3,$17,$25,$-4,$-0,$-4,$0,$-4,$-4,$-4,$-4,$-4,$18,18,$-0.23,$-0.23,$22,$8,$0,$44,$2,$0,$3,$1,$6,$50,$16,$14,$0,$14,$30,$0,$-175,$0,$19,$50,$-12,$1,$5,$5,$0,$-2,$0,$0,$-1,$-8,$-1,$-0,$0,$0,$0,$0,$0,$-1,$6,$0,$6,$5,$5,$0,$0,$11,$1,$4,$0
27,2011-12-31,9.85,$1.22,8.05,$4.79,2.06,$-1.58,0.0,$-0.75,0.0,$0.05B,$0.01B,3.25,$0.02B,$0.02B,0.7,$0.08B,$0.06B,76.54%,$0.08B,$-0.01B,-12.35%,$0.08B,$-0.01B,-12.35%,$0.08B,$-0.01B,-11.11%,$0.08B,$-0.01B,-14.81%,$0.08B,$-0.01B,-14.81%,$-0.01B,$0.02B,-57.14%,$-0.01B,$0.02B,-64.86%,$-0.01B,$0.05B,-25.13%,$-0.01B,$0.04B,-32.00%,$20,$5,$15,$3,$16,$23,$-4,$-0,$-4,$0,$-4,$-4,$-4,$-3,$-4,$18,18,$-0.23,$-0.23,$25,$8,$0,$46,$2,$0,$2,$1,$6,$52,$14,$15,$0,$16,$30,$0,$-170,$0,$22,$52,$-8,$0,$3,$4,$1,$-2,$0,$0,$-2,$-6,$-0,$-0,$0,$0,$0,$0,$0,$-1,$6,$0,$6,$4,$4,$0,$0,$10,$3,$3,$0
28,2011-09-30,11.39,$1.32,8.66,$4.86,2.34,$-1.46,0.0,$-0.65,0.0,$0.04B,$0.02B,2.83,$0.01B,$0.02B,0.36,$0.08B,$0.06B,77.50%,$0.08B,$-0.01B,-10.00%,$0.08B,$-0.01B,-10.00%,$0.08B,$-0.01B,-10.00%,$0.08B,$-0.01B,-12.50%,$0.08B,$-0.01B,-12.50%,$-0.01B,$0.02B,-50.63%,$-0.01B,$0.02B,-57.14%,$-0.01B,$0.05B,-21.74%,$-0.01B,$0.03B,-27.83%,$19,$4,$14,$2,$15,$22,$-3,$-1,$-4,$0,$-4,$-4,$-4,$-3,$-3,$17,17,$-0.22,$-0.22,$23,$7,$0,$43,$2,$0,$2,$1,$6,$48,$15,$8,$0,$10,$25,$0,$-166,$0,$23,$48,$-4,$0,$2,$2,$1,$-1,$0,$-0,$-0,$-2,$-0,$-0,$0,$0,$0,$0,$0,$-0,$1,$0,$1,$3,$3,$0,$0,$4,$2,$1,$0
29,2011-06-30,14.56,$1.27,11.43,$4.98,2.92,$-1.44,0.0,$-0.71,0.0,$0.04B,$0.02B,2.7,$0.01B,$0.02B,0.39,$0.08B,$0.06B,78.48%,$0.08B,$-0.01B,-11.39%,$0.08B,$-0.01B,-11.39%,$0.08B,$-0.01B,-11.39%,$0.08B,$-0.01B,-12.66%,$0.08B,$-0.01B,-12.66%,$-0.01B,$0.02B,-56.34%,$-0.01B,$0.02B,-63.49%,$-0.01B,$0.05B,-22.47%,$-0.01B,$0.03B,-36.73%,$22,$4,$17,$3,$16,$23,$-1,$-2,$-2,$0,$-2,$-2,$-2,$-1,$-1,$16,16,$-0.14,$-0.14,$21,$6,$0,$41,$2,$0,$2,$1,$6,$47,$15,$8,$2,$10,$25,$0,$-162,$0,$22,$47,$-11,$1,$7,$8,$-4,$-1,$0,$0,$-5,$-8,$-1,$-1,$0,$0,$0,$0,$0,$-2,$5,$0,$5,$2,$2,$0,$0,$8,$-3,$6,$0
30,2011-03-31,10.83,$1.04,10.4,$4.84,2.24,$-1.83,0.0,$-0.85,0.0,$0.04B,$0.02B,2.43,$0.01B,$0.02B,0.57,$0.08B,$0.06B,78.67%,$0.08B,$-0.01B,-16.00%,$0.08B,$-0.01B,-16.00%,$0.08B,$-0.01B,-16.00%,$0.08B,$-0.01B,-16.00%,$0.08B,$-0.01B,-16.00%,$-0.01B,$0.02B,-71.64%,$-0.01B,$0.02B,-80.00%,$-0.01B,$0.04B,-27.59%,$-0.01B,$0.03B,-50.53%,$20,$4,$16,$2,$16,$22,$-2,$-0,$-2,$0,$-2,$-2,$-2,$-2,$-2,$16,16,$-0.15,$-0.15,$19,$5,$0,$38,$2,$0,$2,$2,$6,$44,$15,$10,$0,$11,$27,$0,$-160,$0,$17,$44,$-9,$1,$5,$5,$-4,$-1,$0,$0,$-4,$-7,$-1,$-1,$0,$0,$0,$0,$0,$-1,$2,$0,$2,$1,$1,$0,$0,$3,$-5,$5,$0
31,2010-12-31,11.66,$1.08,10.75,$4.70,2.48,$-2.17,0.0,$-1.14,0.0,$0.04B,$0.02B,2.54,$0.01B,$0.02B,0.57,$0.07B,$0.06B,77.78%,$0.07B,$-0.02B,-22.22%,$0.07B,$-0.02B,-22.22%,$0.07B,$-0.02B,-22.22%,$0.07B,$-0.02B,-23.61%,$0.07B,$-0.02B,-23.61%,$-0.02B,$0.02B,-100.00%,$-0.02B,$0.02B,-109.68%,$-0.02B,$0.05B,-35.42%,$-0.02B,$0.03B,-73.56%,$19,$4,$15,$2,$15,$21,$-2,$0,$-2,$0,$-2,$-2,$-2,$-2,$-2,$16,16,$-0.13,$-0.13,$23,$4,$0,$39,$2,$0,$2,$2,$6,$45,$15,$10,$0,$12,$27,$0,$-158,$0,$17,$45,$-6,$0,$3,$4,$-1,$-0,$0,$0,$-1,$-3,$-1,$-0,$0,$0,$0,$0,$0,$-1,$3,$0,$3,$0,$0,$0,$0,$3,$-1,$4,$0
32,2010-09-30,5.24,$0.98,5.33,$4.54,1.15,$-2.52,0.0,$-1.47,0.0,$0.04B,$0.02B,2.13,$0.00B,$0.02B,0.0,$0.07B,$0.05B,77.94%,$0.07B,$-0.02B,-30.88%,$0.07B,$-0.02B,-30.88%,$0.07B,$-0.02B,-29.41%,$0.07B,$-0.02B,-32.35%,$0.07B,$-0.02B,-32.35%,$-0.02B,$0.02B,-118.92%,$-0.02B,$0.01B,-129.41%,$-0.02B,$0.04B,-41.71%,$-0.02B,$0.02B,-101.20%,$18,$4,$14,$2,$15,$22,$-4,$-0,$-4,$0,$-4,$-4,$-4,$-4,$-4,$15,15,$-0.28,$-0.28,$22,$4,$0,$38,$2,$0,$2,$0,$4,$42,$18,$0,$7,$9,$27,$0,$-156,$0,$15,$42,$-4,$0,$2,$2,$-1,$-0,$0,$-0,$0,$-1,$-0,$-0,$0,$0,$0,$0,$0,$-0,$0,$0,$0,$0,$0,$0,$0,$0,$-2,$2,$0
33,2010-06-30,4.48,$1.17,3.83,$4.41,1.02,$-2.55,0.0,$-1.62,0.0,$0.04B,$0.01B,2.87,$0.01B,$0.02B,0.51,$0.07B,$0.05B,78.46%,$0.07B,$-0.02B,-35.38%,$0.07B,$-0.02B,-35.38%,$0.07B,$-0.02B,-33.85%,$0.07B,$-0.02B,-36.92%,$0.07B,$-0.02B,-36.92%,$-0.02B,$0.02B,-111.63%,$-0.02B,$0.02B,-121.52%,$-0.02B,$0.04B,-40.17%,$-0.02B,$0.03B,-96.84%,$18,$4,$14,$3,$15,$22,$-4,$-0,$-4,$0,$-4,$-4,$-4,$-4,$-4,$15,15,$-0.29,$-0.29,$24,$4,$0,$38,$2,$0,$2,$1,$4,$43,$13,$9,$0,$12,$25,$0,$-151,$0,$18,$43,$-24,$1,$9,$10,$-1,$-1,$0,$0,$0,$-14,$-1,$0,$0,$23,$0,$23,$-0,$22,$-19,$0,$-19,$1,$1,$0,$0,$-18,$-10,$9,$0
34,2010-03-31,5.31,$1.23,4.32,$5.13,1.03,$-5.38,0.0,$-1.73,0.0,$0.06B,$0.03B,1.82,$0.00B,$0.02B,0.0,$0.06B,$0.05B,76.19%,$0.06B,$-0.03B,-39.68%,$0.06B,$-0.03B,-39.68%,$0.06B,$-0.02B,-36.51%,$0.06B,$-0.02B,-36.51%,$0.06B,$-0.03B,-41.27%,$-0.03B,$0.02B,-106.12%,$-0.03B,$0.02B,-113.04%,$-0.03B,$0.06B,-38.81%,$-0.03B,$0.02B,-97.09%,$17,$4,$13,$2,$16,$23,$-6,$-0,$-7,$0,$-7,$-7,$-7,$-6,$-6,$15,15,$-0.44,$-0.44,$43,$5,$0,$58,$2,$0,$2,$0,$4,$62,$32,$0,$12,$12,$44,$0,$-147,$0,$18,$62,$-20,$1,$7,$7,$-1,$-1,$0,$0,$1,$-12,$-1,$-0,$0,$4,$0,$4,$0,$3,$-2,$0,$-2,$1,$1,$0,$-0,$-1,$-10,$6,$0
35,2009-12-31,4.59,$1.53,3.0,$5.28,0.87,$-6.80,0.0,$0.53,8.66,$0.06B,$0.03B,1.74,$0.00B,$0.02B,0.0,$0.06B,$0.05B,75.41%,$0.06B,$-0.03B,-40.98%,$0.06B,$-0.03B,-40.98%,$0.06B,$-0.02B,-37.70%,$0.06B,$-0.02B,-32.79%,$0.06B,$0.00B,4.92%,$0.00B,$0.02B,10.53%,$0.00B,$0.02B,11.11%,$0.00B,$0.06B,4.26%,$-0.03B,$0.02B,-84.03%,$15,$4,$12,$2,$16,$22,$-7,$-0,$-7,$0,$-7,$-7,$-7,$-6,$-7,$15,15,$-0.46,$-0.46,$46,$4,$0,$60,$2,$0,$2,$0,$4,$64,$34,$0,$7,$7,$41,$0,$-140,$0,$23,$64,$-13,$0,$4,$5,$-0,$-1,$0,$-0,$-0,$-9,$-0,$-0,$0,$0,$0,$0,$0,$-0,$-2,$0,$-2,$1,$1,$0,$0,$-1,$-10,$4,$0
36,2009-09-30,7.27,$1.82,3.98,$4.25,1.71,$-6.19,0.0,$0.99,7.34,$0.07B,$0.04B,1.86,$0.00B,$0.03B,0.0,$0.05B,$0.03B,73.91%,$0.05B,$-0.02B,-39.13%,$0.05B,$-0.02B,-39.13%,$0.05B,$-0.02B,-36.96%,$0.05B,$-0.01B,-28.26%,$0.05B,$0.01B,21.74%,$0.01B,$0.03B,43.96%,$0.01B,$0.03B,45.98%,$0.01B,$0.07B,18.35%,$-0.02B,$0.03B,-75.00%,$15,$3,$12,$3,$15,$21,$-6,$-0,$-6,$0,$-6,$-6,$-6,$-6,$-6,$15,15,$-0.43,$-0.43,$53,$4,$0,$67,$2,$0,$1,$0,$3,$70,$36,$0,$8,$8,$44,$0,$-134,$0,$27,$70,$-6,$0,$2,$2,$0,$-1,$0,$-0,$2,$-2,$0,$-0,$0,$0,$0,$0,$0,$-0,$-1,$0,$-1,$0,$0,$0,$0,$-1,$-3,$2,$0
37,2009-06-30,7.71,$2.15,3.59,$5.54,1.39,$-8.51,0.0,$-2.28,0.0,$0.05B,$0.04B,1.27,$0.00B,$0.03B,0.14,$0.04B,$0.03B,69.77%,$0.04B,$-0.03B,-60.47%,$0.04B,$-0.03B,-60.47%,$0.04B,$-0.02B,-55.81%,$0.04B,$-0.02B,-48.84%,$0.04B,$0.00B,4.65%,$0.00B,$0.03B,7.34%,$0.00B,$0.03B,7.48%,$0.00B,$0.07B,4.00%,$-0.03B,$0.04B,-91.23%,$16,$4,$11,$3,$14,$21,$-6,$3,$-3,$0,$-3,$-3,$-6,$-5,$-6,$8,8,$1.33,$4.28,$33,$3,$0,$46,$2,$23,$1,$0,$26,$72,$36,$4,$1,$6,$42,$0,$-127,$0,$30,$72,$-32,$2,$3,$4,$-4,$0,$0,$2,$-2,$-30,$-1,$0,$0,$0,$0,$0,$37,$36,$19,$0,$19,$1,$1,$0,$0,$20,$26,$7,$0
38,2009-03-31,7.09,$2.50,2.83,$3.59,1.97,$-14.12,0.0,$-8.78,0.0,$0.05B,$0.03B,1.46,$0.00B,$0.03B,0.0,$0.03B,$0.02B,70.37%,$0.03B,$-0.04B,-144.44%,$0.03B,$-0.02B,-74.07%,$0.03B,$-0.02B,-70.37%,$0.03B,$-0.02B,-66.67%,$0.03B,$-0.01B,-40.74%,$-0.01B,$0.03B,-55.70%,$-0.01B,$0.03B,-56.41%,$-0.01B,$0.08B,-34.38%,$-0.04B,$0.03B,-197.47%,$15,$4,$11,$3,$14,$22,$-6,$3,$-4,$0,$-4,$-4,$22,$-6,$-6,$8,12,$2.63,$-0.32,$38,$3,$0,$50,$2,$23,$1,$1,$26,$76,$34,$0,$7,$7,$41,$0,$-122,$0,$34,$76,$-26,$1,$1,$3,$-3,$1,$0,$2,$-3,$-26,$-1,$-0,$38,$0,$0,$0,$0,$37,$18,$0,$18,$2,$2,$0,$0,$20,$30,$5,$0
39,2008-12-31,9.3,$0.00,0.0,$4.02,2.31,$-16.94,0.0,$-13.90,0.0,$0.00B,$0.00B,0.0,$0.00B,$0.00B,0.0,$0.02B,$0.01B,65.00%,$0.02B,$-0.04B,-210.00%,$0.02B,$-0.02B,-115.00%,$0.02B,$-0.02B,-110.00%,$0.02B,$-0.03B,-125.00%,$0.02B,$-0.06B,-290.00%,$-0.06B,$0.00B,-196.61%,$-0.06B,$0.00B,-196.61%,$-0.06B,$0.00B,-174.44%,$-0.04B,$0.00B,-142.37%,$0,$0,$0,$0,$0,$0,$0,$0,$0,$0,$0,$0,$0,$0,$0,$0,0,$0.00,$0.00,$0,$0,$0,$0,$0,$0,$0,$0,$0,$0,$0,$0,$0,$0,$0,$0,$0,$0,$0,$0,$0,$0,$0,$0,$0,$0,$0,$0,$0,$0,$0,$0,$0,$0,$0,$0,$0,$0,$0,$0,$0,$0,$0,$0,$0,$0,$0,$0,$0
40,2008-09-30,12.1,$16.70,0.72,$4.02,3.01,$-16.94,0.0,$-13.90,0.0,$0.05B,$0.01B,7.55,$0.00B,$0.05B,0.0,$0.02B,$0.01B,65.00%,$0.02B,$-0.04B,-210.00%,$0.02B,$-0.02B,-115.00%,$0.02B,$-0.02B,-110.00%,$0.02B,$-0.03B,-125.00%,$0.02B,$-0.06B,-290.00%,$-0.06B,$0.05B,-196.61%,$-0.06B,$0.05B,-196.61%,$-0.06B,$0.05B,-174.44%,$-0.04B,$0.05B,-142.37%,$12,$4,$8,$5,$16,$25,$-14,$-0,$-14,$0,$-14,$-14,$-14,$-13,$-14,$5,5,$-2.75,$-2.75,$51,$0,$0,$52,$0,$0,$0,$0,$0,$52,$7,$0,$0,$0,$7,$0,$-147,$0,$45,$52,$-14,$0,$2,$2,$-1,$-0,$0,$1,$-0,$-12,$-0,$-0,$0,$0,$0,$0,$0,$-0,$18,$0,$18,$2,$2,$0,$0,$20,$7,$2,$0
41,2008-06-30,13.5,$0.00,0.0,$1.68,8.03,$-23.27,0.0,$-14.80,0.0,$0.00B,$0.00B,0.0,$0.00B,$0.00B,0.0,$0.01B,$0.01B,62.50%,$0.01B,$-0.04B,-525.00%,$0.01B,$-0.02B,-287.50%,$0.01B,$-0.02B,-262.50%,$0.01B,$-0.02B,-287.50%,$0.01B,$-0.06B,-700.00%,$-0.06B,$0.00B,-130.23%,$-0.06B,$0.00B,-130.23%,$-0.06B,$0.00B,-119.15%,$-0.04B,$0.00B,-97.67%,$0,$0,$0,$14,$0,$0,$-19,$0,$0,$0,$0,$0,$-19,$0,$0,$3,3,$-6.90,$-6.90,$0,$0,$0,$0,$0,$0,$0,$0,$0,$0,$0,$0,$0,$0,$0,$0,$0,$0,$0,$0,$-28,$1,$0,$1,$0,$0,$0,$1,$1,$-25,$0,$0,$0,$22,$0,$22,$0,$22,$0,$0,$0,$0,$0,$0,$0,$0,$-3,$0,$0
42,2008-03-31,14.0,$27.08,0.52,$21.81,0.64,$-18.60,0.0,$8.60,1.63,$0.08B,$0.01B,9.83,$0.00B,$0.07B,0.0,$0.06B,$0.06B,95.31%,$0.06B,$0.03B,51.56%,$0.06B,$-0.02B,-35.94%,$0.06B,$0.04B,54.69%,$0.06B,$-0.02B,-35.94%,$0.06B,$0.01B,12.50%,$0.01B,$0.07B,11.35%,$0.01B,$0.07B,11.35%,$0.01B,$0.08B,10.49%,$0.03B,$0.07B,46.81%,$8,$3,$5,$4,$10,$17,$-9,$-1,$-11,$0,$-11,$-11,$-25,$-9,$-9,$5,5,$-5.45,$-5.45,$78,$0,$0,$80,$2,$0,$0,$0,$2,$81,$8,$0,$0,$0,$8,$0,$-118,$0,$73,$81,$-28,$0,$8,$8,$-3,$-3,$0,$-1,$-3,$-22,$-1,$-0,$0,$-11,$0,$-11,$0,$-12,$11,$0,$11,$0,$32,$0,$-0,$43,$8,$6,$0
43,2007-12-31,31.0,$0.00,0.0,$21.22,1.46,$-15.81,0.0,$8.70,3.56,$0.00B,$0.00B,0.0,$0.00B,$0.00B,0.0,$0.06B,$0.06B,100.00%,$0.06B,$0.03B,54.24%,$0.06B,$-0.02B,-40.68%,$0.06B,$0.03B,57.63%,$0.06B,$-0.02B,-35.59%,$0.06B,$0.02B,40.68%,$0.02B,$0.00B,35.29%,$0.02B,$0.00B,35.29%,$0.02B,$0.00B,27.43%,$0.03B,$0.00B,47.06%,$0,$0,$0,$0,$0,$0,$0,$0,$0,$0,$0,$0,$0,$0,$0,$0,0,$0.00,$0.00,$0,$0,$0,$0,$0,$0,$0,$0,$0,$0,$0,$0,$0,$0,$0,$0,$0,$0,$0,$0,$0,$0,$0,$0,$0,$0,$0,$0,$0,$0,$0,$0,$0,$0,$0,$0,$0,$0,$0,$0,$0,$0,$0,$0,$0,$0,$0,$0,$0
44,2007-09-30,64.6,$36.41,1.77,$21.22,3.04,$-15.81,0.0,$8.70,7.43,$0.11B,$0.01B,12.59,$0.00B,$0.10B,0.0,$0.06B,$0.06B,100.00%,$0.06B,$0.03B,54.24%,$0.06B,$-0.02B,-40.68%,$0.06B,$0.03B,57.63%,$0.06B,$-0.02B,-35.59%,$0.06B,$0.02B,40.68%,$0.02B,$0.10B,35.29%,$0.02B,$0.10B,35.29%,$0.02B,$0.11B,27.43%,$0.03B,$0.10B,47.06%,$0,$0,$0,$11,$3,$14,$-14,$1,$-12,$0,$-12,$-12,$-12,$-12,$-14,$3,3,$-4.60,$-4.60,$102,$0,$0,$105,$2,$0,$0,$0,$2,$107,$8,$0,$0,$0,$8,$0,$-92,$0,$99,$107,$25,$1,$3,$4,$0,$0,$0,$-52,$-52,$-23,$-0,$0,$0,$39,$0,$39,$0,$39,$0,$0,$0,$0,$0,$0,$0,$0,$16,$2,$0
45,2007-06-30,58.0,$40.64,1.43,$22.65,2.56,$4.50,12.88,$11.10,5.23,$0.11B,$0.01B,17.17,$0.00B,$0.11B,0.0,$0.06B,$0.06B,100.00%,$0.06B,$0.04B,61.90%,$0.06B,$-0.02B,-26.98%,$0.06B,$0.04B,63.49%,$0.06B,$-0.02B,-23.81%,$0.06B,$0.03B,47.62%,$0.03B,$0.11B,47.43%,$0.03B,$0.11B,47.43%,$0.03B,$0.12B,31.09%,$0.04B,$0.11B,61.66%,$56,$0,$56,$8,$0,$0,$56,$0,$0,$0,$0,$0,$45,$56,$0,$3,3,$17.10,$16.50,$112,$0,$0,$114,$3,$0,$0,$0,$3,$117,$7,$0,$0,$0,$7,$0,$-80,$-0,$110,$117,$37,$1,$2,$3,$0,$0,$0,$-51,$-53,$-13,$-0,$0,$0,$46,$0,$46,$0,$45,$0,$0,$0,$0,$0,$0,$0,$0,$33,$1,$0
46,2007-03-31,55.6,$23.47,2.37,$28.97,1.92,$239.74,0.23,$-8.30,0.0,$0.12B,$0.06B,1.97,$0.00B,$0.06B,0.0,$0.01B,$0.01B,100.00%,$0.01B,$-0.03B,-227.27%,$0.01B,$-0.03B,-227.27%,$0.01B,$-0.02B,-218.18%,$0.01B,$-0.02B,-190.91%,$0.01B,$-0.02B,-218.18%,$-0.02B,$0.06B,-52.17%,$-0.02B,$0.06B,-52.17%,$-0.02B,$0.13B,-25.60%,$-0.03B,$0.06B,-54.35%,$3,$0,$3,$9,$4,$13,$-10,$2,$-9,$0,$-9,$-9,$-9,$-10,$-10,$3,3,$-3.20,$-3.20,$119,$0,$0,$123,$3,$0,$0,$0,$3,$126,$62,$0,$0,$0,$62,$0,$-126,$0,$63,$126,$-9,$0,$1,$1,$0,$0,$0,$2,$1,$-6,$-0,$0,$0,$71,$0,$71,$0,$71,$0,$0,$0,$0,$0,$0,$0,$0,$65,$1,$0
