,Date,Stock Price,Book Value per Share,Price to Book Ratio,TTM Sales per Share,Price to Sales Ratio,TTM FCF per Share,Price to FCF Ratio,TTM Net EPS,PE Ratio,Current Assets,Current Liabilities,Current Ratio,Long Term Debt,Shareholder's Equity_x,Debt to Equity Ratio,TTM Revenue_x,TTM Gross Profit,Gross Margin,TTM Revenue_y,TTM Operating Income,Operating Margin,TTM Revenue_x,TTM EBIT,EBIT Margin,TTM Revenue_y,TTM EBITDA,EBITDA Margin,TTM Revenue_x,TTM Pre-Tax Income,Pre-Tax Margin,TTM Revenue_y,TTM Net Income_x,Net Margin,TTM Net Income_y,Shareholder's Equity_y,Return on Equity,TTM Net Income_x,Tangible Equity,Return on Tangible Equity,TTM Net Income_y,Total Assets,Return on Assets,TTM Net Income,LT Investments & Debt,Return on Investment,revenue,cost-goods-sold,gross-profit,research-development-expenses,selling-general-administrative-expenses,operating-expenses,operating-income,total-non-operating-income-expense,pre-tax-income,total-provision-income-taxes,income-after-taxes,income-from-continuous-operations,net-income,ebitda,ebit,basic-shares-outstanding,shares-outstanding,eps-basic-net-earnings-per-share,eps-earnings-per-share-diluted,cash-on-hand,inventory,other-current-assets,total-current-assets,net-property-plant-equipment,long-term-investments,goodwill-intangible-assets-total,other-long-term-assets,total-long-term-assets,total-assets,total-current-liabilities,long-term-debt,other-non-current-liabilities,total-long-term-liabilities,total-liabilities,common-stock-net,retained-earnings-accumulated-deficit,comprehensive-income,total-share-holder-equity,total-liabilities-share-holders-equity,net-income-loss,total-depreciation-amortization-cash-flow,other-non-cash-items,total-non-cash-items,change-in-accounts-receivable,change-in-inventories,change-in-accounts-payable,change-in-assets-liabilities,total-change-in-assets-liabilities,cash-flow-from-operating-activities,net-change-in-property-plant-equipment,net-change-in-intangible-assets,net-acquisitions-divestitures,net-change-in-short-term-investments,net-change-in-long-term-investments,net-change-in-investments-total,investing-activities-other,cash-flow-from-investing-activities,net-long-term-debt,net-current-debt,debt-issuance-retirement-net-total,net-common-equity-issued-repurchased,net-total-equity-issued-repurchased,total-common-preferred-stock-dividends-paid,financial-activities-other,cash-flow-from-financial-activities,net-cash-flow,stock-based-compensation,common-stock-dividends-paid
0,2016-06-30,15.12,$0.00,0.0,$58.32,0.26,$-7.62,0.0,$2.65,5.71,$2.21B,$2.72B,0.81,$1.04B,$0.93B,1.11,$3.50B,$0.58B,16.50%,$3.50B,$0.21B,6.12%,$3.50B,$0.21B,6.12%,$3.50B,$0.24B,6.83%,$3.50B,$0.22B,6.15%,$3.50B,$0.16B,4.43%,$0.16B,$0.93B,18.03%,$0.16B,$0.84B,19.56%,$0.16B,$4.94B,3.29%,$0.21B,$1.97B,13.15%,$768,$568,$200,$10,$97,$672,$96,$-17,$79,$13,$66,$68,$67,$40,$96,$59,62,$1.14,$1.09,$1001,$310,$163,$2208,$278,$181,$89,$194,$2733,$4942,$2723,$1035,$216,$1288,$4011,$701,$282,$-53,$930,$4942,$0,$0,$0,$0,$0,$0,$0,$0,$0,$0,$0,$0,$0,$0,$0,$0,$0,$0,$0,$0,$0,$0,$0,$0,$0,$0,$0,$0,$0
1,2016-03-31,19.28,$0.00,0.0,$56.13,0.34,$-7.62,0.0,$2.28,8.46,$3.79B,$3.72B,1.02,$0.62B,$0.90B,0.69,$3.33B,$0.54B,16.11%,$3.33B,$0.21B,6.19%,$3.33B,$0.21B,6.19%,$3.33B,$0.23B,6.94%,$3.33B,$0.18B,5.44%,$3.33B,$0.13B,4.00%,$0.13B,$0.90B,16.11%,$0.13B,$0.88B,17.09%,$0.13B,$5.41B,3.02%,$0.21B,$1.52B,14.10%,$651,$491,$159,$9,$97,$597,$54,$-34,$20,$8,$12,$16,$16,$38,$54,$59,59,$0.26,$0.26,$1011,$295,$1739,$3791,$462,$384,$16,$357,$1616,$5407,$3721,$619,$144,$786,$4507,$701,$284,$-92,$899,$5407,$0,$0,$0,$0,$0,$0,$0,$0,$0,$0,$0,$0,$0,$0,$0,$0,$0,$0,$0,$0,$0,$0,$0,$0,$0,$0,$0,$0,$0
2,2015-12-31,28.96,$14.88,1.95,$57.95,0.5,$-7.62,0.0,$2.93,9.88,$2.26B,$2.66B,0.85,$0.75B,$0.83B,0.91,$3.47B,$0.58B,16.64%,$3.47B,$0.25B,7.12%,$3.47B,$0.25B,7.12%,$3.47B,$0.27B,7.84%,$3.47B,$0.22B,6.43%,$3.47B,$0.17B,4.93%,$0.17B,$0.83B,28.45%,$0.17B,$0.75B,30.67%,$0.17B,$4.41B,5.61%,$0.25B,$1.59B,22.85%,$1425,$1281,$144,$9,$91,$1347,$78,$-30,$48,$4,$44,$44,$43,$130,$78,$59,62,$0.74,$0.72,$1094,$334,$143,$2264,$331,$189,$87,$218,$2150,$4414,$2656,$753,$153,$925,$3581,$677,$219,$-60,$833,$4414,$173,$94,$70,$164,$-148,$51,$24,$149,$76,$414,$-643,$0,$-281,$24,$5,$30,$-105,$-999,$511,$129,$640,$18,$18,$0,$-39,$619,$4,$6,$0
3,2015-09-30,16.63,$13.89,1.2,$54.59,0.3,$-4.17,0.0,$3.63,4.58,$2.28B,$2.50B,0.91,$0.66B,$0.78B,0.86,$3.26B,$0.59B,17.96%,$3.26B,$0.30B,9.14%,$3.26B,$0.30B,9.14%,$3.26B,$0.30B,9.14%,$3.26B,$0.27B,8.34%,$3.26B,$0.21B,6.53%,$0.21B,$0.78B,54.23%,$0.21B,$0.70B,57.41%,$0.21B,$4.08B,10.94%,$0.30B,$1.44B,43.54%,$1109,$890,$219,$9,$110,$979,$130,$-36,$94,$29,$65,$63,$61,$31,$130,$58,62,$1.05,$1.07,$937,$426,$237,$2277,$1312,$126,$79,$208,$1801,$4078,$2499,$664,$130,$802,$3301,$677,$157,$-49,$777,$4078,$111,$69,$26,$95,$-70,$-34,$19,$74,$-11,$195,$-426,$0,$-213,$24,$-1,$24,$-168,$-784,$282,$122,$404,$2,$2,$0,$-2,$404,$-204,$5,$0
4,2015-06-30,28.6,$0.00,0.0,$50.87,0.56,$-0.34,0.0,$4.05,7.06,$2.22B,$2.31B,0.96,$0.50B,$0.79B,0.63,$3.04B,$0.58B,19.01%,$3.04B,$0.34B,11.03%,$3.04B,$0.34B,11.03%,$3.04B,$0.34B,11.03%,$3.04B,$0.31B,10.14%,$3.04B,$0.24B,7.87%,$0.24B,$0.79B,120.40%,$0.24B,$0.79B,121.63%,$0.24B,$3.71B,25.76%,$0.34B,$1.30B,103.32%,$912,$752,$160,$7,$96,$854,$58,$-45,$13,$6,$7,$14,$13,$32,$58,$58,59,$0.23,$0.22,$1023,$521,$89,$2216,$1196,$41,$8,$174,$1495,$3711,$2307,$503,$99,$611,$2917,$677,$126,$2,$794,$3711,$0,$0,$0,$0,$0,$0,$0,$0,$0,$0,$0,$0,$0,$0,$0,$0,$0,$0,$0,$0,$0,$0,$0,$0,$0,$0,$0,$0,$0
5,2015-03-31,33.39,$0.00,0.0,$50.17,0.67,$3.76,8.88,$4.13,8.08,$0.00B,$0.00B,0.0,$0.00B,$0.00B,0.0,$2.92B,$0.58B,19.91%,$2.92B,$0.35B,11.93%,$2.92B,$0.35B,11.93%,$2.92B,$0.37B,12.65%,$2.92B,$0.32B,10.83%,$2.92B,$0.24B,8.29%,$0.24B,$0.00B,241.40%,$0.24B,$0.00B,244.44%,$0.24B,$0.00B,39.45%,$0.35B,$0.00B,251.72%,$692,$525,$168,$7,$92,$609,$84,$-39,$45,$9,$36,$40,$38,$79,$84,$58,62,$0.66,$0.63,$0,$0,$0,$0,$0,$0,$0,$0,$0,$0,$0,$0,$0,$0,$0,$0,$0,$0,$0,$0,$0,$0,$0,$0,$0,$0,$0,$0,$0,$0,$0,$0,$0,$0,$0,$0,$0,$0,$0,$0,$0,$0,$0,$0,$0,$0,$0,$0,$0
6,2014-09-30,35.77,$0.00,0.0,$45.78,0.78,$6.46,5.54,$3.65,9.8,$0.00B,$0.00B,0.0,$0.00B,$0.00B,0.0,$2.55B,$0.53B,20.72%,$2.55B,$0.32B,12.72%,$2.55B,$0.32B,12.72%,$2.55B,$0.41B,15.89%,$2.55B,$0.28B,11.07%,$2.55B,$0.21B,8.20%,$0.21B,$0.00B,108.01%,$0.21B,$0.00B,109.42%,$0.21B,$0.00B,17.07%,$0.32B,$0.00B,116.03%,$677,$586,$91,$6,$89,$679,$-2,$-15,$-17,$-3,$-14,$-14,$-13,$156,$-2,$58,58,$-0.23,$-0.23,$0,$0,$0,$0,$0,$0,$0,$0,$0,$0,$0,$0,$0,$0,$0,$0,$0,$0,$0,$0,$168,$60,$0,$61,$-120,$-183,$109,$-29,$-222,$6,$-26,$0,$0,$0,$-24,$-24,$37,$-13,$194,$-99,$95,$118,$118,$0,$-16,$197,$180,$4,$0
7,2014-06-30,31.26,$0.00,0.0,$39.26,0.8,$6.80,4.6,$1.61,19.42,$0.00B,$0.00B,0.0,$0.00B,$0.00B,0.0,$2.01B,$0.37B,18.27%,$2.01B,$0.18B,8.94%,$2.01B,$0.18B,8.94%,$2.01B,$0.26B,12.96%,$2.01B,$0.13B,6.26%,$2.01B,$0.09B,4.57%,$0.09B,$0.00B,33.58%,$0.09B,$0.00B,34.07%,$0.09B,$0.00B,5.14%,$0.18B,$0.00B,42.53%,$633,$635,$-2,$1,$100,$702,$-69,$17,$-51,$-20,$-32,$-39,$-36,$68,$-69,$58,58,$-0.63,$-0.58,$0,$0,$0,$0,$0,$0,$0,$0,$0,$0,$0,$0,$0,$0,$0,$0,$0,$0,$0,$0,$0,$0,$0,$0,$0,$0,$0,$0,$0,$0,$0,$0,$0,$0,$0,$0,$0,$0,$0,$0,$0,$0,$0,$0,$0,$0,$0,$0,$0
8,2013-12-31,29.82,$7.87,3.79,$34.96,0.85,$6.80,4.39,$0.56,53.25,$1.72B,$1.78B,0.97,$0.15B,$0.40B,0.38,$1.65B,$0.28B,16.69%,$1.65B,$0.13B,7.86%,$1.65B,$0.13B,7.86%,$1.65B,$0.21B,12.76%,$1.65B,$0.06B,3.45%,$1.65B,$0.03B,1.93%,$0.03B,$0.40B,8.95%,$0.03B,$0.40B,9.09%,$0.03B,$2.45B,1.35%,$0.13B,$0.55B,23.30%,$657,$540,$117,$5,$86,$630,$27,$-12,$15,$0,$15,$15,$16,$66,$27,$58,58,$0.27,$0.27,$687,$231,$386,$1719,$408,$34,$6,$224,$734,$2454,$1778,$151,$87,$274,$2052,$561,$-193,$54,$401,$2454,$46,$81,$7,$88,$-16,$35,$59,$18,$96,$230,$-23,$0,$-4,$0,$0,$0,$-10,$-38,$150,$-305,$-155,$61,$61,$0,$-10,$-105,$86,$6,$0
9,2013-09-30,16.99,$7.45,2.28,$31.47,0.54,$-2.11,0.0,$-2.26,0.0,$1.65B,$1.70B,0.97,$0.19B,$0.37B,0.51,$1.43B,$0.19B,13.29%,$1.43B,$-0.01B,-0.49%,$1.43B,$-0.01B,-0.49%,$1.43B,$0.07B,5.17%,$1.43B,$-0.08B,-5.52%,$1.43B,$-0.09B,-6.57%,$-0.09B,$0.37B,-28.25%,$-0.09B,$0.37B,-28.72%,$-0.09B,$2.44B,-4.05%,$-0.01B,$0.56B,-1.28%,$806,$667,$138,$5,$87,$766,$40,$15,$55,$16,$39,$40,$40,$115,$40,$58,61,$0.70,$0.68,$683,$221,$337,$1653,$427,$35,$6,$276,$791,$2444,$1700,$191,$112,$371,$2071,$551,$-213,$56,$373,$2444,$22,$60,$7,$67,$-50,$60,$131,$-73,$68,$156,$-22,$0,$-4,$0,$0,$0,$24,$-3,$101,$-159,$-59,$51,$51,$0,$-6,$-14,$132,$5,$0
10,2013-06-30,10.99,$0.00,0.0,$29.11,0.38,$-7.79,0.0,$-3.83,0.0,$1.59B,$1.56B,1.02,$0.26B,$0.32B,0.79,$1.27B,$0.10B,7.67%,$1.27B,$-0.10B,-7.59%,$1.27B,$-0.10B,-7.59%,$1.27B,$-0.08B,-5.93%,$1.27B,$-0.17B,-13.44%,$1.27B,$-0.17B,-13.12%,$-0.17B,$0.32B,-47.26%,$-0.17B,$0.32B,-48.68%,$-0.17B,$2.26B,-7.26%,$-0.10B,$0.58B,-16.67%,$721,$609,$112,$5,$70,$683,$38,$0,$39,$12,$27,$24,$23,$12,$38,$57,58,$0.40,$0.39,$541,$218,$513,$1588,$0,$32,$6,$143,$229,$2259,$1559,$255,$106,$379,$1938,$503,$-241,$0,$322,$2259,$0,$0,$0,$0,$0,$0,$0,$0,$0,$0,$0,$0,$0,$0,$0,$0,$0,$0,$0,$0,$0,$0,$0,$0,$0,$0,$0,$0,$0
11,2013-03-31,3.46,$0.00,0.0,$28.52,0.12,$-7.79,0.0,$-4.13,0.0,$1.46B,$1.62B,0.9,$0.21B,$0.33B,0.62,$1.23B,$0.09B,7.38%,$1.23B,$-0.11B,-9.00%,$1.23B,$-0.11B,-9.00%,$1.23B,$-0.09B,-7.30%,$1.23B,$-0.18B,-14.60%,$1.23B,$-0.18B,-14.44%,$-0.18B,$0.33B,-45.50%,$-0.18B,$0.33B,-47.44%,$-0.18B,$2.32B,-7.71%,$-0.11B,$0.54B,-18.92%,$1120,$920,$200,$5,$96,$1015,$105,$-11,$94,$31,$63,$62,$62,$18,$105,$56,60,$1.03,$1.10,$606,$291,$331,$1462,$0,$29,$6,$316,$397,$2316,$1620,$205,$103,$363,$1983,$503,$-229,$0,$334,$2316,$0,$0,$0,$0,$0,$0,$0,$0,$0,$0,$0,$0,$0,$0,$0,$0,$0,$0,$0,$0,$0,$0,$0,$0,$0,$0,$0,$0,$0
12,2012-12-31,3.4,$6.97,0.49,$29.98,0.11,$-7.79,0.0,$-4.52,0.0,$1.44B,$1.54B,0.94,$0.22B,$0.30B,0.71,$1.30B,$0.09B,6.95%,$1.30B,$-0.14B,-10.97%,$1.30B,$-0.14B,-10.97%,$1.30B,$-0.12B,-9.34%,$1.30B,$-0.20B,-15.29%,$1.30B,$-0.20B,-15.06%,$-0.20B,$0.30B,-46.24%,$-0.20B,$0.30B,-48.63%,$-0.20B,$2.26B,-8.75%,$-0.14B,$0.52B,-24.14%,$850,$723,$127,$4,$92,$819,$31,$-4,$27,$-4,$31,$31,$30,$-71,$31,$56,60,$0.54,$0.50,$566,$274,$209,$1442,$470,$27,$4,$277,$817,$2259,$1540,$215,$102,$417,$1958,$503,$-224,$51,$302,$2259,$-195,$81,$61,$81,$49,$4,$58,$-207,$-95,$-148,$-60,$0,$-3,$0,$0,$1,$-243,$-306,$143,$100,$143,$3,$3,$0,$4,$250,$-202,$5,$0
13,2012-09-30,2.79,$0.00,0.0,$34.15,0.08,$-6.34,0.0,$-3.48,0.0,$1.47B,$1.48B,0.99,$0.23B,$0.45B,0.5,$1.47B,$0.12B,7.87%,$1.47B,$-0.07B,-4.88%,$1.47B,$-0.07B,-4.88%,$1.47B,$-0.07B,-4.88%,$1.47B,$-0.13B,-9.09%,$1.47B,$-0.15B,-10.18%,$-0.15B,$0.45B,-32.40%,$-0.15B,$0.42B,-33.86%,$-0.15B,$2.32B,-7.03%,$-0.07B,$0.67B,-12.04%,$637,$540,$97,$4,$60,$604,$32,$-12,$21,$3,$18,$19,$18,$-34,$32,$57,58,$0.40,$0.31,$691,$318,$173,$1465,$0,$287,$23,$36,$375,$2317,$1481,$225,$97,$389,$1870,$503,$-119,$0,$447,$2317,$-90,$61,$25,$86,$79,$-25,$114,$-243,$-75,$-79,$-50,$0,$-1,$0,$0,$0,$-196,$-247,$145,$147,$292,$0,$0,$0,$4,$296,$-25,$4,$0
14,2012-06-30,3.6,$0.00,0.0,$38.18,0.09,$-3.37,0.0,$-3.49,0.0,$1.50B,$1.57B,0.95,$0.14B,$0.48B,0.29,$1.65B,$0.12B,7.34%,$1.65B,$-0.07B,-4.19%,$1.65B,$-0.07B,-4.19%,$1.65B,$-0.07B,-4.19%,$1.65B,$-0.14B,-8.37%,$1.65B,$-0.15B,-9.10%,$-0.15B,$0.48B,-31.20%,$-0.15B,$0.45B,-32.56%,$-0.15B,$2.35B,-7.23%,$-0.07B,$0.62B,-11.54%,$861,$708,$153,$4,$70,$782,$79,$3,$81,$20,$62,$62,$61,$-3,$79,$55,60,$1.11,$1.02,$692,$344,$191,$1496,$0,$10,$30,$291,$358,$2348,$1572,$137,$93,$294,$1866,$502,$-76,$0,$482,$2348,$0,$0,$0,$0,$0,$0,$0,$0,$0,$0,$0,$0,$0,$0,$0,$0,$0,$0,$0,$0,$0,$0,$0,$0,$0,$0,$0,$0,$0
15,2012-03-31,3.18,$0.00,0.0,$41.16,0.08,$-3.37,0.0,$-2.74,0.0,$1.41B,$1.36B,1.04,$0.09B,$0.46B,0.2,$1.78B,$0.14B,7.97%,$1.78B,$-0.04B,-2.30%,$1.78B,$-0.04B,-2.30%,$1.78B,$-0.04B,-2.30%,$1.78B,$-0.11B,-5.95%,$1.78B,$-0.12B,-6.62%,$-0.12B,$0.46B,-23.59%,$-0.12B,$0.43B,-24.51%,$-0.12B,$1.99B,-5.81%,$-0.04B,$0.55B,-6.52%,$914,$705,$209,$3,$50,$758,$156,$-13,$143,$34,$108,$109,$104,$-13,$156,$55,60,$1.89,$1.73,$625,$390,$92,$1407,$0,$10,$25,$15,$77,$1991,$1355,$89,$91,$180,$1536,$502,$-50,$0,$456,$1991,$0,$0,$0,$0,$0,$0,$0,$0,$0,$0,$0,$0,$0,$0,$0,$0,$0,$0,$0,$0,$0,$0,$0,$0,$0,$0,$0,$0,$0
16,2011-12-31,2.66,$10.82,0.25,$43.78,0.06,$-3.37,0.0,$-2.12,0.0,$1.30B,$1.24B,1.05,$0.09B,$-0.03B,-3.08,$1.90B,$0.18B,9.58%,$1.90B,$0.01B,0.32%,$1.90B,$0.01B,0.32%,$1.90B,$0.01B,0.32%,$1.90B,$-0.07B,-3.90%,$1.90B,$-0.09B,-4.79%,$-0.09B,$0.47B,-17.41%,$-0.09B,$0.47B,-17.98%,$-0.09B,$1.88B,-4.64%,$0.01B,$0.56B,0.92%,$624,$506,$118,$3,$48,$556,$68,$-4,$63,$8,$55,$55,$56,$-22,$68,$55,60,$1.02,$0.93,$525,$297,$0,$1296,$632,$0,$2,$0,$634,$1880,$1236,$88,$0,$88,$1413,$0,$-29,$46,$467,$0,$-91,$56,$53,$56,$-173,$-29,$53,$191,$42,$60,$-205,$0,$0,$0,$0,$-6,$18,$-194,$89,$87,$0,$1,$0,$0,$2,$178,$55,$4,$0
17,2011-09-30,3.68,$0.00,0.0,$43.15,0.09,$-4.40,0.0,$-0.15,0.0,$1.51B,$1.35B,1.11,$0.16B,$0.52B,0.3,$1.88B,$0.22B,11.61%,$1.88B,$0.07B,3.73%,$1.88B,$0.07B,3.73%,$1.88B,$0.07B,3.73%,$1.88B,$0.00B,0.27%,$1.88B,$-0.00B,-0.27%,$-0.00B,$0.52B,-0.93%,$-0.00B,$0.49B,-0.96%,$-0.00B,$2.08B,-0.27%,$0.07B,$0.67B,10.45%,$519,$418,$101,$3,$53,$474,$45,$-16,$29,$4,$25,$25,$21,$-31,$45,$46,50,$0.49,$0.46,$621,$406,$261,$1506,$0,$12,$24,$28,$88,$2080,$1352,$155,$55,$210,$1562,$502,$31,$0,$518,$2080,$0,$0,$0,$0,$0,$0,$0,$0,$0,$0,$0,$0,$0,$0,$0,$0,$0,$0,$0,$0,$0,$0,$0,$0,$0,$0,$0,$0,$0
18,2011-06-30,11.5,$0.00,0.0,$40.22,0.29,$-4.40,0.0,$1.34,8.58,$1.62B,$1.37B,1.18,$0.18B,$0.56B,0.33,$1.76B,$0.27B,15.44%,$1.76B,$0.14B,8.03%,$1.76B,$0.14B,8.03%,$1.76B,$0.14B,8.03%,$1.76B,$0.08B,4.44%,$1.76B,$0.06B,3.36%,$0.06B,$0.56B,11.01%,$0.06B,$0.54B,11.40%,$0.06B,$2.17B,3.52%,$0.14B,$0.75B,21.95%,$491,$391,$100,$3,$42,$436,$55,$-8,$47,$12,$35,$33,$28,$25,$55,$47,50,$0.58,$0.56,$686,$436,$222,$1623,$0,$6,$24,$30,$81,$2170,$1374,$184,$52,$236,$1610,$502,$75,$0,$560,$2170,$0,$0,$0,$0,$0,$0,$0,$0,$0,$0,$0,$0,$0,$0,$0,$0,$0,$0,$0,$0,$0,$0,$0,$0,$0,$0,$0,$0,$0
19,2011-03-31,11.28,$0.00,0.0,$36.69,0.31,$-4.40,0.0,$1.25,9.02,$1.24B,$1.04B,1.2,$0.08B,$0.55B,0.15,$1.60B,$0.25B,15.73%,$1.60B,$0.13B,8.30%,$1.60B,$0.13B,8.30%,$1.60B,$0.13B,8.30%,$1.60B,$0.07B,4.49%,$1.60B,$0.06B,3.43%,$0.06B,$0.55B,10.69%,$0.06B,$0.53B,10.96%,$0.06B,$1.71B,3.74%,$0.13B,$0.63B,22.99%,$380,$332,$49,$3,$33,$368,$12,$-25,$-13,$-5,$-8,$-8,$-13,$34,$12,$44,44,$-0.29,$-0.29,$478,$305,$152,$1242,$0,$9,$17,$30,$75,$1714,$1040,$81,$48,$129,$1168,$502,$68,$0,$546,$1714,$0,$0,$0,$0,$0,$0,$0,$0,$0,$0,$0,$0,$0,$0,$0,$0,$0,$0,$0,$0,$0,$0,$0,$0,$0,$0,$0,$0,$0
20,2010-12-31,12.39,$0.00,0.0,$34.19,0.36,$-4.40,0.0,$1.15,10.77,$1.04B,$0.75B,1.39,$0.10B,$0.54B,0.19,$1.50B,$0.23B,15.31%,$1.50B,$0.12B,8.02%,$1.50B,$0.12B,8.02%,$1.50B,$0.12B,8.02%,$1.50B,$0.07B,4.48%,$1.50B,$0.05B,3.34%,$0.05B,$0.54B,10.10%,$0.05B,$0.52B,10.28%,$0.05B,$1.42B,3.73%,$0.12B,$0.64B,21.97%,$264,$238,$26,$2,$5,$246,$18,$-24,$-6,$-3,$-3,$-4,$-4,$42,$18,$43,43,$-0.10,$-0.10,$476,$272,$117,$1035,$0,$6,$16,$20,$58,$1423,$745,$100,$43,$143,$888,$501,$62,$0,$535,$1423,$51,$31,$12,$31,$-7,$-104,$20,$-62,$-150,$-58,$-134,$0,$3,$0,$3,$-2,$-1,$-134,$90,$222,$90,$1,$1,$0,$0,$313,$129,$4,$0
21,2010-09-30,16.3,$0.00,0.0,$30.60,0.53,$-0.50,0.0,$0.92,17.72,$1.04B,$0.80B,1.3,$0.06B,$0.50B,0.12,$1.33B,$0.21B,15.71%,$1.33B,$0.10B,7.14%,$1.33B,$0.10B,7.14%,$1.33B,$0.10B,7.14%,$1.33B,$0.01B,0.83%,$1.33B,$0.04B,2.93%,$0.04B,$0.50B,8.16%,$0.04B,$0.49B,8.30%,$0.04B,$1.40B,3.13%,$0.10B,$0.56B,18.57%,$295,$280,$15,$3,$103,$386,$-92,$-15,$-107,$-3,$-104,$-105,$-105,$40,$-92,$43,43,$-2.43,$-2.43,$552,$196,$147,$1042,$0,$7,$15,$42,$76,$1402,$802,$60,$38,$98,$900,$501,$37,$0,$502,$1402,$0,$0,$0,$0,$0,$0,$0,$0,$0,$0,$0,$0,$0,$0,$0,$0,$0,$0,$0,$0,$0,$0,$0,$0,$0,$0,$0,$0,$0
22,2010-06-30,9.78,$0.00,0.0,$27.78,0.35,$-0.50,0.0,$1.14,8.58,$1.01B,$0.81B,1.25,$0.01B,$0.48B,0.03,$1.17B,$0.18B,15.35%,$1.17B,$0.08B,6.43%,$1.17B,$0.08B,6.43%,$1.17B,$0.08B,6.43%,$1.17B,$0.01B,1.03%,$1.17B,$0.04B,3.77%,$0.04B,$0.48B,9.86%,$0.04B,$0.47B,10.03%,$0.04B,$1.34B,3.89%,$0.08B,$0.49B,15.86%,$326,$319,$7,$3,$38,$360,$-34,$-10,$-44,$-2,$-43,$-43,$-44,$17,$-34,$43,43,$-1.01,$-1.01,$525,$182,$108,$1014,$0,$7,$2,$53,$75,$1337,$813,$14,$34,$48,$861,$501,$16,$0,$475,$1337,$0,$0,$0,$0,$0,$0,$0,$0,$0,$0,$0,$0,$0,$0,$0,$0,$0,$0,$0,$0,$0,$0,$0,$0,$0,$0,$0,$0,$0
23,2010-03-31,24.32,$0.00,0.0,$23.41,1.04,$-1.39,0.0,$1.56,15.59,$0.91B,$0.68B,1.35,$0.03B,$0.47B,0.06,$0.95B,$0.16B,16.51%,$0.95B,$0.07B,7.47%,$0.95B,$0.07B,7.47%,$0.95B,$0.07B,7.47%,$0.95B,$0.03B,2.94%,$0.95B,$0.06B,6.20%,$0.06B,$0.47B,14.23%,$0.06B,$0.47B,14.59%,$0.06B,$1.20B,5.97%,$0.07B,$0.50B,15.95%,$348,$305,$43,$3,$43,$351,$-3,$-20,$-23,$2,$-26,$-25,$-25,$21,$-3,$43,43,$-0.59,$-0.59,$434,$173,$81,$912,$0,$7,$2,$49,$69,$1204,$675,$29,$31,$60,$735,$501,$13,$0,$469,$1204,$0,$0,$0,$0,$0,$0,$0,$0,$0,$0,$0,$0,$0,$0,$0,$0,$0,$0,$0,$0,$0,$0,$0,$0,$0,$0,$0,$0,$0
24,2009-12-31,28.82,$0.00,0.0,$17.14,1.68,$-1.39,0.0,$1.40,20.59,$0.75B,$0.52B,1.46,$0.03B,$0.47B,0.07,$0.66B,$0.11B,16.74%,$0.66B,$0.04B,5.88%,$0.66B,$0.04B,5.88%,$0.66B,$0.04B,5.88%,$0.66B,$0.02B,3.17%,$0.66B,$0.05B,7.99%,$0.05B,$0.47B,13.97%,$0.05B,$0.45B,14.45%,$0.05B,$1.04B,6.22%,$0.04B,$0.50B,9.41%,$326,$301,$25,$3,$35,$339,$-13,$-10,$-24,$-2,$-21,$-21,$-21,$17,$-13,$43,43,$-0.49,$-0.49,$340,$164,$99,$754,$0,$7,$13,$37,$68,$1039,$515,$30,$28,$58,$573,$500,$12,$0,$466,$1039,$23,$21,$0,$21,$0,$0,$0,$0,$-41,$51,$-72,$0,$0,$0,$0,$-4,$-159,$-235,$0,$110,$15,$0,$104,$0,$-0,$228,$44,$0,$0
25,2009-09-30,17.22,$0.00,0.0,$12.42,1.39,$-3.74,0.0,$-0.37,0.0,$0.67B,$0.52B,1.3,$0.03B,$0.38B,0.08,$0.45B,$0.03B,6.46%,$0.45B,$-0.02B,-4.23%,$0.45B,$-0.02B,-4.23%,$0.45B,$-0.02B,-4.23%,$0.45B,$-0.01B,-1.56%,$0.45B,$-0.01B,-2.90%,$-0.01B,$0.38B,-3.76%,$-0.01B,$0.36B,-3.90%,$-0.01B,$0.95B,-1.77%,$-0.02B,$0.41B,-4.93%,$474,$433,$41,$5,$58,$496,$-22,$-22,$-43,$16,$-60,$-60,$-60,$20,$-22,$43,43,$-1.39,$-1.39,$236,$144,$62,$670,$0,$4,$13,$44,$69,$947,$516,$32,$25,$56,$572,$395,$27,$0,$375,$947,$0,$0,$0,$0,$0,$0,$0,$0,$0,$0,$0,$0,$0,$0,$0,$0,$0,$0,$0,$0,$0,$0,$0,$0,$0,$0,$0,$0,$0
26,2009-06-30,12.12,$0.00,0.0,$13.68,0.89,$-3.74,0.0,$-0.75,0.0,$0.52B,$0.36B,1.46,$0.03B,$0.35B,0.09,$0.49B,$0.03B,6.76%,$0.49B,$-0.01B,-2.66%,$0.49B,$-0.01B,-2.66%,$0.49B,$-0.01B,-2.66%,$0.49B,$-0.02B,-4.10%,$0.49B,$-0.03B,-5.53%,$-0.03B,$0.35B,-7.77%,$-0.03B,$0.34B,-7.99%,$-0.03B,$0.76B,-4.04%,$-0.01B,$0.38B,-3.29%,$500,$488,$12,$8,$35,$530,$-31,$-17,$-48,$-3,$-44,$-44,$-44,$13,$-31,$43,43,$-1.02,$-1.02,$245,$108,$54,$523,$0,$3,$13,$44,$66,$761,$359,$32,$22,$54,$413,$395,$2,$0,$348,$761,$13,$10,$0,$10,$0,$0,$0,$0,$-40,$-13,$-20,$0,$0,$0,$0,$0,$-138,$-158,$0,$127,$15,$0,$0,$0,$0,$141,$-29,$0,$0
27,2009-03-31,5.98,$0.00,0.0,$17.76,0.34,$-2.85,0.0,$-0.88,0.0,$0.42B,$0.26B,1.59,$0.05B,$0.33B,0.14,$0.59B,$0.04B,7.33%,$0.59B,$-0.00B,-0.51%,$0.59B,$-0.00B,-0.51%,$0.59B,$-0.00B,-0.51%,$0.59B,$-0.03B,-5.11%,$0.59B,$-0.03B,-5.79%,$-0.03B,$0.33B,-10.51%,$-0.03B,$0.32B,-10.73%,$-0.03B,$0.66B,-5.68%,$-0.00B,$0.38B,-0.80%,$482,$418,$64,$5,$34,$457,$25,$-16,$9,$2,$7,$7,$7,$-11,$25,$43,44,$0.16,$0.16,$206,$101,$45,$420,$0,$3,$13,$51,$73,$660,$264,$46,$21,$67,$331,$395,$-16,$0,$329,$660,$0,$0,$0,$0,$0,$0,$0,$0,$0,$0,$0,$0,$0,$0,$0,$0,$0,$0,$0,$0,$0,$0,$0,$0,$0,$0,$0,$0,$0
28,2008-12-31,6.46,$0.00,0.0,$21.66,0.3,$-2.85,0.0,$-0.14,0.0,$0.34B,$0.17B,1.96,$0.05B,$0.33B,0.14,$0.71B,$0.08B,10.58%,$0.71B,$0.03B,3.95%,$0.71B,$0.03B,3.95%,$0.71B,$0.03B,3.95%,$0.71B,$-0.00B,0.00%,$0.71B,$-0.01B,-1.41%,$-0.01B,$0.33B,-3.58%,$-0.01B,$0.32B,-3.63%,$-0.01B,$0.57B,-1.90%,$0.03B,$0.38B,8.16%,$443,$378,$65,$2,$29,$409,$34,$-26,$8,$2,$6,$6,$6,$-41,$34,$43,44,$0.14,$0.13,$136,$93,$58,$339,$0,$3,$13,$43,$66,$571,$173,$46,$20,$66,$239,$295,$-13,$0,$332,$571,$-9,$10,$0,$10,$0,$0,$0,$0,$-46,$3,$-105,$0,$0,$0,$0,$-3,$-18,$-126,$0,$64,$25,$0,$113,$0,$0,$201,$78,$0,$0
29,2008-09-30,19.53,$0.00,0.0,$24.14,0.81,$-4.34,0.0,$1.48,13.2,$0.48B,$0.22B,2.16,$0.06B,$0.38B,0.17,$0.76B,$0.12B,15.07%,$0.76B,$0.07B,9.70%,$0.76B,$0.07B,9.70%,$0.76B,$0.07B,9.70%,$0.76B,$0.05B,7.08%,$0.76B,$0.05B,6.16%,$0.05B,$0.38B,20.64%,$0.05B,$0.38B,20.66%,$0.05B,$0.68B,10.35%,$0.07B,$0.45B,24.42%,$453,$376,$77,$2,$33,$411,$42,$-6,$36,$10,$26,$26,$26,$26,$42,$43,44,$0.60,$0.58,$137,$102,$88,$480,$0,$0,$0,$55,$63,$681,$222,$64,$14,$78,$300,$294,$37,$0,$381,$681,$0,$0,$0,$0,$0,$0,$0,$0,$0,$0,$0,$0,$0,$0,$0,$0,$0,$0,$0,$0,$0,$0,$0,$0,$0,$0,$0,$0,$0
30,2008-06-30,40.19,$0.00,0.0,$20.61,1.95,$-4.34,0.0,$1.19,33.77,$0.36B,$0.17B,2.13,$0.05B,$0.25B,0.2,$0.61B,$0.08B,13.49%,$0.61B,$0.05B,7.73%,$0.61B,$0.05B,7.73%,$0.61B,$0.05B,7.73%,$0.61B,$0.04B,6.91%,$0.61B,$0.04B,6.09%,$0.04B,$0.25B,22.91%,$0.04B,$0.25B,22.95%,$0.04B,$0.48B,10.98%,$0.05B,$0.30B,21.05%,$377,$312,$65,$1,$24,$337,$40,$-15,$25,$5,$21,$20,$20,$23,$40,$43,44,$0.47,$0.47,$85,$90,$48,$364,$0,$0,$0,$21,$28,$484,$171,$49,$13,$62,$233,$181,$26,$0,$252,$484,$0,$0,$0,$0,$0,$0,$0,$0,$0,$0,$0,$0,$0,$0,$0,$0,$0,$0,$0,$0,$0,$0,$0,$0,$0,$0,$0,$0,$0
31,2008-03-31,20.9,$0.00,0.0,$15.59,1.34,$-4.34,0.0,$0.72,29.03,$0.28B,$0.11B,2.54,$0.10B,$0.15B,0.62,$0.46B,$0.05B,11.21%,$0.46B,$0.02B,4.62%,$0.46B,$0.02B,4.62%,$0.46B,$0.02B,4.62%,$0.46B,$0.03B,6.59%,$0.46B,$0.02B,5.05%,$0.02B,$0.15B,18.18%,$0.02B,$0.15B,18.18%,$0.02B,$0.37B,8.89%,$0.02B,$0.25B,11.93%,$329,$284,$45,$2,$26,$312,$17,$-14,$3,$0,$3,$3,$3,$20,$17,$43,44,$0.08,$0.07,$33,$81,$47,$280,$0,$0,$0,$16,$24,$367,$110,$95,$10,$105,$215,$98,$15,$0,$152,$367,$0,$0,$0,$0,$0,$0,$0,$0,$0,$0,$0,$0,$0,$0,$0,$0,$0,$0,$0,$0,$0,$0,$0,$0,$0,$0,$0,$0,$0
32,2007-12-31,28.15,$0.00,0.0,$10.94,2.57,$-4.34,0.0,$-0.03,0.0,$0.22B,$0.06B,3.71,$0.09B,$0.13B,0.74,$0.30B,$0.02B,7.64%,$0.30B,$-0.00B,-1.00%,$0.30B,$-0.00B,-1.00%,$0.30B,$-0.00B,-1.00%,$0.30B,0,0.00%,$0.30B,0,0.00%,$0.00B,$0.13B,0.00%,$0.00B,$0.13B,0.00%,$0.00B,$0.29B,0.00%,$-0.00B,$0.22B,-2.11%,$337,$295,$42,$2,$19,$316,$21,$-18,$3,$1,$1,$1,$1,$5,$21,$43,44,$0.04,$0.03,$39,$71,$51,$220,$0,$0,$0,$9,$13,$285,$59,$93,$6,$99,$158,$97,$-4,$0,$126,$285,$-0,$2,$0,$2,$0,$0,$0,$0,$-92,$-80,$-42,$0,$0,$0,$0,$0,$-1,$-42,$0,$36,$92,$0,$0,$0,$-3,$125,$-3,$0,$0
33,2007-09-30,9.44,$0.00,0.0,$7.42,1.27,$-2.21,0.0,$-0.44,0.0,$0.18B,$0.08B,2.1,$0.01B,$0.12B,0.09,$0.20B,$0.03B,16.16%,$0.20B,$0.02B,8.08%,$0.20B,$0.02B,8.08%,$0.20B,$0.02B,8.08%,$0.20B,$0.02B,9.09%,$0.20B,$-0.01B,-5.56%,$-0.01B,$0.12B,-9.73%,$-0.01B,$0.12B,-9.73%,$-0.01B,$0.21B,-6.84%,$0.02B,$0.13B,13.85%,$287,$230,$57,$1,$39,$270,$17,$-4,$-20,$-4,$-15,$15,$15,$-1,$17,$41,42,$0.36,$0.35,$31,$66,$29,$175,$0,$0,$0,$1,$5,$212,$83,$10,$3,$13,$96,$97,$-10,$0,$116,$212,$0,$0,$0,$0,$0,$0,$0,$0,$0,$0,$0,$0,$0,$0,$0,$0,$0,$0,$0,$0,$0,$0,$0,$0,$0,$0,$0,$0,$0
