,Date,Stock Price,Book Value per Share,Price to Book Ratio,TTM Sales per Share,Price to Sales Ratio,TTM FCF per Share,Price to FCF Ratio,TTM Net EPS,PE Ratio,Current Assets,Current Liabilities,Current Ratio,Long Term Debt,Shareholder's Equity_x,Debt to Equity Ratio,TTM Revenue_x,TTM Gross Profit,Gross Margin,TTM Revenue_y,TTM Operating Income,Operating Margin,TTM Revenue_x,TTM EBIT,EBIT Margin,TTM Revenue_y,TTM EBITDA,EBITDA Margin,TTM Revenue_x,TTM Pre-Tax Income,Pre-Tax Margin,TTM Revenue_y,TTM Net Income_x,Net Margin,TTM Net Income_y,Shareholder's Equity_y,Return on Equity,TTM Net Income_x,Tangible Equity,Return on Tangible Equity,TTM Net Income_y,Total Assets,Return on Assets,TTM Net Income,LT Investments & Debt,Return on Investment,revenue,cost-goods-sold,gross-profit,research-development-expenses,selling-general-administrative-expenses,operating-expenses,operating-income,total-non-operating-income-expense,pre-tax-income,total-provision-income-taxes,income-after-taxes,income-from-continuous-operations,net-income,ebitda,ebit,basic-shares-outstanding,shares-outstanding,eps-basic-net-earnings-per-share,eps-earnings-per-share-diluted,cash-on-hand,inventory,other-current-assets,total-current-assets,net-property-plant-equipment,long-term-investments,goodwill-intangible-assets-total,other-long-term-assets,total-long-term-assets,total-assets,total-current-liabilities,long-term-debt,other-non-current-liabilities,total-long-term-liabilities,total-liabilities,common-stock-net,retained-earnings-accumulated-deficit,comprehensive-income,total-share-holder-equity,total-liabilities-share-holders-equity,net-income-loss,total-depreciation-amortization-cash-flow,other-non-cash-items,total-non-cash-items,change-in-accounts-receivable,change-in-inventories,change-in-accounts-payable,change-in-assets-liabilities,total-change-in-assets-liabilities,cash-flow-from-operating-activities,net-change-in-property-plant-equipment,net-change-in-intangible-assets,net-acquisitions-divestitures,net-change-in-short-term-investments,net-change-in-long-term-investments,net-change-in-investments-total,investing-activities-other,cash-flow-from-investing-activities,net-long-term-debt,net-current-debt,debt-issuance-retirement-net-total,net-common-equity-issued-repurchased,net-total-equity-issued-repurchased,total-common-preferred-stock-dividends-paid,financial-activities-other,cash-flow-from-financial-activities,net-cash-flow,stock-based-compensation,common-stock-dividends-paid
0,2018-06-30,9.85,$4.51,2.18,$27.12,0.36,$1.70,5.79,$-0.12,0.0,$0.05B,$0.03B,1.57,$0.00B,$0.02B,0.0,$0.10B,$0.02B,23.08%,$0.10B,$0.00B,0.96%,$0.10B,$0.00B,0.96%,$0.10B,$0.00B,0.96%,$0.10B,$0.00B,1.92%,$0.10B,$-0.00B,-0.96%,$-0.00B,$0.02B,-5.19%,$-0.00B,$0.02B,-5.19%,$-0.00B,$0.06B,-1.72%,$0.00B,$0.02B,5.19%,$20,$15,$5,$1,$4,$20,$0,$0,$1,$0,$0,$0,$0,$0,$0,$4,4,$0.00,$0.00,$10,$9,$18,$53,$1,$0,$0,$4,$6,$59,$34,$0,$1,$7,$41,$0,$14,$-11,$18,$59,$-2,$0,$3,$3,$4,$-4,$0,$-0,$-0,$1,$-0,$0,$0,$0,$0,$0,$-0,$-1,$0,$0,$0,$0,$0,$-1,$0,$-1,$-1,$0,$-1
1,2018-03-31,10.63,$4.65,2.28,$28.94,0.37,$2.61,4.07,$0.05,212.55,$0.05B,$0.02B,1.98,$0.00B,$0.02B,0.0,$0.11B,$0.03B,22.73%,$0.11B,$0.00B,1.82%,$0.11B,$0.00B,1.82%,$0.11B,$0.00B,1.82%,$0.11B,$0.00B,1.82%,$0.11B,0,0.00%,$0.00B,$0.02B,0.00%,$0.00B,$0.02B,0.00%,$0.00B,$0.06B,0.00%,$0.00B,$0.02B,10.39%,$22,$17,$5,$1,$5,$23,$-1,$0,$-1,$-0,$-1,$-1,$-1,$-1,$-1,$4,4,$-0.16,$-0.16,$12,$5,$2,$47,$2,$0,$0,$4,$8,$55,$24,$0,$1,$13,$37,$0,$15,$-10,$19,$55,$-2,$0,$1,$1,$4,$1,$0,$-0,$-0,$-1,$-0,$0,$0,$0,$0,$0,$-0,$-0,$0,$0,$0,$0,$0,$-1,$0,$-1,$-2,$0,$-1
2,2017-12-31,15.49,$4.90,3.16,$29.77,0.52,$2.64,5.87,$0.32,48.42,$0.05B,$0.03B,1.86,$0.00B,$0.02B,0.0,$0.11B,$0.03B,23.01%,$0.11B,$0.00B,3.54%,$0.11B,$0.00B,3.54%,$0.11B,$0.00B,3.54%,$0.11B,$0.00B,3.54%,$0.11B,$0.00B,0.88%,$0.00B,$0.02B,5.26%,$0.00B,$0.02B,5.33%,$0.00B,$0.06B,1.74%,$0.00B,$0.02B,21.05%,$22,$17,$5,$1,$4,$22,$0,$-0,$-0,$1,$-1,$-1,$-1,$0,$0,$4,4,$-0.32,$-0.32,$18,$7,$3,$52,$1,$0,$0,$4,$8,$60,$28,$0,$1,$13,$40,$0,$16,$-10,$19,$60,$-1,$0,$1,$1,$7,$-1,$0,$-4,$5,$5,$-0,$0,$0,$0,$0,$0,$-0,$-0,$0,$0,$0,$0,$0,$0,$0,$0,$4,$0,$0
3,2017-09-30,10.75,$5.34,2.01,$29.36,0.37,$2.06,5.21,$0.63,17.06,$0.05B,$0.03B,1.93,$0.00B,$0.02B,0.0,$0.11B,$0.03B,22.52%,$0.11B,$0.00B,3.60%,$0.11B,$0.00B,3.60%,$0.11B,$0.00B,3.60%,$0.11B,$0.00B,3.60%,$0.11B,$0.00B,1.80%,$0.00B,$0.02B,10.67%,$0.00B,$0.02B,10.81%,$0.00B,$0.06B,3.62%,$0.00B,$0.02B,21.33%,$40,$31,$9,$1,$7,$38,$2,$-0,$2,$1,$1,$1,$1,$2,$2,$4,4,$0.36,$0.35,$10,$6,$16,$50,$1,$0,$0,$6,$9,$59,$26,$0,$5,$12,$38,$0,$17,$-10,$21,$59,$3,$1,$1,$2,$-8,$-1,$0,$0,$-2,$3,$-0,$0,$0,$0,$0,$0,$-0,$-1,$0,$0,$0,$0,$0,$-2,$0,$-2,$1,$1,$-2
4,2017-06-30,10.37,$4.57,2.27,$25.79,0.4,$2.61,3.98,$0.41,25.3,$0.05B,$0.03B,1.93,$0.00B,$0.02B,0.0,$0.10B,$0.02B,22.68%,$0.10B,$0.00B,3.09%,$0.10B,$0.00B,3.09%,$0.10B,$0.00B,3.09%,$0.10B,$0.00B,3.09%,$0.10B,$0.00B,2.06%,$0.00B,$0.02B,11.11%,$0.00B,$0.02B,11.43%,$0.00B,$0.06B,3.79%,$0.00B,$0.02B,16.67%,$26,$20,$6,$1,$4,$25,$1,$-0,$1,$0,$1,$1,$1,$1,$1,$4,4,$0.18,$0.18,$16,$9,$1,$51,$2,$0,$0,$3,$7,$58,$27,$0,$0,$14,$40,$0,$16,$-12,$18,$58,$1,$0,$1,$1,$-1,$-3,$0,$-1,$2,$4,$-0,$0,$0,$0,$0,$0,$-0,$-0,$0,$0,$0,$0,$0,$-1,$0,$-1,$3,$0,$-1
5,2017-03-31,9.93,$4.49,2.21,$26.06,0.38,$2.05,4.85,$0.56,17.73,$0.05B,$0.02B,2.07,$0.00B,$0.02B,0.0,$0.10B,$0.02B,23.47%,$0.10B,$0.00B,4.08%,$0.10B,$0.00B,4.08%,$0.10B,$0.00B,4.08%,$0.10B,$0.00B,4.08%,$0.10B,$0.00B,2.04%,$0.00B,$0.02B,10.67%,$0.00B,$0.02B,10.96%,$0.00B,$0.05B,3.98%,$0.00B,$0.02B,21.33%,$25,$20,$6,$1,$5,$25,$1,$0,$1,$0,$0,$0,$0,$1,$1,$4,4,$0.11,$0.11,$11,$6,$1,$46,$2,$0,$0,$3,$7,$53,$22,$0,$0,$13,$36,$0,$16,$-12,$18,$53,$0,$0,$0,$1,$-5,$-1,$0,$2,$-2,$-1,$-0,$0,$0,$0,$0,$0,$-0,$-0,$0,$0,$0,$0,$0,$-1,$0,$-1,$-2,$0,$-1
6,2016-12-31,9.85,$4.67,2.11,$26.76,0.37,$2.23,4.43,$0.58,16.98,$0.04B,$0.02B,2.2,$0.00B,$0.02B,0.0,$0.10B,$0.02B,23.00%,$0.10B,$0.00B,4.00%,$0.10B,$0.00B,4.00%,$0.10B,$0.00B,4.00%,$0.10B,$0.00B,4.00%,$0.10B,$0.00B,2.00%,$0.00B,$0.02B,10.39%,$0.00B,$0.02B,10.53%,$0.00B,$0.05B,4.08%,$0.00B,$0.02B,20.78%,$20,$15,$4,$1,$4,$20,$-0,$0,$-0,$-0,$-0,$-0,$-0,$0,$-0,$4,4,$-0.01,$-0.01,$15,$7,$1,$44,$2,$0,$0,$3,$7,$51,$20,$0,$0,$13,$33,$0,$17,$-12,$18,$51,$-0,$0,$0,$0,$2,$-1,$0,$-2,$2,$2,$-0,$0,$0,$0,$0,$0,$0,$-0,$0,$0,$0,$0,$0,$0,$0,$0,$2,$0,$0
7,2016-09-30,9.52,$4.62,2.06,$27.69,0.34,$1.46,6.53,$0.66,14.43,$0.04B,$0.02B,2.41,$0.00B,$0.02B,0.0,$0.10B,$0.02B,23.08%,$0.10B,$0.00B,3.85%,$0.10B,$0.00B,3.85%,$0.10B,$0.01B,4.81%,$0.10B,$0.00B,3.85%,$0.10B,$0.00B,1.92%,$0.00B,$0.02B,10.13%,$0.00B,$0.02B,10.39%,$0.00B,$0.05B,4.21%,$0.00B,$0.02B,20.25%,$26,$19,$6,$1,$5,$25,$1,$-0,$1,$0,$1,$1,$1,$1,$1,$4,4,$0.15,$0.15,$13,$6,$2,$42,$2,$0,$0,$3,$7,$49,$17,$0,$0,$14,$31,$0,$17,$-12,$18,$49,$3,$1,$1,$2,$-0,$-1,$0,$3,$0,$5,$-1,$0,$0,$0,$0,$0,$-0,$-1,$0,$0,$0,$0,$0,$-2,$0,$-1,$2,$0,$-2
8,2016-06-30,7.47,$5.52,1.35,$28.63,0.26,$-0.55,0.0,$0.70,10.67,$0.04B,$0.02B,2.28,$0.00B,$0.02B,0.0,$0.11B,$0.02B,22.64%,$0.11B,$0.00B,3.77%,$0.11B,$0.00B,3.77%,$0.11B,$0.01B,4.72%,$0.11B,$0.00B,3.77%,$0.11B,$0.00B,1.89%,$0.00B,$0.02B,9.88%,$0.00B,$0.02B,10.13%,$0.00B,$0.05B,4.26%,$0.00B,$0.02B,19.75%,$27,$20,$7,$1,$5,$25,$2,$-0,$2,$1,$1,$1,$1,$2,$2,$4,4,$0.33,$0.32,$12,$6,$2,$41,$2,$0,$0,$3,$7,$48,$18,$0,$0,$9,$27,$0,$16,$-8,$21,$48,$2,$1,$1,$1,$-1,$-1,$0,$0,$-1,$3,$-0,$0,$0,$0,$0,$0,$-0,$-1,$0,$0,$0,$0,$0,$-1,$0,$-1,$0,$0,$-1
9,2016-03-31,5.41,$5.24,1.03,$27.58,0.2,$-2.17,0.0,$0.45,12.03,$0.04B,$0.02B,2.21,$0.00B,$0.02B,0.0,$0.10B,$0.02B,21.78%,$0.10B,$0.00B,2.97%,$0.10B,$0.00B,2.97%,$0.10B,$0.00B,3.96%,$0.10B,$0.00B,2.97%,$0.10B,$0.00B,0.99%,$0.00B,$0.02B,5.00%,$0.00B,$0.02B,5.19%,$0.00B,$0.05B,2.15%,$0.00B,$0.02B,15.00%,$27,$21,$6,$1,$5,$26,$1,$-0,$1,$0,$1,$1,$0,$1,$1,$4,4,$0.13,$0.13,$10,$5,$2,$41,$2,$0,$0,$3,$7,$48,$19,$0,$0,$10,$28,$0,$16,$-8,$20,$48,$1,$0,$1,$1,$-3,$0,$0,$-1,$-2,$0,$-0,$0,$0,$0,$0,$0,$-0,$-1,$0,$0,$0,$0,$0,$-1,$0,$-1,$-1,$0,$-1
10,2015-12-31,6.17,$5.19,1.19,$25.65,0.24,$-3.77,0.0,$0.13,47.45,$0.04B,$0.02B,2.41,$0.00B,$0.02B,0.0,$0.09B,$0.02B,21.51%,$0.09B,$0.00B,1.08%,$0.09B,$0.00B,1.08%,$0.09B,$0.00B,3.23%,$0.09B,$0.00B,1.08%,$0.09B,0,0.00%,$0.00B,$0.02B,0.00%,$0.00B,$0.02B,0.00%,$0.00B,$0.05B,0.00%,$0.00B,$0.02B,5.00%,$24,$18,$5,$1,$4,$23,$0,$0,$0,$0,$0,$0,$0,$1,$0,$4,4,$0.08,$0.07,$11,$6,$2,$38,$2,$0,$0,$3,$7,$45,$16,$0,$0,$10,$26,$0,$16,$-8,$20,$45,$0,$0,$0,$0,$1,$-0,$0,$-2,$-1,$-0,$-0,$0,$0,$0,$0,$0,$0,$-0,$0,$0,$0,$0,$0,$0,$0,$0,$-1,$0,$0
11,2015-09-30,4.78,$5.31,0.9,$25.15,0.19,$-4.96,0.0,$-0.06,0.0,$0.04B,$0.02B,2.31,$0.00B,$0.02B,0.0,$0.09B,$0.02B,21.35%,$0.09B,0,0.00%,$0.09B,0,0.00%,$0.09B,$0.00B,1.12%,$0.09B,0,0.00%,$0.09B,0,0.00%,$0.00B,$0.02B,0.00%,$0.00B,$0.02B,0.00%,$0.00B,$0.05B,0.00%,$0.00B,$0.02B,0.00%,$28,$22,$6,$1,$4,$27,$1,$0,$1,$1,$1,$1,$1,$1,$1,$4,4,$0.18,$0.18,$11,$6,$2,$40,$2,$0,$0,$3,$7,$47,$17,$0,$0,$10,$27,$0,$16,$-8,$20,$47,$-0,$1,$1,$1,$-8,$1,$0,$-1,$-3,$-2,$-1,$0,$0,$0,$0,$0,$-0,$-1,$0,$0,$0,$0,$0,$-2,$0,$-1,$-5,$0,$-2
12,2015-06-30,5.96,$5.31,1.12,$22.99,0.26,$-3.94,0.0,$-0.26,0.0,$0.04B,$0.02B,2.32,$0.00B,$0.02B,0.0,$0.08B,$0.02B,22.22%,$0.08B,$-0.00B,-1.23%,$0.08B,$-0.00B,-1.23%,$0.08B,0,0.00%,$0.08B,$-0.00B,-1.23%,$0.08B,$-0.00B,-1.23%,$-0.00B,$0.02B,-4.88%,$-0.00B,$0.02B,-5.06%,$-0.00B,$0.05B,-2.20%,$-0.00B,$0.02B,-4.88%,$22,$17,$5,$1,$4,$22,$1,$-0,$1,$0,$0,$0,$0,$1,$1,$4,4,$0.07,$0.07,$10,$7,$3,$39,$1,$0,$0,$3,$7,$46,$17,$0,$0,$10,$26,$0,$15,$-8,$20,$46,$-1,$0,$1,$1,$-5,$-0,$0,$-1,$-4,$-3,$-0,$0,$0,$0,$0,$0,$-0,$-1,$0,$0,$0,$0,$0,$-1,$0,$-1,$-6,$0,$-1
13,2015-03-31,5.73,$5.32,1.08,$23.32,0.25,$-2.98,0.0,$-0.08,0.0,$0.04B,$0.01B,2.68,$0.00B,$0.02B,0.0,$0.08B,$0.02B,23.17%,$0.08B,$-0.00B,-1.22%,$0.08B,$-0.00B,-1.22%,$0.08B,0,0.00%,$0.08B,$-0.00B,-1.22%,$0.08B,0,0.00%,$0.00B,$0.02B,0.00%,$0.00B,$0.02B,0.00%,$0.00B,$0.04B,0.00%,$-0.00B,$0.02B,-4.65%,$19,$15,$4,$1,$4,$20,$-1,$-0,$-1,$-0,$-1,$-1,$-1,$-0,$-1,$4,4,$-0.19,$-0.19,$9,$7,$2,$35,$1,$0,$0,$3,$7,$42,$13,$0,$0,$9,$23,$0,$16,$-8,$20,$42,$-1,$0,$0,$1,$-3,$-1,$0,$-1,$-5,$-6,$-0,$0,$0,$0,$0,$0,$-0,$-0,$0,$0,$0,$0,$0,$-1,$0,$-1,$-7,$0,$-1
14,2014-12-31,6.08,$5.65,1.08,$23.95,0.25,$-2.62,0.0,$0.16,38.01,$0.04B,$0.02B,2.41,$0.00B,$0.02B,0.0,$0.08B,$0.02B,23.81%,$0.08B,0,0.00%,$0.08B,0,0.00%,$0.08B,0,0.00%,$0.08B,0,0.00%,$0.08B,$0.00B,1.19%,$0.00B,$0.02B,4.49%,$0.00B,$0.02B,4.60%,$0.00B,$0.05B,2.03%,$0.00B,$0.02B,0.00%,$20,$16,$4,$1,$4,$21,$-1,$-0,$-1,$-1,$-0,$-0,$-0,$-1,$-1,$3,3,$-0.12,$-0.12,$12,$7,$4,$41,$1,$0,$1,$3,$7,$48,$17,$0,$0,$10,$27,$0,$17,$-8,$21,$48,$-0,$0,$0,$0,$-4,$-1,$0,$-2,$-5,$-5,$-0,$0,$0,$0,$0,$0,$-0,$-0,$0,$0,$0,$0,$0,$0,$0,$0,$-5,$0,$0
15,2014-09-30,6.55,$5.88,1.11,$24.24,0.27,$-2.53,0.0,$0.38,17.23,$0.04B,$0.02B,2.72,$0.00B,$0.02B,0.0,$0.09B,$0.02B,24.71%,$0.09B,$0.00B,1.18%,$0.09B,$0.00B,1.18%,$0.09B,$0.00B,2.35%,$0.09B,$0.00B,1.18%,$0.09B,$0.00B,1.18%,$0.00B,$0.02B,4.40%,$0.00B,$0.02B,4.44%,$0.00B,$0.05B,2.02%,$0.00B,$0.02B,4.40%,$20,$15,$5,$1,$4,$20,$0,$-0,$-0,$0,$-0,$-0,$-0,$0,$0,$3,3,$-0.03,$-0.03,$16,$6,$2,$39,$1,$0,$1,$3,$7,$46,$15,$0,$0,$11,$25,$0,$18,$-8,$21,$46,$1,$1,$0,$1,$1,$-1,$0,$0,$-1,$1,$-1,$0,$-1,$0,$0,$0,$-0,$-1,$0,$0,$0,$0,$0,$-2,$0,$-1,$-2,$0,$-2
16,2014-06-30,5.64,$6.57,0.86,$24.96,0.23,$-2.86,0.0,$0.40,14.1,$0.04B,$0.02B,2.48,$0.00B,$0.02B,0.0,$0.09B,$0.02B,24.14%,$0.09B,$0.00B,1.15%,$0.09B,$0.00B,1.15%,$0.09B,$0.00B,2.30%,$0.09B,$0.00B,1.15%,$0.09B,$0.00B,1.15%,$0.00B,$0.02B,4.30%,$0.00B,$0.02B,4.35%,$0.00B,$0.05B,2.01%,$0.00B,$0.02B,4.30%,$23,$17,$6,$1,$4,$22,$1,$-0,$1,$-0,$1,$1,$1,$1,$1,$3,3,$0.25,$0.25,$16,$7,$3,$43,$1,$0,$1,$3,$7,$50,$17,$0,$0,$9,$26,$0,$18,$-6,$24,$50,$1,$0,$0,$1,$-2,$-1,$0,$1,$-2,$-0,$-0,$0,$-1,$0,$0,$0,$-0,$-1,$0,$0,$0,$0,$0,$-1,$0,$-1,$-2,$0,$-1
17,2014-03-31,6.14,$6.44,0.95,$24.09,0.25,$-2.47,0.0,$0.01,0.0,$0.05B,$0.02B,2.25,$0.00B,$0.02B,0.0,$0.08B,$0.02B,22.89%,$0.08B,$-0.00B,-1.20%,$0.08B,$-0.00B,-1.20%,$0.08B,0,0.00%,$0.08B,$-0.00B,-1.20%,$0.08B,0,0.00%,$0.00B,$0.02B,0.00%,$0.00B,$0.02B,0.00%,$0.00B,$0.05B,0.00%,$-0.00B,$0.02B,-4.35%,$21,$16,$5,$1,$4,$21,$0,$-0,$0,$0,$0,$0,$0,$0,$0,$3,3,$0.05,$0.05,$13,$6,$3,$46,$1,$0,$1,$3,$7,$53,$20,$0,$0,$9,$30,$0,$17,$-6,$23,$53,$1,$0,$-0,$0,$-9,$-1,$0,$2,$-5,$-4,$-0,$0,$-1,$0,$0,$0,$-0,$-1,$0,$0,$0,$0,$0,$-1,$0,$-1,$-6,$0,$-1
18,2013-12-31,6.36,$6.51,0.98,$25.65,0.25,$-2.39,0.0,$0.17,37.4,$0.04B,$0.02B,2.58,$0.00B,$0.02B,0.0,$0.09B,$0.02B,22.73%,$0.09B,0,0.00%,$0.09B,0,0.00%,$0.09B,$0.00B,1.14%,$0.09B,0,0.00%,$0.09B,$0.00B,1.14%,$0.00B,$0.02B,4.35%,$0.00B,$0.02B,4.40%,$0.00B,$0.05B,2.04%,$0.00B,$0.02B,0.00%,$21,$17,$5,$1,$4,$21,$0,$-0,$0,$-0,$0,$0,$0,$1,$0,$3,3,$0.10,$0.10,$14,$7,$3,$42,$2,$0,$1,$3,$7,$49,$16,$0,$0,$9,$26,$0,$18,$-6,$23,$49,$0,$0,$-0,$-0,$-3,$-1,$0,$-1,$-4,$-4,$-0,$0,$-1,$0,$0,$0,$-0,$-1,$0,$0,$0,$0,$0,$0,$0,$0,$-5,$0,$0
19,2013-09-30,5.49,$6.59,0.83,$25.63,0.21,$-1.79,0.0,$0.10,54.9,$0.04B,$0.02B,2.71,$0.00B,$0.02B,0.0,$0.09B,$0.02B,21.59%,$0.09B,0,0.00%,$0.09B,0,0.00%,$0.09B,0,0.00%,$0.09B,0,0.00%,$0.09B,$0.00B,1.14%,$0.00B,$0.02B,4.35%,$0.00B,$0.02B,4.44%,$0.00B,$0.05B,2.02%,$0.00B,$0.02B,0.00%,$22,$17,$5,$1,$4,$22,$-0,$-0,$-0,$-0,$-0,$-0,$-0,$0,$-0,$3,3,$0.01,$0.00,$19,$5,$2,$41,$1,$0,$0,$3,$6,$47,$15,$0,$0,$9,$24,$0,$18,$-6,$23,$47,$0,$1,$1,$1,$-1,$1,$0,$2,$-1,$0,$-1,$0,$0,$0,$0,$0,$-0,$-1,$0,$0,$0,$0,$0,$-1,$0,$-1,$-2,$0,$-1
20,2013-06-30,6.81,$6.47,1.05,$25.83,0.26,$0.08,90.29,$1.53,4.45,$0.04B,$0.02B,2.57,$0.00B,$0.02B,0.0,$0.09B,$0.02B,22.73%,$0.09B,$0.00B,2.27%,$0.09B,$0.00B,2.27%,$0.09B,$0.00B,2.27%,$0.09B,$0.00B,2.27%,$0.09B,$0.01B,6.82%,$0.01B,$0.02B,26.09%,$0.01B,$0.02B,26.67%,$0.01B,$0.05B,11.88%,$0.00B,$0.02B,8.70%,$19,$15,$4,$0,$4,$20,$-1,$0,$-1,$-0,$-0,$-0,$-0,$-1,$-1,$3,3,$-0.14,$-0.14,$20,$5,$3,$42,$1,$0,$0,$3,$7,$49,$16,$0,$1,$10,$27,$0,$18,$-7,$23,$49,$0,$0,$0,$1,$-0,$1,$0,$2,$0,$2,$-1,$0,$0,$0,$0,$0,$-0,$-1,$0,$0,$0,$0,$0,$-1,$0,$-1,$-0,$0,$-1
21,2013-03-31,4.42,$6.74,0.66,$26.77,0.17,$0.69,6.4,$1.89,2.34,$0.05B,$0.02B,2.4,$0.00B,$0.02B,0.0,$0.09B,$0.02B,23.08%,$0.09B,$0.00B,4.40%,$0.09B,$0.00B,4.40%,$0.09B,$0.00B,4.40%,$0.09B,$0.00B,4.40%,$0.09B,$0.01B,7.69%,$0.01B,$0.02B,31.82%,$0.01B,$0.02B,32.18%,$0.01B,$0.05B,14.00%,$0.00B,$0.02B,18.18%,$26,$20,$6,$0,$4,$25,$1,$-0,$1,$0,$1,$1,$1,$1,$1,$3,3,$0.21,$0.21,$15,$5,$3,$45,$1,$0,$0,$3,$7,$51,$19,$0,$0,$10,$28,$0,$19,$-7,$23,$51,$1,$0,$0,$0,$-8,$2,$0,$2,$-5,$-4,$-0,$0,$0,$0,$0,$0,$-0,$-1,$0,$0,$0,$0,$0,$-1,$0,$-1,$-5,$0,$-1
22,2012-12-31,4.82,$6.55,0.74,$24.82,0.19,$1.79,2.69,$1.81,2.67,$0.04B,$0.02B,2.43,$0.00B,$0.02B,0.0,$0.08B,$0.02B,23.81%,$0.08B,$0.00B,4.76%,$0.08B,$0.00B,4.76%,$0.08B,$0.00B,4.76%,$0.08B,$0.00B,4.76%,$0.08B,$0.01B,7.14%,$0.01B,$0.02B,28.92%,$0.01B,$0.02B,29.27%,$0.01B,$0.05B,12.44%,$0.00B,$0.02B,19.28%,$21,$17,$4,$0,$4,$21,$0,$0,$0,$0,$0,$0,$0,$0,$0,$3,3,$0.03,$0.03,$18,$6,$3,$44,$1,$0,$0,$2,$6,$51,$18,$0,$0,$10,$28,$0,$18,$-7,$23,$51,$0,$0,$-0,$0,$-4,$1,$0,$1,$-2,$-2,$-0,$0,$0,$0,$0,$0,$-0,$-0,$0,$0,$0,$0,$0,$-1,$0,$-1,$-3,$0,$-1
23,2012-09-30,3.27,$6.78,0.48,$24.91,0.13,$2.14,1.52,$1.91,1.71,$0.05B,$0.02B,2.46,$0.00B,$0.02B,0.0,$0.08B,$0.02B,25.00%,$0.08B,$0.01B,5.95%,$0.08B,$0.01B,5.95%,$0.08B,$0.01B,5.95%,$0.08B,$0.01B,5.95%,$0.08B,$0.01B,7.14%,$0.01B,$0.02B,30.77%,$0.01B,$0.02B,30.77%,$0.01B,$0.05B,12.83%,$0.01B,$0.02B,25.64%,$22,$17,$6,$0,$5,$20,$2,$0,$2,$-3,$5,$5,$5,$2,$2,$3,3,$1.43,$1.43,$20,$6,$2,$45,$1,$0,$0,$3,$6,$51,$18,$0,$0,$10,$28,$0,$19,$-7,$23,$51,$7,$0,$-2,$-1,$1,$0,$0,$-2,$1,$6,$-1,$0,$0,$0,$0,$0,$-0,$-1,$0,$0,$0,$-0,$-0,$-1,$0,$-1,$5,$0,$-1
24,2012-06-30,2.84,$5.55,0.51,$23.12,0.12,$0.80,3.56,$0.45,6.32,$0.04B,$0.02B,2.2,$0.00B,$0.02B,0.0,$0.08B,$0.02B,24.05%,$0.08B,$0.00B,3.80%,$0.08B,$0.00B,3.80%,$0.08B,$0.00B,3.80%,$0.08B,$0.00B,3.80%,$0.08B,$0.00B,1.27%,$0.00B,$0.02B,5.48%,$0.00B,$0.02B,5.56%,$0.00B,$0.05B,2.23%,$0.00B,$0.02B,16.44%,$22,$17,$5,$0,$4,$21,$1,$-0,$1,$0,$1,$1,$1,$1,$1,$3,3,$0.23,$0.22,$18,$6,$3,$42,$1,$0,$1,$3,$5,$47,$19,$0,$0,$9,$28,$0,$14,$-6,$19,$47,$2,$0,$0,$0,$-1,$0,$0,$-1,$1,$3,$-0,$0,$0,$0,$0,$0,$-0,$-1,$0,$0,$0,$-0,$-0,$-0,$0,$-0,$2,$0,$-0
25,2012-03-31,2.86,$5.35,0.53,$22.06,0.13,$0.54,5.32,$0.17,16.82,$0.04B,$0.02B,2.42,$0.00B,$0.02B,0.0,$0.08B,$0.02B,23.68%,$0.08B,$0.00B,2.63%,$0.08B,$0.00B,2.63%,$0.08B,$0.00B,2.63%,$0.08B,$0.00B,2.63%,$0.08B,0,0.00%,$0.00B,$0.02B,0.00%,$0.00B,$0.02B,0.00%,$0.00B,$0.04B,0.00%,$0.00B,$0.02B,10.96%,$19,$14,$5,$0,$4,$18,$1,$-0,$1,$0,$0,$0,$0,$1,$1,$3,3,$0.13,$0.13,$15,$6,$3,$38,$1,$0,$1,$3,$5,$44,$16,$0,$0,$9,$25,$0,$13,$-6,$18,$44,$1,$0,$0,$0,$-1,$1,$0,$0,$-1,$-0,$-0,$0,$0,$0,$0,$0,$-0,$-0,$0,$0,$0,$-0,$-0,$-0,$0,$-0,$-1,$0,$-0
26,2011-12-31,2.23,$5.36,0.42,$21.54,0.1,$0.44,5.02,$0.12,18.59,$0.04B,$0.02B,2.28,$0.00B,$0.02B,0.0,$0.08B,$0.02B,22.67%,$0.08B,$0.00B,1.33%,$0.08B,$0.00B,1.33%,$0.08B,$0.00B,2.67%,$0.08B,$0.00B,1.33%,$0.08B,0,0.00%,$0.00B,$0.02B,0.00%,$0.00B,$0.02B,0.00%,$0.00B,$0.05B,0.00%,$0.00B,$0.02B,5.41%,$21,$16,$5,$0,$4,$20,$1,$-0,$1,$0,$0,$0,$0,$1,$1,$3,3,$0.14,$0.13,$15,$5,$2,$40,$1,$0,$1,$3,$5,$45,$17,$0,$0,$9,$27,$0,$13,$-6,$18,$45,$0,$0,$0,$0,$-4,$2,$0,$0,$-2,$-1,$-0,$0,$0,$0,$0,$0,$-0,$-0,$0,$0,$0,$-0,$-0,$0,$0,$-0,$-1,$0,$0
27,2011-09-30,2.43,$5.24,0.46,$21.19,0.11,$0.94,2.59,$0.10,24.25,$0.04B,$0.02B,2.39,$0.00B,$0.02B,0.0,$0.08B,$0.02B,22.67%,$0.08B,$0.00B,1.33%,$0.08B,$0.00B,1.33%,$0.08B,$0.00B,2.67%,$0.08B,$0.00B,1.33%,$0.08B,0,0.00%,$0.00B,$0.02B,0.00%,$0.00B,$0.02B,0.00%,$0.00B,$0.04B,0.00%,$0.00B,$0.02B,5.33%,$17,$13,$4,$0,$4,$17,$0,$-0,$-0,$0,$-0,$-0,$-0,$0,$0,$3,3,$-0.02,$-0.03,$16,$7,$2,$38,$1,$0,$1,$3,$5,$43,$16,$0,$0,$9,$25,$0,$13,$-6,$18,$43,$0,$0,$0,$1,$-1,$-1,$0,$0,$0,$2,$-0,$0,$0,$0,$0,$0,$-0,$-0,$-0,$0,$-0,$-1,$-1,$0,$0,$-1,$0,$0,$0
28,2011-06-30,3.02,$5.43,0.56,$22.17,0.14,$-0.09,0.0,$0.14,21.58,$0.04B,$0.01B,2.71,$0.00B,$0.02B,0.0,$0.08B,$0.02B,22.78%,$0.08B,$0.00B,1.27%,$0.08B,$0.00B,1.27%,$0.08B,$0.00B,2.53%,$0.08B,$0.00B,1.27%,$0.08B,0,0.00%,$0.00B,$0.02B,0.00%,$0.00B,$0.02B,0.00%,$0.00B,$0.04B,0.00%,$0.00B,$0.02B,5.26%,$19,$15,$4,$0,$3,$19,$-0,$-0,$-0,$-0,$-0,$-0,$-0,$-0,$-0,$3,3,$-0.06,$-0.06,$17,$6,$2,$36,$1,$0,$1,$3,$6,$41,$13,$0,$0,$9,$23,$0,$13,$-5,$19,$41,$0,$0,$0,$0,$2,$0,$0,$0,$2,$2,$-0,$0,$0,$0,$0,$0,$-0,$-0,$0,$0,$0,$-0,$-0,$0,$0,$-0,$2,$0,$0
29,2011-03-31,3.17,$5.44,0.58,$24.25,0.13,$-0.67,0.0,$0.37,8.58,$0.04B,$0.02B,2.49,$0.00B,$0.02B,0.0,$0.09B,$0.02B,21.84%,$0.09B,$0.00B,2.30%,$0.09B,$0.00B,2.30%,$0.09B,$0.00B,3.45%,$0.09B,$0.00B,2.30%,$0.09B,$0.00B,1.15%,$0.00B,$0.02B,5.33%,$0.00B,$0.02B,5.56%,$0.00B,$0.04B,2.34%,$0.00B,$0.02B,10.53%,$18,$13,$4,$1,$3,$17,$0,$-0,$0,$0,$0,$0,$0,$1,$0,$3,3,$0.08,$0.08,$14,$8,$2,$38,$1,$0,$1,$3,$6,$43,$15,$0,$0,$9,$24,$0,$13,$-5,$19,$43,$1,$0,$0,$0,$-0,$-2,$0,$0,$-2,$-1,$-0,$0,$0,$0,$0,$0,$-0,$-0,$0,$0,$0,$-0,$-0,$0,$0,$-0,$-1,$0,$0
30,2010-12-31,2.56,$5.31,0.48,$25.85,0.1,$-2.10,0.0,$0.57,4.5,$0.04B,$0.01B,2.6,$0.00B,$0.02B,0.0,$0.09B,$0.02B,21.51%,$0.09B,$0.00B,4.30%,$0.09B,$0.00B,4.30%,$0.09B,$0.00B,4.30%,$0.09B,$0.00B,4.30%,$0.09B,$0.00B,2.15%,$0.00B,$0.02B,10.67%,$0.00B,$0.02B,11.11%,$0.00B,$0.04B,4.71%,$0.00B,$0.02B,21.05%,$21,$16,$5,$1,$3,$20,$1,$-0,$1,$0,$0,$0,$0,$1,$1,$3,4,$0.11,$0.11,$16,$6,$2,$36,$1,$0,$1,$3,$5,$42,$14,$0,$0,$9,$23,$0,$13,$-5,$19,$42,$0,$0,$0,$0,$1,$-0,$0,$-0,$0,$1,$-0,$0,$0,$0,$0,$0,$-0,$-0,$0,$0,$0,$-0,$-0,$0,$0,$-0,$0,$0,$0
31,2010-09-30,2.98,$5.25,0.57,$25.27,0.12,$-3.44,0.0,$0.25,11.92,$0.04B,$0.01B,2.58,$0.00B,$0.02B,0.0,$0.09B,$0.02B,18.68%,$0.09B,$0.00B,2.20%,$0.09B,$0.00B,2.20%,$0.09B,$0.00B,2.20%,$0.09B,$0.00B,2.20%,$0.09B,$0.00B,1.10%,$0.00B,$0.02B,5.41%,$0.00B,$0.02B,5.63%,$0.00B,$0.04B,2.37%,$0.00B,$0.02B,10.67%,$21,$16,$5,$1,$4,$20,$0,$0,$0,$0,$0,$0,$0,$0,$0,$4,4,$0.02,$0.02,$16,$6,$2,$36,$1,$0,$1,$3,$5,$41,$14,$0,$0,$9,$23,$0,$13,$-5,$18,$41,$1,$1,$-0,$0,$-5,$0,$0,$1,$-3,$-2,$-0,$0,$0,$0,$0,$0,$-0,$-1,$0,$0,$0,$-0,$-0,$0,$0,$-0,$-3,$0,$0
32,2010-06-30,2.97,$5.32,0.56,$24.58,0.12,$-1.93,0.0,$-0.78,0.0,$0.04B,$0.02B,2.26,$0.00B,$0.02B,0.0,$0.09B,$0.02B,17.05%,$0.09B,$-0.00B,-3.41%,$0.09B,$-0.00B,-3.41%,$0.09B,$0.00B,1.14%,$0.09B,$-0.00B,-3.41%,$0.09B,$-0.00B,-3.41%,$-0.00B,$0.02B,-16.00%,$-0.00B,$0.02B,-16.90%,$-0.00B,$0.05B,-7.14%,$-0.00B,$0.02B,-16.00%,$27,$22,$5,$0,$4,$26,$1,$-0,$1,$0,$1,$1,$1,$1,$1,$4,4,$0.17,$0.17,$18,$7,$2,$40,$1,$0,$1,$3,$5,$45,$18,$0,$0,$8,$25,$0,$12,$-5,$19,$45,$1,$0,$-0,$0,$-5,$-1,$0,$0,$-1,$0,$-0,$0,$0,$0,$-1,$-1,$-0,$-2,$0,$0,$0,$-0,$-0,$0,$0,$-0,$-2,$0,$0
33,2010-03-31,2.49,$5.22,0.48,$22.31,0.11,$-1.51,0.0,$-1.16,0.0,$0.04B,$0.02B,2.54,$0.00B,$0.02B,0.0,$0.08B,$0.01B,16.25%,$0.08B,$-0.01B,-6.25%,$0.08B,$-0.01B,-6.25%,$0.08B,$-0.00B,-1.25%,$0.08B,$-0.01B,-6.25%,$0.08B,$-0.01B,-6.25%,$-0.01B,$0.02B,-25.32%,$-0.01B,$0.02B,-28.17%,$-0.01B,$0.04B,-11.98%,$-0.01B,$0.02B,-25.32%,$24,$18,$5,$0,$3,$22,$2,$-0,$2,$1,$1,$1,$1,$2,$2,$4,4,$0.28,$0.27,$12,$7,$2,$37,$1,$0,$1,$3,$5,$42,$15,$0,$0,$8,$23,$0,$12,$-5,$19,$42,$0,$0,$-0,$0,$-8,$-1,$0,$1,$-6,$-6,$-0,$0,$0,$0,$0,$0,$-0,$-0,$0,$0,$0,$0,$0,$0,$0,$0,$-7,$0,$0
34,2009-12-31,2.54,$5.02,0.51,$21.85,0.12,$0.02,150.05,$-1.36,0.0,$0.04B,$0.01B,2.53,$0.00B,$0.02B,0.0,$0.08B,$0.01B,15.19%,$0.08B,$-0.01B,-8.86%,$0.08B,$-0.01B,-8.86%,$0.08B,$-0.00B,-3.80%,$0.08B,$-0.01B,-8.86%,$0.08B,$-0.01B,-7.59%,$-0.01B,$0.02B,-28.92%,$-0.01B,$0.02B,-33.80%,$-0.01B,$0.04B,-14.04%,$-0.01B,$0.02B,-33.73%,$19,$16,$2,$0,$3,$20,$-1,$-0,$-1,$-1,$-1,$-1,$-1,$-1,$-1,$4,4,$-0.21,$-0.21,$15,$7,$1,$36,$1,$0,$1,$3,$5,$41,$14,$0,$0,$9,$23,$0,$11,$-4,$18,$41,$-1,$0,$-0,$0,$-3,$-1,$0,$-0,$-3,$-4,$-0,$0,$0,$0,$0,$0,$-0,$-0,$0,$0,$0,$0,$0,$0,$0,$0,$-4,$0,$0
35,2009-09-30,2.51,$5.28,0.48,$22.97,0.11,$0.74,3.39,$-1.05,0.0,$0.04B,$0.01B,2.73,$0.00B,$0.02B,0.0,$0.08B,$0.02B,17.86%,$0.08B,$-0.01B,-7.14%,$0.08B,$-0.01B,-7.14%,$0.08B,$-0.00B,-1.19%,$0.08B,$-0.01B,-5.95%,$0.08B,$-0.01B,-5.95%,$-0.01B,$0.02B,-22.47%,$-0.01B,$0.02B,-27.40%,$-0.01B,$0.04B,-11.43%,$-0.01B,$0.02B,-26.97%,$18,$15,$3,$0,$4,$23,$-5,$-0,$-5,$-1,$-4,$-4,$-4,$-1,$-5,$4,4,$-0.99,$-0.99,$19,$6,$2,$36,$1,$0,$1,$3,$5,$40,$13,$0,$0,$9,$22,$0,$12,$-4,$19,$40,$-4,$5,$-0,$4,$4,$2,$0,$-2,$3,$3,$-0,$0,$0,$0,$5,$5,$-0,$4,$0,$-2,$-2,$-1,$-1,$0,$0,$-2,$5,$0,$0
36,2009-06-30,2.46,$6.47,0.38,$22.68,0.11,$-0.28,0.0,$-0.12,0.0,$0.04B,$0.01B,2.7,$0.00B,$0.02B,0.0,$0.08B,$0.02B,17.86%,$0.08B,$-0.00B,-2.38%,$0.08B,$-0.00B,-2.38%,$0.08B,$-0.00B,-1.19%,$0.08B,$-0.00B,-1.19%,$0.08B,$-0.00B,-1.19%,$-0.00B,$0.02B,-4.26%,$-0.00B,$0.02B,-5.41%,$-0.00B,$0.04B,-2.16%,$-0.00B,$0.02B,-8.51%,$19,$16,$3,$1,$3,$20,$-1,$-0,$-1,$-0,$-1,$-1,$-1,$-1,$-1,$4,4,$-0.21,$-0.21,$17,$7,$2,$36,$1,$0,$5,$3,$9,$44,$13,$0,$0,$8,$21,$0,$15,$-4,$23,$44,$-0,$0,$0,$0,$2,$1,$0,$-1,$2,$2,$-0,$0,$0,$0,$5,$5,$-0,$5,$0,$-2,$-2,$-1,$-1,$0,$0,$-2,$4,$0,$0
37,2009-03-31,1.97,$6.58,0.3,$22.46,0.09,$-0.75,0.0,$0.09,21.94,$0.04B,$0.02B,2.51,$0.00B,$0.02B,0.0,$0.08B,$0.02B,17.86%,$0.08B,$-0.00B,-1.19%,$0.08B,$-0.00B,-1.19%,$0.08B,0,0.00%,$0.08B,0,0.00%,$0.08B,0,0.00%,$0.00B,$0.02B,0.00%,$0.00B,$0.02B,0.00%,$0.00B,$0.05B,0.00%,$-0.00B,$0.02B,-4.12%,$23,$19,$4,$0,$3,$22,$0,$-0,$0,$0,$0,$0,$0,$0,$0,$4,4,$0.06,$0.06,$14,$5,$2,$37,$1,$0,$5,$3,$9,$46,$15,$0,$0,$8,$23,$0,$16,$-4,$23,$46,$1,$0,$0,$1,$-4,$3,$0,$-1,$-2,$-0,$-0,$0,$0,$0,$5,$5,$-0,$5,$0,$-2,$-2,$-1,$-1,$0,$0,$-2,$1,$0,$0
38,2008-12-31,2.02,$6.34,0.32,$21.85,0.09,$-1.89,0.0,$0.06,33.61,$0.04B,$0.01B,2.67,$0.00B,$0.02B,0.0,$0.08B,$0.02B,18.07%,$0.08B,$-0.00B,-1.20%,$0.08B,$-0.00B,-1.20%,$0.08B,0,0.00%,$0.08B,0,0.00%,$0.08B,0,0.00%,$0.00B,$0.02B,0.00%,$0.00B,$0.02B,0.00%,$0.00B,$0.05B,0.00%,$-0.00B,$0.02B,-4.00%,$24,$19,$5,$1,$4,$24,$0,$0,$1,$0,$0,$0,$0,$1,$0,$4,4,$0.09,$0.09,$14,$7,$1,$37,$1,$0,$5,$3,$9,$45,$14,$0,$0,$8,$22,$0,$16,$-4,$24,$45,$0,$0,$0,$0,$-1,$1,$0,$-1,$-2,$-1,$-0,$0,$0,$0,$4,$4,$-0,$3,$0,$-2,$-2,$-0,$-0,$0,$0,$-2,$-1,$0,$0
39,2008-09-30,3.65,$6.37,0.57,$20.18,0.18,$-1.71,0.0,$-0.11,0.0,$0.04B,$0.02B,2.33,$0.00B,$0.02B,0.0,$0.08B,$0.01B,16.88%,$0.08B,$-0.00B,-2.60%,$0.08B,$-0.00B,-2.60%,$0.08B,$-0.00B,-1.30%,$0.08B,$-0.00B,-1.30%,$0.08B,0,0.00%,$0.00B,$0.02B,0.00%,$0.00B,$0.02B,0.00%,$0.00B,$0.05B,0.00%,$-0.00B,$0.02B,-7.92%,$18,$15,$3,$1,$3,$19,$-1,$0,$-1,$-0,$-0,$-0,$-0,$-1,$-1,$4,4,$-0.09,$-0.09,$18,$8,$1,$41,$1,$0,$5,$3,$9,$50,$18,$0,$0,$8,$26,$0,$15,$-3,$24,$50,$-0,$1,$0,$1,$-0,$-2,$0,$0,$-1,$-0,$-0,$0,$-2,$0,$3,$3,$-0,$-0,$0,$2,$2,$-0,$-0,$0,$0,$1,$-0,$0,$0
40,2008-06-30,4.12,$6.84,0.6,$22.56,0.18,$0.73,5.62,$0.47,8.77,$0.04B,$0.01B,2.58,$0.00B,$0.03B,0.0,$0.09B,$0.02B,20.69%,$0.09B,$0.00B,2.30%,$0.09B,$0.00B,2.30%,$0.09B,$0.00B,3.45%,$0.09B,$0.00B,3.45%,$0.09B,$0.00B,2.30%,$0.00B,$0.03B,7.84%,$0.00B,$0.02B,8.70%,$0.00B,$0.05B,4.30%,$0.00B,$0.03B,7.84%,$19,$16,$3,$0,$3,$19,$-0,$0,$-0,$-0,$-0,$-0,$-0,$-0,$-0,$4,4,$-0.00,$-0.00,$16,$7,$2,$36,$1,$5,$3,$3,$11,$48,$14,$0,$0,$8,$22,$0,$16,$-2,$26,$48,$-0,$0,$0,$1,$1,$-0,$0,$-1,$-0,$0,$-0,$0,$0,$0,$2,$2,$-0,$2,$0,$0,$0,$-0,$-0,$0,$0,$-0,$2,$0,$0
41,2008-03-31,4.18,$6.81,0.61,$24.03,0.17,$1.31,3.19,$0.69,6.05,$0.04B,$0.01B,2.6,$0.00B,$0.03B,0.0,$0.09B,$0.02B,22.34%,$0.09B,$0.00B,3.19%,$0.09B,$0.00B,3.19%,$0.09B,$0.00B,4.26%,$0.09B,$0.01B,5.32%,$0.09B,$0.00B,3.19%,$0.00B,$0.03B,12.24%,$0.00B,$0.02B,13.64%,$0.00B,$0.05B,6.52%,$0.00B,$0.03B,12.24%,$22,$17,$4,$1,$4,$22,$0,$0,$0,$0,$0,$0,$0,$0,$0,$4,4,$0.05,$0.05,$11,$6,$2,$36,$1,$5,$3,$2,$11,$48,$14,$0,$0,$8,$22,$0,$16,$-2,$26,$48,$-0,$0,$0,$0,$-5,$0,$0,$-0,$-5,$-5,$-0,$0,$0,$0,$1,$1,$-0,$0,$0,$0,$0,$-0,$-0,$0,$0,$-0,$-5,$0,$0
42,2007-12-31,4.64,$6.71,0.69,$23.22,0.2,$2.93,1.58,$0.71,6.53,$0.04B,$0.01B,3.43,$0.00B,$0.03B,0.0,$0.09B,$0.02B,23.08%,$0.09B,$0.00B,3.30%,$0.09B,$0.00B,3.30%,$0.09B,$0.01B,5.49%,$0.09B,$0.01B,5.49%,$0.09B,$0.00B,3.30%,$0.00B,$0.03B,12.90%,$0.00B,$0.02B,14.46%,$0.00B,$0.04B,6.70%,$0.00B,$0.03B,12.90%,$18,$15,$3,$1,$3,$18,$-1,$0,$-0,$-0,$-0,$-0,$-0,$-0,$-1,$4,4,$-0.07,$-0.07,$20,$6,$1,$37,$1,$0,$3,$2,$7,$44,$11,$0,$0,$8,$18,$0,$16,$-2,$25,$44,$-0,$0,$0,$0,$1,$0,$0,$-1,$-1,$-1,$-0,$0,$0,$0,$2,$2,$-0,$2,$0,$0,$0,$-0,$-0,$0,$0,$-0,$1,$0,$0
43,2007-09-30,5.36,$6.65,0.81,$23.93,0.22,$4.02,1.33,$1.03,5.2,$0.04B,$0.01B,2.88,$0.00B,$0.03B,0.0,$0.09B,$0.02B,25.53%,$0.09B,$0.01B,6.38%,$0.09B,$0.01B,6.38%,$0.09B,$0.01B,7.45%,$0.09B,$0.01B,7.45%,$0.09B,$0.00B,4.26%,$0.00B,$0.03B,18.18%,$0.00B,$0.02B,20.78%,$0.00B,$0.05B,9.20%,$0.01B,$0.03B,27.27%,$28,$20,$8,$1,$4,$25,$3,$0,$3,$1,$2,$2,$2,$3,$3,$4,4,$0.51,$0.49,$21,$6,$2,$40,$1,$0,$3,$2,$6,$46,$14,$0,$0,$7,$21,$0,$15,$-2,$25,$46,$4,$1,$2,$2,$0,$1,$0,$1,$3,$9,$-1,$0,$0,$0,$-6,$-6,$0,$-6,$0,$0,$0,$0,$0,$0,$0,$0,$5,$0,$0
44,2007-06-30,6.26,$5.80,1.08,$21.41,0.29,$1.07,5.83,$0.94,6.66,$0.04B,$0.02B,2.54,$0.00B,$0.02B,0.0,$0.08B,$0.02B,23.81%,$0.08B,$0.00B,3.57%,$0.08B,$0.00B,3.57%,$0.08B,$0.00B,4.76%,$0.08B,$0.00B,4.76%,$0.08B,$0.00B,4.76%,$0.00B,$0.02B,19.51%,$0.00B,$0.02B,22.86%,$0.00B,$0.05B,9.64%,$0.00B,$0.02B,14.63%,$26,$20,$6,$1,$4,$25,$1,$0,$2,$1,$1,$1,$1,$1,$1,$4,4,$0.23,$0.22,$14,$9,$2,$39,$1,$0,$3,$2,$6,$46,$15,$0,$0,$8,$23,$0,$13,$-3,$22,$46,$2,$0,$1,$2,$-2,$-2,$0,$1,$-1,$3,$-0,$0,$0,$0,$-1,$-1,$-0,$-2,$0,$0,$0,$1,$1,$0,$0,$1,$2,$0,$0
45,2007-03-31,6.4,$5.52,1.16,$19.90,0.32,$0.55,11.68,$0.71,9.01,$0.04B,$0.01B,2.57,$0.00B,$0.02B,0.0,$0.08B,$0.02B,22.08%,$0.08B,$0.00B,2.60%,$0.08B,$0.00B,2.60%,$0.08B,$0.00B,3.90%,$0.08B,$0.00B,2.60%,$0.08B,$0.00B,3.90%,$0.00B,$0.02B,15.58%,$0.00B,$0.02B,18.46%,$0.00B,$0.04B,7.59%,$0.00B,$0.02B,10.39%,$19,$15,$4,$1,$3,$18,$0,$0,$0,$0,$0,$0,$0,$1,$0,$4,4,$0.07,$0.07,$13,$9,$2,$36,$1,$0,$3,$3,$7,$43,$14,$0,$0,$8,$22,$0,$12,$-3,$21,$43,$1,$0,$1,$1,$-0,$-2,$0,$1,$-1,$2,$-0,$0,$0,$0,$-1,$-1,$-0,$-1,$0,$0,$0,$0,$0,$0,$0,$0,$1,$0,$0
46,2006-12-31,5.67,$5.43,1.04,$19.78,0.29,$0.15,37.02,$0.91,6.23,$0.03B,$0.01B,2.89,$0.00B,$0.02B,0.0,$0.08B,$0.02B,23.68%,$0.08B,$0.00B,3.95%,$0.08B,$0.00B,3.95%,$0.08B,$0.00B,3.95%,$0.08B,$0.00B,3.95%,$0.08B,$0.00B,5.26%,$0.00B,$0.02B,21.92%,$0.00B,$0.02B,26.23%,$0.00B,$0.04B,10.60%,$0.00B,$0.02B,16.44%,$21,$15,$6,$1,$3,$19,$2,$0,$2,$1,$1,$1,$1,$2,$2,$4,4,$0.26,$0.25,$15,$8,$1,$32,$1,$0,$3,$3,$7,$39,$11,$0,$0,$8,$19,$0,$12,$-3,$20,$39,$1,$0,$0,$1,$3,$-0,$0,$-0,$2,$3,$-0,$0,$0,$0,$-1,$-1,$-0,$-2,$0,$0,$0,$0,$0,$0,$0,$0,$2,$0,$0
