,Date,Stock Price,Book Value per Share,Price to Book Ratio,TTM Sales per Share,Price to Sales Ratio,TTM FCF per Share,Price to FCF Ratio,TTM Net EPS,PE Ratio,Current Assets,Current Liabilities,Current Ratio,Long Term Debt,Shareholder's Equity_x,Debt to Equity Ratio,TTM Revenue_x,TTM Gross Profit,Gross Margin,TTM Revenue_y,TTM Operating Income,Operating Margin,TTM Revenue_x,TTM EBIT,EBIT Margin,TTM Revenue_y,TTM EBITDA,EBITDA Margin,TTM Revenue_x,TTM Pre-Tax Income,Pre-Tax Margin,TTM Revenue_y,TTM Net Income_x,Net Margin,TTM Net Income_y,Shareholder's Equity_y,Return on Equity,TTM Net Income_x,Tangible Equity,Return on Tangible Equity,TTM Net Income_y,Total Assets,Return on Assets,TTM Net Income,LT Investments & Debt,Return on Investment,revenue,cost-goods-sold,gross-profit,research-development-expenses,selling-general-administrative-expenses,operating-expenses,operating-income,total-non-operating-income-expense,pre-tax-income,total-provision-income-taxes,income-after-taxes,income-from-continuous-operations,net-income,ebitda,ebit,basic-shares-outstanding,shares-outstanding,eps-basic-net-earnings-per-share,eps-earnings-per-share-diluted,cash-on-hand,inventory,other-current-assets,total-current-assets,net-property-plant-equipment,long-term-investments,goodwill-intangible-assets-total,other-long-term-assets,total-long-term-assets,total-assets,total-current-liabilities,long-term-debt,other-non-current-liabilities,total-long-term-liabilities,total-liabilities,common-stock-net,retained-earnings-accumulated-deficit,comprehensive-income,total-share-holder-equity,total-liabilities-share-holders-equity,net-income-loss,total-depreciation-amortization-cash-flow,other-non-cash-items,total-non-cash-items,change-in-accounts-receivable,change-in-inventories,change-in-accounts-payable,change-in-assets-liabilities,total-change-in-assets-liabilities,cash-flow-from-operating-activities,net-change-in-property-plant-equipment,net-change-in-intangible-assets,net-acquisitions-divestitures,net-change-in-short-term-investments,net-change-in-long-term-investments,net-change-in-investments-total,investing-activities-other,cash-flow-from-investing-activities,net-long-term-debt,net-current-debt,debt-issuance-retirement-net-total,net-common-equity-issued-repurchased,net-total-equity-issued-repurchased,total-common-preferred-stock-dividends-paid,financial-activities-other,cash-flow-from-financial-activities,net-cash-flow,stock-based-compensation,common-stock-dividends-paid
0,2018-09-30,9.44,$1.91,4.94,$15.55,0.61,$0.94,10.09,$-0.76,0.0,$0.05B,$0.08B,0.62,$0.97B,$0.06B,16.28,$0.46B,$0.17B,36.93%,$0.46B,$0.02B,4.10%,$0.46B,$0.02B,4.10%,$0.46B,$0.08B,17.71%,$0.46B,$-0.03B,-6.70%,$0.46B,$-0.03B,-7.13%,$-0.03B,$0.06B,-46.48%,$-0.03B,$0.06B,-46.48%,$-0.03B,$1.14B,-2.85%,$0.02B,$1.03B,1.81%,$116,$76,$39,$0,$8,$114,$2,$-13,$-11,$0,$-11,$-11,$-11,$18,$2,$30,30,$-0.37,$-0.37,$23,$0,$12,$52,$1071,$0,$0,$17,$1088,$1140,$84,$973,$13,$996,$1080,$0,$-123,$0,$60,$1140,$-27,$47,$8,$56,$-2,$0,$1,$-0,$-1,$27,$-18,$0,$0,$0,$0,$0,$0,$-18,$-17,$0,$-17,$0,$0,$0,$-0,$-17,$-8,$7,$0
1,2018-06-30,10.67,$2.20,4.84,$15.66,0.68,$1.05,10.19,$-1.04,0.0,$0.06B,$0.08B,0.68,$0.98B,$0.07B,14.22,$0.46B,$0.18B,37.72%,$0.46B,$0.02B,4.74%,$0.46B,$0.02B,4.74%,$0.46B,$0.09B,18.53%,$0.46B,$-0.03B,-6.03%,$0.46B,$-0.03B,-6.47%,$-0.03B,$0.07B,-38.83%,$-0.03B,$0.07B,-38.83%,$-0.03B,$1.15B,-2.57%,$0.02B,$1.05B,2.07%,$115,$73,$42,$0,$8,$111,$4,$-13,$-9,$0,$-9,$-9,$-9,$19,$4,$30,30,$-0.30,$-0.30,$24,$0,$11,$56,$1080,$0,$0,$18,$1098,$1154,$83,$978,$13,$1002,$1085,$0,$-112,$0,$69,$1154,$-16,$31,$6,$37,$-3,$0,$-1,$-1,$-6,$15,$-11,$0,$0,$0,$0,$0,$0,$-11,$-11,$0,$-11,$0,$0,$0,$-0,$-11,$-7,$5,$0
2,2018-03-31,10.75,$2.42,4.45,$15.78,0.68,$1.35,7.99,$-1.01,0.0,$0.05B,$0.08B,0.7,$0.98B,$0.08B,13.06,$0.47B,$0.18B,37.77%,$0.47B,$0.02B,4.94%,$0.47B,$0.02B,4.94%,$0.47B,$0.09B,19.10%,$0.47B,$-0.03B,-5.79%,$0.47B,$-0.03B,-6.22%,$-0.03B,$0.08B,-35.05%,$-0.03B,$0.08B,-35.05%,$-0.03B,$1.16B,-2.47%,$0.02B,$1.06B,2.15%,$115,$72,$43,$0,$8,$109,$5,$-12,$-7,$0,$-7,$-7,$-7,$21,$5,$30,30,$-0.24,$-0.24,$23,$0,$9,$52,$1090,$0,$0,$18,$1108,$1161,$75,$982,$16,$1010,$1085,$0,$-103,$0,$75,$1161,$-7,$16,$2,$18,$-2,$0,$-4,$-1,$-6,$4,$-6,$0,$0,$0,$0,$0,$0,$-6,$-6,$0,$-6,$0,$0,$0,$-0,$-7,$-8,$2,$0
3,2017-12-31,13.49,$2.64,5.12,$15.87,0.85,$1.57,8.59,$-1.52,0.0,$0.06B,$0.09B,0.74,$0.99B,$0.08B,12.27,$0.47B,$0.18B,37.69%,$0.47B,$0.01B,1.71%,$0.47B,$0.01B,1.71%,$0.47B,$0.08B,16.27%,$0.47B,$-0.04B,-8.99%,$0.47B,$-0.04B,-9.42%,$-0.04B,$0.08B,-49.86%,$-0.04B,$0.08B,-49.86%,$-0.04B,$1.18B,-3.72%,$0.01B,$1.07B,0.74%,$117,$70,$47,$0,$8,$109,$8,$-13,$-4,$2,$-6,$-6,$-6,$24,$8,$29,29,$-0.20,$-0.20,$31,$0,$14,$64,$1100,$0,$0,$19,$1119,$1183,$87,$987,$16,$1015,$1102,$0,$-96,$0,$80,$1183,$-44,$67,$29,$96,$-8,$0,$3,$9,$4,$56,$-40,$0,$-85,$0,$0,$0,$0,$-125,$54,$0,$54,$0,$0,$0,$-1,$53,$-16,$8,$0
4,2017-09-30,12.55,$2.79,4.5,$15.90,0.79,$0.69,18.11,$-1.66,0.0,$0.05B,$0.08B,0.64,$0.99B,$0.09B,11.6,$0.47B,$0.17B,37.34%,$0.47B,$0.00B,0.21%,$0.47B,$0.00B,0.21%,$0.47B,$0.07B,14.81%,$0.47B,$-0.05B,-10.30%,$0.47B,$-0.05B,-10.52%,$-0.05B,$0.09B,-50.26%,$-0.05B,$0.09B,-50.26%,$-0.05B,$1.17B,-4.17%,$0.00B,$1.07B,0.09%,$117,$75,$43,$0,$7,$113,$5,$-13,$-8,$0,$-8,$-8,$-8,$22,$5,$30,30,$-0.28,$-0.28,$23,$0,$13,$48,$1105,$0,$0,$18,$1124,$1172,$76,$985,$15,$1011,$1087,$0,$-90,$0,$85,$1172,$-38,$52,$24,$76,$-4,$0,$-1,$9,$4,$42,$-30,$0,$-85,$0,$0,$0,$0,$-115,$49,$0,$49,$0,$0,$0,$-1,$48,$-25,$6,$0
5,2017-06-30,15.21,$3.03,5.02,$15.77,0.96,$-0.09,0.0,$-1.62,0.0,$0.06B,$0.08B,0.69,$0.99B,$0.09B,10.87,$0.46B,$0.17B,37.61%,$0.46B,0,0.00%,$0.46B,0,0.00%,$0.46B,$0.07B,14.13%,$0.46B,$-0.05B,-10.22%,$0.46B,$-0.05B,-10.43%,$-0.05B,$0.09B,-44.86%,$-0.05B,$0.09B,-44.86%,$-0.05B,$1.19B,-4.14%,$0.00B,$1.08B,0.00%,$117,$73,$43,$0,$8,$112,$5,$-12,$-8,$0,$-8,$-8,$-8,$22,$5,$29,29,$-0.27,$-0.27,$30,$0,$11,$56,$1112,$0,$0,$20,$1132,$1188,$81,$990,$15,$1016,$1097,$0,$-81,$0,$91,$1188,$-30,$35,$21,$56,$-4,$0,$3,$10,$9,$35,$-22,$0,$-85,$0,$0,$0,$0,$-107,$55,$0,$55,$0,$0,$0,$-1,$54,$-18,$4,$0
6,2017-03-31,14.06,$3.20,4.39,$15.65,0.9,$-0.68,0.0,$-1.50,0.0,$0.05B,$0.08B,0.68,$1.00B,$0.10B,10.25,$0.45B,$0.17B,38.33%,$0.45B,$0.00B,0.22%,$0.45B,$0.00B,0.22%,$0.45B,$0.06B,14.10%,$0.45B,$-0.04B,-9.47%,$0.45B,$-0.04B,-9.69%,$-0.04B,$0.10B,-37.85%,$-0.04B,$0.10B,-37.85%,$-0.04B,$1.19B,-3.90%,$0.00B,$1.09B,0.10%,$116,$73,$43,$0,$8,$126,$-10,$-12,$-22,$0,$-22,$-22,$-22,$8,$-10,$29,29,$-0.75,$-0.75,$26,$0,$10,$51,$1117,$0,$0,$23,$1141,$1191,$75,$995,$14,$1020,$1094,$0,$-74,$0,$97,$1191,$-22,$18,$18,$35,$-1,$0,$2,$3,$5,$18,$-13,$0,$-85,$0,$0,$0,$0,$-98,$59,$0,$59,$0,$0,$0,$-1,$58,$-21,$2,$0
7,2016-12-31,16.05,$3.90,4.12,$15.49,1.04,$-0.80,0.0,$-0.96,0.0,$0.08B,$0.08B,1.01,$0.92B,$0.12B,7.87,$0.45B,$0.17B,38.93%,$0.45B,$0.02B,3.36%,$0.45B,$0.02B,3.36%,$0.45B,$0.08B,16.78%,$0.45B,$-0.03B,-6.04%,$0.45B,$-0.03B,-6.26%,$-0.03B,$0.12B,-22.49%,$-0.03B,$0.12B,-22.49%,$-0.03B,$1.15B,-2.56%,$0.02B,$1.04B,1.50%,$116,$71,$45,$0,$11,$115,$1,$-11,$-10,$0,$-11,$-11,$-11,$17,$1,$29,29,$-0.37,$-0.37,$47,$0,$15,$82,$1032,$0,$0,$31,$1064,$1146,$81,$920,$15,$947,$1029,$0,$-52,$0,$117,$1146,$-28,$62,$21,$82,$-15,$0,$2,$11,$-2,$52,$-62,$0,$-139,$0,$0,$0,$0,$-201,$132,$0,$132,$-2,$-2,$0,$-3,$127,$-22,$12,$0
8,2016-09-30,16.8,$4.11,4.09,$15.23,1.1,$1.29,13.07,$-0.81,0.0,$0.07B,$0.07B,1.03,$0.89B,$0.12B,7.2,$0.44B,$0.17B,39.18%,$0.44B,$0.02B,4.56%,$0.44B,$0.02B,4.56%,$0.44B,$0.08B,17.77%,$0.44B,$-0.02B,-5.24%,$0.44B,$-0.02B,-5.24%,$-0.02B,$0.12B,-17.79%,$-0.02B,$0.12B,-17.79%,$-0.02B,$1.11B,-2.16%,$0.02B,$1.01B,2.06%,$111,$70,$42,$0,$8,$108,$4,$-11,$-7,$0,$-7,$-7,$-7,$18,$4,$29,29,$-0.24,$-0.24,$43,$0,$13,$74,$1005,$0,$0,$30,$1035,$1108,$72,$888,$13,$913,$985,$0,$-41,$0,$123,$1108,$-18,$45,$15,$59,$-9,$0,$-1,$5,$-5,$37,$-47,$0,$-110,$0,$0,$0,$0,$-157,$99,$0,$99,$-2,$-2,$0,$-2,$94,$-26,$7,$0
9,2016-06-30,17.67,$4.26,4.15,$15.02,1.18,$3.47,5.09,$-0.47,0.0,$0.09B,$0.07B,1.22,$0.85B,$0.13B,6.66,$0.43B,$0.17B,39.58%,$0.43B,$0.02B,5.09%,$0.43B,$0.02B,5.09%,$0.43B,$0.08B,18.29%,$0.43B,$-0.01B,-3.01%,$0.43B,$-0.01B,-3.01%,$-0.01B,$0.13B,-9.74%,$-0.01B,$0.13B,-9.74%,$-0.01B,$1.07B,-1.27%,$0.02B,$0.98B,2.35%,$111,$67,$44,$0,$7,$105,$6,$-10,$-4,$0,$-4,$-4,$-4,$21,$6,$29,29,$-0.15,$-0.15,$58,$0,$11,$85,$958,$0,$0,$29,$987,$1072,$69,$851,$10,$875,$944,$0,$-34,$0,$128,$1072,$-10,$30,$10,$40,$-6,$0,$-2,$4,$-4,$25,$-30,$0,$-65,$0,$0,$0,$0,$-94,$61,$0,$61,$-2,$-2,$0,$-1,$58,$-12,$5,$0
10,2016-03-31,18.52,$4.33,4.27,$14.72,1.26,$5.04,3.67,$-0.50,0.0,$0.07B,$0.07B,1.02,$0.84B,$0.13B,6.44,$0.42B,$0.17B,39.72%,$0.42B,$0.02B,4.73%,$0.42B,$0.02B,4.73%,$0.42B,$0.08B,17.97%,$0.42B,$-0.01B,-3.31%,$0.42B,$-0.01B,-3.31%,$-0.01B,$0.13B,-10.35%,$-0.01B,$0.13B,-10.35%,$-0.01B,$1.05B,-1.42%,$0.02B,$0.97B,2.22%,$109,$67,$43,$0,$9,$105,$4,$-10,$-6,$0,$-6,$-6,$-6,$19,$4,$29,29,$-0.21,$-0.21,$45,$0,$10,$68,$953,$0,$0,$31,$985,$1053,$67,$835,$7,$856,$923,$0,$-30,$0,$130,$1053,$-6,$15,$4,$19,$-2,$0,$-2,$7,$3,$16,$-14,$0,$-65,$0,$0,$0,$0,$-79,$42,$0,$42,$-2,$-2,$0,$-1,$38,$-24,$3,$0
11,2015-12-31,20.86,$4.60,4.54,$14.37,1.45,$6.48,3.22,$-0.50,0.0,$0.10B,$0.07B,1.38,$0.79B,$0.14B,5.85,$0.41B,$0.16B,39.71%,$0.41B,$0.02B,4.84%,$0.41B,$0.02B,4.84%,$0.41B,$0.07B,17.92%,$0.41B,$-0.01B,-3.39%,$0.41B,$-0.01B,-3.39%,$-0.01B,$0.14B,-10.22%,$-0.01B,$0.14B,-10.22%,$-0.01B,$1.02B,-1.47%,$0.02B,$0.93B,2.31%,$108,$64,$43,$0,$7,$102,$6,$-12,$-6,$0,$-6,$-6,$-6,$20,$6,$29,29,$-0.21,$-0.21,$69,$0,$14,$97,$891,$0,$0,$31,$922,$1019,$71,$794,$5,$813,$883,$0,$-24,$0,$136,$1019,$-14,$55,$8,$64,$-7,$0,$1,$5,$-1,$49,$1,$0,$-162,$0,$0,$0,$0,$-161,$134,$0,$134,$0,$0,$0,$-5,$129,$17,$9,$0
12,2015-09-30,20.05,$4.73,4.24,$14.17,1.42,$5.74,3.49,$-0.42,0.0,$0.07B,$0.07B,1.1,$0.74B,$0.14B,5.28,$0.41B,$0.16B,40.00%,$0.41B,$0.02B,4.69%,$0.41B,$0.02B,4.69%,$0.41B,$0.07B,18.27%,$0.41B,$-0.01B,-2.96%,$0.41B,$-0.01B,-2.96%,$-0.01B,$0.14B,-8.68%,$-0.01B,$0.14B,-8.68%,$-0.01B,$0.96B,-1.30%,$0.02B,$0.88B,2.30%,$104,$64,$41,$0,$7,$99,$6,$-3,$3,$0,$3,$3,$3,$19,$6,$29,29,$0.10,$0.10,$48,$0,$12,$73,$848,$0,$0,$38,$886,$959,$67,$737,$1,$753,$820,$0,$-18,$0,$140,$959,$-8,$41,$2,$43,$-3,$0,$-2,$3,$-2,$32,$20,$0,$-124,$0,$0,$0,$0,$-105,$71,$0,$71,$0,$0,$0,$-3,$68,$-5,$7,$0
13,2015-06-30,24.5,$4.56,5.37,$14.00,1.75,$4.68,5.23,$-0.72,0.0,$0.08B,$0.07B,1.06,$0.70B,$0.14B,5.2,$0.40B,$0.16B,39.85%,$0.40B,$0.02B,4.01%,$0.40B,$0.02B,4.01%,$0.40B,$0.07B,18.05%,$0.40B,$-0.02B,-5.26%,$0.40B,$-0.02B,-5.26%,$-0.02B,$0.14B,-15.11%,$-0.02B,$0.14B,-15.11%,$-0.02B,$0.92B,-2.33%,$0.02B,$0.83B,2.00%,$102,$61,$41,$0,$8,$98,$4,$-9,$-5,$0,$-5,$-5,$-5,$18,$4,$29,29,$-0.18,$-0.18,$52,$0,$11,$76,$811,$0,$0,$35,$846,$922,$71,$700,$1,$716,$787,$0,$-20,$0,$135,$922,$-11,$27,$6,$33,$-2,$0,$-0,$-1,$-4,$18,$22,$0,$-75,$0,$0,$0,$0,$-52,$36,$0,$36,$0,$0,$0,$-1,$34,$0,$4,$0
14,2015-03-31,25.94,$4.64,5.59,$13.77,1.88,$3.53,7.35,$-0.88,0.0,$0.08B,$0.07B,1.15,$0.68B,$0.14B,4.98,$0.39B,$0.16B,40.00%,$0.39B,$0.02B,3.85%,$0.39B,$0.02B,3.85%,$0.39B,$0.07B,17.69%,$0.39B,$-0.03B,-6.67%,$0.39B,$-0.03B,-6.67%,$-0.03B,$0.14B,-18.28%,$-0.03B,$0.14B,-18.28%,$-0.03B,$0.91B,-2.95%,$0.02B,$0.82B,1.91%,$99,$60,$39,$0,$7,$95,$4,$-9,$-6,$0,$-6,$-6,$-6,$17,$4,$29,29,$-0.21,$-0.21,$63,$0,$8,$83,$788,$0,$0,$38,$826,$909,$72,$683,$1,$700,$772,$0,$-15,$0,$137,$909,$-6,$13,$3,$16,$-1,$0,$2,$1,$2,$13,$30,$0,$-48,$0,$0,$0,$0,$-18,$17,$0,$17,$0,$0,$0,$-1,$17,$12,$2,$0
15,2014-12-31,24.91,$4.85,5.13,$13.58,1.83,$2.25,11.08,$-0.84,0.0,$0.11B,$0.10B,1.13,$0.63B,$0.14B,4.48,$0.38B,$0.15B,39.95%,$0.38B,$0.01B,3.66%,$0.38B,$0.01B,3.66%,$0.38B,$0.07B,17.23%,$0.38B,$-0.02B,-6.27%,$0.38B,$-0.03B,-6.53%,$-0.03B,$0.14B,-17.04%,$-0.03B,$0.14B,-17.04%,$-0.03B,$0.89B,-2.98%,$0.01B,$0.77B,1.88%,$100,$59,$41,$0,$6,$95,$5,$-9,$-4,$0,$-4,$-4,$-4,$20,$5,$28,28,$-0.13,$-0.13,$51,$0,$48,$113,$748,$0,$0,$31,$779,$891,$99,$633,$1,$651,$750,$0,$-9,$0,$141,$891,$-24,$52,$13,$66,$-2,$0,$-1,$3,$5,$46,$-18,$0,$-158,$0,$0,$0,$0,$-175,$159,$0,$159,$0,$0,$0,$-4,$155,$26,$7,$0
16,2014-09-30,21.23,$4.93,4.3,$13.23,1.6,$2.34,9.05,$-0.79,0.0,$0.07B,$0.09B,0.72,$0.63B,$0.14B,4.38,$0.37B,$0.15B,39.52%,$0.37B,$0.01B,3.23%,$0.37B,$0.01B,3.23%,$0.37B,$0.06B,15.86%,$0.37B,$-0.02B,-5.91%,$0.37B,$-0.02B,-6.18%,$-0.02B,$0.14B,-15.23%,$-0.02B,$0.14B,-15.23%,$-0.02B,$0.88B,-2.86%,$0.01B,$0.77B,1.67%,$98,$60,$38,$0,$7,$96,$3,$-8,$-6,$0,$-6,$-6,$-6,$17,$3,$28,28,$-0.20,$-0.20,$39,$0,$11,$65,$774,$0,$0,$41,$815,$880,$90,$628,$1,$646,$736,$0,$-5,$0,$143,$880,$-20,$38,$11,$49,$-2,$0,$0,$8,$6,$35,$-13,$0,$-143,$0,$0,$0,$0,$-156,$139,$0,$139,$0,$0,$0,$-3,$135,$14,$6,$0
17,2014-06-30,23.84,$5.08,4.69,$12.91,1.85,$2.24,10.64,$-0.94,0.0,$0.06B,$0.05B,1.22,$0.62B,$0.15B,4.21,$0.36B,$0.14B,39.78%,$0.36B,$0.01B,3.31%,$0.36B,$0.01B,3.31%,$0.36B,$0.06B,15.47%,$0.36B,$-0.02B,-5.25%,$0.36B,$-0.03B,-7.46%,$-0.03B,$0.15B,-17.42%,$-0.03B,$0.15B,-17.42%,$-0.03B,$0.84B,-3.61%,$0.01B,$0.77B,1.78%,$93,$56,$38,$0,$7,$90,$3,$-13,$-10,$0,$-10,$-10,$-10,$15,$3,$28,28,$-0.34,$-0.34,$39,$0,$9,$64,$733,$0,$0,$44,$777,$841,$53,$621,$1,$640,$693,$0,$0,$0,$148,$841,$-14,$23,$10,$33,$-2,$0,$-3,$2,$-3,$15,$-8,$0,$-96,$0,$0,$0,$0,$-103,$105,$0,$105,$0,$0,$0,$-2,$103,$14,$4,$0
18,2014-03-31,25.99,$5.33,4.87,$12.75,2.04,$2.32,11.22,$-0.67,0.0,$0.05B,$0.05B,0.86,$0.52B,$0.16B,3.34,$0.36B,$0.14B,39.89%,$0.36B,$0.01B,3.37%,$0.36B,$0.01B,3.37%,$0.36B,$0.06B,15.45%,$0.36B,$-0.01B,-3.37%,$0.36B,$-0.02B,-5.34%,$-0.02B,$0.16B,-11.88%,$-0.02B,$0.16B,-11.88%,$-0.02B,$0.75B,-2.71%,$0.01B,$0.67B,1.91%,$92,$56,$36,$0,$6,$89,$3,$-7,$-4,$0,$-5,$-5,$-5,$14,$3,$28,28,$-0.16,$-0.16,$23,$0,$8,$46,$659,$1,$0,$38,$699,$745,$53,$517,$2,$537,$590,$0,$10,$0,$155,$745,$-5,$12,$1,$13,$-2,$0,$-0,$3,$1,$9,$-3,$0,$-15,$0,$0,$0,$0,$-18,$6,$0,$6,$0,$0,$0,$-0,$6,$-2,$1,$0
19,2013-12-31,23.99,$5.48,4.38,$12.61,1.9,$2.22,10.82,$-0.57,0.0,$0.05B,$0.06B,0.9,$0.51B,$0.16B,3.22,$0.35B,$0.14B,40.57%,$0.35B,$0.01B,3.43%,$0.35B,$0.01B,3.43%,$0.35B,$0.06B,16.00%,$0.35B,$-0.01B,-3.14%,$0.35B,$-0.02B,-4.57%,$-0.02B,$0.16B,-9.80%,$-0.02B,$0.16B,-9.80%,$-0.02B,$0.75B,-2.38%,$0.01B,$0.67B,2.00%,$89,$54,$35,$0,$6,$86,$3,$-5,$-2,$0,$-2,$-2,$-2,$13,$3,$28,28,$-0.09,$-0.09,$25,$0,$11,$53,$652,$1,$0,$40,$693,$746,$59,$508,$2,$529,$588,$0,$15,$0,$158,$746,$-17,$46,$12,$58,$1,$0,$-3,$4,$1,$43,$-12,$0,$-150,$0,$0,$0,$0,$-162,$116,$0,$116,$3,$3,$0,$-4,$115,$-5,$4,$0
20,2013-09-30,21.15,$5.52,3.83,$12.46,1.7,$2.37,8.93,$-0.55,0.0,$0.06B,$0.05B,1.08,$0.43B,$0.16B,2.7,$0.34B,$0.14B,41.28%,$0.34B,$0.01B,3.49%,$0.34B,$0.01B,3.49%,$0.34B,$0.06B,16.57%,$0.34B,$-0.01B,-3.20%,$0.34B,$-0.02B,-4.65%,$-0.02B,$0.16B,-9.64%,$-0.02B,$0.16B,-9.64%,$-0.02B,$0.66B,-2.48%,$0.01B,$0.59B,2.10%,$88,$53,$35,$0,$6,$85,$3,$-6,$-3,$7,$-10,$-10,$-10,$14,$3,$28,28,$-0.35,$-0.35,$30,$0,$13,$59,$566,$1,$0,$37,$603,$662,$54,$429,$2,$449,$503,$0,$17,$0,$159,$662,$-14,$35,$9,$44,$1,$0,$-4,$-1,$-1,$28,$-10,$0,$-54,$0,$0,$0,$0,$-64,$36,$0,$36,$3,$3,$0,$-3,$35,$0,$3,$0
21,2013-06-30,23.9,$5.84,4.09,$12.16,1.97,$2.73,8.74,$-0.23,0.0,$0.06B,$0.05B,1.12,$0.42B,$0.17B,2.47,$0.33B,$0.14B,41.32%,$0.33B,$0.01B,3.59%,$0.33B,$0.01B,3.59%,$0.33B,$0.06B,16.77%,$0.33B,$-0.01B,-2.69%,$0.33B,$-0.01B,-2.10%,$-0.01B,$0.17B,-4.15%,$-0.01B,$0.17B,-4.15%,$-0.01B,$0.65B,-1.13%,$0.01B,$0.58B,2.18%,$87,$51,$36,$0,$6,$84,$3,$-6,$-3,$-1,$-2,$-2,$-2,$14,$3,$28,28,$-0.07,$-0.07,$31,$0,$11,$56,$548,$1,$0,$38,$598,$653,$50,$415,$2,$436,$485,$0,$27,$0,$168,$653,$-4,$24,$1,$24,$-0,$0,$-5,$-4,$-6,$14,$-5,$0,$-32,$0,$0,$0,$0,$-37,$23,$0,$23,$3,$3,$0,$-2,$24,$2,$2,$0
22,2013-03-31,26.43,$5.87,4.5,$11.84,2.23,$2.90,9.12,$-0.19,0.0,$0.05B,$0.04B,1.24,$0.40B,$0.17B,2.37,$0.32B,$0.13B,41.36%,$0.32B,$0.01B,3.70%,$0.32B,$0.01B,3.70%,$0.32B,$0.06B,16.98%,$0.32B,$-0.01B,-2.16%,$0.32B,$-0.01B,-1.85%,$-0.01B,$0.17B,-3.55%,$-0.01B,$0.17B,-3.55%,$-0.01B,$0.63B,-1.00%,$0.01B,$0.57B,2.27%,$86,$50,$36,$0,$6,$83,$3,$-6,$-3,$-1,$-2,$-2,$-2,$15,$3,$28,28,$-0.07,$-0.07,$28,$0,$9,$53,$529,$1,$0,$38,$577,$631,$43,$399,$2,$420,$463,$0,$29,$0,$168,$631,$-2,$13,$-0,$12,$-2,$0,$-5,$3,$-5,$6,$-2,$0,$-7,$0,$0,$0,$0,$-9,$2,$0,$2,$1,$1,$0,$-1,$2,$-1,$1,$0
23,2012-12-31,18.69,$5.97,3.13,$11.35,1.65,$3.00,6.23,$-0.11,0.0,$0.06B,$0.06B,0.91,$0.39B,$0.17B,2.28,$0.31B,$0.13B,41.29%,$0.31B,$0.01B,4.19%,$0.31B,$0.01B,4.19%,$0.31B,$0.05B,16.45%,$0.31B,$-0.00B,-1.29%,$0.31B,$-0.00B,-1.29%,$-0.00B,$0.17B,-2.36%,$-0.00B,$0.17B,-2.36%,$-0.00B,$0.64B,-0.71%,$0.01B,$0.55B,2.62%,$83,$48,$35,$0,$6,$80,$3,$-5,$-2,$-1,$-2,$-2,$-2,$14,$3,$27,27,$-0.07,$-0.07,$29,$0,$11,$56,$527,$1,$0,$43,$581,$637,$62,$385,$2,$406,$468,$0,$31,$0,$169,$637,$-3,$37,$-2,$35,$-1,$0,$4,$10,$15,$46,$-12,$0,$-178,$0,$-0,$-0,$0,$-191,$144,$0,$144,$0,$0,$0,$-4,$141,$-4,$2,$0
24,2012-09-30,14.47,$6.03,2.4,$10.94,1.32,$1.89,7.67,$-0.04,0.0,$0.08B,$0.05B,1.7,$0.32B,$0.17B,1.91,$0.30B,$0.12B,41.28%,$0.30B,$0.01B,4.70%,$0.30B,$0.01B,4.70%,$0.30B,$0.05B,16.11%,$0.30B,$-0.00B,-0.34%,$0.30B,$-0.00B,-0.67%,$-0.00B,$0.17B,-1.18%,$-0.00B,$0.17B,-1.18%,$-0.00B,$0.56B,-0.38%,$0.01B,$0.49B,3.07%,$78,$47,$31,$0,$4,$75,$3,$-5,$-1,$-1,$-1,$-1,$-1,$13,$3,$27,27,$-0.03,$-0.03,$57,$0,$9,$77,$436,$1,$0,$36,$485,$561,$45,$324,$2,$346,$392,$0,$33,$0,$170,$561,$-1,$26,$-6,$20,$0,$0,$-0,$11,$19,$37,$-9,$0,$-76,$0,$-0,$-0,$0,$-85,$75,$0,$75,$0,$0,$0,$-1,$74,$26,$2,$0
25,2012-06-30,10.6,$6.05,1.75,$10.61,1.0,$1.05,10.14,$0.01,1060.0,$0.07B,$0.04B,1.65,$0.33B,$0.17B,1.91,$0.29B,$0.12B,41.32%,$0.29B,$0.02B,5.21%,$0.29B,$0.02B,5.21%,$0.29B,$0.04B,15.28%,$0.29B,$0.00B,0.35%,$0.29B,0,0.00%,$0.00B,$0.17B,0.00%,$0.00B,$0.17B,0.00%,$0.00B,$0.56B,0.00%,$0.02B,$0.50B,3.52%,$77,$45,$32,$0,$4,$74,$3,$-4,$-1,$-0,$-1,$-1,$-1,$13,$3,$27,27,$-0.02,$-0.02,$46,$0,$8,$68,$438,$1,$0,$40,$492,$560,$41,$326,$2,$348,$390,$0,$34,$0,$170,$560,$-1,$16,$-7,$9,$-1,$0,$-0,$5,$11,$19,$-6,$0,$-76,$0,$-0,$-0,$0,$-81,$78,$0,$78,$0,$0,$0,$-1,$77,$15,$1,$0
26,2012-03-31,9.24,$6.04,1.53,$10.17,0.91,$0.84,10.96,$0.07,132.0,$0.05B,$0.04B,1.37,$0.27B,$0.17B,1.59,$0.28B,$0.11B,41.45%,$0.28B,$0.02B,5.82%,$0.28B,$0.02B,5.82%,$0.28B,$0.04B,14.55%,$0.28B,$0.00B,1.45%,$0.28B,$0.00B,0.73%,$0.00B,$0.17B,1.18%,$0.00B,$0.17B,1.18%,$0.00B,$0.51B,0.44%,$0.02B,$0.44B,4.15%,$72,$42,$30,$0,$4,$68,$4,$-4,$0,$0,$0,$0,$0,$11,$4,$27,27,$0.01,$0.01,$27,$0,$9,$53,$414,$1,$0,$33,$454,$506,$39,$271,$2,$298,$336,$0,$35,$0,$170,$506,$0,$7,$0,$7,$0,$0,$-1,$1,$1,$8,$-2,$0,$-56,$0,$-0,$-0,$0,$-59,$46,$0,$46,$0,$0,$0,$-1,$46,$-5,$1,$0
27,2011-12-31,7.94,$6.11,1.3,$9.74,0.82,$0.71,11.13,$0.11,72.18,$0.06B,$0.04B,1.52,$0.23B,$0.17B,1.33,$0.26B,$0.11B,41.83%,$0.26B,$0.02B,6.46%,$0.26B,$0.02B,6.46%,$0.26B,$0.04B,14.45%,$0.26B,$0.01B,2.28%,$0.26B,$0.00B,1.14%,$0.00B,$0.17B,1.78%,$0.00B,$0.17B,1.78%,$0.00B,$0.46B,0.71%,$0.02B,$0.39B,4.73%,$71,$41,$30,$0,$4,$67,$4,$-4,$1,$0,$0,$0,$0,$11,$4,$27,27,$0.01,$0.01,$31,$0,$11,$61,$365,$1,$0,$29,$401,$462,$40,$225,$2,$253,$293,$0,$34,$0,$169,$462,$3,$20,$-3,$18,$-1,$0,$1,$-5,$-7,$14,$-10,$0,$-68,$0,$-1,$-1,$1,$-77,$57,$0,$57,$1,$1,$0,$-3,$54,$-9,$1,$0
28,2011-09-30,6.17,$6.09,1.01,$9.36,0.66,$0.85,7.29,$0.16,38.56,$0.06B,$0.04B,1.76,$0.20B,$0.17B,1.21,$0.25B,$0.11B,42.06%,$0.25B,$0.02B,7.54%,$0.25B,$0.02B,7.54%,$0.25B,$0.04B,14.68%,$0.25B,$0.01B,3.17%,$0.25B,$0.01B,1.98%,$0.01B,$0.17B,2.99%,$0.01B,$0.17B,2.99%,$0.01B,$0.44B,1.25%,$0.02B,$0.37B,5.52%,$68,$41,$27,$0,$4,$64,$4,$-3,$1,$0,$1,$1,$1,$9,$4,$27,27,$0.02,$0.02,$40,$0,$10,$64,$340,$1,$0,$25,$374,$438,$36,$204,$2,$233,$269,$0,$34,$0,$169,$438,$3,$14,$-5,$9,$-1,$0,$0,$0,$0,$12,$-7,$0,$-38,$0,$-0,$-0,$1,$-44,$33,$0,$33,$1,$1,$0,$-3,$31,$-1,$1,$0
29,2011-06-30,9.29,$6.07,1.53,$8.84,1.05,$0.93,10.03,$0.16,58.06,$0.08B,$0.04B,2.25,$0.17B,$0.17B,1.0,$0.24B,$0.10B,42.44%,$0.24B,$0.02B,7.98%,$0.24B,$0.02B,7.98%,$0.24B,$0.04B,15.13%,$0.24B,$0.01B,3.36%,$0.24B,$0.00B,1.68%,$0.00B,$0.17B,2.42%,$0.00B,$0.17B,2.42%,$0.00B,$0.40B,1.03%,$0.02B,$0.34B,5.68%,$64,$38,$27,$0,$4,$60,$4,$-3,$2,$1,$1,$1,$1,$9,$4,$27,27,$0.03,$0.03,$61,$0,$8,$79,$292,$1,$0,$21,$322,$401,$35,$168,$2,$198,$234,$0,$34,$0,$168,$401,$2,$8,$-5,$4,$-1,$0,$-1,$2,$6,$12,$-4,$0,$16,$0,$-0,$-0,$1,$13,$-3,$0,$-3,$1,$1,$0,$-2,$-4,$21,$1,$0
30,2011-03-31,10.62,$6.12,1.73,$8.36,1.27,$0.88,12.09,$0.18,59.0,$0.06B,$0.03B,2.18,$0.17B,$0.17B,1.02,$0.23B,$0.10B,42.67%,$0.23B,$0.02B,8.89%,$0.23B,$0.02B,8.89%,$0.23B,$0.04B,15.56%,$0.23B,$0.01B,4.00%,$0.23B,$0.00B,1.78%,$0.00B,$0.17B,2.45%,$0.00B,$0.17B,2.45%,$0.00B,$0.38B,1.05%,$0.02B,$0.34B,5.99%,$60,$34,$26,$0,$3,$55,$5,$-3,$2,$1,$1,$1,$1,$9,$5,$27,27,$0.05,$0.05,$39,$0,$10,$63,$293,$2,$0,$20,$318,$381,$29,$169,$2,$185,$214,$0,$33,$0,$167,$381,$1,$4,$1,$5,$-0,$0,$-1,$-1,$-2,$4,$-1,$0,$0,$0,$-0,$-0,$0,$-2,$-2,$0,$-2,$1,$1,$0,$-2,$-3,$-1,$0,$0
31,2010-12-31,6.7,$6.05,1.11,$7.94,0.84,$1.00,6.72,$0.16,41.88,$0.06B,$0.03B,1.96,$0.17B,$0.16B,1.04,$0.21B,$0.09B,43.19%,$0.21B,$0.02B,8.92%,$0.21B,$0.02B,8.92%,$0.21B,$0.03B,15.96%,$0.21B,$0.01B,3.76%,$0.21B,$0.00B,1.88%,$0.00B,$0.16B,2.47%,$0.00B,$0.16B,2.47%,$0.00B,$0.38B,1.05%,$0.02B,$0.33B,5.70%,$60,$34,$26,$0,$3,$54,$6,$-3,$3,$1,$2,$2,$2,$10,$6,$27,27,$0.06,$0.06,$38,$0,$11,$63,$295,$2,$0,$18,$319,$383,$32,$170,$2,$187,$219,$0,$31,$0,$164,$383,$4,$15,$2,$17,$-1,$0,$-0,$-2,$-6,$16,$-8,$0,$-2,$0,$0,$0,$5,$-5,$-6,$0,$-6,$0,$0,$0,$-2,$-8,$2,$1,$0
32,2010-09-30,5.33,$6.06,0.88,$7.55,0.71,$1.17,4.55,$0.13,41.0,$0.06B,$0.03B,1.82,$0.17B,$0.16B,1.06,$0.20B,$0.09B,44.06%,$0.20B,$0.02B,8.42%,$0.20B,$0.02B,8.42%,$0.20B,$0.03B,15.84%,$0.20B,$0.01B,2.97%,$0.20B,$0.00B,1.49%,$0.00B,$0.16B,1.87%,$0.00B,$0.16B,1.87%,$0.00B,$0.39B,0.79%,$0.02B,$0.33B,5.11%,$54,$31,$22,$0,$3,$50,$4,$-3,$1,$0,$0,$0,$0,$8,$4,$27,27,$0.02,$0.02,$39,$0,$10,$62,$297,$3,$0,$19,$322,$385,$34,$171,$2,$188,$223,$0,$30,$0,$162,$385,$3,$11,$2,$13,$-1,$0,$-1,$1,$-2,$13,$-6,$0,$-2,$0,$0,$0,$5,$-3,$-4,$0,$-4,$0,$0,$0,$-2,$-6,$4,$1,$0
33,2010-06-30,4.97,$6.03,0.82,$7.37,0.67,$1.29,3.86,$0.14,35.5,$0.06B,$0.03B,1.75,$0.17B,$0.16B,1.07,$0.20B,$0.09B,44.90%,$0.20B,$0.02B,8.67%,$0.20B,$0.02B,8.67%,$0.20B,$0.03B,16.33%,$0.20B,$0.01B,3.06%,$0.20B,$0.00B,2.04%,$0.00B,$0.16B,2.52%,$0.00B,$0.16B,2.52%,$0.00B,$0.38B,1.05%,$0.02B,$0.33B,5.11%,$51,$28,$22,$0,$3,$46,$5,$-2,$3,$1,$1,$1,$1,$8,$5,$27,27,$0.05,$0.05,$39,$0,$8,$57,$298,$3,$0,$17,$325,$382,$33,$172,$0,$188,$221,$0,$29,$0,$161,$382,$2,$7,$-0,$7,$-0,$0,$-0,$0,$1,$11,$-4,$0,$0,$0,$0,$0,$4,$-0,$-3,$0,$-3,$0,$0,$0,$-2,$-4,$6,$1,$0
34,2010-03-31,5.26,$5.98,0.88,$7.27,0.72,$1.33,3.97,$0.11,47.82,$0.05B,$0.03B,1.71,$0.17B,$0.16B,1.08,$0.19B,$0.09B,45.31%,$0.19B,$0.02B,8.33%,$0.19B,$0.02B,8.33%,$0.19B,$0.03B,16.15%,$0.19B,$0.00B,2.08%,$0.19B,$0.00B,1.56%,$0.00B,$0.16B,1.90%,$0.00B,$0.16B,1.90%,$0.00B,$0.38B,0.79%,$0.02B,$0.33B,4.82%,$48,$26,$22,$0,$3,$44,$4,$-3,$1,$1,$1,$1,$1,$8,$4,$27,27,$0.03,$0.03,$36,$0,$7,$50,$299,$6,$0,$15,$327,$378,$29,$173,$0,$189,$218,$0,$28,$0,$160,$378,$1,$4,$0,$4,$0,$0,$-1,$2,$3,$7,$-2,$0,$0,$0,$0,$0,$0,$-1,$-2,$0,$-2,$0,$0,$0,$0,$-1,$5,$0,$0
35,2009-12-31,5.02,$5.87,0.86,$7.29,0.69,$1.25,4.01,$0.11,45.64,$0.05B,$0.03B,1.59,$0.17B,$0.16B,1.1,$0.19B,$0.09B,45.31%,$0.19B,$0.02B,8.33%,$0.19B,$0.02B,8.33%,$0.19B,$0.03B,16.15%,$0.19B,$0.00B,2.08%,$0.19B,$0.00B,1.56%,$0.00B,$0.16B,1.92%,$0.00B,$0.16B,1.92%,$0.00B,$0.38B,0.78%,$0.02B,$0.33B,4.82%,$49,$26,$23,$0,$3,$44,$4,$-3,$1,$1,$1,$1,$1,$8,$4,$26,26,$0.02,$0.02,$31,$0,$9,$51,$301,$7,$0,$15,$330,$381,$32,$174,$0,$191,$222,$0,$27,$0,$158,$381,$3,$14,$2,$16,$1,$0,$0,$-1,$1,$20,$-8,$0,$0,$0,$0,$0,$1,$-7,$-6,$0,$-6,$-1,$-1,$0,$-2,$-9,$3,$1,$0
36,2009-09-30,6.1,$5.93,1.03,$7.24,0.84,$1.13,5.42,$0.07,87.14,$0.05B,$0.03B,1.48,$0.18B,$0.16B,1.11,$0.19B,$0.09B,44.50%,$0.19B,$0.02B,7.85%,$0.19B,$0.02B,7.85%,$0.19B,$0.03B,15.71%,$0.19B,$0.00B,1.57%,$0.19B,$0.00B,1.05%,$0.00B,$0.16B,1.28%,$0.00B,$0.16B,1.28%,$0.00B,$0.38B,0.52%,$0.02B,$0.33B,4.51%,$48,$27,$21,$0,$3,$44,$4,$-3,$1,$1,$1,$1,$1,$8,$4,$26,26,$0.03,$0.03,$31,$0,$8,$49,$302,$7,$0,$15,$334,$382,$33,$175,$0,$192,$225,$0,$26,$0,$157,$382,$2,$10,$0,$10,$-0,$0,$-0,$2,$4,$16,$-6,$0,$0,$0,$0,$0,$1,$-6,$-5,$0,$-5,$-1,$-1,$0,$-2,$-8,$3,$1,$0
37,2009-06-30,4.55,$5.81,0.78,$7.20,0.63,$1.07,4.23,$0.08,56.88,$0.05B,$0.03B,1.46,$0.18B,$0.16B,1.13,$0.19B,$0.08B,43.98%,$0.19B,$0.02B,8.38%,$0.19B,$0.02B,8.38%,$0.19B,$0.03B,15.71%,$0.19B,$0.00B,2.09%,$0.19B,$0.00B,1.05%,$0.00B,$0.16B,1.29%,$0.00B,$0.16B,1.29%,$0.00B,$0.38B,0.52%,$0.02B,$0.33B,4.81%,$47,$26,$21,$0,$4,$43,$4,$-3,$1,$0,$0,$0,$0,$7,$4,$26,26,$0.02,$0.02,$30,$0,$8,$49,$303,$7,$0,$15,$335,$384,$33,$176,$0,$194,$228,$0,$26,$0,$156,$384,$1,$7,$0,$7,$1,$0,$-1,$2,$3,$11,$-4,$0,$0,$0,$0,$0,$0,$-3,$-3,$0,$-3,$-1,$-1,$0,$-2,$-6,$2,$1,$0
38,2009-03-31,2.44,$5.80,0.42,$7.25,0.34,$1.00,2.43,$0.11,22.18,$0.05B,$0.03B,1.47,$0.18B,$0.16B,1.14,$0.19B,$0.09B,44.56%,$0.19B,$0.02B,8.81%,$0.19B,$0.02B,8.81%,$0.19B,$0.03B,16.06%,$0.19B,$0.01B,2.59%,$0.19B,$0.00B,1.55%,$0.00B,$0.16B,1.94%,$0.00B,$0.16B,1.94%,$0.00B,$0.38B,0.77%,$0.02B,$0.33B,5.11%,$48,$26,$22,$0,$3,$44,$4,$-3,$1,$1,$1,$1,$1,$8,$4,$26,26,$0.03,$0.03,$27,$0,$7,$45,$304,$7,$0,$15,$337,$382,$31,$177,$0,$196,$227,$0,$25,$0,$155,$382,$1,$3,$0,$4,$0,$0,$-1,$1,$1,$5,$-2,$0,$0,$0,$0,$0,$0,$-1,$-2,$0,$-2,$-1,$-1,$0,$-2,$-5,$-1,$0,$0
39,2008-12-31,2.98,$5.82,0.51,$7.25,0.41,$1.02,2.91,$0.14,21.29,$0.05B,$0.04B,1.39,$0.18B,$0.16B,1.14,$0.19B,$0.09B,44.33%,$0.19B,$0.02B,9.28%,$0.19B,$0.02B,9.28%,$0.19B,$0.03B,15.98%,$0.19B,$0.01B,3.09%,$0.19B,$0.00B,1.55%,$0.00B,$0.16B,1.95%,$0.00B,$0.16B,1.95%,$0.00B,$0.39B,0.77%,$0.02B,$0.33B,5.39%,$48,$27,$21,$0,$4,$45,$3,$-4,$-0,$-0,$-0,$-0,$-0,$7,$3,$26,27,$-0.02,$-0.02,$26,$0,$9,$49,$306,$7,$0,$15,$339,$388,$35,$178,$0,$198,$233,$0,$24,$0,$155,$388,$4,$13,$0,$14,$-1,$0,$1,$-1,$-2,$15,$-7,$0,$0,$0,$-1,$-1,$0,$-7,$-5,$0,$-5,$0,$0,$0,$0,$-5,$3,$1,$0
40,2008-09-30,7.6,$5.81,1.31,$7.26,1.05,$0.94,8.09,$0.20,38.0,$0.05B,$0.04B,1.36,$0.18B,$0.16B,1.15,$0.19B,$0.09B,44.85%,$0.19B,$0.02B,10.82%,$0.19B,$0.02B,10.82%,$0.19B,$0.03B,17.01%,$0.19B,$0.01B,4.64%,$0.19B,$0.00B,2.06%,$0.00B,$0.16B,2.62%,$0.00B,$0.16B,2.62%,$0.00B,$0.39B,1.03%,$0.02B,$0.33B,6.27%,$48,$27,$20,$0,$3,$43,$5,$-3,$2,$1,$1,$1,$1,$8,$5,$26,27,$0.05,$0.05,$28,$0,$9,$48,$307,$7,$0,$16,$342,$390,$35,$178,$0,$199,$235,$0,$25,$0,$155,$390,$4,$10,$-1,$9,$-3,$0,$1,$1,$0,$13,$-4,$0,$0,$0,$-1,$-1,$0,$-5,$-4,$0,$-4,$0,$0,$0,$0,$-3,$5,$1,$0
41,2008-06-30,7.54,$5.76,1.31,$7.27,1.04,$0.79,9.54,$0.21,35.9,$0.05B,$0.04B,1.3,$0.18B,$0.15B,1.17,$0.19B,$0.09B,45.36%,$0.19B,$0.02B,10.82%,$0.19B,$0.02B,10.82%,$0.19B,$0.03B,17.01%,$0.19B,$0.01B,4.64%,$0.19B,$0.00B,2.06%,$0.00B,$0.15B,2.65%,$0.00B,$0.15B,2.65%,$0.00B,$0.39B,1.03%,$0.02B,$0.33B,6.25%,$49,$26,$23,$0,$4,$44,$5,$-3,$2,$1,$1,$1,$1,$8,$5,$26,27,$0.05,$0.05,$26,$0,$8,$46,$308,$7,$0,$17,$344,$390,$36,$179,$0,$201,$237,$0,$23,$0,$153,$390,$3,$7,$-1,$6,$-3,$0,$0,$1,$-0,$8,$-2,$0,$0,$0,$-1,$-1,$0,$-3,$-2,$0,$-2,$0,$0,$0,$0,$-2,$3,$0,$0
42,2008-03-31,8.05,$5.71,1.41,$7.18,1.12,$0.68,11.86,$0.19,42.37,$0.04B,$0.03B,1.5,$0.19B,$0.15B,1.22,$0.19B,$0.09B,44.79%,$0.19B,$0.02B,10.94%,$0.19B,$0.02B,10.94%,$0.19B,$0.03B,17.19%,$0.19B,$0.01B,4.17%,$0.19B,$0.00B,2.08%,$0.00B,$0.15B,2.68%,$0.00B,$0.15B,2.68%,$0.00B,$0.39B,1.03%,$0.02B,$0.34B,6.22%,$49,$27,$22,$0,$4,$44,$5,$-2,$2,$1,$1,$1,$1,$8,$5,$26,27,$0.06,$0.06,$25,$0,$6,$41,$309,$7,$0,$17,$345,$387,$28,$185,$0,$207,$235,$0,$22,$0,$152,$387,$1,$3,$-1,$3,$-1,$0,$0,$1,$0,$4,$-0,$0,$0,$0,$-1,$-1,$0,$-1,$-2,$0,$-2,$0,$0,$0,$0,$-2,$1,$0,$0
43,2007-12-31,9.93,$5.65,1.76,$7.10,1.4,$0.51,19.64,$0.16,62.06,$0.04B,$0.03B,1.42,$0.19B,$0.15B,1.24,$0.19B,$0.09B,44.97%,$0.19B,$0.02B,11.11%,$0.19B,$0.02B,11.11%,$0.19B,$0.03B,17.46%,$0.19B,$0.01B,3.70%,$0.19B,$0.00B,2.12%,$0.00B,$0.15B,2.72%,$0.00B,$0.15B,2.72%,$0.00B,$0.39B,1.03%,$0.02B,$0.34B,6.21%,$48,$27,$22,$0,$3,$42,$6,$-3,$3,$1,$1,$1,$1,$9,$6,$26,27,$0.05,$0.05,$23,$0,$9,$44,$310,$6,$0,$17,$346,$390,$31,$186,$0,$209,$240,$0,$21,$0,$150,$390,$4,$12,$0,$13,$0,$0,$-1,$-2,$-5,$12,$-6,$0,$0,$0,$-1,$-1,$0,$-7,$-7,$0,$-7,$1,$1,$0,$-1,$-7,$-2,$1,$0
44,2007-09-30,8.42,$5.58,1.51,$6.94,1.21,$1.40,6.02,$0.14,60.14,$0.05B,$0.03B,1.64,$0.19B,$0.15B,1.29,$0.18B,$0.08B,44.57%,$0.18B,$0.02B,11.41%,$0.18B,$0.02B,11.41%,$0.18B,$0.03B,17.93%,$0.18B,$0.01B,2.72%,$0.18B,$0.00B,2.17%,$0.00B,$0.15B,2.74%,$0.00B,$0.15B,2.74%,$0.00B,$0.39B,1.02%,$0.02B,$0.34B,6.19%,$48,$26,$21,$0,$3,$43,$5,$-3,$2,$1,$1,$1,$1,$8,$5,$26,27,$0.05,$0.05,$24,$0,$9,$45,$310,$6,$0,$16,$345,$390,$28,$190,$0,$214,$242,$0,$19,$0,$148,$390,$3,$9,$0,$9,$1,$0,$-0,$-2,$-4,$9,$-4,$0,$0,$0,$-0,$-0,$0,$-4,$-6,$0,$-6,$0,$0,$0,$-1,$-6,$-2,$1,$0
45,2007-06-30,9.42,$5.52,1.71,$6.72,1.4,$2.30,4.1,$0.09,104.67,$0.05B,$0.03B,1.55,$0.19B,$0.15B,1.31,$0.18B,$0.08B,44.94%,$0.18B,$0.02B,10.11%,$0.18B,$0.02B,10.11%,$0.18B,$0.03B,16.85%,$0.18B,$0.00B,1.69%,$0.18B,$0.00B,1.69%,$0.00B,$0.15B,2.08%,$0.00B,$0.15B,2.08%,$0.00B,$0.39B,0.76%,$0.02B,$0.34B,5.29%,$47,$26,$21,$0,$3,$42,$5,$-3,$1,$0,$1,$1,$1,$8,$5,$26,27,$0.03,$0.03,$24,$0,$8,$45,$310,$5,$0,$16,$346,$392,$29,$191,$0,$216,$245,$0,$18,$0,$146,$392,$2,$6,$0,$6,$0,$0,$-1,$-2,$-3,$4,$-2,$0,$0,$0,$-0,$-0,$0,$-2,$-4,$0,$-4,$0,$0,$0,$-1,$-4,$-1,$0,$0
46,2007-03-31,11.61,$5.94,1.95,$6.42,1.81,$3.13,3.71,$-0.04,0.0,$0.04B,$0.02B,1.74,$0.19B,$0.15B,1.34,$0.17B,$0.08B,44.38%,$0.17B,$0.02B,8.88%,$0.17B,$0.02B,8.88%,$0.17B,$0.03B,16.57%,$0.17B,$-0.00B,-0.59%,$0.17B,0,0.00%,$0.00B,$0.15B,0.00%,$0.00B,$0.15B,0.00%,$0.00B,$0.39B,0.00%,$0.02B,$0.34B,4.40%,$46,$25,$21,$0,$3,$42,$5,$-3,$1,$1,$1,$1,$1,$8,$5,$26,27,$0.04,$0.03,$21,$0,$7,$40,$312,$5,$0,$15,$349,$388,$23,$194,$0,$220,$243,$0,$17,$0,$145,$388,$1,$3,$-0,$3,$-2,$0,$-1,$-0,$-4,$0,$-1,$0,$0,$0,$-0,$-0,$0,$-1,$-4,$0,$-4,$0,$0,$0,$-0,$-5,$-5,$0,$0
47,2006-12-31,10.64,$5.45,1.95,$6.09,1.75,$4.21,2.53,$-0.11,0.0,$0.04B,$0.03B,1.56,$0.20B,$0.14B,1.37,$0.16B,$0.07B,43.75%,$0.16B,$0.01B,8.13%,$0.16B,$0.01B,8.13%,$0.16B,$0.03B,16.88%,$0.16B,$-0.00B,-2.50%,$0.16B,$-0.00B,-1.25%,$-0.00B,$0.14B,-1.39%,$-0.00B,$0.14B,-1.39%,$-0.00B,$0.39B,-0.50%,$0.01B,$0.34B,3.82%,$43,$24,$19,$0,$3,$37,$6,$-5,$1,$0,$1,$1,$1,$9,$6,$26,26,$0.04,$0.04,$26,$0,$8,$43,$314,$5,$0,$17,$351,$394,$28,$197,$0,$223,$250,$0,$16,$0,$144,$394,$-3,$13,$-7,$6,$-2,$0,$0,$-8,$-9,$-5,$34,$0,$0,$0,$-4,$-4,$0,$30,$-18,$0,$-18,$0,$0,$0,$-4,$-22,$4,$1,$0
