,Date,Stock Price,Book Value per Share,Price to Book Ratio,TTM Sales per Share,Price to Sales Ratio,TTM FCF per Share,Price to FCF Ratio,TTM Net EPS,PE Ratio,Current Assets,Current Liabilities,Current Ratio,Long Term Debt,Shareholder's Equity_x,Debt to Equity Ratio,TTM Revenue_x,TTM Gross Profit,Gross Margin,TTM Revenue_y,TTM Operating Income,Operating Margin,TTM Revenue_x,TTM EBIT,EBIT Margin,TTM Revenue_y,TTM EBITDA,EBITDA Margin,TTM Revenue_x,TTM Pre-Tax Income,Pre-Tax Margin,TTM Revenue_y,TTM Net Income_x,Net Margin,TTM Net Income_y,Shareholder's Equity_y,Return on Equity,TTM Net Income_x,Tangible Equity,Return on Tangible Equity,TTM Net Income_y,Total Assets,Return on Assets,TTM Net Income,LT Investments & Debt,Return on Investment,revenue,cost-goods-sold,gross-profit,research-development-expenses,selling-general-administrative-expenses,operating-expenses,operating-income,total-non-operating-income-expense,pre-tax-income,total-provision-income-taxes,income-after-taxes,income-from-continuous-operations,net-income,ebitda,ebit,basic-shares-outstanding,shares-outstanding,eps-basic-net-earnings-per-share,eps-earnings-per-share-diluted,cash-on-hand,inventory,other-current-assets,total-current-assets,net-property-plant-equipment,long-term-investments,goodwill-intangible-assets-total,other-long-term-assets,total-long-term-assets,total-assets,total-current-liabilities,long-term-debt,other-non-current-liabilities,total-long-term-liabilities,total-liabilities,common-stock-net,retained-earnings-accumulated-deficit,comprehensive-income,total-share-holder-equity,total-liabilities-share-holders-equity,net-income-loss,total-depreciation-amortization-cash-flow,other-non-cash-items,total-non-cash-items,change-in-accounts-receivable,change-in-inventories,change-in-accounts-payable,change-in-assets-liabilities,total-change-in-assets-liabilities,cash-flow-from-operating-activities,net-change-in-property-plant-equipment,net-change-in-intangible-assets,net-acquisitions-divestitures,net-change-in-short-term-investments,net-change-in-long-term-investments,net-change-in-investments-total,investing-activities-other,cash-flow-from-investing-activities,net-long-term-debt,net-current-debt,debt-issuance-retirement-net-total,net-common-equity-issued-repurchased,net-total-equity-issued-repurchased,total-common-preferred-stock-dividends-paid,financial-activities-other,cash-flow-from-financial-activities,net-cash-flow,stock-based-compensation,common-stock-dividends-paid
0,2018-09-30,21.55,$12.61,1.71,$14.67,1.47,$3.08,6.99,$2.09,10.31,$0.04B,$0.03B,1.24,$0.36B,$0.24B,1.48,$0.27B,$0.08B,29.32%,$0.27B,$0.05B,18.42%,$0.27B,$0.05B,18.42%,$0.27B,$0.07B,26.69%,$0.27B,$0.03B,10.53%,$0.27B,$0.04B,13.91%,$0.04B,$0.24B,16.63%,$0.04B,$-0.09B,-40.55%,$0.04B,$0.95B,3.98%,$0.05B,$0.60B,8.59%,$64,$47,$17,$0,$6,$54,$10,$-7,$3,$1,$2,$2,$2,$15,$10,$19,19,$0.11,$0.11,$9,$7,$3,$38,$262,$209,$330,$75,$911,$949,$31,$359,$212,$676,$707,$0,$74,$0,$242,$949,$14,$16,$9,$25,$-3,$-2,$-1,$1,$-1,$39,$-47,$0,$0,$0,$0,$0,$0,$-47,$24,$0,$24,$1,$1,$-4,$-5,$17,$9,$3,$-4
1,2018-06-30,24.47,$12.53,1.95,$14.79,1.65,$4.50,5.44,$2.15,11.38,$0.07B,$0.03B,2.62,$0.36B,$0.24B,1.49,$0.26B,$0.08B,28.90%,$0.26B,$0.05B,18.25%,$0.26B,$0.05B,18.25%,$0.26B,$0.07B,26.62%,$0.26B,$0.03B,11.41%,$0.26B,$0.04B,14.45%,$0.04B,$0.24B,18.47%,$0.04B,$-0.07B,-38.78%,$0.04B,$0.95B,4.15%,$0.05B,$0.60B,8.80%,$64,$47,$17,$0,$6,$54,$10,$-6,$4,$1,$3,$3,$3,$15,$10,$18,18,$0.15,$0.15,$41,$7,$2,$68,$245,$210,$310,$76,$877,$946,$26,$358,$212,$680,$706,$0,$72,$0,$240,$946,$12,$11,$6,$17,$-1,$-1,$-1,$1,$-3,$26,$-5,$0,$0,$0,$0,$0,$0,$-5,$24,$0,$24,$1,$1,$-3,$-4,$18,$40,$2,$-3
2,2018-03-31,27.49,$12.90,2.13,$14.82,1.86,$3.97,6.92,$2.24,12.27,$0.03B,$0.04B,0.68,$0.33B,$0.21B,1.58,$0.26B,$0.08B,29.66%,$0.26B,$0.05B,19.01%,$0.26B,$0.05B,19.01%,$0.26B,$0.07B,27.38%,$0.26B,$0.03B,12.55%,$0.26B,$0.04B,14.83%,$0.04B,$0.21B,20.23%,$0.04B,$-0.10B,-36.79%,$0.04B,$0.91B,4.34%,$0.05B,$0.54B,9.58%,$73,$49,$24,$0,$7,$56,$17,$-5,$12,$3,$9,$9,$9,$23,$17,$16,18,$0.58,$0.52,$1,$7,$1,$28,$246,$210,$309,$76,$877,$905,$41,$332,$212,$654,$695,$0,$70,$0,$210,$905,$9,$6,$2,$8,$-1,$0,$1,$0,$-2,$15,$-2,$0,$0,$0,$0,$0,$0,$-2,$-12,$0,$-12,$1,$1,$-1,$-0,$-13,$-0,$1,$-1
3,2017-12-31,25.48,$12.28,2.08,$14.44,1.76,$3.49,7.29,$2.11,12.08,$0.03B,$0.04B,0.71,$0.34B,$0.20B,1.74,$0.26B,$0.08B,29.84%,$0.26B,$0.05B,18.99%,$0.26B,$0.05B,18.99%,$0.26B,$0.07B,27.13%,$0.26B,$0.03B,12.79%,$0.26B,$0.04B,14.34%,$0.04B,$0.20B,19.81%,$0.04B,$-0.11B,-34.42%,$0.04B,$0.92B,4.14%,$0.05B,$0.54B,9.55%,$65,$46,$20,$0,$7,$53,$12,$-3,$9,$-14,$23,$23,$23,$18,$12,$16,18,$1.39,$1.29,$1,$7,$1,$30,$247,$215,$306,$76,$891,$922,$43,$343,$218,$681,$724,$0,$58,$0,$198,$922,$37,$21,$-7,$14,$-4,$1,$-4,$1,$-6,$45,$-16,$0,$-23,$0,$0,$0,$0,$-39,$11,$0,$11,$-15,$-15,$-4,$-1,$-8,$-2,$3,$-4
4,2017-09-30,25.29,$10.89,2.32,$14.37,1.76,$3.41,7.42,$1.02,24.8,$0.03B,$0.04B,0.7,$0.33B,$0.18B,1.86,$0.26B,$0.08B,30.47%,$0.26B,$0.05B,19.92%,$0.26B,$0.05B,19.92%,$0.26B,$0.07B,27.73%,$0.26B,$0.03B,12.50%,$0.26B,$0.02B,7.03%,$0.02B,$0.18B,9.93%,$0.02B,$-0.12B,-16.48%,$0.02B,$0.89B,2.04%,$0.05B,$0.50B,10.13%,$61,$46,$15,$0,$6,$52,$9,$-4,$5,$2,$3,$3,$3,$14,$9,$16,18,$0.18,$0.17,$1,$6,$1,$28,$236,$210,$290,$77,$859,$887,$40,$326,$212,$672,$712,$0,$35,$0,$175,$887,$15,$16,$6,$21,$-3,$2,$-4,$1,$-5,$31,$-13,$0,$0,$0,$0,$0,$0,$-13,$-2,$0,$-2,$-15,$-15,$-3,$-1,$-20,$-3,$2,$-3
5,2017-06-30,26.58,$11.24,2.37,$14.42,1.84,$3.44,7.72,$1.18,22.53,$0.03B,$0.04B,0.69,$0.32B,$0.19B,1.68,$0.26B,$0.08B,31.76%,$0.26B,$0.05B,21.18%,$0.26B,$0.05B,21.18%,$0.26B,$0.07B,29.02%,$0.26B,$0.04B,13.73%,$0.26B,$0.02B,8.24%,$0.02B,$0.19B,11.60%,$0.02B,$-0.10B,-19.53%,$0.02B,$0.88B,2.40%,$0.05B,$0.50B,10.77%,$64,$45,$19,$0,$7,$52,$12,$-4,$7,$3,$4,$4,$4,$17,$12,$17,18,$0.26,$0.24,$0,$6,$1,$25,$235,$206,$290,$77,$856,$881,$37,$315,$208,$656,$693,$0,$32,$0,$188,$881,$11,$10,$3,$14,$-0,$3,$-4,$1,$-5,$20,$-9,$0,$-1,$0,$0,$0,$0,$-9,$-12,$0,$-12,$1,$1,$-2,$-1,$-14,$-3,$2,$-2
6,2017-03-31,26.69,$11.11,2.4,$14.51,1.84,$3.48,7.67,$1.24,21.52,$0.03B,$0.04B,0.75,$0.32B,$0.19B,1.73,$0.25B,$0.08B,32.02%,$0.25B,$0.06B,21.74%,$0.25B,$0.06B,21.74%,$0.25B,$0.08B,29.64%,$0.25B,$0.04B,14.62%,$0.25B,$0.02B,8.70%,$0.02B,$0.19B,12.48%,$0.02B,$-0.11B,-20.05%,$0.02B,$0.88B,2.54%,$0.06B,$0.51B,11.06%,$68,$45,$23,$0,$7,$52,$16,$-4,$12,$5,$7,$7,$7,$21,$16,$17,18,$0.42,$0.39,$1,$6,$0,$27,$234,$207,$290,$77,$854,$881,$36,$321,$208,$659,$695,$0,$30,$0,$186,$881,$7,$5,$2,$7,$0,$2,$-3,$1,$-6,$8,$-4,$0,$0,$0,$0,$0,$0,$-4,$-6,$0,$-6,$0,$0,$-1,$-1,$-7,$-2,$1,$-1
7,2016-12-31,28.13,$10.56,2.66,$14.54,1.93,$3.67,7.67,$1.12,25.12,$0.03B,$0.04B,0.75,$0.33B,$0.18B,1.86,$0.25B,$0.08B,31.85%,$0.25B,$0.05B,20.56%,$0.25B,$0.05B,20.56%,$0.25B,$0.07B,28.63%,$0.25B,$0.03B,13.31%,$0.25B,$0.02B,8.06%,$0.02B,$0.18B,11.73%,$0.02B,$-0.12B,-18.35%,$0.02B,$0.89B,2.34%,$0.05B,$0.50B,10.42%,$63,$42,$21,$0,$7,$49,$14,$-6,$8,$4,$4,$4,$4,$19,$14,$17,17,$0.26,$0.22,$3,$6,$2,$33,$235,$206,$290,$76,$852,$885,$44,$327,$208,$665,$709,$0,$21,$0,$176,$885,$20,$20,$13,$33,$-5,$2,$2,$-2,$-3,$50,$-23,$0,$-22,$0,$0,$0,$0,$-45,$1,$0,$1,$1,$1,$-2,$-2,$-2,$3,$3,$-2
8,2016-09-30,23.19,$10.47,2.21,$14.31,1.62,$2.98,7.78,$1.21,19.16,$0.03B,$0.04B,0.75,$0.32B,$0.17B,1.84,$0.25B,$0.08B,31.58%,$0.25B,$0.05B,19.84%,$0.25B,$0.05B,19.84%,$0.25B,$0.07B,27.94%,$0.25B,$0.03B,13.77%,$0.25B,$0.02B,8.50%,$0.02B,$0.17B,12.65%,$0.02B,$-0.11B,-19.13%,$0.02B,$0.86B,2.50%,$0.05B,$0.49B,10.18%,$60,$42,$18,$0,$6,$48,$12,$-4,$8,$2,$6,$6,$6,$17,$12,$17,17,$0.34,$0.33,$1,$6,$1,$29,$231,$197,$282,$76,$830,$860,$39,$320,$198,$647,$686,$0,$19,$0,$174,$860,$15,$15,$9,$24,$-4,$1,$-2,$1,$-4,$35,$-17,$0,$-15,$0,$0,$0,$0,$-32,$0,$0,$0,$1,$1,$-2,$-1,$-2,$0,$3,$-2
9,2016-06-30,23.17,$10.13,2.29,$14.02,1.65,$2.74,8.45,$1.12,20.68,$0.03B,$0.04B,0.76,$0.32B,$0.17B,1.89,$0.25B,$0.08B,31.43%,$0.25B,$0.05B,19.59%,$0.25B,$0.05B,19.59%,$0.25B,$0.07B,27.35%,$0.25B,$0.03B,13.47%,$0.25B,$0.02B,7.76%,$0.02B,$0.17B,11.53%,$0.02B,$-0.11B,-17.97%,$0.02B,$0.84B,2.28%,$0.05B,$0.49B,10.15%,$62,$43,$19,$0,$6,$49,$13,$-4,$9,$3,$5,$5,$5,$18,$13,$17,17,$0.31,$0.30,$1,$6,$1,$29,$229,$188,$280,$76,$814,$843,$38,$319,$193,$636,$674,$0,$13,$0,$169,$843,$10,$10,$5,$15,$-2,$1,$-1,$1,$0,$25,$-14,$0,$-9,$0,$0,$0,$0,$-23,$0,$0,$0,$0,$0,$-1,$-1,$-2,$0,$2,$-1
10,2016-03-31,21.12,$9.78,2.16,$13.54,1.56,$2.44,8.66,$1.06,19.92,$0.03B,$0.04B,0.93,$0.31B,$0.16B,1.91,$0.24B,$0.08B,31.40%,$0.24B,$0.05B,19.01%,$0.24B,$0.05B,19.01%,$0.24B,$0.06B,26.45%,$0.24B,$0.03B,13.22%,$0.24B,$0.02B,7.85%,$0.02B,$0.16B,11.21%,$0.02B,$-0.10B,-19.74%,$0.02B,$0.83B,2.28%,$0.05B,$0.47B,9.84%,$63,$42,$21,$0,$9,$52,$12,$-4,$8,$3,$5,$5,$5,$17,$12,$16,17,$0.27,$0.27,$1,$6,$4,$33,$217,$185,$264,$76,$794,$827,$36,$311,$191,$629,$665,$0,$8,$0,$163,$827,$5,$5,$3,$7,$-0,$-1,$-2,$1,$-2,$10,$-3,$0,$-3,$0,$0,$0,$0,$-6,$-3,$0,$-3,$0,$0,$-0,$-1,$-4,$0,$1,$-0
11,2015-12-31,23.52,$9.47,2.49,$13.10,1.8,$2.34,10.06,$1.13,20.82,$0.03B,$0.04B,0.91,$0.31B,$0.16B,1.99,$0.24B,$0.08B,31.82%,$0.24B,$0.05B,20.25%,$0.24B,$0.05B,20.25%,$0.24B,$0.07B,27.27%,$0.24B,$0.04B,14.46%,$0.24B,$0.02B,8.26%,$0.02B,$0.16B,11.41%,$0.02B,$-0.12B,-22.35%,$0.02B,$0.83B,2.40%,$0.05B,$0.47B,10.57%,$62,$42,$20,$0,$7,$49,$12,$-4,$9,$3,$5,$5,$5,$17,$12,$18,18,$0.32,$0.30,$1,$6,$5,$34,$215,$192,$275,$76,$799,$833,$37,$313,$197,$638,$676,$0,$3,$0,$158,$833,$21,$18,$9,$27,$-2,$3,$1,$-0,$3,$51,$-36,$0,$-10,$0,$0,$0,$0,$-45,$42,$0,$42,$-44,$-44,$-2,$-2,$-6,$0,$4,$-2
12,2015-09-30,21.05,$9.76,2.16,$12.99,1.62,$2.19,9.62,$1.11,18.96,$0.03B,$0.04B,0.71,$0.29B,$0.17B,1.72,$0.24B,$0.08B,31.80%,$0.24B,$0.05B,20.50%,$0.24B,$0.05B,20.50%,$0.24B,$0.06B,26.78%,$0.24B,$0.03B,14.23%,$0.24B,$0.02B,8.37%,$0.02B,$0.17B,11.07%,$0.02B,$-0.09B,-25.16%,$0.02B,$0.83B,2.40%,$0.05B,$0.46B,10.69%,$58,$41,$17,$0,$6,$48,$11,$-3,$7,$3,$4,$4,$4,$15,$11,$18,18,$0.24,$0.24,$0,$6,$3,$31,$209,$196,$261,$76,$797,$828,$43,$290,$200,$616,$659,$0,$-2,$0,$169,$828,$15,$13,$7,$20,$-1,$3,$0,$0,$7,$43,$-29,$0,$-4,$0,$0,$0,$0,$-33,$15,$0,$15,$-23,$-23,$-1,$0,$-10,$-0,$3,$-1
13,2015-06-30,23.26,$10.24,2.27,$12.74,1.83,$1.93,12.08,$1.13,20.58,$0.03B,$0.03B,0.85,$0.28B,$0.19B,1.47,$0.24B,$0.07B,31.36%,$0.24B,$0.05B,19.49%,$0.24B,$0.05B,19.49%,$0.24B,$0.06B,25.85%,$0.24B,$0.03B,13.56%,$0.24B,$0.02B,8.90%,$0.02B,$0.19B,11.54%,$0.02B,$-0.07B,-27.18%,$0.02B,$0.84B,2.52%,$0.05B,$0.47B,10.10%,$59,$41,$18,$0,$7,$48,$11,$-3,$8,$3,$5,$5,$5,$15,$11,$18,19,$0.25,$0.24,$1,$6,$3,$29,$205,$217,$261,$76,$813,$842,$34,$276,$220,$620,$653,$0,$-6,$0,$188,$842,$11,$9,$5,$13,$1,$4,$0,$-1,$4,$28,$-21,$0,$-4,$0,$0,$0,$0,$-26,$1,$0,$1,$-3,$-3,$-1,$0,$-3,$0,$2,$-1
14,2015-03-31,23.22,$10.06,2.31,$12.70,1.83,$1.76,13.23,$1.06,21.91,$0.03B,$0.03B,1.04,$0.27B,$0.19B,1.46,$0.23B,$0.07B,31.62%,$0.23B,$0.05B,19.66%,$0.23B,$0.05B,19.66%,$0.23B,$0.06B,26.50%,$0.23B,$0.03B,12.82%,$0.23B,$0.02B,8.12%,$0.02B,$0.19B,10.72%,$0.02B,$-0.08B,-23.75%,$0.02B,$0.84B,2.29%,$0.05B,$0.46B,10.21%,$63,$41,$22,$0,$7,$49,$15,$-3,$11,$5,$6,$6,$6,$19,$15,$18,19,$0.35,$0.34,$0,$5,$2,$31,$194,$219,$261,$75,$804,$835,$30,$272,$222,$619,$649,$0,$-11,$0,$186,$835,$6,$4,$3,$7,$0,$3,$-0,$1,$-1,$13,$-6,$0,$-4,$0,$0,$0,$0,$-11,$-2,$0,$-2,$0,$0,$-0,$0,$-2,$-0,$1,$-0
15,2014-12-31,20.36,$9.72,2.1,$12.40,1.64,$1.06,19.27,$0.84,24.24,$0.04B,$0.03B,1.11,$0.27B,$0.18B,1.5,$0.23B,$0.07B,30.84%,$0.23B,$0.04B,17.18%,$0.23B,$0.04B,17.18%,$0.23B,$0.06B,24.23%,$0.23B,$0.02B,9.69%,$0.23B,$0.02B,6.61%,$0.02B,$0.18B,8.71%,$0.02B,$-0.08B,-20.00%,$0.02B,$0.83B,1.85%,$0.04B,$0.45B,8.90%,$59,$40,$19,$0,$6,$47,$12,$-4,$8,$3,$5,$5,$5,$15,$12,$18,18,$0.29,$0.30,$0,$5,$7,$37,$186,$218,$257,$76,$791,$828,$33,$270,$220,$615,$648,$0,$-17,$0,$180,$828,$16,$15,$16,$31,$-4,$-3,$-1,$-2,$-10,$37,$-24,$0,$-56,$0,$0,$0,$0,$-79,$60,$0,$60,$1,$1,$-2,$-18,$42,$-1,$5,$-2
16,2014-09-30,16.82,$9.43,1.78,$11.49,1.46,$1.65,10.18,$0.77,21.84,$0.03B,$0.04B,0.98,$0.27B,$0.17B,1.57,$0.22B,$0.07B,29.55%,$0.22B,$0.04B,16.36%,$0.22B,$0.04B,16.36%,$0.22B,$0.05B,23.64%,$0.22B,$0.02B,9.09%,$0.22B,$0.01B,6.36%,$0.01B,$0.17B,8.42%,$0.01B,$-0.08B,-19.51%,$0.01B,$0.83B,1.77%,$0.04B,$0.45B,8.50%,$55,$39,$15,$0,$7,$46,$8,$-3,$5,$1,$5,$5,$5,$12,$8,$18,18,$0.27,$0.26,$3,$5,$4,$34,$184,$222,$258,$75,$791,$826,$35,$273,$223,$616,$651,$0,$-23,$0,$174,$826,$10,$12,$7,$19,$-2,$1,$1,$-0,$-2,$28,$-18,$0,$-55,$0,$0,$0,$0,$-73,$64,$0,$64,$1,$1,$-1,$-17,$47,$2,$4,$-1
17,2014-06-30,16.6,$9.16,1.81,$11.25,1.48,$2.45,6.78,$0.83,20.0,$0.03B,$0.04B,0.82,$0.28B,$0.17B,1.62,$0.22B,$0.06B,29.77%,$0.22B,$0.03B,15.81%,$0.22B,$0.03B,15.81%,$0.22B,$0.05B,23.26%,$0.22B,$0.02B,8.37%,$0.22B,$0.02B,6.98%,$0.02B,$0.17B,9.33%,$0.02B,$-0.08B,-22.30%,$0.02B,$0.82B,1.96%,$0.03B,$0.45B,8.36%,$57,$39,$18,$0,$7,$46,$11,$-4,$6,$2,$4,$4,$3,$16,$11,$18,18,$0.18,$0.17,$1,$5,$4,$32,$176,$229,$254,$75,$791,$823,$39,$275,$230,$615,$654,$0,$-28,$0,$169,$823,$5,$8,$4,$12,$-2,$1,$-1,$-1,$-5,$13,$-10,$0,$-55,$0,$0,$0,$0,$-64,$67,$0,$67,$1,$1,$-1,$-17,$50,$-1,$3,$-1
18,2014-03-31,17.65,$8.96,1.97,$11.14,1.58,$3.27,5.4,$0.89,19.83,$0.05B,$0.04B,1.24,$0.24B,$0.17B,1.47,$0.21B,$0.06B,29.72%,$0.21B,$0.03B,15.09%,$0.21B,$0.03B,15.09%,$0.21B,$0.05B,22.17%,$0.21B,$0.02B,8.49%,$0.21B,$0.02B,7.55%,$0.02B,$0.17B,10.32%,$0.02B,$-0.06B,-24.90%,$0.02B,$0.77B,2.15%,$0.03B,$0.41B,8.16%,$56,$38,$18,$0,$9,$47,$8,$-6,$3,$1,$2,$2,$2,$12,$8,$18,18,$0.12,$0.12,$22,$5,$2,$51,$162,$213,$221,$73,$718,$769,$41,$243,$215,$563,$604,$0,$-31,$0,$166,$769,$2,$3,$-2,$1,$-0,$0,$-3,$-0,$-5,$-2,$-5,$0,$0,$0,$0,$0,$0,$-5,$42,$0,$42,$1,$1,$-0,$-15,$27,$21,$1,$-0
19,2013-12-31,18.88,$8.54,2.21,$10.65,1.77,$3.97,4.76,$1.02,18.51,$0.04B,$0.05B,0.76,$0.24B,$0.16B,1.51,$0.21B,$0.06B,30.05%,$0.21B,$0.04B,16.90%,$0.21B,$0.04B,16.90%,$0.21B,$0.05B,23.47%,$0.21B,$0.03B,11.74%,$0.21B,$0.02B,8.92%,$0.02B,$0.16B,12.79%,$0.02B,$-0.07B,-27.24%,$0.02B,$0.75B,2.57%,$0.04B,$0.39B,9.27%,$52,$38,$14,$0,$6,$44,$9,$-3,$6,$2,$4,$4,$4,$12,$9,$18,22,$0.22,$0.20,$1,$5,$7,$36,$161,$208,$221,$73,$710,$747,$48,$236,$209,$543,$591,$0,$-33,$0,$156,$747,$19,$12,$12,$24,$-3,$-0,$1,$2,$-4,$40,$-11,$0,$-10,$0,$0,$0,$0,$-20,$-19,$0,$-19,$1,$1,$-2,$-0,$-20,$-0,$4,$-2
20,2013-09-30,18.73,$8.33,2.25,$11.05,1.69,$3.51,5.34,$1.00,18.73,$0.03B,$0.05B,0.69,$0.23B,$0.15B,1.51,$0.21B,$0.07B,31.75%,$0.21B,$0.04B,16.59%,$0.21B,$0.04B,16.59%,$0.21B,$0.05B,23.70%,$0.21B,$0.03B,11.85%,$0.21B,$0.02B,9.00%,$0.02B,$0.15B,13.26%,$0.02B,$-0.07B,-25.50%,$0.02B,$0.73B,2.58%,$0.04B,$0.38B,9.01%,$50,$35,$14,$0,$7,$43,$6,$-3,$3,$1,$2,$2,$6,$10,$6,$18,18,$0.32,$0.32,$1,$5,$7,$33,$155,$202,$217,$73,$692,$725,$47,$229,$202,$525,$573,$0,$-37,$0,$152,$725,$15,$9,$7,$16,$-2,$1,$-2,$2,$-0,$31,$-7,$0,$2,$0,$0,$0,$0,$-5,$-27,$0,$-27,$1,$1,$-1,$0,$-27,$-1,$3,$-1
21,2013-06-30,16.34,$7.99,2.05,$10.96,1.49,$2.60,6.29,$0.71,23.01,$0.05B,$0.07B,0.75,$0.24B,$0.15B,1.65,$0.21B,$0.07B,31.58%,$0.21B,$0.04B,17.70%,$0.21B,$0.04B,17.70%,$0.21B,$0.05B,24.40%,$0.21B,$0.02B,10.53%,$0.21B,$0.01B,6.70%,$0.01B,$0.15B,10.14%,$0.01B,$-0.07B,-18.18%,$0.01B,$0.74B,1.90%,$0.04B,$0.39B,9.51%,$54,$37,$17,$0,$7,$44,$9,$-4,$6,$2,$4,$4,$4,$13,$9,$18,18,$0.23,$0.23,$2,$5,$22,$49,$154,$199,$217,$73,$691,$740,$65,$241,$199,$529,$594,$0,$-43,$0,$146,$740,$9,$6,$4,$10,$-2,$1,$-0,$3,$3,$23,$-4,$0,$-3,$0,$0,$0,$0,$-8,$-15,$0,$-15,$0,$0,$-1,$1,$-15,$-0,$2,$-1
22,2013-03-31,20.46,$7.75,2.64,$10.65,1.92,$2.00,10.21,$0.63,32.47,$0.04B,$0.04B,0.84,$0.25B,$0.14B,1.8,$0.20B,$0.06B,30.88%,$0.20B,$0.04B,18.14%,$0.20B,$0.04B,18.14%,$0.20B,$0.05B,24.51%,$0.20B,$0.02B,9.80%,$0.20B,$0.01B,6.37%,$0.01B,$0.14B,9.70%,$0.01B,$-0.08B,-16.94%,$0.01B,$0.75B,1.79%,$0.04B,$0.39B,9.60%,$57,$38,$19,$0,$6,$45,$12,$-3,$10,$4,$5,$5,$5,$15,$12,$18,22,$0.29,$0.25,$1,$5,$7,$36,$156,$205,$217,$75,$712,$748,$43,$252,$205,$564,$607,$0,$-47,$0,$140,$748,$5,$2,$3,$5,$-2,$0,$-1,$2,$-0,$10,$-3,$0,$-4,$0,$0,$0,$0,$-7,$-4,$0,$-4,$0,$0,$-0,$1,$-4,$-0,$1,$-0
23,2012-12-31,11.41,$7.43,1.54,$10.88,1.05,$1.70,6.71,$0.62,18.4,$0.03B,$0.04B,0.79,$0.26B,$0.14B,1.91,$0.20B,$0.06B,30.81%,$0.20B,$0.04B,18.18%,$0.20B,$0.04B,18.18%,$0.20B,$0.05B,24.75%,$0.20B,$0.02B,8.59%,$0.20B,$0.01B,6.06%,$0.01B,$0.14B,9.11%,$0.01B,$-0.08B,-16.05%,$0.01B,$0.74B,1.68%,$0.04B,$0.39B,9.46%,$50,$33,$17,$0,$9,$42,$8,$-3,$6,$2,$4,$4,$4,$12,$8,$18,18,$0.21,$0.21,$2,$5,$3,$33,$152,$200,$218,$75,$705,$738,$42,$257,$200,$561,$603,$0,$-53,$0,$135,$738,$11,$12,$9,$21,$-5,$5,$-1,$-1,$-7,$26,$-10,$0,$-45,$0,$0,$0,$0,$-55,$38,$0,$38,$-4,$-4,$-2,$-3,$30,$1,$2,$-2
24,2012-09-30,9.27,$7.23,1.28,$10.69,0.87,$1.97,4.7,$0.44,21.07,$0.03B,$0.03B,1.18,$0.25B,$0.13B,1.94,$0.20B,$0.06B,29.23%,$0.20B,$0.03B,16.92%,$0.20B,$0.03B,16.92%,$0.20B,$0.05B,23.08%,$0.20B,$0.01B,6.15%,$0.20B,$0.01B,4.10%,$0.01B,$0.13B,6.17%,$0.01B,$-0.08B,-11.35%,$0.01B,$0.72B,1.15%,$0.03B,$0.38B,8.88%,$48,$35,$13,$0,$5,$40,$8,$-8,$0,$0,$0,$0,$1,$11,$8,$18,18,$0.03,$0.03,$1,$13,$1,$31,$146,$205,$206,$75,$685,$716,$26,$254,$204,$559,$585,$0,$-56,$0,$131,$716,$8,$8,$6,$15,$-3,$1,$0,$1,$-7,$15,$-8,$0,$-24,$0,$0,$0,$0,$-32,$24,$0,$24,$-4,$-4,$-1,$-3,$16,$-1,$2,$-1
25,2012-06-30,7.95,$7.19,1.11,$10.39,0.77,$2.51,3.17,$0.45,17.68,$0.03B,$0.03B,0.98,$0.24B,$0.13B,1.87,$0.19B,$0.06B,28.95%,$0.19B,$0.03B,16.32%,$0.19B,$0.03B,16.32%,$0.19B,$0.04B,22.11%,$0.19B,$0.01B,6.84%,$0.19B,$0.01B,4.21%,$0.01B,$0.13B,6.21%,$0.01B,$-0.07B,-11.85%,$0.01B,$0.70B,1.18%,$0.03B,$0.37B,8.52%,$49,$35,$14,$0,$5,$40,$9,$-5,$4,$2,$2,$2,$3,$12,$9,$18,18,$0.15,$0.15,$1,$12,$0,$30,$144,$195,$201,$75,$669,$698,$30,$243,$195,$538,$568,$0,$-57,$0,$130,$698,$7,$5,$4,$10,$-1,$1,$0,$-0,$-3,$13,$-6,$0,$-17,$0,$0,$0,$0,$-22,$14,$0,$14,$-4,$-4,$-1,$0,$9,$-0,$1,$-1
26,2012-03-31,7.19,$7.21,1.0,$10.34,0.7,$2.70,2.66,$0.44,16.35,$0.03B,$0.03B,1.19,$0.24B,$0.13B,1.85,$0.19B,$0.06B,29.10%,$0.19B,$0.03B,15.87%,$0.19B,$0.03B,15.87%,$0.19B,$0.04B,21.69%,$0.19B,$0.01B,6.88%,$0.19B,$0.01B,4.23%,$0.01B,$0.13B,6.26%,$0.01B,$-0.07B,-12.31%,$0.01B,$0.70B,1.19%,$0.03B,$0.37B,8.36%,$51,$35,$17,$0,$5,$40,$11,$-5,$7,$3,$4,$4,$4,$14,$11,$18,18,$0.24,$0.24,$1,$15,$0,$32,$142,$198,$200,$72,$664,$697,$27,$243,$197,$538,$565,$0,$-57,$0,$131,$697,$4,$3,$3,$6,$-1,$-0,$0,$0,$-6,$4,$-3,$0,$-12,$0,$0,$0,$0,$-15,$14,$0,$14,$-2,$-2,$-0,$0,$11,$-0,$0,$-0
27,2011-12-31,5.31,$6.88,0.77,$10.31,0.52,$2.77,1.92,$0.38,13.98,$0.03B,$0.03B,0.97,$0.23B,$0.13B,1.81,$0.19B,$0.05B,28.04%,$0.19B,$0.03B,15.34%,$0.19B,$0.03B,15.34%,$0.19B,$0.04B,21.16%,$0.19B,$0.01B,6.35%,$0.19B,$0.01B,3.70%,$0.01B,$0.13B,5.57%,$0.01B,$-0.07B,-11.16%,$0.01B,$0.67B,1.04%,$0.03B,$0.36B,8.21%,$47,$34,$13,$0,$8,$42,$5,$-4,$1,$1,$0,$0,$0,$8,$5,$18,18,$0.02,$0.02,$1,$5,$4,$31,$136,$184,$194,$72,$642,$673,$32,$229,$184,$514,$546,$0,$-64,$0,$127,$673,$7,$10,$1,$11,$-2,$-2,$5,$10,$13,$31,$-11,$0,$-19,$0,$0,$0,$0,$-29,$2,$0,$2,$-2,$-2,$-1,$-0,$-2,$-0,$2,$-1
28,2011-09-30,5.59,$6.89,0.81,$10.25,0.55,$2.54,2.2,$0.48,11.65,$0.03B,$0.03B,1.0,$0.23B,$0.13B,1.78,$0.19B,$0.05B,27.81%,$0.19B,$0.03B,16.58%,$0.19B,$0.03B,16.58%,$0.19B,$0.04B,22.46%,$0.19B,$0.01B,7.49%,$0.19B,$0.01B,4.81%,$0.01B,$0.13B,7.26%,$0.01B,$-0.06B,-14.52%,$0.01B,$0.65B,1.34%,$0.03B,$0.35B,8.82%,$43,$33,$11,$0,$5,$38,$6,$-4,$1,$1,$1,$1,$1,$8,$6,$18,18,$0.04,$0.04,$4,$11,$0,$29,$131,$171,$190,$71,$623,$652,$29,$225,$171,$496,$525,$0,$-64,$0,$127,$652,$7,$8,$-0,$7,$0,$-1,$0,$8,$11,$25,$-8,$0,$-10,$0,$0,$0,$-0,$-18,$-1,$0,$-1,$-2,$-2,$-1,$-0,$-4,$3,$2,$-1
29,2011-06-30,5.32,$6.86,0.78,$10.47,0.51,$2.16,2.47,$0.49,10.86,$0.03B,$0.03B,1.0,$0.23B,$0.13B,1.8,$0.19B,$0.05B,26.98%,$0.19B,$0.03B,16.40%,$0.19B,$0.03B,16.40%,$0.19B,$0.04B,22.75%,$0.19B,$0.01B,7.41%,$0.19B,$0.01B,4.76%,$0.01B,$0.13B,7.42%,$0.01B,$-0.06B,-14.29%,$0.01B,$0.68B,1.34%,$0.03B,$0.35B,8.86%,$48,$34,$14,$0,$5,$39,$8,$-4,$4,$2,$3,$3,$3,$11,$8,$18,18,$0.14,$0.14,$5,$10,$0,$29,$129,$204,$187,$71,$649,$678,$29,$227,$205,$522,$552,$0,$-65,$0,$126,$678,$6,$5,$1,$6,$-0,$0,$0,$0,$4,$16,$-5,$0,$-5,$0,$0,$0,$0,$-10,$-1,$0,$-1,$-1,$-1,$-0,$0,$-2,$4,$1,$-0
30,2011-03-31,5.16,$6.73,0.77,$10.35,0.5,$2.14,2.42,$0.48,10.75,$0.03B,$0.02B,1.27,$0.23B,$0.12B,1.86,$0.19B,$0.05B,26.34%,$0.19B,$0.03B,16.67%,$0.19B,$0.03B,16.67%,$0.19B,$0.04B,23.12%,$0.19B,$0.01B,7.53%,$0.19B,$0.01B,4.30%,$0.01B,$0.12B,6.75%,$0.01B,$-0.06B,-12.40%,$0.01B,$0.68B,1.21%,$0.03B,$0.35B,8.92%,$51,$36,$15,$0,$5,$41,$10,$-5,$6,$2,$3,$3,$3,$13,$10,$18,18,$0.18,$0.18,$2,$11,$0,$28,$128,$212,$183,$71,$649,$677,$22,$229,$212,$531,$554,$0,$-68,$0,$123,$677,$3,$3,$3,$6,$0,$-0,$0,$-0,$-6,$4,$-2,$0,$0,$0,$0,$0,$0,$-2,$-1,$0,$-1,$0,$0,$-0,$0,$-1,$1,$0,$0
31,2010-12-31,4.54,$6.59,0.69,$10.24,0.44,$2.10,2.16,$0.46,9.87,$0.03B,$0.03B,1.1,$0.23B,$0.12B,1.92,$0.18B,$0.05B,26.37%,$0.18B,$0.03B,16.48%,$0.18B,$0.03B,16.48%,$0.18B,$0.04B,23.08%,$0.18B,$0.01B,7.14%,$0.18B,$0.01B,4.40%,$0.01B,$0.12B,6.91%,$0.01B,$-0.06B,-12.65%,$0.01B,$0.67B,1.23%,$0.03B,$0.35B,8.70%,$45,$33,$12,$0,$4,$38,$7,$-4,$3,$1,$2,$2,$2,$10,$7,$18,18,$0.12,$0.11,$1,$11,$0,$28,$128,$207,$183,$71,$643,$671,$25,$230,$207,$526,$551,$0,$-71,$0,$120,$671,$8,$11,$8,$18,$-5,$-0,$0,$2,$-1,$26,$-10,$0,$-19,$0,$0,$0,$-0,$-29,$0,$0,$0,$1,$1,$-0,$1,$1,$-2,$2,$0
32,2010-09-30,4.69,$6.54,0.72,$10.28,0.46,$1.60,2.93,$0.44,10.66,$0.03B,$0.02B,1.33,$0.23B,$0.12B,1.98,$0.18B,$0.05B,26.37%,$0.18B,$0.03B,17.03%,$0.18B,$0.03B,17.03%,$0.18B,$0.04B,23.08%,$0.18B,$0.01B,7.14%,$0.18B,$0.01B,4.40%,$0.01B,$0.12B,7.10%,$0.01B,$-0.07B,-12.90%,$0.01B,$0.66B,1.26%,$0.03B,$0.35B,9.06%,$45,$35,$10,$0,$4,$40,$6,$-5,$1,$1,$1,$1,$1,$9,$6,$18,18,$0.05,$0.05,$1,$11,$0,$26,$126,$152,$183,$71,$629,$655,$20,$229,$5,$519,$539,$0,$-73,$0,$116,$655,$6,$8,$4,$12,$-2,$2,$0,$0,$-2,$17,$-6,$0,$-17,$0,$0,$0,$0,$-23,$5,$0,$5,$-0,$-0,$-0,$-0,$4,$-2,$1,$0
33,2010-06-30,4.36,$6.48,0.67,$10.11,0.43,$1.14,3.82,$0.44,9.92,$0.03B,$0.03B,1.14,$0.23B,$0.12B,2.0,$0.18B,$0.05B,26.82%,$0.18B,$0.03B,17.32%,$0.18B,$0.03B,17.32%,$0.18B,$0.04B,23.46%,$0.18B,$0.01B,7.26%,$0.18B,$0.01B,4.47%,$0.01B,$0.12B,7.24%,$0.01B,$-0.07B,-13.39%,$0.01B,$0.64B,1.29%,$0.03B,$0.34B,9.11%,$45,$32,$12,$0,$3,$36,$8,$-4,$4,$2,$2,$2,$2,$11,$8,$18,18,$0.13,$0.13,$1,$13,$0,$28,$126,$176,$182,$71,$610,$638,$25,$229,$3,$499,$523,$0,$-74,$0,$115,$638,$5,$5,$6,$11,$-1,$0,$0,$-0,$-2,$15,$-4,$0,$-16,$0,$0,$0,$0,$-20,$3,$0,$3,$-0,$-0,$-0,$-0,$3,$-2,$1,$0
34,2010-03-31,4.31,$6.40,0.67,$10.16,0.42,$0.77,5.61,$0.43,10.02,$0.03B,$0.02B,1.96,$0.23B,$0.11B,2.06,$0.18B,$0.05B,26.82%,$0.18B,$0.03B,17.32%,$0.18B,$0.03B,17.32%,$0.18B,$0.04B,23.46%,$0.18B,$0.01B,6.70%,$0.18B,$0.01B,4.47%,$0.01B,$0.11B,7.39%,$0.01B,$-0.06B,-13.91%,$0.01B,$0.63B,1.32%,$0.03B,$0.34B,9.16%,$47,$33,$14,$0,$4,$38,$9,$-4,$5,$2,$3,$3,$3,$12,$9,$17,18,$0.16,$0.16,$5,$13,$0,$33,$124,$194,$167,$71,$596,$629,$17,$230,$0,$501,$517,$0,$-76,$0,$112,$629,$3,$3,$3,$6,$-1,$-0,$0,$1,$-6,$3,$-2,$0,$0,$0,$0,$0,$0,$-2,$-0,$0,$-0,$0,$0,$-0,$-0,$-0,$1,$1,$0
35,2009-12-31,3.68,$6.25,0.59,$10.05,0.37,$0.58,6.3,$0.40,9.2,$0.03B,$0.02B,1.56,$0.23B,$0.11B,2.13,$0.18B,$0.05B,26.40%,$0.18B,$0.03B,17.42%,$0.18B,$0.03B,17.42%,$0.18B,$0.04B,23.03%,$0.18B,$0.01B,6.18%,$0.18B,$0.01B,3.93%,$0.01B,$0.11B,6.56%,$0.01B,$-0.06B,-11.97%,$0.01B,$0.62B,1.20%,$0.03B,$0.34B,9.20%,$45,$33,$12,$0,$4,$37,$8,$-5,$3,$1,$2,$2,$2,$10,$8,$18,18,$0.10,$0.10,$4,$15,$0,$33,$125,$183,$167,$72,$586,$619,$21,$230,$184,$490,$511,$0,$-79,$0,$108,$619,$7,$11,$10,$21,$-7,$0,$0,$-3,$-12,$16,$-9,$0,$-3,$0,$0,$0,$0,$-12,$-1,$0,$-1,$-4,$-4,$-0,$-1,$-5,$-1,$2,$0
36,2009-09-30,3.65,$6.17,0.59,$9.77,0.37,$0.55,6.62,$0.21,17.39,$0.03B,$0.02B,1.71,$0.23B,$0.11B,2.15,$0.18B,$0.05B,25.42%,$0.18B,$0.03B,16.38%,$0.18B,$0.03B,16.38%,$0.18B,$0.04B,22.60%,$0.18B,$0.01B,3.39%,$0.18B,$0.00B,1.69%,$0.00B,$0.11B,2.84%,$0.00B,$-0.06B,-5.08%,$0.00B,$0.60B,0.53%,$0.03B,$0.34B,8.63%,$42,$32,$10,$0,$4,$36,$6,$-5,$1,$1,$1,$1,$1,$9,$6,$17,18,$0.05,$0.05,$3,$12,$0,$30,$124,$175,$165,$71,$574,$604,$18,$230,$0,$479,$497,$0,$-81,$0,$107,$604,$5,$8,$8,$16,$-5,$0,$0,$-3,$-13,$8,$-6,$0,$0,$0,$0,$0,$0,$-6,$-1,$0,$-1,$-3,$-3,$-0,$-0,$-4,$-2,$1,$0
37,2009-06-30,3.34,$6.11,0.55,$9.58,0.35,$0.57,5.83,$0.16,20.89,$0.03B,$0.02B,1.68,$0.23B,$0.11B,2.17,$0.18B,$0.04B,24.72%,$0.18B,$0.03B,15.73%,$0.18B,$0.03B,15.73%,$0.18B,$0.04B,21.35%,$0.18B,$0.01B,2.81%,$0.18B,$0.00B,1.12%,$0.00B,$0.11B,1.89%,$0.00B,$-0.06B,-3.40%,$0.00B,$0.58B,0.35%,$0.03B,$0.34B,8.33%,$45,$33,$12,$0,$4,$37,$8,$-4,$3,$1,$2,$2,$2,$11,$8,$17,17,$0.12,$0.12,$6,$15,$0,$34,$124,$146,$165,$71,$543,$577,$20,$230,$0,$451,$471,$0,$-82,$0,$106,$577,$4,$6,$6,$12,$-3,$-0,$0,$-3,$-9,$7,$-3,$0,$0,$0,$0,$0,$0,$-3,$-0,$0,$-0,$-3,$-3,$-0,$-0,$-3,$1,$1,$0
38,2009-03-31,1.43,$5.89,0.24,$9.22,0.16,$0.60,2.39,$0.04,35.82,$0.03B,$0.02B,1.67,$0.23B,$0.11B,2.19,$0.18B,$0.04B,23.86%,$0.18B,$0.03B,14.20%,$0.18B,$0.03B,14.20%,$0.18B,$0.03B,19.32%,$0.18B,$0.00B,1.14%,$0.18B,$-0.00B,-0.57%,$-0.00B,$0.11B,-0.94%,$-0.00B,$-0.06B,1.72%,$-0.00B,$0.54B,-0.18%,$0.03B,$0.34B,7.41%,$46,$33,$13,$0,$4,$37,$9,$-5,$4,$2,$2,$2,$2,$11,$9,$18,18,$0.13,$0.13,$3,$15,$0,$31,$125,$114,$165,$71,$512,$543,$19,$231,$0,$419,$437,$0,$-84,$0,$106,$543,$2,$3,$3,$6,$-0,$-0,$0,$-0,$-9,$-1,$-2,$0,$0,$0,$0,$0,$0,$-2,$1,$0,$1,$-1,$-1,$-0,$-0,$-0,$-2,$1,$0
39,2008-12-31,1.88,$5.81,0.32,$9.10,0.21,$0.81,2.32,$0.08,23.53,$0.04B,$0.03B,1.3,$0.23B,$0.10B,2.23,$0.18B,$0.04B,24.29%,$0.18B,$0.03B,14.69%,$0.18B,$0.03B,14.69%,$0.18B,$0.04B,20.34%,$0.18B,$0.00B,1.69%,$0.18B,0,0.00%,$0.00B,$0.10B,0.00%,$0.00B,$-0.06B,0.00%,$0.00B,$0.56B,0.00%,$0.03B,$0.33B,7.68%,$44,$34,$10,$0,$4,$38,$6,$-8,$-2,$-1,$-2,$-2,$-2,$9,$6,$19,19,$-0.10,$-0.10,$5,$15,$0,$35,$126,$126,$165,$70,$526,$560,$27,$231,$0,$430,$457,$0,$-86,$0,$104,$560,$0,$11,$9,$20,$2,$1,$0,$-8,$-1,$20,$-13,$0,$0,$0,$0,$0,$1,$-12,$-1,$0,$-1,$-5,$-5,$-0,$0,$-6,$2,$2,$0
40,2008-09-30,3.28,$5.75,0.57,$9.02,0.36,$0.87,3.78,$0.24,13.66,$0.03B,$0.02B,1.52,$0.23B,$0.11B,2.15,$0.18B,$0.05B,25.57%,$0.18B,$0.03B,15.91%,$0.18B,$0.03B,15.91%,$0.18B,$0.04B,21.02%,$0.18B,$0.01B,4.55%,$0.18B,$0.00B,2.27%,$0.00B,$0.11B,3.68%,$0.00B,$-0.06B,-6.99%,$0.00B,$0.58B,0.67%,$0.03B,$0.34B,8.24%,$43,$34,$9,$0,$4,$39,$5,$-4,$0,$0,$0,$0,$0,$7,$5,$19,20,$0.01,$0.01,$3,$12,$0,$28,$126,$146,$165,$70,$550,$578,$19,$231,$0,$452,$471,$0,$-84,$0,$107,$578,$2,$8,$6,$14,$7,$0,$0,$-7,$-4,$12,$-10,$0,$0,$0,$0,$0,$1,$-9,$-1,$0,$-1,$-3,$-3,$-0,$0,$-4,$-0,$1,$0
41,2008-06-30,6.18,$5.65,1.09,$8.88,0.7,$0.80,7.77,$0.28,22.07,$0.04B,$0.02B,1.66,$0.23B,$0.11B,2.1,$0.17B,$0.05B,26.59%,$0.17B,$0.03B,16.76%,$0.17B,$0.03B,16.76%,$0.17B,$0.04B,21.97%,$0.17B,$0.01B,5.20%,$0.17B,$0.01B,2.89%,$0.01B,$0.11B,4.63%,$0.01B,$-0.06B,-8.89%,$0.01B,$0.60B,0.82%,$0.03B,$0.34B,8.55%,$43,$33,$10,$0,$5,$38,$5,$-5,$0,$0,$0,$0,$-1,$7,$5,$19,19,$-0.07,$-0.07,$9,$13,$0,$35,$127,$165,$165,$69,$569,$604,$21,$231,$0,$473,$494,$0,$-84,$0,$110,$604,$2,$5,$6,$11,$7,$-0,$0,$-6,$-1,$12,$-7,$0,$0,$0,$0,$0,$1,$-6,$-1,$0,$-1,$0,$0,$-0,$0,$-0,$5,$1,$0
42,2008-03-31,7.26,$5.70,1.27,$8.80,0.82,$0.80,9.11,$0.38,19.1,$0.03B,$0.02B,2.09,$0.23B,$0.11B,2.09,$0.17B,$0.05B,27.49%,$0.17B,$0.03B,18.13%,$0.17B,$0.03B,18.13%,$0.17B,$0.04B,23.98%,$0.17B,$0.01B,7.02%,$0.17B,$0.01B,4.68%,$0.01B,$0.11B,7.53%,$0.01B,$-0.06B,-14.16%,$0.01B,$0.60B,1.32%,$0.03B,$0.34B,9.18%,$47,$33,$14,$0,$4,$37,$10,$-5,$5,$2,$3,$3,$3,$13,$10,$19,19,$0.17,$0.17,$5,$13,$0,$33,$125,$167,$167,$68,$571,$604,$16,$231,$0,$477,$493,$0,$-83,$0,$111,$604,$3,$3,$4,$7,$4,$-1,$0,$-4,$-7,$3,$-2,$0,$0,$0,$0,$0,$0,$-2,$-0,$0,$-0,$0,$0,$0,$0,$-0,$1,$0,$0
43,2007-12-31,8.24,$5.56,1.48,$8.58,0.96,$0.70,11.77,$0.39,21.13,$0.03B,$0.02B,1.53,$0.23B,$0.11B,2.17,$0.17B,$0.05B,27.71%,$0.17B,$0.03B,18.07%,$0.17B,$0.03B,18.07%,$0.17B,$0.04B,24.10%,$0.17B,$0.01B,7.23%,$0.17B,$0.01B,4.82%,$0.01B,$0.11B,7.73%,$0.01B,$-0.06B,-14.41%,$0.01B,$0.61B,1.32%,$0.03B,$0.34B,8.95%,$43,$31,$12,$0,$4,$35,$8,$-4,$3,$1,$2,$2,$2,$10,$8,$19,20,$0.12,$0.11,$3,$14,$0,$34,$126,$167,$167,$68,$577,$611,$22,$231,$0,$482,$504,$0,$-86,$0,$107,$611,$8,$10,$9,$19,$-4,$-0,$0,$0,$-8,$20,$-12,$0,$-49,$15,$0,$15,$6,$-39,$-1,$0,$-1,$1,$1,$0,$0,$-0,$-19,$1,$0
44,2007-09-30,7.59,$5.44,1.4,$8.30,0.92,$0.95,7.97,$0.33,23.01,$0.03B,$0.02B,1.59,$0.23B,$0.10B,2.22,$0.16B,$0.04B,26.42%,$0.16B,$0.03B,17.61%,$0.16B,$0.03B,17.61%,$0.16B,$0.04B,23.90%,$0.16B,$0.01B,6.92%,$0.16B,$0.01B,3.77%,$0.01B,$0.10B,5.96%,$0.01B,$-0.05B,-11.21%,$0.01B,$0.61B,1.01%,$0.03B,$0.34B,8.41%,$40,$31,$10,$0,$4,$35,$6,$-4,$1,$1,$1,$1,$1,$8,$6,$19,20,$0.04,$0.04,$7,$11,$1,$33,$117,$169,$157,$68,$574,$606,$21,$231,$0,$482,$502,$0,$-89,$0,$104,$606,$6,$8,$14,$21,$-0,$0,$0,$-12,$-18,$10,$-8,$0,$-33,$10,$0,$10,$5,$-25,$-1,$0,$-1,$1,$1,$0,$-0,$0,$-16,$1,$0
45,2007-06-30,7.73,$5.41,1.43,$8.12,0.95,$1.19,6.48,$0.26,29.75,$0.04B,$0.02B,1.68,$0.23B,$0.10B,2.25,$0.15B,$0.04B,24.68%,$0.15B,$0.03B,16.23%,$0.15B,$0.03B,16.23%,$0.15B,$0.04B,22.73%,$0.15B,$0.01B,5.84%,$0.15B,$0.00B,2.60%,$0.00B,$0.10B,4.05%,$0.00B,$-0.06B,-7.37%,$0.00B,$0.61B,0.69%,$0.03B,$0.34B,7.55%,$41,$30,$11,$0,$4,$34,$7,$-4,$3,$1,$2,$2,$2,$10,$7,$19,19,$0.10,$0.10,$14,$12,$0,$40,$112,$165,$159,$68,$568,$608,$24,$232,$0,$481,$505,$0,$-89,$0,$103,$608,$5,$5,$11,$16,$-0,$0,$0,$-9,$-11,$10,$-6,$0,$-29,$10,$0,$10,$5,$-19,$-1,$0,$-1,$1,$1,$0,$-0,$-0,$-8,$1,$0
46,2007-03-31,7.58,$5.30,1.43,$7.97,0.95,$1.33,5.69,$0.20,37.88,$0.05B,$0.02B,2.62,$0.23B,$0.10B,2.31,$0.15B,$0.04B,23.33%,$0.15B,$0.02B,15.33%,$0.15B,$0.02B,15.33%,$0.15B,$0.03B,22.00%,$0.15B,$0.01B,4.67%,$0.15B,$0.00B,2.00%,$0.00B,$0.10B,3.09%,$0.00B,$-0.05B,-5.56%,$0.00B,$0.59B,0.53%,$0.02B,$0.33B,6.99%,$42,$30,$13,$0,$3,$33,$9,$-4,$5,$2,$3,$3,$3,$12,$9,$19,19,$0.18,$0.18,$25,$12,$0,$53,$103,$155,$153,$64,$538,$591,$20,$232,$0,$470,$490,$0,$-91,$0,$100,$591,$3,$3,$5,$8,$-1,$-0,$0,$-2,$-9,$2,$-2,$0,$-10,$10,$0,$10,$2,$1,$-0,$0,$-0,$0,$0,$0,$0,$0,$3,$0,$0
47,2006-12-31,4.77,$5.18,0.92,$7.94,0.6,$1.35,3.54,$-0.07,0.0,$0.06B,$0.03B,2.39,$0.23B,$0.10B,2.41,$0.15B,$0.03B,22.82%,$0.15B,$0.02B,14.77%,$0.15B,$0.02B,14.77%,$0.15B,$0.03B,20.81%,$0.15B,$0.01B,4.03%,$0.15B,$-0.00B,-1.34%,$-0.00B,$0.10B,-2.09%,$-0.00B,$-0.05B,3.65%,$-0.00B,$0.57B,-0.35%,$0.02B,$0.33B,6.71%,$36,$28,$8,$0,$2,$30,$6,$-4,$2,$1,$1,$1,$0,$8,$6,$19,19,$-0.01,$0.00,$33,$12,$3,$61,$100,$133,$149,$61,$504,$565,$26,$232,$0,$443,$469,$0,$-94,$0,$96,$565,$-1,$9,$13,$22,$-2,$0,$0,$-1,$-2,$18,$-6,$0,$-1,$2,$0,$2,$3,$-2,$-2,$0,$-2,$1,$1,$0,$-0,$-2,$15,$1,$0
