,Date,Stock Price,Book Value per Share,Price to Book Ratio,TTM Sales per Share,Price to Sales Ratio,TTM FCF per Share,Price to FCF Ratio,TTM Net EPS,PE Ratio,Current Assets,Current Liabilities,Current Ratio,Long Term Debt,Shareholder's Equity_x,Debt to Equity Ratio,TTM Revenue_x,TTM Gross Profit,Gross Margin,TTM Revenue_y,TTM Operating Income,Operating Margin,TTM Revenue_x,TTM EBIT,EBIT Margin,TTM Revenue_y,TTM EBITDA,EBITDA Margin,TTM Revenue_x,TTM Pre-Tax Income,Pre-Tax Margin,TTM Revenue_y,TTM Net Income_x,Net Margin,TTM Net Income_y,Shareholder's Equity_y,Return on Equity,TTM Net Income_x,Tangible Equity,Return on Tangible Equity,TTM Net Income_y,Total Assets,Return on Assets,TTM Net Income,LT Investments & Debt,Return on Investment,revenue,cost-goods-sold,gross-profit,research-development-expenses,selling-general-administrative-expenses,operating-expenses,operating-income,total-non-operating-income-expense,pre-tax-income,total-provision-income-taxes,income-after-taxes,income-from-continuous-operations,net-income,ebitda,ebit,basic-shares-outstanding,shares-outstanding,eps-basic-net-earnings-per-share,eps-earnings-per-share-diluted,cash-on-hand,inventory,other-current-assets,total-current-assets,net-property-plant-equipment,long-term-investments,goodwill-intangible-assets-total,other-long-term-assets,total-long-term-assets,total-assets,total-current-liabilities,long-term-debt,other-non-current-liabilities,total-long-term-liabilities,total-liabilities,common-stock-net,retained-earnings-accumulated-deficit,comprehensive-income,total-share-holder-equity,total-liabilities-share-holders-equity,net-income-loss,total-depreciation-amortization-cash-flow,other-non-cash-items,total-non-cash-items,change-in-accounts-receivable,change-in-inventories,change-in-accounts-payable,change-in-assets-liabilities,total-change-in-assets-liabilities,cash-flow-from-operating-activities,net-change-in-property-plant-equipment,net-change-in-intangible-assets,net-acquisitions-divestitures,net-change-in-short-term-investments,net-change-in-long-term-investments,net-change-in-investments-total,investing-activities-other,cash-flow-from-investing-activities,net-long-term-debt,net-current-debt,debt-issuance-retirement-net-total,net-common-equity-issued-repurchased,net-total-equity-issued-repurchased,total-common-preferred-stock-dividends-paid,financial-activities-other,cash-flow-from-financial-activities,net-cash-flow,stock-based-compensation,common-stock-dividends-paid
0,2018-09-30,18.98,$18.84,1.01,$2.63,7.23,$-13.05,0.0,$2.69,7.06,$0.02B,$0.08B,0.28,$0.13B,$0.31B,0.41,$0.04B,$0.04B,100.00%,$0.04B,$0.02B,44.19%,$0.04B,$0.03B,65.12%,$0.04B,$0.03B,65.12%,$0.04B,$0.04B,102.33%,$0.04B,$0.04B,102.33%,$0.04B,$0.31B,14.40%,$0.04B,$0.31B,14.40%,$0.04B,$0.52B,9.84%,$0.02B,$0.44B,5.10%,$13,$0,$13,$0,$3,$7,$6,$1,$7,$0,$7,$7,$7,$9,$9,$16,16,$0.40,$0.40,$10,$0,$0,$21,$0,$492,$0,$1,$495,$517,$76,$127,$5,$132,$209,$5,$17,$0,$308,$517,$18,$0,$-97,$-97,$-3,$0,$0,$3,$1,$-78,$0,$0,$0,$0,$0,$0,$0,$0,$105,$0,$105,$2,$2,$-26,$-1,$80,$2,$1,$-26
1,2018-06-30,18.11,$18.87,0.96,$2.38,7.6,$-8.85,0.0,$2.82,6.42,$0.02B,$0.07B,0.29,$0.07B,$0.31B,0.21,$0.04B,$0.04B,100.00%,$0.04B,$0.02B,43.59%,$0.04B,$0.02B,61.54%,$0.04B,$0.02B,61.54%,$0.04B,$0.05B,117.95%,$0.04B,$0.05B,117.95%,$0.05B,$0.31B,15.24%,$0.05B,$0.31B,15.24%,$0.05B,$0.45B,11.22%,$0.02B,$0.37B,4.85%,$11,$0,$11,$0,$3,$6,$5,$7,$12,$0,$12,$12,$12,$7,$7,$16,16,$0.72,$0.72,$13,$0,$0,$21,$0,$411,$0,$16,$430,$451,$74,$65,$4,$69,$144,$5,$18,$0,$307,$451,$12,$0,$-17,$-17,$-1,$0,$0,$-12,$-13,$-18,$0,$0,$0,$0,$0,$0,$0,$0,$26,$0,$26,$1,$1,$-5,$-0,$23,$5,$0,$-5
2,2018-03-31,16.23,$19.07,0.85,$2.18,7.45,$-7.90,0.0,$2.44,6.65,$0.02B,$0.06B,0.25,$0.04B,$0.31B,0.13,$0.04B,$0.04B,100.00%,$0.04B,$0.02B,44.44%,$0.04B,$0.02B,58.33%,$0.04B,$0.02B,58.33%,$0.04B,$0.04B,111.11%,$0.04B,$0.04B,108.33%,$0.04B,$0.31B,13.14%,$0.04B,$0.31B,13.14%,$0.04B,$0.42B,10.26%,$0.02B,$0.35B,4.77%,$10,$0,$10,$0,$3,$5,$4,$11,$15,$0,$15,$15,$15,$6,$6,$16,16,$0.93,$0.93,$8,$0,$0,$16,$0,$393,$0,$6,$402,$417,$63,$40,$6,$46,$109,$5,$9,$0,$308,$417,$39,$0,$-104,$-104,$0,$0,$0,$1,$1,$-64,$0,$0,$0,$0,$0,$0,$0,$0,$71,$0,$71,$-0,$-0,$-19,$-2,$49,$-14,$2,$-19
3,2017-12-31,15.53,$18.44,0.84,$2.05,7.56,$-9.58,0.0,$1.88,8.26,$0.03B,$0.06B,0.46,$0.04B,$0.30B,0.12,$0.03B,$0.03B,100.00%,$0.03B,$0.02B,47.06%,$0.03B,$0.02B,55.88%,$0.03B,$0.02B,55.88%,$0.03B,$0.03B,91.18%,$0.03B,$0.03B,88.24%,$0.03B,$0.30B,10.31%,$0.03B,$0.30B,10.31%,$0.03B,$0.40B,8.40%,$0.02B,$0.33B,4.90%,$9,$0,$9,$0,$3,$5,$4,$6,$10,$-0,$10,$10,$10,$6,$6,$16,16,$0.64,$0.64,$21,$0,$0,$27,$0,$367,$0,$6,$376,$403,$59,$35,$8,$45,$104,$5,$9,$0,$299,$403,$24,$0,$-78,$-78,$0,$0,$0,$2,$3,$-51,$0,$0,$0,$0,$0,$0,$0,$0,$66,$0,$66,$0,$0,$-14,$-2,$50,$-2,$1,$-14
4,2017-09-30,15.83,$18.26,0.87,$1.93,8.21,$-10.94,0.0,$1.73,9.15,$0.04B,$0.00B,10.39,$0.06B,$0.29B,0.19,$0.03B,$0.03B,100.00%,$0.03B,$0.02B,46.88%,$0.03B,$0.02B,53.13%,$0.03B,$0.02B,53.13%,$0.03B,$0.03B,90.63%,$0.03B,$0.03B,87.50%,$0.03B,$0.29B,9.74%,$0.03B,$0.29B,9.74%,$0.03B,$0.37B,8.37%,$0.02B,$0.35B,4.72%,$9,$0,$9,$0,$3,$4,$4,$5,$9,$0,$9,$9,$9,$5,$5,$16,16,$0.54,$0.54,$33,$0,$0,$40,$0,$322,$0,$5,$329,$369,$4,$56,$14,$72,$76,$5,$8,$0,$293,$369,$14,$-0,$-34,$-34,$-0,$0,$0,$11,$11,$-9,$0,$0,$0,$0,$0,$0,$0,$0,$31,$0,$31,$0,$0,$-11,$-0,$20,$11,$1,$-11
5,2017-06-30,14.64,$17.96,0.82,$1.70,8.63,$-12.47,0.0,$1.64,8.93,$0.02B,$0.01B,1.47,$0.03B,$0.29B,0.09,$0.03B,$0.03B,100.00%,$0.03B,$0.01B,46.43%,$0.03B,$0.01B,50.00%,$0.03B,$0.01B,50.00%,$0.03B,$0.03B,96.43%,$0.03B,$0.03B,92.86%,$0.03B,$0.29B,9.15%,$0.03B,$0.29B,9.15%,$0.03B,$0.33B,8.15%,$0.01B,$0.31B,4.33%,$8,$0,$8,$0,$3,$4,$4,$2,$6,$0,$5,$5,$5,$4,$4,$16,16,$0.34,$0.34,$12,$0,$0,$19,$0,$307,$0,$4,$313,$331,$13,$25,$4,$31,$44,$5,$8,$0,$287,$331,$5,$-0,$-19,$-19,$-0,$0,$0,$11,$11,$-3,$0,$0,$0,$0,$0,$0,$0,$0,$0,$0,$0,$0,$0,$-7,$0,$-7,$-10,$0,$-7
6,2017-03-31,15.2,$17.80,0.85,$1.48,10.27,$-12.10,0.0,$1.47,10.34,$0.03B,$0.01B,3.07,$0.03B,$0.29B,0.09,$0.02B,$0.02B,100.00%,$0.02B,$0.01B,41.67%,$0.02B,$0.01B,45.83%,$0.02B,$0.01B,45.83%,$0.02B,$0.02B,100.00%,$0.02B,$0.02B,100.00%,$0.02B,$0.29B,8.56%,$0.02B,$0.29B,8.56%,$0.02B,$0.33B,7.83%,$0.01B,$0.31B,3.44%,$8,$0,$8,$0,$3,$4,$4,$3,$6,$0,$6,$6,$6,$4,$4,$16,16,$0.37,$0.37,$22,$0,$1,$29,$0,$287,$0,$8,$297,$326,$9,$25,$6,$31,$41,$5,$7,$0,$285,$326,$23,$0,$-105,$-105,$-0,$0,$0,$-9,$-8,$-90,$0,$0,$0,$0,$0,$0,$0,$0,$25,$0,$25,$2,$2,$-6,$-5,$16,$-74,$1,$-6
7,2016-12-31,14.12,$17.88,0.79,$1.24,11.43,$-13.55,0.0,$1.26,11.2,$0.04B,$0.00B,68.26,$0.02B,$0.29B,0.05,$0.02B,$0.02B,100.00%,$0.02B,$0.01B,35.00%,$0.02B,$0.01B,40.00%,$0.02B,$0.01B,40.00%,$0.02B,$0.02B,100.00%,$0.02B,$0.02B,105.00%,$0.02B,$0.29B,7.57%,$0.02B,$0.29B,7.57%,$0.02B,$0.31B,7.09%,$0.01B,$0.30B,2.49%,$7,$0,$7,$0,$3,$3,$3,$5,$8,$1,$8,$8,$8,$4,$4,$16,16,$0.50,$0.50,$33,$0,$0,$39,$0,$267,$0,$4,$273,$312,$1,$15,$9,$26,$27,$5,$5,$0,$285,$312,$18,$-0,$-87,$-87,$0,$0,$0,$-3,$-2,$-72,$0,$0,$0,$0,$0,$0,$0,$0,$15,$0,$15,$1,$1,$-3,$-4,$9,$-63,$1,$-3
8,2016-09-30,12.71,$17.74,0.72,$1.01,12.53,$-13.33,0.0,$0.70,18.16,$0.06B,$0.02B,3.27,$0.00B,$0.28B,0.0,$0.02B,$0.02B,100.00%,$0.02B,$0.00B,18.75%,$0.02B,$0.00B,18.75%,$0.02B,$0.00B,18.75%,$0.02B,$0.01B,62.50%,$0.02B,$0.01B,75.00%,$0.01B,$0.28B,4.38%,$0.01B,$0.28B,4.38%,$0.01B,$0.31B,4.14%,$0.00B,$0.28B,1.09%,$5,$0,$5,$0,$2,$3,$2,$6,$7,$0,$7,$7,$7,$2,$2,$16,16,$0.44,$0.44,$58,$0,$0,$64,$0,$238,$0,$2,$243,$307,$20,$0,$6,$9,$28,$5,$4,$0,$279,$307,$10,$-0,$-57,$-57,$0,$0,$0,$14,$14,$-33,$0,$0,$0,$0,$0,$0,$0,$0,$0,$0,$0,$0,$0,$-1,$-4,$-5,$-38,$0,$-1
9,2016-06-30,11.73,$17.39,0.67,$0.78,14.96,$-12.98,0.0,$-0.31,0.0,$0.10B,$0.00B,0.0,$0.00B,$0.27B,0.0,$0.01B,$0.01B,100.00%,$0.01B,$-0.01B,-66.67%,$0.01B,$-0.01B,-66.67%,$0.01B,$-0.01B,-66.67%,$0.01B,$-0.01B,-50.00%,$0.01B,$-0.00B,-33.33%,$-0.00B,$0.27B,-1.46%,$-0.00B,$0.27B,-1.46%,$-0.00B,$0.28B,-1.41%,$-0.01B,$0.27B,-2.93%,$4,$0,$4,$0,$3,$3,$1,$2,$3,$1,$3,$3,$3,$1,$1,$16,16,$0.17,$0.17,$97,$0,$0,$103,$0,$176,$0,$2,$178,$281,$0,$0,$5,$8,$8,$5,$1,$0,$273,$281,$3,$-0,$3,$3,$0,$0,$0,$-3,$-3,$3,$0,$0,$0,$0,$0,$0,$0,$0,$0,$0,$0,$0,$0,$-1,$-1,$-2,$1,$0,$-1
10,2016-03-31,11.85,$17.34,0.68,$0.58,20.35,$-13.93,0.0,$-0.34,0.0,$0.11B,$0.01B,22.94,$0.00B,$0.27B,0.0,$0.01B,$0.01B,100.00%,$0.01B,$-0.01B,-133.33%,$0.01B,$-0.01B,-133.33%,$0.01B,$-0.01B,-133.33%,$0.01B,$-0.01B,-77.78%,$0.01B,$-0.01B,-55.56%,$-0.01B,$0.27B,-1.26%,$-0.01B,$0.27B,-1.26%,$-0.01B,$0.28B,-1.22%,$-0.01B,$0.27B,-3.02%,$4,$0,$4,$0,$1,$3,$1,$1,$2,$-1,$3,$3,$3,$1,$1,$16,16,$0.08,$0.08,$96,$0,$0,$105,$0,$178,$0,$1,$180,$284,$5,$0,$5,$7,$12,$5,$1,$0,$273,$284,$-5,$-0,$-107,$-107,$1,$0,$0,$1,$1,$-112,$0,$0,$0,$0,$0,$0,$0,$0,$0,$0,$0,$0,$0,$-2,$-17,$-18,$-130,$1,$-2
11,2015-12-31,11.83,$17.22,0.69,$0.38,30.91,$5.67,2.09,$1.63,7.26,$0.15B,$0.01B,15.07,$0.00B,$0.27B,0.0,$0.01B,$0.01B,100.00%,$0.01B,$-0.02B,-283.33%,$0.01B,$-0.02B,-283.33%,$0.01B,$-0.02B,-283.33%,$0.01B,$0.03B,416.67%,$0.01B,$0.03B,433.33%,$0.03B,$0.27B,4.99%,$0.03B,$0.27B,4.99%,$0.03B,$0.29B,4.89%,$-0.02B,$0.27B,-3.26%,$3,$0,$3,$0,$4,$4,$-1,$-1,$-2,$-1,$-1,$-1,$-1,$-1,$-1,$16,16,$0.00,$0.00,$144,$0,$1,$151,$0,$135,$0,$1,$136,$287,$10,$0,$6,$6,$16,$5,$-17,$0,$271,$287,$-8,$0,$-63,$-63,$1,$0,$0,$3,$3,$-68,$0,$0,$0,$0,$0,$0,$0,$0,$0,$0,$0,$0,$0,$0,$-15,$-14,$-82,$1,$0
12,2015-09-30,14.26,$17.69,0.81,$0.67,21.21,$9.61,1.48,$1.70,8.39,$0.19B,$0.00B,86.0,$0.00B,$0.28B,0.0,$0.01B,$0.01B,100.00%,$0.01B,$-0.01B,-109.09%,$0.01B,$-0.01B,-109.09%,$0.01B,$-0.01B,-100.00%,$0.01B,$0.06B,527.27%,$0.01B,$0.06B,527.27%,$0.06B,$0.28B,9.12%,$0.06B,$0.28B,9.12%,$0.06B,$0.29B,8.80%,$-0.01B,$0.28B,-1.89%,$1,$0,$1,$0,$5,$10,$-9,$0,$-9,$0,$-9,$-9,$-9,$-9,$-9,$16,16,$-0.57,$-0.57,$184,$0,$0,$192,$0,$93,$0,$1,$94,$286,$2,$0,$8,$8,$10,$4,$2,$0,$276,$286,$-7,$0,$-22,$-22,$-1,$0,$0,$3,$2,$-28,$0,$0,$0,$0,$0,$0,$0,$0,$0,$0,$0,$0,$0,$0,$-15,$-14,$-42,$1,$0
13,2015-06-30,15.02,$49.33,0.3,$0.60,24.89,$11.36,1.32,$0.31,48.44,$0.22B,$0.00B,0.0,$0.00B,$0.77B,0.0,$0.01B,$0.01B,100.00%,$0.01B,$-0.00B,-36.36%,$0.01B,$-0.00B,-36.36%,$0.01B,$-0.00B,-27.27%,$0.01B,$0.04B,336.36%,$0.01B,$0.04B,327.27%,$0.04B,$0.77B,4.76%,$0.04B,$0.77B,4.76%,$0.04B,$0.78B,4.62%,$-0.00B,$0.77B,-0.53%,$1,$0,$1,$0,$3,$4,$-3,$5,$2,$0,$2,$2,$2,$-3,$-3,$16,16,$0.14,$0.14,$213,$0,$0,$218,$0,$547,$0,$1,$559,$776,$0,$0,$2,$7,$7,$4,$14,$0,$769,$776,$2,$0,$-11,$-11,$-0,$0,$0,$-3,$-3,$-12,$0,$0,$0,$0,$0,$0,$0,$0,$0,$0,$0,$0,$0,$0,$-2,$-1,$-13,$0,$0
14,2015-03-31,13.93,$49.30,0.28,$0.54,25.72,$12.13,1.15,$1.45,9.61,$0.23B,$0.00B,0.0,$0.00B,$0.77B,0.0,$0.01B,$0.01B,100.00%,$0.01B,$-0.00B,-27.27%,$0.01B,$-0.00B,-27.27%,$0.01B,$-0.00B,-18.18%,$0.01B,$0.06B,500.00%,$0.01B,$0.05B,490.91%,$0.05B,$0.77B,7.09%,$0.05B,$0.77B,7.09%,$0.05B,$0.78B,6.89%,$-0.00B,$0.77B,-0.39%,$1,$0,$1,$0,$5,$5,$-4,$38,$34,$-0,$34,$34,$34,$-4,$-4,$15,16,$1.45,$1.45,$226,$0,$0,$230,$0,$536,$0,$1,$547,$777,$0,$0,$5,$9,$9,$4,$18,$0,$767,$777,$53,$0,$143,$143,$-0,$0,$0,$-2,$-2,$194,$0,$0,$0,$0,$0,$0,$0,$0,$0,$0,$0,$1,$1,$-3,$-54,$-57,$138,$1,$-3
15,2014-12-31,11.38,$47.17,0.24,$0.50,22.79,$-0.38,0.0,$-0.76,0.0,$0.26B,$0.05B,4.74,$0.00B,$0.73B,0.0,$0.01B,$0.01B,100.00%,$0.01B,$0.00B,16.67%,$0.01B,$0.00B,16.67%,$0.01B,$0.00B,25.00%,$0.01B,$0.02B,166.67%,$0.01B,$0.02B,158.33%,$0.02B,$0.73B,2.49%,$0.02B,$0.73B,2.49%,$0.02B,$0.80B,2.42%,$0.00B,$0.73B,0.26%,$8,$0,$8,$0,$3,$3,$4,$26,$31,$0,$31,$31,$31,$5,$4,$15,15,$1.99,$1.99,$249,$0,$0,$258,$0,$526,$0,$1,$538,$796,$54,$0,$3,$8,$63,$4,$-0,$0,$733,$796,$20,$0,$-18,$-18,$0,$0,$0,$-8,$-8,$-6,$0,$0,$0,$0,$170,$170,$0,$170,$0,$0,$0,$0,$0,$0,$-3,$-3,$161,$0,$0
16,2014-09-30,10.71,$48.79,0.22,0,0.0,0,0.0,$3.14,3.41,$0.13B,$0.00B,0.0,$0.00B,$0.76B,0.0,$0.01B,$0.01B,100.00%,$0.01B,$0.00B,33.33%,$0.01B,$0.00B,33.33%,$0.01B,$0.00B,33.33%,$0.01B,$0.05B,400.00%,$0.01B,$0.05B,400.00%,$0.05B,$0.76B,6.22%,$0.05B,$0.76B,6.22%,$0.05B,$0.77B,6.15%,$0.00B,$0.76B,0.52%,$1,$0,$1,$0,$1,$2,$-1,$-29,$-30,$0,$-31,$-31,$-31,$-1,$-1,$0,0,$0.00,$0.00,$123,$0,$0,$125,$0,$616,$0,$0,$642,$767,$0,$0,$3,$8,$8,$4,$42,$0,$758,$767,$-11,$0,$62,$62,$-14,$0,$0,$-1,$-15,$36,$0,$0,$0,$0,$0,$0,$0,$0,$0,$0,$0,$0,$0,$0,$-2,$-1,$35,$0,$0
17,2014-06-30,10.78,$51.17,0.21,0,0.0,0,0.0,$8.08,1.33,$0.09B,$0.00B,0.0,$0.00B,$0.79B,0.0,$0.01B,$0.01B,100.00%,$0.01B,$0.00B,33.33%,$0.01B,$0.00B,33.33%,$0.01B,$0.00B,33.33%,$0.01B,$0.12B,1016.67%,$0.01B,$0.12B,1025.00%,$0.12B,$0.79B,16.18%,$0.12B,$0.79B,16.18%,$0.12B,$0.80B,15.99%,$0.00B,$0.79B,0.53%,$1,$0,$1,$0,$1,$2,$-2,$21,$20,$-0,$20,$20,$20,$-2,$-2,$0,0,$0.00,$0.00,$88,$0,$0,$89,$0,$696,$0,$0,$707,$797,$0,$0,$2,$8,$8,$4,$-4,$0,$789,$797,$20,$0,$-18,$-18,$1,$0,$0,$-0,$-0,$2,$0,$0,$0,$0,$0,$0,$0,$0,$0,$0,$0,$0,$0,$0,$-2,$-2,$-0,$0,$0
18,2014-03-31,10.36,$49.98,0.21,0,0.0,0,0.0,$9.22,1.12,$0.09B,$0.00B,0.0,$0.00B,$0.77B,0.0,$0.01B,$0.01B,100.00%,$0.01B,$0.01B,41.67%,$0.01B,$0.01B,41.67%,$0.01B,$0.01B,41.67%,$0.01B,$0.11B,925.00%,$0.01B,$0.11B,933.33%,$0.11B,$0.77B,15.35%,$0.11B,$0.77B,15.35%,$0.11B,$0.78B,15.17%,$0.01B,$0.77B,0.69%,$2,$0,$2,$0,$3,$1,$1,$-2,$-1,$0,$-1,$-1,$-1,$1,$1,$0,0,$0.00,$0.00,$88,$0,$0,$90,$0,$678,$0,$0,$689,$779,$0,$0,$3,$8,$8,$4,$15,$0,$770,$779,$112,$0,$-104,$-104,$2,$0,$0,$-1,$1,$8,$0,$0,$0,$0,$0,$0,$0,$0,$0,$0,$0,$5,$5,$0,$-7,$-2,$6,$-1,$0
19,2013-12-31,10.41,$50.25,0.21,0,0.0,0,0.0,$11.99,0.87,$0.08B,$0.00B,18.67,$0.00B,$0.77B,0.0,$0.01B,$0.01B,100.00%,$0.01B,$0.00B,9.09%,$0.01B,$0.00B,9.09%,$0.01B,$0.00B,9.09%,$0.01B,$0.15B,1381.82%,$0.01B,$0.15B,1390.91%,$0.15B,$0.77B,21.79%,$0.15B,$0.77B,21.79%,$0.15B,$0.78B,21.53%,$0.00B,$0.77B,0.14%,$8,$0,$8,$0,$2,$3,$6,$53,$59,$-1,$60,$60,$60,$6,$6,$0,0,$0.00,$0.00,$66,$0,$0,$77,$0,$694,$0,$0,$703,$780,$4,$0,$4,$8,$12,$4,$0,$0,$768,$780,$113,$0,$-123,$-123,$0,$0,$0,$-8,$-4,$-14,$0,$0,$0,$0,$0,$0,$0,$0,$0,$0,$0,$1,$1,$0,$-3,$-2,$-16,$0,$0
20,2013-09-30,10.18,$46.71,0.22,0,0.0,0,0.0,$9.88,1.03,$0.07B,$0.00B,0.0,$0.00B,$0.71B,0.0,$0.01B,$0.01B,100.00%,$0.01B,$-0.00B,-10.00%,$0.01B,$-0.00B,-10.00%,$0.01B,$-0.00B,-10.00%,$0.01B,$0.12B,1210.00%,$0.01B,$0.12B,1210.00%,$0.12B,$0.71B,18.13%,$0.12B,$0.71B,18.13%,$0.12B,$0.72B,17.94%,$-0.00B,$0.71B,-0.15%,$1,$0,$1,$0,$2,$2,$-1,$46,$44,$-0,$44,$44,$44,$-1,$-1,$0,0,$0.00,$0.00,$68,$0,$0,$71,$0,$640,$0,$0,$649,$720,$0,$0,$3,$8,$8,$4,$6,$0,$713,$720,$54,$0,$-65,$-65,$-0,$0,$0,$-0,$-1,$-13,$0,$0,$0,$0,$0,$0,$0,$0,$0,$0,$0,$0,$0,$0,$-2,$-1,$-14,$0,$0
21,2013-06-30,10.25,$43.81,0.23,0,0.0,0,0.0,$10.20,1.01,$0.07B,$0.00B,0.0,$0.00B,$0.67B,0.0,$0.01B,$0.01B,100.00%,$0.01B,$0.00B,10.00%,$0.01B,$0.00B,10.00%,$0.01B,$0.00B,10.00%,$0.01B,$0.13B,1280.00%,$0.01B,$0.13B,1280.00%,$0.13B,$0.67B,20.02%,$0.13B,$0.67B,20.02%,$0.13B,$0.68B,19.81%,$0.00B,$0.67B,0.16%,$1,$0,$1,$0,$2,$2,$-1,$10,$9,$-0,$9,$9,$9,$-1,$-1,$0,0,$0.00,$0.00,$70,$0,$0,$73,$0,$593,$0,$0,$602,$675,$0,$0,$2,$7,$7,$4,$7,$0,$668,$675,$9,$0,$-19,$-19,$0,$0,$0,$-1,$-1,$-11,$0,$0,$0,$0,$0,$0,$0,$0,$0,$0,$0,$0,$0,$0,$-2,$-1,$-12,$0,$0
22,2013-03-31,8.53,$43.30,0.2,0,0.0,0,0.0,$7.78,1.1,$0.09B,$0.00B,0.0,$0.00B,$0.66B,0.0,$0.01B,$0.01B,100.00%,$0.01B,$0.00B,20.00%,$0.01B,$0.00B,20.00%,$0.01B,$0.00B,20.00%,$0.01B,$0.11B,1070.00%,$0.01B,$0.11B,1070.00%,$0.11B,$0.66B,17.53%,$0.11B,$0.66B,17.53%,$0.11B,$0.67B,17.31%,$0.00B,$0.66B,0.33%,$1,$0,$1,$0,$2,$4,$-3,$43,$40,$1,$40,$40,$40,$-3,$-3,$0,0,$0.00,$0.00,$82,$0,$0,$85,$0,$574,$0,$0,$583,$668,$0,$0,$3,$8,$8,$4,$10,$0,$660,$668,$108,$0,$-16,$-16,$-1,$0,$0,$2,$2,$93,$0,$0,$0,$0,$0,$0,$0,$0,$0,$0,$0,$4,$4,$0,$-80,$-76,$17,$1,$0
23,2012-12-31,7.22,$41.34,0.17,0,0.0,0,0.0,$10.22,0.71,$0.08B,$0.00B,67.79,$0.00B,$0.63B,0.0,$0.01B,$0.01B,100.00%,$0.01B,$0.00B,20.00%,$0.01B,$0.00B,20.00%,$0.01B,$0.00B,20.00%,$0.01B,$0.14B,1430.00%,$0.01B,$0.14B,1440.00%,$0.14B,$0.63B,23.89%,$0.14B,$0.63B,23.89%,$0.14B,$0.64B,23.64%,$0.00B,$0.63B,0.33%,$7,$0,$7,$0,$2,$3,$4,$24,$28,$-0,$28,$28,$28,$4,$4,$0,0,$0.00,$0.00,$68,$0,$0,$76,$0,$551,$0,$0,$559,$635,$1,$0,$2,$6,$7,$4,$464,$0,$628,$635,$67,$0,$8,$8,$-0,$0,$0,$-5,$-5,$69,$0,$0,$0,$0,$0,$0,$0,$0,$0,$0,$0,$3,$3,$0,$-70,$-67,$3,$0,$0
24,2012-09-30,8.09,$39.66,0.2,0,0.0,0,0.0,$11.82,0.68,$0.06B,$0.00B,0.0,$0.00B,$0.60B,0.0,$0.01B,$0.01B,100.00%,$0.01B,$0.00B,33.33%,$0.01B,$0.00B,33.33%,$0.01B,$0.00B,33.33%,$0.01B,$0.17B,1866.67%,$0.01B,$0.17B,1866.67%,$0.17B,$0.60B,28.78%,$0.17B,$0.60B,28.78%,$0.17B,$0.61B,28.49%,$0.00B,$0.60B,0.51%,$1,$0,$1,$0,$1,$0,$1,$50,$51,$0,$51,$51,$51,$1,$1,$0,0,$0.00,$0.00,$60,$0,$0,$63,$0,$536,$0,$0,$544,$607,$0,$0,$1,$4,$4,$4,$-1,$0,$602,$607,$39,$0,$23,$23,$-1,$0,$0,$-0,$-1,$60,$0,$0,$0,$0,$0,$0,$0,$0,$0,$0,$0,$3,$3,$0,$-68,$-65,$-5,$0,$0
25,2012-06-30,7.43,$36.34,0.2,0,0.0,0,0.0,$8.52,0.87,$0.07B,$0.00B,0.0,$0.00B,$0.55B,0.0,$0.01B,$0.01B,100.00%,$0.01B,$0.00B,22.22%,$0.01B,$0.00B,22.22%,$0.01B,$0.00B,22.22%,$0.01B,$0.09B,1011.11%,$0.01B,$0.09B,1011.11%,$0.09B,$0.55B,16.29%,$0.09B,$0.55B,16.29%,$0.09B,$0.56B,16.12%,$0.00B,$0.55B,0.36%,$1,$0,$1,$0,$1,$1,$0,$-12,$-12,$0,$-12,$-12,$-12,$0,$0,$0,0,$0.00,$0.00,$66,$0,$0,$69,$0,$486,$0,$0,$493,$562,$0,$0,$6,$10,$10,$4,$-1,$0,$552,$562,$-12,$0,$79,$79,$0,$0,$0,$-1,$-1,$66,$0,$0,$0,$0,$0,$0,$0,$0,$0,$0,$0,$3,$3,$0,$-68,$-65,$1,$0,$0
26,2012-03-31,5.64,$41.86,0.13,0,0.0,0,0.0,$8.52,0.66,$0.07B,$0.00B,0.0,$0.00B,$0.63B,0.0,$0.01B,$0.01B,100.00%,$0.01B,$0.00B,22.22%,$0.01B,$0.00B,22.22%,$0.01B,$0.00B,22.22%,$0.01B,$0.09B,1033.33%,$0.01B,$0.09B,1033.33%,$0.09B,$0.63B,16.82%,$0.09B,$0.63B,16.82%,$0.09B,$0.63B,16.70%,$0.00B,$0.63B,0.36%,$1,$0,$1,$0,$2,$4,$-3,$79,$76,$-1,$77,$77,$77,$-3,$-3,$0,0,$0.00,$0.00,$65,$0,$0,$67,$0,$559,$0,$0,$566,$633,$0,$0,$1,$4,$4,$4,$1,$0,$629,$633,$93,$0,$-69,$-69,$-1,$0,$0,$-0,$-1,$22,$0,$0,$0,$0,$0,$0,$0,$0,$0,$0,$0,$0,$0,$0,$-3,$-3,$19,$1,$0
27,2011-12-31,4.86,$36.73,0.13,0,0.0,0,0.0,$3.29,1.48,$0.07B,$0.00B,55.64,$0.00B,$0.55B,0.0,$0.01B,$0.01B,100.00%,$0.01B,$0.00B,44.44%,$0.01B,$0.00B,44.44%,$0.01B,$0.00B,44.44%,$0.01B,$0.07B,744.44%,$0.01B,$0.04B,455.56%,$0.04B,$0.55B,7.73%,$0.04B,$0.55B,7.73%,$0.04B,$0.56B,7.67%,$0.00B,$0.55B,0.75%,$6,$0,$6,$0,$1,$0,$5,$48,$53,$1,$52,$52,$52,$5,$5,$0,0,$0.00,$0.00,$63,$0,$0,$69,$0,$480,$0,$0,$488,$557,$1,$0,$1,$4,$5,$4,$2,$0,$552,$557,$15,$0,$12,$12,$-5,$0,$0,$-0,$-6,$21,$0,$0,$0,$0,$0,$0,$0,$0,$0,$0,$0,$0,$0,$0,$-3,$-3,$18,$1,$0
28,2011-09-30,4.39,$33.43,0.13,0,0.0,0,0.0,$-0.01,0.0,$0.06B,$0.00B,0.0,$0.00B,$0.50B,0.0,$0.01B,$0.01B,100.00%,$0.01B,0,0.00%,$0.01B,0,0.00%,$0.01B,0,0.00%,$0.01B,$0.01B,160.00%,$0.01B,$-0.02B,-340.00%,$-0.02B,$0.50B,-3.26%,$-0.02B,$0.50B,-3.26%,$-0.02B,$0.51B,-3.20%,$0.00B,$0.50B,0.00%,$1,$0,$1,$0,$1,$1,$0,$-26,$-26,$0,$-26,$-26,$-26,$0,$0,$0,0,$0.00,$0.00,$53,$0,$0,$55,$0,$444,$0,$0,$452,$506,$0,$0,$1,$4,$4,$4,$5,$0,$502,$506,$-36,$0,$46,$46,$-0,$0,$0,$-0,$-1,$9,$0,$0,$0,$0,$0,$0,$0,$0,$0,$0,$0,$0,$0,$0,$-2,$-1,$8,$1,$0
29,2011-06-30,5.48,$35.14,0.16,0,0.0,0,0.0,$-0.01,0.0,$0.04B,$0.00B,0.0,$0.00B,$0.53B,0.0,$0.01B,$0.01B,100.00%,$0.01B,0,0.00%,$0.01B,0,0.00%,$0.01B,0,0.00%,$0.01B,$0.06B,1160.00%,$0.01B,$0.03B,660.00%,$0.03B,$0.53B,6.28%,$0.03B,$0.53B,6.28%,$0.03B,$0.53B,6.17%,$0.00B,$0.53B,0.00%,$1,$0,$1,$0,$1,$1,$0,$-10,$-10,$0,$-10,$-10,$-10,$0,$0,$0,0,$0.00,$0.00,$35,$0,$0,$35,$0,$488,$0,$0,$496,$532,$0,$0,$1,$4,$4,$4,$-13,$0,$528,$532,$-10,$0,$1,$1,$0,$0,$0,$0,$0,$-9,$0,$0,$0,$0,$0,$0,$0,$0,$0,$0,$0,$0,$0,$0,$-2,$-2,$-11,$0,$0
30,2011-03-31,5.41,$35.92,0.15,0,0.0,0,0.0,$0.12,45.08,$0.05B,$0.00B,0.0,$0.00B,$0.54B,0.0,$0.01B,$0.01B,100.00%,$0.01B,$0.00B,28.57%,$0.01B,$0.00B,28.57%,$0.01B,$0.00B,28.57%,$0.01B,$0.08B,1114.29%,$0.01B,$0.05B,757.14%,$0.05B,$0.54B,10.25%,$0.05B,$0.54B,10.25%,$0.05B,$0.54B,10.05%,$0.00B,$0.54B,0.39%,$1,$0,$1,$0,$2,$2,$-1,$51,$50,$25,$25,$25,$25,$-1,$-1,$0,0,$0.00,$0.00,$45,$0,$0,$46,$0,$489,$0,$0,$497,$543,$0,$0,$1,$4,$4,$4,$-6,$0,$539,$543,$54,$0,$14,$14,$1,$0,$0,$-1,$0,$68,$0,$0,$0,$0,$0,$0,$0,$0,$0,$0,$0,$1,$1,$0,$-28,$-27,$41,$1,$0
31,2010-12-31,6.14,$34.23,0.18,0,0.0,0,0.0,$0.16,39.58,$0.08B,$0.03B,3.07,$0.00B,$0.51B,0.0,$0.01B,$0.01B,100.00%,$0.01B,$0.00B,42.86%,$0.01B,$0.00B,42.86%,$0.01B,$0.00B,42.86%,$0.01B,$0.06B,828.57%,$0.01B,$0.06B,828.57%,$0.06B,$0.51B,11.50%,$0.06B,$0.51B,11.50%,$0.06B,$0.54B,11.28%,$0.00B,$0.51B,0.59%,$2,$0,$2,$0,$1,$1,$1,$-7,$-6,$0,$-6,$-6,$-6,$1,$1,$0,0,$0.00,$0.00,$74,$0,$0,$76,$0,$459,$0,$0,$467,$542,$25,$0,$0,$4,$28,$4,$2,$0,$514,$542,$28,$0,$44,$44,$0,$0,$0,$-1,$-1,$72,$0,$0,$0,$0,$0,$0,$0,$0,$0,$0,$0,$1,$1,$0,$-3,$-2,$69,$1,$0
32,2010-09-30,5.35,$34.75,0.15,0,0.0,0,0.0,$0.19,28.51,$0.08B,$0.00B,0.0,$0.00B,$0.52B,0.0,$0.01B,$0.01B,100.00%,$0.01B,$0.00B,50.00%,$0.01B,$0.00B,50.00%,$0.01B,$0.00B,50.00%,$0.01B,$0.07B,862.50%,$0.01B,$0.07B,850.00%,$0.07B,$0.52B,13.88%,$0.07B,$0.52B,13.88%,$0.07B,$0.52B,13.77%,$0.00B,$0.52B,0.82%,$1,$0,$1,$0,$1,$1,$0,$24,$24,$0,$24,$24,$24,$0,$0,$0,0,$0.00,$0.00,$77,$0,$0,$78,$0,$439,$0,$0,$446,$524,$0,$0,$0,$4,$4,$4,$77,$0,$520,$524,$34,$0,$40,$40,$0,$0,$0,$0,$0,$74,$0,$0,$0,$0,$0,$0,$0,$0,$0,$0,$0,$0,$0,$0,$-1,$-1,$73,$0,$0
33,2010-06-30,5.18,$33.13,0.16,0,0.0,0,0.0,$0.21,24.94,$0.08B,$0.00B,0.0,$0.00B,$0.50B,0.0,$0.01B,$0.01B,100.00%,$0.01B,$0.00B,50.00%,$0.01B,$0.00B,50.00%,$0.01B,$0.00B,50.00%,$0.01B,$0.07B,925.00%,$0.01B,$0.07B,912.50%,$0.07B,$0.50B,15.43%,$0.07B,$0.50B,15.43%,$0.07B,$0.50B,15.30%,$0.00B,$0.50B,0.85%,$3,$0,$3,$0,$1,$1,$2,$8,$10,$0,$10,$10,$10,$2,$2,$0,0,$0.00,$0.00,$78,$0,$0,$79,$0,$414,$0,$0,$421,$500,$0,$0,$1,$4,$4,$4,$77,$0,$496,$500,$10,$0,$64,$64,$0,$0,$0,$1,$1,$75,$0,$0,$0,$0,$0,$0,$0,$0,$0,$0,$0,$0,$0,$0,$-1,$-1,$74,$0,$0
34,2010-03-31,5.33,$32.53,0.16,0,0.0,0,0.0,$0.11,49.56,$0.01B,$0.00B,0.0,$0.00B,$0.49B,0.0,$0.01B,$0.01B,100.00%,$0.01B,$0.00B,33.33%,$0.01B,$0.00B,33.33%,$0.01B,$0.00B,33.33%,$0.01B,$0.08B,1250.00%,$0.01B,$0.07B,1233.33%,$0.07B,$0.49B,16.25%,$0.07B,$0.49B,16.25%,$0.07B,$0.49B,16.12%,$0.00B,$0.49B,0.44%,$1,$0,$1,$0,$1,$2,$-0,$30,$30,$0,$30,$30,$30,$-0,$-0,$0,0,$0.00,$0.00,$4,$0,$0,$6,$0,$478,$0,$0,$485,$491,$0,$0,$1,$4,$4,$4,$2,$0,$487,$491,$74,$0,$-80,$-80,$-1,$0,$0,$0,$-1,$-7,$0,$0,$0,$0,$0,$0,$0,$0,$0,$0,$0,$0,$0,$0,$-4,$-4,$-11,$1,$0
35,2009-12-31,4.62,$30.49,0.15,0,0.0,0,0.0,$0.15,30.8,$0.01B,$0.00B,0.0,$0.00B,$0.46B,0.0,$0.01B,$0.01B,100.00%,$0.01B,$0.00B,33.33%,$0.01B,$0.00B,33.33%,$0.01B,$0.00B,33.33%,$0.01B,$-0.02B,-266.67%,$0.01B,$-0.02B,-283.33%,$-0.02B,$0.46B,-3.89%,$-0.02B,$0.46B,-3.89%,$-0.02B,$0.46B,-3.86%,$0.00B,$0.46B,0.46%,$3,$0,$3,$0,$1,$1,$2,$3,$5,$1,$4,$4,$4,$2,$2,$0,0,$0.00,$0.00,$5,$0,$0,$8,$0,$447,$0,$0,$453,$461,$0,$0,$2,$4,$4,$4,$3,$0,$456,$461,$44,$0,$-49,$-49,$0,$0,$0,$-2,$-2,$-7,$0,$0,$0,$0,$0,$0,$0,$0,$0,$0,$0,$0,$0,$0,$-3,$-3,$-10,$0,$0
36,2009-09-30,4.45,$30.31,0.15,0,0.0,0,0.0,$0.04,127.23,$0.01B,$0.00B,0.0,$0.00B,$0.45B,0.0,$0.01B,$0.01B,100.00%,$0.01B,$0.01B,69.23%,$0.01B,$0.01B,69.23%,$0.01B,$0.01B,76.92%,$0.01B,$-0.06B,-484.62%,$0.01B,$-0.07B,-523.08%,$-0.07B,$0.45B,-15.36%,$-0.07B,$0.45B,-15.36%,$-0.07B,$0.46B,-15.21%,$0.01B,$0.45B,2.03%,$1,$0,$1,$0,$0,$1,$0,$29,$29,$0,$29,$29,$29,$0,$0,$0,0,$0.00,$0.00,$7,$0,$0,$8,$0,$443,$0,$0,$449,$457,$0,$0,$1,$4,$4,$4,$4,$0,$454,$457,$40,$0,$-46,$-46,$0,$0,$0,$-0,$-0,$-6,$0,$0,$0,$0,$0,$0,$0,$0,$0,$0,$0,$0,$0,$0,$-1,$-1,$-8,$0,$0
37,2009-06-30,4.2,$28.35,0.15,0,0.0,0,0.0,$0.01,0.0,$0.01B,$0.00B,0.0,$0.00B,$0.42B,0.0,$0.01B,$0.01B,100.00%,$0.01B,$0.01B,69.23%,$0.01B,$0.01B,69.23%,$0.01B,$0.01B,76.92%,$0.01B,$-0.12B,-946.15%,$0.01B,$-0.13B,-984.62%,$-0.13B,$0.42B,-27.66%,$-0.13B,$0.42B,-27.66%,$-0.13B,$0.43B,-27.39%,$0.01B,$0.42B,1.94%,$1,$0,$1,$0,$0,$1,$0,$10,$11,$0,$11,$11,$11,$0,$0,$0,0,$0.00,$0.00,$11,$0,$0,$12,$0,$410,$0,$0,$416,$427,$0,$0,$0,$3,$3,$4,$319,$0,$424,$427,$11,$0,$-13,$-13,$0,$0,$0,$-0,$-0,$-3,$0,$0,$0,$0,$0,$0,$0,$0,$0,$0,$0,$0,$0,$0,$-1,$-1,$-4,$0,$0
38,2009-03-31,4.41,$27.74,0.16,0,0.0,0,0.0,$-0.02,0.0,$0.02B,$0.00B,0.0,$0.00B,$0.42B,0.0,$0.01B,$0.01B,100.00%,$0.01B,$0.01B,76.92%,$0.01B,$0.01B,76.92%,$0.01B,$0.01B,84.62%,$0.01B,$-0.13B,-1030.77%,$0.01B,$-0.14B,-1069.23%,$-0.14B,$0.42B,-27.68%,$-0.14B,$0.42B,-27.68%,$-0.14B,$0.42B,-27.43%,$0.01B,$0.42B,1.99%,$1,$0,$1,$0,$2,$1,$-0,$-61,$-61,$0,$-61,$-61,$-61,$-0,$-0,$0,0,$0.00,$0.00,$15,$0,$0,$15,$0,$397,$0,$0,$402,$418,$0,$0,$0,$2,$2,$4,$3,$0,$415,$418,$-138,$0,$157,$157,$-0,$0,$0,$-0,$-1,$18,$0,$0,$0,$0,$0,$0,$0,$0,$0,$0,$0,$-17,$-17,$0,$-17,$-34,$-17,$1,$0
39,2008-12-31,6.24,$31.92,0.2,0,0.0,0,0.0,0,0.0,$0.03B,$0.00B,0.0,$0.00B,$0.48B,0.0,$0.01B,$0.01B,100.00%,$0.01B,$0.01B,76.92%,$0.01B,$0.01B,76.92%,$0.01B,$0.01B,84.62%,$0.01B,$-0.03B,-230.77%,$0.01B,$-0.04B,-269.23%,$-0.04B,$0.48B,-6.43%,$-0.04B,$0.48B,-6.43%,$-0.04B,$0.49B,-6.38%,$0.01B,$0.48B,1.84%,$10,$0,$10,$0,$1,$1,$9,$-51,$-42,$5,$-47,$-47,$-47,$10,$9,$0,0,$0.00,$0.00,$22,$0,$8,$30,$0,$456,$0,$0,$456,$486,$0,$0,$6,$8,$8,$4,$3,$0,$478,$486,$-77,$0,$97,$97,$0,$0,$0,$-0,$-0,$19,$0,$0,$0,$0,$0,$0,$0,$0,$0,$0,$0,$-17,$-17,$0,$-12,$-29,$-10,$0,$0
40,2008-09-30,8.0,$35.68,0.22,0,0.0,0,0.0,0,0.0,$0.02B,$0.00B,0.0,$0.00B,$0.53B,0.0,$0.01B,$0.01B,100.00%,$0.01B,$0.00B,50.00%,$0.01B,$0.00B,50.00%,$0.01B,$0.00B,50.00%,$0.01B,$-0.05B,-850.00%,$0.01B,$-0.05B,-850.00%,$-0.05B,$0.53B,-9.10%,$-0.05B,$0.53B,-9.10%,$-0.05B,$0.54B,-9.04%,$0.00B,$0.53B,0.54%,$1,$0,$1,$0,$0,$1,$0,$-31,$-31,$0,$-31,$-31,$-31,$0,$0,$0,0,$0.00,$0.00,$9,$0,$8,$18,$0,$520,$0,$0,$520,$538,$0,$0,$2,$4,$4,$4,$2,$0,$534,$538,$-30,$0,$27,$27,$0,$0,$0,$-1,$-1,$-3,$0,$0,$0,$0,$0,$0,$0,$0,$0,$0,$0,$-17,$-17,$0,$-2,$-18,$-22,$0,$0
41,2008-06-30,5.86,$37.44,0.16,0,0.0,0,0.0,0,0.0,$0.04B,$0.00B,0.0,$0.00B,$0.58B,0.0,$0.01B,$0.01B,100.00%,$0.01B,$0.00B,57.14%,$0.01B,$0.00B,57.14%,$0.01B,$0.00B,57.14%,$0.01B,$-0.16B,-2228.57%,$0.01B,$-0.16B,-2242.86%,$-0.16B,$0.58B,-27.13%,$-0.16B,$0.58B,-27.13%,$-0.16B,$0.59B,-26.96%,$0.00B,$0.58B,0.69%,$1,$0,$1,$0,$0,$1,$1,$-0,$0,$0,$0,$0,$0,$1,$1,$0,0,$0.00,$0.00,$30,$0,$8,$38,$0,$547,$0,$0,$547,$585,$0,$0,$2,$4,$4,$4,$3,$0,$582,$585,$0,$0,$0,$0,$-0,$0,$0,$0,$0,$1,$0,$0,$0,$0,$0,$0,$0,$0,$0,$0,$0,$-1,$-1,$0,$-2,$-2,$-1,$0,$0
42,2008-03-31,6.93,$37.52,0.18,0,0.0,0,0.0,0,0.0,$0.04B,$0.00B,0.0,$0.00B,$0.58B,0.0,$0.01B,$0.01B,100.00%,$0.01B,$0.00B,57.14%,$0.01B,$0.00B,57.14%,$0.01B,$0.00B,57.14%,$0.01B,$-0.14B,-1971.43%,$0.01B,$-0.14B,-1985.71%,$-0.14B,$0.58B,-24.61%,$-0.14B,$0.58B,-24.61%,$-0.14B,$0.59B,-22.32%,$0.00B,$0.58B,0.71%,$1,$0,$1,$0,$1,$1,$0,$43,$43,$0,$43,$43,$43,$0,$0,$0,0,$0.00,$0.00,$31,$0,$8,$39,$0,$548,$0,$0,$548,$587,$0,$0,$1,$3,$3,$4,$4,$0,$584,$587,$-139,$0,$134,$134,$0,$0,$0,$-1,$-0,$-5,$0,$0,$0,$0,$0,$0,$0,$0,$0,$0,$0,$0,$0,$0,$-2,$-2,$-8,$0,$0
43,2007-12-31,6.63,$34.84,0.19,0,0.0,0,0.0,0,0.0,$0.04B,$0.00B,0.0,$0.00B,$0.54B,0.0,$0.01B,$0.01B,100.00%,$0.01B,$0.01B,62.50%,$0.01B,$0.01B,62.50%,$0.01B,$0.01B,62.50%,$0.01B,$-0.16B,-2000.00%,$0.01B,$-0.16B,-2037.50%,$-0.16B,$0.54B,-27.16%,$-0.16B,$0.54B,-27.16%,$-0.16B,$0.55B,-24.75%,$0.01B,$0.54B,0.83%,$3,$0,$3,$0,$0,$1,$2,$-65,$-63,$0,$-63,$-63,$-63,$2,$2,$0,0,$0.00,$0.00,$32,$0,$9,$42,$0,$504,$0,$0,$504,$546,$0,$0,$1,$4,$4,$4,$4,$0,$542,$546,$-182,$0,$177,$177,$0,$0,$0,$-0,$-0,$-5,$0,$0,$0,$0,$0,$0,$0,$0,$0,$0,$0,$0,$0,$0,$-2,$-2,$-7,$0,$0
44,2007-09-30,6.85,$39.01,0.18,0,0.0,0,0.0,0,0.0,$0.03B,$0.00B,0.0,$0.00B,$0.61B,0.0,$0.01B,$0.01B,100.00%,$0.01B,$0.01B,71.43%,$0.01B,$0.01B,71.43%,$0.01B,$0.01B,71.43%,$0.01B,$0.06B,800.00%,$0.01B,$0.04B,600.00%,$0.04B,$0.61B,7.12%,$0.04B,$0.61B,7.12%,$0.04B,$0.61B,5.97%,$0.01B,$0.61B,0.85%,$2,$0,$2,$0,$0,$0,$1,$-138,$-136,$0,$-137,$-137,$-137,$1,$1,$0,0,$0.00,$0.00,$32,$0,$0,$32,$0,$569,$0,$9,$579,$611,$0,$0,$1,$4,$4,$4,$4,$0,$607,$611,$-118,$0,$112,$112,$0,$0,$0,$-0,$-0,$-6,$0,$0,$0,$0,$0,$0,$0,$0,$0,$0,$0,$0,$0,$0,$-1,$-1,$-7,$0,$0
45,2007-06-30,8.69,$33.80,0.26,0,0.0,0,0.0,0,0.0,$0.03B,$0.00B,135.83,$0.00B,$0.53B,0.0,$0.01B,$0.01B,100.00%,$0.01B,$0.01B,71.43%,$0.01B,$0.01B,71.43%,$0.01B,$0.01B,71.43%,$0.01B,$0.20B,2842.86%,$0.01B,$0.19B,2657.14%,$0.19B,$0.53B,34.57%,$0.19B,$0.53B,34.57%,$0.19B,$0.75B,26.81%,$0.01B,$0.53B,0.93%,$1,$0,$1,$0,$0,$1,$1,$17,$18,$0,$18,$18,$18,$1,$1,$0,0,$0.00,$0.00,$31,$0,$0,$31,$0,$706,$0,$9,$716,$747,$0,$0,$1,$221,$221,$4,$108,$0,$526,$747,$18,$0,$-25,$-25,$0,$0,$0,$-0,$-0,$-7,$0,$0,$0,$0,$0,$0,$0,$0,$0,$0,$0,$0,$0,$0,$-1,$-1,$-8,$0,$0
46,2007-03-31,8.56,$46.69,0.18,0,0.0,0,0.0,0,0.0,$0.05B,$0.00B,0.0,$0.00B,$0.73B,0.0,$0.01B,$0.01B,100.00%,$0.01B,$0.01B,71.43%,$0.01B,$0.01B,71.43%,$0.01B,$0.01B,71.43%,$0.01B,$0.18B,2528.57%,$0.01B,$0.17B,2371.43%,$0.17B,$0.73B,32.86%,$0.17B,$0.73B,32.86%,$0.17B,$0.73B,24.21%,$0.01B,$0.73B,0.99%,$2,$0,$2,$0,$0,$1,$1,$21,$21,$2,$19,$19,$19,$1,$1,$0,0,$0.00,$0.00,$39,$0,$9,$48,$0,$681,$0,$0,$681,$730,$0,$0,$1,$4,$4,$4,$3,$0,$726,$730,$167,$0,$-119,$-119,$-0,$0,$0,$-0,$-1,$47,$0,$0,$0,$0,$0,$0,$0,$0,$0,$-8,$-8,$2,$2,$0,$-13,$-20,$27,$0,$0
47,2006-12-31,7.04,$32.14,0.22,0,0.0,0,0.0,0,0.0,$0.06B,$0.02B,2.98,$0.00B,$0.50B,0.0,$0.01B,$0.01B,100.00%,$0.01B,$0.00B,66.67%,$0.01B,$0.00B,66.67%,$0.01B,$0.00B,66.67%,$0.01B,$0.25B,4233.33%,$0.01B,$0.25B,4100.00%,$0.25B,$0.50B,58.16%,$0.25B,$0.50B,58.16%,$0.25B,$0.73B,38.11%,$0.00B,$0.50B,0.95%,$2,$0,$2,$0,$0,$1,$2,$152,$153,$11,$142,$142,$142,$2,$2,$0,0,$0.00,$0.00,$57,$0,$0,$57,$0,$661,$0,$7,$669,$725,$19,$0,$2,$207,$226,$4,$110,$0,$500,$725,$145,$0,$-99,$-99,$-0,$0,$0,$-0,$-0,$46,$0,$0,$0,$0,$0,$0,$0,$0,$0,$0,$0,$2,$2,$0,$-2,$-1,$45,$0,$0
