,Date,Stock Price,Book Value per Share,Price to Book Ratio,TTM Sales per Share,Price to Sales Ratio,TTM FCF per Share,Price to FCF Ratio,TTM Net EPS,PE Ratio,Current Assets,Current Liabilities,Current Ratio,Long Term Debt,Shareholder's Equity_x,Debt to Equity Ratio,TTM Revenue_x,TTM Gross Profit,Gross Margin,TTM Revenue_y,TTM Operating Income,Operating Margin,TTM Revenue_x,TTM EBIT,EBIT Margin,TTM Revenue_y,TTM EBITDA,EBITDA Margin,TTM Revenue_x,TTM Pre-Tax Income,Pre-Tax Margin,TTM Revenue_y,TTM Net Income_x,Net Margin,TTM Net Income_y,Shareholder's Equity_y,Return on Equity,TTM Net Income_x,Tangible Equity,Return on Tangible Equity,TTM Net Income_y,Total Assets,Return on Assets,TTM Net Income,LT Investments & Debt,Return on Investment,revenue,cost-goods-sold,gross-profit,research-development-expenses,selling-general-administrative-expenses,operating-expenses,operating-income,total-non-operating-income-expense,pre-tax-income,total-provision-income-taxes,income-after-taxes,income-from-continuous-operations,net-income,ebitda,ebit,basic-shares-outstanding,shares-outstanding,eps-basic-net-earnings-per-share,eps-earnings-per-share-diluted,cash-on-hand,inventory,other-current-assets,total-current-assets,net-property-plant-equipment,long-term-investments,goodwill-intangible-assets-total,other-long-term-assets,total-long-term-assets,total-assets,total-current-liabilities,long-term-debt,other-non-current-liabilities,total-long-term-liabilities,total-liabilities,common-stock-net,retained-earnings-accumulated-deficit,comprehensive-income,total-share-holder-equity,total-liabilities-share-holders-equity,net-income-loss,total-depreciation-amortization-cash-flow,other-non-cash-items,total-non-cash-items,change-in-accounts-receivable,change-in-inventories,change-in-accounts-payable,change-in-assets-liabilities,total-change-in-assets-liabilities,cash-flow-from-operating-activities,net-change-in-property-plant-equipment,net-change-in-intangible-assets,net-acquisitions-divestitures,net-change-in-short-term-investments,net-change-in-long-term-investments,net-change-in-investments-total,investing-activities-other,cash-flow-from-investing-activities,net-long-term-debt,net-current-debt,debt-issuance-retirement-net-total,net-common-equity-issued-repurchased,net-total-equity-issued-repurchased,total-common-preferred-stock-dividends-paid,financial-activities-other,cash-flow-from-financial-activities,net-cash-flow,stock-based-compensation,common-stock-dividends-paid
0,2018-09-30,53.7,$17.03,3.15,$21.20,2.53,$7.01,7.66,$-1.04,0.0,$0.13B,$0.04B,3.18,$0.02B,$0.26B,0.08,$0.33B,$0.15B,44.91%,$0.33B,$0.05B,16.17%,$0.33B,$0.05B,16.17%,$0.33B,$0.07B,20.66%,$0.33B,$0.05B,15.87%,$0.33B,$-0.00B,-0.30%,$-0.00B,$0.26B,-0.38%,$-0.00B,$0.13B,-0.77%,$-0.00B,$0.33B,-0.29%,$0.05B,$0.28B,18.67%,$92,$49,$42,$0,$25,$74,$17,$-0,$17,$4,$12,$12,$15,$21,$17,$16,16,$0.98,$0.97,$11,$49,$0,$133,$52,$0,$131,$14,$197,$331,$42,$21,$6,$29,$71,$0,$259,$-9,$260,$331,$27,$7,$0,$7,$1,$-6,$0,$-4,$-9,$25,$1,$0,$0,$0,$0,$0,$7,$8,$0,$-2,$-2,$-31,$-31,$0,$0,$-33,$-0,$2,$0
1,2018-06-30,52.85,$17.02,3.1,$20.64,2.56,$6.80,7.77,$-0.58,0.0,$0.13B,$0.05B,2.87,$0.02B,$0.27B,0.07,$0.33B,$0.15B,45.40%,$0.33B,$0.05B,15.95%,$0.33B,$0.05B,15.95%,$0.33B,$0.07B,20.25%,$0.33B,$0.05B,15.34%,$0.33B,$-0.01B,-2.76%,$-0.01B,$0.27B,-3.31%,$-0.01B,$0.14B,-6.99%,$-0.01B,$0.34B,-2.52%,$0.05B,$0.29B,17.01%,$90,$47,$42,$0,$24,$72,$18,$0,$18,$4,$14,$14,$12,$21,$18,$16,16,$0.74,$0.73,$11,$46,$0,$130,$53,$0,$132,$23,$209,$339,$45,$19,$5,$26,$71,$0,$243,$-9,$268,$339,$12,$4,$-2,$2,$-2,$-3,$0,$2,$-5,$9,$2,$0,$0,$0,$0,$0,$0,$2,$0,$-4,$-4,$-8,$-8,$0,$0,$-12,$-1,$1,$0
2,2018-03-31,45.05,$16.66,2.7,$20.63,2.18,$6.67,6.76,$-0.77,0.0,$0.13B,$0.05B,2.84,$0.02B,$0.27B,0.09,$0.33B,$0.15B,45.54%,$0.33B,$0.05B,15.69%,$0.33B,$0.05B,15.69%,$0.33B,$0.07B,20.00%,$0.33B,$0.05B,14.77%,$0.33B,$-0.01B,-3.69%,$-0.01B,$0.27B,-4.35%,$-0.01B,$0.13B,-9.74%,$-0.01B,$0.34B,-3.20%,$0.05B,$0.29B,15.86%,$83,$47,$36,$0,$25,$72,$11,$-1,$10,$-1,$11,$11,$6,$15,$11,$16,16,$0.42,$0.42,$12,$43,$0,$128,$54,$0,$135,$24,$213,$341,$45,$23,$5,$30,$75,$0,$234,$-7,$266,$341,$-12,$15,$35,$50,$-3,$1,$0,$1,$5,$43,$-5,$0,$0,$2,$0,$2,$-2,$-5,$-49,$0,$-49,$-2,$-2,$0,$-0,$-52,$-11,$4,$0
3,2017-12-31,45.95,$16.36,2.81,$18.96,2.42,$6.30,7.3,$-1.00,0.0,$0.13B,$0.04B,3.03,$0.04B,$0.26B,0.15,$0.30B,$0.14B,46.67%,$0.30B,$0.05B,18.00%,$0.30B,$0.05B,18.00%,$0.30B,$0.07B,22.33%,$0.30B,$0.05B,17.00%,$0.30B,$-0.02B,-5.00%,$-0.02B,$0.26B,-5.41%,$-0.02B,$0.12B,-12.15%,$-0.02B,$0.35B,-3.85%,$0.05B,$0.30B,16.10%,$69,$39,$30,$0,$22,$61,$8,$-1,$8,$5,$3,$3,$-34,$12,$8,$16,16,$-2.17,$-2.17,$27,$45,$0,$133,$55,$0,$137,$24,$216,$348,$44,$40,$4,$44,$88,$0,$227,$-7,$260,$348,$-18,$11,$34,$45,$9,$-1,$0,$-6,$12,$39,$-4,$0,$0,$2,$0,$2,$-1,$-3,$0,$-33,$-33,$-1,$-1,$0,$-0,$-34,$3,$3,$0
4,2017-09-30,44.35,$18.49,2.4,$18.67,2.38,$5.78,7.67,$1.20,36.96,$0.15B,$0.05B,3.12,$0.05B,$0.29B,0.18,$0.30B,$0.14B,46.28%,$0.30B,$0.05B,17.23%,$0.30B,$0.05B,17.23%,$0.30B,$0.06B,20.95%,$0.30B,$0.05B,16.22%,$0.30B,$0.02B,6.42%,$0.02B,$0.29B,6.79%,$0.02B,$0.13B,15.48%,$0.02B,$0.40B,4.83%,$0.05B,$0.35B,15.03%,$84,$45,$40,$0,$25,$70,$15,$-0,$14,$5,$9,$9,$7,$18,$15,$16,16,$0.46,$0.46,$28,$52,$0,$154,$64,$0,$169,$16,$249,$403,$49,$53,$6,$60,$109,$0,$261,$-7,$294,$403,$16,$7,$-0,$7,$-3,$0,$0,$-6,$3,$25,$-2,$0,$0,$0,$0,$0,$-1,$-3,$0,$-20,$-20,$0,$0,$0,$-0,$-20,$3,$2,$0
5,2017-06-30,38.65,$17.90,2.16,$18.46,2.09,$5.25,7.36,$0.98,39.44,$0.16B,$0.05B,3.21,$0.07B,$0.28B,0.24,$0.29B,$0.13B,45.55%,$0.29B,$0.04B,14.73%,$0.29B,$0.04B,14.73%,$0.29B,$0.06B,18.84%,$0.29B,$0.04B,14.04%,$0.29B,$0.02B,5.48%,$0.02B,$0.28B,5.87%,$0.02B,$0.11B,13.25%,$0.02B,$0.41B,4.12%,$0.04B,$0.35B,12.76%,$89,$47,$42,$0,$25,$73,$17,$-1,$16,$6,$10,$10,$9,$20,$17,$16,16,$0.53,$0.53,$28,$51,$0,$157,$64,$0,$170,$16,$250,$408,$49,$67,$7,$75,$124,$0,$254,$-9,$284,$408,$9,$4,$0,$4,$-7,$-0,$0,$1,$-2,$10,$-2,$0,$-0,$-0,$0,$-0,$-1,$-2,$0,$-6,$-6,$-0,$-0,$0,$0,$-6,$3,$1,$0
6,2017-03-31,36.7,$17.22,2.13,$18.18,2.02,$4.78,7.68,$0.70,52.43,$0.15B,$0.04B,3.82,$0.07B,$0.27B,0.27,$0.29B,$0.13B,44.95%,$0.29B,$0.03B,11.50%,$0.29B,$0.03B,11.50%,$0.29B,$0.05B,16.38%,$0.29B,$0.03B,11.15%,$0.29B,$0.01B,3.83%,$0.01B,$0.27B,4.11%,$0.01B,$0.13B,9.21%,$0.01B,$0.40B,2.86%,$0.03B,$0.35B,9.81%,$58,$30,$28,$0,$17,$44,$14,$-1,$13,$5,$8,$8,$3,$17,$14,$16,16,$0.17,$0.17,$25,$44,$0,$147,$57,$0,$140,$16,$251,$398,$38,$73,$13,$87,$126,$0,$245,$-10,$272,$398,$11,$14,$12,$26,$-5,$0,$0,$1,$2,$39,$-6,$0,$-28,$11,$0,$11,$-2,$-26,$-16,$0,$-16,$1,$1,$0,$0,$-15,$-3,$5,$0
7,2016-12-31,36.85,$17.15,2.15,$16.01,2.3,$4.77,7.72,$0.65,56.69,$0.14B,$0.04B,3.75,$0.05B,$0.27B,0.17,$0.25B,$0.12B,48.41%,$0.25B,$0.03B,9.92%,$0.25B,$0.03B,9.92%,$0.25B,$0.04B,14.68%,$0.25B,$0.02B,9.52%,$0.25B,$0.01B,3.97%,$0.01B,$0.27B,3.79%,$0.01B,$0.12B,8.93%,$0.01B,$0.37B,2.61%,$0.03B,$0.32B,7.42%,$65,$38,$27,$0,$22,$60,$5,$-0,$5,$3,$2,$2,$0,$7,$5,$16,16,$0.03,$0.03,$22,$53,$0,$138,$63,$0,$148,$16,$227,$365,$37,$46,$12,$59,$96,$0,$242,$-10,$269,$365,$8,$10,$7,$17,$3,$-2,$0,$2,$7,$33,$-5,$0,$0,$11,$0,$11,$-1,$5,$0,$-43,$-43,$1,$1,$0,$0,$-42,$-6,$4,$0
8,2016-09-30,32.39,$16.95,1.91,$16.41,1.97,$5.11,6.34,$0.75,43.19,$0.16B,$0.03B,5.0,$0.07B,$0.27B,0.27,$0.26B,$0.13B,49.22%,$0.26B,$0.03B,10.08%,$0.26B,$0.03B,10.08%,$0.26B,$0.04B,15.12%,$0.26B,$0.02B,9.30%,$0.26B,$0.01B,4.65%,$0.01B,$0.27B,4.60%,$0.01B,$0.12B,11.32%,$0.01B,$0.38B,3.05%,$0.03B,$0.34B,7.47%,$80,$44,$36,$0,$26,$73,$7,$0,$7,$3,$4,$4,$4,$11,$7,$16,16,$0.24,$0.24,$35,$49,$0,$155,$64,$0,$150,$16,$229,$384,$31,$72,$14,$87,$118,$0,$242,$-10,$266,$384,$8,$8,$6,$14,$-5,$1,$0,$2,$-3,$19,$-5,$0,$0,$3,$0,$3,$0,$-2,$0,$-17,$-17,$-1,$-1,$0,$0,$-18,$-1,$3,$0
