,Date,Stock Price,Book Value per Share,Price to Book Ratio,TTM Sales per Share,Price to Sales Ratio,TTM FCF per Share,Price to FCF Ratio,TTM Net EPS,PE Ratio,Current Assets,Current Liabilities,Current Ratio,Long Term Debt,Shareholder's Equity_x,Debt to Equity Ratio,TTM Revenue_x,TTM Gross Profit,Gross Margin,TTM Revenue_y,TTM Operating Income,Operating Margin,TTM Revenue_x,TTM EBIT,EBIT Margin,TTM Revenue_y,TTM EBITDA,EBITDA Margin,TTM Revenue_x,TTM Pre-Tax Income,Pre-Tax Margin,TTM Revenue_y,TTM Net Income_x,Net Margin,TTM Net Income_y,Shareholder's Equity_y,Return on Equity,TTM Net Income_x,Tangible Equity,Return on Tangible Equity,TTM Net Income_y,Total Assets,Return on Assets,TTM Net Income,LT Investments & Debt,Return on Investment,revenue,cost-goods-sold,gross-profit,research-development-expenses,selling-general-administrative-expenses,operating-expenses,operating-income,total-non-operating-income-expense,pre-tax-income,total-provision-income-taxes,income-after-taxes,income-from-continuous-operations,net-income,ebitda,ebit,basic-shares-outstanding,shares-outstanding,eps-basic-net-earnings-per-share,eps-earnings-per-share-diluted,cash-on-hand,inventory,other-current-assets,total-current-assets,net-property-plant-equipment,long-term-investments,goodwill-intangible-assets-total,other-long-term-assets,total-long-term-assets,total-assets,total-current-liabilities,long-term-debt,other-non-current-liabilities,total-long-term-liabilities,total-liabilities,common-stock-net,retained-earnings-accumulated-deficit,comprehensive-income,total-share-holder-equity,total-liabilities-share-holders-equity,net-income-loss,total-depreciation-amortization-cash-flow,other-non-cash-items,total-non-cash-items,change-in-accounts-receivable,change-in-inventories,change-in-accounts-payable,change-in-assets-liabilities,total-change-in-assets-liabilities,cash-flow-from-operating-activities,net-change-in-property-plant-equipment,net-change-in-intangible-assets,net-acquisitions-divestitures,net-change-in-short-term-investments,net-change-in-long-term-investments,net-change-in-investments-total,investing-activities-other,cash-flow-from-investing-activities,net-long-term-debt,net-current-debt,debt-issuance-retirement-net-total,net-common-equity-issued-repurchased,net-total-equity-issued-repurchased,total-common-preferred-stock-dividends-paid,financial-activities-other,cash-flow-from-financial-activities,net-cash-flow,stock-based-compensation,common-stock-dividends-paid
0,2018-09-30,74.05,$16.27,4.55,$13.61,5.44,$6.77,10.94,$7.46,9.93,$2.78B,$1.94B,1.43,$13.75B,$13.74B,1.0,$11.97B,$8.57B,71.58%,$11.97B,$4.69B,39.21%,$11.97B,$4.69B,39.21%,$11.97B,$6.02B,50.26%,$11.97B,$4.19B,35.00%,$11.97B,$6.61B,55.19%,$6.61B,$13.74B,46.46%,$6.61B,$13.74B,46.46%,$6.61B,$36.86B,17.98%,$4.69B,$27.49B,17.07%,$3129,$831,$2298,$0,$695,$1836,$1293,$-143,$1150,$256,$894,$894,$894,$1627,$1293,$850,854,$1.05,$1.05,$1278,$283,$133,$2784,$31871,$941,$0,$1265,$34077,$36861,$1944,$13754,$844,$21182,$23126,$844,$13320,$-574,$13735,$36861,$2466,$986,$-67,$919,$-97,$0,$140,$-28,$34,$3406,$-983,$0,$0,$-596,$0,$-596,$-8,$-1587,$1981,$0,$1981,$-2916,$-2916,$-570,$-52,$-1557,$262,$0,$-570
1,2018-06-30,63.78,$16.33,3.91,$12.97,4.92,$5.52,11.55,$6.92,9.22,$2.88B,$1.73B,1.66,$13.77B,$14.02B,0.98,$11.58B,$8.18B,70.58%,$11.58B,$4.27B,36.84%,$11.58B,$4.27B,36.84%,$11.58B,$5.59B,48.24%,$11.58B,$3.79B,32.71%,$11.58B,$6.17B,53.27%,$6.17B,$14.02B,45.68%,$6.17B,$14.02B,45.68%,$6.17B,$36.92B,16.94%,$4.27B,$27.79B,16.24%,$3102,$851,$2251,$0,$669,$1819,$1283,$-139,$1144,$267,$877,$877,$877,$1612,$1283,$864,868,$1.02,$1.01,$1403,$326,$116,$2881,$31847,$931,$0,$1265,$34043,$36924,$1732,$13769,$868,$21169,$22901,$859,$13604,$-581,$14023,$36924,$1572,$652,$-39,$613,$-47,$0,$11,$-101,$-161,$2009,$-682,$0,$0,$-65,$0,$-65,$-8,$-755,$2000,$0,$2000,$-1900,$-1900,$-384,$-51,$-335,$919,$0,$-384
2,2018-03-31,55.52,$16.44,3.38,$12.57,4.42,$4.67,11.89,$6.46,8.6,$3.54B,$1.89B,1.87,$13.77B,$14.39B,0.96,$11.42B,$8.06B,70.60%,$11.42B,$3.94B,34.53%,$11.42B,$3.94B,34.53%,$11.42B,$5.26B,46.08%,$11.42B,$3.47B,30.42%,$11.42B,$5.80B,50.85%,$5.80B,$14.39B,44.98%,$5.80B,$14.39B,44.98%,$5.80B,$37.44B,16.05%,$3.94B,$28.16B,15.65%,$2876,$838,$2038,$0,$696,$1832,$1044,$-132,$912,$217,$695,$695,$695,$1367,$1044,$885,888,$0.78,$0.78,$1990,$369,$138,$3542,$31748,$918,$0,$1231,$33897,$37439,$1891,$13768,$904,$21157,$23048,$875,$13873,$-585,$14391,$37439,$695,$323,$-15,$308,$-50,$0,$64,$-184,$-43,$966,$-316,$0,$0,$8,$0,$8,$-8,$-316,$2000,$0,$2000,$-836,$-836,$-194,$-41,$929,$1579,$0,$-194
3,2017-12-31,54.6,$16.54,3.3,$12.42,4.4,$4.60,11.87,$6.07,9.0,$1.92B,$1.89B,1.01,$11.79B,$14.72B,0.8,$11.41B,$8.00B,70.14%,$11.41B,$3.67B,32.14%,$11.41B,$3.67B,32.14%,$11.41B,$4.98B,43.67%,$11.41B,$3.14B,27.54%,$11.41B,$5.47B,47.96%,$5.47B,$14.72B,44.76%,$5.47B,$14.72B,44.76%,$5.47B,$35.74B,15.32%,$3.67B,$26.51B,15.40%,$2863,$882,$1981,$0,$643,$1790,$1073,$-90,$983,$-3157,$4140,$4140,$4140,$1410,$1073,$911,914,$4.56,$4.54,$419,$372,$154,$1915,$31764,$907,$0,$1153,$33824,$35739,$1894,$11790,$916,$19124,$21018,$890,$14084,$-486,$14721,$35739,$5471,$1315,$-3332,$-2017,$-70,$0,$41,$44,$35,$3472,$-1943,$0,$0,$411,$0,$411,$37,$-1495,$517,$0,$517,$-1970,$-1970,$-708,$-18,$-2179,$-202,$0,$-708
4,2017-09-30,53.66,$12.20,4.4,$12.49,4.3,$3.81,14.08,$1.94,27.66,$2.17B,$2.08B,1.05,$11.79B,$10.90B,1.08,$11.58B,$8.18B,70.58%,$11.58B,$3.60B,31.07%,$11.58B,$3.60B,31.07%,$11.58B,$4.92B,42.51%,$11.58B,$2.91B,25.13%,$11.58B,$1.79B,15.45%,$1.79B,$10.90B,15.60%,$1.79B,$10.90B,15.60%,$1.79B,$35.57B,5.02%,$3.60B,$22.69B,15.75%,$2743,$837,$1906,$0,$725,$1875,$868,$-118,$750,$291,$459,$459,$459,$1199,$868,$902,906,$0.51,$0.51,$704,$392,$95,$2172,$31579,$864,$0,$958,$33401,$35573,$2075,$11788,$1019,$22596,$24671,$894,$10327,$-561,$10902,$35573,$1331,$978,$257,$1235,$-78,$0,$102,$51,$255,$2861,$-1424,$0,$0,$312,$0,$312,$33,$-1079,$518,$0,$518,$-1763,$-1763,$-530,$-19,$-1794,$-12,$0,$-530
5,2017-06-30,53.74,$12.70,4.23,$12.34,4.36,$3.18,16.92,$1.91,28.14,$2.63B,$1.67B,1.57,$11.81B,$11.60B,1.02,$11.55B,$8.19B,70.94%,$11.55B,$3.57B,30.92%,$11.55B,$3.57B,30.92%,$11.55B,$4.89B,42.32%,$11.55B,$2.88B,24.89%,$11.55B,$1.79B,15.46%,$1.79B,$11.60B,15.31%,$1.79B,$11.60B,15.31%,$1.79B,$35.86B,5.04%,$3.57B,$23.41B,15.83%,$2933,$799,$2134,$0,$751,$1976,$957,$-130,$827,$317,$510,$510,$510,$1284,$957,$920,924,$0.55,$0.55,$1097,$428,$90,$2630,$31427,$856,$0,$948,$33231,$35861,$1672,$11806,$1045,$22588,$24260,$913,$11033,$-569,$11601,$35861,$872,$647,$245,$892,$-103,$0,$6,$-73,$-216,$1566,$-939,$0,$0,$-53,$0,$-53,$25,$-967,$537,$0,$537,$-757,$-757,$-350,$-12,$-582,$17,$0,$-350
6,2017-03-31,45.68,$12.65,3.61,$12.01,3.8,$3.05,14.97,$1.83,24.96,$2.66B,$2.28B,1.17,$10.96B,$11.67B,0.94,$11.32B,$7.97B,70.38%,$11.32B,$3.45B,30.51%,$11.32B,$3.45B,30.51%,$11.32B,$4.76B,42.07%,$11.32B,$2.76B,24.34%,$11.32B,$1.72B,15.19%,$1.72B,$11.67B,14.75%,$1.72B,$11.67B,14.75%,$1.72B,$35.71B,4.90%,$3.45B,$22.63B,15.63%,$2869,$888,$1981,$0,$795,$2100,$769,$-187,$582,$220,$362,$362,$362,$1089,$769,$927,929,$0.39,$0.39,$1217,$415,$85,$2660,$31259,$847,$0,$946,$33052,$35712,$2277,$10963,$1155,$21766,$24043,$923,$11197,$-634,$11669,$35712,$362,$320,$205,$525,$-30,$0,$91,$-84,$139,$1043,$-428,$0,$0,$130,$0,$130,$12,$-286,$0,$0,$0,$-258,$-258,$-166,$-6,$-430,$327,$0,$-166
7,2016-12-31,35.13,$12.60,2.79,$11.64,3.02,$2.73,12.87,$1.81,19.41,$2.49B,$2.04B,1.22,$10.96B,$11.69B,0.94,$11.07B,$7.80B,70.46%,$11.07B,$3.39B,30.62%,$11.07B,$3.39B,30.62%,$11.07B,$4.69B,42.37%,$11.07B,$2.74B,24.76%,$11.07B,$1.71B,15.48%,$1.71B,$11.69B,14.71%,$1.71B,$11.69B,14.71%,$1.71B,$35.41B,4.92%,$3.39B,$22.66B,15.43%,$3037,$883,$2154,$0,$852,$2033,$1004,$-253,$751,$293,$458,$458,$458,$1352,$1004,$947,948,$0.49,$0.49,$1020,$407,$122,$2487,$31150,$840,$0,$937,$32927,$35414,$2040,$10962,$1122,$21680,$23720,$928,$11253,$-640,$11694,$35414,$1714,$1301,$-23,$1278,$84,$0,$40,$-78,$69,$3041,$-2203,$0,$0,$396,$0,$396,$9,$-1798,$781,$0,$781,$-1056,$-1056,$-680,$-313,$-1268,$-25,$0,$-680
8,2016-09-30,29.67,$12.46,2.38,$11.26,2.63,$2.82,10.53,$1.80,16.48,$2.16B,$2.26B,0.96,$9.89B,$11.67B,0.85,$10.81B,$7.51B,69.43%,$10.81B,$3.18B,29.37%,$10.81B,$3.18B,29.37%,$10.81B,$4.44B,41.07%,$10.81B,$2.73B,25.26%,$10.81B,$1.72B,15.93%,$1.72B,$11.67B,14.79%,$1.72B,$11.67B,14.79%,$1.72B,$34.68B,4.97%,$3.18B,$21.56B,14.54%,$2710,$786,$1924,$0,$762,$1869,$841,$-126,$715,$260,$455,$455,$455,$1162,$841,$942,943,$0.48,$0.48,$755,$397,$86,$2163,$30782,$830,$0,$906,$32518,$34681,$2263,$9888,$1355,$20748,$23011,$937,$11233,$-639,$11670,$34681,$1256,$953,$312,$1265,$68,$0,$94,$-119,$18,$2488,$-1590,$0,$0,$660,$0,$660,$37,$-893,$-19,$0,$-19,$-778,$-778,$-513,$-310,$-1620,$-25,$0,$-513
9,2016-06-30,25.21,$12.29,2.05,$11.38,2.22,$2.53,9.98,$1.84,13.7,$2.23B,$2.28B,0.98,$9.91B,$11.63B,0.85,$11.04B,$7.61B,68.87%,$11.04B,$3.27B,29.60%,$11.04B,$3.27B,29.60%,$11.04B,$4.51B,40.88%,$11.04B,$2.82B,25.49%,$11.04B,$1.77B,16.07%,$1.77B,$11.63B,15.24%,$1.77B,$11.63B,15.24%,$1.77B,$34.55B,5.15%,$3.27B,$21.53B,14.93%,$2704,$796,$1908,$0,$749,$1864,$840,$-133,$707,$262,$445,$445,$445,$1159,$840,$952,952,$0.47,$0.47,$828,$399,$89,$2228,$30607,$818,$0,$897,$32322,$34550,$2282,$9905,$1383,$20643,$22925,$946,$11199,$-649,$11625,$34550,$801,$632,$165,$797,$66,$0,$0,$-72,$21,$1592,$-1066,$0,$0,$550,$0,$550,$35,$-481,$0,$0,$0,$-515,$-515,$-344,$-314,$-1173,$-62,$0,$-344
10,2016-03-31,24.72,$12.14,2.04,$11.64,2.12,$2.32,10.66,$1.93,12.81,$2.61B,$1.69B,1.54,$10.52B,$11.61B,0.91,$11.40B,$7.84B,68.74%,$11.40B,$3.45B,30.21%,$11.40B,$3.45B,30.21%,$11.40B,$4.67B,40.97%,$11.40B,$3.00B,26.27%,$11.40B,$1.88B,16.51%,$1.88B,$11.61B,16.19%,$1.88B,$11.61B,16.19%,$1.88B,$34.61B,5.49%,$3.45B,$22.12B,15.71%,$2618,$805,$1813,$0,$796,$1914,$704,$-136,$568,$212,$356,$356,$356,$1017,$704,$962,963,$0.37,$0.37,$1106,$370,$83,$2608,$30293,$811,$0,$898,$32002,$34610,$1692,$10516,$1400,$21312,$23004,$956,$11183,$-658,$11606,$34610,$356,$313,$80,$393,$57,$0,$50,$-132,$34,$754,$-425,$0,$0,$435,$0,$435,$31,$41,$0,$0,$0,$-249,$-249,$-173,$-270,$-692,$103,$0,$-173
11,2015-12-31,24.73,$12.08,2.05,$11.97,2.07,$2.07,11.95,$2.01,12.3,$2.84B,$1.95B,1.46,$10.52B,$11.67B,0.9,$11.81B,$8.04B,68.09%,$11.81B,$3.58B,30.34%,$11.81B,$3.58B,30.34%,$11.81B,$4.79B,40.57%,$11.81B,$3.14B,26.57%,$11.81B,$1.97B,16.66%,$1.97B,$11.67B,17.02%,$1.97B,$11.67B,17.02%,$1.97B,$34.75B,5.80%,$3.58B,$22.18B,16.58%,$2781,$919,$1862,$0,$799,$1990,$791,$-50,$741,$275,$466,$466,$466,$1103,$791,$983,984,$0.47,$0.47,$1438,$350,$70,$2840,$30174,$803,$0,$928,$31905,$34745,$1952,$10515,$1431,$21125,$23077,$966,$11238,$-665,$11668,$34745,$1968,$1208,$326,$1534,$149,$0,$-79,$-202,$-194,$3370,$-2415,$0,$0,$-514,$0,$-514,$37,$-2892,$971,$0,$971,$-804,$-804,$-686,$0,$-519,$-41,$0,$-686
12,2015-09-30,25.47,$11.96,2.13,$12.33,2.07,$2.05,12.41,$2.02,12.61,$2.50B,$1.92B,1.3,$10.09B,$11.66B,0.87,$12.22B,$8.28B,67.75%,$12.22B,$3.69B,30.22%,$12.22B,$3.69B,30.22%,$12.22B,$4.88B,39.93%,$12.22B,$3.17B,25.95%,$12.22B,$1.99B,16.31%,$1.99B,$11.66B,17.42%,$1.99B,$11.66B,17.42%,$1.99B,$34.02B,5.95%,$3.69B,$21.75B,17.39%,$2939,$917,$2022,$0,$787,$2006,$933,$-134,$799,$292,$507,$507,$507,$1235,$933,$981,982,$0.52,$0.52,$966,$309,$87,$2502,$29637,$793,$0,$1083,$31513,$34015,$1922,$10088,$1388,$20433,$22355,$975,$11195,$-645,$11660,$34015,$1502,$896,$62,$958,$126,$0,$3,$-234,$5,$2512,$-1863,$0,$0,$-130,$0,$-130,$42,$-1951,$372,$0,$372,$-546,$-546,$-512,$-3,$-689,$-128,$0,$-512
13,2015-06-30,30.72,$11.77,2.61,$12.56,2.45,$2.19,14.0,$2.01,15.28,$2.67B,$1.78B,1.5,$10.11B,$11.58B,0.87,$12.50B,$8.37B,66.94%,$12.50B,$3.74B,29.89%,$12.50B,$3.74B,29.89%,$12.50B,$4.91B,39.28%,$12.50B,$3.19B,25.48%,$12.50B,$2.00B,15.95%,$2.00B,$11.58B,17.64%,$2.00B,$11.58B,17.64%,$2.00B,$33.78B,6.02%,$3.74B,$21.68B,17.85%,$3064,$923,$2141,$0,$825,$2047,$1017,$-130,$887,$334,$553,$553,$553,$1316,$1017,$988,989,$0.56,$0.56,$1118,$295,$102,$2669,$29250,$787,$0,$1071,$31108,$33777,$1778,$10107,$1418,$20422,$22200,$984,$11117,$-656,$11577,$33777,$995,$594,$14,$608,$101,$0,$-68,$-197,$-86,$1582,$-1241,$0,$0,$-385,$0,$-385,$52,$-1574,$390,$0,$390,$-284,$-284,$-336,$-9,$-239,$-231,$0,$-336
14,2015-03-31,31.0,$11.48,2.7,$12.70,2.44,$2.37,13.06,$1.98,15.66,$2.46B,$2.04B,1.21,$9.51B,$11.34B,0.84,$12.68B,$8.32B,65.61%,$12.68B,$3.72B,29.30%,$12.68B,$3.72B,29.30%,$12.68B,$4.88B,38.47%,$12.68B,$3.15B,24.83%,$12.68B,$1.97B,15.54%,$1.97B,$11.34B,17.69%,$1.97B,$11.34B,17.69%,$1.97B,$33.16B,6.03%,$3.72B,$20.85B,18.27%,$3027,$1010,$2017,$0,$879,$2184,$843,$-132,$711,$269,$442,$442,$442,$1138,$843,$991,992,$0.45,$0.45,$818,$291,$99,$2457,$28872,$778,$0,$1054,$30704,$33161,$2038,$9513,$1386,$19785,$21823,$988,$10895,$-668,$11338,$33161,$442,$295,$6,$301,$19,$0,$24,$-252,$-79,$690,$-598,$0,$0,$35,$0,$35,$63,$-500,$0,$0,$0,$-127,$-127,$-158,$-13,$-298,$-108,$0,$-158
15,2014-12-31,33.76,$11.27,2.99,$12.63,2.67,$2.40,14.04,$1.93,17.49,$2.57B,$2.11B,1.22,$9.51B,$11.18B,0.85,$12.67B,$8.14B,64.26%,$12.67B,$3.61B,28.52%,$12.67B,$3.61B,28.52%,$12.67B,$4.76B,37.60%,$12.67B,$3.04B,24.03%,$12.67B,$1.93B,15.21%,$1.93B,$11.18B,17.57%,$1.93B,$11.18B,17.57%,$1.93B,$33.05B,5.96%,$3.61B,$20.69B,18.02%,$3192,$1092,$2100,$0,$909,$2291,$901,$-126,$775,$284,$491,$491,$491,$1191,$901,$1001,1002,$0.49,$0.48,$961,$273,$68,$2572,$28584,$779,$0,$1118,$30481,$33053,$2107,$9514,$1398,$19770,$21877,$992,$10734,$-666,$11176,$33053,$1927,$1151,$287,$1438,$-119,$0,$1,$8,$-36,$3343,$-2387,$0,$0,$241,$0,$241,$-37,$-2183,$67,$0,$67,$-517,$-517,$-629,$-4,$-1083,$77,$0,$-629
16,2014-09-30,29.74,$11.19,2.66,$12.42,2.39,$2.44,12.2,$1.86,15.99,$2.68B,$2.23B,1.2,$9.39B,$11.14B,0.84,$12.51B,$7.94B,63.46%,$12.51B,$3.53B,28.18%,$12.51B,$3.53B,28.18%,$12.51B,$4.67B,37.31%,$12.51B,$2.94B,23.53%,$12.51B,$1.86B,14.89%,$1.86B,$11.14B,17.24%,$1.86B,$11.14B,17.24%,$1.86B,$32.62B,5.82%,$3.53B,$20.53B,17.84%,$3221,$1109,$2112,$0,$845,$2245,$976,$-163,$813,$304,$509,$509,$509,$1267,$976,$999,999,$0.51,$0.51,$1054,$276,$95,$2676,$27994,$775,$0,$1178,$29947,$32623,$2231,$9387,$1121,$19250,$21481,$995,$10527,$-483,$11142,$32623,$1436,$861,$85,$946,$-116,$0,$20,$-107,$-61,$2302,$-1500,$0,$0,$-68,$0,$-68,$-52,$-1620,$68,$0,$68,$-388,$-388,$-470,$-5,$-795,$-113,$0,$-470
17,2014-06-30,28.44,$10.91,2.61,$12.13,2.34,$2.43,11.69,$1.81,15.71,$2.37B,$2.80B,0.85,$8.41B,$10.90B,0.77,$12.27B,$7.73B,63.02%,$12.27B,$3.39B,27.61%,$12.27B,$3.39B,27.61%,$12.27B,$4.52B,36.80%,$12.27B,$2.84B,23.13%,$12.27B,$1.81B,14.73%,$1.81B,$10.90B,17.25%,$1.81B,$10.90B,17.25%,$1.81B,$31.98B,5.72%,$3.39B,$19.31B,17.57%,$3244,$1151,$2093,$0,$809,$2247,$997,$-147,$850,$321,$529,$529,$529,$1284,$997,$1003,1003,$0.53,$0.53,$789,$275,$123,$2372,$27685,$768,$0,$1150,$29603,$31975,$2797,$8410,$1136,$18274,$21071,$1000,$10304,$-492,$10904,$31975,$927,$570,$82,$652,$-60,$0,$-50,$-139,$-135,$1445,$-919,$0,$0,$286,$0,$286,$-17,$-650,$-244,$0,$-244,$-257,$-257,$-311,$-2,$-814,$-19,$0,$-311
18,2014-03-31,26.59,$10.60,2.51,$11.87,2.24,$2.39,11.12,$1.80,14.77,$2.29B,$2.21B,1.04,$9.02B,$10.65B,0.85,$12.08B,$7.63B,63.22%,$12.08B,$3.33B,27.59%,$12.08B,$3.33B,27.59%,$12.08B,$4.45B,36.84%,$12.08B,$2.80B,23.17%,$12.08B,$1.80B,14.91%,$1.80B,$10.65B,17.70%,$1.80B,$10.65B,17.70%,$1.80B,$31.68B,5.75%,$3.33B,$19.67B,17.46%,$3012,$1176,$1836,$0,$814,$2273,$739,$-133,$606,$208,$398,$398,$398,$1022,$739,$1008,1008,$0.40,$0.40,$723,$259,$91,$2289,$27494,$756,$0,$1141,$29391,$31680,$2212,$9021,$1144,$18823,$21035,$1004,$10062,$-507,$10645,$31680,$398,$283,$-2,$281,$-46,$0,$30,$-214,$-71,$599,$-475,$0,$0,$244,$0,$244,$4,$-227,$-209,$0,$-209,$-127,$-127,$-151,$-2,$-489,$-117,$0,$-151
19,2013-12-31,26.27,$10.41,2.52,$11.78,2.23,$2.50,10.49,$1.85,14.2,$2.60B,$2.42B,1.07,$9.02B,$10.50B,0.86,$12.03B,$7.72B,64.15%,$12.03B,$3.47B,28.88%,$12.03B,$3.47B,28.88%,$12.03B,$4.58B,38.06%,$12.03B,$2.92B,24.30%,$12.03B,$1.86B,15.50%,$1.86B,$10.50B,18.93%,$1.86B,$10.50B,18.93%,$1.86B,$31.78B,6.00%,$3.47B,$19.53B,18.56%,$3032,$1135,$1897,$0,$803,$2219,$813,$-139,$674,$248,$426,$426,$426,$1094,$813,$1019,1019,$0.42,$0.42,$1079,$252,$64,$2602,$27291,$752,$0,$1137,$29180,$31782,$2424,$9022,$1170,$18854,$21278,$1009,$9936,$-523,$10504,$31782,$1864,$1104,$230,$1334,$-6,$0,$28,$149,$104,$3267,$-2260,$0,$0,$145,$0,$145,$-112,$-2227,$-280,$0,$-280,$-344,$-344,$-600,$-8,$-1232,$-192,$0,$-600
20,2013-09-30,23.37,$9.73,2.4,$11.59,2.02,$2.28,10.27,$1.86,12.56,$2.20B,$2.25B,0.98,$8.79B,$9.87B,0.89,$11.89B,$7.65B,64.38%,$11.89B,$3.47B,29.20%,$11.89B,$3.47B,29.20%,$11.89B,$4.57B,38.41%,$11.89B,$2.97B,25.01%,$11.89B,$1.89B,15.86%,$1.89B,$9.87B,19.83%,$1.89B,$9.87B,19.83%,$1.89B,$30.94B,6.12%,$3.47B,$18.66B,18.89%,$2985,$1077,$1908,$0,$791,$2145,$840,$-131,$709,$254,$455,$455,$455,$1117,$840,$1017,1018,$0.45,$0.45,$719,$267,$85,$2200,$26946,$715,$0,$1082,$28743,$30943,$2251,$8787,$1650,$18824,$21075,$1014,$9670,$-886,$9868,$30943,$1438,$823,$161,$984,$-53,$0,$93,$36,$130,$2499,$-1687,$0,$0,$498,$0,$498,$-54,$-1243,$-779,$0,$-779,$-215,$-215,$-448,$-7,$-1449,$-193,$0,$-448
21,2013-06-30,20.93,$9.48,2.21,$11.44,1.83,$1.93,10.82,$1.84,11.37,$2.49B,$2.42B,1.03,$8.81B,$9.66B,0.91,$11.79B,$7.62B,64.61%,$11.79B,$3.49B,29.55%,$11.79B,$3.49B,29.55%,$11.79B,$4.57B,38.75%,$11.79B,$2.99B,25.31%,$11.79B,$1.89B,15.98%,$1.89B,$9.66B,20.28%,$1.89B,$9.66B,20.28%,$1.89B,$30.88B,6.17%,$3.49B,$18.47B,19.32%,$3046,$1053,$1993,$0,$777,$2106,$940,$-131,$809,$288,$521,$521,$521,$1216,$940,$1022,1023,$0.51,$0.51,$1017,$264,$118,$2489,$26599,$709,$0,$1084,$28392,$30881,$2418,$8811,$1677,$18801,$21219,$1019,$9482,$-902,$9662,$30881,$983,$546,$105,$651,$7,$0,$25,$-59,$6,$1579,$-1085,$0,$0,$214,$0,$214,$-50,$-921,$-455,$0,$-455,$-86,$-86,$-296,$9,$-828,$-170,$0,$-296
22,2013-03-31,22.1,$9.15,2.42,$11.35,1.95,$1.52,14.57,$1.81,12.21,$2.57B,$2.47B,1.04,$8.85B,$9.35B,0.95,$11.76B,$7.58B,64.43%,$11.76B,$3.49B,29.66%,$11.76B,$3.49B,29.66%,$11.76B,$4.56B,38.78%,$11.76B,$2.99B,25.38%,$11.76B,$1.88B,15.95%,$1.88B,$9.35B,20.61%,$1.88B,$9.35B,20.61%,$1.88B,$30.59B,6.21%,$3.49B,$18.19B,19.61%,$2963,$1046,$1917,$0,$767,$2083,$880,$-150,$730,$268,$462,$462,$462,$1150,$880,$1022,1023,$0.45,$0.45,$1072,$283,$103,$2567,$26288,$703,$0,$1028,$28019,$30586,$2474,$8846,$1716,$18764,$21238,$1022,$9191,$-919,$9348,$30586,$462,$270,$52,$322,$-47,$0,$48,$-126,$4,$731,$-491,$0,$0,$244,$0,$244,$-18,$-265,$-413,$0,$-413,$6,$6,$-143,$5,$-545,$-79,$0,$-143
23,2012-12-31,17.59,$8.95,1.96,$11.28,1.56,$1.26,13.98,$1.79,9.83,$2.95B,$2.65B,1.12,$9.05B,$9.14B,0.99,$11.76B,$7.54B,64.12%,$11.76B,$3.46B,29.45%,$11.76B,$3.46B,29.45%,$11.76B,$4.52B,38.45%,$11.76B,$2.97B,25.26%,$11.76B,$1.86B,15.84%,$1.86B,$9.14B,20.95%,$1.86B,$9.14B,20.95%,$1.86B,$30.72B,6.24%,$3.46B,$18.19B,19.77%,$2891,$1057,$1834,$0,$752,$2080,$811,$-86,$725,$278,$447,$447,$447,$1082,$811,$1038,1040,$0.44,$0.43,$1371,$274,$75,$2953,$26050,$695,$0,$1025,$27770,$30723,$2645,$9052,$1794,$18942,$21587,$1020,$9010,$-936,$9136,$30723,$1863,$1059,$151,$1210,$61,$0,$-4,$-106,$-63,$2946,$-2155,$0,$0,$-52,$0,$-52,$-70,$-2277,$592,$0,$592,$-720,$-720,$-558,$18,$-668,$1,$0,$-558
24,2012-09-30,18.37,$8.76,2.1,$11.26,1.63,$1.81,10.13,$1.79,10.26,$2.39B,$3.02B,0.79,$8.26B,$9.03B,0.91,$11.88B,$7.62B,64.14%,$11.88B,$3.55B,29.86%,$11.88B,$3.55B,29.86%,$11.88B,$4.57B,38.48%,$11.88B,$3.01B,25.35%,$11.88B,$1.91B,16.04%,$1.91B,$9.03B,21.84%,$1.91B,$9.03B,21.84%,$1.91B,$29.93B,6.45%,$3.55B,$17.29B,20.53%,$2894,$1018,$1876,$0,$754,$2040,$854,$-133,$721,$266,$455,$455,$455,$1122,$854,$1038,1040,$0.44,$0.44,$728,$264,$104,$2393,$25932,$693,$0,$912,$27537,$29930,$3021,$8257,$1603,$17878,$20899,$1031,$8798,$-833,$9031,$29930,$1416,$788,$109,$897,$12,$0,$48,$-178,$30,$2304,$-1830,$0,$0,$495,$0,$495,$10,$-1325,$-181,$0,$-181,$-489,$-489,$-415,$16,$-1069,$-90,$0,$-415
25,2012-06-30,19.67,$8.55,2.3,$11.22,1.75,$2.43,8.11,$1.78,11.05,$2.37B,$2.58B,0.92,$8.58B,$8.90B,0.97,$11.94B,$7.64B,63.92%,$11.94B,$3.57B,29.89%,$11.94B,$3.57B,29.89%,$11.94B,$4.58B,38.32%,$11.94B,$3.04B,25.41%,$11.94B,$1.91B,16.02%,$1.91B,$8.90B,22.43%,$1.91B,$8.90B,22.43%,$1.91B,$29.59B,6.58%,$3.57B,$17.48B,20.93%,$3012,$1062,$1950,$0,$744,$2069,$943,$-134,$809,$297,$512,$512,$512,$1206,$943,$1041,1043,$0.49,$0.49,$683,$256,$125,$2372,$25632,$687,$0,$898,$27217,$29589,$2575,$8581,$1642,$18119,$20694,$1040,$8679,$-849,$8895,$29589,$961,$520,$-14,$506,$-7,$0,$-72,$-193,$-154,$1291,$-1223,$0,$0,$488,$0,$488,$6,$-729,$-155,$0,$-155,$-290,$-290,$-270,$12,$-703,$-141,$0,$-270
26,2012-03-31,18.81,$8.18,2.3,$11.06,1.7,$2.94,6.4,$1.75,10.75,$2.47B,$2.59B,0.95,$8.62B,$8.50B,1.01,$11.95B,$7.62B,63.77%,$11.95B,$3.55B,29.73%,$11.95B,$3.55B,29.73%,$11.95B,$4.54B,38.01%,$11.95B,$3.02B,25.25%,$11.95B,$1.91B,15.97%,$1.91B,$8.50B,22.33%,$1.91B,$8.50B,22.33%,$1.91B,$29.19B,6.61%,$3.55B,$17.13B,20.94%,$2966,$1083,$1883,$0,$770,$2110,$856,$-140,$716,$267,$449,$449,$449,$1113,$856,$1047,1049,$0.43,$0.43,$766,$251,$112,$2468,$25141,$683,$0,$894,$26718,$29186,$2593,$8623,$1667,$18089,$20682,$1039,$8313,$-866,$8504,$29186,$449,$257,$-99,$158,$-36,$0,$83,$-203,$-126,$444,$-469,$0,$0,$384,$0,$384,$8,$-77,$-113,$0,$-113,$-292,$-292,$-125,$7,$-523,$-156,$0,$-125
27,2011-12-31,18.31,$8.07,2.27,$10.75,1.7,$3.06,5.97,$1.67,10.94,$2.81B,$2.56B,1.1,$8.73B,$8.47B,1.03,$11.80B,$7.52B,63.75%,$11.80B,$3.47B,29.42%,$11.80B,$3.47B,29.42%,$11.80B,$4.45B,37.69%,$11.80B,$2.94B,24.93%,$11.80B,$1.85B,15.72%,$1.85B,$8.47B,21.54%,$1.85B,$8.47B,21.54%,$1.85B,$29.34B,6.51%,$3.47B,$17.20B,20.67%,$3003,$1095,$1908,$0,$779,$2110,$893,$-129,$764,$275,$489,$489,$489,$1129,$893,$1083,1089,$0.46,$0.46,$1306,$240,$78,$2806,$24974,$678,$0,$886,$26538,$29344,$2558,$8734,$1983,$18318,$20876,$1049,$8275,$-875,$8468,$29344,$1854,$976,$584,$1560,$-117,$0,$76,$12,$87,$3491,$-2057,$0,$0,$-418,$0,$-418,$-112,$-2587,$595,$0,$595,$-1535,$-1535,$-480,$7,$-1413,$-509,$0,$-480
28,2011-09-30,16.14,$7.87,2.05,$10.43,1.55,$3.07,5.25,$1.62,9.94,$2.30B,$2.57B,0.9,$8.16B,$8.27B,0.99,$11.61B,$7.49B,64.52%,$11.61B,$3.42B,29.49%,$11.61B,$3.42B,29.49%,$11.61B,$4.42B,38.08%,$11.61B,$2.88B,24.78%,$11.61B,$1.80B,15.46%,$1.80B,$8.27B,20.71%,$1.80B,$8.27B,20.71%,$1.80B,$28.25B,6.37%,$3.42B,$16.43B,20.53%,$2963,$1069,$1894,$0,$765,$2085,$878,$-132,$746,$282,$464,$464,$464,$1129,$878,$1071,1077,$0.43,$0.43,$641,$236,$112,$2301,$24418,$687,$0,$842,$25947,$28248,$2568,$8160,$1717,$17412,$19980,$1050,$7944,$-738,$8268,$28248,$1365,$740,$486,$1226,$-149,$0,$117,$-51,$0,$2585,$-1436,$0,$0,$52,$0,$52,$-17,$-1401,$5,$0,$5,$-1537,$-1537,$-354,$-10,$-1896,$-712,$0,$-354
29,2011-06-30,22.54,$8.16,2.76,$10.01,2.25,$3.03,7.43,$1.55,14.51,$2.97B,$2.49B,1.19,$8.19B,$8.94B,0.92,$11.31B,$7.38B,65.28%,$11.31B,$3.37B,29.79%,$11.31B,$3.37B,29.79%,$11.31B,$4.35B,38.44%,$11.31B,$2.83B,25.05%,$11.31B,$1.75B,15.43%,$1.75B,$8.94B,19.92%,$1.75B,$8.94B,19.92%,$1.75B,$28.71B,6.26%,$3.37B,$17.13B,20.36%,$3019,$1083,$1936,$0,$764,$2093,$926,$-134,$792,$286,$506,$506,$506,$1172,$926,$1102,1109,$0.46,$0.46,$1295,$251,$123,$2967,$24202,$681,$0,$855,$25738,$28705,$2485,$8186,$1753,$17279,$19764,$1095,$8582,$-747,$8941,$28705,$901,$489,$280,$769,$-121,$0,$35,$-65,$-75,$1585,$-945,$0,$0,$34,$0,$34,$-18,$-929,$30,$0,$30,$-504,$-504,$-228,$6,$-696,$-40,$0,$-228
30,2011-03-31,22.42,$7.94,2.82,$9.59,2.34,$3.09,7.26,$1.45,15.46,$2.17B,$2.22B,0.98,$7.64B,$8.76B,0.87,$10.96B,$7.17B,65.42%,$10.96B,$3.21B,29.32%,$10.96B,$3.21B,29.32%,$10.96B,$4.17B,38.10%,$10.96B,$2.68B,24.49%,$10.96B,$1.65B,15.09%,$1.65B,$8.76B,19.07%,$1.65B,$8.76B,19.07%,$1.65B,$27.58B,6.04%,$3.21B,$16.39B,19.77%,$2810,$1029,$1781,$0,$765,$2037,$773,$-135,$638,$243,$395,$395,$395,$1016,$773,$1108,1115,$0.36,$0.35,$590,$237,$102,$2171,$23915,$676,$0,$815,$25406,$27577,$2222,$7637,$1780,$16599,$18821,$368,$9134,$-760,$8756,$27577,$395,$243,$137,$380,$-86,$0,$-17,$-216,$-279,$495,$-379,$0,$0,$12,$0,$12,$2,$-365,$-524,$0,$-524,$-281,$-281,$-96,$13,$-888,$-758,$0,$-96
31,2010-12-31,18.36,$7.83,2.34,$9.17,2.0,$3.34,5.5,$1.36,13.53,$2.86B,$2.54B,1.13,$8.05B,$8.70B,0.93,$10.64B,$6.98B,65.58%,$10.64B,$3.07B,28.87%,$10.64B,$3.07B,28.87%,$10.64B,$4.02B,37.78%,$10.64B,$2.55B,23.94%,$10.64B,$1.56B,14.70%,$1.56B,$8.70B,17.97%,$1.56B,$8.70B,17.97%,$1.56B,$28.14B,5.73%,$3.07B,$16.75B,18.95%,$2816,$937,$1879,$0,$776,$1970,$846,$-145,$701,$271,$430,$430,$430,$1103,$846,$1143,1154,$0.39,$0.37,$1346,$218,$106,$2855,$23799,$673,$0,$814,$25286,$28141,$2537,$8051,$1800,$16904,$19441,$370,$9087,$-771,$8700,$28141,$1563,$947,$495,$1442,$38,$0,$58,$101,$225,$3261,$-1732,$0,$0,$41,$0,$41,$-80,$-1771,$687,$0,$687,$-1410,$-1410,$-372,$-132,$-1227,$263,$0,$-372
32,2010-09-30,15.65,$7.69,2.03,$8.69,1.8,$2.57,6.1,$1.23,12.69,$2.21B,$2.54B,0.87,$7.30B,$8.64B,0.85,$10.14B,$6.56B,64.67%,$10.14B,$2.80B,27.63%,$10.14B,$2.80B,27.63%,$10.14B,$3.72B,36.69%,$10.14B,$2.30B,22.67%,$10.14B,$1.44B,14.15%,$1.44B,$8.64B,16.46%,$1.44B,$8.64B,16.46%,$1.44B,$27.03B,5.32%,$2.80B,$15.94B,17.31%,$2666,$878,$1788,$0,$731,$1841,$825,$-123,$702,$288,$414,$414,$414,$1057,$825,$1134,1145,$0.36,$0.36,$676,$225,$97,$2205,$23334,$660,$0,$830,$24824,$27029,$2540,$7297,$1822,$15851,$18391,$374,$9022,$-771,$8638,$27029,$1133,$690,$139,$829,$5,$0,$27,$53,$235,$2277,$-1103,$0,$0,$0,$0,$0,$41,$-1062,$-103,$0,$-103,$-1102,$-1102,$-275,$-128,$-1608,$-393,$0,$-275
33,2010-06-30,13.98,$7.35,1.9,$8.28,1.69,$2.01,6.95,$1.12,12.48,$2.14B,$2.35B,0.91,$7.32B,$8.58B,0.85,$9.76B,$6.24B,63.96%,$9.76B,$2.57B,26.33%,$9.76B,$2.57B,26.33%,$9.76B,$3.48B,35.66%,$9.76B,$2.06B,21.07%,$9.76B,$1.31B,13.43%,$1.31B,$8.58B,15.02%,$1.31B,$8.58B,15.02%,$1.31B,$26.74B,4.86%,$2.57B,$15.90B,15.72%,$2663,$944,$1719,$0,$721,$1895,$768,$-126,$642,$228,$414,$414,$414,$998,$768,$1149,1159,$0.36,$0.36,$689,$223,$108,$2143,$23173,$658,$0,$770,$24601,$26744,$2354,$7320,$1843,$15813,$18167,$380,$8968,$-787,$8577,$26744,$719,$458,$79,$537,$57,$0,$-34,$-30,$87,$1422,$-687,$0,$0,$0,$0,$0,$68,$-619,$-71,$0,$-71,$-807,$-807,$-184,$-137,$-1199,$-396,$0,$-184
34,2010-03-31,14.27,$7.61,1.87,$7.83,1.82,$1.64,8.7,$1.02,13.94,$2.50B,$2.39B,1.05,$7.37B,$8.89B,0.83,$9.29B,$5.98B,64.44%,$9.29B,$2.38B,25.63%,$9.29B,$2.38B,25.63%,$9.29B,$3.29B,35.40%,$9.29B,$1.86B,20.06%,$9.29B,$1.20B,12.95%,$1.20B,$8.89B,13.82%,$1.20B,$8.89B,13.82%,$1.20B,$27.19B,4.46%,$2.38B,$16.26B,14.45%,$2491,$902,$1589,$0,$729,$1859,$632,$-131,$501,$196,$305,$305,$305,$860,$632,$1173,1183,$0.26,$0.26,$1050,$218,$78,$2501,$23290,$654,$0,$748,$24692,$27193,$2388,$7372,$1880,$15920,$18308,$389,$9279,$-798,$8885,$27193,$305,$228,$46,$274,$24,$0,$-26,$-22,$101,$744,$-328,$0,$0,$0,$0,$0,$18,$-310,$-17,$0,$-17,$-223,$-223,$-93,$-137,$-470,$-36,$0,$-93
35,2009-12-31,13.52,$7.43,1.82,$7.62,1.77,$1.41,9.61,$0.97,13.94,$2.57B,$1.87B,1.38,$7.90B,$8.77B,0.9,$9.04B,$5.80B,64.17%,$9.04B,$2.27B,25.11%,$9.04B,$2.27B,25.11%,$9.04B,$3.17B,35.10%,$9.04B,$1.75B,19.31%,$9.04B,$1.14B,12.64%,$1.14B,$8.77B,13.40%,$1.14B,$8.77B,13.40%,$1.14B,$26.89B,4.26%,$2.27B,$16.66B,13.79%,$2320,$858,$1462,$0,$660,$1743,$577,$-123,$454,$152,$302,$302,$302,$805,$577,$1176,1187,$0.25,$0.25,$1090,$203,$124,$2570,$23064,$650,$0,$603,$24317,$26887,$1865,$7895,$1831,$16254,$18119,$393,$9090,$-809,$8768,$26887,$1143,$903,$180,$1083,$91,$0,$-4,$-83,$-5,$2039,$-1381,$0,$0,$0,$0,$0,$9,$-1372,$177,$0,$177,$34,$34,$-345,$-173,$-307,$360,$0,$-345
36,2009-09-30,11.62,$7.38,1.57,$7.85,1.48,$1.81,6.42,$0.92,12.58,$2.77B,$2.08B,1.33,$7.91B,$8.69B,0.91,$9.40B,$5.96B,63.46%,$9.40B,$2.37B,25.20%,$9.40B,$2.37B,25.20%,$9.40B,$3.27B,34.82%,$9.40B,$1.85B,19.73%,$9.40B,$1.08B,11.47%,$1.08B,$8.69B,12.90%,$1.08B,$8.69B,12.90%,$1.08B,$27.02B,4.04%,$2.37B,$16.60B,14.63%,$2289,$815,$1474,$0,$653,$1695,$594,$-134,$460,$170,$290,$290,$290,$818,$594,$1177,1189,$0.25,$0.24,$1321,$239,$111,$2770,$23040,$626,$0,$584,$24250,$27020,$2076,$7906,$1798,$16255,$18331,$393,$8963,$-728,$8689,$27020,$840,$675,$160,$835,$159,$0,$-4,$-130,$64,$1589,$-1031,$0,$0,$0,$0,$0,$51,$-980,$390,$0,$390,$19,$19,$-259,$-188,$-38,$571,$0,$-259
37,2009-06-30,9.56,$7.19,1.33,$8.34,1.15,$2.06,4.64,$0.99,9.66,$2.64B,$1.96B,1.34,$7.93B,$8.46B,0.94,$10.07B,$6.20B,61.61%,$10.07B,$2.51B,24.90%,$10.07B,$2.51B,24.90%,$10.07B,$3.42B,33.93%,$10.07B,$2.00B,19.88%,$10.07B,$1.17B,11.62%,$1.17B,$8.46B,14.05%,$1.17B,$8.46B,14.05%,$1.17B,$26.74B,4.41%,$2.51B,$16.39B,15.64%,$2185,$727,$1458,$0,$654,$1608,$577,$-129,$448,$166,$282,$282,$305,$804,$577,$1176,1186,$0.26,$0.26,$1178,$254,$160,$2636,$22887,$622,$0,$590,$24099,$26735,$1961,$7933,$1968,$16318,$18279,$392,$8757,$-735,$8456,$26735,$550,$451,$209,$660,$202,$0,$-56,$-200,$-67,$971,$-657,$0,$0,$0,$0,$0,$49,$-608,$417,$0,$417,$12,$12,$-176,$-177,$76,$439,$0,$-176
38,2009-03-31,7.09,$6.97,1.02,$8.83,0.8,$2.14,3.31,$1.04,6.81,$2.60B,$2.07B,1.26,$8.00B,$8.21B,0.97,$10.79B,$6.42B,59.51%,$10.79B,$2.65B,24.53%,$10.79B,$2.65B,24.53%,$10.79B,$3.56B,33.00%,$10.79B,$2.15B,19.96%,$10.79B,$1.25B,11.59%,$1.25B,$8.21B,14.74%,$1.25B,$8.21B,14.74%,$1.25B,$26.57B,4.70%,$2.65B,$16.20B,16.50%,$2247,$839,$1408,$0,$662,$1725,$522,$-138,$384,$130,$254,$254,$246,$746,$522,$1173,1182,$0.21,$0.21,$1129,$250,$112,$2600,$22762,$617,$0,$588,$23967,$26567,$2070,$7995,$2031,$16292,$18362,$392,$8534,$-742,$8205,$26567,$246,$224,$79,$303,$132,$0,$-36,$-162,$-35,$449,$-309,$0,$0,$0,$0,$0,$37,$-272,$474,$0,$474,$2,$2,$-86,$-180,$210,$387,$0,$-86
39,2008-12-31,8.82,$6.89,1.28,$9.11,0.97,$2.26,3.91,$1.12,7.9,$2.39B,$2.40B,1.0,$7.51B,$8.07B,0.93,$11.26B,$6.61B,58.69%,$11.26B,$2.75B,24.44%,$11.26B,$2.75B,24.44%,$11.26B,$3.67B,32.56%,$11.26B,$2.33B,20.72%,$11.26B,$1.36B,12.04%,$1.36B,$8.07B,15.73%,$1.36B,$8.07B,15.73%,$1.36B,$26.29B,5.10%,$2.75B,$15.58B,17.15%,$2674,$1052,$1622,$0,$723,$1999,$675,$-113,$562,$200,$362,$362,$237,$903,$675,$1202,1226,$0.21,$0.20,$745,$217,$119,$2391,$22688,$609,$0,$600,$23897,$26288,$2404,$7512,$2069,$15816,$18220,$391,$8398,$-741,$8068,$26288,$1355,$914,$492,$1406,$74,$0,$-3,$42,$67,$2893,$-1719,$0,$0,$255,$0,$255,$36,$-1428,$709,$0,$709,$-1487,$-1487,$-308,$-78,$-1164,$301,$0,$-308
40,2008-09-30,14.74,$7.24,2.04,$8.84,1.67,$1.60,9.19,$1.19,12.35,$2.75B,$2.83B,0.97,$7.37B,$8.57B,0.86,$11.16B,$6.59B,59.04%,$11.16B,$2.68B,24.03%,$11.16B,$2.68B,24.03%,$11.16B,$3.59B,32.18%,$11.16B,$2.36B,21.11%,$11.16B,$1.48B,13.29%,$1.48B,$8.57B,16.91%,$1.48B,$8.57B,16.91%,$1.48B,$26.64B,5.62%,$2.68B,$15.94B,16.82%,$2961,$1247,$1714,$0,$754,$2228,$733,$-126,$607,$227,$380,$380,$382,$963,$733,$1207,1225,$0.32,$0.31,$971,$251,$75,$2751,$22587,$647,$0,$652,$23886,$26637,$2829,$7367,$1485,$15235,$18064,$394,$8499,$-320,$8573,$26637,$1118,$686,$306,$992,$-76,$0,$86,$31,$95,$2191,$-1308,$0,$0,$255,$0,$255,$27,$-1026,$780,$0,$780,$-1232,$-1232,$-222,$36,$-638,$527,$0,$-222
41,2008-06-30,16.91,$7.42,2.28,$8.30,2.04,$1.35,12.54,$1.18,14.29,$3.29B,$2.49B,1.32,$7.40B,$9.07B,0.82,$10.70B,$6.40B,59.82%,$10.70B,$2.51B,23.42%,$10.70B,$2.51B,23.42%,$10.70B,$3.40B,31.82%,$10.70B,$2.22B,20.74%,$10.70B,$1.51B,14.10%,$1.51B,$9.07B,17.10%,$1.51B,$9.07B,17.10%,$1.51B,$26.79B,5.77%,$2.51B,$16.47B,15.85%,$2907,$1230,$1677,$0,$733,$2190,$717,$-116,$601,$209,$392,$392,$385,$948,$717,$1219,1245,$0.32,$0.31,$1477,$247,$113,$3289,$22198,$650,$0,$651,$23499,$26788,$2490,$7396,$1566,$15225,$17715,$408,$8973,$-321,$9073,$26788,$736,$456,$201,$657,$-44,$0,$35,$-20,$-20,$1343,$-912,$0,$0,$255,$0,$255,$-1,$-658,$824,$0,$824,$-388,$-388,$-134,$43,$345,$1030,$0,$-134
42,2008-03-31,15.06,$7.20,2.09,$7.80,1.93,$1.19,12.7,$1.11,13.56,$3.41B,$2.70B,1.26,$7.44B,$8.74B,0.85,$10.32B,$6.30B,61.04%,$10.32B,$2.40B,23.26%,$10.32B,$2.40B,23.26%,$10.32B,$3.28B,31.80%,$10.32B,$2.13B,20.66%,$10.32B,$1.45B,14.02%,$1.45B,$8.74B,16.33%,$1.45B,$8.74B,16.33%,$1.45B,$26.66B,5.63%,$2.40B,$16.18B,15.54%,$2713,$1120,$1593,$0,$745,$2087,$626,$-64,$562,$211,$351,$351,$351,$851,$626,$1213,1246,$0.29,$0.28,$1639,$247,$109,$3414,$21970,$645,$0,$632,$23247,$26661,$2704,$7440,$1596,$15215,$17919,$405,$8660,$-323,$8742,$26661,$351,$225,$89,$314,$3,$0,$10,$-4,$93,$734,$-446,$0,$0,$245,$0,$245,$12,$-189,$956,$0,$956,$-264,$-264,$-61,$26,$657,$1202,$0,$-61
43,2007-12-31,11.78,$7.10,1.66,$7.37,1.6,$1.08,10.95,$1.00,11.78,$2.49B,$2.67B,0.93,$6.47B,$8.69B,0.75,$10.03B,$6.13B,61.11%,$10.03B,$2.26B,22.53%,$10.03B,$2.26B,22.53%,$10.03B,$3.15B,31.41%,$10.03B,$1.95B,19.42%,$10.03B,$1.34B,13.32%,$1.34B,$8.69B,14.92%,$1.34B,$8.69B,14.92%,$1.34B,$25.53B,5.28%,$2.26B,$15.16B,15.09%,$2577,$973,$1604,$0,$761,$1972,$605,$-19,$586,$211,$375,$375,$365,$829,$605,$1291,1345,$0.29,$0.28,$714,$240,$109,$2491,$21780,$639,$0,$624,$23043,$25534,$2671,$6470,$1612,$14178,$16849,$408,$8565,$-325,$8685,$25534,$1336,$890,$-104,$786,$-50,$0,$48,$-79,$153,$2184,$-1773,$0,$0,$121,$0,$121,$-41,$-1693,$1596,$0,$1596,$-2021,$-2021,$-231,$72,$-584,$-93,$0,$-231
44,2007-09-30,11.4,$6.96,1.64,$7.17,1.59,$1.07,10.66,$0.96,11.83,$2.98B,$2.17B,1.38,$6.68B,$8.78B,0.76,$9.85B,$5.99B,60.79%,$9.85B,$2.17B,22.06%,$9.85B,$2.17B,22.06%,$9.85B,$2.95B,29.99%,$9.85B,$1.83B,18.60%,$9.85B,$1.32B,13.38%,$1.32B,$8.78B,14.61%,$1.32B,$8.78B,14.61%,$1.32B,$25.61B,5.23%,$2.17B,$15.46B,14.72%,$2501,$975,$1526,$0,$748,$1943,$558,$-88,$470,$173,$297,$297,$407,$776,$558,$1298,1337,$0.31,$0.30,$1236,$244,$98,$2980,$21428,$624,$0,$573,$22625,$25605,$2168,$6678,$2051,$14660,$16828,$420,$8262,$-376,$8777,$25605,$971,$666,$44,$710,$-17,$0,$64,$-69,$131,$1818,$-1195,$0,$0,$-121,$0,$-121,$3,$-1313,$1286,$-1,$1285,$-1465,$-1465,$-170,$44,$-306,$199,$0,$-170
45,2007-06-30,11.98,$7.02,1.71,$7.03,1.71,$0.72,16.63,$0.90,13.36,$2.57B,$2.19B,1.17,$5.75B,$9.24B,0.62,$9.77B,$5.89B,60.27%,$9.77B,$2.10B,21.54%,$9.77B,$2.10B,21.54%,$9.77B,$2.90B,29.66%,$9.77B,$1.78B,18.22%,$9.77B,$1.24B,12.69%,$1.24B,$9.24B,13.79%,$1.24B,$9.24B,13.79%,$1.24B,$25.07B,4.96%,$2.10B,$14.99B,14.72%,$2530,$953,$1577,$0,$743,$1918,$612,$-98,$514,$190,$324,$324,$324,$826,$612,$1316,1377,$0.25,$0.24,$830,$238,$99,$2571,$21262,$617,$0,$621,$22500,$25071,$2190,$5751,$2058,$13641,$15831,$439,$7919,$-384,$9240,$25071,$564,$448,$51,$499,$3,$0,$-9,$-154,$-31,$1075,$-824,$0,$0,$59,$0,$59,$-2,$-767,$325,$0,$325,$-597,$-597,$-106,$37,$-341,$-33,$0,$-106
46,2007-03-31,10.62,$6.95,1.53,$6.90,1.54,$0.52,20.4,$0.94,11.34,$2.61B,$2.66B,0.98,$5.18B,$9.12B,0.57,$9.66B,$5.76B,59.68%,$9.66B,$2.14B,22.14%,$9.66B,$2.14B,22.14%,$9.66B,$2.98B,30.83%,$9.66B,$1.82B,18.89%,$9.66B,$1.31B,13.51%,$1.31B,$9.12B,14.79%,$1.31B,$9.12B,14.79%,$1.31B,$24.93B,5.24%,$2.14B,$14.30B,15.45%,$2422,$1000,$1422,$0,$734,$1937,$485,$-107,$378,$138,$240,$240,$240,$719,$485,$1313,1390,$0.18,$0.17,$937,$217,$103,$2608,$21093,$613,$0,$611,$22317,$24925,$2655,$5182,$2142,$13152,$15807,$437,$7648,$-390,$9118,$24925,$240,$234,$-4,$230,$62,$0,$13,$-100,$84,$597,$-428,$0,$0,$28,$0,$28,$-2,$-402,$-29,$1,$-28,$-90,$-90,$-53,$27,$-144,$51,$0,$-53
47,2006-12-31,9.1,$6.81,1.34,$6.83,1.33,$0.45,20.01,$0.94,9.68,$2.67B,$2.52B,1.06,$5.36B,$8.94B,0.6,$9.57B,$5.77B,60.30%,$9.57B,$2.15B,22.46%,$9.57B,$2.15B,22.46%,$9.57B,$3.02B,31.53%,$9.57B,$1.84B,19.25%,$9.57B,$1.31B,13.69%,$1.31B,$8.94B,15.20%,$1.31B,$8.94B,15.20%,$1.31B,$25.13B,5.29%,$2.15B,$14.30B,15.81%,$2396,$934,$1462,$0,$755,$1878,$518,$-48,$470,$123,$347,$347,$347,$633,$518,$1320,1398,$0.26,$0.25,$900,$204,$143,$2672,$20923,$607,$0,$927,$22457,$25129,$2522,$5362,$2193,$13665,$16187,$438,$7427,$-392,$8942,$25129,$1310,$867,$-12,$855,$-33,$0,$51,$-8,$-93,$2058,$-1639,$0,$0,$-122,$0,$-122,$151,$-1610,$-75,$7,$-68,$-146,$-146,$-145,$63,$-296,$152,$0,$-145
