,Date,Stock Price,Book Value per Share,Price to Book Ratio,TTM Sales per Share,Price to Sales Ratio,TTM FCF per Share,Price to FCF Ratio,TTM Net EPS,PE Ratio,Current Assets,Current Liabilities,Current Ratio,Long Term Debt,Shareholder's Equity_x,Debt to Equity Ratio,TTM Revenue_x,TTM Gross Profit,Gross Margin,TTM Revenue_y,TTM Operating Income,Operating Margin,TTM Revenue_x,TTM EBIT,EBIT Margin,TTM Revenue_y,TTM EBITDA,EBITDA Margin,TTM Revenue_x,TTM Pre-Tax Income,Pre-Tax Margin,TTM Revenue_y,TTM Net Income_x,Net Margin,TTM Net Income_y,Shareholder's Equity_y,Return on Equity,TTM Net Income_x,Tangible Equity,Return on Tangible Equity,TTM Net Income_y,Total Assets,Return on Assets,TTM Net Income,LT Investments & Debt,Return on Investment,revenue,cost-goods-sold,gross-profit,research-development-expenses,selling-general-administrative-expenses,operating-expenses,operating-income,total-non-operating-income-expense,pre-tax-income,total-provision-income-taxes,income-after-taxes,income-from-continuous-operations,net-income,ebitda,ebit,basic-shares-outstanding,shares-outstanding,eps-basic-net-earnings-per-share,eps-earnings-per-share-diluted,cash-on-hand,inventory,other-current-assets,total-current-assets,net-property-plant-equipment,long-term-investments,goodwill-intangible-assets-total,other-long-term-assets,total-long-term-assets,total-assets,total-current-liabilities,long-term-debt,other-non-current-liabilities,total-long-term-liabilities,total-liabilities,common-stock-net,retained-earnings-accumulated-deficit,comprehensive-income,total-share-holder-equity,total-liabilities-share-holders-equity,net-income-loss,total-depreciation-amortization-cash-flow,other-non-cash-items,total-non-cash-items,change-in-accounts-receivable,change-in-inventories,change-in-accounts-payable,change-in-assets-liabilities,total-change-in-assets-liabilities,cash-flow-from-operating-activities,net-change-in-property-plant-equipment,net-change-in-intangible-assets,net-acquisitions-divestitures,net-change-in-short-term-investments,net-change-in-long-term-investments,net-change-in-investments-total,investing-activities-other,cash-flow-from-investing-activities,net-long-term-debt,net-current-debt,debt-issuance-retirement-net-total,net-common-equity-issued-repurchased,net-total-equity-issued-repurchased,total-common-preferred-stock-dividends-paid,financial-activities-other,cash-flow-from-financial-activities,net-cash-flow,stock-based-compensation,common-stock-dividends-paid
0,2018-09-30,0.87,$1.57,0.55,$1.02,0.85,$-0.19,0.0,$0.01,87.29,$0.02B,$0.01B,3.29,$0.00B,$0.03B,0.0,$0.02B,$0.01B,43.48%,$0.02B,0,0.00%,$0.02B,0,0.00%,$0.02B,$0.00B,4.35%,$0.02B,0,0.00%,$0.02B,0,0.00%,$0.00B,$0.03B,0.00%,$0.00B,$0.03B,0.00%,$0.00B,$0.04B,0.00%,$0.00B,$0.03B,0.00%,$7,$4,$3,$0,$3,$6,$0,$0,$0,$-0,$0,$0,$0,$0,$0,$21,22,$0.01,$0.01,$2,$11,$0,$16,$1,$0,$0,$0,$24,$40,$5,$0,$0,$1,$6,$54,$-35,$0,$34,$40,$0,$0,$0,$0,$-0,$-1,$-0,$-0,$-1,$-1,$-0,$-0,$0,$0,$0,$0,$0,$-0,$0,$0,$0,$0,$0,$0,$0,$0,$-1,$0,$0
1,2018-06-30,1.07,$0.00,0.0,$1.01,1.06,$-0.19,0.0,$-0.01,0.0,$0.02B,$0.01B,3.56,$0.00B,$0.03B,0.0,$0.02B,$0.01B,45.45%,$0.02B,0,0.00%,$0.02B,0,0.00%,$0.02B,$0.00B,4.55%,$0.02B,0,0.00%,$0.02B,0,0.00%,$0.00B,$0.03B,0.00%,$0.00B,$0.03B,0.00%,$0.00B,$0.04B,0.00%,$0.00B,$0.03B,0.00%,$0,$0,$0,$0,$0,$0,$0,$0,$0,$0,$0,$0,$0,$0,$0,$0,0,$0.00,$0.00,$3,$11,$0,$17,$1,$0,$0,$0,$22,$39,$5,$0,$0,$1,$6,$54,$-35,$0,$34,$39,$0,$0,$0,$0,$0,$0,$0,$0,$0,$0,$0,$0,$0,$0,$0,$0,$0,$0,$0,$0,$0,$0,$0,$0,$0,$0,$0,$0,$0
2,2018-03-31,1.36,$1.60,0.85,$1.32,1.03,$-0.25,0.0,$-0.03,0.0,$0.02B,$0.01B,4.04,$0.00B,$0.03B,0.0,$0.03B,$0.01B,44.83%,$0.03B,0,0.00%,$0.03B,0,0.00%,$0.03B,$0.00B,3.45%,$0.03B,0,0.00%,$0.03B,0,0.00%,$0.00B,$0.03B,0.00%,$0.00B,$0.03B,0.00%,$0.00B,$0.04B,0.00%,$0.00B,$0.03B,0.00%,$7,$4,$3,$0,$3,$7,$-1,$0,$-1,$0,$-1,$-1,$-1,$-0,$-1,$21,21,$-0.03,$-0.03,$4,$11,$0,$19,$1,$0,$0,$0,$21,$40,$5,$0,$0,$1,$6,$54,$-35,$0,$34,$40,$-1,$0,$0,$0,$1,$0,$-0,$0,$0,$-0,$-0,$-0,$0,$0,$0,$0,$0,$-0,$0,$0,$0,$0,$0,$0,$0,$0,$-0,$0,$0
3,2017-12-31,1.35,$1.62,0.84,$1.28,1.06,$-0.28,0.0,$-0.03,0.0,$0.02B,$0.01B,3.7,$0.00B,$0.04B,0.0,$0.03B,$0.01B,42.86%,$0.03B,0,0.00%,$0.03B,0,0.00%,$0.03B,$0.00B,3.57%,$0.03B,0,0.00%,$0.03B,0,0.00%,$0.00B,$0.04B,0.00%,$0.00B,$0.04B,0.00%,$0.00B,$0.04B,0.00%,$0.00B,$0.04B,0.00%,$9,$5,$4,$0,$3,$8,$1,$0,$1,$0,$1,$1,$1,$1,$1,$21,21,$0.04,$0.04,$5,$11,$0,$20,$1,$0,$0,$0,$21,$41,$5,$0,$0,$1,$6,$54,$-34,$0,$35,$41,$-0,$0,$1,$1,$-1,$-4,$0,$-0,$-4,$-3,$-0,$-0,$0,$0,$0,$0,$0,$-0,$0,$0,$0,$0,$0,$0,$0,$0,$-3,$0,$0
4,2017-09-30,0.87,$1.58,0.55,$1.16,0.75,$-0.06,0.0,$-0.11,0.0,$0.02B,$0.01B,3.4,$0.00B,$0.03B,0.0,$0.03B,$0.01B,40.00%,$0.03B,$-0.00B,-8.00%,$0.03B,$-0.00B,-8.00%,$0.03B,$-0.00B,-4.00%,$0.03B,$-0.00B,-8.00%,$0.03B,$-0.00B,-8.00%,$-0.00B,$0.03B,-5.84%,$-0.00B,$0.03B,-5.84%,$-0.00B,$0.04B,-4.94%,$-0.00B,$0.03B,-5.84%,$6,$3,$3,$0,$3,$6,$-0,$0,$-0,$-0,$-0,$-0,$-0,$-0,$-0,$21,21,$-0.01,$-0.01,$5,$11,$0,$20,$1,$0,$0,$0,$21,$41,$6,$0,$1,$1,$7,$54,$-35,$0,$34,$41,$-0,$0,$0,$0,$-1,$-2,$1,$-0,$-1,$-1,$-0,$-0,$0,$0,$0,$0,$0,$-0,$0,$0,$0,$0,$0,$0,$0,$0,$-1,$0,$0
5,2017-06-30,0.92,$1.58,0.58,$1.12,0.82,$0.19,4.94,$-0.16,0.0,$0.02B,$0.01B,4.19,$0.00B,$0.03B,0.0,$0.02B,$0.01B,37.50%,$0.02B,$-0.00B,-12.50%,$0.02B,$-0.00B,-12.50%,$0.02B,$-0.00B,-8.33%,$0.02B,$-0.00B,-12.50%,$0.02B,$-0.00B,-12.50%,$-0.00B,$0.03B,-8.63%,$-0.00B,$0.03B,-8.63%,$-0.00B,$0.04B,-7.41%,$-0.00B,$0.03B,-8.63%,$7,$4,$3,$0,$3,$7,$-0,$0,$-0,$0,$-0,$-0,$-0,$-0,$-0,$21,21,$-0.02,$-0.02,$6,$10,$0,$19,$1,$0,$0,$0,$21,$40,$5,$0,$1,$1,$6,$54,$-35,$0,$34,$40,$-1,$0,$0,$1,$1,$-1,$-0,$0,$-0,$-1,$-0,$-0,$0,$0,$0,$0,$0,$-0,$0,$0,$0,$0,$0,$0,$0,$0,$-1,$0,$0
6,2017-03-31,0.96,$1.59,0.6,$1.12,0.86,$0.50,1.92,$-0.19,0.0,$0.02B,$0.01B,4.11,$0.00B,$0.03B,0.0,$0.02B,$0.01B,37.50%,$0.02B,$-0.00B,-16.67%,$0.02B,$-0.00B,-16.67%,$0.02B,$-0.00B,-12.50%,$0.02B,$-0.00B,-16.67%,$0.02B,$-0.00B,-16.67%,$-0.00B,$0.03B,-11.27%,$-0.00B,$0.03B,-11.27%,$-0.00B,$0.04B,-9.76%,$-0.00B,$0.03B,-11.27%,$6,$3,$2,$0,$3,$6,$-1,$0,$-1,$0,$-1,$-1,$-1,$-0,$-1,$21,21,$-0.03,$-0.03,$7,$9,$0,$19,$1,$0,$0,$0,$21,$40,$5,$0,$1,$1,$6,$54,$-34,$0,$34,$40,$-1,$0,$-0,$-0,$0,$-1,$-0,$0,$-0,$-1,$-0,$-0,$0,$0,$0,$0,$0,$-0,$0,$0,$0,$0,$0,$0,$0,$0,$-1,$0,$0
7,2016-12-31,1.1,$1.63,0.67,$1.40,0.79,$0.82,1.33,$-0.22,0.0,$0.02B,$0.01B,4.49,$0.00B,$0.04B,0.0,$0.03B,$0.01B,31.03%,$0.03B,$-0.00B,-13.79%,$0.03B,$-0.00B,-13.79%,$0.03B,$-0.00B,-13.79%,$0.03B,$-0.00B,-13.79%,$0.03B,$-0.00B,-13.79%,$-0.00B,$0.04B,-11.03%,$-0.00B,$0.04B,-11.03%,$-0.00B,$0.04B,-9.64%,$-0.00B,$0.04B,-11.03%,$6,$4,$2,$0,$3,$7,$-1,$0,$-1,$0,$-1,$-1,$-1,$-1,$-1,$21,21,$-0.05,$-0.05,$7,$10,$0,$21,$1,$0,$0,$0,$20,$41,$5,$0,$1,$1,$6,$54,$-34,$0,$35,$41,$-5,$1,$0,$1,$1,$4,$1,$0,$6,$2,$-0,$-0,$0,$0,$0,$0,$0,$-0,$0,$0,$0,$0,$0,$0,$0,$0,$2,$1,$0
8,2016-09-30,1.16,$1.67,0.69,$1.47,0.79,$0.80,1.46,$-0.26,0.0,$0.02B,$0.00B,5.08,$0.00B,$0.04B,0.0,$0.03B,$0.01B,30.00%,$0.03B,$-0.00B,-13.33%,$0.03B,$-0.00B,-13.33%,$0.03B,$-0.00B,-13.33%,$0.03B,$-0.00B,-13.33%,$0.03B,$-0.01B,-16.67%,$-0.01B,$0.04B,-13.51%,$-0.01B,$0.04B,-13.51%,$-0.01B,$0.04B,-11.83%,$-0.00B,$0.04B,-10.81%,$5,$3,$2,$0,$3,$6,$-1,$0,$-1,$-0,$-1,$-1,$-1,$-1,$-1,$21,21,$-0.06,$-0.06,$10,$10,$0,$23,$1,$0,$0,$0,$19,$41,$4,$0,$1,$1,$5,$54,$-33,$0,$36,$41,$-3,$0,$-0,$0,$2,$5,$0,$-0,$7,$4,$-0,$-0,$0,$0,$0,$0,$0,$-0,$0,$0,$0,$0,$0,$0,$0,$0,$4,$1,$0
9,2016-06-30,1.02,$1.71,0.6,$1.47,0.69,$0.68,1.51,$-0.30,0.0,$0.02B,$0.00B,6.07,$0.00B,$0.04B,0.0,$0.03B,$0.01B,30.00%,$0.03B,$-0.00B,-13.33%,$0.03B,$-0.00B,-13.33%,$0.03B,$-0.00B,-10.00%,$0.03B,$-0.00B,-13.33%,$0.03B,$-0.01B,-20.00%,$-0.01B,$0.04B,-15.79%,$-0.01B,$0.04B,-15.79%,$-0.01B,$0.04B,-13.87%,$-0.00B,$0.04B,-10.53%,$7,$4,$3,$0,$3,$8,$-1,$0,$-1,$0,$-1,$-1,$-1,$-1,$-1,$21,21,$-0.05,$-0.05,$11,$10,$0,$24,$1,$0,$0,$0,$17,$42,$4,$0,$1,$1,$5,$54,$-31,$0,$37,$42,$-2,$0,$0,$0,$2,$6,$-0,$-0,$8,$6,$-0,$0,$0,$0,$0,$0,$0,$0,$0,$0,$0,$0,$0,$0,$0,$0,$6,$1,$0
10,2016-03-31,1.15,$1.74,0.66,$1.46,0.79,$0.47,2.44,$-0.45,0.0,$0.03B,$0.00B,7.83,$0.00B,$0.04B,0.0,$0.03B,$0.01B,20.69%,$0.03B,$-0.01B,-20.69%,$0.03B,$-0.01B,-20.69%,$0.03B,$-0.01B,-17.24%,$0.03B,$-0.01B,-20.69%,$0.03B,$-0.01B,-31.03%,$-0.01B,$0.04B,-23.08%,$-0.01B,$0.04B,-23.08%,$-0.01B,$0.04B,-20.22%,$-0.01B,$0.04B,-15.38%,$11,$9,$2,$0,$3,$12,$-1,$-0,$-1,$0,$-1,$-1,$-1,$-1,$-1,$21,21,$-0.06,$-0.06,$12,$10,$0,$25,$2,$0,$0,$0,$16,$42,$3,$0,$1,$1,$4,$54,$-30,$0,$37,$42,$-1,$0,$0,$0,$1,$7,$-1,$0,$7,$6,$-0,$0,$0,$0,$0,$0,$0,$0,$0,$0,$0,$0,$0,$0,$0,$0,$6,$0,$0
11,2015-12-31,1.12,$1.82,0.62,$1.26,0.89,$0.24,4.6,$-0.47,0.0,$0.02B,$0.01B,4.47,$0.00B,$0.04B,0.0,$0.03B,$0.01B,28.00%,$0.03B,$-0.01B,-24.00%,$0.03B,$-0.01B,-24.00%,$0.03B,$-0.00B,-16.00%,$0.03B,$-0.01B,-24.00%,$0.03B,$-0.01B,-40.00%,$-0.01B,$0.04B,-24.39%,$-0.01B,$0.04B,-24.39%,$-0.01B,$0.04B,-21.39%,$-0.01B,$0.04B,-14.63%,$7,$5,$2,$0,$3,$8,$-1,$-0,$-1,$0,$-1,$-1,$-2,$-1,$-1,$20,20,$-0.09,$-0.09,$5,$11,$0,$21,$2,$0,$0,$0,$23,$44,$5,$0,$1,$1,$6,$54,$-29,$0,$38,$44,$-10,$1,$2,$3,$2,$6,$0,$-0,$8,$2,$-0,$-0,$0,$0,$0,$0,$-0,$-0,$0,$0,$0,$0,$0,$0,$0,$0,$1,$2,$0
12,2015-09-30,1.32,$1.88,0.7,$1.26,1.05,$0.26,5.08,$-0.52,0.0,$0.02B,$0.00B,4.97,$0.00B,$0.04B,0.0,$0.03B,$0.01B,24.00%,$0.03B,$-0.01B,-32.00%,$0.03B,$-0.01B,-32.00%,$0.03B,$-0.01B,-24.00%,$0.03B,$-0.01B,-32.00%,$0.03B,$-0.01B,-44.00%,$-0.01B,$0.04B,-25.58%,$-0.01B,$0.04B,-25.58%,$-0.01B,$0.05B,-22.68%,$-0.01B,$0.04B,-18.60%,$5,$3,$2,$0,$2,$6,$-1,$0,$-1,$-0,$-1,$-1,$-2,$-0,$-1,$21,21,$-0.10,$-0.10,$6,$13,$0,$22,$2,$0,$0,$0,$23,$45,$4,$0,$1,$1,$6,$54,$-27,$0,$40,$45,$-4,$1,$-2,$-2,$3,$5,$0,$-0,$7,$2,$-0,$-0,$0,$0,$0,$0,$-0,$-0,$0,$0,$0,$0,$0,$0,$0,$0,$2,$1,$0
13,2015-06-30,1.51,$1.95,0.77,$1.23,1.23,$0.19,7.76,$-0.57,0.0,$0.02B,$0.01B,4.98,$0.00B,$0.04B,0.0,$0.03B,$0.01B,20.00%,$0.03B,$-0.01B,-40.00%,$0.03B,$-0.01B,-40.00%,$0.03B,$-0.01B,-36.00%,$0.03B,$-0.01B,-40.00%,$0.03B,$-0.01B,-48.00%,$-0.01B,$0.04B,-26.67%,$-0.01B,$0.04B,-26.67%,$-0.01B,$0.05B,-23.76%,$-0.01B,$0.04B,-22.22%,$6,$6,$0,$0,$3,$9,$-3,$-0,$-3,$-0,$-3,$-3,$-4,$-3,$-3,$20,20,$-0.20,$-0.20,$5,$13,$0,$24,$2,$0,$0,$0,$23,$47,$5,$0,$1,$1,$6,$54,$-25,$0,$41,$47,$-4,$0,$-1,$-1,$2,$4,$-0,$-0,$6,$1,$-0,$-0,$0,$0,$0,$0,$-0,$-0,$0,$0,$0,$0,$0,$0,$0,$0,$1,$1,$0
14,2015-03-31,1.17,$2.18,0.54,$1.31,0.89,$0.18,6.46,$-0.68,0.0,$0.03B,$0.01B,5.05,$0.00B,$0.05B,0.0,$0.03B,$0.01B,29.63%,$0.03B,$-0.01B,-33.33%,$0.03B,$-0.01B,-33.33%,$0.03B,$-0.01B,-29.63%,$0.03B,$-0.01B,-33.33%,$0.03B,$-0.01B,-51.85%,$-0.01B,$0.05B,-29.47%,$-0.01B,$0.05B,-29.47%,$-0.01B,$0.05B,-26.42%,$-0.01B,$0.05B,-18.95%,$7,$4,$3,$0,$3,$8,$-1,$0,$-1,$-0,$-1,$-1,$-2,$-0,$-1,$20,20,$-0.08,$-0.08,$5,$14,$0,$25,$2,$0,$0,$0,$26,$51,$5,$0,$1,$1,$6,$54,$-21,$0,$45,$51,$-1,$0,$-1,$-0,$1,$1,$0,$0,$2,$1,$-0,$-0,$0,$0,$0,$0,$-0,$-0,$0,$0,$0,$0,$0,$0,$0,$0,$1,$0,$0
15,2014-12-31,1.84,$2.26,0.81,$1.26,1.45,$0.12,15.62,$-0.65,0.0,$0.02B,$0.00B,5.59,$0.00B,$0.05B,0.0,$0.03B,$0.01B,26.92%,$0.03B,$-0.01B,-34.62%,$0.03B,$-0.01B,-34.62%,$0.03B,$-0.01B,-34.62%,$0.03B,$-0.01B,-34.62%,$0.03B,$-0.01B,-50.00%,$-0.01B,$0.05B,-25.74%,$-0.01B,$0.05B,-25.87%,$-0.01B,$0.05B,-23.32%,$-0.01B,$0.05B,-17.82%,$7,$6,$1,$0,$4,$10,$-3,$0,$-3,$0,$-3,$-3,$-3,$-3,$-3,$20,20,$-0.14,$-0.14,$4,$13,$0,$23,$2,$0,$0,$0,$28,$51,$4,$0,$1,$1,$5,$54,$-20,$0,$46,$51,$-13,$1,$6,$8,$4,$3,$-0,$0,$8,$2,$-1,$-0,$0,$0,$0,$0,$0,$-1,$0,$0,$0,$0,$0,$0,$0,$0,$1,$2,$0
16,2014-09-30,2.12,$2.38,0.89,$1.34,1.58,$-0.46,0.0,$-0.50,0.0,$0.03B,$0.00B,7.4,$0.00B,$0.05B,0.0,$0.03B,$0.01B,35.71%,$0.03B,$-0.01B,-21.43%,$0.03B,$-0.01B,-21.43%,$0.03B,$-0.01B,-21.43%,$0.03B,$-0.01B,-21.43%,$0.03B,$-0.01B,-35.71%,$-0.01B,$0.05B,-18.78%,$-0.01B,$0.05B,-18.87%,$-0.01B,$0.05B,-17.09%,$-0.01B,$0.05B,-11.27%,$5,$3,$1,$0,$4,$8,$-3,$-0,$-3,$-0,$-3,$-3,$-3,$-3,$-3,$20,20,$-0.15,$-0.15,$3,$16,$0,$25,$2,$0,$0,$0,$28,$53,$3,$0,$1,$1,$4,$54,$-17,$0,$48,$53,$-10,$1,$6,$7,$5,$1,$-1,$-0,$5,$1,$-1,$-0,$0,$0,$0,$0,$0,$-1,$0,$0,$0,$0,$0,$0,$0,$0,$0,$1,$0
17,2014-06-30,2.2,$2.50,0.88,$1.46,1.5,$-0.76,0.0,$-0.41,0.0,$0.03B,$0.01B,5.4,$0.00B,$0.05B,0.0,$0.03B,$0.01B,40.00%,$0.03B,$-0.00B,-13.33%,$0.03B,$-0.00B,-13.33%,$0.03B,$-0.00B,-13.33%,$0.03B,$-0.00B,-13.33%,$0.03B,$-0.01B,-26.67%,$-0.01B,$0.05B,-14.41%,$-0.01B,$0.05B,-14.55%,$-0.01B,$0.06B,-13.11%,$-0.00B,$0.05B,-7.21%,$8,$5,$3,$0,$5,$10,$-2,$0,$-2,$4,$-6,$-6,$-6,$-2,$-2,$20,20,$-0.31,$-0.31,$3,$12,$0,$25,$2,$0,$0,$0,$32,$57,$5,$0,$1,$1,$6,$54,$-14,$0,$51,$57,$-7,$1,$5,$5,$3,$1,$-0,$-0,$4,$2,$-1,$-0,$0,$0,$0,$0,$0,$-1,$0,$0,$0,$0,$0,$0,$0,$0,$1,$1,$0
18,2014-03-31,2.86,$2.81,1.02,$1.40,2.04,$-0.93,0.0,$-0.12,0.0,$0.03B,$0.01B,5.25,$0.00B,$0.06B,0.0,$0.03B,$0.01B,41.38%,$0.03B,$-0.00B,-10.34%,$0.03B,$-0.00B,-10.34%,$0.03B,$-0.00B,-10.34%,$0.03B,$-0.00B,-10.34%,$0.03B,$-0.00B,-6.90%,$-0.00B,$0.06B,-3.51%,$-0.00B,$0.06B,-3.54%,$-0.00B,$0.06B,-3.23%,$-0.00B,$0.06B,-5.26%,$6,$4,$2,$0,$4,$7,$-1,$0,$-1,$-0,$-1,$-1,$-1,$-1,$-1,$20,20,$-0.05,$-0.05,$2,$12,$0,$25,$2,$0,$0,$0,$37,$62,$5,$0,$0,$0,$5,$54,$-8,$0,$57,$62,$-1,$0,$-1,$-0,$2,$-1,$0,$-0,$1,$-0,$-0,$-0,$0,$0,$0,$0,$0,$-0,$0,$0,$0,$0,$0,$0,$0,$0,$-0,$0,$0
19,2013-12-31,5.05,$2.84,1.78,$1.43,3.53,$-0.89,0.0,$-0.05,0.0,$0.03B,$0.01B,6.23,$0.00B,$0.06B,0.0,$0.03B,$0.01B,46.67%,$0.03B,$-0.00B,-3.33%,$0.03B,$-0.00B,-3.33%,$0.03B,$-0.00B,-3.33%,$0.03B,$-0.00B,-3.33%,$0.03B,$-0.00B,-3.33%,$-0.00B,$0.06B,-1.75%,$-0.00B,$0.06B,-1.76%,$-0.00B,$0.06B,-1.62%,$-0.00B,$0.06B,-1.75%,$9,$5,$4,$0,$4,$9,$-0,$0,$-0,$-0,$0,$0,$0,$0,$-0,$20,20,$0.00,$0.00,$3,$13,$0,$28,$2,$0,$0,$0,$34,$62,$5,$0,$0,$0,$5,$54,$-6,$0,$57,$62,$-1,$1,$2,$3,$-3,$-10,$2,$-0,$-11,$-9,$-1,$-0,$0,$0,$1,$1,$0,$-0,$0,$0,$0,$0,$0,$0,$0,$0,$-9,$2,$0
20,2013-09-30,7.01,$2.82,2.49,$1.40,4.99,$-0.28,0.0,$0.15,46.73,$0.03B,$0.01B,4.79,$0.00B,$0.06B,0.0,$0.03B,$0.01B,48.28%,$0.03B,$-0.00B,-3.45%,$0.03B,$-0.00B,-3.45%,$0.03B,0,0.00%,$0.03B,$-0.00B,-3.45%,$0.03B,$0.00B,10.34%,$0.00B,$0.06B,5.26%,$0.00B,$0.06B,5.31%,$0.00B,$0.06B,4.90%,$-0.00B,$0.06B,-1.75%,$7,$4,$3,$0,$4,$8,$-1,$0,$-1,$0,$-1,$-1,$-1,$-1,$-1,$20,20,$-0.06,$-0.06,$7,$11,$0,$29,$2,$0,$0,$0,$34,$63,$6,$0,$0,$0,$7,$54,$-7,$0,$57,$63,$-1,$1,$1,$2,$-1,$-8,$3,$-0,$-6,$-5,$-1,$-0,$0,$0,$0,$0,$0,$-1,$0,$0,$0,$0,$0,$0,$0,$0,$-6,$1,$0
21,2013-06-30,4.08,$2.86,1.43,$1.31,3.1,$0.08,53.47,$0.22,18.55,$0.03B,$0.00B,8.57,$0.00B,$0.06B,0.0,$0.03B,$0.01B,51.85%,$0.03B,0,0.00%,$0.03B,0,0.00%,$0.03B,$0.00B,3.70%,$0.03B,0,0.00%,$0.03B,$0.00B,14.81%,$0.00B,$0.06B,7.17%,$0.00B,$0.06B,7.21%,$0.00B,$0.06B,6.78%,$0.00B,$0.06B,0.00%,$7,$3,$3,$0,$4,$7,$-1,$0,$-1,$-0,$-0,$-0,$-0,$-1,$-1,$20,20,$-0.02,$-0.02,$10,$9,$0,$29,$2,$0,$0,$0,$32,$61,$3,$0,$0,$0,$4,$53,$-5,$0,$57,$61,$-0,$0,$1,$1,$0,$-4,$0,$-0,$-3,$-2,$-0,$-0,$0,$0,$0,$0,$0,$-0,$0,$0,$0,$0,$0,$0,$0,$0,$-3,$1,$0
22,2013-03-31,3.86,$2.91,1.33,$1.24,3.12,$0.25,15.46,$0.27,14.3,$0.03B,$0.00B,9.65,$0.00B,$0.06B,0.0,$0.03B,$0.01B,56.00%,$0.03B,$0.00B,8.00%,$0.03B,$0.00B,8.00%,$0.03B,$0.00B,12.00%,$0.03B,$0.00B,8.00%,$0.03B,$0.01B,20.00%,$0.01B,$0.06B,9.17%,$0.01B,$0.06B,9.22%,$0.01B,$0.06B,8.73%,$0.00B,$0.06B,3.67%,$7,$3,$4,$0,$3,$6,$1,$0,$1,$0,$0,$0,$0,$1,$1,$20,20,$0.02,$0.02,$13,$8,$0,$31,$2,$0,$0,$0,$30,$61,$3,$0,$0,$0,$4,$53,$-5,$0,$57,$61,$0,$0,$0,$0,$1,$-1,$0,$-0,$0,$1,$-0,$-0,$0,$0,$0,$0,$0,$-0,$0,$0,$0,$0,$0,$0,$0,$0,$1,$0,$0
23,2012-12-31,3.92,$2.88,1.36,$1.13,3.47,$0.21,18.46,$0.23,17.04,$0.03B,$0.00B,10.7,$0.00B,$0.06B,0.0,$0.02B,$0.01B,54.55%,$0.02B,0,0.00%,$0.02B,0,0.00%,$0.02B,$0.00B,4.55%,$0.02B,0,0.00%,$0.02B,$0.01B,22.73%,$0.01B,$0.06B,9.43%,$0.01B,$0.06B,9.48%,$0.01B,$0.06B,9.05%,$0.00B,$0.06B,0.00%,$8,$4,$4,$-0,$4,$8,$0,$0,$0,$-4,$4,$4,$4,$1,$0,$20,20,$0.20,$0.20,$12,$8,$0,$31,$2,$0,$0,$0,$29,$60,$3,$0,$0,$0,$3,$53,$-5,$0,$57,$60,$4,$1,$-2,$-1,$-3,$2,$1,$-0,$-0,$3,$-1,$-0,$0,$0,$3,$3,$0,$2,$0,$0,$0,$0,$0,$0,$0,$0,$5,$1,$0
24,2012-09-30,3.61,$2.66,1.36,$1.09,3.33,$0.22,16.31,$0.11,32.82,$0.02B,$0.00B,14.75,$0.00B,$0.05B,0.0,$0.02B,$0.01B,57.14%,$0.02B,$0.00B,9.52%,$0.02B,$0.00B,9.52%,$0.02B,$0.00B,9.52%,$0.02B,$0.00B,9.52%,$0.02B,$0.00B,14.29%,$0.00B,$0.05B,5.83%,$0.00B,$0.05B,5.83%,$0.00B,$0.05B,5.58%,$0.00B,$0.05B,3.88%,$5,$2,$3,$0,$3,$5,$0,$0,$0,$0,$0,$0,$0,$0,$0,$20,20,$0.01,$0.01,$11,$7,$0,$24,$2,$1,$0,$0,$30,$54,$2,$0,$0,$0,$2,$53,$-9,$0,$52,$54,$0,$0,$1,$2,$-1,$1,$-0,$-0,$-0,$2,$-1,$-0,$0,$0,$3,$3,$0,$2,$0,$0,$0,$0,$0,$0,$0,$0,$4,$1,$0
25,2012-06-30,3.77,$2.64,1.43,$0.98,3.86,$0.20,18.64,$0.11,34.27,$0.02B,$0.00B,16.61,$0.00B,$0.05B,0.0,$0.02B,$0.01B,57.89%,$0.02B,$0.00B,10.53%,$0.02B,$0.00B,10.53%,$0.02B,$0.00B,10.53%,$0.02B,$0.00B,10.53%,$0.02B,$0.00B,15.79%,$0.00B,$0.05B,5.91%,$0.00B,$0.05B,5.91%,$0.00B,$0.05B,5.66%,$0.00B,$0.05B,3.94%,$5,$2,$3,$0,$3,$5,$1,$0,$1,$0,$1,$1,$1,$1,$1,$20,20,$0.03,$0.03,$10,$7,$0,$23,$2,$1,$0,$0,$31,$54,$1,$0,$0,$0,$2,$53,$-9,$0,$52,$54,$0,$0,$1,$1,$0,$1,$-0,$-0,$-0,$1,$-0,$-0,$0,$0,$3,$3,$0,$2,$0,$0,$0,$0,$0,$0,$0,$0,$4,$1,$0
26,2012-03-31,4.62,$2.62,1.77,$0.88,5.26,$0.20,23.46,$0.07,66.0,$0.02B,$0.00B,10.1,$0.00B,$0.05B,0.0,$0.02B,$0.01B,58.82%,$0.02B,$0.00B,5.88%,$0.02B,$0.00B,5.88%,$0.02B,$0.00B,5.88%,$0.02B,$0.00B,5.88%,$0.02B,$0.00B,11.76%,$0.00B,$0.05B,4.00%,$0.00B,$0.05B,4.00%,$0.00B,$0.05B,3.83%,$0.00B,$0.05B,2.00%,$4,$2,$2,$0,$3,$5,$-1,$0,$-1,$-0,$-0,$-0,$-0,$-1,$-1,$19,19,$-0.02,$-0.02,$7,$7,$0,$20,$2,$4,$0,$0,$33,$53,$2,$0,$0,$0,$2,$53,$-10,$0,$51,$53,$-0,$0,$0,$0,$0,$0,$1,$-0,$0,$0,$-0,$-0,$0,$0,$0,$0,$0,$-0,$0,$0,$0,$0,$0,$0,$0,$0,$0,$0,$0
27,2011-12-31,2.57,$2.62,0.98,$0.82,3.14,$0.21,12.43,$0.08,32.13,$0.02B,$0.00B,10.81,$0.00B,$0.05B,0.0,$0.02B,$0.01B,62.50%,$0.02B,$0.00B,12.50%,$0.02B,$0.00B,12.50%,$0.02B,$0.00B,12.50%,$0.02B,$0.00B,12.50%,$0.02B,$0.00B,12.50%,$0.00B,$0.05B,4.04%,$0.00B,$0.05B,4.04%,$0.00B,$0.05B,3.86%,$0.00B,$0.05B,4.04%,$7,$3,$4,$0,$2,$5,$2,$0,$2,$0,$2,$2,$2,$2,$2,$19,20,$0.09,$0.09,$7,$7,$0,$20,$1,$4,$0,$0,$34,$54,$2,$0,$1,$1,$3,$53,$-10,$0,$51,$54,$2,$0,$1,$2,$-3,$3,$1,$-0,$0,$3,$-1,$-0,$0,$0,$-3,$-3,$0,$-4,$0,$0,$0,$-0,$-0,$0,$0,$-0,$-1,$1,$0
28,2011-09-30,2.24,$2.52,0.89,$0.63,3.53,$0.17,13.53,$0.01,224.0,$0.01B,$0.00B,10.73,$0.00B,$0.05B,0.0,$0.01B,$0.01B,61.54%,$0.01B,$0.00B,7.69%,$0.01B,$0.00B,7.69%,$0.01B,$0.00B,7.69%,$0.01B,$0.00B,7.69%,$0.01B,0,0.00%,$0.00B,$0.05B,0.00%,$0.00B,$0.05B,0.00%,$0.00B,$0.05B,0.00%,$0.00B,$0.05B,2.04%,$3,$1,$2,$0,$2,$3,$-0,$0,$-0,$-0,$0,$0,$0,$-0,$-0,$20,20,$0.01,$0.01,$4,$5,$0,$14,$1,$5,$0,$0,$37,$51,$1,$0,$1,$1,$2,$53,$-11,$0,$49,$51,$-0,$0,$1,$1,$-0,$1,$0,$0,$1,$2,$-1,$-0,$0,$0,$-4,$-4,$0,$-5,$0,$0,$0,$-0,$-0,$0,$0,$-0,$-3,$1,$0
29,2011-06-30,2.73,$2.50,1.09,$0.64,4.25,$0.16,17.58,$0.03,91.0,$0.02B,$0.00B,11.13,$0.00B,$0.05B,0.0,$0.01B,$0.01B,61.54%,$0.01B,$0.00B,7.69%,$0.01B,$0.00B,7.69%,$0.01B,$0.00B,7.69%,$0.01B,$0.00B,7.69%,$0.01B,$0.00B,7.69%,$0.00B,$0.05B,2.05%,$0.00B,$0.05B,2.05%,$0.00B,$0.05B,1.97%,$0.00B,$0.05B,2.05%,$3,$1,$2,$0,$2,$3,$-0,$0,$-0,$0,$-0,$-0,$-0,$-0,$-0,$19,19,$-0.01,$-0.01,$6,$5,$0,$16,$1,$4,$0,$0,$36,$51,$1,$0,$1,$1,$2,$53,$-11,$0,$49,$51,$-0,$0,$1,$1,$-1,$1,$0,$-0,$1,$1,$-1,$-0,$0,$0,$-2,$-2,$0,$-3,$0,$0,$0,$0,$0,$0,$0,$0,$-2,$0,$0
30,2011-03-31,3.76,$2.53,1.49,$0.66,5.7,$0.14,26.28,$0.06,62.67,$0.02B,$0.00B,15.42,$0.00B,$0.05B,0.0,$0.01B,$0.01B,61.54%,$0.01B,$0.00B,7.69%,$0.01B,$0.00B,7.69%,$0.01B,$0.00B,7.69%,$0.01B,$0.00B,7.69%,$0.01B,$0.00B,7.69%,$0.00B,$0.05B,2.06%,$0.00B,$0.05B,2.07%,$0.00B,$0.05B,1.98%,$0.00B,$0.05B,2.06%,$3,$1,$2,$0,$2,$3,$-0,$0,$-0,$0,$-0,$-0,$-0,$-0,$-0,$19,19,$-0.01,$-0.01,$8,$6,$0,$18,$1,$1,$0,$0,$33,$51,$1,$0,$1,$1,$2,$53,$-11,$0,$49,$51,$-0,$0,$0,$0,$-0,$1,$0,$0,$0,$0,$-0,$-0,$0,$0,$0,$0,$0,$-0,$0,$0,$0,$0,$0,$0,$0,$0,$0,$0,$0
31,2010-12-31,3.02,$2.53,1.19,$0.65,4.62,$0.15,19.53,$0.09,33.56,$0.02B,$0.00B,15.61,$0.00B,$0.05B,0.0,$0.01B,$0.01B,61.54%,$0.01B,$0.00B,7.69%,$0.01B,$0.00B,7.69%,$0.01B,$0.00B,7.69%,$0.01B,$0.00B,7.69%,$0.01B,$0.00B,7.69%,$0.00B,$0.05B,2.08%,$0.00B,$0.05B,2.09%,$0.00B,$0.05B,2.00%,$0.00B,$0.05B,2.08%,$4,$1,$2,$0,$2,$3,$1,$-0,$1,$0,$0,$0,$0,$1,$1,$19,19,$0.01,$0.01,$8,$6,$0,$18,$0,$1,$0,$0,$33,$51,$1,$0,$1,$1,$2,$53,$-11,$0,$49,$51,$2,$0,$-0,$-0,$-3,$3,$0,$-0,$-0,$1,$-0,$-0,$0,$0,$-1,$-1,$0,$-1,$0,$0,$0,$0,$0,$0,$0,$0,$0,$0,$0
32,2010-09-30,2.2,$2.50,0.88,$0.60,3.67,$0.19,11.6,$0.05,44.0,$0.01B,$0.00B,13.48,$0.00B,$0.05B,0.0,$0.01B,$0.01B,63.64%,$0.01B,$-0.00B,-9.09%,$0.01B,$-0.00B,-9.09%,$0.01B,0,0.00%,$0.01B,$-0.00B,-9.09%,$0.01B,0,0.00%,$0.00B,$0.05B,0.00%,$0.00B,$0.05B,0.00%,$0.00B,$0.05B,0.00%,$-0.00B,$0.05B,-2.11%,$3,$1,$2,$0,$2,$3,$0,$0,$0,$-0,$1,$1,$1,$0,$0,$19,20,$0.03,$0.03,$4,$6,$0,$14,$0,$4,$0,$0,$36,$50,$1,$0,$1,$1,$2,$53,$-12,$0,$48,$50,$1,$0,$-0,$-0,$-3,$2,$0,$-0,$-0,$1,$-0,$-0,$0,$0,$-4,$-4,$0,$-4,$0,$0,$0,$0,$0,$0,$0,$0,$-3,$0,$0
33,2010-06-30,2.79,$2.47,1.13,$0.56,4.99,$0.22,12.6,$-0.01,0.0,$0.01B,$0.00B,11.93,$0.00B,$0.05B,0.0,$0.01B,$0.01B,60.00%,$0.01B,$-0.00B,-20.00%,$0.01B,$-0.00B,-20.00%,$0.01B,$-0.00B,-10.00%,$0.01B,$-0.00B,-20.00%,$0.01B,$-0.00B,-20.00%,$-0.00B,$0.05B,-4.19%,$-0.00B,$0.05B,-4.23%,$-0.00B,$0.05B,-4.00%,$-0.00B,$0.05B,-4.19%,$3,$1,$2,$0,$2,$3,$0,$0,$0,$0,$0,$0,$0,$0,$0,$19,19,$0.02,$0.02,$3,$7,$0,$13,$0,$5,$0,$0,$37,$50,$1,$0,$1,$1,$2,$53,$-12,$0,$48,$50,$1,$0,$-0,$-0,$-2,$2,$0,$-0,$0,$1,$-0,$-0,$0,$0,$-5,$-5,$0,$-5,$0,$0,$0,$0,$0,$0,$0,$0,$-4,$0,$0
34,2010-03-31,1.83,$2.46,0.74,$0.46,3.99,$0.28,6.62,$-0.09,0.0,$0.01B,$0.00B,11.15,$0.00B,$0.05B,0.0,$0.01B,$0.01B,62.50%,$0.01B,$-0.00B,-37.50%,$0.01B,$-0.00B,-37.50%,$0.01B,$-0.00B,-25.00%,$0.01B,$-0.00B,-37.50%,$0.01B,$-0.00B,-37.50%,$-0.00B,$0.05B,-6.25%,$-0.00B,$0.05B,-6.28%,$-0.00B,$0.05B,-5.88%,$-0.00B,$0.05B,-6.25%,$3,$1,$2,$0,$2,$3,$0,$0,$0,$-0,$0,$0,$0,$0,$0,$19,19,$0.02,$0.02,$3,$4,$0,$9,$0,$5,$0,$0,$40,$49,$1,$0,$1,$1,$2,$53,$-12,$0,$47,$49,$0,$0,$-0,$-0,$-1,$1,$0,$-0,$0,$0,$-0,$-0,$0,$0,$-5,$-5,$0,$-5,$0,$0,$0,$0,$0,$0,$0,$0,$-5,$0,$0
35,2009-12-31,1.16,$2.45,0.47,$0.45,2.6,$0.27,4.35,$-0.17,0.0,$0.01B,$0.00B,20.18,$0.00B,$0.05B,0.0,$0.01B,$0.00B,57.14%,$0.01B,$-0.00B,-57.14%,$0.01B,$-0.00B,-57.14%,$0.01B,$-0.00B,-42.86%,$0.01B,$-0.00B,-57.14%,$0.01B,$-0.00B,-57.14%,$-0.00B,$0.05B,-8.16%,$-0.00B,$0.05B,-8.25%,$-0.00B,$0.05B,-7.62%,$-0.00B,$0.05B,-8.16%,$2,$1,$1,$0,$2,$3,$-1,$0,$-1,$0,$-1,$-1,$-1,$-0,$-1,$19,19,$-0.02,$-0.02,$7,$3,$0,$12,$0,$0,$0,$0,$36,$48,$1,$0,$1,$1,$2,$53,$-13,$0,$47,$48,$-4,$0,$3,$3,$1,$3,$-1,$0,$3,$2,$-0,$-0,$0,$0,$0,$0,$0,$-0,$0,$0,$0,$-0,$-0,$0,$0,$-0,$2,$0,$0
36,2009-09-30,0.57,$2.59,0.22,$0.51,1.11,$0.12,4.95,$-0.22,0.0,$0.01B,$0.00B,15.11,$0.00B,$0.05B,0.0,$0.01B,$0.01B,55.56%,$0.01B,$-0.00B,-22.22%,$0.01B,$-0.00B,-22.22%,$0.01B,$-0.00B,-22.22%,$0.01B,$-0.00B,-22.22%,$0.01B,$-0.00B,-44.44%,$-0.00B,$0.05B,-7.96%,$-0.00B,$0.05B,-8.00%,$-0.00B,$0.05B,-7.27%,$-0.00B,$0.05B,-3.98%,$2,$1,$1,$0,$2,$3,$-1,$0,$-1,$0,$-1,$-1,$-1,$-1,$-1,$19,19,$-0.03,$-0.03,$7,$3,$0,$12,$0,$0,$0,$0,$41,$53,$1,$0,$3,$3,$4,$53,$-10,$0,$49,$53,$-3,$0,$0,$0,$2,$2,$-1,$0,$4,$1,$-0,$-0,$0,$0,$0,$0,$0,$-0,$0,$0,$0,$0,$0,$0,$-0,$-0,$1,$0,$0
37,2009-06-30,0.51,$2.61,0.2,$0.63,0.81,$-0.10,0.0,$-0.36,0.0,$0.01B,$0.00B,13.16,$0.00B,$0.05B,0.0,$0.01B,$0.01B,63.64%,$0.01B,$-0.01B,-54.55%,$0.01B,$-0.01B,-54.55%,$0.01B,$-0.01B,-54.55%,$0.01B,$-0.01B,-54.55%,$0.01B,$-0.01B,-54.55%,$-0.01B,$0.05B,-11.71%,$-0.01B,$0.05B,-11.76%,$-0.01B,$0.05B,-10.71%,$-0.01B,$0.05B,-11.71%,$1,$1,$1,$0,$2,$3,$-1,$0,$-1,$0,$-1,$-1,$-1,$-1,$-1,$19,19,$-0.07,$-0.07,$7,$4,$0,$13,$0,$0,$0,$0,$41,$54,$1,$0,$3,$3,$4,$53,$-9,$0,$49,$54,$-3,$0,$0,$0,$2,$1,$-1,$-0,$4,$2,$0,$-0,$0,$0,$0,$0,$0,$-0,$0,$0,$0,$0,$0,$0,$-0,$-0,$1,$0,$0
38,2009-03-31,0.35,$2.75,0.13,$0.76,0.46,$-0.32,0.0,$-0.36,0.0,$0.02B,$0.00B,11.76,$0.00B,$0.05B,0.0,$0.01B,$0.01B,57.14%,$0.01B,$-0.01B,-50.00%,$0.01B,$-0.01B,-50.00%,$0.01B,$-0.01B,-50.00%,$0.01B,$-0.01B,-50.00%,$0.01B,$-0.01B,-42.86%,$-0.01B,$0.05B,-11.32%,$-0.01B,$0.05B,-11.37%,$-0.01B,$0.06B,-10.43%,$-0.01B,$0.05B,-13.21%,$2,$1,$1,$0,$2,$4,$-1,$0,$-1,$0,$-1,$-1,$-1,$-1,$-1,$18,18,$-0.07,$-0.07,$6,$8,$0,$18,$0,$0,$0,$0,$37,$55,$2,$0,$3,$3,$5,$53,$-8,$0,$51,$55,$-1,$0,$0,$0,$2,$1,$-1,$-0,$1,$0,$0,$0,$0,$0,$0,$0,$0,$0,$0,$0,$0,$0,$0,$0,$0,$0,$0,$-0,$0
39,2008-12-31,0.2,$2.84,0.07,$0.81,0.25,$-0.43,0.0,$-0.34,0.0,$0.02B,$0.00B,7.63,$0.00B,$0.05B,0.0,$0.02B,$0.01B,60.00%,$0.02B,$-0.01B,-46.67%,$0.02B,$-0.01B,-46.67%,$0.02B,$-0.01B,-46.67%,$0.02B,$-0.01B,-46.67%,$0.02B,$-0.01B,-40.00%,$-0.01B,$0.05B,-11.01%,$-0.01B,$0.05B,-11.01%,$-0.01B,$0.06B,-10.17%,$-0.01B,$0.05B,-12.84%,$4,$1,$2,$0,$1,$3,$1,$0,$1,$2,$-1,$-1,$-1,$1,$1,$18,18,$-0.07,$-0.07,$6,$8,$0,$22,$0,$0,$0,$0,$36,$58,$3,$0,$3,$3,$6,$53,$-7,$0,$52,$58,$-6,$0,$3,$4,$3,$-0,$-2,$0,$2,$-1,$-0,$-0,$0,$0,$0,$0,$0,$-0,$0,$0,$0,$0,$0,$0,$-0,$-0,$-1,$0,$0
40,2008-09-30,0.6,$2.90,0.21,$1.05,0.57,$-0.66,0.0,$-0.33,0.0,$0.02B,$0.00B,5.97,$0.00B,$0.05B,0.0,$0.02B,$0.01B,63.16%,$0.02B,$-0.01B,-52.63%,$0.02B,$-0.01B,-52.63%,$0.02B,$-0.01B,-52.63%,$0.02B,$-0.01B,-52.63%,$0.02B,$-0.01B,-31.58%,$-0.01B,$0.05B,-10.71%,$-0.01B,$0.05B,-10.71%,$-0.01B,$0.06B,-9.96%,$-0.01B,$0.05B,-17.86%,$4,$2,$3,$0,$7,$9,$-5,$0,$-5,$-2,$-3,$-3,$-3,$-5,$-5,$18,18,$-0.17,$-0.17,$4,$4,$0,$15,$0,$0,$1,$0,$41,$57,$3,$0,$1,$1,$3,$53,$-6,$0,$53,$57,$-5,$0,$4,$4,$1,$-1,$-3,$0,$-1,$-3,$-0,$-0,$0,$0,$0,$0,$0,$-0,$0,$0,$0,$0,$0,$0,$0,$0,$-3,$0,$0
41,2008-06-30,1.12,$3.07,0.36,$1.18,0.95,$-0.85,0.0,$-0.15,0.0,$0.03B,$0.00B,10.81,$0.00B,$0.06B,0.0,$0.02B,$0.01B,63.64%,$0.02B,$-0.00B,-18.18%,$0.02B,$-0.00B,-18.18%,$0.02B,$-0.00B,-18.18%,$0.02B,$-0.00B,-18.18%,$0.02B,$-0.00B,-13.64%,$-0.00B,$0.06B,-5.22%,$-0.00B,$0.06B,-5.22%,$-0.00B,$0.06B,-4.82%,$-0.00B,$0.06B,-6.96%,$4,$2,$2,$0,$4,$5,$-2,$0,$-2,$-0,$-1,$-1,$-1,$-2,$-2,$18,18,$-0.06,$-0.06,$4,$11,$0,$26,$1,$0,$0,$0,$34,$60,$2,$0,$1,$1,$3,$53,$-3,$0,$56,$60,$-2,$0,$1,$1,$2,$-1,$-2,$0,$-1,$-2,$-0,$-0,$0,$0,$0,$0,$0,$-0,$0,$0,$0,$0,$0,$0,$0,$0,$-3,$0,$0
42,2008-03-31,1.23,$3.16,0.39,$1.40,0.88,$-0.88,0.0,$-0.06,0.0,$0.03B,$0.00B,11.03,$0.00B,$0.06B,0.0,$0.03B,$0.02B,65.38%,$0.03B,$-0.00B,-3.85%,$0.03B,$-0.00B,-3.85%,$0.03B,$-0.00B,-3.85%,$0.03B,$-0.00B,-3.85%,$0.03B,$-0.00B,-3.85%,$-0.00B,$0.06B,-1.72%,$-0.00B,$0.06B,-1.72%,$-0.00B,$0.06B,-1.58%,$-0.00B,$0.06B,-1.72%,$3,$1,$2,$0,$3,$5,$-1,$0,$-1,$-0,$-1,$-1,$-1,$-1,$-1,$18,18,$-0.04,$-0.04,$5,$13,$0,$29,$1,$0,$0,$0,$32,$61,$3,$0,$1,$1,$3,$53,$-2,$0,$57,$61,$-1,$0,$0,$0,$2,$-1,$-2,$0,$-1,$-2,$-0,$-0,$0,$0,$0,$0,$0,$-0,$0,$0,$0,$0,$0,$0,$0,$0,$-2,$0,$0
43,2007-12-31,2.2,$3.20,0.69,$1.53,1.44,$-0.71,0.0,$0.00,0.0,$0.04B,$0.00B,8.04,$0.00B,$0.06B,0.0,$0.03B,$0.02B,65.52%,$0.03B,$0.00B,3.45%,$0.03B,$0.00B,3.45%,$0.03B,$0.00B,3.45%,$0.03B,$0.00B,3.45%,$0.03B,0,0.00%,$0.00B,$0.06B,0.00%,$0.00B,$0.06B,0.00%,$0.00B,$0.06B,0.00%,$0.00B,$0.06B,1.69%,$8,$2,$5,$0,$7,$10,$-2,$0,$-2,$-1,$-1,$-1,$-1,$-2,$-2,$18,18,$-0.06,$-0.06,$7,$16,$0,$35,$1,$0,$0,$0,$28,$63,$4,$0,$1,$1,$5,$53,$-1,$0,$58,$63,$-0,$0,$2,$2,$4,$-9,$-1,$0,$-7,$-5,$-0,$-0,$0,$0,$0,$0,$0,$-0,$0,$0,$0,$0,$0,$-1,$-0,$-2,$-7,$1,$-1
44,2007-09-30,4.03,$3.27,1.23,$1.74,2.32,$-0.54,0.0,$0.13,31.0,$0.04B,$0.00B,8.79,$0.00B,$0.06B,0.0,$0.03B,$0.02B,69.70%,$0.03B,$0.01B,15.15%,$0.03B,$0.01B,15.15%,$0.03B,$0.01B,15.15%,$0.03B,$0.01B,15.15%,$0.03B,$0.00B,6.06%,$0.00B,$0.06B,3.38%,$0.00B,$0.06B,3.39%,$0.00B,$0.07B,3.08%,$0.01B,$0.06B,8.44%,$7,$2,$5,$0,$4,$6,$1,$0,$1,$0,$0,$0,$0,$1,$1,$18,18,$0.01,$0.01,$6,$18,$0,$38,$1,$0,$0,$0,$26,$65,$4,$0,$1,$1,$5,$53,$0,$-0,$59,$65,$1,$0,$1,$1,$2,$-8,$-2,$-0,$-8,$-6,$-0,$-0,$0,$0,$0,$0,$0,$-0,$0,$0,$0,$0,$0,$-1,$0,$-1,$-7,$0,$-1
45,2007-06-30,4.95,$3.25,1.52,$2.03,2.44,$-0.34,0.0,$0.24,20.63,$0.04B,$0.00B,10.91,$0.00B,$0.06B,0.0,$0.04B,$0.03B,68.42%,$0.04B,$0.01B,18.42%,$0.04B,$0.01B,18.42%,$0.04B,$0.01B,21.05%,$0.04B,$0.01B,21.05%,$0.04B,$0.00B,10.53%,$0.00B,$0.06B,6.75%,$0.00B,$0.06B,6.78%,$0.00B,$0.06B,6.18%,$0.01B,$0.06B,11.81%,$8,$2,$5,$0,$5,$7,$1,$0,$1,$1,$1,$1,$1,$1,$1,$18,18,$0.03,$0.03,$10,$22,$0,$44,$1,$0,$0,$0,$20,$64,$4,$0,$1,$1,$5,$53,$0,$-0,$59,$64,$1,$0,$0,$0,$4,$-6,$-2,$0,$-4,$-3,$-0,$-0,$0,$0,$0,$0,$0,$-0,$0,$0,$0,$0,$0,$-1,$0,$-1,$-4,$0,$-1
46,2007-03-31,6.18,$3.30,1.87,$2.07,2.99,$-0.25,0.0,$0.27,22.87,$0.05B,$0.00B,11.25,$0.00B,$0.06B,0.0,$0.04B,$0.03B,69.23%,$0.04B,$0.01B,20.51%,$0.04B,$0.01B,20.51%,$0.04B,$0.01B,23.08%,$0.04B,$0.01B,23.08%,$0.04B,$0.00B,10.26%,$0.00B,$0.06B,6.81%,$0.00B,$0.06B,6.87%,$0.00B,$0.07B,6.25%,$0.01B,$0.06B,13.62%,$6,$1,$4,$0,$4,$5,$1,$0,$1,$0,$0,$0,$0,$1,$1,$18,18,$0.02,$0.02,$15,$23,$0,$48,$1,$0,$0,$0,$17,$65,$4,$0,$1,$1,$5,$53,$1,$-0,$60,$65,$0,$0,$0,$0,$6,$-3,$-2,$0,$1,$1,$-0,$-0,$0,$0,$0,$0,$0,$-0,$0,$0,$0,$0,$0,$0,$0,$0,$2,$0,$0
47,2006-12-31,7.87,$3.30,2.39,$2.18,3.62,$-0.34,0.0,$0.33,23.84,$0.05B,$0.01B,7.81,$0.00B,$0.06B,0.0,$0.04B,$0.03B,70.73%,$0.04B,$0.01B,21.95%,$0.04B,$0.01B,21.95%,$0.04B,$0.01B,24.39%,$0.04B,$0.01B,26.83%,$0.04B,$0.01B,14.63%,$0.01B,$0.06B,10.21%,$0.01B,$0.06B,10.30%,$0.01B,$0.07B,9.41%,$0.01B,$0.06B,15.32%,$12,$3,$9,$0,$7,$10,$2,$0,$2,$1,$1,$1,$1,$2,$2,$18,19,$0.08,$0.07,$14,$23,$0,$53,$1,$0,$0,$0,$13,$66,$7,$0,$0,$0,$7,$52,$1,$-0,$59,$66,$6,$0,$3,$3,$-3,$-9,$2,$-0,$-11,$-2,$-0,$-0,$0,$0,$0,$0,$0,$-0,$0,$0,$0,$-4,$-4,$-1,$0,$-5,$-7,$0,$-1
