,Date,Stock Price,Book Value per Share,Price to Book Ratio,TTM Sales per Share,Price to Sales Ratio,TTM FCF per Share,Price to FCF Ratio,TTM Net EPS,PE Ratio,Current Assets,Current Liabilities,Current Ratio,Long Term Debt,Shareholder's Equity_x,Debt to Equity Ratio,TTM Revenue_x,TTM Gross Profit,Gross Margin,TTM Revenue_y,TTM Operating Income,Operating Margin,TTM Revenue_x,TTM EBIT,EBIT Margin,TTM Revenue_y,TTM EBITDA,EBITDA Margin,TTM Revenue_x,TTM Pre-Tax Income,Pre-Tax Margin,TTM Revenue_y,TTM Net Income_x,Net Margin,TTM Net Income_y,Shareholder's Equity_y,Return on Equity,TTM Net Income_x,Tangible Equity,Return on Tangible Equity,TTM Net Income_y,Total Assets,Return on Assets,TTM Net Income,LT Investments & Debt,Return on Investment,revenue,cost-goods-sold,gross-profit,research-development-expenses,selling-general-administrative-expenses,operating-expenses,operating-income,total-non-operating-income-expense,pre-tax-income,total-provision-income-taxes,income-after-taxes,income-from-continuous-operations,net-income,ebitda,ebit,basic-shares-outstanding,shares-outstanding,eps-basic-net-earnings-per-share,eps-earnings-per-share-diluted,cash-on-hand,inventory,other-current-assets,total-current-assets,net-property-plant-equipment,long-term-investments,goodwill-intangible-assets-total,other-long-term-assets,total-long-term-assets,total-assets,total-current-liabilities,long-term-debt,other-non-current-liabilities,total-long-term-liabilities,total-liabilities,common-stock-net,retained-earnings-accumulated-deficit,comprehensive-income,total-share-holder-equity,total-liabilities-share-holders-equity,net-income-loss,total-depreciation-amortization-cash-flow,other-non-cash-items,total-non-cash-items,change-in-accounts-receivable,change-in-inventories,change-in-accounts-payable,change-in-assets-liabilities,total-change-in-assets-liabilities,cash-flow-from-operating-activities,net-change-in-property-plant-equipment,net-change-in-intangible-assets,net-acquisitions-divestitures,net-change-in-short-term-investments,net-change-in-long-term-investments,net-change-in-investments-total,investing-activities-other,cash-flow-from-investing-activities,net-long-term-debt,net-current-debt,debt-issuance-retirement-net-total,net-common-equity-issued-repurchased,net-total-equity-issued-repurchased,total-common-preferred-stock-dividends-paid,financial-activities-other,cash-flow-from-financial-activities,net-cash-flow,stock-based-compensation,common-stock-dividends-paid
0,2018-09-30,2.16,$0.89,2.44,$0.24,8.85,$-1.86,0.0,$-0.87,0.0,$0.08B,$0.02B,3.58,$0.01B,$0.05B,0.2,$0.01B,$0.01B,91.67%,$0.01B,$-0.05B,-391.67%,$0.01B,$-0.05B,-391.67%,$0.01B,$-0.05B,-391.67%,$0.01B,$-0.04B,-366.67%,$0.01B,$-0.04B,-366.67%,$-0.04B,$0.05B,-84.62%,$-0.04B,$0.05B,-84.62%,$-0.04B,$0.09B,-48.35%,$-0.05B,$0.06B,-73.15%,$1,$0,$1,$10,$6,$15,$-15,$-0,$-15,$0,$-15,$-15,$-15,$-15,$-15,$58,58,$-0.26,$-0.26,$81,$0,$0,$82,$2,$0,$0,$5,$7,$90,$23,$10,$5,$15,$38,$0,$-2226,$-10,$51,$90,$-30,$0,$1,$1,$1,$0,$-0,$-0,$2,$-27,$-0,$0,$0,$-28,$0,$-28,$0,$-28,$0,$0,$0,$64,$64,$0,$-0,$64,$10,$5,$0
1,2018-06-30,4.98,$1.10,4.54,$0.27,18.36,$-2.06,0.0,$-0.89,0.0,$0.10B,$0.02B,4.28,$0.01B,$0.06B,0.18,$0.01B,$0.01B,92.31%,$0.01B,$-0.04B,-338.46%,$0.01B,$-0.04B,-338.46%,$0.01B,$-0.04B,-338.46%,$0.01B,$-0.04B,-315.38%,$0.01B,$-0.04B,-315.38%,$-0.04B,$0.06B,-88.65%,$-0.04B,$0.06B,-88.65%,$-0.04B,$0.10B,-48.24%,$-0.04B,$0.08B,-76.52%,$1,$1,$0,$9,$5,$15,$-14,$3,$-11,$0,$-11,$-11,$-11,$-14,$-14,$58,58,$-0.20,$-0.20,$93,$0,$0,$95,$2,$0,$0,$5,$8,$103,$22,$12,$5,$17,$39,$0,$-2211,$-10,$64,$103,$-15,$0,$-2,$-1,$0,$0,$1,$0,$2,$-15,$-0,$0,$0,$-27,$0,$-27,$0,$-27,$0,$0,$0,$64,$64,$0,$-0,$64,$22,$2,$0
2,2018-03-31,3.9,$1.33,2.93,$0.96,4.07,$-2.05,0.0,$-0.66,0.0,$0.11B,$0.02B,5.32,$0.01B,$0.08B,0.17,$0.03B,$0.03B,100.00%,$0.03B,$-0.03B,-73.53%,$0.03B,$-0.03B,-73.53%,$0.03B,$-0.03B,-73.53%,$0.03B,$-0.03B,-73.53%,$0.03B,$-0.03B,-85.29%,$-0.03B,$0.08B,-72.50%,$-0.03B,$0.08B,-72.50%,$-0.03B,$0.12B,-35.91%,$-0.03B,$0.09B,-49.75%,$10,$0,$10,$10,$5,$15,$-4,$0,$-4,$0,$-4,$-4,$-4,$-4,$-4,$50,50,$-0.08,$-0.08,$105,$1,$0,$108,$2,$0,$0,$6,$8,$116,$20,$13,$5,$18,$39,$0,$-2199,$-7,$77,$116,$-4,$0,$1,$1,$0,$0,$-0,$0,$1,$-2,$-0,$0,$0,$0,$0,$0,$0,$-0,$0,$0,$0,$65,$65,$0,$-0,$65,$61,$1,$0
3,2017-12-31,2.68,$0.37,7.16,$0.78,3.45,$-2.31,0.0,$-1.29,0.0,$0.05B,$0.02B,2.44,$0.01B,$0.02B,0.84,$0.03B,$0.03B,100.00%,$0.03B,$-0.04B,-160.00%,$0.03B,$-0.04B,-160.00%,$0.03B,$-0.04B,-160.00%,$0.03B,$-0.04B,-164.00%,$0.03B,$-0.05B,-180.00%,$-0.05B,$0.02B,-246.58%,$-0.05B,$0.02B,-246.58%,$-0.05B,$0.06B,-71.43%,$-0.04B,$0.03B,-145.45%,$0,$0,$0,$7,$7,$14,$-14,$-1,$-14,$0,$-14,$-14,$-14,$-14,$-14,$36,36,$-0.28,$-0.28,$43,$1,$0,$47,$2,$0,$0,$6,$8,$55,$19,$14,$5,$20,$39,$0,$-2195,$-6,$16,$55,$-41,$1,$7,$8,$0,$1,$-5,$8,$-6,$-39,$-0,$0,$0,$0,$0,$0,$0,$-0,$-4,$0,$-4,$0,$43,$0,$-0,$39,$-1,$6,$0
4,2017-09-30,3.19,$0.66,4.83,$1.09,2.93,$-3.98,0.0,$-1.19,0.0,$0.06B,$0.03B,2.19,$0.01B,$0.03B,0.26,$0.03B,$0.03B,97.06%,$0.03B,$-0.03B,-94.12%,$0.03B,$-0.03B,-94.12%,$0.03B,$-0.03B,-91.18%,$0.03B,$-0.03B,-100.00%,$0.03B,$-0.04B,-108.82%,$-0.04B,$0.03B,-227.69%,$-0.04B,$0.03B,-227.69%,$-0.04B,$0.07B,-56.70%,$-0.03B,$0.04B,-129.29%,$2,$0,$2,$8,$6,$13,$-12,$-0,$-12,$0,$-12,$-12,$-12,$-12,$-12,$43,43,$-0.28,$-0.28,$53,$1,$0,$58,$3,$0,$0,$5,$8,$66,$26,$7,$3,$11,$37,$2220,$-2181,$-6,$28,$66,$-27,$1,$4,$5,$5,$1,$-5,$2,$-7,$-29,$0,$0,$0,$0,$0,$0,$0,$0,$-5,$0,$-5,$0,$43,$0,$-0,$38,$9,$4,$0
5,2017-06-30,3.31,$0.91,3.66,$1.21,2.74,$-5.53,0.0,$-1.91,0.0,$0.08B,$0.04B,2.15,$0.01B,$0.04B,0.19,$0.04B,$0.04B,97.22%,$0.04B,$-0.05B,-136.11%,$0.04B,$-0.05B,-136.11%,$0.04B,$-0.05B,-130.56%,$0.04B,$-0.05B,-141.67%,$0.04B,$-0.05B,-150.00%,$-0.05B,$0.04B,-432.00%,$-0.05B,$0.04B,-432.00%,$-0.05B,$0.09B,-79.70%,$-0.05B,$0.05B,-217.78%,$22,$0,$22,$9,$8,$17,$5,$0,$5,$0,$5,$5,$1,$5,$5,$32,32,$0.03,$0.03,$75,$2,$0,$78,$3,$0,$0,$5,$8,$86,$36,$7,$3,$11,$47,$2219,$-2169,$-6,$39,$86,$-15,$0,$3,$3,$-0,$0,$-3,$10,$3,$-8,$0,$0,$0,$0,$0,$0,$0,$0,$-4,$0,$-4,$0,$43,$0,$-0,$39,$31,$3,$0
6,2017-03-31,4.2,$-0.37,-11.43,$0.78,5.42,$-7.03,0.0,$-2.64,0.0,$0.04B,$0.04B,0.88,$0.01B,$-0.01B,-0.89,$0.02B,$0.02B,95.24%,$0.02B,$-0.07B,-347.62%,$0.02B,$-0.07B,-347.62%,$0.02B,$-0.07B,-338.10%,$0.02B,$-0.08B,-361.90%,$0.02B,$-0.08B,-357.14%,$-0.08B,$-0.01B,-625.00%,$-0.08B,$-0.01B,-625.00%,$-0.08B,$0.05B,-106.01%,$-0.07B,$-0.00B,-304.17%,$1,$0,$1,$9,$11,$20,$-19,$-1,$-20,$0,$-20,$-20,$-20,$-19,$-19,$28,28,$-0.71,$-0.71,$33,$2,$0,$37,$3,$0,$0,$5,$8,$45,$42,$9,$3,$13,$55,$2172,$-2170,$-7,$-10,$45,$-20,$0,$2,$2,$0,$0,$5,$8,$9,$-9,$0,$0,$0,$0,$0,$0,$0,$0,$-2,$0,$-2,$0,$0,$0,$-0,$-2,$-11,$2,$0
7,2016-12-31,4.08,$0.27,14.83,$2.06,1.98,$-7.55,0.0,$-1.83,0.0,$0.06B,$0.04B,1.37,$0.01B,$0.01B,1.46,$0.06B,$0.06B,98.21%,$0.06B,$-0.05B,-89.29%,$0.06B,$-0.05B,-89.29%,$0.06B,$-0.05B,-85.71%,$0.06B,$-0.05B,-94.64%,$0.06B,$-0.05B,-92.86%,$-0.05B,$0.01B,-184.07%,$-0.05B,$0.01B,-184.07%,$-0.05B,$0.06B,-57.62%,$-0.05B,$0.02B,-118.34%,$9,$1,$8,$10,$9,$15,$-6,$-1,$-7,$0,$-7,$-7,$-6,$-5,$-6,$28,28,$-0.23,$-0.23,$44,$2,$0,$56,$3,$0,$0,$5,$8,$64,$41,$11,$4,$15,$56,$2170,$-2150,$-7,$8,$64,$-53,$1,$-16,$-15,$-0,$1,$-3,$-9,$-9,$-77,$-0,$0,$0,$0,$0,$0,$0,$-0,$-5,$0,$-5,$0,$-0,$0,$-2,$-7,$-84,$13,$0
8,2016-09-30,3.74,$0.44,8.45,$2.33,1.6,$-9.86,0.0,$-2.90,0.0,$0.07B,$0.05B,1.47,$0.01B,$0.01B,1.07,$0.06B,$0.06B,100.00%,$0.06B,$-0.07B,-120.69%,$0.06B,$-0.07B,-120.69%,$0.06B,$-0.07B,-118.97%,$0.06B,$-0.07B,-124.14%,$0.06B,$-0.08B,-129.31%,$-0.08B,$0.01B,-197.37%,$-0.08B,$0.01B,-197.37%,$-0.08B,$0.08B,-68.03%,$-0.07B,$0.03B,-129.03%,$4,$0,$4,$18,$15,$33,$-29,$-1,$-29,$0,$-29,$-29,$-29,$-28,$-29,$28,28,$-1.04,$-1.04,$62,$3,$0,$68,$3,$0,$0,$5,$9,$76,$46,$13,$4,$18,$64,$2168,$-2144,$-6,$13,$76,$-46,$1,$-19,$-18,$-0,$0,$3,$-2,$2,$-62,$-0,$0,$0,$0,$0,$0,$0,$-0,$-4,$0,$-4,$0,$-0,$0,$-0,$-4,$-67,$11,$0
9,2016-06-30,3.4,$1.30,2.62,$2.23,1.52,$-11.80,0.0,$-3.80,0.0,$0.09B,$0.04B,2.18,$0.02B,$0.04B,0.42,$0.06B,$0.05B,98.18%,$0.06B,$-0.07B,-132.73%,$0.06B,$-0.07B,-132.73%,$0.06B,$-0.07B,-132.73%,$0.06B,$-0.08B,-138.18%,$0.06B,$-0.08B,-143.64%,$-0.08B,$0.04B,-284.68%,$-0.08B,$0.04B,-284.68%,$-0.08B,$0.10B,-73.83%,$-0.07B,$0.05B,-138.39%,$7,$0,$7,$17,$10,$26,$-19,$-1,$-20,$0,$-20,$-20,$-20,$-19,$-19,$28,28,$-0.71,$-0.71,$77,$3,$0,$89,$3,$0,$0,$5,$9,$98,$41,$15,$4,$20,$61,$2163,$-2115,$-6,$37,$98,$-17,$0,$-25,$-25,$-1,$0,$4,$-5,$-7,$-49,$-0,$0,$0,$0,$0,$0,$0,$-0,$-2,$0,$-2,$0,$-0,$0,$-0,$-2,$-51,$6,$0
10,2016-03-31,5.31,$1.95,2.72,$2.03,2.62,$-12.83,0.0,$-5.00,0.0,$0.11B,$0.05B,2.46,$0.02B,$0.06B,0.32,$0.05B,$0.05B,97.96%,$0.05B,$-0.09B,-173.47%,$0.05B,$-0.09B,-173.47%,$0.05B,$-0.09B,-173.47%,$0.05B,$-0.09B,-181.63%,$0.05B,$-0.09B,-187.76%,$-0.09B,$0.06B,-634.48%,$-0.09B,$0.06B,-634.48%,$-0.09B,$0.12B,-91.32%,$-0.09B,$0.07B,-177.08%,$36,$0,$36,$21,$11,$32,$4,$-1,$3,$0,$3,$3,$3,$4,$4,$28,28,$0.12,$0.12,$105,$3,$0,$114,$4,$0,$0,$6,$9,$123,$46,$17,$4,$22,$69,$2161,$-2095,$-6,$55,$123,$3,$0,$-27,$-27,$-1,$0,$7,$-2,$1,$-23,$-0,$0,$0,$0,$0,$0,$0,$-0,$0,$0,$0,$0,$0,$0,$-0,$-0,$-24,$4,$0
11,2015-12-31,12.3,$1.69,7.28,$0.88,14.05,$-13.39,0.0,$-6.70,0.0,$0.14B,$0.07B,1.86,$0.02B,$0.05B,0.4,$0.02B,$0.02B,93.75%,$0.02B,$-0.12B,-725.00%,$0.02B,$-0.12B,-725.00%,$0.02B,$-0.12B,-725.00%,$0.02B,$-0.12B,-756.25%,$0.02B,$-0.12B,-775.00%,$-0.12B,$0.05B,-2917.65%,$-0.12B,$0.05B,-2917.65%,$-0.12B,$0.14B,-144.61%,$-0.12B,$0.07B,-331.43%,$11,$1,$11,$21,$15,$38,$-26,$0,$-26,$0,$-26,$-26,$-29,$-26,$-26,$19,19,$-1.11,$-1.11,$128,$3,$0,$135,$4,$0,$0,$6,$9,$144,$72,$19,$4,$24,$97,$2157,$-2098,$-7,$47,$144,$-121,$1,$17,$18,$2,$-0,$4,$-0,$7,$-95,$-0,$0,$0,$0,$0,$0,$0,$-0,$6,$0,$6,$15,$114,$0,$31,$152,$57,$15,$0
12,2015-09-30,14.6,$-1.43,-10.18,$1.47,9.92,$-11.01,0.0,$-8.10,0.0,$0.05B,$0.04B,1.46,$0.05B,$-0.03B,-1.72,$0.02B,$0.02B,91.30%,$0.02B,$-0.13B,-560.87%,$0.02B,$-0.13B,-560.87%,$0.02B,$-0.13B,-560.87%,$0.02B,$-0.14B,-595.65%,$0.02B,$-0.14B,-604.35%,$-0.14B,$-0.03B,-5560.00%,$-0.14B,$-0.03B,-5560.00%,$-0.14B,$0.06B,-191.07%,$-0.13B,$0.02B,-426.45%,$1,$1,$0,$18,$14,$33,$-32,$-1,$-33,$0,$-33,$-33,$-33,$-32,$-32,$18,18,$-1.90,$-1.90,$46,$3,$0,$53,$4,$0,$0,$6,$10,$63,$36,$47,$6,$54,$91,$2053,$-2069,$-7,$-28,$63,$-95,$1,$15,$16,$1,$1,$7,$-1,$6,$-73,$-0,$0,$0,$0,$0,$0,$0,$-0,$1,$0,$1,$16,$16,$0,$31,$48,$-25,$13,$0
13,2015-06-30,19.5,$-0.86,-22.65,$4.10,4.75,$-9.82,0.0,$-5.90,0.0,$0.06B,$0.03B,1.93,$0.05B,$-0.02B,-3.14,$0.06B,$0.06B,96.77%,$0.06B,$-0.09B,-145.16%,$0.06B,$-0.09B,-145.16%,$0.06B,$-0.09B,-143.55%,$0.06B,$-0.10B,-161.29%,$0.06B,$-0.10B,-162.90%,$-0.10B,$-0.02B,-651.61%,$-0.10B,$-0.02B,-651.61%,$-0.10B,$0.07B,-136.03%,$-0.09B,$0.03B,-270.68%,$1,$0,$1,$19,$13,$32,$-31,$-2,$-33,$0,$-33,$-33,$-33,$-31,$-31,$18,18,$-1.90,$-1.90,$55,$4,$0,$64,$4,$0,$0,$5,$10,$73,$33,$49,$6,$56,$89,$2032,$-2037,$-7,$-16,$73,$-62,$1,$8,$9,$1,$0,$5,$-0,$4,$-49,$-0,$0,$0,$0,$0,$0,$0,$-0,$1,$0,$1,$0,$0,$0,$31,$33,$-16,$7,$0
14,2015-03-31,18.1,$0.80,22.72,$4.14,4.38,$-9.70,0.0,$-5.90,0.0,$0.05B,$0.04B,1.51,$0.01B,$0.01B,0.41,$0.06B,$0.06B,96.77%,$0.06B,$-0.09B,-138.71%,$0.06B,$-0.09B,-138.71%,$0.06B,$-0.08B,-135.48%,$0.06B,$-0.09B,-151.61%,$0.06B,$-0.10B,-153.23%,$-0.10B,$0.01B,-408.60%,$-0.10B,$0.01B,-408.60%,$-0.10B,$0.06B,-136.20%,$-0.09B,$0.02B,-277.42%,$3,$0,$3,$17,$12,$30,$-27,$-1,$-29,$0,$-29,$-29,$-29,$-27,$-27,$17,17,$-1.60,$-1.60,$44,$4,$0,$53,$4,$0,$0,$5,$10,$63,$35,$6,$6,$13,$49,$2029,$-2004,$-7,$14,$63,$-29,$0,$4,$5,$1,$0,$4,$0,$0,$-24,$-0,$0,$0,$0,$0,$0,$0,$-0,$-2,$0,$-2,$0,$0,$0,$-1,$-3,$-27,$4,$0
15,2014-12-31,23.6,$2.26,10.45,$4.08,5.79,$-9.78,0.0,$-6.30,0.0,$0.08B,$0.04B,2.22,$0.01B,$0.04B,0.21,$0.06B,$0.06B,96.67%,$0.06B,$-0.09B,-145.00%,$0.06B,$-0.09B,-145.00%,$0.06B,$-0.08B,-140.00%,$0.06B,$-0.09B,-156.67%,$0.06B,$-0.10B,-158.33%,$-0.10B,$0.04B,-327.59%,$-0.10B,$0.04B,-327.59%,$-0.10B,$0.09B,-131.49%,$-0.09B,$0.05B,-228.95%,$18,$0,$17,$22,$13,$57,$-39,$-3,$-42,$0,$-42,$-42,$-44,$-39,$-39,$15,15,$-2.86,$-2.86,$71,$4,$0,$81,$5,$0,$0,$7,$12,$92,$36,$8,$6,$16,$52,$2024,$-1976,$-6,$40,$92,$-94,$1,$44,$45,$-2,$0,$1,$-0,$10,$-40,$-0,$0,$0,$0,$0,$0,$-0,$-1,$3,$0,$3,$0,$33,$0,$-0,$36,$-1,$20,$0
16,2014-09-30,24.2,$1.59,15.18,$5.76,4.2,$-10.37,0.0,$-2.80,0.0,$0.06B,$0.03B,1.94,$0.01B,$0.02B,0.33,$0.08B,$0.07B,98.67%,$0.08B,$-0.04B,-50.67%,$0.08B,$-0.04B,-50.67%,$0.08B,$-0.03B,-45.33%,$0.08B,$-0.04B,-56.00%,$0.08B,$-0.04B,-54.67%,$-0.04B,$0.02B,-124.24%,$-0.04B,$0.02B,-124.24%,$-0.04B,$0.07B,-56.36%,$-0.04B,$0.03B,-89.41%,$40,$0,$39,$17,$13,$32,$7,$-3,$4,$0,$4,$4,$5,$8,$7,$15,15,$0.30,$0.30,$30,$5,$0,$56,$5,$0,$0,$8,$13,$69,$29,$8,$6,$16,$45,$1958,$-1932,$-7,$24,$69,$-52,$1,$19,$20,$-1,$0,$1,$-17,$-11,$-43,$-0,$0,$0,$0,$0,$0,$0,$-0,$-0,$0,$-0,$0,$0,$0,$-0,$-0,$-42,$17,$0
17,2014-06-30,28.1,$0.97,28.91,$3.10,9.05,$-11.67,0.0,$-5.10,0.0,$0.04B,$0.02B,1.78,$0.01B,$0.02B,0.65,$0.04B,$0.04B,100.00%,$0.04B,$-0.06B,-171.43%,$0.04B,$-0.06B,-171.43%,$0.04B,$-0.06B,-162.86%,$0.04B,$-0.06B,-177.14%,$0.04B,$-0.07B,-194.29%,$-0.07B,$0.02B,-222.95%,$-0.07B,$0.02B,-222.95%,$-0.07B,$0.06B,-101.12%,$-0.06B,$0.02B,-150.94%,$1,$0,$1,$14,$14,$28,$-27,$-1,$-27,$0,$-27,$-27,$-27,$-26,$-27,$14,14,$-1.90,$-1.90,$33,$5,$0,$42,$5,$0,$0,$8,$13,$55,$24,$9,$6,$17,$41,$1954,$-1936,$-8,$15,$55,$-57,$1,$15,$15,$-0,$0,$1,$-1,$3,$-38,$-0,$0,$0,$0,$0,$0,$0,$-0,$-0,$0,$-0,$0,$0,$0,$-0,$-0,$-38,$13,$0
18,2014-03-31,34.0,$2.45,13.89,$3.04,11.18,$-11.97,0.0,$-4.90,0.0,$0.06B,$0.02B,3.31,$0.01B,$0.04B,0.3,$0.03B,$0.03B,100.00%,$0.03B,$-0.05B,-150.00%,$0.03B,$-0.05B,-150.00%,$0.03B,$-0.05B,-141.18%,$0.03B,$-0.05B,-155.88%,$0.03B,$-0.06B,-173.53%,$-0.06B,$0.04B,-196.67%,$-0.06B,$0.04B,-196.67%,$-0.06B,$0.07B,-89.73%,$-0.05B,$0.05B,-130.77%,$1,$0,$1,$12,$17,$29,$-28,$-2,$-29,$0,$-29,$-29,$-29,$-27,$-28,$14,14,$-2.00,$-2.00,$51,$5,$0,$60,$5,$0,$0,$8,$13,$73,$18,$11,$6,$18,$37,$1943,$-1909,$-8,$37,$73,$-29,$0,$9,$10,$-0,$0,$-0,$-1,$-1,$-21,$-0,$0,$0,$0,$0,$0,$0,$-0,$0,$0,$0,$0,$0,$0,$-0,$-0,$-21,$8,$0
19,2013-12-31,19.1,$3.86,4.94,$3.05,6.27,$-12.04,0.0,$-4.70,0.0,$0.08B,$0.02B,4.01,$0.01B,$0.06B,0.18,$0.03B,$0.03B,100.00%,$0.03B,$-0.04B,-123.53%,$0.03B,$-0.04B,-123.53%,$0.03B,$-0.04B,-114.71%,$0.03B,$-0.04B,-129.41%,$0.03B,$-0.05B,-144.12%,$-0.05B,$0.06B,-173.45%,$-0.05B,$0.06B,-173.45%,$-0.05B,$0.09B,-76.86%,$-0.04B,$0.07B,-115.07%,$33,$0,$33,$10,$13,$23,$10,$-0,$10,$0,$10,$10,$10,$11,$10,$11,11,$1.20,$1.20,$72,$5,$0,$81,$5,$0,$0,$8,$13,$94,$20,$10,$6,$17,$38,$1933,$-1880,$-8,$56,$94,$-44,$2,$10,$12,$-0,$-3,$-6,$6,$-4,$-36,$-2,$0,$0,$0,$0,$0,$0,$-2,$15,$0,$15,$0,$45,$0,$-0,$59,$21,$9,$0
20,2013-09-30,16.21,$1.07,15.2,$0.17,97.33,$-20.07,0.0,$-7.50,0.0,$0.03B,$0.02B,1.64,$0.01B,$0.01B,0.52,$0.00B,$0.00B,100.00%,$0.00B,$-0.07B,-7100.00%,$0.00B,$-0.07B,-7100.00%,$0.00B,$-0.07B,-6800.00%,$0.00B,$-0.07B,-7300.00%,$0.00B,$-0.08B,-7800.00%,$-0.08B,$0.01B,-302.91%,$-0.08B,$0.01B,-302.91%,$-0.08B,$0.05B,-132.77%,$-0.07B,$0.02B,-225.40%,$0,$0,$0,$7,$9,$16,$-15,$-0,$-16,$0,$-16,$-16,$-22,$-15,$-15,$11,11,$-2.00,$-2.00,$27,$4,$0,$34,$6,$0,$0,$8,$13,$47,$21,$7,$6,$13,$33,$1901,$-1890,$-8,$14,$47,$-54,$1,$7,$8,$-1,$-2,$-1,$5,$-1,$-46,$-1,$0,$0,$0,$0,$0,$0,$-1,$10,$0,$10,$0,$15,$0,$-0,$24,$-23,$6,$0
21,2013-06-30,10.5,$1.14,9.2,$0.13,78.39,$-24.81,0.0,$-9.30,0.0,$0.04B,$0.02B,1.58,$0.01B,$0.01B,0.59,$0.00B,$0.00B,100.00%,$0.00B,$-0.07B,-7100.00%,$0.00B,$-0.07B,-7100.00%,$0.00B,$-0.07B,-6700.00%,$0.00B,$-0.07B,-7200.00%,$0.00B,$-0.08B,-7600.00%,$-0.08B,$0.01B,-326.88%,$-0.08B,$0.01B,-326.88%,$-0.08B,$0.05B,-135.71%,$-0.07B,$0.02B,-249.12%,$0,$0,$0,$8,$10,$18,$-18,$-0,$-18,$0,$-18,$-18,$-18,$-17,$-18,$11,11,$-1.70,$-1.70,$29,$3,$0,$36,$6,$0,$0,$7,$14,$49,$23,$8,$6,$14,$36,$1877,$-1867,$-8,$13,$49,$-38,$1,$5,$6,$-1,$-2,$0,$5,$2,$-31,$-1,$0,$0,$0,$0,$0,$0,$-1,$10,$0,$10,$0,$0,$0,$-0,$9,$-22,$4,$0
22,2013-03-31,11.5,$2.62,4.38,$0.11,108.97,$-29.90,0.0,$-21.60,0.0,$0.05B,$0.02B,2.39,$0.01B,$0.03B,0.27,$0.00B,$0.00B,100.00%,$0.00B,$-0.10B,-10200.00%,$0.00B,$-0.10B,-10200.00%,$0.00B,$-0.10B,-9900.00%,$0.00B,$-0.10B,-10400.00%,$0.00B,$-0.12B,-11700.00%,$-0.12B,$0.03B,-592.41%,$-0.12B,$0.03B,-592.41%,$-0.12B,$0.07B,-219.72%,$-0.10B,$0.04B,-416.33%,$1,$0,$1,$8,$11,$20,$-19,$-1,$-20,$0,$-20,$-20,$-19,$-18,$-19,$11,11,$-1.80,$-1.80,$44,$2,$0,$52,$7,$0,$0,$7,$14,$65,$22,$8,$6,$14,$36,$1875,$-1849,$-8,$30,$65,$-20,$0,$3,$3,$-1,$-1,$-0,$4,$1,$-15,$-1,$0,$0,$0,$0,$0,$0,$-1,$10,$0,$10,$0,$0,$0,$-0,$10,$-6,$2,$0
23,2012-12-31,13.0,$4.23,3.08,0,0.0,$-33.08,0.0,$-24.30,0.0,$0.06B,$0.02B,2.66,$0.00B,$0.05B,0.0,$0.00B,0,nan%,$0.00B,$-0.10B,inf%,$0.00B,$-0.10B,inf%,$0.00B,$-0.10B,inf%,$0.00B,$-0.10B,inf%,$0.00B,$-0.12B,inf%,$-0.12B,$0.05B,-613.33%,$-0.12B,$0.05B,-613.33%,$-0.12B,$0.07B,-239.58%,$-0.10B,$0.05B,-453.93%,$0,$0,$0,$9,$9,$19,$-19,$0,$-19,$0,$-19,$-19,$-19,$-18,$-19,$6,6,$2.10,$2.10,$50,$2,$0,$60,$7,$0,$0,$7,$13,$74,$23,$0,$5,$5,$27,$1873,$-1830,$-8,$46,$74,$-102,$2,$34,$36,$0,$-2,$3,$2,$3,$-63,$-3,$0,$-18,$0,$0,$0,$0,$-21,$0,$0,$0,$0,$88,$0,$-0,$87,$3,$8,$0
24,2012-09-30,24.2,$0.57,42.26,0,0.0,$-40.18,0.0,$-26.80,0.0,$0.02B,$0.03B,0.74,$0.01B,$0.00B,1.62,$0.00B,0,nan%,$0.00B,$-0.09B,inf%,$0.00B,$-0.09B,inf%,$0.00B,$-0.09B,inf%,$0.00B,$-0.09B,inf%,$0.00B,$-0.11B,inf%,$-0.11B,$0.00B,-651.43%,$-0.11B,$0.00B,-651.43%,$-0.11B,$0.04B,-253.33%,$-0.09B,$0.01B,-422.99%,$0,$0,$0,$7,$8,$15,$-15,$-0,$-15,$0,$-15,$-15,$-20,$-14,$-15,$5,5,$-3.80,$-3.80,$14,$0,$0,$20,$8,$0,$0,$9,$16,$36,$27,$6,$0,$6,$33,$1810,$-1811,$-8,$4,$36,$-83,$2,$33,$35,$0,$-1,$2,$3,$3,$-46,$-2,$0,$-18,$0,$0,$0,$0,$-20,$0,$0,$0,$0,$33,$0,$-0,$33,$-33,$6,$0
25,2012-06-30,29.0,$-0.29,-101.68,0,0.0,$-46.50,0.0,$-31.00,0.0,$0.02B,$0.03B,0.65,$0.01B,$-0.00B,-4.33,$0.00B,0,nan%,$0.00B,$-0.09B,inf%,$0.00B,$-0.09B,inf%,$0.00B,$-0.09B,inf%,$0.00B,$-0.09B,inf%,$0.00B,$-0.12B,inf%,$-0.12B,$-0.00B,-522.11%,$-0.12B,$-0.00B,-522.11%,$-0.12B,$0.04B,-239.61%,$-0.09B,$0.01B,-334.55%,$0,$0,$0,$9,$11,$49,$-49,$-1,$-50,$0,$-50,$-50,$-59,$-49,$-49,$4,4,$-13.80,$-13.80,$15,$0,$0,$22,$8,$0,$0,$8,$17,$38,$33,$6,$0,$6,$40,$1785,$-1791,$-8,$-1,$38,$-68,$1,$33,$34,$0,$0,$3,$0,$1,$-33,$-1,$0,$-17,$0,$0,$0,$0,$-18,$0,$0,$0,$0,$19,$0,$-0,$19,$-32,$5,$0
26,2012-03-31,65.75,$5.66,11.62,0,0.0,$-50.50,0.0,$-24.00,0.0,$0.03B,$0.02B,2.13,$0.00B,$0.03B,0.14,$0.00B,0,nan%,$0.00B,$-0.06B,inf%,$0.00B,$-0.06B,inf%,$0.00B,$-0.06B,inf%,$0.00B,$-0.06B,inf%,$0.00B,$-0.09B,inf%,$-0.09B,$0.03B,-314.29%,$-0.09B,$0.03B,-314.29%,$-0.09B,$0.04B,-155.75%,$-0.06B,$0.03B,-192.00%,$0,$0,$0,$8,$10,$18,$-18,$1,$-18,$0,$-18,$-18,$-17,$-18,$-18,$4,4,$-4.30,$-4.30,$27,$0,$0,$32,$4,$0,$0,$8,$12,$44,$15,$4,$0,$4,$19,$1753,$-1732,$-8,$26,$44,$-18,$1,$2,$3,$0,$0,$-0,$-1,$-4,$-19,$-0,$0,$0,$0,$0,$0,$0,$-0,$0,$0,$0,$0,$0,$0,$-0,$-0,$-20,$2,$0
27,2011-12-31,58.0,$10.21,5.68,0,0.0,$-54.30,0.0,$-37.50,0.0,$0.05B,$0.02B,2.87,$0.00B,$0.04B,0.09,$0.00B,0,nan%,$0.00B,$-0.06B,inf%,$0.00B,$-0.06B,inf%,$0.00B,$-0.06B,inf%,$0.00B,$-0.06B,inf%,$0.00B,$-0.12B,inf%,$-0.12B,$0.04B,-469.23%,$-0.12B,$0.04B,-469.23%,$-0.12B,$0.06B,-200.82%,$-0.06B,$0.04B,-210.17%,$0,$0,$0,$8,$13,$10,$-10,$1,$-9,$0,$-9,$-9,$-18,$-9,$-10,$3,3,$-2.80,$-2.80,$47,$0,$0,$51,$4,$0,$0,$8,$11,$62,$18,$3,$0,$3,$21,$1745,$-1715,$-8,$41,$62,$-63,$2,$4,$6,$0,$0,$-0,$-3,$-4,$-60,$-3,$0,$0,$0,$0,$0,$0,$-3,$-21,$0,$-21,$0,$109,$0,$-0,$87,$24,$5,$0
28,2011-09-30,53.0,$7.51,7.06,0,0.0,$-64.40,0.0,$-44.99,0.0,$0.05B,$0.03B,1.62,$0.00B,$0.03B,0.11,$0.00B,0,nan%,$0.00B,$-0.07B,inf%,$0.00B,$-0.07B,inf%,$0.00B,$-0.07B,inf%,$0.00B,$-0.07B,inf%,$0.00B,$-0.14B,inf%,$-0.14B,$0.03B,-777.46%,$-0.14B,$0.03B,-1022.22%,$-0.14B,$0.06B,-234.89%,$-0.07B,$0.03B,-326.44%,$0,$0,$0,$8,$8,$15,$-15,$-1,$-17,$0,$-17,$-17,$-30,$-15,$-15,$4,4,$-8.00,$-8.00,$45,$0,$0,$50,$4,$0,$0,$9,$13,$63,$31,$3,$0,$3,$34,$1721,$-1697,$-8,$29,$63,$-53,$2,$2,$4,$0,$0,$-0,$-4,$-5,$-55,$-2,$0,$0,$0,$0,$0,$0,$-2,$-10,$0,$-10,$0,$90,$0,$-0,$79,$23,$2,$0
29,2011-06-30,78.75,$4.67,16.87,0,0.0,$-70.78,0.0,$-42.99,0.0,$0.04B,$0.04B,1.16,$0.00B,$0.02B,0.21,$0.00B,0,nan%,$0.00B,$-0.07B,inf%,$0.00B,$-0.07B,inf%,$0.00B,$-0.07B,inf%,$0.00B,$-0.07B,inf%,$0.00B,$-0.12B,inf%,$-0.12B,$0.02B,-992.00%,$-0.12B,$0.02B,-3100.00%,$-0.12B,$0.06B,-226.48%,$-0.07B,$0.02B,-363.16%,$0,$0,$0,$8,$9,$17,$-17,$-0,$-17,$0,$-17,$-17,$-23,$-16,$-17,$3,3,$-7.00,$-7.00,$39,$0,$0,$43,$5,$0,$0,$9,$14,$57,$37,$3,$0,$3,$40,$1680,$-1667,$-9,$16,$57,$-37,$1,$2,$3,$0,$0,$0,$-3,$-5,$-39,$-1,$0,$0,$0,$0,$0,$0,$-1,$-10,$0,$-10,$0,$62,$0,$6,$57,$16,$2,$0
30,2011-03-31,111.6,$5.32,20.98,$0.13,828.56,$-76.90,0.0,$-59.99,0.0,$0.05B,$0.04B,1.22,$0.00B,$0.02B,0.23,$0.00B,0,nan%,$0.00B,$-0.07B,inf%,$0.00B,$-0.07B,inf%,$0.00B,$-0.07B,inf%,$0.00B,$-0.08B,inf%,$0.00B,$-0.16B,inf%,$-0.16B,$0.02B,-1215.69%,$-0.16B,$0.02B,inf%,$-0.16B,$0.06B,-241.25%,$-0.07B,$0.02B,-334.88%,$0,$0,$0,$11,$9,$20,$-20,$0,$-20,$0,$-20,$-20,$-51,$-20,$-20,$3,3,$-17.50,$-17.50,$44,$0,$0,$48,$4,$0,$0,$9,$13,$61,$39,$4,$0,$4,$43,$1658,$-1645,$-9,$18,$61,$-20,$0,$1,$1,$0,$0,$-1,$-2,$-6,$-25,$-0,$0,$0,$0,$0,$0,$0,$-0,$0,$0,$0,$0,$47,$0,$-0,$47,$21,$1,$0
31,2010-12-31,109.5,$3.07,35.72,$0.14,756.71,$-80.55,0.0,$-62.99,0.0,$0.03B,$0.04B,0.66,$0.00B,$0.01B,0.51,$0.00B,0,nan%,$0.00B,$-0.08B,inf%,$0.00B,$-0.08B,inf%,$0.00B,$-0.08B,inf%,$0.00B,$-0.08B,inf%,$0.00B,$-0.15B,inf%,$-0.15B,$0.01B,-2573.91%,$-0.15B,$-0.01B,1315.56%,$-0.15B,$0.05B,-217.65%,$-0.08B,$0.01B,-400.00%,$0,$0,$0,$8,$12,$19,$-19,$-0,$-20,$0,$-20,$-20,$-34,$-19,$-19,$2,2,$-13.20,$-13.20,$23,$0,$0,$27,$3,$0,$17,$6,$27,$54,$41,$4,$0,$4,$45,$1580,$-1577,$-8,$8,$54,$-83,$2,$23,$25,$0,$0,$-1,$0,$-5,$-63,$-2,$0,$0,$-0,$0,$-0,$0,$-2,$-39,$0,$-39,$0,$89,$0,$-1,$50,$-15,$17,$0
32,2010-09-30,116.1,$3.06,37.91,$0.16,735.76,$-110.15,0.0,$-65.99,0.0,$0.02B,$0.03B,0.78,$0.01B,$0.01B,1.68,$0.00B,0,nan%,$0.00B,$-0.09B,inf%,$0.00B,$-0.09B,inf%,$0.00B,$-0.09B,inf%,$0.00B,$-0.09B,inf%,$0.00B,$-0.14B,inf%,$-0.14B,$0.01B,18800.00%,$-0.14B,$-0.01B,794.37%,$-0.14B,$0.05B,-195.83%,$-0.09B,$0.02B,-508.57%,$0,$0,$0,$5,$8,$13,$-13,$1,$-13,$0,$-13,$-13,$-16,$-13,$-13,$2,2,$-6.50,$-6.50,$17,$0,$0,$20,$3,$0,$17,$6,$27,$47,$26,$13,$0,$13,$39,$1545,$-1543,$-8,$8,$47,$-63,$1,$19,$20,$0,$0,$-3,$0,$-7,$-50,$-1,$0,$0,$0,$0,$0,$0,$-1,$-39,$0,$-39,$0,$70,$0,$-1,$31,$-21,$16,$0
33,2010-06-30,112.53,$7.09,15.87,$0.17,665.17,$-128.82,0.0,$-86.98,0.0,$0.07B,$0.07B,1.05,$0.01B,$0.02B,0.77,$0.00B,0,nan%,$0.00B,$-0.10B,inf%,$0.00B,$-0.10B,inf%,$0.00B,$-0.10B,inf%,$0.00B,$-0.11B,inf%,$0.00B,$-0.17B,inf%,$-0.17B,$0.02B,3314.29%,$-0.17B,$0.00B,782.02%,$-0.17B,$0.10B,-212.20%,$-0.10B,$0.03B,-653.97%,$0,$0,$0,$7,$13,$20,$-20,$-4,$-24,$0,$-24,$-24,$-54,$-19,$-20,$2,2,$-24.00,$-24.00,$65,$0,$0,$68,$4,$0,$17,$6,$27,$95,$65,$13,$0,$13,$78,$1540,$-1527,$-8,$17,$95,$-50,$1,$18,$18,$0,$0,$-3,$-0,$-7,$-39,$-1,$0,$0,$0,$0,$0,$0,$-1,$0,$0,$0,$0,$66,$0,$-1,$66,$27,$15,$0
34,2010-03-31,162.21,$-4.73,-34.27,$0.05,3384.4,$-144.93,0.0,$-80.98,0.0,$0.05B,$0.06B,0.76,$0.02B,$-0.01B,-2.42,$0.00B,0,nan%,$0.00B,$-0.10B,inf%,$0.00B,$-0.10B,inf%,$0.00B,$-0.10B,inf%,$0.00B,$-0.11B,inf%,$0.00B,$-0.15B,inf%,$-0.15B,$-0.01B,625.53%,$-0.15B,$-0.03B,362.96%,$-0.15B,$0.08B,-213.04%,$-0.10B,$0.01B,-878.26%,$0,$0,$0,$7,$18,$26,$-26,$-1,$-27,$0,$-27,$-27,$-44,$-25,$-26,$2,2,$-21.00,$-21.00,$42,$0,$0,$47,$4,$0,$17,$8,$29,$76,$61,$24,$0,$24,$85,$1471,$-1473,$-8,$-10,$76,$-27,$0,$8,$8,$0,$0,$-0,$-2,$-5,$-23,$-1,$0,$0,$0,$0,$0,$0,$-1,$0,$0,$0,$0,$28,$0,$-1,$28,$4,$8,$0
35,2009-12-31,342.0,$-9.22,-37.1,$0.06,5804.05,$-152.95,0.0,$-77.98,0.0,$0.04B,$0.06B,0.66,$0.02B,$-0.02B,-1.3,$0.00B,0,nan%,$0.00B,$-0.09B,inf%,$0.00B,$-0.09B,inf%,$0.00B,$-0.09B,inf%,$0.00B,$-0.10B,inf%,$0.00B,$-0.12B,inf%,$-0.12B,$-0.02B,233.17%,$-0.12B,$-0.04B,173.78%,$-0.12B,$0.07B,-190.95%,$-0.09B,$0.01B,-905.26%,$0,$0,$0,$7,$19,$30,$-30,$3,$-27,$0,$-27,$-27,$-27,$-30,$-30,$2,2,$-16.51,$-16.51,$38,$0,$0,$42,$3,$0,$17,$7,$27,$70,$64,$24,$0,$24,$88,$1419,$-1429,$-8,$-18,$70,$-95,$2,$12,$14,$1,$0,$-1,$4,$-7,$-88,$-1,$0,$7,$1,$15,$16,$0,$22,$-10,$0,$-10,$67,$114,$-3,$-7,$95,$28,$25,$0
36,2009-09-30,369.0,$-5.07,-72.76,$26.42,13.97,$-945.10,0.0,$-218.96,0.0,$0.06B,$0.07B,0.82,$0.02B,$-0.01B,-2.49,$0.00B,$0.00B,66.67%,$0.00B,$-0.08B,-2633.33%,$0.00B,$-0.08B,-2633.33%,$0.00B,$-0.08B,-2600.00%,$0.00B,$-0.11B,-3533.33%,$0.00B,$-0.13B,-4333.33%,$-0.13B,$-0.01B,170.49%,$-0.13B,$-0.03B,139.41%,$-0.13B,$0.09B,-219.41%,$-0.08B,$0.01B,-574.55%,$0,$0,$0,$8,$20,$27,$-27,$-8,$-35,$0,$-35,$-35,$-49,$-27,$-27,$2,2,$-27.00,$-27.00,$55,$0,$0,$59,$3,$0,$17,$8,$28,$87,$73,$24,$0,$24,$97,$1399,$-1402,$-9,$-10,$87,$-68,$1,$-5,$-4,$1,$0,$-4,$5,$1,$-71,$-0,$0,$0,$1,$22,$23,$0,$22,$-10,$0,$-10,$63,$111,$-3,$-3,$94,$45,$13,$0
37,2009-06-30,516.0,$-33.15,-15.56,$72.76,7.09,$-2088.16,0.0,$-1040.79,0.0,$0.02B,$0.03B,0.49,$0.07B,$-0.06B,-1.24,$0.01B,$0.00B,66.67%,$0.01B,$-0.08B,-1350.00%,$0.01B,$-0.08B,-1350.00%,$0.01B,$-0.08B,-1316.67%,$0.01B,$-0.12B,-1950.00%,$0.01B,$-0.13B,-2150.00%,$-0.13B,$-0.06B,122.86%,$-0.13B,$-0.07B,102.58%,$-0.13B,$0.04B,-211.48%,$-0.08B,$0.01B,-341.05%,$0,$0,$0,$7,$11,$18,$-18,$0,$-18,$0,$-18,$-18,$-27,$-18,$-18,$1,1,$-18.00,$-18.00,$12,$0,$0,$15,$4,$0,$17,$8,$28,$43,$30,$69,$0,$69,$99,$1304,$-1353,$-8,$-56,$43,$-33,$1,$-16,$-15,$1,$0,$1,$6,$-2,$-51,$-0,$0,$1,$0,$22,$22,$0,$22,$-8,$0,$-8,$23,$42,$-3,$-0,$31,$2,$2,$0
38,2009-03-31,114.0,$-104.85,-1.09,$148.40,0.77,$-3326.28,0.0,$-2582.48,0.0,$0.01B,$0.04B,0.38,$0.12B,$-0.12B,-1.01,$0.01B,$0.01B,66.67%,$0.01B,$-0.12B,-1322.22%,$0.01B,$-0.12B,-1322.22%,$0.01B,$-0.12B,-1288.89%,$0.01B,$-0.16B,-1744.44%,$0.01B,$-0.16B,-1788.89%,$-0.16B,$-0.12B,131.97%,$-0.16B,$-0.13B,109.71%,$-0.16B,$0.04B,-216.11%,$-0.12B,$0.01B,-371.88%,$0,$0,$0,$8,$9,$11,$-11,$-4,$-15,$0,$-15,$-15,$-13,$-11,$-11,$1,1,$-15.00,$-15.00,$1,$0,$0,$14,$4,$0,$17,$8,$29,$43,$37,$121,$0,$121,$158,$1214,$-1325,$-8,$-115,$43,$-15,$1,$-9,$-9,$1,$0,$7,$5,$5,$-19,$0,$0,$0,$1,$13,$13,$0,$13,$0,$0,$0,$0,$0,$-3,$-0,$-3,$-9,$1,$0
39,2008-12-31,42.0,$-198.97,-0.21,$291.58,0.14,$-4336.88,0.0,$-4874.03,0.0,$0.03B,$0.04B,0.67,$0.15B,$-0.13B,-1.1,$0.01B,$0.01B,75.00%,$0.01B,$-0.14B,-1200.00%,$0.01B,$-0.14B,-1200.00%,$0.01B,$-0.14B,-1158.33%,$0.01B,$-0.18B,-1500.00%,$0.01B,$-0.20B,-1691.67%,$-0.20B,$-0.12B,166.74%,$-0.20B,$-0.14B,134.88%,$-0.20B,$0.06B,-243.11%,$-0.14B,$0.02B,-378.95%,$3,$1,$2,$9,$11,$25,$-23,$-15,$-38,$0,$-38,$-38,$-41,$-22,$-23,$0,0,$2606.48,$2606.48,$17,$0,$0,$28,$4,$6,$17,$9,$36,$64,$42,$145,$0,$146,$188,$1188,$-1312,$-8,$-124,$64,$-180,$5,$16,$22,$-1,$0,$3,$75,$78,$-80,$-2,$0,$6,$2,$-2,$0,$0,$4,$174,$0,$174,$5,$5,$-19,$-87,$74,$-6,$4,$0
40,2008-09-30,219.0,$-1427.70,-0.15,$269.64,0.81,$-10464.98,0.0,$-6937.61,0.0,$0.05B,$0.04B,1.19,$0.18B,$-0.13B,-1.34,$0.01B,$0.01B,77.78%,$0.01B,$-0.16B,-1766.67%,$0.01B,$-0.16B,-1766.67%,$0.01B,$-0.15B,-1711.11%,$0.01B,$-0.18B,-2000.00%,$0.01B,$-0.20B,-2233.33%,$-0.20B,$-0.13B,170.70%,$-0.20B,$-0.16B,133.55%,$-0.20B,$0.09B,-233.72%,$-0.16B,$0.05B,-424.00%,$3,$1,$2,$11,$8,$32,$-29,$-17,$-46,$0,$-46,$-46,$-48,$-28,$-29,$0,0,$-848.83,$-848.83,$41,$0,$0,$47,$4,$0,$32,$10,$46,$94,$40,$179,$0,$179,$219,$1143,$-1271,$-5,$-125,$94,$-142,$4,$15,$19,$-2,$-0,$5,$55,$57,$-65,$-1,$0,$-1,$1,$0,$1,$0,$-0,$165,$0,$165,$5,$5,$-19,$-91,$61,$-5,$3,$0
41,2008-06-30,1440.0,$-2667.40,-0.54,$224.54,6.41,$-14635.27,0.0,$-9358.13,0.0,$0.05B,$0.05B,0.94,$0.17B,$-0.13B,-1.27,$0.01B,$0.01B,83.33%,$0.01B,$-0.18B,-2983.33%,$0.01B,$-0.18B,-2983.33%,$0.01B,$-0.17B,-2900.00%,$0.01B,$-0.18B,-3050.00%,$0.01B,$-0.21B,-3433.33%,$-0.21B,$-0.12B,186.43%,$-0.21B,$-0.16B,147.41%,$-0.21B,$0.10B,-245.97%,$-0.18B,$0.05B,-730.61%,$3,$1,$2,$16,$12,$59,$-56,$-2,$-58,$0,$-58,$-58,$-59,$-55,$-56,$0,0,$-1553.69,$-1553.69,$39,$1,$0,$47,$5,$0,$32,$12,$50,$97,$50,$171,$0,$171,$221,$1090,$-1223,$-1,$-124,$97,$-96,$3,$5,$8,$-2,$-0,$6,$33,$40,$-48,$-1,$0,$-1,$-5,$0,$-5,$0,$-6,$117,$0,$117,$1,$1,$-17,$-60,$41,$-11,$2,$0
42,2008-03-31,1980.0,$-3619.43,-0.55,$150.29,13.17,$-17797.05,0.0,$-9748.05,0.0,$0.03B,$0.05B,0.58,$0.15B,$-0.12B,-1.16,$0.00B,$0.00B,100.00%,$0.00B,$-0.15B,-4966.67%,$0.00B,$-0.15B,-4966.67%,$0.00B,$-0.14B,-4800.00%,$0.00B,$-0.15B,-5033.33%,$0.00B,$-0.18B,-5833.33%,$-0.18B,$-0.11B,173.70%,$-0.18B,$-0.15B,138.61%,$-0.18B,$0.08B,-213.41%,$-0.15B,$0.03B,-916.92%,$3,$1,$3,$16,$11,$39,$-36,$-2,$-38,$0,$-38,$-38,$-55,$-34,$-36,$0,0,$-2303.54,$-2303.54,$21,$0,$0,$28,$5,$0,$33,$13,$51,$79,$48,$145,$0,$145,$193,$1041,$-1164,$-1,$-114,$79,$-38,$2,$2,$4,$-2,$-0,$1,$8,$10,$-24,$-0,$0,$-0,$1,$0,$1,$0,$0,$49,$0,$49,$1,$1,$-16,$-15,$19,$-2,$1,$0
43,2007-12-31,5640.0,$-5182.61,-1.09,$8.69,649.19,$-18675.18,0.0,$-9718.06,0.0,$0.02B,$0.05B,0.42,$0.13B,$-0.13B,-0.95,$0.00B,0,nan%,$0.00B,$-0.14B,inf%,$0.00B,$-0.14B,inf%,$0.00B,$-0.13B,inf%,$0.00B,$-0.14B,inf%,$0.00B,$-0.15B,inf%,$-0.15B,$-0.11B,152.82%,$-0.15B,$-0.14B,124.69%,$-0.15B,$0.07B,-173.76%,$-0.14B,$0.02B,-576.84%,$0,$0,$0,$22,$11,$39,$-38,$1,$-38,$0,$-38,$-38,$-39,$-37,$-38,$0,0,$-2321.54,$-2321.54,$18,$0,$0,$23,$6,$0,$33,$12,$51,$74,$54,$127,$0,$128,$181,$979,$-1109,$-4,$-108,$74,$-138,$5,$27,$32,$-0,$-0,$4,$3,$2,$-104,$-2,$0,$-12,$34,$0,$34,$1,$21,$-0,$0,$-0,$7,$85,$-0,$0,$85,$-1,$2,$0
44,2007-09-30,11010.0,$-5604.36,-1.96,$6.38,1726.15,$-24156.14,0.0,$-10497.90,0.0,$0.05B,$0.08B,0.59,$0.10B,$-0.12B,-0.82,$0.00B,0,nan%,$0.00B,$-0.14B,inf%,$0.00B,$-0.14B,inf%,$0.00B,$-0.13B,inf%,$0.00B,$-0.14B,inf%,$0.00B,$-0.15B,inf%,$-0.15B,$-0.10B,152.08%,$-0.15B,$-0.11B,127.79%,$-0.15B,$0.09B,-157.41%,$-0.14B,$0.00B,-380.28%,$0,$0,$0,$19,$9,$49,$-49,$1,$-49,$0,$-49,$-48,$-53,$-48,$-49,$0,0,$-3272.35,$-3272.35,$38,$0,$0,$48,$6,$0,$18,$12,$37,$85,$82,$98,$0,$99,$181,$954,$-1070,$-3,$-96,$85,$-101,$4,$22,$26,$0,$0,$-1,$-3,$-10,$-85,$-1,$0,$1,$11,$0,$11,$0,$10,$-0,$0,$-0,$0,$72,$-0,$0,$72,$-5,$1,$0
45,2007-06-30,9150.0,$-5884.24,-1.56,$7.29,1255.72,$-28702.25,0.0,$-10227.95,0.0,$0.05B,$0.08B,0.72,$0.10B,$-0.10B,-0.96,$0.00B,0,nan%,$0.00B,$-0.11B,inf%,$0.00B,$-0.11B,inf%,$0.00B,$-0.10B,inf%,$0.00B,$-0.12B,inf%,$0.00B,$-0.12B,inf%,$-0.12B,$-0.09B,129.76%,$-0.12B,$-0.10B,108.28%,$-0.12B,$0.09B,-118.92%,$-0.11B,$0.01B,-192.14%,$0,$0,$0,$17,$8,$26,$-26,$-0,$-26,$0,$-26,$-26,$-28,$-25,$-26,$0,0,$-1949.61,$-1949.61,$43,$0,$0,$54,$6,$0,$18,$10,$35,$90,$76,$98,$0,$99,$175,$917,$-1018,$-2,$-85,$90,$-52,$3,$0,$3,$0,$0,$0,$-2,$-13,$-62,$-1,$0,$0,$1,$0,$1,$0,$1,$-0,$0,$-0,$0,$54,$-0,$0,$53,$-9,$1,$0
46,2007-03-31,18960.0,$-7757.23,-2.44,$8.18,2318.69,$-32709.28,0.0,$-10677.86,0.0,$0.06B,$0.03B,1.72,$0.16B,$-0.11B,-1.51,$0.00B,0,nan%,$0.00B,$-0.11B,inf%,$0.00B,$-0.11B,inf%,$0.00B,$-0.10B,inf%,$0.00B,$-0.11B,inf%,$0.00B,$-0.11B,inf%,$-0.11B,$-0.10B,115.90%,$-0.11B,$-0.12B,97.20%,$-0.11B,$0.09B,-108.13%,$-0.11B,$0.06B,-145.95%,$0,$0,$0,$15,$8,$24,$-24,$-3,$-26,$0,$-26,$-26,$-29,$-22,$-24,$0,0,$-2279.54,$-2279.54,$48,$0,$0,$58,$7,$0,$19,$11,$36,$94,$34,$161,$0,$162,$195,$884,$-990,$-1,$-101,$94,$-26,$1,$-0,$1,$-0,$0,$0,$-0,$1,$-24,$-0,$0,$0,$-1,$0,$-1,$0,$-1,$-0,$0,$-0,$0,$19,$0,$0,$19,$-6,$0,$0
47,2006-12-31,20880.0,$-8372.97,-2.49,$9.24,2258.83,$-36614.69,0.0,$-15476.90,0.0,$0.07B,$0.03B,1.88,$0.17B,$-0.10B,-1.66,$0.00B,0,nan%,$0.00B,$-0.11B,inf%,$0.00B,$-0.11B,inf%,$0.00B,$-0.10B,inf%,$0.00B,$-0.14B,inf%,$0.00B,$-0.14B,inf%,$-0.14B,$-0.10B,140.21%,$-0.14B,$-0.12B,117.49%,$-0.14B,$0.10B,-127.40%,$-0.11B,$0.07B,-142.39%,$0,$0,$0,$17,$8,$36,$-36,$0,$-36,$0,$-36,$-36,$-36,$-34,$-36,$0,0,$-2246.55,$-2246.55,$54,$0,$0,$65,$8,$0,$19,$11,$37,$102,$34,$169,$0,$169,$203,$861,$-961,$-1,$-102,$102,$-136,$6,$1,$8,$0,$0,$-3,$3,$11,$-117,$0,$0,$0,$-18,$0,$-18,$0,$-18,$28,$0,$28,$50,$50,$0,$25,$103,$-33,$4,$0
