,Date,Stock Price,Book Value per Share,Price to Book Ratio,TTM Sales per Share,Price to Sales Ratio,TTM FCF per Share,Price to FCF Ratio,TTM Net EPS,PE Ratio,Current Assets,Current Liabilities,Current Ratio,Long Term Debt,Shareholder's Equity_x,Debt to Equity Ratio,TTM Revenue_x,TTM Gross Profit,Gross Margin,TTM Revenue_y,TTM Operating Income,Operating Margin,TTM Revenue_x,TTM EBIT,EBIT Margin,TTM Revenue_y,TTM EBITDA,EBITDA Margin,TTM Revenue_x,TTM Pre-Tax Income,Pre-Tax Margin,TTM Revenue_y,TTM Net Income_x,Net Margin,TTM Net Income_y,Shareholder's Equity_y,Return on Equity,TTM Net Income_x,Tangible Equity,Return on Tangible Equity,TTM Net Income_y,Total Assets,Return on Assets,TTM Net Income,LT Investments & Debt,Return on Investment,revenue,cost-goods-sold,gross-profit,research-development-expenses,selling-general-administrative-expenses,operating-expenses,operating-income,total-non-operating-income-expense,pre-tax-income,total-provision-income-taxes,income-after-taxes,income-from-continuous-operations,net-income,ebitda,ebit,basic-shares-outstanding,shares-outstanding,eps-basic-net-earnings-per-share,eps-earnings-per-share-diluted,cash-on-hand,inventory,other-current-assets,total-current-assets,net-property-plant-equipment,long-term-investments,goodwill-intangible-assets-total,other-long-term-assets,total-long-term-assets,total-assets,total-current-liabilities,long-term-debt,other-non-current-liabilities,total-long-term-liabilities,total-liabilities,common-stock-net,retained-earnings-accumulated-deficit,comprehensive-income,total-share-holder-equity,total-liabilities-share-holders-equity,net-income-loss,total-depreciation-amortization-cash-flow,other-non-cash-items,total-non-cash-items,change-in-accounts-receivable,change-in-inventories,change-in-accounts-payable,change-in-assets-liabilities,total-change-in-assets-liabilities,cash-flow-from-operating-activities,net-change-in-property-plant-equipment,net-change-in-intangible-assets,net-acquisitions-divestitures,net-change-in-short-term-investments,net-change-in-long-term-investments,net-change-in-investments-total,investing-activities-other,cash-flow-from-investing-activities,net-long-term-debt,net-current-debt,debt-issuance-retirement-net-total,net-common-equity-issued-repurchased,net-total-equity-issued-repurchased,total-common-preferred-stock-dividends-paid,financial-activities-other,cash-flow-from-financial-activities,net-cash-flow,stock-based-compensation,common-stock-dividends-paid
0,2018-09-30,21.2,$21.10,1.0,$24.97,0.85,$8.89,2.39,$1.89,11.22,$4.11B,$5.29B,0.78,$35.75B,$22.80B,1.57,$22.99B,$12.29B,53.44%,$22.99B,$2.94B,12.77%,$22.99B,$2.94B,12.77%,$22.99B,$8.00B,34.80%,$22.99B,$0.86B,3.72%,$22.99B,$1.80B,7.81%,$1.80B,$22.80B,7.75%,$1.80B,$-19.13B,-9.28%,$1.80B,$73.37B,2.41%,$2.94B,$58.55B,4.90%,$5818,$2672,$3146,$0,$967,$4924,$894,$-565,$329,$57,$272,$272,$272,$2179,$894,$1067,1072,$0.25,$0.25,$393,$0,$1256,$4114,$26168,$0,$41936,$1153,$69257,$73371,$5286,$35749,$7031,$45282,$50568,$1081,$777,$-2454,$22803,$73371,$679,$3858,$186,$4044,$-8,$0,$-151,$282,$340,$5036,$-2135,$0,$0,$0,$0,$0,$-61,$-2196,$-1224,$0,$-1224,$0,$0,$-1735,$-48,$-3007,$-167,$144,$-1735
1,2018-06-30,18.64,$21.31,0.87,$26.99,0.69,$6.90,2.7,$1.81,10.3,$4.45B,$4.52B,0.99,$36.88B,$22.99B,1.6,$21.20B,$11.25B,53.04%,$21.20B,$2.53B,11.92%,$21.20B,$2.53B,11.92%,$21.20B,$7.22B,34.04%,$21.20B,$0.67B,3.14%,$21.20B,$1.62B,7.62%,$1.62B,$22.99B,7.80%,$1.62B,$-19.26B,-9.41%,$1.62B,$74.35B,2.35%,$2.53B,$59.87B,4.62%,$5902,$2730,$3172,$0,$1115,$5135,$767,$-530,$237,$-55,$292,$292,$292,$2057,$767,$1065,1069,$0.27,$0.27,$705,$0,$1275,$4451,$26494,$0,$42251,$1150,$69895,$74346,$4521,$36878,$7551,$46836,$51357,$1079,$1040,$-2490,$22989,$74346,$407,$2573,$411,$2984,$35,$0,$-173,$124,$-161,$3249,$-1451,$0,$0,$0,$0,$0,$-61,$-1512,$-398,$0,$-398,$0,$0,$-1156,$-36,$-1590,$145,$95,$-1156
2,2018-03-31,15.94,$21.73,0.73,$29.01,0.55,$5.55,2.87,$1.57,10.16,$4.18B,$4.77B,0.88,$36.94B,$23.44B,1.58,$19.39B,$10.27B,52.98%,$19.39B,$2.13B,10.97%,$19.39B,$2.13B,10.97%,$19.39B,$6.48B,33.40%,$19.39B,$0.47B,2.42%,$19.39B,$1.34B,6.92%,$1.34B,$23.44B,7.35%,$1.34B,$-19.26B,-8.95%,$1.34B,$74.79B,2.13%,$2.13B,$60.38B,4.32%,$5945,$2803,$3142,$0,$1109,$5195,$750,$-514,$236,$121,$115,$115,$115,$2033,$750,$1066,1069,$0.11,$0.11,$506,$0,$1245,$4183,$26826,$0,$42706,$1078,$70610,$74793,$4767,$36940,$7447,$46583,$51350,$1079,$1336,$-2288,$23443,$74793,$115,$1283,$189,$1472,$117,$0,$-14,$-117,$6,$1667,$-768,$0,$0,$0,$0,$0,$0,$-768,$-343,$0,$-343,$-25,$-25,$-580,$0,$-948,$-50,$41,$-580
3,2017-12-31,15.7,$21.97,0.71,$31.23,0.5,$5.30,2.96,$1.76,8.92,$4.19B,$4.86B,0.86,$37.28B,$23.49B,1.59,$17.66B,$9.45B,53.54%,$17.66B,$2.01B,11.38%,$17.66B,$2.01B,11.38%,$17.66B,$5.95B,33.72%,$17.66B,$0.54B,3.06%,$17.66B,$1.39B,7.87%,$1.39B,$23.49B,8.84%,$1.39B,$-19.76B,-10.86%,$1.39B,$75.61B,2.48%,$2.01B,$60.77B,4.78%,$5323,$2498,$2825,$0,$1104,$4799,$524,$-470,$54,$-1063,$1117,$1117,$1117,$1730,$524,$628,629,$1.71,$1.71,$556,$0,$1081,$4194,$26852,$0,$43248,$1317,$71417,$75611,$4857,$37283,$7567,$47263,$52120,$1069,$1103,$-1995,$23491,$75611,$1389,$3945,$-759,$3186,$31,$0,$-123,$-788,$-826,$3878,$-1577,$0,$-7294,$0,$0,$0,$0,$-8871,$6826,$0,$6826,$-17,$-17,$-1453,$2,$5358,$363,$111,$-1453
4,2017-09-30,17.12,$23.58,0.73,$30.69,0.56,$4.71,3.64,$0.58,29.52,$2.69B,$3.27B,0.83,$24.85B,$12.96B,1.92,$16.62B,$8.99B,54.07%,$16.62B,$1.89B,11.37%,$16.62B,$1.89B,11.37%,$16.62B,$5.59B,33.62%,$16.62B,$0.56B,3.37%,$16.62B,$0.31B,1.89%,$0.31B,$12.96B,2.38%,$0.31B,$-10.43B,-2.99%,$0.31B,$50.54B,0.64%,$1.89B,$37.81B,5.44%,$4034,$1927,$2107,$0,$710,$3547,$487,$-348,$139,$47,$92,$92,$92,$1397,$487,$542,542,$0.17,$0.17,$160,$0,$646,$2694,$17634,$0,$23391,$6817,$47842,$50536,$3266,$24854,$6328,$34310,$37576,$550,$34,$-1994,$12960,$50536,$272,$2739,$-135,$2604,$2,$0,$-93,$-275,$-263,$2700,$-2312,$0,$1467,$0,$0,$0,$-5,$-850,$4982,$0,$4982,$0,$0,$-881,$-11,$4090,$5940,$64,$-881
5,2017-06-30,21.05,$23.80,0.88,$31.35,0.67,$6.81,3.09,$0.69,30.51,$2.91B,$3.24B,0.9,$24.88B,$13.09B,1.9,$16.97B,$9.27B,54.61%,$16.97B,$2.00B,11.76%,$16.97B,$2.00B,11.76%,$16.97B,$5.78B,34.06%,$16.97B,$0.67B,3.95%,$16.97B,$0.37B,2.20%,$0.37B,$13.09B,2.79%,$0.37B,$-10.51B,-3.46%,$0.37B,$50.93B,0.78%,$2.00B,$37.97B,6.00%,$4090,$1890,$2200,$0,$884,$3723,$367,$-327,$40,$23,$17,$17,$17,$1316,$367,$541,542,$0.03,$0.03,$342,$0,$698,$2908,$17583,$0,$23596,$6838,$48017,$50925,$3243,$24881,$6485,$34596,$37839,$550,$-51,$-2050,$13086,$50925,$180,$1829,$69,$1898,$71,$0,$-112,$-398,$-410,$1742,$-1562,$0,$1473,$0,$0,$0,$-5,$-94,$5086,$0,$5086,$0,$0,$-590,$-11,$4485,$6133,$43,$-590
6,2017-03-31,20.36,$24.24,0.84,$31.95,0.64,$8.97,2.27,$1.02,19.96,$4.97B,$5.10B,0.98,$18.18B,$13.31B,1.37,$17.28B,$9.52B,55.08%,$17.28B,$2.28B,13.17%,$17.28B,$2.28B,13.17%,$17.28B,$6.10B,35.30%,$17.28B,$0.95B,5.48%,$17.28B,$0.55B,3.20%,$0.55B,$13.31B,4.05%,$0.55B,$-10.47B,-4.98%,$0.55B,$46.60B,1.18%,$2.28B,$31.49B,7.15%,$4209,$1888,$2321,$0,$810,$3578,$631,$-324,$307,$144,$163,$163,$163,$1511,$631,$540,542,$0.30,$0.30,$214,$0,$2900,$4968,$17016,$0,$23780,$838,$41634,$46602,$5096,$18180,$6559,$28200,$33296,$549,$110,$-2086,$13306,$46602,$163,$880,$6,$886,$116,$0,$-81,$-254,$-13,$1057,$-735,$0,$0,$0,$0,$0,$3,$-732,$-26,$0,$-26,$-11,$-11,$-296,$0,$-333,$-8,$21,$-296
7,2016-12-31,20.09,$24.52,0.82,$32.32,0.62,$9.89,2.03,$1.16,17.32,$5.16B,$5.35B,0.97,$18.19B,$13.40B,1.36,$17.47B,$9.70B,55.50%,$17.47B,$2.33B,13.35%,$17.47B,$2.33B,13.35%,$17.47B,$6.25B,35.78%,$17.47B,$1.02B,5.84%,$17.47B,$0.63B,3.58%,$0.63B,$13.40B,4.53%,$0.63B,$-10.58B,-5.45%,$0.63B,$47.02B,1.33%,$2.33B,$31.58B,7.21%,$4289,$1929,$2360,$0,$997,$3884,$405,$-331,$74,$32,$42,$42,$42,$1365,$405,$540,541,$0.08,$0.08,$222,$0,$2923,$5162,$17039,$0,$23978,$838,$41855,$47017,$5349,$18185,$6613,$28269,$33618,$547,$-1,$-2117,$13399,$47017,$626,$3918,$166,$4084,$-266,$0,$109,$74,$-126,$4608,$-2951,$0,$-39,$0,$0,$0,$-4,$-2994,$-341,$0,$-341,$-16,$-16,$-1167,$6,$-1518,$96,$80,$-1167
8,2016-09-30,22.67,$25.41,0.89,$32.45,0.7,$10.99,2.06,$1.70,13.33,$2.73B,$4.73B,0.58,$18.18B,$13.89B,1.31,$17.66B,$9.90B,56.05%,$17.66B,$2.65B,15.03%,$17.66B,$2.65B,15.03%,$17.66B,$6.66B,37.74%,$17.66B,$1.38B,7.79%,$17.66B,$0.92B,5.22%,$0.92B,$13.89B,6.59%,$0.92B,$-11.65B,-7.76%,$0.92B,$46.80B,1.95%,$2.65B,$32.08B,8.13%,$4382,$1996,$2386,$0,$798,$3789,$593,$-344,$249,$97,$152,$152,$152,$1588,$593,$540,541,$0.28,$0.28,$140,$0,$631,$2728,$17840,$0,$25538,$690,$44068,$46796,$4733,$18184,$6334,$28171,$32904,$547,$79,$-1855,$13892,$46796,$584,$2958,$121,$3079,$-158,$0,$52,$-65,$-170,$3512,$-1988,$0,$-24,$0,$0,$0,$0,$-2012,$-600,$0,$-600,$-10,$-10,$-876,$0,$-1486,$14,$60,$-876
9,2016-06-30,23.52,$25.62,0.92,$32.55,0.72,$11.68,2.01,$1.79,13.14,$2.79B,$4.84B,0.58,$18.17B,$13.99B,1.3,$17.83B,$10.07B,56.49%,$17.83B,$2.72B,15.23%,$17.83B,$2.72B,15.23%,$17.83B,$6.78B,38.03%,$17.83B,$1.46B,8.17%,$17.83B,$0.98B,5.47%,$0.98B,$13.99B,6.92%,$0.98B,$-11.76B,-8.11%,$0.98B,$47.12B,2.04%,$2.72B,$32.15B,8.28%,$4398,$1949,$2449,$0,$815,$3751,$647,$-330,$317,$121,$196,$196,$196,$1635,$647,$540,540,$0.36,$0.36,$191,$0,$628,$2791,$17894,$0,$25744,$689,$44327,$47118,$4842,$18165,$6501,$28291,$33133,$546,$115,$-1881,$13985,$47118,$432,$1963,$130,$2093,$-125,$0,$74,$-99,$58,$2601,$-1253,$0,$-24,$0,$0,$0,$-2,$-1279,$-659,$0,$-659,$-12,$-12,$-586,$0,$-1257,$65,$40,$-586
10,2016-03-31,25.39,$25.70,0.99,$32.32,0.79,$11.39,2.23,$1.69,15.03,$2.93B,$3.83B,0.77,$19.51B,$14.04B,1.39,$17.85B,$10.08B,56.49%,$17.85B,$2.62B,14.67%,$17.85B,$2.62B,14.67%,$17.85B,$6.74B,37.76%,$17.85B,$1.37B,7.69%,$17.85B,$0.92B,5.17%,$0.92B,$14.04B,6.48%,$0.92B,$-11.93B,-7.61%,$0.92B,$47.52B,1.91%,$2.62B,$33.54B,7.90%,$4401,$1900,$2501,$0,$837,$3713,$688,$-308,$380,$144,$236,$236,$236,$1663,$688,$539,540,$0.44,$0.44,$438,$0,$617,$2926,$17963,$0,$25966,$662,$44591,$47517,$3826,$19508,$6551,$29655,$33481,$546,$213,$-1907,$14036,$47517,$236,$975,$54,$1029,$26,$0,$78,$-107,$157,$1423,$-604,$0,$0,$0,$0,$0,$-1,$-605,$-208,$0,$-208,$-8,$-8,$-290,$0,$-506,$312,$18,$-290
11,2015-12-31,19.65,$25.86,0.76,$32.07,0.61,$11.18,1.76,$1.59,12.36,$2.65B,$4.60B,0.58,$18.72B,$14.06B,1.33,$17.90B,$10.12B,56.55%,$17.90B,$2.58B,14.41%,$17.90B,$2.58B,14.41%,$17.90B,$6.77B,37.79%,$17.90B,$1.32B,7.35%,$17.90B,$0.88B,4.91%,$0.88B,$14.06B,6.09%,$0.88B,$-12.17B,-7.20%,$0.88B,$47.60B,1.80%,$2.58B,$32.78B,7.70%,$4476,$1915,$2561,$0,$783,$3751,$725,$-295,$430,$92,$338,$338,$338,$1778,$725,$554,555,$0.61,$0.61,$126,$0,$581,$2650,$18069,$0,$26225,$660,$44954,$47604,$4604,$18722,$6649,$28940,$33544,$544,$272,$-1934,$14060,$47604,$878,$4186,$468,$4654,$-132,$0,$-168,$-130,$-398,$5153,$-2841,$0,$-4,$0,$0,$0,$-8,$-2853,$-292,$0,$-292,$-819,$-819,$-1198,$8,$-2301,$-1,$73,$-1198
12,2015-09-30,19.24,$25.72,0.75,$31.79,0.61,$10.88,1.77,$1.30,14.8,$3.35B,$5.55B,0.6,$18.50B,$14.25B,1.3,$17.86B,$10.03B,56.12%,$17.86B,$2.34B,13.08%,$17.86B,$2.34B,13.08%,$17.86B,$6.61B,37.01%,$17.86B,$1.04B,5.84%,$17.86B,$0.73B,4.08%,$0.73B,$14.25B,4.97%,$0.73B,$-12.24B,-5.95%,$0.73B,$48.75B,1.48%,$2.34B,$32.75B,6.86%,$4554,$1993,$2561,$0,$857,$3898,$656,$-327,$329,$124,$205,$205,$205,$1704,$656,$555,555,$0.37,$0.37,$355,$0,$594,$3350,$18068,$0,$26487,$849,$45404,$48754,$5547,$18504,$6711,$28957,$34504,$554,$177,$-1941,$14250,$48754,$540,$3133,$153,$3286,$-91,$0,$-84,$69,$144,$3956,$-2010,$0,$-4,$0,$0,$0,$-8,$-2022,$-270,$0,$-270,$-530,$-530,$-905,$-2,$-1707,$227,$57,$-905
13,2015-06-30,22.05,$25.91,0.85,$31.55,0.7,$10.59,2.08,$1.26,17.5,$3.31B,$4.80B,0.69,$18.83B,$14.59B,1.29,$17.82B,$10.00B,56.13%,$17.82B,$2.30B,12.91%,$17.82B,$2.30B,12.91%,$17.82B,$6.61B,37.11%,$17.82B,$1.01B,5.68%,$17.82B,$0.71B,3.99%,$0.71B,$14.59B,4.68%,$0.71B,$-12.16B,-5.96%,$0.71B,$48.98B,1.43%,$2.30B,$33.42B,6.58%,$4419,$1959,$2460,$0,$863,$3870,$549,$-315,$234,$91,$143,$143,$143,$1596,$549,$559,559,$0.26,$0.26,$155,$0,$599,$3305,$18089,$0,$26743,$840,$45672,$48977,$4797,$18834,$6925,$29593,$34390,$563,$87,$-1959,$14587,$48977,$335,$2085,$164,$2249,$-51,$0,$-112,$-61,$-104,$2481,$-1246,$0,$-4,$0,$0,$0,$-8,$-1258,$-317,$0,$-317,$-268,$-268,$-609,$-2,$-1196,$27,$38,$-609
14,2015-03-31,25.52,$26.11,0.98,$31.62,0.81,$10.33,2.47,$1.34,19.05,$3.47B,$3.58B,0.97,$20.25B,$14.77B,1.37,$17.94B,$10.12B,56.41%,$17.94B,$2.41B,13.41%,$17.94B,$2.41B,13.41%,$17.94B,$6.76B,37.64%,$17.94B,$1.10B,6.14%,$17.94B,$0.76B,4.24%,$0.76B,$14.77B,4.84%,$0.76B,$-12.25B,-6.52%,$0.76B,$49.52B,1.52%,$2.41B,$35.02B,6.74%,$4451,$1911,$2540,$0,$851,$3802,$649,$-326,$323,$131,$192,$192,$192,$1687,$649,$562,564,$0.34,$0.34,$155,$0,$622,$3468,$18183,$0,$27013,$856,$46052,$49520,$3579,$20254,$7001,$31176,$34755,$566,$141,$-2001,$14765,$49520,$192,$1038,$96,$1134,$-27,$0,$-80,$-26,$3,$1336,$-602,$0,$0,$0,$0,$0,$-8,$-610,$-217,$0,$-217,$-177,$-177,$-304,$-1,$-699,$27,$18,$-304
15,2014-12-31,28.81,$26.42,1.09,$31.61,0.91,$10.27,2.81,$1.35,21.34,$2.70B,$3.92B,0.69,$19.95B,$15.02B,1.33,$18.03B,$10.19B,56.49%,$18.03B,$2.41B,13.37%,$18.03B,$2.41B,13.37%,$18.03B,$6.82B,37.81%,$18.03B,$1.11B,6.16%,$18.03B,$0.77B,4.28%,$0.77B,$15.02B,4.76%,$0.77B,$-12.27B,-6.75%,$0.77B,$49.10B,1.53%,$2.41B,$34.98B,6.68%,$4438,$1974,$2464,$0,$850,$3955,$483,$-326,$157,$-31,$188,$188,$188,$1623,$483,$568,570,$0.34,$0.34,$128,$0,$580,$2696,$18433,$0,$27295,$679,$46407,$49103,$3918,$19953,$7055,$30162,$34080,$569,$147,$-2017,$15023,$49103,$772,$4407,$377,$4784,$-163,$0,$70,$-171,$-348,$5188,$-2984,$0,$-93,$0,$0,$0,$0,$-3077,$-321,$0,$-321,$-600,$-600,$-1228,$-2,$-2151,$-40,$79,$-1228
16,2014-09-30,29.37,$28.82,1.02,$31.38,0.94,$10.71,2.74,$1.43,20.54,$4.02B,$4.58B,0.88,$19.98B,$16.45B,1.22,$18.14B,$10.34B,57.03%,$18.14B,$2.57B,14.16%,$18.14B,$2.57B,14.16%,$18.14B,$7.00B,38.60%,$18.14B,$1.28B,7.07%,$18.14B,$0.82B,4.54%,$0.82B,$16.45B,4.91%,$0.82B,$-11.03B,-7.37%,$0.82B,$50.65B,1.61%,$2.57B,$36.43B,7.00%,$4514,$1975,$2539,$0,$823,$3895,$619,$-320,$299,$111,$188,$188,$188,$1707,$619,$566,567,$0.33,$0.33,$734,$0,$591,$4018,$18323,$0,$27474,$831,$46628,$50646,$4577,$19982,$5013,$29624,$34201,$571,$131,$-789,$16445,$50646,$584,$3267,$250,$3517,$-111,$0,$-21,$-64,$-158,$3937,$-2113,$0,$0,$0,$0,$0,$0,$-2113,$181,$0,$181,$-513,$-513,$-924,$-2,$-1258,$566,$62,$-924
17,2014-06-30,25.66,$29.05,0.88,$31.02,0.83,$11.32,2.27,$-0.66,0.0,$3.60B,$4.44B,0.81,$19.77B,$16.60B,1.19,$18.14B,$10.40B,57.35%,$18.14B,$1.26B,6.97%,$18.14B,$1.26B,6.97%,$18.14B,$5.73B,31.59%,$18.14B,$-0.02B,-0.12%,$18.14B,$-0.41B,-2.26%,$-0.41B,$16.60B,-2.44%,$-0.41B,$-11.15B,3.59%,$-0.41B,$50.61B,-0.80%,$1.26B,$36.37B,3.43%,$4541,$1962,$2579,$0,$831,$3886,$655,$-332,$323,$130,$193,$193,$193,$1738,$655,$568,569,$0.34,$0.34,$181,$0,$628,$3598,$18435,$0,$27752,$829,$47016,$50614,$4443,$19771,$5192,$29573,$34016,$571,$135,$-779,$16598,$50614,$396,$2179,$243,$2422,$-72,$0,$75,$-290,$-298,$2509,$-1401,$0,$0,$0,$0,$0,$-18,$-1419,$-1,$0,$-1,$-461,$-461,$-616,$1,$-1077,$13,$42,$-616
18,2014-03-31,22.95,$29.21,0.79,$30.51,0.75,$11.88,1.93,$-0.56,0.0,$3.75B,$4.62B,0.81,$19.81B,$16.80B,1.18,$18.12B,$10.47B,57.80%,$18.12B,$1.32B,7.31%,$18.12B,$1.32B,7.31%,$18.12B,$5.81B,32.09%,$18.12B,$0.05B,0.28%,$18.12B,$-0.33B,-1.84%,$-0.33B,$16.80B,-1.93%,$-0.33B,$-11.29B,2.90%,$-0.33B,$51.17B,-0.64%,$1.32B,$36.61B,3.54%,$4538,$1935,$2603,$0,$843,$3885,$653,$-322,$331,$128,$203,$203,$203,$1749,$653,$575,575,$0.35,$0.35,$219,$0,$632,$3748,$18493,$0,$28091,$834,$47418,$51166,$4621,$19814,$5224,$29747,$34368,$575,$144,$-795,$16798,$51166,$203,$1096,$127,$1223,$60,$0,$123,$-292,$-44,$1380,$-669,$0,$0,$0,$0,$0,$-13,$-682,$-17,$0,$-17,$-321,$-321,$-309,$0,$-647,$51,$19,$-309
19,2013-12-31,21.88,$29.46,0.74,$29.89,0.73,$11.93,1.83,$-0.43,0.0,$3.91B,$4.41B,0.89,$20.18B,$17.19B,1.17,$18.10B,$10.59B,58.51%,$18.10B,$1.45B,8.03%,$18.10B,$1.45B,8.03%,$18.10B,$5.95B,32.87%,$18.10B,$0.22B,1.24%,$18.10B,$-0.24B,-1.32%,$-0.24B,$17.19B,-1.34%,$-0.24B,$-11.22B,2.07%,$-0.24B,$51.79B,-0.45%,$1.45B,$37.37B,3.83%,$4542,$1920,$2622,$0,$823,$3901,$641,$-311,$330,$91,$239,$239,$239,$1806,$641,$601,601,$0.43,$0.44,$168,$0,$597,$3907,$18646,$0,$28411,$823,$47880,$51787,$4409,$20181,$5253,$30187,$34596,$584,$66,$-802,$17191,$51787,$-239,$4495,$1322,$5817,$-212,$0,$-76,$271,$11,$5559,$-2968,$0,$-160,$0,$0,$0,$-20,$-3148,$376,$0,$376,$-1513,$-1513,$-1301,$-16,$-2454,$-43,$71,$-1301
20,2013-09-30,21.18,$28.16,0.75,$29.70,0.71,$12.98,1.63,$-0.47,0.0,$3.81B,$3.98B,0.96,$20.39B,$16.71B,1.22,$18.14B,$10.64B,58.68%,$18.14B,$1.48B,8.15%,$18.14B,$1.48B,8.15%,$18.14B,$6.01B,33.14%,$18.14B,$0.27B,1.48%,$18.14B,$-0.25B,-1.35%,$-0.25B,$16.71B,-1.34%,$-0.25B,$-11.97B,2.12%,$-0.25B,$51.98B,-0.46%,$1.48B,$37.11B,3.87%,$4515,$1918,$2597,$0,$1047,$5200,$-685,$-320,$-1005,$40,$-1045,$-1045,$-1045,$437,$-685,$595,595,$-1.76,$-1.76,$266,$0,$563,$3812,$18665,$0,$28685,$822,$48172,$51984,$3978,$20391,$6776,$31292,$35270,$593,$-173,$-1660,$16714,$51984,$-478,$3330,$1240,$4570,$-105,$0,$0,$364,$289,$4408,$-2136,$0,$0,$0,$0,$0,$19,$-2117,$-49,$0,$-49,$-1198,$-1198,$-986,$-3,$-2236,$55,$0,$-986
21,2013-06-30,23.47,$30.45,0.77,$29.44,0.8,$13.64,1.72,$1.72,13.65,$3.65B,$3.75B,0.97,$20.28B,$18.40B,1.1,$18.19B,$10.67B,58.67%,$18.19B,$2.90B,15.94%,$18.19B,$2.90B,15.94%,$18.19B,$7.43B,40.85%,$18.19B,$1.70B,9.32%,$18.19B,$1.07B,5.88%,$1.07B,$18.40B,5.58%,$1.07B,$-11.59B,-9.51%,$1.07B,$53.25B,1.99%,$2.90B,$38.68B,7.46%,$4525,$1873,$2652,$0,$814,$3810,$715,$-321,$394,$125,$269,$269,$269,$1822,$715,$604,606,$0.45,$0.44,$214,$0,$570,$3648,$18777,$0,$29988,$841,$49606,$53254,$3748,$20283,$6843,$31106,$34854,$604,$1193,$-1688,$18400,$53254,$567,$2208,$120,$2328,$-48,$0,$123,$-115,$-51,$2856,$-1335,$0,$0,$0,$0,$0,$23,$-1312,$-53,$0,$-53,$-827,$-827,$-661,$0,$-1541,$3,$0,$-661
22,2013-03-31,22.98,$30.63,0.75,$29.38,0.78,$13.75,1.67,$1.40,16.41,$3.88B,$4.58B,0.85,$19.60B,$18.86B,1.04,$18.28B,$10.72B,58.65%,$18.28B,$2.84B,15.54%,$18.28B,$2.84B,15.54%,$18.28B,$7.45B,40.78%,$18.28B,$1.42B,7.79%,$18.28B,$0.87B,4.78%,$0.87B,$18.86B,4.44%,$0.87B,$-11.37B,-7.87%,$0.87B,$53.73B,1.61%,$2.84B,$38.45B,7.25%,$4513,$1796,$2717,$0,$818,$3731,$782,$-277,$505,$207,$298,$298,$298,$1883,$782,$619,621,$0.48,$0.48,$476,$0,$587,$3875,$18825,$0,$30229,$800,$49854,$53729,$4583,$19595,$6883,$30290,$34873,$616,$1244,$-1695,$18856,$53729,$298,$1101,$-17,$1084,$-34,$0,$-34,$-23,$-15,$1387,$-588,$0,$0,$0,$0,$0,$4,$-584,$187,$0,$187,$-384,$-384,$-341,$0,$-538,$265,$0,$-341
23,2012-12-31,25.19,$30.83,0.82,$29.55,0.85,$13.92,1.81,$1.24,20.32,$3.64B,$4.60B,0.79,$19.40B,$19.29B,1.01,$18.38B,$10.74B,58.43%,$18.38B,$2.71B,14.76%,$18.38B,$2.71B,14.76%,$18.38B,$7.41B,40.30%,$18.38B,$1.25B,6.80%,$18.38B,$0.78B,4.22%,$0.78B,$19.29B,3.86%,$0.78B,$-11.31B,-7.02%,$0.78B,$53.94B,1.41%,$2.71B,$38.69B,6.80%,$4583,$1907,$2676,$0,$790,$3917,$666,$-292,$374,$141,$233,$233,$233,$1869,$666,$620,622,$0.38,$0.38,$211,$0,$552,$3638,$18909,$0,$30597,$796,$50302,$53940,$4595,$19400,$7092,$30056,$34651,$626,$1285,$-1701,$19289,$53940,$777,$4692,$701,$5393,$-154,$0,$-72,$177,$-63,$6065,$-2728,$0,$0,$0,$0,$0,$38,$-2690,$-1213,$0,$-1213,$73,$73,$-1811,$-344,$-3295,$83,$110,$-1811
24,2012-09-30,25.53,$32.41,0.79,$30.89,0.83,$11.91,2.14,$1.05,24.31,$3.83B,$4.93B,0.78,$19.51B,$20.20B,0.97,$18.45B,$10.75B,58.26%,$18.45B,$2.58B,13.99%,$18.45B,$2.58B,13.99%,$18.45B,$7.29B,39.53%,$18.45B,$1.07B,5.79%,$18.45B,$0.65B,3.53%,$0.65B,$20.20B,3.18%,$0.65B,$-10.74B,-5.89%,$0.65B,$54.63B,1.17%,$2.58B,$39.71B,6.32%,$4571,$1943,$2628,$0,$748,$3835,$736,$-314,$422,$152,$270,$270,$270,$1858,$736,$621,623,$0.43,$0.43,$194,$0,$649,$3833,$19013,$0,$30932,$854,$50799,$54632,$4931,$19508,$5913,$29504,$34435,$623,$1506,$-984,$20197,$54632,$544,$3489,$419,$3908,$-136,$0,$48,$225,$202,$4686,$-1891,$0,$0,$0,$0,$0,$28,$-1863,$-1163,$0,$-1163,$71,$71,$-1357,$-310,$-2759,$66,$0,$-1357
25,2012-06-30,24.53,$32.64,0.75,$31.05,0.79,$10.62,2.31,$0.85,28.86,$3.85B,$5.21B,0.74,$19.68B,$20.31B,0.97,$18.47B,$10.76B,58.28%,$18.47B,$2.39B,12.95%,$18.47B,$2.39B,12.95%,$18.47B,$7.16B,38.75%,$18.47B,$0.88B,4.75%,$18.47B,$0.52B,2.82%,$0.52B,$20.31B,2.48%,$0.52B,$-10.98B,-4.69%,$0.52B,$55.09B,0.93%,$2.39B,$39.99B,5.74%,$4612,$1912,$2700,$0,$835,$3955,$657,$-534,$123,$49,$74,$74,$73,$1844,$657,$620,622,$0.12,$0.12,$281,$0,$628,$3847,$19054,$0,$31289,$900,$51243,$55090,$5207,$19682,$5935,$29572,$34779,$622,$1688,$-998,$20311,$55090,$274,$2367,$271,$2638,$-64,$0,$-140,$47,$-135,$2799,$-1172,$0,$0,$0,$0,$0,$-3,$-1175,$-296,$0,$-296,$45,$45,$-905,$-317,$-1473,$153,$0,$-905
26,2012-03-31,23.55,$33.22,0.71,$30.97,0.76,$10.05,2.34,$0.90,26.16,$4.88B,$5.64B,0.87,$20.67B,$20.64B,1.0,$18.27B,$10.69B,58.52%,$18.27B,$2.22B,12.13%,$18.27B,$2.22B,12.13%,$18.27B,$6.90B,37.80%,$18.27B,$0.94B,5.15%,$18.27B,$0.56B,3.08%,$0.56B,$20.64B,2.64%,$0.56B,$-11.19B,-5.25%,$0.56B,$56.84B,1.00%,$2.22B,$41.31B,5.27%,$4610,$1877,$2733,$0,$871,$3956,$654,$-323,$331,$131,$200,$200,$200,$1834,$654,$618,620,$0.32,$0.32,$1530,$0,$481,$4882,$19295,$0,$31824,$841,$51960,$56842,$5643,$20667,$5978,$30561,$36204,$621,$2067,$-1000,$20638,$56842,$200,$1180,$88,$1268,$18,$0,$-198,$203,$103,$1583,$-678,$0,$0,$0,$0,$0,$15,$-663,$906,$0,$906,$24,$24,$-452,$3,$481,$1402,$0,$-452
27,2011-12-31,22.25,$33.67,0.66,$29.11,0.76,$10.10,2.2,$1.27,17.52,$3.52B,$4.02B,0.88,$21.36B,$20.83B,1.03,$15.35B,$9.03B,58.80%,$15.35B,$2.03B,13.19%,$15.35B,$2.03B,13.19%,$15.35B,$5.90B,38.45%,$15.35B,$0.95B,6.18%,$15.35B,$0.57B,3.72%,$0.57B,$20.83B,3.08%,$0.57B,$-11.39B,-7.09%,$0.57B,$56.04B,1.21%,$2.03B,$42.18B,5.64%,$4653,$1968,$2685,$0,$900,$4120,$533,$-341,$192,$83,$109,$109,$109,$1756,$533,$533,534,$-0.03,$-0.03,$128,$0,$393,$3517,$19444,$0,$32214,$869,$52527,$56044,$4017,$21356,$6044,$31200,$35217,$619,$2319,$-1012,$20827,$56044,$573,$3878,$-132,$3746,$-102,$0,$-58,$-82,$-211,$4201,$-2411,$0,$-1252,$0,$0,$0,$16,$-3647,$1030,$0,$1030,$72,$72,$-1556,$-123,$-577,$-45,$0,$-1556
28,2011-09-30,19.41,$35.59,0.55,$26.11,0.74,$10.67,1.82,$1.83,10.61,$3.81B,$4.74B,0.8,$21.14B,$21.98B,0.96,$12.42B,$7.41B,59.63%,$12.42B,$1.98B,15.93%,$12.42B,$1.98B,15.93%,$12.42B,$5.00B,40.25%,$12.42B,$1.11B,8.97%,$12.42B,$0.68B,5.48%,$0.68B,$21.98B,4.33%,$0.68B,$-10.83B,-11.85%,$0.68B,$56.74B,1.75%,$1.98B,$43.12B,6.69%,$4596,$1950,$2646,$0,$870,$4048,$548,$-317,$231,$93,$138,$138,$138,$1723,$548,$612,614,$0.22,$0.22,$1123,$0,$378,$3808,$19290,$0,$32805,$832,$52927,$56735,$4737,$21142,$5364,$30022,$34759,$617,$2663,$-158,$21976,$56735,$464,$2655,$223,$2878,$-66,$0,$-14,$64,$64,$3473,$-1511,$0,$-1252,$0,$0,$0,$14,$-2749,$1352,$0,$1352,$48,$48,$-1105,$-54,$241,$950,$0,$-1105
29,2011-06-30,23.21,$35.95,0.65,$24.42,0.95,$10.40,2.23,$2.37,9.79,$5.01B,$5.06B,0.99,$19.73B,$21.64B,0.91,$9.57B,$5.87B,61.29%,$9.57B,$1.94B,20.23%,$9.57B,$1.94B,20.23%,$9.57B,$4.14B,43.25%,$9.57B,$1.26B,13.11%,$9.57B,$0.78B,8.10%,$0.78B,$21.64B,6.13%,$0.78B,$-9.39B,-24.19%,$0.78B,$54.84B,2.56%,$1.94B,$41.38B,8.43%,$4406,$1781,$2625,$0,$968,$3926,$480,$-294,$186,$71,$115,$115,$115,$1591,$480,$599,600,$0.19,$0.19,$2546,$0,$348,$5007,$18024,$0,$31033,$778,$49835,$54842,$5064,$19734,$5297,$28137,$33201,$602,$2958,$-141,$21641,$54842,$326,$1480,$107,$1587,$8,$0,$-24,$12,$63,$2018,$-790,$0,$419,$0,$0,$0,$9,$-362,$1380,$0,$1380,$28,$28,$-657,$-34,$717,$2373,$0,$-657
30,2011-03-31,23.44,$31.59,0.74,$22.98,1.02,$10.08,2.33,$2.99,7.84,$1.14B,$1.07B,1.06,$7.17B,$9.66B,0.74,$6.94B,$4.39B,63.23%,$6.94B,$1.98B,28.52%,$6.94B,$1.98B,28.52%,$6.94B,$3.43B,49.44%,$6.94B,$1.46B,20.99%,$6.94B,$0.90B,12.94%,$0.90B,$9.66B,9.34%,$0.90B,$-0.60B,-86.91%,$0.90B,$21.90B,4.07%,$1.98B,$16.83B,11.78%,$1696,$626,$1070,$0,$237,$1232,$464,$-125,$339,$128,$211,$211,$209,$833,$464,$304,304,$0.69,$0.69,$270,$35,$57,$1141,$8649,$0,$10261,$1852,$20761,$21901,$1073,$7168,$1594,$11170,$12243,$306,$3292,$-139,$9659,$21901,$211,$369,$-50,$319,$25,$0,$-1,$17,$137,$670,$-211,$0,$0,$0,$0,$0,$3,$-208,$-148,$0,$-148,$4,$4,$-222,$1,$-365,$97,$0,$-222
31,2010-12-31,25.61,$31.63,0.81,$23.41,1.09,$9.55,2.68,$3.14,8.16,$1.14B,$1.01B,1.13,$7.32B,$9.65B,0.76,$7.04B,$4.50B,63.87%,$7.04B,$2.06B,29.25%,$7.04B,$2.06B,29.25%,$7.04B,$3.50B,49.63%,$7.04B,$1.53B,21.74%,$7.04B,$0.94B,13.38%,$0.94B,$9.65B,9.84%,$0.94B,$-2.17B,-88.00%,$0.94B,$22.04B,4.24%,$2.06B,$16.96B,12.28%,$1722,$657,$1065,$0,$214,$1236,$486,$-127,$358,$133,$225,$225,$219,$852,$486,$301,301,$0.74,$0.74,$173,$0,$74,$1143,$8754,$0,$11813,$328,$20895,$22038,$1011,$7316,$1695,$11380,$12391,$305,$3302,$-141,$9647,$22038,$948,$1435,$-48,$1387,$-118,$0,$-96,$-140,$-316,$2045,$-864,$0,$0,$0,$0,$0,$5,$-859,$-426,$0,$-426,$113,$113,$-879,$17,$-1175,$11,$0,$-879
32,2010-09-30,21.53,$31.74,0.68,$26.88,0.8,$9.75,2.21,$3.17,6.79,$1.23B,$1.65B,0.74,$7.06B,$9.61B,0.74,$7.15B,$4.62B,64.57%,$7.15B,$2.11B,29.57%,$7.15B,$2.11B,29.57%,$7.15B,$3.55B,49.67%,$7.15B,$1.52B,21.19%,$7.15B,$0.95B,13.27%,$0.95B,$9.61B,9.96%,$0.95B,$-0.66B,-87.32%,$0.95B,$22.22B,4.25%,$2.11B,$16.67B,12.65%,$1748,$641,$1107,$0,$243,$1242,$506,$-134,$372,$140,$232,$232,$232,$864,$506,$301,301,$0.76,$0.76,$243,$35,$34,$1227,$8802,$0,$10261,$1931,$20993,$22220,$1650,$7062,$1643,$10965,$12614,$303,$3299,$-90,$9606,$22220,$723,$1069,$-175,$894,$-131,$0,$-102,$-19,$-157,$1481,$-600,$0,$0,$0,$0,$0,$2,$-598,$-195,$0,$-195,$40,$40,$-658,$11,$-802,$81,$0,$-658
33,2010-06-30,17.82,$31.70,0.56,$27.36,0.65,$8.65,2.06,$3.34,5.33,$1.08B,$1.63B,0.67,$7.18B,$9.55B,0.75,$7.28B,$4.70B,64.58%,$7.28B,$1.99B,27.31%,$7.28B,$1.99B,27.31%,$7.28B,$3.43B,47.12%,$7.28B,$1.39B,19.12%,$7.28B,$1.00B,13.72%,$1.00B,$9.55B,10.54%,$1.00B,$-0.71B,-68.44%,$1.00B,$22.20B,4.43%,$1.99B,$16.73B,11.86%,$1772,$627,$1145,$0,$264,$1249,$523,$-136,$387,$149,$238,$238,$238,$881,$523,$300,301,$0.79,$0.79,$186,$36,$44,$1084,$8866,$0,$10261,$1989,$21116,$22200,$1630,$7179,$1623,$11019,$12648,$301,$3287,$-92,$9551,$22200,$491,$711,$-255,$456,$-58,$0,$-96,$-41,$-80,$881,$-362,$0,$0,$0,$0,$0,$2,$-360,$-79,$0,$-79,$13,$13,$-437,$6,$-497,$24,$0,$-437
34,2010-03-31,18.57,$31.65,0.59,$27.85,0.67,$10.45,1.78,$3.23,5.75,$1.04B,$1.76B,0.59,$7.22B,$9.50B,0.76,$6.14B,$3.95B,64.40%,$6.14B,$1.61B,26.28%,$6.14B,$1.61B,26.28%,$6.14B,$2.83B,46.03%,$6.14B,$1.12B,18.18%,$6.14B,$0.83B,13.51%,$0.83B,$9.50B,10.52%,$0.83B,$-0.75B,-55.71%,$0.83B,$22.32B,4.38%,$1.61B,$16.72B,11.45%,$1800,$619,$1181,$0,$283,$1255,$545,$-132,$414,$161,$253,$253,$253,$898,$545,$299,300,$0.84,$0.84,$206,$37,$51,$1041,$8970,$0,$10252,$2059,$21281,$22322,$1761,$7221,$1619,$11059,$12820,$300,$3267,$-95,$9501,$22322,$253,$353,$-298,$55,$15,$0,$-60,$4,$153,$461,$-167,$0,$0,$0,$0,$0,$-1,$-168,$-33,$0,$-33,$-1,$-1,$-218,$4,$-248,$45,$7,$-218
35,2009-12-31,18.56,$31.64,0.59,$28.27,0.66,$11.34,1.64,$3.07,6.05,$1.12B,$1.71B,0.66,$7.25B,$9.47B,0.77,$4.97B,$3.17B,63.80%,$4.97B,$1.23B,24.77%,$4.97B,$1.23B,24.77%,$4.97B,$2.22B,44.62%,$4.97B,$0.81B,16.33%,$4.97B,$0.64B,12.93%,$0.64B,$9.47B,10.21%,$0.64B,$-2.23B,-42.58%,$0.64B,$22.56B,4.19%,$1.23B,$16.72B,10.76%,$1829,$646,$1183,$0,$286,$1289,$540,$-198,$342,$116,$226,$226,$226,$908,$540,$199,199,$0.94,$0.94,$162,$36,$41,$1124,$9097,$0,$11698,$644,$21439,$22563,$1707,$7254,$1879,$11389,$13096,$299,$3233,$-85,$9467,$22563,$647,$986,$-7,$979,$-80,$0,$-32,$161,$-101,$1574,$-755,$0,$77,$0,$0,$0,$-1,$-679,$-453,$0,$-453,$41,$41,$-560,$-4,$-976,$-81,$0,$-560
36,2009-09-30,16.89,$31.48,0.54,$25.35,0.67,$11.29,1.5,$3.31,5.1,$1.46B,$2.15B,0.68,$7.46B,$9.36B,0.8,$3.79B,$2.40B,63.30%,$3.79B,$0.87B,22.92%,$3.79B,$0.87B,22.92%,$3.79B,$1.62B,42.67%,$3.79B,$0.61B,16.08%,$3.79B,$0.52B,13.65%,$0.52B,$9.36B,10.95%,$0.52B,$-2.14B,-42.67%,$0.52B,$22.96B,4.40%,$0.87B,$16.82B,9.77%,$1874,$685,$1189,$0,$448,$1495,$379,$-131,$248,$100,$148,$148,$281,$741,$379,$298,298,$0.94,$0.94,$531,$43,$108,$1458,$9363,$0,$11505,$631,$21499,$22957,$2149,$7455,$1832,$11444,$13593,$297,$3212,$-112,$9364,$22957,$418,$618,$-158,$460,$-3,$0,$-93,$135,$76,$962,$-417,$0,$77,$0,$0,$0,$3,$-337,$18,$0,$18,$4,$4,$-351,$-7,$-337,$288,$40,$-351
37,2009-06-30,15.09,$31.50,0.48,$25.53,0.59,$12.78,1.18,$3.21,4.7,$0.32B,$0.45B,0.72,$2.90B,$3.19B,0.91,$2.56B,$1.62B,63.05%,$2.56B,$0.67B,26.14%,$2.56B,$0.67B,26.14%,$2.56B,$1.18B,46.20%,$2.56B,$0.50B,19.39%,$2.56B,$0.32B,12.52%,$0.32B,$3.19B,10.09%,$0.32B,$-0.83B,-36.48%,$0.32B,$7.89B,3.97%,$0.67B,$6.09B,10.63%,$634,$236,$399,$0,$121,$485,$149,$-37,$112,$43,$69,$69,$69,$278,$149,$99,99,$0.68,$0.68,$59,$9,$53,$320,$2786,$0,$4016,$765,$7566,$7887,$447,$2900,$1353,$4253,$4700,$101,$3141,$-114,$3186,$7887,$137,$256,$20,$276,$31,$0,$5,$-6,$61,$482,$-131,$0,$0,$0,$0,$0,$0,$-131,$-395,$0,$-395,$3,$3,$-141,$-3,$-536,$-184,$10,$-141
38,2009-03-31,13.53,$31.57,0.43,$25.47,0.53,$10.82,1.25,$3.41,3.97,$0.32B,$0.42B,0.77,$3.00B,$3.18B,0.95,$2.59B,$1.64B,63.20%,$2.59B,$0.70B,27.14%,$2.59B,$0.70B,27.14%,$2.59B,$1.22B,47.08%,$2.59B,$0.53B,20.49%,$2.59B,$0.34B,13.30%,$0.34B,$3.18B,10.66%,$0.34B,$-0.84B,-41.37%,$0.34B,$7.93B,4.22%,$0.70B,$6.18B,11.00%,$636,$235,$402,$0,$110,$472,$164,$-54,$110,$43,$67,$67,$67,$292,$164,$99,99,$0.67,$0.67,$61,$9,$56,$321,$2822,$0,$4016,$776,$7613,$7934,$415,$3002,$1341,$4344,$4759,$101,$3143,$-117,$3175,$7934,$67,$128,$-3,$125,$36,$0,$-10,$-15,$30,$230,$-45,$0,$0,$0,$0,$0,$0,$-45,$-292,$0,$-292,$-1,$-1,$-70,$-3,$-367,$-182,$4,$-70
39,2008-12-31,12.79,$31.59,0.4,$25.14,0.51,$10.60,1.21,$3.56,3.59,$0.56B,$0.46B,1.21,$3.29B,$3.17B,1.04,$2.60B,$1.64B,63.23%,$2.60B,$0.72B,27.73%,$2.60B,$0.72B,27.73%,$2.60B,$1.25B,47.88%,$2.60B,$0.56B,21.62%,$2.60B,$0.37B,14.08%,$0.37B,$3.17B,11.14%,$0.37B,$-1.04B,-47.27%,$0.37B,$8.25B,4.46%,$0.72B,$6.46B,11.25%,$643,$236,$407,$0,$102,$467,$176,$-38,$139,$38,$100,$100,$100,$305,$176,$102,103,$0.99,$0.99,$243,$9,$44,$555,$2896,$0,$4205,$598,$7699,$8254,$458,$3294,$1334,$4628,$5086,$100,$3146,$-123,$3168,$8254,$367,$524,$48,$572,$-8,$0,$14,$-33,$-92,$853,$-436,$0,$0,$0,$51,$51,$-4,$-389,$278,$0,$278,$-333,$-333,$-220,$20,$-255,$209,$16,$-220
40,2008-09-30,16.71,$31.92,0.52,$24.69,0.68,$12.77,1.31,$3.59,4.65,$0.51B,$0.48B,1.07,$3.30B,$3.20B,1.03,$2.61B,$1.64B,62.85%,$2.61B,$0.71B,27.31%,$2.61B,$0.71B,27.31%,$2.61B,$1.25B,47.70%,$2.61B,$0.55B,21.08%,$2.61B,$0.38B,14.58%,$0.38B,$3.20B,11.39%,$0.38B,$-0.81B,-57.25%,$0.38B,$8.27B,4.65%,$0.71B,$6.50B,11.28%,$650,$242,$408,$0,$99,$469,$181,$-45,$136,$51,$85,$85,$85,$309,$181,$100,101,$0.83,$0.83,$259,$9,$27,$509,$2915,$0,$4010,$839,$7764,$8273,$475,$3299,$1303,$4602,$5077,$100,$3116,$-47,$3196,$8273,$267,$395,$52,$447,$8,$0,$-22,$-13,$-53,$667,$-334,$0,$0,$0,$51,$51,$-4,$-287,$308,$0,$308,$-337,$-337,$-150,$23,$-156,$225,$12,$-150
41,2008-06-30,15.65,$32.55,0.48,$24.55,0.64,$14.85,1.05,$3.76,4.16,$0.33B,$0.49B,0.68,$3.02B,$3.37B,0.89,$2.67B,$1.70B,63.49%,$2.67B,$0.76B,28.32%,$2.67B,$0.76B,28.32%,$2.67B,$1.30B,48.60%,$2.67B,$0.60B,22.41%,$2.67B,$0.41B,15.30%,$0.41B,$3.38B,12.08%,$0.41B,$-0.64B,-65.94%,$0.41B,$8.17B,5.00%,$0.76B,$6.39B,12.15%,$658,$240,$418,$0,$107,$477,$181,$-36,$145,$52,$92,$92,$92,$312,$181,$104,104,$0.88,$0.88,$64,$9,$26,$331,$2968,$0,$4010,$859,$7837,$8168,$490,$3016,$1287,$4303,$4793,$104,$3301,$-47,$3375,$8168,$181,$267,$34,$300,$-10,$0,$-6,$-12,$-60,$427,$-263,$0,$0,$0,$39,$39,$-2,$-226,$25,$0,$25,$-204,$-204,$-14,$22,$-171,$29,$8,$-14
42,2008-03-31,14.59,$32.00,0.46,$24.28,0.6,$17.25,0.85,$3.88,3.76,$0.29B,$0.53B,0.56,$2.88B,$3.39B,0.85,$2.71B,$1.74B,64.44%,$2.71B,$0.81B,29.87%,$2.71B,$0.81B,29.87%,$2.71B,$1.35B,50.02%,$2.71B,$0.64B,23.51%,$2.71B,$0.43B,15.86%,$0.43B,$3.40B,12.89%,$0.43B,$-0.61B,-63.37%,$0.43B,$8.12B,5.23%,$0.81B,$6.28B,13.24%,$649,$238,$411,$0,$92,$465,$183,$-41,$142,$53,$89,$89,$89,$319,$183,$106,107,$0.83,$0.82,$38,$8,$28,$292,$3033,$0,$4011,$782,$7826,$8118,$526,$2881,$1311,$4192,$4718,$106,$3327,$-43,$3400,$8118,$89,$136,$16,$152,$5,$0,$-12,$-18,$-16,$230,$-55,$0,$0,$0,$4,$4,$-26,$-76,$-110,$40,$-70,$-93,$-93,$-7,$20,$-151,$3,$3,$-7
43,2007-12-31,18.16,$31.42,0.58,$23.37,0.78,$17.40,1.04,$3.73,4.87,$0.29B,$0.74B,0.4,$2.73B,$3.40B,0.8,$2.66B,$1.72B,64.70%,$2.66B,$0.79B,29.85%,$2.66B,$0.79B,29.85%,$2.66B,$1.33B,50.06%,$2.66B,$0.62B,23.33%,$2.66B,$0.42B,15.73%,$0.42B,$3.41B,12.83%,$0.42B,$-0.60B,-69.64%,$0.42B,$8.19B,5.10%,$0.79B,$6.14B,13.12%,$657,$251,$406,$0,$99,$488,$169,$-41,$128,$11,$116,$116,$115,$307,$169,$109,113,$1.02,$1.02,$34,$9,$0,$292,$3108,$0,$4011,$773,$7892,$8185,$737,$2734,$1304,$4039,$4775,$108,$3245,$-43,$3409,$8185,$420,$536,$22,$558,$16,$0,$-14,$16,$30,$1030,$-326,$0,$-307,$0,$13,$13,$0,$-619,$29,$0,$29,$-411,$-411,$-29,$9,$-402,$9,$20,$-29
44,2007-09-30,20.22,$30.26,0.67,$22.52,0.9,$15.47,1.31,$3.31,6.11,$0.33B,$0.68B,0.48,$2.75B,$3.36B,0.82,$2.61B,$1.70B,65.11%,$2.61B,$0.80B,30.60%,$2.61B,$0.80B,30.60%,$2.61B,$1.32B,50.73%,$2.61B,$0.61B,23.35%,$2.61B,$0.38B,14.38%,$0.38B,$3.36B,11.70%,$0.38B,$-0.63B,-73.57%,$0.38B,$8.23B,4.68%,$0.80B,$6.11B,13.51%,$709,$246,$462,$0,$102,$485,$224,$-40,$184,$71,$113,$113,$113,$361,$224,$109,112,$1.04,$1.01,$59,$8,$28,$328,$3145,$0,$3997,$763,$7905,$8233,$680,$2748,$1441,$4188,$4868,$111,$3137,$-89,$3364,$8233,$303,$399,$62,$461,$5,$0,$-36,$4,$22,$789,$-184,$0,$-307,$0,$8,$8,$0,$-482,$55,$-23,$32,$-293,$-293,$-22,$9,$-274,$33,$16,$-22
45,2007-06-30,21.42,$28.99,0.74,$21.35,1.0,$13.48,1.59,$2.95,7.26,$0.29B,$0.96B,0.31,$2.74B,$3.13B,0.87,$2.52B,$1.63B,64.67%,$2.52B,$0.74B,29.50%,$2.52B,$0.74B,29.50%,$2.52B,$1.26B,50.06%,$2.52B,$0.55B,21.79%,$2.52B,$0.34B,13.42%,$0.34B,$3.14B,10.60%,$0.34B,$-0.86B,-88.25%,$0.34B,$8.27B,4.33%,$0.74B,$5.87B,12.79%,$690,$226,$464,$0,$97,$458,$232,$-50,$182,$70,$112,$112,$112,$366,$232,$108,114,$1.03,$1.00,$44,$7,$29,$294,$3205,$0,$4000,$775,$7979,$8274,$960,$2735,$1441,$4176,$5137,$108,$3032,$-92,$3137,$8274,$190,$262,$42,$304,$24,$0,$1,$10,$63,$558,$-107,$0,$-307,$0,$0,$0,$2,$-413,$75,$64,$139,$-260,$-260,$-14,$8,$-127,$18,$10,$-14
46,2007-03-31,19.71,$28.35,0.7,$20.29,0.97,$11.78,1.67,$3.20,6.16,$1.01B,$0.77B,1.32,$2.92B,$3.12B,0.94,$2.44B,$1.56B,63.90%,$2.44B,$0.68B,27.73%,$2.44B,$0.68B,27.73%,$2.44B,$1.19B,48.89%,$2.44B,$0.61B,24.82%,$2.44B,$0.38B,15.50%,$0.38B,$3.13B,11.70%,$0.38B,$-0.30B,-189.00%,$0.38B,$8.09B,4.98%,$0.68B,$6.04B,11.80%,$601,$214,$387,$0,$91,$433,$168,$-42,$126,$49,$78,$78,$78,$296,$168,$111,116,$0.70,$0.68,$764,$7,$31,$1013,$3035,$0,$3431,$612,$7077,$8090,$770,$2917,$1276,$4193,$4963,$110,$3062,$-103,$3127,$8090,$78,$128,$18,$146,$16,$0,$-3,$-14,$35,$259,$-49,$0,$0,$0,$0,$0,$-2,$-51,$677,$0,$677,$-144,$-144,$-7,$4,$530,$738,$4,$-7
47,2006-12-31,19.02,$28.18,0.67,$19.90,0.96,$10.94,1.74,$3.10,6.13,$0.29B,$0.62B,0.47,$2.41B,$3.18B,0.76,$2.45B,$1.56B,63.73%,$2.45B,$0.67B,27.21%,$2.45B,$0.67B,27.21%,$2.45B,$1.19B,48.57%,$2.45B,$0.59B,24.14%,$2.45B,$0.37B,15.07%,$0.37B,$3.19B,11.41%,$0.37B,$-0.24B,-187.79%,$0.37B,$7.44B,4.95%,$0.67B,$5.60B,11.91%,$608,$223,$385,$0,$85,$434,$174,$-57,$117,$45,$72,$72,$72,$300,$174,$117,122,$0.62,$0.62,$26,$7,$30,$290,$3109,$0,$3431,$610,$7151,$7441,$618,$2413,$1220,$3632,$4250,$113,$3151,$-105,$3191,$7441,$370,$524,$-69,$455,$8,$0,$25,$20,$3,$841,$-314,$0,$0,$0,$129,$129,$-8,$-194,$-59,$0,$-59,$-704,$-704,$-29,$12,$-780,$-133,$12,$-29
