,Date,Stock Price,Book Value per Share,Price to Book Ratio,TTM Sales per Share,Price to Sales Ratio,TTM FCF per Share,Price to FCF Ratio,TTM Net EPS,PE Ratio,Current Assets,Current Liabilities,Current Ratio,Long Term Debt,Shareholder's Equity_x,Debt to Equity Ratio,TTM Revenue_x,TTM Gross Profit,Gross Margin,TTM Revenue_y,TTM Operating Income,Operating Margin,TTM Revenue_x,TTM EBIT,EBIT Margin,TTM Revenue_y,TTM EBITDA,EBITDA Margin,TTM Revenue_x,TTM Pre-Tax Income,Pre-Tax Margin,TTM Revenue_y,TTM Net Income_x,Net Margin,TTM Net Income_y,Shareholder's Equity_y,Return on Equity,TTM Net Income_x,Tangible Equity,Return on Tangible Equity,TTM Net Income_y,Total Assets,Return on Assets,TTM Net Income,LT Investments & Debt,Return on Investment,revenue,cost-goods-sold,gross-profit,research-development-expenses,selling-general-administrative-expenses,operating-expenses,operating-income,total-non-operating-income-expense,pre-tax-income,total-provision-income-taxes,income-after-taxes,income-from-continuous-operations,net-income,ebitda,ebit,basic-shares-outstanding,shares-outstanding,eps-basic-net-earnings-per-share,eps-earnings-per-share-diluted,cash-on-hand,inventory,other-current-assets,total-current-assets,net-property-plant-equipment,long-term-investments,goodwill-intangible-assets-total,other-long-term-assets,total-long-term-assets,total-assets,total-current-liabilities,long-term-debt,other-non-current-liabilities,total-long-term-liabilities,total-liabilities,common-stock-net,retained-earnings-accumulated-deficit,comprehensive-income,total-share-holder-equity,total-liabilities-share-holders-equity,net-income-loss,total-depreciation-amortization-cash-flow,other-non-cash-items,total-non-cash-items,change-in-accounts-receivable,change-in-inventories,change-in-accounts-payable,change-in-assets-liabilities,total-change-in-assets-liabilities,cash-flow-from-operating-activities,net-change-in-property-plant-equipment,net-change-in-intangible-assets,net-acquisitions-divestitures,net-change-in-short-term-investments,net-change-in-long-term-investments,net-change-in-investments-total,investing-activities-other,cash-flow-from-investing-activities,net-long-term-debt,net-current-debt,debt-issuance-retirement-net-total,net-common-equity-issued-repurchased,net-total-equity-issued-repurchased,total-common-preferred-stock-dividends-paid,financial-activities-other,cash-flow-from-financial-activities,net-cash-flow,stock-based-compensation,common-stock-dividends-paid
0,2018-09-30,18.5,$3.50,5.28,$1.93,9.6,$1.92,9.64,$-0.73,0.0,$0.47B,$0.09B,5.48,$0.00B,$0.16B,0.0,$0.08B,$0.08B,100.00%,$0.08B,$-0.05B,-70.67%,$0.08B,$-0.05B,-70.67%,$0.08B,$-0.05B,-69.33%,$0.08B,$-0.05B,-62.67%,$0.08B,$-0.05B,-66.67%,$-0.05B,$0.16B,-62.70%,$-0.05B,$0.16B,-64.94%,$-0.05B,$0.48B,-12.24%,$-0.05B,$0.16B,-66.46%,$13,$0,$13,$28,$8,$36,$-23,$2,$-21,$3,$-23,$-23,$-23,$-23,$-23,$44,44,$-0.53,$-0.53,$465,$0,$0,$473,$5,$0,$2,$2,$10,$483,$86,$0,$2,$239,$325,$0,$-283,$-0,$158,$483,$-52,$0,$12,$13,$10,$0,$3,$-30,$-7,$-47,$-3,$0,$0,$-7,$0,$-7,$0,$-10,$0,$0,$0,$139,$139,$0,$0,$139,$82,$12,$0
1,2018-06-30,22.86,$1.05,21.68,$2.30,9.95,$7.02,3.25,$-1.01,0.0,$0.37B,$0.08B,4.41,$0.00B,$0.04B,0.0,$0.09B,$0.09B,100.00%,$0.09B,$-0.04B,-47.67%,$0.09B,$-0.04B,-47.67%,$0.09B,$-0.04B,-45.35%,$0.09B,$-0.04B,-41.86%,$0.09B,$-0.04B,-43.02%,$-0.04B,$0.04B,-71.84%,$-0.04B,$0.04B,-75.51%,$-0.04B,$0.38B,-9.62%,$-0.04B,$0.04B,-79.61%,$21,$0,$21,$26,$9,$35,$-13,$2,$-12,$2,$-13,$-13,$-13,$-13,$-13,$39,39,$-0.35,$-0.35,$335,$0,$0,$367,$5,$0,$2,$2,$10,$377,$83,$0,$2,$253,$336,$0,$-259,$-0,$41,$377,$-29,$0,$8,$8,$-15,$0,$-0,$-16,$-20,$-41,$-2,$0,$0,$-5,$0,$-5,$0,$-7,$0,$0,$0,$3,$3,$0,$0,$3,$-45,$8,$0
2,2018-03-31,28.45,$1.28,22.29,$1.99,14.32,$12.28,2.32,$-1.35,0.0,$0.37B,$0.07B,5.27,$0.00B,$0.05B,0.0,$0.07B,$0.07B,100.00%,$0.07B,$-0.05B,-71.62%,$0.07B,$-0.05B,-71.62%,$0.07B,$-0.05B,-68.92%,$0.07B,$-0.05B,-66.22%,$0.07B,$-0.05B,-66.22%,$-0.05B,$0.05B,-90.32%,$-0.05B,$0.05B,-94.69%,$-0.05B,$0.38B,-12.95%,$-0.05B,$0.05B,-97.70%,$14,$0,$14,$22,$7,$30,$-16,$1,$-14,$1,$-15,$-15,$-15,$-15,$-16,$39,39,$-0.40,$-0.40,$361,$0,$0,$367,$5,$0,$3,$2,$9,$376,$70,$0,$2,$257,$327,$0,$-246,$-0,$50,$376,$-15,$0,$4,$4,$10,$0,$1,$-15,$-3,$-15,$-1,$0,$0,$-23,$0,$-23,$0,$-23,$0,$0,$0,$3,$3,$0,$0,$3,$-35,$4,$0
3,2017-12-31,21.11,$1.82,11.62,$1.94,10.89,$12.13,1.74,$-1.18,0.0,$0.39B,$0.06B,6.36,$0.00B,$0.07B,0.0,$0.07B,$0.07B,100.00%,$0.07B,$-0.05B,-63.89%,$0.07B,$-0.05B,-63.89%,$0.07B,$-0.04B,-61.11%,$0.07B,$-0.04B,-59.72%,$0.07B,$-0.04B,-58.33%,$-0.04B,$0.07B,-69.71%,$-0.04B,$0.07B,-72.73%,$-0.04B,$0.40B,-12.78%,$-0.05B,$0.07B,-76.35%,$27,$0,$27,$21,$8,$28,$-1,$1,$0,$-1,$1,$1,$1,$-1,$-1,$37,37,$0.04,$0.04,$374,$0,$0,$389,$4,$0,$3,$2,$9,$398,$61,$0,$2,$267,$328,$0,$-219,$-0,$70,$398,$-43,$2,$21,$24,$-8,$0,$-2,$191,$190,$170,$-2,$0,$0,$-120,$0,$-120,$0,$-121,$0,$0,$0,$24,$24,$0,$0,$24,$73,$11,$0
4,2017-09-30,18.17,$1.23,14.82,$1.38,13.13,$7.47,2.43,$-1.59,0.0,$0.38B,$0.07B,5.28,$0.00B,$0.05B,0.0,$0.05B,$0.05B,100.00%,$0.05B,$-0.06B,-115.69%,$0.05B,$-0.06B,-115.69%,$0.05B,$-0.06B,-109.80%,$0.05B,$-0.06B,-111.76%,$0.05B,$-0.06B,-111.76%,$-0.06B,$0.05B,-91.57%,$-0.06B,$0.04B,-95.00%,$-0.06B,$0.39B,-20.43%,$-0.06B,$0.05B,-94.78%,$24,$0,$24,$29,$6,$35,$-11,$1,$-10,$-0,$-10,$-10,$-10,$-10,$-11,$37,37,$-0.28,$-0.28,$331,$0,$0,$376,$4,$0,$3,$4,$11,$387,$71,$0,$2,$270,$342,$0,$-220,$-0,$45,$387,$-44,$2,$19,$21,$2,$0,$-3,$169,$171,$148,$-1,$0,$0,$30,$0,$30,$0,$28,$0,$0,$0,$3,$3,$0,$0,$3,$180,$9,$0
5,2017-06-30,15.5,$1.42,10.93,$0.83,18.79,$3.34,4.64,$-1.71,0.0,$0.34B,$0.06B,5.62,$0.00B,$0.05B,0.0,$0.03B,$0.03B,100.00%,$0.03B,$-0.06B,-210.00%,$0.03B,$-0.06B,-210.00%,$0.03B,$-0.06B,-200.00%,$0.03B,$-0.06B,-206.67%,$0.03B,$-0.06B,-206.67%,$-0.06B,$0.05B,-84.64%,$-0.06B,$0.05B,-87.32%,$-0.06B,$0.35B,-26.90%,$-0.06B,$0.05B,-86.01%,$9,$0,$9,$28,$6,$34,$-25,$0,$-25,$0,$-25,$-25,$-25,$-25,$-25,$37,37,$-0.69,$-0.69,$336,$0,$0,$341,$4,$0,$3,$4,$11,$352,$61,$0,$1,$239,$300,$0,$-210,$-0,$52,$352,$-33,$1,$6,$7,$2,$0,$0,$179,$181,$154,$-1,$0,$0,$14,$0,$14,$0,$13,$0,$0,$0,$2,$2,$0,$0,$2,$168,$6,$0
6,2017-03-31,17.27,$2.01,8.59,$0.67,25.67,$-0.55,0.0,$-1.41,0.0,$0.17B,$0.04B,4.5,$0.00B,$0.07B,0.0,$0.02B,$0.02B,100.00%,$0.02B,$-0.05B,-216.67%,$0.02B,$-0.05B,-216.67%,$0.02B,$-0.05B,-200.00%,$0.02B,$-0.05B,-212.50%,$0.02B,$-0.05B,-212.50%,$-0.05B,$0.07B,-59.65%,$-0.05B,$0.07B,-61.45%,$-0.05B,$0.18B,-26.25%,$-0.05B,$0.07B,-60.82%,$12,$0,$12,$15,$6,$20,$-9,$0,$-8,$-0,$-8,$-8,$-8,$-8,$-9,$37,37,$-0.23,$-0.23,$163,$0,$0,$167,$5,$0,$3,$4,$11,$178,$37,$0,$1,$67,$104,$0,$-185,$-0,$74,$178,$-8,$1,$3,$3,$2,$0,$-3,$-12,$-14,$-19,$-1,$0,$0,$0,$0,$0,$0,$-1,$0,$0,$0,$1,$1,$0,$0,$1,$-19,$3,$0
7,2016-12-31,10.99,$2.15,5.11,$0.42,26.45,$-0.17,0.0,$-1.62,0.0,$0.19B,$0.04B,5.26,$0.00B,$0.08B,0.0,$0.01B,$0.01B,100.00%,$0.01B,$-0.06B,-421.43%,$0.01B,$-0.06B,-421.43%,$0.01B,$-0.06B,-392.86%,$0.01B,$-0.06B,-421.43%,$0.01B,$-0.06B,-421.43%,$-0.06B,$0.08B,-61.94%,$-0.06B,$0.08B,-63.61%,$-0.06B,$0.20B,-29.84%,$-0.06B,$0.08B,-61.94%,$6,$0,$6,$15,$5,$21,$-14,$0,$-14,$-0,$-14,$-14,$-14,$-13,$-14,$36,36,$-0.40,$-0.40,$182,$0,$0,$188,$4,$0,$3,$4,$11,$199,$36,$0,$1,$85,$121,$0,$-176,$-0,$78,$199,$-59,$3,$10,$14,$-2,$0,$2,$39,$43,$-2,$-2,$0,$0,$48,$0,$48,$0,$46,$0,$0,$0,$1,$1,$0,$0,$1,$45,$10,$0
8,2016-09-30,15.68,$2.46,6.38,$0.47,33.1,$-3.43,0.0,$-1.62,0.0,$0.18B,$0.02B,7.74,$0.00B,$0.09B,0.0,$0.01B,$0.01B,100.00%,$0.01B,$-0.06B,-570.00%,$0.01B,$-0.06B,-570.00%,$0.01B,$-0.05B,-530.00%,$0.01B,$-0.06B,-560.00%,$0.01B,$-0.06B,-570.00%,$-0.06B,$0.09B,-53.15%,$-0.06B,$0.09B,-54.55%,$-0.06B,$0.19B,-28.90%,$-0.06B,$0.09B,-53.15%,$3,$0,$3,$13,$5,$18,$-15,$0,$-15,$0,$-15,$-15,$-15,$-14,$-15,$36,36,$-0.40,$-0.40,$178,$0,$0,$183,$4,$2,$3,$1,$10,$193,$24,$0,$0,$80,$103,$0,$-162,$0,$89,$193,$-45,$2,$8,$10,$0,$0,$-4,$30,$31,$-4,$-2,$0,$0,$5,$0,$5,$0,$3,$0,$0,$0,$0,$0,$0,$0,$0,$-0,$7,$0
