,Date,Stock Price,Book Value per Share,Price to Book Ratio,TTM Sales per Share,Price to Sales Ratio,TTM FCF per Share,Price to FCF Ratio,TTM Net EPS,PE Ratio,Current Assets,Current Liabilities,Current Ratio,Long Term Debt,Shareholder's Equity_x,Debt to Equity Ratio,TTM Revenue_x,TTM Gross Profit,Gross Margin,TTM Revenue_y,TTM Operating Income,Operating Margin,TTM Revenue_x,TTM EBIT,EBIT Margin,TTM Revenue_y,TTM EBITDA,EBITDA Margin,TTM Revenue_x,TTM Pre-Tax Income,Pre-Tax Margin,TTM Revenue_y,TTM Net Income_x,Net Margin,TTM Net Income_y,Shareholder's Equity_y,Return on Equity,TTM Net Income_x,Tangible Equity,Return on Tangible Equity,TTM Net Income_y,Total Assets,Return on Assets,TTM Net Income,LT Investments & Debt,Return on Investment,revenue,cost-goods-sold,gross-profit,research-development-expenses,selling-general-administrative-expenses,operating-expenses,operating-income,total-non-operating-income-expense,pre-tax-income,total-provision-income-taxes,income-after-taxes,income-from-continuous-operations,net-income,ebitda,ebit,basic-shares-outstanding,shares-outstanding,eps-basic-net-earnings-per-share,eps-earnings-per-share-diluted,cash-on-hand,inventory,other-current-assets,total-current-assets,net-property-plant-equipment,long-term-investments,goodwill-intangible-assets-total,other-long-term-assets,total-long-term-assets,total-assets,total-current-liabilities,long-term-debt,other-non-current-liabilities,total-long-term-liabilities,total-liabilities,common-stock-net,retained-earnings-accumulated-deficit,comprehensive-income,total-share-holder-equity,total-liabilities-share-holders-equity,net-income-loss,total-depreciation-amortization-cash-flow,other-non-cash-items,total-non-cash-items,change-in-accounts-receivable,change-in-inventories,change-in-accounts-payable,change-in-assets-liabilities,total-change-in-assets-liabilities,cash-flow-from-operating-activities,net-change-in-property-plant-equipment,net-change-in-intangible-assets,net-acquisitions-divestitures,net-change-in-short-term-investments,net-change-in-long-term-investments,net-change-in-investments-total,investing-activities-other,cash-flow-from-investing-activities,net-long-term-debt,net-current-debt,debt-issuance-retirement-net-total,net-common-equity-issued-repurchased,net-total-equity-issued-repurchased,total-common-preferred-stock-dividends-paid,financial-activities-other,cash-flow-from-financial-activities,net-cash-flow,stock-based-compensation,common-stock-dividends-paid
0,2015-12-31,46.33,$25.82,1.79,$4.36,10.63,$0.92,50.28,$1.08,42.9,$6.27B,$5.20B,1.21,$2.83B,$9.83B,0.29,$1.68B,$1.21B,72.01%,$1.68B,$0.06B,3.51%,$1.68B,$0.06B,3.51%,$1.68B,$0.07B,4.10%,$1.68B,$0.46B,27.57%,$1.68B,$0.39B,22.99%,$0.39B,$9.83B,10.05%,$0.39B,$1.06B,31.74%,$0.39B,$18.35B,4.01%,$0.06B,$12.67B,0.95%,$1362,$290,$1072,$363,$494,$1147,$215,$-363,$-148,$37,$-185,$-160,$-165,$-19,$215,$550,550,$-0.30,$-0.30,$4591,$0,$148,$6268,$858,$2216,$8769,$0,$12078,$18346,$5197,$2833,$14,$3318,$8515,$1,$1266,$86,$9831,$18346,$370,$49,$-210,$-162,$-155,$0,$324,$49,$262,$471,$-99,$-3,$413,$-223,$-653,$-877,$-117,$-683,$0,$2374,$2374,$-46,$66,$0,$-89,$2352,$2148,$99,$0
1,2015-09-30,31.59,$0.00,0.0,$4.58,6.9,$-1.69,0.0,$0.92,34.34,$4.05B,$2.97B,1.36,$2.65B,$2.03B,1.31,$1.65B,$1.19B,72.20%,$1.65B,$0.04B,2.67%,$1.65B,$0.04B,2.67%,$1.65B,$0.04B,2.67%,$1.65B,$0.38B,23.14%,$1.65B,$0.35B,21.02%,$0.35B,$2.03B,19.14%,$0.35B,$1.42B,27.45%,$0.35B,$7.75B,5.48%,$0.04B,$4.68B,1.16%,$1106,$222,$884,$340,$434,$996,$110,$334,$444,$49,$395,$363,$360,$64,$110,$547,643,$0.66,$0.59,$2715,$0,$0,$4052,$836,$2090,$608,$0,$3698,$7749,$2970,$2650,$0,$2752,$5722,$0,$1284,$123,$2027,$7749,$370,$39,$-258,$-219,$-216,$0,$295,$-231,$-118,$32,$-78,$-3,$-374,$-124,$-450,$-575,$-38,$-1067,$0,$348,$348,$-24,$1276,$0,$-20,$1604,$574,$70,$0
2,2015-06-30,36.31,$0.00,0.0,$5.06,7.17,$-1.63,0.0,$-0.02,0.0,$4.31B,$2.85B,1.51,$2.65B,$1.84B,1.44,$1.52B,$1.10B,72.20%,$1.52B,$0.02B,1.05%,$1.52B,$0.02B,1.05%,$1.52B,$0.02B,1.05%,$1.52B,$-0.03B,-1.78%,$1.52B,$0.00B,0.13%,$0.00B,$1.84B,0.12%,$0.00B,$1.26B,0.16%,$0.00B,$7.38B,0.04%,$0.02B,$4.49B,0.48%,$1073,$198,$875,$344,$436,$978,$95,$89,$184,$29,$155,$167,$170,$32,$95,$548,607,$0.31,$0.29,$3305,$0,$564,$4306,$0,$1380,$581,$248,$2209,$7378,$2853,$2650,$0,$2684,$5537,$1,$926,$0,$1841,$7378,$0,$0,$0,$0,$0,$0,$0,$0,$0,$0,$0,$0,$0,$0,$0,$0,$0,$0,$0,$0,$0,$0,$0,$0,$0,$0,$0,$0,$0
3,2015-03-31,29.31,$0.00,0.0,$4.65,6.31,$-1.63,0.0,$-0.03,0.0,$2.71B,$2.11B,1.28,$1.30B,$1.71B,0.76,$1.38B,$1.00B,72.41%,$1.38B,$0.01B,1.01%,$1.38B,$0.01B,1.01%,$1.38B,$0.01B,1.01%,$1.38B,$-0.03B,-2.03%,$1.38B,$0.00B,0.07%,$0.00B,$1.71B,0.06%,$0.00B,$1.14B,0.08%,$0.00B,$5.15B,0.02%,$0.01B,$3.01B,0.50%,$1098,$185,$914,$355,$468,$1008,$90,$54,$144,$50,$94,$79,$84,$-8,$90,$530,574,$0.17,$0.16,$1939,$0,$415,$2710,$0,$839,$574,$944,$2358,$5153,$2112,$1300,$0,$1333,$3444,$1,$903,$0,$1709,$5153,$0,$0,$0,$0,$0,$0,$0,$0,$0,$0,$0,$0,$0,$0,$0,$0,$0,$0,$0,$0,$0,$0,$0,$0,$0,$0,$0,$0,$0
4,2014-12-31,22.75,$0.00,0.0,$4.11,5.54,$-1.63,0.0,$0.11,206.82,$2.75B,$2.05B,1.34,$1.30B,$1.67B,0.78,$1.26B,$0.92B,73.07%,$1.26B,$0.05B,4.05%,$1.26B,$0.05B,4.05%,$1.26B,$0.05B,4.05%,$1.26B,$0.02B,1.67%,$1.26B,$0.04B,3.18%,$0.04B,$1.67B,2.60%,$0.04B,$1.24B,3.26%,$0.04B,$5.04B,0.95%,$0.05B,$2.97B,1.92%,$1187,$196,$991,$328,$459,$983,$204,$28,$232,$47,$185,$190,$185,$-44,$204,$543,577,$0.34,$0.32,$2027,$0,$431,$2752,$0,$907,$430,$113,$1449,$5043,$2049,$1300,$0,$1321,$3371,$0,$923,$0,$1673,$5043,$15,$29,$0,$29,$0,$0,$0,$0,$229,$316,$-772,$0,$-15,$0,$0,$-786,$63,$-1510,$0,$869,$0,$0,$-12,$0,$17,$874,$-296,$0,$0
5,2014-09-30,28.38,$0.00,0.0,$3.75,7.57,$0.95,29.98,$0.38,74.68,$2.64B,$1.67B,1.58,$1.30B,$1.62B,0.8,$1.19B,$0.87B,73.67%,$1.19B,$0.13B,11.05%,$1.19B,$0.13B,11.05%,$1.19B,$0.13B,11.05%,$1.19B,$0.13B,10.55%,$1.19B,$0.12B,10.04%,$0.12B,$1.62B,8.04%,$0.12B,$1.36B,9.78%,$0.12B,$4.61B,3.11%,$0.13B,$2.92B,5.23%,$946,$166,$781,$300,$385,$851,$95,$39,$134,$78,$56,$52,$48,$36,$95,$526,555,$0.09,$0.09,$1795,$0,$515,$2638,$0,$826,$262,$312,$1400,$4605,$1671,$1300,$0,$1312,$2982,$1,$972,$0,$1623,$4605,$0,$0,$0,$0,$0,$0,$0,$0,$0,$0,$0,$0,$0,$0,$0,$0,$0,$0,$0,$0,$0,$0,$0,$0,$0,$0,$0,$0,$0
6,2014-06-30,32.02,$0.00,0.0,$3.46,9.25,$0.95,33.83,$0.47,68.13,$2.37B,$1.43B,1.65,$0.94B,$1.45B,0.64,$1.09B,$0.81B,74.38%,$1.09B,$0.16B,14.75%,$1.09B,$0.16B,14.75%,$1.09B,$0.16B,14.75%,$1.09B,$0.16B,14.56%,$1.09B,$0.15B,13.36%,$0.15B,$1.45B,10.36%,$0.15B,$1.18B,12.67%,$0.15B,$3.83B,4.42%,$0.16B,$2.39B,7.46%,$884,$173,$711,$285,$366,$824,$60,$-32,$28,$22,$7,$11,$12,$30,$60,$520,548,$0.02,$0.02,$1736,$0,$310,$2368,$0,$488,$276,$362,$1126,$3832,$1433,$935,$0,$946,$2379,$0,$927,$0,$1453,$3832,$0,$0,$0,$0,$0,$0,$0,$0,$0,$0,$0,$0,$0,$0,$0,$0,$0,$0,$0,$0,$0,$0,$0,$0,$0,$0,$0,$0,$0
7,2014-03-31,25.21,$0.00,0.0,$3.26,7.73,$0.95,26.63,$0.52,48.48,$2.36B,$1.09B,2.16,$0.94B,$1.40B,0.67,$1.01B,$0.76B,75.07%,$1.01B,$0.17B,17.28%,$1.01B,$0.17B,17.28%,$1.01B,$0.17B,17.28%,$1.01B,$0.18B,17.68%,$1.01B,$0.16B,15.59%,$0.16B,$1.40B,11.77%,$0.16B,$1.13B,14.31%,$0.16B,$3.44B,5.47%,$0.17B,$2.34B,9.20%,$836,$185,$650,$277,$307,$768,$67,$-18,$49,$33,$16,$6,$4,$29,$67,$473,507,$0.01,$0.01,$1857,$0,$252,$2363,$0,$441,$276,$119,$835,$3441,$1093,$935,$0,$946,$2039,$0,$903,$0,$1402,$3441,$0,$0,$0,$0,$0,$0,$0,$0,$0,$0,$0,$0,$0,$0,$0,$0,$0,$0,$0,$0,$0,$0,$0,$0,$0,$0,$0,$0,$0
8,2013-12-31,24.81,$0.00,0.0,$3.09,8.03,$0.95,26.21,$0.55,45.11,$2.37B,$1.05B,2.26,$0.94B,$1.44B,0.65,$0.93B,$0.71B,75.56%,$0.93B,$0.18B,19.51%,$0.93B,$0.18B,19.51%,$0.93B,$0.18B,19.51%,$0.93B,$0.19B,20.36%,$0.93B,$0.16B,17.47%,$0.16B,$1.44B,12.90%,$0.16B,$1.21B,15.60%,$0.16B,$3.44B,6.50%,$0.18B,$2.38B,11.15%,$664,$186,$478,$259,$278,$723,$-60,$-6,$-66,$8,$-74,$-89,$-78,$36,$-60,$462,462,$-0.17,$-0.17,$1902,$0,$220,$2373,$0,$472,$237,$123,$832,$3439,$1052,$935,$0,$945,$1997,$1,$908,$0,$1442,$3439,$150,$20,$0,$20,$0,$0,$0,$0,$177,$405,$-108,$0,$-20,$0,$0,$-367,$-181,$-675,$0,$833,$0,$0,$52,$0,$-6,$878,$614,$0,$0
9,2013-09-30,29.18,$0.00,0.0,$2.94,9.92,$0.62,46.75,$0.52,56.12,$1.67B,$0.92B,1.82,$0.18B,$1.30B,0.14,$0.87B,$0.66B,76.04%,$0.87B,$0.17B,19.70%,$0.87B,$0.17B,19.70%,$0.87B,$0.17B,19.70%,$0.87B,$0.18B,20.62%,$0.87B,$0.15B,17.40%,$0.15B,$1.30B,12.94%,$0.15B,$1.07B,15.77%,$0.15B,$2.41B,7.13%,$0.17B,$1.48B,12.69%,$648,$176,$472,$372,$383,$931,$-283,$54,$-229,$15,$-244,$-260,$-245,$65,$-283,$453,453,$-0.54,$-0.54,$1099,$0,$314,$1666,$0,$250,$231,$37,$517,$2407,$915,$180,$0,$190,$1105,$0,$858,$0,$1301,$2407,$0,$0,$0,$0,$0,$0,$0,$0,$0,$0,$0,$0,$0,$0,$0,$0,$0,$0,$0,$0,$0,$0,$0,$0,$0,$0,$0,$0,$0
10,2013-06-30,16.32,$0.00,0.0,$2.80,5.82,$0.62,26.14,$0.43,37.94,$1.52B,$0.82B,1.86,$0.18B,$1.19B,0.15,$0.80B,$0.61B,76.07%,$0.80B,$0.15B,18.55%,$0.80B,$0.15B,18.55%,$0.80B,$0.15B,18.55%,$0.80B,$0.15B,18.80%,$0.80B,$0.12B,15.16%,$0.12B,$1.19B,11.25%,$0.12B,$0.99B,13.83%,$0.12B,$2.20B,6.16%,$0.15B,$1.37B,11.79%,$358,$105,$252,$119,$162,$386,$-29,$11,$25,$10,$15,$-15,$4,$44,$-29,$302,379,$-0.06,$0.06,$1094,$0,$173,$1518,$0,$223,$205,$32,$460,$2195,$815,$180,$0,$189,$1004,$0,$795,$0,$1191,$2195,$0,$0,$0,$0,$0,$0,$0,$0,$0,$0,$0,$0,$0,$0,$0,$0,$0,$0,$0,$0,$0,$0,$0,$0,$0,$0,$0,$0,$0
11,2013-03-31,10.69,$0.00,0.0,$2.62,4.08,$0.62,17.13,$0.38,28.51,$1.33B,$0.69B,1.92,$0.18B,$1.12B,0.16,$0.75B,$0.57B,75.97%,$0.75B,$0.14B,18.66%,$0.75B,$0.14B,18.66%,$0.75B,$0.14B,18.66%,$0.75B,$0.15B,19.73%,$0.75B,$0.11B,14.23%,$0.11B,$1.12B,10.07%,$0.11B,$0.92B,12.41%,$0.11B,$2.00B,5.80%,$0.14B,$1.30B,11.70%,$501,$133,$368,$131,$173,$437,$64,$381,$445,$57,$388,$383,$380,$37,$64,$567,750,$1.34,$1.05,$993,$0,$132,$1326,$0,$228,$203,$31,$461,$1997,$689,$180,$0,$189,$878,$0,$752,$0,$1119,$1997,$0,$0,$0,$0,$0,$0,$0,$0,$0,$0,$0,$0,$0,$0,$0,$0,$0,$0,$0,$0,$0,$0,$0,$0,$0,$0,$0,$0,$0
12,2012-12-31,11.33,$0.00,0.0,$2.44,4.63,$0.62,18.15,$0.38,30.21,$1.23B,$0.63B,1.96,$0.18B,$1.06B,0.17,$0.70B,$0.53B,76.29%,$0.70B,$0.14B,19.71%,$0.70B,$0.14B,19.71%,$0.70B,$0.14B,19.71%,$0.70B,$0.15B,21.86%,$0.70B,$0.11B,15.43%,$0.11B,$1.06B,10.13%,$0.11B,$0.86B,12.41%,$0.11B,$1.87B,6.26%,$0.14B,$1.24B,11.94%,$430,$118,$312,$128,$152,$398,$32,$14,$24,$5,$19,$23,$23,$25,$32,$285,320,$0.08,$0.08,$899,$0,$170,$1227,$0,$231,$201,$34,$466,$1873,$628,$180,$0,$189,$816,$0,$725,$0,$1057,$1873,$111,$16,$0,$16,$0,$0,$0,$0,$86,$266,$-87,$0,$-2,$0,$0,$-20,$-90,$-199,$0,$73,$0,$0,$-278,$0,$123,$-83,$-13,$0,$0
13,2012-09-30,8.44,$0.00,0.0,$2.32,3.64,$0.88,9.59,$0.40,21.1,$1.18B,$0.66B,1.79,$0.18B,$0.94B,0.19,$0.67B,$0.51B,76.57%,$0.67B,$0.15B,22.69%,$0.67B,$0.15B,22.69%,$0.67B,$0.15B,22.69%,$0.67B,$0.17B,25.07%,$0.67B,$0.12B,17.46%,$0.12B,$0.94B,10.78%,$0.12B,$0.74B,13.12%,$0.12B,$1.79B,7.11%,$0.15B,$1.12B,13.44%,$394,$114,$280,$130,$158,$402,$-8,$-1,$-30,$1,$-31,$-20,$-20,$42,$-8,$281,281,$-0.08,$-0.08,$859,$0,$157,$1183,$0,$228,$197,$62,$487,$1787,$662,$180,$0,$189,$851,$0,$689,$0,$936,$1787,$0,$0,$0,$0,$0,$0,$0,$0,$0,$0,$0,$0,$0,$0,$0,$0,$0,$0,$0,$0,$0,$0,$0,$0,$0,$0,$0,$0,$0
14,2012-06-30,8.38,$0.00,0.0,$2.12,3.95,$0.88,9.52,$0.46,18.42,$1.11B,$0.55B,2.01,$0.00B,$1.10B,0.0,$0.64B,$0.49B,76.69%,$0.64B,$0.17B,26.46%,$0.64B,$0.17B,26.46%,$0.64B,$0.17B,26.46%,$0.64B,$0.19B,29.76%,$0.64B,$0.14B,21.57%,$0.14B,$1.10B,12.18%,$0.14B,$0.90B,14.70%,$0.14B,$1.66B,8.79%,$0.17B,$1.10B,14.94%,$326,$93,$232,$126,$150,$370,$-44,$8,$-57,$-2,$-54,$-36,$-36,$35,$-44,$280,280,$-0.13,$-0.13,$831,$0,$113,$1109,$0,$211,$195,$30,$436,$1659,$552,$0,$0,$8,$560,$0,$645,$0,$1099,$1659,$0,$0,$0,$0,$0,$0,$0,$0,$0,$0,$0,$0,$0,$0,$0,$0,$0,$0,$0,$0,$0,$0,$0,$0,$0,$0,$0,$0,$0
15,2012-03-31,10.82,$0.00,0.0,$2.01,5.38,$0.88,12.3,$0.53,20.61,$1.05B,$0.40B,2.59,$0.00B,$1.17B,0.0,$0.60B,$0.46B,76.91%,$0.60B,$0.18B,29.07%,$0.60B,$0.18B,29.07%,$0.60B,$0.18B,29.07%,$0.60B,$0.20B,32.72%,$0.60B,$0.16B,26.41%,$0.16B,$1.17B,14.33%,$0.16B,$0.98B,17.30%,$0.16B,$1.58B,10.73%,$0.18B,$1.17B,15.77%,$368,$96,$272,$100,$137,$333,$36,$22,$36,$8,$28,$35,$35,$36,$36,$273,319,$0.13,$0.11,$819,$0,$95,$1046,$0,$211,$193,$25,$429,$1584,$403,$0,$0,$8,$411,$0,$631,$0,$1173,$1584,$0,$0,$0,$0,$0,$0,$0,$0,$0,$0,$0,$0,$0,$0,$0,$0,$0,$0,$0,$0,$0,$0,$0,$0,$0,$0,$0,$0,$0
16,2011-12-31,11.7,$0.00,0.0,$1.91,6.14,$0.88,13.3,$0.56,21.08,$1.02B,$0.41B,2.49,$0.00B,$1.14B,0.0,$0.57B,$0.45B,77.66%,$0.57B,$0.19B,32.64%,$0.57B,$0.19B,32.64%,$0.57B,$0.19B,32.64%,$0.57B,$0.21B,35.78%,$0.57B,$0.17B,29.32%,$0.17B,$1.14B,15.87%,$0.17B,$0.94B,19.27%,$0.17B,$1.55B,12.07%,$0.19B,$1.14B,17.67%,$293,$77,$216,$77,$109,$263,$30,$9,$23,$8,$16,$22,$22,$39,$30,$272,315,$0.08,$0.07,$795,$0,$96,$1017,$0,$207,$194,$25,$426,$1551,$408,$0,$0,$8,$416,$0,$605,$0,$1135,$1551,$172,$14,$0,$14,$0,$0,$0,$0,$62,$294,$-33,$0,$-4,$0,$0,$-16,$-1,$-54,$0,$0,$0,$0,$-17,$0,$-2,$-18,$214,$0,$0
17,2011-09-30,16.08,$0.00,0.0,$1.77,9.09,0,0.0,$0.57,28.21,$0.92B,$0.34B,2.72,$0.00B,$1.09B,0.0,$0.54B,$0.42B,78.13%,$0.54B,$0.19B,34.95%,$0.54B,$0.19B,34.95%,$0.54B,$0.19B,34.95%,$0.54B,$0.21B,39.07%,$0.54B,$0.17B,32.52%,$0.17B,$1.09B,17.24%,$0.17B,$0.90B,21.04%,$0.17B,$1.44B,13.26%,$0.19B,$1.09B,18.53%,$272,$72,$200,$71,$100,$243,$29,$7,$19,$8,$11,$19,$19,$58,$29,$272,316,$0.07,$0.06,$664,$0,$123,$922,$0,$199,$190,$25,$414,$1438,$339,$0,$0,$8,$347,$0,$558,$0,$1091,$1438,$0,$0,$0,$0,$0,$0,$0,$0,$0,$0,$0,$0,$0,$0,$0,$0,$0,$0,$0,$0,$0,$0,$0,$0,$0,$0,$0,$0,$0
18,2011-06-30,21.54,$0.00,0.0,$1.66,12.94,0,0.0,$0.57,38.12,$0.83B,$0.31B,2.68,$0.00B,$1.04B,0.0,$0.50B,$0.39B,78.64%,$0.50B,$0.18B,36.53%,$0.50B,$0.18B,36.53%,$0.50B,$0.18B,36.53%,$0.50B,$0.20B,40.32%,$0.50B,$0.17B,34.13%,$0.17B,$1.04B,17.86%,$0.17B,$0.85B,21.94%,$0.17B,$1.36B,13.80%,$0.18B,$1.04B,19.11%,$252,$68,$185,$57,$91,$217,$36,$15,$47,$12,$35,$43,$43,$42,$36,$269,314,$0.16,$0.14,$640,$0,$65,$827,$0,$219,$186,$24,$429,$1355,$309,$0,$0,$8,$316,$0,$515,$0,$1039,$1355,$0,$0,$0,$0,$0,$0,$0,$0,$0,$0,$0,$0,$0,$0,$0,$0,$0,$0,$0,$0,$0,$0,$0,$0,$0,$0,$0,$0,$0
19,2011-03-31,20.75,$0.00,0.0,$1.58,13.11,0,0.0,$0.55,37.72,$0.71B,$0.25B,2.85,$0.00B,$0.97B,0.0,$0.48B,$0.38B,79.21%,$0.48B,$0.19B,38.67%,$0.48B,$0.19B,38.67%,$0.48B,$0.19B,38.67%,$0.48B,$0.20B,40.75%,$0.48B,$0.17B,34.30%,$0.17B,$0.97B,18.52%,$0.17B,$0.79B,23.03%,$0.17B,$1.23B,14.24%,$0.19B,$0.97B,20.88%,$268,$62,$206,$55,$86,$203,$65,$20,$69,$15,$54,$61,$61,$48,$65,$263,310,$0.23,$0.20,$546,$0,$60,$711,$0,$215,$177,$24,$417,$1225,$249,$0,$0,$7,$256,$0,$468,$0,$969,$1225,$0,$0,$0,$0,$0,$0,$0,$0,$0,$0,$0,$0,$0,$0,$0,$0,$0,$0,$0,$0,$0,$0,$0,$0,$0,$0,$0,$0,$0
20,2010-12-31,20.23,$0.00,0.0,$1.47,13.77,0,0.0,$0.53,38.52,$0.69B,$0.29B,2.43,$0.00B,$0.94B,0.0,$0.44B,$0.35B,78.78%,$0.44B,$0.17B,37.70%,$0.44B,$0.17B,37.70%,$0.44B,$0.17B,37.70%,$0.44B,$0.18B,40.86%,$0.44B,$0.16B,35.44%,$0.16B,$0.94B,18.97%,$0.16B,$0.76B,23.12%,$0.16B,$1.23B,14.40%,$0.17B,$0.94B,20.18%,$215,$50,$165,$50,$70,$171,$44,$11,$43,$11,$31,$34,$34,$39,$44,$261,293,$0.13,$0.12,$539,$0,$60,$693,$0,$239,$176,$24,$438,$1230,$285,$0,$0,$7,$292,$0,$414,$0,$938,$1230,$0,$0,$0,$0,$0,$0,$0,$0,$0,$0,$0,$0,$0,$0,$0,$0,$0,$0,$0,$0,$0,$0,$0,$0,$0,$0,$0,$0,$0
21,2010-09-30,23.88,$0.00,0.0,$1.38,17.24,$0.43,55.15,$0.48,50.26,$0.63B,$0.26B,2.44,$0.00B,$0.88B,0.0,$0.41B,$0.33B,79.37%,$0.41B,$0.16B,39.08%,$0.41B,$0.16B,39.08%,$0.41B,$0.16B,39.08%,$0.41B,$0.16B,38.59%,$0.41B,$0.14B,33.74%,$0.14B,$0.88B,19.79%,$0.14B,$0.71B,23.99%,$0.14B,$1.15B,14.86%,$0.16B,$0.88B,22.92%,$198,$49,$149,$43,$69,$161,$37,$5,$31,$10,$21,$25,$25,$54,$37,$260,288,$0.10,$0.09,$463,$0,$61,$626,$0,$232,$173,$23,$429,$1148,$257,$0,$0,$7,$264,$0,$367,$0,$884,$1148,$0,$0,$0,$0,$0,$0,$0,$0,$0,$0,$0,$0,$0,$0,$0,$0,$0,$0,$0,$0,$0,$0,$0,$0,$0,$0,$0,$0,$0
22,2010-06-30,18.78,$0.00,0.0,$1.26,14.94,$0.43,43.38,$0.41,45.53,$0.56B,$0.25B,2.24,$0.00B,$0.77B,0.0,$0.36B,$0.29B,78.79%,$0.36B,$0.14B,37.47%,$0.36B,$0.14B,37.47%,$0.36B,$0.14B,37.47%,$0.36B,$0.14B,37.19%,$0.36B,$0.12B,32.78%,$0.12B,$0.77B,20.35%,$0.12B,$0.60B,24.32%,$0.12B,$1.03B,15.13%,$0.14B,$0.77B,23.26%,$187,$47,$140,$44,$72,$163,$25,$15,$36,$9,$26,$31,$31,$45,$25,$258,286,$0.12,$0.11,$404,$0,$64,$564,$0,$184,$171,$23,$377,$1032,$252,$0,$0,$7,$259,$0,$315,$0,$773,$1032,$0,$0,$0,$0,$0,$0,$0,$0,$0,$0,$0,$0,$0,$0,$0,$0,$0,$0,$0,$0,$0,$0,$0,$0,$0,$0,$0,$0,$0
23,2010-03-31,19.6,$0.00,0.0,$1.17,16.69,$0.43,45.28,$0.38,51.58,$0.59B,$0.24B,2.5,$0.00B,$0.72B,0.0,$0.33B,$0.26B,78.66%,$0.33B,$0.12B,36.59%,$0.33B,$0.12B,36.59%,$0.33B,$0.12B,36.59%,$0.33B,$0.12B,36.59%,$0.33B,$0.11B,32.62%,$0.11B,$0.72B,22.33%,$0.11B,$0.64B,26.05%,$0.11B,$0.95B,16.37%,$0.12B,$0.72B,25.04%,$198,$46,$153,$39,$72,$156,$42,$10,$40,$9,$30,$31,$31,$29,$42,$266,274,$0.12,$0.11,$490,$0,$25,$588,$0,$178,$73,$21,$272,$952,$235,$0,$0,$2,$237,$0,$289,$0,$715,$952,$0,$0,$0,$0,$0,$0,$0,$0,$0,$0,$0,$0,$0,$0,$0,$0,$0,$0,$0,$0,$0,$0,$0,$0,$0,$0,$0,$0,$0
24,2009-12-31,17.97,$0.00,0.0,$1.09,16.41,$0.43,41.5,$0.35,51.33,$0.34B,$0.17B,1.99,$0.00B,$0.44B,0.0,$0.30B,$0.24B,78.41%,$0.30B,$0.11B,36.88%,$0.30B,$0.11B,36.88%,$0.30B,$0.11B,36.88%,$0.30B,$0.11B,37.21%,$0.30B,$0.10B,32.23%,$0.10B,$0.44B,25.66%,$0.10B,$0.36B,30.17%,$0.10B,$0.61B,18.76%,$0.11B,$0.44B,29.37%,$162,$38,$124,$33,$56,$127,$35,$14,$40,$18,$22,$19,$19,$33,$35,$284,294,$0.07,$0.07,$253,$0,$23,$338,$0,$96,$73,$21,$190,$609,$170,$0,$0,$2,$171,$0,$250,$0,$438,$609,$98,$8,$0,$8,$0,$0,$0,$0,$32,$151,$-26,$0,$-26,$0,$0,$-51,$-9,$-112,$0,$0,$0,$0,$14,$0,$0,$14,$53,$0,$0
25,2009-09-30,14.7,$0.00,0.0,$1.02,14.36,$0.26,55.61,$0.32,46.66,$0.30B,$0.14B,2.12,$0.00B,$0.41B,0.0,$0.28B,$0.21B,77.82%,$0.28B,$0.10B,35.64%,$0.28B,$0.10B,35.64%,$0.28B,$0.10B,35.64%,$0.28B,$0.10B,35.64%,$0.28B,$0.09B,31.64%,$0.09B,$0.41B,25.64%,$0.09B,$0.35B,29.59%,$0.09B,$0.55B,18.97%,$0.10B,$0.41B,28.89%,$153,$36,$117,$31,$50,$117,$36,$9,$37,$10,$27,$27,$27,$29,$36,$283,298,$0.10,$0.09,$207,$0,$27,$295,$0,$94,$63,$31,$189,$553,$139,$0,$0,$0,$139,$0,$233,$0,$413,$553,$0,$0,$0,$0,$0,$0,$0,$0,$0,$0,$0,$0,$0,$0,$0,$0,$0,$0,$0,$0,$0,$0,$0,$0,$0,$0,$0,$0,$0
26,2009-06-30,11.58,$0.00,0.0,$0.93,12.44,$0.26,43.79,$0.27,42.48,$0.25B,$0.13B,2.03,$0.00B,$0.35B,0.0,$0.25B,$0.19B,77.60%,$0.25B,$0.09B,34.00%,$0.25B,$0.09B,34.00%,$0.25B,$0.09B,34.00%,$0.25B,$0.09B,34.80%,$0.25B,$0.07B,29.60%,$0.07B,$0.35B,24.36%,$0.07B,$0.29B,27.46%,$0.07B,$0.50B,17.70%,$0.09B,$0.35B,27.98%,$157,$38,$119,$29,$50,$117,$39,$11,$51,$12,$39,$40,$40,$29,$39,$287,297,$0.14,$0.14,$182,$0,$15,$254,$0,$93,$63,$31,$187,$500,$125,$0,$0,$24,$149,$0,$196,$0,$351,$500,$0,$0,$0,$0,$0,$0,$0,$0,$0,$0,$0,$0,$0,$0,$0,$0,$0,$0,$0,$0,$0,$0,$0,$0,$0,$0,$0,$0,$0
27,2009-03-31,6.85,$0.00,0.0,$0.87,7.85,$0.26,25.92,$0.25,27.68,$0.26B,$0.10B,2.76,$0.00B,$0.31B,0.0,$0.24B,$0.18B,77.45%,$0.24B,$0.08B,33.19%,$0.24B,$0.08B,33.19%,$0.24B,$0.08B,33.19%,$0.24B,$0.08B,35.32%,$0.24B,$0.07B,28.94%,$0.07B,$0.31B,24.42%,$0.07B,$0.29B,26.59%,$0.07B,$0.41B,18.03%,$0.08B,$0.31B,28.01%,$163,$35,$127,$25,$44,$105,$58,$13,$61,$13,$48,$51,$51,$20,$58,$291,309,$0.18,$0.17,$202,$0,$13,$263,$0,$42,$26,$24,$91,$406,$95,$0,$0,$0,$96,$0,$182,$0,$310,$406,$0,$0,$0,$0,$0,$0,$0,$0,$0,$0,$0,$0,$0,$0,$0,$0,$0,$0,$0,$0,$0,$0,$0,$0,$0,$0,$0,$0,$0
28,2008-12-31,5.95,$0.00,0.0,$0.84,7.1,$0.26,22.51,$0.23,25.59,$0.24B,$0.09B,2.61,$0.00B,$0.28B,0.0,$0.23B,$0.18B,78.22%,$0.23B,$0.07B,32.89%,$0.23B,$0.07B,32.89%,$0.23B,$0.07B,32.89%,$0.23B,$0.08B,35.56%,$0.23B,$0.06B,28.44%,$0.06B,$0.28B,24.90%,$0.06B,$0.25B,27.12%,$0.06B,$0.38B,17.95%,$0.07B,$0.28B,28.79%,$129,$29,$100,$21,$37,$87,$42,$6,$48,$7,$40,$41,$41,$20,$42,$291,291,$0.14,$0.14,$184,$0,$15,$239,$0,$35,$29,$21,$85,$375,$92,$0,$0,$0,$92,$0,$167,$0,$283,$375,$65,$6,$0,$6,$0,$0,$0,$0,$-1,$87,$-17,$0,$0,$0,$0,$-49,$-7,$-73,$0,$0,$0,$0,$6,$-16,$0,$-11,$1,$0,$0
29,2008-09-30,9.65,$0.00,0.0,$0.96,10.09,$0.36,27.16,$0.24,41.07,$0.28B,$0.12B,2.33,$0.00B,$0.27B,0.0,$0.21B,$0.17B,78.77%,$0.21B,$0.07B,32.08%,$0.21B,$0.07B,32.08%,$0.21B,$0.07B,32.08%,$0.21B,$0.08B,39.15%,$0.21B,$0.07B,30.66%,$0.07B,$0.27B,27.54%,$0.07B,$0.25B,29.65%,$0.07B,$0.39B,19.37%,$0.07B,$0.27B,28.81%,$124,$25,$99,$20,$32,$77,$48,$5,$45,$10,$35,$36,$36,$16,$48,$287,304,$0.13,$0.12,$207,$0,$19,$279,$0,$31,$19,$22,$71,$391,$120,$0,$0,$0,$120,$0,$150,$0,$271,$391,$0,$0,$0,$0,$0,$0,$0,$0,$0,$0,$0,$0,$0,$0,$0,$0,$0,$0,$0,$0,$0,$0,$0,$0,$0,$0,$0,$0,$0
30,2008-06-30,11.45,$0.00,0.0,$0.91,12.62,$0.36,32.2,$0.23,49.23,$0.25B,$0.09B,2.9,$0.00B,$0.25B,0.0,$0.20B,$0.16B,80.00%,$0.20B,$0.07B,33.50%,$0.20B,$0.07B,33.50%,$0.20B,$0.07B,33.50%,$0.20B,$0.08B,40.50%,$0.20B,$0.07B,32.50%,$0.07B,$0.25B,30.16%,$0.07B,$0.23B,32.38%,$0.07B,$0.34B,21.14%,$0.07B,$0.25B,31.09%,$119,$27,$92,$19,$33,$80,$39,$8,$55,$10,$45,$46,$46,$22,$39,$287,306,$0.16,$0.15,$188,$0,$12,$249,$0,$9,$19,$22,$49,$337,$86,$0,$0,$0,$86,$0,$133,$0,$250,$337,$0,$0,$0,$0,$0,$0,$0,$0,$0,$0,$0,$0,$0,$0,$0,$0,$0,$0,$0,$0,$0,$0,$0,$0,$0,$0,$0,$0,$0
31,2008-03-31,13.23,$0.00,0.0,$0.85,15.64,$0.36,37.22,$0.21,62.24,$0.24B,$0.10B,2.4,$0.00B,$0.22B,0.0,$0.18B,$0.15B,80.22%,$0.18B,$0.06B,32.97%,$0.18B,$0.06B,32.97%,$0.18B,$0.06B,32.97%,$0.18B,$0.07B,39.56%,$0.18B,$0.06B,32.97%,$0.06B,$0.22B,30.81%,$0.06B,$0.21B,33.01%,$0.06B,$0.32B,21.20%,$0.06B,$0.22B,30.81%,$129,$26,$103,$18,$31,$75,$54,$8,$54,$9,$45,$48,$48,$16,$54,$287,304,$0.17,$0.16,$178,$0,$11,$237,$0,$10,$18,$22,$49,$323,$99,$0,$0,$0,$99,$0,$113,$0,$224,$323,$0,$0,$0,$0,$0,$0,$0,$0,$0,$0,$0,$0,$0,$0,$0,$0,$0,$0,$0,$0,$0,$0,$0,$0,$0,$0,$0,$0,$0
32,2007-12-31,14.34,$0.00,0.0,$0.78,18.27,$0.36,40.34,$0.19,73.98,$0.21B,$0.09B,2.3,$0.00B,$0.20B,0.0,$0.17B,$0.13B,80.61%,$0.17B,$0.06B,33.33%,$0.17B,$0.06B,33.33%,$0.17B,$0.06B,33.33%,$0.17B,$0.06B,38.18%,$0.17B,$0.05B,32.73%,$0.05B,$0.20B,30.86%,$0.05B,$0.19B,32.98%,$0.05B,$0.29B,21.32%,$0.06B,$0.20B,31.43%,$109,$22,$87,$16,$26,$65,$45,$4,$42,$8,$34,$35,$35,$14,$45,$286,303,$0.12,$0.12,$166,$0,$10,$212,$0,$11,$11,$20,$43,$291,$92,$0,$0,$0,$93,$0,$95,$0,$199,$291,$55,$4,$0,$4,$0,$0,$0,$0,$-3,$67,$-17,$0,$0,$0,$0,$-19,$-0,$-37,$0,$0,$0,$0,$12,$-10,$0,$2,$30,$0,$0
33,2007-09-30,12.92,$0.00,0.0,$0.43,29.94,0,0.0,$0.13,102.31,$0.21B,$0.09B,2.29,$0.00B,$0.19B,0.0,$0.15B,$0.12B,80.82%,$0.15B,$0.05B,34.93%,$0.15B,$0.05B,34.93%,$0.15B,$0.05B,34.93%,$0.15B,$0.05B,35.62%,$0.15B,$0.04B,30.14%,$0.04B,$0.19B,27.80%,$0.04B,$0.18B,29.88%,$0.04B,$0.28B,19.38%,$0.05B,$0.19B,32.23%,$86,$19,$67,$15,$24,$57,$29,$1,$30,$4,$26,$28,$28,$15,$29,$276,292,$0.10,$0.10,$161,$0,$15,$205,$0,$11,$11,$17,$39,$279,$90,$0,$0,$0,$90,$0,$90,$0,$189,$279,$0,$0,$0,$0,$0,$0,$0,$0,$0,$0,$0,$0,$0,$0,$0,$0,$0,$0,$0,$0,$0,$0,$0,$0,$0,$0,$0,$0,$0
34,2007-06-30,9.81,$0.00,0.0,$0.38,25.63,0,0.0,$0.11,93.32,$0.17B,$0.07B,2.36,$0.00B,$0.17B,0.0,$0.13B,$0.11B,80.92%,$0.13B,$0.05B,35.11%,$0.13B,$0.05B,35.11%,$0.13B,$0.05B,35.11%,$0.13B,$0.05B,34.35%,$0.13B,$0.04B,28.24%,$0.04B,$0.17B,25.92%,$0.04B,$0.16B,27.61%,$0.04B,$0.24B,18.62%,$0.05B,$0.17B,32.22%,$88,$19,$70,$13,$24,$55,$33,$5,$33,$7,$26,$28,$28,$15,$33,$272,288,$0.11,$0.10,$130,$0,$9,$170,$0,$11,$11,$15,$36,$239,$72,$0,$0,$0,$72,$0,$74,$0,$167,$239,$0,$0,$0,$0,$0,$0,$0,$0,$0,$0,$0,$0,$0,$0,$0,$0,$0,$0,$0,$0,$0,$0,$0,$0,$0,$0,$0,$0,$0
35,2007-03-31,8.33,$0.00,0.0,$0.32,26.01,0,0.0,$0.09,91.11,$0.15B,$0.06B,2.47,$0.00B,$0.15B,0.0,$0.12B,$0.09B,81.74%,$0.12B,$0.04B,35.65%,$0.12B,$0.04B,35.65%,$0.12B,$0.04B,35.65%,$0.12B,$0.04B,34.78%,$0.12B,$0.03B,28.70%,$0.03B,$0.15B,25.38%,$0.03B,$0.13B,26.72%,$0.03B,$0.20B,18.57%,$0.04B,$0.15B,31.54%,$80,$18,$62,$12,$21,$51,$29,$1,$30,$4,$26,$28,$28,$11,$29,$269,269,$0.10,$0.10,$112,$0,$8,$145,$0,$10,$10,$13,$33,$204,$59,$0,$0,$0,$59,$0,$62,$0,$145,$204,$0,$0,$0,$0,$0,$0,$0,$0,$0,$0,$0,$0,$0,$0,$0,$0,$0,$0,$0,$0,$0,$0,$0,$0,$0,$0,$0,$0,$0
36,2006-12-31,7.75,$0.00,0.0,$0.28,27.68,0,0.0,$0.08,93.87,$0.14B,$0.05B,2.5,$0.00B,$0.13B,0.0,$0.10B,$0.09B,81.73%,$0.10B,$0.04B,36.54%,$0.10B,$0.04B,36.54%,$0.10B,$0.04B,36.54%,$0.10B,$0.04B,35.58%,$0.10B,$0.03B,29.81%,$0.03B,$0.13B,25.89%,$0.03B,$0.12B,26.78%,$0.03B,$0.19B,19.14%,$0.04B,$0.13B,31.73%,$74,$16,$59,$11,$19,$46,$29,$3,$27,$5,$22,$23,$23,$10,$29,$284,268,$0.08,$0.09,$109,$0,$8,$135,$0,$10,$11,$10,$31,$186,$54,$0,$0,$0,$54,$0,$53,$0,$132,$186,$31,$2,$0,$2,$0,$0,$0,$0,$5,$45,$-12,$0,$0,$0,$0,$-10,$-4,$-27,$0,$0,$0,$0,$5,$-9,$0,$-3,$14,$0,$0
