,Date,Stock Price,Book Value per Share,Price to Book Ratio,TTM Sales per Share,Price to Sales Ratio,TTM FCF per Share,Price to FCF Ratio,TTM Net EPS,PE Ratio,Current Assets,Current Liabilities,Current Ratio,Long Term Debt,Shareholder's Equity_x,Debt to Equity Ratio,TTM Revenue_x,TTM Gross Profit,Gross Margin,TTM Revenue_y,TTM Operating Income,Operating Margin,TTM Revenue_x,TTM EBIT,EBIT Margin,TTM Revenue_y,TTM EBITDA,EBITDA Margin,TTM Revenue_x,TTM Pre-Tax Income,Pre-Tax Margin,TTM Revenue_y,TTM Net Income_x,Net Margin,TTM Net Income_y,Shareholder's Equity_y,Return on Equity,TTM Net Income_x,Tangible Equity,Return on Tangible Equity,TTM Net Income_y,Total Assets,Return on Assets,TTM Net Income,LT Investments & Debt,Return on Investment,revenue,cost-goods-sold,gross-profit,research-development-expenses,selling-general-administrative-expenses,operating-expenses,operating-income,total-non-operating-income-expense,pre-tax-income,total-provision-income-taxes,income-after-taxes,income-from-continuous-operations,net-income,ebitda,ebit,basic-shares-outstanding,shares-outstanding,eps-basic-net-earnings-per-share,eps-earnings-per-share-diluted,cash-on-hand,inventory,other-current-assets,total-current-assets,net-property-plant-equipment,long-term-investments,goodwill-intangible-assets-total,other-long-term-assets,total-long-term-assets,total-assets,total-current-liabilities,long-term-debt,other-non-current-liabilities,total-long-term-liabilities,total-liabilities,common-stock-net,retained-earnings-accumulated-deficit,comprehensive-income,total-share-holder-equity,total-liabilities-share-holders-equity,net-income-loss,total-depreciation-amortization-cash-flow,other-non-cash-items,total-non-cash-items,change-in-accounts-receivable,change-in-inventories,change-in-accounts-payable,change-in-assets-liabilities,total-change-in-assets-liabilities,cash-flow-from-operating-activities,net-change-in-property-plant-equipment,net-change-in-intangible-assets,net-acquisitions-divestitures,net-change-in-short-term-investments,net-change-in-long-term-investments,net-change-in-investments-total,investing-activities-other,cash-flow-from-investing-activities,net-long-term-debt,net-current-debt,debt-issuance-retirement-net-total,net-common-equity-issued-repurchased,net-total-equity-issued-repurchased,total-common-preferred-stock-dividends-paid,financial-activities-other,cash-flow-from-financial-activities,net-cash-flow,stock-based-compensation,common-stock-dividends-paid
0,2018-09-30,34.3,$11.37,3.02,$13.75,2.49,$2.64,13.02,$0.44,77.95,$0.24B,$0.11B,2.26,$0.05B,$0.38B,0.13,$0.46B,$0.16B,33.55%,$0.46B,$0.04B,9.52%,$0.46B,$0.04B,9.52%,$0.46B,$0.07B,14.50%,$0.46B,$0.04B,8.87%,$0.46B,$0.02B,3.25%,$0.02B,$0.38B,4.17%,$0.02B,$0.24B,6.69%,$0.02B,$0.55B,2.75%,$0.04B,$0.43B,10.37%,$119,$77,$42,$7,$18,$103,$16,$-2,$14,$4,$10,$10,$10,$22,$16,$33,34,$0.31,$0.30,$104,$42,$14,$239,$97,$0,$133,$2,$311,$550,$106,$50,$6,$68,$173,$304,$445,$-74,$376,$550,$29,$16,$7,$24,$-9,$-6,$5,$-1,$-10,$43,$-21,$0,$0,$0,$0,$0,$0,$-21,$-26,$0,$-26,$0,$0,$-4,$-1,$-32,$-10,$4,$-4
1,2018-06-30,36.0,$10.99,3.27,$13.40,2.69,$3.05,11.8,$0.43,83.72,$0.23B,$0.11B,2.21,$0.06B,$0.36B,0.16,$0.45B,$0.15B,33.63%,$0.45B,$0.04B,9.13%,$0.45B,$0.04B,9.13%,$0.45B,$0.06B,14.03%,$0.45B,$0.04B,9.13%,$0.45B,$0.02B,3.34%,$0.02B,$0.36B,4.25%,$0.02B,$0.23B,6.95%,$0.02B,$0.54B,2.76%,$0.04B,$0.42B,9.65%,$118,$76,$42,$6,$20,$103,$15,$-3,$12,$4,$7,$7,$7,$20,$15,$33,34,$0.22,$0.21,$103,$42,$12,$232,$94,$0,$135,$2,$310,$543,$105,$57,$6,$74,$179,$307,$436,$-76,$364,$543,$19,$11,$2,$13,$-5,$-5,$5,$1,$-4,$28,$-15,$0,$0,$0,$0,$0,$0,$-15,$-19,$0,$-19,$0,$0,$-3,$-1,$-23,$-11,$2,$-3
2,2018-03-31,27.17,$10.77,2.52,$13.06,2.08,$3.09,8.78,$0.52,52.25,$0.24B,$0.10B,2.37,$0.07B,$0.36B,0.21,$0.44B,$0.15B,33.18%,$0.44B,$0.04B,8.92%,$0.44B,$0.04B,8.92%,$0.44B,$0.06B,13.96%,$0.44B,$0.04B,9.84%,$0.44B,$0.02B,4.12%,$0.02B,$0.36B,5.21%,$0.02B,$0.22B,8.65%,$0.02B,$0.55B,3.32%,$0.04B,$0.43B,9.13%,$114,$75,$38,$7,$17,$100,$13,$2,$15,$4,$12,$12,$12,$19,$13,$33,34,$0.35,$0.34,$121,$38,$13,$243,$91,$0,$136,$2,$306,$549,$102,$74,$6,$90,$193,$306,$430,$-77,$356,$549,$12,$5,$2,$8,$1,$-1,$3,$-0,$1,$20,$-7,$0,$0,$0,$0,$0,$0,$-7,$-2,$0,$-2,$0,$0,$-1,$-1,$-5,$8,$1,$-1
3,2017-12-31,25.68,$10.44,2.46,$12.67,2.03,$2.88,8.93,$0.43,59.73,$0.23B,$0.10B,2.28,$0.08B,$0.34B,0.22,$0.42B,$0.14B,33.33%,$0.42B,$0.04B,8.98%,$0.42B,$0.04B,8.98%,$0.42B,$0.06B,13.95%,$0.42B,$0.04B,9.46%,$0.42B,$0.01B,3.31%,$0.01B,$0.34B,4.14%,$0.01B,$0.21B,6.87%,$0.01B,$0.54B,2.61%,$0.04B,$0.42B,8.95%,$111,$78,$33,$7,$25,$111,$-0,$0,$0,$14,$-14,$-14,$-14,$6,$-0,$33,33,$-0.41,$-0.41,$114,$37,$13,$234,$88,$0,$138,$2,$306,$540,$102,$76,$6,$93,$196,$305,$420,$-79,$344,$540,$14,$21,$33,$54,$-5,$-5,$5,$1,$-10,$58,$-18,$0,$-19,$0,$0,$0,$0,$-37,$-13,$-1,$-14,$0,$0,$-5,$-2,$-21,$-0,$4,$-5
4,2017-09-30,24.0,$10.52,2.28,$12.41,1.93,$2.84,8.46,$1.09,22.02,$0.23B,$0.10B,2.28,$0.08B,$0.35B,0.24,$0.41B,$0.14B,34.78%,$0.41B,$0.05B,12.56%,$0.41B,$0.05B,12.56%,$0.41B,$0.07B,17.39%,$0.41B,$0.05B,12.32%,$0.41B,$0.04B,8.70%,$0.04B,$0.35B,10.85%,$0.04B,$0.21B,17.98%,$0.04B,$0.54B,6.77%,$0.05B,$0.43B,12.34%,$106,$69,$38,$6,$16,$93,$13,$1,$14,$4,$10,$10,$10,$18,$13,$33,33,$0.29,$0.29,$116,$35,$13,$230,$84,$0,$138,$2,$314,$543,$101,$82,$7,$96,$197,$305,$435,$-89,$347,$543,$28,$15,$9,$24,$0,$-4,$3,$-1,$-5,$47,$-12,$0,$-19,$0,$0,$0,$0,$-31,$-7,$-1,$-8,$0,$0,$-4,$-2,$-13,$2,$3,$-4
5,2017-06-30,21.48,$10.22,2.1,$12.22,1.76,$2.73,7.86,$0.91,23.6,$0.22B,$0.10B,2.35,$0.09B,$0.34B,0.28,$0.41B,$0.14B,35.05%,$0.41B,$0.05B,12.50%,$0.41B,$0.05B,12.50%,$0.41B,$0.07B,17.65%,$0.41B,$0.05B,12.01%,$0.41B,$0.03B,7.35%,$0.03B,$0.34B,9.33%,$0.03B,$0.20B,15.56%,$0.03B,$0.54B,5.72%,$0.05B,$0.43B,12.30%,$106,$70,$36,$6,$16,$92,$13,$1,$14,$4,$10,$10,$10,$18,$13,$33,33,$0.30,$0.30,$108,$36,$12,$223,$85,$0,$139,$2,$316,$538,$95,$93,$8,$107,$202,$305,$427,$-91,$336,$538,$18,$10,$5,$15,$-2,$-5,$2,$2,$-10,$23,$-9,$0,$-19,$0,$0,$0,$0,$-28,$4,$0,$4,$0,$0,$-3,$-2,$-0,$-6,$2,$-3
6,2017-03-31,21.14,$9.93,2.13,$12.03,1.76,$2.94,7.19,$1.05,20.13,$0.23B,$0.09B,2.44,$0.09B,$0.33B,0.29,$0.40B,$0.14B,35.16%,$0.40B,$0.06B,15.46%,$0.40B,$0.06B,15.46%,$0.40B,$0.08B,20.70%,$0.40B,$0.06B,14.21%,$0.40B,$0.03B,8.48%,$0.03B,$0.33B,10.85%,$0.03B,$0.20B,18.23%,$0.03B,$0.53B,6.54%,$0.06B,$0.42B,15.10%,$100,$66,$34,$6,$15,$88,$12,$0,$12,$4,$8,$8,$8,$17,$12,$33,33,$0.26,$0.25,$122,$31,$11,$227,$83,$0,$125,$2,$300,$528,$93,$94,$8,$109,$202,$304,$418,$-92,$326,$528,$8,$5,$3,$7,$0,$-2,$1,$2,$-6,$10,$-4,$0,$0,$0,$0,$0,$0,$-4,$5,$0,$5,$0,$0,$-1,$-2,$2,$8,$1,$-1
7,2016-12-31,22.19,$9.70,2.29,$11.95,1.86,$2.76,8.04,$1.04,21.34,$0.22B,$0.10B,2.2,$0.09B,$0.32B,0.28,$0.40B,$0.14B,35.18%,$0.40B,$0.06B,15.58%,$0.40B,$0.06B,15.58%,$0.40B,$0.08B,20.60%,$0.40B,$0.06B,14.32%,$0.40B,$0.03B,8.54%,$0.03B,$0.32B,11.19%,$0.03B,$0.19B,19.37%,$0.03B,$0.52B,6.50%,$0.06B,$0.41B,15.01%,$102,$66,$36,$6,$15,$87,$14,$-3,$11,$3,$8,$8,$8,$19,$14,$33,33,$0.26,$0.24,$114,$29,$11,$216,$82,$0,$126,$2,$302,$518,$98,$89,$3,$102,$200,$303,$411,$-93,$318,$518,$34,$19,$-0,$19,$-7,$-2,$1,$-1,$-6,$47,$-8,$0,$-73,$0,$0,$0,$0,$-81,$-2,$0,$-2,$0,$0,$-5,$-2,$-9,$-43,$3,$-5
8,2016-09-30,18.4,$9.35,1.97,$11.68,1.57,$2.52,7.29,$0.37,49.72,$0.22B,$0.10B,2.14,$0.10B,$0.31B,0.31,$0.39B,$0.13B,34.45%,$0.39B,$0.05B,12.60%,$0.39B,$0.05B,12.60%,$0.39B,$0.07B,17.48%,$0.39B,$0.05B,11.57%,$0.39B,$0.01B,3.08%,$0.01B,$0.31B,4.07%,$0.01B,$0.18B,6.64%,$0.01B,$0.51B,2.33%,$0.05B,$0.40B,12.12%,$100,$63,$37,$6,$16,$87,$12,$-1,$12,$8,$4,$4,$4,$18,$12,$33,33,$0.11,$0.11,$114,$29,$11,$217,$79,$0,$128,$1,$297,$514,$101,$96,$3,$106,$207,$302,$404,$-97,$306,$514,$26,$14,$-3,$11,$-6,$-2,$3,$-2,$-3,$34,$-2,$0,$-73,$0,$0,$0,$0,$-75,$5,$0,$5,$0,$0,$-4,$-2,$-0,$-42,$2,$-4
9,2016-06-30,17.68,$9.24,1.91,$11.45,1.54,$2.16,8.19,$0.11,160.77,$0.22B,$0.10B,2.27,$0.11B,$0.30B,0.37,$0.38B,$0.13B,33.68%,$0.38B,$0.03B,8.68%,$0.38B,$0.03B,8.68%,$0.38B,$0.05B,13.16%,$0.38B,$0.03B,6.84%,$0.38B,$0.00B,0.79%,$0.00B,$0.30B,1.03%,$0.00B,$0.17B,1.55%,$0.00B,$0.52B,0.59%,$0.03B,$0.41B,8.24%,$99,$64,$34,$6,$16,$75,$24,$-2,$22,$8,$14,$14,$14,$29,$24,$33,33,$0.44,$0.44,$120,$26,$12,$220,$77,$0,$129,$1,$299,$520,$97,$111,$2,$120,$217,$302,$402,$-98,$303,$520,$22,$9,$-8,$1,$-6,$1,$0,$-4,$-7,$16,$5,$0,$-73,$0,$0,$0,$0,$-68,$20,$0,$20,$0,$0,$-3,$-2,$16,$-37,$1,$-3
10,2016-03-31,15.5,$8.80,1.76,$11.46,1.35,$1.87,8.28,$0.24,64.58,$0.24B,$0.10B,2.34,$0.14B,$0.29B,0.49,$0.38B,$0.13B,33.33%,$0.38B,$0.02B,5.25%,$0.38B,$0.02B,5.25%,$0.38B,$0.03B,8.92%,$0.38B,$0.02B,3.94%,$0.38B,$0.01B,2.10%,$0.01B,$0.29B,2.73%,$0.01B,$0.16B,3.81%,$0.01B,$0.54B,1.60%,$0.02B,$0.43B,5.06%,$97,$63,$33,$6,$15,$84,$12,$-0,$12,$4,$8,$8,$8,$16,$12,$33,33,$0.24,$0.24,$131,$26,$14,$236,$77,$0,$131,$1,$305,$540,$101,$141,$3,$152,$252,$302,$388,$-98,$288,$540,$8,$4,$-1,$3,$-8,$1,$2,$-5,$-8,$3,$-3,$0,$-73,$0,$0,$0,$0,$-76,$51,$0,$51,$0,$0,$-1,$-2,$48,$-26,$0,$-1
11,2015-12-31,17.32,$8.65,2.0,$11.43,1.52,$1.85,9.35,$0.19,91.18,$0.25B,$0.10B,2.6,$0.09B,$0.28B,0.32,$0.38B,$0.13B,32.98%,$0.38B,$0.02B,4.71%,$0.38B,$0.02B,4.71%,$0.38B,$0.03B,8.90%,$0.38B,$0.01B,3.14%,$0.38B,$0.01B,1.57%,$0.01B,$0.28B,2.04%,$0.01B,$0.21B,2.65%,$0.01B,$0.48B,1.24%,$0.02B,$0.37B,4.71%,$93,$63,$30,$6,$16,$92,$1,$-2,$-1,$13,$-14,$-14,$-14,$5,$1,$33,33,$-0.41,$-0.40,$157,$25,$10,$246,$70,$0,$69,$1,$237,$483,$95,$91,$9,$107,$202,$301,$382,$-99,$282,$483,$7,$16,$12,$29,$1,$2,$-5,$2,$3,$39,$-8,$0,$-1,$0,$0,$0,$0,$-9,$16,$0,$16,$-18,$-18,$-5,$-0,$-8,$22,$3,$-5
12,2015-09-30,18.14,$9.05,2.01,$11.59,1.57,$1.66,10.92,$0.82,22.12,$0.26B,$0.09B,2.81,$0.09B,$0.30B,0.31,$0.39B,$0.13B,33.16%,$0.39B,$0.03B,6.94%,$0.39B,$0.03B,6.94%,$0.39B,$0.04B,10.03%,$0.39B,$0.02B,5.66%,$0.39B,$0.03B,6.94%,$0.03B,$0.30B,9.11%,$0.03B,$0.23B,11.80%,$0.03B,$0.49B,5.67%,$0.03B,$0.39B,7.10%,$91,$59,$31,$6,$13,$94,$-4,$-3,$-7,$-2,$-5,$-5,$-5,$0,$-4,$33,33,$-0.15,$-0.15,$151,$27,$21,$258,$69,$0,$66,$1,$231,$489,$92,$91,$8,$102,$193,$301,$397,$-102,$296,$489,$21,$12,$6,$18,$-4,$-0,$-5,$-1,$-14,$24,$-5,$0,$0,$0,$0,$0,$0,$-5,$16,$0,$16,$-16,$-16,$-4,$0,$-4,$16,$3,$-4
13,2015-06-30,18.84,$9.29,2.03,$11.75,1.6,$1.31,14.41,$1.21,15.57,$0.26B,$0.08B,3.13,$0.09B,$0.31B,0.29,$0.40B,$0.13B,32.66%,$0.40B,$0.04B,10.55%,$0.40B,$0.04B,10.55%,$0.40B,$0.06B,14.07%,$0.40B,$0.04B,10.30%,$0.40B,$0.04B,10.05%,$0.04B,$0.31B,13.32%,$0.04B,$0.24B,17.26%,$0.04B,$0.49B,8.39%,$0.04B,$0.39B,11.00%,$100,$67,$33,$5,$15,$90,$11,$0,$11,$-8,$19,$19,$19,$13,$11,$33,34,$0.58,$0.57,$147,$30,$21,$262,$70,$0,$67,$1,$228,$489,$83,$89,$9,$100,$184,$301,$403,$-102,$306,$489,$25,$8,$9,$17,$-7,$-3,$2,$-16,$-26,$15,$-4,$0,$0,$0,$0,$0,$0,$-4,$14,$0,$14,$-11,$-11,$-3,$0,$-0,$12,$2,$-3
14,2015-03-31,17.55,$8.80,1.99,$11.78,1.49,$1.14,15.44,$0.83,21.15,$0.26B,$0.08B,3.07,$0.08B,$0.29B,0.28,$0.40B,$0.13B,32.67%,$0.40B,$0.04B,10.22%,$0.40B,$0.04B,10.22%,$0.40B,$0.06B,14.71%,$0.40B,$0.04B,9.98%,$0.40B,$0.03B,6.73%,$0.03B,$0.29B,9.00%,$0.03B,$0.23B,11.71%,$0.03B,$0.47B,5.69%,$0.04B,$0.38B,10.83%,$98,$66,$32,$5,$16,$88,$10,$-1,$9,$3,$6,$6,$6,$16,$10,$33,34,$0.19,$0.19,$138,$29,$21,$255,$70,$0,$68,$1,$216,$471,$83,$83,$9,$95,$178,$301,$385,$-104,$293,$471,$6,$6,$2,$8,$-11,$-1,$0,$-3,$-14,$0,$-1,$0,$0,$0,$0,$0,$0,$-1,$8,$0,$8,$-3,$-3,$-1,$0,$4,$4,$2,$-1
15,2014-12-31,17.36,$8.68,2.0,$11.82,1.47,$0.95,18.22,$0.79,21.97,$0.24B,$0.08B,3.01,$0.08B,$0.29B,0.26,$0.40B,$0.13B,32.18%,$0.40B,$0.04B,10.40%,$0.40B,$0.04B,10.40%,$0.40B,$0.06B,14.85%,$0.40B,$0.04B,9.90%,$0.40B,$0.03B,6.44%,$0.03B,$0.29B,8.60%,$0.03B,$0.22B,11.22%,$0.03B,$0.46B,5.47%,$0.04B,$0.37B,11.08%,$100,$67,$33,$6,$18,$90,$10,$-2,$9,$2,$7,$7,$7,$10,$10,$34,34,$0.21,$0.20,$135,$28,$21,$240,$71,$0,$69,$1,$217,$457,$80,$75,$9,$87,$167,$300,$380,$-104,$290,$457,$27,$17,$9,$26,$4,$3,$-3,$-7,$-19,$33,$-8,$0,$0,$0,$0,$0,$0,$-8,$0,$0,$0,$-7,$-7,$-5,$-4,$-16,$10,$3,$-5
16,2014-09-30,15.44,$9.29,1.66,$11.87,1.3,$0.95,16.25,$0.49,31.5,$0.24B,$0.08B,2.9,$0.08B,$0.31B,0.26,$0.41B,$0.13B,31.28%,$0.41B,$0.04B,9.11%,$0.41B,$0.04B,9.11%,$0.41B,$0.06B,15.02%,$0.41B,$0.04B,9.11%,$0.41B,$0.02B,3.94%,$0.02B,$0.31B,5.26%,$0.02B,$0.24B,6.88%,$0.02B,$0.49B,3.33%,$0.04B,$0.39B,9.72%,$100,$67,$32,$6,$14,$89,$11,$1,$12,$4,$8,$8,$8,$17,$11,$34,34,$0.24,$0.24,$131,$30,$21,$244,$74,$0,$70,$1,$244,$489,$84,$80,$5,$93,$177,$300,$375,$-79,$312,$489,$20,$17,$1,$18,$-1,$2,$-1,$-7,$-23,$15,$-7,$0,$0,$0,$0,$0,$0,$-7,$5,$0,$5,$-4,$-4,$-4,$0,$-2,$7,$2,$-4
17,2014-06-30,18.12,$9.08,2.0,$11.96,1.52,$1.15,15.73,$0.45,40.27,$0.24B,$0.09B,2.76,$0.08B,$0.31B,0.25,$0.41B,$0.13B,30.98%,$0.41B,$0.03B,8.29%,$0.41B,$0.03B,8.29%,$0.41B,$0.06B,14.39%,$0.41B,$0.03B,8.05%,$0.41B,$0.02B,3.66%,$0.02B,$0.31B,5.11%,$0.02B,$0.23B,6.83%,$0.02B,$0.48B,3.04%,$0.03B,$0.38B,8.89%,$103,$69,$34,$5,$16,$93,$10,$-0,$10,$3,$6,$6,$6,$16,$10,$34,34,$0.19,$0.19,$127,$28,$19,$236,$74,$0,$71,$1,$244,$480,$85,$76,$13,$89,$174,$300,$368,$-79,$305,$480,$11,$11,$1,$12,$1,$4,$-3,$-4,$-14,$10,$-4,$0,$0,$0,$0,$0,$0,$-4,$1,$0,$1,$-2,$-2,$-3,$0,$-4,$3,$1,$-3
18,2014-03-31,20.19,$8.93,2.26,$12.08,1.67,$1.04,19.44,$-0.08,0.0,$0.23B,$0.08B,2.78,$0.08B,$0.30B,0.25,$0.41B,$0.13B,30.34%,$0.41B,$0.03B,6.31%,$0.41B,$0.03B,6.31%,$0.41B,$0.05B,12.86%,$0.41B,$0.03B,6.07%,$0.41B,$-0.00B,-0.49%,$-0.00B,$0.30B,-0.71%,$-0.00B,$0.23B,-0.97%,$-0.00B,$0.47B,-0.40%,$0.03B,$0.38B,6.76%,$101,$70,$31,$6,$14,$90,$11,$-2,$9,$4,$5,$5,$5,$17,$11,$34,34,$0.15,$0.15,$119,$27,$18,$232,$74,$0,$72,$1,$243,$474,$83,$77,$13,$89,$172,$300,$363,$-81,$302,$474,$5,$6,$-1,$5,$-6,$5,$-3,$-2,$-16,$-6,$-1,$0,$0,$0,$0,$0,$0,$-1,$2,$0,$2,$1,$1,$-1,$0,$1,$-5,$1,$-1
19,2013-12-31,19.22,$8.84,2.17,$12.01,1.6,$1.01,19.1,$-0.13,0.0,$0.24B,$0.10B,2.48,$0.08B,$0.30B,0.25,$0.41B,$0.12B,29.58%,$0.41B,$0.02B,4.40%,$0.41B,$0.02B,4.40%,$0.41B,$0.05B,11.49%,$0.41B,$0.02B,4.40%,$0.41B,$-0.00B,-0.73%,$-0.00B,$0.30B,-1.09%,$-0.00B,$0.22B,-1.53%,$-0.00B,$0.48B,-0.57%,$0.02B,$0.37B,4.51%,$102,$72,$30,$5,$17,$97,$5,$1,$6,$2,$4,$4,$-3,$11,$5,$34,34,$-0.09,$-0.08,$124,$32,$17,$236,$75,$0,$73,$1,$244,$480,$95,$75,$5,$88,$184,$297,$359,$-82,$297,$480,$-4,$29,$28,$58,$-6,$-3,$5,$-13,$-16,$38,$-12,$0,$75,$0,$0,$0,$0,$63,$-79,$0,$-79,$-3,$-3,$-5,$0,$-87,$15,$4,$-5
20,2013-09-30,15.19,$8.01,1.9,$11.23,1.35,$1.08,14.02,$0.22,69.03,$0.31B,$0.12B,2.53,$0.13B,$0.27B,0.48,$0.38B,$0.11B,29.50%,$0.38B,$0.02B,5.48%,$0.38B,$0.02B,5.48%,$0.38B,$0.05B,13.05%,$0.38B,$0.02B,5.22%,$0.38B,$0.01B,2.35%,$0.01B,$0.27B,3.36%,$0.01B,$0.19B,4.84%,$0.01B,$0.54B,1.64%,$0.02B,$0.40B,5.11%,$104,$72,$32,$6,$18,$96,$8,$0,$8,$3,$5,$5,$7,$15,$8,$34,34,$0.20,$0.20,$97,$85,$30,$308,$89,$0,$79,$4,$232,$540,$122,$129,$20,$148,$270,$296,$363,$-116,$270,$540,$-1,$23,$17,$40,$-8,$-3,$4,$-3,$-13,$25,$-10,$0,$0,$0,$0,$0,$0,$-10,$-25,$0,$-25,$0,$0,$-4,$0,$-28,$-13,$3,$-4
21,2013-06-30,13.11,$7.77,1.69,$12.20,1.07,$1.01,12.93,$0.19,68.98,$0.29B,$0.12B,2.5,$0.13B,$0.26B,0.5,$0.42B,$0.11B,25.96%,$0.42B,$0.02B,4.81%,$0.42B,$0.02B,4.81%,$0.42B,$0.05B,11.54%,$0.42B,$0.02B,4.57%,$0.42B,$0.01B,1.92%,$0.01B,$0.26B,2.99%,$0.01B,$0.18B,4.06%,$0.01B,$0.53B,1.50%,$0.02B,$0.39B,4.96%,$105,$73,$32,$6,$17,$103,$2,$-0,$2,$12,$-10,$-10,$-11,$10,$2,$34,34,$-0.34,$-0.34,$86,$85,$29,$294,$91,$0,$80,$2,$235,$529,$117,$130,$20,$150,$267,$296,$358,$-119,$262,$529,$-8,$16,$16,$31,$-5,$-4,$3,$-1,$-13,$10,$-8,$0,$0,$0,$0,$0,$0,$-8,$-24,$0,$-24,$1,$1,$-2,$0,$-26,$-24,$2,$-2
22,2013-03-31,10.01,$8.04,1.24,$13.52,0.74,$1.03,9.73,$0.63,15.88,$0.32B,$0.11B,2.91,$0.16B,$0.27B,0.61,$0.47B,$0.10B,21.94%,$0.47B,$0.02B,5.16%,$0.47B,$0.02B,5.16%,$0.47B,$0.05B,10.75%,$0.47B,$0.02B,4.73%,$0.47B,$0.02B,4.73%,$0.02B,$0.27B,8.19%,$0.02B,$0.19B,10.54%,$0.02B,$0.57B,4.20%,$0.02B,$0.43B,6.06%,$98,$71,$27,$6,$18,$95,$3,$-1,$2,$-1,$3,$3,$4,$11,$3,$34,34,$0.11,$0.10,$109,$82,$30,$315,$94,$0,$82,$1,$250,$565,$108,$164,$22,$186,$295,$294,$370,$-121,$270,$565,$4,$8,$-0,$8,$-5,$-0,$0,$-1,$-15,$-3,$-5,$0,$0,$0,$0,$0,$0,$-5,$11,$0,$11,$-1,$-1,$-1,$0,$9,$-0,$1,$-1
23,2012-12-31,10.15,$8.01,1.27,$14.88,0.68,$0.97,10.46,$0.60,16.92,$0.31B,$0.12B,2.69,$0.15B,$0.27B,0.57,$0.51B,$0.10B,18.87%,$0.51B,$0.02B,4.47%,$0.51B,$0.02B,4.47%,$0.51B,$0.05B,9.14%,$0.51B,$0.02B,4.28%,$0.51B,$0.02B,3.89%,$0.02B,$0.27B,7.48%,$0.02B,$0.18B,9.20%,$0.02B,$0.56B,3.92%,$0.02B,$0.42B,6.04%,$76,$53,$22,$5,$18,$68,$8,$0,$8,$2,$6,$6,$9,$14,$8,$34,34,$0.26,$0.26,$110,$82,$10,$309,$94,$0,$84,$1,$252,$561,$115,$154,$25,$178,$293,$292,$368,$-121,$268,$561,$20,$27,$0,$27,$10,$19,$-18,$-7,$-6,$42,$-14,$0,$-78,$0,$0,$0,$18,$-74,$79,$0,$79,$-9,$-9,$-5,$0,$66,$33,$4,$-5
24,2012-09-30,9.59,$8.04,1.19,$16.80,0.57,$0.21,46.13,$0.51,18.8,$0.27B,$0.10B,2.8,$0.10B,$0.27B,0.35,$0.58B,$0.10B,17.35%,$0.58B,$0.02B,3.78%,$0.58B,$0.02B,3.78%,$0.58B,$0.05B,7.73%,$0.58B,$0.02B,3.61%,$0.58B,$0.02B,2.92%,$0.02B,$0.27B,6.38%,$0.02B,$0.24B,7.40%,$0.02B,$0.48B,3.47%,$0.02B,$0.37B,6.11%,$137,$111,$27,$4,$19,$131,$7,$1,$7,$1,$6,$6,$6,$13,$7,$34,34,$0.17,$0.17,$89,$75,$25,$269,$90,$0,$37,$1,$212,$481,$96,$95,$18,$113,$209,$292,$360,$-111,$272,$481,$12,$20,$6,$26,$10,$19,$0,$-4,$-13,$25,$-12,$0,$-15,$0,$0,$0,$2,$-25,$20,$0,$20,$-5,$-5,$-4,$0,$12,$12,$3,$-4
25,2012-06-30,8.94,$7.83,1.14,$16.99,0.53,$-0.16,0.0,$0.51,17.52,$0.28B,$0.11B,2.53,$0.10B,$0.27B,0.37,$0.59B,$0.10B,17.09%,$0.59B,$0.02B,3.89%,$0.59B,$0.02B,3.89%,$0.59B,$0.05B,7.78%,$0.59B,$0.02B,3.55%,$0.59B,$0.02B,2.88%,$0.02B,$0.27B,6.27%,$0.02B,$0.23B,7.20%,$0.02B,$0.49B,3.41%,$0.02B,$0.36B,6.32%,$154,$128,$26,$5,$19,$149,$6,$-1,$5,$1,$3,$3,$3,$12,$6,$34,35,$0.10,$0.10,$83,$79,$24,$276,$91,$0,$38,$2,$214,$490,$109,$97,$18,$115,$225,$291,$355,$-113,$265,$490,$6,$13,$5,$18,$-0,$15,$0,$-2,$-11,$12,$-9,$0,$-15,$0,$0,$0,$2,$-22,$23,$0,$23,$-4,$-4,$-2,$0,$16,$7,$2,$-2
26,2012-03-31,9.94,$7.78,1.28,$16.72,0.59,$-0.17,0.0,$0.53,18.76,$0.29B,$0.12B,2.52,$0.11B,$0.27B,0.41,$0.58B,$0.10B,17.64%,$0.58B,$0.02B,3.77%,$0.58B,$0.02B,3.77%,$0.58B,$0.04B,7.53%,$0.58B,$0.02B,3.60%,$0.58B,$0.02B,3.08%,$0.02B,$0.27B,6.52%,$0.02B,$0.22B,7.42%,$0.02B,$0.51B,3.60%,$0.02B,$0.37B,6.06%,$147,$125,$22,$6,$19,$145,$2,$0,$2,$0,$2,$2,$2,$8,$2,$34,35,$0.07,$0.07,$84,$92,$27,$293,$90,$0,$42,$2,$215,$509,$116,$109,$19,$128,$244,$290,$353,$-113,$265,$509,$2,$7,$1,$7,$1,$3,$0,$-2,$-13,$-4,$-6,$0,$-15,$0,$0,$0,$2,$-19,$34,$0,$34,$-2,$-2,$-1,$0,$31,$8,$1,$-1
27,2011-12-31,8.67,$7.73,1.12,$16.81,0.52,$-0.03,0.0,$0.61,14.21,$0.28B,$0.12B,2.28,$0.07B,$0.26B,0.28,$0.59B,$0.11B,18.68%,$0.59B,$0.03B,4.41%,$0.59B,$0.03B,4.41%,$0.59B,$0.05B,7.98%,$0.59B,$0.03B,4.41%,$0.59B,$0.02B,3.57%,$0.02B,$0.26B,7.49%,$0.02B,$0.23B,8.43%,$0.02B,$0.48B,4.22%,$0.03B,$0.34B,7.22%,$144,$118,$26,$5,$17,$137,$7,$0,$7,$1,$6,$6,$6,$12,$7,$34,35,$0.17,$0.17,$76,$93,$11,$283,$85,$0,$30,$2,$197,$481,$124,$74,$19,$93,$218,$288,$352,$-115,$263,$481,$21,$23,$0,$23,$8,$-16,$3,$-9,$-21,$22,$-20,$0,$-3,$0,$0,$0,$7,$-16,$4,$0,$4,$-3,$-3,$-4,$0,$-3,$3,$4,$-4
28,2011-09-30,7.63,$8.48,0.9,$16.85,0.45,$0.13,59.28,$0.58,13.15,$0.29B,$0.12B,2.4,$0.09B,$0.29B,0.31,$0.59B,$0.11B,19.15%,$0.59B,$0.03B,4.24%,$0.59B,$0.03B,4.24%,$0.59B,$0.05B,7.80%,$0.59B,$0.03B,4.24%,$0.59B,$0.02B,3.39%,$0.02B,$0.29B,7.07%,$0.02B,$0.26B,7.96%,$0.02B,$0.52B,4.01%,$0.03B,$0.38B,6.91%,$146,$119,$27,$5,$18,$138,$8,$-0,$7,$2,$6,$6,$6,$14,$8,$34,35,$0.17,$0.17,$89,$91,$22,$293,$82,$0,$31,$2,$223,$516,$122,$90,$13,$103,$225,$288,$348,$-85,$291,$516,$15,$18,$1,$19,$7,$-14,$0,$-8,$-21,$13,$-13,$0,$-3,$0,$0,$0,$3,$-13,$20,$0,$20,$-1,$-1,$-3,$0,$16,$16,$3,$-3
29,2011-06-30,9.04,$8.30,1.09,$16.68,0.54,$0.10,93.39,$0.61,14.82,$0.28B,$0.12B,2.33,$0.08B,$0.29B,0.26,$0.58B,$0.12B,19.90%,$0.58B,$0.03B,4.29%,$0.58B,$0.03B,4.29%,$0.58B,$0.05B,7.72%,$0.58B,$0.03B,4.63%,$0.58B,$0.02B,3.60%,$0.02B,$0.29B,7.59%,$0.02B,$0.25B,8.59%,$0.02B,$0.50B,4.31%,$0.03B,$0.36B,7.10%,$147,$119,$28,$5,$18,$142,$5,$1,$5,$1,$4,$4,$4,$10,$5,$34,35,$0.12,$0.12,$75,$89,$24,$275,$79,$0,$32,$2,$220,$495,$118,$75,$17,$92,$210,$288,$343,$-85,$286,$495,$9,$11,$2,$13,$10,$-11,$0,$-6,$-13,$9,$-7,$0,$-3,$0,$0,$0,$0,$-9,$5,$0,$5,$0,$0,$-2,$0,$3,$2,$2,$-2
30,2011-03-31,10.06,$8.20,1.23,$16.46,0.61,$0.06,161.8,$0.66,15.25,$0.28B,$0.12B,2.32,$0.08B,$0.28B,0.29,$0.58B,$0.12B,20.52%,$0.58B,$0.03B,4.87%,$0.58B,$0.03B,4.87%,$0.58B,$0.05B,8.35%,$0.58B,$0.03B,5.04%,$0.58B,$0.02B,4.00%,$0.02B,$0.28B,8.54%,$0.02B,$0.25B,9.70%,$0.02B,$0.50B,4.84%,$0.03B,$0.36B,8.17%,$152,$122,$29,$5,$18,$146,$6,$1,$7,$1,$5,$5,$5,$11,$6,$34,35,$0.15,$0.15,$74,$88,$22,$280,$80,$0,$32,$2,$220,$500,$121,$80,$17,$98,$218,$286,$340,$-86,$281,$500,$5,$6,$-0,$6,$1,$-9,$0,$-3,$-13,$-3,$-3,$0,$-3,$0,$0,$0,$0,$-6,$10,$0,$10,$0,$0,$-1,$0,$10,$1,$1,$-1
31,2010-12-31,10.28,$8.02,1.28,$15.87,0.65,$0.33,30.84,$0.64,16.06,$0.27B,$0.12B,2.22,$0.07B,$0.27B,0.26,$0.55B,$0.12B,21.56%,$0.55B,$0.03B,5.07%,$0.55B,$0.03B,5.07%,$0.55B,$0.05B,8.88%,$0.55B,$0.03B,5.07%,$0.55B,$0.02B,3.99%,$0.02B,$0.27B,8.40%,$0.02B,$0.24B,9.61%,$0.02B,$0.48B,4.83%,$0.03B,$0.34B,8.51%,$145,$116,$29,$4,$17,$139,$6,$-0,$6,$1,$5,$5,$5,$11,$6,$34,35,$0.15,$0.13,$73,$77,$8,$267,$78,$0,$32,$2,$216,$483,$120,$70,$18,$88,$208,$286,$336,$-88,$274,$483,$22,$22,$4,$26,$-24,$-22,$22,$-9,$-29,$19,$-12,$0,$-1,$0,$0,$0,$0,$-12,$20,$0,$20,$0,$0,$-4,$-0,$16,$22,$4,$-4
32,2010-09-30,8.92,$7.76,1.15,$15.67,0.57,$1.30,6.86,$0.62,14.38,$0.26B,$0.11B,2.32,$0.08B,$0.27B,0.29,$0.54B,$0.12B,22.37%,$0.54B,$0.03B,5.55%,$0.54B,$0.03B,5.55%,$0.54B,$0.05B,9.61%,$0.54B,$0.03B,5.55%,$0.54B,$0.02B,3.88%,$0.02B,$0.27B,8.24%,$0.02B,$0.23B,9.47%,$0.02B,$0.47B,4.81%,$0.03B,$0.34B,9.45%,$139,$109,$30,$5,$17,$132,$8,$2,$9,$2,$7,$7,$7,$13,$8,$34,35,$0.20,$0.20,$73,$77,$19,$259,$79,$0,$33,$1,$212,$471,$112,$77,$17,$94,$206,$285,$332,$-92,$265,$471,$17,$17,$2,$19,$-18,$-22,$0,$-9,$-28,$8,$-9,$0,$-1,$0,$0,$0,$0,$-9,$27,$0,$27,$0,$0,$-3,$0,$24,$22,$3,$-3
33,2010-06-30,8.54,$7.52,1.14,$15.33,0.56,$2.21,3.86,$0.55,15.52,$0.24B,$0.11B,2.21,$0.07B,$0.26B,0.26,$0.53B,$0.12B,22.12%,$0.53B,$0.03B,5.29%,$0.53B,$0.03B,5.29%,$0.53B,$0.05B,9.64%,$0.53B,$0.03B,5.10%,$0.53B,$0.02B,3.40%,$0.02B,$0.26B,7.22%,$0.02B,$0.22B,8.36%,$0.02B,$0.45B,4.28%,$0.03B,$0.32B,9.19%,$139,$109,$30,$4,$18,$131,$8,$-0,$7,$1,$6,$6,$6,$13,$8,$34,35,$0.17,$0.17,$65,$69,$18,$237,$79,$0,$33,$1,$211,$447,$107,$66,$17,$83,$191,$285,$326,$-94,$257,$447,$10,$11,$2,$13,$-14,$-15,$0,$-6,$-17,$6,$-5,$0,$-1,$0,$0,$0,$0,$-6,$16,$0,$16,$0,$0,$-2,$-0,$14,$14,$2,$-2
34,2010-03-31,8.68,$7.39,1.17,$14.91,0.58,$2.60,3.33,$0.17,51.04,$0.21B,$0.10B,2.19,$0.06B,$0.25B,0.22,$0.51B,$0.11B,21.37%,$0.51B,$0.02B,4.51%,$0.51B,$0.02B,4.51%,$0.51B,$0.05B,9.41%,$0.51B,$0.02B,4.51%,$0.51B,$0.01B,0.98%,$0.01B,$0.25B,2.05%,$0.01B,$0.22B,2.38%,$0.01B,$0.42B,1.23%,$0.02B,$0.31B,7.77%,$129,$99,$30,$5,$20,$123,$6,$-1,$6,$1,$4,$4,$4,$12,$6,$34,35,$0.13,$0.13,$59,$60,$18,$211,$79,$0,$34,$0,$212,$422,$96,$56,$19,$75,$171,$284,$321,$-94,$251,$422,$4,$6,$1,$6,$-2,$-6,$0,$-3,$-5,$5,$-2,$0,$-1,$0,$0,$0,$0,$-2,$6,$0,$6,$0,$0,$-1,$-0,$5,$8,$1,$-1
35,2009-12-31,8.83,$7.30,1.21,$14.69,0.6,$2.33,3.79,$-1.02,0.0,$0.19B,$0.09B,2.14,$0.05B,$0.25B,0.2,$0.50B,$0.10B,19.84%,$0.50B,$-0.02B,-3.81%,$0.50B,$-0.02B,-3.81%,$0.50B,$0.04B,8.02%,$0.50B,$-0.02B,-4.01%,$0.50B,$-0.04B,-7.01%,$-0.04B,$0.25B,-14.45%,$-0.04B,$0.21B,-16.89%,$-0.04B,$0.41B,-8.51%,$-0.02B,$0.30B,-6.31%,$134,$103,$31,$4,$19,$126,$8,$-0,$8,$4,$4,$4,$4,$14,$8,$34,34,$0.13,$0.13,$51,$54,$6,$194,$81,$0,$34,$1,$214,$408,$91,$50,$19,$70,$160,$282,$318,$-93,$247,$408,$-34,$58,$17,$75,$24,$17,$-20,$-9,$6,$47,$-7,$0,$-1,$0,$0,$0,$1,$-6,$-30,$0,$-30,$0,$0,$-4,$-0,$-35,$7,$4,$-4
36,2009-09-30,8.51,$7.14,1.19,$15.03,0.57,$1.59,5.35,$-0.98,0.0,$0.19B,$0.10B,1.95,$0.05B,$0.24B,0.21,$0.53B,$0.10B,18.56%,$0.53B,$-0.02B,-4.36%,$0.53B,$-0.02B,-4.36%,$0.53B,$0.04B,6.82%,$0.53B,$-0.03B,-4.73%,$0.53B,$-0.03B,-6.44%,$-0.03B,$0.24B,-13.61%,$-0.03B,$0.21B,-16.52%,$-0.03B,$0.41B,-7.88%,$-0.02B,$0.29B,-7.28%,$127,$100,$26,$3,$16,$120,$6,$-1,$6,$1,$4,$4,$4,$12,$6,$34,35,$0.13,$0.13,$40,$60,$15,$192,$83,$0,$35,$1,$215,$407,$98,$50,$17,$66,$165,$282,$314,$-94,$242,$407,$-38,$52,$12,$64,$20,$11,$0,$-4,$8,$34,$-3,$0,$0,$0,$0,$0,$0,$-3,$-31,$0,$-31,$0,$0,$-3,$-1,$-35,$-4,$3,$-3
37,2009-06-30,5.98,$7.00,0.85,$15.82,0.38,$0.87,6.89,$-0.90,0.0,$0.18B,$0.09B,2.0,$0.05B,$0.24B,0.22,$0.57B,$0.11B,18.39%,$0.57B,$-0.02B,-4.20%,$0.57B,$-0.02B,-4.20%,$0.57B,$0.04B,6.13%,$0.57B,$-0.03B,-4.90%,$0.57B,$-0.03B,-5.43%,$-0.03B,$0.24B,-11.31%,$-0.03B,$0.20B,-14.01%,$-0.03B,$0.39B,-6.53%,$-0.02B,$0.29B,-6.80%,$120,$99,$22,$3,$15,$117,$3,$-0,$3,$10,$-7,$-7,$-7,$10,$3,$34,34,$-0.21,$-0.21,$27,$62,$16,$178,$86,$0,$35,$1,$217,$394,$89,$51,$17,$68,$157,$282,$311,$-95,$237,$394,$-43,$46,$11,$58,$22,$10,$0,$-3,$1,$16,$-2,$0,$0,$0,$0,$0,$0,$-2,$-30,$0,$-30,$0,$0,$-2,$-1,$-32,$-18,$2,$-2
38,2009-03-31,3.28,$7.19,0.46,$17.14,0.19,$0.52,6.33,$-0.42,0.0,$0.21B,$0.09B,2.32,$0.09B,$0.24B,0.35,$0.64B,$0.12B,19.31%,$0.64B,$-0.01B,-2.04%,$0.64B,$-0.01B,-2.04%,$0.64B,$0.05B,7.22%,$0.64B,$-0.02B,-2.98%,$0.64B,$-0.01B,-2.20%,$-0.01B,$0.24B,-4.69%,$-0.01B,$0.21B,-5.91%,$-0.01B,$0.44B,-2.69%,$-0.01B,$0.33B,-3.35%,$118,$98,$20,$3,$17,$154,$-36,$-1,$-37,$-1,$-36,$-36,$-36,$4,$-36,$34,34,$-1.06,$-1.06,$45,$70,$17,$209,$88,$0,$36,$1,$227,$436,$90,$86,$17,$103,$193,$281,$319,$-98,$243,$436,$-36,$40,$3,$43,$17,$0,$0,$-4,$-11,$-4,$-1,$0,$0,$0,$0,$0,$0,$-1,$6,$0,$6,$0,$0,$-1,$-0,$5,$-0,$1,$-1
39,2008-12-31,4.96,$8.23,0.6,$18.14,0.27,$0.45,11.15,$0.82,6.05,$0.23B,$0.11B,1.99,$0.08B,$0.28B,0.29,$0.69B,$0.14B,19.80%,$0.69B,$0.03B,4.48%,$0.69B,$0.03B,4.48%,$0.69B,$0.06B,8.24%,$0.69B,$0.03B,3.76%,$0.69B,$0.03B,4.05%,$0.03B,$0.28B,8.79%,$0.03B,$0.21B,11.27%,$0.03B,$0.49B,5.03%,$0.03B,$0.36B,7.46%,$163,$133,$30,$5,$19,$159,$4,$-1,$3,$-2,$5,$5,$5,$10,$4,$34,38,$0.15,$0.15,$45,$71,$8,$226,$91,$0,$70,$1,$263,$488,$113,$80,$18,$98,$211,$280,$356,$-99,$277,$488,$28,$26,$3,$29,$7,$10,$-16,$-13,$-23,$34,$-17,$0,$-21,$0,$0,$0,$0,$-38,$11,$-1,$10,$-7,$-7,$-4,$-1,$-2,$-8,$3,$-4
40,2008-09-30,11.45,$10.06,1.14,$18.30,0.63,$0.82,14.02,$0.86,13.31,$0.27B,$0.13B,2.16,$0.10B,$0.34B,0.3,$0.71B,$0.14B,20.23%,$0.71B,$0.04B,5.23%,$0.71B,$0.04B,5.23%,$0.71B,$0.06B,8.91%,$0.71B,$0.03B,4.38%,$0.71B,$0.03B,4.10%,$0.03B,$0.34B,8.78%,$0.03B,$0.27B,11.05%,$0.03B,$0.58B,5.08%,$0.04B,$0.44B,8.70%,$170,$137,$33,$5,$21,$165,$5,$-2,$3,$-4,$7,$7,$7,$11,$5,$34,38,$0.21,$0.21,$54,$88,$25,$271,$94,$0,$70,$1,$311,$581,$125,$100,$17,$117,$242,$280,$358,$-31,$339,$581,$23,$20,$6,$26,$1,$-6,$0,$-11,$-29,$20,$-14,$0,$-21,$0,$0,$0,$0,$-35,$28,$-1,$27,$-7,$-7,$-3,$0,$17,$1,$3,$-3
41,2008-06-30,8.98,$9.90,0.91,$18.23,0.49,$1.20,7.49,$0.85,10.57,$0.27B,$0.13B,2.02,$0.09B,$0.33B,0.28,$0.71B,$0.14B,20.22%,$0.71B,$0.04B,5.90%,$0.71B,$0.04B,5.90%,$0.71B,$0.07B,9.55%,$0.71B,$0.04B,5.34%,$0.71B,$0.03B,4.21%,$0.03B,$0.33B,9.15%,$0.03B,$0.26B,11.44%,$0.03B,$0.58B,5.36%,$0.04B,$0.43B,10.16%,$186,$146,$40,$5,$22,$172,$14,$-2,$12,$3,$10,$10,$10,$21,$14,$34,38,$0.28,$0.27,$45,$87,$24,$267,$96,$0,$70,$1,$309,$576,$132,$92,$17,$110,$242,$280,$351,$-29,$334,$576,$16,$14,$2,$16,$-6,$-4,$0,$-5,$-19,$12,$-10,$0,$-21,$0,$0,$0,$0,$-30,$20,$-1,$19,$-7,$-7,$-2,$0,$11,$-7,$2,$-2
42,2008-03-31,9.54,$9.64,0.99,$17.55,0.54,$1.36,7.02,$0.73,13.06,$0.28B,$0.12B,2.23,$0.12B,$0.32B,0.36,$0.70B,$0.14B,19.68%,$0.70B,$0.04B,5.17%,$0.70B,$0.04B,5.17%,$0.70B,$0.06B,9.05%,$0.70B,$0.03B,4.74%,$0.70B,$0.03B,3.74%,$0.03B,$0.32B,7.98%,$0.03B,$0.25B,9.92%,$0.03B,$0.58B,4.73%,$0.04B,$0.44B,8.93%,$173,$139,$34,$4,$21,$164,$8,$-0,$8,$2,$6,$6,$6,$15,$8,$34,38,$0.19,$0.18,$59,$84,$24,$275,$96,$0,$70,$1,$307,$582,$124,$117,$18,$134,$258,$279,$342,$-29,$324,$582,$6,$7,$1,$8,$-4,$-1,$0,$-1,$-19,$-5,$-3,$0,$-21,$0,$0,$0,$0,$-24,$45,$-1,$44,$0,$0,$-1,$-7,$36,$6,$1,$-1
43,2007-12-31,8.82,$9.45,0.93,$17.08,0.52,$1.63,5.42,$0.66,13.37,$0.25B,$0.13B,1.95,$0.07B,$0.32B,0.22,$0.69B,$0.13B,19.39%,$0.69B,$0.03B,4.81%,$0.69B,$0.03B,4.81%,$0.69B,$0.06B,8.60%,$0.69B,$0.03B,4.37%,$0.69B,$0.02B,3.50%,$0.02B,$0.32B,7.36%,$0.02B,$0.26B,9.10%,$0.02B,$0.54B,4.48%,$0.03B,$0.40B,8.48%,$178,$143,$36,$4,$20,$169,$10,$-2,$8,$1,$6,$6,$6,$16,$10,$35,40,$0.18,$0.20,$53,$74,$9,$251,$93,$0,$61,$1,$293,$544,$129,$72,$19,$91,$219,$279,$337,$-30,$324,$544,$24,$27,$6,$33,$5,$-13,$6,$-8,$-8,$49,$-16,$0,$-1,$0,$0,$0,$0,$-17,$11,$-4,$7,$-20,$-20,$-4,$0,$-18,$14,$3,$-4
44,2007-09-30,11.43,$9.34,1.22,$16.94,0.67,$1.60,7.17,$0.66,17.32,$0.24B,$0.13B,1.9,$0.06B,$0.33B,0.18,$0.68B,$0.13B,18.62%,$0.68B,$0.03B,4.69%,$0.68B,$0.03B,4.69%,$0.68B,$0.06B,8.50%,$0.68B,$0.03B,4.55%,$0.68B,$0.03B,3.81%,$0.03B,$0.33B,8.01%,$0.03B,$0.27B,9.93%,$0.03B,$0.54B,4.89%,$0.03B,$0.39B,8.31%,$175,$141,$34,$4,$20,$165,$10,$-0,$10,$2,$8,$8,$8,$16,$10,$35,40,$0.22,$0.20,$45,$73,$24,$244,$91,$0,$61,$1,$294,$538,$128,$60,$20,$80,$208,$279,$330,$-28,$330,$538,$18,$20,$3,$23,$0,$0,$0,$-9,$-9,$31,$-9,$0,$0,$0,$0,$0,$0,$-9,$-1,$-3,$-4,$-9,$-9,$-3,$0,$-16,$6,$3,$-3
45,2007-06-30,11.19,$9.14,1.22,$16.68,0.67,$1.84,6.09,$0.61,18.35,$0.24B,$0.13B,1.9,$0.06B,$0.33B,0.18,$0.67B,$0.12B,18.13%,$0.67B,$0.03B,4.61%,$0.67B,$0.03B,4.61%,$0.67B,$0.06B,8.32%,$0.67B,$0.03B,4.31%,$0.67B,$0.02B,3.57%,$0.02B,$0.33B,7.28%,$0.02B,$0.26B,9.02%,$0.02B,$0.53B,4.46%,$0.03B,$0.39B,7.95%,$170,$137,$33,$4,$21,$162,$8,$-0,$7,$2,$6,$6,$6,$16,$8,$36,40,$0.16,$0.15,$37,$74,$23,$239,$93,$0,$62,$2,$295,$534,$126,$60,$22,$82,$209,$278,$323,$-29,$326,$534,$10,$14,$2,$15,$0,$0,$0,$-10,$-10,$15,$-6,$0,$0,$0,$0,$0,$0,$-6,$-1,$-4,$-5,$-4,$-4,$-2,$0,$-11,$-1,$2,$-2
46,2007-03-31,12.19,$9.02,1.35,$16.60,0.73,$1.90,6.43,$0.62,19.66,$0.23B,$0.12B,1.91,$0.06B,$0.32B,0.19,$0.67B,$0.12B,18.09%,$0.67B,$0.03B,4.63%,$0.67B,$0.03B,4.63%,$0.67B,$0.05B,8.07%,$0.67B,$0.03B,4.33%,$0.67B,$0.02B,3.44%,$0.02B,$0.32B,6.89%,$0.02B,$0.26B,8.53%,$0.02B,$0.53B,4.24%,$0.03B,$0.38B,7.84%,$163,$133,$30,$4,$21,$158,$5,$0,$5,$1,$4,$4,$4,$11,$5,$36,40,$0.11,$0.11,$36,$72,$23,$233,$94,$0,$63,$2,$295,$528,$122,$60,$23,$83,$205,$277,$318,$-31,$324,$528,$4,$6,$0,$6,$0,$0,$0,$-6,$-6,$4,$-3,$0,$0,$0,$0,$0,$0,$-3,$-1,$-2,$-3,$0,$0,$-1,$0,$-4,$-2,$0,$-1
47,2006-12-31,13.82,$8.91,1.55,$16.30,0.85,$1.88,7.37,$0.67,20.62,$0.23B,$0.13B,1.81,$0.06B,$0.32B,0.19,$0.66B,$0.12B,18.45%,$0.66B,$0.03B,5.18%,$0.66B,$0.03B,5.18%,$0.66B,$0.06B,8.69%,$0.66B,$0.03B,4.73%,$0.66B,$0.02B,3.66%,$0.02B,$0.32B,7.12%,$0.02B,$0.26B,8.82%,$0.02B,$0.53B,4.40%,$0.03B,$0.38B,8.49%,$174,$144,$30,$4,$18,$164,$9,$-0,$9,$1,$8,$8,$8,$15,$9,$36,40,$0.22,$0.20,$39,$61,$9,$228,$96,$0,$64,$2,$300,$528,$126,$61,$22,$83,$209,$277,$315,$-31,$319,$528,$24,$25,$7,$32,$-15,$0,$9,$-4,$-9,$47,$-16,$0,$0,$0,$0,$0,$14,$-1,$-8,$-8,$-16,$-2,$-2,$-4,$0,$-22,$27,$4,$-4
