,Date,Stock Price,Book Value per Share,Price to Book Ratio,TTM Sales per Share,Price to Sales Ratio,TTM FCF per Share,Price to FCF Ratio,TTM Net EPS,PE Ratio,Current Assets,Current Liabilities,Current Ratio,Long Term Debt,Shareholder's Equity_x,Debt to Equity Ratio,TTM Revenue_x,TTM Gross Profit,Gross Margin,TTM Revenue_y,TTM Operating Income,Operating Margin,TTM Revenue_x,TTM EBIT,EBIT Margin,TTM Revenue_y,TTM EBITDA,EBITDA Margin,TTM Revenue_x,TTM Pre-Tax Income,Pre-Tax Margin,TTM Revenue_y,TTM Net Income_x,Net Margin,TTM Net Income_y,Shareholder's Equity_y,Return on Equity,TTM Net Income_x,Tangible Equity,Return on Tangible Equity,TTM Net Income_y,Total Assets,Return on Assets,TTM Net Income,LT Investments & Debt,Return on Investment,revenue,cost-goods-sold,gross-profit,research-development-expenses,selling-general-administrative-expenses,operating-expenses,operating-income,total-non-operating-income-expense,pre-tax-income,total-provision-income-taxes,income-after-taxes,income-from-continuous-operations,net-income,ebitda,ebit,basic-shares-outstanding,shares-outstanding,eps-basic-net-earnings-per-share,eps-earnings-per-share-diluted,cash-on-hand,inventory,other-current-assets,total-current-assets,net-property-plant-equipment,long-term-investments,goodwill-intangible-assets-total,other-long-term-assets,total-long-term-assets,total-assets,total-current-liabilities,long-term-debt,other-non-current-liabilities,total-long-term-liabilities,total-liabilities,common-stock-net,retained-earnings-accumulated-deficit,comprehensive-income,total-share-holder-equity,total-liabilities-share-holders-equity,net-income-loss,total-depreciation-amortization-cash-flow,other-non-cash-items,total-non-cash-items,change-in-accounts-receivable,change-in-inventories,change-in-accounts-payable,change-in-assets-liabilities,total-change-in-assets-liabilities,cash-flow-from-operating-activities,net-change-in-property-plant-equipment,net-change-in-intangible-assets,net-acquisitions-divestitures,net-change-in-short-term-investments,net-change-in-long-term-investments,net-change-in-investments-total,investing-activities-other,cash-flow-from-investing-activities,net-long-term-debt,net-current-debt,debt-issuance-retirement-net-total,net-common-equity-issued-repurchased,net-total-equity-issued-repurchased,total-common-preferred-stock-dividends-paid,financial-activities-other,cash-flow-from-financial-activities,net-cash-flow,stock-based-compensation,common-stock-dividends-paid
0,2018-09-30,77.15,$18.93,4.08,$26.94,2.86,$8.27,9.33,$2.45,31.49,$8.73B,$2.69B,3.24,$0.62B,$10.98B,0.06,$15.82B,$6.17B,38.97%,$15.82B,$2.77B,17.47%,$15.82B,$2.77B,17.47%,$15.82B,$3.25B,20.56%,$15.82B,$2.70B,17.03%,$15.82B,$1.44B,9.07%,$1.44B,$10.98B,13.26%,$1.44B,$6.92B,20.67%,$1.44B,$15.27B,9.51%,$2.77B,$11.60B,24.08%,$4078,$2480,$1598,$0,$734,$3333,$745,$-83,$662,$185,$477,$477,$477,$872,$745,$579,580,$0.82,$0.82,$4763,$0,$777,$8727,$1362,$93,$4058,$643,$6547,$15274,$2693,$624,$750,$1603,$4296,$6,$11041,$-188,$10978,$15274,$1453,$367,$250,$617,$-313,$0,$-5,$-58,$-376,$1890,$-281,$0,$-479,$-477,$160,$-317,$0,$-1077,$-89,$-75,$-164,$-852,$-852,$-352,$0,$-1368,$-586,$199,$-352
1,2018-06-30,78.78,$18.36,4.29,$26.27,3.0,$7.81,10.09,$2.47,31.89,$8.30B,$2.54B,3.27,$0.65B,$10.65B,0.06,$15.51B,$6.00B,38.66%,$15.51B,$2.67B,17.20%,$15.51B,$2.67B,17.20%,$15.51B,$3.14B,20.27%,$15.51B,$2.69B,17.35%,$15.51B,$1.45B,9.37%,$1.45B,$10.65B,13.43%,$1.45B,$6.55B,20.56%,$1.45B,$14.81B,9.74%,$2.67B,$11.30B,23.19%,$4006,$2417,$1589,$0,$805,$3336,$670,$-47,$623,$168,$455,$456,$456,$793,$670,$585,586,$0.78,$0.78,$4247,$0,$852,$8303,$1345,$80,$4096,$615,$6503,$14806,$2537,$649,$750,$1621,$4158,$6,$10681,$-94,$10648,$14806,$976,$240,$185,$425,$-330,$0,$-3,$-140,$-473,$1028,$-187,$0,$-478,$-246,$100,$-146,$0,$-811,$-64,$-75,$-139,$-847,$-847,$-236,$0,$-1222,$-1024,$130,$-236
2,2018-03-31,80.07,$18.75,4.27,$25.65,3.12,$7.51,10.66,$2.49,32.16,$8.99B,$2.47B,3.64,$0.67B,$10.99B,0.06,$15.18B,$5.82B,38.33%,$15.18B,$2.60B,17.16%,$15.18B,$2.60B,17.16%,$15.18B,$3.06B,20.16%,$15.18B,$2.70B,17.81%,$15.18B,$1.47B,9.67%,$1.47B,$10.99B,13.61%,$1.47B,$7.32B,20.42%,$1.47B,$15.05B,9.98%,$2.60B,$11.66B,22.66%,$3912,$2401,$1511,$0,$711,$3219,$693,$4,$697,$177,$520,$520,$520,$810,$693,$587,589,$0.89,$0.88,$4989,$0,$856,$8990,$1333,$83,$3668,$577,$6055,$15045,$2469,$673,$732,$1588,$4057,$6,$10856,$63,$10988,$15045,$520,$117,$63,$180,$-273,$0,$86,$-148,$-335,$388,$-96,$0,$-1,$8,$-138,$-130,$0,$-227,$-39,$-75,$-114,$-256,$-256,$-118,$0,$-488,$-326,$59,$-118
3,2017-12-31,70.47,$18.14,3.88,$24.85,2.84,$7.36,9.57,$2.53,27.85,$9.11B,$2.84B,3.21,$0.70B,$10.67B,0.07,$14.81B,$5.66B,38.20%,$14.81B,$2.48B,16.75%,$14.81B,$2.48B,16.75%,$14.81B,$2.92B,19.74%,$14.81B,$2.66B,17.93%,$14.81B,$1.50B,10.16%,$1.50B,$10.67B,14.29%,$1.50B,$6.98B,21.56%,$1.50B,$15.22B,10.49%,$2.48B,$11.37B,22.03%,$3828,$2360,$1468,$0,$700,$3171,$657,$56,$713,$732,$-19,$-18,$-18,$779,$657,$593,595,$-0.02,$-0.03,$5056,$0,$833,$9111,$1324,$235,$3685,$448,$6110,$15221,$2839,$698,$765,$1713,$4552,$6,$10544,$70,$10669,$15221,$1504,$443,$360,$803,$-249,$0,$16,$419,$186,$2407,$-284,$0,$-216,$-366,$284,$-82,$0,$-582,$-95,$75,$-20,$-1700,$-1700,$-265,$0,$-1985,$-109,$221,$-265
4,2017-09-30,71.83,$18.61,3.86,$24.09,2.98,$6.00,11.97,$3.24,22.17,$8.56B,$2.60B,3.29,$0.72B,$10.98B,0.07,$14.44B,$5.57B,38.59%,$14.44B,$2.39B,16.51%,$14.44B,$2.39B,16.51%,$14.44B,$2.81B,19.43%,$14.44B,$2.50B,17.32%,$14.44B,$1.94B,13.42%,$1.94B,$10.98B,18.38%,$1.94B,$7.41B,27.54%,$1.94B,$14.58B,13.74%,$2.39B,$11.70B,21.10%,$3766,$2337,$1429,$0,$674,$3118,$648,$10,$658,$164,$494,$495,$495,$762,$648,$590,592,$0.84,$0.84,$4713,$0,$552,$8557,$1304,$262,$3565,$428,$6023,$14580,$2600,$723,$159,$1001,$3601,$6,$10721,$44,$10979,$14580,$1522,$321,$127,$448,$-284,$0,$-5,$-61,$-350,$1571,$-204,$0,$-72,$-335,$189,$-146,$0,$-422,$-62,$0,$-62,$-1411,$-1411,$-179,$0,$-1652,$-457,$161,$-179
5,2017-06-30,65.61,$17.77,3.69,$23.40,2.8,$5.05,12.99,$3.13,20.96,$8.10B,$2.42B,3.35,$0.75B,$10.48B,0.07,$14.13B,$5.52B,39.07%,$14.13B,$2.32B,16.42%,$14.13B,$2.32B,16.42%,$14.13B,$2.73B,19.28%,$14.13B,$2.46B,17.39%,$14.13B,$1.89B,13.35%,$1.89B,$10.48B,18.19%,$1.89B,$7.01B,27.34%,$1.89B,$13.94B,13.59%,$2.32B,$11.23B,20.80%,$3670,$2261,$1409,$0,$709,$3064,$606,$29,$635,$165,$470,$470,$470,$709,$606,$589,591,$0.80,$0.80,$4378,$0,$632,$8099,$1284,$198,$3470,$430,$5839,$13938,$2415,$747,$155,$1040,$3455,$6,$10316,$33,$10483,$13938,$1027,$207,$134,$341,$-103,$0,$2,$-406,$-507,$798,$-126,$0,$-6,$-480,$314,$-166,$0,$-298,$-42,$150,$108,$-1440,$-1440,$-89,$0,$-1421,$-877,$109,$-89
6,2017-03-31,58.68,$16.95,3.46,$22.72,2.58,$4.40,13.33,$2.74,21.42,$7.84B,$2.59B,3.03,$0.77B,$9.98B,0.08,$13.83B,$5.44B,39.36%,$13.83B,$2.31B,16.67%,$13.83B,$2.31B,16.67%,$13.83B,$2.70B,19.52%,$13.83B,$2.42B,17.48%,$13.83B,$1.67B,12.07%,$1.67B,$9.98B,16.34%,$1.67B,$6.50B,24.69%,$1.67B,$13.63B,12.19%,$2.31B,$10.76B,20.91%,$3546,$2194,$1352,$0,$686,$2976,$570,$79,$649,$92,$557,$557,$557,$674,$570,$605,607,$0.92,$0.92,$4274,$0,$529,$7842,$1306,$110,$3486,$427,$5787,$13629,$2585,$772,$155,$1061,$3646,$6,$9935,$-17,$9983,$13629,$557,$104,$72,$176,$-86,$0,$13,$-328,$-401,$277,$-66,$0,$-6,$-90,$253,$163,$0,$91,$-21,$350,$329,$-1453,$-1453,$0,$0,$-1124,$-726,$54,$0
7,2016-12-31,55.24,$17.64,3.13,$22.11,2.5,$4.07,13.58,$2.54,21.75,$8.60B,$2.42B,3.56,$0.80B,$10.73B,0.07,$13.49B,$5.38B,39.88%,$13.49B,$2.29B,16.97%,$13.49B,$2.29B,16.97%,$13.49B,$2.67B,19.78%,$13.49B,$2.36B,17.48%,$13.49B,$1.55B,11.51%,$1.55B,$10.73B,15.34%,$1.55B,$7.22B,23.15%,$1.55B,$14.26B,11.53%,$2.29B,$11.53B,20.90%,$3462,$2078,$1384,$0,$730,$2901,$561,$-1,$560,$144,$416,$416,$416,$662,$561,$607,610,$0.68,$0.69,$5169,$0,$526,$8600,$1311,$62,$3505,$359,$5662,$14262,$2418,$797,$162,$1116,$3534,$6,$10478,$-114,$10728,$14262,$1553,$379,$138,$517,$-330,$0,$6,$-147,$-471,$1645,$-300,$0,$-334,$-80,$-249,$-329,$0,$-963,$-57,$-350,$-407,$-336,$-336,$0,$0,$-743,$-91,$217,$0
8,2016-09-30,47.04,$16.97,2.77,$21.71,2.17,$4.99,9.43,$2.55,18.45,$8.20B,$2.30B,3.56,$0.82B,$10.29B,0.08,$13.26B,$5.29B,39.93%,$13.26B,$2.28B,17.20%,$13.26B,$2.28B,17.20%,$13.26B,$2.65B,19.97%,$13.26B,$2.36B,17.79%,$13.26B,$1.56B,11.77%,$1.56B,$10.29B,15.99%,$1.56B,$6.87B,24.38%,$1.56B,$13.72B,11.86%,$2.28B,$11.11B,21.50%,$3453,$2077,$1376,$0,$701,$2870,$583,$30,$613,$170,$443,$444,$444,$680,$583,$606,609,$0.73,$0.73,$4859,$0,$426,$8200,$1323,$61,$3419,$329,$5517,$13717,$2301,$822,$140,$1124,$3424,$6,$10063,$-56,$10292,$13717,$1137,$278,$130,$408,$-261,$0,$12,$-265,$-514,$1041,$-213,$0,$-185,$-104,$-371,$-475,$0,$-873,$-41,$-350,$-391,$-357,$-357,$0,$0,$-748,$-575,$165,$0
9,2016-06-30,56.43,$16.24,3.47,$21.24,2.66,$5.69,9.92,$2.47,22.85,$7.76B,$2.12B,3.66,$0.84B,$9.86B,0.09,$12.99B,$5.17B,39.79%,$12.99B,$2.24B,17.25%,$12.99B,$2.24B,17.25%,$12.99B,$2.59B,19.95%,$12.99B,$2.29B,17.62%,$12.99B,$1.51B,11.65%,$1.51B,$9.86B,16.11%,$1.51B,$6.44B,24.94%,$1.51B,$13.14B,11.83%,$2.24B,$10.70B,21.83%,$3370,$2038,$1332,$0,$654,$2779,$591,$4,$595,$343,$252,$252,$252,$684,$591,$606,609,$0.42,$0.41,$4481,$0,$399,$7759,$1287,$60,$3419,$286,$5381,$13140,$2120,$840,$139,$1157,$3277,$6,$9619,$-96,$9863,$13140,$693,$181,$146,$327,$-187,$0,$6,$-411,$-592,$438,$-139,$0,$-151,$36,$-6,$30,$0,$-260,$-27,$-350,$-377,$-244,$-244,$0,$0,$-621,$-441,$116,$0
10,2016-03-31,61.81,$15.86,3.9,$20.73,2.98,$6.03,10.25,$2.74,22.56,$7.57B,$2.05B,3.69,$0.86B,$9.61B,0.09,$12.71B,$5.08B,39.96%,$12.71B,$2.20B,17.28%,$12.71B,$2.20B,17.28%,$12.71B,$2.54B,19.97%,$12.71B,$2.24B,17.65%,$12.71B,$1.68B,13.24%,$1.68B,$9.61B,18.56%,$1.68B,$6.29B,29.17%,$1.68B,$12.74B,13.49%,$2.20B,$10.47B,22.07%,$3202,$1915,$1287,$0,$646,$2648,$554,$35,$589,$148,$441,$441,$441,$642,$554,$608,612,$0.73,$0.72,$4452,$0,$368,$7571,$1270,$0,$3324,$276,$5165,$12736,$2050,$858,$138,$1073,$3124,$6,$9366,$-62,$9612,$12736,$441,$88,$128,$216,$-55,$0,$48,$-576,$-583,$72,$-64,$0,$-70,$-94,$0,$-94,$0,$-228,$-13,$-250,$-263,$-208,$-208,$0,$0,$-471,$-601,$54,$0
11,2015-12-31,59.17,$15.23,3.88,$20.24,2.92,$6.23,9.49,$2.64,22.41,$7.91B,$2.71B,2.91,$0.88B,$9.28B,0.1,$12.42B,$4.98B,40.07%,$12.42B,$2.14B,17.25%,$12.42B,$2.14B,17.25%,$12.42B,$2.47B,19.91%,$12.42B,$2.17B,17.44%,$12.42B,$1.62B,13.08%,$1.62B,$9.28B,18.65%,$1.62B,$6.01B,30.04%,$1.62B,$13.06B,13.39%,$2.14B,$10.16B,22.29%,$3233,$1933,$1299,$0,$659,$2679,$553,$8,$562,$138,$424,$424,$424,$641,$553,$609,613,$0.70,$0.70,$4949,$0,$338,$7909,$1271,$0,$3269,$264,$5152,$13061,$2714,$877,$140,$1069,$3783,$6,$8925,$-106,$9278,$13061,$1624,$330,$76,$406,$-322,$0,$19,$411,$108,$2187,$-273,$0,$-2,$-336,$-760,$-1096,$0,$-1371,$-53,$-300,$-353,$-329,$-329,$0,$0,$-682,$115,$192,$0
12,2015-09-30,61.7,$14.52,4.25,$19.44,3.17,$5.17,11.94,$2.54,24.29,$7.24B,$2.13B,3.4,$0.90B,$8.83B,0.1,$11.93B,$4.78B,40.07%,$11.93B,$2.07B,17.35%,$11.93B,$2.07B,17.34%,$11.93B,$2.37B,19.90%,$11.93B,$2.09B,17.51%,$11.93B,$1.56B,13.11%,$1.56B,$8.83B,18.78%,$1.56B,$5.54B,31.27%,$1.56B,$12.27B,13.32%,$2.07B,$9.73B,22.39%,$3187,$1935,$1252,$0,$627,$2644,$543,$0,$543,$146,$397,$397,$397,$625,$543,$609,613,$0.65,$0.65,$4051,$0,$265,$7238,$1279,$0,$3285,$262,$5030,$12268,$2128,$900,$129,$1312,$3441,$6,$8502,$-113,$8827,$12268,$1200,$242,$24,$266,$-191,$0,$17,$143,$-31,$1463,$-199,$0,$0,$-832,$0,$-832,$0,$-1030,$-40,$-650,$-690,$-284,$-284,$0,$19,$-955,$-533,$142,$0
13,2015-06-30,60.23,$14.01,4.3,$18.46,3.26,$4.76,12.66,$2.47,24.38,$6.77B,$1.96B,3.46,$0.91B,$8.54B,0.11,$11.32B,$4.54B,40.09%,$11.32B,$1.98B,17.53%,$11.32B,$1.98B,17.52%,$11.32B,$2.26B,19.92%,$11.32B,$2.01B,17.75%,$11.32B,$1.52B,13.45%,$1.52B,$8.54B,19.12%,$1.52B,$5.23B,28.60%,$1.52B,$11.80B,13.87%,$1.98B,$9.45B,22.93%,$3085,$1845,$1240,$0,$612,$2540,$546,$3,$549,$129,$420,$420,$420,$630,$546,$610,614,$0.69,$0.68,$3567,$0,$323,$6771,$1277,$0,$3311,$278,$5026,$11798,$1957,$913,$104,$1300,$3257,$6,$8105,$-91,$8541,$11798,$803,$160,$42,$201,$-186,$0,$19,$-201,$-368,$645,$-134,$0,$0,$-720,$0,$-720,$0,$-854,$-26,$-550,$-576,$-146,$-146,$0,$15,$-706,$-921,$95,$0
14,2015-03-31,61.51,$13.40,4.59,$17.54,3.51,$4.71,13.05,$2.40,25.63,$6.41B,$1.88B,3.4,$0.93B,$8.18B,0.11,$10.75B,$4.32B,40.14%,$10.75B,$1.93B,17.91%,$10.75B,$1.93B,17.90%,$10.75B,$2.16B,20.11%,$10.75B,$1.96B,18.25%,$10.75B,$1.47B,13.71%,$1.47B,$8.18B,19.46%,$1.47B,$4.85B,26.23%,$1.47B,$11.38B,14.46%,$1.93B,$9.10B,23.96%,$2911,$1727,$1184,$0,$611,$2411,$500,$10,$511,$128,$383,$383,$383,$576,$500,$610,614,$0.63,$0.62,$3350,$0,$337,$6407,$1268,$0,$3332,$224,$4977,$11383,$1884,$925,$111,$1321,$3205,$6,$7685,$-119,$8179,$11383,$383,$76,$62,$138,$-111,$0,$28,$-244,$-327,$189,$-58,$0,$0,$-306,$0,$-306,$0,$-364,$-13,$-550,$-563,$-2,$-2,$0,$8,$-557,$-739,$46,$0
15,2014-12-31,51.92,$12.70,4.09,$16.75,3.1,$4.69,11.08,$2.35,22.09,$6.42B,$2.59B,2.48,$0.94B,$7.74B,0.12,$10.26B,$4.12B,40.16%,$10.26B,$1.89B,18.38%,$10.26B,$1.89B,18.37%,$10.26B,$2.09B,20.39%,$10.26B,$1.92B,18.75%,$10.26B,$1.44B,14.03%,$1.44B,$7.74B,20.04%,$1.44B,$4.37B,24.32%,$1.44B,$11.48B,15.29%,$1.89B,$8.68B,25.42%,$2743,$1639,$1103,$0,$563,$2263,$480,$6,$485,$123,$363,$363,$363,$542,$480,$608,613,$0.61,$0.59,$3775,$0,$353,$6421,$1247,$0,$3367,$210,$5058,$11479,$2592,$938,$116,$1147,$3739,$6,$7302,$-123,$7740,$11479,$1439,$208,$16,$224,$-259,$0,$26,$12,$-221,$1473,$-212,$0,$-2691,$-258,$0,$-258,$0,$-3161,$985,$650,$1635,$-147,$-147,$0,$15,$1503,$-203,$135,$0
16,2014-09-30,44.14,$12.12,3.64,$16.14,2.73,$4.53,9.73,$2.29,19.27,$7.26B,$1.74B,4.17,$0.00B,$7.38B,0.0,$9.88B,$3.96B,40.13%,$9.88B,$1.85B,18.77%,$9.88B,$1.85B,18.77%,$9.88B,$2.05B,20.73%,$9.88B,$1.89B,19.14%,$9.88B,$1.40B,14.19%,$1.40B,$7.38B,20.65%,$1.40B,$6.83B,22.54%,$1.40B,$9.23B,16.32%,$1.85B,$7.38B,27.33%,$2581,$1570,$1011,$0,$506,$2124,$458,$6,$464,$108,$356,$356,$356,$507,$458,$608,612,$0.58,$0.58,$4618,$0,$235,$7260,$1101,$0,$547,$175,$1967,$9227,$1741,$0,$86,$104,$1845,$6,$6939,$-124,$7382,$9227,$1076,$145,$46,$191,$-168,$0,$45,$-8,$-131,$1149,$-138,$0,$-12,$-478,$0,$-478,$0,$-627,$0,$0,$0,$-121,$-121,$0,$13,$-108,$405,$101,$0
17,2014-06-30,48.22,$11.50,4.19,$15.72,3.07,$4.14,11.66,$2.24,21.57,$6.74B,$1.57B,4.3,$0.00B,$6.99B,0.0,$9.60B,$3.88B,40.36%,$9.60B,$1.83B,19.09%,$9.60B,$1.83B,19.09%,$9.60B,$2.02B,21.06%,$9.60B,$1.87B,19.43%,$9.60B,$1.37B,14.22%,$1.37B,$6.99B,21.50%,$1.37B,$6.42B,23.59%,$1.37B,$8.69B,16.69%,$1.83B,$6.99B,28.87%,$2517,$1500,$1018,$0,$483,$2029,$488,$14,$502,$130,$372,$372,$372,$537,$488,$608,612,$0.61,$0.61,$4129,$0,$257,$6741,$1086,$0,$570,$167,$1947,$8687,$1568,$0,$109,$129,$1696,$6,$6583,$-111,$6991,$8687,$721,$96,$66,$162,$-161,$0,$8,$-160,$-313,$566,$-82,$0,$-12,$-598,$0,$-598,$0,$-691,$0,$0,$0,$-112,$-112,$0,$12,$-100,$-221,$69,$0
18,2014-03-31,49.88,$10.89,4.58,$15.15,3.29,$3.87,12.9,$2.12,23.53,$6.29B,$1.50B,4.19,$0.00B,$6.62B,0.0,$9.24B,$3.75B,40.52%,$9.24B,$1.77B,19.17%,$9.24B,$1.77B,19.17%,$9.24B,$1.96B,21.16%,$9.24B,$1.78B,19.29%,$9.24B,$1.29B,13.99%,$1.29B,$6.62B,21.79%,$1.29B,$6.05B,24.04%,$1.29B,$8.28B,16.66%,$1.77B,$6.62B,29.87%,$2422,$1432,$990,$0,$485,$1962,$460,$13,$473,$124,$349,$349,$349,$507,$460,$608,613,$0.57,$0.57,$3865,$0,$254,$6291,$1091,$0,$570,$187,$1989,$8279,$1503,$0,$133,$153,$1656,$6,$6211,$-167,$6623,$8279,$349,$47,$68,$115,$-53,$0,$66,$-309,$-296,$157,$-43,$0,$-2,$-389,$0,$-389,$0,$-434,$0,$0,$0,$-12,$-12,$0,$6,$-7,$-277,$36,$0
19,2013-12-31,49.78,$10.10,4.93,$14.51,3.43,$3.68,13.52,$2.02,24.7,$6.15B,$1.78B,3.47,$0.00B,$6.14B,0.0,$8.84B,$3.58B,40.45%,$8.84B,$1.68B,18.98%,$8.84B,$1.68B,18.98%,$8.84B,$1.86B,21.02%,$8.84B,$1.69B,19.08%,$8.84B,$1.23B,13.89%,$1.23B,$6.14B,22.00%,$1.23B,$5.56B,24.38%,$1.23B,$8.14B,16.67%,$1.68B,$6.14B,30.07%,$2355,$1411,$944,$0,$450,$1908,$448,$3,$451,$127,$324,$324,$324,$496,$448,$604,610,$0.53,$0.53,$3747,$0,$269,$6148,$1081,$0,$576,$183,$1987,$8135,$1775,$0,$203,$224,$1999,$6,$5862,$-276,$6136,$8135,$1229,$180,$4,$184,$-259,$0,$-12,$230,$-41,$1424,$-262,$0,$-194,$-275,$0,$-275,$0,$-731,$0,$0,$0,$-62,$-62,$0,$31,$-31,$643,$119,$0
20,2013-09-30,40.48,$9.34,4.33,$13.83,2.93,$3.15,12.86,$1.95,20.81,$5.74B,$1.60B,3.58,$0.00B,$5.65B,0.0,$8.44B,$3.43B,40.66%,$8.44B,$1.59B,18.80%,$8.44B,$1.59B,18.80%,$8.44B,$1.76B,20.86%,$8.44B,$1.60B,18.99%,$8.44B,$1.18B,14.02%,$1.18B,$5.65B,22.49%,$1.18B,$5.11B,24.85%,$1.18B,$7.62B,16.98%,$1.59B,$5.65B,30.15%,$2306,$1382,$923,$0,$443,$1868,$437,$2,$439,$120,$320,$320,$320,$482,$437,$603,609,$0.53,$0.53,$3361,$0,$219,$5739,$1012,$0,$536,$169,$1878,$7617,$1602,$0,$352,$367,$1969,$3,$5538,$-375,$5648,$7617,$904,$132,$53,$185,$-274,$0,$3,$47,$-224,$918,$-154,$0,$-152,$-72,$0,$-72,$0,$-378,$0,$0,$0,$-77,$-77,$0,$16,$-61,$461,$86,$0
21,2013-06-30,30.88,$8.83,3.5,$13.17,2.35,$2.89,10.7,$1.88,16.47,$5.13B,$1.36B,3.78,$0.00B,$5.32B,0.0,$8.02B,$3.29B,40.97%,$8.02B,$1.50B,18.75%,$8.02B,$1.50B,18.75%,$8.02B,$1.68B,20.88%,$8.02B,$1.53B,19.04%,$8.02B,$1.14B,14.21%,$1.14B,$5.32B,22.84%,$1.14B,$4.79B,25.17%,$1.14B,$7.01B,17.31%,$1.50B,$5.32B,30.13%,$2161,$1272,$889,$0,$421,$1734,$427,$-6,$420,$120,$300,$300,$300,$471,$427,$603,609,$0.50,$0.49,$2901,$0,$220,$5134,$1018,$0,$535,$160,$1878,$7012,$1357,$0,$317,$331,$1689,$3,$5218,$-325,$5324,$7012,$585,$87,$52,$140,$-217,$0,$-12,$-87,$-317,$439,$-123,$0,$-151,$48,$0,$48,$0,$-226,$0,$0,$0,$-99,$-99,$0,$9,$-89,$108,$59,$0
22,2013-03-31,37.77,$8.62,4.38,$12.54,3.01,$2.83,13.33,$1.79,21.1,$4.84B,$1.23B,3.95,$0.00B,$5.22B,0.0,$7.66B,$3.16B,41.30%,$7.66B,$1.41B,18.40%,$7.66B,$1.41B,18.40%,$7.66B,$1.57B,20.55%,$7.66B,$1.44B,18.83%,$7.66B,$1.09B,14.26%,$1.09B,$5.22B,23.32%,$1.09B,$4.69B,25.63%,$1.09B,$6.71B,17.48%,$1.41B,$5.22B,30.08%,$2021,$1200,$821,$0,$413,$1655,$366,$11,$377,$93,$284,$284,$284,$410,$366,$604,610,$0.47,$0.47,$2744,$0,$206,$4837,$1008,$0,$530,$170,$1873,$6709,$1226,$0,$253,$268,$1493,$3,$4918,$-208,$5216,$6709,$284,$44,$46,$90,$-149,$0,$16,$-169,$-302,$73,$-72,$0,$-139,$26,$0,$26,$0,$-186,$0,$0,$0,$9,$9,$0,$7,$17,$-95,$29,$0
23,2012-12-31,36.42,$8.05,4.53,$11.99,3.04,$2.90,12.57,$1.72,21.17,$4.81B,$1.38B,3.5,$0.00B,$4.85B,0.0,$7.35B,$3.07B,41.76%,$7.35B,$1.36B,18.53%,$7.35B,$1.36B,18.53%,$7.35B,$1.52B,20.66%,$7.35B,$1.39B,18.88%,$7.35B,$1.05B,14.32%,$1.05B,$4.85B,23.53%,$1.05B,$4.46B,25.75%,$1.05B,$6.52B,17.57%,$1.36B,$4.85B,30.44%,$1948,$1151,$797,$0,$402,$1592,$356,$10,$366,$87,$279,$279,$279,$397,$356,$603,612,$0.46,$0.46,$2864,$0,$220,$4814,$971,$0,$397,$160,$1707,$6522,$1377,$0,$287,$290,$1667,$3,$4634,$-240,$4854,$6522,$1051,$157,$-54,$103,$-159,$0,$33,$142,$16,$1173,$-334,$0,$-60,$-176,$0,$-176,$0,$-570,$0,$0,$0,$-391,$-391,$0,$48,$-343,$259,$107,$0
24,2012-09-30,34.45,$7.62,4.52,$11.49,3.0,$2.47,13.93,$1.65,20.88,$4.54B,$1.28B,3.56,$0.00B,$4.57B,0.0,$7.06B,$2.96B,41.97%,$7.06B,$1.31B,18.59%,$7.06B,$1.31B,18.59%,$7.06B,$1.46B,20.72%,$7.06B,$1.34B,19.03%,$7.06B,$1.01B,14.34%,$1.01B,$4.57B,23.86%,$1.01B,$4.18B,26.23%,$1.01B,$6.11B,17.67%,$1.31B,$4.57B,30.92%,$1892,$1112,$780,$0,$385,$1536,$355,$9,$364,$87,$277,$277,$277,$397,$355,$598,606,$0.47,$0.46,$2632,$0,$166,$4542,$879,$0,$389,$143,$1566,$6107,$1276,$0,$254,$259,$1535,$3,$4355,$-190,$4572,$6107,$772,$115,$-3,$113,$-185,$0,$39,$75,$-70,$811,$-209,$0,$-44,$-177,$0,$-177,$0,$-429,$0,$0,$0,$-392,$-392,$0,$25,$-367,$14,$80,$0
25,2012-06-30,29.58,$6.84,4.33,$10.96,2.7,$2.17,13.64,$1.56,18.96,$4.15B,$1.15B,3.61,$0.00B,$4.09B,0.0,$6.77B,$2.86B,42.24%,$6.77B,$1.25B,18.48%,$6.77B,$1.25B,18.48%,$6.77B,$1.39B,20.54%,$6.77B,$1.27B,18.73%,$6.77B,$0.96B,14.22%,$0.96B,$4.09B,23.56%,$0.96B,$3.72B,26.00%,$0.96B,$5.65B,17.56%,$1.25B,$4.09B,30.60%,$1795,$1031,$764,$0,$397,$1463,$332,$3,$335,$83,$252,$252,$252,$369,$332,$604,615,$0.42,$0.41,$2346,$0,$198,$4152,$838,$0,$376,$121,$1502,$5654,$1151,$0,$408,$411,$1562,$3,$4078,$-397,$4092,$5654,$496,$74,$62,$136,$-120,$0,$27,$-111,$-204,$426,$-139,$0,$-25,$-179,$0,$-179,$0,$-343,$0,$0,$0,$-357,$-357,$0,$16,$-341,$-261,$58,$0
26,2012-03-31,37.93,$7.17,5.29,$10.42,3.64,$1.98,19.19,$1.49,25.54,$4.20B,$1.02B,4.11,$0.00B,$4.37B,0.0,$6.46B,$2.72B,42.10%,$6.46B,$1.19B,18.40%,$6.46B,$1.19B,18.40%,$6.46B,$1.32B,20.45%,$6.46B,$1.21B,18.74%,$6.46B,$0.92B,14.22%,$0.92B,$4.37B,22.67%,$0.92B,$3.98B,24.94%,$0.92B,$5.67B,17.34%,$1.19B,$4.37B,29.34%,$1711,$985,$727,$0,$374,$1393,$318,$4,$322,$79,$244,$244,$244,$355,$318,$607,618,$0.40,$0.40,$2491,$0,$190,$4197,$785,$0,$383,$139,$1471,$5668,$1021,$0,$277,$280,$1301,$3,$3826,$-193,$4367,$5668,$244,$37,$12,$48,$-50,$0,$39,$-165,$-177,$102,$-60,$0,$-8,$-27,$0,$-27,$0,$-95,$0,$0,$0,$-6,$-6,$0,$13,$7,$18,$31,$0
27,2011-12-31,31.7,$6.52,4.86,$9.85,3.22,$1.89,16.74,$1.43,22.25,$4.09B,$1.21B,3.38,$0.00B,$3.95B,0.0,$6.12B,$2.58B,42.18%,$6.12B,$1.14B,18.56%,$6.12B,$1.14B,18.56%,$6.12B,$1.26B,20.58%,$6.12B,$1.17B,19.11%,$6.12B,$0.88B,14.43%,$0.88B,$3.95B,22.63%,$0.88B,$3.57B,24.85%,$0.88B,$5.51B,17.51%,$1.14B,$3.95B,29.11%,$1664,$971,$693,$0,$352,$1356,$308,$15,$323,$83,$240,$240,$240,$342,$308,$607,621,$0.40,$0.39,$2432,$0,$226,$4086,$758,$0,$386,$114,$1422,$5508,$1210,$0,$342,$345,$1555,$3,$3583,$-325,$3953,$5508,$884,$124,$47,$171,$-284,$0,$-9,$67,$-226,$875,$-288,$0,$-83,$-479,$0,$-479,$0,$-850,$0,$0,$0,$-295,$-295,$0,$39,$-255,$-230,$90,$0
28,2011-09-30,30.91,$6.52,4.74,$9.29,3.33,$1.88,16.4,$1.37,22.64,$3.81B,$1.04B,3.66,$0.00B,$3.94B,0.0,$5.77B,$2.44B,42.34%,$5.77B,$1.07B,18.60%,$5.77B,$1.07B,18.60%,$5.77B,$1.19B,20.67%,$5.77B,$1.10B,19.00%,$5.77B,$0.85B,14.72%,$0.85B,$3.94B,22.28%,$0.85B,$3.55B,24.39%,$0.85B,$5.10B,17.65%,$1.07B,$3.94B,28.16%,$1601,$925,$676,$0,$353,$1308,$293,$-5,$288,$61,$227,$227,$227,$325,$293,$605,619,$0.38,$0.37,$2291,$0,$145,$3812,$665,$0,$392,$100,$1292,$5104,$1041,$0,$120,$124,$1165,$3,$3342,$-51,$3940,$5104,$643,$90,$11,$100,$-207,$0,$-3,$32,$-178,$590,$-164,$0,$-75,$-438,$0,$-438,$0,$-677,$0,$0,$0,$-308,$-308,$0,$31,$-277,$-360,$64,$0
29,2011-06-30,36.15,$6.51,5.55,$8.67,4.17,$1.62,22.35,$1.33,27.18,$3.76B,$0.89B,4.24,$0.00B,$3.95B,0.0,$5.38B,$2.28B,42.40%,$5.38B,$1.01B,18.72%,$5.38B,$1.01B,18.72%,$5.38B,$1.12B,20.86%,$5.38B,$1.05B,19.52%,$5.38B,$0.83B,15.34%,$0.83B,$3.95B,22.53%,$0.83B,$3.64B,24.61%,$0.83B,$4.92B,17.97%,$1.01B,$3.95B,27.49%,$1485,$861,$624,$0,$327,$1215,$270,$8,$278,$70,$208,$208,$208,$299,$270,$608,623,$0.34,$0.34,$2269,$0,$180,$3758,$614,$0,$312,$119,$1159,$4917,$887,$0,$74,$78,$965,$3,$3115,$77,$3952,$4917,$416,$58,$18,$77,$-170,$0,$8,$-70,$-232,$261,$-90,$0,$-19,$-388,$0,$-388,$0,$-496,$0,$0,$0,$-152,$-152,$0,$22,$-130,$-348,$40,$0
30,2011-03-31,40.12,$6.19,6.49,$8.08,4.97,$1.46,27.51,$1.28,31.47,$3.54B,$0.80B,4.41,$0.00B,$3.76B,0.0,$5.00B,$2.12B,42.43%,$5.00B,$0.94B,18.86%,$5.00B,$0.94B,18.86%,$5.00B,$1.06B,21.08%,$5.00B,$0.98B,19.60%,$5.00B,$0.79B,15.79%,$0.79B,$3.76B,22.97%,$0.79B,$3.46B,25.24%,$0.79B,$4.64B,18.34%,$0.94B,$3.76B,27.45%,$1371,$782,$589,$0,$296,$1106,$265,$15,$281,$72,$208,$208,$208,$294,$265,$608,624,$0.35,$0.34,$2168,$0,$176,$3536,$602,$0,$306,$82,$1102,$4638,$802,$0,$68,$72,$874,$3,$2907,$40,$3764,$4638,$208,$29,$19,$48,$-89,$0,$41,$-163,$-211,$46,$-56,$0,$-8,$-189,$0,$-189,$0,$-253,$0,$0,$0,$-65,$-65,$0,$16,$-49,$-247,$16,$0
31,2010-12-31,36.13,$5.90,6.13,$7.44,4.86,$1.44,25.11,$1.19,30.49,$3.52B,$0.93B,3.78,$0.00B,$3.58B,0.0,$4.59B,$1.94B,42.19%,$4.59B,$0.86B,18.77%,$4.59B,$0.86B,18.77%,$4.59B,$0.97B,21.14%,$4.59B,$0.88B,19.14%,$4.59B,$0.73B,15.98%,$0.73B,$3.58B,22.80%,$0.73B,$3.28B,25.14%,$0.73B,$4.58B,18.23%,$0.86B,$3.58B,26.77%,$1311,$758,$553,$0,$280,$1066,$245,$4,$249,$42,$206,$206,$206,$274,$245,$602,618,$0.34,$0.33,$2226,$0,$181,$3518,$570,$0,$309,$75,$1065,$4583,$931,$0,$63,$68,$999,$3,$2699,$36,$3584,$4583,$734,$110,$-61,$49,$-278,$0,$19,$-100,$-11,$765,$-186,$0,$-34,$-228,$0,$-228,$0,$-447,$0,$0,$0,$48,$48,$0,$72,$120,$440,$57,$0
32,2010-09-30,31.78,$5.55,5.73,$6.82,4.66,$1.49,21.31,$1.09,29.16,$3.24B,$0.80B,4.02,$0.00B,$3.37B,0.0,$4.19B,$1.77B,42.22%,$4.19B,$0.78B,18.73%,$4.19B,$0.78B,18.73%,$4.19B,$0.89B,21.22%,$4.19B,$0.80B,19.09%,$4.19B,$0.67B,16.06%,$0.67B,$3.37B,22.50%,$0.67B,$3.06B,24.91%,$0.67B,$4.25B,18.09%,$0.78B,$3.37B,26.25%,$1217,$700,$517,$0,$263,$989,$228,$15,$243,$40,$204,$204,$204,$256,$228,$603,619,$0.34,$0.33,$1929,$0,$172,$3235,$521,$0,$312,$72,$1012,$4246,$804,$0,$69,$75,$879,$3,$2493,$26,$3367,$4246,$527,$81,$30,$111,$-292,$0,$37,$-1,$-256,$372,$-111,$0,$-32,$-150,$0,$-150,$0,$-293,$0,$0,$0,$75,$75,$0,$59,$134,$216,$42,$0
33,2010-06-30,24.68,$5.05,4.88,$6.27,3.94,$1.69,14.64,$0.99,25.05,$2.81B,$0.65B,4.35,$0.00B,$3.04B,0.0,$3.82B,$1.63B,42.61%,$3.82B,$0.72B,18.79%,$3.82B,$0.72B,18.79%,$3.82B,$0.82B,21.36%,$3.82B,$0.72B,18.84%,$3.82B,$0.61B,15.83%,$0.61B,$3.04B,21.97%,$0.61B,$2.73B,24.34%,$0.61B,$3.76B,17.81%,$0.72B,$3.04B,26.07%,$1105,$641,$464,$0,$235,$899,$206,$2,$208,$36,$172,$172,$172,$231,$206,$600,617,$0.29,$0.28,$1652,$0,$160,$2805,$505,$0,$308,$59,$959,$3764,$646,$0,$72,$78,$723,$3,$2289,$-21,$3041,$3764,$324,$53,$44,$97,$-192,$0,$21,$-110,$-282,$138,$-66,$0,$-29,$-163,$0,$-163,$0,$-258,$0,$0,$0,$45,$45,$0,$28,$73,$-61,$28,$0
34,2010-03-31,25.13,$4.82,5.21,$5.77,4.35,$1.90,13.24,$0.94,26.73,$2.47B,$0.58B,4.27,$0.00B,$2.89B,0.0,$3.49B,$1.51B,43.14%,$3.49B,$0.66B,19.01%,$3.49B,$0.66B,19.01%,$3.49B,$0.76B,21.70%,$3.49B,$0.68B,19.50%,$3.49B,$0.57B,16.43%,$0.57B,$2.89B,22.42%,$0.57B,$2.62B,24.74%,$0.57B,$3.51B,18.37%,$0.66B,$2.89B,25.93%,$960,$556,$404,$0,$195,$777,$183,$-4,$179,$27,$152,$152,$152,$210,$183,$596,613,$0.26,$0.25,$1434,$0,$162,$2469,$478,$137,$271,$67,$1041,$3510,$578,$0,$45,$45,$623,$3,$2117,$44,$2886,$3510,$152,$27,$24,$52,$-92,$0,$36,$-134,$-191,$2,$-24,$0,$0,$-33,$0,$-33,$0,$-57,$0,$0,$0,$28,$28,$0,$16,$44,$-20,$14,$0
35,2009-12-31,22.34,$4.46,5.01,$5.46,4.09,$2.02,11.04,$0.89,25.25,$2.31B,$0.65B,3.57,$0.00B,$2.65B,0.0,$3.28B,$1.43B,43.58%,$3.28B,$0.62B,18.88%,$3.28B,$0.62B,18.88%,$3.28B,$0.71B,21.56%,$3.28B,$0.64B,19.43%,$3.28B,$0.54B,16.32%,$0.54B,$2.65B,22.69%,$0.54B,$2.39B,25.08%,$0.54B,$3.34B,18.75%,$0.62B,$2.65B,26.26%,$903,$521,$382,$0,$191,$736,$167,$2,$169,$25,$144,$144,$144,$191,$167,$587,602,$0.24,$0.24,$1399,$0,$125,$2308,$482,$151,$268,$49,$1031,$3338,$647,$0,$38,$38,$685,$3,$1965,$20,$2653,$3338,$535,$89,$-10,$79,$-98,$0,$7,$156,$64,$672,$-77,$0,$-69,$-250,$0,$-250,$0,$-395,$0,$0,$0,$45,$45,$0,$32,$77,$366,$45,$0
36,2009-09-30,19.06,$4.13,4.61,$5.22,3.65,$1.47,12.95,$0.84,22.69,$2.02B,$0.51B,3.97,$0.00B,$2.44B,0.0,$3.13B,$1.38B,44.10%,$3.13B,$0.60B,19.02%,$3.13B,$0.60B,19.02%,$3.13B,$0.68B,21.73%,$3.13B,$0.60B,19.30%,$3.13B,$0.50B,16.08%,$0.50B,$2.44B,23.01%,$0.50B,$2.21B,25.43%,$0.50B,$2.98B,19.25%,$0.60B,$2.44B,27.22%,$853,$476,$378,$0,$194,$692,$162,$2,$164,$27,$137,$137,$137,$184,$162,$587,605,$0.24,$0.23,$1183,$0,$97,$2017,$460,$157,$226,$44,$960,$2976,$508,$0,$32,$32,$540,$3,$1821,$6,$2436,$2976,$391,$65,$5,$70,$-62,$0,$10,$27,$-25,$435,$-62,$0,$-6,$-152,$0,$-152,$0,$-220,$0,$0,$0,$19,$19,$0,$12,$32,$258,$32,$0
37,2009-06-30,13.16,$3.87,3.4,$5.03,2.61,$1.01,13.08,$0.81,16.35,$1.76B,$0.39B,4.52,$0.00B,$2.27B,0.0,$3.01B,$1.33B,44.20%,$3.01B,$0.58B,19.13%,$3.01B,$0.58B,19.13%,$3.01B,$0.66B,21.85%,$3.01B,$0.57B,19.03%,$3.01B,$0.48B,15.91%,$0.48B,$2.27B,23.51%,$0.48B,$2.07B,26.09%,$0.48B,$2.67B,19.78%,$0.58B,$2.27B,28.27%,$777,$433,$343,$0,$170,$625,$152,$17,$169,$28,$141,$141,$141,$173,$152,$585,599,$0.24,$0.24,$983,$0,$99,$1764,$447,$161,$200,$43,$910,$2673,$390,$0,$15,$16,$406,$3,$1685,$8,$2268,$2673,$254,$43,$11,$54,$-26,$0,$-0,$-57,$-82,$226,$-30,$0,$-1,$-89,$0,$-89,$0,$-120,$0,$0,$0,$5,$5,$0,$5,$10,$125,$20,$0
38,2009-03-31,10.25,$3.55,2.89,$4.88,2.1,$0.70,14.69,$0.75,13.76,$1.53B,$0.34B,4.48,$0.00B,$2.07B,0.0,$2.92B,$1.29B,44.30%,$2.92B,$0.54B,18.64%,$2.92B,$0.54B,18.64%,$2.92B,$0.62B,21.31%,$2.92B,$0.53B,18.09%,$2.92B,$0.44B,15.14%,$0.44B,$2.07B,23.15%,$0.44B,$1.87B,25.90%,$0.44B,$2.43B,19.37%,$0.54B,$2.07B,28.50%,$746,$420,$326,$0,$167,$608,$138,$-3,$135,$22,$113,$113,$113,$159,$138,$583,596,$0.20,$0.19,$809,$0,$72,$1526,$456,$160,$202,$35,$903,$2429,$341,$0,$14,$16,$356,$3,$1544,$-25,$2073,$2429,$113,$21,$14,$35,$-13,$0,$17,$-77,$-74,$75,$-20,$0,$-1,$-22,$0,$-22,$0,$-44,$0,$0,$0,$-4,$-4,$0,$2,$-2,$24,$12,$0
39,2008-12-31,8.9,$3.37,2.64,$4.71,1.89,$0.55,16.07,$0.73,12.28,$1.47B,$0.39B,3.79,$0.00B,$1.97B,0.0,$2.82B,$1.24B,44.18%,$2.82B,$0.52B,18.39%,$2.82B,$0.52B,18.39%,$2.82B,$0.59B,20.99%,$2.82B,$0.52B,18.29%,$2.82B,$0.43B,15.31%,$0.43B,$1.97B,24.06%,$0.43B,$1.76B,27.11%,$0.43B,$2.38B,19.96%,$0.52B,$1.97B,28.92%,$753,$420,$333,$0,$169,$610,$143,$-7,$136,$24,$112,$112,$112,$164,$143,$580,598,$0.20,$0.19,$763,$0,$78,$1468,$455,$162,$202,$35,$906,$2375,$388,$0,$14,$21,$409,$3,$1430,$-9,$1966,$2375,$431,$75,$30,$105,$-168,$0,$19,$40,$-109,$430,$-169,$0,$-21,$135,$0,$135,$0,$-55,$0,$0,$0,$27,$27,$0,$17,$44,$395,$44,$0
40,2008-09-30,11.25,$3.16,3.56,$4.43,2.54,$0.39,29.22,$0.70,16.19,$1.32B,$0.35B,3.82,$0.00B,$1.84B,0.0,$2.66B,$1.17B,43.90%,$2.66B,$0.48B,18.06%,$2.66B,$0.48B,18.06%,$2.66B,$0.55B,20.58%,$2.66B,$0.49B,18.55%,$2.66B,$0.42B,15.58%,$0.42B,$1.84B,24.90%,$0.42B,$1.64B,28.28%,$0.42B,$2.21B,20.49%,$0.48B,$1.84B,28.86%,$735,$406,$329,$0,$167,$592,$143,$-9,$133,$20,$113,$113,$113,$162,$143,$583,600,$0.20,$0.19,$595,$0,$75,$1321,$453,$162,$201,$36,$891,$2212,$346,$0,$15,$23,$369,$3,$1318,$-2,$1843,$2212,$319,$54,$34,$88,$-156,$0,$14,$-28,$-170,$237,$-146,$0,$-21,$134,$0,$134,$0,$-33,$0,$0,$0,$21,$21,$0,$16,$37,$229,$33,$0
41,2008-06-30,16.03,$3.01,5.33,$4.13,3.88,$0.37,43.07,$0.67,24.1,$1.27B,$0.33B,3.86,$0.00B,$1.75B,0.0,$2.49B,$1.08B,43.51%,$2.49B,$0.44B,17.65%,$2.49B,$0.44B,17.65%,$2.49B,$0.50B,20.14%,$2.49B,$0.47B,19.02%,$2.49B,$0.40B,16.00%,$0.40B,$1.75B,25.40%,$0.40B,$1.55B,28.36%,$0.40B,$2.11B,20.87%,$0.44B,$1.75B,28.02%,$685,$381,$305,$0,$167,$566,$120,$4,$124,$20,$104,$104,$104,$137,$120,$579,599,$0.18,$0.18,$551,$0,$69,$1269,$410,$162,$205,$36,$841,$2110,$328,$0,$17,$27,$355,$3,$1205,$14,$1754,$2110,$206,$34,$19,$54,$-141,$0,$14,$-35,$-162,$97,$-85,$0,$-21,$132,$0,$132,$0,$26,$0,$0,$0,$40,$40,$0,$15,$55,$181,$23,$0
42,2008-03-31,14.21,$2.77,5.13,$3.83,3.71,$0.34,41.55,$0.63,22.74,$1.12B,$0.31B,3.57,$0.00B,$1.60B,0.0,$2.32B,$1.00B,43.17%,$2.32B,$0.41B,17.68%,$2.32B,$0.41B,17.68%,$2.32B,$0.47B,20.18%,$2.32B,$0.45B,19.28%,$2.32B,$0.38B,16.21%,$0.38B,$1.60B,25.80%,$0.38B,$1.41B,28.25%,$0.38B,$1.94B,21.17%,$0.41B,$1.60B,28.13%,$643,$366,$277,$0,$149,$531,$112,$10,$122,$20,$102,$102,$102,$128,$112,$576,598,$0.18,$0.17,$475,$0,$55,$1116,$393,$170,$196,$35,$825,$1942,$313,$0,$15,$28,$341,$3,$1101,$16,$1601,$1942,$102,$16,$4,$20,$-67,$0,$11,$-44,$-100,$22,$-53,$0,$-9,$129,$0,$129,$0,$66,$0,$0,$0,$13,$13,$0,$4,$17,$110,$13,$0
43,2007-12-31,16.73,$2.55,6.56,$3.51,4.76,$0.37,45.54,$0.58,28.84,$1.24B,$0.34B,3.65,$0.00B,$1.47B,0.0,$2.14B,$0.93B,43.49%,$2.14B,$0.38B,17.88%,$2.14B,$0.38B,17.88%,$2.14B,$0.44B,20.41%,$2.14B,$0.42B,19.43%,$2.14B,$0.35B,16.34%,$0.35B,$1.47B,25.73%,$0.35B,$1.27B,27.53%,$0.35B,$1.84B,21.13%,$0.38B,$1.47B,28.16%,$600,$342,$258,$0,$138,$494,$106,$9,$115,$19,$96,$96,$96,$121,$106,$576,607,$0.17,$0.16,$670,$0,$60,$1242,$356,$0,$194,$34,$596,$1838,$341,$0,$14,$29,$370,$3,$1000,$15,$1468,$1838,$350,$54,$22,$76,$-120,$0,$11,$27,$-82,$344,$-182,$0,$-147,$52,$0,$52,$0,$-277,$0,$0,$0,$-38,$-38,$0,$42,$4,$74,$36,$0
44,2007-09-30,19.67,$2.49,7.91,$3.23,6.09,$0.35,56.71,$0.54,36.76,$1.35B,$0.29B,4.73,$0.00B,$1.44B,0.0,$1.96B,$0.86B,44.03%,$1.96B,$0.35B,17.96%,$1.96B,$0.35B,17.96%,$1.96B,$0.40B,20.51%,$1.96B,$0.38B,19.49%,$1.96B,$0.32B,16.48%,$0.32B,$1.44B,25.68%,$0.32B,$1.39B,26.79%,$0.32B,$1.74B,21.20%,$0.35B,$1.44B,27.99%,$559,$317,$242,$0,$127,$458,$101,$11,$112,$16,$96,$96,$96,$115,$101,$579,609,$0.17,$0.16,$809,$0,$47,$1354,$292,$0,$58,$27,$385,$1739,$286,$0,$9,$9,$296,$3,$903,$17,$1444,$1739,$254,$39,$15,$54,$-115,$0,$3,$-2,$-114,$194,$-110,$0,$-12,$-129,$0,$-129,$0,$-251,$0,$0,$0,$48,$48,$0,$37,$84,$31,$26,$0
45,2007-06-30,18.48,$2.28,8.12,$2.94,6.29,$0.31,58.93,$0.48,38.92,$1.23B,$0.26B,4.75,$0.00B,$1.32B,0.0,$1.78B,$0.79B,44.41%,$1.78B,$0.32B,17.99%,$1.78B,$0.32B,17.99%,$1.78B,$0.37B,20.52%,$1.78B,$0.34B,19.28%,$1.78B,$0.29B,16.19%,$0.29B,$1.32B,25.30%,$0.29B,$1.26B,26.46%,$0.29B,$1.58B,20.80%,$0.32B,$1.32B,28.11%,$517,$292,$224,$0,$120,$426,$91,$7,$98,$15,$82,$82,$82,$104,$91,$576,608,$0.15,$0.14,$710,$0,$37,$1230,$266,$0,$58,$25,$355,$1584,$259,$0,$8,$8,$267,$1,$807,$14,$1317,$1584,$158,$25,$-3,$22,$-92,$0,$-2,$-22,$-116,$65,$-71,$0,$0,$-58,$0,$-58,$0,$-129,$0,$0,$0,$36,$36,$0,$30,$66,$3,$17,$0
46,2007-03-31,21.76,$2.08,10.45,$2.65,8.22,$0.33,66.21,$0.43,50.3,$1.14B,$0.24B,4.75,$0.00B,$1.20B,0.0,$1.60B,$0.72B,44.72%,$1.60B,$0.29B,18.14%,$1.60B,$0.29B,18.14%,$1.60B,$0.33B,20.58%,$1.60B,$0.31B,19.45%,$1.60B,$0.26B,16.32%,$0.26B,$1.20B,25.40%,$0.26B,$1.15B,26.53%,$0.26B,$1.45B,20.88%,$0.29B,$1.20B,28.22%,$460,$255,$205,$0,$109,$377,$84,$7,$90,$15,$75,$75,$75,$96,$84,$572,607,$0.13,$0.13,$673,$0,$44,$1138,$236,$0,$47,$19,$307,$1445,$239,$0,$8,$8,$247,$1,$725,$12,$1197,$1445,$75,$12,$-8,$4,$-43,$0,$19,$-43,$-67,$12,$-29,$0,$0,$104,$-122,$-18,$0,$-46,$0,$0,$0,$20,$20,$0,$20,$41,$7,$7,$0
47,2006-12-31,19.02,$1.88,10.1,$2.37,8.03,$0.31,60.51,$0.39,49.08,$1.04B,$0.25B,4.17,$0.00B,$1.07B,0.0,$1.42B,$0.64B,44.73%,$1.42B,$0.26B,18.19%,$1.42B,$0.26B,18.19%,$1.42B,$0.29B,20.58%,$1.42B,$0.28B,19.52%,$1.42B,$0.23B,16.36%,$0.23B,$1.07B,25.14%,$0.23B,$1.03B,26.31%,$0.23B,$1.33B,20.76%,$0.26B,$1.07B,27.95%,$424,$233,$192,$0,$105,$348,$76,$6,$82,$13,$70,$70,$70,$87,$76,$563,602,$0.12,$0.11,$648,$0,$33,$1040,$220,$0,$48,$17,$286,$1326,$250,$0,$3,$3,$252,$3,$650,$12,$1073,$1326,$233,$34,$31,$66,$-102,$0,$11,$46,$-46,$253,$-105,$0,$-15,$-153,$0,$-153,$0,$-272,$0,$-2,$-2,$51,$51,$0,$33,$83,$69,$30,$0
