,Date,Stock Price,Book Value per Share,Price to Book Ratio,TTM Sales per Share,Price to Sales Ratio,TTM FCF per Share,Price to FCF Ratio,TTM Net EPS,PE Ratio,Current Assets,Current Liabilities,Current Ratio,Long Term Debt,Shareholder's Equity_x,Debt to Equity Ratio,TTM Revenue_x,TTM Gross Profit,Gross Margin,TTM Revenue_y,TTM Operating Income,Operating Margin,TTM Revenue_x,TTM EBIT,EBIT Margin,TTM Revenue_y,TTM EBITDA,EBITDA Margin,TTM Revenue_x,TTM Pre-Tax Income,Pre-Tax Margin,TTM Revenue_y,TTM Net Income_x,Net Margin,TTM Net Income_y,Shareholder's Equity_y,Return on Equity,TTM Net Income_x,Tangible Equity,Return on Tangible Equity,TTM Net Income_y,Total Assets,Return on Assets,TTM Net Income,LT Investments & Debt,Return on Investment,revenue,cost-goods-sold,gross-profit,research-development-expenses,selling-general-administrative-expenses,operating-expenses,operating-income,total-non-operating-income-expense,pre-tax-income,total-provision-income-taxes,income-after-taxes,income-from-continuous-operations,net-income,ebitda,ebit,basic-shares-outstanding,shares-outstanding,eps-basic-net-earnings-per-share,eps-earnings-per-share-diluted,cash-on-hand,inventory,other-current-assets,total-current-assets,net-property-plant-equipment,long-term-investments,goodwill-intangible-assets-total,other-long-term-assets,total-long-term-assets,total-assets,total-current-liabilities,long-term-debt,other-non-current-liabilities,total-long-term-liabilities,total-liabilities,common-stock-net,retained-earnings-accumulated-deficit,comprehensive-income,total-share-holder-equity,total-liabilities-share-holders-equity,net-income-loss,total-depreciation-amortization-cash-flow,other-non-cash-items,total-non-cash-items,change-in-accounts-receivable,change-in-inventories,change-in-accounts-payable,change-in-assets-liabilities,total-change-in-assets-liabilities,cash-flow-from-operating-activities,net-change-in-property-plant-equipment,net-change-in-intangible-assets,net-acquisitions-divestitures,net-change-in-short-term-investments,net-change-in-long-term-investments,net-change-in-investments-total,investing-activities-other,cash-flow-from-investing-activities,net-long-term-debt,net-current-debt,debt-issuance-retirement-net-total,net-common-equity-issued-repurchased,net-total-equity-issued-repurchased,total-common-preferred-stock-dividends-paid,financial-activities-other,cash-flow-from-financial-activities,net-cash-flow,stock-based-compensation,common-stock-dividends-paid
0,2018-09-30,28.53,$9.14,3.12,$3.19,8.94,$3.11,9.16,$0.85,33.56,$0.01B,$0.15B,0.04,$1.65B,$1.70B,0.97,$0.59B,$0.40B,67.46%,$0.59B,$0.22B,37.65%,$0.59B,$0.22B,37.65%,$0.59B,$0.36B,61.84%,$0.59B,$0.16B,26.75%,$0.59B,$0.16B,26.41%,$0.16B,$1.70B,9.33%,$0.16B,$1.70B,9.33%,$0.16B,$3.64B,4.32%,$0.22B,$3.35B,6.69%,$153,$49,$105,$0,$10,$94,$60,$-16,$43,$0,$43,$43,$43,$95,$60,$186,187,$0.23,$0.23,$6,$0,$0,$6,$3485,$0,$0,$149,$3634,$3640,$153,$1646,$80,$1785,$1938,$2,$-780,$0,$1702,$3640,$117,$107,$4,$111,$0,$0,$0,$-5,$6,$235,$-103,$0,$0,$0,$-13,$-13,$-70,$-185,$-9,$13,$3,$112,$112,$-165,$-2,$-52,$-3,$4,$-165
1,2018-06-30,32.22,$9.11,3.54,$3.17,10.18,$3.44,9.37,$0.83,38.82,$0.01B,$0.15B,0.07,$1.60B,$1.69B,0.95,$0.58B,$0.39B,67.13%,$0.58B,$0.21B,36.85%,$0.58B,$0.21B,36.85%,$0.58B,$0.36B,61.76%,$0.58B,$0.15B,26.30%,$0.58B,$0.15B,25.78%,$0.15B,$1.69B,9.07%,$0.15B,$1.69B,9.07%,$0.15B,$3.59B,4.20%,$0.21B,$3.29B,6.50%,$148,$50,$98,$0,$8,$93,$55,$-16,$39,$0,$39,$39,$38,$91,$55,$184,185,$0.21,$0.21,$10,$0,$0,$10,$3430,$0,$0,$145,$3575,$3585,$146,$1600,$80,$1745,$1891,$2,$-774,$0,$1693,$3585,$74,$71,$3,$74,$0,$0,$0,$-2,$8,$156,$-38,$0,$0,$0,$-10,$-10,$-53,$-101,$-8,$-34,$-42,$99,$99,$-110,$-2,$-55,$0,$3,$-110
2,2018-03-31,27.94,$8.87,3.15,$3.13,8.93,$3.45,8.09,$0.80,34.92,$0.01B,$0.12B,0.07,$1.69B,$1.62B,1.04,$0.57B,$0.38B,67.49%,$0.57B,$0.21B,36.20%,$0.57B,$0.21B,36.20%,$0.57B,$0.35B,61.69%,$0.57B,$0.15B,25.66%,$0.57B,$0.14B,25.13%,$0.14B,$1.62B,8.81%,$0.14B,$1.62B,8.81%,$0.14B,$3.57B,4.05%,$0.21B,$3.31B,6.31%,$143,$49,$94,$0,$9,$92,$50,$-16,$35,$0,$35,$35,$34,$86,$50,$182,183,$0.19,$0.19,$9,$0,$0,$9,$3417,$0,$0,$140,$3557,$3566,$123,$1689,$79,$1826,$1948,$2,$-748,$0,$1617,$3566,$35,$36,$2,$37,$0,$0,$0,$-0,$-6,$66,$-9,$0,$0,$0,$-8,$-8,$-40,$-57,$-8,$55,$47,$-0,$-0,$-55,$-1,$-9,$-0,$2,$-55
3,2017-12-31,28.35,$8.97,3.16,$3.08,9.2,$3.48,8.15,$0.75,37.8,$0.01B,$0.14B,0.06,$1.64B,$1.64B,1.0,$0.56B,$0.38B,67.62%,$0.56B,$0.20B,35.06%,$0.56B,$0.20B,35.06%,$0.56B,$0.34B,61.54%,$0.56B,$0.14B,24.33%,$0.56B,$0.13B,23.97%,$0.13B,$1.64B,8.22%,$0.13B,$1.64B,8.22%,$0.13B,$3.55B,3.83%,$0.20B,$3.27B,6.04%,$143,$45,$99,$0,$8,$88,$56,$-16,$40,$0,$40,$40,$40,$91,$56,$181,181,$0.21,$0.21,$9,$0,$0,$9,$3409,$0,$0,$127,$3536,$3545,$143,$1635,$77,$1767,$1910,$2,$-729,$0,$1635,$3545,$136,$148,$6,$155,$0,$0,$0,$-8,$3,$293,$-29,$0,$-70,$0,$15,$15,$-65,$-148,$-5,$38,$33,$32,$32,$-195,$-13,$-143,$2,$6,$-195
4,2017-09-30,25.19,$8.97,2.81,$3.03,8.31,$3.32,7.58,$0.66,38.16,$0.01B,$0.14B,0.08,$1.62B,$1.62B,1.0,$0.55B,$0.37B,67.21%,$0.55B,$0.18B,33.15%,$0.55B,$0.18B,33.15%,$0.55B,$0.34B,61.02%,$0.55B,$0.12B,22.40%,$0.55B,$0.12B,21.31%,$0.12B,$1.62B,7.15%,$0.12B,$1.62B,7.15%,$0.12B,$3.50B,3.36%,$0.18B,$3.24B,5.61%,$144,$47,$97,$0,$8,$92,$52,$-15,$38,$0,$38,$38,$37,$89,$52,$180,181,$0.21,$0.21,$10,$0,$0,$10,$3363,$0,$0,$129,$3493,$3503,$139,$1620,$72,$1741,$1880,$2,$-708,$-0,$1623,$3503,$96,$113,$5,$118,$0,$0,$0,$-9,$10,$224,$-36,$0,$0,$0,$6,$6,$-54,$-84,$-5,$23,$19,$1,$1,$-146,$-13,$-140,$-0,$4,$-146
5,2017-06-30,23.09,$9.00,2.57,$2.97,7.78,$1.55,14.9,$0.58,39.8,$0.01B,$0.13B,0.1,$1.61B,$1.62B,1.0,$0.54B,$0.36B,67.41%,$0.54B,$0.17B,31.66%,$0.54B,$0.17B,31.66%,$0.54B,$0.33B,61.08%,$0.54B,$0.11B,20.48%,$0.54B,$0.10B,19.18%,$0.10B,$1.62B,6.17%,$0.10B,$1.62B,6.17%,$0.10B,$3.49B,2.95%,$0.17B,$3.24B,5.22%,$139,$45,$94,$0,$9,$91,$48,$-15,$33,$0,$33,$33,$32,$85,$48,$180,181,$0.18,$0.18,$12,$0,$0,$12,$3352,$0,$0,$129,$3481,$3493,$127,$1614,$72,$1745,$1872,$2,$-692,$-1,$1621,$3493,$58,$76,$4,$80,$0,$0,$0,$-4,$9,$147,$-29,$0,$0,$0,$4,$4,$-25,$-50,$-4,$17,$12,$-0,$-0,$-97,$-11,$-96,$1,$3,$-97
6,2017-03-31,24.65,$9.10,2.71,$2.91,8.47,$0.21,117.94,$0.51,48.33,$0.01B,$0.10B,0.09,$1.60B,$1.64B,0.98,$0.53B,$0.35B,67.24%,$0.53B,$0.16B,29.52%,$0.53B,$0.16B,29.52%,$0.53B,$0.32B,60.57%,$0.53B,$0.10B,18.48%,$0.53B,$0.09B,17.14%,$0.09B,$1.64B,5.33%,$0.09B,$1.64B,5.33%,$0.09B,$3.47B,2.60%,$0.16B,$3.24B,4.79%,$133,$45,$88,$0,$9,$93,$40,$-15,$25,$0,$25,$25,$25,$79,$40,$180,181,$0.14,$0.14,$10,$0,$0,$10,$3327,$0,$0,$129,$3456,$3466,$104,$1599,$71,$1722,$1827,$2,$-681,$-1,$1639,$3466,$25,$39,$2,$41,$0,$0,$0,$-1,$2,$68,$-7,$0,$0,$0,$2,$2,$-16,$-21,$-7,$10,$3,$-0,$-0,$-49,$-2,$-48,$-1,$1,$-49
7,2016-12-31,25.15,$9.22,2.73,$2.85,8.84,$-0.70,0.0,$0.45,55.9,$0.01B,$0.09B,0.12,$1.60B,$1.66B,0.96,$0.51B,$0.34B,67.32%,$0.51B,$0.14B,28.18%,$0.51B,$0.14B,28.18%,$0.51B,$0.31B,60.27%,$0.51B,$0.09B,17.22%,$0.51B,$0.08B,15.46%,$0.08B,$1.66B,4.64%,$0.08B,$1.66B,4.64%,$0.08B,$3.48B,2.33%,$0.14B,$3.26B,4.54%,$133,$42,$90,$0,$9,$91,$42,$-15,$27,$0,$27,$27,$23,$82,$42,$178,180,$0.13,$0.13,$11,$0,$0,$11,$3327,$0,$0,$137,$3464,$3475,$94,$1596,$70,$1720,$1814,$2,$-659,$-2,$1661,$3475,$88,$164,$6,$171,$0,$0,$0,$-2,$6,$265,$-31,$0,$-367,$0,$-4,$-4,$-143,$-544,$261,$43,$305,$149,$72,$-156,$-1,$219,$-60,$5,$-149
8,2016-09-30,25.35,$9.74,2.6,$2.78,9.11,$-0.87,0.0,$0.52,48.76,$0.10B,$0.09B,1.02,$1.55B,$1.75B,0.89,$0.49B,$0.33B,67.14%,$0.49B,$0.13B,27.18%,$0.49B,$0.13B,27.18%,$0.49B,$0.30B,59.84%,$0.49B,$0.10B,20.08%,$0.49B,$0.09B,18.66%,$0.09B,$1.75B,5.42%,$0.09B,$1.75B,5.42%,$0.09B,$3.52B,2.79%,$0.13B,$3.30B,4.35%,$132,$42,$90,$0,$8,$93,$40,$-14,$25,$0,$25,$25,$23,$82,$40,$179,180,$0.13,$0.13,$95,$0,$0,$95,$3283,$0,$0,$141,$3424,$3519,$94,$1553,$60,$1674,$1767,$2,$-634,$-3,$1752,$3519,$61,$125,$5,$129,$0,$0,$0,$-5,$13,$203,$-337,$0,$0,$0,$-2,$-2,$-133,$-472,$262,$0,$262,$149,$149,$-116,$-1,$294,$25,$4,$-111
9,2016-06-30,28.51,$9.58,2.98,$2.73,10.44,$-0.23,0.0,$0.49,58.18,$0.01B,$0.10B,0.13,$1.43B,$1.71B,0.84,$0.48B,$0.32B,66.67%,$0.48B,$0.12B,26.00%,$0.48B,$0.12B,26.00%,$0.48B,$0.28B,59.12%,$0.48B,$0.09B,19.50%,$0.48B,$0.09B,18.03%,$0.09B,$1.71B,5.23%,$0.09B,$1.71B,5.23%,$0.09B,$3.36B,2.73%,$0.12B,$3.14B,4.22%,$127,$42,$85,$0,$8,$94,$33,$-13,$20,$0,$20,$20,$19,$75,$33,$178,179,$0.11,$0.11,$12,$0,$0,$12,$3208,$0,$0,$142,$3350,$3363,$97,$1430,$60,$1558,$1655,$2,$-628,$-5,$1708,$3363,$36,$82,$3,$85,$0,$0,$0,$-2,$4,$126,$-249,$0,$0,$0,$-4,$-4,$-94,$-347,$-14,$150,$136,$101,$101,$-77,$2,$162,$-59,$2,$-74
10,2016-03-31,30.53,$9.51,3.21,$2.68,11.4,$0.98,31.06,$0.45,67.85,$0.01B,$0.10B,0.06,$1.30B,$1.68B,0.77,$0.46B,$0.31B,66.30%,$0.46B,$0.12B,25.43%,$0.46B,$0.12B,25.43%,$0.46B,$0.27B,58.91%,$0.46B,$0.09B,18.91%,$0.46B,$0.08B,17.17%,$0.08B,$1.68B,4.97%,$0.08B,$1.68B,4.97%,$0.08B,$3.21B,2.61%,$0.12B,$2.98B,4.14%,$119,$40,$79,$0,$8,$90,$29,$-13,$16,$0,$16,$16,$14,$69,$29,$176,177,$0.08,$0.08,$5,$0,$0,$5,$3057,$0,$0,$144,$3201,$3207,$96,$1296,$58,$1427,$1523,$2,$-614,$-5,$1684,$3207,$16,$40,$1,$41,$0,$0,$0,$1,$6,$64,$-165,$0,$0,$0,$-4,$-4,$-28,$-197,$-10,$54,$45,$69,$69,$-38,$-2,$73,$-60,$1,$-37
11,2015-12-31,27.9,$9.42,2.96,$2.63,10.62,$1.54,18.13,$0.41,68.04,$0.09B,$0.09B,1.03,$1.25B,$1.65B,0.76,$0.45B,$0.29B,65.62%,$0.45B,$0.11B,24.49%,$0.45B,$0.11B,24.49%,$0.45B,$0.26B,58.65%,$0.45B,$0.08B,17.98%,$0.45B,$0.07B,16.18%,$0.07B,$1.65B,4.70%,$0.07B,$1.65B,4.70%,$0.07B,$3.10B,2.46%,$0.11B,$2.90B,3.98%,$115,$38,$77,$0,$7,$83,$32,$6,$38,$0,$38,$38,$36,$69,$32,$169,170,$0.22,$0.21,$87,$0,$0,$87,$2873,$0,$0,$144,$3017,$3104,$85,$1252,$57,$1374,$1459,$2,$-585,$-5,$1645,$3104,$79,$154,$-15,$139,$0,$0,$0,$-0,$-1,$217,$-25,$0,$-276,$0,$-2,$-2,$-72,$-375,$164,$-78,$86,$252,$252,$-113,$-8,$217,$60,$4,$-107
12,2015-09-30,24.62,$9.04,2.72,$2.62,9.41,$1.46,16.81,$0.23,107.06,$0.01B,$0.09B,0.07,$1.19B,$1.55B,0.77,$0.43B,$0.28B,65.35%,$0.43B,$0.10B,22.09%,$0.43B,$0.10B,22.09%,$0.43B,$0.25B,57.44%,$0.43B,$0.05B,11.16%,$0.43B,$0.04B,9.30%,$0.04B,$1.55B,2.69%,$0.04B,$1.55B,2.69%,$0.04B,$2.93B,1.40%,$0.10B,$2.73B,3.56%,$116,$39,$77,$0,$7,$86,$30,$-11,$19,$0,$19,$19,$17,$69,$30,$169,171,$0.10,$0.10,$6,$0,$0,$6,$2754,$0,$0,$170,$2924,$2930,$88,$1188,$47,$1296,$1384,$2,$-576,$-9,$1546,$2930,$41,$116,$0,$117,$0,$0,$0,$-1,$5,$162,$-180,$0,$0,$0,$0,$0,$-58,$-238,$-77,$90,$13,$150,$150,$-84,$-3,$76,$0,$1,$-80
13,2015-06-30,20.84,$8.84,2.36,$2.58,8.09,$2.27,9.2,$0.18,115.76,$0.01B,$0.08B,0.08,$1.20B,$1.48B,0.81,$0.41B,$0.27B,64.96%,$0.41B,$0.09B,21.41%,$0.41B,$0.09B,21.41%,$0.41B,$0.23B,56.69%,$0.41B,$0.04B,9.25%,$0.41B,$0.03B,7.30%,$0.03B,$1.48B,2.11%,$0.03B,$1.48B,2.11%,$0.03B,$2.86B,1.09%,$0.09B,$2.68B,3.40%,$110,$38,$72,$0,$7,$84,$26,$-12,$14,$0,$14,$14,$12,$64,$26,$167,168,$0.07,$0.07,$6,$0,$0,$6,$2711,$0,$0,$146,$2858,$2864,$82,$1204,$46,$1303,$1384,$2,$-556,$-8,$1480,$2864,$22,$77,$-0,$77,$0,$0,$0,$-2,$1,$101,$-12,$0,$-86,$0,$3,$3,$-41,$-136,$-55,$84,$28,$66,$66,$-56,$-3,$35,$0,$0,$-53
14,2015-03-31,21.58,$8.80,2.45,$2.55,8.46,$0.82,26.36,$0.15,143.84,$0.01B,$0.07B,0.1,$1.18B,$1.46B,0.81,$0.39B,$0.26B,64.89%,$0.39B,$0.08B,21.37%,$0.39B,$0.08B,21.37%,$0.39B,$0.22B,56.49%,$0.39B,$0.03B,8.14%,$0.39B,$0.02B,6.11%,$0.02B,$1.46B,1.78%,$0.02B,$1.46B,1.78%,$0.02B,$2.81B,0.90%,$0.08B,$2.64B,3.35%,$104,$37,$66,$0,$7,$83,$21,$-12,$9,$0,$9,$9,$7,$59,$21,$166,167,$0.04,$0.04,$7,$0,$0,$7,$2658,$0,$0,$143,$2801,$2808,$70,$1177,$45,$1276,$1347,$2,$-544,$-10,$1461,$2808,$9,$38,$-1,$38,$0,$0,$0,$1,$-3,$43,$-46,$0,$0,$0,$2,$2,$-9,$-54,$-1,$2,$1,$38,$38,$-28,$-0,$11,$0,$-1,$-26
15,2014-12-31,19.59,$8.84,2.22,$2.54,7.7,$1.01,19.31,$0.13,150.68,$0.01B,$0.07B,0.09,$1.17B,$1.45B,0.81,$0.38B,$0.24B,64.89%,$0.38B,$0.08B,21.81%,$0.38B,$0.08B,21.81%,$0.38B,$0.21B,55.85%,$0.38B,$0.03B,7.18%,$0.38B,$0.02B,5.32%,$0.02B,$1.45B,1.58%,$0.02B,$1.45B,1.58%,$0.02B,$2.79B,0.78%,$0.08B,$2.62B,3.38%,$100,$35,$66,$0,$7,$82,$18,$-12,$6,$0,$6,$6,$4,$55,$18,$149,151,$0.03,$0.03,$6,$0,$0,$6,$2625,$0,$0,$155,$2780,$2786,$69,$1174,$44,$1268,$1337,$2,$-519,$-9,$1450,$2786,$27,$129,$6,$135,$0,$0,$0,$2,$4,$166,$-6,$0,$-548,$0,$54,$54,$-23,$-523,$-30,$39,$9,$430,$430,$-82,$-1,$356,$-0,$2,$-76
16,2014-09-30,15.85,$8.41,1.88,$2.48,6.39,$0.85,18.72,$0.26,60.94,$0.04B,$0.06B,0.56,$1.12B,$1.29B,0.87,$0.36B,$0.23B,64.07%,$0.36B,$0.08B,22.01%,$0.36B,$0.08B,22.01%,$0.36B,$0.20B,55.15%,$0.36B,$0.03B,7.52%,$0.36B,$0.04B,10.31%,$0.04B,$1.29B,3.15%,$0.04B,$1.29B,3.15%,$0.04B,$2.55B,1.50%,$0.08B,$2.41B,3.39%,$97,$34,$63,$0,$7,$74,$23,$-15,$9,$0,$9,$9,$7,$55,$23,$150,152,$0.05,$0.05,$36,$0,$0,$36,$2357,$0,$0,$153,$2509,$2545,$63,$1116,$37,$1193,$1256,$2,$-487,$-9,$1289,$2545,$21,$92,$4,$96,$0,$0,$0,$-0,$2,$119,$-13,$0,$-256,$0,$-2,$-2,$52,$-219,$-11,$-39,$-49,$238,$238,$-60,$-1,$128,$28,$0,$-56
17,2014-06-30,16.03,$8.07,1.99,$2.44,6.57,$0.10,166.8,$0.32,50.09,$0.01B,$0.06B,0.25,$1.18B,$1.19B,1.0,$0.34B,$0.22B,63.66%,$0.34B,$0.07B,20.93%,$0.34B,$0.07B,20.93%,$0.34B,$0.19B,54.94%,$0.34B,$0.02B,6.98%,$0.34B,$0.05B,13.08%,$0.05B,$1.19B,4.06%,$0.05B,$1.19B,4.06%,$0.05B,$2.50B,1.89%,$0.07B,$2.37B,3.20%,$92,$32,$60,$0,$7,$70,$22,$-14,$8,$0,$8,$8,$6,$53,$22,$145,147,$0.04,$0.04,$14,$0,$0,$14,$2335,$0,$0,$154,$2489,$2503,$58,$1181,$36,$1259,$1316,$1,$-475,$-11,$1187,$2503,$13,$60,$1,$61,$0,$0,$0,$0,$-2,$72,$-207,$0,$0,$0,$52,$52,$-12,$-167,$-3,$18,$16,$127,$127,$-40,$-0,$103,$8,$-1,$-37
18,2014-03-31,14.91,$7.90,1.89,$2.40,6.22,$0.73,20.35,$0.29,51.41,$0.01B,$0.05B,0.15,$1.20B,$1.12B,1.07,$0.33B,$0.21B,63.33%,$0.33B,$0.06B,19.39%,$0.33B,$0.06B,19.39%,$0.33B,$0.18B,54.55%,$0.33B,$0.02B,5.15%,$0.33B,$0.04B,12.12%,$0.04B,$1.12B,3.76%,$0.04B,$1.12B,3.76%,$0.04B,$2.44B,1.74%,$0.06B,$2.32B,2.94%,$87,$32,$55,$0,$7,$69,$19,$-14,$4,$0,$4,$4,$3,$47,$19,$140,143,$0.02,$0.02,$7,$0,$0,$7,$2241,$0,$0,$194,$2435,$2443,$50,$1197,$34,$1270,$1319,$1,$-459,$-10,$1123,$2443,$5,$29,$1,$30,$0,$0,$0,$3,$-4,$31,$-5,$0,$-77,$0,$-1,$-1,$-6,$-88,$-1,$32,$31,$47,$47,$-20,$0,$58,$0,$0,$-18
19,2013-12-31,13.74,$7.85,1.75,$2.35,5.86,$0.75,18.26,$0.26,52.86,$0.01B,$0.06B,0.13,$1.14B,$1.09B,1.04,$0.32B,$0.20B,62.58%,$0.32B,$0.05B,16.98%,$0.32B,$0.05B,16.98%,$0.32B,$0.17B,54.09%,$0.32B,$0.01B,3.46%,$0.32B,$0.04B,11.01%,$0.04B,$1.09B,3.40%,$0.04B,$1.09B,3.40%,$0.04B,$2.36B,1.58%,$0.05B,$2.23B,2.58%,$83,$31,$52,$0,$7,$68,$15,$-10,$6,$0,$6,$6,$21,$43,$15,$135,138,$0.15,$0.15,$7,$0,$0,$7,$2155,$0,$0,$196,$2351,$2359,$58,$1139,$33,$1208,$1265,$1,$-441,$-11,$1093,$2359,$42,$117,$-21,$96,$0,$0,$0,$1,$5,$143,$-20,$0,$-182,$0,$-157,$-157,$76,$-283,$111,$-6,$105,$104,$104,$-65,$-5,$139,$-1,$6,$-59
20,2013-09-30,15.26,$7.56,2.02,$2.27,6.72,$1.06,14.44,$0.11,138.7,$0.01B,$0.06B,0.13,$1.04B,$1.03B,1.01,$0.30B,$0.19B,62.79%,$0.30B,$0.04B,13.95%,$0.30B,$0.04B,13.95%,$0.30B,$0.17B,54.82%,$0.30B,0,0.00%,$0.30B,$0.01B,4.65%,$0.01B,$1.03B,1.40%,$0.01B,$1.03B,1.40%,$0.01B,$2.20B,0.65%,$0.04B,$2.08B,2.06%,$82,$30,$52,$0,$7,$66,$16,$-11,$6,$0,$6,$6,$15,$46,$16,$135,138,$0.11,$0.11,$7,$0,$0,$7,$2093,$0,$0,$103,$2196,$2203,$55,$1044,$31,$1116,$1171,$1,$-449,$-13,$1032,$2203,$19,$90,$-6,$84,$0,$0,$0,$0,$2,$104,$-111,$0,$0,$0,$0,$0,$-19,$-130,$-22,$43,$21,$55,$55,$-49,$-3,$25,$-2,$4,$-44
21,2013-06-30,13.58,$7.46,1.82,$2.23,6.08,$0.33,40.61,0,0.0,$0.01B,$0.05B,0.16,$1.07B,$1.00B,1.07,$0.29B,$0.18B,62.15%,$0.29B,$0.03B,11.46%,$0.29B,$0.03B,11.46%,$0.29B,$0.16B,54.17%,$0.29B,$-0.01B,-2.08%,$0.29B,$-0.00B,-0.35%,$-0.00B,$1.00B,-0.10%,$-0.00B,$1.00B,-0.10%,$-0.00B,$2.20B,-0.05%,$0.03B,$2.08B,1.63%,$78,$28,$50,$0,$8,$64,$14,$-13,$1,$0,$1,$1,$1,$44,$14,$134,134,$0.01,$0.01,$9,$0,$0,$9,$2150,$0,$0,$39,$2189,$2198,$54,$1074,$30,$1141,$1195,$1,$-444,$-12,$1003,$2198,$2,$60,$2,$62,$0,$0,$0,$0,$1,$65,$-103,$0,$0,$0,$0,$0,$-1,$-104,$-13,$65,$52,$22,$22,$-32,$-3,$38,$-0,$3,$-29
22,2013-03-31,13.34,$7.43,1.8,$2.20,6.08,$0.45,29.74,0,0.0,$0.01B,$0.05B,0.16,$1.01B,$0.99B,1.02,$0.28B,$0.17B,61.37%,$0.28B,$0.03B,9.39%,$0.28B,$0.03B,9.39%,$0.28B,$0.15B,53.07%,$0.28B,$-0.01B,-3.97%,$0.28B,$-0.00B,-0.36%,$-0.00B,$0.99B,-0.10%,$-0.00B,$0.99B,-0.10%,$-0.00B,$2.11B,-0.05%,$0.03B,$2.00B,1.30%,$75,$29,$45,$0,$8,$66,$9,$-11,$-2,$0,$-2,$-2,$-2,$39,$9,$133,133,$-0.01,$-0.01,$8,$0,$0,$8,$2069,$0,$0,$36,$2105,$2113,$52,$1006,$29,$1071,$1124,$1,$-430,$-19,$989,$2113,$-0,$30,$1,$31,$0,$0,$0,$2,$-4,$26,$-0,$0,$0,$0,$0,$0,$2,$2,$-2,$-15,$-17,$2,$2,$-16,$-0,$-31,$-2,$1,$-15
23,2012-12-31,12.21,$7.51,1.63,$2.16,5.66,$0.39,31.19,$-0.03,0.0,$0.01B,$0.06B,0.17,$1.02B,$0.99B,1.03,$0.27B,$0.16B,61.28%,$0.27B,$0.02B,9.02%,$0.27B,$0.02B,9.02%,$0.27B,$0.14B,53.38%,$0.27B,$-0.01B,-4.89%,$0.27B,$-0.00B,-1.50%,$-0.00B,$0.99B,-0.41%,$-0.00B,$0.99B,-0.41%,$-0.00B,$2.15B,-0.19%,$0.02B,$2.01B,1.23%,$66,$24,$42,$0,$7,$62,$3,$-9,$-5,$0,$-5,$-5,$-0,$36,$3,$125,125,$0.00,$0.00,$11,$0,$0,$11,$2090,$0,$0,$50,$2140,$2150,$61,$1024,$28,$1100,$1160,$1,$-410,$-20,$990,$2150,$4,$119,$-12,$106,$0,$0,$0,$2,$8,$118,$30,$0,$-221,$0,$-81,$-81,$-0,$-272,$113,$45,$158,$104,$104,$-45,$-68,$149,$-5,$5,$-40
24,2012-09-30,10.71,$7.46,1.44,$2.02,5.29,$-4.13,0.0,$-0.11,0.0,$0.01B,$0.06B,0.16,$1.07B,$0.95B,1.13,$0.24B,$0.15B,60.83%,$0.24B,$0.02B,10.00%,$0.24B,$0.02B,10.00%,$0.24B,$0.13B,55.00%,$0.24B,$-0.02B,-9.58%,$0.24B,$-0.01B,-5.42%,$-0.01B,$0.95B,-1.34%,$-0.01B,$0.95B,-1.34%,$-0.01B,$2.17B,-0.64%,$0.02B,$2.02B,1.27%,$69,$27,$42,$0,$7,$63,$7,$-6,$0,$0,$0,$0,$0,$37,$7,$124,124,$0.00,$0.00,$10,$0,$0,$10,$2092,$0,$0,$65,$2157,$2168,$63,$1074,$24,$1155,$1218,$1,$-388,$-21,$950,$2168,$2,$86,$-10,$76,$0,$0,$0,$1,$8,$86,$-182,$0,$0,$0,$-81,$-81,$3,$-261,$143,$66,$209,$61,$61,$-34,$-67,$168,$-6,$3,$-30
25,2012-06-30,9.65,$7.86,1.23,$2.05,4.71,$-3.10,0.0,$-0.04,0.0,$0.14B,$0.06B,2.6,$1.00B,$0.96B,1.03,$0.23B,$0.14B,60.26%,$0.23B,$0.03B,13.10%,$0.23B,$0.03B,13.10%,$0.23B,$0.13B,54.59%,$0.23B,$-0.02B,-8.73%,$0.23B,$-0.01B,-2.62%,$-0.01B,$0.96B,-0.65%,$-0.01B,$0.96B,-0.65%,$-0.01B,$2.09B,-0.32%,$0.03B,$1.96B,1.73%,$67,$27,$41,$0,$6,$60,$7,$-11,$-4,$0,$-4,$-4,$1,$35,$7,$123,123,$0.01,$0.01,$144,$0,$0,$144,$1883,$0,$0,$61,$1945,$2089,$55,$995,$23,$1069,$1124,$1,$-372,$-19,$964,$2089,$0,$55,$-4,$51,$0,$0,$0,$4,$2,$53,$-73,$0,$0,$0,$0,$0,$2,$-71,$174,$0,$174,$1,$1,$-22,$-5,$147,$129,$2,$-20
26,2012-03-31,9.71,$7.97,1.22,$2.07,4.69,$-3.12,0.0,$-0.04,0.0,$0.02B,$0.05B,0.41,$0.84B,$0.98B,0.86,$0.22B,$0.13B,59.63%,$0.22B,$0.03B,15.14%,$0.22B,$0.03B,15.14%,$0.22B,$0.12B,54.13%,$0.22B,$-0.02B,-7.80%,$0.22B,$-0.01B,-2.75%,$-0.01B,$0.98B,-0.69%,$-0.01B,$0.98B,-0.69%,$-0.01B,$1.94B,-0.35%,$0.03B,$1.81B,2.07%,$64,$26,$38,$0,$6,$57,$7,$-11,$-4,$0,$-4,$-4,$-5,$34,$7,$122,122,$-0.04,$-0.04,$19,$0,$0,$19,$1856,$0,$0,$63,$1919,$1938,$46,$838,$23,$916,$963,$1,$-364,$-12,$975,$1938,$-3,$27,$1,$28,$0,$0,$0,$-0,$-4,$21,$-3,$0,$-50,$0,$0,$0,$1,$-53,$-8,$50,$42,$1,$1,$-11,$-2,$30,$-2,$0,$-10
27,2011-12-31,8.61,$8.15,1.06,$2.11,4.08,$-3.19,0.0,0,0.0,$0.02B,$0.05B,0.4,$0.76B,$1.00B,0.76,$0.21B,$0.12B,58.57%,$0.21B,$0.04B,17.14%,$0.21B,$0.04B,17.14%,$0.21B,$0.11B,52.86%,$0.21B,$-0.01B,-6.19%,$0.21B,$-0.00B,-0.48%,$-0.00B,$1.00B,-0.12%,$-0.00B,$1.00B,-0.12%,$-0.00B,$1.88B,-0.06%,$0.04B,$1.75B,2.43%,$40,$15,$25,$0,$6,$37,$3,$-19,$-15,$0,$-15,$-15,$-9,$26,$3,$103,103,$-0.10,$-0.10,$20,$0,$0,$20,$1789,$0,$0,$67,$1856,$1876,$51,$758,$21,$830,$881,$1,$-342,$-13,$995,$1876,$2,$74,$8,$81,$0,$0,$0,$-2,$1,$84,$-427,$0,$0,$0,$-15,$-15,$0,$-442,$164,$-43,$121,$204,$279,$-28,$-11,$361,$3,$3,$-28
28,2011-09-30,6.85,$7.55,0.91,$2.16,3.17,$0.19,36.71,$0.10,68.46,$0.02B,$0.05B,0.47,$0.65B,$0.75B,0.86,$0.21B,$0.12B,58.29%,$0.21B,$0.04B,18.48%,$0.21B,$0.04B,18.48%,$0.21B,$0.11B,51.66%,$0.21B,$-0.00B,-0.95%,$0.21B,$0.01B,4.74%,$0.01B,$0.75B,1.33%,$0.01B,$0.75B,1.33%,$0.01B,$1.50B,0.67%,$0.04B,$1.39B,2.81%,$58,$24,$34,$0,$5,$45,$13,$-10,$3,$0,$3,$3,$7,$30,$13,$99,100,$0.07,$0.07,$24,$0,$0,$24,$1433,$0,$0,$46,$1479,$1503,$50,$646,$17,$706,$756,$1,$-314,$-9,$747,$1503,$10,$51,$1,$52,$0,$0,$0,$-3,$2,$64,$-39,$0,$0,$0,$-15,$-15,$-0,$-55,$66,$-43,$23,$2,$2,$-21,$-7,$-3,$7,$2,$-21
29,2011-06-30,8.39,$7.57,1.11,$2.15,3.91,$-0.00,0.0,$0.01,838.83,$0.01B,$0.04B,0.31,$0.66B,$0.75B,0.88,$0.21B,$0.12B,57.97%,$0.21B,$0.04B,16.91%,$0.21B,$0.04B,16.91%,$0.21B,$0.11B,50.72%,$0.21B,$-0.01B,-3.38%,$0.21B,$0.00B,0.97%,$0.00B,$0.75B,0.27%,$0.00B,$0.75B,0.27%,$0.00B,$1.51B,0.13%,$0.04B,$1.41B,2.52%,$56,$24,$33,$0,$7,$46,$10,$-12,$-1,$0,$-1,$-1,$1,$28,$10,$99,99,$0.01,$0.01,$12,$0,$0,$12,$1463,$0,$0,$35,$1498,$1509,$37,$657,$17,$724,$761,$1,$-321,$-0,$749,$1509,$2,$34,$4,$38,$0,$0,$0,$-2,$-2,$38,$-56,$0,$0,$0,$0,$0,$-0,$-56,$67,$-34,$33,$0,$0,$-14,$-5,$14,$-4,$1,$-14
30,2011-03-31,8.33,$7.63,1.09,$2.15,3.88,$0.37,22.46,$-0.05,0.0,$0.01B,$0.03B,0.43,$0.62B,$0.75B,0.83,$0.20B,$0.12B,56.86%,$0.20B,$0.03B,15.69%,$0.20B,$0.03B,15.69%,$0.20B,$0.10B,50.00%,$0.20B,$-0.01B,-5.39%,$0.20B,$-0.00B,-1.96%,$-0.00B,$0.75B,-0.53%,$-0.00B,$0.75B,-0.53%,$-0.00B,$1.48B,-0.27%,$0.03B,$1.38B,2.31%,$56,$25,$31,$0,$6,$46,$10,$-10,$-0,$0,$-0,$-0,$-0,$27,$10,$99,99,$-0.00,$-0.00,$14,$0,$0,$14,$1430,$0,$0,$32,$1462,$1476,$32,$623,$17,$690,$722,$1,$-315,$-1,$754,$1476,$0,$17,$1,$18,$0,$0,$0,$1,$-3,$15,$-8,$0,$0,$0,$0,$0,$-0,$-8,$2,$-3,$-1,$0,$0,$-7,$-1,$-9,$-2,$1,$-7
31,2010-12-31,7.49,$7.76,0.97,$2.14,3.5,$0.39,19.35,$-0.09,0.0,$0.02B,$0.04B,0.45,$0.62B,$0.77B,0.8,$0.20B,$0.11B,57.00%,$0.20B,$0.03B,14.50%,$0.20B,$0.03B,14.50%,$0.20B,$0.10B,50.00%,$0.20B,$-0.02B,-7.50%,$0.20B,$-0.01B,-3.50%,$-0.01B,$0.77B,-0.94%,$-0.01B,$0.77B,-0.94%,$-0.01B,$1.48B,-0.47%,$0.03B,$1.38B,2.07%,$41,$17,$25,$0,$6,$35,$6,$-11,$-4,$0,$-4,$-4,$2,$24,$6,$94,94,$0.03,$0.03,$16,$0,$0,$16,$1428,$0,$0,$34,$1463,$1479,$36,$615,$17,$677,$713,$1,$-303,$-1,$765,$1479,$-6,$71,$2,$72,$0,$0,$0,$4,$5,$72,$-67,$0,$0,$0,$0,$0,$22,$-45,$-196,$43,$-153,$48,$48,$-9,$-9,$-124,$-97,$4,$-9
32,2010-09-30,6.55,$7.80,0.84,$2.26,2.89,$1.93,3.4,$-0.14,0.0,$0.04B,$0.04B,0.95,$0.66B,$0.75B,0.88,$0.20B,$0.11B,56.28%,$0.20B,$0.03B,13.57%,$0.20B,$0.03B,13.57%,$0.20B,$0.10B,49.25%,$0.20B,$-0.02B,-9.05%,$0.20B,$-0.01B,-6.03%,$-0.01B,$0.75B,-1.63%,$-0.01B,$0.75B,-1.63%,$-0.01B,$1.50B,-0.79%,$0.03B,$1.40B,1.89%,$54,$23,$31,$0,$7,$44,$9,$-11,$-2,$0,$-2,$-2,$-1,$26,$9,$94,94,$-0.02,$-0.02,$39,$0,$0,$39,$1419,$0,$0,$39,$1458,$1497,$41,$656,$12,$712,$753,$1,$-296,$-1,$745,$1497,$-9,$53,$2,$55,$0,$0,$0,$-1,$4,$51,$-45,$0,$0,$0,$0,$0,$21,$-24,$-113,$0,$-113,$21,$21,$-7,$-7,$-106,$-80,$3,$-7
33,2010-06-30,5.83,$7.82,0.74,$2.41,2.41,$3.13,1.86,$-0.03,0.0,$0.05B,$0.04B,1.3,$0.67B,$0.73B,0.92,$0.20B,$0.11B,56.50%,$0.20B,$0.03B,13.00%,$0.20B,$0.03B,13.00%,$0.20B,$0.10B,49.50%,$0.20B,$-0.02B,-10.00%,$0.20B,$-0.00B,-2.00%,$-0.00B,$0.73B,-0.54%,$-0.00B,$0.73B,-0.54%,$-0.00B,$1.49B,-0.26%,$0.03B,$1.39B,1.80%,$53,$24,$29,$0,$7,$47,$7,$-12,$-5,$0,$-5,$-5,$-5,$25,$7,$93,93,$-0.05,$-0.05,$46,$0,$0,$46,$1403,$0,$0,$36,$1439,$1485,$35,$666,$12,$722,$758,$1,$-292,$-1,$727,$1485,$-8,$36,$2,$38,$0,$0,$0,$-2,$-2,$27,$-10,$0,$0,$0,$0,$0,$22,$12,$-103,$0,$-103,$1,$1,$-5,$-4,$-111,$-71,$2,$-5
34,2010-03-31,5.61,$7.90,0.71,$2.77,2.02,$3.45,1.62,$-0.03,0.0,$0.06B,$0.03B,2.08,$0.68B,$0.73B,0.93,$0.20B,$0.11B,56.22%,$0.20B,$0.03B,12.44%,$0.20B,$0.03B,12.44%,$0.20B,$0.10B,49.25%,$0.20B,$-0.02B,-10.45%,$0.20B,$-0.00B,-1.00%,$-0.00B,$0.73B,-0.29%,$-0.00B,$0.73B,-0.29%,$-0.00B,$1.50B,-0.13%,$0.03B,$1.42B,1.70%,$52,$22,$29,$0,$6,$44,$7,$-11,$-4,$0,$-4,$-4,$-3,$25,$7,$93,93,$-0.04,$-0.04,$55,$0,$0,$58,$1416,$0,$0,$28,$1444,$1502,$28,$683,$12,$740,$768,$1,$-285,$-1,$734,$1502,$-3,$18,$1,$19,$0,$0,$0,$1,$-5,$11,$-3,$0,$0,$0,$0,$0,$20,$18,$-85,$0,$-85,$0,$0,$-2,$-2,$-90,$-61,$1,$-2
35,2009-12-31,5.68,$7.98,0.71,$3.17,1.79,$3.55,1.6,$-0.02,0.0,$0.14B,$0.03B,4.12,$0.77B,$0.74B,1.04,$0.20B,$0.12B,56.37%,$0.20B,$0.03B,12.75%,$0.20B,$0.03B,12.75%,$0.20B,$0.10B,49.51%,$0.20B,$-0.02B,-10.29%,$0.20B,$-0.00B,-0.49%,$-0.00B,$0.74B,-0.16%,$-0.00B,$0.74B,-0.16%,$-0.00B,$1.60B,-0.06%,$0.03B,$1.51B,1.75%,$40,$17,$23,$0,$6,$36,$4,$-11,$-7,$0,$-7,$-7,$-3,$22,$4,$71,71,$-0.02,$-0.02,$119,$0,$0,$139,$1431,$0,$0,$29,$1460,$1599,$34,$769,$11,$826,$860,$1,$-280,$-1,$739,$1599,$-0,$76,$-11,$65,$0,$0,$0,$-0,$-2,$62,$50,$0,$0,$0,$0,$0,$48,$99,$-36,$-172,$-208,$171,$171,$-7,$-18,$-62,$99,$3,$-7
36,2009-09-30,4.83,$8.04,0.6,$3.37,1.43,$3.59,1.35,$0.05,96.61,$0.08B,$0.04B,1.99,$0.73B,$0.74B,0.98,$0.21B,$0.12B,56.25%,$0.21B,$0.03B,12.50%,$0.21B,$0.03B,12.50%,$0.21B,$0.10B,49.04%,$0.21B,$-0.02B,-11.06%,$0.21B,$0.00B,1.92%,$0.00B,$0.74B,0.69%,$0.00B,$0.74B,0.69%,$0.00B,$1.57B,0.25%,$0.03B,$1.47B,1.75%,$55,$23,$32,$0,$6,$46,$8,$-12,$-4,$0,$-4,$-4,$7,$27,$8,$75,75,$0.09,$0.09,$77,$0,$0,$77,$1446,$0,$0,$44,$1490,$1568,$39,$728,$12,$786,$825,$1,$-275,$-2,$743,$1568,$2,$58,$-11,$47,$0,$0,$0,$-3,$-2,$47,$48,$0,$0,$0,$0,$0,$48,$96,$-77,$-172,$-249,$171,$171,$-5,$-3,$-86,$57,$3,$-5
37,2009-06-30,3.77,$8.81,0.43,$3.64,1.04,$3.55,1.06,$0.03,125.57,$0.02B,$0.03B,0.64,$0.94B,$0.53B,1.78,$0.21B,$0.12B,56.19%,$0.21B,$0.03B,12.38%,$0.21B,$0.03B,12.38%,$0.21B,$0.10B,49.52%,$0.21B,$-0.02B,-11.43%,$0.21B,$0.00B,0.48%,$0.00B,$0.53B,0.19%,$0.00B,$0.53B,0.19%,$0.00B,$1.56B,0.06%,$0.03B,$1.47B,1.74%,$54,$25,$29,$0,$6,$48,$6,$-12,$-6,$0,$-6,$-6,$-3,$25,$6,$58,58,$-0.05,$-0.05,$20,$0,$0,$20,$1525,$0,$0,$17,$1542,$1563,$32,$944,$12,$1001,$1033,$1,$-279,$-4,$530,$1563,$-5,$39,$-1,$38,$0,$0,$0,$-1,$-5,$27,$3,$0,$0,$0,$0,$0,$-3,$0,$34,$-68,$-34,$10,$10,$-3,$-2,$-30,$-2,$2,$-3
38,2009-03-31,1.54,$9.04,0.17,$3.72,0.41,$3.42,0.45,$0.09,17.07,$0.02B,$0.03B,0.6,$0.97B,$0.52B,1.85,$0.21B,$0.12B,57.48%,$0.21B,$0.03B,12.62%,$0.21B,$0.03B,12.62%,$0.21B,$0.11B,50.00%,$0.21B,$-0.02B,-11.21%,$0.21B,$0.00B,1.87%,$0.00B,$0.52B,0.76%,$0.00B,$0.52B,0.76%,$0.00B,$1.58B,0.25%,$0.03B,$1.49B,1.78%,$55,$24,$31,$0,$5,$47,$8,$-12,$-4,$0,$-4,$-4,$-2,$27,$8,$58,58,$-0.03,$-0.03,$18,$0,$0,$18,$1545,$0,$0,$12,$1557,$1575,$30,$966,$12,$1024,$1054,$1,$-275,$-6,$521,$1575,$-2,$19,$0,$20,$0,$0,$0,$2,$-6,$11,$-0,$0,$0,$0,$0,$0,$-0,$-0,$-3,$-9,$-12,$0,$0,$-2,$0,$-13,$-2,$1,$-2
39,2008-12-31,3.37,$9.08,0.37,$3.77,0.89,$3.12,1.08,$0.05,67.3,$0.02B,$0.04B,0.51,$0.98B,$0.52B,1.87,$0.22B,$0.13B,57.60%,$0.22B,$0.03B,12.44%,$0.22B,$0.03B,12.44%,$0.22B,$0.11B,50.23%,$0.22B,$-0.03B,-11.98%,$0.22B,$0.00B,0.92%,$0.00B,$0.52B,0.38%,$0.00B,$0.52B,0.38%,$0.00B,$1.60B,0.12%,$0.03B,$1.50B,1.75%,$44,$19,$25,$0,$7,$40,$4,$-13,$-9,$0,$-9,$-9,$2,$23,$4,$58,58,$0.04,$0.04,$20,$0,$0,$20,$1560,$0,$0,$18,$1578,$1598,$39,$978,$12,$1035,$1075,$1,$-271,$-8,$523,$1598,$3,$80,$-17,$63,$0,$0,$0,$1,$1,$67,$26,$0,$0,$0,$0,$0,$1,$27,$-3,$-47,$-50,$0,$0,$-45,$-0,$-95,$-1,$0,$-45
40,2008-09-30,9.12,$9.17,0.99,$3.74,2.44,$-0.36,0.0,$-0.09,0.0,$0.02B,$0.03B,0.63,$0.99B,$0.53B,1.88,$0.22B,$0.12B,56.74%,$0.22B,$0.03B,11.63%,$0.22B,$0.03B,11.63%,$0.22B,$0.11B,50.23%,$0.22B,$-0.03B,-13.95%,$0.22B,$-0.01B,-2.79%,$-0.01B,$0.53B,-1.11%,$-0.01B,$0.53B,-1.11%,$-0.01B,$1.62B,-0.36%,$0.03B,$1.52B,1.60%,$57,$25,$33,$0,$6,$49,$8,$-13,$-5,$0,$-5,$-5,$4,$29,$8,$58,58,$0.07,$0.07,$21,$0,$0,$21,$1582,$0,$0,$20,$1602,$1623,$34,$991,$23,$1061,$1094,$1,$-272,$0,$529,$1623,$0,$61,$-11,$51,$0,$0,$0,$3,$3,$53,$17,$0,$0,$0,$0,$0,$-3,$15,$1,$-36,$-36,$0,$0,$-34,$-0,$-70,$-2,$3,$-34
41,2008-06-30,8.75,$9.26,0.95,$3.72,2.35,$-3.21,0.0,$-0.23,0.0,$0.02B,$0.03B,0.67,$1.03B,$0.53B,1.92,$0.21B,$0.12B,56.54%,$0.21B,$0.03B,12.15%,$0.21B,$0.03B,12.15%,$0.21B,$0.11B,49.07%,$0.21B,$-0.03B,-14.02%,$0.21B,$-0.01B,-6.54%,$-0.01B,$0.53B,-2.54%,$-0.01B,$0.53B,-2.54%,$-0.01B,$1.66B,-0.83%,$0.03B,$1.56B,1.65%,$58,$25,$34,$0,$6,$51,$7,$-13,$-6,$0,$-6,$-6,$0,$28,$7,$58,58,$0.01,$0.01,$19,$0,$0,$19,$1623,$0,$0,$15,$1639,$1657,$28,$1026,$23,$1096,$1124,$1,$-266,$-1,$533,$1657,$-4,$41,$-4,$37,$0,$0,$0,$2,$-4,$29,$-6,$0,$0,$0,$0,$0,$-2,$-9,$6,$-7,$-1,$0,$0,$-23,$-0,$-24,$-4,$2,$-23
42,2008-03-31,8.16,$9.38,0.87,$3.67,2.22,$-3.41,0.0,$-0.23,0.0,$0.02B,$0.03B,0.76,$1.04B,$0.54B,1.93,$0.21B,$0.12B,57.35%,$0.21B,$0.03B,14.22%,$0.21B,$0.03B,14.22%,$0.21B,$0.11B,49.76%,$0.21B,$-0.03B,-12.32%,$0.21B,$-0.01B,-6.64%,$-0.01B,$0.54B,-2.48%,$-0.01B,$0.54B,-2.48%,$-0.01B,$1.68B,-0.84%,$0.03B,$1.58B,1.92%,$58,$25,$33,$0,$5,$50,$8,$-14,$-6,$0,$-6,$-6,$-4,$29,$8,$58,58,$-0.07,$-0.07,$22,$0,$0,$22,$1644,$0,$0,$16,$1660,$1682,$29,$1042,$23,$1113,$1141,$1,$-256,$-3,$540,$1682,$-4,$20,$0,$21,$0,$0,$0,$4,$-5,$12,$-18,$0,$0,$0,$0,$0,$4,$-14,$-1,$16,$15,$0,$0,$-11,$-0,$3,$1,$1,$-11
43,2007-12-31,6.47,$9.65,0.67,$3.62,1.79,$-3.46,0.0,$-0.22,0.0,$0.02B,$0.03B,0.6,$1.03B,$0.56B,1.85,$0.21B,$0.12B,57.69%,$0.21B,$0.03B,14.90%,$0.21B,$0.03B,14.90%,$0.21B,$0.10B,49.04%,$0.21B,$-0.02B,-11.54%,$0.21B,$-0.01B,-6.25%,$-0.01B,$0.56B,-2.23%,$-0.01B,$0.56B,-2.23%,$-0.01B,$1.69B,-0.79%,$0.03B,$1.58B,2.01%,$42,$20,$22,$0,$5,$40,$2,$-15,$-13,$0,$-13,$-14,$-6,$22,$2,$57,57,$-0.10,$-0.10,$20,$0,$0,$20,$1647,$0,$0,$20,$1667,$1688,$34,$1028,$22,$1098,$1132,$1,$-241,$-2,$556,$1688,$-14,$72,$1,$73,$0,$0,$0,$-2,$4,$63,$-170,$0,$0,$0,$0,$0,$16,$-153,$20,$129,$148,$0,$0,$-73,$-0,$76,$-15,$2,$-73
44,2007-09-30,9.13,$9.94,0.92,$3.65,2.5,$-6.58,0.0,$-0.22,0.0,$0.03B,$0.03B,0.92,$1.02B,$0.57B,1.78,$0.21B,$0.12B,58.10%,$0.21B,$0.03B,15.24%,$0.21B,$0.03B,15.24%,$0.21B,$0.10B,48.10%,$0.21B,$-0.02B,-10.48%,$0.21B,$-0.01B,-6.19%,$-0.01B,$0.57B,-2.17%,$-0.01B,$0.57B,-2.17%,$-0.01B,$1.70B,-0.80%,$0.03B,$1.59B,2.10%,$56,$24,$32,$0,$5,$47,$9,$-14,$-5,$0,$-5,$-5,$-4,$26,$9,$58,58,$-0.07,$-0.07,$25,$0,$0,$25,$1652,$0,$0,$21,$1673,$1699,$28,$1019,$29,$1099,$1126,$1,$-225,$-0,$572,$1699,$-7,$52,$-1,$50,$0,$0,$0,$-2,$1,$46,$-139,$0,$0,$0,$0,$0,$-5,$-145,$39,$101,$140,$0,$0,$-55,$-0,$85,$-14,$1,$-55
45,2007-06-30,11.14,$10.30,1.08,$3.65,3.05,$-10.08,0.0,$-0.18,0.0,$0.02B,$0.02B,0.99,$0.89B,$0.59B,1.5,$0.21B,$0.12B,59.05%,$0.21B,$0.03B,15.71%,$0.21B,$0.03B,15.71%,$0.21B,$0.10B,48.57%,$0.21B,$-0.02B,-9.05%,$0.21B,$-0.01B,-5.24%,$-0.01B,$0.59B,-1.78%,$-0.01B,$0.59B,-1.78%,$-0.01B,$1.59B,-0.68%,$0.03B,$1.48B,2.20%,$55,$22,$34,$0,$6,$44,$11,$-13,$-2,$0,$-2,$-2,$0,$28,$11,$57,57,$0.01,$0.01,$20,$0,$0,$22,$1549,$0,$0,$17,$1566,$1588,$22,$891,$29,$973,$995,$1,$-204,$0,$592,$1588,$-3,$34,$-2,$33,$0,$0,$0,$-4,$-5,$25,$-13,$0,$0,$0,$0,$0,$-3,$-16,$-5,$17,$12,$0,$0,$-36,$0,$-25,$-16,$1,$-36
46,2007-03-31,13.47,$10.59,1.27,$3.61,3.73,$-14.42,0.0,$-0.19,0.0,$0.02B,$0.02B,1.03,$0.89B,$0.61B,1.47,$0.21B,$0.12B,58.65%,$0.21B,$0.03B,16.35%,$0.21B,$0.03B,16.35%,$0.21B,$0.10B,49.04%,$0.21B,$-0.02B,-7.69%,$0.21B,$-0.01B,-4.81%,$-0.01B,$0.61B,-1.57%,$-0.01B,$0.61B,-1.57%,$-0.01B,$1.61B,-0.63%,$0.03B,$1.50B,2.28%,$55,$23,$32,$0,$6,$45,$9,$-13,$-4,$0,$-4,$-4,$-3,$26,$9,$57,57,$-0.06,$-0.06,$21,$0,$0,$22,$1572,$0,$0,$13,$1586,$1607,$21,$894,$29,$979,$1000,$1,$-188,$0,$608,$1607,$-3,$17,$-0,$17,$0,$0,$0,$1,$-1,$13,$-22,$0,$0,$0,$0,$0,$-1,$-24,$-2,$17,$15,$0,$0,$-18,$0,$-3,$-14,$0,$-18
47,2006-12-31,13.57,$10.94,1.24,$3.50,3.88,$-17.97,0.0,$-0.16,0.0,$0.03B,$0.02B,1.5,$0.88B,$0.63B,1.4,$0.20B,$0.12B,59.20%,$0.20B,$0.03B,16.92%,$0.20B,$0.03B,16.92%,$0.20B,$0.10B,49.75%,$0.20B,$-0.01B,-6.97%,$0.20B,$-0.01B,-4.48%,$-0.01B,$0.63B,-1.37%,$-0.01B,$0.63B,-1.37%,$-0.01B,$1.62B,-0.57%,$0.03B,$1.51B,2.32%,$44,$20,$24,$0,$5,$41,$3,$-13,$-11,$0,$-11,$-10,$-6,$21,$3,$57,57,$-0.10,$-0.10,$34,$0,$0,$34,$1567,$0,$0,$14,$1581,$1615,$23,$879,$29,$965,$988,$1,$-168,$0,$627,$1615,$-9,$67,$3,$69,$0,$0,$0,$-1,$4,$65,$-350,$0,$0,$95,$0,$95,$7,$-248,$86,$91,$176,$3,$3,$-73,$-2,$104,$-79,$1,$-73
