,Date,Stock Price,Book Value per Share,Price to Book Ratio,TTM Sales per Share,Price to Sales Ratio,TTM FCF per Share,Price to FCF Ratio,TTM Net EPS,PE Ratio,Current Assets,Current Liabilities,Current Ratio,Long Term Debt,Shareholder's Equity_x,Debt to Equity Ratio,TTM Revenue_x,TTM Gross Profit,Gross Margin,TTM Revenue_y,TTM Operating Income,Operating Margin,TTM Revenue_x,TTM EBIT,EBIT Margin,TTM Revenue_y,TTM EBITDA,EBITDA Margin,TTM Revenue_x,TTM Pre-Tax Income,Pre-Tax Margin,TTM Revenue_y,TTM Net Income_x,Net Margin,TTM Net Income_y,Shareholder's Equity_y,Return on Equity,TTM Net Income_x,Tangible Equity,Return on Tangible Equity,TTM Net Income_y,Total Assets,Return on Assets,TTM Net Income,LT Investments & Debt,Return on Investment,revenue,cost-goods-sold,gross-profit,research-development-expenses,selling-general-administrative-expenses,operating-expenses,operating-income,total-non-operating-income-expense,pre-tax-income,total-provision-income-taxes,income-after-taxes,income-from-continuous-operations,net-income,ebitda,ebit,basic-shares-outstanding,shares-outstanding,eps-basic-net-earnings-per-share,eps-earnings-per-share-diluted,cash-on-hand,inventory,other-current-assets,total-current-assets,net-property-plant-equipment,long-term-investments,goodwill-intangible-assets-total,other-long-term-assets,total-long-term-assets,total-assets,total-current-liabilities,long-term-debt,other-non-current-liabilities,total-long-term-liabilities,total-liabilities,common-stock-net,retained-earnings-accumulated-deficit,comprehensive-income,total-share-holder-equity,total-liabilities-share-holders-equity,net-income-loss,total-depreciation-amortization-cash-flow,other-non-cash-items,total-non-cash-items,change-in-accounts-receivable,change-in-inventories,change-in-accounts-payable,change-in-assets-liabilities,total-change-in-assets-liabilities,cash-flow-from-operating-activities,net-change-in-property-plant-equipment,net-change-in-intangible-assets,net-acquisitions-divestitures,net-change-in-short-term-investments,net-change-in-long-term-investments,net-change-in-investments-total,investing-activities-other,cash-flow-from-investing-activities,net-long-term-debt,net-current-debt,debt-issuance-retirement-net-total,net-common-equity-issued-repurchased,net-total-equity-issued-repurchased,total-common-preferred-stock-dividends-paid,financial-activities-other,cash-flow-from-financial-activities,net-cash-flow,stock-based-compensation,common-stock-dividends-paid
0,2018-09-30,2.23,$1.74,1.28,$3.39,0.66,$-1.12,0.0,$-0.53,0.0,$0.04B,$0.02B,1.88,$0.01B,$0.05B,0.17,$0.09B,$0.03B,32.97%,$0.09B,$-0.02B,-16.48%,$0.09B,$-0.02B,-16.48%,$0.09B,$-0.01B,-14.29%,$0.09B,$-0.02B,-18.68%,$0.09B,$-0.02B,-16.48%,$-0.02B,$0.05B,-27.91%,$-0.02B,$0.02B,-69.77%,$-0.02B,$0.08B,-18.02%,$-0.02B,$0.06B,-24.10%,$25,$16,$8,$1,$8,$26,$-1,$-0,$-2,$-0,$-2,$-2,$-2,$-2,$-1,$29,29,$-0.05,$-0.05,$3,$16,$2,$35,$11,$0,$31,$2,$44,$79,$18,$8,$0,$11,$29,$0,$-116,$-4,$50,$79,$-10,$2,$1,$4,$-1,$-4,$1,$-0,$-4,$-10,$-1,$-0,$0,$0,$-1,$-1,$0,$-1,$2,$0,$2,$0,$0,$0,$-0,$2,$-9,$0,$0
1,2018-06-30,2.97,$1.80,1.65,$3.56,0.83,$-1.05,0.0,$-0.57,0.0,$0.04B,$0.02B,1.91,$0.01B,$0.05B,0.17,$0.09B,$0.03B,32.95%,$0.09B,$-0.02B,-18.18%,$0.09B,$-0.02B,-18.18%,$0.09B,$-0.01B,-13.64%,$0.09B,$-0.02B,-19.32%,$0.09B,$-0.02B,-17.05%,$-0.02B,$0.05B,-28.71%,$-0.02B,$0.02B,-81.08%,$-0.02B,$0.08B,-17.96%,$-0.02B,$0.06B,-26.12%,$23,$15,$8,$1,$9,$27,$-4,$-0,$-5,$0,$-5,$-5,$-5,$-2,$-4,$29,29,$-0.17,$-0.17,$7,$15,$1,$37,$11,$0,$31,$2,$45,$82,$19,$9,$0,$11,$30,$0,$-115,$-4,$51,$82,$-8,$3,$-0,$3,$-2,$-2,$2,$2,$1,$-5,$-1,$-0,$0,$0,$0,$0,$0,$-1,$1,$0,$1,$0,$0,$0,$-0,$1,$-5,$0,$0
2,2018-03-31,2.6,$1.99,1.3,$3.83,0.68,$-1.05,0.0,$-0.47,0.0,$0.04B,$0.02B,2.26,$0.01B,$0.06B,0.15,$0.09B,$0.03B,32.95%,$0.09B,$-0.01B,-15.91%,$0.09B,$-0.01B,-15.91%,$0.09B,$-0.01B,-12.50%,$0.09B,$-0.01B,-15.91%,$0.09B,$-0.01B,-13.64%,$-0.01B,$0.06B,-23.65%,$-0.01B,$0.02B,-77.42%,$-0.01B,$0.08B,-14.46%,$-0.01B,$0.07B,-23.53%,$22,$15,$7,$1,$9,$26,$-4,$0,$-4,$-0,$-3,$-3,$-3,$-3,$-4,$28,28,$-0.11,$-0.11,$10,$12,$1,$36,$11,$0,$33,$2,$48,$84,$16,$9,$0,$11,$27,$0,$-110,$-3,$57,$84,$-3,$1,$-0,$0,$-1,$1,$-1,$1,$0,$-3,$-0,$-0,$0,$0,$0,$0,$0,$-0,$1,$0,$1,$0,$0,$0,$-0,$1,$-2,$0,$0
3,2017-12-31,2.75,$2.02,1.36,$3.91,0.7,$-1.02,0.0,$-0.54,0.0,$0.04B,$0.02B,2.18,$0.01B,$0.06B,0.15,$0.08B,$0.03B,33.33%,$0.08B,$-0.01B,-16.67%,$0.08B,$-0.01B,-16.67%,$0.08B,$-0.01B,-13.10%,$0.08B,$-0.01B,-16.67%,$0.08B,$-0.01B,-15.48%,$-0.01B,$0.06B,-27.23%,$-0.01B,$0.02B,-108.33%,$-0.01B,$0.09B,-15.90%,$-0.01B,$0.07B,-24.67%,$21,$15,$7,$1,$8,$27,$-6,$-0,$-6,$-1,$-5,$-5,$-5,$-6,$-6,$22,22,$-0.22,$-0.22,$13,$14,$2,$41,$11,$0,$33,$2,$47,$88,$19,$9,$1,$12,$30,$0,$-109,$-4,$57,$88,$-13,$3,$1,$4,$-1,$-0,$-1,$2,$-1,$-9,$-1,$-1,$0,$0,$0,$0,$0,$-1,$-0,$0,$-0,$19,$19,$0,$-0,$19,$8,$0,$0
4,2017-09-30,3.69,$2.08,1.77,$3.89,0.95,$-0.63,0.0,$-0.46,0.0,$0.03B,$0.02B,1.39,$0.01B,$0.04B,0.24,$0.08B,$0.03B,32.93%,$0.08B,$-0.01B,-13.41%,$0.08B,$-0.01B,-13.41%,$0.08B,$-0.01B,-8.54%,$0.08B,$-0.01B,-13.41%,$0.08B,$-0.01B,-13.41%,$-0.01B,$0.04B,-24.04%,$-0.01B,$0.01B,-122.22%,$-0.01B,$0.08B,-13.79%,$-0.01B,$0.05B,-20.18%,$22,$14,$7,$1,$8,$24,$-2,$-0,$-2,$-0,$-2,$-2,$-2,$-1,$-2,$21,21,$-0.09,$-0.09,$1,$14,$1,$30,$11,$0,$37,$2,$50,$80,$21,$11,$1,$15,$36,$0,$-103,$-4,$44,$80,$-7,$2,$-0,$2,$-2,$-1,$-0,$3,$-0,$-6,$-1,$-0,$0,$0,$0,$0,$0,$-1,$3,$0,$3,$0,$0,$0,$-0,$3,$-4,$0,$0
5,2017-06-30,3.84,$2.13,1.8,$3.97,0.97,$-0.29,0.0,$-0.39,0.0,$0.03B,$0.02B,1.36,$0.01B,$0.05B,0.19,$0.08B,$0.03B,34.94%,$0.08B,$-0.01B,-12.05%,$0.08B,$-0.01B,-12.05%,$0.08B,$-0.01B,-7.23%,$0.08B,$-0.01B,-12.05%,$0.08B,$-0.01B,-12.05%,$-0.01B,$0.05B,-20.94%,$-0.01B,$0.01B,-90.91%,$-0.01B,$0.08B,-12.38%,$-0.01B,$0.05B,-17.78%,$23,$14,$8,$1,$9,$24,$-2,$-0,$-2,$-0,$-2,$-2,$-2,$-1,$-2,$21,21,$-0.07,$-0.07,$2,$14,$2,$30,$11,$0,$36,$2,$50,$80,$22,$9,$1,$13,$35,$0,$-101,$-4,$45,$80,$-5,$1,$-0,$1,$-2,$-1,$-0,$4,$1,$-3,$-0,$-0,$0,$0,$0,$0,$0,$-1,$1,$0,$1,$0,$0,$0,$-0,$1,$-3,$0,$0
6,2017-03-31,4.74,$2.16,2.19,$4.00,1.18,$-0.14,0.0,$-0.39,0.0,$0.03B,$0.02B,1.53,$0.01B,$0.05B,0.19,$0.08B,$0.03B,36.14%,$0.08B,$-0.01B,-10.84%,$0.08B,$-0.01B,-10.84%,$0.08B,$-0.01B,-6.02%,$0.08B,$-0.01B,-10.84%,$0.08B,$-0.01B,-10.84%,$-0.01B,$0.05B,-18.00%,$-0.01B,$0.01B,-70.59%,$-0.01B,$0.08B,-10.98%,$-0.01B,$0.05B,-15.38%,$18,$12,$6,$1,$9,$22,$-4,$-0,$-4,$-0,$-4,$-4,$-4,$-3,$-4,$21,21,$-0.18,$-0.18,$3,$13,$2,$31,$11,$0,$36,$0,$48,$79,$21,$9,$1,$13,$34,$0,$-100,$-5,$45,$79,$-4,$1,$-0,$0,$-1,$-0,$1,$2,$2,$-1,$-0,$-0,$0,$0,$0,$0,$0,$-0,$-0,$0,$-0,$0,$0,$0,$-0,$-0,$-2,$0,$0
7,2016-12-31,6.93,$2.33,2.98,$4.14,1.67,$-0.09,0.0,$-0.34,0.0,$0.03B,$0.02B,1.81,$0.01B,$0.05B,0.18,$0.09B,$0.03B,37.21%,$0.09B,$-0.01B,-8.14%,$0.09B,$-0.01B,-8.14%,$0.09B,$-0.00B,-4.65%,$0.09B,$-0.01B,-9.30%,$0.09B,$-0.01B,-9.30%,$-0.01B,$0.05B,-15.09%,$-0.01B,$0.01B,-54.24%,$-0.01B,$0.08B,-9.52%,$-0.01B,$0.06B,-11.43%,$19,$13,$6,$0,$8,$22,$-3,$-0,$-3,$-0,$-3,$-3,$-3,$-2,$-3,$21,21,$-0.13,$-0.13,$5,$13,$3,$32,$11,$0,$36,$0,$48,$80,$18,$9,$1,$13,$31,$0,$-96,$-6,$49,$80,$-7,$3,$1,$4,$4,$-2,$0,$-0,$3,$-1,$-1,$-1,$0,$0,$0,$0,$0,$-2,$-0,$0,$-0,$0,$0,$0,$-0,$-0,$-3,$1,$0
8,2016-09-30,5.83,$2.51,2.32,$4.26,1.37,$-0.56,0.0,$-0.28,0.0,$0.04B,$0.02B,1.97,$0.01B,$0.05B,0.17,$0.09B,$0.03B,38.20%,$0.09B,$-0.01B,-5.62%,$0.09B,$-0.01B,-5.62%,$0.09B,$-0.00B,-2.25%,$0.09B,$-0.01B,-6.74%,$0.09B,$-0.01B,-6.74%,$-0.01B,$0.05B,-10.76%,$-0.01B,$0.02B,-36.36%,$-0.01B,$0.08B,-6.92%,$-0.01B,$0.06B,-7.81%,$23,$15,$9,$1,$8,$24,$-1,$-0,$-1,$-0,$-1,$-1,$-1,$0,$-1,$21,21,$-0.02,$-0.02,$7,$12,$2,$35,$11,$0,$38,$0,$49,$84,$18,$9,$1,$14,$32,$0,$-93,$-4,$52,$84,$-5,$2,$1,$4,$2,$-1,$0,$1,$2,$1,$-0,$-1,$0,$0,$0,$0,$0,$-1,$-0,$0,$-0,$0,$0,$0,$-0,$-0,$-0,$1,$0
9,2016-06-30,5.05,$2.57,1.97,$4.34,1.16,$-1.16,0.0,$-0.26,0.0,$0.04B,$0.02B,2.0,$0.01B,$0.05B,0.16,$0.09B,$0.03B,37.36%,$0.09B,$-0.00B,-4.40%,$0.09B,$-0.00B,-4.40%,$0.09B,$-0.00B,-1.10%,$0.09B,$-0.01B,-5.49%,$0.09B,$-0.01B,-5.49%,$-0.01B,$0.05B,-8.62%,$-0.01B,$0.02B,-28.17%,$-0.01B,$0.09B,-5.65%,$-0.00B,$0.06B,-6.04%,$23,$14,$9,$1,$9,$24,$-1,$-0,$-1,$0,$-1,$-1,$-1,$-0,$-1,$21,21,$-0.07,$-0.07,$6,$13,$2,$35,$11,$0,$38,$0,$50,$85,$18,$9,$1,$14,$32,$0,$-93,$-4,$54,$85,$-4,$1,$1,$3,$2,$-1,$-0,$1,$1,$-0,$-0,$-0,$0,$0,$0,$0,$0,$-1,$-0,$0,$-0,$0,$0,$0,$-0,$-0,$-1,$1,$0
10,2016-03-31,8.08,$2.71,2.98,$4.34,1.86,$-1.58,0.0,$-0.21,0.0,$0.04B,$0.02B,2.17,$0.01B,$0.06B,0.15,$0.09B,$0.03B,36.26%,$0.09B,$-0.00B,-4.40%,$0.09B,$-0.00B,-4.40%,$0.09B,$-0.00B,-1.10%,$0.09B,$-0.01B,-5.49%,$0.09B,$-0.01B,-5.49%,$-0.01B,$0.06B,-8.33%,$-0.01B,$0.02B,-26.32%,$-0.01B,$0.09B,-5.52%,$-0.00B,$0.07B,-5.84%,$21,$13,$8,$1,$9,$23,$-2,$-0,$-3,$0,$-3,$-3,$-3,$-2,$-2,$21,21,$-0.13,$-0.13,$6,$13,$3,$36,$12,$0,$39,$0,$52,$87,$16,$9,$1,$14,$31,$0,$-91,$-2,$57,$87,$-3,$1,$1,$1,$3,$-0,$-1,$-0,$1,$-0,$-0,$-0,$0,$0,$0,$0,$0,$-0,$-0,$0,$-0,$0,$0,$0,$-0,$-0,$-1,$0,$0
11,2015-12-31,7.04,$2.85,2.47,$4.15,1.7,$-1.67,0.0,$-0.28,0.0,$0.04B,$0.02B,2.24,$0.01B,$0.06B,0.15,$0.09B,$0.03B,35.63%,$0.09B,$-0.01B,-6.90%,$0.09B,$-0.01B,-6.90%,$0.09B,$-0.00B,-2.30%,$0.09B,$-0.01B,-6.90%,$0.09B,$-0.01B,-6.90%,$-0.01B,$0.06B,-9.84%,$-0.01B,$0.02B,-30.38%,$-0.01B,$0.09B,-6.54%,$-0.01B,$0.07B,-8.60%,$22,$13,$8,$0,$9,$23,$-1,$-0,$-1,$0,$-1,$-1,$-1,$-0,$-1,$21,21,$-0.07,$-0.07,$7,$12,$2,$38,$12,$0,$40,$0,$53,$91,$17,$9,$1,$14,$31,$0,$-89,$-1,$60,$91,$-6,$3,$1,$4,$-3,$-4,$2,$-2,$-5,$-6,$-5,$-0,$-4,$11,$0,$11,$0,$2,$-0,$0,$-0,$0,$0,$0,$0,$-0,$-4,$1,$0
12,2015-09-30,5.17,$2.94,1.76,$3.99,1.29,$-1.33,0.0,$-0.31,0.0,$0.04B,$0.02B,2.43,$0.01B,$0.06B,0.14,$0.08B,$0.03B,34.52%,$0.08B,$-0.01B,-8.33%,$0.08B,$-0.01B,-8.33%,$0.08B,$-0.00B,-3.57%,$0.08B,$-0.01B,-8.33%,$0.08B,$-0.01B,-8.33%,$-0.01B,$0.06B,-11.20%,$-0.01B,$0.02B,-33.33%,$-0.01B,$0.09B,-7.59%,$-0.01B,$0.07B,-9.79%,$25,$16,$9,$1,$8,$25,$0,$-0,$-0,$-0,$-0,$-0,$-0,$1,$0,$21,21,$0.00,$0.00,$7,$11,$2,$38,$12,$0,$41,$0,$53,$91,$16,$9,$1,$15,$30,$0,$-87,$-1,$61,$91,$-5,$2,$1,$3,$-5,$-3,$2,$-1,$-6,$-7,$-4,$-0,$-4,$11,$0,$11,$0,$2,$-0,$0,$-0,$0,$0,$0,$0,$-0,$-5,$1,$0
13,2015-06-30,5.06,$2.99,1.69,$3.83,1.32,$-0.74,0.0,$-0.33,0.0,$0.04B,$0.02B,2.45,$0.01B,$0.06B,0.14,$0.08B,$0.03B,35.00%,$0.08B,$-0.01B,-8.75%,$0.08B,$-0.01B,-8.75%,$0.08B,$-0.00B,-3.75%,$0.08B,$-0.01B,-8.75%,$0.08B,$-0.01B,-8.75%,$-0.01B,$0.06B,-10.73%,$-0.01B,$0.02B,-30.11%,$-0.01B,$0.09B,-7.45%,$-0.01B,$0.07B,-9.43%,$23,$15,$8,$1,$8,$24,$-1,$0,$-1,$-0,$-1,$-1,$-1,$-0,$-1,$21,21,$-0.02,$-0.02,$9,$11,$2,$40,$11,$0,$42,$0,$53,$93,$16,$9,$1,$15,$31,$0,$-87,$1,$62,$93,$-5,$2,$1,$2,$-5,$-2,$2,$0,$-5,$-7,$-2,$-0,$-4,$7,$0,$7,$0,$0,$-0,$0,$-0,$0,$0,$0,$0,$-0,$-7,$1,$0
14,2015-03-31,5.86,$2.94,1.99,$3.66,1.6,$-0.31,0.0,$-0.31,0.0,$0.04B,$0.02B,2.54,$0.01B,$0.06B,0.15,$0.08B,$0.03B,36.84%,$0.08B,$-0.01B,-7.89%,$0.08B,$-0.01B,-7.89%,$0.08B,$-0.00B,-2.63%,$0.08B,$-0.01B,-7.89%,$0.08B,$-0.01B,-7.89%,$-0.01B,$0.06B,-8.86%,$-0.01B,$0.02B,-24.00%,$-0.01B,$0.09B,-6.27%,$-0.01B,$0.07B,-7.82%,$17,$10,$6,$0,$9,$21,$-4,$-0,$-4,$-0,$-4,$-4,$-4,$-3,$-4,$21,21,$-0.20,$-0.20,$15,$10,$2,$41,$10,$0,$41,$0,$51,$92,$16,$9,$1,$15,$31,$0,$-87,$-1,$61,$92,$-4,$1,$0,$1,$-0,$-1,$2,$0,$1,$-1,$-1,$-0,$-5,$6,$0,$6,$0,$-1,$-0,$0,$-0,$0,$0,$0,$0,$-0,$-2,$0,$0
15,2014-12-31,7.45,$3.18,2.34,$3.68,2.02,$-0.22,0.0,$-0.13,0.0,$0.04B,$0.01B,3.49,$0.01B,$0.07B,0.14,$0.08B,$0.03B,38.16%,$0.08B,$-0.00B,-2.63%,$0.08B,$-0.00B,-2.63%,$0.08B,$0.00B,2.63%,$0.08B,$-0.00B,-3.95%,$0.08B,$-0.00B,-2.63%,$-0.00B,$0.07B,-2.85%,$-0.00B,$0.02B,-7.55%,$-0.00B,$0.09B,-2.05%,$-0.00B,$0.08B,-2.52%,$19,$13,$6,$0,$6,$21,$-2,$-0,$-2,$-0,$-2,$-2,$-2,$-1,$-2,$21,21,$-0.10,$-0.10,$23,$7,$2,$43,$8,$0,$42,$0,$50,$93,$12,$9,$1,$15,$27,$0,$-83,$0,$66,$93,$-3,$5,$1,$5,$-1,$0,$-0,$-5,$-6,$-3,$-1,$-0,$0,$-0,$0,$-0,$0,$-2,$-0,$0,$-0,$0,$0,$0,$0,$-0,$-5,$2,$0
16,2014-09-30,7.24,$3.46,2.1,$3.64,1.99,$-0.04,0.0,$-0.13,0.0,$0.05B,$0.02B,3.19,$0.01B,$0.07B,0.13,$0.07B,$0.03B,40.28%,$0.07B,$-0.00B,-1.39%,$0.07B,$-0.00B,-1.39%,$0.07B,$0.00B,4.17%,$0.07B,$-0.00B,-4.17%,$0.07B,$-0.00B,-2.78%,$-0.00B,$0.07B,-2.82%,$-0.00B,$0.03B,-7.62%,$-0.00B,$0.10B,-2.02%,$-0.00B,$0.08B,-1.25%,$21,$13,$8,$0,$7,$22,$-0,$-0,$-0,$-0,$-0,$-0,$-0,$1,$-0,$21,21,$-0.02,$-0.02,$28,$7,$0,$47,$8,$0,$43,$0,$52,$98,$15,$9,$1,$12,$27,$0,$-78,$1,$72,$98,$-1,$3,$1,$4,$-1,$-0,$1,$-2,$-2,$1,$-1,$-0,$0,$0,$0,$0,$0,$-0,$-0,$0,$-0,$0,$0,$0,$0,$-0,$1,$2,$0
17,2014-06-30,8.4,$3.51,2.39,$3.45,2.44,$0.01,0.0,$-0.10,0.0,$0.05B,$0.02B,2.99,$0.01B,$0.07B,0.12,$0.07B,$0.03B,41.18%,$0.07B,$-0.00B,-1.47%,$0.07B,$-0.00B,-1.47%,$0.07B,$0.00B,4.41%,$0.07B,$-0.00B,-4.41%,$0.07B,$-0.00B,-1.47%,$-0.00B,$0.07B,-1.41%,$-0.00B,$0.03B,-3.81%,$-0.00B,$0.10B,-1.02%,$-0.00B,$0.08B,-1.27%,$19,$12,$8,$0,$6,$19,$-0,$-0,$-0,$-0,$-0,$-0,$-0,$1,$-0,$21,21,$0.00,$0.00,$27,$7,$0,$47,$8,$0,$45,$0,$54,$100,$16,$9,$1,$12,$28,$0,$-78,$3,$72,$100,$-1,$2,$0,$2,$-2,$-0,$0,$-1,$-2,$0,$-0,$-0,$0,$-1,$0,$-1,$0,$-2,$-0,$0,$-0,$0,$0,$0,$0,$-0,$-1,$1,$0
18,2014-03-31,11.0,$3.47,3.17,$3.48,3.16,$0.04,305.56,$-0.08,0.0,$0.05B,$0.02B,2.84,$0.01B,$0.07B,0.13,$0.07B,$0.03B,40.30%,$0.07B,0,0.00%,$0.07B,0,0.00%,$0.07B,$0.00B,5.97%,$0.07B,$-0.00B,-4.48%,$0.07B,$-0.00B,-1.49%,$-0.00B,$0.07B,-1.42%,$-0.00B,$0.03B,-3.77%,$-0.00B,$0.10B,-1.05%,$0.00B,$0.08B,0.00%,$17,$10,$7,$0,$6,$17,$-0,$-0,$-1,$-0,$-0,$-0,$-0,$1,$-0,$21,21,$-0.02,$-0.02,$27,$7,$0,$46,$8,$0,$45,$0,$54,$100,$16,$9,$0,$12,$29,$0,$-78,$2,$71,$100,$-0,$1,$-0,$1,$-2,$0,$1,$-0,$-1,$-0,$-0,$-0,$0,$-1,$0,$-1,$0,$-1,$-0,$0,$-0,$0,$0,$0,$0,$-0,$-1,$0,$0
19,2013-12-31,6.32,$3.33,1.9,$3.58,1.76,$0.05,117.69,$-0.10,0.0,$0.05B,$0.02B,2.92,$0.01B,$0.07B,0.13,$0.06B,$0.02B,40.00%,$0.06B,0,0.00%,$0.06B,0,0.00%,$0.06B,$0.00B,5.00%,$0.06B,$-0.00B,-3.33%,$0.06B,$-0.00B,-1.67%,$-0.00B,$0.07B,-1.70%,$-0.00B,$0.02B,-4.82%,$-0.00B,$0.10B,-1.26%,$0.00B,$0.08B,0.00%,$15,$9,$6,$0,$5,$16,$-1,$-1,$-2,$-0,$-2,$-2,$-2,$0,$-1,$18,18,$-0.07,$-0.07,$27,$7,$1,$45,$8,$0,$46,$0,$54,$99,$15,$9,$0,$15,$31,$0,$-80,$2,$69,$99,$-1,$3,$1,$4,$2,$-2,$-0,$1,$-2,$2,$-2,$-1,$-18,$-11,$0,$-11,$0,$-32,$-3,$0,$-3,$45,$45,$0,$0,$43,$14,$1,$0
20,2013-09-30,5.77,$3.48,1.66,$3.89,1.48,$-0.16,0.0,$-0.04,0.0,$0.05B,$0.02B,3.03,$0.01B,$0.07B,0.08,$0.06B,$0.02B,38.60%,$0.06B,$0.00B,1.75%,$0.06B,$0.00B,1.75%,$0.06B,$0.00B,5.26%,$0.06B,0,0.00%,$0.06B,$0.00B,1.75%,$0.00B,$0.07B,2.09%,$0.00B,$0.03B,6.35%,$0.00B,$0.09B,1.57%,$0.00B,$0.08B,1.85%,$17,$11,$7,$0,$5,$17,$0,$-0,$0,$-0,$1,$1,$1,$1,$0,$21,21,$0.04,$0.04,$30,$6,$0,$46,$3,$0,$42,$0,$46,$92,$15,$5,$0,$5,$20,$0,$-76,$1,$72,$92,$1,$2,$-0,$2,$2,$-1,$0,$1,$-0,$2,$-1,$-0,$-18,$-11,$0,$-11,$0,$-30,$-2,$45,$43,$0,$0,$0,$0,$43,$16,$0,$0
21,2013-06-30,5.55,$3.40,1.63,$4.05,1.37,$-0.39,0.0,$-0.09,0.0,$0.05B,$0.02B,3.05,$0.01B,$0.07B,0.08,$0.05B,$0.02B,37.25%,$0.05B,$0.00B,1.96%,$0.05B,$0.00B,1.96%,$0.05B,$0.00B,3.92%,$0.05B,0,0.00%,$0.05B,0,0.00%,$0.00B,$0.07B,0.00%,$0.00B,$0.03B,0.00%,$0.00B,$0.09B,0.00%,$0.00B,$0.08B,2.34%,$18,$11,$7,$0,$5,$18,$1,$-0,$0,$0,$0,$0,$0,$2,$1,$19,19,$0.02,$0.02,$28,$6,$0,$45,$3,$0,$42,$0,$45,$90,$15,$5,$0,$5,$20,$0,$-76,$-0,$70,$90,$-0,$1,$0,$1,$2,$-1,$0,$-0,$-1,$1,$-0,$-0,$-18,$0,$0,$0,$0,$-18,$-2,$0,$-2,$45,$45,$0,$0,$43,$25,$0,$0
22,2013-03-31,5.03,$2.25,2.24,$4.03,1.25,$-0.51,0.0,$-0.18,0.0,$0.01B,$0.00B,2.94,$0.01B,$0.02B,0.3,$0.04B,$0.02B,37.21%,$0.04B,$-0.00B,-2.33%,$0.04B,$-0.00B,-2.33%,$0.04B,0,0.00%,$0.04B,$-0.00B,-2.33%,$0.04B,$-0.00B,-2.33%,$-0.00B,$0.02B,-4.08%,$-0.00B,$0.00B,-36.36%,$-0.00B,$0.04B,-2.76%,$-0.00B,$0.03B,-3.15%,$10,$6,$4,$0,$4,$10,$-0,$-0,$-0,$0,$-0,$-0,$-0,$-0,$-0,$11,11,$-0.04,$-0.04,$3,$5,$0,$13,$1,$0,$22,$0,$23,$36,$4,$7,$0,$7,$12,$0,$-77,$-0,$24,$36,$-0,$0,$0,$0,$1,$-0,$-0,$-1,$0,$0,$-0,$0,$0,$0,$0,$0,$0,$-0,$-0,$0,$-0,$0,$0,$0,$0,$-0,$-1,$0,$0
23,2012-12-31,5.49,$2.28,2.41,$4.11,1.34,$-0.48,0.0,$-0.27,0.0,$0.01B,$0.01B,2.84,$0.01B,$0.03B,0.3,$0.04B,$0.02B,36.59%,$0.04B,$-0.00B,-4.88%,$0.04B,$-0.00B,-4.88%,$0.04B,$-0.00B,-2.44%,$0.04B,$-0.00B,-4.88%,$0.04B,$-0.00B,-4.88%,$-0.00B,$0.03B,-8.16%,$-0.00B,$0.00B,-80.00%,$-0.00B,$0.04B,-5.52%,$-0.00B,$0.03B,-6.30%,$12,$8,$4,$0,$4,$12,$-0,$-0,$-0,$0,$-0,$-0,$-0,$0,$-0,$10,10,$-0.01,$-0.01,$3,$5,$0,$13,$1,$0,$22,$0,$23,$37,$5,$7,$0,$7,$12,$0,$-76,$-0,$25,$37,$-3,$1,$1,$2,$-1,$-1,$0,$1,$-2,$-2,$-1,$-0,$0,$0,$0,$0,$0,$-1,$-8,$-0,$-8,$14,$14,$0,$0,$5,$3,$1,$0
24,2012-09-30,5.22,$2.29,2.28,$4.16,1.26,$-0.11,0.0,$-0.26,0.0,$0.01B,$0.00B,2.89,$0.01B,$0.03B,0.29,$0.04B,$0.01B,36.84%,$0.04B,$-0.00B,-5.26%,$0.04B,$-0.00B,-5.26%,$0.04B,$-0.00B,-2.63%,$0.04B,$-0.00B,-5.26%,$0.04B,$-0.00B,-5.26%,$-0.00B,$0.03B,-9.30%,$-0.00B,$0.00B,400.00%,$-0.00B,$0.04B,-5.71%,$-0.00B,$0.03B,-6.78%,$11,$7,$4,$0,$4,$11,$-0,$-0,$-0,$0,$-0,$-0,$-0,$-0,$-0,$11,11,$-0.04,$-0.04,$3,$5,$0,$13,$1,$0,$22,$0,$24,$37,$4,$7,$0,$7,$12,$0,$-76,$-0,$25,$37,$-2,$1,$1,$2,$-0,$-2,$0,$1,$-1,$-1,$-1,$-0,$0,$0,$0,$0,$0,$-1,$-9,$-0,$-9,$14,$14,$0,$0,$5,$3,$1,$0
25,2012-06-30,5.71,$2.26,2.53,$4.63,1.23,$0.03,164.08,$-0.22,0.0,$0.01B,$0.00B,2.96,$0.01B,$0.02B,0.3,$0.04B,$0.01B,36.84%,$0.04B,$-0.00B,-5.26%,$0.04B,$-0.00B,-5.26%,$0.04B,0,0.00%,$0.04B,$-0.00B,-5.26%,$0.04B,$-0.00B,-5.26%,$-0.00B,$0.02B,-10.81%,$-0.00B,$0.00B,53.33%,$-0.00B,$0.04B,-5.88%,$-0.00B,$0.03B,-7.34%,$10,$6,$4,$0,$4,$11,$-1,$-0,$-1,$0,$-1,$-1,$-1,$-0,$-1,$11,11,$-0.07,$-0.07,$3,$4,$0,$12,$1,$0,$22,$0,$24,$35,$4,$7,$0,$7,$11,$0,$-75,$-0,$24,$35,$-2,$1,$1,$1,$-0,$-1,$0,$0,$-0,$-1,$-0,$-0,$0,$0,$0,$0,$0,$-0,$-9,$-0,$-9,$13,$13,$0,$0,$4,$3,$1,$0
26,2012-03-31,4.86,$2.34,2.08,$5.04,0.96,$0.23,20.98,$-0.15,0.0,$0.01B,$0.00B,3.01,$0.01B,$0.02B,0.3,$0.04B,$0.01B,36.84%,$0.04B,$-0.00B,-2.63%,$0.04B,$-0.00B,-2.63%,$0.04B,0,0.00%,$0.04B,$-0.00B,-2.63%,$0.04B,$-0.00B,-2.63%,$-0.00B,$0.02B,-6.45%,$-0.00B,$0.00B,14.81%,$-0.00B,$0.04B,-2.92%,$-0.00B,$0.03B,-3.85%,$8,$5,$3,$0,$4,$9,$-1,$-0,$-1,$0,$-1,$-1,$-1,$-1,$-1,$8,8,$-0.13,$-0.13,$4,$4,$0,$12,$1,$0,$22,$0,$24,$36,$4,$7,$0,$7,$11,$0,$-75,$-0,$24,$36,$-1,$0,$0,$0,$0,$0,$0,$0,$1,$0,$-0,$0,$0,$0,$0,$0,$0,$-0,$-9,$-0,$-9,$13,$13,$0,$0,$4,$4,$0,$0
27,2011-12-31,5.7,$1.77,3.23,$5.38,1.06,$0.30,19.12,$-0.02,0.0,$0.01B,$0.01B,0.89,$0.01B,$0.01B,0.82,$0.04B,$0.02B,37.50%,$0.04B,0,0.00%,$0.04B,0,0.00%,$0.04B,$0.00B,2.50%,$0.04B,0,0.00%,$0.04B,0,0.00%,$0.00B,$0.01B,0.00%,$0.00B,$-0.01B,0.00%,$0.00B,$0.03B,0.00%,$0.00B,$0.02B,0.00%,$9,$6,$3,$0,$2,$9,$-0,$-0,$-0,$0,$-0,$-0,$-0,$0,$-0,$7,7,$-0.03,$-0.03,$0,$4,$0,$8,$1,$0,$22,$0,$24,$32,$9,$10,$0,$10,$19,$0,$-74,$0,$13,$32,$-0,$1,$1,$1,$0,$0,$0,$-0,$-0,$1,$0,$-0,$0,$0,$0,$0,$0,$0,$-1,$0,$-1,$0,$0,$0,$-1,$-1,$-0,$0,$0
28,2011-09-30,3.0,$1.74,1.72,$6.04,0.5,$0.22,13.86,$-1.80,0.0,$0.01B,$0.01B,0.88,$0.01B,$0.01B,0.81,$0.04B,$0.02B,41.86%,$0.04B,$-0.00B,-2.33%,$0.04B,$-0.00B,-2.33%,$0.04B,0,0.00%,$0.04B,$-0.00B,-6.98%,$0.04B,$-0.01B,-27.91%,$-0.01B,$0.01B,-97.96%,$-0.01B,$-0.01B,114.29%,$-0.01B,$0.03B,-34.53%,$-0.00B,$0.02B,-4.17%,$11,$7,$4,$0,$3,$10,$0,$-0,$0,$0,$0,$0,$0,$1,$0,$7,7,$0.06,$0.06,$0,$4,$0,$9,$1,$0,$22,$0,$24,$33,$10,$10,$0,$10,$20,$0,$-73,$0,$13,$33,$0,$1,$1,$1,$-0,$-0,$0,$0,$-1,$0,$-0,$-0,$0,$0,$0,$0,$0,$-0,$0,$0,$0,$0,$0,$0,$-1,$-0,$-0,$0,$0
29,2011-06-30,4.5,$1.63,2.75,$6.06,0.74,$0.24,18.94,$-1.50,0.0,$0.01B,$0.01B,1.28,$0.01B,$0.01B,1.2,$0.04B,$0.02B,42.86%,$0.04B,0,0.00%,$0.04B,0,0.00%,$0.04B,0,0.00%,$0.04B,$-0.00B,-7.14%,$0.04B,$-0.01B,-28.57%,$-0.01B,$0.01B,-96.00%,$-0.01B,$-0.01B,109.09%,$-0.01B,$0.04B,-32.88%,$0.00B,$0.03B,0.00%,$10,$6,$4,$0,$4,$10,$0,$-0,$-0,$0,$-0,$-0,$-0,$0,$0,$7,7,$-0.03,$-0.03,$0,$4,$3,$12,$1,$0,$22,$0,$24,$36,$9,$14,$0,$14,$24,$0,$-74,$-0,$12,$36,$-0,$0,$1,$1,$-0,$-1,$1,$-0,$-0,$1,$-0,$-0,$0,$0,$0,$0,$0,$-0,$-0,$0,$-0,$0,$0,$0,$-1,$-1,$-0,$0,$0
30,2011-03-31,6.3,$1.70,3.71,$6.32,1.0,$0.06,107.88,$-0.90,0.0,$0.01B,$0.01B,0.9,$0.01B,$0.01B,0.94,$0.04B,$0.02B,42.86%,$0.04B,$0.00B,2.38%,$0.04B,$0.00B,2.38%,$0.04B,$0.00B,2.38%,$0.04B,$-0.01B,-11.90%,$0.04B,$-0.01B,-33.33%,$-0.01B,$0.01B,-116.67%,$-0.01B,$-0.01B,112.00%,$-0.01B,$0.03B,-37.33%,$0.00B,$0.02B,4.71%,$10,$6,$4,$0,$3,$9,$0,$-0,$-0,$0,$-0,$-0,$-0,$0,$0,$7,7,$-0.01,$-0.01,$0,$5,$0,$9,$1,$0,$23,$0,$25,$34,$11,$11,$0,$11,$22,$0,$-74,$-0,$12,$34,$-0,$0,$0,$1,$0,$0,$0,$0,$0,$1,$-0,$0,$0,$0,$0,$0,$0,$-0,$-1,$0,$-1,$0,$0,$0,$-0,$-1,$-0,$0,$0
31,2010-12-31,7.5,$1.68,4.48,$6.34,1.18,$-0.10,0.0,$-1.20,0.0,$0.01B,$0.01B,0.88,$0.01B,$0.01B,0.89,$0.04B,$0.02B,42.50%,$0.04B,$0.00B,2.50%,$0.04B,$0.00B,2.50%,$0.04B,$0.00B,2.50%,$0.04B,$-0.01B,-15.00%,$0.04B,$-0.02B,-37.50%,$-0.02B,$0.01B,-146.34%,$-0.02B,$-0.01B,100.00%,$-0.02B,$0.04B,-38.96%,$0.00B,$0.02B,4.76%,$12,$6,$6,$0,$4,$13,$-1,$-0,$-3,$0,$-3,$-12,$-12,$-1,$-1,$6,6,$-1.80,$-1.80,$0,$4,$3,$12,$1,$0,$23,$1,$24,$36,$13,$11,$0,$11,$24,$0,$-74,$-0,$12,$36,$-7,$1,$7,$1,$-1,$-1,$0,$-0,$-1,$1,$-0,$-0,$0,$0,$0,$-0,$0,$-0,$-4,$-4,$0,$3,$3,$0,$0,$-0,$0,$0,$0
32,2010-09-30,6.6,$0.00,0.0,$6.04,1.09,$-0.12,0.0,$0.30,21.98,$0.01B,$0.01B,0.85,$0.01B,$0.01B,0.9,$0.04B,$0.01B,37.84%,$0.04B,$0.00B,5.41%,$0.04B,$0.00B,5.41%,$0.04B,$0.00B,5.41%,$0.04B,$0.01B,21.62%,$0.04B,$-0.00B,-10.81%,$-0.00B,$0.01B,-45.71%,$-0.00B,$-0.01B,23.19%,$-0.00B,$0.04B,-10.19%,$0.00B,$0.03B,8.79%,$10,$6,$4,$0,$3,$9,$1,$-1,$-0,$0,$-0,$-0,$-0,$1,$1,$7,7,$-0.01,$-0.01,$1,$5,$0,$11,$0,$0,$26,$0,$27,$40,$13,$13,$0,$13,$26,$0,$-50,$0,$14,$40,$-3,$1,$3,$3,$-0,$-1,$0,$0,$0,$0,$-0,$-0,$0,$0,$0,$0,$0,$-0,$-3,$0,$-3,$2,$2,$0,$1,$0,$0,$0,$0
33,2010-06-30,3.3,$0.00,0.0,$5.97,0.55,$-0.14,0.0,$-0.30,0.0,$0.01B,$0.03B,0.38,$0.00B,$0.01B,0.15,$0.04B,$0.01B,37.14%,$0.04B,$0.00B,2.86%,$0.04B,$0.00B,2.86%,$0.04B,$0.00B,2.86%,$0.04B,$0.01B,20.00%,$0.04B,$-0.01B,-14.29%,$-0.01B,$0.01B,-71.43%,$-0.01B,$-0.02B,26.32%,$-0.01B,$0.04B,-12.82%,$0.00B,$0.01B,4.55%,$10,$6,$4,$0,$3,$9,$1,$-3,$-2,$0,$-2,$-2,$-2,$1,$1,$6,6,$-0.30,$-0.30,$0,$4,$1,$11,$0,$0,$26,$0,$27,$40,$28,$1,$0,$1,$30,$0,$-52,$0,$10,$40,$-3,$0,$3,$3,$-1,$-0,$0,$0,$-0,$-0,$-0,$-0,$0,$0,$0,$0,$0,$-0,$-0,$0,$-0,$0,$0,$0,$0,$0,$-0,$0,$0
34,2010-03-31,3.9,$0.00,0.0,$5.43,0.72,$0.04,92.64,$-0.90,0.0,$0.01B,$0.02B,0.61,$0.02B,$0.01B,3.82,$0.03B,$0.01B,35.48%,$0.03B,0,0.00%,$0.03B,0,0.00%,$0.03B,0,0.00%,$0.03B,$-0.00B,-9.68%,$0.03B,$-0.00B,-9.68%,$-0.00B,$0.01B,-46.15%,$-0.00B,$-0.02B,15.38%,$-0.00B,$0.04B,-7.95%,$0.00B,$0.02B,0.00%,$8,$5,$3,$0,$3,$8,$-0,$-1,$-1,$0,$-1,$-1,$-1,$0,$-0,$6,6,$-0.30,$-0.30,$0,$4,$1,$9,$0,$0,$26,$0,$28,$38,$15,$18,$0,$18,$34,$0,$-56,$0,$5,$38,$-1,$0,$1,$1,$0,$-0,$-0,$0,$-0,$-0,$-0,$-0,$0,$0,$0,$0,$0,$-0,$0,$0,$0,$0,$0,$0,$0,$0,$-0,$0,$0
35,2009-12-31,2.4,$0.00,0.0,$5.18,0.46,$0.03,83.62,$-0.90,0.0,$0.01B,$0.01B,1.06,$0.02B,$0.01B,4.0,$0.03B,$0.01B,34.48%,$0.03B,0,0.00%,$0.03B,0,0.00%,$0.03B,0,0.00%,$0.03B,$-0.00B,-10.34%,$0.03B,$-0.00B,-10.34%,$-0.00B,$0.01B,-41.38%,$-0.00B,$-0.02B,14.12%,$-0.00B,$0.04B,-7.50%,$0.00B,$0.03B,0.00%,$9,$6,$3,$-0,$3,$9,$-0,$10,$11,$0,$11,$-1,$-1,$0,$-0,$6,6,$-0.30,$-0.30,$0,$4,$1,$9,$0,$0,$26,$0,$28,$39,$9,$24,$0,$24,$33,$0,$-55,$0,$6,$39,$-4,$1,$0,$1,$0,$0,$0,$0,$1,$0,$-0,$0,$0,$0,$0,$-0,$0,$-0,$0,$-0,$0,$0,$0,$0,$0,$-0,$-0,$0,$0
36,2009-09-30,3.9,$0.00,0.0,$3.61,1.08,$0.01,0.0,$-0.60,0.0,$0.01B,$0.01B,0.65,$0.02B,$0.01B,2.46,$0.03B,$0.01B,33.33%,$0.03B,0,0.00%,$0.03B,0,0.00%,$0.03B,0,0.00%,$0.03B,$-0.02B,-59.26%,$0.03B,$-0.00B,-14.81%,$-0.00B,$0.01B,-50.00%,$-0.00B,$-0.02B,17.39%,$-0.00B,$0.04B,-9.47%,$0.00B,$0.02B,0.00%,$8,$5,$3,$0,$3,$8,$-0,$-1,$-1,$0,$-1,$-1,$-1,$-0,$-0,$6,6,$-0.30,$-0.30,$0,$4,$1,$9,$0,$0,$26,$0,$28,$39,$14,$17,$0,$17,$32,$0,$-53,$0,$7,$39,$-3,$1,$0,$1,$0,$0,$0,$0,$1,$0,$-0,$0,$0,$0,$0,$-0,$-0,$-1,$0,$0,$0,$0,$0,$0,$0,$0,$-0,$0,$0
37,2009-06-30,6.9,$0.00,0.0,$2.19,3.15,$0.02,387.64,$-0.30,0.0,$0.01B,$0.01B,0.95,$0.02B,$0.01B,2.5,$0.03B,$0.01B,32.14%,$0.03B,$0.00B,3.57%,$0.03B,$0.00B,3.57%,$0.03B,$0.00B,3.57%,$0.03B,$-0.02B,-53.57%,$0.03B,$-0.00B,-10.71%,$-0.00B,$0.01B,-35.29%,$-0.00B,$-0.02B,11.88%,$-0.00B,$0.04B,-6.78%,$0.00B,$0.03B,2.72%,$6,$4,$2,$0,$2,$6,$-0,$-12,$-12,$0,$-12,$-12,$-0,$0,$-0,$6,6,$0.00,$0.00,$0,$3,$1,$7,$0,$0,$26,$0,$28,$35,$7,$20,$0,$20,$27,$0,$-52,$0,$8,$35,$-2,$0,$0,$0,$0,$0,$0,$0,$1,$1,$-0,$0,$0,$0,$0,$-0,$-0,$-0,$0,$-1,$0,$0,$0,$0,$0,$-1,$-0,$0,$0
38,2009-03-31,2.1,$0.00,0.0,$1.10,1.9,$-0.08,0.0,$-0.30,0.0,$0.01B,$0.01B,0.99,$0.03B,$0.01B,3.82,$0.03B,$0.01B,34.62%,$0.03B,$0.00B,3.85%,$0.03B,$0.00B,3.85%,$0.03B,$0.00B,3.85%,$0.03B,$-0.00B,-3.85%,$0.03B,$-0.00B,-3.85%,$-0.00B,$0.01B,-16.67%,$-0.00B,$-0.03B,3.28%,$-0.00B,$0.05B,-2.12%,$0.00B,$0.04B,2.68%,$6,$4,$2,$0,$2,$6,$-0,$-1,$-1,$0,$-1,$-1,$-1,$0,$-0,$6,6,$-0.30,$-0.30,$0,$4,$1,$7,$0,$0,$36,$0,$39,$47,$7,$32,$0,$32,$39,$0,$-52,$0,$8,$47,$-1,$0,$0,$0,$0,$0,$0,$0,$-0,$-0,$-0,$0,$0,$0,$0,$0,$-0,$-0,$0,$0,$0,$0,$0,$0,$0,$0,$-0,$0,$0
39,2008-12-31,3.0,$0.00,0.0,0,0.0,0,0.0,0,0.0,$0.01B,$0.01B,1.02,$0.03B,$0.01B,3.27,$0.02B,$0.01B,35.00%,$0.02B,0,0.00%,$0.02B,0,0.00%,$0.02B,0,0.00%,$0.02B,$-0.00B,-5.00%,$0.02B,$-0.00B,-5.00%,$-0.00B,$0.01B,-22.22%,$-0.00B,$-0.03B,4.12%,$-0.00B,$0.05B,-2.72%,$0.00B,$0.04B,0.00%,$7,$4,$2,$-0,$3,$7,$-0,$-2,$-2,$0,$-2,$-2,$-2,$-0,$-0,$0,0,$0.00,$0.00,$1,$4,$0,$8,$0,$0,$36,$0,$39,$48,$8,$31,$0,$31,$39,$0,$-51,$0,$9,$48,$-2,$1,$0,$1,$0,$0,$0,$0,$-2,$-0,$-0,$0,$-5,$0,$0,$-0,$0,$-6,$0,$6,$0,$0,$1,$0,$0,$7,$1,$0,$0
40,2008-09-30,5.7,$0.00,0.0,0,0.0,0,0.0,0,0.0,$0.01B,$0.01B,1.05,$0.03B,$0.01B,3.32,$0.01B,$0.00B,30.77%,$0.01B,$-0.00B,-15.38%,$0.01B,$-0.00B,-15.38%,$0.01B,$-0.00B,-15.38%,$0.01B,$-0.00B,-7.69%,$0.01B,$-0.00B,-7.69%,$-0.00B,$0.01B,-36.36%,$-0.00B,$-0.03B,5.56%,$-0.00B,$0.05B,-3.85%,$-0.00B,$0.04B,-10.67%,$9,$5,$3,$0,$3,$8,$1,$-1,$-0,$0,$-0,$-0,$-0,$1,$1,$0,0,$0.00,$0.00,$0,$3,$1,$8,$0,$0,$37,$0,$38,$47,$8,$30,$0,$30,$38,$0,$-48,$0,$9,$47,$0,$0,$0,$0,$0,$0,$0,$0,$-4,$-2,$-0,$0,$-6,$0,$0,$-0,$0,$-6,$0,$7,$0,$0,$1,$0,$0,$8,$0,$0,$0
41,2008-06-30,6.6,$0.00,0.0,0,0.0,0,0.0,0,0.0,$0.01B,$0.02B,0.47,$0.03B,$-0.00B,-19.56,$0.00B,$0.00B,25.00%,$0.00B,$-0.00B,-100.00%,$0.00B,$-0.00B,-100.00%,$0.00B,$-0.00B,-100.00%,$0.00B,$-0.00B,-50.00%,$0.00B,$-0.00B,-50.00%,$-0.00B,$-0.00B,-160.00%,$-0.00B,$-0.04B,17.78%,$-0.00B,$0.05B,-12.50%,$-0.00B,$0.03B,-40.00%,$4,$3,$2,$0,$2,$4,$-0,$2,$2,$0,$2,$2,$2,$0,$-0,$0,0,$0.00,$0.00,$0,$3,$1,$8,$0,$0,$37,$0,$38,$47,$17,$32,$0,$32,$49,$0,$-48,$0,$-2,$47,$1,$0,$0,$0,$0,$0,$0,$0,$-4,$-2,$-0,$0,$-6,$0,$0,$-0,$0,$-6,$0,$7,$0,$0,$1,$0,$0,$8,$0,$0,$0
42,2008-03-31,5.4,$0.00,0.0,0,0.0,0,0.0,0,0.0,$0.00B,$0.00B,0.06,$0.00B,$0.00B,0.67,$0.00B,$-0.00B,inf%,$0.00B,$-0.01B,inf%,$0.00B,$-0.01B,inf%,$0.00B,$-0.01B,inf%,$0.00B,$-0.01B,inf%,$0.00B,$-0.01B,inf%,$-0.01B,$0.00B,-218.18%,$-0.01B,$-0.00B,342.86%,$-0.01B,$0.01B,-100.00%,$-0.01B,$0.00B,-171.43%,$0,$0,$-0,$0,$1,$1,$-1,$-0,$-1,$0,$-1,$-1,$-1,$-1,$-1,$0,0,$0.00,$0.00,$0,$0,$0,$0,$0,$0,$4,$0,$5,$5,$2,$1,$0,$1,$3,$0,$-50,$0,$2,$5,$-1,$0,$0,$0,$0,$0,$0,$0,$0,$-1,$0,$0,$0,$0,$0,$-0,$0,$-0,$0,$0,$0,$0,$1,$0,$0,$1,$-0,$0,$0
43,2007-12-31,8.1,$0.00,0.0,0,0.0,0,0.0,0,0.0,$0.00B,$0.00B,0.07,$0.00B,$0.00B,0.53,$0.00B,$-0.00B,inf%,$0.00B,$-0.01B,inf%,$0.00B,$-0.01B,inf%,$0.00B,$-0.01B,inf%,$0.00B,$-0.01B,inf%,$0.00B,$-0.01B,inf%,$-0.01B,$0.00B,-171.43%,$-0.01B,$-0.00B,800.00%,$-0.01B,$0.01B,-88.89%,$-0.01B,$0.00B,-141.18%,$0,$1,$-1,$0,$1,$2,$-2,$-0,$-2,$0,$-2,$-2,$-2,$-2,$-2,$0,0,$0.00,$0.00,$0,$0,$0,$0,$0,$0,$4,$0,$5,$5,$2,$1,$0,$1,$3,$0,$-49,$0,$2,$5,$-6,$0,$0,$0,$0,$0,$0,$0,$-0,$-3,$0,$0,$0,$0,$0,$-0,$0,$-0,$0,$1,$0,$0,$1,$0,$0,$2,$-1,$0,$0
44,2007-09-30,11.7,$0.00,0.0,0,0.0,0,0.0,0,0.0,$0.00B,$0.00B,0.68,$0.00B,$0.00B,0.32,$0.00B,$-0.00B,inf%,$0.00B,$-0.01B,inf%,$0.00B,$-0.01B,inf%,$0.00B,$-0.01B,inf%,$0.00B,$-0.01B,inf%,$0.00B,$-0.01B,inf%,$-0.01B,$0.00B,-177.78%,$-0.01B,$-0.00B,-3200.00%,$-0.01B,$0.01B,-106.67%,$-0.01B,$0.00B,-140.00%,$0,$0,$0,$0,$0,$1,$-1,$-0,$-1,$0,$-1,$-1,$-1,$-1,$-1,$0,0,$0.00,$0.00,$0,$1,$0,$1,$0,$0,$4,$0,$5,$7,$2,$1,$0,$1,$3,$0,$-47,$0,$3,$7,$-4,$0,$0,$0,$0,$0,$0,$0,$-0,$-2,$0,$0,$0,$0,$0,$-0,$0,$-0,$0,$1,$0,$0,$1,$0,$0,$2,$-0,$0,$0
45,2007-06-30,12.0,$0.00,0.0,0,0.0,0,0.0,0,0.0,$0.00B,$0.00B,0.62,$0.00B,$0.00B,0.22,$0.00B,$-0.00B,inf%,$0.00B,$-0.01B,inf%,$0.00B,$-0.01B,inf%,$0.00B,$-0.01B,inf%,$0.00B,$-0.01B,inf%,$0.00B,$-0.01B,inf%,$-0.01B,$0.00B,-140.00%,$-0.01B,$-0.00B,-1400.00%,$-0.01B,$0.01B,-90.32%,$-0.01B,$0.00B,-145.45%,$0,$1,$-1,$0,$0,$2,$-2,$-0,$-2,$0,$-2,$-2,$-2,$-2,$-2,$0,0,$0.00,$0.00,$0,$1,$0,$1,$0,$0,$4,$0,$5,$7,$2,$1,$0,$1,$3,$0,$-46,$0,$4,$7,$-3,$0,$0,$0,$0,$0,$0,$0,$-0,$-2,$0,$0,$0,$0,$0,$-0,$0,$-0,$0,$1,$0,$0,$0,$0,$0,$1,$-1,$0,$0
46,2007-03-31,7.5,$0.00,0.0,0,0.0,0,0.0,0,0.0,$0.00B,$0.00B,1.3,$0.00B,$0.01B,0.09,$0.00B,$-0.00B,inf%,$0.00B,$-0.01B,inf%,$0.00B,$-0.01B,inf%,$0.00B,$-0.01B,inf%,$0.00B,$-0.01B,inf%,$0.00B,$-0.01B,inf%,$-0.01B,$0.01B,-285.71%,$-0.01B,$0.00B,1333.33%,$-0.01B,$0.01B,-125.00%,$-0.01B,$0.01B,-235.29%,$0,$0,$-0,$0,$0,$1,$-1,$-0,$-1,$0,$-1,$-1,$-1,$-1,$-1,$0,0,$0.00,$0.00,$0,$2,$0,$2,$0,$0,$5,$0,$5,$8,$2,$1,$0,$1,$2,$0,$-44,$0,$5,$8,$-1,$0,$0,$0,$0,$0,$0,$0,$0,$-1,$0,$0,$0,$0,$0,$-0,$0,$-0,$0,$0,$0,$0,$0,$0,$0,$0,$-1,$0,$0
47,2006-12-31,8.4,$0.00,0.0,0,0.0,0,0.0,0,0.0,$0.00B,$0.00B,1.69,$0.00B,$0.01B,0.06,$0.00B,$-0.00B,inf%,$0.00B,$-0.01B,inf%,$0.00B,$-0.01B,inf%,$0.00B,$-0.01B,inf%,$0.00B,$-0.01B,inf%,$0.00B,$-0.01B,inf%,$-0.01B,$0.01B,-329.41%,$-0.01B,$0.00B,inf%,$-0.01B,$0.01B,-164.71%,$-0.01B,$0.01B,-252.63%,$0,$1,$-1,$1,$2,$4,$-3,$-0,$-4,$0,$-4,$-4,$-4,$-3,$-3,$0,0,$0.00,$0.00,$1,$2,$0,$3,$0,$0,$5,$0,$5,$8,$2,$0,$0,$0,$2,$0,$-43,$0,$6,$8,$-14,$1,$0,$1,$0,$0,$0,$0,$-6,$-9,$-0,$0,$0,$0,$0,$-1,$0,$-1,$0,$10,$0,$0,$0,$0,$0,$10,$-0,$0,$0
