,Date,Stock Price,Book Value per Share,Price to Book Ratio,TTM Sales per Share,Price to Sales Ratio,TTM FCF per Share,Price to FCF Ratio,TTM Net EPS,PE Ratio,Current Assets,Current Liabilities,Current Ratio,Long Term Debt,Shareholder's Equity_x,Debt to Equity Ratio,TTM Revenue_x,TTM Gross Profit,Gross Margin,TTM Revenue_y,TTM Operating Income,Operating Margin,TTM Revenue_x,TTM EBIT,EBIT Margin,TTM Revenue_y,TTM EBITDA,EBITDA Margin,TTM Revenue_x,TTM Pre-Tax Income,Pre-Tax Margin,TTM Revenue_y,TTM Net Income_x,Net Margin,TTM Net Income_y,Shareholder's Equity_y,Return on Equity,TTM Net Income_x,Tangible Equity,Return on Tangible Equity,TTM Net Income_y,Total Assets,Return on Assets,TTM Net Income,LT Investments & Debt,Return on Investment,revenue,cost-goods-sold,gross-profit,research-development-expenses,selling-general-administrative-expenses,operating-expenses,operating-income,total-non-operating-income-expense,pre-tax-income,total-provision-income-taxes,income-after-taxes,income-from-continuous-operations,net-income,ebitda,ebit,basic-shares-outstanding,shares-outstanding,eps-basic-net-earnings-per-share,eps-earnings-per-share-diluted,cash-on-hand,inventory,other-current-assets,total-current-assets,net-property-plant-equipment,long-term-investments,goodwill-intangible-assets-total,other-long-term-assets,total-long-term-assets,total-assets,total-current-liabilities,long-term-debt,other-non-current-liabilities,total-long-term-liabilities,total-liabilities,common-stock-net,retained-earnings-accumulated-deficit,comprehensive-income,total-share-holder-equity,total-liabilities-share-holders-equity,net-income-loss,total-depreciation-amortization-cash-flow,other-non-cash-items,total-non-cash-items,change-in-accounts-receivable,change-in-inventories,change-in-accounts-payable,change-in-assets-liabilities,total-change-in-assets-liabilities,cash-flow-from-operating-activities,net-change-in-property-plant-equipment,net-change-in-intangible-assets,net-acquisitions-divestitures,net-change-in-short-term-investments,net-change-in-long-term-investments,net-change-in-investments-total,investing-activities-other,cash-flow-from-investing-activities,net-long-term-debt,net-current-debt,debt-issuance-retirement-net-total,net-common-equity-issued-repurchased,net-total-equity-issued-repurchased,total-common-preferred-stock-dividends-paid,financial-activities-other,cash-flow-from-financial-activities,net-cash-flow,stock-based-compensation,common-stock-dividends-paid
0,2018-08-31,60.92,$113.61,0.54,$26.11,2.33,$8.08,7.54,$4.49,13.57,$1.76B,$8.02B,0.22,$8.30B,$24.65B,0.34,$18.68B,$7.72B,41.31%,$18.68B,$3.32B,17.77%,$18.68B,$3.32B,17.77%,$18.68B,$5.31B,28.41%,$18.68B,$3.26B,17.44%,$18.68B,$3.21B,17.15%,$3.21B,$24.65B,13.19%,$3.21B,$20.52B,15.92%,$3.21B,$41.75B,7.72%,$3.32B,$32.95B,10.37%,$5836,$2958,$2878,$0,$573,$4042,$1794,$-49,$1744,$37,$1707,$1707,$1707,$2304,$1794,$706,707,$2.42,$2.41,$526,$405,$0,$1755,$35178,$0,$4131,$689,$39998,$41753,$8020,$8297,$783,$9080,$17100,$365,$24921,$-1840,$24654,$41753,$2659,$1510,$4,$1514,$-61,$-19,$-94,$625,$285,$4436,$-2502,$0,$0,$0,$0,$0,$-104,$-2606,$347,$182,$529,$-1205,$-1205,$-1003,$-28,$-1707,$131,$49,$-1003
1,2018-05-31,64.13,$33.66,1.91,$25.45,2.52,$8.10,7.92,$3.91,16.4,$2.28B,$9.31B,0.25,$8.17B,$23.93B,0.34,$18.36B,$7.34B,39.99%,$18.36B,$2.92B,15.90%,$18.36B,$2.92B,15.90%,$18.36B,$4.87B,26.52%,$18.36B,$2.88B,15.69%,$18.36B,$2.83B,15.40%,$2.83B,$23.93B,11.69%,$2.83B,$19.80B,14.14%,$2.83B,$42.18B,6.85%,$2.92B,$32.11B,9.19%,$4357,$2681,$1676,$0,$605,$3798,$559,$5,$564,$3,$561,$561,$561,$1071,$559,$714,715,$0.79,$0.78,$1053,$402,$0,$2278,$35227,$0,$4133,$546,$39906,$42184,$9308,$8172,$771,$8943,$18251,$365,$23564,$-1855,$23933,$42184,$951,$1000,$-25,$975,$-35,$-16,$-14,$1472,$1158,$3087,$-2099,$0,$0,$0,$0,$0,$7,$-2092,$437,$398,$835,$-513,$-513,$-646,$-16,$-339,$658,$32,$-646
2,2018-02-28,66.2,$32.87,2.01,$24.78,2.67,$8.08,8.19,$3.65,18.14,$1.67B,$8.85B,0.19,$7.45B,$24.38B,0.31,$17.95B,$7.18B,39.98%,$17.95B,$2.86B,15.93%,$17.95B,$2.86B,15.93%,$17.95B,$4.76B,26.49%,$17.95B,$2.70B,15.05%,$17.95B,$2.65B,14.73%,$2.65B,$24.38B,11.05%,$2.65B,$20.17B,13.41%,$2.65B,$41.44B,6.48%,$2.86B,$31.83B,9.11%,$4232,$2709,$1523,$0,$616,$3813,$419,$-28,$390,$0,$390,$390,$391,$907,$419,$717,719,$0.54,$0.54,$453,$394,$0,$1667,$35027,$0,$4212,$535,$39774,$41441,$8851,$7445,$764,$8209,$17060,$365,$23360,$-1486,$24382,$41441,$391,$488,$2,$490,$-30,$1,$19,$369,$161,$1064,$-574,$0,$0,$0,$0,$0,$-17,$-591,$-494,$611,$117,$-218,$-218,$-323,$-4,$-428,$58,$18,$-323
3,2017-11-30,65.03,$111.59,0.58,$24.10,2.7,$8.11,8.02,$3.59,18.12,$1.60B,$8.80B,0.18,$6.99B,$24.22B,0.29,$17.51B,$7.01B,40.03%,$17.51B,$2.81B,16.04%,$17.51B,$2.81B,16.04%,$17.51B,$4.66B,26.58%,$17.51B,$2.67B,15.23%,$17.51B,$2.61B,14.88%,$2.61B,$24.22B,11.09%,$2.61B,$20.05B,13.50%,$2.61B,$40.78B,6.49%,$2.81B,$31.21B,9.05%,$4259,$2617,$1642,$0,$616,$3711,$548,$12,$560,$14,$546,$546,$546,$1026,$548,$722,725,$0.77,$0.76,$395,$387,$0,$1596,$34430,$0,$4167,$585,$39182,$40778,$8800,$6993,$769,$7762,$16562,$365,$23292,$-1782,$24216,$40778,$2606,$1846,$420,$2266,$6,$-49,$21,$348,$399,$5322,$-2944,$0,$0,$0,$0,$0,$-145,$-3089,$-760,$-29,$-789,$-552,$-552,$-1087,$-24,$-2452,$-208,$63,$-1087
4,2017-08-31,68.67,$32.36,2.12,$23.50,2.92,$7.61,9.03,$3.66,18.76,$1.66B,$7.97B,0.21,$7.72B,$24.17B,0.32,$17.19B,$6.98B,40.64%,$17.19B,$2.86B,16.63%,$17.19B,$2.86B,16.63%,$17.19B,$4.66B,27.12%,$17.19B,$2.72B,15.82%,$17.19B,$2.67B,15.52%,$2.67B,$24.17B,11.55%,$2.67B,$19.97B,14.12%,$2.67B,$40.64B,6.73%,$2.86B,$31.90B,9.23%,$5515,$3013,$2502,$0,$547,$4122,$1393,$-25,$1368,$39,$1329,$1329,$1329,$1865,$1393,$723,726,$1.84,$1.83,$489,$357,$0,$1661,$34172,$0,$4204,$606,$38982,$40643,$7969,$7723,$779,$8502,$16471,$365,$23066,$-1845,$24172,$40643,$2060,$1368,$459,$1827,$-1,$-18,$-101,$454,$359,$4298,$-2296,$0,$0,$0,$0,$0,$-123,$-2419,$-545,$-335,$-880,$-305,$-305,$-797,$-22,$-2004,$-114,$48,$-797
5,2017-05-31,62.5,$31.59,1.98,$22.80,2.74,$7.17,8.72,$3.76,16.62,$1.77B,$9.06B,0.2,$7.64B,$22.96B,0.33,$16.77B,$7.02B,41.84%,$16.77B,$3.03B,18.05%,$16.77B,$3.03B,18.05%,$16.77B,$4.80B,28.62%,$16.77B,$2.82B,16.79%,$16.77B,$2.76B,16.48%,$2.76B,$22.96B,12.13%,$2.76B,$18.73B,14.88%,$2.76B,$40.45B,7.02%,$3.03B,$30.60B,9.83%,$3945,$2436,$1509,$0,$553,$3445,$500,$-116,$384,$5,$379,$379,$379,$957,$500,$724,727,$0.52,$0.52,$597,$351,$0,$1774,$33823,$0,$4239,$615,$38677,$40451,$9058,$7635,$794,$8429,$17487,$365,$22026,$-2154,$22964,$40451,$730,$896,$61,$957,$-8,$-19,$-38,$1211,$1126,$2849,$-1859,$0,$0,$0,$0,$0,$-75,$-1934,$-440,$182,$-258,$-152,$-152,$-507,$-18,$-935,$-6,$34,$-507
6,2017-02-28,53.16,$25.99,2.05,$22.29,2.38,$6.78,7.84,$4.04,13.16,$1.60B,$7.47B,0.21,$7.80B,$22.66B,0.34,$16.53B,$6.95B,42.07%,$16.53B,$3.01B,18.18%,$16.53B,$3.01B,18.18%,$16.53B,$4.76B,28.79%,$16.53B,$3.04B,18.39%,$16.53B,$2.99B,18.08%,$2.99B,$22.66B,13.15%,$2.99B,$18.47B,16.16%,$2.99B,$38.70B,7.63%,$3.01B,$30.46B,9.73%,$3791,$2435,$1356,$0,$549,$3423,$368,$-14,$354,$2,$352,$352,$352,$807,$368,$725,728,$0.48,$0.48,$437,$361,$0,$1597,$32328,$0,$4190,$588,$37106,$38703,$7465,$7796,$782,$8578,$16043,$365,$21939,$-2440,$22660,$38703,$352,$439,$-7,$432,$-2,$-35,$-47,$209,$128,$932,$-412,$0,$0,$0,$0,$0,$-62,$-474,$-1,$-289,$-290,$-69,$-69,$-254,$-2,$-615,$-166,$20,$-254
7,2016-11-30,49.05,$31.13,1.58,$21.83,2.25,$6.68,7.35,$3.74,13.12,$1.69B,$7.07B,0.24,$8.30B,$22.60B,0.37,$16.39B,$7.01B,42.75%,$16.39B,$3.07B,18.74%,$16.39B,$3.07B,18.74%,$16.39B,$4.81B,29.34%,$16.39B,$2.83B,17.26%,$16.39B,$2.78B,16.96%,$2.78B,$22.60B,12.23%,$2.78B,$18.41B,15.05%,$2.78B,$38.88B,7.10%,$3.07B,$30.90B,9.93%,$3936,$2319,$1617,$0,$585,$3339,$597,$16,$613,$5,$608,$608,$608,$1032,$597,$745,747,$0.81,$0.81,$603,$322,$0,$1689,$32429,$0,$4185,$578,$37192,$38881,$7072,$8302,$910,$9212,$16284,$365,$21843,$-2454,$22597,$38881,$2779,$1738,$102,$1840,$-22,$1,$109,$377,$444,$5134,$-3062,$0,$0,$0,$0,$0,$-261,$-3323,$264,$447,$711,$-2300,$-2300,$-977,$-25,$-2591,$-792,$55,$-977
8,2016-08-31,46.3,$31.37,1.48,$21.33,2.17,$6.82,6.79,$3.26,14.2,$1.55B,$7.10B,0.22,$8.32B,$22.90B,0.36,$16.16B,$6.88B,42.57%,$16.16B,$2.98B,18.46%,$16.16B,$2.98B,18.46%,$16.16B,$4.71B,29.12%,$16.16B,$2.49B,15.38%,$16.16B,$2.44B,15.10%,$2.44B,$22.90B,10.60%,$2.44B,$18.65B,13.03%,$2.44B,$39.33B,6.22%,$2.98B,$31.22B,9.62%,$5097,$2563,$2534,$0,$529,$3535,$1562,$-97,$1465,$41,$1424,$1424,$1424,$2004,$1562,$737,739,$1.93,$1.93,$462,$314,$102,$1554,$32864,$0,$4254,$660,$37778,$39332,$7100,$8320,$1012,$9332,$16432,$365,$21488,$-2012,$22900,$39332,$2171,$1303,$142,$1445,$-35,$15,$88,$385,$448,$4110,$-2397,$0,$0,$0,$0,$0,$-225,$-2622,$73,$301,$374,$-2070,$-2070,$-721,$-9,$-2426,$-933,$40,$-721
9,2016-05-31,46.9,$30.59,1.53,$20.68,2.27,$6.92,6.78,$2.89,16.23,$1.60B,$7.84B,0.2,$8.18B,$22.79B,0.36,$15.95B,$6.74B,42.26%,$15.95B,$2.93B,18.38%,$15.95B,$2.93B,18.38%,$15.95B,$4.61B,28.91%,$15.95B,$2.27B,14.24%,$15.95B,$2.23B,14.00%,$2.23B,$22.79B,9.55%,$2.23B,$18.47B,11.70%,$2.23B,$39.85B,5.71%,$2.93B,$30.97B,9.48%,$3705,$2258,$1447,$0,$532,$3227,$478,$129,$607,$2,$605,$605,$605,$916,$478,$751,753,$0.81,$0.80,$519,$315,$108,$1600,$33244,$0,$4324,$683,$38251,$39851,$7841,$8183,$1036,$9219,$17060,$365,$20320,$-1648,$22791,$39851,$747,$861,$93,$954,$-40,$16,$36,$1030,$958,$2681,$-1947,$0,$0,$0,$0,$0,$-226,$-2173,$65,$379,$444,$-1361,$-1361,$-459,$-5,$-1381,$-876,$28,$-459
10,2016-02-29,46.67,$29.97,1.56,$20.37,2.29,$7.14,6.54,$2.38,19.61,$1.86B,$6.66B,0.28,$7.99B,$22.63B,0.35,$15.83B,$6.48B,40.92%,$15.83B,$2.74B,17.32%,$15.83B,$2.74B,17.32%,$15.83B,$4.39B,27.73%,$15.83B,$1.89B,11.94%,$15.83B,$1.85B,11.68%,$1.85B,$22.63B,7.87%,$1.85B,$18.35B,9.63%,$1.85B,$38.45B,4.77%,$2.74B,$30.62B,8.94%,$3651,$2243,$1408,$0,$551,$3217,$434,$-291,$143,$1,$142,$142,$142,$857,$434,$766,769,$0.18,$0.18,$778,$333,$112,$1860,$31677,$0,$4274,$635,$36586,$38446,$6664,$7990,$1167,$9157,$15821,$365,$19976,$-1943,$22625,$38446,$142,$423,$252,$675,$-18,$-4,$-7,$76,$-28,$798,$-330,$0,$0,$0,$0,$0,$-129,$-459,$-73,$235,$162,$-876,$-876,$-232,$-1,$-947,$-617,$16,$-232
11,2015-11-30,48.81,$30.75,1.59,$20.15,2.42,$6.31,7.73,$2.26,21.6,$2.45B,$6.96B,0.35,$7.41B,$23.77B,0.31,$15.71B,$6.27B,39.88%,$15.71B,$2.57B,16.38%,$15.71B,$2.57B,16.38%,$15.71B,$4.20B,26.73%,$15.71B,$1.80B,11.45%,$15.71B,$1.76B,11.18%,$1.76B,$23.77B,7.42%,$1.76B,$19.45B,9.07%,$1.76B,$39.24B,4.52%,$2.57B,$31.18B,8.42%,$3710,$2218,$1492,$0,$563,$3201,$509,$-238,$271,$1,$270,$270,$270,$929,$509,$777,779,$0.35,$0.35,$1395,$330,$0,$2451,$31818,$0,$4318,$650,$36786,$39237,$6956,$7413,$1097,$8510,$15466,$365,$20060,$-1741,$23771,$39237,$1757,$1626,$623,$2249,$4,$5,$36,$485,$499,$4545,$-2269,$0,$0,$0,$0,$0,$-209,$-2478,$803,$-633,$170,$-269,$-269,$-816,$-27,$-942,$1064,$55,$-816
12,2015-08-31,47.26,$31.30,1.51,$20.17,2.34,$4.53,10.43,$1.78,26.55,$1.62B,$6.75B,0.24,$6.60B,$24.35B,0.27,$15.72B,$6.00B,38.14%,$15.72B,$2.33B,14.83%,$15.72B,$2.33B,14.83%,$15.72B,$3.95B,25.09%,$15.72B,$1.43B,9.11%,$15.72B,$1.38B,8.80%,$1.38B,$24.35B,5.82%,$1.38B,$20.05B,7.11%,$1.38B,$38.80B,3.56%,$2.33B,$30.96B,7.60%,$4883,$2490,$2393,$0,$484,$3373,$1510,$-260,$1250,$34,$1216,$1216,$1216,$1909,$1510,$778,781,$1.56,$1.56,$539,$305,$124,$1617,$32232,$0,$4299,$649,$37180,$38797,$6749,$6604,$1091,$7695,$14444,$365,$20023,$-1378,$24353,$38797,$1487,$1206,$416,$1622,$-23,$35,$-23,$469,$439,$3567,$-1679,$0,$0,$0,$0,$0,$-126,$-1805,$-300,$-625,$-925,$1,$1,$-584,$-1,$-1509,$208,$38,$-584
13,2015-05-31,44.53,$29.89,1.49,$20.27,2.2,$3.60,12.36,$1.82,24.47,$1.48B,$7.68B,0.19,$6.65B,$23.25B,0.29,$15.79B,$5.79B,36.68%,$15.79B,$2.11B,13.38%,$15.79B,$2.11B,13.38%,$15.79B,$3.74B,23.70%,$15.79B,$1.42B,9.01%,$15.79B,$1.41B,8.93%,$1.41B,$23.25B,5.87%,$1.41B,$18.96B,7.18%,$1.41B,$38.61B,3.60%,$2.11B,$29.90B,6.82%,$3590,$2404,$1186,$0,$491,$3301,$289,$-63,$226,$4,$222,$222,$222,$695,$289,$778,780,$0.29,$0.29,$298,$327,$176,$1479,$32179,$0,$4288,$665,$37132,$38611,$7683,$6648,$1028,$7676,$15359,$365,$19041,$-1479,$23252,$38611,$271,$807,$206,$1013,$-85,$11,$39,$1030,$990,$2286,$-1356,$0,$0,$0,$0,$0,$-71,$-1427,$-112,$-357,$-469,$0,$0,$-388,$-4,$-861,$-33,$25,$-388
14,2015-02-28,41.49,$30.01,1.38,$20.34,2.04,$2.91,14.27,$1.67,24.84,$1.43B,$7.41B,0.19,$6.94B,$23.35B,0.3,$15.83B,$5.67B,35.79%,$15.83B,$1.97B,12.45%,$15.83B,$1.97B,12.45%,$15.83B,$3.60B,22.77%,$15.83B,$1.30B,8.19%,$15.83B,$1.29B,8.12%,$1.29B,$23.35B,5.29%,$1.29B,$19.04B,6.48%,$1.29B,$38.71B,3.24%,$1.97B,$30.29B,6.25%,$3531,$2335,$1196,$0,$529,$3265,$266,$-214,$52,$3,$49,$49,$49,$667,$266,$777,779,$0.06,$0.06,$280,$332,$163,$1426,$32294,$0,$4307,$687,$37288,$38714,$7412,$6944,$1008,$7952,$15364,$365,$19013,$-1339,$23350,$38714,$49,$401,$180,$581,$-21,$7,$6,$180,$137,$771,$-942,$0,$0,$0,$0,$0,$-32,$-974,$136,$210,$346,$0,$0,$-194,$-1,$151,$-51,$11,$-194
15,2014-11-30,40.35,$31.15,1.3,$20.43,1.97,$3.29,12.27,$1.59,25.37,$1.49B,$6.92B,0.22,$7.36B,$24.20B,0.3,$15.88B,$5.46B,34.39%,$15.88B,$1.77B,11.16%,$15.88B,$1.77B,11.16%,$15.88B,$3.41B,21.46%,$15.88B,$1.23B,7.71%,$15.88B,$1.22B,7.66%,$1.22B,$24.20B,4.95%,$1.22B,$19.81B,6.06%,$1.22B,$39.45B,3.04%,$1.77B,$31.57B,5.52%,$3719,$2497,$1222,$0,$548,$3453,$266,$-362,$-96,$7,$-103,$-103,$-103,$674,$266,$776,778,$-0.13,$-0.14,$331,$349,$154,$1488,$32819,$0,$4397,$744,$37960,$39448,$6921,$7363,$960,$8323,$15244,$365,$19158,$-616,$24204,$39448,$1216,$1637,$325,$1962,$75,$1,$9,$514,$217,$3430,$-2541,$0,$0,$0,$0,$0,$34,$-2507,$-840,$617,$-223,$0,$0,$-776,$-29,$-1028,$-131,$52,$-776
16,2014-08-31,34.28,$32.38,1.06,$20.36,1.68,$3.12,11.0,$1.80,19.04,$1.60B,$7.06B,0.23,$6.97B,$25.16B,0.28,$15.82B,$5.26B,33.22%,$15.82B,$1.59B,10.03%,$15.82B,$1.59B,10.03%,$15.82B,$3.22B,20.35%,$15.82B,$1.36B,8.56%,$15.82B,$1.36B,8.61%,$1.36B,$25.16B,5.53%,$1.36B,$20.67B,6.77%,$1.36B,$40.00B,3.39%,$1.59B,$32.12B,4.90%,$4947,$2760,$2187,$0,$481,$3655,$1292,$-51,$1241,$0,$1241,$1241,$1241,$1706,$1292,$776,778,$1.60,$1.60,$436,$358,$123,$1602,$33073,$0,$4491,$831,$38395,$39997,$7056,$6967,$817,$7784,$14840,$365,$19538,$-28,$25157,$39997,$1319,$1229,$12,$1241,$34,$15,$-22,$563,$209,$2793,$-1635,$0,$0,$0,$0,$0,$18,$-1617,$-684,$95,$-589,$0,$0,$-582,$-17,$-1188,$-26,$37,$-582
17,2014-05-31,36.78,$31.36,1.17,$20.08,1.83,$2.42,15.19,$1.40,26.27,$1.63B,$7.40B,0.22,$7.88B,$24.37B,0.32,$15.60B,$4.88B,31.27%,$15.60B,$1.25B,7.99%,$15.60B,$1.25B,7.99%,$15.60B,$2.87B,18.40%,$15.60B,$1.05B,6.72%,$15.60B,$1.06B,6.76%,$1.06B,$24.37B,4.32%,$1.06B,$19.84B,5.30%,$1.06B,$40.53B,2.62%,$1.25B,$32.25B,3.85%,$3633,$2572,$1061,$0,$504,$3486,$147,$-48,$99,$1,$98,$98,$98,$557,$147,$776,778,$0.13,$0.13,$343,$383,$299,$1625,$33515,$0,$4524,$862,$38901,$40526,$7401,$7880,$880,$8760,$16161,$365,$18485,$243,$24365,$40526,$78,$815,$17,$832,$105,$-9,$-13,$892,$754,$1673,$-1287,$0,$0,$0,$0,$0,$19,$-1268,$-572,$448,$-124,$0,$0,$-388,$-7,$-519,$-119,$26,$-388
18,2014-02-28,36.88,$31.49,1.17,$19.89,1.85,$2.16,17.11,$1.31,28.16,$1.65B,$6.69B,0.25,$7.99B,$24.47B,0.33,$15.45B,$4.81B,31.14%,$15.45B,$1.25B,8.10%,$15.45B,$1.25B,8.10%,$15.45B,$2.86B,18.49%,$15.45B,$0.99B,6.42%,$15.45B,$1.00B,6.46%,$1.00B,$24.47B,4.13%,$1.00B,$19.95B,5.07%,$1.00B,$39.91B,2.49%,$1.25B,$32.46B,3.90%,$3585,$2592,$993,$0,$521,$3518,$67,$-86,$-19,$1,$-20,$-20,$-20,$472,$67,$776,776,$-0.03,$-0.03,$421,$381,$269,$1645,$32991,$0,$4522,$747,$38260,$39905,$6688,$7992,$755,$8747,$15435,$365,$18573,$273,$24470,$39905,$-20,$405,$29,$434,$146,$-9,$-88,$137,$58,$477,$-353,$0,$0,$0,$0,$0,$4,$-349,$-312,$344,$32,$0,$0,$-194,$0,$-162,$-41,$13,$-194
19,2013-11-30,32.6,$31.64,1.03,$19.89,1.64,$2.29,14.24,$1.38,23.62,$1.94B,$6.72B,0.29,$8.09B,$24.56B,0.33,$15.46B,$4.81B,31.13%,$15.46B,$1.33B,8.60%,$15.46B,$1.33B,8.60%,$15.46B,$2.92B,18.89%,$15.46B,$1.05B,6.79%,$15.46B,$1.06B,6.83%,$1.06B,$24.56B,4.41%,$1.06B,$20.05B,5.42%,$1.06B,$40.10B,2.65%,$1.33B,$32.65B,4.19%,$3658,$2642,$1016,$0,$531,$3577,$81,$-47,$34,$-9,$43,$43,$43,$485,$81,$775,777,$0.06,$0.06,$462,$374,$381,$1937,$32905,$0,$4502,$760,$38167,$40104,$6720,$8092,$736,$8828,$15548,$365,$18782,$161,$24556,$40104,$1055,$1590,$169,$1759,$-128,$21,$79,$319,$-42,$2834,$-2079,$0,$0,$0,$0,$0,$23,$-2056,$475,$4,$479,$-103,$-103,$-1164,$8,$-780,$-3,$42,$-1164
20,2013-08-31,33.3,$31.26,1.07,$19.77,1.68,$2.23,14.91,$1.42,23.45,$2.63B,$7.49B,0.35,$7.79B,$24.26B,0.32,$15.38B,$4.82B,31.36%,$15.38B,$1.42B,9.26%,$15.38B,$1.42B,9.26%,$15.38B,$3.00B,19.52%,$15.38B,$1.11B,7.21%,$15.38B,$1.11B,7.19%,$1.11B,$24.26B,4.65%,$1.11B,$19.82B,5.73%,$1.11B,$40.39B,2.79%,$1.42B,$32.05B,4.54%,$4726,$2917,$1809,$0,$439,$3775,$951,$-16,$935,$1,$934,$934,$934,$1357,$951,$775,777,$1.20,$1.20,$981,$388,$450,$2634,$32498,$0,$4438,$823,$37759,$40393,$7488,$7792,$853,$8645,$16133,$365,$18911,$-251,$24260,$40393,$1012,$1186,$217,$1403,$-172,$1,$50,$171,$-82,$2359,$-1742,$0,$0,$0,$0,$0,$-65,$-1807,$895,$142,$1037,$-103,$-103,$-970,$7,$-29,$516,$32,$-970
21,2013-05-31,29.92,$30.04,1.0,$19.70,1.52,$1.90,15.76,$1.93,15.5,$2.32B,$8.06B,0.29,$7.85B,$23.28B,0.34,$15.33B,$5.10B,33.26%,$15.33B,$1.77B,11.53%,$15.33B,$1.77B,11.53%,$15.33B,$3.32B,21.67%,$15.33B,$1.51B,9.84%,$15.33B,$1.50B,9.79%,$1.50B,$23.28B,6.32%,$1.50B,$18.85B,7.79%,$1.50B,$39.98B,3.83%,$1.77B,$31.13B,5.62%,$3479,$2487,$992,$0,$449,$3327,$152,$-111,$41,$0,$41,$41,$41,$543,$152,$775,777,$0.05,$0.05,$711,$381,$637,$2324,$32481,$0,$4432,$742,$37655,$39979,$8055,$7848,$796,$8644,$16699,$365,$18170,$-473,$23280,$39979,$78,$780,$70,$850,$-139,$5,$82,$791,$600,$1556,$-1377,$0,$0,$0,$0,$0,$4,$-1373,$1007,$-41,$966,$-103,$-103,$-777,$-2,$84,$246,$24,$-777
22,2013-02-28,32.86,$30.35,1.08,$19.77,1.66,$1.04,31.75,$1.90,17.3,$1.79B,$6.78B,0.26,$7.62B,$23.52B,0.32,$15.39B,$5.17B,33.57%,$15.39B,$1.87B,12.14%,$15.39B,$1.87B,12.14%,$15.39B,$3.41B,22.15%,$15.39B,$1.48B,9.63%,$15.39B,$1.47B,9.58%,$1.47B,$23.52B,6.23%,$1.47B,$19.08B,7.67%,$1.47B,$38.68B,3.77%,$1.87B,$31.15B,5.93%,$3593,$2599,$994,$0,$460,$3448,$145,$-106,$39,$2,$37,$37,$37,$534,$145,$776,778,$0.05,$0.05,$476,$383,$337,$1792,$31726,$0,$4446,$711,$36883,$38675,$6782,$7622,$748,$8370,$15152,$364,$18322,$-399,$23523,$38675,$37,$389,$46,$435,$-134,$5,$23,$37,$-92,$399,$-171,$0,$0,$0,$0,$0,$4,$-167,$388,$67,$455,$-78,$-78,$-582,$2,$-203,$11,$18,$-582
23,2012-11-30,34.73,$30.84,1.13,$19.75,1.76,$0.87,39.84,$1.67,20.8,$1.82B,$7.34B,0.25,$7.17B,$23.93B,0.3,$15.38B,$5.06B,32.91%,$15.38B,$1.64B,10.67%,$15.38B,$1.64B,10.67%,$15.38B,$3.17B,20.60%,$15.38B,$1.30B,8.46%,$15.38B,$1.30B,8.44%,$1.30B,$23.93B,5.48%,$1.30B,$19.44B,6.75%,$1.30B,$39.16B,3.31%,$1.64B,$31.10B,5.19%,$3578,$2551,$1027,$0,$459,$3402,$176,$-83,$93,$0,$93,$93,$93,$568,$176,$778,779,$0.12,$0.12,$465,$390,$460,$1821,$32137,$0,$4488,$715,$37340,$39161,$7340,$7168,$724,$7892,$15232,$363,$18479,$-207,$23929,$39161,$1298,$1527,$268,$1795,$-15,$-16,$-24,$141,$-106,$2999,$-2286,$0,$0,$0,$0,$0,$514,$-1772,$-106,$-224,$-330,$-90,$-90,$-779,$9,$-1190,$15,$39,$-779
24,2012-08-31,29.1,$31.14,0.93,$19.84,1.47,$1.31,22.17,$1.83,15.9,$1.94B,$5.94B,0.33,$8.29B,$24.19B,0.34,$15.50B,$5.16B,33.30%,$15.50B,$1.77B,11.45%,$15.50B,$1.77B,11.45%,$15.50B,$3.29B,21.25%,$15.50B,$1.42B,9.15%,$15.50B,$1.42B,9.17%,$1.42B,$24.19B,6.01%,$1.42B,$19.74B,7.42%,$1.42B,$39.08B,3.64%,$1.77B,$32.48B,5.57%,$4684,$2597,$2087,$0,$409,$3389,$1295,$41,$1336,$6,$1330,$1330,$1330,$1678,$1295,$778,779,$1.71,$1.71,$568,$364,$482,$1941,$31972,$0,$4453,$716,$37141,$39082,$5936,$8289,$664,$8953,$14889,$363,$18969,$-434,$24193,$39082,$1205,$1135,$239,$1374,$-54,$7,$-4,$49,$-105,$2476,$-2118,$0,$0,$0,$0,$0,$518,$-1600,$193,$-270,$-77,$-69,$-69,$-584,$-7,$-737,$118,$30,$-584
25,2012-05-31,27.34,$29.56,0.92,$20.22,1.35,$1.59,17.23,$1.81,15.1,$2.17B,$7.26B,0.3,$8.39B,$23.03B,0.36,$15.87B,$5.32B,33.51%,$15.87B,$1.91B,12.04%,$15.87B,$1.91B,12.04%,$15.87B,$3.44B,21.66%,$15.87B,$1.42B,8.97%,$15.87B,$1.43B,9.00%,$1.43B,$23.03B,6.00%,$1.43B,$18.59B,7.44%,$1.43B,$39.46B,3.64%,$1.91B,$31.42B,6.00%,$3538,$2478,$1060,$0,$431,$3285,$253,$-239,$14,$0,$14,$14,$14,$629,$253,$779,779,$0.02,$0.02,$900,$377,$403,$2169,$32133,$0,$4437,$723,$37293,$39462,$7262,$8392,$782,$9174,$16436,$363,$17835,$-521,$23026,$39462,$-125,$752,$319,$1071,$-29,$-7,$-31,$583,$478,$1458,$-1951,$0,$0,$0,$0,$0,$495,$-1456,$619,$262,$881,$0,$0,$-388,$-10,$483,$450,$22,$-388
26,2012-02-29,24.93,$30.36,0.82,$20.24,1.23,$2.45,10.2,$2.05,12.16,$2.17B,$6.54B,0.33,$7.96B,$23.65B,0.34,$15.96B,$5.36B,33.58%,$15.96B,$1.94B,12.15%,$15.96B,$1.94B,12.15%,$15.96B,$3.47B,21.74%,$15.96B,$1.61B,10.12%,$15.96B,$1.62B,10.16%,$1.62B,$23.65B,6.75%,$1.62B,$19.15B,8.39%,$1.62B,$38.96B,4.12%,$1.94B,$31.62B,6.03%,$3582,$2694,$888,$0,$421,$3664,$-82,$-59,$-141,$-2,$-139,$-139,$-139,$294,$-82,$778,778,$-0.18,$-0.18,$471,$381,$851,$2173,$31475,$0,$4507,$808,$36790,$38963,$6544,$7964,$802,$8766,$15310,$363,$18015,$-67,$23653,$38963,$-139,$376,$166,$542,$-22,$-4,$-62,$-44,$-122,$322,$-221,$0,$0,$0,$0,$0,$-27,$-248,$-112,$257,$145,$0,$0,$-194,$-1,$-50,$21,$14,$-194
27,2011-11-30,28.63,$30.67,0.93,$19.94,1.44,$2.62,10.94,$2.42,11.83,$1.31B,$6.11B,0.22,$8.05B,$23.83B,0.34,$15.79B,$5.49B,34.79%,$15.79B,$2.26B,14.28%,$15.79B,$2.26B,14.28%,$15.79B,$3.78B,23.92%,$15.79B,$1.91B,12.11%,$15.79B,$1.91B,12.11%,$1.91B,$23.83B,7.98%,$1.91B,$19.18B,9.95%,$1.91B,$38.64B,4.89%,$2.26B,$31.89B,7.04%,$3696,$2569,$1127,$0,$434,$3388,$308,$-99,$209,$0,$217,$217,$217,$693,$308,$787,789,$0.29,$0.28,$450,$374,$30,$1312,$32054,$0,$4652,$619,$37325,$38637,$6105,$8053,$647,$8700,$14805,$363,$18349,$-209,$23832,$38637,$1912,$1522,$73,$1595,$-43,$-54,$67,$309,$238,$3766,$-2696,$0,$0,$0,$0,$0,$50,$-2646,$454,$-450,$4,$-454,$-454,$-671,$28,$-1093,$21,$46,$-671
28,2011-08-31,26.91,$31.65,0.85,$19.60,1.37,$1.56,17.27,$2.45,10.99,$1.40B,$6.88B,0.2,$7.71B,$24.75B,0.31,$15.59B,$5.51B,35.32%,$15.59B,$2.29B,14.67%,$15.59B,$2.29B,14.67%,$15.59B,$3.79B,24.32%,$15.59B,$1.96B,12.56%,$15.59B,$1.94B,12.46%,$1.94B,$24.75B,8.18%,$1.94B,$19.93B,10.22%,$1.94B,$40.03B,5.01%,$2.29B,$32.47B,7.19%,$5058,$2814,$2244,$0,$421,$3625,$1433,$-91,$1342,$5,$1337,$1337,$1337,$1823,$1433,$790,792,$1.69,$1.69,$430,$366,$0,$1397,$33243,$0,$4826,$560,$38629,$40026,$6881,$7714,$679,$8393,$15274,$363,$18319,$585,$24752,$40026,$1695,$1137,$39,$1176,$-118,$-36,$17,$308,$103,$3016,$-2435,$0,$0,$0,$0,$0,$25,$-2410,$-31,$165,$134,$-288,$-288,$-474,$20,$-608,$1,$39,$-474
29,2011-05-31,33.2,$30.12,1.1,$18.83,1.76,$1.13,29.38,$2.38,13.95,$1.50B,$6.52B,0.23,$8.68B,$23.85B,0.36,$15.06B,$5.40B,35.86%,$15.06B,$2.26B,14.98%,$15.06B,$2.26B,14.98%,$15.06B,$3.73B,24.74%,$15.06B,$1.93B,12.81%,$15.06B,$1.91B,12.67%,$1.91B,$23.85B,8.22%,$1.91B,$19.03B,10.30%,$1.91B,$39.76B,5.02%,$2.26B,$32.53B,7.22%,$3620,$2521,$1099,$0,$440,$3341,$279,$-75,$204,$-2,$206,$206,$206,$659,$279,$791,793,$0.26,$0.26,$557,$365,$0,$1499,$32822,$0,$4820,$622,$38264,$39763,$6521,$8678,$712,$9390,$15911,$363,$17186,$542,$23852,$39763,$358,$747,$29,$776,$-121,$-35,$26,$839,$657,$1801,$-1622,$0,$0,$0,$0,$0,$-3,$-1625,$670,$-471,$199,$0,$0,$-277,$19,$-59,$128,$29,$-277
30,2011-02-28,36.39,$29.59,1.23,$18.32,1.99,$0.44,82.63,$2.44,14.91,$1.37B,$6.01B,0.23,$7.82B,$23.44B,0.33,$14.71B,$5.41B,36.74%,$14.71B,$2.33B,15.82%,$14.71B,$2.33B,15.82%,$14.71B,$3.77B,25.59%,$14.71B,$1.98B,13.43%,$14.71B,$1.96B,13.29%,$1.96B,$23.44B,8.70%,$1.96B,$18.73B,10.94%,$1.96B,$37.97B,5.27%,$2.33B,$31.25B,7.69%,$3419,$2395,$1024,$0,$422,$3184,$235,$-78,$157,$5,$152,$152,$152,$602,$235,$790,794,$0.19,$0.19,$465,$343,$0,$1365,$31225,$0,$4708,$667,$36600,$37965,$6009,$7815,$706,$8521,$14530,$363,$17178,$141,$23435,$37965,$152,$367,$17,$384,$-71,$-19,$1,$52,$-126,$412,$-172,$0,$0,$0,$0,$0,$14,$-158,$-135,$-63,$-198,$0,$0,$-79,$47,$-230,$36,$17,$-79
31,2010-11-30,33.54,$29.15,1.15,$17.96,1.87,$-0.82,0.0,$2.47,13.58,$1.24B,$5.76B,0.22,$8.01B,$23.03B,0.35,$14.47B,$5.38B,37.16%,$14.47B,$2.35B,16.22%,$14.47B,$2.35B,16.22%,$14.47B,$3.76B,26.01%,$14.47B,$1.98B,13.68%,$14.47B,$1.98B,13.67%,$1.98B,$23.03B,9.00%,$1.98B,$18.39B,11.38%,$1.98B,$37.49B,5.38%,$2.35B,$31.04B,7.81%,$3497,$2356,$1141,$0,$433,$3156,$341,$-86,$255,$7,$248,$248,$248,$708,$341,$788,805,$0.32,$0.31,$429,$320,$0,$1244,$30967,$0,$4640,$639,$36246,$37490,$5755,$8011,$693,$8704,$14459,$361,$17224,$-254,$23031,$37490,$1978,$1416,$43,$1459,$106,$-12,$-36,$257,$396,$3818,$-3579,$0,$0,$0,$0,$0,$78,$-3501,$-818,$626,$-192,$21,$21,$-237,$4,$-404,$-109,$43,$-237
32,2010-08-31,26.31,$28.64,0.92,$17.98,1.46,$-1.17,0.0,$2.40,10.96,$1.45B,$5.88B,0.25,$7.64B,$22.60B,0.34,$14.48B,$5.30B,36.59%,$14.48B,$2.30B,15.88%,$14.48B,$2.30B,15.88%,$14.48B,$3.69B,25.51%,$14.48B,$1.93B,13.29%,$14.48B,$1.92B,13.28%,$1.92B,$22.60B,8.85%,$1.92B,$18.00B,11.25%,$1.92B,$36.85B,5.25%,$2.30B,$30.24B,7.65%,$4527,$2389,$2138,$0,$381,$3125,$1402,$-89,$1313,$10,$1303,$1303,$1303,$1757,$1402,$789,806,$1.65,$1.62,$527,$291,$0,$1445,$30162,$0,$4597,$643,$35402,$36847,$5876,$7644,$732,$8376,$14252,$361,$17055,$-545,$22595,$36847,$1730,$1049,$33,$1082,$-58,$13,$11,$240,$293,$3084,$-2838,$0,$0,$0,$0,$0,$102,$-2736,$-527,$300,$-227,$20,$20,$-158,$38,$-327,$-11,$33,$-158
33,2010-05-31,30.59,$26.44,1.16,$17.48,1.75,$-1.19,0.0,$2.11,14.5,$1.59B,$6.76B,0.24,$7.68B,$20.86B,0.37,$14.09B,$5.07B,36.00%,$14.09B,$2.09B,14.86%,$14.09B,$2.09B,14.86%,$14.09B,$3.47B,24.62%,$14.09B,$1.71B,12.13%,$14.09B,$1.69B,12.01%,$1.69B,$20.86B,7.89%,$1.69B,$16.36B,10.08%,$1.69B,$36.03B,4.64%,$2.09B,$28.55B,6.98%,$3267,$2165,$1102,$0,$404,$2918,$349,$-98,$251,$-1,$252,$252,$252,$698,$349,$788,806,$0.32,$0.32,$594,$297,$0,$1586,$29317,$0,$4503,$623,$34443,$36029,$6763,$7681,$721,$8402,$15165,$361,$15830,$-1029,$20864,$36029,$427,$694,$23,$717,$-122,$2,$31,$768,$674,$1794,$-2168,$0,$0,$0,$0,$0,$74,$-2094,$-224,$702,$478,$12,$12,$-79,$14,$425,$56,$23,$-79
34,2010-02-28,30.63,$27.15,1.13,$17.10,1.79,$-1.37,0.0,$2.12,14.45,$1.75B,$5.67B,0.31,$8.93B,$21.42B,0.42,$13.77B,$5.04B,36.55%,$13.77B,$2.10B,15.23%,$13.77B,$2.10B,15.23%,$13.77B,$3.44B,24.98%,$13.77B,$1.73B,12.55%,$13.77B,$1.71B,12.38%,$1.71B,$21.42B,7.99%,$1.71B,$16.78B,10.25%,$1.71B,$36.73B,4.69%,$2.10B,$30.35B,6.99%,$3178,$2182,$996,$0,$396,$2923,$255,$-95,$160,$-15,$175,$175,$175,$600,$255,$787,805,$0.22,$0.22,$753,$321,$0,$1745,$29702,$0,$4642,$643,$34987,$36732,$5667,$8933,$713,$9646,$15313,$361,$15657,$-273,$21419,$36732,$175,$345,$15,$360,$-56,$-12,$-16,$0,$-108,$396,$-1169,$0,$0,$0,$0,$0,$53,$-1116,$161,$809,$970,$3,$3,$0,$3,$976,$215,$15,$0
35,2009-11-30,26.98,$28.00,0.96,$16.71,1.61,$-0.41,0.0,$2.22,12.16,$1.52B,$4.97B,0.31,$9.10B,$22.04B,0.41,$13.46B,$5.05B,37.54%,$13.46B,$2.15B,16.00%,$13.46B,$2.15B,16.00%,$13.46B,$3.46B,25.73%,$13.46B,$1.81B,13.42%,$13.46B,$1.79B,13.30%,$1.79B,$22.04B,8.61%,$1.79B,$17.24B,11.12%,$1.79B,$36.84B,5.06%,$2.15B,$31.14B,7.39%,$3509,$2446,$1063,$0,$424,$3215,$294,$-93,$201,$8,$193,$193,$193,$639,$294,$787,804,$0.24,$0.25,$538,$320,$0,$1518,$29870,$0,$4797,$650,$35317,$36835,$4967,$9097,$732,$9829,$14796,$360,$15561,$462,$22039,$36835,$1790,$1309,$50,$1359,$81,$10,$74,$-38,$156,$3342,$-3380,$0,$0,$0,$0,$0,$-4,$-3384,$443,$-288,$155,$8,$8,$-314,$58,$-93,$-112,$50,$-314
36,2009-08-31,24.15,$26.98,0.89,$16.76,1.44,$-0.31,0.0,$2.45,9.86,$2.10B,$5.78B,0.36,$8.37B,$21.56B,0.39,$13.55B,$5.16B,38.07%,$13.55B,$2.31B,17.04%,$13.55B,$2.31B,17.04%,$13.55B,$3.59B,26.46%,$13.55B,$1.97B,14.53%,$13.55B,$1.96B,14.48%,$1.96B,$21.56B,9.79%,$1.96B,$16.83B,12.72%,$1.96B,$36.36B,5.68%,$2.31B,$29.93B,8.23%,$4139,$2226,$1913,$0,$381,$2943,$1196,$-99,$1097,$24,$1073,$1073,$1073,$1532,$1196,$787,809,$1.36,$1.33,$976,$309,$0,$2098,$28882,$0,$4734,$645,$34261,$36359,$5775,$8373,$651,$9024,$14799,$360,$15577,$199,$21560,$36359,$1597,$964,$41,$1005,$-41,$17,$77,$-105,$7,$2630,$-2402,$0,$0,$0,$0,$0,$-52,$-2454,$589,$-218,$371,$1,$1,$-314,$65,$123,$326,$41,$-314
37,2009-05-31,20.98,$25.80,0.81,$17.56,1.19,$-0.40,0.0,$2.77,7.57,$1.53B,$6.17B,0.25,$8.32B,$20.39B,0.41,$14.23B,$5.43B,38.14%,$14.23B,$2.60B,18.27%,$14.23B,$2.60B,18.27%,$14.23B,$3.86B,27.15%,$14.23B,$2.26B,15.86%,$14.23B,$2.22B,15.62%,$2.22B,$20.39B,11.26%,$2.22B,$15.67B,14.74%,$2.22B,$35.55B,6.48%,$2.60B,$28.70B,9.36%,$2948,$1885,$1063,$0,$393,$2595,$353,$-83,$270,$6,$264,$264,$264,$670,$353,$787,804,$0.34,$0.33,$485,$308,$0,$1534,$28663,$0,$4716,$632,$34011,$35545,$6167,$8317,$676,$8993,$15160,$360,$14504,$107,$20385,$35545,$524,$628,$32,$660,$12,$17,$11,$248,$253,$1441,$-1956,$0,$0,$0,$0,$0,$-6,$-1962,$827,$-255,$572,$1,$1,$-314,$75,$334,$-165,$32,$-314
38,2009-02-28,16.15,$24.34,0.66,$18.02,0.9,$0.51,31.78,$2.94,5.49,$1.56B,$5.34B,0.29,$7.69B,$19.15B,0.4,$14.66B,$5.58B,38.09%,$14.66B,$2.73B,18.61%,$14.66B,$2.73B,18.61%,$14.66B,$3.99B,27.20%,$14.66B,$2.38B,16.26%,$14.66B,$2.35B,16.02%,$2.35B,$19.15B,11.96%,$2.35B,$14.65B,15.77%,$2.35B,$32.84B,6.86%,$2.73B,$26.84B,9.92%,$2864,$1850,$1014,$0,$392,$2553,$311,$-73,$238,$-22,$260,$260,$260,$622,$311,$787,803,$0.33,$0.33,$607,$305,$0,$1559,$26225,$0,$4506,$546,$31277,$32836,$5340,$7690,$652,$8342,$13682,$360,$14240,$-847,$19154,$32836,$260,$311,$19,$330,$6,$8,$-13,$-203,$-276,$305,$-306,$0,$0,$0,$0,$0,$-7,$-313,$299,$-115,$184,$1,$1,$-314,$109,$-20,$-43,$19,$-314
39,2008-11-30,16.91,$24.33,0.69,$18.33,0.92,$0.65,25.99,$2.92,5.79,$1.65B,$5.78B,0.29,$7.74B,$19.10B,0.41,$14.95B,$5.61B,37.51%,$14.95B,$2.73B,18.26%,$14.95B,$2.73B,18.26%,$14.95B,$3.98B,26.61%,$14.95B,$2.37B,15.86%,$14.95B,$2.32B,15.55%,$2.32B,$19.10B,11.75%,$2.32B,$14.54B,15.58%,$2.32B,$33.40B,6.72%,$2.73B,$26.83B,10.00%,$3603,$2433,$1170,$0,$407,$3153,$450,$-86,$364,$-1,$365,$365,$365,$763,$450,$786,816,$0.46,$0.46,$650,$315,$0,$1650,$26457,$0,$4560,$733,$31750,$33400,$5781,$7735,$786,$8521,$14302,$360,$13980,$-623,$19098,$33400,$2324,$1249,$50,$1299,$-70,$-8,$-66,$-94,$-201,$3391,$-3353,$0,$0,$0,$0,$0,$98,$-3255,$904,$138,$1042,$-83,$-83,$-1261,$-13,$-315,$-293,$50,$-1261
40,2008-08-31,27.15,$25.85,1.05,$17.68,1.54,$1.52,17.88,$2.89,9.39,$2.05B,$5.83B,0.35,$8.35B,$20.32B,0.41,$14.47B,$5.58B,38.54%,$14.47B,$2.70B,18.68%,$14.47B,$2.70B,18.68%,$14.47B,$3.93B,27.15%,$14.47B,$2.36B,16.28%,$14.47B,$2.32B,16.01%,$2.32B,$20.32B,11.59%,$2.32B,$15.46B,15.42%,$2.32B,$35.28B,6.66%,$2.70B,$28.67B,9.95%,$4814,$2634,$2180,$0,$372,$3329,$1485,$-100,$1385,$52,$1333,$1333,$1333,$1808,$1485,$786,814,$1.70,$1.65,$792,$365,$0,$2053,$27735,$0,$4859,$631,$33225,$35278,$5829,$8345,$783,$9128,$14957,$360,$13925,$666,$20321,$35278,$1959,$936,$41,$977,$-244,$-41,$-47,$163,$-45,$2879,$-2723,$0,$0,$0,$0,$0,$9,$-2714,$843,$-70,$773,$0,$0,$-945,$-86,$-258,$-151,$41,$-945
41,2008-05-31,29.88,$25.36,1.18,$16.98,1.76,$2.34,12.8,$2.91,10.27,$2.18B,$7.09B,0.31,$7.69B,$19.93B,0.39,$13.98B,$5.53B,39.56%,$13.98B,$2.71B,19.37%,$13.98B,$2.71B,19.37%,$13.98B,$3.89B,27.83%,$13.98B,$2.39B,17.07%,$13.98B,$2.36B,16.89%,$2.36B,$19.93B,11.90%,$2.36B,$14.92B,15.83%,$2.36B,$35.47B,6.89%,$2.71B,$27.62B,10.28%,$3378,$2159,$1219,$0,$425,$2896,$482,$-86,$396,$6,$390,$390,$390,$794,$482,$786,819,$0.50,$0.49,$988,$349,$0,$2179,$27666,$0,$5007,$620,$33293,$35472,$7089,$7689,$764,$8453,$15542,$360,$12907,$1306,$19930,$35472,$626,$613,$30,$643,$-116,$-16,$-111,$745,$542,$1815,$-1593,$0,$0,$0,$0,$0,$15,$-1578,$477,$8,$485,$-84,$-84,$-630,$5,$-224,$45,$30,$-630
42,2008-02-29,30.12,$25.11,1.2,$16.36,1.84,$2.18,13.8,$2.89,10.42,$2.02B,$7.39B,0.27,$6.27B,$19.74B,0.32,$13.50B,$5.45B,40.35%,$13.50B,$2.68B,19.89%,$13.50B,$2.68B,19.89%,$13.50B,$3.83B,28.35%,$13.50B,$2.37B,17.57%,$13.50B,$2.36B,17.49%,$2.36B,$19.74B,12.11%,$2.36B,$14.76B,16.10%,$2.36B,$34.15B,7.01%,$2.68B,$26.01B,10.55%,$3152,$2114,$1038,$0,$425,$2840,$312,$-86,$226,$-10,$236,$236,$236,$613,$312,$786,814,$0.30,$0.30,$966,$331,$0,$2023,$26542,$0,$4982,$598,$32122,$34145,$7393,$6271,$741,$7012,$14405,$360,$12832,$1219,$19740,$34145,$236,$301,$19,$320,$-1,$1,$-84,$-41,$-188,$373,$-258,$0,$0,$0,$0,$0,$-3,$-261,$227,$70,$297,$-84,$-84,$-316,$7,$-96,$23,$19,$-316
43,2007-11-30,33.2,$25.37,1.31,$15.73,2.11,$1.99,16.65,$2.94,11.29,$1.98B,$7.26B,0.27,$6.31B,$19.96B,0.32,$13.03B,$5.41B,41.47%,$13.03B,$2.73B,20.91%,$13.03B,$2.73B,20.91%,$13.03B,$3.83B,29.36%,$13.03B,$2.42B,18.60%,$13.03B,$2.41B,18.48%,$2.41B,$19.96B,12.58%,$2.41B,$14.96B,16.72%,$2.41B,$34.18B,7.35%,$2.73B,$26.28B,10.87%,$3124,$1985,$1139,$0,$426,$2701,$423,$-75,$348,$-10,$358,$358,$358,$713,$423,$793,828,$0.46,$0.45,$943,$331,$0,$1976,$26639,$0,$5003,$563,$32205,$34181,$7260,$6313,$645,$6958,$14218,$360,$12921,$1296,$19963,$34181,$2408,$1101,$64,$1165,$-119,$-57,$109,$374,$470,$4069,$-3312,$0,$-339,$-20,$0,$-20,$-75,$-3746,$1949,$-1281,$668,$-326,$-326,$-990,$44,$-604,$-220,$64,$-990
44,2007-08-31,33.67,$24.88,1.35,$15.31,2.2,$2.46,13.69,$3.01,11.18,$2.72B,$7.15B,0.38,$5.74B,$19.71B,0.29,$12.72B,$5.40B,42.42%,$12.72B,$2.78B,21.84%,$12.72B,$2.78B,21.84%,$12.72B,$3.84B,30.22%,$12.72B,$2.49B,19.57%,$12.72B,$2.47B,19.39%,$2.47B,$19.71B,13.18%,$2.47B,$15.02B,17.55%,$2.47B,$33.19B,7.74%,$2.78B,$25.44B,11.28%,$4321,$2189,$2132,$0,$363,$2831,$1490,$-74,$1416,$39,$1377,$1377,$1377,$1769,$1490,$794,829,$1.73,$1.67,$1753,$297,$0,$2722,$25134,$0,$4690,$642,$30466,$33188,$7147,$5735,$598,$6333,$13480,$360,$12878,$885,$19708,$33188,$2050,$811,$51,$862,$-125,$-32,$34,$255,$288,$3212,$-2376,$0,$0,$-320,$0,$-320,$-152,$-2848,$775,$-130,$645,$-63,$-63,$-713,$-5,$-136,$249,$51,$-713
45,2007-05-31,38.7,$23.37,1.66,$14.80,2.61,$2.23,17.37,$2.83,13.67,$3.02B,$8.61B,0.35,$5.43B,$18.58B,0.29,$12.30B,$5.19B,42.21%,$12.30B,$2.63B,21.36%,$12.30B,$2.63B,21.36%,$12.30B,$3.67B,29.84%,$12.30B,$2.34B,18.99%,$12.30B,$2.32B,18.87%,$2.32B,$18.58B,12.72%,$2.32B,$13.92B,17.04%,$2.32B,$33.19B,7.48%,$2.63B,$24.00B,10.78%,$2900,$1763,$1137,$0,$406,$2441,$459,$-78,$381,$-9,$390,$390,$390,$731,$459,$794,829,$0.49,$0.48,$2073,$282,$0,$3019,$25019,$0,$4659,$490,$30168,$33187,$8609,$5425,$574,$5999,$14608,$360,$11778,$772,$18579,$33187,$673,$532,$32,$564,$-130,$-19,$67,$855,$847,$2091,$-1992,$0,$0,$-193,$0,$-193,$-69,$-2254,$618,$628,$1246,$40,$40,$-435,$-5,$846,$696,$32,$-435
46,2007-02-28,35.36,$23.07,1.53,$14.47,2.44,$2.59,13.67,$2.81,12.58,$1.51B,$5.36B,0.28,$6.17B,$18.34B,0.34,$12.06B,$5.10B,42.26%,$12.06B,$2.62B,21.69%,$12.06B,$2.62B,21.69%,$12.06B,$3.63B,30.09%,$12.06B,$2.33B,19.33%,$12.06B,$2.31B,19.16%,$2.31B,$18.34B,12.92%,$2.31B,$13.70B,17.42%,$2.31B,$30.46B,7.69%,$2.62B,$24.51B,10.83%,$2688,$1691,$997,$0,$384,$2335,$353,$-74,$279,$-4,$283,$283,$283,$613,$353,$793,829,$0.36,$0.35,$685,$265,$0,$1509,$23837,$0,$4637,$478,$28952,$30461,$5356,$6172,$595,$6767,$12123,$360,$11665,$673,$18338,$30461,$283,$260,$19,$279,$-7,$-2,$-30,$60,$34,$597,$-637,$0,$0,$-83,$0,$-83,$-70,$-790,$-35,$-167,$-202,$29,$29,$-217,$-1,$-391,$-582,$19,$-217
47,2006-11-30,36.21,$22.93,1.58,$14.17,2.56,$2.46,14.7,$2.80,12.93,$2.00B,$5.42B,0.37,$6.36B,$18.21B,0.35,$11.84B,$5.05B,42.64%,$11.84B,$2.61B,22.07%,$11.84B,$2.61B,22.07%,$11.84B,$3.60B,30.42%,$11.84B,$2.32B,19.58%,$11.84B,$2.28B,19.25%,$2.28B,$18.21B,12.96%,$2.28B,$13.58B,17.52%,$2.28B,$30.55B,7.72%,$2.61B,$24.57B,11.00%,$2809,$1680,$1129,$0,$392,$2333,$476,$-63,$413,$-3,$416,$416,$416,$730,$476,$801,836,$0.52,$0.51,$1163,$263,$0,$1995,$23458,$0,$4634,$465,$28557,$30552,$5415,$6355,$572,$6927,$12342,$360,$11600,$661,$18210,$30552,$2279,$988,$68,$1056,$118,$-5,$-53,$230,$279,$3633,$-2480,$0,$0,$-12,$0,$-12,$49,$-2443,$-294,$659,$365,$-841,$-841,$-803,$67,$-1212,$-15,$68,$-803
