,Date,Stock Price,Book Value per Share,Price to Book Ratio,TTM Sales per Share,Price to Sales Ratio,TTM FCF per Share,Price to FCF Ratio,TTM Net EPS,PE Ratio,Current Assets,Current Liabilities,Current Ratio,Long Term Debt,Shareholder's Equity_x,Debt to Equity Ratio,TTM Revenue_x,TTM Gross Profit,Gross Margin,TTM Revenue_y,TTM Operating Income,Operating Margin,TTM Revenue_x,TTM EBIT,EBIT Margin,TTM Revenue_y,TTM EBITDA,EBITDA Margin,TTM Revenue_x,TTM Pre-Tax Income,Pre-Tax Margin,TTM Revenue_y,TTM Net Income_x,Net Margin,TTM Net Income_y,Shareholder's Equity_y,Return on Equity,TTM Net Income_x,Tangible Equity,Return on Tangible Equity,TTM Net Income_y,Total Assets,Return on Assets,TTM Net Income,LT Investments & Debt,Return on Investment,revenue,cost-goods-sold,gross-profit,research-development-expenses,selling-general-administrative-expenses,operating-expenses,operating-income,total-non-operating-income-expense,pre-tax-income,total-provision-income-taxes,income-after-taxes,income-from-continuous-operations,net-income,ebitda,ebit,basic-shares-outstanding,shares-outstanding,eps-basic-net-earnings-per-share,eps-earnings-per-share-diluted,cash-on-hand,inventory,other-current-assets,total-current-assets,net-property-plant-equipment,long-term-investments,goodwill-intangible-assets-total,other-long-term-assets,total-long-term-assets,total-assets,total-current-liabilities,long-term-debt,other-non-current-liabilities,total-long-term-liabilities,total-liabilities,common-stock-net,retained-earnings-accumulated-deficit,comprehensive-income,total-share-holder-equity,total-liabilities-share-holders-equity,net-income-loss,total-depreciation-amortization-cash-flow,other-non-cash-items,total-non-cash-items,change-in-accounts-receivable,change-in-inventories,change-in-accounts-payable,change-in-assets-liabilities,total-change-in-assets-liabilities,cash-flow-from-operating-activities,net-change-in-property-plant-equipment,net-change-in-intangible-assets,net-acquisitions-divestitures,net-change-in-short-term-investments,net-change-in-long-term-investments,net-change-in-investments-total,investing-activities-other,cash-flow-from-investing-activities,net-long-term-debt,net-current-debt,debt-issuance-retirement-net-total,net-common-equity-issued-repurchased,net-total-equity-issued-repurchased,total-common-preferred-stock-dividends-paid,financial-activities-other,cash-flow-from-financial-activities,net-cash-flow,stock-based-compensation,common-stock-dividends-paid
0,2018-07-31,24.8,$13.26,1.87,$25.14,0.99,$2.93,8.46,$1.34,18.51,$0.12B,$0.04B,3.33,$0.00B,$0.17B,0.02,$0.32B,$0.06B,19.05%,$0.32B,$0.02B,6.98%,$0.32B,$0.02B,6.98%,$0.32B,$0.03B,9.84%,$0.32B,$0.02B,6.98%,$0.32B,$0.02B,5.40%,$0.02B,$0.17B,10.73%,$0.02B,$0.14B,11.89%,$0.02B,$0.23B,7.89%,$0.02B,$0.17B,13.79%,$71,$61,$11,$0,$8,$69,$2,$-0,$2,$1,$1,$1,$1,$4,$2,$13,13,$0.08,$0.08,$39,$55,$4,$121,$53,$9,$27,$12,$105,$226,$36,$4,$18,$24,$60,$1,$114,$0,$166,$226,$1,$2,$-3,$-0,$3,$-0,$-2,$-1,$-2,$-2,$-1,$0,$-12,$2,$-0,$2,$0,$-11,$-1,$4,$3,$-0,$-0,$-1,$-1,$0,$-13,$-1,$-1
1,2018-04-30,29.44,$13.12,2.24,$25.78,1.14,$3.16,9.32,$1.66,17.74,$0.13B,$0.04B,3.25,$0.00B,$0.16B,0.0,$0.32B,$0.07B,20.06%,$0.32B,$0.03B,8.33%,$0.32B,$0.03B,8.33%,$0.32B,$0.04B,11.11%,$0.32B,$0.03B,8.33%,$0.32B,$0.02B,6.48%,$0.02B,$0.16B,13.59%,$0.02B,$0.15B,14.71%,$0.02B,$0.22B,9.95%,$0.03B,$0.16B,17.34%,$78,$63,$15,$0,$8,$72,$6,$0,$6,$-6,$13,$13,$13,$9,$6,$12,13,$1.02,$0.99,$49,$53,$3,$132,$52,$14,$14,$5,$86,$218,$41,$0,$12,$14,$55,$1,$115,$-0,$163,$218,$21,$8,$0,$8,$-0,$-0,$-4,$0,$-1,$27,$-8,$0,$-5,$-0,$-3,$-3,$-0,$-15,$-4,$0,$-4,$0,$0,$-7,$-2,$-12,$0,$2,$-7
2,2018-01-31,31.59,$12.22,2.58,$25.77,1.23,$3.40,9.29,$1.15,27.47,$0.13B,$0.04B,2.86,$0.00B,$0.15B,0.0,$0.32B,$0.07B,20.74%,$0.32B,$0.03B,8.67%,$0.32B,$0.03B,8.67%,$0.32B,$0.04B,11.15%,$0.32B,$0.03B,8.67%,$0.32B,$0.01B,4.33%,$0.01B,$0.15B,9.27%,$0.01B,$0.14B,10.04%,$0.01B,$0.22B,6.73%,$0.03B,$0.15B,18.39%,$85,$68,$18,$0,$10,$78,$8,$-0,$8,$8,$-1,$-1,$-1,$10,$8,$12,12,$-0.06,$-0.06,$42,$56,$3,$127,$52,$22,$11,$2,$90,$217,$44,$0,$18,$20,$65,$1,$103,$0,$152,$217,$8,$6,$-0,$6,$-1,$-3,$2,$-0,$8,$21,$-7,$0,$0,$-0,$-2,$-2,$-0,$-9,$-4,$0,$-4,$0,$0,$-6,$-2,$-11,$2,$2,$-6
3,2017-10-31,31.41,$12.31,2.55,$24.98,1.26,$3.45,9.11,$1.72,18.26,$0.10B,$0.04B,2.76,$0.00B,$0.15B,0.0,$0.31B,$0.07B,21.02%,$0.31B,$0.03B,8.60%,$0.31B,$0.03B,8.60%,$0.31B,$0.04B,11.15%,$0.31B,$0.03B,8.60%,$0.31B,$0.02B,6.69%,$0.02B,$0.15B,14.14%,$0.02B,$0.14B,15.33%,$0.02B,$0.20B,10.42%,$0.03B,$0.15B,18.03%,$81,$65,$16,$0,$9,$74,$6,$-0,$6,$2,$4,$4,$4,$8,$6,$12,13,$0.32,$0.32,$22,$50,$2,$99,$53,$35,$11,$2,$102,$201,$36,$0,$7,$12,$48,$1,$105,$0,$153,$201,$9,$4,$3,$7,$1,$2,$-5,$1,$-5,$10,$-5,$0,$0,$-0,$-2,$-2,$0,$-7,$-3,$0,$-3,$0,$0,$-5,$-1,$-8,$-5,$2,$-5
4,2017-07-31,29.65,$12.03,2.46,$24.59,1.21,$3.89,7.61,$1.76,16.85,$0.10B,$0.04B,2.44,$0.01B,$0.15B,0.03,$0.31B,$0.07B,21.75%,$0.31B,$0.03B,9.09%,$0.31B,$0.03B,9.09%,$0.31B,$0.04B,11.69%,$0.31B,$0.03B,9.09%,$0.31B,$0.02B,6.82%,$0.02B,$0.15B,14.56%,$0.02B,$0.14B,15.85%,$0.02B,$0.21B,10.71%,$0.03B,$0.16B,19.24%,$80,$63,$16,$0,$10,$73,$7,$-0,$7,$2,$5,$5,$5,$9,$7,$12,13,$0.40,$0.40,$21,$55,$3,$102,$53,$39,$11,$2,$106,$208,$42,$5,$7,$17,$58,$1,$102,$0,$150,$208,$5,$2,$2,$3,$3,$-4,$-0,$-1,$-6,$2,$-2,$0,$0,$-0,$-2,$-2,$0,$-4,$-1,$5,$4,$0,$0,$-4,$-1,$-1,$-2,$1,$-4
5,2017-04-30,31.45,$12.03,2.61,$24.75,1.27,$4.13,7.62,$1.79,17.57,$0.10B,$0.05B,2.22,$0.00B,$0.15B,0.0,$0.31B,$0.07B,22.33%,$0.31B,$0.03B,9.71%,$0.31B,$0.03B,9.71%,$0.31B,$0.04B,11.97%,$0.31B,$0.03B,9.71%,$0.31B,$0.02B,6.80%,$0.02B,$0.15B,15.05%,$0.02B,$0.14B,16.41%,$0.02B,$0.21B,11.07%,$0.03B,$0.15B,21.24%,$77,$60,$17,$0,$10,$70,$7,$-0,$7,$1,$6,$6,$6,$9,$7,$12,13,$0.50,$0.48,$23,$51,$3,$102,$52,$38,$11,$2,$103,$206,$46,$0,$7,$11,$57,$1,$101,$-0,$149,$206,$22,$7,$8,$15,$-2,$-5,$6,$-0,$-4,$34,$-12,$0,$0,$2,$-34,$-32,$-0,$-43,$-1,$0,$-1,$0,$0,$-6,$-0,$-8,$-17,$3,$-6
6,2017-01-31,31.47,$11.56,2.72,$24.76,1.27,$3.72,8.47,$1.59,19.79,$0.09B,$0.04B,2.36,$0.00B,$0.14B,0.0,$0.31B,$0.07B,22.33%,$0.31B,$0.03B,9.71%,$0.31B,$0.03B,9.71%,$0.31B,$0.04B,11.97%,$0.31B,$0.03B,9.71%,$0.31B,$0.02B,6.15%,$0.02B,$0.14B,14.13%,$0.02B,$0.13B,15.45%,$0.02B,$0.19B,10.44%,$0.03B,$0.14B,22.02%,$76,$59,$17,$0,$10,$69,$7,$0,$7,$1,$6,$6,$6,$9,$7,$12,13,$0.52,$0.51,$18,$46,$3,$90,$50,$37,$11,$2,$102,$191,$38,$0,$8,$11,$49,$1,$95,$-0,$142,$191,$16,$5,$6,$12,$0,$-0,$-1,$0,$-3,$25,$-9,$0,$0,$2,$-33,$-31,$-0,$-40,$-1,$0,$-1,$0,$0,$-5,$-0,$-7,$-22,$3,$-5
7,2016-10-31,27.3,$11.04,2.47,$24.97,1.09,$3.15,8.66,$1.47,18.57,$0.08B,$0.03B,2.55,$0.00B,$0.14B,0.0,$0.31B,$0.07B,22.19%,$0.31B,$0.03B,9.65%,$0.31B,$0.03B,9.65%,$0.31B,$0.04B,11.90%,$0.31B,$0.03B,9.65%,$0.31B,$0.02B,5.79%,$0.02B,$0.14B,13.82%,$0.02B,$0.12B,15.16%,$0.02B,$0.18B,10.13%,$0.03B,$0.14B,22.73%,$75,$58,$17,$0,$10,$68,$7,$-0,$7,$3,$4,$4,$4,$9,$7,$12,13,$0.36,$0.36,$16,$46,$2,$83,$46,$36,$11,$2,$96,$179,$33,$0,$9,$11,$43,$1,$90,$-0,$136,$179,$10,$4,$4,$7,$4,$0,$-3,$1,$-0,$17,$-6,$0,$0,$2,$-32,$-30,$0,$-36,$0,$0,$0,$0,$0,$-4,$-0,$-5,$-24,$2,$-4
8,2016-07-31,27.76,$10.68,2.6,$25.12,1.11,$2.79,9.95,$1.41,19.68,$0.12B,$0.04B,3.5,$0.01B,$0.13B,0.05,$0.31B,$0.07B,21.73%,$0.31B,$0.03B,9.27%,$0.31B,$0.03B,9.27%,$0.31B,$0.04B,11.50%,$0.31B,$0.03B,9.27%,$0.31B,$0.02B,5.75%,$0.02B,$0.13B,14.17%,$0.02B,$0.12B,15.55%,$0.02B,$0.18B,10.27%,$0.03B,$0.14B,22.52%,$81,$62,$18,$0,$10,$72,$9,$-0,$9,$3,$5,$5,$5,$10,$9,$12,12,$0.43,$0.43,$48,$48,$2,$121,$42,$5,$11,$3,$62,$183,$35,$7,$9,$17,$52,$1,$86,$-0,$131,$183,$5,$2,$1,$3,$1,$-2,$3,$0,$-2,$6,$-3,$0,$0,$2,$-1,$1,$0,$-2,$0,$7,$7,$0,$0,$-3,$-0,$3,$8,$1,$-3
9,2016-04-30,25.27,$10.50,2.41,$25.08,1.01,$2.37,10.67,$1.36,18.58,$0.12B,$0.04B,3.16,$0.00B,$0.13B,0.0,$0.31B,$0.07B,21.15%,$0.31B,$0.03B,8.65%,$0.31B,$0.03B,8.65%,$0.31B,$0.04B,11.22%,$0.31B,$0.03B,8.65%,$0.31B,$0.02B,5.77%,$0.02B,$0.13B,14.52%,$0.02B,$0.12B,16.00%,$0.02B,$0.18B,10.51%,$0.03B,$0.13B,21.77%,$77,$61,$17,$0,$9,$70,$7,$-0,$7,$4,$4,$4,$4,$9,$7,$12,12,$0.30,$0.29,$42,$47,$2,$115,$40,$4,$11,$3,$60,$175,$36,$0,$9,$10,$46,$1,$85,$-0,$129,$175,$17,$7,$7,$14,$4,$-4,$-4,$-0,$-2,$28,$-11,$0,$0,$6,$-2,$4,$-0,$-7,$-2,$0,$-2,$-2,$-2,$-8,$-1,$-13,$8,$3,$-8
10,2016-01-31,24.32,$10.21,2.38,$25.23,0.96,$2.31,10.52,$1.46,16.66,$0.11B,$0.04B,2.89,$0.00B,$0.13B,0.0,$0.31B,$0.07B,20.70%,$0.31B,$0.03B,8.60%,$0.31B,$0.03B,8.60%,$0.31B,$0.03B,10.83%,$0.31B,$0.03B,8.60%,$0.31B,$0.02B,6.05%,$0.02B,$0.13B,15.64%,$0.02B,$0.11B,17.23%,$0.02B,$0.17B,11.16%,$0.03B,$0.13B,22.22%,$78,$62,$17,$0,$9,$71,$7,$-0,$7,$2,$5,$5,$5,$9,$7,$12,12,$0.39,$0.39,$36,$48,$2,$114,$38,$4,$11,$2,$60,$174,$39,$0,$8,$9,$48,$1,$82,$-0,$125,$174,$13,$5,$3,$8,$1,$-6,$-2,$-0,$-5,$16,$-7,$0,$0,$6,$-1,$4,$-0,$-3,$-2,$0,$-2,$-2,$-2,$-7,$1,$-11,$2,$2,$-7
11,2015-10-31,28.74,$9.96,2.89,$25.49,1.13,$2.70,10.66,$1.38,20.83,$0.11B,$0.04B,3.0,$0.00B,$0.12B,0.0,$0.32B,$0.06B,19.56%,$0.32B,$0.03B,8.20%,$0.32B,$0.03B,8.20%,$0.32B,$0.03B,10.41%,$0.32B,$0.03B,8.20%,$0.32B,$0.02B,5.68%,$0.02B,$0.12B,15.13%,$0.02B,$0.11B,16.71%,$0.02B,$0.17B,10.71%,$0.03B,$0.12B,21.85%,$77,$61,$16,$0,$9,$71,$6,$-0,$6,$2,$4,$4,$4,$8,$6,$12,12,$0.31,$0.30,$37,$46,$3,$110,$38,$3,$11,$2,$59,$169,$37,$0,$8,$9,$46,$1,$78,$-0,$123,$169,$8,$3,$3,$7,$5,$-4,$-3,$-0,$-4,$11,$-5,$0,$0,$4,$-1,$3,$0,$-2,$-2,$0,$-2,$0,$0,$-6,$1,$-8,$1,$1,$-6
12,2015-07-31,28.92,$9.62,3.01,$25.30,1.14,$3.00,9.65,$1.32,21.91,$0.11B,$0.04B,2.76,$0.00B,$0.12B,0.0,$0.31B,$0.06B,18.47%,$0.31B,$0.03B,7.96%,$0.31B,$0.03B,7.96%,$0.31B,$0.03B,9.87%,$0.31B,$0.03B,7.96%,$0.31B,$0.02B,5.41%,$0.02B,$0.12B,14.62%,$0.02B,$0.11B,16.23%,$0.02B,$0.17B,10.30%,$0.03B,$0.12B,21.51%,$80,$64,$16,$0,$9,$73,$7,$-0,$7,$3,$5,$5,$5,$9,$7,$12,12,$0.38,$0.38,$32,$47,$4,$108,$37,$3,$11,$2,$59,$167,$39,$0,$8,$9,$48,$1,$75,$-0,$119,$167,$5,$2,$1,$3,$3,$-4,$-0,$-1,$-6,$1,$-3,$0,$0,$4,$-0,$3,$0,$-0,$0,$0,$0,$0,$0,$-6,$1,$-5,$-4,$0,$-6
13,2015-04-30,24.34,$9.77,2.49,$24.99,0.97,$3.34,7.29,$1.21,20.12,$0.11B,$0.04B,2.64,$0.00B,$0.12B,0.0,$0.31B,$0.06B,17.74%,$0.31B,$0.02B,7.42%,$0.31B,$0.02B,7.42%,$0.31B,$0.03B,9.35%,$0.31B,$0.02B,7.42%,$0.31B,$0.02B,4.84%,$0.02B,$0.12B,13.19%,$0.02B,$0.11B,14.63%,$0.02B,$0.17B,9.27%,$0.02B,$0.12B,20.09%,$79,$63,$16,$0,$10,$72,$7,$0,$7,$2,$5,$5,$5,$8,$7,$12,12,$0.40,$0.39,$40,$42,$2,$114,$36,$2,$11,$3,$58,$171,$43,$0,$8,$9,$52,$1,$76,$-0,$119,$171,$15,$6,$4,$10,$-2,$-2,$2,$-0,$1,$26,$-10,$0,$0,$-4,$-2,$-5,$0,$-15,$-2,$-1,$-3,$-1,$-1,$-8,$0,$-11,$0,$1,$-8
14,2015-01-31,18.88,$9.41,2.01,$24.61,0.77,$3.26,5.79,$1.04,18.15,$0.11B,$0.04B,2.6,$0.00B,$0.12B,0.0,$0.31B,$0.05B,16.72%,$0.31B,$0.02B,6.56%,$0.31B,$0.02B,6.56%,$0.31B,$0.03B,8.85%,$0.31B,$0.02B,6.56%,$0.31B,$0.01B,4.26%,$0.01B,$0.12B,11.61%,$0.01B,$0.10B,12.94%,$0.01B,$0.17B,8.16%,$0.02B,$0.12B,17.62%,$81,$67,$14,$0,$8,$75,$6,$-0,$6,$2,$4,$4,$4,$8,$6,$12,12,$0.31,$0.31,$37,$38,$3,$109,$35,$2,$11,$3,$56,$165,$42,$0,$8,$8,$50,$1,$72,$-0,$115,$165,$10,$4,$4,$8,$-3,$3,$2,$-1,$3,$21,$-8,$0,$0,$-2,$-1,$-3,$0,$-11,$-2,$-1,$-3,$-1,$-1,$-7,$0,$-10,$-1,$0,$-7
15,2014-10-31,17.78,$9.14,1.94,$23.90,0.74,$2.89,6.15,$1.41,12.61,$0.11B,$0.04B,2.99,$0.00B,$0.11B,0.0,$0.30B,$0.05B,16.55%,$0.30B,$0.02B,6.42%,$0.30B,$0.02B,6.42%,$0.30B,$0.03B,8.45%,$0.30B,$0.02B,6.42%,$0.30B,$0.02B,5.74%,$0.02B,$0.11B,15.38%,$0.02B,$0.10B,17.17%,$0.02B,$0.16B,10.81%,$0.02B,$0.11B,16.85%,$74,$62,$12,$0,$7,$69,$5,$-0,$5,$2,$3,$3,$3,$6,$5,$12,12,$0.25,$0.24,$35,$38,$2,$107,$33,$2,$11,$3,$50,$157,$36,$0,$8,$9,$45,$1,$68,$-0,$112,$157,$6,$3,$2,$5,$2,$2,$-1,$-0,$3,$15,$-5,$0,$0,$-0,$-1,$-1,$0,$-6,$-2,$-1,$-3,$-1,$-1,$-6,$0,$-9,$-0,$0,$-6
16,2014-07-31,16.93,$8.93,1.9,$23.63,0.72,$2.71,6.24,$1.42,11.92,$0.11B,$0.03B,3.14,$0.00B,$0.11B,0.03,$0.29B,$0.05B,16.72%,$0.29B,$0.02B,6.48%,$0.29B,$0.02B,6.48%,$0.29B,$0.03B,8.53%,$0.29B,$0.02B,6.48%,$0.29B,$0.02B,5.80%,$0.02B,$0.11B,15.74%,$0.02B,$0.10B,17.62%,$0.02B,$0.15B,10.83%,$0.02B,$0.11B,17.16%,$76,$63,$13,$0,$7,$71,$5,$0,$5,$2,$3,$3,$3,$7,$5,$12,12,$0.27,$0.27,$31,$42,$2,$106,$32,$2,$11,$3,$49,$154,$34,$3,$8,$11,$45,$1,$66,$-0,$109,$154,$3,$1,$1,$2,$3,$-1,$-2,$0,$-2,$4,$-2,$0,$0,$-0,$-1,$-1,$0,$-3,$0,$0,$0,$-1,$-1,$-6,$0,$-6,$-5,$0,$-6
17,2014-04-30,16.44,$9.12,1.8,$23.17,0.71,$2.70,6.1,$1.41,11.66,$0.11B,$0.04B,2.9,$0.00B,$0.11B,0.03,$0.29B,$0.05B,17.07%,$0.29B,$0.02B,6.97%,$0.29B,$0.02B,6.97%,$0.29B,$0.03B,8.71%,$0.29B,$0.02B,6.97%,$0.29B,$0.02B,5.92%,$0.02B,$0.11B,16.11%,$0.02B,$0.10B,18.13%,$0.02B,$0.16B,10.88%,$0.02B,$0.12B,18.39%,$74,$62,$12,$0,$7,$70,$4,$-0,$4,$1,$3,$3,$3,$6,$4,$12,12,$0.22,$0.22,$36,$41,$2,$112,$31,$1,$11,$3,$49,$161,$39,$3,$7,$10,$49,$1,$68,$-0,$112,$161,$17,$5,$-1,$5,$-4,$-2,$4,$-0,$-2,$20,$-5,$0,$-3,$-1,$-1,$-2,$-0,$-9,$-2,$0,$-2,$0,$0,$-2,$0,$-4,$6,$1,$-2
18,2014-01-31,18.37,$8.93,2.06,$22.86,0.8,$2.48,7.42,$1.49,12.33,$0.11B,$0.04B,2.8,$0.00B,$0.11B,0.03,$0.28B,$0.05B,17.67%,$0.28B,$0.02B,7.77%,$0.28B,$0.02B,7.77%,$0.28B,$0.03B,9.19%,$0.28B,$0.02B,7.77%,$0.28B,$0.02B,6.36%,$0.02B,$0.11B,17.73%,$0.02B,$0.10B,20.06%,$0.02B,$0.16B,11.82%,$0.02B,$0.11B,20.95%,$72,$61,$12,$0,$7,$68,$5,$-0,$5,$-4,$8,$8,$8,$6,$5,$12,12,$0.69,$0.68,$30,$44,$3,$111,$30,$0,$11,$3,$46,$157,$40,$3,$4,$8,$47,$1,$66,$-0,$109,$157,$15,$4,$-2,$2,$-3,$-5,$2,$-1,$-6,$11,$-2,$0,$-3,$-2,$0,$-2,$-0,$-7,$-2,$0,$-2,$0,$0,$-2,$0,$-4,$-0,$1,$-2
19,2013-10-31,17.54,$8.29,2.12,$22.21,0.79,$2.44,7.18,$1.04,16.87,$0.11B,$0.04B,2.59,$0.00B,$0.10B,0.03,$0.28B,$0.05B,18.18%,$0.28B,$0.02B,8.00%,$0.28B,$0.02B,8.00%,$0.28B,$0.03B,9.45%,$0.28B,$0.02B,8.00%,$0.28B,$0.01B,4.73%,$0.01B,$0.10B,13.37%,$0.01B,$0.09B,15.20%,$0.01B,$0.16B,8.72%,$0.02B,$0.10B,21.78%,$71,$58,$12,$0,$7,$66,$5,$-0,$5,$2,$3,$3,$3,$6,$5,$12,12,$0.25,$0.25,$30,$45,$3,$111,$31,$0,$11,$3,$46,$156,$43,$3,$4,$12,$55,$1,$58,$-0,$102,$156,$6,$3,$3,$5,$-1,$-6,$6,$-0,$-2,$9,$-2,$0,$-3,$-1,$0,$-1,$-0,$-6,$-2,$0,$-2,$0,$0,$-1,$0,$-3,$1,$0,$-1
20,2013-07-31,17.37,$8.05,2.16,$21.82,0.8,$2.29,7.59,$1.46,11.9,$0.11B,$0.04B,2.7,$0.01B,$0.10B,0.05,$0.27B,$0.05B,18.52%,$0.27B,$0.02B,8.15%,$0.27B,$0.02B,8.15%,$0.27B,$0.03B,9.63%,$0.27B,$0.02B,8.15%,$0.27B,$0.02B,6.67%,$0.02B,$0.10B,18.85%,$0.02B,$0.09B,21.43%,$0.02B,$0.15B,12.37%,$0.02B,$0.10B,22.00%,$70,$57,$13,$0,$7,$64,$6,$-0,$6,$2,$3,$3,$3,$7,$6,$12,12,$0.27,$0.26,$28,$42,$3,$105,$31,$0,$11,$3,$46,$151,$39,$5,$4,$13,$53,$1,$56,$-0,$99,$151,$3,$1,$1,$3,$-1,$-3,$5,$-1,$-3,$3,$-1,$0,$-3,$-1,$0,$-1,$0,$-4,$0,$0,$0,$0,$0,$-0,$0,$-0,$-2,$0,$-0
21,2013-04-30,14.59,$7.82,1.87,$21.59,0.68,$1.90,7.67,$1.48,9.86,$0.10B,$0.04B,2.69,$0.00B,$0.10B,0.05,$0.27B,$0.05B,18.59%,$0.27B,$0.02B,7.81%,$0.27B,$0.02B,7.81%,$0.27B,$0.03B,9.67%,$0.27B,$0.02B,7.81%,$0.27B,$0.02B,7.06%,$0.02B,$0.10B,20.27%,$0.02B,$0.08B,23.10%,$0.02B,$0.15B,13.24%,$0.02B,$0.10B,21.32%,$70,$58,$13,$0,$7,$64,$6,$-0,$6,$2,$4,$4,$4,$7,$6,$12,12,$0.31,$0.29,$29,$38,$2,$101,$31,$0,$11,$1,$44,$145,$37,$4,$4,$12,$49,$1,$53,$0,$96,$145,$18,$5,$0,$6,$2,$-2,$-8,$-0,$-7,$17,$-4,$0,$0,$1,$0,$1,$1,$-3,$-3,$-0,$-3,$-5,$-5,$-8,$0,$-15,$-1,$1,$-8
22,2013-01-31,15.66,$7.52,2.08,$21.82,0.72,$1.38,11.33,$1.45,10.8,$0.10B,$0.04B,2.29,$0.00B,$0.00B,0.0,$0.28B,$0.05B,18.55%,$0.28B,$0.02B,7.64%,$0.28B,$0.02B,7.64%,$0.28B,$0.03B,9.45%,$0.28B,$0.02B,7.27%,$0.28B,$0.02B,6.55%,$0.02B,$0.09B,19.57%,$0.02B,$0.08B,22.29%,$0.02B,$0.14B,12.54%,$0.02B,$0.10B,21.54%,$64,$52,$12,$0,$7,$59,$5,$-0,$5,$2,$3,$3,$3,$6,$5,$12,12,$0.23,$0.23,$25,$42,$2,$97,$30,$0,$11,$1,$47,$144,$42,$4,$4,$9,$52,$0,$0,$0,$92,$144,$15,$4,$-2,$2,$1,$-6,$-4,$0,$-6,$11,$-3,$0,$0,$1,$0,$1,$1,$-1,$-2,$-0,$-3,$-5,$-5,$-7,$0,$-15,$-6,$0,$-7
23,2012-10-31,10.53,$7.81,1.35,$21.41,0.49,$0.66,15.86,$1.36,7.74,$0.09B,$0.04B,2.49,$0.00B,$0.00B,0.0,$0.27B,$0.05B,17.71%,$0.27B,$0.02B,7.01%,$0.27B,$0.02B,7.01%,$0.27B,$0.02B,8.86%,$0.27B,$0.02B,6.64%,$0.27B,$0.02B,6.27%,$0.02B,$0.10B,18.84%,$0.02B,$0.08B,21.52%,$0.02B,$0.14B,12.12%,$0.02B,$0.10B,19.69%,$66,$54,$12,$0,$7,$61,$5,$-0,$5,$-4,$8,$8,$8,$6,$5,$12,12,$0.68,$0.67,$29,$38,$2,$94,$31,$0,$11,$2,$49,$142,$38,$4,$4,$9,$47,$0,$0,$0,$95,$142,$12,$3,$-3,$-1,$4,$-2,$-7,$0,$-4,$8,$-2,$0,$0,$1,$0,$1,$0,$-1,$-2,$0,$-2,$-5,$-5,$-1,$0,$-8,$-2,$0,$-1
24,2012-07-31,8.29,$6.97,1.19,$20.60,0.4,$0.21,38.69,$1.18,7.02,$0.10B,$0.04B,2.41,$0.01B,$0.00B,0.0,$0.26B,$0.05B,17.11%,$0.26B,$0.02B,6.46%,$0.26B,$0.02B,6.46%,$0.26B,$0.02B,8.37%,$0.26B,$0.02B,6.08%,$0.26B,$0.02B,5.70%,$0.02B,$0.09B,17.14%,$0.02B,$0.08B,19.67%,$0.02B,$0.14B,10.99%,$0.02B,$0.10B,18.04%,$69,$56,$13,$0,$8,$64,$5,$-0,$5,$2,$4,$4,$4,$7,$5,$13,13,$0.28,$0.28,$27,$44,$3,$96,$31,$0,$11,$2,$47,$143,$40,$7,$4,$12,$51,$0,$0,$0,$92,$143,$4,$1,$1,$2,$5,$-8,$-3,$-1,$-7,$-2,$-1,$0,$0,$1,$0,$1,$0,$-0,$-0,$0,$-0,$-0,$-0,$-0,$0,$-1,$-3,$0,$-0
25,2012-04-30,9.43,$7.01,1.35,$19.72,0.48,$0.07,128.7,$1.04,9.07,$0.10B,$0.04B,2.2,$0.01B,$0.09B,0.08,$0.25B,$0.04B,16.14%,$0.25B,$0.02B,5.91%,$0.25B,$0.02B,5.91%,$0.25B,$0.02B,7.48%,$0.25B,$0.01B,5.51%,$0.25B,$0.01B,5.12%,$0.01B,$0.09B,15.34%,$0.01B,$0.08B,17.63%,$0.01B,$0.15B,9.77%,$0.02B,$0.10B,16.26%,$76,$62,$14,$0,$8,$70,$6,$-0,$5,$2,$3,$3,$3,$7,$6,$13,13,$0.28,$0.26,$31,$36,$2,$97,$31,$0,$11,$2,$48,$145,$44,$7,$4,$12,$56,$1,$42,$0,$89,$145,$13,$5,$-2,$3,$-5,$-7,$5,$0,$-5,$12,$-6,$0,$0,$2,$0,$2,$0,$-4,$-2,$1,$-2,$-5,$-5,$0,$0,$-7,$2,$0,$0
26,2012-01-31,7.51,$6.73,1.12,$18.41,0.41,$0.22,33.87,$1.22,6.15,$0.08B,$0.04B,2.42,$0.01B,$0.00B,0.0,$0.24B,$0.04B,15.97%,$0.24B,$0.01B,5.88%,$0.24B,$0.01B,5.88%,$0.24B,$0.02B,7.56%,$0.24B,$0.01B,5.88%,$0.24B,$0.02B,6.72%,$0.02B,$0.09B,19.39%,$0.02B,$0.07B,22.38%,$0.02B,$0.13B,12.38%,$0.01B,$0.09B,15.47%,$60,$52,$9,$0,$6,$57,$3,$-0,$3,$1,$2,$2,$2,$4,$3,$13,13,$0.14,$0.14,$24,$33,$3,$84,$30,$0,$11,$2,$48,$131,$35,$7,$4,$11,$46,$0,$0,$0,$85,$131,$10,$4,$-3,$1,$-2,$-4,$-2,$-0,$-8,$3,$-4,$0,$0,$-1,$0,$-1,$0,$-4,$-2,$1,$-2,$-5,$-5,$0,$0,$-7,$-8,$0,$0
27,2011-10-31,7.08,$6.59,1.07,$17.54,0.4,$0.35,20.26,$1.26,5.62,$0.08B,$0.03B,2.5,$0.01B,$0.00B,0.0,$0.23B,$0.04B,16.09%,$0.23B,$0.01B,6.09%,$0.23B,$0.01B,6.09%,$0.23B,$0.02B,7.83%,$0.23B,$0.01B,6.09%,$0.23B,$0.02B,6.96%,$0.02B,$0.08B,20.06%,$0.02B,$0.07B,23.27%,$0.02B,$0.13B,12.80%,$0.01B,$0.09B,15.86%,$58,$49,$9,$0,$6,$55,$3,$-0,$3,$-3,$6,$6,$6,$4,$3,$13,13,$0.49,$0.49,$24,$34,$2,$79,$30,$0,$11,$2,$48,$127,$31,$7,$4,$12,$43,$0,$0,$0,$84,$127,$8,$3,$-3,$-1,$4,$-5,$-3,$1,$-5,$3,$-2,$0,$0,$-3,$0,$-3,$0,$-5,$-2,$0,$-2,$-5,$-5,$0,$0,$-7,$-9,$0,$0
28,2011-07-31,7.35,$6.17,1.19,$16.75,0.44,$0.15,49.22,$1.07,6.87,$0.08B,$0.03B,2.44,$0.01B,$0.00B,0.0,$0.22B,$0.04B,16.29%,$0.22B,$0.01B,6.33%,$0.22B,$0.01B,6.33%,$0.22B,$0.02B,8.60%,$0.22B,$0.01B,6.33%,$0.22B,$0.01B,6.33%,$0.01B,$0.08B,18.24%,$0.01B,$0.07B,21.37%,$0.01B,$0.13B,11.55%,$0.01B,$0.09B,16.33%,$60,$51,$9,$0,$6,$57,$3,$-0,$3,$1,$2,$2,$2,$4,$3,$13,13,$0.14,$0.14,$25,$35,$3,$83,$31,$0,$11,$2,$46,$129,$34,$9,$4,$14,$48,$0,$0,$0,$81,$129,$2,$1,$1,$2,$1,$-6,$0,$-1,$-7,$-4,$-1,$0,$0,$-3,$0,$-3,$0,$-4,$-0,$0,$-0,$-1,$-1,$0,$0,$-1,$-9,$0,$0
29,2011-04-30,8.3,$6.06,1.37,$16.42,0.51,$0.26,31.57,$1.21,6.86,$0.08B,$0.04B,2.31,$0.01B,$0.08B,0.11,$0.22B,$0.04B,17.05%,$0.22B,$0.02B,6.91%,$0.22B,$0.02B,6.91%,$0.22B,$0.02B,9.68%,$0.22B,$0.02B,6.91%,$0.22B,$0.02B,7.37%,$0.02B,$0.08B,21.84%,$0.02B,$0.07B,25.81%,$0.02B,$0.13B,13.65%,$0.02B,$0.09B,18.07%,$60,$49,$11,$0,$7,$56,$5,$-0,$5,$-1,$6,$6,$6,$6,$5,$13,13,$0.46,$0.46,$31,$29,$2,$83,$30,$0,$11,$2,$47,$130,$36,$9,$4,$14,$50,$1,$29,$0,$80,$130,$16,$5,$-3,$1,$-0,$-3,$2,$-1,$-3,$15,$-6,$0,$0,$-5,$0,$-5,$0,$-11,$-1,$0,$-1,$1,$1,$0,$0,$1,$5,$0,$0
30,2011-01-31,8.23,$5.61,1.47,$16.24,0.51,$0.74,11.06,$1.17,7.03,$0.07B,$0.03B,2.63,$0.01B,$0.00B,0.0,$0.21B,$0.04B,17.29%,$0.21B,$0.02B,7.01%,$0.21B,$0.02B,7.01%,$0.21B,$0.02B,9.81%,$0.21B,$0.02B,7.01%,$0.21B,$0.02B,7.01%,$0.02B,$0.07B,21.74%,$0.02B,$0.06B,25.97%,$0.02B,$0.11B,13.27%,$0.02B,$0.08B,18.87%,$52,$43,$8,$0,$5,$49,$3,$-0,$3,$0,$2,$2,$2,$4,$3,$13,13,$0.19,$0.18,$23,$26,$2,$68,$31,$0,$11,$2,$45,$114,$26,$9,$4,$14,$40,$0,$0,$0,$74,$114,$10,$4,$-1,$2,$3,$-0,$-5,$0,$-6,$6,$-6,$0,$0,$-2,$0,$-2,$0,$-8,$-0,$0,$-0,$1,$1,$0,$0,$1,$-1,$0,$0
31,2010-10-31,8.35,$5.42,1.54,$16.46,0.51,$1.31,6.38,$1.22,6.85,$0.07B,$0.03B,2.46,$0.01B,$0.00B,0.0,$0.22B,$0.04B,18.52%,$0.22B,$0.02B,7.41%,$0.22B,$0.02B,7.41%,$0.22B,$0.02B,10.19%,$0.22B,$0.02B,7.41%,$0.22B,$0.02B,7.41%,$0.02B,$0.07B,24.71%,$0.02B,$0.06B,30.05%,$0.02B,$0.11B,14.38%,$0.02B,$0.08B,21.12%,$49,$41,$8,$0,$4,$45,$3,$-0,$3,$-1,$4,$4,$4,$5,$3,$13,13,$0.31,$0.30,$19,$29,$1,$66,$31,$0,$11,$2,$46,$112,$27,$9,$4,$14,$40,$0,$0,$0,$72,$112,$8,$2,$-1,$1,$5,$-3,$-4,$0,$-6,$3,$-5,$0,$0,$-1,$0,$-1,$0,$-6,$-0,$0,$-0,$1,$1,$0,$0,$0,$-3,$0,$0
32,2010-07-31,8.59,$5.13,1.67,$16.62,0.52,$2.20,3.91,$1.14,7.53,$0.07B,$0.03B,2.29,$0.01B,$0.00B,0.0,$0.22B,$0.04B,18.89%,$0.22B,$0.02B,7.83%,$0.22B,$0.02B,7.83%,$0.22B,$0.02B,10.14%,$0.22B,$0.02B,7.83%,$0.22B,$0.02B,6.91%,$0.02B,$0.07B,25.00%,$0.02B,$0.06B,30.77%,$0.02B,$0.11B,13.89%,$0.02B,$0.08B,23.69%,$56,$46,$10,$0,$5,$51,$4,$-0,$4,$1,$4,$4,$4,$6,$4,$13,13,$0.29,$0.28,$18,$30,$2,$69,$30,$0,$11,$2,$45,$113,$30,$11,$4,$16,$46,$0,$0,$0,$67,$113,$4,$1,$-0,$1,$1,$-4,$1,$0,$-5,$-0,$-3,$0,$0,$-1,$0,$-1,$0,$-4,$-0,$0,$-0,$0,$0,$0,$0,$0,$-4,$0,$0
33,2010-04-30,9.84,$4.83,2.04,$15.95,0.62,$2.77,3.55,$1.01,9.74,$0.07B,$0.03B,2.1,$0.01B,$0.06B,0.18,$0.21B,$0.04B,18.93%,$0.21B,$0.02B,7.77%,$0.21B,$0.02B,7.77%,$0.21B,$0.02B,9.71%,$0.21B,$0.02B,7.28%,$0.21B,$0.01B,6.31%,$0.01B,$0.06B,23.32%,$0.01B,$0.05B,29.21%,$0.01B,$0.11B,12.65%,$0.02B,$0.08B,23.70%,$57,$46,$11,$0,$6,$52,$5,$-0,$5,$-0,$5,$5,$5,$6,$5,$13,13,$0.42,$0.41,$21,$26,$2,$70,$28,$0,$11,$3,$43,$113,$33,$11,$4,$16,$50,$1,$13,$0,$63,$113,$13,$5,$1,$5,$-2,$-2,$5,$-0,$3,$22,$-7,$0,$0,$-3,$0,$-3,$0,$-10,$-6,$0,$-6,$1,$1,$0,$0,$-5,$6,$1,$0
34,2010-01-31,10.72,$4.40,2.44,$15.34,0.7,$3.65,2.93,$0.73,14.68,$0.07B,$0.03B,1.99,$0.01B,$0.00B,0.0,$0.20B,$0.04B,18.27%,$0.20B,$0.01B,7.11%,$0.20B,$0.01B,7.11%,$0.20B,$0.02B,9.14%,$0.20B,$0.01B,6.09%,$0.20B,$0.01B,5.08%,$0.01B,$0.06B,19.23%,$0.01B,$0.05B,24.69%,$0.01B,$0.11B,10.18%,$0.01B,$0.07B,21.96%,$54,$43,$11,$0,$6,$50,$4,$-0,$4,$1,$3,$3,$3,$5,$4,$13,13,$0.24,$0.23,$19,$24,$1,$66,$26,$0,$11,$3,$41,$107,$33,$12,$4,$16,$50,$0,$0,$0,$57,$107,$8,$3,$1,$5,$-3,$-0,$2,$-0,$-0,$12,$-4,$0,$0,$-3,$0,$-3,$0,$-7,$-1,$0,$-1,$0,$0,$0,$0,$-1,$4,$1,$0
35,2009-10-31,4.74,$4.13,1.15,$14.73,0.32,$4.39,1.08,$0.46,10.3,$0.06B,$0.03B,2.06,$0.01B,$0.00B,0.0,$0.19B,$0.03B,16.49%,$0.19B,$0.01B,5.85%,$0.19B,$0.01B,5.85%,$0.19B,$0.02B,7.98%,$0.19B,$0.01B,4.26%,$0.19B,$0.01B,3.72%,$0.01B,$0.05B,14.21%,$0.01B,$0.04B,18.42%,$0.01B,$0.10B,7.29%,$0.01B,$0.07B,17.32%,$50,$41,$9,$0,$5,$46,$4,$-0,$4,$1,$3,$3,$3,$5,$4,$13,13,$0.23,$0.22,$20,$22,$1,$60,$25,$0,$11,$3,$39,$99,$29,$12,$4,$16,$46,$0,$0,$0,$53,$99,$5,$2,$1,$3,$1,$2,$-1,$0,$3,$11,$-2,$0,$0,$0,$0,$0,$0,$-2,$-1,$0,$-1,$0,$0,$0,$-0,$-1,$8,$0,$0
36,2009-07-31,5.43,$3.91,1.39,$15.00,0.36,$4.14,1.31,$-2.99,0.0,$0.05B,$0.03B,2.12,$0.01B,$0.00B,0.0,$0.19B,$0.03B,13.16%,$0.19B,$0.01B,3.16%,$0.19B,$0.01B,3.16%,$0.19B,$0.01B,6.32%,$0.19B,$-0.01B,-3.16%,$0.19B,$-0.04B,-19.47%,$-0.04B,$0.05B,-77.49%,$-0.04B,$0.04B,-102.07%,$-0.04B,$0.09B,-37.37%,$0.01B,$0.06B,9.20%,$45,$38,$8,$0,$5,$43,$3,$-1,$2,$0,$2,$2,$2,$4,$3,$13,13,$0.15,$0.15,$15,$22,$3,$54,$24,$0,$11,$3,$38,$92,$25,$12,$4,$17,$42,$0,$0,$0,$50,$92,$2,$1,$1,$2,$4,$2,$-3,$-0,$1,$5,$-1,$0,$0,$0,$0,$0,$0,$-1,$-0,$0,$-0,$0,$0,$0,$-0,$-0,$4,$0,$0
37,2009-04-30,3.71,$3.76,0.99,$16.09,0.23,$4.01,0.93,$-3.08,0.0,$0.06B,$0.03B,1.84,$0.01B,$0.05B,0.24,$0.20B,$0.02B,11.76%,$0.20B,$0.01B,2.45%,$0.20B,$0.01B,2.45%,$0.20B,$0.01B,5.39%,$0.20B,$-0.01B,-3.43%,$0.20B,$-0.04B,-18.63%,$-0.04B,$0.05B,-66.67%,$-0.04B,$0.04B,-80.42%,$-0.04B,$0.10B,-34.00%,$0.01B,$0.06B,6.64%,$48,$39,$8,$0,$5,$45,$3,$-1,$2,$1,$2,$2,$2,$4,$3,$13,13,$0.14,$0.14,$12,$24,$2,$57,$24,$0,$12,$3,$39,$95,$31,$12,$4,$16,$47,$1,$-0,$0,$48,$95,$-39,$7,$42,$49,$9,$13,$-5,$0,$13,$23,$3,$0,$-11,$0,$0,$0,$0,$-9,$-7,$0,$-7,$0,$0,$0,$-0,$-7,$7,$0,$0
38,2009-01-31,1.55,$3.61,0.43,$17.33,0.09,$3.12,0.5,$-3.05,0.0,$0.06B,$0.03B,2.11,$0.02B,$0.00B,0.0,$0.22B,$0.03B,11.36%,$0.22B,$0.00B,1.82%,$0.22B,$0.00B,1.82%,$0.22B,$0.01B,5.00%,$0.22B,$-0.01B,-3.64%,$0.22B,$-0.04B,-17.27%,$-0.04B,$0.05B,-57.14%,$-0.04B,$0.04B,-64.68%,$-0.04B,$0.10B,-30.40%,$0.00B,$0.07B,4.69%,$45,$39,$6,$0,$5,$44,$1,$-1,$0,$0,$-0,$-0,$-0,$2,$1,$13,13,$-0.04,$-0.04,$16,$25,$3,$59,$25,$0,$12,$3,$39,$98,$28,$21,$2,$24,$52,$0,$0,$0,$46,$98,$-41,$6,$42,$48,$13,$11,$-11,$-0,$8,$15,$2,$0,$-11,$0,$0,$0,$0,$-9,$5,$0,$5,$0,$0,$0,$-0,$5,$11,$0,$0
39,2008-10-31,2.37,$3.68,0.65,$18.55,0.13,$2.76,0.86,$-2.94,0.0,$0.07B,$0.04B,1.91,$0.03B,$0.00B,0.0,$0.24B,$0.03B,11.06%,$0.24B,$0.01B,2.13%,$0.24B,$0.01B,2.13%,$0.24B,$0.01B,5.11%,$0.24B,$-0.01B,-2.98%,$0.24B,$-0.04B,-15.74%,$-0.04B,$0.05B,-48.68%,$-0.04B,$0.04B,-52.86%,$-0.04B,$0.11B,-26.67%,$0.01B,$0.07B,5.26%,$52,$49,$3,$0,$4,$54,$-1,$-9,$-10,$31,$-41,$-41,$-41,$2,$-1,$13,13,$-3.23,$-3.23,$9,$36,$6,$70,$27,$0,$12,$3,$41,$111,$36,$25,$2,$28,$64,$0,$0,$0,$47,$111,$-40,$5,$42,$46,$8,$1,$-3,$0,$1,$7,$-1,$0,$-11,$0,$0,$0,$0,$-13,$9,$0,$9,$0,$0,$0,$-0,$9,$4,$0,$0
40,2008-07-31,5.11,$6.90,0.74,$19.44,0.26,$2.98,1.71,$0.41,12.46,$0.07B,$0.03B,2.19,$0.01B,$0.00B,0.0,$0.25B,$0.03B,12.55%,$0.25B,$0.01B,3.64%,$0.25B,$0.01B,3.64%,$0.25B,$0.01B,5.67%,$0.25B,$0.00B,1.62%,$0.25B,$0.01B,2.43%,$0.01B,$0.09B,7.06%,$0.01B,$0.08B,7.41%,$0.01B,$0.14B,3.98%,$0.01B,$0.10B,8.72%,$59,$52,$7,$0,$5,$57,$2,$-1,$1,$0,$1,$1,$1,$3,$2,$13,13,$0.06,$0.06,$6,$35,$7,$73,$34,$0,$4,$2,$70,$143,$33,$14,$6,$22,$56,$0,$0,$0,$87,$143,$1,$1,$0,$2,$7,$1,$-4,$-0,$1,$3,$-1,$0,$0,$0,$0,$0,$0,$-1,$-1,$0,$-1,$0,$0,$0,$0,$-1,$1,$0,$0
41,2008-04-30,5.79,$6.83,0.85,$19.91,0.29,$2.85,2.03,$0.42,13.79,$0.08B,$0.04B,1.98,$0.01B,$0.09B,0.16,$0.25B,$0.03B,13.04%,$0.25B,$0.01B,3.95%,$0.25B,$0.01B,3.95%,$0.25B,$0.02B,5.93%,$0.25B,$0.00B,1.58%,$0.25B,$0.01B,2.37%,$0.01B,$0.09B,7.19%,$0.01B,$0.08B,7.55%,$0.01B,$0.15B,3.91%,$0.01B,$0.10B,9.66%,$64,$55,$9,$0,$7,$62,$2,$-1,$1,$-1,$2,$2,$2,$4,$2,$13,13,$0.17,$0.16,$5,$35,$7,$79,$33,$0,$4,$2,$69,$148,$40,$14,$6,$22,$62,$1,$38,$-0,$86,$148,$5,$6,$0,$6,$2,$5,$-1,$0,$5,$16,$-2,$0,$0,$0,$0,$0,$0,$-2,$-17,$-3,$-20,$0,$0,$0,$0,$-19,$-5,$1,$0
42,2008-01-31,5.62,$6.66,0.84,$21.04,0.27,$2.65,2.12,$0.26,21.61,$0.09B,$0.04B,2.08,$0.02B,$0.00B,0.0,$0.26B,$0.03B,12.98%,$0.26B,$0.01B,4.20%,$0.26B,$0.01B,4.20%,$0.26B,$0.02B,6.11%,$0.26B,$0.00B,1.15%,$0.26B,$0.00B,1.53%,$0.00B,$0.08B,4.89%,$0.00B,$0.08B,5.14%,$0.00B,$0.15B,2.56%,$0.01B,$0.11B,10.60%,$60,$54,$7,$0,$5,$59,$2,$-1,$1,$-0,$1,$1,$1,$3,$2,$13,13,$0.07,$0.07,$16,$38,$6,$89,$32,$0,$4,$2,$65,$153,$43,$22,$4,$27,$69,$0,$0,$0,$84,$153,$3,$5,$1,$5,$6,$3,$-4,$1,$6,$15,$-2,$0,$0,$0,$0,$0,$0,$-2,$-8,$0,$-8,$0,$0,$0,$0,$-8,$5,$1,$0
43,2007-10-31,7.25,$6.58,1.1,$21.02,0.34,$2.08,3.48,0,0.0,$0.09B,$0.05B,1.8,$0.02B,$0.00B,0.0,$0.26B,$0.03B,12.40%,$0.26B,$0.01B,2.71%,$0.26B,$0.01B,2.71%,$0.26B,$0.01B,5.43%,$0.26B,$-0.00B,-0.78%,$0.26B,$0.00B,0.39%,$0.00B,$0.08B,1.24%,$0.00B,$0.08B,1.31%,$0.00B,$0.16B,0.63%,$0.01B,$0.11B,6.51%,$64,$56,$8,$0,$6,$62,$3,$-1,$1,$-0,$2,$2,$2,$4,$3,$13,13,$0.12,$0.12,$17,$42,$2,$89,$38,$0,$4,$2,$70,$159,$49,$22,$4,$26,$76,$0,$0,$0,$83,$159,$2,$3,$1,$4,$7,$-1,$-2,$1,$4,$10,$-1,$0,$0,$0,$0,$0,$0,$-1,$-4,$1,$-2,$0,$0,$0,$0,$-2,$7,$0,$0
44,2007-07-31,9.92,$6.44,1.54,$21.05,0.47,$1.50,6.61,$-0.05,0.0,$0.08B,$0.05B,1.79,$0.02B,$0.00B,0.0,$0.25B,$0.03B,12.65%,$0.25B,$0.01B,2.37%,$0.25B,$0.01B,2.37%,$0.25B,$0.01B,5.14%,$0.25B,$-0.00B,-0.79%,$0.25B,0,0.00%,$0.00B,$0.08B,0.00%,$0.00B,$0.08B,0.00%,$0.00B,$0.15B,0.00%,$0.01B,$0.10B,5.45%,$65,$56,$9,$0,$6,$62,$3,$-1,$1,$0,$1,$1,$1,$4,$3,$13,13,$0.07,$0.07,$9,$42,$4,$84,$37,$0,$4,$3,$70,$154,$47,$22,$4,$26,$73,$0,$0,$0,$81,$154,$1,$2,$-0,$1,$5,$-2,$-5,$-0,$-1,$1,$-0,$0,$0,$0,$0,$0,$0,$-0,$-2,$0,$-2,$0,$0,$0,$0,$-2,$-1,$0,$0
45,2007-04-30,7.42,$6.29,1.18,$21.24,0.35,$1.39,5.32,$-0.11,0.0,$0.09B,$0.06B,1.53,$0.02B,$0.08B,0.28,$0.25B,$0.03B,12.35%,$0.25B,$0.00B,1.59%,$0.25B,$0.00B,1.59%,$0.25B,$0.01B,4.78%,$0.25B,$-0.00B,-1.20%,$0.25B,$-0.00B,-0.40%,$-0.00B,$0.08B,-1.29%,$-0.00B,$0.08B,-1.37%,$-0.00B,$0.16B,-0.63%,$0.00B,$0.10B,3.54%,$73,$63,$10,$0,$8,$71,$3,$-3,$-0,$-0,$-0,$-0,$-0,$5,$3,$12,12,$0.00,$0.00,$10,$41,$4,$90,$38,$0,$4,$3,$70,$160,$59,$22,$0,$22,$81,$1,$32,$-0,$79,$160,$-1,$8,$-3,$5,$-0,$1,$3,$2,$7,$11,$-0,$0,$-3,$0,$0,$0,$0,$-3,$-11,$3,$-8,$0,$0,$0,$0,$-8,$0,$1,$0
46,2007-01-31,5.31,$6.29,0.85,$21.21,0.25,$1.16,4.57,$-0.24,0.0,$0.09B,$0.04B,2.31,$0.04B,$0.00B,0.0,$0.25B,$0.03B,11.65%,$0.25B,$0.00B,0.80%,$0.25B,$0.00B,0.80%,$0.25B,$0.01B,4.02%,$0.25B,$-0.01B,-2.81%,$0.25B,$-0.00B,-1.20%,$-0.00B,$0.08B,-3.93%,$-0.00B,$0.08B,-4.17%,$-0.00B,$0.16B,-1.89%,$0.00B,$0.12B,1.72%,$56,$51,$5,$0,$6,$57,$-2,$-2,$-4,$-1,$-2,$-2,$-2,$1,$-2,$12,12,$-0.19,$-0.19,$11,$43,$4,$88,$41,$0,$4,$3,$71,$159,$38,$42,$0,$42,$80,$0,$0,$0,$79,$159,$-1,$6,$-3,$3,$5,$-1,$-3,$1,$3,$4,$1,$-3,$0,$0,$0,$0,$0,$-2,$-2,$0,$-2,$0,$0,$0,$0,$-2,$1,$0,$0
47,2006-10-31,4.28,$6.49,0.66,$21.76,0.2,$1.05,4.07,$-0.24,0.0,$0.09B,$0.04B,2.08,$0.04B,$0.00B,0.0,$0.25B,$0.03B,11.02%,$0.25B,$0.00B,0.79%,$0.25B,$0.00B,0.79%,$0.25B,$0.01B,3.94%,$0.25B,$-0.01B,-2.36%,$0.25B,$-0.00B,-1.18%,$-0.00B,$0.08B,-3.97%,$-0.00B,$0.07B,-4.21%,$-0.00B,$0.16B,-1.87%,$0.00B,$0.12B,1.71%,$59,$51,$8,$0,$6,$57,$2,$-1,$1,$-0,$1,$1,$1,$3,$2,$12,12,$0.07,$0.07,$10,$44,$3,$88,$42,$0,$4,$1,$70,$158,$42,$40,$0,$40,$82,$0,$0,$0,$76,$158,$1,$3,$-2,$1,$6,$-8,$-2,$-0,$-2,$-0,$1,$0,$0,$0,$0,$0,$0,$1,$-1,$0,$-1,$0,$0,$0,$0,$-1,$-0,$0,$0
