,Date,Stock Price,Book Value per Share,Price to Book Ratio,TTM Sales per Share,Price to Sales Ratio,TTM FCF per Share,Price to FCF Ratio,TTM Net EPS,PE Ratio,Current Assets,Current Liabilities,Current Ratio,Long Term Debt,Shareholder's Equity_x,Debt to Equity Ratio,TTM Revenue_x,TTM Gross Profit,Gross Margin,TTM Revenue_y,TTM Operating Income,Operating Margin,TTM Revenue_x,TTM EBIT,EBIT Margin,TTM Revenue_y,TTM EBITDA,EBITDA Margin,TTM Revenue_x,TTM Pre-Tax Income,Pre-Tax Margin,TTM Revenue_y,TTM Net Income_x,Net Margin,TTM Net Income_y,Shareholder's Equity_y,Return on Equity,TTM Net Income_x,Tangible Equity,Return on Tangible Equity,TTM Net Income_y,Total Assets,Return on Assets,TTM Net Income,LT Investments & Debt,Return on Investment,revenue,cost-goods-sold,gross-profit,research-development-expenses,selling-general-administrative-expenses,operating-expenses,operating-income,total-non-operating-income-expense,pre-tax-income,total-provision-income-taxes,income-after-taxes,income-from-continuous-operations,net-income,ebitda,ebit,basic-shares-outstanding,shares-outstanding,eps-basic-net-earnings-per-share,eps-earnings-per-share-diluted,cash-on-hand,inventory,other-current-assets,total-current-assets,net-property-plant-equipment,long-term-investments,goodwill-intangible-assets-total,other-long-term-assets,total-long-term-assets,total-assets,total-current-liabilities,long-term-debt,other-non-current-liabilities,total-long-term-liabilities,total-liabilities,common-stock-net,retained-earnings-accumulated-deficit,comprehensive-income,total-share-holder-equity,total-liabilities-share-holders-equity,net-income-loss,total-depreciation-amortization-cash-flow,other-non-cash-items,total-non-cash-items,change-in-accounts-receivable,change-in-inventories,change-in-accounts-payable,change-in-assets-liabilities,total-change-in-assets-liabilities,cash-flow-from-operating-activities,net-change-in-property-plant-equipment,net-change-in-intangible-assets,net-acquisitions-divestitures,net-change-in-short-term-investments,net-change-in-long-term-investments,net-change-in-investments-total,investing-activities-other,cash-flow-from-investing-activities,net-long-term-debt,net-current-debt,debt-issuance-retirement-net-total,net-common-equity-issued-repurchased,net-total-equity-issued-repurchased,total-common-preferred-stock-dividends-paid,financial-activities-other,cash-flow-from-financial-activities,net-cash-flow,stock-based-compensation,common-stock-dividends-paid
0,2018-09-30,1.07,$0.29,3.63,$0.04,29.45,$-1.84,0.0,$-0.38,0.0,$0.01B,$0.00B,5.49,$0.00B,$0.00B,0.0,$0.00B,0,nan%,$0.00B,$-0.01B,inf%,$0.00B,$-0.01B,inf%,$0.00B,$-0.01B,inf%,$0.00B,$-0.01B,inf%,$0.00B,$-0.01B,inf%,$-0.01B,$0.00B,-123.08%,$-0.01B,$0.00B,-123.08%,$-0.01B,$0.01B,-74.42%,$-0.01B,$0.00B,-123.08%,$0,$0,$0,$1,$1,$2,$-2,$0,$-2,$0,$-2,$-2,$-2,$-2,$-2,$15,15,$-0.12,$-0.12,$6,$0,$0,$7,$0,$0,$0,$1,$1,$8,$1,$0,$2,$2,$3,$0,$-213,$0,$4,$8,$-5,$0,$-1,$-1,$0,$0,$0,$-0,$-0,$-6,$0,$0,$0,$5,$0,$5,$0,$5,$0,$0,$0,$0,$0,$0,$0,$0,$-1,$1,$0
1,2018-06-30,1.11,$0.41,2.73,$0.04,30.54,$-2.23,0.0,$-0.56,0.0,$0.01B,$0.00B,10.33,$0.00B,$0.01B,0.0,$0.00B,0,nan%,$0.00B,$-0.01B,inf%,$0.00B,$-0.01B,inf%,$0.00B,$-0.01B,inf%,$0.00B,$-0.01B,inf%,$0.00B,$-0.01B,inf%,$-0.01B,$0.01B,-70.59%,$-0.01B,$0.01B,-70.59%,$-0.01B,$0.01B,-47.06%,$-0.01B,$0.01B,-105.88%,$0,$0,$0,$1,$1,$2,$-2,$1,$-1,$0,$-1,$-1,$-1,$-2,$-2,$15,15,$-0.04,$-0.04,$7,$0,$0,$8,$0,$0,$0,$1,$1,$9,$1,$0,$2,$2,$3,$0,$-211,$0,$6,$9,$-3,$0,$-1,$-1,$-0,$0,$0,$0,$-1,$-4,$0,$0,$0,$5,$0,$5,$0,$5,$0,$-0,$-0,$0,$0,$0,$0,$-0,$0,$0,$0
2,2018-03-31,1.65,$0.44,3.79,$0.02,83.0,$-2.59,0.0,$-0.91,0.0,$0.01B,$0.00B,7.98,$0.00B,$0.01B,0.0,$0.00B,0,nan%,$0.00B,$-0.01B,inf%,$0.00B,$-0.01B,inf%,$0.00B,$-0.01B,inf%,$0.00B,$-0.01B,inf%,$0.00B,$-0.01B,inf%,$-0.01B,$0.01B,-111.11%,$-0.01B,$0.01B,-111.11%,$-0.01B,$0.01B,-72.73%,$-0.01B,$0.01B,-122.22%,$0,$0,$0,$1,$1,$2,$-2,$0,$-2,$0,$-2,$-2,$-2,$-2,$-2,$15,15,$-0.14,$-0.14,$10,$0,$0,$10,$0,$0,$0,$1,$1,$12,$1,$0,$4,$4,$5,$0,$-211,$0,$7,$12,$-2,$0,$0,$0,$0,$0,$0,$0,$0,$-2,$0,$0,$0,$5,$0,$5,$0,$5,$0,$-0,$-0,$0,$0,$0,$0,$-0,$3,$0,$0
3,2017-12-31,1.72,$0.56,3.06,$0.02,86.26,$-2.87,0.0,$-1.45,0.0,$0.01B,$0.00B,8.22,$0.00B,$0.01B,0.0,$0.00B,0,nan%,$0.00B,$-0.01B,inf%,$0.00B,$-0.01B,inf%,$0.00B,$-0.01B,inf%,$0.00B,$-0.02B,inf%,$0.00B,$-0.02B,inf%,$-0.02B,$0.01B,-164.10%,$-0.02B,$0.01B,-164.10%,$-0.02B,$0.01B,-103.23%,$-0.01B,$0.01B,-133.33%,$0,$0,$0,$1,$1,$3,$-2,$-1,$-3,$0,$-3,$-3,$-3,$-2,$-2,$13,13,$-0.12,$0.05,$12,$0,$0,$12,$0,$0,$0,$1,$1,$14,$2,$0,$4,$4,$5,$0,$-209,$0,$9,$14,$-16,$0,$4,$4,$-0,$0,$0,$0,$-2,$-13,$-0,$0,$0,$0,$0,$0,$-0,$-0,$-4,$0,$-4,$9,$9,$0,$0,$5,$-9,$2,$0
4,2017-09-30,1.32,$0.76,1.73,$0.00,0.0,$-3.72,0.0,$-1.25,0.0,$0.02B,$0.00B,8.02,$0.00B,$0.01B,0.0,$0.00B,0,nan%,$0.00B,$-0.02B,inf%,$0.00B,$-0.02B,inf%,$0.00B,$-0.02B,inf%,$0.00B,$-0.02B,inf%,$0.00B,$-0.02B,inf%,$-0.02B,$0.01B,-175.61%,$-0.02B,$0.01B,-175.61%,$-0.02B,$0.02B,-101.41%,$-0.02B,$0.01B,-165.85%,$0,$0,$0,$1,$1,$3,$-3,$2,$-0,$0,$-0,$-0,$-0,$-3,$-3,$14,14,$-0.01,$-0.18,$14,$0,$0,$15,$0,$0,$0,$1,$1,$16,$2,$0,$3,$3,$5,$0,$-205,$0,$12,$16,$-12,$0,$3,$3,$-0,$0,$0,$-1,$-2,$-11,$-0,$0,$0,$0,$0,$0,$-0,$-0,$-4,$0,$-4,$9,$9,$0,$0,$5,$-6,$2,$0
5,2017-06-30,5.79,$0.64,9.04,$0.00,0.0,$-4.25,0.0,$-1.72,0.0,$0.01B,$0.00B,5.07,$0.00B,$0.01B,0.0,$0.00B,0,nan%,$0.00B,$-0.02B,inf%,$0.00B,$-0.02B,inf%,$0.00B,$-0.02B,inf%,$0.00B,$-0.02B,inf%,$0.00B,$-0.02B,inf%,$-0.02B,$0.01B,-368.00%,$-0.02B,$0.01B,-368.00%,$-0.02B,$0.01B,-146.03%,$-0.02B,$0.01B,-304.00%,$0,$0,$0,$3,$2,$4,$-4,$-0,$-5,$0,$-5,$-5,$-5,$-4,$-4,$12,12,$-0.39,$-0.39,$11,$0,$0,$12,$0,$0,$0,$1,$2,$13,$2,$0,$3,$3,$6,$0,$-205,$0,$8,$13,$-12,$0,$5,$5,$0,$0,$0,$0,$-1,$-8,$-0,$0,$0,$0,$0,$0,$-0,$-0,$-4,$-0,$-4,$3,$3,$0,$0,$-1,$-9,$1,$0
6,2017-03-31,5.28,$0.83,6.34,$0.00,0.0,$-4.48,0.0,$-1.85,0.0,$0.02B,$0.01B,3.4,$0.00B,$0.01B,0.0,$0.00B,0,nan%,$0.00B,$-0.02B,inf%,$0.00B,$-0.02B,inf%,$0.00B,$-0.02B,inf%,$0.00B,$-0.02B,inf%,$0.00B,$-0.02B,inf%,$-0.02B,$0.01B,-488.89%,$-0.02B,$0.01B,-488.89%,$-0.02B,$0.02B,-139.68%,$-0.02B,$0.01B,-422.22%,$0,$0,$0,$3,$1,$4,$-4,$-3,$-8,$0,$-8,$-8,$-8,$-4,$-4,$11,11,$-0.68,$-0.68,$17,$0,$0,$17,$0,$0,$0,$1,$2,$19,$5,$0,$4,$4,$9,$0,$-201,$0,$10,$19,$-8,$0,$4,$4,$-0,$0,$0,$0,$-1,$-4,$0,$0,$0,$0,$0,$0,$0,$0,$-1,$-0,$-1,$2,$2,$0,$-0,$1,$-4,$1,$0
7,2016-12-31,3.55,$1.03,3.46,$0.00,0.0,$-4.57,0.0,$-2.08,0.0,$0.02B,$0.01B,2.85,$0.00B,$0.01B,0.0,$0.00B,0,nan%,$0.00B,$-0.02B,inf%,$0.00B,$-0.02B,inf%,$0.00B,$-0.02B,inf%,$0.00B,$-0.02B,inf%,$0.00B,$-0.02B,inf%,$-0.02B,$0.01B,-1050.00%,$-0.02B,$0.01B,-1050.00%,$-0.02B,$0.02B,-155.56%,$-0.02B,$0.01B,-840.00%,$0,$0,$0,$4,$2,$6,$-6,$0,$-5,$0,$-5,$-5,$-5,$-6,$-6,$8,8,$-0.54,$-0.54,$20,$0,$0,$21,$0,$0,$0,$1,$2,$23,$7,$0,$4,$4,$11,$0,$-193,$0,$11,$23,$-21,$1,$3,$4,$0,$0,$0,$-0,$2,$-16,$-0,$0,$0,$3,$0,$3,$-0,$2,$-5,$0,$-4,$28,$28,$0,$0,$24,$10,$3,$0
8,2016-09-30,4.16,$-0.43,-9.7,$0.00,0.0,$-5.42,0.0,$-2.73,0.0,$0.01B,$0.01B,0.85,$0.00B,$-0.00B,0.0,$0.00B,0,nan%,$0.00B,$-0.02B,inf%,$0.00B,$-0.02B,inf%,$0.00B,$-0.02B,inf%,$0.00B,$-0.02B,inf%,$0.00B,$-0.02B,inf%,$-0.02B,$-0.00B,-4200.00%,$-0.02B,$-0.00B,-4200.00%,$-0.02B,$0.01B,-182.61%,$-0.02B,$-0.00B,-1085.71%,$0,$0,$0,$4,$1,$5,$-5,$-0,$-5,$0,$-5,$-5,$-5,$-5,$-5,$9,9,$-0.59,$-0.59,$6,$0,$0,$7,$0,$0,$0,$1,$2,$8,$8,$0,$4,$4,$12,$1,$-188,$0,$-4,$8,$-16,$1,$3,$4,$0,$0,$0,$-1,$0,$-12,$-0,$0,$0,$8,$0,$8,$-0,$7,$-3,$0,$-3,$8,$8,$0,$0,$5,$1,$3,$0
9,2016-06-30,3.78,$0.09,39.91,$0.00,0.0,$-6.26,0.0,$-2.86,0.0,$0.01B,$0.01B,1.38,$0.00B,$0.00B,0.0,$0.00B,0,nan%,$0.00B,$-0.02B,inf%,$0.00B,$-0.02B,inf%,$0.00B,$-0.02B,inf%,$0.00B,$-0.02B,inf%,$0.00B,$-0.02B,inf%,$-0.02B,$0.00B,-586.67%,$-0.02B,$0.00B,-586.67%,$-0.02B,$0.01B,-149.15%,$-0.02B,$0.00B,-304.00%,$0,$0,$0,$2,$1,$4,$-4,$-0,$-4,$0,$-4,$-4,$-4,$-4,$-4,$8,8,$-0.47,$-0.47,$11,$0,$0,$12,$0,$0,$0,$1,$1,$13,$9,$0,$4,$4,$12,$1,$-182,$0,$1,$13,$-10,$0,$2,$2,$0,$0,$0,$0,$1,$-7,$-0,$0,$0,$8,$0,$8,$-0,$7,$-2,$0,$-2,$8,$8,$0,$0,$6,$6,$2,$0
10,2016-03-31,9.75,$-0.02,-407.95,$0.00,0.0,$-6.76,0.0,$-3.12,0.0,$0.01B,$0.01B,1.15,$0.00B,$0.00B,-15.03,$0.00B,0,nan%,$0.00B,$-0.02B,inf%,$0.00B,$-0.02B,inf%,$0.00B,$-0.02B,inf%,$0.00B,$-0.02B,inf%,$0.00B,$-0.02B,inf%,$-0.02B,$0.00B,-317.24%,$-0.02B,$0.00B,-317.24%,$-0.02B,$0.01B,-127.78%,$-0.02B,$0.00B,-181.82%,$0,$0,$0,$3,$3,$6,$-6,$-0,$-7,$0,$-7,$-7,$-7,$-6,$-6,$7,7,$-0.93,$-0.93,$8,$0,$0,$9,$0,$0,$0,$1,$1,$10,$8,$3,$0,$3,$10,$1,$-179,$0,$-0,$10,$-7,$0,$1,$2,$-0,$0,$0,$0,$1,$-3,$-0,$0,$0,$8,$0,$8,$-0,$7,$-1,$0,$-1,$0,$0,$0,$0,$-1,$3,$1,$0
11,2015-12-31,13.39,$0.70,19.08,$0.00,0.0,$-6.95,0.0,$-2.99,0.0,$0.01B,$0.01B,2.09,$0.00B,$0.01B,0.68,$0.00B,0,nan%,$0.00B,$-0.02B,inf%,$0.00B,$-0.02B,inf%,$0.00B,$-0.02B,inf%,$0.00B,$-0.02B,inf%,$0.00B,$-0.02B,inf%,$-0.02B,$0.01B,-175.00%,$-0.02B,$0.01B,-175.00%,$-0.02B,$0.02B,-90.32%,$-0.02B,$0.01B,-111.76%,$0,$0,$0,$3,$2,$4,$-4,$-0,$-5,$0,$-5,$-5,$-5,$-4,$-4,$7,7,$-0.65,$-0.65,$12,$0,$0,$13,$0,$0,$0,$1,$2,$15,$6,$3,$0,$4,$10,$0,$-172,$0,$5,$15,$-21,$1,$3,$4,$0,$0,$0,$-1,$-2,$-19,$-0,$0,$0,$7,$0,$7,$-0,$7,$-1,$-0,$-1,$6,$6,$0,$-1,$4,$-8,$3,$0
12,2015-09-30,15.86,$1.26,12.57,$0.00,0.0,$-6.00,0.0,$-3.12,0.0,$0.02B,$0.01B,2.62,$0.01B,$0.01B,0.52,$0.00B,0,nan%,$0.00B,$-0.02B,inf%,$0.00B,$-0.02B,inf%,$0.00B,$-0.02B,inf%,$0.00B,$-0.02B,inf%,$0.00B,$-0.02B,inf%,$-0.02B,$0.01B,-144.26%,$-0.02B,$0.01B,-144.26%,$-0.02B,$0.02B,-81.48%,$-0.02B,$0.01B,-93.02%,$0,$0,$0,$3,$2,$5,$-5,$-0,$-6,$0,$-6,$-6,$-6,$-5,$-5,$7,7,$-0.78,$-0.78,$18,$0,$0,$20,$0,$0,$0,$1,$2,$21,$7,$5,$0,$5,$12,$1,$-167,$0,$9,$21,$-16,$1,$2,$3,$0,$0,$0,$-1,$-2,$-15,$-0,$0,$0,$10,$0,$10,$-0,$10,$0,$-0,$-0,$6,$6,$0,$-0,$6,$1,$2,$0
13,2015-06-30,25.22,$2.09,12.05,$0.00,0.0,$-5.09,0.0,$-2.99,0.0,$0.03B,$0.01B,4.18,$0.01B,$0.02B,0.4,$0.00B,0,nan%,$0.00B,$-0.02B,inf%,$0.00B,$-0.02B,inf%,$0.00B,$-0.02B,inf%,$0.00B,$-0.02B,inf%,$0.00B,$-0.02B,inf%,$-0.02B,$0.02B,-109.59%,$-0.02B,$0.02B,-109.59%,$-0.02B,$0.03B,-68.97%,$-0.02B,$0.02B,-79.17%,$0,$0,$0,$3,$2,$5,$-5,$-0,$-5,$0,$-5,$-5,$-5,$-5,$-5,$7,7,$-0.78,$-0.78,$24,$0,$0,$25,$0,$0,$0,$1,$2,$26,$6,$6,$0,$6,$12,$1,$-162,$0,$15,$26,$-11,$1,$1,$2,$0,$0,$0,$-1,$-1,$-10,$-0,$-0,$0,$-0,$0,$-0,$0,$-0,$0,$-0,$-0,$6,$6,$0,$-0,$6,$-4,$1,$0
14,2015-03-31,24.7,$2.79,8.86,$0.00,0.0,$-4.50,0.0,$-3.25,0.0,$0.03B,$0.00B,6.72,$0.01B,$0.02B,0.36,$0.00B,0,nan%,$0.00B,$-0.02B,inf%,$0.00B,$-0.02B,inf%,$0.00B,$-0.02B,inf%,$0.00B,$-0.02B,inf%,$0.00B,$-0.02B,inf%,$-0.02B,$0.02B,-107.32%,$-0.02B,$0.02B,-107.32%,$-0.02B,$0.03B,-71.54%,$-0.02B,$0.03B,-69.90%,$0,$0,$0,$3,$1,$5,$-5,$-0,$-5,$0,$-5,$-5,$-5,$-4,$-5,$7,7,$-0.78,$-0.78,$29,$0,$0,$29,$0,$0,$0,$1,$2,$31,$4,$7,$0,$7,$11,$1,$-156,$0,$19,$31,$-5,$0,$1,$1,$0,$0,$0,$-0,$-1,$-5,$-0,$0,$0,$-0,$0,$-0,$-0,$-0,$0,$-0,$-0,$6,$6,$0,$-0,$6,$1,$1,$0
15,2014-12-31,35.36,$2.62,13.47,$0.00,0.0,$-4.24,0.0,$-3.38,0.0,$0.03B,$0.00B,7.03,$0.01B,$0.02B,0.46,$0.00B,0,nan%,$0.00B,$-0.02B,inf%,$0.00B,$-0.02B,inf%,$0.00B,$-0.02B,inf%,$0.00B,$-0.02B,inf%,$0.00B,$-0.02B,inf%,$-0.02B,$0.02B,-102.22%,$-0.02B,$0.02B,-102.22%,$-0.02B,$0.03B,-71.88%,$-0.02B,$0.03B,-66.67%,$0,$0,$0,$3,$2,$5,$-5,$-1,$-6,$0,$-6,$-6,$-6,$-4,$-5,$7,7,$-0.78,$-0.78,$28,$0,$0,$28,$0,$0,$0,$1,$2,$30,$4,$8,$0,$8,$12,$1,$-151,$0,$18,$30,$-23,$1,$8,$9,$-0,$0,$0,$0,$2,$-12,$-0,$0,$0,$-15,$0,$-15,$-0,$-16,$2,$-0,$2,$21,$21,$0,$-0,$23,$-4,$4,$0
16,2014-09-30,42.64,$3.12,13.67,$0.00,0.0,$-4.39,0.0,$-3.12,0.0,$0.03B,$0.01B,4.86,$0.00B,$0.02B,0.13,$0.00B,0,nan%,$0.00B,$-0.02B,inf%,$0.00B,$-0.02B,inf%,$0.00B,$-0.01B,inf%,$0.00B,$-0.02B,inf%,$0.00B,$-0.02B,inf%,$-0.02B,$0.02B,-100.00%,$-0.02B,$0.02B,-100.00%,$-0.02B,$0.03B,-68.38%,$-0.02B,$0.02B,-67.37%,$0,$0,$0,$2,$2,$4,$-4,$-0,$-4,$0,$-4,$-4,$-4,$-4,$-4,$7,7,$-0.65,$-0.65,$27,$0,$0,$28,$0,$0,$0,$1,$2,$29,$6,$3,$0,$3,$9,$1,$-146,$0,$21,$29,$-17,$1,$7,$8,$-0,$0,$0,$0,$1,$-8,$-0,$0,$0,$-15,$0,$-15,$-0,$-15,$-2,$-0,$-2,$21,$21,$0,$-0,$19,$-5,$4,$0
17,2014-06-30,54.86,$3.60,15.25,$0.00,0.0,$-4.61,0.0,$-3.64,0.0,$0.03B,$0.01B,6.18,$0.00B,$0.02B,0.14,$0.00B,0,nan%,$0.00B,$-0.02B,inf%,$0.00B,$-0.02B,inf%,$0.00B,$-0.01B,inf%,$0.00B,$-0.02B,inf%,$0.00B,$-0.02B,inf%,$-0.02B,$0.02B,-137.31%,$-0.02B,$0.02B,-137.31%,$-0.02B,$0.03B,-85.98%,$-0.02B,$0.03B,-75.29%,$0,$0,$0,$2,$2,$4,$-4,$-3,$-7,$0,$-7,$-7,$-7,$-3,$-4,$7,7,$-1.04,$-1.04,$30,$0,$0,$31,$0,$0,$0,$1,$2,$33,$5,$3,$0,$4,$9,$1,$-141,$0,$24,$33,$-13,$1,$6,$7,$-0,$0,$0,$0,$1,$-5,$-0,$0,$0,$-15,$0,$-15,$-0,$-15,$-1,$-0,$-2,$21,$21,$0,$-0,$19,$-2,$3,$0
18,2014-03-31,54.47,$4.03,13.5,$0.00,0.0,$-4.92,0.0,$-3.77,0.0,$0.03B,$0.01B,7.3,$0.00B,$0.03B,0.16,$0.00B,0,nan%,$0.00B,$-0.02B,inf%,$0.00B,$-0.02B,inf%,$0.00B,$-0.01B,inf%,$0.00B,$-0.02B,inf%,$0.00B,$-0.02B,inf%,$-0.02B,$0.03B,-187.23%,$-0.02B,$0.03B,-187.23%,$-0.02B,$0.04B,-100.00%,$-0.02B,$0.03B,-86.96%,$0,$0,$0,$2,$4,$5,$-5,$-1,$-6,$0,$-6,$-6,$-6,$-5,$-5,$7,7,$-0.91,$-0.91,$33,$0,$0,$34,$0,$0,$0,$1,$2,$36,$5,$4,$0,$4,$9,$1,$-134,$0,$27,$36,$-6,$0,$3,$3,$-0,$0,$0,$-0,$0,$-3,$-0,$0,$0,$-15,$0,$-15,$-0,$-15,$-1,$0,$-1,$21,$21,$0,$-0,$19,$1,$2,$0
19,2013-12-31,37.83,$1.41,26.92,$0.02,1822.08,$-4.97,0.0,$-3.51,0.0,$0.02B,$0.01B,2.97,$0.01B,$0.01B,0.59,$0.00B,0,nan%,$0.00B,$-0.01B,inf%,$0.00B,$-0.01B,inf%,$0.00B,$-0.01B,inf%,$0.00B,$-0.02B,inf%,$0.00B,$-0.02B,inf%,$-0.02B,$0.01B,-307.69%,$-0.02B,$0.01B,-307.69%,$-0.02B,$0.02B,-119.40%,$-0.01B,$0.01B,-101.96%,$0,$0,$0,$2,$1,$3,$-3,$-1,$-3,$0,$-3,$-3,$-3,$-2,$-3,$6,6,$-0.52,$-0.52,$17,$0,$0,$18,$0,$0,$0,$1,$2,$19,$6,$5,$0,$5,$11,$1,$-128,$0,$8,$19,$-20,$1,$8,$9,$-0,$0,$0,$0,$-0,$-11,$-0,$0,$0,$0,$0,$0,$-0,$-1,$8,$-0,$7,$13,$13,$0,$0,$21,$9,$2,$0
20,2013-09-30,35.23,$1.40,25.12,$0.02,1687.97,$-4.94,0.0,$-3.38,0.0,$0.02B,$0.01B,3.37,$0.01B,$0.01B,0.69,$0.00B,0,nan%,$0.00B,$-0.01B,inf%,$0.00B,$-0.01B,inf%,$0.00B,$-0.01B,inf%,$0.00B,$-0.02B,inf%,$0.00B,$-0.02B,inf%,$-0.02B,$0.01B,-320.00%,$-0.02B,$0.01B,-320.00%,$-0.02B,$0.02B,-140.35%,$-0.01B,$0.01B,-115.56%,$0,$0,$0,$2,$2,$4,$-4,$-3,$-7,$0,$-7,$-7,$-7,$-3,$-4,$6,6,$-1.17,$-1.17,$16,$0,$0,$17,$0,$0,$0,$1,$2,$19,$5,$6,$0,$6,$11,$1,$-125,$0,$8,$19,$-17,$1,$8,$9,$0,$0,$0,$0,$-0,$-8,$-0,$0,$0,$0,$0,$0,$-0,$-0,$8,$-0,$7,$10,$10,$0,$-0,$18,$9,$2,$0
21,2013-06-30,19.37,$0.81,23.83,$0.06,331.22,$-4.81,0.0,$-2.73,0.0,$0.01B,$0.00B,3.98,$0.01B,$0.00B,1.44,$0.00B,0,nan%,$0.00B,$-0.01B,inf%,$0.00B,$-0.01B,inf%,$0.00B,$-0.01B,inf%,$0.00B,$-0.02B,inf%,$0.00B,$-0.02B,inf%,$-0.02B,$0.00B,-246.15%,$-0.02B,$0.00B,-246.15%,$-0.02B,$0.01B,-130.61%,$-0.01B,$0.01B,-120.00%,$0,$0,$0,$2,$1,$3,$-3,$-3,$-6,$0,$-6,$-6,$-6,$-3,$-3,$5,5,$-1.17,$-1.17,$11,$0,$0,$12,$0,$0,$0,$1,$2,$14,$3,$6,$0,$6,$9,$1,$-118,$0,$4,$14,$-10,$0,$4,$5,$-0,$0,$0,$0,$-1,$-6,$-0,$0,$0,$0,$0,$0,$-0,$-0,$8,$-0,$7,$2,$2,$0,$-0,$10,$4,$1,$0
22,2013-03-31,14.56,$1.08,13.53,$0.08,189.6,$-4.81,0.0,$-2.08,0.0,$0.01B,$0.00B,5.1,$0.01B,$0.01B,1.24,$0.00B,0,nan%,$0.00B,$-0.01B,inf%,$0.00B,$-0.01B,inf%,$0.00B,$-0.01B,inf%,$0.00B,$-0.01B,inf%,$0.00B,$-0.01B,inf%,$-0.01B,$0.01B,-200.00%,$-0.01B,$0.01B,-200.00%,$-0.01B,$0.02B,-123.08%,$-0.01B,$0.01B,-141.94%,$0,$0,$0,$2,$1,$3,$-3,$-1,$-4,$0,$-4,$-4,$-4,$-3,$-3,$5,5,$-0.65,$-0.65,$13,$0,$0,$14,$0,$0,$0,$1,$2,$15,$3,$7,$0,$7,$10,$1,$-112,$0,$6,$15,$-4,$0,$1,$1,$0,$0,$0,$-0,$-0,$-3,$-0,$0,$0,$0,$0,$0,$-0,$-0,$8,$0,$8,$0,$0,$0,$0,$8,$5,$0,$0
23,2012-12-31,14.17,$1.33,10.66,$0.10,146.22,$-4.87,0.0,$-2.08,0.0,$0.01B,$0.00B,4.36,$0.00B,$0.01B,0.0,$0.00B,0,nan%,$0.00B,$-0.01B,inf%,$0.00B,$-0.01B,inf%,$0.00B,$-0.01B,inf%,$0.00B,$-0.01B,inf%,$0.00B,$-0.01B,inf%,$-0.01B,$0.01B,-173.91%,$-0.01B,$0.01B,-181.82%,$-0.01B,$0.01B,-129.03%,$-0.01B,$0.01B,-173.91%,$0,$0,$0,$2,$1,$3,$-3,$0,$-3,$0,$-3,$-3,$-3,$-3,$-3,$4,4,$-0.52,$-0.52,$7,$0,$0,$8,$0,$0,$0,$1,$1,$9,$2,$0,$0,$0,$2,$1,$-109,$0,$7,$9,$-10,$0,$2,$2,$0,$0,$0,$0,$-0,$-8,$-0,$0,$0,$0,$0,$0,$-0,$-0,$0,$-0,$-0,$14,$14,$0,$0,$14,$5,$2,$0
24,2012-09-30,16.25,$1.74,9.33,$0.17,93.6,$-5.20,0.0,$-2.34,0.0,$0.01B,$0.00B,4.8,$0.00B,$0.01B,0.0,$0.00B,0,nan%,$0.00B,$-0.01B,inf%,$0.00B,$-0.01B,inf%,$0.00B,$-0.01B,inf%,$0.00B,$-0.01B,inf%,$0.00B,$-0.01B,inf%,$-0.01B,$0.01B,-222.22%,$-0.01B,$0.01B,-235.29%,$-0.01B,$0.01B,-153.85%,$-0.01B,$0.01B,-222.22%,$0,$0,$0,$1,$1,$3,$-3,$0,$-3,$0,$-3,$-3,$-3,$-2,$-3,$4,4,$-0.52,$-0.52,$10,$0,$0,$10,$0,$0,$0,$1,$1,$11,$2,$0,$0,$0,$2,$1,$-106,$0,$9,$11,$-7,$0,$1,$1,$0,$0,$0,$0,$0,$-6,$-0,$0,$0,$0,$0,$0,$-0,$-0,$-0,$0,$-0,$14,$14,$0,$0,$14,$8,$1,$0
25,2012-06-30,11.96,$0.60,19.99,$0.16,73.25,$-5.60,0.0,$-2.73,0.0,$0.00B,$0.00B,1.93,$0.00B,$0.00B,0.0,$0.00B,0,nan%,$0.00B,$-0.01B,inf%,$0.00B,$-0.01B,inf%,$0.00B,$-0.01B,inf%,$0.00B,$-0.01B,inf%,$0.00B,$-0.01B,inf%,$-0.01B,$0.00B,-307.69%,$-0.01B,$0.00B,-363.64%,$-0.01B,$0.00B,-190.48%,$-0.01B,$0.00B,-307.69%,$0,$0,$0,$2,$1,$2,$-2,$0,$-2,$0,$-2,$-2,$-2,$-2,$-2,$4,4,$-0.52,$-0.52,$3,$0,$0,$3,$0,$0,$1,$0,$1,$4,$1,$0,$0,$0,$1,$1,$-103,$0,$2,$4,$-5,$0,$1,$1,$0,$0,$0,$0,$-0,$-5,$-0,$0,$0,$0,$0,$0,$-0,$-0,$0,$0,$0,$5,$5,$0,$0,$5,$0,$1,$0
26,2012-03-31,14.56,$1.09,13.35,$0.14,100.76,$-5.76,0.0,$-3.25,0.0,$0.01B,$0.00B,2.5,$0.00B,$0.01B,0.0,$0.00B,0,nan%,$0.00B,$-0.01B,inf%,$0.00B,$-0.01B,inf%,$0.00B,$-0.01B,inf%,$0.00B,$-0.01B,inf%,$0.00B,$-0.01B,inf%,$-0.01B,$0.01B,-282.35%,$-0.01B,$0.00B,-320.00%,$-0.01B,$0.01B,-200.00%,$-0.01B,$0.01B,-282.35%,$0,$0,$0,$1,$1,$3,$-2,$0,$-2,$0,$-2,$-2,$-2,$-2,$-2,$4,4,$-0.65,$-0.65,$5,$0,$0,$6,$0,$0,$1,$0,$1,$7,$2,$0,$0,$0,$2,$1,$-101,$0,$5,$7,$-2,$0,$0,$0,$0,$0,$0,$0,$-0,$-2,$0,$0,$0,$0,$0,$0,$-0,$-0,$0,$0,$0,$5,$5,$0,$0,$5,$3,$0,$0
27,2011-12-31,12.55,$0.44,28.29,$0.10,119.49,$-5.87,0.0,$-3.51,0.0,$0.00B,$0.00B,1.24,$0.00B,$0.00B,0.0,$0.00B,0,nan%,$0.00B,$-0.01B,inf%,$0.00B,$-0.01B,inf%,$0.00B,$-0.01B,inf%,$0.00B,$-0.01B,inf%,$0.00B,$-0.01B,inf%,$-0.01B,$0.00B,-247.62%,$-0.01B,$0.00B,-273.68%,$-0.01B,$0.00B,-192.59%,$-0.01B,$0.00B,-266.67%,$0,$0,$0,$1,$1,$3,$-3,$1,$-2,$0,$-2,$-2,$-3,$-3,$-3,$4,4,$-0.52,$-0.52,$2,$0,$0,$3,$0,$0,$0,$1,$1,$4,$2,$0,$0,$0,$2,$0,$-98,$0,$2,$4,$-13,$0,$3,$3,$0,$0,$0,$0,$1,$-8,$-0,$0,$0,$0,$0,$0,$-0,$-0,$0,$0,$0,$2,$2,$0,$0,$2,$-7,$3,$0
28,2011-09-30,16.9,$1.04,16.21,$0.03,609.45,$-6.65,0.0,$-3.51,0.0,$0.01B,$0.00B,2.44,$0.00B,$0.00B,0.0,$0.00B,0,nan%,$0.00B,$-0.02B,inf%,$0.00B,$-0.01B,inf%,$0.00B,$-0.02B,inf%,$0.00B,$-0.01B,inf%,$0.00B,$-0.01B,inf%,$-0.01B,$0.00B,-192.59%,$-0.01B,$0.00B,-216.67%,$-0.01B,$0.01B,-152.94%,$-0.02B,$0.00B,-222.22%,$0,$0,$0,$2,$1,$3,$-3,$0,$-3,$0,$-3,$-3,$-3,$-3,$-3,$4,4,$-0.91,$-0.91,$4,$0,$0,$5,$0,$0,$1,$0,$1,$6,$2,$0,$0,$0,$2,$0,$-96,$0,$4,$6,$-10,$0,$3,$3,$0,$0,$0,$0,$1,$-6,$-0,$0,$0,$0,$0,$0,$-0,$-0,$0,$0,$0,$2,$2,$0,$0,$2,$-5,$3,$0
29,2011-06-30,19.5,$1.68,11.6,0,0.0,$-6.95,0.0,$-3.77,0.0,$0.01B,$0.00B,5.59,$0.00B,$0.01B,0.0,$0.00B,0,nan%,$0.00B,$-0.02B,inf%,$0.00B,$-0.02B,inf%,$0.00B,$-0.02B,inf%,$0.00B,$-0.02B,inf%,$0.00B,$-0.01B,inf%,$-0.01B,$0.01B,-175.00%,$-0.01B,$0.01B,-193.10%,$-0.01B,$0.01B,-136.59%,$-0.02B,$0.01B,-200.00%,$0,$0,$0,$2,$2,$4,$-4,$0,$-4,$0,$-4,$-4,$-4,$-4,$-4,$4,4,$-1.04,$-1.04,$6,$0,$0,$6,$0,$0,$1,$0,$1,$7,$1,$0,$0,$0,$1,$0,$-93,$0,$6,$7,$-7,$0,$2,$2,$0,$0,$0,$0,$0,$-5,$-0,$-0,$0,$0,$0,$0,$0,$-0,$0,$0,$0,$2,$2,$0,$0,$2,$-3,$2,$0
30,2011-03-31,23.4,$2.33,10.03,0,0.0,$-7.19,0.0,$-4.29,0.0,$0.01B,$0.00B,8.45,$0.00B,$0.01B,0.0,$0.00B,0,nan%,$0.00B,$-0.02B,inf%,$0.00B,$-0.02B,inf%,$0.00B,$-0.02B,inf%,$0.00B,$-0.02B,inf%,$0.00B,$-0.02B,inf%,$-0.02B,$0.01B,-162.16%,$-0.02B,$0.01B,-176.47%,$-0.02B,$0.01B,-122.45%,$-0.02B,$0.01B,-172.97%,$0,$0,$0,$2,$2,$4,$-4,$-0,$-4,$0,$-4,$-4,$-3,$-4,$-4,$4,4,$-0.91,$-0.91,$9,$0,$0,$9,$0,$0,$1,$0,$1,$10,$1,$0,$0,$0,$1,$0,$-89,$0,$9,$10,$-3,$0,$1,$1,$0,$0,$0,$0,$-0,$-2,$-0,$-0,$0,$0,$0,$0,$0,$-0,$0,$0,$0,$2,$2,$0,$0,$2,$-1,$1,$0
31,2010-12-31,27.56,$2.18,12.65,0,0.0,$-7.28,0.0,$-5.72,0.0,$0.01B,$0.00B,3.59,$0.00B,$0.01B,0.0,$0.00B,0,nan%,$0.00B,$-0.02B,inf%,$0.00B,$-0.02B,inf%,$0.00B,$-0.02B,inf%,$0.00B,$-0.02B,inf%,$0.00B,$-0.02B,inf%,$-0.02B,$0.01B,-230.30%,$-0.02B,$0.01B,-245.16%,$-0.02B,$0.01B,-161.70%,$-0.02B,$0.01B,-193.94%,$0,$0,$0,$3,$2,$4,$-4,$1,$-3,$0,$-3,$-3,$-3,$-4,$-3,$3,3,$-0.39,$-0.39,$9,$0,$0,$10,$0,$0,$1,$0,$1,$11,$3,$0,$0,$0,$3,$0,$-86,$0,$8,$11,$-18,$0,$9,$9,$0,$0,$0,$-0,$-0,$-10,$-0,$0,$0,$0,$0,$0,$-0,$-0,$0,$0,$0,$17,$17,$0,$0,$17,$7,$5,$0
32,2010-09-30,32.76,$2.43,13.5,0,0.0,$-6.26,0.0,$-6.11,0.0,$0.01B,$0.00B,3.03,$0.00B,$0.01B,0.0,$0.00B,0,nan%,$0.00B,$-0.01B,inf%,$0.00B,$-0.01B,inf%,$0.00B,$-0.01B,inf%,$0.00B,$-0.02B,inf%,$0.00B,$-0.02B,inf%,$-0.02B,$0.01B,-380.00%,$-0.02B,$0.01B,-400.00%,$-0.02B,$0.01B,-194.87%,$-0.01B,$0.01B,-280.00%,$0,$0,$0,$2,$2,$4,$-4,$-0,$-4,$0,$-4,$-4,$-4,$-4,$-4,$4,4,$-1.17,$-1.17,$12,$0,$0,$12,$0,$0,$0,$0,$1,$13,$4,$0,$0,$0,$4,$0,$-83,$0,$9,$13,$-16,$0,$8,$8,$0,$0,$0,$-0,$0,$-7,$-0,$-0,$0,$0,$0,$0,$0,$-0,$0,$0,$0,$17,$17,$0,$0,$17,$9,$4,$0
33,2010-06-30,32.5,$3.10,10.47,0,0.0,$-5.58,0.0,$-6.89,0.0,$0.01B,$0.00B,3.65,$0.00B,$0.01B,0.0,$0.00B,0,nan%,$0.00B,$-0.01B,inf%,$0.00B,$-0.01B,inf%,$0.00B,$-0.01B,inf%,$0.00B,$-0.02B,inf%,$0.00B,$-0.02B,inf%,$-0.02B,$0.01B,-1333.33%,$-0.02B,$0.01B,-1333.33%,$-0.02B,$0.02B,-275.86%,$-0.01B,$0.01B,-866.67%,$0,$0,$0,$3,$2,$4,$-4,$-1,$-5,$0,$-5,$-5,$-5,$-4,$-4,$3,3,$-1.56,$-1.56,$14,$0,$0,$14,$0,$0,$0,$0,$1,$15,$4,$0,$0,$0,$4,$0,$-79,$0,$11,$15,$-12,$0,$7,$7,$0,$0,$0,$0,$0,$-5,$-0,$-0,$0,$0,$0,$0,$0,$-0,$0,$0,$0,$17,$17,$0,$0,$17,$12,$3,$0
34,2010-03-31,26.65,$1.55,17.24,0,0.0,$-5.05,0.0,$-6.50,0.0,$0.01B,$0.00B,2.39,$0.00B,$0.01B,0.0,$0.00B,0,nan%,$0.00B,$-0.01B,inf%,$0.00B,$-0.01B,inf%,$0.00B,$-0.01B,inf%,$0.00B,$-0.02B,inf%,$0.00B,$-0.02B,inf%,$-0.02B,$0.01B,1200.00%,$-0.02B,$0.01B,1028.57%,$-0.02B,$0.01B,-400.00%,$-0.01B,$0.01B,800.00%,$0,$0,$0,$2,$2,$4,$-4,$-3,$-7,$0,$-7,$-7,$-7,$-4,$-4,$3,3,$-2.34,$-2.34,$8,$0,$0,$8,$0,$0,$0,$0,$1,$8,$3,$0,$0,$0,$3,$0,$-74,$0,$5,$8,$-7,$0,$4,$4,$0,$0,$0,$0,$0,$-2,$-0,$-0,$0,$0,$0,$0,$0,$-0,$0,$0,$0,$7,$7,$0,$0,$7,$5,$1,$0
35,2009-12-31,23.27,$-1.82,-12.75,0,0.0,$-4.80,0.0,$-3.77,0.0,$0.00B,$0.00B,1.57,$0.00B,$-0.01B,0.0,$0.00B,0,nan%,$0.00B,$-0.01B,inf%,$0.00B,$-0.01B,inf%,$0.00B,$-0.01B,inf%,$0.00B,$-0.01B,inf%,$0.00B,$-0.01B,inf%,$-0.01B,$-0.01B,363.64%,$-0.01B,$-0.01B,307.69%,$-0.01B,$0.00B,-285.71%,$-0.01B,$-0.01B,400.00%,$0,$0,$0,$1,$1,$2,$-2,$-1,$-3,$0,$-3,$-3,$-3,$-2,$-2,$3,3,$-1.17,$-1.17,$2,$0,$0,$2,$0,$0,$0,$0,$1,$3,$2,$0,$6,$6,$8,$0,$-68,$0,$-5,$3,$-10,$0,$4,$5,$0,$0,$0,$0,$1,$-5,$-0,$0,$0,$0,$0,$0,$-0,$-0,$0,$0,$0,$3,$3,$0,$0,$3,$-3,$5,$0
36,2009-09-30,20.41,$-1.84,-11.1,0,0.0,$-5.63,0.0,$-4.16,0.0,$0.00B,$0.00B,1.1,$0.00B,$-0.01B,0.0,$0.00B,0,nan%,$0.00B,$-0.01B,inf%,$0.00B,$-0.01B,inf%,$0.00B,$-0.01B,inf%,$0.00B,$-0.01B,inf%,$0.00B,$-0.01B,inf%,$-0.01B,$-0.01B,2000.00%,$-0.01B,$-0.01B,1000.00%,$-0.01B,$0.00B,-250.00%,$-0.01B,$-0.01B,2400.00%,$0,$0,$0,$1,$1,$3,$-3,$-3,$-5,$0,$-5,$-5,$-5,$-3,$-3,$3,3,$-1.95,$-1.95,$2,$0,$0,$3,$0,$0,$0,$0,$0,$3,$2,$0,$6,$6,$8,$0,$-65,$0,$-5,$3,$-7,$0,$3,$3,$0,$0,$0,$1,$1,$-4,$-0,$-0,$0,$0,$0,$0,$0,$-0,$0,$0,$0,$1,$1,$0,$0,$1,$-2,$3,$0
37,2009-06-30,13.52,$-0.53,-25.53,0,0.0,$-6.20,0.0,$-3.51,0.0,$0.00B,$0.00B,1.72,$0.00B,$-0.00B,0.0,$0.00B,0,nan%,$0.00B,$-0.01B,inf%,$0.00B,$-0.01B,inf%,$0.00B,$-0.01B,inf%,$0.00B,$-0.01B,inf%,$0.00B,$-0.01B,inf%,$-0.01B,$-0.00B,-400.00%,$-0.01B,$-0.00B,-640.00%,$-0.01B,$0.00B,-168.42%,$-0.01B,$-0.00B,-600.00%,$0,$0,$0,$1,$1,$3,$-3,$-0,$-3,$0,$-3,$-3,$-3,$-3,$-3,$3,3,$-1.17,$-1.17,$3,$0,$0,$3,$0,$0,$0,$0,$0,$4,$2,$0,$3,$3,$5,$0,$-59,$0,$-1,$4,$-2,$0,$-1,$-1,$0,$0,$0,$0,$1,$-3,$-0,$-0,$0,$0,$0,$0,$0,$-0,$0,$0,$0,$1,$1,$0,$0,$1,$-2,$2,$0
38,2009-03-31,12.74,$-0.10,-122.15,0,0.0,$-6.50,0.0,$-3.51,0.0,$0.00B,$0.00B,2.25,$0.00B,$0.00B,0.0,$0.00B,0,nan%,$0.00B,$-0.01B,inf%,$0.00B,$-0.01B,inf%,$0.00B,$-0.01B,inf%,$0.00B,$-0.01B,inf%,$0.00B,$-0.01B,inf%,$-0.01B,$0.00B,-213.33%,$-0.01B,$-0.00B,-246.15%,$-0.01B,$0.00B,-145.45%,$-0.01B,$0.00B,-320.00%,$0,$0,$0,$1,$1,$3,$-3,$4,$1,$0,$1,$1,$1,$-3,$-3,$3,3,$0.39,$0.39,$4,$0,$0,$4,$0,$0,$0,$0,$0,$4,$2,$0,$3,$3,$4,$0,$-56,$0,$-0,$4,$1,$0,$-3,$-3,$0,$0,$0,$0,$0,$-1,$-0,$-0,$0,$0,$0,$0,$0,$-0,$0,$0,$0,$0,$0,$0,$0,$0,$-1,$1,$0
39,2008-12-31,21.41,$1.62,13.22,0,0.0,$-6.73,0.0,$-4.81,0.0,$0.01B,$0.00B,3.98,$0.00B,$0.00B,0.0,$0.00B,0,nan%,$0.00B,$-0.01B,inf%,$0.00B,$-0.01B,inf%,$0.00B,$-0.01B,inf%,$0.00B,$-0.01B,inf%,$0.00B,$-0.01B,inf%,$-0.01B,$0.00B,-191.30%,$-0.01B,$0.00B,-200.00%,$-0.01B,$0.01B,-162.96%,$-0.01B,$0.00B,-191.30%,$0,$0,$0,$2,$1,$3,$-3,$-0,$-3,$0,$-3,$-3,$-3,$-3,$-3,$2,2,$-1.43,$-1.43,$5,$0,$0,$5,$0,$0,$0,$0,$0,$5,$1,$0,$0,$0,$1,$0,$-57,$0,$4,$5,$-12,$0,$5,$5,$0,$0,$0,$-0,$0,$-7,$-0,$-0,$0,$0,$0,$0,$0,$-0,$0,$0,$0,$5,$5,$0,$0,$5,$-3,$5,$0
40,2008-09-30,17.81,$1.85,9.61,0,0.0,$-5.77,0.0,$-4.55,0.0,$0.01B,$0.00B,4.3,$0.00B,$0.01B,0.0,$0.00B,0,nan%,$0.00B,$-0.01B,inf%,$0.00B,$-0.01B,inf%,$0.00B,$-0.01B,inf%,$0.00B,$-0.01B,inf%,$0.00B,$-0.01B,inf%,$-0.01B,$0.01B,-169.23%,$-0.01B,$0.00B,-176.00%,$-0.01B,$0.01B,-146.67%,$-0.01B,$0.01B,-153.85%,$0,$0,$0,$2,$1,$3,$-3,$0,$-3,$0,$-3,$-3,$-3,$-3,$-3,$2,2,$-1.30,$-1.30,$5,$0,$0,$5,$0,$0,$0,$0,$0,$6,$1,$0,$0,$0,$1,$0,$-54,$0,$5,$6,$-8,$0,$3,$4,$0,$0,$0,$-0,$0,$-5,$-0,$-0,$0,$0,$0,$0,$0,$-0,$0,$0,$0,$3,$3,$0,$0,$3,$-2,$3,$0
41,2008-06-30,19.11,$2.61,7.31,$0.02,944.54,$-5.15,0.0,$-3.90,0.0,$0.01B,$0.00B,7.53,$0.00B,$0.01B,0.0,$0.00B,0,nan%,$0.00B,$-0.01B,inf%,$0.00B,$-0.01B,inf%,$0.00B,$-0.01B,inf%,$0.00B,$-0.01B,inf%,$0.00B,$-0.01B,inf%,$-0.01B,$0.01B,-138.46%,$-0.01B,$0.01B,-138.46%,$-0.01B,$0.01B,-120.00%,$-0.01B,$0.01B,-123.08%,$0,$0,$0,$2,$1,$3,$-3,$0,$-3,$0,$-3,$-3,$-3,$-3,$-3,$2,2,$-1.17,$-1.17,$7,$0,$0,$7,$0,$0,$0,$0,$0,$7,$1,$0,$0,$0,$1,$0,$-51,$0,$6,$7,$-5,$0,$2,$2,$0,$0,$0,$0,$-0,$-3,$-0,$-0,$0,$0,$0,$0,$0,$-0,$0,$0,$0,$3,$3,$0,$0,$3,$-0,$2,$0
42,2008-03-31,33.67,$3.33,10.12,$0.06,607.72,$-4.82,0.0,$-2.73,0.0,$0.01B,$0.00B,16.97,$0.00B,$0.01B,0.0,$0.00B,0,nan%,$0.00B,$-0.01B,inf%,$0.00B,$-0.01B,inf%,$0.00B,$-0.01B,inf%,$0.00B,$-0.01B,inf%,$0.00B,$-0.01B,inf%,$-0.01B,$0.01B,-128.00%,$-0.01B,$0.01B,-128.00%,$-0.01B,$0.01B,-110.34%,$-0.01B,$0.01B,-112.00%,$0,$0,$0,$1,$1,$2,$-2,$0,$-2,$0,$-2,$-2,$-2,$-2,$-2,$2,2,$-0.91,$-0.91,$8,$0,$0,$8,$0,$0,$0,$0,$0,$9,$0,$0,$0,$0,$0,$0,$-48,$0,$8,$9,$-2,$0,$1,$1,$0,$0,$0,$0,$-1,$-2,$-0,$-0,$0,$0,$0,$0,$0,$-0,$0,$0,$0,$3,$3,$0,$0,$3,$1,$1,$0
43,2007-12-31,48.49,$2.82,17.2,$0.14,335.97,$-4.52,0.0,$-1.82,0.0,$0.01B,$0.00B,7.41,$0.00B,$0.01B,0.0,$0.00B,0,nan%,$0.00B,$-0.01B,inf%,$0.00B,$-0.01B,inf%,$0.00B,$-0.01B,inf%,$0.00B,$-0.01B,inf%,$0.00B,$-0.01B,inf%,$-0.01B,$0.01B,-121.74%,$-0.01B,$0.01B,-121.74%,$-0.01B,$0.01B,-103.70%,$-0.01B,$0.01B,-104.35%,$0,$0,$0,$1,$1,$2,$-2,$0,$-2,$0,$-2,$-2,$-3,$-2,$-2,$2,2,$-1.17,$-1.17,$7,$0,$0,$8,$0,$0,$0,$0,$0,$8,$1,$0,$0,$0,$1,$0,$-46,$0,$7,$8,$-6,$0,$2,$2,$0,$0,$0,$-0,$1,$-4,$-0,$-0,$0,$0,$0,$0,$0,$-0,$-0,$0,$-0,$10,$10,$0,$0,$10,$6,$2,$0
