,Date,Stock Price,Book Value per Share,Price to Book Ratio,TTM Sales per Share,Price to Sales Ratio,TTM FCF per Share,Price to FCF Ratio,TTM Net EPS,PE Ratio,Current Assets,Current Liabilities,Current Ratio,Long Term Debt,Shareholder's Equity_x,Debt to Equity Ratio,TTM Revenue_x,TTM Gross Profit,Gross Margin,TTM Revenue_y,TTM Operating Income,Operating Margin,TTM Revenue_x,TTM EBIT,EBIT Margin,TTM Revenue_y,TTM EBITDA,EBITDA Margin,TTM Revenue_x,TTM Pre-Tax Income,Pre-Tax Margin,TTM Revenue_y,TTM Net Income_x,Net Margin,TTM Net Income_y,Shareholder's Equity_y,Return on Equity,TTM Net Income_x,Tangible Equity,Return on Tangible Equity,TTM Net Income_y,Total Assets,Return on Assets,TTM Net Income,LT Investments & Debt,Return on Investment,revenue,cost-goods-sold,gross-profit,research-development-expenses,selling-general-administrative-expenses,operating-expenses,operating-income,total-non-operating-income-expense,pre-tax-income,total-provision-income-taxes,income-after-taxes,income-from-continuous-operations,net-income,ebitda,ebit,basic-shares-outstanding,shares-outstanding,eps-basic-net-earnings-per-share,eps-earnings-per-share-diluted,cash-on-hand,inventory,other-current-assets,total-current-assets,net-property-plant-equipment,long-term-investments,goodwill-intangible-assets-total,other-long-term-assets,total-long-term-assets,total-assets,total-current-liabilities,long-term-debt,other-non-current-liabilities,total-long-term-liabilities,total-liabilities,common-stock-net,retained-earnings-accumulated-deficit,comprehensive-income,total-share-holder-equity,total-liabilities-share-holders-equity,net-income-loss,total-depreciation-amortization-cash-flow,other-non-cash-items,total-non-cash-items,change-in-accounts-receivable,change-in-inventories,change-in-accounts-payable,change-in-assets-liabilities,total-change-in-assets-liabilities,cash-flow-from-operating-activities,net-change-in-property-plant-equipment,net-change-in-intangible-assets,net-acquisitions-divestitures,net-change-in-short-term-investments,net-change-in-long-term-investments,net-change-in-investments-total,investing-activities-other,cash-flow-from-investing-activities,net-long-term-debt,net-current-debt,debt-issuance-retirement-net-total,net-common-equity-issued-repurchased,net-total-equity-issued-repurchased,total-common-preferred-stock-dividends-paid,financial-activities-other,cash-flow-from-financial-activities,net-cash-flow,stock-based-compensation,common-stock-dividends-paid
0,2018-09-30,253.0,$54.39,4.65,$102.93,2.46,$8.02,31.56,$8.52,29.69,$0.45B,$0.20B,2.28,$0.02B,$0.50B,0.03,$0.95B,$0.20B,21.43%,$0.95B,$0.09B,9.56%,$0.95B,$0.09B,9.56%,$0.95B,$0.10B,10.08%,$0.95B,$0.10B,10.40%,$0.95B,$0.08B,8.30%,$0.08B,$0.50B,16.95%,$0.08B,$0.41B,20.63%,$0.08B,$0.72B,11.58%,$0.09B,$0.51B,18.22%,$242,$192,$49,$0,$30,$222,$19,$0,$20,$4,$16,$16,$16,$21,$19,$9,9,$1.72,$1.67,$223,$112,$0,$449,$65,$33,$83,$0,$267,$715,$197,$15,$0,$24,$220,$0,$247,$-0,$495,$715,$35,$2,$-2,$-0,$-3,$-2,$0,$-18,$-17,$18,$-4,$0,$0,$1,$0,$1,$0,$-3,$-4,$0,$-4,$-0,$-0,$0,$0,$-4,$10,$2,$0
1,2018-06-30,207.65,$52.50,3.96,$98.81,2.1,$7.31,28.41,$7.52,27.61,$0.43B,$0.18B,2.44,$0.03B,$0.48B,0.07,$0.91B,$0.19B,20.86%,$0.91B,$0.08B,8.78%,$0.91B,$0.08B,8.78%,$0.91B,$0.08B,9.22%,$0.91B,$0.09B,9.55%,$0.91B,$0.07B,7.57%,$0.07B,$0.48B,15.49%,$0.07B,$0.39B,19.03%,$0.07B,$0.69B,10.37%,$0.08B,$0.51B,16.38%,$246,$195,$51,$0,$29,$224,$22,$2,$24,$4,$20,$20,$20,$23,$22,$9,9,$2.18,$2.12,$205,$110,$0,$429,$64,$33,$83,$1,$264,$694,$176,$34,$0,$42,$218,$0,$231,$-0,$476,$694,$20,$1,$-2,$-1,$-5,$-1,$0,$-16,$-21,$-2,$-2,$0,$0,$0,$0,$0,$0,$-2,$-2,$0,$-2,$-2,$-2,$0,$0,$-4,$-8,$1,$0
2,2018-03-31,173.75,$50.54,3.44,$94.79,1.83,$7.88,22.06,$6.68,26.01,$0.42B,$0.18B,2.37,$0.03B,$0.46B,0.07,$0.87B,$0.18B,20.76%,$0.87B,$0.07B,8.49%,$0.87B,$0.07B,8.49%,$0.87B,$0.08B,8.94%,$0.87B,$0.08B,9.06%,$0.87B,$0.06B,7.00%,$0.06B,$0.46B,14.27%,$0.06B,$0.37B,17.67%,$0.06B,$0.68B,9.46%,$0.07B,$0.49B,15.58%,$243,$188,$54,$0,$28,$217,$26,$5,$31,$9,$22,$22,$22,$27,$26,$9,9,$2.46,$2.40,$210,$109,$0,$419,$63,$34,$83,$1,$256,$675,$176,$34,$0,$41,$218,$0,$209,$1,$457,$675,$62,$4,$-17,$-13,$-4,$-13,$0,$21,$10,$59,$-8,$0,$-2,$5,$0,$5,$0,$-5,$1,$0,$1,$-1,$-1,$0,$0,$0,$54,$2,$0
3,2017-12-31,152.6,$48.21,3.17,$90.18,1.69,$6.70,22.77,$5.47,27.9,$0.38B,$0.15B,2.57,$0.05B,$0.44B,0.12,$0.83B,$0.17B,20.44%,$0.83B,$0.07B,7.86%,$0.83B,$0.07B,7.86%,$0.83B,$0.07B,8.34%,$0.83B,$0.06B,7.74%,$0.83B,$0.05B,6.05%,$0.05B,$0.44B,12.14%,$0.05B,$0.35B,15.14%,$0.05B,$0.64B,7.97%,$0.07B,$0.49B,14.02%,$221,$172,$50,$0,$26,$198,$24,$-0,$24,$2,$21,$21,$21,$25,$24,$9,9,$2.37,$2.33,$163,$106,$0,$384,$59,$35,$83,$1,$260,$644,$149,$52,$0,$59,$209,$0,$188,$2,$436,$644,$39,$3,$-10,$-7,$-9,$-10,$0,$2,$-17,$15,$-3,$0,$-2,$-2,$0,$-2,$0,$-7,$-1,$0,$-1,$-1,$-1,$0,$0,$-2,$6,$2,$0
4,2017-09-30,147.55,$45.74,3.23,$88.38,1.67,$8.03,18.37,$4.49,32.86,$0.39B,$0.17B,2.25,$0.05B,$0.41B,0.13,$0.81B,$0.16B,20.17%,$0.81B,$0.06B,7.30%,$0.81B,$0.06B,7.30%,$0.81B,$0.06B,7.67%,$0.81B,$0.06B,7.05%,$0.81B,$0.04B,5.07%,$0.04B,$0.41B,10.28%,$0.04B,$0.33B,12.89%,$0.04B,$0.65B,6.70%,$0.06B,$0.47B,13.08%,$201,$166,$35,$0,$26,$192,$8,$0,$8,$2,$6,$6,$6,$9,$8,$9,9,$0.69,$0.67,$164,$102,$0,$387,$59,$32,$83,$1,$262,$649,$172,$53,$0,$64,$236,$0,$166,$2,$413,$649,$18,$2,$-5,$-3,$-6,$-6,$0,$-17,$-6,$9,$-1,$0,$-1,$-0,$0,$-0,$0,$-2,$1,$0,$1,$-2,$-2,$0,$0,$-1,$6,$2,$0
5,2017-06-30,129.65,$44.84,2.89,$87.24,1.49,$9.36,13.85,$4.85,26.73,$0.36B,$0.14B,2.51,$0.05B,$0.40B,0.13,$0.80B,$0.17B,21.01%,$0.80B,$0.07B,8.18%,$0.80B,$0.07B,8.18%,$0.80B,$0.07B,8.55%,$0.80B,$0.06B,7.80%,$0.80B,$0.04B,5.53%,$0.04B,$0.40B,11.33%,$0.04B,$0.32B,14.27%,$0.04B,$0.61B,7.41%,$0.07B,$0.46B,14.76%,$207,$165,$42,$0,$26,$191,$16,$-0,$16,$4,$12,$12,$12,$17,$16,$9,9,$1.30,$1.28,$155,$99,$0,$357,$58,$30,$80,$1,$253,$610,$142,$51,$0,$63,$205,$0,$160,$1,$404,$610,$12,$1,$-2,$-1,$-2,$-4,$0,$-0,$-9,$2,$-0,$0,$-1,$0,$0,$0,$0,$-1,$-1,$0,$-1,$-2,$-2,$0,$0,$-2,$-1,$1,$0
6,2017-03-31,116.4,$43.85,2.65,$85.04,1.37,$9.90,11.76,$4.17,27.91,$0.36B,$0.14B,2.54,$0.05B,$0.39B,0.13,$0.77B,$0.16B,20.44%,$0.77B,$0.06B,7.50%,$0.77B,$0.06B,7.50%,$0.77B,$0.06B,7.89%,$0.77B,$0.05B,6.99%,$0.77B,$0.04B,4.79%,$0.04B,$0.39B,9.81%,$0.04B,$0.31B,12.47%,$0.04B,$0.61B,6.36%,$0.06B,$0.45B,13.51%,$198,$156,$42,$0,$25,$181,$17,$-1,$16,$6,$11,$11,$11,$18,$17,$9,9,$1.21,$1.19,$155,$94,$0,$357,$57,$30,$80,$1,$251,$607,$140,$52,$0,$73,$213,$0,$148,$1,$394,$607,$38,$4,$-8,$-4,$-0,$1,$0,$-7,$11,$45,$-5,$0,$0,$-2,$0,$-2,$0,$-7,$-4,$0,$-4,$-1,$-1,$0,$2,$-3,$35,$2,$0
7,2016-12-31,99.85,$42.70,2.34,$82.90,1.2,$9.98,10.01,$3.75,26.63,$0.34B,$0.13B,2.66,$0.05B,$0.38B,0.14,$0.75B,$0.15B,20.35%,$0.75B,$0.05B,7.05%,$0.75B,$0.05B,7.05%,$0.75B,$0.06B,7.45%,$0.75B,$0.05B,6.52%,$0.75B,$0.03B,4.39%,$0.03B,$0.38B,9.00%,$0.03B,$0.30B,11.52%,$0.03B,$0.58B,5.81%,$0.05B,$0.44B,12.63%,$202,$159,$44,$0,$26,$185,$18,$-0,$17,$5,$12,$12,$12,$18,$18,$9,9,$1.37,$1.35,$141,$87,$0,$335,$57,$29,$80,$1,$248,$582,$126,$52,$0,$72,$198,$0,$137,$2,$384,$582,$27,$3,$-8,$-5,$-7,$8,$0,$2,$7,$29,$-4,$0,$0,$0,$0,$0,$0,$-4,$-4,$0,$-4,$-1,$-1,$0,$2,$-3,$22,$2,$0
8,2016-09-30,99.05,$41.26,2.4,$80.69,1.23,$10.86,9.12,$3.29,30.11,$0.33B,$0.13B,2.48,$0.05B,$0.37B,0.14,$0.73B,$0.15B,19.84%,$0.73B,$0.05B,6.57%,$0.73B,$0.05B,6.57%,$0.73B,$0.05B,7.11%,$0.73B,$0.04B,6.02%,$0.73B,$0.03B,3.97%,$0.03B,$0.37B,8.13%,$0.03B,$0.29B,10.50%,$0.03B,$0.58B,5.19%,$0.05B,$0.42B,11.68%,$188,$149,$39,$0,$25,$175,$14,$-1,$13,$4,$9,$9,$9,$15,$14,$9,9,$1.04,$1.03,$138,$93,$0,$331,$56,$29,$80,$1,$246,$577,$133,$52,$0,$72,$206,$0,$125,$2,$371,$577,$15,$2,$-5,$-4,$-4,$2,$0,$2,$11,$22,$-3,$0,$0,$1,$0,$1,$0,$-2,$-4,$0,$-4,$-2,$-2,$0,$2,$-3,$17,$1,$0
9,2016-06-30,93.7,$39.98,2.34,$81.24,1.15,$11.92,7.86,$3.15,29.75,$0.31B,$0.13B,2.4,$0.05B,$0.36B,0.15,$0.74B,$0.15B,19.86%,$0.74B,$0.05B,6.39%,$0.74B,$0.05B,6.39%,$0.74B,$0.05B,6.94%,$0.74B,$0.04B,5.85%,$0.74B,$0.03B,3.81%,$0.03B,$0.36B,8.05%,$0.03B,$0.28B,10.49%,$0.03B,$0.56B,5.11%,$0.05B,$0.41B,11.66%,$185,$152,$33,$0,$25,$177,$9,$-0,$8,$3,$5,$5,$5,$10,$9,$9,9,$0.61,$0.60,$122,$95,$0,$306,$56,$29,$80,$1,$255,$560,$127,$54,$0,$74,$202,$0,$116,$1,$359,$560,$5,$1,$-4,$-3,$1,$0,$0,$0,$6,$8,$-2,$0,$0,$1,$0,$1,$0,$-1,$-2,$0,$-2,$-2,$-2,$0,$2,$-2,$5,$0,$0
10,2016-03-31,93.46,$39.56,2.36,$78.79,1.19,$11.60,8.05,$3.15,29.67,$0.30B,$0.13B,2.39,$0.06B,$0.35B,0.16,$0.71B,$0.15B,20.37%,$0.71B,$0.05B,6.60%,$0.71B,$0.05B,6.60%,$0.71B,$0.05B,7.16%,$0.71B,$0.04B,6.18%,$0.71B,$0.03B,3.93%,$0.03B,$0.35B,8.25%,$0.03B,$0.27B,10.82%,$0.03B,$0.55B,5.19%,$0.05B,$0.41B,11.85%,$177,$141,$37,$0,$25,$166,$12,$-1,$11,$4,$7,$7,$7,$13,$12,$9,9,$0.78,$0.77,$118,$95,$0,$299,$55,$29,$80,$1,$255,$554,$125,$55,$0,$76,$201,$0,$110,$1,$353,$554,$29,$4,$-8,$-4,$3,$-4,$0,$4,$19,$44,$-3,$0,$-28,$-7,$0,$-7,$0,$-38,$-6,$0,$-6,$1,$1,$0,$1,$-4,$1,$2,$0
11,2015-12-31,83.31,$38.62,2.16,$74.86,1.11,$10.44,7.98,$3.04,27.4,$0.29B,$0.12B,2.41,$0.06B,$0.34B,0.16,$0.68B,$0.14B,20.56%,$0.68B,$0.05B,6.66%,$0.68B,$0.05B,6.66%,$0.68B,$0.05B,7.25%,$0.68B,$0.04B,6.21%,$0.68B,$0.03B,3.99%,$0.03B,$0.34B,8.15%,$0.03B,$0.26B,10.75%,$0.03B,$0.54B,5.13%,$0.05B,$0.40B,11.54%,$181,$145,$36,$0,$24,$169,$13,$-1,$12,$4,$8,$8,$8,$14,$13,$9,9,$0.91,$0.89,$112,$92,$0,$291,$54,$25,$81,$1,$251,$543,$121,$56,$0,$77,$198,$0,$103,$-0,$344,$543,$22,$3,$-6,$-3,$2,$-1,$0,$4,$16,$35,$-2,$0,$-28,$-2,$0,$-2,$0,$-33,$-4,$0,$-4,$1,$1,$0,$1,$-3,$-0,$2,$0
12,2015-09-30,68.09,$37.69,1.81,$71.14,0.96,$9.28,7.34,$2.89,23.56,$0.29B,$0.12B,2.3,$0.06B,$0.34B,0.17,$0.64B,$0.14B,21.03%,$0.64B,$0.04B,6.54%,$0.64B,$0.04B,6.54%,$0.64B,$0.05B,7.17%,$0.64B,$0.04B,6.39%,$0.64B,$0.03B,4.05%,$0.03B,$0.34B,8.03%,$0.03B,$0.25B,10.62%,$0.03B,$0.54B,5.07%,$0.04B,$0.39B,10.96%,$192,$152,$40,$0,$27,$179,$13,$-0,$12,$4,$8,$8,$8,$14,$13,$9,9,$0.91,$0.89,$111,$89,$0,$285,$53,$25,$81,$1,$252,$536,$124,$57,$0,$77,$201,$0,$95,$-0,$335,$536,$13,$2,$-4,$-2,$2,$2,$0,$2,$18,$30,$-1,$0,$-28,$-2,$0,$-2,$0,$-31,$-3,$0,$-3,$1,$1,$0,$0,$-2,$-4,$1,$0
13,2015-06-30,75.44,$36.72,2.05,$65.34,1.15,$7.04,10.71,$2.61,28.9,$0.27B,$0.12B,2.32,$0.06B,$0.33B,0.19,$0.59B,$0.13B,21.56%,$0.59B,$0.04B,6.45%,$0.59B,$0.04B,6.45%,$0.59B,$0.04B,7.13%,$0.59B,$0.04B,6.45%,$0.59B,$0.02B,3.90%,$0.02B,$0.33B,7.27%,$0.02B,$0.25B,9.64%,$0.02B,$0.52B,4.59%,$0.04B,$0.39B,10.09%,$162,$130,$32,$0,$23,$152,$9,$-1,$9,$3,$5,$5,$5,$10,$9,$9,9,$0.61,$0.60,$88,$97,$0,$270,$54,$24,$81,$1,$253,$523,$116,$60,$0,$81,$197,$0,$87,$0,$326,$523,$5,$1,$-1,$-0,$4,$-6,$0,$-5,$-1,$4,$-1,$0,$-27,$-2,$0,$-2,$0,$-29,$-1,$0,$-1,$0,$0,$0,$0,$-1,$-26,$0,$0
14,2015-03-31,75.06,$36.14,2.08,$62.86,1.19,$6.91,10.86,$2.65,28.32,$0.27B,$0.10B,2.62,$0.06B,$0.32B,0.19,$0.57B,$0.13B,22.44%,$0.57B,$0.04B,6.89%,$0.57B,$0.04B,6.89%,$0.57B,$0.04B,7.42%,$0.57B,$0.04B,6.71%,$0.57B,$0.02B,4.24%,$0.02B,$0.32B,7.76%,$0.02B,$0.24B,10.34%,$0.02B,$0.50B,4.91%,$0.04B,$0.38B,10.56%,$141,$110,$31,$0,$21,$131,$10,$-1,$9,$3,$6,$6,$6,$11,$10,$9,9,$0.67,$0.65,$114,$75,$0,$265,$45,$25,$77,$1,$237,$503,$101,$60,$0,$81,$182,$0,$82,$1,$320,$503,$24,$4,$-7,$-3,$-6,$-6,$0,$7,$5,$26,$4,$0,$0,$-6,$0,$-6,$0,$-2,$-4,$0,$-4,$1,$1,$0,$4,$0,$24,$2,$0
15,2014-12-31,79.27,$35.43,2.24,$62.85,1.26,$8.95,8.85,$2.46,32.22,$0.25B,$0.10B,2.63,$0.06B,$0.31B,0.19,$0.56B,$0.13B,22.48%,$0.56B,$0.04B,6.47%,$0.56B,$0.04B,6.47%,$0.56B,$0.04B,7.01%,$0.56B,$0.04B,6.47%,$0.56B,$0.02B,3.96%,$0.02B,$0.31B,7.29%,$0.02B,$0.24B,9.81%,$0.02B,$0.49B,4.58%,$0.04B,$0.37B,9.96%,$147,$115,$32,$0,$22,$137,$10,$1,$11,$4,$7,$7,$7,$11,$10,$9,9,$0.75,$0.74,$108,$72,$0,$252,$45,$20,$77,$1,$237,$490,$96,$60,$0,$80,$176,$0,$76,$0,$314,$490,$18,$3,$-6,$-3,$-2,$-2,$0,$3,$2,$18,$4,$0,$0,$-3,$0,$-3,$0,$1,$-3,$0,$-3,$0,$0,$0,$4,$1,$19,$1,$0
16,2014-09-30,68.0,$34.57,1.97,$61.94,1.1,$9.30,7.31,$2.38,28.57,$0.25B,$0.10B,2.47,$0.06B,$0.31B,0.2,$0.55B,$0.13B,22.85%,$0.55B,$0.04B,6.58%,$0.55B,$0.04B,6.58%,$0.55B,$0.04B,7.13%,$0.55B,$0.03B,6.22%,$0.55B,$0.02B,3.84%,$0.02B,$0.31B,7.12%,$0.02B,$0.23B,9.69%,$0.02B,$0.49B,4.45%,$0.04B,$0.37B,10.13%,$139,$108,$32,$0,$22,$130,$9,$-1,$9,$3,$5,$5,$5,$10,$9,$9,9,$0.62,$0.61,$100,$74,$4,$249,$45,$17,$77,$1,$238,$487,$101,$60,$0,$80,$181,$0,$69,$1,$306,$487,$11,$2,$-2,$-0,$-1,$-4,$0,$-5,$-2,$9,$-0,$0,$0,$-1,$0,$-1,$0,$-1,$-3,$0,$-3,$0,$0,$0,$3,$0,$8,$1,$0
17,2014-06-30,85.3,$33.55,2.54,$61.67,1.38,$10.89,7.83,$2.27,37.58,$0.24B,$0.10B,2.38,$0.06B,$0.30B,0.2,$0.54B,$0.12B,22.86%,$0.54B,$0.04B,6.51%,$0.54B,$0.04B,6.51%,$0.54B,$0.04B,7.06%,$0.54B,$0.03B,5.95%,$0.54B,$0.02B,3.72%,$0.02B,$0.30B,6.94%,$0.02B,$0.22B,9.54%,$0.02B,$0.47B,4.30%,$0.04B,$0.36B,10.00%,$139,$107,$32,$0,$22,$130,$10,$-1,$9,$3,$6,$6,$6,$10,$10,$9,9,$0.65,$0.64,$90,$74,$1,$235,$48,$17,$78,$1,$240,$474,$99,$59,$0,$79,$178,$0,$64,$1,$297,$474,$6,$1,$1,$2,$-4,$-4,$0,$2,$-6,$2,$0,$0,$0,$0,$0,$0,$0,$0,$-2,$0,$-2,$0,$0,$0,$0,$-2,$1,$0,$0
18,2014-03-31,78.45,$32.84,2.39,$65.24,1.2,$12.80,6.13,$1.89,41.51,$0.23B,$0.10B,2.3,$0.06B,$0.29B,0.21,$0.53B,$0.12B,22.51%,$0.53B,$0.03B,6.00%,$0.53B,$0.03B,6.00%,$0.53B,$0.04B,6.75%,$0.53B,$0.03B,5.44%,$0.53B,$0.02B,3.00%,$0.02B,$0.29B,6.18%,$0.02B,$0.21B,8.88%,$0.02B,$0.47B,3.49%,$0.03B,$0.35B,9.91%,$131,$103,$29,$0,$21,$124,$7,$-1,$7,$2,$4,$4,$4,$8,$7,$8,8,$0.53,$0.52,$88,$70,$1,$228,$48,$17,$78,$1,$241,$469,$99,$60,$0,$80,$179,$0,$58,$0,$290,$469,$19,$4,$-3,$1,$-2,$-1,$0,$18,$27,$47,$-2,$0,$0,$-7,$0,$-7,$0,$-10,$-12,$0,$-12,$0,$0,$0,$0,$-12,$25,$2,$0
19,2013-12-31,68.7,$32.30,2.13,$65.07,1.06,$10.58,6.49,$1.62,42.41,$0.22B,$0.09B,2.39,$0.06B,$0.29B,0.22,$0.51B,$0.12B,22.50%,$0.51B,$0.03B,5.87%,$0.51B,$0.03B,5.87%,$0.51B,$0.03B,6.65%,$0.51B,$0.03B,5.09%,$0.51B,$0.01B,2.54%,$0.01B,$0.29B,5.64%,$0.01B,$0.21B,8.58%,$0.01B,$0.46B,2.87%,$0.03B,$0.35B,10.08%,$138,$107,$32,$0,$22,$129,$10,$-1,$9,$3,$6,$6,$6,$11,$10,$9,9,$0.67,$0.66,$73,$68,$4,$216,$46,$14,$78,$1,$241,$457,$90,$63,$0,$81,$171,$0,$54,$0,$286,$457,$14,$3,$-2,$1,$-8,$1,$0,$14,$11,$27,$-2,$0,$0,$-4,$0,$-4,$0,$-6,$-10,$0,$-10,$0,$0,$0,$0,$-9,$12,$2,$0
20,2013-09-30,56.95,$31.60,1.8,$65.97,0.86,$9.69,5.88,$1.17,48.68,$0.22B,$0.10B,2.26,$0.07B,$0.28B,0.24,$0.49B,$0.11B,22.54%,$0.49B,$0.03B,5.33%,$0.49B,$0.03B,5.33%,$0.49B,$0.03B,6.15%,$0.49B,$0.02B,4.51%,$0.49B,$0.01B,1.64%,$0.01B,$0.28B,3.95%,$0.01B,$0.20B,6.48%,$0.01B,$0.46B,1.79%,$0.03B,$0.35B,9.53%,$130,$100,$30,$0,$22,$122,$8,$-1,$7,$2,$5,$5,$4,$9,$8,$8,9,$0.51,$0.50,$75,$69,$4,$216,$46,$13,$79,$1,$243,$459,$96,$66,$0,$84,$179,$0,$48,$0,$279,$459,$9,$2,$-2,$-0,$-3,$-0,$0,$9,$14,$22,$-1,$0,$0,$-1,$0,$-1,$0,$-2,$-7,$0,$-7,$0,$0,$0,$0,$-7,$14,$2,$0
21,2013-06-30,50.45,$25.80,1.96,$66.41,0.76,$9.07,5.56,$0.85,59.35,$0.21B,$0.09B,2.23,$0.07B,$0.18B,0.38,$0.47B,$0.11B,22.65%,$0.47B,$0.02B,5.13%,$0.47B,$0.02B,5.13%,$0.47B,$0.03B,5.98%,$0.47B,$0.02B,4.06%,$0.47B,$0.01B,1.07%,$0.01B,$0.18B,2.84%,$0.01B,$0.10B,5.18%,$0.01B,$0.45B,1.13%,$0.02B,$0.25B,9.64%,$134,$105,$29,$0,$22,$127,$7,$-1,$6,$2,$4,$4,$2,$8,$7,$7,7,$0.26,$0.26,$75,$65,$4,$206,$46,$10,$79,$1,$245,$451,$92,$68,$0,$179,$271,$0,$43,$0,$180,$451,$4,$1,$-1,$0,$1,$3,$0,$3,$11,$16,$-0,$0,$0,$-0,$0,$-0,$0,$-0,$-3,$0,$-3,$0,$0,$0,$0,$-3,$12,$1,$0
22,2013-03-31,47.57,$25.39,1.87,$64.38,0.74,$8.21,5.8,$0.71,67.0,$0.19B,$0.09B,2.23,$0.07B,$0.18B,0.41,$0.45B,$0.10B,22.30%,$0.45B,$0.02B,4.64%,$0.45B,$0.02B,4.64%,$0.45B,$0.03B,5.52%,$0.45B,$0.02B,3.53%,$0.45B,$0.00B,0.88%,$0.00B,$0.18B,2.30%,$0.00B,$0.10B,4.26%,$0.00B,$0.44B,0.91%,$0.02B,$0.25B,8.42%,$109,$85,$24,$0,$19,$104,$5,$-1,$4,$1,$3,$3,$1,$6,$5,$7,7,$0.20,$0.20,$62,$69,$4,$194,$46,$11,$79,$1,$250,$444,$87,$72,$0,$181,$268,$0,$42,$0,$177,$444,$10,$4,$-5,$-1,$-4,$-7,$0,$15,$11,$21,$1,$0,$0,$-3,$0,$-3,$0,$-2,$-10,$-5,$-14,$2,$2,$0,$0,$-12,$7,$1,$0
23,2012-12-31,49.98,$25.13,1.99,$63.22,0.79,$7.89,6.34,$0.75,66.64,$0.18B,$0.08B,2.18,$0.07B,$0.18B,0.42,$0.44B,$0.10B,22.97%,$0.44B,$0.02B,4.50%,$0.44B,$0.02B,4.50%,$0.44B,$0.02B,5.41%,$0.44B,$0.01B,3.15%,$0.44B,$0.01B,1.13%,$0.01B,$0.18B,2.91%,$0.01B,$0.10B,5.46%,$0.01B,$0.44B,1.14%,$0.02B,$0.25B,8.02%,$115,$88,$27,$0,$20,$108,$6,$-1,$5,$2,$3,$3,$1,$7,$6,$7,7,$0.21,$0.21,$55,$63,$1,$176,$50,$10,$80,$1,$261,$436,$81,$74,$0,$181,$261,$0,$40,$0,$175,$436,$7,$3,$-5,$-1,$-1,$-0,$0,$7,$6,$12,$1,$0,$0,$-2,$0,$-2,$0,$-1,$-7,$-5,$-12,$2,$2,$0,$0,$-10,$1,$1,$0
24,2012-09-30,45.89,$24.87,1.84,$63.41,0.72,$7.45,6.16,$0.78,58.83,$0.17B,$0.09B,2.03,$0.08B,$0.17B,0.44,$0.44B,$0.10B,22.97%,$0.44B,$0.02B,4.50%,$0.44B,$0.02B,4.50%,$0.44B,$0.03B,5.63%,$0.44B,$0.01B,3.15%,$0.44B,$0.01B,1.35%,$0.01B,$0.17B,3.53%,$0.01B,$0.09B,6.74%,$0.01B,$0.44B,1.38%,$0.02B,$0.25B,8.01%,$110,$84,$26,$0,$20,$104,$6,$-1,$4,$2,$3,$3,$1,$7,$6,$7,7,$0.18,$0.18,$61,$60,$4,$173,$49,$9,$80,$0,$267,$440,$86,$77,$0,$181,$267,$0,$39,$0,$173,$440,$4,$2,$-2,$-0,$0,$2,$0,$3,$10,$14,$-0,$0,$0,$-2,$0,$-2,$0,$-2,$-5,$-4,$-9,$2,$2,$0,$0,$-6,$6,$1,$0
25,2012-06-30,51.28,$24.64,2.08,$66.52,0.77,$7.09,7.24,$0.84,61.05,$0.17B,$0.08B,2.04,$0.08B,$0.17B,0.46,$0.46B,$0.10B,22.41%,$0.46B,$0.02B,4.53%,$0.46B,$0.02B,4.53%,$0.46B,$0.03B,5.82%,$0.46B,$0.02B,3.23%,$0.46B,$0.01B,1.51%,$0.01B,$0.17B,4.18%,$0.01B,$0.09B,8.12%,$0.01B,$0.44B,1.61%,$0.02B,$0.25B,8.42%,$119,$95,$24,$0,$20,$115,$4,$-1,$3,$1,$2,$2,$1,$5,$4,$7,7,$0.12,$0.12,$60,$58,$4,$171,$50,$10,$80,$0,$266,$438,$84,$78,$0,$182,$266,$0,$37,$0,$172,$438,$2,$1,$-0,$1,$1,$4,$0,$1,$7,$9,$-0,$0,$0,$-1,$0,$-1,$0,$-1,$-2,$-2,$-4,$2,$2,$0,$0,$-2,$6,$0,$0
26,2012-03-31,46.58,$24.43,1.91,$63.90,0.73,$6.39,7.28,$1.97,23.64,$0.17B,$0.09B,2.0,$0.08B,$0.17B,0.48,$0.44B,$0.10B,21.62%,$0.44B,$0.02B,3.60%,$0.44B,$0.02B,3.60%,$0.44B,$0.02B,4.95%,$0.44B,$0.03B,7.21%,$0.44B,$0.02B,3.60%,$0.02B,$0.17B,9.71%,$0.02B,$0.09B,19.34%,$0.02B,$0.44B,3.71%,$0.02B,$0.25B,6.43%,$100,$75,$25,$0,$21,$96,$4,$-2,$2,$-1,$3,$3,$2,$5,$4,$7,7,$0.25,$0.23,$53,$62,$4,$171,$50,$9,$81,$0,$266,$437,$86,$81,$0,$183,$269,$0,$37,$0,$168,$437,$30,$6,$-31,$-26,$-5,$1,$0,$5,$12,$16,$3,$0,$-68,$42,$0,$42,$0,$-23,$-11,$-19,$-30,$1,$1,$0,$0,$-29,$-35,$1,$0
27,2011-12-31,40.06,$24.15,1.66,$55.24,0.73,$4.08,9.82,$1.96,20.44,$0.16B,$0.08B,2.04,$0.08B,$0.17B,0.5,$0.38B,$0.08B,19.84%,$0.38B,$0.01B,3.13%,$0.38B,$0.01B,3.13%,$0.38B,$0.02B,4.44%,$0.38B,$0.03B,8.09%,$0.38B,$0.02B,4.18%,$0.02B,$0.17B,9.97%,$0.02B,$0.09B,19.63%,$0.02B,$0.43B,4.10%,$0.01B,$0.25B,5.35%,$115,$88,$27,$0,$21,$108,$6,$-2,$5,$2,$3,$3,$2,$8,$6,$7,7,$0.24,$0.24,$47,$62,$5,$163,$51,$10,$82,$0,$265,$428,$80,$83,$0,$182,$262,$0,$35,$-0,$166,$428,$27,$4,$-26,$-22,$-3,$1,$0,$1,$3,$9,$1,$0,$-68,$41,$0,$41,$0,$-25,$-8,$-18,$-26,$1,$1,$0,$0,$-24,$-41,$1,$0
28,2011-09-30,34.44,$23.85,1.44,$44.55,0.77,$2.20,15.66,$1.72,20.02,$0.17B,$0.09B,1.87,$0.09B,$0.16B,0.52,$0.31B,$0.05B,17.53%,$0.31B,$0.01B,1.95%,$0.31B,$0.01B,1.95%,$0.31B,$0.01B,2.92%,$0.31B,$0.03B,8.77%,$0.31B,$0.01B,4.55%,$0.01B,$0.16B,8.47%,$0.01B,$0.08B,15.69%,$0.01B,$0.43B,4.07%,$0.01B,$0.25B,2.88%,$130,$102,$28,$0,$22,$123,$7,$-2,$5,$2,$3,$3,$2,$9,$7,$7,7,$0.24,$0.24,$48,$64,$8,$166,$51,$11,$82,$0,$267,$433,$88,$85,$0,$180,$269,$0,$33,$-0,$164,$433,$24,$3,$-26,$-23,$-4,$-1,$0,$2,$11,$12,$-1,$0,$-68,$39,$0,$39,$0,$-29,$-6,$-19,$-25,$1,$1,$0,$0,$-23,$-41,$0,$0
29,2011-06-30,45.0,$23.34,1.93,$32.61,1.38,$0.05,860.42,$1.58,28.48,$0.16B,$0.09B,1.8,$0.09B,$0.16B,0.54,$0.22B,$0.03B,14.73%,$0.22B,$0.00B,0.45%,$0.22B,$0.00B,0.45%,$0.22B,$0.00B,0.89%,$0.22B,$0.02B,10.71%,$0.22B,$0.01B,5.80%,$0.01B,$0.16B,7.65%,$0.01B,$0.08B,13.37%,$0.01B,$0.43B,4.41%,$0.00B,$0.25B,0.52%,$99,$83,$16,$0,$17,$100,$-1,$21,$20,$-1,$21,$21,$10,$0,$-1,$7,7,$1.49,$1.48,$45,$59,$9,$159,$50,$11,$84,$0,$269,$429,$88,$88,$0,$179,$268,$0,$30,$0,$161,$429,$21,$1,$-24,$-23,$-2,$-1,$0,$-3,$7,$5,$-1,$0,$-68,$40,$0,$40,$0,$-29,$-2,$-19,$-21,$1,$1,$0,$0,$-20,$-43,$0,$0
30,2011-03-31,45.16,$22.10,2.04,$25.29,1.79,$-0.46,0.0,$0.41,110.15,$0.15B,$0.07B,2.24,$0.00B,$0.15B,0.0,$0.17B,$0.02B,13.29%,$0.17B,$0.00B,1.73%,$0.17B,$0.00B,1.73%,$0.17B,$0.00B,2.31%,$0.17B,$0.01B,2.89%,$0.17B,$0.00B,2.31%,$0.00B,$0.15B,2.29%,$0.00B,$0.08B,3.77%,$0.00B,$0.27B,1.62%,$0.00B,$0.15B,1.71%,$39,$34,$5,$0,$5,$39,$-0,$1,$1,$-1,$2,$2,$2,$0,$-0,$7,7,$0.25,$0.23,$77,$16,$0,$147,$36,$0,$69,$0,$123,$270,$66,$0,$0,$53,$119,$0,$21,$0,$151,$270,$4,$1,$-1,$1,$3,$-0,$0,$-1,$-1,$3,$0,$0,$0,$-39,$0,$-39,$0,$-39,$0,$0,$0,$1,$1,$0,$36,$37,$2,$1,$0
31,2010-12-31,46.69,$27.07,1.72,$25.19,1.85,$-2.45,0.0,$0.07,667.0,$0.12B,$0.04B,2.86,$0.00B,$0.19B,0.0,$0.17B,$0.02B,12.35%,$0.17B,$0.00B,0.59%,$0.17B,$0.00B,0.59%,$0.17B,$0.00B,1.76%,$0.17B,$0.00B,1.76%,$0.17B,$0.00B,0.59%,$0.00B,$0.19B,0.58%,$0.00B,$0.12B,0.95%,$0.00B,$0.25B,0.42%,$0.00B,$0.19B,0.58%,$40,$34,$5,$0,$5,$40,$0,$1,$1,$0,$0,$0,$0,$0,$0,$7,7,$0.00,$0.00,$49,$17,$0,$121,$37,$0,$69,$0,$124,$245,$42,$0,$0,$18,$61,$0,$20,$0,$185,$245,$2,$1,$0,$1,$5,$-1,$0,$-6,$-6,$-2,$-1,$0,$0,$-38,$0,$-38,$0,$-39,$0,$0,$0,$1,$1,$0,$14,$15,$-26,$1,$0
32,2010-09-30,35.91,$27.93,1.29,$24.99,1.44,$-3.07,0.0,$-0.09,0.0,$0.11B,$0.03B,3.38,$0.00B,$0.18B,0.0,$0.17B,$0.02B,11.45%,$0.17B,$-0.00B,-0.60%,$0.17B,$-0.00B,-0.60%,$0.17B,$0.00B,1.20%,$0.17B,0,0.00%,$0.17B,0,0.00%,$0.00B,$0.18B,0.00%,$0.00B,$0.11B,0.00%,$0.00B,$0.23B,0.00%,$-0.00B,$0.18B,-0.58%,$46,$39,$7,$0,$5,$44,$2,$0,$2,$1,$1,$1,$1,$2,$2,$7,7,$0.10,$0.10,$71,$16,$0,$107,$37,$0,$69,$0,$127,$234,$32,$0,$0,$20,$51,$0,$20,$0,$183,$234,$2,$1,$1,$2,$1,$-0,$0,$-8,$-7,$-4,$-0,$0,$0,$0,$0,$0,$0,$-0,$0,$0,$0,$0,$0,$0,$0,$0,$-4,$0,$0
33,2010-06-30,35.18,$27.72,1.27,$22.70,1.55,$-2.41,0.0,$-0.22,0.0,$0.11B,$0.04B,3.2,$0.00B,$0.18B,0.0,$0.15B,$0.02B,10.74%,$0.15B,$-0.00B,-2.01%,$0.15B,$-0.00B,-2.01%,$0.15B,0,0.00%,$0.15B,$-0.00B,-1.34%,$0.15B,$-0.00B,-0.67%,$-0.00B,$0.18B,-0.58%,$-0.00B,$0.11B,-0.97%,$-0.00B,$0.24B,-0.43%,$-0.00B,$0.18B,-1.74%,$48,$41,$6,$0,$5,$46,$1,$0,$1,$1,$1,$1,$1,$2,$1,$7,7,$0.08,$0.08,$76,$16,$0,$113,$37,$0,$69,$0,$123,$236,$35,$0,$0,$20,$55,$0,$19,$0,$181,$236,$1,$0,$1,$1,$0,$-0,$0,$-4,$-1,$1,$-0,$0,$0,$0,$0,$0,$0,$-0,$0,$0,$0,$0,$0,$0,$0,$0,$1,$0,$0
34,2010-03-31,34.14,$22.28,1.53,$17.75,1.92,$-2.95,0.0,$-0.52,0.0,$0.11B,$0.03B,3.5,$0.00B,$0.15B,0.0,$0.12B,$0.01B,8.70%,$0.12B,$-0.01B,-5.22%,$0.12B,$-0.01B,-5.22%,$0.12B,$-0.00B,-3.48%,$0.12B,$-0.01B,-4.35%,$0.12B,$-0.00B,-2.61%,$-0.00B,$0.15B,-1.83%,$-0.00B,$0.08B,-3.15%,$-0.00B,$0.23B,-1.38%,$-0.01B,$0.15B,-3.66%,$36,$33,$3,$0,$5,$38,$-2,$0,$-1,$-0,$-1,$-1,$-1,$-1,$-2,$7,7,$-0.11,$-0.11,$75,$16,$0,$113,$38,$0,$69,$0,$119,$232,$32,$0,$0,$54,$87,$0,$19,$0,$146,$232,$-4,$1,$2,$3,$-1,$1,$0,$-15,$-9,$-10,$-0,$0,$-26,$4,$0,$4,$0,$-22,$0,$0,$0,$35,$35,$0,$0,$36,$4,$0,$0
35,2009-12-31,35.92,$27.64,1.3,$14.39,2.5,$-1.37,0.0,$-0.57,0.0,$0.11B,$0.03B,4.03,$0.00B,$0.18B,0.0,$0.09B,$0.01B,7.45%,$0.09B,$-0.01B,-6.38%,$0.09B,$-0.01B,-6.38%,$0.09B,$-0.01B,-5.32%,$0.09B,$-0.01B,-6.38%,$0.09B,$-0.00B,-3.19%,$-0.00B,$0.18B,-1.82%,$-0.00B,$0.11B,-3.12%,$-0.00B,$0.23B,-1.47%,$-0.01B,$0.18B,-3.65%,$36,$33,$3,$0,$5,$38,$-2,$0,$-2,$-0,$-1,$-1,$-1,$-1,$-2,$7,7,$-0.16,$-0.16,$78,$15,$0,$114,$38,$0,$69,$0,$116,$229,$28,$0,$0,$20,$49,$0,$19,$0,$181,$229,$-3,$1,$1,$2,$3,$2,$0,$-12,$-6,$-7,$-0,$0,$-26,$4,$0,$4,$0,$-22,$0,$0,$0,$35,$35,$0,$0,$35,$7,$0,$0
36,2009-09-30,35.5,$27.89,1.27,$12.55,2.83,$-0.40,0.0,$-0.39,0.0,$0.13B,$0.04B,3.6,$0.00B,$0.18B,0.0,$0.08B,$0.01B,8.43%,$0.08B,$-0.00B,-4.82%,$0.08B,$-0.00B,-4.82%,$0.08B,$-0.00B,-4.82%,$0.08B,$-0.00B,-4.82%,$0.08B,$-0.00B,-2.41%,$-0.00B,$0.18B,-1.28%,$-0.00B,$0.11B,-2.25%,$-0.00B,$0.24B,-1.04%,$-0.00B,$0.18B,-2.56%,$29,$25,$4,$0,$5,$30,$-0,$0,$-0,$-0,$-0,$-0,$-0,$-0,$-0,$7,7,$-0.03,$-0.03,$85,$17,$0,$125,$38,$0,$69,$0,$110,$235,$35,$0,$0,$19,$54,$0,$20,$0,$182,$235,$-2,$1,$-1,$-0,$-3,$-0,$0,$-3,$2,$1,$-0,$0,$-26,$2,$0,$2,$0,$-24,$0,$0,$0,$35,$35,$0,$0,$35,$12,$0,$0
37,2009-06-30,25.33,$22.54,1.12,$12.52,2.02,$-0.24,0.0,$-0.28,0.0,$0.10B,$0.01B,6.98,$0.00B,$0.15B,0.0,$0.08B,$0.01B,8.33%,$0.08B,$-0.00B,-3.57%,$0.08B,$-0.00B,-3.57%,$0.08B,$-0.00B,-3.57%,$0.08B,$-0.00B,-3.57%,$0.08B,$-0.00B,-1.19%,$-0.00B,$0.15B,-0.68%,$-0.00B,$0.08B,-1.24%,$-0.00B,$0.18B,-0.56%,$-0.00B,$0.15B,-2.03%,$14,$14,$0,$0,$2,$16,$-2,$0,$-2,$-1,$-1,$-1,$-1,$-2,$-2,$7,7,$-0.22,$-0.22,$72,$9,$0,$96,$13,$0,$67,$0,$80,$176,$14,$0,$0,$15,$29,$0,$20,$0,$147,$176,$-1,$0,$-1,$-0,$-0,$1,$0,$-1,$-1,$-3,$-0,$0,$0,$-1,$0,$-1,$0,$-1,$0,$0,$0,$0,$0,$0,$0,$0,$-4,$0,$0
38,2009-03-31,23.6,$22.75,1.04,$15.73,1.5,$0.17,136.89,$0.07,337.14,$0.10B,$0.01B,6.76,$0.00B,$0.15B,0.0,$0.11B,$0.01B,10.38%,$0.11B,0,0.00%,$0.11B,0,0.00%,$0.11B,0,0.00%,$0.11B,0,0.00%,$0.11B,$0.00B,0.94%,$0.00B,$0.15B,0.68%,$0.00B,$0.08B,1.23%,$0.00B,$0.18B,0.55%,$0.00B,$0.15B,0.00%,$15,$15,$0,$0,$2,$17,$-2,$0,$-2,$-1,$-1,$-1,$-1,$-2,$-2,$6,7,$-0.16,$-0.16,$75,$9,$0,$98,$13,$0,$67,$0,$81,$179,$14,$0,$0,$16,$31,$0,$22,$0,$148,$179,$0,$1,$2,$3,$4,$2,$0,$-2,$-2,$1,$-1,$0,$0,$-4,$0,$-4,$0,$-5,$0,$0,$0,$1,$1,$0,$0,$1,$-3,$0,$0
39,2008-12-31,26.89,$22.91,1.17,$18.66,1.44,$1.36,19.72,$0.43,62.53,$0.10B,$0.02B,6.62,$0.00B,$0.15B,0.0,$0.13B,$0.02B,12.80%,$0.13B,$0.00B,2.40%,$0.13B,$0.00B,2.40%,$0.13B,$0.00B,3.20%,$0.13B,$0.00B,3.20%,$0.13B,$0.00B,2.40%,$0.00B,$0.15B,2.03%,$0.00B,$0.08B,3.73%,$0.00B,$0.18B,1.66%,$0.00B,$0.15B,2.03%,$25,$22,$3,$0,$3,$25,$-0,$0,$-0,$-0,$0,$0,$0,$-0,$-0,$6,7,$0.02,$0.02,$74,$11,$0,$100,$13,$0,$67,$0,$80,$180,$15,$0,$0,$16,$31,$0,$23,$0,$149,$180,$1,$1,$2,$2,$2,$1,$0,$-1,$-3,$0,$-1,$0,$0,$0,$0,$0,$0,$-1,$0,$0,$0,$1,$1,$0,$0,$1,$1,$0,$0
40,2008-09-30,36.15,$22.85,1.58,$19.69,1.84,$2.11,17.14,$0.61,59.26,$0.10B,$0.02B,5.63,$0.00B,$0.15B,0.0,$0.13B,$0.02B,13.64%,$0.13B,$0.00B,3.03%,$0.13B,$0.00B,3.03%,$0.13B,$0.01B,3.79%,$0.13B,$0.01B,4.55%,$0.13B,$0.00B,3.03%,$0.00B,$0.15B,2.73%,$0.00B,$0.08B,5.05%,$0.00B,$0.18B,2.21%,$0.00B,$0.15B,2.73%,$30,$26,$4,$0,$3,$29,$1,$0,$1,$0,$1,$1,$1,$1,$1,$6,7,$0.08,$0.08,$76,$12,$0,$102,$13,$0,$67,$0,$80,$182,$18,$0,$0,$16,$34,$0,$23,$0,$148,$182,$1,$0,$1,$2,$2,$-1,$0,$0,$-1,$2,$-1,$0,$0,$0,$0,$0,$0,$-1,$0,$0,$0,$1,$1,$0,$0,$1,$2,$0,$0
41,2008-06-30,32.73,$22.76,1.44,$20.99,1.56,$2.87,11.42,$0.82,39.91,$0.10B,$0.02B,5.14,$0.00B,$0.15B,0.0,$0.14B,$0.02B,14.29%,$0.14B,$0.01B,3.57%,$0.14B,$0.01B,3.57%,$0.14B,$0.01B,4.29%,$0.14B,$0.01B,5.71%,$0.14B,$0.01B,3.57%,$0.01B,$0.15B,3.44%,$0.01B,$0.08B,6.41%,$0.01B,$0.18B,2.78%,$0.01B,$0.15B,3.44%,$36,$31,$4,$0,$3,$34,$1,$0,$1,$1,$1,$1,$1,$1,$1,$6,7,$0.13,$0.13,$74,$13,$0,$102,$13,$0,$67,$0,$80,$182,$20,$0,$0,$15,$35,$0,$22,$0,$147,$182,$1,$0,$1,$1,$1,$-2,$0,$-0,$-2,$-0,$-0,$0,$0,$0,$0,$0,$0,$-0,$0,$0,$0,$0,$0,$0,$0,$0,$-0,$0,$0
42,2008-03-31,35.04,$22.68,1.54,$21.30,1.65,$3.48,10.07,$0.95,36.88,$0.10B,$0.02B,5.02,$0.00B,$0.15B,0.0,$0.14B,$0.02B,14.89%,$0.14B,$0.01B,4.26%,$0.14B,$0.01B,4.26%,$0.14B,$0.01B,4.96%,$0.14B,$0.01B,7.09%,$0.14B,$0.01B,4.26%,$0.01B,$0.15B,4.17%,$0.01B,$0.08B,7.87%,$0.01B,$0.18B,3.35%,$0.01B,$0.15B,4.17%,$34,$29,$5,$0,$3,$33,$1,$0,$2,$1,$1,$1,$1,$2,$1,$6,7,$0.20,$0.20,$74,$11,$0,$101,$13,$0,$67,$0,$80,$181,$20,$0,$0,$15,$35,$0,$21,$0,$146,$181,$6,$1,$2,$3,$-2,$2,$0,$0,$-1,$9,$-1,$0,$0,$51,$0,$51,$0,$50,$0,$0,$0,$1,$1,$0,$0,$1,$61,$0,$0
43,2007-12-31,33.84,$22.44,1.51,$21.26,1.59,$3.02,11.2,$1.02,33.18,$0.10B,$0.02B,5.06,$0.00B,$0.15B,0.0,$0.14B,$0.02B,14.89%,$0.14B,$0.01B,4.96%,$0.14B,$0.01B,4.96%,$0.14B,$0.01B,4.96%,$0.14B,$0.01B,7.80%,$0.14B,$0.01B,4.96%,$0.01B,$0.15B,4.94%,$0.01B,$0.08B,9.43%,$0.01B,$0.18B,3.96%,$0.01B,$0.15B,4.94%,$32,$27,$5,$0,$3,$31,$1,$1,$2,$1,$1,$1,$1,$1,$1,$6,7,$0.21,$0.20,$70,$13,$0,$98,$13,$0,$67,$0,$80,$179,$19,$0,$0,$14,$34,$0,$20,$0,$145,$179,$5,$1,$2,$3,$-1,$0,$0,$0,$-2,$5,$-1,$0,$0,$51,$0,$51,$0,$50,$0,$0,$0,$1,$1,$0,$0,$1,$57,$0,$0
44,2007-09-30,33.5,$22.24,1.51,$22.26,1.51,$2.52,13.28,$1.16,28.88,$0.10B,$0.02B,4.57,$0.00B,$0.14B,0.0,$0.15B,$0.02B,14.97%,$0.15B,$0.01B,6.12%,$0.15B,$0.01B,6.12%,$0.15B,$0.01B,6.12%,$0.15B,$0.01B,8.16%,$0.15B,$0.01B,5.44%,$0.01B,$0.14B,5.73%,$0.01B,$0.08B,11.07%,$0.01B,$0.18B,4.58%,$0.01B,$0.14B,6.45%,$38,$33,$6,$0,$4,$36,$2,$1,$3,$1,$2,$2,$2,$2,$2,$6,7,$0.30,$0.29,$72,$12,$0,$98,$13,$0,$67,$0,$80,$178,$21,$0,$0,$14,$35,$0,$19,$0,$143,$178,$4,$0,$1,$2,$-1,$2,$0,$0,$2,$7,$-1,$0,$0,$-14,$0,$-14,$0,$-14,$0,$0,$0,$1,$1,$0,$0,$1,$-6,$0,$0
45,2007-06-30,37.52,$21.93,1.71,$23.01,1.63,$2.00,18.79,$1.36,27.59,$0.10B,$0.02B,4.17,$0.00B,$0.14B,0.0,$0.15B,$0.02B,15.79%,$0.15B,$0.01B,7.24%,$0.15B,$0.01B,7.24%,$0.15B,$0.01B,7.24%,$0.15B,$0.01B,9.21%,$0.15B,$0.01B,5.92%,$0.01B,$0.14B,6.57%,$0.01B,$0.07B,12.90%,$0.01B,$0.18B,5.20%,$0.01B,$0.14B,8.03%,$37,$32,$5,$0,$4,$36,$2,$1,$3,$1,$2,$2,$2,$2,$2,$6,7,$0.27,$0.26,$69,$13,$0,$97,$13,$0,$67,$0,$80,$178,$23,$0,$0,$13,$37,$0,$17,$0,$141,$178,$2,$0,$1,$1,$-1,$0,$0,$0,$2,$4,$-0,$0,$0,$-4,$0,$-4,$0,$-4,$0,$0,$0,$1,$1,$0,$0,$1,$1,$0,$0
46,2007-03-31,34.95,$21.63,1.62,$25.53,1.37,$2.19,15.94,$1.75,19.97,$0.09B,$0.02B,4.32,$0.00B,$0.14B,0.0,$0.17B,$0.03B,17.75%,$0.17B,$0.02B,8.88%,$0.17B,$0.02B,8.88%,$0.17B,$0.02B,8.88%,$0.17B,$0.02B,10.65%,$0.17B,$0.01B,6.51%,$0.01B,$0.14B,8.19%,$0.01B,$0.07B,16.42%,$0.01B,$0.17B,6.40%,$0.02B,$0.14B,11.17%,$34,$28,$5,$0,$3,$32,$2,$1,$3,$1,$2,$2,$2,$2,$2,$6,7,$0.27,$0.26,$64,$13,$0,$92,$13,$0,$67,$0,$80,$172,$21,$0,$0,$13,$34,$0,$15,$0,$138,$172,$12,$1,$3,$3,$3,$-1,$0,$0,$-9,$6,$-1,$0,$0,$-8,$0,$-8,$0,$-9,$0,$0,$0,$0,$0,$0,$0,$1,$-2,$1,$0
47,2006-12-31,35.04,$21.34,1.64,$28.03,1.25,$3.00,11.67,$2.10,16.69,$0.09B,$0.02B,4.02,$0.00B,$0.14B,0.0,$0.19B,$0.04B,18.82%,$0.19B,$0.02B,10.22%,$0.19B,$0.02B,10.22%,$0.19B,$0.02B,10.22%,$0.19B,$0.02B,11.83%,$0.19B,$0.01B,6.99%,$0.01B,$0.14B,9.92%,$0.01B,$0.07B,20.39%,$0.01B,$0.17B,7.59%,$0.02B,$0.14B,14.50%,$38,$32,$6,$0,$4,$36,$3,$1,$3,$1,$2,$2,$2,$3,$3,$6,7,$0.35,$0.34,$60,$13,$0,$91,$13,$0,$67,$0,$80,$171,$23,$0,$0,$12,$35,$0,$13,$0,$136,$171,$10,$1,$2,$2,$0,$-0,$0,$-0,$-10,$2,$-1,$0,$0,$-7,$0,$-7,$0,$-8,$0,$0,$0,$0,$0,$0,$0,$0,$-5,$1,$0
