,Date,Stock Price,Book Value per Share,Price to Book Ratio,TTM Sales per Share,Price to Sales Ratio,TTM FCF per Share,Price to FCF Ratio,TTM Net EPS,PE Ratio,Current Assets,Current Liabilities,Current Ratio,Long Term Debt,Shareholder's Equity_x,Debt to Equity Ratio,TTM Revenue_x,TTM Gross Profit,Gross Margin,TTM Revenue_y,TTM Operating Income,Operating Margin,TTM Revenue_x,TTM EBIT,EBIT Margin,TTM Revenue_y,TTM EBITDA,EBITDA Margin,TTM Revenue_x,TTM Pre-Tax Income,Pre-Tax Margin,TTM Revenue_y,TTM Net Income_x,Net Margin,TTM Net Income_y,Shareholder's Equity_y,Return on Equity,TTM Net Income_x,Tangible Equity,Return on Tangible Equity,TTM Net Income_y,Total Assets,Return on Assets,TTM Net Income,LT Investments & Debt,Return on Investment,revenue,cost-goods-sold,gross-profit,research-development-expenses,selling-general-administrative-expenses,operating-expenses,operating-income,total-non-operating-income-expense,pre-tax-income,total-provision-income-taxes,income-after-taxes,income-from-continuous-operations,net-income,ebitda,ebit,basic-shares-outstanding,shares-outstanding,eps-basic-net-earnings-per-share,eps-earnings-per-share-diluted,cash-on-hand,inventory,other-current-assets,total-current-assets,net-property-plant-equipment,long-term-investments,goodwill-intangible-assets-total,other-long-term-assets,total-long-term-assets,total-assets,total-current-liabilities,long-term-debt,other-non-current-liabilities,total-long-term-liabilities,total-liabilities,common-stock-net,retained-earnings-accumulated-deficit,comprehensive-income,total-share-holder-equity,total-liabilities-share-holders-equity,net-income-loss,total-depreciation-amortization-cash-flow,other-non-cash-items,total-non-cash-items,change-in-accounts-receivable,change-in-inventories,change-in-accounts-payable,change-in-assets-liabilities,total-change-in-assets-liabilities,cash-flow-from-operating-activities,net-change-in-property-plant-equipment,net-change-in-intangible-assets,net-acquisitions-divestitures,net-change-in-short-term-investments,net-change-in-long-term-investments,net-change-in-investments-total,investing-activities-other,cash-flow-from-investing-activities,net-long-term-debt,net-current-debt,debt-issuance-retirement-net-total,net-common-equity-issued-repurchased,net-total-equity-issued-repurchased,total-common-preferred-stock-dividends-paid,financial-activities-other,cash-flow-from-financial-activities,net-cash-flow,stock-based-compensation,common-stock-dividends-paid
0,2018-09-30,10.03,$11.60,0.86,$13.67,0.73,$0.65,15.38,$-0.44,0.0,$4.52B,$3.59B,1.26,$6.73B,$14.26B,0.47,$16.38B,$9.94B,60.71%,$16.38B,$-1.41B,-8.60%,$16.38B,$-1.41B,-8.60%,$16.38B,$0.39B,2.38%,$16.38B,$-2.59B,-15.84%,$16.38B,$-0.50B,-3.03%,$-0.50B,$14.26B,-3.32%,$-0.50B,$12.52B,-3.77%,$-0.50B,$30.40B,-1.59%,$-1.41B,$20.98B,-6.31%,$4483,$1788,$2695,$5,$447,$4316,$167,$-555,$-388,$-203,$-185,$-185,$-184,$568,$167,$1229,1229,$-0.15,$-0.15,$1427,$1256,$387,$4523,$21794,$0,$1739,$2235,$25880,$30403,$3591,$6726,$1686,$12557,$16148,$8450,$1868,$595,$14255,$30403,$-1005,$1326,$987,$2314,$0,$0,$0,$-31,$-31,$1277,$-834,$0,$807,$0,$7,$7,$-163,$-184,$-15,$0,$-15,$0,$0,$-140,$-1,$-156,$961,$0,$-140
1,2018-06-30,10.38,$11.99,0.87,$12.87,0.81,$0.99,10.48,$-0.34,0.0,$3.54B,$3.04B,1.17,$7.74B,$14.73B,0.53,$15.39B,$9.42B,61.17%,$15.39B,$-1.34B,-8.71%,$15.39B,$-1.34B,-8.71%,$15.39B,$0.54B,3.52%,$15.39B,$-2.06B,-13.41%,$15.39B,$-0.37B,-2.38%,$-0.37B,$14.73B,-2.41%,$-0.37B,$12.97B,-2.73%,$-0.37B,$31.23B,-1.14%,$-1.34B,$22.47B,-5.74%,$4520,$1569,$2950,$9,$499,$4411,$109,$-411,$-302,$16,$-318,$-318,$-324,$531,$109,$1229,1229,$-0.26,$-0.26,$291,$1090,$394,$3539,$22794,$0,$1761,$2905,$27693,$31232,$3035,$7744,$1326,$13470,$16504,$8556,$2126,$663,$14727,$31232,$-831,$925,$474,$1399,$0,$0,$0,$-250,$-250,$318,$-638,$0,$321,$0,$7,$7,$-109,$-419,$-10,$0,$-10,$0,$0,$-95,$-1,$-105,$-181,$0,$-95
2,2018-03-31,8.5,$12.48,0.68,$11.89,0.71,$1.87,4.54,$1.68,5.06,$3.11B,$2.78B,1.12,$7.74B,$15.33B,0.51,$13.87B,$7.92B,57.09%,$13.87B,$-0.81B,-5.85%,$13.87B,$-0.81B,-5.85%,$13.87B,$0.98B,7.09%,$13.87B,$0.67B,4.79%,$13.87B,$1.92B,13.84%,$1.92B,$15.33B,12.61%,$1.92B,$13.54B,14.29%,$1.92B,$31.50B,5.90%,$-0.81B,$23.07B,-3.42%,$3647,$1447,$2200,$11,$650,$4287,$-639,$-209,$-848,$-125,$-723,$-723,$-517,$-137,$-639,$1229,1229,$-0.42,$-0.42,$320,$1102,$413,$3108,$23419,$0,$1798,$2962,$28389,$31497,$2783,$7739,$1200,$13379,$16163,$8735,$3451,$598,$15334,$31497,$-517,$502,$-17,$485,$0,$0,$0,$-65,$-65,$-97,$-419,$0,$358,$0,$5,$5,$25,$-31,$1,$0,$1,$0,$0,$-47,$0,$-47,$-162,$0,$-47
3,2017-12-31,9.04,$12.54,0.72,$12.43,0.73,$2.30,3.92,$2.29,3.95,$3.86B,$3.42B,1.13,$7.34B,$15.41B,0.48,$13.15B,$6.95B,52.86%,$13.15B,$0.12B,0.94%,$13.15B,$0.12B,0.94%,$13.15B,$1.69B,12.85%,$13.15B,$1.71B,13.00%,$13.15B,$2.60B,19.75%,$2.60B,$15.41B,19.08%,$2.60B,$13.66B,21.25%,$2.60B,$31.58B,8.83%,$0.12B,$22.75B,0.58%,$3725,$1629,$2096,$698,$458,$4769,$-1044,$-12,$-1056,$-497,$-559,$-559,$529,$-572,$-1044,$1103,1103,$0.45,$0.45,$471,$1071,$857,$3863,$22830,$0,$1753,$2890,$27713,$31576,$3422,$7338,$1072,$12740,$16162,$8516,$3037,$496,$15413,$31576,$2597,$1566,$-1915,$-349,$0,$0,$0,$112,$112,$2360,$-1288,$0,$-8759,$0,$0,$0,$123,$-9925,$2964,$0,$2964,$2236,$2236,$-174,$-2,$5026,$-2399,$0,$-174
4,2017-09-30,9.88,$12.62,0.78,$12.30,0.8,$1.17,8.41,$1.98,4.99,$4.16B,$2.96B,1.41,$9.65B,$15.51B,0.62,$12.13B,$6.01B,49.56%,$12.13B,$1.38B,11.38%,$12.13B,$1.38B,11.38%,$12.13B,$2.40B,19.81%,$12.13B,$2.89B,23.82%,$12.13B,$2.14B,17.65%,$2.14B,$15.51B,17.93%,$2.14B,$13.64B,19.56%,$2.14B,$33.97B,8.15%,$1.38B,$25.16B,7.24%,$3500,$1330,$2169,$6,$510,$3264,$235,$-93,$142,$-88,$230,$230,$-55,$720,$235,$1229,1229,$-0.05,$-0.05,$504,$895,$1468,$4156,$23247,$0,$1866,$4452,$29812,$33968,$2957,$9650,$1256,$15506,$18463,$8809,$2724,$495,$15506,$33968,$2220,$1094,$-1640,$-547,$0,$0,$0,$49,$49,$1723,$-864,$0,$-10870,$0,$0,$0,$42,$-11692,$5182,$0,$5182,$2313,$2313,$-131,$-2,$7362,$-2464,$0,$-131
5,2017-06-30,7.23,$11.92,0.61,$12.44,0.58,$0.40,17.89,$1.80,4.02,$5.05B,$3.51B,1.44,$9.31B,$14.65B,0.64,$11.12B,$4.86B,43.68%,$11.12B,$0.91B,8.16%,$11.12B,$0.91B,8.16%,$11.12B,$1.94B,17.47%,$11.12B,$2.44B,21.92%,$11.12B,$2.00B,18.02%,$2.00B,$14.65B,19.53%,$2.00B,$12.91B,20.69%,$2.00B,$33.06B,8.91%,$0.91B,$23.96B,5.62%,$3002,$1547,$1455,$4,$387,$2365,$637,$1789,$2427,$507,$1919,$1919,$1963,$972,$637,$1113,1113,$1.76,$1.76,$364,$845,$2648,$5053,$22028,$0,$1747,$4018,$28011,$33064,$3506,$9311,$1157,$14907,$18413,$8210,$2636,$564,$14652,$33064,$2120,$609,$-1900,$-1291,$0,$0,$0,$336,$336,$1165,$-476,$0,$-10783,$0,$1,$1,$-20,$-11278,$5534,$0,$5534,$2156,$2156,$-76,$-1,$7613,$-2403,$0,$-76
6,2017-03-31,11.04,$10.62,1.04,$12.54,0.88,$-0.38,0.0,$-0.21,0.0,$6.69B,$2.19B,3.05,$4.74B,$8.85B,0.54,$10.45B,$4.47B,42.80%,$10.45B,$0.09B,0.85%,$10.45B,$0.09B,0.85%,$10.45B,$1.10B,10.53%,$10.45B,$-0.26B,-2.49%,$10.45B,$-0.17B,-1.60%,$-0.17B,$8.85B,-1.89%,$-0.17B,$8.67B,-1.93%,$-0.17B,$18.98B,-0.88%,$0.09B,$13.60B,0.65%,$2920,$1692,$1229,$5,$386,$2624,$296,$-100,$196,$37,$159,$159,$159,$570,$296,$833,833,$0.19,$0.19,$2681,$931,$1744,$6692,$10910,$0,$183,$1088,$12292,$18984,$2193,$4743,$1195,$7938,$10131,$4181,$730,$653,$8853,$18984,$159,$274,$-190,$85,$0,$0,$0,$4,$4,$248,$-237,$0,$0,$-131,$0,$-131,$20,$-347,$0,$0,$0,$0,$0,$-31,$-8,$-39,$-130,$0,$-31
7,2016-12-31,14.74,$10.50,1.4,$11.00,1.34,$-0.52,0.0,$-0.50,0.0,$5.15B,$2.02B,2.55,$4.78B,$8.75B,0.55,$9.16B,$3.89B,42.40%,$9.16B,$-0.37B,-4.03%,$9.16B,$-0.37B,-4.03%,$9.16B,$0.76B,8.33%,$9.16B,$-0.70B,-7.64%,$9.16B,$-0.41B,-4.50%,$-0.41B,$8.75B,-4.67%,$-0.41B,$8.57B,-4.77%,$-0.41B,$19.08B,-2.20%,$-0.37B,$13.54B,-2.73%,$2710,$1549,$1160,$5,$406,$2496,$213,$-88,$125,$51,$74,$74,$74,$141,$213,$833,833,$0.09,$0.09,$2809,$934,$16,$5152,$12405,$0,$183,$1242,$13923,$19075,$2017,$4782,$1571,$8305,$10322,$4179,$601,$687,$8753,$19075,$-412,$1131,$355,$1486,$0,$0,$0,$-424,$-424,$650,$-781,$0,$6,$0,$-1,$-1,$-39,$-815,$0,$0,$0,$0,$0,$-125,$-2,$-127,$-291,$0,$-125
8,2016-09-30,13.96,$9.93,1.41,$10.37,1.35,$-0.59,0.0,$-1.16,0.0,$4.77B,$1.54B,3.1,$4.74B,$8.77B,0.54,$8.64B,$4.42B,51.10%,$8.64B,$0.28B,3.20%,$8.64B,$0.28B,3.20%,$8.64B,$2.02B,23.39%,$8.64B,$-1.47B,-16.96%,$8.64B,$-0.97B,-11.18%,$-0.97B,$8.77B,-10.66%,$-0.97B,$8.58B,-10.88%,$-0.97B,$18.78B,-5.08%,$0.28B,$13.51B,2.00%,$2485,$1474,$1012,$5,$362,$2724,$-239,$-73,$-311,$-119,$-193,$-193,$-193,$259,$-239,$833,833,$-0.23,$-0.23,$2953,$746,$10,$4765,$12514,$0,$186,$1272,$14010,$18775,$1537,$4744,$1867,$8470,$10006,$4245,$573,$618,$8769,$18775,$-488,$1204,$-35,$1169,$0,$0,$0,$-147,$-147,$535,$-595,$0,$6,$0,$0,$0,$-52,$-641,$0,$0,$0,$0,$0,$-95,$-1,$-96,$-196,$0,$-95
9,2016-06-30,13.39,$10.87,1.23,$10.39,1.29,$2.43,5.5,$0.72,18.6,$4.83B,$1.67B,2.89,$4.76B,$9.06B,0.53,$8.66B,$3.70B,42.67%,$8.66B,$0.38B,4.39%,$8.66B,$0.38B,4.39%,$8.66B,$1.94B,22.42%,$8.66B,$0.39B,4.53%,$8.66B,$0.60B,6.97%,$0.60B,$9.06B,6.45%,$0.60B,$8.87B,6.58%,$0.60B,$19.18B,3.11%,$0.38B,$13.82B,2.69%,$2333,$1262,$1071,$5,$377,$2514,$-181,$-89,$-270,$-63,$-207,$-207,$-207,$130,$-181,$833,833,$-0.25,$-0.25,$2933,$767,$29,$4834,$12816,$0,$188,$1338,$14342,$19176,$1672,$4758,$1723,$8443,$10115,$4294,$806,$593,$9060,$19176,$-299,$706,$-46,$660,$0,$0,$0,$-61,$-61,$300,$-440,$0,$0,$0,$0,$0,$-56,$-496,$0,$0,$0,$0,$0,$-64,$-1,$-65,$-252,$0,$-64
10,2016-03-31,12.56,$10.47,1.2,$11.25,1.12,$2.42,5.19,$1.09,11.53,$4.40B,$1.35B,3.26,$4.45B,$8.72B,0.51,$9.36B,$3.35B,35.77%,$9.36B,$0.79B,8.45%,$9.36B,$0.79B,8.45%,$9.36B,$2.44B,26.05%,$9.36B,$0.81B,8.63%,$9.36B,$0.91B,9.76%,$0.91B,$8.72B,9.76%,$0.91B,$8.55B,9.96%,$0.91B,$17.85B,4.62%,$0.79B,$13.18B,5.59%,$1635,$994,$642,$14,$372,$1797,$-162,$-82,$-244,$-158,$-86,$-86,$-86,$233,$-162,$833,833,$-0.10,$-0.10,$2829,$625,$128,$4395,$12046,$0,$176,$1230,$13453,$17848,$1349,$4453,$1441,$7776,$9125,$4032,$982,$551,$8723,$17848,$-86,$395,$-290,$105,$0,$0,$0,$114,$114,$133,$-235,$0,$0,$0,$1,$1,$-34,$-269,$0,$0,$0,$0,$0,$-30,$0,$-30,$-162,$0,$-30
11,2015-12-31,12.16,$0.00,0.0,$12.64,0.96,$2.30,5.29,$0.48,25.34,$5.07B,$1.46B,3.48,$5.11B,$9.70B,0.53,$10.33B,$3.10B,29.99%,$10.33B,$0.87B,8.45%,$10.33B,$0.87B,8.45%,$10.33B,$2.53B,24.48%,$10.33B,$0.42B,4.08%,$10.33B,$0.45B,4.32%,$0.45B,$9.70B,4.73%,$0.45B,$9.51B,4.83%,$0.45B,$20.19B,2.18%,$0.87B,$14.81B,6.09%,$2191,$499,$1692,$102,$252,$1332,$859,$-1420,$-641,$-184,$-458,$-480,$-480,$1400,$859,$833,833,$-0.58,$-0.58,$3214,$634,$236,$5068,$29797,$0,$189,$1363,$31350,$20194,$1455,$5109,$1723,$9037,$10492,$4333,$1180,$0,$9702,$20194,$484,$1655,$0,$1655,$0,$0,$0,$0,$-170,$1154,$-1342,$0,$2246,$0,$0,$2,$-211,$695,$0,$-20,$0,$0,$1135,$-413,$-2,$700,$2523,$0,$0
12,2015-09-30,14.48,$0.00,0.0,$14.45,1.0,$3.42,4.24,$0.57,25.39,$5.31B,$1.49B,3.58,$4.83B,$9.96B,0.49,$11.50B,$1.39B,12.07%,$11.50B,$-0.65B,-5.63%,$11.50B,$-0.65B,-5.63%,$11.50B,$0.93B,8.10%,$11.50B,$0.57B,4.99%,$11.50B,$0.55B,4.80%,$0.55B,$9.96B,5.93%,$0.55B,$9.78B,6.06%,$0.55B,$20.46B,2.62%,$-0.65B,$14.80B,-4.57%,$2503,$2211,$291,$0,$66,$2639,$-136,$1680,$1547,$168,$1379,$1377,$1377,$179,$-136,$833,833,$1.65,$1.65,$3369,$867,$225,$5313,$0,$0,$185,$66,$251,$20461,$1485,$4832,$1943,$9013,$10498,$4237,$1746,$0,$9963,$20461,$964,$1114,$0,$1114,$0,$0,$0,$0,$-202,$882,$1576,$0,$0,$0,$0,$0,$-537,$1039,$0,$-15,$0,$0,$1109,$-303,$-2,$790,$2693,$0,$0
13,2015-06-30,15.15,$0.00,0.0,$17.28,0.88,$1.42,10.7,$-0.66,0.0,$4.37B,$1.90B,2.3,$4.78B,$9.03B,0.53,$13.42B,$2.03B,15.11%,$13.42B,$-0.09B,-0.70%,$13.42B,$-0.09B,-0.70%,$13.42B,$1.61B,11.98%,$13.42B,$-0.48B,-3.60%,$13.42B,$-0.51B,-3.80%,$-0.51B,$9.03B,-5.49%,$-0.51B,$8.83B,-5.69%,$-0.51B,$20.47B,-2.34%,$-0.09B,$13.80B,-0.67%,$3030,$2307,$723,$22,$61,$2800,$230,$-128,$146,$44,$102,$102,$102,$626,$230,$829,829,$0.12,$0.12,$1293,$1050,$905,$4366,$0,$0,$197,$61,$258,$20471,$1899,$4779,$2268,$9547,$11446,$4501,$498,$0,$9025,$20471,$-441,$799,$0,$799,$0,$0,$0,$0,$-239,$496,$-644,$0,$0,$0,$0,$0,$-224,$-868,$0,$0,$0,$0,$1179,$-214,$-16,$948,$575,$0,$0
14,2015-03-31,15.77,$0.00,0.0,$20.23,0.78,$1.65,9.56,$-0.03,0.0,$3.86B,$1.96B,1.97,$4.83B,$8.99B,0.54,$15.40B,$2.60B,16.88%,$15.40B,$0.43B,2.77%,$15.40B,$0.43B,2.77%,$15.40B,$2.18B,14.18%,$15.40B,$0.13B,0.82%,$15.40B,$-0.04B,-0.29%,$-0.04B,$8.99B,-0.47%,$-0.04B,$8.80B,-0.49%,$-0.04B,$20.89B,-0.20%,$0.43B,$13.82B,3.00%,$2601,$2211,$390,$6,$62,$2682,$-81,$-487,$-631,$-91,$-540,$-553,$-553,$323,$-81,$777,777,$-0.71,$-0.71,$1458,$1010,$275,$3859,$0,$0,$196,$56,$251,$20889,$1960,$4827,$2402,$9936,$11896,$4393,$573,$0,$8993,$20889,$-540,$403,$0,$403,$0,$0,$0,$0,$-178,$222,$-415,$0,$0,$0,$0,$2,$-107,$-520,$0,$-15,$0,$0,$1171,$-112,$0,$1044,$744,$0,$0
15,2014-12-31,19.03,$0.00,0.0,$22.90,0.83,$1.45,13.11,$0.98,19.41,$3.80B,$2.68B,1.42,$4.95B,$9.23B,0.54,$17.36B,$3.32B,19.10%,$17.36B,$1.10B,6.31%,$17.36B,$1.10B,6.31%,$17.36B,$2.86B,16.48%,$17.36B,$1.08B,6.24%,$17.36B,$0.73B,4.23%,$0.73B,$9.23B,7.76%,$0.73B,$9.01B,8.25%,$0.73B,$22.38B,3.21%,$1.10B,$14.18B,7.70%,$3361,$3377,$-16,$84,$90,$4020,$-660,$33,$-488,$-48,$-439,$-374,$-374,$-197,$-660,$757,757,$-0.49,$-0.49,$800,$1109,$433,$3801,$0,$0,$219,$63,$283,$22376,$2679,$4945,$2530,$10467,$13147,$3524,$1449,$0,$9230,$22376,$674,$1763,$0,$1763,$0,$0,$0,$0,$-122,$3195,$-2518,$0,$0,$0,$0,$-1434,$11,$-3942,$0,$-16,$0,$0,$0,$-729,$24,$-722,$-1422,$0,$0
16,2014-09-30,24.49,$0.00,0.0,$24.16,1.01,$0.90,27.1,$1.40,17.49,$4.27B,$3.03B,1.41,$4.85B,$9.88B,0.49,$18.31B,$3.98B,21.72%,$18.31B,$1.88B,10.24%,$18.31B,$1.88B,10.24%,$18.31B,$3.64B,19.90%,$18.31B,$1.55B,8.44%,$18.31B,$1.06B,5.76%,$1.06B,$9.88B,11.03%,$1.06B,$9.20B,11.88%,$1.06B,$23.40B,4.51%,$1.88B,$14.72B,13.09%,$4426,$3496,$930,$3,$74,$4009,$417,$-184,$490,$165,$325,$315,$315,$856,$417,$757,759,$0.42,$0.42,$1063,$1453,$51,$4270,$0,$0,$679,$79,$758,$23396,$3030,$4846,$2604,$10489,$13519,$3576,$2089,$0,$9877,$23396,$1118,$1301,$0,$1301,$0,$0,$0,$0,$-89,$2444,$-1724,$0,$0,$0,$0,$-1454,$-88,$-3266,$0,$0,$0,$0,$0,$-555,$135,$-420,$-1192,$0,$0
17,2014-06-30,29.25,$0.00,0.0,$24.78,1.18,$0.20,145.18,$1.45,20.18,$4.23B,$3.40B,1.25,$4.60B,$9.56B,0.48,$18.77B,$4.18B,22.28%,$18.77B,$2.08B,11.08%,$18.77B,$2.08B,11.08%,$18.77B,$3.81B,20.30%,$18.77B,$1.58B,8.41%,$18.77B,$1.10B,5.84%,$1.10B,$9.56B,11.50%,$1.10B,$8.88B,12.41%,$1.10B,$23.04B,4.66%,$2.08B,$14.16B,14.61%,$5011,$3716,$1295,$5,$94,$4260,$751,$44,$756,$192,$564,$568,$568,$1201,$751,$757,758,$0.75,$0.75,$697,$1510,$3,$4233,$0,$0,$678,$71,$748,$23036,$3400,$4601,$2619,$10075,$13475,$3564,$1943,$0,$9561,$23036,$790,$862,$0,$862,$0,$0,$0,$0,$-420,$1436,$-1395,$0,$0,$0,$0,$0,$-1438,$-2832,$0,$0,$0,$0,$24,$-370,$139,$-206,$-1551,$0,$0
18,2014-03-31,25.96,$0.00,0.0,$23.96,1.08,$0.27,94.88,$0.93,27.91,$4.23B,$3.65B,1.16,$4.72B,$9.17B,0.52,$18.15B,$3.94B,21.70%,$18.15B,$1.72B,9.50%,$18.15B,$1.72B,9.50%,$18.15B,$3.47B,19.10%,$18.15B,$1.10B,6.04%,$18.15B,$0.70B,3.87%,$0.70B,$9.17B,7.34%,$0.70B,$8.50B,7.93%,$0.70B,$22.68B,2.96%,$1.72B,$13.88B,12.03%,$4559,$3453,$1106,$0,$105,$3970,$588,$-348,$325,$101,$224,$225,$225,$1001,$588,$756,757,$0.30,$0.30,$740,$1450,$28,$4228,$0,$0,$671,$72,$742,$22683,$3649,$4716,$2490,$9867,$13516,$3523,$1548,$0,$9167,$22683,$224,$412,$0,$412,$0,$0,$0,$0,$-406,$415,$-752,$0,$0,$0,$0,$-1433,$10,$-2176,$0,$387,$0,$0,$20,$-183,$0,$223,$-1486,$0,$0
19,2013-12-31,25.45,$0.00,0.0,$23.49,1.08,$0.69,36.92,$0.85,29.94,$5.45B,$3.67B,1.49,$4.85B,$9.66B,0.5,$17.79B,$3.90B,21.90%,$17.79B,$1.67B,9.36%,$17.79B,$1.67B,9.36%,$17.79B,$3.45B,19.37%,$17.79B,$1.06B,5.97%,$17.79B,$0.64B,3.62%,$0.64B,$9.66B,6.63%,$0.64B,$8.94B,7.17%,$0.64B,$24.50B,2.67%,$1.67B,$14.52B,11.51%,$4316,$3670,$646,$4,$77,$4197,$119,$-441,$-25,$33,$-58,$-53,$-53,$586,$119,$756,757,$-0.07,$-0.07,$2382,$1223,$10,$5450,$0,$0,$718,$66,$784,$24503,$3671,$4854,$3536,$11170,$14841,$3747,$1613,$0,$9662,$24503,$643,$1781,$0,$1781,$0,$0,$0,$0,$-68,$3438,$-3176,$0,$251,$0,$0,$0,$1449,$-1476,$0,$-8,$-11,$0,$27,$-711,$-3,$-705,$1255,$0,$0
20,2013-09-30,26.31,$0.00,0.0,$22.69,1.16,$0.41,64.96,$0.76,34.62,$4.71B,$3.53B,1.34,$4.65B,$9.73B,0.48,$17.19B,$4.08B,23.75%,$17.19B,$1.94B,11.26%,$17.19B,$1.94B,11.26%,$17.19B,$3.66B,21.26%,$17.19B,$1.17B,6.79%,$17.19B,$0.58B,3.37%,$0.58B,$9.73B,5.94%,$0.58B,$9.02B,6.42%,$0.58B,$23.78B,2.41%,$1.94B,$14.38B,13.38%,$4881,$3746,$1135,$0,$99,$4259,$622,$-219,$522,$166,$356,$356,$356,$1022,$622,$756,757,$0.47,$0.47,$986,$1422,$517,$4710,$0,$0,$711,$1164,$1875,$23779,$3526,$4649,$3182,$10526,$14052,$3707,$1830,$0,$9727,$23779,$693,$1314,$0,$1314,$0,$0,$0,$0,$-203,$2467,$-2280,$0,$0,$0,$0,$-3,$207,$-2076,$0,$1,$-11,$0,$22,$-528,$-3,$-519,$-131,$0,$0
21,2013-06-30,24.94,$0.00,0.0,$22.02,1.13,$0.46,54.16,$0.67,37.23,$4.62B,$3.39B,1.37,$4.84B,$9.68B,0.5,$16.69B,$4.19B,25.08%,$16.69B,$2.05B,12.28%,$16.69B,$2.05B,12.28%,$16.69B,$3.78B,22.63%,$16.69B,$1.12B,6.72%,$16.69B,$0.52B,3.09%,$0.52B,$9.68B,5.23%,$0.52B,$8.96B,5.72%,$0.52B,$23.94B,2.12%,$2.05B,$14.52B,14.07%,$4390,$3339,$1050,$107,$80,$3995,$394,$-222,$274,$99,$175,$174,$174,$856,$394,$756,757,$0.23,$0.23,$807,$1347,$787,$4622,$0,$0,$722,$1307,$2029,$23941,$3385,$4837,$3409,$10872,$14257,$3761,$1675,$0,$9684,$23941,$342,$914,$0,$914,$0,$0,$0,$0,$-116,$1684,$-1589,$0,$0,$0,$0,$-6,$-73,$-1668,$0,$-1,$0,$0,$19,$-359,$0,$-341,$-327,$0,$0
22,2013-03-31,26.88,$0.00,0.0,$21.69,1.24,$0.47,57.52,$0.95,28.3,$4.84B,$3.54B,1.37,$4.74B,$9.76B,0.49,$16.44B,$4.06B,24.66%,$16.44B,$2.08B,12.62%,$16.44B,$2.08B,12.62%,$16.44B,$3.71B,22.58%,$16.44B,$1.48B,8.98%,$16.44B,$0.73B,4.44%,$0.73B,$9.76B,7.38%,$0.73B,$9.03B,8.15%,$0.73B,$24.29B,3.06%,$2.08B,$14.50B,14.53%,$4206,$3142,$1065,$0,$82,$3676,$531,$-377,$292,$122,$170,$167,$167,$983,$531,$756,758,$0.22,$0.22,$971,$1230,$813,$4840,$0,$0,$734,$1369,$2102,$24292,$3541,$4743,$3657,$10993,$14534,$3818,$1704,$0,$9758,$24292,$170,$452,$0,$452,$0,$0,$0,$0,$-75,$888,$-911,$0,$0,$0,$0,$-2,$17,$-896,$0,$0,$0,$0,$18,$-183,$0,$-165,$-181,$0,$0
23,2012-12-31,28.88,$0.00,0.0,$22.22,1.3,$0.18,162.24,$1.30,22.21,$4.58B,$3.27B,1.4,$4.68B,$9.81B,0.48,$16.85B,$4.10B,24.35%,$16.85B,$2.17B,12.85%,$16.85B,$2.17B,12.85%,$16.85B,$3.75B,22.26%,$16.85B,$1.78B,10.55%,$16.85B,$0.97B,5.77%,$0.97B,$9.81B,9.85%,$0.97B,$9.07B,11.00%,$0.97B,$24.23B,4.15%,$2.17B,$14.49B,15.53%,$3716,$2883,$833,$-67,$98,$3327,$389,$-435,$79,$193,$-114,$-118,$-118,$794,$389,$756,758,$-0.16,$-0.16,$1161,$1289,$667,$4582,$0,$0,$739,$1462,$2201,$24230,$3272,$4682,$3895,$11147,$14419,$3831,$1729,$0,$9812,$24230,$994,$1586,$0,$1586,$0,$0,$0,$0,$-223,$3422,$-3375,$0,$0,$0,$0,$-13,$50,$-3338,$0,$3,$1220,$0,$37,$-665,$-2,$592,$665,$0,$0
24,2012-09-30,29.81,$0.00,0.0,$23.04,1.29,$0.99,30.11,$1.81,16.47,$5.09B,$3.42B,1.49,$4.65B,$10.11B,0.46,$17.46B,$4.34B,24.85%,$17.46B,$2.38B,13.63%,$17.46B,$2.38B,13.63%,$17.46B,$3.94B,22.55%,$17.46B,$2.03B,11.61%,$17.46B,$1.36B,7.76%,$1.36B,$10.11B,13.84%,$1.36B,$8.97B,15.65%,$1.36B,$24.49B,5.90%,$2.38B,$14.76B,17.52%,$4381,$3142,$1239,$0,$104,$3645,$736,$-360,$477,$187,$290,$292,$292,$1145,$736,$756,758,$0.39,$0.38,$1550,$1226,$540,$5090,$0,$0,$1137,$1570,$2707,$24494,$3424,$4647,$3808,$10960,$14384,$3844,$2022,$0,$10109,$24494,$1116,$1181,$0,$1181,$0,$0,$0,$0,$-285,$2674,$-2445,$0,$0,$0,$0,$-10,$83,$-2372,$0,$3,$1224,$0,$35,$-500,$1,$763,$1053,$0,$0
25,2012-06-30,27.03,$0.00,0.0,$22.28,1.21,$1.34,20.19,$2.09,12.93,$3.62B,$3.05B,1.19,$3.50B,$9.88B,0.36,$16.89B,$3.85B,22.78%,$16.89B,$2.03B,12.01%,$16.89B,$2.03B,12.01%,$16.89B,$3.50B,20.70%,$16.89B,$2.37B,14.04%,$16.89B,$1.57B,9.28%,$1.57B,$9.88B,16.24%,$1.57B,$8.76B,18.41%,$1.57B,$22.56B,7.02%,$2.03B,$13.38B,15.36%,$4139,$3221,$918,$67,$56,$3721,$419,$110,$628,$236,$392,$389,$389,$791,$419,$756,758,$0.51,$0.51,$405,$1124,$756,$3621,$0,$0,$1121,$1789,$2910,$22556,$3054,$3503,$3743,$9625,$12679,$3788,$1872,$0,$9877,$22556,$814,$772,$0,$772,$0,$0,$0,$0,$-194,$1618,$-1517,$0,$0,$0,$0,$-15,$-73,$-1605,$0,$205,$0,$0,$32,$-329,$1,$-91,$-85,$0,$0
26,2012-03-31,30.34,$0.00,0.0,$22.41,1.35,$1.48,20.5,$2.50,12.13,$3.75B,$3.44B,1.09,$3.46B,$9.68B,0.36,$16.99B,$4.16B,24.50%,$16.99B,$2.49B,14.64%,$16.99B,$2.49B,14.64%,$16.99B,$3.89B,22.88%,$16.99B,$2.74B,16.12%,$16.99B,$1.87B,11.01%,$1.87B,$9.68B,19.78%,$1.87B,$8.55B,22.51%,$1.87B,$22.40B,8.56%,$2.49B,$13.14B,19.13%,$4613,$3501,$1113,$0,$93,$3993,$621,$-92,$593,$168,$425,$409,$409,$1020,$621,$755,760,$0.57,$0.57,$459,$1306,$628,$3750,$0,$0,$1130,$1866,$2996,$22396,$3443,$3458,$3627,$9271,$12715,$3815,$1657,$0,$9682,$22396,$425,$399,$0,$399,$0,$0,$0,$0,$-207,$664,$-906,$0,$66,$0,$0,$-2,$12,$-831,$0,$273,$0,$0,$31,$-166,$0,$138,$-35,$0,$0
27,2011-12-31,27.86,$0.00,0.0,$21.18,1.32,$1.67,16.68,$2.00,13.93,$3.96B,$3.43B,1.15,$3.57B,$9.52B,0.38,$16.05B,$4.00B,24.95%,$16.05B,$2.40B,14.92%,$16.05B,$2.40B,14.92%,$16.05B,$3.71B,23.09%,$16.05B,$2.23B,13.91%,$16.05B,$1.51B,9.42%,$1.51B,$9.52B,16.52%,$1.51B,$8.37B,18.90%,$1.51B,$22.46B,7.07%,$2.40B,$13.09B,18.90%,$4331,$3261,$1070,$0,$88,$3726,$605,$-340,$329,$79,$249,$266,$266,$983,$605,$754,757,$0.35,$0.35,$501,$1306,$729,$3958,$0,$0,$1146,$1970,$3116,$22460,$3429,$3569,$3817,$9513,$12941,$3825,$1417,$0,$9519,$22460,$1496,$1311,$0,$1311,$0,$0,$0,$0,$80,$3312,$-2650,$0,$0,$0,$0,$0,$90,$-2560,$0,$-9,$0,$0,$49,$-610,$6,$-565,$197,$0,$0
28,2011-09-30,25.61,$0.00,0.0,$19.74,1.3,$4.14,6.18,$1.75,14.64,$3.72B,$2.81B,1.32,$3.69B,$9.52B,0.39,$14.94B,$3.56B,23.82%,$14.94B,$1.91B,12.79%,$14.94B,$1.91B,12.79%,$14.94B,$3.19B,21.35%,$14.94B,$1.97B,13.15%,$14.94B,$1.32B,8.83%,$1.32B,$9.52B,14.33%,$1.32B,$8.36B,16.37%,$1.32B,$21.85B,6.24%,$1.91B,$13.20B,15.09%,$3807,$3059,$747,$0,$39,$3424,$383,$166,$822,$301,$522,$503,$503,$702,$383,$754,758,$0.67,$0.66,$366,$1241,$852,$3724,$0,$0,$1158,$2128,$3286,$21849,$2813,$3686,$3707,$9519,$12332,$3861,$1314,$0,$9517,$21849,$1240,$933,$0,$933,$0,$0,$0,$0,$-106,$2374,$-1881,$0,$0,$0,$0,$-21,$1,$-1902,$0,$-3,$0,$0,$45,$-462,$-3,$-423,$59,$0,$0
29,2011-06-30,31.21,$0.00,0.0,$18.70,1.67,$4.11,7.6,$1.37,22.78,$3.09B,$2.61B,1.18,$3.44B,$9.13B,0.38,$14.13B,$3.51B,24.81%,$14.13B,$1.87B,13.26%,$14.13B,$1.87B,13.26%,$14.13B,$3.13B,22.14%,$14.13B,$1.42B,10.04%,$14.13B,$1.03B,7.30%,$1.03B,$9.13B,11.13%,$1.03B,$7.96B,12.68%,$1.03B,$20.75B,4.91%,$1.87B,$12.57B,14.78%,$4239,$3006,$1233,$0,$57,$3361,$878,$133,$994,$317,$677,$693,$693,$1182,$878,$754,758,$0.91,$0.92,$253,$1103,$555,$3086,$0,$0,$1170,$2121,$3291,$20751,$2612,$3443,$3699,$9012,$11624,$3894,$956,$0,$9127,$20751,$726,$614,$0,$614,$0,$0,$0,$0,$-240,$1447,$-1239,$0,$0,$0,$0,$-23,$-57,$-1319,$0,$87,$0,$0,$39,$-312,$0,$-186,$-57,$0,$0
30,2011-03-31,32.44,$0.00,0.0,$17.37,1.87,$4.25,7.63,$0.67,48.42,$3.07B,$3.21B,0.96,$3.40B,$8.43B,0.4,$13.10B,$3.04B,23.21%,$13.10B,$1.39B,10.60%,$13.10B,$1.39B,10.60%,$13.10B,$2.66B,20.30%,$13.10B,$0.60B,4.60%,$13.10B,$0.50B,3.85%,$0.50B,$8.43B,5.34%,$0.50B,$7.29B,6.06%,$0.50B,$20.47B,2.37%,$1.39B,$11.84B,10.76%,$3671,$2717,$954,$0,$115,$3142,$529,$-452,$88,$41,$48,$49,$49,$839,$529,$753,758,$0.07,$0.07,$384,$953,$548,$3073,$0,$0,$1148,$2367,$3522,$20470,$3209,$3403,$3879,$8828,$12037,$3811,$427,$0,$8433,$20470,$48,$310,$0,$310,$0,$0,$0,$0,$-33,$640,$-737,$0,$0,$0,$0,$-10,$54,$-694,$0,$254,$0,$0,$31,$-153,$0,$132,$80,$0,$0
31,2010-12-31,27.23,$0.00,0.0,$17.12,1.59,$4.80,5.68,$1.29,21.11,$2.70B,$2.41B,1.12,$3.33B,$9.73B,0.34,$12.87B,$3.21B,24.93%,$12.87B,$1.62B,12.59%,$12.87B,$1.62B,12.59%,$12.87B,$2.89B,22.48%,$12.87B,$1.13B,8.77%,$12.87B,$0.97B,7.56%,$0.97B,$9.73B,10.03%,$0.97B,$8.62B,11.32%,$0.97B,$21.45B,4.53%,$1.62B,$13.06B,12.31%,$3222,$2598,$624,$0,$89,$3101,$121,$-79,$61,$-17,$78,$74,$74,$466,$121,$752,753,$0.10,$0.10,$291,$854,$494,$2695,$0,$0,$1113,$2567,$3680,$21454,$2413,$3332,$5977,$9310,$11723,$3608,$424,$0,$9731,$21454,$964,$1272,$0,$1272,$0,$0,$0,$0,$174,$2519,$0,$0,$0,$0,$0,$0,$-1744,$-1744,$0,$0,$-56,$0,$27,$-584,$0,$-613,$141,$0,$0
32,2010-09-30,23.41,$0.00,0.0,$16.61,1.41,$3.58,6.54,$1.22,19.19,$2.88B,$2.08B,1.38,$3.44B,$9.78B,0.35,$12.48B,$5.42B,43.41%,$12.48B,$4.33B,34.72%,$12.48B,$4.33B,34.72%,$12.48B,$5.26B,42.15%,$12.48B,$3.90B,31.27%,$12.48B,$0.92B,7.39%,$0.92B,$9.78B,9.65%,$0.92B,$8.67B,10.91%,$0.92B,$21.36B,4.34%,$4.33B,$13.21B,33.17%,$2997,$2302,$695,$0,$47,$2652,$345,$-173,$275,$61,$215,$215,$215,$641,$345,$752,752,$0.28,$0.28,$446,$829,$592,$2879,$0,$0,$1103,$2697,$3800,$21360,$2081,$3439,$6065,$9504,$11585,$3553,$496,$0,$9775,$21360,$885,$928,$0,$928,$0,$0,$0,$0,$202,$1863,$-1399,$0,$300,$0,$0,$3,$0,$-1096,$0,$0,$-35,$0,$11,$-433,$0,$-457,$297,$0,$0
