,Date,Stock Price,Book Value per Share,Price to Book Ratio,TTM Sales per Share,Price to Sales Ratio,TTM FCF per Share,Price to FCF Ratio,TTM Net EPS,PE Ratio,Current Assets,Current Liabilities,Current Ratio,Long Term Debt,Shareholder's Equity_x,Debt to Equity Ratio,TTM Revenue_x,TTM Gross Profit,Gross Margin,TTM Revenue_y,TTM Operating Income,Operating Margin,TTM Revenue_x,TTM EBIT,EBIT Margin,TTM Revenue_y,TTM EBITDA,EBITDA Margin,TTM Revenue_x,TTM Pre-Tax Income,Pre-Tax Margin,TTM Revenue_y,TTM Net Income_x,Net Margin,TTM Net Income_y,Shareholder's Equity_y,Return on Equity,TTM Net Income_x,Tangible Equity,Return on Tangible Equity,TTM Net Income_y,Total Assets,Return on Assets,TTM Net Income,LT Investments & Debt,Return on Investment,revenue,cost-goods-sold,gross-profit,research-development-expenses,selling-general-administrative-expenses,operating-expenses,operating-income,total-non-operating-income-expense,pre-tax-income,total-provision-income-taxes,income-after-taxes,income-from-continuous-operations,net-income,ebitda,ebit,basic-shares-outstanding,shares-outstanding,eps-basic-net-earnings-per-share,eps-earnings-per-share-diluted,cash-on-hand,inventory,other-current-assets,total-current-assets,net-property-plant-equipment,long-term-investments,goodwill-intangible-assets-total,other-long-term-assets,total-long-term-assets,total-assets,total-current-liabilities,long-term-debt,other-non-current-liabilities,total-long-term-liabilities,total-liabilities,common-stock-net,retained-earnings-accumulated-deficit,comprehensive-income,total-share-holder-equity,total-liabilities-share-holders-equity,net-income-loss,total-depreciation-amortization-cash-flow,other-non-cash-items,total-non-cash-items,change-in-accounts-receivable,change-in-inventories,change-in-accounts-payable,change-in-assets-liabilities,total-change-in-assets-liabilities,cash-flow-from-operating-activities,net-change-in-property-plant-equipment,net-change-in-intangible-assets,net-acquisitions-divestitures,net-change-in-short-term-investments,net-change-in-long-term-investments,net-change-in-investments-total,investing-activities-other,cash-flow-from-investing-activities,net-long-term-debt,net-current-debt,debt-issuance-retirement-net-total,net-common-equity-issued-repurchased,net-total-equity-issued-repurchased,total-common-preferred-stock-dividends-paid,financial-activities-other,cash-flow-from-financial-activities,net-cash-flow,stock-based-compensation,common-stock-dividends-paid
0,2018-07-31,92.5,$16.31,5.67,$61.87,1.49,$3.47,26.67,$2.50,37.0,$0.12B,$0.08B,1.48,$0.00B,$0.29B,0.0,$1.09B,$0.12B,11.34%,$1.09B,$0.07B,6.08%,$1.09B,$0.07B,6.08%,$1.09B,$0.08B,7.19%,$1.09B,$0.07B,6.08%,$1.09B,$0.04B,3.96%,$0.04B,$0.29B,16.38%,$0.04B,$0.27B,17.60%,$0.04B,$0.37B,11.68%,$0.07B,$0.29B,25.10%,$296,$263,$33,$0,$14,$277,$19,$0,$19,$3,$16,$12,$12,$22,$19,$17,18,$0.71,$0.70,$2,$36,$0,$123,$121,$80,$18,$25,$250,$373,$83,$0,$0,$3,$86,$0,$112,$16,$287,$373,$33,$10,$11,$20,$-4,$-5,$0,$1,$-14,$40,$-12,$0,$0,$0,$-4,$-4,$0,$-15,$-0,$-12,$-12,$0,$0,$-17,$-1,$-30,$-5,$4,$-17
1,2018-04-30,93.7,$15.26,6.14,$62.21,1.51,$1.86,50.43,$2.30,40.74,$0.13B,$0.10B,1.24,$0.00B,$0.27B,0.0,$1.09B,$0.12B,10.54%,$1.09B,$0.06B,5.41%,$1.09B,$0.06B,5.41%,$1.09B,$0.07B,6.51%,$1.09B,$0.06B,5.41%,$1.09B,$0.04B,3.67%,$0.04B,$0.27B,15.81%,$0.04B,$0.25B,17.04%,$0.04B,$0.38B,10.84%,$0.06B,$0.27B,23.27%,$264,$232,$32,$0,$13,$245,$19,$-0,$19,$5,$14,$14,$14,$22,$19,$17,18,$0.81,$0.80,$2,$39,$0,$128,$122,$74,$18,$24,$247,$375,$104,$0,$0,$3,$107,$0,$100,$11,$268,$375,$21,$7,$4,$11,$-7,$-8,$0,$10,$-10,$21,$-9,$0,$0,$0,$0,$0,$0,$-9,$-0,$1,$1,$0,$0,$-17,$-1,$-17,$-4,$3,$-17
2,2018-01-31,87.0,$14.31,6.08,$62.57,1.39,$0.54,161.41,$2.24,38.84,$0.12B,$0.11B,1.09,$0.00B,$0.25B,0.0,$1.10B,$0.12B,10.85%,$1.10B,$0.06B,5.56%,$1.10B,$0.06B,5.56%,$1.10B,$0.07B,6.56%,$1.10B,$0.06B,5.56%,$1.10B,$0.04B,3.56%,$0.04B,$0.25B,15.90%,$0.04B,$0.23B,17.18%,$0.04B,$0.36B,10.51%,$0.06B,$0.25B,24.85%,$248,$222,$26,$0,$16,$237,$11,$0,$11,$4,$7,$7,$7,$14,$11,$17,18,$0.41,$0.41,$3,$31,$0,$116,$122,$71,$18,$24,$244,$361,$107,$0,$0,$3,$110,$0,$86,$8,$251,$361,$7,$3,$3,$6,$-3,$-0,$0,$1,$-5,$8,$-5,$0,$0,$0,$0,$0,$0,$-5,$-0,$12,$11,$0,$0,$-17,$-1,$-6,$-4,$2,$-17
3,2017-10-31,72.76,$13.92,5.23,$61.42,1.18,$-1.30,0.0,$2.13,34.16,$0.12B,$0.12B,1.03,$0.00B,$0.24B,0.0,$1.08B,$0.12B,10.69%,$1.08B,$0.06B,5.39%,$1.08B,$0.06B,5.39%,$1.08B,$0.07B,6.32%,$1.08B,$0.06B,5.39%,$1.08B,$0.04B,3.44%,$0.04B,$0.24B,15.60%,$0.04B,$0.23B,16.89%,$0.04B,$0.36B,10.06%,$0.06B,$0.25B,24.40%,$277,$246,$32,$0,$15,$260,$17,$1,$17,$7,$11,$10,$10,$20,$17,$17,18,$0.59,$0.59,$7,$31,$0,$120,$120,$73,$18,$23,$244,$364,$116,$0,$1,$4,$120,$0,$78,$10,$244,$364,$37,$11,$8,$19,$-1,$1,$0,$-8,$6,$62,$-45,$0,$0,$0,$-10,$-10,$0,$-54,$-0,$1,$1,$0,$0,$-16,$-1,$-16,$-7,$4,$-16
4,2017-07-31,73.1,$14.19,5.15,$59.80,1.22,$-0.00,0.0,$2.07,35.31,$0.13B,$0.12B,1.07,$0.00B,$0.25B,0.0,$1.05B,$0.11B,10.51%,$1.05B,$0.06B,5.44%,$1.05B,$0.06B,5.44%,$1.05B,$0.07B,6.30%,$1.05B,$0.06B,5.35%,$1.05B,$0.04B,3.44%,$0.04B,$0.25B,15.65%,$0.04B,$0.23B,17.00%,$0.04B,$0.38B,10.03%,$0.06B,$0.25B,24.73%,$302,$277,$25,$0,$13,$289,$12,$-0,$12,$4,$8,$9,$9,$15,$12,$17,18,$0.51,$0.50,$9,$33,$0,$133,$118,$70,$18,$24,$244,$376,$124,$0,$0,$3,$127,$0,$85,$10,$249,$376,$27,$8,$5,$12,$-12,$-1,$0,$5,$2,$41,$-41,$0,$0,$0,$-8,$-8,$0,$-48,$-0,$19,$19,$0,$0,$-16,$-1,$2,$-5,$3,$-16
5,2017-04-30,64.76,$13.51,4.79,$57.69,1.12,$2.24,28.9,$2.30,28.16,$0.15B,$0.14B,1.05,$0.00B,$0.24B,0.0,$1.01B,$0.12B,11.71%,$1.01B,$0.07B,6.45%,$1.01B,$0.07B,6.45%,$1.01B,$0.07B,7.34%,$1.01B,$0.06B,6.35%,$1.01B,$0.04B,3.97%,$0.04B,$0.24B,18.00%,$0.04B,$0.22B,19.58%,$0.04B,$0.38B,11.48%,$0.07B,$0.24B,29.15%,$270,$234,$36,$0,$15,$249,$21,$-0,$21,$8,$13,$13,$13,$23,$21,$17,18,$0.74,$0.74,$10,$39,$0,$152,$114,$63,$18,$22,$232,$384,$144,$0,$0,$3,$147,$0,$76,$8,$237,$384,$18,$5,$4,$9,$-26,$-7,$0,$18,$-4,$23,$-34,$0,$0,$0,$-5,$-5,$0,$-39,$-0,$29,$28,$0,$0,$-16,$-1,$12,$-3,$3,$-16
6,2017-01-31,54.59,$12.51,4.36,$54.92,0.99,$3.84,14.22,$2.12,25.75,$0.12B,$0.12B,1.0,$0.00B,$0.22B,0.0,$0.96B,$0.11B,11.38%,$0.96B,$0.06B,6.16%,$0.96B,$0.06B,6.16%,$0.96B,$0.07B,7.10%,$0.96B,$0.06B,6.05%,$0.96B,$0.04B,3.86%,$0.04B,$0.22B,17.27%,$0.04B,$0.20B,18.85%,$0.04B,$0.35B,11.26%,$0.06B,$0.22B,27.41%,$227,$205,$22,$0,$14,$218,$8,$-0,$8,$3,$5,$5,$5,$10,$8,$17,17,$0.30,$0.30,$8,$24,$0,$124,$115,$54,$18,$20,$223,$347,$124,$0,$0,$3,$128,$0,$63,$4,$219,$347,$5,$2,$2,$4,$-6,$7,$0,$-5,$-8,$2,$-31,$0,$0,$0,$-2,$-2,$0,$-33,$-0,$41,$40,$0,$0,$-16,$0,$25,$-6,$2,$-16
7,2016-10-31,57.59,$12.33,4.67,$53.69,1.07,$5.80,9.93,$2.19,26.3,$0.14B,$0.11B,1.23,$0.00B,$0.22B,0.0,$0.94B,$0.11B,11.54%,$0.94B,$0.06B,6.52%,$0.94B,$0.06B,6.52%,$0.94B,$0.07B,7.48%,$0.94B,$0.06B,6.41%,$0.94B,$0.04B,4.06%,$0.04B,$0.22B,18.38%,$0.04B,$0.20B,20.13%,$0.04B,$0.33B,12.07%,$0.06B,$0.22B,29.36%,$248,$221,$27,$0,$12,$232,$16,$-1,$15,$5,$10,$10,$9,$18,$16,$17,17,$0.53,$0.52,$14,$32,$0,$135,$88,$59,$18,$13,$193,$328,$109,$0,$0,$4,$113,$0,$58,$7,$215,$328,$38,$9,$4,$13,$-12,$-5,$0,$14,$11,$62,$-22,$0,$0,$0,$-4,$-4,$4,$-22,$-2,$-18,$-20,$0,$0,$-14,$0,$-34,$7,$2,$-14
8,2016-07-31,64.05,$12.53,5.11,$51.46,1.24,$4.60,13.91,$1.94,33.02,$0.15B,$0.11B,1.36,$0.00B,$0.22B,0.0,$0.90B,$0.10B,11.27%,$0.90B,$0.05B,6.03%,$0.90B,$0.05B,6.03%,$0.90B,$0.06B,7.03%,$0.90B,$0.05B,5.92%,$0.90B,$0.03B,3.79%,$0.03B,$0.22B,17.04%,$0.03B,$0.20B,18.73%,$0.03B,$0.34B,11.18%,$0.05B,$0.22B,26.93%,$263,$231,$33,$0,$12,$243,$20,$-0,$20,$7,$13,$13,$13,$23,$20,$17,17,$0.73,$0.73,$15,$36,$0,$153,$80,$51,$18,$14,$182,$335,$113,$0,$0,$3,$116,$0,$64,$4,$218,$335,$29,$7,$2,$9,$-28,$-10,$0,$36,$17,$55,$-16,$0,$0,$0,$-1,$-1,$4,$-13,$-2,$-18,$-21,$0,$0,$-14,$-0,$-35,$7,$2,$-14
9,2016-04-30,55.67,$11.78,4.73,$49.74,1.12,$3.43,16.24,$1.71,32.55,$0.13B,$0.10B,1.31,$0.00B,$0.21B,0.0,$0.87B,$0.09B,10.64%,$0.87B,$0.05B,5.55%,$0.87B,$0.05B,5.55%,$0.87B,$0.06B,6.47%,$0.87B,$0.05B,5.43%,$0.87B,$0.03B,3.47%,$0.03B,$0.21B,15.40%,$0.03B,$0.19B,17.00%,$0.03B,$0.30B,10.22%,$0.05B,$0.21B,24.55%,$220,$193,$27,$0,$12,$205,$15,$0,$15,$6,$10,$10,$10,$17,$15,$17,17,$0.56,$0.56,$8,$30,$0,$128,$75,$51,$18,$14,$176,$304,$98,$1,$0,$1,$99,$0,$52,$5,$205,$304,$16,$4,$2,$6,$-17,$-3,$0,$15,$4,$26,$-9,$0,$0,$0,$0,$0,$4,$-5,$-2,$-5,$-7,$0,$0,$-14,$0,$-20,$1,$1,$-14
10,2016-01-31,50.39,$10.86,4.64,$49.86,1.01,$2.91,17.31,$1.64,30.73,$0.13B,$0.10B,1.24,$0.00B,$0.19B,0.0,$0.87B,$0.09B,10.15%,$0.87B,$0.05B,5.31%,$0.87B,$0.05B,5.31%,$0.87B,$0.05B,6.23%,$0.87B,$0.05B,5.19%,$0.87B,$0.03B,3.23%,$0.03B,$0.19B,14.62%,$0.03B,$0.17B,16.18%,$0.03B,$0.29B,9.51%,$0.05B,$0.19B,23.93%,$205,$184,$21,$0,$11,$194,$10,$0,$10,$4,$6,$6,$6,$12,$10,$17,17,$0.37,$0.37,$8,$27,$0,$126,$72,$42,$18,$13,$166,$292,$101,$1,$0,$1,$102,$0,$42,$-1,$189,$292,$6,$2,$1,$3,$-16,$-1,$0,$9,$-0,$9,$-4,$0,$0,$0,$0,$0,$4,$-0,$-1,$7,$6,$0,$0,$-14,$0,$-8,$1,$0,$-14
11,2015-10-31,49.28,$10.70,4.61,$49.35,1.0,$2.34,21.09,$1.58,31.19,$0.12B,$0.10B,1.19,$0.00B,$0.19B,0.0,$0.86B,$0.09B,9.92%,$0.86B,$0.04B,5.13%,$0.86B,$0.04B,5.13%,$0.86B,$0.05B,6.07%,$0.86B,$0.04B,5.02%,$0.86B,$0.03B,3.15%,$0.03B,$0.19B,14.27%,$0.03B,$0.17B,15.81%,$0.03B,$0.29B,9.18%,$0.04B,$0.19B,23.13%,$208,$188,$20,$0,$11,$199,$9,$-0,$8,$4,$5,$5,$5,$11,$9,$17,17,$0.27,$0.27,$7,$26,$0,$117,$69,$47,$18,$14,$168,$285,$98,$1,$0,$1,$99,$0,$35,$2,$186,$285,$27,$8,$6,$14,$-2,$5,$0,$-3,$-4,$37,$-18,$0,$0,$0,$-2,$-2,$-1,$-21,$-5,$1,$-4,$1,$1,$-13,$0,$-16,$0,$2,$-13
12,2015-07-31,52.26,$11.42,4.58,$49.03,1.07,$1.98,26.34,$1.29,40.51,$0.13B,$0.09B,1.39,$0.00B,$0.20B,0.0,$0.85B,$0.08B,9.88%,$0.85B,$0.03B,3.88%,$0.85B,$0.03B,3.88%,$0.85B,$0.04B,4.71%,$0.85B,$0.03B,3.76%,$0.85B,$0.02B,2.47%,$0.02B,$0.20B,11.20%,$0.02B,$0.18B,12.43%,$0.02B,$0.29B,7.16%,$0.03B,$0.20B,17.46%,$232,$208,$24,$0,$11,$219,$14,$-0,$14,$5,$9,$9,$9,$16,$14,$17,17,$0.50,$0.50,$6,$32,$0,$130,$66,$55,$18,$8,$163,$293,$93,$1,$0,$1,$94,$0,$45,$7,$199,$293,$22,$6,$2,$8,$-10,$-1,$0,$12,$2,$33,$-14,$0,$0,$0,$-2,$-2,$-1,$-17,$-4,$0,$-4,$0,$0,$-13,$0,$-17,$-1,$2,$-13
13,2015-04-30,48.56,$11.02,4.41,$48.04,1.01,$2.06,23.52,$1.81,26.83,$0.15B,$0.12B,1.29,$0.00B,$0.19B,0.01,$0.84B,$0.08B,9.56%,$0.84B,$0.01B,0.72%,$0.84B,$0.01B,0.72%,$0.84B,$0.01B,1.55%,$0.84B,$0.02B,2.15%,$0.84B,$0.01B,1.67%,$0.01B,$0.19B,7.91%,$0.01B,$0.17B,8.82%,$0.01B,$0.31B,4.89%,$0.01B,$0.19B,3.35%,$222,$199,$23,$0,$10,$209,$13,$0,$13,$5,$8,$8,$8,$15,$13,$17,17,$0.49,$0.49,$9,$31,$0,$148,$61,$58,$18,$9,$160,$308,$115,$1,$0,$1,$116,$0,$36,$10,$192,$308,$14,$4,$1,$5,$-24,$-0,$0,$20,$-4,$15,$-7,$0,$0,$0,$0,$0,$0,$-7,$-2,$9,$7,$0,$0,$-13,$0,$-6,$3,$1,$-13
14,2015-01-31,38.45,$10.40,3.7,$46.64,0.82,$2.05,18.73,$1.75,21.97,$0.13B,$0.11B,1.24,$0.00B,$0.18B,0.01,$0.81B,$0.08B,9.38%,$0.81B,$-0.00B,-0.49%,$0.81B,$-0.00B,-0.49%,$0.81B,$0.00B,0.25%,$0.81B,$0.01B,0.99%,$0.81B,$0.01B,0.99%,$0.01B,$0.18B,4.83%,$0.01B,$0.16B,5.43%,$0.01B,$0.29B,2.92%,$-0.00B,$0.18B,-2.37%,$195,$177,$18,$0,$10,$186,$8,$-0,$8,$3,$5,$5,$5,$10,$8,$17,17,$0.31,$0.31,$5,$27,$0,$133,$59,$54,$18,$9,$157,$290,$108,$2,$0,$2,$110,$0,$27,$8,$180,$290,$5,$2,$0,$2,$-14,$4,$0,$1,$-9,$-2,$-4,$0,$0,$0,$0,$0,$0,$-4,$-1,$18,$17,$0,$0,$-13,$0,$4,$-2,$0,$-13
15,2014-10-31,45.81,$10.37,4.42,$46.08,0.99,$1.83,25.0,$1.69,27.11,$0.12B,$0.10B,1.22,$0.00B,$0.18B,0.02,$0.78B,$0.07B,9.20%,$0.78B,$-0.02B,-2.04%,$0.78B,$-0.02B,-2.04%,$0.78B,$-0.01B,-1.28%,$0.78B,$-0.00B,-0.51%,$0.78B,$0.00B,0.13%,$0.00B,$0.18B,0.66%,$0.00B,$0.16B,0.75%,$0.00B,$0.28B,0.38%,$-0.02B,$0.18B,-10.22%,$201,$182,$19,$0,$9,$203,$-2,$-0,$-3,$-1,$-1,$-1,$-1,$-1,$-2,$16,17,$-0.08,$-0.06,$7,$31,$0,$123,$57,$63,$18,$10,$160,$283,$101,$3,$0,$3,$104,$0,$22,$13,$179,$283,$-0,$7,$26,$33,$-2,$-2,$0,$-13,$-9,$25,$-12,$0,$0,$0,$-0,$-0,$-10,$-22,$-5,$2,$-3,$10,$10,$-11,$0,$-4,$-1,$54,$-11
16,2014-07-31,32.55,$9.95,3.27,$47.25,0.69,$1.55,21.0,$2.10,15.5,$0.12B,$0.10B,1.23,$0.00B,$0.16B,0.02,$0.77B,$0.07B,9.06%,$0.77B,$-0.04B,-4.92%,$0.77B,$-0.04B,-4.92%,$0.77B,$-0.03B,-4.14%,$0.77B,$-0.03B,-3.23%,$0.77B,$-0.01B,-1.42%,$-0.01B,$0.16B,-8.03%,$-0.01B,$0.14B,-9.26%,$-0.01B,$0.27B,-4.41%,$-0.04B,$0.16B,-26.62%,$219,$199,$20,$0,$10,$232,$-13,$13,$-0,$-2,$1,$1,$2,$-11,$-13,$16,18,$0.10,$0.09,$9,$33,$0,$124,$54,$58,$18,$10,$141,$265,$101,$4,$0,$7,$108,$0,$82,$9,$157,$265,$1,$5,$14,$19,$-9,$-4,$0,$6,$8,$27,$-7,$0,$0,$0,$-0,$-0,$-9,$-16,$-4,$-5,$-9,$10,$10,$-11,$0,$-10,$1,$41,$-11
17,2014-04-30,29.34,$9.24,3.18,$47.98,0.61,$1.11,26.34,$1.51,19.43,$0.13B,$0.10B,1.28,$0.01B,$0.15B,0.04,$0.75B,$0.07B,9.08%,$0.75B,$-0.02B,-2.14%,$0.75B,$-0.02B,-2.14%,$0.75B,$-0.01B,-1.34%,$0.75B,$-0.02B,-2.14%,$0.75B,$-0.01B,-0.93%,$-0.01B,$0.15B,-5.46%,$-0.01B,$0.13B,-6.36%,$-0.01B,$0.26B,-2.89%,$-0.02B,$0.15B,-11.81%,$195,$176,$19,$0,$9,$192,$3,$-0,$3,$1,$1,$1,$2,$4,$3,$16,17,$0.10,$0.09,$20,$32,$0,$133,$56,$41,$18,$11,$127,$259,$104,$6,$0,$10,$114,$0,$66,$10,$146,$259,$-1,$3,$10,$14,$-9,$-4,$0,$5,$0,$13,$-5,$0,$0,$0,$-0,$-0,$0,$-6,$-2,$7,$5,$0,$0,$-11,$0,$-6,$2,$17,$-11
18,2014-01-31,28.67,$8.03,3.57,$47.85,0.6,$0.69,41.79,$1.23,23.31,$0.11B,$0.10B,1.15,$0.01B,$0.13B,0.05,$0.72B,$0.06B,8.47%,$0.72B,$-0.02B,-2.22%,$0.72B,$-0.02B,-2.22%,$0.72B,$-0.01B,-1.25%,$0.72B,$-0.02B,-2.22%,$0.72B,$-0.01B,-0.97%,$-0.01B,$0.13B,-5.91%,$-0.01B,$0.11B,-6.97%,$-0.01B,$0.23B,-3.01%,$-0.02B,$0.13B,-12.55%,$168,$155,$14,$0,$8,$172,$-4,$-0,$-4,$-2,$-2,$-2,$-2,$-2,$-4,$16,16,$-0.11,$-0.11,$6,$28,$0,$114,$53,$37,$18,$12,$121,$234,$99,$7,$0,$9,$108,$0,$60,$8,$126,$234,$-2,$2,$4,$6,$-5,$1,$0,$-11,$-10,$-7,$-2,$0,$0,$0,$-0,$-0,$0,$-2,$-1,$19,$18,$0,$0,$-11,$0,$7,$-2,$9,$-11
19,2013-10-31,27.38,$7.58,3.61,$46.55,0.59,$1.20,22.79,$1.16,23.61,$0.11B,$0.11B,0.97,$0.01B,$0.12B,0.07,$0.69B,$0.06B,8.68%,$0.69B,$-0.01B,-1.16%,$0.69B,$-0.01B,-1.16%,$0.69B,$-0.00B,-0.14%,$0.69B,$-0.01B,-1.16%,$0.69B,$-0.00B,-0.29%,$-0.00B,$0.12B,-1.74%,$-0.00B,$0.10B,-2.06%,$-0.00B,$0.24B,-0.88%,$-0.01B,$0.13B,-6.37%,$191,$174,$17,$0,$8,$215,$-24,$-0,$-24,$-10,$-14,$-14,$-13,$-23,$-24,$15,15,$-0.88,$-0.88,$8,$29,$0,$110,$53,$47,$18,$12,$130,$240,$113,$8,$0,$8,$121,$0,$35,$13,$119,$240,$-3,$6,$23,$29,$-16,$-6,$0,$3,$-13,$14,$-7,$0,$0,$0,$-1,$-1,$0,$-8,$-5,$14,$8,$-4,$-4,$-10,$0,$-5,$1,$34,$-10
20,2013-07-31,25.05,$8.29,3.02,$43.08,0.58,$1.68,14.94,$1.18,21.23,$0.11B,$0.09B,1.22,$0.01B,$0.12B,0.07,$0.64B,$0.06B,9.50%,$0.64B,$0.02B,3.27%,$0.64B,$0.02B,3.27%,$0.64B,$0.03B,4.52%,$0.64B,$0.02B,3.43%,$0.64B,$0.02B,2.49%,$0.02B,$0.12B,14.16%,$0.02B,$0.10B,16.89%,$0.02B,$0.24B,7.26%,$0.02B,$0.13B,16.87%,$195,$177,$18,$0,$9,$186,$9,$-0,$9,$3,$6,$6,$6,$11,$9,$15,15,$0.43,$0.43,$6,$32,$0,$112,$52,$39,$18,$13,$123,$235,$92,$9,$0,$21,$113,$0,$61,$9,$122,$235,$11,$5,$2,$7,$-22,$-9,$0,$20,$-3,$16,$-5,$0,$0,$0,$0,$0,$0,$-5,$-4,$6,$2,$-4,$-4,$-10,$0,$-12,$-1,$0,$-10
21,2013-04-30,26.16,$7.31,3.58,$40.32,0.65,$1.78,14.72,$1.13,23.15,$0.11B,$0.10B,1.12,$0.01B,$0.11B,0.1,$0.60B,$0.06B,9.83%,$0.60B,$0.02B,3.33%,$0.60B,$0.02B,3.33%,$0.60B,$0.03B,4.67%,$0.60B,$0.02B,3.50%,$0.60B,$0.02B,2.67%,$0.02B,$0.11B,14.61%,$0.02B,$0.09B,17.53%,$0.02B,$0.22B,7.57%,$0.02B,$0.12B,16.36%,$166,$155,$12,$0,$8,$163,$3,$-0,$3,$1,$2,$2,$2,$5,$3,$15,15,$0.15,$0.15,$7,$25,$0,$106,$51,$33,$18,$14,$116,$222,$95,$11,$0,$19,$114,$0,$54,$5,$107,$222,$5,$3,$2,$5,$-20,$-2,$0,$12,$-6,$3,$-3,$0,$0,$0,$0,$0,$0,$-3,$-2,$15,$13,$-4,$-4,$-10,$0,$-0,$0,$0,$-10
22,2013-01-31,22.98,$7.59,3.03,$38.50,0.6,$1.51,15.26,$1.15,19.98,$0.09B,$0.08B,1.16,$0.01B,$0.11B,0.11,$0.57B,$0.06B,10.82%,$0.57B,$0.02B,4.19%,$0.57B,$0.02B,4.19%,$0.57B,$0.03B,5.41%,$0.57B,$0.03B,4.36%,$0.57B,$0.02B,2.97%,$0.02B,$0.11B,15.74%,$0.02B,$0.09B,18.94%,$0.02B,$0.22B,8.21%,$0.02B,$0.13B,19.67%,$139,$126,$13,$0,$9,$135,$4,$-0,$4,$2,$3,$3,$3,$6,$4,$15,15,$0.18,$0.18,$9,$22,$0,$94,$51,$38,$18,$15,$122,$216,$81,$12,$0,$22,$104,$0,$52,$9,$113,$216,$3,$2,$1,$3,$-9,$1,$0,$-1,$-4,$1,$-2,$0,$0,$0,$0,$0,$0,$-2,$-1,$13,$12,$0,$0,$-10,$0,$2,$2,$0,$-10
23,2012-10-31,21.2,$7.42,2.86,$37.05,0.57,$1.44,14.7,$1.15,18.44,$0.08B,$0.07B,1.13,$0.01B,$0.11B,0.12,$0.55B,$0.06B,11.07%,$0.55B,$0.02B,4.36%,$0.55B,$0.02B,4.36%,$0.55B,$0.03B,5.63%,$0.55B,$0.03B,4.54%,$0.55B,$0.02B,3.09%,$0.02B,$0.11B,16.23%,$0.02B,$0.09B,19.65%,$0.02B,$0.21B,8.45%,$0.02B,$0.12B,20.00%,$142,$124,$18,$0,$10,$136,$5,$0,$6,$1,$5,$5,$5,$7,$5,$15,15,$0.34,$0.32,$7,$23,$0,$83,$51,$39,$18,$16,$124,$208,$74,$13,$0,$24,$98,$0,$49,$9,$110,$208,$16,$6,$1,$7,$-3,$-5,$0,$4,$-1,$22,$-8,$0,$0,$0,$0,$0,$0,$-7,$-5,$2,$-3,$1,$1,$-8,$0,$-10,$4,$3,$-8
24,2012-07-31,24.23,$7.32,3.31,$37.66,0.64,$0.70,34.4,$0.98,24.72,$0.08B,$0.07B,1.2,$0.01B,$0.11B,0.13,$0.56B,$0.06B,10.07%,$0.56B,$0.03B,4.50%,$0.56B,$0.03B,4.50%,$0.56B,$0.03B,5.76%,$0.56B,$0.03B,4.50%,$0.56B,$0.02B,2.88%,$0.02B,$0.11B,15.80%,$0.02B,$0.09B,19.28%,$0.02B,$0.20B,8.18%,$0.03B,$0.12B,21.23%,$153,$137,$16,$0,$8,$145,$8,$-0,$8,$3,$6,$6,$6,$10,$8,$15,15,$0.38,$0.38,$5,$21,$0,$82,$50,$33,$18,$15,$117,$199,$69,$14,$0,$22,$91,$0,$53,$5,$108,$199,$11,$4,$0,$5,$-8,$-3,$0,$11,$3,$18,$-6,$0,$0,$0,$0,$0,$0,$-6,$-4,$2,$-2,$0,$0,$-8,$0,$-10,$2,$0,$-8
25,2012-04-30,25.76,$6.86,3.76,$38.50,0.67,$-0.51,0.0,$0.78,33.02,$0.09B,$0.08B,1.14,$0.02B,$0.10B,0.16,$0.57B,$0.05B,8.98%,$0.57B,$0.02B,3.70%,$0.57B,$0.02B,3.70%,$0.57B,$0.03B,4.93%,$0.57B,$0.02B,3.70%,$0.57B,$0.01B,2.29%,$0.01B,$0.10B,12.97%,$0.01B,$0.08B,15.90%,$0.01B,$0.21B,6.51%,$0.02B,$0.12B,17.80%,$139,$124,$15,$0,$8,$132,$7,$0,$7,$5,$3,$3,$3,$8,$7,$15,15,$0.17,$0.17,$5,$25,$0,$92,$49,$32,$18,$15,$114,$205,$80,$16,$0,$24,$104,$0,$47,$3,$101,$205,$5,$3,$0,$3,$-15,$-7,$0,$9,$-8,$-0,$-3,$0,$0,$0,$0,$0,$0,$-3,$-2,$15,$13,$0,$0,$-8,$0,$5,$2,$0,$-8
26,2012-01-31,24.43,$6.73,3.63,$37.17,0.66,$-0.82,0.0,$0.77,31.72,$0.08B,$0.07B,1.15,$0.02B,$0.10B,0.17,$0.55B,$0.05B,8.21%,$0.55B,$0.02B,3.28%,$0.55B,$0.02B,3.28%,$0.55B,$0.03B,4.56%,$0.55B,$0.02B,3.28%,$0.55B,$0.01B,2.19%,$0.01B,$0.10B,12.15%,$0.01B,$0.08B,14.33%,$0.01B,$0.19B,6.32%,$0.02B,$0.12B,15.82%,$117,$105,$12,$0,$7,$113,$4,$-0,$4,$2,$3,$3,$3,$6,$4,$15,15,$0.18,$0.18,$4,$21,$0,$78,$48,$33,$18,$16,$115,$193,$68,$17,$0,$26,$94,$0,$45,$5,$100,$193,$3,$1,$0,$1,$-4,$-3,$0,$-1,$-4,$0,$-2,$0,$0,$0,$0,$0,$0,$-1,$-1,$11,$10,$0,$0,$-8,$0,$2,$1,$0,$-8
27,2011-10-31,19.86,$6.52,3.05,$35.43,0.56,$-1.35,0.0,$0.75,26.48,$0.07B,$0.06B,1.14,$0.02B,$0.10B,0.19,$0.52B,$0.04B,8.05%,$0.52B,$0.02B,3.45%,$0.52B,$0.02B,3.45%,$0.52B,$0.02B,4.60%,$0.52B,$0.02B,3.45%,$0.52B,$0.01B,2.11%,$0.01B,$0.10B,11.34%,$0.01B,$0.08B,12.83%,$0.01B,$0.19B,6.06%,$0.02B,$0.11B,16.48%,$147,$134,$13,$0,$7,$141,$6,$-0,$6,$3,$4,$4,$4,$8,$6,$15,15,$0.25,$0.25,$3,$18,$0,$71,$47,$32,$18,$16,$114,$185,$63,$18,$0,$26,$89,$0,$42,$4,$96,$185,$11,$4,$1,$6,$4,$-2,$0,$-5,$-9,$8,$-5,$0,$-13,$0,$0,$0,$-3,$-21,$12,$10,$22,$0,$0,$-8,$1,$15,$2,$0,$-8
28,2011-07-31,18.19,$7.03,2.59,$32.77,0.55,$-0.51,0.0,$0.82,22.18,$0.10B,$0.08B,1.18,$0.02B,$0.10B,0.19,$0.48B,$0.04B,8.92%,$0.48B,$0.02B,3.94%,$0.48B,$0.02B,3.94%,$0.48B,$0.02B,4.98%,$0.48B,$0.02B,3.94%,$0.48B,$0.01B,2.49%,$0.01B,$0.10B,12.63%,$0.01B,$0.09B,13.75%,$0.01B,$0.22B,6.95%,$0.02B,$0.12B,18.23%,$165,$154,$11,$0,$7,$161,$4,$-0,$4,$2,$3,$3,$3,$6,$4,$15,15,$0.18,$0.18,$2,$22,$0,$99,$46,$38,$19,$14,$117,$216,$84,$19,$0,$28,$112,$0,$46,$8,$104,$216,$7,$3,$-0,$3,$-23,$-6,$0,$22,$-13,$-3,$-3,$0,$-13,$0,$0,$0,$-1,$-17,$13,$16,$29,$0,$0,$-8,$0,$21,$1,$0,$-8
29,2011-04-30,18.48,$6.47,2.86,$29.40,0.63,$1.11,16.71,$1.05,17.6,$0.08B,$0.06B,1.36,$0.01B,$0.10B,0.06,$0.43B,$0.05B,10.88%,$0.43B,$0.03B,5.79%,$0.43B,$0.03B,5.79%,$0.43B,$0.03B,6.71%,$0.43B,$0.03B,5.79%,$0.43B,$0.02B,3.47%,$0.02B,$0.10B,16.39%,$0.02B,$0.09B,17.14%,$0.02B,$0.17B,9.68%,$0.03B,$0.10B,25.58%,$119,$109,$9,$0,$6,$115,$4,$0,$4,$2,$2,$2,$2,$5,$4,$15,15,$0.16,$0.16,$1,$22,$0,$75,$42,$40,$4,$5,$91,$166,$55,$6,$0,$16,$71,$0,$44,$9,$95,$166,$5,$2,$-0,$2,$-9,$-7,$0,$8,$-12,$-5,$-3,$0,$0,$0,$0,$0,$0,$-3,$-0,$16,$16,$0,$0,$-8,$0,$8,$0,$0,$-8
30,2011-01-31,20.31,$6.33,3.21,$28.82,0.7,$2.23,9.12,$1.22,16.64,$0.07B,$0.05B,1.35,$0.01B,$0.09B,0.07,$0.42B,$0.05B,12.09%,$0.42B,$0.03B,6.87%,$0.42B,$0.03B,6.87%,$0.42B,$0.03B,7.58%,$0.42B,$0.03B,6.87%,$0.42B,$0.02B,4.27%,$0.02B,$0.09B,20.40%,$0.02B,$0.09B,21.36%,$0.02B,$0.16B,11.73%,$0.03B,$0.10B,30.45%,$91,$83,$9,$0,$5,$88,$4,$0,$4,$1,$2,$2,$2,$5,$4,$15,15,$0.16,$0.16,$1,$16,$0,$66,$41,$41,$4,$6,$93,$159,$49,$6,$0,$16,$66,$0,$41,$9,$93,$159,$2,$1,$-0,$1,$-5,$-1,$0,$-6,$-11,$-8,$-1,$0,$0,$0,$0,$0,$0,$-1,$-0,$17,$17,$0,$0,$-8,$0,$9,$-0,$0,$-8
31,2010-10-31,18.82,$6.00,3.14,$27.24,0.69,$2.71,6.94,$1.22,15.43,$0.06B,$0.05B,1.32,$0.01B,$0.09B,0.07,$0.40B,$0.05B,12.81%,$0.40B,$0.03B,7.29%,$0.40B,$0.03B,7.29%,$0.40B,$0.03B,8.04%,$0.40B,$0.03B,7.29%,$0.40B,$0.02B,4.52%,$0.02B,$0.09B,21.75%,$0.02B,$0.08B,22.78%,$0.02B,$0.15B,12.22%,$0.03B,$0.09B,31.61%,$107,$93,$14,$0,$7,$100,$7,$0,$7,$3,$5,$5,$5,$8,$7,$15,15,$0.32,$0.32,$1,$15,$0,$62,$41,$37,$4,$6,$88,$150,$47,$6,$0,$15,$62,$0,$39,$7,$88,$150,$18,$3,$1,$4,$-9,$-3,$0,$7,$-2,$20,$-5,$0,$-5,$0,$0,$0,$0,$-10,$-7,$2,$-5,$2,$2,$-7,$0,$-10,$0,$0,$-7
32,2010-07-31,18.15,$6.11,2.97,$25.49,0.71,$2.94,6.18,$1.06,17.12,$0.06B,$0.04B,1.42,$0.01B,$0.09B,0.08,$0.37B,$0.05B,12.37%,$0.37B,$0.03B,6.72%,$0.37B,$0.03B,6.72%,$0.37B,$0.03B,7.53%,$0.37B,$0.03B,6.72%,$0.37B,$0.02B,4.03%,$0.02B,$0.09B,19.23%,$0.02B,$0.09B,20.13%,$0.02B,$0.15B,10.68%,$0.03B,$0.10B,28.09%,$115,$99,$15,$0,$6,$105,$10,$0,$10,$4,$6,$6,$6,$11,$10,$15,15,$0.41,$0.41,$1,$16,$0,$61,$40,$33,$4,$6,$84,$145,$43,$7,$0,$12,$56,$0,$42,$5,$90,$145,$13,$2,$-0,$2,$-13,$-4,$0,$15,$6,$21,$-4,$0,$-5,$0,$0,$0,$2,$-7,$-7,$-2,$-8,$1,$1,$-7,$0,$-14,$1,$0,$-7
33,2010-04-30,14.9,$5.57,2.67,$25.00,0.6,$2.76,5.41,$0.82,18.17,$0.08B,$0.06B,1.22,$0.01B,$0.08B,0.12,$0.36B,$0.04B,11.29%,$0.36B,$0.02B,5.23%,$0.36B,$0.02B,5.23%,$0.36B,$0.02B,6.06%,$0.36B,$0.02B,5.23%,$0.36B,$0.01B,3.03%,$0.01B,$0.08B,14.77%,$0.01B,$0.08B,15.49%,$0.01B,$0.16B,7.89%,$0.02B,$0.09B,21.84%,$109,$96,$13,$0,$5,$102,$8,$0,$8,$3,$5,$5,$5,$8,$8,$15,15,$0.33,$0.33,$2,$15,$0,$77,$40,$31,$4,$8,$83,$160,$63,$9,$0,$15,$78,$0,$36,$4,$82,$160,$7,$2,$0,$2,$-17,$-3,$0,$18,$2,$11,$-2,$0,$-0,$0,$0,$0,$2,$-1,$-0,$-2,$-2,$1,$1,$-7,$0,$-8,$2,$0,$-7
34,2010-01-31,14.4,$4.93,2.92,$23.51,0.61,$3.01,4.79,$0.80,18.0,$0.06B,$0.05B,1.31,$0.01B,$0.07B,0.19,$0.34B,$0.04B,12.02%,$0.34B,$0.02B,5.28%,$0.34B,$0.02B,5.28%,$0.34B,$0.02B,6.45%,$0.34B,$0.02B,5.28%,$0.34B,$0.01B,2.93%,$0.01B,$0.07B,13.99%,$0.01B,$0.07B,14.65%,$0.01B,$0.13B,7.30%,$0.02B,$0.09B,20.45%,$67,$58,$9,$0,$5,$64,$4,$0,$4,$1,$2,$2,$2,$5,$4,$15,15,$0.16,$0.16,$1,$13,$0,$60,$39,$25,$4,$6,$74,$134,$46,$14,$0,$17,$63,$0,$32,$0,$71,$134,$2,$1,$-0,$1,$-7,$-2,$0,$4,$-3,$-0,$-1,$0,$0,$0,$0,$0,$0,$-1,$-0,$9,$9,$0,$0,$-7,$0,$2,$0,$0,$-7
35,2009-10-31,14.91,$4.79,3.11,$23.78,0.63,$3.44,4.34,$0.94,15.86,$0.05B,$0.04B,1.33,$0.01B,$0.07B,0.2,$0.35B,$0.04B,12.75%,$0.35B,$0.02B,6.09%,$0.35B,$0.02B,6.09%,$0.35B,$0.03B,7.25%,$0.35B,$0.02B,6.09%,$0.35B,$0.01B,3.48%,$0.01B,$0.07B,16.90%,$0.01B,$0.07B,17.78%,$0.01B,$0.12B,8.78%,$0.02B,$0.08B,23.27%,$81,$72,$9,$0,$6,$78,$3,$0,$3,$1,$2,$2,$2,$4,$3,$14,15,$0.16,$0.16,$1,$12,$0,$49,$39,$26,$4,$6,$74,$123,$37,$14,$0,$16,$53,$0,$29,$0,$69,$123,$14,$3,$-1,$3,$5,$3,$0,$-1,$6,$23,$-4,$0,$-2,$0,$0,$0,$0,$-6,$-1,$-11,$-13,$1,$1,$-5,$0,$-17,$-1,$0,$-5
36,2009-07-31,16.96,$5.21,3.26,$24.66,0.69,$2.35,7.2,$1.06,16.0,$0.07B,$0.05B,1.34,$0.01B,$0.08B,0.18,$0.36B,$0.05B,13.13%,$0.36B,$0.02B,6.70%,$0.36B,$0.02B,6.70%,$0.36B,$0.03B,7.82%,$0.36B,$0.02B,6.70%,$0.36B,$0.01B,3.91%,$0.01B,$0.08B,19.93%,$0.01B,$0.07B,21.05%,$0.01B,$0.14B,10.02%,$0.02B,$0.09B,26.02%,$106,$96,$10,$0,$6,$102,$4,$-0,$4,$2,$2,$2,$2,$5,$4,$14,15,$0.17,$0.17,$2,$15,$0,$65,$39,$27,$4,$6,$75,$141,$49,$14,$0,$17,$65,$0,$34,$2,$76,$141,$11,$2,$-0,$2,$-10,$-0,$0,$13,$5,$19,$-4,$0,$0,$0,$0,$0,$-0,$-4,$-1,$-8,$-10,$1,$1,$-5,$0,$-14,$1,$0,$-5
37,2009-04-30,11.87,$4.86,2.44,$24.04,0.49,$1.73,6.86,$0.99,11.99,$0.08B,$0.05B,1.45,$0.03B,$0.07B,0.36,$0.35B,$0.05B,12.89%,$0.35B,$0.02B,6.30%,$0.35B,$0.02B,6.30%,$0.35B,$0.03B,7.45%,$0.35B,$0.02B,6.30%,$0.35B,$0.01B,3.72%,$0.01B,$0.07B,18.57%,$0.01B,$0.07B,19.55%,$0.01B,$0.15B,9.15%,$0.02B,$0.10B,23.34%,$87,$74,$13,$0,$6,$79,$7,$0,$7,$3,$4,$4,$4,$8,$7,$14,15,$0.31,$0.31,$5,$16,$0,$77,$38,$24,$4,$8,$73,$150,$53,$25,$0,$27,$80,$0,$32,$-0,$70,$150,$9,$1,$-0,$1,$-9,$-1,$0,$-5,$3,$14,$-2,$0,$0,$0,$0,$0,$0,$-2,$-0,$-3,$-3,$0,$0,$-5,$0,$-8,$3,$0,$-5
38,2009-01-31,10.19,$4.75,2.14,$24.86,0.41,$0.93,10.98,$0.79,12.9,$0.06B,$0.04B,1.55,$0.03B,$0.07B,0.37,$0.36B,$0.04B,10.80%,$0.36B,$0.02B,4.99%,$0.36B,$0.02B,4.99%,$0.36B,$0.02B,5.82%,$0.36B,$0.02B,4.99%,$0.36B,$0.01B,3.05%,$0.01B,$0.07B,15.55%,$0.01B,$0.07B,16.36%,$0.01B,$0.13B,7.73%,$0.02B,$0.09B,19.51%,$71,$58,$12,$0,$5,$63,$7,$-0,$7,$3,$4,$4,$4,$8,$7,$14,14,$0.30,$0.30,$1,$13,$0,$56,$38,$28,$4,$8,$78,$133,$36,$25,$0,$29,$65,$0,$27,$3,$69,$133,$4,$1,$0,$1,$-1,$1,$0,$-5,$0,$5,$-1,$0,$0,$0,$0,$0,$0,$-1,$-0,$0,$0,$0,$0,$0,$-5,$-5,$-0,$0,$0
39,2008-10-31,8.14,$4.54,1.79,$24.95,0.33,$0.21,39.19,$0.54,15.07,$0.06B,$0.04B,1.39,$0.03B,$0.07B,0.39,$0.36B,$0.03B,9.12%,$0.36B,$0.01B,3.31%,$0.36B,$0.01B,3.31%,$0.36B,$0.02B,4.14%,$0.36B,$0.01B,3.31%,$0.36B,$0.01B,2.21%,$0.01B,$0.07B,11.35%,$0.01B,$0.06B,11.90%,$0.01B,$0.14B,5.66%,$0.01B,$0.09B,13.45%,$94,$81,$12,$0,$6,$88,$6,$0,$6,$2,$4,$4,$4,$7,$6,$14,14,$0.28,$0.27,$2,$15,$0,$55,$38,$31,$4,$8,$80,$135,$40,$25,$0,$30,$69,$0,$23,$4,$66,$135,$8,$3,$1,$4,$-1,$-6,$0,$1,$-6,$5,$-3,$0,$-5,$0,$0,$0,$0,$-7,$-1,$9,$7,$0,$0,$-5,$0,$3,$1,$0,$-5
40,2008-07-31,9.08,$5.22,1.74,$24.39,0.37,$0.14,63.6,$0.34,26.71,$0.06B,$0.04B,1.37,$0.02B,$0.08B,0.29,$0.35B,$0.03B,7.93%,$0.35B,$0.01B,1.98%,$0.35B,$0.01B,1.98%,$0.35B,$0.01B,2.83%,$0.35B,$0.01B,2.27%,$0.35B,$0.01B,1.42%,$0.01B,$0.08B,6.90%,$0.01B,$0.07B,7.22%,$0.01B,$0.15B,3.58%,$0.01B,$0.10B,7.93%,$97,$89,$8,$0,$5,$95,$2,$-0,$2,$1,$1,$1,$1,$3,$2,$14,14,$0.10,$0.10,$0,$17,$0,$60,$33,$45,$4,$8,$89,$150,$44,$22,$0,$30,$75,$0,$24,$13,$75,$150,$4,$2,$-0,$2,$-8,$-8,$0,$14,$2,$8,$-2,$0,$-5,$0,$0,$0,$0,$-6,$-1,$4,$3,$0,$0,$-5,$0,$-2,$-1,$0,$-5
41,2008-04-30,13.27,$5.08,2.61,$24.01,0.55,$-0.43,0.0,$0.39,34.04,$0.07B,$0.06B,1.34,$0.01B,$0.07B,0.19,$0.35B,$0.03B,8.36%,$0.35B,$0.01B,2.59%,$0.35B,$0.01B,2.59%,$0.35B,$0.01B,3.17%,$0.35B,$0.01B,2.88%,$0.35B,$0.01B,1.73%,$0.01B,$0.07B,8.14%,$0.01B,$0.07B,8.54%,$0.01B,$0.15B,4.34%,$0.01B,$0.09B,10.32%,$99,$91,$7,$0,$5,$96,$3,$0,$3,$1,$2,$2,$2,$3,$3,$14,15,$0.11,$0.11,$3,$15,$0,$74,$22,$44,$4,$8,$77,$151,$55,$14,$0,$23,$78,$0,$23,$12,$73,$151,$2,$1,$-0,$1,$-11,$-7,$0,$-3,$-2,$1,$-1,$0,$0,$0,$0,$0,$-0,$-1,$-0,$7,$7,$0,$0,$-5,$0,$2,$2,$0,$-5
42,2008-01-31,16.51,$4.75,3.48,$22.01,0.75,$-0.57,0.0,$0.46,35.9,$0.06B,$0.04B,1.42,$0.01B,$0.07B,0.19,$0.32B,$0.03B,9.78%,$0.32B,$0.01B,3.15%,$0.32B,$0.01B,3.15%,$0.32B,$0.01B,4.10%,$0.32B,$0.01B,3.47%,$0.32B,$0.01B,2.21%,$0.01B,$0.07B,9.27%,$0.01B,$0.07B,9.76%,$0.01B,$0.13B,5.11%,$0.01B,$0.08B,11.27%,$72,$66,$6,$0,$5,$71,$1,$-0,$1,$0,$1,$1,$1,$2,$1,$14,15,$0.05,$0.05,$2,$12,$0,$58,$21,$38,$4,$8,$71,$129,$41,$13,$0,$20,$60,$0,$21,$9,$68,$129,$1,$1,$-0,$1,$-6,$-4,$0,$-2,$-7,$-5,$-0,$0,$0,$0,$0,$0,$-0,$-1,$0,$12,$12,$0,$0,$-5,$0,$7,$1,$0,$-5
43,2007-10-31,18.04,$5.15,3.5,$21.02,0.86,$-0.75,0.0,$0.50,36.08,$0.05B,$0.03B,1.54,$0.01B,$0.07B,0.18,$0.30B,$0.03B,10.60%,$0.30B,$0.01B,3.64%,$0.30B,$0.01B,3.64%,$0.30B,$0.01B,4.64%,$0.30B,$0.01B,3.97%,$0.30B,$0.01B,2.32%,$0.01B,$0.07B,9.36%,$0.01B,$0.07B,9.89%,$0.01B,$0.13B,5.18%,$0.01B,$0.09B,12.22%,$85,$78,$7,$0,$6,$84,$1,$0,$2,$0,$1,$1,$1,$2,$1,$14,14,$0.08,$0.09,$1,$8,$0,$47,$21,$49,$4,$8,$81,$128,$30,$13,$0,$24,$54,$0,$20,$16,$74,$128,$7,$2,$1,$3,$-2,$2,$0,$-4,$-6,$5,$-3,$0,$0,$0,$0,$0,$-5,$-8,$-1,$7,$6,$1,$1,$-5,$3,$4,$1,$0,$-5
44,2007-07-31,11.24,$5.58,2.01,$20.45,0.55,$-0.64,0.0,$0.51,22.03,$0.06B,$0.04B,1.49,$0.01B,$0.08B,0.16,$0.29B,$0.03B,10.88%,$0.29B,$0.01B,4.08%,$0.29B,$0.01B,4.08%,$0.29B,$0.01B,4.76%,$0.29B,$0.01B,4.08%,$0.29B,$0.01B,2.38%,$0.01B,$0.08B,9.86%,$0.01B,$0.08B,10.45%,$0.01B,$0.15B,5.37%,$0.01B,$0.09B,14.04%,$91,$83,$9,$0,$5,$87,$4,$-0,$4,$1,$2,$2,$2,$4,$4,$14,14,$0.16,$0.15,$1,$13,$0,$59,$21,$54,$4,$7,$85,$145,$40,$13,$0,$25,$65,$0,$24,$19,$80,$145,$6,$2,$0,$2,$-9,$-3,$0,$5,$-8,$0,$-3,$0,$0,$0,$0,$0,$-4,$-6,$0,$9,$9,$0,$0,$-5,$2,$7,$1,$0,$-5
45,2007-04-30,11.09,$5.58,1.99,$19.63,0.57,$-0.12,0.0,$0.56,19.81,$0.06B,$0.04B,1.52,$0.01B,$0.08B,0.17,$0.28B,$0.03B,11.70%,$0.28B,$0.01B,4.61%,$0.28B,$0.01B,4.61%,$0.28B,$0.02B,5.67%,$0.28B,$0.01B,4.61%,$0.28B,$0.01B,2.84%,$0.01B,$0.08B,11.99%,$0.01B,$0.08B,12.70%,$0.01B,$0.15B,6.58%,$0.01B,$0.09B,16.10%,$69,$60,$9,$0,$5,$65,$4,$-0,$4,$2,$3,$3,$3,$5,$4,$14,14,$0.18,$0.18,$2,$15,$0,$60,$21,$57,$4,$4,$86,$146,$39,$13,$0,$27,$66,$0,$22,$21,$80,$146,$4,$1,$0,$1,$-5,$-4,$0,$-5,$-5,$0,$-2,$0,$0,$0,$0,$0,$0,$-2,$0,$5,$5,$0,$0,$-5,$2,$3,$2,$0,$-5
46,2007-01-31,8.41,$4.55,1.85,$19.53,0.43,$0.12,70.67,$0.53,15.87,$0.05B,$0.03B,1.9,$0.02B,$0.07B,0.35,$0.28B,$0.03B,11.79%,$0.28B,$0.01B,4.64%,$0.28B,$0.01B,4.64%,$0.28B,$0.02B,5.36%,$0.28B,$0.01B,4.64%,$0.28B,$0.01B,2.50%,$0.01B,$0.07B,11.20%,$0.01B,$0.06B,11.86%,$0.01B,$0.12B,6.17%,$0.01B,$0.09B,17.05%,$57,$50,$7,$0,$5,$55,$2,$-0,$2,$1,$1,$1,$1,$3,$2,$14,14,$0.09,$0.09,$0,$12,$0,$51,$21,$41,$4,$4,$70,$122,$27,$22,$0,$29,$57,$0,$19,$11,$65,$122,$1,$1,$0,$1,$-2,$-2,$0,$-6,$-9,$-7,$-2,$0,$0,$0,$0,$0,$0,$-2,$0,$13,$13,$0,$0,$-5,$0,$9,$0,$0,$-5
47,2006-10-31,7.44,$4.12,1.8,$19.07,0.39,$0.59,12.61,$0.39,19.08,$0.05B,$0.03B,1.36,$0.01B,$0.06B,0.18,$0.27B,$0.03B,10.58%,$0.27B,$0.01B,3.65%,$0.27B,$0.01B,3.65%,$0.27B,$0.01B,4.01%,$0.27B,$0.01B,3.65%,$0.27B,$0.01B,1.82%,$0.01B,$0.06B,8.20%,$0.01B,$0.06B,8.66%,$0.01B,$0.11B,4.55%,$0.01B,$0.07B,13.84%,$77,$70,$7,$0,$5,$75,$2,$0,$2,$1,$1,$1,$1,$2,$2,$14,14,$0.10,$0.10,$0,$11,$0,$46,$20,$34,$4,$4,$62,$108,$34,$10,$0,$15,$49,$0,$18,$6,$59,$108,$6,$2,$1,$4,$-5,$-0,$0,$2,$-2,$8,$-5,$0,$0,$0,$-0,$-0,$0,$-5,$-1,$2,$1,$-1,$-1,$-5,$0,$-4,$-1,$1,$-5
