,Date,Stock Price,Book Value per Share,Price to Book Ratio,TTM Sales per Share,Price to Sales Ratio,TTM FCF per Share,Price to FCF Ratio,TTM Net EPS,PE Ratio,Current Assets,Current Liabilities,Current Ratio,Long Term Debt,Shareholder's Equity_x,Debt to Equity Ratio,TTM Revenue_x,TTM Gross Profit,Gross Margin,TTM Revenue_y,TTM Operating Income,Operating Margin,TTM Revenue_x,TTM EBIT,EBIT Margin,TTM Revenue_y,TTM EBITDA,EBITDA Margin,TTM Revenue_x,TTM Pre-Tax Income,Pre-Tax Margin,TTM Revenue_y,TTM Net Income_x,Net Margin,TTM Net Income_y,Shareholder's Equity_y,Return on Equity,TTM Net Income_x,Tangible Equity,Return on Tangible Equity,TTM Net Income_y,Total Assets,Return on Assets,TTM Net Income,LT Investments & Debt,Return on Investment,revenue,cost-goods-sold,gross-profit,research-development-expenses,selling-general-administrative-expenses,operating-expenses,operating-income,total-non-operating-income-expense,pre-tax-income,total-provision-income-taxes,income-after-taxes,income-from-continuous-operations,net-income,ebitda,ebit,basic-shares-outstanding,shares-outstanding,eps-basic-net-earnings-per-share,eps-earnings-per-share-diluted,cash-on-hand,inventory,other-current-assets,total-current-assets,net-property-plant-equipment,long-term-investments,goodwill-intangible-assets-total,other-long-term-assets,total-long-term-assets,total-assets,total-current-liabilities,long-term-debt,other-non-current-liabilities,total-long-term-liabilities,total-liabilities,common-stock-net,retained-earnings-accumulated-deficit,comprehensive-income,total-share-holder-equity,total-liabilities-share-holders-equity,net-income-loss,total-depreciation-amortization-cash-flow,other-non-cash-items,total-non-cash-items,change-in-accounts-receivable,change-in-inventories,change-in-accounts-payable,change-in-assets-liabilities,total-change-in-assets-liabilities,cash-flow-from-operating-activities,net-change-in-property-plant-equipment,net-change-in-intangible-assets,net-acquisitions-divestitures,net-change-in-short-term-investments,net-change-in-long-term-investments,net-change-in-investments-total,investing-activities-other,cash-flow-from-investing-activities,net-long-term-debt,net-current-debt,debt-issuance-retirement-net-total,net-common-equity-issued-repurchased,net-total-equity-issued-repurchased,total-common-preferred-stock-dividends-paid,financial-activities-other,cash-flow-from-financial-activities,net-cash-flow,stock-based-compensation,common-stock-dividends-paid
0,2018-09-30,40.22,$18.51,2.17,$78.31,0.51,$7.47,5.38,$4.60,8.74,$1.39B,$0.60B,2.3,$1.17B,$1.86B,0.63,$6.98B,$0.73B,10.42%,$6.98B,$0.41B,5.80%,$6.98B,$0.41B,5.80%,$6.98B,$0.62B,8.94%,$6.98B,$0.32B,4.51%,$6.98B,$0.41B,5.85%,$0.41B,$1.86B,23.33%,$0.41B,$1.86B,23.47%,$0.41B,$4.00B,10.54%,$0.41B,$3.03B,13.90%,$1935,$1684,$251,$0,$28,$1761,$174,$-18,$156,$35,$121,$121,$90,$225,$174,$96,96,$0.94,$0.94,$702,$427,$0,$1390,$2441,$0,$0,$171,$2612,$4002,$604,$1166,$22,$1535,$2139,$1,$-233,$0,$1863,$4002,$304,$159,$71,$230,$0,$0,$0,$-15,$-15,$519,$-68,$0,$0,$0,$0,$0,$1,$-67,$0,$0,$0,$0,$0,$-162,$-70,$-232,$220,$17,$-162
1,2018-06-30,36.22,$19.43,1.86,$74.86,0.48,$5.61,6.46,$3.92,9.24,$1.21B,$0.59B,2.05,$1.17B,$1.69B,0.69,$6.50B,$0.63B,9.76%,$6.50B,$0.31B,4.77%,$6.50B,$0.31B,4.77%,$6.50B,$0.53B,8.19%,$6.50B,$0.19B,2.97%,$6.50B,$0.34B,5.23%,$0.34B,$1.69B,20.13%,$0.34B,$1.69B,20.38%,$0.34B,$3.85B,8.77%,$0.31B,$2.85B,10.87%,$1914,$1714,$200,$0,$32,$1803,$111,$-15,$96,$17,$79,$79,$51,$166,$111,$87,87,$0.59,$0.75,$534,$433,$0,$1211,$2494,$0,$0,$145,$2639,$3850,$591,$1165,$13,$1572,$2163,$1,$-313,$0,$1687,$3850,$183,$108,$25,$133,$0,$0,$0,$-87,$-87,$229,$-42,$0,$0,$0,$0,$0,$1,$-41,$0,$0,$0,$0,$0,$-87,$-49,$-136,$52,$12,$-87
2,2018-03-31,29.2,$20.06,1.46,$69.33,0.42,$5.58,5.24,$3.21,9.1,$1.15B,$0.52B,2.2,$1.17B,$1.74B,0.67,$6.02B,$0.51B,8.52%,$6.02B,$0.20B,3.32%,$6.02B,$0.20B,3.32%,$6.02B,$0.42B,6.98%,$6.02B,$0.07B,1.18%,$6.02B,$0.28B,4.62%,$0.28B,$1.74B,16.58%,$0.28B,$1.70B,16.89%,$0.28B,$3.82B,7.09%,$0.20B,$2.91B,7.04%,$1537,$1419,$117,$0,$24,$1446,$91,$34,$124,$21,$104,$104,$66,$144,$91,$87,87,$0.76,$0.76,$420,$424,$0,$1147,$2538,$84,$41,$14,$2676,$3823,$522,$1165,$8,$1559,$2082,$1,$-255,$0,$1742,$3823,$104,$53,$-44,$9,$0,$-37,$11,$-63,$-88,$25,$-20,$0,$0,$0,$0,$0,$0,$-20,$-1,$0,$-1,$0,$0,$-43,$-23,$-67,$-62,$2,$-43
3,2017-12-31,35.39,$19.60,1.81,$68.99,0.51,$6.82,5.19,$2.71,13.06,$1.09B,$0.54B,2.01,$1.16B,$1.70B,0.68,$5.99B,$0.50B,8.27%,$5.99B,$0.18B,2.97%,$5.99B,$0.18B,2.97%,$5.99B,$0.40B,6.63%,$5.99B,0,0.00%,$5.99B,$0.23B,3.91%,$0.23B,$1.70B,14.03%,$0.23B,$1.70B,14.30%,$0.23B,$3.81B,5.88%,$0.18B,$2.87B,6.29%,$1593,$1434,$159,$0,$33,$1563,$30,$-91,$-61,$-234,$173,$173,$201,$90,$30,$87,87,$2.30,$1.68,$482,$385,$5,$1094,$2572,$0,$0,$141,$2713,$3807,$544,$1164,$9,$1559,$2103,$1,$-277,$0,$1704,$3807,$217,$219,$-142,$77,$-27,$-38,$88,$-150,$-127,$167,$-119,$0,$0,$0,$-77,$-77,$0,$-195,$-2,$0,$-2,$0,$0,$-174,$-50,$-226,$-254,$19,$-174
4,2017-09-30,24.22,$18.68,1.3,$66.23,0.37,$7.82,3.1,$0.48,50.46,$1.38B,$0.62B,2.24,$1.16B,$1.62B,0.72,$5.75B,$0.46B,8.04%,$5.75B,$0.16B,2.80%,$5.75B,$0.16B,2.80%,$5.75B,$0.37B,6.49%,$5.75B,$0.03B,0.57%,$5.75B,$0.04B,0.70%,$0.04B,$1.62B,2.40%,$0.04B,$1.58B,2.46%,$0.04B,$4.03B,0.99%,$0.16B,$2.79B,5.68%,$1454,$1296,$158,$0,$27,$1375,$79,$-45,$34,$9,$25,$25,$22,$133,$79,$87,87,$0.26,$0.26,$849,$340,$0,$1383,$2587,$0,$41,$22,$2650,$4033,$618,$1164,$35,$1793,$2411,$1,$-434,$0,$1622,$4033,$44,$159,$32,$191,$0,$0,$0,$92,$92,$327,$-80,$0,$0,$0,$0,$0,$-1,$-81,$0,$0,$0,$0,$0,$-130,$-3,$-133,$113,$10,$-130
5,2017-06-30,19.83,$18.89,1.05,$63.76,0.31,$6.28,3.16,$0.28,70.81,$1.35B,$0.61B,2.22,$1.16B,$1.64B,0.71,$5.53B,$0.41B,7.35%,$5.53B,$0.11B,1.97%,$5.53B,$0.11B,1.97%,$5.53B,$0.32B,5.75%,$5.53B,$0.00B,0.07%,$5.53B,$0.02B,0.42%,$0.02B,$1.64B,1.35%,$0.02B,$1.60B,1.38%,$0.02B,$4.03B,0.57%,$0.11B,$2.80B,3.80%,$1434,$1355,$79,$0,$25,$1433,$1,$-27,$-26,$-7,$-19,$-19,$-11,$54,$1,$87,87,$-0.12,$0.50,$830,$318,$0,$1346,$2621,$0,$41,$21,$2683,$4029,$605,$1164,$35,$1784,$2389,$1,$-413,$0,$1640,$4029,$19,$105,$18,$123,$0,$0,$0,$100,$100,$242,$-58,$0,$0,$0,$0,$0,$-1,$-59,$0,$0,$0,$0,$0,$-87,$-2,$-89,$94,$7,$-87
6,2017-03-31,17.88,$19.63,0.91,$62.03,0.29,$4.01,4.46,$0.73,24.49,$1.35B,$0.56B,2.41,$1.16B,$1.70B,0.68,$5.38B,$0.49B,9.18%,$5.38B,$0.20B,3.70%,$5.38B,$0.20B,3.70%,$5.38B,$0.41B,7.56%,$5.38B,$0.10B,1.76%,$5.38B,$0.06B,1.15%,$0.06B,$1.70B,3.55%,$0.06B,$1.66B,3.64%,$0.06B,$4.05B,1.53%,$0.20B,$2.87B,6.84%,$1507,$1408,$99,$0,$29,$1440,$68,$-15,$53,$15,$38,$38,$22,$120,$68,$87,87,$0.26,$0.26,$804,$354,$0,$1348,$2642,$0,$41,$22,$2705,$4053,$560,$1163,$33,$1788,$2349,$1,$-359,$0,$1704,$4053,$38,$52,$6,$58,$8,$-2,$-11,$45,$41,$137,$-24,$0,$0,$0,$-1,$-1,$0,$-26,$-0,$0,$-0,$0,$0,$-43,$0,$-44,$68,$3,$-43
7,2016-12-31,22.12,$19.69,1.12,$55.10,0.4,$2.41,9.17,$0.28,79.0,$1.32B,$0.57B,2.33,$1.16B,$1.71B,0.68,$4.78B,$0.38B,8.03%,$4.78B,$0.09B,1.90%,$4.78B,$0.09B,1.90%,$4.78B,$0.29B,6.02%,$4.78B,$-0.01B,-0.23%,$4.78B,$0.02B,0.50%,$0.02B,$1.71B,1.41%,$0.02B,$1.67B,1.45%,$0.02B,$4.05B,0.63%,$0.09B,$2.87B,3.36%,$1353,$1227,$126,$0,$28,$1341,$13,$-41,$-28,$-22,$-6,$-6,$7,$66,$13,$87,87,$0.08,$0.08,$736,$349,$0,$1316,$2672,$6,$41,$16,$2735,$4050,$566,$1163,$32,$1775,$2341,$1,$-338,$0,$1710,$4050,$9,$198,$-19,$179,$-48,$-7,$-10,$148,$80,$268,$-133,$0,$-64,$-4,$-6,$-10,$5,$-201,$180,$-49,$131,$0,$0,$-174,$-53,$-95,$-29,$9,$-174
8,2016-09-30,11.54,$20.26,0.57,$51.15,0.23,$4.52,2.55,$-0.32,0.0,$1.30B,$0.46B,2.84,$1.17B,$1.76B,0.66,$4.44B,$-0.17B,-3.87%,$4.44B,$-0.03B,-0.74%,$4.44B,$-0.03B,-0.74%,$4.44B,$0.15B,3.45%,$4.44B,$-0.08B,-1.85%,$4.44B,$-0.03B,-0.63%,$-0.03B,$1.76B,-1.67%,$-0.03B,$1.72B,-1.72%,$-0.03B,$4.06B,-0.77%,$-0.03B,$2.92B,-1.31%,$1240,$1137,$103,$0,$28,$1213,$27,$-23,$5,$3,$2,$2,$5,$78,$27,$87,87,$0.06,$0.06,$763,$323,$3,$1300,$2695,$0,$41,$20,$2756,$4055,$457,$1165,$32,$1839,$2296,$1,$-302,$0,$1759,$4055,$15,$145,$24,$168,$-35,$19,$-42,$95,$36,$219,$-106,$0,$-64,$-4,$-3,$-7,$5,$-172,$182,$-49,$133,$0,$0,$-130,$-52,$-49,$-3,$6,$-130
9,2016-06-30,12.54,$20.88,0.6,$53.09,0.24,$8.64,1.45,$0.29,43.24,$1.28B,$0.38B,3.38,$1.17B,$1.81B,0.64,$4.61B,$0.06B,1.24%,$4.61B,$0.06B,1.35%,$4.61B,$0.06B,1.35%,$4.61B,$0.24B,5.12%,$4.61B,$0.04B,0.76%,$4.61B,$0.03B,0.54%,$0.03B,$1.81B,1.49%,$0.03B,$1.77B,1.53%,$0.03B,$4.06B,0.71%,$0.06B,$2.98B,2.61%,$1283,$1118,$166,$0,$27,$1193,$91,$-25,$65,$22,$44,$44,$28,$143,$91,$87,87,$0.33,$0.33,$691,$325,$15,$1275,$2724,$0,$41,$16,$2781,$4056,$377,$1166,$32,$1866,$2243,$1,$-264,$0,$1813,$4056,$13,$93,$43,$136,$-45,$15,$-22,$-27,$-79,$70,$-83,$0,$-64,$-4,$0,$-4,$-4,$-155,$183,$-49,$133,$0,$0,$-87,$-36,$11,$-75,$3,$-87
10,2016-03-31,20.6,$17.47,1.18,$57.02,0.36,$12.13,1.7,$1.13,18.23,$1.15B,$0.47B,2.43,$0.54B,$1.52B,0.36,$4.95B,$0.32B,6.53%,$4.95B,$0.25B,4.95%,$4.95B,$0.25B,4.95%,$4.95B,$0.41B,8.28%,$4.95B,$0.22B,4.44%,$4.95B,$0.10B,2.00%,$0.10B,$1.52B,5.94%,$0.10B,$1.48B,6.09%,$0.10B,$3.18B,2.92%,$0.25B,$2.06B,11.08%,$906,$916,$-11,$0,$27,$945,$-40,$-13,$-53,$-22,$-31,$-31,$-16,$1,$-40,$87,87,$-0.19,$-0.19,$682,$259,$12,$1154,$1972,$0,$41,$16,$2030,$3184,$474,$540,$28,$1192,$1667,$1,$-249,$0,$1517,$3184,$-31,$41,$3,$43,$-14,$31,$-9,$1,$9,$22,$-48,$0,$0,$-4,$0,$-4,$0,$-52,$-0,$0,$-0,$0,$0,$-43,$-9,$-53,$-83,$2,$-43
11,2015-12-31,30.39,$18.43,1.65,$62.59,0.49,$13.95,2.18,$1.95,15.59,$1.27B,$0.49B,2.63,$0.54B,$1.60B,0.34,$5.43B,$0.65B,11.95%,$5.43B,$0.42B,7.77%,$5.43B,$0.42B,7.77%,$5.43B,$0.59B,10.82%,$5.43B,$0.38B,7.03%,$5.43B,$0.17B,3.13%,$0.17B,$1.60B,9.95%,$0.17B,$1.56B,10.19%,$0.17B,$3.30B,4.91%,$0.42B,$2.14B,18.46%,$1011,$1440,$-430,$0,$20,$1121,$-111,$12,$-99,$-21,$-78,$-78,$-45,$-69,$-111,$87,87,$-0.52,$-0.52,$765,$290,$12,$1274,$1967,$0,$41,$18,$2026,$3299,$485,$541,$34,$1214,$1699,$1,$-189,$0,$1601,$3299,$298,$167,$-13,$154,$41,$40,$-14,$15,$85,$537,$-219,$0,$0,$0,$0,$0,$68,$-151,$-1,$0,$-1,$0,$0,$-174,$-200,$-375,$11,$13,$-174
12,2015-09-30,31.36,$20.41,1.54,$72.16,0.43,$15.15,2.07,$1.96,16.0,$1.53B,$0.57B,2.7,$0.55B,$1.77B,0.31,$6.26B,$0.52B,8.37%,$6.26B,$0.44B,7.06%,$6.26B,$0.44B,7.06%,$6.26B,$0.61B,9.71%,$6.26B,$0.39B,6.23%,$6.26B,$0.17B,2.73%,$0.17B,$1.77B,9.90%,$0.17B,$1.73B,10.14%,$0.17B,$3.54B,4.88%,$0.44B,$2.32B,18.90%,$1409,$1077,$332,$0,$26,$1287,$122,$1,$122,$23,$99,$99,$58,$161,$122,$87,87,$0.67,$0.67,$1012,$285,$0,$1526,$1949,$0,$41,$19,$2016,$3541,$566,$547,$39,$1204,$1769,$1,$-101,$-0,$1772,$3541,$376,$125,$-19,$106,$4,$45,$4,$70,$130,$612,$-142,$0,$0,$0,$0,$0,$68,$-74,$-1,$0,$-1,$0,$0,$-130,$-149,$-280,$258,$9,$-130
13,2015-06-30,28.41,$20.49,1.39,$82.20,0.35,$13.87,2.05,$1.38,20.59,$1.56B,$0.55B,2.83,$0.55B,$1.78B,0.31,$7.14B,$0.41B,5.68%,$7.14B,$0.33B,4.58%,$7.14B,$0.33B,4.58%,$7.14B,$0.49B,6.90%,$7.14B,$0.29B,4.12%,$7.14B,$0.12B,1.70%,$0.12B,$1.78B,6.92%,$0.12B,$1.74B,7.09%,$0.12B,$3.55B,3.40%,$0.33B,$2.33B,13.68%,$1624,$1192,$432,$0,$27,$1350,$274,$-24,$250,$58,$192,$192,$102,$317,$274,$87,87,$1.17,$1.17,$938,$350,$0,$1560,$1917,$0,$41,$23,$1988,$3548,$552,$548,$53,$1217,$1768,$1,$-115,$-0,$1779,$3548,$277,$86,$-1,$85,$-44,$-20,$10,$62,$15,$376,$-87,$0,$0,$0,$0,$0,$68,$-19,$-1,$0,$-1,$0,$0,$-87,$-86,$-174,$184,$6,$-87
14,2015-03-31,31.72,$19.40,1.64,$92.75,0.34,$13.88,2.28,$1.17,27.11,$1.46B,$0.43B,3.45,$0.67B,$1.68B,0.4,$8.05B,$0.32B,4.02%,$8.05B,$0.22B,2.71%,$8.05B,$0.22B,2.71%,$8.05B,$0.38B,4.71%,$8.05B,$0.23B,2.89%,$8.05B,$0.10B,1.28%,$0.10B,$1.68B,5.63%,$0.10B,$1.64B,5.76%,$0.10B,$3.46B,2.81%,$0.22B,$2.36B,8.71%,$1389,$1074,$315,$0,$25,$1252,$137,$-28,$109,$24,$85,$85,$55,$179,$137,$87,87,$0.63,$0.63,$852,$311,$9,$1463,$1912,$0,$41,$33,$1993,$3456,$425,$673,$52,$1348,$1772,$1,$-174,$-0,$1684,$3456,$85,$43,$51,$94,$0,$18,$-4,$-17,$-0,$178,$-46,$0,$0,$0,$0,$0,$42,$-3,$-0,$0,$-0,$0,$0,$-43,$-33,$-76,$99,$4,$-43
15,2014-12-31,28.5,$19.29,1.48,$104.95,0.27,$14.88,1.92,$2.00,14.25,$1.46B,$0.42B,3.44,$0.67B,$1.68B,0.4,$9.11B,$0.38B,4.17%,$9.11B,$0.27B,2.91%,$9.11B,$0.27B,2.91%,$9.11B,$0.42B,4.63%,$9.11B,$0.41B,4.47%,$9.11B,$0.18B,1.92%,$0.18B,$1.68B,9.23%,$0.18B,$1.63B,9.44%,$0.18B,$3.46B,4.65%,$0.27B,$2.35B,10.31%,$1842,$2397,$-555,$0,$24,$1932,$-91,$-0,$-91,$-21,$-70,$-70,$-44,$-49,$-91,$87,87,$-0.51,$-0.51,$754,$330,$45,$1457,$1916,$0,$41,$40,$2006,$3463,$424,$674,$52,$1364,$1787,$1,$-185,$-0,$1675,$3463,$309,$157,$-32,$125,$106,$197,$-92,$-5,$206,$640,$-218,$0,$0,$0,$0,$0,$-78,$-297,$-1,$0,$-1,$188,$188,$-434,$-185,$-432,$-88,$12,$-434
16,2014-09-30,32.43,$21.36,1.52,$111.79,0.29,$12.14,2.67,$2.26,14.35,$1.77B,$0.57B,3.08,$0.67B,$1.85B,0.36,$9.70B,$1.15B,11.86%,$9.70B,$0.40B,4.08%,$9.70B,$0.40B,4.08%,$9.70B,$0.55B,5.66%,$9.70B,$0.42B,4.31%,$9.70B,$0.20B,2.03%,$0.20B,$1.85B,10.18%,$0.20B,$1.81B,10.40%,$0.20B,$3.75B,5.16%,$0.40B,$2.53B,15.17%,$2280,$2067,$213,$0,$32,$2273,$7,$19,$26,$4,$21,$21,$8,$45,$7,$87,87,$0.09,$0.09,$793,$517,$0,$1766,$1910,$0,$41,$27,$1987,$3752,$574,$674,$50,$1324,$1898,$1,$-75,$8,$1854,$3752,$379,$116,$-96,$20,$12,$10,$56,$46,$132,$531,$-171,$0,$0,$0,$0,$0,$-78,$-250,$-1,$0,$-1,$188,$188,$-369,$-149,$-330,$-49,$11,$-369
17,2014-06-30,33.02,$24.23,1.36,$108.30,0.3,$9.58,3.45,$2.68,12.32,$2.01B,$0.56B,3.62,$0.67B,$2.10B,0.32,$9.40B,$1.17B,12.46%,$9.40B,$0.43B,4.56%,$9.40B,$0.43B,4.56%,$9.40B,$0.58B,6.18%,$9.40B,$0.50B,5.32%,$9.40B,$0.23B,2.48%,$0.23B,$2.10B,11.86%,$0.23B,$2.06B,12.12%,$0.23B,$3.98B,6.06%,$0.43B,$2.78B,16.26%,$2540,$2189,$351,$0,$28,$2376,$165,$25,$189,$45,$144,$144,$84,$204,$165,$87,87,$0.96,$0.96,$999,$529,$0,$2012,$1894,$0,$41,$23,$1968,$3980,$556,$674,$46,$1320,$1876,$1,$156,$-1,$2104,$3980,$358,$77,$-107,$-29,$-7,$-2,$29,$46,$77,$406,$-115,$0,$0,$0,$0,$0,$-78,$-193,$-1,$0,$-1,$164,$164,$-130,$-89,$-56,$157,$9,$-130
18,2014-03-31,28.5,$22.46,1.27,$104.62,0.27,$9.30,3.06,$3.83,7.44,$1.92B,$0.63B,3.04,$0.68B,$1.95B,0.35,$9.08B,$1.26B,13.82%,$9.08B,$0.53B,5.80%,$9.08B,$0.53B,5.80%,$9.08B,$0.68B,7.43%,$9.08B,$0.68B,7.51%,$9.08B,$0.33B,3.66%,$0.33B,$1.95B,17.06%,$0.33B,$1.91B,17.43%,$0.33B,$3.87B,8.60%,$0.53B,$2.63B,20.10%,$2447,$2077,$371,$0,$26,$2264,$184,$100,$283,$69,$214,$214,$127,$222,$184,$87,87,$1.46,$1.46,$962,$543,$0,$1916,$1884,$0,$41,$18,$1954,$3870,$629,$675,$44,$1290,$1920,$1,$138,$-1,$1950,$3870,$214,$38,$-107,$-69,$-17,$-17,$26,$135,$136,$281,$-62,$0,$0,$0,$0,$0,$0,$-62,$-0,$0,$-0,$0,$0,$-65,$-34,$-99,$120,$4,$-65
19,2013-12-31,28.75,$21.14,1.36,$103.52,0.28,$9.25,3.11,$4.27,6.73,$1.73B,$0.50B,3.45,$0.68B,$1.84B,0.37,$8.99B,$1.42B,15.84%,$8.99B,$0.71B,7.91%,$8.99B,$0.71B,7.91%,$8.99B,$0.86B,9.53%,$8.99B,$0.71B,7.86%,$8.99B,$0.37B,4.12%,$0.37B,$1.84B,19.14%,$0.37B,$1.79B,19.56%,$0.37B,$3.67B,9.65%,$0.71B,$2.51B,27.26%,$2436,$2220,$216,$0,$29,$2396,$40,$-119,$-80,$-39,$-41,$-41,$-22,$78,$40,$87,87,$-0.25,$-0.25,$842,$527,$0,$1732,$1864,$0,$41,$17,$1934,$3666,$502,$675,$52,$1329,$1830,$1,$76,$-1,$1835,$3666,$522,$146,$-97,$48,$-30,$2,$-39,$-56,$-130,$440,$-256,$0,$0,$0,$0,$0,$6,$-250,$-245,$0,$-245,$1403,$1403,$-1237,$-165,$-244,$-54,$18,$-1237
20,2013-09-30,24.95,$22.65,1.1,$96.98,0.26,$13.43,1.86,$4.98,5.01,$1.97B,$0.57B,3.43,$0.68B,$1.97B,0.34,$8.43B,$1.60B,19.02%,$8.43B,$0.80B,9.44%,$8.43B,$0.80B,9.44%,$8.43B,$0.94B,11.12%,$8.43B,$0.85B,10.05%,$8.43B,$0.43B,5.12%,$0.43B,$1.97B,22.87%,$0.43B,$1.93B,23.38%,$0.43B,$3.88B,11.31%,$0.80B,$2.64B,30.38%,$1977,$1744,$233,$0,$28,$1937,$40,$67,$108,$30,$78,$78,$44,$77,$40,$87,87,$0.51,$0.51,$887,$680,$0,$1968,$1835,$0,$41,$15,$1907,$3875,$573,$675,$49,$1335,$1908,$1,$163,$-1,$1967,$3875,$563,$108,$-172,$-64,$-31,$-152,$-21,$26,$-177,$321,$-184,$0,$0,$0,$0,$0,$6,$-177,$-244,$0,$-244,$1403,$1403,$-1172,$-140,$-153,$-9,$14,$-1172
21,2013-06-30,30.19,$23.41,1.29,$101.96,0.3,$19.21,1.57,$6.88,4.39,$2.15B,$0.68B,3.14,$0.68B,$2.03B,0.33,$8.86B,$2.08B,23.43%,$8.86B,$1.29B,14.55%,$8.86B,$1.29B,14.55%,$8.86B,$1.43B,16.11%,$8.86B,$1.09B,12.24%,$8.86B,$0.60B,6.74%,$0.60B,$2.03B,33.10%,$0.60B,$1.99B,33.87%,$0.60B,$4.02B,15.86%,$1.29B,$2.71B,50.02%,$2220,$1785,$435,$0,$29,$1958,$263,$109,$371,$100,$272,$272,$183,$298,$263,$87,87,$2.11,$2.11,$1135,$589,$0,$2146,$1810,$0,$41,$9,$1877,$4023,$684,$676,$46,$1307,$1991,$1,$185,$0,$2032,$4023,$484,$71,$-74,$-4,$-66,$-61,$-42,$55,$-100,$381,$-115,$0,$0,$0,$0,$0,$-19,$-133,$-244,$0,$-244,$1403,$1403,$-1107,$-62,$-9,$239,$10,$-1107
22,2013-03-31,29.4,$21.85,1.35,$102.49,0.29,$19.89,1.48,$6.52,4.51,$1.93B,$0.64B,3.0,$0.68B,$1.90B,0.36,$8.95B,$2.08B,23.19%,$8.95B,$1.26B,14.11%,$8.95B,$1.26B,14.11%,$8.95B,$1.40B,15.63%,$8.95B,$0.97B,10.84%,$8.95B,$0.57B,6.36%,$0.57B,$1.90B,34.46%,$0.57B,$1.86B,35.34%,$0.57B,$3.77B,15.89%,$1.26B,$2.57B,51.13%,$2352,$1814,$539,$0,$28,$1985,$368,$-61,$307,$94,$213,$213,$165,$403,$368,$87,87,$1.90,$1.90,$1041,$525,$0,$1925,$1783,$0,$41,$6,$1847,$3772,$642,$676,$46,$1233,$1875,$1,$632,$-1,$1897,$3772,$213,$35,$21,$56,$-72,$3,$-32,$110,$9,$278,$-64,$0,$0,$0,$0,$0,$0,$-64,$-244,$0,$-244,$656,$656,$-478,$-4,$-70,$145,$6,$-478
23,2012-12-31,25.2,$0.00,0.0,$98.07,0.26,$18.88,1.34,$4.33,5.82,$1.76B,$0.63B,2.82,$0.90B,$1.66B,0.54,$8.57B,$1.87B,21.83%,$8.57B,$1.04B,12.09%,$8.57B,$1.04B,12.09%,$8.57B,$1.17B,13.66%,$8.57B,$0.64B,7.43%,$8.57B,$0.38B,4.42%,$0.38B,$1.66B,25.34%,$0.38B,$1.62B,26.06%,$0.38B,$3.61B,11.02%,$1.04B,$2.56B,43.92%,$1881,$1485,$396,$0,$36,$1756,$125,$-63,$61,$17,$45,$45,$40,$159,$125,$87,87,$0.46,$0.46,$896,$528,$9,$1761,$1783,$0,$41,$9,$1850,$3611,$626,$897,$41,$1325,$1951,$1,$945,$-1,$1660,$3611,$413,$135,$200,$336,$-28,$108,$-54,$-35,$15,$763,$-212,$0,$0,$0,$0,$0,$1,$-211,$20,$0,$20,$-0,$-0,$0,$-64,$-44,$508,$39,$0
24,2012-09-30,18.98,$18.73,1.01,$88.65,0.21,$14.71,1.29,$4.62,4.11,$1.87B,$0.73B,2.56,$0.85B,$1.63B,0.52,$7.75B,$1.68B,21.67%,$7.75B,$0.94B,12.10%,$7.75B,$0.94B,12.10%,$7.75B,$1.06B,13.72%,$7.75B,$0.69B,8.92%,$7.75B,$0.41B,5.23%,$0.41B,$1.63B,28.82%,$0.41B,$1.59B,29.69%,$0.41B,$3.65B,12.22%,$0.94B,$2.48B,41.54%,$2410,$1703,$707,$0,$30,$1876,$534,$-188,$346,$128,$219,$219,$209,$568,$534,$87,87,$2.41,$2.41,$988,$524,$0,$1866,$1722,$0,$41,$4,$1787,$3652,$728,$851,$38,$1298,$2026,$1,$905,$-1,$1626,$3652,$368,$101,$285,$387,$-98,$112,$-43,$18,$30,$784,$-145,$0,$0,$0,$0,$0,$1,$-144,$-1,$0,$-1,$-0,$-0,$0,$-39,$-40,$600,$29,$0
25,2012-06-30,13.73,$16.36,0.84,$76.30,0.18,$10.75,1.28,$3.46,3.97,$1.51B,$0.61B,2.48,$0.85B,$1.42B,0.6,$6.69B,$1.30B,19.40%,$6.69B,$0.62B,9.21%,$6.69B,$0.62B,9.21%,$6.69B,$0.73B,10.93%,$6.69B,$0.53B,7.98%,$6.69B,$0.31B,4.56%,$0.31B,$1.42B,23.34%,$0.31B,$1.38B,24.11%,$0.31B,$3.29B,10.07%,$0.62B,$2.27B,29.41%,$2308,$1874,$434,$0,$72,$2073,$236,$21,$256,$91,$165,$165,$155,$269,$236,$87,88,$1.78,$1.75,$693,$514,$0,$1514,$1701,$0,$41,$7,$1771,$3285,$609,$852,$22,$1254,$1864,$1,$696,$-1,$1421,$3285,$149,$67,$120,$187,$-31,$122,$-28,$-22,$100,$436,$-105,$0,$0,$0,$0,$0,$0,$-105,$-1,$0,$-1,$-0,$-0,$0,$-26,$-27,$304,$22,$0
26,2012-03-31,13.82,$14.68,0.94,$66.67,0.21,$8.62,1.6,$3.13,4.41,$1.44B,$0.70B,2.06,$0.85B,$1.28B,0.67,$5.83B,$1.19B,20.37%,$5.83B,$0.60B,10.26%,$5.83B,$0.60B,10.26%,$5.83B,$0.70B,12.06%,$5.83B,$0.49B,8.39%,$5.83B,$0.28B,4.72%,$0.28B,$1.28B,22.33%,$0.28B,$1.23B,23.11%,$0.28B,$3.20B,9.84%,$0.60B,$2.13B,30.60%,$1969,$1635,$333,$0,$45,$1828,$141,$-166,$-26,$-10,$-16,$-16,$-25,$174,$141,$87,87,$-0.29,$-0.29,$501,$590,$0,$1442,$1692,$0,$41,$5,$1761,$3203,$701,$853,$26,$1228,$1929,$1,$542,$-1,$1275,$3203,$-16,$33,$128,$161,$-64,$46,$50,$14,$42,$186,$-59,$0,$0,$0,$0,$0,$0,$-59,$-0,$0,$-0,$0,$0,$0,$-14,$-14,$113,$4,$0
27,2011-12-31,9.67,$14.97,0.65,$57.29,0.17,$6.90,1.4,$3.94,2.46,$1.36B,$0.59B,2.31,$0.85B,$1.30B,0.66,$5.03B,$1.09B,21.57%,$5.03B,$0.57B,11.27%,$5.03B,$0.57B,11.27%,$5.03B,$0.66B,13.16%,$5.03B,$0.59B,11.69%,$5.03B,$0.35B,6.88%,$0.35B,$1.30B,31.41%,$0.35B,$1.26B,32.64%,$0.35B,$3.12B,14.02%,$0.57B,$2.15B,32.82%,$1062,$857,$205,$0,$29,$1035,$27,$89,$115,$37,$78,$78,$66,$52,$27,$87,88,$0.77,$0.75,$388,$636,$0,$1357,$1673,$0,$41,$24,$1763,$3119,$588,$854,$21,$1232,$1820,$1,$567,$-1,$1300,$3119,$379,$95,$8,$104,$43,$-176,$6,$-41,$-204,$279,$-91,$0,$-586,$0,$0,$0,$3,$-674,$323,$0,$323,$321,$321,$0,$-60,$584,$188,$25,$0
28,2011-09-30,10.92,$14.23,0.77,$58.43,0.19,$6.98,1.56,$3.22,3.39,$1.36B,$0.30B,4.48,$0.59B,$1.23B,0.48,$5.12B,$1.04B,20.41%,$5.12B,$0.58B,11.24%,$5.12B,$0.58B,11.24%,$5.12B,$0.67B,13.06%,$5.12B,$0.48B,9.46%,$5.12B,$0.28B,5.51%,$0.28B,$1.23B,29.64%,$0.28B,$1.19B,30.98%,$0.28B,$2.51B,13.29%,$0.58B,$1.82B,38.81%,$1352,$1026,$326,$0,$18,$1140,$212,$-23,$189,$69,$120,$120,$109,$236,$212,$87,88,$1.26,$1.25,$898,$309,$0,$1363,$1080,$0,$41,$5,$1145,$2508,$304,$592,$21,$973,$1277,$1,$501,$-1,$1232,$2508,$300,$70,$74,$144,$-16,$-62,$11,$-14,$-98,$346,$-47,$0,$0,$0,$0,$0,$3,$-44,$117,$0,$117,$323,$323,$0,$-44,$396,$698,$22,$0
29,2011-06-30,12.72,$12.96,0.98,$54.87,0.23,$5.05,2.52,$2.24,5.68,$1.22B,$0.27B,4.51,$0.59B,$1.12B,0.53,$4.79B,$0.86B,17.92%,$4.79B,$0.41B,8.61%,$4.79B,$0.41B,8.61%,$4.79B,$0.51B,10.53%,$4.79B,$0.33B,6.90%,$4.79B,$0.20B,4.09%,$0.20B,$1.12B,24.08%,$0.20B,$1.08B,25.36%,$0.20B,$2.35B,10.23%,$0.41B,$1.71B,31.28%,$1448,$1123,$324,$0,$18,$1230,$218,$-7,$211,$77,$134,$134,$125,$241,$218,$86,88,$1.44,$1.42,$748,$316,$0,$1222,$1061,$0,$41,$5,$1128,$2350,$271,$592,$20,$959,$1230,$1,$392,$0,$1120,$2350,$180,$46,$31,$77,$-27,$-69,$5,$-34,$-94,$163,$-21,$0,$0,$0,$0,$0,$0,$-21,$117,$0,$117,$325,$325,$0,$-36,$406,$548,$21,$0
30,2011-03-31,11.96,$8.72,1.37,$50.01,0.24,$3.76,3.18,$0.83,14.41,$0.77B,$0.36B,2.11,$0.47B,$0.75B,0.62,$4.35B,$0.65B,14.91%,$4.35B,$0.21B,4.92%,$4.35B,$0.21B,4.92%,$4.35B,$0.31B,7.03%,$4.35B,$0.12B,2.78%,$4.35B,$0.07B,1.65%,$0.07B,$0.75B,10.32%,$0.07B,$0.71B,10.96%,$0.07B,$1.89B,4.15%,$0.21B,$1.22B,18.13%,$1167,$937,$230,$0,$33,$1058,$110,$-37,$73,$27,$46,$46,$46,$133,$110,$86,88,$0.53,$0.52,$166,$395,$0,$766,$1064,$0,$41,$4,$1126,$1892,$364,$469,$6,$774,$1138,$1,$267,$0,$754,$1892,$46,$23,$29,$52,$-43,$-148,$73,$-11,$-114,$-16,$-7,$0,$0,$0,$0,$0,$0,$-7,$-5,$0,$-5,$0,$0,$0,$-6,$-11,$-34,$19,$0
31,2010-12-31,7.84,$8.10,0.97,$47.07,0.17,$4.40,1.78,$0.17,46.12,$0.60B,$0.27B,2.26,$0.47B,$0.70B,0.67,$4.08B,$0.51B,12.52%,$4.08B,$0.09B,2.25%,$4.08B,$0.09B,2.25%,$4.08B,$0.18B,4.49%,$4.08B,$0.03B,0.69%,$4.08B,$0.01B,0.34%,$0.01B,$0.70B,2.08%,$0.01B,$0.66B,2.21%,$0.01B,$1.74B,0.84%,$0.09B,$1.17B,7.99%,$1148,$984,$164,$0,$43,$1113,$35,$-24,$11,$9,$2,$2,$2,$58,$35,$86,87,$0.03,$0.02,$200,$247,$0,$599,$1081,$0,$41,$4,$1141,$1740,$266,$469,$6,$774,$1040,$1,$221,$0,$700,$1740,$14,$90,$55,$146,$-41,$28,$48,$2,$65,$225,$-32,$0,$0,$0,$0,$0,$1,$-31,$-22,$0,$-22,$-0,$-0,$0,$-9,$-31,$163,$37,$0
32,2010-09-30,4.26,$7.89,0.54,$44.52,0.1,$2.60,1.64,$0.25,17.04,$0.53B,$0.22B,2.41,$0.50B,$0.68B,0.73,$3.85B,$0.44B,11.49%,$3.85B,$0.08B,2.00%,$3.85B,$0.08B,2.00%,$3.85B,$0.17B,4.31%,$3.85B,$0.02B,0.60%,$3.85B,$0.02B,0.54%,$0.02B,$0.68B,3.16%,$0.02B,$0.64B,3.37%,$0.02B,$1.68B,1.29%,$0.08B,$1.18B,6.73%,$1031,$890,$141,$0,$16,$981,$50,$-14,$36,$13,$23,$23,$23,$73,$50,$86,87,$0.27,$0.27,$162,$238,$0,$530,$1093,$0,$41,$5,$1155,$1684,$220,$496,$7,$783,$1002,$1,$219,$0,$682,$1684,$12,$67,$18,$85,$-27,$37,$10,$7,$54,$151,$-23,$0,$0,$0,$0,$0,$0,$-23,$6,$0,$6,$-0,$-0,$0,$-9,$-3,$125,$8,$0
33,2010-06-30,3.88,$7.60,0.51,$42.08,0.09,$2.08,1.87,$-0.18,0.0,$0.45B,$0.19B,2.42,$0.50B,$0.66B,0.76,$3.64B,$0.40B,11.03%,$3.64B,$0.02B,0.44%,$3.64B,$0.02B,0.44%,$3.64B,$0.10B,2.86%,$3.64B,$-0.03B,-0.85%,$3.64B,$-0.02B,-0.41%,$-0.02B,$0.66B,-2.27%,$-0.02B,$0.62B,-2.43%,$-0.02B,$1.62B,-0.92%,$0.02B,$1.15B,1.41%,$1006,$892,$114,$0,$11,$986,$19,$-19,$1,$-0,$1,$1,$1,$42,$19,$86,87,$0.01,$0.01,$63,$252,$0,$452,$1109,$0,$41,$4,$1169,$1621,$186,$496,$7,$778,$965,$1,$196,$0,$656,$1621,$-11,$44,$21,$65,$-38,$23,$13,$-11,$-8,$46,$-17,$0,$0,$0,$0,$0,$0,$-17,$6,$0,$6,$-0,$-0,$0,$-9,$-2,$26,$4,$0
34,2010-03-31,4.52,$7.60,0.59,$39.64,0.11,$2.52,1.79,$0.30,15.06,$0.44B,$0.22B,2.02,$0.45B,$0.66B,0.69,$3.42B,$0.49B,14.41%,$3.42B,$0.11B,3.07%,$3.42B,$0.11B,3.07%,$3.42B,$0.19B,5.61%,$3.42B,$0.04B,1.05%,$3.42B,$0.03B,0.79%,$0.03B,$0.66B,4.07%,$0.03B,$0.62B,4.34%,$0.03B,$1.61B,1.66%,$0.11B,$1.11B,9.27%,$895,$803,$92,$0,$21,$906,$-12,$-8,$-20,$-8,$-12,$-12,$-12,$10,$-12,$86,86,$-0.14,$-0.14,$38,$256,$0,$435,$1126,$0,$41,$5,$1178,$1613,$215,$453,$7,$742,$957,$1,$194,$0,$656,$1613,$-12,$22,$8,$30,$-16,$19,$-10,$14,$26,$43,$-11,$0,$0,$0,$0,$0,$0,$-11,$-26,$0,$-26,$0,$0,$0,$-5,$-31,$1,$7,$0
35,2009-12-31,3.54,$7.70,0.46,$36.34,0.1,$2.39,1.48,$0.80,4.43,$0.43B,$0.19B,2.24,$0.48B,$0.66B,0.72,$3.14B,$0.59B,18.78%,$3.14B,$0.21B,6.63%,$3.14B,$0.21B,6.63%,$3.14B,$0.29B,9.38%,$3.14B,$0.10B,3.16%,$3.14B,$0.07B,2.23%,$0.07B,$0.66B,10.70%,$0.07B,$0.62B,11.42%,$0.07B,$1.61B,4.33%,$0.21B,$1.14B,18.39%,$922,$826,$96,$0,$-2,$902,$20,$-14,$6,$-4,$9,$9,$9,$41,$20,$86,86,$0.11,$0.11,$37,$275,$0,$426,$1138,$0,$41,$5,$1189,$1614,$191,$475,$7,$759,$950,$1,$207,$0,$664,$1614,$69,$87,$41,$128,$-13,$-126,$6,$2,$-112,$85,$-48,$0,$0,$0,$0,$0,$0,$-48,$-5,$0,$-5,$-0,$-0,$0,$-4,$-9,$28,$8,$0
36,2009-09-30,6.43,$7.68,0.84,$33.77,0.19,$1.92,3.34,$0.82,7.84,$0.45B,$0.21B,2.19,$0.48B,$0.66B,0.72,$2.91B,$0.50B,16.99%,$2.91B,$0.05B,1.85%,$2.91B,$0.05B,1.85%,$2.91B,$0.18B,6.31%,$2.91B,$0.12B,4.02%,$2.91B,$0.07B,2.47%,$0.07B,$0.66B,11.32%,$0.07B,$0.62B,12.11%,$0.07B,$1.65B,4.46%,$0.05B,$1.14B,4.85%,$812,$713,$99,$0,$29,$822,$-11,$-7,$-18,$-5,$-13,$-13,$-13,$11,$-11,$86,86,$-0.16,$-0.16,$87,$229,$0,$449,$1148,$0,$41,$5,$1197,$1647,$205,$476,$7,$778,$984,$1,$197,$0,$663,$1647,$60,$65,$56,$122,$-21,$-80,$1,$7,$-63,$118,$-36,$0,$0,$0,$0,$0,$0,$-36,$-4,$0,$-4,$0,$0,$0,$-0,$-4,$78,$25,$0
37,2009-06-30,3.79,$7.75,0.49,$42.71,0.09,$1.41,2.68,$2.14,1.77,$0.42B,$0.18B,2.4,$0.48B,$0.67B,0.71,$3.68B,$0.54B,14.58%,$3.68B,$0.14B,3.72%,$3.68B,$0.14B,3.72%,$3.68B,$0.27B,7.22%,$3.68B,$0.28B,7.47%,$3.68B,$0.19B,5.02%,$0.19B,$0.67B,30.19%,$0.19B,$0.63B,32.99%,$0.19B,$1.63B,10.98%,$0.14B,$1.15B,12.55%,$793,$588,$206,$0,$22,$685,$108,$-40,$68,$26,$43,$43,$43,$130,$108,$86,86,$0.49,$0.49,$73,$223,$0,$424,$1157,$0,$41,$3,$1205,$1629,$177,$477,$7,$784,$960,$1,$211,$0,$668,$1629,$73,$43,$52,$95,$-35,$-74,$-5,$3,$-77,$91,$-25,$0,$0,$0,$0,$0,$0,$-25,$-2,$0,$-2,$0,$0,$0,$0,$-2,$64,$9,$0
38,2009-03-31,2.86,$7.22,0.4,$51.08,0.06,$0.33,8.64,$2.01,1.42,$0.36B,$0.18B,1.97,$0.48B,$0.62B,0.77,$4.40B,$0.56B,12.63%,$4.40B,$0.15B,3.45%,$4.40B,$0.15B,3.45%,$4.40B,$0.28B,6.38%,$4.40B,$0.24B,5.50%,$4.40B,$0.17B,3.93%,$0.17B,$0.62B,30.61%,$0.17B,$0.58B,34.43%,$0.17B,$1.58B,9.76%,$0.15B,$1.10B,14.54%,$609,$422,$188,$0,$20,$518,$91,$-48,$43,$12,$31,$31,$31,$112,$91,$86,86,$0.36,$0.36,$28,$173,$0,$355,$1170,$0,$41,$2,$1221,$1576,$180,$478,$5,$773,$953,$1,$168,$0,$623,$1576,$31,$21,$17,$39,$-32,$-25,$-25,$25,$-33,$37,$-16,$0,$0,$0,$0,$0,$0,$-16,$-1,$0,$-1,$0,$0,$0,$0,$-1,$20,$4,$0
39,2008-12-31,2.07,$6.84,0.3,$58.21,0.04,$0.07,30.47,$1.91,1.08,$0.37B,$0.25B,1.53,$0.48B,$0.59B,0.81,$5.02B,$0.56B,11.06%,$5.02B,$0.15B,2.95%,$5.02B,$0.15B,2.95%,$5.02B,$0.28B,5.50%,$5.02B,$0.23B,4.54%,$5.02B,$0.16B,3.27%,$0.16B,$0.59B,31.34%,$0.16B,$0.55B,36.44%,$0.16B,$1.61B,8.82%,$0.15B,$1.07B,14.73%,$700,$698,$2,$0,$15,$833,$-134,$157,$24,$13,$11,$11,$11,$-69,$-134,$86,86,$0.12,$0.12,$43,$148,$0,$373,$1179,$0,$41,$6,$1237,$1610,$245,$480,$7,$776,$1020,$1,$137,$0,$590,$1610,$164,$127,$-210,$-83,$48,$98,$-59,$-73,$4,$83,$-86,$0,$0,$0,$0,$0,$0,$-86,$-6,$0,$-6,$0,$0,$0,$-13,$-18,$-22,$-43,$0
40,2008-09-30,4.4,$6.62,0.67,$63.41,0.07,$-1.32,0.0,$1.78,2.47,$0.61B,$0.53B,1.14,$0.48B,$0.57B,0.84,$5.46B,$0.72B,13.14%,$5.46B,$0.31B,5.73%,$5.46B,$0.31B,5.73%,$5.46B,$0.40B,7.23%,$5.46B,$0.19B,3.46%,$5.46B,$0.13B,2.34%,$0.13B,$0.57B,26.45%,$0.13B,$0.49B,32.02%,$0.13B,$1.93B,6.65%,$0.31B,$1.05B,32.38%,$1581,$1440,$141,$0,$-8,$1509,$72,$68,$140,$40,$100,$100,$100,$93,$72,$86,86,$1.16,$1.16,$60,$259,$0,$608,$1186,$0,$84,$6,$1318,$1925,$534,$481,$34,$821,$1356,$1,$126,$0,$570,$1925,$153,$63,$-5,$58,$-46,$-11,$26,$-84,$-106,$105,$-67,$0,$0,$0,$0,$0,$0,$-67,$-5,$0,$-5,$0,$0,$0,$-3,$-8,$29,$-37,$0
