,Date,Stock Price,Book Value per Share,Price to Book Ratio,TTM Sales per Share,Price to Sales Ratio,TTM FCF per Share,Price to FCF Ratio,TTM Net EPS,PE Ratio,Current Assets,Current Liabilities,Current Ratio,Long Term Debt,Shareholder's Equity_x,Debt to Equity Ratio,TTM Revenue_x,TTM Gross Profit,Gross Margin,TTM Revenue_y,TTM Operating Income,Operating Margin,TTM Revenue_x,TTM EBIT,EBIT Margin,TTM Revenue_y,TTM EBITDA,EBITDA Margin,TTM Revenue_x,TTM Pre-Tax Income,Pre-Tax Margin,TTM Revenue_y,TTM Net Income_x,Net Margin,TTM Net Income_y,Shareholder's Equity_y,Return on Equity,TTM Net Income_x,Tangible Equity,Return on Tangible Equity,TTM Net Income_y,Total Assets,Return on Assets,TTM Net Income,LT Investments & Debt,Return on Investment,revenue,cost-goods-sold,gross-profit,research-development-expenses,selling-general-administrative-expenses,operating-expenses,operating-income,total-non-operating-income-expense,pre-tax-income,total-provision-income-taxes,income-after-taxes,income-from-continuous-operations,net-income,ebitda,ebit,basic-shares-outstanding,shares-outstanding,eps-basic-net-earnings-per-share,eps-earnings-per-share-diluted,cash-on-hand,inventory,other-current-assets,total-current-assets,net-property-plant-equipment,long-term-investments,goodwill-intangible-assets-total,other-long-term-assets,total-long-term-assets,total-assets,total-current-liabilities,long-term-debt,other-non-current-liabilities,total-long-term-liabilities,total-liabilities,common-stock-net,retained-earnings-accumulated-deficit,comprehensive-income,total-share-holder-equity,total-liabilities-share-holders-equity,net-income-loss,total-depreciation-amortization-cash-flow,other-non-cash-items,total-non-cash-items,change-in-accounts-receivable,change-in-inventories,change-in-accounts-payable,change-in-assets-liabilities,total-change-in-assets-liabilities,cash-flow-from-operating-activities,net-change-in-property-plant-equipment,net-change-in-intangible-assets,net-acquisitions-divestitures,net-change-in-short-term-investments,net-change-in-long-term-investments,net-change-in-investments-total,investing-activities-other,cash-flow-from-investing-activities,net-long-term-debt,net-current-debt,debt-issuance-retirement-net-total,net-common-equity-issued-repurchased,net-total-equity-issued-repurchased,total-common-preferred-stock-dividends-paid,financial-activities-other,cash-flow-from-financial-activities,net-cash-flow,stock-based-compensation,common-stock-dividends-paid
0,2018-09-30,31.24,$19.39,1.61,$9.61,3.25,$5.16,6.06,$1.23,25.43,$1.57B,$1.48B,1.06,$0.14B,$0.17B,0.78,$0.09B,$0.08B,85.71%,$0.09B,$0.03B,27.47%,$0.09B,0,0.00%,$0.09B,0,0.00%,$0.09B,$0.03B,27.47%,$0.09B,$0.02B,17.58%,$0.02B,$0.17B,9.50%,$0.02B,$0.17B,9.64%,$0.02B,$1.80B,0.91%,$0.03B,$0.31B,8.36%,$24,$4,$20,$0,$13,$18,$6,$0,$6,$1,$5,$5,$5,$0,$0,$9,10,$0.53,$0.53,$85,$0,$0,$1565,$25,$152,$2,$56,$236,$1801,$1479,$135,$13,$148,$1627,$24,$20,$-4,$174,$1801,$15,$1,$2,$3,$-3,$0,$0,$1,$-1,$17,$-2,$0,$0,$0,$10,$10,$-95,$-87,$5,$-12,$-7,$1,$1,$-4,$86,$76,$6,$0,$-4
1,2018-06-30,30.53,$18.14,1.68,$9.29,3.29,$4.57,6.68,$1.57,19.4,$1.54B,$1.46B,1.06,$0.14B,$0.17B,0.79,$0.09B,$0.08B,86.36%,$0.09B,$0.02B,27.27%,$0.09B,0,0.00%,$0.09B,0,0.00%,$0.09B,$0.02B,27.27%,$0.09B,$0.01B,15.91%,$0.01B,$0.17B,8.43%,$0.01B,$0.17B,8.55%,$0.01B,$1.78B,0.81%,$0.02B,$0.31B,8.09%,$23,$4,$20,$0,$12,$16,$8,$0,$8,$2,$6,$6,$6,$0,$0,$9,9,$0.65,$0.64,$86,$0,$0,$1538,$24,$161,$2,$54,$242,$1779,$1456,$135,$18,$153,$1609,$22,$30,$-3,$170,$1779,$10,$1,$1,$1,$-1,$0,$0,$3,$2,$14,$-1,$0,$0,$0,$5,$5,$-65,$-61,$5,$-8,$-3,$1,$1,$-3,$58,$54,$6,$0,$-3
2,2018-03-31,27.83,$17.68,1.57,$8.97,3.1,$3.98,6.99,$1.33,21.0,$1.49B,$1.43B,1.04,$0.12B,$0.17B,0.73,$0.09B,$0.07B,85.88%,$0.09B,$0.02B,24.71%,$0.09B,0,0.00%,$0.09B,0,0.00%,$0.09B,$0.02B,24.71%,$0.09B,$0.01B,14.12%,$0.01B,$0.17B,7.33%,$0.01B,$0.16B,7.43%,$0.01B,$1.73B,0.71%,$0.02B,$0.29B,7.14%,$22,$3,$19,$0,$13,$17,$5,$0,$5,$1,$4,$4,$4,$0,$0,$9,9,$0.44,$0.43,$78,$0,$0,$1487,$24,$158,$2,$54,$238,$1725,$1427,$120,$12,$132,$1559,$22,$26,$-3,$166,$1725,$4,$0,$0,$1,$0,$0,$-0,$2,$2,$7,$-1,$0,$0,$0,$5,$5,$-23,$-19,$-10,$4,$-6,$0,$0,$-1,$18,$11,$-1,$0,$-1
3,2017-12-31,27.1,$18.44,1.47,$8.70,3.11,$3.92,6.92,$1.26,21.52,$1.46B,$1.41B,1.04,$0.13B,$0.16B,0.79,$0.08B,$0.07B,86.59%,$0.08B,$0.02B,25.61%,$0.08B,0,0.00%,$0.08B,0,0.00%,$0.08B,$0.02B,25.61%,$0.08B,$0.01B,13.41%,$0.01B,$0.16B,6.80%,$0.01B,$0.16B,6.89%,$0.01B,$1.71B,0.66%,$0.02B,$0.30B,7.04%,$22,$3,$19,$0,$12,$15,$6,$0,$6,$5,$1,$1,$1,$0,$0,$9,9,$0.15,$0.16,$80,$0,$0,$1464,$24,$165,$2,$53,$245,$1709,$1405,$130,$10,$140,$1545,$22,$23,$-1,$164,$1709,$12,$1,$8,$9,$-1,$0,$0,$-4,$-5,$17,$-2,$0,$0,$0,$37,$37,$-131,$-97,$5,$-36,$-31,$1,$1,$-5,$120,$85,$5,$1,$-5
4,2017-09-30,28.67,$17.59,1.63,$8.42,3.4,$4.11,6.97,$1.51,18.93,$1.41B,$1.36B,1.04,$0.14B,$0.16B,0.83,$0.08B,$0.07B,87.34%,$0.08B,$0.02B,26.58%,$0.08B,0,0.00%,$0.08B,0,0.00%,$0.08B,$0.02B,26.58%,$0.08B,$0.01B,17.72%,$0.01B,$0.16B,8.78%,$0.01B,$0.16B,8.89%,$0.01B,$1.67B,0.85%,$0.02B,$0.30B,7.12%,$21,$3,$18,$0,$13,$16,$5,$0,$5,$2,$3,$3,$3,$0,$0,$9,9,$0.37,$0.36,$20,$0,$0,$1409,$24,$174,$2,$55,$256,$1665,$1355,$135,$11,$146,$1501,$22,$22,$-0,$164,$1665,$11,$1,$4,$5,$-2,$0,$0,$-2,$-5,$11,$-1,$0,$0,$-0,$28,$28,$-133,$-106,$10,$-25,$-15,$1,$1,$-3,$59,$41,$-54,$1,$-3
5,2017-06-30,26.39,$17.32,1.52,$8.16,3.23,$4.22,6.25,$1.52,17.41,$1.40B,$1.36B,1.03,$0.14B,$0.16B,0.84,$0.08B,$0.07B,88.16%,$0.08B,$0.02B,27.63%,$0.08B,0,0.00%,$0.08B,0,0.00%,$0.08B,$0.02B,27.63%,$0.08B,$0.01B,18.42%,$0.01B,$0.16B,8.90%,$0.01B,$0.16B,9.02%,$0.01B,$1.67B,0.86%,$0.02B,$0.30B,7.36%,$20,$3,$17,$0,$12,$15,$5,$0,$5,$2,$4,$4,$4,$0,$0,$9,9,$0.39,$0.39,$61,$0,$0,$1401,$24,$189,$2,$54,$270,$1670,$1362,$135,$11,$147,$1509,$21,$34,$-0,$161,$1670,$7,$1,$2,$2,$-1,$0,$-0,$-1,$-2,$8,$-1,$0,$0,$0,$14,$14,$-83,$-70,$10,$-20,$-10,$0,$0,$-2,$61,$50,$-13,$0,$-2
6,2017-03-31,23.96,$16.99,1.41,$7.94,3.02,$4.42,5.42,$1.45,16.48,$1.39B,$1.36B,1.03,$0.15B,$0.16B,0.92,$0.07B,$0.07B,89.19%,$0.07B,$0.02B,27.03%,$0.07B,0,0.00%,$0.07B,0,0.00%,$0.07B,$0.02B,27.03%,$0.07B,$0.01B,17.57%,$0.01B,$0.16B,8.37%,$0.01B,$0.16B,8.48%,$0.01B,$1.67B,0.82%,$0.02B,$0.30B,7.16%,$19,$2,$17,$0,$12,$14,$5,$0,$5,$2,$3,$3,$3,$0,$0,$9,9,$0.37,$0.36,$88,$0,$0,$1392,$25,$199,$2,$53,$279,$1671,$1355,$145,$12,$158,$1513,$21,$31,$-1,$158,$1671,$3,$0,$1,$1,$0,$0,$0,$1,$2,$6,$-1,$0,$0,$0,$3,$3,$-49,$-46,$20,$-3,$17,$0,$0,$-1,$37,$53,$14,$0,$-1
7,2016-12-31,26.3,$17.51,1.5,$7.77,3.39,$4.21,6.25,$1.39,18.88,$1.33B,$1.32B,1.01,$0.13B,$0.16B,0.81,$0.07B,$0.06B,88.89%,$0.07B,$0.02B,26.39%,$0.07B,0,0.00%,$0.07B,0,0.00%,$0.07B,$0.02B,26.39%,$0.07B,$0.01B,18.06%,$0.01B,$0.16B,8.48%,$0.01B,$0.15B,8.60%,$0.01B,$1.61B,0.86%,$0.02B,$0.28B,7.01%,$19,$2,$17,$0,$11,$13,$6,$0,$6,$2,$4,$4,$4,$0,$0,$9,9,$0.42,$0.42,$74,$0,$0,$1331,$25,$202,$2,$52,$280,$1612,$1321,$125,$11,$136,$1457,$21,$29,$-1,$155,$1612,$13,$2,$2,$4,$-2,$0,$-0,$3,$1,$18,$-2,$0,$0,$0,$12,$12,$-154,$-144,$5,$-18,$-13,$1,$-11,$-4,$170,$142,$17,$1,$-4
8,2016-09-30,19.05,$16.81,1.13,$8.01,2.38,$3.58,5.32,$1.34,14.23,$1.24B,$1.25B,0.99,$0.11B,$0.16B,0.68,$0.07B,$0.06B,88.57%,$0.07B,$0.02B,24.29%,$0.07B,0,0.00%,$0.07B,0,0.00%,$0.07B,$0.02B,24.29%,$0.07B,$0.01B,17.14%,$0.01B,$0.16B,7.78%,$0.01B,$0.15B,7.88%,$0.01B,$1.52B,0.81%,$0.02B,$0.26B,6.28%,$18,$2,$16,$0,$11,$13,$5,$0,$5,$2,$3,$3,$3,$0,$0,$9,9,$0.37,$0.36,$46,$0,$0,$1243,$25,$205,$2,$48,$280,$1523,$1253,$105,$9,$115,$1368,$21,$26,$3,$155,$1523,$9,$2,$3,$4,$-3,$0,$0,$1,$-1,$12,$-2,$0,$0,$1,$14,$15,$-91,$-78,$-15,$-43,$-58,$1,$-11,$-3,$128,$55,$-11,$0,$-3
9,2016-06-30,17.63,$16.58,1.06,$8.34,2.11,$3.46,5.1,$1.39,12.7,$1.23B,$1.22B,1.01,$0.12B,$0.15B,0.79,$0.07B,$0.06B,88.24%,$0.07B,$0.02B,23.53%,$0.07B,0,0.00%,$0.07B,0,0.00%,$0.07B,$0.02B,23.53%,$0.07B,$0.01B,17.65%,$0.01B,$0.15B,8.18%,$0.01B,$0.15B,8.29%,$0.01B,$1.50B,0.83%,$0.02B,$0.27B,5.99%,$18,$2,$16,$0,$11,$13,$4,$0,$4,$1,$3,$3,$3,$0,$0,$9,9,$0.33,$0.33,$79,$0,$0,$1234,$25,$194,$2,$48,$270,$1504,$1221,$120,$10,$130,$1351,$20,$32,$3,$153,$1504,$6,$1,$2,$3,$-0,$0,$0,$2,$2,$10,$-1,$0,$0,$-0,$26,$26,$-51,$-27,$0,$-53,$-53,$0,$-12,$-2,$105,$38,$22,$0,$-2
10,2016-03-31,17.39,$16.27,1.07,$8.64,2.01,$3.30,5.28,$1.46,11.88,$1.15B,$1.15B,1.0,$0.12B,$0.15B,0.8,$0.07B,$0.06B,87.88%,$0.07B,$0.02B,24.24%,$0.07B,0,0.00%,$0.07B,0,0.00%,$0.07B,$0.02B,24.24%,$0.07B,$0.01B,18.18%,$0.01B,$0.15B,8.62%,$0.01B,$0.15B,8.76%,$0.01B,$1.43B,0.85%,$0.02B,$0.27B,6.14%,$17,$2,$15,$0,$11,$13,$4,$0,$4,$1,$3,$3,$3,$0,$0,$9,9,$0.30,$0.30,$12,$0,$0,$1151,$25,$205,$2,$44,$276,$1427,$1147,$120,$9,$130,$1277,$20,$30,$2,$150,$1427,$3,$1,$1,$1,$-1,$0,$0,$1,$0,$4,$-1,$0,$0,$0,$15,$15,$-29,$-15,$0,$-48,$-48,$0,$-12,$-1,$27,$-34,$-45,$0,$-1
11,2015-12-31,17.38,$18.14,0.96,$8.99,1.93,$3.19,5.45,$1.50,11.6,$1.17B,$1.17B,1.0,$0.12B,$0.15B,0.82,$0.07B,$0.06B,87.69%,$0.07B,$0.02B,24.62%,$0.07B,0,0.00%,$0.07B,0,0.00%,$0.07B,$0.02B,23.08%,$0.07B,$0.01B,16.92%,$0.01B,$0.16B,8.33%,$0.01B,$0.16B,8.49%,$0.01B,$1.46B,0.79%,$0.02B,$0.28B,6.50%,$17,$2,$15,$0,$11,$13,$4,$0,$4,$1,$3,$3,$3,$0,$0,$7,7,$0.36,$0.37,$57,$0,$0,$1169,$25,$218,$2,$42,$288,$1456,$1169,$120,$8,$129,$1297,$20,$29,$1,$159,$1456,$11,$2,$3,$5,$-0,$0,$-0,$-2,$-2,$14,$-6,$0,$21,$0,$-3,$-3,$-112,$-99,$30,$32,$62,$34,$34,$-3,$19,$111,$26,$0,$-3
12,2015-09-30,16.42,$17.52,0.94,$8.93,1.84,$3.48,4.72,$1.51,10.85,$1.12B,$1.14B,0.98,$0.12B,$0.11B,1.06,$0.06B,$0.06B,87.30%,$0.06B,$0.02B,25.40%,$0.06B,0,0.00%,$0.06B,0,0.00%,$0.06B,$0.02B,23.81%,$0.06B,$0.01B,17.46%,$0.01B,$0.13B,9.03%,$0.01B,$0.12B,9.19%,$0.01B,$1.40B,0.83%,$0.02B,$0.25B,7.00%,$16,$2,$14,$0,$10,$12,$4,$0,$4,$1,$3,$3,$3,$0,$0,$7,7,$0.42,$0.41,$72,$0,$0,$1116,$23,$216,$2,$40,$281,$1397,$1142,$120,$9,$130,$1272,$15,$27,$2,$125,$1397,$8,$2,$2,$4,$-0,$0,$0,$-2,$-2,$11,$-3,$0,$21,$-1,$4,$3,$-43,$-23,$30,$5,$35,$1,$1,$-2,$19,$53,$41,$0,$-2
13,2015-06-30,16.25,$17.14,0.95,$8.72,1.86,$3.66,4.44,$1.54,10.54,$1.09B,$1.11B,0.98,$0.13B,$0.11B,1.13,$0.06B,$0.05B,87.10%,$0.06B,$0.02B,27.42%,$0.06B,0,0.00%,$0.06B,0,0.00%,$0.06B,$0.02B,25.81%,$0.06B,$0.01B,17.74%,$0.01B,$0.12B,9.21%,$0.01B,$0.12B,9.32%,$0.01B,$1.37B,0.86%,$0.02B,$0.25B,7.87%,$16,$2,$14,$0,$10,$12,$4,$-0,$4,$1,$3,$3,$3,$0,$0,$7,7,$0.41,$0.40,$59,$0,$0,$1089,$22,$219,$2,$40,$283,$1373,$1110,$125,$15,$140,$1250,$15,$30,$2,$123,$1373,$5,$1,$2,$3,$-1,$0,$0,$0,$-1,$8,$-2,$0,$21,$-1,$5,$3,$-29,$-7,$35,$-12,$23,$1,$1,$-2,$4,$27,$28,$0,$-1
14,2015-03-31,16.22,$16.99,0.95,$8.52,1.9,$3.57,4.54,$1.52,10.65,$1.04B,$1.10B,0.94,$0.09B,$0.11B,0.83,$0.06B,$0.05B,86.67%,$0.06B,$0.02B,28.33%,$0.06B,0,0.00%,$0.06B,0,0.00%,$0.06B,$0.02B,26.67%,$0.06B,$0.01B,18.33%,$0.01B,$0.12B,9.38%,$0.01B,$0.12B,9.44%,$0.01B,$1.32B,0.89%,$0.02B,$0.21B,8.40%,$16,$2,$14,$0,$10,$12,$4,$-0,$3,$1,$2,$2,$2,$0,$0,$7,7,$0.34,$0.34,$27,$0,$0,$1038,$22,$223,$2,$39,$286,$1324,$1103,$90,$9,$100,$1203,$15,$28,$3,$121,$1324,$2,$1,$1,$1,$-1,$0,$0,$0,$-1,$3,$-1,$0,$21,$0,$-4,$-4,$-9,$8,$-0,$-13,$-13,$0,$0,$-1,$-1,$-15,$-4,$0,$-1
15,2014-12-31,15.62,$17.55,0.89,$8.52,1.83,$4.09,3.82,$1.65,9.48,$0.94B,$1.00B,0.94,$0.09B,$0.11B,0.85,$0.06B,$0.05B,86.21%,$0.06B,$0.02B,29.31%,$0.06B,0,0.00%,$0.06B,0,0.00%,$0.06B,$0.02B,29.31%,$0.06B,$0.01B,20.69%,$0.01B,$0.12B,10.19%,$0.01B,$0.12B,10.19%,$0.01B,$1.21B,1.00%,$0.02B,$0.21B,8.47%,$15,$2,$13,$0,$9,$11,$4,$-0,$4,$1,$3,$3,$3,$0,$0,$7,7,$0.38,$0.38,$31,$0,$0,$940,$18,$217,$0,$38,$273,$1214,$997,$90,$8,$98,$1095,$15,$26,$3,$118,$1214,$12,$2,$2,$4,$-0,$0,$0,$-0,$-0,$15,$-6,$0,$0,$0,$17,$17,$-60,$-49,$20,$2,$22,$14,$1,$-3,$30,$50,$16,$0,$-3
16,2014-09-30,15.37,$16.42,0.94,$8.61,1.79,$4.79,3.21,$1.69,9.1,$0.92B,$1.00B,0.92,$0.08B,$0.10B,0.77,$0.06B,$0.05B,85.96%,$0.06B,$0.02B,29.82%,$0.06B,0,0.00%,$0.06B,0,0.00%,$0.06B,$0.02B,29.82%,$0.06B,$0.01B,21.05%,$0.01B,$0.12B,10.41%,$0.01B,$0.12B,10.41%,$0.01B,$1.20B,1.01%,$0.02B,$0.20B,8.81%,$15,$2,$13,$0,$8,$10,$5,$-0,$5,$1,$3,$3,$3,$0,$0,$7,7,$0.45,$0.44,$34,$0,$0,$916,$15,$234,$0,$39,$287,$1204,$1000,$80,$7,$87,$1088,$15,$24,$2,$116,$1204,$9,$2,$1,$3,$0,$0,$-0,$-2,$-2,$10,$-2,$0,$0,$0,$-0,$-0,$-32,$-34,$10,$1,$11,$14,$1,$-2,$34,$43,$19,$0,$-2
17,2014-06-30,15.79,$16.22,0.97,$8.75,1.81,$5.05,3.12,$1.67,9.46,$0.91B,$1.00B,0.92,$0.08B,$0.10B,0.79,$0.06B,$0.05B,85.71%,$0.06B,$0.02B,28.57%,$0.06B,0,0.00%,$0.06B,0,0.00%,$0.06B,$0.02B,28.57%,$0.06B,$0.01B,21.43%,$0.01B,$0.11B,10.64%,$0.01B,$0.11B,10.64%,$0.01B,$1.20B,1.03%,$0.02B,$0.19B,8.74%,$14,$2,$12,$0,$8,$10,$4,$-0,$4,$1,$3,$3,$3,$0,$0,$7,7,$0.40,$0.39,$36,$0,$0,$914,$15,$231,$0,$40,$286,$1201,$998,$80,$8,$88,$1087,$14,$28,$3,$114,$1201,$6,$1,$1,$2,$-0,$0,$0,$-1,$-1,$7,$-2,$0,$0,$0,$4,$4,$-29,$-27,$10,$-10,$-0,$13,$0,$-1,$43,$42,$21,$0,$-1
18,2014-03-31,15.6,$17.67,0.88,$8.94,1.75,$5.65,2.76,$1.70,9.16,$0.91B,$0.97B,0.93,$0.08B,$0.10B,0.82,$0.06B,$0.05B,83.93%,$0.06B,$0.02B,28.57%,$0.06B,0,0.00%,$0.06B,0,0.00%,$0.06B,$0.02B,28.57%,$0.06B,$0.01B,21.43%,$0.01B,$0.12B,10.91%,$0.01B,$0.12B,10.91%,$0.01B,$1.19B,1.05%,$0.02B,$0.20B,9.38%,$14,$2,$12,$0,$8,$10,$4,$0,$4,$1,$3,$3,$3,$0,$0,$6,6,$0.48,$0.46,$42,$0,$0,$905,$14,$228,$0,$38,$280,$1185,$972,$80,$10,$90,$1062,$14,$25,$3,$123,$1185,$3,$1,$0,$1,$-1,$0,$0,$2,$1,$5,$-0,$0,$0,$0,$6,$6,$-12,$-7,$10,$-18,$-8,$13,$13,$-1,$24,$28,$27,$0,$-1
19,2013-12-31,14.43,$18.45,0.78,$8.89,1.62,$5.26,2.75,$1.67,8.66,$0.87B,$0.97B,0.9,$0.07B,$0.08B,0.85,$0.06B,$0.05B,83.64%,$0.06B,$0.02B,29.09%,$0.06B,0,0.00%,$0.06B,0,0.00%,$0.06B,$0.02B,29.09%,$0.06B,$0.01B,21.82%,$0.01B,$0.11B,11.43%,$0.01B,$0.11B,11.43%,$0.01B,$1.15B,1.08%,$0.02B,$0.18B,10.29%,$14,$2,$12,$0,$9,$11,$4,$0,$4,$1,$3,$3,$3,$0,$0,$6,6,$0.41,$0.40,$15,$0,$0,$865,$15,$233,$0,$38,$286,$1151,$966,$70,$7,$77,$1043,$12,$23,$2,$108,$1151,$11,$3,$2,$4,$2,$0,$-0,$1,$3,$18,$-5,$0,$0,$0,$-3,$-3,$-128,$-136,$40,$21,$61,$1,$1,$-2,$24,$84,$-35,$0,$-2
20,2013-09-30,12.67,$17.42,0.73,$8.91,1.42,$5.55,2.28,$1.64,7.72,$0.82B,$0.95B,0.86,$0.05B,$0.08B,0.63,$0.06B,$0.05B,81.82%,$0.06B,$0.02B,27.27%,$0.06B,0,0.00%,$0.06B,0,0.00%,$0.06B,$0.02B,27.27%,$0.06B,$0.01B,20.00%,$0.01B,$0.11B,10.65%,$0.01B,$0.11B,10.65%,$0.01B,$1.12B,1.01%,$0.02B,$0.16B,10.42%,$14,$2,$12,$0,$8,$10,$4,$0,$4,$1,$3,$3,$3,$0,$0,$6,6,$0.43,$0.42,$17,$0,$0,$823,$14,$243,$0,$37,$294,$1117,$954,$51,$7,$57,$1011,$12,$21,$3,$106,$1117,$8,$2,$1,$3,$1,$0,$-0,$1,$2,$13,$-4,$0,$0,$-1,$-10,$-11,$-82,$-97,$20,$12,$32,$1,$1,$-2,$21,$52,$-33,$0,$-2
21,2013-06-30,12.16,$17.05,0.71,$8.99,1.35,$5.61,2.17,$1.54,7.91,$0.83B,$0.95B,0.87,$0.04B,$0.08B,0.52,$0.06B,$0.04B,80.00%,$0.06B,$0.01B,23.64%,$0.06B,0,0.00%,$0.06B,0,0.00%,$0.06B,$0.01B,23.64%,$0.06B,$0.01B,18.18%,$0.01B,$0.10B,9.83%,$0.01B,$0.10B,9.83%,$0.01B,$1.10B,0.93%,$0.01B,$0.14B,9.35%,$14,$2,$11,$0,$8,$10,$4,$0,$4,$1,$3,$3,$3,$0,$0,$6,6,$0.43,$0.42,$65,$0,$0,$825,$13,$224,$0,$37,$274,$1099,$948,$41,$7,$48,$996,$11,$23,$3,$103,$1099,$5,$1,$0,$2,$3,$0,$-0,$1,$3,$10,$-2,$0,$0,$-0,$8,$8,$-37,$-32,$10,$4,$13,$1,$1,$-1,$24,$36,$15,$0,$-1
22,2013-03-31,11.58,$17.16,0.68,$9.05,1.28,$5.69,2.04,$1.57,7.39,$0.79B,$0.91B,0.87,$0.04B,$0.08B,0.52,$0.06B,$0.04B,80.00%,$0.06B,$0.01B,23.64%,$0.06B,0,0.00%,$0.06B,0,0.00%,$0.06B,$0.01B,23.64%,$0.06B,$0.01B,18.18%,$0.01B,$0.10B,9.95%,$0.01B,$0.10B,9.95%,$0.01B,$1.06B,0.95%,$0.01B,$0.14B,9.52%,$13,$2,$11,$0,$8,$10,$4,$0,$4,$1,$3,$3,$3,$0,$0,$6,6,$0.43,$0.42,$37,$0,$0,$790,$13,$225,$0,$36,$274,$1063,$912,$41,$7,$48,$960,$11,$21,$5,$103,$1063,$3,$1,$0,$1,$1,$0,$-0,$-0,$0,$4,$-2,$0,$0,$-0,$11,$11,$-28,$-18,$10,$-0,$10,$-0,$-0,$-0,$-8,$1,$-13,$0,$0
23,2012-12-31,10.37,$17.71,0.59,$9.09,1.14,$5.40,1.92,$1.50,6.93,$0.78B,$0.92B,0.85,$0.03B,$0.08B,0.4,$0.06B,$0.04B,80.00%,$0.06B,$0.01B,21.82%,$0.06B,0,0.00%,$0.06B,0,0.00%,$0.06B,$0.01B,21.82%,$0.06B,$0.01B,16.36%,$0.01B,$0.10B,9.14%,$0.01B,$0.10B,9.14%,$0.01B,$1.06B,0.86%,$0.01B,$0.13B,8.99%,$14,$3,$11,$0,$8,$11,$3,$0,$3,$1,$2,$2,$2,$0,$0,$6,6,$0.40,$0.40,$50,$0,$0,$781,$11,$237,$0,$31,$279,$1060,$921,$31,$7,$38,$958,$11,$19,$6,$101,$1060,$9,$3,$5,$8,$-0,$0,$-0,$-1,$-1,$16,$-2,$0,$0,$0,$-1,$-1,$-35,$-37,$-16,$9,$-7,$1,$1,$-2,$47,$39,$18,$0,$-2
24,2012-09-30,9.41,$16.80,0.56,$9.08,1.04,$5.54,1.7,$1.51,6.22,$0.78B,$0.92B,0.85,$0.04B,$0.08B,0.48,$0.06B,$0.04B,80.00%,$0.06B,$0.01B,23.64%,$0.06B,0,0.00%,$0.06B,0,0.00%,$0.06B,$0.01B,23.64%,$0.06B,$0.01B,16.36%,$0.01B,$0.10B,9.33%,$0.01B,$0.10B,9.33%,$0.01B,$1.06B,0.87%,$0.01B,$0.14B,9.59%,$14,$3,$11,$0,$9,$12,$2,$0,$2,$1,$2,$2,$2,$0,$0,$6,6,$0.31,$0.30,$51,$0,$0,$779,$11,$242,$0,$33,$285,$1064,$920,$36,$9,$44,$964,$11,$17,$7,$100,$1064,$7,$2,$3,$6,$-1,$0,$-0,$-2,$-3,$10,$-1,$0,$0,$1,$-3,$-3,$-30,$-34,$-11,$14,$3,$-1,$-1,$-1,$41,$43,$19,$0,$0
25,2012-06-30,9.02,$16.47,0.55,$9.07,0.99,$5.80,1.56,$1.39,6.48,$0.76B,$0.90B,0.84,$0.04B,$0.07B,0.49,$0.06B,$0.04B,78.18%,$0.06B,$0.01B,21.82%,$0.06B,0,0.00%,$0.06B,0,0.00%,$0.06B,$0.01B,21.82%,$0.06B,$0.01B,12.73%,$0.01B,$0.10B,7.43%,$0.01B,$0.10B,7.43%,$0.01B,$1.05B,0.68%,$0.01B,$0.13B,8.82%,$14,$3,$11,$0,$7,$10,$4,$0,$4,$1,$3,$3,$3,$0,$0,$6,6,$0.46,$0.45,$56,$0,$0,$755,$11,$238,$0,$40,$289,$1045,$903,$36,$7,$43,$946,$11,$19,$6,$98,$1045,$5,$1,$1,$3,$2,$0,$-0,$-1,$1,$9,$-0,$0,$0,$0,$-2,$-1,$-11,$-12,$-10,$15,$5,$0,$0,$-1,$24,$27,$24,$0,$-1
26,2012-03-31,7.26,$16.07,0.45,$9.01,0.81,$6.38,1.14,$1.22,5.94,$0.74B,$0.89B,0.83,$0.04B,$0.07B,0.52,$0.05B,$0.04B,77.78%,$0.05B,$0.01B,18.52%,$0.05B,0,0.00%,$0.05B,0,0.00%,$0.05B,$0.01B,18.52%,$0.05B,$0.01B,11.11%,$0.01B,$0.10B,6.65%,$0.01B,$0.10B,6.65%,$0.01B,$1.03B,0.60%,$0.01B,$0.13B,7.46%,$13,$3,$11,$0,$8,$10,$3,$0,$3,$1,$2,$2,$2,$0,$0,$6,6,$0.36,$0.35,$39,$0,$0,$738,$11,$239,$0,$42,$291,$1030,$888,$36,$10,$46,$935,$11,$16,$6,$95,$1030,$2,$1,$1,$2,$-2,$0,$-0,$-1,$-3,$1,$-0,$0,$0,$0,$1,$2,$-8,$-7,$-10,$3,$-7,$-0,$-0,$-0,$20,$13,$7,$0,$0
27,2011-12-31,5.33,$16.55,0.32,$8.94,0.6,$7.78,0.68,$1.08,4.93,$0.72B,$0.87B,0.83,$0.05B,$0.07B,0.68,$0.05B,$0.04B,75.93%,$0.05B,$0.01B,16.67%,$0.05B,0,0.00%,$0.05B,0,0.00%,$0.05B,$0.01B,16.67%,$0.05B,$0.01B,9.26%,$0.01B,$0.09B,5.81%,$0.01B,$0.09B,5.81%,$0.01B,$1.01B,0.50%,$0.01B,$0.14B,6.84%,$14,$3,$11,$0,$7,$10,$4,$0,$4,$1,$3,$3,$2,$0,$0,$6,6,$0.41,$0.41,$32,$0,$0,$720,$11,$237,$0,$44,$292,$1012,$865,$47,$8,$54,$919,$11,$15,$6,$93,$1012,$7,$3,$5,$8,$2,$0,$-0,$-0,$2,$16,$-1,$0,$0,$0,$-10,$-10,$-59,$-70,$-15,$3,$-12,$0,$8,$-2,$48,$43,$-11,$0,$-1
28,2011-09-30,6.06,$15.53,0.39,$8.95,0.68,$6.67,0.91,$0.82,7.41,$0.73B,$0.87B,0.84,$0.05B,$0.07B,0.71,$0.05B,$0.04B,75.47%,$0.05B,$0.01B,11.32%,$0.05B,0,0.00%,$0.05B,0,0.00%,$0.05B,$0.01B,11.32%,$0.05B,$0.00B,7.55%,$0.00B,$0.09B,4.88%,$0.00B,$0.09B,4.88%,$0.00B,$1.01B,0.41%,$0.01B,$0.14B,4.57%,$14,$3,$10,$0,$10,$13,$1,$0,$1,$-0,$1,$1,$0,$0,$0,$6,6,$0.00,$0.00,$47,$0,$0,$727,$11,$233,$0,$43,$287,$1014,$870,$47,$6,$53,$923,$10,$13,$6,$91,$1014,$4,$2,$5,$7,$2,$0,$-0,$-2,$-0,$11,$-1,$0,$0,$0,$-6,$-6,$-50,$-56,$-15,$5,$-10,$0,$8,$-2,$52,$48,$3,$0,$-1
29,2011-06-30,6.62,$13.92,0.48,$8.91,0.74,$6.51,1.02,$0.90,7.33,$0.68B,$0.84B,0.81,$0.04B,$0.07B,0.67,$0.05B,$0.04B,76.92%,$0.05B,$0.01B,13.46%,$0.05B,0,0.00%,$0.05B,0,0.00%,$0.05B,$0.01B,13.46%,$0.05B,$0.01B,11.54%,$0.01B,$0.08B,7.62%,$0.01B,$0.08B,7.62%,$0.01B,$0.98B,0.62%,$0.01B,$0.13B,5.30%,$13,$3,$10,$0,$7,$11,$2,$0,$2,$1,$2,$2,$2,$0,$0,$6,6,$0.28,$0.28,$12,$0,$0,$684,$11,$240,$0,$43,$293,$977,$843,$44,$9,$53,$896,$10,$13,$4,$82,$977,$3,$2,$2,$3,$4,$0,$-0,$2,$6,$12,$-1,$0,$0,$0,$-14,$-14,$-41,$-55,$-18,$4,$-14,$0,$0,$-1,$26,$11,$-32,$0,$-1
30,2011-03-31,6.77,$13.38,0.51,$8.97,0.75,$6.34,1.07,$0.87,7.81,$0.67B,$0.83B,0.81,$0.04B,$0.06B,0.72,$0.05B,$0.04B,76.92%,$0.05B,$0.01B,13.46%,$0.05B,0,0.00%,$0.05B,0,0.00%,$0.05B,$0.01B,13.46%,$0.05B,$0.01B,9.62%,$0.01B,$0.08B,6.47%,$0.01B,$0.08B,6.47%,$0.01B,$0.96B,0.53%,$0.01B,$0.12B,5.18%,$13,$3,$10,$0,$8,$11,$2,$0,$2,$0,$2,$2,$1,$0,$0,$6,6,$0.22,$0.21,$32,$0,$0,$669,$11,$239,$0,$42,$292,$961,$829,$44,$9,$53,$883,$10,$12,$2,$78,$961,$2,$1,$1,$2,$4,$0,$-0,$2,$6,$9,$-0,$0,$0,$0,$-14,$-14,$-5,$-19,$-18,$4,$-14,$0,$0,$-1,$13,$-2,$-12,$0,$-0
31,2010-12-31,5.89,$13.16,0.45,$8.96,0.66,$5.25,1.12,$0.91,6.48,$0.68B,$0.81B,0.84,$0.06B,$0.06B,1.03,$0.05B,$0.04B,76.47%,$0.05B,$0.01B,13.73%,$0.05B,0,0.00%,$0.05B,0,0.00%,$0.05B,$0.01B,13.73%,$0.05B,$0.01B,9.80%,$0.01B,$0.08B,6.56%,$0.01B,$0.08B,6.56%,$0.01B,$0.96B,0.54%,$0.01B,$0.14B,4.98%,$13,$3,$10,$0,$9,$12,$1,$0,$1,$0,$1,$1,$1,$0,$0,$6,6,$0.15,$0.14,$43,$0,$0,$681,$11,$227,$0,$38,$276,$957,$813,$62,$6,$68,$881,$10,$11,$2,$77,$957,$6,$3,$3,$6,$-4,$0,$-0,$1,$-3,$9,$-1,$0,$0,$0,$-51,$-51,$2,$-50,$-22,$-2,$-24,$0,$0,$-2,$83,$58,$17,$0,$-1
32,2010-09-30,5.13,$13.60,0.38,$8.84,0.58,$4.42,1.16,$0.91,5.63,$0.67B,$0.80B,0.83,$0.06B,$0.06B,1.0,$0.05B,$0.04B,74.51%,$0.05B,$0.01B,13.73%,$0.05B,0,0.00%,$0.05B,0,0.00%,$0.05B,$0.01B,13.73%,$0.05B,$0.01B,9.80%,$0.01B,$0.08B,6.67%,$0.01B,$0.08B,6.67%,$0.01B,$0.95B,0.55%,$0.01B,$0.14B,4.84%,$13,$3,$10,$0,$8,$11,$2,$0,$2,$0,$2,$2,$2,$0,$0,$6,6,$0.26,$0.26,$26,$0,$0,$665,$11,$241,$0,$35,$286,$952,$802,$62,$9,$71,$873,$10,$10,$5,$78,$952,$5,$2,$3,$5,$-4,$0,$-0,$4,$0,$10,$-1,$0,$0,$0,$-59,$-59,$2,$-58,$-22,$-1,$-23,$0,$0,$-1,$72,$48,$-1,$0,$-1
33,2010-06-30,4.32,$13.28,0.33,$8.72,0.5,$3.62,1.19,$0.80,5.43,$0.68B,$0.77B,0.88,$0.06B,$0.06B,1.03,$0.05B,$0.04B,72.00%,$0.05B,$0.01B,12.00%,$0.05B,0,0.00%,$0.05B,0,0.00%,$0.05B,$0.01B,12.00%,$0.05B,$0.00B,8.00%,$0.00B,$0.08B,5.42%,$0.00B,$0.08B,5.42%,$0.00B,$0.92B,0.45%,$0.01B,$0.14B,4.07%,$13,$3,$10,$0,$8,$11,$2,$0,$2,$0,$2,$2,$1,$0,$0,$6,6,$0.24,$0.24,$38,$0,$0,$679,$11,$191,$0,$36,$238,$917,$768,$63,$9,$72,$840,$10,$9,$4,$76,$917,$3,$1,$2,$3,$-0,$0,$-0,$4,$4,$11,$-0,$0,$0,$0,$-11,$-11,$-2,$-13,$-22,$2,$-20,$0,$0,$-1,$35,$15,$12,$0,$-0
34,2010-03-31,4.47,$12.88,0.35,$8.59,0.52,$2.18,2.05,$0.56,7.96,$0.67B,$0.75B,0.9,$0.07B,$0.06B,1.19,$0.05B,$0.03B,69.39%,$0.05B,$0.00B,8.16%,$0.05B,0,0.00%,$0.05B,0,0.00%,$0.05B,$0.00B,8.16%,$0.05B,$0.00B,6.12%,$0.00B,$0.07B,4.17%,$0.00B,$0.07B,4.17%,$0.00B,$0.89B,0.34%,$0.00B,$0.14B,2.67%,$12,$3,$9,$0,$7,$10,$2,$0,$2,$0,$2,$2,$1,$0,$0,$6,6,$0.26,$0.26,$30,$0,$0,$673,$11,$175,$0,$34,$220,$893,$745,$69,$5,$74,$819,$10,$8,$3,$74,$893,$2,$1,$1,$1,$-0,$0,$0,$-1,$-1,$2,$0,$0,$0,$0,$4,$4,$-1,$4,$-15,$-0,$-16,$0,$0,$-0,$14,$-2,$4,$0,$-0
35,2009-12-31,3.18,$12.56,0.25,$8.41,0.38,$1.47,2.16,$0.43,7.33,$0.67B,$0.73B,0.91,$0.08B,$0.06B,1.5,$0.05B,$0.03B,66.67%,$0.05B,$0.00B,6.25%,$0.05B,0,0.00%,$0.05B,0,0.00%,$0.05B,$0.00B,6.25%,$0.05B,$0.00B,6.25%,$0.00B,$0.07B,4.24%,$0.00B,$0.07B,4.24%,$0.00B,$0.89B,0.35%,$0.00B,$0.16B,1.93%,$13,$4,$9,$0,$8,$11,$1,$0,$1,$0,$1,$1,$1,$0,$0,$6,6,$0.15,$0.15,$26,$0,$0,$666,$11,$178,$0,$37,$227,$893,$731,$84,$5,$89,$821,$10,$7,$2,$72,$893,$3,$2,$2,$4,$1,$0,$-0,$-4,$-3,$5,$-1,$0,$0,$0,$-100,$-100,$-77,$-178,$55,$-10,$45,$0,$17,$-2,$125,$185,$11,$0,$-1
36,2009-09-30,3.44,$12.70,0.27,$8.16,0.42,$1.50,2.29,$0.43,7.94,$0.65B,$0.71B,0.9,$0.08B,$0.06B,1.4,$0.05B,$0.03B,65.22%,$0.05B,$0.00B,6.52%,$0.05B,0,0.00%,$0.05B,0,0.00%,$0.05B,$0.00B,6.52%,$0.05B,$0.00B,6.52%,$0.00B,$0.07B,4.56%,$0.00B,$0.07B,4.56%,$0.00B,$0.87B,0.37%,$0.00B,$0.15B,2.19%,$12,$4,$8,$0,$7,$11,$1,$0,$1,$0,$1,$1,$1,$0,$0,$6,6,$0.15,$0.15,$12,$0,$0,$645,$12,$187,$0,$27,$225,$870,$713,$80,$5,$84,$797,$10,$6,$4,$73,$870,$2,$1,$2,$4,$1,$0,$0,$-2,$-1,$5,$-1,$0,$0,$0,$-106,$-106,$-64,$-170,$50,$-18,$32,$0,$17,$-1,$115,$162,$-3,$0,$-1
37,2009-06-30,3.75,$12.08,0.31,$7.95,0.47,$0.12,32.35,$0.48,7.77,$0.64B,$0.69B,0.93,$0.08B,$0.05B,1.51,$0.05B,$0.03B,64.44%,$0.05B,$0.00B,6.67%,$0.05B,0,0.00%,$0.05B,0,0.00%,$0.05B,$0.00B,6.67%,$0.05B,$0.00B,6.67%,$0.00B,$0.07B,4.98%,$0.00B,$0.07B,4.98%,$0.00B,$0.84B,0.40%,$0.00B,$0.15B,2.53%,$12,$4,$8,$0,$8,$12,$0,$0,$0,$-0,$0,$0,$0,$0,$0,$6,6,$0.01,$0.01,$26,$0,$0,$636,$12,$165,$0,$26,$204,$840,$686,$80,$6,$86,$771,$10,$5,$1,$69,$840,$1,$1,$2,$3,$-2,$0,$0,$-0,$-2,$2,$-0,$0,$0,$0,$-89,$-89,$-37,$-127,$50,$-18,$32,$0,$17,$-1,$87,$135,$11,$0,$-1
38,2009-03-31,4.76,$12.15,0.39,$7.73,0.62,$-0.43,0.0,$0.65,7.36,$0.64B,$0.65B,0.99,$0.10B,$0.05B,1.79,$0.04B,$0.03B,63.64%,$0.04B,$0.00B,9.09%,$0.04B,0,0.00%,$0.04B,0,0.00%,$0.04B,$0.00B,9.09%,$0.04B,$0.00B,9.09%,$0.00B,$0.07B,7.24%,$0.00B,$0.07B,7.24%,$0.00B,$0.82B,0.57%,$0.00B,$0.16B,3.94%,$11,$4,$7,$0,$6,$10,$1,$0,$1,$-0,$1,$1,$1,$0,$0,$6,6,$0.13,$0.13,$48,$0,$0,$642,$12,$142,$0,$25,$179,$821,$652,$95,$5,$100,$752,$10,$5,$1,$69,$821,$1,$0,$0,$1,$-2,$0,$0,$-1,$-3,$-1,$-0,$0,$0,$0,$-65,$-65,$-17,$-83,$66,$-17,$49,$0,$17,$-1,$52,$117,$34,$0,$-0
39,2008-12-31,4.65,$9.23,0.5,$7.73,0.6,$0.10,48.25,$0.78,5.99,$0.59B,$0.62B,0.96,$0.03B,$0.05B,0.57,$0.04B,$0.03B,63.64%,$0.04B,$0.01B,11.36%,$0.04B,0,0.00%,$0.04B,0,0.00%,$0.04B,$0.01B,11.36%,$0.04B,$0.01B,11.36%,$0.01B,$0.05B,9.90%,$0.01B,$0.05B,9.90%,$0.01B,$0.70B,0.77%,$0.01B,$0.08B,6.21%,$11,$4,$7,$0,$6,$10,$1,$0,$1,$0,$1,$1,$1,$0,$0,$6,6,$0.15,$0.16,$15,$0,$0,$591,$12,$77,$0,$23,$112,$703,$616,$29,$5,$34,$651,$10,$5,$1,$52,$703,$4,$2,$1,$3,$-1,$0,$-0,$-0,$-1,$6,$-3,$0,$0,$0,$9,$9,$-139,$-133,$-1,$18,$17,$1,$1,$-2,$86,$102,$-24,$0,$-2
40,2008-09-30,7.31,$8.99,0.81,$7.85,0.93,$0.65,11.24,$0.86,8.47,$0.54B,$0.57B,0.96,$0.03B,$0.05B,0.59,$0.05B,$0.03B,62.22%,$0.05B,$0.01B,13.33%,$0.05B,0,0.00%,$0.05B,0,0.00%,$0.05B,$0.01B,13.33%,$0.05B,$0.01B,11.11%,$0.01B,$0.05B,10.10%,$0.01B,$0.05B,10.10%,$0.01B,$0.65B,0.80%,$0.01B,$0.08B,7.52%,$11,$4,$7,$0,$5,$9,$1,$0,$1,$0,$1,$1,$1,$0,$0,$6,6,$0.20,$0.20,$10,$0,$0,$541,$12,$78,$0,$19,$109,$650,$565,$30,$4,$34,$599,$10,$5,$0,$51,$650,$4,$1,$1,$3,$-6,$0,$-0,$-1,$-7,$-1,$-2,$0,$0,$0,$6,$6,$-84,$-80,$-1,$12,$12,$1,$1,$-2,$41,$52,$-29,$0,$-2
41,2008-06-30,7.75,$8.84,0.88,$8.00,0.97,$2.31,3.36,$0.96,8.11,$0.53B,$0.55B,0.96,$0.03B,$0.05B,0.61,$0.05B,$0.03B,60.87%,$0.05B,$0.01B,15.22%,$0.05B,0,0.00%,$0.05B,0,0.00%,$0.05B,$0.01B,15.22%,$0.05B,$0.01B,13.04%,$0.01B,$0.05B,12.37%,$0.01B,$0.05B,12.37%,$0.01B,$0.64B,0.99%,$0.01B,$0.08B,8.56%,$11,$4,$7,$0,$6,$10,$1,$0,$1,$0,$1,$1,$1,$0,$0,$6,6,$0.18,$0.17,$34,$0,$0,$530,$11,$77,$0,$20,$108,$637,$553,$30,$5,$35,$588,$10,$4,$-0,$49,$637,$2,$1,$1,$2,$-3,$0,$-0,$-1,$-4,$0,$-1,$0,$0,$0,$7,$7,$-51,$-46,$-1,$2,$1,$1,$1,$-1,$39,$40,$-5,$0,$-1
42,2008-03-31,8.8,$8.98,0.98,$8.11,1.08,$3.41,2.58,$1.08,8.18,$0.50B,$0.53B,0.95,$0.03B,$0.05B,0.61,$0.05B,$0.03B,60.87%,$0.05B,$0.01B,17.39%,$0.05B,0,0.00%,$0.05B,0,0.00%,$0.05B,$0.01B,17.39%,$0.05B,$0.01B,15.22%,$0.01B,$0.05B,14.74%,$0.01B,$0.05B,14.74%,$0.01B,$0.61B,1.18%,$0.01B,$0.08B,9.61%,$11,$4,$7,$0,$5,$9,$2,$0,$2,$1,$2,$2,$2,$0,$0,$6,6,$0.28,$0.27,$37,$0,$0,$499,$11,$84,$0,$16,$111,$610,$525,$30,$5,$35,$560,$10,$4,$1,$50,$610,$2,$0,$0,$1,$-0,$0,$-0,$0,$0,$2,$-1,$0,$0,$0,$2,$2,$-17,$-16,$-0,$0,$-0,$0,$0,$-1,$13,$12,$-2,$0,$-1
43,2007-12-31,9.15,$9.20,0.99,$8.05,1.14,$3.80,2.41,$1.14,8.05,$0.48B,$0.51B,0.94,$0.03B,$0.05B,0.63,$0.05B,$0.03B,58.70%,$0.05B,$0.01B,17.39%,$0.05B,0,0.00%,$0.05B,0,0.00%,$0.05B,$0.01B,17.39%,$0.05B,$0.01B,15.22%,$0.01B,$0.05B,15.22%,$0.01B,$0.05B,15.22%,$0.01B,$0.60B,1.20%,$0.01B,$0.08B,9.41%,$12,$4,$7,$0,$5,$10,$2,$0,$2,$0,$1,$1,$1,$0,$0,$5,6,$0.24,$0.24,$39,$0,$0,$483,$10,$84,$0,$17,$111,$595,$512,$31,$4,$34,$546,$9,$6,$0,$48,$595,$6,$2,$-1,$1,$-0,$0,$-0,$0,$0,$7,$-1,$0,$0,$0,$-3,$-3,$-40,$-43,$-15,$0,$-15,$1,$1,$-2,$55,$39,$4,$0,$-2
44,2007-09-30,9.57,$8.58,1.12,$7.85,1.22,$3.78,2.53,$1.11,8.65,$0.48B,$0.50B,0.96,$0.04B,$0.05B,0.87,$0.04B,$0.03B,59.09%,$0.04B,$0.01B,15.91%,$0.04B,0,0.00%,$0.04B,0,0.00%,$0.04B,$0.01B,15.91%,$0.04B,$0.01B,15.91%,$0.01B,$0.05B,15.64%,$0.01B,$0.05B,15.64%,$0.01B,$0.59B,1.22%,$0.01B,$0.09B,8.02%,$12,$5,$7,$0,$5,$9,$2,$0,$2,$1,$2,$2,$2,$0,$0,$5,6,$0.30,$0.29,$38,$0,$0,$477,$10,$85,$0,$17,$112,$590,$498,$41,$4,$45,$543,$9,$6,$-0,$47,$590,$5,$1,$-1,$0,$1,$0,$0,$-0,$1,$7,$-1,$0,$0,$0,$-4,$-4,$-36,$-40,$-4,$0,$-4,$0,$0,$-1,$42,$36,$3,$0,$-1
45,2007-06-30,9.93,$8.24,1.21,$7.58,1.31,$3.63,2.73,$1.05,9.42,$0.47B,$0.49B,0.96,$0.04B,$0.05B,0.92,$0.04B,$0.03B,59.52%,$0.04B,$0.01B,16.67%,$0.04B,0,0.00%,$0.04B,0,0.00%,$0.04B,$0.01B,16.67%,$0.04B,$0.01B,14.29%,$0.01B,$0.05B,13.79%,$0.01B,$0.05B,13.79%,$0.01B,$0.58B,1.08%,$0.01B,$0.09B,8.02%,$11,$5,$7,$0,$4,$9,$2,$0,$2,$1,$2,$2,$2,$0,$0,$5,6,$0.30,$0.29,$36,$0,$0,$470,$10,$83,$0,$18,$112,$582,$491,$41,$4,$46,$537,$9,$4,$-1,$45,$582,$3,$1,$-1,$-0,$1,$0,$1,$-0,$2,$5,$-0,$0,$0,$0,$-3,$-3,$-31,$-34,$-4,$0,$-4,$0,$0,$-1,$34,$30,$1,$0,$-1
46,2007-03-31,9.57,$8.15,1.17,$7.26,1.32,$3.55,2.7,$1.02,9.36,$0.46B,$0.48B,0.96,$0.04B,$0.04B,0.97,$0.04B,$0.02B,60.00%,$0.04B,$0.01B,17.50%,$0.04B,0,0.00%,$0.04B,0,0.00%,$0.04B,$0.01B,17.50%,$0.04B,$0.01B,12.50%,$0.01B,$0.04B,11.83%,$0.01B,$0.04B,11.83%,$0.01B,$0.57B,0.93%,$0.01B,$0.09B,8.02%,$11,$5,$6,$0,$4,$8,$2,$0,$2,$1,$2,$2,$2,$0,$0,$5,6,$0.33,$0.32,$39,$0,$0,$462,$10,$84,$0,$17,$111,$573,$481,$43,$4,$47,$528,$9,$3,$-0,$44,$573,$2,$0,$-1,$-0,$2,$0,$1,$-0,$2,$4,$-0,$0,$0,$0,$-2,$-2,$-20,$-22,$-2,$0,$-2,$0,$0,$-0,$25,$22,$3,$0,$-0
47,2006-12-31,10.13,$8.27,1.23,$7.01,1.45,$3.43,2.95,$0.94,10.81,$0.44B,$0.46B,0.96,$0.05B,$0.04B,1.06,$0.04B,$0.02B,63.16%,$0.04B,$0.01B,18.42%,$0.04B,0,0.00%,$0.04B,0,0.00%,$0.04B,$0.01B,18.42%,$0.04B,$0.00B,10.53%,$0.00B,$0.04B,9.70%,$0.00B,$0.04B,9.70%,$0.00B,$0.55B,0.77%,$0.01B,$0.09B,8.21%,$10,$4,$6,$0,$4,$9,$1,$0,$1,$0,$1,$1,$1,$0,$0,$5,6,$0.21,$0.20,$35,$0,$0,$440,$10,$81,$0,$17,$109,$548,$457,$45,$3,$49,$505,$9,$5,$-0,$43,$548,$5,$2,$0,$2,$-1,$0,$0,$-0,$-0,$7,$-1,$0,$0,$0,$-11,$-11,$-38,$-50,$6,$-10,$-4,$0,$0,$-2,$71,$66,$23,$0,$-2
