,Date,Stock Price,Book Value per Share,Price to Book Ratio,TTM Sales per Share,Price to Sales Ratio,TTM FCF per Share,Price to FCF Ratio,TTM Net EPS,PE Ratio,Current Assets,Current Liabilities,Current Ratio,Long Term Debt,Shareholder's Equity_x,Debt to Equity Ratio,TTM Revenue_x,TTM Gross Profit,Gross Margin,TTM Revenue_y,TTM Operating Income,Operating Margin,TTM Revenue_x,TTM EBIT,EBIT Margin,TTM Revenue_y,TTM EBITDA,EBITDA Margin,TTM Revenue_x,TTM Pre-Tax Income,Pre-Tax Margin,TTM Revenue_y,TTM Net Income_x,Net Margin,TTM Net Income_y,Shareholder's Equity_y,Return on Equity,TTM Net Income_x,Tangible Equity,Return on Tangible Equity,TTM Net Income_y,Total Assets,Return on Assets,TTM Net Income,LT Investments & Debt,Return on Investment,revenue,cost-goods-sold,gross-profit,research-development-expenses,selling-general-administrative-expenses,operating-expenses,operating-income,total-non-operating-income-expense,pre-tax-income,total-provision-income-taxes,income-after-taxes,income-from-continuous-operations,net-income,ebitda,ebit,basic-shares-outstanding,shares-outstanding,eps-basic-net-earnings-per-share,eps-earnings-per-share-diluted,cash-on-hand,inventory,other-current-assets,total-current-assets,net-property-plant-equipment,long-term-investments,goodwill-intangible-assets-total,other-long-term-assets,total-long-term-assets,total-assets,total-current-liabilities,long-term-debt,other-non-current-liabilities,total-long-term-liabilities,total-liabilities,common-stock-net,retained-earnings-accumulated-deficit,comprehensive-income,total-share-holder-equity,total-liabilities-share-holders-equity,net-income-loss,total-depreciation-amortization-cash-flow,other-non-cash-items,total-non-cash-items,change-in-accounts-receivable,change-in-inventories,change-in-accounts-payable,change-in-assets-liabilities,total-change-in-assets-liabilities,cash-flow-from-operating-activities,net-change-in-property-plant-equipment,net-change-in-intangible-assets,net-acquisitions-divestitures,net-change-in-short-term-investments,net-change-in-long-term-investments,net-change-in-investments-total,investing-activities-other,cash-flow-from-investing-activities,net-long-term-debt,net-current-debt,debt-issuance-retirement-net-total,net-common-equity-issued-repurchased,net-total-equity-issued-repurchased,total-common-preferred-stock-dividends-paid,financial-activities-other,cash-flow-from-financial-activities,net-cash-flow,stock-based-compensation,common-stock-dividends-paid
0,2018-09-30,137.42,$37.02,3.71,$53.28,2.58,$7.80,17.61,$5.86,23.45,$1.35B,$0.60B,2.25,$0.81B,$1.62B,0.5,$2.38B,$0.88B,37.05%,$2.38B,$0.38B,16.13%,$2.38B,$0.38B,16.13%,$2.38B,$0.49B,20.46%,$2.38B,$0.35B,14.69%,$2.38B,$0.26B,10.99%,$0.26B,$1.62B,16.56%,$0.26B,$0.08B,286.81%,$0.26B,$3.28B,8.08%,$0.38B,$2.43B,16.03%,$595,$373,$223,$14,$111,$498,$97,$-4,$93,$18,$74,$74,$74,$123,$97,$44,44,$1.70,$1.68,$246,$429,$56,$1346,$370,$0,$1540,$20,$1930,$3276,$597,$813,$125,$1057,$1655,$49,$2115,$-238,$1621,$3276,$193,$77,$14,$91,$-79,$-50,$0,$-15,$-185,$99,$-25,$-2,$-211,$0,$0,$0,$0,$-237,$0,$1,$1,$-68,$-68,$-13,$-1,$-81,$-229,$12,$-13
1,2018-06-30,119.02,$35.84,3.32,$52.56,2.26,$9.02,13.19,$5.61,21.22,$1.28B,$0.60B,2.16,$0.81B,$1.58B,0.52,$2.35B,$0.86B,36.80%,$2.35B,$0.38B,16.10%,$2.35B,$0.38B,16.10%,$2.35B,$0.48B,20.44%,$2.35B,$0.34B,14.57%,$2.35B,$0.25B,10.69%,$0.25B,$1.58B,16.31%,$0.25B,$0.02B,306.10%,$0.25B,$3.23B,7.80%,$0.38B,$2.39B,16.06%,$620,$394,$227,$15,$109,$518,$102,$-6,$96,$22,$75,$75,$75,$129,$102,$44,45,$1.69,$1.68,$219,$436,$54,$1284,$375,$0,$1553,$18,$1946,$3230,$596,$813,$123,$1058,$1654,$49,$2047,$-240,$1576,$3230,$118,$51,$10,$62,$-58,$-44,$0,$-6,$-153,$27,$-16,$-2,$-213,$0,$0,$0,$0,$-230,$0,$1,$1,$-40,$-40,$-7,$-0,$-46,$-256,$8,$-7
2,2018-03-31,134.9,$35.70,3.78,$51.30,2.63,$9.62,14.02,$5.06,26.66,$1.35B,$0.54B,2.5,$0.81B,$1.58B,0.52,$2.30B,$0.83B,36.24%,$2.30B,$0.36B,15.51%,$2.30B,$0.36B,15.51%,$2.30B,$0.46B,19.86%,$2.30B,$0.32B,13.89%,$2.30B,$0.23B,9.89%,$0.23B,$1.58B,15.20%,$0.23B,$0.16B,337.55%,$0.23B,$3.18B,7.12%,$0.36B,$2.39B,15.42%,$548,$366,$181,$16,$101,$483,$64,$-4,$61,$17,$44,$44,$44,$89,$64,$44,45,$0.99,$0.98,$397,$387,$51,$1353,$385,$0,$1422,$19,$1826,$3179,$541,$814,$119,$1059,$1600,$49,$1979,$-199,$1579,$3179,$44,$25,$10,$34,$-2,$-29,$0,$-40,$-149,$-71,$-8,$-2,$0,$0,$0,$0,$0,$-10,$1,$0,$1,$-6,$-6,$0,$-0,$-6,$-79,$5,$0
3,2017-12-31,121.56,$34.63,3.51,$50.72,2.4,$10.61,11.45,$4.81,25.27,$1.40B,$0.59B,2.37,$0.81B,$1.53B,0.53,$2.27B,$0.82B,36.00%,$2.27B,$0.34B,14.96%,$2.27B,$0.34B,14.96%,$2.27B,$0.44B,19.37%,$2.27B,$0.30B,13.16%,$2.27B,$0.22B,9.51%,$0.22B,$1.53B,15.11%,$0.22B,$0.10B,7200.00%,$0.22B,$3.24B,6.86%,$0.34B,$2.34B,15.15%,$612,$363,$249,$14,$115,$492,$120,$-21,$99,$32,$68,$68,$68,$145,$120,$44,45,$1.52,$1.51,$475,$379,$53,$1402,$390,$0,$1426,$18,$1834,$3236,$591,$814,$133,$1118,$1709,$49,$1944,$-217,$1528,$3236,$215,$100,$6,$106,$-16,$20,$0,$65,$67,$389,$-46,$0,$-226,$0,$0,$0,$0,$-272,$-151,$0,$-151,$-38,$-38,$-25,$-1,$-214,$-79,$12,$-25
4,2017-09-30,104.02,$33.41,3.11,$49.60,2.1,$11.39,9.13,$4.82,21.58,$1.39B,$0.67B,2.08,$0.81B,$1.47B,0.55,$2.23B,$0.78B,34.95%,$2.23B,$0.33B,14.65%,$2.23B,$0.33B,14.65%,$2.23B,$0.43B,19.09%,$2.23B,$0.30B,13.30%,$2.23B,$0.22B,9.75%,$0.22B,$1.47B,15.83%,$0.22B,$0.05B,-4133.33%,$0.22B,$3.22B,7.00%,$0.33B,$2.29B,14.91%,$568,$360,$207,$15,$100,$475,$92,$-6,$86,$22,$64,$64,$64,$117,$92,$44,45,$1.45,$1.43,$432,$397,$44,$1389,$388,$0,$1429,$16,$1832,$3221,$669,$814,$103,$1078,$1747,$49,$1883,$-217,$1474,$3221,$147,$75,$7,$81,$-38,$-1,$0,$27,$-66,$162,$-33,$0,$-226,$0,$0,$0,$0,$-260,$0,$-0,$-0,$-27,$-27,$-11,$-1,$-39,$-122,$9,$-11
5,2017-06-30,91.32,$31.56,2.89,$48.17,1.9,$13.89,6.58,$4.41,20.71,$1.29B,$0.65B,1.97,$0.82B,$1.39B,0.59,$2.17B,$0.76B,34.87%,$2.17B,$0.31B,14.36%,$2.17B,$0.31B,14.36%,$2.17B,$0.41B,18.85%,$2.17B,$0.28B,12.79%,$2.17B,$0.20B,9.19%,$0.20B,$1.39B,15.03%,$0.20B,$-0.04B,-2842.86%,$0.20B,$3.12B,6.53%,$0.31B,$2.21B,14.29%,$568,$373,$195,$16,$99,$488,$80,$-7,$73,$22,$51,$51,$51,$105,$80,$44,45,$1.15,$1.13,$343,$396,$46,$1287,$391,$0,$1429,$15,$1834,$3121,$654,$815,$101,$1074,$1728,$49,$1826,$-244,$1393,$3121,$83,$50,$4,$54,$-27,$1,$0,$12,$-76,$61,$-23,$0,$-233,$0,$0,$0,$0,$-256,$0,$0,$0,$-21,$-21,$-6,$-0,$-27,$-211,$6,$-6
6,2017-03-31,90.68,$29.91,3.03,$47.29,1.92,$16.16,5.61,$4.16,21.8,$1.19B,$0.63B,1.91,$0.82B,$1.32B,0.62,$2.13B,$0.75B,34.98%,$2.13B,$0.30B,14.04%,$2.13B,$0.30B,14.04%,$2.13B,$0.40B,18.59%,$2.13B,$0.26B,12.30%,$2.13B,$0.19B,8.83%,$0.19B,$1.32B,14.53%,$0.19B,$-0.10B,3418.18%,$0.19B,$3.02B,6.24%,$0.30B,$2.14B,13.68%,$524,$357,$167,$16,$104,$476,$48,$-7,$41,$9,$33,$33,$33,$73,$48,$44,45,$0.74,$0.73,$273,$395,$46,$1190,$389,$0,$1424,$14,$1828,$3018,$625,$815,$96,$1069,$1694,$49,$1781,$-279,$1324,$3018,$33,$25,$2,$27,$-7,$-4,$0,$4,$-85,$-25,$-10,$0,$-239,$0,$0,$0,$0,$-250,$-0,$0,$-0,$-8,$-8,$0,$-0,$-8,$-281,$3,$0
7,2016-12-31,97.59,$29.23,3.34,$46.75,2.09,$18.31,5.33,$4.16,23.46,$1.42B,$0.68B,2.1,$0.82B,$1.29B,0.63,$2.11B,$0.75B,35.55%,$2.11B,$0.31B,14.60%,$2.11B,$0.31B,14.60%,$2.11B,$0.41B,19.19%,$2.11B,$0.27B,12.75%,$2.11B,$0.19B,8.91%,$0.19B,$1.29B,14.63%,$0.19B,$0.07B,606.45%,$0.19B,$3.04B,6.27%,$0.31B,$2.11B,13.91%,$566,$357,$209,$14,$88,$459,$106,$-10,$96,$25,$71,$71,$69,$130,$106,$44,45,$1.54,$1.52,$554,$367,$31,$1415,$389,$0,$1223,$12,$1623,$3038,$675,$816,$99,$1071,$1747,$49,$1755,$-292,$1291,$3038,$187,$96,$1,$97,$92,$4,$0,$27,$139,$423,$-43,$0,$0,$0,$0,$0,$0,$-43,$-1,$0,$-1,$-83,$-83,$-23,$10,$-96,$265,$9,$-23
8,2016-09-30,90.16,$29.10,3.1,$46.56,1.94,$12.59,7.16,$4.14,21.78,$1.36B,$0.49B,2.79,$0.97B,$1.29B,0.75,$2.13B,$0.77B,35.86%,$2.13B,$0.31B,14.58%,$2.13B,$0.31B,14.58%,$2.13B,$0.41B,19.13%,$2.13B,$0.27B,12.75%,$2.13B,$0.19B,8.86%,$0.19B,$1.29B,14.81%,$0.19B,$0.04B,2800.00%,$0.19B,$3.01B,6.33%,$0.31B,$2.25B,13.89%,$507,$323,$184,$14,$94,$431,$77,$-10,$67,$21,$46,$46,$46,$100,$77,$44,45,$1.04,$1.02,$452,$400,$49,$1363,$387,$0,$1248,$15,$1651,$3014,$488,$966,$98,$1239,$1727,$49,$1692,$-248,$1287,$3014,$119,$72,$0,$73,$95,$-19,$0,$48,$76,$267,$-25,$0,$1,$0,$0,$0,$0,$-24,$0,$-0,$-0,$-62,$-62,$-12,$6,$-68,$163,$8,$-12
9,2016-06-30,83.37,$28.68,2.91,$46.38,1.8,$6.64,12.56,$3.83,21.77,$1.31B,$0.48B,2.72,$0.97B,$1.27B,0.76,$2.15B,$0.77B,35.59%,$2.15B,$0.30B,13.85%,$2.15B,$0.30B,13.85%,$2.15B,$0.40B,18.45%,$2.15B,$0.26B,12.08%,$2.15B,$0.18B,8.22%,$0.18B,$1.27B,13.79%,$0.18B,$0.01B,10114.29%,$0.18B,$2.98B,5.93%,$0.30B,$2.24B,13.27%,$533,$347,$185,$15,$102,$465,$68,$-10,$58,$18,$40,$40,$40,$93,$68,$44,45,$0.90,$0.88,$383,$398,$53,$1310,$394,$0,$1260,$15,$1669,$2979,$482,$966,$96,$1223,$1705,$49,$1652,$-237,$1274,$2979,$73,$49,$19,$68,$85,$-15,$0,$36,$16,$157,$-15,$0,$-0,$0,$0,$0,$0,$-16,$0,$-0,$-0,$-42,$-42,$-6,$6,$-42,$94,$5,$-6
10,2016-03-31,74.76,$28.85,2.59,$45.88,1.63,$0.90,82.93,$3.48,21.48,$1.26B,$0.46B,2.76,$0.97B,$1.29B,0.75,$2.16B,$0.76B,35.26%,$2.16B,$0.30B,13.63%,$2.16B,$0.30B,13.63%,$2.16B,$0.40B,18.25%,$2.16B,$0.26B,11.92%,$2.16B,$0.16B,7.53%,$0.16B,$1.29B,12.37%,$0.16B,$0.00B,857.89%,$0.16B,$2.96B,5.40%,$0.30B,$2.25B,12.97%,$504,$332,$172,$15,$99,$446,$57,$-10,$48,$15,$33,$33,$33,$82,$57,$45,45,$0.74,$0.73,$337,$403,$38,$1260,$407,$0,$1285,$12,$1703,$2964,$457,$967,$93,$1220,$1677,$49,$1618,$-207,$1287,$2964,$33,$24,$15,$39,$87,$-18,$0,$21,$-2,$70,$-9,$0,$0,$0,$0,$0,$0,$-9,$-0,$0,$-0,$-22,$-22,$0,$4,$-18,$49,$3,$0
11,2015-12-31,67.56,$28.14,2.4,$45.96,1.47,$-4.14,0.0,$3.08,21.94,$1.28B,$0.52B,2.44,$0.95B,$1.26B,0.76,$2.21B,$0.78B,35.45%,$2.21B,$0.31B,14.10%,$2.21B,$0.31B,14.10%,$2.21B,$0.41B,18.68%,$2.21B,$0.27B,12.42%,$2.21B,$0.15B,6.62%,$0.15B,$1.26B,10.84%,$0.15B,$-0.03B,379.22%,$0.15B,$2.99B,4.77%,$0.31B,$2.21B,13.51%,$589,$364,$224,$15,$101,$480,$109,$-9,$99,$29,$71,$71,$70,$133,$109,$47,48,$1.51,$1.48,$289,$380,$40,$1275,$414,$0,$1283,$18,$1715,$2990,$523,$952,$101,$1211,$1734,$49,$1591,$-226,$1255,$2990,$145,$101,$142,$243,$-77,$-4,$0,$-137,$-226,$162,$-33,$0,$18,$0,$0,$0,$0,$-16,$-8,$0,$-8,$-265,$-265,$-24,$9,$-289,$-161,$9,$-24
12,2015-09-30,61.45,$28.87,2.13,$45.26,1.36,$-1.45,0.0,$1.91,32.17,$1.27B,$0.46B,2.76,$0.96B,$1.32B,0.73,$2.19B,$0.76B,34.61%,$2.19B,$0.28B,12.65%,$2.19B,$0.28B,12.65%,$2.19B,$0.38B,17.44%,$2.19B,$0.24B,11.05%,$2.19B,$0.09B,4.25%,$0.09B,$1.32B,6.63%,$0.09B,$0.02B,118.85%,$0.09B,$3.02B,2.94%,$0.28B,$2.28B,11.74%,$526,$340,$185,$15,$107,$462,$64,$-9,$55,$17,$38,$38,$34,$89,$64,$46,47,$0.73,$0.71,$248,$407,$31,$1267,$422,$0,$1301,$25,$1748,$3015,$459,$958,$102,$1236,$1695,$49,$1527,$-185,$1320,$3015,$76,$76,$77,$154,$-13,$-29,$0,$-156,$-234,$-5,$-22,$0,$23,$0,$0,$0,$0,$1,$-8,$0,$-8,$-171,$-171,$-12,$5,$-186,$-202,$7,$-12
13,2015-06-30,71.17,$30.02,2.37,$45.55,1.56,$1.14,62.68,$1.71,41.62,$1.34B,$0.47B,2.87,$0.95B,$1.41B,0.67,$2.22B,$0.77B,34.47%,$2.22B,$0.29B,12.92%,$2.22B,$0.29B,12.92%,$2.22B,$0.40B,17.87%,$2.22B,$0.25B,11.34%,$2.22B,$0.08B,3.78%,$0.08B,$1.41B,5.71%,$0.08B,$0.08B,62.69%,$0.08B,$3.11B,2.57%,$0.29B,$2.36B,11.85%,$545,$363,$182,$15,$102,$480,$65,$-9,$56,$16,$40,$40,$26,$91,$65,$47,48,$0.54,$0.53,$245,$401,$47,$1335,$434,$0,$1325,$19,$1778,$3113,$465,$949,$113,$1239,$1704,$49,$1499,$-148,$1409,$3113,$42,$52,$75,$127,$-30,$-16,$0,$-146,$-280,$-111,$-15,$0,$9,$0,$0,$0,$0,$-6,$-0,$0,$-0,$-88,$-88,$-6,$4,$-90,$-205,$5,$-6
14,2015-03-31,72.52,$29.45,2.46,$45.81,1.58,$4.74,15.3,$1.92,37.77,$1.34B,$0.48B,2.77,$0.97B,$1.40B,0.69,$2.25B,$0.78B,34.82%,$2.25B,$0.29B,13.09%,$2.25B,$0.29B,13.09%,$2.25B,$0.41B,18.21%,$2.25B,$0.26B,11.53%,$2.25B,$0.09B,4.19%,$0.09B,$1.40B,6.15%,$0.09B,$0.08B,71.89%,$0.09B,$3.13B,2.79%,$0.29B,$2.37B,11.88%,$546,$355,$191,$15,$103,$473,$73,$-9,$64,$21,$43,$43,$16,$99,$73,$48,49,$0.34,$0.33,$216,$390,$193,$1341,$439,$0,$1321,$24,$1785,$3125,$483,$965,$102,$1241,$1725,$49,$1479,$-182,$1401,$3125,$16,$26,$42,$68,$-10,$-10,$0,$-160,$-255,$-171,$-8,$0,$-10,$0,$0,$0,$0,$-18,$-0,$0,$-0,$-39,$-39,$0,$3,$-36,$-235,$3,$0
15,2014-12-31,69.11,$30.86,2.24,$45.65,1.51,$7.76,8.91,$2.31,29.92,$1.57B,$0.57B,2.75,$0.95B,$1.48B,0.65,$2.24B,$0.78B,34.60%,$2.24B,$0.28B,12.57%,$2.24B,$0.28B,12.57%,$2.24B,$0.40B,17.92%,$2.24B,$0.25B,11.01%,$2.24B,$0.11B,5.04%,$0.11B,$1.48B,7.17%,$0.11B,$0.13B,102.03%,$0.11B,$3.40B,3.27%,$0.28B,$2.43B,11.17%,$573,$372,$200,$17,$109,$498,$75,$-8,$67,$20,$46,$46,$17,$103,$75,$48,49,$0.35,$0.34,$450,$389,$192,$1571,$459,$0,$1348,$22,$1828,$3400,$572,$953,$118,$1349,$1921,$49,$1469,$-128,$1478,$3400,$113,$119,$56,$175,$13,$-19,$0,$-5,$44,$332,$-67,$0,$118,$0,$0,$0,$2,$53,$-50,$0,$-50,$-27,$-27,$-25,$10,$-92,$275,$9,$-25
16,2014-09-30,64.29,$33.27,1.93,$42.65,1.51,$5.84,11.01,$2.94,21.87,$1.61B,$0.58B,2.8,$0.94B,$1.60B,0.59,$2.09B,$0.75B,36.07%,$2.09B,$0.28B,13.43%,$2.09B,$0.28B,13.43%,$2.09B,$0.40B,19.38%,$2.09B,$0.24B,11.70%,$2.09B,$0.14B,6.86%,$0.14B,$1.60B,8.96%,$0.14B,$0.24B,202.12%,$0.14B,$3.45B,4.12%,$0.28B,$2.53B,11.00%,$558,$365,$193,$17,$102,$484,$74,$-9,$65,$21,$44,$44,$25,$104,$74,$48,49,$0.52,$0.51,$222,$404,$398,$1611,$465,$0,$1356,$23,$1843,$3454,$576,$936,$127,$1280,$1856,$49,$1459,$-12,$1598,$3454,$97,$91,$54,$145,$-17,$-28,$0,$-17,$-89,$153,$-54,$0,$19,$0,$0,$0,$2,$-33,$-0,$-51,$-51,$-10,$-10,$-13,$8,$-65,$47,$7,$-13
17,2014-06-30,63.94,$33.96,1.88,$41.94,1.52,$5.44,11.76,$3.19,20.04,$1.41B,$0.55B,2.58,$0.93B,$1.64B,0.57,$2.04B,$0.74B,36.19%,$2.04B,$0.27B,13.34%,$2.04B,$0.27B,13.34%,$2.04B,$0.40B,19.37%,$2.04B,$0.24B,11.53%,$2.04B,$0.15B,7.55%,$0.15B,$1.64B,9.88%,$0.15B,$0.07B,3080.00%,$0.15B,$3.51B,4.49%,$0.27B,$2.57B,10.86%,$569,$371,$198,$17,$109,$497,$72,$-9,$63,$20,$43,$43,$36,$103,$72,$48,49,$0.76,$0.74,$194,$466,$80,$1410,$506,$0,$1565,$26,$2097,$3507,$547,$933,$127,$1325,$1872,$49,$1440,$35,$1635,$3507,$72,$61,$22,$84,$-20,$-30,$0,$3,$-71,$84,$-36,$0,$18,$0,$0,$0,$0,$-18,$0,$-51,$-51,$3,$3,$-6,$7,$-48,$19,$4,$-6
18,2014-03-31,61.85,$33.07,1.87,$42.96,1.44,$5.07,12.2,$3.15,19.63,$1.32B,$0.50B,2.64,$0.97B,$1.60B,0.61,$2.07B,$0.74B,35.69%,$2.07B,$0.26B,12.62%,$2.07B,$0.26B,12.62%,$2.07B,$0.38B,18.47%,$2.07B,$0.22B,10.78%,$2.07B,$0.15B,7.30%,$0.15B,$1.60B,10.09%,$0.15B,$0.00B,-461.07%,$0.15B,$3.46B,4.50%,$0.26B,$2.57B,10.81%,$543,$358,$185,$17,$107,$482,$61,$-9,$52,$16,$36,$36,$35,$92,$61,$48,49,$0.73,$0.72,$128,$468,$57,$1321,$516,$0,$1597,$25,$2138,$3459,$500,$971,$129,$1363,$1862,$49,$1410,$16,$1596,$3459,$35,$31,$-1,$30,$-11,$-15,$0,$-23,$-80,$-15,$-18,$0,$-33,$0,$0,$0,$0,$-51,$-164,$163,$-1,$16,$16,$0,$5,$21,$-47,$2,$0
19,2013-12-31,60.45,$32.59,1.85,$44.39,1.36,$5.40,11.18,$2.87,21.06,$1.34B,$0.54B,2.5,$0.96B,$1.55B,0.62,$2.12B,$0.74B,34.80%,$2.12B,$0.24B,11.24%,$2.12B,$0.24B,11.24%,$2.12B,$0.36B,16.90%,$2.12B,$0.20B,9.49%,$2.12B,$0.14B,6.47%,$0.14B,$1.55B,9.62%,$0.14B,$-0.03B,-181.46%,$0.14B,$3.46B,4.15%,$0.24B,$2.51B,10.28%,$415,$240,$176,$16,$86,$342,$73,$-9,$64,$18,$45,$45,$47,$105,$73,$47,48,$1.01,$0.98,$175,$452,$59,$1337,$516,$0,$1582,$23,$2121,$3458,$535,$959,$150,$1371,$1906,$49,$1381,$25,$1553,$3458,$138,$121,$14,$136,$7,$-25,$0,$-9,$-36,$238,$-71,$0,$-243,$0,$0,$0,$0,$-314,$1358,$-1229,$129,$27,$27,$-18,$2,$140,$63,$7,$-18
20,2013-09-30,45.42,$30.66,1.48,$42.39,1.07,$3.44,13.2,$2.71,16.76,$1.30B,$0.50B,2.58,$0.92B,$1.45B,0.63,$2.02B,$0.71B,35.12%,$2.02B,$0.25B,12.23%,$2.02B,$0.25B,12.23%,$2.02B,$0.36B,17.83%,$2.02B,$0.21B,10.50%,$2.02B,$0.13B,6.34%,$0.13B,$1.45B,9.38%,$0.13B,$-0.02B,-130.28%,$0.13B,$3.29B,3.98%,$0.25B,$2.37B,11.21%,$512,$334,$179,$15,$98,$447,$66,$-9,$56,$18,$38,$38,$36,$95,$66,$47,48,$0.77,$0.76,$171,$457,$50,$1295,$504,$0,$1474,$15,$1994,$3289,$502,$919,$135,$1335,$1837,$49,$1338,$-22,$1452,$3289,$91,$90,$11,$101,$26,$-36,$0,$-29,$-57,$134,$-56,$0,$-108,$0,$0,$0,$0,$-164,$375,$-296,$79,$22,$22,$-9,$1,$92,$59,$5,$-9
21,2013-06-30,35.85,$29.40,1.22,$41.84,0.86,$1.79,20.0,$2.19,16.37,$1.26B,$0.61B,2.06,$0.82B,$1.38B,0.59,$1.99B,$0.67B,33.79%,$1.99B,$0.20B,10.27%,$1.99B,$0.20B,10.27%,$1.99B,$0.31B,15.66%,$1.99B,$0.17B,8.71%,$1.99B,$0.10B,5.19%,$0.10B,$1.38B,7.74%,$0.10B,$-0.08B,-564.38%,$0.10B,$3.23B,3.36%,$0.20B,$2.21B,9.93%,$598,$400,$198,$15,$122,$537,$61,$-9,$51,$16,$35,$35,$33,$90,$61,$47,48,$0.71,$0.70,$143,$436,$46,$1256,$493,$0,$1464,$13,$1973,$3229,$609,$822,$124,$1236,$1845,$49,$1307,$-42,$1384,$3229,$54,$60,$5,$65,$9,$-22,$0,$-1,$-58,$61,$-31,$0,$-102,$0,$0,$0,$0,$-133,$400,$-296,$104,$9,$9,$-4,$0,$109,$31,$3,$-4
22,2013-03-31,33.47,$27.99,1.2,$40.34,0.83,$0.70,47.55,$1.97,16.99,$1.23B,$0.62B,1.99,$0.86B,$1.31B,0.66,$1.91B,$0.64B,33.28%,$1.91B,$0.18B,9.61%,$1.91B,$0.18B,9.61%,$1.91B,$0.29B,14.89%,$1.91B,$0.16B,8.15%,$1.91B,$0.09B,4.86%,$0.09B,$1.31B,7.10%,$0.09B,$-0.17B,126.10%,$0.09B,$3.23B,3.17%,$0.18B,$2.17B,9.32%,$593,$409,$184,$18,$128,$555,$38,$-8,$30,$9,$21,$21,$21,$68,$38,$47,47,$0.45,$0.44,$119,$427,$43,$1233,$496,$0,$1481,$15,$1994,$3227,$620,$862,$100,$1296,$1916,$49,$1278,$-85,$1310,$3227,$21,$30,$3,$33,$-4,$-11,$0,$-2,$-56,$-1,$-14,$0,$-100,$0,$0,$0,$0,$-115,$400,$-282,$118,$7,$7,$0,$0,$125,$7,$3,$0
23,2012-12-31,31.59,$28.26,1.12,$38.40,0.82,$0.51,62.2,$2.40,13.16,$1.18B,$0.64B,1.84,$0.75B,$1.31B,0.57,$1.82B,$0.61B,33.57%,$1.82B,$0.18B,9.98%,$1.82B,$0.18B,9.98%,$1.82B,$0.28B,15.14%,$1.82B,$0.16B,8.50%,$1.82B,$0.11B,6.20%,$0.11B,$1.31B,8.65%,$0.11B,$-0.12B,60.75%,$0.11B,$3.12B,4.02%,$0.18B,$2.07B,9.59%,$316,$168,$148,$10,$55,$234,$82,$-7,$75,$25,$50,$50,$38,$107,$82,$47,47,$0.83,$0.82,$112,$397,$37,$1176,$490,$0,$1432,$17,$1939,$3115,$640,$752,$96,$1162,$1802,$49,$1261,$-56,$1313,$3115,$114,$94,$-21,$73,$27,$-30,$0,$-39,$-35,$152,$-80,$-2,$-411,$0,$0,$0,$0,$-493,$577,$-296,$281,$-10,$-10,$-16,$0,$254,$-82,$9,$-16
24,2012-09-30,31.29,$28.11,1.11,$43.41,0.72,$1.54,20.3,$2.43,12.87,$1.23B,$0.62B,1.99,$0.46B,$1.32B,0.35,$2.06B,$0.64B,31.23%,$2.06B,$0.15B,7.44%,$2.06B,$0.15B,7.44%,$2.06B,$0.25B,11.92%,$2.06B,$0.13B,6.23%,$2.06B,$0.11B,5.40%,$0.11B,$1.32B,8.68%,$0.11B,$0.30B,42.37%,$0.11B,$2.71B,4.13%,$0.15B,$1.78B,8.36%,$479,$338,$141,$13,$105,$456,$23,$-7,$17,$5,$11,$11,$11,$46,$23,$47,47,$0.24,$0.24,$240,$355,$50,$1226,$439,$0,$1015,$13,$1480,$2706,$615,$461,$75,$776,$1391,$49,$1227,$-36,$1315,$2706,$75,$69,$-15,$54,$17,$-37,$0,$-30,$-76,$54,$-55,$-2,$45,$0,$0,$0,$0,$-13,$-0,$0,$-0,$9,$9,$-8,$0,$1,$45,$7,$-8
25,2012-06-30,29.71,$27.66,1.07,$44.15,0.67,$1.44,20.64,$2.92,10.17,$1.21B,$0.47B,2.58,$0.59B,$1.30B,0.45,$2.09B,$0.67B,32.02%,$2.09B,$0.18B,8.44%,$2.09B,$0.18B,8.44%,$2.09B,$0.27B,12.85%,$2.09B,$0.15B,7.29%,$2.09B,$0.13B,6.42%,$0.13B,$1.30B,10.62%,$0.13B,$0.29B,53.60%,$0.13B,$2.68B,5.10%,$0.18B,$1.88B,9.96%,$526,$362,$164,$15,$108,$486,$41,$-6,$34,$11,$23,$23,$23,$64,$41,$47,48,$0.49,$0.48,$213,$354,$36,$1214,$437,$0,$1011,$11,$1469,$2683,$470,$586,$72,$914,$1384,$49,$1244,$-62,$1298,$2683,$64,$47,$-20,$27,$-3,$-34,$0,$-2,$-73,$18,$-40,$-2,$44,$0,$0,$0,$0,$2,$-0,$0,$-0,$4,$4,$-4,$0,$0,$19,$5,$-4
26,2012-03-31,35.31,$27.70,1.27,$43.83,0.81,$1.43,24.64,$3.12,11.32,$1.25B,$0.52B,2.4,$0.57B,$1.30B,0.44,$2.07B,$0.67B,32.43%,$2.07B,$0.18B,8.91%,$2.07B,$0.18B,8.91%,$2.07B,$0.28B,13.31%,$2.07B,$0.16B,7.84%,$2.07B,$0.14B,6.92%,$0.14B,$1.30B,11.45%,$0.14B,$0.28B,57.03%,$0.14B,$2.73B,5.61%,$0.18B,$1.87B,10.68%,$502,$342,$159,$15,$108,$466,$36,$-6,$29,$9,$20,$20,$41,$59,$36,$47,48,$0.88,$0.87,$231,$343,$40,$1249,$441,$0,$1022,$9,$1484,$2734,$521,$571,$83,$913,$1434,$49,$1226,$-44,$1300,$2734,$41,$24,$-29,$-5,$-28,$-20,$0,$18,$-41,$-5,$-20,$-2,$51,$0,$0,$0,$0,$29,$-0,$0,$-0,$8,$8,$0,$0,$8,$37,$3,$0
27,2011-12-31,33.63,$25.92,1.3,$42.92,0.78,$0.64,52.72,$2.77,12.14,$1.15B,$0.51B,2.25,$0.58B,$1.21B,0.49,$2.02B,$0.66B,32.57%,$2.02B,$0.19B,9.27%,$2.02B,$0.19B,9.27%,$2.02B,$0.28B,13.68%,$2.02B,$0.17B,8.28%,$2.02B,$0.13B,6.30%,$0.13B,$1.21B,10.36%,$0.13B,$0.18B,51.42%,$0.13B,$2.64B,5.20%,$0.19B,$1.79B,11.20%,$549,$371,$178,$16,$110,$496,$53,$-5,$48,$14,$34,$34,$36,$76,$53,$46,47,$0.77,$0.76,$194,$313,$46,$1151,$443,$0,$1021,$9,$1485,$2636,$512,$584,$77,$918,$1431,$49,$1164,$-65,$1205,$2636,$126,$88,$11,$99,$-79,$-21,$0,$57,$-24,$202,$-82,$-0,$-170,$0,$0,$0,$0,$-252,$190,$0,$190,$4,$4,$-15,$1,$180,$126,$10,$-15
28,2011-09-30,27.3,$26.60,1.03,$41.71,0.65,$0.66,41.11,$2.72,10.04,$1.02B,$0.67B,1.53,$0.28B,$1.24B,0.23,$1.95B,$0.64B,32.62%,$1.95B,$0.18B,9.11%,$1.95B,$0.18B,9.11%,$1.95B,$0.27B,13.57%,$1.95B,$0.16B,8.09%,$1.95B,$0.12B,6.30%,$0.12B,$1.24B,10.13%,$0.12B,$0.25B,47.77%,$0.12B,$2.45B,5.25%,$0.18B,$1.53B,11.05%,$509,$342,$167,$18,$104,$463,$46,$-5,$41,$9,$32,$32,$34,$69,$46,$46,47,$0.74,$0.73,$55,$329,$30,$1019,$430,$0,$990,$10,$1432,$2451,$666,$284,$72,$543,$1210,$49,$1152,$-20,$1242,$2451,$88,$65,$5,$70,$-77,$-33,$0,$18,$-105,$53,$-59,$-0,$-124,$0,$0,$0,$0,$-183,$-0,$115,$115,$11,$11,$-7,$1,$119,$-13,$8,$-7
29,2011-06-30,30.65,$26.76,1.15,$40.93,0.75,$0.78,39.21,$2.59,11.83,$0.99B,$0.42B,2.35,$0.46B,$1.25B,0.37,$1.91B,$0.63B,32.77%,$1.91B,$0.18B,9.42%,$1.91B,$0.18B,9.42%,$1.91B,$0.26B,13.82%,$1.91B,$0.16B,8.32%,$1.91B,$0.12B,6.13%,$0.12B,$1.25B,9.87%,$0.12B,$0.29B,48.15%,$0.12B,$2.38B,5.08%,$0.18B,$1.71B,10.96%,$506,$340,$166,$15,$102,$457,$49,$-5,$44,$14,$30,$30,$32,$71,$49,$46,47,$0.69,$0.68,$63,$333,$37,$985,$424,$0,$957,$11,$1393,$2378,$419,$459,$68,$712,$1131,$49,$1121,$23,$1247,$2378,$56,$42,$2,$44,$-32,$-35,$0,$1,$-85,$15,$-37,$-0,$-54,$0,$0,$0,$0,$-91,$65,$0,$65,$6,$6,$-4,$1,$68,$-5,$5,$-4
30,2011-03-31,33.19,$26.03,1.28,$40.15,0.83,$0.83,40.14,$2.47,13.44,$0.94B,$0.40B,2.34,$0.45B,$1.21B,0.37,$1.87B,$0.61B,32.90%,$1.87B,$0.17B,9.32%,$1.87B,$0.17B,9.32%,$1.87B,$0.26B,13.72%,$1.87B,$0.15B,8.20%,$1.87B,$0.11B,5.95%,$0.11B,$1.21B,9.73%,$0.11B,$0.26B,53.69%,$0.11B,$2.31B,4.90%,$0.17B,$1.66B,10.89%,$453,$307,$146,$14,$93,$414,$39,$-5,$34,$11,$23,$23,$25,$60,$39,$46,47,$0.53,$0.52,$52,$309,$33,$943,$407,$0,$945,$10,$1363,$2306,$404,$447,$65,$694,$1098,$49,$1093,$15,$1208,$2306,$25,$21,$0,$21,$-35,$-23,$0,$-4,$-88,$-43,$-19,$0,$-13,$0,$0,$0,$0,$-32,$53,$0,$53,$6,$6,$0,$0,$59,$-16,$3,$0
31,2010-12-31,31.28,$25.15,1.24,$40.08,0.78,$1.42,22.01,$2.30,13.6,$0.90B,$0.43B,2.1,$0.39B,$1.16B,0.34,$1.86B,$0.61B,32.67%,$1.86B,$0.17B,8.95%,$1.86B,$0.17B,8.95%,$1.86B,$0.25B,13.32%,$1.86B,$0.15B,7.82%,$1.86B,$0.10B,5.50%,$0.10B,$1.16B,9.23%,$0.10B,$0.23B,56.12%,$0.10B,$2.24B,4.56%,$0.17B,$1.55B,10.65%,$485,$327,$158,$13,$101,$441,$44,$-5,$39,$11,$28,$28,$32,$65,$44,$46,46,$0.69,$0.70,$68,$281,$41,$900,$397,$0,$934,$10,$1342,$2242,$428,$394,$67,$654,$1082,$49,$1072,$-3,$1160,$2242,$102,$80,$18,$98,$-54,$11,$0,$5,$-28,$171,$-52,$-2,$-42,$0,$0,$0,$0,$-96,$-69,$0,$-69,$11,$11,$-15,$1,$-72,$3,$13,$-15
32,2010-09-30,28.4,$24.46,1.16,$40.62,0.7,$1.57,18.08,$2.27,12.51,$0.95B,$0.40B,2.35,$0.52B,$1.13B,0.47,$1.87B,$0.62B,33.16%,$1.87B,$0.18B,9.61%,$1.87B,$0.18B,9.61%,$1.87B,$0.26B,13.83%,$1.87B,$0.16B,8.49%,$1.87B,$0.11B,5.61%,$0.11B,$1.13B,9.80%,$0.11B,$0.19B,65.93%,$0.11B,$2.29B,4.75%,$0.18B,$1.65B,11.82%,$466,$310,$156,$13,$94,$418,$48,$-6,$42,$15,$28,$28,$28,$68,$48,$46,46,$0.61,$0.60,$84,$302,$39,$945,$395,$0,$935,$11,$1342,$2287,$402,$524,$66,$757,$1159,$49,$1040,$4,$1127,$2287,$70,$59,$12,$71,$-75,$-9,$0,$-2,$-103,$38,$-38,$-2,$-42,$0,$0,$0,$0,$-82,$61,$0,$61,$10,$10,$-7,$0,$64,$19,$8,$-7
33,2010-06-30,27.22,$23.20,1.17,$40.06,0.68,$2.08,13.09,$2.11,12.9,$0.91B,$0.49B,1.86,$0.46B,$1.07B,0.43,$1.84B,$0.61B,32.94%,$1.84B,$0.17B,9.12%,$1.84B,$0.17B,9.12%,$1.84B,$0.25B,13.35%,$1.84B,$0.15B,8.03%,$1.84B,$0.10B,5.26%,$0.10B,$1.07B,9.39%,$0.10B,$0.15B,72.39%,$0.10B,$2.23B,4.44%,$0.17B,$1.53B,11.43%,$462,$308,$154,$14,$97,$419,$43,$-5,$38,$12,$26,$26,$26,$63,$43,$46,46,$0.57,$0.56,$72,$296,$39,$907,$388,$0,$924,$13,$1327,$2234,$488,$459,$59,$678,$1165,$48,$1015,$-24,$1069,$2234,$42,$39,$7,$46,$-59,$-9,$0,$-0,$-86,$3,$-22,$-2,$-42,$0,$0,$0,$0,$-66,$72,$0,$72,$6,$6,$-4,$0,$74,$7,$5,$-4
34,2010-03-31,32.53,$23.19,1.4,$39.91,0.82,$2.43,13.36,$2.09,15.57,$0.88B,$0.49B,1.81,$0.43B,$1.06B,0.41,$1.83B,$0.60B,32.71%,$1.83B,$0.17B,9.25%,$1.83B,$0.17B,9.25%,$1.83B,$0.25B,13.46%,$1.83B,$0.15B,8.04%,$1.83B,$0.10B,5.20%,$0.10B,$1.06B,9.50%,$0.10B,$0.16B,84.44%,$0.10B,$2.19B,4.41%,$0.17B,$1.50B,11.56%,$442,$304,$138,$14,$93,$411,$31,$-6,$26,$9,$16,$16,$16,$51,$31,$46,46,$0.36,$0.35,$80,$299,$31,$879,$394,$0,$901,$11,$1308,$2187,$485,$434,$56,$639,$1123,$48,$993,$-3,$1064,$2187,$16,$20,$5,$24,$-24,$-12,$0,$-4,$-63,$-23,$-10,$-1,$-1,$0,$0,$0,$0,$-13,$47,$0,$47,$5,$5,$0,$0,$52,$15,$2,$0
35,2009-12-31,29.21,$22.50,1.3,$39.66,0.74,$2.07,14.13,$2.09,13.98,$0.84B,$0.52B,1.6,$0.38B,$1.03B,0.37,$1.81B,$0.60B,32.93%,$1.81B,$0.17B,9.34%,$1.81B,$0.17B,9.34%,$1.81B,$0.25B,13.54%,$1.81B,$0.15B,8.07%,$1.81B,$0.10B,5.25%,$0.10B,$1.03B,9.98%,$0.10B,$0.14B,126.67%,$0.10B,$2.14B,4.46%,$0.17B,$1.41B,11.59%,$503,$330,$173,$14,$100,$445,$58,$-5,$53,$18,$35,$35,$35,$77,$58,$45,46,$0.77,$0.75,$65,$286,$34,$838,$401,$0,$891,$10,$1305,$2142,$524,$384,$60,$591,$1115,$48,$981,$-20,$1027,$2142,$95,$76,$9,$85,$9,$18,$0,$31,$16,$197,$-72,$-1,$-69,$0,$0,$0,$0,$-141,$-52,$0,$-52,$11,$11,$-15,$0,$-55,$4,$15,$-15
36,2009-09-30,31.67,$21.29,1.49,$39.84,0.79,$1.20,26.5,$2.09,15.15,$0.86B,$0.49B,1.75,$0.47B,$0.97B,0.49,$1.82B,$0.60B,32.84%,$1.82B,$0.17B,9.31%,$1.82B,$0.17B,9.31%,$1.82B,$0.24B,13.44%,$1.82B,$0.14B,7.93%,$1.82B,$0.09B,5.12%,$0.09B,$0.97B,10.20%,$0.09B,$0.09B,198.93%,$0.09B,$2.17B,4.42%,$0.17B,$1.44B,11.66%,$436,$293,$142,$14,$92,$400,$36,$-6,$31,$10,$20,$20,$20,$55,$36,$45,46,$0.44,$0.44,$72,$308,$42,$860,$400,$0,$879,$10,$1306,$2166,$491,$471,$64,$704,$1195,$48,$949,$-38,$971,$2166,$60,$57,$9,$66,$17,$-8,$0,$12,$-46,$81,$-58,$-0,$-51,$0,$0,$0,$0,$-109,$31,$0,$31,$10,$10,$-7,$0,$35,$12,$9,$-7
37,2009-06-30,27.59,$20.55,1.34,$39.91,0.69,$0.79,35.0,$2.25,12.26,$0.84B,$0.41B,2.05,$0.56B,$0.94B,0.6,$1.82B,$0.60B,33.17%,$1.82B,$0.18B,9.97%,$1.82B,$0.18B,9.97%,$1.82B,$0.26B,14.10%,$1.82B,$0.16B,8.54%,$1.82B,$0.10B,5.56%,$0.10B,$0.94B,11.08%,$0.10B,$0.06B,147.45%,$0.10B,$2.13B,4.88%,$0.18B,$1.50B,12.39%,$447,$303,$145,$13,$88,$404,$44,$-6,$37,$13,$24,$24,$24,$63,$44,$45,46,$0.54,$0.54,$59,$305,$36,$835,$390,$0,$877,$10,$1294,$2129,$407,$559,$66,$786,$1193,$48,$933,$-48,$936,$2129,$40,$38,$8,$46,$13,$-13,$0,$16,$-52,$34,$-38,$-0,$-50,$0,$0,$0,$3,$-85,$45,$0,$45,$5,$5,$-4,$0,$46,$-1,$7,$-4
38,2009-03-31,25.89,$19.32,1.34,$40.08,0.65,$1.14,22.76,$2.31,11.21,$0.81B,$0.39B,2.11,$0.61B,$0.87B,0.7,$1.82B,$0.61B,33.72%,$1.82B,$0.19B,10.27%,$1.82B,$0.19B,10.27%,$1.82B,$0.26B,14.33%,$1.82B,$0.16B,8.84%,$1.82B,$0.10B,5.71%,$0.10B,$0.87B,11.32%,$0.10B,$0.01B,109.47%,$0.10B,$2.08B,5.09%,$0.19B,$1.48B,12.84%,$424,$288,$136,$13,$91,$393,$31,$-7,$25,$9,$16,$16,$16,$50,$31,$45,45,$0.35,$0.35,$64,$301,$26,$812,$374,$0,$861,$10,$1266,$2078,$385,$609,$56,$819,$1204,$48,$912,$-85,$874,$2078,$16,$19,$3,$22,$14,$-10,$0,$-15,$-70,$-33,$-17,$-0,$-46,$0,$0,$0,$0,$-62,$96,$0,$96,$4,$4,$0,$0,$100,$4,$4,$0
39,2008-12-31,30.82,$19.23,1.6,$40.34,0.76,$1.31,23.61,$2.44,12.63,$0.80B,$0.45B,1.78,$0.51B,$0.87B,0.59,$1.83B,$0.62B,33.66%,$1.83B,$0.20B,10.77%,$1.83B,$0.20B,10.77%,$1.83B,$0.27B,14.75%,$1.83B,$0.17B,9.29%,$1.83B,$0.11B,6.01%,$0.11B,$0.87B,11.76%,$0.11B,$0.02B,88.71%,$0.11B,$2.04B,5.44%,$0.20B,$1.38B,13.52%,$508,$335,$173,$13,$102,$450,$58,$-7,$51,$18,$33,$33,$33,$76,$58,$45,45,$0.74,$0.73,$61,$282,$27,$802,$364,$0,$843,$9,$1240,$2042,$452,$513,$58,$724,$1175,$48,$900,$-73,$867,$2042,$109,$74,$8,$82,$-20,$-47,$0,$50,$-12,$180,$-96,$-0,$-49,$0,$0,$0,$0,$-144,$-25,$0,$-25,$10,$10,$-14,$2,$-28,$-6,$14,$-14
40,2008-09-30,41.75,$21.54,1.94,$40.22,1.04,$1.33,31.29,$2.53,16.5,$0.81B,$0.39B,2.1,$0.52B,$0.97B,0.54,$1.82B,$0.61B,33.35%,$1.82B,$0.20B,10.99%,$1.82B,$0.20B,10.99%,$1.82B,$0.27B,15.05%,$1.82B,$0.17B,9.45%,$1.82B,$0.12B,6.32%,$0.12B,$0.97B,12.14%,$0.12B,$0.18B,79.72%,$0.12B,$2.03B,5.73%,$0.20B,$1.49B,13.62%,$436,$288,$148,$11,$89,$388,$48,$-6,$42,$14,$28,$28,$28,$67,$48,$45,46,$0.61,$0.60,$77,$283,$33,$809,$353,$0,$790,$12,$1218,$2027,$386,$518,$56,$673,$1059,$48,$871,$64,$969,$2027,$76,$56,$8,$64,$-12,$-52,$0,$47,$-66,$75,$-71,$-0,$-8,$0,$0,$0,$8,$-70,$7,$0,$7,$10,$10,$-7,$2,$12,$11,$8,$-7
41,2008-06-30,41.02,$21.51,1.91,$39.43,1.04,$1.48,27.76,$2.49,16.47,$0.80B,$0.39B,2.03,$0.51B,$0.97B,0.53,$1.78B,$0.59B,33.09%,$1.78B,$0.20B,11.01%,$1.78B,$0.20B,11.01%,$1.78B,$0.27B,15.06%,$1.78B,$0.17B,9.38%,$1.78B,$0.11B,6.29%,$0.11B,$0.97B,12.16%,$0.11B,$0.17B,100.00%,$0.11B,$2.03B,5.64%,$0.20B,$1.48B,13.46%,$453,$296,$157,$13,$95,$404,$50,$-7,$43,$16,$27,$27,$27,$68,$50,$45,45,$0.61,$0.60,$85,$276,$29,$795,$351,$0,$801,$12,$1230,$2026,$393,$509,$56,$667,$1060,$48,$847,$95,$966,$2026,$49,$38,$6,$43,$7,$-36,$0,$40,$-33,$59,$-47,$-0,$-1,$0,$0,$0,$8,$-40,$-2,$0,$-2,$4,$4,$-4,$0,$-1,$19,$6,$-4
42,2008-03-31,37.96,$21.42,1.77,$37.57,1.01,$1.85,20.54,$2.37,16.02,$0.76B,$0.35B,2.18,$0.55B,$0.94B,0.58,$1.69B,$0.55B,32.49%,$1.69B,$0.18B,10.87%,$1.69B,$0.18B,10.87%,$1.69B,$0.25B,14.94%,$1.69B,$0.16B,9.27%,$1.69B,$0.11B,6.26%,$0.11B,$0.94B,11.98%,$0.11B,$0.13B,105.47%,$0.11B,$1.99B,5.55%,$0.18B,$1.49B,13.19%,$433,$295,$138,$13,$85,$393,$41,$-7,$34,$12,$22,$22,$22,$59,$41,$45,45,$0.49,$0.48,$65,$269,$21,$760,$340,$0,$809,$12,$1229,$1990,$349,$547,$54,$703,$1052,$48,$823,$94,$938,$1990,$22,$19,$2,$21,$11,$-25,$0,$-2,$-61,$-19,$-23,$-0,$-0,$0,$0,$0,$0,$-24,$37,$0,$37,$4,$4,$0,$0,$40,$-2,$3,$0
43,2007-12-31,45.94,$20.51,2.24,$35.43,1.3,$2.33,19.69,$2.33,19.72,$0.76B,$0.40B,1.9,$0.51B,$0.92B,0.56,$1.59B,$0.52B,32.83%,$1.59B,$0.18B,11.17%,$1.59B,$0.18B,11.17%,$1.59B,$0.24B,15.25%,$1.59B,$0.15B,9.67%,$1.59B,$0.10B,6.53%,$0.10B,$0.92B,12.28%,$0.10B,$0.10B,84.90%,$0.10B,$1.99B,5.77%,$0.18B,$1.43B,13.59%,$498,$333,$164,$12,$91,$437,$61,$-8,$53,$15,$38,$38,$38,$80,$61,$44,45,$0.86,$0.84,$67,$242,$27,$758,$330,$0,$811,$12,$1227,$1986,$399,$511,$59,$672,$1071,$48,$807,$93,$915,$1986,$104,$63,$3,$66,$-64,$-50,$0,$58,$-31,$139,$-54,$-4,$-289,$0,$0,$0,$0,$-347,$147,$0,$147,$10,$10,$-12,$3,$147,$-58,$11,$-12
44,2007-09-30,43.34,$19.42,2.23,$32.89,1.32,$2.80,15.47,$2.08,20.84,$0.73B,$0.34B,2.12,$0.57B,$0.86B,0.66,$1.47B,$0.49B,32.99%,$1.47B,$0.16B,11.07%,$1.47B,$0.16B,11.07%,$1.47B,$0.22B,15.00%,$1.47B,$0.14B,9.50%,$1.47B,$0.09B,6.31%,$0.09B,$0.86B,11.50%,$0.09B,$0.05B,64.25%,$0.09B,$1.94B,5.46%,$0.16B,$1.44B,13.21%,$396,$266,$130,$13,$73,$352,$44,$-7,$37,$12,$25,$25,$25,$61,$44,$44,45,$0.57,$0.56,$59,$251,$22,$729,$321,$0,$814,$15,$1206,$1935,$343,$572,$58,$727,$1071,$48,$773,$84,$864,$1935,$66,$44,$6,$50,$-40,$-55,$0,$50,$-69,$46,$-35,$-0,$-292,$0,$0,$0,$0,$-328,$208,$0,$208,$8,$8,$-5,$2,$213,$-65,$6,$-5
45,2007-06-30,42.47,$18.50,2.3,$31.14,1.36,$2.50,16.96,$1.98,21.45,$0.65B,$0.36B,1.84,$0.41B,$0.82B,0.5,$1.39B,$0.46B,33.26%,$1.39B,$0.16B,11.23%,$1.39B,$0.16B,11.23%,$1.39B,$0.21B,15.12%,$1.39B,$0.14B,9.72%,$1.39B,$0.09B,6.34%,$0.09B,$0.82B,11.41%,$0.09B,$0.12B,52.30%,$0.09B,$1.73B,5.53%,$0.16B,$1.23B,13.57%,$366,$248,$118,$11,$68,$327,$38,$-5,$33,$12,$21,$21,$21,$53,$38,$44,45,$0.48,$0.48,$67,$208,$22,$653,$306,$0,$702,$14,$1079,$1733,$356,$409,$53,$555,$911,$48,$751,$70,$822,$1733,$41,$28,$2,$30,$-26,$-38,$0,$53,$-18,$53,$-24,$-0,$-137,$0,$0,$0,$0,$-161,$45,$0,$45,$5,$5,$-3,$1,$48,$-58,$4,$-3
46,2007-03-31,35.07,$17.76,1.97,$29.99,1.17,$1.49,23.5,$1.98,17.71,$0.62B,$0.27B,2.31,$0.36B,$0.79B,0.46,$1.33B,$0.45B,33.76%,$1.33B,$0.15B,11.33%,$1.33B,$0.15B,11.33%,$1.33B,$0.20B,15.23%,$1.33B,$0.13B,9.68%,$1.33B,$0.09B,6.60%,$0.09B,$0.79B,11.90%,$0.09B,$0.22B,51.76%,$0.09B,$1.56B,5.77%,$0.15B,$1.15B,13.58%,$333,$221,$111,$11,$65,$297,$35,$-5,$31,$11,$20,$20,$20,$49,$35,$44,45,$0.44,$0.44,$101,$177,$22,$616,$299,$0,$570,$12,$940,$1556,$266,$359,$51,$503,$769,$48,$733,$57,$787,$1556,$20,$13,$1,$14,$-3,$-13,$0,$-4,$-41,$-8,$-12,$-0,$-4,$0,$0,$0,$0,$-16,$-5,$0,$-5,$4,$4,$0,$1,$-1,$-24,$2,$0
47,2006-12-31,33.74,$17.31,1.95,$28.95,1.17,$0.99,34.12,$1.82,18.54,$0.62B,$0.29B,2.13,$0.36B,$0.76B,0.47,$1.28B,$0.43B,33.59%,$1.28B,$0.14B,10.99%,$1.28B,$0.14B,10.99%,$1.28B,$0.19B,14.89%,$1.28B,$0.12B,9.12%,$1.28B,$0.08B,6.24%,$0.08B,$0.76B,11.32%,$0.08B,$0.19B,55.65%,$0.08B,$1.59B,5.38%,$0.14B,$1.12B,13.00%,$378,$251,$127,$10,$71,$332,$46,$-6,$39,$13,$27,$27,$27,$58,$46,$44,44,$0.62,$0.60,$125,$162,$19,$623,$297,$0,$569,$11,$970,$1592,$292,$359,$51,$538,$830,$48,$716,$56,$762,$1592,$81,$51,$-4,$46,$-20,$-11,$0,$32,$17,$144,$-39,$-2,$-40,$0,$0,$0,$0,$-81,$-0,$0,$-0,$9,$9,$-11,$2,$-0,$65,$7,$-11
