,Date,Stock Price,Book Value per Share,Price to Book Ratio,TTM Sales per Share,Price to Sales Ratio,TTM FCF per Share,Price to FCF Ratio,TTM Net EPS,PE Ratio,Current Assets,Current Liabilities,Current Ratio,Long Term Debt,Shareholder's Equity_x,Debt to Equity Ratio,TTM Revenue_x,TTM Gross Profit,Gross Margin,TTM Revenue_y,TTM Operating Income,Operating Margin,TTM Revenue_x,TTM EBIT,EBIT Margin,TTM Revenue_y,TTM EBITDA,EBITDA Margin,TTM Revenue_x,TTM Pre-Tax Income,Pre-Tax Margin,TTM Revenue_y,TTM Net Income_x,Net Margin,TTM Net Income_y,Shareholder's Equity_y,Return on Equity,TTM Net Income_x,Tangible Equity,Return on Tangible Equity,TTM Net Income_y,Total Assets,Return on Assets,TTM Net Income,LT Investments & Debt,Return on Investment,revenue,cost-goods-sold,gross-profit,research-development-expenses,selling-general-administrative-expenses,operating-expenses,operating-income,total-non-operating-income-expense,pre-tax-income,total-provision-income-taxes,income-after-taxes,income-from-continuous-operations,net-income,ebitda,ebit,basic-shares-outstanding,shares-outstanding,eps-basic-net-earnings-per-share,eps-earnings-per-share-diluted,cash-on-hand,inventory,other-current-assets,total-current-assets,net-property-plant-equipment,long-term-investments,goodwill-intangible-assets-total,other-long-term-assets,total-long-term-assets,total-assets,total-current-liabilities,long-term-debt,other-non-current-liabilities,total-long-term-liabilities,total-liabilities,common-stock-net,retained-earnings-accumulated-deficit,comprehensive-income,total-share-holder-equity,total-liabilities-share-holders-equity,net-income-loss,total-depreciation-amortization-cash-flow,other-non-cash-items,total-non-cash-items,change-in-accounts-receivable,change-in-inventories,change-in-accounts-payable,change-in-assets-liabilities,total-change-in-assets-liabilities,cash-flow-from-operating-activities,net-change-in-property-plant-equipment,net-change-in-intangible-assets,net-acquisitions-divestitures,net-change-in-short-term-investments,net-change-in-long-term-investments,net-change-in-investments-total,investing-activities-other,cash-flow-from-investing-activities,net-long-term-debt,net-current-debt,debt-issuance-retirement-net-total,net-common-equity-issued-repurchased,net-total-equity-issued-repurchased,total-common-preferred-stock-dividends-paid,financial-activities-other,cash-flow-from-financial-activities,net-cash-flow,stock-based-compensation,common-stock-dividends-paid
0,2018-09-30,42.9,$14.81,2.9,$14.27,3.01,$-6.88,0.0,$1.23,34.88,$0.24B,$0.38B,0.62,$0.71B,$0.71B,1.0,$0.69B,$0.43B,63.27%,$0.69B,$0.09B,13.70%,$0.69B,$0.09B,13.70%,$0.69B,$0.18B,25.80%,$0.69B,$0.06B,8.75%,$0.69B,$0.06B,8.45%,$0.06B,$0.71B,8.37%,$0.06B,$0.71B,8.40%,$0.06B,$2.88B,2.09%,$0.09B,$1.43B,7.62%,$219,$79,$140,$0,$62,$173,$46,$-11,$34,$-0,$34,$34,$34,$67,$46,$48,48,$0.72,$0.72,$66,$7,$40,$236,$2186,$0,$3,$65,$2641,$2877,$382,$714,$632,$1783,$2165,$0,$375,$0,$712,$2877,$45,$64,$-3,$62,$-18,$0,$18,$13,$13,$120,$-213,$0,$0,$0,$-1,$-1,$0,$-214,$287,$-200,$87,$-1,$-1,$-27,$8,$67,$-28,$0,$-27
1,2018-06-30,38.77,$14.27,2.72,$14.13,2.74,$-6.41,0.0,$1.21,32.04,$0.19B,$0.62B,0.31,$0.42B,$0.69B,0.6,$0.68B,$0.43B,63.33%,$0.68B,$0.09B,13.25%,$0.68B,$0.09B,13.25%,$0.68B,$0.17B,25.33%,$0.68B,$0.06B,8.84%,$0.68B,$0.06B,8.54%,$0.06B,$0.69B,8.44%,$0.06B,$0.68B,8.47%,$0.06B,$2.79B,2.14%,$0.09B,$1.10B,7.64%,$173,$65,$107,$0,$57,$148,$25,$-13,$12,$-1,$13,$13,$13,$46,$25,$48,48,$0.27,$0.27,$34,$7,$36,$190,$2130,$0,$3,$62,$2600,$2790,$622,$415,$612,$1481,$2104,$0,$349,$0,$686,$2790,$10,$43,$-1,$42,$0,$0,$6,$-9,$-3,$50,$-134,$0,$0,$0,$0,$0,$0,$-134,$-12,$50,$38,$-1,$-1,$-18,$5,$23,$-61,$0,$-18
2,2018-03-31,36.9,$14.17,2.6,$14.10,2.62,$-6.18,0.0,$1.33,27.75,$0.17B,$0.46B,0.36,$0.52B,$0.68B,0.76,$0.68B,$0.43B,63.52%,$0.68B,$0.09B,13.59%,$0.68B,$0.09B,13.59%,$0.68B,$0.17B,25.41%,$0.68B,$0.07B,9.90%,$0.68B,$0.06B,9.45%,$0.06B,$0.68B,9.40%,$0.06B,$0.68B,9.43%,$0.06B,$2.72B,2.42%,$0.09B,$1.20B,7.67%,$132,$48,$85,$0,$56,$124,$8,$-11,$-3,$-1,$-3,$-3,$-3,$29,$8,$48,48,$-0.05,$-0.05,$35,$6,$28,$166,$2083,$0,$3,$60,$2551,$2717,$464,$516,$605,$1571,$2035,$0,$345,$0,$681,$2717,$-3,$21,$0,$21,$5,$0,$-7,$11,$9,$28,$-71,$0,$0,$0,$0,$0,$0,$-71,$-10,$0,$-10,$-1,$-1,$-9,$3,$-18,$-60,$0,$-9
3,2017-12-31,44.71,$14.44,3.1,$13.89,3.22,$-6.08,0.0,$1.40,31.93,$0.23B,$0.49B,0.46,$0.52B,$0.69B,0.74,$0.67B,$0.43B,63.72%,$0.67B,$0.10B,14.24%,$0.67B,$0.10B,14.24%,$0.67B,$0.17B,25.94%,$0.67B,$0.07B,10.79%,$0.67B,$0.07B,10.19%,$0.07B,$0.69B,10.10%,$0.07B,$0.69B,10.13%,$0.07B,$2.74B,2.64%,$0.10B,$1.21B,7.96%,$162,$60,$102,$0,$-8,$147,$15,$2,$17,$3,$14,$14,$14,$35,$15,$48,48,$0.29,$0.29,$95,$6,$30,$228,$2048,$0,$3,$61,$2513,$2740,$491,$516,$593,$1556,$2047,$0,$357,$0,$693,$2740,$67,$80,$18,$98,$-32,$0,$2,$17,$-17,$148,$-259,$0,$0,$0,$-4,$-4,$56,$-207,$-27,$178,$151,$-2,$-2,$-35,$13,$128,$69,$3,$-35
4,2017-09-30,37.45,$14.32,2.61,$13.66,2.74,$-5.19,0.0,$1.42,26.37,$0.18B,$0.38B,0.48,$0.52B,$0.69B,0.76,$0.66B,$0.42B,64.48%,$0.66B,$0.10B,15.40%,$0.66B,$0.10B,15.40%,$0.66B,$0.18B,26.83%,$0.66B,$0.07B,10.82%,$0.66B,$0.07B,10.52%,$0.07B,$0.69B,10.38%,$0.07B,$0.69B,10.42%,$0.07B,$2.60B,2.76%,$0.10B,$1.21B,8.50%,$212,$75,$136,$0,$57,$169,$42,$-9,$34,$-0,$34,$34,$34,$62,$42,$48,48,$0.70,$0.70,$28,$6,$38,$180,$1982,$0,$3,$58,$2423,$2603,$380,$520,$456,$1535,$1915,$0,$352,$0,$688,$2603,$54,$59,$-5,$54,$-53,$0,$7,$48,$2,$110,$-180,$0,$0,$0,$-2,$-2,$0,$-183,$-3,$98,$95,$-1,$-1,$-26,$9,$77,$4,$0,$-26
5,2017-06-30,35.96,$13.78,2.61,$13.10,2.75,$-4.61,0.0,$1.20,29.97,$0.17B,$0.36B,0.47,$0.52B,$0.66B,0.79,$0.63B,$0.40B,63.85%,$0.63B,$0.09B,14.17%,$0.63B,$0.09B,14.17%,$0.63B,$0.16B,25.48%,$0.63B,$0.06B,9.55%,$0.63B,$0.06B,9.24%,$0.06B,$0.66B,8.84%,$0.06B,$0.66B,8.88%,$0.06B,$2.53B,2.37%,$0.09B,$1.18B,7.49%,$171,$64,$107,$0,$51,$144,$27,$-8,$19,$0,$19,$19,$19,$46,$27,$48,48,$0.39,$0.39,$29,$7,$35,$171,$1929,$0,$3,$55,$2362,$2533,$361,$520,$450,$1510,$1871,$0,$327,$0,$662,$2533,$20,$39,$-3,$36,$0,$0,$3,$-24,$-20,$36,$-109,$0,$0,$0,$-1,$-1,$0,$-109,$-2,$93,$91,$-1,$-1,$-17,$6,$78,$4,$0,$-17
6,2017-03-31,34.85,$13.56,2.57,$12.71,2.74,$-4.27,0.0,$1.05,33.19,$0.13B,$0.29B,0.44,$0.52B,$0.65B,0.8,$0.61B,$0.39B,63.88%,$0.61B,$0.08B,13.30%,$0.61B,$0.08B,13.30%,$0.61B,$0.15B,24.47%,$0.61B,$0.05B,8.70%,$0.61B,$0.05B,8.37%,$0.05B,$0.65B,7.85%,$0.05B,$0.65B,7.88%,$0.05B,$2.44B,2.13%,$0.08B,$1.17B,6.80%,$122,$42,$80,$0,$51,$111,$11,$-9,$2,$1,$1,$1,$1,$30,$11,$48,48,$0.02,$0.02,$12,$6,$24,$128,$1888,$0,$3,$54,$2312,$2440,$293,$522,$448,$1496,$1789,$0,$317,$0,$651,$2440,$1,$20,$-1,$19,$-5,$0,$-6,$5,$-5,$14,$-52,$0,$0,$0,$-0,$-0,$0,$-52,$-0,$33,$33,$-1,$-1,$-9,$2,$25,$-13,$0,$-9
7,2016-12-31,32.78,$13.75,2.38,$12.71,2.58,$-4.01,0.0,$1.01,32.45,$0.14B,$0.25B,0.57,$0.53B,$0.66B,0.81,$0.61B,$0.39B,64.04%,$0.61B,$0.08B,12.48%,$0.61B,$0.08B,12.48%,$0.61B,$0.14B,23.32%,$0.61B,$0.05B,8.21%,$0.61B,$0.05B,8.05%,$0.05B,$0.66B,7.59%,$0.05B,$0.66B,7.63%,$0.05B,$2.41B,2.07%,$0.08B,$1.19B,6.36%,$151,$51,$100,$0,$-23,$130,$21,$-5,$16,$1,$15,$15,$15,$38,$21,$48,48,$0.32,$0.31,$25,$6,$25,$142,$1859,$0,$3,$52,$2270,$2412,$250,$532,$447,$1502,$1752,$0,$324,$0,$659,$2412,$49,$66,$32,$98,$-0,$0,$4,$9,$14,$160,$-229,$0,$0,$0,$-2,$-2,$0,$-231,$43,$63,$106,$-1,$-1,$-33,$15,$87,$17,$3,$-33
8,2016-09-30,30.86,$13.59,2.27,$12.45,2.48,$-3.25,0.0,$0.88,35.06,$0.15B,$0.20B,0.74,$0.56B,$0.65B,0.85,$0.60B,$0.38B,63.59%,$0.60B,$0.07B,11.74%,$0.60B,$0.07B,11.74%,$0.60B,$0.14B,22.82%,$0.60B,$0.04B,7.21%,$0.60B,$0.04B,7.05%,$0.04B,$0.65B,6.55%,$0.04B,$0.65B,6.58%,$0.04B,$2.39B,1.81%,$0.07B,$1.21B,5.90%,$184,$70,$114,$0,$55,$154,$30,$-7,$23,$0,$23,$23,$23,$46,$30,$48,48,$0.48,$0.48,$21,$6,$34,$151,$1818,$0,$3,$51,$2235,$2386,$204,$556,$452,$1530,$1734,$0,$317,$0,$652,$2386,$34,$49,$-1,$48,$-13,$0,$9,$47,$42,$124,$-166,$0,$0,$0,$-2,$-2,$-1,$-169,$47,$23,$70,$-1,$-1,$-25,$13,$58,$13,$0,$-25
9,2016-06-30,33.41,$13.27,2.52,$12.44,2.68,$-2.40,0.0,$0.92,36.31,$0.16B,$0.20B,0.79,$0.56B,$0.64B,0.87,$0.60B,$0.39B,65.10%,$0.60B,$0.07B,12.08%,$0.60B,$0.07B,12.08%,$0.60B,$0.14B,23.15%,$0.60B,$0.05B,7.55%,$0.60B,$0.04B,7.38%,$0.04B,$0.64B,6.89%,$0.04B,$0.63B,6.92%,$0.04B,$2.36B,1.91%,$0.07B,$1.19B,6.27%,$152,$58,$95,$0,$54,$134,$19,$-7,$12,$0,$12,$12,$12,$35,$19,$48,48,$0.24,$0.24,$31,$6,$34,$159,$1785,$0,$3,$48,$2199,$2358,$202,$556,$451,$1519,$1721,$0,$303,$0,$637,$2358,$11,$33,$-0,$32,$-1,$0,$5,$12,$17,$60,$-116,$0,$0,$0,$-1,$-1,$-1,$-117,$47,$41,$89,$-1,$-1,$-17,$8,$80,$22,$0,$-17
10,2016-03-31,25.4,$13.19,1.93,$12.28,2.07,$-1.79,0.0,$0.89,28.54,$0.15B,$0.16B,0.94,$0.56B,$0.63B,0.88,$0.59B,$0.38B,65.31%,$0.59B,$0.07B,11.73%,$0.59B,$0.07B,11.73%,$0.59B,$0.14B,22.96%,$0.59B,$0.04B,7.31%,$0.59B,$0.04B,7.14%,$0.04B,$0.63B,6.62%,$0.04B,$0.63B,6.65%,$0.04B,$2.30B,1.85%,$0.07B,$1.19B,6.22%,$122,$41,$81,$0,$59,$115,$6,$-7,$-1,$0,$-1,$-1,$-1,$23,$6,$48,48,$-0.02,$-0.02,$31,$6,$26,$149,$1740,$0,$3,$48,$2151,$2300,$158,$558,$446,$1509,$1667,$0,$299,$0,$633,$2300,$-1,$16,$0,$16,$7,$0,$-5,$14,$16,$31,$-56,$0,$0,$0,$-0,$-0,$-0,$-57,$50,$1,$51,$-0,$-0,$-8,$6,$48,$22,$0,$-8
11,2015-12-31,21.96,$13.41,1.64,$12.29,1.79,$-1.44,0.0,$0.94,23.36,$0.13B,$0.15B,0.86,$0.51B,$0.64B,0.79,$0.59B,$0.38B,64.63%,$0.59B,$0.07B,11.90%,$0.59B,$0.07B,11.90%,$0.59B,$0.14B,22.96%,$0.59B,$0.05B,7.82%,$0.59B,$0.05B,7.65%,$0.05B,$0.64B,7.12%,$0.05B,$0.64B,7.15%,$0.05B,$2.24B,2.00%,$0.07B,$1.15B,6.53%,$138,$49,$89,$0,$-12,$123,$15,$-6,$9,$1,$8,$8,$8,$32,$15,$48,48,$0.18,$0.18,$9,$6,$23,$128,$1702,$0,$3,$47,$2114,$2241,$148,$508,$440,$1451,$1599,$0,$309,$0,$642,$2241,$45,$64,$27,$91,$2,$0,$-1,$10,$9,$145,$-177,$0,$0,$0,$-2,$-2,$0,$-178,$92,$-47,$46,$-0,$-0,$-32,$9,$23,$-11,$3,$-32
12,2015-09-30,20.72,$13.39,1.55,$12.27,1.69,$-0.86,0.0,$1.00,20.72,$0.19B,$0.30B,0.64,$0.42B,$0.64B,0.65,$0.59B,$0.38B,64.57%,$0.59B,$0.07B,12.27%,$0.59B,$0.07B,12.27%,$0.59B,$0.14B,23.00%,$0.59B,$0.05B,8.18%,$0.59B,$0.05B,8.18%,$0.05B,$0.64B,7.64%,$0.05B,$0.64B,7.68%,$0.05B,$2.31B,2.14%,$0.07B,$1.06B,6.89%,$184,$60,$123,$0,$60,$151,$32,$-7,$25,$-0,$25,$25,$25,$48,$32,$48,48,$0.52,$0.52,$51,$6,$31,$191,$1664,$0,$3,$51,$2115,$2307,$301,$416,$434,$1365,$1666,$0,$308,$0,$641,$2307,$37,$47,$1,$48,$-18,$0,$7,$43,$32,$117,$-118,$0,$0,$0,$-2,$-2,$-0,$-120,$-3,$58,$55,$0,$0,$-24,$4,$35,$31,$0,$-24
13,2015-06-30,21.24,$13.01,1.63,$12.43,1.71,$-0.53,0.0,$1.18,18.0,$0.15B,$0.27B,0.56,$0.42B,$0.62B,0.67,$0.59B,$0.38B,63.97%,$0.59B,$0.08B,13.64%,$0.59B,$0.08B,13.64%,$0.59B,$0.14B,24.07%,$0.59B,$0.06B,9.43%,$0.59B,$0.06B,9.60%,$0.06B,$0.62B,9.15%,$0.06B,$0.62B,9.19%,$0.06B,$2.24B,2.61%,$0.08B,$1.04B,7.77%,$144,$53,$91,$0,$54,$128,$16,$-7,$10,$-0,$10,$10,$10,$32,$16,$48,48,$0.21,$0.21,$25,$6,$26,$150,$1637,$0,$3,$51,$2093,$2243,$270,$417,$433,$1350,$1620,$0,$291,$0,$623,$2243,$11,$32,$0,$32,$-8,$0,$1,$11,$5,$48,$-76,$0,$0,$0,$-0,$-0,$0,$-76,$-3,$48,$45,$0,$0,$-16,$4,$33,$5,$0,$-16
14,2015-03-31,22.62,$12.96,1.75,$12.73,1.78,$-0.25,0.0,$1.33,17.01,$0.16B,$0.25B,0.63,$0.42B,$0.62B,0.68,$0.61B,$0.39B,63.49%,$0.61B,$0.09B,14.47%,$0.61B,$0.09B,14.47%,$0.61B,$0.15B,24.84%,$0.61B,$0.06B,10.53%,$0.61B,$0.06B,10.53%,$0.06B,$0.62B,10.38%,$0.06B,$0.62B,10.43%,$0.06B,$2.22B,3.02%,$0.09B,$1.04B,8.48%,$122,$45,$77,$0,$53,$114,$7,$-6,$2,$0,$2,$2,$2,$23,$7,$48,48,$0.03,$0.03,$33,$6,$23,$159,$1607,$0,$3,$51,$2061,$2221,$254,$419,$433,$1346,$1600,$0,$289,$0,$621,$2221,$2,$16,$-0,$16,$1,$0,$-0,$10,$10,$27,$-35,$0,$0,$0,$0,$0,$-0,$-35,$-0,$30,$30,$0,$0,$-8,$0,$22,$14,$0,$-8
15,2014-12-31,22.57,$13.11,1.72,$12.49,1.81,$-0.38,0.0,$1.19,18.96,$0.15B,$0.22B,0.71,$0.42B,$0.63B,0.67,$0.60B,$0.37B,62.65%,$0.60B,$0.08B,13.74%,$0.60B,$0.08B,13.74%,$0.60B,$0.15B,24.46%,$0.60B,$0.06B,9.55%,$0.60B,$0.06B,9.55%,$0.06B,$0.63B,9.38%,$0.06B,$0.62B,9.42%,$0.06B,$2.19B,2.77%,$0.08B,$1.05B,7.96%,$137,$50,$88,$0,$-13,$121,$17,$-6,$11,$0,$11,$11,$11,$32,$17,$48,48,$0.24,$0.24,$20,$6,$24,$154,$1590,$0,$3,$50,$2033,$2187,$218,$419,$436,$1343,$1561,$0,$296,$0,$627,$2187,$57,$64,$35,$99,$5,$0,$-1,$-27,$-28,$128,$-132,$0,$0,$0,$-3,$-3,$0,$-135,$-8,$32,$24,$0,$0,$-31,$6,$-1,$-8,$2,$-31
16,2014-09-30,20.45,$13.02,1.57,$12.50,1.64,$-0.27,0.0,$1.07,19.11,$0.18B,$0.22B,0.82,$0.42B,$0.62B,0.68,$0.59B,$0.37B,61.62%,$0.59B,$0.08B,12.96%,$0.59B,$0.08B,12.96%,$0.59B,$0.14B,23.91%,$0.59B,$0.05B,8.59%,$0.59B,$0.05B,8.75%,$0.05B,$0.62B,8.66%,$0.05B,$0.62B,8.70%,$0.05B,$2.07B,2.60%,$0.08B,$1.05B,7.51%,$191,$67,$124,$0,$49,$150,$41,$-7,$33,$-0,$34,$34,$34,$56,$41,$48,48,$0.70,$0.70,$29,$6,$29,$177,$1561,$0,$3,$51,$1892,$2069,$215,$423,$443,$1231,$1447,$0,$292,$0,$622,$2069,$45,$48,$-1,$48,$-14,$0,$7,$13,$7,$100,$-86,$0,$0,$0,$-3,$-3,$0,$-89,$-5,$15,$10,$0,$0,$-23,$4,$-9,$2,$0,$-23
17,2014-06-30,21.9,$12.47,1.76,$12.37,1.77,$-0.41,0.0,$0.98,22.35,$0.15B,$0.22B,0.68,$0.42B,$0.60B,0.71,$0.59B,$0.36B,60.65%,$0.59B,$0.07B,12.27%,$0.59B,$0.07B,12.27%,$0.59B,$0.14B,23.34%,$0.59B,$0.05B,8.01%,$0.59B,$0.05B,8.01%,$0.05B,$0.60B,7.90%,$0.05B,$0.59B,7.93%,$0.05B,$2.01B,2.35%,$0.07B,$1.02B,7.05%,$158,$62,$97,$0,$50,$135,$23,$-6,$18,$0,$17,$17,$17,$40,$23,$48,48,$0.36,$0.36,$30,$6,$28,$151,$1540,$0,$3,$53,$1859,$2010,$222,$423,$440,$1192,$1414,$0,$266,$0,$596,$2010,$12,$33,$-1,$32,$-17,$0,$13,$3,$-1,$43,$-57,$0,$0,$0,$-2,$-2,$0,$-58,$-4,$34,$30,$0,$0,$-16,$3,$17,$2,$0,$-16
18,2014-03-31,21.5,$12.26,1.75,$12.29,1.75,$-0.74,0.0,$0.90,23.89,$0.13B,$0.19B,0.68,$0.43B,$0.59B,0.73,$0.58B,$0.35B,60.62%,$0.58B,$0.07B,11.99%,$0.58B,$0.07B,11.99%,$0.58B,$0.13B,22.77%,$0.58B,$0.04B,7.19%,$0.58B,$0.04B,7.53%,$0.04B,$0.59B,7.45%,$0.04B,$0.58B,7.48%,$0.04B,$1.96B,2.18%,$0.07B,$1.01B,6.87%,$111,$45,$65,$0,$52,$109,$1,$-7,$-5,$0,$-5,$-5,$-5,$18,$1,$48,48,$-0.11,$-0.11,$22,$6,$15,$130,$1523,$0,$3,$52,$1832,$1963,$192,$426,$431,$1184,$1377,$0,$257,$0,$586,$1963,$-5,$17,$-0,$16,$6,$0,$0,$-7,$-0,$10,$-25,$0,$0,$0,$-2,$-2,$0,$-26,$-0,$17,$17,$0,$0,$-8,$1,$10,$-6,$0,$-8
19,2013-12-31,20.56,$12.54,1.64,$12.61,1.63,$-0.74,0.0,$0.98,20.98,$0.14B,$0.17B,0.84,$0.43B,$0.60B,0.71,$0.58B,$0.36B,61.47%,$0.58B,$0.08B,12.84%,$0.58B,$0.08B,12.84%,$0.58B,$0.14B,23.29%,$0.58B,$0.05B,7.88%,$0.58B,$0.05B,8.22%,$0.05B,$0.60B,8.17%,$0.05B,$0.60B,8.21%,$0.05B,$1.96B,2.34%,$0.08B,$1.03B,7.37%,$134,$54,$80,$0,$-16,$122,$12,$-7,$5,$0,$6,$6,$6,$28,$12,$46,46,$0.16,$0.16,$28,$6,$17,$139,$1516,$0,$3,$50,$1820,$1960,$167,$426,$438,$1195,$1361,$0,$270,$0,$599,$1960,$47,$61,$10,$71,$-7,$0,$4,$8,$6,$124,$-123,$0,$0,$0,$-3,$-3,$1,$-125,$-47,$-43,$-90,$111,$111,$-30,$-1,$-10,$-11,$2,$-30
20,2013-09-30,17.85,$12.57,1.42,$12.64,1.41,$-0.66,0.0,$0.98,18.22,$0.17B,$0.20B,0.87,$0.43B,$0.60B,0.72,$0.57B,$0.36B,62.24%,$0.57B,$0.09B,16.43%,$0.57B,$0.09B,16.43%,$0.57B,$0.15B,26.92%,$0.57B,$0.07B,11.54%,$0.57B,$0.05B,8.22%,$0.05B,$0.60B,8.45%,$0.05B,$0.60B,8.49%,$0.05B,$2.08B,2.28%,$0.09B,$1.03B,9.51%,$184,$71,$114,$0,$52,$149,$36,$-6,$29,$0,$29,$29,$29,$51,$36,$48,48,$0.61,$0.61,$49,$6,$26,$171,$1505,$0,$3,$50,$1913,$2083,$197,$430,$438,$1286,$1483,$0,$272,$0,$600,$2083,$42,$45,$-1,$44,$-25,$0,$8,$33,$16,$102,$-95,$0,$0,$0,$-3,$-3,$1,$-97,$-3,$-78,$-81,$111,$111,$-22,$-3,$5,$10,$0,$-22
21,2013-06-30,16.89,$12.12,1.39,$13.03,1.3,$-0.81,0.0,$1.08,15.64,$0.16B,$0.20B,0.84,$0.43B,$0.58B,0.75,$0.57B,$0.35B,62.54%,$0.57B,$0.09B,16.61%,$0.57B,$0.09B,16.61%,$0.57B,$0.15B,27.21%,$0.57B,$0.07B,11.84%,$0.57B,$0.05B,8.48%,$0.05B,$0.58B,9.15%,$0.05B,$0.58B,9.19%,$0.05B,$2.06B,2.36%,$0.09B,$1.01B,9.70%,$155,$60,$95,$0,$50,$134,$21,$-7,$13,$-0,$14,$14,$14,$36,$21,$48,48,$0.28,$0.28,$39,$6,$25,$164,$1490,$0,$3,$48,$1895,$2059,$196,$431,$435,$1284,$1480,$0,$250,$0,$578,$2059,$12,$30,$-1,$30,$-20,$0,$9,$6,$-5,$37,$-66,$0,$0,$0,$-2,$-2,$1,$-67,$-3,$-61,$-63,$111,$111,$-14,$-3,$30,$-0,$0,$-14
22,2013-03-31,16.95,$11.99,1.41,$13.21,1.28,$-0.91,0.0,$1.11,15.27,$0.23B,$0.26B,0.9,$0.43B,$0.57B,0.76,$0.56B,$0.35B,63.06%,$0.56B,$0.09B,16.76%,$0.56B,$0.09B,16.76%,$0.56B,$0.15B,27.39%,$0.56B,$0.07B,12.07%,$0.56B,$0.05B,8.47%,$0.05B,$0.57B,9.53%,$0.05B,$0.57B,9.58%,$0.05B,$2.10B,2.35%,$0.09B,$1.01B,9.79%,$111,$42,$70,$0,$50,$106,$6,$-6,$-1,$0,$-1,$-1,$-1,$21,$6,$42,42,$-0.03,$-0.03,$128,$6,$16,$232,$1469,$0,$3,$48,$1873,$2104,$257,$434,$433,$1275,$1532,$0,$245,$0,$572,$2104,$-1,$15,$-1,$15,$-2,$0,$-1,$8,$6,$20,$-32,$0,$0,$0,$-2,$-2,$0,$-34,$-0,$4,$3,$111,$111,$-7,$-5,$103,$89,$0,$-7
23,2012-12-31,15.38,$11.30,1.36,$13.37,1.15,$-0.75,0.0,$1.17,13.14,$0.15B,$0.24B,0.6,$0.43B,$0.47B,0.92,$0.56B,$0.36B,63.81%,$0.56B,$0.09B,16.76%,$0.56B,$0.09B,16.76%,$0.56B,$0.15B,27.09%,$0.56B,$0.07B,12.48%,$0.56B,$0.05B,8.73%,$0.05B,$0.47B,10.62%,$0.05B,$0.47B,10.69%,$0.05B,$2.00B,2.53%,$0.09B,$0.91B,10.11%,$122,$45,$77,$0,$-25,$91,$31,$-6,$25,$20,$5,$5,$5,$46,$31,$42,42,$0.12,$0.12,$39,$6,$15,$147,$1457,$0,$3,$45,$1849,$1996,$243,$434,$439,$1279,$1522,$0,$252,$0,$474,$1996,$49,$58,$33,$91,$-1,$0,$1,$-4,$-8,$132,$-128,$0,$0,$0,$-3,$-3,$2,$-129,$-7,$42,$35,$0,$0,$-26,$-0,$9,$12,$1,$-26
24,2012-09-30,15.35,$11.33,1.35,$12.93,1.19,$-1.03,0.0,$1.09,14.08,$0.15B,$0.19B,0.79,$0.48B,$0.48B,1.01,$0.54B,$0.34B,62.92%,$0.54B,$0.09B,17.34%,$0.54B,$0.09B,17.34%,$0.54B,$0.15B,27.86%,$0.54B,$0.07B,13.10%,$0.54B,$0.05B,8.49%,$0.05B,$0.48B,10.10%,$0.05B,$0.47B,10.17%,$0.05B,$1.98B,2.42%,$0.09B,$0.95B,10.05%,$178,$66,$112,$0,$51,$142,$36,$-6,$30,$0,$30,$30,$30,$51,$36,$42,42,$0.71,$0.71,$17,$6,$23,$150,$1443,$0,$3,$46,$1826,$1976,$190,$479,$430,$1311,$1501,$0,$254,$0,$475,$1976,$44,$43,$-2,$40,$-34,$0,$13,$37,$15,$99,$-100,$0,$0,$0,$-3,$-3,$2,$-101,$-2,$14,$12,$0,$0,$-20,$-0,$-8,$-10,$0,$-20
25,2012-06-30,14.94,$10.77,1.39,$12.73,1.17,$-0.83,0.0,$0.88,16.98,$0.14B,$0.21B,0.64,$0.48B,$0.45B,1.06,$0.53B,$0.34B,63.23%,$0.53B,$0.09B,16.51%,$0.53B,$0.09B,16.51%,$0.53B,$0.14B,26.83%,$0.53B,$0.06B,11.44%,$0.53B,$0.04B,6.94%,$0.04B,$0.45B,8.22%,$0.04B,$0.45B,8.27%,$0.04B,$1.92B,1.99%,$0.09B,$0.93B,9.46%,$144,$53,$91,$0,$48,$124,$20,$-7,$13,$0,$13,$13,$13,$34,$20,$42,42,$0.31,$0.31,$21,$6,$24,$135,$1419,$0,$3,$38,$1783,$1918,$211,$480,$423,$1256,$1467,$0,$231,$0,$451,$1918,$14,$29,$-2,$27,$-21,$0,$9,$3,$-9,$32,$-62,$0,$0,$0,$-1,$-1,$0,$-63,$-2,$41,$39,$0,$0,$-13,$-1,$25,$-6,$0,$-13
26,2012-03-31,14.47,$10.61,1.36,$12.45,1.16,$-0.22,0.0,$0.86,16.82,$0.11B,$0.17B,0.65,$0.48B,$0.45B,1.08,$0.52B,$0.33B,64.04%,$0.52B,$0.09B,16.92%,$0.52B,$0.09B,16.92%,$0.52B,$0.14B,27.12%,$0.52B,$0.06B,11.54%,$0.52B,$0.04B,6.92%,$0.04B,$0.45B,8.06%,$0.04B,$0.44B,8.11%,$0.04B,$1.87B,1.98%,$0.09B,$0.93B,9.50%,$117,$39,$78,$0,$57,$110,$7,$-5,$2,$1,$1,$1,$1,$21,$7,$42,42,$0.03,$0.03,$16,$6,$18,$107,$1401,$0,$3,$38,$1761,$1869,$165,$481,$421,$1259,$1424,$0,$224,$0,$445,$1869,$1,$14,$-2,$13,$4,$0,$0,$5,$9,$23,$-29,$0,$0,$0,$-1,$-1,$0,$-30,$-0,$4,$3,$0,$0,$-7,$-1,$-4,$-11,$0,$-7
27,2011-12-31,14.27,$10.76,1.33,$12.02,1.19,$-0.08,0.0,$0.90,15.94,$0.11B,$0.15B,0.75,$0.48B,$0.45B,1.07,$0.50B,$0.32B,64.07%,$0.50B,$0.09B,18.16%,$0.50B,$0.09B,18.16%,$0.50B,$0.14B,28.54%,$0.50B,$0.06B,12.18%,$0.50B,$0.04B,7.58%,$0.04B,$0.45B,8.57%,$0.04B,$0.45B,8.62%,$0.04B,$1.86B,2.14%,$0.09B,$0.93B,9.86%,$103,$43,$60,$0,$-15,$72,$31,$-5,$26,$24,$2,$2,$2,$45,$31,$42,42,$0.04,$0.04,$27,$6,$15,$114,$1381,$0,$3,$37,$1741,$1855,$152,$482,$421,$1253,$1405,$0,$230,$0,$450,$1855,$38,$53,$6,$59,$-8,$0,$5,$6,$15,$111,$-118,$0,$0,$0,$-2,$-2,$-3,$-123,$-3,$23,$21,$1,$1,$-26,$1,$-3,$-15,$1,$-26
28,2011-09-30,13.61,$10.86,1.25,$12.08,1.13,$-1.07,0.0,$0.97,14.04,$0.16B,$0.16B,0.97,$0.48B,$0.45B,1.05,$0.50B,$0.33B,65.41%,$0.50B,$0.07B,14.71%,$0.50B,$0.07B,14.71%,$0.50B,$0.12B,24.45%,$0.50B,$0.04B,8.55%,$0.50B,$0.04B,8.15%,$0.04B,$0.45B,9.32%,$0.04B,$0.45B,9.37%,$0.04B,$1.80B,2.36%,$0.07B,$0.93B,8.06%,$169,$62,$108,$0,$49,$139,$30,$-10,$20,$-1,$21,$21,$21,$43,$30,$42,42,$0.50,$0.50,$47,$6,$23,$155,$1347,$0,$3,$34,$1646,$1801,$161,$478,$419,$1186,$1347,$0,$234,$0,$454,$1801,$36,$39,$3,$42,$-25,$0,$15,$31,$20,$98,$-90,$0,$0,$0,$-2,$-2,$-0,$-91,$-2,$16,$15,$1,$1,$-19,$2,$-2,$4,$0,$-19
29,2011-06-30,14.14,$10.50,1.35,$11.55,1.23,$-1.79,0.0,$0.96,14.73,$0.13B,$0.13B,1.0,$0.48B,$0.44B,1.09,$0.48B,$0.31B,65.21%,$0.48B,$0.08B,17.29%,$0.48B,$0.08B,17.29%,$0.48B,$0.13B,27.08%,$0.48B,$0.06B,11.67%,$0.48B,$0.04B,8.33%,$0.04B,$0.44B,9.18%,$0.04B,$0.44B,9.23%,$0.04B,$1.75B,2.36%,$0.08B,$0.92B,9.33%,$131,$45,$87,$0,$46,$112,$20,$-7,$12,$0,$12,$12,$12,$32,$20,$42,42,$0.29,$0.29,$33,$6,$22,$132,$1328,$0,$3,$37,$1614,$1745,$132,$478,$413,$1175,$1307,$0,$220,$0,$438,$1745,$15,$26,$-0,$26,$-11,$0,$10,$8,$7,$48,$-52,$0,$0,$0,$-2,$-2,$-0,$-54,$-1,$9,$8,$0,$0,$-13,$2,$-3,$-9,$0,$-13
30,2011-03-31,13.82,$10.35,1.33,$11.24,1.23,$-2.35,0.0,$0.92,15.02,$0.13B,$0.12B,1.1,$0.48B,$0.43B,1.11,$0.47B,$0.30B,64.67%,$0.47B,$0.09B,18.42%,$0.47B,$0.09B,18.42%,$0.47B,$0.13B,28.48%,$0.47B,$0.06B,13.06%,$0.47B,$0.04B,8.14%,$0.04B,$0.43B,8.81%,$0.04B,$0.43B,8.86%,$0.04B,$1.72B,2.29%,$0.09B,$0.91B,9.99%,$98,$32,$66,$0,$45,$88,$10,$-7,$3,$0,$3,$3,$3,$23,$10,$42,42,$0.07,$0.07,$41,$6,$15,$129,$1308,$0,$3,$36,$1586,$1715,$118,$479,$406,$1165,$1283,$0,$214,$0,$432,$1715,$3,$13,$-0,$13,$-1,$0,$-4,$14,$9,$25,$-24,$0,$0,$0,$-2,$-2,$-0,$-26,$-0,$5,$5,$0,$0,$-6,$2,$0,$-1,$0,$-6
31,2010-12-31,13.62,$10.45,1.3,$11.06,1.23,$-2.45,0.0,$0.91,15.04,$0.13B,$0.11B,1.18,$0.48B,$0.44B,1.1,$0.46B,$0.30B,64.49%,$0.46B,$0.09B,18.52%,$0.46B,$0.09B,18.52%,$0.46B,$0.13B,28.54%,$0.46B,$0.06B,13.29%,$0.46B,$0.04B,8.06%,$0.04B,$0.44B,8.65%,$0.04B,$0.43B,8.71%,$0.04B,$1.69B,2.28%,$0.09B,$0.92B,10.21%,$105,$37,$68,$0,$-12,$92,$14,$-5,$8,$3,$5,$5,$5,$25,$14,$42,42,$0.11,$0.11,$42,$6,$14,$126,$1294,$0,$3,$39,$1566,$1692,$107,$479,$405,$1149,$1257,$0,$218,$0,$436,$1692,$38,$46,$-3,$44,$-1,$0,$0,$-2,$-6,$76,$-124,$0,$0,$0,$-2,$-2,$3,$-123,$92,$12,$104,$1,$1,$-25,$-1,$80,$32,$0,$-25
32,2010-09-30,13.29,$10.48,1.27,$11.10,1.2,$-2.18,0.0,$0.95,14.06,$0.09B,$0.16B,0.59,$0.38B,$0.44B,0.87,$0.46B,$0.30B,63.99%,$0.46B,$0.09B,18.66%,$0.46B,$0.09B,18.66%,$0.46B,$0.13B,28.63%,$0.46B,$0.06B,13.88%,$0.46B,$0.04B,8.24%,$0.04B,$0.44B,8.97%,$0.04B,$0.43B,9.02%,$0.04B,$1.63B,2.41%,$0.09B,$0.82B,10.71%,$146,$55,$92,$0,$42,$108,$39,$-5,$33,$13,$20,$20,$20,$50,$39,$42,42,$0.49,$0.49,$10,$6,$22,$92,$1280,$0,$3,$33,$1540,$1632,$156,$380,$410,$1040,$1195,$0,$219,$0,$436,$1632,$33,$35,$-1,$33,$-9,$0,$4,$16,$11,$77,$-99,$0,$0,$0,$-2,$-2,$3,$-98,$-5,$44,$40,$1,$1,$-19,$-1,$21,$-0,$0,$-19
33,2010-06-30,12.63,$10.12,1.25,$10.94,1.15,$-1.86,0.0,$0.93,13.65,$0.09B,$0.15B,0.63,$0.38B,$0.42B,0.9,$0.45B,$0.29B,64.54%,$0.45B,$0.09B,18.72%,$0.45B,$0.09B,18.72%,$0.45B,$0.13B,28.63%,$0.45B,$0.06B,14.10%,$0.45B,$0.04B,8.37%,$0.04B,$0.42B,9.06%,$0.04B,$0.42B,9.11%,$0.04B,$1.60B,2.44%,$0.09B,$0.80B,10.67%,$118,$42,$76,$0,$42,$95,$23,$-6,$17,$7,$10,$10,$10,$35,$23,$42,42,$0.25,$0.25,$6,$6,$19,$92,$1253,$0,$3,$32,$1509,$1600,$146,$380,$413,$1033,$1179,$0,$205,$0,$421,$1600,$12,$23,$0,$23,$-2,$0,$5,$-6,$-2,$33,$-60,$0,$0,$0,$-2,$-2,$-0,$-62,$-4,$43,$39,$0,$0,$-12,$-1,$25,$-4,$0,$-12
34,2010-03-31,13.09,$10.02,1.31,$10.90,1.2,$-1.72,0.0,$0.97,13.56,$0.09B,$0.12B,0.76,$0.38B,$0.42B,0.91,$0.45B,$0.29B,64.46%,$0.45B,$0.09B,18.76%,$0.45B,$0.09B,18.76%,$0.45B,$0.13B,28.48%,$0.45B,$0.07B,14.79%,$0.45B,$0.04B,8.83%,$0.04B,$0.42B,9.62%,$0.04B,$0.41B,9.69%,$0.04B,$1.56B,2.61%,$0.09B,$0.80B,10.71%,$90,$30,$60,$0,$40,$81,$9,$-6,$3,$1,$2,$2,$2,$21,$9,$42,42,$0.05,$0.05,$11,$6,$12,$90,$1227,$0,$3,$31,$1472,$1562,$119,$381,$408,$1026,$1146,$0,$201,$0,$417,$1562,$2,$11,$-1,$11,$8,$0,$-1,$2,$9,$22,$-26,$0,$0,$0,$-2,$-2,$0,$-28,$7,$7,$14,$0,$0,$-6,$-1,$7,$1,$0,$-6
35,2009-12-31,12.61,$10.13,1.24,$10.82,1.17,$-1.93,0.0,$0.98,12.93,$0.09B,$0.11B,0.84,$0.37B,$0.42B,0.89,$0.45B,$0.29B,64.44%,$0.45B,$0.08B,18.67%,$0.45B,$0.08B,18.67%,$0.45B,$0.13B,28.00%,$0.45B,$0.07B,15.11%,$0.45B,$0.04B,8.89%,$0.04B,$0.42B,9.72%,$0.04B,$0.42B,9.80%,$0.04B,$1.53B,2.67%,$0.08B,$0.80B,10.97%,$107,$40,$67,$0,$-14,$92,$15,$-4,$11,$5,$6,$6,$6,$26,$15,$41,42,$0.16,$0.16,$10,$6,$13,$92,$1198,$0,$3,$29,$1433,$1526,$110,$374,$389,$995,$1105,$0,$205,$0,$421,$1526,$41,$43,$-5,$38,$-10,$0,$1,$4,$-6,$72,$-110,$0,$0,$0,$-2,$-2,$-3,$-115,$91,$-28,$63,$1,$1,$-24,$-1,$38,$-4,$0,$-24
36,2009-09-30,13.12,$10.11,1.3,$10.66,1.23,$-1.33,0.0,$1.00,13.18,$0.14B,$0.13B,1.07,$0.37B,$0.42B,0.89,$0.44B,$0.29B,65.24%,$0.44B,$0.09B,19.19%,$0.44B,$0.09B,19.19%,$0.44B,$0.13B,28.44%,$0.44B,$0.07B,15.35%,$0.44B,$0.04B,9.48%,$0.04B,$0.42B,10.32%,$0.04B,$0.42B,10.41%,$0.04B,$1.55B,2.85%,$0.09B,$0.79B,11.49%,$139,$49,$90,$0,$42,$102,$38,$-5,$33,$13,$20,$20,$20,$48,$38,$41,42,$0.47,$0.47,$48,$5,$21,$140,$1175,$0,$3,$30,$1409,$1549,$131,$374,$387,$999,$1130,$0,$205,$0,$419,$1549,$34,$32,$8,$40,$-31,$0,$16,$19,$3,$77,$-86,$0,$0,$0,$-2,$-2,$0,$-87,$91,$-28,$63,$0,$0,$-18,$-1,$44,$34,$0,$-18
37,2009-06-30,12.21,$9.78,1.25,$10.48,1.16,$-1.11,0.0,$1.06,11.57,$0.12B,$0.10B,1.23,$0.38B,$0.41B,0.95,$0.44B,$0.28B,65.14%,$0.44B,$0.09B,19.95%,$0.44B,$0.09B,19.95%,$0.44B,$0.13B,29.59%,$0.44B,$0.07B,16.28%,$0.44B,$0.04B,10.09%,$0.04B,$0.41B,10.93%,$0.04B,$0.40B,11.04%,$0.04B,$1.50B,3.12%,$0.09B,$0.79B,12.18%,$117,$42,$75,$0,$42,$94,$23,$-3,$20,$8,$12,$12,$12,$34,$23,$41,42,$0.29,$0.29,$41,$5,$20,$124,$1145,$0,$4,$30,$1379,$1503,$101,$384,$382,$996,$1097,$0,$191,$0,$406,$1503,$15,$22,$-3,$19,$-12,$0,$10,$-1,$-3,$31,$-52,$0,$0,$0,$-2,$-2,$0,$-54,$91,$-28,$63,$0,$0,$-12,$-0,$51,$28,$0,$-12
38,2009-03-31,13.65,$9.63,1.42,$10.22,1.34,$-0.88,0.0,$1.01,13.59,$0.07B,$0.13B,0.56,$0.29B,$0.40B,0.72,$0.43B,$0.27B,64.47%,$0.43B,$0.09B,20.00%,$0.43B,$0.09B,20.00%,$0.43B,$0.13B,29.41%,$0.43B,$0.07B,16.00%,$0.43B,$0.04B,9.88%,$0.04B,$0.40B,10.57%,$0.04B,$0.40B,10.65%,$0.04B,$1.42B,3.13%,$0.09B,$0.69B,12.40%,$87,$29,$58,$0,$40,$79,$8,$-4,$4,$2,$2,$2,$2,$18,$8,$41,42,$0.06,$0.06,$5,$5,$12,$72,$1123,$0,$4,$25,$1350,$1422,$130,$287,$379,$893,$1023,$0,$185,$0,$400,$1422,$2,$11,$-1,$10,$-2,$0,$2,$-0,$-1,$11,$-24,$0,$0,$0,$-1,$-1,$0,$-26,$-0,$12,$12,$0,$0,$-6,$0,$6,$-9,$0,$-6
39,2008-12-31,14.95,$9.72,1.54,$9.89,1.51,$-0.87,0.0,$0.95,15.74,$0.08B,$0.12B,0.65,$0.29B,$0.40B,0.71,$0.41B,$0.26B,64.23%,$0.41B,$0.08B,19.95%,$0.41B,$0.08B,19.95%,$0.41B,$0.12B,29.44%,$0.41B,$0.06B,15.57%,$0.41B,$0.04B,9.73%,$0.04B,$0.40B,10.20%,$0.04B,$0.40B,10.25%,$0.04B,$1.42B,3.12%,$0.08B,$0.69B,12.05%,$100,$34,$66,$0,$-11,$84,$16,$-5,$11,$4,$8,$8,$8,$26,$16,$41,41,$0.18,$0.18,$14,$5,$13,$80,$1112,$0,$4,$24,$1338,$1418,$123,$287,$377,$892,$1015,$0,$189,$0,$403,$1418,$40,$40,$4,$44,$-6,$-0,$3,$20,$12,$96,$-108,$0,$-25,$0,$-1,$-1,$34,$-100,$-2,$40,$38,$0,$-4,$-24,$2,$11,$7,$0,$-24
40,2008-09-30,12.3,$9.69,1.27,$9.56,1.29,$-1.47,0.0,$0.97,12.68,$0.08B,$0.15B,0.57,$0.29B,$0.40B,0.72,$0.40B,$0.25B,63.73%,$0.40B,$0.08B,20.15%,$0.40B,$0.08B,20.15%,$0.40B,$0.12B,29.72%,$0.40B,$0.06B,16.12%,$0.40B,$0.04B,10.08%,$0.04B,$0.40B,10.29%,$0.04B,$0.40B,10.32%,$0.04B,$1.29B,3.27%,$0.08B,$0.69B,11.81%,$132,$46,$85,$0,$36,$91,$40,$-5,$36,$14,$22,$22,$22,$51,$40,$41,41,$0.53,$0.53,$9,$5,$20,$84,$1089,$0,$5,$23,$1207,$1291,$146,$289,$343,$744,$890,$0,$188,$0,$401,$1291,$32,$30,$2,$32,$-19,$0,$7,$29,$17,$81,$-81,$0,$-14,$0,$-1,$-1,$0,$-96,$-1,$40,$39,$0,$-4,$-18,$1,$18,$3,$0,$-18
41,2008-06-30,10.3,$9.30,1.11,$9.13,1.13,$-2.27,0.0,$0.78,13.3,$0.07B,$0.11B,0.61,$0.29B,$0.39B,0.75,$0.38B,$0.24B,62.53%,$0.38B,$0.07B,17.41%,$0.38B,$0.07B,17.41%,$0.38B,$0.10B,26.65%,$0.38B,$0.05B,13.46%,$0.38B,$0.03B,8.44%,$0.03B,$0.39B,8.32%,$0.03B,$0.39B,8.32%,$0.03B,$1.23B,2.67%,$0.07B,$0.67B,9.80%,$106,$40,$65,$0,$35,$85,$21,$-4,$17,$7,$10,$10,$10,$30,$21,$41,41,$0.24,$0.24,$6,$5,$17,$69,$1048,$0,$0,$24,$1163,$1232,$113,$288,$332,$734,$846,$0,$172,$0,$385,$1232,$10,$18,$-0,$18,$-2,$0,$2,$3,$4,$33,$-45,$0,$0,$0,$0,$0,$0,$-45,$-1,$23,$22,$0,$0,$-12,$1,$11,$-1,$0,$-12
42,2008-03-31,11.9,$9.17,1.3,$8.90,1.34,$-2.71,0.0,$0.72,16.53,$0.05B,$0.08B,0.65,$0.29B,$0.38B,0.76,$0.37B,$0.23B,62.60%,$0.37B,$0.06B,16.53%,$0.37B,$0.06B,16.53%,$0.37B,$0.10B,26.02%,$0.37B,$0.05B,12.74%,$0.37B,$0.03B,8.13%,$0.03B,$0.38B,7.85%,$0.03B,$0.38B,7.85%,$0.03B,$1.19B,2.53%,$0.06B,$0.67B,9.08%,$73,$25,$48,$0,$33,$68,$5,$-5,$0,$0,$0,$0,$0,$14,$5,$41,41,$0.01,$0.01,$3,$5,$11,$51,$1022,$0,$0,$23,$1136,$1187,$79,$288,$327,$729,$807,$0,$168,$0,$380,$1187,$0,$9,$0,$9,$4,$0,$-3,$6,$8,$17,$-30,$0,$0,$0,$0,$0,$0,$-30,$-1,$14,$13,$0,$0,$-6,$2,$9,$-4,$0,$-6
43,2007-12-31,11.36,$9.42,1.21,$8.87,1.28,$-2.75,0.0,$0.75,15.15,$0.06B,$0.07B,0.86,$0.29B,$0.39B,0.75,$0.37B,$0.23B,62.23%,$0.37B,$0.06B,16.85%,$0.37B,$0.06B,16.85%,$0.37B,$0.10B,26.09%,$0.37B,$0.05B,13.59%,$0.37B,$0.03B,8.70%,$0.03B,$0.39B,8.40%,$0.03B,$0.39B,8.40%,$0.03B,$1.18B,2.72%,$0.06B,$0.68B,9.24%,$86,$31,$55,$0,$-14,$72,$14,$-4,$11,$3,$8,$8,$8,$23,$14,$41,41,$0.20,$0.20,$7,$5,$13,$60,$1010,$0,$0,$23,$1125,$1184,$70,$289,$325,$726,$795,$0,$174,$0,$389,$1184,$31,$34,$-3,$32,$-1,$-0,$3,$-9,$-13,$50,$-87,$0,$-1,$0,$0,$0,$0,$-88,$-2,$0,$-2,$0,$0,$-24,$10,$-15,$-54,$0,$-24
44,2007-09-30,11.72,$9.28,1.26,$8.93,1.31,$-3.00,0.0,$0.71,16.51,$0.09B,$0.08B,1.08,$0.29B,$0.38B,0.76,$0.36B,$0.23B,62.26%,$0.36B,$0.06B,16.53%,$0.36B,$0.06B,16.53%,$0.36B,$0.09B,25.62%,$0.36B,$0.05B,12.95%,$0.36B,$0.03B,8.26%,$0.03B,$0.38B,7.94%,$0.03B,$0.38B,7.94%,$0.03B,$1.20B,2.56%,$0.06B,$0.68B,8.97%,$114,$45,$69,$0,$34,$88,$26,$-3,$23,$9,$14,$14,$14,$34,$26,$41,41,$0.34,$0.34,$26,$5,$15,$88,$991,$0,$0,$22,$1108,$1196,$82,$291,$315,$731,$812,$0,$172,$0,$384,$1196,$23,$25,$1,$26,$-11,$0,$10,$-0,$-2,$47,$-80,$0,$-0,$0,$0,$0,$0,$-80,$-1,$0,$-1,$0,$0,$-18,$17,$-1,$-34,$0,$-18
45,2007-06-30,11.33,$9.09,1.25,$9.10,1.24,$-3.04,0.0,$0.72,15.84,$0.08B,$0.07B,1.16,$0.29B,$0.38B,0.78,$0.36B,$0.22B,61.90%,$0.36B,$0.06B,16.53%,$0.36B,$0.06B,16.53%,$0.36B,$0.09B,25.77%,$0.36B,$0.05B,12.61%,$0.36B,$0.03B,8.12%,$0.03B,$0.38B,8.13%,$0.03B,$0.38B,8.13%,$0.03B,$1.17B,2.55%,$0.06B,$0.67B,9.10%,$96,$37,$59,$0,$34,$80,$16,$-3,$13,$5,$8,$8,$8,$25,$16,$41,41,$0.19,$0.19,$30,$5,$15,$84,$975,$0,$0,$22,$1090,$1174,$72,$291,$311,$726,$799,$0,$164,$0,$376,$1174,$9,$17,$0,$17,$-3,$0,$7,$-8,$-5,$21,$-51,$0,$0,$0,$0,$0,$-0,$-51,$-1,$0,$-1,$0,$0,$-12,$12,$-0,$-30,$0,$-12
46,2007-03-31,11.4,$9.05,1.26,$8.99,1.27,$-3.32,0.0,$0.69,16.64,$0.09B,$0.06B,1.4,$0.29B,$0.37B,0.78,$0.34B,$0.21B,62.28%,$0.34B,$0.06B,16.37%,$0.34B,$0.06B,16.37%,$0.34B,$0.09B,25.73%,$0.34B,$0.04B,12.28%,$0.34B,$0.03B,7.89%,$0.03B,$0.37B,8.06%,$0.03B,$0.37B,8.06%,$0.03B,$1.16B,2.45%,$0.06B,$0.67B,9.00%,$72,$26,$46,$0,$32,$66,$6,$-3,$3,$1,$2,$2,$2,$14,$6,$41,41,$0.04,$0.04,$43,$4,$10,$88,$952,$0,$0,$22,$1068,$1156,$63,$291,$304,$719,$782,$0,$162,$0,$374,$1156,$2,$8,$0,$9,$3,$0,$3,$-7,$-2,$8,$-23,$0,$0,$0,$0,$0,$-0,$-23,$-0,$0,$-0,$0,$0,$-6,$4,$-3,$-17,$0,$-6
47,2006-12-31,11.85,$9.16,1.29,$9.03,1.31,$-3.30,0.0,$0.67,17.68,$0.11B,$0.07B,1.56,$0.29B,$0.38B,0.77,$0.34B,$0.21B,62.99%,$0.34B,$0.06B,16.42%,$0.34B,$0.06B,16.42%,$0.34B,$0.09B,25.97%,$0.34B,$0.04B,11.94%,$0.34B,$0.03B,7.76%,$0.03B,$0.38B,8.28%,$0.03B,$0.38B,8.28%,$0.03B,$1.17B,2.44%,$0.06B,$0.67B,9.21%,$81,$29,$52,$0,$-64,$68,$12,$-4,$8,$2,$6,$6,$6,$20,$12,$38,38,$0.16,$0.16,$60,$5,$11,$110,$941,$0,$0,$20,$1055,$1165,$70,$292,$301,$716,$787,$0,$167,$0,$378,$1165,$26,$31,$-0,$31,$-5,$-0,$-1,$11,$4,$61,$-104,$0,$-1,$0,$0,$0,$0,$-105,$18,$0,$18,$80,$80,$-22,$19,$94,$51,$0,$-22
