,Date,Stock Price,Book Value per Share,Price to Book Ratio,TTM Sales per Share,Price to Sales Ratio,TTM FCF per Share,Price to FCF Ratio,TTM Net EPS,PE Ratio,Current Assets,Current Liabilities,Current Ratio,Long Term Debt,Shareholder's Equity_x,Debt to Equity Ratio,TTM Revenue_x,TTM Gross Profit,Gross Margin,TTM Revenue_y,TTM Operating Income,Operating Margin,TTM Revenue_x,TTM EBIT,EBIT Margin,TTM Revenue_y,TTM EBITDA,EBITDA Margin,TTM Revenue_x,TTM Pre-Tax Income,Pre-Tax Margin,TTM Revenue_y,TTM Net Income_x,Net Margin,TTM Net Income_y,Shareholder's Equity_y,Return on Equity,TTM Net Income_x,Tangible Equity,Return on Tangible Equity,TTM Net Income_y,Total Assets,Return on Assets,TTM Net Income,LT Investments & Debt,Return on Investment,revenue,cost-goods-sold,gross-profit,research-development-expenses,selling-general-administrative-expenses,operating-expenses,operating-income,total-non-operating-income-expense,pre-tax-income,total-provision-income-taxes,income-after-taxes,income-from-continuous-operations,net-income,ebitda,ebit,basic-shares-outstanding,shares-outstanding,eps-basic-net-earnings-per-share,eps-earnings-per-share-diluted,cash-on-hand,inventory,other-current-assets,total-current-assets,net-property-plant-equipment,long-term-investments,goodwill-intangible-assets-total,other-long-term-assets,total-long-term-assets,total-assets,total-current-liabilities,long-term-debt,other-non-current-liabilities,total-long-term-liabilities,total-liabilities,common-stock-net,retained-earnings-accumulated-deficit,comprehensive-income,total-share-holder-equity,total-liabilities-share-holders-equity,net-income-loss,total-depreciation-amortization-cash-flow,other-non-cash-items,total-non-cash-items,change-in-accounts-receivable,change-in-inventories,change-in-accounts-payable,change-in-assets-liabilities,total-change-in-assets-liabilities,cash-flow-from-operating-activities,net-change-in-property-plant-equipment,net-change-in-intangible-assets,net-acquisitions-divestitures,net-change-in-short-term-investments,net-change-in-long-term-investments,net-change-in-investments-total,investing-activities-other,cash-flow-from-investing-activities,net-long-term-debt,net-current-debt,debt-issuance-retirement-net-total,net-common-equity-issued-repurchased,net-total-equity-issued-repurchased,total-common-preferred-stock-dividends-paid,financial-activities-other,cash-flow-from-financial-activities,net-cash-flow,stock-based-compensation,common-stock-dividends-paid
0,2018-09-30,7.04,$0.00,0.0,$7.82,0.9,$0.22,31.61,$0.30,23.47,$3.65B,$4.53B,0.81,$9.42B,$0.00B,0.0,$14.37B,$4.89B,34.02%,$14.37B,$1.38B,9.63%,$14.37B,$1.38B,9.63%,$14.37B,$1.38B,9.63%,$14.37B,$0.80B,5.56%,$14.37B,$0.48B,3.31%,$0.48B,$11.39B,4.26%,$0.48B,$11.39B,5.91%,$0.48B,$28.66B,1.63%,$1.38B,$20.82B,6.65%,$3748,$2438,$1309,$0,$0,$3305,$443,$-178,$265,$85,$180,$180,$174,$443,$443,$1545,1545,$0.12,$0.12,$304,$1061,$232,$3651,$11563,$0,$0,$13444,$25007,$28657,$4525,$9423,$3315,$12738,$17263,$0,$0,$0,$11394,$28657,$0,$0,$0,$0,$0,$0,$0,$0,$0,$0,$0,$0,$0,$0,$0,$0,$0,$0,$0,$0,$0,$0,$0,$0,$0,$0,$0,$0,$0
1,2018-06-30,6.56,$0.00,0.0,$7.70,0.85,$0.22,29.46,$0.39,16.82,$3.69B,$4.85B,0.76,$9.35B,$0.00B,0.0,$14.16B,$4.84B,34.22%,$14.16B,$1.37B,9.66%,$14.16B,$1.37B,9.66%,$14.16B,$1.37B,9.66%,$14.16B,$0.83B,5.83%,$14.16B,$0.59B,4.17%,$0.59B,$11.06B,5.35%,$0.59B,$11.06B,7.45%,$0.59B,$28.59B,2.02%,$1.37B,$20.41B,6.59%,$3805,$2474,$1331,$0,$0,$3337,$468,$-30,$438,$49,$389,$389,$382,$468,$468,$1527,1527,$0.25,$0.25,$308,$1020,$264,$3689,$11488,$0,$0,$13414,$24902,$28590,$4847,$9347,$3332,$12679,$17526,$0,$0,$0,$11064,$28590,$0,$0,$0,$0,$0,$0,$0,$0,$0,$0,$0,$0,$0,$0,$0,$0,$0,$0,$0,$0,$0,$0,$0,$0,$0,$0,$0,$0,$0
2,2018-03-31,6.62,$0.00,0.0,$7.18,0.92,$0.22,29.73,$0.34,19.47,$3.54B,$4.84B,0.73,$9.82B,$10.97B,0.9,$13.92B,$4.76B,34.17%,$13.92B,$1.37B,9.83%,$13.92B,$1.37B,9.83%,$13.92B,$1.37B,9.83%,$13.92B,$0.57B,4.09%,$13.92B,$0.50B,3.56%,$0.50B,$10.97B,4.53%,$0.50B,$10.97B,6.32%,$0.50B,$29.11B,1.68%,$1.37B,$20.79B,6.54%,$3381,$2307,$1074,$0,$0,$3047,$334,$-241,$93,$53,$40,$40,$26,$334,$334,$1540,1540,$0.02,$0.02,$313,$1018,$274,$3543,$12020,$0,$0,$13545,$25566,$29109,$4836,$9823,$3484,$13307,$18144,$0,$0,$0,$10965,$29109,$0,$0,$0,$0,$0,$0,$0,$0,$0,$0,$0,$0,$0,$0,$0,$0,$0,$0,$0,$0,$0,$0,$0,$0,$0,$0,$0,$0,$0
3,2017-12-31,7.5,$7.39,1.01,$7.10,1.06,$0.22,33.68,$0.55,13.62,$3.78B,$5.95B,0.64,$10.06B,$11.15B,0.9,$13.68B,$4.70B,34.32%,$13.68B,$1.52B,11.14%,$13.68B,$1.52B,11.14%,$13.68B,$1.52B,11.14%,$13.68B,$0.72B,5.28%,$13.68B,$0.81B,5.89%,$0.81B,$11.15B,9.81%,$0.81B,$-1.30B,15.78%,$0.81B,$30.08B,3.64%,$1.52B,$21.22B,9.69%,$3432,$2257,$1174,$0,$0,$3294,$138,$-134,$3,$102,$-99,$-99,$-107,$138,$138,$4550,4844,$-0.39,$-0.39,$728,$999,$176,$3782,$12304,$759,$12450,$0,$26299,$30082,$5945,$10064,$829,$12984,$18930,$7667,$328,$807,$11152,$30082,$696,$848,$734,$1581,$139,$28,$193,$0,$206,$1649,$-570,$-85,$1264,$0,$0,$0,$7,$615,$-2083,$0,$-2083,$0,$0,$0,$-179,$-2262,$113,$0,$0
4,2017-09-30,9.08,$0.00,0.0,$7.03,1.29,$0.38,24.21,$0.77,11.87,$3.62B,$4.89B,0.74,$9.63B,$10.95B,0.88,$13.43B,$4.67B,34.80%,$13.43B,$1.83B,13.64%,$13.43B,$1.83B,13.64%,$13.43B,$1.83B,13.64%,$13.43B,$0.98B,7.26%,$13.43B,$1.14B,8.48%,$1.14B,$10.95B,14.12%,$1.14B,$10.95B,23.94%,$1.14B,$29.20B,5.02%,$1.83B,$20.58B,11.06%,$3539,$2274,$1265,$0,$0,$3112,$427,$-136,$291,$-28,$319,$319,$289,$427,$427,$1538,1538,$0.19,$0.19,$449,$991,$215,$3615,$11832,$0,$0,$13749,$25580,$29195,$4894,$9633,$3719,$13352,$18246,$0,$0,$0,$10949,$29195,$0,$0,$0,$0,$0,$0,$0,$0,$0,$0,$0,$0,$0,$0,$0,$0,$0,$0,$0,$0,$0,$0,$0,$0,$0,$0,$0,$0,$0
5,2017-06-30,9.42,$0.00,0.0,$7.06,1.33,$0.38,25.12,$0.78,12.13,$3.90B,$4.59B,0.85,$10.31B,$10.78B,0.96,$13.36B,$4.69B,35.12%,$13.36B,$1.92B,14.38%,$13.36B,$1.92B,14.38%,$13.36B,$1.92B,14.38%,$13.36B,$1.02B,7.66%,$13.36B,$1.14B,8.50%,$1.14B,$10.78B,14.54%,$1.14B,$10.78B,25.23%,$1.14B,$29.38B,4.94%,$1.92B,$21.08B,11.39%,$3568,$2324,$1244,$0,$0,$3098,$469,$-287,$182,$-92,$275,$275,$288,$469,$469,$1803,1803,$0.16,$0.16,$418,$1009,$431,$3895,$11812,$0,$0,$13676,$25488,$29383,$4590,$10306,$3709,$14015,$18605,$0,$0,$0,$10777,$29383,$0,$0,$0,$0,$0,$0,$0,$0,$0,$0,$0,$0,$0,$0,$0,$0,$0,$0,$0,$0,$0,$0,$0,$0,$0,$0,$0,$0,$0
6,2017-03-31,8.72,$0.00,0.0,$7.54,1.16,$0.38,23.26,$0.73,11.93,$0.00B,$0.00B,0.0,$0.00B,$0.00B,0.0,$13.39B,$4.76B,35.50%,$13.39B,$1.95B,14.55%,$13.39B,$1.95B,14.55%,$13.39B,$1.95B,14.55%,$13.39B,$1.08B,8.08%,$13.39B,$1.05B,7.86%,$1.05B,$0.00B,14.09%,$1.05B,$0.00B,25.28%,$1.05B,$0.00B,4.51%,$1.95B,$0.00B,11.33%,$3142,$2130,$1012,$0,$0,$2652,$490,$-243,$247,$45,$202,$202,$336,$490,$490,$1491,1491,$0.22,$0.22,$0,$0,$0,$0,$0,$0,$0,$0,$0,$0,$0,$0,$0,$0,$0,$0,$0,$0,$0,$0,$0,$0,$0,$0,$0,$0,$0,$0,$0,$0,$0,$0,$0,$0,$0,$0,$0,$0,$0,$0,$0,$0,$0,$0,$0,$0,$0,$0,$0
7,2016-12-31,7.72,$7.22,1.07,$7.50,1.03,$0.38,20.59,$0.53,14.63,$4.93B,$4.40B,1.12,$13.99B,$10.54B,1.33,$13.45B,$4.77B,35.48%,$13.45B,$1.80B,13.40%,$13.45B,$1.80B,13.40%,$13.45B,$1.80B,13.40%,$13.45B,$0.93B,6.88%,$13.45B,$0.75B,5.59%,$0.75B,$10.54B,7.66%,$0.75B,$-2.70B,11.56%,$0.75B,$32.15B,2.40%,$1.80B,$24.53B,7.80%,$3178,$2026,$1152,$0,$0,$2733,$445,$-190,$255,$42,$214,$214,$226,$445,$445,$4464,4942,$-0.19,$-0.19,$619,$957,$1473,$4933,$12173,$940,$13240,$0,$27213,$32145,$4401,$13989,$908,$17200,$21601,$6825,$86,$752,$10544,$32145,$760,$865,$961,$1827,$-248,$-63,$730,$0,$479,$2094,$-241,$-76,$76,$0,$0,$0,$-48,$-289,$-1986,$0,$-1986,$0,$0,$0,$-138,$-2124,$-200,$0,$0
8,2016-09-30,7.63,$0.00,0.0,$9.19,0.83,$0.44,17.29,$0.49,15.73,$4.51B,$4.32B,1.04,$11.89B,$9.93B,1.2,$13.69B,$4.67B,34.11%,$13.69B,$1.50B,10.92%,$13.69B,$1.50B,10.92%,$13.69B,$2.47B,18.02%,$13.69B,$0.72B,5.27%,$13.69B,$0.67B,4.90%,$0.67B,$9.93B,6.86%,$0.67B,$9.93B,10.66%,$0.67B,$30.37B,2.10%,$1.50B,$21.82B,6.35%,$3475,$2190,$1285,$0,$0,$2958,$517,$-177,$339,$43,$296,$296,$286,$517,$517,$1490,1490,$0.19,$0.19,$590,$934,$1036,$4510,$11592,$0,$0,$14267,$25860,$30369,$4323,$11894,$4226,$16120,$20444,$0,$0,$0,$9926,$30369,$0,$0,$0,$0,$0,$0,$0,$0,$0,$0,$0,$0,$0,$0,$0,$0,$0,$0,$0,$0,$0,$0,$0,$0,$0,$0,$0,$0,$0
9,2016-06-30,5.93,$0.00,0.0,$22.71,0.26,$0.44,13.44,$0.26,23.21,$4.21B,$4.07B,1.04,$13.00B,$9.43B,1.38,$13.85B,$4.62B,33.37%,$13.85B,$1.33B,9.60%,$13.85B,$1.33B,9.60%,$13.85B,$2.30B,16.61%,$13.85B,$0.38B,2.73%,$13.85B,$0.34B,2.46%,$0.34B,$9.43B,3.53%,$0.34B,$9.43B,5.52%,$0.34B,$30.78B,1.04%,$1.33B,$22.43B,5.57%,$3598,$2292,$1306,$0,$0,$3101,$497,$-256,$241,$39,$202,$202,$205,$497,$497,$1467,1467,$0.14,$0.14,$621,$966,$622,$4213,$11992,$0,$0,$14579,$26571,$30784,$4067,$12999,$4284,$17284,$21351,$0,$0,$0,$9433,$30784,$0,$0,$0,$0,$0,$0,$0,$0,$0,$0,$0,$0,$0,$0,$0,$0,$0,$0,$0,$0,$0,$0,$0,$0,$0,$0,$0,$0,$0
10,2016-03-31,6.73,$0.00,0.0,$23.40,0.29,$0.44,15.25,$0.18,38.31,$4.98B,$4.08B,1.22,$14.31B,$9.35B,1.53,$13.96B,$4.58B,32.83%,$13.96B,$1.31B,9.40%,$13.96B,$1.31B,9.40%,$13.96B,$2.28B,16.36%,$13.96B,$0.34B,2.41%,$13.96B,$0.25B,1.78%,$0.25B,$9.35B,2.55%,$0.25B,$9.35B,3.96%,$0.25B,$32.19B,0.75%,$1.31B,$23.66B,5.43%,$3198,$2169,$1029,$0,$0,$2855,$343,$-253,$90,$42,$48,$48,$35,$343,$343,$1543,1543,$0.03,$0.03,$1273,$1052,$648,$4980,$12347,$0,$0,$14865,$27213,$32193,$4081,$14310,$4448,$18758,$22840,$0,$0,$0,$9353,$32193,$0,$0,$0,$0,$0,$0,$0,$0,$0,$0,$0,$0,$0,$0,$0,$0,$0,$0,$0,$0,$0,$0,$0,$0,$0,$0,$0,$0,$0
11,2015-12-31,5.15,$0.00,0.0,$23.55,0.22,$0.44,11.66,$0.05,102.59,$4.66B,$4.59B,1.02,$15.95B,$10.35B,1.54,$14.08B,$4.57B,32.48%,$14.08B,$1.31B,9.28%,$14.08B,$1.31B,9.28%,$14.08B,$2.28B,16.18%,$14.08B,$0.22B,1.55%,$14.08B,$0.07B,0.46%,$0.07B,$10.35B,0.66%,$0.07B,$-3.57B,1.03%,$0.07B,$34.27B,0.19%,$1.31B,$26.30B,5.44%,$3416,$2369,$1048,$0,$910,$3278,$138,$-280,$51,$-71,$122,$99,$144,$1110,$138,$1463,1463,$0.10,$0.10,$966,$1120,$511,$4656,$0,$1182,$13924,$0,$16082,$34271,$4587,$15951,$2095,$19334,$23921,$7560,$466,$0,$10350,$34271,$74,$972,$28,$1000,$0,$0,$0,$0,$-102,$1207,$-561,$0,$172,$0,$0,$0,$-115,$-504,$0,$0,$-714,$0,$0,$0,$-74,$-788,$170,$0,$0
12,2015-09-30,6.46,$0.00,0.0,$23.89,0.27,$0.31,21.03,$-0.18,0.0,$4.49B,$4.41B,1.02,$13.56B,$9.41B,1.44,$14.50B,$4.70B,32.41%,$14.50B,$1.13B,7.81%,$14.50B,$1.13B,7.81%,$14.50B,$2.22B,15.31%,$14.50B,$-0.08B,-0.56%,$14.50B,$-0.26B,-1.77%,$-0.26B,$9.41B,-2.57%,$-0.26B,$9.41B,-4.03%,$-0.26B,$32.95B,-0.73%,$1.13B,$22.96B,4.65%,$3637,$2399,$1238,$0,$0,$3286,$351,$-355,$-4,$31,$-35,$-35,$-44,$351,$351,$229,229,$-0.19,$-0.19,$457,$1091,$753,$4488,$12555,$0,$0,$15910,$28465,$32953,$4410,$13556,$5583,$19139,$23549,$0,$0,$0,$9405,$32953,$0,$0,$0,$0,$0,$0,$0,$0,$0,$0,$0,$0,$0,$0,$0,$0,$0,$0,$0,$0,$0,$0,$0,$0,$0,$0,$0,$0,$0
13,2015-06-30,8.47,$0.00,0.0,$10.94,0.77,$0.31,27.56,$-0.22,0.0,$4.79B,$4.50B,1.07,$13.87B,$9.94B,1.4,$15.00B,$4.95B,33.00%,$15.00B,$1.30B,8.64%,$15.00B,$1.30B,8.64%,$15.00B,$1.83B,12.20%,$15.00B,$-0.01B,-0.04%,$15.00B,$-0.32B,-2.13%,$-0.32B,$9.94B,-3.04%,$-0.32B,$9.94B,-4.65%,$-0.32B,$34.00B,-0.89%,$1.30B,$23.81B,5.21%,$3708,$2440,$1268,$0,$0,$3227,$480,$-280,$200,$82,$119,$119,$114,$480,$480,$1183,1183,$0.10,$0.10,$476,$1172,$802,$4793,$13068,$0,$0,$16138,$29205,$33999,$4495,$13868,$5697,$19565,$24060,$0,$0,$0,$9938,$33999,$0,$0,$0,$0,$0,$0,$0,$0,$0,$0,$0,$0,$0,$0,$0,$0,$0,$0,$0,$0,$0,$0,$0,$0,$0,$0,$0,$0,$0
14,2015-03-31,8.42,$0.00,0.0,$10.75,0.78,$0.06,137.11,$-0.24,0.0,$5.22B,$5.95B,0.88,$13.40B,$9.56B,1.4,$15.44B,$5.02B,32.48%,$15.44B,$1.28B,8.27%,$15.44B,$1.28B,8.27%,$15.44B,$1.81B,11.73%,$15.44B,$0.02B,0.10%,$15.44B,$-0.36B,-2.31%,$-0.36B,$9.56B,-3.27%,$-0.36B,$9.56B,-9.04%,$-0.36B,$34.42B,-0.97%,$1.28B,$22.97B,5.02%,$3314,$2296,$1018,$0,$0,$2976,$337,$-367,$-29,$102,$-132,$-132,$-149,$337,$337,$1489,1489,$-0.08,$-0.08,$929,$1205,$818,$5216,$13109,$0,$0,$16099,$29208,$34424,$5951,$13402,$5507,$18909,$24860,$0,$0,$0,$9564,$34424,$0,$0,$0,$0,$0,$0,$0,$0,$0,$0,$0,$0,$0,$0,$0,$0,$0,$0,$0,$0,$0,$0,$0,$0,$0,$0,$0,$0,$0
15,2014-12-31,9.06,$0.00,0.0,$11.14,0.81,$0.06,147.54,$-0.36,0.0,$5.34B,$6.03B,0.88,$16.42B,$11.14B,1.47,$15.72B,$4.98B,31.71%,$15.72B,$1.21B,7.69%,$15.72B,$1.21B,7.69%,$15.72B,$1.74B,11.08%,$15.72B,$-0.12B,-0.79%,$15.72B,$-0.50B,-3.19%,$-0.50B,$11.14B,-4.40%,$-0.50B,$-3.41B,-11.33%,$-0.50B,$38.73B,-1.33%,$1.21B,$27.57B,5.35%,$3838,$2664,$1174,$0,$1210,$3874,$-36,$-414,$-248,$-75,$-173,$-178,$-178,$1051,$-36,$1434,1434,$-0.13,$-0.13,$947,$1359,$670,$5336,$0,$1495,$14550,$0,$18129,$38725,$6033,$16424,$3638,$21550,$27583,$7924,$1638,$0,$11142,$38725,$-427,$1087,$0,$1087,$0,$0,$0,$0,$-159,$902,$-461,$0,$13,$0,$0,$0,$-52,$-501,$0,$0,$-835,$0,$0,$0,$187,$-649,$-195,$0,$0
16,2014-09-30,11.59,$0.00,0.0,$11.28,1.03,$-0.49,0.0,$-0.41,0.0,$5.34B,$4.95B,1.08,$13.84B,$0.00B,0.0,$15.75B,$4.96B,31.46%,$15.75B,$1.60B,10.13%,$15.75B,$1.60B,10.13%,$15.75B,$1.04B,6.62%,$15.75B,$-0.04B,-0.23%,$15.75B,$-0.58B,-3.67%,$-0.58B,$11.35B,-5.02%,$-0.58B,$11.35B,-12.17%,$-0.58B,$36.97B,-1.53%,$1.60B,$25.19B,7.17%,$4135,$2647,$1489,$0,$974,$3621,$515,$-322,$71,$146,$-75,$-106,$-106,$-38,$515,$1425,1425,$-0.07,$-0.07,$1004,$1322,$280,$5343,$0,$0,$0,$16765,$16765,$36968,$4952,$13844,$6826,$20670,$25622,$0,$0,$0,$11346,$36968,$0,$0,$0,$0,$0,$0,$0,$0,$0,$0,$0,$0,$0,$0,$0,$0,$0,$0,$0,$0,$0,$0,$0,$0,$0,$0,$0,$0,$0
17,2014-06-30,11.76,$0.00,0.0,$11.32,1.04,$-0.49,0.0,$-0.45,0.0,$5.19B,$4.73B,1.1,$14.42B,$11.65B,1.24,$15.64B,$4.77B,30.47%,$15.64B,$1.55B,9.89%,$15.64B,$1.55B,9.89%,$15.64B,$1.55B,9.89%,$15.64B,$-0.10B,-0.61%,$15.64B,$-0.63B,-4.01%,$-0.63B,$11.65B,-5.38%,$-0.63B,$-1.70B,-12.84%,$-0.63B,$37.66B,-1.66%,$1.55B,$26.08B,8.17%,$4154,$2819,$1335,$0,$874,$3693,$461,$-235,$221,$123,$98,$76,$76,$461,$461,$1411,1411,$0.05,$0.05,$736,$1359,$332,$5188,$0,$1625,$13355,$0,$16920,$37664,$4727,$14424,$5397,$21283,$26010,$7921,$1677,$0,$11654,$37664,$-183,$553,$0,$553,$0,$0,$0,$0,$0,$-269,$-78,$0,$13,$0,$0,$0,$-27,$-92,$0,$-193,$-193,$0,$0,$0,$195,$2,$-432,$0,$0
18,2014-03-31,10.8,$0.00,0.0,$11.30,0.96,$-0.70,0.0,$-0.62,0.0,$5.20B,$5.31B,0.98,$0.00B,$0.00B,0.0,$15.49B,$4.71B,30.40%,$15.49B,$1.43B,9.24%,$15.49B,$1.43B,9.24%,$15.49B,$1.72B,11.10%,$15.49B,$-0.29B,-1.84%,$15.49B,$-0.86B,-5.52%,$-0.86B,$11.44B,-7.23%,$-0.86B,$11.44B,-17.40%,$-0.86B,$37.85B,-2.25%,$1.43B,$11.44B,7.25%,$3591,$2605,$986,$0,$718,$3323,$268,$-436,$-168,$108,$-276,$-293,$-293,$268,$268,$1373,1373,$-0.21,$-0.21,$844,$1340,$878,$5204,$0,$0,$0,$17055,$17055,$37846,$5310,$0,$21093,$21093,$26403,$0,$0,$0,$11443,$37846,$0,$0,$0,$0,$0,$0,$0,$0,$0,$0,$0,$0,$0,$0,$0,$0,$0,$0,$0,$0,$0,$0,$0,$0,$0,$0,$0,$0,$0
19,2013-12-31,10.11,$0.00,0.0,$11.12,0.91,$-1.01,0.0,$-0.61,0.0,$5.42B,$4.68B,1.16,$14.68B,$11.64B,1.26,$15.22B,$4.64B,30.48%,$15.22B,$1.39B,9.15%,$15.22B,$1.39B,9.15%,$15.22B,$1.96B,12.88%,$15.22B,$-0.27B,-1.75%,$15.22B,$-0.84B,-5.54%,$-0.84B,$11.64B,-7.05%,$-0.84B,$-2.09B,-47.40%,$-0.84B,$38.95B,-2.24%,$1.39B,$26.32B,5.83%,$3872,$2726,$1146,$0,$795,$3522,$351,$-660,$-160,$81,$-241,$-255,$-255,$351,$351,$1372,1372,$-0.18,$-0.18,$1191,$1333,$307,$5420,$0,$1655,$13733,$0,$17377,$38946,$4676,$14681,$6509,$22628,$27303,$325,$2308,$0,$11643,$38946,$-754,$1135,$0,$1135,$0,$0,$0,$0,$-320,$100,$-437,$0,$99,$0,$0,$0,$-85,$-424,$0,$0,$466,$0,$0,$0,$-210,$256,$212,$0,$0
20,2013-09-30,9.56,$0.00,0.0,$11.01,0.87,$-0.77,0.0,$-0.78,0.0,$5.22B,$4.62B,1.13,$0.00B,$0.00B,0.0,$15.06B,$4.61B,30.65%,$15.06B,$1.33B,8.82%,$15.06B,$1.33B,8.82%,$15.06B,$1.90B,12.59%,$15.06B,$-0.33B,-2.17%,$15.06B,$-1.08B,-7.15%,$-1.08B,$11.88B,-8.96%,$-1.08B,$11.88B,-54.95%,$-1.08B,$36.97B,-2.91%,$1.33B,$11.88B,5.48%,$4022,$2724,$1298,$0,$831,$3556,$467,$-455,$11,$138,$-126,$-155,$-155,$467,$467,$1369,1369,$-0.11,$-0.11,$895,$1277,$325,$5223,$0,$0,$0,$16039,$16039,$36974,$4616,$0,$20481,$20481,$25097,$0,$0,$0,$11877,$36974,$0,$0,$0,$0,$0,$0,$0,$0,$0,$0,$0,$0,$0,$0,$0,$0,$0,$0,$0,$0,$0,$0,$0,$0,$0,$0,$0,$0,$0
21,2013-06-30,9.04,$0.00,0.0,$10.94,0.83,$-0.77,0.0,$-0.82,0.0,$5.27B,$4.61B,1.15,$17.03B,$12.33B,1.38,$14.93B,$4.51B,30.22%,$14.93B,$1.27B,8.51%,$14.93B,$1.27B,8.51%,$14.93B,$1.84B,12.32%,$14.93B,$-0.43B,-2.90%,$14.93B,$-1.13B,-7.53%,$-1.13B,$12.33B,-9.30%,$-1.13B,$-1.57B,-55.21%,$-1.13B,$38.07B,-3.00%,$1.27B,$29.36B,4.54%,$4006,$2725,$1280,$0,$935,$3660,$346,$-314,$32,$155,$-123,$-152,$-152,$633,$346,$1367,1367,$-0.11,$-0.11,$777,$1301,$417,$5274,$0,$1490,$13901,$0,$16448,$38072,$4605,$17029,$3152,$21136,$25741,$333,$306,$0,$12331,$38072,$-393,$569,$0,$569,$0,$0,$0,$0,$-539,$-537,$-88,$0,$91,$0,$0,$5,$-19,$-11,$0,$0,$261,$0,$0,$0,$34,$296,$-225,$0,$0
22,2013-03-31,10.04,$0.00,0.0,$10.86,0.92,$-0.31,0.0,$-0.85,0.0,$4.90B,$4.29B,1.14,$15.99B,$12.01B,1.33,$14.79B,$4.39B,29.69%,$14.79B,$1.27B,8.62%,$14.79B,$1.27B,8.62%,$14.79B,$1.56B,10.52%,$14.79B,$-0.60B,-4.08%,$14.79B,$-1.16B,-7.84%,$-1.16B,$12.01B,-9.67%,$-1.16B,$-1.10B,-21.41%,$-1.16B,$36.38B,-3.09%,$1.27B,$28.00B,4.66%,$3319,$2404,$915,$0,$687,$3091,$228,$-369,$-150,$114,$-265,$-281,$-281,$509,$228,$1365,1365,$-0.21,$-0.21,$797,$1279,$429,$4899,$0,$1520,$13111,$0,$15622,$36383,$4285,$15992,$3121,$20091,$24375,$328,$857,$0,$12008,$36383,$-265,$281,$0,$281,$0,$0,$0,$0,$-250,$-392,$-31,$0,$16,$0,$0,$0,$-3,$-18,$0,$0,$343,$0,$0,$0,$-93,$249,$-190,$0,$0
23,2012-12-31,8.11,$0.00,0.0,$10.63,0.76,$0.00,0.0,$-0.66,0.0,$4.82B,$4.09B,1.18,$15.83B,$11.84B,1.34,$14.97B,$4.42B,29.50%,$14.97B,$1.29B,8.59%,$14.97B,$1.29B,8.59%,$14.97B,$1.29B,8.59%,$14.97B,$-0.39B,-2.60%,$14.97B,$-0.91B,-6.04%,$-0.91B,$11.84B,-7.51%,$-0.91B,$-1.36B,-10.34%,$-0.91B,$36.43B,-2.36%,$1.29B,$27.67B,4.73%,$3709,$2588,$1121,$0,$834,$3422,$287,$-530,$-220,$197,$-417,$-489,$-489,$287,$287,$1367,1367,$-0.35,$-0.35,$950,$1255,$336,$4819,$0,$607,$13205,$654,$15460,$36434,$4094,$15825,$3696,$20500,$24593,$315,$825,$0,$11841,$36434,$-854,$1308,$0,$1308,$0,$0,$0,$0,$-156,$428,$-426,$0,$-68,$0,$0,$357,$-33,$-170,$0,$0,$-1188,$0,$947,$0,$-142,$-383,$-278,$0,$0
24,2012-09-30,6.85,$0.00,0.0,$10.70,0.64,$1.18,5.8,$-0.41,0.0,$5.07B,$4.25B,1.19,$14.81B,$0.00B,0.0,$14.97B,$4.22B,28.16%,$14.97B,$1.10B,7.33%,$14.97B,$1.10B,7.33%,$14.97B,$1.10B,7.33%,$14.97B,$-0.29B,-1.92%,$14.97B,$-0.56B,-3.76%,$-0.56B,$12.19B,-4.24%,$-0.56B,$12.19B,-6.01%,$-0.56B,$39.03B,-1.40%,$1.10B,$27.00B,3.75%,$3899,$2702,$1197,$0,$787,$3489,$410,$-505,$-95,$123,$-218,$-203,$-203,$410,$410,$1359,1359,$-0.15,$-0.15,$785,$1288,$817,$5073,$0,$0,$0,$17446,$17446,$39029,$4250,$14808,$7784,$22592,$26842,$0,$0,$0,$12188,$39029,$0,$0,$0,$0,$0,$0,$0,$0,$0,$0,$0,$0,$0,$0,$0,$0,$0,$0,$0,$0,$0,$0,$0,$0,$0,$0,$0,$0,$0
25,2012-06-30,5.53,$0.00,0.0,$10.85,0.51,$1.18,4.69,$-0.89,0.0,$4.93B,$4.02B,1.23,$14.85B,$0.00B,0.0,$15.04B,$4.20B,27.96%,$15.04B,$0.99B,6.60%,$15.04B,$0.99B,6.60%,$15.04B,$0.99B,6.60%,$15.04B,$-0.90B,-5.96%,$15.04B,$-1.18B,-7.86%,$-1.18B,$11.95B,-8.38%,$-1.18B,$11.95B,-11.61%,$-1.18B,$38.39B,-2.91%,$0.99B,$26.80B,3.77%,$3861,$2705,$1157,$0,$808,$3512,$349,$-487,$-138,$55,$-193,$-187,$-187,$349,$349,$1356,1356,$-0.14,$-0.14,$625,$1305,$832,$4931,$0,$0,$0,$16898,$16898,$38390,$4015,$14851,$7574,$22424,$26440,$0,$0,$0,$11950,$38390,$0,$0,$0,$0,$0,$0,$0,$0,$0,$0,$0,$0,$0,$0,$0,$0,$0,$0,$0,$0,$0,$0,$0,$0,$0,$0,$0,$0,$0
26,2012-03-31,6.38,$0.00,0.0,$11.11,0.57,$1.18,5.4,$-0.97,0.0,$5.26B,$4.53B,1.16,$15.03B,$0.00B,0.0,$15.27B,$4.20B,27.51%,$15.27B,$0.90B,5.90%,$15.27B,$0.90B,5.90%,$15.27B,$0.90B,5.90%,$15.27B,$-1.05B,-6.87%,$15.27B,$-1.29B,-8.44%,$-1.29B,$12.23B,-8.39%,$-1.29B,$12.23B,-11.27%,$-1.29B,$39.61B,-3.10%,$0.90B,$27.26B,3.77%,$3503,$2561,$941,$0,$701,$3262,$240,$-177,$63,$89,$-25,$-26,$-26,$240,$240,$1592,1592,$-0.02,$-0.02,$1008,$1318,$872,$5260,$0,$0,$0,$17199,$17199,$39612,$4531,$15028,$7825,$22853,$27384,$0,$0,$0,$12228,$39612,$0,$0,$0,$0,$0,$0,$0,$0,$0,$0,$0,$0,$0,$0,$0,$0,$0,$0,$0,$0,$0,$0,$0,$0,$0,$0,$0,$0,$0
27,2011-12-31,4.26,$0.00,0.0,$11.54,0.37,$1.22,3.49,$-1.17,0.0,$4.77B,$4.59B,1.04,$19.07B,$16.81B,1.13,$15.15B,$4.22B,27.87%,$15.15B,$0.83B,5.50%,$15.15B,$0.83B,5.50%,$15.15B,$1.18B,7.78%,$15.15B,$-1.28B,-8.48%,$15.15B,$-1.54B,-10.16%,$-1.54B,$16.81B,-9.27%,$-1.54B,$1.09B,-16.81%,$-1.54B,$44.36B,-3.65%,$0.83B,$35.87B,3.26%,$3706,$2786,$920,$0,$822,$3608,$98,$-351,$-117,$80,$-197,$-147,$-147,$98,$98,$1331,1331,$-0.11,$-0.11,$1305,$1419,$271,$4769,$0,$893,$15712,$701,$19706,$44357,$4585,$19065,$2685,$22967,$27551,$335,$4778,$0,$16806,$44357,$-1550,$1385,$0,$1385,$0,$0,$0,$0,$188,$1829,$-259,$0,$100,$0,$0,$0,$38,$-121,$0,$0,$461,$0,$1,$0,$-1407,$-944,$629,$0,$0
28,2011-09-30,2.5,$0.00,0.0,$11.41,0.22,$1.07,2.33,$-1.49,0.0,$4.29B,$4.05B,1.06,$0.00B,$15.43B,0.0,$14.93B,$4.19B,28.08%,$14.93B,$0.86B,5.73%,$14.93B,$0.86B,5.73%,$14.93B,$1.57B,10.49%,$14.93B,$-1.52B,-10.14%,$14.93B,$-1.97B,-13.21%,$-1.97B,$15.43B,-11.87%,$-1.97B,$15.43B,-20.48%,$-1.97B,$39.95B,-4.78%,$0.86B,$15.43B,3.46%,$3967,$2781,$1186,$0,$881,$3662,$305,$-1009,$-704,$111,$-815,$-822,$-822,$305,$305,$1316,1316,$-0.62,$-0.62,$736,$1309,$304,$4293,$0,$0,$0,$17780,$17780,$39945,$4054,$0,$20456,$20456,$24510,$0,$0,$0,$15434,$39945,$0,$0,$0,$0,$0,$0,$0,$0,$0,$0,$0,$0,$0,$0,$0,$0,$0,$0,$0,$0,$0,$0,$0,$0,$0,$0,$0,$0,$0
29,2011-06-30,6.8,$0.00,0.0,$11.25,0.6,$1.90,3.57,$-0.94,0.0,$4.67B,$4.17B,1.12,$0.00B,$0.00B,0.0,$14.73B,$4.10B,27.86%,$14.73B,$0.84B,5.67%,$14.73B,$0.84B,5.67%,$14.73B,$1.55B,10.49%,$14.73B,$-0.90B,-6.09%,$14.73B,$-1.24B,-8.42%,$-1.24B,$16.98B,-7.21%,$-1.24B,$16.98B,-12.15%,$-1.24B,$42.39B,-2.94%,$0.84B,$16.98B,3.30%,$4091,$2938,$1153,$0,$895,$3833,$258,$-549,$-291,$-13,$-278,$-294,$-294,$258,$258,$1317,1317,$-0.22,$-0.22,$675,$1387,$1190,$4671,$0,$0,$0,$18740,$18740,$42387,$4165,$0,$21242,$21242,$25407,$0,$0,$0,$16980,$42387,$0,$0,$0,$0,$0,$0,$0,$0,$0,$0,$0,$0,$0,$0,$0,$0,$0,$0,$0,$0,$0,$0,$0,$0,$0,$0,$0,$0,$0
30,2011-03-31,7.06,$0.00,0.0,$10.85,0.65,$1.90,3.71,$-0.94,0.0,$4.70B,$4.08B,1.15,$16.76B,$17.16B,0.98,$14.40B,$4.08B,28.32%,$14.40B,$0.87B,6.05%,$14.40B,$0.87B,6.05%,$14.40B,$1.58B,10.99%,$14.40B,$-0.85B,-5.87%,$14.40B,$-1.25B,-8.69%,$-1.25B,$17.16B,-7.22%,$-1.25B,$3.12B,-12.11%,$-1.25B,$42.10B,-2.96%,$0.87B,$33.92B,3.43%,$3384,$2421,$963,$0,$791,$3212,$172,$-344,$-172,$88,$-260,$-276,$-276,$518,$172,$1286,1286,$-0.21,$-0.21,$647,$1338,$1431,$4699,$0,$1009,$14035,$1605,$18680,$42104,$4076,$16761,$2743,$20872,$24948,$343,$4620,$0,$17156,$42104,$-278,$346,$0,$346,$0,$0,$0,$0,$-311,$73,$-21,$0,$0,$0,$0,$0,$-19,$-40,$0,$0,$234,$0,$0,$0,$-263,$-28,$-45,$0,$0
31,2010-12-31,8.14,$0.00,0.0,$10.54,0.77,$1.86,4.36,$-0.99,0.0,$4.32B,$4.37B,0.99,$15.62B,$16.93B,0.92,$14.06B,$3.94B,27.99%,$14.06B,$0.85B,6.03%,$14.06B,$0.85B,6.03%,$14.06B,$1.21B,8.63%,$14.06B,$-0.91B,-6.44%,$14.06B,$-1.32B,-9.37%,$-1.32B,$16.93B,-7.37%,$-1.32B,$3.00B,-9.15%,$-1.32B,$40.80B,-3.06%,$0.85B,$32.54B,3.89%,$3492,$2601,$891,$0,$769,$3371,$121,$-476,$-348,$227,$-574,$-581,$-581,$486,$121,$1316,1316,$-0.43,$-0.43,$662,$1231,$1463,$4322,$0,$690,$13926,$1145,$18142,$40796,$4365,$15617,$2530,$19505,$23871,$327,$5011,$0,$16925,$40796,$-1306,$1463,$0,$1463,$0,$0,$0,$0,$8,$1730,$-374,$0,$93,$0,$0,$0,$134,$-147,$0,$0,$-762,$0,$0,$0,$-1170,$-1931,$-455,$0,$0
32,2010-09-30,6.46,$0.00,0.0,$10.51,0.61,$2.42,2.66,$-0.71,0.0,$4.99B,$4.65B,1.07,$0.00B,$1.61B,0.0,$14.01B,$4.53B,32.32%,$14.01B,$1.57B,11.20%,$14.01B,$1.57B,11.20%,$14.01B,$1.57B,11.20%,$14.01B,$-1.00B,-7.11%,$14.01B,$-0.95B,-6.78%,$-0.95B,$17.71B,-5.15%,$-0.95B,$17.71B,-6.75%,$-0.95B,$43.63B,-2.17%,$1.57B,$17.71B,7.06%,$3765,$2669,$1097,$0,$812,$3481,$284,$-370,$-86,$8,$-94,$-89,$-89,$284,$284,$1316,1316,$-0.07,$-0.07,$838,$1390,$1533,$4990,$0,$0,$0,$19823,$19823,$43632,$4650,$0,$21269,$21269,$25919,$0,$0,$0,$17713,$43632,$-726,$1099,$0,$1099,$0,$0,$0,$0,$-327,$1162,$-63,$0,$0,$0,$0,$0,$-140,$-202,$0,$0,$-460,$0,$0,$0,$-935,$-1394,$-278,$0,$0
33,2010-06-30,7.35,$0.00,0.0,$10.87,0.68,$1.59,4.62,$-0.54,0.0,$4.65B,$3.99B,1.16,$0.00B,$0.00B,0.0,$14.47B,$4.75B,32.86%,$14.47B,$1.70B,11.72%,$14.47B,$1.70B,11.72%,$14.47B,$1.70B,11.72%,$14.47B,$-0.82B,-5.69%,$14.47B,$-0.73B,-5.03%,$-0.73B,$17.53B,-4.04%,$-0.73B,$17.53B,-5.33%,$-0.73B,$42.84B,-1.65%,$1.70B,$17.53B,7.79%,$3762,$2634,$1128,$0,$834,$3468,$295,$-534,$-239,$35,$-274,$-306,$-306,$295,$295,$1314,1390,$-0.24,$-0.22,$748,$1344,$243,$4646,$0,$0,$0,$19793,$19793,$42837,$3994,$0,$21312,$21312,$25306,$0,$0,$0,$17531,$42837,$0,$0,$0,$0,$0,$0,$0,$0,$0,$0,$0,$0,$0,$0,$0,$0,$0,$0,$0,$0,$0,$0,$0,$0,$0,$0,$0,$0,$0
34,2010-03-31,7.46,$0.00,0.0,$12.05,0.62,$1.59,4.69,$-0.15,0.0,$5.07B,$4.06B,1.25,$0.00B,$0.00B,0.0,$14.89B,$4.91B,32.94%,$14.89B,$1.81B,12.17%,$14.89B,$1.81B,12.17%,$14.89B,$1.81B,12.17%,$14.89B,$-0.40B,-2.65%,$14.89B,$-0.23B,-1.57%,$-0.23B,$19.38B,-1.37%,$-0.23B,$19.38B,-1.84%,$-0.23B,$45.00B,-0.52%,$1.81B,$19.38B,8.69%,$3043,$2223,$820,$0,$671,$2894,$148,$-380,$-232,$86,$-318,$-342,$-342,$148,$148,$1313,1313,$-0.26,$-0.26,$1467,$1401,$289,$5073,$0,$0,$0,$20553,$20553,$44997,$4060,$0,$21555,$21555,$25616,$0,$0,$0,$19381,$44997,$0,$0,$0,$0,$0,$0,$0,$0,$0,$0,$0,$0,$0,$0,$0,$0,$0,$0,$0,$0,$0,$0,$0,$0,$0,$0,$0,$0,$0
35,2009-12-31,8.64,$0.00,0.0,$12.89,0.67,$1.59,5.43,$0.12,73.88,$4.22B,$3.66B,1.15,$15.14B,$19.14B,0.79,$15.51B,$5.13B,33.08%,$15.51B,$1.99B,12.83%,$15.51B,$1.99B,12.83%,$15.51B,$1.99B,12.83%,$15.51B,$-0.35B,-2.22%,$15.51B,$0.11B,0.72%,$0.11B,$19.14B,0.71%,$0.11B,$1.71B,0.99%,$0.11B,$43.26B,0.25%,$1.99B,$34.28B,10.27%,$3444,$1959,$1485,$0,$643,$2602,$842,$-469,$-440,$-574,$134,$265,$-213,$842,$842,$1313,1313,$-0.16,$-0.16,$1048,$1277,$204,$4218,$0,$2388,$17424,$0,$19812,$43264,$3657,$15139,$2906,$20470,$24126,$307,$6127,$0,$19137,$43264,$440,$1509,$76,$1585,$0,$0,$0,$0,$-193,$2582,$-494,$0,$1532,$0,$0,$0,$-613,$425,$0,$0,$-2661,$0,$1780,$0,$-1879,$-2760,$89,$0,$0
36,2009-09-30,9.44,$0.00,0.0,$14.30,0.66,$0.82,11.45,$-0.36,0.0,$4.66B,$4.16B,1.12,$0.00B,$0.00B,0.0,$16.53B,$4.90B,29.62%,$16.53B,$1.38B,8.33%,$16.53B,$1.38B,8.33%,$16.53B,$1.38B,8.33%,$16.53B,$-3.08B,-18.66%,$16.53B,$-0.38B,-2.32%,$-0.38B,$15.89B,-2.53%,$-0.38B,$15.89B,-3.91%,$-0.38B,$45.54B,-0.80%,$1.38B,$15.89B,7.31%,$4217,$2897,$1320,$0,$909,$3806,$411,$-323,$88,$-26,$113,$134,$134,$411,$411,$1308,1308,$0.10,$0.10,$488,$1459,$208,$4655,$0,$0,$0,$20076,$20076,$45537,$4161,$0,$22116,$25485,$29646,$0,$0,$0,$15891,$45537,$0,$0,$0,$0,$0,$0,$0,$0,$0,$0,$0,$0,$0,$0,$0,$0,$0,$0,$0,$0,$0,$0,$0,$0,$0,$0,$0,$0,$0
37,2009-06-30,6.82,$0.00,0.0,$17.02,0.4,$0.82,8.28,$-0.27,0.0,$5.02B,$9.51B,0.53,$0.00B,$0.00B,0.0,$18.16B,$5.57B,30.65%,$18.16B,$1.85B,10.17%,$18.16B,$1.85B,10.17%,$18.16B,$1.85B,10.17%,$18.16B,$-3.00B,-16.53%,$18.16B,$-0.33B,-1.82%,$-0.33B,$13.90B,-2.18%,$-0.33B,$13.90B,-3.38%,$-0.33B,$45.45B,-0.67%,$1.85B,$13.90B,9.82%,$4188,$2907,$1281,$0,$871,$3777,$411,$-222,$189,$4,$185,$187,$187,$411,$411,$1077,1077,$0.18,$0.18,$978,$1509,$262,$5016,$0,$0,$0,$19694,$19694,$45450,$9514,$0,$18713,$22034,$31548,$0,$0,$0,$13903,$45450,$0,$0,$0,$0,$0,$0,$0,$0,$0,$0,$0,$0,$0,$0,$0,$0,$0,$0,$0,$0,$0,$0,$0,$0,$0,$0,$0,$0,$0
38,2009-03-31,4.39,$0.00,0.0,$19.06,0.23,$0.82,5.33,$-0.04,0.0,$4.72B,$8.03B,0.59,$0.00B,$0.00B,0.0,$20.32B,$6.39B,31.44%,$20.32B,$2.34B,11.49%,$20.32B,$2.34B,11.49%,$20.32B,$2.34B,11.49%,$20.32B,$-2.68B,-13.18%,$20.32B,$-0.07B,-0.36%,$-0.07B,$13.41B,-0.46%,$-0.07B,$13.41B,-0.70%,$-0.07B,$44.13B,-0.14%,$2.34B,$13.41B,12.00%,$3660,$2615,$1045,$0,$719,$3334,$326,$-507,$-182,$-190,$8,$3,$3,$326,$326,$1161,1161,$0.00,$0.00,$767,$1504,$276,$4719,$0,$0,$0,$19629,$19629,$44131,$8031,$0,$19448,$22694,$30725,$0,$0,$0,$13406,$44131,$0,$0,$0,$0,$0,$0,$0,$0,$0,$0,$0,$0,$0,$0,$0,$0,$0,$0,$0,$0,$0,$0,$0,$0,$0,$0,$0,$0,$0
39,2008-12-31,6.42,$0.00,0.0,$20.99,0.31,$0.82,7.79,$0.41,15.76,$6.21B,$13.90B,0.45,$14.82B,$17.35B,0.85,$22.06B,$6.94B,31.44%,$22.06B,$2.47B,11.19%,$22.06B,$2.47B,11.19%,$22.06B,$2.47B,11.19%,$22.06B,$-1.93B,-8.77%,$22.06B,$0.39B,1.79%,$0.39B,$17.35B,2.41%,$0.39B,$-4.01B,3.58%,$0.39B,$56.75B,0.75%,$2.47B,$32.17B,12.33%,$4466,$3216,$1250,$0,$1020,$4236,$229,$-3538,$-3179,$-2336,$-843,$-707,$-707,$229,$229,$1106,1106,$-0.64,$-0.64,$1238,$2035,$365,$6206,$0,$3534,$21361,$0,$24895,$56750,$13899,$14817,$2944,$25498,$39397,$375,$10385,$0,$17353,$56750,$207,$1899,$0,$1899,$0,$0,$0,$0,$113,$2846,$-1934,$0,$987,$0,$0,$260,$-385,$-1071,$0,$-338,$-164,$0,$618,$-638,$-989,$-1510,$449,$0,$0
40,2008-09-30,12.1,$0.00,0.0,$22.41,0.54,$2.06,5.87,$1.55,7.79,$6.33B,$8.21B,0.77,$0.00B,$0.00B,0.0,$23.40B,$7.04B,30.07%,$23.40B,$2.26B,9.68%,$23.40B,$2.26B,9.68%,$23.40B,$2.26B,9.68%,$23.40B,$2.00B,8.56%,$23.40B,$1.64B,7.00%,$1.64B,$15.76B,10.41%,$1.64B,$15.76B,14.62%,$1.64B,$49.52B,3.24%,$2.26B,$15.76B,11.37%,$5850,$3857,$1992,$0,$1112,$4969,$881,$-649,$169,$16,$154,$187,$187,$881,$881,$984,984,$0.19,$0.19,$1390,$1892,$191,$6329,$0,$0,$0,$20672,$20672,$49520,$8213,$0,$21088,$25550,$33763,$0,$0,$0,$15756,$49520,$0,$0,$0,$0,$0,$0,$0,$0,$0,$0,$0,$0,$0,$0,$0,$0,$0,$0,$0,$0,$0,$0,$0,$0,$0,$0,$0,$0,$0
41,2008-06-30,17.35,$0.00,0.0,$22.18,0.78,$2.06,8.41,$2.09,8.29,$6.13B,$8.21B,0.75,$0.00B,$0.00B,0.0,$23.65B,$7.06B,29.86%,$23.65B,$2.32B,9.82%,$23.65B,$2.32B,9.82%,$23.65B,$2.32B,9.82%,$23.65B,$2.77B,11.69%,$23.65B,$2.23B,9.44%,$2.23B,$16.50B,14.24%,$2.23B,$16.50B,20.05%,$2.23B,$51.92B,4.43%,$2.32B,$16.50B,11.72%,$6348,$4245,$2103,$0,$1204,$5449,$899,$-384,$514,$84,$430,$444,$444,$899,$899,$1071,1071,$0.42,$0.42,$712,$2065,$248,$6129,$0,$0,$0,$20861,$20861,$51915,$8207,$0,$22363,$27209,$35415,$0,$0,$0,$16499,$51915,$0,$0,$0,$0,$0,$0,$0,$0,$0,$0,$0,$0,$0,$0,$0,$0,$0,$0,$0,$0,$0,$0,$0,$0,$0,$0,$0,$0,$0
42,2008-03-31,17.84,$0.00,0.0,$20.94,0.85,$2.06,8.65,$2.26,7.89,$6.01B,$9.57B,0.63,$0.00B,$0.00B,0.0,$22.21B,$6.71B,30.19%,$22.21B,$2.23B,10.04%,$22.21B,$2.23B,10.04%,$22.21B,$2.23B,10.04%,$22.21B,$2.99B,13.47%,$22.21B,$2.40B,10.80%,$2.40B,$15.73B,15.97%,$2.40B,$15.73B,22.88%,$2.40B,$51.06B,4.95%,$2.23B,$15.73B,11.63%,$5400,$3807,$1593,$0,$1132,$4939,$461,$101,$562,$92,$471,$470,$470,$461,$461,$1062,1062,$0.44,$0.44,$713,$1995,$534,$6008,$0,$0,$0,$20478,$20478,$51062,$9566,$0,$21895,$25762,$35327,$0,$0,$0,$15734,$51062,$0,$0,$0,$0,$0,$0,$0,$0,$0,$0,$0,$0,$0,$0,$0,$0,$0,$0,$0,$0,$0,$0,$0,$0,$0,$0,$0,$0,$0
43,2007-12-31,17.66,$0.00,0.0,$19.98,0.88,$2.06,8.56,$2.21,8.0,$5.63B,$7.67B,0.73,$16.62B,$15.01B,1.11,$21.12B,$6.61B,31.29%,$21.12B,$2.33B,11.02%,$21.12B,$2.33B,11.02%,$21.12B,$2.33B,11.02%,$21.12B,$2.92B,13.83%,$21.12B,$2.33B,11.03%,$2.33B,$15.01B,16.21%,$2.33B,$-3.14B,23.69%,$2.33B,$49.89B,5.40%,$2.33B,$31.63B,12.56%,$5800,$4452,$1348,$0,$1324,$5777,$23,$76,$758,$62,$696,$538,$538,$23,$23,$1064,1064,$0.51,$0.51,$798,$1806,$220,$5634,$0,$1983,$18154,$0,$20137,$49893,$7672,$16620,$2191,$27210,$34881,$379,$6400,$0,$15011,$49893,$2402,$1625,$0,$1625,$0,$0,$0,$0,$158,$4198,$-2004,$0,$-13493,$0,$0,$-1360,$-237,$-17093,$0,$0,$12056,$0,$603,$-611,$-57,$11992,$-904,$0,$0
44,2007-09-30,20.44,$0.00,0.0,$18.86,1.08,$2.61,7.82,$2.07,9.89,$6.78B,$6.70B,1.01,$0.00B,$0.00B,0.0,$19.79B,$6.44B,32.54%,$19.79B,$2.53B,12.77%,$19.79B,$2.53B,12.77%,$19.79B,$2.53B,12.77%,$19.79B,$2.74B,13.83%,$19.79B,$2.17B,10.96%,$2.17B,$15.45B,15.70%,$2.17B,$15.45B,17.61%,$2.17B,$48.71B,5.69%,$2.53B,$15.45B,16.44%,$6101,$4084,$2017,$0,$1078,$5161,$940,$-9,$931,$163,$768,$780,$780,$940,$940,$1067,1067,$0.73,$0.73,$1281,$1748,$396,$6776,$0,$0,$0,$20400,$20400,$48713,$6700,$0,$22829,$26566,$33267,$0,$0,$0,$15447,$48713,$0,$0,$0,$0,$0,$0,$0,$0,$0,$0,$0,$0,$0,$0,$0,$0,$0,$0,$0,$0,$0,$0,$0,$0,$0,$0,$0,$0,$0
45,2007-06-30,25.2,$0.00,0.0,$17.64,1.43,$2.61,9.65,$2.14,11.76,$6.82B,$16.43B,0.42,$0.00B,$0.00B,0.0,$18.34B,$6.17B,33.63%,$18.34B,$2.41B,13.13%,$18.34B,$2.41B,13.13%,$18.34B,$2.41B,13.13%,$18.34B,$2.79B,15.21%,$18.34B,$2.22B,12.13%,$2.22B,$13.90B,17.17%,$2.22B,$13.90B,19.41%,$2.22B,$44.22B,6.76%,$2.41B,$13.90B,16.59%,$4913,$3165,$1748,$0,$942,$4107,$806,$-64,$742,$130,$612,$611,$611,$806,$806,$1048,1048,$0.58,$0.58,$2374,$1354,$214,$6821,$0,$0,$0,$19803,$19803,$44217,$16427,$0,$10258,$13891,$30318,$0,$0,$0,$13899,$44217,$0,$0,$0,$0,$0,$0,$0,$0,$0,$0,$0,$0,$0,$0,$0,$0,$0,$0,$0,$0,$0,$0,$0,$0,$0,$0,$0,$0,$0
46,2007-03-31,21.89,$0.00,0.0,$17.49,1.25,$2.61,8.38,$2.13,10.28,$5.01B,$3.95B,1.27,$0.00B,$0.00B,0.0,$18.04B,$6.17B,34.22%,$18.04B,$2.46B,13.66%,$18.04B,$2.46B,13.66%,$18.04B,$2.46B,13.66%,$18.04B,$2.73B,15.14%,$18.04B,$2.19B,12.15%,$2.19B,$13.12B,17.91%,$2.19B,$13.12B,20.41%,$2.19B,$29.73B,7.61%,$2.46B,$13.12B,17.86%,$4301,$2807,$1494,$0,$936,$3743,$558,$-68,$490,$87,$403,$400,$400,$558,$558,$1043,1043,$0.39,$0.39,$1188,$1323,$191,$5011,$0,$0,$0,$7546,$7546,$29728,$3953,$0,$10030,$12658,$16610,$0,$0,$0,$13118,$29728,$0,$0,$0,$0,$0,$0,$0,$0,$0,$0,$0,$0,$0,$0,$0,$0,$0,$0,$0,$0,$0,$0,$0,$0,$0,$0,$0,$0,$0
47,2006-12-31,22.64,$0.00,0.0,$17.28,1.31,$2.61,8.67,$2.25,10.07,$5.13B,$4.41B,1.16,$6.25B,$12.78B,0.49,$17.67B,$6.09B,34.49%,$17.67B,$2.46B,13.93%,$17.67B,$2.46B,13.93%,$17.67B,$2.46B,13.93%,$17.67B,$2.85B,16.13%,$17.67B,$2.30B,13.00%,$2.30B,$12.78B,19.95%,$2.30B,$6.79B,22.93%,$2.30B,$29.78B,8.15%,$2.46B,$19.03B,18.83%,$4474,$3293,$1181,$0,$958,$4250,$224,$-116,$573,$117,$455,$377,$377,$224,$224,$1032,1032,$0.37,$0.37,$1569,$1185,$191,$5128,$0,$1584,$5982,$0,$7567,$29780,$4408,$6249,$1884,$12595,$17003,$364,$12971,$0,$12777,$29780,$2363,$1184,$0,$1184,$0,$0,$0,$0,$278,$4058,$-1363,$0,$251,$0,$0,$-691,$-230,$-2034,$0,$0,$-2650,$0,$1406,$0,$147,$-1096,$928,$0,$0
