,Date,Stock Price,Book Value per Share,Price to Book Ratio,TTM Sales per Share,Price to Sales Ratio,TTM FCF per Share,Price to FCF Ratio,TTM Net EPS,PE Ratio,Current Assets,Current Liabilities,Current Ratio,Long Term Debt,Shareholder's Equity_x,Debt to Equity Ratio,TTM Revenue_x,TTM Gross Profit,Gross Margin,TTM Revenue_y,TTM Operating Income,Operating Margin,TTM Revenue_x,TTM EBIT,EBIT Margin,TTM Revenue_y,TTM EBITDA,EBITDA Margin,TTM Revenue_x,TTM Pre-Tax Income,Pre-Tax Margin,TTM Revenue_y,TTM Net Income_x,Net Margin,TTM Net Income_y,Shareholder's Equity_y,Return on Equity,TTM Net Income_x,Tangible Equity,Return on Tangible Equity,TTM Net Income_y,Total Assets,Return on Assets,TTM Net Income,LT Investments & Debt,Return on Investment,revenue,cost-goods-sold,gross-profit,research-development-expenses,selling-general-administrative-expenses,operating-expenses,operating-income,total-non-operating-income-expense,pre-tax-income,total-provision-income-taxes,income-after-taxes,income-from-continuous-operations,net-income,ebitda,ebit,basic-shares-outstanding,shares-outstanding,eps-basic-net-earnings-per-share,eps-earnings-per-share-diluted,cash-on-hand,inventory,other-current-assets,total-current-assets,net-property-plant-equipment,long-term-investments,goodwill-intangible-assets-total,other-long-term-assets,total-long-term-assets,total-assets,total-current-liabilities,long-term-debt,other-non-current-liabilities,total-long-term-liabilities,total-liabilities,common-stock-net,retained-earnings-accumulated-deficit,comprehensive-income,total-share-holder-equity,total-liabilities-share-holders-equity,net-income-loss,total-depreciation-amortization-cash-flow,other-non-cash-items,total-non-cash-items,change-in-accounts-receivable,change-in-inventories,change-in-accounts-payable,change-in-assets-liabilities,total-change-in-assets-liabilities,cash-flow-from-operating-activities,net-change-in-property-plant-equipment,net-change-in-intangible-assets,net-acquisitions-divestitures,net-change-in-short-term-investments,net-change-in-long-term-investments,net-change-in-investments-total,investing-activities-other,cash-flow-from-investing-activities,net-long-term-debt,net-current-debt,debt-issuance-retirement-net-total,net-common-equity-issued-repurchased,net-total-equity-issued-repurchased,total-common-preferred-stock-dividends-paid,financial-activities-other,cash-flow-from-financial-activities,net-cash-flow,stock-based-compensation,common-stock-dividends-paid
0,2018-09-30,3.6,$14.53,0.25,$27.01,0.13,$-18.07,0.0,$0.80,4.5,$1.30B,$1.49B,0.88,$0.13B,$0.73B,0.17,$1.35B,$0.25B,18.34%,$1.35B,$0.16B,11.46%,$1.35B,$0.16B,11.46%,$1.35B,$0.16B,11.46%,$1.35B,$0.12B,9.02%,$1.35B,$0.03B,2.00%,$0.03B,$0.73B,3.65%,$0.03B,$0.70B,3.81%,$0.03B,$2.65B,1.03%,$0.16B,$0.86B,17.83%,$297,$250,$47,$23,$11,$284,$13,$-8,$5,$-4,$9,$9,$7,$13,$13,$51,51,$0.13,$0.13,$387,$567,$7,$1302,$787,$0,$30,$1,$1348,$2650,$1488,$127,$104,$429,$1917,$0,$704,$-57,$733,$2650,$0,$0,$0,$0,$0,$0,$0,$0,$0,$116,$-431,$0,$0,$281,$12,$293,$132,$-6,$-37,$0,$-37,$0,$0,$0,$14,$-23,$67,$0,$0
1,2018-06-30,3.3,$14.96,0.22,$27.45,0.12,$-15.79,0.0,$0.60,5.5,$1.39B,$1.57B,0.89,$0.13B,$0.75B,0.18,$1.37B,$0.25B,18.16%,$1.37B,$0.17B,12.30%,$1.37B,$0.17B,12.30%,$1.37B,$0.17B,12.30%,$1.37B,$0.13B,9.81%,$1.37B,$0.03B,2.27%,$0.03B,$0.75B,4.21%,$0.03B,$0.72B,4.39%,$0.03B,$2.76B,1.22%,$0.17B,$0.88B,19.48%,$317,$261,$56,$5,$15,$281,$36,$-3,$33,$5,$27,$27,$21,$36,$36,$50,50,$0.41,$0.41,$336,$550,$113,$1393,$814,$0,$31,$523,$1368,$2761,$1567,$132,$106,$442,$2009,$0,$695,$-29,$752,$2761,$0,$0,$0,$0,$0,$0,$0,$0,$0,$153,$-335,$0,$0,$178,$-4,$174,$71,$-90,$-117,$0,$-117,$0,$0,$0,$76,$-41,$16,$0,$0
2,2018-03-31,4.25,$15.32,0.28,$27.47,0.15,$-14.49,0.0,$0.62,6.85,$1.42B,$1.31B,1.08,$0.15B,$0.76B,0.19,$1.36B,$0.26B,18.71%,$1.36B,$0.18B,12.91%,$1.36B,$0.18B,12.91%,$1.36B,$0.18B,12.91%,$1.36B,$0.13B,9.76%,$1.36B,$0.03B,2.27%,$0.03B,$0.76B,4.30%,$0.03B,$0.73B,4.48%,$0.03B,$2.54B,1.28%,$0.18B,$0.91B,20.39%,$310,$257,$54,$5,$10,$272,$39,$-14,$25,$6,$19,$19,$14,$39,$39,$50,50,$0.29,$0.29,$221,$557,$344,$1424,$844,$0,$33,$238,$1115,$2539,$1314,$146,$112,$464,$1778,$0,$668,$11,$762,$2539,$0,$0,$0,$0,$0,$0,$0,$0,$0,$28,$-64,$0,$0,$-44,$0,$-44,$67,$-41,$-96,$0,$-96,$0,$0,$0,$0,$-96,$-99,$0,$0
3,2017-12-31,4.6,$14.33,0.32,$26.03,0.18,$-21.36,0.0,$0.48,9.58,$1.47B,$1.41B,1.04,$0.11B,$0.71B,0.16,$1.29B,$0.24B,18.28%,$1.29B,$0.16B,12.24%,$1.29B,$0.16B,12.24%,$1.29B,$0.16B,12.24%,$1.29B,$0.12B,9.37%,$1.29B,$0.02B,1.86%,$0.02B,$0.71B,3.46%,$0.02B,$0.68B,3.60%,$0.02B,$2.54B,1.03%,$0.16B,$0.83B,18.69%,$428,$336,$91,$12,$13,$361,$67,$-7,$59,$80,$-20,$-20,$-15,$67,$67,$50,50,$-0.31,$-0.31,$320,$422,$288,$1473,$836,$0,$32,$13,$1071,$2544,$1412,$114,$108,$419,$1831,$0,$649,$-19,$713,$2544,$32,$47,$1,$47,$120,$-120,$-108,$76,$4,$83,$-456,$-8,$0,$-89,$-12,$-101,$310,$-255,$160,$0,$160,$0,$0,$0,$24,$184,$22,$1,$0
4,2017-09-30,4.7,$14.49,0.32,$25.05,0.19,$-16.38,0.0,$1.35,3.48,$1.40B,$1.27B,1.1,$0.11B,$0.72B,0.16,$1.24B,$0.23B,18.29%,$1.24B,$0.13B,10.80%,$1.24B,$0.13B,10.80%,$1.24B,$0.13B,10.80%,$1.24B,$0.10B,8.14%,$1.24B,$0.07B,5.40%,$0.07B,$0.72B,9.96%,$0.07B,$0.69B,10.32%,$0.07B,$2.32B,3.02%,$0.13B,$0.83B,15.59%,$311,$264,$47,$10,$11,$285,$26,$-9,$17,$3,$14,$14,$11,$26,$26,$50,50,$0.21,$0.21,$187,$409,$344,$1397,$832,$0,$26,$1,$922,$2319,$1269,$111,$44,$330,$1599,$0,$669,$-32,$720,$2319,$0,$0,$0,$0,$0,$0,$0,$0,$0,$145,$-339,$-3,$0,$-147,$0,$-147,$130,$-359,$121,$0,$121,$0,$0,$0,$0,$121,$-84,$0,$0
5,2017-06-30,4.7,$13.94,0.34,$25.48,0.18,$-18.25,0.0,$1.45,3.24,$1.38B,$1.20B,1.16,$0.20B,$0.69B,0.28,$1.26B,$0.25B,19.81%,$1.26B,$0.16B,12.76%,$1.26B,$0.16B,12.76%,$1.26B,$0.16B,12.76%,$1.26B,$0.11B,8.64%,$1.26B,$0.07B,5.63%,$0.07B,$0.69B,10.94%,$0.07B,$0.66B,11.34%,$0.07B,$2.30B,3.34%,$0.16B,$0.89B,18.47%,$314,$250,$63,$10,$10,$270,$44,$-12,$32,$4,$28,$28,$21,$44,$44,$50,50,$0.43,$0.43,$400,$363,$160,$1381,$826,$0,$26,$1,$916,$2297,$1196,$196,$42,$411,$1607,$0,$655,$-48,$690,$2297,$0,$0,$0,$0,$0,$0,$0,$0,$0,$167,$-282,$-6,$0,$29,$0,$29,$82,$-176,$130,$0,$130,$0,$0,$0,$0,$130,$128,$0,$0
6,2017-03-31,4.85,$13.09,0.37,$24.76,0.2,$-18.64,0.0,$1.53,3.17,$0.89B,$1.07B,0.83,$0.19B,$0.65B,0.29,$1.23B,$0.25B,20.16%,$1.23B,$0.16B,13.39%,$1.23B,$0.16B,13.39%,$1.23B,$0.16B,13.39%,$1.23B,$0.12B,9.47%,$1.23B,$0.08B,6.12%,$0.08B,$0.65B,11.92%,$0.08B,$0.63B,12.37%,$0.08B,$2.12B,3.68%,$0.16B,$0.84B,19.93%,$238,$203,$35,$6,$8,$216,$21,$-8,$13,$4,$10,$10,$7,$21,$21,$50,50,$0.15,$0.15,$206,$368,$78,$894,$811,$0,$23,$11,$1225,$2119,$1074,$188,$44,$397,$1471,$0,$627,$-62,$648,$2119,$0,$0,$0,$0,$0,$0,$0,$0,$0,$-48,$-328,$-3,$0,$108,$0,$108,$75,$-148,$129,$0,$129,$0,$0,$0,$0,$129,$-66,$0,$0
7,2016-12-31,4.0,$12.81,0.31,$24.31,0.16,$-12.12,0.0,$1.55,2.58,$1.27B,$1.03B,1.23,$0.25B,$0.63B,0.39,$1.20B,$0.25B,20.55%,$1.20B,$0.17B,13.98%,$1.20B,$0.17B,13.98%,$1.20B,$0.17B,13.98%,$1.20B,$0.12B,9.90%,$1.20B,$0.08B,6.41%,$0.08B,$0.63B,12.50%,$0.08B,$0.61B,13.00%,$0.08B,$2.13B,3.88%,$0.17B,$0.88B,20.36%,$378,$296,$82,$29,$10,$335,$43,$-4,$39,$2,$37,$37,$28,$43,$43,$49,49,$0.55,$0.55,$272,$281,$185,$1273,$806,$0,$23,$11,$854,$2127,$1033,$250,$42,$459,$1492,$0,$617,$-65,$634,$2127,$102,$36,$14,$51,$-191,$-4,$82,$126,$-68,$84,$-211,$0,$0,$40,$0,$40,$22,$-149,$-16,$180,$164,$0,$0,$0,$-42,$122,$48,$1,$0
8,2016-09-30,4.42,$12.61,0.35,$22.21,0.2,$-10.37,0.0,$1.40,3.16,$1.03B,$0.88B,1.17,$0.26B,$0.63B,0.41,$1.10B,$0.22B,19.78%,$1.10B,$0.17B,15.22%,$1.10B,$0.17B,15.22%,$1.10B,$0.17B,15.22%,$1.10B,$0.11B,10.30%,$1.10B,$0.07B,6.29%,$0.07B,$0.63B,11.46%,$0.07B,$0.60B,11.94%,$0.07B,$1.97B,3.65%,$0.17B,$0.88B,20.57%,$332,$262,$70,$8,$9,$279,$53,$-28,$25,$5,$20,$20,$15,$53,$53,$49,49,$0.31,$0.31,$171,$415,$130,$1028,$819,$0,$24,$13,$941,$1968,$876,$255,$43,$467,$1343,$0,$580,$-38,$625,$1968,$0,$0,$0,$0,$0,$0,$0,$0,$0,$-145,$-141,$0,$0,$103,$0,$103,$10,$-28,$173,$0,$173,$0,$0,$0,$-17,$155,$-20,$0,$0
9,2016-06-30,3.19,$12.34,0.26,$20.36,0.16,$-7.21,0.0,$1.18,2.7,$1.08B,$1.04B,1.04,$0.08B,$0.61B,0.13,$1.00B,$0.18B,17.53%,$1.00B,$0.13B,13.05%,$1.00B,$0.13B,13.05%,$1.00B,$0.13B,13.05%,$1.00B,$0.10B,9.66%,$1.00B,$0.06B,5.88%,$0.06B,$0.61B,10.05%,$0.06B,$0.59B,10.48%,$0.06B,$1.94B,3.30%,$0.13B,$0.69B,16.40%,$277,$217,$60,$6,$7,$230,$47,$-9,$39,$5,$33,$33,$25,$47,$47,$49,49,$0.51,$0.51,$122,$422,$282,$1078,$810,$0,$24,$13,$861,$1940,$1038,$82,$42,$292,$1330,$0,$560,$-33,$610,$1940,$0,$0,$0,$0,$0,$0,$0,$0,$0,$-94,$-40,$0,$0,$-50,$0,$-50,$9,$-81,$119,$0,$119,$0,$0,$0,$-4,$114,$-62,$0,$0
10,2016-03-31,3.22,$12.03,0.27,$20.15,0.16,$-5.47,0.0,$1.06,3.04,$1.02B,$0.85B,1.2,$0.25B,$0.60B,0.42,$0.99B,$0.17B,16.83%,$0.99B,$0.12B,12.30%,$0.99B,$0.12B,12.30%,$0.99B,$0.12B,12.30%,$0.99B,$0.09B,8.87%,$0.99B,$0.05B,5.34%,$0.05B,$0.60B,9.16%,$0.05B,$0.57B,9.54%,$0.05B,$1.90B,3.15%,$0.12B,$0.85B,14.52%,$215,$180,$35,$5,$5,$190,$25,$-9,$16,$5,$11,$11,$9,$25,$25,$49,49,$0.17,$0.17,$95,$392,$301,$1018,$807,$0,$25,$19,$882,$1900,$851,$251,$40,$455,$1305,$0,$527,$-14,$595,$1900,$0,$0,$0,$0,$0,$0,$0,$0,$0,$-25,$-27,$0,$0,$-61,$0,$-61,$2,$-86,$35,$0,$35,$0,$0,$0,$-1,$35,$-77,$0,$0
11,2015-12-31,4.42,$11.72,0.38,$20.31,0.22,$-5.39,0.0,$1.28,3.45,$0.95B,$0.72B,1.32,$0.25B,$0.58B,0.44,$1.00B,$0.18B,18.12%,$1.00B,$0.14B,13.51%,$1.00B,$0.14B,13.51%,$1.00B,$0.14B,13.51%,$1.00B,$0.10B,10.21%,$1.00B,$0.06B,6.31%,$0.06B,$0.58B,11.10%,$0.06B,$0.55B,11.54%,$0.06B,$1.75B,3.99%,$0.14B,$0.83B,15.79%,$273,$221,$52,$3,$7,$230,$42,$-9,$33,$6,$27,$27,$20,$42,$42,$49,49,$0.40,$0.40,$171,$295,$238,$954,$572,$0,$25,$19,$798,$1752,$723,$253,$38,$451,$1174,$0,$516,$-19,$578,$1752,$84,$29,$5,$33,$-41,$-58,$116,$2,$110,$227,$-267,$-14,$0,$-10,$0,$-10,$11,$-280,$165,$0,$165,$0,$0,$0,$-33,$132,$74,$1,$0
12,2015-09-30,4.18,$11.48,0.36,$21.06,0.2,$-8.37,0.0,$1.41,2.96,$0.91B,$0.56B,1.61,$0.26B,$0.57B,0.46,$1.03B,$0.19B,18.10%,$1.03B,$0.14B,13.75%,$1.03B,$0.14B,13.75%,$1.03B,$0.14B,13.75%,$1.03B,$0.11B,10.26%,$1.03B,$0.07B,6.78%,$0.07B,$0.57B,12.62%,$0.07B,$0.54B,13.07%,$0.07B,$1.57B,4.78%,$0.14B,$0.83B,16.55%,$239,$210,$29,$6,$6,$222,$17,$-8,$9,$3,$6,$6,$5,$17,$17,$49,49,$0.09,$0.09,$95,$293,$192,$906,$315,$0,$25,$31,$659,$1565,$563,$263,$19,$435,$998,$0,$489,$-4,$566,$1565,$0,$0,$0,$0,$0,$0,$0,$0,$0,$1,$-130,$-14,$0,$41,$0,$41,$2,$-102,$141,$0,$141,$0,$0,$0,$-33,$108,$6,$0,$0
13,2015-06-30,6.03,$11.71,0.51,$22.61,0.27,$-8.74,0.0,$1.94,3.11,$0.84B,$0.49B,1.71,$0.28B,$0.58B,0.49,$1.11B,$0.22B,20.09%,$1.11B,$0.18B,16.22%,$1.11B,$0.18B,16.22%,$1.11B,$0.18B,16.22%,$1.11B,$0.15B,13.06%,$1.11B,$0.10B,8.74%,$0.10B,$0.58B,18.09%,$0.10B,$0.56B,18.63%,$0.10B,$1.51B,7.02%,$0.18B,$0.86B,21.10%,$265,$214,$51,$7,$7,$228,$38,$-8,$30,$4,$25,$25,$19,$38,$38,$49,49,$0.39,$0.39,$96,$287,$232,$836,$315,$0,$19,$41,$669,$1505,$490,$279,$18,$440,$930,$0,$483,$12,$576,$1505,$0,$0,$0,$0,$0,$0,$0,$0,$0,$72,$-120,$-7,$0,$6,$0,$6,$0,$-120,$85,$0,$85,$0,$0,$0,$-30,$55,$7,$0,$0
14,2015-03-31,4.85,$11.21,0.43,$22.63,0.21,$-8.29,0.0,$1.85,2.62,$0.84B,$0.43B,1.94,$0.35B,$0.55B,0.64,$1.11B,$0.22B,20.20%,$1.11B,$0.18B,15.87%,$1.11B,$0.18B,15.87%,$1.11B,$0.18B,15.87%,$1.11B,$0.14B,12.62%,$1.11B,$0.09B,8.39%,$0.09B,$0.55B,18.50%,$0.09B,$0.53B,19.02%,$0.09B,$1.49B,7.04%,$0.18B,$0.91B,21.26%,$222,$173,$49,$6,$5,$184,$38,$-8,$30,$4,$25,$25,$19,$38,$38,$49,49,$0.39,$0.39,$60,$299,$269,$843,$316,$0,$19,$41,$643,$1486,$434,$354,$15,$501,$935,$0,$457,$13,$551,$1486,$0,$0,$0,$0,$0,$0,$0,$0,$0,$38,$-86,$-6,$0,$-31,$0,$-31,$0,$-122,$92,$0,$92,$0,$0,$0,$-22,$70,$-14,$0,$0
15,2014-12-31,5.43,$10.69,0.51,$22.75,0.24,$-6.76,0.0,$1.80,3.02,$0.76B,$0.32B,2.36,$0.32B,$0.53B,0.61,$1.11B,$0.22B,19.98%,$1.11B,$0.17B,15.48%,$1.11B,$0.17B,15.48%,$1.11B,$0.17B,15.48%,$1.11B,$0.14B,12.51%,$1.11B,$0.09B,8.10%,$0.09B,$0.53B,19.14%,$0.09B,$0.51B,19.65%,$0.09B,$1.30B,7.18%,$0.17B,$0.84B,22.92%,$307,$249,$58,$2,$7,$258,$49,$-11,$37,$2,$36,$36,$27,$49,$49,$49,49,$0.55,$0.59,$58,$250,$239,$762,$318,$0,$12,$21,$534,$1296,$323,$319,$31,$447,$770,$0,$432,$13,$525,$1296,$121,$24,$3,$27,$72,$-109,$33,$8,$1,$149,$-334,$-1,$0,$36,$0,$36,$0,$-299,$109,$0,$109,$1,$1,$0,$-11,$99,$-50,$1,$0
16,2014-09-30,5.47,$10.03,0.55,$24.50,0.22,$-0.99,0.0,$2.15,2.54,$0.75B,$0.31B,2.45,$0.32B,$0.49B,0.64,$1.19B,$0.26B,21.45%,$1.19B,$0.20B,17.16%,$1.19B,$0.20B,17.16%,$1.19B,$0.20B,17.16%,$1.19B,$0.18B,15.22%,$1.19B,$0.11B,8.92%,$0.11B,$0.49B,23.98%,$0.11B,$0.48B,24.67%,$0.11B,$1.24B,8.85%,$0.20B,$0.81B,31.75%,$316,$250,$65,$5,$6,$261,$55,$-7,$48,$5,$43,$43,$32,$55,$55,$49,49,$0.66,$0.62,$77,$247,$222,$752,$239,$0,$12,$237,$489,$1240,$306,$316,$9,$441,$747,$0,$396,$19,$493,$1240,$0,$0,$0,$0,$0,$0,$0,$0,$0,$64,$-211,$-64,$0,$55,$0,$55,$0,$-221,$143,$0,$143,$1,$1,$0,$-18,$126,$-33,$0,$0
17,2014-06-30,8.39,$9.01,0.93,$24.22,0.35,$2.92,2.88,$2.17,3.87,$0.96B,$0.38B,2.5,$0.31B,$0.44B,0.7,$1.17B,$0.26B,21.96%,$1.17B,$0.21B,17.58%,$1.17B,$0.21B,17.58%,$1.17B,$0.21B,17.58%,$1.17B,$0.19B,16.04%,$1.17B,$0.10B,8.92%,$0.10B,$0.44B,25.63%,$0.10B,$0.43B,26.41%,$0.10B,$1.26B,9.35%,$0.21B,$0.75B,38.88%,$264,$212,$52,$13,$5,$230,$34,$-10,$25,$5,$20,$20,$15,$34,$34,$49,49,$0.30,$0.30,$153,$228,$376,$960,$241,$0,$12,$49,$301,$1262,$384,$311,$9,$436,$819,$0,$353,$12,$442,$1262,$0,$0,$0,$0,$0,$0,$0,$0,$0,$61,$-86,$0,$0,$-102,$0,$-102,$0,$-189,$188,$0,$188,$1,$1,$0,$-21,$167,$37,$0,$0
18,2014-03-31,5.23,$8.66,0.6,$23.04,0.23,$3.97,1.32,$2.19,2.39,$0.97B,$0.49B,1.97,$0.18B,$0.42B,0.42,$1.10B,$0.24B,21.83%,$1.10B,$0.20B,18.12%,$1.10B,$0.20B,18.12%,$1.10B,$0.20B,18.12%,$1.10B,$0.19B,17.21%,$1.10B,$0.11B,9.51%,$0.11B,$0.42B,28.26%,$0.11B,$0.41B,29.19%,$0.11B,$1.21B,10.53%,$0.20B,$0.60B,48.16%,$224,$177,$47,$9,$4,$189,$34,$-5,$29,$7,$22,$22,$16,$34,$34,$48,48,$0.34,$0.34,$196,$237,$324,$969,$224,$0,$12,$7,$243,$1213,$492,$176,$8,$300,$792,$0,$333,$11,$421,$1213,$0,$0,$0,$0,$0,$0,$0,$0,$0,$26,$0,$-1,$0,$-51,$0,$-51,$0,$-52,$110,$0,$110,$0,$0,$0,$-6,$104,$75,$0,$0
19,2013-12-31,5.26,$8.61,0.61,$21.99,0.24,$4.77,1.1,$2.08,2.53,$0.83B,$0.54B,1.54,$0.00B,$0.41B,0.0,$1.05B,$0.22B,21.22%,$1.05B,$0.19B,17.79%,$1.05B,$0.19B,17.79%,$1.05B,$0.19B,17.79%,$1.05B,$0.18B,17.13%,$1.05B,$0.10B,9.51%,$0.10B,$0.41B,29.74%,$0.10B,$0.40B,30.75%,$0.10B,$1.08B,11.48%,$0.19B,$0.41B,55.61%,$385,$293,$91,$5,$5,$304,$81,$-2,$79,$21,$58,$58,$43,$81,$81,$48,48,$0.89,$0.89,$109,$145,$282,$826,$234,$0,$12,$2,$249,$1076,$538,$0,$8,$125,$664,$0,$311,$25,$412,$1076,$134,$21,$-1,$21,$-132,$-63,$113,$20,$-39,$116,$-21,$0,$0,$-228,$0,$-228,$0,$-250,$146,$0,$146,$0,$0,$0,$-2,$143,$12,$4,$0
20,2013-09-30,4.6,$7.27,0.63,$17.49,0.26,$0.09,52.51,$1.55,2.97,$0.67B,$0.43B,1.55,$0.00B,$0.35B,0.0,$0.84B,$0.17B,20.24%,$0.84B,$0.13B,15.93%,$0.84B,$0.13B,15.93%,$0.84B,$0.13B,15.93%,$0.84B,$0.13B,15.09%,$0.84B,$0.07B,8.38%,$0.07B,$0.35B,23.39%,$0.07B,$0.34B,24.24%,$0.07B,$0.90B,9.27%,$0.13B,$0.35B,44.44%,$293,$227,$66,$5,$5,$237,$56,$-2,$54,$13,$41,$41,$30,$56,$56,$48,48,$0.64,$0.64,$100,$119,$181,$670,$216,$0,$11,$3,$229,$899,$432,$0,$2,$120,$551,$0,$254,$20,$348,$899,$0,$0,$0,$0,$0,$0,$0,$0,$0,$60,$-16,$0,$0,$-131,$0,$-131,$0,$-147,$95,$0,$95,$0,$0,$0,$1,$95,$10,$0,$0
21,2013-06-30,4.11,$6.38,0.64,$14.80,0.28,$-2.61,0.0,$1.31,3.14,$0.57B,$0.38B,1.52,$0.00B,$0.31B,0.0,$0.71B,$0.14B,20.28%,$0.71B,$0.11B,15.46%,$0.71B,$0.11B,15.46%,$0.71B,$0.11B,15.46%,$0.71B,$0.11B,14.89%,$0.71B,$0.06B,8.37%,$0.06B,$0.31B,21.59%,$0.06B,$0.29B,22.31%,$0.06B,$0.80B,9.07%,$0.11B,$0.31B,39.89%,$202,$165,$37,$6,$3,$174,$29,$-1,$28,$7,$21,$21,$16,$29,$29,$48,48,$0.32,$0.32,$78,$102,$175,$569,$218,$0,$11,$2,$231,$800,$375,$0,$2,$120,$495,$0,$212,$19,$305,$800,$0,$0,$0,$0,$0,$0,$0,$0,$0,$39,$-13,$0,$0,$-125,$0,$-125,$0,$-139,$80,$0,$80,$0,$0,$0,$1,$81,$-18,$0,$0
22,2013-03-31,4.0,$5.86,0.68,$13.61,0.29,$-3.32,0.0,$1.32,3.03,$0.48B,$0.31B,1.55,$0.00B,$0.28B,0.0,$0.65B,$0.14B,21.76%,$0.65B,$0.11B,16.67%,$0.65B,$0.11B,16.67%,$0.65B,$0.11B,16.67%,$0.65B,$0.11B,16.51%,$0.65B,$0.06B,9.26%,$0.06B,$0.28B,23.90%,$0.06B,$0.27B,24.59%,$0.06B,$0.71B,10.78%,$0.11B,$0.28B,43.03%,$171,$142,$29,$5,$4,$150,$21,$-1,$19,$5,$14,$14,$11,$21,$21,$48,48,$0.23,$0.23,$128,$84,$112,$478,$220,$0,$11,$0,$230,$708,$309,$0,$1,$119,$428,$0,$192,$16,$280,$708,$0,$0,$0,$0,$0,$0,$0,$0,$0,$69,$-5,$0,$0,$-64,$0,$-64,$0,$-68,$29,$0,$29,$0,$0,$0,$0,$29,$30,$0,$0
23,2012-12-31,3.82,$5.56,0.69,$12.61,0.3,$-4.57,0.0,$1.41,2.71,$0.38B,$0.23B,1.66,$0.00B,$0.26B,0.0,$0.60B,$0.14B,23.83%,$0.60B,$0.11B,18.83%,$0.60B,$0.11B,18.83%,$0.60B,$0.11B,18.83%,$0.60B,$0.12B,19.17%,$0.60B,$0.06B,10.67%,$0.06B,$0.26B,27.86%,$0.06B,$0.25B,28.54%,$0.06B,$0.61B,13.55%,$0.11B,$0.26B,49.18%,$169,$131,$37,$9,$2,$142,$27,$-1,$25,$8,$17,$17,$13,$27,$27,$48,48,$0.27,$0.30,$101,$78,$48,$377,$224,$0,$11,$0,$234,$612,$228,$0,$1,$119,$347,$0,$177,$15,$264,$612,$86,$11,$-4,$7,$-97,$-32,$7,$-7,$-124,$-31,$-97,$0,$0,$-47,$0,$-47,$0,$-145,$129,$0,$129,$0,$-0,$0,$-5,$124,$-52,$1,$0
24,2012-09-30,3.82,$5.13,0.74,$10.85,0.35,$-1.86,0.0,$1.34,2.85,$0.31B,$0.12B,2.6,$0.00B,$0.24B,0.0,$0.55B,$0.14B,24.77%,$0.55B,$0.12B,22.39%,$0.55B,$0.12B,22.39%,$0.55B,$0.12B,22.39%,$0.55B,$0.12B,21.10%,$0.55B,$0.07B,12.84%,$0.07B,$0.24B,33.78%,$0.07B,$0.24B,34.44%,$0.07B,$0.48B,17.09%,$0.12B,$0.24B,58.87%,$163,$123,$40,$5,$3,$132,$32,$2,$33,$8,$25,$25,$19,$32,$32,$48,48,$0.40,$0.40,$78,$67,$29,$306,$131,$0,$4,$40,$176,$482,$118,$0,$1,$120,$237,$0,$160,$12,$244,$482,$0,$0,$0,$0,$0,$0,$0,$0,$0,$-12,$-72,$0,$0,$-28,$0,$-28,$0,$-100,$34,$0,$34,$0,$0,$0,$-5,$29,$-84,$0,$0
25,2012-06-30,4.58,$4.53,1.01,$9.59,0.48,$0.47,9.75,$1.27,3.61,$0.28B,$0.09B,3.19,$0.00B,$0.22B,0.0,$0.49B,$0.12B,25.10%,$0.49B,$0.11B,22.84%,$0.49B,$0.11B,22.84%,$0.49B,$0.11B,22.84%,$0.49B,$0.10B,20.99%,$0.49B,$0.07B,13.79%,$0.07B,$0.22B,32.10%,$0.07B,$0.21B,32.56%,$0.07B,$0.43B,17.91%,$0.11B,$0.22B,53.17%,$145,$109,$35,$5,$3,$117,$28,$2,$30,$7,$23,$23,$17,$28,$28,$48,48,$0.36,$0.33,$161,$58,$0,$283,$111,$0,$4,$27,$142,$425,$89,$0,$2,$121,$210,$0,$135,$9,$216,$425,$0,$0,$0,$0,$0,$0,$0,$0,$0,$29,$-37,$0,$0,$0,$0,$0,$0,$-37,$16,$0,$16,$0,$0,$0,$0,$16,$7,$0,$0
26,2012-03-31,5.45,$4.09,1.33,$8.40,0.65,$0.94,5.79,$1.24,4.4,$0.26B,$0.05B,4.96,$0.00B,$0.20B,0.0,$0.43B,$0.11B,25.41%,$0.43B,$0.10B,23.31%,$0.43B,$0.10B,23.31%,$0.43B,$0.10B,23.31%,$0.43B,$0.09B,21.21%,$0.43B,$0.06B,14.92%,$0.06B,$0.20B,34.00%,$0.06B,$0.19B,35.02%,$0.06B,$0.37B,20.14%,$0.10B,$0.20B,53.12%,$123,$92,$31,$2,$3,$97,$26,$1,$27,$7,$21,$21,$15,$26,$26,$48,48,$0.32,$0.32,$138,$60,$0,$262,$98,$0,$4,$6,$108,$370,$53,$0,$4,$123,$176,$0,$112,$11,$195,$370,$0,$0,$0,$0,$0,$0,$0,$0,$0,$5,$-0,$0,$0,$0,$0,$0,$0,$-0,$-13,$0,$-13,$0,$0,$0,$0,$-13,$-8,$0,$0
27,2011-12-31,5.34,$3.66,1.46,$7.40,0.72,$0.87,6.1,$1.17,4.56,$0.25B,$0.06B,3.96,$0.00B,$0.17B,0.0,$0.38B,$0.10B,25.39%,$0.38B,$0.09B,23.30%,$0.38B,$0.09B,23.30%,$0.38B,$0.09B,23.30%,$0.38B,$0.08B,20.68%,$0.38B,$0.06B,15.97%,$0.06B,$0.17B,36.09%,$0.06B,$0.17B,37.14%,$0.06B,$0.36B,22.49%,$0.09B,$0.17B,52.66%,$114,$85,$29,$-9,$1,$77,$36,$0,$25,$6,$19,$19,$19,$36,$36,$64,64,$0.29,$0.29,$147,$45,$0,$250,$101,$0,$4,$6,$111,$361,$63,$0,$4,$124,$187,$0,$91,$11,$174,$361,$0,$0,$-2,$3,$-15,$-18,$-0,$31,$0,$0,$0,$0,$0,$0,$0,$0,$0,$0,$9,$0,$0,$-0,$0,$0,$0,$0,$0,$1,$0
28,2011-09-30,4.51,$0.00,0.0,$7.08,0.64,$0.87,5.16,$1.01,4.47,$0.26B,$0.06B,4.1,$0.00B,$0.15B,0.0,$0.34B,$0.28B,80.88%,$0.34B,$0.28B,83.53%,$0.34B,$0.28B,83.53%,$0.34B,$0.28B,82.65%,$0.34B,$0.03B,9.12%,$0.34B,$0.05B,14.12%,$0.05B,$0.25B,38.25%,$0.05B,$0.25B,39.43%,$0.05B,$0.34B,26.52%,$0.28B,$0.25B,226.29%,$104,$77,$27,$3,$2,$83,$21,$-1,$20,$4,$16,$16,$16,$21,$21,$48,48,$0.33,$0.33,$170,$31,$23,$264,$0,$0,$0,$29,$29,$340,$64,$0,$3,$25,$90,$0,$74,$0,$250,$340,$0,$0,$0,$0,$0,$0,$0,$0,$0,$55,$-28,$0,$0,$0,$0,$0,$0,$-28,$10,$0,$10,$-0,$99,$0,$0,$109,$136,$0,$0
29,2011-06-30,4.21,$0.00,0.0,$6.37,0.66,$0.54,7.8,$0.96,4.39,$0.13B,$0.04B,3.23,$0.00B,$0.13B,0.0,$0.30B,$0.26B,87.71%,$0.30B,$0.28B,91.69%,$0.30B,$0.28B,91.69%,$0.30B,$0.27B,90.70%,$0.30B,$0.02B,7.64%,$0.30B,$0.04B,14.62%,$0.04B,$0.13B,51.92%,$0.04B,$0.12B,54.32%,$0.04B,$0.20B,34.71%,$0.28B,$0.13B,325.66%,$88,$66,$22,$3,$2,$71,$17,$2,$19,$4,$14,$14,$14,$17,$17,$48,48,$0.30,$0.30,$47,$19,$37,$134,$0,$0,$13,$5,$18,$200,$41,$0,$3,$25,$66,$0,$58,$0,$134,$200,$0,$0,$0,$0,$0,$0,$0,$0,$0,$32,$-18,$0,$0,$0,$0,$0,$0,$-18,$9,$0,$9,$0,$0,$0,$0,$9,$24,$0,$0
30,2011-03-31,5.21,$0.00,0.0,$5.91,0.88,$0.49,10.68,$0.59,8.83,$0.14B,$0.04B,3.39,$0.00B,$0.12B,0.0,$0.28B,$0.26B,93.45%,$0.28B,$0.26B,93.45%,$0.28B,$0.26B,93.45%,$0.28B,$0.26B,92.73%,$0.28B,$0.00B,0.36%,$0.28B,$0.03B,9.82%,$0.03B,$0.12B,38.71%,$0.03B,$0.12B,38.99%,$0.03B,$0.18B,24.71%,$0.26B,$0.12B,368.46%,$76,$58,$19,$2,$2,$62,$15,$0,$15,$3,$12,$12,$12,$15,$15,$48,48,$0.25,$0.24,$31,$29,$48,$136,$0,$0,$0,$0,$0,$184,$40,$0,$5,$27,$67,$0,$44,$0,$118,$184,$0,$0,$0,$0,$0,$0,$0,$0,$0,$1,$-0,$0,$0,$0,$0,$0,$0,$-0,$6,$0,$6,$0,$0,$0,$0,$6,$8,$0,$0
31,2010-12-31,5.43,$0.00,0.0,$5.52,0.98,$0.33,16.6,$0.59,9.2,$0.00B,$0.00B,0.0,$0.00B,$0.00B,0.0,$0.25B,$0.25B,100.40%,$0.25B,$0.25B,100.40%,$0.25B,$0.25B,100.40%,$0.25B,$0.25B,100.00%,$0.25B,$-0.00B,-0.40%,$0.25B,$0.03B,11.24%,$0.03B,$0.00B,50.45%,$0.03B,$0.00B,50.68%,$0.03B,$0.00B,31.55%,$0.25B,$0.00B,450.45%,$72,$-134,$207,$-5,$-19,$-158,$231,$-4,$-23,$-0,$-22,$6,$6,$228,$231,$49,49,$0.13,$0.13,$0,$0,$0,$0,$0,$0,$0,$0,$0,$0,$0,$0,$0,$0,$0,$0,$0,$0,$0,$0,$0,$0,$0,$0,$0,$0,$0,$0,$0,$0,$0,$0,$0,$0,$0,$0,$0,$0,$0,$0,$0,$0,$0,$0,$0,$0,$0,$0,$0
32,2010-09-30,6.67,$0.00,0.0,$5.10,1.31,$0.41,16.2,$-0.04,0.0,$0.09B,$0.03B,3.01,$0.00B,$0.09B,0.0,$0.22B,$0.05B,24.31%,$0.22B,$0.02B,10.55%,$0.22B,$0.02B,10.55%,$0.22B,$0.03B,11.47%,$0.22B,$0.01B,5.96%,$0.22B,$0.02B,7.34%,$0.02B,$0.09B,28.83%,$0.02B,$0.09B,33.51%,$0.02B,$0.12B,18.03%,$0.02B,$0.09B,41.44%,$65,$49,$16,$2,$2,$53,$13,$-0,$12,$0,$12,$12,$12,$13,$13,$44,45,$0.28,$0.28,$15,$28,$29,$88,$0,$0,$0,$0,$0,$123,$29,$0,$7,$7,$36,$0,$24,$0,$87,$123,$22,$2,$0,$2,$0,$0,$0,$0,$-20,$15,$-6,$0,$0,$0,$0,$0,$0,$-6,$0,$-1,$0,$0,$0,$-2,$2,$-1,$9,$0,$0
33,2010-06-30,6.8,$0.00,0.0,$4.56,1.49,$0.62,11.02,$-0.22,0.0,$0.10B,$0.05B,2.02,$0.00B,$0.07B,0.0,$0.19B,$0.05B,23.81%,$0.19B,$0.01B,7.41%,$0.19B,$0.01B,7.41%,$0.19B,$0.02B,8.99%,$0.19B,$0.01B,2.65%,$0.19B,$0.01B,4.23%,$0.01B,$0.07B,18.29%,$0.01B,$0.07B,22.22%,$0.01B,$0.13B,10.85%,$0.01B,$0.07B,32.00%,$62,$47,$15,$2,$15,$64,$-2,$-1,$-3,$0,$-3,$-3,$-3,$-1,$-2,$44,45,$-0.07,$-0.07,$30,$26,$25,$100,$0,$0,$0,$0,$0,$130,$49,$0,$7,$7,$56,$0,$12,$0,$74,$130,$10,$2,$0,$2,$0,$0,$0,$0,$-15,$11,$0,$0,$0,$0,$0,$0,$0,$0,$0,$5,$0,$0,$0,$-2,$1,$4,$15,$0,$0
34,2010-03-31,6.26,$0.00,0.0,$3.98,1.57,$0.45,13.84,$-0.02,0.0,$0.07B,$0.03B,2.13,$0.00B,$0.06B,0.0,$0.16B,$0.04B,23.27%,$0.16B,$0.02B,13.21%,$0.16B,$0.02B,13.21%,$0.16B,$0.02B,15.09%,$0.16B,$0.01B,8.18%,$0.16B,$0.02B,10.06%,$0.02B,$0.06B,47.76%,$0.02B,$0.06B,61.54%,$0.02B,$0.10B,27.83%,$0.02B,$0.06B,62.69%,$50,$38,$12,$2,$2,$42,$8,$5,$13,$0,$13,$13,$13,$9,$8,$41,42,$0.26,$0.25,$14,$22,$21,$71,$0,$0,$0,$0,$0,$102,$34,$0,$7,$7,$40,$0,$13,$0,$61,$102,$13,$1,$0,$1,$0,$0,$0,$0,$-20,$-6,$-0,$0,$0,$0,$0,$0,$0,$-0,$0,$5,$0,$0,$0,$-2,$0,$4,$-2,$0,$0
35,2009-12-31,8.01,$0.00,0.0,$3.45,2.32,$0.73,11.02,$-0.17,0.0,$0.00B,$0.00B,0.0,$0.00B,$0.02B,0.0,$0.14B,$0.03B,22.96%,$0.14B,$0.02B,12.59%,$0.14B,$0.02B,12.59%,$0.14B,$0.02B,14.81%,$0.14B,$0.00B,2.96%,$0.14B,$0.01B,5.19%,$0.01B,$0.00B,27.72%,$0.01B,$-0.03B,39.44%,$0.01B,$0.00B,15.05%,$0.02B,$0.00B,67.33%,$41,$32,$10,$0,$6,$38,$4,$-13,$-9,$0,$-9,$-6,$-6,$4,$4,$40,40,$-0.50,$-0.50,$0,$0,$21,$0,$0,$0,$0,$0,$0,$0,$0,$0,$27,$27,$0,$0,$0,$0,$0,$87,$4,$2,$0,$2,$0,$0,$0,$0,$3,$17,$-14,$0,$0,$0,$0,$0,$0,$-14,$0,$-14,$0,$0,$14,$0,$0,$-0,$3,$0,$0
36,2009-09-30,6.51,$0.00,0.0,$2.92,2.23,$0.20,31.79,$0.39,16.69,$0.04B,$0.02B,1.88,$0.00B,$0.04B,0.0,$0.11B,$-0.02B,-14.91%,$0.11B,$-0.03B,-24.56%,$0.11B,$-0.03B,-24.56%,$0.11B,$-0.02B,-21.05%,$0.11B,$0.03B,23.68%,$0.11B,$0.02B,13.16%,$0.02B,$0.04B,48.00%,$0.02B,$0.04B,48.00%,$0.02B,$0.06B,23.90%,$-0.03B,$0.04B,-89.60%,$36,$28,$8,$0,$4,$32,$4,$-0,$4,$0,$4,$4,$4,$5,$4,$39,39,$0.10,$0.10,$5,$15,$11,$43,$0,$0,$0,$0,$0,$63,$23,$0,$0,$0,$23,$0,$33,$0,$40,$63,$13,$1,$0,$1,$0,$0,$0,$0,$1,$18,$-2,$0,$0,$0,$0,$0,$0,$-2,$0,$-15,$0,$0,$0,$0,$0,$-15,$1,$0,$0
37,2009-06-30,2.4,$0.00,0.0,$2.00,1.2,$-0.21,0.0,$0.29,8.28,$0.05B,$0.03B,1.44,$0.00B,$0.03B,0.0,$0.08B,$-0.03B,-32.05%,$0.08B,$-0.03B,-41.03%,$0.08B,$-0.03B,-41.03%,$0.08B,$-0.03B,-37.18%,$0.08B,$0.02B,29.49%,$0.08B,$0.01B,14.10%,$0.01B,$0.03B,51.76%,$0.01B,$0.03B,51.76%,$0.01B,$0.07B,23.40%,$-0.03B,$0.03B,-150.59%,$32,$25,$7,$0,$1,$27,$5,$-0,$5,$0,$5,$5,$5,$6,$5,$31,40,$0.16,$0.13,$5,$15,$15,$45,$0,$0,$0,$0,$1,$65,$31,$0,$0,$0,$31,$0,$29,$0,$33,$65,$9,$1,$0,$1,$0,$0,$0,$0,$-6,$4,$-1,$0,$0,$0,$0,$0,$0,$-1,$0,$-6,$0,$0,$0,$0,$0,$-6,$-2,$0,$0
38,2009-03-31,4.0,$0.00,0.0,$1.19,3.35,$-0.30,0.0,$0.16,25.0,$0.04B,$0.03B,1.28,$0.00B,$0.03B,0.0,$0.05B,$-0.03B,-69.57%,$0.05B,$-0.04B,-80.43%,$0.05B,$-0.04B,-80.43%,$0.05B,$-0.04B,-76.09%,$0.05B,$0.02B,39.13%,$0.05B,$0.01B,13.04%,$0.01B,$0.03B,46.15%,$0.01B,$0.03B,46.15%,$0.01B,$0.06B,19.51%,$-0.04B,$0.03B,-284.62%,$26,$21,$6,$0,$1,$22,$4,$-0,$4,$0,$4,$4,$4,$5,$4,$1,39,$4.98,$0.10,$6,$16,$11,$38,$0,$0,$0,$0,$1,$58,$30,$0,$0,$0,$30,$0,$24,$0,$28,$58,$4,$0,$0,$0,$0,$0,$0,$0,$1,$6,$-0,$0,$0,$0,$0,$0,$-0,$-0,$0,$-8,$0,$0,$0,$0,$0,$-8,$-2,$0,$0
39,2008-12-31,1.24,$0.00,0.0,$0.52,2.4,$-0.44,0.0,$0.06,20.68,$0.05B,$0.04B,1.1,$0.00B,$0.02B,0.0,$0.02B,$-0.04B,-190.00%,$0.02B,$-0.04B,-205.00%,$0.02B,$-0.04B,-205.00%,$0.02B,$-0.04B,-200.00%,$0.02B,$0.01B,70.00%,$0.02B,$0.00B,10.00%,$0.00B,$0.02B,33.33%,$0.00B,$0.02B,33.33%,$0.00B,$0.07B,12.31%,$-0.04B,$0.02B,-683.33%,$20,$58,$-38,$1,$2,$61,$-41,$-1,$14,$0,$14,$2,$2,$-40,$-41,$0,39,$5.11,$0.06,$8,$12,$13,$45,$0,$0,$0,$0,$1,$65,$41,$0,$0,$0,$41,$0,$20,$0,$24,$65,$14,$1,$0,$1,$0,$0,$0,$0,$-20,$-5,$-12,$0,$0,$0,$0,$0,$0,$-12,$0,$21,$0,$0,$0,$0,$0,$21,$4,$0,$0
40,2008-09-30,1.24,$0.00,0.0,0,0.0,0,0.0,0,0.0,$0.00B,$0.00B,0.02,$0.00B,$0.00B,0.0,$0.00B,0,nan%,$0.00B,0,nan%,$0.00B,0,nan%,$0.00B,0,nan%,$0.00B,0,nan%,$0.00B,0,nan%,$0.00B,$0.00B,nan%,$0.00B,$0.00B,nan%,$0.00B,$0.00B,nan%,$0.00B,$0.00B,nan%,$0,$0,$-0,$0,$0,$0,$-0,$-0,$-0,$0,$-0,$-0,$-0,$-0,$-0,$0,0,$0.00,$0.00,$0,$0,$0,$0,$0,$0,$0,$0,$0,$0,$0,$0,$0,$0,$0,$0,$-1,$0,$-0,$0,$-0,$0,$0,$0,$0,$0,$0,$0,$0,$-0,$0,$0,$0,$0,$0,$0,$0,$0,$0,$0,$0,$0,$0,$0,$0,$0,$0,$0,$0
