,Date,Stock Price,Book Value per Share,Price to Book Ratio,TTM Sales per Share,Price to Sales Ratio,TTM FCF per Share,Price to FCF Ratio,TTM Net EPS,PE Ratio,Current Assets,Current Liabilities,Current Ratio,Long Term Debt,Shareholder's Equity_x,Debt to Equity Ratio,TTM Revenue_x,TTM Gross Profit,Gross Margin,TTM Revenue_y,TTM Operating Income,Operating Margin,TTM Revenue_x,TTM EBIT,EBIT Margin,TTM Revenue_y,TTM EBITDA,EBITDA Margin,TTM Revenue_x,TTM Pre-Tax Income,Pre-Tax Margin,TTM Revenue_y,TTM Net Income_x,Net Margin,TTM Net Income_y,Shareholder's Equity_y,Return on Equity,TTM Net Income_x,Tangible Equity,Return on Tangible Equity,TTM Net Income_y,Total Assets,Return on Assets,TTM Net Income,LT Investments & Debt,Return on Investment,revenue,cost-goods-sold,gross-profit,research-development-expenses,selling-general-administrative-expenses,operating-expenses,operating-income,total-non-operating-income-expense,pre-tax-income,total-provision-income-taxes,income-after-taxes,income-from-continuous-operations,net-income,ebitda,ebit,basic-shares-outstanding,shares-outstanding,eps-basic-net-earnings-per-share,eps-earnings-per-share-diluted,cash-on-hand,inventory,other-current-assets,total-current-assets,net-property-plant-equipment,long-term-investments,goodwill-intangible-assets-total,other-long-term-assets,total-long-term-assets,total-assets,total-current-liabilities,long-term-debt,other-non-current-liabilities,total-long-term-liabilities,total-liabilities,common-stock-net,retained-earnings-accumulated-deficit,comprehensive-income,total-share-holder-equity,total-liabilities-share-holders-equity,net-income-loss,total-depreciation-amortization-cash-flow,other-non-cash-items,total-non-cash-items,change-in-accounts-receivable,change-in-inventories,change-in-accounts-payable,change-in-assets-liabilities,total-change-in-assets-liabilities,cash-flow-from-operating-activities,net-change-in-property-plant-equipment,net-change-in-intangible-assets,net-acquisitions-divestitures,net-change-in-short-term-investments,net-change-in-long-term-investments,net-change-in-investments-total,investing-activities-other,cash-flow-from-investing-activities,net-long-term-debt,net-current-debt,debt-issuance-retirement-net-total,net-common-equity-issued-repurchased,net-total-equity-issued-repurchased,total-common-preferred-stock-dividends-paid,financial-activities-other,cash-flow-from-financial-activities,net-cash-flow,stock-based-compensation,common-stock-dividends-paid
0,2018-09-30,152.75,$86.06,1.77,$24.33,6.28,$10.71,14.26,$7.24,21.1,$1.03B,$1.88B,0.55,$4.14B,$17.23B,0.24,$3.86B,$3.03B,78.29%,$3.86B,$0.83B,21.48%,$3.86B,$0.83B,21.48%,$3.86B,$2.16B,55.93%,$3.86B,$0.79B,20.50%,$3.86B,$1.03B,26.71%,$1.03B,$17.23B,9.02%,$1.03B,$14.97B,9.50%,$1.03B,$25.21B,6.06%,$0.83B,$21.38B,5.79%,$1192,$245,$947,$0,$84,$1417,$-225,$-43,$-268,$-69,$-199,$-199,$-199,$181,$-225,$189,189,$-1.05,$-1.05,$24,$36,$0,$1028,$21895,$0,$2266,$10,$24182,$25210,$1876,$4143,$528,$6102,$7978,$0,$2613,$0,$17232,$25210,$773,$1033,$52,$1085,$-57,$-12,$35,$37,$3,$1861,$-1462,$0,$-105,$0,$148,$148,$-3,$-1422,$-224,$-29,$-253,$-63,$-63,$0,$-99,$-415,$24,$58,$0
1,2018-06-30,138.35,$66.21,2.09,$22.28,6.21,$14.45,9.58,$7.52,18.4,$0.95B,$1.25B,0.76,$2.37B,$9.89B,0.24,$3.30B,$2.55B,77.33%,$3.30B,$0.98B,29.65%,$3.30B,$0.98B,29.65%,$3.30B,$2.19B,66.29%,$3.30B,$0.88B,26.71%,$3.30B,$1.12B,33.89%,$1.12B,$9.89B,12.03%,$1.12B,$9.87B,12.06%,$1.12B,$14.79B,7.93%,$0.98B,$12.26B,8.26%,$945,$209,$736,$0,$72,$733,$212,$-35,$177,$40,$137,$137,$137,$522,$212,$148,148,$0.92,$0.92,$55,$17,$173,$950,$13791,$0,$21,$19,$13843,$14793,$1246,$2371,$304,$3656,$4902,$0,$2812,$0,$9891,$14793,$972,$627,$-498,$129,$-56,$-3,$48,$0,$-11,$1090,$-952,$0,$-19,$0,$148,$148,$258,$-565,$-322,$-116,$-438,$-31,$-31,$0,$-1,$-470,$55,$35,$0
2,2018-03-31,150.33,$65.32,2.3,$19.74,7.62,$14.54,10.34,$7.62,19.73,$0.72B,$1.11B,0.65,$2.37B,$9.74B,0.24,$2.92B,$2.24B,76.62%,$2.92B,$1.04B,35.43%,$2.92B,$1.04B,35.43%,$2.92B,$2.22B,75.83%,$2.92B,$0.95B,32.49%,$2.92B,$1.13B,38.79%,$1.13B,$9.74B,12.58%,$1.13B,$9.72B,12.62%,$1.13B,$14.38B,8.21%,$1.04B,$12.11B,8.89%,$947,$211,$736,$0,$65,$-75,$1022,$67,$1089,$254,$835,$835,$829,$1339,$1022,$148,148,$5.60,$5.58,$0,$11,$23,$719,$13611,$0,$22,$17,$13662,$14381,$1109,$2370,$223,$3534,$4643,$0,$2675,$0,$9738,$14381,$835,$317,$-613,$-296,$-81,$3,$-10,$37,$-51,$488,$-225,$0,$-13,$0,$148,$148,$-3,$-93,$-322,$-44,$-366,$-29,$-29,$0,$0,$-395,$0,$17,$0
3,2017-12-31,150.22,$59.94,2.51,$17.51,8.58,$19.03,7.89,$6.41,23.44,$0.59B,$1.17B,0.51,$2.69B,$8.92B,0.3,$2.59B,$1.98B,76.53%,$2.59B,$1.07B,41.53%,$2.59B,$1.07B,41.53%,$2.59B,$2.22B,85.85%,$2.59B,$0.88B,34.07%,$2.59B,$0.95B,36.70%,$0.95B,$8.92B,10.91%,$0.95B,$8.89B,10.94%,$0.95B,$13.73B,7.01%,$1.07B,$11.61B,9.40%,$780,$174,$606,$0,$64,$959,$-179,$-27,$-206,$-473,$267,$267,$265,$119,$-179,$147,148,$1.80,$1.79,$0,$14,$0,$592,$13041,$0,$26,$60,$13140,$13732,$1165,$2691,$274,$3652,$4817,$0,$1840,$0,$8915,$13732,$956,$1146,$-384,$762,$-126,$0,$66,$37,$-23,$1695,$-822,$0,$-908,$0,$0,$0,$11,$-1719,$-34,$116,$82,$-23,$-23,$0,$-88,$-29,$-53,$60,$0
4,2017-09-30,131.72,$59.16,2.23,$16.13,8.17,$17.65,7.46,$3.76,35.03,$0.54B,$0.81B,0.66,$2.74B,$8.63B,0.32,$2.33B,$1.78B,76.19%,$2.33B,$1.10B,47.36%,$2.33B,$1.10B,47.36%,$2.33B,$2.23B,95.62%,$2.33B,$0.87B,37.24%,$2.33B,$0.56B,23.98%,$0.56B,$8.63B,6.67%,$0.56B,$8.61B,6.69%,$0.56B,$13.48B,4.26%,$1.10B,$11.37B,9.93%,$627,$154,$473,$0,$64,$704,$-77,$-102,$-179,$-66,$-113,$-113,$-113,$207,$-77,$148,148,$-0.77,$-0.77,$0,$0,$4,$535,$12819,$0,$24,$90,$12947,$13482,$810,$2738,$153,$4041,$4851,$0,$1573,$0,$8631,$13482,$689,$848,$-293,$555,$-61,$-1,$12,$-9,$-59,$1185,$-323,$0,$-866,$0,$0,$0,$-18,$-1207,$12,$68,$80,$-23,$-23,$0,$-88,$-31,$-53,$43,$0
5,2017-06-30,121.53,$58.69,2.07,$15.06,8.07,$14.53,8.37,$4.15,29.28,$1.30B,$0.77B,1.7,$2.74B,$8.73B,0.31,$2.13B,$1.63B,76.34%,$2.13B,$1.18B,55.44%,$2.13B,$1.18B,55.44%,$2.13B,$2.32B,108.86%,$2.13B,$0.97B,45.27%,$2.13B,$0.62B,29.10%,$0.62B,$8.73B,7.74%,$0.62B,$8.71B,7.77%,$0.62B,$13.59B,4.91%,$1.18B,$11.47B,10.99%,$567,$144,$423,$0,$60,$298,$269,$-24,$245,$93,$152,$152,$152,$550,$269,$147,148,$1.02,$1.02,$662,$0,$135,$1304,$12040,$0,$24,$208,$12287,$13591,$766,$2741,$143,$4096,$4862,$0,$1686,$0,$8729,$13591,$802,$564,$-543,$21,$-24,$1,$-4,$9,$-18,$805,$-654,$0,$-239,$0,$0,$0,$725,$-168,$0,$0,$0,$-21,$-21,$0,$-7,$-28,$609,$26,$0
6,2017-03-31,128.34,$57.58,2.23,$14.25,9.0,$15.83,8.11,$1.09,117.74,$1.35B,$0.78B,1.74,$2.74B,$8.53B,0.32,$1.96B,$1.49B,76.01%,$1.96B,$0.55B,27.76%,$1.96B,$0.55B,27.76%,$1.96B,$1.69B,85.84%,$1.96B,$0.30B,15.13%,$1.96B,$0.20B,10.34%,$0.20B,$8.53B,2.78%,$0.20B,$8.51B,2.79%,$0.20B,$13.32B,1.69%,$0.55B,$11.27B,5.34%,$612,$135,$477,$0,$56,$-449,$1061,$-40,$1021,$371,$650,$650,$645,$1344,$1061,$147,148,$4.39,$4.37,$771,$0,$55,$1353,$11829,$0,$24,$103,$11966,$13319,$780,$2741,$144,$4007,$4787,$0,$1534,$0,$8532,$13319,$650,$283,$-528,$-245,$-6,$0,$15,$-7,$2,$407,$518,$0,$-171,$0,$0,$0,$-17,$330,$0,$0,$0,$-19,$-19,$0,$0,$-19,$718,$12,$0
7,2016-12-31,132.6,$52.19,2.54,$12.32,10.76,$11.69,11.35,$-11.23,0.0,$0.56B,$0.75B,0.75,$2.74B,$7.62B,0.36,$1.64B,$1.18B,72.42%,$1.64B,$-2.07B,-126.54%,$1.64B,$-2.07B,-126.54%,$1.64B,$-0.90B,-55.17%,$1.64B,$-2.34B,-143.00%,$1.64B,$-1.46B,-89.42%,$-1.46B,$7.62B,-21.76%,$-1.46B,$7.60B,-21.84%,$-1.46B,$12.12B,-12.75%,$-2.07B,$10.36B,-21.21%,$525,$122,$403,$0,$66,$674,$-149,$-70,$-219,$-94,$-125,$-125,$-125,$128,$-149,$135,135,$-0.48,$-0.48,$53,$16,$4,$562,$11302,$0,$24,$220,$11557,$12119,$753,$2741,$236,$3743,$4496,$0,$884,$0,$7623,$12119,$-1462,$1167,$1730,$2897,$32,$2,$-23,$-62,$-51,$1384,$-775,$0,$-1351,$0,$-56,$-56,$-43,$-2225,$-600,$0,$-600,$1315,$1315,$0,$-50,$665,$-176,$59,$0
8,2016-09-30,137.35,$50.47,2.72,$11.66,11.78,$1.17,117.53,$-10.38,0.0,$1.72B,$0.57B,3.0,$2.74B,$7.20B,0.38,$1.50B,$1.04B,69.07%,$1.50B,$-1.85B,-123.60%,$1.50B,$-1.85B,-123.60%,$1.50B,$-0.64B,-42.80%,$1.50B,$-2.11B,-140.93%,$1.50B,$-1.34B,-89.13%,$-1.34B,$7.20B,-20.41%,$-1.34B,$7.17B,-20.49%,$-1.34B,$11.57B,-11.53%,$-1.85B,$9.94B,-19.05%,$430,$104,$326,$0,$53,$428,$2,$-83,$-81,$-30,$-51,$-51,$-51,$301,$2,$135,135,$-0.38,$-0.38,$1159,$0,$119,$1719,$9547,$0,$25,$268,$9852,$11571,$573,$2741,$200,$3803,$4376,$0,$1008,$0,$7195,$11571,$-1337,$890,$1539,$2429,$61,$2,$-48,$-88,$-73,$1019,$-651,$0,$0,$0,$-51,$-51,$-81,$-783,$-600,$0,$-600,$1316,$1316,$0,$-22,$694,$930,$43,$0
9,2016-06-30,119.27,$44.79,2.66,$12.37,9.64,$-13.79,0.0,$-8.51,0.0,$1.11B,$0.58B,1.93,$3.33B,$5.90B,0.57,$1.53B,$1.04B,67.51%,$1.53B,$-1.53B,-99.87%,$1.53B,$-1.53B,-99.87%,$1.53B,$-0.29B,-18.85%,$1.53B,$-1.76B,-114.87%,$1.53B,$-1.11B,-72.28%,$-1.11B,$5.90B,-17.63%,$-1.11B,$5.88B,-17.70%,$-1.11B,$10.90B,-9.36%,$-1.53B,$9.24B,-15.72%,$396,$110,$286,$0,$53,$765,$-369,$-55,$-424,$-158,$-266,$-266,$-266,$-88,$-369,$130,130,$-2.04,$-2.04,$481,$0,$231,$1112,$9566,$0,$25,$185,$9790,$10902,$576,$3334,$198,$4422,$4998,$0,$1059,$0,$5904,$10902,$-1286,$591,$1397,$1988,$60,$3,$-52,$-37,$-26,$676,$-373,$0,$0,$0,$-39,$-39,$0,$-412,$0,$0,$0,$-11,$-11,$0,$-1,$-12,$252,$28,$0
10,2016-03-31,101.04,$46.81,2.16,$13.90,7.27,$-24.87,0.0,$-7.49,0.0,$1.39B,$0.61B,2.3,$3.33B,$6.16B,0.54,$1.67B,$1.14B,68.34%,$1.67B,$-1.30B,-77.42%,$1.67B,$-1.30B,-77.42%,$1.67B,$-0.03B,-1.79%,$1.67B,$-1.53B,-91.28%,$1.67B,$-0.96B,-57.47%,$-0.96B,$6.16B,-15.29%,$-0.96B,$6.13B,-15.35%,$-0.96B,$11.29B,-7.92%,$-1.30B,$9.49B,-13.21%,$284,$115,$169,$0,$54,$1837,$-1553,$-61,$-1614,$-594,$-1020,$-1020,$-1020,$-1243,$-1553,$128,128,$-7.95,$-7.95,$467,$0,$528,$1389,$9570,$0,$25,$288,$9898,$11287,$605,$3333,$143,$4523,$5128,$0,$1325,$0,$6159,$11287,$-1020,$310,$1051,$1361,$68,$0,$-36,$-3,$29,$370,$-97,$0,$0,$0,$-25,$-25,$0,$-122,$0,$0,$0,$-9,$-9,$0,$-1,$-10,$238,$16,$0
11,2015-12-31,92.86,$53.76,1.73,$15.30,6.07,$-32.87,0.0,$0.52,178.58,$1.32B,$0.60B,2.2,$3.33B,$6.94B,0.48,$1.80B,$1.26B,70.01%,$1.80B,$0.33B,18.13%,$1.80B,$0.33B,18.13%,$1.80B,$1.55B,85.92%,$1.80B,$0.10B,5.43%,$1.80B,$0.07B,3.66%,$0.07B,$6.94B,1.05%,$0.07B,$6.92B,1.06%,$0.07B,$12.64B,0.53%,$0.33B,$10.28B,3.34%,$390,$135,$255,$0,$51,$323,$66,$-61,$5,$6,$-1,$-1,$0,$388,$66,$120,120,$0.00,$0.01,$229,$0,$652,$1315,$10977,$0,$26,$309,$11327,$12642,$596,$3332,$140,$5103,$5699,$0,$2346,$0,$6943,$12642,$66,$1223,$197,$1420,$128,$-5,$-86,$7,$44,$1530,$-2252,$0,$-259,$0,$-91,$-91,$0,$-2602,$-139,$-93,$-232,$1531,$1531,$0,$2,$1301,$229,$63,$0
12,2015-09-30,98.3,$50.99,1.93,$17.51,5.61,$-34.59,0.0,$1.68,58.51,$1.07B,$1.03B,1.04,$3.82B,$6.13B,0.62,$2.01B,$1.47B,73.01%,$2.01B,$0.51B,25.35%,$2.01B,$0.51B,25.35%,$2.01B,$1.67B,83.12%,$2.01B,$0.29B,14.54%,$2.01B,$0.19B,9.66%,$0.19B,$6.13B,3.32%,$0.19B,$6.11B,3.33%,$0.19B,$12.53B,1.60%,$0.51B,$9.96B,5.41%,$463,$138,$325,$0,$60,$139,$325,$-53,$272,$92,$180,$180,$178,$654,$325,$119,119,$1.49,$1.49,$0,$0,$581,$1071,$11162,$0,$26,$208,$11457,$12528,$1029,$3822,$133,$5365,$6394,$0,$2346,$0,$6134,$12528,$67,$901,$-278,$623,$111,$-7,$-48,$15,$71,$761,$-2222,$0,$0,$0,$-45,$-45,$443,$-1824,$307,$17,$324,$737,$737,$0,$2,$1063,$-0,$47,$0
13,2015-06-30,113.86,$49.36,2.31,$19.88,5.73,$-26.73,0.0,$2.88,39.53,$0.90B,$1.10B,0.82,$3.58B,$5.94B,0.6,$2.25B,$1.70B,75.77%,$2.25B,$0.73B,32.34%,$2.25B,$0.73B,32.34%,$2.25B,$1.82B,81.02%,$2.25B,$0.51B,22.81%,$2.25B,$0.32B,14.16%,$0.32B,$5.94B,5.68%,$0.32B,$5.91B,5.70%,$0.32B,$12.15B,2.70%,$0.73B,$9.52B,8.02%,$537,$142,$395,$0,$61,$671,$-134,$-58,$-191,$-71,$-120,$-120,$-120,$171,$-134,$118,118,$-1.02,$-1.02,$0,$0,$351,$902,$10976,$0,$26,$186,$11252,$12154,$1099,$3582,$145,$5117,$6216,$0,$2167,$0,$5938,$12154,$-113,$572,$-9,$563,$56,$-2,$-12,$-3,$39,$489,$-1519,$0,$0,$0,$-45,$-45,$279,$-1284,$67,$-10,$56,$737,$737,$0,$2,$796,$0,$31,$0
14,2015-03-31,115.92,$50.35,2.3,$21.83,5.31,$-20.01,0.0,$4.01,28.91,$1.15B,$1.23B,0.94,$3.38B,$6.04B,0.56,$2.41B,$1.88B,77.75%,$2.41B,$0.95B,39.29%,$2.41B,$0.95B,39.29%,$2.41B,$1.97B,81.81%,$2.41B,$0.72B,29.92%,$2.41B,$0.45B,18.65%,$0.45B,$6.04B,8.46%,$0.45B,$6.02B,8.50%,$0.45B,$12.21B,3.93%,$0.95B,$9.42B,10.87%,$414,$126,$288,$0,$59,$344,$70,$-58,$12,$4,$8,$8,$8,$337,$70,$114,114,$0.07,$0.06,$0,$0,$496,$1154,$10689,$0,$27,$272,$11053,$12207,$1225,$3377,$140,$4940,$6165,$0,$2287,$0,$6042,$12207,$8,$267,$-104,$164,$36,$0,$-74,$-7,$-45,$126,$-799,$0,$0,$0,$-20,$-20,$167,$-652,$-140,$-74,$-213,$738,$738,$0,$0,$526,$0,$15,$0
15,2014-12-31,99.75,$46.73,2.13,$24.56,4.06,$-14.94,0.0,$4.82,20.7,$1.19B,$1.27B,0.94,$3.47B,$5.28B,0.66,$2.66B,$2.12B,79.77%,$2.66B,$1.08B,40.60%,$2.66B,$1.08B,40.60%,$2.66B,$2.06B,77.48%,$2.66B,$0.86B,32.22%,$2.66B,$0.53B,20.04%,$0.53B,$5.28B,11.16%,$0.53B,$5.25B,11.23%,$0.53B,$11.75B,4.90%,$1.08B,$8.75B,13.09%,$594,$136,$458,$0,$54,$346,$248,$-49,$199,$69,$130,$130,$128,$507,$248,$109,109,$1.21,$1.21,$0,$0,$490,$1188,$10206,$0,$27,$310,$10563,$11752,$1265,$3469,$136,$5206,$6471,$0,$2280,$0,$5281,$11752,$538,$980,$271,$1251,$-105,$2,$62,$-3,$-43,$1746,$-2588,$0,$0,$0,$-30,$-30,$0,$-2618,$-111,$56,$-55,$921,$921,$0,$6,$872,$0,$47,$0
16,2014-09-30,125.39,$45.48,2.76,$25.19,4.98,$-12.20,0.0,$4.68,26.79,$0.77B,$0.89B,0.87,$3.38B,$5.14B,0.66,$2.70B,$2.17B,80.39%,$2.70B,$1.04B,38.47%,$2.70B,$1.04B,38.47%,$2.70B,$1.97B,73.02%,$2.70B,$0.80B,29.50%,$2.70B,$0.51B,18.83%,$0.51B,$5.14B,11.56%,$0.51B,$5.12B,11.63%,$0.51B,$11.04B,4.91%,$1.04B,$8.52B,13.12%,$700,$141,$560,$0,$53,$158,$542,$-50,$492,$186,$305,$305,$302,$804,$542,$112,112,$2.70,$2.69,$99,$0,$42,$771,$10066,$0,$28,$103,$10267,$11038,$891,$3378,$103,$5003,$5894,$0,$2150,$0,$5144,$11038,$408,$721,$220,$941,$-76,$3,$32,$-20,$-61,$1289,$-1780,$0,$0,$0,$-30,$-30,$-25,$-1835,$-250,$-37,$-287,$931,$931,$0,$1,$646,$99,$35,$0
17,2014-06-30,144.5,$42.62,3.39,$25.22,5.73,$-12.65,0.0,$2.28,63.38,$1.05B,$0.98B,1.07,$3.38B,$4.82B,0.7,$2.65B,$2.14B,80.80%,$2.65B,$0.61B,22.86%,$2.65B,$0.61B,22.86%,$2.65B,$1.48B,55.87%,$2.65B,$0.36B,13.43%,$2.65B,$0.24B,8.90%,$0.24B,$4.82B,5.87%,$0.24B,$4.79B,5.91%,$0.24B,$10.76B,2.37%,$0.61B,$8.19B,7.99%,$705,$135,$570,$0,$50,$617,$88,$-69,$19,$7,$12,$12,$12,$326,$88,$108,108,$0.11,$0.11,$365,$0,$0,$1054,$9564,$0,$28,$37,$9702,$10756,$983,$3379,$162,$4957,$5940,$0,$1845,$0,$4815,$10756,$103,$459,$321,$779,$-83,$5,$54,$-4,$-28,$855,$-1074,$0,$0,$0,$-10,$-10,$-41,$-1125,$-250,$-37,$-287,$929,$929,$0,$-7,$636,$365,$21,$0
18,2014-03-31,122.5,$36.69,3.34,$24.12,5.08,$-14.51,0.0,$2.98,41.11,$0.58B,$0.94B,0.61,$3.67B,$3.86B,0.95,$2.51B,$2.03B,80.83%,$2.51B,$0.74B,29.45%,$2.51B,$0.74B,29.45%,$2.51B,$1.56B,62.30%,$2.51B,$0.48B,18.97%,$2.51B,$0.31B,12.32%,$0.31B,$3.86B,8.32%,$0.31B,$3.83B,8.38%,$0.31B,$9.98B,3.22%,$0.74B,$7.54B,10.12%,$661,$127,$534,$0,$48,$459,$202,$-56,$147,$55,$91,$91,$91,$424,$202,$104,104,$0.87,$0.87,$0,$0,$1,$575,$9284,$0,$28,$21,$9403,$9978,$939,$3674,$117,$5178,$6117,$0,$1833,$0,$3861,$9978,$91,$221,$117,$338,$-10,$1,$42,$14,$46,$476,$-560,$0,$0,$0,$0,$0,$-15,$-575,$45,$54,$98,$-2,$-2,$0,$3,$99,$0,$11,$0
19,2013-12-31,108.0,$35.76,3.02,$22.31,4.84,$-15.66,0.0,$2.40,45.0,$0.52B,$0.76B,0.69,$3.63B,$3.76B,0.97,$2.32B,$1.87B,80.39%,$2.32B,$0.62B,26.64%,$2.32B,$0.62B,26.64%,$2.32B,$1.39B,59.91%,$2.32B,$0.36B,15.43%,$2.32B,$0.25B,10.69%,$0.25B,$3.76B,6.84%,$0.25B,$3.73B,6.89%,$0.25B,$9.59B,2.66%,$0.62B,$7.39B,8.69%,$632,$127,$505,$0,$45,$426,$206,$-68,$138,$32,$106,$106,$103,$416,$206,$104,104,$1.00,$1.00,$0,$0,$1,$521,$8946,$0,$29,$23,$9070,$9591,$757,$3630,$111,$5076,$5833,$0,$1742,$0,$3758,$9591,$251,$773,$422,$1195,$-40,$1,$10,$-54,$-84,$1362,$-1880,$0,$0,$0,$0,$0,$-17,$-1897,$528,$12,$540,$-0,$-0,$0,$-8,$532,$-3,$35,$0
20,2013-09-30,108.81,$34.65,3.14,$20.82,5.23,$-25.46,0.0,$2.11,51.57,$0.61B,$0.87B,0.7,$3.59B,$3.65B,0.99,$2.17B,$1.75B,80.56%,$2.17B,$0.60B,27.56%,$2.17B,$0.60B,27.56%,$2.17B,$1.32B,61.08%,$2.17B,$0.35B,16.07%,$2.17B,$0.22B,10.16%,$0.22B,$3.65B,6.19%,$0.22B,$3.62B,6.24%,$0.22B,$9.53B,2.43%,$0.60B,$7.23B,8.64%,$653,$120,$533,$0,$41,$543,$110,$-58,$52,$22,$30,$30,$30,$315,$110,$104,104,$0.29,$0.29,$0,$0,$1,$608,$8788,$0,$29,$30,$8923,$9531,$874,$3589,$121,$5012,$5886,$0,$1636,$0,$3645,$9531,$145,$562,$343,$906,$-113,$0,$49,$-43,$-106,$945,$-1448,$0,$0,$0,$0,$0,$-24,$-1472,$485,$45,$531,$-1,$-1,$0,$-5,$525,$-3,$25,$0
21,2013-06-30,83.72,$34.28,2.44,$19.01,4.4,$-35.34,0.0,$1.88,44.53,$0.54B,$0.84B,0.64,$3.46B,$3.60B,0.96,$1.98B,$1.59B,80.33%,$1.98B,$0.54B,27.15%,$1.98B,$0.54B,27.15%,$1.98B,$1.21B,61.12%,$1.98B,$0.29B,14.76%,$1.98B,$0.20B,9.91%,$0.20B,$3.60B,5.62%,$0.20B,$3.57B,5.67%,$0.20B,$9.24B,2.20%,$0.54B,$7.06B,7.85%,$563,$107,$456,$0,$41,$342,$221,$-82,$139,$53,$85,$85,$85,$408,$221,$104,104,$0.81,$0.81,$0,$0,$17,$539,$8549,$0,$29,$46,$8704,$9243,$843,$3458,$95,$4801,$5644,$0,$1605,$0,$3599,$9243,$115,$357,$130,$487,$-56,$-1,$1,$-60,$-115,$487,$-891,$0,$0,$0,$0,$0,$23,$-868,$354,$35,$389,$-1,$-1,$0,$-10,$378,$-3,$15,$0
22,2013-03-31,97.43,$33.47,2.91,$17.47,5.58,$-35.15,0.0,$4.14,23.53,$0.45B,$0.77B,0.58,$3.27B,$3.51B,0.93,$1.82B,$1.45B,79.98%,$1.82B,$0.86B,47.25%,$1.82B,$0.86B,47.25%,$1.82B,$1.48B,81.19%,$1.82B,$0.65B,35.97%,$1.82B,$0.43B,23.65%,$0.43B,$3.51B,12.55%,$0.43B,$3.48B,12.66%,$0.43B,$8.86B,5.04%,$0.86B,$6.77B,13.12%,$472,$101,$371,$0,$43,$391,$81,$-52,$29,$11,$18,$18,$30,$251,$81,$104,104,$0.29,$0.29,$1,$0,$7,$446,$8282,$0,$30,$31,$8417,$8863,$770,$3265,$103,$4588,$5358,$0,$1521,$0,$3505,$8863,$30,$170,$65,$235,$13,$-0,$-43,$-15,$-46,$220,$-424,$0,$0,$0,$0,$0,$22,$-402,$163,$15,$178,$-1,$-1,$0,$3,$181,$-2,$7,$0
23,2012-12-31,80.56,$33.14,2.43,$17.51,4.6,$-35.28,0.0,$4.15,19.41,$0.46B,$0.74B,0.62,$3.10B,$3.47B,0.9,$1.82B,$1.48B,81.04%,$1.82B,$0.85B,46.70%,$1.82B,$0.85B,46.70%,$1.82B,$1.43B,78.30%,$1.82B,$0.66B,36.26%,$1.82B,$0.43B,23.68%,$0.43B,$3.47B,13.03%,$0.43B,$3.44B,13.16%,$0.43B,$8.59B,5.28%,$0.85B,$6.57B,13.75%,$478,$92,$385,$0,$38,$292,$185,$-57,$128,$47,$81,$81,$75,$349,$185,$103,104,$0.72,$0.72,$3,$0,$36,$459,$7993,$0,$30,$29,$8131,$8589,$740,$3101,$95,$4383,$5123,$0,$1491,$0,$3466,$8589,$432,$575,$230,$805,$-23,$-2,$20,$5,$1,$1237,$-2774,$0,$0,$0,$0,$0,$533,$-2240,$1021,$-15,$1006,$5,$5,$0,$-5,$1006,$3,$30,$0
24,2012-09-30,94.75,$32.34,2.93,$16.36,5.79,$-23.87,0.0,$2.62,36.16,$0.50B,$0.70B,0.71,$3.60B,$3.38B,1.07,$1.70B,$1.39B,81.63%,$1.70B,$0.51B,29.80%,$1.70B,$0.51B,29.80%,$1.70B,$1.01B,59.60%,$1.70B,$0.34B,20.02%,$1.70B,$0.27B,16.08%,$0.27B,$3.38B,8.57%,$0.27B,$3.35B,8.66%,$0.27B,$8.93B,3.54%,$0.51B,$6.98B,8.71%,$465,$88,$377,$0,$35,$415,$50,$-54,$-4,$-1,$-3,$-3,$6,$201,$50,$103,104,$0.06,$0.06,$0,$0,$36,$497,$8280,$0,$32,$43,$8436,$8933,$700,$3601,$101,$4850,$5551,$0,$1415,$0,$3382,$8933,$356,$412,$168,$580,$-55,$-9,$-9,$-19,$-90,$846,$-2377,$0,$0,$0,$0,$0,$10,$-2367,$1521,$1,$1522,$5,$5,$0,$-5,$1522,$-0,$21,$0
25,2012-06-30,85.12,$32.17,2.65,$16.27,5.23,$-12.02,0.0,$6.00,14.19,$0.52B,$0.70B,0.74,$2.52B,$3.36B,0.75,$1.69B,$1.38B,81.74%,$1.69B,$1.07B,63.37%,$1.69B,$1.07B,63.37%,$1.69B,$1.54B,91.29%,$1.69B,$0.92B,54.59%,$1.69B,$0.62B,36.93%,$0.62B,$3.36B,20.06%,$0.62B,$3.32B,20.28%,$0.62B,$7.76B,8.75%,$1.07B,$5.88B,20.27%,$403,$82,$321,$0,$33,$-140,$543,$-42,$501,$192,$309,$309,$319,$675,$543,$103,104,$3.10,$3.07,$1,$0,$127,$515,$6991,$0,$33,$147,$7243,$7758,$699,$2523,$60,$3704,$4403,$0,$1409,$0,$3356,$7758,$350,$261,$7,$268,$7,$-6,$-6,$-3,$-7,$611,$-995,$0,$0,$0,$0,$0,$-52,$-1047,$443,$-6,$437,$1,$1,$0,$-2,$436,$0,$13,$0
26,2012-03-31,102.08,$29.09,3.51,$16.69,6.12,$-8.51,0.0,$5.17,19.74,$0.47B,$0.87B,0.55,$2.28B,$3.03B,0.75,$1.73B,$1.44B,82.95%,$1.73B,$0.93B,53.47%,$1.73B,$0.93B,53.47%,$1.73B,$1.36B,78.79%,$1.73B,$0.80B,45.95%,$1.73B,$0.54B,30.98%,$0.54B,$3.03B,18.23%,$0.54B,$2.99B,18.44%,$0.54B,$7.35B,8.01%,$0.93B,$5.31B,18.83%,$474,$82,$392,$0,$28,$402,$72,$-37,$35,$14,$21,$21,$31,$200,$72,$103,104,$0.30,$0.30,$1,$0,$0,$474,$6747,$0,$33,$19,$6872,$7347,$868,$2282,$144,$3453,$4321,$0,$1090,$0,$3026,$7347,$31,$128,$192,$320,$-19,$6,$20,$-13,$-6,$346,$-562,$0,$0,$0,$0,$0,$-14,$-576,$202,$31,$232,$1,$1,$0,$-3,$230,$0,$6,$0
27,2011-12-31,93.75,$28.74,3.26,$15.65,5.99,$-6.54,0.0,$5.28,17.76,$0.41B,$0.70B,0.59,$2.08B,$2.98B,0.7,$1.62B,$1.34B,82.87%,$1.62B,$0.80B,49.72%,$1.62B,$0.80B,49.72%,$1.62B,$1.20B,74.46%,$1.62B,$0.68B,42.12%,$1.62B,$0.55B,33.89%,$0.55B,$2.98B,19.60%,$0.55B,$2.95B,19.84%,$0.55B,$6.85B,8.72%,$0.80B,$5.06B,17.44%,$356,$61,$296,$0,$32,$515,$-159,$-34,$-192,$-72,$-120,$-120,$-83,$-64,$-159,$103,104,$-0.81,$-0.82,$0,$0,$2,$411,$6290,$0,$33,$49,$6439,$6850,$701,$2080,$85,$3167,$3869,$0,$1059,$0,$2981,$6850,$548,$400,$271,$671,$-118,$8,$59,$31,$-20,$1199,$-1549,$0,$0,$0,$0,$0,$-102,$-1651,$420,$27,$447,$5,$5,$0,$-0,$452,$-0,$19,$0
28,2011-09-30,71.14,$29.49,2.41,$14.64,4.86,$-17.85,0.0,$6.01,11.84,$0.55B,$0.66B,0.83,$1.79B,$3.06B,0.59,$1.49B,$1.24B,83.33%,$1.49B,$0.93B,62.16%,$1.49B,$0.93B,62.16%,$1.49B,$1.28B,86.29%,$1.49B,$0.80B,53.90%,$1.49B,$0.62B,41.87%,$0.62B,$3.06B,23.54%,$0.62B,$3.02B,23.85%,$0.62B,$6.52B,10.53%,$0.93B,$4.85B,21.22%,$454,$84,$370,$0,$23,$-158,$613,$-35,$577,$221,$356,$356,$356,$729,$613,$103,104,$3.47,$3.44,$0,$0,$146,$547,$5746,$0,$34,$128,$5976,$6523,$662,$1790,$42,$2803,$3465,$0,$1142,$0,$3058,$6523,$631,$305,$-47,$258,$-125,$1,$52,$-38,$-110,$779,$-1076,$0,$0,$0,$0,$0,$118,$-958,$130,$45,$174,$6,$6,$0,$-1,$179,$-0,$14,$0
29,2011-06-30,91.85,$26.04,3.53,$12.70,7.23,$-15.94,0.0,$2.79,32.92,$0.44B,$0.64B,0.69,$1.74B,$2.69B,0.64,$1.26B,$1.05B,83.65%,$1.26B,$0.35B,27.86%,$1.26B,$0.35B,27.86%,$1.26B,$0.65B,51.75%,$1.26B,$0.25B,19.76%,$1.26B,$0.29B,22.86%,$0.29B,$2.69B,12.36%,$0.29B,$2.66B,12.55%,$0.29B,$6.04B,5.57%,$0.35B,$4.43B,9.32%,$446,$70,$377,$0,$23,$47,$399,$-23,$375,$143,$232,$232,$232,$498,$399,$103,104,$2.26,$2.24,$0,$0,$5,$439,$5449,$0,$34,$43,$5598,$6036,$637,$1736,$123,$2705,$3342,$0,$785,$0,$2694,$6036,$275,$189,$118,$307,$-106,$-11,$37,$-16,$-96,$486,$-506,$0,$0,$0,$0,$0,$-76,$-582,$76,$18,$94,$5,$5,$0,$-3,$96,$0,$9,$0
30,2011-03-31,107.3,$23.72,4.52,$10.55,10.17,$-16.18,0.0,$1.90,56.47,$0.42B,$0.69B,0.61,$1.66B,$2.45B,0.68,$1.01B,$0.84B,82.92%,$1.01B,$0.16B,15.40%,$1.01B,$0.16B,15.40%,$1.01B,$0.41B,40.18%,$1.01B,$0.07B,6.52%,$1.01B,$0.18B,17.77%,$0.18B,$2.45B,8.58%,$0.18B,$2.42B,8.73%,$0.18B,$5.74B,3.98%,$0.16B,$4.11B,4.78%,$361,$64,$297,$0,$21,$410,$-49,$-30,$-79,$-30,$-49,$-49,$43,$41,$-49,$102,102,$0.42,$0.42,$1,$0,$0,$419,$5194,$0,$35,$46,$5323,$5742,$689,$1655,$188,$2602,$3291,$0,$553,$0,$2452,$5742,$43,$90,$122,$213,$-65,$-12,$-11,$-3,$-90,$165,$-176,$0,$0,$0,$0,$0,$-28,$-205,$-13,$32,$19,$4,$4,$0,$17,$40,$1,$4,$0
31,2010-12-31,87.67,$23.19,3.78,$9.23,9.5,$-15.83,0.0,$2.24,39.14,$0.33B,$0.51B,0.65,$1.67B,$2.38B,0.7,$0.85B,$0.71B,83.31%,$0.85B,$0.32B,37.60%,$0.85B,$0.32B,37.60%,$0.85B,$0.53B,62.40%,$0.85B,$0.25B,29.26%,$0.85B,$0.21B,24.09%,$0.21B,$2.38B,10.84%,$0.21B,$2.35B,11.05%,$0.21B,$5.37B,5.24%,$0.32B,$4.05B,11.44%,$227,$32,$196,$0,$20,$266,$-38,$-32,$-71,$-17,$-54,$-54,$-8,$16,$-38,$93,94,$-0.14,$-0.14,$0,$0,$7,$331,$4914,$0,$35,$36,$5038,$5368,$507,$1669,$88,$2478,$2985,$0,$511,$0,$2384,$5368,$204,$211,$265,$476,$-93,$-2,$51,$15,$-29,$652,$-2030,$0,$0,$0,$0,$0,$-14,$-2043,$664,$9,$672,$744,$744,$0,$-27,$1389,$-3,$13,$0
32,2010-09-30,66.17,$19.47,3.4,$8.51,7.78,$-4.78,0.0,$2.52,26.26,$0.24B,$0.35B,0.68,$0.69B,$1.79B,0.39,$0.77B,$0.64B,82.68%,$0.77B,$0.37B,48.44%,$0.77B,$0.37B,48.44%,$0.77B,$0.56B,73.31%,$0.77B,$0.32B,42.06%,$0.77B,$0.23B,29.95%,$0.23B,$1.79B,14.12%,$0.23B,$1.75B,14.43%,$0.23B,$3.54B,6.85%,$0.37B,$2.48B,15.96%,$226,$42,$184,$0,$15,$187,$39,$-16,$24,$7,$16,$16,$21,$97,$39,$91,92,$0.23,$0.22,$0,$0,$23,$239,$3196,$0,$35,$52,$3303,$3542,$350,$689,$37,$1403,$1753,$0,$519,$0,$1789,$3542,$212,$157,$88,$245,$-36,$-5,$2,$-16,$-55,$403,$-491,$0,$-18,$0,$0,$0,$-4,$-513,$-158,$35,$-122,$223,$223,$0,$7,$107,$-3,$9,$0
33,2010-06-30,55.33,$19.19,2.88,$7.85,7.05,$-4.85,0.0,$2.53,21.87,$0.22B,$0.35B,0.64,$0.64B,$1.76B,0.37,$0.70B,$0.58B,83.31%,$0.70B,$0.38B,54.96%,$0.70B,$0.38B,54.96%,$0.70B,$0.57B,81.87%,$0.70B,$0.34B,49.06%,$0.70B,$0.23B,32.95%,$0.23B,$1.76B,15.16%,$0.23B,$1.73B,15.53%,$0.23B,$3.44B,7.20%,$0.38B,$2.41B,17.36%,$199,$36,$163,$0,$18,$-4,$204,$-11,$192,$72,$120,$120,$124,$253,$204,$91,92,$1.36,$1.35,$0,$0,$32,$221,$3084,$0,$36,$83,$3224,$3444,$348,$644,$26,$1334,$1682,$0,$498,$0,$1762,$3444,$192,$100,$-2,$98,$-28,$-4,$-10,$-8,$-50,$240,$-280,$0,$-13,$0,$0,$0,$-9,$-302,$-202,$35,$-167,$223,$223,$0,$4,$60,$-3,$6,$0
34,2010-03-31,50.36,$17.82,2.83,$7.19,7.0,$-5.66,0.0,$0.79,63.75,$0.23B,$0.37B,0.62,$0.63B,$1.63B,0.38,$0.62B,$0.52B,83.15%,$0.62B,$0.13B,20.06%,$0.62B,$0.13B,20.06%,$0.62B,$0.32B,50.72%,$0.62B,$0.09B,14.45%,$0.62B,$0.07B,11.56%,$0.07B,$1.63B,5.17%,$0.07B,$1.60B,5.31%,$0.07B,$3.28B,2.39%,$0.13B,$2.26B,5.99%,$199,$33,$166,$0,$14,$84,$115,$-11,$104,$39,$65,$65,$68,$165,$115,$89,90,$0.76,$0.75,$7,$0,$9,$226,$2952,$0,$36,$47,$3055,$3281,$367,$626,$40,$1283,$1649,$0,$374,$0,$1631,$3281,$68,$50,$24,$74,$-16,$-4,$-2,$17,$-5,$137,$-115,$0,$-10,$0,$0,$0,$-10,$-135,$-220,$-3,$-223,$222,$222,$0,$3,$2,$4,$3,$0
35,2009-12-31,44.9,$15.56,2.88,$6.00,7.49,$-6.98,0.0,$-0.12,0.0,$0.22B,$0.34B,0.65,$0.85B,$1.34B,0.63,$0.51B,$0.41B,80.98%,$0.51B,$-0.01B,-1.37%,$0.51B,$-0.01B,-1.37%,$0.51B,$0.19B,36.27%,$0.51B,$-0.04B,-6.86%,$0.51B,$-0.01B,-1.76%,$-0.01B,$1.34B,-0.69%,$-0.01B,$1.30B,-0.71%,$-0.01B,$3.17B,-0.31%,$-0.01B,$2.18B,-0.35%,$144,$22,$122,$0,$15,$130,$14,$-11,$3,$-11,$13,$13,$17,$48,$14,$85,85,$0.20,$0.20,$3,$0,$1,$217,$2856,$0,$37,$40,$2954,$3171,$337,$846,$50,$1499,$1836,$0,$306,$0,$1335,$3171,$-10,$192,$172,$364,$-26,$4,$16,$11,$5,$360,$-669,$0,$0,$0,$0,$0,$82,$-586,$216,$-6,$210,$6,$6,$0,$-3,$212,$-15,$9,$0
36,2009-09-30,36.32,$15.34,2.37,$5.34,6.8,$-2.90,0.0,$1.19,30.52,$0.18B,$0.24B,0.74,$0.65B,$1.31B,0.49,$0.45B,$0.36B,79.78%,$0.45B,$0.17B,37.78%,$0.45B,$0.17B,37.78%,$0.45B,$0.37B,82.22%,$0.45B,$0.14B,32.00%,$0.45B,$0.10B,22.89%,$0.10B,$1.31B,7.86%,$0.10B,$1.28B,8.09%,$0.10B,$2.82B,3.67%,$0.17B,$1.96B,8.66%,$153,$25,$128,$0,$13,$105,$49,$-7,$42,$22,$20,$20,$20,$103,$49,$85,86,$0.23,$0.23,$16,$0,$9,$179,$2528,$0,$37,$56,$2643,$2822,$242,$646,$30,$1267,$1509,$0,$289,$0,$1313,$2822,$-27,$158,$99,$257,$-10,$-4,$23,$-7,$1,$232,$-319,$0,$0,$0,$0,$0,$78,$-242,$16,$-7,$9,$4,$4,$0,$-6,$8,$-2,$7,$0
37,2009-06-30,28.69,$15.08,1.9,$5.62,5.11,$-0.67,0.0,$2.68,10.71,$0.17B,$0.22B,0.76,$0.66B,$1.29B,0.51,$0.47B,$0.37B,80.09%,$0.47B,$0.36B,77.94%,$0.47B,$0.36B,77.94%,$0.47B,$0.54B,116.06%,$0.47B,$0.34B,71.73%,$0.47B,$0.23B,48.18%,$0.23B,$1.29B,17.57%,$0.23B,$1.25B,18.15%,$0.23B,$2.77B,8.13%,$0.36B,$1.95B,18.87%,$127,$26,$102,$0,$14,$180,$-53,$-6,$-59,$-26,$-33,$-33,$-33,$-0,$-53,$85,85,$-0.39,$-0.39,$3,$0,$26,$167,$2487,$0,$37,$59,$2598,$2765,$219,$660,$31,$1256,$1475,$0,$270,$0,$1290,$2765,$-46,$103,$68,$171,$-18,$-7,$18,$0,$-7,$118,$-224,$0,$0,$0,$0,$0,$61,$-163,$30,$-7,$23,$4,$4,$0,$3,$30,$-15,$4,$0
38,2009-03-31,25.59,$15.46,1.66,$5.93,4.32,$1.07,23.91,$2.88,8.89,$0.25B,$0.25B,1.01,$0.67B,$1.32B,0.51,$0.48B,$0.39B,81.13%,$0.48B,$0.40B,83.23%,$0.48B,$0.40B,83.23%,$0.48B,$0.54B,114.05%,$0.48B,$0.37B,77.57%,$0.48B,$0.24B,51.15%,$0.24B,$1.32B,21.15%,$0.24B,$1.28B,21.74%,$0.24B,$2.83B,9.82%,$0.40B,$1.99B,23.19%,$86,$25,$61,$0,$12,$103,$-17,$-5,$-21,$-8,$-13,$-13,$-13,$34,$-17,$85,85,$-0.16,$-0.16,$2,$0,$86,$253,$2449,$0,$38,$75,$2577,$2829,$251,$671,$18,$1262,$1512,$0,$303,$0,$1317,$2829,$-13,$51,$7,$58,$-32,$-2,$17,$13,$-4,$41,$-132,$0,$0,$0,$0,$0,$37,$-95,$41,$-5,$36,$2,$2,$0,$1,$39,$-15,$2,$0
39,2008-12-31,22.82,$15.62,1.46,$6.30,3.62,$2.36,9.66,$3.33,6.85,$0.28B,$0.27B,1.03,$0.63B,$1.33B,0.48,$0.50B,$0.42B,83.53%,$0.50B,$0.46B,91.37%,$0.50B,$0.46B,91.37%,$0.50B,$0.57B,115.06%,$0.50B,$0.43B,85.94%,$0.50B,$0.28B,56.02%,$0.28B,$1.33B,27.22%,$0.28B,$1.29B,27.81%,$0.28B,$2.82B,12.92%,$0.46B,$1.96B,30.53%,$84,$16,$68,$0,$14,$-108,$191,$-10,$182,$61,$120,$120,$129,$233,$191,$79,81,$1.66,$1.64,$18,$0,$113,$279,$2401,$0,$38,$82,$2536,$2815,$271,$630,$15,$1219,$1490,$0,$316,$0,$1325,$2815,$279,$117,$-22,$95,$40,$-17,$-18,$13,$17,$391,$-355,$0,$-584,$0,$0,$0,$-6,$-946,$302,$4,$306,$248,$248,$0,$-12,$542,$-13,$5,$0
40,2008-09-30,27.61,$14.05,1.97,$6.75,4.09,$1.98,13.91,$1.91,14.46,$0.20B,$0.26B,0.79,$0.64B,$1.19B,0.53,$0.51B,$0.42B,82.07%,$0.51B,$0.28B,54.39%,$0.51B,$0.28B,54.39%,$0.51B,$0.38B,73.49%,$0.51B,$0.26B,49.90%,$0.51B,$0.16B,30.60%,$0.16B,$1.19B,17.69%,$0.16B,$1.14B,17.94%,$0.16B,$2.66B,8.56%,$0.28B,$1.82B,21.85%,$170,$27,$143,$0,$11,$-72,$243,$-10,$233,$91,$142,$142,$142,$275,$243,$81,83,$1.75,$1.72,$54,$0,$12,$202,$2350,$0,$49,$47,$2462,$2664,$255,$635,$42,$1220,$1475,$0,$187,$-5,$1189,$2664,$150,$76,$73,$149,$26,$-15,$-5,$15,$20,$319,$-219,$0,$-587,$0,$0,$0,$-29,$-835,$307,$-1,$306,$246,$246,$0,$-13,$540,$24,$5,$0
41,2008-06-30,37.3,$10.30,3.62,$5.68,6.56,$0.59,63.48,$0.30,124.33,$0.15B,$0.21B,0.7,$0.30B,$0.78B,0.38,$0.41B,$0.33B,80.83%,$0.41B,$0.06B,14.08%,$0.41B,$0.06B,14.08%,$0.41B,$0.14B,34.22%,$0.41B,$0.04B,8.98%,$0.41B,$0.02B,5.58%,$0.02B,$0.78B,2.94%,$0.02B,$0.78B,2.94%,$0.02B,$1.63B,1.50%,$0.06B,$1.08B,5.27%,$137,$22,$115,$0,$9,$157,$-20,$-4,$-24,$-9,$-14,$-14,$-14,$2,$-20,$76,76,$-0.19,$-0.19,$32,$0,$0,$146,$1476,$0,$0,$9,$1488,$1634,$209,$298,$55,$642,$850,$0,$45,$-21,$784,$1634,$8,$44,$129,$173,$-12,$-7,$-2,$4,$-18,$163,$-126,$0,$0,$0,$0,$0,$-16,$-142,$-27,$4,$-23,$2,$2,$0,$1,$-20,$1,$3,$0
