,Date,Stock Price,Book Value per Share,Price to Book Ratio,TTM Sales per Share,Price to Sales Ratio,TTM FCF per Share,Price to FCF Ratio,TTM Net EPS,PE Ratio,Current Assets,Current Liabilities,Current Ratio,Long Term Debt,Shareholder's Equity_x,Debt to Equity Ratio,TTM Revenue_x,TTM Gross Profit,Gross Margin,TTM Revenue_y,TTM Operating Income,Operating Margin,TTM Revenue_x,TTM EBIT,EBIT Margin,TTM Revenue_y,TTM EBITDA,EBITDA Margin,TTM Revenue_x,TTM Pre-Tax Income,Pre-Tax Margin,TTM Revenue_y,TTM Net Income_x,Net Margin,TTM Net Income_y,Shareholder's Equity_y,Return on Equity,TTM Net Income_x,Tangible Equity,Return on Tangible Equity,TTM Net Income_y,Total Assets,Return on Assets,TTM Net Income,LT Investments & Debt,Return on Investment,revenue,cost-goods-sold,gross-profit,research-development-expenses,selling-general-administrative-expenses,operating-expenses,operating-income,total-non-operating-income-expense,pre-tax-income,total-provision-income-taxes,income-after-taxes,income-from-continuous-operations,net-income,ebitda,ebit,basic-shares-outstanding,shares-outstanding,eps-basic-net-earnings-per-share,eps-earnings-per-share-diluted,cash-on-hand,inventory,other-current-assets,total-current-assets,net-property-plant-equipment,long-term-investments,goodwill-intangible-assets-total,other-long-term-assets,total-long-term-assets,total-assets,total-current-liabilities,long-term-debt,other-non-current-liabilities,total-long-term-liabilities,total-liabilities,common-stock-net,retained-earnings-accumulated-deficit,comprehensive-income,total-share-holder-equity,total-liabilities-share-holders-equity,net-income-loss,total-depreciation-amortization-cash-flow,other-non-cash-items,total-non-cash-items,change-in-accounts-receivable,change-in-inventories,change-in-accounts-payable,change-in-assets-liabilities,total-change-in-assets-liabilities,cash-flow-from-operating-activities,net-change-in-property-plant-equipment,net-change-in-intangible-assets,net-acquisitions-divestitures,net-change-in-short-term-investments,net-change-in-long-term-investments,net-change-in-investments-total,investing-activities-other,cash-flow-from-investing-activities,net-long-term-debt,net-current-debt,debt-issuance-retirement-net-total,net-common-equity-issued-repurchased,net-total-equity-issued-repurchased,total-common-preferred-stock-dividends-paid,financial-activities-other,cash-flow-from-financial-activities,net-cash-flow,stock-based-compensation,common-stock-dividends-paid
0,2018-09-30,3.35,$2.73,1.23,$5.40,0.62,$-0.24,0.0,$-0.41,0.0,$0.01B,$0.01B,1.8,$0.01B,$0.02B,0.34,$0.03B,$0.01B,32.26%,$0.03B,$-0.00B,-6.45%,$0.03B,$-0.00B,-6.45%,$0.03B,0,0.00%,$0.03B,$-0.00B,-6.45%,$0.03B,$-0.00B,-6.45%,$-0.00B,$0.02B,-11.43%,$-0.00B,$0.02B,-11.43%,$-0.00B,$0.03B,-6.67%,$-0.00B,$0.02B,-8.70%,$7,$5,$2,$0,$3,$8,$-1,$-0,$-1,$-0,$-1,$-1,$-1,$-1,$-1,$6,6,$-0.20,$-0.20,$1,$10,$0,$14,$15,$0,$0,$0,$15,$29,$8,$5,$0,$6,$13,$0,$-16,$0,$16,$29,$-2,$1,$0,$1,$1,$-1,$1,$-0,$-0,$-1,$-0,$0,$0,$0,$0,$0,$0,$-0,$-0,$1,$1,$0,$0,$0,$-0,$1,$-1,$0,$0
1,2018-06-30,3.9,$2.91,1.34,$5.60,0.7,$0.23,16.65,$-0.13,0.0,$0.01B,$0.01B,1.99,$0.01B,$0.02B,0.33,$0.03B,$0.01B,37.50%,$0.03B,0,0.00%,$0.03B,0,0.00%,$0.03B,$0.00B,6.25%,$0.03B,$-0.00B,-3.13%,$0.03B,$-0.00B,-3.13%,$-0.00B,$0.02B,-5.56%,$-0.00B,$0.02B,-5.56%,$-0.00B,$0.03B,-3.31%,$0.00B,$0.02B,0.00%,$7,$5,$2,$0,$3,$8,$-1,$-0,$-1,$-0,$-1,$-1,$-1,$-1,$-1,$6,6,$-0.22,$-0.22,$1,$9,$0,$14,$15,$0,$0,$0,$16,$30,$7,$6,$0,$6,$13,$0,$-15,$0,$17,$30,$-1,$0,$0,$1,$-0,$-0,$0,$0,$-0,$-1,$-0,$0,$0,$0,$0,$0,$0,$-0,$-0,$1,$1,$0,$0,$0,$-0,$1,$-0,$0,$0
2,2018-03-31,5.1,$3.14,1.63,$5.91,0.86,$0.44,11.58,$0.18,28.33,$0.01B,$0.01B,2.39,$0.01B,$0.02B,0.32,$0.03B,$0.01B,41.18%,$0.03B,$0.00B,5.88%,$0.03B,$0.00B,5.88%,$0.03B,$0.00B,11.76%,$0.03B,$0.00B,2.94%,$0.03B,$0.00B,2.94%,$0.00B,$0.02B,5.56%,$0.00B,$0.02B,5.56%,$0.00B,$0.03B,3.33%,$0.00B,$0.02B,8.33%,$8,$6,$2,$0,$3,$9,$-1,$-0,$-1,$-0,$-1,$-1,$-1,$-0,$-1,$6,6,$-0.18,$-0.18,$1,$9,$0,$14,$16,$0,$0,$0,$16,$30,$6,$6,$0,$6,$12,$0,$-14,$0,$18,$30,$1,$2,$1,$2,$-1,$-1,$-0,$-0,$-2,$1,$-1,$0,$0,$0,$0,$0,$-0,$-1,$-1,$0,$-1,$0,$0,$0,$0,$-0,$-0,$0,$0
3,2017-12-31,3.91,$3.32,1.18,$5.79,0.68,$0.42,9.25,$0.31,12.61,$0.02B,$0.01B,2.44,$0.01B,$0.02B,0.31,$0.03B,$0.02B,45.45%,$0.03B,$0.00B,9.09%,$0.03B,$0.00B,9.09%,$0.03B,$0.00B,12.12%,$0.03B,$0.00B,6.06%,$0.03B,$0.00B,6.06%,$0.00B,$0.02B,11.27%,$0.00B,$0.02B,11.27%,$0.00B,$0.03B,6.72%,$0.00B,$0.03B,12.63%,$9,$5,$4,$0,$3,$8,$1,$-0,$1,$-0,$1,$1,$1,$2,$1,$6,6,$0.19,$0.19,$2,$10,$0,$15,$16,$0,$0,$0,$16,$31,$6,$6,$0,$6,$12,$0,$-13,$0,$19,$31,$2,$1,$0,$2,$-1,$-2,$-0,$-0,$-2,$1,$-1,$0,$0,$0,$0,$0,$-0,$-1,$-0,$-0,$-0,$0,$0,$0,$0,$-0,$0,$0,$0
4,2017-09-30,4.06,$3.12,1.3,$5.56,0.73,$0.35,11.51,$0.06,67.66,$0.01B,$0.01B,2.36,$0.01B,$0.02B,0.33,$0.03B,$0.01B,43.75%,$0.03B,$0.00B,6.25%,$0.03B,$0.00B,6.25%,$0.03B,$0.00B,6.25%,$0.03B,$0.00B,3.13%,$0.03B,$0.00B,3.13%,$0.00B,$0.02B,5.80%,$0.00B,$0.02B,5.80%,$0.00B,$0.03B,3.39%,$0.00B,$0.02B,8.60%,$8,$4,$4,$0,$3,$7,$1,$-0,$0,$0,$0,$0,$0,$1,$1,$6,6,$0.08,$0.08,$2,$9,$0,$13,$16,$0,$0,$0,$16,$30,$6,$6,$0,$6,$12,$0,$-14,$0,$18,$30,$1,$1,$0,$1,$1,$-1,$-0,$0,$-1,$1,$-0,$0,$0,$0,$0,$0,$0,$-0,$-0,$-0,$-0,$0,$0,$0,$0,$-0,$1,$0,$0
5,2017-06-30,3.55,$3.01,1.18,$5.89,0.6,$0.27,13.09,0,0.0,$0.01B,$0.01B,2.25,$0.01B,$0.02B,0.36,$0.03B,$0.01B,41.18%,$0.03B,$0.00B,2.94%,$0.03B,$0.00B,2.94%,$0.03B,$0.00B,5.88%,$0.03B,$0.00B,2.94%,$0.03B,$0.00B,2.94%,$0.00B,$0.02B,5.88%,$0.00B,$0.02B,5.88%,$0.00B,$0.03B,3.36%,$0.00B,$0.02B,4.30%,$9,$5,$4,$0,$3,$8,$1,$-0,$1,$0,$1,$1,$1,$1,$1,$6,6,$0.09,$0.09,$1,$8,$0,$12,$16,$0,$0,$0,$16,$29,$5,$6,$0,$6,$12,$0,$-15,$0,$17,$29,$1,$0,$0,$1,$-0,$-0,$-1,$0,$-1,$0,$-0,$0,$0,$0,$0,$0,$0,$-0,$-0,$-0,$-0,$0,$0,$0,$0,$-0,$-0,$0,$0
6,2017-03-31,3.85,$2.92,1.32,$5.65,0.68,$0.24,15.73,$-0.21,0.0,$0.01B,$0.01B,2.03,$0.01B,$0.02B,0.38,$0.03B,$0.01B,40.63%,$0.03B,$-0.00B,-3.13%,$0.03B,$-0.00B,-3.13%,$0.03B,$0.00B,3.13%,$0.03B,$-0.00B,-3.13%,$0.03B,$-0.00B,-3.13%,$-0.00B,$0.02B,-5.88%,$-0.00B,$0.02B,-5.88%,$-0.00B,$0.03B,-3.31%,$-0.00B,$0.02B,-4.26%,$7,$5,$3,$0,$3,$7,$-0,$-0,$-0,$0,$-0,$-0,$-0,$0,$-0,$6,6,$-0.05,$-0.05,$1,$8,$0,$12,$17,$0,$0,$0,$17,$29,$6,$6,$0,$7,$13,$0,$-15,$0,$17,$29,$-1,$2,$0,$2,$1,$-0,$-0,$0,$0,$1,$-1,$0,$0,$0,$0,$0,$0,$-1,$0,$0,$0,$0,$0,$0,$-0,$-0,$0,$0,$0
7,2016-12-31,4.3,$2.99,1.44,$5.83,0.74,$-0.46,0.0,$-0.89,0.0,$0.01B,$0.01B,2.02,$0.01B,$0.02B,0.38,$0.03B,$0.01B,39.39%,$0.03B,$-0.00B,-6.06%,$0.03B,$-0.00B,-6.06%,$0.03B,$0.00B,3.03%,$0.03B,$-0.00B,-6.06%,$0.03B,$-0.01B,-15.15%,$-0.01B,$0.02B,-28.99%,$-0.01B,$0.02B,-28.99%,$-0.01B,$0.03B,-16.26%,$-0.00B,$0.02B,-8.33%,$8,$5,$3,$0,$3,$8,$-0,$-0,$-0,$0,$-0,$-0,$-0,$0,$-0,$6,6,$-0.06,$-0.06,$2,$8,$0,$13,$17,$0,$0,$0,$17,$30,$6,$6,$0,$7,$13,$0,$-15,$0,$17,$30,$-1,$2,$0,$2,$1,$0,$-0,$-0,$0,$1,$-1,$0,$0,$0,$0,$0,$0,$-1,$-0,$1,$0,$0,$0,$0,$-0,$0,$0,$0,$0
8,2016-09-30,3.69,$3.05,1.21,$5.84,0.63,$-1.05,0.0,$-0.87,0.0,$0.01B,$0.01B,1.93,$0.01B,$0.02B,0.38,$0.03B,$0.01B,39.39%,$0.03B,$-0.00B,-6.06%,$0.03B,$-0.00B,-6.06%,$0.03B,$0.00B,6.06%,$0.03B,$-0.00B,-6.06%,$0.03B,$-0.01B,-15.15%,$-0.01B,$0.02B,-27.03%,$-0.01B,$0.02B,-27.03%,$-0.01B,$0.03B,-15.63%,$-0.00B,$0.02B,-7.84%,$10,$6,$4,$0,$3,$10,$0,$-0,$0,$0,$0,$0,$0,$1,$0,$6,6,$0.02,$0.02,$2,$7,$0,$13,$17,$0,$0,$0,$18,$31,$7,$7,$0,$7,$14,$0,$-14,$0,$17,$31,$-1,$1,$0,$1,$-0,$0,$0,$-0,$0,$1,$-0,$0,$0,$0,$0,$0,$0,$-0,$-0,$1,$0,$0,$0,$0,$-0,$0,$1,$0,$0
9,2016-06-30,5.14,$3.02,1.7,$5.52,0.93,$-1.67,0.0,$-0.89,0.0,$0.01B,$0.01B,1.87,$0.01B,$0.02B,0.39,$0.03B,$0.01B,37.50%,$0.03B,$-0.00B,-6.25%,$0.03B,$-0.00B,-6.25%,$0.03B,$0.00B,3.13%,$0.03B,$-0.00B,-6.25%,$0.03B,$-0.01B,-15.63%,$-0.01B,$0.02B,-25.32%,$-0.01B,$0.02B,-25.32%,$-0.01B,$0.03B,-15.15%,$-0.00B,$0.02B,-7.48%,$7,$5,$3,$0,$3,$8,$-1,$-0,$-1,$-0,$-1,$-1,$-1,$-0,$-1,$6,6,$-0.12,$-0.12,$2,$8,$0,$13,$17,$0,$0,$0,$18,$31,$7,$7,$0,$7,$14,$0,$-15,$0,$17,$31,$-1,$1,$0,$1,$1,$-1,$-0,$-0,$0,$0,$-0,$0,$0,$0,$0,$0,$0,$-0,$-0,$1,$0,$0,$0,$0,$-0,$0,$0,$0,$0
10,2016-03-31,4.98,$3.18,1.56,$5.59,0.89,$-1.91,0.0,$-0.79,0.0,$0.01B,$0.01B,2.07,$0.01B,$0.02B,0.4,$0.03B,$0.01B,36.36%,$0.03B,$-0.00B,-3.03%,$0.03B,$-0.00B,-3.03%,$0.03B,$0.00B,3.03%,$0.03B,$-0.00B,-3.03%,$0.03B,$-0.00B,-12.12%,$-0.00B,$0.02B,-19.05%,$-0.00B,$0.02B,-19.05%,$-0.00B,$0.03B,-12.03%,$-0.00B,$0.03B,-3.64%,$8,$5,$3,$0,$3,$9,$-1,$-0,$-1,$3,$-4,$-4,$-4,$-0,$-1,$6,6,$-0.73,$-0.73,$1,$8,$0,$13,$18,$0,$0,$1,$18,$31,$6,$7,$0,$7,$13,$0,$-14,$0,$18,$31,$-4,$2,$4,$6,$0,$-2,$1,$0,$-1,$1,$-4,$0,$0,$0,$0,$0,$0,$-4,$2,$0,$2,$0,$0,$0,$0,$2,$-1,$1,$0
11,2015-12-31,5.25,$3.89,1.35,$5.67,0.93,$-1.81,0.0,$-0.09,0.0,$0.01B,$0.01B,2.25,$0.01B,$0.02B,0.33,$0.03B,$0.01B,35.29%,$0.03B,0,0.00%,$0.03B,0,0.00%,$0.03B,$0.00B,2.94%,$0.03B,0,0.00%,$0.03B,0,0.00%,$0.00B,$0.02B,0.00%,$0.00B,$0.02B,0.00%,$0.00B,$0.04B,0.00%,$0.00B,$0.03B,0.00%,$8,$4,$3,$0,$3,$7,$0,$-0,$0,$0,$-0,$-0,$-0,$1,$0,$6,6,$-0.04,$-0.04,$2,$7,$0,$13,$18,$0,$0,$1,$22,$35,$6,$7,$0,$7,$13,$0,$-10,$0,$22,$35,$-0,$1,$1,$2,$0,$-2,$1,$-0,$-0,$1,$-4,$0,$0,$0,$0,$0,$0,$-4,$2,$0,$2,$0,$0,$0,$0,$2,$-0,$1,$0
12,2015-09-30,5.94,$3.90,1.52,$6.00,0.99,$-1.74,0.0,$0.00,0.0,$0.01B,$0.01B,2.28,$0.01B,$0.02B,0.34,$0.04B,$0.01B,38.89%,$0.04B,$0.00B,2.78%,$0.04B,$0.00B,2.78%,$0.04B,$0.00B,5.56%,$0.04B,$0.00B,2.78%,$0.04B,0,0.00%,$0.00B,$0.02B,0.00%,$0.00B,$0.02B,0.00%,$0.00B,$0.04B,0.00%,$0.00B,$0.03B,3.64%,$9,$5,$3,$0,$3,$9,$-0,$-0,$-0,$-0,$0,$0,$0,$0,$-0,$6,6,$0.00,$0.00,$2,$6,$0,$13,$18,$0,$0,$1,$22,$35,$6,$7,$0,$7,$13,$0,$-10,$0,$22,$35,$-0,$1,$-0,$1,$-1,$-0,$1,$-0,$-0,$0,$-3,$0,$0,$0,$0,$0,$0,$-3,$2,$0,$2,$0,$0,$0,$0,$2,$-0,$0,$0
13,2015-06-30,9.47,$3.87,2.45,$5.99,1.58,$-1.52,0.0,$0.03,315.67,$0.01B,$0.01B,2.34,$0.01B,$0.02B,0.24,$0.04B,$0.02B,42.86%,$0.04B,$0.00B,2.86%,$0.04B,$0.00B,2.86%,$0.04B,$0.00B,5.71%,$0.04B,$0.00B,2.86%,$0.04B,0,0.00%,$0.00B,$0.02B,0.00%,$0.00B,$0.02B,0.00%,$0.00B,$0.03B,0.00%,$0.00B,$0.03B,3.74%,$8,$5,$3,$0,$3,$8,$-0,$-0,$-0,$-0,$-0,$-0,$-0,$0,$-0,$6,6,$-0.02,$-0.02,$2,$6,$0,$12,$16,$0,$0,$1,$20,$32,$5,$5,$0,$5,$10,$0,$-10,$0,$22,$32,$-0,$0,$0,$0,$-0,$-0,$0,$-0,$-0,$-0,$-1,$0,$0,$0,$0,$0,$0,$-1,$-0,$1,$0,$0,$0,$0,$0,$0,$-1,$0,$0
14,2015-03-31,8.42,$3.86,2.18,$6.02,1.4,$-1.49,0.0,$-0.03,0.0,$0.01B,$0.00B,2.73,$0.01B,$0.02B,0.24,$0.04B,$0.02B,42.86%,$0.04B,0,0.00%,$0.04B,0,0.00%,$0.04B,$0.00B,2.86%,$0.04B,0,0.00%,$0.04B,0,0.00%,$0.00B,$0.02B,0.00%,$0.00B,$0.02B,0.00%,$0.00B,$0.03B,0.00%,$0.00B,$0.03B,0.00%,$9,$6,$3,$0,$3,$9,$-0,$-0,$-0,$0,$-0,$-0,$-0,$0,$-0,$6,6,$-0.02,$-0.02,$2,$6,$0,$12,$15,$0,$0,$1,$19,$31,$4,$5,$0,$5,$9,$0,$-9,$0,$21,$31,$-0,$1,$1,$2,$-1,$-0,$-0,$0,$-1,$1,$-4,$0,$0,$0,$0,$0,$1,$-3,$-0,$0,$-0,$0,$0,$0,$0,$0,$-2,$1,$0
15,2014-12-31,6.93,$3.90,1.77,$5.66,1.22,$-1.31,0.0,$-0.06,0.0,$0.01B,$0.01B,2.63,$0.01B,$0.02B,0.24,$0.03B,$0.01B,42.42%,$0.03B,$-0.00B,-3.03%,$0.03B,$-0.00B,-3.03%,$0.03B,0,0.00%,$0.03B,$-0.00B,-3.03%,$0.03B,$-0.00B,-3.03%,$-0.00B,$0.02B,-4.71%,$-0.00B,$0.02B,-4.71%,$-0.00B,$0.03B,-3.23%,$-0.00B,$0.03B,-3.81%,$10,$5,$5,$0,$3,$8,$1,$-0,$1,$1,$0,$0,$0,$2,$1,$6,6,$0.08,$0.08,$3,$7,$0,$14,$14,$0,$0,$1,$18,$32,$5,$5,$0,$5,$10,$0,$-9,$0,$22,$32,$0,$1,$1,$2,$-1,$-2,$1,$0,$-1,$1,$-3,$0,$0,$0,$0,$0,$1,$-2,$-0,$0,$-0,$0,$0,$0,$0,$0,$-2,$1,$0
16,2014-09-30,4.71,$3.82,1.23,$5.30,0.89,$-1.44,0.0,$-0.10,0.0,$0.01B,$0.01B,2.36,$0.01B,$0.02B,0.24,$0.03B,$0.01B,40.00%,$0.03B,$-0.00B,-6.67%,$0.03B,$-0.00B,-6.67%,$0.03B,$-0.00B,-3.33%,$0.03B,$-0.00B,-6.67%,$0.03B,$-0.00B,-3.33%,$-0.00B,$0.02B,-4.76%,$-0.00B,$0.02B,-4.76%,$-0.00B,$0.03B,-3.28%,$-0.00B,$0.03B,-7.69%,$8,$4,$4,$0,$4,$8,$0,$-0,$0,$0,$0,$0,$0,$0,$0,$5,6,$0.01,$0.01,$3,$5,$0,$13,$13,$0,$0,$2,$19,$32,$6,$5,$0,$5,$11,$0,$-9,$0,$21,$32,$-0,$1,$-0,$0,$-0,$-1,$1,$-0,$0,$0,$-2,$0,$0,$0,$0,$0,$0,$-2,$-0,$0,$-0,$0,$0,$0,$0,$-0,$-1,$0,$0
17,2014-06-30,4.5,$3.76,1.2,$5.18,0.87,$-1.58,0.0,$-0.11,0.0,$0.01B,$0.00B,2.74,$0.01B,$0.02B,0.25,$0.03B,$0.01B,37.93%,$0.03B,$-0.00B,-6.90%,$0.03B,$-0.00B,-6.90%,$0.03B,0,0.00%,$0.03B,$-0.00B,-6.90%,$0.03B,$-0.00B,-3.45%,$-0.00B,$0.02B,-4.76%,$-0.00B,$0.02B,-4.76%,$-0.00B,$0.03B,-3.36%,$-0.00B,$0.03B,-7.69%,$8,$5,$3,$0,$4,$9,$-1,$-0,$-1,$-1,$-0,$-0,$-0,$-1,$-1,$5,5,$-0.07,$-0.07,$3,$5,$0,$12,$12,$0,$0,$2,$18,$30,$4,$5,$0,$5,$10,$0,$-10,$0,$21,$30,$-0,$0,$-1,$-0,$0,$0,$0,$-0,$0,$-0,$-1,$0,$0,$0,$0,$0,$0,$-1,$-0,$0,$-0,$0,$0,$0,$0,$-0,$-1,$0,$0
18,2014-03-31,5.24,$3.74,1.4,$5.02,1.04,$-1.71,0.0,$-0.02,0.0,$0.01B,$0.00B,3.03,$0.01B,$0.02B,0.26,$0.03B,$0.01B,39.29%,$0.03B,$-0.00B,-3.57%,$0.03B,$-0.00B,-3.57%,$0.03B,$0.00B,3.57%,$0.03B,$-0.00B,-3.57%,$0.03B,$-0.00B,-3.57%,$-0.00B,$0.02B,-4.82%,$-0.00B,$0.02B,-4.82%,$-0.00B,$0.03B,-3.39%,$-0.00B,$0.03B,-3.85%,$7,$4,$2,$0,$3,$8,$-1,$-0,$-1,$-1,$-1,$-1,$-1,$-1,$-1,$5,5,$-0.12,$-0.12,$4,$5,$0,$13,$12,$0,$0,$2,$17,$30,$4,$5,$0,$5,$9,$0,$-9,$0,$21,$30,$-0,$1,$1,$2,$1,$-2,$1,$-0,$1,$2,$-4,$0,$0,$0,$0,$0,$2,$-2,$-0,$0,$-0,$0,$0,$0,$0,$-0,$-0,$1,$0
19,2013-12-31,4.93,$3.83,1.29,$5.02,0.98,$-1.71,0.0,$0.51,9.67,$0.01B,$0.00B,3.62,$0.01B,$0.02B,0.25,$0.03B,$0.01B,42.86%,$0.03B,$0.00B,3.57%,$0.03B,$0.00B,3.57%,$0.03B,$0.00B,10.71%,$0.03B,$0.00B,3.57%,$0.03B,$0.00B,10.71%,$0.00B,$0.02B,14.63%,$0.00B,$0.02B,14.63%,$0.00B,$0.03B,10.26%,$0.00B,$0.03B,3.85%,$7,$4,$3,$0,$3,$7,$0,$-0,$0,$0,$0,$0,$0,$1,$0,$5,6,$0.01,$0.01,$3,$5,$0,$13,$11,$0,$0,$3,$17,$30,$4,$5,$0,$5,$9,$0,$-9,$0,$21,$30,$0,$1,$1,$2,$-1,$-2,$1,$-0,$-2,$0,$-3,$0,$0,$0,$0,$0,$2,$-2,$-0,$0,$-0,$0,$0,$0,$0,$-0,$-2,$1,$0
20,2013-09-30,5.84,$3.79,1.54,$5.00,1.17,$-1.58,0.0,$0.61,9.57,$0.01B,$0.00B,3.97,$0.01B,$0.02B,0.26,$0.03B,$0.01B,42.86%,$0.03B,$0.00B,7.14%,$0.03B,$0.00B,7.14%,$0.03B,$0.00B,10.71%,$0.03B,$0.00B,7.14%,$0.03B,$0.00B,14.29%,$0.00B,$0.02B,20.51%,$0.00B,$0.02B,20.51%,$0.00B,$0.03B,14.55%,$0.00B,$0.03B,8.16%,$7,$4,$3,$0,$2,$7,$0,$-0,$0,$0,$0,$0,$0,$1,$0,$5,6,$0.02,$0.02,$3,$4,$0,$12,$11,$0,$0,$3,$17,$29,$3,$5,$0,$5,$9,$0,$-9,$0,$21,$29,$0,$1,$1,$1,$-0,$-1,$0,$-0,$-1,$0,$-3,$0,$0,$0,$0,$0,$1,$-1,$-0,$0,$-0,$0,$0,$0,$0,$0,$-1,$0,$0
21,2013-06-30,6.41,$3.74,1.71,$4.95,1.3,$-1.27,0.0,$0.67,9.57,$0.01B,$0.00B,3.81,$0.01B,$0.02B,0.27,$0.03B,$0.01B,42.86%,$0.03B,$0.00B,10.71%,$0.03B,$0.00B,10.71%,$0.03B,$0.00B,10.71%,$0.03B,$0.00B,7.14%,$0.03B,$0.00B,14.29%,$0.00B,$0.02B,21.62%,$0.00B,$0.02B,21.62%,$0.00B,$0.03B,15.53%,$0.00B,$0.03B,13.19%,$7,$4,$3,$0,$3,$7,$0,$-0,$0,$0,$0,$0,$0,$0,$0,$5,6,$0.01,$0.01,$3,$4,$0,$12,$10,$0,$0,$4,$17,$29,$3,$5,$0,$5,$9,$0,$-9,$0,$20,$29,$0,$0,$0,$1,$-0,$-1,$0,$-0,$-1,$-0,$-2,$0,$0,$0,$0,$0,$1,$-1,$-0,$0,$-0,$0,$0,$0,$0,$-0,$-1,$0,$0
22,2013-03-31,4.47,$3.70,1.21,$4.83,0.93,$-0.99,0.0,$0.74,6.04,$0.01B,$0.00B,4.23,$0.01B,$0.02B,0.27,$0.03B,$0.01B,42.86%,$0.03B,$0.00B,14.29%,$0.03B,$0.00B,14.29%,$0.03B,$0.00B,14.29%,$0.03B,$0.00B,10.71%,$0.03B,$0.00B,14.29%,$0.00B,$0.02B,22.86%,$0.00B,$0.02B,22.86%,$0.00B,$0.03B,17.20%,$0.00B,$0.03B,19.75%,$7,$4,$3,$0,$2,$6,$1,$-0,$1,$-2,$3,$3,$3,$1,$1,$5,6,$0.47,$0.47,$4,$4,$0,$12,$9,$0,$0,$4,$16,$29,$3,$5,$0,$5,$8,$0,$-9,$0,$20,$29,$4,$1,$-1,$-0,$-1,$-0,$0,$-0,$-2,$2,$-4,$0,$0,$0,$0,$0,$-3,$-7,$5,$0,$5,$0,$0,$0,$-0,$5,$-1,$1,$0
23,2012-12-31,4.63,$3.19,1.45,$4.71,0.98,$-0.09,0.0,$0.47,9.85,$0.01B,$0.00B,4.12,$0.00B,$0.02B,0.13,$0.03B,$0.01B,40.74%,$0.03B,$0.00B,11.11%,$0.03B,$0.00B,11.11%,$0.03B,$0.00B,14.81%,$0.03B,$0.00B,7.41%,$0.03B,$0.00B,7.41%,$0.00B,$0.02B,12.31%,$0.00B,$0.02B,12.31%,$0.00B,$0.02B,9.64%,$0.00B,$0.02B,16.90%,$7,$4,$3,$0,$2,$7,$1,$-0,$1,$0,$1,$1,$1,$1,$1,$5,6,$0.11,$0.11,$4,$3,$0,$12,$8,$0,$0,$1,$11,$23,$3,$2,$0,$2,$5,$0,$-12,$0,$17,$23,$2,$1,$1,$1,$-2,$0,$0,$-0,$-2,$1,$-3,$0,$0,$0,$0,$0,$-0,$-4,$2,$0,$2,$0,$0,$0,$-0,$1,$-1,$1,$0
24,2012-09-30,5.9,$3.04,1.94,$4.62,1.28,$0.76,7.77,$0.56,10.54,$0.01B,$0.00B,3.44,$0.00B,$0.02B,0.14,$0.03B,$0.01B,40.74%,$0.03B,$0.00B,11.11%,$0.03B,$0.00B,11.11%,$0.03B,$0.00B,14.81%,$0.03B,$0.00B,7.41%,$0.03B,$0.00B,7.41%,$0.00B,$0.02B,12.90%,$0.00B,$0.02B,12.90%,$0.00B,$0.02B,10.39%,$0.00B,$0.02B,18.46%,$7,$4,$3,$0,$2,$6,$1,$-0,$0,$0,$0,$0,$0,$1,$1,$5,6,$0.09,$0.08,$4,$3,$0,$11,$7,$0,$0,$3,$11,$22,$3,$2,$0,$2,$6,$0,$-12,$0,$17,$22,$1,$0,$0,$1,$-1,$0,$0,$-0,$-1,$1,$-1,$0,$0,$0,$0,$0,$-2,$-4,$2,$0,$2,$0,$0,$0,$-0,$1,$-1,$0,$0
25,2012-06-30,6.92,$2.92,2.37,$4.49,1.54,$1.25,5.53,$0.64,10.81,$0.01B,$0.00B,4.13,$0.00B,$0.02B,0.02,$0.03B,$0.01B,42.31%,$0.03B,$0.00B,11.54%,$0.03B,$0.00B,11.54%,$0.03B,$0.00B,15.38%,$0.03B,$0.00B,11.54%,$0.03B,$0.00B,11.54%,$0.00B,$0.02B,20.69%,$0.00B,$0.02B,20.69%,$0.00B,$0.02B,16.90%,$0.00B,$0.02B,20.34%,$7,$4,$3,$0,$2,$6,$1,$-0,$1,$0,$0,$0,$0,$1,$1,$5,6,$0.09,$0.08,$5,$3,$0,$11,$6,$0,$0,$1,$8,$19,$3,$0,$0,$0,$3,$0,$-13,$0,$16,$19,$0,$0,$0,$0,$-0,$0,$-0,$-0,$-1,$0,$-1,$0,$0,$0,$0,$0,$0,$-1,$-0,$0,$-0,$0,$0,$0,$0,$-0,$-0,$0,$0
26,2012-03-31,10.13,$2.81,3.61,$4.47,2.27,$1.51,6.73,$0.65,15.58,$0.01B,$0.00B,3.4,$0.00B,$0.02B,0.03,$0.03B,$0.01B,40.00%,$0.03B,$0.00B,12.00%,$0.03B,$0.00B,12.00%,$0.03B,$0.00B,16.00%,$0.03B,$0.00B,12.00%,$0.03B,$0.00B,12.00%,$0.00B,$0.02B,22.22%,$0.00B,$0.02B,22.22%,$0.00B,$0.02B,18.18%,$0.00B,$0.02B,21.82%,$6,$4,$2,$0,$2,$6,$0,$-0,$0,$-1,$1,$1,$1,$1,$0,$5,6,$0.21,$0.21,$5,$4,$0,$11,$6,$0,$0,$0,$8,$19,$3,$0,$0,$0,$4,$0,$-13,$0,$15,$19,$4,$1,$-1,$0,$0,$0,$1,$-0,$1,$5,$-2,$0,$0,$0,$0,$0,$0,$-2,$-0,$0,$-0,$0,$0,$0,$0,$-0,$3,$0,$0
27,2011-12-31,6.95,$2.57,2.7,$4.35,1.6,$1.18,5.88,$0.59,11.78,$0.01B,$0.00B,3.91,$0.00B,$0.01B,0.03,$0.02B,$0.01B,41.67%,$0.02B,$0.00B,12.50%,$0.02B,$0.00B,12.50%,$0.02B,$0.00B,12.50%,$0.02B,$0.00B,12.50%,$0.02B,$0.00B,12.50%,$0.00B,$0.01B,24.00%,$0.00B,$0.01B,24.00%,$0.00B,$0.02B,19.67%,$0.00B,$0.01B,23.53%,$7,$4,$3,$0,$2,$6,$1,$-0,$1,$0,$1,$1,$1,$1,$1,$5,6,$0.21,$0.20,$4,$4,$0,$11,$5,$0,$0,$0,$6,$17,$3,$0,$0,$0,$3,$0,$-14,$0,$14,$17,$2,$1,$0,$1,$-0,$0,$0,$-0,$0,$4,$-1,$0,$0,$0,$0,$0,$0,$-1,$-0,$0,$-0,$0,$0,$0,$0,$-0,$2,$0,$0
28,2011-09-30,3.76,$2.35,1.6,$3.87,0.97,$0.77,4.88,$0.39,9.63,$0.01B,$0.00B,3.93,$0.00B,$0.01B,0.04,$0.02B,$0.01B,38.10%,$0.02B,$0.00B,9.52%,$0.02B,$0.00B,9.52%,$0.02B,$0.00B,9.52%,$0.02B,$0.00B,9.52%,$0.02B,$0.00B,9.52%,$0.00B,$0.01B,17.39%,$0.00B,$0.01B,17.39%,$0.00B,$0.02B,14.04%,$0.00B,$0.01B,16.67%,$6,$3,$3,$0,$2,$5,$1,$-0,$1,$0,$1,$1,$1,$1,$1,$5,5,$0.16,$0.16,$4,$3,$0,$10,$5,$0,$0,$0,$6,$16,$3,$0,$0,$0,$3,$0,$-15,$0,$13,$16,$1,$0,$0,$1,$0,$0,$0,$-0,$1,$3,$-1,$0,$0,$0,$0,$0,$0,$-1,$-0,$0,$-0,$0,$0,$0,$0,$-0,$2,$0,$0
29,2011-06-30,3.64,$2.16,1.69,$3.49,1.04,$0.34,10.73,$0.33,11.03,$0.01B,$0.00B,4.15,$0.00B,$0.01B,0.05,$0.02B,$0.01B,36.84%,$0.02B,$0.00B,10.53%,$0.02B,$0.00B,10.53%,$0.02B,$0.00B,10.53%,$0.02B,$0.00B,10.53%,$0.02B,$0.00B,10.53%,$0.00B,$0.01B,18.60%,$0.00B,$0.01B,18.60%,$0.00B,$0.01B,14.81%,$0.00B,$0.01B,17.39%,$6,$4,$2,$0,$2,$5,$1,$-0,$1,$0,$0,$0,$0,$1,$1,$5,5,$0.09,$0.09,$3,$3,$0,$9,$5,$0,$0,$0,$5,$14,$2,$1,$0,$1,$3,$0,$-16,$0,$12,$14,$0,$0,$0,$0,$-0,$1,$-0,$-0,$1,$1,$-0,$0,$0,$0,$0,$0,$0,$-0,$-0,$0,$-0,$0,$0,$0,$0,$-0,$1,$0,$0
30,2011-03-31,3.42,$2.06,1.66,$3.12,1.1,$0.13,25.75,$0.32,10.69,$0.01B,$0.00B,3.86,$0.00B,$0.01B,0.05,$0.02B,$0.01B,41.18%,$0.02B,$0.00B,5.88%,$0.02B,$0.00B,5.88%,$0.02B,$0.00B,11.76%,$0.02B,$0.00B,5.88%,$0.02B,$0.00B,11.76%,$0.00B,$0.01B,19.51%,$0.00B,$0.01B,19.51%,$0.00B,$0.01B,15.38%,$0.00B,$0.01B,9.09%,$5,$3,$2,$0,$1,$5,$0,$-0,$0,$-1,$1,$1,$1,$0,$0,$5,5,$0.14,$0.15,$2,$4,$0,$8,$5,$0,$0,$0,$5,$14,$2,$1,$0,$1,$3,$0,$-17,$0,$11,$14,$2,$1,$-0,$0,$-1,$0,$-0,$0,$-0,$2,$-1,$0,$0,$0,$0,$0,$0,$-0,$-0,$-0,$-0,$0,$0,$0,$0,$-0,$1,$0,$0
31,2010-12-31,3.38,$1.91,1.77,$2.87,1.18,$-0.06,0.0,$0.13,26.0,$0.01B,$0.00B,4.02,$0.00B,$0.01B,0.06,$0.02B,$0.01B,37.50%,$0.02B,$0.00B,6.25%,$0.02B,$0.00B,6.25%,$0.02B,$0.00B,12.50%,$0.02B,$0.00B,6.25%,$0.02B,$0.00B,6.25%,$0.00B,$0.01B,10.26%,$0.00B,$0.01B,10.26%,$0.00B,$0.01B,8.00%,$0.00B,$0.01B,9.52%,$4,$3,$1,$0,$1,$4,$0,$-0,$0,$-0,$0,$0,$0,$0,$0,$5,5,$0.00,$0.00,$1,$4,$0,$8,$5,$0,$0,$0,$5,$13,$2,$1,$0,$1,$3,$0,$-18,$0,$10,$13,$1,$0,$0,$0,$-1,$-0,$-0,$-0,$-1,$0,$-0,$0,$0,$0,$0,$0,$0,$-0,$-0,$0,$-0,$0,$0,$0,$0,$-0,$-0,$0,$0
32,2010-09-30,2.41,$1.90,1.27,$2.89,0.83,$0.02,130.98,$0.24,10.04,$0.01B,$0.00B,4.44,$0.00B,$0.01B,0.06,$0.02B,$0.01B,43.75%,$0.02B,$0.00B,12.50%,$0.02B,$0.00B,12.50%,$0.02B,$0.00B,18.75%,$0.02B,$0.00B,12.50%,$0.02B,$0.00B,12.50%,$0.00B,$0.01B,20.51%,$0.00B,$0.01B,20.51%,$0.00B,$0.01B,16.33%,$0.00B,$0.01B,19.51%,$4,$2,$2,$0,$1,$3,$1,$-0,$1,$0,$1,$1,$1,$1,$1,$5,5,$0.10,$0.10,$1,$5,$0,$8,$5,$0,$0,$0,$5,$13,$2,$1,$0,$1,$2,$0,$-18,$0,$10,$13,$1,$0,$0,$0,$-0,$-1,$-0,$-0,$-1,$0,$-0,$0,$0,$0,$0,$0,$0,$-0,$-0,$0,$-0,$0,$0,$0,$0,$0,$-0,$0,$0
33,2010-06-30,1.9,$1.81,1.05,$2.91,0.65,$0.15,12.37,$0.25,7.6,$0.01B,$0.00B,3.46,$0.00B,$0.01B,0.07,$0.02B,$0.01B,43.75%,$0.02B,$0.00B,12.50%,$0.02B,$0.00B,12.50%,$0.02B,$0.00B,18.75%,$0.02B,$0.00B,12.50%,$0.02B,$0.00B,12.50%,$0.00B,$0.01B,21.05%,$0.00B,$0.01B,21.05%,$0.00B,$0.01B,16.67%,$0.00B,$0.01B,20.00%,$4,$2,$2,$0,$1,$3,$0,$-0,$0,$0,$0,$0,$0,$1,$0,$5,5,$0.08,$0.07,$1,$4,$0,$7,$5,$0,$0,$0,$5,$12,$2,$1,$0,$1,$3,$0,$-18,$0,$10,$12,$0,$0,$0,$0,$-0,$-0,$-0,$0,$-0,$0,$-0,$0,$0,$0,$0,$0,$0,$0,$-0,$0,$-0,$0,$0,$0,$0,$-0,$0,$0,$0
34,2010-03-31,3.35,$1.74,1.93,$2.95,1.14,$0.19,17.51,$0.25,13.4,$0.01B,$0.00B,3.18,$0.00B,$0.01B,0.08,$0.02B,$0.01B,43.75%,$0.02B,$0.00B,12.50%,$0.02B,$0.00B,12.50%,$0.02B,$0.00B,18.75%,$0.02B,$0.00B,12.50%,$0.02B,$0.00B,12.50%,$0.00B,$0.01B,22.22%,$0.00B,$0.01B,22.22%,$0.00B,$0.01B,17.02%,$0.00B,$0.01B,20.51%,$4,$2,$1,$0,$1,$4,$-0,$-0,$-0,$-0,$-0,$-0,$-0,$-0,$-0,$5,5,$-0.05,$-0.04,$1,$4,$0,$7,$5,$0,$0,$0,$5,$12,$2,$1,$0,$1,$3,$0,$-19,$0,$9,$12,$1,$1,$0,$1,$-0,$-1,$0,$-0,$-1,$1,$-1,$0,$0,$0,$0,$0,$0,$-1,$-0,$0,$-0,$0,$0,$0,$0,$-0,$-0,$-0,$0
35,2009-12-31,5.29,$1.83,2.89,$2.89,1.83,$0.24,21.68,$0.34,15.54,$0.01B,$0.00B,3.52,$0.00B,$0.01B,0.07,$0.02B,$0.01B,46.67%,$0.02B,$0.00B,13.33%,$0.02B,$0.00B,13.33%,$0.02B,$0.00B,20.00%,$0.02B,$0.00B,13.33%,$0.02B,$0.00B,13.33%,$0.00B,$0.01B,22.86%,$0.00B,$0.01B,22.86%,$0.00B,$0.01B,17.39%,$0.00B,$0.01B,21.05%,$4,$2,$2,$0,$1,$3,$1,$-0,$1,$0,$1,$1,$1,$1,$1,$5,5,$0.12,$0.11,$1,$4,$0,$7,$5,$0,$0,$0,$5,$12,$2,$1,$0,$1,$3,$0,$-18,$0,$10,$12,$2,$0,$0,$1,$-1,$-1,$-0,$-0,$-1,$1,$-1,$0,$0,$0,$0,$0,$0,$-1,$-0,$0,$-0,$0,$0,$0,$0,$-0,$-0,$0,$0
36,2009-09-30,2.64,$1.70,1.55,$2.83,0.93,$0.12,22.37,$0.33,8.0,$0.01B,$0.00B,3.33,$0.00B,$0.01B,0.08,$0.02B,$0.01B,46.67%,$0.02B,$0.00B,13.33%,$0.02B,$0.00B,13.33%,$0.02B,$0.00B,20.00%,$0.02B,$0.00B,13.33%,$0.02B,$0.00B,13.33%,$0.00B,$0.01B,25.00%,$0.00B,$0.01B,25.00%,$0.00B,$0.01B,17.78%,$0.00B,$0.01B,21.62%,$4,$2,$2,$0,$1,$3,$1,$-0,$1,$0,$1,$1,$1,$1,$1,$5,5,$0.11,$0.11,$1,$4,$0,$7,$5,$0,$0,$0,$5,$12,$2,$1,$0,$1,$3,$0,$-19,$0,$9,$12,$1,$0,$0,$0,$-0,$-0,$-0,$-0,$-0,$1,$-1,$0,$0,$0,$0,$0,$0,$-1,$-0,$0,$-0,$0,$0,$0,$0,$-0,$0,$0,$0
37,2009-06-30,1.97,$1.58,1.25,$2.71,0.73,$0.07,27.7,$0.25,7.89,$0.01B,$0.00B,2.67,$0.00B,$0.01B,0.1,$0.01B,$0.01B,42.86%,$0.01B,$0.00B,7.14%,$0.01B,$0.00B,7.14%,$0.01B,$0.00B,14.29%,$0.01B,$0.00B,7.14%,$0.01B,$0.00B,7.14%,$0.00B,$0.01B,13.33%,$0.00B,$0.01B,13.33%,$0.00B,$0.01B,9.30%,$0.00B,$0.01B,11.43%,$4,$2,$2,$0,$1,$4,$0,$-0,$0,$0,$0,$0,$0,$1,$0,$5,5,$0.08,$0.08,$1,$3,$0,$6,$5,$0,$0,$0,$5,$11,$2,$1,$0,$1,$3,$0,$-20,$0,$8,$11,$0,$0,$0,$0,$-1,$0,$0,$0,$-0,$0,$-0,$0,$0,$0,$0,$0,$0,$-0,$-0,$0,$-0,$0,$0,$0,$0,$-0,$-0,$0,$0
38,2009-03-31,2.01,$1.48,1.36,$2.66,0.76,$0.07,26.87,$0.22,9.14,$0.01B,$0.00B,2.85,$0.00B,$0.01B,0.12,$0.01B,$0.01B,35.71%,$0.01B,$0.00B,7.14%,$0.01B,$0.00B,7.14%,$0.01B,$0.00B,7.14%,$0.01B,$0.00B,7.14%,$0.01B,$0.00B,7.14%,$0.00B,$0.01B,13.79%,$0.00B,$0.01B,13.79%,$0.00B,$0.01B,9.52%,$0.00B,$0.01B,11.76%,$3,$2,$1,$0,$1,$3,$0,$-0,$0,$0,$0,$0,$0,$0,$0,$5,5,$0.04,$0.04,$1,$3,$0,$6,$4,$0,$0,$0,$5,$11,$2,$1,$0,$1,$3,$0,$-20,$0,$8,$11,$1,$0,$0,$1,$0,$-2,$0,$0,$-1,$1,$-0,$0,$0,$0,$0,$0,$0,$-0,$-1,$0,$-1,$0,$0,$0,$0,$-1,$-0,$0,$0
39,2008-12-31,1.46,$1.43,1.02,$2.66,0.55,$-0.19,0.0,$0.21,6.95,$0.01B,$0.00B,2.73,$0.00B,$0.01B,0.14,$0.01B,$0.01B,35.71%,$0.01B,$0.00B,7.14%,$0.01B,$0.00B,7.14%,$0.01B,$0.00B,7.14%,$0.01B,$0.00B,7.14%,$0.01B,$0.00B,7.14%,$0.00B,$0.01B,14.81%,$0.00B,$0.01B,14.81%,$0.00B,$0.01B,9.76%,$0.00B,$0.01B,12.12%,$4,$2,$2,$0,$1,$3,$1,$-0,$1,$0,$1,$1,$1,$1,$1,$5,5,$0.10,$0.10,$0,$3,$0,$6,$4,$0,$0,$0,$5,$11,$2,$1,$0,$1,$3,$0,$-20,$0,$7,$11,$1,$0,$0,$1,$-0,$-1,$0,$-0,$-2,$-0,$-0,$0,$0,$0,$0,$0,$0,$-0,$-0,$0,$-0,$0,$0,$0,$0,$-0,$-1,$0,$0
40,2008-09-30,1.9,$1.31,1.45,$2.51,0.76,$-0.18,0.0,0,0.0,$0.01B,$0.00B,2.43,$0.00B,$0.01B,0.18,$0.01B,$0.00B,23.08%,$0.01B,$-0.00B,-7.69%,$0.01B,$-0.00B,-7.69%,$0.01B,0,0.00%,$0.01B,$-0.00B,-7.69%,$0.01B,$-0.00B,-7.69%,$-0.00B,$0.01B,-15.38%,$-0.00B,$0.01B,-15.38%,$-0.00B,$0.01B,-10.26%,$-0.00B,$0.01B,-12.90%,$3,$2,$1,$0,$1,$3,$0,$-0,$0,$0,$0,$0,$0,$0,$0,$5,5,$0.03,$0.03,$1,$3,$0,$6,$4,$0,$0,$0,$5,$10,$2,$1,$0,$1,$4,$0,$-21,$0,$7,$10,$0,$0,$0,$0,$-0,$-1,$0,$0,$-0,$0,$-0,$0,$0,$0,$0,$0,$0,$-0,$-0,$0,$-0,$0,$0,$0,$0,$-0,$-0,$0,$0
41,2008-06-30,1.7,$1.27,1.34,$2.38,0.71,$-0.31,0.0,$-0.10,0.0,$0.01B,$0.00B,2.55,$0.00B,$0.01B,0.2,$0.01B,$0.00B,23.08%,$0.01B,$-0.00B,-7.69%,$0.01B,$-0.00B,-7.69%,$0.01B,0,0.00%,$0.01B,$-0.00B,-7.69%,$0.01B,$-0.00B,-7.69%,$-0.00B,$0.01B,-15.38%,$-0.00B,$0.01B,-15.38%,$-0.00B,$0.01B,-10.53%,$-0.00B,$0.01B,-12.90%,$4,$2,$1,$0,$1,$3,$0,$-0,$0,$-0,$0,$0,$0,$0,$0,$5,5,$0.05,$0.05,$1,$2,$0,$5,$4,$0,$0,$1,$5,$10,$2,$1,$0,$1,$3,$0,$-21,$0,$7,$10,$0,$0,$0,$0,$-0,$-0,$0,$0,$-0,$0,$-0,$0,$0,$0,$0,$0,$0,$-0,$-0,$0,$-0,$0,$0,$0,$0,$-0,$0,$0,$0
42,2008-03-31,1.57,$1.22,1.29,$2.17,0.72,$-0.46,0.0,$-0.22,0.0,$0.01B,$0.00B,2.72,$0.00B,$0.01B,0.24,$0.01B,$0.00B,25.00%,$0.01B,$-0.00B,-8.33%,$0.01B,$-0.00B,-8.33%,$0.01B,0,0.00%,$0.01B,$-0.00B,-8.33%,$0.01B,$-0.00B,-8.33%,$-0.00B,$0.01B,-15.38%,$-0.00B,$0.01B,-15.38%,$-0.00B,$0.01B,-10.81%,$-0.00B,$0.01B,-12.90%,$3,$2,$1,$0,$1,$3,$0,$-0,$0,$0,$0,$0,$0,$0,$0,$5,5,$0.03,$0.03,$1,$2,$0,$5,$4,$0,$0,$1,$5,$10,$2,$2,$0,$2,$3,$0,$-21,$-0,$6,$10,$-1,$1,$0,$1,$-0,$-0,$0,$-0,$-0,$-1,$-0,$0,$0,$0,$0,$0,$0,$-0,$1,$0,$1,$0,$0,$0,$-0,$1,$-0,$0,$0
43,2007-12-31,1.4,$1.18,1.19,$1.96,0.71,$-0.42,0.0,$-1.27,0.0,$0.00B,$0.00B,1.92,$0.00B,$0.01B,0.11,$0.01B,$0.00B,18.18%,$0.01B,$-0.01B,-54.55%,$0.01B,$-0.01B,-54.55%,$0.01B,$-0.01B,-45.45%,$0.01B,$-0.01B,-54.55%,$0.01B,$-0.01B,-54.55%,$-0.01B,$0.01B,-85.71%,$-0.01B,$0.01B,-85.71%,$-0.01B,$0.01B,-64.86%,$-0.01B,$0.01B,-75.00%,$3,$2,$0,$0,$1,$3,$-1,$-0,$-1,$0,$-1,$-1,$-1,$-0,$-1,$5,5,$-0.11,$-0.11,$1,$2,$0,$4,$4,$0,$0,$1,$5,$9,$2,$1,$0,$1,$3,$0,$-21,$-0,$6,$9,$-1,$0,$0,$0,$0,$-0,$1,$-0,$1,$-0,$-0,$0,$0,$0,$0,$0,$0,$-0,$-0,$0,$-0,$0,$0,$0,$0,$-0,$-1,$0,$0
44,2007-09-30,0.86,$1.30,0.66,$1.90,0.45,$-0.40,0.0,$-1.39,0.0,$0.00B,$0.00B,2.51,$0.00B,$0.01B,0.12,$0.01B,$0.00B,20.00%,$0.01B,$-0.01B,-60.00%,$0.01B,$-0.01B,-60.00%,$0.01B,$-0.01B,-60.00%,$0.01B,$-0.01B,-60.00%,$0.01B,$-0.01B,-60.00%,$-0.01B,$0.01B,-68.57%,$-0.01B,$0.01B,-68.57%,$-0.01B,$0.01B,-55.81%,$-0.01B,$0.01B,-61.54%,$3,$2,$1,$0,$1,$3,$-0,$-0,$-0,$0,$-0,$-0,$-0,$-0,$-0,$5,5,$-0.07,$-0.07,$1,$2,$0,$4,$4,$0,$0,$0,$5,$9,$2,$1,$0,$1,$3,$0,$-21,$-0,$7,$9,$-1,$0,$0,$0,$0,$-0,$0,$-0,$-0,$-0,$-0,$0,$0,$0,$0,$0,$0,$-0,$-0,$0,$-0,$0,$0,$0,$0,$-0,$-1,$0,$0
45,2007-06-30,1.5,$1.36,1.1,$1.88,0.8,$-0.35,0.0,$-1.43,0.0,$0.00B,$0.00B,3.54,$0.00B,$0.01B,0.13,$0.01B,$0.00B,11.11%,$0.01B,$-0.01B,-77.78%,$0.01B,$-0.01B,-77.78%,$0.01B,$-0.01B,-66.67%,$0.01B,$-0.01B,-77.78%,$0.01B,$-0.01B,-77.78%,$-0.01B,$0.01B,-66.67%,$-0.01B,$0.01B,-66.67%,$-0.01B,$0.01B,-56.00%,$-0.01B,$0.01B,-60.87%,$3,$2,$1,$0,$1,$3,$-0,$-0,$-0,$0,$-0,$-0,$-0,$-0,$-0,$5,5,$-0.07,$-0.07,$1,$2,$0,$4,$5,$0,$0,$0,$5,$9,$1,$1,$0,$1,$2,$0,$-20,$-0,$7,$9,$-0,$0,$0,$0,$-0,$-0,$-0,$0,$-0,$-1,$-0,$0,$0,$0,$0,$0,$0,$-0,$-0,$0,$-0,$0,$0,$0,$0,$-0,$-1,$0,$0
46,2007-03-31,1.64,$1.44,1.14,$1.85,0.89,$-0.17,0.0,$-1.43,0.0,$0.01B,$0.00B,3.39,$0.00B,$0.01B,0.13,$0.01B,0,0.00%,$0.01B,$-0.01B,-87.50%,$0.01B,$-0.01B,-87.50%,$0.01B,$-0.01B,-75.00%,$0.01B,$-0.01B,-87.50%,$0.01B,$-0.01B,-87.50%,$-0.01B,$0.01B,-56.00%,$-0.01B,$0.01B,-56.00%,$-0.01B,$0.01B,-48.28%,$-0.01B,$0.01B,-51.85%,$2,$2,$0,$0,$1,$8,$-5,$-0,$-5,$0,$-5,$-5,$-5,$-5,$-5,$5,5,$-1.01,$-1.01,$1,$2,$0,$5,$5,$0,$0,$0,$5,$10,$1,$1,$0,$1,$2,$0,$-20,$-0,$8,$10,$-7,$1,$4,$6,$1,$0,$0,$0,$1,$-0,$-0,$0,$0,$1,$0,$1,$0,$0,$-0,$0,$-0,$0,$0,$0,$0,$-0,$-0,$0,$0
47,2006-12-31,1.88,$2.45,0.77,$2.03,0.93,$-0.06,0.0,$-0.37,0.0,$0.01B,$0.00B,3.68,$0.00B,$0.01B,0.09,$0.01B,$0.00B,11.11%,$0.01B,$-0.00B,-22.22%,$0.01B,$-0.00B,-22.22%,$0.01B,$-0.00B,-11.11%,$0.01B,$-0.00B,-22.22%,$0.01B,$-0.00B,-22.22%,$-0.00B,$0.01B,-14.04%,$-0.00B,$0.01B,-14.04%,$-0.00B,$0.02B,-12.12%,$-0.00B,$0.01B,-13.11%,$2,$2,$0,$0,$1,$4,$-1,$-0,$-1,$-0,$-1,$-1,$-1,$-1,$-1,$5,5,$-0.23,$-0.23,$2,$2,$0,$6,$9,$0,$0,$0,$10,$15,$2,$1,$0,$1,$3,$0,$-15,$-0,$13,$15,$-2,$1,$0,$1,$1,$0,$0,$-0,$1,$-0,$-0,$0,$0,$0,$0,$0,$0,$-0,$-0,$0,$-0,$0,$0,$0,$0,$-0,$-1,$0,$0
