,Date,Stock Price,Book Value per Share,Price to Book Ratio,TTM Sales per Share,Price to Sales Ratio,TTM FCF per Share,Price to FCF Ratio,TTM Net EPS,PE Ratio,Current Assets,Current Liabilities,Current Ratio,Long Term Debt,Shareholder's Equity_x,Debt to Equity Ratio,TTM Revenue_x,TTM Gross Profit,Gross Margin,TTM Revenue_y,TTM Operating Income,Operating Margin,TTM Revenue_x,TTM EBIT,EBIT Margin,TTM Revenue_y,TTM EBITDA,EBITDA Margin,TTM Revenue_x,TTM Pre-Tax Income,Pre-Tax Margin,TTM Revenue_y,TTM Net Income_x,Net Margin,TTM Net Income_y,Shareholder's Equity_y,Return on Equity,TTM Net Income_x,Tangible Equity,Return on Tangible Equity,TTM Net Income_y,Total Assets,Return on Assets,TTM Net Income,LT Investments & Debt,Return on Investment,revenue,cost-goods-sold,gross-profit,research-development-expenses,selling-general-administrative-expenses,operating-expenses,operating-income,total-non-operating-income-expense,pre-tax-income,total-provision-income-taxes,income-after-taxes,income-from-continuous-operations,net-income,ebitda,ebit,basic-shares-outstanding,shares-outstanding,eps-basic-net-earnings-per-share,eps-earnings-per-share-diluted,cash-on-hand,inventory,other-current-assets,total-current-assets,net-property-plant-equipment,long-term-investments,goodwill-intangible-assets-total,other-long-term-assets,total-long-term-assets,total-assets,total-current-liabilities,long-term-debt,other-non-current-liabilities,total-long-term-liabilities,total-liabilities,common-stock-net,retained-earnings-accumulated-deficit,comprehensive-income,total-share-holder-equity,total-liabilities-share-holders-equity,net-income-loss,total-depreciation-amortization-cash-flow,other-non-cash-items,total-non-cash-items,change-in-accounts-receivable,change-in-inventories,change-in-accounts-payable,change-in-assets-liabilities,total-change-in-assets-liabilities,cash-flow-from-operating-activities,net-change-in-property-plant-equipment,net-change-in-intangible-assets,net-acquisitions-divestitures,net-change-in-short-term-investments,net-change-in-long-term-investments,net-change-in-investments-total,investing-activities-other,cash-flow-from-investing-activities,net-long-term-debt,net-current-debt,debt-issuance-retirement-net-total,net-common-equity-issued-repurchased,net-total-equity-issued-repurchased,total-common-preferred-stock-dividends-paid,financial-activities-other,cash-flow-from-financial-activities,net-cash-flow,stock-based-compensation,common-stock-dividends-paid
0,2018-09-30,3.46,$-9.72,-0.36,$122.35,0.03,$-0.06,0.0,$-22.05,0.0,$3.72B,$2.48B,1.5,$13.54B,$-1.13B,-11.98,$13.76B,$11.37B,82.64%,$13.76B,$-1.83B,-13.29%,$13.76B,$-1.83B,-13.29%,$13.76B,$-1.10B,-8.01%,$13.76B,$-2.73B,-19.81%,$13.76B,$-2.47B,-17.97%,$-2.47B,$-1.13B,297.41%,$-2.47B,$-5.76B,44.89%,$-2.47B,$16.47B,-14.54%,$-1.83B,$12.41B,-14.17%,$3451,$565,$2886,$0,$1585,$3377,$74,$-278,$-204,$104,$-308,$-308,$-325,$247,$74,$113,113,$-2.88,$-2.88,$335,$424,$410,$3724,$6570,$0,$4631,$1544,$12745,$16469,$2479,$13535,$1051,$15120,$17599,$1,$-3209,$-8,$-1130,$16469,$-405,$531,$326,$857,$38,$14,$0,$-17,$-12,$440,$-406,$0,$207,$0,$25,$25,$-76,$-250,$-225,$0,$-225,$-1,$-1,$0,$-192,$-418,$-228,$10,$0
1,2018-06-30,3.32,$-6.91,-0.48,$124.52,0.03,$1.37,2.43,$-20.15,0.0,$3.69B,$2.06B,1.79,$13.67B,$-0.80B,-17.03,$13.97B,$11.54B,82.58%,$13.97B,$-1.81B,-12.97%,$13.97B,$-1.81B,-12.97%,$13.97B,$-1.05B,-7.53%,$13.97B,$-2.67B,-19.09%,$13.97B,$-2.26B,-16.16%,$-2.26B,$-0.80B,1018.26%,$-2.26B,$-5.46B,42.78%,$-2.26B,$16.79B,-12.67%,$-1.81B,$12.87B,-13.33%,$3562,$592,$2970,$0,$1617,$3525,$37,$-166,$-129,$-38,$-91,$-91,$-110,$214,$37,$113,113,$-0.97,$-0.97,$208,$432,$422,$3694,$6749,$0,$4653,$1597,$13100,$16794,$2062,$13673,$1329,$15535,$17597,$1,$-2884,$-9,$-803,$16794,$-98,$358,$180,$538,$-21,$-15,$0,$-2,$-346,$94,$-291,$0,$78,$0,$25,$25,$-53,$-241,$-96,$0,$-96,$-1,$-1,$0,$-111,$-208,$-355,$7,$0
2,2018-03-31,3.96,$-6.03,-0.66,$129.98,0.03,$5.19,0.76,$-20.40,0.0,$3.99B,$2.26B,1.76,$13.86B,$-0.70B,-19.77,$14.56B,$12.02B,82.56%,$14.56B,$-1.74B,-11.93%,$14.56B,$-1.74B,-11.93%,$14.56B,$-0.93B,-6.40%,$14.56B,$-2.67B,-18.34%,$14.56B,$-2.29B,-15.70%,$-2.29B,$-0.70B,-698.24%,$-2.29B,$-5.41B,44.74%,$-2.29B,$17.31B,-12.13%,$-1.74B,$13.15B,-12.05%,$3689,$616,$3073,$0,$1648,$3477,$212,$-225,$-13,$-7,$-6,$-6,$-25,$393,$212,$112,112,$-0.22,$-0.22,$424,$442,$449,$3993,$6971,$0,$4704,$1579,$13318,$17311,$2263,$13855,$1352,$15749,$18012,$1,$-2774,$-16,$-701,$17311,$-6,$181,$53,$234,$-66,$-21,$0,$-2,$-122,$106,$-167,$0,$3,$0,$15,$15,$-28,$-177,$-30,$0,$-30,$-1,$-1,$0,$-37,$-68,$-139,$4,$0
3,2017-12-31,4.26,$-6.04,-0.71,$137.45,0.03,$6.59,0.65,$-21.97,0.0,$4.07B,$2.36B,1.73,$13.88B,$-0.69B,-20.06,$15.35B,$12.68B,82.60%,$15.35B,$-1.88B,-12.23%,$15.35B,$-1.88B,-12.23%,$15.35B,$-1.02B,-6.62%,$15.35B,$-2.83B,-18.45%,$15.35B,$-2.46B,-16.02%,$-2.46B,$-0.69B,-276.99%,$-2.46B,$-5.42B,49.65%,$-2.46B,$17.45B,-12.34%,$-1.88B,$13.19B,-12.37%,$3057,$616,$2441,$0,$1671,$5209,$-2152,$-227,$-2379,$-375,$-2004,$-2004,$-2013,$-1956,$-2152,$112,112,$-18.01,$-18.01,$563,$444,$462,$4068,$7052,$0,$4723,$1545,$13382,$17450,$2356,$13880,$1360,$15786,$18142,$1,$-2761,$-21,$-692,$17450,$-2396,$861,$1783,$2644,$732,$-33,$0,$-105,$525,$773,$-557,$0,$1686,$0,$83,$83,$-143,$1069,$-1345,$0,$-1345,$-5,$-5,$0,$-167,$-1517,$325,$24,$0
4,2017-09-30,7.68,$11.42,0.67,$150.46,0.05,$8.34,0.92,$-5.98,0.0,$4.68B,$2.28B,2.05,$13.90B,$1.31B,10.62,$16.77B,$13.98B,83.38%,$16.77B,$0.35B,2.08%,$16.77B,$0.35B,2.08%,$16.77B,$1.28B,7.61%,$16.77B,$-0.61B,-3.61%,$16.77B,$-0.67B,-3.98%,$-0.67B,$1.31B,-44.68%,$-0.67B,$-4.84B,13.90%,$-0.67B,$19.74B,-3.17%,$0.35B,$15.21B,2.18%,$3666,$610,$3056,$0,$1724,$3576,$90,$-237,$-147,$-59,$-88,$-88,$-110,$297,$90,$112,112,$-0.98,$-0.98,$590,$445,$526,$4678,$7331,$0,$6148,$1578,$15057,$19735,$2277,$13901,$1399,$16149,$18426,$1,$-745,$-45,$1309,$19735,$-390,$665,$456,$1121,$229,$-37,$0,$-91,$-114,$617,$-424,$0,$1662,$0,$48,$48,$-95,$1191,$-1306,$0,$-1306,$-5,$-5,$0,$-145,$-1456,$352,$20,$0
5,2017-06-30,9.96,$12.14,0.82,$157.21,0.06,$8.96,1.11,$-5.71,0.0,$5.06B,$2.38B,2.13,$14.70B,$1.39B,10.55,$17.48B,$14.58B,83.41%,$17.48B,$0.41B,2.32%,$17.48B,$0.41B,2.32%,$17.48B,$1.39B,7.95%,$17.48B,$-0.54B,-3.10%,$17.48B,$-0.64B,-3.64%,$-0.64B,$1.39B,-38.61%,$-0.64B,$-4.77B,13.16%,$-0.64B,$20.87B,-2.93%,$0.41B,$16.10B,2.46%,$4144,$697,$3447,$0,$1920,$4031,$113,$-244,$-131,$-15,$-116,$-116,$-137,$335,$113,$112,112,$-1.22,$-1.22,$768,$438,$678,$5055,$7312,$0,$6165,$2341,$15818,$20873,$2378,$14702,$1456,$17102,$19480,$1,$-634,$-53,$1393,$20873,$-299,$458,$405,$863,$186,$-55,$0,$-66,$-61,$503,$-271,$0,$917,$0,$10,$10,$-60,$596,$-450,$0,$-450,$-5,$-5,$0,$-114,$-569,$530,$15,$0
6,2017-03-31,8.87,$13.44,0.66,$161.58,0.05,$8.98,0.99,$-17.40,0.0,$4.78B,$3.00B,1.59,$14.69B,$1.54B,9.53,$17.93B,$14.96B,83.48%,$17.93B,$-1.08B,-6.04%,$17.93B,$-1.08B,-6.04%,$17.93B,$-0.04B,-0.25%,$17.93B,$-1.95B,-10.90%,$17.93B,$-1.93B,-10.77%,$-1.93B,$1.54B,-107.31%,$-1.93B,$-4.79B,39.66%,$-1.93B,$21.66B,-8.75%,$-1.08B,$16.23B,-6.48%,$4486,$749,$3737,$0,$2061,$4415,$71,$-247,$-176,$0,$-176,$-176,$-199,$307,$71,$111,111,$-1.79,$-1.79,$247,$458,$671,$4775,$7639,$0,$6327,$2919,$16885,$21660,$2996,$14687,$1469,$17123,$20119,$1,$-498,$-54,$1541,$21660,$-177,$236,$287,$523,$11,$-67,$0,$-34,$-104,$242,$-146,$0,$-2,$0,$14,$14,$-37,$-171,$10,$0,$10,$-5,$-5,$0,$-67,$-62,$9,$9,$0
7,2016-12-31,5.59,$15.17,0.37,$166.57,0.03,$8.78,0.64,$-15.51,0.0,$4.67B,$2.89B,1.62,$14.79B,$1.73B,8.56,$18.44B,$15.43B,83.67%,$18.44B,$-0.86B,-4.66%,$18.44B,$-0.86B,-4.66%,$18.44B,$0.24B,1.30%,$18.44B,$-1.72B,-9.30%,$18.44B,$-1.72B,-9.33%,$-1.72B,$1.73B,-70.42%,$-1.72B,$-4.79B,35.13%,$-1.72B,$21.94B,-7.38%,$-0.86B,$16.52B,-4.82%,$4469,$730,$3739,$0,$2086,$4394,$75,$-227,$-152,$37,$-189,$-189,$-221,$336,$75,$111,111,$-2.02,$-2.02,$238,$480,$568,$4666,$8149,$0,$6521,$2593,$17278,$21944,$2887,$14789,$1575,$17329,$20216,$1,$-299,$-62,$1728,$21944,$-1626,$1100,$1840,$2940,$-96,$25,$0,$31,$-177,$1137,$-729,$0,$20,$0,$362,$362,$977,$630,$-1729,$0,$-1729,$-6,$-6,$0,$22,$-1713,$54,$46,$0
8,2016-09-30,11.54,$16.96,0.68,$167.84,0.07,$4.95,2.33,$-14.25,0.0,$4.54B,$2.69B,1.69,$15.08B,$1.93B,7.83,$18.77B,$15.71B,83.72%,$18.77B,$-0.79B,-4.20%,$18.77B,$-0.79B,-4.20%,$18.77B,$0.35B,1.85%,$18.77B,$-1.66B,-8.82%,$18.77B,$-1.58B,-8.44%,$-1.58B,$1.93B,-52.14%,$-1.58B,$-4.97B,32.22%,$-1.58B,$22.23B,-6.47%,$-0.79B,$17.01B,-4.18%,$4380,$723,$3657,$0,$2067,$4234,$146,$-229,$-83,$-29,$-54,$-54,$-79,$411,$146,$111,111,$-0.71,$-0.71,$133,$527,$461,$4541,$8830,$0,$6901,$1955,$17686,$22227,$2686,$15082,$1622,$17614,$20300,$1,$-60,$-87,$1927,$22227,$-1427,$839,$1697,$2536,$-40,$64,$0,$-67,$-299,$810,$-551,$0,$-110,$0,$394,$394,$1018,$751,$-1497,$0,$-1497,$-5,$-5,$0,$-110,$-1612,$-51,$36,$0
9,2016-06-30,12.05,$17.62,0.68,$169.98,0.07,$2.03,5.93,$-13.10,0.0,$4.84B,$2.73B,1.78,$15.11B,$2.00B,7.55,$19.23B,$16.14B,83.91%,$19.23B,$-0.58B,-3.04%,$19.23B,$-0.58B,-3.04%,$19.23B,$0.58B,2.99%,$19.23B,$-1.45B,-7.54%,$19.23B,$-1.45B,-7.55%,$-1.45B,$2.00B,-39.95%,$-1.45B,$-4.92B,30.06%,$-1.45B,$22.43B,-5.65%,$-0.58B,$17.11B,-2.94%,$4590,$759,$3831,$0,$2154,$5965,$-1375,$-168,$-1543,$-138,$-1405,$-1405,$-1432,$-1099,$-1375,$111,111,$-12.91,$-12.91,$461,$527,$425,$4842,$8955,$0,$6926,$1709,$17590,$22432,$2728,$15110,$1658,$17702,$20430,$1,$19,$-90,$2002,$22432,$-1371,$574,$1642,$2216,$-40,$31,$0,$8,$-213,$632,$-400,$0,$-102,$0,$573,$573,$1106,$1177,$-1442,$0,$-1442,$-5,$-5,$0,$-85,$-1532,$277,$26,$0
10,2016-03-31,15.38,$36.20,0.42,$170.63,0.09,$0.29,52.67,$0.76,20.24,$5.26B,$3.05B,1.72,$16.67B,$4.12B,4.05,$19.53B,$16.44B,84.20%,$19.53B,$1.23B,6.31%,$19.53B,$1.23B,6.31%,$19.53B,$2.41B,12.33%,$19.53B,$0.31B,1.57%,$19.53B,$0.09B,0.46%,$0.09B,$4.12B,2.14%,$0.09B,$-4.90B,-1.89%,$0.09B,$26.72B,0.33%,$1.23B,$20.78B,5.91%,$4999,$799,$4200,$0,$2317,$4705,$294,$-231,$63,$26,$37,$37,$11,$592,$294,$110,110,$0.10,$0.10,$181,$587,$545,$5256,$10104,$0,$9022,$2342,$21468,$26724,$3054,$16665,$1723,$19552,$22606,$1,$2146,$-89,$4118,$26724,$36,$298,$46,$344,$-109,$-14,$0,$-27,$-86,$294,$-220,$0,$-87,$0,$3,$3,$-67,$-371,$115,$0,$115,$-7,$-7,$0,$-34,$74,$-3,$14,$0
11,2015-12-31,22.04,$36.41,0.61,$168.00,0.13,$-2.98,0.0,$1.34,16.45,$5.17B,$3.07B,1.68,$16.56B,$4.11B,4.03,$19.44B,$16.39B,84.32%,$19.44B,$1.34B,6.88%,$19.44B,$1.34B,6.88%,$19.44B,$2.51B,12.92%,$19.44B,$0.41B,2.11%,$19.44B,$0.16B,0.81%,$0.16B,$4.11B,3.75%,$0.16B,$-4.86B,-3.33%,$0.16B,$26.60B,0.58%,$1.34B,$20.66B,6.41%,$4798,$774,$4024,$0,$2277,$4652,$146,$-238,$-92,$-52,$-40,$-40,$-84,$444,$146,$114,115,$-0.72,$-0.70,$184,$580,$567,$5166,$10112,$0,$8965,$2352,$21429,$26595,$3072,$16556,$1698,$19418,$22490,$1,$2135,$-73,$4105,$26595,$259,$1174,$306,$1480,$-219,$-68,$0,$-53,$-818,$921,$-938,$0,$98,$0,$-6,$-6,$-205,$-1051,$78,$0,$78,$-154,$-154,$0,$-119,$-195,$-325,$59,$0
12,2015-09-30,35.54,$36.58,0.97,$170.07,0.21,$4.38,8.1,$2.94,12.09,$5.55B,$3.15B,1.76,$16.65B,$4.32B,3.85,$19.56B,$16.52B,84.47%,$19.56B,$1.63B,8.33%,$19.56B,$1.63B,8.33%,$19.56B,$2.80B,14.30%,$19.56B,$0.74B,3.76%,$19.56B,$0.34B,1.75%,$0.34B,$4.32B,8.12%,$0.34B,$-4.65B,-7.21%,$0.34B,$27.19B,1.26%,$1.63B,$20.97B,7.80%,$4846,$762,$4084,$0,$2240,$4495,$351,$-230,$121,$38,$83,$83,$52,$639,$351,$115,116,$0.45,$0.44,$186,$572,$548,$5552,$10064,$0,$8972,$2601,$21637,$27189,$3154,$16647,$1696,$19712,$22866,$1,$2218,$-93,$4323,$27189,$308,$876,$95,$971,$-291,$-72,$0,$-62,$-664,$615,$-683,$0,$46,$0,$-4,$-4,$-136,$-777,$-48,$0,$-48,$4,$4,$0,$-117,$-161,$-323,$44,$0
13,2015-06-30,52.32,$36.27,1.44,$170.23,0.31,$6.01,8.71,$3.04,17.21,$5.50B,$3.23B,1.7,$16.62B,$4.28B,3.88,$19.49B,$16.49B,84.58%,$19.49B,$1.65B,8.46%,$19.49B,$1.65B,8.46%,$19.49B,$2.81B,14.40%,$19.49B,$0.75B,3.83%,$19.49B,$0.35B,1.81%,$0.35B,$4.28B,8.53%,$0.35B,$-4.67B,-7.30%,$0.35B,$27.19B,1.29%,$1.65B,$20.91B,7.92%,$4882,$750,$4132,$0,$2217,$4441,$441,$-227,$214,$74,$140,$140,$111,$733,$441,$115,116,$0.96,$0.95,$365,$568,$515,$5500,$10090,$0,$8956,$2640,$21686,$27186,$3230,$16621,$1683,$19672,$22902,$1,$2166,$-64,$4284,$27186,$232,$588,$55,$643,$-88,$-30,$0,$-15,$-371,$504,$-463,$0,$35,$0,$-4,$-4,$-80,$-512,$-46,$0,$-46,$2,$2,$0,$-92,$-136,$-144,$30,$0
14,2015-03-31,43.44,$35.25,1.23,$170.18,0.26,$7.03,6.18,$2.46,17.66,$5.43B,$3.16B,1.72,$16.74B,$4.16B,4.02,$19.37B,$16.38B,84.56%,$19.37B,$1.56B,8.05%,$19.37B,$1.56B,8.05%,$19.37B,$2.74B,14.15%,$19.37B,$0.64B,3.31%,$19.37B,$0.28B,1.46%,$0.28B,$4.16B,7.04%,$0.28B,$-4.79B,-5.87%,$0.28B,$27.12B,1.04%,$1.56B,$20.90B,7.52%,$4911,$762,$4149,$0,$2257,$4512,$399,$-231,$168,$56,$112,$112,$79,$695,$399,$114,115,$0.69,$0.68,$222,$561,$507,$5426,$10091,$0,$8954,$2648,$21693,$27119,$3161,$16740,$1694,$19798,$22959,$1,$2056,$-70,$4160,$27119,$99,$296,$26,$322,$-202,$14,$0,$-10,$-482,$-61,$-238,$0,$49,$0,$-3,$-3,$-39,$-231,$58,$0,$58,$-3,$-3,$0,$-50,$5,$-287,$14,$0
15,2014-12-31,44.8,$34.98,1.28,$166.67,0.27,$8.54,5.24,$0.74,60.54,$5.57B,$3.59B,1.55,$16.68B,$4.08B,4.09,$18.64B,$15.78B,84.65%,$18.64B,$1.34B,7.18%,$18.64B,$1.34B,7.18%,$18.64B,$2.53B,13.55%,$18.64B,$0.34B,1.83%,$18.64B,$0.09B,0.49%,$0.09B,$4.08B,2.34%,$0.09B,$-4.87B,-1.93%,$0.09B,$27.42B,0.34%,$1.34B,$20.76B,6.48%,$4918,$764,$4154,$0,$2221,$4479,$439,$-207,$232,$66,$166,$166,$100,$729,$439,$112,113,$0.95,$0.96,$509,$557,$528,$5566,$10169,$0,$8951,$2735,$21855,$27421,$3589,$16681,$1692,$19749,$23338,$1,$1977,$-63,$4083,$27421,$203,$1187,$439,$1626,$-306,$28,$0,$-83,$-214,$1615,$-803,$0,$-3003,$0,$-34,$-34,$-511,$-4351,$3355,$0,$3355,$45,$45,$0,$-528,$2872,$136,$54,$0
16,2014-09-30,45.52,$34.14,1.33,$156.87,0.29,$6.47,7.04,$0.17,267.78,$5.37B,$3.18B,1.69,$16.79B,$3.97B,4.23,$16.90B,$14.30B,84.59%,$16.90B,$1.13B,6.70%,$16.90B,$1.13B,6.70%,$16.90B,$2.23B,13.19%,$16.90B,$0.20B,1.18%,$16.90B,$0.02B,0.12%,$0.02B,$3.97B,0.54%,$0.02B,$-4.97B,-0.52%,$0.02B,$27.22B,0.08%,$1.13B,$20.76B,6.10%,$4780,$730,$4050,$0,$2184,$4410,$370,$-237,$133,$39,$94,$94,$62,$650,$370,$113,114,$0.55,$0.54,$221,$553,$678,$5372,$10298,$0,$8936,$2618,$21852,$27224,$3180,$16793,$1709,$20074,$23254,$1,$1877,$-48,$3970,$27224,$67,$897,$262,$1159,$-299,$-39,$0,$-60,$-587,$639,$-520,$0,$-3029,$0,$-7,$-7,$-387,$-3943,$3461,$0,$3461,$31,$31,$0,$-340,$3152,$-152,$36,$0
17,2014-06-30,37.7,$33.46,1.13,$148.66,0.25,$5.68,6.64,$-0.33,0.0,$5.40B,$3.17B,1.7,$16.72B,$3.87B,4.33,$15.30B,$12.94B,84.60%,$15.30B,$0.94B,6.15%,$15.30B,$0.94B,6.15%,$15.30B,$1.95B,12.77%,$15.30B,$0.10B,0.67%,$15.30B,$-0.04B,-0.25%,$-0.04B,$3.87B,-1.10%,$-0.04B,$-4.65B,1.28%,$-0.04B,$27.27B,-0.17%,$0.94B,$20.59B,5.70%,$4765,$736,$4029,$0,$2221,$4413,$352,$-243,$109,$33,$76,$76,$42,$667,$352,$113,113,$0.37,$0.37,$389,$550,$624,$5397,$10817,$0,$8519,$2537,$21873,$27270,$3169,$16722,$1782,$20236,$23405,$1,$1815,$-55,$3865,$27270,$-27,$617,$157,$774,$-166,$38,$0,$-50,$-233,$514,$-358,$0,$-3029,$0,$-14,$-14,$-251,$-3652,$3457,$0,$3457,$3,$3,$0,$-306,$3154,$16,$22,$0
18,2014-03-31,32.55,$32.85,0.99,$140.57,0.23,$4.47,7.27,$-0.38,0.0,$5.63B,$3.13B,1.8,$16.80B,$3.79B,4.44,$13.72B,$11.61B,84.60%,$13.72B,$0.81B,5.88%,$13.72B,$0.81B,5.88%,$13.72B,$1.70B,12.39%,$13.72B,$0.07B,0.49%,$13.72B,$-0.05B,-0.36%,$-0.05B,$3.79B,-1.54%,$-0.05B,$-4.59B,2.31%,$-0.05B,$26.96B,-0.26%,$0.81B,$20.59B,5.58%,$4176,$632,$3544,$0,$1992,$3998,$178,$-310,$-132,$-56,$-76,$-76,$-112,$480,$178,$107,107,$-1.05,$-1.05,$613,$529,$638,$5627,$10572,$0,$8373,$2390,$21335,$26962,$3126,$16799,$1425,$20050,$23176,$1,$1774,$-58,$3786,$26962,$-98,$302,$129,$431,$-171,$14,$0,$-28,$-268,$65,$-181,$0,$-2774,$0,$-2,$-2,$-99,$-3056,$3526,$0,$3526,$-5,$-5,$0,$-290,$3231,$240,$11,$0
19,2013-12-31,32.63,$32.96,0.99,$136.98,0.24,$4.96,6.57,$1.52,21.47,$3.75B,$2.46B,1.52,$9.29B,$3.13B,2.97,$12.82B,$10.84B,84.59%,$12.82B,$0.92B,7.15%,$12.82B,$0.92B,7.15%,$12.82B,$1.70B,13.26%,$12.82B,$0.35B,2.70%,$12.82B,$0.14B,1.10%,$0.14B,$3.13B,4.64%,$0.14B,$-1.29B,-10.19%,$0.14B,$17.12B,0.84%,$0.92B,$12.42B,7.39%,$3180,$506,$2674,$0,$1510,$2947,$233,$-143,$90,$27,$63,$63,$28,$433,$233,$93,94,$0.29,$0.29,$373,$371,$345,$3747,$7051,$0,$4424,$1895,$13370,$17117,$2458,$9286,$977,$11527,$13985,$1,$1885,$-67,$3132,$17117,$217,$783,$281,$1064,$-285,$-8,$0,$25,$-192,$1089,$-607,$0,$-44,$0,$0,$0,$-340,$-991,$-90,$0,$-90,$68,$68,$0,$-91,$-113,$-15,$38,$0
20,2013-09-30,34.48,$32.16,1.07,$137.39,0.25,$5.58,6.18,$1.91,18.05,$3.45B,$2.11B,1.63,$9.37B,$3.05B,3.07,$12.72B,$10.77B,84.67%,$12.72B,$0.98B,7.73%,$12.72B,$0.98B,7.73%,$12.72B,$1.76B,13.81%,$12.72B,$0.40B,3.11%,$12.72B,$0.18B,1.38%,$0.18B,$3.05B,5.96%,$0.18B,$-1.38B,-12.03%,$0.18B,$16.72B,1.06%,$0.98B,$12.42B,7.95%,$3174,$482,$2692,$0,$1514,$2997,$177,$-142,$35,$7,$28,$28,$4,$373,$177,$93,94,$0.04,$0.04,$144,$378,$334,$3446,$7069,$0,$4437,$1770,$13276,$16722,$2110,$9368,$1016,$11560,$13669,$1,$1857,$-93,$3053,$16722,$165,$583,$169,$752,$-231,$-60,$0,$21,$-476,$441,$-417,$0,$-34,$0,$0,$0,$-234,$-685,$5,$0,$5,$67,$67,$0,$-72,$0,$-244,$29,$0
21,2013-06-30,38.95,$31.88,1.22,$139.49,0.28,$7.83,4.97,$2.36,16.5,$3.36B,$1.99B,1.69,$9.39B,$3.02B,3.11,$12.76B,$10.81B,84.70%,$12.76B,$1.09B,8.58%,$12.76B,$1.09B,8.58%,$12.76B,$1.85B,14.52%,$12.76B,$0.45B,3.49%,$12.76B,$0.22B,1.69%,$0.22B,$3.02B,7.53%,$0.22B,$-1.39B,-14.04%,$0.22B,$16.60B,1.31%,$1.09B,$12.41B,8.89%,$3191,$493,$2698,$0,$1528,$2972,$219,$-145,$74,$21,$53,$53,$30,$414,$219,$93,94,$0.32,$0.32,$251,$375,$271,$3357,$7104,$0,$4412,$1724,$13240,$16597,$1987,$9388,$1019,$11588,$13574,$1,$1853,$-105,$3022,$16597,$143,$387,$41,$428,$-106,$15,$0,$9,$-262,$309,$-293,$0,$-10,$0,$-135,$-135,$0,$-438,$-37,$0,$-37,$62,$62,$0,$-33,$-8,$-137,$19,$0
22,2013-03-31,39.37,$31.26,1.26,$141.80,0.28,$8.78,4.49,$2.97,13.26,$3.42B,$2.01B,1.7,$9.42B,$2.94B,3.21,$12.81B,$10.86B,84.79%,$12.81B,$1.17B,9.09%,$12.81B,$1.17B,9.09%,$12.81B,$1.91B,14.90%,$12.81B,$0.52B,4.08%,$12.81B,$0.27B,2.10%,$0.27B,$2.94B,9.68%,$0.27B,$-1.47B,-16.61%,$0.27B,$16.60B,1.65%,$1.17B,$12.37B,9.57%,$3274,$494,$2780,$0,$1555,$2986,$288,$-141,$147,$49,$98,$98,$79,$480,$288,$91,92,$0.87,$0.86,$285,$371,$288,$3419,$7095,$0,$4408,$1675,$13178,$16597,$2009,$9424,$1039,$11648,$13657,$1,$1823,$-127,$2941,$16597,$96,$192,$12,$204,$-148,$-2,$0,$5,$-243,$57,$-112,$0,$-5,$0,$0,$0,$-69,$-186,$-2,$0,$-2,$39,$39,$0,$-11,$26,$-103,$10,$0
23,2012-12-31,25.54,$30.41,0.84,$143.32,0.18,$9.41,2.71,$2.96,8.63,$3.42B,$2.14B,1.6,$9.45B,$2.80B,3.38,$12.83B,$10.88B,84.77%,$12.83B,$1.23B,9.55%,$12.83B,$1.23B,9.55%,$12.83B,$1.95B,15.21%,$12.83B,$0.52B,4.07%,$12.83B,$0.27B,2.06%,$0.27B,$2.80B,9.89%,$0.27B,$-1.61B,-15.53%,$0.27B,$16.61B,1.64%,$1.23B,$12.25B,10.19%,$3081,$480,$2600,$0,$1444,$2782,$299,$-159,$140,$43,$97,$97,$63,$489,$299,$89,90,$0.69,$0.69,$388,$368,$302,$3419,$7152,$0,$4408,$1627,$13187,$16606,$2143,$9451,$1039,$11667,$13810,$1,$1744,$-145,$2797,$16606,$346,$726,$248,$974,$-204,$-99,$0,$17,$-40,$1280,$-763,$0,$-322,$0,$0,$0,$-298,$-1383,$621,$0,$621,$11,$11,$-23,$-248,$361,$258,$41,$-23
24,2012-09-30,24.01,$29.75,0.81,$147.73,0.16,$9.24,2.6,$2.62,9.16,$3.21B,$1.98B,1.62,$9.47B,$2.71B,3.49,$13.20B,$11.25B,85.29%,$13.20B,$1.21B,9.15%,$13.20B,$1.21B,9.15%,$13.20B,$1.92B,14.52%,$13.20B,$0.45B,3.41%,$13.20B,$0.23B,1.77%,$0.23B,$2.71B,8.97%,$0.23B,$-1.69B,-13.29%,$0.23B,$16.24B,1.48%,$1.21B,$12.19B,10.25%,$3212,$484,$2728,$0,$1525,$2924,$288,$-203,$84,$26,$59,$59,$44,$470,$288,$89,90,$0.50,$0.49,$241,$365,$268,$3207,$7106,$0,$4397,$1530,$13034,$16241,$1981,$9473,$999,$11547,$13528,$1,$1704,$-149,$2713,$16241,$260,$536,$167,$703,$-228,$-68,$0,$7,$-186,$778,$-553,$0,$-313,$0,$-222,$-222,$0,$-1088,$658,$0,$658,$-3,$-3,$0,$-234,$421,$111,$31,$0
25,2012-06-30,23.09,$29.26,0.79,$149.84,0.15,$10.03,2.3,$2.96,7.8,$3.00B,$1.90B,1.58,$9.24B,$2.66B,3.47,$13.38B,$11.46B,85.68%,$13.38B,$1.20B,9.00%,$13.38B,$1.20B,9.00%,$13.38B,$1.89B,14.13%,$13.38B,$0.50B,3.73%,$13.38B,$0.26B,1.97%,$0.26B,$2.66B,10.43%,$0.26B,$-1.71B,-14.71%,$0.26B,$15.87B,1.70%,$1.20B,$11.90B,10.44%,$3243,$490,$2753,$0,$1497,$2953,$290,$-138,$152,$50,$102,$102,$83,$470,$290,$89,90,$0.94,$0.93,$115,$359,$235,$2997,$7048,$0,$4373,$1455,$12876,$15873,$1899,$9241,$999,$11313,$13212,$1,$1660,$-160,$2661,$15873,$201,$354,$99,$454,$-199,$-40,$0,$15,$-172,$483,$-383,$0,$-245,$0,$-162,$-162,$0,$-791,$433,$0,$433,$-8,$-8,$0,$-133,$293,$-15,$21,$0
26,2012-03-31,18.32,$28.08,0.65,$151.03,0.12,$11.55,1.59,$2.42,7.57,$3.10B,$2.00B,1.55,$9.24B,$2.55B,3.62,$13.57B,$11.70B,86.18%,$13.57B,$1.20B,8.87%,$13.57B,$1.20B,8.87%,$13.57B,$1.87B,13.80%,$13.57B,$0.49B,3.57%,$13.57B,$0.22B,1.58%,$0.22B,$2.55B,8.78%,$0.22B,$-1.82B,-11.78%,$0.22B,$15.85B,1.42%,$1.20B,$11.80B,10.61%,$3297,$499,$2798,$0,$1525,$2948,$349,$-204,$146,$46,$100,$100,$75,$523,$349,$89,89,$0.85,$0.85,$129,$354,$329,$3100,$7002,$0,$4368,$1376,$12746,$15846,$1996,$9244,$986,$11298,$13294,$1,$1577,$-170,$2552,$15846,$99,$174,$75,$250,$-163,$-125,$0,$31,$-162,$187,$-184,$0,$-248,$0,$-68,$-68,$0,$-500,$403,$0,$403,$-9,$-9,$0,$-82,$312,$-1,$10,$0
27,2011-12-31,14.38,$27.21,0.53,$150.32,0.1,$11.96,1.2,$2.24,6.42,$2.85B,$1.91B,1.49,$8.78B,$2.46B,3.56,$13.63B,$11.79B,86.54%,$13.63B,$1.14B,8.33%,$13.63B,$1.14B,8.33%,$13.63B,$1.79B,13.15%,$13.63B,$0.48B,3.49%,$13.63B,$0.20B,1.48%,$0.20B,$2.46B,8.36%,$0.20B,$-1.80B,-10.96%,$0.20B,$15.21B,1.35%,$1.14B,$11.25B,10.15%,$3443,$468,$2975,$0,$1421,$3162,$281,$-213,$68,$12,$56,$56,$31,$453,$281,$88,89,$0.35,$0.35,$130,$347,$232,$2846,$6856,$0,$4265,$1242,$12363,$15209,$1911,$8783,$950,$10833,$12744,$1,$1501,$-184,$2464,$15209,$278,$658,$290,$947,$-138,$-43,$0,$-28,$37,$1262,$-766,$0,$-242,$0,$0,$0,$-188,$-1196,$-73,$0,$-73,$-80,$-80,$0,$-82,$-235,$-169,$43,$0
28,2011-09-30,13.71,$26.54,0.52,$147.72,0.09,$12.15,1.13,$2.65,5.17,$2.84B,$1.70B,1.67,$8.77B,$2.41B,3.64,$13.50B,$11.68B,86.54%,$13.50B,$1.14B,8.44%,$13.50B,$1.14B,8.44%,$13.50B,$1.78B,13.19%,$13.50B,$0.54B,4.00%,$13.50B,$0.24B,1.78%,$0.24B,$2.41B,10.21%,$0.24B,$-1.82B,-12.91%,$0.24B,$14.85B,1.62%,$1.14B,$11.18B,10.23%,$3396,$459,$2937,$0,$1393,$3112,$284,$-151,$133,$37,$96,$96,$74,$445,$284,$89,90,$0.83,$0.83,$266,$336,$226,$2837,$6574,$0,$4233,$1205,$12011,$14848,$1703,$8769,$975,$10736,$12439,$1,$1470,$-201,$2409,$14848,$225,$486,$92,$578,$-91,$-31,$0,$-7,$17,$820,$-524,$0,$-37,$0,$0,$0,$-131,$-691,$-46,$0,$-46,$-67,$-67,$0,$-49,$-162,$-33,$32,$0
29,2011-06-30,21.16,$25.70,0.82,$144.10,0.15,$14.47,1.46,$2.58,8.2,$2.73B,$1.66B,1.65,$8.78B,$2.37B,3.71,$13.26B,$11.47B,86.48%,$13.26B,$1.14B,8.60%,$13.26B,$1.14B,8.60%,$13.26B,$1.77B,13.36%,$13.26B,$0.54B,4.06%,$13.26B,$0.24B,1.78%,$0.24B,$2.37B,10.35%,$0.24B,$-1.86B,-12.33%,$0.24B,$14.83B,1.61%,$1.14B,$11.15B,10.29%,$3434,$449,$2985,$0,$1384,$3145,$289,$-151,$138,$45,$93,$93,$35,$452,$289,$91,92,$0.39,$0.39,$191,$342,$175,$2734,$6506,$0,$4228,$1357,$12091,$14825,$1663,$8781,$1026,$10792,$12455,$1,$1396,$-201,$2370,$14825,$132,$324,$72,$396,$-83,$9,$0,$1,$57,$585,$-343,$0,$-186,$0,$0,$0,$-75,$-604,$-29,$0,$-29,$-31,$-31,$0,$-28,$-88,$-108,$21,$0
30,2011-03-31,32.95,$25.25,1.3,$139.21,0.24,$14.79,2.23,$2.93,11.25,$2.84B,$1.61B,1.77,$8.79B,$2.37B,3.71,$12.91B,$11.13B,86.25%,$12.91B,$1.13B,8.77%,$12.91B,$1.13B,8.77%,$12.91B,$1.75B,13.59%,$12.91B,$0.53B,4.11%,$12.91B,$0.27B,2.10%,$0.27B,$2.37B,12.16%,$0.27B,$-1.85B,-13.90%,$0.27B,$14.72B,1.86%,$1.13B,$11.17B,10.26%,$3354,$458,$2896,$0,$1379,$3073,$281,$-145,$136,$44,$92,$92,$61,$442,$281,$91,92,$0.67,$0.67,$271,$329,$177,$2836,$6446,$0,$4226,$1210,$11882,$14718,$1606,$8794,$952,$10740,$12346,$1,$1361,$-193,$2372,$14718,$78,$161,$6,$167,$-56,$14,$0,$-1,$-58,$188,$-146,$0,$-31,$0,$0,$0,$-32,$-209,$-15,$0,$-15,$18,$18,$0,$-10,$-7,$-28,$10,$0
31,2010-12-31,30.79,$24.28,1.27,$136.48,0.23,$16.21,1.9,$3.01,10.23,$2.87B,$1.64B,1.75,$8.81B,$2.25B,3.91,$12.68B,$10.93B,86.22%,$12.68B,$1.13B,8.88%,$12.68B,$1.13B,8.88%,$12.68B,$1.74B,13.68%,$12.68B,$0.52B,4.12%,$12.68B,$0.28B,2.21%,$0.28B,$2.25B,12.96%,$0.28B,$-1.90B,-13.99%,$0.28B,$14.70B,1.94%,$1.13B,$11.06B,10.26%,$3314,$451,$2863,$0,$1348,$3029,$285,$-152,$133,$38,$94,$94,$70,$442,$285,$90,92,$0.77,$0.76,$299,$329,$193,$2871,$6324,$0,$4150,$1352,$11827,$14698,$1642,$8808,$1002,$10806,$12448,$1,$1299,$-231,$2250,$14698,$348,$610,$138,$748,$-27,$-40,$0,$-3,$92,$1189,$-659,$0,$-248,$0,$0,$0,$-137,$-1044,$-61,$0,$-61,$-57,$-57,$0,$-71,$-190,$-45,$39,$0
32,2010-09-30,25.52,$22.93,1.11,$130.15,0.2,$15.94,1.6,$2.95,8.65,$2.98B,$1.58B,1.89,$8.82B,$2.13B,4.15,$12.09B,$10.40B,86.01%,$12.09B,$1.12B,9.28%,$12.09B,$1.12B,9.28%,$12.09B,$1.72B,14.21%,$12.09B,$0.51B,4.18%,$12.09B,$0.28B,2.27%,$0.28B,$2.13B,13.09%,$0.28B,$-2.05B,-13.34%,$0.28B,$14.42B,1.93%,$1.12B,$10.94B,10.27%,$3160,$434,$2725,$0,$1267,$2875,$285,$-153,$131,$43,$88,$88,$70,$436,$285,$91,92,$0.77,$0.76,$568,$314,$172,$2984,$6144,$0,$4174,$1118,$11436,$14419,$1580,$8816,$1038,$10713,$12293,$1,$1230,$-289,$2126,$14419,$256,$452,$28,$480,$-26,$5,$0,$10,$162,$898,$-379,$0,$-68,$0,$0,$0,$-99,$-545,$-47,$0,$-47,$-54,$-54,$0,$-29,$-130,$223,$30,$0
33,2010-06-30,27.86,$22.64,1.23,$129.52,0.22,$15.82,1.76,$2.84,9.81,$2.98B,$1.50B,1.99,$8.82B,$2.16B,4.08,$12.02B,$10.34B,85.98%,$12.02B,$1.10B,9.18%,$12.02B,$1.10B,9.18%,$12.02B,$1.69B,14.09%,$12.02B,$0.49B,4.05%,$12.02B,$0.27B,2.20%,$0.27B,$2.16B,12.88%,$0.27B,$-2.00B,-12.56%,$0.27B,$14.31B,1.87%,$1.10B,$10.98B,10.13%,$3081,$431,$2650,$0,$1232,$2800,$281,$-150,$131,$43,$88,$88,$70,$434,$281,$93,95,$0.75,$0.74,$549,$307,$189,$2980,$6085,$0,$4161,$1087,$11333,$14313,$1501,$8819,$966,$10649,$12150,$1,$1159,$-261,$2164,$14313,$171,$301,$8,$309,$-64,$-1,$0,$12,$61,$542,$-262,$0,$-2,$0,$0,$0,$-64,$-328,$-34,$0,$-34,$41,$41,$0,$-17,$-9,$204,$20,$0
34,2010-03-31,30.43,$22.19,1.37,$130.13,0.23,$15.90,1.91,$2.75,11.06,$2.88B,$1.53B,1.88,$8.83B,$2.10B,4.2,$11.96B,$10.28B,86.00%,$11.96B,$1.08B,9.07%,$11.96B,$1.08B,9.07%,$11.96B,$1.66B,13.92%,$11.96B,$0.47B,3.91%,$11.96B,$0.25B,2.12%,$0.25B,$2.10B,12.73%,$0.25B,$-2.06B,-11.66%,$0.25B,$14.20B,1.81%,$1.08B,$10.93B,9.99%,$3126,$430,$2696,$0,$1270,$2850,$275,$-148,$127,$41,$86,$86,$70,$423,$275,$92,93,$0.76,$0.75,$480,$304,$191,$2878,$6111,$0,$4159,$1053,$11323,$14201,$1531,$8832,$887,$10568,$12100,$1,$1089,$-228,$2101,$14201,$85,$148,$1,$149,$-94,$-7,$0,$-1,$65,$299,$-126,$0,$-0,$0,$0,$0,$-37,$-163,$-13,$0,$-13,$24,$24,$0,$-11,$-0,$136,$10,$0
35,2009-12-31,29.33,$21.66,1.35,$128.51,0.23,$15.40,1.9,$2.65,11.07,$2.68B,$1.46B,1.84,$8.85B,$2.02B,4.39,$11.74B,$10.09B,85.95%,$11.74B,$1.06B,9.06%,$11.74B,$1.06B,9.06%,$11.74B,$1.63B,13.90%,$11.74B,$0.45B,3.81%,$11.74B,$0.24B,2.07%,$0.24B,$2.02B,12.69%,$0.24B,$-2.14B,-10.74%,$0.24B,$14.02B,1.74%,$1.06B,$10.86B,9.82%,$2726,$396,$2330,$0,$1087,$2445,$281,$-164,$117,$32,$85,$85,$65,$426,$281,$91,92,$0.71,$0.71,$345,$303,$194,$2675,$6132,$0,$4158,$1056,$11346,$14021,$1458,$8845,$859,$10548,$12006,$1,$1019,$-221,$2015,$14021,$306,$567,$116,$682,$58,$-35,$0,$-22,$88,$1076,$-573,$0,$-174,$0,$0,$0,$-120,$-867,$-58,$0,$-58,$13,$13,$0,$-40,$-85,$124,$45,$0
36,2009-09-30,26.31,$20.97,1.25,$128.44,0.2,$13.91,1.89,$2.60,10.12,$2.80B,$1.56B,1.79,$8.87B,$1.95B,4.55,$11.82B,$10.17B,86.04%,$11.82B,$1.04B,8.76%,$11.82B,$1.04B,8.76%,$11.82B,$1.59B,13.42%,$11.82B,$0.42B,3.58%,$11.82B,$0.24B,2.01%,$0.24B,$1.95B,13.01%,$0.24B,$-2.24B,-10.13%,$0.24B,$14.04B,1.71%,$1.04B,$10.81B,9.61%,$3087,$428,$2659,$0,$1239,$2819,$267,$-155,$112,$37,$75,$75,$60,$411,$267,$91,92,$0.66,$0.65,$433,$289,$213,$2795,$6053,$0,$4188,$1008,$11249,$14044,$1560,$8865,$874,$10534,$12095,$1,$954,$-242,$1949,$14044,$222,$422,$50,$472,$-10,$18,$0,$4,$207,$901,$-396,$0,$-122,$0,$0,$0,$-111,$-630,$-46,$0,$-46,$10,$10,$0,$-23,$-59,$212,$35,$0
37,2009-06-30,20.8,$20.68,1.01,$123.84,0.17,$11.02,1.89,$2.48,8.39,$2.60B,$1.46B,1.78,$8.88B,$1.92B,4.63,$11.49B,$9.89B,86.06%,$11.49B,$1.02B,8.84%,$11.49B,$1.02B,8.84%,$11.49B,$1.56B,13.55%,$11.49B,$0.40B,3.49%,$11.49B,$0.23B,1.98%,$0.23B,$1.92B,12.59%,$0.23B,$-2.27B,-9.67%,$0.23B,$13.87B,1.65%,$1.02B,$10.80B,9.44%,$3017,$420,$2597,$0,$1202,$2756,$261,$-150,$112,$37,$74,$74,$59,$404,$261,$90,91,$0.66,$0.65,$269,$287,$200,$2599,$6076,$0,$4188,$1008,$11273,$13872,$1460,$8884,$825,$10494,$11955,$1,$895,$-221,$1917,$13872,$147,$278,$20,$298,$9,$5,$0,$13,$99,$544,$-267,$0,$-121,$0,$0,$0,$-75,$-462,$-36,$0,$-36,$3,$3,$0,$-1,$-34,$48,$25,$0
38,2009-03-31,12.64,$19.23,0.66,$118.70,0.11,$9.58,1.32,$2.33,5.42,$2.83B,$1.40B,2.02,$9.08B,$1.78B,5.1,$11.14B,$9.59B,86.03%,$11.14B,$0.98B,8.82%,$11.14B,$0.98B,8.82%,$11.14B,$1.50B,13.50%,$11.14B,$0.38B,3.37%,$11.14B,$0.22B,1.95%,$0.22B,$1.78B,12.12%,$0.22B,$-2.40B,-9.14%,$0.22B,$13.91B,1.59%,$0.98B,$10.85B,9.15%,$2913,$406,$2507,$0,$1173,$2658,$255,$-149,$106,$36,$71,$71,$59,$391,$255,$91,91,$0.65,$0.65,$532,$275,$195,$2827,$5868,$0,$4173,$1046,$11087,$13914,$1403,$9075,$890,$10733,$12136,$1,$835,$-283,$1778,$13914,$73,$136,$6,$142,$-18,$-8,$0,$2,$45,$259,$-136,$0,$73,$0,$0,$0,$-36,$-99,$136,$0,$136,$0,$0,$0,$15,$151,$311,$12,$0
39,2008-12-31,12.01,$18.28,0.66,$114.96,0.1,$7.46,1.61,$2.31,5.2,$2.61B,$1.51B,1.73,$8.94B,$1.67B,5.34,$10.92B,$9.39B,85.97%,$10.92B,$0.97B,8.89%,$10.92B,$0.97B,8.89%,$10.92B,$1.48B,13.54%,$10.92B,$0.36B,3.29%,$10.92B,$0.22B,2.00%,$0.22B,$1.67B,12.36%,$0.22B,$-2.49B,-8.89%,$0.22B,$13.82B,1.61%,$0.97B,$10.61B,9.10%,$2803,$395,$2407,$0,$1123,$2551,$252,$-159,$93,$33,$60,$60,$60,$380,$252,$93,94,$0.65,$0.66,$221,$276,$225,$2605,$5894,$0,$4166,$1153,$11213,$13818,$1509,$8938,$889,$10636,$12146,$1,$776,$-296,$1672,$13818,$253,$507,$199,$706,$-50,$-34,$0,$62,$98,$1057,$-679,$0,$204,$0,$0,$0,$-190,$-665,$-104,$0,$-104,$-88,$-88,$0,$-112,$-304,$87,$52,$0
40,2008-09-30,24.15,$19.59,1.23,$111.62,0.22,$5.25,4.6,$0.72,33.54,$2.65B,$1.43B,1.86,$8.89B,$1.88B,4.74,$10.61B,$9.12B,85.90%,$10.61B,$0.77B,7.23%,$10.61B,$0.77B,7.23%,$10.61B,$1.27B,11.96%,$10.61B,$0.16B,1.53%,$10.61B,$0.07B,0.66%,$0.07B,$1.88B,3.95%,$0.07B,$-2.28B,-2.84%,$0.07B,$13.59B,0.52%,$0.77B,$10.77B,7.16%,$2755,$380,$2375,$0,$1090,$2506,$248,$-158,$90,$31,$59,$59,$50,$382,$248,$94,95,$0.54,$0.53,$342,$267,$198,$2652,$5744,$0,$4151,$1039,$10935,$13587,$1429,$8889,$617,$10283,$11712,$1,$716,$-93,$1876,$13587,$158,$378,$54,$432,$-117,$3,$0,$24,$95,$685,$-437,$0,$358,$0,$0,$0,$-152,$-231,$-162,$0,$-162,$-15,$-15,$0,$-67,$-245,$209,$40,$0
41,2008-06-30,27.17,$19.11,1.42,$106.36,0.26,$3.98,6.82,$0.30,90.58,$2.50B,$1.31B,1.91,$8.89B,$1.83B,4.85,$10.11B,$8.68B,85.93%,$10.11B,$0.70B,6.97%,$10.11B,$0.70B,6.97%,$10.11B,$1.18B,11.66%,$10.11B,$0.10B,1.02%,$10.11B,$0.03B,0.30%,$0.03B,$1.83B,1.70%,$0.03B,$-2.33B,-1.23%,$0.03B,$13.36B,0.22%,$0.70B,$10.72B,6.55%,$2673,$375,$2298,$0,$1078,$2445,$228,$-143,$86,$30,$55,$55,$48,$351,$228,$94,96,$0.51,$0.50,$264,$266,$191,$2504,$5622,$0,$4165,$1069,$10856,$13360,$1314,$8890,$571,$10212,$11525,$1,$666,$-78,$1834,$13360,$108,$245,$34,$278,$-75,$14,$0,$8,$30,$417,$-263,$0,$359,$0,$0,$0,$-144,$-48,$-168,$0,$-168,$-9,$-9,$0,$-61,$-238,$131,$27,$0
42,2008-03-31,27.66,$17.37,1.59,$91.03,0.3,$3.50,7.9,$0.37,74.75,$2.61B,$1.30B,2.0,$8.89B,$1.67B,5.32,$8.63B,$7.44B,86.25%,$8.63B,$0.59B,6.87%,$8.63B,$0.59B,6.87%,$8.63B,$1.00B,11.55%,$8.63B,$0.10B,1.20%,$8.63B,$0.04B,0.42%,$0.04B,$1.67B,2.03%,$0.04B,$-2.70B,-2.08%,$0.04B,$13.33B,0.32%,$0.59B,$10.56B,6.57%,$2689,$381,$2308,$0,$1076,$2446,$243,$-153,$90,$31,$59,$59,$60,$366,$243,$94,95,$0.64,$0.63,$164,$264,$245,$2606,$5438,$0,$4375,$912,$10726,$13332,$1303,$8886,$680,$10358,$11661,$1,$618,$-188,$1672,$13332,$60,$122,$13,$135,$-100,$-27,$0,$68,$-140,$55,$-128,$0,$364,$0,$0,$0,$-98,$138,$-164,$0,$-164,$0,$0,$0,$2,$-161,$31,$13,$0
43,2007-12-31,30.37,$17.89,1.7,$74.96,0.41,$5.07,5.99,$0.32,94.9,$2.55B,$1.45B,1.76,$9.08B,$1.71B,5.31,$7.10B,$6.16B,86.75%,$7.10B,$0.47B,6.65%,$7.10B,$0.47B,6.65%,$7.10B,$0.80B,11.33%,$7.10B,$0.11B,1.51%,$7.10B,$0.03B,0.42%,$0.03B,$1.71B,1.67%,$0.03B,$-2.54B,-3.18%,$0.03B,$13.49B,0.33%,$0.47B,$10.79B,6.46%,$2497,$361,$2136,$0,$1056,$2449,$48,$-152,$-104,$-41,$-63,$-63,$-88,$170,$48,$94,95,$-0.94,$-0.94,$133,$263,$340,$2553,$5513,$0,$4248,$1180,$10941,$13494,$1448,$9077,$483,$10335,$11783,$1,$558,$-82,$1711,$13494,$45,$333,$67,$400,$129,$-32,$0,$25,$244,$688,$-518,$0,$-6908,$0,$0,$0,$-73,$-7499,$7083,$0,$7083,$8,$8,$0,$-187,$6903,$93,$39,$0
44,2007-09-30,25.9,$19.32,1.34,$58.71,0.44,$4.63,5.6,$1.83,14.16,$2.71B,$1.39B,1.95,$9.08B,$1.85B,4.92,$5.57B,$4.89B,87.64%,$5.57B,$0.54B,9.72%,$5.57B,$0.54B,9.72%,$5.57B,$0.80B,14.37%,$5.57B,$0.31B,5.47%,$5.57B,$0.17B,3.09%,$0.17B,$1.85B,9.54%,$0.17B,$-2.20B,-81.04%,$0.17B,$13.44B,2.52%,$0.54B,$10.93B,9.82%,$2247,$305,$1942,$0,$903,$2062,$185,$-154,$31,$12,$20,$20,$10,$291,$185,$94,95,$0.11,$0.11,$119,$274,$233,$2710,$5877,$0,$4047,$805,$10729,$13439,$1390,$9083,$417,$10202,$11592,$1,$646,$-21,$1847,$13439,$119,$210,$61,$272,$-54,$9,$0,$14,$14,$405,$-278,$0,$-6969,$0,$0,$0,$-66,$-7313,$7170,$0,$7170,$8,$8,$0,$-191,$6987,$78,$26,$0
45,2007-06-30,33.33,$19.61,1.7,$46.75,0.71,$4.48,7.43,$1.81,18.41,$1.13B,$0.61B,1.85,$1.97B,$1.86B,1.06,$4.45B,$3.93B,88.44%,$4.45B,$0.40B,8.98%,$4.45B,$0.40B,8.98%,$4.45B,$0.60B,13.54%,$4.45B,$0.29B,6.50%,$4.45B,$0.17B,3.82%,$0.17B,$1.86B,9.61%,$0.17B,$0.52B,40.50%,$0.17B,$4.79B,3.73%,$0.40B,$3.84B,10.90%,$1198,$140,$1058,$0,$473,$1081,$117,$-30,$87,$34,$54,$54,$54,$170,$117,$94,95,$0.57,$0.57,$21,$122,$63,$1132,$2089,$0,$1345,$227,$3661,$4793,$611,$1974,$205,$2321,$2932,$1,$636,$16,$1861,$4793,$108,$105,$11,$116,$-47,$-13,$0,$7,$-8,$216,$-109,$0,$-175,$0,$0,$0,$-25,$-309,$67,$0,$67,$7,$7,$0,$-0,$74,$-19,$14,$0
46,2007-03-31,29.04,$18.79,1.55,$45.05,0.64,$4.52,6.43,$1.78,16.32,$1.09B,$0.59B,1.85,$1.90B,$1.78B,1.07,$4.31B,$3.81B,88.39%,$4.31B,$0.39B,9.08%,$4.31B,$0.39B,9.08%,$4.31B,$0.59B,13.65%,$4.31B,$0.29B,6.66%,$4.31B,$0.17B,3.90%,$0.17B,$1.78B,9.72%,$0.17B,$0.45B,43.52%,$0.17B,$4.61B,3.81%,$0.39B,$3.68B,11.05%,$1154,$134,$1020,$0,$463,$1033,$122,$-29,$93,$36,$57,$57,$54,$173,$122,$93,94,$0.58,$0.58,$63,$113,$49,$1092,$1986,$0,$1332,$199,$3517,$4609,$591,$1901,$195,$2238,$2828,$1,$582,$2,$1780,$4609,$54,$51,$6,$57,$-33,$-8,$0,$4,$9,$120,$-45,$0,$-44,$0,$0,$0,$-7,$-96,$-5,$0,$-5,$3,$3,$0,$-1,$-2,$22,$6,$0
47,2006-12-31,30.09,$18.33,1.64,$43.27,0.7,$4.23,7.11,$1.75,17.19,$1.02B,$0.58B,1.78,$1.91B,$1.72B,1.11,$4.18B,$3.69B,88.30%,$4.18B,$0.38B,9.18%,$4.18B,$0.38B,9.18%,$4.18B,$0.57B,13.70%,$4.18B,$0.29B,6.89%,$4.18B,$0.17B,4.02%,$0.17B,$1.72B,9.75%,$0.17B,$0.39B,42.24%,$0.17B,$4.51B,3.93%,$0.38B,$3.63B,11.16%,$975,$110,$865,$0,$386,$856,$118,$-24,$94,$35,$59,$59,$54,$167,$118,$95,96,$0.57,$0.57,$41,$113,$48,$1021,$1987,$0,$1337,$162,$3485,$4507,$575,$1906,$137,$2208,$2783,$1,$528,$6,$1724,$4507,$168,$189,$-5,$184,$-71,$-5,$0,$21,$-2,$350,$-220,$0,$-384,$0,$0,$0,$-36,$-640,$381,$0,$381,$-162,$-162,$0,$7,$226,$-64,$20,$0
