,Date,Stock Price,Book Value per Share,Price to Book Ratio,TTM Sales per Share,Price to Sales Ratio,TTM FCF per Share,Price to FCF Ratio,TTM Net EPS,PE Ratio,Current Assets,Current Liabilities,Current Ratio,Long Term Debt,Shareholder's Equity_x,Debt to Equity Ratio,TTM Revenue_x,TTM Gross Profit,Gross Margin,TTM Revenue_y,TTM Operating Income,Operating Margin,TTM Revenue_x,TTM EBIT,EBIT Margin,TTM Revenue_y,TTM EBITDA,EBITDA Margin,TTM Revenue_x,TTM Pre-Tax Income,Pre-Tax Margin,TTM Revenue_y,TTM Net Income_x,Net Margin,TTM Net Income_y,Shareholder's Equity_y,Return on Equity,TTM Net Income_x,Tangible Equity,Return on Tangible Equity,TTM Net Income_y,Total Assets,Return on Assets,TTM Net Income,LT Investments & Debt,Return on Investment,revenue,cost-goods-sold,gross-profit,research-development-expenses,selling-general-administrative-expenses,operating-expenses,operating-income,total-non-operating-income-expense,pre-tax-income,total-provision-income-taxes,income-after-taxes,income-from-continuous-operations,net-income,ebitda,ebit,basic-shares-outstanding,shares-outstanding,eps-basic-net-earnings-per-share,eps-earnings-per-share-diluted,cash-on-hand,inventory,other-current-assets,total-current-assets,net-property-plant-equipment,long-term-investments,goodwill-intangible-assets-total,other-long-term-assets,total-long-term-assets,total-assets,total-current-liabilities,long-term-debt,other-non-current-liabilities,total-long-term-liabilities,total-liabilities,common-stock-net,retained-earnings-accumulated-deficit,comprehensive-income,total-share-holder-equity,total-liabilities-share-holders-equity,net-income-loss,total-depreciation-amortization-cash-flow,other-non-cash-items,total-non-cash-items,change-in-accounts-receivable,change-in-inventories,change-in-accounts-payable,change-in-assets-liabilities,total-change-in-assets-liabilities,cash-flow-from-operating-activities,net-change-in-property-plant-equipment,net-change-in-intangible-assets,net-acquisitions-divestitures,net-change-in-short-term-investments,net-change-in-long-term-investments,net-change-in-investments-total,investing-activities-other,cash-flow-from-investing-activities,net-long-term-debt,net-current-debt,debt-issuance-retirement-net-total,net-common-equity-issued-repurchased,net-total-equity-issued-repurchased,total-common-preferred-stock-dividends-paid,financial-activities-other,cash-flow-from-financial-activities,net-cash-flow,stock-based-compensation,common-stock-dividends-paid
0,2018-09-30,13.2,$0.00,0.0,$9.62,1.37,$3.69,3.58,$0.99,13.33,$1.36B,$0.68B,2.0,$0.00B,$0.00B,0.0,$0.51B,$0.35B,67.58%,$0.51B,$0.13B,24.80%,$0.51B,$0.13B,24.80%,$0.51B,$0.13B,24.80%,$0.51B,$0.18B,34.57%,$0.51B,$0.11B,21.09%,$0.11B,$0.82B,10.07%,$0.11B,$0.78B,10.45%,$0.11B,$1.60B,6.06%,$0.13B,$0.82B,11.84%,$118,$39,$79,$29,$21,$89,$29,$14,$43,$-12,$55,$55,$55,$29,$29,$53,54,$1.04,$1.03,$625,$0,$0,$1362,$173,$0,$42,$12,$233,$1595,$681,$0,$14,$97,$778,$0,$0,$0,$817,$1595,$0,$0,$0,$0,$0,$0,$0,$0,$0,$0,$0,$0,$0,$0,$0,$0,$0,$0,$0,$0,$0,$0,$0,$0,$0,$0,$0,$0,$0
1,2018-06-30,16.67,$0.00,0.0,$10.56,1.58,$3.69,4.52,$0.86,19.38,$1.35B,$0.69B,1.95,$0.00B,$0.00B,0.0,$0.56B,$0.39B,69.46%,$0.56B,$0.07B,12.14%,$0.56B,$0.07B,12.14%,$0.56B,$0.07B,12.14%,$0.56B,$0.11B,19.82%,$0.56B,$0.05B,8.21%,$0.05B,$0.81B,3.89%,$0.05B,$0.77B,4.01%,$0.05B,$1.60B,2.49%,$0.07B,$0.81B,5.75%,$113,$38,$74,$28,$20,$87,$26,$14,$40,$8,$32,$32,$32,$26,$26,$53,54,$0.60,$0.60,$571,$0,$0,$1354,$182,$0,$44,$11,$248,$1602,$693,$0,$15,$98,$791,$0,$0,$0,$811,$1602,$0,$0,$0,$0,$0,$0,$0,$0,$0,$0,$0,$0,$0,$0,$0,$0,$0,$0,$0,$0,$0,$0,$0,$0,$0,$0,$0,$0,$0
2,2018-03-31,18.65,$0.00,0.0,$11.27,1.66,$3.69,5.06,$1.22,15.29,$1.71B,$0.56B,3.05,$0.00B,$0.00B,0.0,$0.60B,$0.43B,72.03%,$0.60B,$0.10B,16.08%,$0.60B,$0.10B,16.08%,$0.60B,$0.10B,16.08%,$0.60B,$0.13B,22.28%,$0.60B,$0.07B,11.06%,$0.07B,$1.35B,5.08%,$0.07B,$1.31B,5.32%,$0.07B,$2.01B,3.46%,$0.10B,$1.35B,7.39%,$137,$43,$94,$34,$23,$100,$37,$10,$48,$61,$-13,$-13,$-13,$37,$37,$53,53,$-0.25,$-0.25,$1053,$0,$0,$1710,$194,$0,$34,$60,$299,$2009,$561,$0,$15,$102,$663,$0,$0,$0,$1346,$2009,$0,$0,$0,$0,$0,$0,$0,$0,$0,$0,$0,$0,$0,$0,$0,$0,$0,$0,$0,$0,$0,$0,$0,$0,$0,$0,$0,$0,$0
3,2017-12-31,24.36,$0.00,0.0,$10.91,2.23,$3.69,6.61,$2.03,12.0,$1.60B,$0.56B,2.87,$0.00B,$0.00B,0.0,$0.58B,$0.42B,71.90%,$0.58B,$0.09B,15.69%,$0.58B,$0.09B,15.69%,$0.58B,$0.09B,15.69%,$0.58B,$0.12B,21.21%,$0.58B,$0.11B,18.79%,$0.11B,$1.32B,8.66%,$0.11B,$1.28B,9.26%,$0.11B,$1.92B,5.92%,$0.09B,$1.32B,7.23%,$144,$46,$99,$33,$30,$109,$35,$10,$46,$11,$34,$34,$34,$35,$35,$53,53,$0.64,$0.65,$978,$0,$0,$1597,$190,$0,$36,$89,$325,$1922,$557,$0,$15,$49,$607,$0,$0,$0,$1315,$1922,$82,$20,$100,$120,$-40,$0,$0,$18,$-3,$199,$-2,$-1,$0,$-1365,$1198,$-167,$-86,$-256,$0,$0,$0,$0,$0,$0,$15,$15,$-26,$17,$0
4,2017-09-30,26.49,$0.00,0.0,$10.65,2.49,$3.79,6.98,$2.16,12.26,$1.61B,$0.54B,2.97,$0.00B,$0.00B,0.0,$0.57B,$0.41B,71.96%,$0.57B,$0.09B,16.58%,$0.57B,$0.09B,16.58%,$0.57B,$0.09B,16.58%,$0.57B,$0.13B,22.57%,$0.57B,$0.12B,20.46%,$0.12B,$1.26B,9.53%,$0.12B,$1.23B,10.22%,$0.12B,$1.85B,6.48%,$0.09B,$1.26B,7.72%,$166,$44,$122,$36,$29,$195,$-30,$7,$-23,$11,$-34,$-34,$-7,$-30,$-30,$53,53,$-0.13,$-0.13,$881,$0,$0,$1608,$190,$0,$37,$8,$243,$1851,$542,$0,$15,$48,$589,$0,$0,$0,$1262,$1851,$0,$0,$0,$0,$0,$0,$0,$0,$0,$0,$0,$0,$0,$0,$0,$0,$0,$0,$0,$0,$0,$0,$0,$0,$0,$0,$0,$0,$0
5,2017-06-30,25.92,$0.00,0.0,$10.06,2.58,$3.79,6.83,$3.02,8.58,$1.52B,$0.53B,2.86,$0.00B,$0.00B,0.0,$0.54B,$0.38B,70.95%,$0.54B,$0.15B,28.49%,$0.54B,$0.15B,28.49%,$0.54B,$0.15B,28.49%,$0.54B,$0.19B,35.38%,$0.54B,$0.16B,30.17%,$0.16B,$1.27B,13.64%,$0.16B,$1.15B,14.66%,$0.16B,$1.85B,9.24%,$0.15B,$1.27B,12.88%,$150,$35,$115,$36,$26,$97,$54,$8,$62,$10,$52,$52,$52,$54,$54,$53,53,$0.98,$0.96,$820,$0,$0,$1518,$189,$0,$125,$7,$328,$1846,$530,$0,$15,$46,$576,$0,$0,$0,$1270,$1846,$0,$0,$0,$0,$0,$0,$0,$0,$0,$0,$0,$0,$0,$0,$0,$0,$0,$0,$0,$0,$0,$0,$0,$0,$0,$0,$0,$0,$0
6,2017-03-31,18.75,$0.00,0.0,$9.68,1.94,$3.79,4.94,$2.68,7.0,$1.42B,$0.52B,2.75,$0.00B,$0.00B,0.0,$0.52B,$0.35B,68.41%,$0.52B,$0.13B,24.81%,$0.52B,$0.13B,24.81%,$0.52B,$0.13B,24.81%,$0.52B,$0.17B,32.17%,$0.52B,$0.14B,27.71%,$0.14B,$1.19B,12.48%,$0.14B,$1.06B,13.47%,$0.14B,$1.75B,8.50%,$0.13B,$1.19B,11.17%,$120,$39,$81,$26,$23,$88,$32,$7,$38,$8,$30,$30,$30,$32,$32,$52,53,$0.57,$0.56,$836,$0,$0,$1422,$188,$0,$128,$6,$329,$1751,$517,$0,$14,$45,$562,$0,$0,$0,$1189,$1751,$0,$0,$0,$0,$0,$0,$0,$0,$0,$0,$0,$0,$0,$0,$0,$0,$0,$0,$0,$0,$0,$0,$0,$0,$0,$0,$0,$0,$0
7,2016-12-31,14.19,$22.51,0.63,$9.90,1.43,$3.79,3.74,$2.73,5.2,$1.47B,$0.52B,2.84,$0.00B,$1.15B,0.0,$0.53B,$0.36B,68.44%,$0.53B,$0.13B,24.71%,$0.53B,$0.13B,24.71%,$0.53B,$0.13B,24.71%,$0.53B,$0.17B,32.13%,$0.53B,$0.15B,27.57%,$0.15B,$1.15B,12.93%,$0.15B,$1.11B,14.00%,$0.15B,$1.71B,8.93%,$0.13B,$1.15B,11.59%,$131,$41,$90,$31,$21,$93,$38,$13,$51,$9,$42,$42,$41,$38,$38,$52,53,$0.79,$0.76,$831,$0,$103,$1466,$190,$3,$39,$10,$242,$1708,$516,$0,$14,$43,$560,$1,$1103,$-72,$1148,$1708,$147,$26,$15,$41,$15,$0,$2,$3,$18,$206,$-4,$-9,$0,$-91,$364,$274,$-265,$-5,$-13,$-345,$-357,$0,$0,$0,$210,$-147,$27,$8,$0
8,2016-09-30,18.22,$0.00,0.0,$10.50,1.73,$3.80,4.79,$2.69,6.77,$1.46B,$0.55B,2.67,$0.00B,$0.00B,0.0,$0.56B,$0.39B,69.84%,$0.56B,$0.13B,23.70%,$0.56B,$0.13B,23.70%,$0.56B,$0.17B,31.06%,$0.56B,$0.17B,29.62%,$0.56B,$0.14B,25.49%,$0.14B,$1.14B,12.92%,$0.14B,$1.11B,14.35%,$0.14B,$1.71B,8.65%,$0.13B,$1.14B,12.01%,$136,$41,$95,$30,$35,$106,$29,$9,$39,$-1,$39,$39,$39,$29,$29,$52,53,$0.74,$0.73,$848,$0,$102,$1455,$200,$0,$39,$8,$253,$1707,$546,$0,$15,$18,$564,$0,$0,$0,$1143,$1707,$0,$0,$0,$0,$0,$0,$0,$0,$0,$0,$0,$0,$0,$0,$0,$0,$0,$0,$0,$0,$0,$0,$0,$0,$0,$0,$0,$0,$0
9,2016-06-30,13.4,$0.00,0.0,$11.56,1.16,$3.80,3.52,$3.51,3.82,$1.08B,$0.44B,2.44,$0.00B,$0.00B,0.0,$0.61B,$0.43B,71.15%,$0.61B,$0.13B,20.82%,$0.61B,$0.13B,20.82%,$0.61B,$0.17B,27.54%,$0.61B,$0.21B,35.08%,$0.61B,$0.18B,30.16%,$0.18B,$1.10B,17.14%,$0.18B,$0.97B,19.62%,$0.18B,$1.57B,11.16%,$0.13B,$1.10B,11.01%,$129,$42,$87,$31,$27,$100,$29,$9,$38,$5,$33,$33,$33,$29,$29,$52,53,$0.63,$0.62,$687,$0,$0,$1080,$204,$0,$131,$143,$486,$1566,$443,$0,$15,$19,$462,$0,$0,$0,$1104,$1566,$0,$0,$0,$0,$0,$0,$0,$0,$0,$0,$0,$0,$0,$0,$0,$0,$0,$0,$0,$0,$0,$0,$0,$0,$0,$0,$0,$0,$0
10,2016-03-31,12.56,$0.00,0.0,$12.92,0.97,$3.80,3.3,$3.73,3.37,$1.01B,$0.42B,2.43,$0.00B,$0.00B,0.0,$0.68B,$0.49B,71.60%,$0.68B,$0.14B,20.94%,$0.68B,$0.14B,20.94%,$0.68B,$0.18B,26.94%,$0.68B,$0.23B,33.24%,$0.68B,$0.20B,28.70%,$0.20B,$1.09B,18.52%,$0.20B,$0.96B,21.60%,$0.20B,$1.51B,11.51%,$0.14B,$1.09B,11.68%,$130,$42,$88,$30,$23,$95,$34,$6,$41,$8,$33,$33,$32,$34,$34,$52,53,$0.62,$0.61,$653,$0,$0,$1011,$212,$0,$134,$146,$502,$1513,$417,$0,$1,$5,$422,$0,$0,$0,$1091,$1513,$0,$0,$0,$0,$0,$0,$0,$0,$0,$0,$0,$0,$0,$0,$0,$0,$0,$0,$0,$0,$0,$0,$0,$0,$0,$0,$0,$0,$0
11,2015-12-31,16.6,$20.85,0.8,$14.40,1.15,$3.80,4.37,$4.03,4.12,$1.27B,$0.69B,1.84,$0.00B,$1.06B,0.0,$0.76B,$0.54B,71.39%,$0.76B,$0.16B,21.26%,$0.76B,$0.16B,21.26%,$0.76B,$0.20B,26.64%,$0.76B,$0.25B,32.15%,$0.76B,$0.21B,27.82%,$0.21B,$1.06B,20.53%,$0.21B,$0.92B,24.49%,$0.21B,$1.78B,12.27%,$0.16B,$1.06B,12.61%,$162,$43,$119,$44,$35,$122,$40,$6,$47,$8,$38,$38,$38,$81,$40,$52,53,$0.74,$0.73,$972,$0,$0,$1267,$214,$5,$136,$157,$512,$1780,$690,$0,$2,$30,$720,$1,$958,$-6,$1059,$1780,$191,$41,$26,$41,$4,$0,$-16,$-21,$-45,$213,$-12,$-23,$184,$-650,$642,$1,$-177,$-4,$0,$-26,$0,$-15,$-15,$0,$183,$143,$349,$15,$0
12,2015-09-30,11.9,$0.00,0.0,$15.42,0.77,$0.49,24.13,$3.51,3.39,$1.21B,$0.37B,3.26,$0.32B,$0.00B,0.0,$0.82B,$0.57B,70.10%,$0.82B,$0.12B,14.71%,$0.82B,$0.12B,14.71%,$0.82B,$0.12B,14.71%,$0.82B,$0.20B,24.63%,$0.82B,$0.19B,22.67%,$0.19B,$1.04B,18.43%,$0.19B,$0.90B,23.46%,$0.19B,$1.74B,11.08%,$0.12B,$1.36B,8.94%,$189,$49,$140,$40,$37,$165,$24,$64,$88,$26,$62,$62,$81,$24,$24,$52,52,$1.55,$1.55,$672,$0,$476,$1213,$0,$0,$141,$149,$302,$1736,$373,$319,$1,$324,$697,$0,$0,$0,$1039,$1736,$0,$0,$0,$0,$0,$0,$0,$0,$0,$0,$0,$0,$0,$0,$0,$0,$0,$0,$0,$0,$0,$0,$0,$0,$0,$0,$0,$0,$0
13,2015-06-30,19.95,$0.00,0.0,$15.23,1.31,$0.49,40.44,$2.02,9.87,$1.19B,$0.39B,3.08,$0.35B,$0.00B,0.0,$0.81B,$0.56B,69.55%,$0.81B,$0.09B,11.51%,$0.81B,$0.09B,11.51%,$0.81B,$0.09B,11.51%,$0.81B,$0.12B,14.23%,$0.81B,$0.11B,13.24%,$0.11B,$1.05B,10.92%,$0.11B,$0.85B,15.23%,$0.11B,$1.78B,6.57%,$0.09B,$1.39B,6.99%,$202,$60,$142,$42,$55,$157,$45,$6,$51,$8,$43,$43,$45,$45,$45,$53,53,$0.85,$0.84,$551,$0,$551,$1188,$0,$0,$193,$153,$360,$1781,$385,$345,$2,$351,$736,$0,$0,$0,$1045,$1781,$0,$0,$0,$0,$0,$0,$0,$0,$0,$0,$0,$0,$0,$0,$0,$0,$0,$0,$0,$0,$0,$0,$0,$0,$0,$0,$0,$0,$0
14,2015-03-31,17.31,$0.00,0.0,$14.79,1.17,$0.49,35.1,$1.22,14.19,$1.01B,$0.27B,3.76,$0.35B,$0.00B,0.0,$0.78B,$0.55B,70.66%,$0.78B,$0.04B,5.23%,$0.78B,$0.04B,5.23%,$0.78B,$0.04B,5.23%,$0.78B,$0.06B,8.04%,$0.78B,$0.06B,8.16%,$0.06B,$0.99B,6.81%,$0.06B,$0.79B,9.88%,$0.06B,$1.61B,4.18%,$0.04B,$1.33B,3.40%,$209,$66,$143,$45,$45,$156,$53,$7,$59,$12,$47,$47,$48,$53,$53,$53,53,$0.92,$0.91,$700,$0,$225,$1011,$0,$0,$199,$152,$366,$1612,$269,$345,$5,$354,$623,$0,$0,$0,$988,$1612,$0,$0,$0,$0,$0,$0,$0,$0,$0,$0,$0,$0,$0,$0,$0,$0,$0,$0,$0,$0,$0,$0,$0,$0,$0,$0,$0,$0,$0
15,2014-12-31,18.29,$18.14,1.01,$14.28,1.28,$0.49,37.09,$-0.06,0.0,$0.81B,$0.25B,3.26,$0.35B,$0.95B,0.36,$0.76B,$0.55B,73.15%,$0.76B,$-0.04B,-5.56%,$0.76B,$-0.04B,-5.56%,$0.76B,$-0.04B,-5.56%,$0.76B,$-0.02B,-2.51%,$0.76B,$-0.00B,-0.40%,$-0.00B,$0.94B,-0.33%,$-0.00B,$0.62B,-0.49%,$-0.00B,$1.55B,-0.20%,$-0.04B,$1.29B,-3.85%,$216,$69,$147,$22,$127,$218,$-2,$5,$3,$7,$-4,$11,$11,$-2,$-2,$53,53,$0.21,$0.21,$695,$0,$35,$807,$316,$5,$327,$164,$813,$1548,$248,$345,$7,$357,$605,$1,$745,$69,$943,$1548,$-21,$66,$38,$66,$-41,$0,$-3,$25,$-33,$50,$-24,$-35,$-87,$-214,$23,$-191,$-28,$-331,$0,$-40,$0,$-4,$-4,$0,$-3,$-47,$-328,$4,$0
16,2014-09-30,16.0,$0.00,0.0,$13.87,1.15,$5.60,2.86,$0.54,29.63,$0.77B,$0.24B,3.18,$0.37B,$0.00B,0.0,$0.74B,$0.57B,77.01%,$0.74B,$-0.01B,-1.50%,$0.74B,$-0.01B,-1.50%,$0.74B,$-0.01B,-1.50%,$0.74B,$0.01B,1.77%,$0.74B,$0.03B,3.95%,$0.03B,$0.94B,3.20%,$0.03B,$0.55B,4.69%,$0.03B,$1.57B,1.95%,$-0.01B,$1.31B,-1.10%,$181,$50,$130,$53,$80,$183,$-3,$4,$2,$0,$1,$3,$3,$-3,$-3,$53,53,$0.06,$0.06,$687,$0,$42,$771,$0,$0,$388,$147,$556,$1572,$242,$370,$7,$388,$630,$0,$0,$0,$942,$1572,$0,$0,$0,$0,$0,$0,$0,$0,$0,$0,$0,$0,$0,$0,$0,$0,$0,$0,$0,$0,$0,$0,$0,$0,$0,$0,$0,$0,$0
17,2014-06-30,17.37,$0.00,0.0,$13.88,1.25,$5.60,3.1,$1.84,9.44,$0.87B,$0.49B,1.77,$0.00B,$0.00B,0.0,$0.74B,$0.59B,79.92%,$0.74B,$0.07B,10.04%,$0.74B,$0.07B,10.04%,$0.74B,$0.07B,10.04%,$0.74B,$0.10B,13.16%,$0.74B,$0.10B,13.43%,$0.10B,$0.89B,11.20%,$0.10B,$0.63B,15.34%,$0.10B,$1.40B,6.84%,$0.07B,$0.89B,8.37%,$178,$44,$134,$49,$92,$185,$-7,$6,$-1,$-2,$2,$2,$2,$-7,$-7,$53,53,$0.04,$0.04,$765,$0,$71,$874,$0,$0,$254,$7,$276,$1398,$494,$0,$7,$18,$512,$0,$0,$0,$886,$1398,$0,$0,$0,$0,$0,$0,$0,$0,$0,$0,$0,$0,$0,$0,$0,$0,$0,$0,$0,$0,$0,$0,$0,$0,$0,$0,$0,$0,$0
18,2014-03-31,19.74,$0.00,0.0,$13.94,1.42,$5.60,3.52,$3.21,6.15,$0.89B,$0.50B,1.77,$0.00B,$0.00B,0.0,$0.74B,$0.61B,81.78%,$0.74B,$0.17B,23.48%,$0.74B,$0.17B,23.48%,$0.74B,$0.17B,23.48%,$0.74B,$0.19B,26.18%,$0.74B,$0.17B,23.21%,$0.17B,$0.88B,20.06%,$0.17B,$0.63B,27.08%,$0.17B,$1.41B,12.10%,$0.17B,$0.88B,19.39%,$181,$39,$142,$70,$102,$211,$-30,$7,$-23,$-3,$-20,$-19,$-19,$-30,$-30,$53,53,$-0.37,$-0.37,$409,$0,$445,$890,$0,$0,$257,$5,$270,$1408,$502,$0,$9,$21,$523,$0,$0,$0,$884,$1408,$0,$0,$0,$0,$0,$0,$0,$0,$0,$0,$0,$0,$0,$0,$0,$0,$0,$0,$0,$0,$0,$0,$0,$0,$0,$0,$0,$0,$0
19,2013-12-31,21.43,$0.00,0.0,$13.84,1.55,$5.60,3.82,$5.03,4.26,$1.05B,$0.65B,1.61,$0.00B,$0.91B,0.0,$0.74B,$0.61B,82.93%,$0.74B,$0.31B,41.46%,$0.74B,$0.31B,41.46%,$0.74B,$0.31B,41.46%,$0.74B,$0.32B,43.63%,$0.74B,$0.27B,36.45%,$0.27B,$0.91B,32.53%,$0.27B,$0.66B,43.28%,$0.27B,$1.59B,19.60%,$0.31B,$0.91B,33.77%,$195,$35,$160,$43,$87,$166,$29,$6,$35,$-8,$43,$43,$43,$29,$29,$53,53,$0.81,$0.81,$551,$0,$458,$1045,$0,$0,$254,$39,$293,$1585,$649,$0,$10,$23,$672,$1,$739,$0,$914,$1585,$286,$42,$9,$42,$-12,$0,$23,$-25,$21,$359,$-62,$-34,$-110,$51,$0,$51,$-203,$-323,$0,$167,$0,$-17,$-17,$0,$-20,$130,$182,$1,$0
20,2013-09-30,23.75,$0.00,0.0,$13.41,1.77,$6.15,3.86,$5.63,4.22,$0.92B,$0.54B,1.71,$0.00B,$0.00B,0.0,$0.72B,$0.60B,83.26%,$0.72B,$0.37B,51.74%,$0.72B,$0.37B,51.74%,$0.72B,$0.37B,51.74%,$0.72B,$0.38B,53.56%,$0.72B,$0.30B,41.98%,$0.30B,$0.85B,39.30%,$0.30B,$0.66B,52.19%,$0.30B,$1.40B,23.99%,$0.37B,$0.85B,42.33%,$183,$30,$153,$30,$41,$102,$82,$5,$86,$14,$73,$73,$73,$82,$82,$53,53,$1.37,$1.36,$840,$0,$45,$915,$0,$0,$189,$60,$251,$1401,$535,$0,$7,$15,$550,$0,$0,$0,$851,$1401,$0,$0,$0,$0,$0,$0,$0,$0,$0,$0,$0,$0,$0,$0,$0,$0,$0,$0,$0,$0,$0,$0,$0,$0,$0,$0,$0,$0,$0
21,2013-06-30,20.35,$0.00,0.0,$13.08,1.56,$6.15,3.31,$5.64,3.61,$0.71B,$0.34B,2.12,$0.16B,$0.00B,0.0,$0.70B,$0.58B,82.71%,$0.70B,$0.38B,54.43%,$0.70B,$0.38B,54.43%,$0.70B,$0.38B,54.43%,$0.70B,$0.39B,56.14%,$0.70B,$0.30B,43.00%,$0.30B,$0.78B,43.08%,$0.30B,$0.59B,59.19%,$0.30B,$1.29B,25.96%,$0.38B,$0.94B,45.55%,$182,$31,$151,$26,$32,$89,$93,$3,$96,$14,$82,$75,$75,$93,$93,$53,53,$1.41,$1.41,$470,$0,$212,$714,$0,$1,$190,$176,$368,$1292,$337,$159,$7,$174,$511,$0,$0,$0,$781,$1292,$0,$0,$0,$0,$0,$0,$0,$0,$0,$0,$0,$0,$0,$0,$0,$0,$0,$0,$0,$0,$0,$0,$0,$0,$0,$0,$0,$0,$0
22,2013-03-31,19.32,$0.00,0.0,$12.43,1.55,$6.15,3.14,$5.52,3.5,$0.64B,$0.27B,2.35,$0.16B,$0.00B,0.0,$0.67B,$0.55B,83.01%,$0.67B,$0.37B,56.09%,$0.67B,$0.37B,56.09%,$0.67B,$0.37B,56.09%,$0.67B,$0.38B,57.59%,$0.67B,$0.30B,44.36%,$0.30B,$0.76B,43.37%,$0.30B,$0.57B,60.39%,$0.30B,$1.21B,27.67%,$0.37B,$0.92B,47.93%,$178,$30,$148,$20,$26,$76,$102,$3,$105,$17,$88,$78,$78,$102,$102,$53,53,$1.47,$1.45,$579,$0,$35,$641,$0,$1,$189,$170,$364,$1211,$272,$157,$11,$176,$449,$0,$0,$0,$762,$1211,$0,$0,$0,$0,$0,$0,$0,$0,$0,$0,$0,$0,$0,$0,$0,$0,$0,$0,$0,$0,$0,$0,$0,$0,$0,$0,$0,$0,$0
23,2012-12-31,17.61,$0.00,0.0,$11.67,1.51,$6.15,2.86,$5.29,3.33,$0.59B,$0.30B,1.97,$0.13B,$0.67B,0.19,$0.62B,$0.52B,83.17%,$0.62B,$0.35B,56.25%,$0.62B,$0.35B,56.25%,$0.62B,$0.35B,56.25%,$0.62B,$0.36B,57.85%,$0.62B,$0.28B,45.19%,$0.28B,$0.67B,44.43%,$0.28B,$0.48B,64.02%,$0.28B,$1.12B,28.94%,$0.35B,$0.80B,50.61%,$174,$29,$145,$22,$29,$80,$94,$3,$97,$18,$80,$75,$75,$94,$94,$53,53,$1.42,$1.41,$534,$0,$30,$587,$0,$1,$189,$267,$462,$1115,$298,$126,$13,$147,$445,$1,$471,$0,$670,$1115,$294,$16,$0,$16,$0,$0,$0,$0,$-16,$340,$-12,$0,$0,$0,$0,$-33,$-270,$-315,$0,$239,$0,$0,$0,$-201,$-30,$9,$36,$0,$0
24,2012-09-30,17.55,$0.00,0.0,$11.01,1.59,$4.80,3.65,$5.09,3.45,$0.51B,$0.31B,1.66,$0.11B,$0.00B,0.0,$0.59B,$0.49B,82.99%,$0.59B,$0.33B,56.63%,$0.59B,$0.33B,56.63%,$0.59B,$0.33B,56.63%,$0.59B,$0.37B,62.07%,$0.59B,$0.27B,46.09%,$0.27B,$0.58B,44.41%,$0.27B,$0.39B,64.91%,$0.27B,$1.02B,30.66%,$0.33B,$0.69B,52.24%,$166,$31,$135,$18,$24,$73,$92,$2,$95,$17,$77,$73,$73,$92,$92,$53,53,$1.38,$1.37,$456,$0,$29,$508,$0,$1,$193,$249,$447,$1020,$306,$109,$15,$132,$438,$0,$0,$0,$582,$1020,$0,$0,$0,$0,$0,$0,$0,$0,$0,$0,$0,$0,$0,$0,$0,$0,$0,$0,$0,$0,$0,$0,$0,$0,$0,$0,$0,$0,$0
25,2012-06-30,12.01,$0.00,0.0,$10.14,1.18,$4.80,2.5,$4.71,2.55,$0.51B,$0.17B,2.97,$0.00B,$0.00B,0.0,$0.54B,$0.45B,83.92%,$0.54B,$0.30B,56.01%,$0.54B,$0.30B,56.01%,$0.54B,$0.30B,56.01%,$0.54B,$0.34B,62.11%,$0.54B,$0.25B,46.40%,$0.25B,$0.71B,39.95%,$0.25B,$0.51B,56.98%,$0.25B,$0.92B,30.20%,$0.30B,$0.71B,48.23%,$147,$24,$124,$17,$22,$63,$85,$2,$86,$16,$70,$69,$69,$85,$85,$53,53,$1.31,$1.29,$465,$0,$23,$510,$0,$1,$195,$141,$341,$918,$172,$0,$31,$39,$211,$0,$0,$0,$707,$918,$0,$0,$0,$0,$0,$0,$0,$0,$0,$0,$0,$0,$0,$0,$0,$0,$0,$0,$0,$0,$0,$0,$0,$0,$0,$0,$0,$0,$0
26,2012-03-31,15.45,$0.00,0.0,$9.35,1.65,$4.80,3.22,$4.44,3.48,$0.43B,$0.17B,2.61,$0.00B,$0.00B,0.0,$0.50B,$0.42B,84.37%,$0.50B,$0.28B,55.91%,$0.50B,$0.28B,55.91%,$0.50B,$0.28B,55.91%,$0.50B,$0.31B,62.73%,$0.50B,$0.24B,47.29%,$0.24B,$0.58B,39.43%,$0.24B,$0.38B,56.39%,$0.24B,$0.85B,30.12%,$0.28B,$0.58B,46.62%,$137,$21,$115,$17,$18,$57,$80,$3,$83,$16,$66,$65,$65,$80,$80,$53,53,$1.24,$1.22,$397,$0,$19,$430,$0,$0,$200,$145,$348,$845,$165,$0,$32,$100,$265,$0,$0,$0,$580,$845,$0,$0,$0,$0,$0,$0,$0,$0,$0,$0,$0,$0,$0,$0,$0,$0,$0,$0,$0,$0,$0,$0,$0,$0,$0,$0,$0,$0,$0
27,2011-12-31,13.12,$0.00,0.0,$8.61,1.52,$4.80,2.73,$4.21,3.12,$0.37B,$0.16B,2.39,$0.00B,$0.57B,0.0,$0.46B,$0.39B,85.40%,$0.46B,$0.26B,56.64%,$0.46B,$0.26B,56.64%,$0.46B,$0.26B,56.64%,$0.46B,$0.29B,63.62%,$0.46B,$0.22B,48.80%,$0.22B,$0.57B,39.18%,$0.22B,$0.39B,51.82%,$0.22B,$0.75B,31.28%,$0.26B,$0.57B,45.47%,$138,$24,$114,$18,$21,$62,$76,$-1,$101,$14,$87,$64,$64,$76,$76,$53,53,$1.23,$1.21,$348,$0,$12,$371,$0,$0,$183,$130,$314,$753,$155,$0,$20,$25,$181,$1,$392,$0,$572,$753,$248,$29,$0,$29,$0,$0,$0,$0,$-16,$277,$-21,$0,$-217,$0,$0,$0,$-80,$-317,$0,$0,$0,$0,$0,$0,$0,$0,$-21,$0,$0
28,2011-09-30,14.4,$0.00,0.0,$7.75,1.86,$2.61,5.51,$3.90,3.69,$0.50B,$0.13B,3.86,$0.00B,$0.65B,0.0,$0.41B,$0.36B,87.41%,$0.41B,$0.24B,57.87%,$0.41B,$0.24B,57.87%,$0.41B,$0.24B,57.87%,$0.41B,$0.25B,59.56%,$0.41B,$0.21B,50.36%,$0.21B,$0.65B,39.08%,$0.21B,$0.48B,47.90%,$0.21B,$0.81B,31.83%,$0.24B,$0.65B,44.90%,$119,$18,$101,$12,$27,$57,$62,$4,$66,$12,$54,$53,$53,$62,$62,$53,53,$1.01,$0.99,$481,$0,$9,$503,$0,$0,$172,$64,$239,$808,$130,$0,$18,$24,$154,$0,$0,$0,$654,$808,$0,$0,$0,$0,$0,$0,$0,$0,$0,$0,$0,$0,$0,$0,$0,$0,$0,$0,$0,$0,$0,$0,$0,$0,$0,$0,$0,$0,$0
29,2011-06-30,25.05,$0.00,0.0,$7.13,3.51,$2.61,9.59,$3.76,6.66,$0.44B,$0.12B,3.72,$0.00B,$0.59B,0.0,$0.38B,$0.34B,88.68%,$0.38B,$0.23B,60.53%,$0.38B,$0.23B,60.53%,$0.38B,$0.23B,60.53%,$0.38B,$0.23B,61.58%,$0.38B,$0.20B,52.63%,$0.20B,$0.59B,43.57%,$0.20B,$0.42B,50.06%,$0.20B,$0.73B,35.52%,$0.23B,$0.59B,50.11%,$105,$14,$91,$12,$18,$44,$61,$2,$63,$8,$55,$54,$54,$61,$61,$52,53,$1.03,$1.02,$414,$0,$9,$437,$0,$0,$166,$62,$231,$728,$118,$0,$17,$22,$140,$0,$0,$0,$588,$728,$0,$0,$0,$0,$0,$0,$0,$0,$0,$0,$0,$0,$0,$0,$0,$0,$0,$0,$0,$0,$0,$0,$0,$0,$0,$0,$0,$0,$0
30,2011-03-31,18.28,$0.00,0.0,$6.62,2.76,$2.61,7.0,$3.53,5.18,$0.42B,$0.10B,4.23,$0.00B,$0.00B,0.0,$0.35B,$0.32B,89.80%,$0.35B,$0.22B,61.19%,$0.35B,$0.22B,61.19%,$0.35B,$0.22B,61.19%,$0.35B,$0.22B,62.04%,$0.35B,$0.19B,53.26%,$0.19B,$0.47B,48.30%,$0.19B,$0.44B,51.33%,$0.19B,$0.58B,39.33%,$0.22B,$0.47B,55.49%,$97,$12,$86,$11,$14,$37,$61,$1,$62,$9,$53,$53,$53,$61,$61,$52,53,$1.01,$0.99,$406,$0,$4,$419,$0,$0,$37,$61,$101,$575,$99,$0,$2,$2,$102,$0,$0,$0,$473,$575,$0,$0,$0,$0,$0,$0,$0,$0,$0,$0,$0,$0,$0,$0,$0,$0,$0,$0,$0,$0,$0,$0,$0,$0,$0,$0,$0,$0,$0
31,2010-12-31,16.22,$0.00,0.0,$6.16,2.63,$2.61,6.21,$3.29,4.93,$0.37B,$0.09B,4.14,$0.00B,$0.41B,0.0,$0.33B,$0.30B,90.85%,$0.33B,$0.20B,60.98%,$0.33B,$0.20B,60.98%,$0.33B,$0.20B,60.98%,$0.33B,$0.20B,61.89%,$0.33B,$0.18B,53.35%,$0.18B,$0.41B,51.93%,$0.18B,$0.40B,54.31%,$0.18B,$0.50B,41.97%,$0.20B,$0.41B,59.35%,$92,$9,$83,$13,$14,$36,$55,$0,$55,$8,$48,$48,$48,$55,$55,$52,53,$0.92,$0.90,$351,$0,$13,$365,$0,$4,$18,$63,$84,$503,$88,$0,$0,$0,$88,$1,$324,$0,$414,$503,$175,$9,$0,$9,$0,$0,$0,$0,$11,$207,$-68,$0,$-3,$0,$0,$-10,$-7,$-88,$0,$-3,$0,$0,$0,$0,$0,$-3,$124,$0,$0
32,2010-09-30,15.65,$0.00,0.0,$5.77,2.71,0,0.0,$3.12,5.02,$0.31B,$0.09B,3.6,$0.00B,$0.00B,0.0,$0.31B,$0.28B,91.21%,$0.31B,$0.19B,61.56%,$0.31B,$0.19B,61.56%,$0.31B,$0.19B,61.56%,$0.31B,$0.19B,62.87%,$0.31B,$0.17B,54.07%,$0.17B,$0.36B,57.49%,$0.17B,$0.34B,59.82%,$0.17B,$0.45B,45.67%,$0.19B,$0.36B,65.45%,$86,$9,$77,$10,$13,$32,$53,$0,$54,$8,$45,$45,$45,$53,$53,$52,53,$0.87,$0.85,$292,$0,$13,$307,$0,$0,$19,$64,$85,$446,$85,$0,$0,$0,$85,$0,$0,$0,$361,$446,$0,$0,$0,$0,$0,$0,$0,$0,$0,$0,$0,$0,$0,$0,$0,$0,$0,$0,$0,$0,$0,$0,$0,$0,$0,$0,$0,$0,$0
33,2010-06-30,14.71,$0.00,0.0,$5.45,2.7,0,0.0,$2.98,4.94,$0.31B,$0.08B,3.91,$0.00B,$0.00B,0.0,$0.29B,$0.27B,92.07%,$0.29B,$0.18B,61.38%,$0.29B,$0.18B,61.38%,$0.29B,$0.18B,61.38%,$0.29B,$0.18B,62.76%,$0.29B,$0.16B,54.83%,$0.16B,$0.31B,65.36%,$0.16B,$0.29B,67.16%,$0.16B,$0.39B,47.11%,$0.18B,$0.31B,73.18%,$78,$7,$71,$8,$16,$31,$47,$1,$48,$6,$42,$42,$42,$47,$47,$52,53,$0.81,$0.79,$295,$0,$11,$308,$0,$0,$19,$6,$27,$388,$79,$0,$0,$0,$79,$0,$0,$0,$309,$388,$0,$0,$0,$0,$0,$0,$0,$0,$0,$0,$0,$0,$0,$0,$0,$0,$0,$0,$0,$0,$0,$0,$0,$0,$0,$0,$0,$0,$0
34,2010-03-31,17.52,$0.00,0.0,$5.25,3.34,0,0.0,$2.85,6.15,$0.27B,$0.07B,4.06,$0.00B,$0.00B,0.0,$0.28B,$0.26B,92.83%,$0.28B,$0.17B,60.93%,$0.28B,$0.17B,60.93%,$0.28B,$0.17B,60.93%,$0.28B,$0.17B,62.37%,$0.28B,$0.15B,54.48%,$0.15B,$0.26B,75.91%,$0.15B,$0.26B,76.57%,$0.15B,$0.33B,48.37%,$0.17B,$0.26B,84.89%,$72,$5,$67,$7,$14,$27,$45,$1,$46,$6,$40,$40,$40,$45,$45,$52,53,$0.77,$0.75,$265,$0,$6,$272,$0,$0,$4,$2,$6,$331,$67,$0,$0,$0,$67,$0,$0,$0,$264,$331,$0,$0,$0,$0,$0,$0,$0,$0,$0,$0,$0,$0,$0,$0,$0,$0,$0,$0,$0,$0,$0,$0,$0,$0,$0,$0,$0,$0,$0
