,Date,Stock Price,Book Value per Share,Price to Book Ratio,TTM Sales per Share,Price to Sales Ratio,TTM FCF per Share,Price to FCF Ratio,TTM Net EPS,PE Ratio,Current Assets,Current Liabilities,Current Ratio,Long Term Debt,Shareholder's Equity_x,Debt to Equity Ratio,TTM Revenue_x,TTM Gross Profit,Gross Margin,TTM Revenue_y,TTM Operating Income,Operating Margin,TTM Revenue_x,TTM EBIT,EBIT Margin,TTM Revenue_y,TTM EBITDA,EBITDA Margin,TTM Revenue_x,TTM Pre-Tax Income,Pre-Tax Margin,TTM Revenue_y,TTM Net Income_x,Net Margin,TTM Net Income_y,Shareholder's Equity_y,Return on Equity,TTM Net Income_x,Tangible Equity,Return on Tangible Equity,TTM Net Income_y,Total Assets,Return on Assets,TTM Net Income,LT Investments & Debt,Return on Investment,revenue,cost-goods-sold,gross-profit,research-development-expenses,selling-general-administrative-expenses,operating-expenses,operating-income,total-non-operating-income-expense,pre-tax-income,total-provision-income-taxes,income-after-taxes,income-from-continuous-operations,net-income,ebitda,ebit,basic-shares-outstanding,shares-outstanding,eps-basic-net-earnings-per-share,eps-earnings-per-share-diluted,cash-on-hand,inventory,other-current-assets,total-current-assets,net-property-plant-equipment,long-term-investments,goodwill-intangible-assets-total,other-long-term-assets,total-long-term-assets,total-assets,total-current-liabilities,long-term-debt,other-non-current-liabilities,total-long-term-liabilities,total-liabilities,common-stock-net,retained-earnings-accumulated-deficit,comprehensive-income,total-share-holder-equity,total-liabilities-share-holders-equity,net-income-loss,total-depreciation-amortization-cash-flow,other-non-cash-items,total-non-cash-items,change-in-accounts-receivable,change-in-inventories,change-in-accounts-payable,change-in-assets-liabilities,total-change-in-assets-liabilities,cash-flow-from-operating-activities,net-change-in-property-plant-equipment,net-change-in-intangible-assets,net-acquisitions-divestitures,net-change-in-short-term-investments,net-change-in-long-term-investments,net-change-in-investments-total,investing-activities-other,cash-flow-from-investing-activities,net-long-term-debt,net-current-debt,debt-issuance-retirement-net-total,net-common-equity-issued-repurchased,net-total-equity-issued-repurchased,total-common-preferred-stock-dividends-paid,financial-activities-other,cash-flow-from-financial-activities,net-cash-flow,stock-based-compensation,common-stock-dividends-paid
0,2018-09-30,1.05,$0.66,1.58,$0.01,0.0,$-1.61,0.0,$-0.51,0.0,$0.03B,$0.01B,3.06,$0.00B,$0.02B,0.0,$0.00B,0,nan%,$0.00B,$-0.02B,inf%,$0.00B,$-0.02B,inf%,$0.00B,$-0.01B,inf%,$0.00B,$-0.01B,inf%,$0.00B,$-0.01B,inf%,$-0.01B,$0.02B,-65.12%,$-0.01B,$0.02B,-65.12%,$-0.01B,$0.03B,-33.33%,$-0.02B,$0.02B,-74.42%,$0,$0,$0,$1,$2,$3,$-3,$-0,$-3,$0,$-3,$-3,$-3,$-3,$-3,$33,33,$-0.10,$-0.10,$25,$0,$0,$32,$1,$0,$0,$0,$1,$33,$10,$0,$0,$0,$10,$0,$-455,$0,$22,$33,$-10,$2,$1,$2,$2,$0,$-1,$1,$0,$-8,$-0,$0,$0,$0,$0,$0,$0,$-0,$-10,$0,$-10,$7,$7,$0,$-2,$-5,$-13,$1,$0
1,2018-06-30,1.13,$0.75,1.51,0,0.0,$-2.13,0.0,$-0.60,0.0,$0.04B,$0.02B,2.3,$0.00B,$0.03B,0.0,$0.00B,0,nan%,$0.00B,$-0.02B,inf%,$0.00B,$-0.02B,inf%,$0.00B,$-0.02B,inf%,$0.00B,$-0.02B,inf%,$0.00B,$-0.02B,inf%,$-0.02B,$0.03B,-75.29%,$-0.02B,$0.03B,-75.29%,$-0.02B,$0.04B,-34.59%,$-0.02B,$0.03B,-98.82%,$0,$0,$0,$1,$2,$3,$-3,$-1,$-3,$0,$-3,$-3,$-3,$-2,$-3,$30,30,$-0.10,$-0.10,$36,$0,$0,$43,$1,$0,$0,$0,$1,$44,$19,$0,$0,$0,$19,$0,$-451,$0,$25,$44,$-7,$1,$0,$2,$1,$0,$-2,$2,$-0,$-6,$-0,$0,$0,$0,$0,$0,$0,$-0,$-2,$0,$-2,$7,$7,$0,$0,$4,$-1,$1,$0
2,2018-03-31,1.59,$0.76,2.1,0,0.0,$-2.65,0.0,$-1.10,0.0,$0.04B,$0.02B,1.92,$0.00B,$0.02B,0.0,$0.00B,0,nan%,$0.00B,$-0.03B,inf%,$0.00B,$-0.03B,inf%,$0.00B,$-0.03B,inf%,$0.00B,$-0.03B,inf%,$0.00B,$-0.03B,inf%,$-0.03B,$0.02B,-136.71%,$-0.03B,$0.02B,-136.71%,$-0.03B,$0.04B,-54.27%,$-0.03B,$0.02B,-113.68%,$0,$0,$0,$1,$2,$4,$-4,$-0,$-4,$0,$-4,$-4,$-4,$-3,$-4,$27,27,$-0.15,$-0.15,$35,$0,$0,$42,$1,$0,$0,$0,$1,$43,$22,$0,$0,$0,$22,$0,$-448,$0,$21,$43,$-4,$1,$0,$1,$1,$0,$-1,$1,$2,$-2,$0,$0,$0,$0,$0,$0,$0,$0,$-1,$0,$-1,$0,$0,$0,$0,$-1,$-3,$0,$0
3,2017-12-31,1.69,$0.65,2.61,0,0.0,$-3.03,0.0,$-1.55,0.0,$0.05B,$0.03B,1.56,$0.00B,$0.02B,0.0,$0.00B,0,nan%,$0.00B,$-0.03B,inf%,$0.00B,$-0.03B,inf%,$0.00B,$-0.03B,inf%,$0.00B,$-0.03B,inf%,$0.00B,$-0.03B,inf%,$-0.03B,$0.02B,-186.30%,$-0.03B,$0.02B,-188.89%,$-0.03B,$0.05B,-65.07%,$-0.03B,$0.02B,-124.53%,$0,$0,$0,$2,$3,$6,$-6,$1,$-4,$0,$-4,$-4,$-4,$-5,$-6,$24,24,$-0.07,$-0.07,$38,$0,$0,$47,$1,$0,$0,$0,$1,$48,$30,$0,$0,$0,$30,$0,$-451,$0,$18,$48,$-35,$3,$2,$5,$-7,$0,$-2,$8,$3,$-27,$-0,$0,$0,$0,$0,$0,$0,$-0,$-15,$0,$-15,$23,$23,$0,$-0,$8,$-19,$3,$0
4,2017-09-30,2.46,$0.78,3.17,$0.01,0.0,$-5.66,0.0,$-1.75,0.0,$0.05B,$0.03B,1.71,$0.00B,$0.02B,0.0,$0.00B,0,nan%,$0.00B,$-0.04B,inf%,$0.00B,$-0.04B,inf%,$0.00B,$-0.04B,inf%,$0.00B,$-0.04B,inf%,$0.00B,$-0.04B,inf%,$-0.04B,$0.02B,-190.00%,$-0.04B,$0.02B,-192.41%,$-0.04B,$0.05B,-67.86%,$-0.04B,$0.02B,-112.98%,$0,$0,$0,$5,$3,$8,$-8,$3,$-5,$0,$-5,$-5,$-5,$-8,$-8,$27,27,$-0.19,$-0.19,$46,$0,$0,$48,$1,$0,$0,$0,$1,$50,$28,$0,$0,$0,$28,$0,$-446,$0,$21,$50,$-31,$2,$3,$5,$-0,$0,$-1,$8,$6,$-20,$-0,$0,$0,$0,$0,$0,$0,$-0,$-14,$0,$-14,$23,$23,$0,$-0,$9,$-11,$2,$0
5,2017-06-30,3.76,$0.75,5.01,$0.01,0.0,$-7.64,0.0,$-2.34,0.0,$0.06B,$0.02B,2.44,$0.02B,$0.02B,0.82,$0.00B,0,nan%,$0.00B,$-0.04B,inf%,$0.00B,$-0.04B,inf%,$0.00B,$-0.04B,inf%,$0.00B,$-0.05B,inf%,$0.00B,$-0.05B,inf%,$-0.05B,$0.02B,-216.87%,$-0.05B,$0.02B,-222.22%,$-0.05B,$0.06B,-75.63%,$-0.04B,$0.04B,-106.49%,$0,$0,$0,$6,$3,$9,$-9,$-5,$-14,$0,$-14,$-14,$-14,$-9,$-9,$23,23,$-0.60,$-0.60,$55,$0,$0,$57,$1,$0,$0,$0,$2,$58,$23,$16,$0,$16,$39,$0,$-441,$0,$19,$58,$-25,$1,$6,$8,$0,$0,$1,$2,$1,$-16,$-0,$0,$0,$0,$0,$0,$0,$-0,$-2,$0,$-2,$17,$17,$0,$0,$14,$-2,$2,$0
6,2017-03-31,2.67,$0.74,3.6,$0.02,163.65,$-9.26,0.0,$-3.36,0.0,$0.05B,$0.02B,2.46,$0.02B,$0.02B,1.2,$0.00B,0,nan%,$0.00B,$-0.05B,inf%,$0.00B,$-0.05B,inf%,$0.00B,$-0.05B,inf%,$0.00B,$-0.05B,inf%,$0.00B,$-0.05B,inf%,$-0.05B,$0.02B,-225.29%,$-0.05B,$0.01B,-230.59%,$-0.05B,$0.05B,-81.67%,$-0.05B,$0.03B,-121.95%,$0,$0,$0,$7,$3,$10,$-10,$-1,$-11,$0,$-11,$-11,$-11,$-9,$-10,$19,19,$-0.60,$-0.60,$48,$0,$0,$51,$2,$0,$0,$0,$2,$53,$21,$18,$0,$18,$38,$0,$-427,$0,$15,$53,$-11,$1,$1,$2,$0,$0,$0,$1,$1,$-8,$-0,$0,$0,$0,$0,$0,$0,$-0,$-1,$0,$-1,$0,$0,$0,$0,$-1,$-9,$1,$0
7,2016-12-31,2.23,$1.34,1.67,$0.02,137.13,$-10.02,0.0,$-3.90,0.0,$0.06B,$0.02B,3.11,$0.02B,$0.02B,0.76,$0.00B,0,nan%,$0.00B,$-0.05B,inf%,$0.00B,$-0.05B,inf%,$0.00B,$-0.05B,inf%,$0.00B,$-0.05B,inf%,$0.00B,$-0.05B,inf%,$-0.05B,$0.03B,-192.45%,$-0.05B,$0.03B,-196.15%,$-0.05B,$0.06B,-77.86%,$-0.05B,$0.04B,-110.64%,$0,$0,$0,$6,$3,$10,$-10,$2,$-8,$0,$-8,$-8,$-8,$-10,$-10,$14,14,$-0.23,$-0.23,$57,$0,$0,$61,$2,$0,$0,$0,$2,$63,$20,$18,$0,$18,$38,$0,$-416,$0,$25,$63,$-51,$1,$3,$4,$4,$0,$-2,$0,$-3,$-50,$-1,$0,$0,$35,$0,$35,$0,$34,$24,$0,$24,$27,$27,$0,$0,$51,$35,$7,$0
8,2016-09-30,3.53,$1.46,2.42,$0.01,0.0,$-11.00,0.0,$-5.64,0.0,$0.06B,$0.02B,3.06,$0.02B,$0.02B,0.86,$0.00B,0,nan%,$0.00B,$-0.07B,inf%,$0.00B,$-0.07B,inf%,$0.00B,$-0.06B,inf%,$0.00B,$-0.07B,inf%,$0.00B,$-0.07B,inf%,$-0.07B,$0.02B,-208.00%,$-0.07B,$0.02B,-211.38%,$-0.07B,$0.06B,-97.74%,$-0.07B,$0.04B,-137.57%,$0,$0,$0,$9,$3,$12,$-12,$-0,$-12,$0,$-12,$-12,$-12,$-11,$-12,$15,15,$-0.80,$-0.80,$59,$0,$0,$62,$2,$0,$0,$0,$2,$64,$20,$20,$0,$20,$40,$0,$-408,$0,$24,$64,$-43,$1,$4,$5,$4,$0,$-3,$1,$-3,$-40,$-1,$0,$0,$35,$0,$35,$0,$34,$24,$0,$24,$19,$19,$0,$0,$43,$37,$5,$0
9,2016-06-30,13.38,$2.05,6.54,$0.01,0.0,$-11.50,0.0,$-5.52,0.0,$0.06B,$0.02B,3.81,$0.02B,$0.02B,0.94,$0.00B,0,nan%,$0.00B,$-0.06B,inf%,$0.00B,$-0.06B,inf%,$0.00B,$-0.06B,inf%,$0.00B,$-0.06B,inf%,$0.00B,$-0.06B,inf%,$-0.06B,$0.02B,-145.45%,$-0.06B,$0.02B,-147.24%,$-0.06B,$0.06B,-86.02%,$-0.06B,$0.05B,-122.49%,$0,$0,$0,$12,$6,$19,$-18,$0,$-18,$0,$-18,$-18,$-18,$-18,$-18,$11,11,$-1.62,$-1.62,$56,$0,$0,$57,$2,$0,$0,$1,$3,$60,$15,$22,$0,$22,$37,$0,$-396,$0,$23,$60,$-31,$0,$4,$5,$4,$0,$-1,$1,$1,$-25,$-1,$0,$0,$35,$0,$35,$0,$34,$24,$0,$24,$1,$1,$0,$0,$25,$34,$4,$0
10,2016-03-31,16.08,$3.02,5.32,0,0.0,$-11.76,0.0,$-5.16,0.0,$0.07B,$0.02B,3.86,$0.02B,$0.03B,0.68,$0.00B,0,nan%,$0.00B,$-0.06B,inf%,$0.00B,$-0.06B,inf%,$0.00B,$-0.06B,inf%,$0.00B,$-0.05B,inf%,$0.00B,$-0.05B,inf%,$-0.05B,$0.03B,-117.39%,$-0.05B,$0.03B,-118.68%,$-0.05B,$0.08B,-76.60%,$-0.06B,$0.06B,-116.50%,$0,$0,$0,$8,$4,$12,$-12,$-1,$-13,$0,$-13,$-13,$-13,$-12,$-12,$11,11,$-1.14,$-1.14,$68,$0,$0,$73,$2,$0,$0,$1,$3,$75,$19,$23,$0,$23,$42,$0,$-378,$0,$34,$75,$-13,$0,$2,$2,$4,$0,$-2,$-1,$-3,$-13,$-0,$0,$0,$35,$0,$35,$0,$35,$24,$0,$24,$0,$0,$0,$0,$24,$46,$1,$0
11,2015-12-31,15.9,$3.97,4.0,0,0.0,$-11.92,0.0,$-5.88,0.0,$0.06B,$0.02B,2.8,$0.00B,$0.04B,0.0,$0.00B,0,nan%,$0.00B,$-0.06B,inf%,$0.00B,$-0.06B,inf%,$0.00B,$-0.06B,inf%,$0.00B,$-0.06B,inf%,$0.00B,$-0.06B,inf%,$-0.06B,$0.04B,-116.83%,$-0.06B,$0.04B,-117.41%,$-0.06B,$0.07B,-83.99%,$-0.06B,$0.04B,-126.73%,$0,$0,$0,$12,$10,$23,$-23,$0,$-22,$0,$-22,$-22,$-22,$-23,$-23,$10,10,$-2.05,$-2.05,$57,$0,$0,$64,$1,$0,$0,$1,$3,$67,$23,$0,$0,$0,$23,$0,$-365,$0,$44,$67,$-59,$0,$7,$8,$-3,$0,$1,$1,$3,$-48,$-0,$0,$0,$11,$0,$11,$0,$10,$0,$0,$0,$27,$27,$0,$0,$27,$-10,$7,$0
12,2015-09-30,14.22,$5.72,2.49,0,0.0,$-11.74,0.0,$-5.22,0.0,$0.07B,$0.01B,5.59,$0.00B,$0.06B,0.0,$0.00B,0,nan%,$0.00B,$-0.05B,inf%,$0.00B,$-0.05B,inf%,$0.00B,$-0.05B,inf%,$0.00B,$-0.05B,inf%,$0.00B,$-0.05B,inf%,$-0.05B,$0.06B,-88.50%,$-0.05B,$0.06B,-88.89%,$-0.05B,$0.08B,-66.67%,$-0.05B,$0.06B,-95.58%,$0,$0,$0,$8,$2,$11,$-11,$4,$-7,$0,$-7,$-7,$-7,$-11,$-11,$11,11,$-0.66,$-0.66,$71,$0,$0,$74,$1,$0,$0,$2,$3,$77,$13,$0,$0,$0,$13,$0,$-343,$0,$64,$77,$-36,$0,$0,$1,$0,$0,$-0,$2,$2,$-34,$-0,$0,$0,$31,$0,$31,$0,$30,$0,$0,$0,$27,$27,$0,$0,$27,$24,$5,$0
13,2015-06-30,22.32,$4.55,4.9,0,0.0,$-11.67,0.0,$-5.16,0.0,$0.06B,$0.02B,2.96,$0.00B,$0.04B,0.0,$0.00B,0,nan%,$0.00B,$-0.06B,inf%,$0.00B,$-0.06B,inf%,$0.00B,$-0.06B,inf%,$0.00B,$-0.05B,inf%,$0.00B,$-0.05B,inf%,$-0.05B,$0.04B,-81.67%,$-0.05B,$0.04B,-81.67%,$-0.05B,$0.06B,-61.25%,$-0.06B,$0.04B,-93.33%,$0,$0,$0,$10,$4,$14,$-14,$3,$-12,$0,$-12,$-12,$-12,$-14,$-14,$9,9,$-1.26,$-1.26,$54,$0,$0,$60,$1,$0,$0,$2,$3,$63,$20,$0,$0,$0,$20,$0,$0,$-336,$42,$63,$-29,$0,$3,$3,$-3,$0,$-1,$2,$2,$-24,$-0,$0,$0,$31,$0,$31,$0,$31,$0,$0,$0,$0,$0,$0,$0,$0,$7,$4,$0
14,2015-03-31,20.22,$5.56,3.63,0,0.0,$-10.93,0.0,$-5.58,0.0,$0.07B,$0.02B,3.24,$0.00B,$0.05B,0.0,$0.00B,0,nan%,$0.00B,$-0.06B,inf%,$0.00B,$-0.06B,inf%,$0.00B,$-0.06B,inf%,$0.00B,$-0.05B,inf%,$0.00B,$-0.05B,inf%,$-0.05B,$0.05B,-75.44%,$-0.05B,$0.05B,-75.44%,$-0.05B,$0.07B,-58.40%,$-0.06B,$0.05B,-78.29%,$0,$0,$0,$13,$3,$16,$-16,$-2,$-18,$0,$-18,$-18,$-18,$-16,$-16,$9,9,$-1.86,$-1.86,$65,$0,$0,$71,$1,$0,$0,$1,$2,$74,$22,$0,$0,$0,$22,$0,$-324,$0,$52,$74,$-18,$0,$3,$3,$-3,$0,$-2,$2,$2,$-13,$-0,$0,$0,$9,$0,$9,$0,$8,$0,$0,$0,$0,$0,$0,$0,$0,$-4,$1,$0
15,2014-12-31,16.44,$7.30,2.25,0,0.0,$-10.31,0.0,$-3.24,0.0,$0.08B,$0.02B,4.68,$0.00B,$0.07B,0.0,$0.00B,0,nan%,$0.00B,$-0.05B,inf%,$0.00B,$-0.05B,inf%,$0.00B,$-0.05B,inf%,$0.00B,$-0.03B,inf%,$0.00B,$-0.03B,inf%,$-0.03B,$0.07B,-36.70%,$-0.03B,$0.07B,-36.70%,$-0.03B,$0.09B,-29.70%,$-0.05B,$0.07B,-59.94%,$0,$0,$0,$9,$4,$13,$-13,$-0,$-13,$0,$-13,$-13,$-13,$-13,$-13,$9,9,$-1.56,$-1.50,$78,$0,$0,$83,$1,$0,$0,$1,$2,$86,$18,$0,$0,$0,$18,$0,$-307,$0,$68,$86,$-30,$0,$-13,$-12,$-2,$0,$3,$-2,$2,$-41,$-1,$0,$0,$-19,$0,$-19,$0,$-19,$0,$0,$0,$81,$81,$0,$0,$81,$21,$7,$0
16,2014-09-30,15.24,$8.40,1.81,$0.02,837.1,$-10.07,0.0,$-6.42,0.0,$0.10B,$0.02B,5.14,$0.00B,$0.08B,0.0,$0.00B,0,nan%,$0.00B,$-0.05B,inf%,$0.00B,$-0.05B,inf%,$0.00B,$-0.05B,inf%,$0.00B,$-0.04B,inf%,$0.00B,$-0.04B,inf%,$-0.04B,$0.08B,-65.19%,$-0.04B,$0.08B,-65.43%,$-0.04B,$0.10B,-48.89%,$-0.05B,$0.08B,-68.15%,$0,$0,$0,$11,$2,$13,$-13,$7,$-6,$0,$-6,$-6,$-6,$-13,$-13,$9,9,$-0.60,$-0.60,$90,$0,$0,$96,$1,$0,$0,$0,$1,$97,$19,$0,$0,$0,$19,$0,$-293,$0,$78,$97,$-17,$0,$-16,$-16,$-3,$0,$1,$0,$4,$-29,$-1,$0,$0,$-24,$0,$-24,$0,$-24,$0,$0,$0,$81,$81,$0,$0,$81,$28,$3,$0
17,2014-06-30,25.08,$8.92,2.81,$0.02,1377.59,$-9.91,0.0,$-7.80,0.0,$0.11B,$0.02B,4.67,$0.00B,$0.08B,0.0,$0.00B,0,nan%,$0.00B,$-0.04B,inf%,$0.00B,$-0.04B,inf%,$0.00B,$-0.04B,inf%,$0.00B,$-0.05B,inf%,$0.00B,$-0.05B,inf%,$-0.05B,$0.08B,-94.58%,$-0.05B,$0.08B,-95.05%,$-0.05B,$0.11B,-66.90%,$-0.04B,$0.08B,-76.85%,$0,$0,$0,$10,$3,$13,$-13,$-2,$-16,$0,$-16,$-16,$-16,$-13,$-13,$9,9,$-1.68,$-1.68,$102,$0,$0,$105,$0,$0,$0,$0,$1,$106,$23,$0,$0,$0,$23,$0,$-287,$0,$83,$106,$-11,$0,$-10,$-10,$-1,$0,$-0,$1,$4,$-17,$-0,$0,$0,$-24,$0,$-24,$0,$-24,$0,$0,$0,$81,$81,$0,$0,$81,$40,$3,$0
18,2014-03-31,20.94,$10.53,1.99,$0.06,363.69,$-10.11,0.0,$-6.78,0.0,$0.11B,$0.02B,6.81,$0.00B,$0.10B,0.0,$0.00B,0,nan%,$0.00B,$-0.03B,inf%,$0.00B,$-0.03B,inf%,$0.00B,$-0.03B,inf%,$0.00B,$-0.04B,inf%,$0.00B,$-0.04B,inf%,$-0.04B,$0.10B,-99.29%,$-0.04B,$0.10B,-100.72%,$-0.04B,$0.12B,-66.67%,$-0.03B,$0.10B,-90.78%,$0,$0,$0,$7,$3,$10,$-10,$15,$5,$0,$5,$5,$5,$-10,$-10,$8,9,$0.54,$0.48,$113,$0,$0,$114,$0,$0,$0,$0,$0,$115,$17,$0,$0,$0,$17,$0,$-272,$0,$98,$115,$5,$0,$-13,$-13,$0,$0,$0,$1,$1,$-7,$-0,$0,$0,$-24,$0,$-24,$0,$-24,$0,$0,$0,$81,$81,$0,$0,$81,$51,$0,$0
19,2013-12-31,37.62,$1.52,24.73,$0.06,653.38,$-10.53,0.0,$-8.64,0.0,$0.04B,$0.03B,1.33,$0.00B,$0.01B,0.0,$0.00B,0,nan%,$0.00B,$-0.03B,inf%,$0.00B,$-0.03B,inf%,$0.00B,$-0.03B,inf%,$0.00B,$-0.05B,inf%,$0.00B,$-0.05B,inf%,$-0.05B,$0.01B,-280.60%,$-0.05B,$0.01B,-293.75%,$-0.05B,$0.04B,-144.62%,$-0.03B,$0.01B,-161.19%,$0,$0,$0,$6,$4,$10,$-10,$-17,$-27,$0,$-27,$-27,$-27,$-10,$-10,$5,5,$-4.61,$-4.61,$39,$0,$0,$41,$0,$0,$0,$0,$0,$42,$31,$0,$0,$0,$31,$0,$-276,$0,$11,$42,$-47,$0,$24,$24,$-0,$0,$1,$-1,$-0,$-24,$-0,$0,$0,$-3,$0,$-3,$0,$-3,$0,$0,$0,$24,$24,$0,$0,$24,$-3,$4,$0
20,2013-09-30,19.38,$2.19,8.85,$0.04,492.23,$-11.20,0.0,$-2.52,0.0,$0.02B,$0.01B,1.8,$0.00B,$0.01B,0.0,$0.00B,0,nan%,$0.00B,$-0.02B,inf%,$0.00B,$-0.02B,inf%,$0.00B,$-0.02B,inf%,$0.00B,$-0.02B,inf%,$0.00B,$-0.02B,inf%,$-0.02B,$0.01B,-74.42%,$-0.02B,$0.01B,-76.19%,$-0.02B,$0.02B,-50.00%,$-0.02B,$0.01B,-102.33%,$0,$0,$0,$4,$2,$6,$-6,$-4,$-10,$0,$-10,$-10,$-10,$-6,$-6,$5,5,$-1.98,$-1.98,$23,$0,$0,$24,$0,$0,$0,$0,$0,$24,$13,$0,$0,$0,$13,$0,$-249,$0,$11,$24,$-20,$0,$4,$4,$0,$0,$-0,$0,$1,$-15,$-0,$0,$0,$7,$0,$7,$0,$7,$0,$0,$0,$-0,$-0,$0,$0,$-0,$-8,$1,$0
21,2013-06-30,12.0,$4.04,2.97,$0.04,304.79,$-11.95,0.0,$-0.12,0.0,$0.03B,$0.01B,3.3,$0.00B,$0.02B,0.0,$0.00B,0,nan%,$0.00B,$-0.02B,inf%,$0.00B,$-0.02B,inf%,$0.00B,$-0.02B,inf%,$0.00B,$-0.00B,inf%,$0.00B,$-0.00B,inf%,$-0.00B,$0.02B,-20.25%,$-0.00B,$0.02B,-20.78%,$-0.00B,$0.03B,-12.50%,$-0.02B,$0.02B,-106.33%,$0,$0,$0,$5,$2,$7,$-6,$3,$-3,$0,$-3,$-3,$-3,$-6,$-6,$5,5,$-0.66,$-0.66,$28,$0,$0,$29,$0,$0,$0,$0,$0,$29,$9,$0,$0,$0,$9,$0,$-239,$0,$21,$29,$-10,$0,$-0,$-0,$-0,$0,$-0,$1,$0,$-10,$-0,$0,$0,$7,$0,$7,$0,$7,$0,$0,$0,$0,$0,$0,$0,$0,$-3,$1,$0
22,2013-03-31,16.32,$4.63,3.52,0,0.0,$-12.49,0.0,$-3.24,0.0,$0.03B,$0.01B,3.12,$0.00B,$0.02B,0.0,$0.00B,0,nan%,$0.00B,$-0.02B,inf%,$0.00B,$-0.02B,inf%,$0.00B,$-0.02B,inf%,$0.00B,$-0.01B,inf%,$0.00B,$-0.01B,inf%,$-0.01B,$0.02B,-93.33%,$-0.01B,$0.02B,-94.92%,$-0.01B,$0.04B,-43.75%,$-0.02B,$0.02B,-133.33%,$0,$0,$0,$3,$2,$5,$-5,$-2,$-7,$0,$-7,$-7,$-7,$-5,$-5,$5,5,$-1.38,$-1.38,$32,$0,$0,$34,$0,$0,$0,$0,$1,$35,$11,$0,$0,$0,$11,$0,$-236,$0,$24,$35,$-7,$0,$2,$2,$0,$0,$-1,$-0,$-1,$-6,$-0,$0,$0,$3,$0,$3,$0,$3,$0,$0,$0,$0,$0,$0,$0,$0,$-3,$0,$0
23,2012-12-31,11.22,$5.92,1.9,0,0.0,$-12.47,0.0,$-4.80,0.0,$0.04B,$0.01B,3.94,$0.00B,$0.03B,0.0,$0.00B,0,nan%,$0.00B,$-0.02B,inf%,$0.00B,$-0.02B,inf%,$0.00B,$-0.02B,inf%,$0.00B,$-0.02B,inf%,$0.00B,$-0.02B,inf%,$-0.02B,$0.03B,-136.00%,$-0.02B,$0.03B,-136.00%,$-0.02B,$0.04B,-53.97%,$-0.02B,$0.03B,-168.00%,$0,$0,$0,$2,$3,$5,$-5,$9,$4,$0,$4,$4,$4,$-5,$-5,$4,4,$1.62,$1.62,$38,$0,$0,$40,$0,$0,$0,$0,$1,$40,$10,$0,$0,$0,$10,$0,$-229,$0,$30,$40,$-18,$0,$-0,$-0,$0,$0,$1,$-0,$-1,$-19,$-0,$0,$0,$-6,$0,$-6,$0,$-6,$0,$0,$0,$21,$21,$0,$0,$21,$-4,$2,$0
24,2012-09-30,21.78,$1.06,20.54,$0.03,652.38,$-13.06,0.0,$-7.56,0.0,$0.02B,$0.02B,1.15,$0.00B,$0.00B,0.0,$0.00B,0,nan%,$0.00B,$-0.02B,inf%,$0.00B,$-0.02B,inf%,$0.00B,$-0.02B,inf%,$0.00B,$-0.03B,inf%,$0.00B,$-0.03B,inf%,$-0.03B,$0.00B,-227.27%,$-0.03B,$0.00B,-227.27%,$-0.03B,$0.02B,-80.65%,$-0.02B,$0.00B,-209.09%,$0,$0,$0,$3,$2,$5,$-5,$6,$2,$0,$2,$2,$2,$-5,$-5,$4,4,$0.42,$0.42,$22,$0,$0,$24,$0,$0,$0,$0,$1,$24,$21,$0,$0,$0,$21,$0,$-233,$0,$4,$24,$-22,$0,$7,$7,$0,$0,$1,$-0,$1,$-13,$-0,$0,$0,$8,$0,$8,$0,$8,$0,$0,$0,$0,$0,$0,$0,$0,$-6,$1,$0
25,2012-06-30,27.48,$0.49,56.48,$0.03,823.11,$-12.83,0.0,$-7.98,0.0,$0.03B,$0.03B,1.04,$0.00B,$0.00B,0.0,$0.00B,0,nan%,$0.00B,$-0.02B,inf%,$0.00B,$-0.02B,inf%,$0.00B,$-0.02B,inf%,$0.00B,$-0.03B,inf%,$0.00B,$-0.03B,inf%,$-0.03B,$0.00B,-162.32%,$-0.03B,$0.00B,-164.71%,$-0.03B,$0.03B,-77.24%,$-0.02B,$0.00B,-133.33%,$0,$0,$0,$3,$2,$5,$-5,$-8,$-13,$0,$-13,$-13,$-13,$-5,$-5,$4,4,$-3.77,$-3.77,$27,$0,$0,$28,$0,$0,$0,$0,$1,$29,$27,$0,$0,$0,$27,$0,$-234,$0,$2,$29,$-23,$0,$13,$13,$0,$0,$0,$0,$1,$-9,$-0,$0,$0,$3,$0,$3,$0,$3,$0,$0,$0,$0,$0,$0,$0,$0,$-6,$1,$0
26,2012-03-31,16.81,$4.08,4.12,$0.09,184.81,$-13.22,0.0,$-5.46,0.0,$0.03B,$0.02B,1.73,$0.00B,$0.01B,0.0,$0.00B,0,nan%,$0.00B,$-0.02B,inf%,$0.00B,$-0.02B,inf%,$0.00B,$-0.02B,inf%,$0.00B,$-0.02B,inf%,$0.00B,$-0.02B,inf%,$-0.02B,$0.01B,-80.90%,$-0.02B,$0.01B,-81.82%,$-0.02B,$0.03B,-49.66%,$-0.02B,$0.01B,-98.88%,$0,$0,$0,$4,$2,$6,$-6,$-4,$-10,$0,$-10,$-10,$-10,$-6,$-6,$4,4,$-2.93,$-2.93,$32,$0,$0,$33,$0,$0,$0,$0,$1,$33,$19,$0,$0,$0,$19,$0,$-221,$0,$14,$33,$-10,$0,$4,$4,$0,$0,$1,$0,$2,$-4,$-0,$0,$0,$3,$0,$3,$0,$3,$0,$0,$0,$0,$0,$0,$0,$0,$-1,$0,$0
27,2011-12-31,11.76,$6.85,1.72,$0.09,129.31,$-13.51,0.0,$-5.04,0.0,$0.04B,$0.01B,2.74,$0.00B,$0.02B,0.0,$0.00B,0,nan%,$0.00B,$-0.02B,inf%,$0.00B,$-0.02B,inf%,$0.00B,$-0.02B,inf%,$0.00B,$-0.01B,inf%,$0.00B,$-0.01B,inf%,$-0.01B,$0.02B,-56.00%,$-0.01B,$0.02B,-57.14%,$-0.01B,$0.04B,-38.62%,$-0.02B,$0.02B,-92.00%,$0,$0,$0,$6,$2,$7,$-7,$3,$-4,$0,$-4,$-4,$-4,$-7,$-7,$3,3,$-0.90,$-0.90,$36,$0,$0,$37,$0,$0,$0,$0,$1,$38,$14,$0,$0,$0,$14,$0,$-211,$0,$24,$38,$-14,$0,$-6,$-6,$0,$0,$1,$0,$4,$-17,$-0,$0,$0,$3,$7,$9,$0,$9,$0,$0,$0,$19,$19,$0,$0,$19,$12,$1,$0
28,2011-09-30,14.15,$8.06,1.76,$0.06,245.89,$-13.52,0.0,$-1.68,0.0,$0.04B,$0.02B,2.71,$0.00B,$0.03B,0.0,$0.00B,0,nan%,$0.00B,$-0.02B,inf%,$0.00B,$-0.02B,inf%,$0.00B,$-0.02B,inf%,$0.00B,$-0.01B,inf%,$0.00B,$-0.01B,inf%,$-0.01B,$0.03B,-22.43%,$-0.01B,$0.03B,-23.08%,$-0.01B,$0.05B,-16.67%,$-0.02B,$0.03B,-67.29%,$0,$0,$0,$3,$2,$5,$-5,$4,$-1,$0,$-1,$-1,$-1,$-5,$-5,$3,3,$-0.18,$-0.18,$42,$0,$0,$44,$0,$0,$0,$0,$1,$45,$16,$0,$0,$0,$16,$0,$-206,$0,$29,$45,$-10,$0,$-4,$-4,$0,$0,$2,$-1,$3,$-11,$-0,$0,$0,$10,$7,$16,$0,$16,$0,$0,$0,$19,$19,$0,$0,$19,$24,$1,$0
29,2011-06-30,30.24,$8.58,3.52,$0.06,525.35,$-14.23,0.0,$-3.36,0.0,$0.03B,$0.01B,4.18,$0.00B,$0.02B,0.0,$0.00B,0,nan%,$0.00B,$-0.02B,inf%,$0.00B,$-0.02B,inf%,$0.00B,$-0.02B,inf%,$0.00B,$-0.01B,inf%,$0.00B,$-0.01B,inf%,$-0.01B,$0.02B,-31.86%,$-0.01B,$0.02B,-32.43%,$-0.01B,$0.03B,-25.53%,$-0.02B,$0.02B,-63.72%,$0,$0,$0,$2,$2,$4,$-4,$1,$-3,$0,$-3,$-3,$-3,$-4,$-4,$3,3,$-1.20,$-1.20,$26,$0,$0,$28,$0,$0,$0,$0,$1,$29,$7,$0,$0,$0,$7,$0,$-206,$0,$22,$29,$-9,$0,$-0,$-0,$0,$0,$0,$-1,$2,$-8,$-0,$0,$0,$1,$7,$8,$0,$8,$0,$0,$0,$0,$0,$0,$0,$0,$1,$1,$0
30,2011-03-31,36.96,$9.45,3.91,0,0.0,$-14.36,0.0,$-1.68,0.0,$0.03B,$0.01B,3.78,$0.00B,$0.03B,0.0,$0.00B,0,nan%,$0.00B,$-0.02B,inf%,$0.00B,$-0.02B,inf%,$0.00B,$-0.02B,inf%,$0.00B,$-0.01B,inf%,$0.00B,$-0.01B,inf%,$-0.01B,$0.03B,-15.50%,$-0.01B,$0.02B,-15.75%,$-0.01B,$0.03B,-12.82%,$-0.02B,$0.03B,-58.91%,$0,$0,$0,$5,$2,$7,$-7,$1,$-6,$0,$-6,$-6,$-6,$-7,$-7,$3,3,$-2.51,$-2.51,$30,$0,$0,$33,$0,$0,$0,$0,$1,$33,$9,$0,$0,$0,$9,$0,$-203,$0,$25,$33,$-6,$0,$-0,$-0,$0,$0,$1,$-1,$3,$-4,$-0,$0,$0,$1,$7,$8,$0,$8,$0,$0,$0,$0,$0,$0,$0,$0,$5,$0,$0
31,2010-12-31,42.42,$11.73,3.62,0,0.0,$-14.13,0.0,$0.42,101.05,$0.04B,$0.01B,5.87,$0.00B,$0.03B,0.0,$0.00B,0,nan%,$0.00B,$-0.02B,inf%,$0.00B,$-0.02B,inf%,$0.00B,$-0.02B,inf%,$0.00B,0,nan%,$0.00B,0,nan%,$0.00B,$0.03B,0.00%,$0.00B,$0.03B,0.00%,$0.00B,$0.04B,0.00%,$-0.02B,$0.03B,-51.52%,$0,$0,$0,$1,$2,$2,$-2,$6,$4,$0,$4,$4,$4,$-2,$-2,$3,3,$1.86,$1.86,$34,$0,$0,$36,$0,$0,$0,$0,$1,$37,$6,$0,$0,$0,$6,$0,$-197,$0,$31,$37,$0,$0,$-15,$-15,$-0,$0,$-0,$-0,$-0,$-15,$-0,$0,$0,$2,$9,$11,$0,$11,$0,$0,$0,$0,$0,$0,$0,$0,$-4,$2,$0
32,2010-09-30,31.5,$13.39,2.35,$0.04,751.46,$-13.65,0.0,$-2.94,0.0,$0.04B,$0.01B,5.93,$0.00B,$0.04B,0.0,$0.00B,0,nan%,$0.00B,$-0.02B,inf%,$0.00B,$-0.02B,inf%,$0.00B,$-0.02B,inf%,$0.00B,$-0.01B,inf%,$0.00B,$-0.01B,inf%,$-0.01B,$0.04B,-18.60%,$-0.01B,$0.04B,-18.60%,$-0.01B,$0.04B,-15.29%,$-0.02B,$0.04B,-55.81%,$0,$0,$0,$3,$2,$5,$-5,$0,$-4,$0,$-4,$-4,$-4,$-5,$-5,$3,3,$-1.68,$-1.68,$40,$0,$0,$41,$0,$0,$0,$0,$1,$42,$7,$0,$0,$0,$7,$0,$-201,$9,$35,$42,$-4,$0,$-9,$-9,$0,$0,$0,$0,$2,$-11,$-0,$0,$0,$2,$9,$11,$0,$11,$0,$0,$0,$0,$0,$0,$0,$0,$0,$1,$0
33,2010-06-30,32.34,$14.67,2.21,$2.80,11.56,$-13.13,0.0,$0.42,77.04,$0.04B,$0.01B,7.63,$0.00B,$0.04B,0.0,$0.01B,$0.01B,100.00%,$0.01B,$-0.01B,-157.14%,$0.01B,$-0.01B,-157.14%,$0.01B,$-0.01B,-157.14%,$0.01B,$0.00B,14.29%,$0.01B,$0.00B,28.57%,$0.00B,$0.04B,6.45%,$0.00B,$0.04B,6.45%,$0.00B,$0.04B,5.26%,$-0.01B,$0.04B,-35.48%,$0,$0,$0,$3,$2,$5,$-5,$6,$1,$0,$1,$1,$1,$-5,$-5,$3,3,$0.42,$0.42,$42,$0,$0,$43,$0,$0,$0,$0,$1,$44,$6,$0,$0,$0,$6,$0,$-196,$8,$38,$44,$1,$0,$-9,$-9,$0,$0,$-0,$0,$0,$-8,$-0,$0,$0,$2,$9,$11,$0,$10,$0,$0,$0,$0,$0,$0,$0,$0,$3,$1,$0
34,2010-03-31,46.62,$10.92,4.27,$3.23,14.44,$-13.22,0.0,$-0.84,0.0,$0.04B,$0.01B,4.76,$0.00B,$0.03B,0.0,$0.01B,$0.01B,100.00%,$0.01B,$-0.01B,-100.00%,$0.01B,$-0.01B,-100.00%,$0.01B,$-0.01B,-100.00%,$0.01B,$-0.00B,-25.00%,$0.01B,$-0.00B,-12.50%,$-0.00B,$0.03B,-4.12%,$-0.00B,$0.03B,-4.17%,$-0.00B,$0.04B,-3.10%,$-0.01B,$0.03B,-32.99%,$0,$0,$0,$2,$3,$5,$-5,$4,$-1,$0,$-1,$-1,$-1,$-5,$-5,$3,3,$-0.42,$-0.42,$33,$0,$0,$35,$0,$0,$0,$0,$1,$36,$7,$0,$0,$0,$7,$0,$-198,$0,$28,$36,$-1,$0,$-3,$-3,$0,$0,$-0,$0,$1,$-3,$-0,$0,$0,$-0,$4,$4,$0,$4,$0,$0,$0,$0,$0,$0,$0,$0,$1,$1,$0
35,2009-12-31,47.04,$10.91,4.31,$3.90,12.08,$-13.42,0.0,$-2.10,0.0,$0.04B,$0.01B,4.99,$0.00B,$0.03B,0.0,$0.01B,$0.01B,100.00%,$0.01B,$-0.01B,-77.78%,$0.01B,$-0.01B,-77.78%,$0.01B,$-0.01B,-77.78%,$0.01B,$-0.01B,-55.56%,$0.01B,$-0.00B,-44.44%,$-0.00B,$0.03B,-19.75%,$-0.00B,$0.03B,-20.00%,$-0.00B,$0.04B,-13.56%,$-0.01B,$0.03B,-34.57%,$0,$0,$0,$2,$2,$3,$-3,$0,$-3,$0,$-2,$-2,$-2,$-3,$-3,$2,2,$-1.26,$-1.26,$33,$0,$0,$35,$0,$0,$0,$0,$1,$35,$7,$0,$0,$0,$7,$0,$-197,$0,$28,$35,$-5,$0,$2,$3,$-0,$0,$0,$-10,$-10,$-12,$-0,$0,$0,$-23,$1,$-22,$0,$-22,$0,$0,$0,$19,$19,$0,$0,$19,$-15,$3,$0
36,2009-09-30,47.04,$11.59,4.06,$4.51,10.44,$-17.66,0.0,$-2.52,0.0,$0.04B,$0.01B,5.17,$0.00B,$0.03B,0.0,$0.01B,$0.01B,100.00%,$0.01B,$-0.01B,-80.00%,$0.01B,$-0.01B,-80.00%,$0.01B,$-0.01B,-70.00%,$0.01B,$-0.01B,-60.00%,$0.01B,$-0.01B,-60.00%,$-0.01B,$0.03B,-34.78%,$-0.01B,$0.03B,-35.29%,$-0.01B,$0.04B,-21.62%,$-0.01B,$0.03B,-46.38%,$7,$0,$7,$1,$3,$5,$2,$2,$4,$0,$4,$4,$4,$2,$2,$2,3,$1.68,$1.68,$36,$0,$0,$36,$0,$0,$0,$0,$1,$37,$7,$0,$0,$0,$7,$0,$-194,$0,$30,$37,$-2,$0,$2,$2,$0,$0,$0,$-9,$-9,$-9,$-0,$0,$0,$-28,$1,$-27,$0,$-27,$0,$0,$0,$19,$19,$0,$0,$19,$-17,$2,$0
37,2009-06-30,45.36,$4.78,9.5,$2.17,20.86,$-16.95,0.0,$-10.08,0.0,$0.02B,$0.00B,5.81,$0.00B,$0.01B,0.0,$0.00B,$0.00B,100.00%,$0.00B,$-0.02B,-525.00%,$0.00B,$-0.02B,-525.00%,$0.00B,$-0.02B,-500.00%,$0.00B,$-0.02B,-550.00%,$0.00B,$-0.02B,-550.00%,$-0.02B,$0.01B,-151.72%,$-0.02B,$0.01B,-157.14%,$-0.02B,$0.02B,-80.00%,$-0.02B,$0.01B,-144.83%,$1,$0,$1,$1,$2,$3,$-2,$0,$-2,$0,$-2,$-2,$-2,$-2,$-2,$2,2,$-0.84,$-0.84,$18,$0,$0,$18,$2,$0,$0,$0,$2,$21,$3,$0,$0,$7,$10,$0,$-198,$0,$11,$21,$-6,$0,$1,$2,$0,$0,$0,$-2,$-2,$-7,$-0,$0,$0,$-11,$0,$-11,$0,$-11,$0,$0,$0,$0,$0,$0,$0,$0,$-18,$1,$0
38,2009-03-31,14.7,$5.51,2.67,$2.55,5.77,$-19.51,0.0,$-11.75,0.0,$0.02B,$0.01B,3.96,$0.00B,$0.01B,0.0,$0.01B,$0.01B,100.00%,$0.01B,$-0.02B,-460.00%,$0.01B,$-0.02B,-460.00%,$0.01B,$-0.02B,-440.00%,$0.01B,$-0.03B,-520.00%,$0.01B,$-0.03B,-520.00%,$-0.03B,$0.01B,-138.67%,$-0.03B,$0.01B,-140.54%,$-0.03B,$0.03B,-78.79%,$-0.02B,$0.01B,-122.67%,$1,$0,$1,$3,$2,$6,$-4,$0,$-4,$0,$-4,$-4,$-4,$-4,$-4,$2,2,$-1.68,$-1.68,$22,$0,$0,$22,$2,$0,$0,$0,$2,$25,$6,$0,$0,$7,$13,$0,$-196,$0,$12,$25,$-4,$0,$1,$1,$0,$0,$1,$-1,$0,$-3,$-0,$0,$0,$0,$0,$0,$0,$-0,$0,$0,$0,$0,$0,$0,$0,$0,$-3,$1,$0
39,2008-12-31,12.6,$7.05,1.79,$2.89,4.36,$-21.60,0.0,$-13.01,0.0,$0.03B,$0.01B,5.13,$0.00B,$0.02B,0.0,$0.01B,$0.01B,100.00%,$0.01B,$-0.02B,-400.00%,$0.01B,$-0.02B,-400.00%,$0.01B,$-0.02B,-383.33%,$0.01B,$-0.03B,-450.00%,$0.01B,$-0.03B,-466.67%,$-0.03B,$0.02B,-116.67%,$-0.03B,$0.02B,-117.89%,$-0.03B,$0.03B,-70.89%,$-0.02B,$0.02B,-100.00%,$1,$0,$1,$3,$2,$5,$-4,$0,$-4,$0,$-4,$-4,$-4,$-3,$-4,$2,2,$-1.26,$-1.26,$25,$0,$0,$26,$2,$0,$0,$0,$2,$28,$5,$0,$0,$8,$13,$0,$-192,$0,$16,$28,$-27,$1,$14,$15,$0,$0,$-1,$-6,$-7,$-19,$-1,$0,$-16,$10,$0,$10,$0,$-7,$0,$0,$0,$1,$1,$0,$0,$1,$-25,$0,$0
40,2008-09-30,21.42,$8.38,2.56,$2.98,7.2,$-24.03,0.0,$-14.27,0.0,$0.03B,$0.01B,3.51,$0.00B,$0.02B,0.0,$0.01B,$0.01B,100.00%,$0.01B,$-0.03B,-450.00%,$0.01B,$-0.03B,-450.00%,$0.01B,$-0.03B,-450.00%,$0.01B,$-0.03B,-500.00%,$0.01B,$-0.03B,-500.00%,$-0.03B,$0.02B,-100.00%,$-0.03B,$0.02B,-100.84%,$-0.03B,$0.04B,-61.86%,$-0.03B,$0.02B,-90.00%,$1,$0,$1,$2,$2,$12,$-11,$-1,$-12,$0,$-12,$-12,$-12,$-11,$-11,$2,2,$-5.87,$-5.87,$31,$0,$0,$33,$2,$0,$0,$0,$2,$36,$9,$0,$0,$8,$17,$0,$-189,$0,$19,$36,$-24,$0,$13,$14,$0,$0,$0,$-6,$-6,$-16,$9,$0,$-14,$0,$0,$0,$0,$-5,$0,$0,$0,$1,$1,$0,$0,$1,$-20,$2,$0
41,2008-06-30,27.3,$12.97,2.1,$3.53,7.74,$-28.19,0.0,$-10.49,0.0,$0.04B,$0.01B,4.2,$0.00B,$0.03B,0.0,$0.01B,$0.01B,100.00%,$0.01B,$-0.02B,-314.29%,$0.01B,$-0.02B,-314.29%,$0.01B,$-0.02B,-300.00%,$0.01B,$-0.02B,-328.57%,$0.01B,$-0.02B,-328.57%,$-0.02B,$0.03B,-63.89%,$-0.02B,$0.03B,-63.89%,$-0.02B,$0.04B,-40.71%,$-0.02B,$0.03B,-61.11%,$2,$0,$2,$3,$3,$6,$-4,$-2,$-6,$0,$-6,$-6,$-6,$-4,$-4,$2,2,$-2.51,$-2.51,$36,$0,$0,$39,$2,$1,$0,$0,$4,$43,$9,$0,$0,$5,$15,$0,$-176,$0,$28,$43,$-11,$0,$4,$4,$0,$0,$0,$-5,$-5,$-12,$-1,$0,$-10,$10,$0,$10,$-2,$-3,$0,$0,$0,$1,$1,$0,$0,$1,$-14,$1,$0
42,2008-03-31,48.3,$15.42,3.13,$3.89,12.43,$-27.77,0.0,$-10.91,0.0,$0.05B,$0.01B,3.73,$0.00B,$0.03B,0.0,$0.01B,$0.01B,100.00%,$0.01B,$-0.03B,-385.71%,$0.01B,$-0.03B,-385.71%,$0.01B,$-0.03B,-371.43%,$0.01B,$-0.02B,-328.57%,$0.01B,$-0.02B,-328.57%,$-0.02B,$0.03B,-55.76%,$-0.02B,$0.03B,-55.76%,$-0.02B,$0.05B,-35.94%,$-0.03B,$0.03B,-65.45%,$2,$0,$2,$3,$4,$8,$-5,$0,$-5,$0,$-5,$-5,$-6,$-5,$-5,$2,2,$-2.93,$-2.93,$44,$0,$0,$45,$2,$4,$0,$1,$6,$51,$12,$0,$0,$5,$17,$0,$-171,$0,$33,$51,$-5,$0,$1,$1,$0,$0,$0,$-3,$-3,$-7,$-0,$0,$-10,$10,$0,$10,$0,$-1,$0,$0,$0,$1,$1,$0,$0,$1,$-7,$1,$0
43,2007-12-31,64.61,$18.78,3.44,$3.77,17.14,$-27.18,0.0,$-10.49,0.0,$0.06B,$0.01B,4.38,$0.00B,$0.04B,0.0,$0.01B,$0.01B,100.00%,$0.01B,$-0.03B,-385.71%,$0.01B,$-0.03B,-385.71%,$0.01B,$-0.03B,-371.43%,$0.01B,$-0.02B,-328.57%,$0.01B,$-0.02B,-314.29%,$-0.02B,$0.04B,-60.69%,$-0.02B,$0.04B,-60.69%,$-0.02B,$0.06B,-36.21%,$-0.03B,$0.04B,-74.48%,$1,$0,$1,$4,$5,$9,$-7,$1,$-7,$0,$-7,$-7,$-6,$-7,$-7,$2,2,$-3.35,$-3.35,$60,$0,$0,$61,$2,$0,$0,$1,$3,$64,$14,$0,$0,$10,$24,$0,$-161,$0,$40,$64,$-22,$0,$6,$6,$0,$0,$1,$-8,$-7,$-22,$-1,$0,$0,$-10,$0,$-10,$0,$-11,$0,$0,$0,$53,$53,$0,$0,$54,$20,$0,$0
44,2007-09-30,78.26,$20.61,3.8,$3.79,20.67,$-9.66,0.0,$-10.07,0.0,$0.07B,$0.01B,5.36,$0.00B,$0.04B,0.0,$0.01B,$0.01B,100.00%,$0.01B,$-0.03B,-357.14%,$0.01B,$-0.03B,-357.14%,$0.01B,$-0.02B,-342.86%,$0.01B,$-0.02B,-285.71%,$0.01B,$-0.02B,-285.71%,$-0.02B,$0.04B,-72.73%,$-0.02B,$0.04B,-72.73%,$-0.02B,$0.07B,-37.91%,$-0.03B,$0.04B,-90.91%,$2,$0,$2,$4,$4,$8,$-6,$1,$-5,$0,$-5,$-5,$-5,$-5,$-6,$2,2,$-2.10,$-2.10,$66,$0,$0,$67,$1,$0,$0,$0,$1,$68,$13,$0,$0,$12,$25,$0,$-155,$0,$43,$68,$-15,$0,$5,$5,$0,$0,$0,$-5,$-5,$-15,$-0,$0,$0,$-12,$0,$-12,$0,$-12,$0,$0,$0,$51,$51,$0,$0,$51,$24,$5,$0
45,2007-06-30,70.99,$23.37,3.04,$3.30,21.54,$5.37,13.22,$-9.66,0.0,$0.07B,$0.01B,6.01,$0.00B,$0.05B,0.0,$0.01B,$0.01B,100.00%,$0.01B,$-0.02B,-366.67%,$0.01B,$-0.02B,-366.67%,$0.01B,$-0.02B,-366.67%,$0.01B,$-0.02B,-300.00%,$0.01B,$-0.02B,-300.00%,$-0.02B,$0.05B,-94.74%,$-0.02B,$0.05B,-94.74%,$-0.02B,$0.07B,-40.45%,$-0.02B,$0.05B,-115.79%,$2,$0,$2,$7,$4,$11,$-9,$2,$-6,$0,$-6,$-6,$-6,$-9,$-9,$2,2,$-2.93,$-2.93,$70,$0,$0,$72,$0,$0,$0,$0,$1,$73,$12,$0,$0,$12,$24,$0,$-150,$0,$49,$73,$-11,$0,$4,$4,$0,$0,$0,$-4,$-4,$-11,$-0,$0,$0,$0,$0,$0,$0,$-0,$0,$0,$0,$50,$50,$0,$0,$50,$39,$5,$0
46,2007-03-31,106.66,$6.96,15.33,$2.13,50.02,$6.02,17.71,$-10.07,0.0,$0.04B,$0.01B,3.84,$0.00B,$0.01B,0.0,$0.00B,$0.00B,100.00%,$0.00B,$-0.02B,-475.00%,$0.00B,$-0.02B,-475.00%,$0.00B,$-0.02B,-475.00%,$0.00B,$-0.02B,-425.00%,$0.00B,$-0.02B,-425.00%,$-0.02B,$0.01B,-178.95%,$-0.02B,$0.01B,-178.95%,$-0.02B,$0.04B,-57.14%,$-0.02B,$0.01B,-200.00%,$2,$0,$2,$4,$2,$6,$-5,$0,$-5,$0,$-5,$-5,$-5,$-5,$-5,$2,2,$-2.51,$-2.51,$36,$0,$0,$37,$0,$0,$0,$0,$1,$38,$10,$0,$0,$16,$25,$0,$-144,$0,$13,$38,$-5,$0,$1,$1,$0,$0,$0,$-2,$-2,$-5,$-0,$0,$0,$0,$0,$0,$0,$-0,$0,$0,$0,$11,$11,$0,$0,$11,$6,$1,$0
47,2006-12-31,43.44,$3.08,14.12,$1.28,33.96,$6.28,6.92,$-10.49,0.0,$0.03B,$0.01B,2.95,$0.00B,$0.01B,0.0,$0.00B,$0.00B,100.00%,$0.00B,$-0.02B,-900.00%,$0.00B,$-0.02B,-900.00%,$0.00B,$-0.02B,-900.00%,$0.00B,$-0.02B,-800.00%,$0.00B,$-0.02B,-850.00%,$-0.02B,$0.01B,-165.85%,$-0.02B,$0.01B,-165.85%,$-0.02B,$0.03B,-68.00%,$-0.02B,$0.01B,-175.61%,$1,$0,$1,$3,$3,$6,$-5,$0,$-4,$0,$-4,$-4,$-4,$-5,$-5,$2,2,$-2.51,$-2.51,$30,$0,$0,$31,$1,$0,$0,$0,$1,$32,$10,$0,$0,$16,$26,$0,$-140,$0,$5,$32,$-17,$0,$2,$2,$0,$0,$0,$23,$24,$9,$-0,$0,$0,$0,$0,$0,$0,$-0,$0,$0,$0,$13,$13,$0,$0,$13,$22,$0,$0
