,Date,Stock Price,Book Value per Share,Price to Book Ratio,TTM Sales per Share,Price to Sales Ratio,TTM FCF per Share,Price to FCF Ratio,TTM Net EPS,PE Ratio,Current Assets,Current Liabilities,Current Ratio,Long Term Debt,Shareholder's Equity_x,Debt to Equity Ratio,TTM Revenue_x,TTM Gross Profit,Gross Margin,TTM Revenue_y,TTM Operating Income,Operating Margin,TTM Revenue_x,TTM EBIT,EBIT Margin,TTM Revenue_y,TTM EBITDA,EBITDA Margin,TTM Revenue_x,TTM Pre-Tax Income,Pre-Tax Margin,TTM Revenue_y,TTM Net Income_x,Net Margin,TTM Net Income_y,Shareholder's Equity_y,Return on Equity,TTM Net Income_x,Tangible Equity,Return on Tangible Equity,TTM Net Income_y,Total Assets,Return on Assets,TTM Net Income,LT Investments & Debt,Return on Investment,revenue,cost-goods-sold,gross-profit,research-development-expenses,selling-general-administrative-expenses,operating-expenses,operating-income,total-non-operating-income-expense,pre-tax-income,total-provision-income-taxes,income-after-taxes,income-from-continuous-operations,net-income,ebitda,ebit,basic-shares-outstanding,shares-outstanding,eps-basic-net-earnings-per-share,eps-earnings-per-share-diluted,cash-on-hand,inventory,other-current-assets,total-current-assets,net-property-plant-equipment,long-term-investments,goodwill-intangible-assets-total,other-long-term-assets,total-long-term-assets,total-assets,total-current-liabilities,long-term-debt,other-non-current-liabilities,total-long-term-liabilities,total-liabilities,common-stock-net,retained-earnings-accumulated-deficit,comprehensive-income,total-share-holder-equity,total-liabilities-share-holders-equity,net-income-loss,total-depreciation-amortization-cash-flow,other-non-cash-items,total-non-cash-items,change-in-accounts-receivable,change-in-inventories,change-in-accounts-payable,change-in-assets-liabilities,total-change-in-assets-liabilities,cash-flow-from-operating-activities,net-change-in-property-plant-equipment,net-change-in-intangible-assets,net-acquisitions-divestitures,net-change-in-short-term-investments,net-change-in-long-term-investments,net-change-in-investments-total,investing-activities-other,cash-flow-from-investing-activities,net-long-term-debt,net-current-debt,debt-issuance-retirement-net-total,net-common-equity-issued-repurchased,net-total-equity-issued-repurchased,total-common-preferred-stock-dividends-paid,financial-activities-other,cash-flow-from-financial-activities,net-cash-flow,stock-based-compensation,common-stock-dividends-paid
0,2018-06-30,14.15,$22.86,0.62,$7.38,1.92,$4.58,3.09,$0.46,30.76,$0.80B,$0.75B,1.07,$0.06B,$0.07B,0.79,$0.04B,$0.04B,81.40%,$0.04B,$0.01B,11.63%,$0.04B,0,0.00%,$0.04B,0,0.00%,$0.04B,$0.00B,9.30%,$0.04B,$0.00B,6.98%,$0.00B,$0.14B,3.37%,$0.00B,$0.12B,4.18%,$0.00B,$0.98B,0.32%,$0.01B,$0.19B,2.93%,$12,$2,$9,$0,$8,$11,$1,$0,$1,$0,$1,$1,$1,$0,$0,$6,6,$0.09,$0.08,$36,$0,$0,$796,$10,$131,$17,$21,$179,$975,$745,$58,$37,$95,$840,$0,$13,$-2,$135,$975,$3,$2,$1,$4,$10,$0,$0,$4,$13,$20,$-2,$0,$0,$-26,$0,$-26,$-35,$-63,$-33,$0,$-33,$0,$61,$-1,$2,$29,$-14,$0,$-1
1,2018-03-31,14.01,$12.45,1.13,$6.95,2.02,$2.16,6.48,$0.58,24.16,$0.76B,$0.75B,1.02,$0.09B,$0.07B,1.16,$0.04B,$0.03B,82.05%,$0.04B,$0.01B,15.38%,$0.04B,0,0.00%,$0.04B,0,0.00%,$0.04B,$0.01B,12.82%,$0.04B,$0.00B,7.69%,$0.00B,$0.07B,4.18%,$0.00B,$0.06B,5.22%,$0.00B,$0.94B,0.34%,$0.01B,$0.16B,3.85%,$11,$2,$9,$0,$7,$9,$2,$0,$2,$0,$1,$1,$1,$0,$0,$6,6,$0.23,$0.23,$40,$0,$0,$760,$9,$131,$17,$23,$181,$940,$749,$85,$33,$118,$867,$0,$12,$-2,$74,$940,$3,$1,$0,$2,$2,$0,$0,$-1,$1,$6,$-1,$0,$0,$-25,$-0,$-25,$11,$-15,$-6,$0,$-6,$0,$0,$-1,$6,$-1,$-10,$0,$-1
2,2017-12-31,13.31,$12.65,1.05,$6.45,2.06,$1.58,8.41,$0.52,25.59,$0.79B,$0.74B,1.06,$0.09B,$0.07B,1.26,$0.04B,$0.03B,80.56%,$0.04B,$0.01B,13.89%,$0.04B,0,0.00%,$0.04B,0,0.00%,$0.04B,$0.00B,11.11%,$0.04B,$0.00B,8.33%,$0.00B,$0.07B,4.33%,$0.00B,$0.06B,5.15%,$0.00B,$0.94B,0.37%,$0.01B,$0.17B,3.39%,$11,$2,$9,$0,$7,$9,$2,$0,$2,$1,$1,$1,$1,$0,$0,$6,6,$0.23,$0.23,$54,$0,$0,$785,$9,$110,$18,$22,$158,$943,$741,$94,$34,$128,$869,$0,$12,$-1,$74,$943,$1,$1,$0,$1,$0,$0,$0,$0,$1,$3,$-1,$0,$0,$-1,$-1,$-2,$3,$1,$4,$0,$4,$0,$0,$0,$-1,$2,$6,$0,$0
3,2017-09-30,13.75,$12.48,1.1,$6.07,2.26,$0.74,18.56,$0.47,29.26,$0.78B,$0.74B,1.05,$0.09B,$0.07B,1.23,$0.03B,$0.03B,81.82%,$0.03B,$0.00B,12.12%,$0.03B,0,0.00%,$0.03B,0,0.00%,$0.03B,$0.00B,9.09%,$0.03B,$0.00B,9.09%,$0.00B,$0.07B,4.49%,$0.00B,$0.06B,5.13%,$0.00B,$0.94B,0.41%,$0.00B,$0.16B,2.86%,$9,$2,$8,$0,$8,$9,$-0,$0,$-1,$-0,$-0,$-0,$-0,$0,$0,$5,5,$-0.10,$-0.09,$50,$0,$0,$783,$10,$109,$18,$22,$158,$941,$743,$90,$35,$125,$867,$0,$11,$-0,$73,$941,$2,$2,$2,$4,$-0,$0,$0,$-3,$-3,$4,$-1,$0,$-19,$13,$-0,$12,$19,$12,$50,$0,$50,$0,$0,$-1,$-33,$16,$32,$0,$-1
4,2017-06-30,13.78,$12.52,1.1,$5.96,2.31,$1.02,13.48,$0.67,20.57,$0.55B,$0.52B,1.06,$0.07B,$0.07B,1.03,$0.03B,$0.03B,81.25%,$0.03B,$0.00B,12.50%,$0.03B,0,0.00%,$0.03B,0,0.00%,$0.03B,$0.00B,12.50%,$0.03B,$0.00B,9.38%,$0.00B,$0.07B,4.63%,$0.00B,$0.06B,5.06%,$0.00B,$0.67B,0.44%,$0.00B,$0.13B,3.08%,$8,$1,$6,$0,$5,$6,$2,$0,$2,$1,$1,$1,$1,$0,$0,$5,5,$0.21,$0.20,$35,$0,$0,$550,$5,$89,$5,$16,$115,$666,$519,$68,$13,$80,$600,$0,$11,$-0,$66,$666,$3,$1,$0,$2,$-0,$0,$0,$-2,$-2,$3,$-0,$0,$0,$1,$1,$1,$51,$52,$9,$0,$9,$0,$0,$-1,$-39,$-31,$24,$0,$-1
5,2017-03-31,13.65,$12.22,1.12,$5.92,2.31,$1.04,13.15,$0.65,21.0,$0.55B,$0.53B,1.04,$0.06B,$0.06B,0.94,$0.03B,$0.03B,83.87%,$0.03B,$0.00B,9.68%,$0.03B,0,0.00%,$0.03B,0,0.00%,$0.03B,$0.00B,9.68%,$0.03B,$0.00B,9.68%,$0.00B,$0.06B,4.67%,$0.00B,$0.06B,5.11%,$0.00B,$0.67B,0.43%,$0.00B,$0.13B,2.36%,$8,$1,$6,$0,$5,$6,$1,$0,$1,$0,$1,$1,$1,$0,$0,$5,5,$0.18,$0.17,$21,$0,$0,$552,$5,$90,$5,$17,$117,$668,$531,$60,$13,$73,$604,$0,$10,$-1,$64,$668,$2,$1,$0,$1,$-0,$0,$0,$-2,$-2,$1,$-0,$0,$0,$-1,$1,$-1,$36,$35,$1,$0,$1,$0,$0,$-1,$-27,$-26,$10,$0,$-1
6,2016-12-31,12.1,$12.13,1.0,$5.79,2.09,$1.03,11.72,$0.61,19.84,$0.57B,$0.54B,1.06,$0.07B,$0.06B,1.15,$0.03B,$0.03B,83.33%,$0.03B,$0.00B,10.00%,$0.03B,0,0.00%,$0.03B,0,0.00%,$0.03B,$0.00B,10.00%,$0.03B,$0.00B,10.00%,$0.00B,$0.06B,4.71%,$0.00B,$0.06B,5.06%,$0.00B,$0.69B,0.44%,$0.00B,$0.14B,2.37%,$8,$1,$7,$0,$5,$7,$1,$0,$1,$0,$1,$1,$1,$0,$0,$5,5,$0.18,$0.18,$21,$0,$0,$566,$5,$93,$5,$17,$120,$686,$535,$73,$14,$87,$623,$0,$10,$-1,$64,$686,$1,$1,$0,$1,$-4,$0,$0,$-0,$-4,$-2,$-0,$0,$0,$-4,$-0,$-4,$25,$21,$14,$0,$14,$-0,$-0,$0,$-23,$-8,$10,$0,$0
7,2016-09-30,10.88,$12.27,0.89,$5.47,1.99,$1.66,6.57,$0.59,18.45,$0.58B,$0.56B,1.04,$0.06B,$0.07B,0.92,$0.03B,$0.02B,82.76%,$0.03B,$0.00B,10.34%,$0.03B,0,0.00%,$0.03B,0,0.00%,$0.03B,$0.00B,10.34%,$0.03B,$0.00B,10.34%,$0.00B,$0.07B,4.76%,$0.00B,$0.06B,5.00%,$0.00B,$0.70B,0.46%,$0.00B,$0.12B,2.45%,$8,$1,$7,$0,$7,$8,$0,$0,$0,$-0,$0,$0,$0,$0,$0,$5,5,$0.04,$0.04,$11,$0,$0,$581,$5,$92,$6,$12,$115,$696,$558,$59,$14,$74,$631,$0,$9,$1,$65,$696,$3,$2,$0,$3,$1,$0,$0,$-0,$0,$6,$-1,$0,$21,$18,$-0,$18,$11,$49,$8,$0,$8,$0,$0,$-1,$-77,$-69,$-14,$0,$-1
8,2016-06-30,10.08,$12.14,0.83,$5.17,1.95,$1.79,5.62,$0.60,16.81,$0.60B,$0.59B,1.03,$0.06B,$0.06B,0.93,$0.03B,$0.02B,82.14%,$0.03B,$0.00B,14.29%,$0.03B,0,0.00%,$0.03B,0,0.00%,$0.03B,$0.00B,14.29%,$0.03B,$0.00B,14.29%,$0.00B,$0.06B,6.45%,$0.00B,$0.06B,6.61%,$0.00B,$0.72B,0.64%,$0.00B,$0.12B,3.29%,$7,$1,$6,$0,$5,$6,$1,$0,$1,$1,$1,$1,$1,$0,$0,$5,5,$0.16,$0.16,$22,$0,$0,$602,$6,$97,$5,$14,$121,$723,$585,$59,$15,$74,$659,$0,$8,$1,$64,$723,$2,$2,$1,$2,$-1,$0,$0,$-0,$-1,$3,$-1,$0,$21,$14,$-0,$14,$2,$36,$8,$0,$8,$0,$0,$-1,$-49,$-42,$-3,$0,$-1
9,2016-03-31,8.71,$11.83,0.74,$5.09,1.71,$2.12,4.12,$0.54,16.13,$0.49B,$0.47B,1.03,$0.06B,$0.06B,0.99,$0.03B,$0.02B,78.57%,$0.03B,$0.00B,14.29%,$0.03B,0,0.00%,$0.03B,0,0.00%,$0.03B,$0.00B,14.29%,$0.03B,$0.00B,14.29%,$0.00B,$0.06B,6.58%,$0.00B,$0.06B,6.61%,$0.00B,$0.60B,0.69%,$0.00B,$0.12B,3.41%,$7,$1,$5,$0,$4,$6,$1,$0,$1,$0,$1,$1,$1,$0,$0,$5,5,$0.13,$0.13,$25,$0,$0,$487,$3,$98,$1,$13,$115,$602,$474,$61,$4,$66,$540,$0,$7,$0,$62,$602,$2,$1,$0,$1,$-2,$0,$0,$0,$-2,$1,$-1,$0,$10,$-5,$0,$-5,$0,$4,$3,$0,$3,$0,$0,$-1,$-10,$-8,$-2,$0,$-1
10,2015-12-31,9.09,$11.71,0.78,$5.05,1.8,$2.45,3.71,$0.52,17.48,$0.47B,$0.46B,1.02,$0.06B,$0.06B,0.96,$0.03B,$0.02B,82.14%,$0.03B,$0.00B,14.29%,$0.03B,0,0.00%,$0.03B,0,0.00%,$0.03B,$0.00B,14.29%,$0.03B,$0.00B,14.29%,$0.00B,$0.06B,6.67%,$0.00B,$0.06B,6.67%,$0.00B,$0.58B,0.70%,$0.00B,$0.12B,3.52%,$7,$1,$6,$0,$4,$5,$1,$0,$1,$0,$1,$1,$1,$0,$0,$5,5,$0.16,$0.16,$18,$0,$0,$467,$3,$100,$0,$12,$115,$582,$458,$59,$4,$63,$521,$0,$7,$-0,$61,$582,$1,$1,$0,$1,$0,$0,$0,$-1,$-0,$1,$-0,$0,$0,$-8,$0,$-8,$-3,$-11,$0,$0,$0,$-0,$-0,$0,$1,$1,$-9,$0,$0
11,2015-09-30,8.49,$11.74,0.72,$5.16,1.64,$2.35,3.62,$0.50,16.99,$0.47B,$0.46B,1.04,$0.06B,$0.06B,0.96,$0.03B,$0.02B,82.14%,$0.03B,$0.00B,14.29%,$0.03B,0,0.00%,$0.03B,0,0.00%,$0.03B,$0.00B,14.29%,$0.03B,$0.00B,14.29%,$0.00B,$0.06B,6.72%,$0.00B,$0.06B,6.75%,$0.00B,$0.58B,0.70%,$0.00B,$0.12B,3.57%,$7,$1,$6,$0,$4,$5,$1,$0,$1,$1,$1,$1,$1,$0,$0,$5,5,$0.17,$0.17,$27,$0,$0,$472,$3,$93,$0,$12,$108,$580,$456,$59,$4,$62,$519,$0,$7,$-0,$61,$580,$3,$2,$1,$3,$-0,$0,$0,$0,$-0,$6,$-0,$0,$0,$-17,$1,$-16,$17,$0,$0,$0,$0,$0,$0,$-0,$7,$6,$12,$0,$-0
12,2015-06-30,8.8,$11.32,0.78,$5.24,1.68,$2.75,3.2,$0.48,18.33,$0.47B,$0.46B,1.04,$0.05B,$0.06B,0.78,$0.03B,$0.02B,82.14%,$0.03B,$0.00B,14.29%,$0.03B,0,0.00%,$0.03B,0,0.00%,$0.03B,$0.00B,14.29%,$0.03B,$0.00B,14.29%,$0.00B,$0.06B,6.84%,$0.00B,$0.06B,6.87%,$0.00B,$0.57B,0.70%,$0.00B,$0.11B,3.60%,$7,$1,$5,$0,$4,$6,$1,$0,$1,$0,$1,$1,$1,$0,$0,$5,5,$0.12,$0.12,$21,$0,$0,$473,$3,$77,$0,$13,$93,$566,$456,$46,$4,$50,$507,$0,$6,$-1,$59,$566,$2,$2,$0,$2,$-0,$0,$0,$0,$-0,$4,$-0,$0,$0,$-2,$1,$-1,$12,$11,$-13,$0,$-13,$0,$0,$-0,$7,$-6,$8,$0,$-0
13,2015-03-31,8.74,$11.31,0.77,$5.31,1.65,$3.12,2.8,$0.47,18.6,$0.49B,$0.46B,1.07,$0.05B,$0.06B,0.86,$0.03B,$0.02B,85.71%,$0.03B,$0.00B,14.29%,$0.03B,0,0.00%,$0.03B,0,0.00%,$0.03B,$0.00B,14.29%,$0.03B,$0.00B,14.29%,$0.00B,$0.06B,6.90%,$0.00B,$0.06B,6.96%,$0.00B,$0.57B,0.70%,$0.00B,$0.11B,3.48%,$7,$1,$6,$0,$5,$6,$1,$0,$1,$0,$1,$1,$1,$0,$0,$5,5,$0.11,$0.11,$37,$0,$0,$486,$3,$68,$0,$12,$84,$570,$455,$51,$4,$55,$511,$0,$5,$-0,$59,$570,$1,$1,$0,$1,$-0,$0,$0,$0,$0,$3,$-0,$0,$0,$9,$0,$9,$15,$24,$-8,$0,$-8,$0,$0,$-0,$6,$-2,$24,$0,$-0
14,2014-12-31,8.71,$11.28,0.77,$5.31,1.64,$3.13,2.79,$0.42,20.73,$0.48B,$0.45B,1.05,$0.05B,$0.06B,0.92,$0.03B,$0.02B,82.14%,$0.03B,$0.00B,14.29%,$0.03B,0,0.00%,$0.03B,0,0.00%,$0.03B,$0.00B,14.29%,$0.03B,$0.00B,10.71%,$0.00B,$0.06B,5.26%,$0.00B,$0.06B,5.31%,$0.00B,$0.57B,0.53%,$0.00B,$0.11B,3.46%,$7,$1,$6,$0,$5,$6,$1,$0,$1,$0,$1,$1,$1,$0,$0,$5,5,$0.14,$0.14,$21,$0,$0,$476,$3,$77,$0,$14,$95,$571,$454,$54,$4,$58,$513,$0,$5,$-0,$59,$571,$1,$1,$-0,$1,$-2,$0,$0,$0,$-1,$0,$-0,$0,$0,$-1,$0,$-0,$8,$8,$-5,$0,$-5,$0,$0,$0,$5,$-0,$8,$0,$0
15,2014-09-30,8.43,$11.09,0.76,$5.32,1.58,$3.31,2.55,$0.34,24.79,$0.48B,$0.45B,1.06,$0.06B,$0.06B,1.03,$0.03B,$0.02B,82.14%,$0.03B,$0.00B,10.71%,$0.03B,0,0.00%,$0.03B,0,0.00%,$0.03B,$0.00B,10.71%,$0.03B,$0.00B,7.14%,$0.00B,$0.06B,3.59%,$0.00B,$0.06B,3.60%,$0.00B,$0.57B,0.36%,$0.00B,$0.12B,2.60%,$7,$1,$6,$0,$5,$6,$1,$0,$1,$0,$1,$1,$1,$0,$0,$5,5,$0.12,$0.11,$12,$0,$0,$477,$4,$76,$0,$12,$93,$570,$450,$59,$4,$63,$513,$0,$4,$-1,$57,$570,$2,$2,$3,$6,$-1,$0,$0,$1,$0,$8,$-0,$0,$0,$10,$-2,$8,$-32,$-25,$9,$0,$9,$-0,$-0,$-0,$2,$11,$-6,$0,$-0
16,2014-06-30,8.09,$10.95,0.74,$5.32,1.52,$3.06,2.64,$0.29,27.91,$0.47B,$0.44B,1.07,$0.07B,$0.06B,1.15,$0.03B,$0.02B,82.14%,$0.03B,$0.00B,7.14%,$0.03B,0,0.00%,$0.03B,0,0.00%,$0.03B,$0.00B,7.14%,$0.03B,$0.00B,3.57%,$0.00B,$0.06B,1.82%,$0.00B,$0.06B,1.83%,$0.00B,$0.57B,0.18%,$0.00B,$0.12B,1.78%,$7,$1,$6,$0,$5,$6,$1,$0,$1,$0,$1,$1,$1,$0,$0,$5,5,$0.11,$0.11,$10,$0,$0,$469,$4,$78,$0,$13,$96,$565,$440,$65,$3,$68,$508,$0,$3,$-1,$57,$565,$1,$2,$3,$5,$-1,$0,$0,$1,$-0,$6,$-0,$0,$0,$8,$-2,$6,$-27,$-21,$15,$0,$15,$-0,$-0,$-0,$-8,$7,$-8,$0,$-0
17,2014-03-31,7.62,$10.74,0.71,$5.16,1.48,$2.76,2.76,$0.21,36.28,$0.46B,$0.43B,1.06,$0.06B,$0.06B,1.04,$0.03B,$0.02B,78.57%,$0.03B,$0.00B,3.57%,$0.03B,0,0.00%,$0.03B,0,0.00%,$0.03B,$0.00B,3.57%,$0.03B,0,0.00%,$0.00B,$0.06B,0.00%,$0.00B,$0.06B,0.00%,$0.00B,$0.55B,0.00%,$0.00B,$0.11B,0.92%,$7,$1,$5,$0,$5,$6,$1,$0,$1,$0,$0,$0,$0,$0,$0,$5,5,$0.06,$0.06,$20,$0,$0,$458,$4,$76,$0,$12,$92,$551,$434,$58,$3,$61,$495,$0,$3,$-2,$55,$551,$1,$1,$3,$4,$-2,$0,$0,$0,$-1,$3,$-0,$0,$0,$7,$0,$7,$-2,$5,$8,$0,$8,$-0,$-0,$-0,$-13,$-5,$2,$0,$-0
18,2013-12-31,7.02,$10.50,0.67,$5.17,1.36,$2.63,2.67,$0.21,33.44,$0.46B,$0.44B,1.04,$0.06B,$0.05B,1.04,$0.03B,$0.02B,78.57%,$0.03B,$0.00B,3.57%,$0.03B,0,0.00%,$0.03B,0,0.00%,$0.03B,$0.00B,3.57%,$0.03B,0,0.00%,$0.00B,$0.05B,0.00%,$0.00B,$0.05B,0.00%,$0.00B,$0.55B,0.00%,$0.00B,$0.11B,0.94%,$7,$1,$6,$0,$5,$6,$0,$0,$0,$0,$0,$0,$0,$0,$0,$5,5,$0.06,$0.06,$16,$0,$0,$455,$5,$81,$0,$12,$97,$552,$439,$57,$3,$60,$498,$0,$3,$-3,$54,$552,$0,$1,$1,$1,$-0,$0,$0,$0,$-0,$2,$-0,$0,$0,$1,$0,$1,$-2,$-1,$7,$0,$7,$-0,$-0,$0,$-9,$-2,$-2,$0,$0
19,2013-09-30,6.87,$10.51,0.65,$5.16,1.33,$2.47,2.78,$0.20,34.35,$0.46B,$0.45B,1.02,$0.05B,$0.05B,0.92,$0.03B,$0.02B,78.57%,$0.03B,$0.00B,3.57%,$0.03B,0,0.00%,$0.03B,0,0.00%,$0.03B,$0.00B,3.57%,$0.03B,0,0.00%,$0.00B,$0.05B,0.00%,$0.00B,$0.05B,0.00%,$0.00B,$0.56B,0.00%,$0.00B,$0.10B,0.95%,$7,$1,$6,$0,$5,$7,$0,$0,$0,$0,$0,$0,$0,$0,$0,$5,5,$0.06,$0.06,$20,$0,$0,$456,$5,$83,$0,$11,$99,$555,$447,$50,$3,$53,$500,$0,$2,$-2,$54,$555,$1,$2,$4,$6,$1,$0,$0,$-1,$-0,$7,$-1,$0,$0,$-17,$1,$-17,$-21,$-38,$1,$0,$1,$-0,$-0,$-0,$25,$26,$-6,$0,$-0
20,2013-06-30,6.63,$10.44,0.64,$5.13,1.29,$3.03,2.19,$0.18,36.85,$0.46B,$0.44B,1.05,$0.05B,$0.05B,0.98,$0.03B,$0.02B,75.00%,$0.03B,$0.00B,3.57%,$0.03B,0,0.00%,$0.03B,0,0.00%,$0.03B,$0.00B,3.57%,$0.03B,0,0.00%,$0.00B,$0.05B,0.00%,$0.00B,$0.05B,0.00%,$0.00B,$0.55B,0.00%,$0.00B,$0.11B,0.95%,$7,$1,$5,$0,$5,$6,$0,$0,$0,$0,$0,$0,$0,$0,$0,$6,6,$0.03,$0.03,$30,$0,$0,$463,$5,$72,$0,$11,$88,$552,$442,$53,$3,$56,$498,$0,$2,$-2,$54,$552,$1,$2,$3,$4,$1,$0,$0,$-1,$-0,$5,$-0,$0,$0,$-6,$1,$-6,$-18,$-24,$4,$0,$4,$-0,$-0,$-0,$20,$24,$5,$0,$-0
21,2013-03-31,6.5,$10.68,0.61,$5.41,1.2,$3.65,1.78,$0.22,29.55,$0.45B,$0.44B,1.02,$0.05B,$0.06B,0.87,$0.03B,$0.02B,78.57%,$0.03B,$0.00B,7.14%,$0.03B,0,0.00%,$0.03B,0,0.00%,$0.03B,$0.00B,7.14%,$0.03B,0,0.00%,$0.00B,$0.06B,0.00%,$0.00B,$0.06B,0.00%,$0.00B,$0.54B,0.00%,$0.00B,$0.10B,1.93%,$7,$1,$5,$0,$5,$6,$1,$0,$1,$0,$0,$0,$0,$0,$0,$6,6,$0.06,$0.06,$29,$0,$0,$446,$5,$84,$0,$7,$96,$542,$437,$48,$3,$51,$487,$0,$2,$-1,$55,$542,$1,$1,$2,$3,$-0,$0,$0,$-1,$-1,$2,$-0,$0,$0,$-15,$1,$-14,$2,$-12,$-1,$0,$-1,$0,$0,$0,$14,$13,$3,$0,$0
22,2012-12-31,5.67,$10.74,0.53,$5.30,1.07,$4.02,1.41,$0.17,33.35,$0.44B,$0.43B,1.04,$0.05B,$0.06B,0.9,$0.03B,$0.02B,82.14%,$0.03B,$0.00B,3.57%,$0.03B,0,0.00%,$0.03B,0,0.00%,$0.03B,$0.00B,3.57%,$0.03B,0,0.00%,$0.00B,$0.06B,0.00%,$0.00B,$0.06B,0.00%,$0.00B,$0.54B,0.00%,$0.00B,$0.11B,1.00%,$7,$1,$6,$0,$5,$7,$0,$0,$0,$0,$0,$0,$0,$0,$0,$5,5,$0.05,$0.05,$28,$0,$0,$444,$5,$77,$0,$7,$90,$535,$427,$49,$3,$52,$479,$0,$2,$-0,$55,$535,$0,$1,$1,$2,$-0,$0,$0,$-1,$-1,$0,$-0,$0,$0,$-7,$0,$-7,$3,$-4,$0,$0,$0,$0,$0,$0,$5,$5,$2,$0,$0
23,2012-09-30,5.57,$10.73,0.52,$5.32,1.05,$4.42,1.26,$0.04,139.37,$0.45B,$0.42B,1.06,$0.05B,$0.06B,0.89,$0.03B,$0.02B,78.57%,$0.03B,0,0.00%,$0.03B,0,0.00%,$0.03B,0,0.00%,$0.03B,0,0.00%,$0.03B,0,0.00%,$0.00B,$0.06B,0.00%,$0.00B,$0.06B,0.00%,$0.00B,$0.53B,0.00%,$0.00B,$0.10B,0.00%,$7,$1,$5,$0,$5,$6,$0,$0,$0,$0,$0,$0,$0,$0,$0,$5,5,$0.04,$0.04,$23,$0,$0,$447,$6,$71,$0,$7,$83,$530,$422,$49,$4,$53,$475,$0,$2,$-0,$55,$530,$0,$2,$4,$6,$3,$0,$0,$-0,$3,$9,$-0,$0,$0,$-22,$2,$-20,$10,$-10,$19,$0,$19,$0,$0,$0,$-27,$-8,$-9,$0,$0
24,2012-06-30,5.34,$10.54,0.51,$5.75,0.93,$5.13,1.04,$0.04,133.47,$0.45B,$0.43B,1.05,$0.05B,$0.05B,0.89,$0.03B,$0.02B,79.31%,$0.03B,0,0.00%,$0.03B,0,0.00%,$0.03B,0,0.00%,$0.03B,0,0.00%,$0.03B,0,0.00%,$0.00B,$0.05B,0.00%,$0.00B,$0.05B,0.00%,$0.00B,$0.53B,0.00%,$0.00B,$0.10B,0.00%,$7,$2,$6,$0,$5,$7,$1,$0,$1,$0,$0,$0,$0,$0,$0,$5,5,$0.07,$0.07,$21,$0,$0,$448,$6,$72,$0,$7,$85,$533,$427,$48,$4,$53,$479,$0,$1,$-1,$54,$533,$0,$1,$4,$6,$1,$0,$0,$0,$1,$7,$0,$0,$0,$-22,$1,$-21,$7,$-13,$18,$0,$18,$0,$0,$0,$-22,$-5,$-11,$0,$0
25,2012-03-31,5.73,$10.36,0.55,$5.64,1.02,$4.93,1.16,$-0.03,0.0,$0.44B,$0.44B,1.02,$0.04B,$0.05B,0.66,$0.03B,$0.02B,76.67%,$0.03B,$-0.00B,-3.33%,$0.03B,0,0.00%,$0.03B,0,0.00%,$0.03B,$-0.00B,-3.33%,$0.03B,0,0.00%,$0.00B,$0.05B,0.00%,$0.00B,$0.05B,0.00%,$0.00B,$0.53B,0.00%,$-0.00B,$0.09B,-1.17%,$7,$2,$6,$0,$5,$7,$0,$0,$0,$0,$0,$0,$0,$0,$0,$7,7,$0.01,$0.01,$21,$0,$0,$444,$6,$70,$0,$8,$85,$529,$436,$35,$4,$39,$476,$0,$1,$-2,$53,$529,$-0,$1,$3,$4,$1,$0,$0,$0,$1,$5,$0,$0,$0,$-21,$1,$-20,$10,$-10,$5,$0,$5,$0,$0,$0,$-13,$-8,$-13,$0,$0
26,2011-12-31,4.85,$0.00,0.0,$6.60,0.73,$5.39,0.9,$-0.04,0.0,$0.46B,$0.45B,1.02,$0.03B,$0.05B,0.56,$0.03B,$0.02B,74.19%,$0.03B,$-0.00B,-3.23%,$0.03B,0,0.00%,$0.03B,0,0.00%,$0.03B,$-0.00B,-3.23%,$0.03B,0,0.00%,$0.00B,$0.05B,0.00%,$0.00B,$0.05B,0.00%,$0.00B,$0.53B,0.00%,$-0.00B,$0.08B,-1.15%,$7,$2,$5,$0,$6,$8,$-1,$0,$-1,$-0,$-0,$-0,$-0,$0,$0,$5,5,$-0.08,$-0.08,$29,$0,$0,$455,$0,$60,$0,$9,$69,$531,$448,$30,$0,$30,$478,$0,$1,$0,$53,$531,$-0,$0,$2,$3,$-0,$0,$0,$0,$-0,$2,$0,$0,$0,$-10,$0,$-10,$1,$-9,$-1,$0,$-1,$0,$0,$0,$-5,$-6,$-12,$0,$0
27,2011-09-30,4.72,$10.30,0.46,$5.22,0.91,$4.91,0.96,$0.04,118.11,$0.47B,$0.45B,1.05,$0.03B,$0.05B,0.58,$0.03B,$0.02B,71.88%,$0.03B,0,0.00%,$0.03B,0,0.00%,$0.03B,0,0.00%,$0.03B,0,0.00%,$0.03B,0,0.00%,$0.00B,$0.05B,0.00%,$0.00B,$0.05B,0.00%,$0.00B,$0.54B,0.00%,$0.00B,$0.08B,0.00%,$8,$2,$6,$0,$6,$8,$-0,$0,$0,$0,$0,$0,$0,$0,$0,$4,4,$0.04,$0.04,$41,$0,$0,$470,$7,$50,$0,$10,$67,$537,$449,$30,$4,$35,$484,$0,$1,$-2,$53,$537,$0,$2,$6,$2,$2,$0,$0,$1,$4,$11,$-1,$0,$0,$2,$0,$2,$24,$9,$-34,$0,$-34,$0,$0,$0,$-55,$-61,$-41,$0,$0
28,2011-06-30,5.2,$0.00,0.0,$3.94,1.32,$3.63,1.43,0,0.0,$0.48B,$0.46B,1.04,$0.04B,$0.05B,0.67,$0.03B,$0.02B,62.96%,$0.03B,$-0.01B,-33.33%,$0.03B,0,0.00%,$0.03B,0,0.00%,$0.03B,$-0.01B,-33.33%,$0.03B,$-0.01B,-25.93%,$-0.01B,$0.05B,-13.46%,$-0.01B,$0.05B,-13.73%,$-0.01B,$0.55B,-1.21%,$-0.01B,$0.09B,-7.89%,$8,$2,$6,$0,$6,$8,$0,$0,$0,$0,$0,$0,$0,$0,$0,$6,6,$0.03,$0.03,$47,$0,$0,$476,$0,$59,$1,$9,$68,$552,$459,$35,$4,$40,$499,$0,$1,$0,$53,$552,$0,$1,$5,$6,$1,$0,$0,$0,$2,$8,$-1,$0,$0,$-6,$0,$-6,$10,$4,$-29,$0,$-29,$0,$0,$0,$-17,$-46,$-35,$0,$0
29,2011-03-31,4.72,$0.00,0.0,$4.16,1.13,$2.83,1.67,$0.03,157.17,$0.50B,$0.48B,1.03,$0.04B,$0.05B,0.82,$0.03B,$0.02B,60.71%,$0.03B,$-0.01B,-32.14%,$0.03B,0,0.00%,$0.03B,0,0.00%,$0.03B,$-0.01B,-32.14%,$0.03B,$-0.01B,-25.00%,$-0.01B,$0.05B,-13.27%,$-0.01B,$0.05B,-13.86%,$-0.01B,$0.58B,-1.20%,$-0.01B,$0.10B,-7.21%,$8,$2,$6,$0,$6,$8,$0,$0,$0,$0,$0,$0,$0,$0,$0,$4,4,$0.02,$0.02,$58,$0,$0,$495,$0,$69,$1,$10,$80,$582,$483,$43,$4,$47,$529,$0,$1,$0,$53,$582,$-0,$1,$4,$4,$1,$0,$0,$0,$1,$5,$-1,$0,$0,$-18,$0,$-18,$6,$-12,$-21,$0,$-21,$0,$0,$0,$6,$-15,$-21,$0,$0
30,2010-12-31,3.73,$0.00,0.0,$4.13,0.9,$1.63,2.29,$0.01,0.0,$0.52B,$0.48B,1.07,$0.04B,$0.05B,0.83,$0.03B,$0.02B,57.14%,$0.03B,$-0.01B,-32.14%,$0.03B,0,0.00%,$0.03B,0,0.00%,$0.03B,$-0.01B,-32.14%,$0.03B,$-0.01B,-25.00%,$-0.01B,$0.05B,-13.08%,$-0.01B,$0.05B,-14.07%,$-0.01B,$0.58B,-1.20%,$-0.01B,$0.10B,-6.44%,$8,$3,$5,$0,$6,$8,$-0,$0,$-0,$-0,$-0,$-0,$-0,$0,$0,$0,0,$0.00,$0.00,$67,$0,$0,$515,$0,$47,$1,$10,$58,$580,$482,$43,$3,$46,$529,$0,$1,$0,$52,$580,$-0,$0,$0,$0,$0,$0,$0,$0,$0,$3,$-0,$0,$0,$0,$0,$8,$0,$8,$0,$-21,$0,$0,$0,$0,$6,$-15,$-5,$0,$0
31,2010-09-30,4.19,$9.75,0.43,$4.13,1.01,$1.63,2.57,$0.01,0.0,$0.98B,$0.95B,1.03,$0.13B,$0.05B,2.57,$0.03B,$0.02B,57.14%,$0.03B,$-0.01B,-32.14%,$0.03B,0,0.00%,$0.03B,0,0.00%,$0.03B,$-0.01B,-32.14%,$0.03B,$-0.01B,-25.00%,$-0.01B,$0.05B,-12.90%,$-0.01B,$0.05B,-14.21%,$-0.01B,$0.59B,-1.21%,$-0.01B,$0.18B,-5.80%,$3,$3,$-0,$0,$8,$11,$-9,$0,$-9,$-1,$-7,$-7,$-7,$0,$0,$5,5,$-1.40,$-1.40,$72,$0,$0,$979,$13,$53,$1,$13,$80,$594,$953,$128,$4,$132,$544,$0,$1,$-5,$50,$594,$-7,$1,$8,$1,$-2,$0,$0,$1,$-1,$6,$-0,$0,$0,$14,$0,$-4,$-16,$-2,$-43,$0,$-43,$0,$0,$0,$134,$24,$29,$0,$0
32,2010-06-30,3.59,$0.00,0.0,$3.64,0.99,$0.43,8.32,$0.01,0.0,$0.50B,$0.44B,1.13,$0.08B,$0.06B,1.33,$0.03B,$0.02B,64.00%,$0.03B,0,0.00%,$0.03B,0,0.00%,$0.03B,0,0.00%,$0.03B,0,0.00%,$0.03B,0,0.00%,$0.00B,$0.06B,0.00%,$0.00B,$0.05B,0.00%,$0.00B,$0.58B,0.00%,$0.00B,$0.13B,0.00%,$9,$3,$6,$0,$6,$8,$0,$0,$0,$0,$0,$0,$0,$0,$0,$5,5,$0.03,$0.03,$40,$0,$0,$497,$0,$51,$6,$14,$72,$576,$441,$75,$4,$79,$520,$0,$8,$0,$56,$576,$0,$1,$0,$1,$0,$0,$0,$0,$-4,$3,$-0,$0,$0,$0,$0,$-8,$2,$-5,$0,$0,$-32,$0,$0,$0,$32,$0,$-3,$0,$0
