,Date,Stock Price,Book Value per Share,Price to Book Ratio,TTM Sales per Share,Price to Sales Ratio,TTM FCF per Share,Price to FCF Ratio,TTM Net EPS,PE Ratio,Current Assets,Current Liabilities,Current Ratio,Long Term Debt,Shareholder's Equity_x,Debt to Equity Ratio,TTM Revenue_x,TTM Gross Profit,Gross Margin,TTM Revenue_y,TTM Operating Income,Operating Margin,TTM Revenue_x,TTM EBIT,EBIT Margin,TTM Revenue_y,TTM EBITDA,EBITDA Margin,TTM Revenue_x,TTM Pre-Tax Income,Pre-Tax Margin,TTM Revenue_y,TTM Net Income_x,Net Margin,TTM Net Income_y,Shareholder's Equity_y,Return on Equity,TTM Net Income_x,Tangible Equity,Return on Tangible Equity,TTM Net Income_y,Total Assets,Return on Assets,TTM Net Income,LT Investments & Debt,Return on Investment,revenue,cost-goods-sold,gross-profit,research-development-expenses,selling-general-administrative-expenses,operating-expenses,operating-income,total-non-operating-income-expense,pre-tax-income,total-provision-income-taxes,income-after-taxes,income-from-continuous-operations,net-income,ebitda,ebit,basic-shares-outstanding,shares-outstanding,eps-basic-net-earnings-per-share,eps-earnings-per-share-diluted,cash-on-hand,inventory,other-current-assets,total-current-assets,net-property-plant-equipment,long-term-investments,goodwill-intangible-assets-total,other-long-term-assets,total-long-term-assets,total-assets,total-current-liabilities,long-term-debt,other-non-current-liabilities,total-long-term-liabilities,total-liabilities,common-stock-net,retained-earnings-accumulated-deficit,comprehensive-income,total-share-holder-equity,total-liabilities-share-holders-equity,net-income-loss,total-depreciation-amortization-cash-flow,other-non-cash-items,total-non-cash-items,change-in-accounts-receivable,change-in-inventories,change-in-accounts-payable,change-in-assets-liabilities,total-change-in-assets-liabilities,cash-flow-from-operating-activities,net-change-in-property-plant-equipment,net-change-in-intangible-assets,net-acquisitions-divestitures,net-change-in-short-term-investments,net-change-in-long-term-investments,net-change-in-investments-total,investing-activities-other,cash-flow-from-investing-activities,net-long-term-debt,net-current-debt,debt-issuance-retirement-net-total,net-common-equity-issued-repurchased,net-total-equity-issued-repurchased,total-common-preferred-stock-dividends-paid,financial-activities-other,cash-flow-from-financial-activities,net-cash-flow,stock-based-compensation,common-stock-dividends-paid
0,2018-09-30,6.73,$17.13,0.39,$17.76,0.38,$7.56,0.89,$0.56,12.02,$2.87B,$1.79B,1.6,$6.02B,$4.19B,1.44,$4.58B,$1.31B,28.64%,$4.58B,$1.01B,22.05%,$4.58B,$1.01B,22.05%,$4.58B,$1.62B,35.41%,$4.58B,$0.44B,9.69%,$4.58B,$0.16B,3.40%,$0.16B,$4.19B,3.22%,$0.16B,$-0.10B,-424.49%,$0.16B,$13.95B,0.98%,$1.01B,$10.21B,9.04%,$1214,$865,$349,$0,$126,$1003,$211,$-111,$99,$26,$73,$73,$16,$323,$211,$245,254,$0.07,$0.06,$1981,$195,$89,$2865,$3130,$2606,$4292,$363,$11089,$13954,$1788,$6016,$1507,$7976,$9764,$1,$838,$-182,$4190,$13954,$177,$416,$427,$843,$-71,$-20,$59,$187,$104,$1124,$-506,$0,$-21,$88,$0,$88,$299,$-140,$-793,$-25,$-818,$-53,$-53,$1,$-334,$-1204,$-135,$10,$1
1,2018-06-30,7.63,$18.51,0.41,$17.20,0.44,$6.81,1.12,$0.84,9.08,$3.20B,$2.03B,1.58,$6.48B,$4.53B,1.43,$4.54B,$1.38B,30.30%,$4.54B,$1.05B,23.20%,$4.54B,$1.05B,23.20%,$4.54B,$1.72B,37.74%,$4.54B,$0.57B,12.43%,$4.54B,$0.22B,4.80%,$0.22B,$4.53B,4.29%,$0.22B,$-0.18B,-330.30%,$0.22B,$15.22B,1.31%,$1.05B,$11.01B,9.07%,$1134,$811,$323,$0,$135,$951,$183,$-188,$-5,$-0,$-5,$-5,$6,$324,$183,$244,253,$0.03,$0.03,$2236,$212,$98,$3203,$3363,$2770,$4711,$408,$12018,$15221,$2027,$6483,$597,$8666,$10693,$1,$901,$-180,$4528,$15221,$85,$303,$685,$988,$-57,$-18,$6,$-150,$-268,$805,$-365,$0,$-22,$36,$0,$36,$221,$-130,$551,$0,$551,$-164,$-164,$-161,$-1114,$-888,$-134,$7,$-161
2,2018-03-31,10.3,$36.29,0.28,$16.68,0.62,$6.00,1.72,$0.74,13.92,$3.99B,$2.21B,1.81,$6.13B,$5.33B,1.15,$4.46B,$1.42B,31.79%,$4.46B,$1.07B,23.97%,$4.46B,$1.07B,23.97%,$4.46B,$1.74B,39.01%,$4.46B,$0.57B,12.69%,$4.46B,$0.20B,4.44%,$0.20B,$5.33B,3.83%,$0.20B,$0.11B,-166.74%,$0.20B,$17.12B,1.17%,$1.07B,$11.46B,9.12%,$1092,$775,$318,$0,$141,$923,$169,$-70,$100,$26,$74,$74,$33,$331,$169,$243,258,$0.14,$0.13,$3018,$199,$111,$3986,$3657,$2944,$5219,$459,$13129,$17115,$2208,$6134,$1598,$9577,$11785,$2,$1013,$-126,$5330,$17115,$100,$161,$518,$679,$-10,$7,$-36,$-146,$-215,$564,$-182,$0,$-11,$103,$0,$103,$135,$45,$671,$-145,$526,$2,$2,$-12,$-660,$-144,$477,$4,$-12
3,2017-12-31,9.62,$21.97,0.44,$15.79,0.61,$5.04,1.91,$0.62,15.51,$4.08B,$2.83B,1.45,$6.69B,$5.34B,1.25,$4.26B,$1.36B,32.03%,$4.26B,$1.01B,23.74%,$4.26B,$1.01B,23.74%,$4.26B,$1.68B,39.41%,$4.26B,$0.46B,10.83%,$4.26B,$0.17B,4.04%,$0.17B,$5.34B,3.38%,$0.17B,$0.03B,-70.06%,$0.17B,$17.42B,1.03%,$1.01B,$12.04B,8.58%,$1144,$821,$323,$0,$180,$696,$448,$-198,$250,$62,$188,$188,$101,$645,$448,$263,269,$0.39,$0.45,$3153,$208,$108,$4082,$3659,$3005,$5316,$459,$13339,$17422,$2826,$6694,$715,$9253,$12079,$2,$997,$-123,$5343,$17422,$462,$668,$391,$1059,$-79,$-13,$55,$-168,$-240,$1280,$-767,$0,$-42,$-730,$0,$-730,$418,$-1120,$1455,$-89,$1367,$403,$403,$-341,$-1605,$-177,$17,$16,$-341
4,2017-09-30,8.06,$19.31,0.42,$14.60,0.55,$4.69,1.72,$0.22,36.64,$3.39B,$2.36B,1.44,$6.86B,$5.11B,1.34,$3.92B,$1.20B,30.47%,$3.92B,$0.55B,13.97%,$3.92B,$0.55B,13.97%,$3.92B,$1.16B,29.63%,$3.92B,$0.12B,2.96%,$3.92B,$0.06B,1.56%,$0.06B,$5.11B,1.25%,$0.06B,$-0.22B,-18.43%,$0.06B,$16.89B,0.38%,$0.55B,$11.97B,4.85%,$1174,$761,$413,$0,$149,$920,$254,$-34,$220,$47,$173,$173,$78,$415,$254,$265,278,$0.30,$0.26,$2569,$194,$77,$3392,$3584,$3084,$5329,$599,$13494,$16886,$2362,$6863,$732,$9414,$11775,$2,$903,$-94,$5111,$16886,$212,$470,$455,$925,$-45,$4,$22,$-87,$-136,$1001,$-535,$0,$-1,$-188,$0,$-188,$280,$-444,$448,$-165,$283,$-14,$-14,$-218,$-207,$-156,$412,$3,$-218
5,2017-06-30,6.36,$18.03,0.35,$14.19,0.45,$4.66,1.36,$0.11,57.78,$2.93B,$2.23B,1.32,$6.51B,$4.88B,1.33,$3.76B,$1.16B,30.97%,$3.76B,$0.52B,13.76%,$3.76B,$0.52B,13.76%,$3.76B,$1.15B,30.49%,$3.76B,$0.01B,0.24%,$3.76B,$0.03B,0.85%,$0.03B,$4.88B,0.64%,$0.03B,$-0.39B,-15.11%,$0.03B,$16.13B,0.20%,$0.52B,$11.40B,4.64%,$1050,$686,$364,$0,$151,$852,$198,$-201,$-4,$11,$-15,$-15,$-14,$349,$198,$265,265,$-0.05,$-0.07,$2134,$181,$71,$2928,$3468,$3002,$5275,$564,$13202,$16129,$2226,$6514,$718,$9022,$11248,$2,$813,$-89,$4881,$16129,$-8,$309,$379,$688,$-2,$16,$-28,$-65,$-84,$596,$-350,$0,$-1,$-400,$0,$-400,$90,$-662,$272,$-115,$157,$-3,$-3,$-214,$-62,$-122,$-175,$2,$-214
6,2017-03-31,8.39,$18.94,0.44,$13.86,0.61,$4.35,1.93,$0.19,44.17,$3.21B,$2.19B,1.47,$6.65B,$5.01B,1.33,$3.67B,$1.19B,32.46%,$3.67B,$0.55B,15.02%,$3.67B,$0.55B,15.02%,$3.67B,$1.17B,31.78%,$3.67B,$0.10B,2.81%,$3.67B,$0.05B,1.47%,$0.05B,$5.01B,1.07%,$0.05B,$-0.40B,-69.90%,$0.05B,$16.58B,0.35%,$0.55B,$11.67B,5.07%,$887,$624,$263,$0,$148,$777,$110,$-115,$-5,$14,$-19,$-19,$7,$268,$110,$265,265,$0.03,$0.01,$2441,$191,$71,$3206,$3478,$3073,$5410,$569,$13377,$16583,$2189,$6654,$829,$9380,$11569,$2,$865,$-113,$5014,$16583,$-5,$158,$148,$305,$53,$10,$-43,$-5,$8,$309,$-170,$0,$0,$127,$0,$127,$-6,$-49,$552,$-61,$491,$5,$5,$-51,$-63,$381,$651,$1,$-51
7,2016-12-31,7.38,$17.34,0.43,$13.56,0.54,$4.10,1.8,$0.31,23.81,$2.51B,$1.90B,1.32,$5.57B,$4.59B,1.21,$3.59B,$1.21B,33.57%,$3.59B,$0.59B,16.33%,$3.59B,$0.59B,16.33%,$3.59B,$1.14B,31.76%,$3.59B,$0.16B,4.46%,$3.59B,$0.08B,2.26%,$0.08B,$4.59B,1.68%,$0.08B,$-0.32B,-118.25%,$0.08B,$14.47B,0.55%,$0.59B,$10.16B,5.77%,$811,$656,$155,$0,$157,$825,$-14,$-81,$-95,$-29,$-66,$-66,$-10,$130,$-14,$265,265,$-0.05,$-0.01,$1666,$181,$129,$2514,$3075,$2730,$4905,$502,$11956,$14470,$1901,$5573,$736,$7979,$9880,$2,$773,$-138,$4590,$14470,$159,$553,$466,$1019,$12,$2,$-38,$-90,$-156,$1042,$-628,$0,$292,$-180,$0,$-180,$308,$-208,$-322,$-213,$-536,$11,$11,$-413,$416,$-522,$285,$3,$-413
8,2016-09-30,7.03,$20.95,0.34,$14.39,0.49,$4.09,1.72,$0.77,9.13,$3.13B,$2.08B,1.5,$5.81B,$5.55B,1.05,$3.81B,$1.42B,37.33%,$3.81B,$0.95B,24.94%,$3.81B,$0.95B,24.94%,$3.81B,$1.52B,40.01%,$3.81B,$0.44B,11.47%,$3.81B,$0.21B,5.57%,$0.21B,$5.55B,4.31%,$0.21B,$0.26B,-337.85%,$0.21B,$16.17B,1.41%,$0.95B,$11.35B,9.17%,$1010,$628,$382,$0,$153,$787,$223,$-110,$113,$22,$92,$92,$49,$399,$223,$265,265,$0.19,$0.17,$1406,$213,$1007,$3128,$3299,$3056,$5288,$635,$13045,$16174,$2081,$5807,$855,$8547,$10628,$2,$819,$-145,$5546,$16174,$257,$409,$416,$825,$-36,$-14,$-23,$-51,$-154,$928,$-493,$0,$-7,$-270,$0,$-270,$156,$-613,$-429,$-182,$-610,$5,$5,$-299,$513,$-390,$-107,$3,$-299
9,2016-06-30,6.4,$19.15,0.33,$14.46,0.44,$3.73,1.71,$0.63,10.15,$2.02B,$1.84B,1.1,$5.25B,$5.07B,1.04,$3.83B,$1.35B,35.19%,$3.83B,$0.90B,23.42%,$3.83B,$0.90B,23.42%,$3.83B,$1.37B,35.84%,$3.83B,$0.35B,9.20%,$3.83B,$0.18B,4.63%,$0.18B,$5.07B,3.78%,$0.18B,$0.14B,-84.39%,$0.18B,$14.78B,1.21%,$0.90B,$10.31B,8.99%,$961,$570,$391,$0,$153,$729,$232,$-143,$90,$20,$70,$70,$8,$369,$232,$265,265,$0.03,$0.01,$1296,$184,$89,$2016,$2983,$3462,$4925,$584,$12766,$14782,$1838,$5246,$800,$7876,$9714,$2,$713,$-126,$5068,$14782,$147,$233,$282,$516,$-20,$1,$-27,$-119,$-198,$464,$-300,$0,$-1,$-344,$0,$-344,$99,$-545,$-323,$-116,$-439,$0,$0,$-276,$549,$-167,$-275,$2,$-276
10,2016-03-31,4.76,$15.41,0.31,$12.52,0.38,$4.06,1.17,$0.66,7.21,$1.62B,$1.95B,0.83,$4.75B,$4.08B,1.16,$3.56B,$0.94B,26.47%,$3.56B,$0.52B,14.49%,$3.56B,$0.52B,14.49%,$3.56B,$0.95B,26.75%,$3.56B,$0.34B,9.48%,$3.56B,$0.19B,5.20%,$0.19B,$4.08B,3.91%,$0.19B,$-0.36B,-56.92%,$0.19B,$13.24B,1.24%,$0.52B,$8.83B,5.22%,$807,$531,$277,$0,$121,$662,$145,$-94,$52,$5,$46,$46,$34,$242,$145,$265,265,$0.13,$0.11,$980,$168,$90,$1617,$2579,$3316,$4440,$532,$11622,$13240,$1952,$4748,$761,$7209,$9161,$1,$657,$-122,$4079,$13240,$52,$96,$117,$213,$1,$-2,$-7,$-66,$-94,$171,$-100,$0,$-1,$55,$0,$55,$85,$39,$-59,$-52,$-111,$0,$0,$-150,$-10,$-271,$-76,$1,$-150
11,2015-12-31,3.57,$0.00,0.0,$12.14,0.29,$3.95,0.9,$0.52,6.86,$2.09B,$2.11B,0.99,$5.94B,$4.99B,1.19,$3.45B,$0.81B,23.40%,$3.45B,$0.34B,9.82%,$3.45B,$0.34B,9.82%,$3.45B,$0.74B,21.31%,$3.45B,$0.27B,7.70%,$3.45B,$0.15B,4.46%,$0.15B,$4.99B,3.15%,$0.15B,$-0.29B,387.42%,$0.15B,$15.97B,1.07%,$0.34B,$10.93B,3.54%,$1031,$659,$372,$0,$22,$681,$350,$-75,$182,$47,$135,$121,$121,$514,$350,$265,265,$0.46,$0.46,$1359,$201,$88,$2087,$3242,$4091,$5285,$994,$14131,$15970,$2113,$5941,$993,$8863,$10976,$2,$758,$0,$4993,$15970,$267,$398,$0,$398,$0,$0,$0,$0,$-91,$1023,$-612,$0,$11,$0,$0,$64,$231,$-306,$0,$-139,$32,$0,$-4,$-200,$146,$-166,$567,$0,$0
12,2015-09-30,2.79,$0.00,0.0,$10.91,0.26,$2.49,1.12,$0.09,31.05,$1.90B,$1.98B,0.96,$5.21B,$4.57B,1.14,$3.13B,$0.48B,15.28%,$3.13B,$-0.13B,-4.09%,$3.13B,$-0.13B,-4.09%,$3.13B,$0.17B,5.50%,$3.13B,$0.12B,3.68%,$3.13B,$0.04B,1.34%,$0.04B,$4.57B,0.83%,$0.04B,$-0.33B,9.23%,$0.04B,$14.52B,0.31%,$-0.13B,$9.78B,-1.41%,$1026,$721,$306,$0,$137,$858,$169,$-142,$28,$5,$24,$14,$14,$246,$169,$265,265,$0.05,$0.03,$1085,$166,$185,$1903,$0,$3711,$4902,$821,$9912,$14524,$1975,$5206,$1544,$7977,$9952,$2,$595,$0,$4571,$14524,$79,$234,$0,$234,$0,$0,$0,$0,$-15,$722,$-381,$0,$-17,$0,$0,$-46,$124,$-320,$0,$0,$609,$0,$-3,$-117,$-771,$-282,$136,$0,$0
13,2015-06-30,5.96,$0.00,0.0,$10.59,0.56,$1.49,4.0,$0.07,85.1,$1.84B,$1.96B,0.94,$4.61B,$5.28B,0.87,$3.05B,$0.38B,12.38%,$3.05B,$-0.26B,-8.60%,$3.05B,$-0.26B,-8.60%,$3.05B,$0.04B,1.15%,$3.05B,$0.13B,4.17%,$3.05B,$0.04B,1.18%,$0.04B,$5.28B,0.66%,$0.04B,$-0.32B,3.95%,$0.04B,$16.11B,0.27%,$-0.26B,$9.89B,-2.94%,$691,$705,$-14,$0,$135,$840,$-149,$-168,$75,$-27,$102,$16,$16,$-51,$-149,$406,407,$0.04,$0.04,$1109,$143,$81,$1843,$0,$3686,$5595,$1478,$11280,$16110,$1957,$4614,$4226,$8875,$10831,$2,$663,$0,$5279,$16110,$58,$157,$0,$157,$0,$0,$0,$0,$0,$456,$-68,$0,$0,$0,$0,$0,$0,$-68,$0,$0,$0,$0,$-4,$-116,$16,$-104,$287,$0,$0
14,2015-03-31,6.01,$0.00,0.0,$12.71,0.47,$0.62,9.73,$0.06,100.22,$1.43B,$1.11B,1.29,$3.02B,$4.71B,0.64,$3.34B,$0.68B,20.47%,$3.34B,$0.00B,0.06%,$3.34B,$0.00B,0.06%,$3.34B,$0.28B,8.44%,$3.34B,$0.13B,3.77%,$3.34B,$0.04B,1.11%,$0.04B,$4.71B,0.66%,$0.04B,$1.10B,2.70%,$0.04B,$11.02B,0.30%,$0.00B,$7.73B,0.02%,$705,$560,$144,$0,$176,$736,$-31,$-37,$-19,$-28,$9,$3,$3,$27,$-31,$265,265,$0.01,$-0.01,$873,$114,$59,$1428,$0,$3976,$3615,$1380,$9061,$11021,$1106,$3015,$1590,$5202,$6308,$2,$749,$0,$4713,$11021,$-19,$58,$0,$58,$0,$0,$0,$0,$0,$106,$-64,$0,$0,$0,$0,$0,$25,$-39,$0,$0,$-245,$0,$0,$-26,$370,$99,$167,$0,$0
15,2014-12-31,7.36,$0.00,0.0,$13.74,0.54,$0.54,13.53,$0.26,28.32,$1.52B,$1.27B,1.2,$3.18B,$5.76B,0.55,$3.61B,$0.87B,24.11%,$3.61B,$0.20B,5.54%,$3.61B,$0.20B,5.54%,$3.61B,$0.49B,13.57%,$3.61B,$0.29B,8.11%,$3.61B,$0.10B,2.71%,$0.10B,$5.76B,1.66%,$0.10B,$1.37B,6.71%,$0.10B,$12.69B,0.77%,$0.20B,$8.95B,2.21%,$706,$664,$42,$0,$160,$824,$-117,$-50,$31,$8,$22,$9,$9,$-50,$-117,$265,265,$0.03,$0.03,$782,$151,$115,$1523,$0,$5144,$4395,$922,$10552,$12689,$1269,$3182,$1731,$5656,$6925,$2,$905,$0,$5764,$12689,$293,$290,$0,$290,$0,$0,$0,$0,$0,$477,$-454,$0,$-20,$0,$0,$301,$31,$-142,$0,$0,$-1552,$0,$19,$-269,$1530,$-272,$60,$0,$0
16,2014-09-30,10.08,$0.00,0.0,$40.13,0.25,$0.46,22.03,$0.23,43.81,$1.69B,$1.07B,1.58,$3.02B,$6.02B,0.5,$10.60B,$8.53B,80.41%,$10.60B,$8.01B,75.58%,$10.60B,$13.99B,131.95%,$10.60B,$8.24B,77.69%,$10.60B,$14.13B,133.22%,$10.60B,$0.29B,2.69%,$0.29B,$6.02B,4.81%,$0.29B,$1.50B,19.31%,$0.29B,$12.95B,2.25%,$8.01B,$9.04B,87.37%,$943,$737,$205,$0,$170,$908,$35,$-96,$40,$-7,$47,$8,$8,$109,$35,$265,265,$0.03,$0.01,$687,$145,$405,$1688,$0,$5069,$4520,$952,$10661,$12950,$1070,$3017,$2127,$5860,$6930,$2,$992,$0,$6020,$12950,$267,$223,$0,$223,$0,$0,$0,$0,$-203,$411,$-333,$0,$0,$0,$0,$0,$132,$-202,$0,$0,$-1002,$0,$880,$-134,$-32,$-288,$-79,$0,$0
17,2014-06-30,12.7,$0.00,0.0,$40.60,0.31,$0.42,30.16,$0.42,30.23,$1.63B,$0.97B,1.69,$2.99B,$6.08B,0.49,$10.73B,$8.64B,80.52%,$10.73B,$8.13B,75.80%,$10.73B,$14.11B,131.52%,$10.73B,$8.34B,77.75%,$10.73B,$14.27B,133.06%,$10.73B,$0.33B,3.08%,$0.33B,$6.08B,5.64%,$0.33B,$1.52B,22.96%,$0.33B,$12.92B,2.64%,$8.13B,$9.07B,88.80%,$987,$694,$293,$0,$177,$872,$115,$-63,$74,$-8,$82,$17,$17,$196,$115,$258,258,$0.07,$0.03,$694,$136,$407,$1633,$0,$5096,$4561,$929,$10698,$12924,$968,$2990,$2132,$5874,$6842,$2,$999,$0,$6083,$12924,$231,$149,$0,$149,$0,$0,$0,$0,$-171,$227,$-206,$0,$-6,$0,$0,$89,$0,$-122,$0,$0,$-945,$0,$2,$-122,$882,$-183,$-76,$0,$0
18,2014-03-31,10.54,$0.00,0.0,$40.77,0.26,$0.56,18.82,$0.16,65.87,$1.53B,$1.01B,1.52,$3.44B,$5.73B,0.6,$10.82B,$8.65B,79.93%,$10.82B,$8.15B,75.36%,$10.82B,$14.13B,130.60%,$10.82B,$7.58B,70.01%,$10.82B,$14.17B,130.93%,$10.82B,$0.25B,2.32%,$0.25B,$5.73B,4.25%,$0.25B,$1.45B,17.27%,$0.25B,$12.09B,1.98%,$8.15B,$9.17B,87.15%,$976,$645,$331,$0,$164,$809,$167,$42,$148,$25,$123,$64,$64,$235,$167,$265,265,$0.24,$0.19,$690,$114,$340,$1533,$0,$4792,$4276,$842,$10005,$12088,$1007,$3439,$1186,$5353,$6360,$2,$966,$0,$5728,$12088,$148,$68,$0,$68,$0,$0,$0,$0,$104,$104,$-81,$0,$0,$0,$0,$0,$81,$-1,$0,$0,$-96,$0,$2,$0,$-13,$-107,$-2,$0,$0
19,2013-12-31,12.68,$0.00,0.0,$53.09,0.24,$2.31,5.5,$0.03,422.82,$1.57B,$1.17B,1.35,$3.54B,$5.87B,0.6,$14.09B,$8.82B,62.59%,$14.09B,$8.11B,57.57%,$14.09B,$14.09B,100.01%,$14.09B,$8.23B,58.44%,$14.09B,$14.09B,100.01%,$14.09B,$0.20B,1.43%,$0.20B,$5.87B,3.29%,$0.20B,$1.43B,18.25%,$0.20B,$12.61B,1.46%,$8.11B,$9.41B,81.70%,$7697,$0,$7697,$0,$0,$0,$7697,$0,$13863,$0,$13964,$156,$196,$7697,$13674,$265,265,$0.76,$0.68,$704,$137,$274,$1570,$0,$5022,$4440,$913,$10477,$12608,$1168,$3543,$1280,$5571,$6739,$2,$942,$0,$5869,$12608,$0,$0,$0,$0,$0,$0,$0,$0,$0,$0,$0,$0,$0,$0,$0,$0,$0,$0,$0,$0,$0,$0,$0,$0,$0,$0,$0,$0,$0
20,2013-09-30,14.21,$0.00,0.0,$39.66,0.36,$3.57,3.98,$0.39,36.44,$1.46B,$1.30B,1.12,$3.26B,$5.72B,0.57,$10.62B,$1.78B,16.77%,$10.62B,$0.76B,7.13%,$10.62B,$0.76B,7.13%,$10.62B,$1.10B,10.32%,$10.62B,$0.51B,4.84%,$10.62B,$0.10B,0.98%,$0.10B,$5.72B,1.66%,$0.10B,$1.35B,15.60%,$0.10B,$12.31B,0.70%,$0.76B,$8.97B,7.27%,$1066,$750,$316,$0,$165,$915,$151,$36,$187,$52,$135,$53,$53,$212,$151,$265,265,$0.20,$0.20,$581,$128,$285,$1456,$0,$4854,$4369,$987,$10305,$12309,$1299,$3256,$1230,$5295,$6594,$2,$889,$0,$5715,$12309,$159,$123,$0,$123,$0,$0,$0,$0,$-102,$332,$-264,$0,$-28,$0,$0,$0,$55,$-238,$0,$-119,$0,$0,$-26,$-124,$35,$-234,$-145,$0,$0
21,2013-06-30,14.61,$0.00,0.0,$44.09,0.33,$3.02,4.83,$0.51,28.64,$1.78B,$1.60B,1.11,$3.55B,$6.33B,0.56,$13.03B,$1.85B,14.17%,$13.03B,$0.77B,5.94%,$13.03B,$0.77B,5.94%,$13.03B,$1.23B,9.47%,$13.03B,$0.52B,4.00%,$13.03B,$0.18B,1.40%,$0.18B,$6.33B,2.94%,$0.18B,$1.59B,16.95%,$0.18B,$13.68B,1.23%,$0.77B,$9.87B,7.66%,$1081,$777,$304,$0,$165,$942,$139,$-170,$-31,$38,$-69,$-62,$-62,$-569,$139,$265,271,$-0.26,$-0.23,$832,$133,$289,$1779,$0,$5402,$4739,$1074,$11314,$13679,$1597,$3548,$1324,$5757,$7354,$3,$1014,$0,$6325,$13679,$-31,$62,$0,$62,$0,$0,$0,$0,$-63,$173,$-113,$0,$-29,$0,$0,$0,$0,$-142,$0,$0,$-57,$0,$-10,$0,$12,$-54,$-24,$0,$0
22,2013-03-31,17.63,$0.00,0.0,$51.63,0.34,$2.61,6.74,$0.69,25.55,$3.27B,$2.32B,1.41,$4.82B,$6.63B,0.73,$15.09B,$1.79B,11.84%,$15.09B,$0.72B,4.77%,$15.09B,$0.72B,4.77%,$15.09B,$1.34B,8.91%,$15.09B,$0.48B,3.17%,$15.09B,$0.23B,1.54%,$0.23B,$6.63B,3.97%,$0.23B,$0.07B,18.46%,$0.23B,$16.85B,1.61%,$0.72B,$11.45B,7.63%,$4241,$3742,$499,$0,$377,$4119,$122,$-78,$67,$11,$56,$15,$15,$891,$122,$265,265,$0.06,$0.06,$1429,$455,$439,$3267,$0,$1686,$6561,$1433,$9874,$16847,$2321,$4818,$1689,$7899,$10219,$3,$1104,$0,$6628,$16847,$479,$770,$0,$770,$0,$0,$0,$0,$-377,$1168,$-683,$0,$98,$0,$0,$0,$-1810,$-2395,$0,$0,$3424,$0,$0,$-189,$-1592,$1643,$418,$0,$0
23,2012-12-31,15.65,$0.00,0.0,$35.62,0.44,$0.78,19.99,$0.63,24.84,$3.44B,$2.19B,1.57,$4.88B,$6.46B,0.76,$14.14B,$1.65B,11.67%,$14.14B,$0.65B,4.62%,$14.14B,$0.65B,4.62%,$14.14B,$1.19B,8.39%,$14.14B,$0.40B,2.84%,$14.14B,$0.81B,5.75%,$0.81B,$6.46B,14.54%,$0.81B,$-0.33B,42.49%,$0.81B,$16.97B,6.03%,$0.65B,$11.33B,7.54%,$4233,$3571,$662,$0,$317,$3888,$345,$94,$291,$82,$209,$98,$98,$562,$345,$271,271,$0.36,$0.36,$1178,$830,$528,$3440,$0,$1270,$6789,$1854,$10111,$16965,$2192,$4877,$1729,$8317,$10509,$3,$1034,$0,$6456,$16965,$412,$532,$0,$532,$0,$0,$0,$0,$-502,$538,$-196,$0,$55,$0,$0,$93,$-1801,$-1849,$0,$0,$1604,$0,$0,$-277,$314,$1641,$329,$0,$0
24,2012-09-30,14.34,$0.00,0.0,$32.99,0.43,$-1.06,0.0,$0.39,36.76,$2.92B,$1.61B,1.82,$2.28B,$5.50B,0.41,$13.43B,$1.35B,10.02%,$13.43B,$0.44B,3.29%,$13.43B,$0.44B,3.29%,$13.43B,$0.86B,6.40%,$13.43B,$0.21B,1.53%,$13.43B,$0.75B,5.56%,$0.75B,$5.50B,14.15%,$0.75B,$3.00B,28.13%,$0.75B,$12.14B,6.00%,$0.44B,$7.78B,5.69%,$3475,$3093,$382,$0,$213,$3307,$168,$26,$194,$45,$149,$129,$132,$350,$168,$404,411,$0.33,$0.32,$1019,$730,$628,$2920,$0,$1232,$2502,$1334,$5281,$12141,$1606,$2277,$1696,$5035,$6640,$3,$953,$0,$5501,$12141,$123,$315,$0,$315,$0,$0,$0,$0,$-207,$271,$-392,$0,$-63,$0,$0,$74,$0,$-381,$0,$0,$61,$0,$286,$-116,$0,$231,$121,$0,$0
25,2012-06-30,10.99,$0.00,0.0,$24.53,0.45,$-0.76,0.0,$0.07,157.0,$2.73B,$1.52B,1.8,$2.40B,$4.79B,0.5,$14.15B,$1.43B,10.13%,$14.15B,$0.46B,3.28%,$14.15B,$0.46B,3.28%,$14.15B,$0.95B,6.71%,$14.15B,$-0.05B,-0.37%,$14.15B,$0.67B,4.71%,$0.67B,$4.79B,12.51%,$0.67B,$2.29B,25.31%,$0.67B,$11.66B,5.15%,$0.46B,$7.19B,5.85%,$3139,$2896,$243,$0,$158,$3054,$85,$-159,$-74,$-67,$-7,$-12,$-13,$-459,$85,$272,272,$-0.05,$-0.05,$800,$458,$984,$2734,$0,$314,$2500,$1909,$4994,$11663,$1519,$2400,$1771,$5349,$6868,$3,$980,$0,$4794,$11663,$-13,$133,$0,$133,$0,$0,$0,$0,$-186,$18,$-69,$0,$-15,$0,$0,$-144,$-50,$-278,$0,$0,$139,$0,$0,$0,$0,$139,$-116,$0,$0
26,2012-03-31,12.86,$0.00,0.0,$25.02,0.51,$-1.33,0.0,$2.40,5.36,$2.82B,$1.23B,2.29,$2.76B,$5.61B,0.49,$14.27B,$1.56B,10.93%,$14.27B,$0.50B,3.53%,$14.27B,$0.50B,3.53%,$14.27B,$1.26B,8.85%,$14.27B,$1.96B,13.71%,$14.27B,$1.30B,9.09%,$1.30B,$5.61B,23.15%,$1.30B,$2.69B,44.94%,$1.30B,$13.13B,9.60%,$0.50B,$8.37B,6.14%,$3296,$2933,$363,$0,$307,$3240,$56,$-65,$-9,$-30,$21,$596,$596,$733,$56,$0,0,$0.00,$0.00,$1035,$443,$766,$2815,$0,$248,$2920,$2163,$5653,$13126,$1228,$2759,$2078,$6283,$7512,$3,$1147,$0,$5614,$13126,$1298,$677,$0,$677,$0,$0,$0,$0,$24,$1156,$-830,$0,$-102,$0,$0,$-25,$-357,$-1315,$0,$0,$271,$0,$-29,$-198,$332,$377,$226,$0,$0
27,2011-12-31,9.49,$0.00,0.0,$25.02,0.38,$-1.33,0.0,$2.40,3.95,$2.80B,$1.37B,2.05,$2.56B,$5.18B,0.49,$13.75B,$1.95B,14.16%,$13.75B,$0.93B,6.79%,$13.75B,$0.93B,6.79%,$13.75B,$1.45B,10.53%,$13.75B,$2.45B,17.78%,$13.75B,$1.08B,7.87%,$1.08B,$5.18B,20.55%,$1.08B,$2.62B,39.88%,$1.08B,$12.79B,8.31%,$0.93B,$7.74B,11.56%,$3518,$3162,$357,$0,$224,$3385,$133,$-39,$94,$36,$58,$31,$31,$235,$133,$271,271,$0.12,$0.12,$798,$755,$673,$2796,$0,$206,$2561,$1812,$5197,$12789,$1365,$2559,$1943,$6240,$7605,$3,$1017,$0,$5184,$12789,$601,$515,$0,$515,$0,$0,$0,$0,$-580,$433,$-590,$0,$0,$0,$0,$-262,$-97,$-948,$0,$0,$652,$0,$-11,$-130,$0,$510,$6,$0,$0
28,2011-09-30,8.2,$0.00,0.0,$12.03,0.68,$-0.75,0.0,$2.28,3.6,$3.19B,$1.60B,2.0,$2.72B,$5.71B,0.48,$13.04B,$1.91B,14.62%,$13.04B,$0.87B,6.66%,$13.04B,$0.87B,6.66%,$13.04B,$1.45B,11.15%,$13.04B,$2.37B,18.21%,$13.04B,$1.06B,8.09%,$1.06B,$5.71B,21.19%,$1.06B,$2.91B,41.44%,$1.06B,$14.13B,8.43%,$0.87B,$8.43B,10.80%,$4198,$3728,$470,$0,$281,$4009,$190,$-253,$-64,$-116,$52,$52,$52,$441,$190,$0,0,$0.00,$0.00,$947,$840,$799,$3194,$0,$221,$2796,$2430,$6039,$14125,$1599,$2720,$2148,$6817,$8416,$3,$3392,$0,$5709,$14125,$631,$413,$0,$413,$0,$0,$0,$0,$-480,$298,$-450,$0,$-61,$0,$0,$26,$-255,$-740,$0,$0,$-1118,$0,$53,$-203,$0,$-1269,$130,$0,$0
29,2011-06-30,10.38,$0.00,0.0,$12.03,0.86,$-0.75,0.0,$2.28,4.55,$2.89B,$1.48B,1.96,$2.32B,$5.90B,0.39,$11.54B,$1.83B,15.83%,$11.54B,$0.84B,7.26%,$11.54B,$0.84B,7.26%,$11.54B,$1.37B,11.91%,$11.54B,$2.64B,22.86%,$11.54B,$1.08B,9.36%,$1.08B,$5.90B,25.90%,$1.08B,$3.32B,56.30%,$1.08B,$13.98B,9.38%,$0.84B,$8.23B,11.43%,$3255,$2887,$369,$0,$245,$3131,$124,$1810,$1935,$768,$1166,$618,$618,$-147,$124,$271,271,$2.28,$2.28,$888,$629,$855,$2890,$0,$210,$2589,$1969,$5412,$13984,$1478,$2321,$2055,$6602,$8080,$3,$1175,$0,$5904,$13984,$618,$161,$0,$161,$0,$0,$0,$0,$-920,$-68,$-136,$0,$0,$0,$0,$-308,$-109,$-553,$0,$0,$548,$0,$0,$0,$88,$636,$15,$0,$0
30,2011-03-31,10.9,$0.00,0.0,$8.25,1.32,$-0.14,0.0,$-0.04,0.0,$2.03B,$1.39B,1.46,$3.65B,$4.27B,0.86,$10.51B,$1.70B,16.13%,$10.51B,$0.76B,7.24%,$10.51B,$0.76B,7.24%,$10.51B,$1.23B,11.66%,$10.51B,$0.69B,6.54%,$10.51B,$0.45B,4.28%,$0.45B,$4.27B,12.49%,$0.45B,$2.00B,29.74%,$0.45B,$11.18B,4.36%,$0.76B,$7.92B,11.02%,$2783,$2032,$751,$0,$263,$2296,$487,$-8,$480,$155,$325,$381,$381,$919,$487,$0,0,$0.00,$0.00,$850,$390,$440,$2026,$0,$177,$2264,$1654,$4511,$11182,$1386,$3652,$999,$5531,$6916,$3,$2651,$0,$4265,$11182,$274,$432,$0,$432,$0,$0,$0,$0,$24,$1354,$-1334,$0,$-92,$0,$0,$28,$-434,$-1831,$0,$0,$435,$0,$-7,$-112,$254,$571,$94,$0,$0
31,2010-12-31,11.5,$0.00,0.0,$8.25,1.39,$-0.14,0.0,$-0.04,0.0,$3.05B,$1.77B,1.72,$3.54B,$4.04B,0.88,$10.17B,$1.34B,13.20%,$10.17B,$0.45B,4.44%,$10.17B,$0.45B,4.44%,$10.17B,$0.97B,9.57%,$10.17B,$0.42B,4.13%,$10.17B,$0.37B,3.61%,$0.37B,$4.04B,10.61%,$0.37B,$1.95B,25.44%,$0.37B,$10.74B,3.76%,$0.45B,$7.58B,6.89%,$2801,$2485,$316,$0,$249,$2734,$67,$-44,$23,$15,$8,$4,$4,$241,$67,$0,0,$0.00,$0.00,$859,$1206,$584,$3045,$0,$0,$2085,$887,$2972,$10742,$1772,$3540,$975,$4932,$6703,$3,$241,$0,$4038,$10742,$69,$521,$0,$521,$0,$0,$0,$0,$-383,$373,$-929,$0,$0,$0,$0,$-10,$-82,$-1021,$0,$0,$601,$0,$219,$-187,$0,$633,$70,$0,$0
32,2010-09-30,9.79,$0.00,0.0,$8.25,1.19,$-0.14,0.0,$-0.04,0.0,$2.79B,$1.63B,1.72,$3.10B,$2.48B,1.25,$9.58B,$1.27B,13.26%,$9.58B,$0.40B,4.12%,$9.58B,$0.40B,4.12%,$9.58B,$0.92B,9.55%,$9.58B,$0.48B,5.03%,$9.58B,$0.38B,4.01%,$0.38B,$2.48B,11.52%,$0.38B,$0.40B,28.09%,$0.38B,$10.16B,4.13%,$0.40B,$5.57B,6.32%,$2696,$2306,$390,$0,$231,$2537,$159,$40,$199,$70,$129,$77,$77,$361,$159,$0,0,$0.00,$0.00,$640,$1144,$561,$2794,$0,$0,$2073,$824,$2897,$10164,$1627,$3096,$952,$6063,$7690,$3,$237,$0,$2475,$10164,$115,$347,$0,$347,$0,$0,$0,$0,$-326,$268,$-590,$0,$0,$0,$0,$-10,$-34,$-634,$0,$0,$208,$0,$230,$-114,$0,$324,$-22,$0,$0
33,2010-06-30,7.69,$0.00,0.0,$8.25,0.93,$-0.14,0.0,$-0.04,0.0,$2.29B,$1.35B,1.7,$2.92B,$3.64B,0.8,$8.80B,$1.14B,12.96%,$8.80B,$0.32B,3.61%,$8.80B,$0.32B,3.61%,$8.80B,$0.74B,8.46%,$8.80B,$0.43B,4.89%,$8.80B,$0.37B,4.22%,$0.37B,$3.64B,11.36%,$0.37B,$1.70B,27.35%,$0.37B,$9.19B,4.15%,$0.32B,$6.56B,5.24%,$2234,$1994,$239,$0,$191,$2185,$48,$-62,$-14,$1,$-15,$-12,$-12,$-295,$48,$271,271,$-0.04,$-0.04,$630,$796,$524,$2293,$0,$0,$1944,$748,$2692,$9190,$1347,$2918,$884,$4205,$5551,$3,$230,$0,$3639,$9190,$-12,$145,$0,$145,$0,$0,$0,$0,$82,$295,$-333,$0,$0,$0,$0,$-2,$-28,$-363,$0,$0,$45,$0,$0,$0,$0,$45,$-22,$0,$0
34,2010-03-31,7.77,$0.00,0.0,0,0.0,0,0.0,0,0.0,$2.16B,$1.17B,1.85,$2.85B,$3.68B,0.77,$8.28B,$1.06B,12.80%,$8.28B,$0.32B,3.85%,$8.28B,$0.32B,3.85%,$8.28B,$0.90B,10.82%,$8.28B,$0.70B,8.46%,$8.28B,$0.51B,6.11%,$0.51B,$3.68B,17.74%,$0.51B,$1.72B,50.44%,$0.51B,$9.00B,5.92%,$0.32B,$6.53B,5.82%,$2438,$2041,$397,$0,$219,$2260,$178,$35,$212,$7,$206,$298,$298,$666,$178,$0,0,$0.00,$0.00,$649,$588,$495,$2162,$0,$0,$1964,$722,$2686,$8995,$1172,$2846,$886,$4140,$5312,$3,$242,$0,$3683,$8995,$332,$489,$0,$489,$0,$0,$0,$0,$-58,$811,$-1076,$0,$49,$0,$0,$0,$-19,$-1045,$0,$0,$181,$0,$0,$0,$-28,$153,$115,$0,$0
35,2009-12-31,7.17,$0.00,0.0,0,0.0,0,0.0,0,0.0,$2.43B,$1.39B,1.75,$2.80B,$3.53B,0.79,$5.85B,$0.66B,11.34%,$5.85B,$0.14B,2.41%,$5.85B,$0.14B,2.41%,$5.85B,$0.23B,3.93%,$5.85B,$0.49B,8.36%,$5.85B,$0.21B,3.56%,$0.21B,$3.53B,8.92%,$0.21B,$1.65B,30.03%,$0.21B,$8.87B,2.72%,$0.14B,$6.34B,3.09%,$2210,$1965,$244,$0,$235,$2200,$10,$75,$85,$52,$32,$21,$21,$183,$10,$0,0,$0.00,$0.00,$616,$1112,$411,$2432,$0,$0,$1880,$825,$2705,$8874,$1389,$2802,$905,$3952,$5341,$3,$118,$0,$3533,$8874,$208,$381,$0,$381,$0,$0,$0,$0,$-104,$358,$-678,$0,$-240,$0,$0,$0,$-23,$-940,$0,$0,$196,$0,$304,$0,$-64,$437,$8,$0,$0
36,2009-09-30,6.51,$0.00,0.0,$3.93,1.66,$-0.94,0.0,$-0.23,0.0,$2.54B,$1.49B,1.7,$2.63B,$2.21B,1.19,$4.74B,$1.20B,25.36%,$4.74B,$0.83B,17.51%,$4.74B,$0.83B,17.51%,$4.74B,$1.12B,23.68%,$4.74B,$0.15B,3.10%,$4.74B,$0.12B,2.57%,$0.12B,$2.21B,6.47%,$0.12B,$0.36B,22.58%,$0.12B,$8.71B,1.83%,$0.83B,$4.84B,22.24%,$1916,$1656,$260,$0,$178,$1833,$82,$65,$147,$49,$98,$64,$64,$190,$82,$0,0,$0.00,$0.00,$853,$861,$493,$2539,$0,$0,$1849,$766,$2615,$8709,$1493,$2632,$1076,$5008,$6501,$3,$97,$0,$2208,$8709,$187,$207,$0,$207,$0,$0,$0,$0,$-16,$354,$-439,$0,$24,$0,$0,$0,$-18,$-432,$0,$0,$265,$0,$1,$0,$-63,$203,$260,$0,$0
37,2009-06-30,4.27,$0.00,0.0,$3.93,1.09,$-0.94,0.0,$-0.23,0.0,$2.05B,$1.23B,1.67,$2.25B,$1.99B,1.13,$3.22B,$0.94B,29.13%,$3.22B,$0.65B,20.33%,$3.22B,$0.65B,20.33%,$3.22B,$0.71B,22.19%,$3.22B,$-0.07B,-2.21%,$3.22B,$0.03B,0.90%,$0.03B,$1.99B,1.57%,$0.03B,$0.28B,3.95%,$0.03B,$7.60B,0.49%,$0.65B,$4.24B,19.45%,$1720,$1561,$159,$0,$110,$1671,$49,$208,$257,$77,$180,$123,$123,$-143,$49,$0,0,$0.00,$0.00,$697,$589,$467,$2054,$0,$0,$1705,$659,$2364,$7595,$1231,$2249,$1005,$4376,$5608,$3,$33,$0,$1987,$7595,$123,$99,$0,$99,$0,$0,$0,$0,$118,$338,$-167,$0,$32,$0,$0,$-2,$-15,$-151,$0,$0,$19,$0,$0,$0,$-62,$-43,$167,$0,$0
38,2009-03-31,2.02,$0.00,0.0,$3.93,0.51,$-0.94,0.0,$-0.23,0.0,$1.53B,$1.17B,1.31,$1.25B,$1.60B,0.78,$1.89B,$0.77B,40.88%,$1.89B,$0.51B,27.02%,$1.89B,$0.51B,27.02%,$1.89B,$0.76B,40.35%,$1.89B,$-0.40B,-21.10%,$1.89B,$-0.12B,-6.50%,$-0.12B,$1.60B,-6.64%,$-0.12B,$0.48B,-13.05%,$-0.12B,$5.42B,-2.31%,$0.51B,$2.85B,16.41%,$0,$0,$0,$0,$0,$0,$0,$0,$0,$0,$0,$0,$0,$0,$0,$0,0,$0.00,$0.00,$514,$478,$277,$1527,$0,$0,$1120,$502,$1622,$5421,$1165,$1251,$824,$2660,$3825,$3,$-90,$0,$1596,$5421,$-188,$291,$0,$291,$0,$0,$0,$0,$-130,$257,$-445,$0,$-714,$0,$0,$343,$29,$-788,$0,$0,$678,$0,$198,$0,$-5,$872,$440,$0,$0
39,2008-12-31,2.85,$0.00,0.0,$3.93,0.73,$-0.94,0.0,$-0.23,0.0,$2.11B,$0.64B,3.3,$1.26B,$1.75B,0.72,$1.89B,$0.77B,40.88%,$1.89B,$0.51B,27.02%,$1.89B,$0.51B,27.02%,$1.89B,$0.76B,40.35%,$1.89B,$-0.40B,-21.10%,$1.89B,$-0.12B,-6.50%,$-0.12B,$1.75B,-6.60%,$-0.12B,$1.04B,-11.71%,$-0.12B,$5.01B,-2.37%,$0.51B,$3.01B,16.39%,$1103,$320,$783,$0,$84,$404,$699,$-237,$-257,$-93,$-164,$-65,$-65,$1075,$699,$281,281,$-0.23,$-0.23,$1056,$681,$269,$2108,$0,$0,$705,$462,$1167,$5014,$638,$1257,$655,$2628,$3266,$3,$-45,$0,$1748,$5014,$332,$489,$0,$489,$0,$0,$0,$0,$-58,$811,$-1076,$0,$49,$0,$0,$0,$-19,$-1045,$0,$0,$181,$0,$0,$0,$-28,$153,$115,$0,$0
40,2008-09-30,6.57,$0.00,0.0,0,0.0,0,0.0,0,0.0,$1.92B,$0.52B,3.69,$1.29B,$2.07B,0.62,$1.12B,$0.03B,2.77%,$1.12B,$-0.25B,-22.48%,$1.12B,$-0.25B,-22.48%,$1.12B,$-0.35B,-30.95%,$1.12B,$-0.13B,-11.42%,$1.12B,$-0.05B,-4.55%,$-0.05B,$2.07B,-3.10%,$-0.05B,$1.13B,-5.89%,$-0.05B,$5.63B,-1.08%,$-0.25B,$3.36B,-8.76%,$394,$399,$-5,$0,$89,$488,$-94,$23,$-71,$-23,$-48,$-29,$-29,$-218,$-94,$0,0,$0.00,$0.00,$1006,$578,$260,$1918,$0,$0,$935,$564,$1499,$5634,$520,$1291,$830,$3045,$3565,$2,$69,$0,$2069,$5634,$-29,$112,$0,$112,$0,$0,$0,$0,$-57,$-30,$-169,$0,$0,$0,$0,$-202,$1,$-371,$0,$0,$-40,$0,$0,$0,$0,$-40,$18,$0,$0
41,2008-06-30,10.42,$0.00,0.0,0,0.0,0,0.0,0,0.0,$1.86B,$0.36B,5.19,$1.25B,$2.00B,0.63,$1.03B,$0.05B,4.77%,$1.03B,$-0.21B,-20.14%,$1.03B,$-0.21B,-20.14%,$1.03B,$-0.35B,-33.66%,$1.03B,$-0.05B,-5.16%,$1.03B,$-0.02B,-1.95%,$-0.02B,$2.00B,-1.45%,$-0.02B,$1.12B,-2.95%,$-0.02B,$5.27B,-0.48%,$-0.21B,$3.25B,-7.88%,$394,$399,$-5,$0,$89,$488,$-94,$23,$-71,$-23,$-48,$-29,$-29,$-94,$-94,$0,0,$0.00,$0.00,$1130,$338,$268,$1863,$0,$0,$879,$509,$1388,$5269,$359,$1249,$766,$2914,$3273,$2,$98,$0,$1996,$5269,$17,$236,$0,$236,$0,$0,$0,$0,$-92,$58,$-643,$0,$-102,$0,$0,$-671,$-26,$-1442,$0,$0,$-375,$0,$1118,$0,$279,$1023,$-248,$0,$0
