,Date,Stock Price,Book Value per Share,Price to Book Ratio,TTM Sales per Share,Price to Sales Ratio,TTM FCF per Share,Price to FCF Ratio,TTM Net EPS,PE Ratio,Current Assets,Current Liabilities,Current Ratio,Long Term Debt,Shareholder's Equity_x,Debt to Equity Ratio,TTM Revenue_x,TTM Gross Profit,Gross Margin,TTM Revenue_y,TTM Operating Income,Operating Margin,TTM Revenue_x,TTM EBIT,EBIT Margin,TTM Revenue_y,TTM EBITDA,EBITDA Margin,TTM Revenue_x,TTM Pre-Tax Income,Pre-Tax Margin,TTM Revenue_y,TTM Net Income_x,Net Margin,TTM Net Income_y,Shareholder's Equity_y,Return on Equity,TTM Net Income_x,Tangible Equity,Return on Tangible Equity,TTM Net Income_y,Total Assets,Return on Assets,TTM Net Income,LT Investments & Debt,Return on Investment,revenue,cost-goods-sold,gross-profit,research-development-expenses,selling-general-administrative-expenses,operating-expenses,operating-income,total-non-operating-income-expense,pre-tax-income,total-provision-income-taxes,income-after-taxes,income-from-continuous-operations,net-income,ebitda,ebit,basic-shares-outstanding,shares-outstanding,eps-basic-net-earnings-per-share,eps-earnings-per-share-diluted,cash-on-hand,inventory,other-current-assets,total-current-assets,net-property-plant-equipment,long-term-investments,goodwill-intangible-assets-total,other-long-term-assets,total-long-term-assets,total-assets,total-current-liabilities,long-term-debt,other-non-current-liabilities,total-long-term-liabilities,total-liabilities,common-stock-net,retained-earnings-accumulated-deficit,comprehensive-income,total-share-holder-equity,total-liabilities-share-holders-equity,net-income-loss,total-depreciation-amortization-cash-flow,other-non-cash-items,total-non-cash-items,change-in-accounts-receivable,change-in-inventories,change-in-accounts-payable,change-in-assets-liabilities,total-change-in-assets-liabilities,cash-flow-from-operating-activities,net-change-in-property-plant-equipment,net-change-in-intangible-assets,net-acquisitions-divestitures,net-change-in-short-term-investments,net-change-in-long-term-investments,net-change-in-investments-total,investing-activities-other,cash-flow-from-investing-activities,net-long-term-debt,net-current-debt,debt-issuance-retirement-net-total,net-common-equity-issued-repurchased,net-total-equity-issued-repurchased,total-common-preferred-stock-dividends-paid,financial-activities-other,cash-flow-from-financial-activities,net-cash-flow,stock-based-compensation,common-stock-dividends-paid
0,2018-09-30,57.83,$19.99,2.89,$62.68,0.92,$6.39,9.05,$4.95,11.68,$6.73B,$18.16B,0.37,$8.12B,$13.70B,0.59,$44.03B,$12.54B,28.47%,$44.03B,$5.47B,12.43%,$44.03B,$5.47B,12.43%,$44.03B,$5.47B,12.43%,$44.03B,$5.01B,11.38%,$44.03B,$3.56B,8.07%,$3.56B,$13.70B,27.53%,$3.56B,$-0.93B,-206.30%,$3.56B,$55.00B,6.51%,$5.47B,$21.82B,26.93%,$11953,$7428,$4525,$0,$1438,$10311,$1642,$32,$1674,$362,$1312,$1312,$1312,$1642,$1642,$686,688,$1.91,$1.91,$1858,$1170,$0,$6726,$28565,$0,$14629,$4651,$48277,$55003,$18158,$8115,$2517,$23141,$41299,$0,$9696,$-7535,$13704,$55003,$0,$0,$0,$0,$0,$0,$0,$0,$0,$5650,$-3813,$0,$0,$345,$0,$345,$87,$-3381,$383,$0,$383,$-1250,$-1250,$-670,$63,$-1474,$795,$0,$-670
1,2018-06-30,49.21,$18.60,2.65,$60.69,0.81,$4.28,11.5,$4.68,10.51,$7.64B,$19.27B,0.4,$8.56B,$12.86B,0.67,$43.14B,$12.61B,29.23%,$43.14B,$5.65B,13.10%,$43.14B,$5.65B,13.10%,$43.14B,$5.65B,13.10%,$43.14B,$5.11B,11.85%,$43.14B,$3.40B,7.89%,$3.40B,$12.86B,26.20%,$3.40B,$-1.78B,-205.81%,$3.40B,$55.80B,6.31%,$5.65B,$21.42B,27.90%,$11775,$7180,$4595,$0,$1394,$10095,$1680,$-308,$1372,$347,$1025,$1025,$1025,$1680,$1680,$695,697,$1.47,$1.47,$2406,$1589,$0,$7641,$28124,$0,$14633,$4594,$48155,$55796,$19269,$8562,$2365,$23671,$42940,$0,$8851,$-7606,$12856,$55796,$0,$0,$0,$0,$0,$0,$0,$0,$0,$4150,$-2846,$0,$0,$-118,$421,$303,$71,$-2472,$1031,$0,$1031,$-925,$-925,$-430,$53,$-271,$1407,$0,$-430
2,2018-03-31,54.12,$17.88,3.03,$58.50,0.93,$2.06,26.23,$4.89,11.07,$7.72B,$20.01B,0.39,$6.36B,$12.56B,0.51,$42.11B,$12.56B,29.81%,$42.11B,$5.96B,14.14%,$42.11B,$5.96B,14.14%,$42.11B,$5.96B,14.14%,$42.11B,$5.57B,13.23%,$42.11B,$3.56B,8.46%,$3.56B,$12.56B,27.11%,$3.56B,$-2.08B,-237.34%,$3.56B,$54.08B,6.74%,$5.96B,$18.92B,29.40%,$9968,$6332,$3636,$0,$1693,$9128,$840,$-122,$718,$171,$547,$547,$547,$840,$840,$704,706,$0.78,$0.77,$1970,$1146,$0,$7724,$27096,$0,$14637,$3446,$46354,$54078,$20012,$6360,$2320,$21509,$41521,$0,$8465,$-7681,$12557,$54078,$0,$0,$0,$0,$0,$0,$0,$0,$0,$1343,$-1265,$0,$0,$0,$300,$300,$38,$-927,$-244,$0,$-244,$-325,$-325,$-217,$-1,$-787,$-371,$0,$-217
3,2017-12-31,54.98,$17.72,3.1,$56.83,0.97,$-0.28,0.0,$4.94,11.13,$7.84B,$19.00B,0.41,$6.59B,$12.53B,0.53,$41.24B,$12.39B,30.03%,$41.24B,$6.11B,14.82%,$41.24B,$6.11B,14.82%,$41.24B,$6.11B,14.82%,$41.24B,$5.70B,13.82%,$41.24B,$3.58B,8.67%,$3.58B,$12.53B,27.02%,$3.58B,$-2.11B,-254.18%,$3.58B,$53.71B,6.85%,$6.11B,$19.12B,29.38%,$10335,$10555,$-220,$0,$-2542,$9025,$1310,$-65,$1245,$574,$671,$671,$671,$1310,$1310,$720,723,$0.95,$0.95,$2639,$1329,$0,$7844,$26563,$0,$14641,$3309,$45867,$53711,$18999,$6592,$2221,$22182,$41181,$0,$8256,$-7621,$12530,$53711,$3577,$2235,$2063,$4298,$-328,$-397,$0,$-2961,$-2694,$5148,$-3891,$0,$0,$584,$-2170,$-1586,$111,$-5366,$952,$0,$952,$-1677,$-1677,$-731,$726,$-730,$-948,$0,$-731
4,2017-09-30,47.06,$19.64,2.4,$55.06,0.85,$3.03,15.51,$4.98,9.45,$7.08B,$16.50B,0.43,$7.58B,$14.00B,0.54,$40.37B,$11.78B,29.17%,$40.37B,$5.82B,14.43%,$40.37B,$5.82B,14.43%,$40.37B,$5.82B,14.43%,$40.37B,$5.41B,13.40%,$40.37B,$3.53B,8.74%,$3.53B,$14.00B,26.77%,$3.53B,$-0.64B,-240.45%,$3.53B,$51.93B,6.84%,$5.82B,$21.59B,28.20%,$11061,$6463,$4598,$0,$1386,$9238,$1823,$-47,$1776,$617,$1159,$1159,$1159,$1823,$1823,$716,719,$1.62,$1.61,$2438,$1136,$0,$7083,$25900,$0,$14645,$2878,$44845,$51928,$16496,$7584,$2001,$21431,$37927,$0,$9502,$-7476,$14001,$51928,$0,$0,$0,$0,$0,$0,$0,$0,$0,$3132,$-2731,$0,$0,$-473,$-795,$-1268,$38,$-3961,$1185,$0,$1185,$-1350,$-1350,$-516,$201,$-480,$-1309,$0,$-516
5,2017-06-30,52.11,$18.62,2.8,$53.77,0.97,$7.16,7.28,$5.03,10.36,$7.18B,$16.63B,0.43,$7.92B,$13.48B,0.59,$39.79B,$11.73B,29.49%,$39.79B,$5.97B,15.00%,$39.79B,$5.97B,15.00%,$39.79B,$5.97B,15.00%,$39.79B,$5.53B,13.90%,$39.79B,$3.63B,9.12%,$3.63B,$13.48B,28.33%,$3.63B,$-1.17B,-197.25%,$3.63B,$51.82B,7.06%,$5.97B,$21.40B,29.85%,$10747,$6206,$4541,$0,$1305,$8765,$1982,$-151,$1831,$645,$1186,$1186,$1186,$1982,$1982,$728,731,$1.63,$1.62,$2988,$938,$0,$7177,$25367,$0,$14649,$2545,$44638,$51815,$16631,$7916,$1885,$21705,$38336,$0,$8905,$-7549,$13479,$51815,$0,$0,$0,$0,$0,$0,$0,$0,$0,$1539,$-1790,$0,$0,$-567,$-315,$-882,$6,$-2666,$1440,$0,$1440,$-800,$-800,$-297,$263,$606,$-521,$0,$-297
6,2017-03-31,44.38,$17.60,2.52,$52.76,0.84,$10.53,4.22,$5.38,8.25,$6.88B,$15.95B,0.43,$8.19B,$12.95B,0.63,$39.49B,$12.10B,30.65%,$39.49B,$6.41B,16.23%,$39.49B,$6.41B,16.23%,$39.49B,$6.41B,16.23%,$39.49B,$6.05B,15.32%,$39.49B,$3.99B,10.10%,$3.99B,$12.95B,32.19%,$3.99B,$-1.70B,-176.79%,$3.99B,$51.46B,7.77%,$6.41B,$21.13B,33.26%,$9101,$5635,$3466,$0,$1638,$8102,$999,$-150,$849,$288,$561,$561,$561,$999,$999,$728,731,$0.77,$0.77,$2650,$855,$0,$6880,$24817,$0,$14649,$2363,$44579,$51459,$15953,$8187,$1822,$22561,$38514,$0,$8226,$-7571,$12945,$51459,$0,$0,$0,$0,$0,$0,$0,$0,$0,$-830,$-802,$0,$0,$0,$-878,$-878,$-28,$-1708,$1716,$0,$1716,$-200,$-200,$-149,$313,$1680,$-858,$0,$-149
7,2016-12-31,47.31,$16.81,2.81,$52.17,0.91,$12.94,3.66,$5.77,8.2,$7.45B,$15.24B,0.49,$6.20B,$12.29B,0.51,$39.64B,$12.55B,31.66%,$39.64B,$6.95B,17.54%,$39.64B,$6.95B,17.54%,$39.64B,$6.95B,17.54%,$39.64B,$6.64B,16.74%,$39.64B,$4.37B,11.03%,$4.37B,$12.29B,36.55%,$4.37B,$-2.35B,-163.22%,$4.37B,$51.26B,8.44%,$6.95B,$18.49B,37.51%,$9458,$10287,$-829,$0,$-3329,$8438,$1020,$-68,$952,$330,$622,$622,$622,$1020,$1020,$751,755,$0.86,$0.86,$3249,$891,$0,$7451,$24375,$0,$14638,$1733,$43810,$51261,$15239,$6201,$1878,$23735,$38974,$0,$7903,$-7636,$12287,$51261,$4373,$1902,$1721,$3623,$-147,$-140,$0,$-877,$-879,$7205,$-3391,$0,$0,$2686,$-1707,$979,$257,$-2155,$-1710,$0,$-1710,$-2601,$-2601,$-509,$560,$-4260,$790,$0,$-509
8,2016-09-30,37.68,$16.99,2.22,$51.46,0.73,$14.08,2.68,$6.18,6.1,$7.33B,$15.15B,0.48,$6.47B,$12.51B,0.52,$39.68B,$13.12B,33.06%,$39.68B,$7.65B,19.28%,$39.68B,$7.65B,19.28%,$39.68B,$7.65B,19.28%,$39.68B,$7.22B,18.19%,$39.68B,$4.73B,11.92%,$4.73B,$12.51B,40.77%,$4.73B,$-2.13B,-155.48%,$4.73B,$50.95B,9.05%,$7.65B,$18.98B,41.76%,$10483,$5928,$4555,$0,$2112,$8514,$1969,$-69,$1900,$641,$1259,$1259,$1259,$1969,$1969,$740,744,$1.70,$1.69,$3152,$775,$496,$7329,$24105,$0,$14642,$1722,$43619,$50948,$15147,$6473,$1956,$23291,$38438,$0,$11109,$-7212,$12510,$50948,$0,$0,$0,$0,$0,$0,$0,$0,$0,$6080,$-2597,$0,$0,$-44,$0,$-44,$41,$-2600,$-953,$0,$-953,$-2301,$-2301,$-360,$-200,$-3814,$-334,$0,$-360
9,2016-06-30,34.69,$15.77,2.2,$51.34,0.68,$14.91,2.33,$6.14,5.65,$7.64B,$16.25B,0.47,$6.69B,$11.81B,0.57,$40.31B,$13.34B,33.11%,$40.31B,$7.89B,19.58%,$40.31B,$7.89B,19.58%,$40.31B,$7.89B,19.58%,$40.31B,$7.39B,18.33%,$40.31B,$4.79B,11.88%,$4.79B,$11.81B,43.27%,$4.79B,$-2.84B,-136.02%,$4.79B,$51.63B,9.04%,$7.89B,$18.50B,44.02%,$10447,$5536,$4911,$0,$1533,$8024,$2423,$-73,$2350,$804,$1546,$1546,$1546,$2423,$2423,$758,763,$2.04,$2.03,$2951,$795,$773,$7638,$23975,$0,$14646,$1578,$43996,$51634,$16250,$6689,$2015,$23574,$39824,$0,$10000,$-7279,$11810,$51634,$0,$0,$0,$0,$0,$0,$0,$0,$0,$4226,$-1917,$0,$0,$1051,$-866,$185,$19,$-1713,$-699,$0,$-699,$-1801,$-1801,$-210,$-113,$-2823,$-310,$0,$-210
10,2016-03-31,46.2,$14.58,3.17,$50.85,0.91,$15.43,2.99,$5.94,7.78,$9.31B,$18.11B,0.51,$6.92B,$11.25B,0.62,$40.57B,$13.45B,33.15%,$40.57B,$7.94B,19.58%,$40.57B,$7.94B,19.58%,$40.57B,$7.94B,19.58%,$40.57B,$7.41B,18.25%,$40.57B,$4.73B,11.65%,$4.73B,$11.25B,45.00%,$4.73B,$-3.40B,-117.66%,$4.73B,$53.34B,8.88%,$7.94B,$18.17B,45.14%,$9251,$5338,$3913,$0,$1394,$7711,$1540,$-106,$1434,$488,$946,$946,$946,$1540,$1540,$774,780,$1.22,$1.21,$2914,$693,$2179,$9306,$23422,$0,$14650,$1475,$44036,$53342,$18108,$6920,$2091,$23982,$42090,$0,$8462,$-7279,$11252,$53342,$0,$0,$0,$0,$0,$0,$0,$0,$0,$1011,$-871,$0,$0,$-488,$753,$265,$5,$-601,$-9,$68,$59,$-775,$-775,$-107,$149,$-674,$-264,$0,$-107
11,2015-12-31,47.96,$13.93,3.44,$50.36,0.95,$16.52,2.9,$5.63,8.52,$9.06B,$17.53B,0.52,$6.77B,$10.85B,0.62,$40.70B,$13.34B,32.78%,$40.70B,$7.80B,19.17%,$40.70B,$7.80B,19.17%,$40.70B,$7.80B,19.17%,$40.70B,$7.16B,17.58%,$40.70B,$4.53B,11.12%,$4.53B,$10.85B,45.48%,$4.53B,$-3.81B,-100.49%,$4.53B,$53.13B,8.49%,$7.80B,$17.62B,44.86%,$9502,$9762,$-260,$0,$-2821,$7785,$1717,$-184,$1533,$553,$980,$980,$980,$1717,$1717,$797,804,$1.25,$1.25,$3437,$697,$1987,$9056,$23039,$0,$14655,$1428,$44078,$53134,$17526,$6766,$1891,$24758,$42284,$0,$5562,$-7275,$10850,$53134,$4526,$1835,$1180,$3015,$-56,$155,$0,$331,$229,$7927,$-2945,$0,$0,$739,$-1498,$-759,$-251,$-3955,$-1591,$0,$-1591,$-2200,$-2200,$-359,$62,$-4088,$-116,$0,$-359
12,2015-09-30,42.34,$13.15,3.22,$50.23,0.84,$13.60,3.11,$3.52,12.03,$11.97B,$17.61B,0.68,$7.10B,$10.35B,0.69,$40.85B,$15.39B,37.67%,$40.85B,$5.26B,12.87%,$40.85B,$5.26B,12.87%,$40.85B,$5.26B,12.87%,$40.85B,$4.48B,10.98%,$40.85B,$2.83B,6.94%,$2.83B,$10.35B,30.02%,$2.83B,$-4.04B,-57.27%,$2.83B,$53.65B,5.29%,$5.26B,$17.44B,30.37%,$11107,$6327,$4780,$0,$1536,$8894,$2213,$-141,$2072,$757,$1315,$1315,$1315,$2213,$2213,$788,795,$1.67,$1.65,$3811,$695,$1586,$11973,$22608,$0,$14383,$1848,$41673,$53646,$17608,$7096,$2465,$25693,$43301,$0,$6748,$-7316,$10345,$53646,$0,$0,$0,$0,$0,$0,$0,$0,$0,$6448,$-2067,$0,$0,$10,$-719,$-709,$0,$-2776,$-1113,$0,$-1113,$-1775,$-1775,$-254,$-249,$-3391,$281,$0,$-254
13,2015-06-30,38.65,$12.02,3.21,$49.52,0.78,$11.38,3.4,$2.29,16.88,$11.44B,$17.08B,0.67,$7.60B,$9.56B,0.8,$40.92B,$14.80B,36.16%,$40.92B,$3.88B,9.48%,$40.92B,$3.88B,9.48%,$40.92B,$3.88B,9.48%,$40.92B,$2.99B,7.31%,$40.92B,$1.88B,4.58%,$1.88B,$9.56B,18.89%,$1.88B,$-4.83B,-42.00%,$1.88B,$52.78B,3.53%,$3.88B,$17.16B,21.24%,$10707,$5694,$5013,$0,$1518,$8233,$2474,$-108,$2366,$881,$1485,$1485,$1485,$2474,$2474,$803,811,$1.85,$1.83,$3787,$881,$966,$11441,$22480,$0,$14388,$1098,$41340,$52781,$17082,$7598,$2322,$26136,$43218,$0,$5540,$-7288,$9563,$52781,$0,$0,$0,$0,$0,$0,$0,$0,$0,$4381,$-1505,$0,$0,$-279,$0,$-279,$17,$-1767,$-593,$0,$-593,$-1350,$-1350,$-147,$-319,$-2409,$205,$0,$-147
14,2015-03-31,42.22,$11.08,3.81,$48.81,0.86,$10.04,4.2,$1.40,30.15,$12.27B,$17.32B,0.71,$8.31B,$9.05B,0.92,$40.83B,$14.05B,34.42%,$40.83B,$2.98B,7.31%,$40.83B,$2.98B,7.31%,$40.83B,$2.98B,7.31%,$40.83B,$1.92B,4.71%,$40.83B,$1.19B,2.92%,$1.19B,$9.05B,11.26%,$1.19B,$-5.35B,-31.25%,$1.19B,$53.75B,2.25%,$2.98B,$17.35B,15.46%,$9388,$5579,$3809,$0,$1439,$7990,$1398,$-212,$1186,$440,$746,$746,$746,$1398,$1398,$818,826,$0.91,$0.90,$3569,$801,$1575,$12266,$22023,$0,$14393,$1019,$41486,$53752,$17319,$8305,$2457,$27387,$44706,$0,$4127,$-7294,$9046,$53752,$0,$0,$0,$0,$0,$0,$0,$0,$0,$1636,$-586,$0,$0,$115,$-344,$-229,$3,$-812,$-260,$0,$-260,$-425,$-425,$-75,$-30,$-790,$34,$0,$-75
15,2014-12-31,46.1,$10.68,4.32,$47.90,0.96,$9.16,5.03,$0.75,61.46,$9.16B,$16.85B,0.54,$8.48B,$8.81B,0.96,$40.36B,$13.43B,33.27%,$40.36B,$2.21B,5.47%,$40.36B,$2.21B,5.47%,$40.36B,$2.21B,5.47%,$40.36B,$1.07B,2.66%,$40.36B,$0.66B,1.63%,$0.66B,$8.81B,5.86%,$0.66B,$-5.58B,-20.74%,$0.66B,$54.01B,1.25%,$2.21B,$17.29B,10.90%,$9647,$7860,$1787,$0,$1615,$10475,$-828,$-312,$-1140,$-428,$-712,$-712,$-712,$-828,$-828,$825,825,$-0.86,$-0.86,$3305,$852,$1078,$9158,$21929,$0,$14397,$926,$44847,$54005,$16847,$8477,$2128,$28345,$45192,$0,$3456,$-7311,$8813,$54005,$659,$1771,$3732,$5503,$-302,$172,$0,$-1325,$-1491,$4947,$-2249,$0,$0,$0,$-262,$-262,$48,$-2463,$-1908,$0,$-1908,$-1100,$-1100,$-251,$19,$-3240,$-756,$0,$-251
16,2014-09-30,33.8,$14.69,2.3,$46.79,0.72,$8.21,4.12,$11.50,2.94,$11.00B,$14.81B,0.74,$8.97B,$12.30B,0.73,$39.79B,$15.04B,37.79%,$39.79B,$3.74B,9.39%,$39.79B,$3.74B,9.39%,$39.79B,$3.74B,9.39%,$39.79B,$2.69B,6.75%,$39.79B,$9.85B,24.75%,$9.85B,$12.30B,82.46%,$9.85B,$-2.11B,-396.70%,$9.85B,$51.94B,18.89%,$3.74B,$21.27B,17.56%,$11178,$6989,$4189,$0,$1829,$10343,$835,$-256,$579,$222,$357,$357,$357,$835,$835,$834,843,$0.43,$0.42,$4511,$942,$0,$10995,$21722,$0,$14408,$1119,$40945,$51940,$14813,$8970,$1946,$24831,$39644,$0,$4244,$-5100,$12296,$51940,$0,$0,$0,$0,$0,$0,$0,$0,$0,$4365,$-1589,$0,$0,$-894,$0,$-894,$58,$-2425,$-1505,$0,$-1505,$-600,$-600,$-176,$7,$-2274,$-334,$0,$-176
17,2014-06-30,36.12,$14.48,2.5,$45.71,0.79,$6.95,5.19,$12.67,2.85,$10.52B,$15.21B,0.69,$9.09B,$12.20B,0.75,$39.10B,$13.82B,35.35%,$39.10B,$4.46B,11.41%,$39.10B,$4.46B,11.41%,$39.10B,$4.46B,11.41%,$39.10B,$3.47B,8.88%,$39.10B,$10.86B,27.78%,$10.86B,$12.20B,121.96%,$10.86B,$-2.22B,-196.14%,$10.86B,$52.19B,21.44%,$4.46B,$21.29B,24.11%,$10621,$6352,$4269,$0,$1801,$9042,$1579,$-281,$1298,$497,$801,$801,$801,$1579,$1579,$841,850,$0.95,$0.94,$4202,$961,$0,$10517,$22048,$0,$14419,$1105,$41674,$52191,$15209,$9089,$1735,$24779,$39988,$0,$3962,$-5137,$12203,$52191,$0,$0,$0,$0,$0,$0,$0,$0,$0,$3007,$-1132,$0,$0,$0,$253,$253,$37,$-842,$-1204,$0,$-1204,$-350,$-350,$-101,$8,$-1647,$518,$0,$-101
18,2014-03-31,32.27,$13.73,2.35,$44.51,0.72,$6.18,5.23,$12.53,2.58,$9.75B,$15.01B,0.65,$9.47B,$11.64B,0.81,$38.19B,$11.69B,30.61%,$38.19B,$3.80B,9.95%,$38.19B,$3.80B,9.95%,$38.19B,$3.80B,9.95%,$38.19B,$2.86B,7.49%,$38.19B,$10.75B,28.14%,$10.75B,$11.64B,193.30%,$10.75B,$-2.80B,-120.72%,$10.75B,$52.17B,21.91%,$3.80B,$21.11B,24.46%,$8916,$5734,$3182,$0,$1692,$8296,$620,$-285,$335,$122,$213,$213,$213,$620,$620,$844,853,$0.25,$0.25,$3783,$948,$0,$9746,$21972,$0,$14436,$1159,$42421,$52167,$15010,$9466,$1712,$25516,$40526,$0,$3211,$-5139,$11641,$52167,$0,$0,$0,$0,$0,$0,$0,$0,$0,$951,$-614,$0,$0,$251,$-240,$11,$40,$-563,$-353,$0,$-353,$-125,$-125,$-51,$-4,$-533,$-145,$0,$-51
19,2013-12-31,25.53,$13.67,1.87,$44.00,0.58,$6.20,4.12,$12.29,2.08,$9.65B,$14.15B,0.68,$9.80B,$11.64B,0.84,$37.77B,$9.95B,26.34%,$37.77B,$3.40B,9.00%,$37.77B,$3.40B,9.00%,$37.77B,$3.40B,9.00%,$37.77B,$2.53B,6.69%,$37.77B,$10.54B,27.90%,$10.54B,$11.64B,487.23%,$10.54B,$-2.81B,-85.59%,$10.54B,$52.25B,22.30%,$3.40B,$21.44B,27.32%,$9076,$5677,$3399,$0,$1758,$8375,$701,$-226,$475,$-8004,$8479,$8479,$8479,$701,$701,$846,858,$10.02,$9.89,$3803,$1063,$585,$9651,$21854,$0,$14452,$1303,$42601,$52252,$14152,$9795,$1711,$26457,$40609,$0,$3049,$-5130,$11643,$52252,$10540,$1658,$-7816,$-6158,$90,$-87,$0,$87,$170,$4504,$-2521,$0,$-47,$158,$-360,$-202,$14,$-2756,$-1193,$0,$-1193,$-250,$-250,$-102,$225,$-1320,$428,$0,$-102
20,2013-09-30,21.88,$0.16,136.66,$43.55,0.5,$4.48,4.88,$2.41,9.08,$8.95B,$14.13B,0.63,$10.08B,$0.14B,73.56,$37.30B,$8.16B,21.87%,$37.30B,$3.05B,8.18%,$37.30B,$3.05B,8.18%,$37.30B,$3.05B,8.18%,$37.30B,$2.06B,5.53%,$37.30B,$2.07B,5.54%,$2.07B,$0.14B,-161.45%,$2.07B,$-14.33B,-13.11%,$2.07B,$46.00B,4.56%,$3.05B,$10.21B,32.72%,$10490,$7517,$2973,$0,$447,$8927,$1563,$-200,$1363,$-6,$1369,$1369,$1369,$1563,$1563,$851,861,$1.61,$1.59,$4190,$1032,$0,$8951,$21297,$0,$14469,$1280,$37046,$45997,$14134,$10077,$1709,$31726,$45860,$0,$-5379,$-8324,$137,$45997,$0,$0,$0,$0,$0,$0,$0,$0,$0,$3373,$-1616,$0,$0,$150,$-360,$-210,$18,$-1808,$-900,$0,$-900,$-93,$-93,$-51,$81,$-963,$602,$0,$-51
21,2013-06-30,17.3,$-1.38,-12.54,$43.04,0.4,$3.03,5.72,$2.05,8.44,$8.90B,$14.78B,0.6,$10.53B,$-1.18B,-8.89,$36.73B,$7.90B,21.50%,$36.73B,$2.80B,7.61%,$36.73B,$2.80B,7.61%,$36.73B,$2.80B,7.61%,$36.73B,$1.75B,4.77%,$36.73B,$1.75B,4.75%,$1.75B,$-1.18B,-131.55%,$1.75B,$-15.67B,-11.03%,$1.75B,$45.77B,3.88%,$2.80B,$9.34B,29.32%,$9707,$7571,$2136,$0,$408,$8793,$914,$-228,$686,$1,$685,$685,$685,$914,$914,$850,859,$0.81,$0.80,$4096,$962,$0,$8895,$21049,$0,$14486,$1342,$36877,$45772,$14775,$10526,$1680,$32181,$46956,$0,$-6748,$-8331,$-1184,$45772,$0,$0,$0,$0,$0,$0,$0,$0,$0,$2212,$-985,$0,$0,$133,$-360,$-227,$21,$-1191,$-621,$0,$-621,$0,$0,$0,$149,$-472,$549,$0,$0
22,2013-03-31,15.27,$-2.27,-6.73,$43.25,0.35,$2.14,7.13,$1.05,14.54,$8.64B,$14.07B,0.61,$10.72B,$-1.94B,-5.52,$36.76B,$7.26B,19.76%,$36.76B,$2.02B,5.48%,$36.76B,$2.02B,5.48%,$36.76B,$2.02B,5.48%,$36.76B,$0.90B,2.45%,$36.76B,$0.89B,2.43%,$0.89B,$-1.94B,-67.87%,$0.89B,$-16.45B,-5.64%,$0.89B,$45.07B,2.00%,$2.02B,$8.78B,20.73%,$8500,$7058,$1442,$0,$357,$8278,$222,$-219,$3,$-4,$7,$7,$7,$222,$222,$848,855,$0.01,$0.01,$3885,$995,$0,$8641,$20793,$0,$14503,$1131,$36427,$45068,$14068,$10721,$1694,$32943,$47011,$0,$-7382,$-8426,$-1943,$45068,$0,$0,$0,$0,$0,$0,$0,$0,$0,$1004,$-647,$0,$0,$46,$0,$46,$-29,$-630,$-299,$0,$-299,$0,$0,$0,$145,$-154,$220,$0,$0
23,2012-12-31,10.98,$-2.50,-4.39,$43.24,0.25,$2.22,4.93,$1.19,9.22,$8.27B,$13.27B,0.62,$11.08B,$-2.13B,-5.2,$36.67B,$7.37B,20.11%,$36.67B,$2.18B,5.93%,$36.67B,$2.18B,5.93%,$36.67B,$2.18B,5.93%,$36.67B,$1.03B,2.80%,$36.67B,$1.01B,2.75%,$1.01B,$-2.13B,-93.32%,$1.01B,$-16.60B,-6.48%,$1.01B,$44.55B,2.27%,$2.18B,$8.95B,21.42%,$8602,$6994,$1608,$0,$377,$8251,$351,$-341,$10,$4,$6,$6,$6,$351,$351,$845,850,$0.01,$0.01,$3749,$1023,$0,$8272,$20713,$0,$14473,$1092,$36278,$44550,$13270,$11082,$1649,$33411,$46681,$0,$-7389,$-8577,$-2131,$44550,$1009,$1758,$110,$1868,$-116,$-451,$0,$-278,$54,$2476,$-1968,$0,$0,$61,$0,$61,$-55,$-1962,$-899,$0,$-899,$0,$0,$0,$144,$-755,$-241,$0,$0
24,2012-09-30,8.47,$-0.06,-150.2,$43.08,0.2,$3.50,2.42,$1.68,5.04,$8.16B,$13.22B,0.62,$11.11B,$-0.05B,-231.48,$36.47B,$7.72B,21.16%,$36.47B,$2.55B,6.99%,$36.47B,$2.55B,6.99%,$36.47B,$2.55B,6.99%,$36.47B,$1.43B,3.92%,$36.47B,$1.43B,3.92%,$1.43B,$-0.05B,-159.11%,$1.43B,$-14.54B,-9.26%,$1.43B,$44.35B,3.23%,$2.55B,$11.06B,24.22%,$9923,$7213,$2710,$0,$440,$8615,$1308,$-256,$1052,$5,$1047,$1047,$1047,$1308,$1308,$846,850,$1.24,$1.23,$3634,$403,$0,$8163,$20599,$0,$14491,$1099,$36189,$44352,$13224,$11111,$1711,$31176,$44400,$0,$-7395,$-6464,$-48,$44352,$0,$0,$0,$0,$0,$0,$0,$0,$0,$1926,$-1430,$0,$0,$38,$-37,$1,$0,$-1429,$-930,$0,$-930,$0,$0,$0,$50,$-880,$-383,$0,$0
25,2012-06-30,10.13,$-1.33,-7.59,$43.03,0.24,$3.85,2.63,$1.10,9.21,$8.46B,$14.69B,0.58,$11.22B,$-1.14B,-9.89,$36.36B,$7.16B,19.69%,$36.36B,$2.10B,5.78%,$36.36B,$2.10B,5.78%,$36.36B,$2.10B,5.78%,$36.36B,$0.93B,2.55%,$36.36B,$0.93B,2.56%,$0.93B,$-1.14B,-160.34%,$0.93B,$-15.65B,-6.16%,$0.93B,$44.72B,2.12%,$2.10B,$10.09B,18.76%,$9732,$8228,$1504,$0,$393,$9598,$134,$-298,$-164,$4,$-168,$-168,$-168,$134,$134,$845,845,$-0.20,$-0.20,$3866,$393,$0,$8457,$20609,$0,$14510,$1144,$36263,$44720,$14693,$11221,$1606,$31162,$45855,$0,$-8442,$-6490,$-1135,$44720,$0,$0,$0,$0,$0,$0,$0,$0,$0,$1463,$-1004,$0,$0,$0,$35,$35,$-32,$-1001,$-741,$0,$-741,$0,$0,$0,$161,$-580,$-118,$0,$0
26,2012-03-31,9.17,$-1.19,-7.71,$42.36,0.22,$4.64,1.98,$1.53,5.99,$8.30B,$13.65B,0.61,$11.52B,$-1.01B,-11.4,$35.78B,$7.51B,21.00%,$35.78B,$2.45B,6.84%,$35.78B,$2.45B,6.84%,$35.78B,$2.45B,6.84%,$35.78B,$1.29B,3.59%,$35.78B,$1.30B,3.62%,$1.30B,$-1.01B,-1296.00%,$1.30B,$-15.54B,-8.87%,$1.30B,$44.19B,2.97%,$2.45B,$10.51B,20.18%,$8413,$6861,$1552,$0,$380,$8031,$382,$-255,$127,$3,$124,$124,$124,$382,$382,$843,847,$0.15,$0.15,$4245,$364,$0,$8299,$20332,$0,$14527,$1031,$35890,$44189,$13646,$11521,$1489,$31554,$45200,$0,$-8274,$-6518,$-1011,$44189,$0,$0,$0,$0,$0,$0,$0,$0,$0,$831,$-407,$0,$0,$0,$26,$26,$32,$-349,$-367,$0,$-367,$0,$0,$0,$139,$-228,$254,$0,$0
27,2011-12-31,7.48,$-1.65,-4.53,$41.68,0.18,$4.67,1.6,$1.00,7.48,$7.73B,$12.70B,0.61,$11.85B,$-1.40B,-8.49,$35.12B,$7.05B,20.08%,$35.12B,$1.98B,5.62%,$35.12B,$1.98B,5.62%,$35.12B,$1.98B,5.62%,$35.12B,$0.77B,2.19%,$35.12B,$0.85B,2.43%,$0.85B,$-1.40B,249.53%,$0.85B,$-15.94B,-6.02%,$0.85B,$43.50B,1.96%,$1.98B,$10.45B,15.12%,$8399,$6447,$1952,$0,$393,$7673,$726,$-310,$416,$-9,$425,$425,$425,$726,$726,$838,844,$0.50,$0.51,$3920,$535,$0,$7729,$20223,$0,$14545,$1002,$35770,$43499,$12701,$11847,$1419,$32194,$44895,$0,$-8398,$-6766,$-1396,$43499,$854,$1716,$275,$1991,$-76,$-8,$0,$-280,$-61,$2834,$-1254,$0,$0,$-234,$0,$-234,$-10,$-1498,$-1777,$0,$-1777,$0,$0,$0,$206,$-1571,$-235,$0,$0
28,2011-09-30,6.94,$1.44,4.82,$40.97,0.17,$4.57,1.52,$0.52,13.34,$7.33B,$12.01B,0.61,$12.56B,$1.22B,10.28,$34.51B,$6.67B,19.33%,$34.51B,$1.54B,4.47%,$34.51B,$1.54B,4.47%,$34.51B,$1.54B,4.47%,$34.51B,$0.37B,1.08%,$34.51B,$0.45B,1.30%,$0.45B,$1.22B,48.94%,$0.45B,$-13.27B,-3.29%,$0.45B,$43.04B,1.03%,$1.54B,$13.78B,11.05%,$9816,$7665,$2151,$0,$480,$8956,$860,$-313,$547,$-2,$549,$549,$549,$860,$860,$838,844,$0.66,$0.65,$3670,$380,$0,$7329,$20256,$0,$14491,$960,$35707,$43036,$12012,$12557,$1424,$29802,$41814,$0,$-8823,$-3724,$1222,$43036,$0,$0,$0,$0,$0,$0,$0,$0,$0,$1676,$-886,$0,$0,$0,$-216,$-216,$16,$-1086,$-1046,$0,$-1046,$0,$0,$0,$-129,$-1175,$-585,$0,$0
29,2011-06-30,8.48,$0.93,9.14,$39.97,0.21,$5.52,1.54,$0.30,28.27,$8.06B,$12.80B,0.63,$13.03B,$0.79B,16.59,$33.64B,$6.94B,20.63%,$33.64B,$1.69B,5.01%,$33.64B,$1.69B,5.01%,$33.64B,$1.69B,5.01%,$33.64B,$0.19B,0.57%,$33.64B,$0.26B,0.78%,$0.26B,$0.79B,33.22%,$0.26B,$-13.72B,-1.91%,$0.26B,$43.88B,0.60%,$1.69B,$13.81B,12.07%,$9153,$7295,$1858,$0,$440,$8672,$481,$-286,$195,$-3,$198,$198,$198,$481,$481,$838,844,$0.24,$0.23,$4254,$403,$0,$8063,$20315,$0,$14508,$992,$35815,$43878,$12802,$13026,$1383,$30291,$43093,$0,$-9372,$-3593,$785,$43878,$0,$0,$0,$0,$0,$0,$0,$0,$0,$1774,$-653,$0,$0,$0,$-229,$-229,$8,$-874,$-795,$0,$-795,$0,$0,$0,$-142,$-937,$-37,$0,$0
30,2011-03-31,9.06,$0.90,10.11,$38.83,0.23,$5.95,1.52,$0.63,14.39,$7.99B,$12.26B,0.65,$13.45B,$0.76B,17.74,$32.65B,$7.18B,21.97%,$32.65B,$2.06B,6.30%,$32.65B,$2.06B,6.30%,$32.65B,$2.06B,6.30%,$32.65B,$0.47B,1.42%,$32.65B,$0.53B,1.63%,$0.53B,$0.76B,82.68%,$0.53B,$-13.77B,-3.82%,$0.53B,$43.88B,1.22%,$2.06B,$14.20B,14.57%,$7747,$6658,$1089,$0,$369,$7839,$-92,$-297,$-389,$-71,$-318,$-318,$-318,$-92,$-92,$837,837,$-0.38,$-0.38,$4229,$349,$0,$7993,$20333,$0,$14525,$1030,$35888,$43881,$12260,$13446,$1386,$30863,$43123,$0,$-9570,$-3403,$758,$43881,$0,$0,$0,$0,$0,$0,$0,$0,$0,$788,$-340,$0,$0,$0,$-240,$-240,$4,$-576,$-215,$0,$-215,$0,$0,$0,$-8,$-223,$-11,$0,$0
31,2010-12-31,11.65,$1.07,10.84,$37.80,0.31,$6.18,1.89,$0.70,16.65,$7.31B,$11.39B,0.64,$13.18B,$0.90B,14.69,$31.76B,$7.33B,23.09%,$31.76B,$2.22B,6.98%,$31.76B,$2.22B,6.98%,$31.76B,$2.22B,6.98%,$31.76B,$0.61B,1.91%,$31.76B,$0.59B,1.87%,$0.59B,$0.90B,125.97%,$0.59B,$-13.65B,-4.21%,$0.59B,$43.19B,1.36%,$2.22B,$14.08B,15.39%,$7789,$6217,$1572,$0,$364,$7495,$294,$-274,$20,$1,$19,$19,$19,$294,$294,$834,843,$0.03,$0.03,$4019,$318,$0,$7307,$20307,$0,$14543,$1031,$35881,$43188,$11385,$13179,$1533,$30906,$42291,$0,$-9252,$-3578,$897,$43188,$593,$1727,$535,$2262,$-141,$-36,$0,$-467,$-128,$2832,$-1342,$0,$0,$0,$-666,$-666,$-18,$-2026,$-2592,$0,$-2592,$0,$0,$0,$71,$-2521,$-1715,$89,$0
32,2010-09-30,10.76,$0.91,11.88,$36.79,0.29,$4.63,2.33,$0.65,16.56,$7.32B,$11.82B,0.62,$13.06B,$0.72B,18.27,$30.77B,$6.93B,22.53%,$30.77B,$1.88B,6.10%,$30.77B,$1.88B,6.10%,$30.77B,$1.88B,6.10%,$30.77B,$0.23B,0.76%,$30.77B,$0.55B,1.78%,$0.55B,$0.72B,178.39%,$0.55B,$-13.85B,-3.84%,$0.55B,$43.15B,1.25%,$1.88B,$13.78B,12.63%,$8950,$6529,$2421,$0,$404,$7947,$1003,$-637,$366,$3,$363,$363,$363,$1003,$1003,$835,842,$0.43,$0.43,$4293,$278,$0,$7321,$20184,$0,$14560,$1088,$35832,$43153,$11820,$13063,$1522,$30618,$42438,$0,$-9271,$-3716,$715,$43153,$0,$0,$0,$0,$0,$0,$0,$0,$0,$2514,$-921,$0,$0,$-451,$0,$-451,$15,$-1357,$-2323,$0,$-2323,$0,$0,$0,$-5,$-2328,$-1171,$0,$0
33,2010-06-30,10.87,$0.25,43.07,$35.31,0.31,$3.71,2.93,$0.03,362.22,$7.87B,$11.89B,0.66,$14.23B,$0.20B,71.5,$29.40B,$6.01B,20.46%,$29.40B,$1.08B,3.67%,$29.40B,$1.08B,3.67%,$29.40B,$1.08B,3.67%,$29.40B,$-0.31B,-1.06%,$29.40B,$0.03B,0.09%,$0.03B,$0.20B,7.06%,$0.03B,$-14.38B,-0.18%,$0.03B,$43.81B,0.06%,$1.08B,$14.43B,6.82%,$8168,$6075,$2093,$0,$377,$7316,$852,$-384,$468,$1,$467,$467,$467,$852,$852,$834,842,$0.56,$0.55,$4843,$285,$0,$7868,$20396,$0,$14580,$965,$35941,$43809,$11892,$14228,$1353,$31718,$43610,$0,$-9634,$-3853,$199,$43809,$0,$0,$0,$0,$0,$0,$0,$0,$0,$2000,$-524,$0,$0,$73,$-98,$-25,$-6,$-555,$-1622,$0,$-1622,$0,$0,$0,$4,$-1618,$-173,$0,$0
34,2010-03-31,13.49,$0.09,147.63,$34.07,0.4,$3.09,4.36,$-0.84,0.0,$8.36B,$11.22B,0.75,$15.25B,$0.07B,211.82,$28.23B,$5.08B,18.00%,$28.23B,$0.23B,0.80%,$28.23B,$0.23B,0.80%,$28.23B,$0.23B,0.80%,$28.23B,$-1.03B,-3.66%,$28.23B,$-0.70B,-2.48%,$-0.70B,$0.07B,-127.26%,$-0.70B,$-14.53B,4.97%,$-0.70B,$44.34B,-1.58%,$0.23B,$15.32B,1.41%,$6848,$5601,$1247,$0,$364,$6780,$68,$-314,$-246,$10,$-256,$-256,$-256,$68,$68,$832,832,$-0.31,$-0.31,$5369,$319,$0,$8361,$20481,$0,$14599,$898,$35978,$44339,$11224,$15251,$1319,$33043,$44267,$0,$-10101,$-3502,$72,$44339,$0,$0,$0,$0,$0,$0,$0,$0,$0,$966,$-328,$0,$0,$73,$0,$73,$-38,$-293,$-368,$0,$-368,$0,$0,$0,$1,$-367,$306,$0,$0
35,2009-12-31,10.52,$0.31,33.63,$33.94,0.31,$2.67,3.94,$-1.49,0.0,$7.99B,$9.80B,0.82,$15.67B,$0.25B,63.94,$28.06B,$4.58B,16.33%,$28.06B,$-0.32B,-1.15%,$28.06B,$-0.32B,-1.15%,$28.06B,$-0.32B,-1.15%,$28.06B,$-1.58B,-5.63%,$28.06B,$-1.24B,-4.41%,$-1.24B,$0.25B,-187.14%,$-1.24B,$-14.37B,8.85%,$-1.24B,$43.79B,-2.79%,$-0.32B,$15.91B,-2.01%,$6805,$5633,$1172,$0,$336,$6851,$-46,$-309,$-355,$-330,$-25,$-25,$-25,$-46,$-46,$827,827,$-0.04,$-0.04,$5101,$327,$0,$7991,$20433,$0,$14616,$749,$35798,$43789,$9797,$15665,$1222,$33747,$43544,$0,$-9845,$-3563,$245,$43789,$-1237,$1906,$-286,$1620,$147,$0,$0,$735,$1025,$1379,$-1202,$0,$0,$0,$256,$256,$-62,$-1008,$75,$0,$75,$0,$0,$0,$-94,$-19,$352,$108,$0
36,2009-09-30,8.29,$1.16,7.17,$40.06,0.21,$-4.12,0.0,$-3.57,0.0,$8.86B,$9.59B,0.92,$16.66B,$0.90B,18.51,$27.97B,$4.72B,16.89%,$27.97B,$-1.38B,-4.92%,$27.97B,$-1.38B,-4.92%,$27.97B,$-1.38B,-4.92%,$27.97B,$-2.66B,-9.52%,$27.97B,$-2.65B,-9.47%,$-2.65B,$0.90B,-323.86%,$-2.65B,$-13.74B,19.16%,$-2.65B,$44.85B,-5.93%,$-1.38B,$17.56B,-8.48%,$7574,$6072,$1502,$0,$384,$7370,$204,$-383,$-179,$-18,$-161,$-161,$-161,$204,$204,$828,828,$-0.19,$-0.19,$5966,$356,$0,$8862,$20658,$0,$14642,$691,$35991,$44853,$9594,$16655,$1261,$34359,$43953,$0,$-9820,$-2907,$900,$44853,$0,$0,$0,$0,$0,$0,$0,$0,$0,$1452,$-646,$0,$0,$121,$0,$121,$-124,$-649,$416,$0,$416,$0,$0,$0,$-78,$338,$1141,$0,$0
37,2009-06-30,5.35,$1.26,4.25,$45.35,0.12,$-7.17,0.0,$-3.51,0.0,$8.30B,$11.15B,0.74,$14.77B,$0.98B,15.08,$26.12B,$4.05B,15.49%,$26.12B,$-1.45B,-5.54%,$26.12B,$-1.45B,-5.54%,$26.12B,$-1.45B,-5.54%,$26.12B,$-2.54B,-9.71%,$26.12B,$-2.54B,-9.72%,$-2.54B,$0.98B,-213.18%,$-2.54B,$-13.65B,21.77%,$-2.54B,$44.48B,-6.37%,$-1.45B,$15.75B,-9.82%,$7000,$5841,$1159,$0,$329,$6999,$1,$-254,$-253,$4,$-257,$-257,$-257,$1,$1,$827,827,$-0.31,$-0.31,$5303,$372,$0,$8299,$20916,$0,$14625,$640,$36181,$44480,$11149,$14774,$1223,$32351,$43500,$0,$-9659,$-2963,$980,$44480,$0,$0,$0,$0,$0,$0,$0,$0,$0,$1477,$-535,$0,$0,$121,$0,$121,$10,$-404,$-463,$0,$-463,$0,$0,$0,$-14,$-477,$596,$0,$0
38,2009-03-31,5.21,$0.67,7.74,$50.77,0.1,$-7.18,0.0,$-5.84,0.0,$8.06B,$11.53B,0.7,$14.74B,$0.52B,28.41,$24.62B,$3.75B,15.24%,$24.62B,$-2.54B,-10.30%,$24.62B,$-2.54B,-10.30%,$24.62B,$-2.54B,-10.30%,$24.62B,$-3.45B,-14.00%,$24.62B,$-3.33B,-13.51%,$-3.33B,$0.52B,-177.27%,$-3.33B,$-14.13B,36.16%,$-3.33B,$44.40B,-9.32%,$-2.54B,$15.26B,-18.35%,$6684,$5935,$749,$0,$356,$7167,$-483,$-311,$-794,$0,$-794,$-794,$-794,$-483,$-483,$825,825,$-0.96,$-0.96,$4895,$380,$0,$8057,$20896,$0,$14647,$795,$36338,$44395,$11527,$14743,$1272,$32349,$43876,$0,$-9402,$-3663,$519,$44395,$0,$0,$0,$0,$0,$0,$0,$0,$0,$643,$-361,$0,$0,$72,$0,$72,$17,$-272,$-182,$0,$-182,$0,$0,$0,$-3,$-185,$186,$0,$0
39,2008-12-31,10.6,$1.26,8.43,$54.71,0.19,$-8.22,0.0,$-21.03,0.0,$8.97B,$11.09B,0.81,$15.41B,$0.87B,17.63,$22.70B,$3.49B,15.38%,$22.70B,$-8.31B,-36.63%,$22.70B,$-8.31B,-36.63%,$22.70B,$-8.31B,-36.63%,$22.70B,$-9.04B,-39.83%,$22.70B,$-8.92B,-39.31%,$-8.92B,$0.87B,-326.31%,$-8.92B,$-13.80B,129.92%,$-8.92B,$45.08B,-28.53%,$-8.31B,$16.29B,-63.53%,$6713,$5399,$1314,$0,$298,$7810,$-1097,$-341,$-1438,$0,$-1438,$-1438,$-1438,$-1097,$-1097,$468,468,$-0.16,$-0.16,$4896,$388,$0,$8974,$20627,$0,$14675,$808,$36110,$45084,$11092,$15411,$1342,$33118,$44210,$0,$-8608,$-4080,$874,$45084,$-8922,$8582,$384,$8966,$194,$0,$0,$-1285,$-1617,$-1707,$-1368,$0,$0,$-92,$0,$-92,$3058,$1598,$1836,$-300,$1536,$192,$192,$0,$-12,$1716,$1607,$54,$0
40,2008-09-30,6.89,$7.76,0.89,$52.22,0.13,$-0.57,0.0,$-19.10,0.0,$5.49B,$6.79B,0.81,$9.27B,$2.39B,3.88,$20.67B,$3.16B,15.30%,$20.67B,$-7.22B,-34.93%,$20.67B,$-7.22B,-34.93%,$20.67B,$-7.22B,-34.93%,$20.67B,$-7.71B,-37.30%,$20.67B,$-7.55B,-36.55%,$-7.55B,$2.39B,-149.76%,$-7.55B,$-5.07B,163.64%,$-7.55B,$25.60B,-26.88%,$-7.22B,$11.67B,-53.32%,$5719,$4895,$824,$0,$259,$5588,$131,$-181,$-50,$0,$-50,$-50,$-50,$131,$131,$396,396,$-0.13,$-0.13,$3309,$243,$0,$5488,$12060,$0,$7459,$591,$20110,$25598,$6788,$9274,$537,$16419,$23207,$0,$-7170,$152,$2391,$25598,$0,$0,$0,$0,$0,$0,$0,$0,$0,$282,$-1106,$0,$0,$-818,$0,$-818,$9,$-1915,$1157,$0,$1157,$0,$0,$0,$-12,$1145,$-488,$0,$0
41,2008-06-30,5.27,$12.24,0.43,$51.01,0.1,$2.13,2.47,$-18.41,0.0,$7.17B,$8.13B,0.88,$8.34B,$3.72B,2.24,$20.18B,$3.44B,17.07%,$20.18B,$-6.90B,-34.19%,$20.18B,$-6.90B,-34.19%,$20.18B,$-6.90B,-34.19%,$20.18B,$-7.30B,-36.16%,$20.18B,$-7.28B,-36.10%,$-7.28B,$3.72B,-105.82%,$-7.28B,$-3.79B,155.98%,$-7.28B,$27.65B,-24.36%,$-6.90B,$12.06B,-46.23%,$5499,$4634,$865,$0,$248,$6586,$-1087,$-76,$-1163,$-119,$-1044,$-1044,$-1044,$-1087,$-1087,$396,396,$-2.64,$-2.64,$3859,$225,$879,$7167,$11999,$0,$7511,$974,$20484,$27651,$8132,$8338,$675,$15798,$23930,$0,$-7120,$1451,$3721,$27651,$0,$0,$0,$0,$0,$0,$0,$0,$0,$1272,$-823,$0,$0,$0,$0,$0,$14,$-809,$136,$0,$136,$0,$0,$0,$-8,$128,$591,$0,$0
42,2008-03-31,7.95,$13.53,0.59,$49.83,0.16,$2.30,3.46,$-11.28,0.0,$5.33B,$6.67B,0.8,$8.39B,$3.95B,2.12,$19.68B,$3.77B,19.15%,$19.68B,$-5.32B,-27.03%,$19.68B,$-5.32B,-27.03%,$19.68B,$-5.32B,-27.03%,$19.68B,$-4.44B,-22.57%,$19.68B,$-4.65B,-23.62%,$-4.65B,$3.95B,-55.86%,$-4.65B,$-4.81B,89.78%,$-4.65B,$26.76B,-14.79%,$-5.32B,$12.34B,-32.92%,$4766,$4278,$488,$0,$225,$11027,$-6261,$-129,$-6390,$0,$-6390,$-6390,$-6390,$-6261,$-6261,$396,396,$-16.15,$-16.15,$2813,$263,$0,$5329,$11945,$0,$8761,$720,$21426,$26755,$6671,$8387,$793,$16133,$22804,$0,$-6076,$650,$3951,$26755,$0,$0,$0,$0,$0,$0,$0,$0,$0,$283,$-561,$0,$0,$0,$0,$0,$11,$-550,$118,$0,$118,$0,$0,$0,$-7,$111,$-156,$0,$0
