,Date,Stock Price,Book Value per Share,Price to Book Ratio,TTM Sales per Share,Price to Sales Ratio,TTM FCF per Share,Price to FCF Ratio,TTM Net EPS,PE Ratio,Current Assets,Current Liabilities,Current Ratio,Long Term Debt,Shareholder's Equity_x,Debt to Equity Ratio,TTM Revenue_x,TTM Gross Profit,Gross Margin,TTM Revenue_y,TTM Operating Income,Operating Margin,TTM Revenue_x,TTM EBIT,EBIT Margin,TTM Revenue_y,TTM EBITDA,EBITDA Margin,TTM Revenue_x,TTM Pre-Tax Income,Pre-Tax Margin,TTM Revenue_y,TTM Net Income_x,Net Margin,TTM Net Income_y,Shareholder's Equity_y,Return on Equity,TTM Net Income_x,Tangible Equity,Return on Tangible Equity,TTM Net Income_y,Total Assets,Return on Assets,TTM Net Income,LT Investments & Debt,Return on Investment,revenue,cost-goods-sold,gross-profit,research-development-expenses,selling-general-administrative-expenses,operating-expenses,operating-income,total-non-operating-income-expense,pre-tax-income,total-provision-income-taxes,income-after-taxes,income-from-continuous-operations,net-income,ebitda,ebit,basic-shares-outstanding,shares-outstanding,eps-basic-net-earnings-per-share,eps-earnings-per-share-diluted,cash-on-hand,inventory,other-current-assets,total-current-assets,net-property-plant-equipment,long-term-investments,goodwill-intangible-assets-total,other-long-term-assets,total-long-term-assets,total-assets,total-current-liabilities,long-term-debt,other-non-current-liabilities,total-long-term-liabilities,total-liabilities,common-stock-net,retained-earnings-accumulated-deficit,comprehensive-income,total-share-holder-equity,total-liabilities-share-holders-equity,net-income-loss,total-depreciation-amortization-cash-flow,other-non-cash-items,total-non-cash-items,change-in-accounts-receivable,change-in-inventories,change-in-accounts-payable,change-in-assets-liabilities,total-change-in-assets-liabilities,cash-flow-from-operating-activities,net-change-in-property-plant-equipment,net-change-in-intangible-assets,net-acquisitions-divestitures,net-change-in-short-term-investments,net-change-in-long-term-investments,net-change-in-investments-total,investing-activities-other,cash-flow-from-investing-activities,net-long-term-debt,net-current-debt,debt-issuance-retirement-net-total,net-common-equity-issued-repurchased,net-total-equity-issued-repurchased,total-common-preferred-stock-dividends-paid,financial-activities-other,cash-flow-from-financial-activities,net-cash-flow,stock-based-compensation,common-stock-dividends-paid
0,2018-09-30,18.67,$10.01,1.87,$54.58,0.34,$0.26,71.59,$1.49,12.53,$2.96B,$1.80B,1.65,$1.76B,$1.36B,1.29,$8.01B,$1.15B,14.40%,$8.01B,$0.59B,7.34%,$8.01B,$0.59B,7.34%,$8.01B,$0.85B,10.59%,$8.01B,$0.47B,5.84%,$8.01B,$0.22B,2.71%,$0.22B,$1.36B,17.56%,$0.22B,$0.94B,24.58%,$0.22B,$5.95B,3.70%,$0.59B,$3.12B,19.63%,$1978,$1692,$286,$0,$119,$1822,$156,$-30,$126,$31,$95,$96,$95,$223,$156,$145,146,$0.66,$0.65,$358,$1100,$103,$2962,$1828,$216,$422,$76,$2985,$5947,$1799,$1760,$471,$2784,$4583,$2,$371,$-1379,$1364,$5947,$334,$198,$-9,$189,$0,$0,$0,$-269,$-269,$237,$-235,$0,$-148,$0,$0,$0,$-2,$-385,$-8,$-13,$-21,$-25,$-25,$-50,$-26,$-122,$-283,$13,$-50
1,2018-06-30,20.09,$8.65,2.32,$53.48,0.38,$1.00,20.17,$1.30,15.45,$2.95B,$1.81B,1.63,$1.77B,$1.25B,1.41,$7.86B,$1.14B,14.45%,$7.86B,$0.57B,7.26%,$7.86B,$0.57B,7.26%,$7.86B,$0.83B,10.52%,$7.86B,$0.45B,5.67%,$7.86B,$0.19B,2.43%,$0.19B,$1.25B,15.67%,$0.19B,$0.86B,21.39%,$0.19B,$5.92B,3.29%,$0.57B,$3.02B,19.16%,$2054,$1746,$308,$0,$134,$1902,$152,$-35,$117,$-4,$121,$127,$124,$215,$152,$145,147,$0.85,$0.85,$376,$1046,$114,$2947,$1806,$330,$388,$0,$2977,$5924,$1812,$1765,$1096,$2861,$4673,$2,$290,$-1385,$1251,$5924,$238,$131,$-12,$119,$0,$0,$0,$-232,$-232,$113,$-145,$0,$-142,$0,$0,$0,$0,$-287,$-2,$-5,$-7,$-25,$-25,$-33,$-5,$-70,$-267,$9,$-33
2,2018-03-31,25.53,$8.35,3.06,$52.05,0.49,$1.29,19.8,$0.92,27.75,$3.16B,$1.86B,1.7,$1.76B,$1.22B,1.44,$7.65B,$1.11B,14.45%,$7.65B,$0.56B,7.32%,$7.65B,$0.56B,7.32%,$7.65B,$0.81B,10.63%,$7.65B,$0.43B,5.60%,$7.65B,$0.14B,1.80%,$0.14B,$1.22B,11.38%,$0.14B,$0.91B,15.26%,$0.14B,$5.95B,2.41%,$0.56B,$2.97B,18.71%,$2138,$1831,$307,$0,$130,$1964,$174,$-21,$153,$48,$105,$111,$108,$242,$174,$146,148,$0.74,$0.73,$520,$1032,$111,$3164,$1827,$245,$302,$0,$2781,$5945,$1861,$1755,$1114,$2869,$4730,$2,$181,$-1336,$1215,$5945,$111,$68,$11,$79,$0,$0,$0,$-216,$-216,$-28,$-65,$0,$0,$-2,$0,$-2,$0,$-67,$-1,$-7,$-8,$0,$0,$-16,$-4,$-28,$-119,$4,$-16
3,2017-12-31,31.6,$8.07,3.91,$49.21,0.64,$1.34,23.63,$0.70,45.15,$2.88B,$1.70B,1.69,$1.76B,$1.11B,1.58,$7.21B,$1.06B,14.73%,$7.21B,$0.53B,7.30%,$7.21B,$0.53B,7.30%,$7.21B,$0.76B,10.60%,$7.21B,$0.38B,5.27%,$7.21B,$0.11B,1.46%,$0.11B,$1.11B,8.71%,$0.11B,$0.81B,11.75%,$0.11B,$5.64B,1.89%,$0.53B,$2.87B,17.82%,$1837,$1585,$252,$0,$134,$1731,$106,$-34,$72,$189,$-117,$-110,$-110,$168,$106,$145,147,$-0.75,$-0.73,$643,$969,$104,$2882,$1807,$163,$301,$71,$2762,$5644,$1702,$1759,$462,$2828,$4530,$2,$86,$-1342,$1114,$5644,$116,$238,$236,$474,$-141,$-146,$234,$10,$-17,$554,$-393,$0,$-184,$-7,$0,$-7,$3,$-581,$36,$-90,$-54,$0,$0,$-47,$-19,$-120,$-104,$23,$-47
4,2017-09-30,27.55,$8.95,3.08,$46.57,0.59,$0.66,41.51,$4.78,5.76,$2.84B,$1.65B,1.72,$1.77B,$1.30B,1.36,$6.82B,$1.01B,14.87%,$6.82B,$0.51B,7.41%,$6.82B,$0.51B,7.41%,$6.82B,$0.73B,10.68%,$6.82B,$0.30B,4.38%,$6.82B,$0.70B,10.27%,$0.70B,$1.30B,56.59%,$0.70B,$0.98B,73.61%,$0.70B,$5.71B,13.05%,$0.51B,$3.06B,17.16%,$1831,$1562,$269,$0,$124,$1692,$139,$-35,$104,$33,$71,$73,$69,$202,$139,$145,147,$0.47,$0.46,$596,$911,$86,$2843,$1762,$223,$315,$0,$2867,$5710,$1653,$1765,$995,$2760,$4413,$2,$202,$-1277,$1297,$5710,$226,$176,$41,$217,$0,$0,$0,$-80,$-80,$361,$-251,$0,$-179,$-6,$0,$-6,$-1,$-437,$36,$-96,$-60,$0,$0,$-33,$-20,$-113,$-148,$17,$-33
5,2017-06-30,21.95,$8.48,2.59,$43.67,0.5,$-0.20,0.0,$4.71,4.66,$2.78B,$1.59B,1.75,$1.84B,$1.23B,1.5,$6.37B,$0.95B,14.96%,$6.37B,$0.46B,7.16%,$6.37B,$0.46B,7.16%,$6.37B,$0.67B,10.45%,$6.37B,$0.27B,4.19%,$6.37B,$0.69B,10.80%,$0.69B,$1.23B,60.87%,$0.69B,$0.91B,78.74%,$0.69B,$5.60B,13.52%,$0.46B,$3.07B,16.29%,$1840,$1563,$277,$0,$133,$1699,$141,$-42,$99,$31,$68,$73,$71,$201,$141,$145,146,$0.48,$0.47,$604,$852,$93,$2775,$1708,$221,$316,$0,$2822,$5597,$1587,$1841,$943,$2784,$4371,$2,$143,$-1279,$1226,$5597,$153,$113,$13,$126,$0,$0,$0,$-104,$-104,$180,$-169,$0,$-179,$-3,$0,$-3,$-1,$-352,$112,$-79,$33,$0,$0,$-20,$-10,$3,$-139,$10,$-20
6,2017-03-31,18.93,$8.18,2.31,$41.60,0.45,$-0.20,0.0,$4.60,4.11,$2.50B,$1.62B,1.55,$1.62B,$1.18B,1.37,$6.08B,$0.91B,14.96%,$6.08B,$0.44B,7.16%,$6.08B,$0.44B,7.16%,$6.08B,$0.63B,10.38%,$6.08B,$0.25B,4.08%,$6.08B,$0.67B,11.02%,$0.67B,$1.18B,64.84%,$0.67B,$0.87B,83.10%,$0.67B,$5.29B,13.86%,$0.44B,$2.81B,16.41%,$1701,$1437,$264,$0,$120,$1561,$140,$-35,$105,$30,$75,$80,$75,$193,$140,$145,146,$0.52,$0.51,$454,$814,$98,$2504,$1676,$218,$314,$0,$2786,$5290,$1616,$1623,$868,$2491,$4107,$2,$82,$-1254,$1183,$5290,$80,$53,$7,$60,$0,$0,$0,$-133,$-133,$11,$-96,$0,$-182,$2,$0,$2,$-2,$-278,$-17,$-1,$-18,$0,$0,$-10,$2,$-26,$-280,$4,$-10
7,2016-12-31,18.55,$8.63,2.15,$39.61,0.47,$-0.27,0.0,$4.39,4.22,$2.28B,$1.25B,1.82,$1.60B,$1.24B,1.28,$5.83B,$0.84B,14.49%,$5.83B,$0.39B,6.76%,$5.83B,$0.39B,6.76%,$5.83B,$0.58B,9.97%,$5.83B,$0.22B,3.69%,$5.83B,$0.64B,10.99%,$0.64B,$1.24B,66.77%,$0.64B,$1.04B,84.29%,$0.64B,$4.86B,13.83%,$0.39B,$2.84B,15.37%,$1447,$1243,$204,$0,$103,$1362,$85,$-94,$-9,$-490,$481,$489,$485,$132,$85,$146,147,$3.32,$3.31,$737,$638,$78,$2284,$1413,$376,$199,$0,$2576,$4860,$1253,$1595,$770,$2365,$3618,$2,$195,$-1284,$1242,$4860,$653,$187,$-385,$-198,$-86,$-13,$70,$-10,$-52,$384,$-322,$0,$-44,$1,$0,$1,$0,$-365,$59,$9,$68,$-81,$-81,$-52,$-23,$-88,$-84,$17,$-52
8,2016-09-30,15.17,$6.05,2.51,$38.35,0.4,$0.22,70.25,$0.51,29.75,$2.64B,$1.25B,2.11,$1.62B,$0.87B,1.86,$5.75B,$0.81B,14.11%,$5.75B,$0.39B,6.71%,$5.75B,$0.39B,6.71%,$5.75B,$0.61B,10.55%,$5.75B,$0.27B,4.69%,$5.75B,$0.07B,1.27%,$0.07B,$0.87B,8.53%,$0.07B,$0.67B,11.05%,$0.07B,$4.61B,1.63%,$0.39B,$2.49B,15.75%,$1384,$1176,$208,$0,$99,$1294,$90,$-18,$72,$13,$59,$61,$57,$140,$90,$144,145,$0.40,$0.39,$853,$696,$140,$2641,$1283,$492,$197,$0,$1972,$4613,$1252,$1615,$876,$2491,$3743,$2,$-281,$-1187,$870,$4613,$164,$140,$20,$160,$0,$0,$0,$-142,$-142,$182,$-198,$0,$-18,$39,$0,$39,$-10,$-187,$63,$14,$77,$-81,$-81,$-42,$-26,$-72,$-64,$11,$-42
9,2016-06-30,10.24,$5.83,1.76,$38.02,0.27,$0.79,12.92,$0.87,11.76,$2.64B,$1.24B,2.13,$1.64B,$0.84B,1.95,$5.84B,$0.82B,13.99%,$5.84B,$0.37B,6.34%,$5.84B,$0.37B,6.34%,$5.84B,$0.59B,10.02%,$5.84B,$0.24B,4.16%,$5.84B,$0.14B,2.31%,$0.14B,$0.84B,14.98%,$0.14B,$0.64B,19.05%,$0.14B,$4.57B,3.01%,$0.37B,$2.48B,14.90%,$1546,$1313,$233,$0,$106,$1426,$120,$-40,$80,$29,$51,$55,$53,$166,$120,$147,147,$0.36,$0.36,$909,$666,$125,$2637,$1241,$491,$198,$0,$1930,$4567,$1237,$1637,$345,$2492,$3729,$2,$-330,$-1163,$838,$4567,$103,$90,$23,$113,$0,$0,$0,$-83,$-83,$140,$-130,$0,$-18,$1,$0,$1,$-3,$-150,$65,$12,$77,$-81,$-81,$-21,$-22,$-47,$-46,$7,$-21
10,2016-03-31,13.59,$5.97,2.28,$37.36,0.36,$0.76,17.85,$0.87,15.62,$2.56B,$1.15B,2.23,$1.57B,$0.88B,1.78,$5.90B,$0.82B,13.90%,$5.90B,$0.37B,6.27%,$5.90B,$0.37B,6.27%,$5.90B,$0.58B,9.88%,$5.90B,$0.26B,4.41%,$5.90B,$0.14B,2.39%,$0.14B,$0.88B,14.55%,$0.14B,$0.68B,18.37%,$0.14B,$4.47B,3.11%,$0.37B,$2.46B,14.60%,$1449,$1250,$199,$0,$98,$1350,$99,$-27,$72,$24,$48,$48,$45,$143,$99,$149,150,$0.30,$0.30,$833,$670,$123,$2563,$1210,$150,$203,$342,$1905,$4468,$1152,$1574,$335,$2432,$3584,$2,$-374,$-1133,$884,$4468,$48,$44,$1,$45,$0,$0,$0,$-128,$-128,$-27,$-71,$0,$-18,$-1,$0,$-1,$-2,$-92,$8,$11,$19,$-28,$-28,$-10,$-1,$-20,$-122,$2,$-10
11,2015-12-31,13.25,$5.54,2.39,$37.38,0.35,$0.92,14.38,$0.95,13.95,$2.43B,$1.09B,2.23,$1.55B,$0.83B,1.87,$6.06B,$0.85B,14.01%,$6.06B,$0.39B,6.49%,$6.06B,$0.39B,6.49%,$6.06B,$0.61B,10.03%,$6.06B,$0.29B,4.82%,$6.06B,$0.16B,2.62%,$0.16B,$0.83B,15.56%,$0.16B,$0.65B,19.53%,$0.16B,$4.30B,3.45%,$0.39B,$2.38B,15.19%,$1375,$1203,$172,$0,$92,$1298,$77,$-31,$46,$92,$-46,$-83,$-82,$158,$77,$159,160,$-0.49,$-0.50,$953,$625,$65,$2431,$1167,$425,$182,$0,$1870,$4301,$1089,$1553,$828,$2381,$3470,$2,$-410,$-1174,$831,$4301,$180,$215,$40,$255,$0,$-28,$-22,$3,$-48,$406,$-260,$0,$0,$4,$0,$4,$-2,$-258,$-42,$-9,$-51,$-311,$-311,$-46,$5,$-403,$-330,$14,$-46
12,2015-09-30,15.19,$6.83,2.23,$37.90,0.4,$1.60,9.5,$2.13,7.13,$2.68B,$1.20B,2.24,$1.57B,$1.05B,1.49,$6.27B,$0.90B,14.36%,$6.27B,$0.42B,6.69%,$6.27B,$0.42B,6.69%,$6.27B,$0.61B,9.69%,$6.27B,$0.20B,3.11%,$6.27B,$0.35B,5.58%,$0.35B,$1.05B,31.55%,$0.35B,$0.86B,39.68%,$0.35B,$4.60B,7.36%,$0.42B,$2.62B,15.62%,$1468,$1255,$213,$0,$98,$1394,$74,$-29,$45,$-77,$122,$122,$119,$118,$74,$158,159,$0.75,$0.75,$974,$690,$131,$2681,$1141,$591,$187,$0,$1919,$4600,$1196,$1566,$787,$2353,$3549,$2,$-318,$-1110,$1051,$4600,$259,$134,$-46,$88,$0,$0,$0,$-92,$-92,$266,$-192,$0,$0,$7,$0,$7,$-3,$-188,$-41,$-1,$-42,$-245,$-245,$-35,$4,$-318,$-304,$14,$-35
13,2015-06-30,19.62,$6.90,2.84,$38.13,0.51,$2.05,9.58,$1.90,10.33,$2.88B,$1.30B,2.21,$1.57B,$1.11B,1.42,$6.44B,$0.93B,14.40%,$6.44B,$0.48B,7.40%,$6.44B,$0.48B,7.40%,$6.44B,$0.67B,10.46%,$6.44B,$0.27B,4.21%,$6.44B,$0.32B,4.96%,$0.32B,$1.11B,27.04%,$0.32B,$0.88B,34.32%,$0.32B,$4.79B,6.56%,$0.48B,$2.68B,17.26%,$1609,$1373,$236,$0,$101,$1489,$120,$-23,$97,$36,$61,$63,$59,$164,$120,$162,163,$0.36,$0.36,$1063,$695,$130,$2879,$1168,$195,$232,$316,$1911,$4790,$1302,$1570,$277,$2379,$3681,$2,$-428,$-1057,$1109,$4790,$137,$90,$13,$103,$0,$0,$0,$-108,$-108,$128,$-122,$0,$0,$2,$0,$2,$-3,$-123,$-40,$-1,$-41,$-126,$-126,$-21,$-1,$-189,$-227,$8,$-21
14,2015-03-31,20.12,$6.71,3.0,$38.04,0.53,$2.56,7.84,$2.02,9.96,$2.86B,$1.27B,2.26,$1.57B,$1.10B,1.43,$6.54B,$0.94B,14.36%,$6.54B,$0.49B,7.43%,$6.54B,$0.49B,7.43%,$6.54B,$0.69B,10.62%,$6.54B,$0.29B,4.48%,$6.54B,$0.34B,5.26%,$0.34B,$1.10B,27.32%,$0.34B,$0.87B,34.77%,$0.34B,$4.74B,6.93%,$0.49B,$2.67B,17.14%,$1608,$1380,$228,$0,$100,$1486,$122,$-18,$104,$31,$73,$74,$63,$168,$122,$165,166,$0.38,$0.38,$1050,$686,$125,$2860,$1131,$203,$231,$313,$1878,$4738,$1268,$1572,$269,$2373,$3641,$2,$-477,$-1080,$1097,$4738,$74,$46,$6,$52,$0,$0,$0,$-141,$-141,$-20,$-62,$0,$0,$5,$0,$5,$-2,$-59,$-38,$2,$-36,$-63,$-63,$0,$-5,$-104,$-236,$3,$0
15,2014-12-31,20.62,$7.11,2.9,$37.89,0.54,$2.86,7.22,$1.83,11.27,$2.95B,$1.26B,2.34,$1.59B,$1.18B,1.35,$6.62B,$0.95B,14.28%,$6.62B,$0.47B,7.12%,$6.62B,$0.47B,7.12%,$6.62B,$0.69B,10.41%,$6.62B,$0.26B,3.93%,$6.62B,$0.31B,4.72%,$0.31B,$1.18B,23.48%,$0.31B,$0.92B,30.09%,$0.31B,$4.91B,6.15%,$0.47B,$2.77B,16.21%,$1582,$1359,$223,$0,$101,$1479,$103,$-154,$-51,$-166,$115,$119,$109,$157,$103,$158,174,$0.66,$0.64,$1290,$654,$138,$2954,$1176,$204,$259,$312,$1951,$4905,$1261,$1588,$296,$2464,$3725,$2,$-532,$-997,$1180,$4905,$328,$218,$-12,$206,$-32,$-56,$66,$-31,$-55,$510,$-234,$0,$9,$-56,$0,$-56,$35,$-246,$76,$-4,$72,$-260,$-260,$-49,$-17,$-254,$-135,$16,$-41
16,2014-09-30,18.14,$7.84,2.31,$39.86,0.46,$3.78,4.79,$1.42,12.77,$3.14B,$1.30B,2.41,$1.58B,$1.33B,1.19,$6.66B,$0.93B,14.03%,$6.66B,$0.47B,7.00%,$6.66B,$0.47B,7.00%,$6.66B,$0.71B,10.59%,$6.66B,$0.38B,5.65%,$6.66B,$0.24B,3.62%,$0.24B,$1.33B,17.37%,$0.24B,$1.05B,22.39%,$0.24B,$5.01B,4.70%,$0.47B,$2.91B,15.75%,$1637,$1397,$240,$0,$97,$1506,$131,$-10,$121,$29,$92,$94,$88,$184,$131,$157,173,$0.56,$0.52,$1272,$726,$115,$3141,$1200,$204,$279,$190,$1873,$5014,$1303,$1580,$337,$2378,$3681,$2,$-632,$-823,$1333,$5014,$220,$164,$43,$207,$0,$0,$0,$-95,$-95,$327,$-169,$0,$9,$-57,$0,$-57,$40,$-177,$-3,$-1,$-4,$-181,$-181,$-38,$4,$-219,$-153,$11,$-32
17,2014-06-30,23.06,$9.15,2.52,$41.84,0.55,$4.04,5.71,$-0.26,0.0,$3.26B,$1.36B,2.4,$1.57B,$1.23B,1.28,$6.69B,$0.93B,13.88%,$6.69B,$0.45B,6.68%,$6.69B,$0.45B,6.68%,$6.69B,$0.70B,10.42%,$6.69B,$0.36B,5.35%,$6.69B,$-0.02B,-0.25%,$-0.02B,$1.43B,-1.23%,$-0.02B,$1.12B,-1.61%,$-0.02B,$5.21B,-0.33%,$0.45B,$2.99B,15.12%,$1710,$1462,$248,$0,$108,$1580,$130,$-11,$119,$33,$86,$92,$84,$185,$130,$157,175,$0.54,$0.49,$1340,$727,$131,$3258,$1244,$202,$310,$198,$1954,$5212,$1360,$1568,$347,$2426,$3786,$2,$-713,$-711,$1426,$5212,$127,$111,$45,$156,$0,$0,$0,$-66,$-66,$223,$-126,$0,$9,$-54,$0,$-54,$38,$-133,$-18,$1,$-17,$-113,$-113,$-20,$-2,$-152,$-84,$9,$-16
18,2014-03-31,21.92,$8.76,2.5,$40.57,0.54,$4.03,5.44,$-0.30,0.0,$3.22B,$1.36B,2.38,$1.57B,$1.17B,1.34,$6.78B,$0.94B,13.86%,$6.78B,$0.45B,6.68%,$6.78B,$0.45B,6.68%,$6.78B,$0.71B,10.49%,$6.78B,$0.37B,5.43%,$6.78B,$-0.02B,-0.24%,$-0.02B,$1.38B,-1.06%,$-0.02B,$1.06B,-1.38%,$-0.02B,$5.16B,-0.31%,$0.45B,$2.95B,15.67%,$1688,$1454,$234,$0,$105,$1581,$107,$-36,$71,$34,$37,$38,$31,$163,$107,$151,177,$0.21,$0.19,$1260,$723,$124,$3219,$1220,$206,$321,$192,$1939,$5158,$1355,$1568,$344,$2426,$3781,$2,$-788,$-732,$1377,$5158,$37,$56,$42,$98,$0,$0,$0,$-114,$-114,$31,$-67,$0,$0,$-33,$0,$-33,$39,$-61,$-11,$-10,$-21,$-64,$-64,$-2,$0,$-87,$-140,$4,$0
19,2013-12-31,18.44,$9.72,1.9,$38.85,0.47,$4.03,4.58,$-0.30,0.0,$3.17B,$1.27B,2.5,$1.57B,$1.04B,1.51,$6.77B,$0.92B,13.59%,$6.77B,$0.44B,6.44%,$6.77B,$0.44B,6.44%,$6.77B,$0.70B,10.39%,$6.77B,$0.37B,5.44%,$6.77B,$-0.01B,-0.19%,$-0.01B,$1.41B,-0.79%,$-0.01B,$1.08B,-1.01%,$-0.01B,$5.13B,-0.25%,$0.44B,$2.98B,15.29%,$1624,$1412,$212,$0,$105,$1526,$98,$-33,$65,$23,$42,$44,$38,$173,$98,$146,146,$0.26,$0.44,$1366,$670,$113,$3165,$1225,$406,$333,$0,$1964,$5129,$1268,$1567,$881,$2448,$3716,$2,$-812,$-727,$1413,$5129,$260,$267,$-26,$241,$12,$50,$60,$-10,$101,$577,$-208,$0,$0,$-48,$0,$-48,$34,$-222,$760,$-14,$746,$-337,$-811,$-69,$-16,$-150,$197,$16,$-41
20,2013-09-30,21.41,$9.19,2.33,$35.25,0.61,$2.32,9.22,$-0.12,0.0,$3.20B,$1.35B,2.38,$1.57B,$0.91B,1.72,$6.75B,$0.91B,13.40%,$6.75B,$0.37B,5.45%,$6.75B,$0.37B,5.45%,$6.75B,$0.63B,9.33%,$6.75B,$0.35B,5.21%,$6.75B,$0.03B,0.43%,$0.03B,$1.34B,1.62%,$0.03B,$0.98B,2.08%,$0.03B,$5.24B,0.56%,$0.37B,$2.90B,13.17%,$1669,$1434,$235,$0,$97,$1557,$112,$-9,$103,$34,$69,$72,$-170,$176,$112,$146,146,$-1.16,$-1.16,$1226,$774,$114,$3201,$1200,$215,$357,$271,$2043,$5244,$1346,$1568,$357,$2563,$3909,$2,$-835,$-820,$1335,$5244,$217,$192,$-19,$173,$0,$0,$0,$-75,$-75,$293,$-123,$0,$-7,$-45,$0,$-45,$41,$-134,$756,$-11,$745,$-288,$-762,$-56,$-17,$-90,$62,$14,$-33
21,2013-06-30,18.01,$13.12,1.37,$31.80,0.57,$1.19,15.08,$1.30,13.86,$3.16B,$1.42B,2.23,$0.82B,$1.17B,0.7,$6.80B,$0.91B,13.35%,$6.80B,$0.38B,5.54%,$6.80B,$0.38B,5.54%,$6.80B,$0.64B,9.47%,$6.80B,$0.34B,5.06%,$6.80B,$0.25B,3.63%,$0.25B,$1.91B,12.61%,$0.25B,$1.54B,15.95%,$0.25B,$5.17B,4.74%,$0.38B,$2.74B,13.57%,$1800,$1541,$259,$0,$105,$1664,$136,$-7,$129,$35,$94,$97,$85,$199,$136,$146,212,$0.58,$0.44,$1127,$773,$122,$3160,$1179,$210,$373,$252,$2014,$5174,$1415,$824,$1024,$1848,$3263,$2,$-658,$-858,$1911,$5174,$146,$128,$9,$137,$0,$0,$0,$-84,$-84,$187,$-71,$0,$-8,$-37,$0,$-37,$41,$-75,$9,$-1,$8,$-86,$-86,$-32,$-7,$-117,$-29,$9,$-17
22,2013-03-31,16.63,$13.22,1.26,$32.33,0.51,$0.27,60.59,$1.26,13.2,$3.16B,$1.41B,2.25,$0.84B,$1.20B,0.7,$6.94B,$0.92B,13.29%,$6.94B,$0.39B,5.55%,$6.94B,$0.39B,5.55%,$6.94B,$0.66B,9.52%,$6.94B,$0.33B,4.73%,$6.94B,$0.24B,3.47%,$0.24B,$1.95B,12.24%,$0.24B,$1.55B,15.65%,$0.24B,$5.23B,4.58%,$0.39B,$2.79B,13.78%,$1676,$1462,$214,$0,$103,$1586,$90,$-19,$71,$27,$44,$48,$34,$155,$90,$148,214,$0.23,$0.19,$1044,$776,$126,$3157,$1209,$466,$402,$0,$2077,$5234,$1406,$839,$1041,$1880,$3286,$2,$-736,$-801,$1948,$5234,$50,$65,$-17,$48,$0,$0,$0,$-109,$-109,$-15,$-29,$0,$-4,$-2,$0,$-2,$3,$-32,$23,$-3,$20,$-24,$-24,$-9,$-7,$-20,$-78,$5,$-1
23,2012-12-31,14.52,$13.14,1.1,$33.66,0.43,$-0.39,0.0,$1.40,10.37,$2.95B,$1.31B,2.25,$0.80B,$1.20B,0.67,$7.22B,$0.97B,13.48%,$7.22B,$0.43B,5.94%,$7.22B,$0.43B,5.94%,$7.22B,$0.71B,9.84%,$7.22B,$0.36B,5.04%,$7.22B,$0.27B,3.72%,$0.27B,$1.95B,13.65%,$0.27B,$1.52B,17.68%,$0.27B,$5.14B,5.06%,$0.43B,$2.75B,15.33%,$1609,$1412,$197,$0,$102,$1579,$30,$19,$49,$-46,$95,$93,$80,$100,$30,$148,215,$0.55,$0.41,$1119,$742,$104,$2953,$1239,$202,$426,$324,$2191,$5144,$1310,$803,$368,$1886,$3196,$2,$-769,$-793,$1948,$5144,$315,$282,$-280,$2,$146,$38,$-173,$-16,$18,$339,$-164,$0,$-4,$3,$0,$3,$4,$-161,$19,$4,$23,$-15,$-15,$-72,$9,$-55,$128,$19,$-41
24,2012-09-30,11.4,$13.69,0.83,$34.85,0.33,$-0.40,0.0,$1.32,8.63,$3.17B,$1.53B,2.07,$0.81B,$1.27B,0.64,$7.49B,$0.99B,13.25%,$7.49B,$0.42B,5.65%,$7.49B,$0.42B,5.65%,$7.49B,$0.71B,9.51%,$7.49B,$0.39B,5.14%,$7.49B,$0.25B,3.37%,$0.25B,$2.03B,12.97%,$0.25B,$1.59B,17.08%,$0.25B,$5.31B,4.71%,$0.42B,$2.84B,15.22%,$1715,$1477,$238,$0,$99,$1594,$121,$-26,$95,$33,$62,$60,$48,$190,$121,$148,215,$0.32,$0.26,$1004,$870,$132,$3169,$1236,$467,$440,$0,$2143,$5312,$1529,$813,$943,$1756,$3285,$1,$-834,$-643,$2027,$5312,$222,$212,$-200,$12,$0,$0,$0,$-116,$-116,$121,$-113,$0,$0,$2,$0,$2,$-3,$-114,$26,$26,$52,$0,$0,$-54,$-1,$-3,$9,$14,$-31
25,2012-06-30,11.83,$13.18,0.9,$35.90,0.33,$-0.16,0.0,$1.57,7.53,$3.24B,$1.62B,2.0,$0.85B,$1.20B,0.71,$7.71B,$0.99B,12.81%,$7.71B,$0.41B,5.25%,$7.71B,$0.41B,5.25%,$7.71B,$0.70B,9.10%,$7.71B,$0.43B,5.58%,$7.71B,$0.31B,3.97%,$0.31B,$1.95B,16.10%,$0.31B,$1.51B,21.71%,$0.31B,$5.38B,5.71%,$0.41B,$2.80B,14.77%,$1936,$1663,$273,$0,$110,$1792,$144,$-31,$113,$27,$86,$88,$79,$215,$144,$148,215,$0.53,$0.40,$941,$871,$135,$3236,$1232,$463,$444,$0,$2139,$5375,$1619,$851,$955,$1806,$3425,$1,$-875,$-670,$1950,$5375,$162,$143,$-180,$-37,$0,$0,$0,$-139,$-139,$-9,$-71,$0,$0,$-1,$0,$-1,$4,$-68,$24,$43,$67,$0,$0,$-32,$1,$36,$-50,$10,$-17
26,2012-03-31,14.26,$13.26,1.08,$35.88,0.4,$0.25,56.13,$1.49,9.57,$3.17B,$1.62B,1.96,$0.85B,$1.21B,0.7,$7.71B,$0.95B,12.30%,$7.71B,$0.37B,4.75%,$7.71B,$0.37B,4.75%,$7.71B,$0.67B,8.72%,$7.71B,$0.41B,5.33%,$7.71B,$0.29B,3.74%,$0.29B,$1.96B,15.20%,$0.29B,$1.47B,21.08%,$0.29B,$5.42B,5.35%,$0.37B,$2.81B,13.36%,$1964,$1698,$266,$0,$113,$1830,$134,$-27,$107,$37,$70,$74,$62,$206,$134,$148,215,$0.42,$0.33,$831,$855,$139,$3170,$1295,$469,$488,$0,$2252,$5422,$1619,$847,$998,$1845,$3464,$1,$-946,$-594,$1958,$5422,$73,$72,$-159,$-87,$0,$0,$0,$-137,$-137,$-153,$-34,$0,$0,$0,$0,$0,$-2,$-36,$13,$20,$33,$0,$0,$-15,$1,$19,$-158,$7,$-7
27,2011-12-31,11.14,$12.48,0.89,$39.13,0.28,$0.88,12.6,$0.90,12.38,$3.02B,$1.45B,2.08,$0.83B,$1.09B,0.77,$7.54B,$0.90B,11.89%,$7.54B,$0.33B,4.39%,$7.54B,$0.33B,4.39%,$7.54B,$0.64B,8.54%,$7.54B,$0.31B,4.06%,$7.54B,$0.19B,2.49%,$0.19B,$1.84B,10.12%,$0.19B,$1.34B,14.38%,$0.19B,$5.28B,3.51%,$0.33B,$2.67B,12.26%,$1871,$1656,$215,$0,$90,$1847,$24,$46,$70,$-5,$75,$79,$63,$101,$24,$147,215,$0.44,$0.45,$987,$784,$106,$3021,$1285,$471,$500,$0,$2256,$5277,$1453,$831,$1155,$1986,$3439,$1,$-1001,$-650,$1838,$5277,$232,$313,$-42,$271,$-258,$-99,$204,$-11,$-134,$370,$-196,$0,$-147,$133,$-132,$1,$-2,$-344,$-115,$26,$-89,$0,$0,$-40,$-19,$-148,$-159,$12,$-9
28,2011-09-30,9.63,$12.61,0.76,$40.17,0.24,$1.26,7.63,$0.41,23.48,$3.08B,$1.56B,1.97,$0.84B,$1.10B,0.76,$7.04B,$0.85B,12.01%,$7.04B,$0.28B,3.96%,$7.04B,$0.28B,3.96%,$7.04B,$0.60B,8.48%,$7.04B,$0.26B,3.71%,$7.04B,$0.10B,1.48%,$0.10B,$1.86B,5.64%,$0.10B,$1.33B,7.97%,$0.10B,$5.35B,1.96%,$0.28B,$2.70B,10.43%,$1940,$1706,$234,$0,$111,$1837,$103,$37,$140,$30,$110,$116,$102,$180,$103,$147,215,$0.69,$0.51,$901,$827,$81,$3080,$1289,$448,$531,$0,$2268,$5348,$1564,$839,$1089,$1928,$3492,$1,$-1064,$-570,$1856,$5348,$157,$236,$-14,$222,$0,$0,$0,$-183,$-183,$186,$-127,$0,$-148,$136,$-124,$12,$6,$-257,$-115,$25,$-90,$0,$0,$-28,$-18,$-136,$-239,$9,$-5
29,2011-06-30,16.78,$13.11,1.28,$38.28,0.44,$1.72,9.76,$0.12,139.81,$2.99B,$1.56B,1.92,$0.87B,$1.17B,0.74,$6.62B,$0.79B,11.93%,$6.62B,$0.24B,3.63%,$6.62B,$0.24B,3.63%,$6.62B,$0.56B,8.52%,$6.62B,$0.16B,2.46%,$6.62B,$0.04B,0.60%,$0.04B,$1.93B,2.19%,$0.04B,$1.33B,3.07%,$0.04B,$5.50B,0.76%,$0.24B,$2.79B,8.97%,$1933,$1700,$233,$0,$107,$1828,$105,$-11,$94,$31,$63,$70,$61,$185,$105,$147,215,$0.41,$0.32,$776,$817,$98,$2991,$1377,$536,$593,$0,$2506,$5497,$1558,$867,$1147,$2014,$3572,$1,$-1166,$-397,$1925,$5497,$45,$159,$56,$215,$0,$0,$0,$-172,$-172,$80,$-71,$0,$-148,$0,$-124,$-124,$-11,$-354,$-109,$12,$-97,$0,$0,$-18,$-19,$-134,$-372,$8,$-3
30,2011-03-31,15.94,$12.40,1.29,$39.74,0.4,$2.33,6.83,$-0.20,0.0,$2.96B,$1.52B,1.95,$0.83B,$1.06B,0.79,$6.21B,$0.73B,11.69%,$6.21B,$0.20B,3.17%,$6.21B,$0.20B,3.17%,$6.21B,$0.53B,8.47%,$6.21B,$0.09B,1.48%,$6.21B,$-0.02B,-0.32%,$-0.02B,$1.81B,-1.13%,$-0.02B,$1.23B,-1.57%,$-0.02B,$5.30B,-0.39%,$0.20B,$2.65B,7.52%,$1800,$1585,$215,$0,$99,$1701,$99,$-97,$2,$31,$-29,$-25,$-38,$178,$99,$145,145,$-0.26,$-0.26,$837,$764,$113,$2957,$1377,$386,$578,$0,$2341,$5298,$1517,$834,$1135,$1969,$3486,$1,$-1229,$-439,$1812,$5298,$-25,$79,$61,$140,$0,$0,$0,$-120,$-120,$-2,$-33,$0,$-135,$0,$0,$0,$-12,$-180,$-117,$13,$-104,$0,$0,$-2,$-20,$-126,$-300,$3,$-2
31,2010-12-31,15.78,$12.39,1.27,$38.11,0.41,$2.82,5.6,$-0.22,0.0,$2.93B,$1.41B,2.09,$0.78B,$1.02B,0.76,$5.92B,$0.65B,10.99%,$5.92B,$0.12B,2.04%,$5.92B,$0.12B,2.04%,$5.92B,$0.46B,7.77%,$5.92B,$0.06B,0.93%,$5.92B,$-0.02B,-0.35%,$-0.02B,$1.79B,-1.20%,$-0.02B,$1.33B,-1.66%,$-0.02B,$5.10B,-0.42%,$0.12B,$2.57B,4.63%,$1371,$1207,$164,$0,$103,$1399,$-28,$53,$25,$20,$5,$9,$-21,$54,$-28,$141,141,$-0.14,$-0.09,$1144,$708,$81,$2933,$1351,$361,$456,$0,$2168,$5101,$1407,$780,$1128,$1908,$3315,$1,$-1189,$-496,$1786,$5101,$15,$339,$-99,$240,$-88,$-108,$178,$16,$20,$287,$-120,$0,$118,$0,$0,$0,$19,$17,$-85,$6,$-79,$0,$0,$-73,$8,$-144,$202,$18,$-7
32,2010-09-30,11.29,$12.75,0.89,$41.92,0.27,$2.62,4.31,$-1.81,0.0,$3.00B,$1.34B,2.23,$0.90B,$1.03B,0.88,$6.04B,$0.59B,9.81%,$6.04B,$-0.03B,-0.56%,$6.04B,$-0.03B,-0.56%,$6.04B,$0.49B,8.08%,$6.04B,$-0.19B,-3.08%,$6.04B,$-0.24B,-4.02%,$-0.24B,$1.80B,-13.95%,$-0.24B,$1.32B,-19.62%,$-0.24B,$5.17B,-4.80%,$-0.03B,$2.70B,-1.28%,$1516,$1338,$178,$0,$99,$1452,$64,$-22,$42,$-4,$46,$47,$38,$147,$64,$141,212,$0.27,$0.22,$1137,$689,$96,$2995,$1351,$342,$479,$3,$2175,$5170,$1341,$903,$1127,$2030,$3371,$1,$-1169,$-492,$1799,$5170,$27,$257,$-60,$197,$0,$0,$0,$-10,$-10,$217,$-62,$0,$113,$0,$0,$0,$10,$61,$-83,$13,$-70,$0,$0,$-38,$2,$-106,$197,$0,$-6
33,2010-06-30,9.17,$11.88,0.77,$47.93,0.19,$2.03,4.52,$-2.48,0.0,$2.82B,$1.29B,2.18,$0.89B,$0.90B,0.99,$5.86B,$0.50B,8.49%,$5.86B,$-0.12B,-2.07%,$5.86B,$-0.12B,-2.07%,$5.86B,$0.43B,7.31%,$5.86B,$-0.28B,-4.73%,$5.86B,$-0.33B,-5.58%,$-0.33B,$1.67B,-17.59%,$-0.33B,$1.20B,-24.79%,$-0.33B,$4.95B,-6.42%,$-0.12B,$2.56B,-4.34%,$1526,$1357,$169,$0,$91,$1464,$62,$-39,$23,$17,$6,$10,$1,$147,$62,$140,146,$0.00,$0.00,$1059,$615,$101,$2821,$1315,$343,$473,$2,$2133,$4954,$1294,$891,$1100,$1991,$3285,$1,$-1207,$-581,$1669,$4954,$-20,$174,$-63,$111,$0,$0,$0,$33,$33,$122,$-26,$0,$113,$0,$0,$0,$2,$89,$-87,$13,$-74,$0,$0,$-18,$1,$-91,$109,$0,$-2
34,2010-03-31,10.89,$12.31,0.88,$49.38,0.22,$0.06,179.72,$-2.56,0.0,$2.71B,$1.24B,2.19,$0.90B,$0.95B,0.94,$5.52B,$0.40B,7.16%,$5.52B,$-0.23B,-4.22%,$5.52B,$-0.23B,-4.22%,$5.52B,$0.34B,6.20%,$5.52B,$-0.32B,-5.85%,$5.52B,$-0.34B,-6.09%,$-0.34B,$1.72B,-17.29%,$-0.34B,$1.21B,-24.62%,$-0.34B,$4.99B,-6.57%,$-0.23B,$2.62B,-7.98%,$1508,$1368,$140,$0,$102,$1485,$23,$-58,$-35,$-3,$-32,$-30,$-39,$112,$23,$140,140,$-0.28,$-0.28,$1026,$616,$70,$2710,$1411,$351,$515,$3,$2280,$4990,$1236,$898,$1133,$2031,$3267,$1,$-1208,$-524,$1723,$4990,$-30,$89,$3,$92,$0,$0,$0,$-21,$-21,$45,$-11,$0,$113,$0,$0,$0,$1,$103,$-77,$9,$-68,$0,$0,$-1,$-1,$-70,$79,$0,$-1
35,2009-12-31,9.94,$12.76,0.78,$50.77,0.2,$-2.22,0.0,$-3.92,0.0,$2.64B,$1.22B,2.17,$0.97B,$1.01B,0.96,$5.23B,$0.24B,4.65%,$5.23B,$-0.42B,-7.94%,$5.23B,$-0.42B,-7.94%,$5.23B,$0.17B,3.29%,$5.23B,$-0.45B,-8.68%,$5.23B,$-0.46B,-8.84%,$-0.46B,$1.78B,-23.25%,$-0.46B,$1.23B,-33.56%,$-0.46B,$5.15B,-8.96%,$-0.42B,$2.75B,-13.68%,$1493,$1387,$106,$0,$96,$1676,$-183,$-33,$-216,$12,$-228,$-234,$-243,$82,$-183,$110,110,$-2.02,$-2.02,$947,$608,$188,$2643,$1484,$374,$549,$104,$2511,$5154,$1217,$969,$1189,$2158,$3375,$1,$-1169,$-504,$1779,$5154,$-435,$587,$-41,$546,$76,$299,$-184,$-48,$102,$208,$-99,$0,$0,$0,$0,$0,$21,$-78,$-187,$-36,$-223,$264,$264,$-5,$-4,$32,$190,$13,$-5
36,2009-09-30,6.24,$16.87,0.37,$52.43,0.12,$-15.90,0.0,$-4.81,0.0,$2.53B,$1.17B,2.17,$0.97B,$1.49B,0.65,$5.26B,$0.12B,2.23%,$5.26B,$-0.38B,-7.27%,$5.26B,$-0.38B,-7.27%,$5.26B,$0.04B,0.74%,$5.26B,$-0.44B,-8.28%,$5.26B,$-0.48B,-9.06%,$-0.48B,$2.26B,-22.93%,$-0.48B,$1.64B,-32.90%,$-0.48B,$5.26B,-9.03%,$-0.38B,$3.23B,-12.03%,$1329,$1247,$82,$0,$73,$1352,$-23,$-26,$-49,$-9,$-40,$-38,$-46,$87,$-23,$101,101,$-0.45,$-0.45,$814,$679,$75,$2526,$1738,$377,$621,$0,$2736,$5262,$1166,$966,$867,$1833,$2999,$1,$-925,$-228,$2263,$5262,$-201,$322,$-71,$251,$0,$0,$0,$49,$49,$88,$-74,$0,$0,$0,$0,$0,$3,$-71,$-192,$-25,$-217,$229,$229,$-5,$-14,$-7,$37,$0,$-5
37,2009-06-30,1.17,$20.08,0.06,$58.56,0.02,$-28.23,0.0,$-7.15,0.0,$2.33B,$1.13B,2.07,$1.07B,$1.24B,0.86,$5.86B,$0.08B,1.42%,$5.86B,$-0.54B,-9.22%,$5.86B,$-0.54B,-9.22%,$5.86B,$-0.02B,-0.32%,$5.86B,$-0.60B,-10.30%,$5.86B,$-0.69B,-11.85%,$-0.69B,$2.01B,-32.61%,$-0.69B,$1.38B,-47.03%,$-0.69B,$5.06B,-12.41%,$-0.54B,$3.08B,-16.28%,$1190,$1123,$67,$0,$64,$1240,$-50,$27,$-23,$-21,$-2,$-3,$-8,$61,$-50,$100,100,$-0.08,$-0.08,$553,$707,$82,$2329,$1762,$339,$630,$0,$2731,$5060,$1126,$1069,$855,$1924,$3050,$1,$-879,$-308,$2010,$5060,$-163,$212,$-71,$141,$0,$0,$0,$-35,$-35,$-77,$-54,$0,$0,$0,$0,$0,$2,$-52,$-79,$-24,$-103,$0,$0,$0,$-3,$-106,$-224,$0,$0
38,2009-03-31,0.42,$18.94,0.02,$69.99,0.01,$-37.57,0.0,$-8.54,0.0,$2.43B,$1.18B,2.06,$1.18B,$1.12B,1.05,$7.00B,$0.16B,2.30%,$7.00B,$-0.57B,-8.14%,$7.00B,$-0.57B,-8.14%,$7.00B,$0.03B,0.41%,$7.00B,$-0.69B,-9.82%,$7.00B,$-0.82B,-11.66%,$-0.82B,$1.90B,-34.43%,$-0.82B,$1.25B,-49.42%,$-0.82B,$5.15B,-13.17%,$-0.57B,$3.08B,-15.74%,$1216,$1228,$-12,$0,$80,$1375,$-159,$-7,$-166,$-9,$-157,$-160,$-165,$-58,$-159,$100,100,$-1.64,$-1.64,$549,$771,$117,$2429,$1758,$319,$641,$0,$2718,$5147,$1182,$1184,$886,$2070,$3252,$1,$-871,$-428,$1895,$5147,$-160,$101,$-14,$87,$0,$0,$0,$-112,$-112,$-174,$-30,$0,$0,$0,$0,$0,$0,$-30,$-3,$-13,$-16,$0,$0,$0,$2,$-14,$-228,$0,$0
39,2008-12-31,0.68,$15.31,0.04,$80.95,0.01,$-46.47,0.0,$-6.90,0.0,$2.75B,$1.45B,1.9,$1.18B,$1.36B,0.87,$8.10B,$0.28B,3.46%,$8.10B,$-0.43B,-5.34%,$8.10B,$-0.43B,-5.34%,$8.10B,$0.20B,2.47%,$8.10B,$0.37B,4.51%,$8.10B,$0.00B,0.04%,$0.00B,$2.14B,0.11%,$0.00B,$1.51B,0.16%,$0.00B,$5.61B,0.04%,$-0.43B,$3.32B,-10.95%,$1521,$1541,$-20,$0,$67,$1671,$-150,$-47,$-197,$51,$-248,$-249,$-257,$-51,$-150,$100,100,$-2.57,$-2.57,$777,$869,$173,$2747,$1636,$319,$623,$282,$2860,$5607,$1446,$1181,$845,$2026,$3472,$1,$-706,$-359,$2135,$5607,$40,$632,$-1684,$-1052,$434,$-34,$-210,$-183,$-35,$-1019,$-250,$0,$5,$0,$0,$0,$101,$-144,$1266,$-88,$1178,$0,$771,$-26,$-1218,$705,$-494,$0,$-8
