,Date,Stock Price,Book Value per Share,Price to Book Ratio,TTM Sales per Share,Price to Sales Ratio,TTM FCF per Share,Price to FCF Ratio,TTM Net EPS,PE Ratio,Current Assets,Current Liabilities,Current Ratio,Long Term Debt,Shareholder's Equity_x,Debt to Equity Ratio,TTM Revenue_x,TTM Gross Profit,Gross Margin,TTM Revenue_y,TTM Operating Income,Operating Margin,TTM Revenue_x,TTM EBIT,EBIT Margin,TTM Revenue_y,TTM EBITDA,EBITDA Margin,TTM Revenue_x,TTM Pre-Tax Income,Pre-Tax Margin,TTM Revenue_y,TTM Net Income_x,Net Margin,TTM Net Income_y,Shareholder's Equity_y,Return on Equity,TTM Net Income_x,Tangible Equity,Return on Tangible Equity,TTM Net Income_y,Total Assets,Return on Assets,TTM Net Income,LT Investments & Debt,Return on Investment,revenue,cost-goods-sold,gross-profit,research-development-expenses,selling-general-administrative-expenses,operating-expenses,operating-income,total-non-operating-income-expense,pre-tax-income,total-provision-income-taxes,income-after-taxes,income-from-continuous-operations,net-income,ebitda,ebit,basic-shares-outstanding,shares-outstanding,eps-basic-net-earnings-per-share,eps-earnings-per-share-diluted,cash-on-hand,inventory,other-current-assets,total-current-assets,net-property-plant-equipment,long-term-investments,goodwill-intangible-assets-total,other-long-term-assets,total-long-term-assets,total-assets,total-current-liabilities,long-term-debt,other-non-current-liabilities,total-long-term-liabilities,total-liabilities,common-stock-net,retained-earnings-accumulated-deficit,comprehensive-income,total-share-holder-equity,total-liabilities-share-holders-equity,net-income-loss,total-depreciation-amortization-cash-flow,other-non-cash-items,total-non-cash-items,change-in-accounts-receivable,change-in-inventories,change-in-accounts-payable,change-in-assets-liabilities,total-change-in-assets-liabilities,cash-flow-from-operating-activities,net-change-in-property-plant-equipment,net-change-in-intangible-assets,net-acquisitions-divestitures,net-change-in-short-term-investments,net-change-in-long-term-investments,net-change-in-investments-total,investing-activities-other,cash-flow-from-investing-activities,net-long-term-debt,net-current-debt,debt-issuance-retirement-net-total,net-common-equity-issued-repurchased,net-total-equity-issued-repurchased,total-common-preferred-stock-dividends-paid,financial-activities-other,cash-flow-from-financial-activities,net-cash-flow,stock-based-compensation,common-stock-dividends-paid
0,2018-09-30,19.32,$14.06,1.37,$21.01,0.92,$0.58,33.3,$1.03,18.76,$0.88B,$0.49B,1.81,$1.67B,$2.32B,0.72,$3.49B,$0.76B,21.82%,$3.49B,$0.10B,2.98%,$3.49B,$0.10B,2.98%,$3.49B,$0.43B,12.30%,$3.49B,$0.09B,2.58%,$3.49B,$0.17B,4.79%,$0.17B,$2.32B,7.09%,$0.17B,$0.49B,37.05%,$0.17B,$4.81B,3.39%,$0.10B,$3.98B,2.56%,$813,$648,$164,$0,$67,$794,$18,$-25,$-7,$-1,$-5,$-5,$-6,$99,$18,$165,165,$-0.04,$-0.04,$82,$362,$20,$878,$1631,$0,$1827,$55,$3927,$4805,$486,$1668,$102,$2004,$2490,$2,$1047,$-277,$2315,$4805,$64,$242,$-61,$181,$10,$-26,$0,$4,$-45,$200,$-210,$0,$-51,$0,$73,$73,$0,$-189,$-14,$0,$-14,$0,$0,$0,$-17,$-30,$-25,$14,$0
1,2018-06-30,19.88,$14.20,1.4,$21.67,0.92,$1.11,17.96,$1.08,18.41,$0.92B,$0.48B,1.9,$1.69B,$2.34B,0.72,$3.61B,$0.79B,21.91%,$3.61B,$0.12B,3.32%,$3.61B,$0.12B,3.32%,$3.61B,$0.44B,12.30%,$3.61B,$0.11B,3.10%,$3.61B,$0.18B,5.01%,$0.18B,$2.34B,7.78%,$0.18B,$0.49B,47.54%,$0.18B,$4.86B,3.65%,$0.12B,$4.03B,2.96%,$847,$653,$194,$0,$79,$825,$22,$-49,$-27,$2,$-29,$-29,$-30,$102,$22,$165,165,$-0.18,$-0.18,$104,$371,$21,$918,$1624,$0,$1844,$57,$3939,$4857,$483,$1688,$106,$2036,$2519,$2,$1053,$-274,$2338,$4857,$69,$162,$-55,$107,$5,$-31,$0,$8,$-48,$128,$-137,$0,$-51,$0,$76,$76,$1,$-111,$-1,$0,$-1,$0,$0,$0,$-8,$-9,$-3,$13,$0
2,2018-03-31,17.3,$14.81,1.17,$21.90,0.79,$1.60,10.81,$1.31,13.21,$0.97B,$0.51B,1.92,$1.76B,$2.44B,0.72,$3.66B,$0.79B,21.67%,$3.66B,$0.14B,3.72%,$3.66B,$0.14B,3.72%,$3.66B,$0.46B,12.44%,$3.66B,$0.16B,4.29%,$3.66B,$0.22B,6.01%,$0.22B,$2.44B,9.63%,$0.22B,$0.47B,72.07%,$0.22B,$5.09B,4.44%,$0.14B,$4.20B,3.39%,$875,$678,$197,$0,$87,$844,$32,$70,$102,$4,$98,$98,$97,$113,$32,$165,168,$0.59,$0.58,$123,$373,$16,$971,$1658,$0,$1969,$63,$4114,$5086,$507,$1764,$107,$2139,$2646,$2,$1083,$-198,$2439,$5086,$98,$82,$-92,$-10,$-15,$-10,$0,$4,$-61,$27,$-55,$0,$0,$0,$-1,$-1,$0,$-55,$49,$0,$49,$0,$0,$0,$-3,$46,$16,$9,$0
3,2017-12-31,18.13,$14.14,1.28,$21.97,0.83,$1.97,9.2,$0.77,23.55,$0.96B,$0.56B,1.71,$1.70B,$2.33B,0.73,$3.66B,$0.79B,21.49%,$3.66B,$0.14B,3.74%,$3.66B,$0.14B,3.74%,$3.66B,$0.45B,12.23%,$3.66B,$0.06B,1.75%,$3.66B,$0.13B,3.52%,$0.13B,$2.33B,5.86%,$0.13B,$0.35B,55.84%,$0.13B,$4.96B,2.65%,$0.14B,$4.03B,3.49%,$953,$746,$206,$0,$94,$921,$32,$-10,$22,$-85,$107,$107,$106,$115,$32,$165,167,$0.63,$0.63,$107,$358,$57,$956,$1646,$0,$1978,$62,$4002,$4958,$559,$1698,$106,$2071,$2631,$2,$981,$-210,$2328,$4958,$133,$311,$-84,$227,$3,$-15,$0,$-21,$50,$411,$-266,$0,$-12,$0,$-5,$-5,$-1,$-284,$-122,$0,$-122,$0,$0,$0,$-33,$-155,$-8,$18,$0
4,2017-09-30,17.52,$13.39,1.31,$21.59,0.81,$2.04,8.58,$0.39,44.92,$0.96B,$0.55B,1.76,$1.73B,$2.21B,0.79,$3.59B,$0.77B,21.55%,$3.59B,$0.14B,3.90%,$3.59B,$0.14B,3.90%,$3.59B,$0.45B,12.50%,$3.59B,$0.09B,2.51%,$3.59B,$0.06B,1.78%,$0.06B,$2.21B,2.99%,$0.06B,$0.21B,35.96%,$0.06B,$4.94B,1.33%,$0.14B,$3.94B,3.62%,$936,$743,$194,$0,$82,$902,$34,$-19,$15,$6,$9,$9,$8,$114,$34,$165,167,$0.05,$0.05,$110,$375,$17,$962,$1622,$0,$1996,$47,$3972,$4935,$546,$1734,$96,$2184,$2730,$2,$875,$-224,$2205,$4935,$26,$228,$10,$238,$-5,$-31,$0,$-18,$4,$269,$-191,$0,$-12,$0,$-5,$-5,$-2,$-211,$-76,$0,$-76,$0,$0,$0,$-4,$-79,$-4,$15,$0
5,2017-06-30,15.74,$13.16,1.2,$21.16,0.74,$2.28,6.89,$0.51,30.86,$0.93B,$0.49B,1.89,$1.73B,$2.17B,0.8,$3.51B,$0.76B,21.74%,$3.51B,$0.14B,4.05%,$3.51B,$0.14B,4.05%,$3.51B,$0.44B,12.65%,$3.51B,$0.10B,2.94%,$3.51B,$0.09B,2.42%,$0.09B,$2.17B,4.03%,$0.09B,$0.19B,58.22%,$0.09B,$4.83B,1.78%,$0.14B,$3.90B,3.68%,$895,$699,$196,$0,$85,$857,$38,$-20,$18,$8,$10,$10,$9,$113,$38,$165,167,$0.06,$0.05,$125,$360,$13,$925,$1585,$0,$1975,$48,$3905,$4830,$489,$1728,$97,$2174,$2663,$2,$868,$-273,$2167,$4830,$18,$148,$17,$165,$18,$-22,$0,$-10,$15,$198,$-124,$0,$-12,$0,$-2,$-2,$-1,$-140,$-52,$0,$-52,$0,$0,$0,$-6,$-58,$10,$11,$0
6,2017-03-31,14.52,$12.78,1.14,$21.09,0.69,$2.22,6.55,$0.65,22.34,$0.93B,$0.45B,2.05,$1.73B,$2.10B,0.82,$3.49B,$0.77B,21.97%,$3.49B,$0.16B,4.53%,$3.49B,$0.16B,4.53%,$3.49B,$0.46B,13.21%,$3.49B,$0.13B,3.64%,$3.49B,$0.11B,3.09%,$0.11B,$2.10B,5.19%,$0.11B,$0.17B,102.37%,$0.11B,$4.72B,2.26%,$0.16B,$3.83B,4.08%,$879,$688,$191,$0,$87,$846,$33,$-23,$9,$2,$7,$7,$6,$106,$33,$165,166,$0.04,$0.04,$139,$342,$16,$927,$1533,$0,$1931,$42,$3792,$4720,$452,$1727,$96,$2164,$2616,$2,$859,$-324,$2104,$4720,$7,$73,$22,$96,$-1,$-11,$0,$4,$-9,$94,$-61,$0,$0,$0,$-2,$-2,$3,$-60,$-6,$0,$-6,$0,$0,$0,$-5,$-11,$24,$7,$0
7,2016-12-31,12.91,$12.61,1.02,$20.53,0.63,$1.97,6.55,$0.62,20.82,$0.89B,$0.45B,1.98,$1.73B,$2.08B,0.83,$3.39B,$0.76B,22.32%,$3.39B,$0.15B,4.48%,$3.39B,$0.15B,4.48%,$3.39B,$0.45B,13.38%,$3.39B,$0.12B,3.63%,$3.39B,$0.10B,3.04%,$0.10B,$2.08B,4.99%,$0.10B,$0.14B,188.99%,$0.10B,$4.70B,2.14%,$0.15B,$3.80B,3.90%,$881,$688,$193,$0,$80,$846,$35,$13,$48,$6,$42,$42,$41,$116,$35,$165,165,$0.25,$0.25,$115,$331,$22,$893,$1516,$0,$1938,$44,$3805,$4698,$452,$1728,$96,$2170,$2622,$2,$853,$-340,$2076,$4698,$107,$301,$-43,$258,$-23,$15,$0,$-9,$26,$391,$-236,$0,$-9,$0,$0,$0,$2,$-243,$-173,$0,$-173,$-5,$-5,$0,$-6,$-184,$-42,$10,$0
8,2016-09-30,13.51,$12.67,1.07,$20.07,0.67,$2.21,6.1,$0.89,15.18,$0.96B,$0.46B,2.1,$1.82B,$2.09B,0.87,$3.31B,$0.74B,22.27%,$3.31B,$0.15B,4.53%,$3.31B,$0.15B,4.53%,$3.31B,$0.45B,13.61%,$3.31B,$0.16B,4.83%,$3.31B,$0.15B,4.41%,$0.15B,$2.09B,7.17%,$0.15B,$0.08B,1497.44%,$0.15B,$4.82B,3.02%,$0.15B,$3.90B,3.83%,$854,$671,$183,$0,$77,$818,$36,$-7,$28,$-1,$29,$29,$29,$109,$36,$165,165,$0.17,$0.17,$149,$359,$19,$963,$1535,$0,$2004,$36,$3854,$4817,$460,$1818,$90,$2272,$2731,$2,$812,$-286,$2085,$4817,$66,$221,$-8,$213,$-3,$-11,$0,$-12,$2,$281,$-164,$0,$-9,$0,$0,$0,$2,$-171,$-110,$0,$-110,$-5,$-5,$0,$-3,$-117,$-8,$8,$0
9,2016-06-30,14.9,$12.50,1.19,$20.07,0.74,$2.34,6.38,$0.66,22.58,$1.00B,$0.47B,2.15,$1.87B,$2.06B,0.91,$3.31B,$0.74B,22.24%,$3.31B,$0.15B,4.62%,$3.31B,$0.15B,4.62%,$3.31B,$0.45B,13.52%,$3.31B,$0.13B,4.01%,$3.31B,$0.11B,3.26%,$0.11B,$2.06B,5.41%,$0.11B,$0.03B,-221.54%,$0.11B,$4.86B,2.23%,$0.15B,$3.93B,3.91%,$877,$677,$200,$0,$76,$823,$54,$-12,$42,$8,$34,$34,$32,$130,$54,$165,165,$0.19,$0.19,$158,$364,$26,$1004,$1528,$0,$2028,$39,$3856,$4860,$467,$1874,$94,$2335,$2802,$2,$784,$-282,$2058,$4860,$37,$147,$10,$158,$-20,$-20,$0,$-19,$-26,$168,$-107,$0,$-9,$0,$0,$0,$2,$-114,$-48,$0,$-48,$-5,$-5,$0,$-2,$-55,$1,$5,$0
10,2016-03-31,13.17,$12.34,1.07,$19.97,0.66,$2.51,5.24,$0.49,26.88,$0.96B,$0.45B,2.13,$1.92B,$2.03B,0.95,$3.30B,$0.73B,22.09%,$3.30B,$0.14B,4.19%,$3.30B,$0.14B,4.19%,$3.30B,$0.42B,12.86%,$3.30B,$0.10B,3.06%,$3.30B,$0.08B,2.40%,$0.08B,$2.03B,4.00%,$0.08B,$-0.03B,-85.41%,$0.08B,$4.87B,1.63%,$0.14B,$3.96B,3.52%,$780,$599,$181,$0,$81,$753,$27,$-22,$5,$2,$3,$3,$1,$99,$27,$164,165,$0.01,$0.01,$148,$373,$12,$960,$1536,$0,$2061,$41,$3912,$4872,$452,$1924,$96,$2389,$2841,$2,$752,$-276,$2031,$4872,$3,$72,$-3,$69,$7,$-21,$0,$-16,$-26,$45,$-52,$0,$-9,$0,$0,$0,$1,$-59,$5,$0,$5,$-5,$-5,$0,$-2,$-3,$-10,$2,$0
11,2015-12-31,10.52,$11.99,0.88,$20.53,0.51,$2.61,4.03,$0.48,21.92,$0.93B,$0.44B,2.11,$1.89B,$1.98B,0.96,$3.39B,$0.74B,21.73%,$3.39B,$0.14B,4.22%,$3.39B,$0.14B,4.22%,$3.39B,$0.42B,12.47%,$3.39B,$0.10B,2.95%,$3.39B,$0.08B,2.30%,$0.08B,$1.98B,3.99%,$0.08B,$-0.04B,-61.66%,$0.08B,$4.76B,1.60%,$0.14B,$3.86B,3.65%,$803,$630,$174,$0,$70,$771,$33,$52,$85,$-1,$86,$86,$84,$113,$33,$165,165,$0.52,$0.52,$157,$345,$10,$932,$1508,$0,$2015,$42,$3829,$4761,$442,$1886,$98,$2344,$2786,$2,$750,$-336,$1975,$4761,$85,$280,$-19,$261,$8,$35,$0,$31,$74,$421,$-226,$0,$-0,$0,$0,$0,$-3,$-230,$-107,$0,$-107,$-6,$-6,$0,$-27,$-140,$48,$9,$0
12,2015-09-30,11.24,$11.64,0.97,$21.72,0.52,$1.77,6.37,$0.38,29.58,$1.01B,$0.46B,2.21,$1.98B,$1.92B,1.03,$3.59B,$0.77B,21.43%,$3.59B,$0.15B,4.18%,$3.59B,$0.15B,4.18%,$3.59B,$0.42B,11.68%,$3.59B,$0.09B,2.48%,$3.59B,$0.06B,1.78%,$0.06B,$1.92B,3.24%,$0.06B,$-0.15B,-38.38%,$0.06B,$4.85B,1.29%,$0.15B,$3.89B,3.76%,$854,$671,$182,$0,$75,$815,$39,$-38,$1,$8,$-7,$-7,$-9,$106,$39,$165,165,$-0.06,$-0.06,$149,$367,$9,$1006,$1517,$0,$2069,$76,$3843,$4848,$455,$1976,$106,$2476,$2932,$2,$666,$-306,$1917,$4848,$-1,$200,$69,$269,$8,$8,$0,$19,$28,$297,$-160,$0,$0,$0,$0,$0,$-2,$-162,$-62,$0,$-62,$-6,$-6,$0,$-26,$-94,$40,$6,$0
13,2015-06-30,14.66,$11.92,1.23,$22.49,0.65,$1.11,13.24,$0.53,27.66,$1.04B,$0.47B,2.23,$1.99B,$1.97B,1.01,$3.71B,$0.80B,21.60%,$3.71B,$0.16B,4.34%,$3.71B,$0.16B,4.34%,$3.71B,$0.43B,11.58%,$3.71B,$0.12B,3.10%,$3.71B,$0.09B,2.34%,$0.09B,$1.97B,4.32%,$0.09B,$-0.15B,-42.65%,$0.09B,$4.94B,1.71%,$0.16B,$3.96B,3.93%,$859,$668,$191,$0,$84,$820,$39,$-30,$10,$5,$5,$5,$3,$106,$39,$165,165,$0.02,$0.02,$126,$396,$24,$1037,$1516,$0,$2114,$80,$3902,$4939,$465,$1994,$111,$2505,$2970,$2,$675,$-267,$1969,$4939,$7,$133,$41,$173,$23,$-21,$0,$9,$8,$188,$-97,$0,$0,$0,$0,$0,$-2,$-99,$-46,$0,$-46,$0,$0,$0,$-19,$-65,$17,$5,$0
14,2015-03-31,14.01,$11.85,1.18,$23.54,0.6,$0.20,71.37,$0.71,19.73,$1.04B,$0.48B,2.2,$2.01B,$1.96B,1.03,$3.89B,$0.85B,21.96%,$3.89B,$0.20B,5.07%,$3.89B,$0.20B,5.07%,$3.89B,$0.47B,12.02%,$3.89B,$0.16B,3.99%,$3.89B,$0.12B,3.01%,$0.12B,$1.96B,5.70%,$0.12B,$-0.17B,-45.57%,$0.12B,$4.96B,2.23%,$0.20B,$3.97B,4.68%,$875,$685,$190,$0,$87,$843,$32,$-28,$4,$2,$2,$2,$0,$98,$32,$165,165,$0.00,$0.00,$112,$398,$31,$1044,$1508,$0,$2125,$67,$3914,$4958,$476,$2010,$112,$2524,$3000,$2,$672,$-275,$1958,$4958,$2,$66,$6,$72,$12,$-27,$0,$21,$-15,$59,$-50,$0,$0,$0,$0,$0,$-0,$-51,$-18,$0,$-18,$0,$0,$0,$27,$9,$3,$1,$0
15,2014-12-31,18.16,$12.45,1.46,$24.00,0.76,$-0.35,0.0,$0.39,46.56,$1.01B,$0.48B,2.09,$2.10B,$2.05B,1.02,$3.96B,$0.83B,21.08%,$3.96B,$0.16B,4.15%,$3.96B,$0.16B,4.15%,$3.96B,$0.43B,10.97%,$3.96B,$0.08B,2.07%,$3.96B,$0.06B,1.62%,$0.06B,$2.05B,3.07%,$0.06B,$-0.20B,-19.77%,$0.06B,$5.13B,1.18%,$0.16B,$4.15B,3.79%,$1000,$794,$206,$0,$95,$961,$40,$34,$74,$5,$69,$69,$70,$109,$40,$165,165,$0.42,$0.42,$109,$402,$21,$1009,$1574,$0,$2253,$71,$4118,$5127,$483,$2098,$115,$2592,$3075,$2,$672,$-177,$2051,$5127,$68,$270,$-56,$214,$1,$-11,$0,$57,$-7,$275,$-220,$0,$-2094,$0,$0,$0,$-10,$-2324,$1327,$0,$1327,$0,$0,$0,$-52,$1276,$-762,$21,$0
16,2014-09-30,18.32,$12.58,1.46,$22.17,0.83,$0.11,172.34,$0.15,122.13,$1.14B,$0.54B,2.1,$2.22B,$2.07B,1.07,$3.46B,$0.74B,21.31%,$3.46B,$0.14B,4.13%,$3.46B,$0.14B,4.13%,$3.46B,$0.38B,10.83%,$3.46B,$0.03B,0.90%,$3.46B,$0.02B,0.46%,$0.02B,$2.07B,0.77%,$0.02B,$-0.30B,-17.68%,$0.02B,$5.38B,0.32%,$0.14B,$4.29B,3.57%,$979,$764,$215,$0,$95,$929,$50,$-23,$27,$11,$16,$16,$14,$117,$50,$165,165,$0.09,$0.09,$194,$420,$22,$1143,$1638,$0,$2373,$72,$4234,$5378,$544,$2223,$90,$2762,$3306,$2,$602,$-86,$2071,$5378,$-0,$200,$6,$207,$-41,$-13,$0,$33,$-27,$179,$-151,$0,$-2076,$0,$0,$0,$-7,$-2233,$1419,$0,$1419,$0,$0,$0,$-50,$1370,$-677,$17,$0
17,2014-06-30,20.9,$12.90,1.62,$19.83,1.05,$0.65,32.14,$0.29,72.07,$1.15B,$0.56B,2.06,$2.30B,$2.12B,1.08,$2.91B,$0.64B,21.96%,$2.91B,$0.14B,4.64%,$2.91B,$0.14B,4.64%,$2.91B,$0.32B,11.10%,$2.91B,$0.05B,1.68%,$2.91B,$0.03B,1.03%,$0.03B,$2.12B,1.62%,$0.03B,$-0.36B,41.81%,$0.03B,$5.56B,0.75%,$0.14B,$4.43B,4.11%,$1031,$790,$242,$0,$95,$956,$75,$-25,$50,$16,$35,$35,$33,$143,$75,$165,165,$0.20,$0.20,$144,$432,$33,$1148,$1697,$0,$2480,$76,$4407,$5555,$557,$2303,$98,$2874,$3431,$2,$588,$-16,$2124,$5555,$-16,$133,$3,$136,$-37,$-3,$0,$-11,$-79,$41,$-101,$0,$-2076,$0,$0,$0,$-7,$-2184,$1447,$0,$1447,$0,$0,$0,$-40,$1408,$-727,$15,$0
18,2014-03-31,20.02,$12.73,1.57,$17.15,1.17,$1.65,12.1,$0.31,64.58,$1.10B,$0.53B,2.07,$2.33B,$2.10B,1.11,$2.30B,$0.51B,22.19%,$2.30B,$0.11B,4.82%,$2.30B,$0.11B,4.82%,$2.30B,$0.25B,10.99%,$2.30B,$0.04B,1.82%,$2.30B,$0.02B,1.00%,$0.02B,$2.10B,1.44%,$0.02B,$-0.44B,8.65%,$0.02B,$5.55B,0.76%,$0.11B,$4.43B,4.40%,$946,$775,$171,$0,$90,$947,$-1,$-69,$-69,$-18,$-51,$-51,$-53,$65,$-1,$164,164,$-0.32,$-0.32,$144,$411,$33,$1098,$1682,$0,$2531,$80,$4451,$5550,$530,$2330,$106,$2924,$3454,$2,$555,$-10,$2096,$5550,$-51,$66,$-0,$65,$7,$17,$0,$7,$-45,$-31,$-50,$0,$-2082,$0,$0,$0,$-7,$-2139,$1483,$0,$1483,$3,$3,$0,$-43,$1443,$-727,$8,$0
19,2013-12-31,20.88,$12.30,1.7,$15.16,1.38,$2.43,8.6,$0.90,23.2,$1.13B,$0.18B,6.38,$0.87B,$2.02B,0.43,$1.80B,$0.46B,25.69%,$1.80B,$0.17B,9.49%,$1.80B,$0.17B,9.49%,$1.80B,$0.27B,14.87%,$1.80B,$0.16B,9.10%,$1.80B,$0.11B,5.99%,$0.11B,$2.02B,7.99%,$0.11B,$0.73B,22.94%,$0.11B,$3.24B,5.27%,$0.17B,$2.89B,9.74%,$507,$397,$110,$0,$45,$489,$19,$5,$23,$1,$22,$22,$22,$50,$19,$120,120,$0.19,$0.19,$871,$65,$32,$1128,$667,$0,$1290,$45,$2117,$3244,$177,$867,$41,$1046,$1223,$2,$608,$-29,$2021,$3244,$109,$99,$-1,$98,$4,$2,$0,$4,$4,$211,$-116,$0,$-734,$0,$-45,$-45,$-0,$-895,$632,$0,$632,$841,$841,$0,$-15,$1457,$768,$9,$0
20,2013-09-30,21.16,$9.80,2.16,$15.13,1.4,$2.81,7.54,$0.96,22.04,$0.22B,$0.15B,1.51,$0.25B,$1.16B,0.22,$1.79B,$0.46B,25.91%,$1.79B,$0.20B,11.22%,$1.79B,$0.20B,11.22%,$1.79B,$0.29B,16.19%,$1.79B,$0.19B,10.39%,$1.79B,$0.12B,6.42%,$0.12B,$1.16B,10.35%,$0.12B,$0.35B,30.75%,$0.12B,$1.71B,7.08%,$0.20B,$1.41B,14.76%,$426,$310,$116,$0,$43,$384,$42,$3,$45,$17,$28,$28,$28,$65,$42,$118,118,$0.23,$0.23,$8,$71,$4,$224,$522,$0,$811,$40,$1489,$1714,$148,$250,$51,$407,$555,$1,$585,$-27,$1158,$1714,$86,$67,$32,$99,$1,$-10,$0,$-13,$-17,$169,$-84,$0,$-121,$0,$-45,$-45,$-0,$-251,$-0,$0,$-0,$0,$0,$0,$-13,$-13,$-95,$7,$0
21,2013-06-30,18.66,$9.54,1.96,$15.37,1.21,$3.07,6.08,$1.04,17.94,$0.32B,$0.13B,2.41,$0.25B,$1.13B,0.22,$1.82B,$0.47B,26.02%,$1.82B,$0.23B,12.38%,$1.82B,$0.23B,12.38%,$1.82B,$0.31B,17.11%,$1.82B,$0.20B,11.00%,$1.82B,$0.12B,6.82%,$0.12B,$1.13B,11.47%,$0.12B,$0.42B,34.00%,$0.12B,$1.64B,7.86%,$0.23B,$1.38B,16.90%,$424,$310,$114,$0,$41,$373,$51,$-8,$43,$16,$26,$26,$26,$73,$51,$118,119,$0.22,$0.22,$134,$63,$5,$323,$479,$0,$707,$28,$1319,$1642,$134,$250,$59,$381,$515,$1,$558,$-28,$1127,$1642,$59,$44,$31,$74,$6,$-4,$0,$-6,$-4,$129,$-53,$0,$0,$0,$-45,$-45,$1,$-97,$-0,$0,$-0,$0,$0,$0,$-2,$-2,$30,$5,$0
22,2013-03-31,17.96,$9.29,1.93,$15.49,1.16,$3.20,5.62,$1.13,15.89,$0.31B,$0.12B,2.56,$0.25B,$1.10B,0.23,$1.83B,$0.48B,26.32%,$1.83B,$0.24B,13.00%,$1.83B,$0.24B,13.00%,$1.83B,$0.32B,17.70%,$1.83B,$0.22B,11.74%,$1.83B,$0.13B,7.32%,$0.13B,$1.10B,12.79%,$0.13B,$0.39B,41.20%,$0.13B,$1.59B,8.72%,$0.24B,$1.35B,18.34%,$445,$323,$123,$0,$42,$387,$59,$-6,$53,$20,$32,$32,$32,$80,$59,$118,118,$0.27,$0.27,$122,$63,$7,$313,$463,$0,$712,$30,$1279,$1592,$122,$250,$60,$372,$494,$1,$531,$-29,$1098,$1592,$32,$22,$20,$41,$1,$-0,$0,$-6,$-14,$59,$-26,$0,$0,$0,$-13,$-13,$-1,$-39,$-0,$0,$-0,$0,$0,$0,$-2,$-2,$19,$3,$0
23,2012-12-31,16.04,$9.02,1.78,$15.01,1.07,$3.18,5.05,$1.10,14.58,$0.29B,$0.13B,2.2,$0.25B,$1.06B,0.24,$1.77B,$0.47B,26.51%,$1.77B,$0.23B,13.09%,$1.77B,$0.23B,13.09%,$1.77B,$0.32B,17.88%,$1.77B,$0.21B,11.68%,$1.77B,$0.13B,7.39%,$0.13B,$1.06B,12.94%,$0.13B,$0.34B,46.17%,$0.13B,$1.55B,8.80%,$0.23B,$1.31B,18.38%,$496,$385,$111,$0,$39,$447,$49,$-5,$45,$16,$29,$29,$29,$72,$49,$118,118,$0.24,$0.25,$104,$65,$11,$290,$454,$0,$719,$27,$1262,$1552,$132,$250,$62,$358,$490,$1,$499,$-31,$1062,$1552,$131,$85,$22,$108,$-2,$-15,$0,$7,$11,$250,$-112,$0,$-3,$0,$-43,$-43,$4,$-154,$-30,$0,$-30,$0,$0,$0,$-1,$-31,$64,$9,$0
24,2012-09-30,18.29,$8.79,2.08,$14.54,1.26,$3.59,5.1,$1.11,16.48,$0.28B,$0.14B,2.03,$0.25B,$1.04B,0.24,$1.71B,$0.48B,27.81%,$1.71B,$0.24B,14.17%,$1.71B,$0.24B,14.17%,$1.71B,$0.33B,19.03%,$1.71B,$0.21B,12.41%,$1.71B,$0.13B,7.67%,$0.13B,$1.04B,13.41%,$0.13B,$0.31B,54.19%,$0.13B,$1.52B,9.00%,$0.24B,$1.29B,19.61%,$453,$328,$125,$0,$39,$387,$66,$-6,$59,$22,$37,$37,$37,$86,$66,$118,118,$0.32,$0.31,$88,$64,$12,$275,$439,$0,$726,$29,$1248,$1523,$136,$250,$53,$352,$488,$1,$470,$-28,$1036,$1523,$102,$63,$27,$90,$-3,$-15,$0,$-0,$5,$197,$-81,$0,$-3,$0,$-34,$-34,$2,$-117,$-30,$0,$-30,$0,$0,$0,$-1,$-31,$49,$7,$0
25,2012-06-30,16.49,$8.46,1.95,$14.59,1.13,$3.73,4.43,$1.15,14.34,$0.25B,$0.14B,1.84,$0.25B,$1.00B,0.25,$1.71B,$0.48B,28.00%,$1.71B,$0.25B,14.67%,$1.71B,$0.25B,14.67%,$1.71B,$0.33B,19.46%,$1.71B,$0.22B,12.80%,$1.71B,$0.14B,7.89%,$0.14B,$1.00B,14.31%,$0.14B,$0.26B,66.83%,$0.14B,$1.48B,9.45%,$0.25B,$1.25B,20.65%,$437,$314,$123,$0,$37,$373,$64,$-6,$58,$22,$36,$36,$36,$86,$64,$118,118,$0.31,$0.31,$73,$56,$13,$248,$423,$0,$733,$29,$1231,$1479,$135,$250,$57,$349,$484,$1,$433,$-29,$995,$1479,$65,$42,$18,$61,$-2,$-9,$0,$4,$16,$142,$-51,$0,$-2,$0,$-26,$-26,$1,$-78,$-30,$0,$-30,$0,$0,$0,$-1,$-31,$33,$5,$0
26,2012-03-31,17.42,$8.13,2.14,$14.89,1.17,$3.73,4.67,$1.28,13.61,$0.19B,$0.10B,1.87,$0.25B,$0.96B,0.26,$1.75B,$0.50B,28.71%,$1.75B,$0.28B,15.99%,$1.75B,$0.28B,15.99%,$1.75B,$0.36B,20.52%,$1.75B,$0.24B,13.93%,$1.75B,$0.15B,8.65%,$0.15B,$0.96B,16.60%,$0.15B,$0.22B,92.64%,$0.15B,$1.40B,10.71%,$0.28B,$1.21B,23.21%,$387,$276,$111,$0,$37,$335,$53,$-8,$45,$16,$29,$29,$29,$73,$53,$117,118,$0.24,$0.24,$28,$58,$10,$194,$409,$0,$737,$30,$1208,$1402,$104,$250,$58,$343,$446,$1,$397,$-30,$956,$1402,$29,$21,$8,$29,$12,$-8,$0,$4,$-4,$54,$-22,$0,$0,$0,$-11,$-11,$0,$-34,$-30,$0,$-30,$0,$0,$0,$-1,$-31,$-11,$3,$0
27,2011-12-31,13.29,$7.86,1.69,$15.63,0.85,$4.09,3.25,$1.47,9.04,$0.22B,$0.13B,1.73,$0.28B,$0.92B,0.3,$1.80B,$0.53B,29.42%,$1.80B,$0.31B,17.46%,$1.80B,$0.31B,17.46%,$1.80B,$0.39B,21.86%,$1.80B,$0.27B,15.07%,$1.80B,$0.17B,9.40%,$0.17B,$0.92B,19.37%,$0.17B,$0.18B,141.42%,$0.17B,$1.42B,11.98%,$0.31B,$1.20B,26.28%,$431,$315,$116,$0,$36,$372,$59,$-9,$50,$21,$29,$29,$29,$80,$59,$115,116,$0.24,$0.25,$39,$51,$9,$220,$400,$0,$744,$31,$1197,$1417,$127,$280,$58,$369,$497,$1,$368,$-31,$920,$1417,$169,$79,$39,$118,$6,$-6,$0,$-2,$-47,$241,$-59,$0,$-2,$0,$-23,$-23,$0,$-84,$-430,$0,$-430,$293,$293,$0,$-1,$-137,$20,$4,$0
28,2011-09-30,12.59,$7.71,1.63,$14.63,0.86,$3.21,3.93,$1.34,9.4,$0.22B,$0.15B,1.52,$0.31B,$0.90B,0.34,$1.59B,$0.48B,29.99%,$1.59B,$0.28B,17.57%,$1.59B,$0.28B,17.57%,$1.59B,$0.35B,21.83%,$1.59B,$0.24B,14.93%,$1.59B,$0.15B,9.41%,$0.15B,$0.90B,19.78%,$0.15B,$0.15B,-60000.00%,$0.15B,$1.42B,10.70%,$0.28B,$1.21B,23.57%,$456,$327,$129,$0,$35,$381,$75,$-8,$66,$25,$41,$41,$41,$94,$75,$117,118,$0.35,$0.35,$29,$67,$11,$223,$399,$0,$752,$30,$1194,$1417,$146,$310,$34,$368,$514,$1,$339,$-19,$902,$1417,$140,$58,$29,$87,$1,$-23,$0,$-11,$-53,$174,$-43,$0,$-0,$0,$-14,$-14,$0,$-57,$-400,$0,$-400,$293,$293,$0,$-1,$-107,$9,$3,$0
29,2011-06-30,17.7,$7.35,2.41,$12.80,1.38,$2.48,7.13,$1.13,15.66,$0.21B,$0.15B,1.4,$0.33B,$0.86B,0.38,$1.31B,$0.39B,29.99%,$1.31B,$0.22B,17.14%,$1.31B,$0.22B,17.14%,$1.31B,$0.28B,21.50%,$1.31B,$0.19B,14.54%,$1.31B,$0.12B,9.18%,$0.12B,$0.86B,19.56%,$0.12B,$0.11B,1142.86%,$0.12B,$1.40B,10.32%,$0.22B,$1.19B,23.06%,$471,$325,$145,$0,$34,$378,$92,$-10,$82,$30,$52,$52,$52,$111,$92,$117,118,$0.45,$0.44,$13,$63,$12,$212,$396,$0,$755,$31,$1192,$1404,$152,$330,$47,$392,$543,$1,$297,$-20,$861,$1404,$99,$39,$20,$59,$-7,$-21,$0,$-1,$-39,$119,$-27,$0,$-0,$0,$-11,$-11,$0,$-38,$-380,$0,$-380,$293,$293,$0,$-0,$-87,$-7,$2,$0
30,2011-03-31,15.37,$6.90,2.23,$10.80,1.42,$1.92,8.02,$0.83,18.52,$0.22B,$0.17B,1.27,$0.37B,$0.81B,0.46,$1.00B,$0.29B,28.84%,$1.00B,$0.15B,15.07%,$1.00B,$0.15B,15.07%,$1.00B,$0.20B,19.56%,$1.00B,$0.13B,12.57%,$1.00B,$0.08B,7.88%,$0.08B,$0.81B,16.61%,$0.08B,$0.05B,263.33%,$0.08B,$1.41B,8.55%,$0.15B,$1.18B,19.94%,$440,$301,$139,$0,$31,$352,$88,$-15,$73,$27,$47,$47,$47,$108,$88,$109,109,$0.43,$0.43,$38,$50,$10,$219,$393,$0,$762,$31,$1186,$1405,$172,$370,$47,$426,$598,$1,$245,$-20,$807,$1405,$47,$20,$10,$29,$-12,$-5,$0,$2,$5,$81,$-12,$0,$0,$0,$-2,$-2,$0,$-14,$-340,$0,$-340,$293,$293,$0,$-1,$-48,$19,$1,$0
31,2010-12-31,13.28,$5.02,2.65,$8.74,1.52,$1.41,9.39,$0.54,24.59,$0.19B,$0.16B,1.2,$0.71B,$0.46B,1.52,$0.73B,$0.19B,26.48%,$0.73B,$0.08B,11.45%,$0.73B,$0.08B,11.45%,$0.73B,$0.12B,15.86%,$0.73B,$0.07B,9.79%,$0.73B,$0.04B,5.93%,$0.04B,$0.46B,12.34%,$0.04B,$-0.30B,67.45%,$0.04B,$1.38B,6.30%,$0.08B,$1.17B,15.25%,$227,$162,$65,$0,$20,$203,$25,$-8,$17,$7,$10,$10,$10,$35,$25,$83,83,$0.11,$0.11,$20,$46,$9,$186,$393,$0,$767,$36,$1197,$1382,$155,$707,$51,$763,$918,$1,$199,$-21,$464,$1382,$44,$32,$6,$38,$-23,$-5,$0,$4,$-1,$82,$-24,$0,$-758,$0,$0,$0,$-1,$-784,$677,$0,$677,$0,$0,$0,$-24,$653,$-49,$2,$0
32,2010-09-30,8.52,$3.90,2.18,$7.83,1.09,$1.42,6.0,$0.53,16.08,$0.17B,$0.07B,2.23,$0.02B,$0.32B,0.07,$0.65B,$0.17B,25.77%,$0.65B,$0.08B,11.57%,$0.65B,$0.08B,11.57%,$0.65B,$0.10B,16.05%,$0.65B,$0.07B,10.65%,$0.65B,$0.04B,6.48%,$0.04B,$0.32B,13.83%,$0.04B,$0.19B,23.24%,$0.04B,$0.46B,9.48%,$0.08B,$0.35B,22.76%,$169,$126,$43,$0,$16,$149,$19,$-2,$18,$6,$11,$11,$11,$27,$19,$82,83,$0.14,$0.14,$77,$27,$7,$166,$159,$0,$128,$9,$296,$461,$74,$24,$35,$65,$139,$1,$189,$-22,$322,$461,$34,$22,$2,$24,$-1,$-10,$0,$1,$-10,$48,$-16,$0,$-18,$0,$0,$0,$-1,$-35,$-4,$0,$-4,$0,$0,$0,$-0,$-4,$9,$1,$0
33,2010-06-30,7.51,$3.76,1.99,$7.73,0.97,$1.48,5.07,$0.58,12.95,$0.15B,$0.07B,2.22,$0.03B,$0.31B,0.08,$0.64B,$0.17B,26.76%,$0.64B,$0.08B,12.68%,$0.64B,$0.08B,12.68%,$0.64B,$0.11B,16.90%,$0.64B,$0.08B,11.89%,$0.64B,$0.05B,7.36%,$0.05B,$0.31B,16.14%,$0.05B,$0.18B,27.05%,$0.05B,$0.45B,10.91%,$0.08B,$0.34B,25.45%,$166,$124,$42,$0,$16,$147,$19,$-1,$18,$6,$11,$11,$11,$26,$19,$82,83,$0.14,$0.14,$67,$25,$8,$154,$159,$0,$126,$9,$294,$448,$69,$25,$38,$69,$138,$1,$177,$-23,$310,$448,$23,$14,$1,$15,$-1,$-8,$0,$3,$-11,$27,$-9,$0,$-15,$0,$0,$0,$-1,$-26,$-3,$0,$-3,$0,$0,$0,$-0,$-3,$-2,$1,$0
34,2010-03-31,8.96,$3.62,2.48,$7.60,1.18,$1.54,5.82,$0.58,15.45,$0.16B,$0.07B,2.25,$0.03B,$0.30B,0.09,$0.63B,$0.17B,27.23%,$0.63B,$0.08B,13.06%,$0.63B,$0.08B,13.06%,$0.63B,$0.11B,17.20%,$0.63B,$0.08B,12.26%,$0.63B,$0.05B,7.64%,$0.05B,$0.30B,17.28%,$0.05B,$0.18B,29.00%,$0.05B,$0.44B,11.42%,$0.08B,$0.33B,26.80%,$163,$120,$42,$0,$16,$143,$20,$-1,$18,$7,$11,$11,$11,$27,$20,$82,83,$0.14,$0.14,$77,$21,$7,$160,$151,$0,$118,$8,$277,$437,$71,$26,$36,$68,$139,$1,$166,$-23,$298,$437,$11,$7,$-0,$7,$-2,$-3,$0,$2,$-4,$15,$-5,$0,$0,$0,$0,$0,$-0,$-5,$-1,$0,$-1,$0,$0,$0,$-0,$-2,$9,$1,$0
35,2009-12-31,8.38,$3.46,2.42,$7.25,1.16,$1.43,5.85,$0.50,16.76,$0.15B,$0.07B,2.05,$0.03B,$0.29B,0.1,$0.60B,$0.16B,26.42%,$0.60B,$0.07B,11.87%,$0.60B,$0.07B,11.87%,$0.60B,$0.10B,16.05%,$0.60B,$0.07B,11.20%,$0.60B,$0.04B,7.02%,$0.04B,$0.29B,15.91%,$0.04B,$0.17B,27.10%,$0.04B,$0.43B,10.29%,$0.07B,$0.31B,24.19%,$150,$110,$40,$0,$16,$133,$17,$-2,$15,$6,$9,$9,$9,$24,$17,$82,82,$0.11,$0.12,$69,$19,$5,$146,$152,$0,$119,$8,$280,$426,$71,$28,$36,$70,$141,$1,$154,$-24,$285,$426,$42,$25,$16,$41,$-5,$4,$0,$-13,$-3,$79,$-22,$0,$-34,$0,$0,$0,$0,$-56,$-5,$0,$-5,$0,$0,$0,$-1,$-6,$17,$1,$0
36,2009-09-30,7.35,$3.31,2.22,$7.24,1.01,$1.49,4.94,$0.22,33.41,$0.16B,$0.07B,2.19,$0.03B,$0.27B,0.11,$0.60B,$0.14B,22.99%,$0.60B,$0.03B,5.70%,$0.60B,$0.03B,5.70%,$0.60B,$0.08B,12.58%,$0.60B,$0.03B,5.37%,$0.60B,$0.02B,3.19%,$0.02B,$0.27B,7.54%,$0.02B,$0.17B,12.79%,$0.02B,$0.41B,4.75%,$0.03B,$0.30B,12.02%,$160,$113,$47,$0,$15,$135,$25,$-1,$25,$9,$16,$16,$16,$31,$25,$82,83,$0.20,$0.19,$71,$20,$7,$155,$144,$0,$106,$7,$257,$412,$71,$29,$36,$69,$140,$1,$145,$-27,$272,$412,$33,$18,$13,$31,$-4,$1,$0,$-15,$-14,$50,$-12,$0,$-13,$0,$0,$0,$0,$-25,$-4,$0,$-4,$0,$0,$0,$-1,$-5,$20,$1,$0
37,2009-06-30,6.6,$3.11,2.12,$8.18,0.81,$1.60,4.12,$0.31,21.29,$0.15B,$0.07B,2.19,$0.03B,$0.26B,0.12,$0.67B,$0.15B,22.02%,$0.67B,$0.05B,6.85%,$0.67B,$0.05B,6.85%,$0.67B,$0.09B,12.95%,$0.67B,$0.04B,6.55%,$0.67B,$0.03B,3.87%,$0.03B,$0.26B,10.31%,$0.03B,$0.15B,17.63%,$0.03B,$0.41B,6.50%,$0.05B,$0.29B,16.17%,$155,$113,$42,$0,$15,$135,$20,$-1,$19,$8,$12,$12,$12,$26,$20,$82,83,$0.14,$0.14,$58,$20,$8,$145,$146,$0,$104,$7,$261,$406,$66,$30,$54,$84,$150,$1,$129,$-28,$256,$406,$17,$12,$6,$18,$-6,$1,$0,$2,$-2,$32,$-10,$0,$-13,$0,$0,$0,$0,$-23,$-3,$0,$-3,$0,$0,$0,$-0,$-3,$7,$0,$0
38,2009-03-31,3.71,$2.96,1.25,$8.98,0.41,$1.69,2.2,$0.46,8.07,$0.12B,$0.06B,2.06,$0.03B,$0.24B,0.13,$0.74B,$0.17B,22.49%,$0.74B,$0.07B,8.94%,$0.74B,$0.07B,8.94%,$0.74B,$0.11B,14.50%,$0.74B,$0.06B,8.67%,$0.74B,$0.04B,5.15%,$0.04B,$0.24B,15.15%,$0.04B,$0.14B,25.76%,$0.04B,$0.39B,9.60%,$0.07B,$0.28B,23.20%,$133,$104,$29,$0,$15,$124,$9,$-1,$8,$3,$5,$5,$5,$15,$9,$82,82,$0.06,$0.06,$39,$18,$7,$123,$148,$0,$105,$7,$266,$388,$59,$31,$54,$86,$145,$1,$117,$-29,$243,$388,$5,$6,$4,$10,$-1,$4,$0,$2,$-7,$7,$-6,$0,$-13,$0,$0,$0,$0,$-19,$-1,$0,$-1,$0,$0,$0,$-0,$-1,$-13,$0,$0
39,2008-12-31,5.49,$2.89,1.9,$9.82,0.56,$1.96,2.8,$0.66,8.32,$0.14B,$0.07B,1.95,$0.03B,$0.24B,0.14,$0.81B,$0.19B,23.92%,$0.81B,$0.09B,11.40%,$0.81B,$0.09B,11.40%,$0.81B,$0.13B,16.48%,$0.81B,$0.09B,11.15%,$0.81B,$0.05B,6.69%,$0.05B,$0.24B,21.97%,$0.05B,$0.14B,37.57%,$0.05B,$0.39B,13.78%,$0.09B,$0.27B,32.74%,$148,$129,$19,$0,$16,$168,$-20,$-1,$-20,$-6,$-14,$-14,$-14,$3,$-20,$82,82,$-0.17,$-0.17,$51,$22,$7,$138,$143,$0,$97,$7,$256,$394,$71,$33,$54,$87,$158,$1,$113,$-30,$237,$394,$55,$40,$-12,$29,$19,$-0,$0,$8,$9,$92,$-30,$0,$-16,$0,$0,$0,$-7,$-52,$-6,$0,$-6,$0,$0,$0,$1,$-5,$34,$1,$0
40,2008-09-30,11.11,$3.32,3.35,$10.15,1.09,$1.82,6.1,$1.01,11.0,$0.16B,$0.08B,1.92,$0.04B,$0.27B,0.13,$0.83B,$0.22B,26.62%,$0.83B,$0.14B,16.43%,$0.83B,$0.14B,16.43%,$0.83B,$0.16B,19.30%,$0.83B,$0.13B,16.07%,$0.83B,$0.08B,9.83%,$0.08B,$0.27B,34.64%,$0.08B,$0.16B,61.19%,$0.08B,$0.41B,21.52%,$0.14B,$0.31B,50.14%,$236,$178,$58,$0,$15,$199,$37,$-1,$37,$14,$23,$23,$23,$43,$37,$82,82,$0.28,$0.28,$44,$30,$7,$157,$139,$0,$111,$6,$256,$413,$82,$35,$19,$59,$141,$1,$127,$-8,$273,$413,$69,$17,$3,$20,$-13,$-9,$0,$-6,$-22,$67,$-20,$0,$-17,$0,$0,$0,$0,$-38,$-4,$0,$-4,$0,$0,$0,$1,$-2,$27,$1,$0
41,2008-06-30,16.52,$3.05,5.42,$9.38,1.76,$1.62,10.23,$0.88,18.77,$0.15B,$0.08B,2.02,$0.04B,$0.25B,0.15,$0.77B,$0.21B,26.62%,$0.77B,$0.12B,15.71%,$0.77B,$0.12B,15.71%,$0.77B,$0.15B,18.83%,$0.77B,$0.12B,15.19%,$0.77B,$0.07B,9.22%,$0.07B,$0.25B,33.10%,$0.07B,$0.15B,62.42%,$0.07B,$0.39B,19.59%,$0.12B,$0.29B,47.54%,$221,$161,$60,$0,$14,$181,$40,$-1,$39,$15,$24,$24,$24,$46,$40,$82,82,$0.30,$0.29,$45,$30,$8,$152,$133,$0,$98,$6,$237,$389,$75,$36,$26,$65,$140,$1,$104,$-8,$250,$389,$46,$12,$2,$13,$-6,$-11,$0,$1,$-17,$42,$-13,$0,$0,$0,$0,$0,$0,$-13,$-3,$0,$-3,$0,$0,$0,$1,$-1,$28,$1,$0
42,2008-03-31,12.95,$2.74,4.73,$8.64,1.5,$1.51,8.58,$0.71,18.24,$0.14B,$0.08B,1.68,$0.04B,$0.22B,0.17,$0.71B,$0.18B,25.85%,$0.71B,$0.10B,13.84%,$0.71B,$0.10B,13.84%,$0.71B,$0.12B,17.23%,$0.71B,$0.09B,13.28%,$0.71B,$0.06B,7.91%,$0.06B,$0.22B,28.72%,$0.06B,$0.12B,60.05%,$0.06B,$0.37B,16.10%,$0.10B,$0.26B,40.71%,$202,$146,$56,$0,$15,$167,$35,$-1,$34,$13,$21,$21,$21,$41,$35,$81,82,$0.26,$0.26,$39,$28,$6,$136,$129,$0,$100,$6,$235,$371,$81,$38,$29,$67,$148,$1,$80,$-9,$223,$371,$21,$6,$-0,$5,$1,$-6,$0,$2,$1,$28,$-4,$0,$0,$0,$0,$0,$0,$-4,$-1,$0,$-1,$0,$0,$0,$0,$-1,$23,$0,$0
43,2007-12-31,11.56,$2.47,4.68,$7.88,1.47,$1.37,8.46,$0.57,20.28,$0.12B,$0.08B,1.43,$0.04B,$0.20B,0.19,$0.65B,$0.16B,25.12%,$0.65B,$0.08B,12.40%,$0.65B,$0.08B,12.40%,$0.65B,$0.10B,16.12%,$0.65B,$0.08B,11.63%,$0.65B,$0.05B,6.98%,$0.05B,$0.20B,25.07%,$0.05B,$0.10B,58.63%,$0.05B,$0.35B,13.39%,$0.08B,$0.24B,34.41%,$175,$127,$48,$0,$17,$150,$25,$-1,$24,$10,$14,$14,$14,$31,$25,$81,82,$0.17,$0.17,$17,$22,$8,$115,$129,$0,$101,$7,$236,$351,$81,$38,$27,$70,$150,$1,$58,$-9,$201,$351,$46,$23,$7,$30,$-17,$-8,$0,$-4,$-10,$66,$-15,$0,$0,$0,$0,$0,$-0,$-16,$-39,$0,$-39,$1,$1,$0,$-0,$-39,$11,$1,$0
44,2007-09-30,9.89,$2.27,4.36,$7.44,1.33,$0.99,10.02,$0.46,21.5,$0.10B,$0.07B,1.4,$0.05B,$0.18B,0.27,$0.60B,$0.14B,23.91%,$0.60B,$0.07B,11.04%,$0.60B,$0.07B,11.04%,$0.60B,$0.09B,15.05%,$0.60B,$0.06B,10.03%,$0.60B,$0.04B,6.19%,$0.04B,$0.18B,22.16%,$0.04B,$0.08B,58.50%,$0.04B,$0.34B,11.26%,$0.07B,$0.23B,28.66%,$172,$131,$41,$0,$14,$151,$21,$-1,$20,$8,$12,$12,$12,$27,$21,$81,82,$0.15,$0.15,$6,$21,$13,$103,$129,$0,$102,$6,$237,$339,$74,$50,$31,$82,$156,$1,$44,$-11,$184,$339,$31,$17,$3,$20,$-12,$-9,$0,$-2,$-12,$39,$-10,$0,$0,$0,$0,$0,$-0,$-10,$-28,$0,$-28,$0,$0,$0,$-1,$-29,$1,$1,$0
45,2007-06-30,9.14,$2.12,4.31,$6.76,1.35,$0.72,12.65,$0.33,27.7,$0.09B,$0.06B,1.43,$0.06B,$0.17B,0.34,$0.54B,$0.12B,22.92%,$0.54B,$0.05B,9.06%,$0.54B,$0.05B,9.06%,$0.54B,$0.07B,13.49%,$0.54B,$0.04B,7.76%,$0.54B,$0.03B,4.99%,$0.03B,$0.17B,17.12%,$0.03B,$0.07B,50.94%,$0.03B,$0.33B,8.36%,$0.05B,$0.23B,21.21%,$159,$122,$38,$0,$14,$142,$17,$-1,$16,$7,$9,$9,$9,$23,$17,$81,82,$0.12,$0.12,$7,$20,$6,$90,$129,$0,$103,$7,$240,$330,$63,$59,$36,$95,$157,$1,$32,$-11,$172,$330,$19,$12,$-0,$12,$-7,$-6,$0,$2,$-5,$26,$-6,$0,$0,$0,$0,$0,$0,$-6,$-20,$0,$-20,$0,$0,$0,$-0,$-19,$1,$1,$0
46,2007-03-31,6.5,$2.00,3.26,$6.01,1.08,$0.50,13.05,$0.17,38.24,$0.08B,$0.06B,1.34,$0.07B,$0.16B,0.41,$0.47B,$0.10B,22.17%,$0.47B,$0.03B,7.25%,$0.47B,$0.03B,7.25%,$0.47B,$0.06B,12.15%,$0.47B,$0.02B,4.48%,$0.47B,$0.02B,3.20%,$0.02B,$0.16B,9.98%,$0.02B,$0.06B,33.90%,$0.02B,$0.32B,4.68%,$0.03B,$0.23B,14.64%,$139,$103,$35,$0,$13,$122,$17,$-2,$15,$5,$10,$10,$10,$23,$17,$80,82,$0.12,$0.12,$6,$18,$4,$81,$130,$0,$104,$7,$243,$324,$60,$66,$35,$102,$162,$1,$22,$-12,$161,$324,$10,$6,$-1,$5,$-2,$-3,$0,$1,$-0,$14,$-2,$0,$0,$0,$0,$0,$0,$-2,$-12,$0,$-12,$0,$0,$0,$-0,$-12,$-0,$1,$0
47,2006-12-31,5.51,$1.87,2.94,$5.50,1.0,$0.39,14.09,$0.06,91.83,$0.08B,$0.06B,1.32,$0.08B,$0.15B,0.52,$0.41B,$0.09B,20.94%,$0.41B,$0.02B,4.68%,$0.41B,$0.02B,4.68%,$0.41B,$0.04B,9.85%,$0.41B,$0.01B,1.72%,$0.41B,$0.01B,1.23%,$0.01B,$0.15B,3.89%,$0.01B,$0.05B,11.17%,$0.01B,$0.32B,1.75%,$0.02B,$0.23B,9.28%,$128,$99,$29,$0,$12,$117,$11,$-2,$9,$3,$6,$6,$6,$17,$11,$74,75,$0.08,$0.08,$6,$15,$5,$75,$132,$0,$106,$7,$246,$321,$57,$78,$35,$113,$169,$1,$12,$-12,$151,$321,$5,$21,$0,$21,$-3,$1,$0,$6,$3,$29,$-11,$0,$-80,$0,$0,$0,$0,$-91,$33,$0,$33,$0,$0,$0,$-2,$32,$-31,$2,$0
