,Date,Stock Price,Book Value per Share,Price to Book Ratio,TTM Sales per Share,Price to Sales Ratio,TTM FCF per Share,Price to FCF Ratio,TTM Net EPS,PE Ratio,Current Assets,Current Liabilities,Current Ratio,Long Term Debt,Shareholder's Equity_x,Debt to Equity Ratio,TTM Revenue_x,TTM Gross Profit,Gross Margin,TTM Revenue_y,TTM Operating Income,Operating Margin,TTM Revenue_x,TTM EBIT,EBIT Margin,TTM Revenue_y,TTM EBITDA,EBITDA Margin,TTM Revenue_x,TTM Pre-Tax Income,Pre-Tax Margin,TTM Revenue_y,TTM Net Income_x,Net Margin,TTM Net Income_y,Shareholder's Equity_y,Return on Equity,TTM Net Income_x,Tangible Equity,Return on Tangible Equity,TTM Net Income_y,Total Assets,Return on Assets,TTM Net Income,LT Investments & Debt,Return on Investment,revenue,cost-goods-sold,gross-profit,research-development-expenses,selling-general-administrative-expenses,operating-expenses,operating-income,total-non-operating-income-expense,pre-tax-income,total-provision-income-taxes,income-after-taxes,income-from-continuous-operations,net-income,ebitda,ebit,basic-shares-outstanding,shares-outstanding,eps-basic-net-earnings-per-share,eps-earnings-per-share-diluted,cash-on-hand,inventory,other-current-assets,total-current-assets,net-property-plant-equipment,long-term-investments,goodwill-intangible-assets-total,other-long-term-assets,total-long-term-assets,total-assets,total-current-liabilities,long-term-debt,other-non-current-liabilities,total-long-term-liabilities,total-liabilities,common-stock-net,retained-earnings-accumulated-deficit,comprehensive-income,total-share-holder-equity,total-liabilities-share-holders-equity,net-income-loss,total-depreciation-amortization-cash-flow,other-non-cash-items,total-non-cash-items,change-in-accounts-receivable,change-in-inventories,change-in-accounts-payable,change-in-assets-liabilities,total-change-in-assets-liabilities,cash-flow-from-operating-activities,net-change-in-property-plant-equipment,net-change-in-intangible-assets,net-acquisitions-divestitures,net-change-in-short-term-investments,net-change-in-long-term-investments,net-change-in-investments-total,investing-activities-other,cash-flow-from-investing-activities,net-long-term-debt,net-current-debt,debt-issuance-retirement-net-total,net-common-equity-issued-repurchased,net-total-equity-issued-repurchased,total-common-preferred-stock-dividends-paid,financial-activities-other,cash-flow-from-financial-activities,net-cash-flow,stock-based-compensation,common-stock-dividends-paid
0,2018-09-30,6.55,$2.36,2.78,$6.67,0.98,$1.20,5.44,$-0.09,0.0,$0.02B,$0.01B,1.93,$0.00B,$0.02B,0.11,$0.06B,$0.04B,76.36%,$0.06B,$0.01B,10.91%,$0.06B,$0.01B,10.91%,$0.06B,$0.01B,12.73%,$0.06B,$0.01B,9.09%,$0.06B,$-0.00B,-1.82%,$-0.00B,$0.02B,-5.97%,$-0.00B,$0.02B,-6.35%,$-0.00B,$0.04B,-2.68%,$0.01B,$0.02B,26.37%,$14,$3,$11,$0,$6,$12,$2,$-0,$2,$0,$1,$1,$1,$2,$2,$9,9,$0.15,$0.15,$13,$1,$0,$18,$10,$0,$1,$2,$20,$38,$9,$2,$5,$7,$17,$0,$14,$0,$21,$38,$4,$1,$-1,$0,$-0,$-0,$-0,$0,$-0,$4,$1,$0,$-0,$0,$-7,$-7,$-1,$-7,$-7,$0,$-7,$6,$6,$0,$0,$-1,$-4,$0,$0
1,2018-06-30,6.75,$2.20,3.07,$7.43,0.91,$1.33,5.08,$-0.50,0.0,$0.02B,$0.01B,2.03,$0.00B,$0.02B,0.16,$0.06B,$0.04B,75.44%,$0.06B,$0.00B,1.75%,$0.06B,$0.00B,1.75%,$0.06B,$0.00B,5.26%,$0.06B,0,0.00%,$0.06B,$-0.00B,-7.02%,$-0.00B,$0.02B,-25.81%,$-0.00B,$0.02B,-28.57%,$-0.00B,$0.04B,-10.19%,$0.00B,$0.02B,4.35%,$15,$3,$11,$0,$6,$13,$2,$-0,$2,$0,$1,$1,$1,$2,$2,$9,9,$0.16,$0.16,$12,$1,$0,$17,$10,$0,$1,$1,$20,$37,$8,$3,$5,$8,$17,$0,$13,$0,$20,$37,$2,$1,$-0,$0,$-0,$0,$-1,$0,$-1,$1,$1,$0,$0,$0,$0,$0,$-1,$0,$-6,$0,$-6,$6,$6,$0,$0,$-0,$1,$0,$0
2,2018-03-31,7.1,$1.77,4.02,$8.52,0.83,$1.35,5.26,$-0.84,0.0,$0.02B,$0.01B,1.65,$0.01B,$0.01B,0.59,$0.06B,$0.05B,77.05%,$0.06B,$-0.00B,-4.92%,$0.06B,$-0.00B,-4.92%,$0.06B,$-0.00B,-1.64%,$0.06B,$-0.00B,-6.56%,$0.06B,$-0.01B,-9.84%,$-0.01B,$0.01B,-40.00%,$-0.01B,$0.01B,-46.15%,$-0.01B,$0.04B,-14.29%,$-0.00B,$0.02B,-12.50%,$13,$3,$10,$0,$6,$11,$1,$-0,$1,$0,$1,$1,$1,$2,$1,$7,7,$0.13,$0.13,$10,$1,$1,$18,$10,$0,$1,$1,$19,$37,$11,$8,$5,$13,$24,$0,$11,$0,$13,$37,$1,$0,$-0,$0,$0,$0,$0,$-0,$-1,$1,$-0,$0,$0,$0,$0,$0,$-0,$-0,$-0,$0,$-0,$0,$0,$0,$0,$0,$0,$0,$0
3,2017-12-31,6.55,$1.83,3.58,$9.23,0.71,$1.40,4.69,$-1.15,0.0,$0.02B,$0.01B,1.62,$0.01B,$0.01B,0.68,$0.07B,$0.05B,76.92%,$0.07B,$-0.01B,-9.23%,$0.07B,$-0.01B,-9.23%,$0.07B,$-0.01B,-7.69%,$0.07B,$-0.01B,-10.77%,$0.07B,$-0.01B,-12.31%,$-0.01B,$0.01B,-48.48%,$-0.01B,$0.01B,-57.14%,$-0.01B,$0.04B,-17.39%,$-0.01B,$0.02B,-23.08%,$13,$3,$10,$0,$6,$12,$1,$-0,$0,$2,$-2,$-2,$-4,$1,$1,$7,7,$-0.53,$-0.53,$10,$1,$1,$17,$11,$0,$2,$1,$20,$37,$10,$9,$4,$13,$23,$0,$12,$0,$13,$37,$-7,$3,$6,$9,$0,$0,$-1,$2,$1,$3,$-0,$0,$0,$0,$0,$0,$2,$1,$-2,$0,$-2,$1,$1,$0,$-0,$-0,$4,$0,$0
4,2017-09-30,4.15,$2.27,1.83,$9.98,0.42,$1.11,3.75,$-0.76,0.0,$0.02B,$0.01B,1.49,$0.01B,$0.02B,0.6,$0.07B,$0.05B,76.81%,$0.07B,$-0.01B,-11.59%,$0.07B,$-0.01B,-11.59%,$0.07B,$-0.01B,-10.14%,$0.07B,$-0.01B,-11.59%,$0.07B,$-0.01B,-7.25%,$-0.01B,$0.02B,-27.40%,$-0.01B,$0.01B,-32.79%,$-0.01B,$0.05B,-10.10%,$-0.01B,$0.03B,-28.57%,$16,$4,$12,$0,$8,$19,$-3,$-0,$-3,$-1,$-2,$-2,$-2,$-2,$-3,$7,7,$-0.26,$-0.26,$9,$1,$0,$20,$19,$0,$3,$1,$26,$46,$13,$9,$8,$17,$31,$0,$16,$0,$16,$46,$-5,$2,$8,$10,$-0,$0,$0,$-2,$-1,$4,$-0,$0,$0,$0,$0,$0,$-0,$-0,$-1,$0,$-1,$0,$0,$0,$-0,$-1,$3,$0,$0
5,2017-06-30,3.6,$2.52,1.43,$11.32,0.32,$0.83,4.32,$-0.85,0.0,$0.02B,$0.01B,1.57,$0.01B,$0.02B,0.56,$0.08B,$0.06B,76.92%,$0.08B,$-0.01B,-11.54%,$0.08B,$-0.01B,-11.54%,$0.08B,$-0.01B,-10.26%,$0.08B,$-0.01B,-11.54%,$0.08B,$-0.01B,-6.41%,$-0.01B,$0.02B,-25.64%,$-0.01B,$0.02B,-30.30%,$-0.01B,$0.05B,-9.76%,$-0.01B,$0.03B,-32.73%,$19,$4,$15,$0,$9,$21,$-2,$-0,$-2,$-1,$-2,$-2,$-1,$-2,$-2,$7,7,$-0.18,$-0.18,$7,$1,$0,$20,$21,$0,$3,$1,$29,$48,$13,$10,$8,$18,$31,$0,$17,$0,$18,$48,$-3,$1,$6,$7,$-0,$0,$1,$-3,$-2,$2,$-0,$0,$0,$0,$0,$0,$-0,$-0,$-1,$0,$-1,$0,$0,$0,$-0,$-1,$1,$0,$0
6,2017-03-31,3.9,$2.70,1.45,$12.57,0.31,$0.68,5.77,$-0.65,0.0,$0.02B,$0.02B,1.31,$0.01B,$0.02B,0.54,$0.09B,$0.07B,75.86%,$0.09B,$-0.01B,-8.05%,$0.09B,$-0.01B,-8.05%,$0.09B,$-0.01B,-5.75%,$0.09B,$-0.01B,-8.05%,$0.09B,$-0.00B,-4.60%,$-0.00B,$0.02B,-19.28%,$-0.00B,$0.02B,-22.54%,$-0.00B,$0.05B,-7.48%,$-0.01B,$0.03B,-23.73%,$17,$4,$13,$0,$9,$19,$-2,$-0,$-2,$-1,$-1,$-1,$-1,$-2,$-2,$7,7,$-0.18,$-0.18,$7,$1,$0,$19,$25,$0,$3,$1,$33,$53,$15,$10,$9,$19,$34,$0,$19,$0,$19,$53,$-1,$1,$2,$2,$-0,$0,$1,$-1,$0,$1,$-0,$0,$0,$0,$0,$0,$-0,$-0,$-0,$0,$-0,$0,$0,$0,$-0,$-0,$0,$0,$0
7,2016-12-31,4.95,$2.87,1.72,$13.51,0.37,$0.77,6.41,$-0.35,0.0,$0.02B,$0.01B,1.47,$0.01B,$0.02B,0.56,$0.09B,$0.07B,75.27%,$0.09B,$-0.01B,-5.38%,$0.09B,$-0.01B,-5.38%,$0.09B,$-0.00B,-2.15%,$0.09B,$-0.01B,-5.38%,$0.09B,$-0.00B,-2.15%,$-0.00B,$0.02B,-9.20%,$-0.00B,$0.02B,-10.67%,$-0.00B,$0.05B,-3.65%,$-0.01B,$0.03B,-17.54%,$17,$4,$13,$0,$9,$19,$-1,$-0,$-1,$-1,$-1,$-1,$-1,$-1,$-1,$7,7,$-0.14,$-0.14,$6,$1,$2,$16,$26,$0,$3,$1,$35,$51,$11,$11,$9,$20,$31,$0,$20,$0,$20,$51,$-4,$3,$5,$8,$-1,$1,$-0,$-4,$-4,$0,$0,$0,$0,$0,$0,$0,$1,$1,$-4,$2,$-2,$0,$0,$0,$-0,$-3,$-1,$0,$0
8,2016-09-30,5.48,$2.99,1.83,$14.63,0.37,$0.49,11.21,$-1.06,0.0,$0.02B,$0.02B,0.87,$0.00B,$0.02B,0.12,$0.10B,$0.08B,75.25%,$0.10B,$-0.00B,-3.96%,$0.10B,$-0.00B,-3.96%,$0.10B,0,0.00%,$0.10B,$-0.01B,-4.95%,$0.10B,$-0.01B,-6.93%,$-0.01B,$0.02B,-31.46%,$-0.01B,$0.02B,-36.36%,$-0.01B,$0.05B,-12.39%,$-0.00B,$0.02B,-13.56%,$25,$7,$19,$0,$11,$29,$-4,$-0,$-4,$-2,$-2,$-2,$-2,$-3,$-4,$7,7,$-0.35,$-0.35,$9,$2,$0,$19,$26,$0,$3,$2,$35,$53,$21,$2,$9,$11,$33,$0,$21,$0,$21,$53,$-2,$3,$4,$7,$-0,$0,$-0,$-3,$-3,$2,$1,$0,$0,$0,$0,$0,$1,$2,$-4,$2,$-2,$0,$0,$0,$-0,$-2,$1,$0,$0
9,2016-06-30,5.03,$3.32,1.51,$14.99,0.34,$0.83,6.05,$-0.61,0.0,$0.02B,$0.01B,1.3,$0.01B,$0.02B,0.49,$0.10B,$0.08B,75.00%,$0.10B,$0.00B,0.96%,$0.10B,$0.00B,0.96%,$0.10B,$0.01B,4.81%,$0.10B,0,0.00%,$0.10B,$-0.00B,-3.85%,$-0.00B,$0.02B,-16.67%,$-0.00B,$0.02B,-19.05%,$-0.00B,$0.06B,-6.84%,$0.00B,$0.04B,3.17%,$28,$7,$21,$0,$12,$27,$0,$-0,$0,$-0,$0,$0,$0,$1,$0,$7,7,$0.02,$0.02,$9,$2,$0,$18,$30,$0,$3,$1,$39,$57,$14,$11,$8,$20,$34,$0,$23,$0,$23,$57,$0,$2,$1,$3,$-1,$0,$0,$-2,$-3,$0,$1,$0,$0,$0,$0,$0,$1,$2,$-3,$2,$-1,$0,$0,$0,$-0,$-1,$1,$0,$0
10,2016-03-31,6.09,$3.28,1.86,$15.68,0.39,$0.77,7.93,$-0.54,0.0,$0.02B,$0.02B,0.74,$0.00B,$0.02B,0.12,$0.11B,$0.08B,74.31%,$0.11B,$0.00B,1.83%,$0.11B,$0.00B,1.83%,$0.11B,$0.01B,5.50%,$0.11B,$0.00B,0.92%,$0.11B,$-0.00B,-2.75%,$-0.00B,$0.02B,-12.00%,$-0.00B,$0.02B,-13.64%,$-0.00B,$0.06B,-4.94%,$0.00B,$0.03B,5.93%,$23,$6,$17,$0,$11,$23,$0,$-0,$0,$0,$0,$0,$1,$1,$0,$7,7,$0.12,$0.12,$9,$2,$0,$18,$32,$0,$3,$1,$40,$58,$24,$3,$8,$11,$35,$0,$23,$0,$23,$58,$0,$1,$-1,$0,$-0,$0,$0,$0,$0,$1,$1,$0,$0,$0,$0,$0,$1,$2,$-2,$2,$-0,$0,$0,$0,$0,$-0,$2,$-0,$0
11,2015-12-31,6.94,$3.17,2.19,$16.27,0.43,$0.21,32.64,$-0.63,0.0,$0.02B,$0.01B,1.18,$0.01B,$0.02B,0.58,$0.11B,$0.09B,74.56%,$0.11B,$0.00B,1.75%,$0.11B,$0.00B,1.75%,$0.11B,$0.01B,6.14%,$0.11B,$0.00B,0.88%,$0.11B,$-0.00B,-3.51%,$-0.00B,$0.02B,-15.09%,$-0.00B,$0.02B,-17.02%,$-0.00B,$0.06B,-6.35%,$0.00B,$0.04B,5.13%,$25,$6,$19,$0,$13,$26,$-0,$-0,$-1,$-0,$-1,$-1,$-6,$1,$-0,$7,7,$-0.85,$-0.85,$6,$2,$2,$17,$32,$0,$3,$1,$41,$58,$14,$13,$8,$21,$36,$0,$22,$0,$22,$58,$1,$5,$-1,$4,$-1,$0,$-0,$1,$-3,$2,$-3,$0,$0,$0,$0,$0,$7,$4,$-1,$3,$3,$-6,$-6,$0,$-0,$-3,$3,$0,$0
12,2015-09-30,12.91,$4.02,3.21,$14.94,0.86,$1.92,6.71,$-0.13,0.0,$0.01B,$0.02B,0.68,$0.00B,$0.03B,0.1,$0.11B,$0.08B,74.53%,$0.11B,$-0.00B,-2.83%,$0.11B,$-0.00B,-2.83%,$0.11B,$0.00B,1.89%,$0.11B,$-0.00B,-2.83%,$0.11B,0,0.00%,$0.00B,$0.03B,0.00%,$0.00B,$0.03B,0.00%,$0.00B,$0.06B,0.00%,$-0.00B,$0.03B,-7.32%,$28,$7,$21,$0,$12,$27,$1,$-0,$1,$0,$1,$1,$1,$2,$1,$7,7,$0.10,$0.10,$3,$2,$3,$14,$42,$0,$3,$1,$47,$61,$21,$3,$9,$12,$33,$0,$28,$0,$28,$61,$1,$3,$1,$4,$-1,$0,$-0,$-0,$-3,$2,$2,$0,$0,$0,$0,$0,$-0,$2,$-1,$1,$1,$-6,$-6,$0,$0,$-5,$-0,$0,$0
13,2015-06-30,20.05,$3.92,5.12,$16.16,1.24,$2.52,7.95,$0.05,401.0,$0.02B,$0.01B,1.26,$0.02B,$0.03B,0.63,$0.12B,$0.09B,74.14%,$0.12B,$-0.00B,-0.86%,$0.12B,$-0.00B,-0.86%,$0.12B,$0.01B,4.31%,$0.12B,$-0.00B,-0.86%,$0.12B,$0.00B,0.86%,$0.00B,$0.03B,3.25%,$0.00B,$0.02B,3.60%,$0.00B,$0.07B,1.48%,$-0.00B,$0.04B,-2.22%,$33,$8,$24,$0,$14,$32,$1,$-0,$1,$0,$1,$1,$1,$2,$1,$7,7,$0.09,$0.09,$2,$3,$4,$16,$47,$0,$3,$1,$51,$66,$13,$17,$9,$27,$39,$0,$27,$0,$27,$66,$1,$2,$2,$4,$-1,$0,$0,$-0,$-2,$3,$-3,$0,$0,$0,$0,$0,$-0,$-3,$-0,$6,$5,$-6,$-6,$0,$0,$-1,$-0,$0,$0
14,2015-03-31,28.5,$4.05,7.03,$17.27,1.65,$3.31,8.62,$0.35,81.43,$0.02B,$0.01B,1.24,$0.02B,$0.03B,0.6,$0.13B,$0.09B,74.40%,$0.13B,$0.00B,1.60%,$0.13B,$0.00B,1.60%,$0.13B,$0.01B,7.20%,$0.13B,$0.00B,1.60%,$0.13B,$0.00B,2.40%,$0.00B,$0.03B,9.23%,$0.00B,$0.03B,10.17%,$0.00B,$0.07B,4.35%,$0.00B,$0.05B,4.35%,$28,$7,$21,$0,$13,$28,$0,$-0,$0,$-0,$0,$0,$0,$2,$0,$7,7,$0.03,$0.03,$3,$3,$3,$15,$48,$0,$3,$0,$52,$67,$12,$17,$9,$27,$39,$0,$28,$0,$29,$67,$0,$1,$0,$2,$-1,$0,$0,$-1,$-4,$-2,$-0,$0,$0,$0,$0,$0,$-0,$-0,$-0,$6,$6,$-3,$-3,$0,$0,$2,$-0,$0,$0
15,2014-12-31,26.27,$4.46,5.9,$18.16,1.45,$3.70,7.09,$0.39,67.36,$0.02B,$0.02B,1.55,$0.01B,$0.03B,0.36,$0.13B,$0.10B,74.44%,$0.13B,$0.00B,2.26%,$0.13B,$0.00B,2.26%,$0.13B,$0.01B,7.52%,$0.13B,$0.00B,2.26%,$0.13B,$0.00B,3.01%,$0.00B,$0.03B,12.03%,$0.00B,$0.03B,13.22%,$0.00B,$0.07B,5.65%,$0.00B,$0.04B,6.35%,$17,$4,$13,$0,$8,$21,$-5,$-0,$-5,$-2,$-3,$-3,$-2,$-4,$-5,$7,7,$-0.34,$-0.34,$3,$2,$13,$24,$39,$0,$3,$0,$43,$67,$15,$11,$8,$20,$35,$0,$32,$0,$32,$67,$2,$5,$4,$9,$0,$-0,$-1,$3,$1,$13,$-2,$0,$0,$0,$0,$0,$-1,$-3,$-1,$-6,$-7,$-3,$-3,$0,$1,$-9,$1,$-1,$0
16,2014-09-30,26.92,$4.90,5.5,$18.16,1.48,$3.37,8.0,$0.99,27.19,$0.01B,$0.01B,0.78,$0.01B,$0.04B,0.34,$0.13B,$0.10B,74.63%,$0.13B,$0.01B,7.46%,$0.13B,$0.01B,7.46%,$0.13B,$0.02B,11.94%,$0.13B,$0.01B,7.46%,$0.13B,$0.01B,5.97%,$0.01B,$0.04B,23.88%,$0.01B,$0.03B,26.23%,$0.01B,$0.07B,11.00%,$0.01B,$0.05B,20.20%,$38,$10,$28,$0,$14,$35,$3,$-0,$3,$1,$2,$2,$2,$5,$3,$7,7,$0.28,$0.28,$2,$3,$0,$10,$56,$0,$3,$0,$60,$70,$13,$12,$9,$22,$35,$0,$35,$0,$35,$70,$5,$5,$0,$5,$1,$0,$-1,$3,$1,$11,$-2,$0,$0,$0,$0,$0,$0,$-2,$-1,$-6,$-7,$-3,$-3,$0,$1,$-9,$0,$-1,$0
17,2014-06-30,28.7,$4.80,5.98,$18.06,1.59,$3.15,9.12,$0.81,35.43,$0.01B,$0.01B,0.86,$0.01B,$0.03B,0.41,$0.14B,$0.10B,74.26%,$0.14B,$0.01B,5.88%,$0.14B,$0.01B,5.88%,$0.14B,$0.01B,10.29%,$0.14B,$0.01B,5.88%,$0.14B,$0.01B,5.15%,$0.01B,$0.03B,20.74%,$0.01B,$0.03B,22.76%,$0.01B,$0.07B,9.46%,$0.01B,$0.05B,15.84%,$42,$11,$31,$0,$15,$37,$4,$-0,$4,$1,$3,$3,$3,$6,$4,$7,7,$0.39,$0.39,$3,$3,$0,$12,$57,$0,$3,$0,$60,$72,$14,$14,$9,$24,$38,$0,$34,$0,$34,$72,$3,$3,$-0,$3,$0,$-0,$-1,$1,$1,$7,$-1,$0,$0,$0,$0,$0,$0,$-1,$-0,$-4,$-5,$-1,$-1,$0,$1,$-5,$1,$-1,$0
18,2014-03-31,24.48,$4.32,5.66,$17.91,1.37,$3.33,7.34,$0.69,35.48,$0.01B,$0.01B,0.99,$0.02B,$0.03B,0.62,$0.14B,$0.10B,73.91%,$0.14B,$0.01B,5.07%,$0.14B,$0.01B,5.07%,$0.14B,$0.01B,9.42%,$0.14B,$0.01B,5.07%,$0.14B,$0.01B,4.35%,$0.01B,$0.03B,17.39%,$0.01B,$0.03B,19.05%,$0.01B,$0.07B,8.00%,$0.01B,$0.05B,13.66%,$36,$9,$27,$0,$15,$35,$1,$-0,$1,$0,$1,$1,$1,$3,$1,$7,7,$0.07,$0.07,$3,$3,$0,$13,$58,$0,$3,$0,$61,$74,$13,$20,$9,$30,$43,$0,$31,$0,$32,$74,$1,$2,$-0,$1,$0,$0,$-0,$0,$-1,$1,$-0,$0,$0,$0,$0,$0,$0,$-0,$-0,$1,$1,$-1,$-1,$0,$1,$0,$1,$-1,$0
19,2013-12-31,18.3,$4.51,4.06,$17.84,1.03,$3.70,4.94,$0.63,29.05,$0.01B,$0.01B,0.88,$0.02B,$0.03B,0.58,$0.14B,$0.10B,73.38%,$0.14B,$0.01B,4.32%,$0.14B,$0.01B,4.32%,$0.14B,$0.01B,8.63%,$0.14B,$0.01B,4.32%,$0.14B,$0.01B,3.60%,$0.01B,$0.03B,14.29%,$0.01B,$0.03B,15.63%,$0.01B,$0.08B,6.64%,$0.01B,$0.05B,11.59%,$18,$4,$14,$0,$7,$16,$2,$-0,$2,$1,$1,$1,$2,$2,$2,$7,8,$0.26,$0.24,$2,$3,$0,$12,$60,$0,$3,$0,$63,$75,$14,$19,$9,$29,$43,$0,$33,$0,$33,$75,$4,$5,$4,$9,$-0,$-0,$2,$1,$3,$16,$-6,$-0,$0,$0,$0,$0,$-0,$-7,$-1,$-2,$-3,$-7,$-7,$0,$0,$-10,$-1,$2,$0
20,2013-09-30,16.09,$4.81,3.34,$20.28,0.79,$2.88,5.58,$0.48,33.52,$0.01B,$0.02B,0.84,$0.02B,$0.04B,0.4,$0.16B,$0.11B,72.61%,$0.16B,$0.01B,3.18%,$0.16B,$0.01B,3.18%,$0.16B,$0.01B,7.64%,$0.16B,$0.01B,3.18%,$0.16B,$0.00B,2.55%,$0.00B,$0.04B,11.35%,$0.00B,$0.03B,12.40%,$0.00B,$0.08B,5.28%,$0.01B,$0.05B,9.48%,$40,$11,$29,$0,$16,$38,$1,$-0,$1,$0,$1,$1,$1,$3,$1,$7,8,$0.10,$0.10,$3,$3,$0,$12,$59,$0,$3,$0,$63,$75,$15,$15,$8,$24,$39,$0,$35,$0,$36,$75,$3,$5,$3,$8,$0,$-0,$2,$-0,$1,$12,$-4,$-0,$0,$0,$0,$0,$0,$-4,$-1,$-7,$-7,$-1,$-1,$0,$0,$-8,$-0,$1,$0
21,2013-06-30,15.59,$4.79,3.25,$20.50,0.76,$2.06,7.58,$0.49,31.82,$0.01B,$0.02B,0.87,$0.02B,$0.04B,0.41,$0.16B,$0.11B,72.61%,$0.16B,$0.01B,3.18%,$0.16B,$0.01B,3.18%,$0.16B,$0.01B,7.01%,$0.16B,$0.00B,2.55%,$0.16B,$0.00B,2.55%,$0.00B,$0.04B,11.59%,$0.00B,$0.03B,12.70%,$0.00B,$0.08B,5.26%,$0.01B,$0.05B,9.26%,$44,$12,$32,$0,$17,$40,$3,$-0,$3,$1,$2,$2,$2,$5,$3,$7,8,$0.28,$0.27,$3,$3,$0,$14,$59,$0,$3,$1,$62,$76,$16,$15,$8,$24,$39,$0,$35,$0,$37,$76,$2,$3,$1,$4,$0,$-0,$2,$1,$4,$9,$-1,$-0,$0,$0,$0,$0,$0,$-2,$-0,$-7,$-7,$0,$0,$0,$0,$-7,$1,$1,$0
22,2013-03-31,10.86,$4.47,2.43,$20.24,0.54,$1.21,8.97,$0.47,23.11,$0.01B,$0.01B,0.88,$0.02B,$0.03B,0.55,$0.15B,$0.11B,72.73%,$0.15B,$0.01B,3.25%,$0.15B,$0.01B,3.25%,$0.15B,$0.01B,7.14%,$0.15B,$0.00B,2.60%,$0.15B,$0.00B,2.60%,$0.00B,$0.03B,12.03%,$0.00B,$0.03B,13.22%,$0.00B,$0.08B,5.26%,$0.01B,$0.05B,9.13%,$37,$10,$27,$0,$16,$36,$0,$-0,$0,$0,$0,$0,$0,$2,$0,$7,8,$0.01,$0.01,$3,$3,$0,$12,$59,$0,$3,$1,$63,$75,$14,$19,$7,$27,$41,$0,$33,$0,$34,$75,$0,$2,$0,$2,$1,$0,$3,$-0,$2,$4,$-1,$-0,$0,$0,$0,$0,$0,$-1,$-0,$-3,$-3,$0,$0,$0,$0,$-3,$-0,$0,$0
23,2012-12-31,9.19,$4.49,2.04,$20.29,0.45,$0.69,13.38,$0.57,16.12,$0.01B,$0.01B,1.02,$0.02B,$0.03B,0.66,$0.15B,$0.11B,72.73%,$0.15B,$0.01B,3.90%,$0.15B,$0.01B,3.90%,$0.15B,$0.01B,7.79%,$0.15B,$0.01B,3.25%,$0.15B,$0.01B,3.25%,$0.01B,$0.03B,15.15%,$0.01B,$0.03B,16.53%,$0.01B,$0.08B,6.60%,$0.01B,$0.06B,10.86%,$36,$10,$26,$0,$16,$35,$1,$-0,$1,$-0,$1,$1,$1,$2,$1,$7,8,$0.09,$0.10,$3,$3,$0,$12,$60,$0,$3,$1,$64,$77,$12,$22,$7,$31,$43,$0,$33,$0,$34,$77,$4,$6,$0,$7,$-0,$-0,$2,$-0,$-1,$10,$-7,$-0,$0,$0,$0,$0,$1,$-5,$-1,$3,$2,$-6,$-6,$0,$1,$-3,$1,$1,$0
24,2012-09-30,9.53,$4.46,2.14,$20.16,0.47,$1.08,8.79,$0.52,18.33,$0.01B,$0.01B,1.16,$0.02B,$0.03B,0.71,$0.16B,$0.11B,72.44%,$0.16B,$0.01B,3.85%,$0.16B,$0.01B,3.85%,$0.16B,$0.01B,7.69%,$0.16B,$0.01B,3.21%,$0.16B,$0.00B,2.56%,$0.00B,$0.03B,12.12%,$0.00B,$0.03B,13.22%,$0.00B,$0.08B,5.33%,$0.01B,$0.06B,10.91%,$40,$11,$29,$0,$16,$39,$1,$-0,$0,$-0,$1,$1,$1,$2,$1,$7,7,$0.12,$0.11,$3,$3,$0,$13,$60,$0,$3,$0,$63,$76,$11,$23,$7,$32,$43,$0,$32,$0,$33,$76,$4,$4,$0,$5,$0,$-0,$2,$-1,$-2,$6,$-4,$0,$0,$0,$0,$0,$1,$-3,$23,$-20,$3,$-6,$-6,$0,$1,$-2,$1,$1,$0
25,2012-06-30,11.05,$4.30,2.57,$19.58,0.56,$1.47,7.49,$0.60,18.42,$0.01B,$0.01B,0.94,$0.02B,$0.03B,0.72,$0.16B,$0.11B,72.90%,$0.16B,$0.01B,5.16%,$0.16B,$0.01B,5.16%,$0.16B,$0.01B,9.03%,$0.16B,$0.01B,4.52%,$0.16B,$0.01B,3.23%,$0.01B,$0.03B,14.81%,$0.01B,$0.03B,15.75%,$0.01B,$0.08B,6.69%,$0.01B,$0.05B,14.55%,$41,$11,$30,$0,$15,$38,$3,$-0,$3,$1,$2,$2,$2,$5,$3,$8,8,$0.26,$0.25,$3,$3,$0,$12,$60,$0,$3,$0,$63,$76,$13,$23,$7,$31,$44,$0,$31,$0,$32,$76,$3,$3,$2,$5,$0,$-0,$2,$-3,$-3,$5,$-3,$0,$0,$0,$0,$0,$1,$-2,$-0,$3,$2,$-5,$-5,$0,$1,$-2,$1,$1,$0
26,2012-03-31,11.6,$4.32,2.68,$19.25,0.6,$1.88,6.16,$0.64,18.13,$0.01B,$0.01B,1.02,$0.02B,$0.03B,0.64,$0.16B,$0.11B,73.55%,$0.16B,$0.01B,5.81%,$0.16B,$0.01B,5.81%,$0.16B,$0.01B,9.03%,$0.16B,$0.01B,5.16%,$0.16B,$0.01B,3.23%,$0.01B,$0.03B,14.49%,$0.01B,$0.03B,15.04%,$0.01B,$0.07B,6.69%,$0.01B,$0.06B,16.29%,$37,$10,$27,$0,$15,$36,$1,$-0,$1,$0,$1,$1,$1,$3,$1,$8,8,$0.11,$0.11,$2,$3,$0,$12,$59,$0,$3,$0,$62,$74,$12,$21,$6,$29,$41,$0,$29,$0,$33,$74,$1,$1,$1,$3,$0,$0,$2,$-3,$-4,$-0,$-1,$0,$0,$0,$0,$0,$1,$0,$-0,$1,$1,$-1,$-1,$0,$1,$0,$1,$0,$0
27,2011-12-31,10.3,$4.42,2.33,$18.88,0.55,$1.98,5.2,$0.67,15.37,$0.01B,$0.01B,0.81,$0.02B,$0.03B,0.6,$0.16B,$0.11B,73.55%,$0.16B,$0.01B,6.45%,$0.16B,$0.01B,6.45%,$0.16B,$0.01B,9.03%,$0.16B,$0.01B,5.81%,$0.16B,$0.01B,3.23%,$0.01B,$0.03B,14.60%,$0.01B,$0.03B,14.93%,$0.01B,$0.07B,6.67%,$0.01B,$0.06B,17.86%,$38,$10,$27,$0,$17,$37,$1,$-0,$1,$0,$0,$0,$0,$2,$1,$8,8,$0.05,$0.06,$1,$3,$0,$10,$61,$0,$3,$0,$64,$74,$12,$20,$6,$28,$40,$0,$28,$0,$34,$74,$6,$6,$2,$8,$-0,$-0,$-2,$1,$-2,$12,$-6,$0,$0,$0,$0,$0,$0,$-5,$-1,$-2,$-3,$-6,$-6,$0,$-0,$-8,$-2,$1,$0
28,2011-09-30,8.59,$4.50,1.91,$18.40,0.47,$2.18,3.94,$0.68,12.63,$0.01B,$0.01B,0.86,$0.02B,$0.04B,0.55,$0.15B,$0.11B,74.51%,$0.15B,$0.01B,6.54%,$0.15B,$0.01B,6.54%,$0.15B,$0.02B,9.80%,$0.15B,$0.01B,5.88%,$0.15B,$0.01B,3.92%,$0.01B,$0.04B,17.65%,$0.01B,$0.04B,18.05%,$0.01B,$0.08B,7.95%,$0.01B,$0.06B,17.78%,$39,$10,$29,$0,$15,$36,$3,$-0,$2,$1,$2,$2,$2,$4,$3,$8,8,$0.20,$0.19,$2,$3,$0,$11,$61,$0,$0,$3,$64,$75,$13,$20,$6,$26,$39,$0,$28,$0,$36,$75,$5,$4,$1,$6,$0,$-0,$-1,$0,$-2,$8,$-3,$0,$0,$0,$0,$0,$0,$-3,$-0,$-3,$-3,$-3,$-3,$0,$0,$-6,$-1,$1,$0
29,2011-06-30,10.01,$4.31,2.32,$18.12,0.55,$2.17,4.61,$0.66,15.17,$0.01B,$0.01B,0.82,$0.02B,$0.04B,0.6,$0.15B,$0.11B,74.51%,$0.15B,$0.01B,5.88%,$0.15B,$0.01B,5.88%,$0.15B,$0.02B,9.80%,$0.15B,$0.01B,5.88%,$0.15B,$0.01B,3.27%,$0.01B,$0.04B,14.93%,$0.01B,$0.04B,15.27%,$0.01B,$0.08B,6.60%,$0.01B,$0.06B,15.86%,$41,$11,$31,$0,$15,$37,$4,$-0,$4,$1,$2,$2,$2,$5,$4,$8,8,$0.30,$0.29,$3,$3,$0,$12,$61,$0,$0,$3,$64,$76,$14,$21,$6,$27,$41,$0,$26,$0,$35,$76,$4,$3,$1,$4,$-0,$-0,$1,$-0,$-1,$6,$-2,$0,$0,$0,$0,$0,$0,$-1,$-0,$-3,$-3,$-3,$-3,$0,$0,$-5,$-0,$1,$0
30,2011-03-31,9.75,$3.98,2.45,$17.70,0.55,$2.11,4.62,$0.66,14.77,$0.01B,$0.01B,0.99,$0.03B,$0.03B,0.8,$0.15B,$0.11B,73.86%,$0.15B,$0.01B,5.88%,$0.15B,$0.01B,5.88%,$0.15B,$0.02B,10.46%,$0.15B,$0.01B,5.88%,$0.15B,$0.01B,3.92%,$0.01B,$0.03B,18.05%,$0.01B,$0.03B,18.46%,$0.01B,$0.08B,7.92%,$0.01B,$0.06B,15.72%,$37,$10,$27,$0,$15,$35,$2,$-0,$2,$1,$1,$1,$1,$3,$2,$8,8,$0.15,$0.14,$3,$3,$0,$12,$61,$0,$0,$3,$64,$75,$12,$26,$6,$32,$43,$0,$24,$0,$32,$75,$1,$1,$1,$2,$-0,$-0,$0,$-1,$-3,$1,$-1,$0,$0,$0,$0,$0,$0,$-0,$-0,$2,$2,$-2,$-2,$0,$0,$-0,$0,$0,$0
31,2010-12-31,11.15,$3.99,2.79,$16.79,0.66,$2.08,5.36,$0.82,13.6,$0.01B,$0.01B,0.81,$0.02B,$0.03B,0.71,$0.15B,$0.11B,73.83%,$0.15B,$0.01B,7.38%,$0.15B,$0.01B,7.38%,$0.15B,$0.02B,12.75%,$0.15B,$0.01B,7.38%,$0.15B,$0.01B,5.37%,$0.01B,$0.03B,23.88%,$0.01B,$0.03B,24.43%,$0.01B,$0.08B,10.53%,$0.01B,$0.06B,19.13%,$36,$10,$27,$0,$15,$35,$1,$-0,$1,$0,$1,$1,$1,$3,$1,$9,9,$0.08,$0.06,$3,$2,$0,$11,$62,$0,$3,$1,$65,$76,$14,$23,$5,$29,$43,$0,$23,$0,$33,$76,$7,$6,$0,$6,$-0,$-0,$-0,$1,$1,$14,$-5,$0,$-7,$0,$0,$0,$0,$-12,$6,$-1,$6,$-8,$-8,$0,$0,$-2,$-0,$1,$0
32,2010-09-30,9.45,$4.04,2.34,$16.21,0.58,$2.47,3.83,$0.84,11.25,$0.01B,$0.01B,0.9,$0.02B,$0.03B,0.71,$0.15B,$0.11B,73.29%,$0.15B,$0.01B,7.53%,$0.15B,$0.01B,7.53%,$0.15B,$0.02B,13.01%,$0.15B,$0.01B,7.53%,$0.15B,$0.01B,5.48%,$0.01B,$0.03B,23.88%,$0.01B,$0.03B,23.88%,$0.01B,$0.08B,10.81%,$0.01B,$0.06B,19.56%,$39,$10,$29,$0,$15,$36,$2,$-0,$2,$1,$1,$1,$1,$4,$2,$8,9,$0.17,$0.17,$2,$3,$0,$11,$62,$0,$0,$3,$65,$76,$12,$24,$5,$30,$43,$0,$22,$0,$34,$76,$7,$4,$-1,$3,$-0,$-0,$-0,$1,$-1,$9,$-4,$0,$-7,$0,$0,$0,$0,$-10,$6,$0,$7,$-7,$-7,$0,$0,$-0,$-1,$1,$0
33,2010-06-30,8.35,$3.95,2.11,$15.32,0.54,$3.00,2.78,$0.80,10.44,$0.01B,$0.01B,0.87,$0.02B,$0.03B,0.69,$0.14B,$0.10B,73.57%,$0.14B,$0.01B,7.86%,$0.14B,$0.01B,7.86%,$0.14B,$0.02B,12.86%,$0.14B,$0.01B,7.86%,$0.14B,$0.01B,5.71%,$0.01B,$0.03B,24.24%,$0.01B,$0.03B,24.24%,$0.01B,$0.08B,11.07%,$0.01B,$0.06B,21.46%,$41,$11,$30,$0,$15,$37,$4,$-0,$4,$1,$3,$3,$3,$6,$4,$9,9,$0.29,$0.29,$2,$2,$0,$12,$61,$0,$0,$3,$64,$76,$13,$23,$5,$29,$42,$0,$21,$0,$34,$76,$5,$3,$-1,$2,$-0,$-0,$-0,$1,$-1,$6,$-2,$0,$-7,$0,$0,$0,$0,$-8,$7,$-1,$6,$-5,$-5,$0,$0,$1,$-1,$1,$0
34,2010-03-31,8.05,$3.76,2.14,$14.64,0.55,$3.21,2.5,$0.77,10.45,$0.01B,$0.01B,0.98,$0.03B,$0.03B,0.8,$0.14B,$0.10B,74.07%,$0.14B,$0.01B,8.15%,$0.14B,$0.01B,8.15%,$0.14B,$0.02B,13.33%,$0.14B,$0.01B,8.15%,$0.14B,$0.01B,5.19%,$0.01B,$0.03B,21.88%,$0.01B,$0.03B,21.88%,$0.01B,$0.08B,9.89%,$0.01B,$0.06B,23.53%,$33,$8,$24,$0,$13,$28,$4,$-0,$4,$1,$3,$3,$3,$6,$4,$9,9,$0.30,$0.30,$2,$2,$0,$11,$61,$0,$0,$3,$65,$76,$11,$26,$5,$32,$43,$0,$18,$0,$33,$76,$3,$1,$-1,$0,$0,$-0,$0,$-1,$-2,$0,$-1,$0,$-7,$0,$0,$0,$0,$-7,$7,$2,$9,$-3,$-3,$0,$0,$6,$-1,$0,$0
35,2009-12-31,6.05,$3.59,1.69,$14.80,0.41,$3.63,1.66,$0.62,9.76,$0.01B,$0.01B,1.0,$0.02B,$0.03B,0.55,$0.14B,$0.10B,74.26%,$0.14B,$0.01B,6.62%,$0.14B,$0.01B,6.62%,$0.14B,$0.02B,11.76%,$0.14B,$0.01B,6.62%,$0.14B,$0.01B,3.68%,$0.01B,$0.03B,16.26%,$0.01B,$0.03B,16.26%,$0.01B,$0.07B,7.17%,$0.01B,$0.05B,21.56%,$33,$8,$24,$0,$13,$31,$1,$-0,$1,$0,$1,$1,$1,$3,$1,$9,9,$0.08,$0.08,$4,$2,$0,$12,$55,$0,$0,$1,$56,$68,$12,$18,$5,$23,$35,$0,$15,$0,$33,$68,$6,$5,$3,$9,$0,$0,$-2,$-1,$0,$15,$-2,$0,$0,$0,$0,$0,$0,$-2,$-7,$-5,$-12,$-0,$-0,$0,$0,$-11,$1,$1,$0
36,2009-09-30,5.85,$3.46,1.69,$14.70,0.4,$2.34,2.5,$0.32,18.28,$0.01B,$0.03B,0.46,$0.01B,$0.03B,0.18,$0.14B,$0.10B,74.26%,$0.14B,$0.01B,3.68%,$0.14B,$0.01B,3.68%,$0.14B,$0.01B,8.82%,$0.14B,$0.01B,3.68%,$0.14B,$0.00B,1.47%,$0.00B,$0.03B,6.90%,$0.00B,$0.03B,6.90%,$0.00B,$0.07B,2.82%,$0.01B,$0.04B,11.70%,$33,$9,$25,$0,$13,$31,$2,$-0,$2,$1,$1,$1,$1,$3,$2,$9,9,$0.14,$0.13,$2,$2,$0,$12,$55,$0,$0,$1,$57,$69,$27,$6,$5,$10,$38,$0,$15,$0,$32,$69,$5,$4,$1,$5,$1,$-0,$-1,$1,$2,$12,$-1,$0,$0,$0,$0,$0,$0,$-1,$-6,$-5,$-11,$0,$0,$0,$0,$-11,$-0,$1,$0
37,2009-06-30,6.14,$3.29,1.87,$14.87,0.41,$1.43,4.28,$0.11,55.82,$0.01B,$0.03B,0.46,$0.01B,$0.03B,0.27,$0.14B,$0.10B,73.91%,$0.14B,$0.00B,1.45%,$0.14B,$0.00B,1.45%,$0.14B,$0.01B,7.25%,$0.14B,$0.00B,1.45%,$0.14B,0,0.00%,$0.00B,$0.03B,0.00%,$0.00B,$0.03B,0.00%,$0.00B,$0.07B,0.00%,$0.00B,$0.04B,4.62%,$36,$10,$27,$0,$13,$32,$4,$-1,$4,$1,$2,$2,$2,$6,$4,$9,9,$0.26,$0.26,$3,$2,$0,$12,$56,$0,$0,$1,$58,$70,$27,$8,$5,$13,$40,$0,$13,$0,$30,$70,$4,$3,$0,$3,$0,$-0,$-1,$1,$1,$7,$-0,$0,$0,$0,$0,$0,$0,$-0,$-3,$-4,$-7,$0,$0,$0,$-0,$-7,$0,$0,$0
38,2009-03-31,3.14,$3.04,1.03,$14.89,0.21,$0.92,3.4,$0.08,39.25,$0.01B,$0.03B,0.46,$0.01B,$0.03B,0.4,$0.14B,$0.10B,73.05%,$0.14B,$0.00B,1.42%,$0.14B,$0.00B,1.42%,$0.14B,$0.01B,6.38%,$0.14B,$0.00B,0.71%,$0.14B,0,0.00%,$0.00B,$0.03B,0.00%,$0.00B,$0.03B,0.00%,$0.00B,$0.07B,0.00%,$0.00B,$0.04B,4.47%,$34,$9,$25,$0,$14,$31,$2,$-0,$2,$1,$1,$1,$1,$4,$2,$9,9,$0.15,$0.15,$3,$2,$0,$13,$57,$0,$0,$1,$59,$72,$27,$11,$6,$17,$44,$0,$11,$0,$28,$72,$1,$1,$0,$2,$-0,$0,$-1,$1,$1,$4,$-0,$0,$0,$0,$0,$0,$0,$-0,$-0,$-3,$-3,$0,$0,$0,$-0,$-3,$0,$0,$0
39,2008-12-31,2.9,$2.88,1.01,$14.62,0.2,$0.67,4.35,$0.02,145.0,$0.01B,$0.01B,1.1,$0.03B,$0.03B,1.12,$0.14B,$0.10B,73.05%,$0.14B,$0.00B,1.42%,$0.14B,$0.00B,1.42%,$0.14B,$0.01B,5.67%,$0.14B,0,0.00%,$0.14B,0,0.00%,$0.00B,$0.03B,0.00%,$0.00B,$0.03B,0.00%,$0.00B,$0.07B,0.00%,$0.00B,$0.06B,4.37%,$33,$9,$24,$0,$14,$36,$-3,$-0,$-3,$-1,$-2,$-2,$-2,$-1,$-3,$9,10,$-0.21,$-0.20,$3,$2,$0,$13,$58,$0,$0,$1,$60,$73,$12,$29,$6,$35,$47,$0,$10,$0,$26,$73,$0,$6,$7,$13,$-0,$-0,$-2,$1,$-2,$11,$-11,$0,$0,$0,$0,$0,$0,$-10,$-0,$5,$5,$-5,$-5,$0,$-0,$-1,$0,$1,$0
40,2008-09-30,6.01,$3.11,1.93,$14.23,0.42,$0.65,9.25,$0.32,18.78,$0.01B,$0.03B,0.44,$0.01B,$0.03B,0.4,$0.14B,$0.10B,74.10%,$0.14B,$0.01B,5.04%,$0.14B,$0.01B,5.04%,$0.14B,$0.01B,8.63%,$0.14B,$0.00B,2.88%,$0.14B,$0.00B,2.16%,$0.00B,$0.03B,9.76%,$0.00B,$0.03B,9.76%,$0.00B,$0.07B,4.12%,$0.01B,$0.04B,16.47%,$35,$10,$26,$0,$13,$36,$-1,$-0,$-1,$-0,$-1,$-1,$-1,$1,$-1,$9,9,$-0.08,$-0.08,$3,$2,$0,$13,$59,$0,$0,$1,$60,$73,$30,$11,$4,$15,$45,$0,$12,$0,$28,$73,$2,$4,$5,$9,$0,$-0,$-0,$-0,$-1,$10,$-8,$0,$0,$0,$0,$0,$0,$-8,$-0,$3,$3,$-5,$-5,$0,$-0,$-2,$-0,$1,$0
41,2008-06-30,7.7,$3.50,2.2,$13.56,0.57,$0.79,9.69,$0.56,13.75,$0.01B,$0.02B,0.52,$0.01B,$0.03B,0.34,$0.14B,$0.10B,74.26%,$0.14B,$0.01B,8.09%,$0.14B,$0.01B,8.09%,$0.14B,$0.02B,11.03%,$0.14B,$0.01B,5.88%,$0.14B,$0.01B,4.41%,$0.01B,$0.03B,18.46%,$0.01B,$0.03B,18.46%,$0.01B,$0.07B,8.36%,$0.01B,$0.05B,24.86%,$39,$10,$28,$0,$14,$35,$4,$-0,$3,$1,$2,$2,$2,$5,$4,$10,10,$0.24,$0.23,$3,$2,$0,$12,$58,$0,$0,$1,$60,$72,$23,$11,$4,$15,$38,$0,$12,$0,$34,$72,$3,$3,$1,$4,$0,$-0,$-1,$1,$-0,$7,$-4,$0,$0,$0,$0,$0,$0,$-4,$-0,$-3,$-3,$-0,$-0,$0,$-0,$-3,$-1,$1,$0
42,2008-03-31,9.54,$3.23,2.95,$12.82,0.74,$0.89,10.77,$0.53,18.0,$0.01B,$0.03B,0.48,$0.01B,$0.03B,0.37,$0.13B,$0.10B,74.81%,$0.13B,$0.01B,7.63%,$0.13B,$0.01B,7.63%,$0.13B,$0.02B,11.45%,$0.13B,$0.01B,6.11%,$0.13B,$0.01B,4.58%,$0.01B,$0.03B,18.05%,$0.01B,$0.03B,18.05%,$0.01B,$0.07B,8.54%,$0.01B,$0.04B,22.10%,$34,$9,$25,$0,$14,$32,$2,$-0,$1,$0,$1,$1,$1,$3,$2,$10,10,$0.09,$0.09,$3,$2,$0,$12,$58,$0,$0,$1,$60,$72,$26,$12,$4,$15,$41,$0,$10,$0,$31,$72,$1,$1,$0,$2,$1,$-0,$-1,$1,$1,$4,$-2,$0,$0,$0,$0,$0,$0,$-2,$-0,$-1,$-1,$-0,$-0,$0,$-0,$-1,$0,$0,$0
43,2007-12-31,13.56,$3.16,4.28,$12.13,1.12,$1.03,13.19,$0.57,23.79,$0.01B,$0.03B,0.51,$0.01B,$0.03B,0.39,$0.13B,$0.09B,74.60%,$0.13B,$0.01B,7.94%,$0.13B,$0.01B,7.94%,$0.13B,$0.02B,12.70%,$0.13B,$0.01B,7.14%,$0.13B,$0.01B,4.76%,$0.01B,$0.03B,17.27%,$0.01B,$0.03B,17.27%,$0.01B,$0.07B,8.73%,$0.01B,$0.04B,21.51%,$31,$8,$24,$0,$11,$30,$2,$-0,$1,$0,$1,$1,$1,$3,$2,$10,10,$0.09,$0.08,$4,$2,$0,$14,$57,$0,$0,$1,$60,$74,$28,$12,$4,$15,$44,$0,$9,$0,$30,$74,$6,$5,$4,$9,$-2,$-0,$1,$-0,$-2,$13,$-13,$0,$0,$0,$0,$0,$0,$-12,$-1,$13,$12,$-13,$-13,$0,$0,$-1,$0,$1,$0
44,2007-09-30,16.26,$3.57,4.55,$11.67,1.39,$1.78,9.15,$0.59,27.56,$0.01B,$0.02B,0.74,$0.01B,$0.04B,0.33,$0.12B,$0.09B,73.98%,$0.12B,$0.01B,8.13%,$0.12B,$0.01B,8.13%,$0.12B,$0.02B,13.01%,$0.12B,$0.01B,8.13%,$0.12B,$0.01B,4.88%,$0.01B,$0.04B,16.55%,$0.01B,$0.04B,16.55%,$0.01B,$0.07B,8.99%,$0.01B,$0.05B,20.73%,$32,$8,$24,$0,$13,$29,$3,$-0,$3,$1,$2,$2,$2,$4,$3,$10,10,$0.17,$0.17,$5,$2,$0,$13,$54,$0,$0,$1,$56,$69,$18,$11,$5,$16,$34,$0,$8,$0,$35,$69,$5,$3,$3,$7,$-0,$-0,$0,$0,$0,$12,$-8,$0,$2,$0,$0,$0,$0,$-6,$-1,$4,$3,$-7,$-7,$0,$0,$-4,$2,$1,$0
45,2007-06-30,22.25,$3.72,5.98,$11.43,1.95,$2.07,10.74,$0.58,38.36,$0.01B,$0.01B,1.18,$0.01B,$0.04B,0.31,$0.12B,$0.09B,73.77%,$0.12B,$0.01B,8.20%,$0.12B,$0.01B,8.20%,$0.12B,$0.02B,13.11%,$0.12B,$0.01B,8.20%,$0.12B,$0.01B,4.92%,$0.01B,$0.04B,16.22%,$0.01B,$0.04B,16.22%,$0.01B,$0.07B,9.09%,$0.01B,$0.05B,20.30%,$34,$9,$25,$0,$13,$30,$3,$-0,$3,$1,$2,$2,$2,$5,$3,$10,10,$0.21,$0.21,$4,$2,$0,$14,$49,$0,$0,$1,$52,$66,$12,$12,$5,$16,$28,$0,$6,$0,$37,$66,$4,$2,$1,$4,$-0,$-0,$-0,$1,$-0,$7,$-3,$0,$2,$0,$0,$0,$0,$-2,$-1,$0,$-1,$-3,$-3,$0,$0,$-4,$1,$1,$0
46,2007-03-31,18.09,$3.61,5.01,$11.02,1.64,$2.15,8.43,$0.52,34.79,$0.01B,$0.01B,1.03,$0.01B,$0.04B,0.32,$0.12B,$0.09B,73.95%,$0.12B,$0.01B,8.40%,$0.12B,$0.01B,8.40%,$0.12B,$0.02B,12.61%,$0.12B,$0.01B,7.56%,$0.12B,$0.01B,5.04%,$0.01B,$0.04B,16.00%,$0.01B,$0.04B,16.00%,$0.01B,$0.07B,9.06%,$0.01B,$0.05B,20.10%,$29,$8,$21,$0,$12,$27,$2,$-0,$2,$1,$1,$1,$1,$4,$2,$10,10,$0.14,$0.13,$4,$2,$0,$13,$50,$0,$0,$1,$52,$66,$13,$12,$5,$16,$29,$0,$4,$0,$37,$66,$1,$1,$1,$2,$0,$0,$1,$-0,$0,$4,$-1,$0,$0,$0,$0,$0,$0,$-1,$-1,$1,$-0,$-1,$-1,$0,$0,$-1,$2,$1,$0
47,2006-12-31,16.49,$3.57,4.62,$10.73,1.54,$2.06,7.99,$0.46,35.85,$0.01B,$0.01B,1.0,$0.01B,$0.04B,0.36,$0.12B,$0.09B,74.36%,$0.12B,$0.01B,8.55%,$0.12B,$0.01B,8.55%,$0.12B,$0.01B,11.97%,$0.12B,$0.01B,6.84%,$0.12B,$0.01B,5.13%,$0.01B,$0.04B,15.79%,$0.01B,$0.04B,15.79%,$0.01B,$0.07B,8.92%,$0.01B,$0.05B,19.42%,$28,$7,$21,$0,$11,$26,$2,$-0,$2,$0,$1,$1,$1,$3,$2,$10,11,$0.11,$0.10,$3,$2,$0,$13,$50,$0,$0,$1,$53,$66,$13,$13,$3,$16,$30,$0,$3,$0,$36,$66,$5,$4,$5,$9,$-1,$-0,$1,$0,$2,$16,$-7,$0,$0,$0,$0,$0,$0,$-7,$-3,$0,$-3,$-9,$-9,$0,$0,$-12,$-3,$1,$0
