,Date,Stock Price,Book Value per Share,Price to Book Ratio,TTM Sales per Share,Price to Sales Ratio,TTM FCF per Share,Price to FCF Ratio,TTM Net EPS,PE Ratio,Current Assets,Current Liabilities,Current Ratio,Long Term Debt,Shareholder's Equity_x,Debt to Equity Ratio,TTM Revenue_x,TTM Gross Profit,Gross Margin,TTM Revenue_y,TTM Operating Income,Operating Margin,TTM Revenue_x,TTM EBIT,EBIT Margin,TTM Revenue_y,TTM EBITDA,EBITDA Margin,TTM Revenue_x,TTM Pre-Tax Income,Pre-Tax Margin,TTM Revenue_y,TTM Net Income_x,Net Margin,TTM Net Income_y,Shareholder's Equity_y,Return on Equity,TTM Net Income_x,Tangible Equity,Return on Tangible Equity,TTM Net Income_y,Total Assets,Return on Assets,TTM Net Income,LT Investments & Debt,Return on Investment,revenue,cost-goods-sold,gross-profit,research-development-expenses,selling-general-administrative-expenses,operating-expenses,operating-income,total-non-operating-income-expense,pre-tax-income,total-provision-income-taxes,income-after-taxes,income-from-continuous-operations,net-income,ebitda,ebit,basic-shares-outstanding,shares-outstanding,eps-basic-net-earnings-per-share,eps-earnings-per-share-diluted,cash-on-hand,inventory,other-current-assets,total-current-assets,net-property-plant-equipment,long-term-investments,goodwill-intangible-assets-total,other-long-term-assets,total-long-term-assets,total-assets,total-current-liabilities,long-term-debt,other-non-current-liabilities,total-long-term-liabilities,total-liabilities,common-stock-net,retained-earnings-accumulated-deficit,comprehensive-income,total-share-holder-equity,total-liabilities-share-holders-equity,net-income-loss,total-depreciation-amortization-cash-flow,other-non-cash-items,total-non-cash-items,change-in-accounts-receivable,change-in-inventories,change-in-accounts-payable,change-in-assets-liabilities,total-change-in-assets-liabilities,cash-flow-from-operating-activities,net-change-in-property-plant-equipment,net-change-in-intangible-assets,net-acquisitions-divestitures,net-change-in-short-term-investments,net-change-in-long-term-investments,net-change-in-investments-total,investing-activities-other,cash-flow-from-investing-activities,net-long-term-debt,net-current-debt,debt-issuance-retirement-net-total,net-common-equity-issued-repurchased,net-total-equity-issued-repurchased,total-common-preferred-stock-dividends-paid,financial-activities-other,cash-flow-from-financial-activities,net-cash-flow,stock-based-compensation,common-stock-dividends-paid
0,2018-09-30,0.51,$0.78,0.66,$2.14,0.24,$-3.02,0.0,$-1.10,0.0,$0.01B,$0.01B,1.29,$0.00B,$0.01B,0.01,$0.02B,0,0.00%,$0.02B,$-0.01B,-62.50%,$0.02B,$-0.01B,-62.50%,$0.02B,$-0.01B,-62.50%,$0.02B,$-0.01B,-62.50%,$0.02B,$-0.01B,-68.75%,$-0.01B,$0.01B,-176.00%,$-0.01B,$0.00B,-488.89%,$-0.01B,$0.01B,-95.65%,$-0.01B,$0.01B,-142.86%,$5,$4,$0,$0,$3,$8,$-3,$-0,$-3,$0,$-3,$-3,$-4,$-3,$-3,$9,9,$-0.50,$-0.50,$2,$0,$0,$7,$0,$0,$5,$0,$6,$13,$5,$0,$0,$0,$5,$0,$-22,$0,$8,$13,$-11,$1,$2,$3,$-0,$0,$0,$-1,$-2,$-10,$-0,$0,$5,$0,$0,$0,$0,$5,$-0,$0,$-0,$1,$7,$0,$-0,$7,$2,$2,$0
1,2018-06-30,1.26,$1.13,1.12,$5.72,0.22,$-1.28,0.0,$-1.10,0.0,$0.01B,$0.01B,1.56,$0.00B,$0.01B,0.01,$0.02B,$0.00B,6.67%,$0.02B,$-0.01B,-46.67%,$0.02B,$-0.01B,-46.67%,$0.02B,$-0.01B,-46.67%,$0.02B,$-0.01B,-46.67%,$0.02B,$-0.01B,-53.33%,$-0.01B,$0.01B,-160.00%,$-0.01B,$0.00B,-320.00%,$-0.01B,$0.02B,-80.00%,$-0.01B,$0.01B,-121.74%,$6,$6,$0,$0,$4,$10,$-4,$0,$-4,$0,$-4,$-4,$-4,$-4,$-4,$8,8,$-0.54,$-0.54,$3,$0,$1,$9,$0,$0,$5,$0,$6,$15,$6,$0,$0,$0,$6,$0,$-17,$0,$9,$15,$-7,$0,$1,$2,$-0,$0,$0,$-2,$-2,$-8,$-0,$0,$5,$0,$0,$0,$0,$5,$-0,$0,$-0,$0,$6,$0,$-0,$6,$3,$1,$0
2,2018-03-31,2.08,$1.55,1.34,$5.53,0.38,$-1.80,0.0,$-0.56,0.0,$0.01B,$0.01B,2.24,$0.00B,$0.01B,0.01,$0.01B,$0.00B,10.00%,$0.01B,$-0.01B,-60.00%,$0.01B,$-0.01B,-60.00%,$0.01B,$-0.01B,-50.00%,$0.01B,$-0.01B,-60.00%,$0.01B,$-0.01B,-70.00%,$-0.01B,$0.01B,-254.55%,$-0.01B,$0.01B,-466.67%,$-0.01B,$0.02B,-112.00%,$-0.01B,$0.01B,-171.43%,$5,$5,$0,$0,$3,$8,$-3,$-0,$-3,$0,$-3,$-3,$-3,$-3,$-3,$6,6,$-0.56,$-0.56,$7,$0,$1,$11,$0,$0,$5,$0,$6,$17,$5,$0,$0,$0,$5,$0,$-13,$0,$12,$17,$-3,$0,$0,$1,$2,$0,$0,$-2,$-2,$-4,$-0,$0,$5,$0,$0,$0,$0,$5,$-0,$0,$-0,$0,$6,$0,$-0,$6,$7,$0,$0
3,2017-12-31,4.08,$0.00,0.0,$8.93,0.46,$-0.76,0.0,0,0.0,$0.00B,$0.00B,0.28,$0.00B,$-0.00B,-0.78,$0.01B,$0.00B,22.22%,$0.01B,$-0.00B,-33.33%,$0.01B,$-0.00B,-33.33%,$0.01B,$-0.00B,-22.22%,$0.01B,$-0.00B,-33.33%,$0.01B,$-0.00B,-44.44%,$-0.00B,$-0.00B,-800.00%,$-0.00B,$-0.00B,-800.00%,$-0.00B,$0.00B,-106.67%,$-0.00B,$-0.00B,-240.00%,$0,$0,$0,$0,$0,$0,$0,$0,$0,$0,$0,$0,$0,$0,$0,$0,0,$0.00,$0.00,$0,$0,$0,$1,$0,$0,$0,$0,$1,$1,$2,$4,$0,$4,$6,$0,$-10,$0,$-4,$1,$0,$0,$0,$0,$0,$0,$0,$0,$0,$0,$0,$0,$0,$0,$0,$0,$0,$0,$0,$0,$0,$0,$0,$0,$0,$0,$0,$0,$0
4,2017-10-31,6.0,$2.55,2.35,$9.43,0.64,$-1.61,0.0,$-0.52,0.0,$0.01B,$0.00B,1.73,$0.00B,$0.00B,0.04,$0.01B,$0.00B,20.00%,$0.01B,$-0.00B,-40.00%,$0.01B,$-0.00B,-40.00%,$0.01B,$-0.00B,-30.00%,$0.01B,$-0.01B,-50.00%,$0.01B,$-0.01B,-60.00%,$-0.01B,$0.00B,-400.00%,$-0.01B,$0.00B,-400.00%,$-0.01B,$0.01B,-171.43%,$-0.00B,$0.00B,-266.67%,$4,$3,$1,$0,$1,$4,$-0,$0,$-0,$0,$-0,$-0,$-1,$-0,$-0,$1,1,$-1.36,$-1.36,$4,$0,$0,$7,$0,$0,$0,$0,$0,$7,$4,$0,$0,$0,$4,$0,$-89,$0,$3,$7,$-1,$0,$0,$0,$1,$0,$0,$0,$1,$1,$-0,$0,$0,$0,$0,$0,$0,$-0,$-0,$0,$-0,$1,$1,$0,$0,$1,$2,$0,$0
5,2017-09-30,7.0,$0.00,0.0,$5.31,1.32,$-2.13,0.0,$-0.52,0.0,$0.00B,$0.00B,0.0,$0.00B,$0.00B,0.0,$0.01B,$0.00B,16.67%,$0.01B,$-0.00B,-66.67%,$0.01B,$-0.00B,-66.67%,$0.01B,$-0.00B,-50.00%,$0.01B,$-0.01B,-83.33%,$0.01B,$-0.01B,-83.33%,$-0.01B,$0.00B,-333.33%,$-0.01B,$0.00B,-333.33%,$-0.01B,$0.00B,-142.86%,$-0.00B,$0.00B,-266.67%,$1,$1,$-0,$0,$2,$4,$-3,$-0,$-3,$0,$-3,$-3,$-3,$-2,$-3,$2,2,$-1.38,$-1.38,$0,$0,$0,$0,$0,$0,$0,$0,$0,$0,$0,$0,$0,$0,$0,$0,$0,$0,$0,$0,$-5,$1,$1,$2,$-0,$0,$0,$0,$1,$-3,$-0,$0,$0,$0,$0,$0,$0,$-0,$3,$0,$3,$0,$0,$0,$-0,$3,$-0,$1,$0
6,2017-07-31,5.32,$3.14,1.69,$5.43,0.98,$-0.94,0.0,$-2.32,0.0,$0.01B,$0.00B,1.56,$0.00B,$0.00B,0.08,$0.01B,$0.00B,16.67%,$0.01B,$-0.00B,-16.67%,$0.01B,$-0.00B,-16.67%,$0.01B,$-0.00B,-16.67%,$0.01B,$-0.00B,-33.33%,$0.01B,$-0.00B,-33.33%,$-0.00B,$0.00B,-133.33%,$-0.00B,$0.00B,-133.33%,$-0.00B,$0.01B,-57.14%,$-0.00B,$0.00B,-66.67%,$4,$3,$1,$0,$1,$4,$-0,$0,$-0,$0,$-0,$-0,$-0,$-0,$-0,$1,1,$-0.52,$-0.52,$2,$0,$0,$7,$0,$0,$0,$0,$0,$7,$4,$0,$0,$0,$4,$0,$-88,$0,$3,$7,$-0,$0,$0,$0,$0,$0,$0,$1,$1,$0,$-0,$0,$0,$0,$0,$0,$0,$-0,$-0,$0,$-0,$0,$0,$0,$0,$-0,$0,$0,$0
7,2017-06-30,5.56,$0.00,0.0,$6.95,0.8,$-1.56,0.0,$-2.32,0.0,$0.00B,$0.00B,0.0,$0.00B,$0.00B,0.0,$0.01B,$0.00B,16.67%,$0.01B,$-0.00B,-16.67%,$0.01B,$-0.00B,-16.67%,$0.01B,$-0.00B,-16.67%,$0.01B,$-0.00B,-33.33%,$0.01B,$-0.00B,-50.00%,$-0.00B,$0.00B,-240.00%,$-0.00B,$0.00B,-240.00%,$-0.00B,$0.00B,-85.71%,$-0.00B,$0.00B,-66.67%,$1,$1,$-0,$0,$1,$2,$-1,$-0,$-2,$0,$-2,$-2,$-2,$-1,$-1,$2,2,$-1.01,$-1.01,$0,$0,$0,$0,$0,$0,$0,$0,$0,$0,$0,$0,$0,$0,$0,$0,$0,$0,$0,$0,$-2,$0,$0,$1,$-0,$0,$0,$0,$0,$-1,$-0,$0,$0,$0,$0,$0,$0,$-0,$2,$0,$2,$0,$0,$0,$-0,$2,$1,$0,$0
8,2017-04-30,5.4,$0.00,0.0,$13.24,0.41,$-0.88,0.0,$-1.80,0.0,$0.01B,$0.00B,1.73,$0.00B,$0.00B,0.07,$0.01B,$0.00B,20.00%,$0.01B,$-0.00B,-10.00%,$0.01B,$-0.00B,-10.00%,$0.01B,$-0.00B,-10.00%,$0.01B,0,0.00%,$0.01B,$-0.00B,-10.00%,$-0.00B,$0.00B,-57.14%,$-0.00B,$0.00B,-57.14%,$-0.00B,$0.01B,-19.05%,$-0.00B,$0.00B,-50.00%,$0,$0,$0,$0,$0,$0,$0,$0,$0,$0,$0,$0,$0,$0,$0,$0,0,$0.00,$0.00,$2,$0,$0,$7,$0,$0,$0,$0,$0,$7,$4,$0,$0,$0,$4,$0,$-87,$0,$3,$7,$0,$0,$0,$0,$0,$0,$0,$0,$0,$0,$0,$0,$0,$0,$0,$0,$0,$0,$0,$0,$0,$0,$0,$0,$0,$0,$0,$0,$0
9,2017-03-31,5.52,$0.00,0.0,$16.71,0.33,$-1.15,0.0,$-1.80,0.0,$0.00B,$0.00B,0.0,$0.00B,$0.00B,0.0,$0.01B,$0.00B,23.08%,$0.01B,$-0.00B,-15.38%,$0.01B,$-0.00B,-15.38%,$0.01B,$-0.00B,-15.38%,$0.01B,$0.00B,7.69%,$0.01B,0,0.00%,$0.00B,$0.00B,0.00%,$0.00B,$0.00B,0.00%,$0.00B,$0.00B,0.00%,$-0.00B,$0.00B,-100.00%,$1,$0,$0,$0,$0,$1,$-0,$0,$-0,$0,$-0,$-0,$-0,$-0,$-0,$1,1,$-0.24,$-0.24,$0,$0,$0,$0,$0,$0,$0,$0,$0,$0,$0,$0,$0,$0,$0,$0,$0,$0,$0,$0,$-0,$0,$0,$0,$-0,$0,$0,$0,$0,$-0,$-0,$0,$0,$0,$0,$0,$0,$-0,$0,$0,$0,$0,$0,$0,$0,$0,$-0,$0,$0
10,2017-01-31,5.84,$2.82,2.07,$15.99,0.37,$-0.77,0.0,0,0.0,$0.01B,$0.00B,1.48,$0.00B,$0.00B,0.08,$0.01B,$0.00B,25.00%,$0.01B,$-0.00B,-16.67%,$0.01B,$-0.00B,-16.67%,$0.01B,$-0.00B,-16.67%,$0.01B,$0.00B,8.33%,$0.01B,0,0.00%,$0.00B,$0.00B,0.00%,$0.00B,$0.00B,0.00%,$0.00B,$0.01B,0.00%,$-0.00B,$0.00B,-80.00%,$4,$3,$1,$0,$1,$5,$-0,$0,$-0,$0,$-0,$-0,$-1,$-0,$-0,$1,1,$-1.32,$-1.32,$2,$0,$0,$6,$0,$0,$0,$0,$0,$7,$4,$0,$0,$0,$4,$0,$-86,$0,$2,$7,$-0,$0,$0,$0,$-1,$0,$0,$1,$0,$-0,$-0,$0,$0,$0,$0,$0,$0,$-0,$-0,$0,$-0,$0,$0,$0,$0,$0,$0,$0,$0
11,2016-10-31,5.04,$3.33,1.52,$15.37,0.33,$-4.51,0.0,0,0.0,$0.01B,$0.00B,1.53,$0.00B,$0.00B,0.07,$0.01B,$0.00B,27.27%,$0.01B,$-0.00B,-27.27%,$0.01B,$-0.00B,-27.27%,$0.01B,$-0.00B,-27.27%,$0.01B,0,0.00%,$0.01B,0,0.00%,$0.00B,$0.00B,0.00%,$0.00B,$0.00B,0.00%,$0.00B,$0.01B,0.00%,$-0.00B,$0.00B,-120.00%,$5,$4,$1,$0,$2,$5,$-1,$0,$-0,$0,$-0,$-0,$-0,$-1,$-1,$1,1,$-0.60,$-0.60,$2,$0,$1,$6,$0,$0,$0,$0,$0,$7,$4,$0,$0,$0,$4,$0,$-85,$0,$2,$7,$0,$0,$0,$0,$-0,$0,$0,$-0,$-0,$-0,$-0,$0,$0,$0,$0,$0,$0,$-0,$-0,$0,$-0,$0,$0,$0,$0,$-0,$-0,$0,$0
12,2016-07-31,6.44,$4.15,1.55,$14.91,0.43,$-8.59,0.0,0,0.0,$0.01B,$0.00B,1.61,$0.00B,$0.00B,0.06,$0.01B,$0.00B,30.00%,$0.01B,$-0.00B,-40.00%,$0.01B,$-0.00B,-40.00%,$0.01B,$-0.00B,-30.00%,$0.01B,$-0.00B,-20.00%,$0.01B,$-0.00B,-20.00%,$-0.00B,$0.00B,-72.73%,$-0.00B,$0.00B,-72.73%,$-0.00B,$0.01B,-29.63%,$-0.00B,$0.00B,-145.45%,$3,$3,$1,$0,$1,$4,$-1,$1,$1,$0,$1,$1,$1,$-1,$-1,$1,1,$0.84,$0.56,$2,$0,$0,$7,$0,$0,$0,$0,$0,$7,$4,$0,$0,$0,$4,$0,$-84,$0,$3,$7,$1,$0,$0,$0,$-1,$0,$0,$0,$-1,$-0,$-0,$0,$0,$0,$0,$0,$0,$-0,$-0,$0,$-0,$0,$0,$0,$0,$-0,$-0,$0,$0
13,2016-04-30,5.48,$0.00,0.0,$23.59,0.23,$-3.86,0.0,0,0.0,$0.01B,$0.00B,1.59,$0.00B,$0.00B,0.09,$0.01B,$0.00B,27.27%,$0.01B,$-0.00B,-27.27%,$0.01B,$-0.00B,-27.27%,$0.01B,$-0.00B,-18.18%,$0.01B,$-0.00B,-27.27%,$0.01B,$-0.01B,-63.64%,$-0.01B,$0.00B,-254.55%,$-0.01B,$0.00B,-254.55%,$-0.01B,$0.01B,-75.68%,$-0.00B,$0.00B,-109.09%,$0,$0,$0,$0,$0,$0,$0,$0,$0,$0,$0,$0,$0,$0,$0,$0,0,$0.00,$0.00,$2,$0,$0,$6,$0,$0,$0,$0,$0,$6,$3,$0,$0,$0,$4,$0,$-85,$0,$2,$6,$0,$0,$0,$0,$0,$0,$0,$0,$0,$0,$0,$0,$0,$0,$0,$0,$0,$0,$0,$0,$0,$0,$0,$0,$0,$0,$0,$0,$0
14,2016-01-31,5.2,$4.20,1.24,$23.59,0.22,$-3.86,0.0,0,0.0,$0.01B,$0.00B,1.66,$0.00B,$0.00B,0.06,$0.01B,$0.00B,27.27%,$0.01B,$-0.00B,-27.27%,$0.01B,$-0.00B,-27.27%,$0.01B,$-0.00B,-18.18%,$0.01B,$-0.00B,-27.27%,$0.01B,$-0.01B,-63.64%,$-0.01B,$0.00B,-311.11%,$-0.01B,$0.00B,-311.11%,$-0.01B,$0.01B,-60.87%,$-0.00B,$0.00B,-133.33%,$3,$3,$1,$0,$2,$4,$-1,$0,$-1,$0,$-1,$-1,$-1,$-1,$-1,$1,1,$-1.88,$-1.88,$2,$0,$0,$7,$0,$0,$0,$0,$0,$7,$4,$0,$0,$0,$4,$0,$-84,$0,$3,$7,$-3,$0,$2,$2,$3,$0,$0,$-1,$-2,$-3,$-0,$0,$1,$0,$0,$0,$0,$1,$-0,$-0,$-0,$0,$2,$0,$0,$1,$0,$2,$0
15,2015-10-31,5.92,$4.55,1.3,$51.72,0.11,$-9.34,0.0,0,0.0,$0.01B,$0.01B,1.6,$0.00B,$0.00B,0.04,$0.01B,$0.00B,23.08%,$0.01B,$-0.00B,-15.38%,$0.01B,$-0.00B,-15.38%,$0.01B,$-0.00B,-7.69%,$0.01B,$-0.01B,-38.46%,$0.01B,$-0.01B,-69.23%,$-0.01B,$0.00B,-600.00%,$-0.01B,$0.00B,-600.00%,$-0.01B,$0.01B,-66.67%,$-0.00B,$0.00B,-133.33%,$4,$3,$1,$0,$3,$6,$-2,$-0,$-2,$0,$-2,$-2,$-2,$-1,$-2,$1,1,$-3.28,$-3.28,$3,$0,$1,$7,$0,$0,$0,$0,$0,$7,$5,$0,$0,$0,$5,$0,$-83,$0,$3,$7,$-2,$0,$1,$1,$2,$0,$0,$-2,$-2,$-3,$0,$0,$1,$0,$0,$0,$0,$1,$-0,$-0,$-0,$0,$2,$0,$0,$1,$0,$2,$0
16,2015-07-31,6.2,$6.01,1.03,$83.90,0.07,$-2.95,0.0,0,0.0,$0.02B,$0.01B,1.16,$0.00B,$0.00B,0.07,$0.02B,$0.00B,20.00%,$0.02B,0,0.00%,$0.02B,0,0.00%,$0.02B,$0.01B,33.33%,$0.02B,$-0.01B,-33.33%,$0.02B,$-0.01B,-73.33%,$-0.01B,$0.00B,-1466.67%,$-0.01B,$0.00B,-1466.67%,$-0.01B,$0.02B,-67.69%,$0.00B,$0.00B,0.00%,$4,$3,$1,$0,$1,$5,$-0,$0,$0,$0,$0,$0,$-4,$-0,$-0,$0,0,$-11.36,$-11.36,$6,$0,$6,$16,$0,$0,$0,$1,$1,$17,$14,$0,$0,$0,$14,$0,$-81,$0,$3,$17,$0,$0,$-0,$-0,$1,$0,$0,$2,$2,$2,$-0,$0,$0,$0,$0,$0,$0,$-0,$-0,$-0,$-0,$0,$2,$0,$0,$1,$3,$0,$0
17,2015-04-30,11.52,$0.00,0.0,$110.12,0.1,$-12.40,0.0,0,0.0,$0.01B,$0.02B,0.92,$0.00B,$-0.01B,-0.01,$0.02B,$0.00B,17.65%,$0.02B,0,0.00%,$0.02B,0,0.00%,$0.02B,$0.01B,29.41%,$0.02B,$-0.01B,-47.06%,$0.02B,$-0.01B,-52.94%,$-0.01B,$0.00B,-1200.00%,$-0.01B,$0.00B,-1200.00%,$-0.01B,$0.02B,-52.17%,$0.00B,$0.00B,0.00%,$0,$0,$0,$0,$0,$0,$0,$0,$0,$0,$0,$0,$0,$0,$0,$0,0,$0.00,$0.00,$2,$0,$5,$14,$0,$0,$0,$1,$1,$15,$15,$0,$0,$0,$15,$0,$-77,$0,$-0,$15,$0,$0,$0,$0,$0,$0,$0,$0,$0,$0,$0,$0,$0,$0,$0,$0,$0,$0,$0,$0,$0,$0,$0,$0,$0,$0,$0,$0,$0
18,2015-01-31,23.32,$-0.22,-106.78,$149.63,0.16,$-22.04,0.0,0,0.0,$0.01B,$0.02B,0.91,$0.00B,$-0.01B,-0.01,$0.02B,$0.00B,17.39%,$0.02B,$-0.00B,-4.35%,$0.02B,$-0.00B,-4.35%,$0.02B,$0.01B,26.09%,$0.02B,$-0.01B,-39.13%,$0.02B,$-0.01B,-43.48%,$-0.01B,$0.00B,-444.44%,$-0.01B,$0.00B,-444.44%,$-0.01B,$0.02B,-52.63%,$-0.00B,$0.00B,-40.00%,$5,$4,$1,$0,$1,$6,$-0,$-2,$-3,$0,$-3,$-3,$-3,$0,$-0,$0,0,$-21.80,$-21.80,$2,$0,$0,$13,$1,$0,$0,$0,$1,$15,$15,$0,$0,$0,$15,$0,$-75,$0,$-0,$15,$-7,$1,$5,$6,$-3,$0,$0,$1,$0,$-2,$0,$-0,$2,$0,$0,$0,$0,$2,$-0,$0,$-0,$0,$0,$-0,$0,$-0,$-0,$0,$0
19,2014-10-31,64.68,$2.51,25.75,$201.69,0.32,$-29.04,0.0,0,0.0,$0.01B,$0.02B,0.86,$0.00B,$-0.00B,-0.16,$0.02B,$0.00B,16.67%,$0.02B,$-0.00B,-4.17%,$0.02B,$-0.00B,-4.17%,$0.02B,$0.01B,45.83%,$0.02B,$-0.01B,-37.50%,$0.02B,$-0.01B,-45.83%,$-0.01B,$0.00B,-275.00%,$-0.01B,$0.00B,-275.00%,$-0.01B,$0.02B,-53.01%,$-0.00B,$0.00B,-22.22%,$6,$5,$1,$0,$1,$6,$-0,$-2,$-2,$0,$-2,$-2,$-4,$5,$-0,$0,0,$-24.24,$-24.24,$2,$0,$1,$14,$1,$0,$0,$0,$3,$18,$17,$1,$0,$1,$17,$0,$-71,$0,$0,$18,$-5,$1,$1,$2,$-2,$0,$0,$5,$3,$0,$-0,$0,$0,$0,$0,$0,$0,$-0,$0,$0,$0,$0,$0,$-0,$0,$-0,$0,$0,$0
20,2014-07-31,84.21,$17.33,4.86,$475.68,0.18,$-17.75,0.0,0,0.0,$0.02B,$0.02B,0.91,$0.00B,$0.00B,1.88,$0.02B,$0.00B,17.39%,$0.02B,$-0.00B,-4.35%,$0.02B,$-0.00B,-4.35%,$0.02B,$0.01B,34.78%,$0.02B,$-0.01B,-34.78%,$0.02B,$-0.01B,-30.43%,$-0.01B,$0.00B,-133.33%,$-0.01B,$0.00B,-133.33%,$-0.01B,$0.02B,-33.73%,$-0.00B,$0.00B,-18.18%,$6,$5,$1,$0,$1,$6,$0,$-3,$-3,$0,$-3,$-3,$-2,$0,$0,$0,0,$-14.64,$-14.64,$1,$0,$4,$16,$2,$0,$0,$0,$5,$21,$18,$1,$0,$1,$18,$0,$-68,$0,$3,$21,$-3,$1,$1,$2,$-2,$0,$0,$0,$-0,$-1,$-0,$0,$0,$0,$0,$0,$0,$-0,$0,$0,$0,$0,$0,$-0,$0,$-0,$-1,$0,$0
21,2014-04-30,94.16,$37.77,2.49,$810.63,0.12,$16.48,5.71,0,0.0,$0.02B,$0.02B,1.04,$0.00B,$0.00B,0.02,$0.02B,$0.00B,19.05%,$0.02B,$-0.00B,-14.29%,$0.02B,$-0.00B,-14.29%,$0.02B,$0.01B,28.57%,$0.02B,$-0.01B,-52.38%,$0.02B,$-0.01B,-52.38%,$-0.01B,$0.01B,-366.67%,$-0.01B,$0.01B,-366.67%,$-0.01B,$0.02B,-54.32%,$-0.00B,$0.01B,-92.31%,$6,$5,$1,$0,$2,$7,$-1,$-0,$-1,$-0,$-1,$-1,$-1,$1,$-1,$0,0,$-7.93,$-7.93,$2,$0,$4,$17,$2,$0,$0,$4,$5,$22,$16,$0,$0,$0,$16,$0,$-65,$1,$6,$22,$0,$0,$0,$0,$0,$0,$0,$0,$0,$0,$0,$0,$0,$0,$0,$0,$0,$0,$0,$0,$0,$0,$0,$0,$0,$0,$0,$0,$0
22,2014-01-31,124.96,$45.55,2.74,$771.12,0.16,$26.12,4.78,0,0.0,$0.02B,$0.02B,1.15,$0.00B,$0.01B,0.14,$0.02B,$0.00B,20.00%,$0.02B,$-0.00B,-13.33%,$0.02B,$-0.00B,-13.33%,$0.02B,$0.01B,33.33%,$0.02B,$-0.01B,-86.67%,$0.02B,$-0.02B,-106.67%,$-0.02B,$0.01B,-1280.00%,$-0.02B,$0.01B,-1280.00%,$-0.02B,$0.02B,-83.12%,$-0.00B,$0.01B,-133.33%,$6,$5,$1,$0,$1,$6,$-0,$-3,$-3,$0,$-3,$-3,$-4,$5,$-0,$0,0,$-47.58,$-47.58,$2,$0,$3,$17,$2,$0,$0,$0,$6,$22,$15,$1,$0,$1,$15,$0,$-64,$1,$7,$22,$-10,$5,$2,$8,$-3,$0,$0,$4,$1,$-1,$-0,$0,$1,$0,$0,$0,$0,$1,$1,$1,$1,$0,$0,$0,$-0,$1,$1,$0,$0
23,2013-10-31,176.0,$305.60,0.58,$1356.02,0.13,$-221.68,0.0,0,0.0,$0.02B,$0.01B,1.14,$0.00B,$0.01B,0.03,$0.02B,$0.00B,23.53%,$0.02B,$-0.00B,-11.76%,$0.02B,$-0.00B,-11.76%,$0.02B,$0.00B,17.65%,$0.02B,$-0.01B,-64.71%,$0.02B,$-0.01B,-76.47%,$-0.01B,$0.01B,-1733.33%,$-0.01B,$0.01B,-5200.00%,$-0.01B,$0.02B,-65.82%,$-0.00B,$0.01B,-200.00%,$5,$4,$1,$0,$1,$5,$-0,$-0,$-1,$-0,$-1,$-1,$-0,$2,$-0,$0,0,$-34.36,$-34.36,$1,$0,$3,$16,$2,$0,$0,$0,$3,$18,$14,$0,$0,$0,$14,$0,$-60,$1,$5,$18,$-7,$4,$1,$5,$-2,$0,$0,$2,$2,$0,$-0,$0,$0,$0,$0,$0,$0,$-0,$-0,$1,$1,$0,$0,$0,$-0,$0,$1,$0,$0
24,2013-07-31,262.24,$-396.99,-0.66,$1747.78,0.15,$-342.71,0.0,0,0.0,$0.02B,$0.02B,0.82,$0.00B,$-0.01B,-0.03,$0.02B,$0.01B,30.00%,$0.02B,$-0.00B,-5.00%,$0.02B,$-0.00B,-5.00%,$0.02B,$0.00B,15.00%,$0.02B,$-0.01B,-50.00%,$0.02B,$-0.01B,-65.00%,$-0.01B,$-0.01B,-1040.00%,$-0.01B,$-0.01B,-5200.00%,$-0.01B,$0.02B,-63.41%,$-0.00B,$-0.01B,-66.67%,$4,$3,$1,$0,$3,$6,$-2,$-4,$-6,$0,$-6,$-6,$-6,$-2,$-2,$0,0,$-518.94,$-518.94,$2,$0,$1,$15,$3,$0,$0,$0,$3,$19,$19,$0,$5,$6,$24,$0,$-60,$1,$-6,$19,$-6,$1,$3,$5,$-1,$0,$0,$1,$2,$0,$0,$0,$0,$0,$0,$0,$0,$0,$-0,$0,$-0,$0,$0,$0,$0,$-0,$0,$0,$0
25,2013-04-30,215.54,$0.00,0.0,$2553.80,0.08,$-407.61,0.0,0,0.0,$0.02B,$0.02B,0.97,$0.00B,$-0.00B,-0.14,$0.03B,$0.01B,27.59%,$0.03B,$0.00B,3.45%,$0.03B,$0.00B,3.45%,$0.03B,$0.01B,17.24%,$0.03B,$-0.01B,-17.24%,$0.03B,$-0.01B,-20.69%,$-0.01B,$-0.00B,-133.33%,$-0.01B,$-0.00B,-200.00%,$-0.01B,$0.02B,-26.97%,$0.00B,$-0.00B,21.05%,$0,$0,$0,$0,$2,$0,$-0,$0,$-3,$0,$0,$-3,$-6,$0,$0,$0,0,$-548.90,$-548.90,$3,$0,$3,$15,$3,$0,$0,$1,$4,$18,$15,$0,$4,$4,$19,$0,$-54,$1,$-1,$18,$0,$0,$0,$0,$0,$0,$0,$0,$0,$0,$0,$0,$0,$0,$0,$0,$0,$0,$0,$0,$0,$0,$0,$0,$0,$0,$0,$0,$0
26,2013-01-31,280.9,$485.81,0.58,$2553.80,0.11,$-407.61,0.0,0,0.0,$0.02B,$0.02B,1.08,$0.00B,$0.01B,0.02,$0.03B,$0.01B,27.59%,$0.03B,$0.00B,3.45%,$0.03B,$0.00B,3.45%,$0.03B,$0.01B,17.24%,$0.03B,$-0.00B,-6.90%,$0.03B,0,0.00%,$0.00B,$0.01B,0.00%,$0.00B,$0.00B,0.00%,$0.00B,$0.02B,0.00%,$0.00B,$0.01B,15.38%,$8,$5,$2,$0,$2,$7,$0,$-2,$-1,$-0,$-1,$-1,$-1,$3,$0,$0,0,$-109.25,$-109.25,$3,$0,$1,$18,$3,$0,$2,$0,$6,$24,$17,$0,$2,$2,$19,$0,$-48,$1,$5,$24,$-1,$2,$-1,$1,$1,$0,$0,$-2,$-3,$-3,$-0,$0,$5,$0,$0,$0,$0,$4,$2,$-3,$-0,$0,$0,$0,$-0,$-0,$1,$0,$0
27,2012-10-31,301.84,$601.16,0.5,$3044.86,0.1,$-31.45,0.0,0,0.0,$0.02B,$0.02B,1.09,$0.00B,$0.01B,0.01,$0.03B,$0.00B,11.76%,$0.03B,$-0.01B,-14.71%,$0.03B,$-0.01B,-14.71%,$0.03B,$-0.00B,-5.88%,$0.03B,$-0.01B,-20.59%,$0.03B,$-0.01B,-26.47%,$-0.01B,$0.01B,-105.88%,$-0.01B,$0.01B,-138.46%,$-0.01B,$0.02B,-29.75%,$-0.01B,$0.01B,-57.14%,$8,$5,$3,$0,$2,$7,$1,$-0,$0,$-0,$0,$0,$-0,$2,$1,$0,0,$-44.05,$-44.05,$1,$0,$1,$16,$3,$0,$2,$0,$6,$21,$15,$0,$0,$0,$15,$0,$-47,$1,$7,$21,$1,$1,$-2,$-1,$2,$-0,$0,$-1,$-1,$-1,$-0,$0,$5,$0,$0,$0,$0,$4,$1,$-2,$-1,$0,$0,$0,$-2,$-3,$0,$0,$0
28,2012-07-31,462.0,$635.06,0.73,$4265.80,0.11,$301.77,1.53,0,0.0,$0.02B,$0.02B,1.08,$0.00B,$0.01B,0.01,$0.05B,$0.00B,8.33%,$0.05B,$-0.01B,-12.50%,$0.05B,$-0.01B,-12.50%,$0.05B,$0.01B,10.42%,$0.05B,$-0.01B,-16.67%,$0.05B,$-0.01B,-22.92%,$-0.01B,$0.01B,-84.62%,$-0.01B,$0.01B,-102.33%,$-0.01B,$0.03B,-28.95%,$-0.01B,$0.01B,-45.28%,$13,$11,$3,$0,$3,$14,$-0,$-0,$-1,$0,$-1,$-1,$1,$-0,$-0,$0,0,$87.23,$87.23,$1,$0,$2,$20,$3,$0,$2,$0,$6,$26,$19,$0,$0,$0,$19,$0,$-46,$1,$7,$26,$1,$0,$-2,$-2,$3,$-0,$0,$-2,$1,$-0,$-0,$0,$5,$0,$0,$0,$0,$5,$1,$-5,$-4,$0,$0,$0,$0,$-4,$0,$0,$0
29,2012-04-30,659.55,$0.00,0.0,$4733.91,0.14,$419.29,1.57,0,0.0,$0.03B,$0.03B,0.96,$0.00B,$0.01B,0.04,$0.05B,$0.01B,9.26%,$0.05B,$-0.01B,-9.26%,$0.05B,$-0.01B,-9.26%,$0.05B,$0.01B,11.11%,$0.05B,$-0.01B,-11.11%,$0.05B,$-0.01B,-22.22%,$-0.01B,$0.01B,-67.61%,$-0.01B,$0.00B,-77.42%,$-0.01B,$0.04B,-26.82%,$-0.01B,$0.01B,-27.40%,$0,$0,$0,$0,$0,$0,$0,$0,$0,$0,$0,$0,$0,$0,$0,$0,0,$0.00,$0.00,$1,$1,$1,$29,$4,$0,$2,$0,$7,$36,$30,$0,$0,$0,$30,$0,$-47,$1,$6,$36,$0,$0,$0,$0,$0,$0,$0,$0,$0,$0,$0,$0,$0,$0,$0,$0,$0,$0,$0,$0,$0,$0,$0,$0,$0,$0,$0,$0,$0
30,2012-01-31,1041.04,$1284.17,0.81,$4733.91,0.22,$419.29,2.48,0,0.0,$0.03B,$0.02B,1.3,$0.00B,$0.01B,0.02,$0.05B,$0.01B,9.26%,$0.05B,$-0.01B,-9.26%,$0.05B,$-0.01B,-9.26%,$0.05B,$0.01B,11.11%,$0.05B,$-0.01B,-11.11%,$0.05B,$-0.01B,-22.22%,$-0.01B,$0.01B,-52.75%,$-0.01B,$0.01B,-58.54%,$-0.01B,$0.04B,-24.74%,$-0.01B,$0.02B,-21.51%,$13,$15,$-2,$0,$4,$19,$-6,$-0,$-6,$3,$-9,$-9,$-10,$-4,$-6,$0,0,$-912.50,$-912.50,$2,$1,$2,$30,$5,$0,$3,$1,$8,$38,$23,$0,$0,$0,$23,$0,$-39,$1,$14,$38,$-12,$2,$6,$8,$-2,$1,$0,$3,$6,$2,$-0,$0,$1,$0,$0,$0,$0,$0,$-0,$-4,$-4,$0,$0,$0,$-1,$-5,$-3,$0,$0
31,2011-10-31,1416.8,$2190.22,0.65,$5468.59,0.26,$223.02,6.35,0,0.0,$0.04B,$0.03B,1.54,$0.00B,$0.03B,0.01,$0.06B,$0.01B,17.74%,$0.06B,$-0.00B,-4.84%,$0.06B,$-0.00B,-4.84%,$0.06B,$0.02B,24.19%,$0.06B,$-0.00B,-6.45%,$0.06B,$-0.01B,-8.06%,$-0.01B,$0.03B,-15.38%,$-0.01B,$0.02B,-21.51%,$-0.01B,$0.05B,-8.51%,$-0.00B,$0.03B,-9.16%,$22,$18,$3,$0,$3,$22,$-0,$-0,$-1,$-0,$-0,$-0,$-2,$9,$-0,$0,0,$-147.97,$-147.97,$5,$2,$3,$42,$5,$0,$3,$0,$10,$52,$27,$0,$0,$0,$27,$0,$-28,$1,$25,$52,$-2,$1,$1,$2,$-4,$0,$0,$-0,$2,$3,$-0,$0,$2,$0,$0,$0,$0,$1,$-0,$-4,$-4,$0,$0,$0,$-0,$-4,$0,$0,$0
32,2011-07-31,1841.84,$2344.22,0.79,$5596.52,0.33,$-181.10,0.0,0,0.0,$0.04B,$0.03B,1.57,$0.00B,$0.03B,0.01,$0.06B,$0.01B,19.05%,$0.06B,$-0.01B,-15.87%,$0.06B,$-0.01B,-15.87%,$0.06B,$0.01B,7.94%,$0.06B,$-0.01B,-15.87%,$0.06B,$-0.01B,-14.29%,$-0.01B,$0.03B,-22.36%,$-0.01B,$0.02B,-37.89%,$-0.01B,$0.05B,-13.38%,$-0.01B,$0.03B,-24.69%,$19,$14,$4,$0,$3,$18,$1,$-0,$1,$0,$0,$0,$-0,$1,$1,$0,0,$-6.17,$-6.17,$4,$2,$5,$42,$6,$0,$3,$0,$12,$53,$26,$0,$0,$0,$27,$0,$-27,$2,$26,$53,$-0,$1,$0,$1,$-3,$0,$0,$0,$0,$1,$-0,$0,$0,$0,$0,$0,$0,$-0,$-0,$-1,$-1,$0,$0,$0,$-0,$-2,$-1,$0,$0
33,2011-04-30,1600.99,$0.00,0.0,$6502.40,0.25,$-424.91,0.0,0,0.0,$0.04B,$0.03B,1.6,$0.00B,$0.03B,0.0,$0.07B,$0.01B,19.18%,$0.07B,$-0.01B,-16.44%,$0.07B,$-0.01B,-16.44%,$0.07B,$0.00B,4.11%,$0.07B,$-0.01B,-16.44%,$0.07B,$-0.01B,-12.33%,$-0.01B,$0.03B,-18.27%,$-0.01B,$0.02B,-37.50%,$-0.01B,$0.05B,-11.88%,$-0.01B,$0.03B,-23.76%,$0,$0,$0,$0,$0,$0,$0,$0,$0,$0,$0,$0,$0,$0,$0,$0,0,$0.00,$0.00,$5,$2,$5,$39,$6,$0,$3,$0,$12,$51,$25,$0,$0,$0,$25,$0,$-27,$2,$26,$51,$0,$0,$0,$0,$0,$0,$0,$0,$0,$0,$0,$0,$0,$0,$0,$0,$0,$0,$0,$0,$0,$0,$0,$0,$0,$0,$0,$0,$0
34,2011-01-31,1663.2,$4701.64,0.35,$6502.40,0.26,$-424.91,0.0,0,0.0,$0.04B,$0.02B,1.82,$0.00B,$0.05B,0.0,$0.07B,$0.01B,19.18%,$0.07B,$-0.01B,-16.44%,$0.07B,$-0.01B,-16.44%,$0.07B,$0.00B,4.11%,$0.07B,$-0.01B,-16.44%,$0.07B,$-0.01B,-12.33%,$-0.01B,$0.05B,-15.45%,$-0.01B,$0.02B,-37.11%,$-0.01B,$0.08B,-10.59%,$-0.01B,$0.05B,-19.67%,$21,$17,$4,$0,$5,$25,$-4,$-0,$-4,$-1,$-3,$-3,$-3,$5,$-4,$0,0,$-308.28,$-308.28,$6,$3,$6,$43,$6,$0,$30,$0,$36,$79,$24,$0,$1,$3,$26,$0,$0,$1,$53,$79,$-10,$9,$0,$9,$3,$-0,$0,$2,$1,$0,$-1,$0,$0,$0,$0,$0,$0,$-1,$-0,$1,$1,$0,$0,$0,$-0,$1,$-0,$0,$0
35,2010-10-31,2020.48,$4978.25,0.41,$6993.39,0.29,$-415.48,0.0,0,0.0,$0.05B,$0.03B,1.75,$0.00B,$0.06B,0.0,$0.08B,$0.02B,20.25%,$0.08B,$-0.01B,-10.13%,$0.08B,$-0.01B,-10.13%,$0.08B,$0.00B,5.06%,$0.08B,$-0.01B,-10.13%,$0.08B,$-0.01B,-7.59%,$-0.01B,$0.06B,-9.92%,$-0.01B,$0.02B,-24.24%,$-0.01B,$0.09B,-6.90%,$-0.01B,$0.06B,-12.60%,$23,$19,$4,$0,$5,$30,$-7,$-0,$-7,$-1,$-6,$-6,$-6,$-1,$-7,$0,0,$-530.24,$-530.24,$6,$3,$7,$46,$6,$0,$33,$0,$39,$86,$27,$0,$1,$3,$29,$0,$4,$1,$56,$86,$-6,$6,$0,$6,$-1,$-0,$0,$2,$-1,$-1,$-1,$0,$0,$0,$0,$0,$0,$-1,$0,$2,$2,$0,$0,$0,$0,$2,$0,$0,$0
36,2010-07-31,1540.0,$5462.69,0.28,$7090.84,0.22,$-41.57,0.0,0,0.0,$0.04B,$0.02B,2.53,$0.01B,$0.06B,0.09,$0.08B,$0.02B,25.00%,$0.08B,0,0.00%,$0.08B,0,0.00%,$0.08B,$0.01B,8.75%,$0.08B,0,0.00%,$0.08B,0,0.00%,$0.00B,$0.06B,0.00%,$0.00B,$0.03B,0.00%,$0.00B,$0.09B,0.00%,$0.00B,$0.07B,0.00%,$29,$23,$6,$0,$6,$29,$-1,$-0,$-1,$-0,$-0,$-0,$-0,$-1,$-1,$0,0,$-30.83,$-30.83,$4,$3,$11,$44,$7,$0,$37,$0,$43,$87,$17,$6,$1,$8,$26,$0,$10,$0,$62,$87,$-0,$1,$0,$1,$2,$-0,$0,$-3,$-2,$-1,$-0,$0,$0,$0,$0,$0,$0,$-0,$-0,$0,$-0,$0,$0,$0,$0,$0,$-2,$0,$0
37,2010-04-30,1958.88,$0.00,0.0,$6775.03,0.29,$327.13,5.99,0,0.0,$0.05B,$0.02B,2.52,$0.01B,$0.06B,0.09,$0.08B,$0.02B,27.63%,$0.08B,$0.00B,2.63%,$0.08B,$0.00B,2.63%,$0.08B,$0.01B,11.84%,$0.08B,$0.00B,2.63%,$0.08B,0,0.00%,$0.00B,$0.06B,0.00%,$0.00B,$0.03B,0.00%,$0.00B,$0.09B,0.00%,$0.00B,$0.07B,3.14%,$0,$0,$0,$0,$0,$0,$0,$0,$0,$0,$0,$0,$0,$0,$0,$0,0,$0.00,$0.00,$6,$3,$9,$45,$6,$0,$37,$0,$44,$88,$18,$6,$1,$8,$26,$0,$10,$0,$62,$88,$0,$0,$0,$0,$0,$0,$0,$0,$0,$0,$0,$0,$0,$0,$0,$0,$0,$0,$0,$0,$0,$0,$0,$0,$0,$0,$0,$0,$0
38,2010-01-31,1878.8,$5504.30,0.34,$6775.03,0.28,$327.13,5.74,0,0.0,$0.04B,$0.02B,1.96,$0.00B,$0.06B,0.02,$0.08B,$0.02B,27.63%,$0.08B,$0.00B,2.63%,$0.08B,$0.00B,2.63%,$0.08B,$0.01B,11.84%,$0.08B,$0.00B,2.63%,$0.08B,0,0.00%,$0.00B,$0.06B,0.00%,$0.00B,$0.03B,0.00%,$0.00B,$0.09B,0.00%,$0.00B,$0.06B,3.23%,$27,$21,$6,$0,$6,$27,$0,$-0,$0,$-0,$0,$0,$0,$6,$0,$0,0,$6.17,$6.17,$4,$3,$6,$43,$7,$0,$37,$0,$44,$87,$22,$1,$0,$3,$24,$0,$10,$0,$62,$87,$1,$2,$0,$2,$-1,$-0,$0,$-1,$-3,$0,$-1,$0,$-2,$0,$0,$0,$0,$-3,$0,$0,$0,$0,$0,$0,$-0,$-0,$-2,$0,$0
39,2009-10-31,1860.32,$5520.25,0.34,$6590.12,0.28,$802.45,2.32,0,0.0,$0.04B,$0.02B,2.08,$0.00B,$0.06B,0.0,$0.07B,$0.02B,29.73%,$0.07B,$0.00B,2.70%,$0.07B,$0.00B,2.70%,$0.07B,$0.01B,6.76%,$0.07B,$0.00B,2.70%,$0.07B,0,0.00%,$0.00B,$0.06B,0.00%,$0.00B,$0.03B,0.00%,$0.00B,$0.09B,0.00%,$0.00B,$0.06B,3.17%,$24,$17,$8,$0,$6,$24,$1,$-0,$1,$0,$0,$0,$0,$2,$1,$0,0,$30.83,$30.83,$9,$3,$4,$43,$6,$0,$35,$0,$42,$85,$21,$0,$0,$2,$22,$0,$10,$0,$62,$85,$1,$1,$0,$1,$1,$-1,$0,$0,$1,$3,$-1,$0,$0,$0,$0,$0,$0,$-1,$-0,$0,$-0,$0,$0,$0,$0,$-0,$2,$0,$0
40,2009-07-31,1798.66,$5460.65,0.33,$6877.48,0.26,$1227.16,1.47,0,0.0,$0.04B,$0.02B,2.03,$0.00B,$0.06B,0.0,$0.08B,$0.02B,26.58%,$0.08B,$0.00B,2.53%,$0.08B,$0.00B,2.53%,$0.08B,$0.01B,6.33%,$0.08B,$0.00B,2.53%,$0.08B,0,0.00%,$0.00B,$0.06B,0.00%,$0.00B,$0.03B,0.00%,$0.00B,$0.08B,0.00%,$0.00B,$0.06B,3.11%,$25,$18,$7,$0,$6,$25,$1,$-0,$1,$0,$0,$0,$0,$1,$1,$0,0,$36.99,$36.99,$9,$3,$4,$43,$7,$0,$35,$0,$42,$84,$21,$0,$0,$2,$23,$0,$10,$0,$61,$84,$0,$1,$-0,$1,$1,$-0,$0,$1,$2,$3,$-1,$0,$-0,$0,$0,$0,$0,$-1,$-0,$0,$-0,$0,$0,$0,$0,$-0,$2,$0,$0
41,2009-04-30,1225.84,$0.00,0.0,$7035.53,0.17,$818.36,1.5,0,0.0,$0.04B,$0.02B,2.01,$0.00B,$0.06B,0.0,$0.08B,$0.02B,26.83%,$0.08B,$0.00B,2.44%,$0.08B,$0.00B,2.44%,$0.08B,$0.01B,6.10%,$0.08B,$0.00B,2.44%,$0.08B,$0.00B,1.22%,$0.00B,$0.06B,1.67%,$0.00B,$0.03B,4.00%,$0.00B,$0.08B,1.15%,$0.00B,$0.06B,3.04%,$0,$0,$0,$0,$0,$0,$0,$0,$0,$0,$0,$0,$0,$0,$0,$0,0,$0.00,$0.00,$6,$2,$5,$42,$7,$0,$35,$0,$41,$83,$21,$0,$0,$2,$22,$0,$9,$-0,$61,$83,$0,$0,$0,$0,$0,$0,$0,$0,$0,$0,$0,$0,$0,$0,$0,$0,$0,$0,$0,$0,$0,$0,$0,$0,$0,$0,$0,$0,$0
42,2009-01-31,1232.0,$5217.33,0.24,$7035.53,0.18,$818.36,1.51,0,0.0,$0.04B,$0.01B,2.99,$0.01B,$0.06B,0.13,$0.08B,$0.02B,26.83%,$0.08B,$0.00B,2.44%,$0.08B,$0.00B,2.44%,$0.08B,$0.01B,6.10%,$0.08B,$0.00B,2.44%,$0.08B,$0.00B,1.22%,$0.00B,$0.06B,1.69%,$0.00B,$0.02B,3.96%,$0.00B,$0.08B,1.15%,$0.00B,$0.07B,3.01%,$25,$18,$7,$0,$6,$25,$0,$-0,$0,$0,$0,$0,$0,$2,$0,$0,0,$18.50,$18.50,$10,$3,$5,$42,$7,$0,$34,$0,$41,$84,$14,$8,$0,$11,$25,$0,$9,$-0,$59,$84,$2,$2,$0,$2,$6,$-0,$0,$-1,$2,$6,$-1,$0,$-4,$0,$0,$0,$0,$-5,$-0,$3,$2,$-1,$-1,$0,$-0,$1,$2,$0,$0
43,2008-10-31,1848.0,$5047.28,0.37,$6786.41,0.27,$391.54,4.72,0,0.0,$0.05B,$0.02B,2.34,$0.01B,$0.06B,0.13,$0.08B,$0.02B,26.83%,$0.08B,$0.00B,3.66%,$0.08B,$0.00B,3.66%,$0.08B,$0.01B,6.10%,$0.08B,$0.00B,3.66%,$0.08B,$0.00B,1.22%,$0.00B,$0.06B,1.70%,$0.00B,$0.03B,3.74%,$0.00B,$0.09B,1.18%,$0.00B,$0.07B,4.67%,$29,$21,$7,$0,$6,$28,$1,$-0,$1,$0,$0,$0,$0,$2,$1,$0,0,$30.83,$30.83,$13,$3,$5,$50,$7,$0,$34,$0,$41,$91,$21,$8,$0,$11,$32,$0,$9,$-0,$59,$91,$1,$1,$0,$1,$2,$-0,$0,$2,$5,$8,$-1,$0,$-4,$0,$0,$0,$0,$-4,$-0,$3,$2,$0,$0,$0,$-0,$2,$6,$0,$0
44,2008-07-31,3732.96,$5077.00,0.74,$6527.15,0.57,$-271.28,0.0,0,0.0,$0.05B,$0.02B,2.58,$0.01B,$0.06B,0.13,$0.08B,$0.02B,27.16%,$0.08B,$0.00B,4.94%,$0.08B,$0.00B,4.94%,$0.08B,$0.01B,7.41%,$0.08B,$0.00B,4.94%,$0.08B,$0.00B,3.70%,$0.00B,$0.06B,5.17%,$0.00B,$0.03B,10.62%,$0.00B,$0.09B,3.70%,$0.00B,$0.07B,6.50%,$28,$20,$8,$0,$6,$27,$1,$-0,$1,$0,$1,$1,$1,$1,$1,$0,0,$73.99,$73.99,$4,$3,$5,$46,$7,$0,$35,$0,$42,$89,$18,$8,$0,$11,$29,$0,$9,$0,$60,$89,$1,$1,$0,$1,$-3,$-1,$0,$1,$-4,$-2,$-0,$0,$-3,$0,$0,$0,$0,$-4,$-0,$3,$2,$0,$0,$0,$0,$2,$-3,$0,$0
45,2008-04-30,3886.96,$0.00,0.0,$5796.95,0.67,$-28.26,0.0,0,0.0,$0.04B,$0.02B,2.48,$0.01B,$0.06B,0.08,$0.08B,$0.02B,28.00%,$0.08B,$0.01B,6.67%,$0.08B,$0.01B,6.67%,$0.08B,$0.01B,9.33%,$0.08B,$0.01B,6.67%,$0.08B,$0.00B,4.00%,$0.00B,$0.06B,5.33%,$0.00B,$0.03B,10.08%,$0.00B,$0.08B,3.87%,$0.01B,$0.06B,8.47%,$0,$0,$0,$0,$0,$0,$0,$0,$0,$0,$0,$0,$0,$0,$0,$0,0,$0.00,$0.00,$7,$3,$4,$44,$7,$0,$32,$1,$40,$84,$18,$5,$0,$7,$25,$0,$8,$0,$59,$84,$0,$0,$0,$0,$0,$0,$0,$0,$0,$0,$0,$0,$0,$0,$0,$0,$0,$0,$0,$0,$0,$0,$0,$0,$0,$0,$0,$0,$0
46,2008-01-31,5038.95,$4905.63,1.03,$5796.95,0.87,$-28.26,0.0,0,0.0,$0.04B,$0.02B,2.61,$0.00B,$0.06B,0.02,$0.08B,$0.02B,28.00%,$0.08B,$0.01B,6.67%,$0.08B,$0.01B,6.67%,$0.08B,$0.01B,9.33%,$0.08B,$0.01B,6.67%,$0.08B,$0.00B,4.00%,$0.00B,$0.06B,5.50%,$0.00B,$0.03B,9.92%,$0.00B,$0.08B,4.03%,$0.01B,$0.06B,8.77%,$25,$18,$7,$0,$6,$24,$1,$0,$1,$0,$0,$0,$0,$2,$1,$0,0,$30.83,$30.83,$8,$3,$5,$43,$7,$0,$26,$0,$33,$76,$17,$1,$0,$3,$20,$0,$7,$0,$57,$76,$3,$2,$0,$2,$-2,$-1,$0,$-1,$-5,$0,$-1,$0,$-6,$0,$0,$0,$0,$-7,$-1,$-6,$-7,$0,$0,$0,$0,$-7,$-13,$0,$0
47,2007-10-31,7047.05,$4855.03,1.45,$5603.38,1.26,$658.59,10.7,0,0.0,$0.04B,$0.02B,2.65,$0.00B,$0.06B,0.01,$0.07B,$0.02B,29.41%,$0.07B,$0.01B,8.82%,$0.07B,$0.01B,8.82%,$0.07B,$0.01B,11.76%,$0.07B,$0.01B,8.82%,$0.07B,$0.00B,5.88%,$0.00B,$0.06B,7.69%,$0.00B,$0.03B,13.68%,$0.00B,$0.08B,5.63%,$0.01B,$0.06B,10.86%,$28,$21,$7,$0,$5,$26,$2,$-0,$2,$1,$2,$2,$2,$3,$2,$0,0,$129.48,$117.15,$11,$3,$5,$44,$6,$0,$24,$0,$31,$75,$17,$1,$0,$3,$19,$0,$6,$0,$56,$75,$3,$1,$0,$1,$-3,$-1,$0,$-2,$-4,$-0,$-0,$0,$-4,$0,$0,$0,$0,$-4,$0,$-7,$-6,$0,$0,$0,$0,$-6,$-11,$0,$0
48,2007-07-31,7700.01,$4679.38,1.65,$5287.66,1.46,$1016.67,7.57,$123.31,62.44,$0.05B,$0.02B,3.16,$0.01B,$0.05B,0.09,$0.06B,$0.02B,33.90%,$0.06B,$0.01B,11.86%,$0.06B,$0.01B,13.56%,$0.06B,$0.01B,13.56%,$0.06B,$0.02B,28.81%,$0.06B,$0.00B,6.78%,$0.00B,$0.05B,7.84%,$0.00B,$0.03B,13.45%,$0.00B,$0.08B,5.69%,$0.01B,$0.06B,12.67%,$22,$15,$7,$0,$4,$20,$2,$0,$2,$1,$1,$1,$1,$2,$2,$0,0,$110.98,$98.65,$22,$3,$3,$47,$5,$0,$22,$0,$28,$75,$15,$5,$0,$7,$22,$0,$5,$0,$53,$75,$1,$1,$0,$1,$-1,$-1,$0,$-2,$-1,$1,$-0,$0,$-0,$0,$0,$0,$0,$-0,$-0,$0,$-0,$0,$0,$0,$0,$-0,$0,$0,$0
49,2007-04-30,8285.21,$0.00,0.0,$5433.85,1.52,$1311.43,6.32,$123.31,67.19,$0.04B,$0.01B,3.28,$0.01B,$0.05B,0.09,$0.06B,$0.02B,32.73%,$0.06B,$0.01B,12.73%,$0.06B,$0.01B,14.55%,$0.06B,$0.01B,14.55%,$0.06B,$0.02B,30.91%,$0.06B,$0.00B,7.27%,$0.00B,$0.05B,8.56%,$0.00B,$0.03B,15.38%,$0.00B,$0.07B,6.20%,$0.01B,$0.06B,13.73%,$0,$0,$0,$0,$0,$0,$0,$0,$0,$0,$0,$0,$0,$0,$0,$0,0,$0.00,$0.00,$22,$2,$3,$44,$5,$0,$22,$0,$28,$72,$13,$5,$0,$7,$20,$0,$4,$-0,$52,$72,$0,$0,$0,$0,$0,$0,$0,$0,$0,$0,$0,$0,$0,$0,$0,$0,$0,$0,$0,$0,$0,$0,$0,$0,$0,$0,$0,$0,$0
50,2007-01-31,6314.01,$4350.43,1.45,$7220.41,0.87,$1232.22,5.12,$123.31,51.2,$0.04B,$0.01B,3.83,$0.01B,$0.05B,0.1,$0.07B,$0.02B,32.39%,$0.07B,$0.01B,11.27%,$0.07B,$0.01B,12.68%,$0.07B,$0.01B,12.68%,$0.07B,$0.02B,25.35%,$0.07B,$0.01B,7.04%,$0.01B,$0.05B,11.76%,$0.01B,$0.03B,22.22%,$0.01B,$0.06B,8.44%,$0.01B,$0.05B,17.02%,$18,$12,$6,$0,$4,$16,$2,$0,$2,$1,$1,$1,$1,$3,$2,$0,0,$141.81,$123.31,$23,$2,$2,$39,$2,$0,$20,$0,$23,$62,$10,$5,$0,$5,$15,$0,$2,$0,$47,$62,$3,$1,$-0,$1,$3,$0,$0,$1,$3,$7,$-0,$0,$-6,$0,$0,$0,$0,$-7,$-1,$1,$1,$10,$10,$0,$-0,$10,$11,$0,$0
51,2006-12-31,6338.65,$0.00,0.0,$7247.57,0.87,$601.28,10.54,$221.96,28.56,$0.04B,$0.01B,3.28,$0.01B,$0.04B,0.12,$0.07B,$0.02B,31.88%,$0.07B,$0.01B,10.14%,$0.07B,$0.01B,11.59%,$0.07B,$0.01B,11.59%,$0.07B,$0.02B,24.64%,$0.07B,$0.01B,7.25%,$0.01B,$0.05B,16.26%,$0.01B,$0.03B,26.32%,$0.01B,$0.07B,9.80%,$0.01B,$0.06B,20.44%,$19,$12,$7,$0,$4,$16,$3,$0,$13,$2,$2,$-5,$2,$3,$4,$0,0,$166.47,$1640.04,$22,$2,$1,$44,$5,$0,$19,$2,$26,$72,$13,$5,$0,$7,$20,$0,$4,$0,$52,$52,$2,$1,$0,$1,$0,$0,$0,$0,$1,$4,$-0,$0,$-6,$0,$0,$0,$0,$-6,$0,$1,$-0,$0,$0,$0,$-0,$1,$-1,$0,$0
52,2006-10-31,6252.41,$4050.67,1.54,$5384.61,1.16,$285.89,21.87,$98.65,63.38,$0.03B,$0.01B,2.92,$0.01B,$0.04B,0.14,$0.05B,$0.02B,30.00%,$0.05B,$0.00B,8.00%,$0.05B,$0.00B,8.00%,$0.05B,$0.01B,10.00%,$0.05B,$0.00B,8.00%,$0.05B,$0.00B,6.00%,$0.00B,$0.04B,11.54%,$0.00B,$0.02B,20.00%,$0.00B,$0.05B,6.82%,$0.00B,$0.04B,13.68%,$18,$12,$5,$0,$3,$16,$2,$-0,$2,$1,$1,$1,$1,$2,$2,$0,0,$117.15,$110.98,$11,$2,$2,$29,$2,$0,$20,$0,$23,$52,$10,$5,$0,$6,$16,$0,$1,$0,$36,$52,$2,$1,$-0,$1,$1,$0,$0,$0,$1,$4,$-0,$0,$-6,$0,$0,$0,$0,$-6,$-0,$1,$1,$0,$0,$0,$-0,$1,$-1,$0,$0
53,2006-07-31,4207.28,$0.00,0.0,$3573.08,1.18,$-49.86,0.0,$1097.47,3.83,$0.03B,$0.01B,2.8,$0.01B,$0.04B,0.15,$0.03B,$0.01B,31.25%,$0.03B,0,0.00%,$0.03B,0,0.00%,$0.03B,$0.00B,3.13%,$0.03B,0,0.00%,$0.03B,$0.01B,31.25%,$0.01B,$0.04B,58.82%,$0.01B,$0.02B,100.00%,$0.01B,$0.05B,26.67%,$0.00B,$0.04B,0.00%,$16,$12,$5,$0,$3,$15,$1,$0,$1,$1,$1,$1,$1,$1,$1,$0,0,$104.81,$98.65,$7,$2,$2,$28,$2,$0,$20,$1,$23,$51,$10,$5,$0,$6,$16,$0,$-0,$0,$35,$51,$1,$0,$-0,$0,$-1,$-0,$0,$-1,$-2,$-0,$-0,$0,$-6,$0,$0,$0,$0,$-6,$-0,$1,$1,$0,$0,$0,$0,$1,$-5,$0,$0
54,2006-06-30,4576.88,$0.00,0.0,$3605.17,1.27,$307.55,14.88,$1097.47,4.17,$0.01B,$0.00B,59.04,$0.00B,$0.00B,0.0,$0.03B,$0.01B,32.14%,$0.03B,0,0.00%,$0.03B,0,0.00%,$0.03B,$0.00B,7.14%,$0.03B,$-0.01B,-35.71%,$0.03B,$0.00B,0.00%,$0.00B,$0.00B,0.00%,$0.00B,$0.01B,0.00%,$0.00B,$0.03B,0.00%,$0.00B,$0.00B,0.00%,$16,$12,$5,$0,$3,$15,$1,$0,$1,$1,$1,$1,$1,$2,$1,$0,0,$104.81,$98.65,$0,$0,$0,$14,$0,$0,$15,$0,$15,$29,$0,$0,$1,$1,$1,$0,$0,$0,$0,$1,$-2,$1,$0,$1,$0,$0,$0,$0,$1,$1,$-0,$0,$0,$0,$0,$0,$-0,$-0,$0,$2,$0,$0,$10,$0,$-1,$11,$11,$0,$0
