,Date,Stock Price,Book Value per Share,Price to Book Ratio,TTM Sales per Share,Price to Sales Ratio,TTM FCF per Share,Price to FCF Ratio,TTM Net EPS,PE Ratio,Current Assets,Current Liabilities,Current Ratio,Long Term Debt,Shareholder's Equity_x,Debt to Equity Ratio,TTM Revenue_x,TTM Gross Profit,Gross Margin,TTM Revenue_y,TTM Operating Income,Operating Margin,TTM Revenue_x,TTM EBIT,EBIT Margin,TTM Revenue_y,TTM EBITDA,EBITDA Margin,TTM Revenue_x,TTM Pre-Tax Income,Pre-Tax Margin,TTM Revenue_y,TTM Net Income_x,Net Margin,TTM Net Income_y,Shareholder's Equity_y,Return on Equity,TTM Net Income_x,Tangible Equity,Return on Tangible Equity,TTM Net Income_y,Total Assets,Return on Assets,TTM Net Income,LT Investments & Debt,Return on Investment,revenue,cost-goods-sold,gross-profit,research-development-expenses,selling-general-administrative-expenses,operating-expenses,operating-income,total-non-operating-income-expense,pre-tax-income,total-provision-income-taxes,income-after-taxes,income-from-continuous-operations,net-income,ebitda,ebit,basic-shares-outstanding,shares-outstanding,eps-basic-net-earnings-per-share,eps-earnings-per-share-diluted,cash-on-hand,inventory,other-current-assets,total-current-assets,net-property-plant-equipment,long-term-investments,goodwill-intangible-assets-total,other-long-term-assets,total-long-term-assets,total-assets,total-current-liabilities,long-term-debt,other-non-current-liabilities,total-long-term-liabilities,total-liabilities,common-stock-net,retained-earnings-accumulated-deficit,comprehensive-income,total-share-holder-equity,total-liabilities-share-holders-equity,net-income-loss,total-depreciation-amortization-cash-flow,other-non-cash-items,total-non-cash-items,change-in-accounts-receivable,change-in-inventories,change-in-accounts-payable,change-in-assets-liabilities,total-change-in-assets-liabilities,cash-flow-from-operating-activities,net-change-in-property-plant-equipment,net-change-in-intangible-assets,net-acquisitions-divestitures,net-change-in-short-term-investments,net-change-in-long-term-investments,net-change-in-investments-total,investing-activities-other,cash-flow-from-investing-activities,net-long-term-debt,net-current-debt,debt-issuance-retirement-net-total,net-common-equity-issued-repurchased,net-total-equity-issued-repurchased,total-common-preferred-stock-dividends-paid,financial-activities-other,cash-flow-from-financial-activities,net-cash-flow,stock-based-compensation,common-stock-dividends-paid
0,2018-07-31,47.51,$6.66,7.13,$20.74,2.29,$2.73,17.38,$1.37,34.68,$1.13B,$0.47B,2.4,$0.50B,$0.86B,0.58,$2.74B,$0.94B,34.22%,$2.74B,$0.38B,13.93%,$2.74B,$0.38B,13.93%,$2.74B,$0.46B,16.71%,$2.74B,$0.36B,13.31%,$2.74B,$0.18B,6.58%,$0.18B,$0.86B,21.16%,$0.18B,$0.58B,31.39%,$0.18B,$1.98B,8.74%,$0.38B,$1.36B,25.88%,$725,$472,$253,$0,$86,$618,$107,$-3,$104,$1,$102,$102,$102,$126,$107,$130,132,$0.77,$0.77,$205,$334,$0,$1126,$509,$0,$274,$48,$851,$1977,$469,$500,$146,$649,$1119,$758,$1122,$-150,$858,$1977,$180,$77,$-7,$70,$-42,$-44,$0,$4,$13,$263,$-96,$0,$1,$0,$0,$0,$0,$-95,$-75,$6,$-69,$-103,$-103,$-95,$-3,$-269,$-104,$17,$-95
1,2018-04-30,43.91,$6.49,6.77,$20.18,2.18,$3.37,13.04,$1.10,39.92,$1.25B,$0.40B,3.14,$0.69B,$0.84B,0.82,$2.67B,$0.91B,34.16%,$2.67B,$0.37B,13.78%,$2.67B,$0.37B,13.78%,$2.67B,$0.45B,16.67%,$2.67B,$0.35B,13.18%,$2.67B,$0.15B,5.47%,$0.15B,$0.84B,17.18%,$0.15B,$0.56B,25.55%,$0.15B,$2.10B,7.09%,$0.37B,$1.52B,24.85%,$700,$460,$240,$0,$139,$599,$101,$-2,$99,$29,$70,$70,$70,$120,$101,$130,132,$0.54,$0.53,$317,$344,$0,$1249,$511,$0,$277,$43,$846,$2095,$398,$688,$168,$861,$1259,$758,$1089,$-124,$836,$2095,$78,$57,$97,$154,$0,$0,$0,$-73,$-73,$159,$-73,$0,$1,$0,$0,$0,$0,$-72,$100,$-18,$82,$-93,$-93,$-70,$-3,$-84,$9,$13,$-70
2,2018-01-31,50.06,$6.37,7.86,$19.41,2.58,$4.13,12.12,$1.02,49.08,$1.28B,$0.44B,2.94,$0.67B,$0.83B,0.81,$2.58B,$0.88B,34.29%,$2.58B,$0.36B,13.81%,$2.58B,$0.36B,13.81%,$2.58B,$0.43B,16.76%,$2.58B,$0.34B,13.07%,$2.58B,$0.14B,5.28%,$0.14B,$0.83B,16.17%,$0.14B,$0.55B,24.06%,$0.14B,$2.13B,6.78%,$0.36B,$1.50B,25.89%,$665,$446,$219,$0,$137,$583,$82,$-5,$76,$129,$-53,$-53,$-53,$101,$82,$131,131,$-0.40,$-0.40,$362,$345,$0,$1280,$508,$0,$280,$39,$851,$2131,$435,$668,$197,$869,$1304,$758,$1016,$-104,$827,$2131,$8,$38,$115,$153,$0,$0,$0,$-51,$-51,$110,$-46,$0,$1,$0,$0,$0,$0,$-45,$80,$-4,$76,$-49,$-49,$-47,$-2,$-23,$54,$10,$-47
3,2017-10-31,46.48,$6.78,6.85,$18.41,2.52,$4.72,9.85,$1.77,26.26,$1.20B,$0.42B,2.9,$0.63B,$0.88B,0.72,$2.46B,$0.85B,34.62%,$2.46B,$0.34B,13.92%,$2.46B,$0.34B,13.92%,$2.46B,$0.42B,17.00%,$2.46B,$0.33B,13.27%,$2.46B,$0.24B,9.58%,$0.24B,$0.88B,28.44%,$0.24B,$0.60B,42.41%,$0.24B,$2.03B,12.24%,$0.34B,$1.51B,26.99%,$645,$421,$224,$0,$134,$554,$91,$-6,$85,$24,$61,$61,$61,$110,$91,$131,133,$0.47,$0.46,$350,$320,$0,$1204,$484,$0,$277,$36,$828,$2032,$415,$632,$100,$736,$1151,$758,$1102,$-159,$881,$2032,$61,$19,$8,$27,$0,$0,$0,$-24,$-24,$64,$-20,$0,$1,$0,$0,$0,$0,$-19,$70,$-9,$61,$-39,$-39,$-23,$-1,$-2,$41,$7,$-23
4,2017-07-31,46.58,$6.54,7.12,$17.66,2.64,$5.05,9.23,$1.74,26.77,$1.15B,$0.48B,2.38,$0.54B,$0.85B,0.63,$2.37B,$0.82B,34.70%,$2.37B,$0.33B,13.83%,$2.37B,$0.33B,13.83%,$2.37B,$0.40B,17.03%,$2.37B,$0.32B,13.58%,$2.37B,$0.23B,9.82%,$0.23B,$0.86B,28.92%,$0.23B,$0.58B,43.63%,$0.23B,$1.98B,12.47%,$0.33B,$1.39B,28.03%,$660,$431,$230,$0,$81,$566,$94,$-3,$92,$24,$68,$68,$68,$114,$94,$133,134,$0.53,$0.51,$308,$294,$0,$1151,$485,$0,$279,$35,$829,$1980,$484,$537,$100,$641,$1125,$758,$1041,$-157,$855,$1980,$233,$75,$3,$78,$-32,$-42,$0,$13,$7,$318,$-64,$0,$-32,$0,$0,$0,$0,$-96,$-82,$129,$48,$-118,$-118,$-92,$-3,$-165,$65,$9,$-92
5,2017-04-30,45.22,$6.12,7.39,$17.15,2.64,$4.79,9.45,$1.67,27.08,$1.08B,$0.66B,1.66,$0.30B,$0.80B,0.37,$2.31B,$0.80B,34.82%,$2.31B,$0.32B,14.05%,$2.31B,$0.32B,14.05%,$2.31B,$0.40B,17.30%,$2.31B,$0.31B,13.57%,$2.31B,$0.23B,9.76%,$0.23B,$0.80B,28.67%,$0.23B,$0.53B,43.60%,$0.23B,$1.88B,12.36%,$0.32B,$1.10B,29.39%,$608,$397,$212,$0,$123,$520,$89,$-4,$84,$24,$60,$60,$60,$107,$89,$133,134,$0.45,$0.45,$296,$273,$0,$1084,$463,$0,$268,$30,$796,$1880,$655,$298,$122,$423,$1078,$758,$1021,$-211,$802,$1880,$165,$56,$6,$62,$0,$0,$0,$4,$4,$231,$-41,$0,$-11,$0,$0,$0,$0,$-52,$-1,$41,$41,$-93,$-93,$-70,$-3,$-124,$53,$8,$-70
6,2017-01-31,41.11,$5.91,6.96,$16.85,2.44,$4.43,9.28,$1.63,25.22,$1.03B,$0.62B,1.67,$0.30B,$0.78B,0.38,$2.27B,$0.79B,34.73%,$2.27B,$0.31B,13.66%,$2.27B,$0.31B,13.66%,$2.27B,$0.39B,17.01%,$2.27B,$0.30B,13.27%,$2.27B,$0.22B,9.70%,$0.22B,$0.78B,28.02%,$0.22B,$0.51B,42.66%,$0.22B,$1.82B,12.18%,$0.31B,$1.08B,27.52%,$551,$363,$188,$0,$119,$481,$69,$-3,$66,$20,$47,$47,$47,$88,$69,$133,134,$0.35,$0.35,$296,$260,$0,$1025,$460,$0,$269,$30,$793,$1818,$616,$298,$121,$422,$1037,$758,$962,$-222,$781,$1818,$105,$37,$6,$43,$0,$0,$0,$22,$22,$170,$-25,$0,$-11,$0,$0,$0,$0,$-36,$-1,$12,$12,$-40,$-40,$-46,$-2,$-77,$53,$6,$-46
7,2016-10-31,35.39,$5.95,5.95,$16.60,2.13,$3.85,9.19,$1.56,22.69,$0.99B,$0.56B,1.76,$0.33B,$0.79B,0.41,$2.24B,$0.77B,34.50%,$2.24B,$0.30B,13.20%,$2.24B,$0.30B,13.20%,$2.24B,$0.37B,16.55%,$2.24B,$0.28B,12.71%,$2.24B,$0.21B,9.44%,$0.21B,$0.79B,27.53%,$0.21B,$0.51B,42.48%,$0.21B,$1.79B,11.73%,$0.30B,$1.11B,26.10%,$553,$359,$194,$0,$118,$477,$76,$3,$80,$22,$58,$58,$58,$95,$76,$133,135,$0.43,$0.43,$262,$249,$0,$993,$466,$0,$271,$31,$801,$1794,$563,$325,$118,$446,$1009,$758,$961,$-215,$785,$1794,$58,$19,$-7,$12,$0,$0,$0,$32,$32,$102,$-12,$0,$-11,$0,$0,$0,$0,$-23,$-0,$4,$4,$-37,$-37,$-23,$-1,$-57,$19,$2,$-23
8,2016-07-31,34.85,$5.80,6.0,$16.48,2.11,$3.46,10.07,$1.42,24.54,$1.01B,$0.54B,1.86,$0.35B,$0.77B,0.45,$2.22B,$0.76B,34.01%,$2.22B,$0.28B,12.39%,$2.22B,$0.28B,12.39%,$2.22B,$0.35B,15.72%,$2.22B,$0.26B,11.58%,$2.22B,$0.19B,8.65%,$0.19B,$0.77B,25.42%,$0.19B,$0.50B,39.57%,$0.19B,$1.79B,10.67%,$0.28B,$1.12B,24.22%,$594,$385,$209,$0,$64,$504,$90,$-8,$83,$23,$60,$60,$60,$109,$90,$134,135,$0.45,$0.44,$243,$234,$0,$1010,$470,$0,$268,$32,$777,$1787,$544,$350,$119,$472,$1016,$758,$905,$-206,$771,$1787,$191,$75,$15,$90,$9,$29,$0,$1,$10,$291,$-71,$0,$-13,$28,$0,$28,$0,$-56,$8,$-24,$-15,$-71,$-71,$-91,$-3,$-180,$53,$7,$-91
9,2016-04-30,31.37,$6.04,5.2,$16.46,1.91,$2.68,11.72,$1.39,22.57,$1.03B,$0.52B,1.97,$0.39B,$0.80B,0.49,$2.24B,$0.75B,33.44%,$2.24B,$0.26B,11.76%,$2.24B,$0.26B,11.76%,$2.24B,$0.34B,15.06%,$2.24B,$0.25B,11.27%,$2.24B,$0.19B,8.40%,$0.19B,$0.80B,24.83%,$0.19B,$0.53B,38.49%,$0.19B,$1.83B,10.41%,$0.26B,$1.20B,22.93%,$571,$375,$197,$0,$122,$496,$75,$-3,$72,$17,$55,$55,$55,$94,$75,$134,135,$0.41,$0.41,$247,$269,$0,$1029,$481,$0,$271,$44,$796,$1825,$524,$392,$97,$497,$1021,$758,$895,$-170,$804,$1825,$131,$56,$15,$71,$0,$0,$0,$-0,$-0,$202,$-59,$0,$-13,$28,$0,$28,$0,$-44,$-1,$25,$24,$-59,$-59,$-68,$2,$-102,$58,$6,$-68
10,2016-01-31,26.89,$5.31,5.06,$16.36,1.64,$2.26,11.9,$1.31,20.52,$1.01B,$0.59B,1.71,$0.39B,$0.71B,0.55,$2.24B,$0.75B,33.23%,$2.24B,$0.26B,11.37%,$2.24B,$0.26B,11.37%,$2.24B,$0.33B,14.63%,$2.24B,$0.25B,11.06%,$2.24B,$0.18B,8.07%,$0.18B,$0.71B,23.56%,$0.18B,$0.44B,35.95%,$0.18B,$1.79B,9.99%,$0.26B,$1.10B,22.64%,$517,$346,$171,$0,$117,$464,$54,$-4,$49,$11,$38,$38,$38,$72,$54,$134,134,$0.28,$0.28,$232,$275,$0,$1007,$472,$0,$270,$40,$782,$1789,$588,$389,$103,$496,$1083,$758,$844,$-209,$706,$1789,$77,$37,$12,$49,$0,$0,$0,$-16,$-16,$109,$-43,$0,$-13,$18,$0,$18,$0,$-38,$-1,$73,$72,$-63,$-63,$-45,$2,$-34,$32,$5,$-45
11,2015-10-31,28.65,$5.58,5.14,$16.73,1.71,$2.01,14.25,$1.38,20.76,$1.01B,$0.59B,1.73,$0.39B,$0.74B,0.53,$2.31B,$0.78B,33.58%,$2.31B,$0.27B,11.54%,$2.31B,$0.27B,11.54%,$2.31B,$0.34B,14.74%,$2.31B,$0.26B,11.41%,$2.31B,$0.19B,8.25%,$0.19B,$0.74B,23.93%,$0.19B,$0.47B,35.58%,$0.19B,$1.80B,10.46%,$0.27B,$1.13B,23.86%,$538,$360,$178,$0,$123,$483,$56,$-2,$53,$15,$39,$39,$39,$74,$56,$134,135,$0.29,$0.29,$208,$286,$0,$1013,$474,$0,$272,$41,$787,$1800,$585,$389,$76,$476,$1061,$758,$853,$-174,$740,$1800,$39,$19,$7,$26,$0,$0,$0,$-7,$-7,$58,$-22,$0,$-13,$18,$0,$18,$0,$-16,$-0,$57,$57,$-67,$-67,$-23,$0,$-32,$8,$2,$-23
12,2015-07-31,31.71,$5.79,5.48,$16.96,1.87,$1.90,16.7,$1.49,21.28,$1.03B,$0.56B,1.84,$0.39B,$0.78B,0.5,$2.37B,$0.81B,34.05%,$2.37B,$0.29B,12.14%,$2.37B,$0.29B,12.14%,$2.37B,$0.36B,15.25%,$2.37B,$0.29B,12.14%,$2.37B,$0.21B,8.77%,$0.21B,$0.78B,24.87%,$0.21B,$0.52B,36.05%,$0.21B,$1.81B,11.28%,$0.29B,$1.17B,25.71%,$611,$408,$202,$0,$64,$532,$78,$-0,$78,$22,$56,$56,$56,$97,$78,$138,139,$0.41,$0.41,$217,$265,$0,$1031,$471,$0,$262,$47,$779,$1810,$561,$389,$69,$470,$1031,$758,$815,$-162,$779,$1810,$208,$74,$22,$97,$-21,$-26,$0,$-28,$-92,$213,$-94,$0,$-106,$88,$0,$88,$0,$-112,$150,$-1,$149,$-243,$-243,$-91,$7,$-179,$-107,$11,$-91
13,2015-04-30,35.11,$6.23,5.64,$17.10,2.05,$2.54,13.82,$1.58,22.22,$1.05B,$0.64B,1.64,$0.27B,$0.85B,0.31,$2.43B,$0.84B,34.73%,$2.43B,$0.31B,12.72%,$2.43B,$0.31B,12.72%,$2.43B,$0.38B,15.68%,$2.43B,$0.31B,12.80%,$2.43B,$0.23B,9.26%,$0.23B,$0.85B,25.22%,$0.23B,$0.59B,34.74%,$0.23B,$1.85B,11.99%,$0.31B,$1.11B,27.11%,$576,$382,$194,$0,$127,$509,$67,$1,$68,$20,$48,$48,$48,$85,$67,$137,139,$0.35,$0.34,$250,$286,$0,$1053,$469,$0,$254,$70,$793,$1846,$644,$265,$67,$354,$998,$758,$805,$-130,$848,$1846,$152,$56,$15,$70,$0,$0,$0,$-61,$-61,$161,$-73,$0,$-97,$88,$0,$88,$0,$-82,$22,$101,$122,$-191,$-191,$-68,$7,$-130,$-74,$9,$-68
14,2015-01-31,34.19,$6.04,5.66,$17.19,1.99,$3.01,11.34,$1.71,20.0,$1.06B,$0.70B,1.52,$0.24B,$0.83B,0.29,$2.48B,$0.87B,35.23%,$2.48B,$0.34B,13.52%,$2.48B,$0.34B,13.52%,$2.48B,$0.41B,16.38%,$2.48B,$0.34B,13.60%,$2.48B,$0.24B,9.85%,$0.24B,$0.83B,25.38%,$0.24B,$0.57B,33.44%,$0.24B,$1.85B,12.91%,$0.34B,$1.07B,27.92%,$589,$385,$203,$0,$137,$523,$66,$-0,$65,$17,$48,$48,$48,$85,$66,$138,140,$0.35,$0.34,$257,$272,$0,$1062,$466,$0,$256,$67,$789,$1850,$697,$241,$67,$328,$1025,$758,$760,$-129,$825,$1850,$104,$37,$14,$51,$0,$0,$0,$-69,$-69,$85,$-51,$0,$-97,$88,$0,$88,$0,$-60,$-1,$137,$136,$-166,$-166,$-46,$5,$-71,$-67,$8,$-46
15,2014-10-31,38.72,$6.50,5.96,$16.88,2.29,$3.50,11.07,$1.75,22.13,$1.07B,$0.65B,1.65,$0.24B,$0.89B,0.27,$2.47B,$0.87B,35.29%,$2.47B,$0.34B,13.80%,$2.47B,$0.34B,13.80%,$2.47B,$0.41B,16.59%,$2.47B,$0.35B,14.04%,$2.47B,$0.25B,10.28%,$0.25B,$0.89B,24.52%,$0.25B,$0.63B,31.10%,$0.25B,$1.87B,13.58%,$0.34B,$1.13B,27.51%,$597,$387,$209,$0,$132,$520,$77,$0,$77,$21,$56,$56,$56,$95,$77,$140,141,$0.40,$0.40,$268,$279,$0,$1068,$472,$0,$264,$65,$802,$1870,$648,$242,$67,$329,$977,$758,$756,$-83,$893,$1870,$56,$18,$2,$20,$0,$0,$0,$-27,$-27,$49,$-27,$0,$-98,$46,$0,$46,$0,$-79,$-1,$89,$88,$-132,$-132,$-23,$2,$-65,$-104,$2,$-23
16,2014-07-31,35.98,$7.14,5.04,$16.68,2.16,$3.87,9.31,$1.76,20.44,$1.23B,$0.61B,2.01,$0.24B,$1.00B,0.24,$2.47B,$0.88B,35.46%,$2.47B,$0.36B,14.40%,$2.47B,$0.36B,14.40%,$2.47B,$0.42B,17.10%,$2.47B,$0.36B,14.60%,$2.47B,$0.26B,10.51%,$0.26B,$1.00B,23.57%,$0.26B,$0.80B,28.94%,$0.26B,$1.94B,13.99%,$0.36B,$1.25B,27.97%,$668,$430,$238,$0,$77,$569,$99,$2,$101,$28,$73,$73,$73,$116,$99,$146,148,$0.51,$0.50,$424,$253,$0,$1225,$452,$0,$202,$63,$717,$1942,$610,$244,$64,$330,$940,$758,$702,$-46,$1002,$1942,$260,$67,$3,$70,$-45,$-19,$0,$-8,$-12,$318,$-97,$0,$0,$-27,$0,$-27,$0,$-124,$43,$175,$219,$-265,$-265,$-83,$9,$-121,$72,$12,$-83
17,2014-04-30,38.88,$7.76,5.01,$16.36,2.38,$3.84,10.12,$1.74,22.35,$1.17B,$0.46B,2.54,$0.23B,$1.13B,0.2,$2.44B,$0.87B,35.56%,$2.44B,$0.36B,14.64%,$2.44B,$0.36B,14.64%,$2.44B,$0.42B,17.35%,$2.44B,$0.36B,14.81%,$2.44B,$0.26B,10.66%,$0.26B,$1.13B,23.13%,$0.26B,$0.92B,28.32%,$0.26B,$1.90B,14.37%,$0.36B,$1.35B,28.37%,$624,$401,$223,$0,$131,$532,$93,$1,$94,$27,$67,$67,$67,$110,$93,$145,147,$0.46,$0.46,$391,$254,$0,$1168,$441,$0,$206,$84,$730,$1898,$459,$228,$53,$313,$772,$758,$675,$-5,$1126,$1898,$187,$50,$-2,$49,$0,$0,$0,$-6,$-6,$230,$-66,$0,$0,$-48,$0,$-48,$0,$-114,$43,$55,$98,$-153,$-153,$-60,$8,$-106,$14,$9,$-60
18,2014-01-31,37.99,$7.72,4.92,$16.24,2.34,$4.36,8.71,$1.74,21.83,$1.07B,$0.47B,2.29,$0.10B,$1.12B,0.09,$2.43B,$0.87B,35.59%,$2.43B,$0.36B,14.92%,$2.43B,$0.36B,14.92%,$2.43B,$0.43B,17.55%,$2.43B,$0.37B,15.04%,$2.43B,$0.26B,10.81%,$0.26B,$1.12B,23.63%,$0.26B,$0.92B,29.03%,$0.26B,$1.77B,14.83%,$0.36B,$1.23B,29.75%,$582,$380,$202,$0,$130,$510,$72,$3,$75,$17,$58,$58,$58,$89,$72,$147,149,$0.40,$0.39,$360,$241,$0,$1072,$427,$0,$205,$69,$701,$1774,$468,$103,$50,$183,$651,$758,$608,$-35,$1122,$1774,$120,$33,$-2,$32,$0,$0,$0,$0,$0,$152,$-43,$0,$0,$1,$0,$1,$0,$-42,$-81,$97,$16,$-56,$-56,$-39,$7,$-72,$35,$7,$-39
19,2013-10-31,36.35,$7.95,4.57,$16.31,2.23,$4.44,8.18,$1.69,21.51,$1.12B,$0.47B,2.37,$0.10B,$1.16B,0.09,$2.45B,$0.86B,35.27%,$2.45B,$0.36B,14.79%,$2.45B,$0.36B,14.79%,$2.45B,$0.43B,17.41%,$2.45B,$0.36B,14.79%,$2.45B,$0.26B,10.46%,$0.26B,$1.16B,23.63%,$0.26B,$0.96B,29.26%,$0.26B,$1.82B,14.54%,$0.36B,$1.27B,30.29%,$599,$385,$214,$0,$123,$508,$92,$-1,$91,$29,$62,$62,$62,$108,$92,$147,149,$0.42,$0.41,$383,$243,$0,$1121,$428,$0,$207,$64,$699,$1820,$472,$103,$57,$184,$657,$758,$590,$-21,$1163,$1820,$62,$16,$1,$17,$0,$0,$0,$20,$20,$99,$-21,$0,$0,$-33,$0,$-33,$0,$-54,$-0,$-4,$-4,$-5,$-5,$-19,$3,$-24,$23,$2,$-19
20,2013-07-31,33.15,$7.43,4.46,$16.19,2.05,$4.20,7.89,$1.64,20.21,$1.06B,$0.48B,2.22,$0.10B,$1.09B,0.1,$2.44B,$0.85B,34.76%,$2.44B,$0.34B,14.12%,$2.44B,$0.34B,14.12%,$2.44B,$0.41B,16.74%,$2.44B,$0.35B,14.28%,$2.44B,$0.25B,10.18%,$0.25B,$1.09B,24.04%,$0.25B,$0.88B,30.17%,$0.25B,$1.74B,14.31%,$0.34B,$1.19B,29.45%,$633,$404,$228,$0,$66,$533,$100,$1,$101,$29,$73,$73,$73,$116,$100,$148,150,$0.50,$0.48,$324,$235,$0,$1056,$419,$0,$207,$62,$688,$1744,$476,$103,$56,$182,$658,$758,$532,$-37,$1085,$1744,$247,$64,$2,$66,$4,$20,$0,$13,$2,$316,$-94,$0,$0,$-2,$0,$-2,$0,$-96,$-1,$-87,$-88,$-87,$-87,$-60,$11,$-224,$-2,$9,$-60
21,2013-04-30,33.15,$7.35,4.51,$16.28,2.04,$3.92,8.45,$1.63,20.34,$1.07B,$0.46B,2.34,$0.12B,$1.08B,0.11,$2.46B,$0.85B,34.50%,$2.46B,$0.34B,13.94%,$2.46B,$0.34B,13.94%,$2.46B,$0.41B,16.50%,$2.46B,$0.35B,14.18%,$2.46B,$0.25B,10.00%,$0.25B,$1.08B,24.91%,$0.25B,$0.87B,31.63%,$0.25B,$1.76B,14.22%,$0.34B,$1.20B,29.85%,$619,$398,$222,$0,$123,$521,$99,$1,$99,$30,$70,$70,$70,$114,$99,$148,150,$0.47,$0.46,$330,$240,$0,$1073,$413,$0,$208,$63,$684,$1758,$458,$119,$94,$218,$676,$758,$500,$-41,$1082,$1758,$175,$49,$2,$51,$0,$0,$0,$-8,$-8,$217,$28,$0,$0,$-67,$0,$-67,$0,$-39,$-1,$-67,$-68,$-49,$-49,$-41,$9,$-148,$38,$7,$-41
22,2013-01-31,34.18,$6.84,5.0,$16.38,2.09,$3.10,11.03,$1.63,20.97,$1.03B,$0.49B,2.13,$0.12B,$1.00B,0.12,$2.49B,$0.86B,34.35%,$2.49B,$0.34B,13.74%,$2.49B,$0.34B,13.74%,$2.49B,$0.41B,16.31%,$2.49B,$0.35B,14.06%,$2.49B,$0.25B,9.92%,$0.25B,$1.00B,25.55%,$0.25B,$0.79B,32.70%,$0.25B,$1.72B,14.29%,$0.34B,$1.13B,29.75%,$596,$397,$199,$0,$128,$525,$71,$-0,$71,$20,$51,$51,$51,$88,$71,$148,150,$0.34,$0.34,$284,$262,$0,$1033,$413,$0,$211,$62,$686,$1719,$485,$120,$104,$229,$714,$758,$431,$-44,$1004,$1719,$105,$33,$-2,$31,$0,$0,$0,$-27,$-27,$109,$13,$0,$0,$-33,$0,$-33,$0,$-21,$-1,$-38,$-39,$-52,$-52,$-26,$9,$-108,$-9,$6,$-26
23,2012-10-31,29.25,$6.51,4.49,$16.21,1.8,$2.72,10.76,$1.64,17.83,$1.05B,$0.45B,2.36,$0.20B,$0.96B,0.21,$2.47B,$0.86B,34.64%,$2.47B,$0.35B,13.99%,$2.47B,$0.35B,13.99%,$2.47B,$0.41B,16.49%,$2.47B,$0.36B,14.35%,$2.47B,$0.25B,10.11%,$0.25B,$0.96B,26.47%,$0.25B,$0.74B,34.15%,$0.25B,$1.71B,14.54%,$0.35B,$1.16B,30.13%,$589,$391,$198,$0,$125,$515,$74,$3,$77,$23,$54,$54,$54,$90,$74,$149,152,$0.36,$0.36,$289,$272,$0,$1048,$399,$0,$211,$54,$664,$1712,$445,$202,$105,$312,$757,$758,$410,$-69,$955,$1712,$54,$16,$-8,$8,$0,$0,$0,$2,$2,$64,$-21,$0,$0,$13,$0,$13,$0,$-9,$-0,$-29,$-29,$-45,$-45,$-13,$6,$-82,$-21,$1,$-13
24,2012-07-31,30.85,$6.16,5.01,$16.29,1.89,$2.69,11.46,$1.73,17.83,$1.09B,$0.50B,2.18,$0.20B,$0.91B,0.22,$2.49B,$0.87B,35.06%,$2.49B,$0.36B,14.52%,$2.49B,$0.36B,14.52%,$2.49B,$0.42B,17.01%,$2.49B,$0.37B,14.84%,$2.49B,$0.27B,10.63%,$0.27B,$0.91B,28.56%,$0.27B,$0.70B,37.17%,$0.27B,$1.73B,15.34%,$0.36B,$1.11B,31.97%,$657,$427,$230,$0,$71,$557,$99,$3,$102,$31,$71,$71,$71,$114,$99,$150,153,$0.47,$0.47,$318,$256,$0,$1086,$385,$0,$209,$50,$644,$1730,$499,$203,$113,$322,$820,$758,$367,$-102,$910,$1730,$264,$61,$-20,$41,$-18,$-4,$0,$-17,$-46,$260,$-77,$0,$0,$-99,$0,$-99,$0,$-176,$-46,$97,$51,$-117,$-117,$-48,$10,$-103,$-48,$11,$-48
25,2012-04-30,31.25,$6.69,4.67,$15.98,1.96,$2.68,11.65,$1.68,18.6,$1.10B,$0.48B,2.31,$0.20B,$1.00B,0.2,$2.46B,$0.87B,35.39%,$2.46B,$0.35B,14.34%,$2.46B,$0.35B,14.34%,$2.46B,$0.42B,16.86%,$2.46B,$0.36B,14.55%,$2.46B,$0.26B,10.56%,$0.26B,$1.00B,27.84%,$0.26B,$0.78B,36.36%,$0.26B,$1.75B,15.06%,$0.35B,$1.20B,30.99%,$647,$419,$228,$0,$130,$549,$98,$2,$100,$29,$71,$71,$71,$114,$98,$151,153,$0.47,$0.46,$308,$265,$0,$1100,$391,$0,$215,$49,$654,$1754,$476,$204,$64,$281,$756,$758,$323,$-14,$998,$1754,$193,$46,$-13,$33,$0,$0,$0,$-44,$-44,$182,$-58,$0,$0,$-120,$0,$-120,$0,$-178,$-46,$71,$24,$-70,$-70,$-34,$10,$-70,$-84,$9,$-34
26,2012-01-31,32.53,$6.14,5.3,$15.53,2.09,$2.67,12.17,$1.62,20.14,$1.03B,$0.46B,2.23,$0.21B,$0.92B,0.22,$2.41B,$0.85B,35.37%,$2.41B,$0.34B,14.03%,$2.41B,$0.34B,14.03%,$2.41B,$0.40B,16.56%,$2.41B,$0.34B,14.11%,$2.41B,$0.25B,10.42%,$0.25B,$0.92B,27.19%,$0.25B,$0.70B,35.81%,$0.25B,$1.68B,14.56%,$0.34B,$1.12B,29.95%,$581,$380,$201,$0,$126,$506,$75,$2,$76,$23,$54,$54,$54,$90,$75,$150,153,$0.36,$0.35,$272,$270,$0,$1030,$383,$0,$215,$53,$652,$1681,$461,$205,$92,$305,$766,$443,$1028,$-28,$915,$1681,$122,$31,$-8,$23,$0,$0,$0,$-43,$-43,$102,$-36,$0,$0,$-93,$0,$-93,$0,$-130,$-46,$79,$33,$-64,$-64,$-22,$8,$-45,$-93,$6,$-22
27,2011-10-31,28.75,$5.98,4.8,$15.13,1.9,$2.68,10.73,$1.55,18.61,$1.09B,$0.54B,2.01,$0.21B,$0.89B,0.23,$2.37B,$0.84B,35.56%,$2.37B,$0.33B,13.95%,$2.37B,$0.33B,13.95%,$2.37B,$0.39B,16.58%,$2.37B,$0.33B,14.04%,$2.37B,$0.24B,10.23%,$0.24B,$0.89B,26.48%,$0.24B,$0.67B,35.12%,$0.24B,$1.75B,14.22%,$0.33B,$1.09B,29.45%,$608,$393,$215,$0,$125,$518,$90,$2,$92,$23,$69,$69,$69,$106,$90,$151,153,$0.46,$0.45,$302,$274,$0,$1091,$384,$0,$221,$51,$655,$1746,$544,$205,$101,$314,$858,$443,$995,$-9,$888,$1746,$69,$16,$-5,$11,$0,$0,$0,$-22,$-22,$58,$-18,$0,$0,$0,$0,$0,$0,$-18,$-0,$79,$79,$-71,$-71,$-11,$2,$-1,$29,$2,$-11
28,2011-07-31,24.78,$12.40,2.0,$14.58,1.7,$2.76,8.98,$1.44,17.27,$1.07B,$0.50B,2.15,$0.21B,$0.94B,0.22,$2.29B,$0.81B,35.48%,$2.29B,$0.32B,13.73%,$2.29B,$0.32B,13.73%,$2.29B,$0.38B,16.35%,$2.29B,$0.31B,13.60%,$2.29B,$0.23B,9.85%,$0.23B,$0.94B,25.08%,$0.23B,$0.71B,33.51%,$0.23B,$1.73B,13.59%,$0.32B,$1.14B,28.11%,$625,$398,$227,$0,$82,$535,$90,$0,$90,$25,$66,$66,$66,$105,$90,$154,157,$0.43,$0.42,$273,$271,$0,$1067,$392,$0,$225,$43,$660,$1726,$496,$206,$78,$295,$791,$443,$926,$40,$935,$1726,$225,$60,$-13,$47,$-62,$-53,$0,$7,$-26,$246,$-60,$0,$3,$0,$0,$0,$0,$-56,$-7,$-37,$-43,$-93,$-93,$-41,$10,$-167,$41,$9,$-41
29,2011-04-30,27.33,$6.25,4.37,$13.85,1.97,$2.59,10.56,$1.34,20.39,$1.08B,$0.49B,2.19,$0.21B,$0.96B,0.21,$2.18B,$0.77B,35.44%,$2.18B,$0.30B,13.74%,$2.18B,$0.30B,13.74%,$2.18B,$0.36B,16.44%,$2.18B,$0.30B,13.51%,$2.18B,$0.21B,9.66%,$0.21B,$0.96B,24.71%,$0.21B,$0.73B,33.60%,$0.21B,$1.74B,13.13%,$0.30B,$1.16B,27.61%,$595,$385,$209,$0,$126,$511,$83,$-2,$82,$20,$62,$62,$62,$98,$83,$155,157,$0.40,$0.39,$335,$258,$0,$1082,$390,$0,$228,$41,$660,$1742,$494,$205,$80,$292,$787,$443,$883,$43,$955,$1742,$160,$45,$-12,$33,$0,$0,$0,$-24,$-24,$169,$-42,$0,$3,$-68,$0,$-68,$0,$-107,$-13,$7,$-6,$-30,$-30,$-30,$13,$-52,$31,$8,$-30
30,2011-01-31,26.09,$5.69,4.58,$13.22,1.97,$2.55,10.22,$1.26,20.79,$0.96B,$0.42B,2.29,$0.21B,$0.88B,0.24,$2.09B,$0.74B,35.55%,$2.09B,$0.29B,13.85%,$2.09B,$0.29B,13.85%,$2.09B,$0.35B,16.67%,$2.09B,$0.28B,13.56%,$2.09B,$0.20B,9.49%,$0.20B,$0.88B,24.50%,$0.20B,$0.65B,33.99%,$0.20B,$1.60B,12.96%,$0.29B,$1.09B,27.46%,$537,$348,$190,$0,$122,$470,$67,$1,$68,$23,$45,$45,$45,$83,$67,$155,158,$0.29,$0.28,$286,$231,$0,$958,$371,$0,$224,$41,$637,$1595,$418,$212,$82,$301,$719,$443,$821,$-7,$877,$1595,$98,$30,$-15,$15,$0,$0,$0,$-20,$-20,$93,$-24,$0,$4,$-66,$0,$-66,$0,$-87,$-5,$-21,$-26,$6,$6,$-20,$12,$-28,$-12,$6,$-20
31,2010-10-31,21.64,$5.46,3.96,$12.56,1.72,$2.54,8.53,$1.17,18.5,$0.94B,$0.39B,2.42,$0.26B,$0.84B,0.31,$1.99B,$0.70B,35.15%,$1.99B,$0.26B,13.14%,$1.99B,$0.26B,13.14%,$1.99B,$0.32B,16.06%,$1.99B,$0.25B,12.74%,$1.99B,$0.18B,9.26%,$0.18B,$0.84B,23.76%,$0.18B,$0.61B,33.59%,$0.18B,$1.59B,12.50%,$0.26B,$1.09B,25.37%,$537,$349,$188,$0,$114,$462,$75,$-3,$72,$19,$53,$53,$53,$89,$75,$154,157,$0.35,$0.34,$268,$223,$0,$937,$374,$0,$226,$52,$653,$1590,$388,$257,$102,$366,$754,$443,$794,$-5,$837,$1590,$53,$15,$-7,$8,$0,$0,$0,$1,$1,$63,$-10,$0,$0,$0,$0,$0,$0,$-10,$-5,$-17,$-22,$-3,$-3,$-10,$8,$-26,$36,$1,$-10
32,2010-07-31,21.03,$4.89,4.3,$11.84,1.78,$2.60,8.1,$1.05,20.03,$0.86B,$0.39B,2.21,$0.26B,$0.75B,0.34,$1.88B,$0.66B,35.06%,$1.88B,$0.24B,12.68%,$1.88B,$0.24B,12.68%,$1.88B,$0.30B,15.88%,$1.88B,$0.23B,12.31%,$1.88B,$0.17B,8.84%,$0.17B,$0.75B,22.17%,$0.17B,$0.52B,31.92%,$0.17B,$1.50B,11.68%,$0.24B,$1.00B,23.76%,$515,$328,$187,$0,$68,$441,$75,$-2,$73,$21,$51,$51,$51,$89,$75,$156,158,$0.33,$0.33,$232,$204,$0,$860,$366,$0,$224,$50,$639,$1500,$389,$256,$100,$364,$753,$443,$744,$-40,$747,$1500,$166,$59,$1,$60,$-79,$-26,$0,$-4,$-23,$203,$-43,$0,$-0,$0,$0,$0,$0,$-43,$-5,$21,$16,$-54,$-54,$-36,$5,$-70,$88,$8,$-36
33,2010-04-30,20.45,$4.99,4.09,$11.25,1.82,$3.04,6.72,$0.88,23.37,$0.79B,$0.32B,2.49,$0.25B,$0.77B,0.33,$1.78B,$0.61B,34.16%,$1.78B,$0.20B,11.10%,$1.78B,$0.20B,11.10%,$1.78B,$0.26B,14.53%,$1.78B,$0.19B,10.66%,$1.78B,$0.14B,7.80%,$0.14B,$0.77B,18.93%,$0.14B,$0.55B,27.65%,$0.14B,$1.42B,10.08%,$0.20B,$1.02B,20.07%,$498,$320,$177,$0,$105,$426,$72,$-2,$70,$21,$49,$49,$49,$87,$72,$156,158,$0.32,$0.31,$208,$191,$0,$787,$362,$0,$226,$50,$637,$1424,$316,$252,$77,$337,$653,$443,$711,$-18,$771,$1424,$115,$45,$-5,$41,$0,$0,$0,$-7,$-7,$149,$-27,$0,$-0,$0,$0,$0,$0,$-27,$-5,$-10,$-15,$-16,$-16,$-27,$4,$-55,$65,$7,$-27
34,2010-01-31,16.84,$4.81,3.5,$10.73,1.57,$3.36,5.01,$0.74,22.92,$0.73B,$0.29B,2.48,$0.25B,$0.74B,0.34,$1.70B,$0.56B,33.16%,$1.70B,$0.16B,9.66%,$1.70B,$0.16B,9.66%,$1.70B,$0.22B,13.19%,$1.70B,$0.16B,9.13%,$1.70B,$0.12B,6.89%,$0.12B,$0.74B,16.30%,$0.12B,$0.51B,24.11%,$0.12B,$1.37B,8.57%,$0.16B,$1.00B,16.90%,$436,$290,$146,$0,$107,$397,$39,$-2,$38,$7,$31,$31,$31,$54,$39,$156,159,$0.20,$0.20,$181,$190,$0,$727,$371,$0,$230,$46,$647,$1374,$294,$252,$76,$337,$631,$443,$673,$-11,$743,$1374,$66,$31,$-4,$26,$0,$0,$0,$-7,$-7,$85,$-18,$0,$-0,$0,$0,$0,$0,$-18,$-5,$-4,$-9,$-5,$-5,$-18,$2,$-30,$37,$6,$-18
35,2009-10-31,15.67,$4.75,3.3,$10.90,1.44,$3.38,4.63,$0.76,20.75,$0.73B,$0.31B,2.36,$0.25B,$0.73B,0.34,$1.72B,$0.55B,31.98%,$1.72B,$0.15B,8.88%,$1.72B,$0.15B,8.88%,$1.72B,$0.21B,12.36%,$1.72B,$0.14B,8.30%,$1.72B,$0.12B,6.96%,$0.12B,$0.73B,17.20%,$0.12B,$0.50B,25.78%,$0.12B,$1.39B,8.76%,$0.15B,$0.99B,16.08%,$428,$280,$148,$0,$96,$376,$52,$-2,$50,$15,$35,$35,$35,$68,$52,$156,159,$0.22,$0.22,$188,$189,$0,$725,$381,$0,$235,$45,$661,$1386,$308,$252,$83,$344,$652,$443,$650,$6,$734,$1386,$35,$15,$-1,$14,$0,$0,$0,$21,$21,$70,$-8,$0,$-0,$0,$0,$0,$0,$-8,$-5,$-1,$-6,$-6,$-6,$-9,$0,$-21,$45,$1,$-9
36,2009-07-31,16.65,$4.45,3.74,$11.80,1.41,$3.24,5.13,$0.84,19.94,$0.68B,$0.30B,2.26,$0.25B,$0.69B,0.37,$1.87B,$0.59B,31.58%,$1.87B,$0.17B,9.15%,$1.87B,$0.17B,9.15%,$1.87B,$0.23B,12.26%,$1.87B,$0.16B,8.67%,$1.87B,$0.13B,7.12%,$0.13B,$0.69B,19.60%,$0.13B,$0.45B,29.75%,$0.13B,$1.33B,9.52%,$0.17B,$0.94B,18.73%,$421,$283,$138,$0,$63,$387,$35,$-3,$32,$8,$24,$24,$24,$50,$35,$156,158,$0.16,$0.15,$144,$180,$0,$677,$381,$0,$234,$42,$657,$1334,$300,$254,$82,$345,$645,$443,$616,$-10,$689,$1334,$132,$59,$-6,$52,$117,$66,$0,$-11,$93,$277,$-46,$0,$-74,$0,$0,$0,$0,$-120,$73,$-104,$-31,$-28,$-28,$-35,$3,$-92,$60,$2,$-35
37,2009-04-30,14.4,$4.59,3.13,$12.88,1.12,$2.42,5.96,$0.99,14.62,$0.67B,$0.32B,2.1,$0.25B,$0.71B,0.36,$2.05B,$0.65B,31.84%,$2.05B,$0.20B,9.93%,$2.05B,$0.20B,9.93%,$2.05B,$0.26B,12.76%,$2.05B,$0.20B,9.54%,$2.05B,$0.16B,7.69%,$0.16B,$0.71B,22.86%,$0.16B,$0.48B,33.37%,$0.16B,$1.37B,10.89%,$0.20B,$0.96B,22.50%,$413,$283,$131,$0,$93,$376,$38,$-2,$35,$9,$27,$27,$27,$52,$38,$156,157,$0.17,$0.17,$133,$188,$0,$673,$370,$0,$230,$96,$697,$1370,$320,$253,$55,$345,$665,$443,$612,$13,$705,$1370,$108,$43,$-16,$28,$0,$0,$0,$69,$69,$205,$-34,$0,$-74,$0,$0,$0,$0,$-108,$74,$-55,$19,$-29,$-29,$-26,$2,$-35,$50,$1,$-26
38,2009-01-31,13.53,$4.30,3.15,$13.90,0.97,$1.65,8.18,$1.10,12.3,$0.70B,$0.38B,1.84,$0.26B,$0.66B,0.39,$2.23B,$0.71B,31.90%,$2.23B,$0.23B,10.32%,$2.23B,$0.23B,10.32%,$2.23B,$0.29B,12.88%,$2.23B,$0.22B,10.00%,$2.23B,$0.18B,7.94%,$0.18B,$0.66B,25.38%,$0.18B,$0.43B,35.98%,$0.18B,$1.39B,11.90%,$0.23B,$0.92B,25.73%,$461,$327,$134,$0,$106,$433,$28,$-2,$26,$-8,$34,$34,$34,$43,$28,$156,158,$0.22,$0.22,$76,$210,$0,$698,$367,$0,$230,$96,$692,$1390,$379,$257,$59,$348,$727,$443,$585,$-3,$663,$1390,$82,$29,$-13,$16,$0,$0,$0,$-4,$-4,$94,$-23,$0,$-75,$0,$0,$0,$0,$-98,$75,$-19,$56,$-30,$-30,$-17,$2,$10,$-7,$3,$-17
39,2008-10-31,15.23,$4.27,3.57,$14.19,1.07,$1.32,11.55,$1.10,13.91,$0.79B,$0.56B,1.42,$0.17B,$0.66B,0.26,$2.28B,$0.74B,32.46%,$2.28B,$0.25B,11.10%,$2.28B,$0.25B,11.10%,$2.28B,$0.31B,13.55%,$2.28B,$0.25B,10.79%,$2.28B,$0.18B,7.76%,$0.18B,$0.66B,25.24%,$0.18B,$0.43B,34.74%,$0.18B,$1.50B,11.83%,$0.25B,$0.83B,28.83%,$573,$387,$187,$0,$117,$504,$70,$-1,$69,$21,$48,$48,$48,$84,$70,$156,159,$0.31,$0.30,$69,$240,$0,$789,$376,$0,$232,$97,$706,$1495,$557,$174,$74,$281,$838,$443,$568,$13,$657,$1495,$48,$14,$0,$14,$0,$0,$0,$-10,$-10,$52,$-11,$0,$-75,$0,$0,$0,$0,$-86,$-5,$75,$70,$-32,$-32,$-9,$2,$31,$-14,$1,$-9
40,2008-07-31,19.5,$4.77,4.09,$13.81,1.41,$1.13,17.27,$1.06,18.39,$0.85B,$0.52B,1.65,$0.18B,$0.74B,0.24,$2.23B,$0.73B,32.51%,$2.23B,$0.25B,11.06%,$2.23B,$0.25B,11.06%,$2.23B,$0.30B,13.57%,$2.23B,$0.24B,10.57%,$2.23B,$0.17B,7.70%,$0.17B,$0.74B,24.24%,$0.17B,$0.56B,32.32%,$0.17B,$1.55B,11.69%,$0.25B,$0.92B,28.08%,$607,$406,$202,$0,$90,$540,$68,$-2,$66,$18,$49,$49,$49,$83,$68,$159,162,$0.31,$0.30,$83,$264,$0,$854,$415,$0,$180,$99,$695,$1549,$517,$176,$80,$292,$809,$443,$522,$113,$740,$1549,$172,$57,$-5,$52,$-30,$-49,$0,$-5,$-50,$174,$-71,$0,$-2,$0,$0,$0,$0,$-73,$17,$12,$30,$-83,$-83,$-33,$9,$-77,$28,$9,$-33
41,2008-04-30,18.78,$4.68,4.01,$13.25,1.42,$0.74,25.3,$1.03,18.32,$0.81B,$0.50B,1.62,$0.18B,$0.73B,0.24,$2.15B,$0.69B,32.26%,$2.15B,$0.24B,11.30%,$2.15B,$0.24B,11.30%,$2.15B,$0.30B,13.85%,$2.15B,$0.23B,10.83%,$2.15B,$0.17B,7.72%,$0.17B,$0.73B,24.38%,$0.17B,$0.55B,32.82%,$0.17B,$1.51B,11.75%,$0.24B,$0.91B,28.96%,$588,$399,$188,$0,$125,$524,$64,$-2,$62,$16,$46,$46,$46,$77,$64,$157,161,$0.29,$0.29,$53,$260,$0,$808,$406,$0,$181,$119,$705,$1514,$498,$177,$73,$286,$784,$443,$494,$119,$730,$1514,$123,$42,$-8,$34,$0,$0,$0,$-54,$-54,$104,$-52,$0,$-2,$0,$0,$0,$0,$-55,$44,$-18,$27,$-64,$-64,$-24,$7,$-55,$-2,$7,$-24
42,2008-01-31,18.01,$4.33,4.16,$12.56,1.43,$0.38,46.95,$0.99,18.29,$0.75B,$0.46B,1.63,$0.18B,$0.68B,0.26,$2.05B,$0.66B,32.05%,$2.05B,$0.23B,11.19%,$2.05B,$0.23B,11.19%,$2.05B,$0.28B,13.83%,$2.05B,$0.22B,10.70%,$2.05B,$0.16B,7.82%,$0.16B,$0.68B,24.58%,$0.16B,$0.50B,33.44%,$0.16B,$1.43B,11.76%,$0.23B,$0.86B,29.02%,$512,$349,$163,$0,$113,$461,$51,$-2,$49,$15,$34,$34,$34,$65,$51,$159,159,$0.22,$0.21,$49,$246,$0,$752,$382,$0,$174,$118,$675,$1427,$461,$177,$74,$288,$749,$443,$448,$96,$678,$1427,$77,$28,$-6,$22,$0,$0,$0,$-53,$-53,$46,$-28,$0,$1,$0,$0,$0,$0,$-27,$45,$-21,$24,$-41,$-41,$-16,$6,$-28,$-6,$5,$-16
43,2007-10-31,18.39,$4.35,4.23,$12.15,1.51,$0.17,106.85,$0.97,19.06,$0.73B,$0.44B,1.65,$0.15B,$0.69B,0.22,$2.00B,$0.63B,31.72%,$2.00B,$0.22B,11.06%,$2.00B,$0.22B,11.06%,$2.00B,$0.27B,13.66%,$2.00B,$0.21B,10.61%,$2.00B,$0.16B,7.85%,$0.16B,$0.69B,25.35%,$0.16B,$0.52B,34.35%,$0.16B,$1.39B,12.10%,$0.22B,$0.84B,29.99%,$526,$353,$173,$0,$109,$462,$64,$-4,$59,$16,$43,$43,$43,$78,$64,$160,164,$0.27,$0.27,$40,$216,$0,$732,$375,$0,$174,$112,$661,$1393,$444,$150,$72,$259,$703,$443,$430,$88,$690,$1393,$43,$14,$-3,$11,$0,$0,$0,$-32,$-32,$22,$-11,$0,$1,$0,$0,$0,$0,$-10,$20,$-44,$-24,$-0,$-0,$-8,$4,$-28,$-15,$1,$-8
44,2007-07-31,15.57,$3.95,3.95,$11.62,1.34,$0.10,148.71,$0.92,17.02,$0.67B,$0.46B,1.47,$0.13B,$0.63B,0.21,$1.92B,$0.61B,31.53%,$1.92B,$0.21B,11.00%,$1.92B,$0.21B,11.00%,$1.92B,$0.26B,13.55%,$1.92B,$0.21B,10.68%,$1.92B,$0.15B,7.82%,$0.15B,$0.63B,25.31%,$0.15B,$0.45B,34.03%,$0.15B,$1.32B,12.10%,$0.21B,$0.75B,30.27%,$525,$355,$170,$0,$69,$460,$64,$-2,$63,$19,$43,$43,$43,$78,$64,$161,165,$0.27,$0.27,$55,$201,$0,$674,$364,$0,$171,$110,$645,$1319,$459,$129,$69,$235,$694,$443,$387,$70,$625,$1319,$151,$50,$-21,$29,$-31,$-36,$0,$1,$-62,$117,$-77,$0,$-41,$0,$0,$0,$0,$-117,$55,$45,$100,$-70,$-70,$-29,$6,$8,$10,$7,$-29
45,2007-04-30,15.33,$3.85,3.98,$11.18,1.37,$0.32,47.34,$0.87,17.72,$0.65B,$0.49B,1.32,$0.10B,$0.61B,0.16,$1.86B,$0.59B,31.74%,$1.86B,$0.21B,11.01%,$1.86B,$0.21B,11.01%,$1.86B,$0.25B,13.48%,$1.86B,$0.20B,10.63%,$1.86B,$0.14B,7.68%,$0.14B,$0.61B,24.95%,$0.14B,$0.44B,33.20%,$0.14B,$1.30B,12.01%,$0.21B,$0.71B,30.59%,$484,$334,$150,$0,$100,$434,$50,$-2,$48,$8,$40,$40,$40,$62,$50,$160,164,$0.25,$0.25,$48,$185,$0,$651,$351,$0,$171,$128,$650,$1301,$493,$96,$68,$197,$690,$443,$360,$75,$611,$1301,$107,$35,$-30,$6,$0,$0,$0,$-67,$-67,$47,$-53,$0,$-40,$0,$0,$0,$0,$-93,$-5,$126,$121,$-57,$-57,$-22,$5,$48,$3,$3,$-22
46,2007-01-31,14.99,$3.48,4.31,$10.75,1.39,$0.67,22.27,$0.84,17.96,$0.59B,$0.42B,1.42,$0.10B,$0.55B,0.17,$1.81B,$0.59B,32.36%,$1.81B,$0.21B,11.50%,$1.81B,$0.21B,11.50%,$1.81B,$0.25B,13.99%,$1.81B,$0.20B,11.17%,$1.81B,$0.14B,7.74%,$0.14B,$0.55B,25.10%,$0.14B,$0.42B,32.98%,$0.14B,$1.18B,12.26%,$0.21B,$0.65B,31.73%,$464,$323,$141,$0,$98,$421,$43,$-1,$42,$11,$31,$31,$31,$55,$43,$162,165,$0.20,$0.19,$35,$176,$0,$594,$338,$0,$134,$112,$583,$1178,$419,$96,$72,$207,$626,$443,$321,$58,$551,$1178,$67,$24,$-4,$20,$0,$0,$0,$-67,$-67,$20,$-36,$0,$-1,$0,$0,$0,$0,$-37,$-4,$79,$75,$-58,$-58,$-15,$5,$7,$-10,$3,$-15
47,2006-10-31,15.95,$3.61,4.41,$10.25,1.56,$0.91,17.58,$0.81,19.81,$0.59B,$0.37B,1.61,$0.10B,$0.58B,0.17,$1.74B,$0.57B,32.76%,$1.74B,$0.20B,11.69%,$1.74B,$0.20B,11.69%,$1.74B,$0.25B,14.22%,$1.74B,$0.20B,11.40%,$1.74B,$0.14B,7.83%,$0.14B,$0.58B,24.67%,$0.14B,$0.45B,32.46%,$0.14B,$1.16B,12.25%,$0.20B,$0.68B,31.25%,$446,$303,$144,$0,$90,$393,$54,$-1,$52,$16,$36,$36,$36,$65,$54,$163,167,$0.22,$0.22,$50,$170,$0,$587,$328,$0,$133,$113,$574,$1161,$365,$96,$75,$213,$577,$443,$304,$54,$584,$1161,$36,$12,$-2,$9,$0,$0,$0,$-28,$-28,$17,$-18,$0,$-1,$0,$0,$0,$0,$-19,$-4,$16,$11,$-1,$-1,$-7,$3,$6,$5,$0,$-7
