,Date,Stock Price,Book Value per Share,Price to Book Ratio,TTM Sales per Share,Price to Sales Ratio,TTM FCF per Share,Price to FCF Ratio,TTM Net EPS,PE Ratio,Current Assets,Current Liabilities,Current Ratio,Long Term Debt,Shareholder's Equity_x,Debt to Equity Ratio,TTM Revenue_x,TTM Gross Profit,Gross Margin,TTM Revenue_y,TTM Operating Income,Operating Margin,TTM Revenue_x,TTM EBIT,EBIT Margin,TTM Revenue_y,TTM EBITDA,EBITDA Margin,TTM Revenue_x,TTM Pre-Tax Income,Pre-Tax Margin,TTM Revenue_y,TTM Net Income_x,Net Margin,TTM Net Income_y,Shareholder's Equity_y,Return on Equity,TTM Net Income_x,Tangible Equity,Return on Tangible Equity,TTM Net Income_y,Total Assets,Return on Assets,TTM Net Income,LT Investments & Debt,Return on Investment,revenue,cost-goods-sold,gross-profit,research-development-expenses,selling-general-administrative-expenses,operating-expenses,operating-income,total-non-operating-income-expense,pre-tax-income,total-provision-income-taxes,income-after-taxes,income-from-continuous-operations,net-income,ebitda,ebit,basic-shares-outstanding,shares-outstanding,eps-basic-net-earnings-per-share,eps-earnings-per-share-diluted,cash-on-hand,inventory,other-current-assets,total-current-assets,net-property-plant-equipment,long-term-investments,goodwill-intangible-assets-total,other-long-term-assets,total-long-term-assets,total-assets,total-current-liabilities,long-term-debt,other-non-current-liabilities,total-long-term-liabilities,total-liabilities,common-stock-net,retained-earnings-accumulated-deficit,comprehensive-income,total-share-holder-equity,total-liabilities-share-holders-equity,net-income-loss,total-depreciation-amortization-cash-flow,other-non-cash-items,total-non-cash-items,change-in-accounts-receivable,change-in-inventories,change-in-accounts-payable,change-in-assets-liabilities,total-change-in-assets-liabilities,cash-flow-from-operating-activities,net-change-in-property-plant-equipment,net-change-in-intangible-assets,net-acquisitions-divestitures,net-change-in-short-term-investments,net-change-in-long-term-investments,net-change-in-investments-total,investing-activities-other,cash-flow-from-investing-activities,net-long-term-debt,net-current-debt,debt-issuance-retirement-net-total,net-common-equity-issued-repurchased,net-total-equity-issued-repurchased,total-common-preferred-stock-dividends-paid,financial-activities-other,cash-flow-from-financial-activities,net-cash-flow,stock-based-compensation,common-stock-dividends-paid
0,2018-09-30,40.84,$22.40,1.82,$52.27,0.78,$4.75,8.6,$1.18,34.61,$0.28B,$0.12B,2.34,$0.23B,$0.26B,0.9,$0.61B,$0.12B,18.95%,$0.61B,$0.02B,2.47%,$0.61B,$0.02B,2.47%,$0.61B,$0.04B,6.26%,$0.61B,$0.00B,0.49%,$0.61B,$0.02B,2.97%,$0.02B,$0.26B,7.28%,$0.02B,$0.01B,327.27%,$0.02B,$0.64B,2.95%,$0.02B,$0.49B,3.20%,$160,$129,$31,$0,$21,$153,$7,$-2,$4,$0,$4,$4,$4,$13,$7,$11,12,$0.37,$0.36,$4,$102,$112,$282,$107,$0,$251,$3,$361,$643,$121,$229,$18,$266,$387,$0,$179,$-6,$256,$643,$8,$19,$13,$32,$11,$23,$23,$-71,$-16,$33,$-13,$0,$-31,$0,$0,$0,$0,$-43,$13,$0,$13,$-1,$-1,$0,$0,$11,$1,$3,$0
1,2018-06-30,33.09,$21.93,1.51,$50.66,0.65,$3.22,10.28,$1.59,20.81,$0.27B,$0.11B,2.38,$0.23B,$0.25B,0.93,$0.59B,$0.11B,18.77%,$0.59B,$0.02B,2.56%,$0.59B,$0.02B,2.56%,$0.59B,$0.04B,6.48%,$0.59B,$0.01B,0.85%,$0.59B,$0.02B,3.24%,$0.02B,$0.25B,7.93%,$0.02B,$-0.00B,1085.71%,$0.02B,$0.63B,3.18%,$0.02B,$0.48B,3.27%,$155,$123,$32,$0,$21,$149,$6,$-4,$2,$0,$2,$2,$2,$12,$6,$11,12,$0.14,$0.14,$4,$95,$105,$268,$107,$0,$254,$3,$364,$632,$113,$231,$18,$269,$382,$0,$175,$-7,$250,$632,$4,$12,$10,$23,$11,$29,$20,$-65,$-10,$26,$-7,$0,$-31,$0,$0,$0,$0,$-38,$15,$0,$15,$-1,$-1,$0,$0,$14,$1,$2,$0
2,2018-03-31,30.38,$21.73,1.4,$49.60,0.61,$1.60,18.95,$1.78,17.07,$0.25B,$0.10B,2.47,$0.21B,$0.25B,0.85,$0.57B,$0.10B,18.18%,$0.57B,$0.02B,2.80%,$0.57B,$0.02B,2.80%,$0.57B,$0.04B,6.64%,$0.57B,$0.01B,1.40%,$0.57B,$0.02B,3.67%,$0.02B,$0.25B,9.06%,$0.02B,$0.02B,168.00%,$0.02B,$0.60B,3.66%,$0.02B,$0.46B,3.67%,$150,$124,$27,$0,$19,$145,$5,$-3,$2,$-0,$3,$3,$3,$11,$5,$11,12,$0.23,$0.22,$2,$86,$102,$254,$110,$0,$230,$3,$343,$598,$103,$210,$22,$247,$350,$0,$174,$-7,$247,$598,$3,$6,$2,$8,$9,$36,$12,$-62,$-9,$10,$-3,$0,$0,$0,$0,$0,$0,$-3,$-7,$0,$-7,$-1,$-1,$0,$0,$-7,$-0,$1,$0
3,2017-12-31,28.45,$20.79,1.37,$48.51,0.59,$1.56,18.27,$1.74,16.35,$0.22B,$0.08B,2.76,$0.22B,$0.24B,0.92,$0.56B,$0.10B,18.28%,$0.56B,$0.02B,2.69%,$0.56B,$0.02B,2.69%,$0.56B,$0.04B,6.63%,$0.56B,$0.01B,1.61%,$0.56B,$0.02B,3.58%,$0.02B,$0.24B,8.95%,$0.02B,$0.00B,125.00%,$0.02B,$0.57B,3.61%,$0.02B,$0.45B,3.61%,$142,$117,$25,$0,$20,$145,$-3,$-2,$-5,$-15,$9,$9,$9,$2,$-3,$11,12,$0.84,$0.82,$2,$122,$23,$221,$110,$0,$232,$3,$346,$567,$80,$216,$19,$251,$331,$0,$161,$-6,$236,$567,$20,$23,$-7,$16,$3,$-1,$-4,$-0,$0,$35,$-27,$0,$-60,$0,$0,$0,$0,$-86,$48,$0,$48,$-3,$-3,$0,$0,$45,$-5,$5,$0
4,2017-09-30,32.05,$19.84,1.62,$48.81,0.66,$3.13,10.25,$1.17,27.39,$0.24B,$0.10B,2.46,$0.22B,$0.23B,0.99,$0.56B,$0.11B,18.82%,$0.56B,$0.03B,4.84%,$0.56B,$0.03B,4.84%,$0.56B,$0.05B,8.78%,$0.56B,$0.02B,3.58%,$0.56B,$0.01B,2.51%,$0.01B,$0.23B,6.44%,$0.01B,$-0.01B,62.92%,$0.01B,$0.59B,2.59%,$0.03B,$0.45B,6.79%,$139,$113,$26,$0,$19,$131,$7,$-2,$6,$1,$5,$5,$5,$13,$7,$11,11,$0.41,$0.41,$4,$137,$22,$242,$114,$0,$235,$3,$352,$594,$98,$222,$17,$271,$369,$0,$152,$-6,$225,$594,$11,$17,$4,$21,$-1,$-16,$14,$-0,$-2,$27,$-25,$0,$-59,$0,$0,$0,$0,$-83,$55,$0,$55,$-2,$-2,$0,$0,$52,$-4,$4,$0
5,2017-06-30,31.58,$19.35,1.63,$48.45,0.65,$4.20,7.52,$1.20,26.32,$0.24B,$0.10B,2.48,$0.17B,$0.22B,0.78,$0.55B,$0.10B,18.84%,$0.55B,$0.03B,5.07%,$0.55B,$0.03B,5.07%,$0.55B,$0.05B,9.06%,$0.55B,$0.02B,3.62%,$0.55B,$0.01B,2.54%,$0.01B,$0.22B,6.54%,$0.01B,$0.04B,45.16%,$0.01B,$0.54B,2.68%,$0.03B,$0.39B,7.31%,$141,$115,$26,$0,$20,$134,$7,$-2,$5,$1,$4,$4,$4,$12,$7,$11,11,$0.34,$0.33,$7,$129,$23,$242,$111,$0,$180,$3,$294,$536,$97,$170,$18,$219,$317,$0,$147,$-6,$219,$536,$6,$12,$4,$15,$-6,$-10,$15,$-1,$-3,$16,$-16,$0,$0,$0,$0,$0,$0,$-16,$2,$0,$2,$-2,$-2,$0,$0,$-0,$-0,$3,$0
6,2017-03-31,28.79,$19.02,1.51,$48.04,0.6,$4.60,6.26,$1.21,23.79,$0.23B,$0.09B,2.49,$0.16B,$0.21B,0.76,$0.54B,$0.10B,19.12%,$0.54B,$0.03B,5.15%,$0.54B,$0.03B,5.15%,$0.54B,$0.05B,9.38%,$0.54B,$0.02B,3.68%,$0.54B,$0.01B,2.57%,$0.01B,$0.21B,6.65%,$0.01B,$0.03B,54.90%,$0.01B,$0.52B,2.70%,$0.03B,$0.38B,7.30%,$136,$111,$25,$0,$21,$132,$4,$-2,$3,$0,$2,$2,$2,$10,$4,$11,11,$0.19,$0.18,$7,$127,$22,$228,$105,$0,$182,$3,$290,$518,$91,$162,$18,$212,$304,$0,$143,$-6,$214,$518,$2,$6,$2,$8,$5,$-7,$6,$1,$5,$13,$-7,$0,$0,$0,$0,$0,$0,$-7,$-5,$0,$-5,$-2,$-2,$0,$0,$-7,$-0,$2,$0
7,2016-12-31,25.56,$18.95,1.35,$48.83,0.52,$4.18,6.11,$2.24,11.41,$0.23B,$0.09B,2.62,$0.17B,$0.21B,0.79,$0.55B,$0.11B,19.27%,$0.55B,$0.03B,5.09%,$0.55B,$0.03B,5.09%,$0.55B,$0.05B,9.27%,$0.55B,$0.04B,6.91%,$0.55B,$0.03B,4.73%,$0.03B,$0.21B,12.55%,$0.03B,$0.03B,130.00%,$0.03B,$0.52B,5.01%,$0.03B,$0.38B,7.24%,$142,$115,$28,$0,$19,$134,$9,$-3,$6,$3,$3,$3,$3,$14,$9,$11,11,$0.25,$0.25,$7,$120,$22,$226,$102,$0,$184,$3,$289,$515,$86,$167,$19,$217,$303,$0,$141,$-6,$212,$515,$25,$23,$-11,$12,$3,$-5,$15,$1,$14,$43,$-17,$0,$52,$0,$0,$0,$0,$35,$-75,$0,$-75,$-1,$-1,$0,$0,$-76,$2,$3,$0
8,2016-09-30,22.84,$18.89,1.21,$50.39,0.45,$2.64,8.64,$-3.75,0.0,$0.23B,$0.09B,2.57,$0.18B,$0.21B,0.84,$0.57B,$0.10B,17.88%,$0.57B,$-0.07B,-12.39%,$0.57B,$-0.07B,-12.39%,$0.57B,$0.05B,7.96%,$0.57B,$-0.06B,-10.27%,$0.57B,$-0.04B,-7.43%,$-0.04B,$0.21B,-20.92%,$-0.04B,$0.03B,-373.33%,$-0.04B,$0.52B,-7.94%,$-0.07B,$0.39B,-17.58%,$133,$107,$25,$0,$17,$125,$8,$-2,$6,$1,$5,$5,$5,$14,$8,$11,11,$0.45,$0.44,$9,$130,$20,$233,$99,$0,$186,$3,$288,$521,$91,$177,$17,$219,$310,$0,$140,$-6,$211,$521,$22,$17,$-18,$-0,$6,$-15,$20,$6,$11,$28,$-13,$0,$55,$0,$0,$0,$0,$43,$-65,$0,$-65,$-1,$-1,$0,$0,$-66,$4,$3,$0
9,2016-06-30,19.78,$18.40,1.08,$53.25,0.37,$1.38,14.33,$-5.05,0.0,$0.23B,$0.09B,2.66,$0.19B,$0.21B,0.91,$0.59B,$0.10B,16.16%,$0.59B,$-0.08B,-13.30%,$0.59B,$-0.08B,-13.30%,$0.59B,$0.04B,6.06%,$0.59B,$-0.08B,-13.47%,$0.59B,$-0.06B,-9.60%,$-0.06B,$0.21B,-27.11%,$-0.06B,$0.02B,633.33%,$-0.06B,$0.52B,-9.97%,$-0.08B,$0.39B,-18.46%,$133,$107,$26,$0,$19,$126,$7,$-2,$5,$1,$4,$4,$4,$13,$7,$11,11,$0.35,$0.34,$9,$128,$18,$231,$97,$0,$189,$3,$289,$520,$87,$186,$17,$228,$315,$0,$135,$-6,$205,$520,$17,$11,$-20,$-9,$3,$-13,$10,$8,$7,$12,$-8,$0,$55,$0,$0,$0,$0,$48,$-55,$0,$-55,$-1,$-1,$0,$0,$-56,$4,$2,$0
10,2016-03-31,15.25,$18.00,0.85,$56.91,0.27,$1.88,8.13,$-5.23,0.0,$0.23B,$0.09B,2.55,$0.19B,$0.20B,0.93,$0.64B,$0.10B,15.88%,$0.64B,$-0.08B,-11.79%,$0.64B,$-0.08B,-11.79%,$0.64B,$0.04B,6.29%,$0.64B,$-0.08B,-12.89%,$0.64B,$-0.06B,-9.28%,$-0.06B,$0.20B,-26.37%,$-0.06B,$0.01B,231.37%,$-0.06B,$0.52B,-9.52%,$-0.08B,$0.39B,-16.27%,$142,$115,$27,$0,$23,$138,$4,$16,$21,$7,$14,$14,$14,$10,$4,$11,11,$1.22,$1.21,$6,$127,$18,$229,$96,$0,$191,$3,$290,$519,$90,$186,$18,$229,$319,$0,$131,$-6,$201,$519,$14,$6,$-20,$-15,$2,$-12,$7,$8,$8,$5,$-4,$0,$55,$0,$0,$0,$0,$51,$-55,$0,$-55,$-1,$-1,$0,$0,$-56,$1,$1,$0
11,2015-12-31,16.22,$16.76,0.97,$60.04,0.27,$1.54,10.53,$-6.62,0.0,$0.26B,$0.08B,3.15,$0.24B,$0.19B,1.3,$0.67B,$0.10B,15.14%,$0.67B,$-0.08B,-11.24%,$0.67B,$-0.08B,-11.24%,$0.67B,$0.04B,6.15%,$0.67B,$-0.11B,-15.89%,$0.67B,$-0.08B,-11.24%,$-0.08B,$0.19B,-31.58%,$-0.08B,$-0.01B,179.64%,$-0.08B,$0.56B,-11.17%,$-0.08B,$0.43B,-15.05%,$157,$134,$23,$0,$19,$245,$-89,$-2,$-90,$-25,$-65,$-65,$-65,$8,$-89,$11,11,$-5.90,$-5.90,$5,$115,$24,$263,$97,$0,$193,$4,$294,$557,$84,$241,$19,$288,$371,$0,$116,$-6,$186,$557,$-75,$117,$-21,$96,$4,$21,$-14,$6,$-3,$24,$-15,$0,$0,$0,$0,$0,$2,$-13,$-45,$0,$-45,$-1,$-1,$0,$-4,$-50,$-40,$3,$0
12,2015-09-30,20.07,$22.51,0.89,$62.73,0.32,$3.94,5.1,$-0.42,0.0,$0.28B,$0.10B,2.93,$0.26B,$0.25B,1.03,$0.70B,$0.11B,16.05%,$0.70B,$0.02B,3.44%,$0.70B,$0.02B,3.44%,$0.70B,$0.05B,7.16%,$0.70B,$-0.01B,-1.72%,$0.70B,$-0.01B,-0.72%,$-0.01B,$0.25B,-1.96%,$-0.01B,$-0.06B,9.26%,$-0.01B,$0.69B,-0.70%,$0.02B,$0.51B,4.54%,$162,$142,$20,$0,$21,$163,$-1,$-15,$-16,$-7,$-10,$-10,$-10,$5,$-1,$11,11,$-0.86,$-0.86,$12,$137,$34,$283,$98,$0,$305,$6,$410,$692,$97,$258,$19,$346,$443,$0,$181,$-6,$249,$692,$-10,$20,$9,$29,$5,$6,$-8,$1,$-14,$12,$-12,$0,$0,$0,$0,$0,$2,$-10,$-30,$0,$-30,$-1,$-1,$0,$-4,$-35,$-33,$3,$0
13,2015-06-30,25.67,$23.33,1.1,$65.02,0.39,$4.92,5.22,$0.68,37.75,$0.30B,$0.10B,3.03,$0.27B,$0.26B,1.03,$0.72B,$0.13B,17.27%,$0.72B,$0.04B,4.83%,$0.72B,$0.04B,4.83%,$0.72B,$0.06B,8.56%,$0.72B,$0.01B,1.24%,$0.72B,$0.01B,1.10%,$0.01B,$0.26B,3.11%,$0.01B,$-0.05B,-14.41%,$0.01B,$0.71B,1.09%,$0.04B,$0.52B,6.44%,$175,$144,$31,$0,$20,$164,$11,$-8,$3,$1,$2,$2,$2,$17,$11,$11,11,$0.16,$0.16,$27,$138,$27,$295,$99,$0,$308,$8,$415,$710,$97,$265,$20,$354,$451,$0,$191,$-6,$259,$710,$-0,$13,$6,$20,$-0,$5,$-4,$9,$-0,$18,$-8,$0,$0,$0,$0,$0,$2,$-6,$-25,$0,$-25,$-1,$-1,$0,$-4,$-30,$-19,$2,$0
14,2015-03-31,25.9,$23.23,1.11,$66.40,0.39,$4.89,5.3,$1.11,23.33,$0.31B,$0.10B,3.09,$0.28B,$0.26B,1.1,$0.74B,$0.13B,17.93%,$0.74B,$0.04B,5.57%,$0.74B,$0.04B,5.57%,$0.74B,$0.07B,9.51%,$0.74B,$0.02B,2.17%,$0.74B,$0.01B,1.77%,$0.01B,$0.26B,5.08%,$0.01B,$-0.06B,-21.40%,$0.01B,$0.73B,1.74%,$0.04B,$0.54B,7.38%,$173,$146,$27,$0,$23,$169,$4,$-7,$-3,$-1,$-2,$-2,$-2,$11,$4,$11,11,$-0.18,$-0.18,$33,$141,$31,$309,$100,$0,$310,$6,$416,$726,$100,$280,$20,$370,$470,$0,$189,$-7,$256,$726,$-2,$7,$2,$9,$0,$1,$0,$5,$-4,$3,$-6,$0,$0,$0,$0,$0,$0,$-6,$-10,$0,$-10,$-1,$-1,$0,$0,$-11,$-13,$2,$0
15,2014-12-31,25.28,$23.43,1.08,$66.81,0.38,$4.00,6.33,$1.71,14.78,$0.33B,$0.11B,2.96,$0.29B,$0.26B,1.13,$0.74B,$0.14B,18.98%,$0.74B,$0.05B,7.00%,$0.74B,$0.05B,7.00%,$0.74B,$0.08B,10.90%,$0.74B,$0.03B,3.63%,$0.74B,$0.02B,2.69%,$0.02B,$0.26B,7.90%,$0.02B,$-0.06B,-29.85%,$0.02B,$0.75B,2.65%,$0.05B,$0.55B,9.22%,$188,$154,$34,$0,$24,$178,$10,$-6,$4,$-1,$5,$5,$5,$17,$10,$11,11,$0.46,$0.47,$46,$143,$35,$329,$99,$0,$313,$7,$419,$748,$111,$290,$20,$380,$491,$0,$191,$-7,$257,$748,$20,$29,$4,$33,$1,$-2,$0,$1,$7,$53,$-18,$0,$0,$0,$0,$0,$3,$-15,$-43,$0,$-43,$1,$1,$0,$0,$-41,$-3,$4,$0
16,2014-09-30,27.41,$23.84,1.15,$67.27,0.41,$3.92,7.0,$0.83,33.02,$0.34B,$0.10B,3.42,$0.31B,$0.26B,1.2,$0.74B,$0.13B,17.36%,$0.74B,$0.04B,5.92%,$0.74B,$0.04B,5.92%,$0.74B,$0.08B,10.23%,$0.74B,$0.02B,2.42%,$0.74B,$0.01B,1.75%,$0.01B,$0.26B,5.25%,$0.01B,$-0.06B,-17.28%,$0.01B,$0.76B,1.72%,$0.04B,$0.57B,7.74%,$188,$155,$33,$0,$23,$178,$10,$-5,$5,$2,$3,$3,$3,$17,$10,$11,11,$0.27,$0.26,$41,$145,$31,$335,$93,$0,$320,$8,$420,$756,$98,$310,$17,$400,$498,$0,$189,$-4,$258,$756,$15,$22,$4,$26,$-12,$-5,$-2,$5,$-20,$21,$-9,$0,$0,$0,$0,$0,$2,$-8,$-23,$0,$-23,$1,$1,$0,$0,$-21,$-8,$3,$0
17,2014-06-30,26.13,$23.19,1.13,$67.00,0.39,$3.57,7.31,$1.01,25.87,$0.33B,$0.10B,3.29,$0.32B,$0.25B,1.26,$0.74B,$0.13B,17.39%,$0.74B,$0.05B,6.25%,$0.74B,$0.05B,6.25%,$0.74B,$0.08B,10.60%,$0.74B,$0.02B,2.45%,$0.74B,$0.02B,2.04%,$0.02B,$0.25B,6.17%,$0.02B,$-0.07B,-18.29%,$0.02B,$0.76B,1.98%,$0.05B,$0.57B,8.04%,$187,$149,$38,$0,$21,$170,$17,$-7,$10,$3,$7,$7,$7,$25,$17,$11,11,$0.61,$0.60,$44,$142,$32,$334,$94,$0,$322,$9,$425,$759,$102,$318,$17,$405,$507,$0,$186,$-4,$253,$759,$12,$15,$2,$17,$-13,$-2,$-4,$5,$-13,$15,$-6,$0,$0,$0,$0,$0,$0,$-6,$-15,$0,$-15,$0,$0,$0,$0,$-15,$-5,$1,$0
18,2014-03-31,25.06,$22.56,1.11,$67.86,0.37,$2.88,8.71,$0.93,26.95,$0.33B,$0.09B,3.47,$0.33B,$0.25B,1.33,$0.74B,$0.13B,17.16%,$0.74B,$0.04B,5.95%,$0.74B,$0.04B,5.95%,$0.74B,$0.08B,10.14%,$0.74B,$0.02B,2.16%,$0.74B,$0.01B,1.89%,$0.01B,$0.25B,5.87%,$0.01B,$-0.08B,-15.69%,$0.01B,$0.75B,1.84%,$0.04B,$0.57B,7.65%,$180,$144,$36,$0,$21,$165,$15,$-7,$8,$3,$5,$5,$5,$22,$15,$11,11,$0.48,$0.46,$29,$149,$32,$325,$94,$0,$325,$9,$428,$753,$94,$325,$19,$415,$508,$0,$179,$-4,$245,$753,$5,$7,$-0,$7,$-9,$-8,$-4,$6,$-21,$-10,$-2,$0,$0,$0,$0,$0,$0,$-2,$-8,$0,$-8,$0,$0,$0,$0,$-7,$-19,$0,$0
19,2013-12-31,29.81,$21.66,1.38,$68.16,0.44,$3.14,9.49,$0.86,34.66,$0.33B,$0.11B,3.08,$0.33B,$0.23B,1.42,$0.74B,$0.12B,16.85%,$0.74B,$0.04B,5.30%,$0.74B,$0.04B,5.30%,$0.74B,$0.07B,9.51%,$0.74B,$0.01B,1.36%,$0.74B,$0.01B,1.77%,$0.01B,$0.23B,5.56%,$0.01B,$-0.09B,-13.51%,$0.01B,$0.76B,1.70%,$0.04B,$0.57B,6.75%,$188,$166,$22,$0,$20,$186,$2,$-7,$-5,$-3,$-2,$-2,$-2,$12,$2,$11,11,$-0.24,$-0.23,$49,$141,$40,$334,$96,$0,$323,$10,$429,$763,$108,$333,$19,$420,$528,$0,$171,$-4,$234,$763,$11,$31,$8,$39,$5,$7,$5,$-17,$-9,$46,$-12,$0,$0,$0,$0,$0,$0,$-12,$-33,$0,$-33,$2,$2,$0,$-0,$-31,$2,$2,$0
20,2013-09-30,28.68,$22.38,1.28,$69.08,0.42,$3.02,9.48,$1.60,17.93,$0.32B,$0.09B,3.52,$0.34B,$0.24B,1.41,$0.74B,$0.14B,18.87%,$0.74B,$0.05B,7.28%,$0.74B,$0.05B,7.28%,$0.74B,$0.08B,11.19%,$0.74B,$0.02B,3.23%,$0.74B,$0.02B,2.70%,$0.02B,$0.24B,8.65%,$0.02B,$-0.09B,-19.42%,$0.02B,$0.76B,2.60%,$0.05B,$0.58B,9.27%,$181,$149,$32,$0,$20,$169,$12,$-7,$5,$-0,$5,$5,$5,$19,$12,$11,11,$0.43,$0.42,$33,$149,$37,$324,$94,$0,$330,$12,$436,$760,$92,$340,$22,$427,$519,$0,$179,$-7,$241,$760,$14,$21,$2,$23,$5,$-0,$-3,$-12,$-24,$15,$-7,$0,$0,$0,$0,$0,$0,$-7,$-23,$0,$-23,$1,$1,$0,$-0,$-21,$-14,$2,$0
21,2013-06-30,21.26,$21.91,0.97,$69.79,0.3,$2.25,9.45,$1.66,12.81,$0.33B,$0.10B,3.25,$0.35B,$0.23B,1.49,$0.75B,$0.14B,19.33%,$0.75B,$0.06B,7.52%,$0.75B,$0.06B,7.52%,$0.75B,$0.09B,11.54%,$0.75B,$0.03B,3.36%,$0.75B,$0.02B,2.68%,$0.02B,$0.23B,8.86%,$0.02B,$-0.10B,-17.98%,$0.02B,$0.77B,2.57%,$0.06B,$0.58B,9.54%,$191,$154,$37,$0,$22,$176,$15,$-7,$8,$2,$6,$6,$6,$22,$15,$11,11,$0.52,$0.51,$34,$149,$33,$332,$96,$0,$333,$12,$441,$773,$102,$348,$23,$437,$539,$0,$175,$-7,$234,$773,$9,$14,$2,$17,$-8,$-1,$-2,$-5,$-20,$7,$-5,$0,$0,$0,$0,$0,$0,$-5,$-15,$0,$-15,$0,$0,$0,$-0,$-15,$-13,$1,$0
22,2013-03-31,19.79,$21.43,0.92,$69.50,0.28,$1.80,11.03,$1.67,11.85,$0.32B,$0.09B,3.42,$0.36B,$0.23B,1.56,$0.74B,$0.14B,19.35%,$0.74B,$0.06B,7.44%,$0.74B,$0.06B,7.44%,$0.74B,$0.09B,11.50%,$0.74B,$0.02B,3.11%,$0.74B,$0.02B,2.71%,$0.02B,$0.23B,9.07%,$0.02B,$-0.11B,-16.77%,$0.02B,$0.77B,2.54%,$0.06B,$0.58B,9.28%,$176,$143,$33,$0,$23,$166,$10,$-8,$2,$-1,$4,$4,$4,$17,$10,$11,11,$0.35,$0.35,$30,$149,$30,$320,$97,$0,$336,$13,$446,$766,$94,$355,$23,$445,$538,$0,$169,$-7,$227,$766,$4,$7,$-2,$6,$1,$-1,$-2,$-1,$-16,$-6,$-3,$0,$0,$0,$0,$0,$0,$-3,$-8,$0,$-8,$-0,$-0,$0,$-0,$-8,$-17,$1,$0
23,2012-12-31,16.17,$21.02,0.77,$70.45,0.23,$1.70,9.54,$1.55,10.43,$0.33B,$0.11B,3.12,$0.36B,$0.22B,1.63,$0.75B,$0.14B,19.28%,$0.75B,$0.06B,7.63%,$0.75B,$0.06B,7.63%,$0.75B,$0.09B,11.65%,$0.75B,$0.03B,3.35%,$0.75B,$0.02B,2.41%,$0.02B,$0.22B,8.35%,$0.02B,$-0.12B,-14.09%,$0.02B,$0.78B,2.27%,$0.06B,$0.59B,9.56%,$194,$156,$38,$0,$21,$177,$17,$-8,$9,$4,$5,$5,$5,$25,$17,$11,11,$0.44,$0.43,$47,$148,$32,$330,$98,$0,$338,$14,$451,$780,$106,$363,$24,$452,$557,$0,$165,$-7,$223,$780,$18,$29,$3,$33,$-1,$6,$-8,$6,$-3,$48,$-16,$0,$0,$0,$0,$0,$0,$-16,$-26,$0,$-26,$-0,$-0,$0,$0,$-27,$5,$2,$0
24,2012-09-30,13.6,$20.67,0.66,$70.07,0.19,$-2.91,0.0,$-3.37,0.0,$0.34B,$0.10B,3.31,$0.38B,$0.22B,1.74,$0.74B,$0.14B,18.62%,$0.74B,$-0.01B,-0.67%,$0.74B,$-0.01B,-0.67%,$0.74B,$0.08B,10.53%,$0.74B,$-0.04B,-5.13%,$0.74B,$-0.04B,-4.72%,$-0.04B,$0.22B,-16.61%,$-0.04B,$-0.12B,25.83%,$-0.04B,$0.80B,-4.37%,$-0.01B,$0.60B,-0.84%,$184,$149,$36,$0,$21,$170,$14,$-8,$6,$1,$5,$5,$5,$22,$14,$11,11,$0.48,$0.48,$29,$162,$30,$341,$99,$0,$341,$14,$455,$795,$103,$381,$24,$473,$576,$0,$162,$-7,$219,$795,$13,$21,$-2,$19,$-7,$-8,$-3,$5,$-23,$11,$-12,$0,$0,$0,$0,$0,$0,$-12,$-11,$0,$-11,$-0,$-0,$0,$0,$-12,$-13,$2,$0
25,2012-06-30,9.81,$20.14,0.49,$70.16,0.14,$-6.55,0.0,$-3.76,0.0,$0.35B,$0.11B,3.18,$0.39B,$0.21B,1.83,$0.74B,$0.14B,18.33%,$0.74B,$-0.01B,-1.21%,$0.74B,$-0.01B,-1.21%,$0.74B,$0.07B,9.84%,$0.74B,$-0.04B,-5.80%,$0.74B,$-0.04B,-5.26%,$-0.04B,$0.21B,-17.71%,$-0.04B,$-0.13B,27.37%,$-0.04B,$0.81B,-4.77%,$-0.01B,$0.60B,-1.47%,$185,$149,$36,$0,$22,$171,$14,$-8,$6,$0,$6,$6,$6,$21,$14,$11,11,$0.52,$0.52,$37,$159,$32,$345,$99,$0,$344,$16,$459,$805,$109,$389,$25,$483,$591,$0,$157,$-7,$213,$805,$8,$14,$-3,$11,$-5,$-5,$-5,$3,$-15,$6,$-9,$0,$0,$0,$0,$0,$0,$-9,$-1,$0,$-1,$-0,$-0,$0,$0,$-1,$-4,$1,$0
26,2012-03-31,11.9,$19.63,0.61,$62.81,0.19,$-8.91,0.0,$-4.56,0.0,$0.33B,$0.10B,3.26,$0.39B,$0.21B,1.88,$0.67B,$0.12B,18.20%,$0.67B,$-0.03B,-3.91%,$0.67B,$-0.03B,-3.91%,$0.67B,$0.05B,7.97%,$0.67B,$-0.05B,-7.97%,$0.67B,$-0.05B,-7.22%,$-0.05B,$0.21B,-20.80%,$-0.05B,$-0.14B,32.32%,$-0.05B,$0.79B,-5.76%,$-0.03B,$0.60B,-4.18%,$184,$150,$34,$0,$23,$172,$12,$-8,$4,$1,$2,$2,$2,$19,$12,$11,11,$0.23,$0.23,$31,$157,$31,$330,$100,$0,$349,$16,$465,$794,$101,$390,$25,$486,$587,$0,$151,$-7,$207,$794,$2,$7,$-0,$6,$1,$-3,$-4,$3,$-14,$-5,$-5,$0,$0,$0,$0,$0,$0,$-5,$-0,$0,$-0,$-0,$-0,$0,$0,$-1,$-10,$1,$0
27,2011-12-31,12.75,$19.38,0.66,$54.74,0.23,$-10.48,0.0,$-4.52,0.0,$0.34B,$0.12B,2.93,$0.39B,$0.20B,1.91,$0.58B,$0.11B,18.07%,$0.58B,$-0.03B,-5.85%,$0.58B,$-0.03B,-5.85%,$0.58B,$0.04B,7.23%,$0.58B,$-0.05B,-9.12%,$0.58B,$-0.05B,-8.09%,$-0.05B,$0.20B,-19.32%,$-0.05B,$-0.15B,63.51%,$-0.05B,$0.81B,-6.48%,$-0.03B,$0.60B,-6.27%,$188,$156,$32,$0,$23,$234,$-45,$-8,$-54,$-5,$-48,$-48,$-48,$16,$-45,$11,11,$-4.61,$-4.60,$41,$155,$33,$341,$98,$0,$352,$17,$467,$808,$116,$390,$25,$487,$604,$0,$149,$-7,$204,$808,$-48,$76,$-4,$71,$-4,$-5,$-12,$-3,$-27,$-3,$-14,$0,$-326,$0,$0,$0,$0,$-340,$389,$0,$389,$0,$0,$-1,$-14,$374,$31,$2,$-1
28,2011-09-30,14.98,$24.38,0.61,$46.48,0.32,$-7.03,0.0,$0.47,31.87,$0.34B,$0.12B,2.79,$0.39B,$0.26B,1.52,$0.50B,$0.09B,18.59%,$0.50B,$0.02B,3.03%,$0.50B,$0.02B,3.03%,$0.50B,$0.03B,6.87%,$0.50B,$0.01B,1.01%,$0.50B,$0.01B,1.01%,$0.01B,$0.26B,1.96%,$0.01B,$-0.15B,-117.65%,$0.01B,$0.86B,0.82%,$0.02B,$0.65B,3.28%,$185,$151,$34,$0,$25,$175,$10,$-8,$1,$0,$1,$1,$1,$17,$10,$11,11,$0.09,$0.09,$19,$168,$35,$337,$99,$0,$407,$18,$524,$861,$121,$391,$11,$483,$604,$0,$198,$-3,$257,$861,$1,$14,$3,$17,$-7,$-18,$-13,$-7,$-48,$-29,$-11,$0,$-326,$0,$0,$0,$0,$-336,$389,$0,$389,$0,$0,$-1,$-14,$374,$9,$2,$-1
29,2011-06-30,20.57,$24.21,0.85,$38.46,0.53,$-4.04,0.0,$0.93,22.12,$0.35B,$0.13B,2.59,$0.39B,$0.26B,1.53,$0.41B,$0.08B,19.07%,$0.41B,$0.01B,2.69%,$0.41B,$0.01B,2.69%,$0.41B,$0.03B,6.36%,$0.41B,$0.01B,2.44%,$0.41B,$0.01B,2.44%,$0.01B,$0.26B,3.94%,$0.01B,$-0.16B,14.18%,$0.01B,$0.87B,2.08%,$0.01B,$0.65B,3.03%,$108,$87,$21,$0,$24,$111,$-3,$-2,$-4,$-1,$-3,$-3,$-3,$1,$-3,$11,11,$-0.28,$-0.28,$31,$162,$32,$346,$98,$0,$410,$18,$526,$873,$134,$391,$12,$484,$618,$0,$197,$-3,$255,$873,$-0,$7,$0,$7,$-13,$-12,$0,$1,$-26,$-23,$-5,$0,$-326,$0,$0,$0,$0,$-331,$390,$0,$390,$0,$0,$-1,$-14,$375,$21,$1,$-1
30,2011-03-31,23.9,$24.42,0.98,$38.10,0.63,$-2.64,0.0,$1.74,13.74,$0.17B,$0.06B,2.83,$0.02B,$0.26B,0.08,$0.40B,$0.08B,19.55%,$0.40B,$0.02B,5.69%,$0.40B,$0.02B,5.69%,$0.40B,$0.04B,9.16%,$0.40B,$0.02B,5.45%,$0.40B,$0.02B,4.70%,$0.02B,$0.26B,7.56%,$0.02B,$0.16B,13.10%,$0.02B,$0.36B,5.43%,$0.02B,$0.28B,8.56%,$100,$81,$18,$0,$14,$95,$4,$-0,$4,$1,$3,$3,$3,$8,$4,$11,11,$0.28,$0.27,$1,$81,$24,$174,$59,$0,$101,$24,$184,$358,$61,$22,$9,$39,$100,$0,$200,$-3,$257,$358,$3,$3,$-0,$3,$-10,$-9,$-5,$-3,$-31,$-25,$-1,$0,$-0,$0,$0,$0,$0,$-2,$18,$0,$18,$0,$0,$-1,$0,$18,$-9,$1,$-1
31,2010-12-31,21.63,$24.19,0.89,$38.66,0.56,$-2.28,0.0,$1.87,11.57,$0.16B,$0.07B,2.26,$0.00B,$0.25B,0.01,$0.41B,$0.08B,19.61%,$0.41B,$0.03B,6.37%,$0.41B,$0.03B,6.37%,$0.41B,$0.04B,9.56%,$0.41B,$0.02B,5.88%,$0.41B,$0.02B,4.90%,$0.02B,$0.25B,8.11%,$0.02B,$0.13B,14.26%,$0.02B,$0.35B,5.75%,$0.03B,$0.26B,9.78%,$102,$83,$19,$0,$14,$97,$4,$-0,$4,$0,$4,$4,$4,$8,$4,$10,11,$0.40,$0.39,$10,$73,$22,$161,$59,$0,$122,$2,$184,$345,$71,$3,$9,$20,$91,$0,$197,$-3,$254,$345,$20,$14,$2,$15,$1,$-5,$0,$-2,$-9,$26,$-7,$0,$0,$0,$0,$0,$0,$-7,$-25,$0,$-25,$0,$0,$-3,$0,$-28,$-8,$3,$-3
32,2010-09-30,21.46,$23.78,0.9,$39.11,0.55,$-1.91,0.0,$1.18,18.19,$0.17B,$0.06B,2.63,$0.02B,$0.25B,0.09,$0.41B,$0.08B,19.42%,$0.41B,$0.02B,3.88%,$0.41B,$0.02B,3.88%,$0.41B,$0.04B,9.95%,$0.41B,$0.01B,3.40%,$0.41B,$0.01B,3.16%,$0.01B,$0.25B,5.38%,$0.01B,$0.15B,9.25%,$0.01B,$0.35B,3.71%,$0.02B,$0.27B,6.02%,$99,$80,$20,$0,$14,$93,$6,$-1,$6,$-0,$6,$6,$6,$9,$6,$10,11,$0.55,$0.55,$2,$76,$23,$165,$60,$0,$100,$25,$185,$350,$63,$21,$8,$38,$101,$0,$194,$-3,$250,$350,$16,$10,$2,$12,$-6,$-8,$-6,$-3,$-30,$-3,$-5,$0,$0,$0,$0,$0,$0,$-5,$-7,$0,$-7,$0,$0,$-2,$0,$-9,$-17,$2,$-2
33,2010-06-30,16.72,$23.23,0.72,$40.19,0.42,$-2.56,0.0,$1.22,13.7,$0.16B,$0.06B,2.66,$0.02B,$0.24B,0.1,$0.42B,$0.08B,19.62%,$0.42B,$0.02B,4.73%,$0.42B,$0.02B,4.73%,$0.42B,$0.05B,10.87%,$0.42B,$0.02B,4.02%,$0.42B,$0.01B,3.07%,$0.01B,$0.24B,5.46%,$0.01B,$0.14B,9.70%,$0.01B,$0.35B,3.65%,$0.02B,$0.27B,7.47%,$103,$81,$22,$0,$13,$94,$9,$-1,$8,$3,$6,$6,$6,$12,$9,$10,11,$0.54,$0.53,$1,$74,$21,$160,$60,$0,$100,$26,$187,$347,$60,$24,$10,$43,$103,$0,$189,$-3,$244,$347,$10,$7,$2,$8,$-6,$-6,$-6,$-1,$-27,$-9,$-4,$0,$0,$0,$0,$0,$0,$-4,$-3,$0,$-3,$0,$0,$-2,$0,$-4,$-18,$1,$-2
34,2010-03-31,20.39,$22.70,0.9,$40.36,0.51,$-3.15,0.0,$1.13,18.04,$0.16B,$0.06B,2.56,$0.03B,$0.24B,0.12,$0.42B,$0.08B,19.10%,$0.42B,$0.02B,4.48%,$0.42B,$0.02B,4.48%,$0.42B,$0.04B,10.38%,$0.42B,$0.02B,3.77%,$0.42B,$0.01B,2.83%,$0.01B,$0.24B,5.12%,$0.01B,$0.14B,9.41%,$0.01B,$0.35B,3.30%,$0.02B,$0.27B,7.04%,$104,$85,$19,$0,$12,$97,$7,$-1,$6,$2,$4,$4,$4,$10,$7,$10,11,$0.40,$0.40,$1,$72,$20,$161,$60,$0,$100,$27,$188,$349,$63,$29,$10,$48,$111,$0,$184,$-3,$238,$349,$4,$3,$0,$4,$-9,$-4,$-5,$-0,$-29,$-21,$-1,$0,$0,$0,$0,$0,$0,$-1,$6,$0,$6,$-0,$-0,$-1,$0,$5,$-17,$0,$-1
35,2009-12-31,17.99,$22.38,0.8,$41.04,0.44,$-3.41,0.0,$0.98,18.36,$0.16B,$0.08B,2.1,$0.02B,$0.23B,0.1,$0.43B,$0.08B,18.33%,$0.43B,$0.02B,3.71%,$0.43B,$0.02B,3.71%,$0.43B,$0.04B,9.74%,$0.43B,$0.01B,3.25%,$0.43B,$0.01B,2.55%,$0.01B,$0.23B,4.75%,$0.01B,$0.13B,9.05%,$0.01B,$0.35B,2.96%,$0.02B,$0.26B,5.86%,$106,$86,$19,$0,$12,$111,$-6,$-1,$-6,$-3,$-3,$-3,$-3,$10,$-6,$10,11,$-0.31,$-0.31,$19,$68,$20,$164,$61,$0,$100,$28,$190,$354,$78,$23,$11,$42,$120,$0,$181,$-4,$234,$354,$10,$26,$3,$30,$6,$5,$4,$-4,$-8,$31,$-8,$0,$0,$0,$0,$0,$0,$-8,$-2,$0,$-2,$-1,$-1,$-3,$-1,$-8,$15,$2,$-3
36,2009-09-30,18.05,$22.63,0.8,$40.51,0.45,$-4.14,0.0,$0.88,20.51,$0.17B,$0.07B,2.39,$0.04B,$0.24B,0.18,$0.43B,$0.08B,18.31%,$0.43B,$0.01B,3.05%,$0.43B,$0.01B,3.05%,$0.43B,$0.04B,9.15%,$0.43B,$0.01B,2.58%,$0.43B,$0.01B,2.35%,$0.01B,$0.24B,4.37%,$0.01B,$0.12B,8.64%,$0.01B,$0.38B,2.67%,$0.01B,$0.28B,4.78%,$110,$87,$23,$0,$13,$100,$10,$-1,$9,$3,$6,$6,$6,$14,$10,$10,10,$0.59,$0.59,$1,$90,$6,$171,$61,$0,$113,$29,$204,$375,$71,$42,$14,$67,$138,$0,$185,$-4,$236,$375,$13,$10,$2,$13,$-7,$-5,$-3,$-2,$-35,$-9,$-6,$0,$0,$0,$0,$0,$0,$-6,$17,$0,$17,$-1,$-1,$-2,$-1,$12,$-3,$2,$-2
37,2009-06-30,17.77,$22.04,0.81,$39.47,0.45,$-3.62,0.0,$0.88,20.2,$0.17B,$0.08B,2.26,$0.05B,$0.23B,0.2,$0.42B,$0.08B,18.23%,$0.42B,$0.01B,2.88%,$0.42B,$0.01B,2.88%,$0.42B,$0.04B,8.87%,$0.42B,$0.01B,2.64%,$0.42B,$0.01B,2.40%,$0.01B,$0.23B,4.38%,$0.01B,$0.12B,8.58%,$0.01B,$0.38B,2.72%,$0.01B,$0.28B,4.52%,$104,$84,$20,$0,$12,$96,$8,$-1,$7,$2,$5,$5,$5,$10,$8,$10,10,$0.44,$0.44,$1,$89,$6,$171,$62,$0,$113,$31,$205,$376,$76,$46,$14,$71,$146,$0,$179,$-4,$230,$376,$7,$7,$0,$7,$-7,$-1,$-3,$-5,$-29,$-15,$-4,$0,$0,$0,$0,$0,$0,$-4,$21,$0,$21,$-1,$-1,$-2,$-1,$17,$-2,$1,$-2
38,2009-03-31,13.63,$21.62,0.63,$39.19,0.35,$-4.03,0.0,$0.99,13.77,$0.18B,$0.08B,2.27,$0.05B,$0.23B,0.24,$0.42B,$0.08B,18.75%,$0.42B,$0.01B,3.37%,$0.42B,$0.01B,3.37%,$0.42B,$0.04B,9.38%,$0.42B,$0.01B,3.13%,$0.42B,$0.01B,2.64%,$0.01B,$0.23B,4.84%,$0.01B,$0.11B,9.38%,$0.01B,$0.38B,3.08%,$0.01B,$0.28B,5.41%,$111,$94,$17,$0,$13,$107,$4,$-1,$4,$1,$3,$3,$3,$8,$4,$10,11,$0.25,$0.25,$1,$88,$5,$176,$61,$0,$113,$30,$205,$381,$78,$53,$14,$77,$155,$0,$176,$-4,$226,$381,$3,$4,$-0,$3,$-14,$-4,$-0,$-0,$-29,$-23,$-2,$0,$0,$0,$0,$0,$0,$-2,$25,$0,$25,$-1,$-1,$-1,$0,$23,$-2,$1,$-1
39,2008-12-31,15.51,$21.35,0.73,$37.86,0.41,$-3.29,0.0,$1.23,12.61,$0.16B,$0.09B,1.78,$0.03B,$0.22B,0.13,$0.40B,$0.08B,20.30%,$0.40B,$0.02B,4.70%,$0.40B,$0.02B,4.70%,$0.40B,$0.04B,10.40%,$0.40B,$0.02B,4.21%,$0.40B,$0.01B,3.22%,$0.01B,$0.22B,5.75%,$0.01B,$0.11B,11.09%,$0.01B,$0.37B,3.77%,$0.02B,$0.25B,7.61%,$101,$83,$18,$0,$15,$111,$-9,$-0,$-9,$-5,$-4,$-4,$-4,$7,$-9,$11,11,$-0.40,$-0.40,$4,$73,$16,$159,$62,$0,$114,$31,$207,$366,$90,$28,$14,$52,$142,$0,$174,$-4,$224,$366,$13,$24,$-1,$23,$-8,$-7,$-0,$-1,$-9,$28,$-12,$0,$-39,$0,$0,$0,$0,$-52,$-2,$0,$-2,$-1,$-1,$-2,$0,$-4,$-28,$3,$-2
40,2008-09-30,21.95,$22.01,1.0,$37.28,0.59,$-1.76,0.0,$2.14,10.26,$0.17B,$0.08B,2.26,$0.02B,$0.23B,0.09,$0.40B,$0.08B,20.45%,$0.40B,$0.04B,8.84%,$0.40B,$0.04B,8.84%,$0.40B,$0.05B,11.36%,$0.40B,$0.03B,8.33%,$0.40B,$0.02B,5.56%,$0.02B,$0.23B,9.84%,$0.02B,$0.13B,18.88%,$0.02B,$0.35B,6.55%,$0.04B,$0.25B,14.23%,$101,$80,$21,$0,$11,$92,$9,$-0,$9,$3,$6,$6,$6,$12,$9,$11,11,$0.59,$0.59,$20,$80,$7,$170,$59,$0,$107,$11,$176,$346,$75,$21,$10,$38,$113,$0,$179,$-2,$233,$346,$17,$7,$3,$11,$-11,$-12,$-4,$-1,$-29,$0,$-10,$0,$0,$0,$0,$0,$0,$-10,$-2,$0,$-2,$0,$0,$-1,$0,$-2,$-11,$2,$-1
41,2008-06-30,20.99,$21.45,0.98,$36.81,0.57,$-1.60,0.0,$2.10,9.99,$0.16B,$0.07B,2.26,$0.02B,$0.23B,0.1,$0.39B,$0.08B,20.77%,$0.39B,$0.04B,8.97%,$0.39B,$0.04B,8.97%,$0.39B,$0.04B,11.28%,$0.39B,$0.03B,8.21%,$0.39B,$0.02B,5.64%,$0.02B,$0.23B,10.14%,$0.02B,$0.12B,20.00%,$0.02B,$0.34B,6.71%,$0.04B,$0.25B,14.45%,$103,$81,$22,$0,$12,$93,$10,$-0,$9,$3,$6,$6,$6,$12,$10,$11,11,$0.55,$0.55,$7,$78,$6,$160,$58,$0,$107,$11,$176,$336,$71,$22,$10,$38,$109,$0,$173,$-2,$227,$336,$11,$5,$2,$7,$-17,$-10,$-6,$-0,$-37,$-18,$-6,$0,$0,$0,$0,$0,$0,$-6,$-1,$0,$-1,$0,$0,$0,$0,$-1,$-25,$1,$0
42,2008-03-31,25.29,$20.81,1.22,$35.88,0.7,$-0.58,0.0,$1.99,12.71,$0.16B,$0.07B,2.17,$0.02B,$0.22B,0.1,$0.38B,$0.08B,20.90%,$0.38B,$0.03B,8.73%,$0.38B,$0.03B,8.73%,$0.38B,$0.04B,11.11%,$0.38B,$0.03B,7.94%,$0.38B,$0.02B,5.56%,$0.02B,$0.22B,10.00%,$0.02B,$0.11B,20.39%,$0.02B,$0.33B,6.54%,$0.03B,$0.24B,13.78%,$99,$78,$21,$0,$12,$90,$9,$-0,$8,$3,$5,$5,$5,$11,$9,$11,11,$0.50,$0.49,$13,$74,$5,$155,$57,$0,$107,$12,$176,$330,$71,$23,$11,$39,$111,$0,$167,$-2,$220,$330,$5,$2,$1,$3,$-10,$-6,$-4,$0,$-23,$-15,$-3,$0,$0,$0,$0,$0,$0,$-3,$-1,$0,$-1,$0,$0,$0,$0,$-1,$-18,$1,$0
43,2007-12-31,34.74,$20.29,1.71,$35.08,0.99,$-0.42,0.0,$1.87,18.58,$0.16B,$0.08B,1.98,$0.02B,$0.21B,0.11,$0.37B,$0.08B,20.71%,$0.37B,$0.03B,8.17%,$0.37B,$0.03B,8.17%,$0.37B,$0.04B,10.90%,$0.37B,$0.03B,7.63%,$0.37B,$0.02B,5.45%,$0.02B,$0.21B,9.85%,$0.02B,$0.11B,20.78%,$0.02B,$0.33B,6.33%,$0.03B,$0.24B,12.62%,$93,$76,$17,$0,$10,$86,$7,$-0,$7,$1,$5,$5,$5,$10,$7,$10,10,$0.52,$0.52,$32,$68,$5,$157,$56,$0,$107,$12,$175,$332,$80,$24,$9,$39,$118,$0,$162,$-2,$214,$332,$20,$10,$1,$11,$1,$1,$1,$-4,$13,$43,$-11,$0,$0,$0,$0,$0,$0,$-11,$-5,$0,$-5,$4,$4,$0,$1,$-0,$31,$2,$0
44,2007-09-30,29.53,$19.76,1.49,$34.67,0.85,$-1.89,0.0,$1.77,16.68,$0.14B,$0.06B,2.38,$0.03B,$0.21B,0.16,$0.36B,$0.08B,20.72%,$0.36B,$0.03B,7.46%,$0.36B,$0.03B,7.46%,$0.36B,$0.04B,9.94%,$0.36B,$0.02B,6.63%,$0.36B,$0.02B,5.25%,$0.02B,$0.21B,9.68%,$0.02B,$0.10B,21.23%,$0.02B,$0.31B,6.18%,$0.03B,$0.24B,11.63%,$95,$74,$21,$0,$12,$86,$9,$-1,$8,$2,$6,$6,$6,$11,$9,$10,11,$0.56,$0.55,$0,$75,$6,$138,$55,$0,$107,$13,$175,$313,$58,$32,$10,$48,$106,$0,$157,$-2,$207,$313,$14,$8,$3,$11,$-5,$-11,$-12,$-0,$-24,$1,$-8,$0,$0,$0,$0,$0,$0,$-8,$4,$0,$4,$3,$3,$0,$1,$7,$0,$2,$0
45,2007-06-30,23.52,$19.12,1.23,$33.63,0.7,$-0.78,0.0,$1.62,14.52,$0.14B,$0.06B,2.42,$0.04B,$0.20B,0.2,$0.35B,$0.07B,20.34%,$0.35B,$0.03B,7.16%,$0.35B,$0.03B,7.16%,$0.35B,$0.03B,9.74%,$0.35B,$0.02B,6.30%,$0.35B,$0.02B,4.87%,$0.02B,$0.20B,8.96%,$0.02B,$0.09B,21.25%,$0.02B,$0.31B,5.59%,$0.03B,$0.24B,10.93%,$91,$71,$20,$0,$12,$83,$8,$-1,$7,$2,$5,$5,$5,$10,$8,$10,10,$0.44,$0.44,$1,$75,$5,$136,$54,$0,$107,$13,$174,$310,$56,$40,$10,$55,$111,$0,$151,$-2,$199,$310,$8,$5,$1,$6,$-3,$-10,$-11,$1,$-23,$-8,$-5,$0,$0,$0,$0,$0,$0,$-5,$11,$0,$11,$1,$1,$0,$0,$13,$0,$1,$0
46,2007-03-31,23.52,$18.79,1.25,$32.45,0.72,$-0.21,0.0,$1.49,15.79,$0.14B,$0.06B,2.33,$0.04B,$0.19B,0.23,$0.34B,$0.07B,19.70%,$0.34B,$0.02B,6.87%,$0.34B,$0.02B,6.87%,$0.34B,$0.03B,9.55%,$0.34B,$0.02B,5.97%,$0.34B,$0.02B,4.48%,$0.02B,$0.19B,8.14%,$0.02B,$0.09B,20.13%,$0.02B,$0.31B,5.04%,$0.02B,$0.24B,10.28%,$88,$70,$18,$0,$12,$82,$6,$-1,$6,$2,$4,$4,$4,$9,$6,$10,10,$0.37,$0.37,$0,$71,$6,$136,$53,$0,$107,$14,$173,$309,$58,$44,$10,$59,$117,$0,$146,$-2,$192,$309,$4,$3,$1,$4,$-7,$-6,$-7,$0,$-21,$-13,$-2,$0,$0,$0,$0,$0,$0,$-2,$15,$0,$15,$0,$0,$0,$0,$16,$0,$0,$0
47,2006-12-31,20.91,$18.19,1.15,$31.04,0.67,$0.42,49.41,$1.39,15.05,$0.12B,$0.07B,1.82,$0.03B,$0.19B,0.16,$0.32B,$0.06B,19.75%,$0.32B,$0.02B,6.90%,$0.32B,$0.02B,6.90%,$0.32B,$0.03B,9.40%,$0.32B,$0.02B,5.64%,$0.32B,$0.01B,4.39%,$0.01B,$0.19B,7.81%,$0.01B,$0.08B,19.79%,$0.01B,$0.30B,4.85%,$0.02B,$0.22B,10.13%,$88,$72,$16,$0,$12,$84,$4,$-1,$3,$-1,$4,$4,$4,$6,$4,$10,10,$0.42,$0.41,$0,$65,$6,$123,$53,$0,$107,$15,$174,$297,$67,$29,$7,$43,$110,$0,$143,$-2,$187,$297,$14,$10,$1,$11,$-4,$-9,$14,$-0,$-0,$24,$-9,$0,$-61,$0,$0,$0,$0,$-69,$24,$0,$24,$2,$2,$0,$0,$26,$-19,$2,$0
