,Date,Stock Price,Book Value per Share,Price to Book Ratio,TTM Sales per Share,Price to Sales Ratio,TTM FCF per Share,Price to FCF Ratio,TTM Net EPS,PE Ratio,Current Assets,Current Liabilities,Current Ratio,Long Term Debt,Shareholder's Equity_x,Debt to Equity Ratio,TTM Revenue_x,TTM Gross Profit,Gross Margin,TTM Revenue_y,TTM Operating Income,Operating Margin,TTM Revenue_x,TTM EBIT,EBIT Margin,TTM Revenue_y,TTM EBITDA,EBITDA Margin,TTM Revenue_x,TTM Pre-Tax Income,Pre-Tax Margin,TTM Revenue_y,TTM Net Income_x,Net Margin,TTM Net Income_y,Shareholder's Equity_y,Return on Equity,TTM Net Income_x,Tangible Equity,Return on Tangible Equity,TTM Net Income_y,Total Assets,Return on Assets,TTM Net Income,LT Investments & Debt,Return on Investment,revenue,cost-goods-sold,gross-profit,research-development-expenses,selling-general-administrative-expenses,operating-expenses,operating-income,total-non-operating-income-expense,pre-tax-income,total-provision-income-taxes,income-after-taxes,income-from-continuous-operations,net-income,ebitda,ebit,basic-shares-outstanding,shares-outstanding,eps-basic-net-earnings-per-share,eps-earnings-per-share-diluted,cash-on-hand,inventory,other-current-assets,total-current-assets,net-property-plant-equipment,long-term-investments,goodwill-intangible-assets-total,other-long-term-assets,total-long-term-assets,total-assets,total-current-liabilities,long-term-debt,other-non-current-liabilities,total-long-term-liabilities,total-liabilities,common-stock-net,retained-earnings-accumulated-deficit,comprehensive-income,total-share-holder-equity,total-liabilities-share-holders-equity,net-income-loss,total-depreciation-amortization-cash-flow,other-non-cash-items,total-non-cash-items,change-in-accounts-receivable,change-in-inventories,change-in-accounts-payable,change-in-assets-liabilities,total-change-in-assets-liabilities,cash-flow-from-operating-activities,net-change-in-property-plant-equipment,net-change-in-intangible-assets,net-acquisitions-divestitures,net-change-in-short-term-investments,net-change-in-long-term-investments,net-change-in-investments-total,investing-activities-other,cash-flow-from-investing-activities,net-long-term-debt,net-current-debt,debt-issuance-retirement-net-total,net-common-equity-issued-repurchased,net-total-equity-issued-repurchased,total-common-preferred-stock-dividends-paid,financial-activities-other,cash-flow-from-financial-activities,net-cash-flow,stock-based-compensation,common-stock-dividends-paid
0,2018-09-30,17.85,$16.49,1.08,$6.40,2.79,$3.29,5.43,$1.45,12.31,$5.53B,$4.38B,1.26,$1.16B,$0.60B,1.92,$0.24B,$0.17B,70.29%,$0.24B,$0.08B,33.89%,$0.24B,0,0.00%,$0.24B,0,0.00%,$0.24B,$0.08B,33.89%,$0.24B,$0.05B,22.59%,$0.05B,$0.60B,8.90%,$0.05B,$0.55B,9.80%,$0.05B,$6.29B,0.85%,$0.08B,$1.76B,4.53%,$57,$20,$37,$0,$22,$42,$15,$0,$15,$4,$12,$12,$12,$0,$0,$37,37,$0.32,$0.32,$133,$0,$0,$5525,$25,$531,$56,$158,$769,$6294,$4382,$1157,$152,$1308,$5691,$1,$558,$-6,$604,$6294,$39,$3,$-1,$2,$2,$0,$0,$-0,$2,$43,$-2,$0,$0,$0,$-119,$-119,$185,$64,$-127,$0,$-127,$-16,$-16,$-16,$16,$-144,$-37,$1,$-16
1,2018-06-30,19.34,$16.37,1.18,$6.42,3.01,$2.95,6.57,$1.49,12.98,$5.54B,$4.36B,1.27,$1.16B,$0.62B,1.88,$0.24B,$0.17B,72.50%,$0.24B,$0.09B,36.25%,$0.24B,0,0.00%,$0.24B,0,0.00%,$0.24B,$0.09B,36.25%,$0.24B,$0.06B,22.92%,$0.06B,$0.62B,9.13%,$0.06B,$0.56B,10.07%,$0.06B,$6.25B,0.87%,$0.09B,$1.77B,4.76%,$56,$18,$38,$0,$22,$40,$16,$0,$16,$4,$12,$12,$12,$0,$0,$37,38,$0.33,$0.33,$151,$0,$0,$5535,$25,$480,$56,$157,$718,$6253,$4359,$1157,$121,$1278,$5638,$1,$552,$-5,$616,$6253,$27,$2,$-1,$1,$1,$0,$0,$-1,$-1,$28,$-2,$0,$0,$0,$-66,$-66,$195,$127,$-126,$0,$-126,$1,$1,$-10,$-37,$-173,$-18,$1,$-10
2,2018-03-31,18.12,$16.22,1.12,$6.36,2.85,$2.55,7.1,$1.48,12.24,$5.68B,$4.43B,1.28,$1.12B,$0.61B,1.85,$0.24B,$0.18B,73.95%,$0.24B,$0.09B,37.82%,$0.24B,0,0.00%,$0.24B,0,0.00%,$0.24B,$0.09B,37.82%,$0.24B,$0.06B,23.11%,$0.06B,$0.61B,9.27%,$0.06B,$0.55B,10.23%,$0.06B,$6.33B,0.87%,$0.09B,$1.73B,4.97%,$58,$17,$41,$0,$22,$39,$19,$0,$19,$5,$15,$15,$15,$0,$0,$37,37,$0.39,$0.39,$189,$0,$0,$5675,$25,$413,$56,$157,$651,$6326,$4430,$1124,$163,$1288,$5718,$1,$545,$-4,$608,$6326,$15,$2,$-3,$-0,$-0,$0,$0,$-2,$-2,$13,$-2,$0,$0,$0,$2,$2,$95,$95,$-160,$0,$-160,$0,$0,$-5,$76,$-88,$19,$0,$-5
3,2017-12-31,20.48,$16.00,1.28,$6.22,3.29,$2.62,7.83,$1.39,14.73,$5.75B,$4.40B,1.31,$1.28B,$0.60B,2.14,$0.23B,$0.17B,74.68%,$0.23B,$0.09B,38.20%,$0.23B,0,0.00%,$0.23B,0,0.00%,$0.23B,$0.09B,38.20%,$0.23B,$0.05B,21.89%,$0.05B,$0.60B,8.73%,$0.05B,$0.54B,9.64%,$0.05B,$6.40B,0.81%,$0.09B,$1.88B,5.15%,$68,$16,$52,$0,$22,$37,$31,$0,$31,$15,$15,$15,$15,$0,$0,$37,38,$0.40,$0.41,$172,$0,$0,$5753,$24,$415,$56,$155,$650,$6403,$4403,$1284,$118,$1401,$5805,$1,$535,$-4,$599,$6403,$52,$4,$1,$4,$-1,$0,$0,$-12,$-13,$43,$3,$0,$0,$4,$-354,$-349,$14,$-332,$382,$0,$382,$1,$1,$-21,$-17,$345,$56,$2,$-21
4,2017-09-30,20.87,$15.66,1.33,$5.86,3.56,$3.85,5.43,$1.00,20.87,$6.13B,$4.37B,1.4,$1.33B,$0.59B,2.27,$0.22B,$0.16B,73.97%,$0.22B,$0.07B,31.05%,$0.22B,0,0.00%,$0.22B,0,0.00%,$0.22B,$0.07B,31.05%,$0.22B,$0.04B,16.89%,$0.04B,$0.59B,6.42%,$0.04B,$0.53B,7.11%,$0.04B,$6.44B,0.60%,$0.07B,$1.92B,4.18%,$58,$15,$43,$0,$22,$37,$21,$0,$21,$7,$13,$13,$13,$0,$0,$37,37,$0.36,$0.35,$176,$0,$0,$6132,$23,$93,$56,$140,$312,$6444,$4371,$1331,$156,$1487,$5858,$1,$524,$-5,$586,$6444,$36,$3,$-2,$1,$0,$0,$0,$-2,$-2,$36,$-7,$0,$0,$5,$-32,$-28,$-342,$-377,$429,$0,$429,$1,$1,$-16,$-13,$401,$60,$1,$-16
5,2017-06-30,18.9,$15.41,1.23,$5.70,3.31,$5.26,3.6,$0.93,20.32,$5.97B,$4.42B,1.35,$1.13B,$0.58B,1.95,$0.21B,$0.16B,73.58%,$0.21B,$0.07B,30.66%,$0.21B,0,0.00%,$0.21B,0,0.00%,$0.21B,$0.07B,30.66%,$0.21B,$0.04B,16.51%,$0.04B,$0.58B,6.16%,$0.04B,$0.53B,6.82%,$0.04B,$6.26B,0.58%,$0.07B,$1.71B,4.27%,$54,$14,$40,$0,$21,$35,$19,$0,$19,$7,$12,$12,$12,$0,$0,$38,38,$0.32,$0.32,$113,$0,$0,$5968,$22,$64,$56,$149,$291,$6258,$4418,$1129,$130,$1259,$5678,$1,$516,$-6,$580,$6258,$23,$2,$2,$4,$0,$0,$0,$-11,$-11,$16,$-6,$0,$0,$4,$-6,$-2,$-241,$-248,$227,$0,$227,$1,$1,$-11,$11,$229,$-3,$1,$-11
6,2017-03-31,19.43,$15.26,1.27,$5.64,3.45,$6.95,2.8,$0.91,21.35,$5.83B,$4.51B,1.29,$0.83B,$0.57B,1.46,$0.21B,$0.15B,73.68%,$0.21B,$0.07B,31.10%,$0.21B,0,0.00%,$0.21B,0,0.00%,$0.21B,$0.07B,31.10%,$0.21B,$0.03B,16.27%,$0.03B,$0.57B,6.06%,$0.03B,$0.52B,6.73%,$0.03B,$6.10B,0.58%,$0.07B,$1.41B,4.32%,$53,$14,$39,$0,$21,$35,$18,$0,$18,$7,$11,$11,$11,$0,$0,$37,38,$0.30,$0.30,$95,$0,$0,$5826,$22,$54,$56,$138,$269,$6095,$4508,$834,$179,$1014,$5522,$1,$509,$-6,$573,$6095,$11,$1,$2,$2,$0,$-0,$0,$4,$4,$17,$-4,$0,$0,$-0,$3,$3,$-116,$-117,$-67,$0,$-67,$1,$1,$-5,$146,$74,$-26,$0,$-5
7,2016-12-31,19.11,$15.11,1.26,$7.39,2.59,$8.88,2.15,$1.97,9.7,$5.74B,$4.40B,1.31,$0.90B,$0.57B,1.59,$0.27B,$0.22B,80.51%,$0.27B,$0.13B,49.26%,$0.27B,0,0.00%,$0.27B,0,0.00%,$0.27B,$0.13B,49.26%,$0.27B,$0.07B,26.84%,$0.07B,$0.57B,13.21%,$0.07B,$0.51B,14.69%,$0.07B,$6.01B,1.28%,$0.13B,$1.47B,8.24%,$54,$14,$40,$0,$30,$44,$10,$0,$10,$9,$1,$1,$1,$0,$0,$37,37,$0.01,$0.02,$120,$0,$0,$5736,$18,$57,$56,$138,$269,$6005,$4395,$902,$142,$1044,$5440,$1,$504,$-6,$566,$6005,$73,$2,$-52,$-49,$0,$0,$0,$-3,$-3,$20,$70,$0,$0,$3,$11,$14,$-938,$-854,$-336,$0,$-336,$4,$4,$-21,$1235,$883,$49,$3,$-21
8,2016-09-30,15.8,$14.79,1.07,$7.22,2.19,$7.76,2.03,$2.26,6.99,$5.56B,$4.16B,1.34,$0.95B,$0.56B,1.72,$0.27B,$0.21B,80.75%,$0.27B,$0.14B,54.34%,$0.27B,0,0.00%,$0.27B,0,0.00%,$0.27B,$0.14B,54.34%,$0.27B,$0.08B,31.32%,$0.08B,$0.56B,15.52%,$0.08B,$0.50B,17.33%,$0.08B,$5.82B,1.51%,$0.14B,$1.51B,8.52%,$51,$14,$37,$0,$19,$33,$18,$0,$18,$7,$11,$11,$11,$0,$0,$37,37,$0.29,$0.29,$88,$0,$0,$5558,$16,$60,$56,$133,$264,$5822,$4159,$953,$154,$1107,$5266,$1,$508,$-8,$555,$5822,$72,$2,$-67,$-66,$0,$0,$0,$0,$0,$6,$74,$0,$0,$3,$9,$12,$-792,$-706,$-285,$0,$-285,$3,$3,$-15,$1013,$717,$17,$2,$-15
9,2016-06-30,15.91,$14.60,1.09,$7.06,2.25,$6.79,2.34,$2.25,7.07,$5.29B,$3.78B,1.4,$1.09B,$0.55B,1.98,$0.26B,$0.21B,81.47%,$0.26B,$0.14B,55.21%,$0.26B,0,0.00%,$0.26B,0,0.00%,$0.26B,$0.14B,55.21%,$0.26B,$0.08B,31.66%,$0.08B,$0.55B,15.86%,$0.08B,$0.49B,17.79%,$0.08B,$5.56B,1.57%,$0.14B,$1.64B,8.31%,$51,$13,$38,$0,$19,$31,$19,$0,$19,$8,$11,$11,$11,$0,$0,$37,37,$0.30,$0.30,$97,$0,$0,$5287,$14,$62,$56,$137,$269,$5556,$3780,$1088,$139,$1226,$5007,$1,$503,$-9,$550,$5556,$61,$1,$-66,$-65,$0,$-0,$0,$1,$1,$-3,$76,$0,$0,$3,$6,$9,$-511,$-426,$-150,$0,$-150,$3,$3,$-10,$611,$455,$26,$2,$-10
10,2016-03-31,16.35,$14.44,1.13,$6.95,2.35,$5.39,3.04,$2.27,7.2,$5.24B,$3.44B,1.52,$1.35B,$0.54B,2.5,$0.25B,$0.21B,81.89%,$0.25B,$0.14B,56.69%,$0.25B,0,0.00%,$0.25B,0,0.00%,$0.25B,$0.14B,56.69%,$0.25B,$0.08B,32.28%,$0.08B,$0.54B,16.43%,$0.08B,$0.48B,18.51%,$0.08B,$5.52B,1.64%,$0.14B,$1.89B,8.44%,$116,$12,$104,$0,$18,$30,$87,$0,$87,$36,$50,$50,$50,$0,$0,$37,37,$1.37,$1.36,$203,$0,$0,$5241,$14,$73,$56,$133,$276,$5517,$3440,$1348,$190,$1538,$4977,$1,$497,$-9,$540,$5517,$50,$1,$-67,$-66,$0,$-0,$0,$24,$24,$7,$76,$0,$0,$-0,$-5,$-5,$-360,$-288,$110,$0,$110,$0,$0,$-5,$305,$410,$129,$1,$-5
11,2015-12-31,16.09,$13.22,1.22,$5.06,3.18,$3.39,4.75,$1.24,12.97,$4.75B,$3.18B,1.49,$1.24B,$0.49B,2.51,$0.18B,$0.14B,74.46%,$0.18B,$0.08B,41.85%,$0.18B,0,0.00%,$0.18B,0,0.00%,$0.18B,$0.08B,41.85%,$0.18B,$0.04B,23.91%,$0.04B,$0.49B,9.16%,$0.04B,$0.44B,10.37%,$0.04B,$5.03B,0.92%,$0.08B,$1.73B,4.72%,$47,$11,$35,$0,$16,$27,$20,$0,$20,$8,$11,$11,$11,$0,$0,$36,36,$0.31,$0.30,$74,$0,$0,$4753,$15,$68,$56,$141,$280,$5033,$3184,$1237,$117,$1355,$4539,$1,$452,$-9,$494,$5033,$45,$3,$7,$10,$0,$0,$0,$-4,$-4,$50,$-1,$0,$0,$-2,$26,$24,$-576,$-554,$-7,$0,$-7,$7,$7,$-20,$510,$489,$-14,$3,$-20
12,2015-09-30,15.42,$13.01,1.19,$5.07,3.04,$3.43,4.49,$1.26,12.24,$4.56B,$3.03B,1.5,$1.14B,$0.48B,2.36,$0.18B,$0.14B,73.91%,$0.18B,$0.08B,41.85%,$0.18B,0,0.00%,$0.18B,0,0.00%,$0.18B,$0.08B,41.85%,$0.18B,$0.05B,24.46%,$0.05B,$0.48B,9.53%,$0.05B,$0.43B,10.82%,$0.05B,$4.83B,0.97%,$0.08B,$1.62B,4.74%,$45,$11,$34,$0,$17,$28,$17,$0,$17,$7,$10,$10,$10,$0,$0,$36,36,$0.28,$0.28,$83,$0,$0,$4556,$15,$64,$56,$142,$277,$4832,$3029,$1140,$179,$1319,$4349,$1,$445,$-9,$484,$4832,$33,$2,$0,$2,$0,$0,$0,$9,$9,$45,$-1,$0,$0,$-0,$30,$30,$-372,$-343,$-104,$0,$-104,$4,$4,$-15,$409,$294,$-4,$2,$-15
13,2015-06-30,15.33,$12.85,1.19,$5.12,2.99,$3.25,4.72,$1.31,11.7,$4.37B,$2.93B,1.49,$1.10B,$0.48B,2.31,$0.19B,$0.14B,73.51%,$0.19B,$0.08B,43.24%,$0.19B,0,0.00%,$0.19B,0,0.00%,$0.19B,$0.08B,43.24%,$0.19B,$0.05B,25.41%,$0.05B,$0.48B,10.11%,$0.05B,$0.42B,11.48%,$0.05B,$4.65B,1.04%,$0.08B,$1.58B,4.92%,$46,$11,$35,$0,$15,$26,$20,$0,$20,$8,$12,$12,$11,$0,$0,$36,36,$0.32,$0.32,$77,$0,$0,$4365,$15,$62,$56,$147,$280,$4645,$2934,$1104,$128,$1233,$4167,$1,$440,$-9,$478,$4645,$23,$2,$-1,$0,$0,$-0,$0,$-2,$-2,$21,$-0,$0,$0,$-0,$32,$32,$-186,$-155,$-140,$0,$-140,$4,$4,$-10,$270,$123,$-10,$2,$-10
14,2015-03-31,14.44,$12.65,1.14,$5.09,2.83,$3.31,4.37,$1.28,11.28,$4.31B,$2.84B,1.51,$1.12B,$0.47B,2.4,$0.18B,$0.13B,72.68%,$0.18B,$0.08B,42.62%,$0.18B,0,0.00%,$0.18B,0,0.00%,$0.18B,$0.08B,42.62%,$0.18B,$0.05B,25.14%,$0.05B,$0.47B,10.05%,$0.05B,$0.41B,11.44%,$0.05B,$4.58B,1.04%,$0.08B,$1.59B,4.83%,$46,$13,$33,$0,$14,$26,$20,$0,$20,$8,$12,$12,$12,$0,$0,$36,36,$0.33,$0.33,$88,$0,$0,$4305,$24,$62,$56,$136,$279,$4583,$2842,$1119,$155,$1275,$4117,$1,$434,$-10,$466,$4583,$12,$1,$1,$2,$0,$-0,$0,$-3,$-3,$10,$-0,$0,$-0,$0,$32,$32,$-116,$-84,$-125,$0,$-125,$-0,$-0,$-5,$205,$75,$1,$1,$-5
15,2014-12-31,14.47,$12.47,1.16,$5.06,2.86,$3.50,4.13,$1.23,11.76,$4.19B,$2.66B,1.57,$1.24B,$0.46B,2.71,$0.18B,$0.13B,73.08%,$0.18B,$0.08B,41.21%,$0.18B,0,0.00%,$0.18B,0,0.00%,$0.18B,$0.08B,41.21%,$0.18B,$0.04B,24.18%,$0.04B,$0.46B,9.74%,$0.04B,$0.40B,11.11%,$0.04B,$4.50B,1.01%,$0.08B,$1.70B,4.68%,$47,$12,$34,$0,$15,$27,$20,$0,$20,$8,$12,$12,$12,$0,$0,$36,36,$0.33,$0.33,$87,$0,$0,$4188,$25,$94,$56,$135,$309,$4497,$2660,$1244,$133,$1378,$4037,$1,$427,$-9,$460,$4497,$44,$3,$-1,$2,$-0,$-0,$0,$1,$1,$47,$3,$0,$0,$-2,$10,$8,$-444,$-434,$264,$0,$264,$0,$0,$-20,$175,$419,$33,$3,$-20
16,2014-09-30,12.68,$12.38,1.02,$5.02,2.53,$3.79,3.34,$1.19,10.66,$4.10B,$2.62B,1.56,$1.17B,$0.46B,2.57,$0.18B,$0.13B,73.74%,$0.18B,$0.07B,40.22%,$0.18B,0,0.00%,$0.18B,0,0.00%,$0.18B,$0.07B,40.22%,$0.18B,$0.04B,23.46%,$0.04B,$0.46B,9.42%,$0.04B,$0.40B,10.77%,$0.04B,$4.38B,0.99%,$0.07B,$1.63B,4.70%,$46,$12,$34,$0,$14,$27,$20,$0,$20,$8,$12,$12,$12,$0,$0,$36,36,$0.33,$0.33,$66,$0,$0,$4102,$26,$92,$56,$109,$283,$4384,$2623,$1174,$132,$1306,$3928,$1,$420,$-4,$456,$4384,$32,$2,$-1,$1,$-0,$-0,$0,$0,$-0,$33,$3,$0,$0,$-0,$12,$11,$-355,$-341,$193,$0,$193,$0,$0,$-15,$142,$321,$13,$3,$-15
17,2014-06-30,13.78,$12.17,1.13,$5.01,2.75,$4.11,3.35,$1.16,11.88,$4.02B,$2.65B,1.52,$1.09B,$0.45B,2.43,$0.18B,$0.13B,74.16%,$0.18B,$0.07B,39.33%,$0.18B,0,0.00%,$0.18B,0,0.00%,$0.18B,$0.07B,39.33%,$0.18B,$0.04B,23.03%,$0.04B,$0.45B,9.37%,$0.04B,$0.39B,10.75%,$0.04B,$4.30B,0.99%,$0.07B,$1.54B,4.86%,$44,$12,$32,$0,$14,$26,$18,$0,$18,$8,$10,$10,$10,$0,$0,$36,36,$0.29,$0.29,$64,$0,$0,$4020,$26,$91,$56,$109,$282,$4302,$2653,$1089,$111,$1200,$3853,$1,$413,$-4,$449,$4302,$20,$1,$-1,$0,$-0,$-0,$0,$-1,$-2,$19,$3,$0,$-0,$0,$12,$12,$-275,$-260,$108,$0,$108,$0,$0,$-10,$154,$252,$12,$2,$-10
18,2014-03-31,14.69,$12.03,1.22,$5.12,2.87,$4.46,3.29,$1.21,12.14,$4.00B,$2.59B,1.55,$1.10B,$0.44B,2.5,$0.18B,$0.14B,74.59%,$0.18B,$0.07B,39.78%,$0.18B,0,0.00%,$0.18B,0,0.00%,$0.18B,$0.07B,39.78%,$0.18B,$0.04B,23.76%,$0.04B,$0.44B,10.06%,$0.04B,$0.39B,11.57%,$0.04B,$4.28B,1.06%,$0.07B,$1.55B,5.29%,$45,$11,$33,$0,$16,$28,$17,$0,$17,$7,$10,$10,$10,$0,$0,$36,36,$0.28,$0.28,$73,$0,$0,$3998,$26,$93,$56,$107,$282,$4280,$2587,$1104,$148,$1252,$3839,$1,$408,$-5,$442,$4280,$10,$1,$-1,$0,$-0,$-0,$0,$4,$3,$14,$4,$0,$0,$-0,$10,$10,$-246,$-232,$123,$0,$123,$0,$0,$-5,$120,$239,$20,$1,$-5
19,2013-12-31,14.51,$11.86,1.22,$5.20,2.79,$4.50,3.23,$1.23,11.8,$3.73B,$2.51B,1.49,$0.98B,$0.44B,2.25,$0.18B,$0.14B,74.73%,$0.18B,$0.07B,40.11%,$0.18B,0,0.00%,$0.18B,0,0.00%,$0.18B,$0.07B,40.11%,$0.18B,$0.04B,24.18%,$0.04B,$0.44B,10.55%,$0.04B,$0.38B,12.18%,$0.04B,$4.03B,1.10%,$0.07B,$1.42B,5.71%,$44,$11,$33,$0,$15,$27,$17,$0,$17,$7,$10,$10,$10,$0,$0,$35,35,$0.30,$0.29,$53,$0,$0,$3732,$26,$104,$56,$111,$296,$4028,$2507,$981,$105,$1086,$3593,$1,$403,$-5,$436,$4028,$44,$3,$5,$7,$-2,$-0,$0,$12,$10,$61,$-2,$0,$0,$-2,$30,$28,$-195,$-168,$68,$0,$68,$12,$12,$-20,$15,$74,$-33,$3,$-20
20,2013-09-30,14.15,$11.57,1.22,$5.79,2.44,$5.32,2.66,$1.13,12.53,$3.72B,$2.61B,1.43,$0.84B,$0.42B,2.0,$0.20B,$0.13B,63.68%,$0.20B,$0.07B,32.84%,$0.20B,0,0.00%,$0.20B,0,0.00%,$0.20B,$0.07B,32.84%,$0.20B,$0.04B,20.40%,$0.04B,$0.42B,10.09%,$0.04B,$0.37B,11.71%,$0.04B,$4.02B,1.03%,$0.07B,$1.27B,5.27%,$45,$12,$34,$0,$16,$27,$18,$0,$18,$7,$11,$11,$11,$0,$0,$35,36,$0.30,$0.30,$71,$0,$0,$3719,$30,$100,$56,$110,$296,$4015,$2609,$843,$140,$983,$3593,$1,$398,$-9,$423,$4015,$33,$2,$1,$3,$1,$-0,$0,$12,$12,$49,$-1,$0,$0,$-0,$33,$33,$-164,$-132,$-70,$0,$-70,$9,$9,$-15,$146,$70,$-13,$3,$-15
21,2013-06-30,12.92,$11.34,1.14,$5.97,2.17,$5.40,2.39,$1.17,11.04,$3.65B,$2.61B,1.4,$0.81B,$0.41B,1.98,$0.21B,$0.13B,63.11%,$0.21B,$0.07B,33.01%,$0.21B,0,0.00%,$0.21B,0,0.00%,$0.21B,$0.07B,33.01%,$0.21B,$0.04B,20.39%,$0.04B,$0.41B,10.57%,$0.04B,$0.35B,12.30%,$0.04B,$3.95B,1.06%,$0.07B,$1.22B,5.48%,$47,$12,$35,$0,$15,$27,$20,$0,$20,$8,$12,$12,$12,$0,$0,$35,35,$0.34,$0.34,$66,$0,$0,$3653,$30,$102,$56,$110,$298,$3951,$2608,$808,$126,$935,$3542,$1,$392,$-10,$409,$3951,$23,$1,$2,$3,$0,$-0,$0,$9,$9,$35,$-1,$0,$0,$-0,$31,$31,$-102,$-72,$-105,$0,$-105,$3,$3,$-10,$132,$19,$-18,$2,$-10
22,2013-03-31,11.99,$11.16,1.07,$6.14,1.95,$5.35,2.24,$1.17,10.25,$3.67B,$2.60B,1.41,$0.82B,$0.40B,2.04,$0.21B,$0.13B,62.56%,$0.21B,$0.07B,32.23%,$0.21B,0,0.00%,$0.21B,0,0.00%,$0.21B,$0.07B,32.23%,$0.21B,$0.04B,19.43%,$0.04B,$0.40B,10.53%,$0.04B,$0.35B,12.29%,$0.04B,$3.98B,1.04%,$0.07B,$1.22B,5.47%,$46,$12,$34,$0,$16,$28,$18,$0,$18,$7,$11,$11,$11,$0,$0,$35,35,$0.30,$0.30,$147,$0,$0,$3673,$30,$108,$56,$116,$309,$3982,$2601,$818,$162,$981,$3582,$1,$385,$-9,$401,$3982,$11,$1,$1,$2,$0,$-0,$0,$4,$4,$18,$-0,$0,$0,$-0,$25,$25,$-41,$-17,$-95,$0,$-95,$2,$2,$-5,$159,$61,$63,$1,$-5
23,2012-12-31,11.48,$10.96,1.05,$6.41,1.79,$5.41,2.12,$1.17,9.81,$3.57B,$2.48B,1.44,$0.91B,$0.39B,2.33,$0.22B,$0.13B,60.73%,$0.22B,$0.07B,30.59%,$0.22B,0,0.00%,$0.22B,0,0.00%,$0.22B,$0.07B,30.59%,$0.22B,$0.04B,18.26%,$0.04B,$0.39B,10.50%,$0.04B,$0.34B,12.29%,$0.04B,$3.91B,1.02%,$0.07B,$1.31B,5.28%,$63,$38,$25,$0,$15,$53,$10,$0,$10,$4,$7,$7,$7,$0,$0,$34,34,$0.20,$0.19,$84,$0,$0,$3570,$31,$133,$56,$117,$336,$3905,$2479,$913,$121,$1034,$3514,$1,$379,$-10,$392,$3905,$40,$3,$18,$21,$4,$-0,$0,$8,$12,$73,$13,$0,$0,$-3,$190,$187,$-50,$150,$-97,$-195,$-292,$6,$6,$-19,$118,$-187,$35,$3,$-19
24,2012-09-30,11.82,$10.89,1.09,$6.12,1.93,$4.65,2.54,$1.36,8.69,$3.56B,$2.57B,1.38,$0.84B,$0.39B,2.16,$0.21B,$0.14B,68.90%,$0.21B,$0.08B,36.84%,$0.21B,0,0.00%,$0.21B,0,0.00%,$0.21B,$0.08B,36.84%,$0.21B,$0.05B,22.01%,$0.05B,$0.39B,12.32%,$0.05B,$0.33B,14.48%,$0.05B,$3.95B,1.16%,$0.08B,$1.23B,5.99%,$50,$14,$36,$0,$16,$30,$20,$0,$20,$8,$12,$12,$12,$0,$0,$34,34,$0.34,$0.34,$258,$0,$0,$3564,$33,$184,$56,$117,$391,$3954,$2574,$838,$154,$993,$3567,$1,$377,$-9,$388,$3954,$34,$2,$5,$7,$4,$-0,$0,$7,$11,$52,$-3,$0,$0,$-2,$140,$139,$130,$266,$-172,$-40,$-212,$4,$4,$-14,$115,$-108,$210,$3,$-14
25,2012-06-30,10.77,$10.65,1.01,$6.25,1.72,$5.27,2.05,$1.35,7.98,$3.43B,$2.51B,1.36,$0.85B,$0.38B,2.25,$0.21B,$0.14B,67.92%,$0.21B,$0.08B,35.85%,$0.21B,0,0.00%,$0.21B,0,0.00%,$0.21B,$0.08B,35.85%,$0.21B,$0.05B,21.23%,$0.05B,$0.38B,12.33%,$0.05B,$0.32B,14.54%,$0.05B,$3.88B,1.13%,$0.08B,$1.22B,5.81%,$52,$15,$37,$0,$18,$33,$20,$0,$20,$8,$12,$12,$11,$0,$0,$34,34,$0.34,$0.34,$93,$0,$0,$3425,$33,$247,$56,$118,$454,$3880,$2511,$848,$145,$993,$3504,$1,$370,$-9,$376,$3880,$22,$1,$4,$5,$4,$-0,$0,$2,$6,$33,$-1,$0,$0,$-2,$77,$76,$104,$178,$-162,$-40,$-202,$1,$1,$-10,$46,$-166,$45,$2,$-10
26,2012-03-31,11.72,$10.47,1.12,$6.38,1.84,$5.26,2.23,$1.37,8.55,$3.53B,$2.54B,1.39,$0.96B,$0.37B,2.59,$0.22B,$0.15B,67.13%,$0.22B,$0.08B,35.65%,$0.22B,0,0.00%,$0.22B,0,0.00%,$0.22B,$0.08B,35.65%,$0.22B,$0.05B,21.30%,$0.05B,$0.37B,12.86%,$0.05B,$0.31B,15.22%,$0.05B,$4.02B,1.14%,$0.08B,$1.32B,5.74%,$54,$19,$35,$0,$18,$37,$17,$0,$17,$7,$10,$10,$10,$0,$0,$34,34,$0.30,$0.30,$127,$0,$0,$3528,$32,$284,$56,$118,$491,$4019,$2542,$955,$153,$1108,$3650,$1,$364,$-9,$368,$4019,$10,$1,$2,$3,$3,$-0,$0,$5,$7,$20,$-1,$0,$0,$-0,$40,$40,$38,$78,$-55,$-40,$-95,$1,$1,$-5,$82,$-17,$80,$1,$-5
27,2011-12-31,10.0,$10.28,0.97,$6.42,1.56,$5.21,1.92,$1.40,7.15,$3.49B,$2.54B,1.38,$1.01B,$0.36B,2.8,$0.22B,$0.15B,67.74%,$0.22B,$0.08B,36.41%,$0.22B,0,0.00%,$0.22B,0,0.00%,$0.22B,$0.08B,36.41%,$0.22B,$0.05B,21.66%,$0.05B,$0.36B,13.43%,$0.05B,$0.31B,15.97%,$0.05B,$4.02B,1.15%,$0.08B,$1.37B,5.81%,$53,$16,$36,$0,$16,$33,$20,$0,$20,$7,$13,$13,$13,$0,$0,$34,34,$0.37,$0.38,$46,$0,$0,$3490,$33,$325,$56,$118,$532,$4021,$2539,$1010,$111,$1121,$3660,$1,$358,$-10,$361,$4021,$47,$3,$9,$12,$3,$0,$0,$0,$3,$63,$-4,$0,$0,$-0,$-37,$-37,$1,$-40,$-51,$0,$-51,$4,$4,$-19,$-3,$-69,$-46,$3,$-19
28,2011-09-30,7.95,$10.13,0.78,$6.53,1.22,$5.40,1.47,$1.33,5.98,$3.54B,$2.58B,1.37,$0.96B,$0.36B,2.69,$0.22B,$0.15B,67.27%,$0.22B,$0.08B,35.00%,$0.22B,0,0.00%,$0.22B,0,0.00%,$0.22B,$0.08B,35.00%,$0.22B,$0.04B,20.00%,$0.04B,$0.36B,12.87%,$0.04B,$0.30B,15.37%,$0.04B,$4.04B,1.08%,$0.08B,$1.31B,5.65%,$53,$17,$36,$0,$17,$34,$19,$0,$19,$8,$11,$11,$11,$0,$0,$34,34,$0.33,$0.33,$122,$0,$0,$3536,$33,$300,$56,$116,$504,$4040,$2580,$955,$150,$1105,$3685,$1,$350,$-6,$355,$4040,$35,$2,$6,$8,$3,$0,$0,$26,$30,$72,$-3,$0,$0,$-0,$-11,$-12,$32,$17,$-106,$0,$-106,$3,$3,$-14,$58,$-59,$30,$2,$-14
29,2011-06-30,11.29,$9.93,1.14,$6.59,1.71,$4.61,2.45,$1.34,8.43,$3.55B,$2.61B,1.36,$1.01B,$0.35B,2.91,$0.22B,$0.15B,66.22%,$0.22B,$0.08B,35.14%,$0.22B,0,0.00%,$0.22B,0,0.00%,$0.22B,$0.08B,35.14%,$0.22B,$0.04B,19.82%,$0.04B,$0.35B,13.18%,$0.04B,$0.29B,15.81%,$0.04B,$4.09B,1.08%,$0.08B,$1.36B,5.73%,$56,$18,$38,$0,$17,$35,$21,$0,$21,$9,$12,$12,$12,$0,$0,$34,34,$0.37,$0.36,$145,$0,$0,$3549,$33,$339,$56,$116,$543,$4093,$2611,$1010,$124,$1135,$3746,$1,$344,$-6,$347,$4093,$23,$2,$4,$6,$3,$-0,$0,$1,$4,$33,$-3,$0,$0,$-0,$-50,$-50,$44,$-9,$-51,$0,$-51,$2,$2,$-9,$87,$28,$52,$2,$-9
30,2011-03-31,11.35,$9.72,1.17,$6.63,1.71,$4.38,2.59,$1.28,8.87,$3.62B,$2.60B,1.39,$1.06B,$0.34B,3.15,$0.22B,$0.15B,65.02%,$0.22B,$0.07B,32.74%,$0.22B,0,0.00%,$0.22B,0,0.00%,$0.22B,$0.07B,32.74%,$0.22B,$0.04B,18.83%,$0.04B,$0.34B,12.89%,$0.04B,$0.28B,15.56%,$0.04B,$4.14B,1.03%,$0.07B,$1.40B,5.32%,$55,$18,$37,$0,$18,$36,$19,$0,$19,$8,$11,$11,$11,$0,$0,$33,34,$0.33,$0.33,$178,$0,$0,$3617,$32,$321,$56,$117,$526,$4143,$2598,$1061,$147,$1208,$3806,$1,$336,$-6,$337,$4143,$11,$1,$2,$3,$2,$-0,$0,$3,$5,$19,$-2,$0,$0,$-0,$-33,$-33,$12,$-23,$0,$0,$0,$1,$1,$-5,$93,$89,$85,$1,$-5
31,2010-12-31,11.12,$9.50,1.17,$6.68,1.66,$4.24,2.62,$1.23,9.04,$3.55B,$2.55B,1.39,$1.06B,$0.33B,3.23,$0.22B,$0.14B,63.84%,$0.22B,$0.07B,31.25%,$0.22B,0,0.00%,$0.22B,0,0.00%,$0.22B,$0.07B,31.25%,$0.22B,$0.04B,17.86%,$0.04B,$0.33B,12.55%,$0.04B,$0.27B,15.21%,$0.04B,$4.04B,0.98%,$0.07B,$1.39B,5.03%,$56,$18,$37,$0,$19,$37,$18,$0,$18,$8,$11,$11,$10,$0,$0,$33,33,$0.31,$0.32,$92,$0,$0,$3547,$32,$289,$56,$118,$494,$4040,$2546,$1061,$105,$1166,$3712,$1,$330,$-6,$329,$4040,$41,$2,$16,$18,$3,$-0,$0,$6,$9,$68,$-4,$0,$0,$-0,$38,$38,$-94,$-60,$-79,$0,$-79,$1,$1,$-19,$137,$40,$48,$3,$-19
32,2010-09-30,10.47,$9.33,1.12,$6.60,1.59,$3.12,3.36,$1.16,9.03,$3.51B,$2.58B,1.36,$0.98B,$0.32B,3.02,$0.22B,$0.14B,62.27%,$0.22B,$0.06B,29.09%,$0.22B,0,0.00%,$0.22B,0,0.00%,$0.22B,$0.06B,29.09%,$0.22B,$0.04B,17.27%,$0.04B,$0.32B,12.25%,$0.04B,$0.27B,14.93%,$0.04B,$4.00B,0.94%,$0.06B,$1.30B,4.59%,$55,$19,$35,$0,$16,$35,$20,$0,$20,$8,$11,$11,$11,$0,$0,$33,33,$0.34,$0.34,$96,$0,$0,$3507,$31,$284,$56,$119,$490,$3997,$2576,$975,$123,$1099,$3674,$1,$324,$-5,$322,$3997,$31,$2,$13,$15,$0,$-0,$0,$-1,$-1,$45,$-3,$0,$0,$0,$43,$43,$-44,$-4,$-130,$-35,$-165,$0,$0,$-14,$190,$11,$51,$2,$-14
33,2010-06-30,9.22,$9.11,1.01,$6.60,1.4,$6.15,1.5,$1.07,8.61,$3.65B,$2.64B,1.39,$1.09B,$0.32B,3.47,$0.22B,$0.13B,60.73%,$0.22B,$0.06B,26.48%,$0.22B,0,0.00%,$0.22B,0,0.00%,$0.22B,$0.06B,26.48%,$0.22B,$0.04B,15.98%,$0.04B,$0.32B,11.58%,$0.04B,$0.26B,14.21%,$0.04B,$4.15B,0.87%,$0.06B,$1.41B,4.13%,$57,$21,$36,$0,$20,$41,$16,$0,$16,$6,$10,$10,$10,$0,$0,$33,33,$0.30,$0.30,$211,$0,$0,$3654,$30,$286,$56,$122,$494,$4148,$2635,$1091,$108,$1199,$3834,$1,$317,$-5,$315,$4148,$19,$1,$9,$10,$-0,$0,$0,$-5,$-5,$24,$-2,$0,$0,$-42,$43,$1,$-75,$-76,$-14,$-35,$-49,$0,$0,$-9,$235,$177,$125,$2,$-9
34,2010-03-31,9.34,$8.97,1.04,$6.53,1.43,$9.00,1.04,$0.98,9.53,$3.58B,$2.51B,1.43,$1.16B,$0.31B,3.76,$0.22B,$0.13B,57.87%,$0.22B,$0.05B,24.54%,$0.22B,0,0.00%,$0.22B,0,0.00%,$0.22B,$0.05B,24.54%,$0.22B,$0.03B,14.81%,$0.03B,$0.31B,10.88%,$0.03B,$0.25B,13.42%,$0.03B,$4.11B,0.80%,$0.05B,$1.47B,3.82%,$56,$21,$35,$0,$19,$40,$16,$0,$16,$7,$9,$9,$9,$0,$0,$33,33,$0.29,$0.28,$121,$0,$0,$3584,$30,$316,$56,$128,$530,$4114,$2508,$1160,$137,$1298,$3805,$1,$312,$-5,$309,$4114,$9,$1,$2,$3,$0,$0,$0,$1,$1,$14,$-1,$0,$0,$-2,$12,$10,$-93,$-83,$55,$-35,$20,$0,$0,$-5,$129,$144,$75,$1,$-5
35,2009-12-31,8.58,$8.57,1.0,$6.31,1.36,$8.87,0.97,$0.79,10.86,$3.42B,$2.45B,1.4,$1.11B,$0.30B,3.75,$0.21B,$0.11B,52.88%,$0.21B,$0.04B,19.71%,$0.21B,0,0.00%,$0.21B,0,0.00%,$0.21B,$0.04B,19.71%,$0.21B,$0.03B,12.50%,$0.03B,$0.30B,9.06%,$0.03B,$0.24B,11.24%,$0.03B,$3.95B,0.66%,$0.04B,$1.40B,3.02%,$52,$21,$31,$0,$19,$40,$12,$0,$12,$4,$8,$8,$8,$0,$0,$33,33,$0.24,$0.24,$43,$0,$0,$3417,$30,$329,$56,$120,$535,$3952,$2447,$1105,$105,$1211,$3658,$1,$307,$-5,$295,$3952,$26,$2,$18,$21,$-0,$0,$0,$-18,$-19,$28,$-1,$0,$0,$0,$56,$56,$-114,$-59,$-11,$0,$-11,$0,$0,$-18,$-108,$-137,$-168,$3,$-18
36,2009-09-30,8.25,$8.42,0.98,$6.24,1.32,$8.70,0.95,$0.71,11.62,$3.39B,$2.43B,1.4,$1.06B,$0.29B,3.65,$0.21B,$0.10B,48.54%,$0.21B,$0.04B,17.48%,$0.21B,0,0.00%,$0.21B,0,0.00%,$0.21B,$0.04B,17.48%,$0.21B,$0.02B,11.17%,$0.02B,$0.29B,8.14%,$0.02B,$0.23B,10.14%,$0.02B,$3.91B,0.58%,$0.04B,$1.35B,2.66%,$54,$23,$31,$0,$17,$41,$14,$0,$14,$5,$8,$8,$8,$0,$0,$33,33,$0.25,$0.25,$100,$0,$0,$3385,$30,$333,$56,$104,$522,$3908,$2426,$1057,$135,$1192,$3618,$1,$303,$-6,$290,$3908,$18,$2,$12,$14,$100,$0,$0,$10,$110,$142,$-1,$0,$0,$-1,$54,$54,$-120,$-67,$-60,$0,$-60,$0,$0,$-14,$-113,$-187,$-112,$2,$-14
37,2009-06-30,6.5,$8.24,0.79,$6.25,1.04,$4.96,1.31,$0.72,9.03,$3.46B,$2.52B,1.37,$1.06B,$0.28B,3.73,$0.21B,$0.10B,46.60%,$0.21B,$0.04B,16.99%,$0.21B,0,0.00%,$0.21B,0,0.00%,$0.21B,$0.04B,16.99%,$0.21B,$0.02B,11.17%,$0.02B,$0.28B,8.24%,$0.02B,$0.23B,10.30%,$0.02B,$3.97B,0.58%,$0.04B,$1.34B,2.57%,$54,$25,$28,$0,$18,$43,$11,$0,$11,$4,$7,$7,$7,$0,$0,$33,33,$0.21,$0.21,$230,$0,$0,$3456,$30,$331,$56,$103,$519,$3974,$2523,$1057,$111,$1168,$3691,$1,$300,$-8,$283,$3974,$10,$1,$9,$10,$99,$0,$0,$-2,$97,$117,$-1,$0,$0,$0,$54,$54,$-56,$-2,$-60,$0,$-60,$0,$0,$-9,$-27,$-97,$19,$2,$-9
38,2009-03-31,6.59,$8.18,0.81,$6.18,1.07,$1.62,4.08,$0.77,8.56,$3.50B,$2.57B,1.36,$1.06B,$0.28B,3.78,$0.20B,$0.09B,45.81%,$0.20B,$0.04B,17.73%,$0.20B,0,0.00%,$0.20B,0,0.00%,$0.20B,$0.04B,17.73%,$0.20B,$0.02B,11.82%,$0.02B,$0.28B,8.67%,$0.02B,$0.22B,10.86%,$0.02B,$4.04B,0.61%,$0.04B,$1.34B,2.66%,$48,$28,$20,$0,$16,$45,$4,$0,$4,$1,$3,$3,$3,$0,$0,$33,33,$0.09,$0.09,$220,$0,$0,$3500,$30,$353,$56,$102,$541,$4041,$2566,$1057,$139,$1196,$3761,$1,$297,$-9,$280,$4041,$3,$1,$7,$7,$-0,$0,$0,$-1,$-1,$9,$-0,$0,$0,$-20,$31,$11,$-8,$2,$-60,$0,$-60,$0,$0,$-5,$42,$-23,$-12,$1,$-5
39,2008-12-31,9.21,$8.10,1.14,$6.25,1.47,$1.69,5.44,$0.86,10.71,$3.49B,$2.49B,1.4,$1.12B,$0.28B,4.03,$0.21B,$0.09B,45.85%,$0.21B,$0.04B,20.00%,$0.21B,0,0.00%,$0.21B,0,0.00%,$0.21B,$0.04B,20.00%,$0.21B,$0.03B,13.17%,$0.03B,$0.28B,9.85%,$0.03B,$0.22B,12.36%,$0.03B,$4.06B,0.71%,$0.04B,$1.39B,3.18%,$50,$29,$21,$0,$14,$42,$7,$0,$7,$2,$5,$5,$5,$0,$0,$33,33,$0.15,$0.16,$211,$0,$0,$3485,$30,$382,$56,$102,$571,$4056,$2490,$1117,$172,$1289,$3779,$1,$298,$-11,$277,$4056,$28,$2,$9,$10,$1,$0,$0,$-10,$-10,$29,$-8,$0,$0,$128,$-154,$-26,$-416,$-450,$313,$75,$388,$2,$2,$-18,$158,$530,$109,$3,$-18
40,2008-09-30,10.45,$8.08,1.29,$6.21,1.68,$1.52,6.88,$0.87,12.01,$3.26B,$2.33B,1.4,$1.11B,$0.28B,4.01,$0.21B,$0.09B,45.37%,$0.21B,$0.04B,20.98%,$0.21B,0,0.00%,$0.21B,0,0.00%,$0.21B,$0.04B,20.98%,$0.21B,$0.03B,13.17%,$0.03B,$0.28B,9.92%,$0.03B,$0.22B,12.47%,$0.03B,$3.83B,0.73%,$0.04B,$1.38B,3.56%,$54,$27,$27,$0,$14,$41,$13,$0,$13,$5,$8,$8,$8,$0,$0,$33,33,$0.26,$0.25,$78,$0,$0,$3256,$26,$390,$56,$102,$573,$3829,$2328,$1107,$118,$1225,$3553,$1,$297,$-10,$276,$3829,$23,$1,$4,$5,$0,$0,$0,$-7,$-7,$21,$-3,$0,$0,$128,$-165,$-37,$-317,$-357,$303,$75,$378,$2,$2,$-14,$-54,$312,$-24,$2,$-14
41,2008-06-30,11.24,$8.05,1.4,$6.02,1.87,$1.55,7.24,$0.78,14.41,$3.16B,$2.35B,1.35,$1.02B,$0.27B,3.71,$0.20B,$0.09B,43.72%,$0.20B,$0.04B,19.60%,$0.20B,0,0.00%,$0.20B,0,0.00%,$0.20B,$0.04B,19.60%,$0.20B,$0.03B,12.56%,$0.03B,$0.27B,9.23%,$0.03B,$0.22B,11.63%,$0.03B,$3.74B,0.71%,$0.04B,$1.29B,3.54%,$51,$26,$25,$0,$13,$39,$12,$0,$12,$4,$8,$8,$8,$0,$0,$33,33,$0.26,$0.26,$40,$0,$0,$3160,$26,$404,$56,$97,$582,$3742,$2346,$1017,$105,$1122,$3468,$1,$293,$-8,$274,$3742,$14,$1,$1,$2,$-1,$0,$0,$-6,$-7,$9,$-3,$0,$0,$111,$-173,$-63,$-257,$-323,$213,$110,$323,$2,$2,$-9,$-81,$235,$-79,$1,$-9
42,2008-03-31,11.81,$7.97,1.48,$5.87,2.01,$1.74,6.78,$0.69,17.12,$3.13B,$2.42B,1.29,$0.81B,$0.27B,3.01,$0.20B,$0.08B,41.84%,$0.20B,$0.04B,18.37%,$0.20B,0,0.00%,$0.20B,0,0.00%,$0.20B,$0.04B,18.37%,$0.20B,$0.02B,11.73%,$0.02B,$0.27B,8.49%,$0.02B,$0.21B,10.69%,$0.02B,$3.64B,0.67%,$0.04B,$1.08B,3.65%,$50,$29,$21,$0,$12,$41,$9,$0,$9,$3,$6,$6,$6,$0,$0,$32,33,$0.18,$0.18,$215,$0,$0,$3133,$25,$330,$56,$97,$507,$3640,$2424,$814,$133,$947,$3370,$1,$290,$-5,$270,$3640,$6,$0,$0,$1,$-1,$0,$0,$6,$6,$12,$-1,$0,$0,$37,$-94,$-58,$-57,$-116,$10,$75,$85,$-0,$-0,$-5,$46,$126,$22,$1,$-5
43,2007-12-31,8.55,$7.93,1.08,$5.69,1.5,$1.54,5.56,$0.68,12.57,$3.09B,$2.34B,1.32,$0.80B,$0.27B,2.99,$0.19B,$0.08B,41.97%,$0.19B,$0.04B,18.65%,$0.19B,0,0.00%,$0.19B,0,0.00%,$0.19B,$0.04B,18.65%,$0.19B,$0.02B,11.92%,$0.02B,$0.27B,8.37%,$0.02B,$0.21B,10.49%,$0.02B,$3.50B,0.69%,$0.04B,$1.07B,3.84%,$50,$29,$20,$0,$11,$41,$9,$0,$9,$4,$5,$5,$5,$0,$0,$34,34,$0.16,$0.16,$230,$0,$0,$3091,$24,$236,$56,$94,$410,$3501,$2335,$804,$94,$897,$3232,$1,$288,$-4,$269,$3501,$22,$1,$1,$3,$0,$0,$0,$-8,$-7,$18,$-3,$0,$0,$-49,$-17,$-66,$-173,$-242,$135,$35,$170,$-30,$-30,$-18,$177,$300,$75,$2,$-18
44,2007-09-30,9.92,$7.89,1.26,$5.51,1.8,$1.75,5.68,$0.68,14.59,$2.89B,$2.23B,1.3,$0.68B,$0.27B,2.53,$0.19B,$0.08B,42.86%,$0.19B,$0.04B,19.05%,$0.19B,0,0.00%,$0.19B,0,0.00%,$0.19B,$0.04B,19.05%,$0.19B,$0.02B,12.70%,$0.02B,$0.27B,8.56%,$0.02B,$0.21B,10.68%,$0.02B,$3.30B,0.74%,$0.04B,$0.95B,3.96%,$48,$28,$21,$0,$12,$39,$9,$0,$9,$3,$6,$6,$6,$0,$0,$33,33,$0.17,$0.17,$71,$0,$0,$2894,$24,$238,$56,$90,$408,$3301,$2229,$684,$119,$802,$3031,$1,$287,$-6,$270,$3301,$17,$1,$1,$2,$1,$0,$0,$1,$2,$21,$-2,$0,$0,$44,$-20,$23,$-136,$-114,$15,$35,$50,$-25,$-25,$-13,$92,$103,$9,$1,$-13
45,2007-06-30,8.64,$7.81,1.11,$5.37,1.61,$1.83,4.72,$0.71,12.16,$2.89B,$2.32B,1.25,$0.56B,$0.28B,2.03,$0.19B,$0.08B,43.85%,$0.19B,$0.04B,20.32%,$0.19B,0,0.00%,$0.19B,0,0.00%,$0.19B,$0.04B,20.32%,$0.19B,$0.03B,13.37%,$0.03B,$0.28B,8.72%,$0.03B,$0.22B,10.81%,$0.03B,$3.25B,0.78%,$0.04B,$0.83B,4.16%,$48,$28,$20,$0,$11,$39,$9,$0,$9,$3,$6,$6,$6,$0,$0,$35,34,$0.17,$0.17,$147,$0,$0,$2892,$23,$190,$56,$89,$358,$3250,$2316,$559,$101,$659,$2975,$1,$285,$-7,$275,$3250,$11,$1,$0,$1,$1,$0,$0,$1,$2,$14,$-1,$0,$0,$-16,$26,$10,$-58,$-49,$-110,$-0,$-110,$-17,$-17,$-10,$198,$61,$26,$1,$-10
46,2007-03-31,8.57,$7.91,1.08,$5.31,1.61,$1.99,4.31,$0.80,10.72,$2.93B,$2.29B,1.28,$0.60B,$0.29B,2.12,$0.19B,$0.09B,46.77%,$0.19B,$0.04B,23.12%,$0.19B,0,0.00%,$0.19B,0,0.00%,$0.19B,$0.04B,23.12%,$0.19B,$0.03B,15.05%,$0.03B,$0.29B,9.61%,$0.03B,$0.23B,11.89%,$0.03B,$3.30B,0.88%,$0.04B,$0.89B,4.52%,$47,$27,$20,$0,$11,$38,$9,$0,$9,$3,$6,$6,$6,$0,$0,$34,35,$0.17,$0.17,$209,$0,$0,$2929,$23,$205,$56,$87,$370,$3300,$2289,$604,$121,$725,$3014,$1,$285,$-7,$285,$3300,$6,$0,$0,$1,$-1,$0,$0,$-0,$-1,$5,$-0,$0,$0,$-104,$12,$-92,$-31,$-124,$-65,$0,$-65,$-6,$-6,$-5,$194,$119,$-0,$0,$-5
47,2006-12-31,8.98,$7.97,1.13,$5.21,1.72,$1.81,4.96,$0.87,10.33,$2.79B,$2.13B,1.31,$0.67B,$0.29B,2.3,$0.18B,$0.09B,49.46%,$0.18B,$0.05B,25.54%,$0.18B,0,0.00%,$0.18B,0,0.00%,$0.18B,$0.05B,25.54%,$0.18B,$0.03B,16.30%,$0.03B,$0.29B,10.23%,$0.03B,$0.24B,12.64%,$0.03B,$3.17B,0.95%,$0.05B,$0.96B,4.85%,$46,$26,$20,$0,$10,$36,$9,$0,$9,$3,$6,$6,$6,$0,$0,$35,35,$0.17,$0.17,$105,$0,$0,$2793,$23,$216,$56,$86,$380,$3173,$2129,$669,$85,$754,$2883,$1,$285,$-7,$291,$3173,$31,$1,$-0,$1,$-0,$0,$0,$-0,$-0,$31,$-8,$0,$0,$-19,$54,$36,$-91,$-63,$40,$-85,$-45,$-10,$-10,$-20,$93,$18,$-14,$1,$-20
