,Date,Stock Price,Book Value per Share,Price to Book Ratio,TTM Sales per Share,Price to Sales Ratio,TTM FCF per Share,Price to FCF Ratio,TTM Net EPS,PE Ratio,Current Assets,Current Liabilities,Current Ratio,Long Term Debt,Shareholder's Equity_x,Debt to Equity Ratio,TTM Revenue_x,TTM Gross Profit,Gross Margin,TTM Revenue_y,TTM Operating Income,Operating Margin,TTM Revenue_x,TTM EBIT,EBIT Margin,TTM Revenue_y,TTM EBITDA,EBITDA Margin,TTM Revenue_x,TTM Pre-Tax Income,Pre-Tax Margin,TTM Revenue_y,TTM Net Income_x,Net Margin,TTM Net Income_y,Shareholder's Equity_y,Return on Equity,TTM Net Income_x,Tangible Equity,Return on Tangible Equity,TTM Net Income_y,Total Assets,Return on Assets,TTM Net Income,LT Investments & Debt,Return on Investment,revenue,cost-goods-sold,gross-profit,research-development-expenses,selling-general-administrative-expenses,operating-expenses,operating-income,total-non-operating-income-expense,pre-tax-income,total-provision-income-taxes,income-after-taxes,income-from-continuous-operations,net-income,ebitda,ebit,basic-shares-outstanding,shares-outstanding,eps-basic-net-earnings-per-share,eps-earnings-per-share-diluted,cash-on-hand,inventory,other-current-assets,total-current-assets,net-property-plant-equipment,long-term-investments,goodwill-intangible-assets-total,other-long-term-assets,total-long-term-assets,total-assets,total-current-liabilities,long-term-debt,other-non-current-liabilities,total-long-term-liabilities,total-liabilities,common-stock-net,retained-earnings-accumulated-deficit,comprehensive-income,total-share-holder-equity,total-liabilities-share-holders-equity,net-income-loss,total-depreciation-amortization-cash-flow,other-non-cash-items,total-non-cash-items,change-in-accounts-receivable,change-in-inventories,change-in-accounts-payable,change-in-assets-liabilities,total-change-in-assets-liabilities,cash-flow-from-operating-activities,net-change-in-property-plant-equipment,net-change-in-intangible-assets,net-acquisitions-divestitures,net-change-in-short-term-investments,net-change-in-long-term-investments,net-change-in-investments-total,investing-activities-other,cash-flow-from-investing-activities,net-long-term-debt,net-current-debt,debt-issuance-retirement-net-total,net-common-equity-issued-repurchased,net-total-equity-issued-repurchased,total-common-preferred-stock-dividends-paid,financial-activities-other,cash-flow-from-financial-activities,net-cash-flow,stock-based-compensation,common-stock-dividends-paid
0,2018-09-30,39.59,$50.77,0.78,$66.66,0.59,$4.85,8.16,$0.43,92.07,$1.53B,$2.33B,0.65,$4.58B,$6.62B,0.69,$9.55B,$1.58B,16.56%,$9.55B,$0.22B,2.25%,$9.55B,$0.22B,2.25%,$9.55B,$0.60B,6.29%,$9.55B,$0.27B,2.83%,$9.55B,$0.06B,0.65%,$0.06B,$7.28B,0.84%,$0.06B,$6.95B,0.88%,$0.06B,$14.49B,0.44%,$0.22B,$11.85B,1.81%,$2759,$2327,$432,$0,$266,$2693,$66,$16,$82,$0,$82,$82,$26,$164,$66,$143,143,$0.18,$0.18,$1,$77,$214,$1526,$9163,$3277,$330,$189,$12959,$14485,$2333,$4575,$272,$4876,$7209,$6600,$0,$-8,$7276,$14485,$207,$289,$158,$447,$-256,$-9,$255,$-103,$-113,$541,$-428,$0,$0,$0,$-265,$-265,$3,$-690,$395,$0,$395,$155,$155,$-531,$-25,$-6,$-155,$0,$-506
1,2018-06-30,38.87,$51.31,0.76,$61.74,0.63,$7.03,5.53,$-0.16,0.0,$1.28B,$1.89B,0.68,$4.51B,$6.71B,0.67,$8.85B,$1.51B,17.07%,$8.85B,$0.13B,1.47%,$8.85B,$0.13B,1.47%,$8.85B,$0.51B,5.79%,$8.85B,$0.17B,1.92%,$8.85B,$-0.02B,-0.26%,$-0.02B,$7.35B,-0.32%,$-0.02B,$7.02B,-0.33%,$-0.02B,$14.04B,-0.17%,$0.13B,$11.86B,1.10%,$2317,$1928,$389,$0,$255,$2283,$34,$29,$63,$1,$62,$62,$10,$131,$34,$143,143,$0.07,$0.07,$4,$47,$202,$1282,$9080,$3165,$332,$182,$12759,$14041,$1887,$4510,$262,$4801,$6688,$6686,$0,$-8,$7353,$14041,$125,$191,$94,$285,$-50,$21,$42,$-92,$-79,$331,$-268,$0,$0,$0,$-126,$-126,$3,$-391,$125,$0,$125,$0,$155,$-372,$0,$-92,$-152,$0,$-351
2,2018-03-31,33.79,$51.02,0.66,$59.18,0.57,$8.00,4.23,$0.10,337.94,$1.02B,$1.72B,0.59,$4.36B,$6.81B,0.64,$8.48B,$1.51B,17.84%,$8.48B,$0.17B,2.05%,$8.48B,$0.17B,2.05%,$8.48B,$0.55B,6.52%,$8.48B,$0.20B,2.33%,$8.48B,$0.01B,0.17%,$0.01B,$7.31B,0.19%,$0.01B,$6.98B,0.20%,$0.01B,$13.68B,0.10%,$0.17B,$11.67B,1.47%,$2139,$1769,$370,$0,$221,$2086,$53,$11,$64,$1,$63,$63,$12,$147,$53,$143,143,$0.08,$0.08,$2,$51,$148,$1020,$9040,$3105,$335,$178,$12658,$13678,$1723,$4358,$256,$4643,$6366,$6791,$0,$-9,$7312,$13678,$63,$94,$48,$142,$161,$17,$-151,$-110,$-83,$122,$-124,$0,$0,$0,$-60,$-60,$3,$-181,$100,$0,$100,$0,$0,$-195,$0,$-95,$-154,$0,$-195
3,2017-12-31,34.29,$51.90,0.66,$59.05,0.58,$8.68,3.95,$0.43,79.75,$1.32B,$1.49B,0.89,$4.71B,$6.95B,0.68,$8.46B,$1.58B,18.64%,$8.46B,$0.22B,2.62%,$8.46B,$0.22B,2.62%,$8.46B,$0.60B,7.10%,$8.46B,$0.24B,2.79%,$8.46B,$0.06B,0.72%,$0.06B,$7.44B,0.84%,$0.06B,$7.10B,0.89%,$0.06B,$13.88B,0.45%,$0.22B,$12.15B,1.86%,$2337,$1946,$391,$0,$236,$2275,$62,$-1,$61,$-3,$64,$64,$14,$159,$62,$143,143,$0.10,$0.10,$156,$68,$117,$1322,$8983,$3050,$337,$186,$12556,$13878,$1488,$4707,$216,$4952,$6440,$6926,$0,$-9,$7438,$13878,$234,$379,$138,$517,$-194,$4,$328,$7,$145,$896,$-375,$0,$0,$0,$-148,$-148,$132,$-391,$-695,$0,$-695,$0,$487,$-552,$410,$-350,$155,$0,$-552
4,2017-09-30,31.96,$49.15,0.65,$46.21,0.69,$9.41,3.4,$0.71,45.01,$1.31B,$1.78B,0.74,$4.71B,$7.04B,0.67,$6.52B,$1.33B,20.39%,$6.52B,$0.21B,3.17%,$6.52B,$0.21B,3.17%,$6.52B,$0.58B,8.94%,$6.52B,$0.25B,3.89%,$6.52B,$0.09B,1.40%,$0.09B,$7.04B,1.28%,$0.09B,$6.70B,1.35%,$0.09B,$13.77B,0.67%,$0.21B,$11.75B,1.75%,$2055,$1695,$360,$0,$237,$2074,$-19,$1,$-18,$2,$-20,$-20,$-59,$75,$-19,$143,143,$-0.41,$-0.41,$312,$62,$91,$1311,$8926,$3002,$340,$192,$12460,$13771,$1784,$4711,$203,$4944,$6728,$7025,$0,$-9,$7043,$13771,$170,$282,$78,$360,$-59,$10,$179,$24,$154,$684,$-258,$0,$0,$0,$-70,$-70,$130,$-198,$-195,$0,$-195,$0,$0,$-396,$416,$-175,$311,$0,$-396
5,2017-06-30,30.51,$50.24,0.61,$47.76,0.64,$9.99,3.05,$1.90,16.06,$1.07B,$1.44B,0.74,$4.71B,$7.20B,0.65,$6.29B,$1.36B,21.55%,$6.29B,$0.32B,5.05%,$6.29B,$0.32B,5.05%,$6.29B,$0.69B,11.03%,$6.29B,$0.36B,5.75%,$6.29B,$0.24B,3.80%,$0.24B,$7.20B,3.99%,$0.24B,$6.84B,4.21%,$0.24B,$13.57B,2.08%,$0.32B,$11.91B,3.14%,$1949,$1557,$392,$0,$249,$1871,$78,$13,$91,$2,$89,$89,$47,$172,$78,$143,143,$0.33,$0.33,$251,$51,$73,$1065,$8950,$2994,$363,$198,$12505,$13570,$1435,$4710,$197,$4936,$6371,$7179,$0,$-9,$7199,$13570,$190,$188,$-56,$132,$98,$21,$-137,$56,$38,$360,$-159,$0,$0,$0,$-41,$-41,$129,$-71,$-195,$0,$-195,$0,$0,$-260,$416,$-39,$250,$0,$-260
6,2017-03-31,34.64,$50.59,0.68,$48.31,0.72,$10.52,3.29,$1.69,20.49,$0.98B,$1.39B,0.71,$4.71B,$7.25B,0.65,$5.97B,$1.29B,21.68%,$5.97B,$0.23B,3.82%,$5.97B,$0.23B,3.82%,$5.97B,$0.61B,10.14%,$5.97B,$0.25B,4.24%,$5.97B,$0.21B,3.45%,$0.21B,$7.25B,4.23%,$0.21B,$6.88B,4.49%,$0.21B,$13.58B,2.19%,$0.23B,$11.96B,2.71%,$2121,$1687,$434,$0,$229,$2020,$101,$1,$102,$1,$101,$101,$59,$195,$101,$143,143,$0.41,$0.41,$176,$64,$89,$980,$9047,$2988,$371,$193,$12599,$13579,$1390,$4709,$202,$4939,$6329,$7229,$0,$-9,$7250,$13579,$101,$94,$-21,$73,$138,$8,$-144,$-32,$-30,$144,$-48,$0,$0,$0,$-20,$-20,$0,$-68,$-195,$0,$-195,$0,$0,$-123,$417,$99,$175,$0,$-123
7,2016-12-31,33.24,$59.72,0.56,$46.27,0.72,$10.67,3.12,$1.64,20.27,$0.99B,$1.62B,0.61,$4.91B,$6.85B,0.72,$5.31B,$1.19B,22.38%,$5.31B,$0.21B,3.90%,$5.31B,$0.21B,3.90%,$5.31B,$0.59B,11.02%,$5.31B,$0.22B,4.11%,$5.31B,$0.19B,3.54%,$0.19B,$6.85B,5.03%,$0.19B,$6.48B,5.35%,$0.19B,$13.61B,2.56%,$0.21B,$11.76B,3.08%,$398,$254,$144,$0,$66,$351,$47,$32,$79,$-1,$80,$80,$44,$141,$47,$115,115,$0.38,$0.38,$1,$72,$129,$994,$9069,$2969,$373,$206,$12617,$13611,$1623,$4907,$200,$5135,$6758,$6829,$0,$-8,$6853,$13611,$94,$378,$246,$624,$-247,$-21,$199,$-4,$-73,$645,$-144,$0,$0,$0,$-53,$-53,$163,$-34,$-275,$0,$-275,$0,$0,$-490,$152,$-613,$-2,$0,$-490
8,2016-09-30,29.85,$23.32,1.28,$46.60,0.64,$3.09,9.67,$1.77,16.87,$0.19B,$0.19B,1.02,$2.23B,$2.68B,0.83,$5.35B,$1.22B,22.86%,$5.35B,$0.22B,4.17%,$5.35B,$0.22B,4.17%,$5.35B,$0.71B,13.36%,$5.35B,$0.23B,4.32%,$5.35B,$0.20B,3.80%,$0.20B,$2.68B,7.44%,$0.20B,$2.50B,7.97%,$0.20B,$5.14B,3.82%,$0.22B,$4.91B,4.39%,$1823,$1437,$386,$0,$225,$1731,$92,$-2,$90,$1,$89,$89,$89,$186,$92,$115,115,$0.78,$0.78,$2,$34,$22,$193,$3284,$1474,$177,$16,$4951,$5144,$190,$2231,$47,$2278,$2468,$2655,$0,$-8,$2676,$5144,$133,$284,$136,$420,$-137,$1,$63,$56,$-32,$521,$-113,$0,$0,$0,$-38,$-38,$160,$9,$-290,$0,$-290,$0,$0,$-368,$140,$-518,$12,$0,$-368
9,2016-06-30,28.48,$23.34,1.22,$34.76,0.82,$1.69,16.84,$1.34,21.25,$0.32B,$0.21B,1.51,$2.37B,$2.68B,0.88,$3.99B,$1.02B,25.58%,$3.99B,$0.17B,4.36%,$3.99B,$0.17B,4.36%,$3.99B,$0.63B,15.90%,$3.99B,$0.21B,5.34%,$3.99B,$0.15B,3.86%,$0.15B,$2.68B,5.57%,$0.15B,$2.50B,5.96%,$0.15B,$5.30B,2.84%,$0.17B,$5.05B,3.41%,$1623,$1294,$329,$0,$227,$1635,$-12,$-6,$-18,$3,$-21,$-21,$14,$83,$-12,$115,115,$0.12,$0.12,$1,$29,$150,$319,$3302,$1481,$180,$20,$4983,$5302,$212,$2367,$45,$2412,$2624,$2655,$0,$-8,$2678,$5302,$44,$190,$145,$335,$-87,$4,$24,$-16,$-75,$304,$-83,$0,$0,$0,$-27,$-27,$9,$-101,$-49,$0,$-49,$0,$0,$-245,$90,$-204,$-1,$0,$-245
10,2016-03-31,21.99,$24.00,0.92,$24.36,0.9,$1.12,19.56,$0.93,23.65,$0.22B,$0.18B,1.27,$2.38B,$2.75B,0.86,$2.79B,$0.82B,29.17%,$2.79B,$0.16B,5.65%,$2.79B,$0.16B,5.65%,$2.79B,$0.60B,21.51%,$2.79B,$0.23B,8.05%,$2.79B,$0.11B,3.83%,$0.11B,$2.75B,3.80%,$0.11B,$2.57B,4.08%,$0.11B,$5.35B,1.95%,$0.16B,$5.13B,3.10%,$1464,$1135,$329,$0,$241,$1384,$80,$-13,$67,$2,$65,$65,$41,$175,$80,$115,115,$0.36,$0.36,$1,$37,$49,$223,$3446,$1486,$182,$17,$5131,$5354,$175,$2377,$48,$2425,$2600,$2731,$0,$-8,$2754,$5354,$65,$95,$71,$166,$1,$8,$-55,$-19,$-80,$151,$-57,$0,$0,$0,$-12,$-12,$-7,$-76,$-4,$0,$-4,$0,$0,$-123,$50,$-77,$-2,$0,$-123
11,2015-12-31,19.13,$24.45,0.78,$16.57,1.15,$1.38,13.84,$0.90,21.25,$0.31B,$0.20B,1.53,$2.42B,$2.81B,0.86,$1.90B,$0.65B,34.35%,$1.90B,$0.15B,7.74%,$1.90B,$0.15B,7.74%,$1.90B,$0.52B,27.61%,$1.90B,$0.23B,12.01%,$1.90B,$0.10B,5.48%,$0.10B,$2.81B,3.61%,$0.10B,$2.62B,3.90%,$0.10B,$5.48B,1.87%,$0.15B,$5.23B,2.89%,$435,$257,$178,$0,$79,$372,$63,$29,$92,$-2,$94,$94,$59,$270,$63,$115,115,$0.51,$0.51,$2,$43,$107,$306,$3476,$1493,$184,$18,$5171,$5477,$200,$2424,$48,$2472,$2672,$2780,$0,$-8,$2805,$5477,$-866,$377,$789,$1166,$479,$29,$-381,$15,$142,$442,$-811,$0,$0,$0,$-64,$-64,$164,$-711,$-992,$0,$-992,$31,$31,$-487,$1693,$245,$-24,$0,$-487
12,2015-09-30,18.23,$24.68,0.74,$21.04,0.87,$6.34,2.87,$1.87,9.75,$0.37B,$0.51B,0.72,$2.18B,$2.83B,0.77,$2.34B,$0.78B,33.32%,$2.34B,$0.28B,12.03%,$2.34B,$0.28B,12.03%,$2.34B,$0.48B,20.52%,$2.34B,$0.34B,14.46%,$2.34B,$0.21B,9.09%,$0.21B,$2.83B,7.25%,$0.21B,$2.65B,7.89%,$0.21B,$5.57B,3.78%,$0.28B,$5.01B,5.59%,$465,$281,$184,$0,$79,$422,$43,$29,$72,$0,$72,$72,$40,$106,$43,$115,115,$0.35,$0.35,$1,$40,$134,$368,$3483,$1490,$185,$43,$5201,$5569,$510,$2179,$48,$2227,$2737,$2810,$0,$-8,$2832,$5569,$139,$170,$27,$197,$74,$23,$-80,$128,$157,$493,$-245,$0,$0,$0,$-54,$-54,$0,$-299,$116,$0,$116,$28,$28,$-362,$0,$-218,$-24,$0,$-362
13,2015-06-30,22.5,$25.13,0.9,$24.81,0.91,$5.88,3.82,$2.29,9.83,$0.36B,$0.49B,0.74,$2.16B,$2.88B,0.75,$2.75B,$0.81B,29.30%,$2.75B,$0.35B,12.74%,$2.75B,$0.35B,12.74%,$2.75B,$0.51B,18.67%,$2.75B,$0.39B,14.02%,$2.75B,$0.26B,9.43%,$0.26B,$2.88B,8.79%,$0.26B,$2.66B,9.65%,$0.26B,$5.58B,4.59%,$0.35B,$5.05B,6.88%,$430,$306,$124,$0,$73,$458,$-28,$22,$-6,$-4,$-2,$-2,$-33,$50,$-28,$115,115,$-0.29,$-0.29,$24,$39,$133,$361,$3474,$1485,$220,$43,$5222,$5583,$490,$2162,$48,$2210,$2700,$2860,$0,$-8,$2883,$5583,$67,$107,$22,$129,$102,$24,$-86,$114,$154,$350,$-194,$0,$0,$0,$-46,$-46,$0,$-240,$100,$0,$100,$32,$32,$-243,$0,$-111,$-1,$0,$-243
14,2015-03-31,26.57,$26.20,1.01,$28.55,0.93,$5.90,4.5,$2.60,10.22,$0.47B,$0.53B,0.9,$2.06B,$3.01B,0.69,$3.13B,$0.82B,26.11%,$3.13B,$0.42B,13.26%,$3.13B,$0.42B,13.26%,$3.13B,$0.53B,16.87%,$3.13B,$0.42B,13.45%,$3.13B,$0.29B,9.40%,$0.29B,$3.01B,10.11%,$0.29B,$2.74B,11.17%,$0.29B,$5.64B,5.24%,$0.42B,$5.07B,8.16%,$568,$402,$166,$0,$68,$499,$69,$1,$70,$1,$69,$69,$38,$98,$69,$114,114,$0.33,$0.33,$33,$36,$198,$470,$3374,$1481,$271,$48,$5174,$5644,$525,$2062,$51,$2113,$2638,$2982,$0,$-8,$3006,$5644,$69,$29,$5,$34,$61,$27,$-59,$44,$85,$188,$-65,$0,$0,$0,$-25,$-25,$0,$-90,$0,$0,$0,$31,$31,$-121,$0,$-90,$8,$0,$-121
15,2014-12-31,32.01,$26.56,1.21,$35.15,0.91,$5.71,5.61,$2.77,11.56,$0.59B,$0.60B,0.98,$2.04B,$3.03B,0.68,$3.64B,$0.85B,23.26%,$3.64B,$0.45B,12.47%,$3.64B,$0.45B,12.47%,$3.64B,$0.56B,15.49%,$3.64B,$0.44B,12.16%,$3.64B,$0.30B,8.32%,$0.30B,$3.03B,10.69%,$0.30B,$2.75B,11.85%,$0.30B,$5.72B,5.45%,$0.45B,$5.07B,8.94%,$881,$574,$307,$0,$78,$683,$198,$5,$203,$0,$203,$203,$168,$227,$198,$107,107,$1.55,$1.55,$25,$63,$232,$590,$3347,$1459,$274,$52,$5132,$5722,$601,$2044,$51,$2095,$2696,$3002,$0,$-9,$3026,$5722,$437,$110,$59,$169,$68,$4,$-67,$-95,$-82,$524,$-338,$0,$-775,$0,$-151,$-151,$28,$-1236,$384,$0,$384,$1004,$1004,$-434,$-229,$725,$13,$0,$-434
16,2014-09-30,37.81,$25.47,1.48,$37.36,1.01,$3.74,10.12,$1.38,27.4,$0.57B,$0.39B,1.46,$2.31B,$2.87B,0.81,$3.58B,$0.69B,19.37%,$3.58B,$0.30B,8.49%,$3.58B,$0.30B,8.49%,$3.58B,$0.41B,11.47%,$3.58B,$0.29B,7.98%,$3.58B,$0.14B,3.99%,$0.14B,$2.87B,5.44%,$0.14B,$2.59B,6.08%,$0.14B,$5.62B,2.71%,$0.30B,$5.18B,6.39%,$868,$660,$208,$0,$70,$757,$111,$7,$118,$2,$116,$116,$86,$138,$111,$111,111,$0.77,$0.77,$97,$64,$98,$573,$3274,$1434,$276,$60,$5044,$5617,$393,$2311,$48,$2359,$2752,$2843,$0,$-9,$2865,$5617,$234,$81,$46,$127,$30,$3,$-22,$41,$74,$435,$-246,$0,$-776,$0,$-116,$-116,$22,$-1116,$384,$0,$384,$927,$927,$-315,$-230,$766,$85,$0,$-315
17,2014-06-30,39.01,$24.84,1.57,$37.84,1.03,$2.06,18.96,$0.37,105.43,$0.49B,$0.38B,1.28,$2.31B,$2.73B,0.85,$3.40B,$0.60B,17.54%,$3.40B,$0.21B,6.08%,$3.40B,$0.21B,6.08%,$3.40B,$0.31B,9.17%,$3.40B,$0.18B,5.14%,$3.40B,$0.04B,1.09%,$0.04B,$2.73B,1.51%,$0.04B,$2.45B,1.71%,$0.04B,$5.47B,0.75%,$0.21B,$5.04B,4.65%,$812,$676,$136,$0,$71,$775,$37,$-7,$30,$1,$29,$29,$2,$65,$37,$108,108,$0.02,$0.02,$57,$32,$80,$486,$3207,$1426,$278,$71,$4982,$5468,$379,$2310,$48,$2358,$2737,$2740,$0,$-9,$2731,$5468,$118,$54,$28,$82,$26,$35,$-19,$49,$100,$300,$-151,$0,$-771,$0,$-93,$-93,$17,$-998,$384,$0,$384,$790,$790,$-203,$-228,$743,$45,$0,$-203
18,2014-03-31,33.82,$25.12,1.35,$40.59,0.83,$1.80,18.83,$1.46,23.16,$0.50B,$0.37B,1.35,$2.31B,$2.71B,0.85,$3.38B,$0.67B,19.78%,$3.38B,$0.29B,8.48%,$3.38B,$0.29B,8.48%,$3.38B,$0.39B,11.44%,$3.38B,$0.26B,7.57%,$3.38B,$0.12B,3.58%,$0.12B,$2.71B,5.50%,$0.12B,$2.43B,6.31%,$0.12B,$5.44B,2.65%,$0.29B,$5.02B,7.07%,$1081,$885,$196,$0,$61,$973,$108,$-16,$92,$3,$89,$89,$47,$134,$108,$93,93,$0.50,$0.50,$27,$33,$88,$504,$3146,$1410,$281,$96,$4933,$5437,$374,$2310,$42,$2352,$2726,$2687,$0,$-9,$2711,$5437,$89,$26,$14,$40,$-14,$34,$-16,$7,$17,$146,$-63,$0,$-769,$0,$-65,$-65,$1,$-896,$405,$0,$405,$674,$674,$-96,$-218,$765,$15,$0,$-96
19,2013-12-31,33.49,$24.85,1.35,$40.52,0.83,$1.69,19.81,$1.44,23.25,$0.50B,$0.72B,0.7,$1.59B,$2.21B,0.72,$3.05B,$0.63B,20.49%,$3.05B,$0.24B,8.00%,$3.05B,$0.24B,8.00%,$3.05B,$0.34B,11.11%,$3.05B,$0.23B,7.37%,$3.05B,$0.11B,3.44%,$0.11B,$2.21B,5.43%,$0.11B,$1.93B,6.37%,$0.11B,$4.57B,2.52%,$0.24B,$3.80B,6.68%,$821,$667,$154,$0,$75,$773,$48,$-2,$46,$6,$40,$40,$8,$74,$48,$78,78,$-0.01,$-0.01,$12,$67,$82,$503,$3046,$627,$283,$108,$4064,$4567,$723,$1590,$41,$1631,$2354,$1996,$0,$-11,$2213,$4567,$217,$95,$25,$120,$-89,$9,$51,$32,$8,$345,$-363,$0,$-782,$0,$-242,$-242,$0,$-1387,$304,$0,$304,$1130,$1130,$-304,$-78,$1052,$10,$0,$-304
20,2013-09-30,32.53,$24.46,1.33,$43.17,0.75,$-5.09,0.0,$2.22,14.65,$0.42B,$0.36B,1.17,$1.80B,$2.13B,0.84,$2.95B,$0.66B,22.41%,$2.95B,$0.29B,9.88%,$2.95B,$0.29B,9.88%,$2.95B,$0.38B,13.01%,$2.95B,$0.27B,9.27%,$2.95B,$0.15B,5.09%,$0.15B,$2.13B,8.43%,$0.15B,$1.85B,10.06%,$0.15B,$4.33B,3.82%,$0.29B,$3.93B,8.30%,$689,$578,$111,$0,$73,$675,$14,$-7,$7,$1,$6,$6,$-20,$39,$14,$83,83,$-0.24,$-0.24,$1,$54,$88,$420,$2960,$532,$285,$134,$3911,$4331,$358,$1801,$39,$1840,$2198,$1922,$0,$-12,$2133,$4331,$177,$69,$17,$86,$-25,$22,$-1,$10,$16,$279,$-277,$0,$-782,$0,$-150,$-150,$0,$-1209,$180,$0,$180,$1036,$1036,$-214,$-73,$929,$-1,$0,$-214
21,2013-06-30,34.97,$22.38,1.56,$45.16,0.77,$-8.76,0.0,$2.30,15.2,$0.42B,$0.41B,1.02,$1.74B,$1.75B,0.99,$2.86B,$0.65B,22.73%,$2.86B,$0.29B,10.00%,$2.86B,$0.29B,10.00%,$2.86B,$0.37B,13.01%,$2.86B,$0.28B,9.65%,$2.86B,$0.16B,5.59%,$0.16B,$1.75B,10.45%,$0.16B,$1.46B,12.89%,$0.16B,$3.94B,4.60%,$0.29B,$3.49B,9.33%,$792,$584,$208,$0,$68,$675,$117,$-6,$111,$0,$111,$111,$86,$140,$117,$77,77,$1.11,$1.11,$9,$36,$99,$420,$2679,$384,$287,$169,$3519,$3939,$410,$1740,$39,$1779,$2189,$1546,$0,$-13,$1750,$3939,$171,$44,$12,$56,$-26,$39,$72,$-37,$54,$281,$-195,$0,$-486,$0,$-87,$-87,$0,$-768,$119,$0,$119,$594,$594,$-136,$-83,$494,$7,$0,$-136
22,2013-03-31,29.69,$21.37,1.39,$47.79,0.62,$-13.17,0.0,$2.52,11.78,$0.47B,$0.42B,1.12,$1.74B,$1.64B,1.06,$2.74B,$0.62B,22.66%,$2.74B,$0.27B,9.69%,$2.74B,$0.27B,9.69%,$2.74B,$0.34B,12.54%,$2.74B,$0.25B,9.21%,$2.74B,$0.14B,5.23%,$0.14B,$1.64B,10.41%,$0.14B,$1.35B,13.21%,$0.14B,$3.85B,4.65%,$0.27B,$3.38B,9.78%,$749,$597,$152,$0,$62,$684,$65,$-4,$61,$1,$60,$60,$31,$86,$65,$65,65,$0.48,$0.48,$37,$30,$78,$473,$2606,$326,$289,$152,$3373,$3846,$424,$1739,$42,$1781,$2205,$1453,$0,$-14,$1641,$3846,$60,$21,$7,$28,$-79,$46,$77,$10,$64,$152,$-101,$0,$-481,$0,$-26,$-26,$0,$-608,$119,$0,$119,$510,$510,$-62,$-76,$491,$35,$0,$-62
23,2012-12-31,26.19,$25.98,1.01,$54.09,0.48,$-15.18,0.0,$2.30,11.39,$0.37B,$0.35B,1.07,$1.62B,$1.59B,1.02,$2.82B,$0.61B,21.57%,$2.82B,$0.25B,8.71%,$2.82B,$0.25B,8.71%,$2.82B,$0.34B,11.93%,$2.82B,$0.23B,8.14%,$2.82B,$0.12B,4.39%,$0.12B,$1.59B,10.09%,$0.12B,$1.30B,13.26%,$0.12B,$3.60B,4.62%,$0.25B,$3.21B,10.48%,$715,$526,$189,$0,$71,$620,$95,$-1,$94,$0,$94,$94,$53,$118,$95,$55,55,$0.85,$0.85,$2,$76,$51,$368,$2550,$304,$291,$90,$3235,$3603,$345,$1620,$44,$1664,$2009,$1420,$0,$-15,$1594,$3603,$229,$91,$1,$92,$-11,$14,$-194,$-33,$-219,$102,$-484,$0,$-745,$0,$-157,$-157,$2,$-1384,$873,$0,$873,$490,$490,$-190,$103,$1276,$-6,$0,$-190
24,2012-09-30,28.69,$19.29,1.49,$53.42,0.54,$-8.11,0.0,$1.25,22.95,$0.27B,$0.30B,0.92,$1.04B,$1.14B,0.91,$2.66B,$0.51B,19.03%,$2.66B,$0.16B,6.16%,$2.66B,$0.16B,6.16%,$2.66B,$0.29B,10.92%,$2.66B,$0.15B,5.48%,$2.66B,$0.06B,2.36%,$0.06B,$1.14B,5.70%,$0.06B,$0.85B,7.79%,$0.06B,$2.52B,2.68%,$0.16B,$2.18B,8.18%,$604,$503,$101,$0,$73,$595,$9,$1,$10,$0,$10,$10,$-10,$28,$9,$59,59,$-0.16,$-0.16,$8,$72,$50,$271,$1674,$229,$293,$51,$2247,$2517,$296,$1038,$42,$1080,$1376,$1123,$0,$-16,$1142,$2517,$135,$68,$0,$68,$81,$17,$-148,$-13,$-51,$152,$-366,$0,$-405,$0,$-85,$-85,$1,$-855,$291,$0,$291,$452,$452,$-133,$94,$704,$1,$0,$-133
25,2012-06-30,25.65,$21.49,1.19,$56.56,0.45,$-2.60,0.0,$2.76,9.29,$0.26B,$0.23B,1.13,$0.95B,$1.12B,0.85,$2.65B,$0.55B,20.76%,$2.65B,$0.23B,8.48%,$2.65B,$0.23B,8.48%,$2.65B,$0.36B,13.53%,$2.65B,$0.21B,7.72%,$2.65B,$0.13B,5.01%,$0.13B,$1.12B,12.85%,$0.13B,$0.83B,17.82%,$0.13B,$2.33B,6.09%,$0.23B,$2.07B,12.95%,$668,$490,$178,$0,$67,$572,$96,$-9,$87,$0,$87,$87,$69,$111,$96,$52,52,$1.33,$1.33,$6,$74,$55,$255,$1579,$147,$295,$58,$2079,$2334,$227,$948,$39,$987,$1214,$1102,$0,$-17,$1120,$2334,$125,$49,$0,$49,$98,$15,$-204,$-41,$-127,$47,$-218,$0,$-291,$0,$-41,$-41,$0,$-550,$201,$0,$201,$248,$248,$-82,$134,$501,$-2,$0,$-82
26,2012-03-31,27.49,$20.49,1.34,$56.71,0.48,$1.56,17.65,$2.23,12.33,$0.29B,$0.31B,0.96,$0.87B,$1.06B,0.82,$2.56B,$0.50B,19.32%,$2.56B,$0.19B,7.38%,$2.56B,$0.19B,7.38%,$2.56B,$0.33B,13.00%,$2.56B,$0.18B,6.87%,$2.56B,$0.10B,3.86%,$0.10B,$1.06B,10.31%,$0.10B,$0.76B,14.56%,$0.10B,$2.29B,4.83%,$0.19B,$1.93B,12.70%,$837,$696,$141,$0,$61,$791,$46,$-7,$39,$1,$38,$38,$12,$80,$46,$47,47,$0.26,$0.26,$6,$69,$40,$291,$1546,$109,$297,$46,$1998,$2289,$305,$865,$59,$924,$1228,$1044,$0,$-19,$1061,$2289,$38,$34,$0,$34,$60,$19,$-122,$12,$-28,$44,$-102,$0,$-311,$0,$-1,$-1,$0,$-414,$118,$0,$118,$237,$237,$-39,$52,$368,$-2,$0,$-39
27,2011-12-31,28.08,$24.49,1.15,$54.25,0.52,$4.23,6.63,$1.69,16.62,$0.35B,$0.38B,0.93,$0.75B,$1.10B,0.68,$2.36B,$0.43B,18.06%,$2.36B,$0.15B,6.36%,$2.36B,$0.15B,6.36%,$2.36B,$0.29B,12.08%,$2.36B,$0.14B,5.98%,$2.36B,$0.08B,3.22%,$0.08B,$1.10B,8.46%,$0.08B,$0.80B,12.15%,$0.08B,$2.28B,3.94%,$0.15B,$1.85B,10.88%,$555,$469,$87,$0,$48,$542,$14,$-3,$10,$-0,$11,$11,$-8,$72,$14,$45,45,$-0.19,$-0.18,$8,$88,$43,$354,$1499,$107,$299,$18,$1924,$2277,$381,$747,$52,$799,$1179,$907,$0,$-21,$1098,$2277,$193,$133,$-22,$111,$34,$-14,$106,$-43,$83,$387,$-384,$0,$-152,$0,$-6,$-6,$5,$-537,$99,$0,$99,$188,$188,$-177,$41,$151,$1,$0,$-177
28,2011-09-30,23.33,$19.36,1.2,$50.73,0.46,$6.39,3.65,$1.75,13.33,$0.20B,$0.69B,0.29,$0.25B,$0.86B,0.29,$2.15B,$0.39B,18.31%,$2.15B,$0.14B,6.69%,$2.15B,$0.14B,6.69%,$2.15B,$0.25B,11.71%,$2.15B,$0.14B,6.51%,$2.15B,$0.08B,3.67%,$0.08B,$0.86B,9.45%,$0.08B,$0.60B,13.77%,$0.08B,$1.84B,4.35%,$0.14B,$1.11B,11.14%,$594,$449,$145,$0,$49,$523,$70,$-2,$69,$0,$68,$68,$60,$96,$70,$44,44,$1.35,$1.35,$2,$57,$11,$198,$1138,$222,$262,$19,$1641,$1839,$692,$250,$37,$287,$979,$668,$0,$-23,$860,$1839,$129,$75,$6,$81,$53,$-3,$-26,$-55,$-29,$181,$-99,$0,$-175,$0,$-5,$-5,$0,$-278,$78,$0,$78,$161,$161,$-124,$-21,$94,$-4,$0,$-124
29,2011-06-30,23.53,$18.67,1.26,$43.97,0.54,$7.29,3.23,$0.17,138.38,$0.19B,$0.65B,0.29,$0.25B,$0.82B,0.3,$1.80B,$0.29B,16.07%,$1.80B,$0.08B,4.28%,$1.80B,$0.08B,4.28%,$1.80B,$0.18B,9.90%,$1.80B,$0.07B,4.12%,$1.80B,$0.01B,0.61%,$0.01B,$0.82B,1.40%,$0.01B,$0.56B,2.02%,$0.01B,$1.80B,0.64%,$0.08B,$1.07B,5.77%,$576,$453,$122,$0,$38,$515,$60,$-3,$58,$0,$57,$57,$35,$85,$60,$44,44,$0.80,$0.80,$2,$0,$3,$188,$1115,$219,$264,$9,$1607,$1795,$654,$250,$68,$318,$972,$623,$0,$-23,$823,$1795,$61,$49,$-4,$45,$44,$7,$-40,$-10,$1,$106,$-68,$0,$-152,$0,$-1,$-1,$0,$-221,$63,$0,$63,$145,$145,$-79,$-18,$111,$-4,$0,$-79
30,2011-03-31,22.92,$18.39,1.25,$38.97,0.59,$8.29,2.76,0,0.0,$0.20B,$0.24B,0.83,$0.68B,$0.81B,0.83,$1.50B,$0.24B,15.93%,$1.50B,$0.05B,3.00%,$1.50B,$0.05B,3.00%,$1.50B,$0.14B,9.33%,$1.50B,$0.04B,2.87%,$1.50B,$-0.00B,-0.13%,$-0.00B,$0.81B,-0.27%,$-0.00B,$0.55B,-0.39%,$-0.00B,$1.81B,-0.12%,$0.05B,$1.49B,3.28%,$634,$562,$72,$0,$40,$627,$7,$-4,$4,$0,$4,$4,$-11,$32,$7,$41,41,$-0.28,$-0.28,$5,$42,$2,$200,$1121,$216,$265,$10,$1611,$1811,$240,$676,$85,$761,$1001,$613,$0,$-23,$811,$1811,$4,$24,$3,$27,$29,$28,$-29,$32,$62,$93,$-33,$0,$-151,$0,$-0,$-0,$0,$-184,$28,$0,$28,$143,$143,$-36,$-43,$92,$0,$0,$-36
31,2010-12-31,20.85,$21.02,0.99,$35.29,0.59,$8.05,2.59,$0.92,22.67,$0.23B,$0.21B,1.1,$0.65B,$0.85B,0.76,$1.27B,$0.24B,18.74%,$1.27B,$0.06B,5.04%,$1.27B,$0.06B,5.04%,$1.27B,$0.15B,11.89%,$1.27B,$0.07B,5.67%,$1.27B,$0.03B,2.44%,$0.03B,$0.85B,4.56%,$0.03B,$0.59B,6.29%,$0.03B,$1.81B,2.00%,$0.06B,$1.50B,4.91%,$348,$294,$55,$0,$30,$342,$7,$2,$9,$-0,$9,$9,$-5,$39,$7,$39,39,$-0.12,$-0.12,$7,$64,$10,$232,$1097,$217,$259,$9,$1581,$1813,$211,$648,$103,$751,$962,$658,$0,$-28,$851,$1813,$100,$88,$-4,$84,$-48,$1,$10,$13,$-22,$162,$-76,$0,$-282,$10,$-1,$9,$4,$-346,$35,$0,$35,$204,$204,$-128,$77,$188,$5,$0,$-128
32,2010-09-30,18.37,$17.66,1.04,$35.98,0.51,$4.31,4.26,$0.69,26.62,$0.16B,$0.16B,0.99,$0.61B,$0.66B,0.92,$1.22B,$0.22B,18.33%,$1.22B,$0.05B,4.42%,$1.22B,$0.05B,4.42%,$1.22B,$0.13B,10.39%,$1.22B,$0.07B,5.65%,$1.22B,$0.03B,2.05%,$0.03B,$0.66B,4.04%,$0.03B,$0.48B,5.46%,$0.03B,$1.50B,1.71%,$0.05B,$1.28B,4.38%,$240,$200,$40,$0,$27,$237,$3,$1,$3,$0,$3,$3,$-8,$22,$3,$36,36,$-0.23,$-0.23,$12,$0,$12,$158,$1043,$104,$187,$7,$1341,$1499,$160,$613,$62,$675,$835,$476,$0,$-33,$664,$1499,$63,$56,$-8,$48,$52,$19,$-45,$0,$27,$137,$-37,$0,$-104,$10,$-26,$-16,$2,$-155,$-0,$0,$-0,$104,$104,$-90,$15,$28,$10,$0,$-90
33,2010-06-30,17.21,$17.45,0.99,$35.80,0.48,$0.02,705.39,$1.13,15.23,$0.14B,$0.14B,0.96,$0.62B,$0.60B,1.02,$1.19B,$0.24B,20.03%,$1.19B,$0.06B,5.22%,$1.19B,$0.06B,5.22%,$1.19B,$0.13B,11.20%,$1.19B,$0.08B,6.57%,$1.19B,$0.04B,3.37%,$0.04B,$0.60B,6.74%,$0.04B,$0.45B,8.96%,$0.04B,$1.41B,2.79%,$0.06B,$1.22B,5.13%,$278,$206,$72,$0,$29,$250,$28,$-1,$27,$0,$27,$27,$22,$47,$28,$35,35,$0.63,$0.63,$5,$20,$6,$135,$1009,$110,$151,$9,$1279,$1413,$141,$615,$54,$669,$809,$413,$0,$-34,$604,$1413,$59,$37,$1,$38,$48,$15,$-43,$-27,$-7,$90,$-25,$0,$-22,$10,$-27,$-17,$2,$-63,$2,$0,$2,$9,$9,$-57,$22,$-24,$3,$0,$-57
34,2010-03-31,17.01,$17.36,0.98,$32.58,0.52,$-3.95,0.0,$-0.91,0.0,$0.17B,$0.18B,0.96,$0.62B,$0.60B,1.02,$1.06B,$0.17B,16.01%,$1.06B,$-0.00B,-0.28%,$1.06B,$-0.00B,-0.28%,$1.06B,$0.07B,6.12%,$1.06B,$0.01B,1.04%,$1.06B,$-0.03B,-2.54%,$-0.03B,$0.60B,-4.62%,$-0.03B,$0.45B,-6.13%,$-0.03B,$1.46B,-1.89%,$-0.00B,$1.22B,-0.25%,$404,$333,$71,$0,$28,$378,$26,$7,$33,$0,$32,$32,$22,$43,$26,$35,35,$0.64,$0.64,$3,$43,$8,$174,$1017,$114,$152,$8,$1290,$1464,$181,$615,$67,$682,$863,$412,$0,$-34,$601,$1464,$32,$18,$-1,$16,$32,$-9,$-9,$-9,$5,$54,$-12,$0,$-22,$10,$-1,$9,$0,$-25,$2,$0,$2,$4,$4,$-28,$-6,$-29,$1,$0,$-28
35,2009-12-31,15.34,$17.49,0.88,$30.99,0.49,$-6.05,0.0,$-0.88,0.0,$0.20B,$0.19B,1.04,$0.61B,$0.61B,1.01,$0.94B,$0.17B,17.73%,$0.94B,$-0.00B,-0.11%,$0.94B,$-0.00B,-0.11%,$0.94B,$0.07B,6.90%,$0.94B,$-0.00B,-0.21%,$0.94B,$-0.03B,-3.18%,$-0.03B,$0.61B,-5.72%,$-0.03B,$0.45B,-7.79%,$-0.03B,$1.48B,-2.22%,$-0.00B,$1.22B,-0.09%,$300,$260,$41,$0,$26,$303,$-3,$9,$6,$1,$5,$5,$-11,$15,$-3,$31,31,$-0.46,$-0.46,$2,$34,$9,$198,$1000,$125,$153,$7,$1284,$1482,$191,$613,$72,$685,$876,$410,$0,$-32,$605,$1482,$-2,$65,$2,$67,$-37,$-13,$22,$82,$53,$117,$-165,$0,$-45,$50,$-5,$45,$0,$-164,$-44,$0,$-44,$70,$70,$-34,$-6,$-13,$-60,$0,$-34
36,2009-09-30,12.59,$17.78,0.71,$43.14,0.29,$-0.70,0.0,$2.24,5.62,$0.14B,$0.15B,0.91,$0.61B,$0.56B,1.09,$1.24B,$0.37B,29.73%,$1.24B,$0.19B,15.02%,$1.24B,$0.19B,15.02%,$1.24B,$0.25B,20.11%,$1.24B,$0.16B,12.60%,$1.24B,$0.12B,9.29%,$0.12B,$0.56B,22.36%,$0.12B,$0.43B,30.38%,$0.12B,$1.38B,8.61%,$0.19B,$1.18B,16.14%,$206,$151,$54,$0,$27,$195,$11,$1,$12,$0,$12,$12,$7,$28,$11,$32,32,$0.21,$0.21,$13,$25,$13,$139,$976,$128,$134,$7,$1245,$1384,$152,$613,$55,$668,$819,$371,$0,$-34,$564,$1384,$-8,$47,$-1,$46,$28,$-4,$-23,$56,$57,$95,$-143,$0,$1,$50,$-6,$44,$0,$-98,$-44,$0,$-44,$73,$73,$-78,$3,$-46,$-49,$0,$-78
37,2009-06-30,10.71,$20.03,0.53,$56.22,0.19,$3.53,3.03,$5.00,2.14,$0.12B,$0.13B,0.93,$0.64B,$0.57B,1.13,$1.58B,$0.52B,32.51%,$1.58B,$0.34B,21.15%,$1.58B,$0.34B,21.15%,$1.58B,$0.39B,24.87%,$1.58B,$0.30B,19.19%,$1.58B,$0.26B,16.16%,$0.26B,$0.57B,59.33%,$0.26B,$0.43B,84.84%,$0.26B,$1.39B,19.99%,$0.34B,$1.20B,31.02%,$152,$148,$4,$0,$24,$189,$-37,$-3,$-40,$0,$-40,$-40,$-45,$-21,$-37,$32,32,$-1.41,$-1.41,$5,$0,$8,$122,$974,$152,$135,$8,$1270,$1391,$131,$638,$57,$695,$826,$383,$0,$-31,$566,$1391,$-20,$31,$0,$31,$23,$4,$-38,$52,$40,$51,$-118,$0,$-0,$25,$-6,$19,$0,$-99,$-19,$0,$-19,$51,$51,$-45,$3,$-10,$-57,$0,$-45
38,2009-03-31,6.73,$12.88,0.52,$63.64,0.11,$7.05,0.95,$0.75,8.98,$0.12B,$0.11B,1.12,$0.65B,$0.36B,1.77,$1.78B,$0.41B,23.03%,$1.78B,$0.23B,13.01%,$1.78B,$0.23B,13.01%,$1.78B,$0.29B,16.39%,$1.78B,$0.20B,11.49%,$1.78B,$0.14B,7.94%,$0.14B,$0.36B,44.66%,$0.14B,$0.23B,73.34%,$0.14B,$1.15B,11.33%,$0.23B,$1.01B,23.82%,$284,$217,$68,$0,$25,$256,$28,$-8,$20,$0,$20,$20,$19,$43,$28,$28,28,$0.67,$0.67,$12,$18,$17,$118,$647,$235,$136,$14,$1031,$1150,$106,$645,$35,$680,$786,$372,$0,$-41,$364,$1150,$20,$15,$2,$17,$14,$3,$-20,$-2,$-6,$31,$-56,$0,$-0,$-0,$-0,$-0,$0,$-57,$-12,$0,$-12,$9,$9,$-24,$3,$-24,$-50,$0,$-24
39,2008-12-31,4.27,$22.82,0.19,$67.12,0.06,$8.59,0.5,$-0.25,0.0,$0.22B,$0.16B,1.32,$0.66B,$0.56B,1.17,$1.83B,$0.35B,19.07%,$1.83B,$0.19B,10.16%,$1.83B,$0.19B,10.16%,$1.83B,$0.24B,13.11%,$1.83B,$0.18B,9.73%,$1.83B,$0.11B,6.17%,$0.11B,$0.56B,38.77%,$0.11B,$0.43B,64.85%,$0.11B,$1.42B,8.93%,$0.19B,$1.22B,19.62%,$596,$354,$242,$0,$39,$412,$184,$-20,$164,$0,$164,$164,$134,$199,$184,$27,27,$4.90,$4.90,$62,$21,$16,$215,$883,$172,$137,$13,$1204,$1420,$163,$657,$37,$694,$857,$436,$0,$-41,$563,$1420,$178,$53,$20,$73,$101,$16,$-108,$-82,$-73,$178,$-73,$0,$-157,$42,$-7,$35,$3,$-192,$27,$0,$27,$90,$90,$-55,$-14,$47,$33,$0,$-55
40,2008-09-30,7.36,$9.46,0.78,$56.45,0.13,$6.47,1.14,$-4.71,0.0,$0.15B,$0.13B,1.18,$0.66B,$0.23B,2.81,$1.50B,$0.09B,5.73%,$1.50B,$-0.05B,-3.07%,$1.50B,$-0.05B,-3.07%,$1.50B,$0.02B,1.20%,$1.50B,$-0.03B,-1.73%,$1.50B,$-0.06B,-4.07%,$-0.06B,$0.23B,-31.65%,$-0.06B,$0.12B,-73.94%,$-0.06B,$1.16B,-5.12%,$-0.05B,$0.89B,-5.46%,$552,$351,$201,$0,$28,$392,$160,$-0,$160,$0,$160,$160,$148,$173,$160,$28,28,$5.24,$5.24,$26,$32,$4,$150,$497,$403,$110,$3,$1013,$1162,$127,$655,$118,$802,$929,$249,$0,$-15,$233,$1162,$34,$39,$6,$45,$63,$6,$-90,$64,$43,$121,$-44,$0,$-11,$-121,$-2,$-123,$3,$-176,$25,$0,$25,$147,$147,$-97,$-15,$60,$5,$0,$-97
41,2008-06-30,12.46,$4.17,2.99,$45.33,0.27,$6.19,2.01,$-7.39,0.0,$0.23B,$0.23B,0.99,$0.66B,$0.10B,6.41,$1.14B,$-0.09B,-7.92%,$1.14B,$-0.20B,-17.77%,$1.14B,$-0.20B,-17.77%,$1.14B,$-0.14B,-12.58%,$1.14B,$-0.18B,-15.66%,$1.14B,$-0.20B,-17.77%,$-0.20B,$0.10B,-105.07%,$-0.20B,$-0.01B,-247.85%,$-0.20B,$1.25B,-17.31%,$-0.20B,$0.76B,-24.16%,$344,$446,$-102,$0,$27,$485,$-141,$1,$-140,$0,$-140,$-140,$-160,$-124,$-141,$28,28,$-5.67,$-5.67,$13,$39,$41,$226,$499,$406,$111,$4,$1019,$1246,$228,$660,$227,$915,$1143,$116,$0,$-13,$103,$1246,$-126,$26,$3,$29,$-23,$-2,$17,$177,$168,$71,$-31,$0,$-11,$-120,$-2,$-122,$0,$-164,$30,$0,$30,$141,$141,$-69,$-13,$90,$-3,$0,$-69
42,2008-03-31,12.12,$10.83,1.12,$43.18,0.28,$6.58,1.84,$-1.72,0.0,$0.21B,$0.17B,1.18,$0.66B,$0.27B,2.45,$0.97B,$0.03B,2.87%,$0.97B,$-0.06B,-6.47%,$0.97B,$-0.06B,-6.47%,$0.97B,$-0.02B,-1.64%,$0.97B,$-0.04B,-3.80%,$0.97B,$-0.04B,-4.31%,$-0.04B,$0.27B,-18.94%,$-0.04B,$0.16B,-32.88%,$-0.04B,$1.23B,-4.19%,$-0.06B,$0.92B,-8.26%,$338,$330,$8,$0,$16,$354,$-17,$11,$-6,$0,$-6,$-6,$-9,$-8,$-17,$25,25,$-0.36,$-0.36,$54,$31,$8,$205,$504,$409,$111,$4,$1027,$1233,$173,$655,$108,$792,$966,$295,$0,$-28,$267,$1233,$-6,$9,$2,$10,$21,$6,$-43,$37,$21,$25,$-9,$0,$-11,$-119,$-3,$-122,$0,$-142,$25,$0,$25,$136,$136,$-16,$0,$145,$29,$0,$-16
43,2007-12-31,18.93,$7.02,2.7,$43.02,0.44,$6.86,2.76,$-0.81,0.0,$0.22B,$0.22B,1.0,$0.63B,$0.17B,3.74,$0.87B,$0.05B,5.27%,$0.87B,$-0.03B,-3.89%,$0.87B,$-0.03B,-3.89%,$0.87B,$0.01B,0.80%,$0.87B,$-0.02B,-1.72%,$0.87B,$-0.02B,-2.41%,$-0.02B,$0.17B,-11.65%,$-0.02B,$0.06B,-19.81%,$-0.02B,$1.12B,-2.58%,$-0.03B,$0.80B,-5.44%,$266,$287,$-21,$0,$18,$314,$-48,$8,$-40,$-0,$-40,$-40,$-40,$-23,$-48,$24,24,$-1.69,$-1.69,$26,$37,$22,$219,$501,$288,$110,$4,$902,$1121,$220,$630,$76,$733,$952,$183,$0,$-15,$168,$1121,$29,$40,$-2,$39,$-93,$-7,$49,$70,$19,$87,$-46,$0,$-487,$2,$-4,$-2,$0,$-534,$362,$0,$362,$198,$198,$-12,$-117,$430,$-17,$0,$-12
44,2007-09-30,17.47,$13.74,1.27,$43.78,0.4,$9.02,1.94,$1.43,12.22,$0.19B,$0.16B,1.22,$0.63B,$0.23B,2.72,$0.82B,$0.09B,11.53%,$0.82B,$0.03B,3.19%,$0.82B,$0.03B,3.19%,$0.82B,$0.05B,5.52%,$0.82B,$0.06B,6.87%,$0.82B,$0.03B,3.68%,$0.03B,$0.23B,14.62%,$0.03B,$0.12B,19.97%,$0.03B,$1.07B,4.29%,$0.03B,$0.86B,4.65%,$189,$163,$25,$0,$14,$185,$4,$4,$8,$0,$8,$8,$7,$12,$4,$22,22,$0.29,$0.29,$60,$28,$6,$190,$488,$271,$112,$6,$878,$1068,$156,$630,$27,$680,$836,$238,$0,$-7,$231,$1068,$24,$16,$3,$19,$-2,$2,$-2,$25,$23,$66,$-12,$0,$-487,$3,$-4,$-1,$0,$-499,$362,$0,$362,$229,$229,$-29,$-116,$446,$13,$0,$-29
45,2007-06-30,18.74,$16.54,1.13,$44.62,0.42,$7.82,2.4,$1.65,11.36,$0.16B,$0.10B,1.53,$0.25B,$0.22B,1.13,$0.79B,$0.09B,11.66%,$0.79B,$0.03B,3.68%,$0.79B,$0.03B,3.68%,$0.79B,$0.04B,5.58%,$0.79B,$0.06B,7.86%,$0.79B,$0.03B,4.18%,$0.03B,$0.22B,18.62%,$0.03B,$0.18B,22.04%,$0.03B,$0.59B,6.34%,$0.03B,$0.47B,6.89%,$181,$165,$16,$0,$13,$183,$-2,$3,$1,$0,$1,$1,$0,$3,$-2,$18,18,$0.01,$0.01,$55,$30,$3,$159,$371,$6,$44,$6,$428,$587,$104,$249,$13,$262,$366,$222,$0,$-1,$221,$587,$17,$8,$5,$13,$10,$-0,$-14,$15,$10,$40,$-8,$0,$-191,$103,$-4,$100,$0,$-99,$-19,$0,$-19,$129,$129,$-16,$-25,$68,$9,$0,$-16
46,2007-03-31,15.55,$9.79,1.59,$43.71,0.36,$6.88,2.26,$2.11,7.37,$0.14B,$0.11B,1.34,$0.27B,$0.10B,2.64,$0.77B,$0.10B,12.76%,$0.77B,$0.04B,5.21%,$0.77B,$0.04B,5.21%,$0.77B,$0.05B,6.90%,$0.77B,$0.07B,8.98%,$0.77B,$0.04B,5.47%,$0.04B,$0.10B,28.24%,$0.04B,$0.07B,31.88%,$0.04B,$0.48B,9.13%,$0.04B,$0.37B,10.59%,$237,$211,$26,$0,$11,$226,$12,$4,$16,$0,$16,$16,$12,$15,$12,$18,18,$0.58,$0.58,$31,$30,$11,$141,$194,$108,$32,$5,$339,$479,$105,$268,$5,$273,$378,$101,$0,$1,$101,$479,$16,$3,$-1,$2,$11,$0,$-10,$1,$2,$20,$-3,$0,$0,$-10,$-2,$-12,$0,$-16,$0,$0,$0,$0,$0,$-8,$-13,$-21,$-17,$0,$-8
47,2006-12-31,13.57,$25.85,0.53,$45.47,0.3,$6.15,2.21,$1.83,7.42,$0.16B,$0.13B,1.26,$0.27B,$0.27B,1.0,$0.80B,$0.10B,12.06%,$0.80B,$0.04B,4.65%,$0.80B,$0.04B,4.65%,$0.80B,$0.05B,6.28%,$0.80B,$0.06B,7.66%,$0.80B,$0.04B,4.40%,$0.04B,$0.27B,23.41%,$0.04B,$0.24B,25.00%,$0.04B,$0.67B,8.16%,$0.04B,$0.54B,10.31%,$208,$180,$27,$0,$12,$195,$12,$19,$31,$0,$31,$31,$11,$15,$12,$18,18,$0.62,$0.62,$47,$30,$5,$160,$195,$272,$32,$7,$506,$666,$127,$268,$4,$272,$398,$260,$0,$7,$268,$666,$62,$13,$-6,$7,$43,$12,$-32,$2,$26,$95,$-27,$0,$-57,$1,$-11,$-10,$0,$-94,$58,$0,$58,$4,$4,$-22,$-36,$3,$4,$0,$-22
