,Date,Stock Price,Book Value per Share,Price to Book Ratio,TTM Sales per Share,Price to Sales Ratio,TTM FCF per Share,Price to FCF Ratio,TTM Net EPS,PE Ratio,Current Assets,Current Liabilities,Current Ratio,Long Term Debt,Shareholder's Equity_x,Debt to Equity Ratio,TTM Revenue_x,TTM Gross Profit,Gross Margin,TTM Revenue_y,TTM Operating Income,Operating Margin,TTM Revenue_x,TTM EBIT,EBIT Margin,TTM Revenue_y,TTM EBITDA,EBITDA Margin,TTM Revenue_x,TTM Pre-Tax Income,Pre-Tax Margin,TTM Revenue_y,TTM Net Income_x,Net Margin,TTM Net Income_y,Shareholder's Equity_y,Return on Equity,TTM Net Income_x,Tangible Equity,Return on Tangible Equity,TTM Net Income_y,Total Assets,Return on Assets,TTM Net Income,LT Investments & Debt,Return on Investment,revenue,cost-goods-sold,gross-profit,research-development-expenses,selling-general-administrative-expenses,operating-expenses,operating-income,total-non-operating-income-expense,pre-tax-income,total-provision-income-taxes,income-after-taxes,income-from-continuous-operations,net-income,ebitda,ebit,basic-shares-outstanding,shares-outstanding,eps-basic-net-earnings-per-share,eps-earnings-per-share-diluted,cash-on-hand,inventory,other-current-assets,total-current-assets,net-property-plant-equipment,long-term-investments,goodwill-intangible-assets-total,other-long-term-assets,total-long-term-assets,total-assets,total-current-liabilities,long-term-debt,other-non-current-liabilities,total-long-term-liabilities,total-liabilities,common-stock-net,retained-earnings-accumulated-deficit,comprehensive-income,total-share-holder-equity,total-liabilities-share-holders-equity,net-income-loss,total-depreciation-amortization-cash-flow,other-non-cash-items,total-non-cash-items,change-in-accounts-receivable,change-in-inventories,change-in-accounts-payable,change-in-assets-liabilities,total-change-in-assets-liabilities,cash-flow-from-operating-activities,net-change-in-property-plant-equipment,net-change-in-intangible-assets,net-acquisitions-divestitures,net-change-in-short-term-investments,net-change-in-long-term-investments,net-change-in-investments-total,investing-activities-other,cash-flow-from-investing-activities,net-long-term-debt,net-current-debt,debt-issuance-retirement-net-total,net-common-equity-issued-repurchased,net-total-equity-issued-repurchased,total-common-preferred-stock-dividends-paid,financial-activities-other,cash-flow-from-financial-activities,net-cash-flow,stock-based-compensation,common-stock-dividends-paid
0,2018-09-30,18.9,$5.00,3.78,$6.11,3.09,$-0.51,0.0,$-0.45,0.0,$0.37B,$0.16B,2.29,$0.01B,$0.58B,0.01,$0.69B,$0.33B,47.74%,$0.69B,$-0.04B,-6.13%,$0.69B,$-0.04B,-6.13%,$0.69B,$0.02B,2.77%,$0.69B,$-0.04B,-6.42%,$0.69B,$-0.05B,-7.59%,$-0.05B,$0.58B,-8.70%,$-0.05B,$0.28B,-18.42%,$-0.05B,$0.81B,-5.96%,$-0.04B,$0.59B,-6.95%,$165,$87,$78,$23,$66,$175,$-11,$1,$-10,$2,$-12,$-12,$-12,$4,$-11,$113,113,$-0.10,$-0.10,$92,$128,$0,$374,$105,$0,$298,$26,$437,$811,$164,$7,$45,$69,$233,$0,$-719,$-34,$578,$811,$-41,$45,$22,$67,$-2,$-30,$6,$42,$-29,$-3,$-28,$-1,$0,$0,$0,$0,$-0,$-30,$-1,$0,$-1,$0,$0,$0,$-8,$-9,$-44,$21,$0
1,2018-06-30,13.81,$5.12,2.7,$6.02,2.29,$-0.26,0.0,$-0.69,0.0,$0.44B,$0.23B,1.95,$0.01B,$0.59B,0.01,$0.67B,$0.31B,45.77%,$0.67B,$-0.06B,-9.36%,$0.67B,$-0.06B,-9.36%,$0.67B,$-0.00B,-0.30%,$0.67B,$-0.07B,-10.10%,$0.67B,$-0.08B,-11.59%,$-0.08B,$0.59B,-12.85%,$-0.08B,$0.28B,-27.64%,$-0.08B,$0.89B,-8.86%,$-0.06B,$0.60B,-10.26%,$177,$90,$86,$23,$71,$184,$-8,$2,$-6,$3,$-9,$-9,$-9,$7,$-8,$112,112,$-0.08,$-0.08,$119,$114,$0,$440,$105,$0,$307,$26,$445,$885,$226,$7,$46,$72,$297,$0,$-707,$-33,$588,$885,$-30,$30,$14,$44,$-3,$-15,$3,$-7,$-3,$9,$-18,$-1,$0,$0,$0,$0,$0,$-19,$-0,$0,$-0,$0,$0,$0,$-4,$-5,$-17,$14,$0
2,2018-03-31,11.59,$5.31,2.18,$5.87,1.97,$-0.11,0.0,$-0.69,0.0,$0.44B,$0.22B,2.02,$0.01B,$0.61B,0.01,$0.66B,$0.30B,46.26%,$0.66B,$-0.06B,-9.47%,$0.66B,$-0.06B,-9.47%,$0.66B,$-0.00B,0.00%,$0.66B,$-0.07B,-10.38%,$0.66B,$-0.08B,-11.76%,$-0.08B,$0.61B,-12.39%,$-0.08B,$0.28B,-26.71%,$-0.08B,$0.90B,-8.77%,$-0.06B,$0.62B,-9.86%,$166,$88,$78,$26,$69,$183,$-17,$-2,$-19,$2,$-21,$-21,$-21,$-2,$-17,$112,112,$-0.19,$-0.19,$122,$110,$0,$439,$102,$0,$327,$26,$458,$898,$218,$7,$47,$71,$288,$0,$-698,$-14,$609,$898,$-21,$15,$9,$24,$-4,$-6,$-1,$-4,$-1,$-2,$-11,$-0,$0,$0,$0,$0,$0,$-11,$-0,$0,$-0,$0,$0,$0,$-4,$-4,$-15,$7,$0
3,2017-12-31,8.64,$5.37,1.61,$5.80,1.49,$0.12,70.59,$-0.59,0.0,$0.44B,$0.21B,2.12,$0.01B,$0.62B,0.01,$0.65B,$0.31B,47.29%,$0.65B,$-0.05B,-8.37%,$0.65B,$-0.05B,-8.37%,$0.65B,$0.01B,1.24%,$0.65B,$-0.06B,-8.99%,$0.65B,$-0.07B,-10.23%,$-0.07B,$0.62B,-10.52%,$-0.07B,$0.29B,-22.60%,$-0.07B,$0.90B,-7.59%,$-0.05B,$0.62B,-8.50%,$177,$92,$85,$23,$68,$183,$-6,$-3,$-9,$1,$-10,$-10,$-10,$10,$-6,$112,112,$-0.08,$-0.08,$136,$104,$0,$438,$98,$0,$330,$27,$458,$897,$207,$7,$49,$74,$281,$0,$-678,$-22,$616,$897,$-65,$62,$38,$100,$4,$-18,$12,$-50,$-1,$26,$-31,$-1,$-34,$0,$0,$0,$-5,$-71,$-0,$0,$-0,$0,$0,$0,$-9,$-9,$-49,$27,$0
4,2017-09-30,13.39,$5.40,2.48,$5.70,2.35,$0.54,25.01,$-0.46,0.0,$0.38B,$0.15B,2.63,$0.01B,$0.62B,0.01,$0.63B,$0.30B,47.79%,$0.63B,$-0.04B,-6.94%,$0.63B,$-0.04B,-6.94%,$0.63B,$0.02B,2.68%,$0.63B,$-0.05B,-7.10%,$0.63B,$-0.05B,-8.04%,$-0.05B,$0.62B,-8.09%,$-0.05B,$0.28B,-16.92%,$-0.05B,$0.84B,-5.95%,$-0.04B,$0.62B,-6.90%,$153,$94,$59,$24,$66,$185,$-32,$-1,$-34,$4,$-37,$-37,$-38,$-17,$-32,$112,112,$-0.34,$-0.34,$138,$101,$0,$383,$91,$0,$334,$28,$459,$841,$145,$7,$49,$81,$227,$0,$-668,$-28,$615,$841,$-55,$46,$37,$83,$11,$-14,$3,$-3,$-5,$18,$-21,$-1,$-37,$0,$0,$0,$-2,$-61,$-0,$0,$-0,$0,$0,$0,$-8,$-8,$-47,$21,$0
5,2017-06-30,18.7,$5.67,3.3,$5.74,3.26,$0.80,23.39,$-0.31,0.0,$0.41B,$0.14B,2.93,$0.01B,$0.65B,0.01,$0.64B,$0.31B,49.14%,$0.64B,$-0.03B,-5.34%,$0.64B,$-0.03B,-5.34%,$0.64B,$0.03B,4.24%,$0.64B,$-0.04B,-5.49%,$0.64B,$-0.03B,-5.34%,$-0.03B,$0.65B,-5.34%,$-0.03B,$0.31B,-10.91%,$-0.03B,$0.88B,-3.94%,$-0.03B,$0.65B,-5.27%,$159,$79,$81,$24,$63,$166,$-7,$1,$-6,$2,$-8,$-8,$-8,$9,$-7,$111,111,$-0.08,$-0.08,$154,$111,$0,$412,$87,$0,$340,$28,$463,$875,$140,$7,$56,$90,$230,$0,$-630,$-33,$645,$875,$-18,$31,$13,$44,$6,$-10,$4,$-2,$-9,$19,$-11,$-1,$-34,$0,$0,$0,$-2,$-47,$-0,$0,$-0,$0,$0,$0,$-5,$-5,$-31,$14,$0
6,2017-03-31,14.96,$5.58,2.68,$5.73,2.61,$0.94,15.88,$-0.27,0.0,$0.41B,$0.14B,2.89,$0.01B,$0.63B,0.01,$0.64B,$0.31B,49.06%,$0.64B,$-0.03B,-4.87%,$0.64B,$-0.03B,-4.87%,$0.64B,$0.03B,4.72%,$0.64B,$-0.03B,-5.19%,$0.64B,$-0.03B,-4.87%,$-0.03B,$0.63B,-4.85%,$-0.03B,$0.30B,-9.82%,$-0.03B,$0.87B,-3.58%,$-0.03B,$0.64B,-4.80%,$156,$76,$80,$23,$66,$166,$-9,$0,$-9,$1,$-10,$-10,$-10,$6,$-9,$111,111,$-0.09,$-0.09,$162,$105,$0,$409,$85,$0,$338,$26,$456,$866,$142,$7,$55,$89,$231,$0,$-622,$-45,$634,$866,$-10,$15,$6,$21,$6,$-4,$-1,$0,$13,$19,$-6,$-0,$-34,$0,$0,$0,$0,$-40,$-0,$0,$-0,$0,$0,$0,$-4,$-4,$-23,$7,$0
7,2016-12-31,13.29,$5.52,2.41,$5.68,2.34,$0.94,14.11,$-0.34,0.0,$0.43B,$0.13B,3.32,$0.01B,$0.63B,0.01,$0.63B,$0.31B,48.97%,$0.63B,$-0.04B,-6.16%,$0.63B,$-0.04B,-6.16%,$0.63B,$0.02B,3.48%,$0.63B,$-0.04B,-6.48%,$0.63B,$-0.04B,-6.16%,$-0.04B,$0.63B,-6.05%,$-0.04B,$0.32B,-12.20%,$-0.04B,$0.85B,-4.47%,$-0.04B,$0.63B,-5.99%,$166,$83,$83,$21,$58,$162,$4,$-0,$4,$-1,$5,$5,$5,$19,$4,$111,111,$0.04,$0.04,$185,$103,$0,$433,$80,$0,$303,$25,$416,$849,$130,$8,$58,$92,$222,$0,$-622,$-53,$627,$849,$-39,$61,$47,$108,$26,$-21,$-5,$-4,$-11,$57,$-16,$-1,$0,$0,$0,$0,$-5,$-22,$-1,$0,$-1,$0,$0,$0,$-3,$-4,$29,$31,$0
8,2016-09-30,17.95,$5.69,3.16,$5.83,3.08,$0.35,51.95,$-5.71,0.0,$0.43B,$0.13B,3.36,$0.01B,$0.64B,0.01,$0.65B,$0.29B,44.15%,$0.65B,$-0.61B,-93.69%,$0.65B,$-0.61B,-93.69%,$0.65B,$-0.54B,-83.69%,$0.65B,$-0.62B,-95.38%,$0.65B,$-0.64B,-98.46%,$-0.64B,$0.64B,-98.27%,$-0.64B,$0.32B,-202.53%,$-0.64B,$0.86B,-72.42%,$-0.61B,$0.65B,-92.45%,$156,$87,$69,$26,$65,$178,$-22,$-2,$-24,$-2,$-21,$-21,$-21,$-7,$-22,$111,111,$-0.19,$-0.19,$179,$114,$0,$429,$81,$0,$323,$25,$433,$862,$128,$8,$60,$92,$220,$0,$-627,$-34,$643,$862,$-44,$46,$44,$89,$36,$-26,$-10,$0,$-11,$38,$-12,$-1,$0,$0,$0,$0,$-1,$-14,$-1,$0,$-1,$0,$0,$0,$-2,$-2,$24,$28,$0
9,2016-06-30,13.69,$5.80,2.36,$5.77,2.37,$-0.15,0.0,$-5.81,0.0,$0.44B,$0.14B,3.07,$0.01B,$0.65B,0.01,$0.65B,$0.29B,44.74%,$0.65B,$-0.62B,-96.28%,$0.65B,$-0.62B,-96.28%,$0.65B,$-0.55B,-85.14%,$0.65B,$-0.63B,-97.83%,$0.65B,$-0.65B,-100.77%,$-0.65B,$0.65B,-80.97%,$-0.65B,$0.32B,-199.08%,$-0.65B,$0.88B,-62.67%,$-0.62B,$0.66B,-76.62%,$158,$78,$80,$21,$63,$162,$-4,$0,$-4,$2,$-5,$-5,$-5,$12,$-4,$111,111,$-0.04,$-0.04,$176,$123,$0,$440,$87,$0,$329,$25,$444,$884,$143,$8,$58,$90,$234,$0,$-606,$-38,$651,$884,$-23,$30,$19,$50,$30,$-16,$-5,$-1,$4,$31,$-8,$-1,$0,$0,$0,$0,$-1,$-9,$-1,$0,$-1,$0,$0,$0,$-1,$-2,$21,$19,$0
10,2016-03-31,15.47,$5.85,2.64,$5.87,2.63,$-0.52,0.0,$-5.89,0.0,$0.43B,$0.15B,2.92,$0.01B,$0.66B,0.01,$0.66B,$0.29B,44.16%,$0.66B,$-0.64B,-97.42%,$0.66B,$-0.64B,-97.42%,$0.66B,$-0.56B,-85.43%,$0.66B,$-0.65B,-98.94%,$0.66B,$-0.66B,-100.15%,$-0.66B,$0.66B,-68.54%,$-0.66B,$0.31B,-194.26%,$-0.66B,$0.90B,-55.03%,$-0.64B,$0.66B,-66.10%,$153,$75,$78,$20,$74,$169,$-17,$0,$-17,$1,$-18,$-18,$-18,$-2,$-17,$112,112,$-0.16,$-0.16,$170,$114,$0,$433,$92,$0,$343,$26,$464,$897,$148,$8,$59,$93,$241,$0,$-601,$-32,$656,$897,$-18,$15,$13,$28,$22,$-8,$-6,$4,$8,$18,$-4,$-0,$0,$0,$0,$0,$0,$-4,$-0,$0,$-0,$-1,$-1,$0,$0,$-1,$14,$12,$0
11,2015-12-31,8.69,$5.83,1.49,$5.95,1.46,$-0.69,0.0,$-5.85,0.0,$0.43B,$0.15B,2.97,$0.01B,$0.66B,0.01,$0.67B,$0.29B,43.78%,$0.67B,$-0.64B,-96.40%,$0.67B,$-0.64B,-96.40%,$0.67B,$-0.56B,-83.81%,$0.67B,$-0.66B,-98.20%,$0.67B,$-0.66B,-98.20%,$-0.66B,$0.66B,-58.65%,$-0.66B,$0.31B,-185.03%,$-0.66B,$0.89B,-48.40%,$-0.64B,$0.66B,-57.14%,$183,$123,$60,$22,$67,$749,$-566,$-9,$-575,$30,$-604,$-604,$-596,$-547,$-566,$112,112,$-5.32,$-5.32,$156,$106,$0,$432,$86,$0,$345,$26,$459,$892,$145,$8,$57,$92,$237,$0,$-583,$-40,$655,$892,$-664,$83,$613,$696,$21,$-37,$-20,$17,$-30,$-3,$-22,$-1,$-92,$0,$0,$0,$-6,$-121,$-1,$0,$-1,$0,$0,$0,$-1,$-2,$-129,$35,$0
12,2015-09-30,11.55,$11.19,1.03,$6.05,1.91,$-0.20,0.0,$-0.52,0.0,$0.48B,$0.14B,3.39,$0.01B,$1.25B,0.01,$0.67B,$0.32B,47.99%,$0.67B,$-0.07B,-10.88%,$0.67B,$-0.07B,-10.88%,$0.67B,$0.01B,1.19%,$0.67B,$-0.08B,-11.62%,$0.67B,$-0.06B,-8.49%,$-0.06B,$1.25B,-4.47%,$-0.06B,$0.36B,-14.62%,$-0.06B,$1.48B,-3.77%,$-0.07B,$1.26B,-5.68%,$152,$81,$71,$22,$83,$186,$-35,$-1,$-36,$-4,$-32,$-32,$-32,$-13,$-35,$112,112,$-0.29,$-0.29,$157,$138,$0,$481,$89,$0,$890,$22,$1000,$1482,$142,$8,$42,$86,$228,$0,$13,$-39,$1254,$1482,$-59,$64,$25,$88,$37,$-41,$-20,$-11,$-40,$-11,$-18,$-1,$-92,$0,$0,$0,$-4,$-114,$-1,$0,$-1,$1,$1,$0,$0,$0,$-127,$29,$0
13,2015-06-30,19.52,$11.49,1.7,$6.20,3.15,$0.16,124.97,$-0.20,0.0,$0.50B,$0.16B,3.21,$0.01B,$1.29B,0.01,$0.69B,$0.33B,48.25%,$0.69B,$-0.03B,-4.37%,$0.69B,$-0.03B,-4.37%,$0.69B,$0.04B,6.41%,$0.69B,$-0.04B,-5.54%,$0.69B,$-0.02B,-3.21%,$-0.02B,$1.29B,-1.71%,$-0.02B,$0.37B,-5.01%,$-0.02B,$1.53B,-1.45%,$-0.03B,$1.30B,-2.31%,$171,$89,$82,$26,$80,$194,$-24,$-0,$-24,$-10,$-14,$-14,$-14,$-1,$-24,$112,112,$-0.12,$-0.12,$171,$131,$0,$503,$87,$0,$915,$21,$1023,$1526,$157,$8,$34,$82,$239,$0,$45,$-30,$1287,$1526,$-27,$42,$11,$53,$26,$-34,$-4,$-9,$-32,$-6,$-12,$-1,$-92,$0,$0,$0,$-2,$-106,$-1,$0,$-1,$1,$1,$0,$1,$1,$-114,$20,$0
14,2015-03-31,27.42,$11.36,2.41,$6.11,4.49,$0.42,65.41,$-0.06,0.0,$0.51B,$0.16B,3.19,$0.01B,$1.27B,0.01,$0.67B,$0.32B,48.13%,$0.67B,$-0.00B,-0.30%,$0.67B,$-0.00B,-0.30%,$0.67B,$0.06B,9.15%,$0.67B,$-0.01B,-1.65%,$0.67B,$-0.01B,-0.90%,$-0.01B,$1.27B,-0.47%,$-0.01B,$0.37B,-1.15%,$-0.01B,$1.51B,-0.40%,$-0.00B,$1.28B,-0.15%,$161,$82,$79,$22,$74,$178,$-18,$-3,$-20,$-7,$-13,$-13,$-13,$2,$-18,$112,112,$-0.12,$-0.12,$200,$115,$0,$508,$83,$0,$901,$21,$1006,$1513,$159,$9,$34,$83,$242,$0,$59,$-45,$1271,$1513,$-13,$19,$4,$23,$18,$-21,$-6,$-3,$-11,$-1,$-4,$-0,$-78,$0,$0,$0,$-1,$-82,$-0,$0,$-0,$0,$0,$0,$0,$1,$-85,$10,$0
15,2014-12-31,32.87,$11.60,2.83,$6.09,5.39,$0.43,76.57,$0.11,298.82,$0.58B,$0.15B,3.93,$0.01B,$1.29B,0.01,$0.65B,$0.32B,48.47%,$0.65B,$0.03B,3.98%,$0.65B,$0.03B,3.98%,$0.65B,$0.08B,12.39%,$0.65B,$0.02B,2.60%,$0.65B,$0.01B,1.83%,$0.01B,$1.29B,0.99%,$0.01B,$0.45B,2.22%,$0.01B,$1.53B,0.85%,$0.03B,$1.30B,2.13%,$187,$98,$90,$23,$63,$183,$4,$-2,$2,$0,$2,$2,$2,$20,$4,$108,108,$0.01,$0.01,$285,$97,$0,$581,$82,$0,$841,$26,$950,$1530,$148,$9,$40,$88,$236,$0,$72,$-24,$1294,$1530,$12,$55,$21,$76,$-56,$-33,$23,$13,$-37,$51,$-23,$-1,$-345,$0,$0,$0,$-7,$-375,$-1,$0,$-1,$302,$302,$0,$8,$309,$-21,$33,$0
16,2014-09-30,46.37,$11.72,3.96,$5.93,7.82,$0.37,125.09,$0.21,220.81,$0.67B,$0.13B,5.14,$0.01B,$1.30B,0.01,$0.62B,$0.31B,49.36%,$0.62B,$0.04B,6.43%,$0.62B,$0.04B,6.43%,$0.62B,$0.09B,13.99%,$0.62B,$0.03B,5.14%,$0.62B,$0.02B,3.38%,$0.02B,$1.30B,1.88%,$0.02B,$0.56B,3.95%,$0.02B,$1.50B,1.61%,$0.04B,$1.31B,3.52%,$167,$87,$80,$18,$54,$159,$8,$-4,$4,$1,$3,$3,$3,$23,$8,$111,111,$0.03,$0.03,$377,$105,$0,$667,$79,$0,$743,$13,$836,$1503,$130,$9,$25,$70,$200,$0,$71,$-3,$1303,$1503,$10,$40,$13,$53,$-40,$-40,$12,$25,$-35,$28,$-17,$-1,$-244,$0,$0,$0,$-0,$-262,$-0,$0,$-0,$301,$301,$0,$7,$308,$71,$24,$0
17,2014-06-30,59.8,$11.68,5.12,$5.75,10.4,$0.51,116.98,$0.35,170.86,$0.82B,$0.13B,6.44,$0.02B,$1.29B,0.02,$0.59B,$0.30B,50.42%,$0.59B,$0.06B,10.32%,$0.59B,$0.06B,10.32%,$0.59B,$0.10B,17.09%,$0.59B,$0.05B,9.14%,$0.59B,$0.04B,6.09%,$0.04B,$1.29B,3.53%,$0.04B,$0.70B,7.20%,$0.04B,$1.48B,3.02%,$0.06B,$1.31B,5.88%,$152,$79,$72,$18,$50,$147,$4,$-1,$3,$1,$2,$2,$2,$16,$4,$106,106,$0.02,$0.02,$570,$90,$0,$820,$60,$0,$582,$14,$656,$1476,$127,$19,$23,$63,$191,$0,$67,$7,$1286,$1476,$7,$24,$9,$33,$-7,$-18,$13,$-5,$-21,$19,$-9,$-0,$-54,$0,$0,$0,$-0,$-63,$-0,$0,$-0,$301,$301,$0,$6,$307,$264,$16,$0
18,2014-03-31,59.15,$9.19,6.43,$5.58,10.6,$0.43,137.65,$0.43,137.56,$0.56B,$0.12B,4.54,$0.02B,$0.95B,0.02,$0.56B,$0.29B,51.61%,$0.56B,$0.07B,13.21%,$0.56B,$0.07B,13.21%,$0.56B,$0.11B,19.46%,$0.56B,$0.07B,11.61%,$0.56B,$0.04B,7.68%,$0.04B,$0.95B,4.73%,$0.04B,$0.44B,10.07%,$0.04B,$1.13B,4.00%,$0.07B,$0.97B,7.94%,$148,$72,$75,$17,$49,$138,$10,$-1,$8,$4,$5,$5,$5,$22,$10,$104,104,$0.05,$0.05,$307,$86,$0,$556,$49,$0,$511,$13,$574,$1130,$122,$19,$21,$54,$176,$0,$65,$6,$954,$1130,$5,$12,$1,$14,$-11,$-13,$4,$-7,$-18,$0,$-4,$-0,$-2,$0,$0,$0,$-0,$-6,$-0,$0,$-0,$0,$0,$0,$5,$6,$0,$7,$0
19,2013-12-31,92.93,$9.05,10.27,$5.26,17.65,$0.51,183.55,$0.44,211.2,$0.53B,$0.11B,4.77,$0.02B,$0.93B,0.02,$0.51B,$0.27B,51.95%,$0.51B,$0.08B,15.95%,$0.51B,$0.08B,15.95%,$0.51B,$0.11B,21.60%,$0.51B,$0.06B,12.45%,$0.51B,$0.04B,8.56%,$0.04B,$0.93B,5.47%,$0.04B,$0.42B,12.59%,$0.04B,$1.10B,4.56%,$0.08B,$0.95B,9.83%,$155,$75,$80,$17,$46,$137,$18,$-1,$17,$5,$11,$11,$11,$26,$18,$98,98,$0.12,$0.12,$306,$75,$0,$527,$45,$0,$512,$13,$571,$1098,$110,$19,$15,$54,$164,$0,$60,$6,$934,$1098,$44,$30,$26,$57,$-44,$-35,$8,$2,$-76,$25,$-5,$-2,$-162,$0,$0,$0,$-5,$-174,$-0,$0,$-0,$273,$273,$0,$26,$299,$150,$14,$0
20,2013-09-30,53.99,$8.77,6.15,$4.93,10.94,$0.89,60.45,$0.46,117.37,$0.54B,$0.10B,5.19,$0.02B,$0.90B,0.02,$0.46B,$0.24B,51.84%,$0.46B,$0.08B,17.79%,$0.46B,$0.08B,17.79%,$0.46B,$0.11B,23.64%,$0.46B,$0.06B,12.15%,$0.46B,$0.04B,9.54%,$0.04B,$0.90B,6.37%,$0.04B,$0.43B,15.88%,$0.04B,$1.06B,5.11%,$0.08B,$0.92B,11.11%,$136,$64,$71,$11,$32,$107,$29,$-3,$26,$8,$18,$18,$18,$37,$29,$102,102,$0.17,$0.17,$345,$66,$0,$541,$41,$0,$469,$11,$522,$1063,$104,$19,$11,$57,$162,$0,$49,$4,$902,$1063,$33,$22,$20,$42,$-26,$-22,$6,$-5,$-46,$29,$-4,$-2,$-113,$0,$0,$0,$-4,$-123,$-4,$0,$-4,$273,$273,$0,$16,$285,$189,$8,$0
21,2013-06-30,43.9,$8.36,5.25,$4.68,9.39,$1.15,38.22,$0.45,97.56,$0.52B,$0.09B,5.79,$0.03B,$0.85B,0.04,$0.42B,$0.22B,51.68%,$0.42B,$0.07B,17.07%,$0.42B,$0.07B,17.07%,$0.42B,$0.10B,23.08%,$0.42B,$0.05B,11.06%,$0.42B,$0.04B,9.62%,$0.04B,$0.85B,7.02%,$0.04B,$0.41B,20.65%,$0.04B,$1.00B,5.26%,$0.07B,$0.88B,11.01%,$121,$58,$63,$10,$36,$104,$17,$-3,$14,$5,$9,$9,$9,$24,$17,$96,96,$0.10,$0.10,$349,$50,$0,$522,$36,$0,$438,$8,$482,$1004,$90,$32,$11,$65,$155,$0,$32,$-2,$849,$1004,$15,$13,$11,$25,$-27,$-10,$0,$3,$-37,$3,$-2,$-1,$-86,$0,$0,$0,$-2,$-91,$-0,$0,$-0,$273,$273,$0,$9,$282,$193,$5,$0
22,2013-03-31,32.24,$5.75,5.61,$4.48,7.2,$1.38,23.3,$0.46,70.09,$0.26B,$0.08B,3.13,$0.05B,$0.53B,0.1,$0.38B,$0.20B,51.45%,$0.38B,$0.07B,17.94%,$0.38B,$0.07B,17.94%,$0.38B,$0.09B,24.01%,$0.38B,$0.04B,11.08%,$0.38B,$0.04B,10.29%,$0.04B,$0.53B,8.60%,$0.04B,$0.13B,36.11%,$0.04B,$0.70B,5.85%,$0.07B,$0.58B,12.24%,$102,$49,$53,$7,$29,$85,$18,$-10,$7,$2,$6,$6,$6,$24,$18,$92,92,$0.06,$0.06,$111,$44,$0,$256,$36,$0,$399,$6,$442,$698,$82,$50,$10,$83,$165,$0,$22,$1,$533,$698,$6,$6,$6,$12,$-9,$-3,$-1,$1,$-11,$6,$-2,$-0,$-53,$0,$0,$0,$0,$-55,$-0,$0,$-0,$0,$0,$0,$4,$4,$-45,$2,$0
23,2012-12-31,35.57,$5.37,6.62,$4.37,8.13,$1.53,23.2,$0.48,74.1,$0.29B,$0.08B,3.83,$0.09B,$0.48B,0.18,$0.36B,$0.18B,50.99%,$0.36B,$0.06B,16.90%,$0.36B,$0.06B,16.90%,$0.36B,$0.08B,23.10%,$0.36B,$0.04B,11.83%,$0.36B,$0.04B,10.99%,$0.04B,$0.48B,10.10%,$0.04B,$0.13B,59.54%,$0.04B,$0.68B,6.30%,$0.06B,$0.57B,11.74%,$102,$49,$52,$8,$27,$83,$18,$-9,$9,$-1,$11,$11,$11,$24,$18,$81,82,$0.13,$0.13,$156,$42,$0,$287,$34,$0,$349,$7,$390,$677,$75,$88,$11,$122,$197,$0,$16,$4,$480,$677,$39,$21,$18,$39,$-19,$-12,$-0,$-2,$-26,$52,$-3,$-1,$-184,$0,$0,$0,$0,$-188,$-0,$0,$-0,$111,$111,$0,$2,$113,$-23,$5,$0
24,2012-09-30,21.9,$4.87,4.5,$4.05,5.41,$1.27,17.25,$0.46,47.95,$0.30B,$0.08B,3.81,$0.13B,$0.42B,0.32,$0.32B,$0.16B,50.15%,$0.32B,$0.05B,16.41%,$0.32B,$0.05B,16.41%,$0.32B,$0.07B,22.29%,$0.32B,$0.04B,13.00%,$0.32B,$0.04B,11.15%,$0.04B,$0.42B,10.92%,$0.04B,$0.10B,64.57%,$0.04B,$0.66B,6.36%,$0.05B,$0.55B,11.34%,$91,$44,$47,$6,$23,$72,$18,$-2,$16,$3,$14,$14,$14,$24,$18,$84,85,$0.16,$0.16,$184,$41,$0,$302,$34,$0,$317,$7,$359,$661,$79,$131,$12,$165,$244,$0,$5,$3,$416,$661,$28,$16,$13,$28,$-11,$-11,$-4,$-0,$-12,$44,$-2,$-1,$-148,$0,$0,$0,$0,$-151,$-0,$0,$-0,$111,$111,$0,$0,$111,$5,$4,$0
25,2012-06-30,22.76,$4.61,4.93,$3.73,6.11,$0.99,23.05,$0.39,58.36,$0.27B,$0.07B,3.73,$0.14B,$0.38B,0.37,$0.29B,$0.14B,49.31%,$0.29B,$0.04B,15.17%,$0.29B,$0.04B,15.17%,$0.29B,$0.06B,20.34%,$0.29B,$0.03B,11.72%,$0.29B,$0.03B,10.00%,$0.03B,$0.38B,10.24%,$0.03B,$0.07B,50.00%,$0.03B,$0.63B,6.08%,$0.04B,$0.52B,11.29%,$84,$41,$43,$5,$24,$70,$14,$-4,$10,$2,$8,$8,$8,$19,$14,$78,79,$0.11,$0.11,$159,$40,$0,$273,$36,$0,$316,$7,$360,$632,$73,$140,$11,$175,$248,$0,$-8,$1,$384,$632,$15,$11,$6,$17,$-5,$-9,$4,$0,$-10,$21,$-2,$-0,$-148,$0,$0,$0,$0,$-149,$-0,$0,$-0,$108,$108,$0,$0,$108,$-21,$2,$0
26,2012-03-31,15.69,$3.45,4.54,$3.38,4.64,$0.80,19.51,$0.45,34.62,$0.17B,$0.08B,2.18,$0.14B,$0.26B,0.53,$0.26B,$0.13B,47.89%,$0.26B,$0.04B,14.56%,$0.26B,$0.04B,14.56%,$0.26B,$0.05B,19.54%,$0.26B,$0.03B,12.26%,$0.26B,$0.03B,13.03%,$0.03B,$0.26B,13.98%,$0.03B,$-0.04B,49.82%,$0.03B,$0.51B,8.60%,$0.04B,$0.40B,12.01%,$78,$39,$39,$5,$24,$68,$10,$-3,$7,$1,$6,$6,$6,$15,$10,$76,78,$0.08,$0.08,$60,$35,$0,$165,$34,$0,$301,$8,$343,$507,$76,$140,$7,$167,$243,$0,$-16,$4,$264,$507,$6,$5,$3,$8,$-1,$-4,$2,$-0,$1,$16,$-1,$-0,$-135,$0,$0,$0,$0,$-136,$-0,$0,$-0,$1,$1,$0,$0,$1,$-119,$1,$0
27,2011-12-31,9.6,$3.35,2.86,$3.04,3.16,$0.61,15.8,$0.47,20.57,$0.26B,$0.06B,4.54,$0.14B,$0.26B,0.54,$0.23B,$0.11B,47.19%,$0.23B,$0.04B,15.15%,$0.23B,$0.04B,15.15%,$0.23B,$0.05B,19.91%,$0.23B,$0.03B,14.29%,$0.23B,$0.04B,15.15%,$0.04B,$0.26B,15.45%,$0.04B,$0.09B,35.00%,$0.04B,$0.46B,10.33%,$0.04B,$0.39B,13.12%,$70,$37,$33,$5,$18,$59,$11,$-2,$9,$1,$8,$8,$8,$14,$11,$75,76,$0.10,$0.11,$179,$25,$0,$261,$30,$0,$162,$7,$202,$463,$58,$139,$8,$151,$208,$0,$-23,$3,$255,$463,$35,$11,$-0,$11,$-12,$-3,$-3,$2,$-19,$28,$-3,$-0,$-93,$0,$0,$0,$0,$-96,$149,$0,$149,$65,$65,$0,$-4,$210,$142,$3,$0
28,2011-09-30,9.33,$3.03,3.08,$2.85,3.27,$0.71,13.07,$0.49,18.91,$0.15B,$0.06B,2.5,$0.01B,$0.23B,0.03,$0.21B,$0.10B,47.42%,$0.21B,$0.03B,15.96%,$0.21B,$0.03B,15.96%,$0.21B,$0.04B,20.66%,$0.21B,$0.03B,15.49%,$0.21B,$0.04B,16.90%,$0.04B,$0.23B,18.37%,$0.04B,$0.11B,39.67%,$0.04B,$0.31B,13.08%,$0.03B,$0.24B,16.71%,$58,$30,$28,$4,$15,$49,$9,$-1,$8,$1,$7,$7,$7,$11,$9,$76,77,$0.09,$0.09,$73,$28,$0,$149,$29,$0,$122,$4,$158,$307,$60,$8,$10,$18,$77,$0,$-31,$5,$230,$307,$27,$7,$-2,$5,$-3,$-5,$-5,$-2,$-14,$19,$-2,$-0,$-45,$0,$0,$0,$0,$-47,$-0,$2,$2,$62,$62,$0,$-0,$64,$35,$2,$0
29,2011-06-30,13.14,$2.96,4.45,$2.70,4.88,$0.75,17.56,$0.48,27.57,$0.15B,$0.06B,2.45,$0.01B,$0.22B,0.03,$0.20B,$0.09B,46.70%,$0.20B,$0.03B,15.23%,$0.20B,$0.03B,15.23%,$0.20B,$0.04B,20.30%,$0.20B,$0.03B,15.74%,$0.20B,$0.03B,17.26%,$0.03B,$0.22B,20.15%,$0.03B,$0.11B,42.77%,$0.03B,$0.31B,14.09%,$0.03B,$0.23B,17.00%,$55,$30,$25,$3,$14,$47,$8,$-0,$8,$-5,$13,$13,$13,$11,$8,$75,77,$0.18,$0.17,$79,$27,$0,$154,$27,$0,$114,$4,$151,$305,$63,$8,$11,$18,$81,$0,$-38,$8,$224,$305,$20,$5,$-4,$1,$-2,$-4,$-4,$-3,$-15,$6,$-1,$-0,$-28,$0,$0,$0,$0,$-29,$-0,$0,$-0,$64,$64,$0,$-0,$64,$42,$1,$0
30,2011-03-31,16.18,$2.64,6.13,$2.48,6.52,$0.78,20.74,$0.34,47.12,$0.14B,$0.06B,2.19,$0.01B,$0.20B,0.04,$0.18B,$0.08B,46.89%,$0.18B,$0.03B,14.12%,$0.18B,$0.03B,14.12%,$0.18B,$0.03B,19.21%,$0.18B,$0.03B,14.69%,$0.18B,$0.02B,13.56%,$0.02B,$0.20B,17.05%,$0.02B,$0.09B,36.23%,$0.02B,$0.28B,11.75%,$0.03B,$0.21B,16.81%,$48,$25,$23,$3,$13,$40,$7,$0,$8,$1,$7,$7,$7,$10,$7,$71,73,$0.09,$0.09,$71,$27,$0,$141,$27,$0,$107,$4,$139,$280,$64,$8,$10,$18,$83,$0,$-51,$6,$197,$280,$7,$2,$1,$4,$0,$-2,$-7,$-2,$-10,$0,$-0,$-0,$-22,$0,$0,$0,$0,$-23,$-0,$2,$1,$54,$54,$0,$-0,$55,$33,$0,$0
31,2010-12-31,10.5,$1.90,5.52,$2.28,4.6,$0.85,12.38,$0.28,37.49,$0.10B,$0.06B,1.74,$0.01B,$0.13B,0.06,$0.16B,$0.07B,45.96%,$0.16B,$0.02B,13.04%,$0.16B,$0.02B,13.04%,$0.16B,$0.03B,17.39%,$0.16B,$0.02B,12.42%,$0.16B,$0.02B,11.80%,$0.02B,$0.13B,16.00%,$0.02B,$0.06B,33.04%,$0.02B,$0.21B,11.00%,$0.02B,$0.14B,16.57%,$52,$27,$25,$3,$12,$42,$10,$-1,$9,$-1,$9,$9,$9,$12,$10,$69,70,$0.13,$0.14,$37,$24,$0,$100,$28,$0,$77,$4,$109,$209,$58,$8,$10,$18,$76,$0,$-58,$5,$133,$209,$20,$8,$0,$8,$-7,$-6,$10,$5,$4,$32,$-1,$-0,$-19,$0,$0,$0,$0,$-21,$-0,$0,$-0,$1,$1,$0,$0,$1,$12,$1,$0
32,2010-09-30,5.24,$1.74,3.02,$2.09,2.51,$0.51,10.19,$0.20,26.18,$0.08B,$0.04B,2.18,$0.01B,$0.12B,0.07,$0.15B,$0.07B,44.83%,$0.15B,$0.02B,10.34%,$0.15B,$0.02B,10.34%,$0.15B,$0.02B,15.17%,$0.15B,$0.02B,10.34%,$0.15B,$0.01B,9.66%,$0.01B,$0.12B,12.53%,$0.01B,$0.06B,24.78%,$0.01B,$0.17B,8.86%,$0.02B,$0.13B,12.53%,$42,$23,$19,$3,$11,$36,$5,$0,$6,$0,$5,$5,$5,$7,$5,$69,70,$0.08,$0.07,$34,$21,$0,$83,$27,$0,$58,$3,$88,$171,$38,$8,$4,$12,$50,$0,$-67,$5,$121,$171,$10,$5,$1,$7,$-0,$-2,$-1,$4,$2,$18,$-1,$-0,$-9,$0,$0,$0,$0,$-10,$-0,$0,$-0,$0,$0,$0,$0,$0,$9,$1,$0
33,2010-06-30,4.18,$1.62,2.59,$1.90,2.2,$0.29,14.45,$0.14,30.62,$0.07B,$0.03B,2.2,$0.01B,$0.11B,0.07,$0.13B,$0.06B,44.27%,$0.13B,$0.01B,8.40%,$0.13B,$0.01B,8.40%,$0.13B,$0.02B,12.98%,$0.13B,$0.01B,7.63%,$0.13B,$0.01B,7.63%,$0.01B,$0.11B,9.37%,$0.01B,$0.06B,18.78%,$0.01B,$0.16B,6.63%,$0.01B,$0.12B,9.59%,$35,$19,$16,$3,$10,$32,$3,$-0,$3,$0,$3,$3,$3,$5,$3,$69,70,$0.04,$0.04,$26,$22,$0,$73,$25,$0,$56,$3,$84,$157,$33,$8,$4,$12,$45,$0,$-73,$3,$112,$157,$5,$3,$1,$4,$0,$-4,$2,$1,$-1,$7,$-0,$-0,$-6,$0,$0,$0,$0,$-6,$-0,$0,$-0,$0,$0,$0,$0,$0,$1,$1,$0
34,2010-03-31,4.55,$1.58,2.88,$1.77,2.58,$0.21,21.21,$0.08,59.4,$0.07B,$0.03B,2.16,$0.01B,$0.11B,0.08,$0.12B,$0.05B,43.80%,$0.12B,$0.01B,5.79%,$0.12B,$0.01B,5.79%,$0.12B,$0.01B,10.74%,$0.12B,$0.01B,4.96%,$0.12B,$0.01B,4.96%,$0.01B,$0.11B,5.80%,$0.01B,$0.06B,11.71%,$0.01B,$0.15B,4.11%,$0.01B,$0.12B,6.26%,$32,$17,$14,$3,$9,$29,$3,$-0,$2,$0,$2,$2,$2,$4,$3,$69,69,$0.03,$0.03,$27,$20,$0,$72,$25,$0,$54,$3,$82,$154,$33,$8,$4,$12,$45,$0,$-75,$4,$109,$154,$2,$2,$0,$2,$2,$-2,$1,$-0,$1,$5,$-0,$-0,$-3,$0,$0,$0,$0,$-3,$-0,$0,$0,$0,$0,$0,$0,$0,$2,$0,$0
35,2009-12-31,3.77,$1.54,2.45,$1.67,2.26,$0.17,22.13,$0.02,226.91,$0.07B,$0.03B,2.1,$0.01B,$0.11B,0.08,$0.11B,$0.05B,43.36%,$0.11B,$0.00B,1.77%,$0.11B,$0.00B,1.77%,$0.11B,$0.01B,7.96%,$0.11B,$0.00B,1.77%,$0.11B,$0.00B,1.77%,$0.00B,$0.11B,1.98%,$0.00B,$0.05B,4.04%,$0.00B,$0.15B,1.40%,$0.00B,$0.11B,1.83%,$36,$20,$16,$3,$9,$32,$4,$-1,$4,$0,$4,$4,$4,$6,$4,$68,68,$0.05,$0.05,$25,$18,$0,$70,$25,$0,$52,$3,$80,$150,$33,$8,$4,$12,$46,$0,$-77,$5,$105,$150,$1,$6,$3,$8,$1,$2,$-4,$-2,$-2,$8,$-1,$-0,$-4,$0,$0,$0,$0,$-5,$-3,$0,$-3,$0,$0,$0,$3,$0,$3,$1,$0
36,2009-09-30,3.08,$1.49,2.07,$1.65,1.86,$-0.02,0.0,$-0.01,0.0,$0.07B,$0.03B,2.3,$0.01B,$0.10B,0.08,$0.11B,$0.05B,42.86%,$0.11B,$-0.00B,-0.89%,$0.11B,$-0.00B,-0.89%,$0.11B,$0.01B,5.36%,$0.11B,$-0.00B,-0.89%,$0.11B,0,0.00%,$0.00B,$0.10B,0.00%,$0.00B,$0.05B,0.00%,$0.00B,$0.14B,0.00%,$-0.00B,$0.11B,-0.92%,$28,$15,$12,$3,$8,$27,$1,$-0,$1,$0,$1,$1,$1,$2,$1,$68,68,$0.01,$0.01,$24,$20,$0,$67,$21,$0,$52,$3,$76,$142,$29,$8,$4,$12,$41,$0,$-81,$5,$101,$142,$-2,$4,$2,$7,$5,$1,$-4,$-2,$-2,$2,$-1,$-0,$0,$0,$0,$0,$0,$-1,$-0,$-3,$-3,$0,$0,$0,$3,$0,$2,$1,$0
37,2009-06-30,2.4,$1.46,1.64,$1.77,1.35,$-0.22,0.0,$-0.04,0.0,$0.06B,$0.03B,2.28,$0.01B,$0.10B,0.08,$0.12B,$0.05B,41.67%,$0.12B,$-0.00B,-1.67%,$0.12B,$-0.00B,-1.67%,$0.12B,$0.01B,5.00%,$0.12B,$-0.00B,-2.50%,$0.12B,$-0.00B,-1.67%,$-0.00B,$0.10B,-2.01%,$-0.00B,$0.05B,-4.12%,$-0.00B,$0.14B,-1.37%,$-0.00B,$0.11B,-1.85%,$25,$14,$11,$3,$9,$26,$-1,$-0,$-1,$0,$-1,$-1,$-1,$1,$-1,$68,68,$-0.02,$-0.02,$24,$19,$0,$62,$22,$0,$51,$3,$76,$138,$27,$8,$3,$12,$39,$0,$-82,$4,$99,$138,$-3,$3,$2,$5,$8,$2,$-5,$-2,$1,$2,$-1,$-0,$0,$0,$0,$0,$0,$-1,$-0,$-3,$-3,$0,$0,$0,$3,$0,$2,$1,$0
38,2009-03-31,2.2,$1.47,1.5,$1.96,1.12,$-0.42,0.0,$-0.07,0.0,$0.06B,$0.03B,2.14,$0.01B,$0.10B,0.09,$0.13B,$0.05B,40.15%,$0.13B,$-0.00B,-3.03%,$0.13B,$-0.00B,-3.03%,$0.13B,$0.00B,3.03%,$0.13B,$-0.01B,-3.79%,$0.13B,$-0.00B,-3.03%,$-0.00B,$0.10B,-3.99%,$-0.00B,$0.05B,-8.25%,$-0.00B,$0.14B,-2.63%,$-0.00B,$0.11B,-3.68%,$24,$14,$10,$3,$9,$26,$-2,$-0,$-2,$0,$-2,$-2,$-2,$0,$-2,$67,67,$-0.03,$-0.03,$24,$20,$0,$64,$23,$0,$51,$3,$77,$140,$30,$8,$3,$12,$41,$0,$-81,$3,$99,$140,$-2,$2,$1,$3,$6,$0,$-3,$-2,$1,$2,$-0,$-0,$0,$0,$0,$0,$0,$-0,$-0,$-3,$-3,$0,$0,$0,$3,$0,$1,$0,$0
39,2008-12-31,2.65,$1.52,1.74,$2.07,1.28,$-0.57,0.0,$-0.09,0.0,$0.07B,$0.04B,1.9,$0.01B,$0.10B,0.08,$0.14B,$0.06B,40.00%,$0.14B,$-0.01B,-4.29%,$0.14B,$-0.01B,-4.29%,$0.14B,$0.00B,0.71%,$0.14B,$-0.01B,-4.29%,$0.14B,$-0.01B,-4.29%,$-0.01B,$0.10B,-5.90%,$-0.01B,$0.05B,-12.18%,$-0.01B,$0.15B,-3.79%,$-0.01B,$0.11B,-5.43%,$35,$20,$15,$4,$10,$34,$1,$-0,$1,$-1,$2,$2,$2,$3,$1,$67,67,$0.03,$0.03,$25,$21,$0,$74,$24,$0,$52,$3,$79,$153,$39,$8,$3,$12,$51,$0,$-79,$5,$102,$153,$-6,$7,$2,$9,$4,$-2,$-3,$-1,$-6,$-3,$-2,$-0,$0,$0,$0,$0,$0,$-3,$-0,$1,$1,$0,$0,$0,$-2,$-1,$-8,$1,$0
40,2008-09-30,4.75,$1.47,3.23,$2.28,2.09,$-0.47,0.0,$-0.10,0.0,$0.07B,$0.04B,1.78,$0.01B,$0.10B,0.09,$0.15B,$0.06B,39.33%,$0.15B,$-0.01B,-4.00%,$0.15B,$-0.01B,-4.00%,$0.15B,$0.00B,0.67%,$0.15B,$-0.01B,-4.00%,$0.15B,$-0.01B,-4.67%,$-0.01B,$0.10B,-6.83%,$-0.01B,$0.05B,-14.14%,$-0.01B,$0.15B,-4.33%,$-0.01B,$0.11B,-5.41%,$36,$22,$14,$4,$10,$36,$-0,$-0,$-1,$0,$-1,$-1,$-1,$2,$-0,$67,67,$-0.01,$-0.01,$19,$24,$3,$74,$25,$0,$52,$2,$79,$153,$41,$9,$4,$13,$54,$0,$-80,$3,$99,$153,$-8,$5,$2,$7,$5,$-7,$-4,$1,$-7,$-8,$-4,$-0,$0,$0,$0,$0,$0,$-4,$-0,$0,$-0,$1,$1,$0,$0,$1,$-12,$1,$0
41,2008-06-30,3.17,$1.51,2.1,$2.31,1.37,$-0.33,0.0,$-0.08,0.0,$0.08B,$0.05B,1.69,$0.01B,$0.10B,0.09,$0.15B,$0.06B,40.13%,$0.15B,$-0.01B,-3.95%,$0.15B,$-0.01B,-3.95%,$0.15B,$0.00B,0.66%,$0.15B,$-0.00B,-2.63%,$0.15B,$-0.01B,-3.95%,$-0.01B,$0.10B,-5.81%,$-0.01B,$0.05B,-12.00%,$-0.01B,$0.16B,-3.65%,$-0.01B,$0.11B,-5.36%,$37,$23,$14,$4,$13,$39,$-3,$-0,$-3,$0,$-3,$-3,$-3,$-1,$-3,$67,67,$-0.05,$-0.05,$20,$26,$3,$83,$25,$0,$53,$3,$81,$163,$49,$9,$5,$13,$62,$0,$-79,$5,$101,$163,$-7,$3,$1,$4,$4,$-8,$-2,$2,$-6,$-8,$-3,$-0,$0,$0,$0,$0,$0,$-3,$-0,$0,$-0,$1,$1,$0,$0,$1,$-11,$1,$0
42,2008-03-31,4.9,$1.57,3.13,$2.39,2.05,$-0.30,0.0,$-0.12,0.0,$0.08B,$0.05B,1.78,$0.01B,$0.11B,0.08,$0.15B,$0.06B,39.74%,$0.15B,$-0.01B,-5.30%,$0.15B,$-0.01B,-5.30%,$0.15B,$-0.00B,-0.66%,$0.15B,$-0.01B,-3.97%,$0.15B,$-0.01B,-5.30%,$-0.01B,$0.11B,-8.04%,$-0.01B,$0.05B,-17.30%,$-0.01B,$0.16B,-4.83%,$-0.01B,$0.11B,-7.16%,$32,$19,$13,$4,$13,$36,$-4,$1,$-3,$0,$-4,$-4,$-4,$-3,$-4,$67,67,$-0.06,$-0.06,$23,$24,$3,$82,$26,$0,$54,$3,$82,$164,$46,$9,$4,$13,$59,$0,$-76,$6,$105,$164,$-4,$1,$1,$2,$8,$-7,$-5,$1,$-6,$-7,$-2,$-0,$0,$0,$0,$0,$0,$-2,$-0,$0,$-0,$1,$1,$0,$0,$1,$-8,$0,$0
43,2007-12-31,5.15,$1.58,3.27,$2.56,2.01,$-0.30,0.0,$-0.12,0.0,$0.09B,$0.05B,1.82,$0.01B,$0.11B,0.08,$0.16B,$0.06B,40.38%,$0.16B,$-0.01B,-3.85%,$0.16B,$-0.01B,-3.85%,$0.16B,$0.00B,1.28%,$0.16B,$-0.01B,-3.85%,$0.16B,$-0.01B,-4.49%,$-0.01B,$0.11B,-7.78%,$-0.01B,$0.05B,-18.92%,$-0.01B,$0.17B,-4.29%,$-0.01B,$0.11B,-5.66%,$45,$27,$18,$4,$13,$44,$1,$0,$1,$0,$1,$1,$1,$3,$1,$62,62,$0.03,$0.03,$31,$20,$3,$91,$21,$0,$53,$3,$77,$167,$50,$9,$4,$13,$63,$0,$-72,$4,$105,$167,$-7,$7,$3,$9,$5,$6,$-7,$-3,$-0,$3,$-2,$-1,$0,$0,$0,$0,$0,$-2,$-0,$-8,$-9,$23,$23,$0,$0,$15,$15,$3,$0
44,2007-09-30,7.87,$1.54,5.13,$2.66,2.96,$-0.68,0.0,$-0.24,0.0,$0.09B,$0.05B,1.78,$0.01B,$0.10B,0.09,$0.15B,$0.06B,39.61%,$0.15B,$-0.01B,-7.79%,$0.15B,$-0.01B,-7.79%,$0.15B,$-0.00B,-2.60%,$0.15B,$-0.01B,-8.44%,$0.15B,$-0.01B,-9.09%,$-0.01B,$0.10B,-17.23%,$-0.01B,$0.05B,-50.00%,$-0.01B,$0.16B,-8.59%,$-0.01B,$0.11B,-11.85%,$38,$22,$16,$4,$12,$38,$0,$0,$1,$0,$0,$0,$0,$2,$0,$66,67,$0.01,$0.00,$27,$23,$3,$85,$22,$0,$53,$3,$78,$163,$48,$9,$3,$13,$61,$0,$-74,$3,$102,$163,$-8,$5,$3,$8,$7,$3,$-9,$-1,$-1,$-1,$-1,$-1,$0,$0,$0,$0,$0,$-2,$-0,$-8,$-9,$23,$23,$0,$0,$15,$11,$2,$0
45,2007-06-30,8.29,$1.39,5.97,$2.66,3.11,$-1.01,0.0,$-0.45,0.0,$0.09B,$0.05B,1.66,$0.02B,$0.09B,0.28,$0.15B,$0.06B,38.10%,$0.15B,$-0.02B,-14.29%,$0.15B,$-0.02B,-14.29%,$0.15B,$-0.01B,-9.52%,$0.15B,$-0.02B,-15.65%,$0.15B,$-0.03B,-17.01%,$-0.03B,$0.09B,-33.78%,$-0.03B,$0.03B,-119.05%,$-0.03B,$0.17B,-15.75%,$-0.02B,$0.11B,-21.48%,$36,$23,$13,$4,$15,$41,$-5,$-1,$-5,$-0,$-5,$-5,$-5,$-3,$-5,$58,58,$-0.09,$-0.09,$30,$25,$3,$90,$23,$0,$52,$2,$77,$168,$54,$24,$3,$28,$82,$0,$-74,$2,$86,$168,$-8,$4,$1,$5,$9,$0,$-10,$-2,$-4,$-8,$-1,$-0,$0,$0,$0,$0,$0,$-1,$-0,$0,$-0,$23,$23,$0,$0,$23,$15,$2,$0
46,2007-03-31,7.3,$1.17,6.25,$2.59,2.82,$-1.10,0.0,$-0.55,0.0,$0.08B,$0.06B,1.26,$0.02B,$0.07B,0.35,$0.14B,$0.05B,35.51%,$0.14B,$-0.03B,-18.84%,$0.14B,$-0.03B,-18.84%,$0.14B,$-0.02B,-14.49%,$0.14B,$-0.03B,-20.29%,$0.14B,$-0.03B,-23.19%,$-0.03B,$0.07B,-44.14%,$-0.03B,$0.01B,-162.03%,$-0.03B,$0.16B,-20.78%,$-0.03B,$0.09B,-27.01%,$37,$21,$16,$3,$15,$39,$-2,$-1,$-3,$0,$-3,$-3,$-3,$-0,$-2,$57,57,$-0.05,$-0.05,$8,$31,$3,$76,$24,$0,$53,$2,$79,$155,$60,$24,$3,$28,$88,$0,$-69,$2,$67,$155,$-3,$2,$1,$3,$7,$-5,$-6,$-1,$-7,$-7,$-0,$-0,$0,$0,$0,$0,$0,$-0,$-0,$0,$-0,$0,$0,$0,$0,$-0,$-7,$1,$0
47,2006-12-31,5.32,$1.22,4.37,$2.67,1.99,$-0.95,0.0,$-0.52,0.0,$0.09B,$0.07B,1.25,$0.02B,$0.07B,0.35,$0.14B,$0.05B,34.81%,$0.14B,$-0.03B,-18.52%,$0.14B,$-0.03B,-18.52%,$0.14B,$-0.02B,-14.81%,$0.14B,$-0.03B,-20.00%,$0.14B,$-0.03B,-22.96%,$-0.03B,$0.07B,-42.18%,$-0.03B,$0.02B,-149.40%,$-0.03B,$0.17B,-20.20%,$-0.03B,$0.09B,-25.58%,$43,$27,$16,$4,$16,$48,$-5,$-1,$-6,$-0,$-6,$-6,$-6,$-3,$-5,$52,52,$-0.11,$-0.11,$16,$26,$3,$87,$24,$0,$53,$2,$80,$166,$69,$24,$3,$27,$97,$0,$-64,$2,$70,$166,$-29,$7,$6,$13,$-2,$-10,$15,$6,$8,$-9,$-11,$-1,$0,$0,$0,$0,$0,$-11,$-0,$8,$8,$3,$3,$-1,$0,$10,$-10,$3,$0
