,Date,Stock Price,Book Value per Share,Price to Book Ratio,TTM Sales per Share,Price to Sales Ratio,TTM FCF per Share,Price to FCF Ratio,TTM Net EPS,PE Ratio,Current Assets,Current Liabilities,Current Ratio,Long Term Debt,Shareholder's Equity_x,Debt to Equity Ratio,TTM Revenue_x,TTM Gross Profit,Gross Margin,TTM Revenue_y,TTM Operating Income,Operating Margin,TTM Revenue_x,TTM EBIT,EBIT Margin,TTM Revenue_y,TTM EBITDA,EBITDA Margin,TTM Revenue_x,TTM Pre-Tax Income,Pre-Tax Margin,TTM Revenue_y,TTM Net Income_x,Net Margin,TTM Net Income_y,Shareholder's Equity_y,Return on Equity,TTM Net Income_x,Tangible Equity,Return on Tangible Equity,TTM Net Income_y,Total Assets,Return on Assets,TTM Net Income,LT Investments & Debt,Return on Investment,revenue,cost-goods-sold,gross-profit,research-development-expenses,selling-general-administrative-expenses,operating-expenses,operating-income,total-non-operating-income-expense,pre-tax-income,total-provision-income-taxes,income-after-taxes,income-from-continuous-operations,net-income,ebitda,ebit,basic-shares-outstanding,shares-outstanding,eps-basic-net-earnings-per-share,eps-earnings-per-share-diluted,cash-on-hand,inventory,other-current-assets,total-current-assets,net-property-plant-equipment,long-term-investments,goodwill-intangible-assets-total,other-long-term-assets,total-long-term-assets,total-assets,total-current-liabilities,long-term-debt,other-non-current-liabilities,total-long-term-liabilities,total-liabilities,common-stock-net,retained-earnings-accumulated-deficit,comprehensive-income,total-share-holder-equity,total-liabilities-share-holders-equity,net-income-loss,total-depreciation-amortization-cash-flow,other-non-cash-items,total-non-cash-items,change-in-accounts-receivable,change-in-inventories,change-in-accounts-payable,change-in-assets-liabilities,total-change-in-assets-liabilities,cash-flow-from-operating-activities,net-change-in-property-plant-equipment,net-change-in-intangible-assets,net-acquisitions-divestitures,net-change-in-short-term-investments,net-change-in-long-term-investments,net-change-in-investments-total,investing-activities-other,cash-flow-from-investing-activities,net-long-term-debt,net-current-debt,debt-issuance-retirement-net-total,net-common-equity-issued-repurchased,net-total-equity-issued-repurchased,total-common-preferred-stock-dividends-paid,financial-activities-other,cash-flow-from-financial-activities,net-cash-flow,stock-based-compensation,common-stock-dividends-paid
0,2018-07-31,80.27,$60.95,1.32,$227.70,0.35,$0.97,82.64,$8.84,9.08,$1.85B,$1.08B,1.71,$0.57B,$1.67B,0.34,$6.50B,$2.26B,34.72%,$6.50B,$0.29B,4.48%,$6.50B,$0.29B,4.48%,$6.50B,$0.52B,7.99%,$6.50B,$0.24B,3.63%,$6.50B,$0.25B,3.86%,$0.25B,$1.67B,15.09%,$0.25B,$1.67B,15.09%,$0.25B,$3.58B,6.61%,$0.29B,$2.24B,13.04%,$1455,$955,$500,$0,$419,$1436,$19,$-14,$5,$-3,$7,$7,$7,$69,$19,$27,27,$0.27,$0.27,$117,$1603,$64,$1854,$1651,$0,$0,$77,$1728,$3583,$1084,$568,$241,$824,$1908,$1,$4371,$-18,$1674,$3583,$78,$113,$-53,$60,$-15,$-140,$0,$-18,$-153,$-15,$-84,$0,$0,$0,$0,$0,$2,$-82,$-161,$234,$72,$-40,$-40,$-6,$0,$27,$-70,$0,$-6
1,2018-04-30,74.47,$60.94,1.22,$223.19,0.33,$3.19,23.38,$8.36,8.91,$2.05B,$1.28B,1.6,$0.57B,$1.68B,0.34,$6.46B,$2.23B,34.50%,$6.46B,$0.27B,4.18%,$6.46B,$0.27B,4.18%,$6.46B,$0.50B,7.75%,$6.46B,$0.21B,3.30%,$6.46B,$0.24B,3.67%,$0.24B,$1.68B,14.40%,$0.24B,$1.68B,14.40%,$0.24B,$3.78B,6.17%,$0.27B,$2.25B,12.19%,$1501,$1017,$484,$0,$408,$1488,$12,$-16,$-4,$-1,$-3,$-3,$-3,$176,$12,$28,28,$-0.10,$-0.10,$166,$1781,$56,$2045,$1663,$0,$0,$73,$1736,$3781,$1278,$568,$240,$821,$2099,$1,$4376,$-18,$1682,$3781,$81,$56,$0,$57,$-5,$-317,$0,$-7,$-82,$55,$-37,$0,$0,$0,$0,$0,$1,$-37,$-0,$0,$-0,$-37,$-37,$-3,$0,$-40,$-21,$0,$-3
2,2018-01-31,67.41,$60.78,1.11,$216.14,0.31,$4.10,16.43,$7.59,8.88,$1.74B,$1.05B,1.66,$0.57B,$1.71B,0.33,$6.42B,$2.22B,34.63%,$6.42B,$0.27B,4.22%,$6.42B,$0.27B,4.22%,$6.42B,$0.51B,7.88%,$6.42B,$0.21B,3.30%,$6.42B,$0.22B,3.46%,$0.22B,$1.71B,13.47%,$0.22B,$1.71B,13.47%,$0.22B,$3.68B,5.65%,$0.27B,$2.28B,12.01%,$1491,$903,$588,$0,$406,$1371,$119,$-16,$103,$23,$81,$81,$81,$184,$119,$28,28,$2.89,$2.89,$187,$1464,$50,$1739,$1696,$0,$0,$247,$1943,$3683,$1049,$568,$240,$925,$1975,$1,$4365,$-15,$1708,$3683,$221,$234,$-106,$128,$9,$-57,$0,$-0,$-75,$274,$-119,$0,$0,$0,$0,$0,$9,$-110,$-90,$0,$-90,$-223,$-223,$-9,$-1,$-324,$-160,$0,$-9
3,2017-10-31,50.6,$55.84,0.91,$202.43,0.25,$10.88,4.65,$3.76,13.46,$2.17B,$1.53B,1.42,$0.57B,$1.59B,0.36,$6.30B,$2.18B,34.53%,$6.30B,$0.25B,3.97%,$6.30B,$0.25B,3.97%,$6.30B,$0.49B,7.80%,$6.30B,$0.18B,2.86%,$6.30B,$0.12B,1.92%,$0.12B,$1.59B,7.33%,$0.12B,$1.59B,7.33%,$0.12B,$4.14B,3.04%,$0.25B,$2.16B,10.87%,$2109,$1433,$677,$0,$484,$1981,$128,$-13,$116,$-41,$157,$158,$158,$90,$128,$29,29,$5.47,$5.47,$115,$1957,$53,$2171,$1712,$0,$0,$253,$1965,$4135,$1527,$569,$239,$1018,$2545,$1,$4211,$-11,$1591,$4135,$64,$179,$-4,$174,$13,$-551,$0,$-11,$-183,$56,$-95,$0,$0,$0,$0,$0,$7,$-88,$-3,$0,$-3,$-189,$-189,$-7,$-1,$-200,$-232,$0,$-7
4,2017-07-31,73.4,$55.23,1.33,$195.57,0.38,$13.80,5.32,$3.93,18.68,$1.77B,$1.14B,1.56,$0.57B,$1.60B,0.36,$6.31B,$2.20B,34.82%,$6.31B,$0.27B,4.27%,$6.31B,$0.27B,4.27%,$6.31B,$0.51B,8.13%,$6.31B,$0.19B,3.08%,$6.31B,$0.13B,2.05%,$0.13B,$1.60B,7.65%,$0.13B,$1.60B,7.65%,$0.13B,$3.76B,3.23%,$0.27B,$2.17B,11.22%,$1397,$890,$507,$0,$411,$1365,$32,$-11,$21,$7,$15,$15,$15,$51,$32,$29,29,$0.50,$0.50,$135,$1527,$52,$1773,$1734,$0,$0,$256,$1989,$3763,$1136,$569,$239,$1024,$2160,$1,$4199,$-11,$1603,$3763,$49,$121,$-74,$47,$9,$-121,$0,$-1,$-74,$22,$-63,$0,$0,$0,$0,$0,$3,$-60,$-3,$0,$-3,$-167,$-167,$-4,$0,$-174,$-212,$0,$-4
5,2017-04-30,54.99,$57.91,0.95,$188.83,0.29,$16.52,3.33,$4.86,11.31,$2.10B,$1.25B,1.69,$0.73B,$1.69B,0.43,$6.33B,$2.23B,35.28%,$6.33B,$0.31B,4.93%,$6.33B,$0.31B,4.93%,$6.33B,$0.56B,8.80%,$6.33B,$0.24B,3.79%,$6.33B,$0.16B,2.50%,$0.16B,$1.69B,9.14%,$0.16B,$1.69B,9.14%,$0.16B,$4.13B,3.94%,$0.31B,$2.42B,12.47%,$1464,$1007,$457,$0,$400,$1473,$-9,$-18,$-27,$-10,$-17,$-17,$-17,$181,$-9,$29,29,$-0.58,$-0.58,$301,$1714,$50,$2104,$1765,$0,$0,$258,$2022,$4127,$1247,$730,$238,$1189,$2436,$1,$4218,$-11,$1690,$4127,$66,$61,$-0,$61,$9,$-307,$0,$-1,$-43,$83,$-34,$0,$0,$0,$0,$0,$2,$-32,$-0,$0,$-0,$-94,$-94,$-2,$0,$-97,$-46,$0,$-2
6,2017-01-31,55.98,$53.41,1.05,$185.51,0.3,$15.02,3.73,$4.91,11.4,$1.84B,$0.98B,1.88,$0.73B,$1.72B,0.43,$6.42B,$2.25B,35.07%,$6.42B,$0.33B,5.10%,$6.42B,$0.33B,5.10%,$6.42B,$0.57B,8.91%,$6.42B,$0.26B,4.02%,$6.42B,$0.17B,2.63%,$0.17B,$1.72B,9.61%,$0.17B,$1.72B,9.61%,$0.17B,$3.89B,4.24%,$0.33B,$2.45B,12.80%,$1453,$870,$583,$0,$397,$1333,$120,$-17,$102,$36,$66,$66,$66,$169,$120,$31,31,$2.12,$2.12,$347,$1406,$36,$1838,$1790,$0,$0,$260,$2050,$3888,$977,$730,$238,$1194,$2171,$1,$4154,$-11,$1717,$3888,$169,$246,$-29,$217,$-1,$-33,$0,$15,$130,$517,$-104,$0,$0,$0,$-20,$-20,$4,$-120,$-3,$0,$-3,$-240,$-240,$-10,$0,$-253,$144,$0,$-10
7,2016-10-31,60.73,$51.99,1.17,$181.97,0.33,$10.92,5.56,$5.50,11.04,$2.09B,$1.14B,1.83,$0.82B,$1.74B,0.47,$6.55B,$2.28B,34.85%,$6.55B,$0.36B,5.48%,$6.55B,$0.36B,5.48%,$6.55B,$0.61B,9.24%,$6.55B,$0.30B,4.58%,$6.55B,$0.20B,2.99%,$0.20B,$1.74B,11.02%,$0.20B,$1.74B,11.02%,$0.20B,$4.18B,4.93%,$0.36B,$2.55B,13.82%,$1984,$1356,$628,$0,$452,$1877,$107,$-22,$84,$28,$57,$57,$57,$112,$107,$34,34,$1.74,$1.74,$80,$1902,$61,$2090,$1825,$0,$0,$269,$2094,$4184,$1143,$817,$243,$1305,$2448,$1,$4099,$-17,$1736,$4184,$112,$184,$-1,$183,$5,$-529,$0,$-7,$-169,$126,$-72,$0,$0,$0,$-20,$-20,$0,$-92,$-3,$17,$14,$-163,$-163,$-7,$0,$-156,$-122,$0,$-7
8,2016-07-31,66.97,$51.69,1.3,$178.97,0.37,$8.32,8.05,$6.02,11.12,$1.74B,$0.76B,2.27,$0.82B,$1.77B,0.46,$6.62B,$2.32B,34.98%,$6.62B,$0.38B,5.80%,$6.62B,$0.38B,5.80%,$6.62B,$0.64B,9.60%,$6.62B,$0.34B,5.06%,$6.62B,$0.22B,3.31%,$0.22B,$1.77B,12.18%,$0.22B,$1.77B,12.18%,$0.22B,$3.84B,5.44%,$0.38B,$2.59B,14.67%,$1406,$879,$528,$0,$411,$1356,$51,$-16,$35,$12,$23,$23,$23,$95,$51,$34,34,$0.67,$0.67,$128,$1499,$46,$1737,$1852,$0,$0,$255,$2106,$3843,$764,$818,$242,$1310,$2074,$1,$4079,$-17,$1769,$3843,$90,$122,$-1,$121,$6,$-125,$0,$0,$-124,$87,$-41,$0,$0,$0,$0,$0,$0,$-41,$-3,$0,$-3,$-113,$-113,$-5,$0,$-120,$-75,$0,$-5
9,2016-04-30,69.63,$52.47,1.33,$174.54,0.4,$6.38,10.92,$6.42,10.85,$1.88B,$0.90B,2.09,$0.82B,$1.81B,0.45,$6.68B,$2.35B,35.19%,$6.68B,$0.41B,6.14%,$6.68B,$0.41B,6.14%,$6.68B,$0.66B,9.90%,$6.68B,$0.36B,5.40%,$6.68B,$0.24B,3.55%,$0.24B,$1.81B,12.86%,$0.24B,$1.81B,12.86%,$0.24B,$4.03B,5.82%,$0.41B,$2.63B,15.39%,$1489,$993,$495,$0,$395,$1455,$34,$-15,$19,$6,$12,$12,$12,$196,$34,$35,35,$0.35,$0.35,$150,$1648,$42,$1883,$1889,$0,$0,$254,$2143,$4026,$900,$820,$241,$1314,$2214,$1,$4069,$-17,$1812,$4026,$77,$61,$-0,$61,$5,$-273,$0,$3,$-118,$20,$-18,$0,$0,$0,$0,$0,$0,$-18,$-0,$0,$-0,$-52,$-52,$-3,$0,$-55,$-53,$0,$-3
10,2016-01-31,69.53,$49.98,1.39,$170.55,0.41,$7.50,9.27,$6.91,10.06,$1.67B,$0.75B,2.22,$0.82B,$1.80B,0.46,$6.75B,$2.40B,35.59%,$6.75B,$0.46B,6.78%,$6.75B,$0.46B,6.78%,$6.75B,$0.71B,10.50%,$6.75B,$0.41B,6.04%,$6.75B,$0.27B,4.00%,$0.27B,$1.80B,14.05%,$0.27B,$1.80B,14.05%,$0.27B,$3.86B,6.46%,$0.46B,$2.62B,16.70%,$1539,$939,$600,$0,$398,$1404,$135,$-16,$120,$42,$77,$77,$77,$202,$135,$36,36,$2.17,$2.17,$203,$1375,$44,$1669,$1940,$0,$0,$255,$2195,$3864,$751,$820,$239,$1317,$2069,$1,$3994,$-17,$1795,$3864,$269,$252,$-49,$204,$9,$-0,$0,$6,$-23,$450,$-140,$0,$0,$0,$0,$0,$7,$-133,$-5,$0,$-5,$-500,$-500,$-10,$-3,$-518,$-201,$0,$-10
11,2015-10-31,88.27,$49.49,1.78,$167.42,0.53,$10.69,8.26,$7.77,11.36,$2.15B,$1.24B,1.73,$0.82B,$1.82B,0.45,$6.82B,$2.49B,36.54%,$6.82B,$0.54B,7.85%,$6.82B,$0.54B,7.85%,$6.82B,$0.79B,11.54%,$6.82B,$0.48B,7.07%,$6.82B,$0.32B,4.64%,$0.32B,$1.82B,15.98%,$0.32B,$1.82B,15.98%,$0.32B,$4.38B,7.42%,$0.54B,$2.64B,19.12%,$2117,$1457,$660,$0,$449,$1979,$139,$-13,$126,$42,$84,$84,$84,$142,$139,$39,39,$2.31,$2.31,$100,$1933,$70,$2151,$1977,$0,$0,$251,$2228,$4378,$1241,$821,$252,$1321,$2561,$1,$3913,$-29,$1817,$4378,$185,$189,$-9,$179,$9,$-559,$0,$-22,$-281,$83,$-123,$0,$0,$0,$0,$0,$7,$-115,$-5,$123,$118,$-382,$-382,$-7,$0,$-272,$-304,$0,$-7
12,2015-07-31,100.43,$50.24,2.0,$164.39,0.61,$14.08,7.13,$7.88,12.74,$1.76B,$0.74B,2.38,$0.82B,$1.95B,0.42,$6.84B,$2.51B,36.62%,$6.84B,$0.55B,8.08%,$6.84B,$0.55B,8.08%,$6.84B,$0.80B,11.72%,$6.84B,$0.50B,7.26%,$6.84B,$0.33B,4.75%,$0.33B,$1.95B,16.27%,$0.33B,$1.95B,16.27%,$0.33B,$4.02B,7.64%,$0.55B,$2.77B,19.62%,$1473,$913,$560,$0,$413,$1397,$76,$-5,$70,$25,$45,$46,$46,$121,$76,$38,38,$1.19,$1.19,$175,$1477,$48,$1764,$1999,$0,$0,$253,$2251,$4016,$741,$821,$252,$1326,$2068,$1,$3870,$-30,$1948,$4016,$140,$123,$-107,$16,$8,$-103,$0,$-1,$-94,$62,$-87,$0,$0,$0,$0,$0,$7,$-79,$-0,$0,$-0,$-203,$-203,$-5,$-3,$-211,$-229,$0,$-5
13,2015-04-30,129.64,$52.72,2.46,$160.72,0.81,$16.32,7.94,$7.93,16.35,$2.21B,$1.01B,2.19,$0.82B,$2.13B,0.39,$6.81B,$2.51B,36.91%,$6.81B,$0.56B,8.24%,$6.81B,$0.56B,8.24%,$6.81B,$0.81B,11.93%,$6.81B,$0.51B,7.42%,$6.81B,$0.33B,4.83%,$0.33B,$2.13B,16.22%,$0.33B,$2.13B,16.22%,$0.33B,$4.47B,7.71%,$0.56B,$2.95B,19.69%,$1551,$1020,$531,$0,$404,$1491,$60,$-15,$45,$16,$30,$30,$30,$244,$60,$40,40,$0.75,$0.75,$458,$1641,$51,$2207,$2010,$0,$0,$254,$2264,$4471,$1007,$819,$253,$1337,$2344,$1,$3842,$-30,$2127,$4471,$110,$62,$-0,$62,$-1,$-266,$0,$-8,$-80,$91,$-42,$0,$0,$0,$0,$0,$7,$-35,$-0,$0,$-0,$0,$0,$-2,$0,$-3,$54,$0,$-2
14,2015-01-31,111.87,$49.02,2.28,$157.94,0.71,$18.42,6.07,$7.83,14.29,$1.89B,$0.80B,2.36,$0.82B,$2.02B,0.41,$6.78B,$2.51B,36.99%,$6.78B,$0.57B,8.35%,$6.78B,$0.57B,8.35%,$6.78B,$0.82B,12.06%,$6.78B,$0.51B,7.52%,$6.78B,$0.33B,4.88%,$0.33B,$2.02B,16.50%,$0.33B,$2.02B,16.50%,$0.33B,$4.17B,7.84%,$0.57B,$2.84B,20.03%,$1613,$960,$653,$0,$404,$1431,$183,$-15,$167,$58,$109,$110,$110,$280,$183,$41,41,$2.66,$2.66,$411,$1374,$46,$1888,$2029,$0,$0,$252,$2282,$4170,$801,$821,$250,$1350,$2151,$1,$3735,$-31,$2019,$4170,$332,$252,$-37,$215,$-26,$-29,$0,$2,$64,$612,$-137,$0,$0,$0,$0,$0,$-6,$-143,$-1,$0,$-1,$-290,$-290,$-10,$0,$-302,$167,$0,$-10
15,2014-10-31,104.1,$43.20,2.41,$152.38,0.68,$16.60,6.27,$7.37,14.12,$2.04B,$1.21B,1.68,$0.82B,$1.90B,0.43,$6.68B,$2.47B,36.95%,$6.68B,$0.55B,8.19%,$6.68B,$0.55B,8.19%,$6.68B,$0.80B,11.92%,$6.68B,$0.49B,7.37%,$6.68B,$0.32B,4.79%,$0.32B,$1.90B,16.01%,$0.32B,$1.90B,16.01%,$0.32B,$4.36B,7.63%,$0.55B,$2.72B,19.40%,$2180,$1433,$747,$0,$457,$1964,$216,$-16,$200,$70,$130,$130,$130,$157,$216,$43,43,$3.13,$3.13,$102,$1832,$65,$2041,$2064,$0,$0,$252,$2316,$4357,$1214,$821,$233,$1245,$2460,$1,$3607,$-23,$1898,$4357,$201,$188,$-6,$182,$-11,$-487,$0,$-14,$-173,$210,$-109,$0,$0,$0,$0,$0,$-10,$-119,$-1,$63,$62,$-290,$-290,$-8,$0,$-236,$-145,$0,$-8
16,2014-07-31,117.28,$48.03,2.44,$150.37,0.78,$17.02,6.89,$7.20,16.29,$1.73B,$0.75B,2.33,$0.82B,$2.07B,0.4,$6.69B,$2.46B,36.83%,$6.69B,$0.55B,8.18%,$6.69B,$0.55B,8.18%,$6.69B,$0.80B,11.95%,$6.69B,$0.49B,7.25%,$6.69B,$0.32B,4.72%,$0.32B,$2.07B,15.86%,$0.32B,$2.07B,15.86%,$0.32B,$4.07B,7.49%,$0.55B,$2.89B,19.44%,$1499,$924,$575,$0,$412,$1405,$94,$-9,$85,$30,$55,$55,$55,$131,$94,$42,42,$1.30,$1.30,$235,$1429,$50,$1734,$2082,$0,$0,$255,$2336,$4070,$745,$821,$232,$1256,$2001,$1,$3554,$-23,$2069,$4070,$146,$125,$-0,$124,$12,$-84,$0,$-1,$-137,$134,$-64,$0,$0,$0,$0,$0,$0,$-64,$-0,$0,$-0,$-66,$-66,$-5,$0,$-72,$-2,$0,$-5
17,2014-04-30,96.29,$47.10,2.04,$148.10,0.65,$17.76,5.42,$7.19,13.39,$1.94B,$0.99B,1.96,$0.82B,$2.04B,0.4,$6.69B,$2.47B,36.85%,$6.69B,$0.55B,8.23%,$6.69B,$0.55B,8.23%,$6.69B,$0.81B,12.03%,$6.69B,$0.49B,7.29%,$6.69B,$0.32B,4.75%,$0.32B,$2.04B,16.08%,$0.32B,$2.04B,16.08%,$0.32B,$4.29B,7.52%,$0.55B,$2.86B,19.68%,$1513,$976,$537,$0,$400,$1445,$68,$-15,$53,$19,$34,$34,$34,$250,$68,$43,43,$0.80,$0.80,$312,$1564,$47,$1943,$2096,$0,$0,$255,$2351,$4294,$991,$821,$230,$1267,$2258,$1,$3522,$-24,$2036,$4294,$112,$62,$-0,$62,$12,$-219,$0,$1,$-12,$162,$-18,$0,$0,$0,$0,$0,$0,$-18,$-0,$0,$-0,$-66,$-66,$-3,$0,$-69,$75,$0,$-3
18,2014-01-31,85.78,$45.33,1.89,$145.58,0.59,$17.61,4.87,$7.13,12.03,$1.66B,$0.78B,2.13,$0.82B,$1.99B,0.41,$6.69B,$2.47B,36.89%,$6.69B,$0.55B,8.28%,$6.69B,$0.55B,8.28%,$6.69B,$0.81B,12.12%,$6.69B,$0.50B,7.41%,$6.69B,$0.32B,4.83%,$0.32B,$1.99B,16.46%,$0.32B,$1.99B,16.46%,$0.32B,$4.05B,7.65%,$0.55B,$2.81B,19.89%,$1589,$939,$649,$0,$394,$1401,$188,$-15,$172,$61,$111,$112,$112,$258,$188,$44,44,$2.56,$2.56,$237,$1345,$47,$1660,$2134,$0,$0,$256,$2391,$4051,$778,$822,$228,$1280,$2059,$1,$3413,$-24,$1992,$4051,$324,$257,$-14,$243,$1,$-51,$0,$-0,$-65,$502,$-77,$0,$0,$0,$0,$0,$0,$-77,$-2,$0,$-2,$-302,$-302,$-7,$-1,$-312,$113,$0,$-7
19,2013-10-31,80.5,$42.63,1.89,$144.02,0.56,$16.81,4.79,$7.78,10.35,$2.04B,$1.30B,1.57,$0.82B,$1.87B,0.44,$6.77B,$2.53B,37.43%,$6.77B,$0.58B,8.54%,$6.77B,$0.58B,8.54%,$6.77B,$0.84B,12.41%,$6.77B,$0.53B,7.77%,$6.77B,$0.37B,5.39%,$0.37B,$1.87B,18.65%,$0.37B,$1.87B,18.65%,$0.37B,$4.46B,8.65%,$0.58B,$2.69B,20.80%,$2079,$1372,$707,$0,$439,$1882,$197,$-15,$182,$63,$119,$119,$119,$160,$197,$46,46,$2.68,$2.68,$111,$1829,$66,$2038,$2165,$0,$0,$258,$2422,$4460,$1298,$822,$231,$1289,$2587,$1,$3297,$-25,$1873,$4460,$205,$196,$-6,$190,$-0,$-535,$0,$-20,$-221,$173,$-47,$0,$0,$0,$0,$0,$0,$-47,$-2,$170,$168,$-302,$-302,$-5,$-1,$-139,$-13,$0,$-5
20,2013-07-31,82.85,$43.89,1.89,$141.54,0.59,$16.51,5.02,$7.66,10.82,$1.65B,$0.80B,2.07,$0.82B,$2.01B,0.41,$6.75B,$2.53B,37.50%,$6.75B,$0.57B,8.49%,$6.75B,$0.57B,8.49%,$6.75B,$0.84B,12.38%,$6.75B,$0.52B,7.72%,$6.75B,$0.36B,5.38%,$0.36B,$2.01B,18.09%,$0.36B,$2.01B,18.09%,$0.36B,$4.11B,8.55%,$0.57B,$2.83B,20.26%,$1507,$937,$570,$0,$404,$1413,$94,$-16,$78,$28,$51,$51,$51,$137,$94,$45,45,$1.13,$1.13,$114,$1459,$50,$1649,$2199,$0,$0,$259,$2458,$4107,$798,$822,$229,$1299,$2097,$1,$3249,$-26,$2011,$4107,$154,$130,$-6,$125,$5,$-165,$0,$-6,$-146,$132,$-23,$0,$0,$0,$0,$0,$0,$-23,$-1,$0,$-1,$-115,$-115,$-2,$-1,$-119,$-10,$0,$-2
21,2013-04-30,80.81,$42.65,1.89,$139.78,0.58,$15.66,5.16,$7.50,10.78,$1.78B,$0.99B,1.79,$0.82B,$1.98B,0.42,$6.75B,$2.53B,37.41%,$6.75B,$0.57B,8.40%,$6.75B,$0.57B,8.40%,$6.75B,$0.83B,12.26%,$6.75B,$0.51B,7.60%,$6.75B,$0.36B,5.30%,$0.36B,$1.98B,17.82%,$0.36B,$1.98B,17.82%,$0.36B,$4.26B,8.36%,$0.57B,$2.80B,20.02%,$1517,$977,$540,$0,$398,$1445,$72,$-16,$56,$20,$36,$36,$36,$256,$72,$46,46,$0.79,$0.79,$156,$1544,$47,$1775,$2228,$0,$0,$258,$2486,$4261,$990,$822,$226,$1296,$2286,$1,$3214,$-26,$1975,$4261,$117,$66,$-6,$60,$4,$-250,$0,$-3,$-40,$137,$10,$0,$0,$0,$0,$0,$0,$10,$-1,$0,$-1,$-115,$-115,$0,$0,$-115,$32,$0,$0
22,2013-01-31,82.72,$41.24,2.01,$137.44,0.6,$13.69,6.04,$6.89,12.01,$1.49B,$0.77B,1.95,$0.82B,$1.97B,0.42,$6.75B,$2.50B,37.09%,$6.75B,$0.54B,8.00%,$6.75B,$0.54B,8.00%,$6.75B,$0.80B,11.85%,$6.75B,$0.48B,7.11%,$6.75B,$0.34B,4.98%,$0.34B,$1.97B,16.42%,$0.34B,$1.97B,16.42%,$0.34B,$4.05B,7.73%,$0.54B,$2.79B,18.82%,$1589,$938,$652,$0,$390,$1399,$191,$-10,$180,$63,$117,$117,$117,$287,$191,$47,47,$2.50,$2.50,$124,$1295,$42,$1492,$2287,$0,$0,$270,$2557,$4049,$767,$822,$233,$1311,$2079,$1,$3100,$-31,$1970,$4049,$336,$262,$-122,$140,$-3,$10,$0,$1,$47,$523,$-106,$0,$0,$0,$0,$0,$0,$-106,$-79,$0,$-79,$-230,$-230,$-252,$45,$-517,$-100,$0,$-252
23,2012-10-31,71.14,$43.80,1.62,$130.37,0.55,$12.79,5.56,$6.30,11.29,$1.95B,$1.14B,1.71,$0.82B,$2.07B,0.4,$6.61B,$2.44B,36.94%,$6.61B,$0.51B,7.70%,$6.61B,$0.51B,7.70%,$6.61B,$0.77B,11.62%,$6.61B,$0.49B,7.34%,$6.61B,$0.32B,4.78%,$0.32B,$2.07B,15.29%,$0.32B,$2.07B,15.29%,$0.32B,$4.56B,7.16%,$0.51B,$2.89B,17.61%,$2154,$1383,$771,$0,$475,$1934,$221,$-9,$212,$51,$161,$161,$161,$155,$221,$48,49,$3.39,$3.34,$125,$1722,$67,$1945,$2346,$0,$0,$269,$2615,$4559,$1138,$822,$248,$1352,$2490,$1,$3275,$-36,$2069,$4559,$175,$195,$-5,$191,$-2,$-418,$0,$-23,$-146,$220,$-100,$0,$0,$0,$0,$0,$0,$-100,$-78,$27,$-51,$-158,$-158,$-7,$-3,$-219,$-99,$0,$-7
24,2012-07-31,60.22,$42.89,1.4,$126.25,0.48,$11.78,5.11,$5.79,10.4,$1.60B,$0.88B,1.83,$0.82B,$2.02B,0.41,$6.54B,$2.41B,36.87%,$6.54B,$0.48B,7.28%,$6.54B,$0.48B,7.28%,$6.54B,$0.73B,11.22%,$6.54B,$0.45B,6.91%,$6.54B,$0.50B,7.57%,$0.50B,$2.02B,24.06%,$0.50B,$2.02B,24.06%,$0.50B,$4.26B,11.12%,$0.48B,$2.84B,16.49%,$1486,$920,$567,$0,$405,$1398,$89,$-16,$73,$24,$48,$49,$49,$130,$89,$47,48,$1.03,$1.01,$163,$1362,$45,$1603,$2388,$0,$0,$271,$2659,$4261,$876,$823,$247,$1364,$2240,$1,$3228,$-37,$2021,$4261,$126,$129,$-3,$126,$-5,$-58,$0,$-2,$-99,$153,$-79,$0,$0,$0,$0,$0,$0,$-79,$-2,$24,$22,$-149,$-149,$-5,$-3,$-136,$-62,$0,$-5
25,2012-04-30,59.55,$43.48,1.37,$121.99,0.49,$11.89,5.01,$5.48,10.87,$1.83B,$1.02B,1.79,$0.82B,$2.12B,0.39,$6.49B,$2.39B,36.78%,$6.49B,$0.45B,6.93%,$6.49B,$0.45B,6.93%,$6.49B,$0.71B,10.92%,$6.49B,$0.43B,6.59%,$6.49B,$0.48B,7.42%,$0.48B,$2.12B,23.68%,$0.48B,$2.12B,23.68%,$0.48B,$4.52B,10.88%,$0.45B,$2.95B,15.60%,$1525,$988,$537,$0,$399,$1459,$66,$-18,$48,$17,$31,$31,$31,$228,$66,$48,49,$0.64,$0.63,$251,$1500,$46,$1827,$2411,$0,$0,$278,$2689,$4516,$1022,$823,$246,$1371,$2392,$1,$3200,$-38,$2124,$4516,$95,$64,$-2,$62,$-2,$-195,$0,$-10,$-59,$98,$-40,$0,$0,$0,$0,$0,$0,$-40,$-1,$0,$-1,$-25,$-25,$-2,$-4,$-32,$26,$0,$-2
26,2012-01-31,40.79,$41.50,0.98,$116.07,0.35,$11.44,3.57,$4.90,8.32,$1.59B,$0.87B,1.83,$0.82B,$2.05B,0.4,$6.41B,$2.36B,36.82%,$6.41B,$0.42B,6.57%,$6.41B,$0.42B,6.57%,$6.41B,$0.68B,10.63%,$6.41B,$0.40B,6.20%,$6.41B,$0.46B,7.24%,$0.46B,$2.05B,23.43%,$0.46B,$2.05B,23.43%,$0.46B,$4.31B,10.58%,$0.42B,$2.88B,14.77%,$1586,$957,$629,$0,$393,$1422,$164,$-16,$147,$53,$94,$95,$95,$255,$164,$49,50,$1.92,$1.89,$224,$1304,$35,$1592,$2440,$0,$0,$274,$2714,$4306,$870,$824,$245,$1384,$2254,$1,$3107,$-39,$2052,$4306,$464,$259,$-23,$237,$-3,$-14,$0,$-203,$-200,$501,$-86,$0,$0,$0,$2,$2,$0,$-83,$-57,$0,$-57,$-480,$-480,$-10,$10,$-537,$-119,$0,$-10
27,2011-10-31,47.45,$40.49,1.17,$108.60,0.44,$10.24,4.63,$3.88,12.23,$1.97B,$1.30B,1.52,$0.85B,$2.03B,0.42,$6.38B,$2.35B,36.91%,$6.38B,$0.41B,6.43%,$6.38B,$0.41B,6.43%,$6.38B,$0.67B,10.57%,$6.38B,$0.34B,5.38%,$6.38B,$0.43B,6.79%,$0.43B,$2.03B,21.77%,$0.43B,$2.03B,21.77%,$0.43B,$4.72B,9.84%,$0.41B,$2.88B,14.23%,$2013,$1304,$709,$0,$441,$1823,$190,$27,$217,$76,$141,$141,$141,$121,$190,$54,54,$2.64,$2.58,$131,$1757,$63,$1971,$2476,$0,$0,$270,$2746,$4717,$1299,$845,$207,$1384,$2683,$1,$2968,$-17,$2034,$4717,$322,$194,$-13,$181,$6,$-466,$0,$-226,$-368,$136,$-57,$0,$0,$0,$0,$0,$-22,$-80,$-56,$142,$86,$-382,$-382,$-8,$10,$-293,$-237,$0,$-8
28,2011-07-31,51.74,$37.52,1.38,$102.66,0.5,$10.15,5.1,$3.60,14.37,$1.60B,$0.82B,1.95,$0.91B,$1.93B,0.47,$6.33B,$2.33B,36.84%,$6.33B,$0.39B,6.22%,$6.33B,$0.39B,6.22%,$6.33B,$0.66B,10.41%,$6.33B,$0.32B,5.12%,$6.33B,$0.22B,3.46%,$0.22B,$1.93B,10.90%,$0.22B,$1.93B,10.90%,$0.22B,$4.18B,4.98%,$0.39B,$2.84B,13.50%,$1418,$881,$537,$0,$405,$1362,$56,$-16,$40,$-188,$228,$228,$228,$105,$56,$52,53,$4.38,$4.31,$180,$1358,$44,$1601,$2515,$0,$0,$62,$2576,$4177,$822,$907,$206,$1424,$2246,$1,$2743,$-17,$1931,$4177,$94,$129,$-11,$118,$6,$-68,$0,$1,$-87,$125,$-36,$0,$0,$0,$2,$2,$0,$-34,$-2,$0,$-2,$-258,$-258,$-5,$10,$-255,$-164,$0,$-5
29,2011-04-30,44.12,$35.06,1.26,$96.93,0.46,$9.65,4.57,$3.38,13.05,$1.72B,$0.99B,1.74,$0.91B,$1.91B,0.48,$6.28B,$2.31B,36.80%,$6.28B,$0.38B,5.99%,$6.28B,$0.38B,5.99%,$6.28B,$0.64B,10.22%,$6.28B,$0.31B,4.91%,$6.28B,$0.21B,3.31%,$0.21B,$1.91B,10.04%,$0.21B,$1.91B,10.04%,$0.21B,$4.34B,4.66%,$0.38B,$2.81B,12.57%,$1476,$964,$513,$0,$396,$1436,$40,$-16,$24,$7,$17,$18,$18,$200,$40,$54,55,$0.32,$0.32,$147,$1504,$43,$1716,$2548,$0,$0,$73,$2621,$4337,$989,$908,$207,$1443,$2432,$1,$2728,$-17,$1905,$4337,$77,$64,$-1,$63,$4,$-214,$0,$0,$-81,$59,$-17,$0,$0,$0,$0,$0,$2,$-14,$-1,$0,$-1,$-240,$-240,$-2,$2,$-241,$-196,$0,$-2
30,2011-01-31,36.46,$34.79,1.05,$91.83,0.4,$9.93,3.67,$2.75,13.26,$1.70B,$0.83B,2.05,$0.91B,$2.09B,0.44,$6.26B,$2.28B,36.38%,$6.26B,$0.34B,5.42%,$6.26B,$0.34B,5.42%,$6.26B,$0.60B,9.63%,$6.26B,$0.27B,4.30%,$6.26B,$0.18B,2.88%,$0.18B,$2.09B,8.34%,$0.18B,$2.09B,8.34%,$0.18B,$4.37B,3.97%,$0.34B,$3.00B,10.96%,$1499,$899,$600,$0,$389,$1364,$135,$-19,$116,$43,$73,$77,$77,$248,$135,$57,59,$1.33,$1.31,$343,$1290,$43,$1702,$2596,$0,$0,$77,$2672,$4374,$831,$909,$206,$1456,$2287,$1,$2653,$-18,$2087,$4374,$180,$263,$12,$275,$37,$11,$0,$7,$58,$513,$-81,$0,$0,$0,$-9,$-9,$0,$-90,$-17,$0,$-17,$-397,$-397,$-11,$3,$-422,$2,$0,$-11
31,2010-10-31,23.39,$34.06,0.69,$87.74,0.27,$10.14,2.31,$2.08,11.25,$1.99B,$1.13B,1.76,$0.91B,$2.12B,0.43,$6.15B,$2.22B,36.09%,$6.15B,$0.29B,4.78%,$6.15B,$0.29B,4.78%,$6.15B,$0.56B,9.02%,$6.15B,$0.22B,3.61%,$6.15B,$0.15B,2.44%,$0.15B,$2.12B,6.78%,$0.15B,$2.12B,6.78%,$0.15B,$4.71B,3.26%,$0.29B,$3.03B,9.30%,$1982,$1279,$703,$0,$442,$1803,$179,$-16,$163,$51,$111,$110,$110,$106,$179,$67,67,$1.68,$1.67,$167,$1709,$66,$1993,$2650,$0,$0,$69,$2719,$4712,$1130,$910,$211,$1465,$2596,$1,$2546,$-21,$2117,$4712,$70,$195,$-1,$193,$12,$-408,$0,$-17,$-104,$159,$-68,$0,$0,$0,$0,$0,$0,$-68,$-17,$0,$-17,$-241,$-241,$-8,$0,$-266,$-175,$0,$-8
32,2010-07-31,21.18,$32.92,0.64,$85.75,0.25,$11.72,1.81,$1.97,10.75,$1.65B,$0.74B,2.22,$0.96B,$2.18B,0.44,$6.17B,$2.20B,35.69%,$6.17B,$0.27B,4.36%,$6.17B,$0.27B,4.36%,$6.17B,$0.53B,8.61%,$6.17B,$0.20B,3.21%,$6.17B,$0.14B,2.33%,$0.14B,$2.18B,6.43%,$0.14B,$2.18B,6.43%,$0.14B,$4.41B,3.11%,$0.27B,$3.13B,8.39%,$1373,$857,$516,$0,$398,$1333,$40,$-19,$21,$6,$15,$14,$14,$87,$40,$66,66,$0.22,$0.22,$215,$1328,$44,$1647,$2698,$0,$0,$69,$2767,$4414,$741,$956,$210,$1497,$2238,$1,$2535,$-21,$2176,$4414,$56,$129,$-2,$127,$4,$-28,$0,$5,$-54,$129,$-53,$0,$0,$0,$0,$0,$0,$-53,$-15,$0,$-15,$-182,$-182,$-6,$0,$-202,$-127,$0,$-6
33,2010-04-30,25.66,$32.79,0.78,$84.47,0.3,$12.84,2.0,$1.51,16.99,$1.86B,$0.88B,2.12,$0.97B,$2.25B,0.43,$6.20B,$2.17B,34.91%,$6.20B,$0.22B,3.61%,$6.20B,$0.22B,3.61%,$6.20B,$0.49B,7.87%,$6.20B,$0.15B,2.40%,$6.20B,$0.11B,1.77%,$0.11B,$2.25B,4.88%,$0.11B,$2.25B,4.88%,$0.11B,$4.65B,2.35%,$0.22B,$3.22B,6.95%,$1421,$930,$490,$0,$392,$1399,$22,$-14,$8,$-0,$8,$7,$7,$162,$22,$68,68,$0.10,$0.10,$305,$1454,$42,$1856,$2718,$0,$0,$73,$2791,$4647,$877,$969,$213,$1522,$2399,$1,$2530,$-22,$2248,$4647,$49,$64,$2,$66,$8,$-153,$0,$4,$-35,$80,$-8,$0,$0,$0,$0,$0,$0,$-8,$-1,$0,$-1,$-105,$-105,$-3,$0,$-108,$-36,$0,$-3
34,2010-01-31,15.11,$31.21,0.48,$84.40,0.18,$12.36,1.22,$0.93,16.24,$1.75B,$0.77B,2.28,$0.97B,$2.30B,0.42,$6.23B,$2.12B,34.12%,$6.23B,$0.16B,2.52%,$6.23B,$0.16B,2.52%,$6.23B,$0.42B,6.79%,$6.23B,$0.09B,1.37%,$6.23B,$0.07B,1.11%,$0.07B,$2.30B,3.06%,$0.07B,$2.30B,3.06%,$0.07B,$4.61B,1.45%,$0.16B,$3.27B,4.86%,$1483,$914,$568,$0,$394,$1385,$98,$-21,$77,$27,$50,$49,$49,$200,$98,$72,72,$0.68,$0.68,$342,$1301,$44,$1750,$2781,$0,$0,$76,$2857,$4606,$769,$970,$213,$1533,$2302,$1,$2484,$-22,$2304,$4606,$69,$265,$-37,$228,$25,$74,$0,$18,$258,$554,$-63,$0,$0,$0,$0,$0,$0,$-63,$-34,$-200,$-234,$0,$0,$-12,$0,$-246,$245,$0,$-12
35,2009-10-31,12.4,$30.26,0.41,$87.02,0.14,$8.77,1.41,$-2.18,0.0,$1.95B,$1.08B,1.8,$0.97B,$2.23B,0.44,$6.43B,$2.03B,31.51%,$6.43B,0,0.00%,$6.43B,0,0.00%,$6.43B,$0.27B,4.24%,$6.43B,$-0.25B,-3.95%,$6.43B,$-0.16B,-2.49%,$-0.16B,$2.23B,-7.13%,$-0.16B,$2.23B,-7.13%,$-0.16B,$4.85B,-3.35%,$0.00B,$3.21B,0.00%,$1875,$1229,$646,$0,$431,$1741,$134,$-19,$116,$36,$80,$80,$80,$82,$134,$74,74,$1.08,$1.08,$74,$1752,$56,$1949,$2826,$0,$0,$77,$2903,$4852,$1081,$971,$208,$1537,$2618,$1,$2408,$-16,$2234,$4852,$-11,$199,$-2,$197,$22,$-378,$0,$5,$75,$261,$-42,$0,$0,$0,$0,$0,$0,$-42,$-33,$-200,$-233,$0,$0,$-9,$0,$-242,$-23,$0,$-9
36,2009-07-31,9.63,$30.18,0.32,$89.23,0.11,$5.04,1.91,$-3.05,0.0,$1.65B,$0.81B,2.04,$0.98B,$2.23B,0.44,$6.59B,$2.03B,30.80%,$6.59B,$-0.09B,-1.32%,$6.59B,$-0.09B,-1.32%,$6.59B,$0.19B,2.82%,$6.59B,$-0.35B,-5.27%,$6.59B,$-0.22B,-3.40%,$-0.22B,$2.23B,-9.81%,$-0.22B,$2.23B,-9.84%,$-0.22B,$4.60B,-4.46%,$-0.09B,$3.20B,-2.67%,$1391,$893,$498,$0,$402,$1375,$15,$-18,$-3,$-13,$10,$8,$8,$44,$15,$74,74,$0.11,$0.11,$117,$1414,$46,$1650,$2869,$0,$0,$79,$2948,$4598,$809,$975,$219,$1561,$2369,$1,$2403,$-16,$2229,$4598,$-19,$133,$-2,$131,$19,$-40,$0,$13,$71,$183,$-19,$0,$0,$0,$0,$0,$0,$-19,$-5,$-133,$-138,$0,$0,$-6,$0,$-144,$20,$0,$-6
37,2009-04-30,6.97,$30.59,0.23,$91.47,0.08,$3.49,2.0,$-3.20,0.0,$1.93B,$1.11B,1.74,$0.98B,$2.26B,0.43,$6.78B,$2.09B,30.86%,$6.78B,$-0.11B,-1.68%,$6.78B,$-0.11B,-1.68%,$6.78B,$0.17B,2.45%,$6.78B,$-0.37B,-5.47%,$6.78B,$-0.24B,-3.47%,$-0.24B,$2.26B,-10.04%,$-0.24B,$2.26B,-10.11%,$-0.24B,$4.93B,-4.53%,$-0.11B,$3.23B,-3.43%,$1455,$1001,$454,$0,$397,$1478,$-23,$-18,$-41,$-15,$-26,$-27,$-27,$97,$-23,$74,74,$-0.36,$-0.36,$103,$1647,$37,$1931,$2919,$0,$0,$83,$3002,$4933,$1107,$976,$222,$1568,$2676,$1,$2432,$-17,$2257,$4933,$8,$66,$-2,$64,$18,$-273,$0,$19,$-30,$42,$-4,$0,$0,$0,$0,$0,$0,$-4,$-4,$-25,$-29,$0,$0,$-3,$0,$-32,$6,$0,$-3
38,2009-01-31,3.91,$30.65,0.13,$93.82,0.04,$2.84,1.38,$-3.26,0.0,$1.69B,$0.91B,1.85,$0.98B,$2.25B,0.44,$6.99B,$2.16B,30.92%,$6.99B,$-0.12B,-1.69%,$6.99B,$-0.12B,-1.69%,$6.99B,$0.17B,2.40%,$6.99B,$-0.38B,-5.44%,$6.99B,$-0.24B,-3.43%,$-0.24B,$2.25B,-9.98%,$-0.24B,$2.25B,-10.08%,$-0.24B,$4.75B,-4.49%,$-0.12B,$3.23B,-3.48%,$1505,$980,$526,$0,$414,$1474,$31,$-18,$13,$5,$8,$8,$8,$50,$31,$74,74,$0.10,$0.10,$97,$1374,$53,$1687,$2973,$0,$0,$86,$3059,$4746,$914,$982,$221,$1581,$2495,$1,$2428,$-17,$2251,$4746,$-241,$286,$120,$406,$-4,$404,$0,$17,$185,$350,$-123,$0,$4,$0,$0,$0,$0,$-118,$-199,$5,$-194,$-17,$-17,$-12,$-0,$-224,$8,$0,$-12
39,2008-10-31,4.73,$32.66,0.14,$93.70,0.05,$-1.41,0.0,$-0.60,0.0,$2.51B,$1.76B,1.43,$0.98B,$2.40B,0.41,$7.12B,$2.36B,33.16%,$7.12B,$0.01B,0.13%,$7.12B,$0.01B,0.13%,$7.12B,$0.30B,4.17%,$7.12B,$-0.09B,-1.31%,$7.12B,$-0.04B,-0.62%,$-0.04B,$2.40B,-1.78%,$-0.04B,$2.37B,-1.80%,$-0.04B,$5.80B,-0.80%,$0.01B,$3.38B,0.26%,$2082,$1534,$549,$0,$482,$2105,$-23,$-200,$-223,$-76,$-147,$-149,$-149,$-5,$-23,$74,74,$-2.02,$-2.02,$77,$2243,$91,$2507,$3120,$0,$32,$145,$3296,$5803,$1759,$983,$225,$1644,$3404,$1,$2580,$-21,$2399,$5803,$-92,$214,$-1,$212,$4,$-496,$0,$11,$-79,$41,$-97,$0,$4,$0,$0,$0,$0,$-93,$-99,$165,$66,$-17,$-17,$-9,$-0,$40,$-12,$0,$-9
40,2008-07-31,8.95,$33.46,0.27,$94.14,0.1,$-3.96,0.0,$0.02,447.5,$1.92B,$1.16B,1.66,$1.01B,$2.46B,0.41,$7.24B,$2.46B,33.99%,$7.24B,$0.08B,1.04%,$7.24B,$0.08B,1.04%,$7.24B,$0.37B,5.12%,$7.24B,$-0.02B,-0.26%,$7.24B,$0.00B,0.01%,$0.00B,$2.46B,0.04%,$0.00B,$2.43B,0.04%,$0.00B,$5.27B,0.02%,$0.08B,$3.47B,2.14%,$1546,$1046,$500,$0,$491,$1618,$-72,$-24,$-96,$-39,$-57,$-56,$-56,$24,$-72,$73,73,$-0.76,$-0.76,$108,$1750,$51,$1919,$3155,$0,$32,$160,$3346,$5266,$1160,$1007,$219,$1648,$2808,$1,$2639,$-21,$2458,$5266,$-36,$146,$-7,$139,$2,$34,$0,$7,$7,$110,$-59,$0,$0,$0,$0,$0,$0,$-59,$-98,$90,$-8,$-17,$-17,$-6,$-0,$-31,$20,$0,$-6
41,2008-04-30,18.0,$33.42,0.54,$93.21,0.19,$-6.96,0.0,$0.22,81.82,$2.18B,$1.40B,1.55,$0.99B,$2.52B,0.39,$7.29B,$2.51B,34.39%,$7.29B,$0.10B,1.39%,$7.29B,$0.10B,1.39%,$7.29B,$0.40B,5.46%,$7.29B,$-0.00B,-0.01%,$7.29B,$0.01B,0.19%,$0.01B,$2.52B,0.55%,$0.01B,$2.48B,0.56%,$0.01B,$5.56B,0.25%,$0.10B,$3.50B,2.84%,$1647,$1129,$517,$0,$479,$1696,$-50,$-15,$-65,$-27,$-37,$-38,$-38,$99,$-50,$75,75,$-0.51,$-0.51,$84,$2018,$65,$2176,$3182,$0,$32,$166,$3381,$5557,$1400,$985,$220,$1641,$3041,$1,$2680,$-22,$2516,$5557,$3,$73,$1,$73,$2,$-247,$0,$4,$-40,$37,$-47,$0,$0,$0,$0,$0,$0,$-47,$-97,$105,$8,$0,$0,$-3,$0,$5,$-5,$0,$-3
42,2008-01-31,17.46,$33.45,0.52,$92.49,0.19,$-7.71,0.0,$0.71,24.6,$1.95B,$1.18B,1.64,$0.99B,$2.51B,0.39,$7.37B,$2.58B,35.05%,$7.37B,$0.16B,2.18%,$7.37B,$0.16B,2.18%,$7.37B,$0.46B,6.26%,$7.37B,$0.06B,0.81%,$7.37B,$0.05B,0.73%,$0.05B,$2.51B,2.12%,$0.05B,$2.48B,2.14%,$0.05B,$5.34B,0.97%,$0.16B,$3.50B,4.45%,$1714,$1118,$595,$0,$481,$1687,$27,$-23,$4,$2,$2,$3,$3,$179,$27,$75,75,$0.04,$0.04,$89,$1779,$66,$1945,$3190,$0,$32,$171,$3393,$5338,$1184,$986,$217,$1640,$2824,$1,$2681,$-22,$2514,$5338,$54,$301,$1,$302,$-0,$-7,$0,$-6,$-101,$254,$-348,$0,$0,$0,$0,$0,$16,$-332,$-104,$195,$91,$-106,$-106,$-12,$-0,$-28,$-105,$0,$-12
43,2007-10-31,20.23,$32.89,0.62,$94.90,0.21,$-5.95,0.0,$1.98,10.22,$2.51B,$1.76B,1.43,$1.09B,$2.47B,0.44,$7.60B,$2.66B,35.04%,$7.60B,$0.21B,2.74%,$7.60B,$0.21B,2.74%,$7.60B,$0.51B,6.76%,$7.60B,$0.13B,1.72%,$7.60B,$0.16B,2.13%,$0.16B,$2.47B,6.31%,$0.16B,$2.44B,6.39%,$0.16B,$5.97B,2.89%,$0.21B,$3.56B,5.65%,$2208,$1461,$747,$0,$549,$2104,$104,$-41,$64,$12,$52,$47,$47,$69,$104,$78,79,$0.61,$0.61,$73,$2363,$60,$2506,$3265,$0,$32,$170,$3467,$5973,$1755,$1087,$223,$1746,$3501,$1,$2636,$-20,$2472,$5973,$6,$226,$-7,$220,$1,$-601,$0,$-3,$-170,$56,$-315,$0,$0,$0,$0,$0,$16,$-298,$-103,$340,$237,$-106,$-106,$-9,$0,$122,$-121,$0,$-9
44,2007-07-31,26.21,$32.45,0.81,$95.16,0.28,$-4.42,0.0,$2.29,11.44,$1.95B,$1.07B,1.82,$1.09B,$2.60B,0.42,$7.69B,$2.70B,35.15%,$7.69B,$0.26B,3.32%,$7.69B,$0.26B,3.32%,$7.69B,$0.56B,7.28%,$7.69B,$0.17B,2.24%,$7.69B,$0.19B,2.43%,$0.19B,$2.60B,7.31%,$0.19B,$2.56B,7.41%,$0.19B,$5.40B,3.35%,$0.26B,$3.69B,6.90%,$1674,$1071,$603,$0,$521,$1681,$-6,$-15,$-22,$-7,$-15,$-11,$-11,$51,$-6,$78,78,$-0.15,$-0.15,$92,$1804,$42,$1948,$3244,$0,$35,$176,$3454,$5402,$1068,$1087,$222,$1736,$2804,$1,$2651,$-20,$2598,$5402,$18,$151,$1,$152,$0,$-24,$0,$-9,$-134,$36,$-223,$0,$0,$0,$0,$0,$16,$-207,$-102,$171,$69,$6,$6,$-6,$0,$68,$-102,$0,$-6
45,2007-04-30,30.33,$32.67,0.93,$95.76,0.32,$-3.32,0.0,$2.80,10.83,$2.22B,$1.27B,1.75,$1.09B,$2.62B,0.42,$7.73B,$2.75B,35.61%,$7.73B,$0.29B,3.80%,$7.73B,$0.29B,3.80%,$7.73B,$0.60B,7.73%,$7.73B,$0.22B,2.88%,$7.73B,$0.23B,2.95%,$0.23B,$2.62B,9.07%,$0.23B,$2.59B,9.20%,$0.23B,$5.63B,4.07%,$0.29B,$3.71B,7.94%,$1689,$1129,$560,$0,$496,$1714,$-24,$-22,$-47,$-17,$-29,$-25,$-25,$162,$-24,$80,80,$-0.31,$-0.31,$138,$2033,$42,$2223,$3198,$0,$35,$171,$3403,$5626,$1269,$1088,$209,$1733,$3002,$1,$2679,$-21,$2624,$5626,$43,$75,$2,$78,$1,$-253,$0,$-3,$-83,$37,$-109,$0,$0,$0,$0,$0,$16,$-93,$-2,$0,$-2,$5,$5,$-3,$-0,$-0,$-56,$0,$-3
46,2007-01-31,30.04,$32.19,0.93,$97.34,0.31,$-2.40,0.0,$3.04,9.88,$2.05B,$0.98B,2.1,$1.19B,$2.58B,0.46,$7.81B,$2.78B,35.56%,$7.81B,$0.33B,4.16%,$7.81B,$0.33B,4.16%,$7.81B,$0.63B,8.04%,$7.81B,$0.25B,3.25%,$7.81B,$0.25B,3.15%,$0.25B,$2.58B,10.01%,$0.25B,$2.55B,10.15%,$0.25B,$5.40B,4.36%,$0.33B,$3.77B,8.80%,$1799,$1126,$673,$0,$499,$1713,$87,$-21,$65,$25,$40,$43,$43,$232,$87,$80,82,$0.54,$0.53,$194,$1772,$71,$2048,$3147,$0,$35,$168,$3349,$5397,$977,$1185,$206,$1840,$2817,$1,$2640,$-21,$2580,$5397,$246,$303,$-53,$250,$2,$31,$0,$-63,$-135,$361,$-314,$0,$0,$0,$20,$20,$28,$-266,$-206,$0,$-206,$14,$14,$-13,$5,$-200,$-106,$1,$-13
47,2006-10-31,26.36,$30.36,0.87,$95.99,0.27,$-2.77,0.0,$2.38,11.08,$2.54B,$1.60B,1.59,$1.19B,$2.43B,0.49,$7.74B,$2.76B,35.72%,$7.74B,$0.34B,4.42%,$7.74B,$0.34B,4.42%,$7.74B,$0.64B,8.27%,$7.74B,$0.21B,2.70%,$7.74B,$0.19B,2.44%,$0.19B,$2.43B,7.88%,$0.19B,$2.40B,8.00%,$0.19B,$5.93B,3.33%,$0.34B,$3.62B,9.34%,$2441,$1612,$828,$0,$578,$2290,$151,$-16,$135,$-12,$147,$155,$155,$115,$151,$80,80,$1.95,$1.91,$95,$2393,$40,$2539,$3191,$0,$35,$170,$3395,$5934,$1598,$1186,$251,$1904,$3502,$1,$2496,$-15,$2432,$5934,$91,$222,$-17,$206,$2,$-595,$0,$-4,$-186,$111,$-256,$0,$0,$0,$20,$20,$25,$-211,$-104,$0,$-104,$8,$8,$-10,$1,$-105,$-205,$1,$-10
