,Date,Stock Price,Book Value per Share,Price to Book Ratio,TTM Sales per Share,Price to Sales Ratio,TTM FCF per Share,Price to FCF Ratio,TTM Net EPS,PE Ratio,Current Assets,Current Liabilities,Current Ratio,Long Term Debt,Shareholder's Equity_x,Debt to Equity Ratio,TTM Revenue_x,TTM Gross Profit,Gross Margin,TTM Revenue_y,TTM Operating Income,Operating Margin,TTM Revenue_x,TTM EBIT,EBIT Margin,TTM Revenue_y,TTM EBITDA,EBITDA Margin,TTM Revenue_x,TTM Pre-Tax Income,Pre-Tax Margin,TTM Revenue_y,TTM Net Income_x,Net Margin,TTM Net Income_y,Shareholder's Equity_y,Return on Equity,TTM Net Income_x,Tangible Equity,Return on Tangible Equity,TTM Net Income_y,Total Assets,Return on Assets,TTM Net Income,LT Investments & Debt,Return on Investment,revenue,cost-goods-sold,gross-profit,research-development-expenses,selling-general-administrative-expenses,operating-expenses,operating-income,total-non-operating-income-expense,pre-tax-income,total-provision-income-taxes,income-after-taxes,income-from-continuous-operations,net-income,ebitda,ebit,basic-shares-outstanding,shares-outstanding,eps-basic-net-earnings-per-share,eps-earnings-per-share-diluted,cash-on-hand,inventory,other-current-assets,total-current-assets,net-property-plant-equipment,long-term-investments,goodwill-intangible-assets-total,other-long-term-assets,total-long-term-assets,total-assets,total-current-liabilities,long-term-debt,other-non-current-liabilities,total-long-term-liabilities,total-liabilities,common-stock-net,retained-earnings-accumulated-deficit,comprehensive-income,total-share-holder-equity,total-liabilities-share-holders-equity,net-income-loss,total-depreciation-amortization-cash-flow,other-non-cash-items,total-non-cash-items,change-in-accounts-receivable,change-in-inventories,change-in-accounts-payable,change-in-assets-liabilities,total-change-in-assets-liabilities,cash-flow-from-operating-activities,net-change-in-property-plant-equipment,net-change-in-intangible-assets,net-acquisitions-divestitures,net-change-in-short-term-investments,net-change-in-long-term-investments,net-change-in-investments-total,investing-activities-other,cash-flow-from-investing-activities,net-long-term-debt,net-current-debt,debt-issuance-retirement-net-total,net-common-equity-issued-repurchased,net-total-equity-issued-repurchased,total-common-preferred-stock-dividends-paid,financial-activities-other,cash-flow-from-financial-activities,net-cash-flow,stock-based-compensation,common-stock-dividends-paid
0,2018-09-30,118.58,$28.83,4.11,$62.77,1.89,$10.59,11.2,$4.83,24.55,$1.08B,$0.45B,2.41,$0.03B,$0.85B,0.04,$1.96B,$0.98B,50.00%,$1.96B,$0.26B,13.34%,$1.96B,$0.26B,13.34%,$1.96B,$0.31B,15.68%,$1.96B,$0.26B,13.34%,$1.96B,$0.15B,7.69%,$0.15B,$0.85B,16.22%,$0.15B,$0.78B,17.57%,$0.15B,$1.42B,10.77%,$0.26B,$0.88B,27.23%,$502,$250,$252,$0,$161,$412,$90,$-1,$90,$15,$74,$74,$74,$101,$90,$30,30,$2.49,$2.48,$182,$515,$37,$1078,$216,$0,$68,$23,$346,$1424,$448,$31,$36,$129,$577,$0,$696,$-20,$847,$1424,$44,$22,$10,$32,$-159,$-227,$184,$-6,$-237,$-161,$-14,$0,$0,$0,$0,$0,$0,$-14,$-0,$71,$71,$-134,$-134,$0,$-6,$-69,$-248,$7,$0
1,2018-06-30,112.89,$29.71,3.8,$61.00,1.85,$10.43,10.83,$3.89,29.02,$1.04B,$0.36B,2.93,$0.03B,$0.90B,0.04,$1.94B,$0.96B,49.13%,$1.94B,$0.24B,12.29%,$1.94B,$0.24B,12.29%,$1.94B,$0.29B,14.76%,$1.94B,$0.24B,12.24%,$1.94B,$0.13B,6.53%,$0.13B,$0.90B,13.21%,$0.13B,$0.83B,14.30%,$0.13B,$1.39B,8.91%,$0.24B,$0.93B,24.07%,$251,$136,$115,$0,$154,$290,$-39,$0,$-39,$-9,$-30,$-30,$-30,$-28,$-39,$30,30,$-1.00,$-1.00,$418,$436,$31,$1040,$218,$0,$70,$22,$347,$1387,$355,$31,$37,$130,$485,$0,$746,$-15,$902,$1387,$-30,$11,$3,$15,$12,$-137,$169,$-12,$24,$8,$-7,$0,$0,$0,$0,$0,$0,$-7,$-0,$0,$-0,$-10,$-10,$0,$-0,$-11,$-12,$4,$0
2,2018-03-31,90.03,$30.90,2.91,$59.32,1.52,$10.05,8.96,$3.57,25.22,$0.91B,$0.19B,4.81,$0.03B,$0.94B,0.03,$1.90B,$0.93B,48.92%,$1.90B,$0.22B,11.67%,$1.90B,$0.22B,11.67%,$1.90B,$0.27B,14.24%,$1.90B,$0.22B,11.56%,$1.90B,$0.12B,6.04%,$0.12B,$0.94B,11.93%,$0.12B,$0.87B,12.93%,$0.12B,$1.26B,8.23%,$0.22B,$0.97B,22.29%,$401,$208,$192,$0,$174,$382,$18,$-0,$18,$-3,$21,$21,$21,$30,$18,$32,32,$0.66,$0.67,$430,$300,$18,$911,$220,$0,$72,$23,$354,$1264,$189,$32,$38,$134,$324,$0,$786,$-13,$941,$1264,$114,$49,$33,$82,$11,$-1,$-2,$72,$131,$327,$-35,$0,$0,$0,$0,$0,$0,$-35,$0,$-0,$-0,$-149,$-149,$0,$-9,$-158,$138,$14,$0
3,2017-12-31,80.25,$32.52,2.47,$58.22,1.38,$5.69,14.11,$2.42,33.16,$1.19B,$0.37B,3.25,$0.03B,$1.03B,0.03,$1.87B,$0.90B,48.00%,$1.87B,$0.17B,9.25%,$1.87B,$0.17B,9.25%,$1.87B,$0.22B,11.92%,$1.87B,$0.17B,9.14%,$1.87B,$0.08B,4.17%,$0.08B,$1.03B,8.06%,$0.08B,$0.96B,8.76%,$0.08B,$1.53B,5.66%,$0.17B,$1.07B,17.31%,$810,$387,$423,$0,$230,$617,$193,$-0,$193,$107,$86,$86,$86,$205,$193,$32,32,$2.71,$2.69,$493,$396,$37,$1185,$216,$0,$74,$23,$346,$1531,$365,$32,$37,$133,$498,$0,$890,$-22,$1033,$1531,$94,$37,$32,$69,$-78,$-97,$103,$50,$90,$253,$-21,$0,$0,$0,$0,$0,$0,$-21,$-0,$-0,$-1,$-24,$-24,$0,$-8,$-33,$201,$11,$0
4,2017-09-30,68.41,$30.24,2.26,$56.46,1.21,$2.52,27.12,$1.00,68.41,$1.15B,$0.47B,2.43,$0.03B,$0.97B,0.03,$1.82B,$0.86B,47.17%,$1.82B,$0.03B,1.81%,$1.82B,$0.03B,1.81%,$1.82B,$0.20B,10.93%,$1.82B,$0.03B,1.59%,$1.82B,$0.03B,1.81%,$0.03B,$0.97B,3.47%,$0.03B,$0.89B,3.78%,$0.03B,$1.52B,2.47%,$0.03B,$1.00B,3.35%,$482,$257,$225,$0,$158,$415,$67,$-1,$66,$17,$50,$50,$50,$80,$67,$32,32,$1.55,$1.54,$231,$556,$29,$1153,$217,$0,$76,$22,$367,$1520,$474,$32,$38,$77,$551,$0,$828,$-27,$969,$1520,$7,$24,$10,$35,$-153,$-257,$149,$2,$-225,$-183,$-10,$0,$0,$0,$0,$0,$0,$-10,$-0,$133,$132,$0,$0,$0,$-2,$131,$-61,$7,$0
5,2017-06-30,68.26,$28.55,2.39,$56.50,1.21,$-1.37,0.0,$0.67,101.88,$0.90B,$0.29B,3.16,$0.03B,$0.91B,0.04,$1.83B,$0.85B,46.58%,$1.83B,$0.02B,1.10%,$1.83B,$0.02B,1.10%,$1.83B,$0.19B,10.19%,$1.83B,$0.02B,0.82%,$1.83B,$0.02B,1.21%,$0.02B,$0.91B,2.32%,$0.02B,$0.84B,2.63%,$0.02B,$1.27B,1.63%,$0.02B,$0.95B,2.04%,$210,$119,$91,$0,$147,$266,$-56,$-0,$-57,$-14,$-42,$-42,$-42,$-44,$-56,$32,32,$-1.32,$-1.32,$280,$442,$17,$903,$220,$0,$77,$22,$369,$1273,$286,$32,$32,$73,$359,$0,$779,$-29,$914,$1273,$-42,$12,$5,$17,$47,$-143,$132,$11,$18,$-7,$-4,$0,$0,$0,$0,$0,$0,$-4,$-0,$0,$-0,$0,$0,$0,$-1,$-1,$-12,$3,$0
6,2017-03-31,59.73,$29.83,2.0,$55.39,1.08,$-3.01,0.0,$0.15,398.2,$0.82B,$0.16B,5.16,$0.03B,$0.95B,0.03,$1.79B,$0.84B,46.67%,$1.79B,$-0.00B,-0.11%,$1.79B,$-0.00B,-0.11%,$1.79B,$0.17B,9.22%,$1.79B,$-0.01B,-0.39%,$1.79B,$0.01B,0.28%,$0.01B,$0.95B,0.53%,$0.01B,$0.88B,0.62%,$0.01B,$1.19B,0.36%,$-0.00B,$0.99B,-0.20%,$369,$211,$159,$0,$190,$400,$-31,$-1,$-31,$-16,$-16,$-16,$-16,$-18,$-31,$32,32,$-0.49,$-0.46,$292,$299,$31,$821,$226,$0,$79,$22,$371,$1192,$159,$32,$33,$78,$238,$0,$820,$-26,$954,$1192,$6,$167,$27,$194,$-1,$1,$-8,$13,$-0,$199,$-44,$0,$0,$0,$0,$0,$0,$-44,$0,$-63,$-63,$-12,$-12,$0,$-29,$-104,$46,$6,$0
7,2016-12-31,55.39,$30.41,1.82,$55.43,1.0,$-6.02,0.0,$-0.09,0.0,$0.97B,$0.33B,2.96,$0.03B,$0.97B,0.03,$1.80B,$0.83B,46.19%,$1.80B,$0.00B,0.06%,$1.80B,$0.00B,0.06%,$1.80B,$0.17B,9.28%,$1.80B,$-0.01B,-0.28%,$1.80B,$-0.00B,-0.17%,$-0.00B,$0.97B,-0.31%,$-0.00B,$0.89B,-0.39%,$-0.00B,$1.37B,-0.22%,$0.00B,$1.00B,0.10%,$760,$377,$384,$0,$330,$707,$53,$-2,$51,$10,$41,$41,$41,$181,$53,$32,32,$1.28,$1.27,$296,$374,$58,$969,$241,$0,$81,$22,$401,$1369,$327,$32,$29,$72,$399,$0,$835,$-30,$970,$1369,$21,$153,$-12,$141,$-54,$-74,$72,$-18,$6,$168,$-37,$0,$0,$0,$0,$0,$0,$-37,$-0,$-33,$-34,$-12,$-12,$0,$-26,$-72,$50,$4,$0
8,2016-09-30,59.55,$29.84,2.0,$56.13,1.06,$-7.11,0.0,$3.42,17.41,$1.08B,$0.55B,1.97,$0.03B,$0.96B,0.03,$1.84B,$0.84B,45.67%,$1.84B,$0.15B,8.23%,$1.84B,$0.15B,8.23%,$1.84B,$0.20B,11.01%,$1.84B,$0.15B,7.90%,$1.84B,$0.11B,6.16%,$0.11B,$0.96B,11.71%,$0.11B,$0.75B,14.96%,$0.11B,$1.57B,8.05%,$0.15B,$0.99B,15.13%,$486,$270,$216,$0,$162,$432,$54,$-2,$52,$13,$39,$39,$39,$67,$54,$32,32,$1.23,$1.21,$110,$578,$48,$1075,$247,$0,$207,$23,$498,$1573,$546,$32,$28,$69,$615,$0,$807,$-16,$957,$1573,$-20,$26,$7,$33,$-141,$-278,$102,$-12,$-302,$-289,$-32,$0,$0,$0,$0,$0,$0,$-32,$-0,$211,$211,$0,$0,$0,$-24,$187,$-136,$5,$0
9,2016-06-30,57.52,$28.63,2.01,$55.99,1.03,$-8.44,0.0,$3.32,17.33,$0.86B,$0.37B,2.31,$0.03B,$0.92B,0.04,$1.84B,$0.84B,45.53%,$1.84B,$0.15B,8.06%,$1.84B,$0.15B,8.06%,$1.84B,$0.20B,10.84%,$1.84B,$0.14B,7.79%,$1.84B,$0.11B,5.99%,$0.11B,$0.92B,11.68%,$0.11B,$0.71B,15.07%,$0.11B,$1.36B,7.83%,$0.15B,$0.95B,15.19%,$174,$98,$76,$0,$155,$253,$-78,$-1,$-79,$-20,$-59,$-59,$-59,$-65,$-78,$32,32,$-1.84,$-1.84,$202,$469,$38,$859,$245,$0,$209,$24,$499,$1358,$372,$33,$27,$68,$441,$0,$768,$-14,$917,$1358,$-59,$13,$3,$16,$57,$-169,$112,$1,$0,$-43,$-20,$0,$0,$0,$0,$0,$0,$-20,$-0,$43,$43,$0,$0,$0,$-21,$22,$-44,$2,$0
10,2016-03-31,59.91,$30.21,1.98,$57.00,1.05,$-7.98,0.0,$3.73,16.06,$0.79B,$0.24B,3.3,$0.03B,$0.97B,0.03,$1.88B,$0.85B,45.15%,$1.88B,$0.16B,8.64%,$1.88B,$0.16B,8.64%,$1.88B,$0.21B,11.30%,$1.88B,$0.16B,8.37%,$1.88B,$0.12B,6.50%,$0.12B,$0.97B,13.20%,$0.12B,$0.76B,17.18%,$0.12B,$1.28B,8.85%,$0.16B,$1.00B,16.92%,$379,$224,$155,$0,$183,$407,$-28,$-1,$-29,$-5,$-24,$-24,$-24,$-16,$-28,$33,33,$-0.78,$-0.76,$246,$300,$38,$786,$237,$0,$211,$23,$492,$1278,$238,$33,$30,$72,$311,$0,$826,$-21,$967,$1278,$122,$50,$49,$99,$-24,$-61,$15,$-0,$-96,$126,$-67,$0,$0,$0,$0,$0,$0,$-67,$0,$62,$62,$-94,$-94,$0,$-5,$-37,$21,$7,$0
11,2015-12-31,47.2,$31.45,1.5,$55.35,0.85,$-7.50,0.0,$4.50,10.49,$0.91B,$0.32B,2.85,$0.03B,$1.02B,0.03,$1.84B,$0.84B,45.92%,$1.84B,$0.19B,10.39%,$1.84B,$0.19B,10.39%,$1.84B,$0.24B,13.06%,$1.84B,$0.19B,10.17%,$1.84B,$0.15B,8.00%,$0.15B,$1.02B,16.03%,$0.15B,$0.81B,20.96%,$0.15B,$1.41B,10.88%,$0.19B,$1.05B,20.11%,$796,$405,$391,$0,$189,$593,$203,$-2,$201,$44,$157,$157,$157,$216,$203,$32,33,$4.85,$4.78,$263,$371,$56,$911,$245,$0,$213,$23,$497,$1408,$320,$33,$31,$70,$390,$0,$875,$-21,$1019,$1408,$146,$38,$15,$53,$-57,$-131,$106,$-21,$-54,$146,$-48,$-5,$0,$0,$0,$0,$0,$-53,$-0,$18,$18,$-69,$-69,$0,$-2,$-53,$38,$5,$0
12,2015-09-30,58.06,$26.74,2.17,$53.63,1.08,$-7.10,0.0,$4.22,13.76,$1.08B,$0.64B,1.68,$0.03B,$0.86B,0.04,$1.83B,$0.87B,47.51%,$1.83B,$0.20B,11.11%,$1.83B,$0.20B,11.11%,$1.83B,$0.25B,13.79%,$1.83B,$0.20B,10.89%,$1.83B,$0.15B,8.05%,$0.15B,$0.86B,15.97%,$0.15B,$0.65B,20.90%,$0.15B,$1.57B,10.86%,$0.20B,$0.90B,21.28%,$487,$273,$214,$0,$163,$436,$51,$-1,$50,$13,$36,$36,$36,$64,$51,$33,33,$1.12,$1.11,$100,$595,$40,$1075,$246,$0,$216,$21,$497,$1573,$639,$33,$30,$69,$708,$0,$718,$-19,$864,$1573,$-11,$25,$9,$34,$-147,$-355,$161,$-5,$-352,$-328,$-39,$0,$0,$0,$0,$0,$0,$-39,$-0,$311,$311,$-69,$-69,$0,$-1,$241,$-125,$6,$0
13,2015-06-30,71.97,$25.95,2.77,$52.52,1.37,$-4.42,0.0,$4.28,16.82,$0.76B,$0.34B,2.25,$0.03B,$0.85B,0.04,$1.82B,$0.88B,48.24%,$1.82B,$0.21B,11.65%,$1.82B,$0.21B,11.65%,$1.82B,$0.26B,14.34%,$1.82B,$0.21B,11.37%,$1.82B,$0.15B,8.35%,$0.15B,$0.85B,16.37%,$0.15B,$0.63B,21.44%,$0.15B,$1.25B,11.60%,$0.21B,$0.88B,22.04%,$214,$127,$87,$0,$150,$278,$-64,$-1,$-65,$-17,$-47,$-47,$-47,$-52,$-64,$33,33,$-1.43,$-1.43,$169,$374,$32,$761,$239,$0,$218,$20,$493,$1253,$338,$33,$29,$67,$406,$0,$706,$-19,$848,$1253,$-47,$12,$5,$16,$22,$-134,$142,$3,$4,$-27,$-23,$0,$0,$0,$0,$0,$0,$-23,$-0,$38,$38,$-45,$-45,$0,$-0,$-8,$-56,$2,$0
14,2015-03-31,72.87,$28.15,2.59,$52.17,1.4,$-5.31,0.0,$4.64,15.7,$0.69B,$0.17B,4.1,$0.03B,$0.94B,0.04,$1.82B,$0.88B,48.32%,$1.82B,$0.23B,12.44%,$1.82B,$0.23B,12.44%,$1.82B,$0.27B,15.08%,$1.82B,$0.22B,12.16%,$1.82B,$0.16B,8.92%,$0.16B,$0.94B,17.41%,$0.16B,$0.72B,22.78%,$0.16B,$1.17B,12.56%,$0.23B,$0.97B,23.66%,$341,$188,$152,$0,$152,$340,$1,$0,$1,$-0,$1,$1,$1,$12,$1,$34,35,$0.05,$0.06,$225,$239,$35,$687,$232,$0,$216,$20,$483,$1170,$168,$33,$27,$65,$233,$0,$798,$-20,$937,$1170,$162,$49,$21,$70,$-37,$-27,$9,$-4,$-65,$170,$-91,$-9,$0,$0,$0,$0,$0,$-101,$34,$-2,$32,$-107,$-107,$0,$-3,$-78,$-20,$14,$0
15,2014-12-31,91.04,$29.89,3.05,$50.87,1.79,$-6.70,0.0,$4.52,20.14,$0.94B,$0.30B,3.2,$0.03B,$1.03B,0.03,$1.77B,$0.87B,49.12%,$1.77B,$0.23B,12.70%,$1.77B,$0.23B,12.70%,$1.77B,$0.24B,13.55%,$1.77B,$0.22B,12.37%,$1.77B,$0.16B,8.92%,$0.16B,$1.03B,17.21%,$0.16B,$0.81B,22.63%,$0.16B,$1.42B,12.51%,$0.23B,$1.07B,24.06%,$785,$370,$415,$0,$201,$570,$215,$-1,$213,$57,$157,$157,$157,$228,$215,$35,35,$4.54,$4.50,$369,$294,$54,$943,$216,$0,$220,$21,$474,$1417,$295,$33,$55,$88,$384,$0,$891,$-12,$1033,$1417,$160,$38,$10,$48,$-83,$-82,$94,$-27,$-18,$194,$-76,$0,$0,$0,$0,$0,$0,$-76,$34,$-2,$32,$-13,$-13,$0,$-4,$15,$124,$9,$0
16,2014-09-30,97.18,$25.87,3.76,$28.36,3.43,$-10.06,0.0,$0.02,4859.0,$0.94B,$0.42B,2.23,$0.03B,$0.90B,0.04,$0.99B,$0.46B,46.15%,$0.99B,$0.01B,1.01%,$0.99B,$0.01B,1.01%,$0.99B,$0.01B,1.22%,$0.99B,$0.01B,0.61%,$0.99B,$0.00B,0.10%,$0.00B,$0.90B,0.15%,$0.00B,$0.67B,0.20%,$0.00B,$1.40B,0.11%,$0.01B,$0.93B,1.50%,$480,$256,$224,$0,$164,$421,$60,$-2,$58,$17,$41,$41,$41,$73,$60,$35,35,$1.18,$1.17,$115,$482,$35,$938,$203,$0,$224,$20,$464,$1402,$421,$33,$52,$85,$506,$0,$747,$-5,$896,$1402,$4,$25,$7,$32,$-159,$-269,$138,$-12,$-298,$-259,$-38,$-9,$0,$0,$0,$0,$0,$-48,$34,$147,$181,$0,$0,$0,$-1,$180,$-130,$7,$0
17,2014-06-30,86.33,$24.69,3.5,$25.73,3.35,$-7.72,0.0,$-0.20,0.0,$0.73B,$0.26B,2.8,$0.00B,$0.86B,0.0,$0.89B,$0.40B,44.57%,$0.89B,$-0.00B,-0.45%,$0.89B,$-0.00B,-0.45%,$0.89B,$-0.00B,-0.56%,$0.89B,$-0.01B,-0.67%,$0.89B,$-0.01B,-0.78%,$-0.01B,$0.86B,-1.12%,$-0.01B,$0.64B,-1.52%,$-0.01B,$1.17B,-0.80%,$-0.00B,$0.86B,-0.64%,$211,$125,$87,$0,$137,$262,$-50,$-0,$-51,$-14,$-37,$-37,$-37,$-39,$-50,$35,35,$-1.07,$-1.07,$158,$356,$28,$726,$188,$0,$217,$21,$443,$1169,$260,$0,$54,$54,$314,$0,$707,$-2,$855,$1169,$-37,$11,$4,$15,$-25,$-144,$141,$-3,$-45,$-65,$-19,$0,$0,$0,$0,$0,$0,$-19,$0,$-3,$-3,$0,$0,$0,$-0,$-4,$-87,$3,$0
18,2014-03-31,79.73,$25.67,3.11,$24.56,3.25,$-6.17,0.0,$0.02,3986.5,$0.62B,$0.12B,5.11,$0.00B,$0.89B,0.0,$0.85B,$0.38B,44.72%,$0.85B,$0.00B,0.35%,$0.85B,$0.00B,0.35%,$0.85B,0,0.00%,$0.85B,$0.00B,0.23%,$0.85B,$0.00B,0.12%,$0.00B,$0.89B,0.17%,$0.00B,$0.67B,0.24%,$0.00B,$1.06B,0.12%,$0.00B,$0.89B,0.51%,$295,$150,$144,$0,$145,$295,$-0,$-0,$-1,$2,$-3,$-3,$-3,$-22,$-0,$35,35,$-0.08,$-0.08,$245,$212,$27,$624,$185,$0,$219,$19,$440,$1064,$122,$0,$53,$53,$175,$0,$744,$-2,$889,$1064,$-3,$11,$1,$11,$78,$49,$-75,$67,$39,$48,$-18,$-0,$0,$0,$0,$0,$0,$-18,$0,$-3,$-3,$0,$0,$0,$-20,$-23,$8,$3,$0
19,2013-12-31,84.46,$0.00,0.0,$23.63,3.57,$-6.94,0.0,$0.13,649.69,$0.00B,$0.00B,0.0,$0.00B,$0.00B,0.0,$0.82B,$0.36B,43.97%,$0.82B,$0.27B,32.52%,$0.82B,$0.00B,0.37%,$0.82B,$0.29B,34.84%,$0.82B,$0.01B,0.73%,$0.82B,$0.01B,0.61%,$0.01B,$0.00B,0.90%,$0.01B,$0.00B,1.29%,$0.01B,$0.00B,0.62%,$0.27B,$0.00B,48.13%,$0,$0,$0,$0,$0,$0,$0,$0,$0,$0,$0,$0,$0,$0,$0,$0,0,$0.00,$0.00,$0,$0,$0,$0,$0,$0,$0,$0,$0,$0,$0,$0,$0,$0,$0,$0,$0,$0,$0,$0,$0,$0,$0,$0,$0,$0,$0,$0,$0,$0,$0,$0,$0,$0,$0,$0,$0,$0,$0,$0,$0,$0,$0,$0,$0,$0,$0,$0,$0
20,2013-09-30,65.92,$21.88,3.01,$23.63,2.79,$-6.94,0.0,$0.13,507.08,$0.86B,$0.47B,1.82,$0.00B,$0.76B,0.0,$0.82B,$0.36B,43.97%,$0.82B,$0.27B,32.52%,$0.82B,$0.00B,0.37%,$0.82B,$0.29B,34.84%,$0.82B,$0.01B,0.73%,$0.82B,$0.01B,0.61%,$0.01B,$0.76B,0.90%,$0.01B,$0.54B,1.29%,$0.01B,$1.28B,0.62%,$0.27B,$0.76B,48.13%,$387,$220,$167,$0,$120,$340,$46,$-1,$46,$13,$33,$33,$33,$56,$46,$34,35,$0.96,$0.95,$84,$445,$71,$860,$164,$0,$220,$19,$416,$1276,$472,$0,$48,$48,$520,$0,$606,$-1,$756,$1276,$4,$18,$7,$25,$-102,$-186,$87,$-12,$-201,$-171,$-44,$-1,$0,$0,$0,$0,$0,$-44,$0,$235,$235,$0,$0,$0,$-2,$233,$20,$7,$0
21,2013-06-30,50.51,$20.82,2.43,$22.81,2.21,$-6.92,0.0,$0.36,140.31,$0.63B,$0.26B,2.44,$0.00B,$0.72B,0.0,$0.81B,$0.35B,43.58%,$0.81B,$0.28B,34.69%,$0.81B,$0.02B,2.10%,$0.81B,$0.30B,36.79%,$0.81B,$0.02B,2.35%,$0.81B,$0.02B,1.85%,$0.02B,$0.72B,2.80%,$0.02B,$0.50B,4.07%,$0.02B,$1.02B,1.88%,$0.28B,$0.72B,52.40%,$170,$100,$70,$0,$113,$213,$-43,$-0,$-43,$-14,$-29,$-29,$-29,$-34,$-43,$34,34,$-0.85,$-0.85,$49,$362,$55,$629,$142,$0,$222,$16,$393,$1022,$258,$0,$46,$46,$304,$0,$573,$-2,$718,$1022,$-29,$9,$4,$13,$0,$-104,$112,$11,$3,$-13,$-17,$-1,$0,$0,$0,$0,$0,$-18,$0,$16,$16,$0,$0,$0,$-1,$15,$-15,$4,$0
22,2013-03-31,55.69,$21.62,2.58,$22.48,2.48,$-5.93,0.0,$0.68,81.9,$0.54B,$0.13B,4.23,$0.00B,$0.75B,0.0,$0.81B,$0.36B,43.86%,$0.81B,$0.30B,36.24%,$0.81B,$0.03B,3.81%,$0.81B,$0.32B,39.07%,$0.81B,$0.03B,4.05%,$0.81B,$0.02B,2.95%,$0.02B,$0.75B,4.47%,$0.02B,$0.52B,6.44%,$0.02B,$0.92B,3.00%,$0.30B,$0.75B,54.96%,$264,$140,$124,$0,$0,$0,$264,$0,$3,$2,$0,$0,$1,$264,$0,$34,35,$0.03,$0.03,$65,$257,$70,$537,$130,$0,$223,$14,$380,$917,$127,$0,$45,$45,$173,$0,$602,$-1,$745,$917,$1,$9,$3,$12,$81,$43,$-72,$-13,$3,$16,$-12,$0,$0,$0,$0,$0,$0,$-12,$0,$-23,$-23,$0,$0,$0,$-24,$-47,$-46,$2,$0
23,2012-12-31,40.27,$0.00,0.0,$21.20,1.9,$-5.63,0.0,$0.85,47.38,$0.00B,$0.00B,0.0,$0.00B,$0.00B,0.0,$0.80B,$0.35B,43.47%,$0.80B,$0.28B,34.80%,$0.80B,$0.03B,3.89%,$0.80B,$0.30B,37.69%,$0.80B,$0.04B,5.28%,$0.80B,$0.03B,3.89%,$0.03B,$0.00B,5.55%,$0.03B,$0.00B,7.80%,$0.03B,$0.00B,3.80%,$0.28B,$0.00B,49.57%,$0,$0,$0,$0,$0,$0,$0,$0,$0,$0,$0,$0,$0,$0,$0,$0,0,$0.00,$0.00,$0,$0,$0,$0,$0,$0,$0,$0,$0,$0,$0,$0,$0,$0,$0,$0,$0,$0,$0,$0,$0,$0,$0,$0,$0,$0,$0,$0,$0,$0,$0,$0,$0,$0,$0,$0,$0,$0,$0,$0,$0,$0,$0,$0,$0,$0,$0,$0,$0
24,2012-09-30,36.64,$19.34,1.89,$21.20,1.73,$-5.63,0.0,$0.85,43.11,$0.89B,$0.52B,1.72,$0.00B,$0.68B,0.0,$0.80B,$0.35B,43.47%,$0.80B,$0.28B,34.80%,$0.80B,$0.03B,3.89%,$0.80B,$0.30B,37.69%,$0.80B,$0.04B,5.28%,$0.80B,$0.03B,3.89%,$0.03B,$0.68B,5.55%,$0.03B,$0.46B,7.80%,$0.03B,$1.26B,3.80%,$0.28B,$0.68B,49.57%,$376,$217,$159,$0,$100,$317,$60,$-1,$59,$16,$43,$43,$43,$68,$60,$36,37,$1.19,$1.18,$62,$486,$58,$891,$115,$0,$224,$13,$366,$1256,$517,$0,$58,$58,$575,$0,$539,$-0,$682,$1256,$31,$23,$20,$43,$-48,$-233,$53,$23,$-258,$-183,$-42,$-4,$-8,$0,$-1,$-1,$0,$-55,$0,$273,$273,$-185,$-185,$0,$-53,$36,$-202,$12,$0
25,2012-06-30,44.01,$19.44,2.26,$21.48,2.05,$-5.69,0.0,$1.26,34.93,$0.68B,$0.25B,2.74,$0.00B,$0.72B,0.0,$0.83B,$0.39B,46.76%,$0.83B,$0.31B,36.93%,$0.83B,$0.06B,7.43%,$0.83B,$0.33B,39.69%,$0.83B,$0.07B,8.87%,$0.83B,$0.05B,6.00%,$0.05B,$0.72B,8.81%,$0.05B,$0.51B,12.22%,$0.05B,$1.03B,6.56%,$0.31B,$0.72B,54.25%,$174,$101,$74,$0,$102,$203,$-29,$0,$-29,$-8,$-20,$-20,$-20,$-14,$-29,$38,38,$-0.53,$-0.53,$114,$346,$55,$683,$103,$0,$210,$15,$342,$1025,$250,$0,$55,$55,$305,$0,$580,$0,$720,$1025,$-12,$15,$16,$30,$70,$-93,$81,$22,$12,$31,$-26,$0,$0,$0,$-2,$-2,$0,$-28,$0,$0,$0,$-100,$-100,$0,$-52,$-152,$-149,$9,$0
26,2012-03-31,63.05,$21.65,2.91,$20.86,3.02,$-8.20,0.0,$1.60,39.41,$0.65B,$0.10B,6.81,$0.00B,$0.83B,0.0,$0.81B,$0.38B,46.93%,$0.81B,$0.33B,40.05%,$0.81B,$0.08B,9.83%,$0.81B,$0.35B,42.51%,$0.81B,$0.09B,11.30%,$0.81B,$0.06B,7.62%,$0.06B,$0.83B,11.26%,$0.06B,$0.62B,14.13%,$0.06B,$0.98B,8.79%,$0.33B,$0.83B,59.19%,$246,$133,$113,$0,$0,$0,$246,$0,$12,$4,$0,$0,$8,$246,$0,$39,39,$0.20,$0.20,$229,$208,$77,$648,$94,$0,$212,$12,$333,$980,$95,$0,$52,$52,$147,$0,$680,$-2,$833,$980,$8,$8,$4,$13,$85,$45,$-69,$4,$6,$27,$-11,$0,$0,$0,$0,$0,$0,$-11,$0,$0,$0,$-20,$-20,$0,$-32,$-52,$-35,$4,$0
27,2011-12-31,75.57,$0.00,0.0,$19.76,3.82,$-8.64,0.0,$1.89,39.98,$0.00B,$0.00B,0.0,$0.00B,$0.00B,0.0,$0.77B,$0.37B,47.99%,$0.77B,$0.29B,36.87%,$0.77B,$0.08B,10.35%,$0.77B,$0.31B,39.46%,$0.77B,$0.11B,13.97%,$0.77B,$0.07B,9.44%,$0.07B,$0.00B,14.28%,$0.07B,$0.00B,16.38%,$0.07B,$0.00B,11.25%,$0.29B,$0.00B,55.75%,$0,$0,$0,$0,$0,$0,$0,$0,$0,$0,$0,$0,$0,$0,$0,$0,0,$0.00,$0.00,$0,$0,$0,$0,$0,$0,$0,$0,$0,$0,$0,$0,$0,$0,$0,$0,$0,$0,$0,$0,$0,$0,$0,$0,$0,$0,$0,$0,$0,$0,$0,$0,$0,$0,$0,$0,$0,$0,$0,$0,$0,$0,$0,$0,$0,$0,$0,$0,$0
28,2011-09-30,93.16,$18.61,5.01,$19.76,4.71,$-8.64,0.0,$1.89,49.29,$0.75B,$0.26B,2.87,$0.00B,$0.72B,0.0,$0.77B,$0.37B,47.99%,$0.77B,$0.29B,36.87%,$0.77B,$0.08B,10.35%,$0.77B,$0.31B,39.46%,$0.77B,$0.11B,13.97%,$0.77B,$0.07B,9.44%,$0.07B,$0.72B,14.28%,$0.07B,$0.51B,16.38%,$0.07B,$1.05B,11.25%,$0.29B,$0.72B,55.75%,$414,$212,$203,$0,$112,$324,$91,$-0,$91,$28,$62,$62,$62,$99,$91,$39,39,$1.62,$1.59,$90,$357,$0,$749,$59,$0,$212,$9,$296,$1046,$261,$0,$67,$67,$327,$0,$568,$-1,$718,$1046,$75,$20,$16,$36,$-97,$-230,$60,$-44,$-334,$-222,$-21,$-4,$-127,$0,$0,$0,$0,$-152,$0,$45,$45,$-20,$-20,$0,$-6,$19,$-355,$11,$0
29,2011-06-30,88.14,$16.93,5.21,$16.27,5.42,$-4.37,0.0,$1.37,64.34,$0.69B,$0.13B,5.2,$0.00B,$0.65B,0.0,$0.64B,$0.30B,46.94%,$0.64B,$0.26B,40.82%,$0.64B,$0.06B,8.63%,$0.64B,$0.28B,43.17%,$0.64B,$0.08B,13.19%,$0.64B,$0.05B,8.32%,$0.05B,$0.65B,11.22%,$0.05B,$0.63B,11.69%,$0.05B,$0.80B,9.44%,$0.26B,$0.65B,55.06%,$154,$88,$66,$0,$77,$165,$-11,$0,$-11,$-3,$-8,$-8,$-8,$1,$-11,$39,39,$-0.19,$-0.19,$325,$210,$0,$692,$55,$0,$24,$8,$103,$795,$133,$0,$10,$10,$143,$0,$505,$-1,$652,$795,$12,$12,$10,$21,$10,$-88,$40,$-7,$-112,$-78,$-14,$-4,$0,$0,$0,$0,$0,$-18,$0,$0,$0,$-20,$-20,$0,$-4,$-24,$-120,$7,$0
30,2011-03-31,86.15,$17.46,4.93,$15.79,5.46,$-2.05,0.0,$1.79,48.13,$0.66B,$0.07B,9.51,$0.00B,$0.68B,0.0,$0.62B,$0.29B,47.42%,$0.62B,$0.28B,45.81%,$0.62B,$0.08B,12.74%,$0.62B,$0.29B,47.26%,$0.62B,$0.11B,17.58%,$0.62B,$0.07B,11.29%,$0.07B,$0.68B,15.91%,$0.07B,$0.65B,16.63%,$0.07B,$0.75B,13.42%,$0.28B,$0.68B,64.55%,$205,$102,$102,$0,$0,$0,$205,$0,$28,$9,$0,$0,$19,$205,$0,$39,39,$0.50,$0.49,$438,$107,$0,$655,$50,$0,$26,$8,$99,$754,$69,$0,$10,$10,$79,$0,$533,$-2,$675,$754,$20,$6,$4,$10,$39,$17,$-24,$-7,$-26,$4,$-5,$-4,$0,$0,$0,$0,$0,$-9,$0,$0,$0,$0,$0,$0,$-2,$-2,$-7,$3,$0
31,2010-12-31,79.74,$0.00,0.0,$14.58,5.47,$-1.54,0.0,$1.76,45.31,$0.00B,$0.00B,0.0,$0.00B,$0.00B,0.0,$0.57B,$0.27B,47.29%,$0.57B,$0.24B,41.16%,$0.57B,$0.08B,13.84%,$0.57B,$0.24B,42.73%,$0.57B,$0.11B,19.26%,$0.57B,$0.07B,12.08%,$0.07B,$0.00B,17.27%,$0.07B,$0.00B,18.13%,$0.07B,$0.00B,14.44%,$0.24B,$0.00B,58.82%,$0,$0,$0,$0,$0,$0,$0,$0,$0,$0,$0,$0,$0,$0,$0,$0,0,$0.00,$0.00,$0,$0,$0,$0,$0,$0,$0,$0,$0,$0,$0,$0,$0,$0,$0,$0,$0,$0,$0,$0,$0,$0,$0,$0,$0,$0,$0,$0,$0,$0,$0,$0,$0,$0,$0,$0,$0,$0,$0,$0,$0,$0,$0,$0,$0,$0,$0,$0,$0
32,2010-09-30,49.96,$14.59,3.42,$14.58,3.43,$-1.54,0.0,$1.76,28.39,$0.61B,$0.13B,4.8,$0.00B,$0.56B,0.0,$0.57B,$0.27B,47.29%,$0.57B,$0.24B,41.16%,$0.57B,$0.08B,13.84%,$0.57B,$0.24B,42.73%,$0.57B,$0.11B,19.26%,$0.57B,$0.07B,12.08%,$0.07B,$0.56B,17.27%,$0.07B,$0.54B,18.13%,$0.07B,$0.70B,14.44%,$0.24B,$0.56B,58.82%,$278,$147,$131,$0,$65,$212,$66,$0,$67,$25,$42,$42,$42,$69,$66,$39,39,$1.09,$1.07,$251,$197,$0,$608,$43,$0,$25,$4,$89,$697,$127,$0,$8,$8,$135,$0,$424,$0,$562,$697,$69,$9,$11,$20,$-65,$-113,$26,$1,$-150,$-62,$-14,$0,$-5,$26,$0,$26,$0,$6,$0,$0,$0,$-10,$-10,$0,$0,$-10,$-65,$10,$0
33,2010-06-30,47.62,$13.52,3.52,$13.32,3.57,$-0.76,0.0,$1.55,30.72,$0.55B,$0.11B,5.28,$0.00B,$0.52B,0.0,$0.52B,$0.24B,45.49%,$0.52B,$0.22B,42.61%,$0.52B,$0.07B,12.67%,$0.52B,$0.23B,44.34%,$0.52B,$0.10B,18.43%,$0.52B,$0.06B,11.71%,$0.06B,$0.52B,16.75%,$0.06B,$0.50B,17.67%,$0.06B,$0.64B,14.06%,$0.22B,$0.52B,60.95%,$137,$76,$61,$0,$48,$124,$13,$0,$14,$5,$9,$9,$9,$19,$13,$39,39,$0.23,$0.23,$334,$120,$0,$552,$37,$0,$25,$3,$82,$635,$105,$0,$7,$7,$112,$0,$390,$-1,$523,$635,$27,$6,$6,$12,$-4,$-35,$33,$1,$-34,$4,$-7,$0,$-3,$26,$0,$26,$0,$16,$0,$0,$0,$-3,$-3,$0,$0,$-2,$18,$7,$0
34,2010-03-31,46.0,$13.27,3.47,$12.41,3.71,$-1.11,0.0,$1.39,33.09,$0.50B,$0.06B,8.31,$0.00B,$0.51B,0.0,$0.49B,$0.22B,44.56%,$0.49B,$0.21B,43.53%,$0.49B,$0.06B,11.50%,$0.49B,$0.22B,45.17%,$0.49B,$0.09B,17.66%,$0.49B,$0.06B,11.29%,$0.06B,$0.51B,16.43%,$0.06B,$0.49B,17.42%,$0.06B,$0.58B,13.94%,$0.21B,$0.51B,63.33%,$156,$78,$78,$0,$0,$0,$156,$0,$29,$11,$0,$0,$18,$156,$0,$39,39,$0.46,$0.46,$358,$69,$0,$498,$36,$0,$26,$2,$81,$579,$60,$0,$6,$6,$66,$0,$383,$0,$513,$579,$18,$4,$2,$6,$23,$17,$-18,$-1,$-2,$22,$-3,$0,$-3,$26,$0,$26,$0,$20,$0,$0,$0,$0,$0,$0,$0,$0,$41,$3,$0
35,2009-12-31,33.91,$0.00,0.0,$11.80,2.87,$-0.65,0.0,$1.24,27.34,$0.00B,$0.00B,0.0,$0.00B,$0.00B,0.0,$0.47B,$0.20B,42.58%,$0.47B,$0.19B,40.86%,$0.47B,$0.06B,12.04%,$0.47B,$0.20B,42.58%,$0.47B,$0.08B,16.56%,$0.47B,$0.05B,10.54%,$0.05B,$0.00B,16.00%,$0.05B,$0.00B,17.06%,$0.05B,$0.00B,13.56%,$0.19B,$0.00B,62.04%,$0,$0,$0,$0,$0,$0,$0,$0,$0,$0,$0,$0,$0,$0,$0,$0,0,$0.00,$0.00,$0,$0,$0,$0,$0,$0,$0,$0,$0,$0,$0,$0,$0,$0,$0,$0,$0,$0,$0,$0,$0,$0,$0,$0,$0,$0,$0,$0,$0,$0,$0,$0,$0,$0,$0,$0,$0,$0,$0,$0,$0,$0,$0,$0,$0,$0,$0,$0,$0
36,2009-09-30,28.28,$10.93,2.59,$11.80,2.4,$-0.65,0.0,$1.24,22.81,$0.44B,$0.09B,4.72,$0.00B,$0.42B,0.0,$0.47B,$0.20B,42.58%,$0.47B,$0.19B,40.86%,$0.47B,$0.06B,12.04%,$0.47B,$0.20B,42.58%,$0.47B,$0.08B,16.56%,$0.47B,$0.05B,10.54%,$0.05B,$0.42B,16.00%,$0.05B,$0.40B,17.06%,$0.05B,$0.52B,13.56%,$0.19B,$0.42B,62.04%,$228,$130,$98,$0,$45,$175,$53,$0,$53,$19,$34,$34,$34,$56,$53,$39,39,$0.87,$0.86,$126,$188,$0,$443,$34,$0,$25,$1,$78,$521,$94,$0,$6,$6,$100,$0,$298,$0,$421,$521,$49,$7,$12,$20,$-6,$-96,$8,$2,$-103,$-34,$-11,$0,$-2,$-33,$0,$-33,$0,$-46,$0,$0,$0,$-20,$-20,$0,$-0,$-20,$-101,$7,$0
37,2009-06-30,23.42,$10.28,2.28,$10.96,2.14,$-1.95,0.0,$1.04,22.52,$0.40B,$0.07B,5.9,$0.00B,$0.41B,0.0,$0.43B,$0.19B,42.63%,$0.43B,$0.18B,41.47%,$0.43B,$0.05B,10.60%,$0.43B,$0.19B,43.09%,$0.43B,$0.07B,15.67%,$0.43B,$0.04B,9.45%,$0.04B,$0.41B,14.31%,$0.04B,$0.38B,15.62%,$0.04B,$0.48B,12.17%,$0.18B,$0.41B,62.83%,$103,$62,$41,$0,$37,$99,$3,$1,$4,$2,$3,$3,$3,$8,$3,$39,40,$0.07,$0.07,$176,$146,$0,$402,$33,$0,$25,$1,$76,$478,$68,$0,$5,$5,$73,$0,$284,$0,$405,$478,$15,$5,$8,$13,$45,$-53,$8,$0,$-38,$-10,$-7,$0,$-2,$-50,$0,$-50,$0,$-58,$0,$0,$0,$0,$0,$0,$-0,$-0,$-69,$5,$0
38,2009-03-31,17.68,$10.15,1.74,$10.70,1.65,$-2.48,0.0,$0.87,20.32,$0.37B,$0.04B,8.68,$0.00B,$0.40B,0.0,$0.42B,$0.18B,42.65%,$0.42B,$0.17B,40.28%,$0.42B,$0.04B,8.53%,$0.42B,$0.18B,41.47%,$0.42B,$0.06B,13.74%,$0.42B,$0.03B,8.06%,$0.03B,$0.40B,12.92%,$0.03B,$0.37B,14.51%,$0.03B,$0.45B,10.90%,$0.17B,$0.40B,64.58%,$134,$75,$59,$0,$0,$0,$134,$0,$20,$8,$0,$0,$12,$134,$0,$39,40,$0.31,$0.31,$230,$66,$0,$371,$30,$0,$26,$1,$75,$446,$43,$0,$4,$4,$46,$0,$281,$0,$399,$446,$12,$2,$4,$6,$52,$27,$-24,$-1,$21,$39,$-3,$0,$-2,$-33,$0,$-33,$0,$-37,$0,$0,$0,$0,$0,$0,$0,$0,$2,$2,$0
39,2008-12-31,26.62,$0.00,0.0,$9.78,2.72,$-3.04,0.0,$0.85,31.32,$0.00B,$0.00B,0.0,$0.00B,$0.00B,0.0,$0.39B,$0.17B,43.26%,$0.39B,$0.13B,34.72%,$0.39B,$0.04B,9.33%,$0.39B,$0.14B,36.01%,$0.39B,$0.06B,14.77%,$0.39B,$0.03B,8.55%,$0.03B,$0.00B,13.65%,$0.03B,$0.00B,16.06%,$0.03B,$0.00B,11.37%,$0.13B,$0.00B,55.43%,$0,$0,$0,$0,$0,$0,$0,$0,$0,$0,$0,$0,$0,$0,$0,$0,0,$0.00,$0.00,$0,$0,$0,$0,$0,$0,$0,$0,$0,$0,$0,$0,$0,$0,$0,$0,$0,$0,$0,$0,$0,$0,$0,$0,$0,$0,$0,$0,$0,$0,$0,$0,$0,$0,$0,$0,$0,$0,$0,$0,$0,$0,$0,$0,$0,$0,$0,$0,$0
40,2008-09-30,34.69,$8.73,3.98,$9.78,3.55,$-3.04,0.0,$0.85,40.82,$0.35B,$0.08B,4.49,$0.00B,$0.34B,0.0,$0.39B,$0.17B,43.26%,$0.39B,$0.13B,34.72%,$0.39B,$0.04B,9.33%,$0.39B,$0.14B,36.01%,$0.39B,$0.06B,14.77%,$0.39B,$0.03B,8.55%,$0.03B,$0.34B,13.65%,$0.03B,$0.30B,16.06%,$0.03B,$0.42B,11.37%,$0.13B,$0.34B,55.43%,$197,$112,$85,$0,$42,$154,$43,$0,$44,$17,$26,$26,$26,$45,$43,$39,40,$0.66,$0.66,$68,$158,$0,$350,$25,$0,$45,$1,$74,$424,$78,$0,$3,$4,$82,$0,$228,$0,$342,$424,$34,$4,$25,$29,$-43,$-108,$12,$2,$-144,$-81,$-17,$0,$-6,$80,$0,$80,$0,$58,$0,$0,$0,$0,$0,$0,$4,$4,$-19,$6,$0
41,2008-06-30,46.4,$7.98,5.82,$8.09,5.74,$-1.52,0.0,$0.68,68.24,$0.31B,$0.06B,4.91,$0.00B,$0.31B,0.0,$0.32B,$0.14B,44.34%,$0.32B,$0.12B,38.36%,$0.32B,$0.02B,7.55%,$0.32B,$0.13B,39.62%,$0.32B,$0.04B,13.84%,$0.32B,$0.03B,8.18%,$0.03B,$0.31B,11.76%,$0.03B,$0.27B,14.25%,$0.03B,$0.38B,9.94%,$0.12B,$0.31B,55.20%,$91,$55,$36,$0,$28,$98,$-7,$1,$-6,$-2,$-4,$-4,$-4,$-4,$-7,$39,39,$-0.10,$-0.10,$125,$113,$0,$308,$19,$2,$45,$1,$70,$378,$63,$0,$3,$3,$65,$0,$202,$0,$312,$378,$7,$3,$20,$22,$17,$-62,$14,$1,$-57,$-27,$-10,$0,$-6,$66,$0,$66,$0,$50,$0,$0,$0,$0,$0,$0,$2,$3,$25,$3,$0
42,2008-03-31,35.94,$8.00,4.49,$7.11,5.06,$-0.77,0.0,$0.85,42.28,$0.29B,$0.04B,6.51,$0.00B,$0.31B,0.0,$0.28B,$0.13B,45.36%,$0.28B,$0.13B,47.14%,$0.28B,$0.03B,12.14%,$0.28B,$0.14B,48.21%,$0.28B,$0.05B,19.29%,$0.28B,$0.03B,11.43%,$0.03B,$0.31B,15.96%,$0.03B,$0.26B,20.03%,$0.03B,$0.36B,13.73%,$0.13B,$0.31B,65.84%,$98,$51,$46,$0,$0,$0,$98,$0,$19,$7,$0,$0,$11,$98,$0,$39,40,$0.29,$0.29,$184,$49,$0,$286,$16,$0,$54,$1,$73,$359,$44,$0,$3,$3,$46,$0,$206,$0,$313,$359,$11,$1,$3,$4,$31,$2,$-11,$0,$6,$21,$-6,$0,$0,$11,$0,$11,$0,$5,$0,$0,$0,$0,$0,$0,$0,$0,$27,$2,$0
43,2007-12-31,51.69,$0.00,0.0,$6.51,7.94,$-0.89,0.0,$0.81,63.81,$0.00B,$0.00B,0.0,$0.00B,$0.00B,0.0,$0.26B,$0.11B,44.71%,$0.26B,$0.11B,41.96%,$0.26B,$0.03B,13.33%,$0.26B,$0.11B,43.14%,$0.26B,$0.05B,20.00%,$0.26B,$0.03B,11.76%,$0.03B,$0.00B,16.81%,$0.03B,$0.00B,21.74%,$0.03B,$0.00B,14.56%,$0.11B,$0.00B,59.94%,$0,$0,$0,$0,$0,$0,$0,$0,$0,$0,$0,$0,$0,$0,$0,$0,0,$0.00,$0.00,$0,$0,$0,$0,$0,$0,$0,$0,$0,$0,$0,$0,$0,$0,$0,$0,$0,$0,$0,$0,$0,$0,$0,$0,$0,$0,$0,$0,$0,$0,$0,$0,$0,$0,$0,$0,$0,$0,$0,$0,$0,$0,$0,$0,$0,$0,$0,$0,$0
44,2007-09-30,36.6,$6.65,5.5,$6.51,5.62,$-0.89,0.0,$0.81,45.19,$0.25B,$0.05B,4.89,$0.00B,$0.26B,0.0,$0.26B,$0.11B,44.71%,$0.26B,$0.11B,41.96%,$0.26B,$0.03B,13.33%,$0.26B,$0.11B,43.14%,$0.26B,$0.05B,20.00%,$0.26B,$0.03B,11.76%,$0.03B,$0.26B,16.81%,$0.03B,$0.21B,21.74%,$0.03B,$0.31B,14.56%,$0.11B,$0.26B,59.94%,$129,$71,$59,$0,$28,$99,$31,$1,$31,$12,$19,$19,$19,$32,$31,$39,39,$0.50,$0.49,$75,$88,$0,$245,$9,$0,$54,$1,$64,$309,$50,$0,$0,$0,$50,$0,$159,$0,$259,$309,$31,$3,$6,$9,$-25,$-58,$10,$-2,$-74,$-34,$-4,$0,$0,$29,$0,$29,$0,$25,$0,$0,$0,$2,$2,$0,$12,$14,$5,$4,$0
45,2007-06-30,33.63,$6.00,5.61,$5.36,6.28,$-0.19,0.0,$0.60,56.06,$0.20B,$0.03B,5.87,$0.00B,$0.23B,0.0,$0.21B,$0.09B,44.23%,$0.21B,$0.09B,44.71%,$0.21B,$0.02B,9.62%,$0.21B,$0.10B,46.15%,$0.21B,$0.04B,18.27%,$0.21B,$0.02B,10.10%,$0.02B,$0.23B,12.82%,$0.02B,$0.18B,17.61%,$0.02B,$0.26B,11.26%,$0.09B,$0.23B,56.79%,$53,$31,$22,$0,$19,$50,$3,$1,$4,$2,$2,$2,$2,$5,$3,$38,39,$0.06,$0.06,$97,$66,$0,$201,$8,$0,$54,$1,$64,$264,$34,$0,$0,$0,$34,$0,$140,$0,$230,$264,$12,$2,$3,$5,$20,$-36,$3,$-2,$-23,$-6,$-2,$0,$0,$-2,$0,$-2,$0,$-4,$0,$0,$0,$1,$1,$0,$5,$6,$-4,$2,$0
46,2007-03-31,23.67,$5.96,3.97,$5.10,4.65,$0.27,86.4,$0.60,39.46,$0.19B,$0.03B,7.25,$0.00B,$0.23B,0.0,$0.20B,$0.09B,45.18%,$0.20B,$0.09B,47.72%,$0.20B,$0.02B,10.66%,$0.20B,$0.10B,48.73%,$0.20B,$0.04B,19.80%,$0.20B,$0.02B,11.17%,$0.02B,$0.23B,14.33%,$0.02B,$0.17B,20.95%,$0.02B,$0.25B,12.57%,$0.09B,$0.23B,61.24%,$73,$39,$33,$0,$0,$0,$73,$0,$16,$6,$0,$0,$9,$73,$0,$38,39,$0.25,$0.24,$110,$34,$0,$187,$8,$0,$54,$1,$64,$251,$26,$0,$0,$0,$26,$0,$142,$1,$225,$251,$9,$1,$1,$2,$13,$-2,$-6,$-1,$0,$12,$-2,$0,$0,$-20,$0,$-20,$0,$-21,$0,$0,$0,$0,$0,$0,$0,$1,$-9,$1,$0
47,2006-12-31,19.98,$0.00,0.0,$4.69,4.26,$0.31,65.07,$0.50,39.97,$0.00B,$0.00B,0.0,$0.00B,$0.00B,0.0,$0.18B,$0.08B,45.00%,$0.18B,$0.08B,42.78%,$0.18B,$0.02B,11.67%,$0.18B,$0.08B,43.89%,$0.18B,$0.03B,17.78%,$0.18B,$0.02B,10.56%,$0.02B,$0.00B,13.26%,$0.02B,$0.00B,20.88%,$0.02B,$0.00B,11.59%,$0.08B,$0.00B,53.75%,$0,$0,$0,$0,$0,$0,$0,$0,$0,$0,$0,$0,$0,$0,$0,$0,0,$0.00,$0.00,$0,$0,$0,$0,$0,$0,$0,$0,$0,$0,$0,$0,$0,$0,$0,$0,$0,$0,$0,$0,$0,$0,$0,$0,$0,$0,$0,$0,$0,$0,$0,$0,$0,$0,$0,$0,$0,$0,$0,$0,$0,$0,$0,$0,$0,$0,$0,$0,$0
