,Date,Stock Price,Book Value per Share,Price to Book Ratio,TTM Sales per Share,Price to Sales Ratio,TTM FCF per Share,Price to FCF Ratio,TTM Net EPS,PE Ratio,Current Assets,Current Liabilities,Current Ratio,Long Term Debt,Shareholder's Equity_x,Debt to Equity Ratio,TTM Revenue_x,TTM Gross Profit,Gross Margin,TTM Revenue_y,TTM Operating Income,Operating Margin,TTM Revenue_x,TTM EBIT,EBIT Margin,TTM Revenue_y,TTM EBITDA,EBITDA Margin,TTM Revenue_x,TTM Pre-Tax Income,Pre-Tax Margin,TTM Revenue_y,TTM Net Income_x,Net Margin,TTM Net Income_y,Shareholder's Equity_y,Return on Equity,TTM Net Income_x,Tangible Equity,Return on Tangible Equity,TTM Net Income_y,Total Assets,Return on Assets,TTM Net Income,LT Investments & Debt,Return on Investment,revenue,cost-goods-sold,gross-profit,research-development-expenses,selling-general-administrative-expenses,operating-expenses,operating-income,total-non-operating-income-expense,pre-tax-income,total-provision-income-taxes,income-after-taxes,income-from-continuous-operations,net-income,ebitda,ebit,basic-shares-outstanding,shares-outstanding,eps-basic-net-earnings-per-share,eps-earnings-per-share-diluted,cash-on-hand,inventory,other-current-assets,total-current-assets,net-property-plant-equipment,long-term-investments,goodwill-intangible-assets-total,other-long-term-assets,total-long-term-assets,total-assets,total-current-liabilities,long-term-debt,other-non-current-liabilities,total-long-term-liabilities,total-liabilities,common-stock-net,retained-earnings-accumulated-deficit,comprehensive-income,total-share-holder-equity,total-liabilities-share-holders-equity,net-income-loss,total-depreciation-amortization-cash-flow,other-non-cash-items,total-non-cash-items,change-in-accounts-receivable,change-in-inventories,change-in-accounts-payable,change-in-assets-liabilities,total-change-in-assets-liabilities,cash-flow-from-operating-activities,net-change-in-property-plant-equipment,net-change-in-intangible-assets,net-acquisitions-divestitures,net-change-in-short-term-investments,net-change-in-long-term-investments,net-change-in-investments-total,investing-activities-other,cash-flow-from-investing-activities,net-long-term-debt,net-current-debt,debt-issuance-retirement-net-total,net-common-equity-issued-repurchased,net-total-equity-issued-repurchased,total-common-preferred-stock-dividends-paid,financial-activities-other,cash-flow-from-financial-activities,net-cash-flow,stock-based-compensation,common-stock-dividends-paid
0,2018-09-30,37.72,$23.09,1.63,$5.15,7.32,$0.25,151.61,$0.71,53.13,$0.30B,$0.15B,1.96,$4.12B,$3.92B,1.05,$0.86B,$0.59B,68.37%,$0.86B,$0.26B,30.36%,$0.86B,$0.26B,30.36%,$0.86B,$0.54B,62.57%,$0.86B,$0.14B,15.87%,$0.86B,$0.12B,14.02%,$0.12B,$3.92B,3.09%,$0.12B,$3.92B,3.09%,$0.12B,$8.35B,1.45%,$0.26B,$8.05B,3.26%,$223,$73,$150,$0,$9,$157,$66,$-31,$35,$0,$35,$35,$31,$137,$66,$170,170,$0.18,$0.18,$172,$0,$0,$296,$7787,$0,$3,$261,$8052,$8348,$151,$4122,$151,$4273,$4424,$2,$-917,$95,$3924,$8348,$105,$209,$-7,$202,$0,$0,$0,$-2,$20,$332,$-164,$0,$-9,$0,$0,$0,$6,$-168,$2,$0,$2,$-0,$-0,$-127,$-43,$-168,$-4,$9,$-127
1,2018-06-30,40.18,$23.13,1.74,$5.10,7.88,$0.39,102.95,$0.68,59.09,$0.29B,$0.13B,2.3,$4.11B,$3.93B,1.05,$0.85B,$0.58B,68.32%,$0.85B,$0.26B,30.39%,$0.85B,$0.26B,30.39%,$0.85B,$0.53B,62.66%,$0.85B,$0.13B,15.43%,$0.85B,$0.12B,13.66%,$0.12B,$3.93B,2.98%,$0.12B,$3.93B,2.99%,$0.12B,$8.32B,1.40%,$0.26B,$8.04B,3.23%,$219,$69,$151,$0,$9,$152,$68,$-31,$37,$0,$37,$37,$32,$137,$68,$170,170,$0.19,$0.19,$170,$0,$0,$289,$7787,$0,$4,$238,$8029,$8318,$125,$4106,$156,$4262,$4388,$2,$-905,$87,$3930,$8318,$70,$138,$-5,$133,$0,$0,$0,$5,$10,$216,$-100,$0,$0,$0,$0,$0,$4,$-96,$-12,$0,$-12,$-0,$-0,$-85,$-29,$-126,$-6,$6,$-85
2,2018-03-31,36.53,$23.11,1.58,$5.09,7.18,$-1.77,0.0,$0.62,58.92,$0.30B,$0.14B,2.17,$4.10B,$3.93B,1.04,$0.83B,$0.57B,68.07%,$0.83B,$0.25B,29.88%,$0.83B,$0.25B,29.88%,$0.83B,$0.52B,62.65%,$0.83B,$0.12B,13.98%,$0.83B,$0.10B,12.53%,$0.10B,$3.93B,2.77%,$0.10B,$3.92B,2.78%,$0.10B,$8.32B,1.27%,$0.25B,$8.03B,3.14%,$212,$67,$145,$0,$10,$149,$63,$-30,$33,$0,$33,$33,$28,$132,$63,$170,170,$0.17,$0.17,$184,$0,$0,$297,$7780,$0,$4,$243,$8026,$8324,$137,$4099,$162,$4261,$4397,$2,$-894,$74,$3926,$8324,$33,$69,$-2,$67,$0,$0,$0,$-0,$17,$118,$-36,$0,$0,$0,$0,$0,$2,$-34,$-18,$0,$-18,$0,$0,$-42,$-16,$-76,$7,$3,$-42
3,2017-12-31,40.53,$23.01,1.76,$5.10,7.94,$-1.78,0.0,$0.57,71.1,$0.29B,$0.10B,2.75,$4.12B,$3.90B,1.06,$0.81B,$0.55B,68.23%,$0.81B,$0.24B,29.68%,$0.81B,$0.24B,29.68%,$0.81B,$0.51B,62.68%,$0.81B,$0.11B,12.93%,$0.81B,$0.10B,11.70%,$0.10B,$3.90B,2.71%,$0.10B,$3.90B,2.71%,$0.10B,$8.29B,1.19%,$0.24B,$8.02B,3.12%,$209,$65,$144,$0,$9,$145,$65,$-33,$32,$0,$32,$32,$30,$134,$65,$161,161,$0.18,$0.18,$177,$0,$0,$286,$7816,$0,$4,$186,$8007,$8293,$104,$4117,$169,$4287,$4391,$2,$-880,$43,$3902,$8293,$104,$270,$0,$270,$0,$0,$0,$3,$28,$403,$-709,$0,$-4,$0,$0,$0,$44,$-670,$-288,$0,$-288,$583,$583,$-146,$182,$331,$64,$18,$-146
4,2017-09-30,38.67,$22.34,1.73,$5.08,7.62,$-6.75,0.0,$0.53,72.97,$0.27B,$0.12B,2.31,$4.05B,$3.79B,1.07,$0.80B,$0.54B,67.92%,$0.80B,$0.23B,29.07%,$0.80B,$0.23B,29.07%,$0.80B,$0.50B,62.28%,$0.80B,$0.10B,11.90%,$0.80B,$0.09B,10.65%,$0.09B,$3.79B,2.59%,$0.09B,$3.78B,2.59%,$0.09B,$8.11B,1.09%,$0.23B,$7.84B,3.07%,$209,$69,$140,$0,$8,$147,$62,$-33,$29,$0,$29,$29,$26,$129,$62,$165,166,$0.15,$0.15,$168,$0,$0,$273,$7676,$0,$5,$159,$7840,$8113,$118,$4049,$159,$4208,$4326,$2,$-867,$23,$3787,$8113,$72,$200,$-5,$194,$0,$0,$0,$-3,$37,$309,$-122,$0,$-3,$0,$0,$0,$-490,$-615,$-320,$0,$-320,$593,$593,$-107,$196,$361,$55,$8,$-107
5,2017-06-30,37.27,$21.09,1.77,$5.07,7.35,$-14.93,0.0,$0.59,63.16,$0.28B,$0.09B,2.98,$4.31B,$3.39B,1.27,$0.78B,$0.53B,67.99%,$0.78B,$0.23B,29.07%,$0.78B,$0.23B,29.07%,$0.78B,$0.48B,61.72%,$0.78B,$0.10B,13.06%,$0.78B,$0.09B,11.65%,$0.09B,$3.39B,2.95%,$0.09B,$3.39B,2.96%,$0.09B,$7.96B,1.18%,$0.23B,$7.71B,3.05%,$200,$64,$136,$0,$9,$141,$58,$-36,$22,$0,$22,$22,$20,$125,$58,$156,156,$0.13,$0.13,$173,$0,$0,$275,$7514,$0,$5,$162,$7681,$7955,$92,$4314,$158,$4472,$4565,$2,$-854,$21,$3391,$7955,$44,$132,$-3,$129,$0,$0,$0,$6,$23,$199,$-429,$0,$-3,$0,$0,$0,$30,$-402,$-53,$0,$-53,$277,$277,$-70,$109,$263,$60,$5,$-70
6,2017-03-31,37.23,$19.27,1.93,$5.01,7.43,$-19.28,0.0,$0.58,64.19,$0.19B,$0.10B,1.91,$4.39B,$2.95B,1.49,$0.77B,$0.52B,68.10%,$0.77B,$0.23B,29.43%,$0.77B,$0.23B,29.43%,$0.77B,$0.48B,62.24%,$0.77B,$0.10B,13.28%,$0.77B,$0.09B,11.59%,$0.09B,$2.95B,3.06%,$0.09B,$2.95B,3.06%,$0.09B,$7.59B,1.18%,$0.23B,$7.34B,3.11%,$194,$61,$134,$0,$10,$138,$56,$-34,$22,$0,$22,$22,$19,$121,$56,$152,154,$0.12,$0.12,$86,$0,$0,$186,$7176,$0,$5,$220,$7401,$7587,$97,$4391,$147,$4538,$4635,$2,$-837,$23,$2951,$7587,$22,$65,$-3,$62,$0,$0,$0,$-1,$21,$108,$-35,$0,$0,$0,$0,$0,$-23,$-58,$20,$0,$20,$0,$0,$-35,$-62,$-77,$-27,$3,$-35
7,2016-12-31,35.23,$19.89,1.77,$4.86,7.25,$-27.57,0.0,$0.56,62.91,$0.21B,$0.08B,2.77,$4.37B,$3.01B,1.45,$0.74B,$0.50B,67.83%,$0.74B,$0.22B,29.74%,$0.74B,$0.22B,29.74%,$0.74B,$0.46B,62.18%,$0.74B,$0.10B,12.92%,$0.74B,$0.09B,11.44%,$0.09B,$3.01B,3.02%,$0.09B,$3.01B,3.03%,$0.09B,$7.61B,1.14%,$0.22B,$7.38B,3.07%,$195,$62,$132,$0,$9,$139,$56,$-33,$22,$0,$22,$22,$20,$122,$56,$149,153,$0.13,$0.12,$113,$0,$0,$208,$7208,$0,$5,$192,$7405,$7614,$75,$4370,$155,$4524,$4600,$2,$-821,$15,$3014,$7614,$96,$240,$-18,$222,$0,$0,$0,$7,$17,$339,$-1391,$0,$0,$0,$0,$0,$25,$-1366,$774,$0,$774,$49,$49,$-131,$346,$1038,$11,$17,$-131
8,2016-09-30,35.07,$19.63,1.79,$4.66,7.53,$-20.03,0.0,$0.52,67.44,$0.25B,$0.10B,2.65,$4.40B,$2.97B,1.48,$0.71B,$0.48B,67.80%,$0.71B,$0.21B,29.94%,$0.71B,$0.21B,29.94%,$0.71B,$0.44B,61.86%,$0.71B,$0.09B,12.85%,$0.71B,$0.08B,11.16%,$0.08B,$2.97B,3.00%,$0.08B,$2.96B,3.01%,$0.08B,$7.65B,1.12%,$0.21B,$7.37B,3.11%,$192,$63,$129,$0,$8,$135,$57,$-22,$36,$0,$36,$36,$32,$114,$57,$151,153,$0.21,$0.21,$158,$0,$0,$251,$7227,$0,$5,$162,$7394,$7645,$95,$4402,$182,$4583,$4678,$2,$-806,$-24,$2967,$7645,$74,$174,$-23,$151,$0,$0,$0,$2,$39,$266,$-1348,$0,$0,$0,$0,$0,$23,$-1325,$803,$0,$803,$49,$49,$-98,$362,$1116,$57,$7,$-98
9,2016-06-30,33.81,$18.19,1.86,$4.47,7.57,$-12.57,0.0,$0.39,86.69,$0.17B,$0.07B,2.4,$4.28B,$2.71B,1.58,$0.68B,$0.46B,67.46%,$0.68B,$0.20B,29.73%,$0.68B,$0.20B,29.73%,$0.68B,$0.42B,62.13%,$0.68B,$0.07B,10.21%,$0.68B,$0.06B,8.73%,$0.06B,$2.71B,2.40%,$0.06B,$2.71B,2.41%,$0.06B,$7.26B,0.89%,$0.20B,$7.00B,3.13%,$187,$59,$128,$0,$9,$131,$57,$-35,$22,$0,$22,$22,$18,$121,$57,$148,153,$0.12,$0.12,$77,$0,$0,$167,$6885,$0,$4,$202,$7092,$7259,$70,$4281,$194,$4475,$4545,$1,$-804,$-37,$2714,$7259,$38,$118,$-11,$107,$0,$0,$0,$9,$21,$167,$-1058,$0,$0,$0,$0,$0,$15,$-1043,$681,$0,$681,$-1,$-1,$-65,$236,$852,$-25,$-3,$-65
10,2016-03-31,28.48,$17.37,1.64,$4.31,6.61,$-6.70,0.0,$0.36,79.1,$0.16B,$0.08B,2.1,$4.47B,$2.56B,1.75,$0.65B,$0.44B,67.18%,$0.65B,$0.19B,29.74%,$0.65B,$0.19B,29.74%,$0.65B,$0.40B,61.48%,$0.65B,$0.06B,9.71%,$0.65B,$0.05B,8.32%,$0.05B,$2.56B,2.30%,$0.05B,$2.56B,2.30%,$0.05B,$7.29B,0.85%,$0.19B,$7.03B,3.15%,$169,$54,$115,$0,$8,$118,$51,$-35,$16,$0,$16,$16,$15,$105,$51,$147,151,$0.10,$0.10,$72,$0,$0,$159,$6924,$0,$5,$205,$7133,$7291,$76,$4470,$185,$4655,$4731,$1,$-790,$-27,$2561,$7291,$16,$54,$-1,$52,$0,$0,$0,$3,$21,$90,$-1274,$0,$0,$0,$0,$0,$17,$-1258,$869,$0,$869,$0,$0,$-32,$302,$1138,$-30,$2,$-32
11,2015-12-31,29.27,$15.53,1.89,$4.23,6.92,$1.47,19.94,$0.38,77.04,$0.18B,$0.06B,3.2,$3.61B,$2.28B,1.58,$0.64B,$0.43B,67.09%,$0.64B,$0.19B,29.92%,$0.64B,$0.19B,29.92%,$0.64B,$0.38B,60.31%,$0.64B,$0.07B,10.87%,$0.64B,$0.06B,9.13%,$0.06B,$2.28B,2.53%,$0.06B,$2.28B,2.54%,$0.06B,$6.07B,0.96%,$0.19B,$5.89B,3.26%,$160,$53,$108,$0,$9,$113,$47,$-30,$17,$0,$17,$17,$14,$98,$47,$146,151,$0.10,$0.10,$102,$0,$0,$184,$5578,$0,$4,$300,$5883,$6066,$57,$3611,$116,$3727,$3785,$1,$-773,$-9,$2282,$6066,$69,$193,$3,$196,$0,$0,$0,$1,$6,$271,$-169,$0,$0,$0,$0,$0,$-62,$-232,$199,$0,$199,$4,$4,$-123,$-37,$43,$83,$15,$-123
12,2015-09-30,26.77,$15.20,1.76,$4.18,6.4,$0.37,72.83,$0.36,74.37,$0.09B,$0.07B,1.35,$3.47B,$2.27B,1.53,$0.63B,$0.42B,66.77%,$0.63B,$0.19B,29.55%,$0.63B,$0.19B,29.55%,$0.63B,$0.37B,59.74%,$0.63B,$0.07B,10.38%,$0.63B,$0.06B,8.79%,$0.06B,$2.27B,2.39%,$0.06B,$2.27B,2.40%,$0.06B,$5.94B,0.92%,$0.19B,$5.74B,3.20%,$160,$55,$105,$0,$7,$114,$46,$-31,$14,$0,$14,$14,$12,$96,$46,$146,151,$0.08,$0.08,$10,$0,$0,$91,$5649,$0,$5,$199,$5852,$5944,$68,$3474,$132,$3607,$3674,$1,$-755,$-27,$2270,$5944,$52,$143,$-1,$141,$0,$0,$0,$-3,$12,$206,$-145,$0,$0,$0,$0,$0,$8,$-138,$39,$0,$39,$2,$2,$-92,$-26,$-77,$-9,$6,$-92
13,2015-06-30,24.93,$15.71,1.59,$4.12,6.05,$0.83,30.0,$0.33,75.54,$0.16B,$0.06B,2.77,$3.55B,$2.30B,1.55,$0.61B,$0.41B,66.45%,$0.61B,$0.18B,28.83%,$0.61B,$0.18B,28.83%,$0.61B,$0.36B,59.28%,$0.61B,$0.06B,9.77%,$0.61B,$0.05B,8.14%,$0.05B,$2.30B,2.16%,$0.05B,$2.29B,2.17%,$0.05B,$6.04B,0.84%,$0.18B,$5.85B,3.09%,$160,$52,$108,$0,$7,$111,$49,$-33,$16,$0,$16,$16,$13,$100,$49,$146,150,$0.09,$0.09,$75,$0,$0,$155,$5685,$0,$5,$194,$5883,$6039,$56,$3554,$130,$3684,$3741,$1,$-736,$-20,$2298,$6039,$38,$92,$-2,$90,$0,$0,$0,$4,$7,$136,$-130,$0,$0,$0,$0,$0,$6,$-124,$119,$0,$119,$2,$2,$-61,$-16,$43,$56,$4,$-61
14,2015-03-31,27.38,$15.80,1.73,$4.07,6.72,$1.35,20.3,$0.33,82.96,$0.10B,$0.06B,1.52,$3.50B,$2.31B,1.52,$0.61B,$0.40B,66.45%,$0.61B,$0.17B,28.43%,$0.61B,$0.17B,28.43%,$0.61B,$0.36B,58.84%,$0.61B,$0.06B,9.92%,$0.61B,$0.05B,8.26%,$0.05B,$2.31B,2.16%,$0.05B,$2.30B,2.16%,$0.05B,$6.01B,0.85%,$0.17B,$5.81B,3.04%,$155,$50,$105,$0,$7,$107,$48,$-25,$22,$0,$22,$22,$19,$89,$48,$145,150,$0.13,$0.12,$17,$0,$0,$96,$5718,$0,$5,$194,$5917,$6013,$63,$3503,$141,$3644,$3708,$1,$-719,$-29,$2305,$6013,$22,$42,$-2,$40,$0,$0,$0,$1,$11,$73,$-21,$0,$0,$0,$0,$0,$-87,$-108,$68,$0,$68,$2,$2,$-30,$-7,$33,$-2,$2,$-30
15,2014-12-31,25.9,$15.97,1.62,$4.05,6.39,$1.36,19.03,$0.30,86.32,$0.10B,$0.05B,1.77,$3.42B,$2.31B,1.48,$0.60B,$0.40B,66.28%,$0.60B,$0.17B,27.88%,$0.60B,$0.17B,27.88%,$0.60B,$0.36B,59.77%,$0.60B,$0.05B,8.85%,$0.60B,$0.04B,7.35%,$0.04B,$2.31B,1.89%,$0.04B,$2.31B,1.89%,$0.04B,$5.94B,0.76%,$0.17B,$5.73B,2.98%,$151,$51,$100,$0,$7,$109,$42,$-29,$13,$0,$13,$13,$11,$89,$42,$144,148,$0.08,$0.07,$19,$0,$0,$96,$5626,$0,$4,$213,$5843,$5939,$54,$3420,$151,$3571,$3625,$1,$-707,$-30,$2314,$5939,$53,$191,$-2,$188,$0,$0,$0,$2,$5,$247,$-309,$0,$0,$0,$0,$0,$-11,$-320,$194,$0,$194,$-7,$-7,$-115,$-24,$48,$-25,$14,$-115
16,2014-09-30,23.24,$16.03,1.45,$4.05,5.74,$1.91,12.19,$0.29,80.13,$0.09B,$0.07B,1.2,$3.21B,$2.32B,1.38,$0.60B,$0.40B,66.28%,$0.60B,$0.17B,28.19%,$0.60B,$0.17B,28.19%,$0.60B,$0.36B,60.23%,$0.60B,$0.05B,8.56%,$0.60B,$0.04B,7.05%,$0.04B,$2.32B,1.79%,$0.04B,$2.32B,1.80%,$0.04B,$5.76B,0.72%,$0.17B,$5.53B,3.02%,$148,$53,$95,$0,$7,$110,$38,$-30,$9,$0,$9,$9,$7,$86,$38,$144,149,$0.05,$0.05,$12,$0,$0,$87,$5431,$0,$3,$239,$5673,$5761,$73,$3210,$156,$3367,$3440,$1,$-687,$-34,$2321,$5761,$40,$144,$-4,$140,$0,$0,$0,$-6,$15,$195,$-66,$0,$0,$0,$0,$0,$-17,$-83,$-31,$0,$-31,$-7,$-7,$-86,$-19,$-143,$-32,$4,$-86
17,2014-06-30,25.35,$16.19,1.57,$3.91,6.49,$0.94,26.84,$0.31,81.77,$0.09B,$0.05B,1.68,$3.22B,$2.33B,1.38,$0.60B,$0.40B,66.56%,$0.60B,$0.17B,29.10%,$0.60B,$0.17B,29.10%,$0.60B,$0.36B,60.37%,$0.60B,$0.06B,9.20%,$0.60B,$0.05B,7.69%,$0.05B,$2.33B,1.95%,$0.05B,$2.33B,1.96%,$0.05B,$5.78B,0.79%,$0.17B,$5.55B,3.10%,$151,$50,$102,$0,$7,$107,$44,$-28,$16,$0,$16,$16,$13,$92,$44,$144,148,$0.09,$0.09,$13,$0,$0,$86,$5458,$0,$3,$229,$5690,$5776,$51,$3220,$171,$3391,$3443,$1,$-666,$-44,$2333,$5776,$31,$96,$-6,$90,$0,$0,$0,$4,$5,$127,$-44,$0,$0,$0,$0,$0,$-17,$-61,$-21,$0,$-21,$-7,$-7,$-57,$-12,$-97,$-31,$3,$-57
18,2014-03-31,24.21,$16.35,1.48,$3.73,6.49,$0.84,28.98,$0.30,80.69,$0.09B,$0.06B,1.34,$3.22B,$2.35B,1.37,$0.60B,$0.40B,66.61%,$0.60B,$0.18B,29.53%,$0.60B,$0.18B,29.53%,$0.60B,$0.36B,60.40%,$0.60B,$0.05B,9.06%,$0.60B,$0.05B,7.89%,$0.05B,$2.35B,1.98%,$0.05B,$2.35B,1.99%,$0.05B,$5.81B,0.80%,$0.18B,$5.57B,3.11%,$149,$48,$100,$0,$7,$105,$43,$-28,$15,$0,$15,$15,$13,$91,$43,$143,147,$0.09,$0.09,$12,$0,$0,$85,$5487,$0,$4,$236,$5726,$5811,$64,$3221,$178,$3398,$3462,$1,$-650,$-46,$2349,$5811,$15,$48,$-2,$45,$0,$0,$0,$0,$12,$73,$-21,$0,$0,$0,$0,$0,$-24,$-45,$-21,$0,$-21,$-6,$-6,$-29,$-6,$-60,$-32,$1,$-29
19,2013-12-31,20.62,$16.60,1.24,$3.55,5.81,$0.74,27.91,$0.29,71.1,$0.12B,$0.05B,2.19,$3.24B,$2.37B,1.37,$0.59B,$0.40B,66.89%,$0.59B,$0.18B,30.24%,$0.59B,$0.18B,30.24%,$0.59B,$0.36B,60.47%,$0.59B,$0.05B,9.12%,$0.59B,$0.05B,7.77%,$0.05B,$2.37B,1.93%,$0.05B,$2.36B,1.94%,$0.05B,$5.85B,0.77%,$0.18B,$5.61B,3.14%,$148,$49,$98,$0,$6,$105,$43,$-32,$11,$0,$11,$11,$9,$90,$43,$143,146,$0.06,$0.07,$44,$0,$0,$116,$5517,$0,$4,$212,$5732,$5848,$53,$3241,$187,$3428,$3481,$1,$-634,$-51,$2367,$5848,$53,$180,$1,$181,$0,$0,$0,$1,$10,$244,$-225,$0,$0,$0,$0,$0,$-21,$-247,$-200,$0,$-200,$-0,$-0,$-102,$-23,$-326,$-329,$10,$-102
20,2013-09-30,20.61,$16.66,1.24,$3.37,6.12,$1.29,15.98,$0.27,76.31,$0.22B,$0.06B,3.44,$3.35B,$2.38B,1.41,$0.59B,$0.39B,66.95%,$0.59B,$0.18B,30.32%,$0.59B,$0.18B,30.32%,$0.59B,$0.35B,59.97%,$0.59B,$0.05B,8.52%,$0.59B,$0.04B,7.33%,$0.04B,$2.38B,1.80%,$0.04B,$2.37B,1.81%,$0.04B,$5.99B,0.71%,$0.18B,$5.73B,3.09%,$150,$52,$98,$0,$7,$106,$44,$-31,$13,$0,$13,$13,$11,$88,$44,$143,175,$0.08,$0.07,$149,$0,$0,$218,$5548,$0,$4,$216,$5768,$5986,$63,$3351,$196,$3547,$3610,$1,$-615,$-58,$2376,$5986,$42,$133,$2,$134,$0,$0,$0,$-4,$16,$191,$-208,$0,$0,$0,$0,$0,$-25,$-232,$-90,$0,$-90,$-0,$-0,$-77,$-16,$-183,$-224,$5,$-77
21,2013-06-30,21.74,$16.79,1.3,$3.35,6.49,$1.90,11.47,$0.24,90.58,$0.25B,$0.05B,5.42,$3.35B,$2.39B,1.4,$0.58B,$0.39B,67.24%,$0.58B,$0.18B,30.53%,$0.58B,$0.18B,30.53%,$0.58B,$0.34B,58.49%,$0.58B,$0.04B,7.38%,$0.58B,$0.04B,6.35%,$0.04B,$2.39B,1.55%,$0.04B,$2.39B,1.55%,$0.04B,$5.99B,0.61%,$0.18B,$5.75B,3.08%,$149,$48,$101,$0,$7,$103,$46,$-31,$15,$0,$15,$15,$14,$91,$46,$143,175,$0.10,$0.09,$184,$0,$0,$252,$5514,$0,$4,$215,$5734,$5986,$46,$3351,$194,$3546,$3592,$1,$-600,$-57,$2394,$5986,$30,$88,$1,$89,$0,$0,$0,$-1,$2,$123,$-44,$0,$0,$0,$0,$0,$-116,$-160,$-90,$0,$-90,$-0,$-0,$-51,$-11,$-152,$-189,$3,$-51
22,2013-03-31,21.57,$16.71,1.29,$3.35,6.45,$1.71,12.6,$0.21,102.69,$0.36B,$0.06B,6.22,$3.35B,$2.38B,1.41,$0.58B,$0.39B,67.24%,$0.58B,$0.18B,30.69%,$0.58B,$0.18B,30.69%,$0.58B,$0.34B,59.14%,$0.58B,$0.04B,6.21%,$0.58B,$0.03B,5.17%,$0.03B,$2.38B,1.25%,$0.03B,$2.38B,1.25%,$0.03B,$6.01B,0.50%,$0.18B,$5.73B,3.09%,$145,$46,$99,$0,$7,$99,$46,$-31,$15,$0,$15,$15,$12,$89,$46,$142,175,$0.08,$0.08,$293,$0,$0,$359,$5454,$0,$4,$190,$5649,$6008,$58,$3351,$216,$3567,$3625,$1,$-588,$-78,$2383,$6008,$15,$43,$0,$44,$0,$0,$0,$-2,$12,$72,$-26,$0,$0,$0,$0,$0,$-5,$-31,$-90,$0,$-90,$0,$0,$-25,$-6,$-121,$-81,$2,$-25
23,2012-12-31,20.01,$16.92,1.18,$3.35,5.98,$1.51,13.25,$0.17,117.71,$0.44B,$0.05B,9.69,$3.44B,$2.39B,1.44,$0.58B,$0.39B,67.30%,$0.58B,$0.18B,30.62%,$0.58B,$0.18B,30.62%,$0.58B,$0.35B,59.69%,$0.58B,$0.03B,4.84%,$0.58B,$0.02B,3.98%,$0.02B,$2.39B,0.95%,$0.02B,$2.39B,0.96%,$0.02B,$6.10B,0.38%,$0.18B,$5.83B,3.07%,$143,$48,$95,$0,$8,$102,$42,$-34,$7,$0,$7,$7,$6,$84,$42,$140,173,$0.03,$0.03,$373,$0,$0,$438,$5482,$0,$5,$179,$5666,$6104,$45,$3441,$227,$3668,$3713,$1,$-574,$-83,$2390,$6104,$28,$170,$18,$188,$0,$0,$0,$1,$-6,$210,$-94,$0,$0,$0,$0,$0,$2,$-92,$-182,$0,$-182,$128,$128,$-80,$-19,$-153,$-34,$0,$-80
24,2012-09-30,19.66,$17.02,1.15,$3.42,5.76,$1.79,10.97,$0.16,122.87,$0.43B,$0.06B,7.54,$3.44B,$2.40B,1.44,$0.58B,$0.39B,67.65%,$0.58B,$0.18B,30.80%,$0.58B,$0.18B,30.80%,$0.58B,$0.35B,59.86%,$0.58B,$0.03B,4.33%,$0.58B,$0.02B,3.46%,$0.02B,$2.40B,0.84%,$0.02B,$2.39B,0.84%,$0.02B,$6.13B,0.33%,$0.18B,$5.84B,3.08%,$146,$49,$97,$0,$7,$102,$44,$-37,$6,$0,$6,$6,$5,$77,$44,$140,174,$0.04,$0.04,$369,$0,$0,$433,$5510,$0,$5,$184,$5699,$6133,$58,$3441,$238,$3679,$3737,$1,$-555,$-92,$2396,$6133,$21,$127,$17,$144,$0,$0,$0,$-4,$3,$166,$-78,$0,$0,$0,$0,$0,$1,$-77,$-182,$0,$-182,$128,$128,$-59,$-14,$-127,$-38,$0,$-59
25,2012-06-30,19.56,$17.28,1.13,$3.47,5.64,$2.05,9.56,$0.15,130.38,$0.23B,$0.05B,4.77,$3.26B,$2.42B,1.35,$0.58B,$0.39B,67.53%,$0.58B,$0.18B,30.56%,$0.58B,$0.18B,30.56%,$0.58B,$0.34B,58.85%,$0.58B,$0.02B,3.99%,$0.58B,$0.02B,3.13%,$0.02B,$2.42B,0.76%,$0.02B,$2.41B,0.76%,$0.02B,$5.96B,0.30%,$0.18B,$5.67B,3.03%,$146,$47,$99,$0,$7,$101,$46,$-38,$8,$0,$8,$8,$7,$93,$46,$140,173,$0.05,$0.05,$162,$0,$0,$226,$5543,$0,$5,$184,$5732,$5957,$47,$3256,$239,$3495,$3543,$1,$-539,$-91,$2415,$5957,$15,$94,$4,$97,$0,$0,$0,$-3,$-7,$110,$-63,$0,$0,$0,$0,$0,$-0,$-64,$-367,$0,$-367,$128,$128,$-38,$-15,$-291,$-245,$-9,$-38
26,2012-03-31,19.18,$17.48,1.1,$3.79,5.06,$2.44,7.85,$0.06,319.67,$0.22B,$0.06B,3.84,$3.26B,$2.44B,1.33,$0.58B,$0.39B,67.48%,$0.58B,$0.17B,28.70%,$0.58B,$0.17B,28.70%,$0.58B,$0.34B,59.65%,$0.58B,$0.01B,1.57%,$0.58B,$0.01B,1.04%,$0.01B,$2.44B,0.26%,$0.01B,$2.43B,0.26%,$0.01B,$5.98B,0.10%,$0.17B,$5.70B,2.81%,$143,$46,$98,$0,$7,$98,$45,$-38,$7,$0,$7,$7,$5,$91,$45,$138,172,$0.04,$0.04,$156,$0,$0,$218,$5578,$0,$6,$181,$5765,$5982,$57,$3256,$229,$3485,$3542,$1,$-524,$-83,$2440,$5982,$7,$46,$2,$48,$0,$0,$0,$-2,$4,$60,$-50,$0,$0,$0,$0,$0,$-3,$-52,$-367,$0,$-367,$128,$128,$-17,$-3,$-259,$-251,$-5,$-17
27,2011-12-31,15.24,$17.67,0.86,$4.10,3.71,$2.78,5.49,$0.02,761.81,$0.47B,$0.06B,8.46,$3.62B,$2.32B,1.57,$0.58B,$0.39B,67.30%,$0.58B,$0.15B,26.61%,$0.58B,$0.15B,26.61%,$0.58B,$0.33B,57.91%,$0.58B,$0.00B,0.35%,$0.58B,$0.00B,0.17%,$0.00B,$2.32B,0.04%,$0.00B,$2.31B,0.04%,$0.00B,$6.23B,0.02%,$0.15B,$5.94B,2.57%,$143,$46,$97,$0,$8,$100,$43,$-39,$4,$0,$4,$4,$3,$85,$43,$126,160,$0.02,$0.02,$407,$0,$0,$467,$5606,$0,$6,$151,$5764,$6232,$55,$3624,$236,$3860,$3916,$1,$-509,$-89,$2316,$6232,$2,$181,$28,$209,$0,$0,$0,$-8,$-6,$209,$-56,$0,$0,$0,$0,$0,$-5,$-61,$-35,$0,$-35,$118,$118,$-58,$-38,$-13,$135,$0,$-58
28,2011-09-30,14.18,$17.73,0.8,$4.40,3.23,$1.05,13.49,$-0.05,0.0,$0.41B,$0.06B,6.75,$3.62B,$2.27B,1.6,$0.58B,$0.39B,67.30%,$0.58B,$0.14B,24.57%,$0.58B,$0.14B,24.57%,$0.58B,$0.34B,58.30%,$0.58B,$-0.01B,-1.38%,$0.58B,$-0.01B,-1.21%,$-0.01B,$2.27B,-0.30%,$-0.01B,$2.26B,-0.31%,$-0.01B,$6.22B,-0.11%,$0.14B,$5.89B,2.38%,$144,$49,$95,$0,$7,$102,$42,$-38,$4,$0,$4,$4,$3,$70,$42,$127,161,$0.03,$0.03,$350,$0,$0,$407,$5634,$0,$7,$168,$5810,$6217,$60,$3624,$265,$3890,$3950,$1,$-495,$-94,$2266,$6217,$-2,$139,$22,$162,$0,$0,$0,$-5,$3,$163,$-40,$0,$0,$0,$0,$0,$-5,$-45,$-35,$0,$-35,$60,$60,$-41,$-24,$-40,$77,$6,$-41
29,2011-06-30,16.37,$18.34,0.89,$4.71,3.48,$-0.77,0.0,$-0.11,0.0,$0.39B,$0.05B,7.63,$3.67B,$2.30B,1.59,$0.58B,$0.39B,67.70%,$0.58B,$0.14B,23.20%,$0.58B,$0.14B,23.20%,$0.58B,$0.37B,64.09%,$0.58B,$-0.02B,-2.92%,$0.58B,$-0.01B,-2.41%,$-0.01B,$2.30B,-0.61%,$-0.01B,$2.29B,-0.61%,$-0.01B,$6.24B,-0.22%,$0.14B,$5.97B,2.26%,$145,$47,$98,$0,$7,$111,$35,$-41,$-6,$0,$-6,$-6,$-5,$97,$35,$125,125,$-0.04,$-0.04,$332,$0,$0,$388,$5666,$0,$8,$182,$5856,$6243,$51,$3669,$222,$3891,$3942,$1,$-482,$-46,$2302,$6243,$-7,$111,$7,$118,$0,$0,$0,$-4,$-6,$109,$-26,$0,$0,$0,$0,$0,$-6,$-33,$7,$0,$7,$22,$22,$-25,$-21,$-17,$60,$-11,$-25
30,2011-03-31,15.33,$18.65,0.82,$4.68,3.28,$-2.81,0.0,$-0.14,0.0,$0.36B,$0.06B,5.99,$3.67B,$2.32B,1.58,$0.58B,$0.39B,68.40%,$0.58B,$0.14B,23.78%,$0.58B,$0.14B,23.78%,$0.58B,$0.35B,61.28%,$0.58B,$-0.02B,-3.82%,$0.58B,$-0.02B,-3.13%,$-0.02B,$2.32B,-0.79%,$-0.02B,$2.31B,-0.79%,$-0.02B,$6.28B,-0.29%,$0.14B,$5.99B,2.32%,$143,$45,$97,$0,$7,$110,$33,$-33,$-0,$0,$-0,$-0,$-0,$81,$33,$124,124,$0.00,$0.00,$309,$0,$0,$363,$5711,$0,$8,$192,$5912,$6275,$61,$3670,$225,$3895,$3956,$1,$-461,$-34,$2319,$6275,$-0,$48,$9,$58,$0,$0,$0,$-3,$3,$61,$-12,$0,$0,$0,$0,$0,$1,$-11,$7,$0,$7,$0,$0,$-12,$-8,$-14,$36,$2,$-12
31,2010-12-31,13.5,$18.52,0.73,$4.66,2.9,$-2.90,0.0,$-0.21,0.0,$0.32B,$0.06B,5.59,$3.67B,$2.30B,1.6,$0.57B,$0.39B,69.00%,$0.57B,$0.14B,24.52%,$0.57B,$0.14B,24.52%,$0.57B,$0.36B,63.40%,$0.57B,$-0.03B,-5.60%,$0.57B,$-0.03B,-4.55%,$-0.03B,$2.30B,-1.14%,$-0.03B,$2.29B,-1.14%,$-0.03B,$6.28B,-0.42%,$0.14B,$5.97B,2.42%,$146,$47,$99,$0,$9,$114,$32,$-39,$-6,$0,$-6,$-6,$-5,$89,$32,$123,123,$-0.05,$-0.05,$272,$0,$0,$323,$5757,$0,$9,$190,$5956,$6279,$58,$3668,$254,$3922,$3980,$1,$-448,$-59,$2299,$6279,$-33,$222,$8,$231,$0,$0,$0,$-9,$-20,$189,$-283,$0,$0,$0,$0,$0,$-21,$-305,$400,$0,$400,$0,$0,$-49,$-36,$315,$200,$-26,$-49
32,2010-09-30,14.16,$18.35,0.77,$4.62,3.06,$-0.99,0.0,$-0.24,0.0,$0.33B,$0.06B,5.28,$3.67B,$2.27B,1.62,$0.56B,$0.39B,69.33%,$0.56B,$0.14B,25.53%,$0.56B,$0.14B,25.53%,$0.56B,$0.39B,68.79%,$0.56B,$-0.04B,-6.56%,$0.56B,$-0.03B,-5.32%,$-0.03B,$2.27B,-1.31%,$-0.03B,$2.26B,-1.32%,$-0.03B,$6.32B,-0.49%,$0.14B,$5.94B,2.53%,$148,$48,$100,$0,$7,$113,$35,$-40,$-5,$0,$-5,$-5,$-4,$106,$35,$123,123,$-0.03,$-0.03,$282,$0,$0,$331,$5794,$0,$10,$185,$5990,$6320,$63,$3669,$322,$3991,$4054,$1,$-370,$-153,$2267,$6320,$-27,$165,$2,$167,$0,$0,$0,$-7,$-10,$137,$-267,$0,$0,$0,$0,$0,$-9,$-276,$400,$0,$400,$0,$0,$-37,$-15,$348,$209,$-20,$-37
33,2010-06-30,11.43,$18.59,0.62,$4.57,2.5,$1.00,11.43,$-0.28,0.0,$0.07B,$0.06B,1.08,$3.43B,$2.28B,1.5,$0.56B,$0.39B,69.78%,$0.56B,$0.15B,26.08%,$0.56B,$0.15B,26.08%,$0.56B,$0.37B,65.65%,$0.56B,$-0.04B,-7.73%,$0.56B,$-0.04B,-6.29%,$-0.04B,$2.28B,-1.53%,$-0.04B,$2.27B,-1.54%,$-0.04B,$6.11B,-0.58%,$0.15B,$5.71B,2.59%,$139,$42,$98,$0,$6,$102,$37,$-48,$-11,$0,$-11,$-11,$-9,$77,$37,$122,122,$-0.07,$-0.07,$21,$0,$0,$67,$5837,$0,$12,$195,$6044,$6111,$62,$3425,$344,$3769,$3832,$1,$-354,$-159,$2279,$6111,$-22,$95,$7,$102,$0,$0,$0,$6,$1,$84,$-252,$0,$0,$0,$-6,$-6,$0,$-258,$0,$155,$155,$0,$0,$-24,$-7,$123,$-51,$3,$-24
34,2010-03-31,12.28,$18.76,0.65,$4.59,2.68,$2.99,4.1,$-0.27,0.0,$0.14B,$0.07B,1.88,$3.27B,$2.29B,1.43,$0.56B,$0.39B,69.84%,$0.56B,$0.15B,26.03%,$0.56B,$0.15B,26.03%,$0.56B,$0.36B,64.99%,$0.56B,$-0.04B,-7.54%,$0.56B,$-0.03B,-5.92%,$-0.03B,$2.29B,-1.44%,$-0.03B,$2.28B,-1.45%,$-0.03B,$6.02B,-0.54%,$0.15B,$5.56B,2.60%,$138,$41,$97,$0,$6,$102,$36,$-46,$-10,$0,$-10,$-10,$-8,$90,$36,$122,122,$-0.07,$-0.07,$94,$0,$0,$138,$5652,$0,$11,$217,$5879,$6017,$73,$3272,$382,$3654,$3727,$1,$-333,$-172,$2289,$6017,$-10,$54,$0,$55,$0,$0,$0,$-1,$5,$49,$-11,$0,$0,$0,$0,$0,$0,$-11,$0,$0,$0,$0,$0,$-12,$-4,$-16,$22,$-7,$-12
35,2009-12-31,11.31,$18.85,0.6,$4.70,2.41,$3.04,3.72,$-0.22,0.0,$0.12B,$0.07B,1.58,$3.27B,$2.29B,1.43,$0.57B,$0.40B,70.00%,$0.57B,$0.15B,25.96%,$0.57B,$0.15B,25.96%,$0.57B,$0.37B,65.26%,$0.57B,$-0.03B,-5.96%,$0.57B,$-0.03B,-4.74%,$-0.03B,$2.29B,-1.18%,$-0.03B,$2.28B,-1.18%,$-0.03B,$6.06B,-0.44%,$0.15B,$5.57B,2.66%,$139,$43,$96,$0,$6,$103,$36,$-47,$-11,$0,$-11,$-11,$-9,$115,$36,$122,122,$-0.07,$-0.07,$73,$0,$0,$115,$5698,$0,$12,$235,$5944,$6060,$73,$3273,$421,$3695,$3768,$1,$-372,$-126,$2292,$6060,$-34,$224,$-9,$215,$0,$0,$0,$-9,$1,$180,$-42,$0,$-7,$0,$0,$0,$0,$-49,$-24,$-25,$-49,$-5,$-5,$-59,$46,$-67,$64,$-32,$-59
36,2009-09-30,9.68,$18.81,0.51,$4.84,2.0,$-2.25,0.0,$-0.20,0.0,$0.10B,$0.08B,1.36,$3.28B,$2.29B,1.43,$0.59B,$0.41B,69.85%,$0.59B,$0.15B,25.38%,$0.59B,$0.15B,25.38%,$0.59B,$0.35B,59.11%,$0.59B,$-0.03B,-5.28%,$0.59B,$-0.02B,-4.09%,$-0.02B,$2.29B,-1.05%,$-0.02B,$2.27B,-1.05%,$-0.02B,$6.11B,-0.38%,$0.15B,$5.56B,2.63%,$140,$43,$97,$0,$6,$104,$36,$-47,$-11,$0,$-11,$-11,$-9,$83,$36,$121,121,$-0.07,$-0.07,$64,$0,$0,$103,$5738,$0,$13,$258,$6009,$6113,$76,$3275,$475,$3750,$3826,$1,$-291,$-210,$2287,$6113,$-23,$145,$-0,$145,$0,$0,$0,$8,$23,$145,$-31,$0,$-7,$0,$0,$0,$0,$-38,$-24,$-25,$-49,$-5,$-5,$-47,$50,$-52,$55,$4,$-47
37,2009-06-30,7.03,$19.00,0.37,$4.98,1.41,$-7.46,0.0,$-0.21,0.0,$0.08B,$0.07B,1.23,$3.28B,$2.31B,1.42,$0.61B,$0.42B,69.75%,$0.61B,$0.15B,25.29%,$0.61B,$0.15B,25.29%,$0.61B,$0.36B,59.01%,$0.61B,$-0.03B,-5.29%,$0.61B,$-0.03B,-4.13%,$-0.03B,$2.31B,-1.13%,$-0.03B,$2.29B,-1.14%,$-0.03B,$6.15B,-0.39%,$0.15B,$5.58B,2.68%,$140,$41,$99,$0,$6,$103,$37,$-47,$-10,$0,$-10,$-10,$-7,$74,$37,$121,121,$-0.06,$-0.06,$43,$0,$0,$80,$5784,$0,$14,$267,$6065,$6146,$65,$3276,$498,$3774,$3839,$1,$-270,$-217,$2307,$6146,$-12,$97,$-3,$94,$0,$0,$0,$6,$10,$96,$-21,$0,$-7,$0,$0,$0,$0,$-28,$-24,$-25,$-49,$-5,$-5,$-35,$57,$-33,$35,$2,$-35
38,2009-03-31,5.71,$18.83,0.3,$5.11,1.12,$-12.63,0.0,$-0.23,0.0,$0.06B,$0.07B,0.9,$3.28B,$2.29B,1.43,$0.62B,$0.43B,69.68%,$0.62B,$0.16B,25.00%,$0.62B,$0.16B,25.00%,$0.62B,$0.37B,60.32%,$0.62B,$-0.03B,-5.48%,$0.62B,$-0.03B,-4.35%,$-0.03B,$2.29B,-1.27%,$-0.03B,$2.27B,-1.28%,$-0.03B,$6.21B,-0.41%,$0.16B,$5.57B,2.70%,$151,$45,$107,$0,$6,$112,$39,$-41,$-2,$0,$-2,$-2,$-2,$100,$39,$122,122,$-0.02,$-0.02,$30,$0,$0,$64,$5831,$0,$16,$295,$6141,$6206,$71,$3277,$570,$3847,$3918,$1,$-250,$-252,$2287,$6206,$-2,$60,$-7,$54,$0,$0,$0,$-7,$4,$56,$-12,$0,$-7,$0,$0,$0,$0,$-18,$-24,$-25,$-49,$-4,$-4,$-23,$60,$-16,$21,$1,$-23
39,2008-12-31,9.97,$18.71,0.53,$5.05,1.98,$-17.83,0.0,$-0.23,0.0,$0.04B,$0.07B,0.64,$3.69B,$2.28B,1.62,$0.61B,$0.43B,69.79%,$0.61B,$0.15B,25.29%,$0.61B,$0.15B,25.29%,$0.61B,$0.36B,58.62%,$0.61B,$-0.04B,-5.75%,$0.61B,$-0.03B,-4.60%,$-0.03B,$2.28B,-1.38%,$-0.03B,$2.26B,-1.39%,$-0.03B,$6.76B,-0.41%,$0.15B,$5.97B,2.68%,$156,$48,$107,$0,$6,$119,$37,$-45,$-8,$0,$-8,$-8,$-6,$90,$37,$121,121,$-0.05,$-0.05,$9,$0,$0,$44,$6491,$0,$18,$208,$6717,$6761,$69,$3693,$719,$4411,$4481,$1,$-236,$-274,$2280,$6761,$-36,$202,$18,$220,$0,$0,$0,$-5,$-1,$183,$-685,$0,$0,$0,$0,$0,$0,$-685,$617,$-25,$592,$1,$1,$-88,$-0,$505,$3,$4,$-88
40,2008-09-30,17.34,$15.95,1.09,$5.11,3.39,$-13.83,0.0,$-0.23,0.0,$0.04B,$0.07B,0.52,$3.73B,$1.94B,1.92,$0.61B,$0.42B,68.60%,$0.61B,$0.15B,24.96%,$0.61B,$0.15B,24.96%,$0.61B,$0.36B,59.17%,$0.61B,$-0.04B,-5.79%,$0.61B,$-0.03B,-4.63%,$-0.03B,$1.94B,-1.46%,$-0.03B,$1.92B,-1.48%,$-0.03B,$6.70B,-0.42%,$0.15B,$5.67B,2.75%,$158,$49,$109,$0,$5,$117,$40,$-53,$-12,$0,$-12,$-12,$-10,$93,$40,$122,122,$-0.08,$-0.08,$2,$0,$0,$35,$6524,$0,$20,$126,$6670,$6704,$66,$3734,$410,$4698,$4764,$1,$-245,$-96,$1940,$6704,$-28,$150,$3,$153,$0,$0,$0,$2,$9,$137,$-657,$0,$0,$0,$0,$0,$0,$-657,$652,$-20,$632,$1,$1,$-65,$-51,$516,$-4,$3,$-65
41,2008-06-30,16.38,$16.26,1.01,$5.01,3.27,$-9.09,0.0,$-0.18,0.0,$0.03B,$0.06B,0.55,$3.74B,$1.97B,1.89,$0.58B,$0.40B,69.08%,$0.58B,$0.15B,25.56%,$0.58B,$0.15B,25.56%,$0.58B,$0.35B,60.79%,$0.58B,$-0.03B,-4.66%,$0.58B,$-0.02B,-3.63%,$-0.02B,$1.97B,-1.10%,$-0.02B,$1.95B,-1.11%,$-0.02B,$6.75B,-0.32%,$0.15B,$5.71B,2.80%,$155,$46,$109,$0,$6,$116,$39,$-52,$-12,$0,$-12,$-12,$-9,$91,$39,$121,121,$-0.08,$-0.08,$3,$0,$0,$32,$6573,$0,$22,$121,$6716,$6747,$58,$3735,$412,$4715,$4774,$1,$-215,$-88,$1974,$6747,$-15,$97,$2,$100,$0,$0,$0,$0,$-1,$91,$-643,$0,$0,$0,$0,$0,$0,$-643,$669,$-38,$632,$1,$1,$-42,$-41,$549,$-3,$2,$-42
42,2008-03-31,16.31,$15.85,1.03,$4.83,3.37,$-4.36,0.0,$-0.11,0.0,$0.03B,$0.07B,0.45,$3.73B,$1.92B,1.94,$0.55B,$0.38B,69.51%,$0.55B,$0.15B,26.32%,$0.55B,$0.15B,26.32%,$0.55B,$0.35B,62.98%,$0.55B,$-0.02B,-3.09%,$0.55B,$-0.01B,-2.36%,$-0.01B,$1.92B,-0.67%,$-0.01B,$1.90B,-0.68%,$-0.01B,$6.82B,-0.20%,$0.15B,$5.65B,2.83%,$140,$40,$100,$0,$5,$102,$38,$-41,$-3,$0,$-3,$-3,$-3,$83,$38,$118,118,$-0.02,$-0.02,$4,$0,$0,$30,$6596,$0,$22,$177,$6795,$6824,$67,$3729,$550,$4835,$4902,$1,$-159,$-192,$1922,$6824,$-3,$46,$3,$49,$0,$0,$0,$-2,$2,$54,$-627,$0,$0,$0,$0,$0,$0,$-627,$629,$-4,$625,$0,$0,$-19,$-34,$572,$-1,$3,$-19
43,2007-12-31,16.58,$16.66,0.99,$4.76,3.48,$0.74,22.42,$-0.12,0.0,$0.03B,$0.06B,0.44,$3.11B,$1.83B,1.7,$0.54B,$0.37B,69.20%,$0.54B,$0.14B,26.16%,$0.54B,$0.14B,26.16%,$0.54B,$0.35B,64.56%,$0.54B,$-0.02B,-3.53%,$0.54B,$-0.01B,-2.41%,$-0.01B,$1.83B,-0.66%,$-0.01B,$1.81B,-0.67%,$-0.01B,$6.19B,-0.21%,$0.14B,$4.94B,2.87%,$152,$55,$97,$0,$5,$118,$34,$-42,$-8,$0,$-8,$-11,$-6,$91,$34,$113,113,$-0.05,$-0.05,$6,$0,$0,$28,$6022,$0,$24,$116,$6162,$6190,$63,$3106,$398,$4297,$4360,$1,$-90,$-101,$1830,$6190,$-19,$206,$16,$223,$0,$0,$0,$-55,$-39,$155,$-173,$0,$0,$0,$0,$0,$0,$-173,$280,$40,$320,$-125,$-125,$-73,$-103,$19,$1,$2,$-73
44,2007-09-30,17.99,$17.38,1.04,$4.49,4.0,$-15.75,0.0,$-0.07,0.0,$0.02B,$0.07B,0.3,$2.97B,$1.91B,1.55,$0.51B,$0.36B,70.31%,$0.51B,$0.11B,22.27%,$0.51B,$0.11B,22.27%,$0.51B,$0.31B,59.77%,$0.51B,$-0.04B,-8.40%,$0.51B,$-0.04B,-7.03%,$-0.04B,$1.91B,-1.76%,$-0.04B,$1.88B,-1.79%,$-0.04B,$6.12B,-0.58%,$0.11B,$4.87B,2.32%,$132,$39,$94,$0,$6,$95,$37,$-41,$-4,$0,$-4,$-3,$-3,$87,$37,$111,111,$-0.03,$-0.03,$2,$0,$0,$20,$5973,$0,$27,$103,$6103,$6122,$65,$2965,$326,$4149,$4213,$1,$-203,$-34,$1909,$6122,$-7,$150,$-1,$148,$0,$0,$0,$-30,$-12,$124,$-73,$0,$0,$0,$0,$0,$0,$-73,$177,$2,$179,$-125,$-125,$-54,$-54,$-54,$-2,$2,$-54
45,2007-06-30,17.87,$18.15,0.98,$3.30,5.41,$-16.22,0.0,$-0.04,0.0,$0.08B,$0.05B,1.56,$2.93B,$2.07B,1.41,$0.38B,$0.27B,70.00%,$0.38B,$0.08B,20.26%,$0.38B,$0.08B,20.26%,$0.38B,$0.22B,57.63%,$0.38B,$-0.04B,-10.26%,$0.38B,$-0.03B,-8.68%,$-0.03B,$2.07B,-2.11%,$-0.03B,$2.04B,-2.14%,$-0.03B,$6.28B,-0.71%,$0.08B,$5.00B,2.09%,$127,$35,$92,$0,$5,$91,$36,$-38,$-2,$0,$-2,$-1,$-1,$86,$36,$115,115,$-0.01,$-0.01,$66,$0,$0,$79,$6010,$0,$29,$164,$6203,$6282,$51,$2927,$336,$4159,$4210,$1,$-104,$31,$2073,$6282,$-5,$100,$-1,$99,$0,$0,$0,$-19,$-16,$79,$-58,$0,$0,$0,$0,$0,$0,$-58,$140,$0,$140,$-20,$-20,$-34,$-45,$41,$61,$1,$-34
