,Date,Stock Price,Book Value per Share,Price to Book Ratio,TTM Sales per Share,Price to Sales Ratio,TTM FCF per Share,Price to FCF Ratio,TTM Net EPS,PE Ratio,Current Assets,Current Liabilities,Current Ratio,Long Term Debt,Shareholder's Equity_x,Debt to Equity Ratio,TTM Revenue_x,TTM Gross Profit,Gross Margin,TTM Revenue_y,TTM Operating Income,Operating Margin,TTM Revenue_x,TTM EBIT,EBIT Margin,TTM Revenue_y,TTM EBITDA,EBITDA Margin,TTM Revenue_x,TTM Pre-Tax Income,Pre-Tax Margin,TTM Revenue_y,TTM Net Income_x,Net Margin,TTM Net Income_y,Shareholder's Equity_y,Return on Equity,TTM Net Income_x,Tangible Equity,Return on Tangible Equity,TTM Net Income_y,Total Assets,Return on Assets,TTM Net Income,LT Investments & Debt,Return on Investment,revenue,cost-goods-sold,gross-profit,research-development-expenses,selling-general-administrative-expenses,operating-expenses,operating-income,total-non-operating-income-expense,pre-tax-income,total-provision-income-taxes,income-after-taxes,income-from-continuous-operations,net-income,ebitda,ebit,basic-shares-outstanding,shares-outstanding,eps-basic-net-earnings-per-share,eps-earnings-per-share-diluted,cash-on-hand,inventory,other-current-assets,total-current-assets,net-property-plant-equipment,long-term-investments,goodwill-intangible-assets-total,other-long-term-assets,total-long-term-assets,total-assets,total-current-liabilities,long-term-debt,other-non-current-liabilities,total-long-term-liabilities,total-liabilities,common-stock-net,retained-earnings-accumulated-deficit,comprehensive-income,total-share-holder-equity,total-liabilities-share-holders-equity,net-income-loss,total-depreciation-amortization-cash-flow,other-non-cash-items,total-non-cash-items,change-in-accounts-receivable,change-in-inventories,change-in-accounts-payable,change-in-assets-liabilities,total-change-in-assets-liabilities,cash-flow-from-operating-activities,net-change-in-property-plant-equipment,net-change-in-intangible-assets,net-acquisitions-divestitures,net-change-in-short-term-investments,net-change-in-long-term-investments,net-change-in-investments-total,investing-activities-other,cash-flow-from-investing-activities,net-long-term-debt,net-current-debt,debt-issuance-retirement-net-total,net-common-equity-issued-repurchased,net-total-equity-issued-repurchased,total-common-preferred-stock-dividends-paid,financial-activities-other,cash-flow-from-financial-activities,net-cash-flow,stock-based-compensation,common-stock-dividends-paid
0,2018-09-30,14.72,$-1.75,-8.42,$9.03,1.63,$1.57,9.35,$0.68,21.65,$0.04B,$0.08B,0.45,$0.31B,$-0.11B,-2.78,$0.61B,$0.22B,37.02%,$0.61B,$0.07B,11.90%,$0.61B,$0.07B,11.90%,$0.61B,$0.10B,16.36%,$0.61B,$0.06B,9.09%,$0.61B,$0.05B,7.60%,$0.05B,$-0.11B,-41.26%,$0.05B,$-0.21B,-21.78%,$0.05B,$0.33B,13.92%,$0.07B,$0.20B,37.65%,$158,$101,$57,$0,$16,$140,$18,$-5,$14,$3,$11,$11,$11,$25,$18,$63,66,$0.17,$0.16,$4,$3,$0,$35,$143,$0,$100,$33,$294,$329,$78,$305,$56,$361,$439,$1,$-318,$3,$-110,$329,$32,$20,$10,$31,$4,$0,$-12,$-2,$-17,$46,$-16,$0,$-10,$0,$-2,$-2,$-0,$-28,$17,$0,$17,$-36,$-36,$0,$-2,$-21,$-3,$4,$0
1,2018-06-30,15.93,$-1.86,-8.58,$8.54,1.87,$1.58,10.05,$0.65,24.51,$0.04B,$0.08B,0.46,$0.31B,$-0.12B,-2.63,$0.58B,$0.22B,38.51%,$0.58B,$0.07B,12.61%,$0.58B,$0.07B,12.61%,$0.58B,$0.10B,17.10%,$0.58B,$0.06B,9.67%,$0.58B,$0.04B,7.60%,$0.04B,$-0.12B,-40.55%,$0.04B,$-0.22B,-21.31%,$0.04B,$0.34B,13.52%,$0.07B,$0.19B,38.42%,$157,$101,$57,$0,$16,$138,$19,$-5,$14,$3,$12,$12,$12,$26,$19,$64,66,$0.18,$0.18,$4,$3,$0,$38,$143,$0,$101,$31,$297,$335,$82,$310,$60,$370,$452,$1,$-329,$-2,$-118,$335,$21,$14,$6,$20,$2,$0,$-7,$-2,$-15,$26,$-10,$0,$-10,$0,$0,$0,$-1,$-20,$21,$1,$23,$-28,$-28,$0,$-2,$-7,$-1,$3,$0
2,2018-03-31,15.43,$-1.90,-8.14,$8.02,1.92,$1.69,9.12,$0.59,26.15,$0.04B,$0.08B,0.44,$0.31B,$-0.12B,-2.56,$0.56B,$0.22B,39.64%,$0.56B,$0.07B,12.79%,$0.56B,$0.07B,12.79%,$0.56B,$0.10B,17.30%,$0.56B,$0.06B,10.09%,$0.56B,$0.04B,7.39%,$0.04B,$-0.12B,-41.41%,$0.04B,$-0.22B,-21.03%,$0.04B,$0.33B,12.87%,$0.07B,$0.19B,37.92%,$155,$100,$55,$0,$17,$139,$16,$-5,$12,$2,$10,$10,$10,$23,$16,$64,67,$0.15,$0.15,$4,$3,$0,$36,$141,$0,$101,$30,$298,$334,$80,$311,$64,$375,$455,$1,$-340,$-5,$-121,$334,$10,$7,$3,$9,$2,$0,$-10,$2,$-16,$3,$-4,$0,$-8,$0,$0,$0,$-1,$-14,$22,$3,$25,$-15,$-15,$0,$-2,$9,$-1,$1,$0
3,2017-12-31,13.24,$-1.51,-8.78,$7.45,1.78,$1.77,7.47,$0.56,23.64,$0.04B,$0.10B,0.44,$0.29B,$-0.10B,-2.94,$0.53B,$0.22B,41.29%,$0.53B,$0.07B,13.45%,$0.53B,$0.07B,13.45%,$0.53B,$0.10B,17.99%,$0.53B,$0.06B,10.80%,$0.53B,$0.04B,7.39%,$0.04B,$-0.10B,-45.88%,$0.04B,$-0.19B,-21.91%,$0.04B,$0.32B,12.50%,$0.07B,$0.19B,37.87%,$135,$80,$55,$0,$16,$117,$19,$-4,$15,$2,$13,$13,$13,$25,$19,$68,70,$0.19,$0.20,$5,$3,$0,$41,$140,$0,$95,$27,$282,$324,$95,$286,$40,$326,$421,$1,$-335,$-2,$-97,$324,$40,$24,$23,$48,$-1,$-0,$10,$-12,$-9,$78,$-16,$0,$-12,$0,$0,$0,$2,$-27,$37,$-2,$35,$-82,$-82,$0,$-2,$-49,$2,$9,$0
4,2017-09-30,12.45,$-1.49,-8.38,$7.20,1.73,$1.59,7.84,$0.52,23.94,$0.03B,$0.08B,0.4,$0.29B,$-0.10B,-2.95,$0.52B,$0.22B,41.30%,$0.52B,$0.07B,13.00%,$0.52B,$0.07B,13.00%,$0.52B,$0.09B,17.59%,$0.52B,$0.06B,10.52%,$0.52B,$0.04B,7.07%,$0.04B,$-0.10B,-47.13%,$0.04B,$-0.19B,-21.76%,$0.04B,$0.31B,12.03%,$0.07B,$0.19B,37.16%,$132,$77,$56,$0,$16,$114,$19,$-4,$15,$5,$9,$9,$9,$25,$19,$67,69,$0.14,$0.13,$2,$3,$0,$31,$138,$0,$94,$27,$279,$309,$76,$288,$43,$331,$407,$1,$-348,$-3,$-98,$309,$26,$18,$20,$38,$3,$-0,$-5,$-7,$-21,$44,$-11,$0,$-10,$0,$0,$0,$1,$-20,$41,$0,$41,$-66,$-66,$0,$0,$-25,$-1,$7,$0
5,2017-06-30,11.77,$-1.17,-10.04,$6.96,1.69,$1.52,7.76,$0.52,22.63,$0.03B,$0.08B,0.35,$0.26B,$-0.08B,-3.27,$0.52B,$0.21B,41.23%,$0.52B,$0.07B,12.91%,$0.52B,$0.07B,12.91%,$0.52B,$0.09B,17.34%,$0.52B,$0.06B,10.60%,$0.52B,$0.04B,7.32%,$0.04B,$-0.08B,-56.30%,$0.04B,$-0.17B,-24.05%,$0.04B,$0.31B,12.47%,$0.07B,$0.18B,37.59%,$133,$79,$54,$0,$17,$116,$17,$-3,$14,$5,$9,$9,$9,$23,$17,$69,72,$0.13,$0.12,$2,$3,$1,$28,$136,$0,$93,$27,$279,$307,$81,$261,$44,$306,$387,$1,$-357,$-4,$-80,$307,$17,$12,$13,$25,$4,$-0,$-2,$-1,$-9,$33,$-7,$0,$-7,$0,$0,$0,$1,$-13,$15,$-0,$14,$-35,$-35,$0,$0,$-21,$-1,$4,$0
6,2017-03-31,12.37,$-0.92,-13.43,$6.72,1.84,$1.38,8.98,$0.25,49.48,$0.03B,$0.08B,0.41,$0.25B,$-0.07B,-3.93,$0.51B,$0.21B,41.76%,$0.51B,$0.05B,8.82%,$0.51B,$0.05B,8.82%,$0.51B,$0.07B,13.14%,$0.51B,$0.03B,6.47%,$0.51B,$0.02B,3.33%,$0.02B,$-0.07B,-27.98%,$0.02B,$-0.16B,-11.45%,$0.02B,$0.31B,5.64%,$0.05B,$0.19B,25.79%,$128,$75,$53,$0,$18,$112,$16,$-3,$13,$5,$8,$8,$8,$22,$16,$71,73,$0.12,$0.11,$2,$3,$2,$32,$133,$0,$90,$27,$277,$308,$77,$254,$41,$296,$373,$1,$-366,$-2,$-65,$308,$8,$6,$6,$12,$3,$-0,$-2,$-0,$-12,$8,$-3,$0,$-4,$0,$0,$0,$-0,$-7,$11,$-1,$10,$-12,$-12,$0,$0,$-2,$-1,$2,$0
7,2016-12-31,12.83,$-1.00,-12.87,$6.55,1.96,$1.39,9.25,$0.26,49.35,$0.04B,$0.09B,0.39,$0.24B,$-0.07B,-3.41,$0.51B,$0.21B,42.01%,$0.51B,$0.05B,9.27%,$0.51B,$0.05B,9.27%,$0.51B,$0.07B,13.61%,$0.51B,$0.04B,6.90%,$0.51B,$0.02B,3.75%,$0.02B,$-0.07B,-32.34%,$0.02B,$-0.16B,-13.19%,$0.02B,$0.31B,6.41%,$0.05B,$0.17B,28.10%,$130,$76,$53,$0,$17,$114,$16,$-3,$13,$2,$11,$11,$11,$22,$16,$75,77,$0.15,$0.14,$3,$3,$1,$36,$133,$0,$90,$28,$270,$306,$93,$242,$42,$284,$377,$1,$-383,$-1,$-71,$306,$19,$23,$43,$66,$-3,$0,$5,$1,$-15,$71,$-18,$0,$-14,$0,$0,$0,$-1,$-33,$20,$-0,$20,$-51,$-51,$0,$-7,$-38,$1,$8,$0
8,2016-09-30,10.69,$-0.73,-14.71,$6.34,1.69,$1.36,7.85,$0.21,50.9,$0.03B,$0.07B,0.35,$0.23B,$-0.05B,-4.19,$0.50B,$0.21B,41.72%,$0.50B,$0.05B,9.18%,$0.50B,$0.05B,9.18%,$0.50B,$0.07B,13.57%,$0.50B,$0.03B,6.79%,$0.50B,$0.02B,3.39%,$0.02B,$-0.05B,-30.22%,$0.02B,$-0.14B,-12.25%,$0.02B,$0.30B,5.78%,$0.05B,$0.17B,28.31%,$128,$74,$54,$0,$18,$111,$18,$-3,$15,$5,$10,$10,$10,$23,$18,$75,77,$0.13,$0.13,$2,$3,$0,$26,$132,$0,$89,$26,$272,$298,$74,$225,$52,$278,$351,$1,$-394,$-10,$-54,$298,$8,$17,$39,$56,$3,$0,$-0,$3,$-21,$43,$-13,$0,$-13,$0,$0,$0,$-0,$-26,$6,$-4,$1,$-19,$-19,$0,$0,$-17,$-0,$6,$0
9,2016-06-30,10.73,$-0.69,-15.6,$6.12,1.75,$1.42,7.57,$0.19,56.47,$0.03B,$0.08B,0.41,$0.22B,$-0.05B,-4.15,$0.50B,$0.21B,41.25%,$0.50B,$0.04B,8.85%,$0.50B,$0.04B,8.85%,$0.50B,$0.07B,13.28%,$0.50B,$0.03B,6.44%,$0.50B,$0.02B,3.22%,$0.02B,$-0.05B,-35.75%,$0.02B,$-0.14B,-12.85%,$0.02B,$0.29B,5.47%,$0.04B,$0.17B,27.59%,$124,$72,$53,$0,$16,$129,$-5,$-3,$-8,$4,$-12,$-12,$-12,$0,$-5,$77,77,$-0.15,$-0.15,$7,$3,$0,$30,$126,$0,$82,$25,$263,$293,$75,$218,$52,$271,$346,$1,$-404,$-10,$-53,$293,$-2,$11,$33,$44,$2,$0,$-1,$4,$-20,$23,$-6,$0,$-1,$0,$0,$0,$0,$-7,$1,$-4,$-3,$-7,$-7,$0,$0,$-10,$5,$4,$0
10,2016-03-31,10.36,$-0.75,-13.87,$5.93,1.75,$1.50,6.89,$0.45,23.02,$0.03B,$0.08B,0.39,$0.22B,$-0.06B,-3.8,$0.50B,$0.20B,41.13%,$0.50B,$0.07B,13.31%,$0.50B,$0.07B,13.31%,$0.50B,$0.09B,17.94%,$0.50B,$0.06B,11.09%,$0.50B,$0.04B,7.66%,$0.04B,$-0.06B,-123.58%,$0.04B,$-0.14B,-34.78%,$0.04B,$0.29B,13.09%,$0.07B,$0.16B,41.77%,$125,$72,$53,$0,$17,$106,$18,$-3,$15,$5,$10,$10,$10,$24,$18,$77,79,$0.13,$0.13,$4,$3,$0,$31,$122,$0,$80,$25,$258,$289,$80,$218,$49,$267,$346,$1,$-392,$-28,$-57,$289,$10,$6,$6,$11,$3,$0,$1,$3,$-12,$9,$-2,$0,$-1,$0,$0,$0,$0,$-4,$5,$-4,$1,$-4,$-4,$0,$0,$-3,$2,$2,$0
11,2015-12-31,9.83,$-0.79,-12.47,$5.73,1.72,$1.50,6.54,$0.42,23.4,$0.04B,$0.10B,0.36,$0.21B,$-0.06B,-3.51,$0.49B,$0.20B,40.94%,$0.49B,$0.06B,12.83%,$0.49B,$0.06B,12.83%,$0.49B,$0.09B,17.31%,$0.49B,$0.05B,10.79%,$0.49B,$0.04B,7.54%,$0.04B,$-0.06B,-238.71%,$0.04B,$-0.14B,-39.57%,$0.04B,$0.30B,12.84%,$0.06B,$0.15B,40.32%,$124,$75,$49,$0,$17,$109,$15,$-2,$12,$4,$9,$9,$9,$21,$15,$83,85,$0.11,$0.10,$2,$3,$1,$36,$125,$0,$80,$25,$261,$297,$102,$212,$44,$256,$358,$1,$-402,$-24,$-61,$297,$36,$22,$23,$45,$1,$-0,$2,$-15,$2,$83,$-27,$0,$-6,$0,$0,$0,$-0,$-33,$51,$4,$56,$-92,$-92,$0,$-16,$-52,$-1,$7,$0
12,2015-09-30,11.03,$-0.09,-119.63,$5.72,1.93,$1.43,7.7,$0.43,25.65,$0.06B,$0.07B,0.75,$0.17B,$-0.01B,-22.05,$0.50B,$0.20B,41.13%,$0.50B,$0.06B,12.90%,$0.50B,$0.06B,12.90%,$0.50B,$0.09B,17.34%,$0.50B,$0.06B,11.09%,$0.50B,$0.04B,7.66%,$0.04B,$-0.01B,15200.00%,$0.04B,$-0.09B,-49.03%,$0.04B,$0.29B,13.26%,$0.06B,$0.16B,40.89%,$124,$73,$50,$0,$16,$108,$16,$-3,$13,$4,$9,$9,$9,$21,$16,$83,85,$0.11,$0.11,$9,$3,$0,$56,$117,$0,$78,$24,$234,$290,$74,$166,$57,$223,$297,$1,$-411,$-26,$-8,$290,$27,$16,$17,$33,$5,$0,$1,$-1,$-3,$57,$-18,$0,$-2,$0,$0,$0,$0,$-21,$7,$0,$7,$-37,$-37,$0,$-1,$-31,$6,$6,$0
13,2015-06-30,11.61,$0.03,356.13,$5.61,2.07,$1.33,8.73,$0.42,27.64,$0.05B,$0.07B,0.74,$0.16B,$0.00B,57.98,$0.49B,$0.20B,40.90%,$0.49B,$0.06B,12.88%,$0.49B,$0.06B,12.88%,$0.49B,$0.09B,17.38%,$0.49B,$0.05B,11.04%,$0.49B,$0.04B,7.57%,$0.04B,$0.00B,1345.45%,$0.04B,$-0.07B,-49.33%,$0.04B,$0.29B,12.98%,$0.06B,$0.16B,39.75%,$123,$72,$52,$0,$17,$106,$17,$-2,$15,$5,$10,$10,$10,$23,$17,$84,86,$0.12,$0.11,$5,$3,$0,$51,$113,$0,$77,$28,$234,$285,$70,$157,$55,$212,$282,$1,$-420,$-23,$3,$285,$18,$11,$11,$22,$4,$0,$-0,$1,$-3,$37,$-11,$0,$-2,$0,$0,$0,$-0,$-12,$0,$0,$0,$-21,$-21,$0,$-2,$-22,$2,$4,$0
14,2015-03-31,11.4,$0.05,247.29,$5.47,2.08,$1.21,9.4,$0.40,28.5,$0.05B,$0.07B,0.72,$0.15B,$0.00B,38.48,$0.48B,$0.19B,40.33%,$0.48B,$0.06B,12.68%,$0.48B,$0.06B,12.68%,$0.48B,$0.08B,17.05%,$0.48B,$0.05B,10.81%,$0.48B,$0.04B,7.28%,$0.04B,$0.00B,1750.00%,$0.04B,$-0.07B,-45.90%,$0.04B,$0.28B,12.29%,$0.06B,$0.15B,37.77%,$120,$71,$50,$0,$17,$105,$15,$-2,$13,$5,$9,$9,$9,$20,$15,$85,87,$0.10,$0.10,$2,$3,$0,$50,$108,$0,$77,$26,$232,$281,$69,$150,$58,$208,$277,$1,$-430,$-26,$4,$281,$9,$5,$5,$11,$4,$0,$-0,$-0,$-8,$11,$-3,$0,$0,$0,$0,$0,$0,$-3,$-6,$4,$-2,$-5,$-5,$0,$-2,$-9,$-1,$2,$0
15,2014-12-31,10.31,$0.02,551.34,$5.33,1.93,$1.20,8.58,$0.37,27.86,$0.06B,$0.08B,0.7,$0.15B,$0.00B,95.44,$0.47B,$0.19B,39.32%,$0.47B,$0.06B,12.05%,$0.47B,$0.06B,12.05%,$0.47B,$0.08B,16.70%,$0.47B,$0.05B,10.15%,$0.47B,$0.03B,6.77%,$0.03B,$0.00B,1280.00%,$0.03B,$-0.08B,-42.11%,$0.03B,$0.29B,11.17%,$0.06B,$0.15B,34.29%,$129,$77,$52,$0,$17,$112,$16,$-2,$14,$5,$10,$10,$10,$22,$16,$86,88,$0.11,$0.11,$3,$3,$0,$56,$110,$0,$78,$25,$234,$290,$80,$151,$57,$208,$288,$1,$-438,$-25,$2,$290,$33,$22,$20,$42,$-1,$-0,$2,$-4,$0,$75,$-22,$0,$0,$0,$0,$0,$1,$-21,$-17,$-2,$-19,$-34,$-34,$0,$-0,$-53,$0,$6,$0
16,2014-09-30,7.03,$0.03,245.8,$5.10,1.38,$1.06,6.65,$0.31,22.68,$0.05B,$0.07B,0.64,$0.16B,$0.00B,67.64,$0.46B,$0.18B,38.65%,$0.46B,$0.05B,10.70%,$0.46B,$0.05B,10.70%,$0.46B,$0.07B,15.50%,$0.46B,$0.04B,8.52%,$0.46B,$0.03B,5.68%,$0.03B,$0.00B,650.00%,$0.03B,$-0.08B,-34.78%,$0.03B,$0.28B,9.03%,$0.05B,$0.17B,28.57%,$117,$71,$46,$0,$13,$102,$15,$-2,$12,$4,$8,$8,$8,$20,$15,$85,87,$0.10,$0.10,$1,$3,$0,$47,$109,$0,$78,$26,$237,$284,$74,$164,$44,$208,$282,$1,$-448,$-17,$2,$284,$23,$16,$12,$28,$2,$0,$2,$-3,$-3,$48,$-18,$0,$0,$0,$0,$0,$1,$-17,$-4,$2,$-2,$-31,$-31,$0,$0,$-33,$-1,$3,$0
17,2014-06-30,6.52,$-0.00,-32600.0,$5.03,1.3,$1.11,5.89,$0.29,22.48,$0.05B,$0.07B,0.68,$0.17B,$0.00B,-12316.5,$0.46B,$0.18B,38.43%,$0.46B,$0.05B,10.48%,$0.46B,$0.05B,10.48%,$0.46B,$0.07B,15.28%,$0.46B,$0.04B,8.30%,$0.46B,$0.03B,5.46%,$0.03B,$0.00B,714.29%,$0.03B,$-0.08B,-33.00%,$0.03B,$0.28B,8.56%,$0.05B,$0.17B,27.91%,$115,$69,$46,$0,$14,$100,$15,$-2,$13,$5,$8,$8,$8,$20,$15,$87,88,$0.10,$0.09,$1,$3,$0,$45,$108,$0,$79,$26,$239,$284,$67,$172,$45,$217,$284,$1,$-456,$-17,$-0,$284,$15,$11,$8,$19,$3,$0,$3,$0,$-4,$30,$-14,$0,$0,$0,$0,$0,$1,$-13,$6,$-1,$5,$-24,$-24,$0,$-0,$-19,$-2,$2,$0
18,2014-03-31,6.43,$0.07,98.62,$4.98,1.29,$1.12,5.72,$0.27,23.81,$0.05B,$0.07B,0.67,$0.17B,$0.01B,29.17,$0.46B,$0.18B,38.04%,$0.46B,$0.05B,10.00%,$0.46B,$0.05B,10.00%,$0.46B,$0.07B,14.78%,$0.46B,$0.03B,7.39%,$0.46B,$0.02B,5.00%,$0.02B,$0.01B,575.00%,$0.02B,$-0.07B,-30.56%,$0.02B,$0.29B,7.76%,$0.05B,$0.17B,26.74%,$112,$70,$42,$0,$14,$101,$11,$-2,$9,$3,$6,$6,$6,$17,$11,$89,91,$0.07,$0.07,$1,$3,$0,$47,$106,$0,$79,$26,$241,$288,$70,$167,$45,$212,$282,$1,$-465,$-17,$6,$288,$6,$5,$4,$9,$3,$-0,$3,$-0,$-2,$13,$-7,$0,$0,$0,$0,$0,$0,$-6,$1,$-0,$1,$-9,$-9,$0,$-1,$-8,$-2,$1,$0
19,2013-12-31,7.19,$0.09,76.08,$4.96,1.45,$1.10,6.54,$0.27,26.63,$0.05B,$0.07B,0.73,$0.17B,$0.01B,19.68,$0.46B,$0.18B,38.53%,$0.46B,$0.05B,10.39%,$0.46B,$0.05B,10.39%,$0.46B,$0.07B,15.15%,$0.46B,$0.04B,7.79%,$0.46B,$0.02B,5.19%,$0.02B,$0.01B,800.00%,$0.02B,$-0.07B,-31.37%,$0.02B,$0.30B,7.95%,$0.05B,$0.17B,27.83%,$114,$71,$43,$0,$14,$106,$8,$-3,$5,$1,$4,$4,$4,$14,$8,$91,93,$0.04,$0.04,$3,$3,$0,$54,$106,$0,$79,$27,$242,$296,$74,$166,$47,$213,$287,$1,$-471,$-17,$8,$296,$25,$22,$23,$45,$0,$0,$-6,$-4,$-12,$57,$-15,$0,$-4,$0,$0,$0,$3,$-16,$-21,$-5,$-26,$-22,$-22,$0,$-3,$-51,$-11,$5,$0
20,2013-09-30,6.11,$0.00,1420.93,$4.93,1.24,$1.28,4.79,$0.29,21.07,$0.05B,$0.07B,0.68,$0.17B,$0.00B,436.8,$0.46B,$0.18B,38.79%,$0.46B,$0.05B,11.21%,$0.46B,$0.05B,11.21%,$0.46B,$0.07B,15.73%,$0.46B,$0.04B,8.62%,$0.46B,$0.03B,5.60%,$0.03B,$0.00B,inf%,$0.03B,$-0.08B,-32.50%,$0.03B,$0.30B,8.41%,$0.05B,$0.17B,30.19%,$117,$73,$45,$0,$14,$104,$14,$-2,$11,$4,$7,$7,$7,$19,$14,$90,92,$0.08,$0.08,$6,$3,$0,$50,$105,$0,$80,$27,$249,$300,$74,$168,$57,$225,$300,$1,$-475,$-23,$0,$300,$20,$16,$15,$31,$4,$0,$-3,$-2,$-7,$45,$-8,$0,$-4,$0,$0,$0,$2,$-9,$-18,$-2,$-20,$-20,$-20,$0,$-2,$-43,$-7,$3,$0
21,2013-06-30,5.62,$0.03,207.38,$4.91,1.15,$1.40,4.03,$0.27,20.81,$0.05B,$0.07B,0.65,$0.17B,$0.00B,68.87,$0.47B,$0.18B,38.89%,$0.47B,$0.05B,10.68%,$0.47B,$0.05B,10.68%,$0.47B,$0.07B,15.17%,$0.47B,$0.04B,8.12%,$0.47B,$0.02B,5.13%,$0.02B,$0.00B,9600.00%,$0.02B,$-0.08B,-30.09%,$0.02B,$0.30B,7.60%,$0.05B,$0.17B,28.45%,$117,$72,$45,$0,$14,$104,$13,$-4,$9,$3,$6,$6,$6,$18,$13,$92,94,$0.07,$0.07,$2,$3,$1,$48,$104,$0,$80,$29,$254,$301,$74,$169,$56,$225,$299,$1,$-482,$-22,$2,$301,$13,$11,$11,$21,$2,$0,$-3,$-1,$-10,$24,$-5,$0,$-3,$0,$0,$0,$2,$-7,$-15,$-2,$-17,$-10,$-10,$0,$-2,$-29,$-12,$2,$0
22,2013-03-31,5.78,$0.02,293.15,$4.94,1.17,$1.55,3.72,$0.25,23.1,$0.06B,$0.08B,0.71,$0.17B,$0.00B,94.98,$0.48B,$0.19B,38.87%,$0.48B,$0.06B,11.76%,$0.48B,$0.06B,11.76%,$0.48B,$0.08B,16.39%,$0.48B,$0.04B,7.77%,$0.48B,$0.02B,4.83%,$0.02B,$0.00B,-2300.00%,$0.02B,$-0.08B,-28.31%,$0.02B,$0.31B,7.13%,$0.06B,$0.18B,31.28%,$114,$69,$45,$0,$15,$101,$13,$-3,$11,$4,$7,$7,$7,$19,$13,$92,94,$0.08,$0.07,$10,$3,$0,$56,$105,$0,$80,$25,$255,$311,$79,$173,$57,$230,$309,$1,$-488,$-25,$2,$311,$7,$5,$5,$10,$2,$-0,$-3,$-1,$-10,$7,$-3,$0,$0,$0,$0,$0,$1,$-2,$-5,$-1,$-6,$-2,$-2,$0,$-1,$-9,$-3,$1,$0
23,2012-12-31,4.88,$-0.05,-100.83,$5.02,0.97,$1.61,3.03,$0.24,20.33,$0.07B,$0.09B,0.7,$0.18B,$-0.00B,-39.79,$0.49B,$0.19B,38.45%,$0.49B,$0.06B,11.66%,$0.49B,$0.06B,11.66%,$0.49B,$0.08B,16.16%,$0.49B,$0.04B,7.36%,$0.49B,$0.02B,4.50%,$0.02B,$-0.00B,-977.78%,$0.02B,$-0.09B,-26.59%,$0.02B,$0.33B,6.69%,$0.06B,$0.17B,30.73%,$116,$71,$45,$0,$15,$104,$12,$-3,$9,$2,$6,$6,$6,$17,$12,$95,97,$0.06,$0.06,$14,$3,$0,$65,$107,$0,$80,$25,$260,$325,$92,$177,$60,$238,$329,$1,$-496,$-25,$-4,$325,$22,$23,$23,$46,$-2,$1,$-1,$-4,$-9,$59,$1,$0,$-1,$0,$0,$0,$-3,$-4,$-33,$-1,$-34,$-19,$-19,$0,$-2,$-56,$-0,$3,$0
24,2012-09-30,4.84,$0.01,806.67,$5.13,0.94,$1.51,3.21,$1.11,4.36,$0.07B,$0.09B,0.8,$0.18B,$0.00B,324.14,$0.50B,$0.19B,37.97%,$0.50B,$0.06B,11.33%,$0.50B,$0.06B,11.33%,$0.50B,$0.08B,16.10%,$0.50B,$0.03B,6.76%,$0.50B,$0.11B,21.47%,$0.11B,$0.00B,-2880.00%,$0.11B,$-0.08B,-128.19%,$0.11B,$0.33B,32.19%,$0.06B,$0.18B,29.57%,$121,$74,$47,$0,$15,$109,$12,$-3,$9,$3,$5,$5,$5,$17,$12,$95,97,$0.06,$0.06,$24,$3,$2,$68,$103,$0,$80,$25,$258,$326,$85,$182,$57,$240,$325,$1,$-502,$-24,$1,$326,$16,$18,$19,$37,$1,$1,$-5,$-3,$-9,$44,$6,$0,$0,$0,$0,$0,$-0,$6,$-26,$-3,$-29,$-8,$-8,$0,$-3,$-40,$10,$3,$0
25,2012-06-30,4.42,$-0.03,-151.37,$5.27,0.84,$1.38,3.21,$1.13,3.91,$0.06B,$0.08B,0.76,$0.19B,$-0.00B,-67.82,$0.52B,$0.20B,37.76%,$0.52B,$0.06B,11.37%,$0.52B,$0.06B,11.37%,$0.52B,$0.09B,16.38%,$0.52B,$0.03B,6.36%,$0.52B,$0.11B,21.39%,$0.11B,$-0.00B,-400.00%,$0.11B,$-0.08B,-102.07%,$0.11B,$0.33B,34.23%,$0.06B,$0.19B,32.91%,$125,$77,$48,$0,$15,$106,$19,$-11,$8,$3,$5,$5,$5,$25,$19,$96,97,$0.05,$0.05,$21,$3,$0,$64,$103,$0,$80,$30,$265,$329,$84,$188,$59,$247,$332,$1,$-507,$-24,$-3,$329,$10,$13,$12,$25,$1,$0,$-6,$1,$-9,$26,$9,$0,$0,$0,$0,$0,$0,$9,$-17,$-3,$-20,$-5,$-5,$0,$-3,$-28,$7,$2,$0
26,2012-03-31,4.04,$-0.03,-146.91,$5.34,0.76,$1.22,3.32,$1.16,3.48,$0.06B,$0.08B,0.78,$0.20B,$-0.00B,-76.88,$0.53B,$0.20B,37.36%,$0.53B,$0.05B,10.19%,$0.53B,$0.05B,10.19%,$0.53B,$0.08B,15.28%,$0.53B,$0.03B,6.42%,$0.53B,$0.11B,21.51%,$0.11B,$-0.00B,-219.23%,$0.11B,$-0.08B,-85.55%,$0.11B,$0.34B,36.33%,$0.05B,$0.20B,32.43%,$127,$78,$48,$0,$16,$113,$14,$-4,$10,$4,$6,$6,$6,$20,$14,$96,98,$0.06,$0.06,$14,$3,$4,$59,$107,$0,$81,$29,$277,$336,$75,$203,$60,$264,$339,$1,$-512,$-25,$-3,$336,$6,$7,$4,$10,$2,$0,$-5,$1,$-8,$8,$2,$0,$0,$0,$0,$0,$1,$2,$-9,$-2,$-11,$0,$0,$0,$-0,$-11,$-0,$1,$0
27,2011-12-31,3.76,$-0.10,-37.3,$5.38,0.7,$1.22,3.07,$1.14,3.3,$0.06B,$0.09B,0.7,$0.21B,$-0.01B,-21.84,$0.54B,$0.20B,36.73%,$0.54B,$0.05B,9.46%,$0.54B,$0.05B,9.46%,$0.54B,$0.08B,14.84%,$0.54B,$0.03B,5.19%,$0.54B,$0.11B,20.78%,$0.11B,$-0.01B,-145.93%,$0.11B,$-0.09B,-70.66%,$0.11B,$0.35B,36.84%,$0.05B,$0.20B,33.66%,$130,$82,$48,$0,$14,$118,$12,$-5,$7,$-85,$92,$92,$92,$19,$12,$98,100,$0.95,$0.93,$14,$3,$2,$61,$113,$0,$82,$28,$289,$351,$87,$211,$62,$273,$360,$1,$-518,$-25,$-10,$351,$112,$30,$-77,$-47,$2,$1,$2,$-6,$-6,$60,$-7,$-2,$0,$0,$0,$0,$1,$-8,$-46,$-0,$-46,$-17,$-17,$0,$-4,$-67,$-15,$4,$0
28,2011-09-30,3.33,$-0.99,-3.36,$5.41,0.62,$0.99,3.35,$0.23,14.48,$0.04B,$0.08B,0.53,$0.22B,$-0.10B,-2.35,$0.55B,$0.20B,36.51%,$0.55B,$0.05B,9.72%,$0.55B,$0.05B,9.72%,$0.55B,$0.08B,15.23%,$0.55B,$0.02B,4.40%,$0.55B,$0.02B,4.22%,$0.02B,$-0.10B,-22.94%,$0.02B,$-0.18B,-12.60%,$0.02B,$0.28B,7.82%,$0.05B,$0.13B,38.34%,$137,$85,$52,$0,$13,$123,$14,$-6,$8,$0,$8,$8,$8,$21,$14,$97,99,$0.08,$0.08,$15,$4,$2,$44,$121,$0,$81,$28,$236,$281,$84,$224,$54,$292,$376,$1,$-610,$-19,$-95,$281,$20,$23,$6,$29,$4,$1,$-2,$-4,$-3,$47,$-8,$0,$0,$0,$0,$0,$1,$-7,$-33,$-1,$-35,$-14,$-14,$0,$-5,$-54,$-14,$3,$0
29,2011-06-30,3.88,$-1.02,-3.8,$5.41,0.72,$0.88,4.41,$0.25,15.52,$0.04B,$0.08B,0.52,$0.23B,$-0.10B,-2.35,$0.55B,$0.20B,36.68%,$0.55B,$0.06B,10.22%,$0.55B,$0.06B,10.22%,$0.55B,$0.09B,15.88%,$0.55B,$0.03B,4.74%,$0.55B,$0.03B,4.56%,$0.03B,$-0.10B,-24.51%,$0.03B,$-0.18B,-13.51%,$0.03B,$0.29B,8.28%,$0.06B,$0.13B,38.62%,$136,$86,$50,$0,$14,$122,$14,$-5,$9,$0,$8,$8,$8,$21,$14,$98,101,$0.08,$0.08,$13,$4,$1,$43,$125,$0,$82,$29,$243,$287,$83,$234,$56,$303,$386,$1,$-618,$-19,$-100,$287,$12,$15,$3,$19,$2,$0,$0,$-3,$-6,$25,$-5,$0,$0,$0,$0,$0,$0,$-5,$-22,$-1,$-23,$-10,$-10,$0,$-4,$-37,$-16,$2,$0
30,2011-03-31,4.06,$-1.03,-3.92,$5.39,0.75,$0.76,5.36,$0.22,18.45,$0.05B,$0.09B,0.57,$0.24B,$-0.10B,-2.38,$0.55B,$0.20B,36.56%,$0.55B,$0.06B,10.05%,$0.55B,$0.06B,10.05%,$0.55B,$0.09B,15.72%,$0.55B,$0.02B,4.20%,$0.55B,$0.02B,4.02%,$0.02B,$-0.10B,-20.90%,$0.02B,$-0.19B,-11.61%,$0.02B,$0.30B,7.22%,$0.06B,$0.14B,37.16%,$136,$88,$48,$0,$14,$124,$11,$-7,$4,$0,$4,$4,$4,$19,$11,$99,101,$0.04,$0.04,$19,$4,$1,$49,$128,$0,$83,$29,$248,$297,$86,$244,$56,$313,$399,$1,$-626,$-19,$-102,$297,$4,$8,$2,$10,$2,$0,$-1,$-2,$1,$15,$-3,$0,$0,$0,$0,$0,$0,$-3,$-11,$-3,$-14,$-3,$-3,$0,$-4,$-21,$-10,$1,$0
31,2010-12-31,3.58,$-1.05,-3.42,$5.42,0.66,$0.76,4.7,$0.23,15.57,$0.06B,$0.09B,0.69,$0.25B,$-0.10B,-2.44,$0.55B,$0.20B,36.43%,$0.55B,$0.06B,10.02%,$0.55B,$0.06B,10.02%,$0.55B,$0.09B,15.66%,$0.55B,$0.02B,4.37%,$0.55B,$0.02B,4.19%,$0.02B,$-0.10B,-21.00%,$0.02B,$-0.19B,-11.81%,$0.02B,$0.31B,7.45%,$0.06B,$0.15B,36.67%,$136,$87,$49,$0,$15,$122,$14,$-11,$3,$0,$3,$3,$3,$22,$14,$99,101,$0.03,$0.02,$29,$4,$2,$62,$130,$0,$83,$31,$249,$311,$90,$253,$58,$325,$415,$1,$-630,$-19,$-104,$311,$23,$31,$3,$34,$-2,$0,$1,$-8,$-18,$38,$-9,$0,$0,$0,$0,$0,$3,$-5,$-23,$0,$-22,$0,$0,$0,$-8,$-30,$3,$3,$0
32,2010-09-30,3.11,$-1.03,-3.02,$5.51,0.56,$1.03,3.01,$0.38,8.18,$0.08B,$0.09B,0.88,$0.26B,$-0.10B,-2.52,$0.55B,$0.21B,37.07%,$0.55B,$0.07B,11.75%,$0.55B,$0.07B,11.75%,$0.55B,$0.10B,17.36%,$0.55B,$0.04B,7.05%,$0.55B,$0.04B,6.87%,$0.04B,$-0.10B,-32.97%,$0.04B,$-0.19B,-18.84%,$0.04B,$0.31B,12.29%,$0.07B,$0.16B,43.48%,$140,$86,$54,$0,$14,$123,$17,$-7,$10,$0,$10,$10,$10,$25,$17,$100,101,$0.10,$0.10,$41,$4,$7,$76,$118,$0,$85,$31,$237,$313,$87,$258,$57,$328,$415,$1,$-633,$-18,$-102,$313,$20,$23,$1,$24,$2,$0,$-1,$-8,$-12,$32,$-3,$0,$0,$0,$0,$0,$3,$-0,$-18,$-3,$-20,$3,$3,$0,$-0,$-17,$14,$2,$0
33,2010-06-30,2.6,$-1.14,-2.29,$5.60,0.46,$1.11,2.33,$0.38,6.84,$0.05B,$0.08B,0.7,$0.26B,$-0.11B,-2.3,$0.56B,$0.21B,37.03%,$0.56B,$0.07B,11.99%,$0.56B,$0.07B,11.99%,$0.56B,$0.10B,17.53%,$0.56B,$0.04B,7.16%,$0.56B,$0.04B,6.80%,$0.04B,$-0.11B,-30.04%,$0.04B,$-0.20B,-17.65%,$0.04B,$0.30B,12.11%,$0.07B,$0.15B,45.04%,$135,$86,$49,$0,$13,$122,$13,$-7,$6,$0,$5,$5,$5,$20,$13,$99,102,$0.05,$0.05,$22,$4,$3,$54,$123,$0,$86,$31,$242,$297,$77,$259,$60,$332,$410,$1,$-643,$-18,$-113,$297,$10,$15,$2,$17,$2,$0,$-2,$-6,$-16,$11,$-3,$0,$0,$0,$0,$0,$3,$-0,$-17,$-2,$-19,$3,$3,$0,$0,$-15,$-5,$1,$0
34,2010-03-31,3.85,$-1.20,-3.21,$5.86,0.66,$1.17,3.3,$0.42,9.17,$0.07B,$0.09B,0.73,$0.27B,$-0.12B,-2.26,$0.58B,$0.21B,36.90%,$0.58B,$0.07B,12.24%,$0.58B,$0.07B,12.24%,$0.58B,$0.10B,17.93%,$0.58B,$0.04B,7.59%,$0.58B,$0.04B,7.24%,$0.04B,$-0.12B,-30.49%,$0.04B,$-0.21B,-18.34%,$0.04B,$0.31B,13.05%,$0.07B,$0.15B,47.33%,$138,$90,$48,$0,$13,$126,$11,$-6,$5,$0,$5,$5,$5,$19,$11,$97,100,$0.05,$0.05,$34,$4,$3,$66,$126,$0,$87,$33,$248,$314,$90,$268,$61,$342,$433,$1,$-648,$-18,$-119,$314,$5,$8,$2,$10,$3,$0,$6,$-4,$0,$15,$-3,$0,$0,$0,$0,$0,$2,$-1,$-6,$-3,$-9,$3,$3,$0,$0,$-6,$7,$1,$0
35,2009-12-31,2.19,$-1.32,-1.66,$6.18,0.35,$1.10,2.0,$0.41,5.34,$0.06B,$0.09B,0.63,$0.27B,$-0.13B,-2.15,$0.61B,$0.22B,36.35%,$0.61B,$0.07B,11.84%,$0.61B,$0.07B,11.84%,$0.61B,$0.11B,17.43%,$0.61B,$0.04B,7.07%,$0.61B,$0.04B,6.74%,$0.04B,$-0.13B,-27.29%,$0.04B,$-0.22B,-16.80%,$0.04B,$0.31B,12.52%,$0.07B,$0.15B,47.76%,$140,$87,$54,$0,$13,$116,$24,$-6,$18,$0,$18,$18,$18,$32,$24,$96,98,$0.19,$0.19,$27,$4,$0,$58,$131,$0,$88,$33,$254,$313,$92,$274,$61,$348,$440,$1,$-653,$-18,$-127,$313,$42,$33,$-11,$22,$-1,$1,$-1,$-11,$-30,$33,$22,$0,$0,$0,$0,$0,$2,$24,$-50,$-1,$-51,$0,$0,$0,$-0,$-52,$5,$5,$0
36,2009-09-30,2.66,$-1.52,-1.75,$6.62,0.4,$0.84,3.17,$0.20,13.3,$0.07B,$0.10B,0.69,$0.30B,$-0.15B,-2.04,$0.65B,$0.23B,35.22%,$0.65B,$0.06B,8.88%,$0.65B,$0.06B,8.88%,$0.65B,$0.09B,14.40%,$0.65B,$0.02B,3.37%,$0.65B,$0.02B,2.76%,$0.02B,$-0.15B,-11.03%,$0.02B,$-0.24B,-6.96%,$0.02B,$0.33B,5.38%,$0.06B,$0.15B,38.73%,$146,$90,$56,$0,$14,$127,$19,$-8,$11,$1,$10,$10,$10,$27,$19,$97,99,$0.10,$0.10,$30,$4,$5,$66,$135,$0,$94,$33,$265,$331,$96,$300,$69,$382,$477,$1,$-665,$-24,$-147,$331,$24,$25,$-3,$22,$3,$1,$-3,$-11,$-19,$27,$8,$0,$0,$0,$0,$0,$0,$8,$-23,$-4,$-27,$0,$0,$0,$-0,$-27,$9,$4,$0
37,2009-06-30,2.15,$-1.64,-1.31,$7.07,0.3,$0.66,3.24,$0.21,10.24,$0.06B,$0.10B,0.59,$0.31B,$-0.16B,-1.96,$0.70B,$0.24B,34.63%,$0.70B,$0.06B,8.62%,$0.70B,$0.06B,8.62%,$0.70B,$0.10B,14.08%,$0.70B,$0.02B,3.16%,$0.70B,$0.02B,2.73%,$0.02B,$-0.16B,-11.41%,$0.02B,$-0.25B,-7.22%,$0.02B,$0.33B,5.56%,$0.06B,$0.15B,38.96%,$156,$100,$56,$0,$16,$138,$17,$-7,$10,$1,$9,$9,$9,$26,$17,$96,98,$0.10,$0.09,$20,$4,$18,$56,$141,$0,$96,$34,$273,$329,$95,$308,$71,$392,$487,$1,$-675,$-24,$-158,$329,$14,$17,$-1,$16,$1,$1,$-3,$-9,$-22,$7,$5,$0,$0,$0,$0,$0,$0,$5,$-12,$-2,$-14,$0,$0,$0,$0,$-14,$-1,$3,$0
38,2009-03-31,1.67,$-1.76,-0.95,$7.42,0.23,$0.64,2.61,$0.15,11.13,$0.05B,$0.10B,0.53,$0.32B,$-0.17B,-1.9,$0.73B,$0.25B,34.11%,$0.73B,$0.05B,7.40%,$0.73B,$0.05B,7.40%,$0.73B,$0.09B,12.74%,$0.73B,$0.02B,2.05%,$0.73B,$0.01B,1.78%,$0.01B,$-0.17B,-7.65%,$0.01B,$-0.27B,-4.85%,$0.01B,$0.34B,3.74%,$0.05B,$0.15B,34.56%,$166,$110,$55,$0,$14,$154,$12,$-8,$4,$-0,$4,$4,$4,$21,$12,$96,98,$0.04,$0.04,$22,$5,$4,$53,$149,$0,$97,$34,$284,$337,$101,$321,$71,$405,$505,$1,$-685,$-25,$-169,$337,$4,$9,$1,$10,$2,$1,$-2,$-3,$-9,$5,$-1,$0,$0,$0,$0,$0,$0,$-1,$-1,$-3,$-4,$0,$0,$0,$0,$-4,$1,$1,$0
39,2008-12-31,1.99,$-1.87,-1.06,$7.71,0.26,$0.55,3.6,$0.16,12.44,$0.05B,$0.11B,0.5,$0.32B,$-0.18B,-1.8,$0.76B,$0.26B,33.68%,$0.76B,$0.06B,8.03%,$0.76B,$0.06B,8.03%,$0.76B,$0.10B,13.42%,$0.76B,$0.02B,2.11%,$0.76B,$0.01B,1.71%,$0.01B,$-0.18B,-7.57%,$0.01B,$-0.27B,-4.79%,$0.01B,$0.34B,3.62%,$0.06B,$0.14B,37.89%,$185,$121,$63,$0,$15,$174,$10,$-13,$-3,$2,$-5,$-5,$-5,$20,$10,$95,99,$-0.05,$-0.05,$21,$5,$2,$53,$160,$0,$93,$31,$288,$342,$107,$323,$79,$414,$521,$1,$-694,$-25,$-179,$342,$13,$41,$6,$47,$-1,$1,$-15,$-12,$-39,$20,$10,$0,$0,$0,$0,$0,$0,$10,$-30,$-1,$-32,$1,$1,$0,$0,$-31,$-1,$4,$0
40,2008-09-30,2.58,$-1.67,-1.55,$8.07,0.32,$1.26,2.05,$0.36,7.17,$0.05B,$0.11B,0.48,$0.33B,$-0.16B,-2.07,$0.80B,$0.26B,32.96%,$0.80B,$0.08B,9.94%,$0.80B,$0.08B,9.94%,$0.80B,$0.12B,15.35%,$0.80B,$0.04B,4.53%,$0.80B,$0.03B,3.90%,$0.03B,$-0.16B,-17.97%,$0.03B,$-0.26B,-11.27%,$0.03B,$0.36B,8.44%,$0.08B,$0.17B,47.45%,$189,$123,$67,$0,$15,$169,$21,$-9,$11,$1,$11,$11,$11,$31,$21,$95,98,$0.11,$0.11,$21,$5,$3,$54,$168,$0,$100,$31,$304,$358,$112,$330,$63,$405,$517,$1,$-686,$-12,$-160,$358,$18,$31,$-4,$27,$3,$1,$-9,$-16,$-37,$8,$10,$0,$0,$0,$0,$0,$0,$10,$-19,$-0,$-19,$1,$1,$0,$0,$-18,$-0,$3,$0
41,2008-06-30,2.84,$-1.81,-1.57,$8.59,0.33,$1.60,1.78,$0.30,9.47,$0.04B,$0.12B,0.36,$0.33B,$-0.17B,-1.93,$0.85B,$0.27B,32.11%,$0.85B,$0.07B,8.74%,$0.85B,$0.07B,8.74%,$0.85B,$0.12B,14.05%,$0.85B,$0.03B,3.54%,$0.85B,$0.03B,2.95%,$0.03B,$-0.17B,-13.68%,$0.03B,$-0.27B,-8.67%,$0.03B,$0.36B,6.56%,$0.07B,$0.16B,42.65%,$190,$127,$64,$0,$16,$180,$11,$-7,$3,$0,$3,$3,$3,$21,$11,$95,99,$0.03,$0.03,$12,$6,$2,$42,$177,$0,$102,$30,$313,$355,$116,$332,$67,$411,$527,$1,$-696,$-13,$-172,$355,$7,$21,$-1,$20,$2,$1,$-7,$-7,$-20,$7,$3,$0,$0,$0,$0,$0,$0,$3,$-18,$-3,$-20,$1,$1,$0,$0,$-20,$-10,$2,$0
42,2008-03-31,2.98,$-1.86,-1.6,$9.10,0.33,$1.95,1.53,$0.39,7.64,$0.06B,$0.13B,0.5,$0.35B,$-0.18B,-1.97,$0.90B,$0.28B,31.29%,$0.90B,$0.09B,9.58%,$0.90B,$0.09B,9.58%,$0.90B,$0.13B,14.92%,$0.90B,$0.04B,4.45%,$0.90B,$0.03B,3.67%,$0.03B,$-0.18B,-17.23%,$0.03B,$-0.28B,-11.01%,$0.03B,$0.38B,8.20%,$0.09B,$0.17B,45.81%,$196,$134,$62,$0,$16,$177,$19,$-15,$5,$1,$4,$4,$4,$30,$19,$95,98,$0.04,$0.04,$19,$6,$4,$63,$181,$0,$103,$28,$317,$380,$127,$347,$70,$430,$557,$1,$-700,$-13,$-176,$380,$4,$11,$-3,$7,$0,$0,$-6,$-5,$-10,$1,$-5,$0,$0,$0,$0,$0,$0,$-5,$-2,$2,$1,$0,$0,$0,$0,$1,$-3,$1,$0
43,2007-12-31,3.75,$-1.93,-1.95,$9.50,0.39,$2.15,1.75,$0.35,10.71,$0.06B,$0.13B,0.44,$0.35B,$-0.18B,-1.9,$0.94B,$0.29B,30.67%,$0.94B,$0.08B,8.52%,$0.94B,$0.08B,8.52%,$0.94B,$0.13B,13.84%,$0.94B,$0.04B,3.83%,$0.94B,$0.03B,3.19%,$0.03B,$-0.18B,-14.80%,$0.03B,$-0.29B,-9.54%,$0.03B,$0.38B,7.17%,$0.08B,$0.17B,40.25%,$220,$151,$69,$0,$18,$192,$28,$-11,$17,$4,$13,$13,$13,$40,$28,$94,99,$0.14,$0.13,$22,$6,$7,$58,$185,$0,$105,$25,$319,$377,$131,$347,$70,$428,$560,$1,$-704,$-13,$-182,$377,$29,$51,$-20,$31,$1,$2,$2,$-12,$-10,$50,$50,$0,$-2,$0,$0,$0,$0,$48,$-102,$-2,$-104,$2,$2,$0,$-0,$-103,$-5,$5,$0
44,2007-09-30,4.0,$-2.14,-1.87,$9.78,0.41,$2.15,1.86,$0.20,20.0,$0.06B,$0.13B,0.49,$0.40B,$-0.20B,-1.98,$0.96B,$0.30B,30.84%,$0.96B,$0.08B,7.79%,$0.96B,$0.08B,7.79%,$0.96B,$0.13B,13.19%,$0.96B,$0.02B,2.28%,$0.96B,$0.02B,1.97%,$0.02B,$-0.20B,-8.91%,$0.02B,$-0.31B,-5.79%,$0.02B,$0.41B,4.37%,$0.08B,$0.20B,35.42%,$241,$164,$77,$0,$16,$226,$16,$-11,$5,$0,$5,$5,$5,$28,$16,$94,99,$0.05,$0.05,$29,$8,$4,$63,$208,$0,$112,$24,$350,$413,$129,$399,$75,$485,$614,$1,$-717,$-16,$-201,$413,$17,$38,$-9,$29,$3,$1,$-3,$-9,$-10,$35,$16,$0,$-2,$0,$0,$0,$0,$14,$-46,$-1,$-47,$1,$1,$0,$-0,$-47,$3,$3,$0
45,2007-06-30,4.45,$-2.21,-2.01,$10.01,0.44,$2.44,1.82,$0.41,10.85,$0.08B,$0.13B,0.6,$0.42B,$-0.21B,-2.05,$0.98B,$0.30B,30.92%,$0.98B,$0.12B,11.73%,$0.98B,$0.12B,11.73%,$0.98B,$0.17B,17.24%,$0.98B,$0.06B,5.71%,$0.98B,$0.04B,4.08%,$0.04B,$-0.21B,-18.12%,$0.04B,$-0.32B,-11.87%,$0.04B,$0.44B,8.98%,$0.12B,$0.22B,52.69%,$241,$168,$73,$0,$17,$218,$23,$-11,$13,$2,$11,$11,$11,$36,$23,$94,99,$0.11,$0.11,$47,$8,$4,$80,$216,$0,$113,$24,$359,$439,$134,$424,$76,$512,$646,$1,$-723,$-16,$-207,$439,$12,$26,$-10,$16,$1,$0,$-1,$-4,$1,$29,$16,$0,$-2,$0,$0,$0,$0,$14,$-19,$-3,$-22,$1,$1,$0,$-0,$-22,$21,$2,$0
46,2007-03-31,4.9,$-2.36,-2.07,$10.07,0.49,$2.12,2.32,$0.31,15.81,$0.07B,$0.14B,0.52,$0.44B,$-0.22B,-1.97,$0.98B,$0.31B,31.26%,$0.98B,$0.11B,11.10%,$0.98B,$0.11B,11.10%,$0.98B,$0.17B,16.80%,$0.98B,$0.05B,4.58%,$0.98B,$0.03B,3.16%,$0.03B,$-0.22B,-13.28%,$0.03B,$-0.34B,-8.82%,$0.03B,$0.44B,6.73%,$0.11B,$0.22B,46.33%,$237,$168,$69,$0,$16,$224,$13,$-11,$1,$0,$1,$1,$1,$26,$13,$93,99,$0.01,$0.01,$35,$8,$5,$72,$227,$0,$117,$22,$372,$444,$139,$436,$78,$526,$665,$1,$-734,$-17,$-221,$444,$1,$13,$-1,$12,$1,$-0,$-2,$9,$1,$15,$1,$0,$-2,$0,$0,$0,$0,$-1,$-6,$1,$-5,$1,$1,$0,$-0,$-4,$9,$1,$0
47,2006-12-31,4.71,$-2.40,-1.96,$10.24,0.46,$1.99,2.37,$0.31,15.19,$0.06B,$0.14B,0.47,$0.44B,$-0.22B,-1.97,$0.99B,$0.32B,31.82%,$0.99B,$0.11B,11.18%,$0.99B,$0.11B,11.18%,$0.99B,$0.17B,17.02%,$0.99B,$0.05B,4.53%,$0.99B,$0.03B,3.12%,$0.03B,$-0.22B,-12.73%,$0.03B,$-0.34B,-8.55%,$0.03B,$0.44B,6.52%,$0.11B,$0.22B,43.96%,$244,$167,$78,$0,$17,$222,$23,$-20,$3,$1,$2,$2,$2,$37,$23,$92,97,$0.02,$0.02,$26,$8,$5,$63,$236,$0,$117,$22,$381,$444,$136,$441,$79,$532,$668,$1,$-735,$-17,$-224,$444,$30,$59,$-19,$39,$-2,$0,$-2,$-13,$-30,$40,$58,$0,$-1,$0,$0,$0,$5,$62,$-105,$0,$-105,$2,$2,$0,$-1,$-105,$-2,$8,$0
