,Date,Stock Price,Book Value per Share,Price to Book Ratio,TTM Sales per Share,Price to Sales Ratio,TTM FCF per Share,Price to FCF Ratio,TTM Net EPS,PE Ratio,Current Assets,Current Liabilities,Current Ratio,Long Term Debt,Shareholder's Equity_x,Debt to Equity Ratio,TTM Revenue_x,TTM Gross Profit,Gross Margin,TTM Revenue_y,TTM Operating Income,Operating Margin,TTM Revenue_x,TTM EBIT,EBIT Margin,TTM Revenue_y,TTM EBITDA,EBITDA Margin,TTM Revenue_x,TTM Pre-Tax Income,Pre-Tax Margin,TTM Revenue_y,TTM Net Income_x,Net Margin,TTM Net Income_y,Shareholder's Equity_y,Return on Equity,TTM Net Income_x,Tangible Equity,Return on Tangible Equity,TTM Net Income_y,Total Assets,Return on Assets,TTM Net Income,LT Investments & Debt,Return on Investment,revenue,cost-goods-sold,gross-profit,research-development-expenses,selling-general-administrative-expenses,operating-expenses,operating-income,total-non-operating-income-expense,pre-tax-income,total-provision-income-taxes,income-after-taxes,income-from-continuous-operations,net-income,ebitda,ebit,basic-shares-outstanding,shares-outstanding,eps-basic-net-earnings-per-share,eps-earnings-per-share-diluted,cash-on-hand,inventory,other-current-assets,total-current-assets,net-property-plant-equipment,long-term-investments,goodwill-intangible-assets-total,other-long-term-assets,total-long-term-assets,total-assets,total-current-liabilities,long-term-debt,other-non-current-liabilities,total-long-term-liabilities,total-liabilities,common-stock-net,retained-earnings-accumulated-deficit,comprehensive-income,total-share-holder-equity,total-liabilities-share-holders-equity,net-income-loss,total-depreciation-amortization-cash-flow,other-non-cash-items,total-non-cash-items,change-in-accounts-receivable,change-in-inventories,change-in-accounts-payable,change-in-assets-liabilities,total-change-in-assets-liabilities,cash-flow-from-operating-activities,net-change-in-property-plant-equipment,net-change-in-intangible-assets,net-acquisitions-divestitures,net-change-in-short-term-investments,net-change-in-long-term-investments,net-change-in-investments-total,investing-activities-other,cash-flow-from-investing-activities,net-long-term-debt,net-current-debt,debt-issuance-retirement-net-total,net-common-equity-issued-repurchased,net-total-equity-issued-repurchased,total-common-preferred-stock-dividends-paid,financial-activities-other,cash-flow-from-financial-activities,net-cash-flow,stock-based-compensation,common-stock-dividends-paid
0,2018-06-30,141.91,$0.00,0.0,0.0,0.0,0.0,0.0,0.0,0.0,$11.71B,$8.57B,1.37,$11.16B,$15.78B,0.71,$0.00B,0,nan%,$0.00B,0,nan%,$0.00B,0,nan%,$0.00B,0,nan%,$0.00B,0,nan%,$0.00B,0,nan%,$0.00B,$15.78B,0.00%,$0.00B,$-1.16B,0.00%,$0.00B,$40.03B,0.00%,$0.00B,$26.94B,0.00%,$0,$0,$0,$0,$0,$0,$0,$0,$0,$0,$0,$0,$0,$0,$0,$0,0,$0.00,$0.00,$1224,$6755,$32,$11707,$0,$4360,$16934,$1321,$22780,$40026,$8567,$11161,$1844,$15682,$24249,$1051,$7659,$0,$15777,$40026,$4235,$664,$0,$664,$0,$0,$0,$0,$-214,$4154,$-733,$0,$-795,$0,$0,$-23,$0,$-1550,$0,$-35,$1402,$0,$-1984,$-2237,$1,$-2853,$-302,$0,$0
1,2017-12-31,142.44,$0.00,0.0,0.0,0.0,0.0,0.0,0.0,0.0,$12.61B,$9.63B,1.31,$10.72B,$15.52B,0.69,$0.00B,0,nan%,$0.00B,0,nan%,$0.00B,0,nan%,$0.00B,0,nan%,$0.00B,0,nan%,$0.00B,0,nan%,$0.00B,$15.52B,0.00%,$0.00B,$-1.48B,0.00%,$0.00B,$39.97B,0.00%,$0.00B,$26.24B,0.00%,$0,$0,$0,$0,$0,$0,$0,$0,$0,$0,$0,$0,$0,$0,$0,$0,0,$0.00,$0.00,$1385,$6531,$0,$12614,$0,$4363,$17005,$473,$22079,$39969,$9631,$10719,$1726,$14817,$24447,$1048,$7199,$0,$15522,$39969,$2824,$248,$0,$248,$0,$0,$0,$0,$-704,$1657,$-267,$0,$-742,$0,$0,$-24,$0,$-1033,$0,$1210,$250,$0,$-987,$-1285,$-81,$-894,$-307,$0,$0
2,2017-06-30,115.11,$0.00,0.0,0.0,0.0,0.0,0.0,0.0,0.0,$10.97B,$8.45B,1.3,$8.84B,$15.26B,0.58,$0.00B,0,nan%,$0.00B,0,nan%,$0.00B,0,nan%,$0.00B,0,nan%,$0.00B,0,nan%,$0.00B,0,nan%,$0.00B,$15.26B,0.00%,$0.00B,$-0.68B,0.00%,$0.00B,$36.59B,0.00%,$0.00B,$24.09B,0.00%,$0,$0,$0,$0,$0,$0,$0,$0,$0,$0,$0,$0,$0,$0,$0,$0,0,$0.00,$0.00,$1613,$6073,$0,$10973,$0,$3960,$15937,$430,$20497,$36588,$8447,$8835,$1372,$12886,$21333,$1011,$6944,$0,$15255,$36588,$3516,$458,$70,$528,$0,$0,$0,$0,$192,$3972,$-599,$0,$-105,$0,$0,$4,$0,$-700,$0,$525,$-1565,$0,$-51,$-1921,$-105,$-3117,$137,$0,$0
3,2016-12-31,98.83,$0.00,0.0,0.0,0.0,0.0,0.0,0.0,0.0,$12.09B,$9.40B,1.29,$9.88B,$13.99B,0.71,$0.00B,0,nan%,$0.00B,0,nan%,$0.00B,0,nan%,$0.00B,0,nan%,$0.00B,0,nan%,$0.00B,0,nan%,$0.00B,$13.99B,0.00%,$0.00B,$-2.06B,0.00%,$0.00B,$37.57B,0.00%,$0.00B,$23.86B,0.00%,$0,$0,$0,$0,$0,$0,$0,$0,$0,$0,$0,$0,$0,$0,$0,$0,0,$0.00,$0.00,$1715,$5893,$4,$12090,$0,$3921,$16047,$173,$20509,$37573,$9403,$9875,$1600,$14184,$23587,$991,$5664,$0,$13986,$37573,$1968,$221,$68,$290,$0,$0,$0,$0,$-613,$1575,$-229,$0,$-39,$0,$0,$1,$0,$-266,$0,$682,$-573,$0,$-60,$-1198,$0,$-1148,$201,$0,$0
4,2016-06-30,105.62,$0.00,0.0,0.0,0.0,0.0,0.0,0.0,0.0,$13.14B,$9.18B,1.43,$12.72B,$15.11B,0.84,$0.00B,0,nan%,$0.00B,0,nan%,$0.00B,0,nan%,$0.00B,0,nan%,$0.00B,0,nan%,$0.00B,0,nan%,$0.00B,$15.11B,0.00%,$0.00B,$-3.25B,0.00%,$0.00B,$42.28B,0.00%,$0.00B,$27.83B,0.00%,$0,$0,$0,$0,$0,$0,$0,$0,$0,$0,$0,$0,$0,$0,$0,$0,0,$0.00,$0.00,$2351,$6796,$4,$13137,$0,$4421,$18358,$150,$23372,$42283,$9182,$12720,$2332,$17993,$27175,$1183,$5582,$0,$15108,$42283,$3505,$702,$0,$702,$0,$0,$0,$0,$-79,$3781,$-666,$0,$1554,$0,$0,$-3,$0,$885,$0,$-346,$-1489,$0,$0,$-2142,$-181,$-4157,$634,$0,$0
5,2015-12-31,100.82,$0.00,0.0,0.0,0.0,0.0,0.0,0.0,0.0,$13.34B,$8.80B,1.52,$12.70B,$14.69B,0.87,$0.00B,0,nan%,$0.00B,0,nan%,$0.00B,0,nan%,$0.00B,0,nan%,$0.00B,0,nan%,$0.00B,0,nan%,$0.00B,$14.69B,0.00%,$0.00B,$-2.51B,0.00%,$0.00B,$40.67B,0.00%,$0.00B,$27.39B,0.00%,$0,$0,$0,$0,$0,$0,$0,$0,$0,$0,$0,$0,$0,$0,$0,$0,0,$0.00,$0.00,$1157,$6659,$855,$13340,$0,$3949,$17201,$414,$21818,$40672,$8803,$12702,$1560,$17181,$25985,$1210,$5989,$0,$14688,$40672,$2258,$427,$0,$427,$0,$0,$0,$0,$-792,$1574,$-297,$0,$976,$0,$0,$-3,$0,$675,$0,$143,$-742,$0,$-30,$-1415,$-32,$-2076,$129,$0,$0
6,2015-06-30,105.2,$0.00,0.0,0.0,0.0,0.0,0.0,0.0,0.0,$12.09B,$8.34B,1.45,$13.18B,$14.59B,0.9,$0.00B,0,nan%,$0.00B,0,nan%,$0.00B,0,nan%,$0.00B,0,nan%,$0.00B,0,nan%,$0.00B,0,nan%,$0.00B,$14.59B,0.00%,$0.00B,$-3.11B,0.00%,$0.00B,$40.67B,0.00%,$0.00B,$27.77B,0.00%,$0,$0,$0,$0,$0,$0,$0,$0,$0,$0,$0,$0,$0,$0,$0,$0,0,$0.00,$0.00,$816,$7209,$225,$12089,$0,$3904,$17701,$760,$22663,$40670,$8338,$13176,$1579,$17744,$26081,$1256,$5728,$0,$14588,$40670,$3888,$693,$0,$693,$0,$0,$0,$0,$184,$4021,$-924,$0,$-482,$0,$0,$-3,$0,$-1409,$0,$608,$-1105,$0,$-9,$-2114,$-113,$-2733,$-236,$0,$0
7,2014-12-31,102.33,$0.00,0.0,0.0,0.0,0.0,0.0,0.0,0.0,$14.73B,$10.79B,1.37,$14.24B,$13.77B,1.03,$0.00B,0,nan%,$0.00B,0,nan%,$0.00B,0,nan%,$0.00B,0,nan%,$0.00B,0,nan%,$0.00B,0,nan%,$0.00B,$13.77B,0.00%,$0.00B,$-4.25B,0.00%,$0.00B,$44.20B,0.00%,$0.00B,$28.01B,0.00%,$0,$0,$0,$0,$0,$0,$0,$0,$0,$0,$0,$0,$0,$0,$0,$0,0,$0.00,$0.00,$1451,$7280,$515,$14727,$0,$4642,$18020,$299,$23421,$44198,$10792,$14241,$1994,$19635,$30427,$1262,$4265,$0,$13771,$44198,$2160,$301,$0,$301,$0,$0,$0,$0,$-755,$1516,$-371,$0,$-1052,$0,$0,$-38,$0,$-1460,$0,$2084,$-588,$0,$-11,$-1322,$0,$163,$242,$0,$0
8,2014-06-30,112.21,$0.00,0.0,0.0,0.0,0.0,0.0,0.0,0.0,$12.15B,$7.89B,1.54,$13.15B,$12.35B,1.07,$0.00B,0,nan%,$0.00B,0,nan%,$0.00B,0,nan%,$0.00B,0,nan%,$0.00B,0,nan%,$0.00B,0,nan%,$0.00B,$12.35B,0.00%,$0.00B,$-0.49B,0.00%,$0.00B,$37.35B,0.00%,$0.00B,$25.50B,0.00%,$0,$0,$0,$0,$0,$0,$0,$0,$0,$0,$0,$0,$0,$0,$0,$0,0,$0.00,$0.00,$1204,$6867,$13,$12148,$0,$5716,$12835,$582,$19533,$37351,$7890,$13150,$1745,$17116,$25006,$1296,$3965,$0,$12345,$37351,$3547,$1023,$135,$1158,$0,$0,$0,$0,$-971,$2911,$-914,$0,$-869,$0,$0,$11,$0,$-1771,$0,$-104,$-151,$0,$-182,$-1997,$-203,$-2638,$-1810,$0,$0
9,2013-12-31,115.54,$0.00,0.0,0.0,0.0,0.0,0.0,0.0,0.0,$13.45B,$10.63B,1.27,$10.87B,$13.01B,0.84,$0.00B,0,nan%,$0.00B,0,nan%,$0.00B,0,nan%,$0.00B,0,nan%,$0.00B,0,nan%,$0.00B,0,nan%,$0.00B,$13.01B,0.00%,$0.00B,$-0.46B,0.00%,$0.00B,$39.25B,0.00%,$0.00B,$23.89B,0.00%,$0,$0,$0,$0,$0,$0,$0,$0,$0,$0,$0,$0,$0,$0,$0,$0,0,$0.00,$0.00,$1651,$6994,$13,$13445,$0,$5946,$13476,$465,$20257,$39250,$10630,$10873,$2409,$15608,$26238,$1290,$3893,$0,$13013,$39250,$0,$0,$0,$0,$0,$0,$0,$0,$0,$0,$0,$0,$0,$0,$0,$0,$0,$0,$0,$0,$0,$0,$0,$0,$0,$0,$0,$0,$0
10,2013-06-30,98.92,$0.00,0.0,0.0,0.0,0.0,0.0,0.0,0.0,$13.49B,$8.70B,1.55,$13.66B,$12.72B,1.07,$0.00B,0,nan%,$0.00B,0,nan%,$0.00B,0,nan%,$0.00B,0,nan%,$0.00B,0,nan%,$0.00B,0,nan%,$0.00B,$12.72B,0.00%,$0.00B,$-1.48B,0.00%,$0.00B,$39.35B,0.00%,$0.00B,$26.38B,0.00%,$0,$0,$0,$0,$0,$0,$0,$0,$0,$0,$0,$0,$0,$0,$0,$0,0,$0.00,$0.00,$2882,$6625,$80,$13485,$0,$5096,$14197,$690,$20365,$39348,$8699,$13661,$1943,$17929,$26628,$1251,$2732,$0,$12721,$39348,$4070,$632,$0,$632,$0,$0,$0,$0,$-868,$3214,$-948,$0,$-1036,$0,$0,$25,$0,$-1958,$0,$0,$1936,$0,$-17,$-1939,$-314,$-334,$978,$0,$0
11,2012-12-31,99.38,$0.00,0.0,0.0,0.0,0.0,0.0,0.0,0.0,$12.74B,$9.79B,1.3,$10.01B,$11.96B,0.84,$0.00B,0,nan%,$0.00B,0,nan%,$0.00B,0,nan%,$0.00B,0,nan%,$0.00B,0,nan%,$0.00B,0,nan%,$0.00B,$11.96B,0.00%,$0.00B,$-2.35B,0.00%,$0.00B,$37.47B,0.00%,$0.00B,$21.98B,0.00%,$0,$0,$0,$0,$0,$0,$0,$0,$0,$0,$0,$0,$0,$0,$0,$0,0,$0.00,$0.00,$1137,$6720,$215,$12739,$0,$3883,$14309,$1463,$19656,$37466,$9790,$10013,$3236,$15715,$25505,$1280,$1701,$0,$11961,$37466,$0,$0,$0,$0,$0,$0,$0,$0,$0,$0,$0,$0,$0,$0,$0,$0,$0,$0,$0,$0,$0,$0,$0,$0,$0,$0,$0,$0,$0
12,2012-06-30,86.53,$0.00,0.0,0.0,0.0,0.0,0.0,0.0,0.0,$11.50B,$7.58B,1.52,$12.47B,$10.80B,1.16,$0.00B,0,nan%,$0.00B,0,nan%,$0.00B,0,nan%,$0.00B,0,nan%,$0.00B,0,nan%,$0.00B,0,nan%,$0.00B,$10.80B,0.00%,$0.00B,$-3.19B,0.00%,$0.00B,$35.42B,0.00%,$0.00B,$23.26B,0.00%,$0,$0,$0,$0,$0,$0,$0,$0,$0,$0,$0,$0,$0,$0,$0,$0,0,$0.00,$0.00,$1705,$6268,$750,$11495,$0,$3637,$13980,$1078,$19217,$35423,$7582,$12465,$2323,$17046,$24628,$1263,$371,$0,$10795,$35423,$3284,$651,$17,$669,$0,$0,$0,$0,$-838,$3317,$-705,$0,$-2170,$0,$0,$-2,$0,$-2877,$0,$811,$0,$0,$2,$-1642,$-415,$-1244,$-846,$0,$0
13,2011-12-31,72.59,$0.00,0.0,0.0,0.0,0.0,0.0,0.0,0.0,$12.23B,$10.44B,1.17,$10.80B,$9.59B,1.13,$0.00B,0,nan%,$0.00B,0,nan%,$0.00B,0,nan%,$0.00B,0,nan%,$0.00B,0,nan%,$0.00B,0,nan%,$0.00B,$9.59B,0.00%,$0.00B,$-3.14B,0.00%,$0.00B,$35.31B,0.00%,$0.00B,$20.39B,0.00%,$0,$0,$0,$0,$0,$0,$0,$0,$0,$0,$0,$0,$0,$0,$0,$0,0,$0.00,$0.00,$1763,$5906,$85,$12226,$0,$4381,$12728,$1166,$18651,$35305,$10441,$10795,$2674,$15273,$25714,$1254,$-318,$0,$9592,$35305,$0,$0,$0,$0,$0,$0,$0,$0,$0,$0,$0,$0,$0,$0,$0,$0,$0,$0,$0,$0,$0,$0,$0,$0,$0,$0,$0,$0,$0
14,2011-06-30,66.6,$0.00,0.0,0.0,0.0,0.0,0.0,0.0,0.0,$11.39B,$7.82B,1.46,$10.74B,$9.52B,1.13,$0.00B,0,nan%,$0.00B,0,nan%,$0.00B,0,nan%,$0.00B,0,nan%,$0.00B,0,nan%,$0.00B,0,nan%,$0.00B,$9.52B,0.00%,$0.00B,$-0.89B,0.00%,$0.00B,$31.47B,0.00%,$0.00B,$20.26B,0.00%,$0,$0,$0,$0,$0,$0,$0,$0,$0,$0,$0,$0,$0,$0,$0,$0,0,$0.00,$0.00,$2520,$5526,$202,$11393,$0,$3957,$10413,$768,$15959,$31465,$7820,$10736,$2151,$14123,$21943,$1268,$-310,$0,$9522,$31465,$3209,$560,$0,$560,$0,$0,$0,$0,$-178,$3327,$-592,$0,$-132,$0,$0,$0,$2,$-722,$0,$-659,$0,$0,$-13,$-1548,$0,$-2219,$277,$0,$0
15,2010-12-31,59.7,$0.00,0.0,0.0,0.0,0.0,0.0,0.0,0.0,$12.13B,$6.86B,1.77,$12.41B,$8.94B,1.39,$0.00B,0,nan%,$0.00B,0,nan%,$0.00B,0,nan%,$0.00B,0,nan%,$0.00B,0,nan%,$0.00B,0,nan%,$0.00B,$8.94B,0.00%,$0.00B,$-1.60B,0.00%,$0.00B,$31.64B,0.00%,$0.00B,$21.35B,0.00%,$0,$0,$0,$0,$0,$0,$0,$0,$0,$0,$0,$0,$0,$0,$0,$0,0,$0.00,$0.00,$2329,$5380,$199,$12132,$0,$3808,$10538,$707,$15621,$31638,$6855,$12414,$2126,$15845,$22700,$1261,$4346,$0,$8938,$31638,$0,$0,$0,$0,$0,$0,$0,$0,$0,$0,$0,$0,$0,$0,$0,$0,$0,$0,$0,$0,$0,$0,$0,$0,$0,$0,$0,$0,$0
16,2010-06-30,49.32,$0.00,0.0,0.0,0.0,0.0,0.0,0.0,0.0,$11.00B,$6.24B,1.76,$12.94B,$7.57B,1.71,$0.00B,0,nan%,$0.00B,0,nan%,$0.00B,0,nan%,$0.00B,0,nan%,$0.00B,0,nan%,$0.00B,0,nan%,$0.00B,$7.57B,0.00%,$0.00B,$-3.07B,0.00%,$0.00B,$30.78B,0.00%,$0.00B,$20.51B,0.00%,$0,$0,$0,$0,$0,$0,$0,$0,$0,$0,$0,$0,$0,$0,$0,$0,0,$0.00,$0.00,$2299,$5192,$332,$11000,$0,$3445,$10643,$1006,$15931,$30782,$6241,$12938,$2853,$16969,$23209,$1261,$-2179,$0,$7573,$30782,$2758,$589,$30,$619,$0,$0,$0,$0,$528,$3636,$-366,$0,$-324,$0,$0,$0,$-68,$-758,$0,$-668,$0,$0,$134,$-1446,$0,$-1979,$873,$0,$0
17,2009-12-31,53.8,$0.00,0.0,0.0,0.0,0.0,0.0,0.0,0.0,$12.36B,$7.48B,1.65,$13.39B,$7.50B,1.79,$0.00B,0,nan%,$0.00B,0,nan%,$0.00B,0,nan%,$0.00B,0,nan%,$0.00B,0,nan%,$0.00B,0,nan%,$0.00B,$7.50B,0.00%,$0.00B,$-2.88B,0.00%,$0.00B,$32.05B,0.00%,$0.00B,$20.89B,0.00%,$0,$0,$0,$0,$0,$0,$0,$0,$0,$0,$0,$0,$0,$0,$0,$0,0,$0.00,$0.00,$2595,$5355,$171,$12360,$0,$3847,$10378,$591,$15786,$32049,$7484,$13394,$2577,$17068,$24552,$1302,$2822,$0,$7497,$32049,$0,$0,$0,$0,$0,$0,$0,$0,$0,$0,$0,$0,$0,$0,$0,$0,$0,$0,$0,$0,$0,$0,$0,$0,$0,$0,$0,$0,$0
18,2009-06-30,43.38,$0.00,0.0,0.0,0.0,0.0,0.0,0.0,0.0,$10.03B,$6.44B,1.56,$12.42B,$5.21B,2.39,$0.00B,0,nan%,$0.00B,0,nan%,$0.00B,0,nan%,$0.00B,0,nan%,$0.00B,0,nan%,$0.00B,0,nan%,$0.00B,$5.21B,0.00%,$0.00B,$-4.84B,0.00%,$0.00B,$29.24B,0.00%,$0.00B,$17.62B,0.00%,$0,$0,$0,$0,$0,$0,$0,$0,$0,$0,$0,$0,$0,$0,$0,$0,0,$0.00,$0.00,$1477,$5109,$158,$10027,$0,$3678,$10043,$743,$15550,$29241,$6443,$12418,$3017,$17594,$24037,$1288,$-3555,$0,$5205,$29241,$2787,$446,$-3,$443,$0,$0,$0,$0,$-456,$2571,$-506,$0,$-163,$0,$0,$-39,$-81,$-789,$0,$0,$0,$0,$-633,$-1406,$414,$-1626,$263,$0,$0
19,2008-12-31,42.22,$0.00,0.0,0.0,0.0,0.0,0.0,0.0,0.0,$13.74B,$9.20B,1.49,$14.54B,$5.90B,2.47,$0.00B,0,nan%,$0.00B,0,nan%,$0.00B,0,nan%,$0.00B,0,nan%,$0.00B,0,nan%,$0.00B,0,nan%,$0.00B,$5.90B,0.00%,$0.00B,$-4.94B,0.00%,$0.00B,$34.74B,0.00%,$0.00B,$20.43B,0.00%,$0,$0,$0,$0,$0,$0,$0,$0,$0,$0,$0,$0,$0,$0,$0,$0,0,$0.00,$0.00,$3303,$5284,$437,$13740,$0,$3948,$10840,$1456,$17174,$34740,$9198,$14535,$2216,$19645,$28842,$1256,$2526,$0,$5897,$34740,$0,$0,$0,$0,$0,$0,$0,$0,$0,$0,$0,$0,$0,$0,$0,$0,$0,$0,$0,$0,$0,$0,$0,$0,$0,$0,$0,$0,$0
20,2008-06-30,53.83,$0.00,0.0,0.0,0.0,0.0,0.0,0.0,0.0,$11.24B,$9.40B,1.2,$11.11B,$7.01B,1.59,$0.00B,0,nan%,$0.00B,0,nan%,$0.00B,0,nan%,$0.00B,0,nan%,$0.00B,0,nan%,$0.00B,0,nan%,$0.00B,$7.01B,0.00%,$0.00B,$-4.07B,0.00%,$0.00B,$32.12B,0.00%,$0.00B,$18.12B,0.00%,$0,$0,$0,$0,$0,$0,$0,$0,$0,$0,$0,$0,$0,$0,$0,$0,0,$0.00,$0.00,$1431,$5489,$208,$11238,$0,$3962,$11082,$401,$16627,$32118,$9397,$11112,$1888,$15711,$25108,$1635,$2685,$0,$7010,$32118,$3200,$467,$-52,$415,$0,$0,$0,$0,$0,$3126,$-525,$0,$-1144,$0,$0,$8,$-100,$-1762,$0,$2192,$0,$0,$-2174,$-1717,$0,$-1699,$-313,$0,$0
21,2007-12-31,61.77,$0.00,0.0,0.0,0.0,0.0,0.0,0.0,0.0,$12.51B,$9.23B,1.36,$10.54B,$7.86B,1.34,$0.00B,0,nan%,$0.00B,0,nan%,$0.00B,0,nan%,$0.00B,0,nan%,$0.00B,0,nan%,$0.00B,0,nan%,$0.00B,$7.86B,0.00%,$0.00B,$-1.22B,0.00%,$0.00B,$31.06B,0.00%,$0.00B,$18.40B,0.00%,$0,$0,$0,$0,$0,$0,$0,$0,$0,$0,$0,$0,$0,$0,$0,$0,0,$0.00,$0.00,$1658,$5511,$141,$12507,$0,$3693,$9080,$252,$14444,$31057,$9231,$10540,$1656,$13965,$23196,$1701,$3415,$0,$7861,$31057,$0,$0,$0,$0,$0,$0,$0,$0,$0,$0,$0,$0,$0,$0,$0,$0,$0,$0,$0,$0,$0,$0,$0,$0,$0,$0,$0,$0,$0
