,Date,Stock Price,Book Value per Share,Price to Book Ratio,TTM Sales per Share,Price to Sales Ratio,TTM FCF per Share,Price to FCF Ratio,TTM Net EPS,PE Ratio,Current Assets,Current Liabilities,Current Ratio,Long Term Debt,Shareholder's Equity_x,Debt to Equity Ratio,TTM Revenue_x,TTM Gross Profit,Gross Margin,TTM Revenue_y,TTM Operating Income,Operating Margin,TTM Revenue_x,TTM EBIT,EBIT Margin,TTM Revenue_y,TTM EBITDA,EBITDA Margin,TTM Revenue_x,TTM Pre-Tax Income,Pre-Tax Margin,TTM Revenue_y,TTM Net Income_x,Net Margin,TTM Net Income_y,Shareholder's Equity_y,Return on Equity,TTM Net Income_x,Tangible Equity,Return on Tangible Equity,TTM Net Income_y,Total Assets,Return on Assets,TTM Net Income,LT Investments & Debt,Return on Investment,revenue,cost-goods-sold,gross-profit,research-development-expenses,selling-general-administrative-expenses,operating-expenses,operating-income,total-non-operating-income-expense,pre-tax-income,total-provision-income-taxes,income-after-taxes,income-from-continuous-operations,net-income,ebitda,ebit,basic-shares-outstanding,shares-outstanding,eps-basic-net-earnings-per-share,eps-earnings-per-share-diluted,cash-on-hand,inventory,other-current-assets,total-current-assets,net-property-plant-equipment,long-term-investments,goodwill-intangible-assets-total,other-long-term-assets,total-long-term-assets,total-assets,total-current-liabilities,long-term-debt,other-non-current-liabilities,total-long-term-liabilities,total-liabilities,common-stock-net,retained-earnings-accumulated-deficit,comprehensive-income,total-share-holder-equity,total-liabilities-share-holders-equity,net-income-loss,total-depreciation-amortization-cash-flow,other-non-cash-items,total-non-cash-items,change-in-accounts-receivable,change-in-inventories,change-in-accounts-payable,change-in-assets-liabilities,total-change-in-assets-liabilities,cash-flow-from-operating-activities,net-change-in-property-plant-equipment,net-change-in-intangible-assets,net-acquisitions-divestitures,net-change-in-short-term-investments,net-change-in-long-term-investments,net-change-in-investments-total,investing-activities-other,cash-flow-from-investing-activities,net-long-term-debt,net-current-debt,debt-issuance-retirement-net-total,net-common-equity-issued-repurchased,net-total-equity-issued-repurchased,total-common-preferred-stock-dividends-paid,financial-activities-other,cash-flow-from-financial-activities,net-cash-flow,stock-based-compensation,common-stock-dividends-paid
0,2018-09-30,76.45,$32.60,2.35,$35.26,2.17,$36.88,2.07,$6.77,11.29,$100.58B,$67.83B,1.48,$27.00B,$10.45B,2.58,$12.49B,$10.52B,84.22%,$12.49B,$3.60B,28.82%,$12.49B,0,0.00%,$12.49B,0,0.00%,$12.49B,$3.60B,28.82%,$12.49B,$2.37B,18.96%,$2.37B,$11.02B,21.68%,$2.37B,$10.60B,22.54%,$2.37B,$105.84B,2.31%,$3.60B,$38.01B,9.63%,$3282,$558,$2724,$0,$1757,$2315,$967,$0,$967,$247,$720,$720,$699,$0,$0,$341,342,$2.05,$2.05,$16609,$0,$0,$100576,$896,$1801,$417,$2152,$5266,$105842,$67828,$26998,$0,$26998,$94826,$6,$18354,$-160,$11016,$105842,$2055,$24,$2146,$2170,$0,$0,$0,$43,$205,$4430,$-177,$0,$0,$0,$-270,$-270,$-4318,$-4765,$667,$0,$667,$-1595,$-1595,$-401,$4886,$3557,$3222,$0,$-401
1,2018-06-30,70.05,$31.66,2.21,$33.62,2.08,$33.67,2.08,$6.31,11.1,$97.88B,$65.61B,1.49,$26.25B,$10.33B,2.54,$12.16B,$10.32B,84.88%,$12.16B,$3.54B,29.08%,$12.16B,0,0.00%,$12.16B,0,0.00%,$12.16B,$3.54B,29.08%,$12.16B,$2.26B,18.57%,$2.26B,$10.89B,20.59%,$2.26B,$10.47B,21.41%,$2.26B,$102.75B,2.24%,$3.54B,$37.14B,9.46%,$3110,$507,$2603,$0,$1726,$2233,$877,$0,$877,$208,$669,$669,$663,$0,$0,$348,348,$1.91,$1.91,$15919,$0,$0,$97880,$874,$1522,$417,$2058,$4871,$102751,$65610,$26252,$0,$26252,$91862,$6,$17787,$-162,$10889,$102751,$1335,$18,$1400,$1418,$22,$0,$0,$190,$71,$2824,$-118,$0,$0,$-5,$33,$28,$-1639,$-1729,$-62,$0,$-62,$-1137,$-1137,$-264,$2900,$1437,$2532,$0,$-264
2,2018-03-31,71.24,$30.93,2.3,$32.12,2.22,$30.98,2.3,$5.80,12.28,$97.11B,$64.85B,1.5,$26.24B,$10.31B,2.55,$11.86B,$10.13B,85.41%,$11.86B,$3.53B,29.71%,$11.86B,0,0.00%,$11.86B,0,0.00%,$11.86B,$3.53B,29.71%,$11.86B,$2.13B,17.92%,$2.13B,$10.87B,19.24%,$2.13B,$10.45B,19.99%,$2.13B,$101.97B,2.16%,$3.53B,$37.12B,9.40%,$3044,$469,$2575,$0,$1719,$2188,$856,$0,$856,$190,$666,$666,$646,$0,$0,$355,355,$1.82,$1.82,$17098,$0,$0,$97106,$848,$1543,$417,$2053,$4861,$101967,$64852,$26244,$0,$26244,$91096,$6,$17211,$-139,$10871,$101967,$666,$6,$655,$661,$11,$0,$0,$251,$-89,$1238,$-58,$0,$0,$0,$15,$15,$959,$916,$-57,$0,$-57,$-582,$-582,$-142,$2338,$1557,$3711,$0,$-142
3,2017-12-31,75.85,$30.43,2.49,$30.61,2.48,$30.16,2.51,$5.41,14.02,$95.01B,$62.87B,1.51,$26.33B,$10.33B,2.55,$11.55B,$9.90B,85.73%,$11.55B,$3.54B,30.64%,$11.55B,0,0.00%,$11.55B,0,0.00%,$11.55B,$3.54B,30.64%,$11.55B,$2.03B,17.59%,$2.03B,$10.89B,18.21%,$2.03B,$10.47B,18.92%,$2.03B,$100.09B,2.10%,$3.54B,$37.22B,9.37%,$3050,$436,$2614,$0,$1715,$2151,$899,$0,$899,$512,$387,$387,$359,$0,$0,$374,374,$1.00,$1.00,$13387,$0,$0,$95014,$825,$1568,$418,$2262,$5073,$100087,$62869,$26326,$0,$26326,$89195,$6,$16687,$-152,$10892,$100087,$2099,$-6,$2940,$2934,$55,$0,$0,$-502,$175,$5208,$-218,$0,$0,$0,$128,$128,$-8687,$-8777,$823,$0,$823,$-2076,$-2088,$-527,$6753,$4961,$1392,$0,$-527
4,2017-09-30,63.24,$30.56,2.07,$29.16,2.17,$27.28,2.32,$5.82,10.87,$92.44B,$59.68B,1.55,$26.74B,$10.63B,2.52,$11.22B,$9.64B,85.93%,$11.22B,$3.52B,31.38%,$11.22B,0,0.00%,$11.22B,0,0.00%,$11.22B,$3.52B,31.38%,$11.22B,$2.22B,19.81%,$2.22B,$11.19B,19.74%,$2.22B,$10.77B,20.50%,$2.22B,$97.61B,2.35%,$3.52B,$37.92B,9.36%,$2951,$426,$2525,$0,$1622,$2048,$903,$0,$903,$301,$602,$602,$589,$0,$0,$371,371,$1.59,$1.59,$14528,$0,$0,$92440,$800,$1627,$418,$2323,$5168,$97608,$59684,$26737,$0,$26737,$86421,$6,$16452,$-148,$11187,$97608,$1712,$-10,$1900,$1890,$0,$0,$0,$-59,$-18,$3584,$-161,$0,$0,$0,$112,$112,$-4455,$-4504,$1222,$0,$1222,$-1522,$-1522,$-390,$4129,$3439,$2519,$0,$-390
5,2017-06-30,60.64,$30.01,2.02,$27.82,2.18,$25.52,2.38,$5.79,10.47,$88.66B,$56.06B,1.58,$26.44B,$10.70B,2.47,$10.93B,$9.42B,86.17%,$10.93B,$3.58B,32.75%,$10.93B,0,0.00%,$10.93B,0,0.00%,$10.93B,$3.58B,32.75%,$10.93B,$2.26B,20.66%,$2.26B,$11.26B,19.98%,$2.26B,$10.84B,20.76%,$2.26B,$93.76B,2.43%,$3.58B,$37.70B,9.50%,$2819,$400,$2419,$0,$1552,$1952,$867,$0,$867,$321,$546,$546,$532,$0,$0,$379,379,$1.41,$1.40,$13043,$0,$0,$88656,$774,$1679,$419,$2229,$5101,$93757,$56060,$26438,$0,$26438,$82498,$6,$15989,$-150,$11259,$93757,$1110,$-7,$1213,$1206,$27,$0,$0,$3,$-284,$2032,$-103,$0,$0,$-23,$89,$66,$-1550,$-1587,$950,$0,$950,$-968,$-968,$-251,$858,$589,$1034,$0,$-251
6,2017-03-31,66.36,$29.46,2.25,$26.60,2.49,$24.64,2.69,$5.86,11.32,$89.85B,$56.71B,1.58,$26.82B,$10.71B,2.51,$10.66B,$9.21B,86.40%,$10.66B,$3.61B,33.85%,$10.66B,0,0.00%,$10.66B,0,0.00%,$10.66B,$3.61B,33.85%,$10.66B,$2.33B,21.83%,$2.33B,$11.27B,20.54%,$2.33B,$10.85B,21.33%,$2.33B,$94.80B,2.55%,$3.61B,$38.09B,9.68%,$2725,$386,$2339,$0,$1471,$1857,$868,$0,$868,$304,$564,$564,$551,$0,$0,$386,386,$1.43,$1.43,$16263,$0,$0,$89852,$750,$1718,$420,$2055,$4943,$94795,$56707,$26823,$0,$26823,$83530,$6,$15568,$-155,$11265,$94795,$564,$-5,$597,$592,$14,$0,$0,$181,$-143,$1013,$-47,$0,$0,$0,$25,$25,$1010,$988,$1370,$0,$1370,$-519,$-519,$-127,$1529,$2253,$4254,$0,$-127
7,2016-12-31,69.64,$29.13,2.39,$25.68,2.71,$24.80,2.81,$5.78,12.05,$87.10B,$55.54B,1.57,$25.44B,$10.76B,2.36,$10.50B,$9.10B,86.68%,$10.50B,$3.66B,34.83%,$10.50B,0,0.00%,$10.50B,0,0.00%,$10.50B,$3.66B,34.83%,$10.50B,$2.34B,22.28%,$2.34B,$11.32B,20.62%,$2.34B,$10.90B,21.41%,$2.34B,$92.31B,2.61%,$3.66B,$36.77B,9.94%,$2724,$366,$2358,$0,$1475,$1841,$883,$0,$883,$320,$563,$563,$550,$0,$0,$405,406,$1.39,$1.39,$12009,$0,$0,$87096,$734,$1757,$421,$2300,$5212,$92308,$55542,$25443,$0,$25443,$80985,$5,$15130,$-161,$11323,$92308,$2393,$-44,$1972,$1928,$57,$0,$0,$-187,$104,$4425,$-179,$0,$0,$0,$1259,$1259,$-5974,$-4894,$773,$0,$773,$-1901,$-1901,$-514,$4453,$2811,$2342,$0,$-514
8,2016-09-30,54.34,$28.62,1.9,$24.75,2.2,$22.76,2.39,$5.52,9.84,$84.55B,$52.36B,1.62,$26.83B,$10.79B,2.49,$10.31B,$8.95B,86.80%,$10.31B,$3.56B,34.55%,$10.31B,0,0.00%,$10.31B,0,0.00%,$10.31B,$3.56B,34.55%,$10.31B,$2.28B,22.09%,$2.28B,$11.35B,20.09%,$2.28B,$10.93B,20.87%,$2.28B,$90.54B,2.58%,$3.56B,$38.18B,9.74%,$2660,$359,$2301,$0,$1340,$1699,$961,$0,$961,$322,$639,$639,$625,$0,$0,$402,402,$1.56,$1.56,$13023,$0,$0,$84550,$722,$2705,$421,$2143,$5991,$90541,$52364,$26830,$0,$26830,$79194,$5,$14696,$-165,$11347,$90541,$1830,$-36,$1400,$1364,$40,$0,$0,$104,$-61,$3133,$-132,$0,$0,$-850,$1217,$367,$-2838,$-2603,$2083,$0,$2083,$-1425,$-1425,$-386,$1702,$1974,$2504,$0,$-386
9,2016-06-30,51.22,$28.03,1.83,$23.92,2.14,$21.50,2.38,$5.34,9.59,$80.69B,$51.43B,1.57,$24.68B,$10.84B,2.28,$10.16B,$8.83B,86.96%,$10.16B,$3.57B,35.18%,$10.16B,0,0.00%,$10.16B,0,0.00%,$10.16B,$3.57B,35.18%,$10.16B,$2.25B,22.16%,$2.25B,$11.40B,19.88%,$2.25B,$10.98B,20.65%,$2.25B,$87.51B,2.59%,$3.57B,$36.08B,9.99%,$2555,$339,$2216,$0,$1318,$1657,$898,$0,$898,$282,$616,$616,$602,$0,$0,$410,411,$1.47,$1.47,$10715,$0,$0,$80690,$708,$3521,$422,$2170,$6821,$87511,$51433,$24681,$0,$24681,$76114,$5,$14188,$-174,$11397,$87511,$1191,$-22,$996,$974,$26,$0,$0,$89,$-349,$1816,$-86,$0,$0,$-1050,$622,$-428,$-82,$-596,$-60,$0,$-60,$-844,$-844,$-254,$983,$-175,$1045,$0,$-254
10,2016-03-31,48.42,$27.32,1.77,$23.33,2.08,$20.85,2.32,$5.20,9.31,$81.54B,$52.03B,1.57,$24.75B,$10.76B,2.3,$10.09B,$8.79B,87.14%,$10.09B,$3.62B,35.86%,$10.09B,0,0.00%,$10.09B,0,0.00%,$10.09B,$3.62B,35.86%,$10.09B,$2.24B,22.15%,$2.24B,$11.32B,19.80%,$2.24B,$10.89B,20.57%,$2.24B,$88.09B,2.59%,$3.62B,$36.07B,10.16%,$2558,$334,$2224,$0,$1310,$1644,$914,$0,$914,$339,$575,$575,$562,$0,$0,$417,417,$1.35,$1.35,$13145,$0,$0,$81544,$706,$2956,$422,$2465,$6549,$88093,$52025,$24752,$0,$24752,$76777,$5,$13698,$-172,$11316,$88093,$575,$-14,$428,$414,$13,$0,$0,$-33,$169,$1158,$-46,$0,$0,$0,$146,$146,$882,$982,$49,$0,$49,$-422,$-422,$-129,$925,$423,$2563,$0,$-129
11,2015-12-31,50.68,$26.74,1.9,$22.71,2.23,$20.47,2.48,$5.13,9.88,$80.19B,$50.87B,1.58,$24.65B,$10.72B,2.3,$10.00B,$8.74B,87.37%,$10.00B,$3.61B,36.11%,$10.00B,0,0.00%,$10.00B,0,0.00%,$10.00B,$3.61B,36.11%,$10.00B,$2.25B,22.46%,$2.25B,$11.28B,19.94%,$2.25B,$10.85B,20.73%,$2.25B,$86.80B,2.63%,$3.61B,$35.93B,10.28%,$2534,$329,$2205,$0,$1417,$1746,$788,$0,$788,$288,$500,$500,$488,$0,$0,$437,438,$1.15,$1.14,$9671,$0,$0,$80187,$693,$3084,$423,$2412,$6612,$86799,$50874,$24650,$0,$24650,$75524,$5,$13250,$-160,$11275,$86799,$2297,$-41,$1504,$1463,$169,$0,$0,$-237,$94,$3854,$-167,$0,$2,$0,$769,$769,$-3472,$-2868,$2130,$-113,$2017,$-1710,$-1710,$-515,$1510,$1302,$2288,$0,$-515
12,2015-09-30,48.89,$26.32,1.86,$21.98,2.22,$20.00,2.44,$4.86,10.06,$78.68B,$50.51B,1.56,$23.80B,$10.74B,2.22,$9.81B,$8.57B,87.40%,$9.81B,$3.47B,35.40%,$9.81B,0,0.00%,$9.81B,0,0.00%,$9.81B,$3.47B,35.40%,$9.81B,$2.15B,21.92%,$2.15B,$11.30B,19.15%,$2.15B,$10.88B,19.91%,$2.15B,$85.61B,2.55%,$3.47B,$35.10B,10.04%,$2511,$323,$2188,$0,$1214,$1537,$974,$0,$974,$362,$612,$612,$599,$0,$0,$433,434,$1.38,$1.38,$10348,$0,$0,$78683,$684,$3302,$424,$2518,$6928,$85611,$50508,$23800,$0,$23800,$74308,$5,$12880,$-180,$11303,$85611,$1797,$-38,$1046,$1008,$155,$0,$0,$-145,$5,$2810,$-118,$0,$0,$0,$1275,$1275,$-945,$212,$1206,$-113,$1093,$-1277,$-1277,$-385,$513,$-56,$2966,$0,$-385
13,2015-06-30,53.91,$25.75,2.09,$21.57,2.5,$19.70,2.74,$4.85,11.12,$78.64B,$49.55B,1.59,$24.10B,$10.70B,2.25,$9.77B,$8.57B,87.71%,$9.77B,$3.51B,35.88%,$9.77B,0,0.00%,$9.77B,0,0.00%,$9.77B,$3.51B,35.88%,$9.77B,$2.18B,22.31%,$2.18B,$11.26B,19.43%,$2.18B,$10.84B,20.21%,$2.18B,$84.91B,2.62%,$3.51B,$35.36B,10.36%,$2486,$311,$2175,$0,$1233,$1544,$942,$0,$942,$343,$599,$599,$586,$0,$0,$441,442,$1.33,$1.33,$11349,$0,$0,$78642,$688,$2701,$425,$2455,$6269,$84911,$49549,$24099,$0,$24099,$73648,$5,$12400,$-160,$11263,$84911,$1185,$-28,$711,$683,$-19,$0,$0,$-75,$-205,$1663,$-88,$0,$0,$0,$1209,$1209,$-162,$959,$1528,$31,$1559,$-842,$-842,$-254,$226,$689,$3311,$0,$-254
14,2015-03-31,52.47,$25.22,2.08,$21.18,2.48,$19.78,2.65,$4.87,10.77,$77.80B,$50.04B,1.56,$22.92B,$10.65B,2.15,$9.73B,$8.57B,88.04%,$9.73B,$3.58B,36.78%,$9.73B,0,0.00%,$9.73B,0,0.00%,$9.73B,$3.58B,36.78%,$9.73B,$2.23B,22.86%,$2.23B,$11.21B,19.77%,$2.23B,$10.78B,20.58%,$2.23B,$84.18B,2.72%,$3.58B,$34.14B,10.89%,$2471,$300,$2171,$0,$1263,$1563,$908,$0,$908,$322,$586,$586,$573,$0,$0,$448,448,$1.28,$1.28,$11923,$0,$0,$77795,$678,$2778,$432,$2495,$6383,$84178,$50043,$22924,$0,$22924,$72967,$5,$11936,$-161,$11211,$84178,$586,$-18,$382,$364,$-63,$0,$0,$-40,$113,$1063,$-41,$0,$0,$0,$1168,$1168,$2126,$3253,$366,$53,$419,$-419,$-419,$-119,$333,$214,$4530,$0,$-119
15,2014-12-31,60.73,$24.79,2.45,$20.64,2.94,$19.80,3.07,$4.90,12.39,$75.61B,$49.45B,1.53,$22.54B,$10.57B,2.13,$9.61B,$8.48B,88.20%,$9.61B,$3.69B,38.44%,$9.61B,0,0.00%,$9.61B,0,0.00%,$9.61B,$3.69B,38.44%,$9.61B,$2.27B,23.62%,$2.27B,$11.13B,20.25%,$2.27B,$10.70B,21.11%,$2.27B,$83.13B,2.82%,$3.69B,$33.68B,11.50%,$2339,$302,$2037,$0,$1389,$1691,$648,$0,$648,$244,$404,$404,$392,$0,$0,$462,463,$0.88,$0.87,$7390,$0,$0,$75613,$670,$3949,$433,$2461,$7513,$83126,$49448,$22544,$0,$22544,$71992,$5,$11467,$-138,$11134,$83126,$2323,$-105,$1718,$1613,$55,$0,$0,$-238,$-110,$3826,$-145,$0,$0,$0,$967,$967,$-5019,$-4197,$2017,$-27,$1990,$-1559,$-1559,$-467,$1137,$1101,$730,$0,$-467
16,2014-09-30,59.48,$24.82,2.4,$20.52,2.9,$18.60,3.2,$5.26,11.31,$73.21B,$48.38B,1.51,$20.92B,$10.74B,1.95,$9.67B,$8.57B,88.58%,$9.67B,$3.98B,41.17%,$9.67B,0,0.00%,$9.67B,0,0.00%,$9.67B,$3.98B,41.17%,$9.67B,$2.47B,25.49%,$2.47B,$11.30B,22.16%,$2.47B,$10.84B,23.13%,$2.47B,$80.60B,3.10%,$3.98B,$32.22B,12.63%,$2478,$288,$2190,$0,$1181,$1469,$1009,$0,$1009,$365,$644,$644,$630,$0,$0,$460,461,$1.37,$1.37,$7485,$0,$0,$73207,$661,$3995,$461,$2272,$7389,$80596,$48377,$20918,$0,$20918,$69295,$5,$11182,$-70,$11301,$80596,$1919,$-84,$1108,$1024,$17,$0,$0,$-94,$-117,$2826,$-102,$0,$0,$0,$941,$941,$-2164,$-1325,$406,$-1,$405,$-1161,$-1161,$-348,$431,$-673,$828,$0,$-348
17,2014-06-30,57.03,$24.46,2.33,$19.98,2.85,$17.56,3.25,$5.09,11.2,$71.45B,$47.50B,1.5,$20.06B,$10.82B,1.85,$9.54B,$8.44B,88.52%,$9.54B,$3.92B,41.11%,$9.54B,0,0.00%,$9.54B,0,0.00%,$9.54B,$3.92B,41.11%,$9.54B,$2.42B,25.33%,$2.42B,$11.38B,22.05%,$2.42B,$10.92B,23.03%,$2.42B,$78.94B,3.08%,$3.92B,$31.44B,12.73%,$2446,$274,$2172,$0,$1157,$1431,$1015,$0,$1015,$371,$644,$644,$630,$0,$0,$466,467,$1.35,$1.35,$7184,$0,$0,$71445,$665,$4070,$463,$2294,$7492,$78937,$47499,$20057,$0,$20057,$67556,$5,$10659,$-72,$11381,$78937,$1275,$-58,$712,$654,$29,$0,$0,$-70,$-158,$1771,$-73,$0,$0,$0,$1043,$1043,$-668,$302,$-443,$-20,$-463,$-541,$-541,$-228,$-516,$-1748,$325,$0,$-228
18,2014-03-31,53.31,$23.53,2.27,$19.51,2.73,$17.94,2.97,$4.94,10.79,$72.16B,$48.38B,1.49,$20.18B,$10.46B,1.93,$9.43B,$8.31B,88.14%,$9.43B,$3.89B,41.22%,$9.43B,0,0.00%,$9.43B,0,0.00%,$9.43B,$3.89B,41.22%,$9.43B,$2.37B,25.17%,$2.37B,$11.02B,22.14%,$2.37B,$10.56B,23.15%,$2.37B,$79.58B,3.07%,$3.89B,$31.20B,12.93%,$2348,$270,$2078,$0,$1056,$1326,$1022,$0,$1022,$391,$631,$631,$618,$0,$0,$471,472,$1.31,$1.31,$9894,$0,$0,$72155,$668,$3964,$466,$2331,$7429,$79584,$48381,$20182,$0,$20182,$68563,$5,$10138,$-70,$11021,$79584,$631,$-29,$313,$284,$21,$0,$0,$-41,$214,$1129,$-43,$0,$0,$0,$1143,$1143,$711,$1811,$-303,$-16,$-319,$-364,$-364,$-106,$26,$-763,$2177,$0,$-106
19,2013-12-31,51.06,$22.89,2.23,$19.15,2.67,$18.53,2.76,$4.96,10.29,$70.86B,$48.06B,1.47,$20.47B,$10.25B,2.0,$9.37B,$8.22B,87.77%,$9.37B,$3.94B,42.09%,$9.37B,0,0.00%,$9.37B,0,0.00%,$9.37B,$3.94B,42.09%,$9.37B,$2.41B,25.76%,$2.41B,$10.81B,22.90%,$2.41B,$10.34B,23.98%,$2.41B,$79.34B,3.16%,$3.94B,$31.28B,13.31%,$2402,$273,$2129,$0,$1192,$1465,$937,$0,$937,$335,$602,$602,$588,$0,$0,$485,487,$1.24,$1.23,$6736,$0,$0,$70859,$654,$4991,$469,$2367,$8481,$79340,$48057,$20474,$0,$20474,$68531,$5,$9611,$-68,$10809,$79340,$2470,$-131,$1467,$1336,$232,$0,$0,$-252,$-289,$3517,$-231,$0,$0,$0,$1011,$1011,$-3943,$-3163,$2756,$-231,$2525,$-1283,$-1283,$-399,$2773,$3616,$3970,$0,$-399
20,2013-09-30,45.95,$22.14,2.08,$14.21,3.23,$11.78,3.9,$3.73,12.32,$66.95B,$46.28B,1.45,$18.67B,$10.04B,1.86,$6.97B,$6.10B,87.47%,$6.97B,$3.01B,43.15%,$6.97B,0,0.00%,$6.97B,0,0.00%,$6.97B,$3.01B,43.15%,$6.97B,$1.83B,26.21%,$1.83B,$10.60B,17.72%,$1.83B,$10.13B,18.57%,$1.83B,$75.54B,2.43%,$3.01B,$29.27B,10.48%,$2340,$278,$2062,$0,$1116,$1394,$946,$0,$946,$353,$593,$593,$579,$0,$0,$482,484,$1.20,$1.20,$5806,$0,$0,$66946,$639,$5014,$472,$2473,$8598,$75544,$46277,$18665,$0,$18665,$64942,$5,$9115,$-109,$10602,$75544,$1868,$104,$736,$840,$225,$0,$0,$-112,$-173,$2535,$-177,$0,$0,$0,$1056,$1056,$-781,$98,$961,$-246,$715,$-938,$-938,$-294,$923,$406,$3039,$45,$-294
21,2013-06-30,43.14,$21.52,2.0,$9.38,4.6,$6.90,6.25,$2.53,17.05,$66.43B,$46.46B,1.43,$18.03B,$9.89B,1.82,$4.63B,$4.03B,87.14%,$4.63B,$2.06B,44.53%,$4.63B,0,0.00%,$4.63B,0,0.00%,$4.63B,$2.06B,44.53%,$4.63B,$1.25B,26.94%,$1.25B,$10.45B,12.35%,$1.25B,$9.97B,12.96%,$1.25B,$74.94B,1.66%,$2.06B,$28.48B,7.17%,$2338,$297,$2041,$0,$1060,$1357,$981,$0,$981,$379,$602,$602,$588,$0,$0,$489,490,$1.20,$1.20,$6281,$0,$0,$66428,$607,$4943,$475,$2491,$8516,$74944,$46463,$18033,$0,$18033,$64496,$5,$8629,$-107,$10448,$74944,$1275,$69,$459,$528,$71,$0,$0,$-86,$284,$2087,$-117,$0,$0,$0,$1154,$1154,$195,$1232,$347,$-109,$238,$-594,$-594,$-187,$384,$-159,$3160,$31,$-187
22,2013-03-31,40.43,$20.90,1.93,$9.16,4.41,$7.61,5.31,$2.54,15.92,$67.30B,$46.61B,1.44,$19.23B,$9.74B,1.98,$4.62B,$4.00B,86.59%,$4.62B,$2.11B,45.67%,$4.62B,0,0.00%,$4.62B,0,0.00%,$4.62B,$2.11B,45.67%,$4.62B,$1.29B,27.95%,$1.29B,$10.30B,17.23%,$1.29B,$9.83B,18.09%,$1.29B,$76.14B,2.29%,$2.11B,$29.53B,9.74%,$2290,$298,$1992,$0,$912,$1210,$1080,$0,$1080,$407,$673,$673,$659,$0,$0,$496,497,$1.33,$1.33,$8549,$0,$0,$67299,$572,$5270,$473,$2525,$8840,$76139,$46610,$19230,$0,$19230,$65840,$6,$8136,$-84,$10299,$76139,$673,$20,$228,$248,$42,$0,$0,$-88,$571,$1492,$-59,$0,$0,$0,$907,$907,$1777,$2625,$1551,$-37,$1514,$-256,$-256,$-79,$187,$1366,$5483,$17,$-79
23,2012-12-31,34.76,$0.00,0.0,$9.01,3.86,$8.73,3.98,$1.21,28.73,$63.68B,$45.95B,1.39,$17.67B,$9.31B,1.9,$4.62B,$3.97B,86.00%,$4.62B,$2.04B,44.20%,$4.62B,0,0.00%,$4.62B,0,0.00%,$4.62B,$2.04B,44.20%,$4.62B,$1.25B,27.13%,$1.25B,$9.87B,17.39%,$1.25B,$9.40B,18.30%,$1.25B,$73.49B,2.25%,$2.04B,$27.54B,9.55%,$0,$0,$0,$0,$0,$0,$0,$0,$0,$0,$0,$0,$0,$0,$0,$0,0,$0.00,$0.00,$2874,$0,$0,$63684,$538,$6232,$475,$2562,$9807,$73491,$45952,$17666,$0,$17666,$63618,$5,$7472,$-72,$9873,$73491,$0,$0,$0,$0,$0,$0,$0,$0,$0,$0,$0,$0,$0,$0,$0,$0,$0,$0,$0,$0,$0,$0,$0,$0,$0,$0,$0,$0,$0
24,2012-11-30,37.38,$0.00,0.0,$13.20,2.83,$11.50,3.25,$2.20,16.99,$65.56B,$45.78B,1.43,$19.73B,$9.22B,2.14,$6.81B,$5.84B,85.65%,$6.81B,$2.89B,42.36%,$6.81B,0,0.00%,$6.81B,0,0.00%,$6.81B,$2.89B,42.36%,$6.81B,$1.77B,26.01%,$1.77B,$9.78B,37.46%,$1.77B,$9.30B,39.45%,$1.77B,$75.28B,4.75%,$2.89B,$29.51B,19.94%,$0,$0,$0,$0,$0,$0,$0,$0,$0,$0,$0,$0,$0,$0,$0,$0,0,$0.00,$0.00,$6270,$0,$0,$65562,$534,$6221,$476,$2490,$9721,$75283,$45776,$19729,$0,$19729,$65505,$5,$7373,$-75,$9778,$75283,$0,$0,$0,$0,$0,$0,$0,$0,$0,$0,$0,$0,$0,$0,$0,$0,$0,$0,$0,$0,$0,$0,$0,$0,$0,$0,$0,$0,$0
25,2012-09-30,35.6,$0.00,0.0,$17.34,2.05,$14.23,2.5,$2.20,16.18,$0.00B,$0.00B,0.0,$0.00B,$0.00B,0.0,$9.00B,$7.68B,85.35%,$9.00B,$3.75B,41.69%,$9.00B,0,0.00%,$9.00B,0,0.00%,$9.00B,$3.75B,41.69%,$9.00B,$2.30B,25.59%,$2.30B,$0.00B,51.07%,$2.30B,$0.00B,53.81%,$2.30B,$0.00B,6.31%,$3.75B,$0.00B,26.66%,$2326,$321,$2005,$0,$977,$1298,$1028,$0,$1028,$391,$637,$637,$631,$0,$0,$510,511,$1.24,$1.24,$0,$0,$0,$0,$0,$0,$0,$0,$0,$0,$0,$0,$0,$0,$0,$0,$0,$0,$0,$0,$1812,$74,$423,$497,$-273,$0,$0,$-201,$217,$2526,$-109,$0,$0,$0,$139,$139,$-1298,$-1268,$1951,$234,$2185,$-901,$-901,$-159,$2319,$3444,$4702,$33,$-159
26,2012-08-31,34.71,$18.02,1.93,$16.84,2.06,$10.77,3.22,$2.17,15.99,$64.01B,$45.52B,1.41,$19.25B,$9.15B,2.1,$8.83B,$7.48B,84.74%,$8.83B,$3.77B,42.73%,$8.83B,0,0.00%,$8.83B,0,0.00%,$8.83B,$3.77B,42.73%,$8.83B,$2.32B,26.25%,$2.32B,$9.15B,51.36%,$2.32B,$8.67B,54.12%,$2.32B,$73.91B,6.35%,$3.77B,$28.39B,26.79%,$2289,$325,$1964,$0,$952,$1278,$1012,$0,$1012,$385,$627,$627,$621,$0,$0,$513,514,$1.21,$1.21,$6539,$0,$0,$64009,$520,$6468,$479,$2433,$9900,$73909,$45517,$19246,$0,$19246,$64763,$6,$6878,$-31,$9146,$73909,$1794,$-186,$713,$527,$-280,$0,$0,$-130,$-162,$2159,$-104,$0,$0,$-0,$-220,$-220,$-1716,$-2041,$1439,$200,$1639,$-798,$-798,$-159,$2587,$3269,$3388,$36,$-159
27,2012-06-30,30.9,$0.00,0.0,$16.52,1.87,$8.63,3.58,$2.17,14.24,$0.00B,$0.00B,0.0,$0.00B,$0.00B,0.0,$8.74B,$7.36B,84.26%,$8.74B,$3.77B,43.21%,$8.74B,0,0.00%,$8.74B,0,0.00%,$8.74B,$3.77B,43.21%,$8.74B,$2.32B,26.56%,$2.32B,$0.00B,52.35%,$2.32B,$0.00B,55.09%,$2.32B,$0.00B,6.51%,$3.77B,$0.00B,27.20%,$2198,$332,$1866,$0,$1020,$1352,$846,$0,$846,$321,$525,$525,$520,$0,$0,$523,524,$0.99,$0.99,$0,$0,$0,$0,$0,$0,$0,$0,$0,$0,$0,$0,$0,$0,$0,$0,$0,$0,$0,$0,$1175,$28,$345,$373,$-105,$0,$0,$-66,$-36,$1512,$-62,$0,$0,$0,$-43,$-43,$-374,$-479,$1203,$96,$1299,$-525,$-525,$-107,$2036,$2703,$3736,$21,$-107
28,2012-05-31,29.59,$17.20,1.72,$12.33,2.4,$5.86,5.05,$1.18,25.07,$62.10B,$44.16B,1.41,$19.02B,$8.90B,2.14,$6.54B,$5.49B,84.04%,$6.54B,$2.93B,44.79%,$6.54B,0,0.00%,$6.54B,0,0.00%,$6.54B,$2.93B,44.79%,$6.54B,$1.80B,27.54%,$1.80B,$8.90B,27.72%,$1.80B,$8.46B,29.21%,$1.80B,$72.08B,3.41%,$2.93B,$27.92B,14.28%,$2189,$341,$1848,$0,$981,$1322,$867,$0,$867,$331,$537,$537,$532,$0,$0,$528,529,$1.01,$1.00,$6915,$0,$0,$62103,$492,$6652,$440,$2395,$9980,$72083,$44161,$19024,$0,$19024,$63185,$6,$6303,$-41,$8899,$72083,$1168,$-130,$539,$409,$1,$0,$0,$-117,$-74,$1503,$-55,$0,$0,$-0,$-514,$-514,$-1152,$-1722,$1243,$-50,$1193,$-447,$-447,$-107,$1842,$2482,$2262,$24,$-107
29,2012-03-31,29.7,$0.00,0.0,$12.14,2.45,$8.05,3.69,$1.18,25.17,$0.00B,$0.00B,0.0,$0.00B,$0.00B,0.0,$6.50B,$5.44B,83.63%,$6.50B,$3.11B,47.82%,$6.50B,0,0.00%,$6.50B,0,0.00%,$6.50B,$3.11B,47.82%,$6.50B,$1.91B,29.39%,$1.91B,$0.00B,30.47%,$1.91B,$0.00B,32.17%,$1.91B,$0.00B,3.73%,$3.11B,$0.00B,15.57%,$2152,$349,$1803,$0,$756,$1105,$1047,$0,$1047,$397,$650,$650,$644,$0,$0,$530,531,$1.22,$1.21,$0,$0,$0,$0,$0,$0,$0,$0,$0,$0,$0,$0,$0,$0,$0,$0,$0,$0,$0,$0,$650,$11,$127,$138,$1,$0,$0,$-16,$-83,$705,$-31,$0,$0,$0,$23,$23,$1311,$1303,$886,$0,$886,$-260,$-260,$-53,$970,$1543,$3551,$10,$-53
30,2012-02-29,26.74,$16.66,1.61,$11.96,2.24,$10.75,2.49,0,0.0,$61.00B,$42.90B,1.42,$18.75B,$8.83B,2.12,$6.46B,$5.37B,83.06%,$6.46B,$2.99B,46.21%,$6.46B,0,0.00%,$6.46B,0,0.00%,$6.46B,$2.99B,46.21%,$6.46B,$1.86B,28.76%,$1.86B,$8.83B,22.81%,$1.86B,$8.39B,24.12%,$1.86B,$70.49B,2.77%,$2.99B,$27.58B,11.35%,$2196,$353,$1843,$0,$829,$1182,$1014,$0,$1014,$383,$631,$631,$624,$0,$0,$530,531,$1.18,$1.18,$6676,$0,$0,$60997,$487,$6270,$442,$2291,$9489,$70486,$42903,$18754,$0,$18754,$61657,$6,$5821,$-49,$8829,$70486,$631,$-68,$254,$186,$1,$0,$0,$5,$194,$1011,$-26,$0,$0,$0,$-120,$-120,$1276,$1130,$877,$-50,$827,$-12,$-12,$-54,$562,$1324,$3465,$14,$-54
31,2011-11-30,21.13,$0.00,0.0,$11.70,1.81,$11.17,1.89,0,0.0,$59.27B,$42.26B,1.4,$18.29B,$8.24B,2.22,$6.38B,$5.26B,82.38%,$6.38B,$2.69B,42.18%,$6.38B,0,0.00%,$6.38B,0,0.00%,$6.38B,$2.69B,42.18%,$6.38B,$1.69B,26.54%,$1.69B,$8.24B,22.09%,$1.69B,$7.80B,23.46%,$1.69B,$68.78B,2.59%,$2.69B,$26.53B,10.40%,$0,$0,$0,$0,$0,$0,$0,$0,$0,$0,$0,$0,$0,$0,$0,$0,0,$0.00,$0.00,$4136,$0,$0,$59267,$483,$6206,$443,$2384,$9517,$68784,$42255,$18287,$0,$18287,$60542,$5,$5243,$-52,$8242,$68784,$0,$0,$0,$0,$0,$0,$0,$0,$0,$0,$0,$0,$0,$0,$0,$0,$0,$0,$0,$0,$0,$0,$0,$0,$0,$0,$0,$0,$0
32,2011-08-31,22.26,$14.88,1.5,$11.70,1.9,$11.17,1.99,0,0.0,$56.70B,$40.00B,1.42,$17.72B,$8.01B,2.21,$6.38B,$5.26B,82.38%,$6.38B,$2.69B,42.18%,$6.38B,0,0.00%,$6.38B,0,0.00%,$6.38B,$2.69B,42.18%,$6.38B,$1.69B,26.54%,$1.69B,$8.01B,23.46%,$1.69B,$7.56B,25.00%,$1.69B,$65.73B,2.67%,$2.69B,$25.72B,10.64%,$2151,$362,$1789,$0,$742,$1104,$1047,$0,$1047,$398,$649,$649,$642,$0,$0,$544,545,$1.18,$1.18,$4895,$0,$0,$56704,$466,$5952,$445,$2159,$9022,$65726,$40002,$17718,$0,$17718,$57720,$5,$4763,$-20,$8006,$65726,$1714,$-160,$1069,$909,$-6,$0,$0,$32,$133,$2756,$-70,$0,$-401,$375,$-839,$-464,$-2991,$-3926,$-2960,$100,$-2860,$-190,$-190,$-70,$3148,$28,$-1141,$34,$-70
33,2011-05-31,21.05,$13.79,1.53,$11.59,1.82,$11.14,1.89,0,0.0,$54.67B,$37.98B,1.44,$17.94B,$7.52B,2.38,$6.33B,$5.18B,81.81%,$6.33B,$2.08B,32.81%,$6.33B,0,0.00%,$6.33B,0,0.00%,$6.33B,$2.08B,32.81%,$6.33B,$1.31B,20.73%,$1.31B,$7.52B,19.46%,$1.31B,$7.08B,20.84%,$1.31B,$63.44B,2.12%,$2.08B,$25.46B,8.37%,$2117,$380,$1737,$0,$811,$1191,$926,$0,$926,$326,$600,$600,$593,$0,$0,$546,546,$1.09,$1.09,$4787,$0,$0,$54665,$471,$5557,$447,$2297,$8773,$63438,$37976,$17939,$0,$17939,$55914,$5,$4148,$-66,$7523,$63438,$1065,$-133,$807,$674,$-6,$0,$0,$58,$480,$2218,$-50,$0,$-401,$375,$-477,$-102,$-1145,$-1698,$-2710,$100,$-2610,$2,$2,$-41,$803,$-1846,$-1326,$23,$-41
34,2011-02-28,19.16,$12.65,1.51,$11.46,1.67,$11.57,1.66,0,0.0,$54.48B,$37.62B,1.45,$18.99B,$6.90B,2.75,$6.28B,$5.10B,81.26%,$6.28B,$1.57B,25.06%,$6.28B,0,0.00%,$6.28B,0,0.00%,$6.28B,$1.57B,25.06%,$6.28B,$0.98B,15.57%,$0.98B,$6.90B,15.34%,$0.98B,$6.45B,16.49%,$0.98B,$63.51B,1.59%,$1.57B,$25.89B,6.41%,$2116,$383,$1733,$0,$1013,$1396,$720,$0,$720,$255,$465,$465,$459,$0,$0,$545,546,$0.84,$0.84,$5847,$0,$0,$54477,$459,$5616,$449,$2506,$9029,$63507,$37617,$18990,$0,$18990,$56607,$5,$3580,$-106,$6899,$63507,$465,$-59,$526,$467,$0,$0,$0,$-44,$326,$1258,$-16,$0,$-366,$0,$-200,$-200,$504,$-78,$-1634,$100,$-1534,$-4,$-4,$-11,$442,$-1107,$73,$12,$-11
35,2010-11-30,16.08,$0.00,0.0,$11.45,1.4,$11.36,1.42,0,0.0,$52.00B,$36.62B,1.42,$17.71B,$6.46B,2.74,$6.27B,$5.06B,80.73%,$6.27B,$0.68B,10.89%,$6.27B,0,0.00%,$6.27B,0,0.00%,$6.27B,$0.68B,10.89%,$6.27B,$0.42B,6.62%,$0.42B,$6.46B,6.48%,$0.42B,$6.01B,6.96%,$0.42B,$60.79B,0.66%,$0.68B,$24.16B,2.69%,$0,$0,$0,$0,$0,$0,$0,$0,$0,$0,$0,$0,$0,$0,$0,$0,0,$0.00,$0.00,$6462,$0,$0,$51995,$461,$5450,$444,$2435,$8790,$60785,$36622,$17706,$0,$17706,$54328,$5,$3126,$-83,$6457,$60785,$0,$0,$0,$0,$0,$0,$0,$0,$0,$0,$0,$0,$0,$0,$0,$0,$0,$0,$0,$0,$0,$0,$0,$0,$0,$0,$0,$0,$0
36,2010-08-31,12.75,$11.22,1.14,$11.45,1.11,$11.36,1.12,0,0.0,$55.00B,$36.24B,1.52,$17.71B,$6.11B,2.9,$6.27B,$5.06B,80.73%,$6.27B,$0.68B,10.89%,$6.27B,0,0.00%,$6.27B,0,0.00%,$6.27B,$0.68B,10.89%,$6.27B,$0.42B,6.62%,$0.42B,$6.11B,6.01%,$0.42B,$5.67B,6.43%,$0.42B,$60.06B,0.71%,$0.68B,$23.82B,3.09%,$2100,$389,$1711,$0,$1279,$1668,$432,$0,$432,$172,$261,$261,$261,$0,$0,$544,547,$0.47,$0.47,$8608,$0,$0,$54995,$457,$1601,$446,$2559,$5063,$60058,$36238,$17709,$0,$17709,$53946,$5,$2788,$-82,$6111,$60058,$415,$-11,$2900,$2888,$-119,$0,$0,$-230,$-596,$2707,$-29,$0,$0,$975,$-680,$295,$-845,$-579,$-7148,$0,$-7148,$-180,$-1405,$-834,$2154,$-7232,$-5105,$30,$-834
37,2010-05-31,11.8,$11.10,1.06,$11.77,1.0,$11.41,1.03,0,0.0,$57.12B,$37.80B,1.51,$18.31B,$6.04B,3.03,$6.32B,$5.20B,82.23%,$6.32B,$1.19B,18.85%,$6.32B,0,0.00%,$6.32B,0,0.00%,$6.32B,$1.19B,18.85%,$6.32B,$0.73B,11.57%,$0.73B,$6.04B,9.79%,$0.73B,$5.59B,10.42%,$0.73B,$62.15B,1.34%,$1.19B,$24.35B,6.37%,$2065,$405,$1660,$0,$1238,$1642,$422,$0,$422,$164,$258,$258,$258,$0,$0,$544,552,$0.34,$0.33,$11021,$0,$0,$57115,$469,$1446,$448,$2676,$5039,$62154,$37804,$18311,$0,$18311,$56115,$5,$2538,$-74,$6038,$62154,$155,$-8,$2117,$2109,$-99,$0,$0,$-260,$180,$2444,$-17,$0,$0,$975,$-529,$446,$112,$540,$-6545,$0,$-6545,$-5,$-1230,$-823,$2930,$-5669,$-2685,$21,$-823
38,2010-02-28,11.96,$12.90,0.93,$12.06,0.99,$10.93,1.09,0,0.0,$62.29B,$37.41B,1.67,$22.39B,$5.85B,3.83,$6.19B,$5.16B,83.24%,$6.19B,$1.18B,19.12%,$6.19B,0,0.00%,$6.19B,0,0.00%,$6.19B,$1.18B,19.12%,$6.19B,$0.70B,11.29%,$0.70B,$7.02B,8.95%,$0.70B,$6.57B,9.50%,$0.70B,$66.82B,1.42%,$1.18B,$29.41B,7.99%,$2105,$414,$1691,$0,$1862,$2276,$-171,$0,$-171,$-67,$-104,$-104,$-104,$0,$0,$543,543,$-0.22,$-0.22,$16404,$0,$0,$62290,$483,$913,$449,$2684,$4528,$66819,$37412,$22392,$0,$22392,$59804,$5,$2363,$-74,$7015,$66819,$-104,$0,$1297,$1298,$0,$0,$0,$-170,$-59,$1135,$-8,$0,$0,$1175,$-197,$978,$-2085,$-1115,$-2465,$0,$-2465,$-5,$-5,$-801,$2959,$-313,$-292,$11,$-801
39,2009-11-30,13.53,$0.00,0.0,$12.36,1.09,$9.92,1.36,0,0.0,$35.53B,$34.35B,1.03,$2.43B,$7.28B,0.33,$6.09B,$5.16B,84.62%,$6.09B,$1.55B,25.45%,$6.09B,0,0.00%,$6.09B,0,0.00%,$6.09B,$1.55B,25.45%,$6.09B,$0.92B,15.15%,$0.92B,$8.44B,12.21%,$0.92B,$7.98B,12.99%,$0.92B,$46.02B,2.16%,$1.55B,$10.86B,16.62%,$0,$0,$0,$0,$0,$0,$0,$0,$0,$0,$0,$0,$0,$0,$0,$0,0,$0.00,$0.00,$13664,$0,$0,$35531,$499,$6385,$451,$3154,$10490,$46021,$34349,$2428,$0,$2428,$37585,$5,$3873,$-155,$8436,$46021,$0,$0,$0,$0,$0,$0,$0,$0,$0,$0,$0,$0,$0,$0,$0,$0,$0,$0,$0,$0,$0,$0,$0,$0,$0,$0,$0,$0,$0
40,2009-08-31,12.02,$15.45,0.78,$12.36,0.97,$9.92,1.21,0,0.0,$35.17B,$31.86B,1.1,$1.80B,$7.23B,0.25,$6.09B,$5.16B,84.62%,$6.09B,$1.55B,25.45%,$6.09B,0,0.00%,$6.09B,0,0.00%,$6.09B,$1.55B,25.45%,$6.09B,$0.92B,15.15%,$0.92B,$8.39B,13.32%,$0.92B,$7.93B,14.26%,$0.92B,$42.70B,2.24%,$1.55B,$10.18B,18.19%,$2149,$304,$1845,$0,$905,$1209,$940,$0,$940,$362,$577,$577,$577,$0,$0,$513,517,$1.08,$1.07,$11331,$0,$0,$35171,$518,$3267,$453,$3289,$7527,$42698,$31863,$1795,$0,$1795,$34312,$5,$3706,$-25,$8386,$42698,$924,$58,$1864,$1922,$0,$0,$0,$206,$-250,$2596,$-40,$0,$0,$0,$-271,$-271,$-3908,$-4219,$61,$-500,$-439,$599,$1748,$-75,$1046,$2280,$657,$35,$-75
41,2009-05-31,8.34,$15.40,0.54,$11.42,0.73,$10.75,0.78,0,0.0,$35.77B,$32.16B,1.11,$1.43B,$6.26B,0.23,$5.50B,$4.56B,82.93%,$5.50B,$0.89B,16.09%,$5.50B,0,0.00%,$5.50B,0,0.00%,$5.50B,$0.89B,16.09%,$5.50B,$0.53B,9.56%,$0.53B,$7.42B,8.31%,$0.53B,$6.96B,8.90%,$0.53B,$41.52B,1.32%,$0.89B,$8.84B,11.14%,$1939,$320,$1619,$0,$1204,$1524,$415,$0,$415,$189,$226,$226,$226,$0,$0,$482,482,$0.43,$0.43,$10122,$0,$0,$35765,$531,$1529,$455,$3238,$5753,$41518,$32162,$1427,$0,$1427,$34103,$5,$3296,$-53,$7416,$41518,$346,$40,$1356,$1397,$0,$0,$0,$409,$171,$1914,$-28,$0,$0,$0,$-274,$-274,$-3574,$-3877,$-308,$0,$-308,$69,$1218,$-50,$626,$1487,$-476,$25,$-50
42,2009-02-28,4.98,$12.46,0.4,$10.40,0.48,$9.98,0.5,0,0.0,$35.03B,$32.70B,1.07,$1.43B,$6.00B,0.24,$5.02B,$4.09B,81.43%,$5.02B,$0.80B,15.86%,$5.02B,0,0.00%,$5.02B,0,0.00%,$5.02B,$0.80B,15.86%,$5.02B,$0.53B,10.64%,$0.53B,$6.00B,8.99%,$0.53B,$5.54B,9.61%,$0.53B,$40.61B,1.40%,$0.80B,$7.43B,10.38%,$2006,$313,$1693,$0,$1497,$1810,$196,$0,$196,$76,$120,$120,$120,$0,$0,$480,480,$0.25,$0.25,$8724,$0,$0,$35030,$544,$1303,$457,$3273,$5577,$40607,$32702,$1433,$0,$1433,$34607,$5,$3137,$-66,$5999,$40607,$120,$24,$741,$765,$0,$0,$0,$396,$-357,$528,$-17,$0,$0,$0,$-73,$-73,$-3230,$-3320,$-302,$1875,$1573,$-6,$-6,$-29,$-193,$1345,$-1447,$11,$-29
43,2008-11-30,8.84,$0.00,0.0,$9.63,0.92,$10.58,0.84,0,0.0,$34.17B,$31.77B,1.08,$1.74B,$5.92B,0.29,$4.65B,$3.69B,79.41%,$4.65B,$0.99B,21.30%,$4.65B,0,0.00%,$4.65B,0,0.00%,$4.65B,$0.99B,21.30%,$4.65B,$0.50B,10.64%,$0.50B,$5.92B,8.45%,$0.50B,$5.46B,8.99%,$0.50B,$39.89B,1.33%,$0.99B,$7.65B,12.84%,$0,$0,$0,$0,$0,$0,$0,$0,$0,$0,$0,$0,$0,$0,$0,$0,0,$0.00,$0.00,$10171,$0,$0,$34172,$553,$1228,$459,$3481,$5720,$39892,$31768,$1735,$0,$1735,$33977,$5,$3047,$-66,$5916,$39892,$0,$0,$0,$0,$0,$0,$0,$0,$0,$0,$0,$0,$0,$0,$0,$0,$0,$0,$0,$0,$0,$0,$0,$0,$0,$0,$0,$0,$0
44,2008-08-31,14.14,$12.51,1.13,$9.63,1.47,$10.58,1.34,0,0.0,$31.42B,$29.46B,1.07,$1.85B,$6.00B,0.31,$4.65B,$3.69B,79.41%,$4.65B,$0.99B,21.30%,$4.65B,0,0.00%,$4.65B,0,0.00%,$4.65B,$0.99B,21.30%,$4.65B,$0.50B,10.64%,$0.50B,$6.00B,8.57%,$0.50B,$5.69B,9.06%,$0.50B,$37.32B,1.35%,$0.99B,$7.86B,12.80%,$1557,$306,$1251,$0,$977,$1283,$274,$0,$274,$95,$179,$179,$180,$0,$0,$480,484,$0.38,$0.37,$10475,$0,$0,$31416,$564,$1199,$310,$3795,$5902,$37318,$29463,$1854,$0,$1855,$31317,$5,$3117,$-39,$6000,$37318,$495,$129,$1084,$1213,$0,$0,$0,$262,$1165,$2873,$-78,$0,$-91,$0,$3,$3,$-2103,$-2269,$-279,$-759,$-1038,$-6,$-6,$-88,$2248,$1116,$1696,$79,$-88
45,2008-05-31,14.68,$12.20,1.2,$9.49,1.55,$7.42,1.98,0,0.0,$28.55B,$26.49B,1.08,$1.89B,$5.85B,0.32,$4.57B,$3.61B,78.82%,$4.57B,$1.11B,24.20%,$4.57B,0,0.00%,$4.57B,0,0.00%,$4.57B,$1.11B,24.20%,$4.57B,$0.52B,11.30%,$0.52B,$5.85B,9.08%,$0.52B,$5.54B,9.81%,$0.52B,$34.23B,1.43%,$1.11B,$7.74B,14.22%,$1457,$313,$1144,$0,$818,$1131,$326,$0,$326,$124,$202,$202,$234,$0,$0,$479,484,$0.49,$0.48,$8765,$0,$0,$28552,$556,$1055,$311,$3546,$5681,$34234,$26493,$1890,$0,$1890,$28384,$5,$2966,$-25,$5850,$34234,$315,$107,$761,$868,$0,$0,$0,$285,$383,$1566,$-45,$0,$70,$0,$8,$8,$-408,$-375,$-244,$-759,$-1003,$-3,$-3,$-58,$60,$-1005,$162,$63,$-58
