,Date,Stock Price,Book Value per Share,Price to Book Ratio,TTM Sales per Share,Price to Sales Ratio,TTM FCF per Share,Price to FCF Ratio,TTM Net EPS,PE Ratio,Current Assets,Current Liabilities,Current Ratio,Long Term Debt,Shareholder's Equity_x,Debt to Equity Ratio,TTM Revenue_x,TTM Gross Profit,Gross Margin,TTM Revenue_y,TTM Operating Income,Operating Margin,TTM Revenue_x,TTM EBIT,EBIT Margin,TTM Revenue_y,TTM EBITDA,EBITDA Margin,TTM Revenue_x,TTM Pre-Tax Income,Pre-Tax Margin,TTM Revenue_y,TTM Net Income_x,Net Margin,TTM Net Income_y,Shareholder's Equity_y,Return on Equity,TTM Net Income_x,Tangible Equity,Return on Tangible Equity,TTM Net Income_y,Total Assets,Return on Assets,TTM Net Income,LT Investments & Debt,Return on Investment,revenue,cost-goods-sold,gross-profit,research-development-expenses,selling-general-administrative-expenses,operating-expenses,operating-income,total-non-operating-income-expense,pre-tax-income,total-provision-income-taxes,income-after-taxes,income-from-continuous-operations,net-income,ebitda,ebit,basic-shares-outstanding,shares-outstanding,eps-basic-net-earnings-per-share,eps-earnings-per-share-diluted,cash-on-hand,inventory,other-current-assets,total-current-assets,net-property-plant-equipment,long-term-investments,goodwill-intangible-assets-total,other-long-term-assets,total-long-term-assets,total-assets,total-current-liabilities,long-term-debt,other-non-current-liabilities,total-long-term-liabilities,total-liabilities,common-stock-net,retained-earnings-accumulated-deficit,comprehensive-income,total-share-holder-equity,total-liabilities-share-holders-equity,net-income-loss,total-depreciation-amortization-cash-flow,other-non-cash-items,total-non-cash-items,change-in-accounts-receivable,change-in-inventories,change-in-accounts-payable,change-in-assets-liabilities,total-change-in-assets-liabilities,cash-flow-from-operating-activities,net-change-in-property-plant-equipment,net-change-in-intangible-assets,net-acquisitions-divestitures,net-change-in-short-term-investments,net-change-in-long-term-investments,net-change-in-investments-total,investing-activities-other,cash-flow-from-investing-activities,net-long-term-debt,net-current-debt,debt-issuance-retirement-net-total,net-common-equity-issued-repurchased,net-total-equity-issued-repurchased,total-common-preferred-stock-dividends-paid,financial-activities-other,cash-flow-from-financial-activities,net-cash-flow,stock-based-compensation,common-stock-dividends-paid
0,2018-07-31,98.15,$24.02,4.09,$90.89,1.08,$10.79,9.1,$6.44,15.24,$4.52B,$2.92B,1.55,$2.78B,$6.38B,0.44,$24.59B,$7.57B,30.78%,$24.59B,$2.08B,8.44%,$24.59B,$2.08B,8.44%,$24.59B,$2.51B,10.19%,$24.59B,$1.98B,8.04%,$24.59B,$1.74B,7.06%,$1.74B,$6.38B,28.38%,$1.74B,$0.84B,298.33%,$1.74B,$12.94B,13.81%,$2.08B,$9.16B,23.41%,$6443,$4468,$1975,$0,$1429,$5898,$545,$-26,$519,$112,$407,$407,$407,$658,$545,$266,267,$1.53,$1.52,$265,$3896,$0,$4518,$2857,$0,$5539,$30,$8426,$12944,$2916,$2777,$303,$3649,$6565,$232,$2928,$-4,$6379,$12944,$772,$222,$47,$269,$0,$-293,$271,$-26,$56,$1097,$-370,$0,$0,$0,$0,$0,$0,$-370,$-76,$-149,$-226,$-350,$-350,$-155,$-0,$-730,$-2,$22,$-155
1,2018-04-30,96.25,$23.31,4.13,$88.04,1.09,$9.79,9.83,$6.00,16.04,$4.17B,$2.53B,1.65,$2.86B,$6.24B,0.46,$23.98B,$7.38B,30.80%,$23.98B,$2.02B,8.44%,$23.98B,$2.02B,8.44%,$23.98B,$2.44B,10.17%,$23.98B,$1.93B,8.03%,$23.98B,$1.63B,6.78%,$1.63B,$6.24B,27.32%,$1.63B,$0.70B,397.07%,$1.63B,$12.49B,13.13%,$2.02B,$9.10B,23.34%,$6114,$4252,$1862,$0,$1372,$5624,$490,$-25,$465,$101,$365,$365,$365,$600,$490,$268,269,$1.36,$1.36,$284,$3595,$0,$4166,$2758,$0,$5539,$30,$8327,$12493,$2525,$2862,$304,$3732,$6257,$234,$2796,$-4,$6236,$12493,$365,$109,$24,$133,$0,$12,$5,$3,$51,$549,$-164,$0,$0,$0,$0,$0,$0,$-164,$99,$-237,$-138,$-150,$-150,$-78,$-2,$-368,$17,$12,$-78
2,2018-01-31,102.51,$22.80,4.5,$85.70,1.2,$9.69,10.58,$5.66,18.11,$4.25B,$2.97B,1.43,$2.61B,$6.13B,0.43,$23.47B,$7.22B,30.77%,$23.47B,$2.01B,8.55%,$23.47B,$2.01B,8.55%,$23.47B,$2.41B,10.27%,$23.47B,$1.91B,8.12%,$23.47B,$1.54B,6.56%,$1.54B,$6.13B,26.67%,$1.54B,$0.59B,661.94%,$1.54B,$12.52B,12.61%,$2.01B,$8.73B,23.80%,$6129,$4164,$1965,$0,$1342,$5506,$623,$-24,$599,$-113,$712,$712,$712,$729,$623,$273,273,$2.61,$2.60,$267,$3609,$0,$4248,$2701,$0,$5539,$29,$8269,$12517,$2965,$2605,$306,$3426,$6391,$235,$2698,$-4,$6126,$12517,$1539,$404,$-89,$315,$0,$-348,$428,$-51,$-52,$1802,$-645,$0,$0,$0,$0,$0,$0,$-645,$-153,$-60,$-213,$-580,$-580,$-283,$-1,$-1078,$80,$34,$-283
3,2017-10-31,80.14,$21.15,3.79,$84.57,0.95,$9.19,8.72,$4.52,17.73,$4.15B,$2.94B,1.41,$2.72B,$5.74B,0.47,$23.35B,$7.16B,30.65%,$23.35B,$2.07B,8.84%,$23.35B,$2.07B,8.84%,$23.35B,$2.46B,10.53%,$23.35B,$1.96B,8.40%,$23.35B,$1.24B,5.31%,$1.24B,$5.74B,22.19%,$1.24B,$0.21B,2363.81%,$1.24B,$12.38B,10.35%,$2.07B,$8.46B,24.95%,$5904,$4137,$1766,$0,$1349,$5486,$417,$-24,$393,$141,$253,$253,$253,$518,$417,$272,273,$0.93,$0.93,$226,$3597,$0,$4153,$2655,$0,$5539,$27,$8221,$12375,$2938,$2720,$282,$3693,$6631,$238,$2335,$-4,$5744,$12375,$827,$299,$79,$377,$0,$-340,$384,$-17,$-61,$1143,$-488,$0,$0,$0,$0,$0,$0,$-488,$-152,$59,$-93,$-299,$-299,$-213,$-12,$-617,$38,$25,$-213
4,2017-07-31,74.27,$20.81,3.57,$81.85,0.91,$9.36,7.93,$4.43,16.76,$3.98B,$2.81B,1.42,$2.68B,$5.69B,0.47,$22.77B,$6.98B,30.65%,$22.77B,$2.04B,8.96%,$22.77B,$2.04B,8.96%,$22.77B,$2.43B,10.67%,$22.77B,$1.94B,8.51%,$22.77B,$1.22B,5.37%,$1.22B,$5.69B,22.25%,$1.22B,$0.15B,-2844.19%,$1.22B,$12.12B,10.30%,$2.04B,$8.37B,24.98%,$5828,$4038,$1791,$0,$1297,$5335,$493,$-24,$469,$175,$295,$295,$295,$592,$493,$274,274,$1.08,$1.08,$214,$3463,$0,$3980,$2575,$0,$5539,$27,$8141,$12121,$2807,$2683,$284,$3627,$6434,$239,$2286,$-5,$5687,$12121,$574,$198,$38,$236,$0,$-205,$292,$-45,$-24,$786,$-314,$0,$0,$0,$0,$0,$0,$-314,$-151,$25,$-126,$-164,$-164,$-142,$-14,$-446,$26,$17,$-142
5,2017-04-30,71.85,$20.16,3.56,$79.56,0.9,$9.50,7.57,$4.43,16.22,$3.75B,$2.69B,1.39,$2.63B,$5.53B,0.48,$22.33B,$6.87B,30.76%,$22.33B,$2.06B,9.21%,$22.33B,$2.06B,9.21%,$22.33B,$2.44B,10.94%,$22.33B,$1.95B,8.75%,$22.33B,$1.24B,5.53%,$1.24B,$5.53B,22.75%,$1.24B,$-0.01B,-1107.62%,$1.24B,$11.80B,10.51%,$2.06B,$8.16B,25.49%,$5610,$3911,$1699,$0,$1225,$5136,$474,$-29,$445,$166,$279,$279,$279,$572,$474,$275,275,$1.02,$1.02,$206,$3300,$0,$3749,$2487,$0,$5539,$21,$8047,$11796,$2692,$2632,$281,$3575,$6267,$240,$2136,$-5,$5529,$11796,$279,$99,$24,$123,$0,$-42,$57,$-12,$108,$510,$-143,$0,$0,$0,$0,$0,$0,$-143,$-151,$-23,$-174,$-89,$-89,$-71,$-15,$-349,$18,$9,$-71
6,2017-01-31,72.67,$19.64,3.7,$77.53,0.94,$9.23,7.88,$4.44,16.37,$3.68B,$2.62B,1.4,$2.71B,$5.41B,0.5,$21.99B,$6.78B,30.86%,$21.99B,$2.06B,9.39%,$21.99B,$2.06B,9.39%,$21.99B,$2.44B,11.11%,$21.99B,$1.97B,8.94%,$21.99B,$1.25B,5.69%,$1.25B,$5.41B,23.20%,$1.25B,$-0.13B,-852.47%,$1.25B,$11.67B,10.76%,$2.06B,$8.12B,25.40%,$6009,$4108,$1901,$0,$1220,$5329,$681,$-26,$655,$241,$414,$414,$414,$778,$681,$281,282,$1.50,$1.48,$188,$3259,$0,$3678,$2434,$0,$5539,$21,$7995,$11672,$2623,$2711,$280,$3643,$6266,$241,$2016,$-5,$5406,$11672,$1251,$380,$46,$426,$0,$-172,$56,$-26,$-72,$1605,$-551,$0,$0,$0,$0,$0,$0,$-551,$-3,$240,$236,$-990,$-990,$-281,$11,$-1024,$30,$37,$-281
7,2016-10-31,67.79,$19.41,3.49,$74.15,0.91,$8.50,7.97,$4.25,15.95,$3.97B,$2.96B,1.34,$2.67B,$5.36B,0.5,$21.26B,$6.57B,30.87%,$21.26B,$2.00B,9.38%,$21.26B,$2.00B,9.38%,$21.26B,$2.37B,11.13%,$21.26B,$1.90B,8.94%,$21.26B,$1.21B,5.70%,$1.21B,$5.36B,22.52%,$1.21B,$-0.18B,-787.66%,$1.21B,$11.92B,10.52%,$2.00B,$8.04B,24.38%,$5320,$3733,$1588,$0,$1195,$4927,$393,$-24,$369,$134,$235,$235,$235,$488,$393,$280,281,$0.84,$0.84,$200,$3488,$0,$3969,$2388,$0,$5539,$21,$7949,$11917,$2960,$2673,$285,$3595,$6555,$244,$1978,$-5,$5362,$11917,$837,$282,$26,$309,$0,$-405,$439,$-31,$-21,$1124,$-402,$0,$0,$0,$0,$0,$0,$-402,$-1,$202,$201,$-679,$-679,$-212,$10,$-681,$42,$28,$-212
8,2016-07-31,92.64,$19.21,4.82,$72.53,1.28,$7.38,12.56,$4.27,21.69,$3.71B,$2.72B,1.36,$2.56B,$5.41B,0.47,$21.01B,$6.51B,31.00%,$21.01B,$2.03B,9.64%,$21.01B,$2.03B,9.64%,$21.01B,$2.39B,11.38%,$21.01B,$1.93B,9.20%,$21.01B,$1.23B,5.86%,$1.23B,$5.41B,22.88%,$1.23B,$-0.13B,-775.43%,$1.23B,$11.62B,10.83%,$2.03B,$7.97B,24.45%,$5392,$3710,$1682,$0,$1173,$4883,$509,$-24,$485,$178,$307,$307,$307,$604,$509,$283,284,$1.08,$1.08,$185,$3271,$0,$3708,$2349,$0,$5539,$21,$7909,$11617,$2719,$2556,$281,$3485,$6204,$247,$2035,$-5,$5413,$11617,$602,$187,$29,$216,$0,$-192,$214,$-35,$-24,$793,$-265,$0,$0,$0,$0,$0,$0,$-265,$-1,$86,$85,$-455,$-455,$-142,$11,$-501,$27,$19,$-142
9,2016-04-30,79.87,$18.99,4.21,$70.74,1.13,$6.66,12.0,$4.14,19.29,$3.48B,$2.01B,1.73,$2.99B,$5.39B,0.56,$20.72B,$6.42B,30.99%,$20.72B,$1.99B,9.62%,$20.72B,$1.99B,9.62%,$20.72B,$2.35B,11.34%,$20.72B,$1.90B,9.19%,$20.72B,$1.21B,5.82%,$1.21B,$5.39B,22.41%,$1.21B,$-0.15B,-765.71%,$1.21B,$11.32B,10.71%,$1.99B,$8.38B,23.90%,$5265,$3653,$1613,$0,$1132,$4785,$481,$-24,$457,$162,$295,$295,$295,$573,$481,$286,287,$1.03,$1.03,$188,$3072,$0,$3477,$2278,$0,$5539,$21,$7839,$11316,$2012,$2990,$279,$3916,$5928,$249,$2021,$-6,$5388,$11316,$295,$92,$17,$110,$0,$3,$-55,$-17,$-1,$404,$-99,$0,$0,$0,$0,$0,$0,$-99,$-0,$20,$20,$-231,$-231,$-71,$7,$-276,$30,$10,$-71
10,2016-01-31,72.97,$18.76,3.89,$68.68,1.06,$6.49,11.25,$3.95,18.47,$3.43B,$2.00B,1.72,$2.97B,$5.38B,0.55,$20.37B,$6.31B,30.96%,$20.37B,$1.94B,9.52%,$20.37B,$1.94B,9.52%,$20.37B,$2.29B,11.25%,$20.37B,$1.85B,9.10%,$20.37B,$1.16B,5.71%,$1.16B,$5.38B,21.63%,$1.16B,$-0.16B,-735.55%,$1.16B,$11.26B,10.42%,$1.94B,$8.35B,23.53%,$5287,$3605,$1682,$0,$1070,$4675,$612,$-23,$589,$213,$376,$376,$376,$702,$612,$294,295,$1.30,$1.30,$158,$3074,$0,$3432,$2264,$0,$5540,$22,$7825,$11258,$1996,$2969,$275,$3884,$5880,$251,$2026,$-6,$5378,$11258,$1165,$352,$59,$411,$0,$-290,$106,$-26,$-185,$1392,$-503,$0,$0,$0,$0,$0,$0,$-503,$-3,$251,$248,$-1300,$-1300,$-258,$-0,$-1310,$-422,$39,$-258
11,2015-10-31,65.68,$18.37,3.58,$66.92,0.98,$6.60,9.94,$3.82,17.19,$3.49B,$1.99B,1.75,$3.11B,$5.34B,0.58,$20.02B,$6.19B,30.91%,$20.02B,$1.90B,9.47%,$20.02B,$1.90B,9.47%,$20.02B,$2.24B,11.20%,$20.02B,$1.81B,9.04%,$20.02B,$1.14B,5.71%,$1.14B,$5.34B,20.92%,$1.14B,$-0.20B,-1518.94%,$1.14B,$11.29B,10.24%,$1.90B,$8.45B,22.99%,$5067,$3530,$1537,$0,$1113,$4643,$424,$-22,$402,$149,$253,$253,$253,$512,$424,$292,293,$0.87,$0.86,$183,$3102,$0,$3489,$2237,$0,$5540,$23,$7800,$11288,$1992,$3105,$280,$3953,$5945,$255,$1999,$-6,$5344,$11288,$789,$263,$-23,$241,$0,$-317,$76,$-25,$-220,$809,$-386,$0,$0,$0,$0,$0,$0,$-386,$-3,$388,$385,$-1009,$-1009,$-195,$-1,$-820,$-397,$29,$-195
12,2015-07-31,77.65,$18.39,4.22,$65.16,1.19,$6.98,11.12,$3.74,20.76,$3.43B,$2.16B,1.59,$2.76B,$5.42B,0.51,$19.68B,$6.08B,30.88%,$19.68B,$1.87B,9.48%,$19.68B,$1.87B,9.48%,$19.68B,$2.21B,11.24%,$19.68B,$1.78B,9.04%,$19.68B,$1.13B,5.72%,$1.13B,$5.42B,20.60%,$1.13B,$-0.12B,-1486.47%,$1.13B,$11.20B,10.18%,$1.87B,$8.18B,22.94%,$5096,$3508,$1588,$0,$1112,$4620,$476,$-21,$455,$173,$282,$282,$282,$563,$476,$296,297,$0.95,$0.95,$181,$3030,$0,$3425,$2196,$0,$5540,$35,$7770,$11195,$2155,$2762,$282,$3621,$5776,$258,$2082,$-6,$5419,$11195,$536,$175,$-5,$169,$0,$-247,$134,$-31,$-120,$585,$-247,$0,$0,$0,$0,$0,$0,$-247,$-51,$173,$122,$-734,$-734,$-131,$6,$-737,$-399,$20,$-131
13,2015-04-30,70.05,$18.13,3.86,$63.52,1.1,$6.82,10.28,$3.62,19.35,$3.25B,$2.07B,1.57,$2.61B,$5.39B,0.49,$19.31B,$5.94B,30.79%,$19.31B,$1.82B,9.42%,$19.31B,$1.82B,9.42%,$19.31B,$2.16B,11.20%,$19.31B,$1.73B,8.96%,$19.31B,$1.10B,5.67%,$1.10B,$5.39B,20.34%,$1.10B,$-0.15B,-696.34%,$1.10B,$10.96B,9.98%,$1.82B,$8.00B,22.50%,$4919,$3420,$1499,$0,$1071,$4490,$428,$-22,$407,$153,$253,$253,$253,$515,$428,$301,302,$0.84,$0.84,$225,$2839,$0,$3245,$2135,$0,$5540,$36,$7712,$10957,$2073,$2614,$286,$3498,$5571,$260,$2062,$-7,$5386,$10957,$253,$87,$1,$89,$0,$-57,$40,$-13,$28,$370,$-100,$0,$0,$0,$0,$0,$0,$-100,$-25,$0,$-25,$-535,$-535,$-66,$1,$-625,$-355,$10,$-66
14,2015-01-31,64.42,$18.82,3.42,$61.81,1.04,$6.46,9.97,$3.50,18.41,$3.53B,$1.96B,1.8,$2.62B,$5.71B,0.46,$18.91B,$5.80B,30.69%,$18.91B,$1.77B,9.36%,$18.91B,$1.77B,9.36%,$18.91B,$2.11B,11.16%,$18.91B,$1.68B,8.88%,$18.91B,$1.06B,5.63%,$1.06B,$5.71B,20.28%,$1.06B,$0.17B,-358.55%,$1.06B,$11.21B,9.78%,$1.77B,$8.33B,22.01%,$4939,$3374,$1565,$0,$999,$4372,$567,$-22,$545,$190,$355,$355,$355,$653,$567,$305,306,$1.17,$1.16,$580,$2783,$0,$3533,$2116,$0,$5540,$19,$7676,$11209,$1962,$2624,$285,$3536,$5499,$266,$2403,$-7,$5710,$11209,$1065,$342,$28,$371,$0,$-234,$97,$-27,$-109,$1327,$-372,$0,$0,$0,$0,$0,$0,$-372,$-78,$0,$-78,$-800,$-800,$0,$-2,$-881,$74,$37,$0
15,2014-10-31,60.2,$17.61,3.42,$59.53,1.01,$6.31,9.54,$3.34,18.02,$3.18B,$2.01B,1.58,$2.67B,$5.34B,0.5,$18.46B,$5.67B,30.72%,$18.46B,$1.74B,9.43%,$18.46B,$1.74B,9.43%,$18.46B,$2.08B,11.27%,$18.46B,$1.65B,8.94%,$18.46B,$1.03B,5.58%,$1.03B,$5.34B,19.95%,$1.03B,$-0.20B,-274.75%,$1.03B,$10.88B,9.55%,$1.74B,$8.01B,21.78%,$4724,$3301,$1424,$0,$1030,$4330,$394,$-22,$372,$136,$236,$236,$236,$480,$394,$303,304,$0.78,$0.78,$216,$2789,$0,$3179,$2121,$0,$5541,$36,$7698,$10877,$2011,$2666,$288,$3523,$5534,$265,$2048,$-8,$5344,$10877,$710,$256,$-12,$243,$0,$-239,$101,$-31,$-113,$841,$-287,$0,$0,$0,$0,$0,$0,$-287,$-52,$0,$-52,$-800,$-800,$0,$9,$-843,$-289,$28,$0
16,2014-07-31,53.05,$16.80,3.16,$57.58,0.92,$5.47,9.69,$3.30,16.08,$3.14B,$1.97B,1.6,$2.88B,$5.10B,0.57,$18.12B,$5.58B,30.77%,$18.12B,$1.74B,9.59%,$18.12B,$1.74B,9.59%,$18.12B,$2.08B,11.46%,$18.12B,$1.65B,9.09%,$18.12B,$1.03B,5.69%,$1.03B,$5.10B,20.03%,$1.03B,$-0.45B,-261.76%,$1.03B,$10.83B,9.58%,$1.74B,$7.98B,21.64%,$4724,$3268,$1456,$0,$1027,$4296,$429,$-23,$406,$155,$251,$251,$251,$514,$429,$303,304,$0.83,$0.83,$172,$2789,$0,$3141,$2107,$0,$5542,$36,$7685,$10826,$1969,$2881,$296,$3760,$5730,$265,$1811,$-9,$5096,$10826,$474,$169,$-28,$141,$0,$-236,$104,$-30,$-128,$487,$-191,$0,$0,$0,$0,$0,$0,$-191,$-27,$190,$163,$-800,$-800,$0,$7,$-629,$-333,$18,$0
17,2014-04-30,54.22,$15.93,3.4,$55.53,0.98,$5.04,10.76,$3.22,16.84,$2.94B,$1.86B,1.58,$3.01B,$4.83B,0.62,$17.79B,$5.50B,30.90%,$17.79B,$1.72B,9.67%,$17.79B,$1.72B,9.67%,$17.79B,$2.06B,11.57%,$17.79B,$1.63B,9.18%,$17.79B,$1.03B,5.77%,$1.03B,$4.83B,19.79%,$1.03B,$-0.71B,-283.03%,$1.03B,$10.60B,9.56%,$1.72B,$7.84B,21.37%,$4522,$3164,$1358,$0,$978,$4142,$380,$-22,$357,$135,$222,$222,$222,$464,$380,$309,310,$0.72,$0.72,$166,$2605,$0,$2943,$2080,$0,$5544,$35,$7659,$10602,$1863,$3006,$300,$3906,$5770,$265,$1560,$-10,$4832,$10602,$222,$84,$-19,$65,$0,$-52,$-62,$-25,$-36,$251,$-84,$0,$0,$0,$0,$0,$0,$-84,$-1,$290,$289,$-800,$-800,$0,$5,$-507,$-339,$9,$0
18,2014-01-31,54.1,$17.04,3.18,$53.86,1.0,$4.49,12.05,$3.17,17.07,$3.21B,$1.81B,1.77,$2.74B,$5.40B,0.51,$17.51B,$5.44B,31.05%,$17.51B,$1.74B,9.92%,$17.51B,$1.74B,9.92%,$17.51B,$2.07B,11.82%,$17.51B,$1.63B,9.31%,$17.51B,$1.02B,5.85%,$1.02B,$5.40B,19.42%,$1.02B,$-0.14B,-367.68%,$1.02B,$10.87B,9.56%,$1.74B,$8.15B,21.44%,$4494,$3059,$1435,$0,$897,$3956,$538,$-22,$516,$194,$322,$322,$322,$623,$538,$323,324,$1.00,$1.01,$506,$2553,$0,$3206,$2080,$0,$5546,$35,$7662,$10868,$1812,$2743,$297,$3653,$5465,$277,$2125,$-10,$5402,$10868,$1025,$333,$-41,$292,$0,$-145,$37,$-7,$-104,$1213,$-250,$0,$0,$0,$0,$0,$0,$-250,$177,$-131,$46,$-620,$-620,$0,$-25,$-598,$365,$21,$0
19,2013-10-31,55.5,$16.47,3.37,$52.56,1.06,$3.20,17.37,$3.13,17.73,$2.90B,$1.75B,1.66,$2.87B,$5.28B,0.55,$17.22B,$5.37B,31.17%,$17.22B,$1.72B,9.99%,$17.22B,$1.72B,9.99%,$17.22B,$2.05B,11.90%,$17.22B,$1.61B,9.34%,$17.22B,$1.02B,5.92%,$1.02B,$5.28B,19.72%,$1.02B,$-0.27B,-264.16%,$1.02B,$10.78B,9.63%,$1.72B,$8.15B,21.50%,$4382,$3053,$1328,$0,$938,$3992,$390,$-22,$369,$131,$237,$237,$237,$475,$390,$322,323,$0.74,$0.74,$166,$2592,$0,$2904,$2287,$0,$5549,$36,$7872,$10776,$1753,$2874,$231,$3748,$5501,$280,$2000,$-10,$5275,$10776,$703,$248,$10,$258,$0,$-187,$-3,$3,$-200,$761,$-443,$0,$0,$0,$0,$0,$0,$-443,$177,$-25,$153,$-420,$-420,$0,$-25,$-293,$25,$16,$0
20,2013-07-31,52.52,$16.17,3.25,$50.85,1.03,$2.93,17.95,$3.01,17.45,$2.87B,$1.74B,1.65,$2.85B,$5.23B,0.54,$16.80B,$5.27B,31.34%,$16.80B,$1.69B,10.06%,$16.80B,$1.69B,10.06%,$16.80B,$2.01B,11.97%,$16.80B,$1.57B,9.35%,$16.80B,$0.99B,5.89%,$0.99B,$5.23B,19.67%,$0.99B,$-0.32B,-188.93%,$0.99B,$10.70B,9.47%,$1.69B,$8.08B,21.40%,$4395,$3017,$1377,$0,$964,$3982,$413,$-21,$392,$147,$245,$245,$245,$496,$413,$325,326,$0.76,$0.75,$169,$2534,$0,$2865,$2245,$0,$5551,$39,$7835,$10700,$1740,$2845,$235,$3728,$5468,$283,$1960,$-10,$5231,$10700,$466,$163,$11,$174,$0,$-133,$-11,$-16,$-156,$484,$-308,$0,$0,$0,$0,$0,$0,$-308,$178,$-79,$99,$-220,$-220,$0,$-26,$-147,$28,$11,$0
21,2013-04-30,50.04,$15.82,3.16,$49.12,1.02,$2.59,19.29,$2.90,17.25,$2.72B,$1.60B,1.7,$2.84B,$5.18B,0.55,$16.36B,$5.15B,31.50%,$16.36B,$1.67B,10.18%,$16.36B,$1.67B,10.18%,$16.36B,$1.98B,12.09%,$16.36B,$1.50B,9.20%,$16.36B,$0.96B,5.86%,$0.96B,$5.18B,19.46%,$0.96B,$-0.38B,-151.50%,$0.96B,$10.49B,9.30%,$1.67B,$8.01B,21.33%,$4234,$2939,$1295,$0,$900,$3839,$395,$-43,$352,$132,$220,$220,$220,$475,$395,$327,328,$0.67,$0.67,$156,$2414,$0,$2724,$2177,$0,$5555,$37,$7769,$10494,$1600,$2835,$233,$3714,$5315,$286,$1911,$-12,$5179,$10494,$220,$80,$11,$91,$0,$-16,$-138,$-14,$-164,$147,$-150,$0,$0,$0,$0,$0,$0,$-150,$178,$-114,$64,$-20,$-20,$0,$-27,$17,$15,$5,$0
22,2013-01-31,44.4,$15.24,2.91,$47.71,0.93,$2.74,16.21,$2.86,15.52,$2.68B,$1.74B,1.54,$2.77B,$4.99B,0.56,$16.02B,$5.09B,31.74%,$16.02B,$1.65B,10.32%,$16.02B,$1.65B,10.32%,$16.02B,$1.96B,12.23%,$16.02B,$1.50B,9.35%,$16.02B,$0.95B,5.94%,$0.95B,$4.99B,19.92%,$0.95B,$-0.57B,-121.47%,$0.95B,$10.37B,9.40%,$1.65B,$7.76B,21.56%,$4208,$2840,$1368,$0,$845,$3685,$522,$-27,$495,$177,$317,$317,$317,$603,$522,$332,334,$0.97,$0.96,$141,$2397,$0,$2677,$2089,$0,$5558,$44,$7691,$10368,$1739,$2771,$225,$3644,$5382,$286,$1711,$-3,$4985,$10368,$953,$303,$-31,$272,$0,$-391,$194,$2,$-93,$1131,$-570,$0,$0,$0,$0,$0,$0,$-570,$22,$102,$124,$-671,$-671,$0,$1,$-547,$15,$22,$0
23,2012-10-31,46.7,$14.40,3.24,$47.26,0.99,$2.62,17.86,$2.74,17.05,$2.62B,$1.63B,1.6,$3.02B,$4.74B,0.64,$16.00B,$5.06B,31.64%,$16.00B,$1.64B,10.25%,$16.00B,$1.64B,10.25%,$16.00B,$1.94B,12.09%,$16.00B,$1.47B,9.19%,$16.00B,$0.93B,5.80%,$0.93B,$4.74B,19.73%,$0.93B,$-0.83B,-107.22%,$0.93B,$10.27B,9.32%,$1.64B,$7.76B,21.71%,$3965,$2739,$1226,$0,$865,$3603,$361,$-29,$332,$124,$208,$208,$208,$438,$361,$332,334,$0.62,$0.62,$143,$2330,$0,$2618,$2047,$0,$5562,$46,$7655,$10274,$1634,$3023,$226,$3905,$5539,$288,$1469,$-5,$4735,$10274,$635,$222,$-6,$217,$0,$-326,$131,$10,$-161,$691,$-452,$0,$0,$0,$0,$0,$0,$-452,$22,$354,$376,$-596,$-596,$0,$-1,$-222,$16,$15,$0
24,2012-07-31,49.0,$14.42,3.4,$45.78,1.07,$2.60,18.83,$2.62,18.7,$2.51B,$1.53B,1.65,$2.89B,$4.81B,0.6,$15.63B,$4.95B,31.69%,$15.63B,$1.59B,10.17%,$15.63B,$1.59B,10.17%,$15.63B,$1.88B,12.01%,$15.63B,$1.41B,9.03%,$15.63B,$0.89B,5.70%,$0.89B,$4.81B,19.13%,$0.89B,$-0.76B,-97.38%,$0.89B,$10.10B,9.07%,$1.59B,$7.70B,21.39%,$3949,$2685,$1263,$0,$876,$3561,$387,$-62,$325,$111,$214,$214,$214,$461,$387,$333,336,$0.64,$0.64,$134,$2148,$0,$2514,$1972,$0,$5566,$51,$7589,$10103,$1527,$2887,$228,$3766,$5293,$292,$1550,$-5,$4810,$10103,$428,$146,$-16,$130,$0,$-140,$69,$-4,$-184,$373,$-304,$0,$0,$0,$0,$0,$0,$-304,$22,$220,$242,$-300,$-300,$0,$-4,$-62,$8,$10,$0
25,2012-04-30,45.59,$13.82,3.3,$44.36,1.03,$2.92,15.63,$2.40,19.0,$2.27B,$1.41B,1.61,$2.88B,$4.59B,0.63,$15.26B,$4.84B,31.71%,$15.26B,$1.55B,10.18%,$15.26B,$1.55B,10.18%,$15.26B,$1.83B,12.02%,$15.26B,$1.32B,8.63%,$15.26B,$0.82B,5.39%,$0.82B,$4.59B,18.09%,$0.82B,$-0.98B,-80.00%,$0.82B,$9.77B,8.50%,$1.55B,$7.47B,21.28%,$3901,$2673,$1228,$0,$844,$3517,$384,$-39,$346,$132,$213,$213,$213,$457,$384,$336,339,$0.64,$0.63,$133,$2001,$0,$2274,$1878,$0,$5570,$48,$7496,$9770,$1411,$2881,$237,$3768,$5179,$291,$1336,$-3,$4591,$9770,$213,$72,$-10,$62,$0,$6,$-82,$4,$-83,$193,$-146,$0,$0,$0,$0,$0,$0,$-146,$-0,$263,$263,$-300,$-300,$0,$-3,$-40,$6,$5,$0
26,2012-01-31,40.93,$13.83,2.96,$42.86,0.95,$3.16,12.95,$2.22,18.44,$2.28B,$1.51B,1.51,$2.62B,$4.68B,0.56,$14.81B,$4.70B,31.72%,$14.81B,$1.49B,10.07%,$14.81B,$1.49B,10.07%,$14.81B,$1.77B,11.93%,$14.81B,$1.23B,8.27%,$14.81B,$0.77B,5.18%,$0.77B,$4.68B,17.21%,$0.77B,$-0.90B,-68.09%,$0.77B,$9.69B,7.93%,$1.49B,$7.29B,20.42%,$4185,$2839,$1346,$0,$838,$3677,$508,$-40,$468,$176,$293,$293,$293,$579,$508,$341,345,$0.86,$0.85,$126,$2009,$0,$2275,$1795,$0,$5575,$44,$7413,$9689,$1510,$2618,$229,$3504,$5014,$296,$1417,$-5,$4675,$9689,$767,$275,$107,$382,$0,$-291,$104,$-35,$-98,$1050,$-514,$0,$0,$0,$0,$0,$0,$-514,$-912,$185,$-727,$-187,$-187,$0,$6,$-908,$-371,$15,$0
27,2011-10-31,38.1,$13.31,2.86,$40.85,0.93,$2.78,13.69,$2.01,18.95,$2.39B,$1.57B,1.52,$2.72B,$4.55B,0.6,$14.11B,$4.48B,31.76%,$14.11B,$1.39B,9.86%,$14.11B,$1.39B,9.86%,$14.11B,$1.66B,11.77%,$14.11B,$1.10B,7.80%,$14.11B,$0.70B,4.94%,$0.70B,$4.55B,16.21%,$0.70B,$-1.03B,-54.17%,$0.70B,$9.74B,7.24%,$1.39B,$7.28B,19.02%,$3595,$2479,$1116,$0,$805,$3284,$311,$-39,$272,$101,$171,$171,$171,$380,$311,$342,346,$0.50,$0.50,$119,$2090,$0,$2393,$1717,$0,$5579,$47,$7343,$9736,$1572,$2721,$241,$3610,$5182,$300,$1305,$-8,$4554,$9736,$474,$205,$111,$316,$0,$-351,$164,$-31,$-185,$604,$-362,$0,$0,$0,$0,$0,$0,$-362,$-912,$288,$-624,$0,$0,$0,$3,$-621,$-379,$11,$0
28,2011-07-31,30.22,$12.81,2.36,$39.80,0.76,$2.50,12.07,$1.88,16.07,$2.27B,$1.53B,1.49,$2.78B,$4.37B,0.64,$13.74B,$4.38B,31.86%,$13.74B,$1.35B,9.86%,$13.74B,$1.35B,9.86%,$13.74B,$1.62B,11.78%,$13.74B,$1.03B,7.48%,$13.74B,$0.65B,4.76%,$0.65B,$4.37B,15.89%,$0.65B,$-1.21B,-44.29%,$0.65B,$9.53B,6.86%,$1.35B,$7.15B,18.62%,$3575,$2427,$1148,$0,$798,$3225,$350,$-119,$231,$85,$146,$146,$146,$418,$350,$342,346,$0.43,$0.42,$113,$1974,$0,$2273,$1623,$0,$5584,$49,$7256,$9529,$1527,$2779,$225,$3629,$5156,$299,$1134,$-11,$4374,$9529,$303,$136,$102,$238,$0,$-223,$167,$-37,$-143,$398,$-218,$0,$0,$0,$0,$0,$0,$-218,$-911,$346,$-565,$0,$0,$0,$0,$-565,$-384,$7,$0
29,2011-04-30,31.31,$12.36,2.53,$38.78,0.81,$2.32,13.5,$1.87,16.74,$2.51B,$1.39B,1.81,$3.26B,$4.22B,0.77,$13.38B,$4.26B,31.88%,$13.38B,$1.31B,9.76%,$13.38B,$1.31B,9.76%,$13.38B,$1.56B,11.69%,$13.38B,$1.02B,7.63%,$13.38B,$0.65B,4.85%,$0.65B,$4.22B,16.46%,$0.65B,$-1.37B,-39.21%,$0.65B,$9.72B,6.87%,$1.31B,$7.48B,18.02%,$3452,$2364,$1087,$0,$766,$3130,$322,$-68,$254,$97,$157,$157,$157,$389,$322,$342,345,$0.46,$0.45,$602,$1767,$0,$2507,$1563,$0,$5590,$55,$7208,$9715,$1387,$3263,$239,$4108,$5495,$299,$988,$-16,$4220,$9715,$157,$67,$17,$85,$0,$-5,$-26,$-32,$-18,$224,$-92,$0,$0,$0,$0,$0,$0,$-92,$-27,$0,$-27,$0,$0,$0,$0,$-27,$105,$4,$0
30,2011-01-31,26.71,$11.87,2.25,$37.82,0.71,$1.94,13.78,$1.81,14.76,$2.37B,$1.37B,1.73,$3.29B,$4.05B,0.81,$13.03B,$4.18B,32.05%,$13.03B,$1.27B,9.77%,$13.03B,$1.27B,9.77%,$13.03B,$1.53B,11.73%,$13.03B,$0.99B,7.56%,$13.03B,$0.63B,4.82%,$0.63B,$4.05B,16.65%,$0.63B,$-1.54B,-34.28%,$0.63B,$9.55B,6.78%,$1.27B,$7.34B,17.93%,$3486,$2356,$1130,$0,$722,$3078,$408,$-66,$343,$120,$223,$223,$223,$473,$408,$341,345,$0.65,$0.65,$497,$1765,$0,$2368,$1525,$0,$5596,$58,$7178,$9546,$1365,$3287,$241,$4126,$5492,$299,$831,$-20,$4054,$9546,$628,$255,$81,$336,$0,$-252,$123,$-11,$-139,$825,$-419,$0,$0,$0,$0,$0,$0,$-419,$-131,$0,$-131,$0,$0,$0,$1,$-130,$275,$16,$0
31,2010-10-31,27.08,$11.19,2.42,$37.52,0.72,$2.07,13.08,$1.43,18.94,$2.27B,$1.41B,1.61,$3.29B,$3.82B,0.86,$12.73B,$4.07B,31.98%,$12.73B,$1.15B,8.99%,$12.73B,$1.15B,8.99%,$12.73B,$1.40B,10.98%,$12.73B,$0.79B,6.18%,$12.73B,$0.49B,3.86%,$0.49B,$3.82B,13.64%,$0.49B,$-1.78B,-24.54%,$0.49B,$9.35B,5.41%,$1.15B,$7.10B,16.44%,$3223,$2213,$1011,$0,$736,$2949,$274,$-75,$199,$71,$128,$128,$128,$338,$274,$341,345,$0.38,$0.37,$238,$1886,$0,$2273,$1415,$0,$5601,$61,$7077,$9350,$1410,$3287,$269,$4122,$5532,$298,$608,$-27,$3817,$9350,$405,$190,$59,$249,$0,$-367,$147,$-28,$-251,$404,$-258,$0,$0,$0,$0,$0,$0,$-258,$-131,$0,$-131,$-5,$-5,$0,$6,$-130,$16,$12,$0
