,Date,Stock Price,Book Value per Share,Price to Book Ratio,TTM Sales per Share,Price to Sales Ratio,TTM FCF per Share,Price to FCF Ratio,TTM Net EPS,PE Ratio,Current Assets,Current Liabilities,Current Ratio,Long Term Debt,Shareholder's Equity_x,Debt to Equity Ratio,TTM Revenue_x,TTM Gross Profit,Gross Margin,TTM Revenue_y,TTM Operating Income,Operating Margin,TTM Revenue_x,TTM EBIT,EBIT Margin,TTM Revenue_y,TTM EBITDA,EBITDA Margin,TTM Revenue_x,TTM Pre-Tax Income,Pre-Tax Margin,TTM Revenue_y,TTM Net Income_x,Net Margin,TTM Net Income_y,Shareholder's Equity_y,Return on Equity,TTM Net Income_x,Tangible Equity,Return on Tangible Equity,TTM Net Income_y,Total Assets,Return on Assets,TTM Net Income,LT Investments & Debt,Return on Investment,revenue,cost-goods-sold,gross-profit,research-development-expenses,selling-general-administrative-expenses,operating-expenses,operating-income,total-non-operating-income-expense,pre-tax-income,total-provision-income-taxes,income-after-taxes,income-from-continuous-operations,net-income,ebitda,ebit,basic-shares-outstanding,shares-outstanding,eps-basic-net-earnings-per-share,eps-earnings-per-share-diluted,cash-on-hand,inventory,other-current-assets,total-current-assets,net-property-plant-equipment,long-term-investments,goodwill-intangible-assets-total,other-long-term-assets,total-long-term-assets,total-assets,total-current-liabilities,long-term-debt,other-non-current-liabilities,total-long-term-liabilities,total-liabilities,common-stock-net,retained-earnings-accumulated-deficit,comprehensive-income,total-share-holder-equity,total-liabilities-share-holders-equity,net-income-loss,total-depreciation-amortization-cash-flow,other-non-cash-items,total-non-cash-items,change-in-accounts-receivable,change-in-inventories,change-in-accounts-payable,change-in-assets-liabilities,total-change-in-assets-liabilities,cash-flow-from-operating-activities,net-change-in-property-plant-equipment,net-change-in-intangible-assets,net-acquisitions-divestitures,net-change-in-short-term-investments,net-change-in-long-term-investments,net-change-in-investments-total,investing-activities-other,cash-flow-from-investing-activities,net-long-term-debt,net-current-debt,debt-issuance-retirement-net-total,net-common-equity-issued-repurchased,net-total-equity-issued-repurchased,total-common-preferred-stock-dividends-paid,financial-activities-other,cash-flow-from-financial-activities,net-cash-flow,stock-based-compensation,common-stock-dividends-paid
0,2018-09-30,13.45,$12.04,1.12,$8.35,1.61,$-0.77,0.0,$0.04,336.25,$0.16B,$0.04B,4.66,$0.00B,$0.33B,0.0,$0.23B,$0.11B,47.60%,$0.23B,$0.00B,1.31%,$0.23B,$0.00B,1.31%,$0.23B,$0.01B,6.11%,$0.23B,$0.00B,1.31%,$0.23B,$0.00B,0.87%,$0.00B,$0.33B,0.62%,$0.00B,$0.14B,1.54%,$0.00B,$0.37B,0.56%,$0.00B,$0.33B,0.93%,$66,$35,$31,$9,$20,$64,$2,$0,$2,$-2,$4,$4,$4,$5,$2,$27,28,$0.13,$0.14,$63,$42,$8,$163,$6,$0,$194,$1,$208,$371,$35,$0,$5,$6,$41,$0,$152,$-24,$330,$371,$1,$12,$7,$20,$-16,$-9,$3,$-1,$-24,$-3,$-1,$0,$-54,$0,$32,$32,$0,$-23,$0,$0,$0,$6,$6,$0,$0,$6,$-20,$5,$0
1,2018-06-30,13.2,$11.87,1.11,$7.64,1.73,$-0.61,0.0,$0.07,188.57,$0.15B,$0.03B,4.79,$0.00B,$0.32B,0.0,$0.21B,$0.10B,47.60%,$0.21B,$0.01B,2.40%,$0.21B,$0.01B,2.40%,$0.21B,$0.02B,7.21%,$0.21B,$0.01B,2.40%,$0.21B,$0.00B,0.96%,$0.00B,$0.32B,0.62%,$0.00B,$0.13B,1.43%,$0.00B,$0.36B,0.57%,$0.01B,$0.32B,1.56%,$63,$33,$29,$8,$19,$61,$2,$1,$3,$0,$3,$3,$3,$5,$2,$27,28,$0.10,$0.09,$52,$42,$4,$146,$11,$2,$196,$0,$214,$360,$30,$0,$5,$6,$37,$0,$148,$-24,$323,$360,$-2,$9,$8,$17,$0,$0,$0,$-24,$-24,$-9,$-1,$0,$-55,$0,$30,$30,$0,$-26,$0,$0,$0,$4,$4,$0,$0,$4,$-31,$4,$0
2,2018-03-31,10.3,$11.86,0.87,$7.07,1.46,$-0.33,0.0,$0.03,343.33,$0.14B,$0.03B,4.53,$0.00B,$0.32B,0.0,$0.19B,$0.09B,48.17%,$0.19B,$0.00B,2.09%,$0.19B,$0.00B,2.09%,$0.19B,$0.01B,6.28%,$0.19B,$0.00B,1.57%,$0.19B,0,0.00%,$0.00B,$0.32B,0.00%,$0.00B,$0.12B,0.00%,$0.00B,$0.36B,0.00%,$0.00B,$0.32B,1.26%,$55,$28,$27,$9,$18,$54,$1,$-0,$0,$0,$-0,$-0,$-0,$4,$1,$27,27,$-0.01,$-0.01,$57,$40,$4,$140,$12,$2,$200,$1,$219,$359,$31,$0,$5,$6,$37,$0,$146,$-21,$322,$359,$-5,$6,$5,$11,$0,$1,$0,$-12,$-11,$-5,$-1,$0,$-55,$0,$30,$30,$0,$-26,$0,$0,$0,$3,$3,$0,$0,$3,$-26,$2,$0
3,2017-12-31,9.55,$11.79,0.81,$6.72,1.42,$-0.18,0.0,$0.09,106.11,$0.14B,$0.02B,5.97,$0.00B,$0.32B,0.0,$0.18B,$0.09B,47.80%,$0.18B,$0.01B,2.75%,$0.18B,$0.01B,2.75%,$0.18B,$0.01B,6.04%,$0.18B,$0.00B,2.20%,$0.18B,$0.00B,0.55%,$0.00B,$0.32B,0.32%,$0.00B,$0.14B,0.62%,$0.00B,$0.35B,0.29%,$0.01B,$0.32B,1.59%,$45,$23,$22,$8,$16,$47,$-2,$0,$-2,$3,$-5,$-5,$-5,$0,$-2,$27,27,$-0.17,$-0.17,$74,$31,$5,$140,$13,$4,$184,$0,$207,$348,$23,$0,$4,$5,$29,$0,$146,$-22,$319,$348,$-5,$2,$4,$7,$0,$0,$0,$-3,$-3,$-1,$-0,$0,$-38,$0,$4,$4,$0,$-34,$0,$0,$0,$3,$3,$0,$0,$3,$-33,$1,$0
4,2017-09-30,10.6,$12.01,0.88,$6.71,1.58,$-0.21,0.0,$0.35,30.29,$0.17B,$0.02B,9.7,$0.00B,$0.32B,0.0,$0.18B,$0.09B,47.25%,$0.18B,$0.01B,4.95%,$0.18B,$0.01B,4.95%,$0.18B,$0.01B,7.69%,$0.18B,$0.01B,4.95%,$0.18B,$0.01B,4.40%,$0.01B,$0.32B,2.58%,$0.01B,$0.18B,4.62%,$0.01B,$0.35B,2.35%,$0.01B,$0.32B,2.91%,$45,$24,$21,$7,$10,$41,$4,$0,$4,$-0,$4,$4,$4,$6,$4,$26,27,$0.16,$0.16,$110,$30,$3,$174,$13,$5,$144,$0,$171,$345,$18,$0,$7,$8,$26,$0,$150,$-23,$319,$345,$9,$5,$2,$8,$1,$-4,$-4,$1,$-15,$2,$-2,$0,$-27,$0,$25,$25,$0,$-4,$0,$0,$0,$3,$3,$0,$-0,$3,$2,$5,$0
5,2017-06-30,10.15,$11.74,0.86,$6.96,1.46,$0.69,14.8,$0.33,30.76,$0.18B,$0.02B,8.09,$0.00B,$0.31B,0.0,$0.19B,$0.09B,48.13%,$0.19B,$0.01B,5.35%,$0.19B,$0.01B,5.35%,$0.19B,$0.01B,7.49%,$0.19B,$0.01B,5.35%,$0.19B,$0.01B,4.28%,$0.01B,$0.31B,2.62%,$0.01B,$0.17B,4.54%,$0.01B,$0.34B,2.37%,$0.01B,$0.31B,3.28%,$46,$23,$22,$7,$12,$45,$1,$-0,$1,$-1,$1,$1,$1,$2,$1,$27,27,$0.05,$0.05,$109,$33,$4,$176,$13,$2,$144,$0,$167,$344,$22,$0,$9,$10,$32,$0,$146,$-25,$312,$344,$5,$4,$5,$9,$0,$0,$0,$-15,$-14,$-0,$-2,$0,$-27,$0,$43,$43,$0,$14,$0,$0,$0,$3,$3,$0,$-0,$3,$16,$4,$0
6,2017-03-31,11.9,$11.55,1.03,$7.25,1.64,$1.48,8.02,$0.44,27.05,$0.17B,$0.02B,7.97,$0.00B,$0.31B,0.0,$0.19B,$0.09B,48.70%,$0.19B,$0.01B,7.25%,$0.19B,$0.01B,7.25%,$0.19B,$0.02B,9.33%,$0.19B,$0.01B,7.25%,$0.19B,$0.01B,5.70%,$0.01B,$0.31B,3.66%,$0.01B,$0.16B,6.13%,$0.01B,$0.34B,3.29%,$0.01B,$0.31B,4.66%,$46,$24,$22,$7,$13,$44,$2,$-0,$1,$0,$1,$1,$1,$3,$2,$26,27,$0.05,$0.05,$108,$31,$4,$174,$14,$2,$143,$0,$166,$340,$22,$0,$10,$11,$33,$0,$145,$-27,$306,$340,$4,$2,$2,$4,$0,$1,$0,$-9,$-9,$-1,$-1,$0,$-27,$0,$24,$24,$0,$-4,$0,$0,$0,$3,$3,$0,$-0,$3,$-4,$2,$0
7,2016-12-31,13.75,$11.44,1.2,$7.50,1.83,$1.95,7.06,$0.47,29.26,$0.19B,$0.02B,10.8,$0.00B,$0.30B,0.0,$0.20B,$0.10B,49.24%,$0.20B,$0.02B,8.12%,$0.20B,$0.02B,8.12%,$0.20B,$0.02B,10.15%,$0.20B,$0.02B,8.12%,$0.20B,$0.01B,6.09%,$0.01B,$0.30B,4.04%,$0.01B,$0.19B,6.58%,$0.01B,$0.33B,3.63%,$0.02B,$0.30B,5.39%,$45,$24,$21,$7,$12,$43,$2,$1,$3,$1,$2,$2,$2,$3,$2,$26,27,$0.09,$0.09,$133,$24,$5,$192,$14,$3,$115,$0,$139,$331,$18,$0,$10,$12,$29,$0,$143,$-28,$302,$331,$2,$1,$2,$3,$0,$0,$0,$-8,$-8,$-2,$-1,$0,$1,$0,$7,$7,$0,$7,$0,$0,$0,$3,$3,$0,$-0,$2,$5,$1,$0
8,2016-09-30,11.4,$11.52,0.99,$7.75,1.47,$2.16,5.28,$0.63,18.1,$0.20B,$0.02B,8.22,$0.00B,$0.30B,0.0,$0.20B,$0.10B,49.50%,$0.20B,$0.02B,8.42%,$0.20B,$0.02B,8.42%,$0.20B,$0.02B,10.40%,$0.20B,$0.02B,8.42%,$0.20B,$0.02B,7.92%,$0.02B,$0.30B,5.47%,$0.02B,$0.19B,8.98%,$0.02B,$0.34B,4.89%,$0.02B,$0.30B,5.81%,$50,$26,$25,$7,$12,$45,$5,$-0,$5,$1,$4,$4,$4,$6,$5,$26,26,$0.15,$0.15,$134,$26,$4,$196,$14,$4,$113,$0,$141,$336,$24,$0,$10,$12,$36,$0,$141,$-25,$300,$336,$17,$5,$4,$8,$-1,$4,$2,$1,$2,$27,$-3,$0,$-0,$0,$-1,$-1,$0,$-4,$0,$0,$0,$8,$8,$0,$0,$8,$31,$4,$0
9,2016-06-30,10.73,$11.36,0.94,$7.98,1.34,$1.61,6.65,$0.61,17.59,$0.19B,$0.02B,7.77,$0.00B,$0.30B,0.0,$0.21B,$0.10B,49.03%,$0.21B,$0.02B,8.25%,$0.21B,$0.02B,8.25%,$0.21B,$0.02B,10.68%,$0.21B,$0.02B,8.25%,$0.21B,$0.02B,7.28%,$0.02B,$0.30B,5.24%,$0.02B,$0.18B,8.60%,$0.02B,$0.33B,4.72%,$0.02B,$0.30B,5.93%,$52,$26,$26,$8,$13,$47,$5,$-0,$5,$1,$4,$4,$4,$6,$5,$26,26,$0.17,$0.16,$124,$26,$4,$186,$14,$7,$114,$0,$146,$332,$24,$0,$11,$13,$37,$0,$137,$-24,$295,$332,$13,$4,$3,$6,$0,$0,$0,$1,$1,$21,$-2,$0,$-0,$0,$-10,$-10,$0,$-11,$0,$0,$0,$7,$7,$0,$0,$7,$16,$3,$0
10,2016-03-31,9.43,$11.22,0.84,$8.02,1.18,$1.09,8.63,$0.55,17.15,$0.18B,$0.02B,8.56,$0.00B,$0.29B,0.0,$0.21B,$0.10B,48.54%,$0.21B,$0.02B,7.77%,$0.21B,$0.02B,7.77%,$0.21B,$0.02B,10.19%,$0.21B,$0.02B,7.77%,$0.21B,$0.01B,6.31%,$0.01B,$0.29B,4.63%,$0.01B,$0.18B,7.65%,$0.01B,$0.32B,4.21%,$0.02B,$0.29B,5.70%,$50,$25,$25,$8,$13,$47,$4,$-0,$3,$1,$2,$2,$2,$5,$4,$26,26,$0.08,$0.08,$115,$26,$4,$177,$14,$7,$116,$0,$147,$324,$21,$0,$10,$12,$33,$0,$133,$-23,$290,$324,$9,$2,$1,$3,$0,$1,$0,$-1,$-1,$11,$-1,$0,$-0,$0,$5,$5,$0,$4,$0,$0,$0,$6,$6,$0,$0,$6,$22,$2,$0
11,2015-12-31,11.38,$11.09,1.03,$8.09,1.41,$0.64,17.78,$0.53,21.47,$0.17B,$0.02B,9.02,$0.00B,$0.29B,0.0,$0.21B,$0.10B,47.57%,$0.21B,$0.01B,6.31%,$0.21B,$0.01B,6.31%,$0.21B,$0.02B,9.22%,$0.21B,$0.02B,7.77%,$0.21B,$0.01B,5.83%,$0.01B,$0.29B,4.38%,$0.01B,$0.17B,7.24%,$0.01B,$0.32B,4.00%,$0.01B,$0.29B,4.74%,$50,$26,$24,$8,$13,$47,$3,$0,$4,$0,$3,$3,$6,$4,$3,$25,26,$0.25,$0.25,$102,$30,$5,$165,$14,$12,$115,$0,$151,$316,$18,$0,$10,$12,$31,$0,$131,$-25,$286,$316,$6,$1,$0,$1,$0,$0,$0,$-4,$-4,$4,$-1,$0,$0,$0,$-1,$-1,$0,$-2,$0,$0,$0,$6,$6,$0,$0,$6,$7,$1,$0
12,2015-09-30,11.79,$10.98,1.07,$8.10,1.46,$0.68,17.25,$0.27,43.67,$0.16B,$0.02B,6.91,$0.00B,$0.28B,0.0,$0.20B,$0.10B,47.78%,$0.20B,$0.01B,4.93%,$0.20B,$0.01B,4.93%,$0.20B,$0.02B,8.37%,$0.20B,$0.01B,6.40%,$0.20B,$0.01B,2.96%,$0.01B,$0.28B,2.24%,$0.01B,$0.17B,3.72%,$0.01B,$0.30B,2.05%,$0.01B,$0.28B,3.73%,$54,$28,$26,$8,$13,$49,$5,$-0,$5,$2,$4,$4,$3,$7,$5,$25,25,$0.12,$0.11,$92,$32,$3,$160,$14,$14,$103,$0,$140,$300,$23,$0,$0,$2,$25,$0,$124,$-23,$275,$300,$7,$6,$3,$9,$-2,$-1,$-4,$0,$-1,$14,$-4,$0,$0,$0,$-16,$-16,$1,$-19,$0,$0,$0,$5,$5,$0,$0,$5,$-2,$4,$0
13,2015-06-30,9.55,$10.83,0.88,$7.58,1.26,$0.24,39.87,$0.17,56.18,$0.16B,$0.02B,7.49,$0.00B,$0.27B,0.0,$0.19B,$0.10B,49.74%,$0.19B,$0.01B,5.24%,$0.19B,$0.01B,5.24%,$0.19B,$0.02B,8.38%,$0.19B,$0.01B,6.81%,$0.19B,$0.00B,1.57%,$0.00B,$0.27B,1.13%,$0.00B,$0.16B,1.91%,$0.00B,$0.29B,1.03%,$0.01B,$0.27B,3.77%,$52,$27,$25,$8,$13,$48,$4,$0,$4,$1,$3,$3,$2,$5,$4,$25,26,$0.10,$0.10,$91,$35,$3,$156,$15,$9,$107,$0,$137,$294,$21,$0,$1,$2,$23,$0,$121,$-22,$271,$294,$4,$4,$4,$9,$0,$1,$0,$-4,$-3,$9,$-4,$0,$0,$0,$-3,$-3,$1,$-5,$0,$0,$0,$5,$5,$0,$0,$5,$6,$3,$0
14,2015-03-31,9.98,$10.64,0.94,$7.45,1.34,$0.03,309.94,$0.07,142.57,$0.16B,$0.02B,6.93,$0.00B,$0.27B,0.0,$0.19B,$0.09B,49.20%,$0.19B,$0.01B,3.21%,$0.19B,$0.01B,3.21%,$0.19B,$0.01B,6.42%,$0.19B,$0.01B,4.81%,$0.19B,$0.00B,0.53%,$0.00B,$0.27B,0.38%,$0.00B,$0.16B,0.64%,$0.00B,$0.29B,0.34%,$0.01B,$0.27B,2.26%,$50,$27,$23,$7,$14,$49,$1,$1,$3,$1,$2,$2,$1,$3,$1,$24,25,$0.06,$0.06,$85,$34,$5,$156,$15,$8,$107,$0,$135,$290,$22,$0,$0,$3,$25,$0,$119,$-24,$265,$290,$1,$3,$4,$7,$1,$0,$0,$-7,$-6,$2,$-3,$0,$0,$0,$-2,$-2,$1,$-4,$0,$0,$0,$4,$4,$0,$0,$4,$-2,$2,$0
15,2014-12-31,9.29,$10.83,0.86,$7.22,1.29,$-0.11,0.0,$0.04,232.25,$0.14B,$0.02B,6.16,$0.00B,$0.26B,0.0,$0.18B,$0.09B,49.73%,$0.18B,$0.00B,2.19%,$0.18B,$0.00B,2.19%,$0.18B,$0.01B,5.46%,$0.18B,$0.01B,2.73%,$0.18B,$0.00B,0.55%,$0.00B,$0.26B,0.37%,$0.00B,$0.15B,0.63%,$0.00B,$0.29B,0.34%,$0.00B,$0.26B,1.49%,$47,$25,$23,$7,$15,$47,$0,$0,$1,$-0,$1,$1,$-0,$2,$0,$24,24,$-0.01,$-0.01,$78,$33,$5,$143,$14,$15,$109,$0,$144,$287,$23,$0,$1,$3,$26,$0,$117,$-21,$261,$287,$-0,$2,$2,$3,$0,$0,$0,$2,$2,$5,$-1,$0,$0,$0,$-3,$-3,$0,$-4,$0,$0,$0,$-2,$-2,$0,$0,$-2,$-2,$1,$0
16,2014-09-30,7.5,$10.88,0.69,$7.09,1.06,$-0.32,0.0,$0.08,93.75,$0.15B,$0.02B,6.79,$0.00B,$0.27B,0.0,$0.18B,$0.09B,49.73%,$0.18B,$0.01B,2.73%,$0.18B,$0.01B,2.73%,$0.18B,$0.01B,5.46%,$0.18B,$0.01B,2.73%,$0.18B,$0.00B,1.09%,$0.00B,$0.27B,0.73%,$0.00B,$0.16B,1.24%,$0.00B,$0.29B,0.67%,$0.01B,$0.27B,1.83%,$42,$19,$24,$7,$12,$37,$5,$1,$5,$2,$3,$3,$0,$6,$5,$25,26,$0.01,$0.01,$80,$31,$4,$148,$13,$12,$110,$0,$143,$290,$22,$0,$0,$3,$25,$0,$118,$-18,$265,$290,$2,$7,$3,$10,$-3,$-6,$1,$0,$-10,$2,$-3,$0,$0,$0,$20,$20,$0,$17,$0,$0,$0,$-11,$-11,$0,$0,$-11,$6,$4,$0
17,2014-06-30,9.42,$10.92,0.86,$7.41,1.27,$0.09,110.3,$0.14,67.29,$0.15B,$0.02B,7.08,$0.00B,$0.27B,0.0,$0.19B,$0.09B,48.44%,$0.19B,$0.00B,2.08%,$0.19B,$0.00B,2.08%,$0.19B,$0.01B,5.21%,$0.19B,$0.00B,2.08%,$0.19B,$0.00B,2.08%,$0.00B,$0.27B,1.45%,$0.00B,$0.16B,2.46%,$0.00B,$0.30B,1.33%,$0.00B,$0.27B,1.45%,$48,$26,$22,$7,$15,$48,$-0,$-0,$-0,$-0,$-0,$-0,$-0,$1,$-0,$25,25,$0.00,$0.00,$88,$30,$5,$152,$14,$12,$112,$0,$146,$298,$21,$0,$0,$3,$24,$0,$118,$-15,$273,$298,$1,$5,$2,$7,$-0,$0,$0,$-6,$-6,$3,$-3,$0,$0,$0,$20,$20,$0,$17,$0,$0,$0,$-6,$-6,$0,$0,$-6,$15,$3,$0
18,2014-03-31,10.15,$10.84,0.94,$7.39,1.37,$0.31,32.71,$0.20,50.75,$0.15B,$0.02B,8.09,$0.00B,$0.28B,0.0,$0.19B,$0.10B,49.74%,$0.19B,$0.01B,3.11%,$0.19B,$0.01B,3.11%,$0.19B,$0.01B,6.74%,$0.19B,$0.01B,3.11%,$0.19B,$0.01B,3.11%,$0.01B,$0.28B,2.18%,$0.01B,$0.16B,3.70%,$0.01B,$0.30B,2.00%,$0.01B,$0.28B,2.18%,$46,$24,$22,$7,$15,$47,$-1,$0,$-1,$-1,$1,$1,$1,$1,$-1,$26,26,$0.03,$0.03,$89,$31,$5,$154,$14,$11,$112,$0,$144,$298,$19,$0,$0,$3,$22,$0,$118,$-15,$276,$298,$1,$4,$1,$5,$-0,$0,$0,$-10,$-10,$-3,$-2,$0,$0,$0,$9,$9,$0,$7,$0,$0,$0,$-2,$-2,$0,$0,$-2,$2,$2,$0
19,2013-12-31,12.12,$10.77,1.13,$7.45,1.63,$0.55,21.89,$0.21,57.71,$0.16B,$0.02B,7.77,$0.00B,$0.28B,0.0,$0.20B,$0.10B,50.77%,$0.20B,$0.01B,3.59%,$0.20B,$0.01B,3.59%,$0.20B,$0.01B,7.18%,$0.20B,$0.01B,4.10%,$0.20B,$0.01B,3.08%,$0.01B,$0.28B,2.19%,$0.01B,$0.17B,3.73%,$0.01B,$0.30B,2.01%,$0.01B,$0.28B,2.55%,$47,$24,$23,$7,$15,$47,$1,$0,$1,$0,$1,$1,$1,$2,$1,$26,26,$0.03,$0.03,$98,$30,$5,$161,$14,$10,$113,$0,$143,$304,$21,$0,$0,$4,$25,$0,$117,$-15,$279,$304,$1,$2,$1,$3,$0,$0,$0,$-4,$-4,$-0,$-1,$0,$0,$0,$7,$7,$0,$6,$0,$0,$0,$3,$3,$0,$0,$3,$9,$1,$0
20,2013-09-30,9.99,$10.73,0.93,$7.43,1.35,$0.64,15.7,$0.23,43.43,$0.15B,$0.02B,7.0,$0.00B,$0.27B,0.0,$0.20B,$0.10B,51.28%,$0.20B,$0.01B,4.10%,$0.20B,$0.01B,4.10%,$0.20B,$0.02B,8.21%,$0.20B,$0.01B,4.62%,$0.20B,$0.01B,3.08%,$0.01B,$0.27B,2.19%,$0.01B,$0.16B,3.77%,$0.01B,$0.30B,2.02%,$0.01B,$0.27B,2.93%,$51,$25,$26,$8,$15,$48,$4,$0,$4,$2,$2,$2,$2,$6,$4,$26,26,$0.07,$0.07,$88,$26,$4,$149,$14,$17,$113,$0,$151,$300,$21,$0,$0,$4,$26,$0,$116,$-16,$274,$300,$6,$8,$4,$11,$-2,$-3,$1,$-0,$-5,$12,$-3,$0,$-13,$0,$-4,$-4,$0,$-20,$0,$0,$0,$-11,$-11,$0,$0,$-11,$-19,$4,$0
21,2013-06-30,9.37,$10.57,0.89,$7.27,1.29,$0.73,12.91,$0.24,39.04,$0.15B,$0.02B,7.21,$0.00B,$0.27B,0.0,$0.19B,$0.10B,51.83%,$0.19B,$0.01B,4.71%,$0.19B,$0.01B,4.71%,$0.19B,$0.02B,8.38%,$0.19B,$0.01B,4.71%,$0.19B,$0.01B,3.14%,$0.01B,$0.27B,2.20%,$0.01B,$0.16B,3.69%,$0.01B,$0.30B,2.03%,$0.01B,$0.27B,3.30%,$49,$24,$25,$8,$15,$47,$2,$-0,$2,$0,$2,$2,$2,$4,$2,$26,26,$0.06,$0.06,$91,$25,$6,$150,$14,$13,$114,$1,$147,$297,$21,$0,$0,$4,$25,$0,$114,$-17,$272,$297,$4,$6,$2,$8,$1,$0,$0,$-4,$-4,$8,$-2,$0,$-13,$0,$3,$3,$0,$-13,$0,$0,$0,$-9,$-9,$0,$0,$-9,$-14,$3,$0
22,2013-03-31,8.93,$10.46,0.85,$7.23,1.23,$0.74,12.12,$0.27,33.07,$0.14B,$0.02B,7.23,$0.00B,$0.27B,0.0,$0.19B,$0.10B,52.11%,$0.19B,$0.01B,4.74%,$0.19B,$0.01B,4.74%,$0.19B,$0.02B,8.42%,$0.19B,$0.01B,4.74%,$0.19B,$0.01B,3.16%,$0.01B,$0.27B,2.21%,$0.01B,$0.16B,3.64%,$0.01B,$0.30B,2.04%,$0.01B,$0.27B,3.32%,$48,$23,$25,$8,$17,$48,$0,$0,$1,$-0,$1,$1,$1,$2,$0,$26,26,$0.04,$0.04,$80,$26,$6,$139,$15,$22,$114,$1,$157,$296,$19,$0,$0,$4,$23,$0,$113,$-17,$272,$296,$2,$4,$1,$5,$0,$0,$0,$-4,$-4,$3,$-2,$0,$-13,$0,$1,$1,$0,$-14,$0,$0,$0,$-6,$-6,$0,$0,$-6,$-18,$2,$0
23,2012-12-31,9.47,$10.51,0.9,$7.28,1.3,$0.82,11.54,$0.31,30.55,$0.16B,$0.02B,8.35,$0.00B,$0.28B,0.0,$0.19B,$0.10B,52.36%,$0.19B,$0.01B,6.28%,$0.19B,$0.01B,6.28%,$0.19B,$0.02B,9.95%,$0.19B,$0.01B,5.76%,$0.19B,$0.01B,3.66%,$0.01B,$0.28B,2.60%,$0.01B,$0.16B,4.19%,$0.01B,$0.30B,2.40%,$0.01B,$0.28B,4.45%,$47,$23,$24,$7,$15,$45,$2,$0,$2,$1,$1,$1,$1,$4,$2,$26,26,$0.05,$0.05,$102,$25,$4,$159,$16,$3,$116,$0,$140,$298,$19,$0,$0,$4,$23,$0,$112,$-14,$276,$298,$1,$2,$1,$3,$0,$0,$0,$-2,$-2,$2,$-1,$0,$-13,$0,$8,$8,$0,$-7,$0,$0,$0,$-4,$-4,$0,$0,$-4,$-8,$1,$0
24,2012-09-30,10.16,$10.45,0.97,$7.29,1.39,$0.74,13.82,$0.29,35.03,$0.17B,$0.02B,9.54,$0.00B,$0.27B,0.0,$0.19B,$0.10B,52.36%,$0.19B,$0.01B,5.76%,$0.19B,$0.01B,5.76%,$0.19B,$0.02B,9.42%,$0.19B,$0.01B,5.24%,$0.19B,$0.01B,3.66%,$0.01B,$0.27B,2.63%,$0.01B,$0.17B,4.17%,$0.01B,$0.29B,2.43%,$0.01B,$0.27B,4.14%,$47,$22,$25,$7,$13,$43,$5,$-0,$4,$2,$2,$2,$2,$6,$5,$26,26,$0.10,$0.09,$119,$24,$2,$174,$15,$2,$97,$0,$120,$293,$18,$0,$0,$4,$22,$0,$110,$-14,$271,$293,$8,$8,$4,$12,$0,$-2,$-2,$0,$-4,$15,$-4,$0,$0,$0,$-7,$-7,$0,$-11,$0,$0,$0,$2,$2,$0,$0,$2,$6,$4,$0
25,2012-06-30,10.24,$10.29,0.99,$7.49,1.37,$1.05,9.77,$0.31,33.03,$0.17B,$0.02B,8.9,$0.00B,$0.27B,0.0,$0.20B,$0.10B,52.55%,$0.20B,$0.01B,5.61%,$0.20B,$0.01B,5.61%,$0.20B,$0.02B,9.69%,$0.20B,$0.01B,5.61%,$0.20B,$0.01B,4.08%,$0.01B,$0.27B,3.04%,$0.01B,$0.17B,4.87%,$0.01B,$0.29B,2.80%,$0.01B,$0.27B,4.18%,$48,$22,$25,$8,$14,$46,$2,$-0,$2,$-0,$2,$2,$2,$4,$2,$26,26,$0.09,$0.09,$108,$26,$3,$165,$15,$5,$97,$0,$123,$288,$19,$0,$0,$4,$22,$0,$108,$-15,$266,$288,$5,$6,$3,$9,$1,$0,$0,$-6,$-5,$9,$-3,$0,$0,$0,$-18,$-18,$0,$-21,$0,$0,$0,$1,$1,$0,$0,$2,$-12,$3,$0
26,2012-03-31,10.99,$10.28,1.07,$7.76,1.42,$1.36,8.08,$0.36,30.53,$0.17B,$0.02B,7.36,$0.00B,$0.27B,0.0,$0.20B,$0.11B,52.97%,$0.20B,$0.02B,7.43%,$0.20B,$0.02B,7.43%,$0.20B,$0.02B,11.39%,$0.20B,$0.02B,7.43%,$0.20B,$0.01B,4.95%,$0.01B,$0.27B,3.83%,$0.01B,$0.17B,6.22%,$0.01B,$0.29B,3.51%,$0.02B,$0.27B,5.75%,$49,$23,$26,$8,$15,$46,$3,$0,$3,$1,$2,$2,$2,$5,$3,$26,26,$0.08,$0.08,$110,$25,$3,$165,$16,$6,$98,$1,$125,$290,$22,$0,$0,$3,$26,$0,$106,$-12,$265,$290,$3,$4,$1,$5,$0,$1,$0,$-3,$-2,$6,$-3,$0,$0,$0,$-11,$-11,$0,$-14,$0,$0,$0,$1,$1,$0,$0,$1,$-7,$2,$0
27,2011-12-31,11.16,$10.17,1.1,$7.82,1.43,$1.47,7.62,$0.37,30.16,$0.15B,$0.02B,8.7,$0.00B,$0.26B,0.0,$0.20B,$0.11B,52.71%,$0.20B,$0.02B,7.88%,$0.20B,$0.02B,7.88%,$0.20B,$0.02B,11.82%,$0.20B,$0.02B,7.39%,$0.20B,$0.01B,4.93%,$0.01B,$0.26B,3.88%,$0.01B,$0.16B,6.40%,$0.01B,$0.28B,3.55%,$0.02B,$0.26B,6.21%,$47,$22,$24,$8,$15,$46,$1,$0,$1,$0,$1,$1,$1,$3,$1,$26,26,$0.03,$0.03,$97,$25,$4,$153,$16,$10,$99,$1,$129,$282,$18,$0,$0,$3,$21,$0,$103,$-12,$261,$282,$1,$2,$1,$3,$0,$0,$0,$-4,$-3,$0,$-2,$0,$0,$0,$-10,$-10,$0,$-12,$0,$0,$0,$0,$0,$0,$0,$0,$-12,$1,$0
28,2011-09-30,11.0,$10.17,1.08,$7.94,1.39,$1.68,6.56,$0.43,25.58,$0.16B,$0.02B,8.33,$0.00B,$0.26B,0.0,$0.20B,$0.11B,52.94%,$0.20B,$0.02B,8.82%,$0.20B,$0.02B,8.82%,$0.20B,$0.03B,12.75%,$0.20B,$0.02B,8.33%,$0.20B,$0.01B,5.39%,$0.01B,$0.26B,4.34%,$0.01B,$0.16B,7.28%,$0.01B,$0.28B,3.94%,$0.02B,$0.26B,7.10%,$52,$24,$28,$8,$15,$47,$5,$-0,$5,$2,$3,$3,$3,$7,$5,$25,26,$0.12,$0.11,$106,$24,$3,$162,$15,$2,$100,$1,$122,$284,$19,$0,$0,$4,$23,$0,$103,$-10,$261,$284,$11,$9,$4,$13,$-3,$1,$-1,$-1,$-2,$22,$-3,$0,$-3,$0,$-17,$-17,$0,$-22,$0,$0,$0,$4,$4,$0,$1,$5,$4,$3,$0
29,2011-06-30,13.0,$10.11,1.29,$7.81,1.66,$1.46,8.91,$0.41,31.71,$0.16B,$0.02B,6.44,$0.00B,$0.26B,0.0,$0.20B,$0.10B,52.26%,$0.20B,$0.02B,8.04%,$0.20B,$0.02B,8.04%,$0.20B,$0.03B,12.56%,$0.20B,$0.02B,8.04%,$0.20B,$0.01B,5.03%,$0.01B,$0.26B,4.02%,$0.01B,$0.16B,6.92%,$0.01B,$0.29B,3.64%,$0.02B,$0.26B,6.44%,$54,$26,$29,$8,$15,$48,$6,$-0,$6,$2,$4,$4,$4,$8,$6,$25,26,$0.14,$0.14,$98,$25,$3,$157,$16,$7,$102,$1,$129,$285,$24,$0,$0,$4,$28,$0,$100,$-9,$257,$285,$8,$7,$3,$10,$0,$0,$0,$-2,$-2,$16,$-2,$0,$0,$0,$-9,$-9,$0,$-11,$0,$0,$0,$3,$3,$0,$0,$3,$9,$3,$0
30,2011-03-31,10.56,$9.93,1.06,$7.58,1.39,$1.31,8.04,$0.42,25.14,$0.15B,$0.02B,6.75,$0.00B,$0.25B,0.0,$0.19B,$0.10B,51.56%,$0.19B,$0.01B,6.77%,$0.19B,$0.01B,6.77%,$0.19B,$0.02B,11.46%,$0.19B,$0.01B,6.77%,$0.19B,$0.01B,5.21%,$0.01B,$0.25B,4.12%,$0.01B,$0.15B,7.25%,$0.01B,$0.28B,3.71%,$0.01B,$0.25B,5.35%,$50,$24,$26,$8,$14,$46,$4,$-0,$3,$1,$2,$2,$2,$6,$4,$25,26,$0.09,$0.09,$91,$26,$3,$150,$16,$5,$103,$1,$128,$277,$22,$0,$0,$4,$26,$0,$96,$-9,$251,$277,$5,$5,$0,$5,$0,$1,$0,$-3,$-2,$8,$-1,$0,$0,$0,$-2,$-2,$0,$-3,$0,$0,$0,$2,$2,$0,$0,$2,$6,$2,$0
31,2010-12-31,11.1,$9.71,1.14,$7.44,1.49,$1.37,8.09,$0.40,27.75,$0.15B,$0.02B,6.51,$0.00B,$0.25B,0.0,$0.19B,$0.10B,51.34%,$0.19B,$0.01B,5.88%,$0.19B,$0.01B,5.88%,$0.19B,$0.02B,11.23%,$0.19B,$0.01B,6.95%,$0.19B,$0.01B,5.35%,$0.01B,$0.25B,4.20%,$0.01B,$0.14B,7.58%,$0.01B,$0.27B,3.76%,$0.01B,$0.25B,4.62%,$48,$24,$25,$8,$14,$46,$3,$0,$3,$0,$2,$2,$2,$5,$3,$25,25,$0.09,$0.09,$92,$27,$3,$148,$16,$0,$104,$0,$123,$271,$23,$0,$0,$4,$27,$0,$94,$-12,$245,$271,$2,$2,$0,$3,$0,$0,$0,$-1,$-0,$5,$-1,$0,$0,$0,$9,$9,$0,$9,$0,$0,$0,$1,$1,$0,$0,$1,$13,$1,$0
32,2010-09-30,9.49,$9.59,0.99,$7.26,1.31,$1.34,7.11,$0.36,26.36,$0.14B,$0.02B,6.65,$0.00B,$0.24B,0.0,$0.18B,$0.09B,51.10%,$0.18B,$0.01B,5.49%,$0.18B,$0.01B,5.49%,$0.18B,$0.02B,10.99%,$0.18B,$0.01B,6.59%,$0.18B,$0.01B,4.95%,$0.01B,$0.24B,3.84%,$0.01B,$0.13B,7.11%,$0.01B,$0.27B,3.42%,$0.01B,$0.24B,4.26%,$47,$23,$24,$7,$14,$44,$3,$0,$4,$1,$2,$2,$2,$6,$3,$25,25,$0.09,$0.09,$88,$27,$2,$144,$16,$0,$106,$0,$123,$267,$22,$0,$1,$5,$26,$0,$92,$-10,$241,$267,$9,$10,$0,$10,$-6,$-1,$1,$1,$-3,$16,$-3,$0,$-3,$0,$-9,$-9,$0,$-15,$-0,$0,$-0,$3,$3,$0,$0,$3,$3,$3,$0
33,2010-06-30,8.27,$9.43,0.88,$6.97,1.19,$1.28,6.45,$0.31,26.68,$0.14B,$0.02B,6.82,$0.00B,$0.24B,0.0,$0.18B,$0.09B,50.29%,$0.18B,$0.01B,4.57%,$0.18B,$0.01B,4.57%,$0.18B,$0.02B,10.29%,$0.18B,$0.01B,5.14%,$0.18B,$0.01B,4.57%,$0.01B,$0.24B,3.45%,$0.01B,$0.13B,6.56%,$0.01B,$0.26B,3.06%,$0.01B,$0.24B,3.45%,$47,$24,$24,$7,$14,$45,$3,$0,$3,$-1,$4,$4,$4,$5,$3,$25,25,$0.15,$0.15,$78,$28,$6,$136,$16,$4,$106,$1,$128,$264,$20,$0,$1,$9,$29,$0,$89,$-11,$235,$264,$7,$8,$0,$8,$0,$1,$0,$-3,$-2,$12,$-2,$0,$-3,$0,$-20,$-20,$0,$-25,$-0,$0,$-0,$2,$2,$0,$0,$2,$-13,$3,$0
34,2010-03-31,10.64,$9.32,1.14,$6.88,1.55,$0.97,11.02,$0.22,48.36,$0.13B,$0.02B,7.35,$0.00B,$0.23B,0.0,$0.17B,$0.09B,49.42%,$0.17B,$0.01B,3.49%,$0.17B,$0.01B,3.49%,$0.17B,$0.02B,9.30%,$0.17B,$0.01B,4.07%,$0.17B,$0.01B,2.91%,$0.01B,$0.23B,2.18%,$0.01B,$0.12B,4.27%,$0.01B,$0.26B,1.92%,$0.01B,$0.23B,2.62%,$45,$22,$23,$7,$14,$43,$2,$0,$3,$1,$2,$2,$2,$5,$2,$25,25,$0.07,$0.07,$77,$26,$6,$132,$17,$4,$108,$1,$130,$262,$18,$0,$1,$12,$30,$0,$86,$-9,$232,$262,$3,$5,$1,$6,$0,$0,$0,$0,$0,$9,$-1,$0,$-3,$0,$-24,$-24,$0,$-29,$-0,$0,$-0,$1,$1,$0,$0,$2,$-19,$2,$0
35,2009-12-31,9.12,$9.33,0.98,$6.69,1.36,$0.57,15.99,$0.18,50.67,$0.13B,$0.02B,7.23,$0.00B,$0.23B,0.0,$0.17B,$0.08B,48.50%,$0.17B,$0.01B,2.99%,$0.17B,$0.01B,2.99%,$0.17B,$0.01B,8.38%,$0.17B,$0.01B,2.99%,$0.17B,$0.00B,2.40%,$0.00B,$0.23B,1.77%,$0.00B,$0.12B,3.53%,$0.00B,$0.26B,1.55%,$0.01B,$0.23B,2.21%,$43,$21,$22,$6,$13,$41,$2,$0,$2,$1,$1,$1,$1,$4,$2,$25,25,$0.05,$0.05,$77,$25,$3,$130,$17,$2,$112,$1,$131,$261,$18,$0,$1,$13,$30,$0,$84,$-7,$230,$261,$1,$3,$1,$3,$0,$0,$0,$-0,$-0,$4,$-1,$0,$0,$0,$-8,$-8,$0,$-9,$-0,$0,$-0,$0,$0,$0,$0,$-0,$-5,$1,$0
36,2009-09-30,8.52,$9.29,0.92,$6.58,1.3,$0.34,25.08,$0.17,50.12,$0.12B,$0.02B,7.42,$0.00B,$0.23B,0.0,$0.17B,$0.08B,48.48%,$0.17B,$0.00B,2.42%,$0.17B,$0.00B,2.42%,$0.17B,$0.01B,7.88%,$0.17B,$0.00B,2.42%,$0.17B,$0.00B,2.42%,$0.00B,$0.23B,1.78%,$0.00B,$0.12B,3.58%,$0.00B,$0.26B,1.55%,$0.00B,$0.23B,1.78%,$40,$21,$19,$6,$12,$39,$1,$-0,$1,$-0,$1,$1,$1,$4,$1,$25,25,$0.03,$0.03,$71,$27,$4,$123,$17,$5,$113,$1,$136,$259,$17,$0,$4,$13,$29,$0,$83,$-7,$230,$259,$4,$10,$2,$12,$5,$3,$-5,$0,$0,$16,$-4,$0,$-3,$0,$32,$32,$0,$25,$-0,$0,$-0,$-5,$-5,$0,$0,$-5,$34,$4,$0
37,2009-06-30,9.75,$9.14,1.07,$6.91,1.41,$0.88,11.03,$0.27,36.11,$0.12B,$0.02B,5.7,$0.00B,$0.23B,0.0,$0.18B,$0.09B,49.71%,$0.18B,$0.01B,4.57%,$0.18B,$0.01B,4.57%,$0.18B,$0.02B,9.71%,$0.18B,$0.01B,4.57%,$0.18B,$0.01B,4.00%,$0.01B,$0.23B,3.10%,$0.01B,$0.11B,6.33%,$0.01B,$0.26B,2.67%,$0.01B,$0.23B,3.54%,$44,$23,$21,$7,$12,$44,$1,$1,$1,$-0,$1,$1,$1,$3,$1,$25,25,$0.06,$0.06,$63,$29,$5,$122,$16,$4,$116,$1,$137,$260,$21,$0,$1,$13,$35,$0,$82,$-9,$225,$260,$3,$7,$2,$9,$0,$0,$0,$-8,$-8,$4,$-2,$0,$-3,$0,$24,$24,$0,$18,$-0,$0,$-0,$-6,$-6,$0,$0,$-6,$15,$3,$0
38,2009-03-31,7.67,$8.94,0.86,$6.92,1.11,$1.55,4.95,$0.29,26.45,$0.12B,$0.02B,6.38,$0.00B,$0.22B,0.0,$0.18B,$0.09B,51.12%,$0.18B,$0.01B,5.62%,$0.18B,$0.01B,5.62%,$0.18B,$0.02B,10.67%,$0.18B,$0.01B,6.18%,$0.18B,$0.01B,4.49%,$0.01B,$0.22B,3.50%,$0.01B,$0.11B,7.06%,$0.01B,$0.25B,3.03%,$0.01B,$0.22B,4.38%,$40,$21,$19,$6,$12,$39,$1,$0,$1,$0,$1,$1,$1,$3,$1,$25,25,$0.03,$0.03,$61,$34,$5,$121,$16,$3,$111,$1,$131,$253,$19,$0,$1,$14,$33,$0,$80,$-12,$220,$253,$2,$5,$0,$5,$0,$0,$0,$-8,$-8,$-1,$-2,$0,$0,$0,$24,$24,$0,$23,$-0,$0,$-0,$-6,$-6,$0,$0,$-6,$14,$2,$0
39,2008-12-31,8.11,$8.90,0.91,$6.97,1.16,$2.18,3.73,$0.38,21.34,$0.13B,$0.02B,6.69,$0.00B,$0.23B,0.0,$0.18B,$0.10B,52.49%,$0.18B,$0.01B,7.18%,$0.18B,$0.01B,7.18%,$0.18B,$0.02B,12.15%,$0.18B,$0.02B,8.29%,$0.18B,$0.01B,5.52%,$0.01B,$0.23B,4.31%,$0.01B,$0.11B,8.18%,$0.01B,$0.26B,3.75%,$0.01B,$0.23B,5.60%,$41,$20,$21,$7,$14,$41,$1,$0,$1,$0,$1,$1,$1,$3,$1,$25,26,$0.04,$0.04,$69,$35,$5,$131,$16,$1,$114,$1,$132,$263,$20,$0,$1,$17,$37,$0,$80,$-10,$226,$263,$1,$2,$0,$3,$0,$0,$0,$-6,$-6,$-2,$-1,$0,$0,$0,$12,$12,$0,$11,$-0,$0,$-0,$0,$0,$0,$0,$0,$8,$1,$0
40,2008-09-30,10.2,$9.14,1.12,$7.04,1.45,$2.39,4.26,$0.48,21.25,$0.13B,$0.02B,6.36,$0.00B,$0.23B,0.0,$0.19B,$0.10B,52.97%,$0.19B,$0.02B,9.19%,$0.19B,$0.02B,9.19%,$0.19B,$0.03B,14.05%,$0.19B,$0.02B,10.81%,$0.19B,$0.01B,7.03%,$0.01B,$0.23B,5.59%,$0.01B,$0.11B,10.08%,$0.01B,$0.27B,4.91%,$0.02B,$0.23B,7.30%,$50,$24,$26,$7,$14,$45,$5,$-0,$5,$1,$4,$4,$4,$8,$5,$26,26,$0.14,$0.13,$74,$30,$3,$133,$16,$0,$121,$1,$138,$271,$21,$0,$7,$19,$39,$0,$79,$-2,$232,$271,$12,$9,$5,$15,$-2,$-3,$3,$0,$-3,$24,$3,$0,$-32,$0,$9,$9,$-2,$-22,$-0,$0,$-0,$-2,$-2,$0,$0,$-3,$-4,$4,$0
41,2008-06-30,7.85,$9.13,0.86,$6.84,1.15,$2.31,3.39,$0.55,14.27,$0.13B,$0.02B,6.11,$0.00B,$0.24B,0.0,$0.18B,$0.10B,53.33%,$0.18B,$0.02B,10.00%,$0.18B,$0.02B,10.00%,$0.18B,$0.03B,15.00%,$0.18B,$0.02B,12.22%,$0.18B,$0.02B,8.33%,$0.02B,$0.24B,6.51%,$0.02B,$0.12B,11.17%,$0.02B,$0.27B,5.77%,$0.02B,$0.24B,7.80%,$47,$22,$25,$7,$13,$44,$3,$1,$4,$2,$2,$2,$2,$5,$3,$26,26,$0.08,$0.08,$70,$29,$5,$129,$15,$8,$116,$1,$141,$270,$21,$0,$0,$13,$34,$0,$75,$1,$236,$270,$9,$7,$2,$9,$0,$0,$0,$-3,$-3,$15,$4,$0,$-28,$0,$8,$8,$-2,$-17,$-0,$0,$-0,$2,$2,$0,$0,$2,$-2,$3,$0
42,2008-03-31,11.54,$9.07,1.27,$6.70,1.72,$2.20,5.25,$0.73,15.81,$0.14B,$0.02B,7.32,$0.00B,$0.23B,0.0,$0.18B,$0.09B,53.11%,$0.18B,$0.02B,11.30%,$0.18B,$0.02B,11.30%,$0.18B,$0.03B,16.95%,$0.18B,$0.02B,13.56%,$0.18B,$0.02B,11.30%,$0.02B,$0.23B,8.89%,$0.02B,$0.15B,14.81%,$0.02B,$0.26B,7.90%,$0.02B,$0.23B,8.87%,$43,$20,$23,$7,$13,$39,$4,$1,$5,$2,$3,$3,$3,$6,$4,$26,26,$0.12,$0.12,$85,$27,$5,$142,$15,$16,$88,$1,$121,$263,$19,$0,$0,$10,$29,$0,$73,$3,$234,$263,$7,$5,$-0,$4,$0,$0,$0,$-2,$-2,$9,$5,$0,$0,$0,$-5,$-5,$-2,$-2,$-0,$0,$-0,$2,$2,$0,$0,$2,$9,$2,$0
43,2007-12-31,14.19,$8.92,1.59,$6.72,2.11,$2.04,6.94,$0.75,18.92,$0.14B,$0.02B,9.21,$0.00B,$0.23B,0.0,$0.18B,$0.09B,53.11%,$0.18B,$0.02B,11.86%,$0.18B,$0.02B,11.86%,$0.18B,$0.03B,17.51%,$0.18B,$0.02B,13.56%,$0.18B,$0.02B,11.86%,$0.02B,$0.23B,9.64%,$0.02B,$0.14B,16.57%,$0.02B,$0.25B,8.54%,$0.02B,$0.23B,9.61%,$45,$21,$24,$7,$13,$40,$5,$1,$6,$2,$4,$4,$4,$7,$5,$26,27,$0.14,$0.14,$87,$27,$5,$139,$21,$4,$89,$1,$115,$254,$15,$0,$0,$10,$25,$0,$70,$3,$229,$254,$4,$2,$-0,$2,$0,$0,$0,$-2,$-2,$4,$-1,$0,$0,$0,$-4,$-4,$-1,$-6,$-0,$0,$-0,$2,$2,$0,$0,$2,$-1,$1,$0
44,2007-09-30,14.24,$8.73,1.63,$6.65,2.14,$2.03,7.01,$0.76,18.74,$0.14B,$0.02B,6.28,$0.00B,$0.22B,0.0,$0.17B,$0.09B,52.87%,$0.17B,$0.02B,11.49%,$0.17B,$0.02B,11.49%,$0.17B,$0.03B,17.82%,$0.17B,$0.02B,13.22%,$0.17B,$0.02B,12.07%,$0.02B,$0.22B,9.98%,$0.02B,$0.13B,17.83%,$0.02B,$0.25B,8.76%,$0.02B,$0.22B,9.48%,$45,$21,$24,$6,$12,$39,$6,$1,$7,$2,$6,$6,$6,$9,$6,$25,26,$0.22,$0.21,$85,$26,$3,$138,$20,$2,$91,$0,$114,$252,$22,$0,$0,$7,$29,$0,$67,$2,$223,$252,$20,$10,$3,$13,$-0,$-4,$-1,$0,$-6,$26,$-2,$0,$0,$0,$-26,$-26,$-1,$-29,$-0,$0,$-0,$5,$5,$0,$1,$5,$3,$3,$0
45,2007-06-30,14.74,$7.65,1.93,$6.63,2.22,$1.89,7.8,$0.67,22.0,$0.13B,$0.02B,5.7,$0.00B,$0.21B,0.0,$0.17B,$0.09B,52.94%,$0.17B,$0.02B,10.00%,$0.17B,$0.02B,10.00%,$0.17B,$0.03B,16.47%,$0.17B,$0.02B,11.76%,$0.17B,$0.02B,10.59%,$0.02B,$0.21B,8.86%,$0.02B,$0.12B,16.51%,$0.02B,$0.24B,7.73%,$0.02B,$0.22B,8.33%,$44,$21,$23,$6,$12,$38,$5,$1,$6,$-1,$7,$7,$7,$8,$5,$25,26,$0.27,$0.26,$78,$25,$5,$130,$20,$0,$92,$2,$114,$244,$23,$0,$0,$6,$29,$0,$61,$1,$214,$244,$14,$8,$0,$8,$-1,$-4,$0,$1,$-4,$19,$-2,$0,$-1,$0,$-1,$-1,$0,$-4,$-0,$0,$-0,$3,$3,$0,$0,$3,$18,$2,$0
46,2007-03-31,12.7,$7.35,1.73,$6.46,1.96,$1.80,7.05,$0.55,23.09,$0.12B,$0.02B,5.47,$0.00B,$0.21B,0.0,$0.16B,$0.09B,53.09%,$0.16B,$0.02B,9.88%,$0.16B,$0.02B,9.88%,$0.16B,$0.03B,16.05%,$0.16B,$0.02B,11.11%,$0.16B,$0.01B,8.64%,$0.01B,$0.21B,7.31%,$0.01B,$0.11B,13.33%,$0.01B,$0.23B,6.38%,$0.02B,$0.21B,8.32%,$43,$20,$23,$6,$12,$38,$5,$1,$5,$2,$4,$4,$4,$7,$5,$25,26,$0.14,$0.14,$70,$23,$5,$119,$20,$0,$93,$2,$115,$234,$22,$1,$0,$7,$29,$0,$54,$2,$205,$234,$7,$5,$1,$6,$-0,$-2,$0,$1,$-2,$11,$-1,$0,$0,$0,$-9,$-9,$-1,$-12,$-0,$0,$-0,$2,$2,$0,$0,$2,$2,$2,$0
47,2006-12-31,13.79,$7.18,1.92,$6.27,2.2,$1.73,7.98,$0.52,26.52,$0.11B,$0.02B,5.18,$0.00B,$0.20B,0.0,$0.15B,$0.08B,52.94%,$0.15B,$0.01B,9.15%,$0.15B,$0.01B,9.15%,$0.15B,$0.03B,16.34%,$0.15B,$0.02B,11.11%,$0.15B,$0.01B,8.50%,$0.01B,$0.20B,7.19%,$0.01B,$0.10B,12.71%,$0.01B,$0.23B,6.27%,$0.01B,$0.20B,7.71%,$42,$20,$22,$6,$12,$38,$4,$1,$5,$1,$4,$4,$4,$7,$4,$25,26,$0.15,$0.15,$61,$25,$6,$112,$20,$0,$95,$2,$117,$229,$22,$1,$0,$8,$30,$0,$51,$1,$200,$229,$4,$3,$1,$3,$1,$-3,$0,$-1,$-4,$3,$-1,$0,$0,$0,$3,$3,$-1,$2,$-0,$0,$-0,$1,$1,$0,$0,$1,$6,$1,$0
