,Date,Stock Price,Book Value per Share,Price to Book Ratio,TTM Sales per Share,Price to Sales Ratio,TTM FCF per Share,Price to FCF Ratio,TTM Net EPS,PE Ratio,Current Assets,Current Liabilities,Current Ratio,Long Term Debt,Shareholder's Equity_x,Debt to Equity Ratio,TTM Revenue_x,TTM Gross Profit,Gross Margin,TTM Revenue_y,TTM Operating Income,Operating Margin,TTM Revenue_x,TTM EBIT,EBIT Margin,TTM Revenue_y,TTM EBITDA,EBITDA Margin,TTM Revenue_x,TTM Pre-Tax Income,Pre-Tax Margin,TTM Revenue_y,TTM Net Income_x,Net Margin,TTM Net Income_y,Shareholder's Equity_y,Return on Equity,TTM Net Income_x,Tangible Equity,Return on Tangible Equity,TTM Net Income_y,Total Assets,Return on Assets,TTM Net Income,LT Investments & Debt,Return on Investment,revenue,cost-goods-sold,gross-profit,research-development-expenses,selling-general-administrative-expenses,operating-expenses,operating-income,total-non-operating-income-expense,pre-tax-income,total-provision-income-taxes,income-after-taxes,income-from-continuous-operations,net-income,ebitda,ebit,basic-shares-outstanding,shares-outstanding,eps-basic-net-earnings-per-share,eps-earnings-per-share-diluted,cash-on-hand,inventory,other-current-assets,total-current-assets,net-property-plant-equipment,long-term-investments,goodwill-intangible-assets-total,other-long-term-assets,total-long-term-assets,total-assets,total-current-liabilities,long-term-debt,other-non-current-liabilities,total-long-term-liabilities,total-liabilities,common-stock-net,retained-earnings-accumulated-deficit,comprehensive-income,total-share-holder-equity,total-liabilities-share-holders-equity,net-income-loss,total-depreciation-amortization-cash-flow,other-non-cash-items,total-non-cash-items,change-in-accounts-receivable,change-in-inventories,change-in-accounts-payable,change-in-assets-liabilities,total-change-in-assets-liabilities,cash-flow-from-operating-activities,net-change-in-property-plant-equipment,net-change-in-intangible-assets,net-acquisitions-divestitures,net-change-in-short-term-investments,net-change-in-long-term-investments,net-change-in-investments-total,investing-activities-other,cash-flow-from-investing-activities,net-long-term-debt,net-current-debt,debt-issuance-retirement-net-total,net-common-equity-issued-repurchased,net-total-equity-issued-repurchased,total-common-preferred-stock-dividends-paid,financial-activities-other,cash-flow-from-financial-activities,net-cash-flow,stock-based-compensation,common-stock-dividends-paid
0,2018-09-30,2.85,$0.32,8.85,$1.64,1.74,$-1.78,0.0,$-2.02,0.0,$0.02B,$0.00B,4.17,$0.00B,$0.00B,0.0,$0.01B,$0.00B,33.33%,$0.01B,$-0.01B,-75.00%,$0.01B,$-0.01B,-75.00%,$0.01B,$-0.01B,-66.67%,$0.01B,$-0.02B,-125.00%,$0.01B,$-0.02B,-125.00%,$-0.02B,$0.00B,-6000.00%,$-0.02B,$0.00B,6000.00%,$-0.02B,$0.02B,-107.14%,$-0.01B,$0.00B,-900.00%,$3,$2,$1,$0,$3,$5,$-2,$-3,$-5,$0,$-5,$-5,$-5,$-2,$-2,$8,8,$-0.60,$-0.60,$8,$7,$0,$18,$0,$0,$0,$0,$1,$19,$4,$0,$11,$11,$16,$0,$-72,$0,$3,$19,$-10,$0,$6,$6,$-0,$2,$-2,$-0,$-0,$-4,$0,$-0,$0,$0,$0,$0,$1,$0,$-12,$0,$-12,$7,$7,$0,$16,$11,$8,$2,$0
1,2018-06-30,2.35,$-0.22,-10.87,$1.74,1.35,$-2.23,0.0,$-1.98,0.0,$0.01B,$0.01B,0.95,$0.00B,$-0.00B,-1.43,$0.01B,$0.00B,33.33%,$0.01B,$-0.01B,-83.33%,$0.01B,$-0.01B,-83.33%,$0.01B,$-0.01B,-75.00%,$0.01B,$-0.01B,-108.33%,$0.01B,$-0.01B,-108.33%,$-0.01B,$-0.00B,-2600.00%,$-0.01B,$-0.00B,inf%,$-0.01B,$0.01B,-100.00%,$-0.01B,$0.00B,-800.00%,$4,$2,$2,$0,$3,$5,$-1,$-2,$-3,$0,$-3,$-3,$-3,$-1,$-1,$7,7,$-0.42,$-0.42,$0,$8,$0,$11,$0,$0,$0,$0,$1,$12,$12,$2,$0,$2,$14,$0,$-67,$0,$-2,$12,$-6,$0,$3,$3,$-0,$1,$-0,$0,$1,$-2,$-0,$-0,$0,$0,$0,$0,$1,$0,$-4,$0,$-4,$0,$0,$0,$6,$2,$0,$1,$0
2,2018-03-31,2.6,$-0.16,-16.45,$1.86,1.4,$-2.66,0.0,$-1.97,0.0,$0.01B,$0.01B,0.97,$0.00B,$-0.00B,0.0,$0.01B,$0.00B,27.27%,$0.01B,$-0.01B,-100.00%,$0.01B,$-0.01B,-100.00%,$0.01B,$-0.01B,-90.91%,$0.01B,$-0.01B,-109.09%,$0.01B,$-0.01B,-109.09%,$-0.01B,$-0.00B,-600.00%,$-0.01B,$-0.00B,-800.00%,$-0.01B,$0.01B,-85.71%,$-0.01B,$-0.00B,-550.00%,$2,$1,$1,$0,$3,$4,$-2,$-1,$-3,$0,$-3,$-3,$-3,$-2,$-2,$7,7,$-0.37,$-0.37,$0,$8,$0,$10,$1,$0,$0,$0,$1,$12,$11,$0,$2,$2,$13,$0,$-64,$0,$-1,$12,$-3,$0,$0,$0,$1,$1,$-0,$-0,$2,$-1,$-0,$-0,$0,$0,$0,$0,$1,$0,$-0,$0,$0,$0,$0,$0,$0,$0,$0,$0,$0
3,2017-12-31,2.65,$0.12,21.39,$2.43,1.09,$-3.10,0.0,$-1.96,0.0,$0.01B,$0.01B,1.17,$0.00B,$0.00B,0.0,$0.01B,$0.00B,28.57%,$0.01B,$-0.01B,-78.57%,$0.01B,$-0.01B,-78.57%,$0.01B,$-0.01B,-71.43%,$0.01B,$-0.01B,-78.57%,$0.01B,$-0.01B,-78.57%,$-0.01B,$0.00B,-293.33%,$-0.01B,$0.00B,-314.29%,$-0.01B,$0.01B,-72.13%,$-0.01B,$0.00B,-293.33%,$3,$3,$0,$1,$3,$7,$-4,$-1,$-4,$0,$-4,$-4,$-4,$-3,$-4,$7,7,$-0.43,$-0.43,$1,$9,$0,$12,$1,$0,$0,$0,$1,$13,$10,$0,$2,$2,$12,$0,$-62,$0,$1,$13,$-12,$1,$3,$4,$1,$-0,$1,$1,$2,$-6,$-0,$-0,$0,$0,$0,$0,$0,$-0,$-1,$2,$0,$3,$3,$0,$0,$3,$-4,$2,$0
4,2017-09-30,2.4,$0.58,4.13,$2.66,0.9,$-3.31,0.0,$-2.13,0.0,$0.01B,$0.01B,1.53,$0.00B,$0.00B,0.0,$0.01B,$0.00B,28.57%,$0.01B,$-0.01B,-78.57%,$0.01B,$-0.01B,-78.57%,$0.01B,$-0.01B,-78.57%,$0.01B,$-0.01B,-78.57%,$0.01B,$-0.01B,-78.57%,$-0.01B,$0.00B,-200.00%,$-0.01B,$0.00B,-209.52%,$-0.01B,$0.02B,-65.67%,$-0.01B,$0.00B,-169.23%,$3,$2,$1,$1,$3,$6,$-3,$-0,$-3,$0,$-3,$-3,$-3,$-3,$-3,$6,6,$-0.56,$-0.56,$1,$10,$0,$14,$1,$0,$1,$0,$1,$15,$9,$0,$0,$2,$11,$0,$-58,$0,$4,$15,$-8,$1,$1,$2,$1,$-1,$0,$0,$-0,$-6,$-0,$-0,$0,$0,$0,$0,$0,$-0,$-1,$0,$-1,$3,$3,$0,$1,$3,$-4,$1,$0
5,2017-06-30,3.1,$0.74,4.2,$2.99,1.04,$-3.27,0.0,$-2.18,0.0,$0.02B,$0.01B,1.47,$0.00B,$0.00B,0.0,$0.02B,$0.01B,33.33%,$0.02B,$-0.01B,-73.33%,$0.02B,$-0.01B,-73.33%,$0.02B,$-0.01B,-73.33%,$0.02B,$-0.01B,-73.33%,$0.02B,$-0.01B,-73.33%,$-0.01B,$0.00B,-146.67%,$-0.01B,$0.00B,-157.14%,$-0.01B,$0.02B,-63.77%,$-0.01B,$0.00B,-129.41%,$3,$2,$1,$1,$3,$6,$-2,$0,$-2,$0,$-2,$-2,$-2,$-2,$-2,$6,6,$-0.41,$-0.41,$1,$10,$0,$15,$1,$0,$0,$0,$2,$16,$10,$0,$0,$2,$12,$0,$-54,$0,$4,$16,$-4,$0,$1,$1,$0,$-1,$1,$0,$-0,$-3,$-0,$-0,$0,$0,$0,$0,$0,$-0,$-0,$1,$1,$0,$0,$0,$0,$1,$-3,$1,$0
6,2017-03-31,4.3,$1.08,4.0,$3.20,1.34,$-3.13,0.0,$-2.31,0.0,$0.02B,$0.01B,1.78,$0.00B,$0.01B,0.0,$0.02B,$0.01B,31.25%,$0.02B,$-0.01B,-75.00%,$0.02B,$-0.01B,-75.00%,$0.02B,$-0.01B,-75.00%,$0.02B,$-0.01B,-75.00%,$0.02B,$-0.01B,-75.00%,$-0.01B,$0.01B,-120.00%,$-0.01B,$0.01B,-126.32%,$-0.01B,$0.02B,-65.75%,$-0.01B,$0.01B,-109.09%,$5,$3,$2,$1,$3,$7,$-2,$-0,$-2,$0,$-2,$-2,$-2,$-2,$-2,$6,6,$-0.36,$-0.36,$1,$10,$0,$16,$1,$0,$0,$0,$1,$17,$9,$0,$0,$2,$11,$0,$-52,$0,$6,$17,$-2,$0,$1,$1,$-1,$-0,$-0,$0,$-2,$-3,$-0,$-0,$0,$0,$0,$0,$0,$-0,$-0,$0,$-0,$0,$0,$0,$0,$-0,$-3,$0,$0
7,2016-12-31,4.2,$1.41,2.97,$3.11,1.35,$-2.80,0.0,$-2.39,0.0,$0.02B,$0.01B,3.35,$0.00B,$0.01B,0.52,$0.02B,$0.01B,33.33%,$0.02B,$-0.01B,-80.00%,$0.02B,$-0.01B,-80.00%,$0.02B,$-0.01B,-80.00%,$0.02B,$-0.01B,-80.00%,$0.02B,$-0.01B,-80.00%,$-0.01B,$0.01B,-94.12%,$-0.01B,$0.01B,-100.00%,$-0.01B,$0.02B,-61.54%,$-0.01B,$0.01B,-87.27%,$3,$3,$0,$1,$3,$7,$-4,$-0,$-4,$0,$-4,$-4,$-4,$-4,$-4,$5,5,$-0.79,$-0.79,$4,$10,$0,$17,$1,$0,$0,$1,$2,$19,$5,$4,$0,$6,$11,$0,$-50,$0,$8,$19,$-13,$1,$3,$3,$1,$0,$1,$1,$4,$-6,$-0,$-0,$0,$0,$0,$0,$-1,$-1,$4,$0,$4,$0,$0,$0,$-0,$4,$-3,$2,$0
8,2016-09-30,5.94,$2.14,2.77,$3.63,1.63,$-3.50,0.0,$-2.12,0.0,$0.02B,$0.00B,3.99,$0.00B,$0.01B,0.0,$0.02B,$0.01B,41.18%,$0.02B,$-0.01B,-64.71%,$0.02B,$-0.01B,-64.71%,$0.02B,$-0.01B,-64.71%,$0.02B,$-0.01B,-64.71%,$0.02B,$-0.01B,-64.71%,$-0.01B,$0.01B,-70.97%,$-0.01B,$0.01B,-74.58%,$-0.01B,$0.02B,-53.66%,$-0.01B,$0.01B,-70.97%,$4,$2,$2,$1,$5,$8,$-3,$-0,$-3,$0,$-3,$-3,$-3,$-3,$-3,$5,5,$-0.61,$-0.61,$2,$10,$0,$16,$1,$0,$0,$0,$2,$17,$4,$0,$0,$2,$6,$0,$-45,$0,$12,$17,$-8,$0,$1,$2,$1,$-0,$0,$0,$2,$-5,$-0,$-0,$0,$0,$0,$0,$0,$-0,$-0,$0,$-0,$0,$0,$0,$0,$-0,$-5,$1,$0
9,2016-06-30,3.88,$2.67,1.45,$3.89,1.0,$-4.09,0.0,$-1.96,0.0,$0.02B,$0.00B,5.48,$0.00B,$0.01B,0.0,$0.02B,$0.01B,38.89%,$0.02B,$-0.01B,-55.56%,$0.02B,$-0.01B,-55.56%,$0.02B,$-0.01B,-55.56%,$0.02B,$-0.01B,-55.56%,$0.02B,$-0.01B,-55.56%,$-0.01B,$0.01B,-56.34%,$-0.01B,$0.01B,-57.97%,$-0.01B,$0.02B,-43.96%,$-0.01B,$0.01B,-56.34%,$4,$3,$1,$1,$3,$7,$-3,$0,$-3,$0,$-3,$-3,$-3,$-3,$-3,$5,5,$-0.54,$-0.54,$4,$10,$0,$18,$1,$0,$0,$0,$2,$20,$3,$0,$0,$2,$5,$0,$-42,$0,$14,$20,$-5,$0,$1,$1,$0,$1,$0,$-0,$1,$-3,$-0,$-0,$0,$0,$0,$0,$0,$-0,$-0,$0,$-0,$0,$0,$0,$0,$-0,$-3,$1,$0
10,2016-03-31,4.95,$3.21,1.54,$4.46,1.11,$-5.02,0.0,$-1.62,0.0,$0.02B,$0.00B,6.44,$0.00B,$0.02B,0.0,$0.02B,$0.01B,45.00%,$0.02B,$-0.01B,-40.00%,$0.02B,$-0.01B,-40.00%,$0.02B,$-0.01B,-40.00%,$0.02B,$-0.01B,-40.00%,$0.02B,$-0.01B,-40.00%,$-0.01B,$0.02B,-47.06%,$-0.01B,$0.02B,-48.48%,$-0.01B,$0.02B,-35.16%,$-0.01B,$0.02B,-47.06%,$4,$3,$2,$1,$3,$7,$-2,$0,$-2,$0,$-2,$-2,$-2,$-2,$-2,$5,5,$-0.44,$-0.44,$6,$10,$0,$20,$1,$0,$0,$0,$2,$22,$3,$0,$0,$2,$5,$0,$-39,$0,$17,$22,$-2,$0,$1,$1,$0,$0,$0,$-0,$1,$-1,$-0,$-0,$0,$0,$0,$0,$0,$-0,$-0,$0,$-0,$0,$0,$0,$0,$-0,$-1,$0,$0
11,2015-12-31,6.32,$3.62,1.74,$4.88,1.3,$-5.96,0.0,$-3.08,0.0,$0.02B,$0.00B,7.25,$0.00B,$0.02B,0.0,$0.02B,$0.01B,45.00%,$0.02B,$-0.01B,-40.00%,$0.02B,$-0.01B,-40.00%,$0.02B,$-0.01B,-40.00%,$0.02B,$-0.01B,-60.00%,$0.02B,$-0.01B,-60.00%,$-0.01B,$0.02B,-77.42%,$-0.01B,$0.02B,-78.69%,$-0.01B,$0.02B,-55.17%,$-0.01B,$0.02B,-51.61%,$5,$3,$2,$1,$4,$8,$-3,$0,$-3,$0,$-3,$-3,$-3,$-3,$-3,$4,4,$-0.22,$-0.22,$7,$11,$0,$22,$1,$0,$0,$0,$2,$23,$3,$0,$0,$2,$5,$0,$-37,$0,$19,$23,$-12,$1,$6,$7,$-0,$-2,$-1,$1,$-3,$-8,$-0,$-0,$0,$0,$0,$0,$2,$1,$-3,$0,$-3,$13,$13,$0,$-0,$11,$4,$2,$0
12,2015-09-30,6.23,$4.19,1.49,$5.81,1.07,$-5.48,0.0,$-2.85,0.0,$0.02B,$0.00B,6.79,$0.00B,$0.02B,0.0,$0.02B,$0.01B,50.00%,$0.02B,$-0.01B,-25.00%,$0.02B,$-0.01B,-25.00%,$0.02B,$-0.01B,-25.00%,$0.02B,$-0.01B,-50.00%,$0.02B,$-0.01B,-50.00%,$-0.01B,$0.02B,-81.63%,$-0.01B,$0.02B,-81.63%,$-0.01B,$0.03B,-48.19%,$-0.01B,$0.02B,-39.22%,$5,$3,$2,$1,$3,$7,$-2,$0,$-2,$0,$-2,$-2,$-2,$-2,$-2,$5,5,$-0.45,$-0.45,$8,$13,$0,$24,$1,$0,$0,$0,$2,$26,$4,$0,$0,$2,$5,$0,$-34,$0,$21,$26,$-9,$0,$6,$6,$-0,$-4,$-1,$1,$-4,$-7,$-0,$-0,$0,$0,$0,$0,$2,$1,$-0,$-3,$-3,$13,$13,$0,$-0,$11,$5,$1,$0
13,2015-06-30,13.84,$2.70,5.12,$6.43,2.15,$-5.36,0.0,$-4.72,0.0,$0.02B,$0.01B,2.56,$0.00B,$0.01B,0.01,$0.02B,$0.01B,50.00%,$0.02B,$-0.00B,-20.00%,$0.02B,$-0.00B,-20.00%,$0.02B,$-0.00B,-20.00%,$0.02B,$-0.01B,-70.00%,$0.02B,$-0.01B,-70.00%,$-0.01B,$0.01B,-160.00%,$-0.01B,$0.01B,-164.71%,$-0.01B,$0.02B,-74.67%,$-0.00B,$0.01B,-41.03%,$6,$3,$3,$1,$3,$6,$-1,$0,$-1,$0,$-1,$-1,$-1,$-1,$-1,$4,4,$-0.20,$-0.20,$1,$12,$0,$18,$1,$0,$0,$0,$2,$20,$7,$0,$0,$1,$8,$0,$-32,$0,$11,$20,$-7,$0,$5,$6,$-1,$-3,$0,$-0,$-4,$-6,$-0,$-0,$0,$0,$0,$0,$2,$1,$-0,$0,$-0,$2,$2,$0,$-0,$2,$-2,$1,$0
14,2015-03-31,12.75,$2.72,4.68,$6.53,1.95,$-4.54,0.0,$-4.95,0.0,$0.02B,$0.01B,2.63,$0.00B,$0.01B,0.0,$0.02B,$0.01B,52.94%,$0.02B,$-0.00B,-23.53%,$0.02B,$-0.00B,-23.53%,$0.02B,$-0.00B,-23.53%,$0.02B,$-0.01B,-82.35%,$0.02B,$-0.01B,-82.35%,$-0.01B,$0.01B,-186.67%,$-0.01B,$0.01B,-200.00%,$-0.01B,$0.02B,-81.16%,$-0.00B,$0.01B,-47.06%,$4,$3,$2,$1,$3,$6,$-2,$-4,$-6,$0,$-6,$-6,$-6,$-2,$-2,$3,3,$-1.90,$-1.90,$2,$11,$0,$17,$1,$0,$0,$0,$2,$18,$6,$0,$0,$1,$7,$0,$-31,$0,$11,$18,$-6,$0,$5,$5,$-0,$-2,$-0,$-0,$-2,$-4,$-0,$-0,$0,$0,$0,$0,$2,$1,$-0,$0,$-0,$2,$2,$0,$0,$2,$-1,$0,$0
15,2014-12-31,15.32,$2.07,7.41,$7.00,2.19,$-3.77,0.0,$-3.44,0.0,$0.02B,$0.01B,1.67,$0.00B,$0.01B,0.2,$0.02B,$0.01B,52.94%,$0.02B,$-0.00B,-17.65%,$0.02B,$-0.00B,-17.65%,$0.02B,$-0.00B,-11.76%,$0.02B,$-0.01B,-52.94%,$0.02B,$-0.01B,-52.94%,$-0.01B,$0.01B,-144.00%,$-0.01B,$0.01B,-156.52%,$-0.01B,$0.02B,-55.38%,$-0.00B,$0.01B,-36.36%,$5,$2,$3,$1,$3,$6,$-0,$-1,$-1,$0,$-1,$-1,$-1,$-0,$-0,$3,3,$-0.40,$-0.40,$5,$9,$0,$17,$1,$0,$0,$0,$2,$19,$10,$1,$0,$2,$13,$0,$-25,$0,$6,$19,$-9,$1,$7,$8,$-1,$-2,$1,$1,$-2,$-3,$-0,$-0,$0,$0,$0,$0,$-1,$-1,$6,$0,$6,$2,$2,$0,$-1,$7,$3,$1,$0
16,2014-09-30,16.02,$2.25,7.12,$6.55,2.44,$-2.77,0.0,$-3.88,0.0,$0.02B,$0.01B,1.99,$0.00B,$0.01B,0.31,$0.02B,$0.01B,50.00%,$0.02B,$-0.01B,-31.25%,$0.02B,$-0.01B,-31.25%,$0.02B,$-0.00B,-18.75%,$0.02B,$-0.01B,-62.50%,$0.02B,$-0.01B,-62.50%,$-0.01B,$0.01B,-153.85%,$-0.01B,$0.01B,-166.67%,$-0.01B,$0.02B,-67.80%,$-0.01B,$0.01B,-58.82%,$5,$2,$2,$1,$3,$6,$-1,$-5,$-6,$0,$-6,$-6,$-6,$-1,$-1,$3,3,$-2.32,$-2.32,$4,$8,$0,$16,$1,$0,$0,$0,$1,$18,$8,$2,$0,$3,$11,$0,$-24,$0,$7,$18,$-8,$0,$6,$7,$-1,$-0,$-0,$0,$-2,$-4,$-0,$-0,$0,$0,$0,$0,$-1,$-1,$-0,$6,$6,$2,$2,$0,$-1,$7,$2,$1,$0
17,2014-06-30,3.11,$2.29,1.36,$6.94,0.45,$-1.83,0.0,$-1.98,0.0,$0.01B,$0.01B,1.7,$0.00B,$0.01B,0.12,$0.02B,$0.01B,53.33%,$0.02B,$-0.01B,-33.33%,$0.02B,$-0.01B,-33.33%,$0.02B,$-0.00B,-20.00%,$0.02B,$-0.01B,-33.33%,$0.02B,$-0.01B,-33.33%,$-0.01B,$0.01B,-74.07%,$-0.01B,$0.01B,-76.92%,$-0.01B,$0.01B,-36.36%,$-0.01B,$0.01B,-60.61%,$3,$2,$2,$1,$2,$4,$-1,$-0,$-1,$0,$-1,$-1,$-1,$-1,$-1,$2,2,$-0.43,$-0.43,$1,$9,$0,$12,$1,$0,$0,$0,$1,$14,$7,$1,$0,$1,$8,$0,$-18,$0,$6,$14,$-2,$0,$1,$1,$-0,$-1,$0,$0,$-0,$-1,$-0,$-0,$0,$0,$0,$0,$0,$-0,$-0,$2,$2,$0,$0,$0,$-0,$2,$0,$0,$0
18,2014-03-31,6.14,$2.75,2.23,$7.86,0.78,$-1.42,0.0,$-1.58,0.0,$0.01B,$0.00B,3.04,$0.00B,$0.01B,0.53,$0.02B,$0.01B,52.94%,$0.02B,$-0.00B,-23.53%,$0.02B,$-0.00B,-23.53%,$0.02B,$-0.00B,-11.76%,$0.02B,$-0.00B,-23.53%,$0.02B,$-0.00B,-23.53%,$-0.00B,$0.01B,-55.17%,$-0.00B,$0.01B,-55.17%,$-0.00B,$0.01B,-29.09%,$-0.00B,$0.01B,-45.71%,$4,$2,$2,$1,$2,$4,$-1,$-0,$-1,$0,$-1,$-1,$-1,$-0,$-1,$2,2,$-0.39,$-0.39,$1,$8,$0,$12,$1,$0,$0,$1,$2,$14,$4,$3,$1,$4,$8,$0,$-17,$0,$6,$14,$-1,$0,$0,$1,$-0,$-0,$0,$0,$-0,$-1,$-0,$-0,$0,$0,$0,$0,$0,$-0,$-0,$2,$2,$0,$0,$0,$-0,$2,$1,$0,$0
19,2013-12-31,9.19,$3.18,2.89,$8.43,1.09,$-1.21,0.0,$-1.14,0.0,$0.01B,$0.00B,3.61,$0.00B,$0.01B,0.34,$0.02B,$0.01B,55.56%,$0.02B,$-0.00B,-16.67%,$0.02B,$-0.00B,-16.67%,$0.02B,$-0.00B,-11.11%,$0.02B,$-0.00B,-16.67%,$0.02B,$-0.00B,-16.67%,$-0.00B,$0.01B,-38.71%,$-0.00B,$0.01B,-38.71%,$-0.00B,$0.01B,-22.22%,$-0.00B,$0.01B,-33.33%,$4,$2,$2,$1,$2,$5,$-2,$-0,$-2,$0,$-2,$-2,$-2,$-1,$-2,$2,2,$-0.78,$-0.77,$0,$8,$0,$11,$1,$0,$0,$1,$2,$13,$3,$2,$1,$3,$6,$0,$-16,$0,$7,$13,$-2,$0,$1,$1,$1,$-1,$-0,$-0,$1,$-1,$-0,$-0,$0,$0,$0,$0,$0,$-0,$-0,$0,$-0,$1,$1,$0,$-0,$1,$-0,$1,$0
20,2013-09-30,13.69,$3.76,3.64,$9.08,1.51,$-1.23,0.0,$-0.64,0.0,$0.01B,$0.01B,2.38,$0.00B,$0.01B,0.01,$0.02B,$0.01B,52.63%,$0.02B,$-0.00B,-5.26%,$0.02B,$-0.00B,-5.26%,$0.02B,$-0.00B,-5.26%,$0.02B,$-0.00B,-5.26%,$0.02B,$-0.00B,-5.26%,$-0.00B,$0.01B,-12.50%,$-0.00B,$0.01B,-12.50%,$-0.00B,$0.01B,-7.41%,$-0.00B,$0.01B,-10.81%,$4,$2,$2,$1,$2,$5,$-1,$-0,$-1,$0,$-1,$-1,$-1,$-1,$-1,$2,2,$-0.42,$-0.42,$0,$8,$0,$12,$1,$0,$0,$1,$2,$14,$5,$0,$1,$1,$6,$0,$-14,$0,$8,$14,$-1,$0,$0,$1,$0,$-1,$-0,$-0,$-1,$-1,$-0,$-0,$0,$0,$0,$0,$0,$-0,$-0,$0,$-0,$1,$1,$0,$0,$1,$-0,$1,$0
21,2013-06-30,7.48,$3.86,1.94,$9.26,0.81,$-1.32,0.0,$-0.09,0.0,$0.01B,$0.01B,2.34,$0.00B,$0.01B,0.01,$0.02B,$0.01B,55.00%,$0.02B,0,0.00%,$0.02B,0,0.00%,$0.02B,0,0.00%,$0.02B,0,0.00%,$0.02B,0,0.00%,$0.00B,$0.01B,0.00%,$0.00B,$0.01B,0.00%,$0.00B,$0.01B,0.00%,$0.00B,$0.01B,0.00%,$5,$2,$3,$1,$2,$5,$-0,$-0,$-0,$0,$-0,$-0,$-0,$0,$-0,$2,2,$-0.03,$-0.03,$0,$8,$0,$12,$1,$0,$0,$1,$2,$14,$5,$0,$1,$1,$6,$0,$-13,$0,$8,$14,$0,$0,$0,$0,$0,$-1,$-0,$-0,$-1,$-0,$-0,$-0,$0,$0,$0,$0,$0,$-0,$-0,$0,$-0,$0,$0,$0,$0,$-0,$-0,$0,$0
22,2013-03-31,4.36,$3.91,1.11,$9.12,0.48,$-1.63,0.0,$-0.54,0.0,$0.01B,$0.00B,5.74,$0.00B,$0.01B,0.31,$0.02B,$0.01B,50.00%,$0.02B,$-0.00B,-5.00%,$0.02B,$-0.00B,-5.00%,$0.02B,$-0.00B,-5.00%,$0.02B,$-0.00B,-5.00%,$0.02B,$-0.00B,-5.00%,$-0.00B,$0.01B,-12.50%,$-0.00B,$0.01B,-12.50%,$-0.00B,$0.01B,-7.84%,$-0.00B,$0.01B,-10.00%,$5,$2,$3,$1,$2,$5,$0,$-0,$0,$0,$0,$0,$0,$0,$0,$2,2,$0.06,$0.05,$0,$8,$0,$11,$1,$0,$0,$1,$2,$13,$2,$3,$1,$3,$5,$0,$-13,$0,$8,$13,$0,$0,$0,$0,$1,$-0,$-1,$-0,$-0,$-0,$-0,$-0,$0,$0,$0,$0,$0,$-0,$-0,$0,$-0,$0,$0,$0,$0,$-0,$-0,$0,$0
23,2012-12-31,3.48,$3.88,0.9,$8.69,0.4,$-1.73,0.0,$-0.99,0.0,$0.01B,$0.00B,4.73,$0.00B,$0.01B,0.32,$0.02B,$0.01B,47.37%,$0.02B,$-0.00B,-10.53%,$0.02B,$-0.00B,-10.53%,$0.02B,$-0.00B,-10.53%,$0.02B,$-0.00B,-10.53%,$0.02B,$-0.00B,-10.53%,$-0.00B,$0.01B,-24.24%,$-0.00B,$0.01B,-25.00%,$-0.00B,$0.01B,-15.69%,$-0.00B,$0.01B,-21.05%,$5,$2,$2,$1,$2,$5,$-0,$-0,$-0,$0,$-0,$-0,$-0,$-0,$-0,$2,2,$-0.23,$-0.23,$1,$7,$0,$11,$1,$0,$0,$1,$2,$13,$2,$3,$1,$3,$5,$0,$-13,$0,$8,$13,$-2,$1,$0,$1,$-0,$-0,$1,$0,$1,$-0,$-0,$-0,$0,$0,$0,$0,$-1,$-1,$-0,$0,$-0,$0,$0,$0,$0,$-0,$-2,$1,$0
24,2012-09-30,3.44,$4.05,0.85,$8.53,0.4,$-0.91,0.0,$-1.47,0.0,$0.01B,$0.00B,6.28,$0.00B,$0.01B,0.3,$0.02B,$0.01B,50.00%,$0.02B,$-0.00B,-16.67%,$0.02B,$-0.00B,-16.67%,$0.02B,$-0.00B,-16.67%,$0.02B,$-0.00B,-22.22%,$0.02B,$-0.00B,-22.22%,$-0.00B,$0.01B,-47.06%,$-0.00B,$0.01B,-48.48%,$-0.00B,$0.01B,-31.37%,$-0.00B,$0.01B,-30.00%,$5,$2,$3,$1,$2,$4,$0,$-0,$0,$0,$0,$0,$0,$0,$0,$2,2,$0.13,$0.13,$0,$7,$0,$11,$1,$0,$0,$1,$2,$13,$2,$2,$1,$3,$5,$0,$-13,$0,$8,$13,$-1,$1,$0,$1,$-0,$-0,$0,$0,$-0,$-1,$-0,$-0,$0,$0,$0,$0,$-1,$-1,$-0,$0,$-0,$0,$0,$0,$0,$-0,$-2,$0,$0
25,2012-06-30,3.52,$3.83,0.92,$9.15,0.38,$0.03,133.84,$-1.68,0.0,$0.01B,$0.00B,2.8,$0.00B,$0.01B,0.01,$0.02B,$0.01B,47.37%,$0.02B,$-0.00B,-15.79%,$0.02B,$-0.00B,-15.79%,$0.02B,$-0.00B,-15.79%,$0.02B,$-0.00B,-21.05%,$0.02B,$-0.00B,-21.05%,$-0.00B,$0.01B,-43.24%,$-0.00B,$0.01B,-45.71%,$-0.00B,$0.01B,-30.77%,$-0.00B,$0.01B,-30.00%,$5,$2,$2,$1,$2,$5,$-1,$-0,$-1,$0,$-1,$-1,$-1,$-1,$-1,$2,2,$-0.47,$-0.47,$1,$7,$0,$11,$1,$0,$0,$0,$1,$12,$4,$0,$1,$1,$5,$0,$-13,$0,$8,$12,$-2,$0,$0,$1,$-0,$-0,$0,$1,$0,$-1,$-0,$-0,$0,$0,$0,$0,$0,$-0,$-0,$0,$-0,$0,$0,$0,$0,$-0,$-1,$0,$0
26,2012-03-31,6.16,$4.27,1.44,$9.23,0.67,$0.62,10.0,$-1.76,0.0,$0.01B,$0.00B,7.36,$0.00B,$0.01B,0.0,$0.02B,$0.01B,47.37%,$0.02B,$-0.00B,-15.79%,$0.02B,$-0.00B,-15.79%,$0.02B,$-0.00B,-15.79%,$0.02B,$-0.00B,-21.05%,$0.02B,$-0.00B,-21.05%,$-0.00B,$0.01B,-40.00%,$-0.00B,$0.01B,-43.24%,$-0.00B,$0.01B,-29.63%,$-0.00B,$0.01B,-27.91%,$4,$2,$2,$1,$2,$5,$-1,$-0,$-1,$0,$-1,$-1,$-1,$-1,$-1,$2,2,$-0.40,$-0.40,$2,$7,$0,$11,$1,$0,$0,$0,$1,$13,$2,$0,$0,$2,$4,$0,$-12,$0,$9,$13,$-1,$0,$0,$0,$1,$-1,$0,$0,$0,$-0,$-0,$0,$0,$0,$0,$0,$0,$-0,$0,$0,$0,$0,$0,$0,$0,$0,$-0,$0,$0
27,2011-12-31,4.8,$4.61,1.04,$9.70,0.49,$0.70,6.86,$-1.92,0.0,$0.01B,$0.00B,7.05,$0.00B,$0.01B,0.25,$0.02B,$0.01B,45.00%,$0.02B,$-0.00B,-15.00%,$0.02B,$-0.00B,-15.00%,$0.02B,$-0.00B,-15.00%,$0.02B,$-0.00B,-20.00%,$0.02B,$-0.00B,-20.00%,$-0.00B,$0.01B,-38.10%,$-0.00B,$0.01B,-40.00%,$-0.00B,$0.01B,-28.07%,$-0.00B,$0.01B,-26.67%,$4,$2,$2,$1,$3,$6,$-1,$-0,$-2,$0,$-2,$-2,$-2,$-1,$-1,$2,2,$-0.76,$-0.76,$2,$7,$0,$12,$1,$0,$0,$0,$1,$13,$2,$2,$0,$2,$4,$0,$-11,$0,$9,$13,$-4,$1,$1,$2,$2,$3,$-2,$0,$3,$1,$-0,$-0,$0,$0,$0,$0,$0,$-0,$0,$1,$1,$0,$0,$0,$-0,$1,$2,$1,$0
28,2011-09-30,6.16,$5.22,1.18,$10.69,0.58,$-0.02,0.0,$-3.68,0.0,$0.01B,$0.00B,3.63,$0.00B,$0.01B,0.0,$0.02B,$0.01B,45.45%,$0.02B,$-0.00B,-13.64%,$0.02B,$-0.00B,-13.64%,$0.02B,$-0.00B,-13.64%,$0.02B,$-0.00B,-13.64%,$0.02B,$-0.01B,-31.82%,$-0.01B,$0.01B,-62.22%,$-0.01B,$0.01B,-65.12%,$-0.01B,$0.01B,-45.16%,$-0.00B,$0.01B,-26.67%,$6,$3,$3,$1,$2,$6,$-0,$-0,$-0,$0,$-0,$-0,$-0,$0,$-0,$2,2,$-0.08,$-0.08,$1,$7,$0,$13,$1,$0,$0,$0,$1,$14,$3,$0,$0,$0,$3,$0,$-10,$0,$11,$14,$-2,$1,$1,$1,$1,$3,$-2,$0,$2,$1,$-0,$-0,$0,$0,$0,$0,$0,$-0,$0,$0,$0,$0,$0,$0,$-0,$-0,$1,$1,$0
29,2011-06-30,9.28,$5.20,1.78,$11.29,0.82,$-0.87,0.0,$-3.84,0.0,$0.01B,$0.00B,3.41,$0.00B,$0.01B,0.0,$0.02B,$0.01B,43.48%,$0.02B,$-0.00B,-17.39%,$0.02B,$-0.00B,-17.39%,$0.02B,$-0.00B,-13.04%,$0.02B,$-0.00B,-17.39%,$0.02B,$-0.01B,-30.43%,$-0.01B,$0.01B,-54.90%,$-0.01B,$0.01B,-56.00%,$-0.01B,$0.01B,-40.00%,$-0.00B,$0.01B,-31.37%,$5,$3,$2,$1,$2,$6,$-1,$-0,$-1,$0,$-1,$-1,$-1,$-1,$-1,$2,2,$-0.56,$-0.56,$1,$7,$0,$13,$1,$0,$0,$0,$2,$14,$4,$0,$0,$0,$4,$0,$-10,$0,$11,$14,$-2,$0,$1,$1,$1,$2,$-2,$0,$1,$0,$-0,$-0,$0,$0,$0,$0,$0,$-0,$0,$0,$0,$0,$0,$0,$-0,$-0,$0,$0,$0
30,2011-03-31,10.4,$5.59,1.86,$11.65,0.89,$-0.15,0.0,$-3.68,0.0,$0.01B,$0.00B,3.18,$0.00B,$0.01B,0.0,$0.02B,$0.01B,45.83%,$0.02B,$-0.00B,-16.67%,$0.02B,$-0.00B,-16.67%,$0.02B,$-0.00B,-12.50%,$0.02B,$-0.00B,-16.67%,$0.02B,$-0.01B,-29.17%,$-0.01B,$0.01B,-49.12%,$-0.01B,$0.01B,-49.12%,$-0.01B,$0.02B,-36.36%,$-0.00B,$0.01B,-28.07%,$5,$3,$2,$1,$2,$6,$-1,$-0,$-1,$0,$-1,$-1,$-1,$-1,$-1,$2,2,$-0.56,$-0.56,$0,$9,$0,$14,$1,$0,$0,$0,$2,$16,$4,$0,$0,$0,$4,$0,$-8,$0,$11,$16,$-1,$0,$0,$1,$0,$1,$-1,$0,$0,$-0,$-0,$-0,$0,$0,$0,$0,$0,$-0,$0,$0,$0,$0,$0,$0,$0,$0,$-0,$0,$0
31,2010-12-31,14.0,$6.04,2.32,$12.40,1.13,$0.28,49.35,$-3.28,0.0,$0.02B,$0.01B,2.99,$0.00B,$0.01B,0.0,$0.03B,$0.01B,48.00%,$0.03B,$-0.00B,-16.00%,$0.03B,$-0.00B,-16.00%,$0.03B,$-0.00B,-8.00%,$0.03B,$-0.00B,-16.00%,$0.03B,$-0.01B,-24.00%,$-0.01B,$0.01B,-37.50%,$-0.01B,$0.01B,-38.10%,$-0.01B,$0.02B,-28.92%,$-0.00B,$0.01B,-25.00%,$6,$4,$3,$1,$3,$8,$-1,$-0,$-1,$3,$-5,$-5,$-5,$-1,$-1,$2,2,$-2.40,$-2.40,$1,$10,$0,$16,$1,$0,$0,$0,$1,$18,$5,$0,$0,$0,$5,$0,$-7,$0,$12,$18,$-7,$1,$5,$5,$4,$-3,$1,$-0,$1,$-0,$-0,$-0,$0,$0,$0,$0,$0,$-0,$0,$2,$2,$-0,$-0,$0,$0,$1,$0,$2,$0
32,2010-09-30,15.36,$8.38,1.83,$13.96,1.1,$0.22,70.1,$-0.64,0.0,$0.02B,$0.01B,3.94,$0.00B,$0.02B,0.0,$0.03B,$0.01B,50.00%,$0.03B,$-0.00B,-10.71%,$0.03B,$-0.00B,-10.71%,$0.03B,0,0.00%,$0.03B,$-0.00B,-10.71%,$0.03B,$-0.00B,-3.57%,$-0.00B,$0.02B,-5.71%,$-0.00B,$0.02B,-5.88%,$-0.00B,$0.02B,-4.65%,$-0.00B,$0.02B,-17.14%,$7,$4,$3,$1,$3,$8,$-1,$0,$-1,$-0,$-0,$-0,$-0,$-0,$-1,$2,2,$-0.24,$-0.24,$0,$9,$0,$19,$1,$0,$0,$0,$3,$22,$5,$0,$0,$0,$5,$0,$-2,$0,$17,$22,$-2,$1,$1,$1,$2,$-2,$1,$-0,$-0,$-1,$-0,$-0,$0,$0,$0,$0,$0,$-0,$0,$1,$1,$-0,$-0,$0,$-0,$1,$-0,$1,$0
33,2010-06-30,16.96,$8.54,1.99,$13.34,1.27,$0.72,23.55,$-0.32,0.0,$0.02B,$0.00B,5.04,$0.00B,$0.02B,0.0,$0.03B,$0.01B,51.85%,$0.03B,$-0.00B,-7.41%,$0.03B,$-0.00B,-7.41%,$0.03B,0,0.00%,$0.03B,$-0.00B,-7.41%,$0.03B,$-0.00B,-3.70%,$-0.00B,$0.02B,-5.71%,$-0.00B,$0.02B,-5.88%,$-0.00B,$0.02B,-4.76%,$-0.00B,$0.02B,-11.43%,$6,$3,$3,$1,$3,$7,$-1,$0,$-1,$-0,$-1,$-1,$-1,$-1,$-1,$2,2,$-0.40,$-0.40,$2,$9,$0,$18,$1,$0,$0,$0,$3,$21,$4,$0,$0,$0,$4,$0,$-2,$0,$17,$21,$-1,$0,$0,$1,$4,$-2,$1,$-0,$2,$2,$-0,$-0,$0,$0,$0,$0,$0,$-0,$0,$0,$0,$0,$0,$0,$0,$0,$2,$1,$0
34,2010-03-31,14.8,$8.70,1.7,$14.20,1.04,$-0.24,0.0,0,0.0,$0.02B,$0.00B,4.85,$0.00B,$0.02B,0.0,$0.03B,$0.02B,53.57%,$0.03B,$-0.00B,-3.57%,$0.03B,$-0.00B,-3.57%,$0.03B,$0.00B,3.57%,$0.03B,$-0.00B,-3.57%,$0.03B,0,0.00%,$0.00B,$0.02B,0.00%,$0.00B,$0.02B,0.00%,$0.00B,$0.02B,0.00%,$-0.00B,$0.02B,-5.80%,$6,$3,$3,$1,$3,$7,$-1,$0,$-1,$-0,$-0,$-0,$-0,$-0,$-1,$2,2,$-0.16,$-0.16,$1,$8,$0,$19,$1,$0,$0,$0,$3,$22,$4,$0,$0,$0,$4,$0,$-1,$0,$18,$22,$-0,$0,$0,$0,$1,$-1,$0,$-0,$1,$1,$-0,$-0,$0,$0,$0,$0,$0,$-0,$0,$0,$0,$0,$0,$0,$0,$0,$1,$1,$0
35,2009-12-31,16.4,$8.69,1.89,$13.34,1.23,$-0.94,0.0,$-0.48,0.0,$0.02B,$0.00B,4.79,$0.00B,$0.02B,0.0,$0.03B,$0.01B,53.85%,$0.03B,$-0.00B,-7.69%,$0.03B,$-0.00B,-7.69%,$0.03B,$-0.00B,-3.85%,$0.03B,$-0.00B,-7.69%,$0.03B,$-0.00B,-3.85%,$-0.00B,$0.02B,-5.97%,$-0.00B,$0.02B,-6.06%,$-0.00B,$0.02B,-4.94%,$-0.00B,$0.02B,-11.94%,$9,$5,$5,$1,$4,$9,$0,$0,$0,$0,$0,$0,$0,$1,$0,$2,2,$0.08,$0.08,$0,$7,$0,$18,$1,$0,$0,$0,$3,$21,$4,$0,$0,$0,$4,$0,$-1,$0,$18,$21,$-1,$1,$1,$2,$-2,$1,$-1,$-0,$-1,$-0,$-1,$-0,$0,$0,$0,$0,$0,$-1,$0,$0,$0,$-0,$-0,$0,$-0,$-0,$-1,$2,$0
36,2009-09-30,20.0,$8.52,2.35,$11.71,1.71,$-3.19,0.0,$-0.96,0.0,$0.02B,$0.00B,5.2,$0.00B,$0.02B,0.0,$0.02B,$0.01B,54.17%,$0.02B,$-0.00B,-12.50%,$0.02B,$-0.00B,-12.50%,$0.02B,$-0.00B,-12.50%,$0.02B,$-0.00B,-12.50%,$0.02B,$-0.00B,-8.33%,$-0.00B,$0.02B,-12.12%,$-0.00B,$0.02B,-12.12%,$-0.00B,$0.02B,-9.88%,$-0.00B,$0.02B,-18.18%,$6,$2,$3,$1,$3,$6,$0,$0,$0,$0,$0,$0,$0,$0,$0,$2,2,$0.08,$0.08,$1,$8,$0,$17,$1,$0,$0,$0,$3,$20,$3,$0,$0,$0,$3,$0,$-1,$0,$17,$20,$-1,$1,$1,$2,$1,$-0,$-1,$-0,$0,$0,$-0,$-0,$0,$0,$0,$0,$0,$-0,$0,$0,$0,$-0,$-0,$0,$-0,$-0,$-0,$1,$0
37,2009-06-30,17.72,$8.24,2.15,$12.69,1.4,$-5.05,0.0,$-0.64,0.0,$0.02B,$0.00B,3.97,$0.00B,$0.02B,0.0,$0.03B,$0.02B,57.69%,$0.03B,$-0.00B,-7.69%,$0.03B,$-0.00B,-7.69%,$0.03B,$-0.00B,-3.85%,$0.03B,$-0.00B,-7.69%,$0.03B,$-0.00B,-3.85%,$-0.00B,$0.02B,-6.06%,$-0.00B,$0.02B,-6.06%,$-0.00B,$0.02B,-4.94%,$-0.00B,$0.02B,-12.12%,$7,$4,$4,$1,$3,$7,$-0,$0,$-0,$-0,$-0,$-0,$-0,$-0,$-0,$2,2,$-0.08,$-0.08,$0,$8,$0,$18,$2,$0,$0,$0,$3,$21,$4,$0,$0,$0,$4,$0,$-1,$0,$16,$21,$-1,$0,$1,$1,$-0,$0,$0,$0,$0,$-0,$-0,$-0,$0,$0,$0,$0,$0,$-0,$0,$0,$0,$-0,$-0,$0,$-0,$-1,$-1,$1,$0
38,2009-03-31,12.52,$8.23,1.52,$13.14,0.95,$-5.46,0.0,$0.08,156.5,$0.02B,$0.00B,5.82,$0.00B,$0.02B,0.0,$0.03B,$0.02B,57.14%,$0.03B,0,0.00%,$0.03B,0,0.00%,$0.03B,$0.00B,3.57%,$0.03B,0,0.00%,$0.03B,0,0.00%,$0.00B,$0.02B,0.00%,$0.00B,$0.02B,0.00%,$0.00B,$0.02B,0.00%,$0.00B,$0.02B,0.00%,$4,$3,$2,$1,$3,$6,$-2,$0,$-2,$-1,$-1,$-1,$-1,$-2,$-2,$2,2,$-0.64,$-0.64,$0,$8,$0,$16,$2,$0,$0,$0,$3,$19,$3,$0,$0,$0,$3,$0,$-1,$0,$16,$19,$-1,$0,$-0,$0,$2,$0,$-1,$0,$1,$-1,$-0,$-0,$0,$0,$0,$0,$0,$-0,$0,$0,$0,$-0,$-0,$0,$0,$-0,$-1,$0,$0
39,2008-12-31,24.72,$8.74,2.83,$14.89,1.66,$-5.25,0.0,$1.52,16.26,$0.02B,$0.00B,4.55,$0.00B,$0.02B,0.0,$0.03B,$0.02B,57.58%,$0.03B,$0.00B,12.12%,$0.03B,$0.00B,12.12%,$0.03B,$0.01B,18.18%,$0.03B,$0.01B,15.15%,$0.03B,$0.00B,9.09%,$0.00B,$0.02B,19.05%,$0.00B,$0.02B,19.35%,$0.00B,$0.02B,16.22%,$0.00B,$0.02B,25.40%,$7,$3,$4,$2,$6,$8,$-1,$0,$-1,$-0,$-1,$-1,$-1,$-1,$-1,$2,2,$-0.40,$-0.32,$1,$8,$0,$18,$2,$0,$0,$0,$3,$21,$4,$0,$0,$0,$4,$0,$0,$0,$17,$21,$3,$0,$1,$2,$-6,$-6,$2,$-0,$-10,$-4,$-1,$-0,$0,$0,$0,$0,$0,$-2,$0,$0,$0,$1,$1,$0,$2,$3,$-3,$2,$0
40,2008-09-30,54.96,$8.80,6.25,$15.31,3.59,$-0.49,0.0,$2.32,23.69,$0.02B,$0.00B,5.77,$0.00B,$0.02B,0.0,$0.03B,$0.02B,57.58%,$0.03B,$0.01B,18.18%,$0.03B,$0.01B,18.18%,$0.03B,$0.01B,27.27%,$0.03B,$0.01B,21.21%,$0.03B,$0.01B,15.15%,$0.01B,$0.02B,36.36%,$0.01B,$0.02B,37.04%,$0.01B,$0.02B,31.25%,$0.01B,$0.02B,43.64%,$8,$3,$5,$1,$3,$7,$1,$0,$1,$1,$1,$1,$1,$2,$1,$2,2,$0.48,$0.40,$3,$7,$0,$17,$2,$0,$0,$0,$3,$20,$3,$0,$0,$0,$3,$0,$1,$0,$17,$20,$4,$0,$1,$1,$-6,$-4,$1,$-0,$-8,$-3,$-1,$-0,$0,$0,$0,$0,$0,$-1,$0,$0,$0,$1,$1,$0,$2,$3,$-1,$1,$0
41,2008-06-30,68.16,$8.46,8.06,$14.02,4.86,$1.58,43.18,$1.92,35.5,$0.02B,$0.00B,7.12,$0.00B,$0.02B,0.0,$0.03B,$0.02B,56.67%,$0.03B,$0.01B,20.00%,$0.03B,$0.01B,20.00%,$0.03B,$0.01B,26.67%,$0.03B,$0.01B,23.33%,$0.03B,$0.01B,23.33%,$0.01B,$0.02B,60.87%,$0.01B,$0.02B,62.22%,$0.01B,$0.02B,52.83%,$0.01B,$0.02B,52.17%,$9,$3,$5,$1,$2,$7,$2,$0,$2,$1,$1,$1,$1,$2,$2,$2,2,$0.72,$0.64,$7,$4,$0,$17,$1,$0,$0,$0,$2,$19,$2,$0,$0,$0,$2,$0,$0,$0,$17,$19,$3,$0,$1,$1,$-4,$-2,$0,$-0,$-5,$-1,$-0,$-0,$0,$0,$0,$0,$0,$-0,$0,$0,$0,$2,$2,$0,$2,$4,$2,$1,$0
42,2008-03-31,55.28,$6.46,8.56,$11.96,4.62,$2.60,21.26,$1.28,43.19,$0.01B,$0.00B,5.93,$0.00B,$0.01B,0.0,$0.03B,$0.01B,56.00%,$0.03B,$0.00B,16.00%,$0.03B,$0.00B,16.00%,$0.03B,$0.01B,24.00%,$0.03B,$0.01B,20.00%,$0.03B,$0.01B,24.00%,$0.01B,$0.01B,72.73%,$0.01B,$0.01B,72.73%,$0.01B,$0.01B,61.54%,$0.00B,$0.01B,48.48%,$9,$3,$5,$0,$0,$6,$2,$0,$3,$1,$2,$2,$2,$3,$2,$2,2,$0.96,$0.80,$5,$3,$0,$12,$1,$0,$0,$0,$2,$14,$2,$0,$0,$0,$2,$0,$-1,$0,$12,$14,$2,$0,$1,$1,$-3,$-0,$-0,$-0,$-3,$-0,$-0,$0,$0,$0,$0,$0,$0,$-0,$0,$0,$0,$1,$1,$0,$0,$1,$1,$0,$0
