,Date,Stock Price,Book Value per Share,Price to Book Ratio,TTM Sales per Share,Price to Sales Ratio,TTM FCF per Share,Price to FCF Ratio,TTM Net EPS,PE Ratio,Current Assets,Current Liabilities,Current Ratio,Long Term Debt,Shareholder's Equity_x,Debt to Equity Ratio,TTM Revenue_x,TTM Gross Profit,Gross Margin,TTM Revenue_y,TTM Operating Income,Operating Margin,TTM Revenue_x,TTM EBIT,EBIT Margin,TTM Revenue_y,TTM EBITDA,EBITDA Margin,TTM Revenue_x,TTM Pre-Tax Income,Pre-Tax Margin,TTM Revenue_y,TTM Net Income_x,Net Margin,TTM Net Income_y,Shareholder's Equity_y,Return on Equity,TTM Net Income_x,Tangible Equity,Return on Tangible Equity,TTM Net Income_y,Total Assets,Return on Assets,TTM Net Income,LT Investments & Debt,Return on Investment,revenue,cost-goods-sold,gross-profit,research-development-expenses,selling-general-administrative-expenses,operating-expenses,operating-income,total-non-operating-income-expense,pre-tax-income,total-provision-income-taxes,income-after-taxes,income-from-continuous-operations,net-income,ebitda,ebit,basic-shares-outstanding,shares-outstanding,eps-basic-net-earnings-per-share,eps-earnings-per-share-diluted,cash-on-hand,inventory,other-current-assets,total-current-assets,net-property-plant-equipment,long-term-investments,goodwill-intangible-assets-total,other-long-term-assets,total-long-term-assets,total-assets,total-current-liabilities,long-term-debt,other-non-current-liabilities,total-long-term-liabilities,total-liabilities,common-stock-net,retained-earnings-accumulated-deficit,comprehensive-income,total-share-holder-equity,total-liabilities-share-holders-equity,net-income-loss,total-depreciation-amortization-cash-flow,other-non-cash-items,total-non-cash-items,change-in-accounts-receivable,change-in-inventories,change-in-accounts-payable,change-in-assets-liabilities,total-change-in-assets-liabilities,cash-flow-from-operating-activities,net-change-in-property-plant-equipment,net-change-in-intangible-assets,net-acquisitions-divestitures,net-change-in-short-term-investments,net-change-in-long-term-investments,net-change-in-investments-total,investing-activities-other,cash-flow-from-investing-activities,net-long-term-debt,net-current-debt,debt-issuance-retirement-net-total,net-common-equity-issued-repurchased,net-total-equity-issued-repurchased,total-common-preferred-stock-dividends-paid,financial-activities-other,cash-flow-from-financial-activities,net-cash-flow,stock-based-compensation,common-stock-dividends-paid
0,2018-09-30,42.18,$24.34,1.73,$41.89,1.01,$2.97,14.21,$3.80,11.1,$12.70B,$1.75B,7.25,$3.20B,$9.16B,0.35,$16.07B,$3.67B,22.84%,$16.07B,$2.00B,12.43%,$16.07B,$2.00B,12.43%,$16.07B,$2.07B,12.87%,$16.07B,$2.06B,12.82%,$16.07B,$1.46B,9.09%,$1.46B,$9.16B,17.00%,$1.46B,$9.05B,17.21%,$1.46B,$14.12B,10.84%,$2.00B,$12.36B,16.94%,$4505,$3459,$1046,$0,$457,$3916,$589,$19,$608,$139,$469,$469,$466,$608,$589,$377,383,$1.25,$1.23,$2302,$10395,$0,$12697,$401,$11,$109,$702,$1417,$14115,$1752,$3204,$0,$3204,$4956,$4,$6218,$0,$9159,$14115,$1462,$72,$258,$330,$0,$0,$0,$-1376,$-1247,$545,$155,$0,$-159,$0,$18,$18,$-10,$3,$-18,$0,$-18,$-128,$-128,$-192,$255,$-83,$465,$56,$-192
1,2018-06-30,40.88,$23.26,1.76,$41.11,0.99,$1.89,21.63,$3.40,12.02,$12.22B,$1.73B,7.06,$3.09B,$8.77B,0.35,$15.72B,$3.52B,22.38%,$15.72B,$1.89B,12.00%,$15.72B,$1.89B,12.00%,$15.72B,$1.96B,12.43%,$15.72B,$1.94B,12.33%,$15.72B,$1.31B,8.31%,$1.31B,$8.77B,15.87%,$1.31B,$8.66B,16.06%,$1.31B,$13.59B,10.06%,$1.89B,$11.86B,16.62%,$4435,$3397,$1038,$0,$435,$3832,$604,$13,$616,$163,$454,$454,$454,$621,$604,$377,383,$1.20,$1.18,$1917,$10303,$0,$12220,$385,$32,$109,$642,$1373,$13593,$1730,$3094,$0,$3094,$4824,$4,$5799,$0,$8770,$13593,$993,$53,$232,$285,$0,$0,$0,$-1077,$-972,$307,$151,$0,$-158,$0,$15,$15,$-43,$-35,$-15,$0,$-15,$-75,$-75,$-144,$132,$-101,$170,$46,$-144
2,2018-03-31,43.59,$22.18,1.97,$39.50,1.1,$-0.07,0.0,$2.98,14.63,$11.87B,$1.61B,7.36,$3.23B,$8.37B,0.39,$15.06B,$3.30B,21.88%,$15.06B,$1.72B,11.45%,$15.06B,$1.72B,11.45%,$15.06B,$1.79B,11.88%,$15.06B,$1.77B,11.73%,$15.06B,$1.14B,7.58%,$1.14B,$8.37B,14.45%,$1.14B,$8.26B,14.62%,$1.14B,$13.22B,9.07%,$1.72B,$11.61B,15.71%,$3795,$2962,$833,$0,$401,$3362,$433,$12,$445,$94,$351,$351,$351,$451,$433,$377,384,$0.93,$0.91,$1724,$10144,$0,$11869,$380,$32,$109,$608,$1349,$13218,$1612,$3234,$0,$3234,$4846,$4,$5392,$0,$8372,$13218,$540,$36,$193,$228,$0,$0,$-15,$-852,$-867,$-99,$174,$0,$-158,$0,$15,$15,$-39,$-8,$161,$0,$161,$-48,$-48,$-96,$92,$109,$3,$31,$-96
3,2017-12-31,50.64,$21.44,2.36,$38.19,1.33,$-0.77,0.0,$2.67,18.97,$11.55B,$1.64B,7.03,$3.26B,$8.06B,0.4,$14.52B,$3.16B,21.79%,$14.52B,$1.64B,11.27%,$14.52B,$1.64B,11.27%,$14.52B,$1.70B,11.70%,$14.52B,$1.68B,11.54%,$14.52B,$1.02B,7.03%,$1.02B,$8.06B,13.39%,$1.02B,$7.96B,13.55%,$1.02B,$12.96B,8.32%,$1.64B,$11.31B,15.32%,$3333,$2580,$753,$0,$384,$2962,$371,$21,$391,$202,$189,$189,$189,$388,$371,$376,384,$0.50,$0.49,$1512,$10040,$0,$11552,$358,$86,$100,$622,$1405,$12957,$1644,$3258,$0,$3258,$4902,$4,$5088,$0,$8055,$12957,$189,$17,$124,$142,$0,$4,$0,$-434,$-406,$-75,$-20,$0,$-156,$0,$15,$15,$-37,$-198,$288,$0,$288,$-25,$-25,$-49,$-28,$186,$-88,$14,$-49
4,2017-09-30,39.5,$20.66,1.91,$37.21,1.06,$-0.66,0.0,$2.73,14.47,$10.85B,$1.57B,6.93,$2.87B,$7.75B,0.37,$14.09B,$3.05B,21.63%,$14.09B,$1.58B,11.19%,$14.09B,$1.58B,11.19%,$14.09B,$1.64B,11.61%,$14.09B,$1.60B,11.38%,$14.09B,$1.04B,7.37%,$1.04B,$7.75B,14.13%,$1.04B,$7.67B,14.28%,$1.04B,$12.19B,8.69%,$1.58B,$10.62B,15.15%,$4159,$3264,$895,$0,$416,$3680,$479,$6,$486,$172,$313,$313,$313,$495,$479,$374,379,$0.84,$0.83,$1612,$9237,$0,$10849,$325,$0,$80,$566,$1336,$12185,$1565,$2872,$0,$2872,$4437,$4,$4946,$0,$7748,$12185,$1038,$60,$210,$270,$0,$0,$0,$-943,$-868,$440,$-157,$0,$-4,$0,$0,$0,$-10,$-171,$-357,$0,$-357,$-61,$-61,$-150,$3,$-565,$-295,$59,$-150
5,2017-06-30,34.1,$19.87,1.72,$36.20,0.94,$0.03,1213.54,$2.66,12.82,$10.71B,$1.61B,6.63,$2.93B,$7.44B,0.39,$13.67B,$2.98B,21.76%,$13.67B,$1.53B,11.18%,$13.67B,$1.53B,11.18%,$13.67B,$1.60B,11.70%,$13.67B,$1.55B,11.34%,$13.67B,$1.01B,7.38%,$1.01B,$7.44B,14.20%,$1.01B,$7.36B,14.36%,$1.01B,$11.98B,8.56%,$1.53B,$10.36B,14.88%,$3776,$2961,$815,$0,$375,$3336,$441,$4,$445,$156,$289,$289,$289,$455,$441,$375,379,$0.77,$0.76,$1151,$9554,$0,$10705,$283,$0,$80,$526,$1272,$11977,$1614,$2927,$0,$2927,$4540,$4,$4670,$0,$7437,$11977,$725,$44,$142,$186,$0,$0,$0,$-1226,$-1097,$-186,$-104,$0,$-4,$0,$0,$0,$-13,$-121,$-351,$0,$-351,$-61,$-61,$-112,$40,$-484,$-791,$40,$-112
6,2017-03-31,32.76,$19.23,1.7,$34.85,0.94,$0.85,38.41,$2.56,12.8,$10.62B,$1.48B,7.18,$3.22B,$7.22B,0.45,$13.13B,$2.87B,21.85%,$13.13B,$1.46B,11.11%,$13.13B,$1.46B,11.11%,$13.13B,$1.53B,11.67%,$13.13B,$1.48B,11.30%,$13.13B,$0.97B,7.39%,$0.97B,$7.22B,14.10%,$0.97B,$7.14B,14.27%,$0.97B,$11.92B,8.34%,$1.46B,$10.44B,14.40%,$3251,$2550,$701,$0,$355,$2905,$346,$8,$354,$125,$229,$229,$229,$360,$346,$374,379,$0.61,$0.60,$1582,$9038,$0,$10620,$248,$0,$80,$521,$1301,$11921,$1479,$3222,$0,$3222,$4701,$4,$4419,$0,$7220,$11921,$436,$30,$56,$86,$0,$0,$-4,$-654,$-658,$-136,$-58,$0,$-4,$0,$0,$0,$-12,$-73,$-1,$0,$-1,$9,$9,$-75,$-34,$-101,$-310,$26,$-75
7,2016-12-31,26.79,$18.70,1.43,$33.67,0.8,$1.33,20.19,$2.48,10.8,$10.45B,$1.51B,6.91,$3.22B,$6.98B,0.46,$12.65B,$2.77B,21.88%,$12.65B,$1.40B,11.09%,$12.65B,$1.40B,11.09%,$12.65B,$1.48B,11.68%,$12.65B,$1.43B,11.32%,$12.65B,$0.94B,7.40%,$0.94B,$6.98B,14.11%,$0.94B,$6.90B,14.29%,$0.94B,$11.71B,8.16%,$1.40B,$10.20B,14.02%,$2904,$2268,$636,$0,$326,$2594,$310,$8,$318,$111,$207,$207,$207,$326,$310,$373,377,$0.55,$0.55,$1707,$8742,$0,$10450,$218,$0,$80,$496,$1262,$11712,$1513,$3218,$0,$3218,$4730,$4,$4227,$0,$6982,$11712,$207,$16,$17,$33,$0,$2,$0,$-298,$-268,$-28,$-22,$0,$-4,$0,$0,$0,$-5,$-31,$-0,$0,$-0,$0,$0,$-37,$-56,$-93,$-153,$9,$-37
8,2016-09-30,29.5,$18.22,1.62,$32.45,0.91,$1.40,21.04,$2.35,12.55,$10.31B,$1.50B,6.9,$3.27B,$6.79B,0.48,$12.16B,$2.66B,21.84%,$12.16B,$1.33B,10.92%,$12.16B,$1.33B,10.92%,$12.16B,$1.40B,11.52%,$12.16B,$1.35B,11.14%,$12.16B,$0.89B,7.30%,$0.89B,$6.79B,13.85%,$0.89B,$6.71B,14.04%,$0.89B,$11.56B,7.82%,$1.33B,$10.06B,13.41%,$3741,$2918,$823,$0,$385,$3310,$431,$2,$433,$149,$284,$284,$284,$459,$431,$371,375,$0.76,$0.76,$1967,$8341,$0,$10308,$195,$0,$80,$500,$1251,$11559,$1495,$3271,$0,$3271,$4766,$4,$4057,$0,$6793,$11559,$886,$74,$151,$225,$0,$0,$0,$-535,$-487,$624,$-86,$0,$-82,$0,$0,$0,$56,$-113,$-545,$0,$-545,$0,$0,$-119,$72,$-592,$-81,$49,$-119
9,2016-06-30,30.67,$17.50,1.75,$31.05,0.99,$1.86,16.47,$2.24,13.69,$10.06B,$1.52B,6.62,$3.30B,$6.51B,0.51,$11.59B,$2.50B,21.54%,$11.59B,$1.23B,10.59%,$11.59B,$1.23B,10.59%,$11.59B,$1.30B,11.20%,$11.59B,$1.26B,10.87%,$11.59B,$0.84B,7.27%,$0.84B,$6.51B,13.63%,$0.84B,$6.43B,13.82%,$0.84B,$11.33B,7.49%,$1.23B,$9.81B,12.51%,$3232,$2523,$709,$0,$337,$2860,$372,$7,$379,$129,$250,$250,$250,$387,$372,$372,376,$0.67,$0.66,$1553,$8504,$0,$10057,$152,$0,$87,$532,$1276,$11333,$1519,$3301,$0,$3301,$4820,$4,$3803,$0,$6513,$11333,$603,$46,$89,$134,$0,$0,$0,$-736,$-648,$89,$-65,$0,$0,$0,$36,$36,$2,$-27,$-518,$0,$-518,$0,$0,$-89,$68,$-538,$-477,$37,$-89
10,2016-03-31,29.37,$16.86,1.74,$30.42,0.97,$2.19,13.4,$2.18,13.47,$10.07B,$1.39B,7.25,$3.66B,$6.25B,0.59,$11.31B,$2.42B,21.37%,$11.31B,$1.18B,10.45%,$11.31B,$1.18B,10.45%,$11.31B,$1.25B,11.08%,$11.31B,$1.22B,10.74%,$11.31B,$0.81B,7.19%,$0.81B,$6.25B,13.64%,$0.81B,$6.16B,13.85%,$0.81B,$11.30B,7.31%,$1.18B,$9.91B,12.16%,$2768,$2169,$599,$0,$309,$2479,$289,$11,$301,$105,$195,$195,$195,$305,$289,$370,374,$0.53,$0.52,$1852,$8217,$0,$10068,$150,$0,$87,$469,$1232,$11300,$1389,$3663,$0,$3663,$5051,$4,$3583,$0,$6249,$11300,$353,$30,$53,$84,$0,$15,$0,$-380,$-410,$27,$-40,$0,$0,$0,$0,$0,$34,$-7,$-153,$0,$-153,$0,$0,$-59,$32,$-180,$-160,$24,$-59
11,2015-12-31,31.02,$16.39,1.89,$29.51,1.05,$1.71,18.18,$2.06,15.06,$9.89B,$1.39B,7.14,$3.73B,$6.06B,0.62,$10.94B,$2.32B,21.25%,$10.94B,$1.12B,10.20%,$10.94B,$1.12B,10.20%,$10.94B,$1.19B,10.83%,$10.94B,$1.14B,10.46%,$10.94B,$0.77B,7.00%,$0.77B,$6.06B,13.32%,$0.77B,$5.97B,13.53%,$0.77B,$11.18B,6.98%,$1.12B,$9.80B,11.65%,$2416,$1892,$524,$0,$289,$2182,$235,$7,$241,$84,$158,$158,$158,$250,$235,$369,374,$0.43,$0.42,$1803,$8088,$0,$9891,$148,$0,$87,$512,$1289,$11180,$1385,$3734,$0,$3734,$5119,$4,$3418,$3,$6061,$11180,$158,$15,$24,$39,$0,$0,$0,$-145,$-198,$-2,$-20,$0,$0,$0,$0,$0,$-2,$-22,$-81,$0,$-81,$0,$0,$-30,$19,$-91,$-115,$10,$-30
12,2015-09-30,28.37,$15.99,1.77,$29.29,0.97,$1.38,20.51,$2.03,13.97,$9.83B,$1.44B,6.81,$3.81B,$5.90B,0.65,$10.83B,$2.29B,21.14%,$10.83B,$1.09B,10.10%,$10.83B,$1.09B,10.10%,$10.83B,$1.16B,10.73%,$10.83B,$1.12B,10.38%,$10.83B,$0.75B,6.94%,$0.75B,$5.90B,13.52%,$0.75B,$5.81B,13.76%,$0.75B,$11.15B,6.98%,$1.09B,$9.71B,11.65%,$3173,$2509,$664,$0,$323,$2842,$331,$8,$339,$100,$239,$239,$239,$356,$331,$366,370,$0.66,$0.64,$2025,$7807,$0,$9832,$147,$0,$87,$527,$1320,$11151,$1444,$3812,$0,$3812,$5256,$4,$3290,$1,$5895,$11151,$751,$70,$93,$163,$0,$0,$0,$-273,$-213,$700,$-0,$0,$-71,$0,$0,$0,$-24,$-95,$135,$0,$135,$0,$0,$-92,$74,$117,$722,$42,$-92
13,2015-06-30,26.38,$15.35,1.72,$27.46,0.96,$-2.59,0.0,$1.84,14.34,$9.50B,$1.41B,6.73,$3.82B,$5.63B,0.68,$10.12B,$2.15B,21.21%,$10.12B,$1.01B,9.94%,$10.12B,$1.01B,9.94%,$10.12B,$1.06B,10.50%,$10.12B,$1.04B,10.23%,$10.12B,$0.68B,6.70%,$0.68B,$5.63B,12.65%,$0.68B,$5.53B,12.88%,$0.68B,$10.86B,6.44%,$1.01B,$9.45B,11.00%,$2951,$2320,$630,$0,$304,$2624,$327,$7,$334,$112,$221,$221,$221,$342,$327,$367,370,$0.60,$0.60,$1386,$8111,$0,$9497,$199,$0,$97,$526,$1367,$10864,$1411,$3821,$0,$3821,$5233,$4,$3074,$2,$5631,$10864,$512,$44,$79,$123,$0,$0,$0,$-468,$-446,$189,$-43,$0,$-69,$0,$-15,$-15,$-8,$-135,$127,$0,$127,$0,$0,$-69,$31,$90,$144,$32,$-69
14,2015-03-31,27.39,$14.79,1.85,$25.33,1.08,$-4.68,0.0,$1.56,17.56,$9.36B,$1.35B,6.95,$3.95B,$5.42B,0.73,$9.32B,$1.94B,20.80%,$9.32B,$0.85B,9.07%,$9.32B,$0.85B,9.07%,$9.32B,$0.90B,9.67%,$9.32B,$0.87B,9.38%,$9.32B,$0.57B,6.12%,$0.57B,$5.42B,10.97%,$0.57B,$5.33B,11.18%,$0.57B,$10.71B,5.57%,$0.85B,$9.37B,9.51%,$2398,$1892,$506,$0,$283,$2175,$223,$7,$230,$82,$148,$148,$148,$237,$223,$366,369,$0.40,$0.40,$1226,$8137,$0,$9363,$194,$0,$95,$514,$1351,$10713,$1347,$3946,$0,$3946,$5292,$4,$2875,$2,$5421,$10713,$290,$28,$52,$80,$0,$-41,$-40,$-458,$-539,$-169,$-24,$0,$0,$0,$0,$0,$-5,$-29,$252,$0,$252,$0,$0,$-46,$28,$234,$36,$22,$-46
15,2014-12-31,24.26,$14.41,1.68,$23.57,1.03,$-4.97,0.0,$1.54,15.76,$8.99B,$1.35B,6.67,$3.73B,$5.26B,0.71,$8.66B,$1.85B,21.35%,$8.66B,$0.82B,9.46%,$8.66B,$0.82B,9.46%,$8.66B,$0.88B,10.18%,$8.66B,$0.85B,9.77%,$8.66B,$0.55B,6.39%,$0.55B,$5.26B,11.23%,$0.55B,$5.17B,11.42%,$0.55B,$10.34B,5.58%,$0.82B,$8.99B,9.52%,$2303,$1814,$488,$0,$276,$2090,$212,$8,$221,$78,$143,$143,$143,$226,$212,$365,368,$0.39,$0.39,$1004,$7989,$0,$8994,$191,$0,$95,$507,$1345,$10339,$1348,$3727,$0,$3727,$5075,$4,$2750,$2,$5264,$10339,$143,$14,$29,$42,$0,$0,$0,$-270,$-314,$-129,$-11,$0,$0,$0,$0,$0,$-3,$-14,$39,$0,$39,$0,$0,$-23,$6,$22,$-121,$11,$-23
16,2014-09-30,19.64,$14.04,1.4,$21.90,0.9,$-4.66,0.0,$1.51,13.01,$8.85B,$1.40B,6.32,$3.67B,$5.12B,0.72,$8.03B,$1.76B,21.89%,$8.03B,$0.79B,9.86%,$8.03B,$0.79B,9.86%,$8.03B,$0.86B,10.68%,$8.03B,$0.82B,10.16%,$8.03B,$0.53B,6.64%,$0.53B,$5.12B,11.44%,$0.53B,$5.03B,11.61%,$0.53B,$10.19B,5.58%,$0.79B,$8.79B,9.57%,$2472,$1950,$523,$0,$278,$2228,$244,$7,$251,$85,$166,$166,$166,$258,$244,$341,367,$0.47,$0.44,$1149,$7701,$0,$8849,$191,$0,$95,$486,$1336,$10185,$1400,$3666,$0,$3666,$5066,$4,$2631,$2,$5120,$10185,$534,$66,$128,$194,$0,$0,$0,$-1505,$-1389,$-661,$-100,$0,$-244,$0,$0,$0,$62,$-282,$631,$0,$631,$0,$0,$-49,$46,$628,$-316,$26,$-49
17,2014-06-30,23.45,$13.64,1.72,$20.26,1.16,$-6.11,0.0,$1.46,16.06,$8.39B,$1.30B,6.45,$3.45B,$4.97B,0.69,$7.41B,$1.65B,22.22%,$7.41B,$0.74B,10.01%,$7.41B,$0.74B,10.01%,$7.41B,$0.81B,10.94%,$7.41B,$0.77B,10.35%,$7.41B,$0.51B,6.83%,$0.51B,$4.97B,11.51%,$0.51B,$4.88B,11.66%,$0.51B,$9.72B,5.49%,$0.74B,$8.42B,9.32%,$2147,$1726,$422,$0,$256,$1981,$166,$6,$172,$59,$113,$113,$113,$180,$166,$350,368,$0.32,$0.32,$1014,$7376,$0,$8390,$133,$0,$95,$516,$1327,$9717,$1301,$3445,$0,$3445,$4747,$4,$2487,$2,$4970,$9717,$367,$52,$84,$136,$0,$0,$0,$-1075,$-1077,$-574,$-50,$0,$-223,$0,$0,$0,$55,$-218,$412,$0,$412,$0,$0,$-26,$45,$431,$-360,$18,$-26
18,2014-03-31,20.62,$13.38,1.54,$19.05,1.08,$-7.63,0.0,$1.56,13.22,$8.16B,$1.16B,7.03,$3.86B,$4.35B,0.89,$6.96B,$1.62B,23.31%,$6.96B,$0.78B,11.14%,$6.96B,$0.78B,11.14%,$6.96B,$0.85B,12.14%,$6.96B,$0.80B,11.50%,$6.96B,$0.54B,7.75%,$0.54B,$4.35B,13.05%,$0.54B,$4.31B,13.18%,$0.54B,$9.37B,6.08%,$0.78B,$8.21B,10.19%,$1735,$1320,$415,$0,$218,$1538,$197,$5,$202,$71,$131,$131,$131,$217,$197,$324,366,$0.40,$0.38,$1374,$6784,$0,$8157,$123,$0,$41,$481,$1216,$9373,$1161,$3862,$0,$3862,$5023,$3,$2388,$2,$4350,$9373,$254,$38,$33,$70,$0,$0,$-120,$-470,$-590,$-266,$-33,$0,$-35,$0,$0,$0,$-4,$-71,$333,$0,$333,$0,$0,$-12,$32,$353,$16,$11,$-12
19,2013-12-31,21.23,$12.98,1.63,$18.23,1.16,$-9.19,0.0,$1.50,14.15,$7.70B,$1.27B,6.08,$3.46B,$4.20B,0.82,$6.66B,$1.53B,22.97%,$6.66B,$0.72B,10.77%,$6.66B,$0.72B,10.77%,$6.66B,$0.78B,11.75%,$6.66B,$0.74B,11.12%,$6.66B,$0.52B,7.80%,$0.52B,$4.20B,13.05%,$0.52B,$4.16B,13.18%,$0.52B,$8.93B,6.05%,$0.72B,$7.66B,9.81%,$1671,$1274,$397,$0,$213,$1487,$184,$6,$190,$67,$123,$123,$123,$202,$184,$323,364,$0.38,$0.36,$1201,$6496,$0,$7697,$118,$0,$41,$493,$1230,$8927,$1265,$3462,$0,$3462,$4727,$3,$2269,$2,$4200,$8927,$123,$18,$15,$33,$0,$95,$-14,$-245,$-164,$-8,$-18,$0,$-35,$0,$0,$0,$-5,$-57,$-56,$0,$-56,$0,$0,$0,$4,$-52,$-117,$5,$0
20,2013-09-30,18.48,$12.58,1.47,$17.15,1.08,$-10.96,0.0,$1.34,13.79,$7.65B,$1.29B,5.95,$3.51B,$4.06B,0.86,$6.26B,$1.41B,22.44%,$6.26B,$0.64B,10.21%,$6.26B,$0.64B,10.21%,$6.26B,$0.70B,11.20%,$6.26B,$0.66B,10.51%,$6.26B,$0.46B,7.38%,$0.46B,$4.06B,12.06%,$0.46B,$4.02B,12.18%,$0.46B,$8.86B,5.65%,$0.64B,$7.57B,9.20%,$1860,$1447,$413,$0,$218,$1665,$195,$7,$203,$63,$139,$139,$139,$212,$195,$322,365,$0.43,$0.39,$1450,$6197,$0,$7648,$107,$0,$39,$477,$1209,$8856,$1286,$3509,$0,$3509,$4795,$3,$2146,$2,$4061,$8856,$463,$62,$174,$237,$0,$0,$140,$-2082,$-1929,$-1229,$-58,$0,$-9,$297,$1,$298,$-50,$181,$963,$0,$963,$0,$0,$-60,$36,$939,$-109,$19,$-60
21,2013-06-30,20.24,$12.11,1.67,$15.77,1.28,$-8.34,0.0,$1.24,16.32,$6.98B,$1.30B,5.38,$3.08B,$3.91B,0.79,$5.74B,$1.26B,22.00%,$5.74B,$0.54B,9.47%,$5.74B,$0.54B,9.47%,$5.74B,$0.60B,10.50%,$5.74B,$0.55B,9.66%,$5.74B,$0.42B,7.37%,$0.42B,$3.91B,11.39%,$0.42B,$3.87B,11.51%,$0.42B,$8.29B,5.44%,$0.54B,$6.99B,8.26%,$1693,$1295,$397,$0,$199,$1494,$199,$7,$205,$59,$146,$146,$146,$214,$199,$323,366,$0.45,$0.42,$1065,$5912,$0,$6976,$96,$0,$39,$538,$1311,$8287,$1296,$3084,$0,$3084,$4380,$3,$2006,$2,$3908,$8287,$323,$46,$96,$142,$0,$0,$0,$-1759,$-1602,$-1136,$-41,$0,$-9,$297,$1,$298,$-39,$209,$550,$0,$550,$0,$0,$-60,$28,$518,$-410,$13,$-60
22,2013-03-31,23.11,$11.62,1.99,$14.34,1.61,$-5.67,0.0,$3.04,7.6,$6.92B,$1.22B,5.7,$3.27B,$3.74B,0.87,$5.19B,$1.10B,21.12%,$5.19B,$0.42B,8.05%,$5.19B,$0.42B,8.05%,$5.19B,$0.48B,9.19%,$5.19B,$0.42B,8.11%,$5.19B,$1.07B,20.51%,$1.07B,$3.74B,29.49%,$1.07B,$3.71B,29.77%,$1.07B,$8.23B,14.45%,$0.42B,$7.02B,6.72%,$1432,$1109,$322,$0,$183,$1292,$139,$3,$142,$31,$111,$111,$111,$154,$139,$322,365,$0.35,$0.32,$1599,$5324,$0,$6923,$87,$0,$39,$503,$1309,$8233,$1216,$3273,$0,$3273,$4489,$3,$1860,$0,$3744,$8233,$177,$30,$49,$79,$0,$0,$0,$-1174,$-1097,$-840,$-25,$0,$-9,$297,$0,$297,$-24,$238,$748,$0,$748,$0,$0,$-60,$18,$705,$103,$8,$-60
23,2012-12-31,18.81,$11.25,1.67,$13.42,1.4,$-3.56,0.0,$2.85,6.6,$6.04B,$1.14B,5.3,$2.59B,$3.61B,0.72,$4.72B,$0.97B,20.44%,$4.72B,$0.32B,6.82%,$4.72B,$0.32B,6.82%,$4.72B,$0.38B,8.07%,$4.72B,$0.32B,6.80%,$4.72B,$1.00B,21.07%,$1.00B,$3.61B,29.69%,$1.00B,$3.57B,29.94%,$1.00B,$7.35B,14.89%,$0.32B,$6.21B,5.76%,$1275,$1002,$273,$0,$167,$1169,$106,$2,$108,$42,$66,$66,$66,$122,$106,$321,364,$0.21,$0.20,$1026,$5015,$0,$6041,$82,$0,$39,$502,$1306,$7347,$1141,$2594,$0,$2594,$3734,$3,$1749,$0,$3613,$7347,$66,$15,$40,$55,$0,$37,$0,$-817,$-778,$-657,$-14,$0,$-9,$200,$0,$200,$-24,$152,$82,$0,$82,$0,$0,$-60,$2,$24,$-481,$4,$-60
24,2012-09-30,19.42,$11.20,1.73,$12.78,1.52,$-1.74,0.0,$2.74,7.09,$5.92B,$1.16B,5.1,$2.49B,$3.60B,0.69,$4.35B,$0.86B,19.80%,$4.35B,$0.25B,5.70%,$4.35B,$0.25B,5.70%,$4.35B,$0.31B,7.05%,$4.35B,$0.24B,5.56%,$4.35B,$0.96B,21.98%,$0.96B,$3.60B,30.77%,$0.96B,$3.56B,30.98%,$0.96B,$7.25B,15.46%,$0.25B,$6.09B,4.84%,$1336,$1066,$270,$0,$171,$1238,$99,$1,$99,$-1,$100,$100,$100,$114,$99,$318,359,$0.32,$0.33,$1740,$4165,$0,$5920,$73,$0,$39,$507,$1328,$7248,$1160,$2493,$0,$2493,$3654,$3,$1743,$0,$3595,$7248,$956,$59,$-686,$-626,$0,$0,$0,$-734,$-622,$-292,$-34,$0,$-97,$-8,$0,$-8,$-5,$-143,$748,$0,$748,$0,$0,$-48,$51,$752,$316,$18,$-48
25,2012-06-30,17.27,$10.94,1.58,$12.51,1.38,$-0.82,0.0,$2.55,6.77,$5.40B,$1.07B,5.05,$2.10B,$3.49B,0.6,$4.12B,$0.78B,18.85%,$4.12B,$0.19B,4.59%,$4.12B,$0.19B,4.59%,$4.12B,$0.25B,6.05%,$4.12B,$0.18B,4.30%,$4.12B,$0.89B,21.70%,$0.89B,$3.49B,31.14%,$0.89B,$3.48B,31.31%,$0.89B,$6.66B,15.62%,$0.19B,$5.59B,4.03%,$1150,$918,$232,$0,$158,$1076,$74,$-2,$72,$-716,$788,$788,$788,$89,$74,$319,360,$2.47,$2.22,$1525,$3862,$0,$5400,$67,$0,$16,$458,$1257,$6657,$1070,$2095,$0,$2095,$3165,$3,$1655,$0,$3492,$6657,$856,$44,$-698,$-654,$0,$-1,$0,$-418,$-377,$-174,$-24,$0,$0,$8,$0,$8,$4,$-11,$363,$0,$363,$0,$0,$-36,$30,$358,$172,$14,$-36
26,2012-03-31,14.22,$8.49,1.68,$12.45,1.14,$-0.55,0.0,$0.42,33.87,$4.97B,$1.03B,4.84,$1.76B,$2.70B,0.65,$3.97B,$0.72B,18.13%,$3.97B,$0.16B,3.96%,$3.97B,$0.16B,3.96%,$3.97B,$0.22B,5.47%,$3.97B,$0.13B,3.38%,$3.97B,$0.13B,3.38%,$0.13B,$2.70B,5.07%,$0.13B,$2.69B,5.10%,$0.13B,$5.49B,2.47%,$0.16B,$4.46B,3.56%,$961,$771,$190,$0,$147,$918,$43,$-1,$42,$2,$41,$41,$41,$58,$43,$318,320,$0.13,$0.13,$1317,$3637,$0,$4967,$53,$0,$16,$449,$518,$5485,$1025,$1757,$0,$1757,$2782,$3,$879,$0,$2703,$5485,$68,$30,$12,$42,$0,$0,$-2,$-187,$-189,$-79,$-6,$0,$0,$-5,$0,$-5,$5,$-6,$34,$0,$34,$0,$0,$-24,$22,$32,$-53,$10,$-24
27,2011-12-31,11.79,$8.37,1.41,$11.79,1.0,$-0.37,0.0,$0.38,31.04,$4.85B,$0.98B,4.93,$1.73B,$2.65B,0.65,$3.76B,$0.65B,17.36%,$3.76B,$0.10B,2.53%,$3.76B,$0.10B,2.53%,$3.76B,$0.15B,4.10%,$3.76B,$0.06B,1.62%,$3.76B,$0.12B,3.22%,$0.12B,$2.65B,4.62%,$0.12B,$2.64B,4.65%,$0.12B,$5.36B,2.22%,$0.10B,$4.38B,2.14%,$907,$737,$170,$0,$138,$875,$32,$-3,$29,$2,$28,$28,$28,$47,$32,$316,317,$0.09,$0.09,$1357,$3479,$0,$4849,$55,$0,$16,$444,$515,$5363,$983,$1728,$0,$1728,$2711,$3,$850,$0,$2652,$5363,$28,$15,$6,$21,$0,$18,$0,$-24,$-51,$-2,$-2,$0,$0,$-3,$0,$-3,$3,$-2,$17,$0,$17,$0,$0,$-12,$5,$10,$6,$5,$-12
28,2011-09-30,8.43,$8.30,1.02,$11.40,0.74,$-0.22,0.0,$0.23,36.64,$4.84B,$1.03B,4.69,$1.71B,$2.62B,0.65,$3.64B,$0.61B,16.86%,$3.64B,$0.06B,1.54%,$3.64B,$0.06B,1.54%,$3.64B,$0.11B,3.14%,$3.64B,$0.01B,0.33%,$3.64B,$0.07B,2.01%,$0.07B,$2.62B,2.80%,$0.07B,$2.61B,2.82%,$0.07B,$5.36B,1.31%,$0.06B,$4.33B,1.24%,$1098,$914,$184,$0,$144,$1058,$40,$-6,$34,$-2,$36,$36,$36,$55,$40,$318,319,$0.11,$0.11,$1373,$3450,$0,$4836,$58,$0,$16,$449,$523,$5358,$1030,$1705,$0,$1705,$2735,$3,$835,$0,$2624,$5358,$72,$57,$70,$127,$0,$0,$0,$-82,$-180,$19,$-16,$0,$0,$-8,$0,$-8,$1,$-23,$-489,$0,$-489,$-39,$-39,$-48,$3,$-572,$-577,$14,$-48
29,2011-06-30,10.7,$8.21,1.3,$10.93,0.98,$1.94,5.51,$0.09,118.85,$4.99B,$1.03B,4.84,$1.88B,$2.59B,0.73,$3.49B,$0.58B,16.64%,$3.49B,$0.02B,0.69%,$3.49B,$0.02B,0.69%,$3.49B,$0.08B,2.32%,$3.49B,$-0.02B,-0.69%,$3.49B,$0.03B,0.80%,$0.03B,$2.59B,1.08%,$0.03B,$2.58B,1.08%,$0.03B,$5.51B,0.49%,$0.02B,$4.47B,0.52%,$999,$824,$175,$0,$133,$957,$42,$-13,$29,$0,$29,$29,$29,$57,$42,$319,319,$0.09,$0.09,$1475,$3501,$0,$4990,$59,$0,$16,$441,$515,$5505,$1031,$1880,$0,$1880,$2911,$3,$811,$0,$2594,$5505,$36,$43,$53,$96,$0,$-32,$-102,$-74,$-207,$-75,$-13,$0,$0,$-5,$0,$-5,$3,$-15,$-307,$0,$-307,$-39,$-39,$-36,$3,$-379,$-468,$10,$-36
30,2011-03-31,10.78,$8.17,1.32,$12.20,0.88,$4.01,2.69,$0.16,67.4,$5.11B,$1.01B,5.08,$2.00B,$2.61B,0.77,$3.89B,$0.64B,16.44%,$3.89B,$0.05B,1.34%,$3.89B,$0.05B,1.34%,$3.89B,$0.11B,2.72%,$3.89B,$-0.01B,-0.18%,$3.89B,$0.05B,1.28%,$0.05B,$2.61B,1.91%,$0.05B,$2.60B,1.92%,$0.05B,$5.62B,0.85%,$0.05B,$4.62B,1.10%,$751,$628,$123,$0,$141,$770,$-19,$-12,$-31,$-59,$28,$28,$28,$-5,$-19,$319,320,$0.09,$0.09,$1625,$3474,$0,$5113,$59,$0,$16,$434,$509,$5621,$1007,$2004,$0,$2004,$3011,$3,$794,$0,$2610,$5621,$7,$28,$33,$61,$0,$47,$0,$-6,$-90,$-21,$-8,$0,$0,$2,$0,$2,$9,$2,$-187,$0,$-187,$0,$0,$-24,$1,$-209,$-228,$7,$-24
31,2010-12-31,11.01,$8.11,1.36,$12.72,0.87,$5.42,2.03,$0.11,100.08,$5.18B,$1.09B,4.77,$2.05B,$2.59B,0.79,$4.06B,$0.69B,17.09%,$4.06B,$0.10B,2.49%,$4.06B,$0.10B,2.49%,$4.06B,$0.15B,3.75%,$4.06B,$0.04B,0.89%,$4.06B,$0.03B,0.81%,$0.03B,$2.59B,1.26%,$0.03B,$2.58B,1.27%,$0.03B,$5.73B,0.54%,$0.10B,$4.64B,2.08%,$788,$657,$131,$0,$138,$795,$-7,$-13,$-20,$1,$-20,$-20,$-20,$7,$-7,$319,319,$-0.06,$-0.06,$1752,$3412,$0,$5179,$60,$0,$16,$472,$548,$5727,$1085,$2051,$0,$2051,$3136,$3,$778,$0,$2591,$5727,$-20,$14,$13,$27,$0,$0,$0,$96,$43,$50,$-4,$0,$0,$-1,$0,$-1,$8,$3,$-129,$0,$-129,$0,$0,$-12,$1,$-141,$-88,$3,$-12
32,2010-09-30,10.22,$8.23,1.24,$13.43,0.76,$5.89,1.74,$0.71,14.4,$5.38B,$1.14B,4.7,$2.17B,$2.62B,0.83,$4.40B,$0.77B,17.59%,$4.40B,$0.17B,3.93%,$4.40B,$0.17B,3.93%,$4.40B,$0.22B,5.02%,$4.40B,$0.10B,2.25%,$4.40B,$0.25B,5.57%,$0.25B,$2.62B,9.38%,$0.25B,$2.61B,9.44%,$0.25B,$5.94B,3.87%,$0.17B,$4.80B,3.41%,$948,$798,$151,$0,$142,$940,$8,$-10,$-2,$7,$-9,$-9,$-9,$22,$8,$318,319,$-0.03,$0.01,$1915,$3449,$0,$5380,$61,$0,$16,$483,$559,$5939,$1144,$2172,$0,$2172,$3316,$3,$811,$0,$2623,$5939,$245,$49,$80,$129,$0,$0,$0,$114,$335,$709,$-19,$0,$0,$-300,$0,$-300,$2,$-318,$-1002,$0,$-1002,$0,$0,$-48,$10,$-1039,$-648,$13,$-48
33,2010-06-30,9.01,$8.29,1.09,$13.70,0.66,$7.30,1.23,$0.01,900.55,$5.66B,$1.21B,4.69,$2.22B,$2.64B,0.84,$4.48B,$0.57B,12.81%,$4.48B,$-0.04B,-0.87%,$4.48B,$-0.04B,-0.87%,$4.48B,$0.00B,0.11%,$4.48B,$-0.13B,-2.86%,$4.48B,$0.02B,0.42%,$0.02B,$2.64B,0.74%,$0.02B,$2.62B,0.75%,$0.02B,$6.21B,0.29%,$-0.04B,$4.85B,-0.74%,$1406,$1172,$235,$0,$165,$1336,$70,$-24,$46,$-4,$51,$51,$51,$82,$70,$318,319,$0.16,$0.16,$2066,$3565,$0,$5663,$61,$0,$16,$471,$548,$6211,$1207,$2215,$153,$2367,$3575,$3,$831,$0,$2637,$6211,$254,$36,$47,$83,$0,$-95,$7,$78,$250,$587,$-16,$0,$0,$-299,$0,$-299,$-4,$-319,$-805,$0,$-805,$0,$0,$-36,$8,$-833,$-565,$10,$-36
34,2010-03-31,11.51,$8.15,1.41,$12.23,0.94,$8.97,1.28,$-0.60,0.0,$5.92B,$1.24B,4.79,$2.55B,$2.59B,0.98,$4.01B,$0.35B,8.71%,$4.01B,$-0.25B,-6.26%,$4.01B,$-0.25B,-6.26%,$4.01B,$-0.21B,-5.24%,$4.01B,$-0.34B,-8.41%,$4.01B,$-0.18B,-4.39%,$-0.18B,$2.59B,-6.98%,$-0.18B,$2.58B,-7.03%,$-0.18B,$6.46B,-2.64%,$-0.25B,$5.15B,-4.57%,$914,$738,$176,$0,$146,$884,$30,$-17,$12,$1,$11,$11,$11,$41,$30,$318,319,$0.04,$0.04,$2126,$3764,$0,$5919,$57,$0,$16,$468,$541,$6459,$1236,$2552,$78,$2630,$3865,$3,$793,$-0,$2594,$6459,$203,$23,$6,$29,$0,$0,$36,$-104,$195,$428,$-8,$0,$0,$-199,$0,$-199,$5,$-202,$-527,$0,$-527,$0,$0,$-24,$7,$-544,$-318,$7,$-24
35,2009-12-31,9.9,$8.15,1.22,$11.83,0.84,$10.72,0.92,$-0.98,0.0,$6.12B,$1.19B,5.16,$2.91B,$2.59B,1.12,$3.87B,$0.23B,5.94%,$3.87B,$-0.37B,-9.50%,$3.87B,$-0.37B,-9.50%,$3.87B,$-0.33B,-8.52%,$3.87B,$-0.45B,-11.67%,$3.87B,$-0.30B,-7.64%,$-0.30B,$2.59B,-11.68%,$-0.30B,$2.57B,-11.76%,$-0.30B,$6.69B,-4.43%,$-0.37B,$5.50B,-6.59%,$1132,$921,$212,$0,$147,$1068,$65,$-22,$43,$-149,$192,$192,$192,$76,$65,$318,356,$0.60,$0.56,$2154,$3585,$0,$6121,$56,$0,$16,$500,$572,$6692,$1187,$2910,$6,$2916,$4103,$3,$793,$0,$2589,$6692,$192,$12,$-0,$12,$0,$0,$-16,$121,$16,$220,$-3,$0,$0,$0,$0,$0,$2,$-0,$-234,$0,$-234,$0,$0,$-12,$5,$-241,$-21,$3,$-12
36,2009-09-30,10.36,$7.56,1.37,$11.54,0.9,$12.68,0.82,$-1.72,0.0,$6.19B,$1.21B,5.11,$3.15B,$2.40B,1.31,$3.66B,$0.12B,3.25%,$3.66B,$-0.48B,-13.20%,$3.66B,$-0.48B,-13.20%,$3.66B,$-0.45B,-12.17%,$3.66B,$-0.56B,-15.20%,$3.66B,$-0.55B,-15.06%,$-0.55B,$2.40B,-21.38%,$-0.55B,$2.39B,-21.51%,$-0.55B,$6.76B,-8.11%,$-0.48B,$5.55B,-8.40%,$1029,$1078,$-49,$0,$154,$1233,$-204,$-25,$-229,$6,$-235,$-235,$-235,$-194,$-204,$317,317,$-0.74,$-0.74,$2233,$3667,$0,$6193,$58,$0,$16,$490,$564,$6757,$1211,$3145,$0,$3145,$4356,$3,$613,$0,$2401,$6757,$-550,$37,$631,$668,$0,$0,$0,$742,$1023,$1141,$-6,$0,$0,$0,$0,$0,$-53,$-59,$-469,$0,$-469,$0,$0,$-48,$4,$-512,$570,$14,$-48
37,2009-06-30,8.47,$7.88,1.07,$13.94,0.61,$15.03,0.56,$-3.52,0.0,$6.29B,$0.90B,6.96,$3.28B,$2.50B,1.31,$4.41B,$-0.71B,-16.03%,$4.41B,$-1.43B,-32.49%,$4.41B,$-1.43B,-32.49%,$4.41B,$-1.31B,-29.77%,$4.41B,$-1.49B,-33.82%,$4.41B,$-1.12B,-25.30%,$-1.12B,$2.50B,-41.56%,$-1.12B,$2.48B,-41.81%,$-1.12B,$6.78B,-15.73%,$-1.43B,$5.78B,-23.84%,$933,$923,$10,$0,$152,$1075,$-142,$-21,$-163,$-20,$-144,$-144,$-144,$-133,$-142,$317,317,$-0.45,$-0.45,$2287,$3873,$0,$6285,$63,$0,$16,$251,$494,$6780,$903,$3280,$77,$3379,$4282,$3,$862,$0,$2498,$6780,$-315,$27,$269,$296,$0,$129,$-163,$603,$1121,$1102,$-6,$0,$0,$0,$0,$0,$-60,$-66,$-388,$0,$-388,$0,$0,$-36,$2,$-421,$615,$10,$-36
38,2009-03-31,8.74,$8.35,1.05,$15.63,0.56,$15.96,0.55,$-4.33,0.0,$5.93B,$0.90B,6.56,$2.87B,$2.65B,1.08,$4.94B,$-0.87B,-17.60%,$4.94B,$-1.66B,-33.63%,$4.94B,$-1.66B,-33.63%,$4.94B,$-1.54B,-31.08%,$4.94B,$-1.71B,-34.56%,$4.94B,$-1.37B,-27.74%,$-1.37B,$2.65B,-46.08%,$-1.37B,$2.63B,-46.64%,$-1.37B,$6.48B,-18.24%,$-1.66B,$5.52B,-26.07%,$778,$721,$57,$0,$144,$865,$-87,$-16,$-103,$6,$-109,$-109,$-109,$-79,$-87,$317,317,$-0.34,$-0.34,$1703,$4168,$0,$5925,$67,$0,$16,$256,$552,$6478,$904,$2868,$44,$2927,$3830,$3,$1016,$0,$2647,$6478,$-171,$18,$102,$121,$0,$165,$-175,$417,$1029,$978,$-5,$0,$0,$0,$0,$0,$1,$-4,$-824,$0,$-824,$0,$0,$-24,$2,$-846,$128,$6,$-24
39,2008-12-31,6.34,$8.73,0.73,$18.43,0.34,$16.07,0.39,$-8.13,0.0,$6.60B,$0.92B,7.16,$3.41B,$2.76B,1.23,$5.82B,$-1.57B,-27.04%,$5.82B,$-2.45B,-42.14%,$5.82B,$-2.45B,-42.14%,$5.82B,$-2.32B,-39.84%,$5.82B,$-2.49B,-42.78%,$5.82B,$-2.57B,-44.12%,$-2.57B,$2.76B,-77.07%,$-2.57B,$2.75B,-78.38%,$-2.57B,$7.18B,-31.56%,$-2.45B,$6.17B,-35.49%,$918,$817,$101,$0,$150,$968,$-50,$-12,$-61,$1,$-63,$-63,$-63,$-39,$-50,$317,317,$-0.20,$-0.20,$2117,$4426,$0,$6598,$71,$0,$16,$277,$577,$7175,$921,$3405,$56,$3491,$4412,$3,$1136,$0,$2763,$7175,$-63,$10,$53,$63,$0,$148,$-152,$198,$816,$817,$-3,$0,$0,$0,$0,$0,$1,$-2,$-278,$0,$-278,$0,$0,$-12,$0,$-289,$526,$3,$-12
40,2008-09-30,11.62,$8.95,1.3,$21.06,0.55,$15.25,0.76,$-8.34,0.0,$7.10B,$1.34B,5.31,$3.75B,$2.83B,1.32,$6.65B,$-1.64B,-24.68%,$6.65B,$-2.61B,-39.29%,$6.65B,$-2.61B,-39.29%,$6.65B,$-2.47B,-37.20%,$6.65B,$-2.63B,-39.60%,$6.65B,$-2.63B,-39.63%,$-2.63B,$2.83B,-65.94%,$-2.63B,$2.82B,-67.20%,$-2.63B,$7.95B,-29.45%,$-2.61B,$6.58B,-34.23%,$1782,$2658,$-875,$0,$199,$2937,$-1154,$-11,$-1165,$-365,$-800,$-800,$-800,$-1062,$-1154,$316,316,$-2.53,$-2.53,$1741,$4683,$0,$7101,$66,$0,$16,$555,$850,$7951,$1337,$3748,$0,$3779,$5116,$3,$1211,$0,$2834,$7951,$-2634,$140,$3151,$3291,$0,$0,$-167,$2062,$1219,$1877,$-7,$0,$0,$0,$0,$0,$3,$-3,$-623,$0,$-623,$0,$0,$-142,$10,$-756,$1118,$14,$-142
41,2008-06-30,9.63,$11.56,0.83,$25.52,0.38,$13.52,0.71,$-5.97,0.0,$7.49B,$1.19B,6.28,$3.58B,$3.66B,0.98,$8.04B,$-0.50B,-6.25%,$8.04B,$-1.99B,-24.70%,$8.04B,$-1.99B,-24.70%,$8.04B,$-1.87B,-23.30%,$8.04B,$-1.57B,-19.50%,$8.04B,$-1.88B,-23.44%,$-1.88B,$3.66B,-40.23%,$-1.88B,$3.56B,-41.06%,$-1.88B,$8.47B,-19.14%,$-1.99B,$7.24B,-23.70%,$1464,$1617,$-153,$0,$218,$1835,$-371,$-9,$-379,$20,$-399,$-399,$-399,$-356,$-371,$316,316,$-1.26,$-1.26,$1098,$6397,$0,$7494,$79,$0,$95,$277,$970,$8465,$1193,$3582,$0,$3614,$4807,$3,$2034,$0,$3658,$8465,$-1834,$47,$1765,$1812,$0,$0,$-424,$1843,$1419,$1398,$-9,$0,$0,$0,$0,$0,$3,$-6,$-703,$0,$-703,$0,$0,$-118,$12,$-810,$582,$10,$-118
42,2008-03-31,13.91,$12.89,1.08,$29.15,0.48,$10.76,1.29,$-7.33,0.0,$7.93B,$1.27B,6.26,$3.58B,$4.07B,0.88,$9.17B,$-0.73B,-7.97%,$9.17B,$-2.30B,-25.08%,$9.17B,$-2.30B,-25.08%,$9.17B,$-1.76B,-19.17%,$9.17B,$-2.30B,-25.07%,$9.17B,$-2.31B,-25.18%,$-2.31B,$4.07B,-44.51%,$-2.31B,$3.98B,-45.47%,$-2.31B,$8.96B,-21.28%,$-2.30B,$7.65B,-25.18%,$1657,$2304,$-647,$0,$231,$2535,$-878,$-7,$-885,$421,$-1306,$-1306,$-1306,$-862,$-878,$315,315,$-4.14,$-4.14,$868,$7065,$0,$7933,$89,$0,$95,$292,$1022,$8955,$1267,$3581,$0,$3615,$4882,$3,$2457,$0,$4073,$8955,$-1435,$33,$1402,$1434,$0,$216,$-428,$1222,$1010,$1010,$-7,$0,$0,$0,$0,$0,$0,$-7,$-626,$0,$-626,$0,$0,$-95,$8,$-712,$291,$6,$-95
43,2007-12-31,11.51,$17.19,0.67,$32.31,0.36,$9.01,1.28,$-3.03,0.0,$8.96B,$1.33B,6.74,$3.62B,$5.41B,0.67,$10.17B,$0.32B,3.18%,$10.17B,$-1.35B,-13.27%,$10.17B,$-1.35B,-13.27%,$10.17B,$-0.81B,-7.92%,$10.17B,$-1.33B,-13.09%,$10.17B,$-0.95B,-9.35%,$-0.95B,$5.41B,-16.38%,$-0.95B,$5.32B,-17.06%,$-0.95B,$10.40B,-7.93%,$-1.35B,$9.03B,-13.49%,$1743,$1707,$35,$0,$244,$1951,$-208,$5,$-203,$-74,$-129,$-129,$-129,$-192,$-208,$315,315,$-0.41,$-0.41,$374,$8586,$0,$8961,$100,$0,$95,$305,$1441,$10401,$1331,$3618,$0,$3656,$4987,$3,$3810,$0,$5414,$10401,$-129,$17,$172,$188,$0,$0,$-296,$795,$498,$558,$-4,$0,$0,$0,$0,$0,$0,$-4,$-647,$0,$-647,$0,$0,$-47,$1,$-694,$-141,$3,$-47
44,2007-09-30,11.05,$17.74,0.62,$35.86,0.31,$8.15,1.36,$-2.27,0.0,$10.14B,$1.91B,5.3,$3.99B,$5.59B,0.71,$11.30B,$0.79B,6.98%,$11.30B,$-0.98B,-8.68%,$11.30B,$-0.98B,-8.68%,$11.30B,$-0.44B,-3.86%,$11.30B,$-0.95B,-8.42%,$11.30B,$-0.71B,-6.30%,$-0.71B,$5.59B,-11.71%,$-0.71B,$5.49B,-12.42%,$-0.71B,$11.56B,-5.56%,$-0.98B,$9.58B,-9.31%,$3172,$2910,$263,$0,$317,$3701,$-528,$428,$-100,$-50,$-50,$-50,$-50,$-462,$-528,$314,314,$-0.16,$-0.16,$793,$9344,$0,$10137,$110,$0,$95,$350,$1420,$11556,$1912,$3989,$0,$4057,$5969,$3,$3986,$0,$5587,$11556,$-713,$545,$865,$1410,$0,$0,$-693,$1360,$658,$1356,$-40,$0,$0,$0,$0,$0,$0,$-40,$-1716,$0,$-1716,$0,$0,$-188,$271,$-1634,$-318,$12,$-188
45,2007-06-30,17.03,$18.05,0.94,$41.20,0.41,$-0.07,0.0,$-1.23,0.0,$11.12B,$2.13B,5.21,$4.60B,$5.68B,0.81,$13.01B,$1.43B,10.96%,$13.01B,$-0.02B,-0.15%,$13.01B,$-0.02B,-0.15%,$13.01B,$0.48B,3.67%,$13.01B,$-0.41B,-3.11%,$13.01B,$-0.38B,-2.95%,$-0.38B,$5.68B,-6.10%,$-0.38B,$5.52B,-6.59%,$-0.38B,$12.49B,-2.82%,$-0.02B,$10.28B,-0.17%,$2598,$2981,$-382,$0,$304,$3284,$-686,$-426,$-1111,$-288,$-824,$-824,$-824,$-243,$-686,$314,314,$-2.62,$-2.62,$530,$10587,$0,$11117,$118,$0,$153,$370,$1377,$12494,$2133,$4598,$0,$4683,$6816,$3,$4084,$0,$5678,$12494,$-662,$479,$662,$1141,$0,$0,$-434,$502,$69,$547,$-33,$0,$0,$0,$0,$0,$0,$-33,$-1185,$19,$-1166,$0,$0,$-141,$266,$-1041,$-527,$9,$-141
46,2007-03-31,18.68,$20.82,0.9,$44.55,0.42,$-8.45,0.0,$2.32,8.05,$12.00B,$2.28B,5.27,$4.59B,$6.54B,0.7,$14.08B,$2.67B,18.97%,$14.08B,$1.12B,7.98%,$14.08B,$1.12B,7.98%,$14.08B,$1.19B,8.47%,$14.08B,$1.18B,8.37%,$14.08B,$0.73B,5.21%,$0.73B,$6.54B,11.39%,$0.73B,$5.96B,12.52%,$0.73B,$13.51B,5.18%,$1.12B,$11.13B,9.91%,$2658,$2252,$407,$0,$334,$2586,$72,$11,$83,$32,$52,$52,$52,$90,$72,$314,316,$0.16,$0.16,$787,$11209,$0,$11996,$125,$0,$579,$810,$1514,$13511,$2275,$4592,$0,$4696,$6971,$3,$4954,$0,$6540,$13511,$161,$35,$154,$190,$0,$0,$-409,$532,$123,$474,$-24,$0,$0,$0,$0,$0,$0,$-24,$-985,$0,$-985,$0,$0,$-94,$261,$-819,$-369,$6,$-94
47,2006-12-31,22.38,$20.80,1.08,$47.50,0.47,$-14.14,0.0,$3.27,6.84,$12.14B,$2.39B,5.08,$4.65B,$6.53B,0.71,$15.02B,$3.24B,21.57%,$15.02B,$1.61B,10.74%,$15.02B,$1.61B,10.74%,$15.02B,$1.68B,11.17%,$15.02B,$1.66B,11.08%,$15.02B,$1.03B,6.89%,$1.03B,$6.53B,16.45%,$1.03B,$5.95B,18.12%,$1.03B,$13.67B,7.31%,$1.61B,$11.17B,14.34%,$2868,$2367,$501,$0,$340,$2708,$161,$16,$177,$67,$110,$110,$110,$178,$161,$313,316,$0.35,$0.35,$792,$11343,$0,$12135,$127,$0,$579,$828,$1534,$13669,$2389,$4645,$0,$4755,$7144,$3,$4950,$0,$6525,$13669,$110,$17,$75,$93,$0,$0,$-287,$380,$93,$296,$-11,$0,$0,$0,$0,$0,$0,$-11,$-939,$0,$-939,$0,$0,$-47,$254,$-732,$-448,$3,$-47
