,Date,Stock Price,Book Value per Share,Price to Book Ratio,TTM Sales per Share,Price to Sales Ratio,TTM FCF per Share,Price to FCF Ratio,TTM Net EPS,PE Ratio,Current Assets,Current Liabilities,Current Ratio,Long Term Debt,Shareholder's Equity_x,Debt to Equity Ratio,TTM Revenue_x,TTM Gross Profit,Gross Margin,TTM Revenue_y,TTM Operating Income,Operating Margin,TTM Revenue_x,TTM EBIT,EBIT Margin,TTM Revenue_y,TTM EBITDA,EBITDA Margin,TTM Revenue_x,TTM Pre-Tax Income,Pre-Tax Margin,TTM Revenue_y,TTM Net Income_x,Net Margin,TTM Net Income_y,Shareholder's Equity_y,Return on Equity,TTM Net Income_x,Tangible Equity,Return on Tangible Equity,TTM Net Income_y,Total Assets,Return on Assets,TTM Net Income,LT Investments & Debt,Return on Investment,revenue,cost-goods-sold,gross-profit,research-development-expenses,selling-general-administrative-expenses,operating-expenses,operating-income,total-non-operating-income-expense,pre-tax-income,total-provision-income-taxes,income-after-taxes,income-from-continuous-operations,net-income,ebitda,ebit,basic-shares-outstanding,shares-outstanding,eps-basic-net-earnings-per-share,eps-earnings-per-share-diluted,cash-on-hand,inventory,other-current-assets,total-current-assets,net-property-plant-equipment,long-term-investments,goodwill-intangible-assets-total,other-long-term-assets,total-long-term-assets,total-assets,total-current-liabilities,long-term-debt,other-non-current-liabilities,total-long-term-liabilities,total-liabilities,common-stock-net,retained-earnings-accumulated-deficit,comprehensive-income,total-share-holder-equity,total-liabilities-share-holders-equity,net-income-loss,total-depreciation-amortization-cash-flow,other-non-cash-items,total-non-cash-items,change-in-accounts-receivable,change-in-inventories,change-in-accounts-payable,change-in-assets-liabilities,total-change-in-assets-liabilities,cash-flow-from-operating-activities,net-change-in-property-plant-equipment,net-change-in-intangible-assets,net-acquisitions-divestitures,net-change-in-short-term-investments,net-change-in-long-term-investments,net-change-in-investments-total,investing-activities-other,cash-flow-from-investing-activities,net-long-term-debt,net-current-debt,debt-issuance-retirement-net-total,net-common-equity-issued-repurchased,net-total-equity-issued-repurchased,total-common-preferred-stock-dividends-paid,financial-activities-other,cash-flow-from-financial-activities,net-cash-flow,stock-based-compensation,common-stock-dividends-paid
0,2018-09-30,165.39,$63.38,2.61,$42.57,3.88,$12.17,13.59,$15.54,10.64,$0.12B,$0.04B,3.4,$0.00B,$0.22B,0.0,$0.15B,$0.15B,100.00%,$0.15B,$0.07B,46.31%,$0.15B,$0.07B,46.31%,$0.15B,$0.07B,47.65%,$0.15B,$0.08B,55.03%,$0.15B,$0.05B,36.24%,$0.05B,$0.22B,27.20%,$0.05B,$0.22B,27.20%,$0.05B,$0.35B,18.06%,$0.07B,$0.22B,34.76%,$37,$0,$37,$0,$20,$21,$17,$5,$22,$6,$16,$16,$15,$17,$17,$4,4,$4.31,$4.31,$101,$0,$0,$122,$4,$212,$0,$0,$224,$346,$36,$0,$25,$86,$122,$131,$116,$0,$224,$346,$44,$1,$2,$2,$-0,$0,$0,$-42,$-37,$10,$-1,$0,$-4,$0,$2,$2,$0,$-3,$0,$0,$0,$0,$0,$0,$18,$18,$24,$6,$0
1,2018-06-30,194.43,$58.61,3.32,$42.59,4.57,$21.23,9.16,$14.90,13.05,$0.10B,$0.04B,2.86,$0.00B,$0.21B,0.0,$0.15B,$0.15B,100.00%,$0.15B,$0.07B,46.31%,$0.15B,$0.07B,46.31%,$0.15B,$0.07B,47.65%,$0.15B,$0.08B,53.69%,$0.15B,$0.05B,34.90%,$0.05B,$0.21B,27.55%,$0.05B,$0.21B,27.55%,$0.05B,$0.32B,18.82%,$0.07B,$0.21B,36.56%,$36,$0,$36,$0,$19,$20,$16,$4,$20,$5,$15,$15,$14,$17,$16,$4,4,$4.08,$4.08,$78,$0,$0,$101,$4,$205,$0,$0,$217,$318,$35,$0,$24,$75,$111,$130,$101,$0,$207,$318,$28,$1,$3,$4,$-2,$0,$0,$-42,$-39,$-7,$-1,$0,$-3,$0,$2,$2,$0,$-2,$0,$0,$0,$0,$0,$0,$11,$11,$2,$4,$0
2,2018-03-31,206.56,$54.25,3.81,$42.69,4.84,$29.73,6.95,$14.48,14.27,$0.08B,$0.03B,3.11,$0.00B,$0.19B,0.0,$0.15B,$0.15B,100.00%,$0.15B,$0.07B,46.31%,$0.15B,$0.07B,46.31%,$0.15B,$0.07B,46.98%,$0.15B,$0.08B,53.02%,$0.15B,$0.05B,34.23%,$0.05B,$0.19B,28.37%,$0.05B,$0.19B,28.37%,$0.05B,$0.28B,20.06%,$0.07B,$0.19B,38.39%,$38,$0,$38,$0,$19,$20,$18,$-2,$17,$4,$13,$13,$13,$18,$18,$3,3,$3.72,$3.72,$59,$0,$0,$80,$4,$192,$0,$0,$202,$282,$26,$0,$24,$66,$91,$128,$86,$0,$191,$282,$13,$0,$4,$5,$0,$0,$0,$-41,$-36,$-19,$-0,$0,$-3,$0,$1,$1,$0,$-2,$0,$0,$0,$0,$0,$0,$3,$3,$-18,$2,$0
3,2017-12-31,206.66,$49.70,4.16,$42.09,4.91,$37.26,5.55,$14.47,14.28,$0.10B,$0.04B,2.62,$0.00B,$0.17B,0.0,$0.15B,$0.15B,100.00%,$0.15B,$0.07B,45.89%,$0.15B,$0.07B,45.89%,$0.15B,$0.07B,46.58%,$0.15B,$0.08B,56.16%,$0.15B,$0.05B,34.93%,$0.05B,$0.17B,29.78%,$0.05B,$0.17B,29.78%,$0.05B,$0.25B,21.56%,$0.07B,$0.17B,39.12%,$38,$0,$38,$0,$18,$19,$18,$4,$23,$10,$12,$12,$12,$19,$18,$3,3,$3.42,$3.44,$77,$0,$0,$98,$4,$138,$0,$4,$152,$250,$37,$0,$20,$41,$78,$118,$73,$0,$172,$250,$52,$1,$2,$3,$-2,$0,$0,$11,$7,$61,$-1,$0,$-20,$0,$3,$3,$0,$-19,$0,$0,$0,$0,$0,$-24,$1,$-23,$19,$9,$-24
4,2017-09-30,205.53,$53.24,3.86,$42.89,4.79,$25.67,8.01,$15.03,13.67,$0.11B,$0.03B,3.49,$0.00B,$0.19B,0.0,$0.15B,$0.15B,100.00%,$0.15B,$0.07B,46.62%,$0.15B,$0.07B,46.62%,$0.15B,$0.07B,46.62%,$0.15B,$0.08B,54.73%,$0.15B,$0.05B,35.81%,$0.05B,$0.19B,32.52%,$0.05B,$0.19B,32.52%,$0.05B,$0.26B,23.66%,$0.07B,$0.19B,42.33%,$37,$0,$37,$0,$19,$20,$17,$3,$20,$6,$13,$13,$13,$17,$17,$3,3,$3.68,$3.67,$90,$0,$0,$110,$4,$130,$0,$2,$145,$255,$31,$0,$20,$39,$71,$119,$86,$0,$185,$255,$39,$1,$-3,$-3,$0,$0,$0,$4,$4,$41,$-1,$0,$-13,$0,$3,$3,$0,$-11,$0,$0,$0,$0,$0,$0,$3,$3,$33,$6,$0
5,2017-06-30,193.0,$49.37,3.91,$41.89,4.61,$16.37,11.79,$15.29,12.62,$0.09B,$0.02B,4.05,$0.00B,$0.17B,0.0,$0.14B,$0.14B,100.00%,$0.14B,$0.07B,46.53%,$0.14B,$0.07B,46.53%,$0.14B,$0.07B,46.53%,$0.14B,$0.08B,56.94%,$0.14B,$0.05B,36.81%,$0.05B,$0.17B,34.70%,$0.05B,$0.17B,34.70%,$0.05B,$0.23B,25.70%,$0.07B,$0.17B,43.86%,$36,$0,$36,$0,$19,$20,$16,$3,$19,$6,$13,$13,$13,$16,$16,$3,3,$3.67,$3.66,$71,$0,$0,$90,$4,$126,$0,$0,$140,$230,$22,$0,$19,$37,$59,$117,$73,$0,$171,$230,$26,$0,$-3,$-2,$0,$0,$0,$-3,$-2,$22,$-0,$0,$-11,$0,$2,$2,$0,$-10,$0,$0,$0,$0,$0,$0,$1,$1,$13,$4,$0
6,2017-03-31,188.3,$45.62,4.13,$41.15,4.58,$15.19,12.4,$14.47,13.01,$0.08B,$0.02B,4.26,$0.00B,$0.16B,0.0,$0.14B,$0.14B,100.00%,$0.14B,$0.07B,46.81%,$0.14B,$0.07B,46.81%,$0.14B,$0.07B,46.81%,$0.14B,$0.08B,55.32%,$0.14B,$0.05B,35.46%,$0.05B,$0.16B,35.15%,$0.05B,$0.16B,35.15%,$0.05B,$0.21B,26.35%,$0.07B,$0.16B,46.40%,$35,$0,$35,$0,$18,$19,$16,$4,$20,$6,$13,$13,$13,$16,$16,$3,3,$3.72,$3.71,$59,$0,$0,$81,$4,$117,$0,$0,$130,$211,$19,$0,$0,$35,$54,$114,$60,$0,$157,$211,$13,$0,$-2,$-2,$-0,$0,$0,$-11,$-4,$7,$-0,$0,$-6,$0,$1,$1,$0,$-5,$0,$0,$0,$0,$0,$0,$-0,$-0,$2,$2,$0
7,2016-12-31,203.63,$40.80,4.99,$39.90,5.1,$11.88,17.14,$13.49,15.09,$0.08B,$0.03B,2.4,$0.00B,$0.14B,0.0,$0.14B,$0.14B,100.00%,$0.14B,$0.06B,47.06%,$0.14B,$0.06B,47.06%,$0.14B,$0.06B,47.06%,$0.14B,$0.07B,52.94%,$0.14B,$0.05B,33.82%,$0.05B,$0.14B,34.78%,$0.05B,$0.14B,34.78%,$0.05B,$0.20B,26.63%,$0.06B,$0.14B,48.39%,$40,$0,$40,$0,$19,$21,$20,$3,$22,$8,$14,$14,$14,$20,$20,$3,3,$4.01,$3.99,$57,$0,$0,$78,$4,$108,$0,$1,$122,$200,$32,$0,$14,$28,$60,$109,$48,$0,$139,$200,$47,$1,$-6,$-5,$0,$0,$0,$-29,$-21,$20,$-0,$0,$-25,$0,$20,$20,$0,$-6,$0,$0,$0,$0,$0,$-20,$6,$-15,$-0,$8,$-20
8,2016-09-30,173.87,$42.13,4.13,$37.79,4.6,$21.17,8.21,$12.93,13.45,$0.08B,$0.02B,3.61,$0.00B,$0.14B,0.0,$0.13B,$0.13B,100.00%,$0.13B,$0.06B,47.66%,$0.13B,$0.06B,47.66%,$0.13B,$0.06B,47.66%,$0.13B,$0.07B,53.13%,$0.13B,$0.04B,34.38%,$0.04B,$0.14B,35.56%,$0.04B,$0.14B,35.56%,$0.04B,$0.18B,27.67%,$0.06B,$0.14B,49.29%,$33,$0,$33,$0,$17,$18,$15,$6,$21,$8,$14,$14,$13,$15,$15,$3,3,$3.93,$3.93,$64,$0,$0,$83,$4,$87,$0,$1,$101,$184,$23,$0,$13,$18,$41,$109,$54,$0,$144,$184,$33,$0,$-6,$-6,$2,$0,$0,$-26,$-19,$8,$-0,$0,$1,$0,$1,$1,$0,$2,$0,$0,$0,$0,$0,$0,$-4,$-4,$6,$6,$0
9,2016-06-30,177.28,$37.55,4.72,$37.45,4.73,$29.11,6.09,$10.99,16.13,$0.09B,$0.02B,5.11,$0.00B,$0.13B,0.0,$0.13B,$0.13B,100.00%,$0.13B,$0.06B,47.62%,$0.13B,$0.06B,47.62%,$0.13B,$0.06B,47.62%,$0.13B,$0.06B,46.03%,$0.13B,$0.04B,30.16%,$0.04B,$0.13B,33.12%,$0.04B,$0.13B,33.12%,$0.04B,$0.16B,25.42%,$0.06B,$0.13B,52.29%,$33,$0,$33,$0,$17,$18,$15,$1,$15,$6,$10,$10,$10,$15,$15,$3,3,$2.85,$2.84,$71,$0,$0,$89,$4,$58,$0,$3,$75,$164,$17,$0,$13,$18,$36,$110,$41,$0,$129,$164,$19,$0,$-3,$-2,$2,$0,$0,$-4,$1,$18,$-0,$0,$0,$0,$0,$0,$0,$0,$0,$0,$0,$0,$0,$0,$-4,$-4,$13,$4,$0
10,2016-03-31,166.88,$34.32,4.86,$37.21,4.49,$28.91,5.77,$10.88,15.34,$0.07B,$0.01B,7.06,$0.00B,$0.12B,0.0,$0.12B,$0.12B,100.00%,$0.12B,$0.06B,47.58%,$0.12B,$0.06B,47.58%,$0.12B,$0.06B,47.58%,$0.12B,$0.06B,46.77%,$0.12B,$0.04B,29.84%,$0.04B,$0.12B,34.50%,$0.04B,$0.12B,34.50%,$0.04B,$0.14B,26.29%,$0.06B,$0.12B,55.01%,$30,$0,$30,$0,$16,$17,$14,$1,$14,$5,$9,$9,$9,$14,$14,$3,3,$2.73,$2.73,$49,$0,$0,$68,$4,$56,$0,$6,$75,$143,$10,$0,$13,$17,$26,$107,$31,$0,$117,$143,$9,$0,$-4,$-4,$2,$0,$0,$-12,$-9,$-4,$-0,$0,$-6,$0,$7,$7,$0,$0,$0,$0,$0,$0,$0,$0,$-4,$-4,$-8,$2,$0
11,2015-12-31,177.83,$30.85,5.76,$37.13,4.79,$30.60,5.81,$11.04,16.11,$0.08B,$0.03B,2.63,$0.00B,$0.11B,0.0,$0.12B,$0.12B,100.00%,$0.12B,$0.06B,47.15%,$0.12B,$0.06B,47.15%,$0.12B,$0.06B,47.15%,$0.12B,$0.06B,47.97%,$0.12B,$0.04B,30.89%,$0.04B,$0.11B,38.00%,$0.04B,$0.11B,38.00%,$0.04B,$0.15B,28.68%,$0.06B,$0.11B,58.00%,$32,$0,$32,$0,$14,$15,$17,$1,$18,$7,$12,$12,$12,$17,$17,$3,3,$3.52,$3.42,$57,$0,$0,$78,$4,$52,$0,$1,$67,$145,$30,$0,$10,$10,$40,$103,$22,$0,$105,$145,$37,$1,$4,$5,$-2,$0,$0,$12,$10,$52,$-2,$0,$-22,$0,$12,$12,$0,$-12,$0,$0,$0,$0,$0,$-17,$-1,$-18,$22,$9,$-17
12,2015-09-30,171.2,$34.89,4.91,$36.23,4.73,$28.16,6.08,$11.42,14.99,$0.08B,$0.03B,2.74,$0.00B,$0.11B,0.0,$0.12B,$0.12B,100.00%,$0.12B,$0.06B,49.58%,$0.12B,$0.06B,49.58%,$0.12B,$0.06B,49.58%,$0.12B,$0.06B,51.26%,$0.12B,$0.04B,32.77%,$0.04B,$0.11B,42.28%,$0.04B,$0.11B,42.28%,$0.04B,$0.15B,31.64%,$0.06B,$0.11B,63.96%,$31,$0,$31,$0,$16,$17,$14,$-4,$11,$4,$7,$7,$7,$14,$14,$3,3,$2.04,$1.99,$58,$0,$0,$77,$4,$53,$0,$5,$69,$146,$28,$0,$10,$10,$38,$100,$27,$0,$108,$146,$25,$0,$5,$6,$-0,$0,$0,$10,$5,$36,$-1,$0,$0,$0,$-10,$-10,$0,$-12,$0,$0,$0,$0,$0,$0,$-2,$-2,$22,$6,$0
13,2015-06-30,183.74,$29.24,6.28,$35.30,5.2,$25.48,7.21,$11.37,16.16,$0.06B,$0.02B,3.27,$0.00B,$0.10B,0.0,$0.12B,$0.12B,100.00%,$0.12B,$0.06B,48.70%,$0.12B,$0.06B,48.70%,$0.12B,$0.06B,48.70%,$0.12B,$0.06B,52.17%,$0.12B,$0.04B,33.04%,$0.04B,$0.10B,45.51%,$0.04B,$0.10B,45.51%,$0.04B,$0.13B,33.78%,$0.06B,$0.10B,67.07%,$31,$0,$31,$0,$16,$17,$14,$0,$15,$5,$9,$9,$9,$14,$14,$3,3,$2.79,$2.73,$43,$0,$0,$63,$4,$53,$0,$2,$66,$129,$19,$0,$10,$10,$29,$98,$21,$0,$99,$129,$19,$0,$-0,$0,$-2,$0,$0,$1,$-2,$17,$-1,$0,$0,$0,$-8,$-8,$0,$-8,$0,$0,$0,$0,$0,$0,$-2,$-2,$7,$4,$0
14,2015-03-31,147.24,$26.04,5.66,$33.77,4.36,$23.54,6.25,$10.76,13.68,$0.05B,$0.01B,4.08,$0.00B,$0.09B,0.0,$0.11B,$0.11B,100.00%,$0.11B,$0.05B,47.71%,$0.11B,$0.05B,47.71%,$0.11B,$0.05B,47.71%,$0.11B,$0.06B,51.38%,$0.11B,$0.04B,33.03%,$0.04B,$0.09B,48.00%,$0.04B,$0.09B,48.00%,$0.04B,$0.11B,35.29%,$0.05B,$0.09B,69.33%,$29,$0,$29,$0,$15,$16,$13,$1,$15,$5,$10,$10,$10,$13,$13,$3,3,$2.96,$2.89,$31,$0,$0,$50,$4,$50,$0,$1,$60,$110,$12,$0,$10,$10,$22,$95,$12,$0,$88,$110,$10,$0,$-1,$-1,$-0,$0,$0,$-6,$-7,$2,$-1,$0,$0,$0,$-4,$-4,$0,$-5,$0,$0,$0,$0,$0,$0,$-2,$-2,$-4,$2,$0
15,2014-12-31,127.03,$22.40,5.67,$32.05,3.96,$21.09,6.02,$9.65,13.16,$0.05B,$0.03B,1.96,$0.00B,$0.07B,0.0,$0.10B,$0.10B,100.00%,$0.10B,$0.05B,46.60%,$0.10B,$0.05B,46.60%,$0.10B,$0.05B,46.60%,$0.10B,$0.05B,48.54%,$0.10B,$0.03B,31.07%,$0.03B,$0.07B,47.76%,$0.03B,$0.07B,47.76%,$0.03B,$0.11B,34.69%,$0.05B,$0.07B,71.64%,$28,$0,$28,$0,$9,$10,$18,$2,$20,$8,$13,$13,$13,$18,$18,$3,3,$3.91,$3.83,$36,$0,$0,$54,$2,$45,$0,$0,$54,$108,$28,$0,$6,$6,$33,$85,$2,$0,$74,$108,$32,$0,$7,$8,$-4,$0,$0,$10,$4,$43,$-2,$0,$0,$0,$-25,$-25,$0,$-27,$0,$0,$0,$0,$0,$-13,$-0,$-13,$3,$7,$-13
16,2014-09-30,109.99,$22.06,4.99,$30.32,3.63,$19.16,5.74,$7.94,13.85,$0.06B,$0.03B,2.38,$0.00B,$0.07B,0.0,$0.10B,$0.10B,100.00%,$0.10B,$0.04B,40.21%,$0.10B,$0.04B,40.21%,$0.10B,$0.04B,41.24%,$0.10B,$0.04B,42.27%,$0.10B,$0.03B,26.80%,$0.03B,$0.07B,43.51%,$0.03B,$0.07B,43.51%,$0.03B,$0.10B,30.95%,$0.04B,$0.07B,65.27%,$27,$0,$27,$0,$16,$16,$11,$-1,$10,$4,$6,$6,$6,$11,$11,$3,3,$1.98,$1.94,$42,$0,$0,$60,$1,$35,$0,$2,$44,$103,$25,$0,$5,$5,$30,$82,$3,$0,$73,$103,$19,$0,$7,$7,$-2,$0,$0,$9,$-1,$25,$-1,$0,$0,$0,$-15,$-15,$0,$-16,$0,$0,$0,$0,$0,$0,$-0,$-0,$9,$6,$0
17,2014-06-30,114.16,$19.61,5.82,$28.43,4.02,$18.18,6.28,$7.67,14.88,$0.04B,$0.02B,2.51,$0.00B,$0.07B,0.0,$0.09B,$0.09B,100.00%,$0.09B,$0.04B,38.46%,$0.09B,$0.04B,38.46%,$0.09B,$0.04B,40.66%,$0.09B,$0.04B,42.86%,$0.09B,$0.03B,27.47%,$0.03B,$0.07B,47.17%,$0.03B,$0.07B,47.17%,$0.03B,$0.09B,33.44%,$0.04B,$0.07B,66.04%,$25,$0,$25,$0,$15,$16,$10,$1,$11,$4,$7,$7,$7,$10,$10,$3,3,$2.17,$2.12,$27,$0,$0,$43,$1,$36,$0,$2,$44,$87,$17,$0,$5,$5,$23,$81,$-4,$0,$65,$87,$13,$0,$4,$4,$-1,$0,$0,$2,$-7,$10,$-0,$0,$0,$0,$-15,$-15,$0,$-15,$0,$0,$0,$0,$0,$0,$-0,$-0,$-6,$4,$0
18,2014-03-31,117.49,$17.06,6.89,$26.78,4.39,$17.42,6.74,$7.00,16.78,$0.03B,$0.01B,2.81,$0.00B,$0.06B,0.0,$0.09B,$0.09B,100.00%,$0.09B,$0.03B,37.21%,$0.09B,$0.03B,37.21%,$0.09B,$0.03B,39.53%,$0.09B,$0.04B,41.86%,$0.09B,$0.02B,26.74%,$0.02B,$0.06B,49.46%,$0.02B,$0.06B,49.46%,$0.02B,$0.07B,34.72%,$0.03B,$0.06B,68.82%,$23,$0,$23,$0,$14,$15,$9,$1,$9,$3,$6,$6,$6,$9,$9,$3,3,$1.82,$1.78,$11,$0,$0,$26,$1,$35,$0,$3,$45,$71,$9,$0,$5,$5,$14,$79,$-11,$0,$56,$71,$6,$0,$4,$4,$-0,$0,$0,$-7,$-16,$-6,$-0,$0,$0,$0,$-15,$-15,$0,$-15,$0,$0,$0,$0,$0,$0,$-0,$-0,$-22,$2,$0
19,2013-12-31,105.78,$13.79,7.67,$25.35,4.17,$18.62,5.68,$6.89,15.35,$0.05B,$0.03B,1.63,$0.00B,$0.05B,0.0,$0.08B,$0.08B,100.00%,$0.08B,$0.03B,37.04%,$0.08B,$0.03B,37.04%,$0.08B,$0.03B,39.51%,$0.08B,$0.04B,43.21%,$0.08B,$0.02B,27.16%,$0.02B,$0.05B,53.99%,$0.02B,$0.05B,53.99%,$0.02B,$0.08B,37.45%,$0.03B,$0.05B,73.62%,$22,$0,$22,$0,$12,$13,$9,$1,$11,$4,$7,$7,$7,$10,$9,$3,3,$2.23,$2.15,$33,$0,$0,$48,$1,$19,$0,$0,$28,$75,$29,$0,$1,$1,$30,$73,$-16,$0,$45,$75,$22,$0,$-3,$-3,$-3,$0,$0,$10,$15,$35,$-1,$0,$0,$0,$2,$2,$0,$2,$0,$0,$0,$0,$0,$-10,$-1,$-11,$25,$7,$-10
20,2013-09-30,93.3,$14.01,6.66,$23.83,3.91,$15.78,5.91,$6.32,14.76,$0.04B,$0.02B,2.0,$0.00B,$0.05B,0.0,$0.08B,$0.08B,100.00%,$0.08B,$0.03B,36.84%,$0.08B,$0.03B,36.84%,$0.08B,$0.03B,38.16%,$0.08B,$0.03B,40.79%,$0.08B,$0.02B,26.32%,$0.02B,$0.05B,57.14%,$0.02B,$0.05B,57.14%,$0.02B,$0.07B,39.80%,$0.03B,$0.05B,80.00%,$21,$0,$21,$0,$13,$13,$7,$1,$8,$3,$5,$5,$5,$8,$7,$3,3,$1.70,$1.67,$26,$0,$0,$39,$1,$22,$0,$1,$27,$66,$20,$0,$1,$1,$20,$73,$-13,$0,$46,$66,$15,$0,$0,$0,$-1,$0,$0,$5,$6,$21,$-0,$0,$0,$0,$-2,$-2,$0,$-2,$0,$0,$0,$0,$0,$0,$-1,$-1,$19,$5,$0
21,2013-06-30,74.66,$12.06,6.19,$22.69,3.29,$13.95,5.35,$5.97,12.51,$0.03B,$0.01B,2.0,$0.00B,$0.04B,0.0,$0.07B,$0.07B,100.00%,$0.07B,$0.03B,37.50%,$0.07B,$0.03B,37.50%,$0.07B,$0.03B,37.50%,$0.07B,$0.03B,41.67%,$0.07B,$0.02B,26.39%,$0.02B,$0.04B,56.30%,$0.02B,$0.04B,56.30%,$0.02B,$0.05B,39.79%,$0.03B,$0.04B,80.00%,$20,$0,$20,$0,$12,$13,$7,$1,$8,$3,$5,$5,$5,$7,$7,$3,3,$1.45,$1.45,$13,$0,$0,$25,$1,$21,$0,$2,$28,$53,$13,$0,$1,$1,$14,$72,$-19,$0,$39,$53,$10,$0,$-1,$-1,$-1,$0,$0,$-1,$-2,$7,$-0,$0,$0,$0,$-2,$-2,$0,$-2,$0,$0,$0,$0,$0,$0,$-0,$-0,$5,$3,$0
22,2013-03-31,67.88,$10.23,6.64,$21.78,3.12,$13.79,4.92,$5.59,12.14,$0.02B,$0.01B,2.54,$0.00B,$0.03B,0.0,$0.07B,$0.07B,100.00%,$0.07B,$0.03B,38.24%,$0.07B,$0.03B,38.24%,$0.07B,$0.03B,38.24%,$0.07B,$0.03B,39.71%,$0.07B,$0.02B,25.00%,$0.02B,$0.03B,52.31%,$0.02B,$0.03B,52.31%,$0.02B,$0.04B,37.16%,$0.03B,$0.03B,80.00%,$18,$0,$18,$0,$11,$12,$7,$2,$8,$3,$5,$5,$5,$7,$7,$3,3,$1.67,$1.67,$5,$0,$0,$18,$1,$18,$0,$2,$23,$41,$7,$0,$1,$1,$8,$71,$-23,$0,$33,$41,$5,$0,$-0,$-0,$-1,$0,$0,$-7,$-7,$-2,$-0,$0,$0,$0,$0,$0,$0,$-0,$0,$0,$0,$0,$0,$0,$0,$0,$-2,$1,$0
23,2012-12-31,59.2,$6.86,8.63,$21.51,2.75,$13.64,4.34,$5.44,10.88,$0.02B,$0.02B,1.03,$0.00B,$0.02B,0.0,$0.07B,$0.07B,100.00%,$0.07B,$0.03B,37.31%,$0.07B,$0.03B,37.31%,$0.07B,$0.03B,37.31%,$0.07B,$0.03B,38.81%,$0.07B,$0.02B,25.37%,$0.02B,$0.02B,53.97%,$0.02B,$0.02B,53.97%,$0.02B,$0.04B,38.20%,$0.03B,$0.02B,79.37%,$17,$0,$17,$0,$11,$10,$7,$0,$7,$2,$5,$5,$5,$7,$7,$3,3,$1.53,$1.53,$8,$0,$0,$19,$1,$17,$0,$2,$22,$41,$19,$0,$1,$1,$20,$65,$-29,$0,$22,$41,$17,$0,$2,$3,$-0,$0,$0,$5,$5,$25,$-0,$0,$0,$0,$-7,$-7,$0,$-7,$0,$0,$0,$0,$0,$-25,$1,$-25,$-7,$6,$-25
24,2012-09-30,60.28,$12.94,4.66,$21.20,2.84,$13.43,4.49,$5.40,11.16,$0.04B,$0.02B,2.33,$0.00B,$0.04B,0.0,$0.07B,$0.07B,100.00%,$0.07B,$0.02B,36.92%,$0.07B,$0.02B,36.92%,$0.07B,$0.02B,36.92%,$0.07B,$0.03B,40.00%,$0.07B,$0.02B,24.62%,$0.02B,$0.04B,52.46%,$0.02B,$0.04B,52.46%,$0.02B,$0.06B,36.57%,$0.02B,$0.04B,78.69%,$17,$0,$17,$0,$10,$11,$6,$1,$7,$2,$4,$4,$4,$6,$6,$3,3,$1.32,$1.32,$24,$0,$0,$36,$1,$16,$0,$1,$21,$56,$15,$0,$0,$0,$15,$64,$-8,$0,$41,$56,$12,$0,$2,$2,$-0,$0,$0,$1,$1,$15,$-0,$0,$0,$0,$-6,$-6,$0,$-6,$0,$0,$0,$0,$0,$0,$-0,$-0,$9,$4,$0
25,2012-06-30,61.54,$10.74,5.73,$20.97,2.93,$14.09,4.37,$4.92,12.51,$0.03B,$0.01B,2.39,$0.00B,$0.03B,0.0,$0.06B,$0.06B,100.00%,$0.06B,$0.02B,36.51%,$0.06B,$0.02B,36.51%,$0.06B,$0.02B,38.10%,$0.06B,$0.02B,36.51%,$0.06B,$0.02B,23.81%,$0.02B,$0.03B,55.56%,$0.02B,$0.03B,55.56%,$0.02B,$0.05B,36.59%,$0.02B,$0.03B,85.19%,$16,$0,$16,$0,$10,$10,$6,$-0,$5,$2,$3,$3,$3,$6,$6,$3,3,$1.07,$1.07,$15,$0,$0,$25,$1,$15,$0,$1,$19,$45,$11,$0,$0,$0,$11,$62,$-12,$0,$34,$45,$8,$0,$2,$2,$0,$0,$0,$-4,$-3,$6,$-0,$0,$0,$0,$-6,$-6,$0,$-6,$0,$0,$0,$0,$0,$0,$-0,$-0,$-0,$3,$0
26,2012-03-31,57.89,$9.42,6.14,$21.43,2.7,$14.31,4.04,$5.11,11.33,$0.02B,$0.01B,3.19,$0.00B,$0.03B,0.0,$0.06B,$0.06B,100.00%,$0.06B,$0.02B,35.94%,$0.06B,$0.02B,35.94%,$0.06B,$0.02B,37.50%,$0.06B,$0.02B,37.50%,$0.06B,$0.02B,25.00%,$0.02B,$0.03B,64.65%,$0.02B,$0.03B,64.65%,$0.02B,$0.04B,41.03%,$0.02B,$0.03B,92.93%,$17,$0,$17,$0,$10,$11,$6,$1,$7,$3,$5,$5,$5,$6,$6,$3,3,$1.52,$1.52,$10,$0,$0,$22,$1,$12,$0,$0,$14,$36,$7,$0,$0,$0,$7,$58,$-16,$0,$29,$36,$5,$0,$0,$0,$-1,$0,$-1,$-7,$-8,$-3,$-0,$0,$0,$0,$-2,$-2,$0,$-2,$0,$0,$0,$0,$0,$0,$-0,$-0,$-6,$1,$0
27,2011-12-31,58.15,$6.03,9.65,$21.75,2.67,$14.47,4.02,$4.87,11.94,$0.03B,$0.02B,1.35,$0.00B,$0.02B,0.0,$0.06B,$0.06B,100.00%,$0.06B,$0.02B,34.92%,$0.06B,$0.02B,34.92%,$0.06B,$0.02B,38.10%,$0.06B,$0.02B,36.51%,$0.06B,$0.02B,23.81%,$0.02B,$0.02B,66.67%,$0.02B,$0.02B,66.67%,$0.02B,$0.04B,40.54%,$0.02B,$0.02B,97.78%,$15,$0,$15,$0,$8,$9,$6,$1,$7,$3,$4,$4,$4,$6,$6,$3,3,$1.48,$1.48,$15,$0,$0,$26,$1,$8,$0,$0,$11,$38,$20,$0,$0,$0,$20,$50,$-20,$0,$18,$38,$14,$0,$4,$4,$-2,$0,$0,$7,$4,$23,$-0,$0,$0,$0,$3,$3,$0,$3,$0,$0,$0,$-1,$-1,$-15,$-0,$-16,$9,$5,$-15
28,2011-09-30,50.91,$9.17,5.55,$22.19,2.29,$16.22,3.14,$4.98,10.22,$0.03B,$0.02B,1.86,$0.00B,$0.03B,0.0,$0.06B,$0.06B,100.00%,$0.06B,$0.02B,34.38%,$0.06B,$0.02B,34.38%,$0.06B,$0.02B,37.50%,$0.06B,$0.02B,35.94%,$0.06B,$0.02B,23.44%,$0.02B,$0.03B,75.95%,$0.02B,$0.03B,75.95%,$0.02B,$0.05B,43.17%,$0.02B,$0.03B,111.39%,$15,$0,$15,$0,$9,$10,$5,$-1,$4,$2,$3,$3,$3,$6,$5,$3,3,$0.84,$0.84,$23,$0,$0,$32,$1,$9,$0,$0,$13,$45,$17,$0,$0,$0,$17,$50,$-10,$0,$27,$45,$10,$0,$3,$3,$0,$0,$0,$3,$4,$16,$-0,$0,$0,$0,$1,$1,$0,$1,$0,$0,$0,$-0,$-0,$0,$-0,$-0,$17,$3,$0
29,2011-06-30,59.65,$8.25,7.23,$22.13,2.7,$16.04,3.72,$5.38,11.09,$0.03B,$0.01B,1.95,$0.00B,$0.03B,0.0,$0.06B,$0.06B,100.00%,$0.06B,$0.02B,33.33%,$0.06B,$0.02B,33.33%,$0.06B,$0.02B,34.92%,$0.06B,$0.02B,38.10%,$0.06B,$0.02B,23.81%,$0.02B,$0.03B,111.11%,$0.02B,$0.03B,111.11%,$0.02B,$0.04B,40.54%,$0.02B,$0.03B,155.56%,$17,$0,$17,$0,$10,$11,$6,$0,$6,$2,$4,$4,$4,$6,$6,$3,3,$1.26,$1.26,$14,$0,$0,$25,$1,$11,$0,$0,$13,$37,$13,$0,$0,$0,$13,$50,$-12,$0,$25,$37,$7,$0,$1,$1,$-1,$0,$0,$-1,$-2,$7,$-0,$0,$0,$0,$1,$1,$0,$1,$0,$0,$0,$0,$0,$0,$-0,$0,$8,$2,$0
30,2011-03-31,58.7,$6.74,8.71,$21.41,2.74,$16.24,3.61,$4.78,12.28,$0.02B,$0.01B,1.88,$0.00B,$0.02B,0.0,$0.06B,$0.06B,100.00%,$0.06B,$0.02B,31.67%,$0.06B,$0.02B,31.67%,$0.06B,$0.02B,33.33%,$0.06B,$0.02B,35.00%,$0.06B,$0.01B,21.67%,$0.01B,$0.02B,82.54%,$0.01B,$0.02B,82.54%,$0.01B,$0.03B,33.33%,$0.02B,$0.02B,120.63%,$16,$0,$16,$0,$10,$11,$5,$0,$6,$2,$4,$4,$4,$6,$5,$3,3,$1.28,$1.28,$5,$0,$0,$16,$1,$10,$0,$0,$12,$28,$8,$0,$0,$0,$8,$42,$-16,$0,$20,$28,$4,$0,$0,$0,$-1,$0,$0,$-5,$-6,$-2,$-0,$0,$0,$0,$1,$1,$0,$1,$0,$0,$0,$0,$0,$0,$-0,$0,$-1,$1,$0
31,2010-12-31,53.08,$2.68,19.79,$20.54,2.58,$16.72,3.18,$4.48,11.85,$0.02B,$0.02B,0.72,$0.00B,$0.01B,0.0,$0.06B,$0.06B,100.00%,$0.06B,$0.02B,31.58%,$0.06B,$0.02B,31.58%,$0.06B,$0.02B,33.33%,$0.06B,$0.02B,33.33%,$0.06B,$0.01B,21.05%,$0.01B,$0.01B,64.00%,$0.01B,$0.01B,64.00%,$0.01B,$0.03B,28.92%,$0.02B,$0.01B,96.00%,$16,$0,$16,$0,$9,$9,$6,$1,$7,$3,$4,$4,$4,$6,$6,$3,3,$1.60,$1.60,$6,$0,$0,$15,$1,$12,$0,$0,$13,$29,$21,$0,$0,$0,$21,$34,$-20,$0,$7,$29,$12,$0,$3,$4,$1,$0,$0,$9,$10,$26,$-0,$0,$0,$0,$5,$5,$0,$5,$0,$0,$0,$0,$0,$-36,$-0,$-36,$-6,$3,$-36
32,2010-09-30,45.39,$0.82,55.17,$20.23,2.24,$13.69,3.32,$4.22,10.76,$0.04B,$0.05B,0.74,$0.00B,$0.00B,0.0,$0.06B,$0.06B,100.00%,$0.06B,$0.02B,30.91%,$0.06B,$0.02B,30.91%,$0.06B,$0.02B,29.09%,$0.06B,$0.02B,30.91%,$0.06B,$0.01B,21.82%,$0.01B,$0.00B,52.75%,$0.01B,$0.00B,52.75%,$0.01B,$0.05B,26.97%,$0.02B,$0.00B,74.73%,$14,$0,$14,$0,$9,$10,$4,$1,$5,$2,$3,$3,$3,$4,$4,$3,3,$1.24,$1.24,$29,$0,$0,$38,$1,$14,$0,$0,$16,$54,$52,$0,$0,$0,$52,$34,$-24,$0,$2,$54,$8,$0,$2,$2,$2,$0,$0,$2,$4,$15,$-0,$0,$0,$0,$2,$2,$0,$2,$0,$0,$0,$1,$1,$0,$-0,$1,$17,$2,$0
33,2010-06-30,35.25,$12.36,2.85,$19.53,1.8,$12.41,2.84,$4.21,8.37,$0.03B,$0.01B,2.53,$0.00B,$0.03B,0.0,$0.05B,$0.05B,100.00%,$0.05B,$0.02B,30.77%,$0.05B,$0.02B,30.77%,$0.05B,$0.02B,28.85%,$0.05B,$0.02B,32.69%,$0.05B,$0.01B,23.08%,$0.01B,$0.03B,35.82%,$0.01B,$0.03B,35.82%,$0.01B,$0.05B,26.52%,$0.02B,$0.03B,47.76%,$14,$0,$14,$0,$9,$10,$4,$-1,$3,$1,$2,$2,$2,$4,$4,$3,3,$0.66,$0.66,$19,$0,$0,$27,$1,$15,$0,$0,$18,$45,$11,$0,$0,$0,$11,$33,$9,$0,$34,$45,$5,$0,$2,$2,$2,$0,$0,$-2,$1,$7,$-0,$0,$0,$0,$0,$0,$0,$-0,$0,$0,$0,$0,$0,$0,$-0,$0,$7,$1,$0
34,2010-03-31,42.65,$11.45,3.73,$18.26,2.34,$11.64,3.66,$5.21,8.19,$0.02B,$0.01B,3.09,$0.00B,$0.03B,0.0,$0.05B,$0.05B,100.00%,$0.05B,$0.02B,31.25%,$0.05B,$0.02B,31.25%,$0.05B,$0.01B,29.17%,$0.05B,$0.02B,43.75%,$0.05B,$0.01B,29.17%,$0.01B,$0.03B,39.72%,$0.01B,$0.03B,39.72%,$0.01B,$0.04B,30.60%,$0.02B,$0.03B,42.55%,$13,$0,$13,$0,$9,$9,$4,$0,$4,$2,$3,$3,$3,$5,$4,$3,3,$0.98,$0.98,$11,$0,$0,$20,$1,$17,$0,$0,$18,$38,$6,$0,$0,$0,$6,$32,$7,$0,$32,$38,$3,$1,$-0,$1,$2,$0,$0,$-6,$-4,$-1,$-0,$0,$0,$0,$0,$0,$0,$-0,$0,$0,$0,$0,$0,$0,$0,$0,$-1,$0,$0
35,2009-12-31,39.94,$8.58,4.65,$16.87,2.37,$11.93,3.35,$4.37,9.14,$0.02B,$0.02B,1.28,$0.00B,$0.02B,0.0,$0.04B,$0.04B,100.00%,$0.04B,$0.01B,29.55%,$0.04B,$0.01B,29.55%,$0.04B,$0.01B,27.27%,$0.04B,$0.02B,40.91%,$0.04B,$0.01B,25.00%,$0.01B,$0.02B,30.34%,$0.01B,$0.02B,30.34%,$0.01B,$0.04B,23.91%,$0.01B,$0.02B,35.86%,$14,$0,$14,$0,$8,$9,$5,$1,$5,$2,$4,$4,$4,$3,$5,$3,3,$1.37,$1.37,$12,$0,$0,$22,$1,$16,$0,$0,$18,$41,$18,$0,$0,$0,$18,$27,$4,$0,$23,$41,$11,$0,$-1,$-0,$-5,$0,$0,$11,$6,$17,$-1,$0,$0,$0,$5,$5,$0,$4,$0,$0,$0,$1,$1,$-26,$-0,$-25,$-4,$2,$-26
36,2009-09-30,30.91,$17.27,1.79,$15.88,1.95,$12.67,2.44,$2.33,13.27,$0.04B,$0.01B,2.96,$0.00B,$0.05B,0.0,$0.04B,$0.04B,100.00%,$0.04B,$0.01B,25.00%,$0.04B,$0.01B,25.00%,$0.04B,$0.01B,32.50%,$0.04B,$0.01B,27.50%,$0.04B,$0.01B,12.50%,$0.01B,$0.05B,13.16%,$0.01B,$0.05B,13.16%,$0.01B,$0.06B,10.64%,$0.01B,$0.05B,26.32%,$11,$0,$11,$0,$8,$9,$3,$2,$5,$2,$3,$3,$3,$3,$3,$3,3,$1.23,$1.23,$27,$0,$0,$36,$1,$19,$0,$0,$22,$57,$12,$0,$0,$0,$12,$23,$27,$0,$45,$57,$8,$1,$-1,$0,$-2,$0,$0,$5,$3,$11,$-1,$0,$0,$0,$1,$1,$0,$-0,$0,$0,$0,$1,$1,$0,$-0,$1,$11,$0,$0
37,2009-06-30,21.42,$15.88,1.35,$16.98,1.26,$14.26,1.5,$1.60,13.39,$0.02B,$0.01B,3.75,$0.00B,$0.04B,0.0,$0.04B,$0.04B,100.00%,$0.04B,$0.01B,26.19%,$0.04B,$0.01B,26.19%,$0.04B,$0.02B,35.71%,$0.04B,$0.01B,19.05%,$0.04B,$0.00B,7.14%,$0.00B,$0.04B,7.36%,$0.00B,$0.04B,7.36%,$0.00B,$0.05B,6.03%,$0.01B,$0.04B,26.99%,$10,$0,$10,$0,$6,$7,$3,$4,$7,$2,$4,$4,$4,$3,$3,$3,3,$1.66,$1.66,$16,$0,$0,$22,$1,$22,$0,$0,$25,$47,$6,$0,$0,$0,$6,$22,$24,$0,$41,$47,$5,$1,$0,$1,$-0,$0,$0,$-1,$-1,$5,$-0,$0,$0,$0,$-4,$-4,$0,$-5,$0,$0,$0,$0,$0,$0,$-0,$0,$0,$0,$0
38,2009-03-31,20.96,$14.01,1.5,$18.36,1.14,$15.32,1.37,$0.67,31.29,$0.02B,$0.00B,5.68,$0.00B,$0.04B,0.0,$0.04B,$0.04B,100.00%,$0.04B,$0.01B,27.27%,$0.04B,$0.01B,27.27%,$0.04B,$0.02B,38.64%,$0.04B,$0.00B,9.09%,$0.04B,$0.00B,2.27%,$0.00B,$0.04B,2.29%,$0.00B,$0.04B,2.29%,$0.00B,$0.04B,1.88%,$0.01B,$0.04B,27.43%,$9,$0,$9,$0,$6,$7,$2,$-2,$1,$0,$0,$0,$0,$3,$2,$3,3,$0.14,$0.14,$11,$0,$0,$16,$1,$18,$0,$1,$23,$39,$3,$0,$0,$0,$3,$22,$19,$0,$36,$39,$0,$1,$3,$4,$1,$0,$0,$-5,$-4,$0,$-0,$0,$0,$0,$-5,$-5,$0,$-6,$0,$0,$0,$0,$0,$0,$-0,$0,$-5,$0,$0
39,2008-12-31,34.66,$12.36,2.8,$19.33,1.79,$15.61,2.22,$1.35,25.67,$0.02B,$0.01B,1.55,$0.00B,$0.03B,0.0,$0.05B,$0.05B,100.00%,$0.05B,$0.01B,30.43%,$0.05B,$0.01B,30.43%,$0.05B,$0.02B,39.13%,$0.05B,$0.01B,13.04%,$0.05B,$0.00B,6.52%,$0.00B,$0.03B,6.38%,$0.00B,$0.03B,6.38%,$0.00B,$0.05B,5.26%,$0.01B,$0.03B,29.79%,$10,$0,$10,$0,$8,$8,$2,$-4,$-2,$-1,$-2,$-2,$-2,$4,$2,$2,2,$-0.74,$-0.69,$16,$0,$0,$22,$1,$17,$0,$2,$22,$45,$14,$0,$0,$0,$14,$16,$19,$0,$30,$45,$3,$5,$1,$5,$0,$0,$0,$8,$9,$17,$-0,$0,$0,$0,$14,$14,$0,$13,$0,$0,$0,$1,$1,$-24,$-3,$-27,$4,$0,$-24
40,2008-09-30,41.86,$22.54,1.86,$19.83,2.11,$12.85,3.26,$3.28,12.76,$0.04B,$0.01B,3.0,$0.00B,$0.06B,0.0,$0.05B,$0.05B,100.00%,$0.05B,$0.02B,34.04%,$0.05B,$0.02B,34.04%,$0.05B,$0.02B,40.43%,$0.05B,$0.01B,25.53%,$0.05B,$0.01B,17.02%,$0.01B,$0.06B,16.24%,$0.01B,$0.06B,16.24%,$0.01B,$0.07B,13.56%,$0.02B,$0.06B,32.49%,$13,$0,$13,$0,$8,$9,$4,$-2,$2,$1,$1,$1,$1,$5,$4,$2,2,$0.50,$0.50,$29,$0,$0,$38,$1,$27,$0,$0,$30,$68,$13,$0,$0,$0,$13,$41,$21,$0,$56,$68,$5,$2,$1,$3,$-2,$0,$0,$7,$5,$14,$-0,$0,$0,$0,$3,$3,$0,$3,$0,$0,$0,$0,$0,$0,$-0,$0,$17,$0,$0
41,2008-06-30,38.87,$21.89,1.78,$18.98,2.05,$8.80,4.42,$3.92,9.92,$0.02B,$0.01B,2.82,$0.00B,$0.05B,0.0,$0.05B,$0.05B,100.00%,$0.05B,$0.02B,35.56%,$0.05B,$0.02B,35.56%,$0.05B,$0.02B,40.00%,$0.05B,$0.01B,31.11%,$0.05B,$0.01B,22.22%,$0.01B,$0.05B,22.86%,$0.01B,$0.05B,22.86%,$0.01B,$0.06B,18.78%,$0.02B,$0.05B,36.57%,$12,$0,$12,$0,$7,$8,$4,$-1,$3,$1,$2,$2,$2,$5,$4,$2,2,$0.75,$0.73,$15,$0,$0,$24,$1,$36,$0,$0,$37,$61,$8,$0,$0,$0,$8,$40,$19,$0,$53,$61,$4,$1,$5,$6,$-1,$0,$0,$-1,$-3,$7,$-0,$0,$0,$0,$-4,$-4,$0,$-4,$0,$0,$0,$1,$1,$0,$-0,$1,$3,$0,$0
42,2008-03-31,35.62,$20.58,1.73,$18.41,1.93,$5.89,6.04,$4.24,8.4,$0.02B,$0.01B,3.73,$0.00B,$0.05B,0.0,$0.04B,$0.04B,100.00%,$0.04B,$0.02B,34.88%,$0.04B,$0.02B,34.88%,$0.04B,$0.02B,39.53%,$0.04B,$0.02B,34.88%,$0.04B,$0.01B,23.26%,$0.01B,$0.05B,26.49%,$0.01B,$0.05B,26.49%,$0.01B,$0.05B,21.16%,$0.02B,$0.05B,39.74%,$11,$0,$11,$0,$7,$7,$4,$-0,$3,$1,$2,$2,$2,$4,$4,$2,2,$0.85,$0.82,$12,$0,$0,$20,$1,$34,$0,$0,$34,$54,$5,$0,$0,$0,$5,$36,$18,$0,$49,$54,$2,$1,$2,$3,$-1,$0,$0,$-3,$-4,$1,$-0,$0,$0,$0,$-0,$-0,$0,$-1,$0,$0,$0,$0,$0,$0,$-0,$0,$1,$0,$0
43,2007-12-31,34.03,$17.52,1.94,$18.18,1.87,$5.11,6.66,$4.33,7.86,$0.02B,$0.01B,1.39,$0.00B,$0.04B,0.0,$0.04B,$0.04B,100.00%,$0.04B,$0.01B,34.15%,$0.04B,$0.01B,34.15%,$0.04B,$0.02B,39.02%,$0.04B,$0.02B,36.59%,$0.04B,$0.01B,24.39%,$0.01B,$0.04B,31.50%,$0.01B,$0.04B,31.50%,$0.01B,$0.05B,24.24%,$0.01B,$0.04B,44.09%,$11,$0,$11,$0,$6,$7,$4,$0,$4,$1,$3,$3,$3,$5,$4,$2,2,$1.31,$1.29,$12,$0,$0,$19,$1,$34,$0,$0,$35,$53,$13,$0,$0,$1,$14,$28,$16,$0,$39,$53,$10,$2,$-1,$1,$1,$0,$0,$-2,$-0,$10,$-0,$0,$0,$0,$-15,$-15,$0,$-16,$0,$0,$0,$16,$16,$0,$-8,$7,$2,$0,$0
44,2007-09-30,37.71,$15.25,2.47,$19.42,1.94,$8.76,4.3,$4.82,7.82,$0.03B,$0.01B,2.19,$0.00B,$0.03B,0.0,$0.04B,$0.04B,100.00%,$0.04B,$0.01B,32.56%,$0.04B,$0.01B,32.56%,$0.04B,$0.02B,37.21%,$0.04B,$0.02B,39.53%,$0.04B,$0.01B,25.58%,$0.01B,$0.03B,40.74%,$0.01B,$0.03B,40.74%,$0.01B,$0.05B,29.53%,$0.01B,$0.03B,51.85%,$11,$0,$11,$0,$6,$7,$4,$1,$4,$1,$3,$3,$3,$4,$4,$2,2,$1.20,$1.14,$18,$0,$0,$25,$1,$19,$0,$0,$20,$45,$12,$0,$0,$0,$12,$24,$13,$0,$34,$45,$7,$1,$2,$3,$-1,$0,$0,$-5,$-6,$4,$-0,$0,$0,$0,$-0,$-0,$0,$-0,$0,$0,$0,$13,$13,$0,$-8,$5,$8,$0,$0
45,2007-06-30,42.21,$13.31,3.17,$17.78,2.37,$11.67,3.62,$4.29,9.84,$0.02B,$0.01B,2.11,$0.00B,$0.03B,0.0,$0.04B,$0.04B,100.00%,$0.04B,$0.01B,30.77%,$0.04B,$0.01B,30.77%,$0.04B,$0.01B,35.90%,$0.04B,$0.02B,38.46%,$0.04B,$0.01B,23.08%,$0.01B,$0.03B,40.00%,$0.01B,$0.03B,40.00%,$0.01B,$0.04B,28.13%,$0.01B,$0.03B,53.33%,$10,$0,$10,$0,$6,$7,$3,$0,$4,$1,$2,$2,$2,$4,$3,$2,2,$1.12,$1.05,$11,$0,$0,$18,$1,$19,$0,$0,$20,$37,$8,$0,$0,$0,$8,$23,$10,$0,$29,$37,$4,$1,$2,$2,$1,$0,$0,$-8,$-7,$-0,$-0,$0,$0,$0,$-0,$-0,$0,$-0,$0,$0,$0,$10,$10,$0,$-8,$1,$1,$0,$0
46,2007-03-31,45.4,$11.59,3.92,$16.12,2.82,$14.45,3.14,$3.86,11.76,$0.01B,$0.01B,1.96,$0.00B,$0.03B,0.0,$0.04B,$0.04B,100.00%,$0.04B,$0.01B,31.43%,$0.04B,$0.01B,31.43%,$0.04B,$0.01B,34.29%,$0.04B,$0.01B,37.14%,$0.04B,$0.01B,22.86%,$0.01B,$0.03B,42.67%,$0.01B,$0.03B,42.67%,$0.01B,$0.03B,28.83%,$0.01B,$0.03B,58.67%,$9,$0,$9,$0,$5,$6,$3,$-0,$3,$1,$2,$2,$2,$3,$3,$2,2,$0.98,$0.91,$4,$0,$0,$11,$1,$19,$0,$0,$20,$30,$5,$0,$0,$0,$5,$20,$8,$0,$25,$30,$2,$0,$1,$1,$2,$0,$0,$-6,$-4,$-1,$-0,$0,$0,$0,$-0,$-0,$0,$-0,$0,$0,$0,$3,$3,$0,$-8,$-4,$-6,$0,$0
47,2006-12-31,38.98,$11.14,3.5,$14.43,2.7,$15.83,2.46,$3.53,11.04,$0.02B,$0.02B,1.19,$0.00B,$0.02B,0.0,$0.03B,$0.03B,100.00%,$0.03B,$0.01B,28.13%,$0.03B,$0.01B,28.13%,$0.03B,$0.01B,34.38%,$0.03B,$0.01B,37.50%,$0.03B,$0.01B,21.88%,$0.01B,$0.02B,45.16%,$0.01B,$0.02B,45.16%,$0.01B,$0.04B,29.17%,$0.01B,$0.02B,58.06%,$13,$0,$13,$0,$8,$9,$4,$2,$6,$2,$4,$4,$4,$5,$4,$2,2,$2.27,$1.82,$10,$0,$0,$18,$0,$19,$0,$0,$20,$37,$15,$0,$0,$2,$17,$17,$6,$0,$20,$37,$8,$0,$2,$2,$-5,$0,$0,$13,$8,$18,$-0,$0,$0,$0,$-11,$-11,$0,$-12,$0,$0,$0,$1,$1,$0,$0,$1,$7,$0,$0
