,Date,Stock Price,Book Value per Share,Price to Book Ratio,TTM Sales per Share,Price to Sales Ratio,TTM FCF per Share,Price to FCF Ratio,TTM Net EPS,PE Ratio,Current Assets,Current Liabilities,Current Ratio,Long Term Debt,Shareholder's Equity_x,Debt to Equity Ratio,TTM Revenue_x,TTM Gross Profit,Gross Margin,TTM Revenue_y,TTM Operating Income,Operating Margin,TTM Revenue_x,TTM EBIT,EBIT Margin,TTM Revenue_y,TTM EBITDA,EBITDA Margin,TTM Revenue_x,TTM Pre-Tax Income,Pre-Tax Margin,TTM Revenue_y,TTM Net Income_x,Net Margin,TTM Net Income_y,Shareholder's Equity_y,Return on Equity,TTM Net Income_x,Tangible Equity,Return on Tangible Equity,TTM Net Income_y,Total Assets,Return on Assets,TTM Net Income,LT Investments & Debt,Return on Investment,revenue,cost-goods-sold,gross-profit,research-development-expenses,selling-general-administrative-expenses,operating-expenses,operating-income,total-non-operating-income-expense,pre-tax-income,total-provision-income-taxes,income-after-taxes,income-from-continuous-operations,net-income,ebitda,ebit,basic-shares-outstanding,shares-outstanding,eps-basic-net-earnings-per-share,eps-earnings-per-share-diluted,cash-on-hand,inventory,other-current-assets,total-current-assets,net-property-plant-equipment,long-term-investments,goodwill-intangible-assets-total,other-long-term-assets,total-long-term-assets,total-assets,total-current-liabilities,long-term-debt,other-non-current-liabilities,total-long-term-liabilities,total-liabilities,common-stock-net,retained-earnings-accumulated-deficit,comprehensive-income,total-share-holder-equity,total-liabilities-share-holders-equity,net-income-loss,total-depreciation-amortization-cash-flow,other-non-cash-items,total-non-cash-items,change-in-accounts-receivable,change-in-inventories,change-in-accounts-payable,change-in-assets-liabilities,total-change-in-assets-liabilities,cash-flow-from-operating-activities,net-change-in-property-plant-equipment,net-change-in-intangible-assets,net-acquisitions-divestitures,net-change-in-short-term-investments,net-change-in-long-term-investments,net-change-in-investments-total,investing-activities-other,cash-flow-from-investing-activities,net-long-term-debt,net-current-debt,debt-issuance-retirement-net-total,net-common-equity-issued-repurchased,net-total-equity-issued-repurchased,total-common-preferred-stock-dividends-paid,financial-activities-other,cash-flow-from-financial-activities,net-cash-flow,stock-based-compensation,common-stock-dividends-paid
0,2018-09-30,108.66,$39.51,2.75,$27.67,3.93,$10.59,10.26,$3.89,27.93,$6.83B,$4.47B,1.53,$10.56B,$27.69B,0.38,$19.62B,$10.99B,56.03%,$19.62B,$3.41B,17.38%,$19.62B,$3.41B,17.38%,$19.62B,$4.70B,23.98%,$19.62B,$3.33B,16.97%,$19.62B,$2.76B,14.08%,$2.76B,$27.69B,10.18%,$2.76B,$-10.16B,-26.75%,$2.76B,$47.72B,5.83%,$3.41B,$38.24B,9.04%,$4853,$2163,$2691,$301,$1559,$4022,$831,$-29,$801,$138,$664,$664,$664,$1152,$831,$701,711,$0.95,$0.93,$776,$2029,$0,$6831,$2462,$0,$37849,$577,$40889,$47720,$4465,$10558,$5011,$15569,$20034,$8,$24529,$-2636,$27685,$47720,$1904,$977,$112,$1089,$129,$-255,$72,$246,$-208,$2784,$-440,$0,$-2173,$0,$22,$22,$-61,$-2652,$-504,$882,$378,$77,$77,$-321,$-17,$118,$146,$112,$-321
1,2018-06-30,98.68,$38.91,2.54,$27.26,3.62,$10.45,9.45,$3.77,26.18,$6.91B,$4.61B,1.5,$11.15B,$27.22B,0.41,$19.29B,$10.84B,56.18%,$19.29B,$3.34B,17.30%,$19.29B,$3.34B,17.30%,$19.29B,$4.62B,23.97%,$19.29B,$3.26B,16.88%,$19.29B,$2.67B,13.84%,$2.67B,$27.22B,10.06%,$2.67B,$-10.88B,-25.29%,$2.67B,$48.06B,5.69%,$3.34B,$38.37B,8.97%,$4981,$2164,$2817,$312,$1638,$4114,$868,$-32,$835,$161,$674,$674,$674,$1202,$868,$700,710,$0.96,$0.95,$904,$1981,$0,$6913,$2493,$0,$38102,$547,$41143,$48056,$4605,$11146,$5080,$16226,$20831,$8,$23977,$-2479,$27224,$48056,$1240,$655,$73,$729,$160,$-197,$87,$186,$-104,$1865,$-290,$0,$-2068,$0,$22,$22,$-29,$-2365,$-4,$1030,$1026,$50,$50,$-209,$-16,$850,$274,$73,$-209
2,2018-03-31,97.75,$38.94,2.51,$26.63,3.67,$10.06,9.71,$3.61,27.08,$7.08B,$4.44B,1.59,$10.41B,$27.20B,0.38,$18.82B,$10.50B,55.81%,$18.82B,$3.15B,16.72%,$18.82B,$3.15B,16.72%,$18.82B,$4.40B,23.39%,$18.82B,$3.07B,16.30%,$18.82B,$2.55B,13.57%,$2.55B,$27.20B,9.86%,$2.55B,$-9.82B,-23.73%,$2.55B,$47.15B,5.51%,$3.15B,$37.61B,8.60%,$4695,$2052,$2644,$299,$1602,$3952,$743,$-30,$713,$147,$567,$567,$567,$1064,$743,$699,710,$0.81,$0.80,$1046,$1949,$0,$7075,$2476,$0,$37019,$575,$40070,$47145,$4443,$10411,$5090,$15501,$19943,$8,$23415,$-1845,$27202,$47145,$567,$321,$33,$354,$219,$-129,$51,$125,$-92,$829,$-138,$0,$0,$0,$22,$22,$-7,$-123,$0,$-237,$-237,$23,$23,$-98,$-11,$-322,$415,$33,$-98
3,2017-12-31,92.52,$37.85,2.44,$25.97,3.56,$9.66,9.58,$3.53,26.21,$6.85B,$4.79B,1.43,$10.33B,$26.37B,0.39,$18.33B,$10.19B,55.60%,$18.33B,$3.02B,16.48%,$18.33B,$3.02B,16.48%,$18.33B,$4.26B,23.24%,$18.33B,$2.94B,16.03%,$18.33B,$2.49B,13.60%,$2.49B,$26.37B,9.95%,$2.49B,$-10.44B,-22.03%,$2.49B,$46.65B,5.44%,$3.02B,$36.70B,8.49%,$5086,$2247,$2839,$299,$1572,$4117,$968,$11,$979,$122,$857,$857,$857,$1286,$968,$696,706,$1.23,$1.21,$630,$1841,$0,$6850,$2455,$0,$36806,$538,$39799,$46649,$4792,$10327,$5161,$15489,$20281,$8,$22806,$-1994,$26368,$46649,$2492,$1238,$-327,$912,$-161,$-27,$-54,$4,$74,$3478,$-587,$0,$-248,$0,$0,$0,$-9,$-843,$1114,$-3779,$-2665,$4,$4,$-378,$-60,$-3099,$-333,$139,$-378
4,2017-09-30,85.37,$36.49,2.34,$25.32,3.37,$9.77,8.74,$3.39,25.18,$6.26B,$4.39B,1.43,$10.73B,$25.38B,0.42,$17.83B,$9.85B,55.27%,$17.83B,$2.78B,15.60%,$17.83B,$2.78B,15.60%,$17.83B,$4.01B,22.48%,$17.83B,$2.66B,14.90%,$17.83B,$2.38B,13.36%,$2.38B,$25.38B,9.84%,$2.38B,$-11.10B,-20.11%,$2.38B,$45.85B,5.23%,$2.78B,$36.11B,8.04%,$4528,$1991,$2537,$279,$1498,$3769,$759,$-29,$730,$158,$572,$572,$572,$1071,$759,$696,706,$0.82,$0.81,$649,$1892,$0,$6260,$2425,$0,$36477,$689,$39591,$45851,$4388,$10727,$5356,$16083,$20471,$8,$22047,$-2152,$25381,$45851,$1636,$920,$132,$1052,$75,$-98,$-49,$242,$-44,$2643,$-414,$0,$-112,$0,$0,$0,$-2,$-528,$1122,$-3319,$-2198,$-15,$-15,$-281,$-51,$-2545,$-315,$105,$-281
5,2017-06-30,83.85,$35.40,2.37,$24.80,3.38,$10.11,8.29,$3.14,26.7,$6.26B,$4.20B,1.49,$11.42B,$24.60B,0.46,$17.43B,$9.60B,55.08%,$17.43B,$2.72B,15.61%,$17.43B,$2.72B,15.61%,$17.43B,$3.91B,22.45%,$17.43B,$2.40B,13.78%,$17.43B,$2.20B,12.63%,$2.20B,$24.60B,9.30%,$2.20B,$-11.68B,-19.61%,$2.20B,$45.65B,4.96%,$2.72B,$36.02B,8.18%,$4510,$2028,$2482,$283,$1522,$3833,$677,$-32,$645,$88,$557,$557,$557,$980,$677,$695,705,$0.80,$0.79,$726,$1792,$0,$6257,$2423,$0,$36274,$694,$39390,$45647,$4203,$11423,$5427,$16849,$21052,$8,$21572,$-2415,$24595,$45647,$1063,$609,$98,$707,$72,$-45,$-104,$186,$-200,$1571,$-277,$0,$-94,$0,$0,$0,$-3,$-373,$1122,$-2388,$-1266,$-29,$-29,$-184,$-37,$-1516,$-237,$71,$-184
6,2017-03-31,84.84,$34.28,2.48,$24.47,3.47,$10.83,7.83,$3.29,25.79,$6.32B,$6.00B,1.05,$9.73B,$23.79B,0.41,$17.16B,$9.50B,55.35%,$17.16B,$2.76B,16.05%,$17.16B,$2.76B,16.05%,$17.16B,$3.92B,22.84%,$17.16B,$2.41B,14.06%,$17.16B,$2.30B,13.41%,$2.30B,$23.79B,9.67%,$2.30B,$-12.04B,-20.66%,$2.30B,$45.25B,5.02%,$2.76B,$33.52B,8.21%,$4206,$1871,$2334,$267,$1450,$3589,$617,$-32,$585,$101,$484,$484,$506,$923,$617,$694,706,$0.73,$0.72,$804,$1765,$0,$6319,$2409,$0,$35832,$686,$38926,$45245,$6003,$9729,$5722,$15451,$21454,$8,$21112,$-2705,$23791,$45245,$506,$306,$11,$317,$168,$-57,$-91,$59,$-263,$560,$-158,$0,$0,$0,$0,$0,$-6,$-164,$0,$-435,$-435,$-44,$-44,$-87,$-25,$-591,$-160,$34,$-87
7,2016-12-31,77.09,$33.34,2.31,$24.14,3.19,$11.20,6.88,$3.66,21.06,$6.67B,$6.87B,0.97,$9.67B,$23.08B,0.42,$16.88B,$9.33B,55.29%,$16.88B,$2.75B,16.30%,$16.88B,$2.75B,16.30%,$16.88B,$3.88B,22.98%,$16.88B,$2.61B,15.47%,$16.88B,$2.55B,15.13%,$2.55B,$23.08B,10.64%,$2.55B,$-12.57B,-22.85%,$2.55B,$45.30B,5.48%,$2.75B,$32.75B,8.01%,$4584,$2084,$2500,$268,$1503,$3856,$729,$-32,$696,$-51,$747,$747,$747,$1034,$729,$691,700,$1.07,$1.06,$964,$1709,$0,$6665,$2354,$0,$35645,$631,$38630,$45295,$6874,$9674,$5670,$15345,$22219,$8,$20704,$-3022,$23077,$45295,$2554,$1128,$-253,$875,$-183,$9,$78,$-62,$93,$3522,$-580,$0,$-4615,$0,$0,$0,$-48,$-5243,$760,$2218,$2978,$165,$165,$-400,$-700,$2043,$173,$130,$-400
8,2016-09-30,77.51,$33.64,2.3,$19.38,4.0,$11.72,6.61,$3.58,21.65,$6.49B,$4.76B,1.36,$7.50B,$23.26B,0.32,$13.57B,$7.60B,56.02%,$13.57B,$2.02B,14.85%,$13.57B,$2.02B,14.85%,$13.57B,$3.11B,22.93%,$13.57B,$1.87B,13.76%,$13.57B,$2.50B,18.40%,$2.50B,$23.26B,10.32%,$2.50B,$-8.62B,-25.00%,$2.50B,$41.30B,5.27%,$2.02B,$30.77B,5.74%,$4132,$1846,$2286,$241,$1346,$3433,$699,$-222,$477,$74,$403,$403,$392,$976,$699,$692,701,$0.57,$0.56,$971,$1712,$0,$6493,$2255,$0,$31889,$660,$34804,$41298,$4763,$7503,$5767,$13270,$18033,$8,$20043,$-2122,$23264,$41298,$1807,$823,$86,$908,$-95,$-139,$-38,$172,$158,$2873,$-415,$0,$165,$0,$0,$0,$-70,$-320,$887,$-2334,$-1448,$157,$157,$-313,$-700,$-2304,$181,$96,$-313
9,2016-06-30,75.59,$36.38,2.08,$18.51,4.08,$11.39,6.64,$5.03,15.03,$11.23B,$8.03B,1.4,$12.01B,$25.12B,0.48,$12.95B,$7.21B,55.67%,$12.95B,$1.80B,13.87%,$12.95B,$1.80B,13.87%,$12.95B,$2.75B,21.24%,$12.95B,$1.84B,14.24%,$12.95B,$3.51B,27.09%,$3.51B,$25.12B,14.51%,$3.51B,$-11.34B,-31.21%,$3.51B,$51.50B,7.09%,$1.80B,$37.13B,4.98%,$4242,$1861,$2381,$240,$1431,$3532,$710,$-56,$655,$237,$418,$418,$657,$988,$710,$691,699,$0.95,$0.94,$4098,$2240,$0,$11231,$2785,$0,$36462,$1026,$40273,$51504,$8026,$12008,$6350,$18358,$26383,$8,$22207,$-2391,$25120,$51504,$1415,$545,$-104,$442,$-62,$-105,$-43,$104,$198,$2055,$-268,$0,$172,$0,$0,$0,$-70,$-166,$-504,$2063,$1559,$145,$145,$-203,$-27,$1474,$3307,$65,$-203
10,2016-03-31,70.88,$35.69,1.99,$19.34,3.67,$10.73,6.6,$5.06,14.01,$7.75B,$5.32B,1.46,$12.20B,$24.58B,0.5,$13.66B,$7.47B,54.67%,$13.66B,$2.02B,14.78%,$13.66B,$2.02B,14.78%,$13.66B,$2.93B,21.47%,$13.66B,$2.10B,15.34%,$13.66B,$3.55B,25.95%,$3.55B,$24.58B,14.82%,$3.55B,$-12.17B,-42.39%,$3.55B,$48.39B,7.74%,$2.02B,$36.77B,6.01%,$3924,$1757,$2167,$226,$1328,$3311,$613,$171,$784,$198,$586,$586,$758,$881,$613,$689,697,$1.10,$1.09,$664,$2238,$0,$7747,$2873,$0,$36749,$1017,$40638,$48386,$5321,$12195,$6293,$18487,$23809,$8,$21661,$-2237,$24577,$48386,$758,$268,$-201,$67,$84,$-86,$-116,$47,$-53,$773,$-123,$0,$-95,$265,$0,$265,$-39,$8,$262,$-1077,$-815,$44,$44,$-93,$-27,$-891,$-127,$30,$-93
11,2015-12-31,69.28,$34.60,2.0,$20.24,3.42,$10.36,6.68,$4.76,14.56,$7.84B,$6.17B,1.27,$12.03B,$23.76B,0.51,$14.43B,$7.77B,53.83%,$14.43B,$2.16B,14.98%,$14.43B,$2.16B,14.98%,$14.43B,$3.04B,21.08%,$14.43B,$2.04B,14.13%,$14.43B,$3.36B,23.26%,$3.36B,$23.76B,14.21%,$3.36B,$-7.80B,-61.14%,$3.36B,$48.22B,7.86%,$2.16B,$35.79B,6.96%,$1267,$501,$766,$45,$728,$1274,$-7,$-43,$-50,$-144,$93,$93,$689,$265,$-7,$698,709,$0.98,$0.97,$791,$1573,$0,$7837,$2303,$0,$31560,$845,$40386,$48222,$6170,$12025,$5750,$18288,$24458,$8,$21012,$-2311,$23764,$48222,$3357,$881,$-730,$151,$1,$147,$50,$-69,$294,$3802,$-453,$0,$-14205,$0,$-87,$-87,$-207,$-14951,$5647,$3511,$9159,$249,$249,$-354,$-3,$9050,$-2215,$104,$-354
12,2015-09-30,63.47,$33.84,1.88,$26.00,2.44,$10.23,6.21,$4.69,13.53,$8.93B,$8.63B,1.04,$11.52B,$23.18B,0.5,$18.58B,$9.81B,52.78%,$18.58B,$3.06B,16.44%,$18.58B,$3.06B,16.44%,$18.58B,$3.72B,20.01%,$18.58B,$3.05B,16.43%,$18.58B,$3.33B,17.92%,$3.33B,$23.18B,14.14%,$3.33B,$-13.64B,-99.01%,$3.33B,$49.71B,8.34%,$3.06B,$34.71B,10.61%,$3512,$1619,$1893,$212,$1201,$3032,$480,$-26,$454,$74,$380,$380,$1403,$616,$480,$689,699,$2.04,$2.01,$1834,$2341,$0,$8932,$2792,$0,$36819,$1165,$40776,$49708,$8626,$11523,$6376,$17899,$26524,$8,$20416,$-2199,$23184,$49708,$2669,$609,$-697,$-88,$85,$-41,$-142,$215,$-11,$2570,$-352,$0,$-14164,$0,$-87,$-87,$-88,$-14691,$4950,$6146,$11097,$198,$198,$-262,$-3,$11030,$-1172,$77,$-262
13,2015-06-30,63.65,$35.37,1.8,$27.55,2.31,$10.00,6.37,$3.63,17.53,$9.66B,$5.06B,1.91,$3.05B,$24.17B,0.13,$19.78B,$10.37B,52.42%,$19.78B,$3.44B,17.40%,$19.78B,$3.44B,17.40%,$19.78B,$4.17B,21.10%,$19.78B,$3.48B,17.58%,$19.78B,$2.61B,13.19%,$2.61B,$24.17B,11.01%,$2.61B,$0.14B,581.39%,$2.61B,$36.99B,7.17%,$3.44B,$27.23B,12.83%,$4960,$2316,$2644,$305,$1405,$4026,$934,$-27,$908,$192,$716,$716,$696,$1171,$934,$710,720,$0.98,$0.97,$3342,$1912,$0,$9655,$2161,$0,$24032,$1139,$27332,$36987,$5056,$3053,$4707,$7759,$12815,$8,$21397,$-2032,$24172,$36987,$1266,$473,$53,$526,$1,$-103,$-75,$97,$-174,$1618,$-253,$0,$-593,$0,$-87,$-87,$-5,$-938,$-2,$-260,$-262,$132,$132,$-166,$-3,$-299,$336,$59,$-166
14,2015-03-31,63.04,$33.06,1.91,$27.59,2.28,$9.81,6.43,$3.61,17.46,$8.77B,$4.95B,1.77,$3.05B,$23.39B,0.13,$19.78B,$10.34B,52.29%,$19.78B,$3.40B,17.17%,$19.78B,$3.40B,17.17%,$19.78B,$4.13B,20.87%,$19.78B,$3.45B,17.43%,$19.78B,$2.59B,13.09%,$2.59B,$23.39B,10.97%,$2.59B,$-0.68B,387.00%,$2.59B,$36.07B,7.18%,$3.40B,$26.45B,12.71%,$4695,$2227,$2468,$299,$1414,$3940,$755,$-27,$728,$170,$558,$558,$570,$991,$755,$707,719,$0.81,$0.79,$2511,$1897,$0,$8774,$2136,$0,$24070,$1092,$27298,$36072,$4953,$3054,$4675,$7729,$12682,$8,$20797,$-2108,$23391,$36072,$570,$236,$13,$248,$104,$-111,$-85,$27,$-294,$524,$-117,$0,$-483,$0,$-87,$-87,$-4,$-691,$-1,$-248,$-249,$62,$62,$-70,$-3,$-261,$-495,$30,$-70
15,2014-12-31,63.54,$33.30,1.91,$27.58,2.3,$9.78,6.5,$3.63,17.5,$9.43B,$5.40B,1.75,$3.40B,$23.45B,0.15,$19.75B,$10.33B,52.30%,$19.75B,$3.43B,17.37%,$19.75B,$3.43B,17.37%,$19.75B,$4.15B,21.02%,$19.75B,$3.48B,17.63%,$19.75B,$2.60B,13.16%,$2.60B,$23.45B,11.05%,$2.60B,$0.72B,258.41%,$2.60B,$36.99B,7.26%,$3.43B,$26.85B,12.84%,$5417,$2614,$2804,$336,$1580,$4530,$887,$77,$964,$303,$662,$662,$662,$941,$887,$705,718,$0.94,$0.92,$3006,$1783,$0,$9431,$2172,$0,$22733,$1017,$27560,$36992,$5396,$3402,$4584,$8146,$13542,$8,$20323,$-1434,$23450,$36992,$2598,$718,$292,$1010,$-43,$69,$80,$-145,$150,$3758,$-465,$0,$-2672,$0,$0,$0,$-307,$-3444,$0,$-103,$-103,$133,$133,$-228,$-21,$-218,$-110,$85,$-228
16,2014-09-30,56.26,$33.88,1.66,$27.41,2.05,$9.46,5.95,$3.82,14.73,$9.99B,$4.47B,2.23,$2.97B,$23.81B,0.13,$19.60B,$10.24B,52.23%,$19.60B,$3.43B,17.51%,$19.60B,$3.43B,17.51%,$19.60B,$4.29B,21.87%,$19.60B,$3.58B,18.25%,$19.60B,$2.73B,13.91%,$2.73B,$23.81B,11.71%,$2.73B,$1.62B,314.15%,$2.73B,$35.54B,7.74%,$3.43B,$26.78B,12.96%,$4707,$2255,$2452,$288,$1298,$3841,$866,$12,$878,$197,$681,$681,$681,$1071,$866,$703,716,$0.97,$0.95,$4025,$1874,$0,$9990,$2162,$0,$22193,$1192,$25546,$35536,$4471,$2965,$4290,$7255,$11726,$8,$19732,$-380,$23810,$35536,$1937,$665,$51,$715,$-107,$-89,$-63,$109,$-133,$2519,$-409,$0,$-515,$0,$-80,$-80,$6,$-998,$0,$-416,$-416,$75,$75,$-157,$0,$-499,$910,$83,$-157
17,2014-06-30,58.22,$33.95,1.71,$27.40,2.13,$9.48,6.14,$3.71,15.69,$9.51B,$4.41B,2.16,$3.02B,$23.79B,0.13,$19.56B,$10.21B,52.19%,$19.56B,$3.38B,17.27%,$19.56B,$3.38B,17.27%,$19.56B,$4.25B,21.75%,$19.56B,$3.48B,17.78%,$19.56B,$2.64B,13.51%,$2.64B,$23.79B,11.66%,$2.64B,$1.02B,1234.58%,$2.64B,$35.65B,7.60%,$3.38B,$26.81B,13.00%,$4964,$2343,$2620,$336,$1395,$4074,$889,$-10,$879,$203,$676,$676,$676,$1125,$889,$701,716,$0.96,$0.95,$3321,$1894,$0,$9507,$2232,$0,$22768,$1145,$26145,$35652,$4407,$3020,$4437,$7457,$11863,$8,$19121,$306,$23789,$35652,$1256,$460,$36,$496,$-159,$-59,$-51,$81,$-249,$1503,$-279,$0,$-607,$0,$25,$25,$11,$-849,$-404,$-13,$-417,$61,$61,$-87,$0,$-444,$206,$55,$-87
18,2014-03-31,55.39,$32.92,1.68,$27.13,2.04,$9.58,5.78,$3.63,15.26,$9.40B,$4.30B,2.19,$3.42B,$23.03B,0.15,$19.34B,$10.09B,52.16%,$19.34B,$3.33B,17.24%,$19.34B,$3.33B,17.24%,$19.34B,$4.19B,21.68%,$19.34B,$3.41B,17.61%,$19.34B,$2.58B,13.36%,$2.58B,$23.03B,11.85%,$2.58B,$0.67B,-674.85%,$2.58B,$35.04B,7.57%,$3.33B,$26.45B,13.12%,$4663,$2210,$2453,$313,$1351,$3874,$789,$-28,$761,$182,$580,$580,$580,$1014,$789,$700,715,$0.83,$0.81,$3347,$1871,$0,$9404,$2183,$0,$22361,$1095,$25638,$35043,$4304,$3423,$4287,$7709,$12014,$8,$18515,$219,$23029,$35043,$580,$225,$29,$254,$-6,$-67,$-97,$36,$-322,$511,$-131,$0,$-163,$0,$0,$0,$9,$-285,$-1,$3,$2,$30,$30,$-17,$0,$15,$231,$29,$-17
19,2013-12-31,56.94,$32.16,1.77,$26.89,2.12,$9.78,5.82,$3.80,14.98,$9.11B,$4.53B,2.01,$3.44B,$22.45B,0.15,$19.12B,$9.96B,52.09%,$19.12B,$3.28B,17.13%,$19.12B,$3.28B,17.13%,$19.12B,$4.13B,21.58%,$19.12B,$3.57B,18.65%,$19.12B,$2.70B,14.10%,$2.70B,$22.45B,12.84%,$2.70B,$0.17B,-272.36%,$2.70B,$34.67B,8.05%,$3.28B,$25.89B,13.19%,$5267,$2555,$2712,$332,$1492,$4379,$888,$171,$1059,$270,$789,$789,$789,$1077,$888,$699,714,$1.13,$1.11,$3115,$1784,$0,$9114,$2211,$0,$22286,$1061,$25559,$34672,$4527,$3437,$4257,$7693,$12221,$8,$18005,$215,$22451,$34672,$2695,$851,$35,$885,$-35,$44,$175,$-113,$5,$3585,$-538,$0,$76,$0,$0,$0,$-91,$-553,$-968,$-763,$-1731,$177,$177,$-52,$0,$-1606,$1437,$110,$-52
20,2013-09-30,51.11,$30.65,1.67,$26.48,1.93,$9.66,5.29,$3.58,14.28,$8.02B,$4.28B,1.88,$3.45B,$21.37B,0.16,$18.83B,$9.79B,52.01%,$18.83B,$3.25B,17.26%,$18.83B,$3.25B,17.26%,$18.83B,$4.13B,21.95%,$18.83B,$3.33B,17.69%,$18.83B,$2.54B,13.47%,$2.54B,$21.37B,12.59%,$2.54B,$-1.00B,-148.20%,$2.54B,$33.72B,7.67%,$3.25B,$24.82B,13.29%,$4669,$2244,$2425,$309,$1303,$3857,$812,$-34,$779,$182,$597,$597,$597,$1038,$812,$698,712,$0.86,$0.84,$1996,$1966,$0,$8024,$2179,$0,$22369,$1149,$25698,$33721,$4279,$3446,$4626,$8071,$12350,$8,$17234,$-25,$21371,$33721,$1906,$662,$-78,$584,$-5,$-119,$100,$157,$17,$2507,$-392,$0,$-869,$0,$692,$692,$-4,$-572,$-967,$-768,$-1735,$149,$149,$-35,$0,$-1621,$317,$86,$-35
21,2013-06-30,46.66,$29.28,1.59,$26.11,1.79,$9.88,4.72,$3.51,13.29,$8.23B,$4.13B,1.99,$4.10B,$20.37B,0.2,$18.57B,$9.65B,51.93%,$18.57B,$3.19B,17.20%,$18.57B,$3.19B,17.20%,$18.57B,$4.06B,21.86%,$18.57B,$3.27B,17.59%,$18.57B,$2.49B,13.40%,$2.49B,$20.37B,12.73%,$2.49B,$-1.37B,-123.55%,$2.49B,$33.11B,7.65%,$3.19B,$24.47B,13.23%,$4738,$2242,$2496,$312,$1340,$3894,$844,$-38,$806,$189,$617,$617,$617,$1063,$844,$695,710,$0.89,$0.87,$2325,$1911,$0,$8231,$2149,$0,$21731,$998,$24878,$33109,$4133,$4101,$4511,$8612,$12744,$8,$16654,$-379,$20365,$33109,$1309,$436,$-107,$329,$-29,$-113,$82,$113,$-102,$1536,$-253,$0,$-323,$0,$692,$692,$-6,$111,$-310,$-768,$-1078,$110,$110,$-17,$0,$-986,$646,$56,$-17
22,2013-03-31,45.79,$28.51,1.61,$25.81,1.77,$10.07,4.55,$3.48,13.16,$7.91B,$3.93B,2.02,$4.40B,$19.75B,0.22,$18.39B,$9.51B,51.69%,$18.39B,$3.16B,17.19%,$18.39B,$3.16B,17.19%,$18.39B,$4.02B,21.84%,$18.39B,$3.24B,17.60%,$18.39B,$2.47B,13.44%,$2.47B,$19.75B,12.98%,$2.47B,$-1.76B,-104.87%,$2.47B,$32.47B,7.71%,$3.16B,$24.15B,13.26%,$4445,$2119,$2326,$296,$1298,$3714,$731,$192,$922,$231,$692,$692,$692,$948,$731,$692,708,$1.00,$0.98,$2151,$1867,$0,$7910,$2110,$0,$21508,$942,$24559,$32469,$3927,$4404,$4389,$8794,$12720,$8,$16055,$-268,$19749,$32469,$692,$217,$-135,$81,$106,$-89,$10,$44,$-137,$637,$-116,$0,$-12,$0,$692,$692,$-9,$555,$-1,$-764,$-765,$54,$54,$0,$0,$-711,$472,$28,$0
23,2012-12-31,41.17,$27.76,1.48,$25.58,1.61,$10.08,4.09,$3.36,12.25,$7.59B,$4.21B,1.8,$5.29B,$19.08B,0.28,$18.26B,$9.42B,51.56%,$18.26B,$3.17B,17.33%,$18.26B,$3.17B,17.33%,$18.26B,$4.01B,21.93%,$18.26B,$3.01B,16.48%,$18.26B,$2.39B,13.10%,$2.39B,$19.08B,12.88%,$2.39B,$-2.72B,-93.71%,$2.39B,$32.94B,7.59%,$3.17B,$24.37B,13.47%,$4975,$2430,$2545,$295,$1407,$4112,$863,$-40,$823,$193,$630,$630,$630,$1083,$863,$693,713,$0.91,$0.89,$1679,$1813,$0,$7588,$2141,$548,$21806,$858,$25353,$32941,$4206,$5288,$4363,$9651,$13857,$8,$15380,$-59,$19084,$32941,$2392,$840,$89,$929,$-80,$70,$57,$-100,$94,$3415,$-458,$0,$-1797,$0,$0,$0,$368,$-1888,$-62,$196,$134,$-436,$-436,$-86,$0,$-388,$1142,$110,$-86
24,2012-09-30,40.6,$27.36,1.48,$25.33,1.6,$9.20,4.41,$3.27,12.42,$6.91B,$3.94B,1.76,$4.66B,$18.95B,0.25,$18.00B,$9.20B,51.09%,$18.00B,$3.08B,17.11%,$18.00B,$3.08B,17.11%,$18.00B,$3.91B,21.69%,$18.00B,$2.93B,16.27%,$18.00B,$2.33B,12.96%,$2.33B,$18.95B,12.93%,$2.33B,$-2.21B,-86.16%,$2.33B,$31.59B,7.58%,$3.08B,$23.61B,13.43%,$4416,$2138,$2278,$290,$1251,$3660,$756,$-39,$717,$168,$549,$549,$549,$966,$756,$695,714,$0.79,$0.77,$1541,$1882,$0,$6908,$2063,$561,$21161,$893,$24677,$31585,$3935,$4659,$4039,$8698,$12633,$8,$14767,$150,$18953,$31585,$1762,$620,$-101,$519,$135,$-54,$39,$110,$334,$2615,$-333,$0,$-973,$0,$0,$0,$361,$-946,$-3,$-495,$-498,$-115,$-115,$-52,$0,$-666,$1004,$79,$-52
25,2012-06-30,38.32,$26.41,1.45,$25.40,1.51,$8.25,4.65,$3.24,11.83,$6.61B,$4.03B,1.64,$4.85B,$18.37B,0.26,$18.03B,$9.10B,50.47%,$18.03B,$2.97B,16.46%,$18.03B,$2.97B,16.46%,$18.03B,$3.79B,21.02%,$18.03B,$2.78B,15.42%,$18.03B,$2.31B,12.79%,$2.31B,$18.37B,13.22%,$2.31B,$-2.74B,-73.64%,$2.31B,$31.17B,7.55%,$2.97B,$23.22B,13.11%,$4554,$2198,$2356,$284,$1279,$3742,$811,$-37,$774,$174,$600,$600,$600,$1019,$811,$696,715,$0.86,$0.84,$1118,$1856,$0,$6610,$2065,$553,$21104,$838,$24560,$31171,$4030,$4848,$3926,$8773,$12803,$8,$14235,$-75,$18368,$31171,$1213,$410,$-110,$300,$-7,$-27,$71,$76,$141,$1654,$-229,$0,$-945,$0,$0,$0,$352,$-822,$-2,$-310,$-312,$104,$104,$-35,$0,$-243,$581,$50,$-35
26,2012-03-31,41.18,$25.83,1.59,$24.26,1.7,$7.69,5.36,$3.34,12.33,$6.54B,$3.91B,1.67,$4.86B,$17.89B,0.27,$17.12B,$8.66B,50.62%,$17.12B,$2.77B,16.17%,$17.12B,$2.77B,16.17%,$17.12B,$3.50B,20.45%,$17.12B,$2.59B,15.12%,$17.12B,$2.36B,13.77%,$2.36B,$17.89B,13.86%,$2.36B,$-2.54B,-66.40%,$2.36B,$30.42B,7.69%,$2.77B,$22.75B,12.24%,$4316,$2081,$2236,$270,$1245,$3581,$735,$-39,$696,$176,$520,$520,$613,$937,$735,$692,714,$0.89,$0.86,$1043,$1889,$0,$6543,$2105,$550,$20435,$788,$23878,$30421,$3913,$4863,$3754,$8617,$12530,$8,$13652,$147,$17891,$30421,$613,$202,$-85,$118,$98,$-76,$24,$85,$-85,$645,$-118,$0,$-56,$0,$0,$0,$340,$167,$-1,$-363,$-364,$71,$71,$-17,$0,$-311,$506,$24,$-17
27,2011-12-31,34.58,$24.68,1.4,$23.00,1.5,$7.52,4.6,$3.11,11.12,$6.27B,$4.17B,1.5,$5.21B,$16.97B,0.31,$16.09B,$8.18B,50.82%,$16.09B,$2.62B,16.26%,$16.09B,$2.62B,16.26%,$16.09B,$3.25B,20.21%,$16.09B,$2.45B,15.21%,$16.09B,$2.17B,13.50%,$2.17B,$16.97B,13.40%,$2.17B,$-3.34B,-76.22%,$2.17B,$29.95B,7.55%,$2.62B,$22.18B,12.31%,$4717,$2390,$2327,$282,$1288,$3937,$779,$-37,$742,$179,$564,$564,$571,$983,$779,$676,701,$0.83,$0.80,$537,$1781,$0,$6272,$2101,$522,$20315,$740,$23677,$29950,$4172,$5207,$3599,$8806,$12978,$8,$13057,$-37,$16972,$29950,$2172,$635,$6,$641,$-135,$162,$37,$-111,$-187,$2626,$-335,$0,$-6211,$0,$0,$0,$698,$-5847,$183,$854,$1037,$1113,$1113,$-61,$0,$2089,$-1096,$96,$-61
28,2011-09-30,30.81,$24.13,1.28,$21.01,1.47,$7.02,4.39,$3.00,10.27,$6.32B,$4.12B,1.53,$5.81B,$16.56B,0.35,$14.61B,$7.57B,51.81%,$14.61B,$2.40B,16.40%,$14.61B,$2.40B,16.40%,$14.61B,$2.93B,20.05%,$14.61B,$2.24B,15.32%,$14.61B,$2.08B,14.21%,$2.08B,$16.56B,13.47%,$2.08B,$-3.91B,-103.94%,$2.08B,$30.62B,7.73%,$2.40B,$22.38B,12.06%,$4446,$2263,$2183,$288,$1268,$3803,$643,$-75,$568,$53,$515,$515,$523,$851,$643,$687,710,$0.76,$0.74,$484,$1971,$0,$6315,$2151,$531,$20471,$1151,$24304,$30618,$4124,$5813,$4119,$9933,$14056,$8,$12503,$185,$16562,$30618,$1602,$431,$-299,$132,$1,$14,$27,$61,$65,$1799,$-205,$0,$-6087,$0,$12,$12,$675,$-5604,$191,$1416,$1607,$1060,$1060,$-44,$0,$2623,$-1149,$72,$-44
29,2011-06-30,38.91,$24.15,1.61,$19.27,2.02,$6.79,5.73,$3.21,12.12,$6.56B,$4.28B,1.53,$6.53B,$16.56B,0.39,$13.25B,$7.00B,52.80%,$13.25B,$2.31B,17.39%,$13.25B,$2.31B,17.39%,$13.25B,$2.73B,20.57%,$13.25B,$2.49B,18.75%,$13.25B,$2.20B,16.58%,$2.20B,$16.56B,15.10%,$2.20B,$-4.40B,-197.48%,$2.20B,$31.51B,8.95%,$2.31B,$23.08B,12.63%,$3636,$1718,$1918,$234,$1088,$3026,$610,$-29,$581,$141,$440,$440,$649,$729,$610,$667,695,$0.97,$0.94,$552,$2065,$0,$6555,$2226,$533,$20952,$1248,$24959,$31513,$4281,$6525,$4152,$10677,$14958,$8,$11997,$738,$16556,$31513,$1078,$224,$-321,$-97,$-21,$-28,$44,$43,$118,$1099,$-102,$0,$-6056,$0,$0,$0,$676,$-5482,$1784,$462,$2246,$1050,$1050,$-27,$0,$3269,$-1081,$46,$-27
30,2011-03-31,38.09,$22.17,1.72,$18.75,2.03,$6.59,5.78,$2.82,13.51,$6.13B,$3.32B,1.85,$2.67B,$14.72B,0.18,$12.83B,$6.69B,52.09%,$12.83B,$2.21B,17.24%,$12.83B,$2.21B,17.24%,$12.83B,$2.61B,20.35%,$12.83B,$2.39B,18.65%,$12.83B,$1.92B,14.97%,$1.92B,$14.72B,14.30%,$1.92B,$0.25B,-678.80%,$1.92B,$23.04B,8.85%,$2.21B,$17.39B,13.67%,$3292,$1543,$1749,$215,$963,$2707,$585,$-28,$557,$140,$417,$417,$429,$689,$585,$662,688,$0.65,$0.63,$1594,$1285,$0,$6132,$1178,$523,$14474,$728,$16903,$23035,$3324,$2668,$2319,$4987,$8311,$7,$11362,$607,$14724,$23035,$429,$104,$-2,$102,$54,$-39,$35,$30,$-95,$436,$-44,$0,$-517,$0,$0,$0,$-4,$-565,$-2,$17,$15,$50,$50,$-13,$0,$52,$-39,$23,$-13
31,2010-12-31,34.61,$20.98,1.65,$18.39,1.88,$6.54,5.29,$2.64,13.13,$6.07B,$3.32B,1.83,$2.78B,$13.77B,0.2,$12.55B,$6.41B,51.04%,$12.55B,$2.05B,16.33%,$12.55B,$2.05B,16.33%,$12.55B,$2.44B,19.43%,$12.55B,$2.23B,17.77%,$12.55B,$1.79B,14.28%,$1.79B,$13.77B,14.09%,$1.79B,$0.07B,-252.93%,$1.79B,$22.22B,8.57%,$2.05B,$16.56B,13.22%,$3232,$1514,$1718,$206,$968,$2675,$557,$-25,$532,$102,$430,$430,$474,$659,$557,$653,683,$0.72,$0.69,$1633,$1166,$0,$6065,$1130,$511,$13701,$809,$16152,$22217,$3321,$2784,$2340,$5124,$8444,$7,$10946,$345,$13773,$22217,$1793,$388,$-197,$191,$-251,$-162,$217,$68,$100,$2084,$-190,$0,$-2130,$0,$57,$57,$-26,$-2289,$-9,$0,$-9,$178,$178,$-52,$0,$117,$-89,$88,$-52
32,2010-09-30,29.78,$20.14,1.48,$17.33,1.72,$6.20,4.81,$2.35,12.7,$5.46B,$3.08B,1.77,$2.82B,$13.17B,0.21,$11.78B,$5.92B,50.20%,$11.78B,$1.78B,15.14%,$11.78B,$1.78B,15.14%,$11.78B,$2.15B,18.24%,$11.78B,$1.96B,16.63%,$11.78B,$1.59B,13.45%,$1.59B,$13.17B,13.02%,$1.59B,$-0.38B,-169.16%,$1.59B,$21.50B,7.82%,$1.78B,$15.99B,11.89%,$3093,$1481,$1612,$196,$873,$2540,$553,$262,$815,$181,$634,$634,$646,$649,$553,$655,683,$0.99,$0.95,$1635,$1245,$0,$5461,$1153,$499,$13548,$838,$16037,$21498,$3079,$2822,$2424,$5246,$8326,$7,$10485,$372,$13172,$21498,$1319,$287,$-232,$54,$-80,$-201,$185,$123,$137,$1511,$-139,$0,$-1568,$0,$45,$45,$-5,$-1667,$0,$-9,$-9,$117,$117,$-39,$0,$69,$-87,$66,$-39
33,2010-06-30,27.21,$18.48,1.47,$16.90,1.61,$5.96,4.56,$1.92,14.17,$5.05B,$2.99B,1.69,$2.76B,$12.06B,0.23,$11.44B,$5.62B,49.16%,$11.44B,$1.70B,14.82%,$11.44B,$1.70B,14.82%,$11.44B,$2.05B,17.92%,$11.44B,$1.58B,13.79%,$11.44B,$1.29B,11.28%,$1.29B,$12.06B,11.04%,$1.29B,$-1.08B,-118.65%,$1.29B,$20.08B,6.56%,$1.70B,$14.81B,11.67%,$3217,$1612,$1606,$191,$897,$2700,$518,$-28,$490,$128,$362,$362,$372,$615,$518,$652,682,$0.57,$0.55,$1233,$1239,$0,$5045,$1163,$0,$13134,$737,$15034,$20079,$2992,$2755,$2274,$5029,$8021,$7,$9852,$-58,$12058,$20079,$673,$191,$39,$229,$-64,$-157,$174,$124,$30,$932,$-88,$0,$-1399,$0,$0,$0,$-3,$-1490,$0,$22,$22,$93,$93,$-26,$0,$88,$-489,$41,$-26
34,2010-03-31,29.27,$18.26,1.6,$16.18,1.81,$5.80,5.04,$1.82,16.13,$4.54B,$2.86B,1.59,$2.82B,$11.85B,0.24,$10.90B,$5.28B,48.45%,$10.90B,$1.52B,13.97%,$10.90B,$1.52B,13.97%,$10.90B,$1.87B,17.11%,$10.90B,$1.40B,12.86%,$10.90B,$1.21B,11.14%,$1.21B,$11.85B,10.72%,$1.21B,$-1.45B,-106.40%,$1.21B,$19.88B,6.31%,$1.52B,$14.68B,10.72%,$3008,$1539,$1469,$181,$866,$2586,$422,$-28,$393,$100,$293,$293,$300,$515,$422,$649,680,$0.46,$0.45,$806,$1188,$0,$4541,$1179,$0,$13306,$854,$15340,$19881,$2858,$2822,$2347,$5170,$8027,$4,$9492,$232,$11853,$19881,$300,$93,$7,$100,$38,$-74,$90,$42,$-7,$394,$-37,$0,$-1263,$0,$0,$0,$-1,$-1301,$-3,$-8,$-10,$30,$30,$-13,$0,$7,$-916,$16,$-13
35,2009-12-31,27.53,$18.02,1.53,$15.70,1.75,$5.70,4.83,$1.73,15.92,$5.22B,$2.76B,1.89,$2.89B,$11.63B,0.25,$10.52B,$5.07B,48.20%,$10.52B,$1.44B,13.69%,$10.52B,$1.44B,13.69%,$10.52B,$1.77B,16.84%,$10.52B,$1.33B,12.61%,$10.52B,$1.15B,10.95%,$1.15B,$11.63B,10.61%,$1.15B,$-0.84B,-97.92%,$1.15B,$19.60B,6.16%,$1.44B,$14.52B,10.48%,$2465,$1236,$1228,$122,$816,$2174,$291,$-30,$261,$59,$202,$202,$267,$370,$291,$642,671,$0.42,$0.40,$1722,$993,$0,$5221,$1143,$0,$12473,$758,$14375,$19595,$2761,$2889,$2315,$5204,$7965,$4,$9205,$347,$11630,$19595,$1152,$332,$-140,$192,$103,$198,$-87,$137,$458,$1801,$-170,$0,$-694,$0,$0,$0,$-79,$-943,$720,$-446,$275,$174,$174,$-42,$0,$407,$1329,$87,$-42
36,2009-09-30,24.64,$17.45,1.41,$16.75,1.47,$5.75,4.28,$1.79,13.76,$5.20B,$2.68B,1.94,$2.90B,$11.21B,0.26,$11.23B,$5.29B,47.14%,$11.23B,$1.57B,14.01%,$11.23B,$1.57B,14.01%,$11.23B,$1.91B,17.00%,$11.23B,$1.47B,13.06%,$11.23B,$1.19B,10.61%,$1.19B,$11.21B,11.44%,$1.19B,$-0.98B,-82.37%,$1.19B,$19.16B,6.56%,$1.57B,$14.11B,11.92%,$2751,$1430,$1321,$159,$782,$2286,$465,$-30,$434,$83,$351,$351,$351,$550,$465,$642,673,$0.55,$0.53,$1636,$1071,$0,$5199,$1097,$0,$12187,$678,$13963,$19162,$2678,$2899,$2374,$5273,$7951,$4,$8951,$279,$11211,$19162,$885,$252,$-18,$235,$146,$113,$-147,$109,$186,$1305,$-112,$0,$-332,$0,$0,$0,$0,$-444,$738,$-457,$281,$97,$97,$-29,$0,$349,$1243,$67,$-29
37,2009-06-30,22.58,$16.58,1.36,$17.42,1.3,$5.81,3.89,$1.82,12.41,$4.79B,$2.51B,1.91,$2.86B,$10.60B,0.27,$11.69B,$5.48B,46.92%,$11.69B,$1.63B,13.95%,$11.69B,$1.63B,13.95%,$11.69B,$1.97B,16.82%,$11.69B,$1.53B,13.06%,$11.69B,$1.21B,10.37%,$1.21B,$10.60B,11.94%,$1.21B,$-1.29B,-74.29%,$1.21B,$18.32B,6.82%,$1.63B,$13.47B,12.73%,$2674,$1411,$1262,$159,$760,$2330,$344,$-30,$314,$18,$296,$296,$296,$430,$344,$640,669,$0.46,$0.44,$1258,$1067,$0,$4789,$1097,$0,$11893,$544,$13534,$18322,$2508,$2863,$2348,$5212,$7720,$4,$8609,$84,$10603,$18322,$533,$167,$46,$212,$204,$91,$-198,$31,$57,$802,$-82,$0,$-191,$0,$0,$0,$0,$-273,$740,$-468,$273,$47,$47,$-19,$0,$300,$866,$46,$-19
38,2009-03-31,19.82,$15.69,1.26,$18.30,1.08,$5.96,3.32,$1.92,10.32,$4.50B,$2.48B,1.82,$2.84B,$10.00B,0.28,$12.30B,$5.78B,47.02%,$12.30B,$1.80B,14.61%,$12.30B,$1.80B,14.61%,$12.30B,$2.13B,17.32%,$12.30B,$1.69B,13.74%,$12.30B,$1.28B,10.40%,$1.28B,$10.00B,12.77%,$1.28B,$-1.60B,-69.87%,$1.28B,$17.67B,7.23%,$1.80B,$12.84B,14.20%,$2628,$1369,$1259,$161,$757,$2288,$340,$-23,$317,$79,$238,$238,$238,$421,$340,$639,667,$0.37,$0.36,$976,$1134,$0,$4497,$1078,$0,$11598,$500,$13176,$17673,$2475,$2841,$2355,$5195,$7670,$4,$8323,$-178,$10003,$17673,$238,$81,$24,$105,$199,$-2,$-151,$76,$-26,$317,$-36,$0,$0,$0,$0,$0,$-34,$-70,$741,$-422,$319,$17,$17,$-10,$0,$326,$583,$24,$-10
39,2008-12-31,20.69,$15.40,1.34,$18.87,1.1,$5.98,3.46,$1.98,10.47,$4.19B,$2.75B,1.53,$2.55B,$9.81B,0.26,$12.70B,$5.94B,46.79%,$12.70B,$1.87B,14.72%,$12.70B,$1.87B,14.72%,$12.70B,$2.21B,17.40%,$12.70B,$1.75B,13.77%,$12.70B,$1.32B,10.38%,$1.32B,$9.81B,13.30%,$1.32B,$-1.92B,-64.15%,$1.32B,$17.49B,7.43%,$1.87B,$12.36B,14.80%,$3177,$1725,$1452,$167,$860,$2753,$424,$-21,$402,$97,$306,$306,$306,$508,$424,$639,672,$0.48,$0.47,$393,$1142,$0,$4187,$1109,$0,$11730,$464,$13303,$17490,$2745,$2553,$2383,$4936,$7682,$4,$8095,$-103,$9809,$17490,$1318,$339,$114,$453,$71,$33,$4,$-5,$88,$1859,$-193,$0,$-375,$0,$0,$0,$0,$-567,$-187,$-906,$-1092,$8,$8,$-38,$0,$-1122,$154,$86,$-38
40,2008-09-30,25.35,$15.91,1.59,$18.91,1.34,$5.78,4.39,$2.00,12.67,$4.12B,$3.01B,1.37,$2.39B,$10.17B,0.24,$12.66B,$5.94B,46.91%,$12.66B,$1.91B,15.08%,$12.66B,$1.91B,15.08%,$12.66B,$2.24B,17.72%,$12.66B,$1.78B,14.07%,$12.66B,$1.33B,10.52%,$1.33B,$10.17B,13.69%,$1.33B,$-1.72B,-59.09%,$1.33B,$17.62B,7.51%,$1.91B,$12.56B,15.09%,$3208,$1698,$1511,$182,$806,$2686,$522,$-29,$493,$121,$372,$372,$372,$607,$522,$640,675,$0.58,$0.56,$287,$1275,$0,$4121,$1106,$0,$11891,$502,$13500,$17621,$3012,$2391,$2045,$4437,$7448,$4,$7799,$515,$10172,$17621,$1012,$255,$64,$319,$-82,$-64,$14,$144,$19,$1350,$-117,$0,$-241,$0,$0,$0,$49,$-310,$38,$-1073,$-1035,$72,$72,$-29,$0,$-991,$47,$64,$-29
41,2008-06-30,28.22,$15.79,1.79,$18.32,1.54,$5.46,5.17,$2.19,12.91,$4.19B,$3.09B,1.36,$2.74B,$10.07B,0.27,$12.19B,$5.68B,46.60%,$12.19B,$1.85B,15.19%,$12.19B,$1.85B,15.19%,$12.19B,$2.16B,17.76%,$12.19B,$1.73B,14.17%,$12.19B,$1.44B,11.85%,$1.44B,$10.07B,15.70%,$1.44B,$-2.09B,-68.55%,$1.44B,$18.00B,8.61%,$1.85B,$12.81B,15.41%,$3284,$1724,$1560,$190,$860,$2773,$510,$-32,$478,$115,$363,$363,$363,$594,$510,$638,673,$0.57,$0.55,$284,$1297,$0,$4192,$1132,$0,$12161,$510,$13803,$17995,$3094,$2740,$2087,$4827,$7920,$4,$7437,$830,$10074,$17995,$640,$171,$42,$213,$-37,$-68,$34,$91,$62,$915,$-83,$0,$-102,$0,$0,$0,$49,$-136,$42,$-797,$-755,$43,$43,$-19,$0,$-731,$45,$42,$-19
42,2008-03-31,27.74,$15.03,1.85,$17.45,1.59,$5.19,5.35,$2.12,13.09,$4.16B,$2.98B,1.39,$3.20B,$9.58B,0.34,$11.53B,$5.32B,46.12%,$11.53B,$1.78B,15.47%,$11.53B,$1.78B,15.47%,$11.53B,$2.08B,18.00%,$11.53B,$1.67B,14.47%,$11.53B,$1.39B,12.07%,$1.39B,$9.58B,16.35%,$1.39B,$-2.49B,-72.83%,$1.39B,$17.85B,8.95%,$1.78B,$12.78B,15.96%,$3029,$1611,$1418,$186,$818,$2616,$413,$-37,$376,$100,$277,$277,$277,$500,$413,$638,672,$0.44,$0.42,$234,$1292,$0,$4155,$1128,$0,$12066,$504,$13698,$17853,$2981,$3204,$2093,$5297,$8278,$4,$7083,$721,$9575,$17853,$277,$87,$21,$108,$-55,$-60,$-10,$83,$-51,$333,$-39,$0,$-63,$0,$0,$0,$49,$-53,$46,$-349,$-303,$27,$27,$-10,$0,$-285,$-5,$21,$-10
43,2007-12-31,32.01,$14.29,2.24,$16.79,1.91,$5.19,6.16,$2.10,15.28,$4.05B,$2.90B,1.4,$3.40B,$9.09B,0.37,$11.03B,$5.04B,45.72%,$11.03B,$1.74B,15.79%,$11.03B,$1.74B,15.79%,$11.03B,$2.01B,18.22%,$11.03B,$1.64B,14.85%,$11.03B,$1.37B,12.43%,$1.37B,$9.09B,17.39%,$1.37B,$-2.72B,-81.73%,$1.37B,$17.47B,9.53%,$1.74B,$12.48B,16.87%,$3141,$1691,$1451,$216,$769,$2676,$465,$-30,$435,$114,$320,$320,$320,$543,$465,$622,659,$0.51,$0.49,$239,$1194,$0,$4050,$1109,$0,$11806,$508,$13422,$17472,$2900,$3396,$2091,$5486,$8386,$4,$6821,$543,$9086,$17472,$1370,$268,$-106,$162,$-73,$38,$104,$39,$114,$1646,$-147,$0,$-3600,$0,$0,$0,$301,$-3446,$483,$648,$1131,$616,$616,$-34,$0,$1712,$-79,$73,$-34
44,2007-09-30,30.16,$12.97,2.32,$15.96,1.89,$5.10,5.91,$2.11,14.29,$3.39B,$2.09B,1.62,$1.93B,$8.05B,0.24,$10.45B,$4.75B,45.45%,$10.45B,$1.71B,16.37%,$10.45B,$1.71B,16.37%,$10.45B,$1.96B,18.80%,$10.45B,$1.61B,15.44%,$10.45B,$1.37B,13.15%,$1.37B,$8.05B,18.90%,$1.37B,$-1.13B,-98.16%,$1.37B,$13.78B,10.39%,$1.71B,$9.98B,18.08%,$2731,$1482,$1249,$131,$655,$2268,$463,$-25,$438,$104,$335,$335,$484,$527,$463,$621,656,$0.78,$0.74,$209,$1081,$0,$3386,$902,$0,$9181,$306,$10389,$13775,$2092,$1927,$1702,$3629,$5722,$3,$6510,$414,$8053,$13775,$1050,$190,$-159,$32,$-73,$-36,$35,$158,$-7,$1074,$-86,$0,$-514,$0,$0,$0,$-1,$-601,$-11,$-599,$-610,$48,$48,$-25,$0,$-587,$-109,$51,$-25
45,2007-06-30,27.52,$11.90,2.31,$15.50,1.78,$5.12,5.37,$1.79,15.42,$3.28B,$2.03B,1.62,$2.13B,$7.33B,0.29,$10.13B,$4.59B,45.32%,$10.13B,$1.64B,16.15%,$10.13B,$1.64B,16.15%,$10.13B,$1.88B,18.55%,$10.13B,$1.54B,15.17%,$10.13B,$1.16B,11.44%,$1.16B,$7.33B,17.04%,$1.16B,$-1.31B,-76.42%,$1.16B,$13.15B,9.06%,$1.64B,$9.47B,18.02%,$2632,$1431,$1201,$130,$643,$2189,$443,$-23,$420,$112,$308,$308,$311,$506,$443,$619,655,$0.51,$0.48,$174,$1049,$0,$3279,$888,$0,$8640,$340,$9868,$13147,$2029,$2133,$1651,$3784,$5813,$3,$6036,$288,$7334,$13147,$566,$127,$33,$159,$-23,$-11,$12,$91,$-34,$692,$-58,$0,$-373,$0,$0,$0,$-1,$-432,$-8,$-324,$-332,$-56,$-56,$-15,$0,$-403,$-144,$35,$-15
46,2007-03-31,26.03,$11.40,2.28,$15.11,1.72,$5.07,5.13,$1.80,14.5,$3.31B,$2.10B,1.58,$2.30B,$7.05B,0.33,$9.84B,$4.42B,44.90%,$9.84B,$1.57B,15.98%,$9.84B,$1.57B,15.98%,$9.84B,$1.81B,18.34%,$9.84B,$1.48B,15.08%,$9.84B,$1.16B,11.80%,$1.16B,$7.05B,18.08%,$1.16B,$-1.55B,-71.16%,$1.16B,$13.09B,9.32%,$1.57B,$9.34B,17.94%,$2522,$1382,$1140,$124,$646,$2152,$370,$-26,$344,$93,$252,$252,$255,$433,$370,$619,656,$0.41,$0.39,$198,$1050,$0,$3306,$889,$0,$8598,$295,$9782,$13088,$2098,$2295,$1648,$3943,$6041,$3,$5734,$228,$7047,$13088,$255,$63,$15,$78,$13,$-23,$-18,$28,$-9,$323,$-31,$0,$-297,$0,$0,$0,$-0,$-328,$-7,$-139,$-145,$37,$37,$-6,$0,$-115,$-120,$17,$-6
47,2006-12-31,26.39,$10.78,2.45,$14.57,1.81,$5.11,5.17,$1.74,15.17,$3.44B,$2.46B,1.4,$2.42B,$6.65B,0.37,$9.47B,$4.20B,44.34%,$9.47B,$1.50B,15.85%,$9.47B,$1.50B,15.85%,$9.47B,$1.72B,18.12%,$9.47B,$1.43B,15.10%,$9.47B,$1.12B,11.86%,$1.12B,$6.65B,18.69%,$1.12B,$-1.61B,-88.95%,$1.12B,$12.86B,9.73%,$1.50B,$9.07B,18.77%,$2564,$1405,$1159,$321,$403,$2129,$435,$-24,$411,$96,$315,$315,$324,$498,$435,$616,651,$0.53,$0.50,$318,$989,$0,$3437,$869,$0,$8259,$300,$9427,$12864,$2460,$2423,$1337,$3760,$6219,$3,$5422,$192,$6645,$12864,$1122,$216,$95,$311,$-48,$4,$76,$-15,$114,$1547,$-126,$0,$-2642,$0,$0,$0,$-1,$-2769,$298,$847,$1145,$98,$98,$-25,$0,$1219,$2,$67,$-25
