,Date,Stock Price,Book Value per Share,Price to Book Ratio,TTM Sales per Share,Price to Sales Ratio,TTM FCF per Share,Price to FCF Ratio,TTM Net EPS,PE Ratio,Current Assets,Current Liabilities,Current Ratio,Long Term Debt,Shareholder's Equity_x,Debt to Equity Ratio,TTM Revenue_x,TTM Gross Profit,Gross Margin,TTM Revenue_y,TTM Operating Income,Operating Margin,TTM Revenue_x,TTM EBIT,EBIT Margin,TTM Revenue_y,TTM EBITDA,EBITDA Margin,TTM Revenue_x,TTM Pre-Tax Income,Pre-Tax Margin,TTM Revenue_y,TTM Net Income_x,Net Margin,TTM Net Income_y,Shareholder's Equity_y,Return on Equity,TTM Net Income_x,Tangible Equity,Return on Tangible Equity,TTM Net Income_y,Total Assets,Return on Assets,TTM Net Income,LT Investments & Debt,Return on Investment,revenue,cost-goods-sold,gross-profit,research-development-expenses,selling-general-administrative-expenses,operating-expenses,operating-income,total-non-operating-income-expense,pre-tax-income,total-provision-income-taxes,income-after-taxes,income-from-continuous-operations,net-income,ebitda,ebit,basic-shares-outstanding,shares-outstanding,eps-basic-net-earnings-per-share,eps-earnings-per-share-diluted,cash-on-hand,inventory,other-current-assets,total-current-assets,net-property-plant-equipment,long-term-investments,goodwill-intangible-assets-total,other-long-term-assets,total-long-term-assets,total-assets,total-current-liabilities,long-term-debt,other-non-current-liabilities,total-long-term-liabilities,total-liabilities,common-stock-net,retained-earnings-accumulated-deficit,comprehensive-income,total-share-holder-equity,total-liabilities-share-holders-equity,net-income-loss,total-depreciation-amortization-cash-flow,other-non-cash-items,total-non-cash-items,change-in-accounts-receivable,change-in-inventories,change-in-accounts-payable,change-in-assets-liabilities,total-change-in-assets-liabilities,cash-flow-from-operating-activities,net-change-in-property-plant-equipment,net-change-in-intangible-assets,net-acquisitions-divestitures,net-change-in-short-term-investments,net-change-in-long-term-investments,net-change-in-investments-total,investing-activities-other,cash-flow-from-investing-activities,net-long-term-debt,net-current-debt,debt-issuance-retirement-net-total,net-common-equity-issued-repurchased,net-total-equity-issued-repurchased,total-common-preferred-stock-dividends-paid,financial-activities-other,cash-flow-from-financial-activities,net-cash-flow,stock-based-compensation,common-stock-dividends-paid
0,2018-09-30,33.29,$18.98,1.75,$23.19,1.44,$3.61,9.21,$0.24,138.71,$0.65B,$0.26B,2.47,$0.14B,$0.95B,0.15,$1.17B,$0.42B,35.70%,$1.17B,$0.13B,11.47%,$1.17B,$0.13B,11.47%,$1.17B,$0.13B,11.47%,$1.17B,$0.13B,10.87%,$1.17B,$0.04B,3.77%,$0.04B,$0.95B,4.81%,$0.04B,$0.68B,6.97%,$0.04B,$1.47B,3.00%,$0.13B,$1.09B,12.16%,$321,$206,$115,$23,$42,$275,$46,$-1,$44,$13,$31,$31,$31,$46,$46,$50,51,$0.62,$0.61,$158,$219,$0,$648,$454,$0,$275,$47,$820,$1468,$262,$140,$87,$253,$515,$34,$607,$-92,$952,$1468,$0,$0,$0,$0,$0,$0,$0,$0,$0,$124,$-72,$0,$-0,$-3,$0,$-3,$1,$-74,$-103,$9,$-94,$5,$5,$-3,$-7,$-98,$-54,$0,$-3
1,2018-06-30,34.47,$18.51,1.86,$22.57,1.53,$3.09,11.17,$0.53,65.04,$0.62B,$0.24B,2.6,$0.16B,$0.92B,0.18,$1.13B,$0.40B,35.16%,$1.13B,$0.11B,9.89%,$1.13B,$0.11B,9.89%,$1.13B,$0.11B,9.89%,$1.13B,$0.10B,9.10%,$1.13B,$0.03B,2.39%,$0.03B,$0.92B,3.00%,$0.03B,$0.64B,4.41%,$0.03B,$1.44B,1.82%,$0.11B,$1.09B,9.92%,$304,$197,$107,$22,$42,$266,$38,$-1,$36,$11,$26,$26,$25,$38,$38,$50,51,$0.50,$0.49,$160,$223,$0,$619,$460,$0,$280,$38,$818,$1437,$238,$162,$88,$276,$514,$34,$576,$-82,$923,$1437,$0,$0,$0,$0,$0,$0,$0,$0,$0,$88,$-53,$0,$0,$-3,$0,$-3,$2,$-54,$-81,$3,$-77,$3,$3,$-1,$-8,$-83,$-51,$0,$-1
2,2018-03-31,30.46,$18.35,1.66,$21.87,1.39,$2.82,10.8,$0.30,101.53,$0.63B,$0.24B,2.64,$0.20B,$0.91B,0.22,$1.09B,$0.38B,34.89%,$1.09B,$0.10B,8.97%,$1.09B,$0.10B,8.97%,$1.09B,$0.10B,8.97%,$1.09B,$0.09B,7.97%,$1.09B,$0.02B,1.37%,$0.02B,$0.91B,1.69%,$0.02B,$0.62B,2.53%,$0.02B,$1.47B,0.99%,$0.10B,$1.11B,8.37%,$275,$176,$99,$20,$47,$248,$27,$-1,$26,$8,$19,$19,$19,$27,$27,$49,51,$0.38,$0.37,$186,$237,$0,$634,$470,$0,$288,$38,$837,$1471,$240,$200,$95,$321,$562,$34,$551,$-65,$910,$1471,$0,$0,$0,$0,$0,$0,$0,$0,$0,$54,$-31,$0,$0,$1,$0,$1,$1,$-29,$-47,$3,$-44,$1,$1,$-0,$-7,$-50,$-21,$0,$-0
3,2017-12-31,28.67,$17.79,1.61,$21.20,1.35,$2.91,9.84,$-0.05,0.0,$0.66B,$0.25B,2.68,$0.25B,$0.87B,0.28,$1.05B,$0.36B,33.81%,$1.05B,$0.08B,7.60%,$1.05B,$0.08B,7.60%,$1.05B,$0.08B,7.60%,$1.05B,$0.06B,5.98%,$1.05B,$-0.00B,-0.28%,$-0.00B,$0.87B,-0.34%,$-0.00B,$0.58B,-0.52%,$-0.00B,$1.49B,-0.20%,$0.08B,$1.12B,6.64%,$268,$172,$96,$20,$45,$245,$23,$-3,$21,$51,$-30,$-30,$-31,$23,$23,$49,49,$-0.63,$-0.61,$208,$217,$0,$662,$459,$0,$291,$36,$826,$1489,$247,$247,$95,$368,$615,$34,$533,$-83,$874,$1489,$0,$96,$44,$140,$22,$-17,$17,$6,$41,$181,$-110,$0,$0,$26,$0,$26,$5,$-78,$-160,$1,$-159,$5,$5,$-6,$2,$-158,$-44,$19,$-6
4,2017-09-30,29.93,$18.23,1.64,$20.37,1.47,$2.79,10.74,$0.60,49.88,$0.70B,$0.23B,3.12,$0.31B,$0.90B,0.34,$1.02B,$0.33B,32.15%,$1.02B,$0.06B,6.10%,$1.02B,$0.06B,6.10%,$1.02B,$0.06B,6.10%,$1.02B,$0.05B,4.42%,$1.02B,$0.03B,2.85%,$0.03B,$0.90B,3.39%,$0.03B,$0.60B,5.21%,$0.03B,$1.54B,1.87%,$0.06B,$1.20B,5.03%,$285,$189,$96,$20,$44,$262,$24,$-4,$20,$5,$15,$15,$14,$24,$24,$49,50,$0.29,$0.29,$214,$211,$0,$701,$446,$0,$295,$34,$839,$1541,$225,$307,$85,$421,$646,$34,$563,$-90,$895,$1541,$0,$0,$0,$0,$0,$0,$0,$0,$0,$106,$-82,$0,$0,$18,$0,$18,$-1,$-65,$-103,$2,$-100,$7,$7,$-6,$1,$-98,$-47,$0,$-6
5,2017-06-30,24.03,$17.80,1.35,$19.73,1.22,$2.86,8.4,$0.52,46.21,$0.76B,$0.22B,3.49,$0.38B,$0.87B,0.44,$0.98B,$0.31B,31.74%,$0.98B,$0.06B,5.90%,$0.98B,$0.06B,5.90%,$0.98B,$0.06B,5.90%,$0.98B,$0.04B,4.17%,$0.98B,$0.03B,2.64%,$0.03B,$0.87B,3.08%,$0.03B,$0.57B,4.81%,$0.03B,$1.58B,1.68%,$0.06B,$1.25B,4.66%,$264,$174,$90,$20,$40,$240,$24,$-4,$20,$6,$14,$14,$13,$24,$24,$49,50,$0.27,$0.26,$283,$208,$0,$758,$427,$0,$298,$34,$821,$1579,$217,$383,$83,$495,$712,$33,$549,$-97,$867,$1579,$0,$0,$0,$0,$0,$0,$0,$0,$0,$65,$-44,$0,$0,$14,$0,$14,$-1,$-30,$-27,$0,$-27,$7,$7,$-3,$0,$-23,$18,$0,$-3
6,2017-03-31,24.05,$17.46,1.38,$19.22,1.25,$2.69,8.95,$0.38,63.29,$0.74B,$0.19B,3.94,$0.40B,$0.84B,0.47,$0.96B,$0.30B,31.07%,$0.96B,$0.05B,4.71%,$0.96B,$0.05B,4.71%,$0.96B,$0.05B,4.71%,$0.96B,$0.03B,3.14%,$0.96B,$0.02B,1.99%,$0.02B,$0.84B,2.27%,$0.02B,$0.54B,3.60%,$0.02B,$1.54B,1.23%,$0.05B,$1.25B,3.62%,$236,$162,$74,$18,$40,$227,$9,$-7,$2,$1,$2,$2,$1,$9,$9,$48,50,$0.03,$0.02,$298,$191,$0,$739,$405,$0,$301,$34,$802,$1541,$188,$400,$80,$509,$697,$33,$536,$-102,$844,$1541,$0,$0,$0,$0,$0,$0,$0,$0,$0,$46,$-19,$0,$0,$-2,$0,$-2,$-0,$-21,$-12,$0,$-12,$2,$2,$0,$-0,$-10,$17,$0,$0
7,2016-12-31,25.67,$17.02,1.51,$19.08,1.35,$2.40,10.71,$0.32,80.22,$0.73B,$0.19B,3.95,$0.41B,$0.82B,0.5,$0.94B,$0.29B,30.43%,$0.94B,$0.04B,3.92%,$0.94B,$0.04B,3.92%,$0.94B,$0.04B,3.92%,$0.94B,$0.03B,2.76%,$0.94B,$0.02B,1.70%,$0.02B,$0.82B,1.91%,$0.02B,$0.52B,3.06%,$0.02B,$1.53B,1.03%,$0.04B,$1.23B,2.95%,$232,$165,$67,$18,$39,$227,$5,$-3,$3,$1,$2,$2,$1,$5,$5,$49,50,$0.03,$0.03,$278,$193,$0,$733,$402,$0,$304,$33,$796,$1529,$185,$413,$81,$523,$708,$33,$530,$-113,$820,$1529,$18,$101,$-0,$101,$1,$5,$3,$-6,$6,$125,$-58,$0,$0,$33,$0,$33,$-2,$-27,$-36,$0,$-36,$-18,$-18,$-5,$-4,$-63,$29,$14,$-5
8,2016-09-30,21.34,$17.28,1.24,$18.75,1.14,$0.76,28.05,$0.30,71.13,$0.74B,$0.17B,4.28,$0.41B,$0.84B,0.48,$0.93B,$0.27B,29.62%,$0.93B,$0.03B,2.70%,$0.93B,$0.03B,2.70%,$0.93B,$0.03B,2.70%,$0.93B,$0.02B,1.73%,$0.93B,$0.01B,1.08%,$0.01B,$0.84B,1.19%,$0.01B,$0.53B,1.91%,$0.01B,$1.55B,0.64%,$0.03B,$1.25B,1.97%,$251,$170,$81,$17,$38,$231,$20,$-4,$16,$4,$12,$12,$11,$20,$20,$49,50,$0.22,$0.21,$255,$204,$0,$740,$416,$0,$312,$35,$813,$1552,$173,$407,$97,$536,$709,$33,$529,$-106,$843,$1552,$0,$0,$0,$0,$0,$0,$0,$0,$0,$75,$-47,$0,$0,$29,$0,$29,$-2,$-20,$-47,$0,$-47,$0,$0,$-5,$-2,$-54,$2,$0,$-5
9,2016-06-30,18.79,$17.33,1.08,$17.94,1.05,$0.27,68.43,$0.15,125.27,$0.72B,$0.18B,3.99,$0.40B,$0.84B,0.48,$0.88B,$0.26B,28.88%,$0.88B,$0.02B,1.70%,$0.88B,$0.02B,1.70%,$0.88B,$0.02B,1.70%,$0.88B,$0.01B,1.13%,$0.88B,$0.00B,0.23%,$0.00B,$0.84B,0.24%,$0.00B,$0.52B,0.35%,$0.00B,$1.54B,0.13%,$0.02B,$1.24B,1.26%,$237,$162,$75,$17,$41,$225,$11,$-2,$9,$2,$6,$6,$6,$11,$11,$48,50,$0.12,$0.12,$237,$210,$0,$718,$425,$0,$317,$35,$825,$1543,$180,$400,$91,$523,$703,$33,$518,$-97,$840,$1543,$0,$0,$0,$0,$0,$0,$0,$0,$0,$42,$-29,$0,$0,$20,$0,$20,$-1,$-10,$-54,$0,$-54,$0,$0,$0,$-3,$-57,$-26,$0,$0
10,2016-03-31,20.1,$17.52,1.15,$17.61,1.14,$0.14,143.57,$0.34,59.12,$0.75B,$0.17B,4.3,$0.44B,$0.85B,0.52,$0.87B,$0.25B,28.79%,$0.87B,$0.03B,3.01%,$0.87B,$0.03B,3.01%,$0.87B,$0.03B,3.01%,$0.87B,$0.02B,2.54%,$0.87B,$0.01B,1.27%,$0.01B,$0.85B,1.29%,$0.01B,$0.52B,1.76%,$0.01B,$1.58B,0.79%,$0.03B,$1.29B,2.32%,$223,$159,$64,$18,$39,$221,$1,$-3,$-2,$-1,$-1,$-1,$-2,$1,$1,$48,48,$-0.04,$-0.04,$280,$205,$0,$745,$431,$0,$325,$34,$835,$1580,$173,$440,$88,$561,$734,$33,$513,$-82,$846,$1580,$0,$0,$0,$0,$0,$0,$0,$0,$0,$25,$-14,$0,$0,$22,$0,$22,$0,$9,$-15,$0,$-15,$0,$0,$0,$-2,$-17,$19,$0,$0
11,2015-12-31,22.98,$17.51,1.31,$17.21,1.34,$0.20,114.79,$0.61,37.67,$0.75B,$0.18B,4.18,$0.45B,$0.84B,0.54,$0.85B,$0.25B,29.36%,$0.85B,$0.04B,4.95%,$0.85B,$0.04B,4.95%,$0.85B,$0.04B,4.95%,$0.85B,$0.04B,4.72%,$0.85B,$0.02B,2.83%,$0.02B,$0.84B,2.84%,$0.02B,$0.51B,3.58%,$0.02B,$1.60B,1.85%,$0.04B,$1.30B,4.05%,$214,$161,$54,$16,$41,$221,$-7,$-0,$-7,$-2,$-5,$-5,$-5,$-7,$-7,$48,50,$-0.10,$-0.11,$283,$203,$0,$751,$439,$0,$329,$34,$848,$1599,$180,$454,$90,$576,$756,$32,$514,$-84,$843,$1599,$27,$81,$21,$101,$-10,$-2,$-9,$11,$-10,$118,$-133,$0,$-349,$18,$4,$22,$0,$-459,$325,$-3,$322,$-1,$-1,$0,$0,$321,$-25,$19,$0
12,2015-09-30,21.36,$17.65,1.21,$17.48,1.22,$2.11,10.13,$0.94,22.72,$0.66B,$0.19B,3.53,$0.09B,$0.86B,0.11,$0.86B,$0.27B,31.00%,$0.86B,$0.07B,8.28%,$0.86B,$0.07B,8.28%,$0.86B,$0.07B,8.28%,$0.86B,$0.07B,8.16%,$0.86B,$0.05B,5.36%,$0.05B,$0.86B,5.50%,$0.05B,$0.74B,6.45%,$0.05B,$1.21B,3.86%,$0.07B,$0.95B,7.48%,$209,$147,$62,$14,$35,$199,$10,$0,$10,$7,$4,$4,$3,$10,$10,$49,50,$0.06,$0.06,$213,$198,$0,$663,$371,$0,$122,$25,$550,$1213,$188,$94,$75,$168,$356,$32,$519,$-78,$857,$1213,$0,$0,$0,$0,$0,$0,$0,$0,$0,$98,$-95,$0,$-1,$-14,$-1,$-14,$1,$-109,$-50,$2,$-48,$10,$10,$0,$-1,$-39,$-54,$0,$0
13,2015-06-30,24.11,$17.72,1.36,$18.07,1.33,$3.51,6.88,$1.28,18.84,$0.68B,$0.17B,3.93,$0.10B,$0.86B,0.12,$0.88B,$0.28B,31.60%,$0.88B,$0.09B,9.74%,$0.88B,$0.09B,9.74%,$0.88B,$0.09B,9.74%,$0.88B,$0.09B,9.74%,$0.88B,$0.06B,7.02%,$0.06B,$0.86B,7.56%,$0.06B,$0.73B,8.92%,$0.06B,$1.21B,5.22%,$0.09B,$0.96B,9.08%,$219,$150,$69,$14,$32,$197,$22,$-1,$21,$5,$16,$16,$15,$22,$22,$48,49,$0.31,$0.31,$220,$195,$0,$682,$342,$0,$123,$26,$524,$1205,$173,$100,$77,$177,$350,$32,$516,$-67,$855,$1205,$0,$0,$0,$0,$0,$0,$0,$0,$0,$53,$-47,$0,$0,$-35,$18,$-17,$-3,$-67,$-43,$1,$-41,$8,$8,$0,$0,$-33,$-48,$0,$0
14,2015-03-31,28.56,$17.16,1.66,$18.22,1.57,$4.58,6.24,$1.33,21.47,$0.67B,$0.16B,4.32,$0.12B,$0.82B,0.14,$0.89B,$0.28B,31.57%,$0.89B,$0.09B,9.81%,$0.89B,$0.09B,9.81%,$0.89B,$0.09B,9.81%,$0.89B,$0.09B,10.03%,$0.89B,$0.06B,7.22%,$0.06B,$0.82B,7.98%,$0.06B,$0.70B,9.51%,$0.06B,$1.18B,5.41%,$0.09B,$0.94B,9.21%,$206,$142,$64,$13,$32,$189,$17,$-1,$16,$4,$12,$12,$11,$17,$17,$48,49,$0.23,$0.23,$249,$187,$0,$672,$325,$0,$122,$23,$503,$1175,$156,$118,$79,$197,$352,$32,$501,$-77,$823,$1175,$0,$0,$0,$0,$0,$0,$0,$0,$0,$39,$-24,$0,$0,$-15,$0,$-15,$0,$-38,$-24,$1,$-23,$6,$6,$0,$0,$-18,$-21,$0,$0
15,2014-12-31,27.57,$17.02,1.62,$18.38,1.5,$4.98,5.53,$1.31,21.05,$0.68B,$0.15B,4.53,$0.14B,$0.81B,0.17,$0.89B,$0.28B,31.20%,$0.89B,$0.08B,9.43%,$0.89B,$0.08B,9.43%,$0.89B,$0.08B,9.43%,$0.89B,$0.09B,9.65%,$0.89B,$0.06B,7.07%,$0.06B,$0.81B,8.03%,$0.06B,$0.68B,9.65%,$0.06B,$1.18B,5.37%,$0.08B,$0.95B,8.95%,$224,$153,$71,$13,$34,$202,$22,$1,$23,$6,$17,$17,$17,$22,$22,$47,49,$0.35,$0.34,$255,$182,$0,$676,$310,$0,$126,$24,$504,$1179,$149,$141,$79,$220,$369,$32,$490,$-68,$810,$1179,$66,$77,$6,$83,$2,$-3,$-10,$-14,$-14,$134,$-56,$0,$0,$11,$-0,$11,$3,$-43,$-43,$-5,$-48,$6,$6,$-1,$7,$-36,$46,$14,$-1
16,2014-09-30,23.92,$16.69,1.43,$18.21,1.31,$4.70,5.09,$1.10,21.75,$0.70B,$0.17B,4.13,$0.15B,$0.79B,0.19,$0.88B,$0.27B,30.52%,$0.88B,$0.07B,7.97%,$0.88B,$0.07B,7.97%,$0.88B,$0.07B,7.97%,$0.88B,$0.07B,7.86%,$0.88B,$0.05B,5.92%,$0.05B,$0.79B,6.77%,$0.05B,$0.66B,8.21%,$0.05B,$1.19B,4.45%,$0.07B,$0.94B,7.50%,$234,$159,$75,$14,$34,$209,$25,$1,$26,$6,$20,$20,$19,$25,$25,$48,49,$0.41,$0.40,$251,$189,$0,$696,$312,$0,$131,$25,$493,$1188,$169,$148,$78,$226,$394,$32,$473,$-59,$794,$1188,$0,$0,$0,$0,$0,$0,$0,$0,$0,$107,$-36,$0,$0,$9,$-1,$7,$2,$-27,$-46,$6,$-40,$6,$6,$0,$0,$-34,$40,$0,$0
17,2014-06-30,28.96,$16.59,1.75,$18.09,1.6,$4.21,6.88,$0.98,29.55,$0.69B,$0.17B,4.1,$0.16B,$0.78B,0.21,$0.87B,$0.26B,30.26%,$0.87B,$0.07B,7.48%,$0.87B,$0.07B,7.48%,$0.87B,$0.07B,7.48%,$0.87B,$0.06B,6.90%,$0.87B,$0.05B,5.41%,$0.05B,$0.78B,6.20%,$0.05B,$0.65B,7.59%,$0.05B,$1.19B,4.01%,$0.07B,$0.94B,6.94%,$223,$153,$70,$13,$33,$200,$23,$0,$24,$6,$18,$18,$17,$23,$23,$47,48,$0.37,$0.36,$253,$183,$0,$688,$313,$0,$136,$27,$498,$1186,$168,$163,$74,$237,$405,$31,$454,$-45,$781,$1186,$0,$0,$0,$0,$0,$0,$0,$0,$0,$80,$-22,$0,$0,$0,$4,$4,$1,$-17,$-28,$4,$-24,$3,$3,$0,$-0,$-21,$39,$0,$0
18,2014-03-31,26.12,$16.16,1.62,$17.99,1.45,$3.80,6.87,$0.80,32.65,$0.64B,$0.15B,4.34,$0.17B,$0.76B,0.22,$0.86B,$0.25B,29.53%,$0.86B,$0.05B,6.05%,$0.86B,$0.05B,6.05%,$0.86B,$0.05B,6.05%,$0.86B,$0.05B,5.47%,$0.86B,$0.04B,4.53%,$0.04B,$0.76B,5.23%,$0.04B,$0.62B,6.45%,$0.04B,$1.14B,3.34%,$0.05B,$0.92B,5.56%,$210,$148,$62,$13,$32,$196,$14,$-1,$13,$3,$10,$10,$10,$14,$14,$47,48,$0.22,$0.21,$232,$177,$0,$643,$316,$0,$136,$23,$497,$1141,$148,$165,$72,$237,$386,$31,$437,$-47,$755,$1141,$0,$0,$0,$0,$0,$0,$0,$0,$0,$46,$-12,$0,$0,$2,$0,$2,$2,$-8,$-23,$2,$-21,$0,$0,$0,$-0,$-20,$15,$0,$0
19,2013-12-31,23.56,$15.93,1.48,$17.46,1.35,$3.42,6.88,$0.55,42.84,$0.65B,$0.16B,4.14,$0.18B,$0.74B,0.25,$0.83B,$0.24B,28.78%,$0.83B,$0.04B,5.08%,$0.83B,$0.04B,5.08%,$0.83B,$0.04B,5.08%,$0.83B,$0.04B,4.59%,$0.83B,$0.03B,3.26%,$0.03B,$0.74B,3.68%,$0.03B,$0.61B,4.56%,$0.03B,$1.16B,2.31%,$0.04B,$0.93B,4.49%,$211,$150,$61,$12,$33,$203,$8,$-2,$6,$3,$3,$3,$6,$8,$8,$46,48,$0.13,$0.14,$220,$180,$0,$650,$322,$0,$138,$24,$512,$1162,$157,$183,$79,$262,$419,$31,$426,$-44,$744,$1162,$24,$79,$20,$100,$-18,$15,$-9,$-2,$-14,$110,$-47,$0,$-125,$-23,$2,$-21,$6,$-186,$104,$15,$119,$3,$3,$0,$-9,$112,$40,$14,$0
20,2013-09-30,24.5,$16.15,1.52,$16.51,1.48,$2.27,10.77,$0.51,48.04,$0.67B,$0.18B,3.67,$0.20B,$0.75B,0.27,$0.78B,$0.22B,28.24%,$0.78B,$0.04B,4.88%,$0.78B,$0.04B,4.88%,$0.78B,$0.04B,4.88%,$0.78B,$0.04B,5.01%,$0.78B,$0.03B,3.21%,$0.03B,$0.75B,3.43%,$0.03B,$0.61B,4.26%,$0.03B,$1.20B,2.25%,$0.04B,$0.96B,4.24%,$225,$155,$70,$14,$34,$204,$20,$-3,$17,$4,$14,$14,$14,$20,$20,$47,48,$0.29,$0.28,$226,$194,$0,$672,$329,$0,$145,$24,$530,$1202,$183,$202,$63,$265,$449,$31,$420,$-33,$753,$1202,$0,$0,$0,$0,$0,$0,$0,$0,$0,$78,$-31,$0,$-125,$-22,$2,$-20,$6,$-169,$128,$10,$138,$2,$2,$0,$-4,$137,$47,$0,$0
21,2013-06-30,25.97,$15.71,1.65,$15.38,1.69,$1.44,18.01,$0.41,63.34,$0.64B,$0.18B,3.65,$0.21B,$0.73B,0.29,$0.72B,$0.19B,26.91%,$0.72B,$0.03B,3.61%,$0.72B,$0.03B,3.61%,$0.72B,$0.03B,3.61%,$0.72B,$0.03B,4.30%,$0.72B,$0.02B,2.77%,$0.02B,$0.73B,2.79%,$0.02B,$0.59B,3.43%,$0.02B,$1.17B,1.92%,$0.03B,$0.94B,3.08%,$214,$153,$61,$12,$35,$204,$10,$0,$11,$1,$9,$9,$9,$10,$10,$46,48,$0.19,$0.18,$214,$187,$0,$643,$331,$0,$143,$23,$529,$1172,$176,$209,$58,$268,$444,$31,$407,$-41,$728,$1172,$0,$0,$0,$0,$0,$0,$0,$0,$0,$61,$-24,$0,$-125,$0,$7,$7,$-4,$-145,$140,$5,$145,$1,$1,$0,$-3,$143,$56,$0,$0
22,2013-03-31,20.98,$15.48,1.36,$14.27,1.47,$0.82,25.48,$0.37,56.7,$0.61B,$0.16B,3.85,$0.21B,$0.71B,0.3,$0.67B,$0.17B,26.13%,$0.67B,$0.02B,3.60%,$0.67B,$0.02B,3.60%,$0.67B,$0.02B,3.60%,$0.67B,$0.03B,4.35%,$0.67B,$0.02B,2.70%,$0.02B,$0.71B,2.56%,$0.02B,$0.57B,3.10%,$0.02B,$1.15B,1.87%,$0.02B,$0.93B,3.04%,$177,$131,$46,$10,$30,$173,$4,$1,$4,$7,$-2,$-2,$-2,$4,$4,$46,46,$-0.04,$-0.04,$200,$182,$0,$612,$338,$0,$145,$18,$533,$1145,$159,$214,$59,$273,$432,$31,$398,$-43,$712,$1145,$0,$0,$0,$0,$0,$0,$0,$0,$0,$31,$-16,$0,$-125,$0,$7,$7,$0,$-133,$170,$-22,$148,$0,$0,$0,$-3,$145,$43,$0,$0
23,2012-12-31,17.35,$15.66,1.11,$13.51,1.28,$0.53,32.87,$0.51,34.02,$0.49B,$0.11B,4.33,$0.04B,$0.72B,0.06,$0.63B,$0.16B,25.55%,$0.63B,$0.03B,4.10%,$0.63B,$0.03B,4.10%,$0.63B,$0.03B,4.10%,$0.63B,$0.03B,4.89%,$0.63B,$0.03B,3.94%,$0.03B,$0.72B,3.63%,$0.03B,$0.59B,4.30%,$0.03B,$0.92B,2.82%,$0.03B,$0.77B,3.55%,$163,$120,$43,$9,$29,$160,$4,$3,$7,$3,$4,$4,$4,$4,$4,$46,47,$0.08,$0.09,$157,$153,$0,$491,$243,$0,$132,$17,$429,$920,$114,$44,$42,$86,$200,$31,$400,$-34,$720,$920,$26,$64,$-11,$53,$-6,$-5,$-7,$-1,$-15,$64,$-56,$2,$-20,$0,$-3,$-3,$0,$-77,$31,$4,$35,$1,$1,$0,$2,$39,$28,$14,$0
24,2012-09-30,17.01,$15.45,1.1,$13.09,1.3,$-0.06,0.0,$0.49,34.71,$0.52B,$0.13B,3.89,$0.04B,$0.71B,0.06,$0.61B,$0.15B,25.08%,$0.61B,$0.03B,4.40%,$0.61B,$0.03B,4.40%,$0.61B,$0.03B,4.40%,$0.61B,$0.03B,4.56%,$0.61B,$0.02B,3.91%,$0.02B,$0.71B,3.57%,$0.02B,$0.59B,4.19%,$0.02B,$0.92B,2.80%,$0.03B,$0.75B,3.83%,$167,$123,$44,$9,$26,$159,$8,$2,$9,$1,$9,$9,$9,$8,$8,$46,47,$0.19,$0.18,$168,$158,$0,$519,$247,$0,$118,$13,$405,$923,$133,$44,$35,$79,$213,$31,$396,$-34,$711,$923,$0,$0,$0,$0,$0,$0,$0,$0,$0,$48,$-41,$2,$-5,$0,$-3,$-3,$0,$-47,$32,$3,$34,$1,$1,$0,$-0,$35,$39,$0,$0
25,2012-06-30,18.77,$14.55,1.29,$12.96,1.45,$-0.30,0.0,$0.52,36.1,$0.49B,$0.11B,4.27,$0.04B,$0.67B,0.07,$0.61B,$0.16B,25.49%,$0.61B,$0.03B,5.26%,$0.61B,$0.03B,5.26%,$0.61B,$0.03B,5.26%,$0.61B,$0.03B,4.93%,$0.61B,$0.03B,4.11%,$0.03B,$0.67B,3.86%,$0.03B,$0.58B,4.50%,$0.03B,$0.86B,3.05%,$0.03B,$0.71B,4.76%,$159,$118,$41,$8,$25,$151,$8,$0,$9,$1,$8,$8,$7,$8,$8,$46,47,$0.15,$0.14,$168,$138,$0,$486,$227,$0,$91,$29,$373,$860,$114,$44,$35,$79,$193,$31,$387,$-39,$667,$860,$0,$0,$0,$0,$0,$0,$0,$0,$0,$30,$-22,$2,$0,$0,$0,$0,$-6,$-26,$40,$-7,$33,$1,$1,$0,$-0,$34,$39,$0,$0
26,2012-03-31,23.18,$14.49,1.6,$13.16,1.76,$-0.41,0.0,$0.76,30.5,$0.48B,$0.11B,4.35,$0.04B,$0.66B,0.07,$0.62B,$0.17B,27.46%,$0.62B,$0.05B,7.92%,$0.62B,$0.05B,7.92%,$0.62B,$0.05B,7.92%,$0.62B,$0.04B,7.11%,$0.62B,$0.04B,5.82%,$0.04B,$0.66B,5.67%,$0.04B,$0.57B,6.66%,$0.04B,$0.85B,4.31%,$0.05B,$0.70B,7.55%,$145,$111,$34,$7,$22,$139,$6,$1,$6,$1,$6,$6,$5,$6,$6,$45,47,$0.11,$0.10,$177,$134,$0,$478,$227,$0,$93,$23,$370,$848,$110,$44,$35,$79,$189,$30,$381,$-35,$659,$848,$0,$0,$0,$0,$0,$0,$0,$0,$0,$13,$-12,$2,$0,$0,$0,$0,$-0,$-10,$40,$2,$42,$0,$0,$0,$-0,$43,$47,$0,$0
27,2011-12-31,21.3,$14.28,1.49,$13.54,1.57,$-0.38,0.0,$1.08,19.72,$0.43B,$0.11B,3.89,$0.00B,$0.65B,0.01,$0.64B,$0.19B,30.35%,$0.64B,$0.07B,11.16%,$0.64B,$0.07B,11.16%,$0.64B,$0.07B,11.16%,$0.64B,$0.06B,9.91%,$0.64B,$0.05B,8.02%,$0.05B,$0.65B,8.26%,$0.05B,$0.56B,9.76%,$0.05B,$0.79B,6.05%,$0.07B,$0.65B,11.41%,$143,$108,$35,$7,$23,$138,$5,$-1,$4,$0,$4,$4,$3,$5,$5,$45,47,$0.06,$0.08,$130,$140,$0,$427,$225,$0,$92,$22,$366,$793,$110,$4,$31,$35,$144,$30,$376,$-36,$649,$793,$54,$68,$-22,$46,$-4,$-20,$-4,$-4,$-37,$62,$-81,$0,$0,$0,$-14,$-14,$-3,$-98,$-135,$8,$-127,$4,$4,$0,$16,$-108,$-141,$14,$0
28,2011-09-30,17.92,$13.54,1.32,$14.07,1.27,$0.72,24.72,$1.53,11.71,$0.43B,$0.12B,3.63,$0.00B,$0.62B,0.01,$0.66B,$0.22B,33.64%,$0.66B,$0.10B,14.92%,$0.66B,$0.10B,14.92%,$0.66B,$0.10B,14.92%,$0.66B,$0.09B,13.70%,$0.66B,$0.07B,10.96%,$0.07B,$0.62B,12.13%,$0.07B,$0.52B,14.49%,$0.07B,$0.77B,8.41%,$0.10B,$0.62B,16.38%,$161,$115,$45,$7,$23,$147,$13,$-2,$11,$0,$11,$11,$10,$13,$13,$46,47,$0.22,$0.21,$125,$139,$0,$429,$232,$0,$93,$18,$344,$774,$118,$4,$34,$38,$156,$30,$373,$-44,$617,$774,$0,$0,$0,$0,$0,$0,$0,$0,$0,$65,$-70,$0,$0,$0,$-13,$-13,$0,$-83,$-144,$10,$-134,$3,$3,$0,$0,$-131,$-146,$0,$0
29,2011-06-30,26.1,$13.49,1.93,$14.23,1.83,$1.39,18.76,$1.78,14.66,$0.59B,$0.27B,2.16,$0.00B,$0.61B,0.01,$0.66B,$0.24B,35.96%,$0.66B,$0.12B,17.45%,$0.66B,$0.12B,17.45%,$0.66B,$0.12B,17.45%,$0.66B,$0.11B,16.08%,$0.66B,$0.08B,12.59%,$0.08B,$0.61B,14.64%,$0.08B,$0.52B,17.69%,$0.08B,$0.92B,9.56%,$0.12B,$0.62B,19.06%,$170,$114,$56,$7,$23,$144,$25,$-2,$23,$5,$19,$19,$18,$25,$25,$45,47,$0.40,$0.38,$290,$129,$0,$589,$230,$0,$97,$6,$334,$923,$273,$4,$32,$36,$310,$30,$363,$-34,$613,$923,$0,$0,$0,$0,$0,$0,$0,$0,$0,$48,$-45,$0,$0,$0,$0,$0,$0,$-45,$-0,$10,$10,$4,$4,$0,$0,$13,$19,$0,$0
30,2011-03-31,34.06,$13.12,2.6,$13.91,2.45,$1.50,22.69,$1.77,19.24,$0.57B,$0.26B,2.23,$0.01B,$0.59B,0.01,$0.64B,$0.23B,36.68%,$0.64B,$0.11B,17.87%,$0.64B,$0.11B,17.87%,$0.64B,$0.11B,17.87%,$0.64B,$0.10B,16.30%,$0.64B,$0.08B,12.85%,$0.08B,$0.59B,15.40%,$0.08B,$0.49B,18.84%,$0.08B,$0.88B,9.87%,$0.11B,$0.60B,19.00%,$162,$104,$57,$7,$21,$133,$28,$-3,$25,$5,$20,$20,$20,$28,$28,$45,47,$0.44,$0.42,$279,$123,$0,$569,$207,$0,$98,$6,$313,$882,$255,$5,$31,$36,$291,$30,$345,$-33,$591,$882,$0,$0,$0,$0,$0,$0,$0,$0,$0,$16,$-12,$0,$0,$0,$0,$0,$-1,$-13,$-0,$0,$-0,$3,$3,$0,$-0,$2,$8,$0,$0
31,2010-12-31,26.99,$12.38,2.18,$13.46,2.0,$1.64,16.46,$1.68,16.07,$0.54B,$0.25B,2.15,$0.01B,$0.55B,0.01,$0.61B,$0.23B,36.70%,$0.61B,$0.11B,17.13%,$0.61B,$0.11B,17.13%,$0.61B,$0.11B,17.13%,$0.61B,$0.10B,15.99%,$0.61B,$0.08B,12.56%,$0.08B,$0.55B,15.41%,$0.08B,$0.46B,19.13%,$0.08B,$0.85B,9.00%,$0.11B,$0.56B,17.56%,$164,$101,$63,$6,$23,$132,$32,$-1,$31,$6,$25,$25,$24,$32,$32,$44,46,$0.54,$0.52,$271,$121,$0,$541,$201,$0,$98,$6,$306,$847,$251,$5,$38,$42,$294,$30,$325,$-45,$553,$847,$80,$60,$4,$64,$-24,$-30,$7,$0,$-26,$118,$-87,$0,$0,$297,$0,$297,$-0,$210,$-305,$4,$-301,$5,$5,$-2,$3,$-295,$29,$13,$-2
32,2010-09-30,17.09,$11.51,1.49,$12.87,1.33,$1.95,8.77,$1.48,11.55,$0.52B,$0.13B,4.14,$0.13B,$0.51B,0.26,$0.58B,$0.20B,35.23%,$0.58B,$0.09B,15.03%,$0.58B,$0.09B,15.03%,$0.58B,$0.10B,17.44%,$0.58B,$0.08B,13.47%,$0.58B,$0.07B,11.57%,$0.07B,$0.51B,14.13%,$0.07B,$0.41B,17.83%,$0.07B,$0.82B,7.45%,$0.09B,$0.64B,14.43%,$163,$102,$61,$7,$23,$133,$30,$-2,$27,$5,$22,$22,$21,$30,$30,$44,46,$0.48,$0.46,$264,$113,$0,$520,$199,$0,$98,$6,$303,$822,$126,$131,$45,$186,$312,$30,$301,$-56,$510,$822,$0,$0,$0,$0,$0,$0,$0,$0,$0,$90,$-64,$0,$0,$297,$0,$297,$-0,$232,$-304,$4,$-300,$3,$3,$0,$-1,$-299,$22,$0,$0
33,2010-06-30,15.87,$10.76,1.47,$12.07,1.31,$2.09,7.59,$1.18,13.45,$0.49B,$0.11B,4.27,$0.13B,$0.48B,0.27,$0.54B,$0.18B,33.64%,$0.54B,$0.07B,12.64%,$0.54B,$0.07B,12.64%,$0.54B,$0.10B,17.84%,$0.54B,$0.06B,10.78%,$0.54B,$0.05B,9.85%,$0.05B,$0.48B,11.67%,$0.05B,$0.38B,14.96%,$0.05B,$0.77B,5.74%,$0.07B,$0.61B,11.68%,$149,$96,$53,$7,$21,$125,$24,$-3,$21,$3,$18,$18,$17,$24,$24,$44,46,$0.38,$0.37,$246,$102,$0,$487,$184,$0,$96,$5,$286,$773,$114,$129,$45,$182,$296,$30,$280,$-65,$476,$773,$0,$0,$0,$0,$0,$0,$0,$0,$0,$47,$-39,$0,$0,$297,$0,$297,$-0,$258,$-303,$4,$-299,$3,$3,$0,$0,$-296,$4,$0,$0
34,2010-03-31,22.4,$10.49,2.14,$11.29,1.98,$2.28,9.81,$0.74,30.27,$0.70B,$0.35B,2.04,$0.13B,$0.46B,0.28,$0.49B,$0.16B,31.44%,$0.49B,$0.05B,10.14%,$0.49B,$0.05B,10.14%,$0.49B,$0.09B,18.66%,$0.49B,$0.04B,8.11%,$0.49B,$0.03B,6.69%,$0.03B,$0.46B,7.62%,$0.03B,$0.36B,9.98%,$0.03B,$0.98B,3.46%,$0.05B,$0.59B,8.85%,$137,$89,$48,$6,$21,$118,$19,$0,$19,$3,$16,$16,$15,$19,$19,$44,45,$0.34,$0.33,$486,$94,$0,$704,$174,$0,$98,$5,$278,$982,$345,$128,$42,$177,$522,$29,$263,$-59,$460,$982,$0,$0,$0,$0,$0,$0,$0,$0,$0,$24,$-14,$0,$0,$59,$0,$59,$-0,$44,$-60,$0,$-60,$1,$1,$0,$0,$-59,$6,$0,$0
35,2009-12-31,20.41,$10.31,1.98,$10.17,2.01,$2.13,9.57,$0.15,136.07,$0.75B,$0.40B,1.89,$0.13B,$0.45B,0.28,$0.43B,$0.12B,27.88%,$0.43B,$0.02B,5.30%,$0.43B,$0.02B,5.30%,$0.43B,$0.08B,18.20%,$0.43B,$0.01B,2.53%,$0.43B,$0.01B,1.61%,$0.01B,$0.45B,1.69%,$0.01B,$0.35B,2.25%,$0.01B,$1.02B,0.76%,$0.02B,$0.58B,3.80%,$130,$89,$42,$7,$20,$116,$14,$-3,$11,$-4,$15,$15,$14,$28,$14,$42,43,$0.34,$0.34,$539,$90,$0,$751,$163,$0,$103,$5,$271,$1022,$396,$126,$40,$175,$571,$29,$248,$-48,$451,$1022,$10,$56,$1,$57,$-27,$12,$14,$3,$-1,$66,$-22,$0,$0,$24,$0,$24,$-0,$2,$-59,$127,$68,$2,$2,$-1,$0,$68,$138,$11,$-1
36,2009-09-30,18.09,$9.89,1.83,$9.21,1.96,$1.23,14.73,$0.18,100.5,$0.64B,$0.30B,2.14,$0.13B,$0.43B,0.3,$0.39B,$0.10B,26.09%,$0.39B,$0.00B,1.02%,$0.39B,$0.00B,1.02%,$0.39B,$0.06B,15.60%,$0.39B,$0.01B,1.28%,$0.39B,$0.00B,0.51%,$0.00B,$0.43B,0.50%,$0.00B,$0.33B,0.67%,$0.00B,$0.92B,0.22%,$0.00B,$0.56B,0.61%,$122,$85,$38,$6,$19,$111,$11,$-4,$7,$-1,$8,$8,$7,$25,$11,$43,44,$0.17,$0.16,$438,$83,$0,$643,$164,$0,$103,$5,$272,$915,$301,$128,$37,$183,$484,$29,$235,$-49,$430,$915,$-5,$42,$7,$49,$-26,$19,$8,$-0,$1,$44,$-13,$0,$0,$9,$0,$9,$0,$-4,$-9,$-12,$-20,$1,$1,$-2,$0,$-21,$23,$8,$-2
37,2009-06-30,15.64,$9.24,1.69,$9.72,1.61,$0.41,38.14,$-0.05,0.0,$0.61B,$0.29B,2.11,$0.14B,$0.39B,0.37,$0.40B,$0.10B,25.31%,$0.40B,$-0.01B,-1.74%,$0.40B,$-0.01B,-1.74%,$0.40B,$0.05B,12.90%,$0.40B,$-0.01B,-1.74%,$0.40B,$-0.01B,-2.48%,$-0.01B,$0.39B,-2.59%,$-0.01B,$0.29B,-3.48%,$-0.01B,$0.89B,-1.13%,$-0.01B,$0.54B,-0.99%,$104,$77,$27,$5,$15,$98,$6,$-3,$3,$5,$-2,$-2,$-3,$20,$6,$42,42,$-0.07,$-0.07,$429,$80,$0,$613,$169,$0,$106,$5,$280,$894,$291,$144,$48,$211,$501,$28,$228,$-58,$392,$894,$-13,$28,$5,$33,$-10,$23,$-4,$0,$5,$25,$-9,$0,$-0,$1,$0,$1,$1,$-8,$-8,$-4,$-12,$0,$0,$-2,$0,$-13,$6,$5,$-2
38,2009-03-31,10.61,$9.19,1.15,$9.93,1.07,$-0.00,0.0,$0.33,32.15,$0.27B,$0.07B,4.06,$0.37B,$0.38B,0.97,$0.42B,$0.12B,27.71%,$0.42B,$0.00B,0.96%,$0.42B,$0.00B,0.96%,$0.42B,$0.06B,14.94%,$0.42B,$0.00B,0.96%,$0.42B,$0.01B,1.20%,$0.01B,$0.38B,1.30%,$0.01B,$0.28B,1.79%,$0.01B,$0.86B,0.55%,$0.00B,$0.75B,0.52%,$78,$64,$14,$5,$16,$86,$-8,$-2,$-10,$0,$-11,$-11,$-11,$6,$-8,$41,41,$-0.26,$-0.26,$93,$83,$0,$265,$168,$321,$99,$6,$594,$859,$65,$367,$29,$413,$479,$28,$231,$-57,$381,$859,$-11,$14,$-0,$14,$6,$16,$-17,$2,$4,$7,$-4,$0,$0,$0,$0,$0,$-1,$-5,$-9,$-2,$-10,$0,$0,$-2,$0,$-12,$-10,$2,$-2
39,2008-12-31,6.06,$9.66,0.63,$10.28,0.59,$-0.06,0.0,$0.92,6.59,$0.30B,$0.09B,3.4,$0.37B,$0.40B,0.94,$0.43B,$0.13B,30.72%,$0.43B,$0.03B,6.00%,$0.43B,$0.03B,6.00%,$0.43B,$0.08B,18.48%,$0.43B,$0.03B,6.47%,$0.43B,$0.03B,6.70%,$0.03B,$0.40B,7.58%,$0.03B,$0.31B,9.86%,$0.03B,$0.89B,3.34%,$0.03B,$0.77B,3.53%,$87,$64,$23,$6,$16,$92,$-5,$9,$5,$-4,$9,$9,$9,$10,$-5,$41,43,$0.21,$0.20,$103,$99,$0,$297,$175,$321,$93,$6,$594,$891,$87,$374,$23,$404,$491,$28,$241,$-48,$400,$891,$31,$53,$-13,$40,$25,$-20,$-11,$-4,$-21,$57,$-53,$0,$-153,$3,$0,$3,$0,$-204,$139,$55,$194,$3,$3,$0,$0,$197,$47,$10,$0
40,2008-09-30,18.45,$8.99,2.05,$10.78,1.71,$0.67,27.59,$1.00,18.45,$0.31B,$0.11B,2.8,$0.40B,$0.37B,1.09,$0.45B,$0.15B,32.16%,$0.45B,$0.05B,10.79%,$0.45B,$0.05B,10.79%,$0.45B,$0.11B,23.35%,$0.45B,$0.04B,7.71%,$0.45B,$0.03B,7.05%,$0.03B,$0.37B,8.53%,$0.03B,$0.27B,10.63%,$0.03B,$0.91B,3.90%,$0.05B,$0.77B,7.05%,$134,$96,$38,$7,$21,$134,$0,$-5,$-5,$-1,$-4,$-4,$-5,$16,$0,$41,41,$-0.11,$-0.11,$83,$99,$0,$313,$183,$285,$95,$7,$596,$908,$112,$402,$17,$428,$539,$27,$245,$-34,$369,$908,$22,$38,$3,$41,$-8,$-12,$-9,$-2,$-34,$37,$-41,$0,$-153,$3,$0,$3,$0,$-191,$137,$45,$182,$3,$3,$0,$0,$185,$27,$8,$0
41,2008-06-30,27.64,$9.38,2.95,$9.98,2.77,$1.19,23.15,$1.45,19.06,$0.32B,$0.13B,2.58,$0.40B,$0.38B,1.05,$0.43B,$0.14B,33.41%,$0.43B,$0.07B,15.29%,$0.43B,$0.07B,15.29%,$0.43B,$0.11B,26.59%,$0.43B,$0.06B,13.88%,$0.43B,$0.05B,12.47%,$0.05B,$0.38B,14.28%,$0.05B,$0.25B,16.97%,$0.05B,$0.96B,6.92%,$0.07B,$0.79B,10.00%,$116,$76,$40,$5,$17,$99,$17,$-4,$14,$2,$12,$12,$12,$30,$17,$41,43,$0.28,$0.27,$86,$102,$0,$321,$183,$295,$130,$8,$633,$955,$125,$402,$36,$447,$571,$27,$248,$-19,$383,$955,$25,$23,$2,$25,$-7,$-17,$-4,$-1,$-27,$23,$-25,$-0,$-153,$3,$0,$3,$0,$-175,$164,$16,$180,$1,$1,$0,$0,$181,$30,$5,$0
42,2008-03-31,21.96,$9.39,2.34,$9.56,2.3,$1.45,15.17,$1.43,15.36,$0.23B,$0.09B,2.7,$0.24B,$0.38B,0.63,$0.41B,$0.13B,32.84%,$0.41B,$0.06B,14.81%,$0.41B,$0.06B,14.81%,$0.41B,$0.10B,25.19%,$0.41B,$0.06B,14.81%,$0.41B,$0.05B,13.09%,$0.05B,$0.38B,14.80%,$0.05B,$0.34B,16.42%,$0.05B,$0.72B,7.66%,$0.06B,$0.62B,10.08%,$96,$64,$32,$4,$15,$82,$14,$1,$14,$1,$13,$13,$13,$24,$14,$40,43,$0.31,$0.30,$61,$62,$0,$230,$130,$303,$36,$8,$486,$715,$85,$237,$7,$252,$337,$27,$235,$-8,$378,$715,$13,$11,$1,$12,$4,$-8,$-4,$-2,$-15,$10,$-10,$0,$0,$3,$0,$3,$0,$-7,$-0,$2,$2,$1,$1,$0,$0,$3,$5,$3,$0
43,2007-12-31,30.07,$9.20,3.27,$9.52,3.16,$1.34,22.51,$1.41,21.28,$0.54B,$0.09B,6.24,$0.24B,$0.37B,0.64,$0.40B,$0.13B,32.67%,$0.40B,$0.06B,14.96%,$0.40B,$0.06B,14.96%,$0.40B,$0.10B,24.44%,$0.40B,$0.06B,15.46%,$0.40B,$0.05B,13.22%,$0.05B,$0.37B,15.55%,$0.05B,$0.34B,17.33%,$0.05B,$0.71B,7.90%,$0.06B,$0.61B,10.38%,$108,$72,$36,$3,$14,$89,$18,$-6,$12,$-1,$13,$15,$12,$36,$18,$40,42,$0.32,$0.29,$380,$53,$0,$538,$123,$0,$35,$7,$168,$706,$86,$237,$6,$251,$337,$27,$221,$1,$370,$706,$56,$38,$8,$46,$-12,$-5,$3,$-0,$-11,$91,$-56,$0,$0,$-32,$0,$-32,$0,$-88,$-3,$0,$-3,$8,$8,$0,$0,$5,$7,$10,$0
44,2007-09-30,32.1,$8.85,3.63,$9.25,3.47,$1.15,27.92,$1.34,24.02,$0.52B,$0.08B,6.21,$0.24B,$0.35B,0.67,$0.39B,$0.13B,32.82%,$0.39B,$0.06B,14.99%,$0.39B,$0.06B,14.99%,$0.39B,$0.09B,21.96%,$0.39B,$0.07B,17.83%,$0.39B,$0.06B,14.47%,$0.06B,$0.35B,17.40%,$0.06B,$0.32B,19.55%,$0.06B,$0.69B,8.62%,$0.06B,$0.59B,10.36%,$105,$71,$34,$4,$15,$89,$16,$3,$19,$2,$17,$16,$16,$23,$16,$40,42,$0.40,$0.38,$363,$48,$0,$520,$119,$0,$35,$6,$167,$687,$84,$237,$6,$249,$333,$27,$202,$1,$354,$687,$41,$20,$11,$31,$-12,$-0,$-2,$-0,$-14,$59,$-42,$0,$0,$-27,$0,$-27,$0,$-68,$-2,$1,$-1,$6,$6,$0,$0,$5,$-4,$7,$0
45,2007-06-30,27.85,$8.31,3.35,$8.96,3.11,$1.01,27.48,$1.26,22.16,$0.50B,$0.08B,6.09,$0.24B,$0.33B,0.72,$0.38B,$0.12B,33.07%,$0.38B,$0.06B,15.73%,$0.38B,$0.06B,15.73%,$0.38B,$0.08B,22.13%,$0.38B,$0.07B,17.60%,$0.38B,$0.05B,14.13%,$0.05B,$0.33B,17.52%,$0.05B,$0.30B,19.63%,$0.05B,$0.66B,9.30%,$0.06B,$0.57B,12.23%,$96,$66,$31,$3,$13,$84,$12,$3,$15,$2,$13,$12,$12,$19,$12,$39,42,$0.31,$0.29,$352,$49,$0,$502,$110,$0,$35,$7,$159,$661,$83,$238,$5,$249,$331,$18,$186,$0,$330,$661,$25,$13,$7,$20,$-8,$-0,$-5,$0,$-13,$32,$-23,$0,$0,$-19,$0,$-19,$0,$-42,$-1,$1,$-0,$4,$4,$0,$0,$3,$-6,$5,$0
46,2007-03-31,23.23,$7.90,2.94,$8.64,2.69,$0.94,24.84,$1.24,18.74,$0.48B,$0.07B,6.63,$0.24B,$0.31B,0.77,$0.36B,$0.12B,33.15%,$0.36B,$0.06B,16.85%,$0.36B,$0.06B,16.85%,$0.36B,$0.08B,22.93%,$0.36B,$0.07B,18.23%,$0.36B,$0.05B,14.36%,$0.05B,$0.31B,18.33%,$0.05B,$0.27B,20.47%,$0.05B,$0.63B,10.62%,$0.06B,$0.55B,15.03%,$92,$62,$30,$3,$13,$78,$14,$2,$16,$3,$13,$13,$13,$20,$14,$39,42,$0.33,$0.31,$335,$49,$0,$479,$102,$0,$35,$7,$150,$630,$72,$238,$5,$248,$321,$17,$174,$0,$309,$630,$13,$6,$2,$9,$-5,$-1,$-6,$2,$-14,$8,$-12,$0,$0,$-4,$0,$-4,$0,$-16,$-1,$0,$-1,$1,$1,$0,$0,$0,$-8,$2,$0
47,2006-12-31,23.65,$7.55,3.13,$8.28,2.86,$1.18,19.99,$1.15,20.51,$0.48B,$0.08B,5.74,$0.24B,$0.29B,0.81,$0.34B,$0.11B,33.14%,$0.34B,$0.06B,16.86%,$0.34B,$0.06B,16.86%,$0.34B,$0.08B,22.97%,$0.34B,$0.06B,17.73%,$0.34B,$0.05B,13.95%,$0.05B,$0.29B,18.01%,$0.05B,$0.26B,20.04%,$0.05B,$0.62B,11.65%,$0.06B,$0.53B,17.54%,$94,$63,$32,$2,$13,$78,$16,$3,$19,$4,$15,$15,$15,$23,$16,$38,42,$0.37,$0.36,$340,$48,$0,$479,$95,$0,$36,$7,$143,$622,$83,$239,$1,$244,$328,$26,$163,$1,$294,$622,$48,$21,$12,$33,$-11,$-16,$15,$-3,$-9,$72,$-46,$0,$-29,$-251,$0,$-251,$0,$-326,$218,$0,$218,$4,$4,$0,$7,$229,$-24,$8,$0
