,Date,Stock Price,Book Value per Share,Price to Book Ratio,TTM Sales per Share,Price to Sales Ratio,TTM FCF per Share,Price to FCF Ratio,TTM Net EPS,PE Ratio,Current Assets,Current Liabilities,Current Ratio,Long Term Debt,Shareholder's Equity_x,Debt to Equity Ratio,TTM Revenue_x,TTM Gross Profit,Gross Margin,TTM Revenue_y,TTM Operating Income,Operating Margin,TTM Revenue_x,TTM EBIT,EBIT Margin,TTM Revenue_y,TTM EBITDA,EBITDA Margin,TTM Revenue_x,TTM Pre-Tax Income,Pre-Tax Margin,TTM Revenue_y,TTM Net Income_x,Net Margin,TTM Net Income_y,Shareholder's Equity_y,Return on Equity,TTM Net Income_x,Tangible Equity,Return on Tangible Equity,TTM Net Income_y,Total Assets,Return on Assets,TTM Net Income,LT Investments & Debt,Return on Investment,revenue,cost-goods-sold,gross-profit,research-development-expenses,selling-general-administrative-expenses,operating-expenses,operating-income,total-non-operating-income-expense,pre-tax-income,total-provision-income-taxes,income-after-taxes,income-from-continuous-operations,net-income,ebitda,ebit,basic-shares-outstanding,shares-outstanding,eps-basic-net-earnings-per-share,eps-earnings-per-share-diluted,cash-on-hand,inventory,other-current-assets,total-current-assets,net-property-plant-equipment,long-term-investments,goodwill-intangible-assets-total,other-long-term-assets,total-long-term-assets,total-assets,total-current-liabilities,long-term-debt,other-non-current-liabilities,total-long-term-liabilities,total-liabilities,common-stock-net,retained-earnings-accumulated-deficit,comprehensive-income,total-share-holder-equity,total-liabilities-share-holders-equity,net-income-loss,total-depreciation-amortization-cash-flow,other-non-cash-items,total-non-cash-items,change-in-accounts-receivable,change-in-inventories,change-in-accounts-payable,change-in-assets-liabilities,total-change-in-assets-liabilities,cash-flow-from-operating-activities,net-change-in-property-plant-equipment,net-change-in-intangible-assets,net-acquisitions-divestitures,net-change-in-short-term-investments,net-change-in-long-term-investments,net-change-in-investments-total,investing-activities-other,cash-flow-from-investing-activities,net-long-term-debt,net-current-debt,debt-issuance-retirement-net-total,net-common-equity-issued-repurchased,net-total-equity-issued-repurchased,total-common-preferred-stock-dividends-paid,financial-activities-other,cash-flow-from-financial-activities,net-cash-flow,stock-based-compensation,common-stock-dividends-paid
0,2018-09-30,35.76,$17.63,2.03,$26.29,1.36,$11.28,3.17,$4.99,7.17,$3.04B,$4.88B,0.62,$13.79B,$8.24B,1.67,$13.80B,$4.34B,31.44%,$13.80B,$1.93B,13.95%,$13.80B,$1.93B,13.95%,$13.80B,$2.66B,19.25%,$13.80B,$2.02B,14.60%,$13.80B,$2.62B,19.02%,$2.62B,$8.24B,34.63%,$2.62B,$8.24B,34.63%,$2.62B,$30.14B,8.77%,$1.93B,$22.03B,8.60%,$3395,$2301,$1094,$0,$169,$2832,$563,$31,$593,$141,$453,$453,$432,$738,$563,$468,526,$0.92,$0.82,$1865,$305,$198,$3039,$1990,$177,$0,$24932,$27099,$30137,$4878,$13790,$0,$17017,$21894,$5,$4876,$-1,$8243,$30137,$1298,$541,$320,$861,$0,$0,$0,$-65,$-65,$2016,$-283,$0,$-765,$0,$-127,$-127,$17,$-1158,$-1121,$0,$-1121,$16,$16,$0,$-3,$-1108,$-250,$25,$0
1,2018-06-30,33.61,$16.70,2.01,$26.65,1.26,$11.61,2.89,$4.74,7.09,$2.74B,$3.63B,0.76,$15.11B,$7.81B,1.94,$13.99B,$4.41B,31.52%,$13.99B,$1.81B,12.95%,$13.99B,$1.81B,12.95%,$13.99B,$2.58B,18.42%,$13.99B,$1.91B,13.69%,$13.99B,$2.49B,17.80%,$2.49B,$7.81B,36.04%,$2.49B,$7.81B,36.04%,$2.49B,$29.65B,8.36%,$1.81B,$22.92B,8.22%,$3461,$2342,$1119,$0,$191,$2888,$573,$29,$602,$142,$460,$460,$439,$745,$573,$467,526,$0.94,$0.83,$1555,$330,$218,$2744,$2048,$189,$0,$24670,$26906,$29650,$3632,$15110,$0,$18212,$21844,$5,$4444,$1,$7806,$29650,$846,$366,$233,$599,$0,$0,$0,$-53,$-53,$1325,$-168,$0,$0,$0,$-63,$-63,$-467,$-697,$-1109,$0,$-1109,$12,$12,$0,$-3,$-1100,$-472,$19,$0
2,2018-03-31,37.89,$15.69,2.41,$27.88,1.36,$12.15,3.12,$4.00,9.47,$3.47B,$4.69B,0.74,$15.15B,$7.33B,2.07,$14.17B,$4.50B,31.79%,$14.17B,$1.49B,10.52%,$14.17B,$1.49B,10.52%,$14.17B,$2.30B,16.20%,$14.17B,$1.55B,10.96%,$14.17B,$2.09B,14.75%,$2.09B,$7.33B,33.37%,$2.09B,$7.33B,33.37%,$2.09B,$30.16B,7.00%,$1.49B,$22.48B,6.97%,$3458,$2386,$1072,$0,$170,$2929,$530,$-28,$501,$116,$385,$385,$368,$722,$530,$467,525,$0.79,$0.70,$2279,$348,$237,$3466,$2107,$188,$0,$24394,$26689,$30155,$4692,$15152,$0,$18137,$22830,$5,$4005,$1,$7325,$30155,$385,$193,$138,$331,$0,$0,$0,$68,$68,$752,$-71,$0,$-294,$0,$304,$304,$4,$-57,$-67,$0,$-67,$8,$8,$0,$-0,$-59,$636,$9,$0
3,2017-12-31,47.75,$14.87,3.21,$28.45,1.68,$12.46,3.83,$4.06,11.76,$3.29B,$4.83B,0.68,$15.13B,$6.94B,2.18,$14.39B,$4.64B,32.27%,$14.39B,$1.57B,10.89%,$14.39B,$1.57B,10.89%,$14.39B,$2.39B,16.57%,$14.39B,$1.65B,11.46%,$14.39B,$2.10B,14.58%,$2.10B,$6.94B,36.67%,$2.10B,$6.94B,36.67%,$2.10B,$29.77B,7.07%,$1.57B,$22.07B,7.41%,$3484,$2431,$1053,$0,$189,$3225,$259,$60,$319,$-1082,$1401,$1401,$1385,$451,$259,$466,523,$2.96,$2.65,$1981,$321,$329,$3285,$2184,$186,$0,$24119,$26489,$29774,$4828,$15134,$0,$18008,$22836,$5,$3635,$1,$6938,$29774,$2165,$818,$-413,$405,$127,$38,$-131,$-98,$239,$2780,$-432,$0,$0,$0,$-450,$-450,$-5639,$-6521,$-117,$0,$-117,$29,$29,$0,$-15,$-103,$-3845,$30,$0
4,2017-09-30,54.23,$11.91,4.55,$29.53,1.84,$12.59,4.31,$2.12,25.58,$3.12B,$4.95B,0.63,$15.12B,$5.55B,2.72,$14.66B,$4.86B,33.12%,$14.66B,$1.88B,12.83%,$14.66B,$1.88B,12.83%,$14.66B,$2.74B,18.67%,$14.66B,$1.89B,12.87%,$14.66B,$1.07B,7.29%,$1.07B,$5.55B,20.78%,$1.07B,$5.55B,20.78%,$1.07B,$29.52B,3.66%,$1.88B,$20.67B,9.11%,$3583,$2419,$1164,$0,$187,$3134,$449,$43,$492,$177,$315,$315,$297,$658,$449,$466,525,$0.64,$0.57,$1851,$319,$249,$3123,$2379,$185,$0,$23835,$26398,$29521,$4954,$15119,$0,$19013,$23968,$5,$2250,$6,$5553,$29521,$764,$626,$535,$1160,$0,$0,$0,$285,$285,$2227,$-324,$0,$-769,$0,$-266,$-266,$-4688,$-6047,$68,$0,$68,$24,$24,$0,$-14,$78,$-3742,$21,$0
5,2017-06-30,62.76,$11.24,5.58,$30.35,2.07,$12.46,5.04,$2.19,28.66,$3.71B,$5.90B,0.63,$15.11B,$5.24B,2.88,$14.84B,$5.03B,33.90%,$14.84B,$1.96B,13.17%,$14.84B,$1.96B,13.17%,$14.84B,$2.83B,19.04%,$14.84B,$1.91B,12.87%,$14.84B,$1.09B,7.34%,$1.09B,$5.24B,22.57%,$1.09B,$5.24B,22.57%,$1.09B,$29.92B,3.79%,$1.96B,$20.35B,9.56%,$3644,$2429,$1215,$0,$180,$3392,$252,$-11,$241,$183,$59,$59,$40,$464,$252,$466,467,$0.09,$0.09,$2386,$374,$216,$3713,$2448,$201,$0,$23555,$26205,$29918,$5902,$15107,$0,$18778,$24680,$5,$1953,$6,$5238,$29918,$449,$416,$355,$771,$0,$0,$0,$232,$232,$1493,$-212,$0,$0,$0,$-70,$-70,$-5153,$-5436,$-20,$0,$-20,$17,$1017,$0,$-13,$983,$-2959,$12,$0
6,2017-03-31,63.49,$11.08,5.73,$30.85,2.06,$12.45,5.1,$2.98,21.31,$9.60B,$4.57B,2.1,$16.29B,$5.16B,3.16,$15.07B,$5.19B,34.45%,$15.07B,$2.34B,15.55%,$15.07B,$2.34B,15.55%,$15.07B,$3.24B,21.52%,$15.07B,$2.36B,15.67%,$15.07B,$1.47B,9.78%,$1.47B,$5.16B,33.52%,$1.47B,$5.16B,33.52%,$1.47B,$29.45B,5.39%,$2.34B,$21.45B,11.84%,$3680,$2468,$1212,$0,$131,$3073,$607,$-10,$597,$207,$390,$390,$376,$812,$607,$465,514,$0.81,$0.76,$6803,$422,$1668,$9597,$2550,$205,$0,$17096,$19852,$29448,$4570,$16293,$0,$19722,$24292,$5,$1912,$5,$5156,$29448,$390,$205,$155,$359,$0,$0,$0,$181,$181,$937,$-115,$0,$-283,$0,$-71,$-71,$14,$-455,$991,$0,$991,$6,$6,$0,$-13,$984,$1466,$7,$0
7,2016-12-31,57.93,$9.91,5.84,$31.92,1.81,$12.50,4.63,$3.06,18.93,$8.28B,$4.59B,1.8,$15.54B,$4.61B,3.37,$15.21B,$5.31B,34.91%,$15.21B,$2.32B,15.24%,$15.21B,$2.32B,15.24%,$15.21B,$3.24B,21.31%,$15.21B,$2.42B,15.89%,$15.21B,$1.50B,9.84%,$1.50B,$4.61B,38.52%,$1.50B,$4.61B,38.52%,$1.50B,$27.91B,5.87%,$2.32B,$20.15B,12.70%,$3753,$2488,$1265,$0,$162,$3180,$573,$-16,$557,$189,$368,$368,$355,$803,$573,$465,484,$0.77,$0.71,$5360,$422,$1720,$8280,$2654,$116,$0,$16864,$19634,$27914,$4593,$15542,$0,$18710,$23303,$5,$1537,$1,$4611,$27914,$1551,$921,$396,$1317,$109,$-43,$34,$-9,$-24,$2854,$-614,$0,$0,$0,$524,$524,$-1647,$-1738,$3197,$0,$3197,$19,$19,$0,$-62,$3154,$4271,$13,$0
8,2016-09-30,54.78,$9.23,5.94,$32.64,1.68,$11.58,4.73,$2.09,26.21,$7.90B,$4.59B,1.72,$15.53B,$4.29B,3.62,$15.39B,$5.53B,35.94%,$15.39B,$1.72B,11.14%,$15.39B,$1.72B,11.14%,$15.39B,$2.61B,16.95%,$15.39B,$1.79B,11.61%,$15.39B,$1.07B,6.96%,$1.07B,$4.29B,31.34%,$1.07B,$4.29B,31.34%,$1.07B,$27.58B,4.42%,$1.72B,$19.83B,10.11%,$3767,$2427,$1340,$0,$191,$3245,$523,$-8,$515,$182,$333,$333,$318,$747,$523,$465,493,$0.68,$0.67,$4961,$479,$1644,$7901,$2666,$407,$0,$16602,$19676,$27577,$4590,$15534,$0,$18694,$23284,$5,$1009,$1,$4292,$27577,$1183,$691,$184,$875,$0,$0,$0,$48,$48,$2191,$-470,$0,$-564,$0,$351,$351,$-925,$-1607,$3208,$0,$3208,$12,$12,$0,$-74,$3147,$3731,$11,$0
9,2016-06-30,52.4,$7.57,6.92,$33.03,1.59,$11.59,4.52,$1.87,28.02,$4.91B,$3.76B,1.31,$14.20B,$3.52B,4.04,$15.36B,$5.48B,35.66%,$15.36B,$1.63B,10.64%,$15.36B,$1.63B,10.64%,$15.36B,$2.56B,16.64%,$15.36B,$1.60B,10.44%,$15.36B,$0.95B,6.18%,$0.95B,$3.52B,31.03%,$0.95B,$3.52B,31.03%,$0.95B,$24.45B,4.11%,$1.63B,$17.72B,12.74%,$3865,$2492,$1373,$0,$182,$3224,$640,$51,$691,$253,$438,$438,$424,$880,$640,$465,466,$0.91,$0.91,$3487,$475,$89,$4913,$2751,$407,$0,$16041,$19537,$24450,$3761,$14202,$0,$17169,$20930,$5,$702,$2,$3520,$24450,$850,$467,$76,$543,$0,$0,$0,$146,$146,$1592,$-320,$0,$0,$0,$427,$427,$166,$274,$479,$0,$479,$7,$7,$0,$-56,$431,$2296,$4,$0
10,2016-03-31,46.26,$6.72,6.89,$32.98,1.4,$11.09,4.17,$1.69,27.37,$2.56B,$3.85B,0.67,$12.22B,$3.12B,3.91,$15.33B,$5.35B,34.92%,$15.33B,$1.53B,9.97%,$15.33B,$1.53B,9.97%,$15.33B,$2.47B,16.13%,$15.33B,$1.43B,9.35%,$15.33B,$0.85B,5.55%,$0.85B,$3.12B,29.84%,$0.85B,$3.12B,29.84%,$0.85B,$22.01B,3.75%,$1.53B,$15.34B,12.61%,$3827,$2495,$1333,$0,$201,$3244,$583,$70,$654,$242,$412,$412,$400,$811,$583,$464,465,$0.86,$0.86,$871,$455,$426,$2558,$2846,$407,$0,$16199,$19452,$22009,$3845,$12216,$0,$15043,$18888,$5,$291,$20,$3122,$22009,$412,$228,$16,$244,$0,$0,$0,$263,$263,$928,$-161,$0,$0,$0,$418,$418,$9,$266,$-1510,$0,$-1510,$3,$3,$0,$-30,$-1538,$-344,$4,$0
11,2015-12-31,57.18,$5.92,9.66,$32.78,1.74,$10.91,5.24,$1.61,35.52,$3.54B,$5.16B,0.69,$12.22B,$2.75B,4.45,$15.23B,$5.30B,34.82%,$15.23B,$1.43B,9.39%,$15.23B,$1.43B,9.39%,$15.23B,$2.39B,15.71%,$15.23B,$1.24B,8.11%,$15.23B,$0.80B,5.26%,$0.80B,$2.75B,30.34%,$0.80B,$2.75B,30.34%,$0.80B,$22.89B,3.49%,$1.43B,$14.97B,11.99%,$3935,$2448,$1487,$0,$197,$3966,$-31,$-41,$-72,$-26,$-46,$-46,$-70,$171,$-31,$463,465,$-0.15,$-0.15,$1611,$390,$678,$3543,$2924,$327,$0,$16092,$19343,$22887,$5163,$12222,$0,$14976,$20139,$5,$1471,$62,$2748,$22887,$842,$963,$84,$1047,$67,$96,$67,$99,$550,$2459,$-735,$0,$0,$0,$1607,$1607,$-8934,$-8062,$-687,$0,$-687,$34,$34,$0,$205,$-448,$-6051,$19,$0
12,2015-09-30,58.34,$6.16,9.46,$32.26,1.81,$10.17,5.74,$2.76,21.14,$13.63B,$5.27B,2.59,$0.41B,$2.86B,0.14,$14.97B,$5.15B,34.42%,$14.97B,$2.00B,13.32%,$14.97B,$2.00B,13.32%,$14.97B,$3.04B,20.32%,$14.97B,$1.70B,11.36%,$14.97B,$1.28B,8.56%,$1.28B,$2.86B,52.16%,$1.28B,$2.86B,52.16%,$1.28B,$23.10B,5.64%,$2.00B,$3.26B,16.47%,$3734,$2448,$1285,$0,$187,$3292,$442,$-111,$331,$128,$203,$203,$196,$694,$442,$463,465,$0.42,$0.42,$1613,$409,$10673,$13626,$3755,$410,$0,$5313,$9477,$23103,$5266,$407,$0,$14982,$20247,$5,$1596,$72,$2856,$23103,$888,$761,$-117,$645,$0,$0,$0,$685,$685,$2230,$-605,$0,$0,$0,$1808,$1808,$-8860,$-7657,$-673,$0,$-673,$21,$21,$0,$219,$-433,$-5860,$18,$0
13,2015-06-30,67.71,$5.76,11.76,$32.17,2.1,$8.49,7.98,$2.65,25.55,$13.28B,$5.31B,2.5,$12.24B,$2.67B,4.59,$14.92B,$5.15B,34.53%,$14.92B,$1.94B,13.02%,$14.92B,$1.94B,13.02%,$14.92B,$3.01B,20.16%,$14.92B,$1.57B,10.55%,$14.92B,$1.23B,8.25%,$1.23B,$2.67B,57.85%,$1.23B,$2.67B,57.85%,$1.23B,$22.76B,5.54%,$1.94B,$14.90B,13.27%,$3832,$2586,$1247,$0,$176,$3298,$534,$-14,$520,$188,$332,$332,$324,$797,$534,$463,465,$0.70,$0.70,$1096,$466,$10672,$13278,$3770,$414,$0,$5300,$9484,$22763,$5309,$12235,$0,$14787,$20096,$5,$1400,$82,$2667,$22763,$686,$509,$-175,$334,$0,$0,$0,$391,$391,$1449,$-410,$0,$0,$0,$1780,$1780,$-8800,$-7430,$-665,$0,$-665,$18,$18,$0,$218,$-429,$-6410,$15,$0
14,2015-03-31,70.06,$4.95,14.15,$31.89,2.2,$7.37,9.5,$2.41,29.07,$13.41B,$5.93B,2.26,$12.24B,$2.29B,5.35,$14.77B,$5.21B,35.25%,$14.77B,$1.86B,12.61%,$14.77B,$1.86B,12.61%,$14.77B,$2.94B,19.88%,$14.77B,$1.38B,9.35%,$14.77B,$1.12B,7.58%,$1.12B,$2.29B,61.53%,$1.12B,$2.29B,61.53%,$1.12B,$22.93B,5.16%,$1.86B,$14.53B,13.11%,$3724,$2442,$1282,$0,$199,$3240,$484,$-28,$456,$103,$353,$353,$351,$730,$484,$462,464,$0.76,$0.76,$1399,$485,$10576,$13414,$3786,$414,$0,$5311,$9512,$22925,$5925,$12241,$0,$14712,$20637,$5,$1075,$79,$2288,$22925,$353,$246,$-107,$139,$0,$0,$0,$378,$378,$892,$-212,$0,$0,$0,$1789,$1789,$-8734,$-7158,$-7,$0,$-7,$6,$6,$0,$212,$211,$-6055,$8,$0
15,2014-12-31,72.89,$4.36,16.73,$31.66,2.3,$6.68,10.92,$2.03,35.91,$12.55B,$4.11B,3.05,$13.75B,$2.01B,6.83,$14.64B,$5.27B,36.02%,$14.64B,$1.83B,12.46%,$14.64B,$1.83B,12.46%,$14.64B,$2.90B,19.83%,$14.64B,$1.21B,8.23%,$14.64B,$0.95B,6.45%,$0.95B,$2.01B,61.58%,$0.95B,$2.01B,61.58%,$0.95B,$22.05B,4.47%,$1.83B,$15.76B,13.03%,$3682,$2343,$1339,$0,$227,$3147,$535,$-141,$394,$-14,$408,$408,$410,$822,$535,$460,463,$0.89,$0.89,$9236,$494,$1871,$12552,$3774,$414,$0,$5306,$9493,$22046,$4113,$13746,$0,$15921,$20033,$5,$724,$175,$2012,$22046,$929,$1078,$237,$1315,$0,$0,$-213,$76,$28,$2378,$-1002,$0,$0,$0,$2935,$2935,$-2896,$-963,$868,$0,$868,$51,$51,$0,$61,$980,$2395,$34,$0
16,2014-09-30,64.58,$3.35,19.26,$31.41,2.06,$6.22,10.38,$1.78,36.28,$11.41B,$5.47B,2.09,$11.79B,$1.55B,7.63,$14.50B,$5.17B,35.68%,$14.50B,$1.74B,12.01%,$14.50B,$1.74B,12.01%,$14.50B,$2.80B,19.30%,$14.50B,$1.28B,8.81%,$14.50B,$0.82B,5.68%,$0.82B,$1.55B,64.26%,$0.82B,$1.55B,64.26%,$0.82B,$21.12B,3.98%,$1.74B,$13.34B,12.93%,$3679,$2397,$1283,$0,$196,$3291,$389,$-185,$203,$60,$143,$143,$146,$658,$389,$461,463,$0.32,$0.31,$9272,$528,$396,$11414,$3803,$558,$0,$5349,$9710,$21123,$5467,$11790,$0,$14112,$19579,$5,$314,$167,$1545,$21123,$521,$791,$108,$900,$0,$0,$0,$273,$273,$1757,$-917,$0,$0,$0,$633,$633,$-1279,$-1563,$-223,$0,$-223,$37,$37,$0,$34,$-152,$41,$25,$0
17,2014-06-30,65.08,$3.12,20.88,$31.08,2.09,$5.97,10.9,$2.15,30.27,$11.09B,$5.31B,2.09,$11.80B,$1.44B,8.22,$14.33B,$5.25B,36.66%,$14.33B,$1.77B,12.37%,$14.33B,$1.77B,12.37%,$14.33B,$2.81B,19.64%,$14.33B,$1.46B,10.16%,$14.33B,$0.99B,6.92%,$0.99B,$1.44B,92.19%,$0.99B,$1.44B,92.19%,$0.99B,$20.77B,4.84%,$1.77B,$13.23B,12.91%,$3688,$2384,$1304,$0,$190,$3233,$455,$-126,$329,$122,$207,$207,$213,$727,$455,$460,463,$0.46,$0.46,$8903,$528,$459,$11094,$3747,$567,$0,$5362,$9675,$20769,$5308,$11796,$0,$14025,$19333,$5,$169,$190,$1436,$20769,$378,$521,$42,$563,$0,$0,$0,$131,$131,$1121,$-601,$0,$0,$0,$246,$246,$-1281,$-1636,$-117,$0,$-117,$30,$30,$0,$20,$-67,$-582,$21,$0
18,2014-03-31,62.21,$2.50,24.92,$30.76,2.02,$6.25,9.95,$1.67,37.25,$12.59B,$4.64B,2.72,$12.57B,$1.15B,10.98,$14.12B,$5.28B,37.41%,$14.12B,$1.34B,9.50%,$14.12B,$1.34B,9.50%,$14.12B,$2.42B,17.11%,$14.12B,$1.08B,7.63%,$14.12B,$0.77B,5.44%,$0.77B,$1.15B,94.87%,$0.77B,$1.15B,94.87%,$0.77B,$20.55B,3.78%,$1.34B,$13.72B,9.64%,$3594,$2246,$1348,$0,$203,$3148,$446,$-167,$279,$108,$171,$171,$176,$696,$446,$458,461,$0.38,$0.38,$8961,$523,$1986,$12589,$3704,$565,$0,$3693,$7962,$20551,$4637,$12570,$0,$14769,$19406,$5,$-45,$184,$1145,$20551,$171,$249,$6,$256,$0,$0,$0,$188,$188,$654,$-301,$0,$0,$0,$284,$284,$-1178,$-1195,$-8,$0,$-8,$6,$6,$0,$2,$0,$-540,$10,$0
19,2013-12-31,57.92,$2.18,26.62,$30.37,1.91,$6.31,9.18,$1.76,32.91,$12.31B,$4.55B,2.71,$12.60B,$1.00B,12.64,$13.91B,$5.18B,37.23%,$13.91B,$1.35B,9.69%,$13.91B,$1.35B,9.69%,$13.91B,$2.40B,17.27%,$13.91B,$1.14B,8.18%,$13.91B,$0.81B,5.81%,$0.81B,$1.00B,133.94%,$0.81B,$1.00B,133.94%,$0.81B,$20.36B,4.12%,$1.35B,$13.59B,10.06%,$3539,$2300,$1239,$0,$210,$3088,$451,$15,$466,$176,$290,$290,$288,$717,$451,$456,459,$0.62,$0.63,$9739,$513,$788,$12313,$4098,$246,$0,$3689,$8043,$20356,$4552,$12597,$0,$14808,$19359,$5,$-221,$174,$997,$20356,$790,$1054,$219,$1273,$-97,$-13,$109,$-21,$142,$2272,$-1117,$0,$0,$0,$-1356,$-1356,$-548,$-3021,$1762,$0,$1762,$77,$77,$0,$13,$1852,$1103,$30,$0
20,2013-09-30,45.01,$1.59,28.39,$28.19,1.6,$6.15,7.32,$1.59,28.31,$12.34B,$3.92B,3.15,$13.62B,$0.73B,18.77,$12.87B,$4.76B,37.01%,$12.87B,$1.39B,10.78%,$12.87B,$1.39B,10.78%,$12.87B,$2.40B,18.62%,$12.87B,$1.06B,8.20%,$12.87B,$0.73B,5.66%,$0.73B,$0.73B,195.97%,$0.73B,$0.73B,195.97%,$0.73B,$20.35B,3.87%,$1.39B,$14.35B,10.79%,$3505,$2144,$1361,$0,$191,$3085,$420,$-39,$381,$38,$343,$343,$315,$673,$420,$457,461,$0.69,$0.68,$10302,$581,$292,$12339,$4056,$237,$0,$3713,$8006,$20345,$3923,$13624,$0,$15696,$19619,$5,$-509,$205,$726,$20345,$507,$788,$254,$1042,$0,$0,$0,$37,$37,$1632,$-911,$0,$0,$0,$-1802,$-1802,$-30,$-2743,$2222,$0,$2222,$67,$67,$0,$9,$2298,$1187,$25,$0
21,2013-06-30,42.52,$0.81,52.45,$28.39,1.5,$7.58,5.61,$0.56,75.93,$12.16B,$4.01B,3.03,$13.63B,$0.37B,36.88,$12.89B,$4.88B,37.87%,$12.89B,$0.70B,5.39%,$12.89B,$0.70B,5.39%,$12.89B,$1.69B,13.08%,$12.89B,$0.36B,2.80%,$12.89B,$0.26B,1.99%,$0.26B,$0.37B,112.28%,$0.26B,$0.37B,112.28%,$0.26B,$20.07B,1.43%,$0.70B,$14.00B,5.84%,$3486,$2149,$1336,$0,$202,$3461,$25,$-74,$-49,$-40,$-9,$-9,$-11,$330,$25,$455,455,$-0.02,$-0.02,$9527,$577,$964,$12162,$3990,$225,$0,$3689,$7904,$20066,$4012,$13633,$0,$15684,$19696,$5,$-824,$215,$370,$20066,$196,$535,$264,$798,$0,$0,$0,$139,$139,$1231,$-593,$0,$0,$0,$-2346,$-2346,$-120,$-3058,$2280,$0,$2280,$37,$37,$0,$-2,$2315,$488,$15,$0
22,2013-03-31,37.9,$0.71,53.71,$28.62,1.32,$8.22,4.61,$1.08,35.09,$9.34B,$3.87B,2.41,$11.34B,$0.32B,35.45,$12.98B,$5.05B,38.90%,$12.98B,$1.14B,8.77%,$12.98B,$1.14B,8.77%,$12.98B,$2.12B,16.36%,$12.98B,$0.78B,6.03%,$12.98B,$0.49B,3.80%,$0.49B,$0.32B,276.19%,$0.49B,$0.32B,276.19%,$0.49B,$17.65B,2.98%,$1.14B,$11.66B,10.55%,$3376,$2134,$1241,$0,$173,$2924,$452,$-113,$339,$126,$212,$212,$216,$682,$452,$453,456,$0.48,$0.47,$7095,$571,$674,$9337,$4455,$216,$0,$3646,$8318,$17654,$3873,$11343,$0,$13462,$17334,$5,$-813,$204,$320,$17654,$211,$230,$26,$256,$0,$0,$0,$159,$159,$686,$-311,$0,$0,$0,$-1049,$-1049,$-5,$-1365,$-8,$0,$-8,$11,$11,$0,$0,$3,$-675,$11,$0
23,2012-12-31,36.4,$0.16,230.23,$29.19,1.25,$8.93,4.07,$1.41,25.82,$9.06B,$3.92B,2.31,$11.35B,$0.07B,158.46,$13.18B,$5.36B,40.69%,$13.18B,$1.26B,9.54%,$13.18B,$1.26B,9.54%,$13.18B,$2.22B,16.86%,$13.18B,$1.00B,7.55%,$13.18B,$0.64B,4.83%,$0.64B,$0.07B,753.85%,$0.64B,$0.07B,753.85%,$0.64B,$17.38B,4.19%,$1.26B,$11.42B,12.94%,$2504,$1679,$825,$0,$-312,$2014,$491,$-107,$384,$144,$241,$241,$209,$712,$491,$450,453,$0.45,$0.46,$7205,$466,$85,$9059,$4367,$253,$0,$3662,$8320,$17380,$3924,$11350,$0,$13384,$17308,$5,$-1028,$189,$72,$17380,$626,$964,$283,$1248,$-67,$85,$145,$16,$130,$2012,$-945,$0,$0,$0,$-1925,$-1925,$-149,$-3019,$4364,$0,$4364,$95,$95,$-453,$-3,$4002,$2997,$39,$-453
24,2012-09-30,29.8,$0.33,89.89,$29.60,1.01,$10.64,2.8,$1.65,18.06,$8.34B,$4.14B,2.01,$10.36B,$0.15B,69.24,$13.33B,$5.72B,42.93%,$13.33B,$1.37B,10.27%,$13.33B,$1.37B,10.27%,$13.33B,$2.33B,17.47%,$13.33B,$1.08B,8.11%,$13.33B,$0.74B,5.56%,$0.74B,$0.15B,-1937.25%,$0.74B,$0.15B,-1937.25%,$0.74B,$16.51B,5.40%,$1.37B,$10.51B,15.88%,$3523,$2045,$1479,$0,$330,$3796,$-273,$-40,$-313,$-149,$-163,$-163,$-158,$-38,$-273,$451,451,$-0.35,$-0.35,$6400,$629,$404,$8336,$4368,$249,$0,$3561,$8178,$16514,$4142,$10357,$0,$12223,$16365,$5,$-784,$58,$150,$16514,$422,$743,$261,$1004,$0,$0,$0,$592,$592,$2034,$-682,$0,$0,$0,$-1714,$-1714,$-95,$-2491,$2871,$0,$2871,$61,$61,$0,$1,$2934,$2479,$37,$0
25,2012-06-30,27.79,$0.38,72.64,$29.84,0.93,$10.76,2.58,$2.71,10.26,$6.50B,$3.52B,1.85,$9.37B,$0.17B,54.33,$13.41B,$5.81B,43.29%,$13.41B,$2.27B,16.91%,$13.41B,$2.27B,16.91%,$13.41B,$3.22B,24.01%,$13.41B,$1.89B,14.11%,$13.41B,$1.22B,9.08%,$1.22B,$0.17B,-2436.00%,$1.22B,$0.17B,-2436.00%,$1.22B,$14.52B,9.47%,$2.27B,$9.54B,28.75%,$3572,$2070,$1502,$0,$328,$3103,$468,$-97,$372,$146,$226,$226,$226,$767,$468,$450,453,$0.50,$0.50,$4839,$647,$135,$6497,$4348,$240,$0,$3436,$8024,$14521,$3516,$9365,$0,$10833,$14349,$5,$-626,$-19,$172,$14521,$586,$508,$-3,$505,$0,$0,$0,$249,$249,$1348,$-420,$0,$0,$0,$-815,$-815,$-54,$-1289,$1881,$0,$1881,$50,$50,$0,$-4,$1927,$1987,$30,$0
26,2012-03-31,32.06,$-0.12,-258.1,$29.98,1.07,$10.63,3.02,$2.96,10.83,$4.35B,$3.57B,1.22,$7.47B,$-0.06B,-134.47,$13.43B,$5.89B,43.84%,$13.43B,$2.52B,18.75%,$13.43B,$2.52B,18.75%,$13.43B,$3.41B,25.38%,$13.43B,$2.08B,15.52%,$13.43B,$1.33B,9.88%,$1.33B,$-0.06B,-1141.51%,$1.33B,$-0.06B,-1141.51%,$1.33B,$12.41B,10.67%,$2.52B,$7.42B,34.26%,$3582,$2025,$1557,$0,$376,$3009,$572,$-21,$552,$192,$360,$360,$360,$781,$572,$447,450,$0.81,$0.80,$2693,$670,$137,$4349,$4314,$255,$0,$3491,$8060,$12410,$3571,$7474,$0,$8894,$12465,$60,$-852,$0,$-56,$12410,$360,$209,$-83,$125,$0,$0,$0,$367,$367,$859,$-169,$0,$0,$0,$139,$139,$-79,$-109,$-8,$0,$-8,$6,$6,$0,$1,$-2,$750,$23,$0
27,2011-12-31,27.72,$-0.94,-29.58,$29.20,0.95,$10.45,2.65,$3.38,8.2,$3.75B,$3.22B,1.16,$7.46B,$-0.42B,-17.8,$13.07B,$5.67B,43.35%,$13.07B,$2.93B,22.40%,$13.07B,$2.93B,22.40%,$13.07B,$3.84B,29.38%,$13.07B,$2.41B,18.46%,$13.07B,$1.52B,11.60%,$1.52B,$-0.42B,-665.64%,$1.52B,$-0.42B,-665.64%,$1.52B,$11.47B,12.74%,$2.93B,$7.04B,43.46%,$2657,$1471,$1186,$0,$-232,$2054,$603,$-132,$471,$152,$319,$319,$313,$819,$603,$445,447,$0.69,$0.71,$2041,$707,$132,$3748,$3170,$1542,$0,$3010,$7722,$11470,$3221,$7458,$0,$8669,$11889,$5,$-1212,$82,$-419,$11470,$1516,$912,$575,$1487,$17,$-62,$-47,$-249,$-474,$2574,$-760,$0,$-234,$0,$-336,$-336,$-1365,$-2695,$968,$0,$968,$0,$40,$-893,$-20,$94,$-32,$31,$-893
28,2011-09-30,22.52,$0.23,97.25,$30.44,0.74,$8.69,2.59,$3.24,6.95,$5.42B,$4.07B,1.33,$7.46B,$0.10B,72.21,$13.62B,$5.97B,43.84%,$13.62B,$2.83B,20.76%,$13.62B,$2.83B,20.76%,$13.62B,$3.76B,27.61%,$13.62B,$2.34B,17.18%,$13.62B,$1.46B,10.68%,$1.46B,$0.10B,-358.15%,$1.46B,$0.10B,-358.15%,$1.46B,$13.04B,12.71%,$2.83B,$7.57B,46.63%,$3603,$2040,$1562,$0,$383,$2978,$625,$-127,$498,$179,$319,$319,$319,$854,$625,$446,448,$0.72,$0.71,$3365,$667,$354,$5423,$3185,$1514,$0,$2914,$7612,$13035,$4072,$7462,$0,$8860,$12932,$5,$-631,$45,$103,$13035,$1203,$696,$602,$1298,$0,$0,$0,$-525,$-525,$1991,$-594,$0,$-127,$0,$-306,$-306,$-2449,$-3474,$1888,$0,$1888,$27,$27,$0,$-23,$1892,$405,$26,$0
29,2011-06-30,27.58,$-0.21,-132.83,$29.58,0.93,$7.15,3.86,$3.08,8.95,$6.41B,$4.25B,1.51,$7.47B,$-0.09B,-80.68,$13.23B,$5.74B,43.42%,$13.23B,$2.66B,20.10%,$13.23B,$2.66B,20.10%,$13.23B,$3.61B,27.26%,$13.23B,$2.22B,16.77%,$13.23B,$1.38B,10.44%,$1.38B,$-0.09B,-175.64%,$1.38B,$-0.09B,-175.64%,$1.38B,$12.83B,13.14%,$2.66B,$7.38B,48.84%,$3590,$2006,$1584,$0,$325,$2872,$718,$-155,$563,$228,$335,$335,$335,$955,$718,$446,447,$0.75,$0.75,$4593,$569,$189,$6413,$3222,$1524,$0,$1669,$6415,$12828,$4249,$7471,$0,$8672,$12920,$5,$-950,$178,$-93,$12828,$884,$467,$432,$899,$0,$0,$0,$-528,$-528,$1258,$-403,$0,$-127,$0,$-337,$-337,$-1160,$-2026,$1982,$0,$1982,$24,$24,$0,$-23,$1983,$1215,$19,$0
30,2011-03-31,21.9,$-1.13,-19.33,$28.61,0.77,$6.52,3.36,$2.90,7.55,$5.00B,$4.29B,1.16,$5.48B,$-0.50B,-10.9,$12.81B,$5.50B,42.96%,$12.81B,$2.47B,19.26%,$12.81B,$2.47B,19.26%,$12.81B,$3.44B,26.87%,$12.81B,$2.07B,16.15%,$12.81B,$1.30B,10.17%,$1.30B,$-0.50B,-112.52%,$1.30B,$-0.50B,-112.52%,$1.30B,$10.28B,13.63%,$2.47B,$4.98B,51.13%,$3224,$1890,$1335,$0,$162,$2241,$983,$-102,$881,$332,$549,$549,$549,$1213,$983,$443,449,$1.24,$1.22,$3414,$428,$181,$4997,$3255,$556,$0,$1473,$5284,$10281,$4292,$5479,$0,$6491,$10783,$5,$-1285,$155,$-502,$10281,$549,$230,$225,$455,$0,$0,$0,$-164,$-164,$844,$-233,$0,$0,$0,$44,$44,$-127,$-317,$-8,$0,$-8,$4,$4,$0,$0,$-5,$523,$15,$0
31,2010-12-31,17.68,$-2.56,-6.91,$28.26,0.63,$6.07,2.91,$2.20,8.03,$4.57B,$4.50B,1.02,$5.48B,$-1.13B,-4.84,$12.64B,$5.43B,42.96%,$12.64B,$1.94B,15.35%,$12.64B,$1.94B,15.35%,$12.64B,$2.93B,23.14%,$12.64B,$1.54B,12.20%,$12.64B,$0.99B,7.79%,$0.99B,$-1.13B,-65.89%,$0.99B,$-1.13B,-65.89%,$0.99B,$9.63B,10.75%,$1.94B,$4.35B,41.00%,$3207,$1715,$1492,$0,$165,$2703,$503,$-104,$399,$148,$252,$252,$252,$740,$503,$446,447,$0.57,$0.56,$2940,$488,$142,$4573,$3232,$369,$0,$1457,$5059,$9632,$4499,$5484,$0,$6266,$10766,$5,$-1835,$93,$-1133,$9632,$985,$984,$196,$1180,$-17,$-229,$-12,$-134,$-43,$2140,$-1113,$0,$0,$0,$-259,$-259,$-106,$-1478,$-27,$0,$-27,$-101,$-101,$0,$0,$-127,$535,$15,$0
32,2010-09-30,17.27,$-3.20,-5.4,$27.68,0.62,$6.35,2.72,$2.04,8.47,$4.32B,$3.59B,1.2,$6.49B,$-1.42B,-4.58,$12.40B,$5.10B,41.17%,$12.40B,$1.79B,14.46%,$12.40B,$1.79B,14.46%,$12.40B,$2.78B,22.45%,$12.40B,$1.42B,11.42%,$12.40B,$0.91B,7.36%,$0.91B,$-1.42B,-52.57%,$0.91B,$-1.42B,-52.57%,$0.91B,$9.29B,10.33%,$1.79B,$5.07B,37.82%,$3208,$1874,$1333,$0,$155,$2753,$455,$-80,$375,$130,$245,$245,$245,$698,$455,$446,446,$0.55,$0.55,$2660,$523,$194,$4323,$3196,$314,$0,$1460,$4970,$9293,$3590,$6489,$0,$7119,$10709,$5,$-2082,$61,$-1417,$9293,$733,$747,$91,$838,$0,$0,$0,$-51,$-51,$1534,$-832,$0,$0,$0,$138,$138,$-108,$-802,$-22,$0,$-22,$-102,$-102,$0,$0,$-124,$609,$12,$0
33,2010-06-30,16.32,$-3.53,-4.63,$26.96,0.61,$7.38,2.21,$1.67,9.77,$4.10B,$3.49B,1.17,$6.48B,$-1.58B,-4.1,$12.08B,$4.87B,40.29%,$12.08B,$1.53B,12.69%,$12.08B,$1.53B,12.69%,$12.08B,$2.51B,20.76%,$12.08B,$1.14B,9.45%,$12.08B,$0.75B,6.19%,$0.75B,$-1.58B,-43.34%,$0.75B,$-1.58B,-43.34%,$0.75B,$9.03B,8.63%,$1.53B,$4.90B,33.00%,$3169,$1827,$1342,$0,$155,$2643,$526,$-112,$414,$157,$257,$257,$257,$790,$526,$448,449,$0.57,$0.57,$2594,$465,$71,$4102,$3151,$316,$0,$1463,$4930,$9031,$3493,$6478,$0,$7118,$10611,$5,$-2273,$1,$-1580,$9031,$488,$504,$45,$550,$0,$0,$0,$68,$68,$1116,$-537,$0,$0,$0,$-246,$-246,$-106,$-890,$-13,$0,$-13,$-11,$-11,$0,$0,$-23,$203,$9,$0
34,2010-03-31,18.72,$-4.14,-4.52,$26.39,0.71,$7.84,2.39,$1.24,15.1,$3.78B,$3.47B,1.09,$6.46B,$-1.85B,-3.49,$11.82B,$4.70B,39.79%,$11.82B,$1.27B,10.75%,$11.82B,$1.27B,10.75%,$11.82B,$2.23B,18.84%,$11.82B,$0.87B,7.34%,$11.82B,$0.55B,4.69%,$0.55B,$-1.85B,-32.38%,$0.55B,$-1.85B,-32.38%,$0.55B,$8.69B,6.73%,$1.27B,$4.61B,29.46%,$3057,$1795,$1263,$0,$151,$2600,$457,$-103,$354,$124,$231,$231,$231,$697,$457,$447,448,$0.52,$0.52,$2448,$356,$73,$3775,$3135,$313,$0,$1466,$4914,$8689,$3470,$6463,$0,$7069,$10539,$5,$-2530,$24,$-1850,$8689,$231,$240,$-29,$211,$0,$0,$0,$279,$279,$726,$-320,$0,$0,$0,$-288,$-288,$-103,$-711,$-7,$0,$-7,$-14,$-14,$0,$0,$-21,$-6,$6,$0
35,2009-12-31,18.67,$-4.68,-3.99,$26.04,0.72,$8.38,2.23,$1.42,13.15,$3.48B,$3.29B,1.06,$6.47B,$-2.09B,-3.09,$11.66B,$4.64B,39.80%,$11.66B,$1.39B,11.90%,$11.66B,$1.39B,11.90%,$11.66B,$2.33B,19.95%,$11.66B,$1.01B,8.68%,$11.66B,$0.64B,5.45%,$0.64B,$-2.09B,-38.20%,$0.64B,$-2.09B,-38.17%,$0.64B,$8.30B,8.13%,$1.39B,$4.38B,34.59%,$2963,$1797,$1166,$0,$152,$2608,$355,$-82,$273,$94,$179,$179,$179,$598,$355,$447,449,$0.40,$0.40,$2139,$296,$121,$3476,$3042,$312,$0,$1465,$4819,$8295,$3287,$6470,$0,$7100,$10387,$5,$-2761,$6,$-2092,$8295,$635,$940,$32,$972,$40,$51,$-61,$-12,$575,$2195,$-1037,$0,$0,$0,$-1510,$-1510,$-59,$-2606,$1349,$0,$1349,$-13,$-13,$-894,$-23,$418,$7,$12,$-894
36,2009-09-30,15.74,$-3.09,-5.09,$25.79,0.61,$8.10,1.94,$1.50,10.49,$4.01B,$3.30B,1.22,$6.08B,$-1.38B,-4.4,$11.62B,$4.65B,40.02%,$11.62B,$1.55B,13.29%,$11.62B,$1.55B,13.29%,$11.62B,$2.48B,21.30%,$11.62B,$1.13B,9.72%,$11.62B,$0.67B,5.80%,$0.67B,$-1.38B,-41.37%,$0.67B,$-1.38B,-41.34%,$0.67B,$8.66B,9.16%,$1.55B,$4.69B,42.07%,$2892,$1796,$1096,$0,$158,$2697,$195,$-93,$101,$21,$80,$80,$81,$423,$195,$447,447,$0.18,$0.18,$2633,$278,$174,$4007,$2869,$310,$0,$1472,$4652,$8659,$3297,$6076,$0,$6744,$10040,$5,$-2036,$-2,$-1381,$8659,$457,$697,$82,$779,$0,$0,$0,$652,$652,$1892,$-724,$0,$0,$0,$-1987,$-1987,$-58,$-2770,$980,$0,$980,$-16,$-16,$0,$-29,$935,$57,$9,$0
37,2009-06-30,13.24,$-3.40,-3.89,$25.71,0.52,$7.62,1.74,$1.52,8.71,$2.78B,$3.03B,0.92,$5.08B,$-1.52B,-3.34,$11.67B,$4.75B,40.71%,$11.67B,$1.77B,15.15%,$11.67B,$1.77B,15.15%,$11.67B,$2.72B,23.27%,$11.67B,$1.26B,10.77%,$11.67B,$0.69B,5.87%,$0.69B,$-1.52B,-37.72%,$0.69B,$-1.52B,-37.66%,$0.69B,$7.27B,9.80%,$1.77B,$3.56B,55.08%,$2904,$1727,$1177,$0,$156,$2641,$263,$-124,$139,$75,$63,$63,$63,$508,$263,$447,447,$0.14,$0.14,$1321,$323,$183,$2784,$2794,$240,$0,$1447,$4481,$7266,$3025,$5079,$0,$5761,$8786,$5,$-2117,$-58,$-1520,$7266,$376,$469,$81,$550,$0,$0,$0,$318,$318,$1246,$-467,$0,$0,$0,$-673,$-673,$-63,$-1203,$-12,$0,$-12,$-17,$-17,$0,$0,$-29,$14,$7,$0
38,2009-03-31,9.08,$-3.74,-2.43,$25.54,0.36,$7.65,1.19,$2.11,4.3,$2.59B,$3.01B,0.86,$5.09B,$-1.67B,-3.05,$11.68B,$4.92B,42.10%,$11.68B,$2.13B,18.21%,$11.68B,$2.13B,18.21%,$11.68B,$3.08B,26.34%,$11.68B,$1.65B,14.09%,$11.68B,$0.96B,8.20%,$0.96B,$-1.67B,-48.90%,$0.96B,$-1.67B,-48.80%,$0.96B,$7.06B,13.50%,$2.13B,$3.42B,69.87%,$2905,$1702,$1203,$0,$137,$2331,$575,$-75,$500,$187,$313,$313,$313,$798,$575,$447,448,$0.70,$0.70,$1169,$415,$102,$2589,$2817,$203,$5,$1449,$4474,$7063,$3012,$5085,$0,$5719,$8730,$5,$-2180,$-124,$-1667,$7063,$313,$223,$29,$253,$0,$0,$0,$334,$334,$901,$-252,$0,$0,$0,$-461,$-461,$0,$-713,$-5,$0,$-5,$-18,$-18,$0,$0,$-23,$165,$3,$0
39,2008-12-31,9.06,$-4.36,-2.08,$25.24,0.36,$7.59,1.19,$1.98,4.58,$2.10B,$2.98B,0.7,$4.97B,$-1.95B,-2.55,$11.62B,$4.96B,42.73%,$11.62B,$2.06B,17.70%,$11.62B,$2.06B,17.70%,$11.62B,$3.06B,26.31%,$11.62B,$1.57B,13.50%,$11.62B,$0.90B,7.78%,$0.90B,$-1.95B,-42.01%,$0.90B,$-1.95B,-41.95%,$0.90B,$6.46B,12.83%,$2.06B,$3.02B,77.97%,$2921,$1746,$1175,$0,$132,$2409,$512,$-122,$390,$174,$217,$217,$217,$746,$512,$449,460,$0.48,$0.48,$559,$427,$56,$2098,$2663,$242,$0,$1457,$4362,$6460,$2980,$4969,$0,$5429,$8409,$5,$-2493,$-108,$-1949,$6460,$903,$1000,$580,$1580,$-159,$-158,$177,$-100,$-302,$2188,$-1130,$0,$0,$0,$166,$166,$-633,$-1597,$-760,$0,$-760,$-62,$-62,$0,$-590,$-1412,$-821,$15,$0
40,2008-09-30,17.16,$-4.76,-3.6,$25.22,0.68,$7.85,2.19,$1.89,9.08,$2.86B,$4.18B,0.68,$4.97B,$-2.13B,-2.34,$11.59B,$5.07B,43.75%,$11.59B,$1.94B,16.73%,$11.59B,$1.94B,16.73%,$11.59B,$3.03B,26.12%,$11.59B,$1.49B,12.83%,$11.59B,$0.86B,7.44%,$0.86B,$-2.13B,-57.29%,$0.86B,$-2.14B,-53.00%,$0.86B,$7.18B,10.84%,$1.94B,$2.84B,60.87%,$2937,$1741,$1195,$0,$148,$2519,$418,$-191,$227,$135,$92,$92,$92,$663,$418,$449,460,$0.20,$0.20,$1537,$395,$117,$2857,$2623,$176,$5,$1502,$4320,$7177,$4175,$4973,$0,$5132,$9307,$5,$-2685,$-91,$-2129,$7177,$686,$766,$286,$1052,$0,$0,$0,$81,$81,$1825,$-844,$-712,$0,$0,$220,$220,$1,$-1335,$214,$0,$214,$-62,$-62,$0,$-590,$-438,$52,$12,$0
41,2008-06-30,23.92,$-4.65,-5.15,$24.95,0.96,$7.53,3.18,$2.13,11.23,$3.95B,$4.41B,0.89,$4.98B,$-2.09B,-2.38,$11.44B,$5.14B,44.92%,$11.44B,$1.92B,16.76%,$11.44B,$1.92B,16.76%,$11.44B,$3.10B,27.12%,$11.44B,$1.59B,13.90%,$11.44B,$0.97B,8.48%,$0.97B,$-2.09B,-113.12%,$0.97B,$-2.10B,-95.14%,$0.97B,$7.68B,11.29%,$1.92B,$2.89B,46.65%,$2915,$1572,$1343,$0,$135,$2294,$621,$-91,$529,$193,$336,$336,$336,$869,$621,$450,461,$0.75,$0.73,$1899,$336,$836,$3948,$2549,$323,$6,$855,$3732,$7681,$4414,$4983,$0,$5358,$9772,$5,$-2777,$-39,$-2092,$7681,$594,$521,$39,$560,$0,$0,$0,$184,$184,$1342,$-528,$-712,$0,$0,$-442,$-442,$-3,$-1685,$745,$0,$745,$18,$18,$0,$-590,$173,$-170,$8,$0
42,2008-03-31,23.47,$-5.43,-4.33,$24.68,0.95,$6.75,3.48,$1.90,12.35,$3.13B,$4.73B,0.66,$4.23B,$-2.44B,-1.74,$11.29B,$5.07B,44.88%,$11.29B,$1.74B,15.40%,$11.29B,$1.74B,15.40%,$11.29B,$3.02B,26.76%,$11.29B,$1.42B,12.57%,$11.29B,$0.86B,7.60%,$0.86B,$-2.44B,-308.63%,$0.86B,$-2.44B,-177.73%,$0.86B,$6.87B,9.51%,$1.74B,$1.79B,34.99%,$2844,$1593,$1251,$0,$130,$2339,$505,$-83,$422,$164,$259,$259,$259,$778,$505,$449,460,$0.58,$0.57,$1569,$320,$207,$3130,$2535,$326,$0,$866,$3735,$6865,$4731,$4231,$0,$4572,$9303,$5,$-3113,$-26,$-2438,$6865,$259,$272,$23,$295,$0,$0,$0,$351,$351,$906,$-267,$0,$0,$0,$-233,$-233,$-3,$-503,$-2,$0,$-2,$1,$1,$0,$-585,$-586,$-183,$4,$0
43,2007-12-31,27.58,$1.43,19.33,$24.31,1.13,$5.74,4.8,$1.68,16.42,$4.25B,$4.23B,1.01,$4.58B,$0.64B,7.15,$11.09B,$5.01B,45.15%,$11.09B,$1.57B,14.19%,$11.09B,$1.57B,14.19%,$11.09B,$2.90B,26.18%,$11.09B,$1.25B,11.26%,$11.09B,$0.76B,6.82%,$0.76B,$0.64B,233.33%,$0.76B,$0.16B,1039.18%,$0.76B,$10.09B,7.90%,$1.57B,$5.22B,26.26%,$2891,$1611,$1280,$0,$173,$2496,$395,$-86,$309,$134,$175,$175,$175,$716,$395,$447,457,$0.39,$0.39,$2788,$307,$108,$4245,$4058,$360,$476,$947,$5841,$10087,$4225,$4575,$0,$5221,$9447,$5,$-84,$47,$640,$10087,$756,$1329,$472,$1802,$-26,$-88,$32,$26,$51,$2617,$-1445,$0,$0,$0,$-934,$-934,$-92,$-2471,$-1044,$0,$-1044,$55,$55,$0,$13,$-976,$-830,$23,$0
44,2007-09-30,34.23,$1.03,33.31,$23.67,1.45,$5.13,6.68,$1.64,20.87,$4.27B,$2.73B,1.57,$6.09B,$0.46B,13.24,$10.78B,$4.89B,45.35%,$10.78B,$1.49B,13.84%,$10.78B,$1.49B,13.84%,$10.78B,$2.80B,25.93%,$10.78B,$1.17B,10.86%,$10.78B,$0.73B,6.81%,$0.73B,$0.46B,671.85%,$0.73B,$0.29B,-1012.41%,$0.73B,$9.75B,7.73%,$1.49B,$6.55B,24.37%,$2794,$1527,$1267,$0,$151,$2398,$397,$-65,$331,$132,$200,$200,$200,$741,$397,$447,457,$0.45,$0.44,$2802,$341,$165,$4270,$4021,$168,$167,$1120,$5476,$9746,$2725,$6086,$0,$6562,$9286,$5,$-259,$82,$460,$9746,$581,$1008,$330,$1338,$0,$0,$0,$-28,$-28,$1897,$-1070,$0,$0,$0,$-299,$-299,$-49,$-1418,$-1032,$0,$-1032,$28,$28,$0,$4,$-999,$-521,$17,$0
45,2007-06-30,31.71,$0.51,62.68,$23.10,1.37,$4.92,6.44,$1.51,21.0,$3.94B,$2.60B,1.52,$6.10B,$0.23B,26.93,$10.46B,$4.74B,45.31%,$10.46B,$1.38B,13.16%,$10.46B,$1.38B,13.16%,$10.46B,$2.63B,25.17%,$10.46B,$1.04B,9.97%,$10.46B,$0.67B,6.44%,$0.67B,$0.23B,-694.85%,$0.67B,$0.05B,-235.05%,$0.67B,$9.39B,7.17%,$1.38B,$6.32B,22.47%,$2760,$1491,$1269,$0,$143,$2318,$442,$-84,$357,$133,$224,$224,$224,$786,$442,$447,456,$0.50,$0.50,$2400,$289,$160,$3944,$4017,$172,$176,$1085,$5450,$9394,$2599,$6098,$0,$6569,$9168,$5,$-459,$55,$226,$9394,$381,$664,$211,$875,$0,$0,$0,$-72,$-72,$1189,$-740,$0,$0,$0,$-251,$-251,$-55,$-1046,$-1020,$0,$-1020,$27,$27,$0,$4,$-990,$-846,$11,$0
46,2007-03-31,31.76,$-0.07,-465.66,$22.49,1.41,$5.13,6.2,$1.39,22.85,$3.82B,$2.67B,1.43,$5.92B,$-0.03B,-194.24,$10.16B,$4.58B,45.06%,$10.16B,$1.28B,12.63%,$10.16B,$1.28B,12.63%,$10.16B,$2.47B,24.26%,$10.16B,$0.94B,9.29%,$10.16B,$0.62B,6.09%,$0.62B,$-0.03B,-219.89%,$0.62B,$-0.22B,-129.16%,$0.62B,$9.07B,6.64%,$1.28B,$5.89B,20.87%,$2645,$1454,$1191,$0,$157,$2305,$340,$-88,$252,$95,$157,$157,$157,$660,$340,$446,455,$0.35,$0.35,$2168,$312,$122,$3815,$3830,$172,$185,$1063,$5251,$9066,$2665,$5919,$0,$6432,$9096,$5,$-683,$51,$-30,$9066,$157,$320,$81,$402,$0,$0,$0,$-56,$-56,$504,$-331,$0,$0,$0,$-132,$-132,$3,$-460,$-1009,$0,$-1009,$6,$6,$0,$1,$-1003,$-958,$6,$0
47,2006-12-31,27.81,$-0.49,-56.52,$21.84,1.27,$5.49,5.07,$1.37,20.3,$4.60B,$3.59B,1.28,$5.93B,$-0.22B,-27.03,$9.82B,$4.44B,45.21%,$9.82B,$1.22B,12.41%,$9.82B,$1.22B,12.41%,$9.82B,$2.33B,23.74%,$9.82B,$0.92B,9.40%,$9.82B,$0.61B,6.20%,$0.61B,$-0.22B,-136.39%,$0.61B,$-0.42B,-93.37%,$0.61B,$9.77B,6.56%,$1.22B,$5.71B,19.51%,$2578,$1417,$1160,$0,$143,$2266,$312,$-82,$230,$77,$153,$153,$153,$608,$312,$445,453,$0.35,$0.35,$3033,$238,$116,$4600,$3766,$173,$198,$1033,$5169,$9769,$3591,$5929,$0,$6397,$9988,$5,$-841,$50,$-219,$9769,$608,$1114,$232,$1346,$-190,$17,$47,$140,$319,$2279,$-1396,$0,$0,$0,$-745,$-745,$-8,$-2149,$1017,$0,$1017,$12,$12,$0,$-7,$1022,$1152,$18,$0
