,Date,Stock Price,Book Value per Share,Price to Book Ratio,TTM Sales per Share,Price to Sales Ratio,TTM FCF per Share,Price to FCF Ratio,TTM Net EPS,PE Ratio,Current Assets,Current Liabilities,Current Ratio,Long Term Debt,Shareholder's Equity_x,Debt to Equity Ratio,TTM Revenue_x,TTM Gross Profit,Gross Margin,TTM Revenue_y,TTM Operating Income,Operating Margin,TTM Revenue_x,TTM EBIT,EBIT Margin,TTM Revenue_y,TTM EBITDA,EBITDA Margin,TTM Revenue_x,TTM Pre-Tax Income,Pre-Tax Margin,TTM Revenue_y,TTM Net Income_x,Net Margin,TTM Net Income_y,Shareholder's Equity_y,Return on Equity,TTM Net Income_x,Tangible Equity,Return on Tangible Equity,TTM Net Income_y,Total Assets,Return on Assets,TTM Net Income,LT Investments & Debt,Return on Investment,revenue,cost-goods-sold,gross-profit,research-development-expenses,selling-general-administrative-expenses,operating-expenses,operating-income,total-non-operating-income-expense,pre-tax-income,total-provision-income-taxes,income-after-taxes,income-from-continuous-operations,net-income,ebitda,ebit,basic-shares-outstanding,shares-outstanding,eps-basic-net-earnings-per-share,eps-earnings-per-share-diluted,cash-on-hand,inventory,other-current-assets,total-current-assets,net-property-plant-equipment,long-term-investments,goodwill-intangible-assets-total,other-long-term-assets,total-long-term-assets,total-assets,total-current-liabilities,long-term-debt,other-non-current-liabilities,total-long-term-liabilities,total-liabilities,common-stock-net,retained-earnings-accumulated-deficit,comprehensive-income,total-share-holder-equity,total-liabilities-share-holders-equity,net-income-loss,total-depreciation-amortization-cash-flow,other-non-cash-items,total-non-cash-items,change-in-accounts-receivable,change-in-inventories,change-in-accounts-payable,change-in-assets-liabilities,total-change-in-assets-liabilities,cash-flow-from-operating-activities,net-change-in-property-plant-equipment,net-change-in-intangible-assets,net-acquisitions-divestitures,net-change-in-short-term-investments,net-change-in-long-term-investments,net-change-in-investments-total,investing-activities-other,cash-flow-from-investing-activities,net-long-term-debt,net-current-debt,debt-issuance-retirement-net-total,net-common-equity-issued-repurchased,net-total-equity-issued-repurchased,total-common-preferred-stock-dividends-paid,financial-activities-other,cash-flow-from-financial-activities,net-cash-flow,stock-based-compensation,common-stock-dividends-paid
0,2018-06-30,230.2,$116.85,1.97,$30.06,7.66,$-10.45,0.0,$9.03,25.49,$0.22B,$0.03B,8.8,$0.03B,$0.16B,0.19,$0.04B,$0.04B,100.00%,$0.04B,$-0.01B,-31.71%,$0.04B,$-0.01B,-31.71%,$0.04B,$-0.01B,-21.95%,$0.04B,$-0.01B,-14.63%,$0.04B,$0.01B,31.71%,$0.01B,$0.16B,7.67%,$0.01B,$0.15B,8.44%,$0.01B,$0.26B,4.74%,$-0.01B,$0.19B,-6.48%,$11,$0,$11,$0,$13,$14,$-3,$1,$-2,$-1,$-1,$-1,$-1,$-2,$-3,$1,1,$-0.70,$-0.70,$212,$0,$0,$223,$11,$0,$14,$0,$35,$258,$25,$31,$0,$71,$97,$0,$51,$109,$161,$258,$14,$3,$-20,$-17,$-3,$-0,$1,$0,$-2,$-6,$-0,$0,$0,$8,$0,$8,$0,$8,$-0,$0,$-0,$0,$0,$0,$0,$-0,$2,$0,$0
1,2018-03-31,228.49,$123.06,1.86,$29.48,7.75,$-8.44,0.0,$8.75,26.11,$0.23B,$0.02B,10.3,$0.03B,$0.17B,0.19,$0.04B,$0.04B,100.00%,$0.04B,$-0.01B,-35.00%,$0.04B,$-0.01B,-35.00%,$0.04B,$-0.01B,-22.50%,$0.04B,$-0.01B,-17.50%,$0.04B,$0.01B,32.50%,$0.01B,$0.17B,7.81%,$0.01B,$0.16B,8.65%,$0.01B,$0.27B,4.73%,$-0.01B,$0.20B,-7.08%,$9,$0,$9,$0,$13,$14,$-4,$4,$-0,$-0,$-0,$-0,$-0,$-3,$-4,$1,1,$-0.17,$-0.17,$225,$0,$0,$231,$11,$0,$15,$0,$36,$267,$22,$31,$0,$74,$97,$0,$52,$117,$170,$267,$15,$2,$-20,$-18,$1,$-0,$-0,$-1,$-1,$-4,$-0,$0,$0,$8,$0,$8,$0,$8,$-0,$0,$-0,$0,$0,$0,$0,$-0,$4,$0,$0
2,2017-12-31,230.22,$135.12,1.7,$30.16,7.63,$-7.04,0.0,$11.08,20.78,$0.25B,$0.02B,11.01,$0.03B,$0.19B,0.17,$0.04B,$0.04B,100.00%,$0.04B,$-0.01B,-31.71%,$0.04B,$-0.01B,-31.71%,$0.04B,$-0.01B,-19.51%,$0.04B,$-0.01B,-19.51%,$0.04B,$0.02B,39.02%,$0.02B,$0.19B,9.95%,$0.02B,$0.17B,11.15%,$0.02B,$0.29B,5.89%,$-0.01B,$0.22B,-6.77%,$10,$0,$10,$0,$12,$14,$-3,$1,$-2,$-17,$15,$15,$15,$-2,$-3,$1,1,$10.67,$10.67,$247,$0,$0,$253,$12,$0,$15,$0,$37,$290,$23,$31,$0,$80,$103,$0,$72,$113,$187,$290,$15,$1,$-17,$-16,$1,$0,$-0,$-0,$0,$-1,$-0,$0,$0,$0,$0,$0,$0,$-0,$-0,$0,$-0,$0,$0,$0,$0,$-0,$-1,$0,$0
3,2017-09-30,218.61,$115.67,1.89,$29.97,7.29,$-7.51,0.0,$-0.66,0.0,$0.24B,$0.02B,9.96,$0.03B,$0.16B,0.2,$0.04B,$0.04B,100.00%,$0.04B,$-0.01B,-31.71%,$0.04B,$-0.01B,-31.71%,$0.04B,$-0.01B,-17.07%,$0.04B,$-0.01B,-19.51%,$0.04B,0,0.00%,$0.00B,$0.16B,0.00%,$0.00B,$0.14B,0.00%,$0.00B,$0.28B,0.00%,$-0.01B,$0.19B,-7.22%,$11,$0,$11,$0,$13,$14,$-3,$1,$-2,$-1,$-1,$-1,$-1,$-2,$-3,$1,1,$-0.77,$-0.77,$233,$0,$0,$240,$12,$0,$16,$0,$41,$281,$24,$31,$0,$97,$121,$0,$57,$101,$160,$281,$-1,$6,$-5,$1,$-1,$0,$0,$0,$-3,$-3,$-0,$0,$0,$-5,$0,$-5,$0,$-5,$-0,$0,$-0,$0,$0,$0,$0,$-0,$-8,$0,$0
4,2017-06-30,209.94,$108.19,1.94,$28.59,7.34,$-7.26,0.0,$-0.59,0.0,$0.22B,$0.08B,2.76,$0.03B,$0.15B,0.21,$0.04B,$0.04B,100.00%,$0.04B,$-0.01B,-33.33%,$0.04B,$-0.01B,-33.33%,$0.04B,$-0.01B,-17.95%,$0.04B,$-0.01B,-20.51%,$0.04B,0,0.00%,$0.00B,$0.15B,0.00%,$0.00B,$0.13B,0.00%,$0.00B,$0.26B,0.00%,$-0.01B,$0.18B,-7.58%,$10,$0,$10,$0,$12,$14,$-4,$1,$-3,$-1,$-1,$-1,$-1,$-2,$-4,$1,1,$-0.98,$-0.98,$213,$0,$0,$221,$12,$0,$18,$0,$41,$261,$80,$31,$0,$32,$112,$0,$58,$89,$149,$261,$0,$4,$-3,$1,$-1,$-0,$0,$-1,$-4,$-3,$-0,$0,$0,$-5,$0,$-5,$0,$-5,$-0,$0,$-0,$0,$0,$0,$0,$-0,$-9,$0,$0
5,2017-03-31,214.29,$106.09,2.02,$28.69,7.47,$-7.22,0.0,$0.14,1530.64,$0.22B,$0.08B,2.79,$0.03B,$0.15B,0.22,$0.04B,$0.04B,100.00%,$0.04B,$-0.01B,-28.21%,$0.04B,$-0.01B,-28.21%,$0.04B,$-0.01B,-12.82%,$0.04B,$-0.01B,-15.38%,$0.04B,$0.00B,2.56%,$0.00B,$0.15B,0.75%,$0.00B,$0.13B,0.88%,$0.00B,$0.26B,0.42%,$-0.01B,$0.18B,-6.67%,$10,$0,$10,$0,$12,$14,$-3,$2,$-1,$-4,$3,$3,$3,$-2,$-3,$1,1,$2.16,$2.16,$208,$0,$0,$215,$12,$0,$19,$0,$41,$255,$77,$32,$0,$32,$109,$0,$60,$85,$147,$255,$2,$3,$-2,$1,$-1,$-0,$1,$-1,$-4,$-2,$-0,$0,$0,$-5,$0,$-5,$0,$-5,$-0,$0,$-0,$0,$0,$0,$0,$-0,$-7,$0,$0
6,2016-12-31,241.8,$100.57,2.4,$29.54,8.19,$-9.02,0.0,$-1.87,0.0,$0.21B,$0.08B,2.79,$0.03B,$0.14B,0.23,$0.04B,$0.04B,100.00%,$0.04B,$-0.01B,-22.50%,$0.04B,$-0.01B,-22.50%,$0.04B,$-0.00B,-5.00%,$0.04B,$-0.01B,-12.50%,$0.04B,$-0.00B,-5.00%,$-0.00B,$0.14B,-1.56%,$-0.00B,$0.12B,-1.88%,$-0.00B,$0.25B,-0.87%,$-0.01B,$0.17B,-5.64%,$10,$0,$10,$0,$11,$13,$-3,$1,$-2,$-0,$-1,$-1,$-1,$-1,$-3,$1,1,$-1.07,$-1.07,$201,$0,$0,$208,$12,$0,$20,$0,$41,$249,$75,$32,$3,$35,$110,$0,$57,$81,$139,$249,$-1,$1,$-1,$0,$-1,$-0,$0,$0,$-0,$-1,$-0,$0,$0,$-5,$0,$-5,$0,$-5,$-0,$0,$-0,$0,$0,$0,$0,$-0,$-7,$0,$0
7,2016-09-30,219.0,$90.78,2.41,$30.13,7.27,$-11.67,0.0,$-0.76,0.0,$0.18B,$0.07B,2.84,$0.03B,$0.13B,0.25,$0.04B,$0.04B,100.00%,$0.04B,$-0.01B,-17.07%,$0.04B,$-0.01B,-17.07%,$0.04B,$-0.00B,-2.44%,$0.04B,$-0.00B,-7.32%,$0.04B,$-0.00B,-2.44%,$-0.00B,$0.13B,-0.79%,$-0.00B,$0.10B,-0.96%,$-0.00B,$0.23B,-0.44%,$-0.01B,$0.16B,-4.42%,$9,$0,$9,$0,$11,$12,$-3,$1,$-2,$-1,$-1,$-1,$-1,$-2,$-3,$1,1,$-0.70,$-0.70,$178,$0,$0,$184,$12,$0,$21,$0,$41,$225,$65,$32,$4,$35,$100,$0,$58,$66,$125,$225,$-1,$6,$-2,$4,$1,$0,$-2,$-1,$-2,$1,$-4,$0,$0,$-4,$0,$-4,$0,$-8,$2,$0,$2,$0,$0,$0,$0,$2,$-4,$0,$0
8,2016-06-30,236.99,$89.19,2.66,$31.40,7.55,$-4.62,0.0,$-0.17,0.0,$0.18B,$0.06B,2.91,$0.03B,$0.12B,0.26,$0.04B,$0.04B,97.67%,$0.04B,$-0.01B,-11.63%,$0.04B,$-0.01B,-11.63%,$0.04B,$0.00B,2.33%,$0.04B,$-0.00B,-4.65%,$0.04B,0,0.00%,$0.00B,$0.12B,0.00%,$0.00B,$0.10B,0.00%,$0.00B,$0.22B,0.00%,$-0.01B,$0.16B,-3.15%,$10,$0,$10,$0,$10,$12,$-2,$1,$-1,$-0,$-0,$-0,$-0,$-0,$-2,$1,1,$-0.25,$-0.25,$172,$0,$0,$179,$12,$0,$23,$0,$41,$220,$62,$32,$4,$35,$97,$0,$59,$62,$123,$220,$-0,$4,$-1,$4,$-0,$0,$-2,$-2,$-4,$0,$-4,$0,$0,$-4,$0,$-4,$0,$-8,$2,$0,$2,$0,$0,$0,$0,$2,$-5,$0,$0
9,2016-03-31,195.69,$90.32,2.17,$31.52,6.21,$0.97,200.73,$0.10,1956.9,$0.18B,$0.06B,2.9,$0.03B,$0.13B,0.25,$0.04B,$0.04B,97.67%,$0.04B,$-0.00B,-9.30%,$0.04B,$-0.00B,-9.30%,$0.04B,$0.00B,2.33%,$0.04B,$-0.00B,-2.33%,$0.04B,0,0.00%,$0.00B,$0.13B,0.00%,$0.00B,$0.10B,0.00%,$0.00B,$0.22B,0.00%,$-0.00B,$0.16B,-2.47%,$11,$0,$11,$0,$10,$12,$-1,$1,$0,$-0,$0,$0,$0,$1,$-1,$1,1,$0.15,$0.15,$172,$0,$0,$179,$12,$0,$24,$0,$43,$222,$62,$32,$4,$36,$97,$0,$59,$64,$125,$222,$0,$3,$-0,$2,$-0,$0,$-2,$-2,$-4,$-1,$-4,$0,$0,$-4,$0,$-4,$0,$-7,$2,$0,$2,$0,$0,$0,$0,$2,$-6,$0,$0
10,2015-12-31,202.0,$97.45,2.07,$31.48,6.42,$6.89,29.34,$0.32,631.25,$0.20B,$0.07B,2.85,$0.03B,$0.14B,0.24,$0.04B,$0.04B,97.67%,$0.04B,$-0.00B,-9.30%,$0.04B,$-0.00B,-9.30%,$0.04B,0,0.00%,$0.04B,$-0.00B,-2.33%,$0.04B,$0.00B,2.33%,$0.00B,$0.14B,0.75%,$0.00B,$0.11B,0.94%,$0.00B,$0.24B,0.42%,$-0.00B,$0.17B,-2.45%,$11,$0,$11,$0,$10,$12,$-1,$1,$-0,$-0,$0,$0,$0,$0,$-1,$1,1,$0.04,$0.04,$188,$0,$0,$195,$12,$0,$25,$0,$44,$238,$68,$32,$4,$36,$104,$0,$59,$74,$135,$238,$0,$1,$-0,$1,$0,$-0,$-2,$-2,$-3,$-2,$-4,$0,$0,$-4,$0,$-4,$0,$-7,$2,$0,$2,$0,$0,$0,$0,$2,$-7,$0,$0
11,2015-09-30,186.2,$93.12,2.0,$31.85,5.85,$10.75,17.32,$0.59,315.59,$0.19B,$0.07B,2.87,$0.03B,$0.13B,0.23,$0.04B,$0.04B,97.67%,$0.04B,$-0.00B,-6.98%,$0.04B,$-0.00B,-6.98%,$0.04B,$0.00B,2.33%,$0.04B,$-0.00B,-2.33%,$0.04B,$0.00B,2.33%,$0.00B,$0.13B,0.75%,$0.00B,$0.10B,0.95%,$0.00B,$0.23B,0.43%,$-0.00B,$0.16B,-1.84%,$11,$0,$10,$0,$10,$12,$-1,$1,$-1,$-0,$-0,$-0,$-0,$0,$-1,$1,1,$-0.11,$-0.11,$182,$0,$0,$189,$9,$0,$26,$0,$39,$228,$66,$29,$4,$34,$100,$0,$59,$68,$129,$228,$1,$6,$-1,$5,$3,$0,$-0,$-1,$2,$8,$-1,$0,$-0,$-7,$0,$-7,$0,$-8,$0,$0,$0,$0,$0,$0,$0,$0,$0,$0,$0
12,2015-06-30,196.51,$100.05,1.96,$32.37,6.07,$8.49,23.14,$0.70,280.73,$0.20B,$0.07B,2.85,$0.03B,$0.14B,0.21,$0.04B,$0.04B,100.00%,$0.04B,$-0.00B,-4.65%,$0.04B,$-0.00B,-4.65%,$0.04B,$0.00B,4.65%,$0.04B,$0.00B,2.33%,$0.04B,$0.00B,4.65%,$0.00B,$0.14B,1.48%,$0.00B,$0.11B,1.89%,$0.00B,$0.24B,0.84%,$-0.00B,$0.17B,-1.21%,$10,$0,$10,$0,$10,$12,$-1,$1,$-0,$-0,$0,$0,$0,$0,$-1,$1,1,$0.02,$0.02,$194,$0,$0,$203,$9,$0,$27,$0,$40,$243,$71,$29,$4,$34,$105,$0,$59,$77,$138,$243,$1,$4,$-1,$3,$2,$-0,$-0,$-2,$0,$5,$-0,$0,$0,$-7,$0,$-7,$0,$-7,$0,$0,$0,$0,$0,$0,$0,$0,$-3,$0,$0
13,2015-03-31,183.2,$96.21,1.9,$32.85,5.58,$8.00,22.91,$2.74,66.86,$0.19B,$0.07B,2.85,$0.03B,$0.13B,0.22,$0.04B,$0.04B,100.00%,$0.04B,$-0.00B,-2.27%,$0.04B,$-0.00B,-2.27%,$0.04B,$0.00B,6.82%,$0.04B,$0.00B,2.27%,$0.04B,$0.00B,4.55%,$0.00B,$0.13B,1.50%,$0.00B,$0.10B,1.95%,$0.00B,$0.24B,0.84%,$-0.00B,$0.16B,-0.61%,$11,$0,$11,$0,$11,$12,$-1,$1,$-0,$-1,$1,$1,$1,$0,$-1,$1,1,$0.37,$0.37,$185,$0,$0,$193,$9,$0,$29,$0,$42,$235,$68,$29,$4,$34,$102,$0,$59,$72,$133,$235,$1,$3,$-1,$2,$2,$0,$0,$-2,$1,$4,$-0,$0,$0,$-7,$0,$-7,$0,$-7,$0,$0,$0,$0,$0,$0,$0,$0,$-4,$0,$0
14,2014-12-31,263.01,$96.42,2.73,$32.44,8.11,$5.51,47.77,$2.37,110.97,$0.19B,$0.07B,2.85,$0.03B,$0.13B,0.22,$0.04B,$0.04B,100.00%,$0.04B,$-0.00B,-2.27%,$0.04B,$-0.00B,-2.27%,$0.04B,$0.00B,9.09%,$0.04B,$0.00B,2.27%,$0.04B,$0.00B,2.27%,$0.00B,$0.13B,0.75%,$0.00B,$0.10B,0.99%,$0.00B,$0.24B,0.42%,$-0.00B,$0.16B,-0.62%,$11,$0,$11,$0,$10,$12,$-0,$1,$0,$-0,$0,$0,$0,$1,$-0,$1,1,$0.31,$0.31,$183,$0,$0,$192,$9,$0,$30,$0,$42,$235,$68,$29,$4,$34,$102,$0,$59,$73,$133,$235,$0,$1,$-0,$1,$1,$-0,$-1,$-2,$-1,$0,$-0,$0,$0,$-7,$0,$-7,$0,$-7,$0,$0,$0,$0,$0,$0,$0,$0,$-7,$0,$0
15,2014-09-30,180.5,$98.75,1.83,$31.44,5.74,$4.49,40.22,$2.06,87.62,$0.20B,$0.07B,2.74,$0.03B,$0.14B,0.22,$0.04B,$0.04B,100.00%,$0.04B,$-0.00B,-4.65%,$0.04B,$-0.00B,-4.65%,$0.04B,$0.00B,6.98%,$0.04B,0,0.00%,$0.04B,0,0.00%,$0.00B,$0.14B,0.00%,$0.00B,$0.11B,0.00%,$0.00B,$0.24B,0.00%,$-0.00B,$0.17B,-1.26%,$11,$0,$11,$0,$10,$12,$-0,$1,$1,$-0,$1,$1,$1,$1,$-0,$1,1,$0.85,$0.85,$189,$0,$0,$201,$9,$0,$31,$0,$43,$244,$73,$29,$5,$34,$108,$0,$58,$76,$136,$244,$1,$6,$-2,$3,$-2,$0,$0,$3,$0,$5,$-0,$0,$0,$0,$0,$0,$0,$-0,$0,$0,$0,$0,$0,$0,$0,$0,$4,$0,$0
16,2014-06-30,206.69,$94.84,2.18,$31.10,6.65,$5.44,37.97,$2.06,100.33,$0.19B,$0.07B,2.72,$0.03B,$0.13B,0.23,$0.04B,$0.04B,100.00%,$0.04B,0,0.00%,$0.04B,0,0.00%,$0.04B,$0.00B,9.30%,$0.04B,$-0.00B,-2.33%,$0.04B,0,0.00%,$0.00B,$0.13B,0.00%,$0.00B,$0.10B,0.00%,$0.00B,$0.24B,0.00%,$0.00B,$0.16B,0.00%,$11,$0,$11,$0,$10,$11,$-0,$0,$0,$-0,$0,$0,$0,$1,$-0,$1,1,$0.03,$0.03,$182,$0,$0,$191,$9,$0,$32,$0,$44,$236,$70,$29,$5,$34,$105,$0,$57,$72,$131,$236,$-1,$4,$-2,$2,$-1,$0,$0,$2,$2,$4,$-0,$0,$0,$0,$0,$0,$0,$-0,$0,$0,$0,$0,$0,$0,$0,$0,$3,$0,$0
17,2014-03-31,172.97,$95.31,1.81,$29.70,5.82,$4.69,36.85,$0.60,288.28,$0.19B,$0.07B,2.74,$0.03B,$0.13B,0.22,$0.04B,$0.04B,100.00%,$0.04B,0,0.00%,$0.04B,0,0.00%,$0.04B,$0.00B,9.76%,$0.04B,0,0.00%,$0.04B,$0.00B,2.44%,$0.00B,$0.13B,0.85%,$0.00B,$0.10B,1.16%,$0.00B,$0.23B,0.49%,$0.00B,$0.16B,0.00%,$11,$0,$11,$0,$10,$11,$-1,$1,$0,$0,$0,$0,$0,$1,$-1,$1,1,$0.04,$0.04,$179,$0,$0,$187,$9,$0,$34,$0,$44,$231,$68,$29,$1,$31,$100,$0,$57,$73,$132,$231,$-1,$3,$-0,$2,$-0,$0,$-0,$-0,$-2,$0,$-0,$0,$0,$0,$0,$0,$0,$-0,$0,$0,$0,$0,$0,$0,$0,$0,$-0,$0,$0
18,2013-12-31,191.85,$87.55,2.19,$28.92,6.63,$5.38,35.65,$1.44,133.23,$0.17B,$0.06B,2.75,$0.03B,$0.12B,0.24,$0.04B,$0.04B,97.50%,$0.04B,$0.00B,5.00%,$0.04B,$0.00B,5.00%,$0.04B,$0.01B,12.50%,$0.04B,$0.00B,5.00%,$0.04B,$0.00B,5.00%,$0.00B,$0.12B,1.82%,$0.00B,$0.09B,2.48%,$0.00B,$0.21B,1.06%,$0.00B,$0.15B,1.52%,$10,$0,$10,$0,$10,$11,$-1,$1,$-1,$-0,$-1,$-1,$-1,$0,$-1,$1,1,$-0.46,$-0.46,$161,$0,$0,$169,$9,$0,$35,$0,$45,$214,$61,$29,$2,$32,$93,$0,$57,$62,$121,$214,$-1,$1,$-0,$1,$0,$0,$-1,$0,$-2,$-1,$-0,$0,$0,$0,$0,$0,$0,$-0,$0,$0,$0,$0,$0,$0,$0,$0,$-1,$0,$0
19,2013-09-30,146.99,$82.08,1.79,$27.28,5.39,$6.61,22.22,$2.04,72.05,$0.16B,$0.06B,2.7,$0.03B,$0.11B,0.26,$0.04B,$0.04B,94.74%,$0.04B,$0.00B,10.53%,$0.04B,$0.00B,10.53%,$0.04B,$0.01B,15.79%,$0.04B,$0.00B,10.53%,$0.04B,$0.00B,10.53%,$0.00B,$0.11B,3.86%,$0.00B,$0.08B,5.18%,$0.00B,$0.20B,2.28%,$0.00B,$0.14B,3.29%,$11,$0,$11,$0,$8,$10,$2,$-1,$0,$-0,$1,$1,$1,$2,$2,$1,1,$0.71,$0.71,$148,$0,$0,$157,$9,$0,$36,$0,$46,$203,$58,$29,$2,$32,$90,$0,$58,$54,$113,$203,$4,$2,$1,$4,$2,$-0,$-0,$-0,$-2,$6,$-0,$0,$-25,$0,$1,$1,$0,$-25,$29,$0,$29,$0,$0,$0,$0,$29,$10,$0,$0
20,2013-06-30,113.0,$76.64,1.47,$24.91,4.54,$7.48,15.11,$3.18,35.53,$0.14B,$0.05B,2.77,$0.01B,$0.11B,0.13,$0.04B,$0.03B,91.43%,$0.04B,$0.00B,11.43%,$0.04B,$0.00B,11.43%,$0.04B,$0.01B,17.14%,$0.04B,$0.01B,20.00%,$0.04B,$0.01B,14.29%,$0.01B,$0.11B,5.15%,$0.01B,$0.08B,6.27%,$0.01B,$0.17B,3.23%,$0.00B,$0.12B,3.72%,$9,$0,$9,$0,$8,$9,$0,$1,$1,$0,$1,$1,$1,$1,$0,$1,1,$0.60,$0.60,$135,$0,$0,$141,$9,$0,$22,$0,$33,$174,$51,$14,$3,$17,$68,$0,$57,$47,$106,$174,$3,$2,$1,$2,$2,$-0,$-1,$-0,$-2,$3,$-0,$0,$-12,$0,$1,$1,$0,$-11,$14,$0,$14,$0,$0,$0,$0,$14,$5,$0,$0
21,2013-03-31,111.0,$72.50,1.53,$24.14,4.6,$10.13,10.96,$2.73,40.66,$0.13B,$0.05B,2.74,$0.01B,$0.10B,0.14,$0.03B,$0.03B,91.18%,$0.03B,$0.01B,17.65%,$0.03B,$0.01B,17.65%,$0.03B,$0.01B,20.59%,$0.03B,$0.01B,17.65%,$0.03B,$0.00B,11.76%,$0.00B,$0.10B,4.37%,$0.00B,$0.08B,5.00%,$0.00B,$0.17B,2.84%,$0.01B,$0.11B,6.09%,$10,$0,$9,$0,$8,$9,$1,$1,$2,$1,$1,$1,$1,$2,$1,$1,1,$0.83,$0.83,$125,$0,$0,$132,$9,$0,$23,$0,$34,$166,$48,$14,$3,$17,$66,$0,$56,$42,$100,$166,$2,$1,$0,$1,$1,$0,$-1,$1,$-2,$1,$-0,$0,$-12,$0,$1,$1,$0,$-11,$14,$0,$14,$0,$0,$0,$0,$14,$4,$0,$0
22,2012-12-31,92.55,$68.98,1.34,$22.92,4.04,$12.24,7.56,$3.37,27.46,$0.12B,$0.05B,2.75,$0.01B,$0.10B,0.15,$0.03B,$0.03B,93.75%,$0.03B,$0.01B,21.88%,$0.03B,$0.01B,21.88%,$0.03B,$0.01B,21.88%,$0.03B,$0.01B,21.88%,$0.03B,$0.01B,15.63%,$0.01B,$0.10B,5.70%,$0.01B,$0.07B,6.10%,$0.01B,$0.16B,3.86%,$0.01B,$0.11B,7.67%,$8,$0,$7,$0,$6,$7,$1,$1,$1,$0,$1,$1,$1,$1,$1,$1,1,$0.60,$0.60,$119,$0,$0,$124,$9,$0,$23,$0,$34,$158,$45,$14,$4,$18,$63,$0,$55,$39,$95,$158,$1,$0,$0,$1,$1,$-0,$-0,$-0,$-1,$1,$-0,$0,$-12,$0,$1,$1,$0,$-11,$14,$0,$14,$0,$0,$0,$0,$14,$3,$0,$0
23,2012-09-30,93.77,$63.16,1.48,$23.08,4.06,$12.27,7.64,$4.01,23.38,$0.11B,$0.03B,3.73,$0.00B,$0.09B,0.0,$0.03B,$0.03B,96.88%,$0.03B,$0.01B,25.00%,$0.03B,$0.01B,25.00%,$0.03B,$0.01B,25.00%,$0.03B,$0.01B,28.13%,$0.03B,$0.01B,18.75%,$0.01B,$0.09B,7.34%,$0.01B,$0.09B,7.34%,$0.01B,$0.12B,5.24%,$0.01B,$0.09B,9.79%,$8,$0,$7,$0,$5,$6,$2,$1,$3,$1,$2,$2,$2,$2,$2,$1,1,$1.14,$1.14,$104,$0,$0,$110,$9,$0,$0,$0,$11,$121,$30,$0,$4,$4,$34,$0,$54,$32,$87,$121,$6,$0,$3,$3,$1,$0,$-0,$0,$-2,$7,$-0,$0,$0,$-21,$12,$-9,$0,$-9,$0,$0,$0,$0,$0,$0,$0,$0,$-2,$0,$0
24,2012-06-30,85.78,$60.82,1.41,$23.36,3.67,$14.88,5.77,$4.26,20.14,$0.11B,$0.03B,3.64,$0.00B,$0.08B,0.0,$0.03B,$0.03B,100.00%,$0.03B,$0.01B,25.00%,$0.03B,$0.01B,25.00%,$0.03B,$0.01B,28.13%,$0.03B,$0.01B,28.13%,$0.03B,$0.01B,18.75%,$0.01B,$0.08B,7.87%,$0.01B,$0.08B,7.87%,$0.01B,$0.12B,5.61%,$0.01B,$0.08B,10.49%,$8,$0,$8,$0,$5,$6,$2,$-2,$-0,$-0,$0,$0,$0,$2,$2,$1,1,$0.15,$0.15,$101,$0,$0,$106,$9,$0,$0,$0,$11,$118,$29,$0,$5,$5,$34,$0,$52,$30,$84,$118,$4,$0,$2,$2,$1,$0,$-0,$0,$0,$6,$-0,$0,$0,$-16,$10,$-6,$0,$-6,$0,$0,$0,$0,$0,$0,$0,$0,$-0,$0,$0
25,2012-03-31,78.12,$61.89,1.26,$23.63,3.31,$15.74,4.96,$5.48,14.26,$0.11B,$0.03B,3.58,$0.00B,$0.09B,0.0,$0.03B,$0.03B,100.00%,$0.03B,$0.01B,28.13%,$0.03B,$0.01B,28.13%,$0.03B,$0.01B,31.25%,$0.03B,$0.01B,37.50%,$0.03B,$0.01B,25.00%,$0.01B,$0.09B,11.03%,$0.01B,$0.09B,11.03%,$0.01B,$0.12B,7.80%,$0.01B,$0.09B,12.41%,$8,$0,$8,$0,$5,$6,$2,$1,$3,$1,$2,$2,$2,$2,$2,$1,1,$1.48,$1.48,$104,$0,$0,$109,$9,$0,$0,$0,$12,$121,$30,$0,$5,$5,$35,$0,$52,$32,$85,$121,$4,$0,$0,$0,$2,$0,$-0,$0,$-0,$4,$-0,$0,$0,$-14,$13,$-1,$0,$-1,$0,$0,$0,$0,$0,$0,$0,$0,$3,$0,$0
26,2011-12-31,65.15,$51.05,1.28,$24.00,2.72,$16.42,3.97,$5.33,12.22,$0.09B,$0.02B,3.86,$0.00B,$0.07B,0.0,$0.03B,$0.03B,96.97%,$0.03B,$0.01B,30.30%,$0.03B,$0.01B,30.30%,$0.03B,$0.01B,33.33%,$0.03B,$0.01B,36.36%,$0.03B,$0.01B,24.24%,$0.01B,$0.07B,11.59%,$0.01B,$0.07B,11.59%,$0.01B,$0.10B,8.14%,$0.01B,$0.07B,14.49%,$8,$0,$8,$0,$5,$6,$2,$0,$3,$1,$2,$2,$2,$2,$2,$1,1,$1.24,$1.24,$79,$0,$0,$86,$9,$0,$0,$0,$12,$98,$22,$0,$5,$5,$27,$0,$50,$19,$71,$98,$2,$0,$0,$0,$0,$0,$0,$-1,$-1,$1,$-0,$0,$0,$-14,$13,$-1,$0,$-1,$0,$0,$0,$0,$0,$0,$0,$0,$-0,$0,$0
27,2011-09-30,65.25,$46.98,1.39,$24.99,2.61,$15.94,4.09,$5.67,11.51,$0.08B,$0.02B,3.81,$0.00B,$0.07B,0.0,$0.03B,$0.03B,97.06%,$0.03B,$0.01B,32.35%,$0.03B,$0.01B,32.35%,$0.03B,$0.01B,35.29%,$0.03B,$0.01B,35.29%,$0.03B,$0.01B,23.53%,$0.01B,$0.07B,11.72%,$0.01B,$0.07B,11.72%,$0.01B,$0.09B,8.08%,$0.01B,$0.07B,16.12%,$8,$0,$8,$0,$5,$6,$2,$0,$3,$1,$2,$2,$2,$3,$2,$1,1,$1.40,$1.40,$72,$0,$0,$79,$9,$0,$0,$0,$12,$91,$21,$0,$5,$5,$26,$0,$48,$15,$65,$91,$8,$1,$0,$1,$3,$-0,$-0,$0,$2,$10,$-0,$0,$0,$-11,$0,$-11,$0,$-11,$0,$0,$0,$0,$0,$0,$0,$0,$-1,$0,$0
28,2011-06-30,72.0,$50.04,1.44,$25.71,2.8,$15.14,4.76,$5.74,12.54,$0.09B,$0.03B,3.39,$0.00B,$0.07B,0.0,$0.04B,$0.03B,97.14%,$0.04B,$0.01B,34.29%,$0.04B,$0.01B,34.29%,$0.04B,$0.01B,34.29%,$0.04B,$0.01B,34.29%,$0.04B,$0.01B,22.86%,$0.01B,$0.07B,11.90%,$0.01B,$0.07B,11.90%,$0.01B,$0.10B,8.12%,$0.01B,$0.07B,17.84%,$8,$0,$8,$0,$5,$6,$3,$0,$3,$1,$2,$2,$2,$3,$3,$1,1,$1.37,$1.37,$80,$0,$0,$88,$9,$0,$0,$0,$13,$100,$26,$0,$5,$5,$31,$0,$46,$21,$69,$100,$6,$0,$0,$0,$1,$-0,$0,$-0,$1,$7,$-0,$0,$0,$-11,$4,$-7,$0,$-7,$0,$0,$0,$0,$0,$0,$0,$0,$0,$0,$0
29,2011-03-31,73.9,$51.69,1.43,$26.42,2.8,$15.03,4.92,$5.71,12.94,$0.09B,$0.03B,3.4,$0.00B,$0.07B,0.0,$0.04B,$0.04B,97.22%,$0.04B,$0.01B,33.33%,$0.04B,$0.01B,33.33%,$0.04B,$0.01B,33.33%,$0.04B,$0.01B,33.33%,$0.04B,$0.01B,22.22%,$0.01B,$0.07B,12.36%,$0.01B,$0.07B,12.36%,$0.01B,$0.10B,8.38%,$0.01B,$0.07B,18.53%,$9,$0,$8,$0,$6,$6,$3,$0,$3,$1,$2,$2,$2,$3,$3,$1,1,$1.33,$1.33,$84,$0,$0,$92,$10,$0,$0,$0,$12,$104,$27,$0,$6,$6,$33,$0,$45,$25,$71,$104,$4,$0,$-0,$0,$1,$-0,$-0,$0,$1,$5,$-0,$0,$0,$-10,$8,$-3,$0,$-3,$0,$0,$0,$0,$0,$0,$0,$0,$2,$0,$0
30,2010-12-31,72.0,$49.60,1.45,$26.80,2.69,$14.62,4.93,$5.63,12.79,$0.09B,$0.03B,3.29,$0.00B,$0.07B,0.0,$0.04B,$0.04B,100.00%,$0.04B,$0.01B,33.33%,$0.04B,$0.01B,33.33%,$0.04B,$0.01B,33.33%,$0.04B,$0.01B,33.33%,$0.04B,$0.01B,22.22%,$0.01B,$0.07B,12.75%,$0.01B,$0.07B,12.75%,$0.01B,$0.10B,8.60%,$0.01B,$0.07B,19.12%,$9,$0,$9,$0,$6,$6,$3,$0,$3,$1,$2,$2,$2,$3,$3,$1,1,$1.58,$1.58,$77,$0,$0,$89,$10,$0,$0,$0,$12,$101,$27,$0,$6,$6,$33,$0,$43,$24,$68,$101,$2,$0,$-0,$0,$-2,$-0,$1,$-0,$-2,$-0,$-0,$0,$0,$0,$0,$0,$0,$-0,$0,$0,$0,$0,$0,$0,$0,$0,$-0,$0,$0
31,2010-09-30,72.0,$43.93,1.64,$27.21,2.65,$16.98,4.24,$5.56,12.95,$0.08B,$0.02B,3.39,$0.00B,$0.06B,0.0,$0.04B,$0.04B,97.30%,$0.04B,$0.01B,32.43%,$0.04B,$0.01B,32.43%,$0.04B,$0.01B,32.43%,$0.04B,$0.01B,32.43%,$0.04B,$0.01B,21.62%,$0.01B,$0.06B,13.33%,$0.01B,$0.06B,13.33%,$0.01B,$0.09B,8.99%,$0.01B,$0.06B,20.00%,$9,$0,$9,$0,$6,$6,$3,$0,$3,$1,$2,$2,$2,$3,$3,$1,1,$1.46,$1.46,$67,$0,$0,$77,$10,$0,$0,$0,$12,$89,$23,$0,$6,$6,$28,$0,$41,$18,$61,$89,$8,$1,$-0,$0,$1,$-0,$-0,$-0,$1,$9,$-0,$0,$0,$0,$-7,$-7,$0,$-7,$0,$0,$0,$0,$0,$0,$0,$0,$2,$0,$0
32,2010-06-30,68.18,$42.81,1.59,$27.77,2.46,$16.17,4.22,$5.72,11.92,$0.08B,$0.02B,3.15,$0.00B,$0.06B,0.0,$0.04B,$0.04B,97.37%,$0.04B,$0.01B,31.58%,$0.04B,$0.01B,31.58%,$0.04B,$0.01B,34.21%,$0.04B,$0.01B,34.21%,$0.04B,$0.01B,21.05%,$0.01B,$0.06B,13.68%,$0.01B,$0.06B,13.68%,$0.01B,$0.09B,9.09%,$0.01B,$0.06B,20.51%,$9,$0,$9,$0,$6,$7,$3,$0,$3,$1,$2,$2,$2,$3,$3,$1,1,$1.34,$1.34,$66,$0,$0,$76,$10,$0,$0,$0,$13,$88,$24,$0,$5,$5,$29,$0,$38,$19,$59,$88,$6,$0,$-0,$0,$1,$-0,$0,$-0,$1,$7,$-0,$0,$0,$0,$-4,$-4,$0,$-4,$0,$0,$0,$0,$0,$0,$0,$0,$3,$0,$0
33,2010-03-31,66.78,$43.45,1.54,$28.64,2.33,$14.97,4.46,$6.04,11.06,$0.08B,$0.03B,3.11,$0.00B,$0.06B,0.0,$0.04B,$0.04B,95.00%,$0.04B,$0.01B,32.50%,$0.04B,$0.01B,32.50%,$0.04B,$0.01B,35.00%,$0.04B,$0.01B,35.00%,$0.04B,$0.01B,20.00%,$0.01B,$0.06B,14.29%,$0.01B,$0.06B,14.29%,$0.01B,$0.09B,9.41%,$0.01B,$0.06B,23.21%,$9,$0,$9,$0,$6,$7,$3,$0,$3,$1,$2,$2,$2,$3,$3,$1,1,$1.25,$1.25,$72,$0,$0,$81,$10,$0,$0,$0,$13,$94,$26,$0,$5,$5,$31,$0,$38,$24,$63,$94,$4,$0,$-0,$0,$2,$-0,$-0,$-1,$0,$4,$-0,$0,$0,$0,$-3,$-3,$0,$-3,$0,$0,$0,$0,$0,$0,$0,$0,$2,$0,$0
34,2009-12-31,62.0,$39.20,1.58,$28.89,2.15,$15.05,4.12,$5.99,10.35,$0.07B,$0.02B,3.12,$0.00B,$0.06B,0.0,$0.04B,$0.04B,92.68%,$0.04B,$0.01B,31.71%,$0.04B,$0.01B,31.71%,$0.04B,$0.01B,34.15%,$0.04B,$0.01B,34.15%,$0.04B,$0.01B,19.51%,$0.01B,$0.06B,16.16%,$0.01B,$0.06B,16.16%,$0.01B,$0.09B,10.60%,$0.01B,$0.06B,26.26%,$10,$0,$9,$0,$6,$7,$3,$0,$3,$1,$2,$2,$2,$3,$3,$1,1,$1.51,$1.51,$64,$0,$0,$73,$10,$0,$0,$0,$12,$85,$23,$0,$5,$5,$28,$0,$37,$20,$57,$85,$2,$0,$-0,$0,$2,$-0,$-0,$-1,$1,$3,$0,$0,$0,$0,$-2,$-2,$0,$-2,$0,$0,$0,$0,$0,$0,$0,$0,$2,$0,$0
35,2009-09-30,57.98,$38.23,1.52,$28.61,2.03,$14.00,4.14,$5.70,10.17,$0.07B,$0.03B,2.9,$0.00B,$0.06B,0.0,$0.04B,$0.04B,92.68%,$0.04B,$0.01B,31.71%,$0.04B,$0.01B,31.71%,$0.04B,$0.01B,34.15%,$0.04B,$0.01B,34.15%,$0.04B,$0.01B,19.51%,$0.01B,$0.06B,18.71%,$0.01B,$0.06B,18.71%,$0.01B,$0.09B,12.17%,$0.01B,$0.06B,30.41%,$10,$0,$10,$0,$6,$7,$3,$0,$4,$1,$2,$2,$2,$4,$3,$1,1,$1.62,$1.62,$62,$0,$0,$73,$10,$0,$0,$0,$12,$85,$25,$0,$4,$4,$29,$0,$35,$21,$55,$85,$8,$1,$-0,$0,$-1,$0,$0,$-1,$-0,$8,$-0,$0,$0,$-20,$16,$-5,$0,$-5,$0,$0,$0,$-3,$-3,$0,$0,$-3,$0,$0,$0
36,2009-06-30,48.45,$33.95,1.43,$28.68,1.69,$12.50,3.88,$5.44,8.91,$0.06B,$0.02B,2.77,$0.00B,$0.05B,0.0,$0.04B,$0.04B,90.48%,$0.04B,$0.01B,30.95%,$0.04B,$0.01B,30.95%,$0.04B,$0.01B,30.95%,$0.04B,$0.01B,30.95%,$0.04B,$0.01B,19.05%,$0.01B,$0.05B,21.92%,$0.01B,$0.05B,21.92%,$0.01B,$0.08B,14.29%,$0.01B,$0.05B,35.62%,$11,$0,$10,$0,$7,$7,$4,$0,$4,$1,$2,$2,$2,$4,$4,$1,1,$1.66,$1.66,$53,$0,$0,$64,$10,$0,$0,$0,$12,$76,$23,$0,$4,$4,$27,$0,$32,$16,$49,$76,$6,$1,$-0,$0,$-2,$0,$1,$-1,$-0,$6,$-0,$0,$0,$-20,$19,$-2,$0,$-2,$0,$0,$0,$-2,$-2,$0,$0,$-2,$2,$0,$0
37,2009-03-31,36.0,$25.39,1.42,$28.63,1.26,$11.23,3.21,$5.31,6.78,$0.04B,$0.02B,2.88,$0.00B,$0.04B,0.0,$0.04B,$0.04B,92.86%,$0.04B,$0.01B,28.57%,$0.04B,$0.01B,28.57%,$0.04B,$0.01B,30.95%,$0.04B,$0.01B,30.95%,$0.04B,$0.01B,19.05%,$0.01B,$0.04B,25.60%,$0.01B,$0.04B,25.60%,$0.01B,$0.06B,16.75%,$0.01B,$0.04B,38.40%,$10,$0,$9,$0,$6,$7,$3,$0,$3,$1,$2,$2,$2,$3,$3,$1,1,$1.20,$1.20,$35,$0,$0,$44,$10,$0,$0,$0,$12,$56,$15,$0,$4,$4,$19,$0,$30,$6,$37,$56,$3,$0,$-0,$0,$1,$0,$0,$-0,$1,$4,$-0,$0,$0,$-16,$15,$-1,$0,$-1,$0,$0,$0,$-2,$-2,$0,$0,$-2,$2,$0,$0
38,2008-12-31,34.25,$20.43,1.68,$28.62,1.2,$9.86,3.47,$5.25,6.52,$0.03B,$0.01B,2.49,$0.00B,$0.03B,0.0,$0.04B,$0.04B,92.86%,$0.04B,$0.01B,26.19%,$0.04B,$0.01B,26.19%,$0.04B,$0.01B,30.95%,$0.04B,$0.01B,30.95%,$0.04B,$0.01B,19.05%,$0.01B,$0.03B,28.32%,$0.01B,$0.03B,28.32%,$0.01B,$0.05B,18.39%,$0.01B,$0.03B,38.94%,$10,$1,$9,$0,$6,$7,$3,$0,$3,$1,$2,$2,$2,$3,$3,$1,1,$1.22,$1.22,$22,$0,$0,$32,$11,$2,$0,$0,$14,$46,$13,$0,$3,$3,$16,$0,$29,$0,$30,$46,$2,$0,$-0,$0,$0,$-0,$0,$-0,$-0,$2,$-0,$0,$0,$0,$1,$1,$0,$1,$0,$0,$0,$-2,$-2,$0,$0,$-2,$2,$0,$0
39,2008-09-30,39.9,$19.67,2.03,$27.95,1.43,$9.18,4.35,$4.91,8.13,$0.03B,$0.01B,2.4,$0.00B,$0.03B,0.0,$0.04B,$0.04B,92.68%,$0.04B,$0.01B,24.39%,$0.04B,$0.01B,24.39%,$0.04B,$0.01B,29.27%,$0.04B,$0.01B,29.27%,$0.04B,$0.01B,17.07%,$0.01B,$0.03B,26.17%,$0.01B,$0.03B,26.17%,$0.01B,$0.05B,16.57%,$0.01B,$0.03B,37.38%,$11,$0,$10,$0,$7,$7,$3,$0,$3,$1,$2,$2,$2,$3,$3,$1,1,$1.35,$1.35,$22,$0,$0,$32,$11,$2,$0,$0,$14,$46,$13,$0,$3,$3,$17,$0,$28,$0,$30,$46,$7,$1,$-1,$0,$-4,$-0,$1,$-0,$-1,$7,$-0,$0,$0,$0,$-2,$-2,$0,$-3,$-4,$0,$-4,$0,$0,$0,$0,$-4,$-0,$0,$0
40,2008-06-30,41.0,$18.34,2.24,$26.93,1.52,$8.10,5.06,$5.69,7.21,$0.03B,$0.01B,2.29,$0.00B,$0.03B,0.0,$0.04B,$0.04B,94.87%,$0.04B,$0.01B,30.77%,$0.04B,$0.01B,30.77%,$0.04B,$0.01B,35.90%,$0.04B,$0.01B,35.90%,$0.04B,$0.01B,20.51%,$0.01B,$0.03B,32.32%,$0.01B,$0.03B,32.32%,$0.01B,$0.04B,19.63%,$0.01B,$0.03B,46.60%,$11,$1,$11,$0,$7,$8,$3,$0,$4,$1,$2,$2,$2,$4,$3,$1,1,$1.53,$1.53,$19,$0,$0,$29,$11,$2,$0,$0,$14,$43,$13,$0,$3,$3,$15,$0,$26,$0,$28,$43,$5,$1,$-0,$0,$-3,$-0,$1,$-1,$-1,$4,$-0,$0,$0,$0,$2,$2,$0,$1,$-4,$0,$-4,$0,$0,$0,$0,$-4,$1,$0,$0
41,2008-03-31,42.0,$16.93,2.48,$25.56,1.64,$7.96,5.28,$4.97,8.45,$0.02B,$0.01B,1.94,$0.00B,$0.03B,0.0,$0.04B,$0.04B,94.59%,$0.04B,$0.01B,29.73%,$0.04B,$0.01B,29.73%,$0.04B,$0.01B,32.43%,$0.04B,$0.01B,32.43%,$0.04B,$0.01B,18.92%,$0.01B,$0.03B,31.11%,$0.01B,$0.03B,31.11%,$0.01B,$0.04B,17.50%,$0.01B,$0.03B,44.90%,$10,$0,$9,$0,$7,$7,$2,$0,$3,$1,$2,$2,$2,$3,$2,$1,1,$1.14,$1.14,$15,$0,$0,$22,$11,$5,$0,$0,$17,$39,$11,$0,$2,$2,$14,$0,$24,$0,$25,$39,$3,$0,$-0,$0,$-0,$-0,$0,$-1,$-0,$3,$-0,$0,$0,$0,$2,$2,$0,$1,$-4,$0,$-4,$0,$0,$0,$0,$-4,$0,$0,$0
42,2007-12-31,41.25,$15.79,2.61,$24.84,1.66,$7.43,5.55,$4.11,10.04,$0.02B,$0.02B,1.57,$0.00B,$0.02B,0.0,$0.04B,$0.03B,94.44%,$0.04B,$0.01B,30.56%,$0.04B,$0.01B,30.56%,$0.04B,$0.01B,30.56%,$0.04B,$0.01B,30.56%,$0.04B,$0.01B,13.89%,$0.01B,$0.02B,24.10%,$0.01B,$0.02B,24.10%,$0.01B,$0.04B,12.58%,$0.01B,$0.02B,46.32%,$9,$1,$8,$0,$6,$7,$2,$0,$2,$1,$1,$1,$1,$2,$2,$1,1,$0.88,$0.88,$17,$0,$0,$24,$11,$5,$0,$0,$17,$41,$15,$0,$2,$2,$17,$0,$23,$0,$24,$41,$1,$0,$-0,$0,$-0,$-0,$0,$-0,$-1,$1,$-0,$0,$0,$0,$-1,$-1,$0,$-1,$-0,$0,$-0,$0,$0,$0,$0,$-0,$-0,$0,$0
43,2007-09-30,40.14,$14.86,2.7,$24.17,1.66,$6.90,5.81,$3.66,10.97,$0.02B,$0.01B,1.93,$0.00B,$0.02B,0.17,$0.04B,$0.03B,94.29%,$0.04B,$0.01B,28.57%,$0.04B,$0.01B,28.57%,$0.04B,$0.01B,28.57%,$0.04B,$0.01B,28.57%,$0.04B,$0.01B,14.29%,$0.01B,$0.02B,25.97%,$0.01B,$0.02B,25.97%,$0.01B,$0.04B,12.99%,$0.01B,$0.03B,43.01%,$9,$0,$9,$0,$7,$4,$5,$0,$5,$2,$3,$3,$3,$5,$5,$1,1,$2.14,$2.14,$16,$0,$0,$23,$11,$5,$0,$0,$17,$40,$12,$4,$2,$6,$18,$0,$21,$0,$22,$40,$5,$1,$1,$2,$-1,$0,$-3,$-0,$-2,$5,$-0,$0,$0,$0,$-4,$-4,$0,$-4,$-0,$0,$-0,$-0,$-0,$0,$0,$-0,$0,$0,$0
44,2007-06-30,40.59,$12.79,3.17,$23.50,1.73,$4.97,8.16,$2.07,19.61,$0.02B,$0.02B,1.4,$0.00B,$0.02B,0.2,$0.03B,$0.03B,94.12%,$0.03B,$0.01B,17.65%,$0.03B,$0.01B,17.65%,$0.03B,$0.01B,17.65%,$0.03B,$0.01B,17.65%,$0.03B,$0.00B,8.82%,$0.00B,$0.02B,16.67%,$0.00B,$0.02B,16.67%,$0.00B,$0.04B,8.00%,$0.01B,$0.02B,27.27%,$9,$1,$9,$0,$6,$7,$2,$0,$2,$1,$1,$1,$1,$2,$2,$1,1,$0.81,$0.81,$14,$0,$0,$21,$11,$6,$0,$0,$19,$40,$15,$4,$2,$5,$20,$0,$18,$0,$19,$40,$2,$1,$-0,$0,$-1,$0,$0,$-0,$1,$4,$-0,$0,$0,$0,$-3,$-3,$0,$-4,$-0,$0,$-0,$-0,$-0,$0,$0,$-0,$0,$0,$0
45,2007-03-31,40.06,$12.00,3.34,$22.93,1.75,$3.55,11.29,$1.67,23.99,$0.02B,$0.02B,1.24,$0.00B,$0.02B,0.22,$0.03B,$0.03B,93.94%,$0.03B,$0.01B,15.15%,$0.03B,$0.01B,15.15%,$0.03B,$0.01B,15.15%,$0.03B,$0.01B,15.15%,$0.03B,$0.00B,9.09%,$0.00B,$0.02B,17.39%,$0.00B,$0.02B,17.39%,$0.00B,$0.04B,8.28%,$0.01B,$0.02B,23.53%,$9,$0,$8,$0,$7,$7,$2,$0,$2,$1,$0,$0,$0,$2,$2,$1,1,$0.28,$0.28,$11,$0,$0,$18,$12,$7,$0,$0,$20,$38,$15,$4,$1,$5,$20,$0,$17,$0,$18,$38,$1,$0,$-0,$0,$-1,$0,$0,$0,$1,$2,$-0,$0,$0,$0,$-1,$-1,$0,$-1,$-0,$0,$-0,$-0,$-0,$0,$0,$-0,$0,$0,$0
46,2006-12-31,42.48,$11.74,3.62,$22.36,1.9,$2.58,16.47,$1.70,24.99,$0.02B,$0.01B,1.24,$0.00B,$0.02B,0.23,$0.03B,$0.03B,96.88%,$0.03B,$0.00B,12.50%,$0.03B,$0.00B,12.50%,$0.03B,$0.00B,12.50%,$0.03B,$0.00B,12.50%,$0.03B,$0.00B,9.38%,$0.00B,$0.02B,17.91%,$0.00B,$0.02B,17.91%,$0.00B,$0.04B,8.51%,$0.00B,$0.02B,19.28%,$8,$1,$7,$0,$6,$7,$1,$0,$1,$0,$1,$1,$1,$1,$1,$1,1,$0.43,$0.43,$10,$0,$0,$16,$12,$7,$0,$0,$20,$36,$13,$4,$1,$5,$18,$0,$17,$0,$18,$36,$1,$0,$0,$0,$-0,$0,$0,$-0,$-1,$0,$-0,$0,$0,$0,$0,$0,$0,$-0,$-0,$0,$-0,$-0,$-0,$0,$0,$-0,$-0,$0,$0
