,Date,Stock Price,Book Value per Share,Price to Book Ratio,TTM Sales per Share,Price to Sales Ratio,TTM FCF per Share,Price to FCF Ratio,TTM Net EPS,PE Ratio,Current Assets,Current Liabilities,Current Ratio,Long Term Debt,Shareholder's Equity_x,Debt to Equity Ratio,TTM Revenue_x,TTM Gross Profit,Gross Margin,TTM Revenue_y,TTM Operating Income,Operating Margin,TTM Revenue_x,TTM EBIT,EBIT Margin,TTM Revenue_y,TTM EBITDA,EBITDA Margin,TTM Revenue_x,TTM Pre-Tax Income,Pre-Tax Margin,TTM Revenue_y,TTM Net Income_x,Net Margin,TTM Net Income_y,Shareholder's Equity_y,Return on Equity,TTM Net Income_x,Tangible Equity,Return on Tangible Equity,TTM Net Income_y,Total Assets,Return on Assets,TTM Net Income,LT Investments & Debt,Return on Investment,revenue,cost-goods-sold,gross-profit,research-development-expenses,selling-general-administrative-expenses,operating-expenses,operating-income,total-non-operating-income-expense,pre-tax-income,total-provision-income-taxes,income-after-taxes,income-from-continuous-operations,net-income,ebitda,ebit,basic-shares-outstanding,shares-outstanding,eps-basic-net-earnings-per-share,eps-earnings-per-share-diluted,cash-on-hand,inventory,other-current-assets,total-current-assets,net-property-plant-equipment,long-term-investments,goodwill-intangible-assets-total,other-long-term-assets,total-long-term-assets,total-assets,total-current-liabilities,long-term-debt,other-non-current-liabilities,total-long-term-liabilities,total-liabilities,common-stock-net,retained-earnings-accumulated-deficit,comprehensive-income,total-share-holder-equity,total-liabilities-share-holders-equity,net-income-loss,total-depreciation-amortization-cash-flow,other-non-cash-items,total-non-cash-items,change-in-accounts-receivable,change-in-inventories,change-in-accounts-payable,change-in-assets-liabilities,total-change-in-assets-liabilities,cash-flow-from-operating-activities,net-change-in-property-plant-equipment,net-change-in-intangible-assets,net-acquisitions-divestitures,net-change-in-short-term-investments,net-change-in-long-term-investments,net-change-in-investments-total,investing-activities-other,cash-flow-from-investing-activities,net-long-term-debt,net-current-debt,debt-issuance-retirement-net-total,net-common-equity-issued-repurchased,net-total-equity-issued-repurchased,total-common-preferred-stock-dividends-paid,financial-activities-other,cash-flow-from-financial-activities,net-cash-flow,stock-based-compensation,common-stock-dividends-paid
0,2018-09-30,42.43,$23.10,1.84,$119.39,0.36,$-3.85,0.0,$5.05,8.4,$2.86B,$2.01B,1.43,$1.83B,$1.90B,0.97,$9.90B,$0.96B,9.66%,$9.90B,$0.55B,5.54%,$9.90B,$0.55B,5.54%,$9.90B,$0.75B,7.60%,$9.90B,$0.41B,4.18%,$9.90B,$0.44B,4.40%,$0.44B,$1.90B,23.41%,$0.44B,$0.93B,47.49%,$0.44B,$6.16B,7.13%,$0.55B,$3.73B,15.92%,$2495,$2148,$347,$0,$58,$2240,$255,$-18,$237,$51,$186,$186,$180,$307,$255,$84,89,$2.16,$2.03,$1109,$924,$88,$2861,$2142,$131,$964,$60,$3297,$6159,$2006,$1830,$251,$2256,$4262,$1,$902,$6,$1897,$6159,$253,$153,$-82,$71,$-113,$-79,$51,$18,$-123,$201,$-223,$-2,$166,$0,$-0,$-0,$21,$-37,$387,$0,$387,$-207,$-207,$-59,$-118,$3,$167,$16,$-59
1,2018-06-30,49.92,$21.20,2.35,$120.54,0.41,$-4.06,0.0,$4.31,11.58,$2.95B,$2.16B,1.37,$1.86B,$1.78B,1.05,$9.77B,$0.80B,8.15%,$9.77B,$0.38B,3.87%,$9.77B,$0.38B,3.87%,$9.77B,$0.58B,5.93%,$9.77B,$0.43B,4.39%,$9.77B,$0.36B,3.67%,$0.36B,$1.78B,19.61%,$0.36B,$0.82B,39.61%,$0.36B,$6.21B,6.03%,$0.38B,$3.64B,11.72%,$2564,$2334,$229,$0,$53,$2428,$135,$-15,$120,$33,$88,$88,$79,$187,$135,$84,90,$0.94,$0.89,$1133,$882,$133,$2949,$2104,$131,$964,$65,$3263,$6212,$2161,$1862,$282,$2271,$4433,$1,$743,$-42,$1779,$6212,$67,$102,$-156,$-54,$-178,$-46,$0,$31,$-149,$-136,$-103,$-1,$111,$0,$-0,$-0,$6,$14,$570,$0,$570,$-115,$-115,$-38,$-103,$314,$191,$10,$-38
2,2018-03-31,40.31,$21.37,1.89,$111.97,0.36,$-2.73,0.0,$2.81,14.34,$2.86B,$2.14B,1.34,$1.77B,$1.79B,0.99,$8.44B,$0.58B,6.85%,$8.44B,$0.20B,2.32%,$8.44B,$0.20B,2.32%,$8.44B,$0.38B,4.44%,$8.44B,$0.25B,2.96%,$8.44B,$0.24B,2.87%,$0.24B,$1.79B,14.46%,$0.24B,$0.87B,24.68%,$0.24B,$6.09B,4.73%,$0.20B,$3.57B,7.03%,$2353,$2201,$152,$0,$65,$2314,$39,$-68,$-29,$-17,$-12,$-12,$-35,$89,$39,$82,82,$-0.43,$-0.43,$1018,$946,$248,$2857,$2094,$136,$927,$72,$3228,$6085,$2139,$1771,$217,$2152,$4290,$1,$684,$10,$1794,$6085,$-20,$50,$-57,$-7,$-29,$-207,$-52,$124,$-164,$-191,$-71,$-2,$40,$0,$0,$0,$6,$-27,$489,$0,$489,$-95,$-95,$-17,$-84,$293,$76,$5,$-17
3,2017-12-31,34.42,$24.32,1.42,$102.25,0.34,$-0.61,0.0,$3.42,10.06,$2.61B,$2.67B,0.98,$0.88B,$1.96B,0.45,$7.27B,$0.51B,7.03%,$7.27B,$0.19B,2.57%,$7.27B,$0.19B,2.57%,$7.27B,$0.34B,4.73%,$7.27B,$0.30B,4.11%,$7.27B,$0.29B,3.96%,$0.29B,$1.96B,18.94%,$0.29B,$1.05B,27.44%,$0.29B,$5.94B,6.64%,$0.19B,$2.84B,7.87%,$2484,$2256,$228,$0,$48,$2365,$119,$-32,$86,$-141,$227,$227,$211,$169,$119,$72,72,$3.17,$3.14,$932,$808,$290,$2612,$2141,$138,$918,$127,$3323,$5935,$2672,$875,$224,$1299,$3971,$1,$768,$7,$1964,$5935,$323,$157,$-172,$-15,$-156,$-191,$0,$81,$25,$332,$-172,$-6,$196,$0,$-6,$-6,$12,$25,$65,$0,$65,$-32,$-32,$-44,$-93,$-105,$253,$18,$-44
4,2017-09-30,26.2,$23.39,1.12,$85.41,0.31,$0.76,34.35,$1.58,16.58,$2.27B,$2.08B,1.09,$1.08B,$1.78B,0.6,$5.87B,$0.30B,5.11%,$5.87B,$0.02B,0.41%,$5.87B,$0.02B,0.41%,$5.87B,$0.16B,2.74%,$5.87B,$0.15B,2.49%,$5.87B,$0.12B,2.06%,$0.12B,$1.78B,9.13%,$0.12B,$0.90B,11.27%,$0.12B,$5.57B,3.36%,$0.02B,$2.86B,1.12%,$2371,$2184,$187,$0,$68,$2286,$85,$167,$252,$134,$119,$119,$104,$134,$85,$81,81,$1.30,$1.29,$832,$694,$82,$2271,$2148,$0,$889,$262,$3299,$5569,$2084,$1077,$160,$1701,$3786,$1,$569,$5,$1784,$5569,$98,$107,$-72,$35,$-58,$-38,$7,$29,$-60,$72,$-108,$-6,$201,$0,$-5,$-5,$24,$106,$29,$0,$29,$-7,$-7,$-31,$-21,$-30,$149,$13,$-31
5,2017-06-30,25.73,$18.52,1.39,$73.70,0.35,$2.71,9.48,$-2.32,0.0,$1.31B,$0.88B,1.5,$0.73B,$1.15B,0.64,$4.58B,$0.17B,3.63%,$4.58B,$-0.06B,-1.40%,$4.58B,$-0.06B,-1.40%,$4.58B,$0.06B,1.20%,$4.58B,$-0.37B,-8.15%,$4.58B,$-0.15B,-3.17%,$-0.15B,$1.15B,-12.44%,$-0.15B,$1.11B,-12.87%,$-0.15B,$2.88B,-4.90%,$-0.06B,$1.88B,-3.36%,$1231,$1220,$11,$0,$28,$1277,$-47,$-13,$-59,$-27,$-32,$-32,$-38,$-17,$-47,$62,62,$-0.61,$-0.61,$572,$377,$74,$1312,$1079,$357,$39,$90,$1565,$2877,$876,$731,$43,$849,$1725,$1,$477,$-1,$1151,$2877,$-17,$58,$2,$60,$-22,$-5,$0,$10,$-90,$-47,$-35,$0,$-5,$0,$-3,$-3,$11,$-32,$-5,$0,$-5,$-7,$-7,$-19,$-6,$-38,$-117,$8,$-19
6,2017-03-31,23.48,$19.06,1.23,$72.42,0.32,$6.27,3.75,$-1.82,0.0,$1.37B,$0.92B,1.49,$0.74B,$1.18B,0.63,$4.49B,$0.22B,4.87%,$4.49B,$-0.01B,-0.13%,$4.49B,$-0.01B,-0.13%,$4.49B,$0.11B,2.54%,$4.49B,$-0.33B,-7.25%,$4.49B,$-0.11B,-2.54%,$-0.11B,$1.18B,-9.45%,$-0.11B,$1.14B,-9.89%,$-0.11B,$2.96B,-3.70%,$-0.01B,$1.92B,-0.30%,$1182,$1097,$85,$0,$27,$1152,$30,$-10,$20,$5,$15,$15,$11,$58,$30,$62,63,$0.18,$0.18,$591,$397,$51,$1367,$1090,$0,$39,$462,$1591,$2958,$919,$741,$41,$857,$1776,$1,$524,$-20,$1182,$2958,$15,$29,$1,$30,$-61,$-10,$-3,$-18,$-92,$-47,$-19,$0,$0,$0,$-2,$-2,$5,$-16,$-8,$0,$-8,$-4,$-4,$-10,$-13,$-35,$-98,$4,$-10
7,2016-12-31,23.15,$19.09,1.21,$67.80,0.34,$8.28,2.8,$-2.47,0.0,$1.40B,$0.94B,1.49,$0.75B,$1.18B,0.63,$4.20B,$0.14B,3.22%,$4.20B,$-0.05B,-1.19%,$4.20B,$-0.05B,-1.19%,$4.20B,$0.07B,1.72%,$4.20B,$-0.39B,-9.31%,$4.20B,$-0.15B,-3.67%,$-0.15B,$1.18B,-12.42%,$-0.15B,$1.14B,-13.16%,$-0.15B,$2.98B,-4.86%,$-0.05B,$1.93B,-2.45%,$1085,$1068,$17,$0,$29,$1129,$-44,$-23,$-67,$-35,$-32,$-32,$44,$-14,$-44,$62,62,$0.70,$0.70,$689,$392,$49,$1397,$1103,$360,$39,$81,$1583,$2980,$935,$749,$37,$862,$1797,$1,$522,$-21,$1183,$2980,$-133,$120,$147,$267,$-48,$-57,$0,$15,$134,$268,$-46,$-1,$0,$0,$-62,$-62,$289,$181,$26,$0,$26,$-13,$-13,$-38,$-38,$-62,$387,$16,$-38
8,2016-09-30,16.5,$18.54,0.89,$60.80,0.27,$4.57,3.61,$-3.70,0.0,$1.42B,$1.03B,1.38,$0.74B,$1.15B,0.65,$3.76B,$0.12B,3.25%,$3.76B,$-0.02B,-0.61%,$3.76B,$-0.02B,-0.61%,$3.76B,$0.10B,2.66%,$3.76B,$-0.37B,-9.93%,$3.76B,$-0.23B,-6.12%,$-0.23B,$1.15B,-17.93%,$-0.23B,$1.11B,-18.97%,$-0.23B,$3.02B,-7.07%,$-0.02B,$1.89B,-1.11%,$1080,$1027,$53,$0,$25,$1083,$-3,$-264,$-267,$-103,$-164,$-164,$-162,$28,$-3,$62,62,$-2.61,$-2.61,$315,$375,$529,$1417,$1114,$0,$39,$450,$1603,$3020,$1028,$743,$37,$845,$1872,$1,$488,$-28,$1147,$3020,$-182,$90,$221,$311,$21,$-36,$0,$-2,$-8,$122,$-28,$-1,$0,$0,$-55,$-55,$-14,$-98,$22,$0,$22,$-6,$-6,$-28,$17,$4,$28,$13,$-28
9,2016-06-30,12.49,$21.27,0.59,$63.65,0.2,$3.49,3.58,$-0.80,0.0,$1.11B,$0.91B,1.21,$0.85B,$1.32B,0.65,$3.97B,$0.14B,3.47%,$3.97B,$-0.01B,-0.15%,$3.97B,$-0.01B,-0.15%,$3.97B,$0.10B,2.52%,$3.97B,$-0.09B,-2.24%,$3.97B,$-0.05B,-1.23%,$-0.05B,$1.32B,-3.63%,$-0.05B,$1.21B,-3.87%,$-0.05B,$3.36B,-1.46%,$-0.01B,$2.17B,-0.28%,$1147,$1083,$64,$0,$24,$1136,$11,$-24,$-12,$-10,$-3,$-3,$-7,$42,$11,$62,62,$-0.11,$-0.11,$377,$408,$74,$1108,$1465,$0,$102,$689,$2255,$3363,$914,$850,$53,$1135,$2049,$1,$658,$-31,$1315,$3363,$-25,$60,$70,$130,$-13,$-48,$0,$14,$52,$157,$-19,$-1,$0,$0,$-33,$-33,$-7,$-59,$-24,$0,$-24,$-6,$-6,$-19,$27,$-22,$75,$0,$-19
10,2016-03-31,14.26,$21.23,0.67,$72.80,0.2,$0.53,27.09,$0.10,142.56,$1.01B,$0.83B,1.21,$0.85B,$1.32B,0.64,$4.52B,$0.22B,4.94%,$4.52B,$0.06B,1.39%,$4.52B,$0.06B,1.39%,$4.52B,$0.17B,3.85%,$4.52B,$-0.01B,-0.15%,$4.52B,$0.01B,0.13%,$0.01B,$1.32B,0.43%,$0.01B,$1.22B,0.46%,$0.01B,$3.31B,0.18%,$0.06B,$2.16B,2.86%,$886,$885,$1,$0,$29,$900,$-14,$-32,$-45,$-24,$-22,$-22,$-29,$16,$-14,$62,62,$-0.47,$-0.47,$350,$322,$120,$1005,$1494,$0,$101,$706,$2301,$3306,$831,$848,$80,$1160,$1990,$1,$675,$-45,$1316,$3306,$-24,$29,$19,$49,$19,$3,$0,$-8,$47,$72,$-13,$0,$0,$0,$-15,$-15,$-7,$-34,$-6,$0,$-6,$-3,$-3,$-9,$29,$10,$48,$4,$-9
11,2015-12-31,22.8,$21.79,1.05,$78.62,0.29,$-2.67,0.0,$0.29,78.61,$1.40B,$1.00B,1.39,$0.71B,$1.35B,0.53,$4.78B,$0.28B,5.75%,$4.78B,$0.07B,1.44%,$4.78B,$0.07B,1.44%,$4.78B,$0.18B,3.76%,$4.78B,$0.02B,0.44%,$4.78B,$0.02B,0.40%,$0.02B,$1.35B,1.41%,$0.02B,$1.31B,1.51%,$0.02B,$3.33B,0.57%,$0.07B,$2.07B,3.27%,$645,$641,$4,$0,$6,$662,$-17,$-32,$-49,$-24,$-24,$-24,$-32,$14,$-17,$61,61,$-0.49,$-0.48,$287,$271,$621,$1398,$1177,$605,$40,$105,$1927,$3325,$1004,$711,$67,$967,$1971,$1,$714,$-45,$1354,$3325,$44,$111,$112,$223,$-37,$120,$0,$-87,$-87,$180,$-188,$-7,$-0,$0,$-241,$-241,$-24,$-460,$197,$0,$197,$-42,$-42,$-37,$21,$139,$-142,$17,$-37
12,2015-09-30,25.53,$22.69,1.13,$75.80,0.34,$-0.71,0.0,$1.44,17.73,$1.09B,$0.83B,1.31,$0.85B,$1.42B,0.6,$4.60B,$0.34B,7.49%,$4.60B,$0.15B,3.26%,$4.60B,$0.15B,3.26%,$4.60B,$0.23B,5.01%,$4.60B,$0.13B,2.87%,$4.60B,$0.09B,1.94%,$0.09B,$1.42B,6.81%,$0.09B,$1.32B,7.37%,$0.09B,$3.43B,2.78%,$0.15B,$2.27B,7.41%,$1294,$1224,$69,$0,$28,$1280,$14,$3,$17,$-1,$17,$17,$19,$28,$14,$63,64,$0.29,$0.29,$366,$384,$109,$1089,$1515,$0,$101,$729,$2345,$3434,$832,$850,$70,$1182,$2014,$1,$755,$-31,$1420,$3434,$70,$80,$53,$132,$-32,$108,$0,$-55,$-10,$192,$-165,$-7,$-0,$0,$-231,$-231,$-8,$-411,$208,$0,$208,$-29,$-29,$-28,$-9,$142,$-77,$12,$-28
13,2015-06-30,33.77,$22.88,1.48,$94.64,0.36,$-0.63,0.0,$2.37,14.25,$1.25B,$0.94B,1.34,$0.87B,$1.45B,0.6,$5.62B,$0.46B,8.20%,$5.62B,$0.26B,4.57%,$5.62B,$0.26B,4.57%,$5.62B,$0.35B,6.28%,$5.62B,$0.23B,4.02%,$5.62B,$0.14B,2.54%,$0.14B,$1.45B,11.35%,$0.14B,$1.35B,12.29%,$0.14B,$3.58B,4.60%,$0.26B,$2.32B,13.54%,$1693,$1544,$149,$0,$34,$1613,$80,$-10,$70,$15,$55,$55,$48,$116,$80,$61,61,$0.80,$0.79,$378,$474,$118,$1254,$1514,$0,$102,$712,$2329,$3582,$939,$868,$50,$1191,$2130,$1,$745,$-13,$1452,$3582,$44,$66,$35,$101,$-87,$11,$0,$-23,$-71,$74,$-118,$-7,$-0,$0,$-218,$-218,$0,$-344,$237,$0,$237,$0,$0,$-18,$-15,$205,$-66,$8,$-18
14,2015-03-31,36.31,$20.25,1.79,$106.60,0.34,$0.42,86.83,$2.50,14.53,$1.17B,$0.80B,1.45,$0.62B,$1.16B,0.53,$6.31B,$0.48B,7.55%,$6.31B,$0.28B,4.49%,$6.31B,$0.28B,4.49%,$6.31B,$0.37B,5.90%,$6.31B,$0.25B,4.00%,$6.31B,$0.15B,2.38%,$0.15B,$1.16B,12.53%,$0.15B,$1.06B,13.58%,$0.15B,$2.90B,5.00%,$0.28B,$1.78B,16.08%,$1151,$1098,$53,$0,$33,$1159,$-8,$-9,$-17,$-6,$-11,$-11,$-16,$22,$-8,$57,57,$-0.28,$-0.28,$376,$485,$115,$1167,$1501,$0,$102,$126,$1730,$2896,$803,$618,$58,$933,$1735,$1,$707,$-29,$1161,$2896,$-11,$30,$19,$49,$6,$-6,$0,$-27,$-99,$-62,$-67,$-7,$0,$0,$-2,$-2,$0,$-77,$85,$0,$85,$0,$0,$-8,$-6,$70,$-68,$4,$-8
15,2014-12-31,24.73,$20.92,1.18,$117.67,0.21,$1.82,13.59,$3.34,7.41,$1.25B,$0.86B,1.46,$0.53B,$1.20B,0.44,$7.02B,$0.55B,7.79%,$7.02B,$0.36B,5.11%,$7.02B,$0.36B,5.11%,$7.02B,$0.44B,6.31%,$7.02B,$0.33B,4.67%,$7.02B,$0.20B,2.85%,$0.20B,$1.20B,16.73%,$0.20B,$1.10B,18.06%,$0.20B,$2.89B,6.64%,$0.36B,$1.73B,20.90%,$457,$384,$73,$0,$8,$393,$64,$-3,$62,$17,$45,$45,$38,$64,$64,$59,59,$0.65,$0.64,$444,$470,$136,$1247,$1443,$0,$95,$103,$1642,$2889,$856,$532,$36,$834,$1690,$1,$731,$-13,$1198,$2889,$226,$84,$28,$112,$52,$210,$0,$-169,$-9,$330,$-221,$0,$-34,$0,$0,$0,$-48,$-302,$154,$0,$154,$-74,$-74,$-59,$-5,$17,$44,$14,$-59
16,2014-09-30,29.79,$21.09,1.41,$142.25,0.21,$-2.01,0.0,$2.62,11.37,$1.44B,$1.02B,1.42,$0.54B,$1.23B,0.44,$8.50B,$0.54B,6.35%,$8.50B,$0.31B,3.62%,$8.50B,$0.31B,3.62%,$8.50B,$0.42B,4.93%,$8.50B,$0.27B,3.15%,$8.50B,$0.16B,1.85%,$0.16B,$1.23B,13.35%,$0.16B,$1.14B,14.42%,$0.16B,$3.06B,5.24%,$0.31B,$1.77B,18.56%,$2322,$2136,$186,$0,$36,$2201,$121,$-10,$111,$33,$78,$78,$73,$151,$121,$59,59,$1.23,$1.22,$498,$544,$77,$1442,$1400,$0,$86,$129,$1615,$3058,$1019,$536,$33,$809,$1828,$1,$708,$14,$1229,$3058,$181,$84,$-16,$69,$-74,$175,$0,$-95,$-8,$242,$-211,$0,$-11,$0,$0,$0,$0,$-222,$184,$0,$184,$-41,$-41,$-45,$-21,$78,$98,$10,$-45
17,2014-06-30,25.28,$20.25,1.25,$141.96,0.18,$-3.94,0.0,$1.37,18.46,$1.57B,$1.12B,1.4,$0.57B,$1.20B,0.47,$8.50B,$0.41B,4.83%,$8.50B,$0.20B,2.35%,$8.50B,$0.20B,2.35%,$8.50B,$0.30B,3.55%,$8.50B,$0.16B,1.89%,$8.50B,$0.08B,0.96%,$0.08B,$1.20B,7.10%,$0.08B,$1.11B,7.69%,$0.08B,$3.16B,2.81%,$0.20B,$1.77B,12.64%,$2375,$2211,$164,$0,$30,$2269,$106,$-10,$96,$33,$63,$63,$55,$135,$106,$59,60,$0.93,$0.92,$560,$624,$80,$1569,$1389,$0,$87,$115,$1591,$3160,$1124,$567,$36,$837,$1961,$1,$651,$13,$1199,$3160,$103,$54,$-14,$41,$-54,$102,$0,$-46,$29,$172,$-153,$0,$-11,$0,$0,$0,$0,$-164,$206,$0,$206,$-7,$-7,$-30,$-17,$152,$160,$7,$-30
18,2014-03-31,25.71,$19.51,1.32,$138.86,0.19,$-4.43,0.0,$1.23,20.9,$1.36B,$1.06B,1.28,$0.45B,$1.16B,0.39,$8.31B,$0.37B,4.49%,$8.31B,$0.17B,2.07%,$8.31B,$0.17B,2.07%,$8.31B,$0.27B,3.20%,$8.31B,$0.14B,1.68%,$8.31B,$0.07B,0.89%,$0.07B,$1.16B,6.48%,$0.07B,$1.07B,7.02%,$0.07B,$2.94B,2.64%,$0.17B,$1.61B,11.56%,$1866,$1742,$124,$0,$32,$1798,$68,$-9,$59,$19,$39,$39,$34,$93,$68,$59,60,$0.57,$0.56,$393,$589,$77,$1356,$1380,$0,$86,$115,$1580,$2936,$1062,$454,$37,$717,$1779,$1,$611,$12,$1157,$2936,$39,$25,$-18,$7,$-47,$134,$0,$-46,$18,$64,$-114,$0,$-11,$0,$0,$0,$0,$-125,$80,$0,$80,$0,$0,$-15,$-10,$55,$-7,$-1,$-15
19,2013-12-31,30.22,$18.92,1.6,$144.97,0.21,$-2.70,0.0,$1.95,15.5,$1.42B,$1.08B,1.31,$0.38B,$1.12B,0.34,$8.71B,$0.44B,5.03%,$8.71B,$0.24B,2.73%,$8.71B,$0.24B,2.73%,$8.71B,$0.33B,3.80%,$8.71B,$0.21B,2.37%,$8.71B,$0.12B,1.36%,$0.12B,$1.12B,10.44%,$0.12B,$1.03B,11.32%,$0.12B,$2.84B,4.29%,$0.24B,$1.50B,16.56%,$1938,$1871,$66,$0,$27,$1925,$13,$-10,$2,$3,$-0,$-0,$-5,$40,$13,$59,60,$-0.07,$-0.07,$400,$672,$94,$1417,$1273,$0,$91,$59,$1423,$2840,$1080,$377,$43,$640,$1720,$1,$592,$-4,$1120,$2840,$136,$94,$47,$141,$6,$-253,$0,$22,$-186,$91,$-210,$0,$-23,$0,$0,$0,$1,$-232,$48,$0,$48,$-37,$-37,$-57,$-14,$-60,$-202,$15,$-57
20,2013-09-30,18.34,$19.29,0.95,$149.32,0.12,$4.84,3.78,$3.09,5.93,$1.41B,$1.08B,1.3,$0.32B,$1.14B,0.28,$8.95B,$0.53B,5.95%,$8.95B,$0.34B,3.80%,$8.95B,$0.34B,3.80%,$8.95B,$0.43B,4.78%,$8.95B,$0.31B,3.45%,$8.95B,$0.19B,2.09%,$0.19B,$1.14B,16.70%,$0.19B,$1.06B,18.11%,$0.19B,$2.75B,6.94%,$0.34B,$1.46B,24.11%,$2322,$2264,$57,$0,$24,$2309,$13,$-9,$4,$1,$3,$3,$-2,$34,$13,$59,60,$-0.03,$-0.03,$428,$620,$32,$1409,$1191,$0,$86,$62,$1339,$2748,$1080,$315,$42,$527,$1607,$1,$612,$4,$1141,$2748,$136,$67,$-17,$50,$-72,$-137,$0,$22,$-153,$33,$-117,$0,$-11,$0,$0,$0,$0,$-128,$7,$0,$7,$-37,$-37,$-42,$-7,$-79,$-174,$-6,$-42
21,2013-06-30,24.79,$19.45,1.27,$147.65,0.17,$9.43,2.63,$4.79,5.18,$1.41B,$1.07B,1.32,$0.24B,$1.15B,0.21,$8.87B,$0.68B,7.62%,$8.87B,$0.48B,5.45%,$8.87B,$0.48B,5.45%,$8.87B,$0.57B,6.45%,$8.87B,$0.45B,5.07%,$8.87B,$0.28B,3.20%,$0.28B,$1.15B,27.11%,$0.28B,$1.06B,29.56%,$0.28B,$2.68B,11.02%,$0.48B,$1.39B,36.06%,$2187,$2061,$126,$0,$28,$2110,$78,$-2,$75,$24,$51,$51,$47,$100,$78,$59,60,$0.79,$0.78,$450,$606,$47,$1408,$1152,$0,$87,$35,$1275,$2682,$1066,$240,$44,$468,$1534,$1,$629,$0,$1149,$2682,$133,$45,$6,$51,$-49,$-151,$0,$44,$-131,$53,$-64,$0,$-5,$0,$0,$0,$0,$-69,$-68,$0,$-68,$-37,$-37,$-27,$-4,$-136,$-152,$5,$-27
22,2013-03-31,33.85,$18.90,1.79,$147.16,0.23,$11.97,2.83,$5.16,6.56,$1.44B,$1.08B,1.34,$0.30B,$1.11B,0.27,$8.82B,$0.71B,8.09%,$8.82B,$0.52B,5.92%,$8.82B,$0.52B,5.92%,$8.82B,$0.61B,6.95%,$8.82B,$0.48B,5.43%,$8.82B,$0.31B,3.46%,$0.31B,$1.11B,32.11%,$0.31B,$1.02B,35.33%,$0.31B,$2.72B,12.43%,$0.52B,$1.41B,41.46%,$2260,$2071,$189,$0,$33,$2126,$134,$-9,$125,$43,$82,$82,$78,$158,$134,$60,61,$1.30,$1.28,$593,$503,$18,$1444,$1140,$0,$88,$48,$1276,$2720,$1078,$296,$47,$530,$1608,$1,$597,$0,$1112,$2720,$82,$24,$6,$29,$-73,$-20,$0,$-42,$-30,$82,$-28,$0,$-7,$0,$0,$0,$0,$-35,$-12,$0,$-12,$-37,$-37,$-6,$-1,$-56,$-9,$-3,$-6
23,2012-12-31,21.52,$18.08,1.19,$146.84,0.15,$11.51,1.87,$4.67,4.61,$1.36B,$1.00B,1.36,$0.31B,$1.08B,0.29,$8.73B,$0.66B,7.51%,$8.73B,$0.47B,5.42%,$8.73B,$0.47B,5.42%,$8.73B,$0.56B,6.42%,$8.73B,$0.43B,4.89%,$8.73B,$0.27B,3.13%,$0.27B,$1.08B,32.26%,$0.27B,$0.99B,35.91%,$0.27B,$2.62B,11.64%,$0.47B,$1.39B,40.63%,$2185,$2023,$161,$0,$25,$2070,$115,$-10,$105,$38,$68,$68,$64,$137,$115,$59,60,$1.10,$1.06,$602,$478,$24,$1360,$1124,$0,$89,$50,$1264,$2624,$999,$310,$53,$547,$1546,$1,$531,$0,$1078,$2624,$276,$87,$23,$111,$21,$44,$0,$-27,$76,$463,$-132,$0,$-27,$0,$0,$0,$0,$-159,$-4,$-67,$-70,$182,$182,$-36,$-4,$72,$376,$6,$-36
24,2012-09-30,21.5,$14.33,1.5,$145.30,0.15,$6.88,3.12,$3.51,6.13,$1.06B,$0.87B,1.22,$0.32B,$0.85B,0.38,$8.54B,$0.54B,6.33%,$8.54B,$0.36B,4.23%,$8.54B,$0.36B,4.23%,$8.54B,$0.45B,5.28%,$8.54B,$0.31B,3.66%,$8.54B,$0.20B,2.38%,$0.20B,$0.85B,27.42%,$0.20B,$0.77B,31.02%,$0.20B,$2.28B,9.03%,$0.36B,$1.17B,33.73%,$2238,$2038,$200,$0,$23,$2081,$156,$-11,$145,$51,$95,$95,$95,$178,$156,$59,60,$1.60,$1.57,$318,$424,$35,$1062,$1099,$0,$84,$35,$1218,$2280,$869,$320,$50,$558,$1427,$1,$491,$-3,$852,$2280,$209,$65,$12,$77,$-8,$110,$0,$-125,$-15,$271,$-80,$0,$-27,$0,$0,$0,$0,$-108,$7,$-67,$-60,$6,$6,$-18,$0,$-71,$92,$4,$-18
25,2012-06-30,14.74,$12.97,1.14,$145.74,0.1,$3.33,4.42,$3.42,4.31,$0.98B,$0.89B,1.1,$0.31B,$0.76B,0.41,$8.51B,$0.53B,6.20%,$8.51B,$0.35B,4.15%,$8.51B,$0.35B,4.15%,$8.51B,$0.44B,5.19%,$8.51B,$0.30B,3.56%,$8.51B,$0.19B,2.27%,$0.19B,$0.76B,27.65%,$0.19B,$0.67B,31.59%,$0.19B,$2.19B,8.85%,$0.35B,$1.07B,33.76%,$2134,$1971,$163,$0,$25,$2018,$117,$-12,$104,$37,$68,$68,$68,$140,$117,$58,59,$1.16,$1.15,$321,$364,$23,$978,$1089,$0,$85,$36,$1210,$2188,$892,$311,$50,$539,$1431,$1,$399,$0,$757,$2188,$114,$43,$11,$54,$7,$163,$0,$-132,$22,$191,$-50,$0,$-27,$0,$0,$0,$0,$-78,$12,$-22,$-10,$2,$2,$-10,$0,$-18,$95,$3,$-10
26,2012-03-31,12.89,$12.00,1.07,$141.96,0.09,$-1.26,0.0,$3.23,3.99,$1.09B,$1.04B,1.05,$0.33B,$0.70B,0.47,$8.23B,$0.51B,6.20%,$8.23B,$0.34B,4.07%,$8.23B,$0.34B,4.07%,$8.23B,$0.42B,5.14%,$8.23B,$0.29B,3.56%,$8.23B,$0.19B,2.27%,$0.19B,$0.70B,28.57%,$0.19B,$0.61B,33.02%,$0.19B,$2.29B,8.74%,$0.34B,$1.03B,32.48%,$2170,$2039,$131,$0,$27,$2085,$85,$-12,$73,$26,$46,$46,$46,$105,$85,$58,59,$0.79,$0.79,$235,$463,$27,$1088,$1080,$0,$86,$38,$1204,$2292,$1038,$331,$50,$556,$1594,$1,$338,$0,$698,$2292,$46,$20,$4,$25,$-86,$62,$0,$-53,$-25,$46,$-21,$0,$-23,$0,$0,$0,$0,$-44,$23,$-14,$9,$1,$1,$-2,$0,$8,$9,$1,$-2
27,2011-12-31,9.46,$11.26,0.84,$125.97,0.08,$-0.19,0.0,$2.75,3.44,$1.05B,$1.00B,1.06,$0.36B,$0.65B,0.55,$7.20B,$0.45B,6.22%,$7.20B,$0.29B,3.96%,$7.20B,$0.29B,3.96%,$7.20B,$0.37B,5.13%,$7.20B,$0.25B,3.44%,$7.20B,$0.16B,2.19%,$0.16B,$0.65B,26.57%,$0.16B,$0.57B,31.09%,$0.16B,$2.23B,8.41%,$0.29B,$1.01B,29.86%,$2001,$1954,$47,$0,$20,$1998,$3,$-13,$-9,$-3,$-6,$-6,$-6,$28,$3,$57,57,$-0.07,$-0.07,$226,$508,$40,$1051,$1054,$0,$87,$39,$1180,$2231,$995,$358,$56,$582,$1577,$1,$294,$2,$654,$2231,$163,$82,$48,$131,$-157,$-167,$0,$95,$-164,$130,$-78,$0,$-118,$0,$0,$0,$0,$-196,$39,$23,$62,$3,$3,$-20,$198,$242,$177,$3,$-20
28,2011-09-30,9.17,$11.77,0.78,$109.12,0.08,$-0.71,0.0,$1.55,5.92,$0.93B,$0.74B,1.25,$0.39B,$0.68B,0.57,$6.19B,$0.43B,6.92%,$6.19B,$0.28B,4.49%,$6.19B,$0.28B,4.49%,$6.19B,$0.36B,5.74%,$6.19B,$0.19B,2.99%,$6.19B,$0.09B,1.50%,$0.09B,$0.68B,17.16%,$0.09B,$0.59B,20.32%,$0.09B,$2.01B,5.78%,$0.28B,$1.07B,31.49%,$2205,$2018,$187,$0,$19,$2057,$148,$-13,$135,$47,$88,$88,$85,$169,$148,$58,59,$1.47,$1.46,$219,$366,$37,$927,$978,$0,$89,$21,$1087,$2014,$739,$391,$52,$592,$1332,$1,$313,$0,$683,$2014,$169,$58,$32,$90,$-181,$-31,$0,$7,$-235,$25,$-47,$0,$-80,$0,$0,$0,$0,$-127,$78,$0,$78,$3,$3,$-7,$198,$272,$170,$2,$-7
29,2011-06-30,12.74,$10.07,1.27,$87.57,0.15,$-0.26,0.0,$-0.21,0.0,$0.96B,$0.63B,1.53,$0.43B,$0.58B,0.74,$4.86B,$0.27B,5.45%,$4.86B,$0.12B,2.55%,$4.86B,$0.12B,2.55%,$4.86B,$0.20B,4.03%,$4.86B,$0.04B,0.74%,$4.86B,$-0.00B,-0.04%,$-0.00B,$0.58B,-0.40%,$-0.00B,$0.49B,-0.48%,$-0.00B,$2.03B,-0.14%,$0.12B,$1.01B,16.02%,$1849,$1704,$145,$0,$25,$1749,$99,$-6,$94,$29,$64,$64,$62,$121,$99,$57,57,$1.09,$1.08,$148,$395,$26,$960,$955,$0,$90,$22,$1067,$2026,$626,$429,$285,$818,$1444,$1,$223,$-2,$583,$2026,$81,$37,$12,$50,$-247,$-55,$0,$13,$-236,$-105,$-23,$0,$-81,$0,$0,$0,$0,$-104,$113,$0,$113,$1,$1,$-4,$198,$308,$99,$1,$-4
30,2011-03-31,10.98,$8.43,1.3,$73.64,0.15,$2.54,4.32,$-0.89,0.0,$0.41B,$0.39B,1.05,$0.26B,$0.46B,0.57,$4.01B,$0.17B,4.17%,$4.01B,$0.06B,1.45%,$4.01B,$0.06B,1.45%,$4.01B,$0.13B,3.14%,$4.01B,$-0.03B,-0.85%,$4.01B,$-0.05B,-1.22%,$-0.05B,$0.46B,-10.07%,$-0.05B,$0.38B,-12.03%,$-0.05B,$1.25B,-4.10%,$0.06B,$0.72B,8.61%,$1144,$1074,$69,$0,$18,$1108,$35,$-7,$28,$11,$17,$17,$17,$51,$35,$54,55,$0.31,$0.31,$111,$128,$14,$409,$675,$72,$79,$12,$838,$1247,$389,$262,$21,$399,$788,$1,$170,$0,$459,$1247,$17,$16,$12,$27,$-51,$4,$0,$0,$47,$91,$-10,$0,$0,$0,$0,$0,$0,$-10,$-18,$0,$-18,$1,$1,$-2,$-0,$-20,$62,$0,$-2
31,2010-12-31,5.87,$8.15,0.72,$69.24,0.08,$0.79,7.41,$-1.46,0.0,$0.30B,$0.29B,1.02,$0.28B,$0.44B,0.64,$3.76B,$0.11B,3.03%,$3.76B,$0.01B,0.24%,$3.76B,$0.01B,0.24%,$3.76B,$0.08B,2.08%,$3.76B,$-0.08B,-2.24%,$3.76B,$-0.08B,-2.13%,$-0.08B,$0.44B,-15.97%,$-0.08B,$0.36B,-19.00%,$-0.08B,$1.15B,-6.73%,$0.01B,$0.73B,1.34%,$990,$963,$27,$0,$14,$994,$-4,$-68,$-72,$-2,$-71,$-71,$-71,$14,$-4,$54,54,$-1.31,$-1.31,$49,$137,$9,$299,$680,$72,$80,$14,$845,$1145,$293,$282,$21,$409,$701,$1,$155,$0,$443,$1145,$-80,$69,$55,$124,$-28,$21,$0,$-5,$27,$71,$-49,$0,$0,$0,$0,$0,$4,$-45,$-0,$-21,$-21,$0,$0,$-8,$-16,$-46,$-19,$3,$-8
32,2010-09-30,5.75,$9.48,0.61,$66.60,0.09,$-0.02,0.0,$-0.55,0.0,$0.26B,$0.39B,0.65,$0.12B,$0.52B,0.24,$3.62B,$0.09B,2.52%,$3.62B,$-0.00B,-0.06%,$3.62B,$-0.00B,-0.06%,$3.62B,$0.07B,2.05%,$3.62B,$-0.04B,-1.19%,$3.62B,$-0.03B,-0.83%,$-0.03B,$0.52B,-5.74%,$-0.03B,$0.44B,-6.78%,$-0.03B,$1.16B,-2.48%,$-0.00B,$0.64B,-0.29%,$876,$852,$24,$0,$15,$881,$-6,$-8,$-14,$-4,$-10,$-10,$-10,$10,$-6,$54,54,$-0.18,$-0.18,$18,$133,$9,$255,$682,$132,$80,$11,$905,$1159,$390,$124,$22,$253,$644,$1,$228,$0,$516,$1159,$-9,$50,$-4,$46,$-19,$25,$0,$-4,$3,$40,$-36,$0,$0,$0,$0,$0,$6,$-30,$-43,$0,$-43,$0,$0,$-6,$-12,$-61,$-51,$3,$-6
33,2010-06-30,5.83,$9.73,0.6,$66.06,0.09,$-0.17,0.0,$-0.46,0.0,$0.33B,$0.49B,0.66,$0.08B,$0.53B,0.15,$3.58B,$0.09B,2.38%,$3.58B,$0.00B,0.11%,$3.58B,$0.00B,0.11%,$3.58B,$0.08B,2.24%,$3.58B,$-0.04B,-1.01%,$3.58B,$-0.03B,-0.70%,$-0.03B,$0.53B,-4.70%,$-0.03B,$0.45B,-5.56%,$-0.03B,$1.23B,-2.02%,$0.00B,$0.61B,0.55%,$998,$951,$47,$0,$15,$965,$33,$-9,$24,$9,$15,$15,$15,$51,$33,$54,54,$0.28,$0.28,$73,$135,$8,$325,$681,$132,$80,$12,$905,$1230,$491,$77,$24,$210,$701,$1,$240,$0,$529,$1230,$1,$34,$-5,$29,$-33,$26,$0,$-1,$20,$50,$-19,$0,$0,$0,$0,$0,$4,$-15,$-17,$0,$-17,$0,$0,$-4,$-9,$-31,$5,$2,$-4
34,2010-03-31,5.78,$9.49,0.61,$58.86,0.1,$-1.27,0.0,$-0.26,0.0,$0.31B,$0.37B,0.85,$0.21B,$0.52B,0.4,$3.19B,$0.07B,2.04%,$3.19B,$0.02B,0.75%,$3.19B,$0.02B,0.75%,$3.19B,$0.10B,3.01%,$3.19B,$-0.02B,-0.47%,$3.19B,$-0.01B,-0.31%,$-0.01B,$0.52B,-1.85%,$-0.01B,$0.44B,-2.20%,$-0.01B,$1.22B,-0.81%,$0.02B,$0.72B,3.10%,$893,$877,$16,$0,$15,$907,$-14,$-8,$-22,$-8,$-14,$-14,$-14,$3,$-14,$54,54,$-0.26,$-0.26,$40,$112,$55,$314,$684,$132,$81,$14,$909,$1223,$369,$206,$24,$339,$708,$1,$228,$0,$516,$1223,$-14,$17,$-3,$14,$-30,$1,$0,$-1,$-8,$-8,$-6,$0,$0,$0,$0,$0,$0,$-6,$-4,$0,$-4,$0,$0,$-2,$-9,$-15,$-28,$1,$-2
35,2009-12-31,5.38,$9.89,0.54,$49.17,0.11,$-1.07,0.0,0,0.0,$0.31B,$0.32B,0.97,$0.23B,$0.53B,0.44,$2.67B,$0.05B,2.02%,$2.67B,$0.04B,1.54%,$2.67B,$0.04B,1.54%,$2.67B,$0.11B,4.05%,$2.67B,$0.00B,0.19%,$2.67B,$0.00B,0.04%,$0.00B,$0.53B,0.18%,$0.00B,$0.45B,0.22%,$0.00B,$1.22B,0.08%,$0.04B,$0.77B,5.15%,$850,$846,$4,$0,$19,$864,$-15,$-16,$-31,$-10,$-21,$-21,$-21,$10,$-15,$54,54,$-0.39,$-0.38,$68,$116,$50,$312,$692,$132,$81,$7,$911,$1223,$322,$234,$25,$370,$692,$1,$249,$0,$531,$1223,$1,$66,$8,$74,$-31,$-47,$0,$4,$63,$138,$-160,$0,$0,$5,$0,$5,$52,$-103,$-34,$65,$31,$0,$0,$-8,$-5,$18,$53,$4,$-8
36,2009-09-30,6.73,$10.28,0.65,$47.67,0.14,$-1.68,0.0,$0.43,15.65,$0.35B,$0.30B,1.16,$0.29B,$0.55B,0.52,$2.58B,$0.10B,3.95%,$2.58B,$0.08B,3.10%,$2.58B,$0.08B,3.10%,$2.58B,$0.15B,5.73%,$2.58B,$0.05B,1.74%,$2.58B,$0.02B,0.93%,$0.02B,$0.55B,4.41%,$0.02B,$0.47B,5.25%,$0.02B,$1.27B,2.09%,$0.08B,$0.84B,10.15%,$836,$818,$18,$0,$16,$835,$0,$-7,$-7,$-2,$-5,$-5,$-5,$16,$0,$54,54,$-0.09,$-0.09,$108,$120,$48,$351,$690,$132,$87,$7,$915,$1267,$303,$287,$24,$412,$714,$1,$272,$-0,$552,$1267,$22,$42,$11,$53,$-30,$-42,$0,$3,$77,$151,$-156,$0,$0,$5,$0,$5,$45,$-105,$56,$0,$56,$0,$0,$-6,$-3,$46,$92,$2,$-6
37,2009-06-30,6.63,$10.40,0.64,$57.90,0.11,$-1.31,0.0,$0.99,6.69,$0.29B,$0.32B,0.91,$0.22B,$0.56B,0.39,$3.15B,$0.15B,4.79%,$3.15B,$0.12B,3.84%,$3.15B,$0.12B,3.84%,$3.15B,$0.18B,5.84%,$3.15B,$0.09B,2.86%,$3.15B,$0.05B,1.71%,$0.05B,$0.56B,10.03%,$0.05B,$0.47B,12.08%,$0.05B,$1.22B,4.72%,$0.12B,$0.78B,16.07%,$613,$586,$27,$0,$16,$560,$53,$-8,$45,$16,$30,$30,$30,$67,$53,$54,55,$0.55,$0.54,$21,$131,$57,$290,$701,$132,$87,$8,$928,$1218,$319,$217,$23,$341,$660,$1,$279,$-0,$558,$1218,$27,$26,$15,$41,$-36,$-59,$0,$4,$55,$123,$-152,$0,$0,$0,$0,$0,$39,$-113,$3,$0,$3,$0,$0,$-4,$-3,$-4,$6,$2,$-4
38,2009-03-31,8.06,$9.93,0.81,$72.26,0.11,$-1.20,0.0,$0.58,13.9,$0.21B,$0.20B,1.04,$0.27B,$0.53B,0.51,$3.93B,$0.15B,3.90%,$3.93B,$0.08B,1.91%,$3.93B,$0.08B,1.91%,$3.93B,$0.13B,3.41%,$3.93B,$0.05B,1.27%,$3.93B,$0.03B,0.71%,$0.03B,$0.53B,5.36%,$0.03B,$0.45B,6.55%,$0.03B,$1.09B,2.41%,$0.08B,$0.80B,10.09%,$368,$363,$5,$0,$15,$366,$3,$-5,$-2,$-1,$-1,$-1,$-3,$15,$3,$54,54,$-0.06,$-0.06,$55,$82,$43,$207,$653,$132,$87,$16,$887,$1094,$199,$269,$23,$362,$561,$1,$254,$-1,$533,$1094,$-3,$12,$-0,$12,$19,$9,$0,$-0,$77,$86,$-89,$0,$0,$0,$0,$0,$17,$-72,$31,$0,$31,$0,$0,$-2,$-3,$26,$40,$1,$-2
39,2008-12-31,4.1,$9.94,0.41,$87.13,0.05,$-0.69,0.0,$0.49,8.36,$0.19B,$0.19B,1.04,$0.20B,$0.53B,0.38,$4.73B,$0.18B,3.70%,$4.73B,$0.08B,1.63%,$4.73B,$0.08B,1.63%,$4.73B,$0.13B,2.84%,$4.73B,$0.04B,0.93%,$4.73B,$0.03B,0.55%,$0.03B,$0.53B,5.05%,$0.03B,$0.45B,6.24%,$0.03B,$1.02B,2.15%,$0.08B,$0.74B,10.51%,$767,$714,$52,$0,$15,$743,$24,$-15,$9,$7,$2,$2,$2,$50,$24,$54,54,$0.05,$0.04,$15,$81,$52,$194,$587,$132,$89,$16,$823,$1017,$186,$202,$24,$297,$483,$1,$256,$-1,$534,$1017,$27,$58,$15,$73,$73,$59,$0,$-10,$-71,$29,$-84,$0,$0,$44,$0,$44,$0,$-39,$-69,$0,$-69,$0,$0,$-8,$-2,$-79,$-90,$4,$-8
40,2008-09-30,7.11,$9.84,0.72,$92.24,0.08,$2.07,3.43,$0.22,32.33,$0.38B,$0.47B,0.82,$0.17B,$0.53B,0.32,$4.97B,$0.13B,2.65%,$4.97B,$0.04B,0.78%,$4.97B,$0.04B,0.78%,$4.97B,$0.08B,1.61%,$4.97B,$0.01B,0.26%,$4.97B,$0.01B,0.24%,$0.01B,$0.53B,2.35%,$0.01B,$0.43B,2.93%,$0.01B,$1.24B,0.95%,$0.04B,$0.70B,5.11%,$1403,$1335,$67,$0,$16,$1362,$41,$-3,$38,$13,$24,$24,$25,$52,$41,$54,54,$0.47,$0.47,$79,$146,$10,$384,$609,$0,$102,$148,$859,$1243,$467,$170,$25,$248,$715,$1,$256,$-5,$528,$1243,$24,$32,$-1,$31,$-29,$23,$0,$-9,$43,$98,$-83,$0,$0,$44,$0,$44,$0,$-38,$-79,$0,$-79,$0,$0,$-6,$-1,$-86,$-26,$3,$-6
41,2008-06-30,7.03,$9.22,0.76,$86.56,0.08,$3.78,1.86,$0.13,54.08,$0.45B,$0.49B,0.92,$0.24B,$0.50B,0.49,$4.64B,$0.12B,2.61%,$4.64B,$0.03B,0.67%,$4.64B,$0.03B,0.67%,$4.64B,$0.07B,1.53%,$4.64B,$0.00B,0.04%,$4.64B,$0.01B,0.15%,$0.01B,$0.50B,1.37%,$0.01B,$0.39B,1.69%,$0.01B,$1.30B,0.55%,$0.03B,$0.74B,3.86%,$1389,$1360,$29,$0,$13,$1381,$7,$-3,$5,$1,$3,$3,$4,$17,$7,$54,54,$0.07,$0.07,$86,$165,$24,$445,$599,$0,$103,$150,$852,$1297,$485,$243,$25,$317,$802,$1,$233,$-14,$495,$1297,$-1,$20,$3,$23,$-51,$-8,$0,$-9,$24,$46,$-69,$0,$0,$44,$0,$44,$0,$-25,$-35,$0,$-35,$0,$0,$-4,$-1,$-40,$-19,$2,$-4
42,2008-03-31,9.64,$9.36,1.03,$82.15,0.12,$6.28,1.54,$1.35,7.14,$0.47B,$0.45B,1.04,$0.26B,$0.50B,0.51,$4.35B,$0.22B,4.94%,$4.35B,$0.13B,2.87%,$4.35B,$0.13B,2.87%,$4.35B,$0.17B,3.79%,$4.35B,$0.09B,2.14%,$4.35B,$0.07B,1.61%,$0.07B,$0.50B,13.92%,$0.07B,$0.40B,17.20%,$0.07B,$1.29B,5.69%,$0.13B,$0.76B,15.29%,$1166,$1139,$27,$0,$13,$1162,$5,$-12,$-8,$-2,$-5,$-5,$-5,$15,$5,$54,54,$-0.09,$-0.09,$140,$147,$28,$468,$574,$0,$100,$149,$823,$1291,$448,$256,$23,$340,$788,$1,$231,$-4,$503,$1291,$-5,$10,$11,$22,$-35,$-2,$0,$-6,$44,$60,$-36,$0,$0,$44,$0,$44,$0,$9,$-32,$0,$-32,$0,$0,$-2,$-0,$-34,$35,$1,$-2
43,2007-12-31,15.36,$9.55,1.61,$75.87,0.2,$6.48,2.37,$1.84,8.35,$0.48B,$0.31B,1.56,$0.34B,$0.51B,0.67,$3.99B,$0.24B,6.06%,$3.99B,$0.15B,3.86%,$3.99B,$0.15B,3.86%,$3.99B,$0.19B,4.83%,$3.99B,$0.13B,3.25%,$3.99B,$0.10B,2.40%,$0.10B,$0.51B,20.22%,$0.10B,$0.42B,25.21%,$0.10B,$1.24B,8.21%,$0.15B,$0.86B,19.07%,$1015,$1006,$9,$0,$14,$1029,$-14,$-8,$-22,$-9,$-13,$-13,$-12,$-4,$-14,$52,53,$-0.26,$-0.25,$149,$125,$82,$475,$521,$140,$97,$12,$769,$1244,$305,$344,$22,$427,$732,$1,$238,$0,$513,$1244,$96,$37,$13,$50,$-35,$-20,$0,$3,$33,$180,$-87,$0,$-75,$29,$-89,$-60,$0,$-222,$68,$0,$68,$4,$4,$-29,$3,$46,$3,$3,$-29
44,2007-09-30,18.85,$9.99,1.89,$69.51,0.27,$4.99,3.78,$2.29,8.23,$0.46B,$0.29B,1.58,$0.32B,$0.54B,0.6,$3.60B,$0.27B,7.40%,$3.60B,$0.18B,5.12%,$3.60B,$0.18B,5.12%,$3.60B,$0.22B,6.15%,$3.60B,$0.16B,4.53%,$3.60B,$0.12B,3.34%,$0.12B,$0.54B,27.15%,$0.12B,$0.44B,34.36%,$0.12B,$1.23B,10.95%,$0.18B,$0.86B,24.36%,$1070,$1015,$56,$0,$14,$1037,$33,$-6,$27,$7,$20,$20,$20,$43,$33,$52,53,$0.39,$0.38,$165,$149,$37,$462,$517,$0,$92,$157,$767,$1229,$292,$323,$19,$400,$693,$1,$262,$0,$536,$1229,$109,$27,$4,$32,$-27,$-24,$0,$2,$16,$156,$-50,$0,$-75,$-66,$-89,$-155,$0,$-280,$57,$0,$57,$4,$4,$-16,$2,$47,$-76,$2,$-16
45,2007-06-30,20.0,$8.97,2.23,$67.11,0.3,$3.20,6.25,$2.42,8.26,$0.54B,$0.28B,1.92,$0.34B,$0.46B,0.73,$3.45B,$0.27B,7.81%,$3.45B,$0.19B,5.63%,$3.45B,$0.19B,5.63%,$3.45B,$0.23B,6.59%,$3.45B,$0.18B,5.08%,$3.45B,$0.13B,3.66%,$0.13B,$0.46B,31.46%,$0.13B,$0.37B,41.08%,$0.13B,$1.15B,12.30%,$0.19B,$0.80B,27.78%,$1103,$980,$123,$0,$14,$1002,$101,$-5,$96,$29,$67,$67,$67,$111,$101,$51,52,$1.31,$1.29,$275,$136,$22,$541,$499,$0,$92,$20,$611,$1153,$282,$336,$19,$411,$693,$1,$244,$0,$460,$1153,$88,$18,$7,$25,$-25,$1,$0,$2,$23,$135,$-27,$0,$-72,$-141,$0,$-141,$0,$-240,$78,$0,$78,$2,$2,$-14,$-1,$65,$-41,$2,$-14
46,2007-03-31,14.19,$7.62,1.86,$63.02,0.23,$1.07,13.28,$2.01,7.06,$0.51B,$0.26B,1.95,$0.33B,$0.39B,0.84,$3.16B,$0.23B,7.24%,$3.16B,$0.16B,5.09%,$3.16B,$0.16B,5.09%,$3.16B,$0.19B,6.01%,$3.16B,$0.14B,4.52%,$3.16B,$0.10B,3.19%,$0.10B,$0.39B,27.19%,$0.10B,$0.30B,35.44%,$0.10B,$1.05B,10.78%,$0.16B,$0.72B,25.24%,$806,$752,$54,$0,$12,$771,$35,$-6,$29,$8,$21,$21,$21,$43,$35,$51,52,$0.41,$0.40,$276,$112,$24,$512,$426,$0,$93,$21,$539,$1051,$263,$328,$19,$399,$662,$1,$177,$0,$390,$1051,$21,$8,$1,$9,$-16,$18,$0,$-2,$12,$42,$-8,$0,$0,$32,$0,$32,$0,$24,$70,$0,$70,$0,$0,$-2,$-1,$67,$134,$1,$-2
