,Date,Stock Price,Book Value per Share,Price to Book Ratio,TTM Sales per Share,Price to Sales Ratio,TTM FCF per Share,Price to FCF Ratio,TTM Net EPS,PE Ratio,Current Assets,Current Liabilities,Current Ratio,Long Term Debt,Shareholder's Equity_x,Debt to Equity Ratio,TTM Revenue_x,TTM Gross Profit,Gross Margin,TTM Revenue_y,TTM Operating Income,Operating Margin,TTM Revenue_x,TTM EBIT,EBIT Margin,TTM Revenue_y,TTM EBITDA,EBITDA Margin,TTM Revenue_x,TTM Pre-Tax Income,Pre-Tax Margin,TTM Revenue_y,TTM Net Income_x,Net Margin,TTM Net Income_y,Shareholder's Equity_y,Return on Equity,TTM Net Income_x,Tangible Equity,Return on Tangible Equity,TTM Net Income_y,Total Assets,Return on Assets,TTM Net Income,LT Investments & Debt,Return on Investment,revenue,cost-goods-sold,gross-profit,research-development-expenses,selling-general-administrative-expenses,operating-expenses,operating-income,total-non-operating-income-expense,pre-tax-income,total-provision-income-taxes,income-after-taxes,income-from-continuous-operations,net-income,ebitda,ebit,basic-shares-outstanding,shares-outstanding,eps-basic-net-earnings-per-share,eps-earnings-per-share-diluted,cash-on-hand,inventory,other-current-assets,total-current-assets,net-property-plant-equipment,long-term-investments,goodwill-intangible-assets-total,other-long-term-assets,total-long-term-assets,total-assets,total-current-liabilities,long-term-debt,other-non-current-liabilities,total-long-term-liabilities,total-liabilities,common-stock-net,retained-earnings-accumulated-deficit,comprehensive-income,total-share-holder-equity,total-liabilities-share-holders-equity,net-income-loss,total-depreciation-amortization-cash-flow,other-non-cash-items,total-non-cash-items,change-in-accounts-receivable,change-in-inventories,change-in-accounts-payable,change-in-assets-liabilities,total-change-in-assets-liabilities,cash-flow-from-operating-activities,net-change-in-property-plant-equipment,net-change-in-intangible-assets,net-acquisitions-divestitures,net-change-in-short-term-investments,net-change-in-long-term-investments,net-change-in-investments-total,investing-activities-other,cash-flow-from-investing-activities,net-long-term-debt,net-current-debt,debt-issuance-retirement-net-total,net-common-equity-issued-repurchased,net-total-equity-issued-repurchased,total-common-preferred-stock-dividends-paid,financial-activities-other,cash-flow-from-financial-activities,net-cash-flow,stock-based-compensation,common-stock-dividends-paid
0,2018-07-31,34.14,$19.76,1.73,$83.70,0.41,$1.59,21.43,$3.25,10.5,$2.13B,$1.39B,1.53,$0.17B,$1.93B,0.09,$8.70B,$2.53B,29.09%,$8.70B,$0.48B,5.50%,$8.70B,$0.48B,5.50%,$8.70B,$0.73B,8.35%,$8.70B,$0.48B,5.57%,$8.70B,$0.33B,3.82%,$0.33B,$1.93B,17.37%,$0.33B,$1.55B,21.78%,$0.33B,$4.25B,7.57%,$0.48B,$2.10B,21.91%,$2177,$1518,$659,$0,$495,$2015,$163,$-1,$162,$42,$119,$119,$119,$226,$163,$99,100,$1.21,$1.20,$124,$1796,$0,$2125,$1612,$0,$384,$114,$2120,$4245,$1389,$166,$0,$925,$2314,$1,$2359,$-0,$1931,$4245,$179,$120,$27,$147,$-7,$-65,$62,$-22,$-11,$316,$-97,$0,$0,$0,$0,$0,$0,$-97,$-3,$108,$106,$0,$0,$-46,$-256,$-196,$23,$22,$-46
1,2018-04-30,32.89,$18.99,1.73,$81.68,0.4,$-0.53,0.0,$3.08,10.68,$2.16B,$1.31B,1.65,$0.34B,$1.90B,0.18,$8.68B,$2.51B,28.90%,$8.68B,$0.47B,5.46%,$8.68B,$0.47B,5.46%,$8.68B,$0.72B,8.24%,$8.68B,$0.49B,5.68%,$8.68B,$0.33B,3.75%,$0.33B,$1.90B,17.03%,$0.33B,$1.51B,21.35%,$0.33B,$4.32B,7.34%,$0.47B,$2.24B,21.69%,$1910,$1349,$560,$0,$470,$1822,$87,$-4,$84,$24,$60,$60,$60,$144,$87,$101,102,$0.59,$0.59,$105,$1843,$0,$2164,$1644,$0,$385,$114,$2156,$4319,$1313,$339,$0,$1109,$2421,$1,$2263,$-0,$1898,$4319,$60,$56,$13,$70,$-2,$-112,$20,$-35,$-149,$-19,$-49,$0,$0,$0,$0,$0,$0,$-49,$-1,$280,$279,$0,$0,$-24,$-183,$72,$3,$12,$-24
2,2018-01-31,31.05,$18.84,1.65,$79.37,0.39,$-0.55,0.0,$3.01,10.32,$2.01B,$1.43B,1.41,$0.06B,$1.94B,0.03,$8.59B,$2.49B,28.98%,$8.59B,$0.48B,5.55%,$8.59B,$0.48B,5.55%,$8.59B,$0.71B,8.31%,$8.59B,$0.50B,5.83%,$8.59B,$0.32B,3.76%,$0.32B,$1.94B,16.79%,$0.32B,$1.55B,21.00%,$0.32B,$4.20B,7.29%,$0.48B,$2.00B,22.29%,$2664,$1888,$776,$0,$597,$2486,$178,$2,$180,$64,$116,$116,$116,$249,$178,$107,108,$1.10,$1.11,$101,$1711,$0,$2006,$1677,$0,$387,$120,$2198,$4204,$1425,$60,$0,$837,$2262,$1,$2206,$-0,$1942,$4204,$323,$238,$84,$322,$-0,$-72,$125,$74,$101,$746,$-474,$0,$-9,$0,$0,$0,$-2,$-486,$60,$0,$60,$17,$17,$-73,$-328,$-324,$-64,$36,$-73
3,2017-10-31,24.01,$17.95,1.34,$76.73,0.31,$0.01,2052.55,$2.71,8.86,$2.58B,$1.61B,1.61,$0.52B,$1.87B,0.28,$8.41B,$2.43B,28.93%,$8.41B,$0.44B,5.20%,$8.41B,$0.44B,5.20%,$8.41B,$0.69B,8.18%,$8.41B,$0.46B,5.52%,$8.41B,$0.30B,3.53%,$0.30B,$1.87B,15.46%,$0.30B,$1.48B,19.35%,$0.30B,$4.79B,6.76%,$0.44B,$2.39B,20.58%,$1944,$1410,$534,$0,$476,$1894,$50,$8,$58,$21,$37,$37,$37,$107,$50,$105,106,$0.35,$0.35,$112,$2178,$0,$2582,$1680,$0,$390,$123,$2203,$4785,$1607,$516,$0,$1305,$2912,$1,$2106,$-0,$1873,$4785,$207,$167,$85,$251,$-18,$-540,$317,$8,$-333,$126,$-387,$0,$-9,$0,$0,$0,$-2,$-397,$61,$455,$516,$17,$17,$-55,$-258,$219,$-53,$25,$-55
4,2017-07-31,36.42,$0.00,0.0,$74.55,0.49,$1.46,24.99,$2.80,13.01,$2.28B,$1.51B,1.51,$0.19B,$1.92B,0.1,$8.28B,$2.45B,29.63%,$8.28B,$0.46B,5.57%,$8.28B,$0.46B,5.57%,$8.28B,$0.71B,8.54%,$8.28B,$0.48B,5.82%,$8.28B,$0.31B,3.73%,$0.31B,$1.92B,16.09%,$0.31B,$1.54B,19.97%,$0.31B,$4.40B,7.20%,$0.46B,$2.11B,22.38%,$2157,$1520,$637,$0,$470,$1998,$159,$12,$171,$59,$112,$112,$112,$215,$159,$108,109,$1.04,$1.03,$132,$1918,$0,$2277,$1612,$0,$383,$112,$2118,$4395,$1510,$191,$0,$965,$2474,$1,$2087,$-0,$1921,$4395,$171,$109,$55,$164,$-8,$-279,$246,$16,$-90,$244,$-236,$0,$0,$0,$0,$0,$-2,$-238,$-0,$187,$186,$16,$16,$-38,$-205,$-40,$-33,$16,$-38
5,2017-04-30,49.08,$0.00,0.0,$72.26,0.68,$1.57,31.18,$2.59,18.95,$2.26B,$1.51B,1.49,$0.10B,$1.96B,0.05,$8.09B,$2.41B,29.83%,$8.09B,$0.45B,5.55%,$8.09B,$0.45B,5.55%,$8.09B,$0.69B,8.51%,$8.09B,$0.46B,5.66%,$8.09B,$0.29B,3.56%,$0.29B,$1.96B,15.18%,$0.29B,$1.58B,18.73%,$0.29B,$4.33B,6.87%,$0.45B,$2.06B,22.13%,$1825,$1283,$542,$0,$439,$1735,$90,$2,$92,$33,$58,$58,$58,$143,$90,$110,111,$0.53,$0.52,$108,$1917,$0,$2255,$1569,$0,$385,$115,$2078,$4333,$1514,$97,$0,$857,$2372,$1,$1993,$-0,$1961,$4333,$58,$53,$49,$102,$2,$-278,$209,$-26,$-124,$36,$-114,$0,$0,$0,$0,$0,$-2,$-116,$-0,$92,$92,$14,$14,$-19,$-63,$23,$-56,$9,$-19
6,2017-01-31,49.93,$17.49,2.86,$70.53,0.71,$1.55,32.18,$2.57,19.43,$2.00B,$1.40B,1.43,$0.01B,$1.93B,0.0,$7.92B,$2.37B,29.87%,$7.92B,$0.45B,5.68%,$7.92B,$0.45B,5.68%,$7.92B,$0.68B,8.64%,$7.92B,$0.46B,5.78%,$7.92B,$0.29B,3.62%,$0.29B,$1.93B,15.44%,$0.29B,$1.54B,18.92%,$0.29B,$4.06B,7.04%,$0.45B,$1.93B,22.43%,$2483,$1764,$720,$0,$576,$2345,$138,$5,$143,$53,$90,$90,$90,$223,$138,$111,112,$0.82,$0.80,$165,$1639,$0,$1996,$1523,$0,$386,$108,$2063,$4058,$1397,$5,$0,$731,$2129,$1,$1956,$-0,$1929,$4058,$287,$234,$-11,$223,$-4,$-85,$60,$197,$258,$769,$-422,$0,$-119,$0,$0,$0,$-10,$-550,$-1,$0,$-1,$31,$31,$-68,$-135,$-173,$46,$34,$-68
7,2016-10-31,53.72,$0.00,0.0,$67.58,0.79,$0.86,62.55,$2.89,18.59,$2.44B,$1.55B,1.57,$0.27B,$1.87B,0.14,$7.68B,$2.32B,30.19%,$7.68B,$0.52B,6.77%,$7.68B,$0.52B,6.77%,$7.68B,$0.73B,9.46%,$7.68B,$0.52B,6.77%,$7.68B,$0.33B,4.25%,$0.33B,$1.87B,17.88%,$0.33B,$1.53B,21.72%,$0.33B,$4.38B,8.25%,$0.52B,$2.14B,26.38%,$1810,$1258,$553,$0,$460,$1737,$74,$3,$76,$27,$49,$49,$49,$126,$74,$111,112,$0.44,$0.44,$85,$2092,$0,$2444,$1492,$0,$338,$103,$1938,$4382,$1554,$266,$0,$958,$2512,$1,$1883,$-0,$1870,$4382,$197,$149,$28,$177,$-38,$-565,$342,$71,$-181,$193,$-307,$0,$-37,$0,$0,$0,$-5,$-349,$-0,$261,$260,$25,$25,$-51,$-112,$123,$-34,$25,$-51
8,2016-07-31,49.38,$0.00,0.0,$65.49,0.75,$0.52,94.39,$2.86,17.27,$2.09B,$1.32B,1.59,$0.16B,$1.83B,0.09,$7.51B,$2.25B,30.00%,$7.51B,$0.52B,6.96%,$7.51B,$0.52B,6.96%,$7.51B,$0.72B,9.63%,$7.51B,$0.52B,6.91%,$7.51B,$0.32B,4.31%,$0.32B,$1.83B,18.14%,$0.32B,$1.50B,22.02%,$0.32B,$3.99B,8.39%,$0.52B,$1.99B,26.75%,$1968,$1370,$597,$0,$442,$1821,$147,$0,$147,$56,$91,$91,$91,$196,$147,$111,112,$0.82,$0.82,$112,$1716,$0,$2085,$1476,$0,$331,$92,$1903,$3988,$1316,$157,$0,$842,$2158,$1,$1851,$-0,$1830,$3988,$148,$97,$26,$123,$-41,$-188,$137,$36,$-41,$231,$-208,$0,$0,$0,$0,$0,$-23,$-232,$-0,$152,$152,$16,$16,$-34,$-139,$-5,$-7,$17,$-34
9,2016-04-30,44.46,$0.00,0.0,$63.41,0.7,$0.74,60.49,$2.81,15.82,$2.07B,$1.28B,1.61,$0.16B,$1.80B,0.09,$7.37B,$2.21B,30.00%,$7.37B,$0.52B,7.11%,$7.37B,$0.52B,7.11%,$7.37B,$0.72B,9.82%,$7.37B,$0.52B,7.05%,$7.37B,$0.32B,4.40%,$0.32B,$1.80B,18.13%,$0.32B,$1.49B,21.93%,$0.32B,$3.88B,8.58%,$0.52B,$1.97B,27.32%,$1660,$1165,$496,$0,$399,$1570,$91,$1,$92,$35,$57,$57,$57,$139,$91,$112,113,$0.51,$0.50,$92,$1743,$0,$2071,$1406,$0,$310,$87,$1808,$3878,$1283,$163,$0,$791,$2074,$1,$1777,$-0,$1804,$3878,$57,$48,$19,$67,$-20,$-216,$146,$-21,$-116,$8,$-89,$0,$0,$0,$0,$0,$-0,$-89,$-0,$158,$157,$16,$16,$-18,$-101,$55,$-26,$8,$-18
10,2016-01-31,37.37,$16.01,2.33,$61.92,0.6,$1.20,31.18,$2.84,13.16,$1.81B,$1.19B,1.52,$0.01B,$1.79B,0.0,$7.27B,$2.18B,30.02%,$7.27B,$0.54B,7.36%,$7.27B,$0.54B,7.36%,$7.27B,$0.73B,10.01%,$7.27B,$0.53B,7.29%,$7.27B,$0.33B,4.54%,$0.33B,$1.79B,18.62%,$0.33B,$1.48B,22.57%,$0.33B,$3.56B,8.97%,$0.54B,$1.80B,28.51%,$2240,$1568,$672,$0,$461,$2032,$208,$-3,$205,$76,$129,$129,$129,$265,$208,$115,117,$1.14,$1.12,$119,$1527,$0,$1813,$1348,$0,$310,$83,$1747,$3559,$1192,$5,$0,$578,$1770,$1,$1737,$-0,$1789,$3559,$330,$194,$39,$233,$-6,$-136,$34,$183,$87,$650,$-370,$0,$0,$0,$0,$0,$-2,$-372,$-1,$0,$-1,$21,$21,$-65,$-336,$-381,$-103,$29,$-65
11,2015-10-31,42.45,$0.00,0.0,$60.55,0.7,$0.92,46.23,$3.01,14.1,$2.28B,$1.42B,1.61,$0.35B,$1.72B,0.2,$7.19B,$2.20B,30.62%,$7.19B,$0.58B,8.02%,$7.19B,$0.58B,8.02%,$7.19B,$0.76B,10.60%,$7.19B,$0.58B,8.00%,$7.19B,$0.36B,4.96%,$0.36B,$1.72B,20.03%,$0.36B,$1.41B,24.24%,$0.36B,$4.03B,9.81%,$0.58B,$2.07B,30.58%,$1643,$1154,$488,$0,$395,$1566,$77,$-2,$75,$28,$47,$47,$47,$123,$77,$115,117,$0.41,$0.41,$74,$1997,$0,$2284,$1341,$0,$310,$74,$1746,$4029,$1421,$348,$0,$885,$2306,$1,$1624,$-0,$1723,$4029,$201,$137,$5,$141,$-23,$-606,$325,$75,$-227,$116,$-274,$0,$0,$0,$0,$0,$-2,$-276,$-0,$342,$342,$19,$19,$-49,$-299,$13,$-148,$22,$-49
12,2015-07-31,48.44,$0.00,0.0,$59.18,0.82,$0.87,55.62,$3.01,16.09,$1.95B,$1.28B,1.52,$0.01B,$1.83B,0.0,$7.08B,$2.17B,30.61%,$7.08B,$0.58B,8.20%,$7.08B,$0.58B,8.20%,$7.08B,$0.76B,10.74%,$7.08B,$0.58B,8.20%,$7.08B,$0.36B,5.07%,$0.36B,$1.83B,20.31%,$0.36B,$1.53B,24.63%,$0.36B,$3.64B,10.13%,$0.58B,$1.84B,31.23%,$1823,$1269,$554,$0,$396,$1675,$148,$-1,$147,$57,$91,$91,$91,$196,$148,$116,118,$0.78,$0.77,$123,$1616,$0,$1950,$1297,$0,$309,$72,$1689,$3639,$1282,$6,$0,$524,$1806,$1,$1593,$-0,$1833,$3639,$154,$91,$7,$98,$-13,$-225,$148,$45,$-49,$203,$-155,$0,$0,$0,$0,$0,$-0,$-155,$-0,$0,$-0,$18,$18,$-33,$-130,$-146,$-98,$14,$-33
13,2015-04-30,51.42,$0.00,0.0,$57.56,0.89,$0.48,107.92,$2.81,18.3,$1.88B,$1.23B,1.53,$0.06B,$1.74B,0.03,$6.94B,$2.12B,30.47%,$6.94B,$0.54B,7.84%,$6.94B,$0.54B,7.84%,$6.94B,$0.73B,10.49%,$6.94B,$0.55B,7.87%,$6.94B,$0.34B,4.86%,$0.34B,$1.74B,19.43%,$0.34B,$1.43B,23.58%,$0.34B,$3.49B,9.77%,$0.54B,$1.80B,29.84%,$1565,$1096,$469,$0,$361,$1463,$102,$2,$103,$40,$63,$63,$63,$144,$102,$117,119,$0.54,$0.53,$81,$1624,$0,$1884,$1220,$0,$311,$74,$1611,$3494,$1229,$57,$0,$522,$1751,$1,$1518,$-0,$1743,$3494,$63,$43,$8,$50,$3,$-233,$163,$7,$-78,$36,$-66,$0,$0,$0,$0,$0,$-0,$-66,$-0,$51,$51,$9,$9,$-17,$-153,$-110,$-140,$7,$-17
14,2015-01-31,48.83,$15.51,3.15,$56.06,0.87,$0.33,150.11,$2.85,17.13,$1.80B,$1.12B,1.61,$0.01B,$1.83B,0.0,$6.82B,$2.09B,30.62%,$6.82B,$0.55B,8.13%,$6.82B,$0.55B,8.13%,$6.82B,$0.73B,10.76%,$6.82B,$0.56B,8.17%,$6.82B,$0.34B,5.05%,$0.34B,$1.83B,19.86%,$0.34B,$1.52B,24.05%,$0.34B,$3.39B,10.14%,$0.55B,$1.84B,30.63%,$2160,$1469,$691,$0,$439,$1910,$250,$-1,$250,$94,$156,$156,$156,$299,$250,$119,121,$1.31,$1.29,$222,$1391,$0,$1799,$1203,$0,$311,$70,$1593,$3392,$1119,$6,$0,$441,$1559,$1,$1471,$-0,$1832,$3392,$344,$179,$-6,$174,$2,$-159,$81,$115,$88,$606,$-349,$0,$0,$0,$0,$0,$44,$-305,$-1,$0,$-1,$26,$26,$-61,$-225,$-261,$40,$26,$-61
15,2014-10-31,42.79,$0.00,0.0,$53.75,0.8,$-0.85,0.0,$2.66,16.08,$2.08B,$1.26B,1.65,$0.29B,$1.66B,0.17,$6.60B,$2.02B,30.66%,$6.60B,$0.53B,7.98%,$6.60B,$0.53B,7.98%,$6.60B,$0.70B,10.59%,$6.60B,$0.53B,8.04%,$6.60B,$0.33B,4.95%,$0.33B,$1.66B,19.27%,$0.33B,$1.35B,23.39%,$0.33B,$3.66B,9.87%,$0.53B,$1.95B,29.71%,$1527,$1075,$452,$0,$358,$1447,$80,$-0,$80,$30,$49,$49,$49,$121,$80,$118,120,$0.42,$0.41,$78,$1765,$0,$2076,$1195,$0,$312,$70,$1580,$3656,$1259,$287,$0,$733,$1991,$1,$1331,$0,$1664,$3656,$189,$131,$-19,$112,$-14,$-533,$290,$50,$-198,$103,$-271,$0,$0,$0,$0,$0,$48,$-224,$-1,$281,$280,$11,$11,$-47,$-227,$17,$-104,$19,$-47
16,2014-07-31,40.0,$0.00,0.0,$52.16,0.77,$-1.47,0.0,$2.65,15.09,$1.76B,$1.13B,1.55,$0.01B,$1.70B,0.0,$6.48B,$2.00B,30.84%,$6.48B,$0.53B,8.12%,$6.48B,$0.53B,8.12%,$6.48B,$0.69B,10.72%,$6.48B,$0.53B,8.21%,$6.48B,$0.33B,5.06%,$0.33B,$1.70B,19.23%,$0.33B,$1.41B,23.26%,$0.33B,$3.26B,10.14%,$0.53B,$1.70B,30.21%,$1689,$1186,$503,$0,$383,$1577,$112,$1,$113,$43,$69,$69,$69,$164,$112,$120,122,$0.58,$0.57,$100,$1419,$0,$1757,$1138,$0,$285,$71,$1498,$3255,$1133,$6,$0,$426,$1559,$1,$1296,$0,$1697,$3255,$139,$90,$-29,$61,$-11,$-187,$133,$8,$-48,$152,$-150,$0,$0,$0,$0,$0,$73,$-77,$-1,$0,$-1,$9,$9,$-32,$-133,$-157,$-82,$13,$-32
17,2014-04-30,49.39,$0.00,0.0,$50.49,0.98,$-2.20,0.0,$2.75,17.96,$1.82B,$1.15B,1.59,$0.01B,$1.74B,0.0,$6.32B,$1.97B,31.23%,$6.32B,$0.55B,8.72%,$6.32B,$0.55B,8.72%,$6.32B,$0.71B,11.25%,$6.32B,$0.56B,8.82%,$6.32B,$0.34B,5.43%,$0.34B,$1.74B,20.21%,$0.34B,$1.44B,24.52%,$0.34B,$3.27B,10.80%,$0.55B,$1.74B,31.79%,$1439,$998,$441,$0,$323,$1327,$112,$2,$114,$44,$70,$70,$70,$149,$112,$121,123,$0.58,$0.57,$139,$1481,$0,$1821,$1077,$0,$298,$70,$1449,$3269,$1145,$6,$0,$390,$1534,$1,$1242,$0,$1735,$3269,$70,$37,$-21,$15,$-0,$-249,$169,$-10,$-71,$14,$-64,$0,$0,$0,$0,$0,$73,$9,$-1,$0,$-1,$8,$8,$-17,$-57,$-66,$-42,$7,$-17
18,2014-01-31,49.12,$13.99,3.51,$49.42,0.99,$-2.67,0.0,$2.70,18.19,$1.62B,$1.00B,1.62,$0.01B,$1.69B,0.0,$6.21B,$1.94B,31.29%,$6.21B,$0.54B,8.64%,$6.21B,$0.54B,8.64%,$6.21B,$0.69B,11.14%,$6.21B,$0.55B,8.79%,$6.21B,$0.34B,5.44%,$0.34B,$1.69B,20.39%,$0.34B,$1.39B,24.87%,$0.34B,$3.07B,10.92%,$0.54B,$1.70B,31.70%,$1947,$1319,$628,$0,$403,$1724,$223,$1,$224,$85,$139,$139,$139,$265,$223,$123,126,$1.13,$1.10,$182,$1232,$0,$1620,$1085,$0,$299,$66,$1451,$3071,$1003,$6,$0,$377,$1379,$1,$1188,$0,$1692,$3071,$338,$155,$25,$180,$-10,$-136,$12,$40,$-114,$404,$-286,$0,$0,$0,$0,$0,$-54,$-339,$-9,$0,$-9,$43,$43,$-64,$-198,$-228,$-163,$27,$-64
19,2013-10-31,49.55,$0.00,0.0,$48.25,1.03,$-1.87,0.0,$2.62,18.91,$1.91B,$1.17B,1.63,$0.12B,$1.70B,0.07,$6.07B,$1.91B,31.38%,$6.07B,$0.53B,8.65%,$6.07B,$0.53B,8.65%,$6.07B,$0.68B,11.12%,$6.07B,$0.53B,8.80%,$6.07B,$0.33B,5.42%,$0.33B,$1.70B,20.17%,$0.33B,$1.40B,24.69%,$0.33B,$3.35B,10.79%,$0.53B,$1.82B,31.48%,$1401,$976,$425,$0,$334,$1322,$79,$2,$81,$31,$50,$50,$50,$116,$79,$123,126,$0.41,$0.40,$66,$1570,$0,$1905,$1060,$0,$299,$80,$1443,$3348,$1169,$123,$0,$481,$1650,$1,$1065,$0,$1698,$3348,$199,$113,$5,$118,$-29,$-474,$209,$-18,$-375,$-58,$-197,$0,$0,$0,$0,$0,$-49,$-246,$-2,$116,$114,$35,$35,$-49,$-76,$24,$-280,$21,$-49
20,2013-07-31,47.62,$0.00,0.0,$47.54,1.0,$-0.43,0.0,$2.62,18.18,$1.65B,$1.03B,1.61,$0.01B,$1.66B,0.0,$5.98B,$1.89B,31.53%,$5.98B,$0.53B,8.83%,$5.98B,$0.53B,8.83%,$5.98B,$0.67B,11.23%,$5.98B,$0.54B,8.94%,$5.98B,$0.33B,5.50%,$0.33B,$1.66B,20.14%,$0.33B,$1.37B,24.66%,$0.33B,$3.02B,11.04%,$0.53B,$1.67B,32.15%,$1531,$1052,$479,$0,$337,$1394,$137,$1,$138,$54,$84,$84,$84,$181,$137,$123,126,$0.68,$0.67,$135,$1275,$0,$1653,$937,$0,$298,$127,$1367,$3019,$1025,$6,$0,$330,$1355,$1,$1030,$0,$1664,$3019,$149,$76,$-16,$61,$-22,$-179,$83,$-44,$-204,$5,$-95,$0,$0,$0,$0,$0,$-37,$-133,$-2,$0,$-2,$23,$23,$-34,$-70,$-83,$-210,$14,$-34
21,2013-04-30,44.34,$0.00,0.0,$46.88,0.95,$0.06,779.21,$2.38,18.63,$1.60B,$1.05B,1.52,$0.01B,$1.58B,0.01,$5.89B,$1.86B,31.50%,$5.89B,$0.53B,8.93%,$5.89B,$0.53B,8.93%,$5.89B,$0.66B,11.14%,$5.89B,$0.50B,8.46%,$5.89B,$0.30B,5.08%,$0.30B,$1.58B,18.45%,$0.30B,$1.28B,22.54%,$0.30B,$2.94B,10.17%,$0.53B,$1.58B,32.25%,$1334,$922,$412,$0,$313,$1236,$98,$6,$103,$38,$65,$65,$65,$130,$98,$123,126,$0.53,$0.52,$114,$1313,$0,$1603,$877,$0,$299,$155,$1335,$2938,$1053,$7,$0,$308,$1361,$1,$962,$0,$1577,$2938,$65,$33,$-19,$14,$-5,$-217,$152,$-32,$-154,$-75,$-34,$0,$0,$0,$0,$0,$-35,$-69,$-1,$0,$-1,$13,$13,$-18,$-81,$-87,$-231,$7,$-18
22,2013-01-31,43.54,$12.90,3.37,$46.38,0.94,$0.46,94.51,$2.31,18.85,$1.60B,$1.00B,1.6,$0.01B,$1.59B,0.01,$5.84B,$1.84B,31.49%,$5.84B,$0.52B,8.98%,$5.84B,$0.52B,8.98%,$5.84B,$0.65B,11.12%,$5.84B,$0.49B,8.38%,$5.84B,$0.29B,4.99%,$0.29B,$1.59B,17.91%,$0.29B,$1.29B,21.74%,$0.29B,$2.89B,9.80%,$0.52B,$1.60B,32.00%,$1805,$1217,$589,$0,$376,$1594,$211,$1,$212,$82,$130,$130,$130,$248,$211,$122,126,$1.06,$1.03,$345,$1096,$0,$1596,$840,$0,$299,$148,$1292,$2888,$1001,$8,$0,$300,$1300,$1,$912,$0,$1587,$2888,$291,$125,$3,$128,$-4,$-81,$-14,$32,$20,$438,$-219,$0,$0,$0,$-32,$-32,$-73,$-324,$-145,$0,$-145,$78,$78,$-307,$-129,$-503,$-389,$32,$-307
23,2012-10-31,41.83,$0.00,0.0,$44.86,0.93,$0.38,110.31,$2.16,19.37,$1.80B,$1.07B,1.69,$0.01B,$1.71B,0.01,$5.64B,$1.76B,31.22%,$5.64B,$0.50B,8.81%,$5.64B,$0.50B,8.81%,$5.64B,$0.62B,10.95%,$5.64B,$0.46B,8.13%,$5.64B,$0.27B,4.82%,$0.27B,$1.71B,16.62%,$0.27B,$1.41B,19.97%,$0.27B,$3.07B,9.08%,$0.50B,$1.72B,29.50%,$1312,$906,$406,$0,$315,$1230,$82,$0,$82,$32,$50,$50,$50,$113,$82,$122,126,$0.41,$0.40,$294,$1383,$0,$1799,$851,$0,$300,$111,$1270,$3070,$1067,$14,$0,$298,$1365,$1,$1048,$0,$1705,$3070,$161,$89,$-11,$78,$-17,$-368,$179,$17,$-156,$83,$-157,$0,$0,$0,$-32,$-32,$-55,$-244,$-139,$0,$-139,$72,$72,$-46,$-166,$-279,$-440,$24,$-46
24,2012-07-31,40.88,$0.00,0.0,$43.84,0.93,$0.08,533.72,$2.09,19.56,$1.64B,$0.95B,1.73,$0.01B,$1.61B,0.01,$5.51B,$1.71B,30.97%,$5.51B,$0.49B,8.84%,$5.51B,$0.49B,8.84%,$5.51B,$0.61B,10.98%,$5.51B,$0.44B,8.04%,$5.51B,$0.26B,4.77%,$0.26B,$1.61B,16.43%,$0.26B,$1.34B,19.65%,$0.26B,$2.86B,8.85%,$0.49B,$1.63B,28.98%,$1437,$989,$448,$0,$311,$1302,$135,$-33,$101,$48,$54,$54,$54,$165,$135,$120,125,$0.45,$0.43,$350,$1135,$0,$1641,$817,$0,$276,$110,$1222,$2863,$946,$14,$10,$305,$1251,$1,$1013,$0,$1612,$2863,$111,$58,$-0,$58,$-13,$-120,$42,$-19,$-102,$67,$-95,$0,$0,$0,$-32,$-32,$-44,$-172,$-139,$0,$-139,$45,$45,$-30,$-155,$-279,$-384,$15,$-30
25,2012-04-30,41.88,$0.00,0.0,$42.69,0.98,$0.62,67.14,$2.25,18.61,$1.86B,$1.16B,1.6,$0.01B,$1.60B,0.01,$5.38B,$1.66B,30.85%,$5.38B,$0.46B,8.62%,$5.38B,$0.46B,8.62%,$5.38B,$0.58B,10.78%,$5.38B,$0.46B,8.62%,$5.38B,$0.28B,5.26%,$0.28B,$1.60B,17.97%,$0.28B,$1.33B,21.46%,$0.28B,$3.06B,9.52%,$0.46B,$1.61B,27.51%,$1282,$887,$395,$0,$296,$1186,$96,$-2,$94,$37,$57,$57,$57,$123,$96,$122,127,$0.47,$0.45,$521,$1202,$0,$1857,$779,$0,$271,$135,$1199,$3055,$1159,$14,$4,$300,$1459,$1,$975,$4,$1596,$3055,$57,$28,$-7,$21,$-4,$-187,$130,$-13,$-96,$-18,$-41,$0,$0,$0,$-32,$-32,$-25,$-98,$-7,$0,$-7,$11,$11,$-15,$-86,$-97,$-213,$7,$-15
26,2012-01-31,33.92,$13.46,2.52,$41.48,0.82,$0.71,47.55,$2.10,16.15,$1.87B,$0.94B,1.99,$0.15B,$1.63B,0.09,$5.21B,$1.60B,30.60%,$5.21B,$0.43B,8.29%,$5.21B,$0.43B,8.29%,$5.21B,$0.55B,10.53%,$5.21B,$0.43B,8.29%,$5.21B,$0.26B,5.05%,$0.26B,$1.63B,17.14%,$0.26B,$1.38B,20.50%,$0.26B,$3.00B,9.06%,$0.43B,$1.78B,25.76%,$1612,$1099,$513,$0,$327,$1427,$184,$-2,$182,$71,$111,$111,$111,$217,$184,$120,126,$0.93,$0.88,$734,$1015,$0,$1868,$776,$0,$251,$86,$1128,$2996,$940,$152,$2,$424,$1364,$1,$933,$0,$1633,$2996,$264,$117,$16,$133,$-3,$-118,$74,$27,$13,$410,$-202,$0,$0,$0,$14,$14,$-12,$-200,$-1,$0,$-1,$33,$33,$-60,$6,$-22,$188,$24,$-60
27,2011-10-31,31.39,$12.95,2.42,$41.14,0.76,$0.95,32.99,$1.93,16.26,$1.90B,$1.02B,1.87,$0.14B,$1.56B,0.09,$5.12B,$1.56B,30.51%,$5.12B,$0.39B,7.70%,$5.12B,$0.39B,7.70%,$5.12B,$0.51B,9.92%,$5.12B,$0.39B,7.70%,$5.12B,$0.24B,4.67%,$0.24B,$1.56B,16.29%,$0.24B,$1.31B,19.67%,$0.24B,$2.98B,8.53%,$0.39B,$1.70B,24.53%,$1180,$829,$351,$0,$272,$1108,$72,$-5,$66,$25,$41,$41,$41,$100,$72,$120,126,$0.34,$0.33,$483,$1243,$0,$1903,$745,$1,$251,$66,$1072,$2975,$1017,$139,$0,$396,$1412,$1,$883,$0,$1562,$2975,$153,$84,$19,$103,$-18,$-346,$205,$-27,$-220,$36,$-148,$0,$0,$0,$14,$14,$-9,$-143,$-1,$0,$-1,$21,$21,$0,$23,$44,$-63,$19,$0
28,2011-07-31,29.71,$12.55,2.37,$40.63,0.73,$0.73,40.65,$1.74,17.07,$1.79B,$0.96B,1.87,$0.14B,$1.51B,0.09,$5.02B,$1.52B,30.25%,$5.02B,$0.35B,6.97%,$5.02B,$0.35B,6.97%,$5.02B,$0.46B,9.24%,$5.02B,$0.35B,7.05%,$5.02B,$0.22B,4.28%,$0.22B,$1.51B,15.56%,$0.22B,$1.26B,19.01%,$0.22B,$2.86B,7.97%,$0.35B,$1.65B,22.98%,$1307,$906,$401,$0,$286,$1195,$112,$10,$122,$48,$74,$74,$74,$140,$112,$120,126,$0.61,$0.59,$626,$1027,$0,$1787,$737,$1,$252,$58,$1076,$2863,$955,$139,$0,$398,$1353,$1,$842,$0,$1510,$2863,$111,$55,$-4,$51,$-13,$-130,$104,$-25,$-37,$126,$-86,$0,$0,$0,$14,$14,$-5,$-76,$-0,$0,$-0,$19,$19,$0,$12,$31,$80,$13,$0
29,2011-04-30,32.87,$11.93,2.76,$40.38,0.81,$0.45,72.74,$1.58,20.8,$1.72B,$0.95B,1.82,$0.14B,$1.43B,0.1,$4.94B,$1.48B,29.91%,$4.94B,$0.33B,6.60%,$4.94B,$0.33B,6.60%,$4.94B,$0.44B,8.87%,$4.94B,$0.32B,6.40%,$4.94B,$0.19B,3.91%,$0.19B,$1.43B,14.83%,$0.19B,$1.18B,18.35%,$0.19B,$2.77B,7.45%,$0.33B,$1.57B,22.59%,$1114,$783,$330,$0,$264,$1049,$64,$-2,$62,$25,$37,$37,$37,$92,$64,$119,125,$0.31,$0.30,$533,$1055,$0,$1721,$713,$14,$252,$52,$1053,$2774,$947,$140,$0,$395,$1342,$1,$768,$9,$1432,$2774,$37,$27,$1,$28,$-5,$-158,$142,$-26,$-80,$-14,$-33,$0,$0,$0,$0,$0,$-2,$-35,$-0,$0,$-0,$14,$14,$0,$22,$36,$-14,$7,$0
30,2011-01-31,28.98,$11.48,2.52,$40.20,0.72,$0.51,56.63,$1.50,19.32,$1.56B,$0.85B,1.84,$0.14B,$1.36B,0.1,$4.87B,$1.45B,29.74%,$4.87B,$0.31B,6.34%,$4.87B,$0.31B,6.34%,$4.87B,$0.42B,8.60%,$4.87B,$0.30B,6.12%,$4.87B,$0.18B,3.74%,$0.18B,$1.36B,14.84%,$0.18B,$1.11B,18.62%,$0.18B,$2.60B,7.32%,$0.31B,$1.50B,22.58%,$1519,$1039,$480,$0,$332,$1373,$146,$-2,$144,$56,$87,$87,$87,$176,$146,$116,122,$0.75,$0.71,$546,$897,$0,$1564,$685,$0,$252,$69,$1033,$2598,$849,$140,$0,$385,$1234,$1,$730,$7,$1364,$2598,$182,$110,$23,$134,$9,$-1,$-2,$32,$74,$390,$-159,$0,$0,$0,$0,$0,$-2,$-161,$-1,$0,$-1,$53,$53,$0,$40,$92,$320,$25,$0
31,2010-10-31,23.14,$10.49,2.21,$39.05,0.59,$0.83,27.95,$1.35,17.14,$1.49B,$0.94B,1.58,$0.15B,$1.22B,0.12,$4.69B,$1.36B,28.98%,$4.69B,$0.28B,5.88%,$4.69B,$0.28B,5.88%,$4.69B,$0.38B,8.12%,$4.69B,$0.27B,5.69%,$4.69B,$0.16B,3.45%,$0.16B,$1.22B,14.01%,$0.16B,$0.97B,17.84%,$0.16B,$2.55B,6.75%,$0.28B,$1.37B,21.26%,$1079,$772,$307,$0,$272,$1051,$28,$-2,$26,$9,$17,$17,$17,$56,$28,$116,121,$0.15,$0.14,$159,$1162,$0,$1488,$693,$12,$248,$58,$1063,$2552,$941,$146,$0,$388,$1330,$1,$643,$7,$1222,$2552,$95,$80,$11,$91,$-10,$-266,$146,$-39,$-203,$-18,$-117,$0,$0,$0,$0,$0,$11,$-107,$-1,$0,$-1,$19,$19,$0,$40,$58,$-66,$18,$0
32,2010-07-31,21.13,$10.26,2.06,$38.50,0.55,$2.01,10.52,$1.37,15.42,$1.39B,$0.88B,1.58,$0.14B,$1.19B,0.12,$4.60B,$1.32B,28.67%,$4.60B,$0.28B,6.09%,$4.60B,$0.28B,6.09%,$4.60B,$0.38B,8.30%,$4.60B,$0.27B,5.93%,$4.60B,$0.16B,3.56%,$0.16B,$1.19B,14.88%,$0.16B,$0.94B,19.20%,$0.16B,$2.44B,7.04%,$0.28B,$1.33B,22.83%,$1226,$866,$360,$0,$271,$1138,$88,$-4,$84,$32,$52,$52,$52,$114,$88,$116,121,$0.44,$0.43,$278,$986,$0,$1385,$678,$11,$248,$41,$1050,$2435,$877,$141,$0,$369,$1246,$1,$626,$7,$1189,$2435,$78,$52,$-6,$46,$-4,$-90,$74,$-27,$-57,$67,$-62,$0,$0,$0,$0,$0,$6,$-56,$-0,$0,$-0,$9,$9,$0,$33,$42,$53,$13,$0
33,2010-04-30,23.37,$9.77,2.39,$37.98,0.62,$2.75,8.51,$1.27,18.4,$1.34B,$0.86B,1.55,$0.14B,$1.13B,0.13,$4.50B,$1.27B,28.19%,$4.50B,$0.26B,5.69%,$4.50B,$0.26B,5.69%,$4.50B,$0.36B,7.95%,$4.50B,$0.25B,5.62%,$4.50B,$0.15B,3.35%,$0.15B,$1.13B,14.45%,$0.15B,$0.88B,18.95%,$0.15B,$2.36B,6.76%,$0.26B,$1.27B,22.45%,$1048,$745,$302,$0,$253,$1001,$47,$-3,$44,$18,$26,$26,$26,$73,$47,$115,120,$0.23,$0.22,$207,$1010,$0,$1335,$655,$13,$248,$39,$1026,$2361,$861,$141,$0,$370,$1231,$1,$575,$8,$1131,$2361,$26,$26,$-16,$10,$2,$-114,$96,$-22,$-49,$-14,$-24,$0,$0,$0,$0,$0,$0,$-24,$-0,$0,$-0,$8,$8,$0,$11,$19,$-19,$6,$0
34,2010-01-31,17.96,$9.44,1.9,$37.54,0.48,$3.08,5.83,$1.14,15.76,$1.22B,$0.80B,1.54,$0.14B,$1.08B,0.13,$4.41B,$1.22B,27.57%,$4.41B,$0.23B,5.12%,$4.41B,$0.23B,5.12%,$4.41B,$0.33B,7.41%,$4.41B,$0.22B,5.07%,$4.41B,$0.14B,3.06%,$0.14B,$1.08B,13.64%,$0.14B,$0.84B,18.19%,$0.14B,$2.25B,6.25%,$0.23B,$1.22B,20.90%,$1337,$947,$390,$0,$277,$1224,$113,$-1,$113,$45,$67,$67,$67,$138,$113,$113,118,$0.59,$0.57,$226,$896,$0,$1222,$662,$11,$248,$36,$1023,$2245,$796,$141,$0,$366,$1162,$1,$548,$7,$1083,$2245,$135,$101,$17,$119,$7,$-41,$133,$-5,$147,$401,$-140,$0,$0,$0,$0,$0,$32,$-109,$-3,$-173,$-175,$11,$11,$0,$22,$-142,$151,$21,$0
35,2009-10-31,18.22,$8.79,2.07,$37.02,0.49,$0.61,29.97,$-0.35,0.0,$1.27B,$0.84B,1.51,$0.07B,$1.01B,0.07,$4.29B,$1.18B,27.51%,$4.29B,$0.02B,0.47%,$4.29B,$0.02B,0.47%,$4.29B,$0.29B,6.70%,$4.29B,$0.01B,0.28%,$4.29B,$-0.04B,-0.89%,$-0.04B,$1.01B,-4.03%,$-0.04B,$0.76B,-5.47%,$-0.04B,$2.27B,-1.82%,$0.02B,$1.08B,1.92%,$990,$723,$267,$0,$230,$958,$32,$-0,$32,$13,$19,$19,$19,$57,$32,$113,119,$0.17,$0.16,$40,$1103,$0,$1269,$496,$9,$248,$35,$1005,$2274,$841,$72,$140,$426,$1267,$1,$481,$6,$1007,$2274,$68,$76,$-8,$68,$7,$-249,$232,$-34,$-41,$96,$-88,$0,$0,$0,$0,$0,$24,$-64,$-2,$-110,$-112,$9,$9,$0,$36,$-67,$-35,$16,$0
36,2009-07-31,15.94,$8.51,1.87,$36.60,0.44,$-1.56,0.0,$-0.45,0.0,$1.09B,$0.75B,1.45,$0.03B,$0.96B,0.03,$4.22B,$1.17B,27.61%,$4.22B,$0.00B,0.05%,$4.22B,$0.00B,0.05%,$4.22B,$0.27B,6.38%,$4.22B,$-0.01B,-0.26%,$4.22B,$-0.05B,-1.21%,$-0.05B,$0.96B,-5.43%,$-0.05B,$0.71B,-7.82%,$-0.05B,$2.05B,-2.41%,$0.00B,$0.99B,0.18%,$1127,$817,$310,$0,$239,$1063,$64,$-0,$64,$25,$39,$39,$39,$90,$64,$112,117,$0.35,$0.33,$51,$945,$0,$1092,$495,$6,$247,$30,$958,$2050,$752,$28,$103,$340,$1092,$1,$462,$4,$958,$2050,$49,$52,$6,$58,$12,$-90,$148,$-37,$37,$144,$-52,$0,$0,$0,$0,$0,$22,$-30,$-2,$-153,$-155,$2,$2,$0,$16,$-137,$-24,$11,$0
37,2009-04-30,15.26,$8.11,1.88,$36.29,0.42,$-2.62,0.0,$-0.43,0.0,$1.13B,$0.75B,1.52,$0.13B,$0.91B,0.14,$4.18B,$1.18B,28.12%,$4.18B,$0.01B,0.31%,$4.18B,$0.01B,0.31%,$4.18B,$0.28B,6.65%,$4.18B,$-0.00B,-0.10%,$4.18B,$-0.05B,-1.20%,$-0.05B,$0.91B,-5.30%,$-0.05B,$0.66B,-8.09%,$-0.05B,$2.07B,-2.34%,$0.01B,$1.04B,1.12%,$960,$709,$250,$0,$226,$943,$17,$-2,$15,$5,$10,$10,$10,$42,$17,$112,116,$0.09,$0.09,$46,$980,$0,$1129,$512,$4,$247,$29,$942,$2071,$745,$125,$76,$415,$1159,$1,$423,$3,$912,$2071,$10,$25,$-1,$25,$15,$-125,$139,$-28,$-3,$32,$-29,$0,$0,$0,$0,$0,$12,$-18,$-2,$-56,$-58,$1,$1,$0,$14,$-43,$-29,$6,$0
38,2009-01-31,8.84,$7.95,1.11,$35.80,0.25,$-3.78,0.0,$-0.34,0.0,$1.05B,$0.61B,1.71,$0.18B,$0.89B,0.2,$4.13B,$1.18B,28.67%,$4.13B,$0.03B,0.73%,$4.13B,$0.03B,0.73%,$4.13B,$0.29B,7.07%,$4.13B,$0.01B,0.34%,$4.13B,$-0.04B,-0.97%,$-0.04B,$0.89B,-4.24%,$-0.04B,$0.65B,-6.89%,$-0.04B,$1.96B,-1.85%,$0.03B,$1.08B,2.49%,$1208,$855,$352,$0,$242,$1300,$-93,$-6,$-99,$7,$-106,$-106,$-106,$98,$-93,$112,112,$-0.96,$-0.92,$75,$855,$0,$1050,$516,$3,$247,$26,$912,$1962,$613,$181,$52,$455,$1068,$1,$413,$2,$894,$1962,$-40,$263,$6,$269,$3,$30,$-57,$26,$-69,$160,$-189,$0,$0,$0,$0,$0,$45,$-144,$-7,$0,$-7,$12,$12,$0,$4,$9,$25,$26,$0
39,2008-10-31,12.3,$8.85,1.39,$35.40,0.35,$-2.74,0.0,$1.21,10.17,$1.37B,$0.80B,1.71,$0.37B,$0.99B,0.37,$4.14B,$1.21B,29.21%,$4.14B,$0.25B,6.00%,$4.14B,$0.25B,6.00%,$4.14B,$0.35B,8.34%,$4.14B,$0.23B,5.49%,$4.14B,$0.14B,3.26%,$0.14B,$0.99B,14.31%,$0.14B,$0.59B,24.76%,$0.14B,$2.37B,6.19%,$0.25B,$1.36B,20.61%,$924,$671,$253,$0,$229,$911,$14,$-5,$9,$3,$6,$6,$6,$39,$14,$112,117,$0.06,$0.05,$42,$1142,$0,$1365,$550,$2,$403,$23,$1005,$2370,$798,$366,$2,$581,$1379,$1,$538,$1,$991,$2370,$66,$71,$-1,$71,$-2,$-255,$137,$3,$-225,$-88,$-158,$0,$0,$0,$0,$0,$24,$-133,$-0,$185,$185,$10,$10,$0,$18,$213,$-9,$20,$0
40,2008-07-31,14.09,$8.73,1.61,$34.57,0.41,$-1.50,0.0,$1.25,11.27,$1.12B,$0.74B,1.51,$0.19B,$0.98B,0.2,$4.05B,$1.19B,29.48%,$4.05B,$0.26B,6.32%,$4.05B,$0.26B,6.32%,$4.05B,$0.35B,8.52%,$4.05B,$0.24B,5.88%,$4.05B,$0.14B,3.48%,$0.14B,$0.98B,15.72%,$0.14B,$0.57B,27.43%,$0.14B,$2.13B,6.70%,$0.26B,$1.17B,22.34%,$1086,$767,$320,$0,$238,$1011,$75,$-4,$71,$31,$40,$40,$40,$99,$75,$111,117,$0.36,$0.34,$52,$913,$0,$1115,$541,$0,$402,$51,$1011,$2126,$738,$191,$16,$413,$1151,$1,$531,$2,$975,$2126,$60,$46,$-3,$43,$-2,$-25,$62,$-4,$-28,$74,$-106,$0,$0,$0,$0,$0,$16,$-90,$-0,$10,$10,$7,$7,$0,$0,$17,$1,$15,$0
41,2008-04-30,22.96,$8.25,2.79,$34.05,0.67,$-0.91,0.0,$1.32,17.46,$1.17B,$0.73B,1.59,$0.30B,$0.92B,0.33,$3.98B,$1.17B,29.49%,$3.98B,$0.26B,6.64%,$3.98B,$0.26B,6.64%,$3.98B,$0.35B,8.83%,$3.98B,$0.25B,6.21%,$3.98B,$0.15B,3.75%,$0.15B,$0.92B,17.59%,$0.15B,$0.52B,30.77%,$0.15B,$2.19B,7.32%,$0.26B,$1.22B,23.86%,$912,$653,$259,$0,$220,$878,$34,$-1,$33,$13,$20,$20,$20,$56,$34,$111,117,$0.18,$0.17,$47,$971,$0,$1167,$547,$0,$402,$43,$1024,$2191,$734,$303,$31,$538,$1272,$1,$490,$1,$918,$2191,$20,$22,$-8,$14,$8,$-83,$38,$-14,$-120,$-86,$-47,$0,$0,$0,$0,$0,$0,$-47,$-0,$121,$121,$2,$2,$0,$6,$130,$-3,$5,$0
42,2008-01-31,26.1,$7.99,3.27,$33.47,0.78,$-0.23,0.0,$1.33,19.7,$1.07B,$0.76B,1.4,$0.18B,$0.89B,0.2,$3.89B,$1.16B,29.78%,$3.89B,$0.27B,6.92%,$3.89B,$0.27B,6.92%,$3.89B,$0.35B,9.03%,$3.89B,$0.25B,6.43%,$3.89B,$0.15B,3.88%,$0.15B,$0.89B,19.14%,$0.15B,$0.50B,33.82%,$0.15B,$2.04B,7.73%,$0.27B,$1.07B,25.44%,$1213,$836,$376,$0,$250,$1088,$125,$-10,$114,$46,$69,$69,$69,$151,$125,$109,117,$0.63,$0.59,$50,$887,$0,$1070,$532,$3,$384,$16,$966,$2036,$762,$181,$24,$385,$1147,$1,$469,$2,$889,$2036,$151,$82,$-32,$50,$-11,$-127,$12,$48,$62,$263,$-172,$0,$-291,$0,$0,$0,$28,$-435,$-1,$0,$-1,$35,$35,$0,$53,$87,$-86,$29,$0
43,2007-10-31,26.79,$7.26,3.69,$32.32,0.83,$-1.22,0.0,$1.31,20.53,$1.18B,$0.76B,1.56,$0.32B,$0.81B,0.4,$3.70B,$1.10B,29.77%,$3.70B,$0.26B,7.00%,$3.70B,$0.26B,7.00%,$3.70B,$0.33B,8.94%,$3.70B,$0.25B,6.73%,$3.70B,$0.15B,4.05%,$0.15B,$0.81B,20.78%,$0.15B,$0.46B,34.54%,$0.15B,$2.07B,8.21%,$0.26B,$1.13B,26.16%,$839,$600,$239,$0,$209,$817,$22,$-2,$20,$8,$12,$12,$12,$39,$22,$111,118,$0.11,$0.10,$40,$1025,$0,$1180,$504,$0,$343,$31,$890,$2071,$755,$321,$13,$510,$1265,$1,$396,$3,$806,$2071,$82,$56,$-18,$38,$-25,$-312,$151,$22,$-102,$18,$-120,$0,$-222,$0,$0,$0,$18,$-324,$-0,$140,$140,$32,$32,$0,$38,$210,$-96,$22,$0
44,2007-07-31,22.58,$7.02,3.22,$31.62,0.71,$-1.72,0.0,$1.28,17.71,$0.95B,$0.64B,1.47,$0.23B,$0.78B,0.3,$3.57B,$1.05B,29.52%,$3.57B,$0.25B,7.08%,$3.57B,$0.25B,7.08%,$3.57B,$0.32B,8.99%,$3.57B,$0.24B,6.78%,$3.57B,$0.15B,4.09%,$0.15B,$0.78B,22.57%,$0.15B,$0.45B,35.96%,$0.15B,$1.85B,8.57%,$0.25B,$1.01B,27.93%,$1013,$715,$299,$0,$213,$930,$83,$-4,$80,$32,$48,$48,$48,$105,$83,$109,116,$0.44,$0.41,$50,$792,$0,$948,$499,$0,$320,$72,$899,$1846,$643,$233,$8,$429,$1072,$1,$384,$3,$775,$1846,$70,$38,$-21,$17,$-12,$-79,$58,$12,$26,$113,$-77,$0,$-221,$0,$0,$0,$9,$-289,$-0,$52,$52,$27,$27,$0,$11,$91,$-85,$15,$0
45,2007-04-30,22.52,$6.35,3.55,$29.54,0.76,$-2.59,0.0,$1.10,20.57,$0.98B,$0.64B,1.52,$0.34B,$0.69B,0.5,$3.29B,$0.96B,29.22%,$3.29B,$0.22B,6.56%,$3.29B,$0.22B,6.56%,$3.29B,$0.28B,8.35%,$3.29B,$0.21B,6.23%,$3.29B,$0.12B,3.77%,$0.12B,$0.69B,21.65%,$0.12B,$0.37B,33.24%,$0.12B,$1.86B,7.85%,$0.22B,$1.03B,26.06%,$824,$579,$244,$0,$198,$784,$39,$-3,$36,$14,$22,$22,$22,$56,$39,$107,114,$0.20,$0.19,$41,$818,$0,$975,$490,$0,$320,$63,$888,$1863,$642,$339,$15,$536,$1178,$1,$336,$3,$686,$1863,$22,$16,$-4,$13,$-2,$-106,$71,$1,$-42,$-7,$-45,$0,$-221,$0,$0,$0,$0,$-267,$-0,$159,$159,$17,$17,$0,$3,$179,$-95,$7,$0
46,2007-01-31,20.67,$5.84,3.54,$28.25,0.73,$-2.83,0.0,$1.01,20.47,$0.87B,$0.57B,1.54,$0.18B,$0.62B,0.29,$3.11B,$0.90B,28.78%,$3.11B,$0.20B,6.36%,$3.11B,$0.20B,6.36%,$3.11B,$0.25B,8.13%,$3.11B,$0.19B,6.04%,$3.11B,$0.11B,3.63%,$0.11B,$0.62B,22.11%,$0.11B,$0.46B,32.06%,$0.11B,$1.52B,7.82%,$0.20B,$0.80B,26.76%,$1026,$706,$320,$0,$204,$911,$115,$-2,$113,$45,$68,$68,$68,$131,$115,$103,111,$0.65,$0.61,$136,$641,$0,$870,$433,$3,$166,$22,$654,$1524,$565,$181,$13,$339,$904,$1,$315,$2,$621,$1524,$113,$55,$-8,$46,$-2,$-106,$24,$17,$-19,$140,$-163,$0,$0,$0,$0,$0,$33,$-130,$-0,$0,$-0,$27,$27,$0,$64,$90,$99,$24,$0
47,2006-10-31,19.98,$4.91,4.06,$26.86,0.74,$-2.45,0.0,$0.91,21.95,$0.92B,$0.63B,1.47,$0.28B,$0.51B,0.56,$2.94B,$0.83B,28.40%,$2.94B,$0.18B,5.99%,$2.94B,$0.18B,5.99%,$2.94B,$0.23B,7.80%,$2.94B,$0.17B,5.62%,$2.94B,$0.10B,3.37%,$0.10B,$0.51B,21.55%,$0.10B,$0.35B,32.65%,$0.10B,$1.58B,7.28%,$0.18B,$0.79B,25.55%,$708,$517,$191,$0,$167,$693,$16,$-3,$13,$5,$8,$8,$8,$29,$16,$103,111,$0.08,$0.07,$35,$787,$0,$921,$426,$0,$157,$52,$657,$1578,$626,$283,$22,$446,$1071,$1,$248,$2,$506,$1578,$45,$39,$-1,$38,$-27,$-251,$128,$-1,$-125,$-42,$-109,$0,$0,$0,$0,$0,$8,$-102,$-0,$102,$102,$13,$13,$0,$27,$142,$-1,$19,$0
