,Date,Stock Price,Book Value per Share,Price to Book Ratio,TTM Sales per Share,Price to Sales Ratio,TTM FCF per Share,Price to FCF Ratio,TTM Net EPS,PE Ratio,Current Assets,Current Liabilities,Current Ratio,Long Term Debt,Shareholder's Equity_x,Debt to Equity Ratio,TTM Revenue_x,TTM Gross Profit,Gross Margin,TTM Revenue_y,TTM Operating Income,Operating Margin,TTM Revenue_x,TTM EBIT,EBIT Margin,TTM Revenue_y,TTM EBITDA,EBITDA Margin,TTM Revenue_x,TTM Pre-Tax Income,Pre-Tax Margin,TTM Revenue_y,TTM Net Income_x,Net Margin,TTM Net Income_y,Shareholder's Equity_y,Return on Equity,TTM Net Income_x,Tangible Equity,Return on Tangible Equity,TTM Net Income_y,Total Assets,Return on Assets,TTM Net Income,LT Investments & Debt,Return on Investment,revenue,cost-goods-sold,gross-profit,research-development-expenses,selling-general-administrative-expenses,operating-expenses,operating-income,total-non-operating-income-expense,pre-tax-income,total-provision-income-taxes,income-after-taxes,income-from-continuous-operations,net-income,ebitda,ebit,basic-shares-outstanding,shares-outstanding,eps-basic-net-earnings-per-share,eps-earnings-per-share-diluted,cash-on-hand,inventory,other-current-assets,total-current-assets,net-property-plant-equipment,long-term-investments,goodwill-intangible-assets-total,other-long-term-assets,total-long-term-assets,total-assets,total-current-liabilities,long-term-debt,other-non-current-liabilities,total-long-term-liabilities,total-liabilities,common-stock-net,retained-earnings-accumulated-deficit,comprehensive-income,total-share-holder-equity,total-liabilities-share-holders-equity,net-income-loss,total-depreciation-amortization-cash-flow,other-non-cash-items,total-non-cash-items,change-in-accounts-receivable,change-in-inventories,change-in-accounts-payable,change-in-assets-liabilities,total-change-in-assets-liabilities,cash-flow-from-operating-activities,net-change-in-property-plant-equipment,net-change-in-intangible-assets,net-acquisitions-divestitures,net-change-in-short-term-investments,net-change-in-long-term-investments,net-change-in-investments-total,investing-activities-other,cash-flow-from-investing-activities,net-long-term-debt,net-current-debt,debt-issuance-retirement-net-total,net-common-equity-issued-repurchased,net-total-equity-issued-repurchased,total-common-preferred-stock-dividends-paid,financial-activities-other,cash-flow-from-financial-activities,net-cash-flow,stock-based-compensation,common-stock-dividends-paid
0,2018-09-30,69.97,$21.27,3.29,$11.07,6.32,$4.87,14.36,$0.64,109.33,$1.30B,$0.27B,4.78,$0.00B,$2.20B,0.0,$1.17B,$1.04B,89.07%,$1.17B,$0.30B,25.62%,$1.17B,$0.30B,25.62%,$1.17B,$0.38B,32.79%,$1.17B,$0.31B,26.73%,$1.17B,$0.12B,10.42%,$0.12B,$2.20B,5.68%,$0.12B,$1.68B,7.43%,$0.12B,$2.66B,4.67%,$0.30B,$2.20B,13.96%,$265,$32,$233,$61,$136,$229,$37,$5,$42,$-8,$50,$50,$50,$57,$37,$103,107,$0.50,$0.50,$1103,$26,$0,$1302,$514,$188,$512,$42,$1357,$2659,$272,$0,$151,$191,$463,$0,$2139,$-16,$2196,$2659,$123,$84,$171,$255,$-66,$-7,$0,$-9,$-26,$352,$-73,$-13,$-23,$0,$186,$186,$0,$78,$0,$0,$0,$-44,$-44,$-66,$-23,$-134,$291,$71,$-66
1,2018-06-30,61.54,$21.12,2.91,$10.93,5.63,$4.95,12.42,$0.85,72.4,$1.24B,$0.24B,5.16,$0.00B,$2.19B,0.0,$1.15B,$1.02B,89.11%,$1.15B,$0.29B,24.91%,$1.15B,$0.29B,24.91%,$1.15B,$0.37B,32.32%,$1.15B,$0.30B,25.87%,$1.15B,$0.09B,8.19%,$0.09B,$2.19B,4.40%,$0.09B,$1.69B,5.76%,$0.09B,$2.67B,3.64%,$0.29B,$2.19B,13.39%,$317,$34,$283,$60,$128,$223,$95,$2,$97,$13,$83,$83,$83,$116,$95,$104,107,$0.80,$0.78,$1033,$24,$0,$1239,$502,$243,$499,$42,$1431,$2670,$240,$0,$204,$242,$482,$0,$2106,$-13,$2188,$2670,$73,$63,$108,$172,$-78,$-1,$0,$-15,$-4,$240,$-55,$-13,$-7,$0,$115,$115,$-0,$40,$0,$0,$0,$-5,$-5,$-50,$-22,$-76,$203,$53,$-50
2,2018-03-31,63.24,$20.69,3.06,$10.90,5.8,$5.29,11.96,$0.80,79.05,$1.16B,$0.21B,5.42,$0.00B,$2.15B,0.0,$1.14B,$1.01B,89.18%,$1.14B,$0.29B,25.24%,$1.14B,$0.29B,25.24%,$1.14B,$0.37B,32.72%,$1.14B,$0.30B,26.03%,$1.14B,$0.09B,7.65%,$0.09B,$2.15B,4.11%,$0.09B,$1.65B,5.39%,$0.09B,$2.61B,3.44%,$0.29B,$2.15B,13.54%,$301,$31,$270,$59,$125,$215,$86,$3,$89,$19,$71,$71,$71,$108,$86,$104,107,$0.68,$0.66,$954,$24,$0,$1155,$501,$262,$508,$39,$1452,$2607,$213,$0,$202,$240,$453,$0,$2039,$-6,$2154,$2607,$-11,$42,$87,$129,$-69,$-0,$0,$-13,$-21,$98,$-40,$-12,$-7,$0,$54,$54,$-1,$-5,$0,$0,$0,$36,$36,$-33,$-21,$-18,$79,$36,$-33
3,2017-12-31,61.53,$19.91,3.09,$10.66,5.77,$5.78,10.64,$0.63,97.67,$1.04B,$0.22B,4.64,$0.00B,$2.06B,0.0,$1.10B,$0.98B,89.21%,$1.10B,$0.26B,23.93%,$1.10B,$0.26B,23.93%,$1.10B,$0.35B,31.73%,$1.10B,$0.27B,24.75%,$1.10B,$0.07B,6.07%,$0.07B,$2.06B,3.20%,$0.07B,$1.55B,4.23%,$0.07B,$2.52B,2.70%,$0.26B,$2.06B,12.62%,$288,$31,$257,$56,$118,$206,$82,$3,$85,$166,$-81,$-81,$-82,$103,$82,$103,103,$-0.80,$-0.80,$857,$25,$0,$1036,$493,$304,$506,$36,$1479,$2515,$223,$0,$199,$236,$459,$0,$1985,$-8,$2056,$2515,$-81,$21,$71,$92,$-50,$-1,$0,$-6,$7,$17,$-19,$-11,$0,$0,$3,$3,$-0,$-27,$0,$0,$0,$11,$11,$-16,$-16,$-21,$-31,$19,$-16
4,2017-09-30,56.93,$20.99,2.71,$10.41,5.47,$6.27,9.08,$1.94,29.35,$1.01B,$0.25B,4.12,$0.00B,$2.14B,0.0,$1.08B,$0.96B,89.08%,$1.08B,$0.25B,22.94%,$1.08B,$0.25B,22.94%,$1.08B,$0.34B,31.08%,$1.08B,$0.26B,23.68%,$1.08B,$0.20B,18.69%,$0.20B,$2.14B,9.72%,$0.20B,$1.64B,12.87%,$0.20B,$2.53B,8.31%,$0.25B,$2.14B,11.94%,$242,$29,$213,$58,$119,$219,$23,$3,$26,$5,$22,$22,$22,$44,$23,$102,103,$0.20,$0.22,$882,$25,$0,$1011,$485,$314,$501,$31,$1522,$2534,$246,$0,$108,$144,$390,$0,$2083,$-8,$2144,$2534,$202,$87,$40,$127,$1,$-12,$0,$-12,$49,$378,$-100,$-5,$0,$0,$-53,$-53,$-4,$-162,$0,$0,$0,$-30,$-30,$-57,$-20,$-107,$111,$65,$-57
5,2017-06-30,48.33,$20.82,2.32,$10.35,4.67,$6.11,7.92,$1.96,24.66,$0.98B,$0.21B,4.58,$0.00B,$2.12B,0.0,$1.07B,$0.95B,88.90%,$1.07B,$0.25B,23.69%,$1.07B,$0.25B,23.69%,$1.07B,$0.34B,32.00%,$1.07B,$0.26B,24.35%,$1.07B,$0.20B,19.03%,$0.20B,$2.12B,10.02%,$0.20B,$1.62B,13.40%,$0.20B,$2.47B,8.59%,$0.25B,$2.12B,12.47%,$306,$32,$274,$60,$118,$210,$96,$0,$96,$20,$76,$76,$76,$117,$96,$102,104,$0.75,$0.73,$846,$20,$0,$978,$476,$303,$506,$30,$1495,$2473,$213,$0,$101,$137,$351,$0,$2076,$-12,$2122,$2473,$180,$67,$41,$108,$-8,$-7,$0,$-10,$9,$297,$-82,$-5,$0,$0,$-42,$-42,$-3,$-131,$0,$0,$0,$-27,$-27,$-43,$-19,$-89,$77,$49,$-43
6,2017-03-31,51.59,$20.07,2.57,$10.12,5.1,$6.05,8.53,$1.85,27.89,$0.87B,$0.21B,4.09,$0.00B,$2.04B,0.0,$1.04B,$0.93B,89.27%,$1.04B,$0.24B,22.89%,$1.04B,$0.24B,22.89%,$1.04B,$0.33B,31.51%,$1.04B,$0.25B,23.66%,$1.04B,$0.19B,18.39%,$0.19B,$2.04B,9.64%,$0.19B,$1.53B,13.06%,$0.19B,$2.39B,8.27%,$0.24B,$2.04B,12.01%,$267,$27,$240,$58,$119,$204,$63,$3,$66,$15,$51,$51,$51,$86,$63,$102,104,$0.50,$0.49,$733,$18,$0,$872,$471,$327,$512,$29,$1516,$2388,$213,$0,$96,$132,$345,$0,$2014,$-15,$2043,$2388,$104,$45,$26,$71,$-14,$-3,$0,$-11,$-16,$159,$-51,$-5,$0,$0,$-10,$-10,$-2,$-68,$0,$0,$0,$-26,$-26,$-28,$-18,$-72,$16,$33,$-28
7,2016-12-31,44.35,$19.64,2.26,$10.24,4.33,$6.07,7.3,$2.02,21.96,$0.81B,$0.21B,3.92,$0.00B,$2.00B,0.0,$1.05B,$0.94B,89.63%,$1.05B,$0.26B,24.55%,$1.05B,$0.26B,24.55%,$1.05B,$0.35B,33.02%,$1.05B,$0.27B,25.21%,$1.05B,$0.21B,19.79%,$0.21B,$2.00B,10.70%,$0.21B,$1.49B,14.66%,$0.21B,$2.33B,9.18%,$0.26B,$2.00B,13.28%,$266,$30,$236,$58,$113,$200,$66,$2,$68,$14,$54,$54,$53,$89,$66,$101,104,$0.53,$0.51,$683,$15,$0,$811,$460,$350,$514,$24,$1520,$2331,$207,$0,$88,$123,$330,$0,$1977,$-20,$2001,$2331,$54,$22,$14,$36,$-6,$1,$0,$-9,$-19,$71,$-23,$0,$0,$0,$-3,$-3,$-1,$-27,$0,$0,$0,$-11,$-11,$-14,$-17,$-42,$-3,$17,$-14
8,2016-09-30,53.13,$19.51,2.72,$10.04,5.29,$6.03,8.81,$1.81,29.35,$0.76B,$0.21B,3.57,$0.00B,$1.98B,0.0,$1.03B,$0.92B,89.38%,$1.03B,$0.23B,22.51%,$1.03B,$0.23B,22.51%,$1.03B,$0.32B,31.29%,$1.03B,$0.24B,23.00%,$1.03B,$0.19B,18.13%,$0.19B,$1.98B,9.81%,$0.19B,$1.45B,13.60%,$0.19B,$2.31B,8.41%,$0.23B,$1.98B,12.18%,$233,$30,$203,$59,$114,$204,$29,$2,$31,$7,$24,$24,$24,$51,$29,$101,102,$0.24,$0.23,$641,$16,$0,$760,$444,$394,$525,$21,$1550,$2310,$213,$0,$83,$118,$331,$0,$1938,$-10,$1979,$2310,$186,$89,$47,$136,$25,$-3,$0,$-4,$38,$360,$-101,$-121,$0,$0,$-60,$-60,$-1,$-282,$0,$0,$0,$-30,$-30,$-48,$-14,$-92,$-16,$67,$-48
9,2016-06-30,46.71,$19.24,2.43,$10.01,4.67,$4.96,9.42,$2.01,23.24,$0.87B,$0.21B,4.11,$0.00B,$1.94B,0.0,$1.03B,$0.92B,89.77%,$1.03B,$0.24B,23.20%,$1.03B,$0.24B,23.20%,$1.03B,$0.33B,31.77%,$1.03B,$0.27B,26.22%,$1.03B,$0.21B,20.37%,$0.21B,$1.94B,11.26%,$0.21B,$1.41B,15.49%,$0.21B,$2.26B,9.64%,$0.24B,$1.94B,12.83%,$278,$25,$253,$55,$117,$196,$81,$1,$82,$18,$64,$64,$64,$103,$81,$101,103,$0.63,$0.62,$724,$19,$0,$872,$428,$266,$532,$15,$1391,$2263,$212,$0,$76,$111,$323,$0,$1927,$-10,$1940,$2263,$162,$67,$46,$113,$9,$-6,$0,$-3,$9,$284,$-77,$-119,$0,$0,$72,$72,$-3,$-126,$0,$0,$0,$-41,$-41,$-36,$-11,$-88,$68,$51,$-36
10,2016-03-31,42.31,$18.53,2.28,$9.53,4.44,$3.97,10.66,$1.73,24.46,$0.79B,$0.20B,3.96,$0.00B,$1.85B,0.0,$0.98B,$0.88B,89.29%,$0.98B,$0.20B,20.61%,$0.98B,$0.20B,20.61%,$0.98B,$0.29B,29.39%,$0.98B,$0.23B,23.88%,$0.98B,$0.18B,18.47%,$0.18B,$1.85B,9.89%,$0.18B,$1.33B,13.41%,$0.18B,$2.16B,8.46%,$0.20B,$1.85B,11.04%,$274,$24,$250,$52,$114,$192,$82,$1,$84,$16,$68,$68,$67,$104,$82,$100,102,$0.67,$0.66,$631,$17,$0,$786,$416,$268,$526,$13,$1373,$2159,$198,$0,$71,$106,$305,$0,$1854,$-8,$1854,$2159,$99,$46,$31,$77,$-2,$-4,$0,$2,$-18,$157,$-49,$-105,$0,$0,$85,$85,$-2,$-71,$0,$0,$0,$-62,$-62,$-24,$-11,$-97,$-11,$35,$-24
11,2015-12-31,32.66,$17.98,1.82,$9.45,3.46,$3.86,8.45,$1.63,20.03,$0.74B,$0.20B,3.76,$0.00B,$1.81B,0.0,$0.98B,$0.87B,89.16%,$0.98B,$0.20B,20.35%,$0.98B,$0.20B,20.35%,$0.98B,$0.28B,28.83%,$0.98B,$0.23B,23.52%,$0.98B,$0.17B,17.59%,$0.17B,$1.81B,9.47%,$0.17B,$1.28B,12.62%,$0.17B,$2.11B,8.08%,$0.20B,$1.81B,10.95%,$241,$30,$211,$53,$119,$202,$39,$0,$39,$8,$31,$31,$31,$63,$39,$101,102,$0.31,$0.30,$611,$14,$0,$738,$410,$267,$533,$12,$1376,$2114,$197,$0,$71,$105,$301,$0,$1816,$-13,$1812,$2114,$31,$23,$9,$32,$12,$-1,$0,$3,$4,$67,$-24,$-105,$0,$0,$51,$51,$-1,$-80,$0,$0,$0,$-29,$-29,$-12,$-10,$-51,$-65,$19,$-12
12,2015-09-30,31.53,$17.97,1.75,$9.33,3.38,$3.27,9.65,$1.73,18.22,$0.82B,$0.21B,3.92,$0.00B,$1.82B,0.0,$0.97B,$0.88B,90.22%,$0.97B,$0.21B,22.04%,$0.97B,$0.21B,22.04%,$0.97B,$0.29B,29.97%,$0.97B,$0.25B,25.23%,$0.97B,$0.18B,18.74%,$0.18B,$1.82B,10.10%,$0.18B,$1.38B,13.24%,$0.18B,$2.13B,8.64%,$0.21B,$1.82B,11.88%,$233,$25,$207,$51,$121,$197,$36,$28,$64,$17,$47,$47,$47,$56,$36,$102,104,$0.45,$0.45,$674,$14,$0,$821,$403,$321,$435,$9,$1312,$2133,$210,$0,$77,$108,$317,$0,$1801,$-11,$1816,$2133,$183,$78,$29,$107,$-7,$6,$0,$6,$19,$309,$-158,$-37,$-94,$0,$58,$58,$26,$-204,$0,$0,$0,$-79,$-79,$-41,$-19,$-139,$-37,$67,$-41
13,2015-06-30,38.27,$17.93,2.13,$9.28,4.12,$4.57,8.38,$1.74,21.99,$0.90B,$0.21B,4.28,$0.00B,$1.84B,0.0,$0.97B,$0.88B,91.61%,$0.97B,$0.24B,24.46%,$0.97B,$0.24B,24.46%,$0.97B,$0.31B,32.12%,$0.97B,$0.24B,25.08%,$0.97B,$0.18B,18.76%,$0.18B,$1.84B,10.17%,$0.18B,$1.41B,13.15%,$0.18B,$2.15B,8.75%,$0.24B,$1.84B,13.25%,$232,$25,$207,$46,$116,$187,$45,$2,$47,$12,$36,$36,$36,$65,$45,$103,104,$0.35,$0.34,$639,$20,$0,$896,$386,$373,$430,$10,$1256,$2152,$209,$0,$73,$102,$312,$0,$1765,$-7,$1840,$2152,$136,$58,$35,$93,$-9,$5,$0,$1,$-3,$226,$-120,$-23,$-94,$0,$-19,$-19,$0,$-255,$0,$0,$0,$-20,$-20,$-31,$-16,$-67,$-98,$51,$-31
14,2015-03-31,36.71,$17.56,2.09,$9.20,3.99,$5.84,6.29,$1.78,20.62,$0.94B,$0.22B,4.26,$0.00B,$1.80B,0.0,$0.96B,$0.88B,92.15%,$0.96B,$0.24B,25.31%,$0.96B,$0.24B,25.31%,$0.96B,$0.31B,32.64%,$0.96B,$0.25B,25.84%,$0.96B,$0.19B,19.35%,$0.19B,$1.80B,10.62%,$0.19B,$1.38B,13.57%,$0.19B,$2.12B,9.18%,$0.24B,$1.80B,13.89%,$272,$25,$247,$57,$112,$193,$79,$1,$80,$21,$59,$59,$58,$98,$79,$103,104,$0.57,$0.56,$704,$24,$0,$942,$358,$330,$419,$9,$1173,$2115,$221,$0,$65,$94,$316,$0,$1739,$-8,$1799,$2115,$100,$38,$25,$64,$-3,$1,$0,$0,$14,$178,$-78,$-6,$-94,$0,$5,$5,$-0,$-173,$0,$0,$0,$-20,$-20,$-20,$-15,$-56,$-54,$35,$-20
15,2014-12-31,41.37,$17.07,2.42,$9.27,4.47,$6.43,6.43,$1.95,21.22,$0.89B,$0.19B,4.64,$0.00B,$1.75B,0.0,$0.96B,$0.90B,92.94%,$0.96B,$0.27B,27.83%,$0.96B,$0.27B,27.83%,$0.96B,$0.33B,34.68%,$0.96B,$0.27B,28.04%,$0.96B,$0.20B,21.08%,$0.20B,$1.75B,11.90%,$0.20B,$1.33B,15.04%,$0.20B,$2.02B,10.35%,$0.27B,$1.75B,15.71%,$234,$19,$215,$49,$113,$181,$54,$1,$54,$12,$42,$42,$41,$72,$54,$102,104,$0.40,$0.40,$623,$28,$0,$892,$330,$318,$424,$9,$1130,$2022,$192,$0,$56,$79,$271,$0,$1692,$-2,$1751,$2022,$42,$19,$10,$29,$-22,$-3,$0,$1,$-67,$3,$-22,$-6,$-94,$0,$-4,$-4,$0,$-126,$0,$0,$0,$-9,$-9,$-10,$-14,$-34,$-159,$18,$-10
16,2014-09-30,40.0,$16.93,2.36,$9.26,4.32,$7.27,5.5,$1.98,20.2,$1.01B,$0.19B,5.31,$0.00B,$1.73B,0.0,$0.96B,$0.89B,92.71%,$0.96B,$0.27B,28.54%,$0.96B,$0.27B,28.54%,$0.96B,$0.34B,35.10%,$0.96B,$0.28B,28.85%,$0.96B,$0.21B,21.56%,$0.21B,$1.73B,12.51%,$0.21B,$1.39B,15.60%,$0.21B,$1.98B,10.91%,$0.27B,$1.73B,16.55%,$227,$12,$215,$47,$109,$169,$58,$2,$61,$14,$46,$46,$46,$75,$58,$102,104,$0.45,$0.45,$802,$9,$0,$1006,$290,$296,$341,$9,$978,$1984,$189,$0,$44,$63,$252,$0,$1660,$3,$1732,$1984,$209,$63,$59,$122,$10,$4,$0,$-8,$31,$362,$-75,$-38,$0,$0,$-93,$-93,$1,$-205,$0,$0,$0,$-23,$-23,$0,$-18,$-41,$114,$66,$0
17,2014-06-30,41.35,$16.51,2.5,$9.18,4.51,$6.94,5.96,$1.98,20.88,$0.99B,$0.19B,5.33,$0.00B,$1.69B,0.0,$0.95B,$0.87B,91.37%,$0.95B,$0.27B,28.74%,$0.95B,$0.27B,28.74%,$0.95B,$0.34B,35.26%,$0.95B,$0.28B,28.95%,$0.95B,$0.21B,21.79%,$0.21B,$1.69B,12.96%,$0.21B,$1.36B,16.25%,$0.21B,$1.94B,11.28%,$0.27B,$1.69B,17.09%,$223,$19,$204,$47,$108,$173,$51,$1,$52,$11,$41,$41,$40,$67,$51,$102,104,$0.39,$0.38,$775,$9,$0,$987,$252,$314,$330,$10,$952,$1939,$185,$0,$48,$67,$253,$0,$1615,$9,$1686,$1939,$162,$46,$40,$86,$2,$3,$0,$-10,$24,$272,$-34,$-20,$0,$0,$-57,$-57,$-0,$-111,$0,$0,$0,$-17,$-17,$0,$-7,$-24,$136,$49,$0
18,2014-03-31,42.6,$16.13,2.64,$9.04,4.71,$6.52,6.54,$1.89,22.54,$0.97B,$0.18B,5.48,$0.00B,$1.65B,0.0,$0.93B,$0.85B,90.69%,$0.93B,$0.26B,27.73%,$0.93B,$0.26B,27.73%,$0.93B,$0.32B,34.26%,$0.93B,$0.26B,27.94%,$0.93B,$0.20B,21.09%,$0.20B,$1.65B,12.81%,$0.20B,$1.33B,16.20%,$0.20B,$1.90B,11.15%,$0.26B,$1.65B,16.84%,$279,$18,$261,$45,$111,$174,$105,$-2,$103,$26,$77,$77,$76,$120,$105,$102,104,$0.74,$0.73,$741,$10,$0,$967,$243,$304,$327,$10,$929,$1897,$176,$0,$47,$67,$243,$0,$1575,$9,$1653,$1897,$122,$30,$28,$58,$-12,$2,$0,$-9,$-0,$179,$-18,$-12,$0,$0,$-34,$-34,$-0,$-64,$0,$0,$0,$6,$6,$0,$-7,$-1,$115,$33,$0
19,2013-12-31,36.91,$15.19,2.43,$8.79,4.2,$6.05,6.1,$1.76,20.97,$0.86B,$0.15B,5.72,$0.00B,$1.55B,0.0,$0.90B,$0.81B,89.82%,$0.90B,$0.24B,26.33%,$0.90B,$0.24B,26.33%,$0.90B,$0.30B,33.19%,$0.90B,$0.24B,26.88%,$0.90B,$0.18B,20.24%,$0.18B,$1.55B,12.39%,$0.18B,$1.23B,15.85%,$0.18B,$1.77B,10.77%,$0.24B,$1.55B,16.11%,$231,$21,$210,$44,$102,$171,$60,$1,$61,$15,$45,$45,$45,$75,$60,$102,103,$0.44,$0.43,$667,$8,$0,$859,$244,$294,$317,$11,$907,$1766,$150,$0,$46,$66,$216,$0,$1499,$7,$1550,$1766,$45,$15,$13,$28,$21,$2,$0,$-7,$4,$77,$-9,$0,$0,$0,$-29,$-29,$-0,$-38,$0,$0,$0,$-4,$-4,$0,$-6,$-9,$30,$15,$0
20,2013-09-30,33.03,$14.74,2.24,$8.83,3.74,$5.98,5.53,$1.83,18.05,$0.82B,$0.17B,4.74,$0.00B,$1.50B,0.0,$0.91B,$0.81B,89.34%,$0.91B,$0.25B,26.92%,$0.91B,$0.25B,26.92%,$0.91B,$0.31B,33.96%,$0.91B,$0.25B,27.58%,$0.91B,$0.19B,20.77%,$0.19B,$1.50B,13.25%,$0.19B,$1.18B,17.20%,$0.19B,$1.74B,11.48%,$0.25B,$1.50B,17.18%,$217,$23,$193,$41,$95,$160,$57,$2,$59,$13,$46,$46,$46,$73,$57,$102,103,$0.45,$0.45,$598,$10,$0,$819,$243,$306,$321,$12,$919,$1738,$173,$0,$45,$65,$238,$0,$1454,$8,$1500,$1738,$190,$63,$43,$106,$-54,$9,$0,$-0,$-20,$277,$-26,$-4,$0,$0,$207,$207,$-2,$175,$-0,$0,$-0,$-66,$-66,$-408,$-13,$-488,$-38,$64,$-408
21,2013-06-30,32.02,$14.25,2.25,$8.82,3.63,$5.63,5.69,$1.88,17.03,$0.72B,$0.15B,4.69,$0.00B,$1.45B,0.0,$0.92B,$0.82B,89.12%,$0.92B,$0.26B,28.29%,$0.92B,$0.26B,28.29%,$0.92B,$0.32B,35.26%,$0.92B,$0.27B,28.84%,$0.92B,$0.19B,21.11%,$0.19B,$1.45B,13.05%,$0.19B,$1.13B,16.79%,$0.19B,$1.67B,11.40%,$0.26B,$1.45B,17.48%,$207,$24,$183,$43,$97,$170,$37,$1,$38,$7,$31,$31,$30,$52,$37,$102,103,$0.30,$0.29,$518,$13,$0,$715,$246,$335,$323,$12,$953,$1667,$152,$0,$46,$65,$218,$0,$1409,$6,$1450,$1667,$144,$48,$35,$83,$-31,$6,$0,$11,$-18,$209,$-17,$-4,$0,$0,$210,$210,$-2,$187,$0,$0,$0,$-61,$-61,$-408,$-10,$-479,$-84,$50,$-408
22,2013-03-31,32.12,$13.85,2.32,$8.78,3.66,$6.23,5.16,$2.07,15.52,$0.68B,$0.15B,4.44,$0.00B,$1.41B,0.0,$0.92B,$0.83B,89.48%,$0.92B,$0.29B,31.56%,$0.92B,$0.29B,31.56%,$0.92B,$0.36B,38.50%,$0.92B,$0.30B,32.21%,$0.92B,$0.22B,23.43%,$0.22B,$1.41B,13.83%,$0.22B,$1.08B,17.49%,$0.22B,$1.63B,12.18%,$0.29B,$1.41B,18.63%,$249,$23,$226,$42,$100,$165,$84,$1,$85,$23,$62,$62,$62,$100,$84,$102,103,$0.61,$0.60,$453,$19,$0,$677,$249,$328,$329,$12,$949,$1627,$152,$0,$44,$66,$218,$0,$1378,$9,$1409,$1627,$114,$32,$21,$53,$-48,$-1,$0,$4,$-43,$124,$-12,$-4,$0,$0,$206,$206,$-1,$189,$0,$0,$0,$-58,$-58,$-408,$-10,$-476,$-164,$33,$-408
23,2012-12-31,28.07,$13.22,2.12,$8.75,3.21,$6.83,4.11,$2.19,12.82,$0.62B,$0.14B,4.28,$0.00B,$1.35B,0.0,$0.94B,$0.84B,89.53%,$0.94B,$0.33B,35.04%,$0.94B,$0.33B,35.04%,$0.94B,$0.39B,41.77%,$0.94B,$0.34B,35.79%,$0.94B,$0.24B,25.85%,$0.24B,$1.35B,14.61%,$0.24B,$1.01B,18.13%,$0.24B,$1.55B,12.99%,$0.33B,$1.35B,19.80%,$237,$26,$211,$42,$102,$170,$67,$2,$69,$18,$51,$51,$51,$84,$67,$102,104,$0.50,$0.50,$435,$21,$0,$619,$254,$308,$335,$12,$933,$1552,$144,$0,$40,$62,$206,$0,$1316,$11,$1346,$1552,$51,$17,$14,$31,$-8,$-6,$0,$10,$-15,$67,$-7,$-4,$0,$0,$236,$236,$-3,$222,$0,$0,$0,$-49,$-49,$-408,$-8,$-466,$-176,$18,$-408
24,2012-09-30,27.79,$16.91,1.64,$8.61,3.23,$7.01,3.97,$2.36,11.77,$0.97B,$0.16B,6.19,$0.00B,$1.74B,0.0,$0.93B,$0.84B,90.14%,$0.93B,$0.36B,38.80%,$0.93B,$0.36B,38.80%,$0.93B,$0.42B,45.34%,$0.93B,$0.37B,39.55%,$0.93B,$0.26B,28.30%,$0.26B,$1.74B,15.03%,$0.26B,$1.41B,18.33%,$0.26B,$1.96B,13.47%,$0.36B,$1.74B,20.61%,$226,$27,$199,$38,$89,$154,$72,$1,$73,$21,$52,$52,$51,$88,$72,$107,108,$0.51,$0.50,$795,$17,$0,$970,$255,$362,$338,$14,$991,$1961,$157,$0,$40,$61,$218,$0,$1709,$11,$1743,$1961,$265,$61,$48,$109,$19,$3,$0,$-3,$16,$390,$-165,$-0,$-13,$0,$-17,$-17,$-0,$-195,$-1,$0,$-1,$-251,$-251,$0,$-3,$-254,$-59,$48,$0
25,2012-06-30,35.04,$16.64,2.11,$8.72,4.02,$8.12,4.32,$2.58,13.58,$1.17B,$0.15B,7.67,$0.00B,$1.75B,0.0,$0.96B,$0.87B,90.59%,$0.96B,$0.40B,42.05%,$0.96B,$0.40B,42.05%,$0.96B,$0.46B,48.33%,$0.96B,$0.41B,43.20%,$0.96B,$0.29B,30.54%,$0.29B,$1.75B,16.76%,$0.29B,$1.45B,20.40%,$0.29B,$1.95B,15.05%,$0.40B,$1.75B,23.08%,$210,$21,$189,$35,$86,$142,$68,$2,$70,$19,$51,$51,$52,$83,$68,$106,107,$0.48,$0.48,$993,$13,$0,$1169,$140,$296,$306,$21,$785,$1954,$152,$0,$33,$50,$202,$0,$1658,$6,$1751,$1954,$213,$44,$27,$71,$15,$5,$0,$3,$29,$313,$-49,$-0,$-1,$0,$33,$33,$0,$-18,$0,$0,$0,$-174,$-174,$0,$-2,$-176,$119,$34,$0
26,2012-03-31,32.29,$16.63,1.94,$8.71,3.71,$8.03,4.02,$2.65,12.19,$1.29B,$0.15B,8.64,$0.00B,$1.79B,0.0,$0.97B,$0.87B,89.95%,$0.97B,$0.42B,43.73%,$0.97B,$0.42B,43.73%,$0.97B,$0.48B,50.16%,$0.97B,$0.43B,44.87%,$0.97B,$0.30B,31.30%,$0.30B,$1.79B,17.58%,$0.30B,$1.48B,21.52%,$0.30B,$1.99B,15.81%,$0.42B,$1.79B,24.56%,$263,$24,$239,$34,$83,$142,$121,$1,$123,$34,$88,$88,$88,$136,$121,$108,109,$0.81,$0.81,$1099,$17,$0,$1294,$136,$210,$310,$16,$691,$1985,$150,$0,$31,$48,$198,$0,$1606,$9,$1787,$1985,$162,$29,$15,$45,$4,$1,$0,$2,$8,$215,$-30,$0,$-1,$0,$95,$95,$0,$64,$0,$0,$0,$-80,$-80,$0,$-3,$-82,$196,$24,$0
27,2011-12-31,25.89,$16.04,1.61,$8.51,3.04,$7.70,3.36,$2.65,9.77,$1.23B,$0.15B,8.21,$0.00B,$1.74B,0.0,$0.95B,$0.85B,89.39%,$0.95B,$0.42B,44.22%,$0.95B,$0.42B,44.22%,$0.95B,$0.49B,50.95%,$0.95B,$0.43B,45.38%,$0.95B,$0.30B,31.09%,$0.30B,$1.74B,17.61%,$0.30B,$1.43B,21.74%,$0.30B,$1.94B,15.83%,$0.42B,$1.74B,25.04%,$234,$20,$214,$33,$79,$133,$101,$2,$103,$30,$73,$73,$73,$116,$101,$109,109,$0.67,$0.67,$1022,$34,$0,$1229,$124,$247,$312,$7,$710,$1939,$150,$0,$28,$45,$195,$0,$1518,$7,$1744,$1939,$73,$15,$5,$20,$8,$-7,$0,$1,$3,$96,$-12,$0,$-1,$0,$44,$44,$0,$32,$0,$0,$0,$-25,$-25,$0,$1,$-24,$103,$11,$0
28,2011-09-30,23.28,$15.40,1.51,$8.50,2.74,$7.48,3.11,$2.74,8.5,$1.16B,$0.16B,7.27,$0.00B,$1.69B,0.0,$0.96B,$0.85B,88.55%,$0.96B,$0.43B,44.64%,$0.96B,$0.43B,44.64%,$0.96B,$0.49B,51.09%,$0.96B,$0.44B,45.79%,$0.96B,$0.31B,32.15%,$0.31B,$1.69B,18.86%,$0.31B,$1.37B,23.53%,$0.31B,$1.88B,16.93%,$0.43B,$1.69B,26.19%,$249,$26,$224,$33,$76,$137,$112,$4,$117,$37,$79,$79,$79,$127,$112,$111,113,$0.73,$0.72,$943,$26,$0,$1159,$117,$273,$315,$6,$726,$1884,$159,$0,$23,$40,$199,$0,$1445,$8,$1685,$1884,$311,$61,$42,$103,$-9,$2,$0,$12,$-10,$404,$-44,$0,$-3,$0,$-190,$-190,$0,$-237,$0,$0,$0,$-164,$-164,$0,$2,$-162,$6,$44,$0
29,2011-06-30,36.03,$14.99,2.4,$8.26,4.36,$6.81,5.29,$2.60,13.86,$1.09B,$0.14B,8.01,$0.00B,$1.66B,0.0,$0.94B,$0.83B,88.09%,$0.94B,$0.41B,44.04%,$0.94B,$0.41B,44.04%,$0.94B,$0.47B,50.32%,$0.94B,$0.42B,44.89%,$0.94B,$0.30B,31.38%,$0.30B,$1.66B,18.54%,$0.30B,$1.33B,23.39%,$0.30B,$1.83B,16.55%,$0.41B,$1.66B,26.03%,$219,$28,$191,$34,$69,$131,$88,$3,$90,$28,$62,$62,$62,$105,$88,$111,112,$0.55,$0.55,$904,$23,$0,$1094,$108,$280,$323,$6,$737,$1831,$137,$0,$23,$39,$175,$0,$1366,$12,$1656,$1831,$231,$46,$20,$66,$14,$5,$0,$-1,$-3,$294,$-27,$0,$-3,$0,$-109,$-109,$0,$-140,$0,$0,$0,$-120,$-120,$0,$13,$-107,$49,$33,$0
30,2011-03-31,41.75,$14.67,2.85,$8.31,5.02,$6.47,6.45,$2.60,16.06,$1.02B,$0.15B,6.93,$0.00B,$1.64B,0.0,$0.95B,$0.83B,86.96%,$0.95B,$0.42B,44.37%,$0.95B,$0.42B,44.37%,$0.95B,$0.47B,49.84%,$0.95B,$0.43B,45.22%,$0.95B,$0.30B,31.13%,$0.30B,$1.64B,19.16%,$0.30B,$1.31B,24.38%,$0.30B,$1.83B,16.91%,$0.42B,$1.64B,27.29%,$250,$28,$222,$28,$73,$130,$120,$2,$122,$40,$82,$82,$82,$137,$120,$112,113,$0.73,$0.72,$787,$31,$0,$1022,$104,$347,$329,$6,$804,$1826,$148,$0,$24,$38,$186,$0,$1304,$10,$1640,$1826,$169,$29,$11,$40,$-20,$-3,$0,$-2,$-38,$172,$-17,$0,$-3,$0,$-130,$-130,$0,$-150,$0,$0,$0,$-60,$-60,$0,$11,$-49,$-26,$22,$0
31,2010-12-31,56.59,$14.03,4.03,$8.20,6.9,$6.54,8.65,$2.62,21.6,$0.92B,$0.14B,6.4,$0.00B,$1.57B,0.0,$0.94B,$0.82B,86.76%,$0.94B,$0.43B,45.97%,$0.94B,$0.43B,45.97%,$0.94B,$0.48B,50.95%,$0.94B,$0.44B,46.82%,$0.94B,$0.30B,31.78%,$0.30B,$1.57B,19.95%,$0.30B,$1.24B,25.59%,$0.30B,$1.76B,17.46%,$0.43B,$1.57B,28.82%,$243,$29,$214,$28,$75,$134,$109,$2,$111,$24,$87,$87,$86,$122,$109,$112,114,$0.77,$0.76,$704,$28,$0,$924,$99,$368,$334,$15,$836,$1760,$144,$0,$30,$44,$188,$0,$1222,$8,$1572,$1760,$87,$13,$-5,$8,$-15,$1,$0,$-2,$-24,$71,$-9,$0,$-3,$0,$-150,$-150,$0,$-162,$0,$0,$0,$-30,$-30,$0,$9,$-21,$-112,$11,$0
32,2010-09-30,48.2,$13.34,3.61,$7.98,6.04,$6.76,7.13,$2.45,19.67,$1.06B,$0.17B,6.4,$0.00B,$1.50B,0.0,$0.92B,$0.79B,85.68%,$0.92B,$0.43B,46.53%,$0.92B,$0.43B,46.53%,$0.92B,$0.47B,51.30%,$0.92B,$0.44B,47.40%,$0.92B,$0.28B,30.69%,$0.28B,$1.50B,19.27%,$0.28B,$1.16B,24.89%,$0.28B,$1.71B,16.67%,$0.43B,$1.50B,29.13%,$228,$26,$201,$29,$69,$131,$97,$1,$99,$35,$63,$63,$65,$109,$97,$113,115,$0.58,$0.58,$848,$28,$0,$1060,$94,$191,$332,$15,$651,$1712,$166,$0,$27,$51,$217,$0,$1136,$8,$1495,$1712,$283,$44,$-1,$43,$-31,$-16,$0,$-11,$2,$327,$-35,$-1,$-6,$0,$-3,$-3,$0,$-44,$-8,$0,$-8,$-199,$-199,$0,$22,$-185,$94,$29,$0
33,2010-06-30,53.19,$13.07,4.07,$7.42,7.17,$6.47,8.22,$2.26,23.54,$1.01B,$0.17B,5.9,$0.00B,$1.47B,0.0,$0.86B,$0.74B,85.78%,$0.86B,$0.40B,46.27%,$0.86B,$0.40B,46.27%,$0.86B,$0.44B,51.05%,$0.86B,$0.41B,47.20%,$0.86B,$0.26B,30.54%,$0.26B,$1.47B,18.25%,$0.26B,$1.15B,23.79%,$0.26B,$1.70B,15.74%,$0.40B,$1.48B,27.55%,$230,$40,$190,$28,$66,$134,$96,$2,$98,$34,$64,$64,$63,$106,$96,$113,115,$0.56,$0.55,$823,$17,$0,$1012,$95,$223,$328,$15,$691,$1703,$172,$4,$29,$58,$230,$0,$1071,$5,$1473,$1703,$220,$32,$-7,$25,$-25,$-4,$0,$-12,$15,$259,$-25,$0,$0,$0,$-36,$-36,$-1,$-62,$-1,$0,$-1,$-141,$-141,$0,$17,$-125,$67,$21,$0
34,2010-03-31,49.78,$13.00,3.83,$6.91,7.21,$6.05,8.23,$2.15,23.15,$0.98B,$0.16B,5.96,$0.01B,$1.47B,0.0,$0.80B,$0.70B,87.23%,$0.80B,$0.38B,47.43%,$0.80B,$0.38B,47.43%,$0.80B,$0.42B,52.44%,$0.80B,$0.39B,48.31%,$0.80B,$0.25B,31.29%,$0.25B,$1.47B,18.03%,$0.25B,$1.14B,23.79%,$0.25B,$1.70B,15.47%,$0.38B,$1.48B,27.22%,$243,$30,$214,$25,$56,$111,$132,$2,$134,$48,$86,$86,$86,$144,$132,$114,116,$0.75,$0.74,$799,$10,$0,$975,$101,$250,$332,$15,$724,$1699,$164,$5,$32,$61,$225,$0,$1007,$6,$1474,$1699,$156,$21,$-8,$13,$-21,$2,$0,$-6,$15,$184,$-18,$-0,$0,$0,$-144,$-144,$0,$-162,$-1,$0,$-1,$-62,$-62,$0,$10,$-53,$-34,$12,$0
35,2009-12-31,40.5,$12.57,3.22,$6.58,6.15,$5.71,7.09,$2.01,20.15,$0.95B,$0.18B,5.25,$0.01B,$1.43B,0.0,$0.76B,$0.66B,86.18%,$0.76B,$0.35B,46.45%,$0.76B,$0.35B,46.45%,$0.76B,$0.39B,51.32%,$0.76B,$0.36B,47.37%,$0.76B,$0.23B,30.66%,$0.23B,$1.43B,17.69%,$0.23B,$1.10B,23.59%,$0.23B,$1.68B,15.06%,$0.35B,$1.44B,26.68%,$221,$36,$185,$23,$58,$117,$104,$2,$106,$37,$69,$69,$69,$114,$104,$114,116,$0.61,$0.59,$779,$9,$0,$954,$98,$246,$336,$15,$722,$1676,$182,$5,$32,$61,$243,$0,$922,$7,$1433,$1676,$69,$10,$-4,$5,$-20,$3,$0,$-3,$24,$98,$-11,$-0,$0,$0,$-130,$-130,$0,$-141,$-0,$0,$-0,$-6,$-6,$0,$5,$-2,$-45,$5,$0
36,2009-09-30,32.4,$11.97,2.71,$6.25,5.19,$5.80,5.59,$2.10,15.43,$0.90B,$0.16B,5.75,$0.01B,$1.36B,0.0,$0.72B,$0.65B,90.96%,$0.72B,$0.36B,50.49%,$0.72B,$0.36B,50.49%,$0.72B,$0.40B,55.35%,$0.72B,$0.37B,51.60%,$0.72B,$0.24B,33.66%,$0.24B,$1.36B,19.51%,$0.24B,$1.02B,26.46%,$0.24B,$1.58B,16.37%,$0.36B,$1.37B,29.11%,$164,$17,$147,$22,$59,$99,$65,$2,$67,$23,$45,$45,$44,$74,$65,$113,115,$0.39,$0.39,$735,$13,$0,$901,$92,$206,$343,$15,$680,$1581,$157,$6,$31,$62,$218,$0,$852,$10,$1363,$1581,$244,$34,$4,$38,$2,$-4,$0,$6,$-9,$273,$-14,$-10,$-17,$0,$-196,$-196,$0,$-237,$-2,$0,$-2,$17,$17,$0,$6,$22,$57,$22,$0
37,2009-06-30,31.63,$11.24,2.81,$6.25,5.06,$5.74,5.52,$2.14,14.78,$0.74B,$0.15B,4.98,$0.01B,$1.28B,0.01,$0.72B,$0.65B,91.09%,$0.72B,$0.37B,50.84%,$0.72B,$0.37B,50.84%,$0.72B,$0.40B,55.43%,$0.72B,$0.38B,52.23%,$0.72B,$0.25B,34.40%,$0.25B,$1.28B,21.26%,$0.25B,$0.94B,29.46%,$0.25B,$1.51B,17.43%,$0.37B,$1.28B,31.22%,$171,$20,$151,$21,$51,$93,$78,$1,$79,$28,$52,$52,$51,$87,$78,$113,116,$0.45,$0.44,$575,$10,$0,$738,$91,$290,$332,$25,$771,$1509,$148,$6,$51,$84,$232,$0,$808,$2,$1277,$1509,$200,$25,$16,$42,$-25,$0,$0,$3,$-46,$195,$-9,$-8,$-17,$0,$-207,$-207,$0,$-241,$-1,$0,$-1,$13,$13,$0,$4,$15,$-31,$16,$0
38,2009-03-31,28.94,$10.57,2.74,$6.11,4.74,$5.47,5.29,$2.10,13.78,$0.73B,$0.15B,4.9,$0.01B,$1.20B,0.01,$0.70B,$0.64B,91.44%,$0.70B,$0.36B,50.64%,$0.70B,$0.36B,50.64%,$0.70B,$0.39B,55.06%,$0.70B,$0.37B,52.35%,$0.70B,$0.24B,34.52%,$0.24B,$1.20B,22.09%,$0.24B,$0.89B,31.67%,$0.24B,$1.42B,17.80%,$0.36B,$1.20B,32.18%,$204,$32,$172,$20,$44,$99,$106,$3,$108,$38,$70,$70,$69,$115,$106,$113,115,$0.62,$0.60,$566,$14,$0,$725,$87,$245,$305,$24,$698,$1424,$148,$6,$53,$81,$229,$0,$757,$-12,$1195,$1424,$148,$17,$6,$23,$-21,$-4,$0,$-2,$-41,$130,$-4,$-8,$0,$0,$-141,$-141,$0,$-153,$-1,$0,$-1,$5,$5,$0,$1,$6,$-22,$9,$0
39,2008-12-31,27.8,$10.00,2.78,$5.84,4.76,$5.29,5.25,$1.99,13.97,$0.74B,$0.19B,3.87,$0.01B,$1.13B,0.01,$0.67B,$0.62B,93.13%,$0.67B,$0.33B,49.85%,$0.67B,$0.33B,49.85%,$0.67B,$0.36B,54.18%,$0.67B,$0.35B,51.64%,$0.67B,$0.23B,34.33%,$0.23B,$1.13B,22.25%,$0.23B,$0.80B,33.48%,$0.23B,$1.40B,17.68%,$0.33B,$1.13B,32.06%,$180,$-4,$184,$19,$50,$66,$114,$2,$117,$39,$78,$78,$78,$122,$114,$113,115,$0.69,$0.68,$584,$16,$0,$739,$85,$198,$323,$23,$662,$1401,$191,$7,$54,$83,$274,$0,$688,$-4,$1127,$1401,$78,$7,$-8,$-0,$1,$-2,$0,$3,$20,$97,$-1,$-8,$0,$0,$-80,$-80,$0,$-89,$-0,$0,$-0,$3,$3,$0,$1,$3,$8,$5,$0
40,2008-09-30,29.86,$9.33,3.2,$5.58,5.35,$5.11,5.85,$1.73,17.26,$0.69B,$0.20B,3.45,$0.01B,$1.05B,0.01,$0.64B,$0.57B,89.38%,$0.64B,$0.29B,44.84%,$0.64B,$0.29B,44.84%,$0.64B,$0.31B,48.91%,$0.64B,$0.30B,47.19%,$0.64B,$0.20B,31.25%,$0.20B,$1.05B,20.65%,$0.20B,$0.72B,32.53%,$0.20B,$1.34B,16.23%,$0.29B,$1.06B,29.37%,$163,$17,$147,$33,$47,$96,$67,$5,$71,$22,$49,$50,$49,$74,$67,$111,115,$0.43,$0.43,$514,$18,$0,$692,$88,$181,$333,$17,$644,$1336,$201,$8,$56,$86,$287,$0,$609,$5,$1049,$1336,$201,$27,$-23,$4,$1,$-8,$0,$2,$59,$264,$-14,$0,$-253,$0,$-5,$-5,$0,$-271,$-2,$0,$-2,$15,$15,$0,$22,$35,$26,$22,$0
41,2008-06-30,34.19,$9.01,3.79,$5.29,6.46,$4.26,8.02,$1.70,20.11,$0.62B,$0.18B,3.47,$0.01B,$1.01B,0.01,$0.61B,$0.54B,88.94%,$0.61B,$0.27B,44.72%,$0.61B,$0.27B,44.72%,$0.61B,$0.29B,48.51%,$0.61B,$0.29B,47.52%,$0.61B,$0.20B,32.18%,$0.20B,$1.01B,21.53%,$0.20B,$0.65B,31.64%,$0.20B,$1.28B,17.01%,$0.27B,$1.02B,29.63%,$154,$16,$138,$15,$55,$86,$68,$3,$71,$24,$47,$46,$46,$75,$68,$112,115,$0.42,$0.40,$419,$22,$0,$620,$86,$180,$364,$13,$656,$1276,$179,$8,$52,$85,$264,$0,$561,$26,$1011,$1276,$151,$19,$-19,$0,$-16,$-9,$0,$10,$11,$162,$-8,$0,$-253,$0,$70,$70,$0,$-191,$-1,$0,$-1,$12,$12,$0,$19,$29,$1,$17,$0
42,2008-03-31,30.77,$8.49,3.62,$5.00,6.15,$3.79,8.13,$1.56,19.72,$0.55B,$0.16B,3.45,$0.01B,$0.95B,0.01,$0.57B,$0.50B,87.59%,$0.57B,$0.24B,42.48%,$0.57B,$0.24B,42.48%,$0.57B,$0.26B,45.80%,$0.57B,$0.26B,45.98%,$0.57B,$0.18B,31.29%,$0.18B,$0.95B,21.34%,$0.18B,$0.58B,28.80%,$0.18B,$1.19B,16.91%,$0.24B,$0.96B,28.66%,$173,$17,$155,$16,$55,$88,$85,$2,$87,$30,$57,$57,$57,$92,$85,$111,115,$0.51,$0.49,$376,$20,$0,$549,$85,$166,$366,$13,$642,$1191,$159,$9,$51,$84,$244,$0,$514,$25,$948,$1191,$104,$12,$-14,$-1,$-14,$-6,$0,$7,$8,$111,$-5,$0,$-253,$0,$106,$106,$0,$-152,$-1,$0,$-1,$9,$9,$0,$12,$19,$-21,$12,$0
43,2007-12-31,42.19,$7.81,5.4,$4.63,9.1,$3.44,12.26,$1.41,29.92,$0.63B,$0.17B,3.63,$0.01B,$0.87B,0.01,$0.53B,$0.45B,85.98%,$0.53B,$0.21B,40.53%,$0.53B,$0.21B,40.53%,$0.53B,$0.23B,43.37%,$0.53B,$0.24B,45.08%,$0.53B,$0.16B,30.49%,$0.16B,$0.87B,20.75%,$0.16B,$0.52B,25.13%,$0.16B,$1.13B,16.50%,$0.21B,$0.88B,27.23%,$150,$18,$132,$14,$51,$83,$67,$5,$73,$25,$48,$48,$48,$72,$67,$111,115,$0.43,$0.42,$481,$15,$0,$629,$85,$29,$353,$13,$497,$1127,$174,$9,$54,$86,$259,$0,$458,$16,$867,$1127,$48,$5,$-8,$-3,$-8,$-0,$0,$5,$31,$76,$-1,$0,$-249,$0,$74,$74,$0,$-176,$-0,$0,$-0,$6,$6,$0,$6,$12,$-88,$5,$0
44,2007-09-30,29.54,$7.23,4.09,$4.25,6.95,$3.19,9.25,$1.26,23.45,$0.73B,$0.14B,5.12,$0.01B,$0.80B,0.01,$0.48B,$0.41B,84.44%,$0.48B,$0.19B,38.59%,$0.48B,$0.19B,38.59%,$0.48B,$0.20B,41.29%,$0.48B,$0.21B,43.57%,$0.48B,$0.14B,29.67%,$0.14B,$0.80B,19.84%,$0.14B,$0.72B,21.54%,$0.14B,$0.99B,16.02%,$0.19B,$0.81B,25.44%,$129,$15,$114,$12,$51,$78,$51,$5,$57,$12,$45,$44,$44,$55,$51,$109,114,$0.40,$0.39,$600,$15,$0,$733,$86,$73,$75,$12,$258,$992,$143,$10,$37,$51,$195,$0,$410,$11,$797,$992,$143,$12,$-35,$-23,$-5,$-10,$0,$-3,$43,$163,$-11,$-5,$-30,$0,$-147,$-147,$0,$-193,$-1,$0,$-1,$10,$10,$0,$22,$31,$5,$20,$0
45,2007-06-30,30.04,$6.76,4.45,$4.03,7.45,$2.97,10.13,$1.09,27.56,$0.67B,$0.12B,5.44,$0.01B,$0.74B,0.01,$0.46B,$0.38B,82.86%,$0.46B,$0.17B,37.80%,$0.46B,$0.17B,37.80%,$0.46B,$0.18B,40.44%,$0.46B,$0.19B,42.64%,$0.46B,$0.12B,27.25%,$0.12B,$0.74B,18.51%,$0.12B,$0.67B,19.93%,$0.12B,$0.92B,14.95%,$0.17B,$0.75B,25.27%,$120,$20,$100,$12,$48,$79,$40,$6,$46,$16,$30,$30,$30,$43,$40,$110,114,$0.27,$0.26,$536,$14,$0,$668,$81,$80,$75,$8,$256,$924,$123,$10,$36,$58,$180,$0,$366,$12,$743,$924,$99,$9,$7,$15,$-2,$-7,$0,$-5,$-8,$105,$-7,$-1,$-30,$0,$-134,$-134,$0,$-172,$-1,$0,$-1,$8,$8,$0,$19,$26,$-38,$15,$0
46,2007-03-31,29.28,$6.36,4.6,$3.81,7.68,$2.82,10.38,$1.00,29.28,$0.65B,$0.11B,6.02,$0.01B,$0.70B,0.02,$0.43B,$0.35B,82.05%,$0.43B,$0.16B,37.06%,$0.43B,$0.16B,37.06%,$0.43B,$0.17B,39.86%,$0.43B,$0.18B,41.72%,$0.43B,$0.11B,26.34%,$0.11B,$0.70B,18.09%,$0.11B,$0.66B,19.29%,$0.11B,$0.86B,14.64%,$0.16B,$0.71B,25.02%,$129,$21,$108,$11,$43,$73,$56,$6,$62,$23,$39,$39,$39,$59,$56,$109,113,$0.36,$0.34,$532,$13,$0,$650,$80,$72,$39,$9,$209,$859,$108,$10,$38,$54,$162,$0,$336,$8,$697,$859,$69,$6,$12,$17,$-7,$-4,$0,$-2,$-16,$70,$-4,$-1,$0,$0,$-112,$-112,$-1,$-118,$-1,$0,$-1,$6,$6,$0,$13,$19,$-26,$10,$0
47,2006-12-31,26.32,$5.93,4.44,$3.62,7.28,$2.83,9.3,$0.91,28.92,$0.61B,$0.10B,6.34,$0.01B,$0.65B,0.02,$0.41B,$0.33B,81.98%,$0.41B,$0.14B,35.56%,$0.41B,$0.14B,35.56%,$0.41B,$0.16B,38.52%,$0.41B,$0.16B,40.25%,$0.41B,$0.10B,25.19%,$0.10B,$0.65B,17.52%,$0.10B,$0.61B,18.77%,$0.10B,$0.80B,14.11%,$0.14B,$0.66B,24.27%,$104,$19,$85,$9,$37,$65,$39,$5,$45,$14,$30,$30,$30,$42,$39,$108,113,$0.28,$0.27,$528,$12,$0,$612,$77,$50,$39,$8,$184,$796,$97,$11,$42,$53,$150,$0,$297,$8,$646,$796,$30,$3,$7,$10,$7,$-0,$0,$-1,$7,$47,$-2,$0,$0,$0,$-63,$-63,$0,$-64,$-0,$0,$-0,$4,$4,$0,$9,$12,$-3,$5,$0
