,Date,Stock Price,Book Value per Share,Price to Book Ratio,TTM Sales per Share,Price to Sales Ratio,TTM FCF per Share,Price to FCF Ratio,TTM Net EPS,PE Ratio,Current Assets,Current Liabilities,Current Ratio,Long Term Debt,Shareholder's Equity_x,Debt to Equity Ratio,TTM Revenue_x,TTM Gross Profit,Gross Margin,TTM Revenue_y,TTM Operating Income,Operating Margin,TTM Revenue_x,TTM EBIT,EBIT Margin,TTM Revenue_y,TTM EBITDA,EBITDA Margin,TTM Revenue_x,TTM Pre-Tax Income,Pre-Tax Margin,TTM Revenue_y,TTM Net Income_x,Net Margin,TTM Net Income_y,Shareholder's Equity_y,Return on Equity,TTM Net Income_x,Tangible Equity,Return on Tangible Equity,TTM Net Income_y,Total Assets,Return on Assets,TTM Net Income,LT Investments & Debt,Return on Investment,revenue,cost-goods-sold,gross-profit,research-development-expenses,selling-general-administrative-expenses,operating-expenses,operating-income,total-non-operating-income-expense,pre-tax-income,total-provision-income-taxes,income-after-taxes,income-from-continuous-operations,net-income,ebitda,ebit,basic-shares-outstanding,shares-outstanding,eps-basic-net-earnings-per-share,eps-earnings-per-share-diluted,cash-on-hand,inventory,other-current-assets,total-current-assets,net-property-plant-equipment,long-term-investments,goodwill-intangible-assets-total,other-long-term-assets,total-long-term-assets,total-assets,total-current-liabilities,long-term-debt,other-non-current-liabilities,total-long-term-liabilities,total-liabilities,common-stock-net,retained-earnings-accumulated-deficit,comprehensive-income,total-share-holder-equity,total-liabilities-share-holders-equity,net-income-loss,total-depreciation-amortization-cash-flow,other-non-cash-items,total-non-cash-items,change-in-accounts-receivable,change-in-inventories,change-in-accounts-payable,change-in-assets-liabilities,total-change-in-assets-liabilities,cash-flow-from-operating-activities,net-change-in-property-plant-equipment,net-change-in-intangible-assets,net-acquisitions-divestitures,net-change-in-short-term-investments,net-change-in-long-term-investments,net-change-in-investments-total,investing-activities-other,cash-flow-from-investing-activities,net-long-term-debt,net-current-debt,debt-issuance-retirement-net-total,net-common-equity-issued-repurchased,net-total-equity-issued-repurchased,total-common-preferred-stock-dividends-paid,financial-activities-other,cash-flow-from-financial-activities,net-cash-flow,stock-based-compensation,common-stock-dividends-paid
0,2016-06-30,10.46,$17.97,0.58,$7.77,1.35,$-1.74,0.0,$1.64,6.38,$0.06B,$0.06B,1.08,$0.70B,$0.30B,2.37,$0.16B,$0.13B,82.50%,$0.16B,$0.10B,60.63%,$0.16B,$0.10B,60.63%,$0.16B,$0.13B,78.75%,$0.16B,$0.07B,40.63%,$0.16B,$0.05B,30.63%,$0.05B,$0.37B,13.29%,$0.05B,$0.37B,13.29%,$0.05B,$1.13B,4.55%,$0.10B,$1.07B,9.52%,$31,$10,$22,$0,$2,$19,$12,$-13,$-1,$0,$-1,$-1,$-1,$34,$12,$35,35,$-0.07,$-0.07,$57,$1,$0,$60,$1023,$0,$0,$41,$1065,$1125,$56,$700,$0,$701,$757,$303,$0,$0,$369,$1125,$34,$16,$4,$20,$-0,$-1,$0,$-0,$-0,$53,$-37,$0,$0,$0,$0,$0,$0,$-37,$50,$0,$50,$0,$0,$-33,$-0,$17,$33,$0,$-33
1,2016-03-31,8.47,$17.96,0.47,$7.43,1.14,$-0.55,0.0,$1.61,5.26,$0.06B,$0.05B,1.05,$0.71B,$0.30B,2.4,$0.15B,$0.13B,82.35%,$0.15B,$0.09B,60.13%,$0.15B,$0.09B,60.13%,$0.15B,$0.12B,78.43%,$0.15B,$0.06B,40.52%,$0.15B,$0.04B,26.14%,$0.04B,$0.37B,11.40%,$0.04B,$0.37B,11.40%,$0.04B,$1.13B,3.94%,$0.09B,$1.08B,9.56%,$31,$9,$22,$0,$2,$18,$13,$-12,$0,$0,$0,$0,$0,$34,$13,$35,35,$-0.04,$-0.04,$54,$0,$0,$56,$1030,$0,$0,$43,$1074,$1131,$54,$708,$0,$709,$762,$303,$0,$0,$368,$1131,$17,$8,$2,$10,$-0,$-0,$0,$-4,$-3,$24,$-36,$0,$0,$0,$0,$0,$0,$-36,$59,$0,$59,$0,$-0,$-17,$-0,$42,$30,$0,$-17
2,2015-12-31,6.89,$17.94,0.38,$7.08,0.97,$1.33,5.2,$1.60,4.31,$0.03B,$0.05B,0.5,$0.65B,$0.30B,2.22,$0.15B,$0.12B,81.51%,$0.15B,$0.09B,60.27%,$0.15B,$0.09B,60.27%,$0.15B,$0.11B,78.08%,$0.15B,$0.06B,41.10%,$0.15B,$0.03B,21.92%,$0.03B,$0.37B,9.60%,$0.03B,$0.37B,9.60%,$0.03B,$1.11B,3.35%,$0.09B,$1.02B,9.72%,$34,$7,$26,$0,$2,$17,$17,$-12,$5,$0,$5,$5,$5,$29,$17,$35,35,$0.09,$0.09,$24,$0,$0,$26,$1036,$0,$0,$45,$1082,$1108,$51,$653,$35,$689,$740,$303,$0,$0,$368,$1108,$60,$26,$1,$27,$-0,$0,$2,$8,$10,$97,$-205,$0,$0,$0,$0,$0,$0,$-205,$113,$0,$113,$0,$72,$-62,$-3,$120,$12,$0,$-62
3,2015-09-30,9.17,$18.05,0.51,$7.30,1.26,$-11.67,0.0,$1.66,5.53,$0.10B,$0.04B,2.6,$0.54B,$0.30B,1.82,$0.15B,$0.12B,82.07%,$0.15B,$0.09B,60.69%,$0.15B,$0.09B,60.69%,$0.15B,$0.11B,78.62%,$0.15B,$0.06B,41.38%,$0.15B,$0.03B,22.76%,$0.03B,$0.37B,10.45%,$0.03B,$0.37B,10.45%,$0.03B,$0.95B,3.68%,$0.09B,$0.91B,10.21%,$34,$7,$27,$0,$2,$17,$17,$-12,$6,$0,$6,$6,$-2,$29,$17,$35,35,$0.08,$0.08,$93,$0,$0,$95,$822,$0,$0,$24,$853,$948,$36,$540,$0,$541,$578,$304,$0,$0,$370,$948,$45,$19,$1,$20,$-0,$0,$0,$3,$3,$68,$0,$0,$0,$0,$0,$0,$0,$0,$-15,$0,$-15,$0,$73,$-45,$-0,$12,$81,$0,$-45
4,2015-06-30,10.62,$14.48,0.73,$6.90,1.54,$-32.00,0.0,$1.64,6.48,$0.02B,$0.03B,0.49,$0.55B,$0.30B,1.84,$0.14B,$0.11B,81.75%,$0.14B,$0.08B,59.85%,$0.14B,$0.08B,59.85%,$0.14B,$0.11B,78.10%,$0.14B,$0.06B,42.34%,$0.14B,$0.03B,24.09%,$0.03B,$0.30B,11.10%,$0.03B,$0.30B,11.10%,$0.03B,$0.88B,3.73%,$0.08B,$0.84B,9.67%,$33,$8,$25,$0,$2,$18,$16,$-12,$4,$0,$4,$4,$4,$28,$16,$35,35,$0.06,$0.06,$12,$0,$0,$16,$828,$0,$0,$24,$859,$875,$32,$545,$0,$546,$578,$304,$0,$0,$297,$875,$29,$13,$1,$13,$-1,$0,$0,$-1,$-2,$41,$0,$0,$0,$0,$0,$0,$0,$0,$-10,$0,$-10,$0,$-0,$-30,$-0,$-40,$1,$0,$-30
5,2015-03-31,12.62,$14.51,0.87,$6.49,1.94,$-45.16,0.0,$1.61,7.84,$0.02B,$0.04B,0.55,$0.55B,$0.30B,1.85,$0.12B,$0.10B,81.97%,$0.12B,$0.07B,59.84%,$0.12B,$0.07B,59.84%,$0.12B,$0.10B,77.87%,$0.12B,$0.05B,44.26%,$0.12B,$0.03B,26.23%,$0.03B,$0.30B,10.24%,$0.03B,$0.30B,10.24%,$0.03B,$0.89B,3.80%,$0.07B,$0.85B,9.06%,$32,$14,$18,$0,$2,$23,$9,$-14,$-5,$0,$-5,$-5,$-5,$28,$9,$35,35,$-0.19,$-0.19,$18,$0,$0,$21,$834,$0,$0,$24,$866,$887,$38,$550,$0,$551,$590,$305,$0,$0,$298,$887,$15,$6,$0,$7,$-0,$0,$0,$5,$5,$26,$0,$0,$0,$0,$0,$0,$0,$0,$-5,$0,$-5,$0,$0,$-15,$-0,$-20,$6,$0,$-15
6,2014-12-31,10.47,$14.52,0.72,$6.16,1.7,$-45.48,0.0,$1.56,6.71,$0.01B,$0.03B,0.42,$0.55B,$0.30B,1.84,$0.11B,$0.09B,82.24%,$0.11B,$0.06B,59.81%,$0.11B,$0.06B,59.81%,$0.11B,$0.08B,77.57%,$0.11B,$0.05B,46.73%,$0.11B,$0.03B,27.10%,$0.03B,$0.30B,9.55%,$0.03B,$0.30B,9.55%,$0.03B,$0.88B,3.91%,$0.06B,$0.85B,8.97%,$39,$8,$31,$0,$2,$17,$22,$-9,$13,$0,$13,$13,$13,$29,$22,$32,32,$0.32,$0.32,$12,$0,$0,$14,$840,$0,$0,$25,$866,$880,$33,$548,$0,$549,$582,$305,$0,$0,$298,$880,$51,$19,$2,$21,$0,$-0,$0,$2,$5,$76,$-405,$0,$0,$0,$0,$0,$0,$-405,$361,$-6,$355,$121,$121,$-131,$-10,$334,$6,$0,$-43
7,2014-09-30,14.85,$14.45,1.03,$6.94,2.14,$-21.50,0.0,$1.64,9.05,$0.01B,$0.04B,0.37,$0.56B,$0.30B,1.89,$0.09B,$0.08B,81.72%,$0.09B,$0.06B,60.22%,$0.09B,$0.06B,60.22%,$0.09B,$0.07B,77.42%,$0.09B,$0.05B,49.46%,$0.09B,$0.02B,18.28%,$0.02B,$0.30B,5.79%,$0.02B,$0.30B,5.79%,$0.02B,$0.89B,2.64%,$0.06B,$0.86B,9.04%,$41,$8,$34,$0,$2,$17,$24,$-9,$15,$0,$15,$15,$-17,$22,$24,$21,21,$0.39,$0.39,$11,$0,$0,$13,$846,$0,$0,$25,$880,$893,$35,$560,$0,$562,$597,$304,$0,$0,$296,$893,$35,$12,$2,$14,$0,$-0,$0,$6,$7,$56,$-404,$0,$0,$0,$0,$0,$0,$-404,$366,$-6,$360,$121,$121,$-117,$-10,$354,$5,$0,$-29
