,Date,Stock Price,Book Value per Share,Price to Book Ratio,TTM Sales per Share,Price to Sales Ratio,TTM FCF per Share,Price to FCF Ratio,TTM Net EPS,PE Ratio,Current Assets,Current Liabilities,Current Ratio,Long Term Debt,Shareholder's Equity_x,Debt to Equity Ratio,TTM Revenue_x,TTM Gross Profit,Gross Margin,TTM Revenue_y,TTM Operating Income,Operating Margin,TTM Revenue_x,TTM EBIT,EBIT Margin,TTM Revenue_y,TTM EBITDA,EBITDA Margin,TTM Revenue_x,TTM Pre-Tax Income,Pre-Tax Margin,TTM Revenue_y,TTM Net Income_x,Net Margin,TTM Net Income_y,Shareholder's Equity_y,Return on Equity,TTM Net Income_x,Tangible Equity,Return on Tangible Equity,TTM Net Income_y,Total Assets,Return on Assets,TTM Net Income,LT Investments & Debt,Return on Investment,revenue,cost-goods-sold,gross-profit,research-development-expenses,selling-general-administrative-expenses,operating-expenses,operating-income,total-non-operating-income-expense,pre-tax-income,total-provision-income-taxes,income-after-taxes,income-from-continuous-operations,net-income,ebitda,ebit,basic-shares-outstanding,shares-outstanding,eps-basic-net-earnings-per-share,eps-earnings-per-share-diluted,cash-on-hand,inventory,other-current-assets,total-current-assets,net-property-plant-equipment,long-term-investments,goodwill-intangible-assets-total,other-long-term-assets,total-long-term-assets,total-assets,total-current-liabilities,long-term-debt,other-non-current-liabilities,total-long-term-liabilities,total-liabilities,common-stock-net,retained-earnings-accumulated-deficit,comprehensive-income,total-share-holder-equity,total-liabilities-share-holders-equity,net-income-loss,total-depreciation-amortization-cash-flow,other-non-cash-items,total-non-cash-items,change-in-accounts-receivable,change-in-inventories,change-in-accounts-payable,change-in-assets-liabilities,total-change-in-assets-liabilities,cash-flow-from-operating-activities,net-change-in-property-plant-equipment,net-change-in-intangible-assets,net-acquisitions-divestitures,net-change-in-short-term-investments,net-change-in-long-term-investments,net-change-in-investments-total,investing-activities-other,cash-flow-from-investing-activities,net-long-term-debt,net-current-debt,debt-issuance-retirement-net-total,net-common-equity-issued-repurchased,net-total-equity-issued-repurchased,total-common-preferred-stock-dividends-paid,financial-activities-other,cash-flow-from-financial-activities,net-cash-flow,stock-based-compensation,common-stock-dividends-paid
0,2018-09-30,112.48,$52.18,2.16,$15.16,7.42,$15.45,7.28,$1.33,84.57,$0.36B,$1.06B,0.34,$9.18B,$9.51B,0.97,$3.00B,$1.93B,64.22%,$3.00B,$0.54B,18.14%,$3.00B,$0.54B,18.14%,$3.00B,$1.79B,59.62%,$3.00B,$0.38B,12.54%,$3.00B,$0.27B,9.04%,$0.27B,$10.76B,2.49%,$0.27B,$7.39B,3.61%,$0.27B,$21.46B,1.26%,$0.54B,$19.94B,2.73%,$769,$283,$485,$0,$42,$630,$139,$-46,$93,$2,$90,$90,$67,$450,$139,$206,207,$0.33,$0.33,$54,$0,$0,$363,$14056,$0,$3373,$481,$21099,$21462,$1059,$9180,$442,$9639,$10699,$2,$-2455,$-103,$10763,$21462,$289,$940,$-85,$855,$-37,$0,$0,$-76,$-110,$1034,$169,$0,$0,$0,$-947,$-947,$-16,$-794,$637,$0,$637,$5,$5,$-911,$60,$-209,$41,$0,$-850
1,2018-06-30,111.58,$52.40,2.13,$15.03,7.43,$13.49,8.27,$0.98,113.86,$0.31B,$1.03B,0.3,$9.11B,$9.55B,0.95,$2.84B,$1.83B,64.30%,$2.84B,$0.47B,16.58%,$2.84B,$0.47B,16.58%,$2.84B,$1.61B,56.76%,$2.84B,$0.30B,10.49%,$2.84B,$0.20B,7.04%,$0.20B,$10.80B,1.82%,$0.20B,$7.42B,2.63%,$0.20B,$21.41B,0.93%,$0.47B,$19.90B,2.37%,$755,$260,$495,$0,$46,$611,$144,$-54,$90,$2,$88,$88,$65,$462,$144,$206,207,$0.32,$0.32,$27,$0,$0,$309,$13967,$0,$3378,$488,$21102,$21411,$1032,$9106,$424,$9583,$10615,$2,$-2314,$-107,$10797,$21411,$198,$630,$-58,$572,$-9,$0,$0,$-37,$-97,$673,$119,$0,$0,$0,$-614,$-614,$-30,$-526,$541,$0,$541,$2,$2,$-674,$-3,$-134,$14,$0,$-633
2,2018-03-31,104.39,$53.12,1.97,$14.87,7.02,$12.65,8.25,$1.02,102.34,$0.34B,$1.01B,0.34,$9.15B,$9.69B,0.94,$2.65B,$1.69B,63.82%,$2.65B,$0.46B,17.28%,$2.65B,$0.46B,17.28%,$2.65B,$1.47B,55.30%,$2.65B,$0.29B,10.94%,$2.65B,$0.19B,7.28%,$0.19B,$10.94B,2.02%,$0.19B,$7.53B,2.83%,$0.19B,$21.58B,1.01%,$0.46B,$20.08B,2.58%,$744,$265,$480,$0,$37,$601,$144,$-30,$113,$3,$110,$110,$86,$455,$144,$206,207,$0.42,$0.42,$30,$0,$0,$339,$13922,$0,$3405,$544,$21243,$21582,$1012,$9148,$435,$9633,$10645,$2,$-2177,$-104,$10937,$21582,$110,$311,$-41,$270,$-30,$0,$0,$-30,$-143,$237,$137,$0,$0,$0,$-290,$-290,$-25,$-177,$396,$0,$396,$2,$2,$-437,$-5,$-43,$17,$0,$-416
3,2017-12-31,111.76,$53.78,2.08,$14.70,7.6,$12.12,9.22,$1.01,110.65,$0.29B,$1.18B,0.25,$8.65B,$9.80B,0.88,$2.46B,$1.56B,63.63%,$2.46B,$0.45B,18.35%,$2.46B,$0.45B,18.35%,$2.46B,$1.33B,54.11%,$2.46B,$0.26B,10.74%,$2.46B,$0.17B,7.04%,$0.17B,$11.05B,2.14%,$0.17B,$7.66B,2.88%,$0.17B,$21.40B,1.02%,$0.45B,$19.70B,2.91%,$731,$265,$466,$0,$46,$614,$117,$-37,$80,$1,$80,$80,$53,$421,$117,$174,175,$0.23,$0.24,$13,$0,$0,$290,$13678,$0,$3390,$619,$21115,$21404,$1180,$8649,$472,$9175,$10355,$2,$-2056,$-108,$11049,$21404,$256,$878,$-4,$875,$-74,$0,$0,$-18,$-108,$1023,$-326,$0,$0,$0,$-1244,$-1244,$213,$-1357,$816,$0,$816,$411,$229,$-715,$-9,$321,$-9,$0,$-646
4,2017-09-30,115.18,$54.39,2.12,$14.34,8.03,$10.77,10.69,$1.24,92.89,$0.47B,$1.02B,0.46,$8.48B,$9.92B,0.86,$2.30B,$1.48B,64.06%,$2.30B,$0.49B,21.05%,$2.30B,$0.49B,21.05%,$2.30B,$1.24B,53.91%,$2.30B,$0.28B,12.24%,$2.30B,$0.20B,8.59%,$0.20B,$11.17B,3.00%,$0.20B,$7.79B,3.82%,$0.20B,$21.23B,1.36%,$0.49B,$19.66B,3.64%,$610,$225,$385,$0,$44,$544,$66,$-51,$15,$2,$12,$12,$-4,$274,$66,$170,170,$-0.02,$-0.02,$210,$0,$0,$469,$13354,$0,$3384,$553,$20764,$21233,$1024,$8484,$486,$9035,$10059,$2,$-1916,$-117,$11173,$21233,$177,$575,$27,$602,$-42,$0,$0,$-3,$-97,$682,$-24,$0,$0,$0,$-771,$-771,$78,$-718,$689,$0,$689,$411,$229,$-693,$-0,$224,$188,$0,$-647
5,2017-06-30,109.1,$31.02,3.52,$14.42,7.57,$7.67,14.23,$2.51,43.47,$0.27B,$0.85B,0.32,$6.44B,$4.20B,1.54,$2.24B,$1.44B,64.15%,$2.24B,$0.54B,23.88%,$2.24B,$0.54B,23.88%,$2.24B,$1.27B,56.56%,$2.24B,$0.49B,22.01%,$2.24B,$0.39B,17.37%,$0.39B,$5.03B,7.62%,$0.39B,$4.25B,8.96%,$0.39B,$12.58B,3.15%,$0.54B,$11.47B,4.76%,$566,$205,$361,$0,$38,$435,$131,$-48,$82,$3,$80,$80,$58,$316,$131,$161,162,$0.36,$0.36,$41,$0,$0,$271,$9253,$0,$779,$360,$12309,$12580,$851,$6438,$260,$6698,$7548,$2,$-1723,$-111,$5031,$12580,$164,$367,$6,$373,$-24,$0,$0,$-11,$-18,$519,$-35,$0,$0,$0,$-482,$-482,$53,$-463,$429,$0,$429,$214,$32,$-480,$-0,$-19,$19,$0,$-448
6,2017-03-31,101.94,$31.78,3.21,$14.40,7.08,$7.59,13.43,$2.34,43.57,$0.22B,$0.80B,0.28,$6.20B,$4.06B,1.53,$2.19B,$1.40B,64.05%,$2.19B,$0.52B,23.57%,$2.19B,$0.52B,23.57%,$2.19B,$1.25B,56.88%,$2.19B,$0.46B,21.20%,$2.19B,$0.36B,16.40%,$0.36B,$5.07B,7.28%,$0.36B,$4.31B,8.40%,$0.36B,$12.33B,2.98%,$0.52B,$11.27B,4.70%,$551,$199,$352,$0,$35,$413,$137,$-50,$87,$2,$85,$85,$66,$319,$137,$159,160,$0.42,$0.41,$25,$0,$0,$221,$9076,$0,$757,$355,$12109,$12330,$804,$6201,$253,$6455,$7259,$2,$-1630,$-123,$5070,$12330,$85,$182,$-1,$180,$9,$0,$0,$-17,$-46,$219,$-14,$0,$0,$0,$-260,$-260,$58,$-216,$307,$0,$307,$3,$3,$-312,$-0,$-3,$3,$0,$-295
7,2016-12-31,93.31,$32.27,2.89,$14.39,6.49,$7.77,12.01,$2.20,42.41,$0.23B,$0.97B,0.23,$5.84B,$4.12B,1.42,$2.14B,$1.37B,63.96%,$2.14B,$0.50B,23.20%,$2.14B,$0.50B,23.20%,$2.14B,$1.22B,56.86%,$2.14B,$0.44B,20.59%,$2.14B,$0.33B,15.50%,$0.33B,$5.13B,6.95%,$0.33B,$4.38B,7.86%,$0.33B,$12.19B,2.81%,$0.50B,$10.97B,4.60%,$577,$199,$378,$0,$41,$426,$151,$-53,$98,$2,$96,$96,$78,$333,$151,$150,151,$0.48,$0.49,$22,$0,$0,$226,$8890,$0,$753,$389,$11967,$12193,$969,$5839,$253,$6091,$7060,$2,$-1547,$-136,$5132,$12193,$432,$721,$-197,$524,$-14,$0,$0,$-70,$-45,$911,$-514,$0,$-44,$0,$-758,$-758,$12,$-1304,$177,$0,$177,$1090,$803,$-605,$-24,$351,$-53,$0,$-522
8,2016-09-30,91.4,$32.70,2.8,$14.16,6.45,$11.49,7.95,$1.43,63.91,$0.26B,$0.82B,0.31,$6.03B,$4.18B,1.44,$2.07B,$1.31B,63.24%,$2.07B,$0.39B,18.74%,$2.07B,$0.39B,18.74%,$2.07B,$1.10B,53.27%,$2.07B,$0.33B,15.84%,$2.07B,$0.21B,10.36%,$0.21B,$5.20B,4.63%,$0.21B,$4.42B,5.12%,$0.21B,$12.30B,1.84%,$0.39B,$11.22B,3.62%,$546,$200,$346,$0,$46,$431,$116,$110,$226,$4,$222,$222,$187,$299,$116,$147,149,$1.27,$1.25,$48,$0,$0,$256,$8946,$0,$780,$377,$12043,$12299,$824,$6025,$253,$6278,$7102,$2,$-1483,$-132,$5197,$12299,$336,$539,$-165,$375,$-46,$0,$0,$-164,$-83,$627,$-514,$0,$-36,$0,$-549,$-549,$25,$-1074,$230,$0,$230,$5,$803,$-588,$-24,$421,$-27,$0,$-522
9,2016-06-30,101.61,$29.55,3.44,$13.66,7.44,$15.62,6.5,$0.46,220.89,$0.22B,$0.60B,0.36,$6.14B,$3.04B,2.02,$1.96B,$1.23B,63.07%,$1.96B,$0.38B,19.18%,$1.96B,$0.38B,19.18%,$1.96B,$1.04B,53.25%,$1.96B,$0.16B,8.24%,$1.96B,$0.07B,3.38%,$0.07B,$4.33B,1.52%,$0.07B,$4.00B,1.61%,$0.07B,$11.29B,0.61%,$0.38B,$10.46B,3.72%,$515,$189,$326,$0,$34,$403,$112,$-59,$53,$2,$51,$51,$28,$294,$112,$147,148,$0.19,$0.19,$52,$0,$0,$217,$8539,$0,$331,$465,$11075,$11292,$599,$6135,$233,$6368,$6967,$1,$-1541,$-130,$4326,$11292,$113,$356,$0,$356,$-1,$0,$0,$-82,$-73,$397,$34,$0,$-7,$0,$-332,$-332,$6,$-299,$322,$0,$322,$2,$2,$-435,$-9,$-120,$-24,$0,$-390
10,2016-03-31,81.78,$30.28,2.7,$13.26,6.17,$16.32,5.01,$1.13,72.37,$0.23B,$0.57B,0.41,$6.16B,$3.16B,1.95,$1.86B,$1.18B,63.17%,$1.86B,$0.37B,19.89%,$1.86B,$0.37B,19.89%,$1.86B,$0.99B,53.23%,$1.86B,$0.25B,13.39%,$1.86B,$0.16B,8.33%,$0.16B,$4.45B,3.67%,$0.16B,$4.12B,3.82%,$0.16B,$11.42B,1.48%,$0.37B,$10.60B,3.83%,$504,$184,$320,$0,$31,$386,$118,$-54,$64,$2,$62,$62,$39,$292,$118,$147,147,$0.27,$0.27,$51,$0,$0,$231,$8723,$0,$331,$357,$11191,$11422,$571,$6157,$249,$6406,$6977,$1,$-1440,$-104,$4445,$11422,$62,$174,$-2,$172,$3,$0,$0,$-18,$-54,$181,$34,$0,$-4,$0,$-184,$-184,$-0,$-154,$240,$0,$240,$2,$2,$-281,$-12,$-51,$-24,$0,$-258
11,2015-12-31,69.17,$30.99,2.23,$12.82,5.39,$16.20,4.27,$1.61,42.96,$0.25B,$0.74B,0.34,$5.90B,$3.25B,1.82,$1.76B,$1.11B,63.07%,$1.76B,$0.40B,22.75%,$1.76B,$0.40B,22.75%,$1.76B,$0.98B,55.59%,$1.76B,$0.31B,17.53%,$1.76B,$0.22B,12.37%,$0.22B,$4.54B,5.34%,$0.22B,$4.21B,5.45%,$0.22B,$11.42B,2.18%,$0.40B,$10.44B,4.36%,$500,$186,$314,$0,$36,$459,$41,$-58,$-16,$0,$-17,$-17,$-40,$215,$41,$138,139,$-0.32,$-0.33,$75,$0,$0,$252,$8664,$0,$331,$374,$11164,$11416,$735,$5899,$245,$6144,$6880,$1,$-1350,$-97,$4537,$11416,$302,$578,$-79,$499,$-10,$0,$0,$-30,$-4,$797,$86,$0,$-1880,$0,$-748,$-748,$15,$-2528,$1392,$0,$1392,$920,$920,$-548,$-13,$1751,$22,$0,$-469
12,2015-09-30,59.03,$29.71,1.99,$12.30,4.8,$14.85,3.98,$1.50,39.36,$0.19B,$0.51B,0.38,$4.75B,$2.75B,1.73,$1.68B,$1.06B,63.10%,$1.68B,$0.35B,21.13%,$1.68B,$0.35B,21.13%,$1.68B,$0.90B,53.43%,$1.68B,$0.29B,17.37%,$1.68B,$0.21B,12.30%,$0.21B,$4.04B,5.25%,$0.21B,$4.04B,5.25%,$0.21B,$9.50B,2.17%,$0.35B,$8.78B,4.06%,$436,$163,$273,$0,$23,$332,$104,$-45,$60,$2,$58,$58,$39,$240,$104,$136,138,$0.28,$0.28,$35,$0,$0,$193,$8040,$0,$0,$357,$9308,$9501,$514,$4749,$203,$4952,$5465,$1,$-1186,$-88,$4036,$9501,$318,$404,$-139,$265,$-1,$0,$0,$-56,$-44,$539,$137,$0,$-24,$2,$-543,$-541,$3,$-425,$166,$0,$166,$1,$251,$-524,$-18,$-126,$-12,$0,$-469
13,2015-06-30,59.44,$28.64,2.08,$12.18,4.88,$13.53,4.39,$2.02,29.43,$0.20B,$0.52B,0.38,$4.97B,$2.84B,1.75,$1.65B,$1.04B,62.81%,$1.65B,$0.33B,20.11%,$1.65B,$0.33B,20.11%,$1.65B,$0.88B,53.18%,$1.65B,$0.36B,21.93%,$1.65B,$0.28B,16.72%,$0.28B,$3.89B,7.00%,$0.28B,$3.89B,7.00%,$0.28B,$9.59B,2.89%,$0.33B,$8.86B,3.80%,$420,$153,$268,$0,$26,$313,$107,$34,$141,$3,$138,$138,$117,$243,$107,$136,136,$0.86,$0.86,$69,$0,$0,$195,$8108,$0,$0,$361,$9391,$9586,$516,$4969,$211,$5180,$5696,$1,$-1109,$-67,$3890,$9586,$260,$269,$-138,$130,$5,$0,$0,$-45,$-36,$355,$137,$0,$-3,$1,$-388,$-386,$10,$-242,$305,$0,$305,$0,$0,$-388,$-13,$-95,$18,$0,$-351
14,2015-03-31,58.05,$28.41,2.04,$12.10,4.8,$12.56,4.62,$1.47,39.49,$0.16B,$0.52B,0.31,$4.82B,$2.81B,1.72,$1.63B,$1.02B,62.56%,$1.63B,$0.32B,19.42%,$1.63B,$0.32B,19.42%,$1.63B,$0.87B,53.25%,$1.63B,$0.28B,17.34%,$1.63B,$0.20B,12.32%,$0.20B,$3.86B,5.02%,$0.20B,$3.86B,5.02%,$0.20B,$9.41B,2.08%,$0.32B,$8.68B,3.61%,$407,$150,$257,$0,$21,$257,$149,$-25,$124,$2,$122,$122,$102,$282,$149,$136,136,$0.75,$0.75,$49,$0,$0,$162,$8055,$0,$0,$273,$9246,$9408,$524,$4818,$209,$5027,$5551,$1,$-1110,$-92,$3858,$9408,$122,$132,$-62,$70,$19,$0,$0,$-30,$-54,$139,$43,$0,$-12,$-0,$-191,$-191,$11,$-149,$257,$0,$257,$0,$0,$-251,$-0,$6,$-4,$0,$-233
15,2014-12-31,57.59,$28.86,2.0,$12.14,4.74,$12.12,4.75,$0.98,58.76,$0.19B,$0.72B,0.26,$4.67B,$2.87B,1.63,$1.62B,$1.01B,62.62%,$1.62B,$0.26B,15.97%,$1.62B,$0.26B,15.97%,$1.62B,$0.82B,50.50%,$1.62B,$0.21B,12.87%,$1.62B,$0.13B,8.23%,$0.13B,$3.91B,3.32%,$0.13B,$3.91B,3.32%,$0.13B,$9.53B,1.37%,$0.26B,$8.59B,2.92%,$412,$153,$259,$0,$21,$418,$-6,$-27,$-34,$1,$-35,$-35,$-52,$130,$-6,$133,134,$-0.39,$-0.38,$53,$0,$0,$189,$8109,$0,$0,$294,$9338,$9527,$721,$4673,$218,$4892,$5613,$1,$-1097,$-45,$3914,$9527,$203,$557,$-7,$550,$-11,$0,$0,$-111,$-98,$656,$14,$0,$-30,$15,$-662,$-648,$19,$-644,$140,$0,$140,$1,$366,$-509,$-23,$-27,$-15,$0,$-442
16,2014-09-30,53.52,$30.28,1.77,$12.03,4.45,$10.99,4.87,$1.70,31.48,$0.19B,$0.65B,0.3,$4.74B,$3.06B,1.55,$1.59B,$0.99B,62.65%,$1.59B,$0.36B,22.84%,$1.59B,$0.36B,22.84%,$1.59B,$0.91B,57.60%,$1.59B,$0.30B,18.74%,$1.59B,$0.23B,14.38%,$0.23B,$4.10B,5.79%,$0.23B,$4.10B,5.79%,$0.23B,$9.72B,2.33%,$0.36B,$8.84B,4.10%,$412,$159,$253,$0,$21,$330,$82,$49,$131,$1,$130,$130,$109,$223,$82,$135,136,$0.81,$0.80,$51,$0,$0,$191,$8396,$0,$0,$197,$9531,$9722,$648,$4740,$230,$4970,$5618,$1,$-932,$-20,$4104,$9722,$238,$421,$-101,$320,$-16,$0,$0,$-73,$-85,$473,$14,$0,$-14,$15,$-486,$-471,$6,$-465,$121,$0,$121,$0,$365,$-491,$-22,$-27,$-19,$0,$-442
17,2014-06-30,49.41,$30.54,1.62,$11.80,4.19,$9.61,5.14,$1.96,25.21,$0.28B,$0.64B,0.44,$4.86B,$3.09B,1.58,$1.55B,$0.96B,61.98%,$1.55B,$0.37B,23.52%,$1.55B,$0.37B,23.52%,$1.55B,$0.90B,57.99%,$1.55B,$0.32B,20.62%,$1.55B,$0.26B,16.62%,$0.26B,$4.13B,6.73%,$0.26B,$4.13B,6.73%,$0.26B,$9.91B,2.66%,$0.37B,$8.99B,4.18%,$401,$149,$252,$0,$20,$309,$92,$-30,$62,$1,$61,$61,$42,$234,$92,$134,134,$0.31,$0.31,$121,$0,$0,$282,$8481,$0,$0,$203,$9628,$9910,$637,$4859,$280,$5139,$5776,$1,$-929,$15,$4134,$9910,$108,$280,$-20,$261,$21,$0,$0,$-78,$-53,$315,$38,$0,$-4,$-1,$-440,$-442,$4,$-404,$122,$0,$122,$0,$365,$-357,$-18,$113,$24,$0,$-327
18,2014-03-31,44.33,$30.14,1.47,$11.63,3.81,$8.19,5.41,$2.02,21.94,$0.30B,$0.62B,0.48,$5.01B,$2.89B,1.73,$1.52B,$0.95B,62.38%,$1.52B,$0.37B,24.62%,$1.52B,$0.37B,24.62%,$1.52B,$0.89B,58.42%,$1.52B,$0.32B,20.99%,$1.52B,$0.26B,17.36%,$0.26B,$3.88B,7.11%,$0.26B,$3.88B,7.11%,$0.26B,$9.81B,2.77%,$0.37B,$8.88B,4.36%,$391,$142,$248,$0,$31,$301,$90,$-41,$49,$2,$47,$47,$34,$229,$90,$129,129,$0.27,$0.26,$113,$0,$0,$295,$8360,$0,$0,$221,$9511,$9805,$615,$5007,$308,$5315,$5930,$1,$-858,$14,$3876,$9805,$47,$139,$-4,$135,$2,$0,$0,$-42,$-66,$116,$0,$0,$0,$-1,$-223,$-224,$-3,$-228,$58,$0,$58,$0,$300,$-224,$-10,$125,$13,$0,$-212
19,2013-12-31,40.38,$28.39,1.42,$11.43,3.53,$7.37,5.48,$2.10,19.23,$0.22B,$0.77B,0.29,$4.96B,$2.95B,1.68,$1.48B,$0.93B,62.55%,$1.48B,$0.38B,25.78%,$1.48B,$0.38B,25.78%,$1.48B,$0.87B,58.64%,$1.48B,$0.32B,21.73%,$1.48B,$0.27B,18.35%,$0.27B,$3.65B,7.61%,$0.27B,$3.65B,7.61%,$0.27B,$9.63B,2.92%,$0.38B,$8.61B,4.57%,$381,$141,$240,$0,$16,$283,$98,$-43,$55,$-0,$56,$56,$43,$227,$98,$128,128,$0.33,$0.35,$97,$0,$0,$219,$8314,$0,$0,$174,$9407,$9627,$765,$4962,$253,$5215,$5980,$1,$-785,$11,$3647,$9627,$320,$487,$-99,$388,$-1,$0,$0,$-86,$-52,$656,$-159,$0,$-16,$-2,$-902,$-904,$18,$-1061,$632,$0,$632,$0,$250,$-444,$-37,$402,$-2,$0,$-401
20,2013-09-30,42.21,$28.66,1.47,$11.47,3.68,$-5.28,0.0,$2.13,19.81,$0.29B,$0.65B,0.44,$4.78B,$2.99B,1.6,$1.45B,$0.91B,62.51%,$1.45B,$0.38B,26.12%,$1.45B,$0.38B,26.12%,$1.45B,$0.85B,58.30%,$1.45B,$0.32B,22.26%,$1.45B,$0.27B,18.88%,$0.27B,$3.68B,7.75%,$0.27B,$3.68B,7.75%,$0.27B,$9.43B,3.01%,$0.38B,$8.46B,4.65%,$379,$157,$222,$0,$16,$294,$85,$69,$154,$0,$153,$153,$139,$210,$85,$128,135,$1.08,$1.06,$98,$0,$0,$289,$8064,$0,$0,$179,$9137,$9426,$653,$4780,$312,$5093,$5745,$1,$-728,$-10,$3681,$9426,$265,$357,$-97,$261,$-12,$0,$0,$-73,$-71,$454,$-157,$0,$-12,$-1,$-578,$-579,$16,$-733,$493,$0,$493,$0,$250,$-432,$-34,$277,$-1,$0,$-401
21,2013-06-30,47.14,$27.90,1.69,$11.47,4.11,$-16.43,0.0,$1.44,32.73,$0.22B,$0.62B,0.36,$4.70B,$2.89B,1.63,$1.41B,$0.90B,63.65%,$1.41B,$0.39B,27.65%,$1.41B,$0.39B,27.65%,$1.41B,$0.84B,59.26%,$1.41B,$0.23B,16.05%,$1.41B,$0.18B,12.80%,$0.18B,$3.58B,5.17%,$0.18B,$3.58B,5.17%,$0.18B,$9.19B,2.04%,$0.39B,$8.28B,4.93%,$364,$128,$235,$0,$18,$264,$100,$-40,$60,$0,$60,$60,$47,$219,$100,$128,129,$0.37,$0.37,$63,$0,$0,$223,$7884,$0,$0,$192,$8962,$9185,$618,$4698,$286,$4984,$5602,$1,$-767,$-64,$3583,$9185,$111,$233,$-6,$227,$4,$0,$0,$-56,$-63,$276,$-120,$0,$-5,$-1,$-600,$-601,$13,$-712,$490,$0,$490,$0,$250,$-318,$-17,$405,$-32,$0,$-298
22,2013-03-31,50.36,$26.34,1.91,$11.40,4.42,$-17.57,0.0,$1.45,34.73,$0.26B,$0.61B,0.43,$4.68B,$2.93B,1.6,$1.35B,$0.86B,63.74%,$1.35B,$0.38B,27.99%,$1.35B,$0.38B,27.99%,$1.35B,$0.80B,59.01%,$1.35B,$0.22B,16.40%,$1.35B,$0.18B,13.00%,$0.18B,$3.38B,5.36%,$0.18B,$3.38B,5.36%,$0.18B,$8.97B,2.13%,$0.38B,$8.06B,5.12%,$358,$129,$230,$0,$16,$260,$99,$-46,$53,$1,$52,$52,$43,$213,$99,$126,127,$0.34,$0.34,$86,$0,$0,$264,$7650,$0,$0,$189,$8707,$8971,$614,$4682,$294,$4976,$5590,$1,$-714,$-72,$3382,$8971,$52,$114,$2,$116,$-16,$0,$0,$-34,$-78,$89,$-78,$0,$-2,$-0,$-277,$-277,$2,$-356,$456,$0,$456,$0,$0,$-204,$0,$252,$-14,$0,$-196
23,2012-12-31,49.96,$27.96,1.79,$11.20,4.46,$-18.17,0.0,$1.47,33.98,$0.27B,$0.74B,0.36,$4.28B,$2.93B,1.46,$1.28B,$0.82B,63.96%,$1.28B,$0.37B,28.62%,$1.28B,$0.37B,28.62%,$1.28B,$0.76B,59.42%,$1.28B,$0.22B,17.12%,$1.28B,$0.17B,13.45%,$0.17B,$3.50B,5.55%,$0.17B,$3.50B,5.55%,$0.17B,$8.82B,2.26%,$0.37B,$7.78B,5.34%,$350,$129,$220,$0,$13,$255,$95,$-39,$56,$0,$56,$56,$45,$204,$95,$116,116,$0.36,$0.37,$100,$0,$0,$269,$7537,$0,$0,$167,$8551,$8819,$740,$4279,$302,$4581,$5321,$1,$-656,$-12,$3498,$8819,$216,$394,$14,$408,$-60,$0,$0,$-43,$-81,$543,$-1561,$0,$-34,$2,$-901,$-898,$18,$-2476,$1288,$0,$1288,$898,$1081,$-373,$-47,$1949,$16,$0,$-334
24,2012-09-30,50.3,$28.62,1.76,$10.92,4.61,$-7.33,0.0,$1.45,34.69,$0.27B,$0.62B,0.43,$4.08B,$2.95B,1.38,$1.20B,$0.78B,64.58%,$1.20B,$0.35B,29.33%,$1.20B,$0.35B,29.33%,$1.20B,$0.72B,60.08%,$1.20B,$0.21B,17.42%,$1.20B,$0.16B,13.58%,$0.16B,$3.53B,5.68%,$0.16B,$3.53B,5.68%,$0.16B,$8.51B,2.35%,$0.35B,$7.61B,5.60%,$342,$127,$215,$0,$14,$245,$97,$-39,$58,$1,$57,$57,$46,$202,$97,$122,122,$0.37,$0.37,$119,$0,$0,$265,$7265,$0,$0,$156,$8247,$8513,$616,$4080,$289,$4369,$4985,$1,$-610,$-25,$3528,$8513,$160,$284,$14,$298,$-53,$0,$0,$-42,$-102,$357,$-1452,$0,$-18,$3,$-634,$-630,$15,$-2085,$1095,$0,$1095,$898,$1081,$-363,$-49,$1764,$35,$0,$-334
25,2012-06-30,52.99,$24.83,2.13,$10.80,4.91,$3.42,15.49,$1.39,38.12,$0.18B,$0.37B,0.48,$3.40B,$2.12B,1.61,$1.13B,$0.74B,65.08%,$1.13B,$0.33B,28.91%,$1.13B,$0.33B,28.91%,$1.13B,$0.67B,59.59%,$1.13B,$0.19B,16.71%,$1.13B,$0.15B,13.17%,$0.15B,$2.74B,5.66%,$0.15B,$2.74B,5.66%,$0.15B,$6.72B,2.38%,$0.33B,$6.14B,5.71%,$304,$106,$198,$0,$15,$215,$88,$-33,$55,$1,$54,$54,$42,$180,$88,$110,110,$0.38,$0.38,$83,$0,$0,$180,$5753,$0,$0,$103,$6537,$6717,$373,$3400,$206,$3606,$3979,$1,$-566,$-56,$2738,$6717,$103,$180,$12,$192,$-3,$0,$0,$-48,$-64,$231,$-223,$0,$-9,$4,$-425,$-421,$6,$-646,$450,$0,$450,$65,$248,$-260,$-15,$422,$7,$0,$-241
26,2012-03-31,51.17,$24.53,2.09,$10.79,4.74,$5.09,10.06,$1.34,38.19,$0.16B,$0.32B,0.5,$3.26B,$2.06B,1.58,$1.10B,$0.72B,65.57%,$1.10B,$0.32B,28.86%,$1.10B,$0.32B,28.86%,$1.10B,$0.65B,59.63%,$1.10B,$0.17B,15.71%,$1.10B,$0.14B,12.69%,$0.14B,$2.63B,5.60%,$0.14B,$2.63B,5.60%,$0.14B,$6.42B,2.32%,$0.32B,$5.89B,5.76%,$283,$98,$185,$0,$14,$197,$86,$-36,$50,$1,$49,$49,$39,$174,$86,$107,108,$0.37,$0.36,$70,$0,$0,$161,$5514,$0,$0,$101,$6257,$6418,$324,$3261,$199,$3461,$3785,$1,$-528,$-37,$2633,$6418,$49,$88,$1,$89,$1,$0,$0,$-33,$-67,$71,$-126,$0,$-3,$1,$-190,$-189,$1,$-317,$326,$0,$326,$65,$65,$-166,$7,$232,$-14,$0,$-157
27,2011-12-31,45.21,$24.33,1.86,$10.87,4.16,$6.29,7.19,$1.32,34.25,$0.19B,$0.40B,0.47,$2.93B,$2.01B,1.46,$1.06B,$0.70B,65.48%,$1.06B,$0.31B,28.69%,$1.06B,$0.31B,28.69%,$1.06B,$0.63B,59.45%,$1.06B,$0.16B,15.15%,$1.06B,$0.13B,12.32%,$0.13B,$2.58B,5.62%,$0.13B,$2.58B,5.62%,$0.13B,$6.10B,2.27%,$0.31B,$5.51B,5.77%,$271,$93,$177,$0,$13,$189,$81,$-35,$46,$-1,$47,$47,$36,$165,$81,$98,99,$0.34,$0.35,$96,$0,$0,$186,$5219,$0,$0,$82,$5912,$6099,$401,$2930,$187,$3117,$3518,$1,$-489,$-56,$2580,$6099,$162,$327,$0,$328,$-21,$0,$0,$-63,$-89,$401,$-197,$0,$-20,$9,$-644,$-636,$21,$-831,$73,$0,$73,$455,$743,$-287,$-71,$459,$29,$0,$-261
28,2011-09-30,36.62,$24.75,1.48,$10.91,3.36,$-6.93,0.0,$1.25,29.3,$0.19B,$0.30B,0.62,$2.79B,$1.96B,1.42,$1.03B,$0.68B,66.05%,$1.03B,$0.30B,28.81%,$1.03B,$0.30B,28.81%,$1.03B,$0.62B,60.04%,$1.03B,$0.15B,14.74%,$1.03B,$0.12B,11.64%,$0.12B,$2.58B,5.45%,$0.12B,$2.58B,5.45%,$0.12B,$5.83B,2.15%,$0.30B,$5.36B,5.80%,$273,$97,$176,$0,$15,$202,$72,$-33,$38,$0,$38,$38,$32,$155,$72,$101,102,$0.32,$0.31,$94,$0,$0,$185,$4983,$0,$0,$89,$5642,$5826,$300,$2787,$163,$2949,$3250,$1,$-453,$-51,$2577,$5826,$115,$243,$-1,$243,$-10,$0,$0,$-61,$-78,$280,$-97,$0,$-18,$5,$-490,$-485,$8,$-592,$-15,$0,$-15,$411,$699,$-277,$-69,$339,$27,$0,$-261
29,2011-06-30,40.05,$21.61,1.85,$10.86,3.69,$-19.18,0.0,$1.05,38.15,$0.17B,$0.30B,0.57,$3.06B,$1.78B,1.72,$1.00B,$0.65B,65.53%,$1.00B,$0.29B,28.64%,$1.00B,$0.29B,28.64%,$1.00B,$0.60B,60.30%,$1.00B,$0.14B,13.87%,$1.00B,$0.10B,9.85%,$0.10B,$2.13B,4.74%,$0.10B,$2.13B,4.74%,$0.10B,$5.66B,1.81%,$0.29B,$5.19B,5.73%,$268,$88,$180,$0,$14,$191,$77,$-38,$38,$0,$38,$38,$32,$159,$77,$96,98,$0.33,$0.33,$85,$0,$0,$169,$4834,$0,$0,$93,$5490,$5658,$295,$3057,$173,$3230,$3525,$1,$-415,$-16,$2134,$5658,$77,$160,$-1,$159,$-7,$0,$0,$-44,$-47,$190,$-20,$0,$-8,$0,$-308,$-308,$4,$-331,$241,$0,$241,$171,$171,$-199,$-55,$157,$16,$0,$-188
30,2011-03-31,36.88,$22.15,1.67,$10.50,3.51,$-24.39,0.0,$0.83,44.44,$0.18B,$0.28B,0.66,$3.05B,$1.55B,1.97,$0.92B,$0.60B,65.04%,$0.92B,$0.26B,28.35%,$0.92B,$0.26B,28.35%,$0.92B,$0.56B,60.71%,$0.92B,$0.12B,12.99%,$0.92B,$0.08B,8.12%,$0.08B,$2.04B,3.67%,$0.08B,$2.04B,3.67%,$0.08B,$5.54B,1.46%,$0.26B,$5.08B,5.56%,$251,$87,$163,$0,$12,$176,$75,$-35,$39,$0,$39,$39,$31,$153,$75,$91,93,$0.34,$0.33,$104,$0,$0,$183,$4717,$0,$0,$82,$5354,$5537,$276,$3045,$177,$3222,$3498,$1,$-380,$-24,$2039,$5537,$39,$78,$-0,$78,$-6,$0,$0,$-26,$-52,$64,$-1,$0,$-1,$-0,$-135,$-135,$0,$-138,$234,$0,$234,$-5,$-5,$-124,$1,$106,$33,$0,$-117
31,2010-12-31,31.92,$22.54,1.42,$10.16,3.14,$-29.01,0.0,$0.67,47.64,$0.14B,$0.30B,0.48,$2.80B,$1.55B,1.8,$0.87B,$0.56B,65.09%,$0.87B,$0.24B,27.98%,$0.87B,$0.24B,27.98%,$0.87B,$0.53B,60.69%,$0.87B,$0.11B,12.37%,$0.87B,$0.06B,6.82%,$0.06B,$2.06B,3.03%,$0.06B,$2.06B,3.03%,$0.06B,$5.33B,1.23%,$0.24B,$4.85B,5.50%,$239,$77,$162,$0,$12,$166,$73,$-36,$37,$0,$36,$36,$25,$152,$73,$84,86,$0.28,$0.28,$72,$0,$0,$142,$4567,$0,$0,$73,$5187,$5329,$299,$2796,$179,$2975,$3275,$1,$-348,$-42,$2055,$5329,$105,$281,$3,$284,$-24,$0,$0,$-42,$-31,$359,$-1319,$0,$-7,$-17,$-400,$-418,$6,$-1738,$1078,$0,$1078,$619,$453,$-209,$-4,$1318,$-61,$0,$-172
32,2010-09-30,37.46,$22.91,1.64,$9.59,3.91,$-15.96,0.0,$0.58,64.59,$0.21B,$0.23B,0.91,$2.71B,$1.49B,1.82,$0.80B,$0.52B,64.95%,$0.80B,$0.22B,27.51%,$0.80B,$0.22B,27.51%,$0.80B,$0.48B,60.18%,$0.80B,$0.10B,11.93%,$0.80B,$0.05B,6.03%,$0.05B,$2.05B,2.61%,$0.05B,$2.05B,2.61%,$0.05B,$5.17B,1.09%,$0.22B,$4.76B,5.42%,$237,$90,$147,$0,$12,$177,$60,$-36,$24,$0,$24,$24,$10,$136,$60,$88,90,$0.11,$0.11,$128,$0,$0,$211,$4332,$0,$0,$79,$4960,$5171,$232,$2711,$179,$2890,$3122,$1,$-325,$-42,$2049,$5171,$69,$202,$1,$204,$-37,$0,$0,$-39,$-32,$240,$-1182,$0,$-4,$-18,$-259,$-277,$3,$-1459,$970,$0,$970,$555,$452,$-201,$-7,$1213,$-6,$0,$-172
33,2010-06-30,34.44,$23.34,1.48,$9.06,3.8,$-3.20,0.0,$0.63,54.66,$0.43B,$0.20B,2.19,$2.13B,$1.37B,1.55,$0.72B,$0.48B,66.07%,$0.72B,$0.21B,28.39%,$0.72B,$0.21B,28.39%,$0.72B,$0.44B,61.36%,$0.72B,$0.10B,13.16%,$0.72B,$0.05B,6.93%,$0.05B,$2.03B,2.87%,$0.05B,$2.03B,2.87%,$0.05B,$4.50B,1.26%,$0.21B,$4.16B,5.60%,$197,$69,$129,$0,$13,$143,$54,$-34,$20,$1,$20,$20,$9,$120,$54,$81,83,$0.11,$0.11,$378,$0,$0,$431,$3541,$0,$0,$84,$4070,$4501,$196,$2125,$148,$2273,$2469,$1,$-287,$-66,$2032,$4501,$45,$127,$1,$128,$-9,$0,$0,$-35,$-30,$143,$-431,$0,$-2,$-2,$-154,$-155,$2,$-586,$402,$0,$402,$466,$466,$-142,$-12,$714,$270,$0,$-122
34,2010-03-31,31.87,$21.09,1.51,$8.70,3.66,$1.89,16.9,$0.65,49.03,$0.15B,$0.17B,0.88,$2.17B,$0.99B,2.2,$0.68B,$0.45B,66.18%,$0.68B,$0.19B,28.53%,$0.68B,$0.19B,28.53%,$0.68B,$0.42B,61.47%,$0.68B,$0.10B,14.12%,$0.68B,$0.05B,7.50%,$0.05B,$1.65B,3.09%,$0.05B,$1.65B,3.09%,$0.05B,$4.15B,1.37%,$0.19B,$3.82B,5.67%,$192,$67,$125,$0,$11,$137,$55,$-29,$26,$1,$26,$26,$15,$117,$55,$78,81,$0.19,$0.18,$91,$0,$0,$145,$3494,$0,$0,$64,$4003,$4148,$166,$2168,$165,$2333,$2499,$1,$-255,$-48,$1649,$4148,$26,$61,$-1,$61,$-9,$0,$0,$-19,$-29,$57,$-375,$0,$0,$-1,$-67,$-67,$-0,$-443,$395,$0,$395,$57,$57,$-87,$-1,$364,$-22,$0,$-77
35,2009-12-31,29.06,$21.28,1.37,$8.31,3.5,$6.37,4.56,$0.61,47.64,$0.16B,$0.19B,0.83,$1.78B,$0.97B,1.84,$0.64B,$0.42B,66.09%,$0.64B,$0.18B,27.94%,$0.64B,$0.18B,27.94%,$0.64B,$0.39B,61.07%,$0.64B,$0.09B,14.44%,$0.64B,$0.05B,7.22%,$0.05B,$1.64B,2.79%,$0.05B,$1.64B,2.79%,$0.05B,$3.75B,1.31%,$0.18B,$3.42B,5.50%,$170,$54,$116,$0,$10,$120,$50,$-25,$25,$-0,$25,$25,$14,$106,$50,$76,77,$0.19,$0.18,$110,$0,$0,$156,$3151,$0,$0,$47,$3589,$3745,$188,$1784,$138,$1922,$2110,$1,$-232,$-28,$1635,$3745,$91,$211,$4,$215,$-16,$0,$0,$-32,$-22,$284,$-138,$0,$-5,$0,$-392,$-392,$15,$-520,$306,$0,$306,$90,$90,$-150,$-10,$235,$-1,$0,$-110
36,2009-09-30,25.94,$21.62,1.2,$8.20,3.16,$6.44,4.03,$0.63,41.17,$0.12B,$0.15B,0.81,$1.60B,$0.99B,1.61,$0.61B,$0.40B,65.31%,$0.61B,$0.17B,27.52%,$0.61B,$0.17B,27.52%,$0.61B,$0.37B,60.75%,$0.61B,$0.09B,14.98%,$0.61B,$0.05B,7.82%,$0.05B,$1.65B,2.93%,$0.05B,$1.65B,2.93%,$0.05B,$3.53B,1.41%,$0.17B,$3.25B,5.41%,$163,$56,$107,$0,$10,$118,$46,$-21,$24,$0,$24,$24,$12,$100,$46,$76,78,$0.16,$0.16,$78,$0,$0,$123,$2989,$0,$0,$51,$3409,$3532,$153,$1599,$126,$1725,$1878,$1,$-212,$-26,$1654,$3532,$66,$155,$1,$156,$-8,$0,$0,$-23,$-4,$219,$-39,$0,$-8,$1,$-323,$-323,$11,$-359,$171,$0,$171,$88,$88,$-140,$-10,$109,$-32,$0,$-110
37,2009-06-30,20.01,$21.95,0.91,$8.03,2.49,$4.86,4.12,$0.58,34.5,$0.14B,$0.13B,1.1,$1.52B,$1.01B,1.51,$0.59B,$0.39B,65.09%,$0.59B,$0.16B,26.48%,$0.59B,$0.16B,26.48%,$0.59B,$0.36B,60.20%,$0.59B,$0.09B,14.67%,$0.59B,$0.04B,7.25%,$0.04B,$1.67B,2.68%,$0.04B,$1.67B,2.68%,$0.04B,$3.45B,1.30%,$0.16B,$3.19B,5.21%,$155,$53,$102,$0,$10,$112,$43,$-21,$21,$0,$21,$21,$10,$95,$43,$76,77,$0.13,$0.13,$100,$0,$0,$140,$2897,$0,$0,$47,$3305,$3445,$127,$1520,$127,$1646,$1773,$1,$-197,$-27,$1671,$3445,$42,$101,$1,$101,$-4,$0,$0,$1,$-0,$143,$-19,$0,$-5,$1,$-246,$-245,$8,$-261,$113,$0,$113,$84,$84,$-100,$17,$114,$-4,$0,$-80
38,2009-03-31,18.19,$21.65,0.84,$7.83,2.32,$3.31,5.49,$0.50,36.37,$0.15B,$0.14B,1.06,$1.44B,$0.98B,1.46,$0.56B,$0.36B,64.41%,$0.56B,$0.14B,25.44%,$0.56B,$0.14B,25.44%,$0.56B,$0.33B,59.07%,$0.56B,$0.08B,14.23%,$0.56B,$0.04B,6.41%,$0.04B,$1.65B,2.35%,$0.04B,$1.65B,2.35%,$0.04B,$3.35B,1.12%,$0.14B,$3.09B,4.94%,$149,$53,$96,$0,$10,$110,$39,$-18,$22,$0,$21,$21,$10,$88,$39,$75,75,$0.14,$0.14,$110,$0,$0,$148,$2809,$0,$0,$50,$3204,$3352,$140,$1440,$126,$1566,$1706,$1,$-182,$-59,$1646,$3352,$21,$48,$0,$49,$-1,$0,$0,$7,$-28,$41,$0,$0,$-2,$1,$-137,$-136,$5,$-133,$64,$0,$64,$84,$84,$-63,$12,$97,$6,$0,$-53
39,2008-12-31,17.65,$21.49,0.82,$7.55,2.34,$2.71,6.51,$0.40,44.12,$0.16B,$0.20B,0.8,$1.39B,$0.91B,1.52,$0.53B,$0.34B,64.39%,$0.53B,$0.13B,24.43%,$0.53B,$0.13B,24.43%,$0.53B,$0.31B,58.71%,$0.53B,$0.07B,13.07%,$0.53B,$0.03B,5.30%,$0.03B,$1.58B,1.92%,$0.03B,$1.58B,1.92%,$0.03B,$3.28B,0.90%,$0.13B,$2.96B,4.67%,$147,$51,$96,$0,$8,$107,$41,$-15,$25,$0,$25,$25,$16,$90,$41,$69,70,$0.19,$0.20,$119,$0,$0,$158,$2740,$0,$0,$45,$3123,$3281,$197,$1385,$124,$1509,$1706,$1,$-167,$-50,$1575,$3281,$68,$181,$1,$181,$5,$0,$0,$-28,$-31,$218,$-80,$0,$-20,$-24,$-545,$-569,$21,$-648,$47,$0,$47,$225,$560,$-130,$-4,$472,$42,$0,$-91
40,2008-09-30,24.76,$21.05,1.18,$7.15,3.46,$-2.09,0.0,$0.20,123.79,$0.14B,$0.15B,0.93,$1.28B,$0.87B,1.48,$0.49B,$0.31B,63.86%,$0.49B,$0.11B,22.59%,$0.49B,$0.11B,22.59%,$0.49B,$0.28B,57.91%,$0.49B,$0.05B,9.86%,$0.49B,$0.01B,2.05%,$0.01B,$1.53B,0.75%,$0.01B,$1.53B,0.75%,$0.01B,$3.16B,0.34%,$0.11B,$2.81B,4.19%,$142,$50,$92,$0,$11,$108,$34,$-15,$19,$0,$18,$18,$7,$84,$34,$71,73,$0.11,$0.10,$87,$0,$0,$141,$2628,$0,$0,$55,$3018,$3159,$152,$1284,$113,$1480,$1632,$1,$-152,$-20,$1527,$3159,$43,$131,$2,$133,$-13,$0,$0,$-30,$-53,$124,$-70,$0,$-21,$-2,$-389,$-392,$15,$-468,$-84,$0,$-84,$224,$559,$-120,$-0,$355,$11,$0,$-91
41,2008-06-30,21.15,$20.68,1.02,$6.94,3.05,$-4.77,0.0,$0.09,234.97,$0.10B,$0.15B,0.71,$1.36B,$0.71B,1.93,$0.45B,$0.28B,63.11%,$0.45B,$0.10B,21.56%,$0.45B,$0.10B,21.56%,$0.45B,$0.26B,56.67%,$0.45B,$0.03B,7.56%,$0.45B,$0.00B,0.67%,$0.00B,$1.37B,0.26%,$0.00B,$1.37B,0.26%,$0.00B,$3.07B,0.11%,$0.10B,$2.73B,3.90%,$124,$46,$78,$0,$10,$95,$29,$-15,$14,$1,$14,$14,$3,$70,$29,$66,68,$0.05,$0.05,$57,$0,$0,$104,$2566,$0,$0,$63,$2967,$3071,$147,$1361,$115,$1556,$1703,$1,$-137,$18,$1368,$3071,$24,$81,$1,$82,$-1,$0,$0,$-16,$-33,$73,$-69,$0,$-12,$-1,$-249,$-251,$9,$-322,$-20,$0,$-20,$2,$336,$-86,$6,$237,$-12,$0,$-67
42,2008-03-31,18.08,$20.88,0.87,$6.64,2.72,$-5.78,0.0,$0.08,225.97,$0.12B,$0.14B,0.87,$1.19B,$0.71B,1.69,$0.42B,$0.27B,63.74%,$0.42B,$0.09B,21.56%,$0.42B,$0.09B,21.56%,$0.42B,$0.24B,56.64%,$0.42B,$0.03B,6.64%,$0.42B,$0.00B,0.71%,$0.00B,$1.37B,0.28%,$0.00B,$1.37B,0.28%,$0.00B,$2.90B,0.11%,$0.09B,$2.56B,3.90%,$115,$41,$74,$0,$9,$89,$25,$-14,$11,$0,$11,$11,$2,$66,$25,$65,67,$0.04,$0.03,$72,$0,$0,$118,$2379,$0,$0,$63,$2777,$2895,$136,$1191,$117,$1392,$1528,$1,$-121,$10,$1367,$2895,$11,$40,$0,$41,$2,$0,$0,$-9,$-34,$18,$-21,$0,$-3,$0,$-94,$-94,$4,$-113,$-188,$0,$-188,$0,$335,$-53,$5,$98,$3,$0,$-45
43,2007-12-31,19.19,$15.96,1.2,$6.46,2.97,$-6.76,0.0,$0.36,53.3,$0.12B,$0.20B,0.59,$1.37B,$0.72B,1.91,$0.40B,$0.25B,64.14%,$0.40B,$0.09B,22.22%,$0.40B,$0.09B,22.22%,$0.40B,$0.22B,56.57%,$0.40B,$0.02B,5.81%,$0.40B,$0.02B,5.05%,$0.02B,$1.04B,2.17%,$0.02B,$1.04B,2.17%,$0.02B,$2.81B,0.79%,$0.09B,$2.41B,3.99%,$106,$39,$67,$0,$7,$84,$22,$-18,$4,$0,$3,$4,$-2,$62,$22,$61,63,$-0.06,$-0.06,$73,$0,$0,$116,$2293,$0,$0,$64,$2693,$2809,$198,$1368,$121,$1567,$1766,$1,$-103,$3,$1044,$2809,$42,$136,$-16,$121,$5,$0,$0,$-43,$-57,$106,$-283,$0,$-11,$-3,$-266,$-269,$26,$-537,$216,$0,$216,$160,$335,$-97,$-13,$441,$9,$0,$-78
44,2007-09-30,19.39,$15.17,1.28,$6.96,2.79,$-13.13,0.0,$0.42,46.16,$0.12B,$0.13B,0.91,$1.34B,$0.59B,2.25,$0.37B,$0.24B,65.05%,$0.37B,$0.09B,23.39%,$0.37B,$0.09B,23.39%,$0.37B,$0.21B,56.72%,$0.37B,$0.03B,6.99%,$0.37B,$0.03B,6.72%,$0.03B,$0.92B,2.99%,$0.03B,$0.92B,2.99%,$0.03B,$2.58B,1.05%,$0.09B,$2.26B,4.22%,$105,$40,$65,$0,$8,$83,$21,$-16,$5,$0,$5,$5,$-0,$57,$21,$61,61,$-0.00,$-0.00,$88,$0,$0,$118,$2058,$0,$0,$69,$2458,$2576,$130,$1335,$116,$1525,$1655,$1,$-83,$9,$921,$2576,$35,$96,$-13,$83,$-2,$0,$0,$-33,$-38,$80,$-198,$0,$-7,$-5,$-144,$-150,$9,$-345,$195,$0,$195,$1,$176,$-67,$-11,$292,$27,$0,$-58
45,2007-06-30,18.26,$15.42,1.18,$7.12,2.57,$-18.48,0.0,$0.72,25.37,$0.11B,$0.10B,1.18,$1.17B,$0.61B,1.93,$0.34B,$0.23B,66.57%,$0.34B,$0.08B,24.85%,$0.34B,$0.08B,24.85%,$0.34B,$0.20B,57.99%,$0.34B,$0.03B,7.69%,$0.34B,$0.04B,10.65%,$0.04B,$0.94B,4.95%,$0.04B,$0.94B,4.95%,$0.04B,$2.39B,1.62%,$0.08B,$2.11B,4.45%,$96,$33,$63,$0,$8,$73,$23,$-15,$8,$0,$8,$8,$3,$54,$23,$61,63,$0.04,$0.04,$81,$0,$0,$112,$1872,$0,$0,$87,$2281,$2393,$95,$1172,$117,$1362,$1457,$1,$-65,$8,$936,$2393,$30,$61,$-14,$46,$0,$0,$0,$-17,$-20,$56,$-116,$0,$-5,$-1,$-84,$-85,$5,$-201,$43,$0,$43,$0,$175,$-42,$-6,$170,$26,$0,$-39
46,2007-03-31,19.06,$12.83,1.49,$7.44,2.56,$-20.59,0.0,$0.73,26.11,$0.10B,$0.09B,1.16,$1.27B,$0.62B,2.06,$0.30B,$0.20B,66.78%,$0.30B,$0.08B,25.99%,$0.30B,$0.08B,25.99%,$0.30B,$0.18B,58.88%,$0.30B,$0.02B,7.89%,$0.30B,$0.04B,11.51%,$0.04B,$0.78B,5.71%,$0.04B,$0.78B,5.71%,$0.04B,$2.33B,1.71%,$0.08B,$2.05B,4.69%,$89,$30,$59,$0,$7,$67,$22,$-16,$6,$0,$6,$6,$19,$51,$22,$57,58,$0.33,$0.32,$75,$0,$0,$104,$1814,$0,$0,$92,$2230,$2334,$90,$1272,$120,$1466,$1555,$1,$-51,$4,$778,$2334,$22,$29,$-15,$14,$-1,$0,$0,$-8,$-10,$26,$-87,$0,$0,$-1,$-44,$-44,$3,$-128,$146,$0,$146,$0,$0,$-19,$-0,$127,$25,$0,$-19
47,2006-12-31,16.11,$13.08,1.23,$7.93,2.03,$-19.88,0.0,$0.47,34.27,$0.08B,$0.11B,0.76,$1.12B,$0.55B,2.04,$0.27B,$0.18B,66.91%,$0.27B,$0.07B,27.21%,$0.27B,$0.07B,27.21%,$0.27B,$0.16B,60.29%,$0.27B,$0.03B,9.19%,$0.27B,$0.02B,6.62%,$0.02B,$0.71B,3.44%,$0.02B,$0.71B,3.44%,$0.02B,$2.19B,0.97%,$0.07B,$1.83B,5.00%,$82,$27,$55,$0,$7,$61,$21,$-14,$7,$0,$7,$6,$3,$49,$21,$36,37,$0.07,$0.06,$50,$0,$0,$82,$1707,$0,$0,$91,$2105,$2186,$108,$1123,$107,$1368,$1476,$1,$-52,$4,$710,$2186,$31,$89,$-3,$86,$-11,$0,$0,$-22,$-18,$99,$-444,$0,$-1,$-7,$-138,$-145,$-8,$-598,$354,$-131,$222,$382,$382,$-78,$-16,$510,$11,$0,$-65
