,Date,Stock Price,Book Value per Share,Price to Book Ratio,TTM Sales per Share,Price to Sales Ratio,TTM FCF per Share,Price to FCF Ratio,TTM Net EPS,PE Ratio,Current Assets,Current Liabilities,Current Ratio,Long Term Debt,Shareholder's Equity_x,Debt to Equity Ratio,TTM Revenue_x,TTM Gross Profit,Gross Margin,TTM Revenue_y,TTM Operating Income,Operating Margin,TTM Revenue_x,TTM EBIT,EBIT Margin,TTM Revenue_y,TTM EBITDA,EBITDA Margin,TTM Revenue_x,TTM Pre-Tax Income,Pre-Tax Margin,TTM Revenue_y,TTM Net Income_x,Net Margin,TTM Net Income_y,Shareholder's Equity_y,Return on Equity,TTM Net Income_x,Tangible Equity,Return on Tangible Equity,TTM Net Income_y,Total Assets,Return on Assets,TTM Net Income,LT Investments & Debt,Return on Investment,revenue,cost-goods-sold,gross-profit,research-development-expenses,selling-general-administrative-expenses,operating-expenses,operating-income,total-non-operating-income-expense,pre-tax-income,total-provision-income-taxes,income-after-taxes,income-from-continuous-operations,net-income,ebitda,ebit,basic-shares-outstanding,shares-outstanding,eps-basic-net-earnings-per-share,eps-earnings-per-share-diluted,cash-on-hand,inventory,other-current-assets,total-current-assets,net-property-plant-equipment,long-term-investments,goodwill-intangible-assets-total,other-long-term-assets,total-long-term-assets,total-assets,total-current-liabilities,long-term-debt,other-non-current-liabilities,total-long-term-liabilities,total-liabilities,common-stock-net,retained-earnings-accumulated-deficit,comprehensive-income,total-share-holder-equity,total-liabilities-share-holders-equity,net-income-loss,total-depreciation-amortization-cash-flow,other-non-cash-items,total-non-cash-items,change-in-accounts-receivable,change-in-inventories,change-in-accounts-payable,change-in-assets-liabilities,total-change-in-assets-liabilities,cash-flow-from-operating-activities,net-change-in-property-plant-equipment,net-change-in-intangible-assets,net-acquisitions-divestitures,net-change-in-short-term-investments,net-change-in-long-term-investments,net-change-in-investments-total,investing-activities-other,cash-flow-from-investing-activities,net-long-term-debt,net-current-debt,debt-issuance-retirement-net-total,net-common-equity-issued-repurchased,net-total-equity-issued-repurchased,total-common-preferred-stock-dividends-paid,financial-activities-other,cash-flow-from-financial-activities,net-cash-flow,stock-based-compensation,common-stock-dividends-paid
0,2018-07-31,23.02,$4.46,5.16,$15.91,1.45,$-4.78,0.0,$0.75,30.69,$0.12B,$0.04B,2.73,$0.08B,$0.15B,0.53,$0.51B,$0.28B,54.78%,$0.51B,$0.04B,7.60%,$0.51B,$0.04B,7.60%,$0.51B,$0.05B,9.55%,$0.51B,$0.04B,7.02%,$0.51B,$0.02B,4.68%,$0.02B,$0.15B,17.74%,$0.02B,$0.15B,17.74%,$0.02B,$0.27B,9.65%,$0.04B,$0.22B,20.74%,$111,$48,$62,$0,$52,$101,$10,$-1,$9,$2,$6,$6,$6,$13,$10,$32,32,$0.20,$0.20,$2,$102,$0,$117,$145,$6,$0,$2,$154,$270,$43,$77,$0,$82,$125,$89,$53,$0,$145,$270,$6,$6,$-0,$6,$0,$-12,$1,$-4,$-24,$-13,$-27,$0,$0,$0,$0,$0,$-1,$-27,$36,$0,$36,$0,$0,$0,$0,$36,$-4,$0,$0
1,2018-04-30,17.35,$4.25,4.08,$15.17,1.14,$-4.56,0.0,$0.68,25.51,$0.11B,$0.07B,1.58,$0.04B,$0.14B,0.26,$0.49B,$0.27B,54.92%,$0.49B,$0.04B,7.38%,$0.49B,$0.04B,7.38%,$0.49B,$0.05B,9.22%,$0.49B,$0.03B,6.97%,$0.49B,$0.02B,4.51%,$0.02B,$0.14B,17.05%,$0.02B,$0.14B,17.05%,$0.02B,$0.25B,9.70%,$0.04B,$0.17B,21.49%,$100,$44,$56,$0,$56,$100,$-0,$-1,$-1,$-0,$-1,$-1,$-1,$2,$-0,$32,32,$-0.02,$-0.02,$1,$98,$0,$110,$129,$6,$0,$4,$139,$249,$70,$36,$0,$41,$111,$88,$47,$0,$138,$249,$-1,$3,$0,$3,$0,$-10,$-1,$-3,$-13,$-11,$-14,$0,$0,$0,$0,$0,$0,$-14,$21,$0,$22,$0,$0,$0,$-0,$22,$-3,$0,$0
2,2018-01-31,17.61,$4.29,4.1,$14.63,1.2,$-4.15,0.0,$0.71,24.8,$0.10B,$0.05B,2.03,$0.03B,$0.14B,0.2,$0.47B,$0.26B,55.30%,$0.47B,$0.04B,7.84%,$0.47B,$0.04B,7.84%,$0.47B,$0.05B,9.75%,$0.47B,$0.04B,7.63%,$0.47B,$0.02B,4.87%,$0.02B,$0.14B,18.66%,$0.02B,$0.14B,18.70%,$0.02B,$0.22B,11.25%,$0.04B,$0.17B,24.03%,$218,$102,$116,$0,$86,$188,$30,$-1,$29,$9,$20,$20,$20,$32,$30,$32,32,$0.62,$0.61,$3,$90,$0,$102,$110,$6,$0,$5,$121,$223,$50,$28,$0,$33,$84,$88,$48,$0,$139,$223,$24,$9,$1,$9,$-0,$-18,$6,$-2,$-3,$30,$-46,$0,$0,$0,$-6,$-6,$-3,$-56,$4,$0,$4,$0,$0,$-0,$1,$5,$-21,$0,$-0
3,2017-10-31,20.66,$3.68,5.62,$13.30,1.55,$-3.90,0.0,$0.54,38.26,$0.15B,$0.06B,2.47,$0.07B,$0.12B,0.59,$0.43B,$0.24B,56.41%,$0.43B,$0.03B,6.99%,$0.43B,$0.03B,6.99%,$0.43B,$0.04B,9.09%,$0.43B,$0.03B,6.99%,$0.43B,$0.02B,3.96%,$0.02B,$0.12B,14.53%,$0.02B,$0.12B,14.59%,$0.02B,$0.25B,9.05%,$0.03B,$0.19B,21.20%,$84,$36,$47,$0,$48,$84,$-1,$-1,$-1,$-0,$-1,$-1,$-1,$2,$-1,$32,32,$-0.03,$-0.03,$1,$129,$0,$145,$98,$6,$0,$3,$108,$253,$59,$70,$0,$75,$134,$88,$29,$0,$119,$253,$4,$6,$-0,$6,$-0,$-57,$19,$-5,$-45,$-35,$-38,$0,$0,$0,$-6,$-6,$-1,$-45,$53,$3,$56,$0,$0,$-0,$1,$57,$-23,$0,$-0
4,2017-07-31,19.38,$3.69,5.25,$12.75,1.52,$-3.11,0.0,$0.58,33.41,$0.10B,$0.04B,2.54,$0.02B,$0.12B,0.17,$0.41B,$0.23B,56.80%,$0.41B,$0.03B,7.77%,$0.41B,$0.03B,7.77%,$0.41B,$0.04B,9.47%,$0.41B,$0.03B,7.77%,$0.41B,$0.02B,4.37%,$0.02B,$0.12B,16.04%,$0.02B,$0.12B,16.14%,$0.02B,$0.18B,11.01%,$0.03B,$0.14B,26.02%,$86,$37,$49,$0,$42,$79,$7,$-0,$7,$3,$4,$4,$4,$9,$7,$32,32,$0.13,$0.13,$1,$85,$0,$96,$76,$0,$0,$9,$86,$182,$38,$20,$0,$24,$62,$87,$29,$0,$120,$182,$5,$4,$-0,$3,$0,$-13,$7,$-2,$-20,$-12,$-20,$0,$0,$0,$0,$0,$-7,$-27,$14,$2,$16,$0,$0,$0,$1,$17,$-22,$0,$0
5,2017-04-30,22.15,$3.54,6.26,$12.12,1.83,$-2.53,0.0,$0.56,39.55,$0.10B,$0.04B,2.61,$0.01B,$0.12B,0.04,$0.39B,$0.22B,57.14%,$0.39B,$0.03B,7.91%,$0.39B,$0.03B,7.91%,$0.39B,$0.04B,9.44%,$0.39B,$0.03B,7.91%,$0.39B,$0.02B,4.59%,$0.02B,$0.12B,16.86%,$0.02B,$0.11B,16.98%,$0.02B,$0.16B,11.90%,$0.03B,$0.12B,27.49%,$84,$35,$49,$0,$48,$83,$1,$-0,$1,$0,$0,$0,$0,$3,$1,$32,32,$0.01,$0.01,$14,$76,$0,$96,$62,$0,$0,$1,$64,$160,$37,$5,$0,$8,$45,$87,$25,$0,$115,$160,$0,$2,$-0,$2,$0,$-4,$0,$1,$-6,$-4,$-8,$0,$0,$0,$0,$0,$-0,$-8,$0,$0,$0,$0,$0,$0,$0,$1,$-11,$0,$0
6,2017-01-31,22.62,$3.51,6.44,$11.66,1.94,$-2.38,0.0,$0.65,34.8,$0.10B,$0.04B,2.88,$0.00B,$0.11B,0.03,$0.38B,$0.22B,57.03%,$0.38B,$0.04B,9.28%,$0.38B,$0.04B,9.28%,$0.38B,$0.04B,10.61%,$0.38B,$0.04B,9.28%,$0.38B,$0.02B,5.57%,$0.02B,$0.11B,20.69%,$0.02B,$0.11B,20.84%,$0.02B,$0.16B,14.89%,$0.04B,$0.12B,32.86%,$175,$78,$97,$0,$74,$152,$23,$-0,$23,$9,$14,$14,$14,$25,$23,$32,32,$0.46,$0.44,$24,$70,$0,$101,$52,$0,$0,$2,$55,$156,$35,$3,$0,$7,$42,$86,$25,$0,$114,$156,$22,$6,$2,$7,$-0,$-14,$-3,$0,$-9,$20,$-29,$0,$0,$0,$0,$0,$-2,$-30,$-4,$0,$-4,$0,$0,$-0,$1,$-4,$-14,$0,$-0
7,2016-10-31,27.15,$3.07,8.83,$11.65,2.33,$-1.86,0.0,$0.59,46.02,$0.11B,$0.04B,2.79,$0.02B,$0.10B,0.16,$0.34B,$0.20B,57.60%,$0.34B,$0.03B,9.06%,$0.34B,$0.03B,9.06%,$0.34B,$0.04B,10.23%,$0.34B,$0.03B,9.06%,$0.34B,$0.03B,7.31%,$0.03B,$0.10B,26.18%,$0.03B,$0.10B,26.32%,$0.03B,$0.16B,18.90%,$0.03B,$0.12B,30.69%,$67,$28,$39,$0,$38,$66,$1,$0,$1,$0,$1,$1,$0,$2,$1,$32,32,$0.01,$0.01,$0,$97,$0,$108,$45,$0,$0,$2,$47,$156,$39,$16,$0,$17,$56,$86,$11,$0,$100,$156,$8,$4,$0,$4,$-0,$-41,$7,$-2,$-39,$-27,$-21,$0,$0,$0,$0,$0,$-1,$-22,$9,$2,$11,$0,$0,$-0,$1,$12,$-38,$0,$-0
