,Date,Stock Price,Book Value per Share,Price to Book Ratio,TTM Sales per Share,Price to Sales Ratio,TTM FCF per Share,Price to FCF Ratio,TTM Net EPS,PE Ratio,Current Assets,Current Liabilities,Current Ratio,Long Term Debt,Shareholder's Equity_x,Debt to Equity Ratio,TTM Revenue_x,TTM Gross Profit,Gross Margin,TTM Revenue_y,TTM Operating Income,Operating Margin,TTM Revenue_x,TTM EBIT,EBIT Margin,TTM Revenue_y,TTM EBITDA,EBITDA Margin,TTM Revenue_x,TTM Pre-Tax Income,Pre-Tax Margin,TTM Revenue_y,TTM Net Income_x,Net Margin,TTM Net Income_y,Shareholder's Equity_y,Return on Equity,TTM Net Income_x,Tangible Equity,Return on Tangible Equity,TTM Net Income_y,Total Assets,Return on Assets,TTM Net Income,LT Investments & Debt,Return on Investment,revenue,cost-goods-sold,gross-profit,research-development-expenses,selling-general-administrative-expenses,operating-expenses,operating-income,total-non-operating-income-expense,pre-tax-income,total-provision-income-taxes,income-after-taxes,income-from-continuous-operations,net-income,ebitda,ebit,basic-shares-outstanding,shares-outstanding,eps-basic-net-earnings-per-share,eps-earnings-per-share-diluted,cash-on-hand,inventory,other-current-assets,total-current-assets,net-property-plant-equipment,long-term-investments,goodwill-intangible-assets-total,other-long-term-assets,total-long-term-assets,total-assets,total-current-liabilities,long-term-debt,other-non-current-liabilities,total-long-term-liabilities,total-liabilities,common-stock-net,retained-earnings-accumulated-deficit,comprehensive-income,total-share-holder-equity,total-liabilities-share-holders-equity,net-income-loss,total-depreciation-amortization-cash-flow,other-non-cash-items,total-non-cash-items,change-in-accounts-receivable,change-in-inventories,change-in-accounts-payable,change-in-assets-liabilities,total-change-in-assets-liabilities,cash-flow-from-operating-activities,net-change-in-property-plant-equipment,net-change-in-intangible-assets,net-acquisitions-divestitures,net-change-in-short-term-investments,net-change-in-long-term-investments,net-change-in-investments-total,investing-activities-other,cash-flow-from-investing-activities,net-long-term-debt,net-current-debt,debt-issuance-retirement-net-total,net-common-equity-issued-repurchased,net-total-equity-issued-repurchased,total-common-preferred-stock-dividends-paid,financial-activities-other,cash-flow-from-financial-activities,net-cash-flow,stock-based-compensation,common-stock-dividends-paid
0,2018-07-31,91.28,$32.15,2.84,$95.56,0.96,$6.73,13.56,$7.20,12.68,$4.27B,$1.91B,2.24,$5.04B,$0.00B,0.0,$22.76B,$7.13B,31.33%,$22.76B,$2.01B,8.84%,$22.76B,$2.01B,8.84%,$22.76B,$2.68B,11.78%,$22.76B,$1.59B,7.00%,$22.76B,$1.72B,7.54%,$1.72B,$7.65B,24.24%,$1.72B,$-0.82B,-120.82%,$1.72B,$16.10B,10.72%,$2.01B,$12.69B,16.52%,$5526,$3862,$1664,$0,$1281,$5143,$383,$-45,$338,$64,$274,$274,$274,$537,$383,$238,239,$1.15,$1.15,$647,$3288,$337,$4273,$3316,$0,$8463,$52,$11831,$16104,$1907,$5042,$501,$6549,$8456,$0,$0,$0,$7648,$16104,$434,$356,$154,$510,$0,$0,$0,$-176,$-176,$769,$-395,$0,$0,$0,$0,$0,$0,$-395,$-657,$0,$-657,$10,$10,$0,$-177,$-824,$-451,$0,$0
1,2018-04-30,95.89,$30.93,3.1,$94.65,1.01,$6.87,13.96,$7.03,13.64,$4.04B,$1.92B,2.11,$5.04B,$0.00B,0.0,$22.51B,$7.10B,31.52%,$22.51B,$2.05B,9.10%,$22.51B,$2.05B,9.10%,$22.51B,$2.72B,12.08%,$22.51B,$1.60B,7.10%,$22.51B,$1.68B,7.44%,$1.68B,$7.36B,25.27%,$1.68B,$-1.13B,-88.72%,$1.68B,$15.83B,10.56%,$2.05B,$12.40B,17.27%,$5554,$3854,$1700,$0,$1262,$5116,$438,$-230,$207,$47,$161,$161,$161,$639,$438,$238,239,$0.68,$0.67,$475,$3248,$319,$4042,$3250,$0,$8484,$52,$11785,$15827,$1917,$5040,$495,$6554,$8471,$0,$0,$0,$7356,$15827,$161,$201,$139,$341,$0,$0,$0,$-113,$-113,$388,$-181,$0,$0,$0,$0,$0,$0,$-181,$-657,$0,$-657,$5,$5,$0,$-177,$-829,$-623,$0,$0
2,2018-01-31,115.0,$30.27,3.8,$93.64,1.23,$7.36,15.61,$7.21,15.95,$4.58B,$2.86B,1.6,$4.76B,$0.00B,0.0,$22.25B,$7.02B,31.57%,$22.25B,$2.00B,8.99%,$22.25B,$2.00B,8.99%,$22.25B,$2.63B,11.80%,$22.25B,$1.71B,7.66%,$22.25B,$1.72B,7.71%,$1.72B,$7.18B,27.70%,$1.72B,$-1.32B,-73.09%,$1.72B,$16.33B,10.79%,$2.00B,$11.94B,17.09%,$6361,$4260,$2101,$0,$1370,$5595,$766,$-74,$692,$-349,$1040,$1040,$1040,$926,$766,$237,238,$4.39,$4.37,$1098,$3169,$309,$4576,$3201,$0,$8505,$51,$11757,$16333,$2859,$4762,$500,$6291,$9151,$0,$0,$0,$7182,$16333,$1714,$627,$-378,$248,$0,$-301,$55,$-147,$-452,$1510,$-632,$0,$0,$0,$4,$4,$0,$-628,$-659,$0,$-659,$35,$35,$0,$-27,$-652,$231,$66,$0
3,2017-10-31,91.25,$25.80,3.54,$90.68,1.01,$8.35,10.93,$4.20,21.73,$3.97B,$2.04B,1.95,$5.56B,$0.00B,0.0,$21.52B,$6.73B,31.26%,$21.52B,$1.82B,8.46%,$21.52B,$1.82B,8.46%,$21.52B,$2.46B,11.42%,$21.52B,$1.51B,7.02%,$21.52B,$1.00B,4.63%,$1.00B,$6.12B,17.36%,$1.00B,$-2.41B,-35.38%,$1.00B,$15.73B,6.33%,$1.82B,$11.67B,15.68%,$5317,$3651,$1666,$0,$1241,$4891,$425,$-70,$355,$115,$240,$240,$240,$578,$425,$237,238,$1.01,$1.01,$400,$3398,$175,$3973,$3179,$0,$8527,$52,$11758,$15730,$2040,$5557,$499,$7574,$9614,$0,$0,$0,$6117,$15730,$674,$467,$131,$598,$0,$0,$0,$-679,$-679,$593,$-450,$0,$0,$0,$4,$4,$0,$-446,$-611,$0,$-611,$24,$24,$0,$-27,$-614,$-466,$0,$0
4,2017-07-31,72.08,$24.75,2.91,$89.44,0.81,$8.61,8.37,$3.91,18.43,$3.82B,$2.09B,1.83,$5.60B,$0.00B,0.0,$21.21B,$6.58B,31.04%,$21.21B,$1.74B,8.19%,$21.21B,$1.74B,8.19%,$21.21B,$2.41B,11.36%,$21.21B,$1.39B,6.54%,$21.21B,$0.93B,4.38%,$0.93B,$5.86B,16.96%,$0.93B,$-2.69B,-29.89%,$0.93B,$15.53B,5.86%,$1.74B,$11.46B,14.86%,$5281,$3653,$1628,$0,$1206,$4862,$420,$-76,$344,$110,$234,$234,$234,$576,$420,$237,237,$0.99,$0.98,$697,$2929,$189,$3815,$3115,$0,$8551,$51,$11717,$15532,$2085,$5595,$501,$7587,$9672,$0,$0,$0,$5860,$15532,$434,$314,$96,$410,$0,$0,$0,$-169,$-169,$675,$-270,$0,$0,$0,$0,$0,$0,$-270,$-569,$0,$-569,$15,$15,$0,$-25,$-579,$-173,$0,$0
5,2017-04-30,82.77,$23.70,3.49,$88.30,0.94,$8.28,10.0,$3.65,22.68,$4.28B,$2.24B,1.91,$6.13B,$0.00B,0.0,$20.92B,$6.47B,30.91%,$20.92B,$1.67B,8.00%,$20.92B,$1.67B,8.00%,$20.92B,$2.36B,11.27%,$20.92B,$1.31B,6.27%,$20.92B,$0.87B,4.13%,$0.87B,$5.61B,16.55%,$0.87B,$-2.96B,-25.56%,$0.87B,$16.00B,5.39%,$1.67B,$11.74B,14.16%,$5287,$3660,$1627,$0,$1187,$4898,$389,$-75,$314,$113,$201,$201,$201,$546,$389,$236,237,$0.85,$0.85,$1159,$2878,$241,$4278,$3094,$0,$8571,$52,$11717,$15995,$2241,$6132,$508,$8145,$10386,$0,$0,$0,$5609,$15995,$201,$158,$61,$218,$0,$0,$0,$12,$12,$431,$-108,$0,$0,$0,$0,$0,$0,$-108,$-28,$0,$-28,$12,$12,$0,$-18,$-34,$289,$0,$0
6,2017-01-31,77.19,$22.82,3.38,$87.53,0.88,$7.50,10.3,$3.78,20.42,$3.94B,$2.11B,1.87,$6.17B,$5.39B,1.15,$20.72B,$6.40B,30.86%,$20.72B,$1.70B,8.22%,$20.72B,$1.70B,8.22%,$20.72B,$2.40B,11.57%,$20.72B,$1.33B,6.42%,$20.72B,$0.90B,4.33%,$0.90B,$5.39B,17.97%,$0.90B,$-3.21B,-24.61%,$0.90B,$15.70B,5.58%,$1.70B,$11.56B,14.37%,$5636,$3828,$1807,$0,$1221,$5049,$587,$-89,$498,$176,$322,$322,$322,$758,$586,$236,237,$1.36,$1.36,$870,$2866,$202,$3938,$3116,$0,$8597,$51,$11764,$15702,$2106,$6170,$506,$8206,$10312,$2,$2953,$-38,$5390,$15702,$896,$693,$-53,$640,$0,$22,$-134,$172,$138,$1673,$-566,$0,$0,$0,$82,$82,$0,$-484,$-1074,$0,$-1074,$42,$42,$0,$-28,$-1061,$130,$62,$0
7,2016-10-31,75.55,$21.39,3.53,$87.74,0.86,$4.26,17.73,$3.39,22.29,$4.34B,$2.13B,2.04,$6.94B,$0.00B,0.0,$20.45B,$6.24B,30.52%,$20.45B,$1.59B,7.77%,$20.45B,$1.59B,7.77%,$20.45B,$2.34B,11.44%,$20.45B,$1.19B,5.79%,$20.45B,$0.80B,3.93%,$0.80B,$5.05B,16.94%,$0.80B,$-3.57B,-20.54%,$0.80B,$16.20B,4.99%,$1.59B,$11.99B,13.37%,$5002,$3481,$1521,$0,$1178,$4659,$342,$-112,$230,$59,$172,$172,$172,$530,$342,$236,237,$0.73,$0.72,$738,$3274,$331,$4342,$3176,$0,$8622,$54,$11853,$16195,$2134,$6938,$507,$9013,$11147,$0,$0,$0,$5048,$16195,$574,$521,$-33,$489,$0,$0,$0,$-408,$-408,$655,$-450,$0,$0,$0,$82,$82,$0,$-368,$-296,$0,$-296,$33,$33,$0,$-27,$-290,$-2,$0,$0
8,2016-07-31,96.29,$20.61,4.67,$87.61,1.1,$1.84,52.23,$3.02,31.88,$4.45B,$2.18B,2.04,$7.16B,$0.00B,0.0,$20.39B,$6.12B,30.01%,$20.39B,$1.47B,7.21%,$20.39B,$1.47B,7.21%,$20.39B,$2.21B,10.86%,$20.39B,$1.08B,5.30%,$20.39B,$0.71B,3.50%,$0.71B,$4.86B,15.80%,$0.71B,$-3.79B,-17.13%,$0.71B,$16.33B,4.39%,$1.47B,$12.01B,12.27%,$4996,$3484,$1512,$0,$1155,$4639,$357,$-87,$270,$100,$170,$170,$170,$524,$357,$236,237,$0.72,$0.72,$1097,$2975,$377,$4449,$3174,$0,$8648,$58,$11880,$16329,$2180,$7156,$507,$9293,$11473,$0,$0,$0,$4857,$16329,$403,$334,$12,$346,$0,$0,$0,$-68,$-68,$680,$-354,$0,$0,$0,$82,$82,$0,$-272,$-54,$0,$-54,$23,$23,$0,$-21,$-52,$357,$0,$0
9,2016-04-30,79.71,$19.82,4.02,$80.55,0.99,$-0.43,0.0,$1.84,43.32,$4.17B,$2.05B,2.04,$7.21B,$0.00B,0.0,$18.41B,$5.46B,29.68%,$18.41B,$1.24B,6.71%,$18.41B,$1.24B,6.71%,$18.41B,$1.90B,10.32%,$18.41B,$0.67B,3.63%,$18.41B,$0.45B,2.42%,$0.45B,$4.67B,10.33%,$0.45B,$-4.01B,-10.17%,$0.45B,$16.06B,2.74%,$1.24B,$11.88B,10.25%,$5086,$3531,$1555,$0,$1136,$4667,$419,$-87,$332,$99,$233,$233,$233,$586,$419,$235,236,$0.99,$0.98,$934,$2930,$309,$4172,$3153,$0,$8674,$61,$11889,$16061,$2049,$7210,$495,$9342,$11391,$0,$0,$0,$4670,$16061,$233,$167,$7,$174,$0,$0,$0,$-96,$-96,$311,$-175,$0,$0,$0,$82,$82,$0,$-93,$-21,$0,$-21,$14,$14,$0,$-18,$-25,$194,$0,$0
10,2016-01-31,81.32,$18.76,4.34,$69.55,1.17,$-0.60,0.0,$1.20,67.77,$3.94B,$2.10B,1.88,$7.24B,$4.41B,1.64,$15.50B,$4.66B,30.05%,$15.50B,$1.05B,6.78%,$15.50B,$1.05B,6.78%,$15.50B,$1.60B,10.34%,$15.50B,$0.45B,2.90%,$15.50B,$0.28B,1.83%,$0.28B,$4.41B,7.82%,$0.28B,$-4.29B,-9.57%,$0.28B,$15.90B,1.89%,$1.05B,$11.65B,9.12%,$5365,$3713,$1653,$0,$1183,$4896,$470,$-117,$353,$124,$229,$229,$229,$700,$470,$223,224,$1.04,$1.03,$740,$2886,$310,$3936,$3126,$0,$8697,$143,$11965,$15901,$2095,$7238,$503,$9399,$11494,$2,$2056,$-43,$4407,$15901,$282,$552,$87,$639,$0,$-88,$184,$-218,$-119,$803,$-480,$0,$-6528,$0,$29,$29,$0,$-6978,$6204,$0,$6204,$14,$14,$0,$-169,$6049,$-128,$53,$0
11,2015-10-31,65.49,$17.64,3.71,$57.50,1.14,$0.95,69.25,$1.23,53.24,$4.63B,$2.16B,2.14,$8.25B,$0.00B,0.0,$12.61B,$3.92B,31.10%,$12.61B,$0.96B,7.65%,$12.61B,$0.96B,7.65%,$12.61B,$1.34B,10.63%,$12.61B,$0.42B,3.34%,$12.61B,$0.26B,2.06%,$0.26B,$4.14B,8.78%,$0.26B,$-4.58B,-17.56%,$0.26B,$16.70B,2.18%,$0.96B,$12.39B,10.46%,$4945,$3545,$1400,$0,$1176,$4722,$224,$-99,$125,$43,$82,$82,$82,$404,$224,$235,236,$0.35,$0.35,$1111,$3185,$235,$4628,$3141,$0,$8725,$186,$12071,$16699,$2161,$8248,$479,$10396,$12557,$0,$0,$0,$4142,$16699,$53,$322,$-20,$302,$0,$0,$0,$-385,$-385,$-29,$-337,$0,$-6528,$0,$-12,$-12,$0,$-6877,$7244,$0,$7244,$6,$6,$0,$-101,$7149,$243,$0,$0
12,2015-07-31,78.03,$17.24,4.53,$46.66,1.67,$3.16,24.73,$1.52,51.34,$4.53B,$2.07B,2.18,$8.27B,$0.00B,0.0,$9.76B,$3.25B,33.27%,$9.76B,$0.96B,9.84%,$9.76B,$0.96B,9.84%,$9.76B,$1.21B,12.37%,$9.76B,$0.51B,5.17%,$9.76B,$0.31B,3.19%,$0.31B,$4.05B,13.39%,$0.31B,$-4.66B,1681.08%,$0.31B,$16.57B,3.63%,$0.96B,$12.31B,14.32%,$3011,$2156,$855,$0,$732,$2888,$123,$-266,$-142,$-44,$-98,$-98,$-98,$210,$123,$214,214,$-0.46,$-0.46,$1307,$2825,$308,$4525,$3152,$0,$8710,$179,$12040,$16565,$2073,$8266,$490,$10445,$12518,$0,$0,$0,$4047,$16565,$-29,$142,$40,$182,$0,$0,$0,$-178,$-178,$-24,$-167,$0,$-6526,$0,$0,$0,$-12,$-6705,$7265,$0,$7265,$4,$4,$0,$-100,$7169,$438,$0,$0
13,2015-04-30,76.41,$9.07,8.42,$42.44,1.8,$5.04,15.15,$2.57,29.73,$9.34B,$1.02B,9.2,$7.82B,$0.00B,0.0,$8.78B,$3.09B,35.15%,$8.78B,$1.04B,11.87%,$8.78B,$1.04B,11.87%,$8.78B,$1.25B,14.25%,$8.78B,$0.84B,9.61%,$8.78B,$0.53B,6.05%,$0.53B,$1.87B,31.75%,$0.53B,$1.70B,35.33%,$0.53B,$10.87B,10.18%,$1.04B,$9.69B,24.97%,$2177,$1428,$749,$0,$516,$1944,$233,$-120,$113,$44,$70,$70,$70,$288,$233,$206,207,$0.34,$0.34,$8115,$1094,$108,$9336,$1226,$0,$167,$102,$1534,$10869,$1015,$7820,$157,$7983,$8998,$0,$0,$0,$1871,$10869,$70,$55,$23,$79,$0,$0,$0,$2,$2,$150,$-67,$0,$0,$0,$0,$0,$-7244,$-7311,$7180,$0,$7180,$3,$3,$0,$-16,$7167,$6,$0,$0
14,2015-01-31,71.1,$8.68,8.19,$41.56,1.71,$5.25,13.54,$2.90,24.52,$2.00B,$0.86B,2.32,$0.68B,$1.79B,0.38,$8.60B,$3.03B,35.27%,$8.60B,$1.04B,12.10%,$8.60B,$1.04B,12.10%,$8.60B,$1.25B,14.49%,$8.60B,$0.96B,11.10%,$8.60B,$0.60B,6.96%,$0.60B,$1.79B,39.05%,$0.60B,$1.62B,43.91%,$0.60B,$3.49B,18.51%,$1.04B,$2.47B,45.91%,$2476,$1558,$918,$0,$534,$2092,$384,$-59,$325,$118,$206,$206,$206,$438,$384,$206,207,$1.00,$1.00,$864,$1036,$67,$1995,$1211,$0,$166,$91,$1498,$3493,$862,$683,$157,$846,$1708,$2,$1774,$-34,$1785,$3493,$599,$206,$25,$230,$0,$-6,$42,$82,$113,$943,$-324,$0,$0,$0,$9,$9,$0,$-315,$-13,$0,$-13,$6,$6,$0,$-23,$-31,$596,$38,$0
15,2014-10-31,60.57,$7.71,7.86,$39.80,1.52,$4.38,13.84,$2.92,20.74,$1.80B,$0.87B,2.07,$0.76B,$0.00B,0.0,$8.36B,$2.94B,35.18%,$8.36B,$1.01B,12.02%,$8.36B,$1.01B,12.02%,$8.36B,$1.21B,14.42%,$8.36B,$0.97B,11.59%,$8.36B,$0.61B,7.25%,$0.61B,$1.59B,43.90%,$0.61B,$1.42B,50.09%,$0.61B,$3.37B,19.83%,$1.01B,$2.34B,47.13%,$2095,$1370,$725,$0,$506,$1876,$220,$-10,$209,$76,$133,$133,$133,$271,$220,$206,207,$0.65,$0.64,$408,$1305,$62,$1796,$1193,$0,$171,$155,$1572,$3368,$867,$757,$159,$916,$1783,$0,$0,$0,$1585,$3368,$393,$152,$2,$153,$0,$0,$0,$-157,$-157,$389,$-253,$0,$0,$0,$9,$9,$-0,$-244,$-13,$0,$-13,$4,$4,$0,$4,$-5,$140,$0,$0
16,2014-07-31,54.47,$7.04,7.73,$38.36,1.42,$4.10,13.29,$2.86,19.05,$1.66B,$0.78B,2.12,$0.74B,$0.00B,0.0,$8.15B,$2.88B,35.28%,$8.15B,$0.99B,12.13%,$8.15B,$0.99B,12.13%,$8.15B,$1.19B,14.57%,$8.15B,$0.96B,11.77%,$8.15B,$0.60B,7.34%,$0.60B,$1.45B,48.86%,$0.60B,$1.28B,56.80%,$0.60B,$3.13B,20.38%,$0.99B,$2.19B,48.52%,$2031,$1337,$694,$0,$489,$1826,$205,$-8,$197,$75,$122,$122,$122,$254,$205,$206,207,$0.59,$0.59,$468,$1084,$94,$1663,$1153,$0,$174,$98,$1467,$3130,$783,$740,$159,$899,$1682,$0,$0,$0,$1448,$3130,$260,$101,$10,$110,$0,$0,$0,$-5,$-5,$365,$-160,$0,$0,$0,$0,$0,$0,$-160,$-13,$0,$-13,$3,$3,$0,$4,$-6,$200,$0,$0
17,2014-04-30,52.07,$6.37,8.17,$36.80,1.41,$3.55,14.65,$2.83,18.4,$1.54B,$0.73B,2.12,$0.75B,$0.00B,0.0,$7.98B,$2.83B,35.50%,$7.98B,$0.99B,12.35%,$7.98B,$0.99B,12.35%,$7.98B,$1.18B,14.82%,$7.98B,$0.96B,12.08%,$7.98B,$0.60B,7.54%,$0.60B,$1.32B,45.58%,$0.60B,$1.15B,52.37%,$0.60B,$2.95B,20.87%,$0.99B,$2.07B,48.96%,$2000,$1304,$697,$0,$465,$1768,$232,$-8,$224,$86,$138,$138,$138,$283,$232,$207,208,$0.67,$0.67,$387,$1043,$93,$1537,$1116,$0,$170,$102,$1417,$2954,$725,$753,$153,$912,$1636,$0,$0,$0,$1318,$2954,$138,$51,$16,$67,$0,$0,$0,$-7,$-7,$198,$-72,$0,$0,$0,$0,$0,$0,$-72,$-13,$0,$-13,$2,$2,$0,$3,$-8,$119,$0,$0
18,2014-01-31,50.52,$5.62,8.98,$35.46,1.42,$3.06,16.51,$2.75,18.37,$1.38B,$0.69B,2.01,$0.76B,$1.17B,0.65,$7.84B,$2.79B,35.58%,$7.84B,$0.97B,12.37%,$7.84B,$0.97B,12.37%,$7.84B,$1.16B,14.81%,$7.84B,$0.96B,12.18%,$7.84B,$0.60B,7.61%,$0.60B,$1.17B,41.92%,$0.60B,$1.00B,47.67%,$0.60B,$2.77B,20.99%,$0.97B,$1.93B,48.66%,$2235,$1410,$825,$0,$477,$1887,$348,$-9,$339,$126,$213,$213,$213,$398,$348,$218,219,$1.00,$0.99,$268,$1035,$0,$1379,$1094,$0,$169,$106,$1393,$2772,$686,$757,$152,$915,$1601,$2,$1175,$-17,$1171,$2772,$597,$191,$48,$239,$0,$-68,$47,$12,$-41,$794,$-331,$-0,$0,$0,$6,$6,$0,$-325,$499,$0,$499,$-1112,$-1106,$0,$10,$-598,$-132,$37,$0
19,2013-10-31,58.4,$4.61,12.67,$34.99,1.67,$2.53,23.09,$2.74,21.31,$1.49B,$0.77B,1.94,$1.01B,$0.00B,0.0,$7.85B,$2.82B,35.86%,$7.85B,$0.99B,12.56%,$7.85B,$0.99B,12.56%,$7.85B,$1.17B,14.94%,$7.85B,$0.98B,12.47%,$7.85B,$0.61B,7.81%,$0.61B,$0.96B,39.60%,$0.61B,$0.79B,44.57%,$0.61B,$2.88B,21.59%,$0.99B,$1.97B,49.49%,$1885,$1225,$660,$0,$456,$1680,$204,$-6,$199,$73,$125,$125,$125,$253,$204,$217,217,$0.58,$0.58,$147,$1237,$83,$1488,$1102,$0,$172,$98,$1395,$2883,$767,$1007,$145,$1157,$1924,$0,$0,$0,$959,$2883,$384,$140,$40,$180,$0,$0,$0,$-197,$-197,$367,$-284,$0,$0,$0,$15,$15,$-0,$-269,$749,$0,$749,$-1107,$-1107,$0,$10,$-349,$-253,$0,$0
20,2013-07-31,53.65,$8.19,6.55,$33.77,1.59,$2.48,21.62,$2.84,18.89,$1.53B,$0.67B,2.28,$0.26B,$0.00B,0.0,$7.69B,$2.76B,35.85%,$7.69B,$0.97B,12.57%,$7.69B,$0.97B,12.57%,$7.69B,$1.15B,14.93%,$7.69B,$1.02B,13.32%,$7.69B,$0.64B,8.36%,$0.64B,$1.83B,37.98%,$0.64B,$1.65B,42.30%,$0.64B,$2.91B,23.15%,$0.97B,$2.08B,49.58%,$1855,$1206,$649,$0,$447,$1654,$201,$-1,$201,$76,$125,$125,$125,$248,$201,$223,224,$0.56,$0.56,$414,$1018,$85,$1533,$1067,$0,$172,$102,$1375,$2908,$672,$257,$148,$411,$1082,$0,$0,$0,$1826,$2908,$258,$92,$23,$115,$0,$0,$0,$-73,$-73,$300,$-200,$0,$0,$0,$15,$15,$-0,$-185,$-2,$0,$-2,$-109,$-109,$0,$10,$-101,$14,$0,$0
21,2013-04-30,47.56,$7.77,6.12,$32.83,1.45,$2.63,18.07,$2.79,17.05,$1.49B,$0.66B,2.25,$0.26B,$0.00B,0.0,$7.54B,$2.71B,35.91%,$7.54B,$0.95B,12.59%,$7.54B,$0.95B,12.59%,$7.54B,$1.13B,14.95%,$7.54B,$1.01B,13.35%,$7.54B,$0.64B,8.45%,$0.64B,$1.74B,39.39%,$0.64B,$1.57B,44.11%,$0.64B,$2.81B,23.81%,$0.95B,$2.00B,50.73%,$1866,$1210,$656,$0,$439,$1649,$217,$-1,$216,$82,$134,$134,$134,$262,$217,$224,225,$0.60,$0.59,$383,$1010,$83,$1490,$1018,$0,$173,$102,$1322,$2812,$663,$257,$147,$409,$1072,$0,$0,$0,$1740,$2812,$134,$45,$24,$69,$0,$0,$0,$-73,$-73,$129,$-103,$0,$0,$0,$15,$15,$0,$-88,$0,$0,$0,$-66,$-66,$0,$9,$-57,$-17,$0,$0
22,2013-01-31,39.99,$7.42,5.39,$31.95,1.25,$2.81,14.21,$2.70,14.81,$1.47B,$0.68B,2.18,$0.26B,$1.67B,0.15,$7.40B,$2.65B,35.88%,$7.40B,$0.92B,12.44%,$7.40B,$0.92B,12.44%,$7.40B,$1.10B,14.81%,$7.40B,$0.98B,13.24%,$7.40B,$0.62B,8.37%,$0.62B,$1.67B,39.87%,$0.62B,$1.49B,44.88%,$0.62B,$2.75B,23.94%,$0.92B,$1.92B,52.82%,$2246,$1395,$851,$0,$487,$1882,$364,$-1,$363,$134,$229,$229,$229,$410,$364,$229,231,$1.00,$0.99,$400,$972,$0,$1474,$961,$0,$173,$116,$1279,$2752,$676,$257,$146,$409,$1085,$2,$1666,$-2,$1667,$2752,$619,$175,$-28,$147,$0,$-104,$59,$-60,$-88,$678,$-313,$0,$0,$0,$51,$51,$0,$-262,$6,$0,$6,$-340,$-330,$0,$21,$-303,$112,$36,$0
23,2012-10-31,39.87,$6.77,5.89,$30.24,1.32,$3.03,13.15,$2.49,16.01,$1.41B,$0.70B,2.01,$0.25B,$0.00B,0.0,$7.10B,$2.54B,35.75%,$7.10B,$0.86B,12.09%,$7.10B,$0.86B,12.09%,$7.10B,$1.03B,14.53%,$7.10B,$0.92B,12.94%,$7.10B,$0.58B,8.15%,$0.58B,$1.54B,39.27%,$0.58B,$1.37B,44.50%,$0.58B,$2.64B,23.31%,$0.86B,$1.79B,51.70%,$1721,$1121,$600,$0,$415,$1536,$184,$60,$244,$89,$155,$155,$155,$228,$184,$229,230,$0.68,$0.68,$222,$1133,$31,$1409,$932,$0,$173,$106,$1231,$2639,$701,$250,$144,$399,$1100,$0,$0,$0,$1539,$2639,$391,$128,$-28,$101,$0,$0,$0,$-178,$-178,$313,$-237,$0,$0,$0,$62,$62,$-0,$-175,$-1,$0,$-1,$-227,$-227,$0,$24,$-203,$-66,$0,$0
24,2012-07-31,50.34,$6.61,7.62,$29.37,1.71,$3.20,15.72,$2.25,22.42,$1.32B,$0.58B,2.28,$0.25B,$0.00B,0.0,$6.97B,$2.50B,35.83%,$6.97B,$0.84B,12.03%,$6.97B,$0.84B,12.03%,$6.97B,$1.01B,14.47%,$6.97B,$0.84B,12.02%,$6.97B,$0.53B,7.57%,$0.53B,$1.52B,36.44%,$0.53B,$1.35B,41.40%,$0.53B,$2.50B,21.75%,$0.84B,$1.77B,51.27%,$1705,$1105,$600,$0,$415,$1520,$184,$-1,$183,$64,$119,$119,$119,$227,$184,$231,233,$0.52,$0.51,$380,$892,$31,$1322,$880,$0,$173,$101,$1178,$2500,$581,$250,$142,$396,$977,$0,$0,$0,$1523,$2500,$235,$85,$24,$109,$0,$0,$0,$-64,$-64,$280,$-140,$0,$0,$0,$0,$0,$-0,$-140,$-1,$0,$-1,$-69,$-69,$0,$24,$-46,$92,$0,$0
25,2012-04-30,50.83,$6.38,7.96,$28.31,1.8,$3.16,16.07,$2.12,23.98,$1.30B,$0.82B,1.6,$0.00B,$0.00B,0.0,$6.81B,$2.44B,35.83%,$6.81B,$0.81B,11.88%,$6.81B,$0.81B,11.88%,$6.81B,$0.98B,14.32%,$6.81B,$0.81B,11.85%,$6.81B,$0.50B,7.40%,$0.50B,$1.48B,34.40%,$0.50B,$1.31B,39.03%,$0.50B,$2.45B,20.80%,$0.81B,$1.48B,48.95%,$1724,$1121,$603,$0,$415,$1536,$188,$1,$189,$73,$116,$116,$116,$230,$188,$232,233,$0.50,$0.50,$382,$875,$29,$1304,$849,$0,$174,$105,$1147,$2451,$816,$0,$139,$155,$971,$0,$0,$0,$1481,$2451,$116,$42,$21,$63,$0,$0,$0,$-44,$-44,$135,$-65,$0,$0,$0,$0,$0,$0,$-65,$0,$0,$0,$1,$1,$0,$24,$25,$94,$0,$0
26,2012-01-31,42.4,$5.82,7.29,$27.16,1.56,$3.26,13.0,$2.03,20.89,$1.21B,$0.58B,2.08,$0.25B,$1.35B,0.19,$6.63B,$2.38B,35.86%,$6.63B,$0.78B,11.81%,$6.63B,$0.78B,11.81%,$6.63B,$0.95B,14.27%,$6.63B,$0.78B,11.76%,$6.63B,$0.49B,7.37%,$0.49B,$1.35B,33.34%,$0.49B,$1.17B,37.83%,$0.49B,$2.33B,20.33%,$0.78B,$1.60B,45.61%,$1946,$1211,$735,$0,$433,$1644,$302,$-1,$302,$114,$188,$188,$188,$346,$302,$241,242,$0.79,$0.78,$288,$867,$0,$1209,$825,$0,$173,$104,$1119,$2329,$581,$250,$138,$403,$984,$1,$1344,$-1,$1345,$2329,$488,$164,$47,$211,$0,$-65,$27,$26,$-13,$687,$-250,$0,$0,$175,$-11,$164,$0,$-86,$-2,$0,$-2,$-635,$-635,$0,$14,$-623,$-23,$32,$0
27,2011-10-31,39.98,$6.08,6.58,$25.88,1.55,$2.79,14.33,$1.88,21.32,$1.33B,$0.59B,2.27,$0.25B,$0.00B,0.0,$6.41B,$2.29B,35.76%,$6.41B,$0.74B,11.54%,$6.41B,$0.74B,11.54%,$6.41B,$0.90B,14.06%,$6.41B,$0.74B,11.48%,$6.41B,$0.46B,7.24%,$0.46B,$1.45B,31.03%,$0.46B,$1.27B,35.12%,$0.46B,$2.43B,19.19%,$0.74B,$1.70B,42.40%,$1597,$1036,$561,$0,$396,$1432,$165,$-1,$164,$60,$105,$105,$105,$206,$165,$240,242,$0.44,$0.43,$280,$1005,$47,$1333,$817,$0,$174,$94,$1099,$2431,$587,$250,$132,$397,$984,$0,$0,$0,$1447,$2431,$300,$120,$49,$169,$0,$0,$0,$-151,$-151,$319,$-197,$0,$0,$175,$0,$175,$0,$-22,$0,$0,$0,$-337,$-337,$0,$9,$-328,$-31,$0,$0
28,2011-07-31,33.12,$6.49,5.1,$24.85,1.33,$2.40,13.83,$1.81,18.35,$1.41B,$0.50B,2.84,$0.25B,$0.00B,0.0,$6.24B,$2.24B,35.85%,$6.24B,$0.72B,11.47%,$6.24B,$0.72B,11.47%,$6.24B,$0.88B,14.02%,$6.24B,$0.72B,11.49%,$6.24B,$0.45B,7.24%,$0.45B,$1.59B,30.41%,$0.45B,$1.41B,34.18%,$0.45B,$2.48B,18.83%,$0.72B,$1.84B,41.23%,$1542,$1000,$542,$0,$389,$1389,$154,$-1,$152,$57,$95,$95,$95,$193,$154,$245,246,$0.39,$0.39,$545,$814,$49,$1408,$783,$0,$175,$95,$1071,$2479,$496,$250,$130,$395,$891,$0,$0,$0,$1588,$2479,$196,$79,$41,$119,$0,$0,$0,$-56,$-56,$259,$-121,$0,$0,$51,$0,$51,$0,$-70,$0,$0,$0,$-88,$-88,$0,$9,$-79,$110,$0,$0
29,2011-04-30,28.75,$6.08,4.73,$23.96,1.2,$2.08,13.8,$1.73,16.67,$1.33B,$0.51B,2.63,$0.25B,$0.00B,0.0,$6.08B,$2.18B,35.86%,$6.08B,$0.69B,11.36%,$6.08B,$0.69B,11.36%,$6.08B,$0.85B,13.97%,$6.08B,$0.69B,11.36%,$6.08B,$0.44B,7.16%,$0.44B,$1.49B,30.31%,$0.44B,$1.31B,33.95%,$0.44B,$2.38B,18.55%,$0.69B,$1.74B,40.95%,$1546,$1005,$541,$0,$379,$1384,$162,$-0,$162,$61,$101,$101,$101,$201,$162,$245,247,$0.41,$0.41,$510,$771,$44,$1326,$760,$0,$175,$96,$1056,$2381,$505,$250,$125,$390,$895,$0,$0,$0,$1487,$2381,$101,$39,$24,$63,$0,$0,$0,$-8,$-8,$156,$-58,$0,$0,$36,$0,$36,$0,$-22,$0,$0,$0,$-85,$-85,$0,$10,$-75,$60,$0,$0
30,2011-01-31,25.29,$5.91,4.28,$22.89,1.1,$1.65,15.32,$1.56,16.23,$1.33B,$0.53B,2.5,$0.25B,$1.46B,0.17,$5.88B,$2.09B,35.49%,$5.88B,$0.63B,10.73%,$5.88B,$0.63B,10.73%,$5.88B,$0.79B,13.43%,$5.88B,$0.63B,10.71%,$5.88B,$0.40B,6.77%,$0.40B,$1.46B,28.71%,$0.40B,$1.29B,32.01%,$0.40B,$2.38B,17.41%,$0.63B,$1.71B,38.56%,$1725,$1077,$648,$0,$389,$1467,$259,$-1,$258,$96,$163,$163,$163,$301,$259,$254,256,$0.65,$0.64,$486,$803,$0,$1333,$741,$0,$173,$95,$1047,$2381,$533,$250,$124,$389,$922,$1,$1458,$-0,$1459,$2381,$397,$160,$45,$205,$0,$-127,$28,$-0,$-84,$519,$-179,$-0,$-49,$-147,$1,$-146,$0,$-374,$-15,$0,$-15,$-397,$-397,$0,$8,$-404,$-260,$28,$0
31,2010-10-31,25.66,$5.62,4.56,$21.92,1.17,$1.86,13.76,$1.42,18.07,$1.37B,$0.57B,2.41,$0.25B,$0.00B,0.0,$5.72B,$2.02B,35.30%,$5.72B,$0.59B,10.32%,$5.72B,$0.59B,10.32%,$5.72B,$0.75B,13.10%,$5.72B,$0.59B,10.30%,$5.72B,$0.37B,6.47%,$0.37B,$1.41B,26.83%,$0.37B,$1.28B,29.70%,$0.37B,$2.36B,16.35%,$0.59B,$1.66B,36.22%,$1427,$921,$506,$0,$365,$1286,$141,$4,$145,$52,$93,$93,$93,$180,$141,$254,256,$0.37,$0.37,$392,$935,$40,$1366,$741,$0,$133,$81,$996,$2362,$567,$250,$119,$383,$950,$0,$0,$0,$1412,$2362,$235,$118,$41,$158,$0,$0,$0,$-218,$-218,$175,$-147,$0,$0,$-55,$16,$-39,$-0,$-186,$0,$0,$0,$-258,$-258,$0,$7,$-251,$-262,$0,$0
32,2010-07-31,22.16,$5.42,4.09,$20.97,1.06,$2.16,10.27,$1.31,16.94,$1.26B,$0.49B,2.57,$0.25B,$0.00B,0.0,$5.54B,$1.95B,35.26%,$5.54B,$0.56B,10.06%,$5.54B,$0.56B,10.06%,$5.54B,$0.72B,12.91%,$5.54B,$0.55B,9.93%,$5.54B,$0.35B,6.23%,$0.35B,$1.38B,25.42%,$0.35B,$1.25B,28.19%,$0.35B,$2.26B,15.56%,$0.56B,$1.63B,34.66%,$1378,$894,$484,$0,$356,$1250,$128,$-3,$125,$47,$78,$78,$78,$167,$128,$255,256,$0.31,$0.31,$480,$752,$30,$1262,$724,$0,$133,$86,$996,$2257,$492,$250,$119,$384,$876,$0,$0,$0,$1382,$2257,$142,$79,$26,$105,$0,$0,$0,$-93,$-93,$154,$-90,$0,$0,$-23,$16,$-8,$-0,$-98,$0,$0,$0,$-205,$-205,$0,$7,$-198,$-142,$0,$0
33,2010-04-30,20.24,$5.08,3.98,$20.11,1.01,$2.15,9.4,$1.21,16.68,$1.15B,$0.47B,2.45,$0.25B,$0.00B,0.0,$5.38B,$1.89B,35.12%,$5.38B,$0.52B,9.62%,$5.38B,$0.52B,9.62%,$5.38B,$0.68B,12.56%,$5.38B,$0.51B,9.53%,$5.38B,$0.32B,6.02%,$0.32B,$1.29B,24.19%,$0.32B,$1.16B,26.86%,$0.32B,$2.14B,14.81%,$0.52B,$1.54B,32.59%,$1353,$902,$450,$0,$348,$1250,$103,$-1,$102,$39,$64,$64,$64,$142,$103,$259,261,$0.25,$0.25,$390,$708,$47,$1145,$719,$0,$133,$102,$998,$2143,$468,$250,$117,$382,$850,$0,$0,$0,$1293,$2143,$64,$39,$26,$66,$0,$0,$0,$-93,$-93,$36,$-45,$0,$0,$-24,$0,$-24,$0,$-69,$0,$0,$0,$-208,$-208,$0,$7,$-200,$-233,$0,$0
34,2010-01-31,16.51,$5.44,3.03,$19.31,0.85,$2.26,7.29,$1.19,13.87,$1.31B,$0.48B,2.74,$0.25B,$1.43B,0.18,$5.23B,$1.86B,35.47%,$5.23B,$0.51B,9.81%,$5.23B,$0.51B,9.81%,$5.23B,$0.67B,12.81%,$5.23B,$0.51B,9.71%,$5.23B,$0.32B,6.12%,$0.32B,$1.43B,23.94%,$0.32B,$1.30B,26.59%,$0.32B,$2.29B,14.75%,$0.51B,$1.68B,32.34%,$1559,$980,$578,$0,$360,$1340,$218,$-2,$217,$82,$135,$135,$135,$260,$218,$268,270,$0.51,$0.50,$599,$680,$0,$1306,$714,$0,$133,$102,$984,$2290,$476,$250,$120,$385,$861,$1,$1431,$-2,$1429,$2290,$321,$158,$28,$186,$0,$-4,$27,$50,$75,$581,$-165,$0,$0,$-28,$-20,$-48,$0,$-213,$-0,$0,$-0,$-165,$-165,$0,$4,$-161,$207,$22,$0
35,2009-10-31,15.04,$5.00,3.01,$18.64,0.81,$1.72,8.74,$1.07,14.1,$1.22B,$0.47B,2.61,$0.25B,$0.00B,0.0,$5.06B,$1.77B,35.00%,$5.06B,$0.46B,9.09%,$5.06B,$0.46B,9.09%,$5.06B,$0.62B,12.19%,$5.06B,$0.46B,8.99%,$5.06B,$0.29B,5.73%,$0.29B,$1.33B,22.44%,$0.29B,$1.19B,25.02%,$0.29B,$2.18B,13.77%,$0.46B,$1.58B,29.82%,$1249,$808,$441,$0,$334,$1141,$108,$-2,$106,$38,$68,$68,$68,$146,$108,$268,270,$0.26,$0.26,$342,$846,$32,$1221,$705,$0,$133,$87,$960,$2181,$469,$250,$122,$387,$856,$0,$0,$0,$1325,$2181,$186,$117,$19,$136,$0,$0,$0,$-99,$-99,$223,$-114,$0,$0,$0,$-4,$-4,$0,$-118,$0,$0,$0,$-131,$-131,$0,$4,$-127,$-22,$0,$0
36,2009-07-31,15.37,$4.89,3.15,$18.08,0.85,$1.25,12.28,$0.97,15.85,$1.17B,$0.44B,2.64,$0.25B,$1.31B,0.19,$4.93B,$1.71B,34.70%,$4.93B,$0.42B,8.55%,$4.93B,$0.42B,8.55%,$4.93B,$0.58B,11.76%,$4.93B,$0.42B,8.45%,$4.93B,$0.27B,5.38%,$0.27B,$1.31B,21.26%,$0.27B,$1.18B,23.81%,$0.27B,$2.14B,12.98%,$0.42B,$1.56B,28.14%,$1223,$801,$422,$0,$333,$1134,$89,$-1,$88,$31,$57,$57,$57,$128,$89,$269,271,$0.21,$0.21,$358,$741,$68,$1167,$699,$0,$133,$88,$968,$2135,$442,$250,$117,$383,$825,$1310,$0,$0,$1310,$2135,$117,$78,$2,$80,$0,$0,$0,$-63,$-63,$134,$-68,$0,$0,$0,$-4,$-4,$0,$-72,$0,$0,$0,$-71,$-71,$0,$3,$-68,$-6,$0,$0
37,2009-04-30,14.11,$4.74,2.98,$17.60,0.8,$1.10,12.79,$0.90,15.68,$1.11B,$0.41B,2.68,$0.25B,$0.00B,0.0,$4.80B,$1.65B,34.41%,$4.80B,$0.39B,8.22%,$4.80B,$0.39B,8.22%,$4.80B,$0.55B,11.51%,$4.80B,$0.39B,8.09%,$4.80B,$0.25B,5.13%,$0.25B,$1.28B,20.67%,$0.25B,$1.15B,23.27%,$0.25B,$2.07B,12.46%,$0.39B,$1.53B,27.36%,$1201,$786,$415,$0,$318,$1104,$98,$-1,$97,$36,$60,$60,$60,$136,$98,$272,273,$0.22,$0.22,$355,$688,$66,$1109,$705,$0,$133,$85,$965,$2074,$414,$250,$113,$378,$792,$0,$0,$0,$1282,$2074,$60,$39,$2,$41,$0,$0,$0,$-47,$-47,$55,$-34,$0,$0,$0,$-0,$-0,$0,$-34,$0,$0,$0,$-30,$-30,$0,$1,$-30,$-9,$0,$0
38,2009-01-31,14.24,$4.60,3.09,$17.09,0.83,$1.04,13.75,$0.84,16.95,$1.07B,$0.41B,2.62,$0.25B,$1.25B,0.2,$4.65B,$1.59B,34.27%,$4.65B,$0.37B,7.88%,$4.65B,$0.37B,7.88%,$4.65B,$0.53B,11.37%,$4.65B,$0.36B,7.73%,$4.65B,$0.23B,4.95%,$0.23B,$1.25B,20.37%,$0.23B,$1.12B,23.09%,$0.23B,$2.04B,12.11%,$0.37B,$1.50B,26.54%,$1387,$893,$493,$0,$328,$1221,$165,$-1,$164,$59,$105,$105,$105,$207,$165,$271,272,$0.39,$0.39,$364,$676,$0,$1073,$710,$0,$133,$86,$963,$2036,$410,$250,$108,$373,$783,$1,$1217,$-3,$1253,$2036,$230,$162,$42,$203,$0,$-35,$-8,$49,$-30,$403,$-131,$-0,$0,$41,$-11,$30,$0,$-102,$-1,$0,$-1,$22,$22,$0,$2,$23,$324,$17,$0
39,2008-10-31,12.67,$4.19,3.02,$16.51,0.77,$0.66,19.31,$0.80,15.77,$0.96B,$0.41B,2.33,$0.25B,$0.00B,0.0,$4.56B,$1.56B,34.32%,$4.56B,$0.36B,7.79%,$4.56B,$0.36B,7.79%,$4.56B,$0.52B,11.35%,$4.56B,$0.35B,7.59%,$4.56B,$0.22B,4.83%,$0.22B,$1.14B,20.70%,$0.22B,$1.01B,23.66%,$0.22B,$1.92B,11.98%,$0.36B,$1.39B,27.04%,$1114,$735,$379,$0,$310,$1045,$69,$-2,$67,$24,$43,$43,$43,$108,$69,$272,273,$0.16,$0.16,$79,$837,$46,$961,$726,$0,$133,$79,$961,$1922,$412,$250,$100,$370,$782,$0,$0,$0,$1140,$1922,$124,$120,$48,$167,$0,$0,$0,$-205,$-205,$87,$-104,$0,$0,$41,$-1,$40,$-0,$-65,$0,$0,$0,$16,$16,$0,$0,$16,$38,$0,$0
40,2008-07-31,12.5,$4.01,3.12,$15.90,0.79,$0.48,26.3,$0.77,16.16,$0.90B,$0.41B,2.18,$0.25B,$0.00B,0.0,$4.44B,$1.53B,34.43%,$4.44B,$0.35B,7.79%,$4.44B,$0.35B,7.79%,$4.44B,$0.51B,11.46%,$4.44B,$0.34B,7.57%,$4.44B,$0.21B,4.80%,$0.21B,$1.09B,20.80%,$0.21B,$0.95B,24.01%,$0.21B,$1.87B,11.68%,$0.35B,$1.34B,26.71%,$1093,$730,$363,$0,$302,$1032,$62,$-2,$60,$22,$38,$38,$38,$101,$62,$271,272,$0.14,$0.14,$115,$717,$64,$896,$726,$0,$133,$83,$969,$1865,$412,$250,$96,$367,$778,$0,$0,$0,$1086,$1865,$81,$82,$40,$122,$0,$0,$0,$-112,$-112,$91,$-65,$0,$0,$41,$-0,$40,$-0,$-26,$0,$0,$0,$9,$9,$0,$-0,$9,$74,$0,$0
41,2008-04-30,10.53,$3.84,2.74,$15.15,0.7,$0.40,26.07,$0.74,14.17,$0.80B,$0.37B,2.14,$0.25B,$0.00B,0.0,$4.32B,$1.49B,34.57%,$4.32B,$0.34B,7.80%,$4.32B,$0.34B,7.80%,$4.32B,$0.50B,11.58%,$4.32B,$0.33B,7.59%,$4.32B,$0.21B,4.82%,$0.21B,$1.04B,20.23%,$0.21B,$0.90B,23.44%,$0.21B,$1.77B,11.45%,$0.34B,$1.29B,25.93%,$1051,$695,$357,$0,$287,$982,$70,$-2,$68,$25,$44,$44,$44,$112,$70,$270,271,$0.16,$0.16,$84,$653,$60,$797,$734,$0,$133,$84,$974,$1771,$372,$250,$91,$362,$734,$0,$0,$0,$1037,$1771,$44,$42,$34,$76,$0,$0,$0,$-85,$-85,$35,$-33,$0,$0,$41,$-0,$40,$-0,$7,$0,$0,$0,$2,$2,$0,$-0,$2,$44,$0,$0
42,2008-01-31,9.34,$3.67,2.54,$14.52,0.64,$0.37,25.39,$0.71,13.15,$0.79B,$0.41B,1.94,$0.25B,$0.99B,0.25,$4.24B,$1.46B,34.43%,$4.24B,$0.33B,7.75%,$4.24B,$0.33B,7.75%,$4.24B,$0.49B,11.55%,$4.24B,$0.32B,7.57%,$4.24B,$0.20B,4.76%,$0.20B,$0.99B,19.36%,$0.20B,$0.86B,22.46%,$0.20B,$1.79B,11.14%,$0.33B,$1.24B,25.02%,$1299,$833,$465,$0,$311,$1144,$154,$-4,$151,$56,$95,$95,$95,$196,$154,$288,288,$0.34,$0.33,$81,$641,$0,$789,$744,$0,$133,$83,$999,$1788,$406,$250,$88,$393,$799,$1,$987,$0,$988,$1788,$201,$159,$-28,$132,$0,$-36,$2,$21,$34,$367,$-189,$-7,$0,$181,$-8,$173,$0,$-23,$-1,$0,$-1,$-401,$-401,$0,$13,$-389,$-44,$11,$0
43,2007-10-31,12.77,$3.53,3.62,$14.24,0.9,$0.51,25.0,$0.68,18.68,$0.89B,$0.43B,2.06,$0.34B,$0.00B,0.0,$4.26B,$1.47B,34.39%,$4.26B,$0.33B,7.74%,$4.26B,$0.33B,7.74%,$4.26B,$0.50B,11.61%,$4.26B,$0.32B,7.58%,$4.26B,$0.21B,4.81%,$0.21B,$0.99B,18.83%,$0.21B,$0.84B,21.79%,$0.21B,$1.87B,11.16%,$0.33B,$1.32B,24.27%,$998,$654,$344,$0,$284,$938,$60,$-4,$57,$21,$36,$36,$36,$100,$60,$286,287,$0.13,$0.13,$30,$801,$63,$894,$749,$0,$149,$61,$974,$1868,$434,$335,$84,$449,$883,$0,$0,$0,$985,$1868,$107,$118,$-6,$112,$0,$0,$0,$-137,$-137,$82,$-153,$0,$0,$222,$-1,$221,$-7,$61,$-1,$85,$85,$-297,$-297,$0,$14,$-199,$-55,$0,$0
44,2007-07-31,12.75,$3.79,3.36,$13.72,0.93,$0.60,21.36,$0.66,19.22,$0.89B,$0.39B,2.3,$0.25B,$0.00B,0.0,$4.18B,$1.43B,34.25%,$4.18B,$0.32B,7.76%,$4.18B,$0.32B,7.76%,$4.18B,$0.49B,11.69%,$4.18B,$0.32B,7.59%,$4.18B,$0.20B,4.84%,$0.20B,$1.10B,17.84%,$0.20B,$0.95B,20.52%,$0.20B,$1.84B,11.02%,$0.32B,$1.35B,23.44%,$971,$645,$327,$0,$273,$918,$53,$-2,$52,$19,$33,$33,$33,$92,$53,$295,296,$0.11,$0.11,$188,$652,$54,$893,$725,$0,$149,$60,$944,$1837,$388,$250,$76,$345,$734,$0,$0,$0,$1103,$1837,$71,$78,$4,$82,$0,$0,$0,$-57,$-57,$96,$-89,$0,$0,$78,$-1,$77,$-5,$-17,$-0,$0,$-0,$-133,$-133,$0,$12,$-121,$-42,$0,$0
45,2007-04-30,13.11,$3.75,3.5,$13.27,0.99,$0.63,20.89,$0.65,20.27,$0.84B,$0.33B,2.58,$0.25B,$0.00B,0.0,$4.09B,$1.40B,34.15%,$4.09B,$0.32B,7.80%,$4.09B,$0.32B,7.80%,$4.09B,$0.48B,11.79%,$4.09B,$0.31B,7.61%,$4.09B,$0.20B,4.84%,$0.20B,$1.10B,17.45%,$0.20B,$0.95B,20.04%,$0.20B,$1.76B,10.89%,$0.32B,$1.35B,23.04%,$975,$650,$325,$0,$263,$913,$62,$-2,$61,$23,$38,$38,$38,$102,$62,$298,300,$0.13,$0.13,$189,$600,$50,$838,$715,$0,$146,$59,$925,$1763,$326,$250,$71,$340,$665,$0,$0,$0,$1098,$1763,$38,$39,$6,$45,$0,$0,$0,$-52,$-52,$31,$-40,$0,$0,$93,$-0,$93,$-0,$53,$-0,$0,$-0,$-115,$-115,$0,$7,$-109,$-25,$0,$0
46,2007-01-31,10.48,$3.91,2.68,$12.69,0.83,$0.77,13.68,$0.62,16.82,$0.97B,$0.39B,2.47,$0.25B,$1.17B,0.21,$3.97B,$1.36B,34.18%,$3.97B,$0.31B,7.83%,$3.97B,$0.31B,7.83%,$3.97B,$0.47B,11.84%,$3.97B,$0.30B,7.63%,$3.97B,$0.19B,4.86%,$0.19B,$1.17B,16.75%,$0.19B,$1.02B,19.19%,$0.19B,$1.88B,10.51%,$0.31B,$1.42B,22.18%,$1319,$849,$470,$0,$315,$1163,$156,$-2,$153,$56,$98,$98,$98,$201,$156,$310,311,$0.32,$0.31,$307,$605,$0,$968,$715,$0,$147,$52,$914,$1882,$392,$250,$71,$322,$715,$1,$1167,$0,$1168,$1882,$192,$159,$-10,$149,$0,$-6,$54,$23,$72,$413,$-175,$-4,$0,$52,$-9,$43,$-54,$-191,$-1,$0,$-1,$-208,$-208,$0,$6,$-203,$19,$7,$0
47,2006-10-31,10.36,$3.77,2.75,$11.76,0.88,$0.70,14.89,$0.57,18.08,$0.94B,$0.37B,2.51,$0.25B,$0.00B,0.0,$3.73B,$1.27B,33.97%,$3.73B,$0.29B,7.86%,$3.73B,$0.29B,7.86%,$3.73B,$0.44B,11.88%,$3.73B,$0.29B,7.64%,$3.73B,$0.18B,4.88%,$0.18B,$1.16B,15.78%,$0.18B,$1.01B,18.00%,$0.18B,$1.85B,10.02%,$0.29B,$1.41B,20.88%,$910,$603,$308,$0,$254,$857,$54,$-3,$51,$18,$33,$33,$33,$93,$54,$307,308,$0.11,$0.11,$119,$794,$25,$937,$722,$0,$148,$45,$914,$1851,$373,$250,$70,$320,$692,$0,$0,$0,$1159,$1851,$94,$114,$-12,$101,$0,$0,$0,$-105,$-105,$91,$-140,$-5,$0,$213,$0,$213,$-54,$15,$-1,$0,$-1,$-116,$-116,$0,$4,$-113,$-8,$0,$0
