,Date,Stock Price,Book Value per Share,Price to Book Ratio,TTM Sales per Share,Price to Sales Ratio,TTM FCF per Share,Price to FCF Ratio,TTM Net EPS,PE Ratio,Current Assets,Current Liabilities,Current Ratio,Long Term Debt,Shareholder's Equity_x,Debt to Equity Ratio,TTM Revenue_x,TTM Gross Profit,Gross Margin,TTM Revenue_y,TTM Operating Income,Operating Margin,TTM Revenue_x,TTM EBIT,EBIT Margin,TTM Revenue_y,TTM EBITDA,EBITDA Margin,TTM Revenue_x,TTM Pre-Tax Income,Pre-Tax Margin,TTM Revenue_y,TTM Net Income_x,Net Margin,TTM Net Income_y,Shareholder's Equity_y,Return on Equity,TTM Net Income_x,Tangible Equity,Return on Tangible Equity,TTM Net Income_y,Total Assets,Return on Assets,TTM Net Income,LT Investments & Debt,Return on Investment,revenue,cost-goods-sold,gross-profit,research-development-expenses,selling-general-administrative-expenses,operating-expenses,operating-income,total-non-operating-income-expense,pre-tax-income,total-provision-income-taxes,income-after-taxes,income-from-continuous-operations,net-income,ebitda,ebit,basic-shares-outstanding,shares-outstanding,eps-basic-net-earnings-per-share,eps-earnings-per-share-diluted,cash-on-hand,inventory,other-current-assets,total-current-assets,net-property-plant-equipment,long-term-investments,goodwill-intangible-assets-total,other-long-term-assets,total-long-term-assets,total-assets,total-current-liabilities,long-term-debt,other-non-current-liabilities,total-long-term-liabilities,total-liabilities,common-stock-net,retained-earnings-accumulated-deficit,comprehensive-income,total-share-holder-equity,total-liabilities-share-holders-equity,net-income-loss,total-depreciation-amortization-cash-flow,other-non-cash-items,total-non-cash-items,change-in-accounts-receivable,change-in-inventories,change-in-accounts-payable,change-in-assets-liabilities,total-change-in-assets-liabilities,cash-flow-from-operating-activities,net-change-in-property-plant-equipment,net-change-in-intangible-assets,net-acquisitions-divestitures,net-change-in-short-term-investments,net-change-in-long-term-investments,net-change-in-investments-total,investing-activities-other,cash-flow-from-investing-activities,net-long-term-debt,net-current-debt,debt-issuance-retirement-net-total,net-common-equity-issued-repurchased,net-total-equity-issued-repurchased,total-common-preferred-stock-dividends-paid,financial-activities-other,cash-flow-from-financial-activities,net-cash-flow,stock-based-compensation,common-stock-dividends-paid
0,2018-09-30,31.45,$5.29,5.95,$1.87,16.83,$-4.63,0.0,$-2.92,0.0,$0.06B,$0.00B,16.02,$0.00B,$0.06B,0.0,$0.02B,$0.01B,57.14%,$0.02B,$-0.03B,-161.90%,$0.02B,$-0.03B,-161.90%,$0.02B,$-0.03B,-152.38%,$0.02B,$-0.03B,-152.38%,$0.02B,$-0.03B,-152.38%,$-0.03B,$0.06B,-43.99%,$-0.03B,$0.06B,-49.04%,$-0.03B,$0.07B,-41.16%,$-0.03B,$0.06B,-46.74%,$5,$2,$3,$4,$7,$14,$-9,$0,$-8,$0,$-8,$-8,$-8,$-8,$-9,$11,11,$-0.73,$-0.73,$49,$0,$2,$55,$4,$0,$8,$1,$12,$67,$3,$0,$0,$1,$4,$0,$-98,$0,$63,$67,$-24,$2,$5,$7,$3,$0,$0,$-2,$1,$-16,$-1,$-1,$0,$11,$0,$11,$0,$10,$0,$0,$0,$-1,$-1,$0,$0,$-1,$-7,$5,$0
1,2018-06-30,26.8,$5.87,4.57,$2.24,11.96,$-4.56,0.0,$-2.58,0.0,$0.06B,$0.00B,15.25,$0.00B,$0.07B,0.0,$0.03B,$0.02B,64.00%,$0.03B,$-0.03B,-116.00%,$0.03B,$-0.03B,-116.00%,$0.03B,$-0.03B,-112.00%,$0.03B,$-0.03B,-112.00%,$0.03B,$-0.03B,-112.00%,$-0.03B,$0.07B,-36.72%,$-0.03B,$0.06B,-40.58%,$-0.03B,$0.08B,-34.36%,$-0.03B,$0.07B,-38.03%,$5,$2,$3,$4,$7,$14,$-8,$0,$-8,$0,$-8,$-8,$-8,$-8,$-8,$11,11,$-0.71,$-0.71,$57,$0,$2,$63,$4,$0,$8,$0,$12,$75,$4,$0,$0,$1,$5,$0,$-90,$0,$70,$75,$-16,$1,$3,$5,$3,$0,$0,$-0,$2,$-10,$-1,$-0,$0,$5,$0,$5,$0,$4,$0,$0,$0,$-0,$-0,$0,$0,$-0,$-6,$3,$0
2,2018-03-31,23.95,$6.43,3.73,$2.31,10.39,$-4.55,0.0,$-2.55,0.0,$0.07B,$0.00B,16.12,$0.00B,$0.08B,0.0,$0.03B,$0.02B,61.54%,$0.03B,$-0.03B,-107.69%,$0.03B,$-0.03B,-107.69%,$0.03B,$-0.03B,-100.00%,$0.03B,$-0.03B,-103.85%,$0.03B,$-0.03B,-103.85%,$-0.03B,$0.08B,-34.29%,$-0.03B,$0.07B,-37.63%,$-0.03B,$0.08B,-32.14%,$-0.03B,$0.08B,-35.56%,$6,$2,$3,$4,$8,$14,$-8,$0,$-8,$0,$-8,$-8,$-8,$-8,$-8,$11,11,$-0.72,$-0.72,$64,$0,$2,$69,$4,$0,$8,$0,$12,$81,$4,$0,$0,$1,$5,$0,$-81,$0,$76,$81,$-8,$1,$2,$2,$3,$0,$0,$0,$2,$-4,$-0,$-0,$0,$12,$0,$12,$0,$11,$0,$0,$0,$0,$0,$0,$0,$0,$8,$2,$0
3,2017-12-31,36.15,$7.07,5.11,$2.41,15.02,$-4.58,0.0,$-2.44,0.0,$0.08B,$0.01B,15.15,$0.00B,$0.08B,0.0,$0.03B,$0.02B,65.38%,$0.03B,$-0.03B,-100.00%,$0.03B,$-0.03B,-100.00%,$0.03B,$-0.02B,-92.31%,$0.03B,$-0.03B,-96.15%,$0.03B,$-0.03B,-96.15%,$-0.03B,$0.08B,-32.57%,$-0.03B,$0.08B,-35.84%,$-0.03B,$0.09B,-30.49%,$-0.03B,$0.08B,-33.88%,$5,$2,$3,$4,$7,$14,$-9,$0,$-8,$-0,$-8,$-8,$-8,$-8,$-9,$11,11,$-0.76,$-0.76,$68,$0,$2,$76,$4,$0,$7,$0,$12,$88,$5,$0,$0,$1,$6,$0,$-74,$0,$82,$88,$-26,$2,$7,$9,$-1,$0,$0,$-0,$-1,$-18,$-2,$-1,$0,$22,$0,$22,$0,$19,$0,$0,$0,$28,$28,$0,$0,$28,$29,$7,$0
4,2017-09-30,36.6,$6.83,5.36,$2.51,14.58,$-4.41,0.0,$-2.25,0.0,$0.07B,$0.00B,18.5,$0.00B,$0.08B,0.0,$0.03B,$0.02B,65.38%,$0.03B,$-0.02B,-88.46%,$0.03B,$-0.02B,-88.46%,$0.03B,$-0.02B,-80.77%,$0.03B,$-0.02B,-88.46%,$0.03B,$-0.02B,-88.46%,$-0.02B,$0.08B,-30.87%,$-0.02B,$0.07B,-34.07%,$-0.02B,$0.08B,-28.84%,$-0.02B,$0.08B,-30.87%,$9,$2,$7,$4,$7,$13,$-4,$0,$-4,$0,$-4,$-4,$-4,$-4,$-4,$11,11,$-0.39,$-0.39,$61,$0,$2,$70,$4,$0,$7,$0,$12,$82,$4,$0,$0,$1,$5,$0,$-65,$0,$77,$82,$-17,$2,$5,$7,$-2,$0,$0,$-2,$-3,$-14,$-1,$-1,$0,$14,$0,$14,$0,$12,$0,$0,$0,$16,$16,$0,$0,$16,$14,$5,$0
5,2017-06-30,40.15,$7.13,5.63,$2.29,17.5,$-4.09,0.0,$-2.41,0.0,$0.07B,$0.00B,19.08,$0.00B,$0.08B,0.0,$0.02B,$0.01B,56.52%,$0.02B,$-0.02B,-104.35%,$0.02B,$-0.02B,-104.35%,$0.02B,$-0.02B,-95.65%,$0.02B,$-0.02B,-104.35%,$0.02B,$-0.02B,-104.35%,$-0.02B,$0.08B,-32.11%,$-0.02B,$0.07B,-35.42%,$-0.02B,$0.09B,-30.09%,$-0.02B,$0.08B,-32.11%,$6,$2,$3,$4,$6,$13,$-7,$0,$-7,$0,$-7,$-7,$-7,$-6,$-7,$10,10,$-0.68,$-0.68,$68,$0,$2,$74,$4,$0,$8,$0,$12,$85,$4,$0,$0,$1,$5,$0,$-61,$0,$80,$85,$-13,$1,$3,$4,$1,$0,$0,$-1,$1,$-8,$-1,$-0,$0,$15,$0,$15,$0,$14,$0,$0,$0,$17,$17,$0,$0,$17,$23,$3,$0
6,2017-03-31,27.0,$6.38,4.23,$2.39,11.32,$-3.89,0.0,$-2.35,0.0,$0.06B,$0.00B,16.02,$0.00B,$0.07B,0.0,$0.02B,$0.01B,59.09%,$0.02B,$-0.02B,-100.00%,$0.02B,$-0.02B,-100.00%,$0.02B,$-0.02B,-95.45%,$0.02B,$-0.02B,-100.00%,$0.02B,$-0.02B,-100.00%,$-0.02B,$0.07B,-33.59%,$-0.02B,$0.06B,-37.77%,$-0.02B,$0.07B,-31.32%,$-0.02B,$0.07B,-33.59%,$6,$2,$4,$3,$6,$13,$-6,$0,$-6,$-0,$-6,$-6,$-6,$-6,$-6,$10,10,$-0.61,$-0.61,$56,$0,$2,$62,$4,$0,$8,$0,$12,$73,$4,$0,$0,$1,$5,$0,$-54,$0,$68,$73,$-6,$1,$2,$2,$1,$0,$0,$-0,$1,$-3,$-1,$-0,$0,$6,$0,$6,$0,$5,$0,$0,$0,$-0,$-0,$0,$0,$-0,$1,$2,$0
7,2016-12-31,30.0,$6.97,4.3,$2.44,12.3,$-3.84,0.0,$-2.38,0.0,$0.06B,$0.00B,14.15,$0.00B,$0.07B,0.0,$0.02B,$0.01B,54.55%,$0.02B,$-0.02B,-95.45%,$0.02B,$-0.02B,-95.45%,$0.02B,$-0.02B,-90.91%,$0.02B,$-0.02B,-95.45%,$0.02B,$-0.02B,-95.45%,$-0.02B,$0.07B,-34.85%,$-0.02B,$0.07B,-39.81%,$-0.02B,$0.08B,-32.43%,$-0.02B,$0.07B,-34.85%,$5,$2,$3,$3,$5,$11,$-6,$0,$-6,$-0,$-6,$-6,$-6,$-5,$-6,$9,9,$-0.55,$-0.55,$56,$0,$2,$63,$4,$4,$8,$0,$16,$79,$4,$0,$0,$1,$5,$0,$-48,$0,$73,$79,$-22,$2,$6,$8,$-0,$0,$0,$-0,$-0,$-14,$-2,$-1,$0,$-13,$0,$-13,$0,$-15,$0,$0,$0,$38,$38,$0,$0,$38,$8,$6,$0
8,2016-09-30,38.35,$7.43,5.16,$2.49,15.41,$-3.46,0.0,$-2.43,0.0,$0.06B,$0.00B,19.05,$0.00B,$0.08B,0.0,$0.02B,$0.01B,54.55%,$0.02B,$-0.02B,-90.91%,$0.02B,$-0.02B,-90.91%,$0.02B,$-0.02B,-90.91%,$0.02B,$-0.02B,-90.91%,$0.02B,$-0.02B,-90.91%,$-0.02B,$0.08B,-36.53%,$-0.02B,$0.07B,-42.33%,$-0.02B,$0.08B,-33.90%,$-0.02B,$0.08B,-36.53%,$6,$2,$3,$3,$5,$11,$-5,$0,$-5,$0,$-5,$-5,$-5,$-5,$-5,$10,10,$-0.55,$-0.55,$54,$0,$2,$59,$3,$12,$8,$0,$23,$82,$3,$0,$0,$1,$4,$0,$-42,$0,$78,$82,$-16,$2,$4,$6,$2,$0,$0,$-2,$1,$-9,$-2,$-1,$0,$-6,$0,$-6,$0,$-8,$0,$0,$0,$38,$38,$0,$0,$38,$21,$4,$0
9,2016-06-30,31.96,$4.70,6.8,$2.55,12.54,$-3.29,0.0,$-2.42,0.0,$0.04B,$0.00B,9.83,$0.00B,$0.04B,0.0,$0.02B,$0.01B,57.14%,$0.02B,$-0.02B,-90.48%,$0.02B,$-0.02B,-90.48%,$0.02B,$-0.02B,-90.48%,$0.02B,$-0.02B,-90.48%,$0.02B,$-0.02B,-90.48%,$-0.02B,$0.04B,-38.58%,$-0.02B,$0.04B,-45.78%,$-0.02B,$0.05B,-35.51%,$-0.02B,$0.04B,-38.58%,$5,$2,$3,$3,$5,$11,$-5,$0,$-5,$0,$-5,$-5,$-5,$-5,$-5,$9,9,$-0.62,$-0.62,$32,$0,$1,$36,$3,$0,$8,$0,$11,$47,$4,$0,$0,$1,$4,$0,$-37,$0,$43,$47,$-11,$1,$3,$4,$2,$0,$0,$-1,$1,$-5,$-1,$-0,$0,$14,$0,$14,$0,$12,$0,$0,$0,$-1,$-1,$0,$0,$-1,$6,$3,$0
10,2016-03-31,30.3,$5.17,5.86,$2.64,11.49,$-3.17,0.0,$-2.30,0.0,$0.04B,$0.00B,11.09,$0.00B,$0.05B,0.0,$0.02B,$0.01B,54.55%,$0.02B,$-0.02B,-81.82%,$0.02B,$-0.02B,-81.82%,$0.02B,$-0.02B,-81.82%,$0.02B,$-0.02B,-81.82%,$0.02B,$-0.02B,-81.82%,$-0.02B,$0.05B,-35.82%,$-0.02B,$0.04B,-42.35%,$-0.02B,$0.05B,-33.03%,$-0.02B,$0.05B,-35.82%,$6,$2,$3,$3,$5,$11,$-5,$0,$-5,$0,$-5,$-5,$-5,$-5,$-5,$9,9,$-0.64,$-0.64,$34,$0,$1,$38,$3,$2,$8,$0,$13,$51,$3,$0,$0,$0,$4,$0,$-31,$0,$47,$51,$-5,$1,$1,$2,$2,$0,$0,$-0,$1,$-2,$-0,$-0,$0,$8,$0,$8,$0,$7,$0,$0,$0,$-0,$-0,$0,$0,$-0,$5,$1,$0
11,2015-12-31,36.51,$5.77,6.33,$2.73,13.35,$-3.13,0.0,$-2.18,0.0,$0.04B,$0.01B,9.04,$0.00B,$0.05B,0.0,$0.02B,$0.01B,59.09%,$0.02B,$-0.02B,-77.27%,$0.02B,$-0.02B,-77.27%,$0.02B,$-0.02B,-77.27%,$0.02B,$-0.02B,-77.27%,$0.02B,$-0.02B,-77.27%,$-0.02B,$0.05B,-33.33%,$-0.02B,$0.04B,-39.31%,$-0.02B,$0.06B,-30.77%,$-0.02B,$0.05B,-33.33%,$5,$2,$3,$3,$5,$10,$-5,$0,$-5,$0,$-5,$-5,$-5,$-5,$-5,$8,8,$-0.63,$-0.63,$36,$0,$1,$42,$3,$3,$8,$0,$14,$56,$5,$0,$0,$0,$5,$0,$-26,$0,$51,$56,$-18,$2,$5,$8,$-0,$0,$0,$1,$1,$-10,$-1,$-1,$0,$-3,$0,$-3,$0,$-5,$0,$0,$0,$12,$12,$0,$0,$12,$-3,$5,$0
12,2015-09-30,30.55,$6.28,4.87,$2.94,10.4,$-2.92,0.0,$-2.79,0.0,$0.05B,$0.00B,14.06,$0.00B,$0.06B,0.0,$0.02B,$0.01B,60.87%,$0.02B,$-0.02B,-69.57%,$0.02B,$-0.02B,-69.57%,$0.02B,$-0.02B,-69.57%,$0.02B,$-0.02B,-69.57%,$0.02B,$-0.02B,-91.30%,$-0.02B,$0.06B,-40.98%,$-0.02B,$0.05B,-48.55%,$-0.02B,$0.06B,-37.84%,$-0.02B,$0.06B,-31.22%,$5,$2,$3,$3,$4,$10,$-4,$0,$-4,$0,$-4,$-4,$-4,$-4,$-4,$8,8,$-0.54,$-0.54,$43,$0,$3,$49,$3,$0,$8,$0,$11,$60,$3,$0,$0,$0,$4,$0,$-21,$0,$56,$60,$-13,$2,$4,$6,$2,$0,$0,$-2,$0,$-7,$-1,$-1,$0,$1,$0,$1,$0,$-0,$0,$0,$0,$12,$12,$0,$0,$12,$5,$4,$0
13,2015-06-30,45.14,$5.46,8.27,$3.26,13.87,$-2.95,0.0,$-2.53,0.0,$0.04B,$0.00B,10.78,$0.00B,$0.05B,0.0,$0.03B,$0.02B,64.00%,$0.03B,$-0.02B,-60.00%,$0.03B,$-0.02B,-60.00%,$0.03B,$-0.02B,-60.00%,$0.03B,$-0.02B,-60.00%,$0.03B,$-0.02B,-76.00%,$-0.02B,$0.05B,-39.18%,$-0.02B,$0.04B,-46.91%,$-0.02B,$0.05B,-36.02%,$-0.02B,$0.05B,-30.93%,$6,$2,$3,$3,$4,$10,$-4,$0,$-4,$-0,$-4,$-4,$-4,$-4,$-4,$8,8,$-0.50,$-0.50,$34,$0,$3,$40,$3,$0,$8,$0,$11,$51,$4,$0,$0,$0,$4,$0,$-16,$0,$47,$51,$-8,$1,$2,$4,$2,$0,$0,$-1,$0,$-4,$-0,$-0,$0,$3,$0,$3,$0,$2,$0,$0,$0,$0,$0,$0,$0,$0,$-2,$2,$0
14,2015-03-31,21.95,$5.81,3.78,$3.33,6.59,$-3.02,0.0,$-2.41,0.0,$0.04B,$0.00B,9.7,$0.00B,$0.05B,0.0,$0.03B,$0.02B,68.00%,$0.03B,$-0.02B,-60.00%,$0.03B,$-0.02B,-60.00%,$0.03B,$-0.02B,-60.00%,$0.03B,$-0.02B,-60.00%,$0.03B,$-0.02B,-72.00%,$-0.02B,$0.05B,-37.31%,$-0.02B,$0.04B,-44.44%,$-0.02B,$0.05B,-34.12%,$-0.02B,$0.05B,-31.09%,$6,$2,$4,$3,$4,$10,$-4,$0,$-4,$0,$-4,$-4,$-4,$-4,$-4,$8,8,$-0.52,$-0.52,$37,$0,$3,$43,$3,$0,$8,$0,$11,$54,$4,$0,$0,$0,$5,$0,$-12,$0,$50,$54,$-4,$1,$1,$2,$1,$0,$0,$-1,$0,$-2,$-0,$-0,$0,$1,$0,$1,$0,$1,$0,$0,$0,$0,$0,$0,$0,$0,$-1,$1,$0
15,2014-12-31,27.15,$6.19,4.39,$3.61,7.53,$-2.96,0.0,$-2.18,0.0,$0.05B,$0.01B,9.03,$0.00B,$0.05B,0.0,$0.03B,$0.02B,69.23%,$0.03B,$-0.01B,-53.85%,$0.03B,$-0.01B,-53.85%,$0.03B,$-0.01B,-53.85%,$0.03B,$-0.01B,-53.85%,$0.03B,$-0.02B,-61.54%,$-0.02B,$0.05B,-33.33%,$-0.02B,$0.04B,-39.75%,$-0.02B,$0.06B,-30.33%,$-0.01B,$0.05B,-29.17%,$6,$2,$4,$3,$4,$10,$-4,$0,$-4,$5,$-9,$-9,$-9,$-4,$-4,$7,7,$-1.27,$-1.27,$38,$0,$3,$45,$3,$1,$8,$0,$12,$57,$5,$0,$0,$0,$5,$0,$-8,$0,$52,$57,$-16,$2,$7,$10,$1,$0,$0,$-1,$-1,$-7,$-1,$-1,$0,$-2,$0,$-2,$0,$-4,$0,$0,$0,$15,$15,$-2,$0,$13,$2,$5,$-2
16,2014-09-30,20.71,$5.84,3.55,$3.78,5.47,$-1.56,0.0,$-1.14,0.0,$0.03B,$0.00B,7.84,$0.00B,$0.05B,0.0,$0.03B,$0.02B,70.37%,$0.03B,$-0.01B,-48.15%,$0.03B,$-0.01B,-48.15%,$0.03B,$-0.01B,-48.15%,$0.03B,$-0.01B,-48.15%,$0.03B,$-0.01B,-29.63%,$-0.01B,$0.05B,-16.75%,$-0.01B,$0.04B,-20.00%,$-0.01B,$0.05B,-15.17%,$-0.01B,$0.05B,-27.23%,$7,$2,$5,$3,$4,$10,$-3,$0,$-3,$-1,$-2,$-2,$-2,$-3,$-3,$7,7,$-0.28,$-0.28,$22,$0,$4,$29,$3,$3,$8,$0,$20,$49,$4,$0,$0,$0,$4,$0,$1,$0,$45,$49,$-7,$2,$1,$3,$2,$0,$0,$-4,$-2,$-6,$-1,$-1,$0,$9,$0,$9,$0,$7,$0,$0,$0,$-1,$-1,$-2,$0,$-2,$-1,$4,$-2
17,2014-06-30,32.6,$6.13,5.31,$3.90,8.35,$-0.14,0.0,$-0.98,0.0,$0.03B,$0.00B,8.0,$0.00B,$0.05B,0.0,$0.03B,$0.02B,70.37%,$0.03B,$-0.01B,-44.44%,$0.03B,$-0.01B,-44.44%,$0.03B,$-0.01B,-44.44%,$0.03B,$-0.01B,-44.44%,$0.03B,$-0.01B,-25.93%,$-0.01B,$0.05B,-14.00%,$-0.01B,$0.04B,-16.57%,$-0.01B,$0.05B,-12.67%,$-0.01B,$0.05B,-24.00%,$6,$2,$4,$3,$4,$10,$-4,$0,$-4,$-2,$-3,$-3,$-3,$-4,$-4,$7,7,$-0.38,$-0.38,$24,$0,$3,$31,$3,$4,$8,$0,$20,$51,$4,$0,$0,$0,$4,$0,$3,$0,$46,$51,$-5,$1,$1,$2,$2,$0,$0,$-3,$-1,$-4,$-1,$-1,$0,$7,$0,$7,$0,$5,$0,$0,$0,$-0,$-0,$-2,$0,$-2,$-1,$3,$-2
18,2014-03-31,31.29,$6.56,4.77,$4.58,6.83,$1.34,23.39,$-0.52,0.0,$0.04B,$0.00B,9.36,$0.00B,$0.05B,0.0,$0.03B,$0.02B,74.19%,$0.03B,$-0.01B,-22.58%,$0.03B,$-0.01B,-22.58%,$0.03B,$-0.01B,-19.35%,$0.03B,$-0.01B,-22.58%,$0.03B,$-0.00B,-9.68%,$-0.00B,$0.05B,-5.77%,$-0.00B,$0.04B,-6.78%,$-0.00B,$0.05B,-5.22%,$-0.01B,$0.05B,-13.46%,$7,$2,$5,$4,$4,$11,$-3,$0,$-3,$-1,$-2,$-2,$-2,$-3,$-3,$7,7,$-0.29,$-0.29,$31,$0,$2,$38,$2,$1,$8,$0,$16,$54,$4,$0,$0,$1,$5,$0,$7,$0,$49,$54,$-2,$1,$1,$1,$2,$0,$0,$-2,$-1,$-1,$-0,$-0,$0,$2,$0,$2,$0,$2,$0,$0,$0,$-0,$-0,$-1,$0,$-1,$-1,$1,$-1
19,2013-12-31,19.12,$6.88,2.78,$5.00,3.82,$2.01,9.5,$-0.10,0.0,$0.04B,$0.01B,6.43,$0.00B,$0.05B,0.0,$0.03B,$0.03B,76.47%,$0.03B,$-0.00B,-5.88%,$0.03B,$-0.00B,-5.88%,$0.03B,$-0.00B,-2.94%,$0.03B,$-0.00B,-5.88%,$0.03B,0,0.00%,$0.00B,$0.05B,0.00%,$0.00B,$0.04B,0.00%,$0.00B,$0.06B,0.00%,$-0.00B,$0.05B,-3.76%,$7,$2,$5,$3,$4,$10,$-3,$0,$-3,$-2,$-1,$-1,$-1,$-3,$-3,$7,7,$-0.19,$-0.19,$30,$0,$2,$37,$2,$5,$8,$1,$20,$57,$6,$0,$0,$0,$6,$0,$9,$0,$51,$57,$-1,$2,$3,$5,$-2,$0,$0,$1,$-1,$3,$-2,$-1,$0,$1,$0,$1,$0,$-2,$0,$0,$0,$-2,$-2,$-3,$0,$-5,$-3,$5,$-3
20,2013-09-30,19.95,$7.39,2.7,$5.34,3.73,$3.90,5.12,$0.23,86.75,$0.04B,$0.00B,9.29,$0.00B,$0.05B,0.0,$0.04B,$0.03B,80.56%,$0.04B,$0.00B,8.33%,$0.04B,$0.00B,8.33%,$0.04B,$0.00B,11.11%,$0.04B,$0.00B,8.33%,$0.04B,$0.00B,5.56%,$0.00B,$0.05B,3.72%,$0.00B,$0.05B,4.35%,$0.00B,$0.06B,3.40%,$0.00B,$0.05B,5.58%,$7,$2,$5,$3,$4,$9,$-2,$0,$-2,$-1,$-1,$-1,$-1,$-2,$-2,$7,7,$-0.12,$-0.12,$33,$0,$2,$40,$2,$5,$8,$0,$19,$59,$4,$0,$0,$0,$5,$0,$11,$0,$54,$59,$1,$1,$3,$5,$-1,$0,$0,$-0,$-1,$5,$-2,$-1,$0,$-1,$0,$-1,$0,$-3,$0,$0,$0,$-1,$-1,$-2,$0,$-3,$-2,$3,$-2
21,2013-06-30,20.41,$7.50,2.72,$5.54,3.69,$5.37,3.8,$0.49,41.65,$0.04B,$0.01B,8.84,$0.00B,$0.05B,0.0,$0.04B,$0.03B,81.58%,$0.04B,$0.01B,18.42%,$0.04B,$0.01B,18.42%,$0.04B,$0.01B,21.05%,$0.04B,$0.01B,18.42%,$0.04B,$0.00B,10.53%,$0.00B,$0.05B,7.55%,$0.00B,$0.05B,8.65%,$0.00B,$0.06B,6.93%,$0.01B,$0.05B,13.21%,$10,$2,$8,$3,$4,$9,$1,$0,$1,$1,$1,$1,$1,$2,$1,$7,7,$0.08,$0.08,$34,$0,$1,$40,$1,$8,$8,$0,$19,$60,$5,$0,$0,$0,$5,$0,$13,$0,$54,$60,$2,$1,$3,$4,$-0,$0,$0,$0,$0,$6,$-0,$-1,$0,$-2,$0,$-2,$0,$-2,$0,$0,$0,$-1,$-1,$-2,$0,$-2,$1,$2,$-2
22,2013-03-31,21.49,$7.34,2.93,$5.36,4.01,$6.31,3.41,$0.58,37.06,$0.04B,$0.01B,7.71,$0.00B,$0.05B,0.0,$0.04B,$0.03B,83.78%,$0.04B,$0.01B,21.62%,$0.04B,$0.01B,21.62%,$0.04B,$0.01B,21.62%,$0.04B,$0.01B,21.62%,$0.04B,$0.00B,10.81%,$0.00B,$0.05B,7.69%,$0.00B,$0.05B,8.65%,$0.00B,$0.06B,7.11%,$0.01B,$0.05B,15.38%,$10,$2,$8,$3,$3,$9,$2,$0,$2,$1,$1,$1,$1,$2,$2,$7,7,$0.13,$0.13,$33,$0,$1,$39,$1,$7,$8,$0,$20,$59,$5,$0,$1,$1,$6,$0,$13,$0,$54,$59,$1,$0,$1,$1,$-0,$0,$0,$1,$1,$3,$-0,$-0,$0,$1,$0,$1,$0,$1,$0,$0,$0,$-1,$-1,$-1,$0,$-1,$3,$1,$-1
23,2012-12-31,20.15,$7.39,2.73,$6.30,3.2,$7.31,2.76,$1.15,17.52,$0.04B,$0.00B,10.26,$0.00B,$0.05B,0.0,$0.04B,$0.04B,86.36%,$0.04B,$0.02B,34.09%,$0.04B,$0.02B,34.09%,$0.04B,$0.02B,34.09%,$0.04B,$0.01B,31.82%,$0.04B,$0.01B,18.18%,$0.01B,$0.05B,15.76%,$0.01B,$0.05B,17.30%,$0.01B,$0.06B,14.55%,$0.02B,$0.05B,29.56%,$9,$2,$8,$2,$3,$7,$2,$0,$2,$1,$1,$1,$1,$2,$2,$7,7,$0.11,$0.11,$32,$0,$1,$38,$1,$7,$8,$0,$20,$57,$4,$0,$0,$1,$4,$0,$13,$0,$53,$57,$8,$1,$7,$8,$-0,$0,$0,$0,$-0,$16,$-1,$-1,$-5,$-2,$-1,$-3,$0,$-10,$0,$0,$0,$-3,$-3,$-2,$3,$-2,$3,$5,$-2
24,2012-09-30,21.55,$7.15,3.01,$6.17,3.49,$6.45,3.34,$1.07,20.14,$0.04B,$0.00B,9.14,$0.00B,$0.05B,0.0,$0.04B,$0.04B,84.09%,$0.04B,$0.01B,31.82%,$0.04B,$0.01B,31.82%,$0.04B,$0.01B,31.82%,$0.04B,$0.01B,27.27%,$0.04B,$0.01B,15.91%,$0.01B,$0.05B,14.58%,$0.01B,$0.05B,15.64%,$0.01B,$0.06B,13.40%,$0.01B,$0.05B,29.17%,$9,$1,$7,$2,$3,$7,$2,$0,$2,$1,$1,$1,$1,$2,$2,$7,7,$0.14,$0.14,$30,$0,$1,$35,$1,$13,$4,$0,$20,$55,$4,$0,$0,$0,$4,$0,$13,$0,$51,$55,$7,$1,$6,$6,$-0,$0,$0,$-0,$0,$14,$-0,$-1,$0,$-4,$-1,$-5,$0,$-6,$0,$0,$0,$-2,$-2,$-2,$2,$-2,$5,$4,$-2
25,2012-06-30,24.73,$7.03,3.52,$6.06,4.08,$5.49,4.5,$1.02,24.24,$0.04B,$0.00B,9.42,$0.00B,$0.05B,0.0,$0.04B,$0.04B,84.09%,$0.04B,$0.01B,29.55%,$0.04B,$0.01B,29.55%,$0.04B,$0.01B,31.82%,$0.04B,$0.01B,25.00%,$0.04B,$0.01B,15.91%,$0.01B,$0.05B,15.47%,$0.01B,$0.05B,16.47%,$0.01B,$0.05B,14.14%,$0.01B,$0.05B,28.73%,$9,$2,$8,$2,$3,$7,$2,$0,$2,$1,$1,$1,$1,$2,$2,$7,7,$0.17,$0.17,$34,$0,$1,$38,$1,$10,$3,$0,$17,$54,$4,$0,$0,$0,$4,$0,$13,$0,$50,$54,$6,$0,$4,$5,$1,$0,$0,$-0,$2,$13,$-0,$-1,$0,$-6,$-1,$-7,$0,$-8,$0,$0,$0,$-2,$-2,$-1,$2,$-1,$4,$3,$-1
26,2012-03-31,26.81,$6.87,3.9,$6.06,4.42,$4.54,5.91,$1.35,19.86,$0.03B,$0.01B,6.6,$0.00B,$0.05B,0.0,$0.04B,$0.04B,84.09%,$0.04B,$0.01B,29.55%,$0.04B,$0.01B,29.55%,$0.04B,$0.02B,34.09%,$0.04B,$0.01B,25.00%,$0.04B,$0.01B,22.73%,$0.01B,$0.05B,23.26%,$0.01B,$0.05B,24.69%,$0.01B,$0.05B,21.05%,$0.01B,$0.05B,30.23%,$17,$2,$15,$2,$4,$8,$9,$-1,$8,$3,$5,$5,$5,$9,$9,$7,7,$0.74,$0.70,$31,$0,$1,$34,$1,$13,$3,$0,$20,$54,$5,$0,$0,$0,$6,$0,$12,$0,$49,$54,$5,$0,$3,$3,$1,$0,$0,$0,$2,$11,$-0,$-0,$0,$-5,$0,$-5,$0,$-6,$0,$0,$0,$-1,$-1,$0,$1,$1,$5,$1,$0
27,2011-12-31,22.92,$5.95,3.85,$4.88,4.69,$3.56,6.44,$0.77,29.77,$0.03B,$0.00B,8.44,$0.00B,$0.04B,0.0,$0.04B,$0.03B,80.56%,$0.04B,$0.01B,13.89%,$0.04B,$0.01B,13.89%,$0.04B,$0.01B,22.22%,$0.04B,$0.00B,11.11%,$0.04B,$0.01B,16.67%,$0.01B,$0.04B,15.00%,$0.01B,$0.04B,15.89%,$0.01B,$0.05B,13.48%,$0.01B,$0.04B,12.50%,$9,$2,$7,$2,$4,$8,$1,$-1,$0,$0,$0,$0,$0,$1,$1,$7,7,$0.06,$0.05,$26,$0,$1,$30,$1,$8,$3,$0,$15,$46,$4,$0,$0,$0,$4,$0,$7,$0,$42,$46,$6,$1,$4,$5,$-0,$0,$0,$0,$-0,$10,$-1,$-1,$0,$10,$-2,$8,$0,$6,$0,$0,$0,$-20,$-20,$0,$1,$-19,$-3,$4,$0
28,2011-09-30,24.35,$5.77,4.22,$5.06,4.82,$3.54,6.88,$1.06,22.97,$0.03B,$0.00B,8.83,$0.00B,$0.04B,0.0,$0.04B,$0.03B,83.78%,$0.04B,$0.01B,18.92%,$0.04B,$0.01B,18.92%,$0.04B,$0.01B,27.03%,$0.04B,$0.01B,18.92%,$0.04B,$0.01B,24.32%,$0.01B,$0.04B,21.30%,$0.01B,$0.04B,22.36%,$0.01B,$0.04B,19.15%,$0.01B,$0.04B,16.57%,$9,$2,$7,$2,$3,$7,$1,$-1,$1,$0,$1,$1,$1,$2,$1,$7,7,$0.10,$0.09,$27,$0,$1,$31,$1,$6,$3,$0,$13,$44,$4,$0,$0,$0,$4,$0,$7,$0,$40,$44,$5,$1,$2,$3,$0,$0,$0,$-0,$-0,$8,$-1,$-1,$0,$11,$-2,$8,$0,$7,$0,$0,$0,$-20,$-20,$0,$1,$-19,$-4,$3,$0
29,2011-06-30,33.61,$5.92,5.68,$4.63,7.26,$3.35,10.02,$0.76,44.22,$0.03B,$0.00B,8.63,$0.00B,$0.04B,0.0,$0.03B,$0.03B,84.85%,$0.03B,$0.01B,15.15%,$0.03B,$0.01B,15.15%,$0.03B,$0.01B,21.21%,$0.03B,$0.01B,15.15%,$0.03B,$0.01B,21.21%,$0.01B,$0.04B,15.64%,$0.01B,$0.04B,16.37%,$0.01B,$0.05B,14.14%,$0.01B,$0.04B,11.17%,$9,$2,$8,$2,$3,$7,$2,$-1,$2,$-2,$4,$4,$4,$3,$2,$7,7,$0.54,$0.50,$28,$0,$1,$32,$1,$7,$2,$0,$14,$46,$4,$0,$1,$1,$4,$0,$6,$0,$41,$46,$5,$0,$1,$1,$1,$0,$0,$-0,$0,$6,$-0,$-0,$0,$11,$-1,$9,$0,$9,$0,$0,$0,$-17,$-17,$0,$1,$-16,$-2,$2,$0
30,2011-03-31,27.73,$5.37,5.16,$4.06,6.83,$3.36,8.25,$0.13,213.3,$0.03B,$0.00B,8.14,$0.00B,$0.04B,0.0,$0.03B,$0.02B,82.76%,$0.03B,$0.00B,10.34%,$0.03B,$0.00B,10.34%,$0.03B,$0.00B,13.79%,$0.03B,$0.00B,6.90%,$0.03B,$0.00B,6.90%,$0.00B,$0.04B,4.23%,$0.00B,$0.04B,4.42%,$0.00B,$0.04B,3.88%,$0.00B,$0.04B,6.35%,$9,$2,$7,$2,$4,$8,$1,$-0,$1,$0,$1,$1,$1,$2,$1,$7,8,$0.14,$0.12,$29,$0,$1,$32,$1,$5,$2,$0,$9,$42,$4,$0,$1,$1,$4,$0,$2,$0,$37,$42,$1,$0,$2,$2,$1,$0,$0,$0,$1,$4,$-0,$-0,$0,$14,$-1,$13,$0,$13,$0,$0,$0,$-16,$-16,$0,$0,$-16,$1,$1,$0
31,2010-12-31,28.79,$6.87,4.19,$4.23,6.81,$3.59,8.03,$0.52,55.37,$0.04B,$0.00B,9.71,$0.00B,$0.05B,0.0,$0.03B,$0.03B,83.33%,$0.03B,$0.01B,20.00%,$0.03B,$0.01B,20.00%,$0.03B,$0.01B,20.00%,$0.03B,$0.01B,16.67%,$0.03B,$0.01B,16.67%,$0.01B,$0.05B,9.85%,$0.01B,$0.05B,10.20%,$0.01B,$0.06B,9.17%,$0.01B,$0.05B,11.82%,$10,$2,$9,$2,$4,$7,$3,$-1,$3,$-0,$3,$3,$3,$3,$3,$7,8,$0.40,$0.38,$35,$0,$1,$40,$1,$12,$2,$0,$16,$56,$4,$0,$1,$1,$5,$0,$1,$0,$51,$56,$4,$1,$5,$6,$0,$0,$0,$-0,$0,$10,$-1,$-1,$0,$-6,$-3,$-9,$0,$-10,$0,$0,$0,$-3,$-3,$0,$0,$-3,$-3,$3,$0
32,2010-09-30,22.51,$6.88,3.27,$3.63,6.19,$2.36,9.52,$0.09,250.1,$0.05B,$0.00B,13.72,$0.00B,$0.05B,0.0,$0.03B,$0.02B,76.92%,$0.03B,$0.00B,11.54%,$0.03B,$0.00B,11.54%,$0.03B,$0.00B,11.54%,$0.03B,$0.00B,3.85%,$0.03B,$0.00B,3.85%,$0.00B,$0.05B,2.01%,$0.00B,$0.05B,2.08%,$0.00B,$0.05B,1.89%,$0.00B,$0.05B,6.03%,$5,$1,$4,$1,$3,$6,$-1,$-0,$-1,$0,$-1,$-1,$-1,$-1,$-1,$7,7,$-0.21,$-0.21,$43,$0,$1,$47,$1,$4,$2,$0,$7,$54,$3,$0,$0,$0,$4,$0,$-1,$0,$50,$54,$1,$0,$4,$4,$0,$0,$0,$-0,$0,$6,$-0,$-1,$0,$-4,$-2,$-6,$0,$-7,$0,$0,$0,$-0,$-0,$0,$0,$-0,$-2,$2,$0
33,2010-06-30,17.99,$7.08,2.54,$3.56,5.05,$1.50,11.97,$0.20,89.95,$0.05B,$0.00B,17.91,$0.00B,$0.05B,0.0,$0.03B,$0.02B,73.08%,$0.03B,$0.00B,15.38%,$0.03B,$0.00B,15.38%,$0.03B,$0.00B,15.38%,$0.03B,$0.00B,3.85%,$0.03B,$0.00B,3.85%,$0.00B,$0.05B,2.04%,$0.00B,$0.05B,2.11%,$0.00B,$0.05B,1.92%,$0.00B,$0.05B,8.16%,$5,$2,$4,$1,$2,$6,$-0,$-1,$-1,$0,$-1,$-1,$-1,$-0,$-0,$7,7,$-0.13,$-0.13,$47,$0,$1,$50,$1,$1,$2,$0,$4,$54,$3,$0,$0,$0,$3,$0,$0,$0,$51,$54,$3,$0,$3,$3,$1,$0,$0,$-1,$0,$6,$-0,$-1,$0,$-5,$-1,$-6,$0,$-7,$0,$0,$0,$-0,$-0,$0,$0,$-0,$-1,$2,$0
34,2010-03-31,16.57,$7.01,2.37,$3.43,4.83,$0.70,23.84,$0.23,72.04,$0.05B,$0.00B,16.27,$0.00B,$0.05B,0.0,$0.03B,$0.02B,72.00%,$0.03B,$0.00B,12.00%,$0.03B,$0.00B,12.00%,$0.03B,$0.00B,12.00%,$0.03B,$0.00B,4.00%,$0.03B,$0.00B,4.00%,$0.00B,$0.05B,2.07%,$0.00B,$0.05B,2.13%,$0.00B,$0.05B,1.94%,$0.00B,$0.05B,6.22%,$10,$2,$8,$1,$3,$6,$4,$-0,$4,$0,$4,$4,$4,$4,$4,$7,7,$0.53,$0.51,$47,$0,$1,$51,$1,$1,$2,$0,$4,$54,$3,$0,$0,$0,$3,$0,$1,$0,$51,$54,$4,$0,$1,$1,$1,$0,$0,$-0,$0,$5,$-0,$-0,$0,$-1,$-1,$-2,$0,$-2,$0,$0,$0,$-0,$-0,$0,$0,$-0,$3,$1,$0
35,2009-12-31,14.38,$6.48,2.22,$2.67,5.39,$0.06,232.72,$-0.39,0.0,$0.05B,$0.00B,12.68,$0.00B,$0.05B,0.0,$0.02B,$0.01B,68.42%,$0.02B,$-0.00B,-10.53%,$0.02B,$-0.00B,-10.53%,$0.02B,$-0.00B,-10.53%,$0.02B,$-0.00B,-21.05%,$0.02B,$-0.00B,-21.05%,$-0.00B,$0.05B,-8.42%,$-0.00B,$0.05B,-8.60%,$-0.00B,$0.05B,-7.84%,$-0.00B,$0.05B,-4.21%,$6,$2,$4,$1,$3,$6,$-0,$-0,$-1,$0,$-1,$-1,$-1,$-0,$-0,$7,7,$-0.09,$-0.09,$43,$0,$1,$47,$1,$0,$1,$0,$3,$50,$4,$0,$0,$0,$4,$0,$-3,$0,$47,$50,$-3,$1,$3,$4,$0,$0,$0,$-0,$-0,$1,$-0,$-1,$0,$-7,$-1,$-8,$0,$-9,$-0,$0,$-0,$-1,$-1,$0,$0,$-2,$-10,$2,$0
36,2009-09-30,14.57,$6.53,2.23,$2.54,5.74,$0.44,33.11,$-0.36,0.0,$0.05B,$0.00B,15.83,$0.00B,$0.05B,0.0,$0.02B,$0.01B,66.67%,$0.02B,$-0.00B,-16.67%,$0.02B,$-0.00B,-16.67%,$0.02B,$-0.00B,-11.11%,$0.02B,$-0.00B,-16.67%,$0.02B,$-0.00B,-16.67%,$-0.00B,$0.05B,-6.28%,$-0.00B,$0.05B,-6.35%,$-0.00B,$0.05B,-5.83%,$-0.00B,$0.05B,-6.28%,$5,$2,$3,$1,$2,$5,$-0,$-0,$-1,$0,$-1,$-1,$-1,$-0,$-0,$7,7,$-0.10,$-0.10,$41,$0,$1,$45,$1,$2,$1,$1,$5,$50,$3,$0,$0,$0,$3,$0,$-2,$0,$47,$50,$-2,$0,$2,$3,$1,$0,$0,$-1,$-0,$-0,$-0,$-1,$0,$-6,$-1,$-6,$0,$-7,$-0,$0,$-0,$-1,$-1,$0,$0,$-1,$-8,$2,$0
37,2009-06-30,12.06,$6.60,1.83,$2.59,4.66,$0.84,14.44,$-0.26,0.0,$0.05B,$0.00B,14.43,$0.00B,$0.05B,0.0,$0.02B,$0.01B,66.67%,$0.02B,$-0.00B,-16.67%,$0.02B,$-0.00B,-16.67%,$0.02B,$-0.00B,-11.11%,$0.02B,$-0.00B,-11.11%,$0.02B,$-0.00B,-11.11%,$-0.00B,$0.05B,-4.17%,$-0.00B,$0.05B,-4.19%,$-0.00B,$0.05B,-3.79%,$-0.00B,$0.05B,-6.25%,$4,$2,$3,$1,$2,$5,$-1,$0,$-1,$0,$-1,$-1,$-1,$-1,$-1,$7,7,$-0.09,$-0.09,$43,$0,$1,$47,$1,$2,$1,$0,$5,$52,$3,$0,$0,$0,$3,$0,$-1,$0,$48,$52,$-1,$0,$1,$1,$1,$0,$0,$-1,$0,$0,$-0,$-0,$0,$-7,$0,$-7,$0,$-8,$-0,$0,$-0,$0,$0,$0,$0,$-0,$-7,$1,$0
38,2009-03-31,9.33,$6.61,1.41,$1.98,4.7,$0.83,11.19,$-0.16,0.0,$0.04B,$0.00B,13.17,$0.00B,$0.05B,0.0,$0.02B,$0.01B,63.16%,$0.02B,$-0.00B,-10.53%,$0.02B,$-0.00B,-10.53%,$0.02B,0,0.00%,$0.02B,0,0.00%,$0.02B,0,0.00%,$0.00B,$0.05B,0.00%,$0.00B,$0.05B,0.00%,$0.00B,$0.05B,0.00%,$-0.00B,$0.05B,-5.56%,$4,$1,$3,$1,$2,$5,$-1,$0,$-1,$0,$-1,$-1,$-1,$-1,$-1,$7,7,$-0.11,$-0.11,$38,$0,$1,$41,$1,$8,$1,$0,$10,$52,$3,$0,$0,$0,$3,$0,$-1,$0,$48,$52,$-1,$0,$1,$1,$2,$0,$0,$-1,$1,$1,$-0,$-0,$0,$3,$0,$3,$0,$2,$-0,$0,$-0,$0,$0,$0,$0,$-0,$3,$1,$0
39,2008-12-31,9.61,$6.65,1.45,$1.37,7.04,$0.75,12.86,$-0.05,0.0,$0.05B,$0.00B,11.86,$0.00B,$0.05B,0.0,$0.02B,$0.01B,65.00%,$0.02B,0,0.00%,$0.02B,0,0.00%,$0.02B,$0.00B,10.00%,$0.02B,$0.00B,10.00%,$0.02B,$0.00B,10.00%,$0.00B,$0.05B,8.33%,$0.00B,$0.05B,8.33%,$0.00B,$0.05B,7.48%,$0.00B,$0.05B,0.00%,$5,$1,$3,$1,$2,$5,$-1,$0,$-0,$0,$-0,$-0,$-0,$-0,$-1,$7,7,$-0.14,$-0.14,$40,$0,$1,$45,$1,$6,$0,$0,$8,$52,$4,$0,$0,$0,$4,$0,$0,$0,$48,$52,$1,$1,$2,$3,$-0,$0,$0,$-1,$-0,$4,$-1,$-0,$0,$-23,$0,$-23,$0,$-25,$-0,$0,$-0,$0,$0,$0,$11,$11,$-10,$1,$0
