,Date,Stock Price,Book Value per Share,Price to Book Ratio,TTM Sales per Share,Price to Sales Ratio,TTM FCF per Share,Price to FCF Ratio,TTM Net EPS,PE Ratio,Current Assets,Current Liabilities,Current Ratio,Long Term Debt,Shareholder's Equity_x,Debt to Equity Ratio,TTM Revenue_x,TTM Gross Profit,Gross Margin,TTM Revenue_y,TTM Operating Income,Operating Margin,TTM Revenue_x,TTM EBIT,EBIT Margin,TTM Revenue_y,TTM EBITDA,EBITDA Margin,TTM Revenue_x,TTM Pre-Tax Income,Pre-Tax Margin,TTM Revenue_y,TTM Net Income_x,Net Margin,TTM Net Income_y,Shareholder's Equity_y,Return on Equity,TTM Net Income_x,Tangible Equity,Return on Tangible Equity,TTM Net Income_y,Total Assets,Return on Assets,TTM Net Income,LT Investments & Debt,Return on Investment,revenue,cost-goods-sold,gross-profit,research-development-expenses,selling-general-administrative-expenses,operating-expenses,operating-income,total-non-operating-income-expense,pre-tax-income,total-provision-income-taxes,income-after-taxes,income-from-continuous-operations,net-income,ebitda,ebit,basic-shares-outstanding,shares-outstanding,eps-basic-net-earnings-per-share,eps-earnings-per-share-diluted,cash-on-hand,inventory,other-current-assets,total-current-assets,net-property-plant-equipment,long-term-investments,goodwill-intangible-assets-total,other-long-term-assets,total-long-term-assets,total-assets,total-current-liabilities,long-term-debt,other-non-current-liabilities,total-long-term-liabilities,total-liabilities,common-stock-net,retained-earnings-accumulated-deficit,comprehensive-income,total-share-holder-equity,total-liabilities-share-holders-equity,net-income-loss,total-depreciation-amortization-cash-flow,other-non-cash-items,total-non-cash-items,change-in-accounts-receivable,change-in-inventories,change-in-accounts-payable,change-in-assets-liabilities,total-change-in-assets-liabilities,cash-flow-from-operating-activities,net-change-in-property-plant-equipment,net-change-in-intangible-assets,net-acquisitions-divestitures,net-change-in-short-term-investments,net-change-in-long-term-investments,net-change-in-investments-total,investing-activities-other,cash-flow-from-investing-activities,net-long-term-debt,net-current-debt,debt-issuance-retirement-net-total,net-common-equity-issued-repurchased,net-total-equity-issued-repurchased,total-common-preferred-stock-dividends-paid,financial-activities-other,cash-flow-from-financial-activities,net-cash-flow,stock-based-compensation,common-stock-dividends-paid
0,2018-09-30,64.1,$25.93,2.47,$75.30,0.85,$8.80,7.29,$5.34,12.0,$0.79B,$0.24B,3.26,$0.80B,$0.70B,1.13,$2.15B,$0.44B,20.46%,$2.15B,$0.18B,8.18%,$2.15B,$0.18B,8.18%,$2.15B,$0.26B,12.18%,$2.15B,$0.14B,6.37%,$2.15B,$0.15B,7.11%,$0.15B,$0.70B,21.32%,$0.15B,$0.30B,46.29%,$0.15B,$1.85B,8.86%,$0.18B,$1.50B,12.70%,$557,$446,$111,$0,$65,$511,$46,$-14,$32,$6,$26,$26,$25,$69,$46,$27,28,$0.90,$0.89,$203,$250,$0,$787,$594,$13,$402,$28,$1065,$1851,$241,$796,$30,$907,$1148,$604,$0,$-132,$704,$1851,$83,$64,$19,$84,$-26,$-7,$0,$-5,$-26,$140,$-50,$0,$-135,$0,$0,$0,$-3,$-188,$175,$0,$175,$-95,$-95,$-4,$-13,$63,$15,$8,$-4
1,2018-06-30,71.85,$25.71,2.79,$72.83,0.99,$7.13,10.08,$5.45,13.18,$0.63B,$0.25B,2.51,$0.63B,$0.71B,0.88,$2.11B,$0.43B,20.50%,$2.11B,$0.17B,8.24%,$2.11B,$0.17B,8.24%,$2.11B,$0.26B,12.17%,$2.11B,$0.14B,6.72%,$2.11B,$0.16B,7.43%,$0.16B,$0.71B,22.14%,$0.16B,$0.30B,45.64%,$0.16B,$1.70B,9.36%,$0.17B,$1.34B,13.04%,$567,$443,$124,$0,$72,$515,$52,$-8,$44,$8,$36,$36,$35,$73,$52,$28,28,$1.26,$1.24,$41,$244,$0,$628,$591,$12,$408,$28,$1067,$1695,$250,$626,$33,$736,$985,$614,$-2,$-135,$710,$1695,$57,$42,$11,$53,$-40,$-3,$0,$-7,$-22,$88,$-32,$0,$-136,$0,$0,$0,$-2,$-170,$-0,$0,$-0,$-61,$-61,$-3,$-2,$-66,$-148,$7,$-3
2,2018-03-31,61.35,$25.84,2.37,$69.74,0.88,$5.59,10.98,$5.10,12.03,$0.62B,$0.23B,2.72,$0.63B,$0.72B,0.87,$2.07B,$0.42B,20.15%,$2.07B,$0.17B,8.04%,$2.07B,$0.17B,8.04%,$2.07B,$0.25B,12.06%,$2.07B,$0.14B,6.54%,$2.07B,$0.15B,7.22%,$0.15B,$0.72B,21.11%,$0.15B,$0.30B,40.96%,$0.15B,$1.68B,9.10%,$0.17B,$1.35B,12.83%,$518,$412,$105,$0,$68,$481,$37,$-8,$29,$7,$22,$22,$21,$58,$37,$28,29,$0.74,$0.73,$49,$241,$0,$617,$585,$12,$416,$26,$1066,$1684,$227,$626,$35,$737,$964,$620,$-26,$-104,$720,$1684,$22,$21,$7,$27,$-17,$-2,$0,$-2,$-22,$27,$-22,$0,$-96,$0,$0,$0,$-1,$-119,$-0,$0,$-0,$-44,$-44,$-1,$-2,$-48,$-140,$3,$-1
3,2017-12-31,74.15,$25.94,2.86,$67.67,1.1,$4.85,15.3,$5.14,14.43,$0.72B,$0.22B,3.25,$0.63B,$0.74B,0.85,$2.03B,$0.41B,20.01%,$2.03B,$0.16B,7.82%,$2.03B,$0.16B,7.82%,$2.03B,$0.24B,11.85%,$2.03B,$0.13B,6.39%,$2.03B,$0.15B,7.47%,$0.15B,$0.74B,21.88%,$0.15B,$0.42B,40.24%,$0.15B,$1.68B,9.58%,$0.16B,$1.36B,12.77%,$509,$408,$100,$0,$59,$467,$41,$-9,$32,$-41,$73,$73,$72,$62,$41,$29,30,$2.48,$2.43,$189,$234,$0,$722,$574,$11,$321,$23,$958,$1680,$222,$626,$36,$722,$944,$624,$-18,$-110,$736,$1680,$157,$82,$-26,$56,$-16,$1,$0,$-8,$-39,$173,$-73,$0,$-14,$0,$0,$0,$-3,$-90,$156,$0,$156,$-120,$-120,$-6,$-10,$21,$105,$12,$-6
4,2017-09-30,69.2,$23.57,2.94,$66.08,1.05,$4.46,15.53,$3.16,21.9,$0.74B,$0.24B,3.12,$0.63B,$0.67B,0.93,$2.01B,$0.40B,20.09%,$2.01B,$0.15B,7.38%,$2.01B,$0.15B,7.38%,$2.01B,$0.23B,11.42%,$2.01B,$0.12B,6.08%,$2.01B,$0.10B,4.74%,$0.10B,$0.67B,14.06%,$0.10B,$0.36B,26.46%,$0.10B,$1.65B,6.19%,$0.15B,$1.30B,12.47%,$518,$414,$104,$0,$59,$474,$44,$-7,$37,$6,$31,$31,$29,$64,$44,$29,30,$1.01,$1.00,$163,$252,$0,$736,$558,$11,$315,$22,$915,$1650,$236,$626,$38,$744,$980,$627,$-83,$-113,$671,$1650,$84,$61,$15,$76,$-40,$-18,$0,$-7,$-61,$98,$-51,$0,$0,$0,$0,$0,$-3,$-54,$155,$0,$155,$-110,$-110,$-3,$-6,$36,$79,$9,$-3
5,2017-06-30,75.5,$23.53,3.21,$64.29,1.17,$4.00,18.85,$3.19,23.67,$0.63B,$0.25B,2.54,$0.48B,$0.70B,0.69,$1.98B,$0.40B,20.37%,$1.98B,$0.15B,7.58%,$1.98B,$0.15B,7.58%,$1.98B,$0.23B,11.68%,$1.98B,$0.13B,6.32%,$1.98B,$0.10B,4.95%,$0.10B,$0.70B,14.43%,$0.10B,$0.38B,27.18%,$0.10B,$1.54B,6.55%,$0.15B,$1.17B,13.03%,$520,$412,$107,$0,$64,$476,$44,$-7,$37,$9,$28,$28,$27,$65,$44,$30,30,$0.90,$0.89,$54,$251,$0,$628,$553,$10,$316,$22,$910,$1538,$248,$477,$40,$594,$842,$650,$-66,$-127,$696,$1538,$53,$41,$10,$51,$-48,$-19,$0,$-6,$-56,$48,$-35,$0,$0,$0,$0,$0,$-2,$-37,$1,$5,$6,$-38,$-38,$-1,$-6,$-40,$-30,$6,$-1
6,2017-03-31,79.25,$22.57,3.51,$63.57,1.25,$4.18,18.96,$3.36,23.59,$0.58B,$0.22B,2.64,$0.47B,$0.68B,0.7,$1.97B,$0.41B,20.64%,$1.97B,$0.15B,7.61%,$1.97B,$0.15B,7.61%,$1.97B,$0.23B,11.71%,$1.97B,$0.13B,6.39%,$1.97B,$0.10B,5.27%,$0.10B,$0.68B,15.28%,$0.10B,$0.36B,29.05%,$0.10B,$1.48B,6.97%,$0.15B,$1.15B,13.03%,$487,$392,$96,$0,$65,$457,$30,$-7,$24,$-2,$25,$25,$24,$50,$30,$30,30,$0.79,$0.77,$47,$238,$0,$583,$541,$10,$316,$20,$896,$1479,$220,$471,$41,$583,$803,$658,$-74,$-144,$676,$1479,$25,$20,$0,$20,$-29,$-11,$0,$-4,$-48,$-3,$-14,$0,$0,$0,$0,$0,$-1,$-15,$0,$0,$0,$-11,$-11,$0,$-6,$-17,$-37,$2,$0
7,2016-12-31,65.8,$22.16,2.97,$63.17,1.04,$4.08,16.14,$3.16,20.82,$0.58B,$0.23B,2.5,$0.47B,$0.66B,0.71,$1.97B,$0.41B,20.72%,$1.97B,$0.15B,7.75%,$1.97B,$0.15B,7.75%,$1.97B,$0.24B,11.90%,$1.97B,$0.13B,6.43%,$1.97B,$0.10B,4.96%,$0.10B,$0.66B,14.45%,$0.10B,$0.34B,28.14%,$0.10B,$1.48B,6.54%,$0.15B,$1.13B,13.32%,$481,$385,$96,$0,$63,$451,$30,$-6,$24,$6,$18,$18,$15,$50,$30,$30,31,$0.53,$0.51,$84,$226,$0,$579,$542,$9,$319,$17,$897,$1476,$231,$471,$44,$585,$816,$650,$-89,$-149,$660,$1476,$104,$82,$26,$109,$-30,$-23,$0,$-3,$-39,$174,$-81,$0,$7,$0,$0,$0,$-2,$-76,$-1,$0,$-1,$-99,$-99,$-6,$-4,$-110,$-17,$19,$-6
8,2016-09-30,62.17,$22.78,2.73,$63.75,0.98,$4.76,13.06,$2.23,27.88,$0.59B,$0.23B,2.58,$0.47B,$0.69B,0.69,$1.98B,$0.41B,20.63%,$1.98B,$0.12B,6.02%,$1.98B,$0.12B,6.02%,$1.98B,$0.20B,10.26%,$1.98B,$0.09B,4.55%,$1.98B,$0.07B,3.54%,$0.07B,$0.69B,10.34%,$0.07B,$0.36B,20.68%,$0.07B,$1.49B,4.65%,$0.12B,$1.16B,10.38%,$490,$386,$104,$0,$63,$444,$46,$-6,$40,$7,$33,$33,$32,$66,$46,$30,31,$1.05,$1.03,$61,$239,$0,$591,$538,$9,$323,$17,$897,$1488,$229,$471,$39,$574,$804,$656,$-88,$-127,$685,$1488,$87,$63,$13,$75,$-51,$-33,$0,$1,$-70,$92,$-57,$0,$15,$0,$0,$0,$-1,$-43,$-0,$0,$-0,$-80,$-80,$-3,$-4,$-87,$-41,$12,$-3
9,2016-06-30,66.14,$22.88,2.89,$63.71,1.04,$5.70,11.61,$0.66,100.21,$0.61B,$0.25B,2.47,$0.47B,$0.70B,0.67,$1.96B,$0.39B,19.96%,$1.96B,$0.06B,3.11%,$1.96B,$0.06B,3.11%,$1.96B,$0.15B,7.38%,$1.96B,$0.03B,1.63%,$1.96B,$0.02B,1.12%,$0.02B,$0.70B,3.28%,$0.02B,$0.37B,6.77%,$0.02B,$1.52B,1.44%,$0.06B,$1.17B,5.35%,$514,$403,$111,$0,$69,$470,$44,$-6,$38,$3,$35,$35,$33,$65,$44,$31,31,$1.09,$1.06,$75,$234,$0,$608,$534,$20,$332,$18,$915,$1523,$246,$471,$42,$575,$821,$678,$-71,$-118,$702,$1523,$53,$42,$11,$54,$-52,$-25,$0,$-2,$-50,$57,$-38,$0,$-1,$0,$0,$0,$-1,$-39,$0,$0,$0,$-36,$-36,$-0,$-4,$-41,$-27,$9,$-0
10,2016-03-31,65.5,$21.95,2.98,$62.34,1.05,$5.80,11.29,$0.02,3275.0,$0.57B,$0.23B,2.49,$0.47B,$0.67B,0.7,$1.93B,$0.38B,19.52%,$1.93B,$0.05B,2.70%,$1.93B,$0.05B,2.70%,$1.93B,$0.14B,7.01%,$1.93B,$0.02B,1.19%,$1.93B,$0.00B,0.10%,$0.00B,$0.67B,0.30%,$0.00B,$0.32B,0.60%,$0.00B,$1.51B,0.13%,$0.05B,$1.14B,4.57%,$489,$391,$98,$0,$65,$456,$33,$-8,$25,$6,$19,$19,$18,$54,$33,$30,31,$0.58,$0.57,$63,$219,$0,$574,$539,$19,$345,$17,$933,$1506,$231,$469,$42,$610,$841,$662,$-137,$-104,$666,$1506,$19,$21,$9,$30,$-42,$-10,$0,$-1,$-45,$3,$-24,$0,$0,$0,$0,$0,$-1,$-24,$-0,$0,$-0,$-16,$-16,$-0,$-0,$-17,$-39,$4,$-0
11,2015-12-31,61.23,$21.54,2.84,$61.20,1.0,$5.46,11.21,$-1.58,0.0,$0.56B,$0.23B,2.4,$0.47B,$0.66B,0.72,$1.87B,$0.35B,18.76%,$1.87B,$0.03B,1.71%,$1.87B,$0.03B,1.71%,$1.87B,$0.11B,6.09%,$1.87B,$-0.03B,-1.50%,$1.87B,$-0.05B,-2.51%,$-0.05B,$0.66B,-6.99%,$-0.05B,$0.30B,-13.47%,$-0.05B,$1.50B,-3.05%,$0.03B,$1.12B,2.80%,$485,$390,$95,$0,$68,$489,$-4,$-9,$-13,$-2,$-11,$-11,$-13,$18,$-4,$30,30,$-0.43,$-0.41,$102,$208,$0,$559,$534,$19,$354,$16,$940,$1499,$233,$469,$44,$611,$844,$664,$-145,$-108,$656,$1499,$-43,$83,$117,$200,$27,$-2,$0,$-13,$4,$161,$-50,$0,$-129,$0,$0,$0,$-1,$-180,$-25,$0,$-25,$0,$0,$-6,$-41,$-72,$-103,$13,$-6
12,2015-09-30,60.58,$21.78,2.78,$60.33,1.0,$2.94,20.6,$-1.70,0.0,$0.63B,$0.27B,2.31,$0.47B,$0.66B,0.71,$1.84B,$0.32B,17.66%,$1.84B,$0.03B,1.74%,$1.84B,$0.03B,1.74%,$1.84B,$0.11B,6.10%,$1.84B,$-0.03B,-1.53%,$1.84B,$-0.05B,-2.72%,$-0.05B,$0.66B,-7.23%,$-0.05B,$0.31B,-13.09%,$-0.05B,$1.57B,-3.18%,$0.03B,$1.13B,2.73%,$476,$388,$88,$0,$60,$488,$-12,$-5,$-18,$-3,$-15,$-15,$-16,$8,$-12,$30,30,$-0.54,$-0.54,$82,$240,$0,$629,$549,$8,$353,$17,$943,$1572,$273,$469,$48,$637,$910,$663,$-131,$-122,$662,$1572,$-31,$61,$80,$141,$-8,$-25,$0,$-7,$-16,$93,$-31,$0,$-111,$0,$0,$0,$-1,$-143,$-25,$4,$-21,$0,$0,$-2,$-40,$-63,$-123,$7,$-2
13,2015-06-30,70.11,$23.02,3.05,$60.67,1.16,$1.81,38.71,$-1.50,0.0,$0.70B,$0.25B,2.83,$0.47B,$0.70B,0.67,$1.84B,$0.30B,16.46%,$1.84B,$0.05B,2.51%,$1.84B,$0.05B,2.51%,$1.84B,$0.13B,6.92%,$1.84B,$-0.02B,-0.98%,$1.84B,$-0.04B,-2.40%,$-0.04B,$0.70B,-6.09%,$-0.04B,$0.41B,-10.40%,$-0.04B,$1.58B,-2.73%,$0.05B,$1.17B,3.79%,$476,$381,$95,$0,$59,$441,$35,$-6,$29,$15,$14,$14,$13,$55,$35,$30,32,$0.44,$0.42,$153,$244,$0,$696,$554,$8,$292,$17,$887,$1583,$246,$468,$52,$639,$885,$661,$-115,$-101,$698,$1583,$-15,$40,$46,$86,$-9,$-26,$0,$-9,$-30,$40,$-18,$0,$0,$0,$0,$0,$-5,$-23,$-25,$0,$-25,$0,$0,$-2,$-39,$-66,$-56,$5,$-2
14,2015-03-31,67.26,$22.33,3.01,$61.53,1.09,$1.30,51.69,$-1.74,0.0,$0.62B,$0.21B,2.92,$0.48B,$0.67B,0.71,$1.85B,$0.29B,15.47%,$1.85B,$0.03B,1.68%,$1.85B,$0.03B,1.68%,$1.85B,$0.11B,6.06%,$1.85B,$-0.04B,-2.11%,$1.85B,$-0.05B,-2.76%,$-0.05B,$0.67B,-6.77%,$-0.05B,$0.38B,-11.46%,$-0.05B,$1.52B,-3.08%,$0.03B,$1.15B,2.47%,$434,$361,$73,$0,$58,$422,$13,$-39,$-26,$3,$-29,$-29,$-31,$33,$13,$30,30,$-1.03,$-1.03,$103,$229,$0,$617,$555,$8,$293,$24,$898,$1515,$211,$475,$52,$630,$842,$659,$-129,$-111,$673,$1515,$-29,$20,$31,$52,$-8,$-12,$0,$-5,$-42,$-20,$-10,$0,$0,$0,$0,$0,$-1,$-11,$-25,$0,$-25,$0,$0,$-1,$-39,$-64,$-102,$2,$-1
15,2014-12-31,61.46,$24.50,2.51,$61.55,1.0,$1.66,37.13,$-1.27,0.0,$0.69B,$0.24B,2.92,$0.50B,$0.74B,0.69,$1.84B,$0.27B,14.48%,$1.84B,$0.01B,0.65%,$1.84B,$0.01B,0.65%,$1.84B,$0.10B,5.17%,$1.84B,$-0.03B,-1.58%,$1.84B,$-0.04B,-2.01%,$-0.04B,$0.74B,-4.71%,$-0.04B,$0.43B,-7.89%,$-0.04B,$1.62B,-2.16%,$0.01B,$1.24B,0.93%,$449,$381,$68,$0,$54,$453,$-4,$-9,$-13,$1,$-14,$-14,$-16,$16,$-4,$30,30,$-0.55,$-0.54,$205,$223,$0,$693,$576,$9,$303,$17,$924,$1616,$237,$504,$54,$643,$881,$657,$-98,$-76,$735,$1616,$-34,$82,$30,$112,$-14,$-13,$0,$3,$-0,$77,$-43,$0,$-55,$0,$0,$0,$-2,$-101,$139,$0,$139,$0,$0,$-5,$-5,$129,$91,$10,$-5
16,2014-09-30,55.38,$26.34,2.1,$61.25,0.9,$0.89,62.2,$-0.97,0.0,$0.76B,$0.27B,2.82,$0.51B,$0.79B,0.65,$1.81B,$0.25B,13.77%,$1.81B,$0.01B,0.39%,$1.81B,$0.01B,0.39%,$1.81B,$0.09B,4.87%,$1.81B,$-0.04B,-2.05%,$1.81B,$-0.03B,-1.60%,$-0.03B,$0.79B,-3.59%,$-0.03B,$0.47B,-5.84%,$-0.03B,$1.72B,-1.70%,$0.01B,$1.30B,0.54%,$476,$410,$66,$0,$54,$474,$2,$-10,$-8,$2,$-10,$-10,$-10,$23,$2,$30,30,$-0.34,$-0.34,$216,$234,$0,$760,$599,$8,$313,$25,$964,$1723,$270,$512,$44,$668,$938,$655,$-81,$-44,$786,$1723,$-19,$62,$12,$74,$-32,$-21,$0,$2,$1,$56,$-28,$0,$-52,$0,$0,$0,$-2,$-82,$139,$0,$139,$0,$0,$-2,$-3,$134,$102,$7,$-2
17,2014-06-30,56.26,$27.59,2.04,$59.73,0.94,$0.43,130.05,$-0.51,0.0,$0.78B,$0.29B,2.74,$0.51B,$0.82B,0.63,$1.77B,$0.24B,13.71%,$1.77B,$0.01B,0.62%,$1.77B,$0.01B,0.62%,$1.77B,$0.09B,5.16%,$1.77B,$-0.03B,-1.76%,$1.77B,$-0.02B,-0.85%,$-0.02B,$0.82B,-1.83%,$-0.02B,$0.49B,-2.92%,$-0.02B,$1.78B,-0.89%,$0.01B,$1.33B,0.87%,$490,$412,$79,$0,$59,$471,$20,$-12,$8,$1,$6,$6,$6,$40,$20,$30,31,$0.19,$0.18,$201,$244,$4,$779,$619,$8,$324,$25,$1000,$1780,$285,$513,$47,$677,$961,$654,$-71,$-20,$818,$1780,$-10,$41,$3,$45,$-38,$-23,$0,$1,$-9,$26,$-19,$0,$-50,$0,$0,$0,$-2,$-71,$139,$0,$139,$0,$0,$-1,$-3,$135,$87,$5,$-1
18,2014-03-31,56.52,$27.44,2.06,$60.04,0.94,$-0.14,0.0,$-0.73,0.0,$0.73B,$0.25B,2.89,$0.51B,$0.80B,0.64,$1.73B,$0.23B,13.19%,$1.73B,$-0.00B,-0.12%,$1.73B,$-0.00B,-0.12%,$1.73B,$0.08B,4.51%,$1.73B,$-0.04B,-2.31%,$1.73B,$-0.02B,-1.27%,$-0.02B,$0.80B,-3.58%,$-0.02B,$0.48B,-5.64%,$-0.02B,$1.73B,-1.78%,$-0.00B,$1.32B,-0.21%,$422,$369,$53,$0,$58,$428,$-6,$-10,$-16,$0,$-16,$-16,$-17,$16,$-6,$29,29,$-0.56,$-0.56,$180,$236,$3,$727,$620,$8,$327,$24,$1002,$1730,$252,$513,$49,$674,$926,$647,$-77,$-27,$804,$1730,$-16,$21,$1,$22,$-20,$-16,$0,$-1,$-17,$-11,$-8,$0,$-50,$0,$0,$0,$0,$-58,$139,$0,$139,$0,$0,$-1,$-2,$136,$65,$2,$-1
19,2013-12-31,60.0,$28.38,2.11,$60.75,0.99,$0.19,322.23,$-0.38,0.0,$0.62B,$0.23B,2.73,$0.38B,$0.83B,0.46,$1.73B,$0.23B,13.00%,$1.73B,$0.01B,0.35%,$1.73B,$0.01B,0.35%,$1.73B,$0.09B,4.91%,$1.73B,$-0.03B,-1.73%,$1.73B,$-0.01B,-0.64%,$-0.01B,$0.83B,-1.78%,$-0.01B,$0.54B,-2.73%,$-0.01B,$1.59B,-0.91%,$0.01B,$1.20B,0.67%,$420,$369,$51,$0,$53,$430,$-9,$-12,$-21,$-14,$-7,$-7,$-8,$9,$-9,$28,28,$-0.27,$-0.26,$115,$218,$3,$624,$630,$7,$282,$24,$967,$1591,$229,$378,$50,$537,$766,$646,$-60,$-20,$826,$1591,$-9,$79,$-11,$68,$9,$-9,$0,$-7,$-12,$47,$-36,$0,$-15,$0,$0,$0,$-3,$-54,$0,$0,$0,$0,$0,$-4,$-7,$-11,$-21,$8,$-4
20,2013-09-30,48.93,$29.09,1.68,$61.03,0.8,$0.09,517.23,$-0.40,0.0,$0.68B,$0.25B,2.69,$0.38B,$0.83B,0.46,$1.73B,$0.59B,34.24%,$1.73B,$0.43B,25.04%,$1.73B,$0.43B,25.04%,$1.73B,$0.51B,29.73%,$1.73B,$0.41B,23.66%,$1.73B,$-0.01B,-0.58%,$-0.01B,$0.83B,-1.61%,$-0.01B,$0.54B,-2.49%,$-0.01B,$1.63B,-0.82%,$0.43B,$1.21B,47.87%,$433,$374,$59,$0,$51,$427,$6,$-8,$-2,$-6,$5,$5,$4,$26,$6,$28,30,$0.13,$0.12,$127,$235,$3,$680,$619,$8,$286,$26,$951,$1631,$252,$378,$68,$551,$804,$641,$-53,$-32,$827,$1631,$-1,$61,$-8,$53,$-18,$-24,$0,$-1,$-22,$30,$-16,$0,$-15,$0,$0,$0,$-4,$-34,$0,$0,$0,$0,$0,$-2,$-1,$-3,$-9,$6,$-2
21,2013-06-30,52.0,$0.00,0.0,$61.83,0.84,$-0.53,0.0,$-0.88,0.0,$0.00B,$0.00B,0.0,$0.00B,$0.00B,0.0,$1.72B,$0.59B,34.17%,$1.72B,$0.43B,24.75%,$1.72B,$0.43B,24.75%,$1.72B,$0.49B,28.30%,$1.72B,$0.40B,23.36%,$1.72B,$-0.02B,-1.39%,$-0.02B,$0.00B,-5.80%,$-0.02B,$0.00B,-9.01%,$-0.02B,$0.00B,-2.95%,$0.43B,$0.00B,70.62%,$453,$388,$65,$0,$56,$446,$7,$-8,$-1,$-0,$-1,$-1,$-1,$27,$7,$28,28,$-0.04,$-0.04,$0,$0,$0,$0,$0,$0,$0,$0,$0,$0,$0,$0,$0,$0,$0,$0,$0,$0,$0,$0,$-6,$41,$4,$45,$-24,$-14,$0,$-5,$-36,$2,$-13,$0,$0,$0,$0,$0,$-15,$-28,$0,$0,$0,$0,$0,$-1,$0,$-1,$-29,$4,$-1
22,2013-03-31,44.75,$29.24,1.53,$61.34,0.73,$-0.16,0.0,$-0.98,0.0,$0.64B,$0.23B,2.77,$0.38B,$0.82B,0.46,$1.70B,$0.96B,56.20%,$1.70B,$0.85B,50.09%,$1.70B,$0.85B,50.09%,$1.70B,$0.89B,52.50%,$1.70B,$0.84B,49.15%,$1.70B,$-0.03B,-1.59%,$-0.03B,$0.82B,-6.53%,$-0.03B,$0.53B,-10.14%,$-0.03B,$1.61B,-3.32%,$0.85B,$1.20B,141.23%,$425,$374,$50,$0,$47,$423,$2,$-8,$-6,$-1,$-5,$-5,$-6,$23,$2,$28,28,$-0.21,$-0.21,$124,$204,$7,$644,$627,$8,$292,$27,$965,$1609,$232,$379,$72,$559,$791,$634,$-55,$-35,$817,$1609,$-5,$21,$-0,$21,$-20,$1,$0,$-2,$-19,$-4,$-5,$0,$0,$0,$0,$0,$-3,$-7,$0,$0,$0,$0,$0,$-0,$0,$-0,$-13,$2,$-0
23,2012-12-31,33.0,$29.98,1.1,$60.68,0.54,$-1.00,0.0,$-0.84,0.0,$0.65B,$0.24B,2.78,$0.38B,$0.84B,0.45,$1.68B,$0.95B,56.86%,$1.68B,$0.85B,50.60%,$1.68B,$0.85B,50.60%,$1.68B,$0.89B,52.98%,$1.68B,$0.83B,49.76%,$1.68B,$-0.02B,-1.37%,$-0.02B,$0.84B,-10.98%,$-0.02B,$0.54B,-17.04%,$-0.02B,$1.65B,-5.59%,$0.85B,$1.22B,278.72%,$418,$0,$418,$0,$0,$0,$418,$0,$418,$0,$418,$-7,$-7,$438,$418,$28,28,$-0.27,$-0.27,$135,$209,$7,$652,$648,$8,$298,$25,$993,$1646,$235,$379,$75,$573,$808,$634,$-49,$-19,$838,$1646,$-20,$79,$-8,$77,$-10,$-3,$0,$1,$5,$55,$-47,$0,$-88,$0,$0,$0,$-1,$-136,$104,$0,$104,$0,$0,$-6,$-4,$94,$13,$7,$-6
24,2012-09-30,35.0,$0.00,0.0,$45.53,0.77,$-1.30,0.0,$-0.57,0.0,$0.00B,$0.00B,0.0,$0.00B,$0.00B,0.0,$1.26B,$0.54B,42.53%,$1.26B,$0.43B,34.18%,$1.26B,$0.43B,34.18%,$1.26B,$0.45B,35.77%,$1.26B,$0.42B,33.07%,$1.26B,$-0.02B,-1.27%,$-0.02B,$0.00B,-7.55%,$-0.02B,$0.00B,-10.79%,$-0.02B,$0.00B,-4.19%,$0.43B,$0.00B,153.16%,$425,$370,$55,$0,$53,$426,$-1,$-8,$-9,$-0,$-9,$-9,$-10,$-1,$-1,$28,28,$-0.36,$-0.36,$0,$0,$0,$0,$0,$0,$0,$0,$0,$0,$0,$0,$0,$0,$0,$0,$0,$0,$0,$0,$-14,$59,$-8,$51,$-15,$-15,$0,$-0,$-9,$28,$-33,$0,$-88,$0,$0,$0,$0,$-120,$104,$0,$104,$0,$0,$-4,$-3,$97,$6,$5,$-4
25,2012-06-30,28.5,$0.00,0.0,$30.25,0.94,$-1.15,0.0,$-0.21,0.0,$0.00B,$0.00B,0.0,$0.00B,$0.00B,0.0,$0.83B,$0.48B,57.62%,$0.83B,$0.43B,51.74%,$0.83B,$0.43B,51.74%,$0.83B,$0.45B,54.14%,$0.83B,$0.43B,51.02%,$0.83B,$-0.01B,-0.72%,$-0.01B,$0.00B,-2.83%,$-0.01B,$0.00B,-4.05%,$-0.01B,$0.00B,-1.57%,$0.43B,$0.00B,153.52%,$433,$0,$433,$0,$0,$0,$433,$0,$433,$0,$433,$-4,$-4,$433,$433,$28,28,$-0.14,$-0.14,$0,$0,$0,$0,$0,$0,$0,$0,$0,$0,$0,$0,$0,$0,$0,$0,$0,$0,$0,$0,$0,$0,$0,$0,$0,$0,$0,$0,$0,$0,$0,$0,$0,$0,$0,$0,$0,$0,$0,$0,$0,$0,$0,$0,$0,$0,$0,$0,$0
