,Date,Stock Price,Book Value per Share,Price to Book Ratio,TTM Sales per Share,Price to Sales Ratio,TTM FCF per Share,Price to FCF Ratio,TTM Net EPS,PE Ratio,Current Assets,Current Liabilities,Current Ratio,Long Term Debt,Shareholder's Equity_x,Debt to Equity Ratio,TTM Revenue_x,TTM Gross Profit,Gross Margin,TTM Revenue_y,TTM Operating Income,Operating Margin,TTM Revenue_x,TTM EBIT,EBIT Margin,TTM Revenue_y,TTM EBITDA,EBITDA Margin,TTM Revenue_x,TTM Pre-Tax Income,Pre-Tax Margin,TTM Revenue_y,TTM Net Income_x,Net Margin,TTM Net Income_y,Shareholder's Equity_y,Return on Equity,TTM Net Income_x,Tangible Equity,Return on Tangible Equity,TTM Net Income_y,Total Assets,Return on Assets,TTM Net Income,LT Investments & Debt,Return on Investment,revenue,cost-goods-sold,gross-profit,research-development-expenses,selling-general-administrative-expenses,operating-expenses,operating-income,total-non-operating-income-expense,pre-tax-income,total-provision-income-taxes,income-after-taxes,income-from-continuous-operations,net-income,ebitda,ebit,basic-shares-outstanding,shares-outstanding,eps-basic-net-earnings-per-share,eps-earnings-per-share-diluted,cash-on-hand,inventory,other-current-assets,total-current-assets,net-property-plant-equipment,long-term-investments,goodwill-intangible-assets-total,other-long-term-assets,total-long-term-assets,total-assets,total-current-liabilities,long-term-debt,other-non-current-liabilities,total-long-term-liabilities,total-liabilities,common-stock-net,retained-earnings-accumulated-deficit,comprehensive-income,total-share-holder-equity,total-liabilities-share-holders-equity,net-income-loss,total-depreciation-amortization-cash-flow,other-non-cash-items,total-non-cash-items,change-in-accounts-receivable,change-in-inventories,change-in-accounts-payable,change-in-assets-liabilities,total-change-in-assets-liabilities,cash-flow-from-operating-activities,net-change-in-property-plant-equipment,net-change-in-intangible-assets,net-acquisitions-divestitures,net-change-in-short-term-investments,net-change-in-long-term-investments,net-change-in-investments-total,investing-activities-other,cash-flow-from-investing-activities,net-long-term-debt,net-current-debt,debt-issuance-retirement-net-total,net-common-equity-issued-repurchased,net-total-equity-issued-repurchased,total-common-preferred-stock-dividends-paid,financial-activities-other,cash-flow-from-financial-activities,net-cash-flow,stock-based-compensation,common-stock-dividends-paid
0,2018-09-30,76.92,$21.18,3.63,$28.23,2.72,$4.91,15.66,$3.64,21.13,$0.60B,$0.13B,4.71,$0.00B,$0.70B,0.0,$0.94B,$0.37B,39.11%,$0.94B,$0.17B,18.07%,$0.94B,$0.17B,18.07%,$0.94B,$0.20B,20.72%,$0.94B,$0.17B,18.07%,$0.94B,$0.12B,12.86%,$0.12B,$0.70B,18.14%,$0.12B,$0.60B,21.02%,$0.12B,$0.85B,15.11%,$0.17B,$0.70B,25.49%,$248,$153,$95,$0,$51,$204,$44,$0,$44,$10,$34,$34,$34,$50,$44,$33,33,$1.03,$1.03,$53,$240,$0,$602,$97,$0,$101,$45,$247,$849,$128,$0,$14,$19,$147,$0,$654,$0,$702,$849,$99,$20,$6,$26,$-56,$-16,$15,$-2,$-60,$65,$-18,$0,$-28,$0,$0,$0,$0,$-46,$0,$0,$0,$-36,$-36,$0,$-2,$-38,$-19,$0,$0
1,2018-06-30,68.31,$20.29,3.37,$27.37,2.5,$4.72,14.46,$3.41,20.03,$0.59B,$0.12B,4.77,$0.00B,$0.67B,0.0,$0.92B,$0.36B,39.32%,$0.92B,$0.17B,18.41%,$0.92B,$0.17B,18.41%,$0.92B,$0.19B,21.13%,$0.92B,$0.17B,18.41%,$0.92B,$0.11B,12.42%,$0.11B,$0.67B,17.58%,$0.11B,$0.59B,19.84%,$0.11B,$0.82B,14.74%,$0.17B,$0.67B,26.06%,$238,$145,$93,$0,$50,$195,$43,$0,$43,$9,$34,$34,$34,$49,$43,$33,33,$1.04,$1.03,$75,$219,$0,$585,$93,$0,$88,$44,$231,$816,$123,$0,$14,$19,$142,$0,$627,$0,$674,$816,$65,$13,$4,$17,$-40,$-6,$18,$-1,$-36,$46,$-11,$0,$-1,$0,$0,$0,$0,$-12,$0,$0,$0,$-28,$-28,$0,$-2,$-30,$3,$0,$0
2,2018-03-31,66.21,$19.61,3.38,$26.90,2.46,$4.57,14.49,$3.21,20.63,$0.54B,$0.10B,5.64,$0.00B,$0.66B,0.0,$0.91B,$0.36B,39.49%,$0.91B,$0.17B,18.81%,$0.91B,$0.17B,18.81%,$0.91B,$0.20B,21.45%,$0.91B,$0.17B,18.81%,$0.91B,$0.11B,11.88%,$0.11B,$0.66B,16.97%,$0.11B,$0.57B,18.75%,$0.11B,$0.77B,14.30%,$0.17B,$0.66B,26.88%,$227,$139,$89,$0,$49,$187,$40,$0,$40,$9,$31,$31,$31,$46,$40,$33,33,$0.93,$0.93,$75,$206,$0,$540,$93,$0,$88,$45,$233,$773,$96,$0,$14,$20,$116,$0,$611,$0,$657,$773,$31,$6,$2,$8,$-9,$6,$-17,$-3,$-19,$20,$-6,$0,$0,$0,$0,$0,$0,$-6,$0,$0,$0,$-10,$-10,$0,$0,$-10,$4,$0,$0
3,2017-12-31,61.14,$18.91,3.23,$26.44,2.31,$5.11,11.98,$3.13,19.53,$0.53B,$0.11B,4.81,$0.00B,$0.64B,0.0,$0.90B,$0.36B,39.71%,$0.90B,$0.18B,19.47%,$0.90B,$0.18B,19.47%,$0.90B,$0.20B,22.01%,$0.90B,$0.18B,19.47%,$0.90B,$0.11B,11.73%,$0.11B,$0.64B,16.91%,$0.11B,$0.55B,18.25%,$0.11B,$0.77B,14.19%,$0.18B,$0.64B,28.07%,$228,$137,$91,$0,$48,$184,$43,$-0,$43,$21,$22,$22,$22,$50,$43,$34,34,$0.66,$0.65,$72,$212,$0,$533,$93,$0,$88,$44,$233,$766,$111,$0,$14,$20,$131,$0,$590,$0,$635,$766,$107,$22,$8,$30,$-6,$-25,$4,$-9,$-43,$94,$-24,$0,$-60,$0,$-10,$-10,$0,$-94,$0,$0,$0,$-77,$-77,$0,$0,$-77,$-77,$0,$0
4,2017-09-30,71.62,$18.58,3.85,$26.37,2.72,$5.99,11.96,$3.31,21.64,$0.55B,$0.10B,5.51,$0.00B,$0.63B,0.0,$0.91B,$0.36B,39.78%,$0.91B,$0.18B,19.89%,$0.91B,$0.18B,19.89%,$0.91B,$0.20B,22.21%,$0.91B,$0.18B,19.89%,$0.91B,$0.11B,12.49%,$0.11B,$0.63B,18.26%,$0.11B,$0.60B,19.25%,$0.11B,$0.74B,15.41%,$0.18B,$0.63B,29.09%,$225,$136,$88,$0,$45,$182,$43,$0,$43,$16,$27,$27,$27,$49,$43,$34,34,$0.80,$0.80,$117,$202,$0,$554,$90,$0,$32,$45,$184,$738,$101,$0,$9,$9,$110,$0,$583,$0,$628,$738,$85,$16,$-1,$14,$-1,$-31,$0,$-7,$-40,$59,$-17,$0,$-3,$0,$-10,$-10,$0,$-31,$0,$0,$0,$-61,$-61,$0,$0,$-61,$-32,$0,$0
5,2017-06-30,82.77,$18.29,4.52,$25.89,3.2,$5.92,13.97,$3.28,25.23,$0.57B,$0.11B,5.06,$0.00B,$0.63B,0.0,$0.89B,$0.36B,39.75%,$0.89B,$0.18B,20.04%,$0.89B,$0.18B,20.04%,$0.89B,$0.20B,22.17%,$0.89B,$0.18B,20.04%,$0.89B,$0.11B,12.65%,$0.11B,$0.63B,18.63%,$0.11B,$0.59B,19.64%,$0.11B,$0.75B,15.78%,$0.18B,$0.63B,29.51%,$229,$138,$91,$0,$46,$184,$45,$0,$45,$17,$28,$28,$28,$50,$45,$34,34,$0.83,$0.83,$129,$200,$0,$565,$90,$0,$33,$42,$180,$745,$112,$0,$9,$9,$120,$0,$580,$0,$625,$745,$58,$10,$-1,$9,$-0,$-30,$18,$-4,$-25,$42,$-12,$0,$-3,$0,$-10,$-10,$0,$-25,$0,$0,$0,$-37,$-37,$0,$0,$-37,$-20,$0,$0
6,2017-03-31,82.13,$18.00,4.56,$25.24,3.25,$5.81,14.13,$3.20,25.67,$0.56B,$0.11B,5.11,$0.00B,$0.62B,0.0,$0.87B,$0.35B,39.59%,$0.87B,$0.18B,20.02%,$0.87B,$0.18B,20.02%,$0.87B,$0.19B,22.20%,$0.87B,$0.18B,20.02%,$0.87B,$0.11B,12.70%,$0.11B,$0.62B,18.86%,$0.11B,$0.59B,19.89%,$0.11B,$0.74B,16.11%,$0.18B,$0.62B,29.74%,$222,$133,$89,$0,$44,$177,$45,$0,$45,$16,$29,$29,$29,$50,$45,$34,34,$0.85,$0.85,$156,$172,$0,$564,$89,$0,$32,$40,$175,$739,$110,$0,$8,$8,$119,$0,$575,$0,$620,$739,$29,$5,$-0,$5,$-2,$-1,$-1,$-0,$4,$38,$-6,$0,$0,$0,$-13,$-13,$0,$-19,$0,$0,$0,$-12,$-12,$0,$0,$-12,$7,$0,$0
7,2016-12-31,73.06,$17.43,4.19,$24.80,2.95,$5.40,13.54,$3.06,23.88,$0.55B,$0.10B,5.31,$0.00B,$0.60B,0.0,$0.86B,$0.34B,39.30%,$0.86B,$0.17B,19.65%,$0.86B,$0.17B,19.65%,$0.86B,$0.19B,21.74%,$0.86B,$0.17B,19.65%,$0.86B,$0.11B,12.44%,$0.11B,$0.60B,18.88%,$0.11B,$0.57B,19.93%,$0.11B,$0.71B,16.16%,$0.17B,$0.60B,29.82%,$229,$137,$92,$0,$45,$182,$47,$-0,$47,$18,$29,$29,$29,$52,$47,$35,35,$0.84,$0.84,$149,$169,$0,$552,$88,$0,$30,$30,$160,$712,$104,$0,$6,$6,$110,$0,$557,$0,$602,$712,$106,$19,$-1,$18,$-28,$25,$9,$-5,$-2,$122,$-20,$0,$0,$0,$-6,$-6,$0,$-26,$0,$0,$0,$-25,$-25,$0,$0,$-25,$70,$0,$0
8,2016-09-30,63.9,$16.73,3.82,$23.95,2.67,$4.44,14.39,$2.85,22.42,$0.51B,$0.08B,6.15,$0.00B,$0.58B,0.0,$0.84B,$0.32B,38.76%,$0.84B,$0.16B,18.66%,$0.84B,$0.16B,18.66%,$0.84B,$0.17B,20.81%,$0.84B,$0.16B,18.66%,$0.84B,$0.10B,11.96%,$0.10B,$0.58B,18.32%,$0.10B,$0.55B,19.39%,$0.10B,$0.67B,15.64%,$0.16B,$0.58B,28.58%,$213,$130,$83,$0,$42,$171,$42,$-0,$42,$15,$27,$27,$27,$46,$42,$35,35,$0.77,$0.77,$95,$168,$0,$513,$88,$0,$30,$30,$155,$668,$83,$0,$6,$6,$89,$0,$535,$0,$579,$668,$77,$14,$3,$17,$-42,$25,$-12,$-6,$-39,$56,$-15,$0,$0,$0,$-6,$-6,$0,$-21,$0,$0,$0,$-18,$-18,$0,$0,$-18,$16,$0,$0
9,2016-06-30,57.2,$15.96,3.58,$23.74,2.41,$4.42,12.94,$2.81,20.36,$0.49B,$0.08B,6.22,$0.00B,$0.55B,0.0,$0.83B,$0.32B,38.61%,$0.83B,$0.16B,18.59%,$0.83B,$0.16B,18.59%,$0.83B,$0.17B,20.74%,$0.83B,$0.16B,18.59%,$0.83B,$0.10B,11.87%,$0.10B,$0.55B,18.59%,$0.10B,$0.52B,19.70%,$0.10B,$0.64B,15.66%,$0.16B,$0.55B,29.11%,$210,$127,$82,$0,$41,$169,$41,$-0,$41,$15,$26,$26,$26,$46,$41,$35,35,$0.75,$0.75,$88,$179,$0,$489,$88,$0,$30,$22,$148,$637,$79,$0,$6,$6,$84,$0,$509,$0,$553,$637,$51,$9,$2,$11,$-14,$15,$-11,$-4,$-25,$37,$-10,$0,$0,$0,$0,$0,$0,$-10,$0,$0,$0,$-17,$-17,$0,$0,$-17,$9,$0,$0
10,2016-03-31,54.42,$15.34,3.55,$23.27,2.34,$4.33,12.57,$2.71,20.08,$0.49B,$0.09B,5.24,$0.00B,$0.53B,0.0,$0.82B,$0.32B,38.52%,$0.82B,$0.15B,18.35%,$0.82B,$0.15B,18.35%,$0.82B,$0.17B,20.41%,$0.82B,$0.15B,18.35%,$0.82B,$0.10B,11.66%,$0.10B,$0.53B,18.44%,$0.10B,$0.50B,19.57%,$0.10B,$0.63B,15.26%,$0.15B,$0.53B,29.01%,$208,$128,$81,$0,$42,$169,$39,$-0,$39,$14,$25,$25,$25,$43,$39,$35,35,$0.71,$0.71,$87,$188,$0,$485,$88,$0,$30,$20,$147,$631,$92,$0,$6,$6,$98,$0,$490,$0,$533,$631,$25,$4,$1,$5,$-4,$6,$-12,$-2,$-6,$24,$-6,$0,$0,$0,$0,$0,$0,$-6,$0,$0,$0,$-10,$-10,$0,$0,$-10,$8,$0,$0
11,2015-12-31,47.47,$14.86,3.19,$22.56,2.1,$4.31,11.02,$2.60,18.26,$0.48B,$0.10B,4.86,$0.00B,$0.52B,0.0,$0.80B,$0.31B,38.48%,$0.80B,$0.15B,18.18%,$0.80B,$0.15B,18.18%,$0.80B,$0.16B,20.17%,$0.80B,$0.15B,18.18%,$0.80B,$0.09B,11.46%,$0.09B,$0.52B,18.11%,$0.09B,$0.49B,19.25%,$0.09B,$0.62B,14.77%,$0.15B,$0.52B,28.74%,$205,$127,$78,$0,$43,$170,$34,$-0,$34,$13,$22,$22,$22,$39,$34,$35,36,$0.62,$0.62,$79,$194,$0,$479,$87,$0,$30,$19,$143,$622,$99,$0,$5,$5,$104,$0,$475,$0,$518,$622,$92,$16,$-1,$15,$-1,$-20,$5,$-3,$-15,$92,$-22,$0,$0,$0,$-2,$-2,$0,$-24,$0,$0,$0,$-37,$-37,$0,$0,$-37,$31,$0,$0
12,2015-09-30,50.89,$14.81,3.44,$21.60,2.36,$3.15,16.16,$2.50,20.36,$0.50B,$0.09B,5.79,$0.00B,$0.53B,0.0,$0.77B,$0.30B,38.60%,$0.77B,$0.14B,18.26%,$0.77B,$0.14B,18.26%,$0.77B,$0.16B,20.08%,$0.77B,$0.14B,18.26%,$0.77B,$0.09B,11.53%,$0.09B,$0.53B,18.02%,$0.09B,$0.50B,19.18%,$0.09B,$0.64B,14.67%,$0.14B,$0.53B,28.54%,$211,$130,$81,$0,$40,$170,$41,$-0,$41,$15,$26,$26,$26,$45,$41,$36,36,$0.73,$0.73,$79,$195,$0,$504,$86,$0,$30,$19,$136,$639,$87,$0,$5,$26,$113,$0,$482,$0,$526,$639,$71,$12,$-2,$10,$7,$-22,$0,$-5,$-23,$57,$-17,$0,$0,$0,$-2,$-2,$0,$-19,$0,$0,$0,$-7,$-7,$0,$0,$-7,$32,$0,$0
13,2015-06-30,47.66,$14.17,3.36,$21.17,2.25,$2.68,17.81,$2.45,19.45,$0.49B,$0.09B,5.24,$0.00B,$0.51B,0.0,$0.76B,$0.29B,38.60%,$0.76B,$0.14B,18.18%,$0.76B,$0.14B,18.18%,$0.76B,$0.15B,20.03%,$0.76B,$0.14B,18.18%,$0.76B,$0.09B,11.59%,$0.09B,$0.51B,18.57%,$0.09B,$0.48B,19.82%,$0.09B,$0.63B,15.04%,$0.14B,$0.51B,29.11%,$199,$122,$77,$0,$40,$162,$37,$-0,$37,$14,$23,$23,$23,$41,$37,$36,36,$0.65,$0.65,$67,$199,$0,$493,$85,$0,$30,$17,$132,$625,$94,$0,$5,$26,$121,$0,$460,$0,$505,$625,$44,$8,$-1,$7,$9,$-25,$8,$-3,$-16,$35,$-11,$0,$0,$0,$-2,$-2,$0,$-13,$0,$0,$0,$-2,$-2,$0,$0,$-2,$20,$0,$0
14,2015-03-31,49.75,$13.54,3.67,$20.97,2.37,$2.10,23.72,$2.44,20.39,$0.48B,$0.10B,4.96,$0.00B,$0.48B,0.0,$0.76B,$0.29B,38.23%,$0.76B,$0.14B,18.25%,$0.76B,$0.14B,18.25%,$0.76B,$0.15B,19.97%,$0.76B,$0.14B,18.25%,$0.76B,$0.09B,11.64%,$0.09B,$0.48B,19.10%,$0.09B,$0.45B,20.43%,$0.09B,$0.61B,15.46%,$0.14B,$0.48B,29.95%,$188,$116,$73,$0,$39,$155,$34,$-0,$34,$12,$21,$21,$21,$37,$34,$36,36,$0.60,$0.60,$65,$183,$0,$477,$84,$0,$30,$14,$128,$605,$96,$0,$4,$26,$123,$0,$438,$0,$483,$605,$21,$4,$-1,$3,$5,$-10,$1,$-1,$-1,$24,$-6,$0,$0,$0,$0,$0,$0,$-6,$0,$0,$0,$-1,$-1,$0,$0,$-1,$17,$0,$0
15,2014-12-31,48.27,$12.98,3.72,$20.70,2.33,$1.70,28.32,$2.48,19.46,$0.43B,$0.09B,4.74,$0.00B,$0.46B,0.0,$0.75B,$0.29B,38.30%,$0.75B,$0.14B,18.75%,$0.75B,$0.14B,18.75%,$0.75B,$0.15B,20.48%,$0.75B,$0.14B,18.75%,$0.75B,$0.09B,12.10%,$0.09B,$0.46B,20.26%,$0.09B,$0.43B,21.71%,$0.09B,$0.56B,16.37%,$0.14B,$0.46B,31.39%,$174,$107,$67,$0,$38,$145,$29,$-0,$29,$10,$19,$19,$19,$32,$29,$36,36,$0.53,$0.53,$48,$174,$0,$430,$82,$0,$30,$13,$127,$558,$91,$0,$5,$5,$96,$0,$418,$0,$462,$558,$90,$13,$1,$13,$-26,$-13,$-2,$-7,$-44,$60,$-30,$0,$0,$0,$0,$0,$0,$-30,$0,$0,$0,$-43,$-43,$0,$0,$-43,$-13,$0,$0
16,2014-09-30,40.06,$12.49,3.21,$20.53,1.95,$1.89,21.21,$2.52,15.9,$0.44B,$0.08B,5.33,$0.00B,$0.45B,0.0,$0.75B,$0.29B,38.37%,$0.75B,$0.14B,19.25%,$0.75B,$0.14B,19.25%,$0.75B,$0.16B,20.86%,$0.75B,$0.14B,19.25%,$0.75B,$0.09B,12.43%,$0.09B,$0.45B,21.27%,$0.09B,$0.42B,22.84%,$0.09B,$0.55B,16.96%,$0.14B,$0.45B,32.93%,$198,$122,$76,$0,$37,$159,$38,$-0,$38,$14,$25,$25,$25,$42,$38,$36,36,$0.68,$0.68,$44,$180,$0,$438,$81,$0,$30,$3,$114,$552,$82,$0,$6,$24,$107,$0,$402,$0,$446,$552,$71,$9,$1,$10,$-9,$-12,$-9,$-6,$-34,$47,$-23,$0,$0,$0,$0,$0,$0,$-23,$0,$0,$0,$-41,$-41,$0,$0,$-41,$-16,$0,$0
17,2014-06-30,49.32,$12.43,3.97,$19.89,2.48,$1.86,26.47,$2.46,20.05,$0.45B,$0.09B,5.23,$0.00B,$0.45B,0.0,$0.73B,$0.28B,38.60%,$0.73B,$0.14B,19.51%,$0.73B,$0.14B,19.51%,$0.73B,$0.15B,20.88%,$0.73B,$0.14B,19.51%,$0.73B,$0.09B,12.50%,$0.09B,$0.45B,21.45%,$0.09B,$0.42B,23.10%,$0.09B,$0.56B,17.07%,$0.14B,$0.45B,33.47%,$196,$123,$73,$0,$36,$159,$37,$-0,$37,$13,$23,$23,$23,$40,$37,$36,36,$0.64,$0.64,$54,$184,$0,$454,$76,$0,$30,$2,$108,$562,$87,$0,$5,$24,$110,$0,$407,$0,$452,$562,$47,$6,$1,$6,$-7,$-17,$-3,$-3,$-34,$19,$-16,$0,$0,$0,$0,$0,$0,$-16,$0,$0,$0,$-10,$-10,$0,$0,$-10,$-7,$0,$0
18,2014-03-31,59.06,$11.97,4.93,$18.94,3.12,$2.16,27.34,$2.35,25.13,$0.45B,$0.09B,4.93,$0.00B,$0.44B,0.0,$0.69B,$0.27B,39.19%,$0.69B,$0.14B,19.60%,$0.69B,$0.14B,19.60%,$0.69B,$0.15B,20.89%,$0.69B,$0.14B,19.60%,$0.69B,$0.09B,12.54%,$0.09B,$0.44B,21.53%,$0.09B,$0.41B,23.28%,$0.09B,$0.55B,17.25%,$0.14B,$0.44B,33.66%,$184,$112,$72,$0,$35,$147,$37,$-0,$37,$13,$24,$24,$24,$40,$37,$36,37,$0.65,$0.64,$64,$175,$0,$449,$69,$0,$30,$2,$102,$551,$91,$0,$5,$23,$114,$0,$393,$0,$437,$551,$24,$3,$-0,$3,$-5,$-10,$-3,$-1,$-15,$11,$-7,$0,$0,$0,$0,$0,$0,$-7,$0,$0,$0,$-1,$-1,$0,$0,$-1,$3,$0,$0
19,2013-12-31,56.04,$11.34,4.94,$18.13,3.09,$2.26,24.81,$2.23,25.13,$0.43B,$0.09B,4.67,$0.00B,$0.41B,0.0,$0.66B,$0.26B,39.31%,$0.66B,$0.13B,19.43%,$0.66B,$0.13B,19.43%,$0.66B,$0.14B,20.63%,$0.66B,$0.13B,19.43%,$0.66B,$0.08B,12.35%,$0.08B,$0.41B,21.42%,$0.08B,$0.38B,23.21%,$0.08B,$0.53B,17.36%,$0.13B,$0.41B,33.70%,$170,$104,$66,$0,$34,$138,$32,$-0,$32,$11,$21,$21,$21,$34,$32,$36,37,$0.56,$0.57,$61,$160,$0,$428,$65,$0,$30,$6,$101,$529,$92,$0,$5,$24,$116,$0,$370,$0,$414,$529,$82,$10,$1,$12,$-41,$-19,$18,$-0,$-32,$62,$-25,$0,$-2,$0,$0,$0,$0,$-27,$0,$0,$0,$-2,$-2,$0,$0,$-2,$33,$0,$0
20,2013-09-30,49.55,$10.79,4.59,$17.20,2.88,$2.10,23.64,$2.09,23.71,$0.40B,$0.08B,5.13,$0.00B,$0.39B,0.0,$0.63B,$0.25B,39.27%,$0.63B,$0.12B,19.08%,$0.63B,$0.12B,19.08%,$0.63B,$0.13B,20.35%,$0.63B,$0.12B,19.08%,$0.63B,$0.08B,12.08%,$0.08B,$0.39B,20.97%,$0.08B,$0.36B,22.77%,$0.08B,$0.49B,17.15%,$0.12B,$0.39B,33.10%,$178,$108,$70,$0,$34,$142,$36,$-0,$36,$13,$23,$23,$23,$38,$36,$36,37,$0.63,$0.62,$48,$149,$0,$399,$59,$0,$30,$2,$91,$490,$78,$0,$6,$18,$96,$0,$350,$0,$394,$490,$61,$7,$1,$9,$-39,$-4,$2,$-1,$-33,$37,$-13,$0,$-2,$0,$0,$0,$0,$-15,$0,$0,$0,$-1,$-1,$0,$0,$-1,$21,$0,$0
21,2013-06-30,45.63,$10.18,4.48,$16.61,2.75,$1.83,24.93,$2.03,22.48,$0.36B,$0.06B,6.39,$0.00B,$0.37B,0.0,$0.61B,$0.24B,39.04%,$0.61B,$0.12B,18.95%,$0.61B,$0.12B,18.95%,$0.61B,$0.12B,20.26%,$0.61B,$0.12B,18.95%,$0.61B,$0.07B,12.03%,$0.07B,$0.37B,20.45%,$0.07B,$0.34B,22.15%,$0.07B,$0.45B,16.96%,$0.12B,$0.37B,32.21%,$162,$98,$64,$0,$34,$132,$31,$-0,$31,$11,$19,$19,$19,$33,$31,$36,37,$0.53,$0.53,$40,$146,$0,$364,$51,$0,$30,$1,$83,$447,$57,$0,$6,$18,$75,$0,$328,$0,$371,$447,$38,$5,$-0,$5,$-18,$-1,$2,$-3,$-22,$21,$-7,$0,$-2,$0,$0,$0,$0,$-9,$0,$0,$0,$-0,$-0,$0,$0,$-0,$12,$0,$0
22,2013-03-31,37.21,$9.65,3.86,$16.12,2.31,$1.82,20.4,$2.04,18.24,$0.35B,$0.05B,6.35,$0.00B,$0.35B,0.0,$0.59B,$0.23B,38.37%,$0.59B,$0.11B,18.68%,$0.59B,$0.11B,18.68%,$0.59B,$0.12B,20.03%,$0.59B,$0.11B,18.68%,$0.59B,$0.07B,12.56%,$0.07B,$0.35B,21.02%,$0.07B,$0.33B,22.73%,$0.07B,$0.42B,17.45%,$0.11B,$0.35B,31.25%,$154,$94,$61,$0,$31,$125,$30,$-0,$30,$11,$19,$19,$19,$32,$30,$36,37,$0.53,$0.52,$35,$142,$0,$346,$49,$0,$27,$1,$77,$423,$54,$0,$4,$17,$71,$0,$310,$0,$352,$423,$19,$2,$-0,$2,$-12,$3,$-5,$0,$-11,$11,$-3,$0,$0,$0,$0,$0,$0,$-3,$0,$0,$0,$-0,$-0,$0,$0,$-0,$7,$0,$0
23,2012-12-31,35.34,$9.13,3.87,$15.60,2.27,$1.87,18.86,$1.95,18.17,$0.34B,$0.06B,5.28,$0.00B,$0.33B,0.0,$0.57B,$0.22B,37.72%,$0.57B,$0.10B,18.25%,$0.57B,$0.10B,18.25%,$0.57B,$0.11B,19.65%,$0.57B,$0.10B,18.25%,$0.57B,$0.07B,12.46%,$0.07B,$0.33B,20.45%,$0.07B,$0.31B,22.14%,$0.07B,$0.41B,16.90%,$0.10B,$0.33B,29.95%,$135,$83,$52,$0,$29,$112,$23,$-0,$23,$8,$15,$15,$15,$25,$23,$36,36,$0.42,$0.41,$28,$145,$0,$336,$49,$0,$27,$1,$77,$413,$64,$0,$3,$16,$80,$0,$292,$0,$333,$413,$71,$8,$-4,$4,$-10,$-29,$11,$-1,$-26,$49,$-18,$0,$0,$0,$0,$0,$0,$-18,$0,$0,$0,$1,$1,$-55,$0,$-53,$-22,$0,$-55
24,2012-09-30,30.15,$10.22,2.95,$15.52,1.94,$1.58,19.11,$1.98,15.23,$0.36B,$0.05B,7.02,$0.00B,$0.37B,0.0,$0.57B,$0.21B,37.57%,$0.57B,$0.11B,18.52%,$0.57B,$0.11B,18.52%,$0.57B,$0.11B,20.11%,$0.57B,$0.11B,18.52%,$0.57B,$0.07B,12.87%,$0.07B,$0.37B,21.27%,$0.07B,$0.35B,23.03%,$0.07B,$0.44B,17.76%,$0.11B,$0.37B,30.59%,$156,$97,$60,$0,$29,$125,$31,$-0,$31,$11,$20,$20,$20,$33,$31,$36,37,$0.56,$0.56,$66,$134,$0,$363,$47,$0,$27,$1,$75,$439,$52,$0,$3,$15,$66,$0,$332,$0,$372,$439,$56,$6,$-4,$2,$-16,$-18,$7,$-1,$-29,$29,$-14,$0,$0,$0,$0,$0,$0,$-14,$0,$0,$0,$2,$2,$0,$0,$2,$16,$0,$0
25,2012-06-30,24.01,$9.65,2.49,$14.83,1.62,$1.62,14.82,$1.74,13.84,$0.35B,$0.06B,6.3,$0.00B,$0.35B,0.0,$0.54B,$0.20B,37.27%,$0.54B,$0.10B,17.90%,$0.54B,$0.10B,17.90%,$0.54B,$0.11B,19.56%,$0.54B,$0.10B,17.90%,$0.54B,$0.07B,11.99%,$0.07B,$0.35B,19.98%,$0.07B,$0.33B,21.74%,$0.07B,$0.42B,16.63%,$0.10B,$0.35B,29.82%,$144,$91,$53,$0,$27,$118,$26,$-0,$26,$10,$16,$16,$20,$28,$26,$36,37,$0.55,$0.54,$65,$137,$0,$349,$44,$0,$27,$1,$72,$421,$55,$0,$3,$15,$70,$0,$312,$0,$351,$421,$35,$4,$-3,$1,$-1,$-21,$15,$-3,$-13,$23,$-9,$0,$0,$0,$0,$0,$0,$-9,$0,$0,$0,$1,$1,$0,$0,$1,$15,$0,$0
26,2012-03-31,24.21,$9.21,2.63,$14.38,1.68,$1.48,16.38,$1.55,15.67,$0.34B,$0.06B,5.75,$0.00B,$0.33B,0.0,$0.53B,$0.20B,37.14%,$0.53B,$0.09B,17.52%,$0.53B,$0.09B,17.52%,$0.53B,$0.10B,19.05%,$0.53B,$0.09B,17.52%,$0.53B,$0.06B,11.05%,$0.06B,$0.33B,18.72%,$0.06B,$0.31B,20.48%,$0.06B,$0.41B,15.55%,$0.09B,$0.33B,29.70%,$135,$84,$50,$0,$26,$110,$24,$-0,$24,$9,$15,$15,$16,$26,$24,$36,37,$0.43,$0.43,$60,$118,$0,$338,$41,$0,$27,$1,$69,$407,$59,$0,$3,$15,$74,$0,$292,$3,$333,$407,$16,$2,$0,$2,$-16,$-2,$11,$0,$-4,$14,$-4,$0,$0,$0,$0,$0,$0,$-4,$0,$0,$0,$-0,$-0,$0,$0,$-0,$10,$0,$0
27,2011-12-31,17.67,$8.77,2.01,$14.10,1.25,$1.33,13.31,$1.46,12.1,$0.31B,$0.05B,6.96,$0.00B,$0.32B,0.0,$0.51B,$0.19B,36.96%,$0.51B,$0.09B,16.93%,$0.51B,$0.09B,16.93%,$0.51B,$0.10B,18.48%,$0.51B,$0.09B,16.93%,$0.51B,$0.05B,10.51%,$0.05B,$0.32B,18.27%,$0.05B,$0.29B,20.07%,$0.05B,$0.38B,15.19%,$0.09B,$0.32B,29.44%,$132,$82,$50,$0,$25,$107,$24,$0,$24,$9,$16,$16,$17,$27,$24,$36,36,$0.47,$0.46,$50,$116,$0,$310,$39,$0,$27,$1,$67,$377,$45,$0,$3,$15,$60,$0,$277,$3,$317,$377,$53,$8,$2,$9,$-23,$3,$-2,$-1,$-24,$38,$-18,$0,$0,$0,$0,$0,$0,$-18,$0,$0,$0,$-0,$-0,$0,$0,$-0,$20,$0,$0
28,2011-09-30,15.81,$8.31,1.9,$13.38,1.18,$1.31,12.07,$1.34,11.8,$0.29B,$0.05B,6.53,$0.00B,$0.30B,0.0,$0.49B,$0.18B,37.58%,$0.49B,$0.09B,17.45%,$0.49B,$0.09B,17.45%,$0.49B,$0.09B,18.89%,$0.49B,$0.09B,17.45%,$0.49B,$0.05B,10.06%,$0.05B,$0.30B,17.38%,$0.05B,$0.27B,19.18%,$0.05B,$0.36B,14.33%,$0.09B,$0.30B,30.14%,$131,$82,$49,$0,$25,$107,$23,$-0,$23,$8,$15,$15,$12,$25,$23,$36,36,$0.32,$0.32,$46,$129,$0,$292,$38,$0,$27,$1,$65,$358,$45,$0,$4,$13,$58,$0,$261,$3,$300,$358,$37,$6,$2,$8,$0,$-11,$-3,$-1,$-14,$31,$-15,$0,$0,$0,$0,$0,$0,$-15,$0,$0,$0,$-0,$-0,$0,$0,$-0,$15,$0,$0
29,2011-06-30,18.94,$8.00,2.37,$13.07,1.45,$1.09,17.31,$1.38,13.72,$0.29B,$0.05B,5.99,$0.00B,$0.29B,0.0,$0.48B,$0.18B,37.68%,$0.48B,$0.08B,17.26%,$0.48B,$0.08B,17.26%,$0.48B,$0.09B,18.95%,$0.48B,$0.08B,17.26%,$0.48B,$0.05B,10.53%,$0.05B,$0.29B,18.54%,$0.05B,$0.26B,20.58%,$0.05B,$0.35B,15.17%,$0.08B,$0.29B,30.40%,$127,$81,$46,$0,$25,$106,$21,$-0,$21,$8,$13,$13,$13,$22,$21,$36,36,$0.36,$0.35,$39,$130,$0,$287,$35,$0,$27,$1,$63,$350,$48,$0,$4,$13,$61,$0,$249,$3,$289,$350,$25,$4,$-0,$4,$-0,$-9,$4,$-1,$-10,$19,$-10,$0,$0,$0,$0,$0,$0,$-10,$0,$0,$0,$-0,$-0,$0,$0,$-0,$8,$0,$0
30,2011-03-31,20.14,$7.70,2.62,$12.76,1.58,$1.20,16.75,$1.35,14.97,$0.28B,$0.05B,5.79,$0.00B,$0.28B,0.0,$0.46B,$0.18B,38.01%,$0.46B,$0.08B,17.28%,$0.46B,$0.08B,17.28%,$0.46B,$0.09B,19.22%,$0.46B,$0.08B,17.28%,$0.46B,$0.05B,10.37%,$0.05B,$0.28B,18.71%,$0.05B,$0.25B,20.87%,$0.05B,$0.34B,15.24%,$0.08B,$0.28B,31.19%,$124,$79,$45,$0,$26,$105,$19,$-0,$19,$7,$12,$12,$12,$21,$19,$36,36,$0.35,$0.34,$34,$125,$0,$278,$32,$0,$27,$1,$59,$337,$48,$0,$4,$13,$61,$0,$237,$4,$276,$337,$12,$2,$0,$2,$-2,$-4,$-2,$0,$-5,$9,$-5,$0,$0,$0,$0,$0,$0,$-5,$0,$0,$0,$-0,$-0,$0,$0,$-0,$4,$0,$0
31,2010-12-31,17.34,$7.36,2.36,$12.09,1.43,$1.23,14.07,$1.27,13.65,$0.27B,$0.05B,5.55,$0.00B,$0.26B,0.0,$0.44B,$0.17B,38.58%,$0.44B,$0.08B,17.58%,$0.44B,$0.08B,17.58%,$0.44B,$0.09B,19.63%,$0.44B,$0.08B,17.58%,$0.44B,$0.05B,10.50%,$0.05B,$0.26B,18.87%,$0.05B,$0.24B,21.15%,$0.05B,$0.32B,15.37%,$0.08B,$0.26B,31.56%,$105,$62,$43,$0,$21,$83,$22,$0,$22,$7,$14,$14,$12,$24,$22,$36,36,$0.34,$0.34,$30,$120,$0,$267,$29,$0,$27,$1,$56,$323,$48,$0,$3,$12,$60,$0,$225,$3,$263,$323,$46,$8,$2,$10,$-14,$-30,$18,$0,$-25,$31,$-11,$0,$0,$0,$0,$0,$0,$-11,$-0,$0,$-0,$1,$1,$0,$0,$0,$20,$0,$0
32,2010-09-30,14.75,$7.03,2.1,$11.88,1.24,$1.25,11.8,$1.15,12.82,$0.25B,$0.05B,5.58,$0.00B,$0.25B,0.0,$0.43B,$0.16B,37.67%,$0.43B,$0.07B,15.81%,$0.43B,$0.07B,15.81%,$0.43B,$0.08B,17.91%,$0.43B,$0.07B,15.81%,$0.43B,$0.04B,9.77%,$0.04B,$0.25B,18.12%,$0.04B,$0.22B,20.44%,$0.04B,$0.31B,14.85%,$0.07B,$0.25B,29.28%,$119,$74,$45,$0,$25,$99,$20,$-0,$20,$8,$13,$13,$13,$23,$20,$36,36,$0.36,$0.36,$19,$105,$0,$253,$26,$0,$27,$2,$55,$308,$45,$0,$3,$12,$57,$0,$214,$3,$251,$308,$34,$6,$-0,$6,$-26,$-14,$14,$0,$-25,$15,$-7,$0,$0,$0,$0,$0,$0,$-7,$-0,$0,$-0,$0,$0,$0,$0,$0,$8,$0,$0
33,2010-06-30,9.73,$6.63,1.47,$11.32,0.86,$1.28,7.62,$1.02,9.58,$0.24B,$0.04B,5.39,$0.00B,$0.24B,0.0,$0.41B,$0.15B,37.16%,$0.41B,$0.06B,14.91%,$0.41B,$0.06B,14.91%,$0.41B,$0.07B,16.87%,$0.41B,$0.06B,14.91%,$0.41B,$0.04B,9.05%,$0.04B,$0.24B,16.74%,$0.04B,$0.21B,18.97%,$0.04B,$0.29B,13.70%,$0.06B,$0.24B,27.51%,$115,$72,$43,$0,$24,$96,$19,$-0,$19,$8,$11,$11,$11,$21,$19,$36,36,$0.33,$0.32,$23,$92,$0,$238,$26,$0,$27,$2,$54,$292,$44,$0,$3,$12,$56,$0,$201,$1,$236,$292,$21,$4,$-0,$4,$-19,$-3,$15,$-0,$-8,$17,$-4,$0,$0,$0,$0,$0,$0,$-4,$-0,$0,$-0,$0,$0,$0,$0,$0,$13,$0,$0
34,2010-03-31,9.09,$6.34,1.43,$10.82,0.84,$1.03,8.84,$0.88,10.38,$0.22B,$0.04B,6.0,$0.00B,$0.23B,0.0,$0.39B,$0.14B,36.15%,$0.39B,$0.05B,13.33%,$0.39B,$0.05B,13.33%,$0.39B,$0.06B,15.38%,$0.39B,$0.05B,13.33%,$0.39B,$0.03B,8.21%,$0.03B,$0.23B,15.11%,$0.03B,$0.20B,17.25%,$0.03B,$0.27B,12.33%,$0.05B,$0.23B,24.47%,$99,$61,$38,$0,$22,$83,$16,$-0,$16,$6,$10,$10,$10,$18,$16,$35,36,$0.27,$0.27,$16,$89,$0,$220,$25,$0,$27,$2,$54,$274,$37,$0,$3,$12,$48,$0,$190,$2,$225,$274,$10,$2,$0,$2,$-11,$1,$7,$-0,$-4,$7,$-2,$0,$0,$0,$0,$0,$0,$-2,$-0,$0,$-0,$0,$0,$0,$0,$0,$5,$0,$0
35,2009-12-31,7.5,$6.09,1.23,$10.49,0.71,$1.07,7.01,$0.74,10.2,$0.20B,$0.03B,6.69,$0.00B,$0.22B,0.0,$0.38B,$0.13B,34.75%,$0.38B,$0.04B,11.41%,$0.38B,$0.04B,11.41%,$0.38B,$0.05B,13.53%,$0.38B,$0.04B,11.41%,$0.38B,$0.03B,7.16%,$0.03B,$0.22B,13.27%,$0.03B,$0.19B,15.23%,$0.03B,$0.26B,10.81%,$0.04B,$0.22B,20.87%,$97,$61,$36,$0,$23,$84,$13,$-0,$13,$5,$8,$8,$8,$15,$13,$35,36,$0.22,$0.22,$11,$90,$0,$204,$25,$0,$27,$2,$54,$257,$30,$0,$3,$12,$42,$0,$180,$2,$215,$257,$26,$8,$0,$8,$-11,$4,$-6,$-1,$-7,$28,$-8,$0,$0,$0,$0,$0,$0,$-8,$-0,$-15,$-15,$-0,$-0,$0,$0,$-15,$5,$0,$0
36,2009-09-30,7.19,$5.89,1.22,$10.04,0.72,$0.59,12.23,$0.66,10.97,$0.20B,$0.04B,5.38,$0.00B,$0.21B,0.0,$0.36B,$0.12B,33.52%,$0.36B,$0.04B,9.97%,$0.36B,$0.04B,9.97%,$0.36B,$0.04B,12.19%,$0.36B,$0.04B,9.97%,$0.36B,$0.02B,6.65%,$0.02B,$0.21B,12.20%,$0.02B,$0.18B,14.10%,$0.02B,$0.26B,9.75%,$0.04B,$0.21B,17.76%,$98,$63,$35,$0,$22,$85,$13,$-0,$13,$5,$8,$8,$8,$15,$13,$35,36,$0.23,$0.22,$6,$96,$0,$204,$25,$0,$27,$2,$54,$257,$38,$0,$2,$11,$49,$0,$173,$3,$208,$257,$19,$6,$1,$7,$-11,$-1,$-2,$-0,$-11,$15,$-6,$0,$0,$0,$0,$0,$0,$-6,$-0,$-9,$-9,$-0,$-0,$0,$0,$-9,$-0,$0,$0
37,2009-06-30,6.62,$5.63,1.17,$9.84,0.67,$0.27,24.43,$0.58,11.51,$0.20B,$0.04B,4.85,$0.00B,$0.20B,0.0,$0.35B,$0.12B,32.77%,$0.35B,$0.03B,8.76%,$0.35B,$0.03B,8.76%,$0.35B,$0.04B,11.02%,$0.35B,$0.03B,8.76%,$0.35B,$0.02B,5.93%,$0.02B,$0.20B,10.98%,$0.02B,$0.17B,12.77%,$0.02B,$0.25B,8.60%,$0.03B,$0.20B,15.35%,$96,$64,$32,$0,$22,$86,$10,$-0,$10,$4,$6,$6,$6,$12,$10,$35,36,$0.18,$0.18,$4,$87,$0,$197,$25,$0,$27,$2,$53,$250,$41,$0,$2,$11,$52,$0,$165,$1,$199,$250,$11,$4,$1,$4,$-16,$7,$0,$0,$-8,$7,$-4,$0,$0,$0,$0,$0,$0,$-4,$-0,$-5,$-5,$-0,$-0,$0,$0,$-5,$-1,$0,$0
38,2009-03-31,4.46,$5.45,0.82,$9.67,0.46,$0.03,136.93,$0.55,8.19,$0.18B,$0.03B,7.38,$0.01B,$0.19B,0.04,$0.35B,$0.11B,32.76%,$0.35B,$0.03B,8.62%,$0.35B,$0.03B,8.62%,$0.35B,$0.04B,10.92%,$0.35B,$0.03B,8.33%,$0.35B,$0.02B,5.75%,$0.02B,$0.19B,10.70%,$0.02B,$0.17B,12.46%,$0.02B,$0.24B,8.24%,$0.03B,$0.20B,14.89%,$86,$58,$28,$0,$21,$79,$7,$-0,$7,$3,$5,$5,$5,$9,$7,$35,36,$0.13,$0.13,$5,$83,$0,$182,$25,$0,$27,$2,$53,$235,$25,$8,$2,$18,$43,$0,$159,$1,$192,$235,$5,$2,$1,$2,$-4,$10,$-6,$1,$1,$8,$-2,$0,$0,$0,$0,$0,$0,$-2,$-0,$-8,$-8,$-0,$-0,$0,$0,$-8,$-1,$0,$0
39,2008-12-31,6.32,$5.32,1.19,$9.48,0.67,$-0.41,0.0,$0.50,12.76,$0.19B,$0.03B,6.34,$0.02B,$0.19B,0.08,$0.34B,$0.11B,32.46%,$0.34B,$0.03B,8.19%,$0.34B,$0.03B,8.19%,$0.34B,$0.04B,10.53%,$0.34B,$0.03B,7.60%,$0.34B,$0.02B,5.26%,$0.02B,$0.19B,9.82%,$0.02B,$0.16B,11.48%,$0.02B,$0.24B,7.36%,$0.03B,$0.20B,13.97%,$81,$55,$26,$0,$19,$74,$6,$-0,$6,$1,$5,$5,$5,$8,$6,$35,36,$0.14,$0.14,$6,$94,$0,$190,$25,$0,$27,$2,$53,$243,$30,$15,$2,$26,$56,$0,$155,$1,$188,$243,$18,$8,$-1,$7,$-1,$-15,$3,$-0,$-15,$10,$-7,$0,$1,$0,$0,$0,$0,$-6,$-9,$7,$-2,$-1,$-1,$0,$0,$-3,$-1,$0,$0
40,2008-09-30,6.0,$5.26,1.14,$9.57,0.63,$-0.00,0.0,$0.46,13.03,$0.20B,$0.03B,6.16,$0.02B,$0.19B,0.11,$0.35B,$0.11B,32.75%,$0.35B,$0.03B,8.41%,$0.35B,$0.03B,8.41%,$0.35B,$0.04B,11.01%,$0.35B,$0.03B,7.83%,$0.35B,$0.02B,4.93%,$0.02B,$0.19B,9.46%,$0.02B,$0.16B,11.09%,$0.02B,$0.25B,7.04%,$0.03B,$0.21B,14.83%,$91,$62,$30,$0,$21,$83,$8,$-0,$8,$3,$5,$5,$5,$10,$8,$35,36,$0.15,$0.14,$7,$90,$0,$195,$26,$0,$27,$2,$54,$249,$32,$21,$2,$32,$63,$0,$150,$4,$186,$249,$13,$6,$1,$6,$-8,$-10,$3,$0,$-16,$3,$-6,$0,$1,$0,$0,$0,$0,$-5,$-9,$12,$3,$-1,$-1,$0,$0,$2,$0,$0,$0
41,2008-06-30,3.86,$5.16,0.75,$9.34,0.41,$0.30,12.69,$0.48,8.12,$0.19B,$0.04B,5.11,$0.01B,$0.18B,0.08,$0.34B,$0.11B,33.53%,$0.34B,$0.03B,9.20%,$0.34B,$0.03B,9.20%,$0.34B,$0.04B,11.87%,$0.34B,$0.03B,8.31%,$0.34B,$0.02B,5.34%,$0.02B,$0.18B,10.24%,$0.02B,$0.16B,12.08%,$0.02B,$0.24B,7.55%,$0.03B,$0.20B,16.60%,$90,$60,$30,$0,$21,$82,$9,$-0,$8,$3,$5,$5,$5,$11,$9,$35,36,$0.15,$0.15,$7,$88,$0,$191,$25,$0,$27,$2,$54,$244,$37,$14,$2,$25,$62,$0,$145,$5,$182,$244,$8,$4,$1,$4,$-5,$-8,$2,$-0,$-14,$-1,$-4,$0,$0,$0,$0,$0,$0,$-3,$-0,$6,$5,$-0,$-0,$0,$0,$5,$1,$0,$0
42,2008-03-31,5.14,$5.01,1.03,$9.20,0.56,$0.62,8.35,$0.49,10.5,$0.19B,$0.04B,5.23,$0.02B,$0.18B,0.1,$0.33B,$0.11B,33.63%,$0.33B,$0.03B,9.61%,$0.33B,$0.03B,9.61%,$0.33B,$0.04B,12.31%,$0.33B,$0.03B,8.71%,$0.33B,$0.02B,5.71%,$0.02B,$0.18B,11.09%,$0.02B,$0.15B,13.17%,$0.02B,$0.24B,8.13%,$0.03B,$0.20B,17.70%,$80,$55,$25,$0,$20,$75,$5,$-0,$4,$2,$3,$3,$3,$7,$5,$35,36,$0.08,$0.08,$7,$85,$0,$188,$25,$0,$27,$2,$54,$242,$36,$18,$2,$28,$64,$0,$140,$5,$177,$242,$3,$2,$0,$2,$-7,$-4,$1,$1,$-13,$-8,$-2,$0,$0,$0,$0,$0,$0,$-2,$-0,$9,$9,$-0,$-0,$0,$0,$9,$-0,$0,$0
43,2007-12-31,6.84,$4.91,1.39,$9.04,0.76,$0.98,6.95,$0.53,13.02,$0.18B,$0.04B,4.63,$0.01B,$0.17B,0.05,$0.33B,$0.11B,34.56%,$0.33B,$0.03B,10.40%,$0.33B,$0.03B,10.40%,$0.33B,$0.04B,13.15%,$0.33B,$0.03B,9.48%,$0.33B,$0.02B,6.12%,$0.02B,$0.17B,12.03%,$0.02B,$0.15B,14.39%,$0.02B,$0.23B,8.77%,$0.03B,$0.18B,19.32%,$84,$56,$28,$0,$20,$77,$7,$-0,$7,$3,$4,$4,$4,$10,$7,$35,36,$0.10,$0.11,$7,$81,$0,$176,$26,$0,$27,$2,$54,$231,$38,$9,$2,$19,$57,$0,$137,$4,$174,$231,$19,$8,$1,$9,$0,$-10,$6,$-0,$-6,$23,$-5,$0,$-3,$0,$0,$0,$0,$-9,$-9,$-3,$-12,$-1,$-1,$0,$0,$-12,$2,$0,$0
44,2007-09-30,6.75,$4.81,1.4,$8.86,0.76,$0.75,8.98,$0.56,12.05,$0.18B,$0.06B,3.23,$0.00B,$0.17B,0.0,$0.32B,$0.11B,34.58%,$0.32B,$0.04B,10.90%,$0.32B,$0.04B,10.90%,$0.32B,$0.04B,13.40%,$0.32B,$0.03B,9.97%,$0.32B,$0.02B,6.54%,$0.02B,$0.17B,13.02%,$0.02B,$0.14B,15.67%,$0.02B,$0.24B,9.34%,$0.04B,$0.17B,20.14%,$83,$54,$30,$0,$20,$74,$10,$-1,$9,$3,$6,$6,$6,$12,$10,$35,36,$0.16,$0.16,$6,$78,$0,$181,$26,$0,$28,$1,$55,$237,$56,$0,$2,$10,$66,$0,$133,$4,$170,$237,$16,$6,$0,$6,$-8,$-7,$6,$0,$-9,$12,$-4,$0,$-3,$0,$0,$0,$0,$-7,$-9,$5,$-4,$-1,$-1,$0,$0,$-4,$1,$0,$0
45,2007-06-30,6.61,$4.63,1.43,$8.63,0.77,$0.73,9.09,$0.53,12.48,$0.17B,$0.04B,4.03,$0.01B,$0.16B,0.06,$0.31B,$0.11B,34.19%,$0.31B,$0.03B,10.54%,$0.31B,$0.03B,10.54%,$0.31B,$0.04B,13.10%,$0.31B,$0.03B,9.58%,$0.31B,$0.02B,6.39%,$0.02B,$0.16B,12.84%,$0.02B,$0.14B,15.53%,$0.02B,$0.23B,9.13%,$0.03B,$0.17B,18.99%,$86,$57,$29,$0,$19,$76,$10,$-1,$9,$4,$6,$6,$6,$12,$10,$35,36,$0.17,$0.16,$6,$69,$0,$170,$27,$0,$27,$1,$55,$225,$42,$9,$2,$19,$61,$0,$128,$3,$164,$225,$10,$4,$0,$4,$-6,$-1,$3,$0,$-5,$9,$-3,$0,$0,$0,$0,$0,$0,$-3,$-0,$-5,$-5,$-1,$-1,$0,$0,$-6,$1,$0,$0
46,2007-03-31,5.53,$4.45,1.24,$8.31,0.67,$0.66,8.35,$0.40,14.0,$0.16B,$0.03B,5.12,$0.02B,$0.16B,0.12,$0.30B,$0.11B,34.88%,$0.30B,$0.03B,8.97%,$0.30B,$0.03B,8.97%,$0.30B,$0.04B,12.62%,$0.30B,$0.03B,8.31%,$0.30B,$0.02B,4.98%,$0.02B,$0.16B,9.95%,$0.02B,$0.13B,12.12%,$0.02B,$0.22B,6.97%,$0.03B,$0.18B,15.61%,$74,$49,$26,$0,$19,$67,$7,$-1,$6,$2,$4,$4,$4,$9,$7,$35,36,$0.12,$0.11,$7,$69,$0,$163,$27,$0,$27,$1,$55,$219,$32,$20,$1,$29,$61,$0,$122,$3,$157,$219,$4,$2,$0,$2,$2,$-1,$-0,$0,$-1,$5,$-1,$0,$0,$0,$0,$0,$0,$-1,$-0,$-1,$-1,$-0,$-0,$0,$0,$-1,$2,$0,$0
47,2006-12-31,5.18,$4.34,1.19,$8.15,0.64,$0.54,9.62,$0.38,13.64,$0.16B,$0.04B,4.62,$0.02B,$0.15B,0.13,$0.30B,$0.10B,35.14%,$0.30B,$0.03B,8.78%,$0.30B,$0.03B,8.78%,$0.30B,$0.04B,12.50%,$0.30B,$0.02B,8.11%,$0.30B,$0.01B,4.73%,$0.01B,$0.15B,9.52%,$0.01B,$0.13B,11.72%,$0.01B,$0.22B,6.55%,$0.03B,$0.17B,15.18%,$78,$52,$26,$0,$17,$69,$8,$-0,$8,$3,$5,$5,$5,$10,$8,$35,36,$0.14,$0.14,$5,$68,$0,$162,$28,$0,$27,$1,$56,$218,$35,$21,$0,$29,$64,$0,$118,$3,$154,$218,$14,$10,$2,$12,$-13,$9,$-2,$-0,$-9,$16,$-7,$0,$0,$0,$0,$0,$0,$-7,$-9,$2,$-7,$-1,$-1,$0,$0,$-7,$2,$0,$0
