,Date,Stock Price,Book Value per Share,Price to Book Ratio,TTM Sales per Share,Price to Sales Ratio,TTM FCF per Share,Price to FCF Ratio,TTM Net EPS,PE Ratio,Current Assets,Current Liabilities,Current Ratio,Long Term Debt,Shareholder's Equity_x,Debt to Equity Ratio,TTM Revenue_x,TTM Gross Profit,Gross Margin,TTM Revenue_y,TTM Operating Income,Operating Margin,TTM Revenue_x,TTM EBIT,EBIT Margin,TTM Revenue_y,TTM EBITDA,EBITDA Margin,TTM Revenue_x,TTM Pre-Tax Income,Pre-Tax Margin,TTM Revenue_y,TTM Net Income_x,Net Margin,TTM Net Income_y,Shareholder's Equity_y,Return on Equity,TTM Net Income_x,Tangible Equity,Return on Tangible Equity,TTM Net Income_y,Total Assets,Return on Assets,TTM Net Income,LT Investments & Debt,Return on Investment,revenue,cost-goods-sold,gross-profit,research-development-expenses,selling-general-administrative-expenses,operating-expenses,operating-income,total-non-operating-income-expense,pre-tax-income,total-provision-income-taxes,income-after-taxes,income-from-continuous-operations,net-income,ebitda,ebit,basic-shares-outstanding,shares-outstanding,eps-basic-net-earnings-per-share,eps-earnings-per-share-diluted,cash-on-hand,inventory,other-current-assets,total-current-assets,net-property-plant-equipment,long-term-investments,goodwill-intangible-assets-total,other-long-term-assets,total-long-term-assets,total-assets,total-current-liabilities,long-term-debt,other-non-current-liabilities,total-long-term-liabilities,total-liabilities,common-stock-net,retained-earnings-accumulated-deficit,comprehensive-income,total-share-holder-equity,total-liabilities-share-holders-equity,net-income-loss,total-depreciation-amortization-cash-flow,other-non-cash-items,total-non-cash-items,change-in-accounts-receivable,change-in-inventories,change-in-accounts-payable,change-in-assets-liabilities,total-change-in-assets-liabilities,cash-flow-from-operating-activities,net-change-in-property-plant-equipment,net-change-in-intangible-assets,net-acquisitions-divestitures,net-change-in-short-term-investments,net-change-in-long-term-investments,net-change-in-investments-total,investing-activities-other,cash-flow-from-investing-activities,net-long-term-debt,net-current-debt,debt-issuance-retirement-net-total,net-common-equity-issued-repurchased,net-total-equity-issued-repurchased,total-common-preferred-stock-dividends-paid,financial-activities-other,cash-flow-from-financial-activities,net-cash-flow,stock-based-compensation,common-stock-dividends-paid
0,2018-09-30,88.53,$18.78,4.71,$51.66,1.71,$6.38,13.87,$4.68,18.92,$2.46B,$1.89B,1.3,$2.98B,$2.75B,1.09,$8.00B,$2.95B,36.84%,$8.00B,$0.92B,11.49%,$8.00B,$0.92B,11.49%,$8.00B,$1.31B,16.34%,$8.00B,$0.90B,11.28%,$8.00B,$0.72B,9.05%,$0.72B,$2.75B,20.09%,$0.72B,$-2.17B,-43.20%,$0.72B,$8.46B,7.59%,$0.92B,$5.73B,13.93%,$1747,$1101,$647,$0,$426,$1527,$220,$-27,$193,$36,$157,$157,$157,$288,$220,$147,149,$1.07,$1.05,$209,$804,$0,$2459,$807,$0,$4915,$281,$6003,$8462,$1890,$2982,$511,$3824,$5714,$258,$7744,$-193,$2748,$8462,$429,$206,$6,$212,$-120,$-130,$88,$-35,$-222,$419,$-130,$0,$-66,$0,$0,$0,$-14,$-210,$-350,$68,$-282,$-893,$-893,$-213,$639,$-749,$-545,$16,$-213
1,2018-06-30,73.2,$19.23,3.81,$51.06,1.43,$6.54,11.19,$4.77,15.35,$2.45B,$1.81B,1.35,$2.98B,$2.84B,1.05,$8.00B,$2.95B,36.86%,$8.00B,$0.94B,11.73%,$8.00B,$0.94B,11.73%,$8.00B,$1.33B,16.64%,$8.00B,$0.92B,11.45%,$8.00B,$0.75B,9.33%,$0.75B,$2.84B,18.71%,$0.75B,$-2.10B,-44.97%,$0.75B,$8.47B,7.43%,$0.94B,$5.82B,13.44%,$1798,$1133,$665,$0,$429,$1562,$236,$-25,$211,$45,$166,$166,$140,$276,$236,$152,154,$0.92,$0.91,$243,$764,$0,$2448,$805,$0,$4944,$276,$6025,$8473,$1814,$2975,$508,$3819,$5633,$257,$7658,$-180,$2841,$8473,$271,$138,$15,$153,$-108,$-85,$65,$-39,$-249,$175,$-94,$0,$-66,$0,$0,$0,$-14,$-174,$-350,$54,$-296,$-745,$-745,$-142,$667,$-517,$-511,$10,$-142
2,2018-03-31,78.5,$28.74,2.73,$50.41,1.56,$6.79,11.56,$4.90,16.02,$2.95B,$2.08B,1.42,$3.03B,$4.45B,0.68,$7.94B,$2.94B,37.01%,$7.94B,$0.94B,11.78%,$7.94B,$0.94B,11.78%,$7.94B,$1.33B,16.78%,$7.94B,$0.90B,11.37%,$7.94B,$0.77B,9.70%,$0.77B,$4.45B,17.93%,$0.77B,$-1.85B,-45.41%,$0.77B,$10.54B,7.34%,$0.94B,$7.48B,12.85%,$1922,$1213,$709,$0,$514,$1727,$195,$-34,$161,$29,$131,$131,$131,$293,$195,$155,157,$0.85,$0.84,$367,$973,$0,$2952,$1031,$0,$6293,$268,$7591,$10543,$2081,$3032,$547,$4017,$6097,$257,$8527,$-152,$4446,$10543,$131,$98,$7,$105,$-3,$-73,$3,$-30,$-202,$35,$-56,$0,$-66,$0,$0,$0,$-14,$-136,$-350,$195,$-155,$-45,$-45,$-73,$-17,$-289,$-387,$7,$-73
3,2017-12-31,80.34,$28.31,2.84,$49.69,1.62,$7.16,11.23,$5.15,15.6,$2.79B,$2.14B,1.3,$2.99B,$4.38B,0.68,$7.83B,$2.89B,36.91%,$7.83B,$0.92B,11.69%,$7.83B,$0.92B,11.69%,$7.83B,$1.31B,16.73%,$7.83B,$0.97B,12.44%,$7.83B,$0.81B,10.36%,$0.81B,$4.38B,19.44%,$0.81B,$-0.59B,-44.61%,$0.81B,$10.66B,7.78%,$0.92B,$7.37B,12.86%,$2532,$1606,$926,$0,$658,$2264,$268,$69,$337,$-0,$337,$337,$296,$450,$268,$156,158,$1.90,$1.88,$754,$677,$0,$2790,$788,$0,$4969,$246,$7868,$10658,$2142,$2987,$534,$4133,$6275,$257,$8456,$-195,$4383,$10658,$812,$394,$-375,$19,$-105,$-13,$124,$-32,$-9,$822,$-181,$0,$337,$0,$0,$0,$21,$176,$0,$-183,$-183,$-105,$-105,$-284,$-23,$-595,$405,$27,$-284
4,2017-09-30,72.35,$27.45,2.64,$44.99,1.61,$7.66,9.44,$4.30,16.83,$2.87B,$2.17B,1.32,$2.99B,$4.28B,0.7,$7.08B,$2.58B,36.52%,$7.08B,$0.81B,11.46%,$7.08B,$0.81B,11.46%,$7.08B,$1.12B,15.84%,$7.08B,$0.85B,12.05%,$7.08B,$0.68B,9.55%,$0.68B,$4.28B,16.79%,$0.68B,$-2.10B,-29.23%,$0.68B,$10.49B,6.57%,$0.81B,$7.26B,11.54%,$1748,$1099,$649,$0,$410,$1509,$239,$-32,$207,$47,$159,$159,$179,$312,$239,$156,158,$1.15,$1.14,$322,$982,$0,$2869,$1013,$0,$6375,$237,$7625,$10493,$2167,$2985,$455,$4050,$6218,$257,$8232,$-192,$4276,$10493,$515,$212,$-127,$85,$-65,$-66,$67,$-3,$-147,$454,$-124,$0,$96,$0,$0,$0,$21,$-8,$0,$-280,$-280,$0,$0,$-211,$-17,$-507,$-27,$20,$-211
5,2017-06-30,63.15,$26.15,2.42,$44.79,1.41,$8.55,7.39,$3.99,15.83,$2.76B,$2.22B,1.25,$2.93B,$4.07B,0.72,$7.04B,$2.57B,36.48%,$7.04B,$0.78B,11.13%,$7.04B,$0.78B,11.13%,$7.04B,$1.11B,15.72%,$7.04B,$0.83B,11.75%,$7.04B,$0.63B,8.91%,$0.63B,$4.07B,16.06%,$0.63B,$-2.25B,-28.24%,$0.63B,$10.29B,6.28%,$0.78B,$7.00B,11.49%,$1737,$1083,$654,$0,$421,$1505,$233,$-35,$198,$56,$142,$142,$164,$277,$233,$156,158,$1.05,$1.04,$302,$962,$0,$2760,$979,$0,$6322,$232,$7533,$10292,$2215,$2925,$449,$4005,$6220,$257,$8127,$-287,$4072,$10292,$336,$140,$-112,$28,$-62,$-80,$72,$-12,$-166,$198,$-77,$0,$96,$0,$0,$0,$21,$40,$0,$-157,$-157,$0,$0,$-137,$-15,$-310,$-48,$17,$-137
6,2017-03-31,62.92,$25.40,2.48,$44.53,1.41,$9.53,6.6,$3.71,16.96,$2.76B,$2.32B,1.19,$2.89B,$3.95B,0.73,$6.99B,$2.54B,36.42%,$6.99B,$0.74B,10.65%,$6.99B,$0.74B,10.65%,$6.99B,$1.11B,15.91%,$6.99B,$0.79B,11.35%,$6.99B,$0.58B,8.32%,$0.58B,$3.95B,15.23%,$0.58B,$-2.34B,-27.50%,$0.58B,$10.24B,6.02%,$0.74B,$6.84B,11.20%,$1813,$1152,$661,$0,$486,$1638,$175,$57,$232,$60,$172,$172,$172,$271,$175,$156,157,$1.11,$1.09,$416,$942,$0,$2762,$946,$0,$6291,$239,$7476,$10238,$2319,$2888,$434,$3966,$6285,$257,$8032,$-313,$3953,$10238,$172,$96,$-77,$18,$-23,$-76,$44,$-14,$-112,$79,$-42,$0,$120,$0,$0,$0,$2,$81,$0,$-16,$-16,$0,$0,$-69,$-9,$-93,$66,$13,$-69
7,2016-12-31,58.35,$24.45,2.39,$43.40,1.34,$9.91,5.89,$3.26,17.9,$2.59B,$1.94B,1.33,$3.21B,$3.80B,0.84,$6.79B,$2.47B,36.39%,$6.79B,$0.72B,10.52%,$6.79B,$0.72B,10.52%,$6.79B,$1.07B,15.81%,$6.79B,$0.69B,10.14%,$6.79B,$0.51B,7.48%,$0.51B,$3.80B,13.55%,$0.51B,$-2.57B,-25.42%,$0.51B,$10.12B,5.44%,$0.72B,$7.01B,10.98%,$1778,$1158,$620,$0,$456,$1614,$164,$52,$216,$55,$161,$161,$161,$261,$164,$155,157,$1.04,$1.02,$349,$870,$0,$2589,$946,$0,$6366,$216,$7527,$10116,$1940,$3207,$459,$4376,$6316,$257,$7928,$-359,$3800,$10116,$509,$361,$-153,$208,$-45,$26,$59,$-23,$145,$862,$-147,$0,$-1355,$0,$0,$0,$-1,$-1504,$654,$255,$909,$8,$8,$-268,$-16,$634,$-13,$21,$-268
8,2016-09-30,57.0,$24.39,2.34,$42.70,1.33,$10.44,5.46,$3.14,18.15,$2.74B,$1.89B,1.45,$2.61B,$3.79B,0.69,$6.71B,$2.47B,36.75%,$6.71B,$0.75B,11.18%,$6.71B,$0.75B,11.18%,$6.71B,$1.10B,16.45%,$6.71B,$0.64B,9.57%,$6.71B,$0.49B,7.29%,$0.49B,$3.79B,13.18%,$0.49B,$-1.73B,-28.21%,$0.49B,$9.30B,5.45%,$0.75B,$6.40B,11.87%,$1708,$1076,$632,$0,$421,$1497,$211,$-30,$181,$51,$130,$130,$130,$297,$211,$155,157,$0.84,$0.83,$515,$828,$77,$2739,$839,$0,$5516,$204,$6559,$9298,$1891,$2614,$418,$3618,$5509,$256,$7835,$-268,$3789,$9298,$348,$263,$3,$267,$-32,$-21,$39,$-43,$-41,$573,$-106,$0,$-455,$0,$0,$0,$-1,$-561,$0,$355,$355,$7,$7,$-200,$-13,$149,$153,$18,$-200
9,2016-06-30,53.33,$23.93,2.23,$43.22,1.23,$10.85,4.92,$3.50,15.24,$2.38B,$1.64B,1.45,$2.61B,$3.71B,0.7,$6.79B,$2.51B,36.92%,$6.79B,$0.82B,12.02%,$6.79B,$0.82B,12.02%,$6.79B,$1.16B,17.10%,$6.79B,$0.71B,10.40%,$6.79B,$0.55B,8.03%,$0.55B,$3.71B,14.91%,$0.55B,$-1.82B,-34.53%,$0.55B,$8.98B,6.22%,$0.82B,$6.32B,13.23%,$1686,$1055,$631,$0,$437,$1493,$194,$-29,$164,$46,$118,$118,$118,$282,$194,$155,157,$0.76,$0.76,$255,$834,$0,$2380,$854,$0,$5534,$211,$6599,$8979,$1640,$2607,$424,$3625,$5265,$256,$7774,$-282,$3714,$8979,$218,$177,$-22,$154,$0,$-16,$5,$-5,$-31,$341,$-67,$0,$-428,$0,$0,$0,$-0,$-495,$0,$186,$186,$4,$4,$-131,$-7,$51,$-107,$14,$-131
10,2016-03-31,49.18,$23.84,2.06,$43.42,1.13,$10.88,4.52,$4.81,10.23,$2.35B,$1.65B,1.42,$2.61B,$3.70B,0.71,$6.86B,$2.53B,36.87%,$6.86B,$0.87B,12.73%,$6.86B,$0.87B,12.73%,$6.86B,$1.21B,17.61%,$6.86B,$0.76B,11.12%,$6.86B,$0.76B,11.06%,$0.76B,$3.70B,20.94%,$0.76B,$-1.88B,-53.92%,$0.76B,$8.98B,8.79%,$0.87B,$6.31B,14.47%,$1622,$1033,$589,$0,$443,$1476,$146,$-18,$128,$28,$99,$99,$99,$234,$146,$155,156,$0.64,$0.64,$244,$850,$0,$2346,$859,$0,$5578,$198,$6635,$8981,$1649,$2611,$420,$3634,$5283,$256,$7721,$-242,$3698,$8981,$99,$89,$0,$89,$20,$-29,$-14,$-14,$-55,$133,$-37,$0,$-389,$0,$0,$0,$-0,$-426,$0,$247,$247,$2,$2,$-66,$-5,$179,$-118,$11,$-66
11,2015-12-31,46.55,$23.51,1.98,$43.53,1.07,$10.93,4.26,$5.45,8.54,$2.42B,$1.37B,1.77,$2.60B,$3.65B,0.71,$6.96B,$2.57B,36.92%,$6.96B,$0.92B,13.24%,$6.96B,$0.92B,13.24%,$6.96B,$1.25B,17.94%,$6.96B,$0.80B,11.50%,$6.96B,$0.87B,12.50%,$0.87B,$3.65B,24.20%,$0.87B,$-1.51B,-70.37%,$0.87B,$8.61B,10.18%,$0.92B,$6.25B,15.57%,$1695,$1081,$614,$0,$414,$1495,$199,$-30,$169,$33,$137,$137,$142,$291,$199,$158,159,$0.92,$0.92,$362,$803,$0,$2419,$854,$0,$5151,$182,$6187,$8606,$1367,$2604,$415,$3594,$4962,$256,$7687,$-255,$3645,$8606,$870,$327,$-211,$116,$38,$63,$43,$-29,$-37,$949,$-140,$0,$121,$-18,$0,$-18,$1,$-35,$94,$-327,$-233,$-596,$-596,$-258,$-5,$-1092,$-319,$31,$-258
12,2015-09-30,43.14,$23.01,1.87,$44.60,0.97,$10.57,4.08,$5.56,7.76,$2.82B,$1.67B,1.69,$2.23B,$3.57B,0.62,$7.24B,$2.68B,37.00%,$7.24B,$0.99B,13.60%,$7.24B,$0.99B,13.60%,$7.24B,$1.30B,17.98%,$7.24B,$0.86B,11.90%,$7.24B,$0.90B,12.39%,$0.90B,$3.57B,24.85%,$0.90B,$-1.11B,-78.02%,$0.90B,$8.48B,10.36%,$0.99B,$5.79B,16.87%,$1788,$1115,$673,$0,$396,$1511,$277,$-32,$245,$59,$186,$186,$186,$354,$277,$155,157,$1.20,$1.19,$663,$811,$0,$2815,$824,$0,$4672,$168,$5664,$8479,$1669,$2225,$450,$3244,$4913,$256,$7610,$-251,$3566,$8479,$728,$235,$-243,$-8,$-41,$22,$34,$-17,$-88,$632,$-102,$0,$683,$0,$0,$0,$0,$581,$-0,$-317,$-317,$-597,$-597,$-193,$-5,$-1111,$-19,$26,$-193
13,2015-06-30,52.58,$22.96,2.29,$45.12,1.17,$9.60,5.48,$5.75,9.14,$2.74B,$1.61B,1.7,$2.23B,$3.59B,0.62,$7.46B,$2.78B,37.25%,$7.46B,$1.06B,14.15%,$7.46B,$1.06B,14.15%,$7.46B,$1.37B,18.37%,$7.46B,$0.94B,12.53%,$7.46B,$0.94B,12.64%,$0.94B,$3.59B,25.50%,$0.94B,$-1.14B,-86.81%,$0.94B,$8.47B,10.75%,$1.06B,$5.82B,17.56%,$1759,$1104,$655,$0,$403,$1507,$252,$-31,$221,$66,$156,$156,$332,$330,$252,$159,160,$2.10,$2.07,$595,$844,$0,$2737,$828,$0,$4732,$170,$5730,$8467,$1614,$2225,$458,$3261,$4874,$256,$7489,$-198,$3592,$8467,$542,$158,$-250,$-92,$17,$1,$7,$2,$-100,$350,$-64,$0,$679,$0,$0,$0,$0,$614,$-0,$-396,$-396,$-497,$-497,$-128,$-4,$-1025,$-86,$19,$-128
14,2015-03-31,51.52,$22.32,2.31,$45.78,1.13,$8.64,5.96,$4.95,10.41,$2.67B,$1.78B,1.5,$2.22B,$3.58B,0.62,$7.67B,$2.89B,37.73%,$7.67B,$1.13B,14.78%,$7.67B,$1.13B,14.78%,$7.67B,$1.45B,18.86%,$7.67B,$1.02B,13.28%,$7.67B,$0.83B,10.76%,$0.83B,$3.58B,21.86%,$0.83B,$-1.19B,-83.76%,$0.83B,$8.65B,9.31%,$1.13B,$5.80B,18.32%,$1716,$1088,$627,$0,$435,$1523,$193,$-28,$165,$47,$117,$117,$210,$273,$193,$162,163,$1.30,$1.28,$538,$862,$0,$2672,$822,$0,$4773,$165,$5975,$8647,$1782,$2218,$453,$3286,$5068,$256,$7220,$-238,$3579,$8647,$210,$80,$-79,$1,$28,$-19,$-19,$-13,$-79,$131,$-22,$0,$179,$0,$0,$0,$0,$157,$-0,$-153,$-153,$-197,$-197,$-64,$-2,$-417,$-143,$13,$-64
15,2014-12-31,53.16,$22.70,2.34,$45.75,1.16,$7.96,6.68,$4.60,11.56,$2.83B,$2.04B,1.39,$2.25B,$3.70B,0.61,$7.75B,$2.97B,38.35%,$7.75B,$1.21B,15.66%,$7.75B,$1.21B,15.66%,$7.75B,$1.52B,19.64%,$7.75B,$1.10B,14.12%,$7.75B,$0.78B,9.99%,$0.78B,$3.70B,20.30%,$0.78B,$-1.16B,-85.16%,$0.78B,$9.03B,8.75%,$1.21B,$5.95B,19.20%,$1978,$1254,$724,$0,$460,$1714,$263,$-33,$231,$59,$172,$172,$169,$345,$263,$167,169,$1.02,$1.01,$682,$864,$0,$2834,$837,$0,$4861,$171,$6196,$9030,$2039,$2253,$482,$3291,$5330,$256,$7075,$-159,$3701,$9030,$775,$307,$18,$325,$-87,$-64,$60,$-43,$-150,$950,$-152,$0,$-611,$0,$0,$0,$-20,$-783,$-7,$252,$245,$-581,$-581,$-258,$339,$-255,$-122,$32,$-258
16,2014-09-30,59.26,$23.67,2.5,$42.79,1.38,$8.19,7.23,$4.71,12.58,$3.12B,$1.39B,2.24,$2.57B,$3.92B,0.66,$7.29B,$2.84B,38.87%,$7.29B,$1.18B,16.16%,$7.29B,$1.18B,16.16%,$7.29B,$1.47B,20.14%,$7.29B,$1.07B,14.61%,$7.29B,$0.80B,10.97%,$0.80B,$3.92B,18.89%,$0.80B,$-0.85B,-217.69%,$0.80B,$8.96B,8.59%,$1.18B,$6.49B,17.27%,$2010,$1235,$774,$0,$426,$1661,$348,$-30,$318,$92,$226,$226,$232,$423,$348,$166,168,$1.40,$1.38,$706,$908,$0,$3116,$819,$0,$4774,$240,$5843,$8959,$1394,$2570,$458,$3643,$5037,$256,$6971,$-35,$3922,$8959,$606,$226,$25,$251,$-210,$-107,$91,$-40,$-352,$505,$-99,$0,$-187,$0,$0,$0,$-22,$-308,$-2,$-76,$-78,$-374,$-374,$-193,$340,$-305,$-98,$25,$-193
17,2014-06-30,66.79,$23.41,2.85,$42.08,1.59,$8.66,7.71,$4.89,13.66,$2.90B,$1.23B,2.36,$2.60B,$3.90B,0.67,$7.22B,$2.82B,39.00%,$7.22B,$1.18B,16.32%,$7.22B,$1.18B,16.32%,$7.22B,$1.47B,20.31%,$7.22B,$1.07B,14.76%,$7.22B,$0.84B,11.59%,$0.84B,$3.90B,18.29%,$0.84B,$-0.73B,-320.38%,$0.84B,$8.80B,8.59%,$1.18B,$6.49B,16.67%,$1963,$1195,$768,$0,$439,$1633,$329,$-26,$304,$93,$211,$211,$214,$405,$329,$166,169,$1.29,$1.27,$547,$891,$0,$2904,$822,$0,$4630,$232,$5892,$8795,$1232,$2596,$461,$3667,$4898,$256,$6805,$40,$3897,$8795,$374,$151,$6,$157,$-168,$-97,$61,$-7,$-318,$213,$-73,$0,$-139,$0,$0,$0,$-22,$-234,$-0,$-179,$-179,$-302,$-302,$-126,$341,$-266,$-256,$16,$-126
18,2014-03-31,59.78,$22.52,2.65,$41.63,1.44,$9.32,6.42,$5.53,10.81,$2.70B,$1.23B,2.19,$2.60B,$3.75B,0.69,$7.19B,$2.81B,39.00%,$7.19B,$1.17B,16.27%,$7.19B,$1.17B,16.27%,$7.19B,$1.45B,20.21%,$7.19B,$1.05B,14.60%,$7.19B,$0.95B,13.25%,$0.95B,$3.75B,19.66%,$0.95B,$-0.89B,-381.20%,$0.95B,$8.66B,9.40%,$1.17B,$6.35B,16.15%,$1803,$1095,$708,$0,$433,$1528,$274,$-33,$242,$72,$170,$170,$160,$350,$274,$170,172,$0.94,$0.93,$486,$840,$0,$2702,$818,$0,$4642,$214,$5963,$8664,$1231,$2602,$457,$3685,$4916,$255,$6653,$26,$3748,$8664,$160,$76,$18,$94,$-102,$-48,$41,$-19,$-226,$28,$-31,$0,$-110,$0,$0,$0,$-4,$-146,$-0,$-152,$-152,$-288,$-288,$-64,$353,$-152,$-318,$9,$-64
19,2013-12-31,58.53,$31.65,1.85,$41.19,1.42,$9.54,6.14,$5.80,10.09,$2.72B,$1.34B,2.03,$2.60B,$5.38B,0.48,$7.15B,$2.78B,38.85%,$7.15B,$1.16B,16.23%,$7.15B,$1.16B,16.23%,$7.15B,$1.44B,20.13%,$7.15B,$1.05B,14.62%,$7.15B,$1.00B,14.02%,$1.00B,$5.38B,19.66%,$1.00B,$1.01B,-401.20%,$1.00B,$10.86B,9.53%,$1.16B,$7.98B,15.70%,$1518,$934,$585,$0,$357,$1290,$228,$-26,$202,$56,$146,$146,$194,$291,$228,$171,174,$1.14,$1.11,$804,$715,$0,$2718,$788,$0,$4367,$203,$8137,$10855,$1342,$2599,$509,$4136,$5478,$255,$7955,$68,$5377,$10855,$1003,$278,$-113,$165,$-88,$2,$39,$-49,$-189,$980,$-118,$0,$-246,$0,$0,$0,$3,$-362,$401,$-381,$20,$-450,$-450,$-248,$0,$-679,$4,$30,$-248
20,2013-09-30,54.24,$31.02,1.75,$35.36,1.53,$9.09,5.97,$5.56,9.76,$3.26B,$2.02B,1.62,$2.19B,$5.28B,0.41,$6.17B,$2.44B,39.55%,$6.17B,$1.03B,16.70%,$6.17B,$1.03B,16.70%,$6.17B,$1.22B,19.70%,$6.17B,$0.91B,14.74%,$6.17B,$0.97B,15.70%,$0.97B,$5.28B,19.43%,$0.97B,$-0.43B,-136.91%,$0.97B,$10.67B,9.30%,$1.03B,$7.48B,14.37%,$1940,$1184,$756,$0,$408,$1592,$348,$-30,$318,$91,$226,$226,$269,$421,$348,$171,173,$1.58,$1.56,$740,$950,$0,$3263,$1149,$0,$5711,$166,$7402,$10665,$2019,$2190,$519,$3362,$5381,$255,$7824,$63,$5284,$10665,$809,$215,$-135,$80,$-189,$-51,$61,$-14,$-301,$588,$-90,$0,$-115,$0,$0,$0,$2,$-203,$0,$61,$61,$-373,$-373,$-184,$-28,$-524,$-60,$23,$-184
21,2013-06-30,46.69,$29.18,1.6,$35.53,1.31,$8.88,5.26,$5.31,8.79,$3.05B,$1.98B,1.54,$2.19B,$4.98B,0.44,$6.33B,$2.50B,39.42%,$6.33B,$1.04B,16.45%,$6.33B,$1.04B,16.45%,$6.33B,$1.24B,19.65%,$6.33B,$0.92B,14.47%,$6.33B,$0.94B,14.87%,$0.94B,$4.98B,18.94%,$0.94B,$-0.69B,-145.72%,$0.94B,$10.35B,9.19%,$1.04B,$7.17B,14.54%,$1932,$1177,$756,$0,$436,$1612,$320,$-32,$288,$30,$258,$258,$330,$392,$320,$171,173,$1.93,$1.91,$606,$917,$0,$3049,$1138,$0,$5670,$121,$7300,$10349,$1975,$2190,$590,$3393,$5368,$255,$7619,$-83,$4981,$10349,$540,$143,$-95,$47,$-194,$-37,$66,$-10,$-280,$307,$-50,$0,$-65,$0,$0,$0,$3,$-113,$-0,$55,$55,$-346,$-346,$-120,$0,$-411,$-194,$16,$-120
22,2013-03-31,43.62,$27.83,1.57,$35.34,1.23,$8.85,4.93,$4.55,9.59,$2.92B,$1.95B,1.5,$2.19B,$4.76B,0.46,$6.44B,$2.52B,39.09%,$6.44B,$1.03B,16.03%,$6.44B,$1.03B,16.03%,$6.44B,$1.25B,19.47%,$6.44B,$0.91B,14.12%,$6.44B,$0.83B,12.82%,$0.83B,$4.76B,16.50%,$0.83B,$-0.89B,-151.65%,$0.83B,$10.24B,8.17%,$1.03B,$6.95B,14.35%,$1764,$1082,$682,$0,$416,$1499,$265,$-27,$238,$71,$167,$167,$210,$336,$265,$173,176,$1.21,$1.20,$571,$906,$0,$2920,$1141,$0,$5656,$111,$7315,$10235,$1951,$2190,$639,$3522,$5473,$255,$7349,$-86,$4762,$10235,$210,$71,$-13,$57,$-107,$-27,$34,$-3,$-210,$58,$-23,$0,$0,$0,$0,$0,$1,$-21,$-0,$92,$92,$-284,$-284,$-60,$0,$-253,$-229,$8,$-60
23,2012-12-31,39.14,$28.16,1.39,$35.76,1.09,$9.16,4.28,$4.40,8.9,$3.03B,$1.99B,1.52,$2.19B,$4.92B,0.45,$6.63B,$2.58B,38.93%,$6.63B,$1.06B,15.98%,$6.63B,$1.06B,15.98%,$6.63B,$1.29B,19.47%,$6.63B,$0.93B,14.05%,$6.63B,$0.81B,12.24%,$0.81B,$4.92B,15.96%,$0.81B,$-0.82B,-222.34%,$0.81B,$10.44B,8.14%,$1.06B,$7.11B,14.56%,$536,$289,$247,$0,$149,$438,$98,$-32,$66,$41,$25,$25,$160,$67,$98,$182,184,$0.90,$0.90,$800,$873,$0,$3028,$1167,$0,$5740,$111,$7416,$10444,$1987,$2189,$678,$3538,$5525,$254,$7199,$-55,$4919,$10444,$811,$230,$-102,$128,$11,$-16,$36,$-49,$29,$968,$-137,$0,$-1080,$0,$0,$0,$-8,$-1225,$-4,$608,$604,$-683,$-683,$-241,$-23,$-343,$-407,$31,$-241
24,2012-09-30,35.24,$29.12,1.21,$40.38,0.87,$8.32,4.24,$5.00,7.05,$3.28B,$1.28B,2.57,$2.19B,$5.21B,0.42,$7.52B,$2.88B,38.38%,$7.52B,$1.17B,15.56%,$7.52B,$1.17B,15.56%,$7.52B,$1.50B,19.97%,$7.52B,$1.05B,13.96%,$7.52B,$0.93B,12.36%,$0.93B,$5.21B,18.27%,$0.93B,$-0.18B,-931.33%,$0.93B,$9.91B,9.55%,$1.17B,$7.41B,16.07%,$2098,$1287,$810,$0,$452,$1739,$358,$-34,$324,$91,$233,$233,$241,$449,$358,$182,184,$1.33,$1.31,$794,$923,$0,$3277,$1114,$0,$5392,$124,$6633,$9910,$1276,$2192,$626,$3422,$4697,$254,$7101,$-7,$5213,$9910,$651,$261,$-9,$252,$-173,$-72,$32,$-21,$-213,$691,$-198,$0,$-354,$0,$0,$0,$-15,$-567,$-1,$0,$-1,$-356,$-356,$-179,$0,$-535,$-413,$24,$-179
25,2012-06-30,31.56,$27.95,1.13,$40.33,0.78,$8.39,3.76,$4.60,6.86,$3.21B,$1.26B,2.54,$2.19B,$5.11B,0.43,$7.56B,$2.88B,38.12%,$7.56B,$1.14B,15.10%,$7.56B,$1.14B,15.10%,$7.56B,$1.47B,19.40%,$7.56B,$1.03B,13.57%,$7.56B,$0.86B,11.38%,$0.86B,$5.11B,17.19%,$0.86B,$-0.28B,-790.80%,$0.86B,$9.80B,8.93%,$1.14B,$7.30B,15.87%,$2038,$1261,$777,$0,$466,$1727,$311,$-30,$281,$76,$205,$205,$214,$401,$311,$183,186,$1.17,$1.15,$786,$921,$0,$3205,$1086,$0,$5392,$118,$6599,$9804,$1262,$2192,$636,$3432,$4694,$253,$6924,$-100,$5110,$9804,$410,$171,$-10,$161,$-94,$-75,$49,$-20,$-166,$405,$-135,$0,$-354,$0,$0,$0,$-21,$-510,$-0,$0,$-0,$-180,$-180,$-116,$0,$-295,$-421,$16,$-116
26,2012-03-31,36.86,$27.72,1.33,$39.87,0.92,$8.02,4.6,$4.77,7.73,$3.24B,$1.21B,2.69,$2.19B,$5.09B,0.43,$7.51B,$2.88B,38.32%,$7.51B,$1.16B,15.41%,$7.51B,$1.16B,15.41%,$7.51B,$1.46B,19.45%,$7.51B,$1.04B,13.87%,$7.51B,$0.90B,11.93%,$0.90B,$5.09B,18.09%,$0.90B,$-0.18B,3446.15%,$0.90B,$9.70B,9.38%,$1.16B,$7.28B,16.22%,$1955,$1209,$746,$0,$454,$1663,$292,$-32,$260,$74,$186,$186,$196,$373,$292,$184,187,$1.07,$1.05,$900,$880,$0,$3239,$1069,$0,$5267,$120,$6460,$9699,$1206,$2192,$637,$3403,$4609,$251,$6767,$-6,$5090,$9699,$196,$81,$-3,$78,$-43,$-37,$19,$-2,$-113,$161,$-66,$0,$-297,$0,$0,$0,$0,$-363,$-0,$0,$-0,$-29,$-29,$-58,$0,$-87,$-307,$9,$-58
27,2011-12-31,33.83,$26.86,1.26,$38.93,0.87,$7.87,4.3,$4.75,7.12,$3.25B,$1.14B,2.85,$2.19B,$4.93B,0.44,$7.37B,$2.85B,38.60%,$7.37B,$1.12B,15.25%,$7.37B,$1.12B,15.25%,$7.37B,$1.41B,19.19%,$7.37B,$1.01B,13.72%,$7.37B,$0.90B,12.14%,$0.90B,$4.93B,18.39%,$0.90B,$0.24B,1052.94%,$0.90B,$9.50B,9.46%,$1.12B,$7.12B,15.94%,$1424,$873,$551,$0,$342,$1215,$208,$-24,$184,$48,$136,$136,$278,$278,$208,$186,189,$1.51,$1.48,$1207,$734,$0,$3248,$971,$0,$4691,$103,$6252,$9501,$1140,$2186,$619,$3430,$4570,$251,$6629,$-48,$4931,$9501,$895,$290,$-30,$261,$-124,$-56,$83,$-61,$-207,$949,$-253,$0,$-865,$124,$0,$124,$-18,$-1012,$386,$-15,$371,$-203,$-203,$-219,$0,$-51,$19,$25,$-219
28,2011-09-30,26.99,$26.32,1.03,$36.35,0.74,$7.77,3.47,$4.30,6.28,$3.29B,$1.29B,2.56,$2.19B,$4.88B,0.45,$6.88B,$2.73B,39.59%,$6.88B,$1.08B,15.66%,$6.88B,$1.08B,15.66%,$6.88B,$1.35B,19.57%,$6.88B,$0.96B,14.01%,$6.88B,$0.82B,11.84%,$0.82B,$4.88B,17.10%,$0.82B,$-0.22B,452.15%,$0.82B,$9.51B,8.83%,$1.08B,$7.07B,15.73%,$2139,$1332,$806,$0,$477,$1809,$330,$-30,$300,$76,$223,$223,$172,$414,$330,$186,188,$0.93,$0.91,$917,$849,$0,$3293,$993,$0,$5094,$110,$6220,$9513,$1287,$2186,$608,$3347,$4634,$251,$6409,$17,$4879,$9513,$617,$220,$61,$281,$-203,$-66,$103,$-27,$-198,$699,$-181,$0,$-1065,$106,$0,$106,$0,$-1140,$388,$-15,$373,$-93,$-93,$-161,$0,$119,$-272,$20,$-161
29,2011-06-30,39.06,$26.41,1.48,$34.56,1.13,$6.96,5.61,$4.58,8.53,$3.75B,$1.26B,2.97,$2.19B,$4.91B,0.45,$6.55B,$2.61B,39.87%,$6.55B,$1.04B,15.90%,$6.55B,$1.04B,15.90%,$6.55B,$1.28B,19.48%,$6.55B,$0.92B,14.07%,$6.55B,$0.87B,13.24%,$0.87B,$4.91B,18.69%,$0.87B,$0.26B,323.81%,$0.87B,$9.48B,9.70%,$1.04B,$7.10B,15.71%,$1995,$1219,$776,$0,$448,$1667,$328,$-30,$298,$59,$239,$239,$250,$396,$328,$186,190,$1.34,$1.32,$1397,$883,$0,$3753,$937,$0,$4655,$114,$5729,$9482,$1264,$2186,$594,$3305,$4569,$250,$6295,$141,$4913,$9482,$445,$136,$-18,$118,$-169,$-87,$91,$-4,$-240,$323,$-119,$0,$-420,$106,$0,$106,$0,$-432,$389,$31,$420,$-64,$-64,$-103,$0,$253,$211,$14,$-103
30,2011-03-31,37.71,$25.43,1.48,$33.51,1.13,$7.17,5.26,$4.16,9.06,$3.59B,$1.27B,2.82,$2.19B,$4.74B,0.46,$6.34B,$2.52B,39.81%,$6.34B,$0.98B,15.43%,$6.34B,$0.98B,15.43%,$6.34B,$1.21B,19.09%,$6.34B,$0.87B,13.66%,$6.34B,$0.79B,12.42%,$0.79B,$4.74B,17.75%,$0.79B,$0.06B,464.99%,$0.79B,$9.36B,9.16%,$0.98B,$6.93B,15.47%,$1812,$1100,$712,$0,$453,$1554,$258,$-30,$229,$54,$175,$175,$195,$326,$258,$187,190,$1.04,$1.03,$1378,$845,$0,$3591,$906,$0,$4685,$113,$5769,$9360,$1274,$2186,$613,$3342,$4616,$250,$6097,$122,$4744,$9360,$195,$68,$-18,$49,$-79,$-60,$96,$-8,$-127,$118,$-48,$0,$-419,$124,$0,$124,$0,$-343,$389,$23,$412,$-9,$-9,$-51,$0,$351,$190,$8,$-51
31,2010-12-31,33.38,$24.27,1.38,$32.41,1.03,$7.08,4.72,$3.71,9.0,$3.13B,$1.15B,2.74,$1.79B,$4.53B,0.4,$6.11B,$2.42B,39.66%,$6.11B,$0.92B,15.11%,$6.11B,$0.92B,15.11%,$6.11B,$1.15B,18.87%,$6.11B,$0.81B,13.32%,$6.11B,$0.70B,11.46%,$0.70B,$4.53B,16.43%,$0.70B,$0.62B,668.26%,$0.70B,$8.56B,8.48%,$0.92B,$6.32B,15.23%,$937,$506,$431,$0,$269,$775,$162,$-26,$137,$30,$107,$107,$198,$211,$162,$187,189,$1.06,$1.03,$1311,$658,$0,$3132,$786,$0,$3907,$108,$5427,$8559,$1145,$1791,$562,$2887,$4032,$249,$5953,$50,$4527,$8559,$700,$229,$8,$238,$-147,$-89,$79,$-50,$-107,$830,$-153,$0,$-100,$87,$0,$87,$0,$-166,$-76,$15,$-61,$-44,$-44,$-200,$0,$-305,$469,$20,$-200
32,2010-09-30,29.67,$23.42,1.27,$33.21,0.89,$6.99,4.24,$3.20,9.27,$3.10B,$1.20B,2.59,$1.79B,$4.38B,0.41,$6.25B,$2.47B,39.55%,$6.25B,$0.93B,14.87%,$6.25B,$0.93B,14.87%,$6.25B,$1.15B,18.39%,$6.25B,$0.82B,13.14%,$6.25B,$0.60B,9.62%,$0.60B,$4.38B,14.48%,$0.60B,$0.14B,-575.12%,$0.60B,$8.35B,7.43%,$0.93B,$6.17B,15.59%,$1802,$1111,$691,$0,$398,$1509,$293,$-36,$257,$37,$219,$219,$224,$342,$293,$187,189,$1.20,$1.19,$1081,$725,$0,$3103,$840,$0,$4241,$106,$5251,$8354,$1199,$1790,$529,$2779,$3978,$249,$5806,$25,$4375,$8354,$502,$181,$18,$199,$-287,$-149,$124,$-23,$-222,$479,$-113,$0,$-41,$-7,$0,$-7,$0,$-160,$-76,$48,$-28,$-18,$-18,$-149,$0,$-194,$152,$17,$-149
33,2010-06-30,23.61,$21.89,1.08,$31.70,0.74,$7.65,3.09,$2.59,9.11,$2.85B,$1.26B,2.26,$1.79B,$4.09B,0.44,$5.95B,$2.34B,39.33%,$5.95B,$0.82B,13.73%,$5.95B,$0.82B,13.73%,$5.95B,$1.05B,17.68%,$5.95B,$0.72B,12.09%,$5.95B,$0.48B,8.14%,$0.48B,$4.09B,11.90%,$0.48B,$-0.14B,-282.22%,$0.48B,$8.08B,6.09%,$0.82B,$5.88B,13.87%,$1787,$1098,$689,$0,$424,$1522,$265,$-22,$243,$71,$172,$172,$170,$331,$265,$187,189,$0.91,$0.90,$974,$672,$0,$2846,$820,$0,$4222,$114,$5237,$8083,$1260,$1791,$551,$2738,$3998,$248,$5634,$-85,$4085,$8083,$278,$132,$-8,$124,$-228,$-114,$152,$8,$-83,$318,$-75,$0,$-5,$-46,$0,$-46,$0,$-127,$-17,$30,$13,$-22,$-22,$-97,$0,$-105,$24,$13,$-97
34,2010-03-31,26.25,$21.72,1.21,$29.70,0.88,$7.74,3.39,$2.21,11.88,$2.76B,$1.19B,2.32,$1.83B,$4.06B,0.45,$5.55B,$2.14B,38.61%,$5.55B,$0.68B,12.24%,$5.55B,$0.68B,12.24%,$5.55B,$0.91B,16.44%,$5.55B,$0.58B,10.42%,$5.55B,$0.41B,7.41%,$0.41B,$4.06B,10.22%,$0.41B,$-0.20B,-200.73%,$0.41B,$8.03B,5.24%,$0.68B,$5.88B,11.60%,$1583,$971,$612,$0,$409,$1380,$203,$-26,$177,$56,$121,$121,$108,$269,$203,$187,188,$0.58,$0.58,$1012,$620,$0,$2756,$823,$0,$4256,$112,$5271,$8027,$1186,$1825,$546,$2784,$3970,$248,$5512,$1,$4057,$8027,$108,$66,$-3,$63,$-128,$-55,$88,$5,$-84,$87,$-36,$0,$6,$-118,$0,$-118,$0,$-148,$0,$128,$128,$-9,$-9,$-49,$0,$70,$-24,$7,$-49
35,2009-12-31,23.23,$21.85,1.06,$28.68,0.81,$7.94,2.92,$1.92,12.1,$2.52B,$0.97B,2.6,$1.83B,$4.08B,0.45,$5.34B,$2.01B,37.65%,$5.34B,$0.59B,11.06%,$5.34B,$0.59B,11.06%,$5.34B,$0.82B,15.38%,$5.34B,$0.50B,9.26%,$5.34B,$0.36B,6.66%,$0.36B,$4.08B,9.01%,$0.36B,$-0.22B,-139.74%,$0.36B,$7.88B,4.61%,$0.59B,$5.91B,10.21%,$1075,$596,$479,$0,$312,$907,$168,$-24,$144,$40,$104,$104,$99,$207,$168,$186,187,$0.53,$0.53,$938,$571,$0,$2523,$829,$0,$4301,$113,$5360,$7882,$969,$1825,$573,$2830,$3799,$247,$5453,$85,$4084,$7882,$356,$231,$89,$320,$119,$80,$-20,$-57,$67,$743,$-91,$0,$-218,$58,$0,$58,$0,$-252,$-32,$-193,$-225,$27,$27,$-190,$0,$-388,$167,$17,$-190
36,2009-09-30,21.51,$21.70,0.99,$32.04,0.67,$8.93,2.41,$2.04,10.54,$2.59B,$0.94B,2.75,$1.83B,$4.04B,0.45,$6.00B,$2.14B,35.69%,$6.00B,$0.65B,10.91%,$6.00B,$0.65B,10.91%,$6.00B,$0.91B,15.16%,$6.00B,$0.57B,9.46%,$6.00B,$0.38B,6.30%,$0.38B,$4.04B,9.75%,$0.38B,$-0.13B,-124.24%,$0.38B,$7.77B,4.89%,$0.65B,$5.87B,11.42%,$1500,$941,$558,$0,$378,$1319,$180,$-25,$155,$47,$107,$107,$107,$244,$180,$186,186,$0.57,$0.57,$930,$567,$0,$2590,$843,$0,$4173,$114,$5183,$7772,$943,$1827,$576,$2788,$3732,$247,$5402,$123,$4040,$7772,$257,$192,$27,$219,$109,$93,$-23,$-8,$78,$554,$-70,$0,$-42,$-44,$0,$-44,$0,$-156,$-34,$-193,$-227,$5,$5,$-141,$0,$-363,$50,$15,$-141
37,2009-06-30,18.23,$20.97,0.87,$34.47,0.53,$9.60,1.9,$2.46,7.41,$2.48B,$1.00B,2.48,$1.85B,$3.90B,0.47,$6.46B,$2.29B,35.38%,$6.46B,$0.74B,11.50%,$6.46B,$0.74B,11.50%,$6.46B,$1.00B,15.51%,$6.46B,$0.67B,10.34%,$6.46B,$0.46B,7.10%,$0.46B,$3.90B,11.93%,$0.46B,$-0.27B,-122.89%,$0.46B,$7.67B,5.83%,$0.74B,$5.75B,13.03%,$1390,$897,$493,$0,$365,$1262,$128,$-26,$102,$1,$101,$101,$97,$192,$128,$186,186,$0.52,$0.52,$836,$592,$0,$2480,$849,$0,$4174,$112,$5190,$7670,$1000,$1845,$534,$2766,$3767,$247,$5344,$50,$3904,$7670,$151,$128,$23,$150,$152,$59,$-27,$-44,$7,$307,$-50,$0,$-33,$131,$0,$131,$0,$48,$-15,$-92,$-107,$4,$4,$-93,$0,$-196,$146,$11,$-93
38,2009-03-31,14.41,$20.29,0.71,$37.56,0.38,$9.82,1.47,$2.65,5.44,$2.42B,$1.01B,2.39,$1.86B,$3.77B,0.49,$7.08B,$2.53B,35.76%,$7.08B,$0.91B,12.82%,$7.08B,$0.91B,12.82%,$7.08B,$1.17B,16.49%,$7.08B,$0.83B,11.73%,$7.08B,$0.50B,7.02%,$0.50B,$3.77B,12.88%,$0.50B,$-0.40B,-121.59%,$0.50B,$7.60B,6.18%,$0.91B,$5.64B,15.86%,$1379,$897,$482,$0,$367,$1264,$115,$-21,$94,$33,$61,$61,$53,$179,$115,$186,186,$0.29,$0.29,$763,$618,$0,$2416,$851,$0,$4172,$104,$5181,$7597,$1011,$1861,$560,$2812,$3823,$247,$5293,$-22,$3773,$7597,$53,$64,$14,$77,$127,$13,$-21,$-39,$-16,$115,$-27,$0,$0,$8,$0,$8,$0,$-19,$0,$-78,$-78,$1,$1,$-47,$0,$-123,$-47,$6,$-47
39,2008-12-31,17.82,$20.39,0.87,$39.80,0.45,$9.94,1.79,$3.12,5.71,$2.63B,$1.25B,2.1,$1.86B,$3.79B,0.49,$7.57B,$2.73B,36.08%,$7.57B,$1.03B,13.59%,$7.57B,$1.03B,13.59%,$7.57B,$1.29B,17.04%,$7.57B,$0.95B,12.51%,$7.57B,$0.59B,7.81%,$0.59B,$3.79B,15.10%,$0.59B,$-0.42B,-145.12%,$0.59B,$7.88B,7.21%,$1.03B,$5.65B,17.78%,$1727,$1120,$607,$0,$375,$1496,$231,$-15,$216,$46,$170,$170,$121,$294,$231,$188,189,$0.64,$0.65,$827,$636,$0,$2630,$872,$0,$4208,$104,$5253,$7883,$1254,$1861,$583,$2837,$4090,$247,$5286,$11,$3793,$7883,$591,$261,$170,$432,$36,$27,$-19,$-54,$-12,$1010,$-163,$0,$-11,$-279,$0,$-279,$0,$-453,$408,$-413,$-5,$-387,$-387,$-169,$0,$-561,$-59,$25,$-169
40,2008-09-30,21.75,$21.05,1.03,$40.08,0.54,$9.29,2.34,$3.41,6.38,$2.83B,$1.54B,1.84,$1.86B,$3.91B,0.48,$7.75B,$2.80B,36.11%,$7.75B,$1.06B,13.66%,$7.75B,$1.06B,13.66%,$7.75B,$1.32B,17.04%,$7.75B,$0.97B,12.49%,$7.75B,$0.66B,8.45%,$0.66B,$3.91B,16.58%,$0.66B,$-0.41B,-165.93%,$0.66B,$8.32B,7.95%,$1.06B,$5.78B,18.50%,$1966,$1261,$704,$0,$435,$1696,$269,$-13,$256,$66,$190,$190,$188,$337,$269,$186,188,$1.01,$1.00,$795,$696,$0,$2827,$896,$0,$4324,$170,$5490,$8316,$1537,$1861,$618,$2865,$4402,$247,$5218,$204,$3914,$8316,$470,$198,$77,$275,$-82,$-10,$49,$24,$-5,$740,$-127,$0,$-87,$-219,$0,$-219,$0,$-433,$411,$-232,$179,$-388,$-388,$-123,$0,$-332,$-30,$22,$-123
41,2008-06-30,25.81,$21.06,1.23,$38.82,0.66,$8.23,3.14,$3.27,7.89,$2.84B,$1.55B,1.83,$1.88B,$3.96B,0.48,$7.65B,$2.76B,36.12%,$7.65B,$1.06B,13.90%,$7.65B,$1.06B,13.90%,$7.65B,$1.32B,17.23%,$7.65B,$0.96B,12.55%,$7.65B,$0.64B,8.39%,$0.64B,$3.96B,16.26%,$0.64B,$-0.41B,-163.78%,$0.64B,$8.39B,7.88%,$1.06B,$5.84B,18.91%,$2011,$1271,$740,$0,$447,$1718,$293,$-29,$265,$78,$187,$187,$135,$358,$293,$189,191,$0.72,$0.71,$743,$709,$0,$2836,$913,$0,$4368,$174,$5551,$8387,$1546,$1879,$632,$2884,$4430,$246,$5077,$299,$3957,$8387,$282,$131,$66,$197,$-91,$-10,$48,$12,$-94,$386,$-80,$0,$-92,$0,$0,$0,$0,$-172,$428,$-176,$252,$-291,$-291,$-76,$0,$-115,$137,$14,$-76
42,2008-03-31,22.21,$21.05,1.05,$37.12,0.6,$7.83,2.84,$3.40,6.53,$2.65B,$1.32B,2.0,$1.90B,$3.99B,0.48,$7.46B,$2.68B,35.87%,$7.46B,$1.03B,13.83%,$7.46B,$1.03B,13.83%,$7.46B,$1.28B,17.18%,$7.46B,$0.93B,12.52%,$7.46B,$0.68B,9.10%,$0.68B,$3.99B,17.15%,$0.68B,$-0.39B,-183.39%,$0.68B,$8.20B,8.48%,$1.03B,$5.88B,18.67%,$1865,$1186,$680,$0,$444,$1630,$236,$-26,$210,$62,$148,$148,$147,$301,$236,$192,193,$0.76,$0.76,$636,$712,$0,$2653,$902,$0,$4380,$169,$5550,$8203,$1324,$1896,$624,$2893,$4217,$245,$4979,$284,$3987,$8203,$147,$65,$9,$74,$-11,$-15,$20,$-1,$-68,$154,$-41,$0,$-22,$0,$0,$0,$0,$-63,$594,$-500,$94,$-143,$-143,$-38,$0,$-87,$33,$8,$-38
43,2007-12-31,24.38,$20.34,1.2,$35.81,0.68,$7.34,3.32,$3.27,7.46,$2.55B,$1.68B,1.52,$1.45B,$3.95B,0.37,$7.32B,$2.62B,35.79%,$7.32B,$1.01B,13.74%,$7.32B,$1.01B,13.74%,$7.32B,$1.25B,17.07%,$7.32B,$0.91B,12.46%,$7.32B,$0.66B,9.03%,$0.66B,$3.95B,16.83%,$0.66B,$-0.37B,-168.09%,$0.66B,$8.07B,8.35%,$1.01B,$5.40B,18.64%,$1909,$1234,$675,$0,$414,$1647,$261,$-24,$237,$59,$178,$178,$185,$325,$261,$201,203,$0.94,$0.93,$606,$674,$0,$2545,$892,$0,$4311,$167,$5524,$8068,$1679,$1452,$619,$2443,$4122,$245,$4870,$218,$3946,$8068,$661,$244,$-9,$235,$-14,$61,$-9,$-39,$32,$928,$-149,$0,$-183,$0,$0,$0,$0,$-332,$-30,$347,$318,$-509,$-509,$-154,$0,$-346,$233,$26,$-154
44,2007-09-30,26.84,$19.67,1.36,$34.40,0.78,$7.00,3.84,$3.09,8.69,$2.50B,$1.62B,1.55,$1.45B,$3.91B,0.37,$7.05B,$2.50B,35.45%,$7.05B,$0.96B,13.61%,$7.05B,$0.96B,13.61%,$7.05B,$1.20B,16.95%,$7.05B,$0.87B,12.35%,$7.05B,$0.60B,8.44%,$0.60B,$3.91B,15.28%,$0.60B,$-0.40B,-148.29%,$0.60B,$7.95B,7.62%,$0.96B,$5.36B,17.89%,$1865,$1197,$668,$0,$396,$1592,$273,$-25,$248,$66,$182,$182,$175,$334,$273,$201,202,$0.87,$0.86,$446,$720,$0,$2495,$859,$0,$4307,$130,$5454,$7949,$1615,$1454,$516,$2426,$4041,$244,$4724,$134,$3908,$7949,$476,$180,$40,$220,$-102,$12,$19,$-33,$-138,$557,$-111,$0,$-143,$0,$0,$0,$0,$-255,$0,$192,$192,$-312,$-312,$-115,$0,$-235,$73,$21,$-115
45,2007-06-30,26.84,$19.54,1.37,$33.01,0.81,$7.00,3.83,$3.05,8.8,$2.43B,$1.36B,1.79,$1.47B,$4.00B,0.37,$6.79B,$2.41B,35.41%,$6.79B,$0.91B,13.44%,$6.79B,$0.91B,13.44%,$6.79B,$1.13B,16.68%,$6.79B,$0.83B,12.21%,$6.79B,$0.59B,8.66%,$0.59B,$4.00B,15.21%,$0.59B,$-0.32B,-212.85%,$0.59B,$7.81B,7.68%,$0.91B,$5.46B,17.08%,$1824,$1171,$654,$0,$392,$1562,$262,$-23,$239,$65,$175,$175,$172,$322,$262,$204,206,$0.84,$0.84,$410,$741,$0,$2433,$888,$0,$4321,$133,$5375,$7808,$1363,$1466,$535,$2448,$3810,$244,$4589,$79,$3998,$7808,$301,$118,$26,$144,$-52,$-12,$21,$-33,$-121,$324,$-75,$0,$-88,$0,$0,$0,$0,$-163,$-15,$-1,$-16,$-26,$-26,$-76,$0,$-117,$34,$14,$-76
46,2007-03-31,25.51,$18.88,1.35,$32.23,0.79,$6.85,3.72,$2.56,9.97,$2.45B,$1.48B,1.66,$1.48B,$3.86B,0.38,$6.63B,$2.37B,35.70%,$6.63B,$0.90B,13.58%,$6.63B,$0.90B,13.58%,$6.63B,$1.11B,16.70%,$6.63B,$0.82B,12.30%,$6.63B,$0.49B,7.36%,$0.49B,$3.86B,12.93%,$0.49B,$-0.49B,-367.61%,$0.49B,$7.85B,6.58%,$0.90B,$5.34B,17.23%,$1719,$1097,$622,$0,$413,$1510,$209,$-22,$188,$53,$134,$134,$129,$268,$209,$204,206,$0.63,$0.63,$444,$742,$0,$2451,$867,$0,$4345,$125,$5396,$7847,$1477,$1481,$534,$2511,$3987,$243,$4455,$60,$3860,$7847,$129,$58,$14,$72,$-33,$-20,$13,$-30,$-139,$62,$-42,$0,$-89,$0,$0,$0,$0,$-130,$0,$178,$178,$-3,$-3,$-38,$0,$137,$72,$8,$-38
47,2006-12-31,25.52,$18.65,1.37,$31.26,0.82,$7.24,3.53,$2.92,8.74,$2.24B,$1.45B,1.55,$1.48B,$3.81B,0.39,$6.42B,$2.29B,35.71%,$6.42B,$0.90B,14.07%,$6.42B,$0.90B,14.07%,$6.42B,$1.10B,17.12%,$6.42B,$0.82B,12.70%,$6.42B,$0.56B,8.77%,$0.56B,$3.81B,15.23%,$0.56B,$-0.40B,4330.77%,$0.56B,$7.63B,7.88%,$0.90B,$5.29B,17.66%,$1644,$1088,$556,$0,$340,$1428,$216,$-20,$196,$45,$150,$150,$119,$271,$216,$204,205,$0.59,$0.57,$375,$695,$0,$2239,$815,$0,$4208,$123,$5388,$7627,$1448,$1480,$405,$2368,$3816,$242,$4422,$49,$3811,$7627,$562,$196,$119,$315,$-48,$-6,$10,$-18,$14,$891,$-173,$0,$-671,$0,$0,$0,$0,$-844,$163,$65,$228,$45,$45,$-145,$0,$128,$188,$26,$-145
