,Date,Stock Price,Book Value per Share,Price to Book Ratio,TTM Sales per Share,Price to Sales Ratio,TTM FCF per Share,Price to FCF Ratio,TTM Net EPS,PE Ratio,Current Assets,Current Liabilities,Current Ratio,Long Term Debt,Shareholder's Equity_x,Debt to Equity Ratio,TTM Revenue_x,TTM Gross Profit,Gross Margin,TTM Revenue_y,TTM Operating Income,Operating Margin,TTM Revenue_x,TTM EBIT,EBIT Margin,TTM Revenue_y,TTM EBITDA,EBITDA Margin,TTM Revenue_x,TTM Pre-Tax Income,Pre-Tax Margin,TTM Revenue_y,TTM Net Income_x,Net Margin,TTM Net Income_y,Shareholder's Equity_y,Return on Equity,TTM Net Income_x,Tangible Equity,Return on Tangible Equity,TTM Net Income_y,Total Assets,Return on Assets,TTM Net Income,LT Investments & Debt,Return on Investment,revenue,cost-goods-sold,gross-profit,research-development-expenses,selling-general-administrative-expenses,operating-expenses,operating-income,total-non-operating-income-expense,pre-tax-income,total-provision-income-taxes,income-after-taxes,income-from-continuous-operations,net-income,ebitda,ebit,basic-shares-outstanding,shares-outstanding,eps-basic-net-earnings-per-share,eps-earnings-per-share-diluted,cash-on-hand,inventory,other-current-assets,total-current-assets,net-property-plant-equipment,long-term-investments,goodwill-intangible-assets-total,other-long-term-assets,total-long-term-assets,total-assets,total-current-liabilities,long-term-debt,other-non-current-liabilities,total-long-term-liabilities,total-liabilities,common-stock-net,retained-earnings-accumulated-deficit,comprehensive-income,total-share-holder-equity,total-liabilities-share-holders-equity,net-income-loss,total-depreciation-amortization-cash-flow,other-non-cash-items,total-non-cash-items,change-in-accounts-receivable,change-in-inventories,change-in-accounts-payable,change-in-assets-liabilities,total-change-in-assets-liabilities,cash-flow-from-operating-activities,net-change-in-property-plant-equipment,net-change-in-intangible-assets,net-acquisitions-divestitures,net-change-in-short-term-investments,net-change-in-long-term-investments,net-change-in-investments-total,investing-activities-other,cash-flow-from-investing-activities,net-long-term-debt,net-current-debt,debt-issuance-retirement-net-total,net-common-equity-issued-repurchased,net-total-equity-issued-repurchased,total-common-preferred-stock-dividends-paid,financial-activities-other,cash-flow-from-financial-activities,net-cash-flow,stock-based-compensation,common-stock-dividends-paid
0,2018-09-30,294.8,$-71.49,-4.12,$72.53,4.06,$14.42,20.44,$7.82,37.7,$0.61B,$0.38B,1.61,$3.44B,$-2.97B,-1.16,$3.24B,$1.17B,36.09%,$3.24B,$0.57B,17.46%,$3.24B,$0.57B,17.46%,$3.24B,$0.63B,19.31%,$3.24B,$0.43B,13.29%,$3.24B,$0.34B,10.58%,$0.34B,$-2.97B,-12.03%,$0.34B,$-2.99B,-11.96%,$0.34B,$0.91B,39.18%,$0.57B,$0.46B,132.86%,$786,$491,$295,$0,$163,$654,$132,$-33,$99,$15,$84,$84,$84,$146,$132,$42,43,$2.02,$1.95,$253,$41,$119,$606,$207,$0,$15,$22,$306,$912,$376,$3438,$72,$3509,$3886,$0,$-2973,$-4,$-2974,$912,$250,$42,$-11,$32,$0,$0,$0,$-20,$-20,$263,$-57,$0,$0,$0,$-50,$-50,$42,$-65,$310,$0,$310,$-420,$-420,$-47,$-15,$-172,$25,$16,$-47
1,2018-06-30,282.17,$-70.01,-4.03,$67.77,4.16,$13.61,20.73,$7.05,40.02,$0.68B,$0.38B,1.81,$3.44B,$-2.93B,-1.17,$3.10B,$1.07B,34.61%,$3.10B,$0.55B,17.77%,$3.10B,$0.55B,17.77%,$3.10B,$0.61B,19.81%,$3.10B,$0.42B,13.45%,$3.10B,$0.32B,10.16%,$0.32B,$-2.93B,-11.25%,$0.32B,$-2.95B,-11.19%,$0.32B,$0.96B,36.99%,$0.55B,$0.51B,137.49%,$779,$486,$294,$0,$167,$653,$126,$-35,$91,$14,$77,$77,$77,$143,$126,$42,44,$1.84,$1.78,$303,$40,$124,$683,$177,$0,$15,$17,$272,$955,$377,$3437,$69,$3506,$3884,$0,$-2927,$-3,$-2929,$955,$166,$29,$-2,$27,$0,$0,$0,$-39,$-39,$155,$-37,$0,$0,$0,$-35,$-35,$28,$-44,$319,$0,$319,$-315,$-315,$-24,$-11,$-30,$81,$11,$-24
2,2018-03-31,233.09,$-65.00,-3.59,$62.51,3.73,$12.67,18.4,$6.59,35.37,$0.54B,$0.39B,1.39,$3.12B,$-2.77B,-1.13,$2.95B,$0.97B,32.95%,$2.95B,$0.54B,18.24%,$2.95B,$0.54B,18.24%,$2.95B,$0.60B,20.17%,$2.95B,$0.42B,14.07%,$2.95B,$0.30B,10.31%,$0.30B,$-2.77B,-12.07%,$0.30B,$-2.79B,-12.00%,$0.30B,$0.80B,37.61%,$0.54B,$0.35B,146.20%,$785,$486,$300,$0,$166,$652,$133,$-30,$104,$15,$89,$89,$89,$146,$133,$43,44,$2.07,$2.00,$190,$41,$112,$536,$170,$0,$15,$17,$262,$798,$385,$3117,$67,$3184,$3569,$0,$-2769,$-3,$-2771,$798,$89,$12,$-1,$11,$0,$0,$0,$-16,$-16,$84,$-14,$0,$0,$0,$0,$0,$4,$-10,$-8,$0,$-8,$-97,$-97,$-0,$-2,$-108,$-34,$6,$-0
3,2017-12-31,188.12,$-63.76,-2.95,$57.37,3.28,$12.40,15.17,$5.85,32.16,$0.58B,$0.40B,1.46,$3.12B,$-2.74B,-1.14,$2.79B,$0.87B,31.05%,$2.79B,$0.52B,18.68%,$2.79B,$0.52B,18.68%,$2.79B,$0.58B,20.65%,$2.79B,$0.40B,14.41%,$2.79B,$0.28B,9.93%,$0.28B,$-2.74B,-12.10%,$0.28B,$-2.75B,-12.02%,$0.28B,$0.84B,34.88%,$0.52B,$0.39B,143.53%,$892,$611,$281,$0,$106,$716,$175,$-39,$137,$43,$93,$93,$93,$191,$175,$46,48,$2.15,$2.07,$228,$40,$120,$580,$170,$0,$15,$16,$257,$837,$398,$3121,$52,$3174,$3572,$0,$-2739,$-2,$-2735,$837,$278,$55,$-4,$52,$-23,$2,$0,$8,$9,$339,$-83,$0,$0,$0,$0,$0,$-66,$-149,$972,$0,$972,$-1058,$-1058,$-84,$-27,$-197,$-7,$21,$-84
4,2017-09-30,197.18,$-63.24,-3.12,$55.09,3.58,$11.71,16.84,$5.24,37.63,$0.59B,$0.40B,1.49,$3.13B,$-2.77B,-1.13,$2.72B,$0.84B,30.93%,$2.72B,$0.50B,18.30%,$2.72B,$0.50B,18.30%,$2.72B,$0.55B,20.25%,$2.72B,$0.38B,14.06%,$2.72B,$0.26B,9.46%,$0.26B,$-2.77B,-12.38%,$0.26B,$-2.78B,-12.28%,$0.26B,$0.82B,33.64%,$0.50B,$0.36B,149.25%,$644,$445,$198,$0,$81,$527,$117,$-33,$85,$28,$56,$56,$56,$134,$117,$46,48,$1.22,$1.18,$253,$37,$126,$593,$140,$0,$16,$16,$224,$816,$399,$3128,$55,$3183,$3582,$0,$-2766,$-1,$-2765,$816,$185,$39,$0,$40,$0,$0,$0,$4,$4,$228,$-39,$0,$0,$0,$0,$0,$0,$-39,$980,$0,$980,$-1009,$-1009,$-45,$-26,$-100,$90,$14,$-45
5,2017-06-30,209.56,$-37.37,-5.61,$53.11,3.95,$10.27,20.4,$5.02,41.74,$0.56B,$0.35B,1.6,$2.18B,$-1.80B,-1.21,$2.64B,$0.82B,30.92%,$2.64B,$0.48B,18.23%,$2.64B,$0.48B,18.23%,$2.64B,$0.53B,19.97%,$2.64B,$0.37B,14.13%,$2.64B,$0.25B,9.40%,$0.25B,$-1.80B,-13.27%,$0.25B,$-1.82B,-13.16%,$0.25B,$0.78B,34.01%,$0.48B,$0.38B,161.68%,$629,$436,$193,$0,$80,$516,$113,$-24,$89,$23,$66,$66,$66,$124,$113,$48,50,$1.37,$1.32,$214,$38,$116,$561,$138,$0,$16,$16,$221,$782,$352,$2181,$53,$2233,$2585,$0,$-1809,$-3,$-1803,$782,$128,$22,$-3,$19,$0,$0,$0,$-35,$-35,$113,$-25,$0,$0,$0,$0,$0,$0,$-25,$-10,$0,$-10,$-9,$-9,$-22,$-5,$-46,$42,$10,$-22
6,2017-03-31,182.18,$-38.55,-4.73,$51.33,3.55,$9.39,19.4,$4.68,38.93,$0.53B,$0.37B,1.43,$2.18B,$-1.85B,-1.18,$2.56B,$0.80B,31.09%,$2.56B,$0.47B,18.46%,$2.56B,$0.47B,18.46%,$2.56B,$0.52B,20.22%,$2.56B,$0.36B,14.20%,$2.56B,$0.23B,9.03%,$0.23B,$-1.85B,-12.18%,$0.23B,$-1.87B,-12.08%,$0.23B,$0.74B,33.15%,$0.47B,$0.33B,177.61%,$624,$430,$194,$0,$78,$508,$116,$-26,$91,$28,$62,$62,$62,$127,$116,$48,50,$1.31,$1.26,$218,$38,$105,$529,$138,$0,$16,$16,$214,$742,$369,$2179,$47,$2227,$2596,$0,$-1852,$-3,$-1854,$742,$62,$11,$5,$16,$0,$0,$0,$-2,$-2,$77,$-12,$0,$0,$0,$0,$0,$1,$-11,$-10,$0,$-10,$-11,$-11,$-0,$-5,$-26,$39,$5,$-0
7,2016-12-31,157.02,$-39.15,-4.01,$49.29,3.19,$8.25,19.03,$4.31,36.43,$0.50B,$0.40B,1.23,$2.15B,$-1.88B,-1.14,$2.47B,$0.77B,31.07%,$2.47B,$0.46B,18.41%,$2.47B,$0.46B,18.41%,$2.47B,$0.50B,20.19%,$2.47B,$0.35B,13.96%,$2.47B,$0.21B,8.66%,$0.21B,$-1.88B,-11.47%,$0.21B,$-1.90B,-11.37%,$0.21B,$0.72B,29.87%,$0.46B,$0.27B,154.24%,$819,$565,$255,$0,$104,$669,$151,$-33,$117,$45,$73,$73,$73,$165,$151,$49,50,$1.52,$1.47,$169,$40,$118,$496,$139,$7,$16,$9,$220,$716,$404,$2149,$47,$2196,$2599,$0,$-1882,$-3,$-1883,$716,$215,$45,$-32,$13,$-19,$-3,$0,$3,$60,$287,$-54,$0,$0,$0,$0,$0,$53,$-1,$-59,$0,$-59,$-285,$-285,$-74,$42,$-376,$-91,$19,$-74
8,2016-09-30,149.38,$-40.27,-3.71,$46.23,3.23,$7.91,18.88,$4.01,37.25,$0.47B,$0.41B,1.15,$2.16B,$-1.94B,-1.11,$2.39B,$0.74B,31.08%,$2.39B,$0.44B,18.46%,$2.39B,$0.44B,18.46%,$2.39B,$0.49B,20.51%,$2.39B,$0.33B,13.62%,$2.39B,$0.20B,8.52%,$0.20B,$-1.94B,-11.06%,$0.20B,$-1.95B,-10.96%,$0.20B,$0.68B,27.66%,$0.44B,$0.22B,136.53%,$567,$393,$174,$0,$73,$466,$101,$-25,$76,$29,$47,$47,$47,$111,$101,$48,49,$0.98,$0.96,$154,$39,$115,$473,$133,$0,$16,$16,$204,$677,$411,$2157,$45,$2202,$2613,$0,$-1934,$-3,$-1936,$677,$142,$30,$-26,$4,$0,$0,$0,$17,$17,$163,$-38,$0,$0,$0,$0,$0,$60,$22,$-15,$0,$-15,$-272,$-272,$-38,$36,$-288,$-103,$12,$-38
9,2016-06-30,128.92,$-39.68,-3.25,$43.36,2.97,$7.95,16.21,$3.72,34.66,$0.45B,$0.36B,1.26,$2.17B,$-1.92B,-1.13,$2.31B,$0.71B,30.80%,$2.31B,$0.42B,18.25%,$2.31B,$0.42B,18.25%,$2.31B,$0.47B,20.29%,$2.31B,$0.31B,13.45%,$2.31B,$0.20B,8.43%,$0.20B,$-1.92B,-11.64%,$0.20B,$-1.93B,-11.53%,$0.20B,$0.65B,27.12%,$0.42B,$0.25B,125.41%,$547,$376,$172,$0,$68,$444,$104,$-25,$79,$29,$49,$49,$49,$114,$104,$49,50,$1.00,$0.98,$130,$36,$109,$450,$132,$0,$16,$16,$202,$652,$357,$2165,$45,$2210,$2567,$0,$-1913,$-3,$-1915,$652,$95,$20,$-24,$-4,$0,$0,$0,$-21,$-21,$69,$-25,$0,$0,$0,$0,$0,$75,$50,$-30,$0,$-30,$-213,$-213,$-19,$32,$-230,$-111,$9,$-19
10,2016-03-31,129.0,$-34.50,-3.74,$41.14,3.14,$8.70,14.83,$3.55,36.34,$0.63B,$0.33B,1.88,$2.17B,$-1.73B,-1.26,$2.25B,$0.69B,30.75%,$2.25B,$0.41B,18.19%,$2.25B,$0.41B,18.19%,$2.25B,$0.46B,20.23%,$2.25B,$0.31B,13.53%,$2.25B,$0.19B,8.52%,$0.19B,$-1.73B,-12.73%,$0.19B,$-1.75B,-12.60%,$0.19B,$0.82B,27.21%,$0.41B,$0.44B,119.01%,$539,$372,$167,$0,$69,$440,$99,$-26,$73,$27,$45,$45,$45,$109,$99,$50,51,$0.91,$0.89,$332,$39,$91,$626,$131,$0,$16,$16,$194,$821,$334,$2173,$44,$2217,$2551,$1,$-1778,$-3,$-1730,$821,$45,$10,$-23,$-13,$0,$0,$0,$-16,$-16,$17,$-9,$0,$0,$0,$0,$0,$26,$17,$-27,$0,$-27,$9,$9,$-0,$29,$10,$45,$5,$-0
11,2015-12-31,108.52,$-36.12,-3.0,$39.42,2.75,$10.01,10.84,$3.47,31.27,$0.60B,$0.38B,1.6,$2.18B,$-1.80B,-1.21,$2.22B,$0.68B,30.81%,$2.22B,$0.41B,18.27%,$2.22B,$0.41B,18.27%,$2.22B,$0.45B,20.30%,$2.22B,$0.31B,13.80%,$2.22B,$0.19B,8.71%,$0.19B,$-1.80B,-14.00%,$0.19B,$-1.82B,-13.84%,$0.19B,$0.80B,29.26%,$0.41B,$0.38B,129.70%,$741,$510,$231,$0,$93,$603,$138,$-40,$98,$35,$63,$63,$63,$157,$138,$54,56,$1.21,$1.18,$314,$37,$99,$603,$132,$6,$16,$9,$197,$800,$376,$2181,$43,$2224,$2600,$0,$-1804,$-4,$-1800,$800,$193,$45,$2,$47,$-15,$-2,$0,$0,$52,$292,$-51,$0,$0,$0,$0,$0,$-59,$-109,$741,$0,$741,$-734,$-734,$-80,$-7,$-81,$103,$18,$-80
12,2015-09-30,104.96,$-22.98,-4.57,$37.37,2.81,$7.97,13.17,$3.14,33.43,$0.40B,$0.28B,1.45,$1.53B,$-1.26B,-1.22,$2.12B,$0.64B,30.30%,$2.12B,$0.37B,17.46%,$2.12B,$0.37B,17.46%,$2.12B,$0.41B,19.49%,$2.12B,$0.28B,13.40%,$2.12B,$0.18B,8.40%,$0.18B,$-1.26B,-14.43%,$0.18B,$-1.27B,-14.24%,$0.18B,$0.60B,29.25%,$0.37B,$0.27B,128.81%,$485,$343,$142,$0,$61,$404,$81,$-20,$61,$23,$38,$38,$38,$89,$81,$54,56,$0.69,$0.67,$124,$40,$96,$404,$119,$0,$16,$18,$199,$603,$279,$1528,$48,$1580,$1859,$1,$-1254,$-3,$-1256,$603,$130,$27,$-4,$23,$0,$0,$0,$16,$16,$167,$-23,$0,$0,$0,$0,$0,$31,$8,$-0,$0,$-0,$-134,$-134,$-48,$8,$-174,$2,$11,$-48
13,2015-06-30,109.99,$-22.68,-4.85,$36.62,3.0,$7.06,15.57,$3.10,35.48,$0.41B,$0.27B,1.5,$1.53B,$-1.25B,-1.23,$2.08B,$0.63B,30.47%,$2.08B,$0.37B,17.59%,$2.08B,$0.37B,17.59%,$2.08B,$0.41B,19.65%,$2.08B,$0.28B,13.46%,$2.08B,$0.18B,8.46%,$0.18B,$-1.25B,-14.19%,$0.18B,$-1.26B,-14.01%,$0.18B,$0.60B,30.06%,$0.37B,$0.28B,130.83%,$489,$336,$153,$0,$60,$396,$92,$-19,$73,$27,$46,$46,$46,$101,$92,$55,57,$0.84,$0.81,$123,$36,$90,$405,$117,$0,$16,$15,$193,$598,$269,$1527,$44,$1574,$1844,$1,$-1243,$-3,$-1246,$598,$92,$18,$-2,$16,$0,$0,$0,$-3,$-3,$104,$-11,$0,$0,$0,$0,$0,$26,$14,$-0,$0,$-0,$-96,$-96,$-31,$4,$-123,$-5,$8,$-31
14,2015-03-31,97.26,$-21.99,-4.42,$35.87,2.71,$6.26,15.55,$2.96,32.86,$0.45B,$0.28B,1.62,$1.53B,$-1.21B,-1.26,$2.04B,$0.62B,30.17%,$2.04B,$0.36B,17.38%,$2.04B,$0.36B,17.38%,$2.04B,$0.40B,19.44%,$2.04B,$0.27B,13.17%,$2.04B,$0.17B,8.23%,$0.17B,$-1.21B,-13.43%,$0.17B,$-1.23B,-13.25%,$0.17B,$0.64B,30.00%,$0.36B,$0.31B,132.59%,$502,$345,$157,$0,$63,$408,$94,$-20,$74,$28,$46,$46,$46,$103,$94,$55,57,$0.84,$0.81,$197,$38,$73,$446,$115,$0,$16,$15,$191,$637,$275,$1527,$45,$1575,$1851,$1,$-1218,$-3,$-1214,$637,$46,$9,$0,$9,$0,$0,$0,$30,$30,$85,$-1,$0,$0,$0,$0,$0,$1,$0,$-0,$0,$-0,$-28,$-28,$-14,$1,$-41,$44,$4,$-14
15,2014-12-31,90.8,$-21.95,-4.14,$34.98,2.6,$5.37,16.92,$2.86,31.75,$0.43B,$0.27B,1.61,$1.50B,$-1.22B,-1.23,$1.99B,$0.60B,29.89%,$1.99B,$0.35B,17.30%,$1.99B,$0.35B,17.30%,$1.99B,$0.39B,19.36%,$1.99B,$0.26B,12.99%,$1.99B,$0.16B,8.12%,$0.16B,$-1.22B,-12.81%,$0.16B,$-1.24B,-12.64%,$0.16B,$0.60B,30.47%,$0.35B,$0.28B,138.83%,$643,$453,$190,$0,$87,$540,$103,$-27,$76,$28,$48,$48,$48,$120,$103,$55,57,$0.88,$0.85,$152,$38,$78,$428,$114,$5,$16,$10,$168,$596,$266,$1501,$44,$1550,$1816,$1,$-1247,$-3,$-1219,$596,$163,$42,$-11,$30,$-13,$-12,$0,$2,$-1,$192,$-61,$0,$0,$0,$0,$0,$3,$-57,$-12,$0,$-12,$-73,$-73,$-53,$20,$-119,$16,$18,$-53
16,2014-09-30,74.01,$-23.30,-3.18,$33.50,2.21,$5.72,12.94,$2.79,26.53,$0.33B,$0.22B,1.51,$1.52B,$-1.28B,-1.19,$1.92B,$0.58B,30.19%,$1.92B,$0.34B,17.73%,$1.92B,$0.34B,17.73%,$1.92B,$0.37B,19.50%,$1.92B,$0.25B,13.24%,$1.92B,$0.16B,8.29%,$0.16B,$-1.28B,-12.40%,$0.16B,$-1.30B,-12.24%,$0.16B,$0.51B,30.93%,$0.34B,$0.24B,145.45%,$447,$313,$134,$0,$57,$370,$77,$-20,$57,$21,$36,$36,$36,$85,$77,$55,57,$0.65,$0.63,$105,$35,$60,$333,$100,$0,$16,$15,$178,$511,$220,$1524,$43,$1572,$1793,$1,$-1281,$-2,$-1282,$511,$115,$24,$1,$25,$0,$0,$0,$-19,$-19,$119,$-25,$0,$0,$0,$0,$0,$50,$25,$-12,$0,$-12,$-79,$-79,$-39,$3,$-128,$17,$12,$-39
17,2014-06-30,70.06,$-23.40,-2.99,$32.66,2.15,$5.59,12.53,$2.69,26.04,$0.32B,$0.22B,1.49,$1.52B,$-1.29B,-1.18,$1.88B,$0.57B,30.19%,$1.88B,$0.33B,17.60%,$1.88B,$0.33B,17.60%,$1.88B,$0.36B,19.36%,$1.88B,$0.24B,12.96%,$1.88B,$0.15B,8.21%,$0.15B,$-1.29B,-11.91%,$0.15B,$-1.31B,-11.76%,$0.15B,$0.50B,30.59%,$0.33B,$0.23B,148.48%,$450,$316,$135,$0,$53,$369,$81,$-20,$62,$23,$38,$38,$38,$89,$81,$55,57,$0.70,$0.67,$90,$34,$52,$321,$98,$0,$16,$14,$175,$496,$216,$1524,$42,$1569,$1785,$1,$-1288,$-2,$-1290,$496,$79,$16,$-4,$12,$0,$0,$0,$-29,$-29,$61,$-14,$0,$0,$0,$0,$0,$50,$36,$-12,$0,$-12,$-62,$-62,$-25,$4,$-96,$1,$8,$-25
18,2014-03-31,73.53,$-22.81,-3.22,$31.91,2.3,$5.76,12.76,$2.59,28.39,$0.35B,$0.24B,1.47,$1.51B,$-1.27B,-1.19,$1.84B,$0.56B,30.29%,$1.84B,$0.32B,17.56%,$1.84B,$0.32B,17.56%,$1.84B,$0.36B,19.30%,$1.84B,$0.23B,12.72%,$1.84B,$0.15B,8.10%,$0.15B,$-1.27B,-11.44%,$0.15B,$-1.29B,-11.30%,$0.15B,$0.52B,29.99%,$0.32B,$0.24B,151.82%,$454,$317,$137,$0,$53,$370,$84,$-20,$64,$23,$40,$40,$40,$92,$84,$55,57,$0.73,$0.71,$147,$34,$50,$354,$96,$0,$16,$13,$170,$524,$240,$1506,$42,$1553,$1793,$1,$-1270,$-3,$-1269,$524,$40,$8,$-4,$4,$0,$0,$0,$-8,$-8,$36,$-3,$0,$0,$0,$0,$0,$17,$14,$-6,$0,$-6,$-13,$-13,$-11,$4,$-26,$24,$4,$-11
19,2013-12-31,66.33,$-23.13,-2.87,$31.18,2.13,$5.93,11.19,$2.47,26.85,$0.35B,$0.26B,1.38,$1.51B,$-1.29B,-1.17,$1.80B,$0.55B,30.50%,$1.80B,$0.32B,17.47%,$1.80B,$0.32B,17.47%,$1.80B,$0.35B,19.19%,$1.80B,$0.23B,12.48%,$1.80B,$0.14B,7.93%,$0.14B,$-1.29B,-10.87%,$0.14B,$-1.31B,-10.73%,$0.14B,$0.53B,29.48%,$0.32B,$0.22B,153.47%,$567,$394,$173,$0,$75,$469,$98,$-27,$71,$26,$45,$45,$45,$108,$98,$55,58,$0.80,$0.79,$140,$30,$45,$352,$98,$3,$17,$9,$174,$525,$255,$1512,$41,$1561,$1815,$1,$-1289,$-2,$-1290,$525,$143,$32,$9,$41,$-12,$-0,$0,$1,$10,$194,$-40,$0,$0,$0,$5,$5,$-64,$-100,$-24,$0,$-24,$-88,$-88,$-34,$11,$-135,$-40,$22,$-34
20,2013-09-30,64.52,$-23.73,-2.72,$30.51,2.11,$5.81,11.11,$2.33,27.69,$0.30B,$0.23B,1.34,$1.52B,$-1.32B,-1.15,$1.78B,$0.54B,30.29%,$1.78B,$0.31B,17.17%,$1.78B,$0.31B,17.17%,$1.78B,$0.34B,18.92%,$1.78B,$0.21B,12.05%,$1.78B,$0.14B,7.66%,$0.14B,$-1.32B,-10.24%,$0.14B,$-1.34B,-10.12%,$0.14B,$0.47B,28.74%,$0.31B,$0.20B,152.50%,$404,$283,$121,$0,$54,$337,$67,$-20,$46,$16,$31,$31,$31,$74,$67,$55,57,$0.56,$0.53,$95,$30,$54,$302,$89,$0,$17,$13,$166,$469,$225,$1518,$40,$1565,$1791,$1,$-1321,$-2,$-1322,$469,$98,$22,$9,$31,$0,$0,$0,$-23,$-23,$105,$-17,$0,$0,$0,$0,$0,$-2,$-19,$-18,$0,$-18,$-71,$-71,$-23,$4,$-108,$-23,$15,$-23
21,2013-06-30,55.05,$-23.88,-2.31,$29.92,1.84,$5.81,9.48,$2.24,24.57,$0.30B,$0.23B,1.32,$1.52B,$-1.33B,-1.15,$1.75B,$0.53B,30.17%,$1.75B,$0.30B,17.14%,$1.75B,$0.30B,17.14%,$1.75B,$0.33B,18.86%,$1.75B,$0.21B,11.94%,$1.75B,$0.13B,7.49%,$0.13B,$-1.33B,-9.82%,$0.13B,$-1.35B,-9.71%,$0.13B,$0.47B,28.10%,$0.30B,$0.20B,149.81%,$414,$288,$126,$0,$52,$340,$74,$-20,$53,$20,$33,$33,$33,$81,$74,$55,58,$0.60,$0.57,$101,$28,$48,$303,$89,$0,$17,$13,$166,$469,$229,$1524,$40,$1569,$1798,$1,$-1327,$-2,$-1329,$469,$68,$14,$6,$21,$0,$0,$0,$-20,$-20,$67,$-10,$0,$0,$0,$0,$0,$2,$-8,$-12,$0,$-12,$-52,$-52,$-11,$3,$-73,$-14,$10,$-11
22,2013-03-31,48.53,$-23.53,-2.06,$29.11,1.67,$5.68,8.54,$2.14,22.68,$0.31B,$0.22B,1.38,$1.53B,$-1.32B,-1.16,$1.71B,$0.52B,30.20%,$1.71B,$0.29B,17.06%,$1.71B,$0.29B,17.06%,$1.71B,$0.32B,18.75%,$1.71B,$0.20B,11.74%,$1.71B,$0.13B,7.36%,$0.13B,$-1.32B,-9.38%,$0.13B,$-1.34B,-9.26%,$0.13B,$0.48B,27.68%,$0.29B,$0.21B,148.98%,$418,$288,$130,$0,$54,$342,$76,$-21,$55,$20,$34,$34,$34,$83,$76,$56,58,$0.62,$0.59,$136,$30,$33,$309,$90,$0,$17,$13,$168,$477,$224,$1530,$42,$1576,$1800,$1,$-1321,$-2,$-1323,$477,$34,$7,$8,$15,$0,$0,$0,$-0,$-0,$48,$-4,$0,$0,$0,$0,$0,$-0,$-4,$-6,$0,$-6,$-16,$-16,$-0,$-0,$-23,$20,$6,$-0
23,2012-12-31,40.92,$-23.72,-1.73,$28.38,1.44,$5.22,7.85,$1.90,21.54,$0.31B,$0.23B,1.34,$1.54B,$-1.34B,-1.15,$1.68B,$0.50B,29.90%,$1.68B,$0.28B,16.86%,$1.68B,$0.28B,16.86%,$1.68B,$0.32B,19.06%,$1.68B,$0.18B,10.78%,$1.68B,$0.11B,6.73%,$0.11B,$-1.34B,-8.34%,$0.11B,$-1.35B,-8.25%,$0.11B,$0.48B,23.24%,$0.28B,$0.20B,147.78%,$540,$379,$161,$0,$73,$452,$88,$-28,$60,$23,$38,$38,$38,$98,$88,$56,59,$0.67,$0.65,$115,$31,$38,$306,$91,$2,$17,$9,$172,$478,$229,$1536,$41,$1584,$1814,$1,$-1335,$-2,$-1336,$478,$112,$38,$6,$44,$-6,$-1,$0,$3,$21,$176,$-26,$0,$0,$0,$0,$0,$34,$7,$109,$0,$109,$-79,$-79,$-185,$-22,$-177,$5,$18,$-185
24,2012-09-30,35.43,$-23.67,-1.5,$27.37,1.29,$4.86,7.29,$1.78,19.9,$0.27B,$0.20B,1.37,$1.54B,$-1.35B,-1.15,$1.64B,$0.49B,29.62%,$1.64B,$0.27B,16.51%,$1.64B,$0.27B,16.51%,$1.64B,$0.31B,18.83%,$1.64B,$0.17B,10.30%,$1.64B,$0.11B,6.46%,$0.11B,$-1.35B,-8.01%,$0.11B,$-1.36B,-7.92%,$0.11B,$0.44B,21.77%,$0.27B,$0.20B,134.49%,$378,$267,$111,$0,$50,$316,$62,$-21,$41,$15,$26,$26,$26,$68,$62,$56,59,$0.46,$0.44,$95,$27,$36,$272,$87,$0,$17,$15,$169,$441,$198,$1543,$38,$1588,$1786,$1,$-1345,$-2,$-1346,$441,$75,$28,$8,$36,$0,$0,$0,$-10,$-10,$101,$-12,$0,$0,$0,$0,$0,$33,$21,$116,$0,$116,$-40,$-40,$-185,$-28,$-137,$-16,$12,$-185
25,2012-06-30,29.05,$-24.14,-1.2,$27.00,1.08,$4.58,6.34,$1.70,17.09,$0.26B,$0.20B,1.26,$1.55B,$-1.37B,-1.13,$1.64B,$0.48B,29.16%,$1.64B,$0.27B,16.17%,$1.64B,$0.27B,16.17%,$1.64B,$0.30B,18.55%,$1.64B,$0.16B,9.95%,$1.64B,$0.10B,6.22%,$0.10B,$-1.37B,-7.90%,$0.10B,$-1.39B,-7.80%,$0.10B,$0.43B,20.98%,$0.27B,$0.18B,126.34%,$376,$262,$115,$0,$49,$310,$66,$-21,$45,$17,$28,$28,$28,$72,$66,$57,59,$0.50,$0.47,$70,$27,$36,$255,$88,$0,$17,$15,$170,$425,$202,$1549,$37,$1592,$1794,$1,$-1367,$-2,$-1369,$425,$49,$21,$5,$26,$0,$0,$0,$-17,$-17,$58,$-7,$0,$0,$0,$0,$0,$34,$27,$122,$0,$122,$-35,$-35,$-185,$-26,$-124,$-40,$8,$-185
26,2012-03-31,34.11,$-23.59,-1.45,$26.76,1.27,$4.35,7.85,$1.63,20.93,$0.43B,$0.37B,1.16,$1.56B,$-1.37B,-1.14,$1.65B,$0.47B,28.76%,$1.65B,$0.26B,15.84%,$1.65B,$0.26B,15.84%,$1.65B,$0.30B,18.20%,$1.65B,$0.16B,9.65%,$1.65B,$0.10B,6.01%,$0.10B,$-1.37B,-7.97%,$0.10B,$-1.38B,-7.87%,$0.10B,$0.60B,19.73%,$0.26B,$0.19B,111.06%,$385,$270,$115,$0,$48,$318,$67,$-32,$35,$14,$21,$21,$21,$82,$67,$57,60,$0.36,$0.35,$262,$27,$31,$428,$90,$0,$17,$15,$173,$601,$369,$1555,$37,$1598,$1967,$1,$-1364,$-2,$-1366,$601,$21,$15,$3,$18,$0,$0,$0,$-18,$-18,$20,$-3,$0,$0,$0,$0,$0,$46,$42,$128,$0,$128,$1,$1,$0,$-27,$103,$164,$4,$0
27,2011-12-31,29.49,$-20.95,-1.41,$26.56,1.11,$4.50,6.56,$1.71,17.25,$0.33B,$0.20B,1.66,$1.45B,$-1.21B,-1.2,$1.65B,$0.47B,28.51%,$1.65B,$0.26B,15.68%,$1.65B,$0.26B,15.68%,$1.65B,$0.29B,17.55%,$1.65B,$0.17B,10.17%,$1.65B,$0.11B,6.36%,$0.11B,$-1.21B,-8.81%,$0.11B,$-1.23B,-8.68%,$0.11B,$0.48B,22.19%,$0.26B,$0.24B,100.19%,$502,$357,$145,$0,$69,$426,$76,$-28,$48,$17,$31,$31,$31,$87,$76,$59,62,$0.54,$0.52,$143,$31,$36,$327,$92,$2,$17,$9,$154,$481,$197,$1450,$38,$1493,$1690,$1,$-1208,$-2,$-1210,$481,$105,$30,$4,$34,$-6,$-5,$0,$3,$13,$153,$-18,$0,$0,$0,$0,$0,$-9,$-27,$-1,$0,$-1,$-115,$-115,$0,$-7,$-123,$2,$14,$0
28,2011-09-30,23.67,$-20.98,-1.13,$26.31,0.9,$4.05,5.85,$1.58,14.98,$0.29B,$0.17B,1.69,$1.45B,$-1.22B,-1.19,$1.63B,$0.46B,28.34%,$1.63B,$0.25B,15.34%,$1.63B,$0.25B,15.34%,$1.63B,$0.28B,17.30%,$1.63B,$0.16B,9.69%,$1.63B,$0.10B,6.01%,$0.10B,$-1.22B,-8.22%,$0.10B,$-1.24B,-8.10%,$0.10B,$0.44B,20.93%,$0.25B,$0.23B,96.71%,$376,$273,$103,$0,$48,$320,$56,$-21,$35,$13,$22,$22,$22,$63,$56,$59,62,$0.37,$0.36,$115,$26,$33,$289,$90,$0,$17,$14,$149,$438,$171,$1451,$38,$1489,$1659,$1,$-1219,$-3,$-1221,$438,$74,$20,$9,$28,$0,$0,$0,$-20,$-20,$85,$-8,$0,$0,$0,$0,$0,$2,$-6,$-1,$0,$-1,$-101,$-101,$0,$6,$-95,$-16,$9,$0
29,2011-06-30,21.93,$-19.27,-1.14,$25.95,0.84,$3.92,5.59,$1.49,14.71,$0.34B,$0.17B,1.97,$1.45B,$-1.17B,-1.24,$1.60B,$0.45B,28.29%,$1.60B,$0.24B,15.12%,$1.60B,$0.24B,15.12%,$1.60B,$0.27B,17.11%,$1.60B,$0.15B,9.37%,$1.60B,$0.09B,5.81%,$0.09B,$-1.17B,-7.76%,$0.09B,$-1.19B,-7.65%,$0.09B,$0.49B,19.99%,$0.24B,$0.28B,93.35%,$385,$274,$111,$0,$49,$323,$62,$-21,$41,$16,$25,$25,$25,$68,$62,$60,63,$0.42,$0.40,$158,$29,$32,$340,$92,$0,$17,$13,$147,$487,$172,$1451,$35,$1486,$1658,$1,$-1202,$-3,$-1171,$487,$52,$13,$1,$14,$0,$0,$0,$-24,$-24,$44,$-5,$0,$0,$0,$0,$0,$6,$1,$-0,$0,$-0,$-24,$-24,$0,$10,$-14,$31,$6,$0
30,2011-03-31,16.01,$-18.92,-0.85,$25.82,0.62,$3.96,4.04,$1.46,10.97,$0.34B,$0.17B,1.98,$1.45B,$-1.17B,-1.24,$1.58B,$0.44B,28.01%,$1.58B,$0.24B,14.89%,$1.58B,$0.24B,14.89%,$1.58B,$0.27B,16.86%,$1.58B,$0.14B,9.06%,$1.58B,$0.09B,5.77%,$0.09B,$-1.17B,-7.45%,$0.09B,$-1.19B,-7.35%,$0.09B,$0.49B,20.30%,$0.24B,$0.28B,96.11%,$389,$278,$112,$0,$46,$324,$65,$-21,$44,$17,$27,$27,$27,$72,$65,$59,62,$0.46,$0.43,$177,$30,$27,$339,$94,$0,$17,$13,$148,$487,$171,$1451,$33,$1484,$1655,$1,$-1227,$-3,$-1168,$487,$27,$7,$4,$11,$0,$0,$0,$-11,$-11,$28,$-1,$0,$0,$0,$0,$0,$1,$0,$-0,$0,$-0,$11,$11,$0,$5,$17,$45,$3,$0
31,2010-12-31,13.86,$-20.13,-0.69,$25.96,0.53,$4.00,3.47,$1.44,9.62,$0.31B,$0.19B,1.64,$1.45B,$-1.21B,-1.2,$1.57B,$0.44B,27.90%,$1.57B,$0.23B,14.52%,$1.57B,$0.23B,14.52%,$1.57B,$0.26B,16.56%,$1.57B,$0.14B,8.85%,$1.57B,$0.09B,5.67%,$0.09B,$-1.21B,-7.11%,$0.09B,$-1.23B,-7.02%,$0.09B,$0.46B,20.53%,$0.23B,$0.24B,99.13%,$480,$344,$136,$0,$69,$413,$67,$-30,$38,$14,$24,$24,$24,$79,$67,$58,61,$0.41,$0.40,$133,$27,$36,$305,$97,$1,$17,$8,$156,$461,$186,$1451,$34,$1485,$1671,$1,$-1254,$-3,$-1211,$461,$88,$32,$10,$42,$-3,$-2,$0,$4,$-1,$128,$-23,$0,$0,$0,$0,$0,$4,$-18,$-114,$0,$-114,$9,$9,$0,$1,$-104,$6,$13,$0
32,2010-09-30,11.48,$-20.68,-0.56,$26.07,0.44,$3.68,3.12,$1.46,7.87,$0.26B,$0.16B,1.65,$1.48B,$-1.24B,-1.19,$1.55B,$0.43B,27.75%,$1.55B,$0.23B,14.49%,$1.55B,$0.23B,14.49%,$1.55B,$0.26B,16.48%,$1.55B,$0.14B,8.95%,$1.55B,$0.09B,5.73%,$0.09B,$-1.24B,-6.96%,$0.09B,$-1.26B,-6.87%,$0.09B,$0.43B,20.61%,$0.23B,$0.23B,102.27%,$347,$253,$94,$0,$46,$299,$48,$-21,$27,$11,$17,$17,$17,$55,$48,$58,61,$0.28,$0.27,$117,$25,$25,$263,$97,$0,$17,$13,$162,$426,$159,$1475,$33,$1508,$1668,$1,$-1278,$-3,$-1242,$426,$64,$20,$5,$25,$0,$0,$0,$-8,$-8,$82,$-14,$0,$0,$0,$0,$0,$12,$-2,$-89,$0,$-89,$6,$6,$0,$-0,$-84,$-3,$9,$0
33,2010-06-30,9.82,$-21.33,-0.46,$25.57,0.38,$3.33,2.95,$1.50,6.54,$0.25B,$0.17B,1.53,$1.49B,$-1.26B,-1.18,$1.51B,$0.42B,27.83%,$1.51B,$0.22B,14.38%,$1.51B,$0.22B,14.38%,$1.51B,$0.25B,16.50%,$1.51B,$0.14B,9.41%,$1.51B,$0.09B,5.96%,$0.09B,$-1.26B,-6.89%,$0.09B,$-1.28B,-6.80%,$0.09B,$0.42B,20.63%,$0.22B,$0.22B,96.88%,$362,$262,$100,$0,$46,$308,$55,$-20,$34,$12,$23,$23,$23,$60,$55,$58,61,$0.39,$0.37,$107,$28,$21,$254,$98,$0,$17,$13,$164,$419,$166,$1485,$31,$1515,$1682,$1,$-1295,$-3,$-1263,$419,$47,$14,$3,$16,$0,$0,$0,$-14,$-14,$50,$-9,$0,$0,$0,$0,$0,$12,$3,$-70,$0,$-70,$4,$4,$0,$0,$-66,$-13,$6,$0
34,2010-03-31,11.85,$-21.83,-0.54,$25.09,0.47,$3.04,3.89,$1.38,8.59,$0.26B,$0.17B,1.56,$1.52B,$-1.29B,-1.17,$1.46B,$0.41B,27.73%,$1.46B,$0.20B,13.80%,$1.46B,$0.20B,13.80%,$1.46B,$0.24B,16.12%,$1.46B,$0.14B,9.22%,$1.46B,$0.08B,5.60%,$0.08B,$-1.29B,-6.15%,$0.08B,$-1.31B,-6.07%,$0.08B,$0.43B,18.34%,$0.20B,$0.23B,85.96%,$381,$273,$108,$0,$50,$324,$58,$-18,$40,$15,$25,$25,$25,$66,$58,$58,60,$0.42,$0.41,$114,$27,$22,$260,$100,$0,$17,$12,$168,$428,$167,$1515,$35,$1550,$1718,$1,$-1317,$-3,$-1290,$428,$25,$8,$-2,$6,$0,$0,$0,$2,$2,$32,$-4,$0,$0,$0,$0,$0,$6,$1,$-51,$0,$-51,$3,$3,$0,$0,$-48,$-14,$3,$0
35,2009-12-31,7.28,$-22.55,-0.32,$24.32,0.3,$2.73,2.67,$1.38,5.27,$0.28B,$0.22B,1.27,$1.52B,$-1.32B,-1.15,$1.41B,$0.39B,27.54%,$1.41B,$0.19B,13.45%,$1.41B,$0.19B,13.45%,$1.41B,$0.22B,15.87%,$1.41B,$0.14B,9.61%,$1.41B,$0.08B,5.77%,$0.08B,$-1.32B,-5.95%,$0.08B,$-1.34B,-5.88%,$0.08B,$0.45B,17.68%,$0.19B,$0.20B,77.46%,$463,$334,$129,$0,$65,$399,$64,$-25,$38,$15,$24,$24,$24,$75,$64,$57,58,$0.41,$0.41,$134,$26,$25,$279,$103,$1,$18,$9,$175,$454,$219,$1522,$33,$1555,$1775,$1,$-1342,$-4,$-1321,$454,$80,$34,$-18,$16,$-6,$-1,$0,$-4,$6,$101,$-19,$0,$0,$0,$0,$0,$-14,$-33,$-76,$0,$-76,$5,$5,$0,$-0,$-71,$-3,$17,$0
36,2009-09-30,7.68,$-23.11,-0.33,$23.66,0.32,$2.76,2.78,$1.16,6.62,$0.26B,$0.16B,1.68,$1.60B,$-1.35B,-1.19,$1.37B,$0.37B,26.79%,$1.37B,$0.18B,12.92%,$1.37B,$0.18B,12.92%,$1.37B,$0.21B,15.55%,$1.37B,$0.11B,8.25%,$1.37B,$0.07B,4.96%,$0.07B,$-1.35B,-4.91%,$0.07B,$-1.37B,-4.85%,$0.07B,$0.44B,14.76%,$0.18B,$0.25B,67.11%,$303,$220,$83,$0,$43,$262,$40,$-10,$30,$12,$18,$18,$18,$48,$40,$57,58,$0.31,$0.31,$136,$26,$22,$264,$103,$0,$18,$11,$180,$444,$157,$1600,$37,$1637,$1794,$1,$-1366,$-4,$-1350,$444,$56,$23,$-19,$4,$0,$0,$0,$-8,$-8,$55,$-10,$0,$0,$0,$0,$0,$-9,$-19,$-35,$0,$-35,$4,$4,$0,$-0,$-32,$3,$13,$0
37,2009-06-30,6.51,$-23.83,-0.27,$24.01,0.27,$2.86,2.27,$1.02,6.38,$0.27B,$0.16B,1.71,$1.64B,$-1.37B,-1.19,$1.39B,$0.36B,26.10%,$1.39B,$0.18B,12.72%,$1.39B,$0.18B,12.72%,$1.39B,$0.21B,15.38%,$1.39B,$0.10B,7.05%,$1.39B,$0.06B,4.31%,$0.06B,$-1.37B,-4.26%,$0.06B,$-1.39B,-4.21%,$0.06B,$0.46B,13.04%,$0.18B,$0.27B,65.98%,$317,$231,$86,$0,$46,$276,$40,$-13,$27,$13,$15,$15,$15,$47,$40,$57,58,$0.25,$0.25,$135,$25,$27,$272,$105,$0,$18,$12,$190,$462,$159,$1637,$38,$1676,$1835,$1,$-1383,$-5,$-1373,$462,$38,$16,$-13,$2,$0,$0,$0,$-13,$-13,$29,$-7,$0,$0,$0,$0,$0,$5,$-3,$-13,$0,$-13,$3,$3,$0,$0,$-10,$16,$10,$0
38,2009-03-31,5.69,$-24.35,-0.23,$24.21,0.23,$3.46,1.65,$1.09,5.22,$0.28B,$0.18B,1.56,$1.66B,$-1.40B,-1.19,$1.41B,$0.37B,25.92%,$1.41B,$0.19B,13.57%,$1.41B,$0.19B,13.57%,$1.41B,$0.23B,16.26%,$1.41B,$0.10B,7.10%,$1.41B,$0.06B,4.55%,$0.06B,$-1.40B,-4.49%,$0.06B,$-1.41B,-4.44%,$0.06B,$0.47B,13.88%,$0.19B,$0.26B,71.14%,$322,$233,$89,$0,$44,$277,$45,$-5,$40,$16,$24,$24,$24,$53,$45,$57,57,$0.42,$0.41,$134,$29,$32,$277,$106,$0,$18,$12,$196,$473,$178,$1657,$35,$1693,$1870,$1,$-1398,$-5,$-1397,$473,$24,$9,$-11,$-2,$0,$0,$0,$-10,$-10,$12,$-3,$0,$0,$0,$0,$0,$13,$10,$-1,$0,$-1,$1,$1,$0,$0,$0,$22,$3,$0
39,2008-12-31,4.09,$-25.00,-0.16,$24.24,0.17,$3.71,1.1,$0.91,4.5,$0.25B,$0.15B,1.7,$1.70B,$-1.43B,-1.2,$1.43B,$0.36B,25.54%,$1.43B,$0.20B,13.68%,$1.43B,$0.20B,13.68%,$1.43B,$0.24B,16.49%,$1.43B,$0.08B,5.89%,$1.43B,$0.05B,3.79%,$0.05B,$-1.43B,-3.76%,$0.05B,$-1.44B,-3.71%,$0.05B,$0.46B,11.84%,$0.20B,$0.28B,73.10%,$428,$319,$109,$0,$57,$376,$52,$-36,$16,$5,$11,$11,$11,$65,$52,$58,58,$0.19,$0.21,$124,$24,$20,$254,$108,$1,$18,$9,$210,$464,$150,$1704,$34,$1739,$1888,$1,$-1422,$-5,$-1425,$464,$54,$39,$-3,$37,$-3,$1,$0,$1,$-16,$75,$9,$0,$0,$0,$0,$0,$3,$12,$-15,$0,$-15,$-37,$-37,$0,$-1,$-54,$34,$9,$0
40,2008-09-30,10.55,$-25.31,-0.42,$23.90,0.44,$2.91,3.62,$0.98,10.76,$0.23B,$0.14B,1.6,$1.71B,$-1.44B,-1.19,$1.44B,$0.37B,25.43%,$1.44B,$0.20B,13.79%,$1.44B,$0.20B,13.79%,$1.44B,$0.24B,16.56%,$1.44B,$0.09B,6.24%,$1.44B,$0.06B,4.09%,$0.06B,$-1.44B,-4.09%,$0.06B,$-1.46B,-4.03%,$0.06B,$0.44B,12.88%,$0.20B,$0.27B,76.39%,$324,$245,$79,$0,$38,$283,$40,$-26,$15,$4,$10,$10,$10,$49,$40,$57,58,$0.18,$0.17,$91,$25,$20,$225,$112,$0,$18,$13,$216,$441,$141,$1705,$33,$1737,$1878,$1,$-1433,$-5,$-1437,$441,$43,$26,$-2,$24,$0,$0,$0,$-33,$-33,$39,$12,$0,$0,$0,$0,$0,$10,$22,$-15,$0,$-15,$-37,$-37,$0,$0,$-52,$9,$6,$0
41,2008-06-30,9.99,$-25.21,-0.4,$23.59,0.42,$2.93,3.41,$0.98,10.19,$0.24B,$0.17B,1.47,$1.71B,$-1.44B,-1.19,$1.46B,$0.37B,25.55%,$1.46B,$0.20B,13.94%,$1.46B,$0.20B,13.94%,$1.46B,$0.24B,16.69%,$1.46B,$0.09B,6.39%,$1.46B,$0.06B,4.12%,$0.06B,$-1.44B,-4.16%,$0.06B,$-1.46B,-4.10%,$0.06B,$0.47B,12.71%,$0.20B,$0.27B,77.63%,$334,$247,$88,$0,$34,$281,$54,$-25,$29,$10,$19,$19,$19,$62,$54,$58,59,$0.32,$0.32,$110,$22,$27,$244,$113,$0,$18,$13,$222,$466,$165,$1705,$34,$1739,$1904,$1,$-1433,$-5,$-1438,$466,$33,$17,$-3,$15,$0,$0,$0,$-6,$-6,$44,$14,$0,$0,$0,$0,$0,$9,$22,$-15,$0,$-15,$-25,$-25,$0,$0,$-40,$26,$4,$0
42,2008-03-31,11.72,$-24.89,-0.47,$23.16,0.51,$2.21,5.29,$0.70,16.74,$0.22B,$0.16B,1.36,$1.71B,$-1.45B,-1.18,$1.46B,$0.38B,25.72%,$1.46B,$0.19B,13.13%,$1.46B,$0.19B,13.13%,$1.46B,$0.26B,17.44%,$1.46B,$0.07B,4.51%,$1.46B,$0.04B,2.94%,$0.04B,$-1.45B,-2.98%,$0.04B,$-1.47B,-2.94%,$0.04B,$0.45B,9.07%,$0.19B,$0.25B,72.73%,$339,$251,$88,$0,$39,$290,$49,$-26,$24,$9,$14,$14,$14,$59,$49,$59,60,$0.24,$0.23,$86,$22,$21,$218,$118,$0,$20,$13,$235,$453,$160,$1705,$39,$1743,$1903,$1,$-1445,$-6,$-1451,$453,$14,$9,$-0,$9,$0,$0,$0,$-3,$-3,$20,$5,$0,$0,$0,$0,$0,$-1,$3,$-15,$0,$-15,$-17,$-17,$0,$0,$-32,$-8,$2,$0
43,2007-12-31,11.49,$-24.30,-0.47,$22.82,0.5,$1.85,6.2,$0.60,19.15,$0.23B,$0.18B,1.29,$1.71B,$-1.45B,-1.18,$1.46B,$0.38B,25.92%,$1.46B,$0.19B,13.27%,$1.46B,$0.19B,13.27%,$1.46B,$0.26B,18.06%,$1.46B,$0.06B,3.83%,$1.46B,$0.04B,2.53%,$0.04B,$-1.45B,-3.03%,$0.04B,$-1.47B,-2.98%,$0.04B,$0.47B,7.94%,$0.19B,$0.26B,75.63%,$446,$334,$112,$0,$56,$390,$56,$-35,$22,$5,$16,$16,$16,$69,$56,$62,64,$0.26,$0.25,$92,$25,$21,$227,$123,$2,$21,$11,$246,$473,$176,$1705,$43,$1748,$1923,$1,$-1445,$-6,$-1450,$473,$38,$70,$2,$72,$-2,$-2,$0,$-1,$-26,$84,$-42,$0,$0,$0,$13,$13,$-80,$-109,$978,$0,$978,$-44,$-44,$-897,$-38,$-2,$-27,$8,$-897
44,2007-09-30,14.41,$-23.15,-0.62,$22.57,0.64,$3.17,4.55,$0.83,17.36,$0.26B,$0.18B,1.46,$1.71B,$-1.43B,-1.19,$1.45B,$0.38B,26.40%,$1.45B,$0.20B,13.85%,$1.45B,$0.20B,13.85%,$1.45B,$0.27B,18.54%,$1.45B,$0.08B,5.58%,$1.45B,$0.05B,3.58%,$0.05B,$-1.43B,-5.21%,$0.05B,$-1.46B,-5.10%,$0.05B,$0.50B,11.74%,$0.20B,$0.27B,84.99%,$337,$253,$84,$0,$40,$294,$44,$-26,$18,$7,$11,$11,$11,$53,$44,$63,64,$0.18,$0.17,$115,$24,$24,$260,$109,$0,$21,$10,$237,$497,$178,$1705,$49,$1753,$1931,$1,$-1436,$-6,$-1434,$497,$22,$57,$2,$59,$0,$0,$0,$-16,$-16,$66,$-9,$0,$0,$0,$0,$0,$-108,$-117,$963,$0,$963,$-9,$-9,$-897,$-37,$20,$-31,$6,$-897
45,2007-06-30,15.87,$-22.83,-0.7,$22.45,0.71,$3.67,4.32,$1.05,15.11,$0.23B,$0.15B,1.59,$1.71B,$-1.43B,-1.19,$1.44B,$0.39B,26.72%,$1.44B,$0.21B,14.43%,$1.44B,$0.21B,14.43%,$1.44B,$0.28B,19.08%,$1.44B,$0.10B,6.94%,$1.44B,$0.07B,4.58%,$0.07B,$-1.43B,-8.38%,$0.07B,$-1.46B,-8.16%,$0.07B,$0.47B,16.15%,$0.21B,$0.28B,101.09%,$340,$248,$92,$0,$49,$297,$43,$-41,$2,$-0,$2,$2,$2,$74,$43,$63,65,$0.04,$0.04,$93,$22,$17,$234,$112,$0,$21,$10,$240,$474,$147,$1710,$51,$1761,$1908,$1,$-1447,$-7,$-1434,$474,$11,$48,$4,$51,$0,$0,$0,$-39,$-39,$24,$-8,$0,$0,$0,$0,$0,$-83,$-91,$968,$0,$968,$5,$5,$-897,$-37,$39,$-28,$5,$-897
46,2007-03-31,16.71,$-8.95,-1.87,$22.37,0.75,$4.12,4.05,$1.40,11.94,$0.18B,$0.14B,1.27,$0.79B,$-0.56B,-1.4,$1.43B,$0.38B,26.73%,$1.43B,$0.21B,14.77%,$1.43B,$0.21B,14.77%,$1.43B,$0.26B,17.84%,$1.43B,$0.13B,9.24%,$1.43B,$0.09B,6.23%,$0.09B,$-0.56B,-15.30%,$0.09B,$-0.58B,-14.75%,$0.09B,$0.42B,22.88%,$0.21B,$0.22B,116.25%,$339,$248,$91,$0,$40,$289,$51,$-37,$14,$5,$8,$8,$8,$68,$51,$63,64,$0.13,$0.13,$67,$21,$17,$184,$114,$0,$21,$16,$237,$421,$144,$785,$52,$838,$982,$1,$-693,$-8,$-561,$421,$8,$17,$2,$19,$0,$0,$0,$-21,$-21,$7,$-3,$0,$0,$0,$0,$0,$0,$-3,$43,$0,$43,$3,$3,$0,$-21,$25,$29,$2,$0
47,2006-12-31,14.41,$-9.47,-1.52,$22.21,0.65,$4.43,3.26,$1.66,8.68,$0.17B,$0.16B,1.07,$0.74B,$-0.57B,-1.31,$1.44B,$0.39B,26.77%,$1.44B,$0.21B,14.88%,$1.44B,$0.21B,14.88%,$1.44B,$0.25B,17.32%,$1.44B,$0.16B,11.13%,$1.44B,$0.11B,7.44%,$0.11B,$-0.57B,-17.85%,$0.11B,$-0.59B,-17.22%,$0.11B,$0.38B,28.12%,$0.21B,$0.18B,127.57%,$435,$320,$116,$0,$52,$372,$63,$-16,$47,$16,$31,$31,$31,$74,$63,$63,65,$0.50,$0.48,$38,$23,$19,$166,$117,$1,$21,$9,$214,$380,$155,$740,$50,$790,$945,$1,$-702,$2,$-565,$380,$106,$36,$2,$38,$-0,$1,$0,$-1,$-11,$133,$-6,$0,$0,$0,$0,$0,$-0,$-6,$5,$0,$5,$-135,$-135,$-30,$5,$-156,$-29,$5,$-30
