,Date,Stock Price,Book Value per Share,Price to Book Ratio,TTM Sales per Share,Price to Sales Ratio,TTM FCF per Share,Price to FCF Ratio,TTM Net EPS,PE Ratio,Current Assets,Current Liabilities,Current Ratio,Long Term Debt,Shareholder's Equity_x,Debt to Equity Ratio,TTM Revenue_x,TTM Gross Profit,Gross Margin,TTM Revenue_y,TTM Operating Income,Operating Margin,TTM Revenue_x,TTM EBIT,EBIT Margin,TTM Revenue_y,TTM EBITDA,EBITDA Margin,TTM Revenue_x,TTM Pre-Tax Income,Pre-Tax Margin,TTM Revenue_y,TTM Net Income_x,Net Margin,TTM Net Income_y,Shareholder's Equity_y,Return on Equity,TTM Net Income_x,Tangible Equity,Return on Tangible Equity,TTM Net Income_y,Total Assets,Return on Assets,TTM Net Income,LT Investments & Debt,Return on Investment,revenue,cost-goods-sold,gross-profit,research-development-expenses,selling-general-administrative-expenses,operating-expenses,operating-income,total-non-operating-income-expense,pre-tax-income,total-provision-income-taxes,income-after-taxes,income-from-continuous-operations,net-income,ebitda,ebit,basic-shares-outstanding,shares-outstanding,eps-basic-net-earnings-per-share,eps-earnings-per-share-diluted,cash-on-hand,inventory,other-current-assets,total-current-assets,net-property-plant-equipment,long-term-investments,goodwill-intangible-assets-total,other-long-term-assets,total-long-term-assets,total-assets,total-current-liabilities,long-term-debt,other-non-current-liabilities,total-long-term-liabilities,total-liabilities,common-stock-net,retained-earnings-accumulated-deficit,comprehensive-income,total-share-holder-equity,total-liabilities-share-holders-equity,net-income-loss,total-depreciation-amortization-cash-flow,other-non-cash-items,total-non-cash-items,change-in-accounts-receivable,change-in-inventories,change-in-accounts-payable,change-in-assets-liabilities,total-change-in-assets-liabilities,cash-flow-from-operating-activities,net-change-in-property-plant-equipment,net-change-in-intangible-assets,net-acquisitions-divestitures,net-change-in-short-term-investments,net-change-in-long-term-investments,net-change-in-investments-total,investing-activities-other,cash-flow-from-investing-activities,net-long-term-debt,net-current-debt,debt-issuance-retirement-net-total,net-common-equity-issued-repurchased,net-total-equity-issued-repurchased,total-common-preferred-stock-dividends-paid,financial-activities-other,cash-flow-from-financial-activities,net-cash-flow,stock-based-compensation,common-stock-dividends-paid
0,2018-09-30,1.5,$1.35,1.11,$5.89,0.25,$0.43,3.5,$-0.92,0.0,$0.02B,$0.01B,1.83,$0.01B,$0.03B,0.5,$0.12B,$0.03B,22.88%,$0.12B,$-0.01B,-4.24%,$0.12B,$-0.01B,-4.24%,$0.12B,$0.01B,4.24%,$0.12B,$-0.01B,-5.93%,$0.12B,$-0.02B,-16.10%,$-0.02B,$0.03B,-65.52%,$-0.02B,$0.02B,-96.20%,$-0.02B,$0.06B,-31.67%,$-0.01B,$0.04B,-11.49%,$26,$21,$4,$0,$5,$27,$-1,$-0,$-2,$-0,$-1,$-1,$-1,$1,$-1,$20,20,$-0.07,$-0.07,$1,$6,$2,$23,$23,$0,$9,$1,$33,$55,$12,$14,$2,$16,$28,$0,$-112,$-0,$27,$55,$2,$7,$-6,$2,$2,$-0,$-1,$-1,$-2,$2,$-0,$0,$0,$-0,$0,$-0,$7,$7,$-7,$0,$-7,$0,$0,$-3,$-0,$-10,$-1,$1,$-3
1,2018-06-30,1.51,$1.47,1.02,$5.90,0.26,$0.46,3.27,$-1.36,0.0,$0.02B,$0.01B,1.66,$0.01B,$0.03B,0.42,$0.12B,$0.03B,23.73%,$0.12B,$-0.00B,-3.39%,$0.12B,$-0.00B,-3.39%,$0.12B,$0.01B,7.63%,$0.12B,$-0.01B,-4.24%,$0.12B,$-0.03B,-22.88%,$-0.03B,$0.03B,-77.14%,$-0.03B,$0.02B,-111.34%,$-0.03B,$0.06B,-39.56%,$-0.00B,$0.04B,-7.92%,$27,$22,$6,$0,$5,$27,$-0,$-0,$-0,$-0,$-0,$-0,$-0,$2,$-0,$20,20,$-0.02,$-0.02,$2,$6,$2,$22,$26,$0,$9,$1,$35,$58,$14,$13,$2,$15,$28,$0,$-111,$-0,$30,$58,$4,$5,$-6,$-1,$3,$-0,$-0,$-1,$0,$3,$-1,$0,$0,$-0,$0,$-0,$7,$6,$-7,$0,$-7,$0,$0,$-2,$-0,$-10,$-0,$0,$-2
2,2018-03-31,1.47,$1.54,0.95,$5.89,0.25,$0.48,3.03,$-1.48,0.0,$0.02B,$0.01B,1.62,$0.01B,$0.03B,0.42,$0.12B,$0.03B,23.73%,$0.12B,$-0.01B,-5.08%,$0.12B,$-0.01B,-5.08%,$0.12B,$0.01B,6.78%,$0.12B,$-0.01B,-6.78%,$0.12B,$-0.03B,-25.42%,$-0.03B,$0.03B,-70.18%,$-0.03B,$0.02B,-100.00%,$-0.03B,$0.06B,-38.34%,$-0.01B,$0.04B,-10.08%,$25,$21,$5,$0,$6,$27,$-2,$-0,$-2,$-0,$-1,$-1,$4,$1,$-2,$20,20,$0.20,$0.20,$1,$6,$2,$22,$27,$0,$10,$1,$38,$60,$14,$13,$2,$15,$29,$0,$-111,$-0,$31,$60,$4,$2,$-6,$-4,$3,$-0,$0,$-1,$-0,$0,$-0,$0,$0,$-0,$0,$-0,$7,$7,$-6,$0,$-6,$0,$0,$-1,$-0,$-8,$-1,$0,$-1
3,2017-12-31,2.38,$1.39,1.71,$5.92,0.4,$0.54,4.38,$-1.78,0.0,$0.03B,$0.02B,1.51,$0.02B,$0.03B,0.7,$0.12B,$0.03B,24.37%,$0.12B,$-0.01B,-4.20%,$0.12B,$-0.01B,-4.20%,$0.12B,$0.01B,6.72%,$0.12B,$-0.01B,-6.72%,$0.12B,$-0.04B,-30.25%,$-0.04B,$0.03B,-70.59%,$-0.04B,$0.02B,-98.63%,$-0.04B,$0.07B,-40.45%,$-0.01B,$0.05B,-7.33%,$40,$28,$12,$0,$9,$42,$-2,$-1,$-3,$20,$-23,$-23,$-22,$1,$-2,$20,20,$-1.11,$-1.11,$2,$6,$2,$26,$28,$0,$10,$1,$41,$67,$17,$20,$2,$22,$39,$0,$-115,$-0,$28,$67,$-36,$14,$29,$43,$-2,$0,$-1,$-1,$-1,$6,$-2,$0,$0,$1,$0,$1,$0,$-1,$-3,$0,$-3,$0,$0,$-4,$3,$-5,$-0,$1,$-4
4,2017-09-30,3.11,$2.54,1.23,$5.47,0.57,$0.60,5.22,$-0.58,0.0,$0.02B,$0.02B,1.44,$0.02B,$0.05B,0.36,$0.11B,$0.03B,23.64%,$0.11B,$-0.00B,-1.82%,$0.11B,$-0.00B,-1.82%,$0.11B,$0.01B,10.00%,$0.11B,$-0.00B,-2.73%,$0.11B,$-0.01B,-10.91%,$-0.01B,$0.05B,-19.83%,$-0.01B,$0.04B,-27.12%,$-0.01B,$0.09B,-12.15%,$-0.00B,$0.07B,-2.59%,$26,$20,$5,$0,$5,$26,$-0,$-0,$-0,$7,$-7,$-7,$-9,$5,$-0,$20,20,$-0.44,$-0.44,$2,$6,$2,$23,$29,$0,$14,$1,$64,$88,$16,$19,$2,$21,$37,$0,$-93,$0,$51,$88,$-14,$10,$8,$19,$0,$0,$-1,$0,$-1,$4,$-1,$0,$0,$1,$0,$1,$0,$-0,$-4,$0,$-4,$0,$0,$-3,$-0,$-8,$-4,$1,$-3
5,2017-06-30,3.6,$3.03,1.19,$5.77,0.62,$0.62,5.85,$-0.15,0.0,$0.02B,$0.02B,1.31,$0.02B,$0.06B,0.29,$0.12B,$0.03B,25.22%,$0.12B,$-0.00B,-0.87%,$0.12B,$-0.00B,-0.87%,$0.12B,$0.01B,7.83%,$0.12B,$-0.00B,-2.61%,$0.12B,$-0.00B,-2.61%,$-0.00B,$0.06B,-4.69%,$-0.00B,$0.04B,-6.45%,$-0.00B,$0.10B,-2.90%,$-0.00B,$0.08B,-1.24%,$27,$21,$6,$0,$7,$29,$-2,$-1,$-3,$-0,$-3,$-3,$-3,$1,$-2,$20,20,$-0.14,$-0.14,$2,$6,$2,$24,$30,$0,$17,$1,$75,$98,$18,$17,$2,$20,$38,$0,$-84,$-0,$61,$98,$-5,$5,$2,$7,$1,$0,$-1,$0,$1,$3,$-1,$0,$0,$1,$0,$1,$0,$0,$-5,$0,$-5,$0,$0,$-2,$-0,$-7,$-3,$1,$-2
6,2017-03-31,4.66,$3.21,1.45,$6.03,0.77,$0.52,8.95,$0.04,116.54,$0.03B,$0.02B,1.21,$0.02B,$0.06B,0.23,$0.12B,$0.03B,27.50%,$0.12B,$0.00B,1.67%,$0.12B,$0.00B,1.67%,$0.12B,$0.01B,10.00%,$0.12B,$0.00B,0.83%,$0.12B,$0.00B,0.83%,$0.00B,$0.06B,1.54%,$0.00B,$0.05B,2.13%,$0.00B,$0.10B,0.94%,$0.00B,$0.08B,2.43%,$26,$20,$6,$0,$7,$27,$-1,$-0,$-2,$1,$-2,$-2,$-2,$1,$-1,$20,20,$-0.10,$-0.10,$5,$6,$2,$27,$31,$0,$17,$1,$76,$103,$22,$15,$2,$17,$39,$0,$-81,$-0,$64,$103,$-2,$3,$1,$4,$1,$0,$-0,$-0,$0,$2,$-0,$0,$0,$1,$0,$1,$0,$0,$-1,$0,$-1,$0,$0,$-1,$-0,$-3,$-0,$0,$-1
7,2016-12-31,4.35,$3.34,1.3,$6.30,0.69,$0.43,10.01,$0.72,6.04,$0.03B,$0.02B,1.19,$0.02B,$0.07B,0.24,$0.13B,$0.04B,28.80%,$0.13B,$0.00B,1.60%,$0.13B,$0.00B,1.60%,$0.13B,$0.01B,10.40%,$0.13B,$0.00B,1.60%,$0.13B,$0.02B,12.00%,$0.02B,$0.07B,22.99%,$0.02B,$0.05B,32.43%,$0.02B,$0.11B,13.64%,$0.00B,$0.08B,2.35%,$31,$22,$9,$0,$6,$30,$1,$0,$2,$-0,$2,$2,$2,$4,$1,$20,20,$0.09,$0.09,$4,$6,$2,$27,$31,$0,$18,$3,$79,$106,$23,$16,$1,$17,$40,$0,$-79,$-0,$66,$106,$14,$11,$-11,$0,$-1,$-1,$0,$-0,$-4,$11,$-6,$0,$-25,$2,$0,$2,$0,$-29,$11,$0,$11,$1,$1,$-4,$-4,$5,$-14,$1,$-4
8,2016-09-30,4.39,$3.29,1.33,$5.54,0.79,$0.31,14.29,$0.65,6.76,$0.03B,$0.02B,1.14,$0.02B,$0.07B,0.27,$0.11B,$0.03B,29.09%,$0.11B,$0.00B,0.91%,$0.11B,$0.00B,0.91%,$0.11B,$0.01B,9.09%,$0.11B,0,0.00%,$0.11B,$0.01B,12.73%,$0.01B,$0.07B,22.49%,$0.01B,$0.05B,30.43%,$0.01B,$0.11B,14.07%,$0.00B,$0.08B,1.28%,$31,$23,$8,$0,$7,$30,$1,$-1,$-0,$0,$-0,$-0,$-0,$3,$1,$20,20,$-0.01,$-0.01,$4,$6,$4,$27,$31,$0,$19,$4,$80,$107,$24,$17,$1,$19,$42,$0,$-81,$0,$65,$107,$12,$8,$-10,$-2,$-0,$-1,$0,$-1,$-3,$7,$-4,$0,$-25,$2,$0,$2,$0,$-27,$13,$0,$13,$0,$0,$-3,$-3,$7,$-14,$1,$-3
9,2016-06-30,4.39,$3.34,1.32,$4.76,0.92,$0.24,17.99,$1.63,2.69,$0.03B,$0.02B,1.22,$0.02B,$0.07B,0.29,$0.10B,$0.03B,30.53%,$0.10B,$0.00B,1.05%,$0.10B,$0.00B,1.05%,$0.10B,$0.01B,9.47%,$0.10B,$0.00B,1.05%,$0.10B,$0.03B,34.74%,$0.03B,$0.07B,55.46%,$0.03B,$0.05B,70.97%,$0.03B,$0.11B,36.97%,$0.00B,$0.09B,1.41%,$32,$22,$10,$0,$8,$31,$1,$-0,$1,$0,$1,$1,$1,$4,$1,$20,20,$0.05,$0.05,$6,$6,$3,$29,$32,$0,$20,$3,$81,$111,$24,$19,$2,$21,$45,$0,$-81,$-0,$65,$111,$13,$5,$-11,$-6,$-1,$-1,$-1,$-0,$-3,$4,$-3,$0,$-25,$1,$0,$1,$0,$-27,$15,$0,$15,$0,$0,$-2,$-2,$11,$-13,$0,$-2
10,2016-03-31,4.19,$3.33,1.26,$3.94,1.06,$0.26,15.84,$1.64,2.56,$0.03B,$0.02B,1.39,$0.03B,$0.07B,0.4,$0.08B,$0.02B,30.38%,$0.08B,$0.00B,1.27%,$0.08B,$0.00B,1.27%,$0.08B,$0.01B,8.86%,$0.08B,$0.00B,1.27%,$0.08B,$0.03B,41.77%,$0.03B,$0.07B,63.16%,$0.03B,$0.04B,77.65%,$0.03B,$0.12B,45.21%,$0.00B,$0.09B,1.70%,$31,$22,$9,$0,$9,$32,$-1,$-0,$-1,$-12,$12,$12,$12,$2,$-1,$19,20,$0.60,$0.58,$10,$5,$4,$32,$32,$0,$21,$5,$84,$116,$23,$26,$2,$28,$51,$0,$-82,$-0,$65,$116,$12,$3,$-11,$-9,$0,$-0,$-1,$-0,$-2,$1,$-1,$0,$-26,$1,$0,$1,$0,$-26,$22,$0,$22,$0,$0,$-1,$-4,$17,$-9,$0,$-1
11,2015-12-31,4.84,$2.79,1.74,$3.10,1.56,$0.28,17.61,$1.10,4.4,$0.03B,$0.01B,3.65,$0.00B,$0.05B,0.0,$0.06B,$0.02B,30.65%,$0.06B,$0.00B,3.23%,$0.06B,$0.00B,3.23%,$0.06B,$0.01B,9.68%,$0.06B,$0.00B,3.23%,$0.06B,$0.02B,35.48%,$0.02B,$0.05B,49.16%,$0.02B,$0.05B,56.77%,$0.02B,$0.06B,39.82%,$0.00B,$0.05B,4.47%,$16,$11,$5,$0,$4,$15,$0,$-0,$0,$-0,$1,$1,$1,$1,$0,$19,20,$0.04,$0.03,$19,$4,$1,$32,$6,$0,$6,$2,$32,$64,$9,$0,$1,$1,$10,$0,$-94,$-0,$54,$64,$22,$3,$-17,$-15,$-1,$-1,$-0,$0,$-3,$4,$-1,$0,$0,$4,$0,$4,$0,$2,$-1,$0,$-1,$1,$1,$-4,$-0,$-4,$2,$1,$-4
12,2015-09-30,3.1,$2.81,1.11,$3.06,1.02,$0.32,9.61,$1.11,2.8,$0.04B,$0.01B,3.51,$0.00B,$0.05B,0.0,$0.06B,$0.02B,30.00%,$0.06B,$0.00B,5.00%,$0.06B,$0.00B,5.00%,$0.06B,$0.01B,10.00%,$0.06B,$0.00B,5.00%,$0.06B,$0.02B,36.67%,$0.02B,$0.05B,55.70%,$0.02B,$0.05B,64.71%,$0.02B,$0.07B,44.22%,$0.00B,$0.05B,7.59%,$16,$11,$5,$0,$4,$15,$1,$-0,$1,$-18,$19,$19,$19,$2,$1,$19,20,$0.99,$0.97,$20,$4,$2,$35,$7,$0,$6,$1,$31,$66,$10,$0,$1,$1,$11,$0,$-94,$-0,$54,$66,$21,$2,$-18,$-16,$-2,$-1,$1,$-0,$-2,$3,$-1,$0,$0,$2,$0,$2,$-1,$-0,$-0,$0,$-0,$0,$0,$-3,$0,$-3,$-0,$0,$-3
13,2015-06-30,3.56,$1.86,1.91,$2.99,1.19,$0.33,10.68,$0.19,18.72,$0.03B,$0.01B,3.64,$0.00B,$0.04B,0.0,$0.06B,$0.02B,29.31%,$0.06B,$0.00B,5.17%,$0.06B,$0.00B,5.17%,$0.06B,$0.01B,10.34%,$0.06B,$0.00B,5.17%,$0.06B,$0.00B,6.90%,$0.00B,$0.04B,11.68%,$0.00B,$0.03B,13.68%,$0.00B,$0.05B,9.14%,$0.00B,$0.04B,8.76%,$16,$11,$5,$0,$3,$14,$1,$-0,$1,$0,$1,$1,$1,$2,$1,$19,20,$0.06,$0.06,$22,$4,$1,$34,$6,$0,$6,$0,$13,$46,$9,$0,$1,$1,$10,$0,$-114,$-0,$36,$46,$2,$1,$0,$2,$-1,$-0,$1,$-0,$-1,$2,$-1,$0,$0,$1,$0,$1,$0,$0,$-0,$0,$-0,$0,$0,$-2,$0,$-2,$1,$0,$-2
14,2015-03-31,3.67,$1.84,2.0,$2.98,1.24,$0.29,12.72,$0.17,21.62,$0.03B,$0.01B,3.86,$0.00B,$0.04B,0.0,$0.06B,$0.02B,29.82%,$0.06B,$0.00B,5.26%,$0.06B,$0.00B,5.26%,$0.06B,$0.01B,8.77%,$0.06B,$0.00B,5.26%,$0.06B,$0.00B,7.02%,$0.00B,$0.04B,12.03%,$0.00B,$0.03B,13.91%,$0.00B,$0.05B,9.41%,$0.00B,$0.04B,9.02%,$14,$10,$4,$0,$3,$14,$0,$0,$0,$-1,$1,$1,$1,$1,$0,$19,19,$0.04,$0.04,$21,$4,$1,$33,$5,$0,$6,$0,$12,$45,$9,$0,$1,$1,$10,$0,$-115,$-0,$35,$45,$1,$1,$0,$1,$-1,$-0,$1,$-1,$-1,$0,$-0,$0,$0,$1,$0,$1,$0,$1,$-0,$0,$-0,$0,$0,$-1,$0,$-1,$-0,$0,$-1
15,2014-12-31,3.49,$1.75,1.99,$2.96,1.18,$0.17,21.12,$0.12,29.08,$0.03B,$0.01B,3.97,$0.00B,$0.03B,0.0,$0.06B,$0.02B,28.57%,$0.06B,$0.00B,5.36%,$0.06B,$0.00B,5.36%,$0.06B,$0.00B,7.14%,$0.06B,$0.00B,5.36%,$0.06B,$0.00B,5.36%,$0.00B,$0.03B,9.23%,$0.00B,$0.03B,10.53%,$0.00B,$0.04B,7.23%,$0.00B,$0.03B,9.23%,$14,$10,$4,$0,$3,$13,$1,$0,$1,$0,$1,$1,$1,$1,$1,$19,19,$0.04,$0.05,$22,$4,$1,$33,$5,$0,$4,$0,$9,$42,$8,$0,$1,$1,$9,$0,$-115,$-0,$33,$42,$2,$2,$1,$3,$-1,$0,$1,$-1,$-1,$4,$-1,$0,$-3,$-0,$0,$-0,$0,$-5,$-0,$0,$-0,$0,$0,$-4,$0,$-4,$-5,$0,$-4
16,2014-09-30,3.11,$1.76,1.77,$2.86,1.08,$0.17,18.79,$0.12,25.88,$0.03B,$0.01B,3.85,$0.00B,$0.03B,0.0,$0.06B,$0.02B,29.09%,$0.06B,$0.00B,5.45%,$0.06B,$0.00B,5.45%,$0.06B,$0.00B,7.27%,$0.06B,$0.00B,5.45%,$0.06B,$0.00B,5.45%,$0.00B,$0.03B,9.23%,$0.00B,$0.03B,10.17%,$0.00B,$0.04B,7.27%,$0.00B,$0.03B,9.23%,$14,$9,$4,$0,$3,$13,$1,$0,$1,$0,$1,$1,$1,$2,$1,$19,19,$0.06,$0.05,$22,$4,$1,$33,$5,$0,$4,$0,$9,$42,$9,$0,$1,$1,$10,$0,$-116,$-0,$33,$42,$2,$2,$0,$2,$-1,$0,$1,$-1,$-1,$3,$-1,$0,$-3,$-2,$0,$-2,$0,$-6,$-0,$0,$-0,$0,$0,$-3,$0,$-3,$-6,$0,$-3
17,2014-06-30,2.77,$1.75,1.59,$2.80,0.99,$0.17,16.77,$0.21,13.19,$0.03B,$0.01B,4.25,$0.00B,$0.03B,0.0,$0.05B,$0.02B,30.19%,$0.05B,$0.00B,7.55%,$0.05B,$0.00B,7.55%,$0.05B,$0.01B,9.43%,$0.05B,$0.00B,7.55%,$0.05B,$0.01B,9.43%,$0.01B,$0.03B,15.38%,$0.01B,$0.03B,16.39%,$0.01B,$0.04B,12.12%,$0.00B,$0.03B,12.31%,$15,$10,$5,$0,$3,$14,$1,$0,$1,$0,$1,$1,$1,$1,$1,$19,19,$0.04,$0.04,$22,$3,$0,$32,$5,$0,$4,$0,$9,$41,$8,$0,$1,$1,$8,$0,$-117,$-0,$32,$41,$1,$1,$0,$1,$-1,$0,$1,$-0,$-1,$1,$-1,$0,$-3,$-2,$0,$-2,$0,$-6,$-0,$0,$-0,$0,$0,$-2,$0,$-2,$-7,$0,$-2
18,2014-03-31,2.63,$1.75,1.5,$2.70,0.97,$0.03,85.91,$0.14,18.78,$0.03B,$0.01B,4.2,$0.00B,$0.03B,0.0,$0.05B,$0.02B,29.41%,$0.05B,$0.00B,3.92%,$0.05B,$0.00B,3.92%,$0.05B,$0.00B,7.84%,$0.05B,$0.00B,3.92%,$0.05B,$0.00B,5.88%,$0.00B,$0.03B,9.30%,$0.00B,$0.03B,9.68%,$0.00B,$0.04B,7.36%,$0.00B,$0.03B,6.20%,$13,$10,$3,$0,$3,$13,$-0,$0,$-0,$0,$-0,$-0,$-0,$0,$-0,$19,19,$-0.01,$-0.01,$20,$4,$1,$32,$5,$0,$4,$0,$9,$41,$8,$0,$1,$1,$8,$0,$-118,$-0,$32,$41,$-0,$1,$0,$1,$-2,$0,$0,$-0,$-2,$-2,$-1,$0,$-3,$-2,$0,$-2,$0,$-6,$-0,$0,$-0,$0,$0,$-1,$0,$-1,$-9,$0,$-1
19,2013-12-31,2.79,$1.80,1.55,$2.60,1.08,$0.09,31.86,$0.02,139.69,$0.04B,$0.01B,4.81,$0.00B,$0.03B,0.0,$0.05B,$0.02B,30.00%,$0.05B,0,0.00%,$0.05B,0,0.00%,$0.05B,$0.00B,4.00%,$0.05B,0,0.00%,$0.05B,$0.00B,2.00%,$0.00B,$0.03B,3.05%,$0.00B,$0.03B,3.10%,$0.00B,$0.04B,2.42%,$0.00B,$0.03B,0.00%,$13,$9,$4,$0,$3,$12,$1,$0,$1,$-0,$1,$1,$1,$1,$1,$19,19,$0.03,$0.03,$27,$4,$1,$37,$4,$0,$1,$0,$5,$41,$8,$0,$0,$0,$8,$0,$-118,$-0,$33,$41,$0,$2,$-1,$1,$1,$1,$-1,$-1,$1,$2,$1,$0,$0,$-0,$0,$-0,$0,$1,$-0,$0,$-0,$-3,$-3,$-1,$0,$-4,$-1,$0,$-1
20,2013-09-30,1.88,$1.81,1.04,$2.62,0.72,$-0.18,0.0,$-0.03,0.0,$0.04B,$0.01B,4.42,$0.00B,$0.03B,0.0,$0.05B,$0.01B,28.00%,$0.05B,$-0.00B,-6.00%,$0.05B,$-0.00B,-6.00%,$0.05B,0,0.00%,$0.05B,$-0.00B,-6.00%,$0.05B,$-0.00B,-4.00%,$-0.00B,$0.03B,-5.97%,$-0.00B,$0.03B,-6.06%,$-0.00B,$0.04B,-4.73%,$-0.00B,$0.03B,-8.96%,$12,$9,$4,$0,$3,$10,$2,$0,$2,$-0,$3,$3,$3,$3,$2,$18,19,$0.14,$0.14,$26,$4,$1,$37,$4,$0,$1,$0,$5,$42,$8,$0,$0,$0,$9,$0,$-119,$-0,$33,$42,$-1,$2,$-1,$0,$0,$1,$0,$-1,$1,$1,$1,$0,$0,$-1,$0,$-1,$0,$0,$-0,$0,$-0,$-3,$-3,$0,$0,$-3,$-2,$0,$0
21,2013-06-30,1.82,$1.69,1.07,$2.56,0.71,$-0.40,0.0,$-0.22,0.0,$0.03B,$0.01B,4.16,$0.00B,$0.03B,0.0,$0.05B,$0.01B,26.00%,$0.05B,$-0.01B,-12.00%,$0.05B,$-0.01B,-12.00%,$0.05B,$-0.00B,-6.00%,$0.05B,$-0.01B,-12.00%,$0.05B,$-0.01B,-12.00%,$-0.01B,$0.03B,-17.27%,$-0.01B,$0.03B,-17.52%,$-0.01B,$0.04B,-13.79%,$-0.01B,$0.03B,-17.27%,$13,$9,$4,$0,$4,$14,$-1,$0,$-1,$-0,$-1,$-1,$-1,$-0,$-1,$19,19,$-0.03,$-0.03,$22,$5,$1,$34,$4,$0,$1,$0,$5,$39,$8,$0,$0,$0,$8,$0,$-121,$-0,$31,$39,$-3,$1,$0,$1,$-0,$0,$0,$-1,$0,$-2,$-1,$0,$0,$-2,$0,$-2,$0,$-2,$-0,$0,$-0,$-3,$-3,$0,$0,$-3,$-7,$0,$0
22,2013-03-31,1.88,$1.77,1.06,$2.54,0.74,$-0.37,0.0,$-0.24,0.0,$0.04B,$0.01B,4.48,$0.00B,$0.03B,0.0,$0.05B,$0.01B,26.00%,$0.05B,$-0.01B,-12.00%,$0.05B,$-0.01B,-12.00%,$0.05B,$-0.00B,-6.00%,$0.05B,$-0.01B,-12.00%,$0.05B,$-0.01B,-12.00%,$-0.01B,$0.03B,-16.33%,$-0.01B,$0.03B,-16.44%,$-0.01B,$0.04B,-13.11%,$-0.01B,$0.03B,-16.33%,$12,$9,$3,$1,$3,$14,$-2,$0,$-2,$0,$-2,$-2,$-2,$-2,$-2,$19,19,$-0.13,$-0.13,$26,$5,$1,$37,$5,$0,$1,$0,$5,$43,$8,$0,$0,$0,$9,$0,$-121,$-0,$34,$43,$-2,$1,$0,$1,$1,$0,$0,$-1,$1,$-1,$-0,$0,$0,$-3,$0,$-3,$0,$-3,$0,$0,$0,$0,$0,$0,$0,$0,$-4,$0,$0
23,2012-12-31,1.53,$1.90,0.8,$2.62,0.58,$-0.37,0.0,$-0.18,0.0,$0.04B,$0.01B,4.76,$0.00B,$0.04B,0.0,$0.05B,$0.01B,27.45%,$0.05B,$-0.01B,-9.80%,$0.05B,$-0.01B,-9.80%,$0.05B,$-0.00B,-3.92%,$0.05B,$-0.01B,-9.80%,$0.05B,$-0.01B,-9.80%,$-0.01B,$0.04B,-13.07%,$-0.01B,$0.04B,-13.07%,$-0.01B,$0.05B,-10.58%,$-0.01B,$0.04B,-13.07%,$13,$10,$3,$1,$4,$15,$-2,$0,$-2,$0,$-2,$-2,$-2,$-1,$-2,$19,19,$-0.09,$-0.09,$27,$5,$1,$39,$5,$0,$1,$0,$6,$45,$8,$0,$0,$0,$8,$0,$-118,$0,$36,$45,$-5,$2,$0,$3,$0,$1,$0,$-0,$1,$-1,$-1,$0,$-0,$-1,$0,$-1,$0,$-3,$0,$0,$0,$-1,$-1,$0,$0,$-1,$-5,$1,$0
24,2012-09-30,1.54,$2.00,0.77,$2.57,0.6,$-0.25,0.0,$-0.32,0.0,$0.04B,$0.01B,4.68,$0.00B,$0.04B,0.0,$0.05B,$0.01B,28.00%,$0.05B,$-0.01B,-12.00%,$0.05B,$-0.01B,-12.00%,$0.05B,$-0.00B,-6.00%,$0.05B,$-0.01B,-12.00%,$0.05B,$-0.01B,-12.00%,$-0.01B,$0.04B,-15.19%,$-0.01B,$0.04B,-15.19%,$-0.01B,$0.05B,-12.37%,$-0.01B,$0.04B,-15.19%,$12,$9,$3,$1,$3,$13,$-1,$0,$-1,$-0,$-1,$-1,$-1,$-0,$-1,$19,19,$-0.05,$-0.05,$27,$7,$1,$42,$5,$0,$0,$0,$6,$47,$9,$0,$0,$0,$9,$0,$-116,$0,$38,$47,$-3,$2,$0,$2,$-1,$-1,$1,$-0,$-1,$-2,$-1,$0,$0,$-3,$0,$-3,$0,$-3,$0,$0,$0,$-1,$-1,$0,$0,$-1,$-6,$0,$0
25,2012-06-30,1.65,$2.05,0.8,$2.64,0.62,$-0.04,0.0,$-0.26,0.0,$0.04B,$0.01B,4.84,$0.00B,$0.04B,0.0,$0.05B,$0.02B,29.41%,$0.05B,$-0.01B,-9.80%,$0.05B,$-0.01B,-9.80%,$0.05B,$-0.00B,-3.92%,$0.05B,$-0.01B,-9.80%,$0.05B,$-0.01B,-9.80%,$-0.01B,$0.04B,-12.20%,$-0.01B,$0.04B,-12.27%,$-0.01B,$0.05B,-10.05%,$-0.01B,$0.04B,-12.20%,$13,$9,$4,$1,$3,$14,$-1,$0,$-1,$0,$-1,$-1,$-1,$-0,$-1,$19,19,$-0.05,$-0.05,$29,$6,$1,$43,$5,$0,$1,$0,$6,$48,$9,$0,$0,$0,$9,$0,$-115,$-0,$39,$48,$-2,$1,$0,$1,$-1,$-0,$1,$-0,$-0,$-1,$-0,$0,$0,$-3,$0,$-3,$0,$-4,$0,$0,$0,$-0,$-0,$0,$0,$-0,$-5,$0,$0
26,2012-03-31,1.56,$2.13,0.73,$2.73,0.57,$0.09,16.58,$-0.22,0.0,$0.04B,$0.01B,4.97,$0.00B,$0.04B,0.0,$0.05B,$0.02B,28.85%,$0.05B,$-0.00B,-7.69%,$0.05B,$-0.00B,-7.69%,$0.05B,$-0.00B,-1.92%,$0.05B,$-0.00B,-7.69%,$0.05B,$-0.00B,-7.69%,$-0.00B,$0.04B,-9.47%,$-0.00B,$0.04B,-9.58%,$-0.00B,$0.05B,-7.84%,$-0.00B,$0.04B,-9.47%,$13,$9,$4,$1,$4,$14,$-1,$0,$-1,$0,$-1,$-1,$-1,$-1,$-1,$19,19,$-0.07,$-0.07,$29,$6,$1,$43,$5,$0,$1,$0,$6,$49,$9,$0,$0,$0,$9,$0,$-114,$0,$40,$49,$-1,$1,$0,$1,$-1,$0,$0,$-0,$-1,$-1,$-0,$0,$0,$1,$0,$1,$0,$1,$0,$0,$0,$-0,$-0,$0,$0,$-0,$-0,$0,$0
27,2011-12-31,1.46,$2.20,0.67,$2.80,0.52,$0.18,8.06,$-0.17,0.0,$0.04B,$0.01B,5.23,$0.00B,$0.04B,0.0,$0.05B,$0.02B,28.30%,$0.05B,$-0.00B,-7.55%,$0.05B,$-0.00B,-7.55%,$0.05B,0,0.00%,$0.05B,$-0.00B,-5.66%,$0.05B,$-0.00B,-5.66%,$-0.00B,$0.04B,-6.94%,$-0.00B,$0.04B,-7.06%,$-0.00B,$0.05B,-5.77%,$-0.00B,$0.04B,-9.25%,$12,$9,$3,$1,$5,$14,$-3,$-0,$-3,$0,$-3,$-3,$-3,$-2,$-3,$19,19,$-0.16,$-0.16,$31,$6,$1,$44,$5,$0,$1,$0,$6,$50,$8,$0,$0,$0,$9,$0,$-113,$0,$41,$50,$-3,$3,$1,$4,$1,$-1,$-0,$-0,$-0,$1,$-1,$0,$0,$3,$0,$3,$0,$3,$0,$0,$0,$0,$0,$0,$0,$0,$4,$1,$0
28,2011-09-30,1.65,$2.32,0.71,$2.96,0.56,$0.10,16.86,$-0.05,0.0,$0.05B,$0.01B,5.53,$0.00B,$0.04B,0.0,$0.06B,$0.02B,28.57%,$0.06B,$-0.00B,-3.57%,$0.06B,$-0.00B,-3.57%,$0.06B,$0.00B,3.57%,$0.06B,$-0.00B,-1.79%,$0.06B,$-0.00B,-1.79%,$-0.00B,$0.04B,-2.27%,$-0.00B,$0.04B,-2.33%,$-0.00B,$0.05B,-1.90%,$-0.00B,$0.04B,-4.55%,$13,$9,$4,$1,$3,$13,$-0,$0,$0,$0,$0,$0,$0,$1,$-0,$19,20,$0.01,$0.01,$32,$6,$1,$46,$6,$0,$1,$0,$7,$52,$8,$0,$0,$0,$8,$0,$-110,$-0,$44,$52,$-1,$2,$1,$3,$0,$-1,$-0,$-1,$-0,$2,$-0,$0,$0,$-12,$0,$-12,$0,$-12,$-0,$0,$-0,$0,$0,$0,$0,$0,$-10,$1,$0
29,2011-06-30,2.02,$2.33,0.87,$2.99,0.68,$-0.14,0.0,$-0.13,0.0,$0.05B,$0.01B,5.08,$0.00B,$0.04B,0.0,$0.06B,$0.02B,26.79%,$0.06B,$-0.00B,-5.36%,$0.06B,$-0.00B,-5.36%,$0.06B,$0.00B,1.79%,$0.06B,$-0.00B,-3.57%,$0.06B,$-0.00B,-3.57%,$-0.00B,$0.04B,-4.55%,$-0.00B,$0.04B,-4.65%,$-0.00B,$0.05B,-3.79%,$-0.00B,$0.04B,-6.82%,$14,$10,$4,$1,$3,$15,$-0,$0,$-0,$0,$-0,$-0,$-0,$1,$-0,$19,19,$-0.01,$-0.01,$31,$6,$1,$46,$6,$0,$1,$0,$7,$53,$9,$0,$0,$0,$9,$0,$-110,$-0,$44,$53,$-1,$2,$0,$2,$-1,$-1,$0,$0,$-0,$1,$-0,$0,$0,$-12,$0,$-12,$0,$-12,$-0,$0,$-0,$0,$0,$0,$0,$-0,$-11,$0,$0
30,2011-03-31,1.86,$2.34,0.8,$2.94,0.63,$-0.27,0.0,$-0.28,0.0,$0.05B,$0.01B,4.96,$0.00B,$0.04B,0.0,$0.06B,$0.01B,23.64%,$0.06B,$-0.01B,-10.91%,$0.06B,$-0.01B,-10.91%,$0.06B,$-0.00B,-3.64%,$0.06B,$-0.01B,-9.09%,$0.06B,$-0.01B,-9.09%,$-0.01B,$0.04B,-11.30%,$-0.01B,$0.04B,-11.56%,$-0.01B,$0.05B,-9.39%,$-0.01B,$0.04B,-13.56%,$14,$11,$4,$1,$4,$15,$-1,$0,$-0,$0,$-0,$-0,$-0,$0,$-1,$19,19,$-0.02,$-0.02,$31,$6,$1,$46,$6,$0,$1,$0,$7,$53,$9,$0,$0,$0,$9,$0,$-110,$-0,$44,$53,$-0,$1,$0,$1,$-1,$-0,$1,$-1,$-0,$1,$-0,$0,$0,$1,$0,$1,$0,$1,$-0,$0,$-0,$0,$0,$0,$0,$-0,$1,$0,$0
31,2010-12-31,1.56,$2.36,0.66,$3.00,0.52,$-0.36,0.0,$-0.32,0.0,$0.04B,$0.01B,5.41,$0.00B,$0.04B,0.0,$0.06B,$0.01B,21.43%,$0.06B,$-0.01B,-10.71%,$0.06B,$-0.01B,-10.71%,$0.06B,$-0.00B,-3.57%,$0.06B,$-0.01B,-10.71%,$0.06B,$-0.01B,-10.71%,$-0.01B,$0.04B,-13.26%,$-0.01B,$0.04B,-13.56%,$-0.01B,$0.05B,-11.01%,$-0.01B,$0.04B,-13.26%,$15,$11,$4,$1,$4,$15,$-1,$0,$-1,$0,$-1,$-1,$-1,$0,$-1,$19,19,$-0.03,$-0.03,$30,$5,$1,$44,$7,$0,$1,$0,$8,$52,$8,$0,$0,$0,$8,$0,$-110,$0,$44,$52,$-6,$5,$2,$7,$-1,$1,$0,$-0,$-0,$0,$-1,$0,$0,$8,$0,$8,$0,$7,$-0,$0,$-0,$-0,$-0,$0,$0,$-0,$7,$1,$0
32,2010-09-30,1.52,$2.39,0.64,$3.07,0.5,$-0.05,0.0,$-0.28,0.0,$0.04B,$0.01B,5.38,$0.00B,$0.04B,0.0,$0.06B,$0.01B,22.81%,$0.06B,$-0.01B,-8.77%,$0.06B,$-0.01B,-8.77%,$0.06B,$-0.00B,-1.75%,$0.06B,$-0.01B,-8.77%,$0.06B,$-0.01B,-8.77%,$-0.01B,$0.04B,-10.75%,$-0.01B,$0.04B,-10.99%,$-0.01B,$0.05B,-8.89%,$-0.01B,$0.04B,-10.75%,$13,$10,$3,$1,$4,$15,$-1,$0,$-1,$0,$-1,$-1,$-1,$-0,$-1,$19,19,$-0.07,$-0.07,$29,$6,$1,$43,$8,$0,$1,$0,$9,$53,$8,$0,$0,$0,$8,$0,$-109,$0,$44,$53,$-6,$3,$2,$5,$-0,$0,$0,$0,$-1,$-2,$-1,$0,$0,$10,$0,$10,$0,$8,$-0,$0,$-0,$-0,$-0,$0,$0,$-0,$7,$1,$0
33,2010-06-30,1.55,$2.45,0.63,$3.26,0.47,$0.31,5.07,$-0.23,0.0,$0.05B,$0.01B,4.79,$0.00B,$0.05B,0.0,$0.06B,$0.02B,24.59%,$0.06B,$-0.01B,-8.20%,$0.06B,$-0.01B,-8.20%,$0.06B,0,0.00%,$0.06B,$-0.00B,-6.56%,$0.06B,$-0.00B,-6.56%,$-0.00B,$0.05B,-8.38%,$-0.00B,$0.04B,-8.56%,$-0.00B,$0.06B,-6.90%,$-0.01B,$0.05B,-10.47%,$13,$11,$2,$1,$4,$16,$-3,$0,$-3,$0,$-3,$-3,$-3,$-2,$-3,$19,19,$-0.16,$-0.16,$30,$6,$1,$45,$9,$0,$1,$0,$10,$55,$9,$0,$0,$0,$10,$0,$-108,$0,$45,$55,$-4,$2,$1,$3,$-0,$0,$-0,$0,$1,$-1,$-1,$0,$0,$3,$0,$3,$0,$2,$-0,$0,$-0,$-0,$-0,$0,$0,$-0,$1,$0,$0
34,2010-03-31,1.53,$2.63,0.58,$3.53,0.43,$0.58,2.65,$-0.03,0.0,$0.05B,$0.01B,4.99,$0.00B,$0.05B,0.0,$0.07B,$0.02B,28.36%,$0.07B,$-0.00B,-1.49%,$0.07B,$-0.00B,-1.49%,$0.07B,$0.00B,5.97%,$0.07B,0,0.00%,$0.07B,0,0.00%,$0.00B,$0.05B,0.00%,$0.00B,$0.05B,0.00%,$0.00B,$0.06B,0.00%,$-0.00B,$0.05B,-2.04%,$15,$12,$3,$1,$4,$16,$-1,$0,$-1,$0,$-1,$-1,$-1,$-0,$-1,$19,19,$-0.07,$-0.07,$31,$7,$1,$47,$9,$0,$1,$0,$11,$58,$9,$0,$0,$0,$10,$0,$-105,$0,$48,$58,$-1,$1,$0,$1,$-1,$-0,$0,$-0,$-1,$-1,$-0,$0,$0,$1,$0,$1,$0,$1,$-0,$0,$-0,$-0,$-0,$0,$0,$-0,$-0,$0,$0
35,2009-12-31,1.56,$2.67,0.59,$3.64,0.43,$0.65,2.42,$0.03,52.13,$0.05B,$0.01B,5.12,$0.00B,$0.05B,0.0,$0.07B,$0.02B,30.00%,$0.07B,0,0.00%,$0.07B,0,0.00%,$0.07B,$0.01B,7.14%,$0.07B,$0.00B,1.43%,$0.07B,$0.00B,1.43%,$0.00B,$0.05B,2.03%,$0.00B,$0.05B,2.09%,$0.00B,$0.06B,1.66%,$0.00B,$0.05B,0.00%,$16,$12,$5,$1,$4,$16,$0,$0,$0,$0,$0,$0,$0,$1,$0,$19,19,$0.01,$0.01,$32,$6,$1,$47,$10,$0,$1,$0,$12,$59,$9,$0,$0,$0,$9,$0,$-104,$0,$49,$59,$1,$6,$1,$7,$2,$-2,$-0,$1,$-2,$5,$0,$0,$0,$-4,$0,$-4,$0,$-4,$-0,$0,$-0,$-1,$-1,$0,$0,$-1,$0,$1,$0
36,2009-09-30,2.12,$2.66,0.8,$3.95,0.54,$0.26,8.32,$-0.16,0.0,$0.05B,$0.01B,4.44,$0.00B,$0.05B,0.0,$0.08B,$0.02B,28.95%,$0.08B,$-0.00B,-5.26%,$0.08B,$-0.00B,-5.26%,$0.08B,$0.01B,6.58%,$0.08B,$-0.00B,-2.63%,$0.08B,$-0.00B,-2.63%,$-0.00B,$0.05B,-4.06%,$-0.00B,$0.05B,-4.21%,$-0.00B,$0.06B,-3.29%,$-0.00B,$0.05B,-8.12%,$17,$12,$5,$1,$4,$17,$-1,$0,$-0,$0,$-0,$-0,$-0,$1,$-1,$19,19,$-0.02,$-0.02,$31,$7,$1,$48,$11,$0,$2,$0,$12,$60,$11,$0,$0,$0,$11,$0,$-104,$0,$49,$60,$0,$4,$1,$5,$1,$-2,$0,$1,$-2,$3,$0,$0,$0,$-4,$0,$-4,$0,$-3,$-0,$0,$-0,$-1,$-1,$0,$0,$-1,$-1,$0,$0
37,2009-06-30,0.95,$2.66,0.36,$4.11,0.23,$-0.22,0.0,$-0.19,0.0,$0.05B,$0.01B,4.07,$0.00B,$0.05B,0.0,$0.08B,$0.02B,27.85%,$0.08B,$-0.00B,-5.06%,$0.08B,$-0.00B,-5.06%,$0.08B,$0.01B,6.33%,$0.08B,$-0.00B,-3.80%,$0.08B,$-0.00B,-3.80%,$-0.00B,$0.05B,-6.00%,$-0.00B,$0.05B,-6.35%,$-0.00B,$0.06B,-4.84%,$-0.00B,$0.05B,-8.00%,$19,$13,$6,$1,$4,$18,$1,$0,$1,$0,$1,$1,$1,$2,$1,$19,19,$0.04,$0.04,$32,$7,$2,$49,$12,$0,$2,$0,$13,$62,$12,$0,$0,$0,$12,$0,$-103,$0,$50,$62,$1,$3,$0,$3,$1,$-2,$0,$0,$-1,$3,$1,$0,$0,$-1,$0,$-1,$0,$-1,$-0,$0,$-0,$-0,$-0,$0,$0,$-0,$2,$0,$0
38,2009-03-31,0.8,$2.58,0.31,$4.20,0.19,$-0.63,0.0,$-0.29,0.0,$0.05B,$0.01B,4.04,$0.00B,$0.05B,0.0,$0.08B,$0.02B,26.25%,$0.08B,$-0.01B,-7.50%,$0.08B,$-0.01B,-7.50%,$0.08B,$0.00B,3.75%,$0.08B,$-0.01B,-6.25%,$0.08B,$-0.01B,-6.25%,$-0.01B,$0.05B,-9.85%,$-0.01B,$0.05B,-10.58%,$-0.01B,$0.06B,-7.94%,$-0.01B,$0.05B,-11.82%,$18,$13,$5,$1,$4,$18,$-0,$0,$0,$0,$0,$0,$0,$1,$-0,$19,19,$0.00,$0.00,$28,$6,$2,$46,$13,$0,$2,$0,$14,$60,$11,$0,$0,$0,$11,$0,$-104,$-0,$49,$60,$0,$2,$0,$2,$-1,$-1,$0,$0,$-3,$-1,$1,$0,$0,$2,$0,$2,$0,$2,$-0,$0,$-0,$-0,$-0,$0,$0,$-0,$2,$0,$0
39,2008-12-31,0.43,$2.58,0.17,$4.24,0.1,$-0.91,0.0,$-0.36,0.0,$0.05B,$0.01B,3.78,$0.00B,$0.05B,0.0,$0.08B,$0.02B,25.00%,$0.08B,$-0.01B,-10.00%,$0.08B,$-0.01B,-10.00%,$0.08B,$0.00B,2.50%,$0.08B,$-0.01B,-7.50%,$0.08B,$-0.01B,-7.50%,$-0.01B,$0.05B,-11.54%,$-0.01B,$0.05B,-12.57%,$-0.01B,$0.06B,-9.27%,$-0.01B,$0.05B,-15.38%,$22,$16,$6,$1,$5,$26,$-4,$0,$-3,$0,$-3,$-3,$-3,$1,$-4,$19,19,$-0.18,$-0.18,$28,$5,$3,$46,$13,$0,$2,$0,$16,$61,$12,$0,$0,$0,$12,$0,$-104,$-0,$49,$61,$-7,$9,$3,$12,$-1,$0,$-0,$-0,$-3,$2,$-5,$0,$0,$2,$0,$2,$0,$-4,$0,$-0,$-0,$0,$0,$0,$0,$-0,$-1,$1,$0
40,2008-09-30,0.85,$2.75,0.31,$4.08,0.21,$-0.98,0.0,$-0.24,0.0,$0.04B,$0.01B,3.29,$0.00B,$0.05B,0.0,$0.08B,$0.02B,23.38%,$0.08B,$-0.01B,-6.49%,$0.08B,$-0.01B,-6.49%,$0.08B,$0.00B,1.30%,$0.08B,$-0.00B,-5.19%,$0.08B,$-0.00B,-5.19%,$-0.00B,$0.05B,-7.48%,$-0.00B,$0.05B,-8.25%,$-0.00B,$0.07B,-5.99%,$-0.01B,$0.05B,-9.35%,$20,$15,$5,$1,$5,$21,$-1,$0,$-1,$0,$-1,$-1,$-1,$1,$-1,$19,19,$-0.05,$-0.05,$23,$6,$2,$41,$17,$2,$5,$0,$24,$65,$12,$0,$0,$0,$13,$0,$-101,$-0,$52,$65,$-3,$5,$1,$6,$-2,$-0,$-0,$-0,$-3,$-0,$-5,$0,$0,$1,$0,$1,$0,$-4,$-0,$0,$-0,$0,$0,$0,$0,$-0,$-5,$1,$0
41,2008-06-30,1.57,$2.79,0.56,$4.01,0.39,$-0.95,0.0,$-0.22,0.0,$0.04B,$0.01B,3.29,$0.00B,$0.05B,0.0,$0.08B,$0.02B,23.68%,$0.08B,$-0.01B,-6.58%,$0.08B,$-0.01B,-6.58%,$0.08B,0,0.00%,$0.08B,$-0.00B,-5.26%,$0.08B,$-0.00B,-5.26%,$-0.00B,$0.05B,-7.34%,$-0.00B,$0.05B,-8.08%,$-0.00B,$0.07B,-5.88%,$-0.01B,$0.05B,-9.17%,$20,$15,$5,$1,$5,$21,$-1,$0,$-1,$0,$-1,$-1,$-1,$0,$-1,$19,19,$-0.06,$-0.06,$25,$6,$2,$41,$17,$2,$5,$0,$24,$66,$12,$0,$0,$0,$13,$0,$-100,$-0,$53,$66,$-3,$3,$1,$4,$-0,$-0,$-0,$-0,$-2,$-1,$-4,$0,$0,$1,$0,$1,$0,$-3,$-0,$0,$-0,$0,$0,$0,$0,$-0,$-4,$0,$0
42,2008-03-31,2.1,$2.86,0.74,$3.94,0.53,$-0.89,0.0,$-0.15,0.0,$0.04B,$0.01B,3.36,$0.00B,$0.05B,0.0,$0.08B,$0.02B,25.33%,$0.08B,$-0.00B,-5.33%,$0.08B,$-0.00B,-5.33%,$0.08B,$0.00B,1.33%,$0.08B,$-0.00B,-4.00%,$0.08B,$-0.00B,-4.00%,$-0.00B,$0.05B,-5.43%,$-0.00B,$0.05B,-5.97%,$-0.00B,$0.07B,-4.36%,$-0.00B,$0.05B,-7.24%,$18,$14,$4,$1,$5,$20,$-2,$0,$-1,$0,$-1,$-1,$-1,$-0,$-2,$19,19,$-0.07,$-0.07,$24,$6,$2,$42,$17,$3,$5,$0,$25,$67,$12,$0,$0,$0,$13,$0,$-99,$0,$54,$67,$-1,$2,$0,$2,$-1,$-0,$-0,$-0,$-3,$-3,$-3,$0,$0,$6,$0,$6,$0,$3,$-0,$0,$-0,$0,$0,$0,$0,$-0,$1,$0,$0
43,2007-12-31,2.71,$2.92,0.93,$3.89,0.7,$-0.85,0.0,$-0.08,0.0,$0.05B,$0.01B,3.51,$0.00B,$0.06B,0.0,$0.08B,$0.02B,26.67%,$0.08B,$-0.00B,-2.67%,$0.08B,$-0.00B,-2.67%,$0.08B,$0.00B,1.33%,$0.08B,$-0.00B,-2.67%,$0.08B,$-0.00B,-2.67%,$-0.00B,$0.06B,-3.59%,$-0.00B,$0.05B,-3.86%,$-0.00B,$0.07B,-2.90%,$-0.00B,$0.06B,-3.59%,$19,$14,$4,$1,$5,$20,$-1,$0,$-1,$0,$-1,$-1,$-1,$0,$-1,$19,19,$-0.05,$-0.05,$32,$5,$2,$47,$16,$0,$5,$0,$22,$69,$14,$0,$0,$0,$14,$0,$-97,$0,$55,$69,$-1,$5,$2,$7,$-1,$0,$0,$-0,$-1,$5,$-9,$0,$-9,$18,$0,$18,$0,$0,$0,$-0,$-0,$0,$0,$0,$0,$-0,$5,$1,$0
44,2007-09-30,2.41,$2.98,0.81,$3.81,0.63,$-0.88,0.0,$-0.03,0.0,$0.05B,$0.01B,3.66,$0.00B,$0.06B,0.0,$0.07B,$0.02B,28.77%,$0.07B,$-0.00B,-2.74%,$0.07B,$-0.00B,-2.74%,$0.07B,$0.00B,1.37%,$0.07B,$-0.00B,-1.37%,$0.07B,$-0.00B,-1.37%,$-0.00B,$0.06B,-1.79%,$-0.00B,$0.05B,-1.89%,$-0.00B,$0.07B,-1.45%,$-0.00B,$0.06B,-3.57%,$19,$14,$5,$1,$5,$20,$-1,$0,$-1,$0,$-1,$-1,$-1,$0,$-1,$19,19,$-0.03,$-0.03,$31,$5,$1,$48,$16,$0,$6,$0,$22,$70,$13,$0,$0,$0,$13,$0,$-96,$0,$56,$70,$-0,$4,$1,$4,$-2,$1,$0,$0,$-2,$2,$-7,$0,$-9,$13,$0,$13,$0,$-3,$-0,$0,$-0,$0,$0,$0,$0,$-0,$-1,$1,$0
45,2007-06-30,3.13,$3.00,1.04,$3.70,0.84,$-0.88,0.0,$-0.11,0.0,$0.05B,$0.01B,3.86,$0.00B,$0.06B,0.0,$0.07B,$0.02B,28.17%,$0.07B,$-0.00B,-5.63%,$0.07B,$-0.00B,-5.63%,$0.07B,$-0.00B,-1.41%,$0.07B,$-0.00B,-2.82%,$0.07B,$-0.00B,-2.82%,$-0.00B,$0.06B,-3.60%,$-0.00B,$0.05B,-3.70%,$-0.00B,$0.07B,-2.91%,$-0.00B,$0.06B,-7.14%,$19,$13,$6,$1,$5,$19,$-0,$0,$0,$0,$0,$0,$0,$1,$-0,$19,19,$0.01,$0.01,$32,$6,$1,$49,$14,$0,$6,$0,$20,$69,$13,$0,$0,$0,$13,$0,$-96,$-0,$56,$69,$0,$2,$1,$3,$-1,$-0,$-1,$1,$-2,$1,$-4,$0,$-9,$12,$0,$12,$0,$-1,$-0,$0,$-0,$0,$0,$0,$0,$-0,$-0,$1,$0
46,2007-03-31,3.43,$2.97,1.16,$3.74,0.92,$-0.83,0.0,$-0.18,0.0,$0.06B,$0.01B,4.79,$0.00B,$0.06B,0.0,$0.07B,$0.02B,28.17%,$0.07B,$-0.01B,-8.45%,$0.07B,$-0.01B,-8.45%,$0.07B,$-0.00B,-2.82%,$0.07B,$-0.00B,-4.23%,$0.07B,$-0.00B,-4.23%,$-0.00B,$0.06B,-5.38%,$-0.00B,$0.06B,-5.41%,$-0.00B,$0.07B,-4.33%,$-0.01B,$0.06B,-10.67%,$18,$12,$5,$1,$5,$18,$-0,$0,$0,$0,$0,$0,$0,$0,$-0,$19,19,$0.00,$0.00,$40,$7,$2,$57,$11,$0,$0,$0,$11,$68,$12,$0,$0,$0,$12,$0,$-96,$-0,$56,$68,$0,$1,$0,$1,$-1,$-1,$-1,$-0,$-4,$-3,$-2,$0,$0,$4,$0,$4,$0,$2,$-0,$0,$-0,$0,$0,$0,$0,$-0,$-0,$0,$0
47,2006-12-31,3.07,$2.95,1.04,$3.84,0.8,$-0.72,0.0,$-0.33,0.0,$0.06B,$0.01B,4.41,$0.00B,$0.06B,0.0,$0.07B,$0.02B,26.39%,$0.07B,$-0.01B,-12.50%,$0.07B,$-0.01B,-12.50%,$0.07B,$-0.00B,-5.56%,$0.07B,$-0.01B,-8.33%,$0.07B,$-0.01B,-8.33%,$-0.01B,$0.06B,-10.67%,$-0.01B,$0.06B,-10.71%,$-0.01B,$0.07B,-8.54%,$-0.01B,$0.06B,-15.86%,$17,$12,$5,$1,$5,$18,$-1,$0,$-0,$0,$-0,$-0,$-0,$0,$-1,$19,19,$-0.02,$-0.02,$44,$6,$1,$59,$10,$0,$0,$0,$10,$69,$13,$0,$0,$0,$14,$0,$-96,$-0,$55,$69,$-6,$5,$2,$7,$0,$-1,$0,$0,$-0,$0,$-5,$-0,$0,$-1,$0,$-1,$0,$-6,$0,$-1,$-1,$0,$0,$0,$0,$-1,$-6,$2,$0
