,Date,Stock Price,Book Value per Share,Price to Book Ratio,TTM Sales per Share,Price to Sales Ratio,TTM FCF per Share,Price to FCF Ratio,TTM Net EPS,PE Ratio,Current Assets,Current Liabilities,Current Ratio,Long Term Debt,Shareholder's Equity_x,Debt to Equity Ratio,TTM Revenue_x,TTM Gross Profit,Gross Margin,TTM Revenue_y,TTM Operating Income,Operating Margin,TTM Revenue_x,TTM EBIT,EBIT Margin,TTM Revenue_y,TTM EBITDA,EBITDA Margin,TTM Revenue_x,TTM Pre-Tax Income,Pre-Tax Margin,TTM Revenue_y,TTM Net Income_x,Net Margin,TTM Net Income_y,Shareholder's Equity_y,Return on Equity,TTM Net Income_x,Tangible Equity,Return on Tangible Equity,TTM Net Income_y,Total Assets,Return on Assets,TTM Net Income,LT Investments & Debt,Return on Investment,revenue,cost-goods-sold,gross-profit,research-development-expenses,selling-general-administrative-expenses,operating-expenses,operating-income,total-non-operating-income-expense,pre-tax-income,total-provision-income-taxes,income-after-taxes,income-from-continuous-operations,net-income,ebitda,ebit,basic-shares-outstanding,shares-outstanding,eps-basic-net-earnings-per-share,eps-earnings-per-share-diluted,cash-on-hand,inventory,other-current-assets,total-current-assets,net-property-plant-equipment,long-term-investments,goodwill-intangible-assets-total,other-long-term-assets,total-long-term-assets,total-assets,total-current-liabilities,long-term-debt,other-non-current-liabilities,total-long-term-liabilities,total-liabilities,common-stock-net,retained-earnings-accumulated-deficit,comprehensive-income,total-share-holder-equity,total-liabilities-share-holders-equity,net-income-loss,total-depreciation-amortization-cash-flow,other-non-cash-items,total-non-cash-items,change-in-accounts-receivable,change-in-inventories,change-in-accounts-payable,change-in-assets-liabilities,total-change-in-assets-liabilities,cash-flow-from-operating-activities,net-change-in-property-plant-equipment,net-change-in-intangible-assets,net-acquisitions-divestitures,net-change-in-short-term-investments,net-change-in-long-term-investments,net-change-in-investments-total,investing-activities-other,cash-flow-from-investing-activities,net-long-term-debt,net-current-debt,debt-issuance-retirement-net-total,net-common-equity-issued-repurchased,net-total-equity-issued-repurchased,total-common-preferred-stock-dividends-paid,financial-activities-other,cash-flow-from-financial-activities,net-cash-flow,stock-based-compensation,common-stock-dividends-paid
0,2017-06-30,3.08,$0.00,0.0,0,0.0,0,0.0,0,0.0,$0.04B,$0.02B,2.13,$0.00B,$0.10B,0.01,$0.00B,0,nan%,$0.00B,0,nan%,$0.00B,0,nan%,$0.00B,0,nan%,$0.00B,0,nan%,$0.00B,0,nan%,$0.00B,$0.10B,0.00%,$0.00B,$0.10B,0.00%,$0.00B,$0.17B,0.00%,$0.00B,$0.10B,0.00%,$0,$0,$0,$0,$0,$0,$0,$0,$0,$0,$0,$0,$0,$0,$0,$0,0,$0.00,$0.00,$24,$18,$0,$49,$0,$21,$0,$0,$22,$184,$25,$1,$46,$60,$85,$0,$0,$0,$99,$184,$17,$0,$0,$0,$0,$0,$0,$0,$0,$18,$-9,$0,$0,$0,$0,$0,$-2,$-11,$0,$0,$-0,$0,$0,$-3,$0,$-4,$4,$0,$0
1,2016-06-30,5.66,$0.00,0.0,$1.14,4.95,$0.43,13.18,$0.12,47.15,$0.04B,$0.02B,1.92,$0.00B,$0.09B,0.01,$0.05B,$0.01B,14.29%,$0.05B,$0.00B,8.16%,$0.05B,$0.00B,8.16%,$0.05B,$-0.01B,-16.33%,$0.05B,$0.01B,14.29%,$0.05B,$0.01B,10.20%,$0.01B,$0.09B,4.42%,$0.01B,$0.09B,4.42%,$0.01B,$0.17B,2.65%,$0.00B,$0.09B,3.49%,$0,$0,$0,$0,$0,$0,$0,$0,$0,$0,$0,$0,$0,$0,$0,$0,0,$0.00,$0.00,$22,$18,$0,$47,$0,$19,$0,$0,$19,$179,$22,$1,$43,$56,$78,$0,$0,$0,$101,$179,$6,$6,$0,$6,$0,$0,$0,$0,$2,$12,$-6,$0,$0,$0,$0,$0,$-1,$-7,$0,$0,$-0,$0,$0,$-2,$0,$-2,$3,$0,$0
2,2016-03-31,3.64,$0.00,0.0,$2.47,1.47,$0.90,4.04,$0.15,24.25,$0.04B,$0.02B,2.17,$0.00B,$0.00B,0.0,$0.10B,$0.02B,20.20%,$0.10B,$0.01B,12.12%,$0.10B,$0.01B,12.12%,$0.10B,$0.00B,4.04%,$0.10B,$0.01B,8.08%,$0.10B,$0.01B,6.06%,$0.01B,$0.11B,4.93%,$0.01B,$0.11B,4.93%,$0.01B,$0.17B,3.01%,$0.01B,$0.11B,9.72%,$0,$0,$0,$0,$0,$0,$0,$0,$0,$0,$0,$0,$0,$0,$0,$0,0,$0.00,$0.00,$19,$13,$0,$40,$219,$17,$0,$0,$237,$168,$19,$1,$42,$54,$72,$307,$-212,$0,$96,$168,$-3,$13,$0,$13,$0,$0,$0,$0,$-9,$4,$-7,$0,$0,$0,$0,$0,$-0,$-7,$0,$0,$-0,$0,$0,$-4,$0,$-4,$-7,$0,$0
3,2015-12-31,1.43,$0.00,0.0,$3.57,0.4,$1.20,1.19,$0.15,9.53,$0.05B,$0.02B,2.17,$0.00B,$0.00B,0.0,$0.14B,$0.03B,18.44%,$0.14B,$0.01B,8.51%,$0.14B,$0.01B,8.51%,$0.14B,$0.01B,6.38%,$0.14B,$0.01B,6.38%,$0.14B,$0.01B,4.26%,$0.01B,$0.12B,4.69%,$0.01B,$0.12B,4.69%,$0.01B,$0.19B,2.86%,$0.01B,$0.12B,9.25%,$0,$0,$0,$0,$0,$0,$0,$0,$0,$0,$0,$0,$0,$0,$0,$0,0,$0.00,$0.00,$24,$11,$2,$42,$202,$15,$0,$0,$217,$168,$22,$1,$39,$53,$75,$290,$-207,$0,$93,$168,$8,$13,$0,$13,$0,$0,$0,$0,$6,$29,$-6,$0,$0,$0,$0,$0,$-1,$-7,$0,$0,$-2,$0,$-0,$-18,$0,$-20,$2,$0,$0
4,2015-06-30,1.58,$0.00,0.0,$4.86,0.32,$1.41,1.12,$0.14,11.28,$0.05B,$0.03B,2.01,$0.00B,$0.13B,0.01,$0.19B,$0.03B,17.37%,$0.19B,$0.01B,7.37%,$0.19B,$0.01B,7.37%,$0.19B,$0.02B,7.89%,$0.19B,$0.01B,4.74%,$0.19B,$0.01B,3.16%,$0.01B,$0.13B,4.53%,$0.01B,$0.13B,4.53%,$0.01B,$0.22B,2.77%,$0.01B,$0.14B,10.45%,$0,$0,$0,$0,$0,$0,$0,$0,$0,$0,$0,$0,$0,$0,$0,$0,0,$0.00,$0.00,$18,$12,$2,$41,$0,$15,$0,$0,$15,$174,$19,$1,$36,$48,$67,$0,$0,$0,$106,$174,$0,$0,$0,$0,$0,$0,$0,$0,$0,$5,$-4,$0,$0,$0,$0,$0,$-0,$-5,$0,$0,$-2,$0,$-0,$-3,$0,$-5,$-5,$0,$0
5,2015-03-31,1.48,$0.00,0.0,$4.82,0.31,$0.79,1.88,$0.01,0.0,$0.05B,$0.03B,1.62,$0.00B,$0.00B,0.0,$0.18B,$0.02B,9.29%,$0.18B,$0.01B,7.10%,$0.18B,$0.01B,7.10%,$0.18B,$0.03B,15.85%,$0.18B,$0.00B,2.19%,$0.18B,$0.00B,0.55%,$0.00B,$0.13B,0.74%,$0.00B,$0.13B,0.74%,$0.00B,$0.21B,0.45%,$0.01B,$0.13B,9.45%,$0,$0,$0,$0,$0,$0,$0,$0,$0,$0,$0,$0,$0,$0,$0,$0,0,$0.00,$0.00,$20,$14,$2,$46,$0,$17,$0,$0,$17,$194,$21,$1,$40,$54,$75,$0,$0,$0,$119,$194,$2,$7,$0,$7,$0,$0,$0,$0,$-4,$5,$-5,$0,$0,$0,$0,$0,$-1,$-5,$0,$0,$-2,$0,$0,$-3,$-1,$-6,$-6,$0,$0
6,2014-12-31,1.32,$0.00,0.0,$4.53,0.29,$0.46,2.84,$-0.08,0.0,$0.04B,$0.03B,1.52,$0.00B,$0.00B,0.0,$0.17B,$0.01B,5.23%,$0.17B,$0.00B,1.16%,$0.17B,$0.00B,1.16%,$0.17B,$0.02B,10.47%,$0.17B,$-0.00B,-0.58%,$0.17B,$-0.00B,-1.16%,$-0.00B,$0.13B,-1.45%,$-0.00B,$0.13B,-1.45%,$-0.00B,$0.22B,-0.88%,$0.00B,$0.13B,1.41%,$49,$42,$7,$0,$-2,$45,$4,$5,$7,$1,$5,$5,$5,$-8,$4,$43,43,$0.12,$0.12,$28,$15,$2,$53,$249,$17,$0,$0,$266,$219,$27,$2,$44,$59,$85,$366,$-244,$0,$134,$219,$0,$0,$0,$0,$0,$0,$0,$0,$0,$25,$-6,$0,$-0,$0,$0,$4,$-1,$-3,$0,$0,$-11,$0,$0,$-1,$0,$-11,$10,$0,$0
7,2014-09-30,2.88,$0.00,0.0,$4.52,0.64,$0.22,12.91,$-0.09,0.0,$0.04B,$0.03B,1.33,$0.00B,$0.00B,0.0,$0.17B,$0.01B,4.68%,$0.17B,$0.00B,1.75%,$0.17B,$0.00B,1.75%,$0.17B,$0.02B,10.53%,$0.17B,$-0.00B,-1.17%,$0.17B,$-0.00B,-1.17%,$-0.00B,$0.14B,-1.39%,$-0.00B,$0.14B,-1.39%,$-0.00B,$0.22B,-0.84%,$0.00B,$0.14B,2.01%,$50,$37,$13,$0,$1,$42,$8,$-2,$1,$0,$1,$1,$1,$12,$8,$38,38,$0.03,$0.03,$24,$12,$1,$45,$0,$20,$0,$0,$20,$210,$28,$2,$42,$54,$82,$0,$0,$0,$128,$210,$2,$13,$0,$13,$0,$0,$0,$0,$1,$18,$0,$0,$0,$0,$0,$0,$0,$-4,$0,$0,$-6,$0,$0,$-1,$0,$-7,$7,$0,$0
8,2014-06-30,2.52,$0.00,0.0,$4.50,0.56,$0.04,62.43,$-0.11,0.0,$0.05B,$0.03B,1.53,$0.01B,$0.14B,0.05,$0.17B,$0.01B,4.71%,$0.17B,0,0.00%,$0.17B,0,0.00%,$0.17B,$0.02B,8.82%,$0.17B,$-0.00B,-2.35%,$0.17B,$-0.00B,-1.76%,$-0.00B,$0.14B,-2.01%,$-0.00B,$0.14B,-2.01%,$-0.00B,$0.24B,-1.21%,$0.00B,$0.15B,0.00%,$42,$36,$6,$0,$2,$42,$-0,$-1,$1,$0,$0,$0,$0,$5,$-0,$38,38,$0.00,$0.00,$22,$12,$1,$42,$0,$19,$0,$0,$19,$215,$28,$2,$43,$56,$83,$0,$0,$0,$131,$215,$0,$9,$0,$9,$0,$0,$0,$0,$1,$12,$-1,$0,$0,$0,$0,$0,$-1,$-2,$0,$0,$0,$0,$0,$-1,$-7,$-7,$3,$0,$0
9,2014-03-31,3.16,$0.00,0.0,$4.63,0.68,$0.69,4.57,$-0.59,0.0,$0.04B,$0.03B,1.61,$0.01B,$0.00B,0.0,$0.17B,$0.15B,88.51%,$0.17B,$0.18B,103.45%,$0.17B,$0.18B,103.45%,$0.17B,$0.18B,105.75%,$0.17B,$-0.07B,-37.93%,$0.17B,$-0.02B,-12.07%,$-0.02B,$0.14B,-13.08%,$-0.02B,$0.14B,-13.08%,$-0.02B,$0.24B,-7.92%,$0.18B,$0.15B,105.88%,$49,$42,$7,$0,$2,$47,$2,$-2,$-0,$0,$-0,$-0,$-0,$6,$2,$38,38,$-0.01,$-0.01,$19,$12,$1,$41,$0,$20,$0,$0,$20,$223,$31,$0,$44,$55,$86,$0,$0,$0,$137,$223,$-0,$4,$0,$4,$0,$0,$0,$0,$0,$8,$0,$0,$0,$0,$0,$0,$-2,$-2,$0,$0,$0,$0,$0,$0,$-7,$-7,$-0,$0,$0
10,2013-12-31,3.13,$0.00,0.0,$5.16,0.61,$6.16,0.51,$-0.35,0.0,$0.05B,$0.03B,1.73,$0.01B,$0.00B,0.0,$0.19B,$0.03B,14.43%,$0.19B,$0.01B,6.19%,$0.19B,$0.01B,6.19%,$0.19B,$0.06B,28.87%,$0.19B,$-0.02B,-7.73%,$0.19B,$-0.01B,-6.19%,$-0.01B,$0.16B,-3.47%,$-0.01B,$0.16B,-3.47%,$-0.01B,$0.25B,-2.14%,$0.01B,$0.16B,3.22%,$42,$51,$-9,$0,$-3,$39,$3,$-2,$2,$1,$1,$-0,$-0,$6,$3,$38,38,$-0.01,$-0.01,$20,$14,$1,$45,$0,$21,$0,$0,$21,$236,$30,$7,$44,$63,$93,$395,$-291,$0,$143,$236,$-4,$15,$0,$15,$0,$0,$0,$0,$-4,$8,$-15,$0,$0,$0,$0,$-0,$-1,$-17,$0,$0,$-2,$0,$0,$-5,$-0,$-7,$-16,$0,$0
11,2013-09-30,4.73,$0.00,0.0,$5.83,0.81,$6.84,0.69,$-0.06,0.0,$0.06B,$0.04B,1.57,$0.01B,$0.00B,0.0,$0.22B,$0.05B,22.73%,$0.22B,$0.03B,12.73%,$0.22B,$0.03B,12.73%,$0.22B,$0.07B,32.73%,$0.22B,$0.00B,0.45%,$0.22B,$-0.00B,-0.45%,$-0.00B,$0.16B,-0.28%,$-0.00B,$0.16B,-0.28%,$-0.00B,$0.27B,-0.17%,$0.03B,$0.17B,7.24%,$39,$35,$5,$0,$3,$42,$-3,$-1,$-4,$-0,$-3,$-2,$-2,$1,$-3,$38,38,$-0.06,$-0.06,$19,$13,$0,$43,$0,$29,$0,$0,$29,$236,$26,$7,$52,$68,$94,$0,$0,$0,$142,$236,$-5,$12,$0,$12,$0,$0,$0,$0,$-5,$6,$0,$0,$0,$0,$0,$0,$0,$-14,$0,$0,$-2,$0,$-0,$-5,$0,$-7,$-16,$0,$0
12,2013-06-30,4.49,$0.00,0.0,$6.26,0.72,$6.92,0.65,$0.23,19.53,$0.07B,$0.03B,2.46,$0.02B,$0.19B,0.09,$0.24B,$0.07B,27.97%,$0.24B,$0.04B,17.37%,$0.24B,$0.04B,17.37%,$0.24B,$0.09B,36.02%,$0.24B,$0.02B,6.78%,$0.24B,$0.01B,4.24%,$0.01B,$0.19B,2.71%,$0.01B,$0.19B,2.71%,$0.01B,$0.30B,1.68%,$0.04B,$0.20B,10.24%,$41,$36,$5,$0,$4,$40,$1,$-5,$-0,$1,$-1,$-0,$-0,$5,$1,$38,38,$-0.01,$-0.01,$20,$12,$0,$45,$0,$31,$0,$0,$31,$253,$26,$7,$54,$72,$98,$0,$0,$0,$155,$253,$-2,$8,$0,$8,$0,$0,$0,$0,$-8,$2,$0,$0,$0,$0,$0,$0,$0,$-12,$0,$0,$-2,$0,$-0,$-5,$0,$-8,$-17,$0,$0
13,2013-03-31,6.47,$0.00,0.0,$6.37,1.02,$7.48,0.86,$0.92,7.03,$0.33B,$0.13B,2.51,$0.07B,$0.00B,0.0,$0.24B,$-0.19B,-77.59%,$0.24B,$-0.24B,-101.24%,$0.24B,$-0.24B,-101.24%,$0.24B,$-0.18B,-73.03%,$0.24B,$0.09B,35.68%,$0.24B,$0.04B,14.94%,$0.04B,$0.89B,9.60%,$0.04B,$0.89B,9.60%,$0.04B,$1.42B,6.02%,$-0.24B,$0.96B,-60.62%,$48,$41,$7,$0,$4,$49,$-1,$-1,$-2,$0,$-2,$-1,$-1,$3,$-1,$38,38,$-0.03,$-0.03,$33,$13,$0,$59,$0,$31,$0,$0,$31,$268,$37,$8,$55,$73,$110,$0,$0,$0,$158,$268,$-2,$4,$0,$4,$0,$0,$0,$0,$-5,$1,$0,$0,$0,$0,$0,$0,$-6,$-6,$0,$0,$0,$0,$0,$0,$0,$0,$-5,$0,$0
14,2012-12-31,6.52,$0.00,0.0,$6.34,1.03,$3.56,1.83,$0.91,7.17,$0.08B,$0.03B,2.8,$0.02B,$0.00B,0.0,$0.24B,$-0.05B,-18.67%,$0.24B,$-0.06B,-26.14%,$0.24B,$-0.06B,-26.14%,$0.24B,$-0.05B,-19.50%,$0.24B,$0.05B,20.33%,$0.24B,$0.04B,14.52%,$0.04B,$0.20B,17.35%,$0.04B,$0.20B,17.35%,$0.04B,$0.32B,10.79%,$-0.06B,$0.22B,-29.86%,$46,$-91,$137,$0,$-36,$-136,$183,$-35,$-60,$-5,$-55,$-18,$-18,$175,$183,$38,38,$-0.49,$-0.49,$43,$16,$1,$69,$0,$35,$0,$0,$35,$303,$28,$16,$61,$88,$116,$465,$-328,$0,$187,$303,$16,$43,$0,$43,$0,$0,$0,$0,$-5,$57,$-40,$0,$0,$0,$0,$-9,$0,$-49,$0,$0,$15,$0,$-3,$-12,$0,$1,$9,$0,$0
15,2012-09-30,5.05,$0.00,0.0,$6.07,0.83,$3.98,1.27,$1.03,4.9,$0.09B,$0.04B,2.37,$0.02B,$0.00B,0.0,$0.23B,$-0.05B,-21.21%,$0.23B,$-0.07B,-28.57%,$0.23B,$-0.07B,-28.57%,$0.23B,$-0.05B,-21.65%,$0.23B,$0.05B,19.91%,$0.23B,$0.04B,17.32%,$0.04B,$0.20B,20.43%,$0.04B,$0.20B,20.43%,$0.04B,$0.33B,12.47%,$-0.07B,$0.22B,-32.88%,$59,$181,$-121,$0,$32,$230,$-171,$11,$47,$6,$41,$7,$7,$-127,$-171,$38,38,$0.18,$0.18,$206,$56,$0,$330,$0,$71,$0,$91,$171,$1423,$132,$73,$277,$406,$538,$0,$0,$0,$885,$1423,$174,$52,$0,$52,$0,$0,$0,$0,$-37,$213,$0,$0,$0,$0,$0,$0,$-160,$-160,$0,$0,$55,$0,$0,$-52,$0,$3,$56,$0,$0
16,2012-06-30,5.2,$0.00,0.0,$7.39,0.7,$4.32,1.21,$1.05,4.96,$0.06B,$0.03B,1.8,$0.00B,$0.21B,0.0,$0.28B,$-0.04B,-15.30%,$0.28B,$-0.06B,-20.64%,$0.28B,$-0.06B,-20.64%,$0.28B,$-0.04B,-15.30%,$0.28B,$0.05B,17.79%,$0.28B,$0.04B,14.59%,$0.04B,$0.21B,21.52%,$0.04B,$0.21B,21.52%,$0.04B,$0.32B,12.65%,$-0.06B,$0.21B,-30.25%,$67,$39,$27,$0,$6,$49,$17,$-1,$16,$2,$14,$11,$11,$21,$17,$38,38,$0.28,$0.28,$46,$12,$0,$77,$0,$37,$0,$0,$39,$319,$27,$17,$61,$90,$117,$0,$0,$0,$202,$319,$29,$8,$0,$8,$0,$0,$0,$0,$-13,$28,$0,$0,$0,$0,$0,$0,$0,$-24,$0,$0,$13,$0,$0,$-5,$0,$8,$11,$0,$0
17,2012-03-31,5.93,$0.00,0.0,$8.49,0.7,$4.51,1.31,$-0.57,0.0,$0.10B,$0.06B,1.89,$0.00B,$0.00B,0.0,$0.32B,$0.09B,27.55%,$0.32B,$0.05B,14.86%,$0.32B,$0.05B,14.86%,$0.32B,$0.13B,40.25%,$0.32B,$-0.04B,-10.84%,$0.32B,$-0.02B,-6.50%,$-0.02B,$0.19B,-11.59%,$-0.02B,$0.19B,-11.59%,$-0.02B,$0.33B,-6.46%,$0.05B,$0.19B,26.12%,$64,$41,$23,$0,$6,$52,$12,$1,$13,$2,$11,$10,$10,$16,$12,$37,37,$0.26,$0.26,$50,$11,$0,$86,$0,$36,$0,$0,$37,$329,$36,$20,$63,$91,$128,$0,$0,$0,$201,$329,$13,$4,$0,$4,$0,$0,$0,$0,$-17,$4,$0,$0,$0,$0,$0,$0,$0,$-10,$0,$0,$0,$0,$0,$0,$0,$20,$14,$0,$0
18,2011-12-31,4.31,$0.00,0.0,$9.39,0.46,$3.64,1.18,$-0.56,0.0,$0.09B,$0.05B,1.85,$0.00B,$0.00B,0.0,$0.36B,$0.09B,24.86%,$0.36B,$0.05B,13.41%,$0.36B,$0.05B,13.41%,$0.36B,$0.14B,39.66%,$0.36B,$-0.04B,-10.06%,$0.36B,$-0.02B,-5.59%,$-0.02B,$0.18B,-10.26%,$-0.02B,$0.18B,-10.26%,$-0.02B,$0.30B,-5.86%,$0.05B,$0.18B,23.97%,$51,$166,$-116,$0,$-2,$153,$-102,$5,$10,$-11,$22,$9,$8,$-86,$-102,$38,38,$0.20,$0.20,$39,$14,$0,$61,$0,$44,$0,$0,$49,$323,$34,$0,$66,$77,$111,$530,$-362,$0,$212,$323,$51,$16,$0,$16,$0,$0,$0,$0,$8,$80,$-42,$0,$-1,$0,$0,$-8,$-3,$-54,$0,$0,$-12,$0,$-6,$-4,$-0,$-22,$5,$0,$0
19,2011-09-30,3.97,$0.00,0.0,$10.37,0.38,$2.86,1.39,$-0.84,0.0,$0.09B,$0.07B,1.31,$0.01B,$0.00B,0.0,$0.40B,$0.09B,22.22%,$0.40B,$0.05B,11.62%,$0.40B,$0.05B,11.62%,$0.40B,$0.14B,35.61%,$0.40B,$-0.04B,-9.60%,$0.40B,$-0.03B,-7.83%,$-0.03B,$0.18B,-14.71%,$-0.03B,$0.18B,-14.71%,$-0.03B,$0.34B,-8.57%,$0.05B,$0.19B,21.03%,$59,$38,$21,$0,$7,$50,$10,$0,$10,$3,$7,$6,$6,$2,$10,$38,38,$0.17,$0.17,$49,$11,$28,$103,$0,$1,$0,$14,$20,$327,$55,$0,$61,$81,$136,$0,$0,$0,$192,$327,$0,$0,$0,$0,$0,$0,$0,$0,$0,$65,$0,$0,$0,$0,$0,$0,$0,$-31,$0,$0,$0,$0,$0,$0,$0,$-18,$16,$0,$0
20,2011-06-30,3.78,$0.00,0.0,$9.67,0.39,$2.49,1.52,$-1.12,0.0,$0.07B,$0.06B,1.24,$0.01B,$0.18B,0.03,$0.37B,$0.07B,19.62%,$0.37B,$0.03B,8.33%,$0.37B,$0.03B,8.33%,$0.37B,$0.13B,34.14%,$0.37B,$-0.06B,-14.78%,$0.37B,$-0.04B,-11.29%,$-0.04B,$0.18B,-18.98%,$-0.04B,$0.18B,-18.98%,$-0.04B,$0.33B,-11.51%,$0.03B,$0.18B,13.51%,$57,$34,$23,$0,$5,$43,$14,$-1,$13,$4,$9,$4,$16,$18,$14,$39,39,$0.40,$0.40,$40,$11,$27,$89,$0,$1,$0,$13,$20,$304,$48,$0,$57,$77,$125,$0,$0,$0,$178,$304,$24,$7,$16,$23,$0,$0,$0,$0,$-6,$45,$0,$0,$0,$0,$0,$0,$0,$-21,$0,$0,$-9,$0,$0,$-4,$-2,$-15,$9,$0,$0
21,2011-03-31,4.14,$0.00,0.0,$9.09,0.46,$0.84,4.91,$1.15,3.6,$0.07B,$0.05B,1.57,$0.01B,$0.00B,0.0,$0.35B,$0.05B,13.71%,$0.35B,$0.04B,12.57%,$0.35B,$0.04B,12.57%,$0.35B,$0.04B,11.14%,$0.35B,$0.06B,16.57%,$0.35B,$0.05B,12.86%,$0.05B,$0.25B,19.40%,$0.05B,$0.25B,19.40%,$0.05B,$0.39B,12.23%,$0.04B,$0.26B,18.26%,$114,$85,$29,$0,$5,$94,$20,$-2,$17,$6,$12,$11,$11,$23,$20,$38,38,$0.28,$0.28,$42,$16,$0,$85,$0,$4,$0,$19,$31,$342,$65,$6,$71,$97,$162,$0,$0,$0,$180,$342,$17,$4,$0,$4,$0,$0,$0,$0,$-8,$17,$0,$0,$0,$0,$0,$0,$0,$-12,$0,$0,$0,$0,$0,$0,$0,$0,$5,$0,$0
22,2010-12-31,3.8,$0.00,0.0,$8.49,0.45,$-0.33,0.0,$1.01,3.77,$0.07B,$0.04B,1.55,$0.01B,$0.00B,0.0,$0.33B,$0.04B,12.27%,$0.33B,$0.03B,10.43%,$0.33B,$0.03B,10.43%,$0.33B,$0.03B,9.51%,$0.33B,$0.05B,15.64%,$0.33B,$0.04B,12.27%,$0.04B,$0.24B,18.04%,$0.04B,$0.24B,18.04%,$0.04B,$0.39B,11.23%,$0.03B,$0.25B,14.78%,$93,$77,$16,$0,$7,$89,$4,$-79,$-75,$-2,$-73,$-54,$-54,$87,$4,$38,38,$-1.42,$-1.42,$37,$18,$0,$73,$0,$4,$0,$19,$33,$328,$59,$6,$71,$94,$153,$592,$-443,$0,$175,$328,$-55,$97,$0,$97,$0,$0,$0,$0,$-0,$46,$0,$0,$0,$0,$0,$0,$0,$-48,$0,$0,$0,$0,$0,$0,$0,$12,$10,$0,$0
23,2010-09-30,4.0,$0.00,0.0,$7.58,0.53,$-1.05,0.0,$0.91,4.4,$0.05B,$0.04B,1.27,$0.01B,$0.01B,0.44,$0.30B,$0.03B,10.07%,$0.30B,$0.02B,8.05%,$0.30B,$0.02B,8.05%,$0.30B,$0.02B,7.72%,$0.30B,$0.04B,13.42%,$0.30B,$0.04B,12.08%,$0.04B,$0.22B,16.94%,$0.04B,$0.22B,16.94%,$0.04B,$0.35B,10.46%,$0.02B,$0.23B,10.90%,$94,$73,$21,$0,$6,$84,$10,$-0,$9,$1,$8,$7,$7,$14,$10,$38,38,$0.18,$0.18,$39,$14,$2,$71,$0,$4,$0,$19,$34,$391,$45,$11,$67,$99,$144,$0,$0,$0,$247,$391,$20,$14,$0,$14,$0,$0,$0,$0,$-13,$32,$0,$0,$0,$0,$0,$0,$0,$-32,$0,$0,$0,$0,$0,$0,$0,$11,$12,$0,$0
24,2010-06-30,3.36,$0.00,0.0,$6.66,0.5,$-1.45,0.0,$0.71,4.73,$0.05B,$0.04B,1.49,$0.01B,$0.22B,0.04,$0.27B,$0.02B,6.04%,$0.27B,$0.01B,2.64%,$0.27B,$0.01B,2.64%,$0.27B,$0.01B,3.02%,$0.27B,$0.03B,10.57%,$0.27B,$0.03B,10.57%,$0.03B,$0.22B,13.64%,$0.03B,$0.22B,13.64%,$0.03B,$0.34B,8.27%,$0.01B,$0.23B,3.27%,$95,$73,$22,$0,$5,$83,$12,$-1,$11,$5,$6,$5,$5,$17,$12,$39,39,$0.12,$0.12,$34,$15,$2,$65,$0,$4,$0,$19,$40,$386,$42,$10,$66,$102,$144,$0,$0,$0,$241,$386,$11,$9,$0,$9,$0,$0,$0,$0,$-14,$15,$0,$0,$0,$0,$0,$0,$0,$-20,$0,$0,$0,$0,$0,$0,$0,$12,$7,$0,$0
25,2010-03-31,3.77,$0.00,0.0,$5.80,0.65,$-1.29,0.0,$-0.04,0.0,$0.06B,$0.04B,1.46,$0.01B,$0.01B,0.72,$0.24B,$0.03B,12.30%,$0.24B,$-0.02B,-7.38%,$0.24B,$-0.02B,-7.38%,$0.24B,$0.00B,0.41%,$0.24B,$-0.02B,-6.97%,$0.24B,0,0.00%,$0.00B,$0.21B,0.00%,$0.00B,$0.21B,0.00%,$0.00B,$0.34B,0.00%,$-0.02B,$0.21B,-8.83%,$90,$76,$14,$0,$5,$85,$5,$-1,$-0,$1,$-1,$0,$0,$9,$5,$38,38,$0.00,$0.00,$20,$17,$2,$54,$0,$3,$0,$18,$40,$354,$43,$5,$61,$89,$132,$0,$0,$0,$222,$354,$-0,$4,$0,$4,$0,$0,$0,$0,$-7,$3,$0,$0,$0,$0,$0,$0,$0,$-8,$0,$0,$0,$0,$0,$0,$0,$-1,$-6,$0,$0
26,2009-12-31,5.28,$0.00,0.0,$3.95,1.33,$-0.94,0.0,$-0.08,0.0,$0.05B,$0.04B,1.39,$0.01B,$0.00B,0.0,$0.23B,$0.03B,12.72%,$0.23B,$-0.01B,-4.39%,$0.23B,$-0.01B,-4.39%,$0.23B,$0.00B,1.32%,$0.23B,$-0.01B,-3.95%,$0.23B,$0.00B,0.88%,$0.00B,$0.20B,1.13%,$0.00B,$0.20B,1.13%,$0.00B,$0.34B,0.68%,$-0.01B,$0.21B,-5.46%,$71,$80,$-9,$0,$-9,$54,$17,$23,$38,$6,$32,$33,$33,$-1,$17,$38,38,$0.85,$0.85,$25,$18,$2,$53,$0,$23,$0,$1,$42,$341,$36,$8,$57,$87,$123,$205,$0,$0,$218,$341,$0,$0,$0,$0,$0,$0,$0,$0,$0,$7,$-24,$0,$0,$0,$0,$-1,$-5,$-30,$0,$-0,$0,$0,$4,$-3,$0,$1,$-22,$0,$0
27,2009-09-30,5.54,$0.00,0.0,$2.39,2.32,$-0.60,0.0,$-0.10,0.0,$0.06B,$0.05B,1.24,$0.01B,$0.00B,0.0,$0.21B,$0.02B,9.57%,$0.21B,$-0.01B,-5.74%,$0.21B,$-0.01B,-5.74%,$0.21B,$-0.01B,-2.87%,$0.21B,$-0.00B,-1.44%,$0.21B,$0.00B,1.91%,$0.00B,$0.19B,2.54%,$0.00B,$0.19B,2.54%,$0.00B,$0.33B,1.52%,$-0.01B,$0.20B,-7.43%,$70,$57,$13,$0,$7,$70,$0,$2,$2,$1,$2,$2,$2,$6,$0,$38,38,$0.04,$0.04,$27,$13,$2,$62,$0,$6,$0,$19,$51,$344,$43,$9,$65,$96,$139,$0,$0,$0,$206,$344,$-11,$18,$0,$18,$0,$0,$0,$0,$-22,$-13,$0,$0,$0,$0,$0,$0,$0,$-15,$0,$0,$0,$0,$0,$0,$0,$8,$-20,$0,$0
28,2009-06-30,5.81,$0.00,0.0,$0.99,5.88,$-0.28,0.0,$0.10,58.11,$0.06B,$0.04B,1.69,$0.01B,$0.18B,0.04,$0.21B,$0.02B,11.27%,$0.21B,$0.00B,1.41%,$0.21B,$0.00B,1.41%,$0.21B,$0.00B,1.41%,$0.21B,$0.01B,4.69%,$0.21B,$0.01B,5.16%,$0.01B,$0.18B,7.45%,$0.01B,$0.18B,7.45%,$0.01B,$0.30B,4.41%,$0.00B,$0.19B,2.01%,$67,$55,$12,$0,$3,$65,$2,$-2,$0,$-1,$1,$1,$1,$9,$2,$43,43,$0.02,$0.02,$22,$13,$2,$54,$0,$6,$0,$18,$51,$338,$39,$9,$63,$95,$134,$0,$0,$0,$204,$338,$-13,$12,$0,$12,$0,$0,$0,$0,$-15,$-15,$0,$0,$0,$0,$0,$0,$0,$-13,$0,$0,$0,$0,$0,$0,$0,$2,$-26,$0,$0
29,2009-03-31,6.47,$0.00,0.0,$1.11,5.81,$-0.23,0.0,$0.10,64.7,$0.10B,$0.03B,3.31,$0.00B,$0.00B,0.0,$0.23B,$0.15B,67.40%,$0.23B,$0.16B,72.25%,$0.23B,$0.16B,72.25%,$0.23B,$0.16B,72.25%,$0.23B,$-0.02B,-6.61%,$0.23B,$0.01B,5.29%,$0.01B,$0.13B,8.22%,$0.01B,$0.13B,8.22%,$0.01B,$0.22B,4.74%,$0.16B,$0.13B,112.33%,$57,$58,$-0,$0,$6,$69,$-12,$-0,$-12,$-4,$-8,$-8,$-8,$-6,$-12,$41,41,$-0.20,$-0.20,$30,$12,$2,$59,$0,$6,$0,$17,$47,$332,$48,$8,$60,$91,$139,$0,$0,$0,$193,$332,$-12,$5,$0,$5,$0,$0,$0,$0,$-10,$-13,$0,$0,$0,$0,$0,$0,$0,$-823,$0,$0,$0,$0,$0,$0,$0,$6,$-15,$0,$0
30,2008-12-31,4.26,$0.00,0.0,$1.11,3.83,$-0.23,0.0,$0.10,42.65,$0.10B,$0.03B,3.44,$0.00B,$0.00B,0.0,$0.24B,$0.16B,66.67%,$0.24B,$0.17B,70.42%,$0.24B,$0.17B,70.42%,$0.24B,$0.17B,70.42%,$0.24B,$-0.01B,-3.75%,$0.24B,$0.03B,10.83%,$0.03B,$0.13B,16.99%,$0.03B,$0.13B,16.99%,$0.03B,$0.21B,9.94%,$0.17B,$0.13B,110.46%,$50,$45,$5,$0,$1,$58,$-8,$-2,$-7,$-13,$6,$5,$5,$-8,$-8,$51,51,$0.10,$0.10,$40,$11,$2,$62,$0,$20,$0,$0,$39,$297,$37,$7,$52,$81,$118,$464,$-296,$0,$179,$297,$9,$11,$0,$11,$0,$0,$0,$0,$5,$24,$-38,$0,$-32,$0,$0,$5,$-2,$-67,$0,$-6,$0,$0,$1,$-4,$-0,$-10,$-56,$0,$0
31,2008-09-30,3.31,$0.00,0.0,$3.09,1.07,$-0.62,0.0,$0.50,6.62,$0.13B,$0.04B,3.03,$0.00B,$0.00B,0.0,$0.25B,$0.01B,3.94%,$0.25B,$-0.00B,-1.18%,$0.25B,$-0.00B,-1.18%,$0.25B,$-0.00B,-1.18%,$0.25B,$-0.01B,-4.33%,$0.25B,$0.04B,14.17%,$0.04B,$0.15B,12.86%,$0.04B,$0.15B,12.86%,$0.04B,$0.27B,7.92%,$-0.00B,$0.15B,-1.07%,$54,$42,$12,$0,$3,$46,$8,$1,$10,$5,$4,$4,$4,$8,$8,$0,0,$0.00,$0.00,$90,$0,$2,$100,$0,$7,$0,$13,$23,$217,$30,$0,$52,$56,$86,$0,$0,$0,$131,$217,$0,$0,$0,$0,$0,$0,$0,$0,$0,$0,$0,$0,$0,$0,$0,$0,$0,$0,$0,$0,$0,$0,$0,$0,$0,$0,$0,$0,$0
32,2008-06-30,5.77,$0.00,0.0,$3.09,1.87,$-0.62,0.0,$0.50,11.54,$0.16B,$0.06B,2.78,$0.00B,$0.17B,0.0,$0.25B,$0.01B,5.51%,$0.25B,$-0.00B,-0.39%,$0.25B,$-0.00B,-0.39%,$0.25B,$-0.00B,-0.39%,$0.25B,$-0.01B,-4.72%,$0.25B,$0.17B,68.11%,$0.17B,$0.17B,61.95%,$0.17B,$0.17B,61.95%,$0.17B,$0.31B,38.04%,$-0.00B,$0.17B,-0.36%,$48,$45,$3,$0,$4,$49,$-0,$7,$6,$3,$3,$3,$3,$-0,$-0,$0,0,$0.00,$0.00,$62,$10,$2,$95,$0,$7,$0,$12,$25,$210,$28,$0,$53,$56,$83,$0,$0,$0,$127,$210,$0,$0,$0,$0,$0,$0,$0,$0,$0,$0,$0,$0,$0,$0,$0,$0,$0,$0,$0,$0,$0,$0,$0,$0,$0,$0,$0,$0,$0
33,2008-03-31,7.32,$0.00,0.0,$1.97,3.71,$-0.39,0.0,$0.40,18.31,$0.14B,$0.03B,4.25,$0.00B,$0.00B,0.0,$0.19B,$-0.13B,-68.06%,$0.19B,$-0.16B,-83.77%,$0.19B,$-0.16B,-83.77%,$0.19B,$-0.14B,-70.68%,$0.19B,$0.00B,0.52%,$0.19B,$0.17B,89.01%,$0.17B,$0.16B,72.65%,$0.17B,$0.16B,72.65%,$0.17B,$0.25B,39.13%,$-0.16B,$0.16B,-67.87%,$61,$58,$4,$0,$1,$59,$3,$-2,$1,$2,$-1,$-1,$-1,$3,$3,$0,0,$0.00,$0.00,$104,$9,$2,$134,$0,$8,$0,$15,$34,$274,$44,$0,$70,$76,$120,$0,$0,$0,$154,$274,$0,$0,$0,$0,$0,$0,$0,$0,$0,$0,$0,$0,$0,$0,$0,$0,$0,$0,$0,$0,$0,$0,$0,$0,$0,$0,$0,$0,$0
34,2007-12-31,5.3,$0.00,0.0,$1.97,2.69,$-0.39,0.0,$0.40,13.25,$0.54B,$0.15B,3.68,$0.00B,$0.64B,0.0,$0.20B,$-0.14B,-71.94%,$0.20B,$-0.18B,-90.82%,$0.20B,$-0.18B,-90.82%,$0.20B,$-0.15B,-78.06%,$0.20B,$-0.02B,-10.71%,$0.20B,$0.15B,77.55%,$0.15B,$0.64B,75.53%,$0.15B,$0.64B,75.53%,$0.15B,$0.98B,34.41%,$-0.18B,$0.64B,-85.68%,$64,$-70,$134,$0,$4,$-89,$153,$-26,$-32,$-24,$-9,$4,$6,$153,$153,$57,57,$0.10,$0.10,$117,$9,$6,$164,$0,$24,$0,$0,$36,$312,$59,$0,$73,$82,$141,$566,$-423,$0,$172,$312,$267,$0,$0,$0,$0,$0,$0,$0,$0,$25,$-38,$0,$-17,$0,$0,$266,$0,$211,$0,$0,$0,$0,$4,$0,$-120,$-116,$118,$0,$0
35,2007-09-30,6.01,$0.00,0.0,0,0.0,0,0.0,0,0.0,$0.17B,$0.05B,3.45,$0.01B,$0.00B,0.0,$0.21B,$0.02B,8.13%,$0.21B,$-0.01B,-5.26%,$0.21B,$-0.01B,-5.26%,$0.21B,$0.01B,6.70%,$0.21B,$-0.03B,-12.44%,$0.21B,$0.01B,6.22%,$0.01B,$0.15B,28.73%,$0.01B,$0.15B,28.73%,$0.01B,$0.27B,4.92%,$-0.01B,$0.16B,-17.96%,$67,$48,$19,$0,$3,$53,$13,$2,$16,$2,$14,$14,$18,$13,$13,$0,0,$0.00,$0.00,$106,$7,$3,$141,$0,$8,$0,$12,$19,$250,$33,$0,$49,$58,$91,$0,$0,$0,$159,$250,$0,$0,$0,$0,$0,$0,$0,$0,$0,$0,$0,$0,$0,$0,$0,$0,$0,$0,$0,$0,$0,$0,$0,$0,$0,$0,$0,$0,$0
36,2007-06-30,5.39,$0.00,0.0,0,0.0,0,0.0,0,0.0,$0.13B,$0.19B,0.65,$0.00B,$-0.01B,0.0,$0.24B,$0.02B,7.98%,$0.24B,$-0.02B,-9.66%,$0.24B,$-0.02B,-9.66%,$0.24B,$0.00B,0.84%,$0.24B,$-0.04B,-14.71%,$0.24B,$-0.13B,-55.46%,$-0.13B,$-0.01B,-354.36%,$-0.13B,$-0.01B,-354.36%,$-0.13B,$0.23B,-42.48%,$-0.02B,$-0.01B,-36.36%,$62,$209,$-147,$0,$3,$233,$-172,$3,$4,$2,$2,$1,$13,$-172,$-172,$31,31,$0.40,$0.40,$421,$39,$8,$538,$0,$32,$0,$47,$79,$983,$146,$0,$202,$202,$348,$1,$0,$0,$635,$983,$32,$0,$-60,$-60,$0,$0,$0,$0,$0,$-12,$0,$0,$0,$0,$0,$0,$0,$1187,$0,$0,$0,$0,$0,$0,$0,$-584,$344,$0,$0
37,2007-03-31,4.95,$0.00,0.0,0,0.0,0,0.0,0,0.0,$0.16B,$0.17B,0.95,$0.02B,$0.00B,0.0,$0.24B,$0.03B,12.24%,$0.24B,$-0.02B,-7.17%,$0.24B,$-0.02B,-7.17%,$0.24B,$-0.02B,-7.17%,$0.24B,$-0.02B,-6.75%,$0.24B,$-0.14B,-56.96%,$-0.14B,$0.03B,-206.90%,$-0.14B,$0.03B,-206.90%,$-0.14B,$0.28B,-38.08%,$-0.02B,$0.05B,-16.39%,$61,$53,$8,$0,$3,$56,$5,$-5,$0,$0,$0,$2,$136,$5,$5,$0,0,$0.00,$0.00,$60,$8,$89,$166,$0,$8,$0,$11,$20,$274,$48,$7,$42,$74,$123,$0,$0,$0,$151,$274,$0,$0,$0,$0,$0,$0,$0,$0,$0,$0,$0,$0,$0,$0,$0,$0,$0,$0,$0,$0,$0,$0,$0,$0,$0,$0,$0,$0,$0
