,Date,Stock Price,Book Value per Share,Price to Book Ratio,TTM Sales per Share,Price to Sales Ratio,TTM FCF per Share,Price to FCF Ratio,TTM Net EPS,PE Ratio,Current Assets,Current Liabilities,Current Ratio,Long Term Debt,Shareholder's Equity_x,Debt to Equity Ratio,TTM Revenue_x,TTM Gross Profit,Gross Margin,TTM Revenue_y,TTM Operating Income,Operating Margin,TTM Revenue_x,TTM EBIT,EBIT Margin,TTM Revenue_y,TTM EBITDA,EBITDA Margin,TTM Revenue_x,TTM Pre-Tax Income,Pre-Tax Margin,TTM Revenue_y,TTM Net Income_x,Net Margin,TTM Net Income_y,Shareholder's Equity_y,Return on Equity,TTM Net Income_x,Tangible Equity,Return on Tangible Equity,TTM Net Income_y,Total Assets,Return on Assets,TTM Net Income,LT Investments & Debt,Return on Investment,revenue,cost-goods-sold,gross-profit,research-development-expenses,selling-general-administrative-expenses,operating-expenses,operating-income,total-non-operating-income-expense,pre-tax-income,total-provision-income-taxes,income-after-taxes,income-from-continuous-operations,net-income,ebitda,ebit,basic-shares-outstanding,shares-outstanding,eps-basic-net-earnings-per-share,eps-earnings-per-share-diluted,cash-on-hand,inventory,other-current-assets,total-current-assets,net-property-plant-equipment,long-term-investments,goodwill-intangible-assets-total,other-long-term-assets,total-long-term-assets,total-assets,total-current-liabilities,long-term-debt,other-non-current-liabilities,total-long-term-liabilities,total-liabilities,common-stock-net,retained-earnings-accumulated-deficit,comprehensive-income,total-share-holder-equity,total-liabilities-share-holders-equity,net-income-loss,total-depreciation-amortization-cash-flow,other-non-cash-items,total-non-cash-items,change-in-accounts-receivable,change-in-inventories,change-in-accounts-payable,change-in-assets-liabilities,total-change-in-assets-liabilities,cash-flow-from-operating-activities,net-change-in-property-plant-equipment,net-change-in-intangible-assets,net-acquisitions-divestitures,net-change-in-short-term-investments,net-change-in-long-term-investments,net-change-in-investments-total,investing-activities-other,cash-flow-from-investing-activities,net-long-term-debt,net-current-debt,debt-issuance-retirement-net-total,net-common-equity-issued-repurchased,net-total-equity-issued-repurchased,total-common-preferred-stock-dividends-paid,financial-activities-other,cash-flow-from-financial-activities,net-cash-flow,stock-based-compensation,common-stock-dividends-paid
0,2018-09-30,28.37,$13.19,2.15,$2.47,11.49,$1.53,18.57,$1.41,20.12,$0.57B,$0.22B,2.6,$2.63B,$4.73B,0.56,$0.89B,$0.57B,64.21%,$0.89B,$0.45B,50.22%,$0.89B,$0.45B,50.22%,$0.89B,$0.54B,60.40%,$0.89B,$0.39B,43.06%,$0.89B,$0.51B,56.82%,$0.51B,$4.73B,10.93%,$0.51B,$4.73B,10.93%,$0.51B,$7.83B,6.74%,$0.45B,$7.36B,6.29%,$232,$83,$149,$0,$9,$162,$70,$-17,$52,$-1,$53,$53,$53,$150,$70,$358,361,$0.15,$0.15,$133,$0,$0,$566,$6586,$0,$0,$367,$7259,$7825,$217,$2634,$248,$2882,$3100,$4,$-572,$0,$4725,$7825,$323,$237,$-231,$5,$0,$0,$0,$44,$44,$372,$-253,$-209,$0,$0,$0,$0,$133,$-330,$217,$0,$217,$31,$31,$-214,$4,$37,$79,$0,$-214
1,2018-06-30,28.83,$13.18,2.19,$2.36,12.19,$6.89,4.18,$1.72,16.76,$0.49B,$0.19B,2.64,$2.42B,$4.71B,0.51,$0.86B,$0.55B,64.29%,$0.86B,$0.45B,52.74%,$0.86B,$0.45B,52.74%,$0.86B,$0.53B,62.19%,$0.86B,$0.38B,43.76%,$0.86B,$0.62B,72.35%,$0.62B,$4.71B,13.32%,$0.62B,$4.71B,13.32%,$0.62B,$7.50B,8.37%,$0.45B,$7.13B,6.44%,$211,$63,$147,$0,$13,$2,$209,$-16,$193,$0,$193,$193,$194,$286,$209,$357,363,$0.54,$0.54,$86,$0,$0,$493,$6366,$0,$0,$331,$7010,$7503,$187,$2417,$189,$2607,$2794,$4,$-553,$0,$4709,$7503,$269,$156,$-220,$-63,$0,$0,$0,$25,$25,$231,$82,$-209,$0,$0,$0,$0,$139,$12,$-7,$0,$-7,$1,$1,$-143,$-45,$-194,$49,$0,$-143
2,2018-03-31,26.11,$12.83,2.03,$2.31,11.31,$11.09,2.35,$4.56,5.73,$0.68B,$0.15B,4.51,$2.50B,$4.58B,0.55,$0.84B,$0.53B,63.47%,$0.84B,$0.40B,47.54%,$0.84B,$0.40B,47.54%,$0.84B,$0.48B,56.89%,$0.84B,$0.31B,36.77%,$0.84B,$1.64B,196.05%,$1.64B,$4.58B,35.26%,$1.64B,$4.58B,35.26%,$1.64B,$7.43B,22.25%,$0.40B,$7.08B,5.69%,$235,$92,$143,$0,$21,$135,$99,$-16,$84,$10,$74,$74,$73,$178,$99,$357,360,$0.20,$0.20,$161,$0,$0,$684,$6193,$0,$0,$254,$6744,$7428,$152,$2496,$198,$2695,$2846,$4,$-675,$0,$4581,$7428,$74,$79,$-59,$20,$0,$0,$0,$20,$20,$113,$-40,$-23,$0,$0,$0,$0,$25,$-38,$73,$0,$73,$1,$1,$-72,$-42,$-40,$35,$0,$-72
3,2017-12-31,26.62,$12.84,2.07,$2.16,12.33,$11.00,2.42,$4.56,5.84,$0.62B,$0.14B,4.44,$2.42B,$4.57B,0.53,$0.78B,$0.52B,66.33%,$0.78B,$0.39B,49.81%,$0.78B,$0.39B,49.81%,$0.78B,$0.47B,60.31%,$0.78B,$0.29B,37.26%,$0.78B,$1.63B,209.22%,$1.63B,$4.57B,37.37%,$1.63B,$4.57B,37.37%,$1.63B,$7.39B,22.57%,$0.39B,$7.00B,5.68%,$216,$80,$135,$0,$14,$145,$71,$-15,$56,$-8,$64,$64,$188,$-74,$71,$356,362,$0.52,$0.52,$68,$0,$0,$620,$6155,$0,$0,$321,$6768,$7388,$140,$2423,$251,$2674,$2814,$4,$-676,$0,$4574,$7388,$71,$83,$-40,$43,$0,$0,$0,$-4,$-4,$110,$-60,$-114,$0,$0,$0,$0,$-14,$-189,$171,$0,$171,$1,$1,$-68,$-2,$102,$23,$0,$-68
4,2017-09-30,27.18,$13.35,2.04,$1.96,13.9,$12.08,2.25,$4.17,6.52,$0.58B,$0.18B,3.23,$2.13B,$4.75B,0.45,$0.71B,$0.47B,67.09%,$0.71B,$0.39B,55.60%,$0.71B,$0.39B,55.60%,$0.71B,$0.70B,99.15%,$0.71B,$0.27B,38.72%,$0.71B,$1.49B,211.91%,$1.49B,$4.75B,36.42%,$1.49B,$4.75B,36.42%,$1.49B,$7.30B,21.08%,$0.39B,$6.89B,5.85%,$195,$68,$126,$0,$10,$121,$73,$-31,$42,$0,$42,$42,$165,$143,$73,$356,362,$0.46,$0.46,$27,$0,$0,$576,$5676,$0,$0,$765,$6721,$7297,$178,$2132,$234,$2366,$2544,$4,$-488,$0,$4753,$7297,$1464,$227,$-1355,$-1128,$0,$0,$0,$26,$26,$362,$1700,$-621,$0,$0,$0,$0,$82,$1161,$-806,$0,$-806,$7,$7,$-203,$-12,$-1014,$509,$0,$-203
5,2017-06-30,26.19,$13.11,2.0,$1.92,13.62,$7.22,3.63,$4.03,6.5,$0.62B,$0.15B,4.05,$2.28B,$4.66B,0.49,$0.69B,$0.47B,67.77%,$0.69B,$0.46B,66.47%,$0.69B,$0.46B,66.47%,$0.69B,$0.78B,112.57%,$0.69B,$0.34B,48.99%,$0.69B,$1.44B,208.24%,$1.44B,$4.66B,38.01%,$1.44B,$4.66B,38.01%,$1.44B,$7.32B,20.65%,$0.46B,$6.94B,6.96%,$189,$64,$126,$0,$12,$36,$154,$-29,$125,$5,$119,$119,$1211,$228,$154,$356,362,$3.40,$3.38,$76,$0,$0,$620,$5170,$0,$0,$1265,$6698,$7318,$153,$2280,$221,$2501,$2654,$4,$-586,$0,$4663,$7318,$1299,$158,$-1229,$-1071,$0,$0,$0,$4,$4,$231,$1600,$-237,$0,$0,$0,$0,$112,$1475,$-640,$0,$-640,$4,$4,$-135,$-24,$-795,$911,$0,$-135
6,2017-03-31,24.44,$9.84,2.48,$1.92,12.74,$2.45,9.97,$0.96,25.46,$0.15B,$0.17B,0.93,$3.08B,$3.50B,0.88,$0.69B,$0.46B,67.39%,$0.69B,$0.45B,64.77%,$0.69B,$0.45B,64.77%,$0.69B,$0.77B,112.23%,$0.69B,$0.32B,46.72%,$0.69B,$0.34B,49.34%,$0.34B,$3.50B,9.80%,$0.34B,$3.50B,9.80%,$0.34B,$6.96B,4.94%,$0.45B,$6.58B,6.84%,$181,$50,$131,$0,$19,$90,$91,$-24,$68,$2,$65,$65,$70,$174,$91,$355,361,$0.20,$0.20,$13,$0,$0,$154,$6118,$0,$0,$348,$6805,$6959,$166,$3080,$215,$3295,$3461,$4,$-1728,$0,$3498,$6959,$71,$83,$-40,$43,$0,$0,$0,$-3,$-3,$110,$-70,$-114,$0,$0,$0,$0,$-26,$-211,$171,$0,$171,$1,$1,$-68,$-2,$102,$1,$0,$-68
7,2016-12-31,24.53,$9.85,2.49,$2.06,11.91,$2.29,10.73,$0.88,27.87,$0.14B,$0.13B,1.12,$2.91B,$3.49B,0.83,$0.73B,$0.48B,65.25%,$0.73B,$0.43B,59.23%,$0.73B,$0.43B,59.23%,$0.73B,$0.76B,103.28%,$0.73B,$0.30B,40.63%,$0.73B,$0.31B,42.68%,$0.31B,$3.49B,9.22%,$0.31B,$3.49B,9.22%,$0.31B,$6.77B,4.56%,$0.43B,$6.40B,6.66%,$140,$50,$90,$0,$13,$66,$74,$-36,$38,$-0,$39,$39,$48,$154,$74,$350,357,$0.14,$0.13,$13,$0,$0,$143,$4841,$0,$0,$1530,$6629,$6772,$127,$2908,$243,$3152,$3279,$4,$-1730,$1,$3493,$6772,$315,$323,$-198,$125,$0,$0,$0,$17,$17,$457,$-21,$-171,$0,$0,$0,$0,$217,$25,$-443,$0,$-443,$220,$220,$-258,$-12,$-492,$-10,$0,$-258
8,2016-09-30,25.04,$9.90,2.53,$1.85,13.53,$5.58,4.49,$0.82,30.53,$0.26B,$0.22B,1.21,$2.99B,$3.51B,0.85,$0.66B,$0.42B,64.73%,$0.66B,$0.38B,58.32%,$0.66B,$0.38B,58.32%,$0.66B,$0.70B,107.33%,$0.66B,$0.28B,41.98%,$0.66B,$0.29B,43.97%,$0.29B,$3.51B,8.70%,$0.29B,$3.51B,8.70%,$0.29B,$6.86B,4.19%,$0.38B,$6.50B,5.85%,$182,$60,$122,$0,$13,$40,$141,$-33,$108,$-0,$109,$109,$112,$223,$141,$352,359,$0.32,$0.32,$110,$0,$0,$264,$6001,$0,$0,$263,$6599,$6862,$217,$2991,$145,$3136,$3353,$4,$-1710,$1,$3509,$6862,$267,$243,$-177,$66,$0,$0,$0,$22,$22,$354,$-56,$-16,$0,$0,$0,$0,$136,$64,$-334,$0,$-334,$218,$218,$-190,$-25,$-331,$88,$0,$-190
9,2016-06-30,24.27,$9.54,2.55,$2.01,12.07,$9.02,2.69,$0.72,33.71,$0.25B,$0.19B,1.3,$3.20B,$3.34B,0.96,$0.71B,$0.45B,63.42%,$0.71B,$0.36B,50.99%,$0.71B,$0.36B,50.99%,$0.71B,$0.68B,96.19%,$0.71B,$0.24B,34.04%,$0.71B,$0.25B,35.59%,$0.25B,$3.34B,7.73%,$0.25B,$3.34B,7.73%,$0.25B,$6.87B,3.63%,$0.36B,$6.54B,5.47%,$184,$64,$120,$0,$12,$45,$139,$-31,$107,$-0,$108,$108,$109,$220,$139,$347,354,$0.31,$0.31,$92,$0,$0,$247,$6044,$0,$0,$228,$6618,$6865,$190,$3198,$137,$3334,$3525,$4,$-1759,$1,$3340,$6865,$154,$161,$-93,$67,$0,$0,$0,$-23,$-23,$198,$-96,$-16,$0,$0,$0,$0,$153,$41,$-120,$0,$-120,$100,$100,$-125,$-25,$-171,$69,$0,$-125
10,2016-03-31,20.36,$9.22,2.21,$2.14,9.52,$12.50,1.63,$1.71,11.91,$0.17B,$0.19B,0.91,$3.38B,$3.19B,1.06,$0.75B,$0.48B,63.33%,$0.75B,$0.40B,53.73%,$0.75B,$0.40B,53.73%,$0.75B,$0.72B,96.27%,$0.75B,$0.19B,25.33%,$0.75B,$0.59B,78.93%,$0.59B,$3.19B,18.22%,$0.59B,$3.19B,18.22%,$0.59B,$6.90B,8.44%,$0.40B,$6.57B,6.06%,$225,$80,$145,$0,$18,$146,$79,$-35,$44,$0,$44,$44,$43,$158,$79,$346,350,$0.12,$0.12,$16,$0,$0,$171,$5942,$0,$0,$445,$6726,$6897,$189,$3381,$137,$3518,$3707,$3,$-1805,$2,$3190,$6897,$44,$79,$-27,$52,$0,$0,$0,$-23,$-23,$73,$-92,$0,$0,$0,$0,$0,$30,$-63,$60,$0,$60,$1,$1,$-62,$-15,$-17,$-7,$0,$-62
11,2015-12-31,18.81,$9.28,2.03,$2.26,8.31,$12.75,1.47,$1.78,10.57,$0.18B,$0.22B,0.78,$3.32B,$3.21B,1.04,$0.79B,$0.48B,61.11%,$0.79B,$0.41B,52.02%,$0.79B,$0.41B,52.02%,$0.79B,$0.74B,93.43%,$0.79B,$0.19B,23.36%,$0.79B,$0.61B,77.53%,$0.61B,$3.21B,19.34%,$0.61B,$3.21B,19.34%,$0.61B,$6.90B,8.50%,$0.41B,$6.53B,6.02%,$64,$27,$37,$0,$11,$41,$23,$-7,$16,$0,$16,$16,$24,$102,$23,$345,352,$0.06,$0.06,$23,$0,$0,$175,$5913,$0,$0,$462,$6721,$6896,$223,$3320,$148,$3468,$3691,$3,$-1785,$2,$3205,$6896,$622,$328,$-574,$-246,$0,$0,$0,$11,$11,$387,$1203,$-29,$0,$0,$0,$0,$-53,$1121,$-1194,$0,$-1194,$5,$5,$-310,$-4,$-1503,$5,$0,$-310
12,2015-09-30,16.72,$9.59,1.74,$2.80,5.96,$9.19,1.82,$1.70,9.83,$0.34B,$0.23B,1.46,$3.45B,$3.31B,1.04,$0.97B,$0.60B,61.29%,$0.97B,$0.45B,45.69%,$0.97B,$0.45B,45.69%,$0.97B,$0.79B,81.11%,$0.97B,$0.18B,18.17%,$0.97B,$0.59B,60.27%,$0.59B,$3.31B,18.97%,$0.59B,$3.31B,18.97%,$0.59B,$7.14B,7.89%,$0.45B,$6.76B,6.33%,$235,$88,$147,$0,$11,$115,$120,$-46,$74,$-3,$77,$77,$76,$201,$120,$345,352,$0.22,$0.22,$176,$0,$0,$338,$5977,$0,$0,$434,$6802,$7140,$232,$3446,$151,$3597,$3828,$3,$-1677,$2,$3311,$7140,$597,$249,$-575,$-326,$0,$0,$0,$7,$7,$278,$1227,$-29,$0,$0,$0,$0,$-51,$1147,$-1087,$0,$-1087,$5,$5,$-177,$-8,$-1268,$158,$0,$-177
13,2015-06-30,16.16,$9.53,1.69,$2.89,5.58,$5.54,2.92,$1.66,9.73,$0.17B,$0.22B,0.78,$3.46B,$3.29B,1.05,$1.00B,$0.60B,59.94%,$1.00B,$0.44B,43.96%,$1.00B,$0.44B,43.96%,$1.00B,$0.80B,80.02%,$1.00B,$0.17B,17.08%,$1.00B,$0.57B,57.24%,$0.57B,$3.29B,18.64%,$0.57B,$3.29B,18.64%,$0.57B,$7.12B,7.52%,$0.44B,$6.75B,6.11%,$226,$80,$146,$0,$19,$45,$181,$-126,$56,$-2,$58,$58,$449,$261,$181,$345,349,$1.30,$1.30,$20,$0,$0,$169,$5999,$0,$0,$545,$6946,$7115,$216,$3461,$146,$3606,$3823,$3,$-1695,$2,$3292,$7115,$520,$168,$-500,$-333,$0,$0,$0,$-12,$-12,$176,$1140,$-21,$0,$0,$0,$0,$-100,$1019,$-1073,$0,$-1073,$5,$5,$-119,$-5,$-1192,$2,$0,$-119
14,2015-03-31,18.78,$8.39,2.24,$3.06,6.13,$2.17,8.66,$0.74,25.37,$0.20B,$0.19B,1.06,$4.44B,$2.89B,1.54,$1.05B,$0.60B,57.58%,$1.05B,$0.44B,41.94%,$1.05B,$0.44B,41.94%,$1.05B,$0.82B,78.27%,$1.05B,$0.24B,23.26%,$1.05B,$0.25B,24.02%,$0.25B,$2.89B,8.23%,$0.25B,$2.89B,8.23%,$0.25B,$7.73B,3.23%,$0.44B,$7.34B,5.98%,$267,$114,$154,$0,$17,$179,$88,$-49,$39,$1,$37,$37,$65,$176,$88,$345,349,$0.19,$0.19,$18,$0,$0,$202,$6033,$0,$0,$1084,$7528,$7731,$190,$4444,$202,$4646,$4836,$3,$-2085,$3,$2894,$7731,$66,$88,$-59,$29,$0,$0,$0,$-52,$-52,$43,$26,$-1,$0,$0,$0,$0,$-47,$-23,$33,$0,$33,$5,$5,$-59,$1,$-20,$-0,$0,$-59
15,2014-12-31,17.29,$8.37,2.07,$3.09,5.59,$1.98,8.73,$0.61,28.34,$0.19B,$0.26B,0.72,$4.41B,$2.88B,1.53,$1.05B,$0.60B,56.98%,$1.05B,$0.41B,39.29%,$1.05B,$0.41B,39.29%,$1.05B,$0.81B,76.96%,$1.05B,$0.22B,20.55%,$1.05B,$0.21B,19.69%,$0.21B,$2.88B,6.66%,$0.21B,$2.88B,6.66%,$0.21B,$7.76B,2.64%,$0.41B,$7.29B,5.58%,$246,$96,$150,$0,$14,$190,$56,$-48,$8,$-3,$11,$11,$-3,$152,$56,$336,340,$-0.02,$-0.02,$18,$0,$0,$190,$6204,$0,$0,$935,$7565,$7755,$264,$4413,$199,$4611,$4875,$3,$-2091,$3,$2880,$7755,$246,$394,$-244,$150,$0,$0,$0,$48,$48,$444,$-120,$-125,$0,$0,$0,$0,$39,$-207,$203,$0,$203,$-157,$-157,$-258,$-26,$-239,$-1,$0,$-231
16,2014-09-30,14.57,$9.45,1.54,$2.86,5.09,$2.80,5.2,$0.83,17.56,$0.26B,$0.28B,0.94,$4.21B,$2.90B,1.45,$0.96B,$0.54B,56.09%,$0.96B,$0.44B,45.89%,$0.96B,$0.44B,45.89%,$0.96B,$0.85B,88.24%,$0.96B,$0.25B,26.33%,$0.96B,$0.28B,29.03%,$0.28B,$3.23B,8.90%,$0.28B,$3.23B,8.90%,$0.28B,$7.88B,3.57%,$0.44B,$7.44B,5.99%,$262,$112,$150,$0,$11,$147,$115,$-47,$68,$-0,$68,$68,$62,$212,$115,$341,346,$0.18,$0.18,$66,$0,$0,$260,$6896,$0,$0,$258,$7624,$7884,$276,$4209,$170,$4379,$4655,$3,$-2029,$3,$3229,$7884,$234,$298,$-229,$69,$0,$0,$0,$18,$18,$321,$-106,$-94,$0,$0,$0,$0,$40,$-160,$-43,$0,$-43,$256,$142,$-191,$-23,$-114,$47,$0,$-170
17,2014-06-30,15.26,$9.62,1.59,$2.98,5.12,$2.91,5.24,$0.63,24.22,$0.22B,$0.31B,0.73,$4.13B,$2.82B,1.46,$0.98B,$0.54B,55.24%,$0.98B,$0.37B,37.64%,$0.98B,$0.37B,37.64%,$0.98B,$0.79B,80.16%,$0.98B,$0.17B,17.50%,$0.98B,$0.21B,21.46%,$0.21B,$3.25B,6.85%,$0.21B,$3.25B,6.85%,$0.21B,$7.86B,2.70%,$0.37B,$7.39B,5.02%,$274,$125,$150,$0,$10,$93,$181,$-52,$129,$0,$129,$129,$128,$281,$181,$332,336,$0.38,$0.38,$21,$0,$0,$222,$6885,$0,$0,$274,$7641,$7863,$305,$4134,$172,$4306,$4611,$3,$-2032,$4,$3252,$7863,$162,$201,$-170,$31,$0,$0,$0,$11,$11,$204,$-70,$-85,$0,$0,$0,$0,$25,$-130,$-118,$0,$-118,$191,$173,$-127,$-0,$-72,$2,$0,$-113
18,2014-03-31,14.05,$9.18,1.53,$2.98,4.71,$3.04,4.62,$0.44,31.92,$0.21B,$0.24B,0.87,$4.32B,$2.59B,1.67,$0.98B,$0.55B,56.10%,$0.98B,$0.23B,24.00%,$0.98B,$0.23B,24.00%,$0.98B,$0.65B,67.08%,$0.98B,$0.03B,2.97%,$0.98B,$0.14B,14.77%,$0.14B,$3.02B,4.75%,$0.14B,$3.02B,4.75%,$0.14B,$7.77B,1.84%,$0.23B,$7.34B,3.17%,$264,$119,$146,$0,$15,$205,$59,$-49,$10,$3,$7,$7,$19,$160,$59,$327,332,$0.06,$0.06,$19,$0,$0,$208,$6828,$0,$0,$240,$7559,$7767,$238,$4323,$189,$4512,$4751,$3,$-2100,$4,$3017,$7767,$26,$101,$-33,$67,$0,$0,$0,$-34,$-34,$59,$-57,$-17,$0,$0,$0,$0,$-1,$-75,$70,$0,$70,$24,$6,$-63,$3,$16,$0,$0,$-56
19,2013-12-31,12.38,$9.33,1.33,$2.99,4.15,$3.06,4.04,$0.47,26.35,$0.18B,$0.26B,0.69,$4.25B,$2.60B,1.64,$0.97B,$0.55B,57.02%,$0.97B,$0.27B,27.58%,$0.97B,$0.27B,27.58%,$0.97B,$0.69B,71.18%,$0.97B,$0.06B,5.68%,$0.97B,$0.15B,15.81%,$0.15B,$3.05B,5.06%,$0.15B,$3.05B,5.06%,$0.15B,$7.75B,1.95%,$0.27B,$7.30B,3.61%,$161,$68,$93,$0,$9,$75,$86,$-41,$46,$-1,$46,$46,$70,$195,$86,$322,327,$0.21,$0.21,$19,$0,$0,$183,$6791,$0,$0,$275,$7570,$7753,$264,$4254,$189,$4444,$4708,$3,$-2063,$4,$3045,$7753,$197,$422,$-205,$217,$0,$0,$0,$22,$22,$436,$144,$-446,$0,$0,$0,$0,$-18,$-319,$-299,$0,$-299,$472,$472,$-252,$-51,$-131,$-15,$0,$-220
20,2013-09-30,12.58,$9.26,1.36,$3.34,3.77,$1.45,8.66,$0.14,89.83,$0.20B,$0.26B,0.76,$4.44B,$2.57B,1.73,$1.03B,$0.58B,56.59%,$1.03B,$0.21B,20.25%,$1.03B,$0.21B,20.25%,$1.03B,$0.62B,60.47%,$1.03B,$-0.02B,-1.65%,$1.03B,$0.05B,4.84%,$0.05B,$3.01B,1.71%,$0.05B,$3.01B,1.71%,$0.05B,$7.89B,0.64%,$0.21B,$7.45B,2.85%,$284,$130,$154,$0,$10,$240,$44,$-57,$-13,$-5,$-9,$-9,$-6,$152,$44,$325,325,$-0.02,$-0.02,$24,$0,$0,$197,$6886,$0,$0,$267,$7689,$7887,$260,$4435,$179,$4614,$4874,$3,$-2076,$4,$3013,$7887,$115,$313,$-122,$191,$0,$0,$0,$11,$11,$318,$-80,$-373,$0,$0,$0,$0,$26,$-427,$-112,$0,$-112,$633,$455,$-189,$-54,$100,$-10,$0,$-165
21,2013-06-30,12.56,$9.41,1.33,$3.54,3.54,$1.09,11.49,$0.05,251.17,$0.20B,$0.28B,0.71,$4.40B,$2.60B,1.69,$1.04B,$0.57B,54.85%,$1.04B,$0.21B,19.88%,$1.04B,$0.21B,19.88%,$1.04B,$0.61B,58.89%,$1.04B,$-0.02B,-2.02%,$1.04B,$0.03B,2.69%,$0.03B,$3.04B,0.99%,$0.03B,$3.04B,0.99%,$0.03B,$7.88B,0.37%,$0.21B,$7.44B,2.89%,$266,$112,$154,$0,$10,$222,$45,$-59,$-14,$0,$-14,$-14,$61,$147,$45,$322,327,$0.19,$0.19,$21,$0,$0,$197,$6891,$0,$0,$234,$7687,$7884,$278,$4397,$167,$4564,$4841,$3,$-2014,$4,$3042,$7884,$114,$206,$-131,$75,$0,$0,$0,$10,$10,$198,$-25,$-334,$0,$0,$0,$0,$51,$-309,$-151,$0,$-151,$602,$424,$-126,$-48,$98,$-12,$0,$-110
22,2013-03-31,13.55,$9.34,1.45,$3.71,3.65,$0.83,16.35,$-0.25,0.0,$0.48B,$0.23B,2.04,$4.39B,$2.56B,1.72,$1.04B,$0.56B,54.05%,$1.04B,$0.20B,19.50%,$1.04B,$0.20B,19.50%,$1.04B,$0.60B,58.20%,$1.04B,$-0.03B,-2.61%,$1.04B,$-0.06B,-5.89%,$-0.06B,$3.01B,-2.24%,$-0.06B,$3.01B,-2.24%,$-0.06B,$7.80B,-0.82%,$0.20B,$7.40B,2.90%,$257,$106,$151,$0,$13,$165,$92,$-56,$36,$0,$36,$36,$28,$195,$92,$315,320,$0.09,$0.09,$307,$0,$0,$477,$6528,$0,$0,$275,$7325,$7802,$234,$4394,$169,$4563,$4798,$3,$-2020,$3,$3005,$7802,$44,$103,$-48,$56,$0,$0,$0,$-26,$-26,$73,$-64,$-35,$0,$0,$0,$0,$68,$-31,$-51,$0,$-51,$575,$397,$-64,$-50,$231,$273,$0,$-55
23,2012-12-31,10.95,$9.40,1.17,$3.93,2.79,$0.92,11.89,$-0.48,0.0,$0.22B,$0.32B,0.67,$4.45B,$2.00B,2.22,$1.05B,$0.55B,52.34%,$1.05B,$0.15B,14.07%,$1.05B,$0.15B,14.07%,$1.05B,$0.54B,51.67%,$1.05B,$-0.09B,-8.23%,$1.05B,$-0.13B,-11.96%,$-0.13B,$2.63B,-4.74%,$-0.13B,$2.63B,-4.74%,$-0.13B,$7.56B,-1.74%,$0.15B,$7.07B,2.18%,$225,$101,$125,$0,$14,$198,$28,$-54,$-26,$0,$-26,$-26,$-33,$130,$28,$268,268,$-0.12,$-0.12,$34,$0,$0,$216,$6608,$0,$0,$198,$7344,$7560,$323,$4446,$165,$4611,$4934,$3,$-1993,$3,$2626,$7560,$-76,$393,$-31,$362,$0,$0,$0,$13,$13,$299,$-255,$-666,$0,$0,$0,$0,$-47,$-968,$538,$0,$538,$147,$147,$-228,$32,$489,$-180,$0,$-182
24,2012-09-30,11.46,$9.60,1.19,$4.03,2.85,$7.05,1.63,$-0.19,0.0,$0.30B,$0.26B,1.13,$4.14B,$2.00B,2.07,$1.06B,$0.53B,49.58%,$1.06B,$0.13B,12.32%,$1.06B,$0.13B,12.32%,$1.06B,$0.52B,48.82%,$1.06B,$-0.09B,-8.84%,$1.06B,$-0.05B,-4.42%,$-0.05B,$2.63B,-1.76%,$-0.05B,$2.63B,-1.76%,$-0.05B,$7.19B,-0.67%,$0.13B,$6.77B,1.98%,$293,$152,$141,$0,$9,$251,$42,$-60,$-17,$-0,$-17,$-17,$-28,$141,$42,$270,270,$-0.11,$-0.11,$113,$0,$0,$296,$6209,$0,$0,$177,$6894,$7190,$262,$4140,$163,$4303,$4565,$3,$-1913,$2,$2625,$7190,$-53,$290,$-21,$270,$0,$0,$0,$-15,$-15,$202,$-101,$-321,$0,$0,$0,$0,$-83,$-505,$313,$0,$313,$236,$68,$-167,$-12,$203,$-101,$0,$-135
25,2012-06-30,11.28,$9.79,1.15,$4.18,2.7,$8.85,1.27,$-0.21,0.0,$0.27B,$0.24B,1.11,$4.04B,$1.99B,2.03,$1.08B,$0.52B,47.69%,$1.08B,$0.13B,11.83%,$1.08B,$0.13B,11.83%,$1.08B,$0.52B,47.87%,$1.08B,$-0.09B,-8.60%,$1.08B,$-0.05B,-4.71%,$-0.05B,$2.62B,-1.88%,$-0.05B,$2.62B,-1.88%,$-0.05B,$7.07B,-0.72%,$0.13B,$6.66B,1.91%,$261,$118,$143,$0,$12,$220,$40,$-60,$-20,$0,$-20,$-20,$-28,$137,$40,$267,267,$-0.11,$-0.11,$107,$0,$0,$271,$6117,$0,$0,$179,$6797,$7068,$244,$4037,$168,$4205,$4449,$3,$-1833,$2,$2619,$7068,$-36,$192,$-13,$179,$0,$0,$0,$-2,$-2,$140,$-70,$-231,$0,$0,$0,$0,$-28,$-330,$210,$0,$210,$-17,$-17,$-110,$-1,$82,$-107,$0,$-89
26,2012-03-31,10.92,$10.08,1.08,$4.45,2.46,$10.66,1.02,$-0.22,0.0,$0.18B,$0.19B,0.96,$3.82B,$2.06B,1.85,$1.14B,$0.51B,44.63%,$1.14B,$0.13B,11.36%,$1.14B,$0.13B,11.36%,$1.14B,$0.53B,46.30%,$1.14B,$-0.09B,-7.57%,$1.14B,$-0.05B,-4.58%,$-0.05B,$2.69B,-1.86%,$-0.05B,$2.69B,-1.86%,$-0.05B,$6.87B,-0.72%,$0.13B,$6.50B,1.90%,$266,$128,$138,$0,$12,$229,$37,$-60,$-23,$0,$-23,$-23,$-36,$132,$37,$258,258,$-0.14,$-0.14,$15,$0,$0,$183,$5991,$0,$0,$188,$6689,$6872,$190,$3817,$180,$3997,$4187,$3,$-1758,$2,$2685,$6872,$-18,$96,$-9,$87,$0,$0,$0,$-43,$-43,$25,$6,$-132,$0,$0,$0,$0,$-12,$-138,$-11,$0,$-11,$147,$-21,$-53,$-1,$-87,$-199,$0,$-44
27,2011-12-31,9.07,$10.99,0.82,$4.72,1.92,$12.12,0.75,$0.11,82.41,$0.38B,$0.24B,1.57,$3.81B,$1.99B,1.92,$1.21B,$0.50B,41.64%,$1.21B,$0.20B,16.80%,$1.21B,$0.20B,16.80%,$1.21B,$0.60B,50.00%,$1.21B,$-0.00B,-0.33%,$1.21B,$0.03B,2.65%,$0.03B,$2.78B,1.11%,$0.03B,$2.78B,1.11%,$0.03B,$7.00B,0.43%,$0.20B,$6.59B,2.92%,$243,$138,$105,$0,$14,$230,$12,$-46,$-34,$0,$-34,$-34,$45,$109,$12,$253,260,$0.17,$0.17,$214,$0,$0,$382,$5893,$0,$0,$226,$6622,$7004,$244,$3810,$171,$3981,$4225,$3,$-1677,$1,$2780,$7004,$96,$400,$-183,$217,$0,$0,$0,$24,$24,$338,$1297,$-545,$0,$0,$0,$0,$-1,$751,$-536,$0,$-536,$-111,$-111,$-232,$-14,$-893,$195,$0,$-172
28,2011-09-30,7.78,$10.97,0.71,$4.31,1.81,$8.62,0.9,$-0.02,0.0,$0.22B,$0.27B,0.83,$4.27B,$1.98B,2.16,$1.09B,$0.44B,40.18%,$1.09B,$0.23B,21.10%,$1.09B,$0.23B,21.10%,$1.09B,$0.63B,58.07%,$1.09B,$0.06B,5.14%,$1.09B,$-0.00B,-0.37%,$-0.00B,$2.78B,-0.14%,$-0.00B,$2.78B,-0.14%,$-0.00B,$7.51B,-0.05%,$0.23B,$7.05B,3.24%,$312,$182,$130,$0,$9,$273,$39,$-55,$-16,$-0,$-15,$-15,$-32,$140,$39,$253,253,$-0.13,$-0.13,$16,$0,$0,$223,$6528,$0,$0,$217,$7282,$7505,$269,$4272,$189,$4461,$4730,$3,$-1678,$0,$2775,$7505,$36,$303,$-109,$194,$0,$0,$0,$15,$15,$245,$303,$-179,$0,$0,$0,$0,$1,$125,$-80,$0,$-80,$0,$-111,$-175,$-7,$-373,$-2,$0,$-129
29,2011-06-30,10.24,$11.69,0.88,$4.48,2.29,$7.56,1.35,$0.24,42.65,$0.33B,$0.27B,1.21,$4.11B,$2.05B,2.0,$1.14B,$0.46B,40.74%,$1.14B,$0.24B,20.98%,$1.14B,$0.24B,20.98%,$1.14B,$0.64B,56.45%,$1.14B,$0.12B,10.18%,$1.14B,$0.06B,5.44%,$0.06B,$2.96B,2.07%,$0.06B,$2.96B,2.07%,$0.06B,$7.53B,0.82%,$0.24B,$7.07B,3.35%,$315,$182,$134,$0,$9,$274,$41,$-54,$-13,$0,$-13,$-13,$-29,$145,$41,$253,253,$-0.12,$-0.12,$118,$0,$0,$327,$6474,$0,$0,$187,$7200,$7527,$271,$4112,$190,$4301,$4572,$3,$-1603,$0,$2955,$7527,$51,$202,$-109,$93,$0,$0,$0,$0,$0,$144,$378,$-100,$0,$0,$0,$0,$27,$306,$-226,$0,$-226,$-2,$-2,$-118,$-5,$-351,$99,$0,$-86
30,2011-03-31,10.12,$11.98,0.84,$4.87,2.08,$6.39,1.58,$0.17,59.51,$0.36B,$0.23B,1.59,$4.07B,$2.12B,1.92,$1.20B,$0.47B,39.23%,$1.20B,$0.25B,20.62%,$1.20B,$0.25B,20.62%,$1.20B,$0.63B,52.75%,$1.20B,$0.10B,8.68%,$1.20B,$0.05B,4.09%,$0.05B,$3.03B,1.62%,$0.05B,$3.03B,1.62%,$0.05B,$7.53B,0.65%,$0.25B,$7.10B,3.50%,$338,$204,$134,$0,$11,$226,$111,$-53,$59,$0,$59,$59,$48,$210,$111,$252,259,$0.19,$0.19,$167,$0,$0,$364,$6429,$0,$0,$190,$7164,$7527,$229,$4072,$201,$4273,$4502,$3,$-1530,$-1,$3026,$7527,$65,$99,$-92,$6,$0,$0,$0,$-43,$-43,$28,$383,$-22,$0,$0,$0,$0,$45,$406,$-222,$0,$-222,$-2,$-2,$-59,$-2,$-285,$149,$0,$-43
31,2010-12-31,8.89,$11.86,0.75,$5.02,1.77,$5.14,1.73,$-0.09,0.0,$0.17B,$0.25B,0.69,$4.21B,$2.09B,2.02,$1.19B,$0.48B,40.05%,$1.19B,$0.19B,15.60%,$1.19B,$0.19B,15.60%,$1.19B,$0.56B,47.13%,$1.19B,$0.04B,3.20%,$1.19B,$-0.01B,-1.18%,$-0.01B,$2.99B,-0.47%,$-0.01B,$2.99B,-0.47%,$-0.01B,$7.64B,-0.19%,$0.19B,$7.20B,2.66%,$125,$85,$40,$0,$10,$86,$39,$-12,$26,$0,$26,$26,$9,$138,$39,$239,239,$0.06,$0.06,$18,$0,$0,$174,$6326,$0,$0,$580,$7471,$7644,$252,$4207,$195,$4402,$4654,$3,$-1534,$-1,$2990,$7644,$65,$374,$-117,$257,$0,$0,$0,$69,$69,$391,$277,$-489,$0,$0,$0,$0,$-77,$-289,$-168,$0,$-168,$298,$179,$-231,$-11,$-231,$-129,$0,$-162
32,2010-09-30,8.15,$12.00,0.68,$4.96,1.64,$3.85,2.12,$-0.14,0.0,$0.21B,$0.25B,0.83,$4.12B,$2.12B,1.94,$1.15B,$0.44B,38.47%,$1.15B,$0.17B,15.08%,$1.15B,$0.17B,15.08%,$1.15B,$0.54B,46.62%,$1.15B,$0.05B,3.99%,$1.15B,$-0.03B,-2.17%,$-0.03B,$3.02B,-0.83%,$-0.03B,$3.02B,-0.83%,$-0.03B,$7.56B,-0.34%,$0.17B,$7.14B,2.54%,$361,$205,$156,$0,$8,$312,$48,$-4,$44,$-1,$46,$46,$34,$150,$48,$252,257,$0.13,$0.13,$21,$0,$0,$205,$6590,$0,$0,$218,$7355,$7560,$249,$4116,$171,$4287,$4536,$3,$-1500,$-2,$3024,$7560,$39,$275,$-84,$190,$0,$0,$0,$13,$13,$243,$41,$-261,$0,$0,$0,$0,$-87,$-307,$-65,$0,$-65,$182,$182,$-173,$-7,$-62,$-126,$0,$-119
33,2010-06-30,7.86,$12.25,0.64,$4.99,1.57,$3.35,2.34,$-1.71,0.0,$0.47B,$0.26B,1.81,$3.74B,$2.12B,1.76,$1.11B,$0.43B,38.90%,$1.11B,$-0.10B,-9.07%,$1.11B,$-0.10B,-9.07%,$1.11B,$0.25B,22.64%,$1.11B,$-0.29B,-26.42%,$1.11B,$-0.38B,-34.32%,$-0.38B,$3.08B,-12.76%,$-0.38B,$3.08B,-12.76%,$-0.38B,$7.30B,-5.24%,$-0.10B,$6.82B,-1.48%,$374,$234,$140,$0,$9,$325,$49,$-74,$-25,$0,$-25,$-25,$-42,$134,$49,$227,227,$-0.19,$-0.19,$256,$0,$0,$468,$6202,$0,$0,$227,$6834,$7302,$259,$3735,$227,$3962,$4220,$3,$-1490,$-3,$3081,$7302,$-18,$173,$-20,$154,$0,$0,$0,$13,$13,$148,$56,$-19,$0,$0,$0,$0,$-58,$-22,$-139,$0,$-139,$298,$240,$-113,$-6,$-18,$109,$0,$-76
34,2010-03-31,8.48,$13.01,0.65,$5.03,1.69,$2.92,2.91,$-1.68,0.0,$0.23B,$0.20B,1.11,$3.74B,$1.90B,1.97,$1.09B,$0.44B,40.48%,$1.09B,$-0.12B,-10.95%,$1.09B,$-0.12B,-10.95%,$1.09B,$0.24B,21.99%,$1.09B,$-0.29B,-26.49%,$1.09B,$-0.37B,-34.22%,$-0.37B,$2.92B,-12.13%,$-0.37B,$2.92B,-12.13%,$-0.37B,$7.09B,-5.06%,$-0.12B,$6.66B,-1.73%,$326,$187,$139,$0,$14,$277,$49,$-56,$-7,$0,$-7,$-7,$-15,$137,$49,$224,224,$-0.07,$-0.07,$31,$0,$0,$226,$6246,$0,$0,$209,$6866,$7092,$204,$3740,$231,$3971,$4175,$2,$-1409,$-5,$2917,$7092,$3,$88,$-27,$60,$0,$0,$0,$-43,$-43,$20,$56,$0,$0,$0,$0,$0,$-20,$36,$-115,$0,$-115,$0,$0,$-56,$-1,$-172,$-116,$0,$-38
35,2009-12-31,8.19,$13.25,0.62,$5.64,1.45,$2.60,3.15,$-1.46,0.0,$0.32B,$0.24B,1.33,$3.85B,$1.95B,1.98,$1.08B,$0.44B,40.81%,$1.08B,$-0.12B,-10.71%,$1.08B,$-0.12B,-10.71%,$1.08B,$0.24B,21.98%,$1.08B,$-0.25B,-22.81%,$1.08B,$-0.33B,-30.84%,$-0.33B,$2.97B,-10.91%,$-0.33B,$2.97B,-10.91%,$-0.33B,$7.30B,-4.45%,$-0.12B,$6.82B,-1.65%,$93,$85,$9,$0,$13,$66,$28,$7,$34,$-8,$42,$42,$-2,$117,$28,$201,201,$-0.22,$-0.22,$147,$0,$0,$319,$6344,$0,$0,$216,$6986,$7304,$239,$3854,$243,$4097,$4336,$2,$-1355,$-6,$2968,$7304,$-271,$354,$270,$624,$0,$0,$0,$48,$48,$400,$-97,$-32,$0,$0,$0,$0,$-47,$-176,$-396,$0,$-396,$551,$551,$-225,$-30,$-100,$125,$0,$-151
36,2009-09-30,7.96,$13.43,0.59,$7.74,1.03,$2.43,3.27,$-1.30,0.0,$0.35B,$0.26B,1.34,$3.93B,$1.99B,1.98,$1.39B,$0.53B,38.46%,$1.39B,$-0.10B,-6.85%,$1.39B,$-0.10B,-6.85%,$1.39B,$0.26B,18.61%,$1.39B,$-0.27B,-19.34%,$1.39B,$-0.31B,-22.51%,$-0.31B,$3.01B,-10.25%,$-0.31B,$3.01B,-10.25%,$-0.31B,$7.44B,-4.11%,$-0.10B,$6.94B,-1.34%,$320,$174,$145,$0,$11,$547,$-227,$-69,$-296,$8,$-304,$-304,$-323,$-136,$-227,$224,224,$-1.44,$-1.44,$156,$0,$0,$345,$6453,$0,$0,$212,$7094,$7439,$258,$3933,$241,$4173,$4431,$2,$-1313,$-6,$3008,$7439,$-287,$265,$286,$550,$0,$0,$0,$40,$40,$304,$-168,$-17,$0,$0,$0,$0,$-35,$-219,$-317,$0,$-317,$552,$552,$-168,$-18,$49,$133,$0,$-113
37,2009-06-30,5.72,$15.09,0.38,$8.31,0.69,$1.58,3.63,$0.23,24.88,$0.25B,$0.27B,0.92,$3.74B,$2.36B,1.58,$1.38B,$0.53B,38.33%,$1.38B,$0.21B,15.05%,$1.38B,$0.21B,15.05%,$1.38B,$0.55B,39.85%,$1.38B,$0.05B,3.85%,$1.38B,$0.02B,1.60%,$0.02B,$3.38B,0.73%,$0.02B,$3.38B,0.73%,$0.02B,$7.60B,0.29%,$0.21B,$7.12B,2.87%,$348,$201,$147,$0,$14,$317,$31,$-50,$-19,$-3,$-16,$-16,$-32,$121,$31,$207,207,$-0.16,$-0.16,$27,$0,$0,$245,$6682,$0,$0,$236,$7350,$7595,$267,$3738,$213,$3951,$4218,$2,$-953,$-7,$3377,$7595,$27,$174,$-20,$154,$0,$0,$0,$6,$6,$188,$-91,$-17,$0,$0,$0,$0,$-7,$-115,$-505,$0,$-505,$552,$552,$-112,$-3,$-69,$4,$0,$-75
38,2009-03-31,3.52,$19.47,0.18,$8.61,0.41,$0.26,13.47,$0.51,6.91,$0.24B,$0.25B,0.98,$4.33B,$1.88B,2.31,$1.33B,$0.53B,40.06%,$1.33B,$0.25B,18.83%,$1.33B,$0.25B,18.83%,$1.33B,$0.58B,43.66%,$1.33B,$0.10B,7.43%,$1.33B,$0.07B,5.25%,$0.07B,$2.89B,2.41%,$0.07B,$2.89B,2.41%,$0.07B,$7.68B,0.90%,$0.25B,$7.23B,3.47%,$322,$181,$141,$0,$10,$270,$52,$-18,$34,$-3,$37,$37,$23,$136,$52,$148,156,$0.15,$0.15,$22,$0,$0,$243,$6766,$0,$0,$252,$7433,$7676,$247,$4333,$204,$4537,$4784,$1,$-882,$-8,$2892,$7676,$43,$84,$-49,$34,$0,$0,$0,$-28,$-28,$48,$-46,$0,$0,$0,$0,$0,$-37,$-83,$89,$0,$89,$0,$0,$-55,$-0,$34,$-0,$0,$-37
39,2008-12-31,6.84,$19.54,0.35,$8.00,0.85,$-0.76,0.0,$0.39,17.53,$0.25B,$0.29B,0.88,$4.28B,$1.88B,2.27,$1.24B,$0.54B,43.94%,$1.24B,$0.26B,20.92%,$1.24B,$0.26B,20.92%,$1.24B,$0.59B,47.58%,$1.24B,$0.08B,6.38%,$1.24B,$0.05B,4.04%,$0.05B,$2.90B,1.71%,$0.05B,$2.90B,1.71%,$0.05B,$7.69B,0.64%,$0.26B,$7.18B,3.57%,$396,$296,$100,$0,$3,$347,$49,$-36,$13,$-3,$16,$16,$20,$137,$49,$147,155,$0.12,$0.12,$23,$0,$0,$250,$6790,$0,$0,$234,$7441,$7691,$285,$4277,$229,$4506,$4791,$1,$-868,$-9,$2900,$7691,$110,$329,$177,$506,$0,$0,$0,$27,$27,$643,$-435,$-20,$0,$0,$0,$0,$-67,$-523,$-54,$0,$-54,$17,$295,$-355,$-31,$-146,$-25,$0,$-283
40,2008-09-30,14.62,$19.61,0.75,$8.44,1.73,$-2.44,0.0,$0.64,22.84,$0.24B,$0.31B,0.78,$4.40B,$1.84B,2.39,$1.29B,$0.83B,64.65%,$1.29B,$0.48B,37.44%,$1.29B,$0.48B,37.44%,$1.29B,$0.80B,61.78%,$1.29B,$0.14B,10.62%,$1.29B,$0.08B,6.43%,$0.08B,$2.89B,2.87%,$0.08B,$2.89B,2.87%,$0.08B,$7.84B,1.07%,$0.48B,$7.29B,6.69%,$309,$170,$139,$0,$10,$234,$75,$-50,$25,$-4,$29,$29,$11,$154,$75,$147,155,$0.08,$0.08,$3,$0,$0,$240,$6737,$0,$0,$445,$7603,$7843,$309,$4400,$177,$4648,$4957,$1,$-805,$-8,$2885,$7843,$85,$241,$-3,$238,$0,$0,$0,$6,$6,$329,$-368,$-20,$0,$0,$0,$0,$-41,$-429,$45,$0,$45,$14,$304,$-275,$-18,$55,$-45,$0,$-222
41,2008-06-30,13.1,$19.98,0.66,$7.98,1.64,$-2.03,0.0,$0.94,13.93,$0.25B,$0.31B,0.82,$4.35B,$1.89B,2.3,$1.21B,$0.85B,70.45%,$1.21B,$0.43B,35.76%,$1.21B,$0.43B,35.76%,$1.21B,$0.74B,61.42%,$1.21B,$0.14B,11.92%,$1.21B,$0.13B,10.35%,$0.13B,$2.94B,4.42%,$0.13B,$2.94B,4.42%,$0.13B,$7.83B,1.63%,$0.43B,$7.28B,6.08%,$306,$152,$154,$0,$14,$231,$75,$-48,$27,$0,$27,$27,$16,$155,$75,$147,155,$0.11,$0.11,$18,$0,$0,$250,$6715,$0,$0,$439,$7583,$7833,$306,$4347,$171,$4592,$4898,$1,$-746,$-8,$2935,$7833,$54,$162,$-103,$59,$0,$0,$0,$5,$5,$118,$-249,$-11,$0,$0,$0,$0,$5,$-256,$8,$0,$8,$9,$299,$-182,$-18,$107,$-30,$0,$-147
42,2008-03-31,13.06,$20.32,0.64,$7.51,1.74,$-1.10,0.0,$1.09,11.99,$0.23B,$0.27B,0.84,$4.26B,$1.94B,2.2,$1.13B,$0.85B,75.82%,$1.13B,$0.39B,34.22%,$1.13B,$0.39B,34.22%,$1.13B,$0.69B,60.98%,$1.13B,$0.15B,13.33%,$1.13B,$0.15B,12.98%,$0.15B,$2.98B,5.31%,$0.15B,$2.98B,5.31%,$0.15B,$7.76B,1.94%,$0.39B,$7.24B,5.54%,$227,$76,$151,$0,$12,$166,$60,$-47,$14,$0,$14,$14,$3,$143,$60,$146,155,$0.02,$0.02,$16,$0,$0,$230,$6705,$0,$0,$395,$7531,$7760,$272,$4262,$170,$4509,$4781,$1,$-693,$-10,$2980,$7760,$18,$83,$-65,$18,$0,$0,$0,$-33,$-33,$2,$-158,$-9,$0,$0,$0,$0,$12,$-154,$-73,$0,$-73,$6,$296,$-89,$-15,$120,$-32,$0,$-74
43,2007-12-31,14.64,$18.81,0.78,$7.54,1.94,$0.22,67.51,$1.55,9.44,$0.26B,$0.32B,0.8,$4.32B,$2.01B,2.15,$1.12B,$0.85B,75.87%,$1.12B,$0.34B,30.54%,$1.12B,$0.34B,30.54%,$1.12B,$0.63B,56.28%,$1.12B,$0.17B,15.23%,$1.12B,$0.21B,18.88%,$0.21B,$2.75B,7.97%,$0.21B,$2.75B,7.97%,$0.21B,$7.66B,2.86%,$0.34B,$7.07B,5.05%,$448,$58,$390,$0,$10,$175,$273,$-202,$71,$0,$64,$68,$53,$345,$273,$139,149,$0.35,$0.36,$48,$0,$0,$255,$6448,$0,$0,$528,$7407,$7662,$320,$4316,$192,$4592,$4912,$1,$-627,$-1,$2750,$7662,$291,$289,$-281,$8,$0,$0,$0,$25,$25,$324,$-373,$-116,$0,$0,$0,$0,$55,$-435,$321,$0,$321,$241,$109,$-344,$5,$90,$-20,$0,$-285
44,2007-09-30,18.65,$19.10,0.98,$6.35,2.94,$-2.47,0.0,$1.52,12.27,$0.21B,$0.31B,0.68,$4.17B,$1.77B,2.35,$0.95B,$0.67B,70.37%,$0.95B,$0.15B,15.98%,$0.95B,$0.15B,15.98%,$0.95B,$0.43B,45.93%,$0.95B,$0.17B,17.67%,$0.95B,$0.21B,22.12%,$0.21B,$2.65B,8.04%,$0.21B,$2.65B,8.04%,$0.21B,$7.42B,2.86%,$0.15B,$6.81B,2.27%,$227,$71,$156,$0,$4,$203,$24,$9,$32,$0,$32,$31,$53,$99,$24,$138,148,$0.39,$0.39,$18,$0,$0,$212,$6181,$0,$0,$599,$7205,$7417,$313,$4166,$200,$4457,$4770,$1,$-615,$6,$2647,$7417,$205,$217,$-295,$-78,$0,$0,$0,$9,$9,$135,$-113,$-81,$0,$0,$0,$0,$48,$-145,$204,$0,$204,$3,$3,$-253,$6,$-40,$-50,$0,$-207
45,2007-06-30,19.39,$19.09,1.02,$6.26,3.1,$-5.50,0.0,$1.58,12.27,$0.22B,$0.29B,0.77,$4.08B,$1.74B,2.35,$0.94B,$0.66B,70.86%,$0.94B,$0.16B,16.76%,$0.94B,$0.16B,16.76%,$0.94B,$0.43B,46.10%,$0.94B,$0.17B,18.46%,$0.94B,$0.22B,23.27%,$0.22B,$2.62B,8.43%,$0.22B,$2.62B,8.43%,$0.22B,$7.30B,3.00%,$0.16B,$6.69B,2.38%,$223,$67,$156,$0,$11,$195,$28,$5,$33,$0,$33,$32,$37,$99,$28,$137,148,$0.27,$0.27,$45,$0,$0,$222,$6085,$0,$0,$607,$7081,$7303,$287,$4079,$207,$4401,$4688,$1,$-602,$17,$2615,$7303,$136,$142,$-203,$-61,$0,$0,$0,$7,$7,$81,$-69,$-80,$0,$0,$0,$0,$98,$-50,$117,$0,$117,$0,$0,$-170,$-1,$-54,$-23,$0,$-139
46,2007-03-31,23.36,$19.20,1.22,$6.13,3.81,$-8.05,0.0,$1.47,15.89,$0.19B,$0.26B,0.76,$3.97B,$1.75B,2.27,$0.92B,$0.65B,70.73%,$0.92B,$0.16B,16.97%,$0.92B,$0.16B,16.97%,$0.92B,$0.43B,46.46%,$0.92B,$0.17B,18.50%,$0.92B,$0.20B,22.09%,$0.20B,$2.63B,7.85%,$0.20B,$2.63B,7.85%,$0.20B,$7.27B,2.82%,$0.16B,$6.60B,2.38%,$225,$74,$150,$0,$13,$206,$18,$16,$35,$0,$35,$33,$69,$89,$18,$137,149,$0.50,$0.49,$9,$0,$0,$194,$5931,$0,$0,$712,$7078,$7272,$255,$3969,$303,$4388,$4644,$1,$-574,$6,$2629,$7272,$84,$71,$-110,$-39,$0,$0,$0,$-33,$-33,$12,$34,$-34,$0,$0,$0,$0,$8,$8,$7,$0,$7,$-0,$-0,$-85,$-1,$-80,$-59,$0,$-70
47,2006-12-31,21.75,$18.69,1.16,$5.98,3.64,$-10.12,0.0,$1.06,20.52,$0.26B,$0.31B,0.84,$3.96B,$1.63B,2.44,$0.90B,$0.64B,70.98%,$0.90B,$0.16B,17.86%,$0.90B,$0.16B,17.86%,$0.90B,$0.42B,47.21%,$0.90B,$0.16B,17.97%,$0.90B,$0.15B,16.18%,$0.15B,$2.50B,5.66%,$0.15B,$2.50B,5.66%,$0.15B,$7.24B,2.05%,$0.16B,$6.47B,2.49%,$270,$66,$203,$0,$8,$189,$81,$-13,$67,$0,$67,$63,$50,$147,$81,$135,149,$0.38,$0.38,$68,$0,$0,$263,$5914,$0,$0,$688,$6976,$7239,$311,$3962,$305,$4424,$4735,$1,$-576,$5,$2504,$7239,$204,$263,$-221,$42,$0,$0,$0,$27,$27,$273,$-724,$-735,$0,$0,$0,$0,$225,$-1234,$1293,$0,$1293,$-122,$87,$-336,$-41,$1003,$42,$0,$-280
