,Date,Stock Price,Book Value per Share,Price to Book Ratio,TTM Sales per Share,Price to Sales Ratio,TTM FCF per Share,Price to FCF Ratio,TTM Net EPS,PE Ratio,Current Assets,Current Liabilities,Current Ratio,Long Term Debt,Shareholder's Equity_x,Debt to Equity Ratio,TTM Revenue_x,TTM Gross Profit,Gross Margin,TTM Revenue_y,TTM Operating Income,Operating Margin,TTM Revenue_x,TTM EBIT,EBIT Margin,TTM Revenue_y,TTM EBITDA,EBITDA Margin,TTM Revenue_x,TTM Pre-Tax Income,Pre-Tax Margin,TTM Revenue_y,TTM Net Income_x,Net Margin,TTM Net Income_y,Shareholder's Equity_y,Return on Equity,TTM Net Income_x,Tangible Equity,Return on Tangible Equity,TTM Net Income_y,Total Assets,Return on Assets,TTM Net Income,LT Investments & Debt,Return on Investment,revenue,cost-goods-sold,gross-profit,research-development-expenses,selling-general-administrative-expenses,operating-expenses,operating-income,total-non-operating-income-expense,pre-tax-income,total-provision-income-taxes,income-after-taxes,income-from-continuous-operations,net-income,ebitda,ebit,basic-shares-outstanding,shares-outstanding,eps-basic-net-earnings-per-share,eps-earnings-per-share-diluted,cash-on-hand,inventory,other-current-assets,total-current-assets,net-property-plant-equipment,long-term-investments,goodwill-intangible-assets-total,other-long-term-assets,total-long-term-assets,total-assets,total-current-liabilities,long-term-debt,other-non-current-liabilities,total-long-term-liabilities,total-liabilities,common-stock-net,retained-earnings-accumulated-deficit,comprehensive-income,total-share-holder-equity,total-liabilities-share-holders-equity,net-income-loss,total-depreciation-amortization-cash-flow,other-non-cash-items,total-non-cash-items,change-in-accounts-receivable,change-in-inventories,change-in-accounts-payable,change-in-assets-liabilities,total-change-in-assets-liabilities,cash-flow-from-operating-activities,net-change-in-property-plant-equipment,net-change-in-intangible-assets,net-acquisitions-divestitures,net-change-in-short-term-investments,net-change-in-long-term-investments,net-change-in-investments-total,investing-activities-other,cash-flow-from-investing-activities,net-long-term-debt,net-current-debt,debt-issuance-retirement-net-total,net-common-equity-issued-repurchased,net-total-equity-issued-repurchased,total-common-preferred-stock-dividends-paid,financial-activities-other,cash-flow-from-financial-activities,net-cash-flow,stock-based-compensation,common-stock-dividends-paid
0,2018-09-30,11.67,$9.22,1.27,$4.14,2.82,$0.93,12.51,$0.43,27.14,$0.31B,$0.13B,2.48,$0.93B,$1.92B,0.49,$0.85B,$0.24B,28.42%,$0.85B,$0.13B,15.57%,$0.85B,$0.13B,15.57%,$0.85B,$0.23B,26.89%,$0.85B,$0.09B,10.97%,$0.85B,$0.09B,10.38%,$0.09B,$1.92B,4.71%,$0.09B,$1.92B,4.71%,$0.09B,$3.18B,2.81%,$0.13B,$2.85B,4.71%,$221,$156,$65,$0,$0,$177,$44,$-10,$35,$3,$31,$31,$31,$71,$44,$209,210,$0.15,$0.15,$212,$0,$0,$313,$2803,$0,$0,$63,$2865,$3178,$126,$932,$204,$1136,$1262,$2,$-244,$0,$1916,$3178,$64,$75,$9,$84,$0,$0,$0,$4,$2,$150,$-77,$0,$-120,$0,$29,$29,$0,$-168,$-10,$0,$-10,$93,$93,$-77,$0,$6,$-11,$4,$-77
1,2018-06-30,12.28,$9.20,1.34,$4.20,2.92,$0.93,13.14,$0.39,31.49,$0.28B,$0.11B,2.43,$0.94B,$1.91B,0.49,$0.85B,$0.24B,28.71%,$0.85B,$0.12B,14.35%,$0.85B,$0.12B,14.35%,$0.85B,$0.21B,25.18%,$0.85B,$0.08B,9.76%,$0.85B,$0.08B,9.29%,$0.08B,$1.91B,4.27%,$0.08B,$1.91B,4.27%,$0.08B,$3.16B,2.54%,$0.12B,$2.85B,4.38%,$238,$168,$70,$0,$0,$200,$38,$-10,$28,$-0,$28,$28,$28,$64,$38,$204,205,$0.14,$0.14,$176,$0,$0,$276,$2807,$0,$0,$80,$2886,$3162,$114,$935,$203,$1138,$1251,$2,$-249,$0,$1911,$3162,$32,$49,$8,$56,$0,$0,$0,$-10,$-21,$68,$-62,$0,$-120,$0,$31,$31,$0,$-151,$-7,$0,$-7,$93,$93,$-51,$0,$35,$-48,$4,$-51
2,2018-03-31,10.33,$9.06,1.14,$4.24,2.44,$1.03,10.06,$0.43,24.03,$0.21B,$0.15B,1.43,$0.94B,$1.82B,0.52,$0.86B,$0.26B,30.06%,$0.86B,$0.14B,15.79%,$0.86B,$0.14B,15.79%,$0.86B,$0.23B,26.43%,$0.86B,$0.10B,11.23%,$0.86B,$0.09B,10.29%,$0.09B,$1.82B,4.81%,$0.09B,$1.82B,4.81%,$0.09B,$3.10B,2.84%,$0.14B,$2.76B,4.87%,$182,$139,$42,$0,$0,$168,$14,$-9,$4,$-0,$4,$4,$4,$36,$14,$201,202,$0.02,$0.02,$107,$0,$0,$208,$2811,$0,$0,$83,$2894,$3102,$145,$938,$201,$1139,$1284,$2,$-251,$0,$1818,$3102,$4,$23,$4,$27,$0,$0,$0,$8,$3,$34,$-26,$0,$-119,$0,$21,$21,$0,$-124,$-3,$0,$-3,$3,$3,$-25,$0,$-26,$-116,$2,$-25
3,2017-12-31,11.04,$9.15,1.21,$4.31,2.56,$0.96,11.48,$0.45,24.54,$0.31B,$0.13B,2.35,$0.94B,$1.83B,0.51,$0.87B,$0.27B,30.72%,$0.87B,$0.14B,16.11%,$0.87B,$0.14B,16.11%,$0.87B,$0.23B,26.81%,$0.87B,$0.10B,11.74%,$0.87B,$0.09B,10.70%,$0.09B,$1.83B,5.08%,$0.09B,$1.83B,5.08%,$0.09B,$3.10B,3.01%,$0.14B,$2.77B,5.06%,$207,$143,$64,$0,$0,$172,$36,$-10,$26,$1,$25,$25,$25,$57,$36,$201,202,$0.13,$0.13,$224,$0,$0,$310,$2692,$0,$0,$98,$2790,$3101,$132,$938,$197,$1135,$1267,$2,$-230,$0,$1834,$3101,$92,$93,$20,$114,$0,$0,$0,$-18,$-1,$205,$-100,$0,$-94,$0,$10,$10,$5,$-179,$17,$0,$17,$-1,$-1,$-101,$-2,$-85,$-60,$6,$-101
4,2017-09-30,10.6,$9.15,1.16,$4.31,2.46,$1.92,5.53,$0.45,23.55,$0.31B,$0.13B,2.41,$0.94B,$1.83B,0.51,$0.87B,$0.27B,30.72%,$0.87B,$0.14B,15.88%,$0.87B,$0.14B,15.88%,$0.87B,$0.23B,26.81%,$0.87B,$0.10B,11.62%,$0.87B,$0.09B,10.59%,$0.09B,$1.83B,5.02%,$0.09B,$1.83B,5.02%,$0.09B,$3.10B,2.99%,$0.14B,$2.77B,5.00%,$223,$156,$68,$0,$0,$189,$34,$-9,$25,$3,$22,$22,$22,$57,$34,$201,201,$0.11,$0.11,$209,$0,$0,$307,$2688,$0,$0,$104,$2793,$3100,$128,$941,$199,$1140,$1267,$2,$-229,$0,$1833,$3100,$67,$72,$12,$84,$0,$0,$0,$-12,$-4,$147,$-77,$0,$-94,$0,$0,$0,$0,$-171,$21,$0,$21,$-1,$-1,$-75,$-2,$-57,$-80,$5,$-75
5,2017-06-30,10.48,$9.16,1.14,$4.29,2.44,$2.84,3.69,$0.49,21.38,$0.29B,$0.12B,2.45,$0.94B,$1.84B,0.51,$0.87B,$0.27B,31.06%,$0.87B,$0.15B,16.74%,$0.87B,$0.15B,16.74%,$0.87B,$0.24B,27.71%,$0.87B,$0.11B,12.70%,$0.87B,$0.10B,11.55%,$0.10B,$1.84B,5.45%,$0.10B,$1.84B,5.45%,$0.10B,$3.10B,3.25%,$0.15B,$2.78B,5.25%,$243,$160,$83,$0,$0,$193,$51,$-10,$41,$4,$37,$37,$37,$76,$51,$201,202,$0.18,$0.18,$191,$0,$0,$290,$2739,$0,$0,$68,$2807,$3097,$119,$944,$200,$1144,$1262,$2,$-226,$0,$1835,$3097,$45,$49,$7,$56,$0,$0,$0,$-24,$-18,$83,$-59,$0,$-94,$0,$0,$0,$0,$-153,$24,$0,$24,$-1,$-1,$-50,$-2,$-29,$-98,$3,$-50
6,2017-03-31,10.55,$9.09,1.16,$4.36,2.42,$3.51,3.01,$0.53,19.91,$0.25B,$0.13B,1.94,$0.92B,$1.82B,0.5,$0.88B,$0.28B,31.36%,$0.88B,$0.15B,17.27%,$0.88B,$0.15B,17.27%,$0.88B,$0.25B,28.07%,$0.88B,$0.12B,14.09%,$0.88B,$0.11B,12.16%,$0.11B,$1.82B,5.83%,$0.11B,$1.82B,5.83%,$0.11B,$3.07B,3.49%,$0.15B,$2.74B,5.51%,$196,$144,$52,$0,$0,$177,$19,$-9,$10,$1,$9,$9,$9,$43,$19,$201,202,$0.04,$0.04,$161,$0,$0,$253,$2754,$0,$0,$62,$2816,$3069,$130,$918,$199,$1117,$1247,$2,$-237,$0,$1821,$3069,$9,$24,$3,$27,$0,$0,$0,$-6,$-11,$25,$-30,$0,$-94,$0,$0,$0,$0,$-124,$-3,$0,$-3,$-1,$-1,$-25,$0,$-29,$-128,$1,$-25
7,2016-12-31,10.79,$9.17,1.18,$4.44,2.43,$3.54,3.04,$0.57,18.93,$0.37B,$0.10B,3.87,$0.92B,$1.84B,0.5,$0.90B,$0.28B,31.10%,$0.90B,$0.16B,17.50%,$0.90B,$0.16B,17.50%,$0.90B,$0.25B,28.09%,$0.90B,$0.13B,14.16%,$0.90B,$0.12B,12.82%,$0.12B,$1.84B,6.27%,$0.12B,$1.84B,6.27%,$0.12B,$3.05B,3.72%,$0.16B,$2.76B,5.64%,$207,$143,$64,$0,$0,$173,$34,$-9,$25,$1,$24,$24,$24,$57,$34,$201,202,$0.12,$0.12,$289,$0,$0,$367,$2647,$0,$0,$37,$2684,$3051,$95,$921,$199,$1119,$1214,$2,$-221,$0,$1837,$3051,$115,$95,$11,$106,$0,$0,$0,$16,$-5,$216,$81,$0,$0,$0,$0,$0,$5,$86,$-161,$0,$-161,$-7,$-7,$-101,$-3,$-272,$30,$5,$-101
8,2016-09-30,8.42,$9.19,0.92,$4.58,1.84,$2.89,2.91,$0.59,14.27,$0.37B,$0.12B,3.23,$0.92B,$1.84B,0.5,$0.92B,$0.29B,30.95%,$0.92B,$0.16B,17.42%,$0.92B,$0.16B,17.42%,$0.92B,$0.26B,28.25%,$0.92B,$0.13B,14.18%,$0.92B,$0.12B,12.66%,$0.12B,$1.84B,6.39%,$0.12B,$1.84B,6.39%,$0.12B,$3.08B,3.71%,$0.16B,$2.77B,5.67%,$220,$151,$70,$0,$0,$179,$41,$-7,$34,$4,$30,$30,$30,$64,$41,$201,202,$0.15,$0.15,$284,$0,$0,$371,$2642,$0,$0,$66,$2708,$3078,$115,$923,$197,$1119,$1234,$2,$-217,$0,$1844,$3078,$91,$72,$-2,$70,$0,$0,$0,$-14,$-8,$153,$105,$0,$0,$0,$0,$0,$3,$108,$-158,$0,$-158,$-2,$-2,$-76,$-3,$-238,$22,$4,$-76
9,2016-06-30,8.24,$9.15,0.9,$4.67,1.76,$2.17,3.8,$0.56,14.72,$0.30B,$0.12B,2.65,$0.93B,$1.84B,0.5,$0.94B,$0.29B,30.65%,$0.94B,$0.16B,17.07%,$0.94B,$0.16B,17.07%,$0.94B,$0.26B,27.89%,$0.94B,$0.13B,13.36%,$0.94B,$0.11B,11.77%,$0.11B,$1.84B,6.08%,$0.11B,$1.84B,6.08%,$0.11B,$3.08B,3.49%,$0.16B,$2.76B,5.61%,$257,$167,$90,$0,$0,$199,$58,$-3,$55,$11,$44,$44,$44,$83,$58,$201,202,$0.22,$0.22,$212,$0,$0,$303,$2641,$0,$0,$133,$2774,$3077,$115,$925,$199,$1125,$1239,$2,$-224,$0,$1838,$3077,$61,$49,$-2,$47,$0,$0,$0,$-15,$-13,$95,$64,$0,$0,$0,$0,$0,$4,$68,$-155,$0,$-155,$-1,$-1,$-50,$-3,$-209,$-47,$3,$-50
10,2016-03-31,9.11,$9.05,1.01,$4.64,1.96,$1.72,5.29,$0.46,19.8,$0.20B,$0.12B,1.68,$1.03B,$1.82B,0.56,$0.94B,$0.29B,30.45%,$0.94B,$0.15B,15.71%,$0.94B,$0.15B,15.71%,$0.94B,$0.25B,26.60%,$0.94B,$0.10B,11.00%,$0.94B,$0.09B,9.83%,$0.09B,$1.82B,5.05%,$0.09B,$1.82B,5.05%,$0.09B,$3.16B,2.86%,$0.15B,$2.84B,5.05%,$213,$158,$55,$0,$0,$189,$24,$-12,$13,$-4,$17,$17,$17,$48,$24,$201,202,$0.08,$0.08,$106,$0,$0,$201,$2885,$0,$0,$70,$2955,$3156,$119,$1026,$194,$1219,$1339,$2,$-243,$0,$1817,$3156,$17,$24,$3,$27,$0,$0,$0,$-6,$-14,$30,$-27,$0,$0,$0,$0,$0,$4,$-24,$-145,$0,$-145,$-1,$-1,$-25,$0,$-171,$-165,$1,$-25
11,2015-12-31,8.57,$9.09,0.94,$4.63,1.85,$1.78,4.82,$0.43,19.94,$0.36B,$0.12B,2.9,$1.17B,$1.83B,0.64,$0.93B,$0.28B,30.26%,$0.93B,$0.14B,15.45%,$0.93B,$0.14B,15.45%,$0.93B,$0.25B,26.39%,$0.93B,$0.10B,10.52%,$0.93B,$0.09B,9.23%,$0.09B,$1.83B,4.72%,$0.09B,$1.83B,4.72%,$0.09B,$3.31B,2.67%,$0.14B,$2.99B,4.95%,$234,$163,$71,$0,$0,$196,$38,$-10,$29,$3,$26,$26,$26,$66,$38,$201,201,$0.14,$0.14,$273,$0,$0,$360,$2882,$0,$0,$71,$2953,$3313,$124,$1170,$194,$1364,$1488,$2,$-234,$0,$1825,$3313,$86,$101,$28,$129,$0,$0,$0,$10,$13,$228,$-63,$0,$-150,$0,$0,$0,$10,$-204,$140,$0,$140,$5,$5,$-96,$-3,$45,$69,$6,$-96
12,2015-09-30,9.7,$9.08,1.07,$4.60,2.11,$2.48,3.9,$0.61,15.9,$0.22B,$0.19B,1.16,$1.06B,$1.82B,0.58,$0.92B,$0.28B,29.93%,$0.92B,$0.14B,15.18%,$0.92B,$0.14B,15.18%,$0.92B,$0.24B,25.81%,$0.92B,$0.14B,14.86%,$0.92B,$0.12B,13.45%,$0.12B,$1.82B,6.80%,$0.12B,$1.82B,6.80%,$0.12B,$3.19B,3.90%,$0.14B,$2.88B,4.86%,$239,$165,$73,$0,$0,$197,$41,$-13,$29,$4,$24,$24,$24,$66,$41,$201,201,$0.12,$0.12,$118,$0,$0,$220,$2885,$0,$0,$78,$2970,$3190,$190,$1056,$121,$1178,$1368,$2,$-235,$0,$1823,$3190,$60,$73,$21,$94,$0,$0,$0,$-4,$4,$158,$-46,$0,$-150,$0,$0,$0,$6,$-191,$18,$0,$18,$5,$5,$-71,$-2,$-49,$-82,$4,$-71
13,2015-06-30,11.12,$9.08,1.22,$4.58,2.42,$2.35,4.72,$0.71,15.66,$0.25B,$0.19B,1.32,$1.10B,$1.82B,0.6,$0.91B,$0.27B,30.04%,$0.91B,$0.14B,15.02%,$0.91B,$0.14B,15.02%,$0.91B,$0.24B,25.77%,$0.91B,$0.16B,17.11%,$0.91B,$0.14B,15.79%,$0.14B,$1.82B,8.01%,$0.14B,$1.82B,8.01%,$0.14B,$3.23B,4.55%,$0.14B,$2.92B,4.77%,$250,$164,$86,$0,$0,$206,$44,$-13,$32,$7,$25,$25,$25,$69,$44,$201,201,$0.12,$0.12,$144,$0,$0,$245,$2896,$0,$0,$78,$2983,$3227,$186,$1097,$122,$1219,$1405,$2,$-234,$0,$1822,$3227,$35,$49,$18,$66,$0,$0,$0,$-8,$-2,$100,$-32,$0,$-150,$0,$0,$0,$5,$-177,$59,$0,$59,$5,$5,$-46,$-1,$17,$-60,$3,$-46
14,2015-03-31,12.14,$9.07,1.34,$4.51,2.69,$2.27,5.36,$0.86,14.12,$0.24B,$0.17B,1.41,$1.04B,$1.82B,0.57,$0.89B,$0.26B,29.26%,$0.89B,$0.15B,16.59%,$0.89B,$0.15B,16.59%,$0.89B,$0.25B,27.47%,$0.89B,$0.18B,20.18%,$0.89B,$0.17B,19.17%,$0.17B,$1.82B,9.68%,$0.17B,$1.82B,9.68%,$0.17B,$3.15B,5.46%,$0.15B,$2.86B,5.20%,$209,$157,$52,$0,$0,$187,$21,$-13,$8,$-2,$11,$11,$11,$45,$21,$201,201,$0.05,$0.05,$149,$0,$0,$238,$2816,$0,$0,$85,$2909,$3147,$169,$1035,$123,$1157,$1326,$2,$-233,$0,$1821,$3147,$11,$24,$4,$28,$0,$0,$0,$2,$-4,$34,$-20,$0,$-56,$0,$0,$0,$6,$-70,$-5,$0,$-5,$5,$5,$-21,$-1,$-22,$-57,$1,$-21
15,2014-12-31,12.67,$9.15,1.38,$4.44,2.85,$2.12,5.98,$0.83,15.26,$0.30B,$0.17B,1.74,$1.04B,$1.83B,0.57,$0.87B,$0.25B,28.52%,$0.87B,$0.14B,15.69%,$0.87B,$0.14B,15.69%,$0.87B,$0.23B,26.80%,$0.87B,$0.17B,19.36%,$0.87B,$0.16B,18.79%,$0.16B,$1.83B,9.49%,$0.16B,$1.83B,9.49%,$0.16B,$3.16B,5.29%,$0.14B,$2.87B,4.85%,$224,$158,$65,$0,$0,$189,$34,$34,$68,$4,$64,$64,$64,$58,$34,$196,197,$0.32,$0.33,$219,$0,$0,$299,$2764,$0,$0,$87,$2859,$3158,$172,$1038,$119,$1157,$1329,$2,$-219,$0,$1829,$3158,$163,$96,$-67,$29,$0,$0,$0,$-14,$-12,$180,$120,$0,$-297,$0,$-3,$-3,$75,$-106,$-55,$0,$-55,$61,$61,$-77,$-3,$-74,$-0,$5,$-77
16,2014-09-30,10.73,$8.80,1.22,$4.33,2.48,$1.17,9.15,$0.66,16.26,$0.31B,$0.16B,1.94,$1.13B,$1.72B,0.65,$0.85B,$0.24B,27.76%,$0.85B,$0.12B,14.59%,$0.85B,$0.12B,14.59%,$0.85B,$0.22B,25.88%,$0.85B,$0.11B,12.71%,$0.85B,$0.13B,15.29%,$0.13B,$1.72B,7.69%,$0.13B,$1.72B,7.69%,$0.13B,$3.13B,4.23%,$0.12B,$2.85B,4.43%,$229,$159,$71,$0,$0,$191,$38,$9,$48,$4,$44,$44,$44,$63,$38,$196,196,$0.22,$0.22,$217,$0,$0,$307,$2723,$0,$0,$87,$2819,$3126,$158,$1125,$120,$1245,$1403,$2,$-262,$0,$1722,$3126,$100,$73,$-28,$45,$0,$0,$0,$-29,$-29,$116,$-32,$0,$-148,$0,$0,$0,$68,$-113,$34,$0,$34,$-2,$-2,$-57,$-3,$-28,$-26,$4,$-57
17,2014-06-30,10.76,$8.67,1.24,$4.21,2.56,$0.88,12.28,$0.48,22.42,$0.43B,$0.15B,2.91,$1.13B,$1.70B,0.66,$0.83B,$0.22B,26.30%,$0.83B,$0.11B,12.97%,$0.83B,$0.11B,12.97%,$0.83B,$0.20B,24.61%,$0.83B,$0.07B,8.24%,$0.83B,$0.10B,11.52%,$0.10B,$1.70B,5.66%,$0.10B,$1.70B,5.66%,$0.10B,$3.09B,3.13%,$0.11B,$2.82B,3.86%,$230,$157,$73,$0,$0,$175,$55,$1,$56,$4,$52,$52,$52,$79,$55,$196,196,$0.27,$0.26,$350,$0,$0,$431,$2536,$0,$0,$118,$2660,$3092,$148,$1126,$121,$1246,$1395,$2,$-285,$0,$1697,$3092,$56,$48,$-7,$41,$0,$0,$0,$-26,$-31,$66,$-17,$0,$0,$0,$0,$0,$67,$50,$32,$0,$32,$-2,$-2,$-37,$-0,$-7,$109,$3,$-37
18,2014-03-31,9.79,$8.50,1.15,$4.15,2.36,$0.68,14.4,$0.29,33.75,$0.33B,$0.14B,2.3,$1.09B,$1.66B,0.65,$0.81B,$0.21B,25.46%,$0.81B,$0.08B,10.21%,$0.81B,$0.08B,10.21%,$0.81B,$0.18B,22.26%,$0.81B,$0.03B,3.81%,$0.81B,$0.06B,7.13%,$0.06B,$1.66B,3.47%,$0.06B,$1.66B,3.47%,$0.06B,$3.02B,1.92%,$0.08B,$2.75B,3.02%,$190,$150,$40,$0,$0,$180,$10,$-13,$-3,$-7,$4,$4,$4,$34,$10,$196,196,$0.02,$0.02,$209,$0,$0,$330,$2563,$0,$0,$117,$2687,$3017,$143,$1088,$121,$1210,$1353,$2,$-317,$0,$1664,$3017,$4,$24,$3,$27,$0,$0,$0,$-11,$-20,$11,$-26,$0,$0,$0,$0,$0,$4,$-22,$-4,$0,$-4,$-2,$-2,$-17,$0,$-22,$-33,$1,$-17
19,2013-12-31,9.54,$8.60,1.11,$4.09,2.33,$0.78,12.25,$0.25,38.14,$0.35B,$0.16B,2.26,$1.09B,$1.68B,0.65,$0.80B,$0.20B,25.28%,$0.80B,$0.07B,9.26%,$0.80B,$0.07B,9.26%,$0.80B,$0.17B,21.78%,$0.80B,$0.02B,2.88%,$0.80B,$0.05B,6.26%,$0.05B,$1.68B,2.99%,$0.05B,$1.68B,2.99%,$0.05B,$3.05B,1.66%,$0.07B,$2.77B,2.69%,$201,$150,$52,$0,$0,$180,$21,$-15,$7,$0,$7,$7,$30,$44,$21,$195,196,$0.15,$0.15,$234,$0,$0,$353,$2568,$0,$0,$119,$2695,$3048,$156,$1092,$119,$1211,$1367,$2,$-301,$0,$1681,$3048,$49,$100,$-8,$92,$0,$0,$0,$0,$3,$144,$-31,$0,$0,$0,$-5,$-5,$-6,$-42,$102,$0,$102,$-2,$-2,$-66,$-1,$33,$135,$5,$-66
20,2013-09-30,8.75,$8.53,1.03,$4.41,1.99,$1.17,7.47,$0.19,46.03,$0.26B,$0.15B,1.73,$1.06B,$1.67B,0.64,$0.84B,$0.22B,26.01%,$0.84B,$0.08B,9.74%,$0.84B,$0.08B,9.74%,$0.84B,$0.20B,23.28%,$0.84B,$0.03B,3.33%,$0.84B,$0.04B,4.39%,$0.04B,$1.67B,2.21%,$0.04B,$1.67B,2.21%,$0.04B,$3.00B,1.24%,$0.08B,$2.73B,3.01%,$204,$153,$52,$0,$0,$183,$21,$-13,$8,$0,$8,$8,$9,$46,$21,$196,196,$0.04,$0.04,$130,$0,$0,$260,$2608,$0,$0,$121,$2737,$2997,$151,$1060,$120,$1180,$1330,$2,$-314,$0,$1667,$2997,$20,$77,$11,$88,$0,$0,$0,$-7,$-7,$100,$-75,$0,$0,$0,$-5,$-5,$-6,$-87,$72,$0,$72,$-2,$-2,$-49,$-1,$20,$34,$4,$-49
21,2013-06-30,7.58,$8.56,0.88,$4.35,1.74,$1.63,4.64,$-0.09,0.0,$0.28B,$0.15B,1.89,$1.06B,$1.67B,0.64,$0.82B,$0.22B,26.28%,$0.82B,$0.04B,5.11%,$0.82B,$0.04B,5.11%,$0.82B,$0.15B,18.61%,$0.82B,$-0.01B,-1.46%,$0.82B,$-0.02B,-2.07%,$-0.02B,$1.67B,-1.01%,$-0.02B,$1.67B,-1.01%,$-0.02B,$3.01B,-0.57%,$0.04B,$2.74B,1.54%,$218,$155,$63,$0,$0,$187,$31,$-13,$19,$4,$14,$14,$15,$57,$31,$196,196,$0.08,$0.08,$142,$0,$0,$277,$2601,$0,$0,$118,$2728,$3005,$147,$1064,$120,$1184,$1331,$2,$-306,$0,$1674,$3005,$11,$52,$8,$60,$0,$0,$0,$-16,$-18,$53,$-43,$0,$0,$0,$0,$0,$-6,$-49,$76,$0,$76,$-2,$-2,$-32,$-1,$41,$45,$3,$-32
22,2013-03-31,7.5,$8.57,0.88,$4.31,1.74,$2.15,3.48,$-0.12,0.0,$0.29B,$0.14B,2.01,$1.08B,$1.68B,0.64,$0.79B,$0.20B,25.86%,$0.79B,$0.03B,4.33%,$0.79B,$0.03B,4.33%,$0.79B,$0.14B,17.71%,$0.79B,$-0.02B,-2.68%,$0.79B,$-0.02B,-2.93%,$-0.02B,$1.68B,-1.40%,$-0.02B,$1.68B,-1.40%,$-0.02B,$3.02B,-0.80%,$0.03B,$2.75B,1.29%,$176,$140,$35,$0,$0,$175,$1,$-12,$-11,$-6,$-5,$-5,$-4,$27,$1,$195,195,$-0.02,$-0.02,$167,$0,$0,$288,$2607,$0,$0,$112,$2728,$3016,$143,$1078,$121,$1198,$1342,$2,$-304,$0,$1675,$3016,$-4,$26,$4,$30,$0,$0,$0,$-2,$-8,$18,$-14,$0,$0,$0,$0,$0,$-8,$-22,$89,$0,$89,$-2,$-2,$-16,$-1,$71,$68,$2,$-16
23,2012-12-31,7.18,$8.69,0.83,$4.11,1.75,$2.65,2.71,$-0.08,0.0,$0.21B,$0.14B,1.49,$0.99B,$1.70B,0.58,$0.73B,$0.19B,25.86%,$0.73B,$0.03B,3.85%,$0.73B,$0.03B,3.85%,$0.73B,$0.13B,17.47%,$0.73B,$-0.03B,-3.58%,$0.73B,$-0.02B,-2.20%,$-0.02B,$1.70B,-1.00%,$-0.02B,$1.70B,-1.00%,$-0.02B,$2.94B,-0.57%,$0.03B,$2.68B,1.10%,$244,$174,$69,$0,$0,$214,$29,$-17,$12,$-2,$14,$14,$17,$66,$29,$181,181,$0.08,$0.08,$86,$0,$0,$208,$2611,$0,$0,$115,$2736,$2944,$140,$989,$120,$1109,$1249,$2,$-283,$0,$1695,$2944,$-17,$99,$42,$141,$0,$0,$0,$-32,$-31,$93,$82,$0,$-445,$0,$-2,$-2,$-4,$-369,$126,$0,$126,$197,$197,$-56,$-8,$259,$-17,$5,$-56
24,2012-09-30,7.62,$8.72,0.87,$3.90,1.95,$1.98,3.85,$-0.14,0.0,$0.21B,$0.13B,1.58,$1.02B,$1.70B,0.6,$0.67B,$0.17B,25.00%,$0.67B,$0.02B,2.68%,$0.67B,$0.02B,2.68%,$0.67B,$0.11B,16.67%,$0.67B,$-0.03B,-5.06%,$0.67B,$-0.03B,-4.17%,$-0.03B,$1.70B,-1.81%,$-0.03B,$1.70B,-1.81%,$-0.03B,$2.97B,-1.02%,$0.02B,$2.72B,0.72%,$184,$135,$49,$0,$0,$203,$-19,$-13,$-32,$-1,$-31,$-31,$-45,$3,$-19,$187,187,$-0.24,$-0.24,$82,$0,$0,$207,$2607,$0,$0,$151,$2767,$2973,$131,$1018,$123,$1141,$1272,$2,$-284,$0,$1701,$2973,$-33,$62,$45,$107,$0,$0,$0,$-18,$-29,$45,$66,$0,$-415,$0,$-2,$-2,$-5,$-356,$156,$0,$156,$197,$197,$-40,$-5,$307,$-5,$3,$-40
25,2012-06-30,8.0,$8.85,0.9,$3.85,2.08,$1.44,5.57,$0.09,88.9,$0.29B,$0.12B,2.32,$0.90B,$1.49B,0.61,$0.65B,$0.16B,24.65%,$0.65B,$0.05B,7.75%,$0.65B,$0.05B,7.75%,$0.65B,$0.15B,22.48%,$0.65B,$-0.00B,-0.16%,$0.65B,$0.02B,2.48%,$0.02B,$1.49B,1.07%,$0.02B,$1.49B,1.07%,$0.02B,$2.62B,0.59%,$0.05B,$2.39B,2.02%,$181,$131,$50,$0,$0,$158,$23,$-12,$10,$2,$8,$8,$9,$43,$23,$168,168,$0.05,$0.05,$166,$0,$0,$288,$2207,$0,$0,$112,$2328,$2616,$124,$901,$106,$1006,$1130,$2,$-223,$0,$1486,$2616,$12,$40,$-4,$35,$0,$0,$0,$-20,$-28,$19,$77,$0,$0,$0,$-2,$-2,$-5,$70,$38,$0,$38,$-3,$-3,$-40,$-5,$-11,$79,$2,$-40
26,2012-03-31,8.01,$8.87,0.9,$3.67,2.18,$0.85,9.46,$0.04,200.29,$0.29B,$0.12B,2.46,$0.90B,$1.49B,0.61,$0.61B,$0.15B,23.78%,$0.61B,$0.04B,6.35%,$0.61B,$0.04B,6.35%,$0.61B,$0.14B,21.99%,$0.61B,$-0.01B,-1.30%,$0.61B,$0.01B,0.98%,$0.01B,$1.49B,0.40%,$0.01B,$1.49B,0.40%,$0.01B,$2.63B,0.22%,$0.04B,$2.39B,1.55%,$118,$99,$20,$0,$0,$123,$-5,$-11,$-16,$-6,$-10,$-10,$3,$15,$-5,$168,168,$0.02,$0.02,$185,$0,$0,$291,$2219,$0,$0,$110,$2339,$2630,$118,$903,$120,$1023,$1141,$2,$-219,$0,$1489,$2630,$3,$20,$-7,$13,$0,$0,$0,$-2,$-14,$2,$86,$0,$0,$0,$-1,$-1,$-3,$82,$41,$0,$41,$-3,$-3,$-13,$-5,$19,$102,$1,$-13
27,2011-12-31,7.45,$8.97,0.83,$3.60,2.07,$0.32,22.95,$-0.05,0.0,$0.19B,$0.13B,1.43,$1.04B,$1.50B,0.69,$0.60B,$0.14B,23.83%,$0.60B,$0.04B,6.33%,$0.60B,$0.04B,6.33%,$0.60B,$0.14B,22.50%,$0.60B,$-0.01B,-1.17%,$0.60B,$-0.01B,-1.33%,$-0.01B,$1.50B,-0.53%,$-0.01B,$1.50B,-0.53%,$-0.01B,$2.80B,-0.29%,$0.04B,$2.55B,1.52%,$189,$140,$49,$0,$0,$170,$19,$-15,$4,$1,$3,$3,$5,$51,$19,$167,167,$0.03,$0.03,$80,$0,$0,$186,$2235,$0,$0,$373,$2613,$2799,$130,$1043,$124,$1167,$1296,$2,$-208,$0,$1502,$2799,$-8,$97,$15,$111,$0,$0,$0,$-1,$1,$104,$-55,$0,$-385,$0,$-20,$-20,$4,$-456,$191,$0,$191,$146,$146,$-40,$-2,$294,$-58,$4,$-40
28,2011-09-30,5.35,$9.01,0.59,$3.22,1.66,$0.40,13.45,$-0.07,0.0,$0.22B,$0.13B,1.61,$1.08B,$1.51B,0.71,$0.52B,$0.12B,23.27%,$0.52B,$0.03B,4.81%,$0.52B,$0.03B,4.81%,$0.52B,$0.12B,22.88%,$0.52B,$-0.01B,-1.92%,$0.52B,$-0.01B,-2.12%,$-0.01B,$1.51B,-0.74%,$-0.01B,$1.51B,-0.74%,$-0.01B,$2.84B,-0.41%,$0.03B,$2.59B,1.04%,$157,$117,$40,$0,$0,$144,$13,$-11,$1,$2,$-1,$-1,$-1,$36,$13,$167,167,$-0.01,$-0.01,$94,$0,$0,$216,$2500,$0,$0,$115,$2621,$2838,$134,$1076,$118,$1194,$1328,$2,$-199,$0,$1510,$2838,$-13,$65,$9,$74,$0,$0,$0,$-14,$-19,$43,$-35,$0,$-385,$0,$-20,$-20,$2,$-439,$224,$0,$224,$146,$146,$-27,$-2,$340,$-55,$3,$-27
29,2011-06-30,8.13,$9.10,0.89,$3.26,2.49,$0.52,15.59,$-0.08,0.0,$0.21B,$0.13B,1.71,$1.04B,$1.52B,0.68,$0.51B,$0.11B,22.18%,$0.51B,$0.02B,3.70%,$0.51B,$0.02B,3.70%,$0.51B,$0.11B,21.60%,$0.51B,$-0.02B,-2.92%,$0.51B,$-0.01B,-2.72%,$-0.01B,$1.52B,-0.95%,$-0.01B,$1.52B,-0.95%,$-0.01B,$2.80B,-0.55%,$0.02B,$2.56B,0.82%,$150,$113,$37,$0,$0,$138,$12,$-10,$3,$3,$-1,$-1,$-1,$33,$12,$167,167,$-0.00,$-0.00,$97,$0,$0,$214,$2462,$0,$0,$119,$2588,$2802,$125,$1036,$117,$1153,$1278,$2,$-185,$0,$1524,$2802,$-12,$42,$6,$48,$0,$0,$0,$-13,$-18,$18,$-21,$0,$-367,$0,$-22,$-22,$-13,$-424,$211,$0,$211,$147,$147,$-14,$-2,$342,$-63,$2,$-14
30,2011-03-31,8.4,$9.18,0.91,$3.45,2.43,$0.56,14.89,$-0.07,0.0,$0.37B,$0.12B,3.19,$0.78B,$1.54B,0.51,$0.52B,$0.12B,22.33%,$0.52B,$0.02B,4.27%,$0.52B,$0.02B,4.27%,$0.52B,$0.11B,21.55%,$0.52B,$-0.01B,-2.72%,$0.52B,$-0.01B,-2.33%,$-0.01B,$1.54B,-0.83%,$-0.01B,$1.54B,-0.83%,$-0.01B,$2.55B,-0.49%,$0.02B,$2.32B,0.99%,$104,$87,$17,$0,$0,$110,$-6,$-9,$-15,$-4,$-11,$-11,$-11,$15,$-6,$164,164,$-0.07,$-0.07,$265,$0,$0,$374,$2057,$0,$0,$113,$2175,$2549,$117,$779,$116,$895,$1012,$2,$-171,$0,$1537,$2549,$-11,$21,$3,$24,$0,$0,$0,$1,$-5,$8,$-8,$0,$0,$0,$-20,$-20,$-21,$-49,$-3,$0,$-3,$147,$147,$-0,$0,$144,$102,$1,$-0
31,2010-12-31,8.96,$9.14,0.98,$3.70,2.42,$0.53,16.78,$-0.07,0.0,$0.25B,$0.12B,2.09,$0.78B,$1.41B,0.55,$0.52B,$0.12B,22.52%,$0.52B,$0.03B,4.96%,$0.52B,$0.03B,4.96%,$0.52B,$0.11B,21.37%,$0.52B,$-0.01B,-1.72%,$0.52B,$-0.01B,-1.72%,$-0.01B,$1.41B,-0.66%,$-0.01B,$1.41B,-0.66%,$-0.01B,$2.42B,-0.38%,$0.03B,$2.19B,1.21%,$109,$82,$27,$0,$0,$103,$6,$-5,$1,$1,$0,$0,$2,$35,$6,$144,144,$0.02,$0.02,$136,$0,$0,$245,$2072,$0,$0,$93,$2170,$2415,$117,$781,$103,$884,$1001,$2,$-146,$0,$1414,$2415,$-9,$86,$11,$98,$0,$0,$0,$-6,$-3,$85,$-32,$0,$-266,$0,$0,$0,$-73,$-371,$-6,$0,$-6,$206,$206,$-4,$-3,$192,$-93,$4,$-4
32,2010-09-30,7.08,$9.13,0.78,$3.82,1.85,$0.68,10.37,$-0.15,0.0,$0.24B,$0.13B,1.9,$0.78B,$1.41B,0.56,$0.51B,$0.11B,20.83%,$0.51B,$0.01B,2.36%,$0.51B,$0.01B,2.36%,$0.51B,$0.09B,18.47%,$0.51B,$-0.02B,-4.72%,$0.51B,$-0.02B,-3.93%,$-0.02B,$1.41B,-1.53%,$-0.02B,$1.41B,-1.53%,$-0.02B,$2.42B,-0.86%,$0.01B,$2.19B,0.57%,$151,$118,$33,$0,$0,$144,$7,$-11,$-4,$-1,$-4,$-4,$-4,$28,$7,$155,155,$-0.02,$-0.02,$110,$0,$0,$239,$2078,$0,$0,$99,$2183,$2422,$126,$783,$104,$886,$1012,$2,$-148,$0,$1411,$2422,$-11,$58,$6,$63,$0,$0,$0,$-13,$-10,$43,$-16,$0,$-266,$0,$0,$0,$-71,$-353,$-4,$0,$-4,$206,$206,$-4,$-3,$194,$-116,$3,$-4
33,2010-06-30,6.14,$9.14,0.67,$4.08,1.5,$0.80,7.65,$-0.12,0.0,$0.32B,$0.12B,2.81,$0.78B,$1.41B,0.56,$0.50B,$0.10B,20.77%,$0.50B,$0.01B,2.42%,$0.50B,$0.01B,2.42%,$0.50B,$0.09B,18.55%,$0.50B,$-0.02B,-4.84%,$0.50B,$-0.02B,-3.02%,$-0.02B,$1.41B,-1.21%,$-0.02B,$1.41B,-1.21%,$-0.02B,$2.41B,-0.67%,$0.01B,$2.20B,0.59%,$151,$113,$38,$0,$0,$136,$15,$-11,$4,$3,$1,$1,$1,$33,$15,$138,139,$0.01,$0.01,$196,$0,$0,$323,$1990,$0,$0,$97,$2090,$2413,$115,$784,$101,$885,$1000,$2,$-144,$0,$1413,$2413,$-8,$37,$3,$40,$0,$0,$0,$-15,$-19,$14,$-10,$0,$-157,$0,$0,$0,$-67,$-234,$-3,$0,$-3,$206,$206,$-4,$-0,$198,$-22,$2,$-4
34,2010-03-31,7.55,$9.36,0.81,$4.36,1.73,$0.94,8.03,$-0.11,0.0,$0.27B,$0.10B,2.67,$0.79B,$1.23B,0.64,$0.49B,$0.10B,20.45%,$0.49B,$0.01B,1.43%,$0.49B,$0.01B,1.43%,$0.49B,$0.09B,18.00%,$0.49B,$-0.03B,-5.93%,$0.49B,$-0.01B,-2.86%,$-0.01B,$1.23B,-1.20%,$-0.01B,$1.23B,-1.20%,$-0.01B,$2.21B,-0.64%,$0.01B,$2.01B,0.36%,$113,$92,$20,$0,$0,$115,$-2,$-8,$-10,$-2,$-8,$-8,$-8,$16,$-2,$128,128,$-0.07,$-0.07,$219,$0,$0,$269,$1847,$0,$0,$94,$1945,$2214,$101,$785,$102,$887,$988,$1,$-145,$0,$1226,$2214,$-8,$18,$-0,$18,$0,$0,$0,$-2,$-9,$1,$-5,$0,$0,$0,$0,$0,$-7,$-11,$-2,$0,$-2,$21,$21,$-4,$-0,$15,$4,$1,$-4
35,2009-12-31,6.32,$9.46,0.67,$4.79,1.32,$1.04,6.06,$-0.10,0.0,$0.25B,$0.11B,2.33,$0.79B,$1.18B,0.67,$0.50B,$0.10B,20.81%,$0.50B,$0.01B,1.82%,$0.50B,$0.01B,1.82%,$0.50B,$0.09B,18.18%,$0.50B,$-0.03B,-6.06%,$0.50B,$-0.01B,-2.22%,$-0.01B,$1.18B,-0.99%,$-0.01B,$1.18B,-0.99%,$-0.01B,$2.22B,-0.51%,$0.01B,$1.96B,0.46%,$94,$79,$15,$0,$0,$101,$-8,$-7,$-14,$-7,$-8,$-8,$-9,$17,$-8,$107,107,$-0.07,$-0.07,$209,$0,$0,$254,$1862,$0,$0,$96,$1962,$2215,$109,$787,$144,$931,$1040,$1,$-137,$0,$1176,$2215,$-11,$81,$-3,$77,$0,$0,$0,$11,$14,$81,$-25,$-1,$0,$0,$0,$0,$-2,$-28,$-92,$0,$-92,$204,$204,$-0,$-1,$111,$164,$7,$-0
36,2009-09-30,5.82,$9.98,0.58,$6.26,0.93,$1.21,4.79,$0.12,48.53,$0.21B,$0.08B,2.45,$0.82B,$1.15B,0.71,$0.62B,$0.15B,23.42%,$0.62B,$0.04B,6.95%,$0.62B,$0.04B,6.95%,$0.62B,$0.12B,20.03%,$0.62B,$-0.01B,-0.97%,$0.62B,$0.01B,1.94%,$0.01B,$1.15B,1.12%,$0.01B,$1.15B,1.12%,$0.01B,$2.16B,0.57%,$0.04B,$1.98B,2.24%,$138,$108,$30,$0,$0,$131,$7,$-11,$-4,$-5,$1,$1,$1,$26,$7,$110,111,$0.01,$0.01,$153,$0,$0,$205,$1879,$0,$0,$74,$1957,$2162,$84,$821,$103,$924,$1008,$1,$-86,$0,$1154,$2162,$-2,$56,$11,$67,$0,$0,$0,$1,$-15,$50,$-18,$0,$0,$0,$0,$0,$-3,$-20,$-58,$0,$-58,$135,$135,$-0,$-1,$76,$105,$4,$-0
37,2009-06-30,4.5,$10.18,0.44,$6.76,0.67,$1.32,3.42,$0.24,18.75,$0.14B,$0.09B,1.56,$0.82B,$1.10B,0.75,$0.64B,$0.16B,24.45%,$0.64B,$0.06B,8.88%,$0.64B,$0.06B,8.88%,$0.64B,$0.14B,21.18%,$0.64B,$0.01B,1.09%,$0.64B,$0.02B,3.58%,$0.02B,$1.10B,2.23%,$0.02B,$1.10B,2.23%,$0.02B,$2.11B,1.09%,$0.06B,$1.92B,3.00%,$144,$109,$35,$0,$0,$133,$10,$-11,$-1,$-3,$2,$2,$2,$29,$10,$104,105,$0.02,$0.02,$82,$0,$0,$135,$1894,$0,$0,$77,$1974,$2109,$86,$819,$104,$923,$1009,$1,$-87,$0,$1099,$2109,$-3,$37,$8,$45,$0,$0,$0,$1,$-12,$30,$-13,$0,$0,$0,$0,$0,$-1,$-14,$-59,$0,$-59,$82,$82,$-0,$-1,$22,$38,$3,$-0
38,2009-03-31,2.88,$11.24,0.26,$7.30,0.4,$1.27,2.27,$0.45,6.41,$0.10B,$0.09B,1.09,$0.87B,$1.01B,0.86,$0.68B,$0.18B,26.07%,$0.68B,$0.08B,11.93%,$0.68B,$0.08B,11.93%,$0.68B,$0.16B,23.27%,$0.68B,$0.03B,4.57%,$0.68B,$0.04B,6.33%,$0.04B,$1.01B,4.20%,$0.04B,$1.01B,4.20%,$0.04B,$2.08B,2.04%,$0.08B,$1.89B,4.27%,$119,$96,$23,$0,$0,$118,$0,$-11,$-11,$-6,$-5,$-5,$-5,$18,$0,$91,91,$-0.06,$-0.06,$43,$0,$0,$99,$1906,$0,$0,$72,$1982,$2081,$91,$872,$104,$977,$1068,$1,$-89,$0,$1013,$2081,$-5,$18,$3,$21,$0,$0,$0,$7,$-2,$14,$-7,$0,$0,$0,$0,$0,$0,$-7,$-6,$0,$-6,$-0,$-0,$-0,$0,$-6,$0,$1,$-0
39,2008-12-31,3.65,$11.30,0.32,$7.38,0.49,$1.18,3.09,$0.56,6.51,$0.11B,$0.10B,1.03,$0.88B,$1.02B,0.86,$0.69B,$0.19B,26.70%,$0.69B,$0.09B,13.42%,$0.69B,$0.09B,13.42%,$0.69B,$0.17B,24.24%,$0.69B,$0.04B,6.20%,$0.69B,$0.05B,7.65%,$0.05B,$1.02B,5.12%,$0.05B,$1.02B,5.12%,$0.05B,$2.10B,2.50%,$0.09B,$1.90B,4.89%,$218,$161,$57,$0,$0,$192,$26,$-16,$10,$-4,$14,$14,$14,$51,$26,$93,93,$0.15,$0.15,$44,$0,$0,$105,$1920,$0,$0,$74,$1998,$2103,$102,$878,$105,$983,$1085,$1,$-84,$0,$1018,$2103,$53,$76,$4,$80,$0,$0,$0,$-2,$-3,$130,$-65,$0,$0,$0,$0,$0,$8,$-57,$54,$0,$54,$-49,$-49,$-93,$-0,$-89,$-16,$4,$-93
40,2008-09-30,6.54,$11.13,0.59,$7.53,0.87,$1.47,4.46,$0.67,9.76,$0.13B,$0.09B,1.4,$0.90B,$1.00B,0.9,$0.71B,$0.20B,27.79%,$0.71B,$0.11B,15.23%,$0.71B,$0.11B,15.23%,$0.71B,$0.18B,25.53%,$0.71B,$0.06B,8.18%,$0.71B,$0.06B,9.03%,$0.06B,$1.00B,6.09%,$0.06B,$1.00B,6.09%,$0.06B,$2.12B,3.00%,$0.11B,$1.90B,5.67%,$161,$119,$42,$0,$0,$141,$21,$-11,$9,$-3,$12,$12,$12,$38,$21,$92,92,$0.13,$0.13,$59,$0,$0,$127,$1928,$0,$0,$61,$1993,$2120,$91,$899,$128,$1027,$1118,$1,$-98,$0,$1002,$2120,$39,$52,$9,$61,$0,$0,$0,$-6,$-14,$86,$-50,$0,$0,$0,$0,$0,$4,$-46,$74,$0,$74,$-49,$-49,$-70,$-0,$-46,$-6,$3,$-70
41,2008-06-30,7.63,$11.19,0.68,$7.53,1.01,$1.67,4.56,$0.71,10.75,$0.13B,$0.10B,1.38,$0.86B,$1.06B,0.81,$0.72B,$0.20B,28.25%,$0.72B,$0.11B,15.80%,$0.72B,$0.11B,15.80%,$0.72B,$0.19B,26.01%,$0.72B,$0.06B,8.95%,$0.72B,$0.07B,9.51%,$0.07B,$1.06B,6.36%,$0.07B,$1.06B,6.36%,$0.07B,$2.14B,3.18%,$0.11B,$1.91B,5.90%,$181,$126,$55,$0,$0,$147,$34,$-11,$23,$1,$22,$22,$22,$51,$34,$95,95,$0.23,$0.23,$59,$0,$0,$132,$1940,$0,$0,$63,$2007,$2138,$95,$855,$130,$985,$1080,$1,$-87,$0,$1058,$2138,$27,$34,$6,$40,$0,$0,$0,$-11,$-19,$48,$-37,$0,$0,$0,$0,$0,$3,$-34,$31,$0,$31,$-3,$-3,$-47,$0,$-19,$-5,$2,$-47
42,2008-03-31,8.69,$11.21,0.78,$7.50,1.16,$1.88,4.63,$0.69,12.6,$0.12B,$0.10B,1.2,$0.84B,$1.06B,0.79,$0.71B,$0.20B,28.37%,$0.71B,$0.11B,15.87%,$0.71B,$0.11B,15.87%,$0.71B,$0.19B,26.26%,$0.71B,$0.06B,8.99%,$0.71B,$0.07B,9.41%,$0.07B,$1.06B,6.23%,$0.07B,$1.06B,6.23%,$0.07B,$2.13B,3.13%,$0.11B,$1.90B,5.87%,$133,$102,$31,$0,$0,$121,$12,$-10,$1,$-4,$5,$5,$5,$28,$12,$95,95,$0.05,$0.05,$54,$0,$0,$120,$1947,$0,$0,$59,$2010,$2130,$100,$838,$130,$968,$1068,$1,$-85,$0,$1062,$2130,$5,$16,$3,$19,$0,$0,$0,$4,$-4,$20,$-22,$0,$0,$0,$0,$0,$1,$-20,$13,$0,$13,$-0,$-0,$-23,$0,$-10,$-11,$1,$-23
43,2007-12-31,10.08,$11.40,0.88,$7.55,1.34,$1.94,5.2,$0.71,14.2,$0.13B,$0.10B,1.27,$0.83B,$1.08B,0.76,$0.71B,$0.21B,28.97%,$0.71B,$0.12B,16.46%,$0.71B,$0.12B,16.46%,$0.71B,$0.19B,26.72%,$0.71B,$0.07B,9.56%,$0.71B,$0.07B,9.70%,$0.07B,$1.08B,6.37%,$0.07B,$1.08B,6.37%,$0.07B,$2.13B,3.22%,$0.12B,$1.91B,6.04%,$234,$166,$69,$0,$0,$194,$41,$-16,$25,$4,$21,$21,$25,$64,$41,$94,94,$0.27,$0.27,$62,$0,$0,$130,$1939,$0,$0,$59,$2002,$2132,$102,$825,$125,$949,$1051,$1,$-66,$0,$1080,$2132,$68,$73,$12,$85,$0,$0,$0,$-6,$-5,$149,$-56,$0,$-331,$0,$0,$0,$36,$-351,$-17,$0,$-17,$315,$315,$-82,$-4,$213,$10,$4,$-82
44,2007-09-30,11.54,$11.37,1.01,$7.45,1.55,$1.38,8.35,$0.59,19.56,$0.12B,$0.08B,1.5,$0.86B,$1.08B,0.8,$0.64B,$0.18B,28.17%,$0.64B,$0.10B,15.34%,$0.64B,$0.10B,15.34%,$0.64B,$0.17B,25.82%,$0.64B,$0.05B,8.45%,$0.64B,$0.05B,8.45%,$0.05B,$1.08B,5.35%,$0.05B,$1.08B,5.35%,$0.05B,$2.15B,2.61%,$0.10B,$1.94B,5.24%,$167,$120,$47,$0,$0,$140,$26,$-11,$15,$-0,$16,$16,$16,$43,$26,$95,95,$0.17,$0.17,$54,$0,$0,$120,$1968,$0,$0,$55,$2027,$2147,$80,$864,$126,$990,$1070,$1,$-68,$0,$1077,$2147,$43,$50,$10,$59,$0,$0,$0,$-10,$-10,$93,$-36,$0,$-331,$0,$0,$0,$6,$-362,$23,$0,$23,$315,$315,$-60,$-4,$275,$6,$3,$-60
45,2007-06-30,12.47,$11.49,1.09,$7.33,1.7,$1.12,11.09,$0.51,24.46,$0.12B,$0.08B,1.55,$0.87B,$1.09B,0.8,$0.59B,$0.16B,27.77%,$0.59B,$0.09B,14.65%,$0.59B,$0.09B,14.65%,$0.59B,$0.15B,25.38%,$0.59B,$0.05B,7.84%,$0.59B,$0.04B,7.50%,$0.04B,$1.09B,4.82%,$0.04B,$1.09B,4.82%,$0.04B,$2.16B,2.30%,$0.09B,$1.96B,4.99%,$178,$123,$55,$0,$0,$143,$34,$-11,$23,$3,$20,$20,$21,$52,$34,$95,95,$0.21,$0.21,$52,$0,$0,$122,$1973,$0,$0,$55,$2033,$2155,$79,$868,$121,$990,$1069,$1,$-61,$0,$1086,$2155,$27,$33,$8,$40,$0,$0,$0,$-11,$-14,$53,$-23,$0,$-331,$0,$0,$0,$-1,$-354,$25,$0,$25,$318,$318,$-37,$-1,$305,$4,$2,$-37
46,2007-03-31,12.26,$11.50,1.07,$7.25,1.69,$0.92,13.31,$0.50,24.52,$0.10B,$0.07B,1.48,$0.86B,$1.09B,0.8,$0.53B,$0.15B,27.53%,$0.53B,$0.08B,14.23%,$0.53B,$0.08B,14.23%,$0.53B,$0.13B,24.72%,$0.53B,$0.04B,7.30%,$0.53B,$0.04B,6.93%,$0.04B,$1.09B,4.54%,$0.04B,$1.09B,4.54%,$0.04B,$2.14B,2.11%,$0.08B,$1.95B,4.83%,$132,$98,$35,$0,$0,$117,$16,$-11,$5,$-2,$6,$6,$7,$31,$16,$91,92,$0.07,$0.07,$42,$0,$0,$100,$2014,$0,$0,$22,$2041,$2141,$68,$864,$122,$986,$1054,$1,$-59,$0,$1087,$2141,$7,$16,$4,$20,$0,$0,$0,$-1,$-9,$18,$-14,$0,$-331,$0,$0,$0,$2,$-343,$21,$0,$21,$318,$318,$-14,$-1,$323,$-2,$1,$-14
47,2006-12-31,11.47,$10.30,1.11,$7.41,1.55,$0.89,12.82,$0.51,22.5,$0.11B,$0.08B,1.38,$0.84B,$0.79B,1.08,$0.49B,$0.13B,27.63%,$0.49B,$0.07B,14.43%,$0.49B,$0.07B,14.43%,$0.49B,$0.12B,24.74%,$0.49B,$0.04B,7.84%,$0.49B,$0.03B,7.01%,$0.03B,$0.79B,5.17%,$0.03B,$0.79B,5.17%,$0.03B,$1.82B,2.18%,$0.07B,$1.63B,5.04%,$162,$119,$43,$0,$0,$141,$22,$-11,$11,$2,$9,$9,$10,$39,$22,$68,68,$0.14,$0.14,$48,$0,$0,$106,$1686,$0,$0,$23,$1713,$1819,$77,$844,$113,$957,$1034,$1,$-43,$0,$785,$1819,$35,$51,$12,$62,$0,$0,$0,$-5,$-5,$93,$-64,$0,$-501,$0,$0,$0,$3,$-562,$193,$0,$193,$333,$333,$-44,$-3,$479,$10,$3,$-44
