,Date,Stock Price,Book Value per Share,Price to Book Ratio,TTM Sales per Share,Price to Sales Ratio,TTM FCF per Share,Price to FCF Ratio,TTM Net EPS,PE Ratio,Current Assets,Current Liabilities,Current Ratio,Long Term Debt,Shareholder's Equity_x,Debt to Equity Ratio,TTM Revenue_x,TTM Gross Profit,Gross Margin,TTM Revenue_y,TTM Operating Income,Operating Margin,TTM Revenue_x,TTM EBIT,EBIT Margin,TTM Revenue_y,TTM EBITDA,EBITDA Margin,TTM Revenue_x,TTM Pre-Tax Income,Pre-Tax Margin,TTM Revenue_y,TTM Net Income_x,Net Margin,TTM Net Income_y,Shareholder's Equity_y,Return on Equity,TTM Net Income_x,Tangible Equity,Return on Tangible Equity,TTM Net Income_y,Total Assets,Return on Assets,TTM Net Income,LT Investments & Debt,Return on Investment,revenue,cost-goods-sold,gross-profit,research-development-expenses,selling-general-administrative-expenses,operating-expenses,operating-income,total-non-operating-income-expense,pre-tax-income,total-provision-income-taxes,income-after-taxes,income-from-continuous-operations,net-income,ebitda,ebit,basic-shares-outstanding,shares-outstanding,eps-basic-net-earnings-per-share,eps-earnings-per-share-diluted,cash-on-hand,inventory,other-current-assets,total-current-assets,net-property-plant-equipment,long-term-investments,goodwill-intangible-assets-total,other-long-term-assets,total-long-term-assets,total-assets,total-current-liabilities,long-term-debt,other-non-current-liabilities,total-long-term-liabilities,total-liabilities,common-stock-net,retained-earnings-accumulated-deficit,comprehensive-income,total-share-holder-equity,total-liabilities-share-holders-equity,net-income-loss,total-depreciation-amortization-cash-flow,other-non-cash-items,total-non-cash-items,change-in-accounts-receivable,change-in-inventories,change-in-accounts-payable,change-in-assets-liabilities,total-change-in-assets-liabilities,cash-flow-from-operating-activities,net-change-in-property-plant-equipment,net-change-in-intangible-assets,net-acquisitions-divestitures,net-change-in-short-term-investments,net-change-in-long-term-investments,net-change-in-investments-total,investing-activities-other,cash-flow-from-investing-activities,net-long-term-debt,net-current-debt,debt-issuance-retirement-net-total,net-common-equity-issued-repurchased,net-total-equity-issued-repurchased,total-common-preferred-stock-dividends-paid,financial-activities-other,cash-flow-from-financial-activities,net-cash-flow,stock-based-compensation,common-stock-dividends-paid
0,2018-09-30,0.97,$0.41,2.39,$0.47,2.08,$-1.90,0.0,$-1.75,0.0,$0.01B,$0.00B,3.45,$0.00B,$0.01B,0.0,$0.01B,$0.00B,37.50%,$0.01B,$-0.02B,-200.00%,$0.01B,$-0.02B,-200.00%,$0.01B,$-0.02B,-200.00%,$0.01B,$-0.02B,-200.00%,$0.01B,$-0.02B,-212.50%,$-0.02B,$0.01B,-272.00%,$-0.02B,$0.01B,-272.00%,$-0.02B,$0.01B,-174.36%,$-0.02B,$0.01B,-256.00%,$2,$1,$0,$1,$3,$6,$-4,$-0,$-4,$0,$-4,$-4,$-4,$-4,$-4,$24,24,$-0.17,$-0.17,$12,$1,$1,$14,$1,$0,$0,$0,$1,$14,$4,$0,$0,$0,$4,$0,$-84,$0,$10,$14,$-13,$0,$3,$3,$-0,$0,$0,$0,$1,$-8,$-0,$0,$0,$0,$0,$0,$0,$0,$0,$0,$0,$16,$16,$0,$0,$16,$8,$3,$0
1,2018-06-30,1.28,$0.20,6.49,$0.52,2.44,$-2.39,0.0,$-2.05,0.0,$0.01B,$0.00B,1.84,$0.00B,$0.00B,0.0,$0.01B,$0.00B,42.86%,$0.01B,$-0.02B,-214.29%,$0.01B,$-0.02B,-214.29%,$0.01B,$-0.02B,-214.29%,$0.01B,$-0.02B,-214.29%,$0.01B,$-0.02B,-228.57%,$-0.02B,$0.00B,-304.76%,$-0.02B,$0.00B,-304.76%,$-0.02B,$0.01B,-188.24%,$-0.02B,$0.00B,-285.71%,$2,$2,$1,$1,$5,$8,$-6,$-0,$-6,$0,$-6,$-6,$-6,$-6,$-6,$20,20,$-0.32,$-0.32,$5,$1,$0,$7,$1,$0,$0,$0,$1,$8,$4,$0,$0,$0,$4,$0,$-80,$0,$4,$8,$-9,$0,$3,$3,$-0,$0,$0,$0,$1,$-5,$-0,$0,$0,$0,$0,$0,$0,$0,$0,$0,$0,$6,$6,$0,$0,$6,$1,$3,$0
2,2018-03-31,1.54,$0.45,3.44,$0.55,2.82,$-2.76,0.0,$-2.16,0.0,$0.01B,$0.00B,3.7,$0.00B,$0.01B,0.0,$0.01B,$0.00B,33.33%,$0.01B,$-0.01B,-216.67%,$0.01B,$-0.01B,-216.67%,$0.01B,$-0.01B,-216.67%,$0.01B,$-0.01B,-216.67%,$0.01B,$-0.01B,-233.33%,$-0.01B,$0.01B,-266.67%,$-0.01B,$0.01B,-266.67%,$-0.01B,$0.01B,-169.70%,$-0.01B,$0.01B,-247.62%,$2,$1,$1,$1,$3,$5,$-3,$-0,$-3,$0,$-3,$-3,$-3,$-3,$-3,$15,15,$-0.20,$-0.20,$7,$1,$0,$9,$1,$0,$0,$0,$1,$10,$2,$0,$0,$0,$2,$0,$-74,$0,$7,$10,$-3,$0,$0,$0,$0,$0,$-1,$0,$-0,$-3,$-0,$0,$0,$0,$-0,$0,$0,$0,$0,$0,$0,$6,$6,$0,$0,$6,$3,$0,$0
3,2017-12-31,1.6,$0.28,5.72,$0.57,2.81,$-3.00,0.0,$-1.51,0.0,$0.01B,$0.00B,2.01,$0.00B,$0.00B,0.0,$0.01B,$0.00B,20.00%,$0.01B,$-0.01B,-280.00%,$0.01B,$-0.01B,-280.00%,$0.01B,$-0.01B,-280.00%,$0.01B,$-0.02B,-300.00%,$0.01B,$-0.02B,-320.00%,$-0.02B,$0.00B,-376.47%,$-0.02B,$0.00B,-376.47%,$-0.02B,$0.01B,-220.69%,$-0.01B,$0.00B,-329.41%,$2,$1,$1,$1,$3,$5,$-3,$-0,$-3,$0,$-3,$-3,$-4,$-3,$-3,$10,10,$-0.16,$-0.16,$4,$1,$1,$6,$1,$0,$0,$0,$1,$7,$3,$0,$0,$0,$3,$0,$-71,$0,$4,$7,$-16,$0,$5,$5,$-0,$-0,$0,$-0,$-0,$-11,$-0,$0,$0,$-0,$-0,$-0,$0,$-0,$0,$0,$0,$13,$13,$0,$0,$13,$3,$4,$0
4,2017-09-30,1.84,$0.60,3.08,$0.57,3.25,$-3.64,0.0,$-1.24,0.0,$0.01B,$0.00B,2.58,$0.00B,$0.01B,0.0,$0.00B,$-0.00B,-25.00%,$0.00B,$-0.02B,-375.00%,$0.00B,$-0.02B,-375.00%,$0.00B,$-0.02B,-375.00%,$0.00B,$-0.02B,-400.00%,$0.00B,$-0.02B,-400.00%,$-0.02B,$0.01B,-1066.67%,$-0.02B,$0.01B,-1066.67%,$-0.02B,$0.01B,-246.15%,$-0.02B,$0.01B,-1000.00%,$1,$1,$0,$1,$2,$4,$-3,$0,$-3,$0,$-3,$-3,$-3,$-3,$-3,$10,10,$-0.30,$-0.30,$7,$1,$0,$9,$1,$0,$0,$0,$1,$9,$3,$0,$0,$0,$3,$0,$-67,$0,$6,$9,$-12,$0,$4,$4,$-0,$-0,$0,$0,$-0,$-8,$-0,$0,$0,$-0,$0,$-0,$0,$-0,$0,$0,$0,$13,$13,$0,$0,$13,$5,$3,$0
5,2017-06-30,2.18,$0.41,5.29,$0.56,3.92,$-4.02,0.0,$-1.25,0.0,$0.01B,$0.00B,2.11,$0.00B,$0.00B,0.0,$0.00B,$-0.00B,-25.00%,$0.00B,$-0.02B,-375.00%,$0.00B,$-0.02B,-375.00%,$0.00B,$-0.02B,-375.00%,$0.00B,$-0.01B,-350.00%,$0.00B,$-0.01B,-350.00%,$-0.01B,$0.00B,-1400.00%,$-0.01B,$0.00B,-1400.00%,$-0.01B,$0.01B,-233.33%,$-0.02B,$0.00B,-1500.00%,$1,$1,$0,$1,$3,$5,$-4,$0,$-4,$0,$-4,$-4,$-4,$-4,$-4,$10,10,$-0.43,$-0.43,$4,$1,$0,$6,$1,$0,$0,$0,$1,$7,$3,$0,$0,$0,$3,$0,$-64,$0,$4,$7,$-10,$0,$4,$4,$-0,$0,$-1,$0,$-0,$-6,$-0,$0,$0,$0,$-0,$-0,$0,$-0,$0,$0,$0,$9,$9,$0,$0,$9,$3,$2,$0
6,2017-03-31,3.01,$0.41,7.43,$0.55,5.49,$-4.13,0.0,$-1.31,0.0,$0.01B,$0.00B,1.87,$0.00B,$0.00B,0.0,$0.00B,$-0.00B,-25.00%,$0.00B,$-0.01B,-350.00%,$0.00B,$-0.01B,-350.00%,$0.00B,$-0.01B,-350.00%,$0.00B,$-0.01B,-350.00%,$0.00B,$-0.01B,-350.00%,$-0.01B,$0.00B,-1120.00%,$-0.01B,$0.00B,-1120.00%,$-0.01B,$0.01B,-215.38%,$-0.01B,$0.00B,-1120.00%,$1,$1,$0,$0,$4,$5,$-4,$-1,$-5,$0,$-5,$-5,$-5,$-4,$-4,$7,7,$-0.75,$-0.75,$3,$1,$0,$5,$1,$0,$0,$0,$1,$6,$3,$0,$0,$0,$3,$0,$-60,$0,$3,$6,$-5,$0,$3,$3,$-0,$0,$-0,$0,$-0,$-3,$0,$0,$0,$0,$-0,$-0,$0,$-0,$0,$0,$0,$5,$5,$0,$0,$5,$2,$2,$0
7,2016-12-31,3.25,$-1.14,-2.84,$0.56,5.76,$-4.29,0.0,$-2.09,0.0,$0.00B,$0.00B,1.0,$0.00B,$-0.01B,0.0,$0.00B,$-0.00B,-25.00%,$0.00B,$-0.01B,-300.00%,$0.00B,$-0.01B,-300.00%,$0.00B,$-0.01B,-300.00%,$0.00B,$-0.01B,-275.00%,$0.00B,$-0.01B,-300.00%,$-0.01B,$-0.01B,-480.00%,$-0.01B,$-0.01B,-480.00%,$-0.01B,$0.00B,-154.84%,$-0.01B,$-0.01B,-480.00%,$1,$1,$-1,$1,$3,$5,$-4,$-0,$-4,$0,$-4,$-4,$-4,$-4,$-4,$5,5,$-0.44,$-0.44,$1,$1,$0,$3,$1,$0,$0,$0,$1,$4,$3,$0,$7,$7,$10,$0,$-55,$0,$-7,$4,$-11,$0,$1,$1,$0,$-0,$1,$-0,$1,$-8,$-1,$0,$0,$-0,$0,$-0,$0,$-1,$0,$0,$0,$8,$8,$0,$0,$8,$-2,$1,$0
