,Date,Stock Price,Book Value per Share,Price to Book Ratio,TTM Sales per Share,Price to Sales Ratio,TTM FCF per Share,Price to FCF Ratio,TTM Net EPS,PE Ratio,Current Assets,Current Liabilities,Current Ratio,Long Term Debt,Shareholder's Equity_x,Debt to Equity Ratio,TTM Revenue_x,TTM Gross Profit,Gross Margin,TTM Revenue_y,TTM Operating Income,Operating Margin,TTM Revenue_x,TTM EBIT,EBIT Margin,TTM Revenue_y,TTM EBITDA,EBITDA Margin,TTM Revenue_x,TTM Pre-Tax Income,Pre-Tax Margin,TTM Revenue_y,TTM Net Income_x,Net Margin,TTM Net Income_y,Shareholder's Equity_y,Return on Equity,TTM Net Income_x,Tangible Equity,Return on Tangible Equity,TTM Net Income_y,Total Assets,Return on Assets,TTM Net Income,LT Investments & Debt,Return on Investment,revenue,cost-goods-sold,gross-profit,research-development-expenses,selling-general-administrative-expenses,operating-expenses,operating-income,total-non-operating-income-expense,pre-tax-income,total-provision-income-taxes,income-after-taxes,income-from-continuous-operations,net-income,ebitda,ebit,basic-shares-outstanding,shares-outstanding,eps-basic-net-earnings-per-share,eps-earnings-per-share-diluted,cash-on-hand,inventory,other-current-assets,total-current-assets,net-property-plant-equipment,long-term-investments,goodwill-intangible-assets-total,other-long-term-assets,total-long-term-assets,total-assets,total-current-liabilities,long-term-debt,other-non-current-liabilities,total-long-term-liabilities,total-liabilities,common-stock-net,retained-earnings-accumulated-deficit,comprehensive-income,total-share-holder-equity,total-liabilities-share-holders-equity,net-income-loss,total-depreciation-amortization-cash-flow,other-non-cash-items,total-non-cash-items,change-in-accounts-receivable,change-in-inventories,change-in-accounts-payable,change-in-assets-liabilities,total-change-in-assets-liabilities,cash-flow-from-operating-activities,net-change-in-property-plant-equipment,net-change-in-intangible-assets,net-acquisitions-divestitures,net-change-in-short-term-investments,net-change-in-long-term-investments,net-change-in-investments-total,investing-activities-other,cash-flow-from-investing-activities,net-long-term-debt,net-current-debt,debt-issuance-retirement-net-total,net-common-equity-issued-repurchased,net-total-equity-issued-repurchased,total-common-preferred-stock-dividends-paid,financial-activities-other,cash-flow-from-financial-activities,net-cash-flow,stock-based-compensation,common-stock-dividends-paid
0,2018-09-30,52.25,$32.95,1.59,$10.55,4.95,$3.10,16.86,$-2.46,0.0,$0.90B,$0.07B,13.15,$0.00B,$1.19B,0.0,$0.40B,$0.12B,30.38%,$0.40B,$-0.03B,-7.34%,$0.40B,$-0.03B,-7.34%,$0.40B,$0.01B,1.52%,$0.40B,$-0.02B,-5.82%,$0.40B,$-0.09B,-23.04%,$-0.09B,$1.19B,-7.19%,$-0.09B,$1.11B,-7.70%,$-0.09B,$1.29B,-6.68%,$-0.03B,$1.19B,-2.29%,$93,$66,$28,$10,$32,$107,$-14,$2,$-12,$-2,$-10,$-10,$-10,$-5,$-14,$37,37,$-0.28,$-0.28,$424,$242,$0,$897,$293,$0,$83,$14,$395,$1293,$68,$0,$30,$33,$102,$0,$1371,$-140,$1191,$1293,$-21,$26,$4,$30,$0,$33,$0,$-9,$24,$33,$-15,$0,$0,$0,$0,$0,$0,$-15,$0,$0,$0,$-80,$-80,$0,$-1,$-81,$-69,$10,$0
1,2018-06-30,51.4,$33.98,1.51,$10.71,4.8,$4.14,12.42,$-2.96,0.0,$0.98B,$0.08B,12.13,$0.00B,$1.28B,0.0,$0.40B,$0.13B,32.09%,$0.40B,$-0.08B,-19.15%,$0.40B,$-0.08B,-19.15%,$0.40B,$-0.04B,-10.45%,$0.40B,$-0.07B,-17.91%,$0.40B,$-0.11B,-27.36%,$-0.11B,$1.28B,-8.40%,$-0.11B,$1.19B,-8.99%,$-0.11B,$1.36B,-7.86%,$-0.08B,$1.28B,-5.88%,$95,$69,$25,$11,$24,$99,$-4,$2,$-2,$1,$-3,$-3,$-3,$5,$-4,$38,38,$-0.08,$-0.08,$493,$264,$0,$976,$283,$0,$83,$15,$385,$1362,$80,$0,$3,$6,$86,$0,$1382,$-135,$1275,$1362,$-10,$17,$3,$20,$7,$23,$0,$-3,$14,$23,$-9,$0,$0,$0,$0,$0,$0,$-9,$0,$0,$0,$-9,$-9,$0,$-1,$-10,$0,$8,$0
2,2018-03-31,44.8,$34.22,1.31,$11.58,3.87,$4.45,10.06,$-2.88,0.0,$1.00B,$0.09B,11.49,$0.00B,$1.31B,0.0,$0.44B,$0.14B,33.10%,$0.44B,$-0.07B,-17.01%,$0.44B,$-0.07B,-17.01%,$0.44B,$-0.04B,-8.05%,$0.44B,$-0.07B,-16.09%,$0.44B,$-0.11B,-24.60%,$-0.11B,$1.31B,-8.01%,$-0.11B,$1.22B,-8.57%,$-0.11B,$1.40B,-7.51%,$-0.07B,$1.31B,-5.54%,$99,$68,$31,$9,$28,$105,$-6,$2,$-4,$3,$-7,$-7,$-7,$2,$-6,$38,38,$-0.20,$-0.20,$496,$276,$0,$1002,$288,$0,$86,$16,$396,$1398,$87,$0,$2,$6,$93,$0,$1394,$-113,$1305,$1398,$-7,$8,$4,$12,$1,$17,$0,$-4,$7,$11,$-11,$0,$0,$0,$0,$0,$0,$-11,$0,$0,$0,$0,$0,$0,$0,$0,$2,$4,$0
3,2017-12-31,47.7,$33.95,1.41,$12.11,3.94,$4.62,10.33,$-2.68,0.0,$1.01B,$0.10B,10.09,$0.00B,$1.29B,0.0,$0.46B,$0.15B,32.97%,$0.46B,$-0.07B,-15.16%,$0.46B,$-0.07B,-15.16%,$0.46B,$-0.03B,-6.15%,$0.46B,$-0.07B,-14.51%,$0.46B,$-0.10B,-21.98%,$-0.10B,$1.29B,-7.40%,$-0.10B,$1.21B,-7.91%,$-0.10B,$1.40B,-6.95%,$-0.07B,$1.29B,-5.11%,$108,$72,$36,$10,$31,$113,$-5,$1,$-5,$67,$-71,$-71,$-71,$4,$-5,$37,37,$-1.91,$-1.91,$493,$291,$0,$1009,$284,$0,$86,$16,$391,$1400,$100,$0,$2,$5,$105,$0,$1400,$-126,$1294,$1400,$-101,$41,$92,$133,$26,$38,$0,$10,$75,$108,$-24,$0,$-20,$0,$0,$0,$0,$-45,$0,$0,$0,$1,$1,$0,$0,$1,$70,$14,$0
4,2017-09-30,44.15,$36.08,1.22,$12.05,3.67,$8.26,5.35,$-0.75,0.0,$0.99B,$0.07B,14.33,$0.00B,$1.37B,0.0,$0.45B,$0.14B,31.35%,$0.45B,$-0.07B,-15.23%,$0.45B,$-0.07B,-15.23%,$0.45B,$-0.03B,-6.18%,$0.45B,$-0.07B,-14.35%,$0.45B,$-0.03B,-6.18%,$-0.03B,$1.37B,-2.05%,$-0.03B,$1.28B,-2.18%,$-0.03B,$1.44B,-1.93%,$-0.07B,$1.37B,-5.05%,$100,$63,$37,$10,$28,$162,$-62,$1,$-61,$-32,$-29,$-29,$-29,$-53,$-62,$38,38,$-0.78,$-0.78,$473,$297,$0,$992,$287,$0,$88,$17,$445,$1437,$69,$0,$0,$2,$71,$0,$1472,$-123,$1366,$1437,$-29,$32,$40,$72,$21,$33,$0,$17,$32,$75,$-18,$0,$-21,$0,$0,$0,$0,$-40,$0,$0,$0,$0,$0,$0,$0,$0,$50,$10,$0
5,2017-06-30,48.8,$36.43,1.34,$12.66,3.85,$12.12,4.03,$0.54,90.37,$1.03B,$0.09B,11.88,$0.00B,$1.38B,0.0,$0.48B,$0.15B,31.66%,$0.48B,$0.02B,3.35%,$0.48B,$0.02B,3.35%,$0.48B,$0.06B,11.74%,$0.48B,$0.02B,4.19%,$0.48B,$0.02B,4.19%,$0.02B,$1.38B,1.46%,$0.02B,$1.29B,1.53%,$0.02B,$1.47B,1.37%,$0.02B,$1.38B,1.17%,$128,$88,$40,$10,$31,$129,$-1,$1,$-0,$-0,$0,$0,$0,$12,$-1,$38,38,$0.00,$0.00,$437,$331,$0,$1025,$315,$0,$87,$16,$442,$1467,$86,$0,$0,$2,$89,$0,$1501,$-136,$1378,$1467,$0,$23,$5,$28,$-5,$29,$0,$4,$11,$39,$-12,$0,$-21,$0,$0,$0,$0,$-34,$0,$0,$0,$0,$0,$0,$0,$0,$13,$7,$0
6,2017-03-31,54.55,$36.16,1.51,$13.05,4.18,$15.34,3.56,$1.50,36.37,$1.01B,$0.08B,12.11,$0.00B,$1.37B,0.0,$0.49B,$0.17B,35.44%,$0.49B,$0.06B,12.63%,$0.49B,$0.06B,12.63%,$0.49B,$0.10B,19.76%,$0.49B,$0.07B,13.44%,$0.49B,$0.06B,11.41%,$0.06B,$1.37B,4.11%,$0.06B,$1.28B,4.22%,$0.06B,$1.45B,3.85%,$0.06B,$1.37B,4.55%,$119,$82,$37,$12,$26,$120,$-1,$1,$0,$-0,$0,$0,$0,$9,$-1,$38,38,$0.00,$0.00,$414,$347,$0,$1007,$320,$0,$86,$17,$446,$1453,$83,$0,$0,$2,$85,$0,$1501,$-143,$1368,$1453,$0,$10,$2,$12,$7,$12,$0,$3,$-1,$11,$-4,$0,$-20,$0,$0,$0,$0,$-24,$0,$0,$0,$0,$0,$0,$0,$0,$-9,$3,$0
7,2016-12-31,60.05,$35.89,1.67,$14.29,4.2,$16.34,3.68,$2.47,24.31,$1.06B,$0.10B,10.41,$0.00B,$1.36B,0.0,$0.54B,$0.21B,38.96%,$0.54B,$0.11B,20.78%,$0.54B,$0.11B,20.78%,$0.54B,$0.15B,26.90%,$0.54B,$0.12B,21.52%,$0.54B,$0.09B,17.25%,$0.09B,$1.36B,6.83%,$0.09B,$1.29B,6.91%,$0.09B,$1.46B,6.37%,$0.11B,$1.36B,8.22%,$106,$78,$28,$11,$22,$111,$-5,$1,$-4,$-5,$1,$1,$1,$4,$-5,$38,38,$0.04,$0.03,$423,$355,$0,$1057,$323,$0,$64,$16,$405,$1461,$101,$0,$0,$4,$105,$0,$1501,$-150,$1356,$1461,$93,$32,$9,$41,$107,$8,$0,$10,$113,$247,$-25,$0,$-132,$0,$0,$0,$0,$-158,$0,$0,$0,$-22,$-22,$0,$0,$-22,$42,$12,$0
8,2016-09-30,55.74,$36.52,1.53,$16.70,3.34,$14.71,3.79,$3.72,14.98,$1.16B,$0.09B,13.34,$0.00B,$1.37B,0.0,$0.64B,$0.28B,43.31%,$0.64B,$0.18B,27.87%,$0.64B,$0.18B,27.87%,$0.64B,$0.21B,32.91%,$0.64B,$0.18B,28.50%,$0.64B,$0.14B,22.05%,$0.14B,$1.37B,10.34%,$0.14B,$1.37B,10.34%,$0.14B,$1.46B,9.64%,$0.18B,$1.37B,13.07%,$124,$78,$46,$11,$13,$101,$23,$1,$24,$5,$19,$19,$19,$31,$23,$37,38,$0.51,$0.51,$543,$351,$0,$1158,$290,$0,$0,$12,$304,$1462,$87,$0,$0,$3,$90,$0,$1500,$-131,$1372,$1462,$92,$23,$6,$29,$92,$-13,$0,$34,$101,$221,$-20,$0,$0,$0,$0,$0,$0,$-20,$0,$0,$0,$-23,$-23,$0,$0,$-23,$161,$9,$0
9,2016-06-30,58.43,$36.17,1.62,$18.64,3.14,$13.03,4.48,$4.53,12.9,$1.14B,$0.09B,13.19,$0.00B,$1.36B,0.0,$0.71B,$0.32B,45.22%,$0.71B,$0.22B,30.62%,$0.71B,$0.22B,30.62%,$0.71B,$0.25B,35.11%,$0.71B,$0.22B,31.18%,$0.71B,$0.17B,24.16%,$0.17B,$1.36B,12.83%,$0.17B,$1.36B,12.83%,$0.17B,$1.45B,11.89%,$0.22B,$1.36B,16.27%,$142,$80,$63,$12,$6,$97,$45,$1,$46,$10,$36,$36,$36,$53,$45,$38,38,$0.96,$0.96,$492,$340,$0,$1141,$294,$0,$0,$12,$307,$1448,$86,$0,$0,$3,$89,$0,$1481,$-123,$1358,$1448,$73,$16,$2,$18,$64,$1,$0,$21,$72,$163,$-15,$0,$0,$0,$0,$0,$0,$-15,$0,$0,$0,$-24,$-24,$0,$0,$-24,$110,$6,$0
10,2016-03-31,60.56,$35.92,1.69,$20.39,2.97,$11.74,5.16,$4.58,13.22,$1.17B,$0.11B,11.1,$0.00B,$1.36B,0.0,$0.79B,$0.36B,45.48%,$0.79B,$0.23B,28.79%,$0.79B,$0.23B,28.79%,$0.79B,$0.26B,32.74%,$0.79B,$0.23B,29.17%,$0.79B,$0.18B,22.29%,$0.18B,$1.36B,13.16%,$0.18B,$1.36B,13.16%,$0.18B,$1.47B,12.10%,$0.23B,$1.36B,17.00%,$167,$93,$73,$11,$13,$117,$49,$0,$50,$13,$37,$37,$37,$57,$49,$38,38,$0.97,$0.97,$423,$343,$0,$1165,$295,$0,$0,$11,$306,$1470,$105,$0,$0,$2,$107,$0,$1462,$-103,$1363,$1470,$37,$8,$2,$10,$-9,$2,$0,$8,$6,$53,$-8,$0,$0,$0,$0,$0,$0,$-8,$0,$0,$0,$0,$0,$0,$0,$0,$42,$3,$0
11,2015-12-31,59.23,$34.90,1.7,$21.80,2.72,$12.63,4.69,$4.99,11.87,$1.12B,$0.10B,11.15,$0.00B,$1.32B,0.0,$0.84B,$0.39B,45.62%,$0.84B,$0.25B,29.50%,$0.84B,$0.25B,29.50%,$0.84B,$0.28B,33.06%,$0.84B,$0.25B,29.74%,$0.84B,$0.19B,22.75%,$0.19B,$1.32B,14.70%,$0.19B,$1.32B,14.70%,$0.19B,$1.43B,13.36%,$0.25B,$1.32B,19.06%,$202,$108,$93,$13,$20,$141,$60,$0,$61,$12,$48,$48,$48,$68,$60,$38,39,$1.29,$1.27,$381,$344,$0,$1124,$294,$0,$0,$10,$304,$1428,$101,$0,$0,$3,$104,$0,$1425,$-101,$1324,$1428,$192,$30,$10,$40,$37,$29,$0,$-18,$-42,$190,$-27,$0,$0,$0,$0,$0,$0,$-27,$0,$0,$0,$-74,$-74,$0,$0,$-74,$83,$13,$0
12,2015-09-30,58.22,$34.31,1.7,$22.90,2.54,$11.07,5.26,$5.21,11.17,$1.13B,$0.12B,9.61,$0.00B,$1.32B,0.0,$0.90B,$0.40B,45.04%,$0.90B,$0.27B,29.77%,$0.90B,$0.27B,29.77%,$0.90B,$0.30B,33.22%,$0.90B,$0.27B,29.88%,$0.90B,$0.20B,22.63%,$0.20B,$1.32B,15.78%,$0.20B,$1.32B,15.78%,$0.20B,$1.44B,14.07%,$0.27B,$1.32B,20.75%,$201,$108,$93,$12,$17,$137,$64,$0,$65,$14,$51,$51,$51,$72,$64,$38,39,$1.32,$1.32,$397,$366,$0,$1134,$293,$0,$0,$12,$304,$1438,$118,$0,$0,$4,$122,$0,$1409,$-94,$1316,$1438,$144,$23,$2,$25,$60,$9,$0,$-9,$-10,$159,$-17,$0,$0,$0,$0,$0,$0,$-17,$0,$0,$0,$-39,$-39,$0,$0,$-39,$98,$10,$0
13,2015-06-30,75.25,$33.99,2.21,$23.74,3.17,$9.19,8.19,$5.29,14.22,$1.13B,$0.13B,8.93,$0.00B,$1.32B,0.0,$0.94B,$0.42B,44.56%,$0.94B,$0.28B,29.42%,$0.94B,$0.28B,29.42%,$0.94B,$0.31B,32.73%,$0.94B,$0.28B,29.42%,$0.94B,$0.21B,22.17%,$0.21B,$1.32B,16.37%,$0.21B,$1.32B,16.37%,$0.21B,$1.45B,14.44%,$0.28B,$1.32B,21.73%,$215,$118,$98,$11,$34,$163,$53,$0,$53,$14,$39,$39,$39,$60,$53,$39,39,$1.01,$1.01,$383,$384,$0,$1131,$302,$0,$0,$14,$316,$1447,$127,$0,$0,$4,$131,$0,$1371,$-61,$1316,$1447,$93,$15,$2,$17,$71,$3,$0,$-3,$3,$113,$-11,$0,$0,$0,$0,$0,$0,$-11,$0,$0,$0,$-18,$-18,$0,$0,$-18,$84,$6,$0
14,2015-03-31,68.39,$32.62,2.1,$23.88,2.86,$7.65,8.94,$5.55,12.32,$1.12B,$0.16B,6.96,$0.00B,$1.27B,0.0,$0.95B,$0.43B,44.60%,$0.95B,$0.29B,30.64%,$0.95B,$0.29B,30.64%,$0.95B,$0.32B,33.89%,$0.95B,$0.29B,30.64%,$0.95B,$0.22B,23.08%,$0.22B,$1.27B,17.48%,$0.22B,$1.27B,17.48%,$0.22B,$1.44B,15.27%,$0.29B,$1.27B,23.20%,$226,$125,$101,$12,$17,$154,$72,$0,$72,$18,$54,$54,$54,$79,$72,$39,39,$1.38,$1.38,$374,$387,$0,$1123,$301,$0,$0,$12,$313,$1436,$161,$0,$0,$5,$166,$0,$1332,$-83,$1270,$1436,$54,$7,$1,$8,$63,$-7,$0,$-1,$25,$87,$-6,$0,$0,$0,$0,$0,$0,$-6,$0,$0,$0,$0,$0,$0,$0,$0,$75,$3,$0
15,2014-12-31,76.73,$31.98,2.4,$23.07,3.33,$6.44,11.91,$5.21,14.73,$1.13B,$0.20B,5.67,$0.00B,$1.25B,0.0,$0.93B,$0.42B,44.79%,$0.93B,$0.28B,29.97%,$0.93B,$0.28B,29.97%,$0.93B,$0.31B,33.30%,$0.93B,$0.28B,29.97%,$0.93B,$0.21B,22.45%,$0.21B,$1.25B,16.53%,$0.21B,$1.25B,16.53%,$0.21B,$1.45B,14.45%,$0.28B,$1.25B,22.06%,$255,$142,$112,$12,$22,$177,$78,$0,$78,$19,$59,$59,$59,$87,$78,$40,40,$1.49,$1.48,$299,$393,$0,$1127,$310,$0,$0,$13,$322,$1449,$199,$0,$0,$5,$204,$0,$1279,$-50,$1245,$1449,$209,$31,$9,$40,$-103,$-37,$0,$-13,$-99,$149,$-42,$0,$0,$0,$0,$0,$0,$-42,$0,$0,$0,$-187,$-187,$0,$1,$-187,$-86,$12,$0
16,2014-09-30,89.4,$31.67,2.82,$22.42,3.99,$6.71,13.33,$4.86,18.4,$1.10B,$0.17B,6.52,$0.00B,$1.25B,0.0,$0.91B,$0.41B,44.60%,$0.91B,$0.26B,29.07%,$0.91B,$0.26B,29.07%,$0.91B,$0.29B,32.38%,$0.91B,$0.26B,29.07%,$0.91B,$0.20B,21.70%,$0.20B,$1.25B,15.59%,$0.20B,$1.25B,15.59%,$0.20B,$1.43B,13.74%,$0.26B,$1.25B,20.89%,$242,$135,$107,$13,$21,$169,$73,$0,$73,$18,$56,$56,$56,$81,$73,$40,40,$1.41,$1.40,$315,$408,$0,$1104,$310,$0,$0,$15,$325,$1429,$169,$0,$0,$9,$179,$0,$1219,$-32,$1250,$1429,$150,$23,$10,$33,$-55,$-44,$0,$-3,$-80,$103,$-31,$0,$0,$0,$0,$0,$0,$-31,$0,$0,$0,$-138,$-138,$0,$0,$-138,$-69,$9,$0
17,2014-06-30,109.24,$31.76,3.44,$21.85,5.0,$7.62,14.34,$4.44,24.6,$1.12B,$0.17B,6.62,$0.00B,$1.27B,0.0,$0.89B,$0.39B,43.88%,$0.89B,$0.24B,27.27%,$0.89B,$0.24B,27.27%,$0.89B,$0.27B,30.53%,$0.89B,$0.24B,27.27%,$0.89B,$0.18B,20.31%,$0.18B,$1.27B,14.47%,$0.18B,$1.27B,14.47%,$0.18B,$1.45B,12.81%,$0.24B,$1.27B,19.42%,$230,$125,$105,$11,$26,$161,$69,$0,$69,$18,$51,$51,$51,$76,$69,$40,41,$1.27,$1.27,$343,$408,$0,$1122,$316,$0,$0,$11,$327,$1449,$169,$0,$0,$10,$179,$0,$1164,$-4,$1270,$1449,$94,$15,$3,$18,$-33,$-33,$0,$3,$-45,$67,$-23,$0,$0,$0,$0,$0,$0,$-23,$0,$0,$0,$-89,$-89,$0,$0,$-88,$-42,$6,$0
18,2014-03-31,112.1,$31.69,3.54,$21.61,5.19,$8.08,13.87,$4.22,26.56,$1.14B,$0.16B,7.27,$0.00B,$1.29B,0.0,$0.88B,$0.38B,42.47%,$0.88B,$0.23B,26.05%,$0.88B,$0.23B,26.05%,$0.88B,$0.26B,29.45%,$0.88B,$0.23B,26.05%,$0.88B,$0.17B,19.59%,$0.17B,$1.29B,14.20%,$0.17B,$1.29B,14.20%,$0.17B,$1.46B,12.58%,$0.23B,$1.29B,18.88%,$204,$111,$93,$11,$24,$146,$59,$0,$59,$16,$43,$43,$43,$66,$59,$41,41,$1.05,$1.04,$421,$397,$0,$1138,$311,$0,$0,$10,$322,$1460,$157,$0,$0,$10,$166,$0,$1112,$-14,$1294,$1460,$43,$8,$2,$10,$15,$-26,$0,$2,$-4,$49,$-13,$0,$0,$0,$0,$0,$0,$-13,$0,$0,$0,$0,$0,$0,$0,$1,$37,$3,$0
19,2013-12-31,109.93,$30.42,3.61,$21.36,5.15,$8.76,12.55,$4.16,26.43,$1.08B,$0.15B,7.23,$0.00B,$1.24B,0.0,$0.87B,$0.36B,41.17%,$0.87B,$0.22B,25.57%,$0.87B,$0.22B,25.57%,$0.87B,$0.25B,29.01%,$0.87B,$0.22B,25.57%,$0.87B,$0.17B,19.50%,$0.17B,$1.24B,14.54%,$0.17B,$1.24B,14.54%,$0.17B,$1.40B,12.85%,$0.22B,$1.24B,19.08%,$232,$132,$100,$11,$26,$169,$63,$0,$63,$16,$47,$47,$47,$71,$63,$41,41,$1.16,$1.15,$384,$368,$0,$1081,$305,$0,$0,$11,$316,$1397,$149,$0,$0,$5,$155,$0,$1070,$-20,$1242,$1397,$170,$29,$8,$37,$-17,$-11,$0,$6,$-45,$162,$-42,$0,$0,$0,$0,$0,$0,$-42,$0,$0,$0,$1,$1,$0,$3,$3,$127,$9,$0
20,2013-09-30,114.75,$29.46,3.9,$20.33,5.65,$4.40,26.06,$3.77,30.44,$1.04B,$0.14B,7.45,$0.00B,$1.20B,0.0,$0.83B,$0.33B,40.22%,$0.83B,$0.20B,24.40%,$0.83B,$0.20B,24.40%,$0.83B,$0.23B,27.78%,$0.83B,$0.20B,24.40%,$0.83B,$0.15B,18.60%,$0.15B,$1.20B,13.69%,$0.15B,$1.20B,13.69%,$0.15B,$1.35B,12.02%,$0.20B,$1.20B,17.96%,$225,$132,$93,$11,$30,$173,$52,$0,$52,$12,$40,$40,$40,$59,$52,$41,41,$0.98,$0.98,$381,$370,$0,$1035,$301,$0,$0,$11,$312,$1347,$139,$0,$0,$10,$149,$0,$1023,$-22,$1199,$1347,$123,$22,$3,$25,$18,$-12,$0,$3,$-7,$141,$-30,$0,$0,$0,$0,$0,$0,$-30,$0,$0,$0,$9,$9,$0,$2,$11,$124,$6,$0
21,2013-06-30,90.29,$28.00,3.22,$19.54,4.62,$0.48,189.68,$3.52,25.65,$0.99B,$0.15B,6.66,$0.00B,$1.14B,0.0,$0.79B,$0.31B,38.92%,$0.79B,$0.19B,23.80%,$0.79B,$0.19B,23.80%,$0.79B,$0.22B,27.33%,$0.79B,$0.19B,23.80%,$0.79B,$0.14B,18.14%,$0.14B,$1.14B,13.30%,$0.14B,$1.14B,13.30%,$0.14B,$1.30B,11.58%,$0.19B,$1.14B,17.45%,$222,$133,$89,$9,$23,$166,$56,$0,$56,$13,$43,$43,$43,$64,$56,$41,41,$1.06,$1.05,$326,$377,$0,$987,$299,$0,$0,$10,$309,$1296,$148,$0,$0,$10,$158,$0,$983,$-38,$1138,$1296,$83,$14,$2,$17,$15,$-25,$0,$-1,$-13,$86,$-23,$0,$0,$0,$0,$0,$0,$-23,$0,$0,$0,$8,$8,$0,$2,$9,$68,$4,$0
22,2013-03-31,87.17,$27.06,3.22,$18.46,4.72,$-2.54,0.0,$3.21,27.16,$0.94B,$0.15B,6.51,$0.00B,$1.10B,0.0,$0.75B,$0.29B,38.45%,$0.75B,$0.17B,23.23%,$0.75B,$0.17B,23.23%,$0.75B,$0.20B,26.84%,$0.75B,$0.17B,23.23%,$0.75B,$0.13B,17.49%,$0.13B,$1.10B,12.52%,$0.13B,$1.10B,12.52%,$0.13B,$1.25B,10.85%,$0.17B,$1.10B,16.63%,$193,$116,$77,$9,$16,$141,$52,$0,$52,$12,$40,$40,$40,$59,$52,$41,41,$0.98,$0.98,$319,$368,$0,$942,$299,$0,$0,$11,$310,$1252,$145,$0,$0,$10,$155,$0,$940,$-28,$1097,$1252,$40,$7,$1,$8,$46,$-12,$0,$0,$27,$75,$-12,$0,$0,$0,$0,$0,$0,$-12,$0,$0,$0,$3,$3,$0,$1,$4,$62,$2,$0
23,2012-12-31,73.05,$26.35,2.77,$18.10,4.04,$-4.46,0.0,$2.94,24.85,$0.92B,$0.16B,5.96,$0.00B,$1.07B,0.0,$0.73B,$0.28B,38.34%,$0.73B,$0.16B,22.10%,$0.73B,$0.16B,22.10%,$0.73B,$0.19B,25.65%,$0.73B,$0.16B,22.10%,$0.73B,$0.12B,16.37%,$0.12B,$1.07B,11.84%,$0.12B,$1.07B,11.84%,$0.12B,$1.23B,10.21%,$0.16B,$1.07B,15.99%,$188,$114,$74,$9,$24,$147,$42,$0,$42,$11,$31,$31,$31,$48,$42,$40,41,$0.77,$0.76,$257,$362,$0,$924,$296,$0,$0,$11,$307,$1231,$155,$0,$0,$10,$165,$0,$900,$-14,$1066,$1231,$119,$26,$6,$33,$-82,$-82,$0,$-9,$-160,$-8,$-49,$0,$0,$0,$0,$0,$0,$-49,$-0,$0,$-0,$11,$11,$0,$1,$12,$-41,$6,$0
24,2012-09-30,71.88,$25.51,2.82,$17.71,4.06,$-1.87,0.0,$2.88,24.96,$0.89B,$0.16B,5.75,$0.00B,$1.03B,0.0,$0.72B,$0.28B,38.35%,$0.72B,$0.16B,21.90%,$0.72B,$0.16B,21.90%,$0.72B,$0.18B,25.52%,$0.72B,$0.16B,21.90%,$0.72B,$0.12B,16.32%,$0.12B,$1.03B,11.96%,$0.12B,$1.03B,11.96%,$0.12B,$1.20B,10.27%,$0.16B,$1.03B,16.05%,$191,$122,$69,$10,$21,$152,$39,$0,$39,$9,$30,$30,$30,$46,$39,$40,41,$0.73,$0.73,$263,$350,$0,$892,$293,$0,$0,$11,$304,$1196,$155,$0,$0,$10,$165,$0,$869,$-15,$1031,$1196,$88,$19,$4,$23,$-59,$-70,$0,$5,$-121,$-10,$-39,$0,$0,$0,$0,$0,$0,$-39,$0,$0,$0,$10,$10,$0,$1,$11,$-35,$4,$0
25,2012-06-30,65.59,$24.54,2.67,$16.85,3.89,$-0.45,0.0,$2.73,24.03,$0.85B,$0.15B,5.69,$0.00B,$0.99B,0.0,$0.68B,$0.27B,38.91%,$0.68B,$0.15B,22.03%,$0.68B,$0.15B,22.03%,$0.68B,$0.18B,25.70%,$0.68B,$0.15B,22.03%,$0.68B,$0.11B,16.15%,$0.11B,$0.99B,11.66%,$0.11B,$0.99B,11.66%,$0.11B,$1.15B,10.01%,$0.15B,$0.99B,15.90%,$177,$108,$68,$9,$17,$135,$41,$0,$41,$12,$30,$30,$30,$48,$41,$40,40,$0.74,$0.74,$248,$340,$0,$852,$287,$0,$0,$11,$298,$1150,$150,$0,$0,$10,$159,$0,$839,$-22,$991,$1150,$59,$12,$2,$15,$-41,$-63,$0,$-1,$-106,$-32,$-27,$0,$0,$0,$0,$0,$0,$-27,$0,$0,$0,$7,$7,$0,$1,$8,$-50,$3,$0
26,2012-03-31,65.02,$24.00,2.71,$15.89,4.09,$1.13,57.58,$2.54,25.6,$0.83B,$0.15B,5.47,$0.00B,$0.97B,0.0,$0.64B,$0.25B,39.31%,$0.64B,$0.14B,21.68%,$0.64B,$0.14B,21.68%,$0.64B,$0.16B,25.27%,$0.64B,$0.14B,21.84%,$0.64B,$0.10B,15.91%,$0.10B,$0.97B,11.13%,$0.10B,$0.97B,11.13%,$0.10B,$1.13B,9.54%,$0.14B,$0.97B,15.16%,$177,$107,$70,$10,$20,$137,$40,$0,$40,$11,$29,$29,$29,$46,$40,$40,40,$0.72,$0.71,$285,$307,$0,$829,$284,$0,$0,$12,$296,$1126,$152,$0,$0,$10,$161,$0,$810,$-10,$965,$1126,$29,$6,$1,$7,$-8,$-25,$0,$-3,$-37,$-1,$-14,$0,$0,$0,$0,$0,$0,$-14,$0,$0,$0,$0,$0,$0,$0,$1,$-13,$1,$0
27,2011-12-31,65.82,$23.03,2.86,$14.92,4.41,$2.05,32.17,$2.37,27.77,$0.80B,$0.15B,5.29,$0.00B,$0.93B,0.0,$0.60B,$0.24B,39.87%,$0.60B,$0.13B,21.59%,$0.60B,$0.13B,21.59%,$0.60B,$0.15B,25.25%,$0.60B,$0.13B,21.76%,$0.60B,$0.10B,15.78%,$0.10B,$0.93B,10.67%,$0.10B,$0.93B,10.67%,$0.10B,$1.09B,9.17%,$0.13B,$0.93B,14.60%,$172,$103,$68,$9,$18,$135,$37,$0,$37,$9,$28,$28,$28,$43,$37,$40,40,$0.71,$0.69,$299,$278,$0,$799,$275,$0,$0,$12,$287,$1086,$151,$0,$0,$10,$161,$0,$781,$-18,$925,$1086,$95,$23,$4,$27,$-23,$-37,$0,$-1,$-21,$102,$-54,$0,$0,$0,$0,$0,$0,$-54,$-0,$0,$-0,$4,$4,$0,$1,$5,$53,$5,$0
28,2011-09-30,53.91,$22.26,2.42,$14.19,3.8,$1.72,31.38,$2.19,24.62,$0.75B,$0.13B,5.7,$0.00B,$0.89B,0.0,$0.57B,$0.23B,40.56%,$0.57B,$0.12B,20.98%,$0.57B,$0.12B,20.98%,$0.57B,$0.14B,24.83%,$0.57B,$0.12B,21.15%,$0.57B,$0.09B,15.38%,$0.09B,$0.89B,10.16%,$0.09B,$0.89B,10.16%,$0.09B,$1.03B,8.78%,$0.12B,$0.89B,13.86%,$155,$96,$59,$8,$18,$123,$32,$0,$32,$9,$23,$23,$23,$38,$32,$40,40,$0.58,$0.58,$256,$270,$0,$750,$270,$0,$0,$12,$282,$1032,$132,$0,$0,$9,$141,$0,$753,$-17,$892,$1032,$67,$17,$2,$19,$-28,$-29,$0,$1,$-35,$51,$-43,$0,$0,$0,$0,$0,$0,$-43,$-0,$0,$-0,$0,$0,$0,$0,$0,$10,$3,$0
29,2011-06-30,67.83,$22.09,3.07,$13.85,4.9,$2.85,23.8,$2.30,29.49,$0.75B,$0.14B,5.39,$0.00B,$0.89B,0.0,$0.56B,$0.23B,42.01%,$0.56B,$0.13B,22.62%,$0.56B,$0.13B,22.62%,$0.56B,$0.15B,26.39%,$0.56B,$0.13B,22.80%,$0.56B,$0.09B,16.70%,$0.09B,$0.89B,11.04%,$0.09B,$0.89B,11.04%,$0.09B,$1.03B,9.57%,$0.13B,$0.89B,14.96%,$137,$82,$55,$9,$16,$107,$30,$0,$31,$8,$22,$22,$22,$35,$30,$40,40,$0.55,$0.55,$250,$265,$0,$749,$271,$0,$0,$13,$285,$1033,$139,$0,$0,$9,$148,$0,$729,$1,$885,$1033,$44,$11,$2,$13,$-32,$-17,$0,$1,$-21,$35,$-31,$0,$0,$0,$0,$0,$0,$-31,$-0,$0,$-0,$0,$0,$0,$0,$0,$4,$2,$0
30,2011-03-31,79.03,$21.44,3.69,$14.00,5.65,$3.31,23.91,$2.45,32.26,$0.72B,$0.13B,5.66,$0.00B,$0.86B,0.0,$0.56B,$0.24B,42.88%,$0.56B,$0.14B,24.02%,$0.56B,$0.14B,24.02%,$0.56B,$0.16B,27.94%,$0.56B,$0.14B,24.02%,$0.56B,$0.10B,17.62%,$0.10B,$0.86B,12.23%,$0.10B,$0.86B,12.23%,$0.10B,$1.00B,10.69%,$0.14B,$0.86B,16.67%,$138,$80,$58,$9,$18,$107,$31,$0,$31,$9,$22,$22,$22,$36,$31,$40,40,$0.54,$0.54,$268,$254,$0,$719,$263,$0,$0,$13,$276,$995,$127,$0,$0,$9,$136,$0,$707,$-2,$859,$995,$22,$6,$1,$6,$4,$-7,$0,$1,$13,$41,$-19,$0,$0,$0,$0,$0,$0,$-19,$-0,$0,$-0,$0,$0,$0,$0,$0,$22,$1,$0
31,2010-12-31,77.72,$20.68,3.76,$14.15,5.49,$3.16,24.59,$2.55,30.48,$0.69B,$0.11B,6.18,$0.00B,$0.83B,0.0,$0.57B,$0.24B,43.03%,$0.57B,$0.14B,24.51%,$0.57B,$0.14B,24.51%,$0.57B,$0.16B,28.22%,$0.57B,$0.14B,24.51%,$0.57B,$0.10B,18.17%,$0.10B,$0.83B,13.27%,$0.10B,$0.83B,13.27%,$0.10B,$0.95B,11.62%,$0.14B,$0.83B,17.90%,$142,$82,$60,$8,$16,$115,$27,$0,$27,$6,$21,$21,$21,$33,$27,$40,40,$0.53,$0.52,$246,$243,$0,$688,$247,$0,$0,$13,$260,$949,$111,$0,$0,$9,$121,$0,$686,$-9,$828,$949,$102,$21,$5,$26,$-29,$7,$0,$-6,$-21,$107,$-73,$0,$0,$0,$0,$0,$0,$-73,$-1,$0,$-1,$13,$13,$0,$3,$15,$48,$5,$0
32,2010-09-30,62.11,$20.01,3.1,$14.19,4.38,$4.64,13.4,$2.75,22.59,$0.67B,$0.11B,6.32,$0.00B,$0.80B,0.0,$0.57B,$0.24B,42.93%,$0.57B,$0.15B,26.33%,$0.57B,$0.15B,26.33%,$0.57B,$0.17B,29.68%,$0.57B,$0.15B,26.33%,$0.57B,$0.11B,19.61%,$0.11B,$0.80B,14.89%,$0.11B,$0.80B,14.89%,$0.11B,$0.91B,13.01%,$0.15B,$0.80B,19.97%,$140,$79,$61,$7,$16,$102,$38,$0,$38,$10,$28,$28,$28,$43,$38,$40,40,$0.69,$0.69,$258,$250,$0,$674,$227,$0,$0,$10,$238,$912,$107,$0,$0,$8,$114,$0,$665,$-7,$797,$912,$81,$15,$4,$19,$-1,$1,$0,$-3,$0,$101,$-47,$0,$0,$0,$0,$0,$0,$-47,$-1,$0,$-1,$6,$6,$0,$1,$6,$60,$4,$0
33,2010-06-30,44.02,$18.94,2.32,$14.18,3.1,$4.26,10.33,$2.69,16.36,$0.64B,$0.09B,7.37,$0.00B,$0.75B,0.0,$0.56B,$0.24B,42.91%,$0.56B,$0.15B,25.71%,$0.56B,$0.15B,25.71%,$0.56B,$0.16B,29.08%,$0.56B,$0.15B,25.71%,$0.56B,$0.11B,19.15%,$0.11B,$0.75B,15.14%,$0.11B,$0.75B,15.14%,$0.11B,$0.85B,13.11%,$0.15B,$0.75B,20.32%,$142,$80,$62,$7,$16,$103,$39,$0,$39,$11,$28,$28,$28,$45,$39,$40,40,$0.70,$0.70,$226,$240,$0,$635,$203,$0,$0,$10,$213,$848,$86,$0,$0,$7,$94,$0,$637,$-20,$754,$848,$54,$10,$-2,$8,$-11,$4,$0,$5,$-18,$44,$-21,$0,$0,$0,$0,$0,$0,$-21,$-0,$0,$-0,$4,$4,$0,$1,$5,$28,$2,$0
34,2010-03-31,60.84,$18.25,3.33,$14.01,4.34,$4.25,14.3,$2.67,22.79,$0.63B,$0.10B,6.18,$0.00B,$0.73B,0.0,$0.56B,$0.24B,42.52%,$0.56B,$0.14B,25.59%,$0.56B,$0.14B,25.59%,$0.56B,$0.16B,28.83%,$0.56B,$0.14B,25.59%,$0.56B,$0.11B,19.28%,$0.11B,$0.73B,15.66%,$0.11B,$0.73B,15.66%,$0.11B,$0.84B,13.39%,$0.14B,$0.73B,20.77%,$143,$82,$61,$7,$13,$108,$35,$0,$35,$9,$26,$26,$26,$39,$35,$40,40,$0.65,$0.64,$217,$241,$0,$631,$195,$0,$0,$10,$205,$836,$102,$0,$0,$7,$110,$0,$609,$-18,$726,$836,$26,$5,$-5,$0,$-8,$5,$0,$2,$-3,$23,$-7,$0,$0,$0,$0,$0,$0,$-7,$-0,$0,$-0,$4,$4,$0,$1,$4,$20,$1,$0
35,2009-12-31,56.48,$17.78,3.18,$13.69,4.13,$4.51,12.52,$2.66,21.23,$0.62B,$0.11B,5.89,$0.00B,$0.71B,0.0,$0.54B,$0.23B,42.78%,$0.54B,$0.14B,26.30%,$0.54B,$0.14B,26.30%,$0.54B,$0.16B,29.63%,$0.54B,$0.14B,26.30%,$0.54B,$0.11B,19.63%,$0.11B,$0.71B,16.36%,$0.11B,$0.71B,16.36%,$0.11B,$0.82B,13.83%,$0.14B,$0.71B,21.91%,$141,$83,$59,$7,$15,$105,$37,$0,$37,$8,$29,$29,$29,$41,$37,$39,40,$0.73,$0.72,$198,$251,$0,$617,$195,$0,$0,$6,$201,$817,$105,$0,$0,$8,$112,$0,$583,$-8,$705,$817,$105,$18,$-0,$18,$51,$-19,$0,$-6,$14,$136,$-44,$0,$0,$0,$0,$0,$0,$-44,$-1,$0,$-1,$6,$6,$0,$8,$13,$102,$4,$0
36,2009-09-30,49.64,$16.95,2.93,$13.48,3.68,$1.96,25.28,$2.58,19.24,$0.60B,$0.12B,5.01,$0.00B,$0.67B,0.0,$0.54B,$0.23B,43.18%,$0.54B,$0.14B,25.79%,$0.54B,$0.14B,25.79%,$0.54B,$0.16B,29.35%,$0.54B,$0.14B,25.98%,$0.54B,$0.10B,19.07%,$0.10B,$0.67B,16.69%,$0.10B,$0.67B,16.69%,$0.10B,$0.80B,13.92%,$0.14B,$0.67B,22.56%,$138,$78,$60,$7,$13,$104,$34,$0,$34,$9,$25,$25,$25,$39,$34,$39,40,$0.64,$0.63,$139,$260,$0,$597,$193,$0,$0,$5,$198,$795,$119,$0,$0,$7,$126,$0,$555,$-10,$669,$795,$76,$13,$2,$15,$8,$-29,$0,$3,$-15,$76,$-38,$0,$0,$0,$0,$0,$0,$-38,$-1,$0,$-1,$4,$4,$0,$5,$8,$43,$3,$0
37,2009-06-30,38.1,$16.22,2.35,$13.31,2.86,$1.15,33.01,$2.64,14.43,$0.56B,$0.11B,5.2,$0.00B,$0.63B,0.0,$0.53B,$0.23B,43.29%,$0.53B,$0.14B,26.47%,$0.53B,$0.14B,26.47%,$0.53B,$0.16B,29.87%,$0.53B,$0.14B,26.65%,$0.53B,$0.10B,19.66%,$0.10B,$0.63B,17.81%,$0.10B,$0.63B,17.81%,$0.10B,$0.75B,14.85%,$0.14B,$0.63B,23.94%,$133,$77,$56,$7,$13,$97,$36,$0,$36,$10,$27,$27,$27,$41,$36,$39,39,$0.68,$0.68,$116,$259,$0,$562,$181,$0,$0,$5,$186,$748,$108,$1,$0,$7,$115,$0,$530,$-9,$633,$748,$51,$9,$-0,$8,$21,$-27,$0,$0,$-16,$44,$-22,$0,$0,$0,$0,$0,$0,$-22,$-0,$0,$-0,$0,$0,$0,$0,$-0,$20,$2,$0
38,2009-03-31,30.7,$14.95,2.05,$13.42,2.29,$0.03,1162.88,$2.64,11.63,$0.53B,$0.12B,4.6,$0.00B,$0.58B,0.0,$0.54B,$0.23B,43.04%,$0.54B,$0.14B,26.35%,$0.54B,$0.14B,26.35%,$0.54B,$0.16B,29.50%,$0.54B,$0.14B,26.72%,$0.54B,$0.11B,19.48%,$0.11B,$0.58B,18.37%,$0.11B,$0.58B,18.37%,$0.11B,$0.71B,15.40%,$0.14B,$0.58B,24.81%,$128,$72,$56,$6,$15,$93,$35,$0,$35,$10,$25,$25,$25,$39,$35,$39,39,$0.63,$0.63,$122,$232,$0,$531,$170,$0,$0,$5,$175,$706,$115,$1,$0,$7,$123,$0,$503,$-30,$584,$706,$25,$4,$-0,$4,$17,$-11,$0,$3,$11,$39,$-14,$0,$0,$0,$0,$0,$0,$-14,$-0,$0,$-0,$0,$0,$0,$0,$-0,$26,$1,$0
39,2008-12-31,20.51,$14.34,1.43,$13.39,1.53,$-0.70,0.0,$2.63,7.8,$0.51B,$0.11B,4.52,$0.00B,$0.56B,0.0,$0.54B,$0.23B,42.54%,$0.54B,$0.14B,26.15%,$0.54B,$0.14B,26.15%,$0.54B,$0.16B,29.28%,$0.54B,$0.15B,26.70%,$0.54B,$0.11B,19.34%,$0.11B,$0.56B,18.10%,$0.11B,$0.56B,18.10%,$0.11B,$0.68B,15.33%,$0.14B,$0.56B,24.43%,$136,$77,$59,$7,$19,$102,$33,$0,$34,$9,$25,$25,$25,$38,$33,$40,40,$0.64,$0.63,$96,$222,$0,$514,$161,$0,$0,$6,$166,$681,$114,$1,$0,$7,$121,$0,$478,$-29,$559,$681,$106,$17,$2,$19,$-47,$-62,$0,$1,$-84,$41,$-50,$0,$0,$0,$0,$0,$0,$-50,$-1,$0,$-1,$-100,$-100,$0,$0,$-100,$-106,$3,$0
40,2008-09-30,43.39,$14.34,3.03,$13.26,3.27,$0.93,46.8,$2.77,15.66,$0.50B,$0.10B,5.04,$0.00B,$0.56B,0.0,$0.54B,$0.23B,42.22%,$0.54B,$0.15B,26.85%,$0.54B,$0.15B,26.85%,$0.54B,$0.16B,29.81%,$0.54B,$0.15B,27.59%,$0.54B,$0.11B,20.74%,$0.11B,$0.56B,19.04%,$0.11B,$0.56B,19.04%,$0.11B,$0.67B,16.24%,$0.15B,$0.56B,24.58%,$132,$74,$58,$6,$16,$96,$36,$0,$36,$9,$27,$27,$27,$40,$36,$39,40,$0.70,$0.69,$109,$219,$0,$498,$163,$0,$0,$6,$168,$666,$99,$1,$0,$8,$107,$0,$453,$-3,$560,$666,$81,$13,$1,$14,$-10,$-45,$0,$2,$-49,$45,$-39,$0,$0,$0,$0,$0,$0,$-39,$-1,$0,$-1,$-100,$-100,$0,$0,$-100,$-92,$2,$0
41,2008-06-30,63.0,$14.69,4.29,$13.12,4.8,$1.71,36.74,$2.75,22.91,$0.50B,$0.08B,6.01,$0.00B,$0.58B,0.0,$0.54B,$0.23B,41.82%,$0.54B,$0.15B,27.14%,$0.54B,$0.15B,27.14%,$0.54B,$0.16B,30.11%,$0.54B,$0.15B,28.25%,$0.54B,$0.11B,21.00%,$0.11B,$0.58B,19.27%,$0.11B,$0.58B,19.27%,$0.11B,$0.68B,16.35%,$0.15B,$0.58B,24.81%,$143,$84,$59,$7,$14,$105,$38,$1,$39,$11,$28,$28,$28,$42,$38,$40,41,$0.69,$0.68,$109,$213,$0,$504,$165,$0,$0,$6,$171,$675,$84,$2,$0,$8,$92,$0,$426,$16,$583,$675,$53,$8,$0,$8,$-13,$-29,$0,$2,$-55,$6,$-30,$0,$0,$0,$0,$0,$0,$-30,$-0,$0,$-0,$-67,$-67,$0,$0,$-68,$-92,$1,$0
42,2008-03-31,46.47,$15.16,3.07,$12.43,3.74,$3.07,15.12,$2.66,17.47,$0.56B,$0.09B,6.18,$0.00B,$0.62B,0.0,$0.51B,$0.22B,42.35%,$0.51B,$0.14B,27.65%,$0.51B,$0.14B,27.65%,$0.51B,$0.16B,30.78%,$0.51B,$0.15B,29.02%,$0.51B,$0.11B,21.37%,$0.11B,$0.62B,19.07%,$0.11B,$0.62B,19.07%,$0.11B,$0.72B,16.02%,$0.14B,$0.62B,24.58%,$132,$78,$55,$6,$14,$98,$35,$2,$36,$11,$25,$25,$25,$39,$35,$41,41,$0.62,$0.62,$198,$188,$0,$561,$151,$0,$0,$6,$157,$718,$91,$2,$0,$9,$100,$0,$398,$13,$618,$718,$25,$4,$-0,$4,$-8,$-5,$0,$2,$-18,$11,$-14,$0,$0,$0,$0,$0,$0,$-14,$-0,$0,$-0,$0,$0,$0,$0,$-0,$-3,$1,$0
43,2007-12-31,55.66,$14.52,3.83,$12.09,4.6,$3.42,16.27,$2.63,21.16,$0.55B,$0.10B,5.62,$0.00B,$0.59B,0.0,$0.50B,$0.21B,42.54%,$0.50B,$0.14B,28.02%,$0.50B,$0.14B,28.02%,$0.50B,$0.16B,31.25%,$0.50B,$0.15B,29.44%,$0.50B,$0.11B,21.77%,$0.11B,$0.59B,19.98%,$0.11B,$0.59B,19.98%,$0.11B,$0.70B,16.62%,$0.14B,$0.60B,25.60%,$133,$77,$56,$6,$13,$97,$36,$2,$38,$6,$32,$32,$32,$40,$36,$40,41,$0.79,$0.78,$202,$183,$0,$553,$142,$0,$0,$6,$147,$700,$98,$2,$0,$9,$107,$0,$373,$14,$592,$700,$108,$16,$1,$17,$5,$-18,$0,$-7,$-42,$83,$-25,$0,$0,$0,$0,$0,$0,$-25,$-1,$0,$-1,$5,$5,$0,$6,$10,$66,$2,$0
44,2007-09-30,49.35,$13.68,3.61,$11.79,4.19,$3.75,13.16,$2.46,20.06,$0.53B,$0.11B,4.89,$0.00B,$0.55B,0.0,$0.48B,$0.21B,42.62%,$0.48B,$0.14B,28.48%,$0.48B,$0.14B,28.48%,$0.48B,$0.15B,31.81%,$0.48B,$0.14B,29.73%,$0.48B,$0.10B,21.00%,$0.10B,$0.55B,19.83%,$0.10B,$0.55B,19.83%,$0.10B,$0.67B,16.20%,$0.14B,$0.56B,26.77%,$130,$76,$55,$6,$12,$94,$37,$2,$39,$11,$28,$28,$28,$41,$37,$40,41,$0.68,$0.67,$174,$176,$0,$532,$138,$0,$0,$0,$139,$671,$109,$2,$0,$9,$118,$0,$340,$17,$553,$671,$76,$12,$1,$13,$-12,$-9,$0,$1,$-32,$56,$-17,$0,$0,$0,$0,$0,$0,$-17,$-1,$0,$-1,$1,$1,$0,$1,$1,$38,$2,$0
45,2007-06-30,44.95,$12.93,3.48,$11.52,3.9,$3.96,11.36,$2.37,18.97,$0.50B,$0.10B,4.99,$0.00B,$0.52B,0.01,$0.47B,$0.20B,42.64%,$0.47B,$0.13B,28.36%,$0.47B,$0.13B,28.36%,$0.47B,$0.15B,31.77%,$0.47B,$0.14B,29.42%,$0.47B,$0.10B,20.47%,$0.10B,$0.52B,20.13%,$0.10B,$0.52B,20.13%,$0.10B,$0.63B,16.35%,$0.13B,$0.53B,27.72%,$115,$64,$50,$5,$12,$82,$33,$2,$35,$11,$24,$24,$24,$37,$33,$40,41,$0.60,$0.59,$169,$171,$0,$500,$132,$0,$0,$1,$133,$632,$100,$3,$0,$9,$110,$0,$313,$15,$523,$632,$48,$8,$1,$9,$7,$-5,$0,$2,$-16,$41,$-9,$0,$0,$0,$0,$0,$0,$-9,$-0,$0,$-0,$1,$1,$0,$1,$1,$33,$1,$0
46,2007-03-31,43.28,$12.24,3.54,$11.42,3.79,$3.73,11.59,$2.31,18.74,$0.47B,$0.09B,5.03,$0.00B,$0.49B,0.01,$0.46B,$0.20B,42.21%,$0.46B,$0.13B,28.35%,$0.46B,$0.13B,28.35%,$0.46B,$0.15B,31.60%,$0.46B,$0.13B,29.00%,$0.46B,$0.09B,20.13%,$0.09B,$0.49B,21.02%,$0.09B,$0.49B,21.02%,$0.09B,$0.60B,16.85%,$0.13B,$0.50B,29.41%,$118,$68,$50,$5,$12,$85,$33,$2,$34,$10,$24,$24,$24,$37,$33,$40,41,$0.60,$0.59,$147,$158,$0,$465,$131,$0,$0,$0,$131,$596,$92,$3,$0,$9,$102,$0,$289,$12,$494,$596,$24,$4,$-1,$3,$9,$5,$0,$-0,$-12,$16,$-4,$0,$0,$0,$0,$0,$0,$-4,$-0,$0,$-0,$0,$0,$0,$0,$0,$11,$1,$0
47,2006-12-31,39.16,$11.58,3.38,$11.01,3.56,$3.31,11.83,$2.16,18.17,$0.47B,$0.12B,3.95,$0.00B,$0.47B,0.01,$0.44B,$0.19B,42.08%,$0.44B,$0.12B,27.83%,$0.44B,$0.12B,27.83%,$0.44B,$0.14B,31.22%,$0.44B,$0.13B,28.28%,$0.44B,$0.09B,19.46%,$0.09B,$0.47B,21.07%,$0.09B,$0.47B,21.07%,$0.09B,$0.60B,16.76%,$0.12B,$0.47B,29.91%,$118,$68,$50,$5,$11,$84,$34,$1,$35,$10,$25,$25,$25,$38,$34,$39,40,$0.63,$0.60,$135,$163,$0,$465,$129,$0,$0,$1,$130,$595,$118,$3,$0,$10,$127,$0,$265,$10,$467,$595,$87,$15,$-3,$12,$-29,$1,$0,$-1,$-5,$93,$-23,$0,$0,$0,$0,$0,$0,$-23,$-1,$0,$-1,$19,$19,$0,$18,$37,$103,$2,$0
