,Date,Stock Price,Book Value per Share,Price to Book Ratio,TTM Sales per Share,Price to Sales Ratio,TTM FCF per Share,Price to FCF Ratio,TTM Net EPS,PE Ratio,Current Assets,Current Liabilities,Current Ratio,Long Term Debt,Shareholder's Equity_x,Debt to Equity Ratio,TTM Revenue_x,TTM Gross Profit,Gross Margin,TTM Revenue_y,TTM Operating Income,Operating Margin,TTM Revenue_x,TTM EBIT,EBIT Margin,TTM Revenue_y,TTM EBITDA,EBITDA Margin,TTM Revenue_x,TTM Pre-Tax Income,Pre-Tax Margin,TTM Revenue_y,TTM Net Income_x,Net Margin,TTM Net Income_y,Shareholder's Equity_y,Return on Equity,TTM Net Income_x,Tangible Equity,Return on Tangible Equity,TTM Net Income_y,Total Assets,Return on Assets,TTM Net Income,LT Investments & Debt,Return on Investment,revenue,cost-goods-sold,gross-profit,research-development-expenses,selling-general-administrative-expenses,operating-expenses,operating-income,total-non-operating-income-expense,pre-tax-income,total-provision-income-taxes,income-after-taxes,income-from-continuous-operations,net-income,ebitda,ebit,basic-shares-outstanding,shares-outstanding,eps-basic-net-earnings-per-share,eps-earnings-per-share-diluted,cash-on-hand,inventory,other-current-assets,total-current-assets,net-property-plant-equipment,long-term-investments,goodwill-intangible-assets-total,other-long-term-assets,total-long-term-assets,total-assets,total-current-liabilities,long-term-debt,other-non-current-liabilities,total-long-term-liabilities,total-liabilities,common-stock-net,retained-earnings-accumulated-deficit,comprehensive-income,total-share-holder-equity,total-liabilities-share-holders-equity,net-income-loss,total-depreciation-amortization-cash-flow,other-non-cash-items,total-non-cash-items,change-in-accounts-receivable,change-in-inventories,change-in-accounts-payable,change-in-assets-liabilities,total-change-in-assets-liabilities,cash-flow-from-operating-activities,net-change-in-property-plant-equipment,net-change-in-intangible-assets,net-acquisitions-divestitures,net-change-in-short-term-investments,net-change-in-long-term-investments,net-change-in-investments-total,investing-activities-other,cash-flow-from-investing-activities,net-long-term-debt,net-current-debt,debt-issuance-retirement-net-total,net-common-equity-issued-repurchased,net-total-equity-issued-repurchased,total-common-preferred-stock-dividends-paid,financial-activities-other,cash-flow-from-financial-activities,net-cash-flow,stock-based-compensation,common-stock-dividends-paid
0,2018-09-30,1.1,$0.16,6.83,$0.23,4.83,$-0.22,0.0,$-0.04,0.0,$0.05B,$0.02B,2.72,$0.01B,$0.03B,0.36,$0.03B,$0.03B,85.29%,$0.03B,$-0.01B,-23.53%,$0.03B,$-0.01B,-23.53%,$0.03B,$-0.01B,-20.59%,$0.03B,$-0.01B,-29.41%,$0.03B,$-0.01B,-29.41%,$-0.01B,$0.03B,-38.10%,$-0.01B,$0.02B,-49.38%,$-0.01B,$0.06B,-17.62%,$-0.01B,$0.04B,-20.38%,$8,$1,$7,$7,$3,$10,$-2,$-0,$-3,$0,$-3,$-3,$-3,$-2,$-2,$162,162,$-0.02,$-0.02,$41,$3,$0,$49,$1,$0,$6,$0,$8,$57,$18,$10,$2,$13,$31,$0,$-461,$0,$26,$57,$-18,$0,$2,$2,$1,$-1,$-0,$2,$2,$-14,$-0,$0,$0,$0,$4,$4,$0,$4,$-0,$0,$-0,$18,$18,$0,$0,$18,$9,$2,$0
1,2018-06-30,1.56,$0.17,8.94,$0.31,4.95,$-0.09,0.0,$-0.00,0.0,$0.05B,$0.01B,3.6,$0.01B,$0.03B,0.44,$0.05B,$0.04B,85.11%,$0.05B,$-0.00B,0.00%,$0.05B,$-0.00B,0.00%,$0.05B,$0.00B,2.13%,$0.05B,$-0.00B,-2.13%,$0.05B,$-0.00B,-2.13%,$-0.00B,$0.03B,-4.49%,$-0.00B,$0.02B,-6.15%,$-0.00B,$0.06B,-1.75%,$-0.00B,$0.04B,0.00%,$3,$1,$2,$6,$3,$10,$-7,$-0,$-7,$0,$-7,$-7,$-7,$-6,$-7,$162,162,$-0.04,$-0.04,$42,$3,$0,$50,$1,$0,$6,$0,$8,$57,$14,$12,$2,$15,$29,$0,$-459,$0,$28,$57,$-15,$0,$1,$2,$1,$-0,$-1,$1,$1,$-13,$-0,$0,$0,$0,$2,$2,$0,$2,$-0,$0,$-0,$18,$18,$0,$-0,$18,$8,$1,$0
2,2018-03-31,2.14,$0.19,11.38,$0.32,6.6,$0.01,0.0,$-0.03,0.0,$0.05B,$0.01B,4.61,$0.02B,$0.03B,0.5,$0.05B,$0.04B,85.42%,$0.05B,$-0.00B,-4.17%,$0.05B,$-0.00B,-4.17%,$0.05B,$-0.00B,-4.17%,$0.05B,$-0.00B,-8.33%,$0.05B,$-0.00B,-8.33%,$-0.00B,$0.03B,-27.12%,$-0.00B,$0.02B,-45.71%,$-0.00B,$0.06B,-7.24%,$-0.00B,$0.05B,-6.67%,$3,$1,$2,$7,$3,$11,$-8,$-0,$-8,$0,$-8,$-8,$-8,$-8,$-8,$154,154,$-0.05,$-0.05,$44,$3,$0,$52,$1,$0,$6,$0,$8,$60,$11,$15,$2,$18,$29,$0,$-452,$-0,$30,$60,$-8,$0,$1,$1,$1,$-0,$-1,$1,$1,$-7,$-0,$0,$0,$0,$3,$3,$0,$3,$-0,$0,$-0,$14,$14,$0,$-0,$14,$10,$1,$0
3,2017-12-31,0.92,$0.14,6.47,$0.33,2.76,$-0.01,0.0,$-0.04,0.0,$0.05B,$0.02B,2.87,$0.01B,$0.02B,0.59,$0.05B,$0.04B,84.00%,$0.05B,$-0.00B,-4.00%,$0.05B,$-0.00B,-4.00%,$0.05B,$-0.00B,-2.00%,$0.05B,$-0.00B,-8.00%,$0.05B,$-0.00B,-8.00%,$-0.00B,$0.02B,-50.00%,$-0.00B,$0.02B,-200.00%,$-0.00B,$0.05B,-8.25%,$-0.00B,$0.03B,-8.33%,$20,$1,$18,$7,$3,$11,$9,$-0,$8,$0,$8,$8,$8,$9,$9,$145,145,$0.06,$0.06,$37,$3,$0,$45,$1,$0,$6,$0,$8,$53,$16,$13,$2,$16,$32,$0,$-444,$-0,$21,$53,$-4,$0,$4,$5,$-1,$-0,$-1,$-1,$-2,$-1,$-0,$0,$0,$0,$12,$12,$1,$13,$-0,$0,$-0,$13,$13,$0,$0,$13,$24,$3,$0
4,2017-09-30,1.77,$0.07,26.18,$0.23,7.85,$-0.21,0.0,$-0.15,0.0,$0.05B,$0.03B,1.68,$0.02B,$0.01B,1.46,$0.03B,$0.03B,79.41%,$0.03B,$-0.02B,-55.88%,$0.03B,$-0.02B,-55.88%,$0.03B,$-0.02B,-52.94%,$0.03B,$-0.02B,-61.76%,$0.03B,$-0.02B,-61.76%,$-0.02B,$0.01B,-442.11%,$-0.02B,$0.00B,1680.00%,$-0.02B,$0.06B,-46.15%,$-0.02B,$0.03B,-108.57%,$21,$3,$18,$8,$3,$15,$6,$-0,$6,$0,$6,$6,$6,$6,$6,$147,152,$0.04,$0.04,$42,$3,$0,$50,$1,$0,$6,$0,$8,$58,$30,$15,$2,$18,$48,$0,$-452,$0,$10,$58,$-12,$0,$4,$4,$-1,$-0,$-0,$15,$14,$6,$-0,$0,$0,$0,$13,$13,$1,$14,$-0,$0,$-0,$10,$10,$0,$0,$10,$30,$2,$0
5,2017-06-30,1.56,$-0.01,-124.8,$0.12,13.44,$-0.39,0.0,$-0.25,0.0,$0.04B,$0.03B,1.53,$0.02B,$-0.00B,-9.04,$0.02B,$0.01B,64.71%,$0.02B,$-0.03B,-194.12%,$0.02B,$-0.03B,-194.12%,$0.02B,$-0.03B,-188.24%,$0.02B,$-0.04B,-211.76%,$0.02B,$-0.04B,-211.76%,$-0.04B,$-0.00B,-654.55%,$-0.04B,$-0.01B,7200.00%,$-0.04B,$0.05B,-85.71%,$-0.03B,$0.02B,-169.23%,$4,$1,$3,$9,$4,$14,$-9,$-1,$-10,$0,$-10,$-10,$-10,$-9,$-9,$143,143,$-0.07,$-0.07,$33,$4,$0,$42,$1,$0,$6,$0,$8,$50,$27,$17,$2,$24,$52,$0,$-458,$-0,$-2,$50,$-18,$0,$1,$1,$-0,$0,$-0,$20,$20,$3,$-0,$0,$0,$0,$17,$17,$0,$17,$-0,$0,$-0,$5,$5,$0,$0,$5,$25,$1,$0
6,2017-03-31,1.05,$0.02,45.85,$0.11,9.59,$-0.52,0.0,$-0.25,0.0,$0.03B,$0.01B,3.35,$0.02B,$0.00B,5.73,$0.02B,$0.01B,62.50%,$0.02B,$-0.03B,-200.00%,$0.02B,$-0.03B,-200.00%,$0.02B,$-0.03B,-193.75%,$0.02B,$-0.04B,-218.75%,$0.02B,$-0.04B,-218.75%,$-0.04B,$0.00B,-325.58%,$-0.04B,$-0.00B,-736.84%,$-0.04B,$0.03B,-83.33%,$-0.03B,$0.02B,-125.49%,$5,$2,$3,$8,$3,$12,$-8,$-1,$-8,$0,$-8,$-8,$-8,$-7,$-8,$142,142,$-0.06,$-0.06,$17,$3,$0,$25,$1,$0,$6,$0,$8,$33,$8,$19,$2,$22,$30,$0,$-448,$-0,$3,$33,$-8,$0,$1,$1,$-1,$0,$-1,$-0,$-2,$-9,$-0,$0,$0,$0,$7,$7,$0,$7,$-0,$0,$-0,$1,$1,$0,$0,$1,$-1,$1,$0
7,2016-12-31,1.34,$0.06,22.71,$0.11,12.54,$-0.51,0.0,$-0.25,0.0,$0.03B,$0.03B,1.13,$0.00B,$0.01B,0.0,$0.02B,$0.01B,60.00%,$0.02B,$-0.03B,-206.67%,$0.02B,$-0.03B,-206.67%,$0.02B,$-0.03B,-206.67%,$0.02B,$-0.04B,-233.33%,$0.02B,$-0.04B,-233.33%,$-0.04B,$0.01B,-280.00%,$-0.04B,$0.00B,-538.46%,$-0.04B,$0.04B,-79.55%,$-0.03B,$0.01B,-114.81%,$4,$1,$3,$8,$3,$12,$-8,$-1,$-9,$0,$-9,$-9,$-9,$-8,$-8,$133,133,$-0.07,$-0.07,$25,$4,$0,$32,$1,$0,$6,$0,$8,$41,$29,$0,$2,$3,$32,$0,$-440,$-0,$8,$41,$-35,$0,$3,$4,$1,$-1,$1,$2,$4,$-27,$-0,$0,$0,$0,$6,$6,$0,$6,$-1,$0,$-1,$24,$24,$0,$-0,$23,$2,$3,$0
8,2016-09-30,1.39,$0.09,14.88,$0.12,11.21,$-0.48,0.0,$-0.24,0.0,$0.04B,$0.01B,4.84,$0.02B,$0.01B,1.53,$0.02B,$0.01B,62.50%,$0.02B,$-0.03B,-175.00%,$0.02B,$-0.03B,-175.00%,$0.02B,$-0.03B,-175.00%,$0.02B,$-0.03B,-200.00%,$0.02B,$-0.03B,-200.00%,$-0.03B,$0.01B,-224.56%,$-0.03B,$0.01B,-400.00%,$-0.03B,$0.04B,-70.33%,$-0.03B,$0.03B,-82.96%,$4,$2,$2,$7,$3,$12,$-8,$-1,$-9,$0,$-9,$-9,$-9,$-8,$-8,$138,138,$-0.06,$-0.06,$28,$4,$0,$35,$1,$1,$6,$0,$9,$44,$7,$20,$2,$24,$31,$0,$-431,$0,$13,$44,$-26,$0,$3,$3,$1,$-0,$0,$2,$3,$-20,$-0,$0,$0,$0,$2,$2,$0,$2,$-1,$0,$-1,$21,$21,$0,$-0,$19,$2,$2,$0
9,2016-06-30,1.22,$0.14,8.75,$0.14,8.95,$-0.46,0.0,$-0.23,0.0,$0.04B,$0.01B,5.37,$0.02B,$0.02B,1.03,$0.02B,$0.01B,70.59%,$0.02B,$-0.03B,-152.94%,$0.02B,$-0.03B,-152.94%,$0.02B,$-0.03B,-152.94%,$0.02B,$-0.03B,-170.59%,$0.02B,$-0.03B,-170.59%,$-0.03B,$0.02B,-190.16%,$-0.03B,$0.01B,-322.22%,$-0.03B,$0.05B,-62.37%,$-0.03B,$0.04B,-74.82%,$3,$1,$2,$8,$3,$12,$-8,$-1,$-9,$0,$-9,$-9,$-9,$-8,$-8,$133,133,$-0.07,$-0.07,$33,$4,$0,$41,$1,$1,$6,$0,$9,$50,$8,$20,$2,$24,$31,$0,$-422,$0,$19,$50,$-17,$0,$1,$2,$0,$-0,$0,$1,$1,$-14,$-0,$0,$0,$0,$0,$0,$0,$-0,$-0,$0,$-0,$19,$19,$0,$0,$19,$4,$1,$0
10,2016-03-31,1.35,$0.07,18.15,$0.15,9.01,$-0.44,0.0,$-0.21,0.0,$0.03B,$0.01B,3.97,$0.02B,$0.01B,1.75,$0.02B,$0.01B,72.22%,$0.02B,$-0.02B,-127.78%,$0.02B,$-0.02B,-127.78%,$0.02B,$-0.02B,-127.78%,$0.02B,$-0.03B,-138.89%,$0.02B,$-0.03B,-138.89%,$-0.03B,$0.01B,-153.85%,$-0.03B,$0.00B,-256.41%,$-0.03B,$0.04B,-52.91%,$-0.02B,$0.03B,-64.34%,$4,$1,$2,$7,$3,$11,$-7,$-1,$-8,$0,$-8,$-8,$-8,$-7,$-7,$122,122,$-0.06,$-0.06,$24,$4,$0,$33,$1,$0,$6,$0,$8,$41,$8,$18,$3,$23,$31,$0,$-413,$0,$10,$41,$-8,$0,$1,$1,$1,$-0,$-0,$1,$1,$-6,$-0,$0,$0,$0,$5,$5,$0,$5,$-0,$0,$-0,$1,$1,$0,$0,$1,$0,$1,$0
11,2015-12-31,2.21,$0.12,18.09,$0.16,13.62,$-0.43,0.0,$-0.19,0.0,$0.04B,$0.01B,5.15,$0.02B,$0.02B,1.32,$0.02B,$0.02B,78.95%,$0.02B,$-0.02B,-105.26%,$0.02B,$-0.02B,-105.26%,$0.02B,$-0.02B,-105.26%,$0.02B,$-0.02B,-115.79%,$0.02B,$-0.02B,-115.79%,$-0.02B,$0.02B,-125.71%,$-0.02B,$0.01B,-200.00%,$-0.02B,$0.05B,-45.36%,$-0.02B,$0.04B,-54.05%,$5,$1,$4,$7,$3,$10,$-5,$-1,$-6,$0,$-6,$-6,$-6,$-5,$-5,$119,119,$-0.05,$-0.05,$29,$4,$0,$38,$2,$0,$6,$0,$8,$47,$7,$20,$2,$24,$32,$0,$-406,$-0,$15,$47,$-23,$0,$3,$3,$-0,$-1,$0,$-1,$-1,$-21,$-0,$0,$0,$0,$7,$7,$0,$7,$-0,$0,$-0,$15,$15,$0,$-0,$15,$1,$3,$0
12,2015-09-30,1.95,$0.14,13.66,$0.16,12.43,$-0.39,0.0,$-0.19,0.0,$0.04B,$0.01B,5.91,$0.02B,$0.02B,1.14,$0.02B,$0.01B,77.78%,$0.02B,$-0.02B,-111.11%,$0.02B,$-0.02B,-111.11%,$0.02B,$-0.02B,-116.67%,$0.02B,$-0.02B,-122.22%,$0.02B,$-0.02B,-122.22%,$-0.02B,$0.02B,-118.92%,$-0.02B,$0.01B,-183.33%,$-0.02B,$0.05B,-44.67%,$-0.02B,$0.04B,-52.98%,$5,$1,$4,$7,$3,$11,$-6,$-1,$-6,$0,$-6,$-6,$-6,$-6,$-6,$120,120,$-0.05,$-0.05,$32,$4,$0,$40,$2,$0,$6,$0,$8,$48,$7,$20,$2,$24,$31,$0,$-400,$0,$17,$48,$-17,$0,$2,$2,$-0,$-1,$-0,$1,$-0,$-15,$-0,$0,$0,$0,$5,$5,$0,$5,$-0,$0,$-0,$13,$13,$0,$-0,$12,$3,$2,$0
13,2015-06-30,2.39,$0.19,12.59,$0.16,15.36,$-0.37,0.0,$-0.20,0.0,$0.05B,$0.01B,7.96,$0.02B,$0.02B,0.87,$0.02B,$0.01B,70.59%,$0.02B,$-0.02B,-123.53%,$0.02B,$-0.02B,-123.53%,$0.02B,$-0.02B,-123.53%,$0.02B,$-0.02B,-135.29%,$0.02B,$-0.02B,-135.29%,$-0.02B,$0.02B,-113.58%,$-0.02B,$0.02B,-170.37%,$-0.02B,$0.05B,-45.54%,$-0.02B,$0.04B,-53.50%,$4,$1,$3,$6,$3,$9,$-5,$-1,$-5,$0,$-5,$-5,$-5,$-5,$-5,$119,119,$-0.05,$-0.05,$38,$4,$0,$45,$2,$0,$6,$0,$8,$53,$6,$20,$2,$25,$30,$0,$-393,$-0,$23,$53,$-10,$0,$1,$1,$0,$-0,$-0,$-0,$-1,$-10,$-0,$0,$0,$0,$0,$0,$0,$0,$-0,$0,$-0,$12,$12,$0,$0,$12,$3,$1,$0
14,2015-03-31,1.91,$0.13,14.76,$0.16,11.96,$-0.35,0.0,$-0.20,0.0,$0.04B,$0.01B,5.03,$0.02B,$0.02B,1.16,$0.02B,$0.01B,66.67%,$0.02B,$-0.02B,-116.67%,$0.02B,$-0.02B,-116.67%,$0.02B,$-0.02B,-116.67%,$0.02B,$-0.02B,-127.78%,$0.02B,$-0.02B,-127.78%,$-0.02B,$0.02B,-110.84%,$-0.02B,$0.01B,-161.40%,$-0.02B,$0.05B,-45.54%,$-0.02B,$0.03B,-52.83%,$5,$1,$4,$5,$3,$9,$-4,$-0,$-5,$0,$-5,$-5,$-5,$-4,$-4,$114,114,$-0.04,$-0.04,$29,$4,$0,$36,$2,$1,$6,$0,$9,$46,$7,$18,$2,$23,$30,$0,$-388,$0,$15,$46,$-5,$0,$1,$1,$-0,$-0,$-0,$-1,$-1,$-5,$-0,$0,$0,$0,$4,$4,$0,$4,$-0,$0,$-0,$0,$0,$0,$0,$0,$-1,$1,$0
15,2014-12-31,0.79,$0.16,4.85,$0.17,4.52,$-0.33,0.0,$-0.19,0.0,$0.04B,$0.01B,5.67,$0.02B,$0.02B,1.07,$0.02B,$0.01B,68.42%,$0.02B,$-0.02B,-110.53%,$0.02B,$-0.02B,-110.53%,$0.02B,$-0.02B,-105.26%,$0.02B,$-0.02B,-115.79%,$0.02B,$-0.02B,-115.79%,$-0.02B,$0.02B,-89.80%,$-0.02B,$0.01B,-123.94%,$-0.02B,$0.05B,-45.36%,$-0.02B,$0.04B,-53.85%,$4,$1,$3,$5,$3,$10,$-5,$-1,$-6,$0,$-6,$-6,$-6,$-6,$-5,$112,112,$-0.06,$-0.06,$33,$4,$0,$39,$2,$2,$6,$0,$11,$50,$7,$20,$2,$25,$32,$0,$-383,$0,$19,$50,$-22,$0,$4,$5,$0,$-1,$0,$4,$3,$-15,$-0,$0,$0,$0,$-15,$-15,$0,$-15,$20,$0,$20,$5,$5,$0,$0,$25,$-5,$3,$0
16,2014-09-30,1.47,$0.21,7.08,$0.18,8.26,$-0.34,0.0,$-0.19,0.0,$0.04B,$0.01B,5.69,$0.02B,$0.02B,0.84,$0.02B,$0.01B,68.42%,$0.02B,$-0.02B,-110.53%,$0.02B,$-0.02B,-110.53%,$0.02B,$-0.02B,-100.00%,$0.02B,$-0.02B,-110.53%,$0.02B,$-0.02B,-110.53%,$-0.02B,$0.02B,-76.36%,$-0.02B,$0.02B,-101.20%,$-0.02B,$0.05B,-45.41%,$-0.02B,$0.04B,-56.38%,$4,$2,$2,$5,$3,$11,$-7,$-0,$-7,$0,$-7,$-7,$-7,$-6,$-7,$112,112,$-0.06,$-0.06,$31,$4,$0,$38,$2,$7,$6,$0,$15,$53,$7,$20,$2,$23,$29,$0,$-377,$0,$24,$53,$-16,$0,$4,$4,$-0,$-2,$0,$2,$1,$-12,$-0,$0,$0,$0,$-17,$-17,$0,$-18,$20,$0,$20,$5,$5,$0,$0,$25,$-4,$2,$0
17,2014-06-30,1.82,$0.22,8.1,$0.17,10.76,$-0.35,0.0,$-0.19,0.0,$0.04B,$0.01B,7.02,$0.02B,$0.03B,0.79,$0.02B,$0.01B,72.22%,$0.02B,$-0.02B,-111.11%,$0.02B,$-0.02B,-111.11%,$0.02B,$-0.02B,-105.56%,$0.02B,$-0.02B,-111.11%,$0.02B,$-0.02B,-111.11%,$-0.02B,$0.03B,-72.73%,$-0.02B,$0.02B,-95.24%,$-0.02B,$0.05B,-48.78%,$-0.02B,$0.05B,-61.54%,$5,$1,$3,$6,$3,$10,$-5,$-0,$-5,$0,$-5,$-5,$-5,$-5,$-5,$111,111,$-0.05,$-0.05,$33,$5,$0,$41,$2,$4,$6,$0,$13,$53,$6,$20,$2,$23,$28,$0,$-370,$0,$25,$53,$-9,$0,$2,$2,$0,$-1,$-0,$1,$0,$-7,$-0,$0,$0,$0,$-2,$-2,$0,$-2,$20,$0,$20,$0,$0,$0,$0,$20,$11,$2,$0
18,2014-03-31,1.33,$0.27,4.96,$0.17,8.01,$-0.36,0.0,$-0.19,0.0,$0.03B,$0.01B,4.65,$0.00B,$0.03B,0.0,$0.02B,$0.01B,76.47%,$0.02B,$-0.02B,-117.65%,$0.02B,$-0.02B,-117.65%,$0.02B,$-0.02B,-111.76%,$0.02B,$-0.02B,-117.65%,$0.02B,$-0.02B,-117.65%,$-0.02B,$0.03B,-70.18%,$-0.02B,$0.02B,-90.91%,$-0.02B,$0.04B,-54.05%,$-0.02B,$0.03B,-70.18%,$6,$1,$5,$5,$3,$10,$-4,$0,$-4,$0,$-4,$-4,$-4,$-3,$-4,$110,110,$-0.03,$-0.03,$18,$4,$0,$25,$2,$4,$6,$0,$12,$38,$5,$0,$2,$3,$8,$0,$-364,$0,$30,$38,$-4,$0,$1,$1,$0,$-0,$0,$-1,$0,$-3,$-0,$0,$0,$0,$-3,$-3,$0,$-3,$-0,$0,$-0,$0,$0,$0,$0,$0,$-6,$1,$0
19,2013-12-31,1.73,$0.28,6.22,$0.15,11.54,$-0.37,0.0,$-0.21,0.0,$0.03B,$0.01B,3.94,$0.00B,$0.03B,0.0,$0.02B,$0.01B,66.67%,$0.02B,$-0.02B,-140.00%,$0.02B,$-0.02B,-140.00%,$0.02B,$-0.02B,-140.00%,$0.02B,$-0.02B,-140.00%,$0.02B,$-0.02B,-140.00%,$-0.02B,$0.03B,-71.19%,$-0.02B,$0.02B,-91.30%,$-0.02B,$0.04B,-55.63%,$-0.02B,$0.03B,-71.19%,$4,$1,$3,$5,$3,$9,$-5,$-0,$-5,$0,$-5,$-5,$-5,$-5,$-5,$103,103,$-0.05,$-0.05,$21,$4,$0,$28,$2,$4,$6,$0,$12,$41,$7,$0,$2,$3,$10,$0,$-361,$0,$31,$41,$-21,$1,$4,$5,$-0,$-1,$-1,$3,$1,$-15,$-0,$0,$0,$0,$1,$1,$0,$1,$-0,$0,$-0,$11,$11,$0,$0,$11,$-3,$3,$0
20,2013-09-30,1.34,$0.24,5.66,$0.15,9.24,$-0.38,0.0,$-0.22,0.0,$0.02B,$0.01B,4.57,$0.00B,$0.02B,0.0,$0.01B,$0.01B,64.29%,$0.01B,$-0.02B,-157.14%,$0.01B,$-0.02B,-157.14%,$0.01B,$-0.02B,-150.00%,$0.01B,$-0.02B,-150.00%,$0.01B,$-0.02B,-150.00%,$-0.02B,$0.02B,-68.29%,$-0.02B,$0.02B,-85.71%,$-0.02B,$0.03B,-53.85%,$-0.02B,$0.02B,-71.54%,$3,$1,$2,$4,$3,$9,$-6,$-0,$-6,$0,$-6,$-6,$-6,$-6,$-6,$102,102,$-0.06,$-0.06,$17,$3,$0,$23,$2,$0,$6,$0,$9,$32,$5,$0,$2,$3,$8,$0,$-356,$0,$24,$32,$-16,$0,$3,$4,$1,$-0,$-1,$2,$1,$-12,$-0,$0,$0,$0,$10,$10,$0,$10,$-0,$0,$-0,$0,$0,$0,$0,$0,$-2,$3,$0
21,2013-06-30,1.05,$0.29,3.65,$0.16,6.58,$-0.38,0.0,$-0.21,0.0,$0.03B,$0.01B,5.42,$0.00B,$0.03B,0.0,$0.02B,$0.01B,66.67%,$0.02B,$-0.02B,-140.00%,$0.02B,$-0.02B,-140.00%,$0.02B,$-0.02B,-133.33%,$0.02B,$-0.02B,-133.33%,$0.02B,$-0.02B,-133.33%,$-0.02B,$0.03B,-62.50%,$-0.02B,$0.02B,-77.67%,$-0.02B,$0.04B,-49.69%,$-0.02B,$0.03B,-65.63%,$4,$1,$3,$5,$3,$9,$-5,$0,$-5,$0,$-5,$-5,$-5,$-5,$-5,$102,102,$-0.05,$-0.05,$21,$3,$0,$28,$2,$0,$6,$0,$9,$37,$5,$0,$1,$2,$7,$0,$-350,$0,$29,$37,$-10,$1,$2,$2,$0,$0,$-1,$1,$0,$-8,$-0,$0,$0,$0,$4,$4,$0,$4,$-0,$0,$-0,$0,$0,$0,$0,$0,$-3,$2,$0
22,2013-03-31,1.33,$0.33,4.04,$0.18,7.56,$-0.38,0.0,$-0.21,0.0,$0.03B,$0.01B,6.09,$0.00B,$0.03B,0.0,$0.02B,$0.01B,68.75%,$0.02B,$-0.02B,-125.00%,$0.02B,$-0.02B,-125.00%,$0.02B,$-0.02B,-118.75%,$0.02B,$-0.02B,-118.75%,$0.02B,$-0.02B,-118.75%,$-0.02B,$0.03B,-57.58%,$-0.02B,$0.03B,-71.70%,$-0.02B,$0.04B,-46.34%,$-0.02B,$0.03B,-60.61%,$4,$2,$2,$5,$3,$9,$-5,$0,$-5,$0,$-5,$-5,$-5,$-5,$-5,$102,102,$-0.05,$-0.05,$25,$3,$0,$31,$2,$1,$6,$0,$10,$41,$5,$0,$1,$2,$7,$0,$-345,$0,$34,$41,$-5,$0,$1,$1,$1,$0,$-1,$1,$1,$-3,$-0,$0,$0,$0,$0,$0,$0,$0,$-0,$0,$-0,$0,$0,$0,$0,$0,$-3,$1,$0
23,2012-12-31,0.92,$0.36,2.58,$0.61,1.52,$-0.40,0.0,$0.19,4.84,$0.04B,$0.01B,5.25,$0.00B,$0.04B,0.0,$0.05B,$0.05B,92.45%,$0.05B,$0.02B,30.19%,$0.05B,$0.02B,30.19%,$0.05B,$0.02B,32.08%,$0.05B,$0.02B,32.08%,$0.05B,$0.02B,32.08%,$0.02B,$0.04B,50.75%,$0.02B,$0.03B,62.39%,$0.02B,$0.05B,40.72%,$0.02B,$0.04B,47.76%,$3,$1,$2,$5,$3,$9,$-6,$0,$-5,$0,$-5,$-5,$-5,$-5,$-6,$88,89,$-0.07,$-0.07,$29,$3,$0,$36,$2,$0,$6,$0,$10,$46,$7,$0,$1,$3,$10,$0,$-339,$0,$36,$46,$16,$1,$4,$5,$1,$-0,$1,$-36,$-35,$-13,$-0,$0,$0,$0,$4,$4,$0,$4,$-0,$0,$-0,$12,$12,$0,$0,$12,$2,$4,$0
24,2012-09-30,1.44,$0.33,4.35,$0.67,2.15,$-0.47,0.0,$0.23,6.26,$0.03B,$0.01B,4.65,$0.00B,$0.03B,0.0,$0.06B,$0.06B,93.22%,$0.06B,$0.02B,33.90%,$0.06B,$0.02B,33.90%,$0.06B,$0.02B,33.90%,$0.06B,$0.02B,33.90%,$0.06B,$0.02B,33.90%,$0.02B,$0.03B,79.21%,$0.02B,$0.02B,105.26%,$0.02B,$0.04B,47.06%,$0.02B,$0.03B,79.21%,$4,$1,$3,$5,$3,$9,$-5,$0,$-5,$0,$-5,$-5,$-5,$-5,$-5,$88,88,$-0.05,$-0.05,$18,$3,$0,$25,$3,$3,$6,$0,$12,$37,$5,$0,$1,$2,$8,$0,$-334,$0,$29,$37,$22,$1,$3,$4,$1,$-0,$-0,$-36,$-36,$-10,$-0,$0,$0,$0,$7,$7,$0,$7,$-0,$0,$-0,$0,$0,$0,$0,$0,$-3,$3,$0
25,2012-06-30,0.91,$0.37,2.43,$0.72,1.26,$-0.54,0.0,$0.22,4.14,$0.03B,$0.01B,5.06,$0.00B,$0.03B,0.0,$0.06B,$0.06B,93.65%,$0.06B,$0.02B,31.75%,$0.06B,$0.02B,31.75%,$0.06B,$0.02B,31.75%,$0.06B,$0.02B,31.75%,$0.06B,$0.02B,31.75%,$0.02B,$0.03B,105.26%,$0.02B,$0.03B,156.86%,$0.02B,$0.04B,43.01%,$0.02B,$0.03B,105.26%,$5,$1,$4,$5,$3,$9,$-4,$0,$-4,$0,$-4,$-4,$-4,$-4,$-4,$88,88,$-0.05,$-0.05,$19,$3,$0,$26,$3,$5,$6,$0,$14,$40,$5,$0,$1,$2,$7,$0,$-329,$-0,$33,$40,$27,$0,$2,$3,$1,$0,$-1,$-37,$-36,$-7,$-0,$0,$0,$0,$2,$2,$0,$2,$-0,$0,$-0,$0,$0,$0,$0,$0,$-5,$2,$0
26,2012-03-31,0.8,$0.41,1.95,$0.75,1.06,$-0.60,0.0,$0.21,3.81,$0.03B,$0.01B,5.72,$0.00B,$0.04B,0.0,$0.07B,$0.06B,93.94%,$0.07B,$0.02B,28.79%,$0.07B,$0.02B,28.79%,$0.07B,$0.02B,28.79%,$0.07B,$0.02B,28.79%,$0.07B,$0.02B,28.79%,$0.02B,$0.04B,152.00%,$0.02B,$0.03B,292.31%,$0.02B,$0.04B,38.00%,$0.02B,$0.04B,152.00%,$41,$1,$40,$6,$3,$10,$31,$0,$31,$0,$31,$31,$31,$31,$31,$88,88,$0.35,$0.35,$23,$3,$0,$30,$3,$4,$6,$0,$13,$44,$5,$0,$1,$2,$8,$0,$-325,$0,$36,$44,$31,$0,$1,$1,$1,$0,$-1,$-37,$-37,$-4,$-0,$0,$0,$0,$3,$3,$0,$3,$-0,$0,$-0,$0,$0,$0,$0,$-0,$-1,$1,$0
27,2011-12-31,1.18,$0.04,29.72,$0.38,3.08,$-0.65,0.0,$-0.21,0.0,$0.04B,$0.02B,2.51,$0.00B,$0.00B,0.0,$0.03B,$0.03B,85.29%,$0.03B,$-0.02B,-52.94%,$0.03B,$-0.02B,-52.94%,$0.03B,$-0.02B,-52.94%,$0.03B,$-0.02B,-52.94%,$0.03B,$-0.02B,-52.94%,$-0.02B,$0.00B,-288.00%,$-0.02B,$-0.00B,inf%,$-0.02B,$0.05B,-33.33%,$-0.02B,$0.00B,-288.00%,$9,$1,$8,$7,$3,$11,$-2,$0,$-2,$0,$-2,$-2,$-2,$-2,$-2,$87,87,$-0.02,$-0.02,$29,$3,$0,$37,$3,$2,$6,$0,$12,$49,$15,$0,$1,$31,$46,$0,$-356,$0,$3,$49,$-19,$1,$7,$8,$0,$-1,$0,$-7,$-7,$-17,$-2,$0,$0,$0,$17,$17,$0,$15,$-0,$0,$-0,$1,$1,$0,$0,$1,$-2,$7,$0
28,2011-09-30,1.61,$0.05,34.18,$0.38,4.25,$-0.34,0.0,$-0.25,0.0,$0.04B,$0.02B,2.46,$0.00B,$0.00B,0.0,$0.03B,$0.03B,84.85%,$0.03B,$-0.02B,-66.67%,$0.03B,$-0.02B,-66.67%,$0.03B,$-0.02B,-66.67%,$0.03B,$-0.02B,-63.64%,$0.03B,$-0.02B,-63.64%,$-0.02B,$0.00B,-233.33%,$-0.02B,$-0.00B,-763.64%,$-0.02B,$0.05B,-35.74%,$-0.02B,$0.00B,-244.44%,$8,$1,$7,$8,$3,$13,$-5,$-0,$-5,$0,$-5,$-5,$-5,$-5,$-5,$87,87,$-0.06,$-0.06,$32,$3,$0,$40,$3,$3,$6,$0,$13,$53,$16,$0,$1,$33,$49,$0,$-353,$0,$4,$53,$-17,$1,$5,$6,$1,$-0,$0,$-3,$-2,$-13,$-2,$0,$0,$0,$11,$11,$0,$9,$-0,$0,$-0,$1,$1,$0,$0,$1,$-3,$5,$0
29,2011-06-30,2.03,$0.08,23.97,$0.38,5.35,$-0.03,0.0,$-0.24,0.0,$0.04B,$0.02B,2.7,$0.00B,$0.01B,0.0,$0.03B,$0.03B,84.85%,$0.03B,$-0.02B,-66.67%,$0.03B,$-0.02B,-66.67%,$0.03B,$-0.02B,-63.64%,$0.03B,$-0.02B,-63.64%,$0.03B,$-0.02B,-63.64%,$-0.02B,$0.01B,-168.00%,$-0.02B,$0.00B,-350.00%,$-0.02B,$0.05B,-33.33%,$-0.02B,$0.01B,-176.00%,$8,$1,$7,$9,$3,$13,$-5,$0,$-5,$0,$-5,$-5,$-5,$-5,$-5,$87,87,$-0.06,$-0.06,$35,$3,$0,$43,$2,$3,$6,$0,$12,$54,$16,$0,$0,$31,$47,$0,$-348,$0,$7,$54,$-12,$1,$4,$4,$0,$-0,$0,$-5,$-5,$-12,$-1,$0,$0,$0,$7,$7,$0,$6,$-0,$0,$-0,$1,$1,$0,$0,$1,$-5,$4,$0
30,2011-03-31,3.6,$0.12,29.48,$0.37,9.63,$0.30,12.13,$-0.25,0.0,$0.05B,$0.02B,2.96,$0.00B,$0.01B,0.0,$0.03B,$0.03B,84.38%,$0.03B,$-0.02B,-71.88%,$0.03B,$-0.02B,-71.88%,$0.03B,$-0.02B,-68.75%,$0.03B,$-0.02B,-68.75%,$0.03B,$-0.02B,-68.75%,$-0.02B,$0.01B,-139.68%,$-0.02B,$0.00B,-237.84%,$-0.02B,$0.06B,-32.23%,$-0.02B,$0.01B,-146.03%,$9,$1,$7,$10,$4,$15,$-6,$0,$-6,$0,$-6,$-6,$-6,$-6,$-6,$87,87,$-0.07,$-0.07,$38,$3,$0,$48,$2,$4,$6,$0,$12,$60,$16,$0,$0,$33,$49,$0,$-343,$0,$11,$60,$-6,$0,$2,$2,$-0,$-0,$-0,$-4,$-4,$-8,$-0,$0,$0,$0,$2,$2,$0,$2,$-0,$0,$-0,$1,$1,$0,$0,$1,$-6,$2,$0
31,2010-12-31,3.45,$0.17,20.73,$0.36,9.48,$0.33,10.57,$-0.26,0.0,$0.06B,$0.02B,3.06,$0.00B,$0.01B,0.0,$0.03B,$0.03B,83.87%,$0.03B,$-0.02B,-77.42%,$0.03B,$-0.02B,-77.42%,$0.03B,$-0.02B,-70.97%,$0.03B,$-0.02B,-74.19%,$0.03B,$-0.02B,-74.19%,$-0.02B,$0.01B,-121.05%,$-0.02B,$0.01B,-180.39%,$-0.02B,$0.07B,-34.46%,$-0.02B,$0.01B,-126.32%,$8,$1,$7,$9,$4,$15,$-6,$1,$-5,$0,$-5,$-5,$-5,$-6,$-6,$87,87,$-0.06,$-0.06,$46,$3,$0,$55,$2,$4,$6,$0,$13,$68,$18,$0,$0,$35,$53,$0,$-337,$0,$14,$68,$-23,$2,$8,$10,$-2,$-0,$-0,$23,$20,$8,$-0,$0,$0,$0,$-6,$-6,$0,$-6,$-0,$0,$-0,$1,$1,$0,$0,$1,$2,$8,$0
32,2010-09-30,2.54,$0.20,12.47,$0.33,7.78,$-0.01,0.0,$-0.30,0.0,$0.06B,$0.02B,3.67,$0.00B,$0.02B,0.0,$0.03B,$0.02B,82.14%,$0.03B,$-0.03B,-96.43%,$0.03B,$-0.03B,-96.43%,$0.03B,$-0.02B,-85.71%,$0.03B,$-0.03B,-96.43%,$0.03B,$-0.03B,-96.43%,$-0.03B,$0.02B,-120.00%,$-0.03B,$0.01B,-168.75%,$-0.03B,$0.07B,-42.02%,$-0.03B,$0.02B,-120.00%,$8,$1,$7,$8,$4,$13,$-5,$0,$-5,$0,$-5,$-5,$-5,$-4,$-5,$87,87,$-0.05,$-0.05,$47,$3,$0,$55,$2,$6,$6,$0,$15,$70,$15,$0,$0,$37,$52,$0,$-331,$0,$18,$70,$-18,$2,$6,$8,$-2,$-0,$-0,$23,$21,$11,$-0,$0,$0,$0,$-8,$-8,$0,$-8,$-0,$0,$-0,$0,$0,$0,$0,$0,$4,$6,$0
33,2010-06-30,2.43,$0.23,10.35,$0.33,7.27,$-0.33,0.0,$-0.32,0.0,$0.06B,$0.02B,4.19,$0.00B,$0.02B,0.0,$0.03B,$0.02B,78.57%,$0.03B,$-0.03B,-100.00%,$0.03B,$-0.03B,-100.00%,$0.03B,$-0.03B,-89.29%,$0.03B,$-0.03B,-100.00%,$0.03B,$-0.03B,-100.00%,$-0.03B,$0.02B,-105.66%,$-0.03B,$0.01B,-138.27%,$-0.03B,$0.08B,-44.44%,$-0.03B,$0.02B,-105.66%,$7,$1,$6,$9,$4,$14,$-6,$0,$-6,$0,$-6,$-6,$-6,$-6,$-6,$87,87,$-0.07,$-0.07,$54,$3,$0,$62,$3,$3,$6,$0,$12,$75,$15,$0,$0,$39,$54,$0,$-327,$0,$20,$75,$-13,$1,$4,$5,$-2,$-0,$-0,$25,$23,$16,$-0,$0,$0,$0,$-3,$-3,$0,$-3,$-0,$0,$-0,$0,$0,$0,$0,$0,$13,$4,$0
34,2010-03-31,3.01,$0.28,10.69,$0.31,9.73,$-0.64,0.0,$-0.34,0.0,$0.04B,$0.01B,3.49,$0.00B,$0.02B,0.0,$0.03B,$0.02B,76.92%,$0.03B,$-0.03B,-115.38%,$0.03B,$-0.03B,-115.38%,$0.03B,$-0.03B,-100.00%,$0.03B,$-0.03B,-115.38%,$0.03B,$-0.03B,-115.38%,$-0.03B,$0.02B,-105.26%,$-0.03B,$0.02B,-136.36%,$-0.03B,$0.05B,-50.21%,$-0.03B,$0.02B,-105.26%,$8,$1,$6,$9,$4,$14,$-7,$0,$-7,$0,$-7,$-7,$-7,$-6,$-7,$87,87,$-0.08,$-0.08,$35,$3,$0,$43,$3,$0,$6,$0,$10,$54,$12,$0,$0,$17,$29,$0,$-321,$0,$24,$54,$-7,$1,$2,$3,$-2,$0,$-0,$-0,$-2,$-6,$-0,$0,$0,$0,$1,$1,$0,$1,$-0,$0,$-0,$0,$0,$0,$0,$-0,$-5,$2,$0
35,2009-12-31,2.47,$0.32,7.7,$0.30,8.34,$-0.65,0.0,$-0.37,0.0,$0.05B,$0.01B,3.84,$0.00B,$0.03B,0.0,$0.02B,$0.02B,79.17%,$0.02B,$-0.03B,-133.33%,$0.02B,$-0.03B,-133.33%,$0.02B,$-0.03B,-116.67%,$0.02B,$-0.03B,-133.33%,$0.02B,$-0.03B,-133.33%,$-0.03B,$0.03B,-104.92%,$-0.03B,$0.02B,-133.33%,$-0.03B,$0.06B,-50.59%,$-0.03B,$0.03B,-104.92%,$5,$1,$4,$9,$3,$14,$-9,$0,$-9,$0,$-9,$-9,$-9,$-8,$-9,$83,83,$-0.09,$-0.09,$41,$3,$0,$47,$4,$0,$7,$0,$11,$58,$12,$0,$1,$18,$30,$0,$-314,$0,$28,$58,$-30,$3,$12,$14,$2,$0,$0,$-8,$-5,$-21,$-0,$0,$0,$0,$-10,$-10,$0,$-10,$-0,$0,$-0,$10,$10,$0,$0,$10,$-21,$11,$0
36,2009-09-30,2.67,$0.40,6.72,$0.35,7.57,$-0.53,0.0,$-0.51,0.0,$0.05B,$0.01B,4.36,$0.00B,$0.03B,0.0,$0.03B,$0.02B,82.14%,$0.03B,$-0.04B,-150.00%,$0.03B,$-0.04B,-150.00%,$0.03B,$-0.04B,-135.71%,$0.03B,$-0.04B,-146.43%,$0.03B,$-0.04B,-146.43%,$-0.04B,$0.03B,-124.24%,$-0.04B,$0.03B,-154.72%,$-0.04B,$0.07B,-60.74%,$-0.04B,$0.03B,-127.27%,$8,$3,$6,$8,$4,$14,$-6,$0,$-6,$0,$-6,$-6,$-6,$-5,$-6,$83,83,$-0.07,$-0.07,$46,$3,$0,$53,$5,$1,$7,$0,$13,$65,$12,$0,$1,$19,$31,$0,$-305,$0,$34,$65,$-22,$2,$8,$10,$1,$1,$-1,$-5,$-4,$-15,$-0,$0,$0,$0,$-6,$-6,$0,$-6,$-0,$0,$-0,$10,$10,$0,$0,$10,$-12,$8,$0
37,2009-06-30,2.38,$0.34,7.1,$0.33,7.16,$-0.63,0.0,$-0.55,0.0,$0.04B,$0.01B,3.05,$0.00B,$0.03B,0.0,$0.03B,$0.02B,85.19%,$0.03B,$-0.05B,-166.67%,$0.03B,$-0.05B,-166.67%,$0.03B,$-0.04B,-155.56%,$0.03B,$-0.04B,-162.96%,$0.03B,$-0.04B,-162.96%,$-0.04B,$0.03B,-127.54%,$-0.04B,$0.02B,-158.56%,$-0.04B,$0.06B,-66.42%,$-0.05B,$0.03B,-130.43%,$5,$1,$4,$8,$4,$12,$-8,$0,$-8,$0,$-8,$-8,$-8,$-7,$-8,$82,82,$-0.09,$-0.09,$35,$3,$0,$43,$5,$7,$7,$0,$19,$62,$14,$0,$1,$20,$34,$0,$-300,$0,$28,$62,$-16,$2,$6,$7,$2,$1,$-0,$-5,$-2,$-11,$-0,$0,$0,$0,$-9,$-9,$0,$-9,$-0,$0,$-0,$0,$0,$0,$0,$0,$-19,$6,$0
38,2009-03-31,2.23,$0.40,5.65,$0.36,6.25,$-0.69,0.0,$-0.57,0.0,$0.05B,$0.02B,3.33,$0.00B,$0.03B,0.0,$0.03B,$0.02B,85.71%,$0.03B,$-0.05B,-164.29%,$0.03B,$-0.05B,-164.29%,$0.03B,$-0.04B,-153.57%,$0.03B,$-0.05B,-160.71%,$0.03B,$-0.05B,-160.71%,$-0.05B,$0.03B,-114.65%,$-0.05B,$0.03B,-138.46%,$-0.05B,$0.07B,-66.18%,$-0.05B,$0.03B,-117.20%,$6,$1,$5,$10,$4,$15,$-9,$0,$-9,$0,$-9,$-9,$-9,$-8,$-9,$82,82,$-0.11,$-0.11,$42,$3,$0,$51,$5,$5,$7,$0,$17,$68,$15,$0,$1,$21,$36,$0,$-292,$0,$32,$68,$-9,$1,$4,$4,$1,$1,$-0,$-2,$-1,$-6,$-0,$0,$0,$0,$-0,$-0,$0,$-0,$-0,$0,$-0,$0,$0,$0,$0,$0,$-6,$4,$0
39,2008-12-31,3.39,$0.46,7.4,$0.37,9.2,$-0.74,0.0,$-0.57,0.0,$0.06B,$0.02B,3.57,$0.00B,$0.04B,0.0,$0.03B,$0.03B,89.29%,$0.03B,$-0.05B,-160.71%,$0.03B,$-0.05B,-160.71%,$0.03B,$-0.04B,-150.00%,$0.03B,$-0.04B,-157.14%,$0.03B,$-0.04B,-157.14%,$-0.04B,$0.04B,-114.29%,$-0.04B,$0.03B,-138.58%,$-0.04B,$0.08B,-63.08%,$-0.05B,$0.04B,-116.88%,$9,$1,$8,$10,$4,$28,$-19,$0,$-18,$0,$-18,$-18,$-18,$-18,$-19,$78,78,$-0.23,$-0.23,$51,$3,$0,$60,$6,$2,$7,$0,$15,$75,$17,$0,$1,$20,$37,$0,$-284,$0,$38,$75,$-44,$3,$23,$25,$-0,$-2,$-1,$13,$9,$-9,$-1,$-0,$0,$0,$1,$1,$0,$0,$-0,$0,$-0,$1,$1,$0,$0,$1,$-8,$9,$0
40,2008-09-30,5.6,$0.48,11.58,$0.34,16.23,$-0.90,0.0,$-0.43,0.0,$0.05B,$0.01B,3.11,$0.00B,$0.04B,0.0,$0.03B,$0.02B,88.46%,$0.03B,$-0.03B,-126.92%,$0.03B,$-0.03B,-126.92%,$0.03B,$-0.03B,-115.38%,$0.03B,$-0.03B,-126.92%,$0.03B,$-0.03B,-126.92%,$-0.03B,$0.04B,-87.42%,$-0.03B,$0.03B,-106.45%,$-0.03B,$0.06B,-45.83%,$-0.03B,$0.04B,-87.42%,$7,$1,$6,$11,$4,$16,$-9,$0,$-9,$0,$-9,$-9,$-9,$-9,$-9,$82,82,$-0.11,$-0.11,$37,$3,$0,$45,$6,$2,$7,$0,$16,$60,$14,$0,$1,$6,$21,$0,$-265,$-0,$40,$60,$-26,$2,$6,$8,$-0,$-1,$-1,$-4,$-6,$-23,$-1,$-0,$0,$0,$8,$8,$0,$8,$-0,$0,$-0,$1,$1,$0,$0,$1,$-15,$6,$0
41,2008-06-30,3.67,$0.57,6.41,$0.33,10.97,$-0.84,0.0,$-0.43,0.0,$0.05B,$0.01B,3.45,$0.00B,$0.05B,0.0,$0.02B,$0.02B,87.50%,$0.02B,$-0.03B,-133.33%,$0.02B,$-0.03B,-133.33%,$0.02B,$-0.03B,-116.67%,$0.02B,$-0.03B,-133.33%,$0.02B,$-0.03B,-133.33%,$-0.03B,$0.05B,-90.78%,$-0.03B,$0.04B,-111.30%,$-0.03B,$0.07B,-40.13%,$-0.03B,$0.05B,-90.14%,$6,$1,$5,$10,$4,$15,$-9,$0,$-9,$0,$-9,$-9,$-9,$-8,$-9,$75,75,$-0.11,$-0.11,$42,$3,$0,$50,$7,$5,$7,$0,$19,$69,$14,$0,$1,$8,$22,$0,$-256,$0,$47,$69,$-16,$1,$4,$6,$1,$-1,$-1,$-2,$-4,$-14,$-1,$-0,$0,$0,$8,$8,$0,$8,$-0,$0,$-0,$1,$1,$0,$0,$1,$-6,$4,$0
42,2008-03-31,5.25,$0.40,13.26,$0.44,11.8,$-0.88,0.0,$-0.33,0.0,$0.06B,$0.04B,1.48,$0.00B,$0.03B,0.0,$0.03B,$0.03B,93.55%,$0.03B,$-0.02B,-77.42%,$0.03B,$-0.02B,-77.42%,$0.03B,$-0.02B,-64.52%,$0.03B,$-0.02B,-74.19%,$0.03B,$-0.02B,-74.19%,$-0.02B,$0.03B,-73.02%,$-0.02B,$0.02B,-92.00%,$-0.02B,$0.08B,-26.51%,$-0.02B,$0.03B,-58.18%,$6,$1,$6,$10,$4,$14,$-8,$0,$-8,$0,$-8,$-8,$-8,$-7,$-8,$74,74,$-0.11,$-0.11,$47,$2,$0,$55,$7,$6,$7,$0,$21,$75,$37,$0,$1,$9,$46,$0,$-247,$0,$29,$75,$-8,$1,$2,$3,$0,$-0,$-1,$-3,$-4,$-8,$-0,$-0,$0,$0,$5,$5,$0,$5,$-0,$0,$-0,$0,$0,$0,$0,$0,$-4,$2,$0
43,2007-12-31,6.43,$0.47,13.78,$0.44,14.59,$-0.90,0.0,$-0.35,0.0,$0.07B,$0.04B,1.66,$0.00B,$0.04B,0.0,$0.03B,$0.03B,90.32%,$0.03B,$-0.03B,-80.65%,$0.03B,$-0.03B,-80.65%,$0.03B,$-0.02B,-67.74%,$0.03B,$-0.02B,-77.42%,$0.03B,$-0.02B,-77.42%,$-0.02B,$0.04B,-75.59%,$-0.02B,$0.03B,-95.05%,$-0.02B,$0.08B,-26.16%,$-0.03B,$0.04B,-49.02%,$7,$1,$6,$10,$3,$14,$-7,$-0,$-7,$0,$-7,$-7,$-7,$-6,$-7,$70,70,$-0.10,$-0.10,$57,$2,$0,$65,$8,$5,$7,$0,$19,$84,$39,$0,$1,$10,$49,$0,$-240,$0,$35,$84,$-24,$2,$7,$9,$-1,$-0,$1,$-3,$-3,$-18,$-3,$-0,$0,$0,$16,$16,$0,$13,$-0,$0,$-0,$1,$1,$0,$0,$1,$-4,$7,$0
44,2007-09-30,5.48,$0.43,12.85,$0.43,12.75,$-0.78,0.0,$-0.39,0.0,$0.07B,$0.05B,1.5,$0.00B,$0.03B,0.02,$0.03B,$0.03B,89.66%,$0.03B,$-0.03B,-96.55%,$0.03B,$-0.03B,-96.55%,$0.03B,$-0.03B,-86.21%,$0.03B,$-0.03B,-93.10%,$0.03B,$-0.03B,-93.10%,$-0.03B,$0.03B,-83.72%,$-0.03B,$0.02B,-103.85%,$-0.03B,$0.09B,-28.05%,$-0.03B,$0.03B,-46.09%,$5,$1,$4,$9,$3,$13,$-8,$-0,$-8,$0,$-8,$-8,$-8,$-7,$-8,$70,70,$-0.11,$-0.11,$63,$2,$0,$73,$8,$3,$6,$0,$18,$91,$49,$0,$1,$12,$61,$0,$-232,$0,$30,$91,$-17,$2,$5,$7,$-3,$0,$-0,$-0,$-4,$-14,$-2,$0,$0,$0,$10,$10,$0,$7,$-0,$0,$-0,$1,$1,$0,$0,$1,$-6,$5,$0
45,2007-06-30,3.85,$0.46,8.37,$0.43,8.88,$-0.81,0.0,$-0.40,0.0,$0.08B,$0.01B,5.4,$0.04B,$0.03B,1.18,$0.03B,$0.03B,89.66%,$0.03B,$-0.03B,-100.00%,$0.03B,$-0.03B,-100.00%,$0.03B,$-0.03B,-89.66%,$0.03B,$-0.03B,-96.55%,$0.03B,$-0.03B,-96.55%,$-0.03B,$0.03B,-78.32%,$-0.03B,$0.03B,-94.92%,$-0.03B,$0.10B,-28.64%,$-0.03B,$0.07B,-39.46%,$13,$1,$13,$10,$4,$14,$-1,$0,$-0,$0,$-0,$-0,$-0,$-0,$-1,$69,69,$-0.01,$-0.01,$62,$2,$0,$77,$8,$4,$6,$1,$19,$97,$14,$38,$1,$50,$65,$0,$-225,$-0,$32,$97,$-9,$1,$4,$5,$-10,$0,$0,$-1,$-10,$-15,$-1,$0,$0,$0,$6,$6,$0,$5,$-0,$0,$-0,$1,$1,$0,$0,$1,$-9,$4,$0
46,2007-03-31,4.16,$0.44,9.52,$0.34,12.42,$-0.80,0.0,$-0.53,0.0,$0.08B,$0.01B,5.54,$0.04B,$0.03B,1.25,$0.02B,$0.02B,81.82%,$0.02B,$-0.03B,-154.55%,$0.02B,$-0.03B,-154.55%,$0.02B,$-0.03B,-145.45%,$0.02B,$-0.04B,-168.18%,$0.02B,$-0.04B,-168.18%,$-0.04B,$0.03B,-91.36%,$-0.04B,$0.02B,-107.25%,$-0.04B,$0.10B,-37.37%,$-0.03B,$0.07B,-43.45%,$6,$1,$5,$10,$4,$15,$-9,$0,$-9,$0,$-9,$-9,$-9,$-8,$-9,$69,69,$-0.13,$-0.13,$68,$2,$0,$76,$7,$4,$7,$1,$19,$95,$14,$38,$0,$51,$65,$0,$-224,$-0,$30,$95,$-9,$1,$2,$2,$-3,$0,$0,$0,$-2,$-9,$-1,$0,$0,$0,$1,$1,$0,$1,$-0,$0,$-0,$0,$0,$0,$0,$0,$-8,$2,$0
47,2006-12-31,4.44,$0.54,8.3,$0.34,13.19,$-0.73,0.0,$-0.50,0.0,$0.08B,$0.01B,5.97,$0.04B,$0.04B,1.01,$0.02B,$0.02B,80.95%,$0.02B,$-0.03B,-147.62%,$0.02B,$-0.03B,-147.62%,$0.02B,$-0.03B,-138.10%,$0.02B,$-0.03B,-161.90%,$0.02B,$-0.03B,-161.90%,$-0.03B,$0.04B,-79.53%,$-0.03B,$0.03B,-93.15%,$-0.03B,$0.10B,-33.01%,$-0.03B,$0.07B,-36.26%,$5,$1,$4,$12,$3,$15,$-10,$0,$-10,$0,$-10,$-10,$-10,$-10,$-10,$66,66,$-0.15,$-0.15,$70,$2,$0,$76,$7,$12,$7,$1,$27,$102,$13,$37,$1,$53,$65,$0,$-215,$-0,$37,$102,$-33,$2,$5,$7,$2,$-0,$-1,$16,$17,$-9,$-2,$0,$0,$0,$-14,$-14,$0,$-17,$-0,$0,$-0,$2,$2,$0,$0,$2,$-24,$4,$0
