,Date,Stock Price,Book Value per Share,Price to Book Ratio,TTM Sales per Share,Price to Sales Ratio,TTM FCF per Share,Price to FCF Ratio,TTM Net EPS,PE Ratio,Current Assets,Current Liabilities,Current Ratio,Long Term Debt,Shareholder's Equity_x,Debt to Equity Ratio,TTM Revenue_x,TTM Gross Profit,Gross Margin,TTM Revenue_y,TTM Operating Income,Operating Margin,TTM Revenue_x,TTM EBIT,EBIT Margin,TTM Revenue_y,TTM EBITDA,EBITDA Margin,TTM Revenue_x,TTM Pre-Tax Income,Pre-Tax Margin,TTM Revenue_y,TTM Net Income_x,Net Margin,TTM Net Income_y,Shareholder's Equity_y,Return on Equity,TTM Net Income_x,Tangible Equity,Return on Tangible Equity,TTM Net Income_y,Total Assets,Return on Assets,TTM Net Income,LT Investments & Debt,Return on Investment,revenue,cost-goods-sold,gross-profit,research-development-expenses,selling-general-administrative-expenses,operating-expenses,operating-income,total-non-operating-income-expense,pre-tax-income,total-provision-income-taxes,income-after-taxes,income-from-continuous-operations,net-income,ebitda,ebit,basic-shares-outstanding,shares-outstanding,eps-basic-net-earnings-per-share,eps-earnings-per-share-diluted,cash-on-hand,inventory,other-current-assets,total-current-assets,net-property-plant-equipment,long-term-investments,goodwill-intangible-assets-total,other-long-term-assets,total-long-term-assets,total-assets,total-current-liabilities,long-term-debt,other-non-current-liabilities,total-long-term-liabilities,total-liabilities,common-stock-net,retained-earnings-accumulated-deficit,comprehensive-income,total-share-holder-equity,total-liabilities-share-holders-equity,net-income-loss,total-depreciation-amortization-cash-flow,other-non-cash-items,total-non-cash-items,change-in-accounts-receivable,change-in-inventories,change-in-accounts-payable,change-in-assets-liabilities,total-change-in-assets-liabilities,cash-flow-from-operating-activities,net-change-in-property-plant-equipment,net-change-in-intangible-assets,net-acquisitions-divestitures,net-change-in-short-term-investments,net-change-in-long-term-investments,net-change-in-investments-total,investing-activities-other,cash-flow-from-investing-activities,net-long-term-debt,net-current-debt,debt-issuance-retirement-net-total,net-common-equity-issued-repurchased,net-total-equity-issued-repurchased,total-common-preferred-stock-dividends-paid,financial-activities-other,cash-flow-from-financial-activities,net-cash-flow,stock-based-compensation,common-stock-dividends-paid
0,2018-09-30,6.1,$7.15,0.85,$2.72,2.24,$-20.65,0.0,$0.28,21.79,$0.49B,$0.05B,10.14,$0.39B,$0.67B,0.58,$0.18B,$0.08B,44.44%,$0.18B,$0.03B,17.22%,$0.18B,$0.03B,17.22%,$0.18B,$0.03B,17.22%,$0.18B,$0.02B,10.56%,$0.18B,$0.02B,12.22%,$0.02B,$0.67B,3.19%,$0.02B,$0.67B,3.19%,$0.02B,$1.11B,2.11%,$0.03B,$1.06B,3.14%,$50,$24,$26,$0,$7,$33,$16,$-5,$12,$0,$12,$12,$12,$16,$16,$97,97,$0.12,$0.12,$142,$0,$306,$488,$564,$39,$0,$16,$619,$1107,$48,$388,$0,$388,$436,$1,$-3350,$0,$671,$1107,$0,$0,$0,$0,$0,$0,$0,$0,$0,$24,$7,$0,$0,$-5,$0,$-5,$-1,$1,$157,$0,$157,$0,$-47,$-5,$-3,$102,$127,$0,$-5
1,2018-06-30,5.26,$6.93,0.76,$3.04,1.73,$-38.50,0.0,$-0.26,0.0,$0.19B,$0.04B,4.25,$0.40B,$0.68B,0.58,$0.16B,$0.06B,38.13%,$0.16B,$0.01B,5.00%,$0.16B,$0.01B,5.00%,$0.16B,$0.01B,5.00%,$0.16B,$-0.01B,-6.88%,$0.16B,$-0.01B,-5.00%,$-0.01B,$0.68B,-1.19%,$-0.01B,$0.68B,-1.19%,$-0.01B,$1.13B,-0.82%,$0.01B,$1.08B,0.90%,$43,$27,$17,$0,$8,$41,$2,$1,$4,$0,$4,$4,$4,$2,$2,$101,101,$0.04,$0.04,$125,$0,$26,$189,$887,$34,$0,$15,$936,$1125,$44,$397,$0,$397,$441,$1,$-3362,$0,$684,$1125,$0,$0,$0,$0,$0,$0,$0,$0,$0,$9,$-34,$0,$0,$0,$0,$0,$0,$-34,$166,$0,$166,$-23,$-23,$-5,$-3,$135,$110,$0,$-5
2,2018-03-31,3.64,$6.83,0.53,$41.48,0.09,$-1153.62,0.0,$-37.42,0.0,$0.13B,$0.03B,3.77,$0.27B,$0.69B,0.39,$0.13B,$0.04B,30.08%,$0.13B,$-0.01B,-5.26%,$0.13B,$-0.01B,-5.26%,$0.13B,$-0.01B,-5.26%,$0.13B,$-0.03B,-23.31%,$0.13B,$-0.03B,-21.05%,$-0.03B,$0.69B,-5.58%,$-0.03B,$0.69B,-5.58%,$-0.03B,$1.00B,-4.01%,$-0.01B,$0.96B,-1.13%,$44,$24,$20,$0,$7,$38,$6,$-5,$1,$0,$1,$1,$1,$6,$6,$77,77,$0.01,$0.01,$73,$0,$12,$129,$819,$34,$0,$15,$868,$998,$34,$270,$0,$270,$305,$1,$0,$-3363,$693,$998,$0,$0,$0,$0,$0,$0,$0,$0,$0,$-5,$-0,$0,$0,$0,$0,$0,$0,$-0,$78,$0,$78,$0,$-11,$-3,$-1,$63,$58,$0,$-3
3,2017-12-31,3.49,$6.74,0.52,$226.86,0.02,$-1963.12,0.0,$-206.38,0.0,$0.06B,$0.02B,2.66,$0.13B,$0.71B,0.19,$0.10B,$0.02B,20.79%,$0.10B,$-0.02B,-20.79%,$0.10B,$-0.02B,-20.79%,$0.10B,$-0.02B,-20.79%,$0.10B,$-0.04B,-42.57%,$0.10B,$-0.04B,-39.60%,$-0.04B,$0.71B,-12.18%,$-0.04B,$0.71B,-12.18%,$-0.04B,$0.94B,-8.90%,$-0.02B,$0.84B,-5.54%,$43,$26,$17,$0,$7,$36,$7,$-5,$2,$0,$2,$2,$5,$7,$7,$35,35,$205.10,$205.10,$15,$0,$12,$60,$781,$34,$0,$60,$875,$935,$23,$134,$72,$205,$228,$1,$-3360,$0,$707,$935,$-43,$20,$5,$25,$-17,$0,$3,$-7,$-21,$-38,$-690,$0,$0,$0,$0,$0,$-15,$-705,$0,$131,$131,$569,$569,$-10,$-9,$681,$-62,$2,$-10
4,2017-09-30,2.42,$8.95,0.27,$29847.65,0.0,$-1942.46,0.0,$-53251.45,0.0,$0.08B,$0.02B,4.01,$0.07B,$0.61B,0.11,$0.07B,$0.01B,9.59%,$0.07B,$-0.16B,-216.44%,$0.07B,$-0.16B,-216.44%,$0.07B,$-0.16B,-216.44%,$0.07B,$-0.12B,-167.12%,$0.07B,$-0.13B,-176.71%,$-0.13B,$0.61B,-78.54%,$-0.13B,$0.61B,-78.54%,$-0.13B,$0.86B,-48.82%,$-0.16B,$0.68B,-87.17%,$30,$23,$7,$0,$8,$37,$-7,$-11,$-18,$0,$-18,$-18,$-18,$-7,$-7,$36,36,$-0.42,$-0.42,$38,$0,$9,$83,$730,$34,$0,$16,$780,$863,$21,$67,$168,$235,$255,$1,$-3359,$0,$607,$863,$0,$0,$0,$0,$0,$0,$0,$0,$0,$-42,$-592,$0,$0,$0,$0,$0,$0,$-592,$58,$0,$58,$568,$568,$-8,$-9,$610,$-24,$0,$-8
5,2017-06-30,8.07,$0.00,0.0,$150706.83,0.0,$-1924.94,0.0,$-113582.82,0.0,$0.00B,$0.00B,0.0,$0.00B,$0.00B,0.0,$0.06B,$0.00B,1.82%,$0.06B,$-0.16B,-281.82%,$0.06B,$-0.16B,-281.82%,$0.06B,$-0.16B,-281.82%,$0.06B,$-0.11B,-198.18%,$0.06B,$-0.12B,-212.73%,$-0.12B,$0.00B,-742.86%,$-0.12B,$0.00B,-835.71%,$-0.12B,$0.00B,-110.38%,$-0.16B,$0.00B,-984.13%,$16,$20,$-4,$0,$7,$29,$-13,$-3,$-16,$0,$-16,$-16,$-16,$-13,$-13,$0,0,$-37.12,$-37.12,$0,$0,$0,$0,$0,$0,$0,$0,$0,$0,$0,$0,$0,$0,$0,$0,$0,$0,$0,$0,$0,$0,$0,$0,$0,$0,$0,$0,$0,$-35,$-435,$0,$0,$0,$0,$0,$0,$-435,$22,$0,$22,$504,$504,$-5,$-9,$512,$42,$0,$-5
6,2017-03-31,1425.3,$0.00,0.0,$150668.44,0.01,$-810.52,0.0,$-273305.90,0.0,$0.00B,$0.00B,0.0,$0.00B,$0.00B,0.0,$0.05B,$0.00B,7.69%,$0.05B,$-0.15B,-292.31%,$0.05B,$-0.15B,-292.31%,$0.05B,$-0.15B,-292.31%,$0.05B,$-0.11B,-203.85%,$0.05B,$-0.11B,-211.54%,$-0.11B,$0.00B,-666.67%,$-0.11B,$0.00B,-846.15%,$-0.11B,$0.00B,-66.47%,$-0.15B,$0.00B,-921.21%,$12,$10,$1,$0,$9,$20,$-8,$-3,$-11,$0,$-11,$-11,$-11,$-8,$-8,$0,0,$-168.69,$-168.69,$0,$0,$0,$0,$0,$0,$0,$0,$0,$0,$0,$0,$0,$0,$0,$0,$0,$0,$0,$0,$0,$0,$0,$0,$0,$0,$0,$0,$0,$-15,$-36,$0,$0,$0,$0,$0,$0,$-36,$-1,$0,$-1,$380,$380,$-3,$-4,$372,$321,$0,$-3
7,2016-12-31,25251.49,$10565.49,2.39,$150482.94,0.17,$-1.62,0.0,$690123.05,0.04,$0.10B,$0.03B,3.59,$0.00B,$0.05B,0.0,$0.05B,$-0.00B,-5.77%,$0.05B,$-0.16B,-305.77%,$0.05B,$-0.16B,-305.77%,$0.05B,$-0.16B,-305.77%,$0.05B,$-0.16B,-300.00%,$0.05B,$-0.21B,-396.15%,$-0.21B,$0.05B,-1128.77%,$-0.21B,$0.05B,-1584.62%,$-0.21B,$0.19B,-86.83%,$-0.16B,$0.05B,-871.23%,$15,$12,$3,$0,$14,$145,$-130,$52,$-77,$0,$-78,$-78,$-84,$-130,$-130,$0,0,$-395218.30,$-395218.30,$77,$0,$6,$98,$96,$0,$0,$0,$96,$194,$27,$0,$117,$117,$144,$0,$-3310,$0,$50,$194,$-199,$16,$141,$156,$13,$0,$1,$3,$17,$-25,$5,$0,$0,$0,$50,$50,$15,$70,$0,$-92,$-92,$124,$124,$0,$0,$32,$76,$4,$0
8,2016-09-30,46561.26,$11.50,4049.23,$358520.94,0.13,$6933.78,6.72,$-8537020.99,0.0,$0.13B,$0.22B,0.58,$0.00B,$0.01B,0.0,$0.06B,$-0.01B,-11.48%,$0.06B,$-0.22B,-362.30%,$0.06B,$-0.22B,-362.30%,$0.06B,$-0.22B,-362.30%,$0.06B,$-0.22B,-359.02%,$0.06B,$-0.65B,-1065.57%,$-0.65B,$0.01B,-1805.56%,$-0.65B,$0.01B,-2241.38%,$-0.65B,$0.23B,-211.21%,$-0.22B,$0.01B,-613.89%,$12,$11,$1,$0,$7,$16,$-4,$-2,$-5,$0,$-5,$-5,$-6,$-4,$-4,$0,0,$-60364.58,$-60364.58,$6,$0,$100,$127,$94,$0,$7,$2,$103,$230,$217,$0,$0,$0,$217,$0,$-3226,$0,$13,$230,$0,$0,$0,$0,$0,$0,$0,$0,$0,$-18,$-9,$0,$50,$0,$0,$0,$9,$51,$-42,$0,$-42,$0,$10,$0,$0,$-33,$0,$0,$0
9,2016-06-30,231163.93,$0.12,1924762.13,$745320.94,0.31,$7553.54,30.6,$-22925589.20,0.0,$0.13B,$0.23B,0.57,$0.00B,$0.00B,0.0,$0.10B,$-0.00B,-3.00%,$0.10B,$-1.04B,-1042.00%,$0.10B,$-1.04B,-1042.00%,$0.10B,$-1.04B,-1042.00%,$0.10B,$-1.06B,-1063.00%,$0.10B,$-1.46B,-1464.00%,$-1.46B,$0.00B,-768.50%,$-1.46B,$-0.00B,-790.28%,$-1.46B,$0.24B,-261.43%,$-1.04B,$0.00B,-546.98%,$13,$14,$-1,$0,$8,$24,$-10,$-3,$-13,$0,$-13,$-9,$-9,$-10,$-10,$27,27,$-0.34,$-0.34,$6,$0,$104,$133,$95,$0,$7,$3,$105,$238,$234,$0,$0,$0,$234,$0,$-3220,$0,$3,$238,$0,$0,$0,$0,$0,$0,$0,$0,$0,$-13,$-13,$0,$50,$0,$0,$0,$9,$46,$-38,$0,$-38,$0,$5,$0,$0,$-33,$0,$0,$0
10,2016-03-31,964893.85,$0.26,3704007.12,$745335.61,1.29,$7545.22,127.88,$-48256979.00,0.0,$0.13B,$0.28B,0.48,$0.00B,$0.01B,0.0,$0.49B,$0.24B,49.80%,$0.49B,$-1.02B,-207.76%,$0.49B,$-1.02B,-207.76%,$0.49B,$-1.02B,-207.76%,$0.49B,$-1.11B,-226.94%,$0.49B,$-2.90B,-591.02%,$-2.90B,$0.01B,-524.64%,$-2.90B,$0.00B,-527.99%,$-2.90B,$0.29B,-250.84%,$-1.02B,$0.01B,-184.42%,$12,$18,$-6,$0,$10,$27,$-15,$-46,$-61,$0,$-61,$-107,$-107,$-15,$-15,$27,27,$-4.01,$-4.01,$6,$0,$103,$134,$96,$46,$7,$5,$153,$287,$280,$0,$0,$0,$280,$0,$-3211,$0,$7,$287,$0,$0,$0,$0,$0,$0,$0,$0,$0,$-5,$-12,$0,$0,$0,$0,$0,$9,$-3,$8,$0,$8,$0,$-0,$0,$0,$8,$0,$0,$0
11,2015-12-31,1785053.63,$2059.89,866.58,$745353.67,2.39,$7528.60,237.1,$-50277476.00,0.0,$0.27B,$0.36B,0.76,$0.00B,$0.12B,0.0,$0.97B,$0.53B,54.95%,$0.97B,$-0.88B,-90.82%,$0.97B,$-0.88B,-90.82%,$0.97B,$-0.88B,-90.82%,$0.97B,$-1.07B,-110.72%,$0.97B,$-2.85B,-293.61%,$-2.85B,$0.12B,-176.84%,$-2.85B,$0.11B,-177.03%,$-2.85B,$0.48B,-75.46%,$-0.88B,$0.12B,-31.44%,$24,$25,$-1,$0,$15,$216,$-192,$52,$-140,$0,$-140,$-528,$-528,$-192,$-192,$0,0,$-35783650.00,$-35783650.00,$15,$0,$221,$269,$96,$91,$7,$12,$207,$476,$355,$0,$0,$0,$355,$0,$-3104,$0,$121,$476,$-2808,$257,$2752,$3010,$6,$0,$-36,$83,$14,$216,$168,$0,$-78,$-622,$0,$-622,$66,$-466,$0,$-290,$-290,$0,$0,$-21,$-5,$-316,$-566,$8,$-21
12,2015-09-30,1732703.01,$0.00,2887838345.67,$507693.67,3.41,$-8137.29,0.0,$-41467169.90,0.0,$0.77B,$0.61B,1.26,$0.00B,$0.63B,0.0,$1.54B,$0.88B,56.87%,$1.54B,$-0.55B,-35.62%,$1.54B,$-0.55B,-35.62%,$1.54B,$-0.55B,-35.62%,$1.54B,$-0.89B,-57.45%,$1.54B,$-2.34B,-151.81%,$-2.34B,$0.63B,-88.36%,$-2.34B,$0.63B,-88.36%,$-2.34B,$1.24B,-37.54%,$-0.55B,$0.63B,-11.15%,$51,$46,$5,$0,$15,$876,$-825,$-23,$-849,$0,$-849,$-820,$-820,$-825,$-825,$0,0,$-14477150.00,$-14477150.00,$112,$0,$621,$766,$0,$472,$0,$1,$473,$1239,$608,$0,$0,$0,$608,$7,$-2576,$0,$631,$1239,$0,$0,$0,$0,$0,$0,$0,$0,$0,$229,$45,$0,$0,$-622,$0,$-622,$75,$-501,$-162,$0,$-162,$0,$0,$-21,$-6,$-188,$-460,$0,$-21
13,2015-06-30,6171214.74,$2.05,3016676.32,$35.12,175703.57,$-8758.27,0.0,$-26548387.00,0.0,$0.68B,$1.17B,0.58,$0.00B,$1.45B,0.0,$2.10B,$1.22B,58.23%,$2.10B,$0.46B,21.86%,$2.10B,$0.46B,21.86%,$2.10B,$0.46B,21.86%,$2.10B,$0.04B,1.86%,$2.10B,$-1.51B,-71.98%,$-1.51B,$1.45B,-43.29%,$-1.51B,$1.45B,-43.31%,$-1.51B,$2.62B,-17.61%,$0.46B,$1.45B,6.68%,$403,$157,$246,$0,$32,$389,$14,$-76,$-62,$17,$-79,$-1418,$-1441,$14,$14,$27,27,$-54.17,$-54.17,$41,$0,$550,$676,$1416,$523,$0,$1,$1940,$2616,$1167,$0,$0,$0,$1167,$7,$-1756,$0,$1449,$2616,$0,$0,$0,$0,$0,$0,$0,$0,$0,$210,$-457,$0,$0,$-622,$0,$-622,$52,$-1026,$289,$0,$289,$0,$0,$-21,$-6,$262,$-555,$0,$-21
14,2015-03-31,7801269.46,$6.31,1236138.4,$21.24,367306.33,$-8750.27,0.0,$-1174707.70,0.0,$1.84B,$1.65B,1.11,$4.77B,$4.24B,1.12,$2.22B,$1.26B,56.67%,$2.22B,$0.58B,25.90%,$2.22B,$0.58B,25.90%,$2.22B,$0.58B,25.90%,$2.22B,$0.14B,6.26%,$2.22B,$-0.07B,-3.29%,$-0.07B,$4.24B,-1.78%,$-0.07B,$4.24B,-1.78%,$-0.07B,$10.77B,-0.69%,$0.58B,$9.01B,6.72%,$492,$209,$283,$0,$43,$371,$122,$-145,$-23,$20,$-43,$-43,$-59,$122,$122,$27,27,$-2.23,$-2.23,$577,$0,$668,$1838,$8815,$6,$0,$106,$8927,$10765,$1651,$4766,$20,$4872,$6524,$7,$-316,$-7,$4241,$10765,$0,$0,$0,$0,$0,$0,$0,$0,$0,$32,$-492,$0,$0,$0,$0,$0,$-58,$-549,$404,$0,$404,$0,$0,$-10,$-6,$387,$-130,$0,$-10
15,2014-12-31,10880717.94,$160.10,67964.09,$3.85,2825517.59,$-8733.89,0.0,$-1057236.60,0.0,$1.22B,$1.61B,0.76,$4.35B,$4.29B,1.01,$2.19B,$1.22B,56.02%,$2.19B,$0.54B,24.90%,$2.19B,$0.54B,24.90%,$2.19B,$0.54B,24.90%,$2.19B,$0.14B,6.22%,$2.19B,$-0.05B,-2.24%,$-0.05B,$4.29B,-1.22%,$-0.05B,$4.29B,-1.22%,$-0.05B,$10.36B,-0.46%,$0.54B,$8.64B,6.51%,$598,$254,$344,$0,$55,$460,$139,$-91,$47,$36,$11,$11,$-24,$139,$139,$0,0,$-1240706.00,$-1240706.00,$659,$0,$122,$1215,$9025,$0,$0,$119,$9144,$10359,$1610,$4353,$26,$4459,$6069,$0,$-257,$-7,$4290,$10359,$58,$556,$35,$591,$-71,$0,$-25,$-37,$-174,$475,$-807,$0,$0,$0,$0,$0,$51,$-755,$-700,$608,$-92,$422,$422,$-31,$-49,$251,$-29,$11,$-31
16,2014-09-30,25354125.76,$8.67,2924115.21,$31.93,794098.07,$-82.96,0.0,$-1292178.10,0.0,$1.23B,$2.06B,0.59,$4.36B,$3.95B,1.1,$2.02B,$1.12B,55.30%,$2.02B,$0.49B,24.18%,$2.02B,$0.49B,24.18%,$2.02B,$0.49B,24.18%,$2.02B,$0.09B,4.46%,$2.02B,$-0.05B,-2.43%,$-0.05B,$3.95B,-1.26%,$-0.05B,$3.95B,-1.26%,$-0.05B,$10.51B,-0.47%,$0.49B,$8.31B,6.01%,$602,$255,$347,$0,$48,$419,$183,$-106,$77,$18,$59,$59,$16,$183,$183,$413,413,$0.04,$0.04,$588,$0,$141,$1226,$9145,$0,$5,$130,$9280,$10506,$2063,$4357,$27,$4488,$6552,$5,$-233,$-6,$3954,$10506,$0,$0,$0,$0,$0,$0,$0,$0,$0,$266,$-769,$0,$0,$0,$0,$0,$53,$-716,$324,$0,$324,$89,$89,$-20,$-42,$351,$-98,$0,$-20
17,2014-06-30,33052746.94,$9.00,3673507.04,$31.53,1048315.73,$-83.45,0.0,$-3759063.00,0.0,$1.16B,$2.17B,0.54,$4.38B,$3.90B,1.12,$1.82B,$0.99B,54.59%,$1.82B,$0.38B,21.03%,$1.82B,$0.38B,21.03%,$1.82B,$0.38B,21.03%,$1.82B,$-0.05B,-2.69%,$1.82B,$-0.13B,-7.08%,$-0.13B,$3.90B,-3.34%,$-0.13B,$3.90B,-3.35%,$-0.13B,$10.62B,-1.26%,$0.38B,$8.28B,4.76%,$528,$243,$284,$0,$42,$397,$131,$-93,$38,$15,$23,$23,$-6,$131,$131,$413,413,$-0.01,$-0.01,$552,$0,$217,$1163,$9239,$0,$5,$213,$9458,$10621,$2167,$4377,$33,$4550,$6717,$5,$-249,$-6,$3904,$10621,$0,$0,$0,$0,$0,$0,$0,$0,$0,$198,$-728,$0,$0,$0,$0,$0,$-24,$-752,$343,$0,$343,$89,$89,$-10,$-4,$418,$-136,$0,$-10
18,2014-03-31,33155395.22,$8.96,3699264.2,$31.13,1065058.44,$-82.83,0.0,$-4228946.00,0.0,$1.41B,$2.36B,0.6,$4.28B,$3.89B,1.1,$1.63B,$0.88B,53.96%,$1.63B,$0.29B,17.86%,$1.63B,$0.29B,17.86%,$1.63B,$0.29B,17.86%,$1.63B,$-0.08B,-4.85%,$1.63B,$-0.14B,-8.66%,$-0.14B,$3.89B,-3.66%,$-0.14B,$3.88B,-3.66%,$-0.14B,$10.71B,-1.43%,$0.29B,$8.17B,3.74%,$457,$209,$249,$0,$49,$367,$91,$-117,$-26,$9,$-35,$-35,$-35,$91,$91,$410,410,$-0.08,$-0.08,$813,$0,$191,$1410,$9087,$0,$6,$211,$9303,$10713,$2359,$4278,$36,$4466,$6825,$5,$-244,$-6,$3889,$10713,$0,$0,$0,$0,$0,$0,$0,$0,$0,$35,$-405,$0,$0,$0,$0,$0,$-32,$-437,$440,$0,$440,$90,$90,$0,$-3,$527,$126,$0,$0
19,2013-12-31,48244692.74,$8.86,5447499.83,$30.85,1563911.12,$-82.11,0.0,$-6813302.10,0.0,$1.18B,$2.17B,0.55,$3.91B,$3.83B,1.02,$1.49B,$0.78B,52.21%,$1.49B,$0.16B,10.39%,$1.49B,$0.16B,10.39%,$1.49B,$0.16B,10.39%,$1.49B,$-0.15B,-10.32%,$1.49B,$-0.22B,-14.95%,$-0.22B,$3.83B,-5.79%,$-0.22B,$3.83B,-5.80%,$-0.22B,$10.12B,-2.37%,$0.16B,$7.74B,2.06%,$431,$195,$236,$0,$59,$348,$83,$-82,$1,$9,$-8,$-8,$-24,$83,$83,$15,15,$-14.01,$-14.01,$689,$0,$134,$1184,$8756,$0,$0,$183,$8939,$10124,$2172,$3908,$60,$4120,$6292,$4,$-209,$-6,$3832,$10124,$-198,$461,$-34,$427,$-148,$0,$6,$104,$17,$246,$-1468,$0,$0,$-0,$0,$-0,$234,$-1234,$1179,$0,$1179,$23,$23,$0,$39,$1242,$253,$11,$0
20,2013-09-30,36337491.98,$9.44,3847558.0,$3.52,10336409.68,$-2.34,0.0,$-10102482.70,0.0,$1.07B,$1.46B,0.73,$4.15B,$3.81B,1.09,$1.34B,$0.62B,46.13%,$1.34B,$-0.01B,-0.82%,$1.34B,$-0.01B,-0.82%,$1.34B,$-0.01B,-0.82%,$1.34B,$-0.30B,-22.17%,$1.34B,$-0.33B,-24.48%,$-0.33B,$3.81B,-8.52%,$-0.33B,$3.81B,-8.54%,$-0.33B,$9.58B,-3.62%,$-0.01B,$7.97B,-0.15%,$405,$180,$225,$0,$54,$327,$78,$-141,$-62,$11,$-73,$-73,$-64,$78,$78,$383,383,$-0.17,$-0.17,$654,$0,$121,$1069,$8352,$0,$7,$150,$8508,$9577,$1463,$4153,$60,$4301,$5764,$4,$-185,$-6,$3813,$9577,$0,$0,$0,$0,$0,$0,$0,$0,$0,$53,$-707,$0,$0,$-1,$0,$-1,$-49,$-756,$825,$0,$825,$0,$0,$0,$42,$867,$164,$0,$0
21,2013-06-30,19195228.81,$9.61,1996529.01,$3.36,5710110.9,$-0.44,0.0,$-9632600.70,0.0,$0.80B,$1.47B,0.54,$3.38B,$3.88B,0.87,$1.28B,$0.55B,42.87%,$1.28B,$-0.05B,-4.05%,$1.28B,$-0.05B,-4.05%,$1.28B,$-0.05B,-4.05%,$1.28B,$-0.28B,-21.82%,$1.28B,$-0.32B,-24.63%,$-0.32B,$3.88B,-8.08%,$-0.32B,$3.88B,-8.09%,$-0.32B,$8.90B,-3.53%,$-0.05B,$7.26B,-0.70%,$336,$167,$169,$0,$37,$297,$39,$-31,$8,$10,$-2,$-2,$-18,$39,$39,$383,383,$-0.05,$-0.05,$380,$0,$139,$795,$7832,$0,$7,$271,$8109,$8904,$1474,$3383,$65,$3548,$5022,$4,$-121,$-6,$3882,$8904,$0,$0,$0,$0,$0,$0,$0,$0,$0,$4,$-259,$0,$0,$0,$0,$0,$7,$-252,$28,$0,$28,$0,$0,$0,$104,$132,$-116,$0,$0
22,2013-03-31,20940249.62,$9.61,2177986.33,$3.37,6217873.33,$0.31,66603847.38,$-9632600.70,0.0,$0.94B,$1.72B,0.55,$3.26B,$3.88B,0.84,$1.28B,$0.54B,42.40%,$1.28B,$-0.04B,-3.20%,$1.28B,$-0.04B,-3.20%,$1.28B,$-0.04B,-3.20%,$1.28B,$-0.30B,-23.07%,$1.28B,$-0.32B,-24.63%,$-0.32B,$3.88B,-7.99%,$-0.32B,$3.88B,-8.00%,$-0.32B,$9.04B,-3.54%,$-0.04B,$7.14B,-0.54%,$320,$170,$149,$0,$68,$365,$-45,$-56,$-101,$14,$-115,$-115,$-117,$-45,$-45,$383,383,$-0.30,$-0.30,$564,$0,$117,$937,$7777,$0,$7,$319,$8104,$9041,$1719,$3255,$81,$3440,$5159,$4,$-103,$-6,$3882,$9041,$0,$0,$0,$0,$0,$0,$0,$0,$0,$106,$-174,$0,$0,$0,$0,$0,$-20,$-194,$27,$0,$27,$0,$0,$0,$104,$130,$43,$0,$0
23,2012-12-31,16423725.19,$9.35,1756848.79,$3.18,5159359.06,$0.52,31390912.06,$-7518127.70,0.0,$0.90B,$1.57B,0.57,$3.29B,$3.87B,0.85,$1.21B,$0.53B,43.88%,$1.21B,$0.02B,1.32%,$1.21B,$0.02B,1.32%,$1.21B,$0.02B,1.32%,$1.21B,$-0.24B,-20.17%,$1.21B,$-0.25B,-20.33%,$-0.25B,$3.87B,-6.22%,$-0.25B,$3.86B,-6.23%,$-0.25B,$8.88B,-2.79%,$0.02B,$7.15B,0.21%,$283,$206,$77,$0,$81,$366,$-83,$-60,$-143,$11,$-154,$-154,$-130,$-83,$-83,$380,380,$-0.35,$-0.35,$565,$0,$123,$904,$7708,$0,$8,$259,$7975,$8878,$1574,$3285,$80,$3437,$5010,$4,$14,$-9,$3868,$8878,$-289,$438,$4,$442,$-48,$0,$38,$36,$84,$238,$-159,$0,$0,$19,$0,$19,$-250,$-390,$98,$0,$98,$0,$0,$0,$145,$243,$91,$13,$0
24,2012-09-30,24019698.09,$9.71,2472535.99,$3.36,7141712.85,$1.41,16993065.5,$-3759064.20,0.0,$0.96B,$0.76B,1.27,$4.08B,$4.02B,1.02,$1.26B,$0.66B,52.35%,$1.26B,$0.15B,12.11%,$1.26B,$0.15B,12.11%,$1.26B,$0.15B,12.11%,$1.26B,$-0.09B,-7.09%,$1.26B,$-0.12B,-9.88%,$-0.12B,$4.02B,-3.12%,$-0.12B,$4.01B,-3.13%,$-0.12B,$9.01B,-1.42%,$0.15B,$8.10B,1.95%,$344,$189,$155,$0,$35,$307,$37,$-81,$-44,$11,$-55,$-55,$-51,$37,$37,$380,380,$-0.13,$-0.13,$661,$0,$107,$964,$7599,$0,$8,$437,$8045,$9009,$761,$4079,$95,$4228,$4989,$4,$144,$-9,$4020,$9009,$0,$0,$0,$0,$0,$0,$0,$0,$0,$214,$-139,$0,$0,$19,$0,$19,$-57,$-177,$179,$0,$179,$0,$0,$0,$151,$330,$367,$0,$0
25,2012-06-30,22479973.85,$9.80,2293594.03,$3.35,6703772.46,$2.27,9902635.94,$-1409649.10,0.0,$0.78B,$0.91B,0.86,$3.70B,$4.06B,0.91,$1.23B,$0.71B,57.85%,$1.23B,$0.22B,18.14%,$1.23B,$0.22B,18.14%,$1.23B,$0.22B,18.14%,$1.23B,$-0.00B,-0.08%,$1.23B,$-0.05B,-3.91%,$-0.05B,$4.06B,-1.21%,$-0.05B,$4.05B,-1.21%,$-0.05B,$8.79B,-0.55%,$0.22B,$7.75B,2.88%,$336,$173,$163,$0,$37,$286,$50,$-58,$-8,$12,$-20,$-20,$-18,$50,$50,$380,380,$-0.05,$-0.05,$434,$0,$160,$777,$7563,$0,$8,$446,$8017,$8794,$905,$3695,$79,$3834,$4739,$4,$195,$-20,$4055,$8794,$0,$0,$0,$0,$0,$0,$0,$0,$0,$126,$-92,$0,$0,$19,$0,$19,$-20,$-94,$-86,$0,$-86,$0,$0,$0,$169,$83,$115,$0,$0
26,2012-03-31,35721602.28,$9.17,3894041.72,$3.11,11497884.08,$2.65,13499717.43,$-4698830.40,0.0,$0.56B,$0.86B,0.65,$3.75B,$3.89B,0.96,$1.12B,$0.68B,61.06%,$1.12B,$0.13B,11.28%,$1.12B,$0.13B,11.28%,$1.12B,$0.13B,11.28%,$1.12B,$-0.11B,-9.58%,$1.12B,$-0.14B,-12.89%,$-0.14B,$3.89B,-3.69%,$-0.14B,$3.88B,-3.69%,$-0.14B,$8.61B,-1.71%,$0.13B,$7.63B,1.67%,$247,$112,$136,$0,$34,$235,$12,$-62,$-49,$10,$-59,$-59,$-47,$12,$12,$380,380,$-0.12,$-0.12,$220,$0,$172,$556,$7533,$0,$9,$508,$8049,$8605,$855,$3745,$90,$3862,$4718,$4,$213,$-25,$3887,$8605,$0,$0,$0,$0,$0,$0,$0,$0,$0,$2,$10,$0,$0,$-6,$0,$-6,$-23,$-20,$-76,$0,$-76,$0,$0,$0,$-4,$-80,$-98,$0,$0
27,2011-12-31,20529656.49,$9.29,2208796.22,$3.07,6685094.58,$2.56,8010635.43,$-2466886.30,0.0,$0.57B,$0.76B,0.75,$3.81B,$3.94B,0.97,$1.08B,$0.68B,63.51%,$1.08B,$0.17B,15.69%,$1.08B,$0.17B,15.69%,$1.08B,$0.17B,15.69%,$1.08B,$-0.02B,-1.86%,$1.08B,$-0.07B,-6.87%,$-0.07B,$3.94B,-1.89%,$-0.07B,$3.93B,-1.89%,$-0.07B,$8.62B,-0.92%,$0.17B,$7.75B,2.37%,$328,$125,$203,$0,$41,$275,$53,$-41,$12,$10,$2,$2,$-8,$53,$53,$355,355,$-0.02,$-0.02,$324,$0,$80,$570,$7572,$0,$9,$470,$8052,$8622,$756,$3813,$102,$3927,$4683,$4,$261,$-29,$3939,$8622,$-47,$354,$145,$499,$-120,$0,$25,$-53,$-102,$349,$41,$0,$-59,$-17,$0,$-17,$-1788,$-1822,$1677,$-300,$1377,$0,$0,$0,$-45,$1333,$-140,$27,$0
28,2011-09-30,24019698.09,$9.70,2476895.91,$2.85,8417606.08,$3.09,7770850.24,$1174706.20,20.45,$0.71B,$0.67B,1.06,$3.91B,$0.00B,0.0,$0.97B,$0.64B,66.11%,$0.97B,$0.19B,20.00%,$0.97B,$0.19B,20.00%,$0.97B,$0.19B,20.00%,$0.97B,$0.07B,7.67%,$0.97B,$0.02B,1.66%,$0.02B,$3.96B,0.41%,$0.02B,$3.96B,0.41%,$0.02B,$8.69B,0.21%,$0.19B,$7.87B,2.89%,$318,$109,$209,$0,$28,$210,$108,$-64,$44,$8,$36,$36,$25,$108,$108,$356,356,$0.07,$0.07,$510,$0,$113,$708,$7513,$0,$0,$465,$7979,$8687,$669,$3914,$144,$4058,$4727,$0,$0,$0,$3960,$8687,$0,$0,$0,$0,$0,$0,$0,$0,$0,$292,$83,$0,$-26,$0,$0,$0,$-1711,$-1654,$1404,$0,$1404,$0,$0,$0,$-35,$1369,$7,$0,$0
29,2011-06-30,41524727.12,$9.61,4320631.7,$2.84,14637165.05,$3.46,12003447.74,$2466884.10,16.83,$0.71B,$0.73B,0.98,$3.16B,$3.84B,0.82,$0.87B,$0.60B,69.19%,$0.87B,$0.19B,22.11%,$0.87B,$0.19B,22.11%,$0.87B,$0.19B,22.11%,$0.87B,$0.09B,10.42%,$0.87B,$0.05B,5.61%,$0.05B,$3.84B,1.34%,$0.05B,$3.84B,1.34%,$0.05B,$7.87B,0.70%,$0.19B,$6.99B,3.38%,$224,$90,$134,$0,$27,$271,$-47,$-67,$-114,$4,$-118,$-118,$-114,$-47,$-47,$351,351,$-0.33,$-0.33,$480,$0,$147,$712,$6721,$0,$0,$434,$7156,$7867,$728,$3158,$145,$3303,$4031,$0,$0,$0,$3836,$7867,$0,$0,$0,$0,$0,$0,$0,$0,$0,$137,$25,$0,$0,$0,$0,$0,$-1019,$-994,$869,$0,$869,$0,$0,$0,$-37,$832,$-24,$0,$0
30,2011-03-31,49056658.53,$10.14,4835693.37,$3.08,15938218.54,$3.92,12499785.59,$6578360.60,7.46,$0.66B,$0.91B,0.72,$1.99B,$3.95B,0.51,$0.87B,$0.64B,73.42%,$0.87B,$0.35B,39.52%,$0.87B,$0.35B,39.52%,$0.87B,$0.35B,39.52%,$0.87B,$0.23B,26.58%,$0.87B,$0.18B,20.85%,$0.18B,$3.95B,5.31%,$0.18B,$3.94B,5.31%,$0.18B,$7.00B,2.80%,$0.35B,$5.94B,6.95%,$207,$69,$138,$0,$27,$152,$55,$-17,$38,$6,$32,$32,$23,$55,$55,$337,337,$0.07,$0.07,$434,$0,$137,$655,$5937,$0,$10,$393,$6339,$6995,$910,$1992,$147,$2139,$3049,$4,$359,$-36,$3945,$6995,$0,$0,$0,$0,$0,$0,$0,$0,$0,$102,$-119,$0,$0,$0,$0,$0,$-152,$-271,$-2,$-90,$-92,$0,$0,$0,$-1,$-93,$-262,$0,$0
31,2010-12-31,54408294.01,$10.55,5157526.47,$3.22,16872597.42,$4.43,12277347.69,$5873536.20,9.26,$1.07B,$0.94B,1.14,$1.99B,$3.90B,0.51,$0.86B,$0.64B,74.65%,$0.86B,$0.37B,42.44%,$0.86B,$0.37B,42.44%,$0.86B,$0.37B,42.44%,$0.86B,$0.21B,24.65%,$0.86B,$0.17B,20.00%,$0.17B,$3.90B,5.46%,$0.17B,$3.89B,5.47%,$0.17B,$6.98B,2.77%,$0.37B,$5.89B,8.26%,$216,$59,$157,$0,$27,$139,$77,$28,$106,$6,$100,$100,$82,$77,$77,$269,305,$0.32,$0.29,$970,$0,$49,$1065,$5240,$0,$11,$669,$5919,$6984,$935,$1988,$161,$2150,$3085,$4,$335,$-39,$3900,$6984,$190,$213,$29,$242,$48,$0,$-10,$-8,$44,$477,$20,$0,$0,$0,$0,$0,$-1700,$-1681,$28,$52,$80,$342,$342,$0,$481,$902,$-302,$24,$0
32,2010-09-30,47669197.48,$9.64,4944629.74,$3.46,13791516.63,$4.13,11551408.51,$2349414.50,20.29,$0.98B,$1.78B,0.55,$1.05B,$0.00B,0.0,$0.84B,$0.63B,74.88%,$0.84B,$0.32B,38.45%,$0.84B,$0.32B,38.45%,$0.84B,$0.32B,38.45%,$0.84B,$0.13B,15.00%,$0.84B,$0.10B,11.79%,$0.10B,$2.99B,3.44%,$0.10B,$2.99B,3.45%,$0.10B,$6.04B,1.68%,$0.32B,$4.04B,8.28%,$226,$51,$175,$0,$18,$117,$108,$-48,$61,$3,$58,$58,$58,$108,$108,$257,257,$0.21,$0.21,$864,$0,$70,$977,$4970,$0,$0,$91,$5061,$6038,$1781,$1047,$218,$1265,$3046,$0,$0,$0,$2992,$6038,$0,$0,$0,$0,$0,$0,$0,$0,$0,$342,$23,$0,$0,$0,$0,$0,$-744,$-720,$-10,$0,$-10,$63,$63,$0,$-0,$52,$-326,$0,$0
33,2010-06-30,35380256.76,$9.78,3619093.37,$3.45,10241466.03,$3.43,10313440.24,$1644590.50,21.51,$0.99B,$1.82B,0.54,$1.10B,$0.00B,0.0,$0.84B,$0.62B,73.68%,$0.84B,$0.31B,36.48%,$0.84B,$0.31B,36.48%,$0.84B,$0.31B,36.48%,$0.84B,$0.10B,12.08%,$0.84B,$0.07B,8.61%,$0.07B,$2.88B,2.57%,$0.07B,$2.88B,2.58%,$0.07B,$5.98B,1.25%,$0.31B,$3.98B,8.18%,$224,$53,$171,$0,$17,$119,$105,$-79,$27,$7,$19,$19,$19,$105,$105,$255,255,$0.07,$0.07,$864,$0,$74,$990,$4920,$0,$0,$73,$4993,$5983,$1822,$1095,$183,$1279,$3101,$0,$0,$0,$2882,$5983,$0,$0,$0,$0,$0,$0,$0,$0,$0,$199,$39,$0,$0,$0,$0,$0,$-628,$-589,$92,$0,$92,$0,$0,$0,$-1,$91,$-299,$0,$0
34,2010-03-31,57876946.63,$9.91,5841612.75,$3.54,16372148.66,$3.02,19168995.01,$4228947.00,13.69,$0.92B,$1.89B,0.49,$0.96B,$2.82B,0.34,$0.82B,$0.59B,72.44%,$0.82B,$0.23B,28.54%,$0.82B,$0.23B,28.54%,$0.82B,$0.23B,28.54%,$0.82B,$0.14B,16.46%,$0.82B,$0.11B,12.80%,$0.11B,$2.82B,3.82%,$0.11B,$2.81B,3.84%,$0.11B,$5.80B,1.87%,$0.23B,$3.78B,6.52%,$194,$55,$139,$0,$27,$119,$75,$-57,$18,$5,$13,$13,$13,$75,$75,$255,255,$0.04,$0.04,$792,$3,$52,$918,$4824,$0,$12,$45,$4882,$5800,$1891,$958,$129,$1087,$2978,$3,$150,$-32,$2822,$5800,$0,$0,$0,$0,$0,$0,$0,$0,$0,$117,$-1,$0,$-294,$0,$0,$0,$-77,$-373,$-73,$0,$-73,$0,$0,$0,$-1,$-74,$-329,$0,$0
35,2009-12-31,57678737.91,$10.03,5748845.11,$4.55,12681439.16,$3.01,19172562.79,$-6813303.70,0.0,$1.18B,$1.90B,0.62,$0.99B,$2.81B,0.35,$0.82B,$0.59B,71.83%,$0.82B,$0.06B,7.20%,$0.82B,$0.06B,7.20%,$0.82B,$0.06B,7.20%,$0.82B,$0.00B,0.12%,$0.82B,$-0.03B,-3.29%,$-0.03B,$2.81B,-1.10%,$-0.03B,$2.80B,-1.11%,$-0.03B,$5.81B,-0.50%,$0.06B,$3.80B,1.80%,$196,$53,$144,$0,$102,$162,$35,$-15,$20,$3,$17,$17,$9,$35,$35,$209,209,$0.61,$0.61,$1044,$0,$42,$1181,$4571,$0,$13,$43,$4626,$5807,$1896,$986,$112,$1098,$2994,$3,$161,$-33,$2813,$5807,$-12,$196,$144,$340,$-14,$0,$1,$-35,$-34,$294,$-18,$0,$0,$0,$0,$0,$-153,$-170,$-426,$-205,$-631,$951,$951,$0,$-54,$266,$390,$38,$0
36,2009-09-30,65706191.12,$10.49,6261787.74,$8.50,7734319.42,$5.97,11009566.05,$-223076933.00,0.0,$0.77B,$1.90B,0.41,$0.70B,$2.67B,0.26,$0.84B,$0.59B,70.43%,$0.84B,$-0.77B,-91.21%,$0.84B,$-0.77B,-91.21%,$0.84B,$-0.77B,-91.21%,$0.84B,$-1.04B,-122.92%,$0.84B,$-1.05B,-125.06%,$-1.05B,$2.67B,-50.78%,$-1.05B,$2.66B,-51.12%,$-1.05B,$5.41B,-20.45%,$-0.77B,$3.36B,-26.98%,$222,$60,$162,$0,$23,$133,$90,$-54,$36,$4,$33,$33,$31,$90,$90,$254,254,$0.11,$0.11,$669,$3,$20,$773,$4568,$0,$13,$50,$4631,$5405,$1900,$695,$142,$837,$2737,$3,$154,$-33,$2668,$5405,$0,$0,$0,$0,$0,$0,$0,$0,$0,$192,$-8,$0,$0,$0,$0,$0,$-115,$-123,$-949,$-31,$-980,$951,$951,$0,$-52,$-81,$-12,$0,$0
37,2009-06-30,57282320.47,$10.54,5433827.28,$15.30,3744354.99,$10.60,5403686.63,$-175031402.00,0.0,$0.89B,$1.98B,0.45,$0.73B,$2.68B,0.27,$0.95B,$0.69B,72.68%,$0.95B,$-0.61B,-64.66%,$0.95B,$-0.61B,-64.66%,$0.95B,$-0.61B,-64.66%,$0.95B,$-0.89B,-93.88%,$0.95B,$-0.90B,-95.36%,$-0.90B,$2.68B,-46.57%,$-0.90B,$2.67B,-51.44%,$-0.90B,$5.50B,-17.74%,$-0.61B,$3.41B,-19.57%,$208,$58,$149,$0,$22,$174,$34,$27,$61,$3,$58,$58,$52,$34,$34,$216,216,$0.24,$0.24,$811,$3,$19,$892,$4545,$0,$13,$52,$4610,$5502,$1975,$728,$120,$848,$2823,$3,$118,$-19,$2679,$5502,$0,$0,$0,$0,$0,$0,$0,$0,$0,$96,$16,$0,$0,$0,$0,$0,$-25,$-9,$-864,$0,$-864,$951,$951,$0,$-2,$85,$173,$0,$0
38,2009-03-31,50444119.58,$10.76,4686068.31,$21.51,2345020.16,$13.59,3712019.63,$-94446490.00,0.0,$0.83B,$2.11B,0.39,$0.88B,$1.66B,0.53,$1.04B,$0.80B,76.32%,$1.04B,$-0.31B,-29.63%,$1.04B,$-0.31B,-29.63%,$1.04B,$-0.28B,-26.46%,$1.04B,$-0.63B,-60.02%,$1.04B,$-0.66B,-62.90%,$-0.66B,$1.66B,-37.30%,$-0.66B,$1.64B,-46.71%,$-0.66B,$4.85B,-13.21%,$-0.31B,$2.54B,-9.54%,$194,$59,$134,$0,$203,$293,$-100,$-16,$-116,$3,$-119,$-119,$-119,$-100,$-100,$109,109,$-1.09,$-1.09,$722,$4,$22,$829,$3954,$0,$14,$53,$4020,$4849,$2111,$880,$202,$1082,$3193,$2,$66,$-41,$1656,$4849,$0,$0,$0,$0,$0,$0,$0,$0,$0,$6,$43,$0,$0,$0,$0,$0,$-192,$-149,$-313,$0,$-313,$370,$370,$0,$-1,$56,$-88,$0,$0
39,2008-12-31,100000000.0,$18.29,5466213.34,$25.81,3874653.53,$16.98,5889836.5,$-29367700.00,0.0,$0.72B,$2.53B,0.29,$0.79B,$1.29B,0.61,$1.08B,$0.86B,79.74%,$1.08B,$-0.02B,-1.39%,$1.08B,$-0.02B,-1.39%,$1.08B,$0.04B,3.61%,$1.08B,$-0.34B,-30.99%,$1.08B,$-0.36B,-33.40%,$-0.36B,$1.29B,-20.86%,$-0.36B,$1.28B,-26.16%,$-0.36B,$4.84B,-8.04%,$-0.02B,$2.08B,-0.46%,$218,$70,$148,$0,$196,$1010,$-792,$-224,$-1016,$1,$-1017,$-1017,$-1017,$-792,$-792,$45,45,$-23.77,$-23.77,$624,$3,$22,$720,$4063,$0,$14,$45,$4122,$4843,$2525,$788,$238,$1026,$3551,$1,$187,$-45,$1292,$4843,$-344,$840,$37,$877,$-3,$0,$-0,$-0,$8,$540,$-349,$0,$-991,$0,$0,$0,$-770,$-2111,$1530,$-362,$1167,$663,$663,$-33,$-34,$1763,$192,$32,$-33
40,2008-09-30,100000000.0,$49.09,2037049.86,$27.46,3641597.87,$11.58,8632149.58,$250095180.00,0.4,$0.46B,$0.64B,0.72,$2.37B,$0.00B,0.0,$1.10B,$0.92B,83.94%,$1.10B,$0.99B,90.24%,$1.10B,$0.99B,90.24%,$1.10B,$1.06B,96.90%,$1.10B,$0.88B,79.93%,$1.10B,$0.85B,77.55%,$0.85B,$2.14B,51.12%,$0.85B,$1.45B,64.59%,$0.85B,$5.19B,21.99%,$0.99B,$4.50B,30.20%,$328,$70,$258,$0,$28,$83,$245,$-65,$181,$1,$180,$180,$180,$245,$245,$43,43,$4.13,$4.13,$356,$0,$37,$456,$3923,$0,$693,$119,$4735,$5191,$637,$2366,$51,$2416,$3053,$0,$0,$0,$2138,$5191,$0,$0,$0,$0,$0,$0,$0,$0,$0,$582,$-353,$0,$-962,$0,$0,$0,$-362,$-1676,$1195,$-30,$1165,$454,$454,$-25,$-283,$1312,$218,$0,$-25
41,2008-06-30,100000000.0,$44.74,2235231.27,$24.01,4165138.26,$7.12,14048495.41,$234941460.00,0.43,$0.46B,$1.08B,0.42,$1.89B,$0.00B,0.0,$0.92B,$0.79B,85.73%,$0.92B,$0.86B,94.12%,$0.92B,$0.86B,94.12%,$0.92B,$0.94B,102.07%,$0.92B,$0.80B,87.15%,$0.92B,$0.78B,84.42%,$0.78B,$1.95B,59.43%,$0.78B,$1.25B,68.55%,$0.78B,$4.98B,26.20%,$0.86B,$3.84B,34.53%,$303,$47,$256,$0,$20,$-35,$338,$-13,$325,$1,$324,$317,$300,$371,$338,$42,42,$6.95,$6.95,$302,$0,$77,$456,$3701,$0,$694,$129,$4524,$4980,$1081,$1891,$39,$1951,$3032,$0,$0,$0,$1948,$4980,$493,$53,$-147,$-94,$-33,$1,$7,$2,$-29,$370,$-222,$0,$-934,$0,$0,$0,$-322,$-1478,$893,$-30,$863,$454,$454,$-16,$-11,$1291,$183,$12,$-16
42,2008-03-31,100000000.0,$37.24,2685118.8,$20.01,4998175.59,$3.61,27687792.45,$188070650.00,0.53,$0.67B,$0.23B,2.96,$1.14B,$0.00B,0.0,$0.73B,$0.62B,85.30%,$0.73B,$0.65B,88.87%,$0.73B,$0.65B,88.87%,$0.73B,$0.69B,94.37%,$0.73B,$0.59B,80.49%,$0.73B,$0.59B,80.49%,$0.59B,$1.54B,60.40%,$0.59B,$1.54B,60.40%,$0.59B,$2.95B,28.21%,$0.65B,$2.69B,34.46%,$232,$32,$200,$0,$6,$38,$194,$-19,$175,$0,$175,$176,$176,$215,$194,$38,38,$4.58,$4.58,$631,$0,$35,$666,$1831,$407,$0,$42,$2280,$2946,$225,$1144,$33,$1178,$1403,$0,$0,$0,$1543,$2946,$176,$21,$-19,$1,$-1,$1,$1,$-1,$-13,$165,$-18,$0,$0,$0,$0,$0,$-70,$-89,$123,$-30,$93,$353,$353,$-7,$-1,$437,$513,$0,$-7
43,2007-12-31,100000000.0,$27.85,3590084.19,$16.38,6106455.89,$-0.22,0.0,$155883670.00,0.64,$0.15B,$0.24B,0.64,$1.05B,$1.02B,1.03,$0.58B,$0.49B,83.70%,$0.58B,$0.53B,91.25%,$0.58B,$0.53B,91.25%,$0.58B,$0.55B,94.51%,$0.58B,$0.48B,82.16%,$0.58B,$0.48B,81.99%,$0.48B,$1.02B,67.13%,$0.48B,$1.02B,67.13%,$0.48B,$2.34B,29.13%,$0.53B,$2.07B,36.25%,$233,$28,$206,$0,$3,$22,$212,$-17,$195,$0,$195,$194,$194,$231,$212,$36,36,$5.40,$5.40,$118,$4,$7,$153,$1763,$406,$0,$23,$2191,$2344,$239,$1049,$35,$1083,$1323,$0,$567,$0,$1022,$2344,$478,$71,$-137,$-66,$-13,$-1,$-4,$1,$-4,$408,$-448,$0,$-406,$0,$0,$0,$-102,$-956,$559,$5,$564,$127,$127,$-28,$-6,$656,$109,$0,$-28
44,2007-09-30,100000000.0,$19.80,5050607.08,$12.28,8140416.89,$-4.09,0.0,$104783910.00,0.95,$0.08B,$0.15B,0.57,$0.71B,$0.70B,1.01,$0.43B,$0.34B,78.09%,$0.43B,$0.36B,84.85%,$0.43B,$0.36B,84.85%,$0.43B,$0.36B,84.85%,$0.43B,$0.32B,73.89%,$0.43B,$0.32B,73.89%,$0.32B,$0.70B,55.69%,$0.32B,$0.70B,55.69%,$0.32B,$1.56B,23.54%,$0.36B,$1.41B,30.10%,$150,$25,$125,$0,$5,$30,$120,$-15,$105,$0,$105,$105,$105,$120,$120,$35,35,$2.97,$2.97,$55,$3,$5,$83,$1452,$0,$0,$23,$1477,$1561,$147,$709,$3,$711,$858,$0,$375,$0,$703,$1561,$284,$52,$-108,$-56,$-6,$-0,$-3,$-3,$-8,$219,$-188,$0,$0,$0,$0,$0,$-98,$-286,$131,$5,$136,$0,$0,$-21,$-3,$112,$45,$0,$-21
45,2007-06-30,100000000.0,$17.28,5786400.8,$9.86,10139929.03,$-4.98,0.0,$67193269.00,1.49,$0.07B,$0.11B,0.6,$0.73B,$0.61B,1.19,$0.34B,$0.25B,74.93%,$0.34B,$0.26B,76.70%,$0.34B,$0.26B,76.70%,$0.34B,$0.26B,76.70%,$0.34B,$0.22B,63.72%,$0.34B,$0.22B,63.72%,$0.22B,$0.61B,43.57%,$0.22B,$0.61B,43.57%,$0.22B,$1.46B,17.51%,$0.26B,$1.34B,23.79%,$113,$23,$90,$0,$4,$-9,$121,$-11,$111,$0,$111,$111,$111,$121,$121,$35,35,$3.12,$3.12,$40,$3,$6,$67,$1361,$0,$0,$24,$1389,$1457,$112,$728,$4,$731,$843,$0,$286,$0,$613,$1457,$0,$0,$0,$0,$0,$0,$0,$0,$0,$0,$0,$0,$0,$0,$0,$0,$0,$0,$0,$0,$0,$0,$0,$0,$0,$0,$0,$0,$0
46,2007-03-31,100000000.0,$0.00,0.0,$8.49,11785358.76,$-4.98,0.0,$35358699.00,2.83,$0.06B,$0.15B,0.42,$0.54B,$0.51B,1.05,$0.28B,$0.20B,72.60%,$0.28B,$0.15B,53.38%,$0.28B,$0.15B,53.38%,$0.28B,$0.15B,53.38%,$0.28B,$0.10B,37.01%,$0.28B,$0.10B,37.01%,$0.10B,$0.51B,24.13%,$0.10B,$0.51B,24.13%,$0.10B,$1.20B,9.31%,$0.15B,$1.05B,15.42%,$87,$20,$67,$0,$4,$8,$79,$-11,$68,$0,$68,$68,$68,$79,$79,$35,35,$1.91,$1.91,$13,$3,$35,$64,$1110,$0,$0,$23,$1137,$1201,$153,$537,$1,$538,$691,$0,$182,$0,$510,$1201,$0,$0,$0,$0,$0,$0,$0,$0,$0,$0,$0,$0,$0,$0,$0,$0,$0,$0,$0,$0,$0,$0,$0,$0,$0,$0,$0,$0,$0
47,2006-12-31,100000000.0,$12.70,7871040.87,$7.85,12739714.49,$-4.98,0.0,$20439914.00,4.89,$0.03B,$0.13B,0.2,$0.59B,$0.45B,1.3,$0.25B,$0.18B,71.08%,$0.25B,$0.10B,38.15%,$0.25B,$0.10B,38.15%,$0.25B,$0.10B,38.15%,$0.25B,$0.05B,21.69%,$0.25B,$0.05B,21.69%,$0.05B,$0.45B,13.65%,$0.05B,$0.45B,13.65%,$0.05B,$1.17B,5.18%,$0.10B,$1.04B,10.52%,$79,$26,$53,$0,$4,$35,$44,$-10,$33,$0,$33,$33,$33,$44,$44,$32,32,$1.00,$1.00,$9,$3,$1,$26,$1112,$0,$0,$24,$1142,$1168,$129,$587,$1,$588,$717,$0,$123,$0,$451,$1168,$54,$59,$-7,$52,$-1,$-1,$-3,$-1,$-7,$99,$-260,$0,$0,$0,$0,$0,$-27,$-288,$133,$25,$158,$56,$56,$-22,$-7,$186,$-3,$0,$-22
