,Date,Stock Price,Book Value per Share,Price to Book Ratio,TTM Sales per Share,Price to Sales Ratio,TTM FCF per Share,Price to FCF Ratio,TTM Net EPS,PE Ratio,Current Assets,Current Liabilities,Current Ratio,Long Term Debt,Shareholder's Equity_x,Debt to Equity Ratio,TTM Revenue_x,TTM Gross Profit,Gross Margin,TTM Revenue_y,TTM Operating Income,Operating Margin,TTM Revenue_x,TTM EBIT,EBIT Margin,TTM Revenue_y,TTM EBITDA,EBITDA Margin,TTM Revenue_x,TTM Pre-Tax Income,Pre-Tax Margin,TTM Revenue_y,TTM Net Income_x,Net Margin,TTM Net Income_y,Shareholder's Equity_y,Return on Equity,TTM Net Income_x,Tangible Equity,Return on Tangible Equity,TTM Net Income_y,Total Assets,Return on Assets,TTM Net Income,LT Investments & Debt,Return on Investment,revenue,cost-goods-sold,gross-profit,research-development-expenses,selling-general-administrative-expenses,operating-expenses,operating-income,total-non-operating-income-expense,pre-tax-income,total-provision-income-taxes,income-after-taxes,income-from-continuous-operations,net-income,ebitda,ebit,basic-shares-outstanding,shares-outstanding,eps-basic-net-earnings-per-share,eps-earnings-per-share-diluted,cash-on-hand,inventory,other-current-assets,total-current-assets,net-property-plant-equipment,long-term-investments,goodwill-intangible-assets-total,other-long-term-assets,total-long-term-assets,total-assets,total-current-liabilities,long-term-debt,other-non-current-liabilities,total-long-term-liabilities,total-liabilities,common-stock-net,retained-earnings-accumulated-deficit,comprehensive-income,total-share-holder-equity,total-liabilities-share-holders-equity,net-income-loss,total-depreciation-amortization-cash-flow,other-non-cash-items,total-non-cash-items,change-in-accounts-receivable,change-in-inventories,change-in-accounts-payable,change-in-assets-liabilities,total-change-in-assets-liabilities,cash-flow-from-operating-activities,net-change-in-property-plant-equipment,net-change-in-intangible-assets,net-acquisitions-divestitures,net-change-in-short-term-investments,net-change-in-long-term-investments,net-change-in-investments-total,investing-activities-other,cash-flow-from-investing-activities,net-long-term-debt,net-current-debt,debt-issuance-retirement-net-total,net-common-equity-issued-repurchased,net-total-equity-issued-repurchased,total-common-preferred-stock-dividends-paid,financial-activities-other,cash-flow-from-financial-activities,net-cash-flow,stock-based-compensation,common-stock-dividends-paid
0,2018-07-31,31.9,$6.71,4.76,$3.35,9.52,$2.18,14.64,$0.37,86.22,$0.08B,$0.07B,1.1,$0.06B,$0.52B,0.11,$0.26B,$0.19B,72.31%,$0.26B,$0.04B,14.23%,$0.26B,$0.04B,14.23%,$0.26B,$0.08B,30.00%,$0.26B,$0.04B,13.85%,$0.26B,$0.03B,10.77%,$0.03B,$0.52B,5.59%,$0.03B,$-0.05B,-68.71%,$0.03B,$0.67B,4.37%,$0.04B,$0.57B,6.71%,$67,$18,$49,$12,$16,$57,$10,$-0,$10,$1,$8,$8,$8,$21,$10,$77,78,$0.11,$0.11,$34,$0,$0,$78,$13,$0,$562,$10,$588,$666,$71,$59,$8,$80,$151,$275,$-189,$-24,$515,$666,$15,$21,$2,$24,$-1,$0,$2,$-1,$-2,$37,$-2,$0,$-58,$0,$0,$0,$0,$-60,$23,$0,$23,$0,$0,$0,$0,$23,$-1,$2,$0
1,2018-04-30,29.55,$6.64,4.45,$3.24,9.13,$2.14,13.79,$0.35,84.43,$0.08B,$0.07B,1.09,$0.05B,$0.51B,0.1,$0.25B,$0.18B,72.40%,$0.25B,$0.04B,14.40%,$0.25B,$0.04B,14.40%,$0.25B,$0.08B,30.00%,$0.25B,$0.04B,14.00%,$0.25B,$0.03B,10.80%,$0.03B,$0.51B,5.55%,$0.03B,$-0.04B,-121.35%,$0.03B,$0.66B,4.37%,$0.04B,$0.56B,6.76%,$67,$19,$48,$12,$16,$57,$10,$-0,$9,$2,$7,$7,$7,$20,$10,$77,78,$0.09,$0.09,$36,$0,$0,$79,$13,$0,$550,$9,$577,$655,$72,$51,$9,$73,$145,$275,$-197,$-20,$510,$655,$7,$10,$1,$11,$-2,$0,$4,$-2,$0,$19,$-1,$0,$-32,$0,$0,$0,$0,$-33,$16,$0,$16,$0,$0,$0,$0,$16,$1,$1,$0
2,2018-01-31,28.35,$6.50,4.36,$3.08,9.19,$2.12,13.39,$0.35,81.0,$0.08B,$0.07B,1.11,$0.04B,$0.50B,0.07,$0.24B,$0.17B,72.69%,$0.24B,$0.04B,14.71%,$0.24B,$0.04B,14.71%,$0.24B,$0.07B,30.67%,$0.24B,$0.04B,14.71%,$0.24B,$0.03B,11.34%,$0.03B,$0.50B,5.76%,$0.03B,$-0.03B,-1080.00%,$0.03B,$0.63B,4.64%,$0.04B,$0.54B,6.98%,$64,$17,$46,$11,$16,$55,$9,$-0,$9,$2,$7,$7,$7,$19,$9,$76,77,$0.09,$0.09,$35,$0,$0,$75,$13,$0,$528,$4,$550,$625,$68,$37,$9,$58,$126,$275,$-212,$-15,$499,$625,$27,$38,$3,$41,$-2,$0,$1,$-1,$4,$72,$-5,$0,$-112,$0,$0,$0,$0,$-117,$37,$0,$37,$1,$1,$0,$0,$38,$-3,$3,$0
3,2017-10-31,29.05,$6.27,4.63,$2.95,9.85,$2.13,13.62,$0.34,85.44,$0.07B,$0.06B,1.13,$0.06B,$0.48B,0.11,$0.23B,$0.17B,72.69%,$0.23B,$0.03B,14.98%,$0.23B,$0.03B,14.98%,$0.23B,$0.07B,31.28%,$0.23B,$0.03B,14.98%,$0.23B,$0.03B,11.45%,$0.03B,$0.48B,5.76%,$0.03B,$-0.05B,253.66%,$0.03B,$0.62B,4.72%,$0.03B,$0.54B,7.15%,$62,$17,$45,$11,$16,$54,$8,$-0,$8,$2,$6,$6,$6,$18,$8,$77,77,$0.08,$0.08,$33,$0,$0,$71,$12,$0,$529,$1,$548,$619,$63,$55,$8,$75,$137,$275,$-218,$-25,$481,$619,$20,$27,$3,$30,$1,$-0,$1,$-2,$2,$53,$-4,$0,$-112,$0,$0,$0,$0,$-116,$55,$0,$55,$1,$1,$0,$0,$56,$-5,$2,$0
4,2017-07-31,25.1,$6.01,4.18,$2.82,8.9,$2.15,11.7,$0.34,73.82,$0.13B,$0.06B,2.18,$0.04B,$0.46B,0.09,$0.22B,$0.16B,72.81%,$0.22B,$0.03B,15.67%,$0.22B,$0.03B,15.67%,$0.22B,$0.07B,31.80%,$0.22B,$0.03B,15.67%,$0.22B,$0.03B,11.98%,$0.03B,$0.46B,5.95%,$0.03B,$0.03B,64.60%,$0.03B,$0.57B,5.02%,$0.03B,$0.50B,7.59%,$57,$15,$42,$10,$14,$48,$9,$-0,$9,$2,$7,$7,$7,$18,$9,$76,77,$0.09,$0.09,$88,$0,$0,$125,$13,$0,$428,$1,$448,$573,$57,$40,$8,$59,$117,$254,$-224,$-22,$457,$573,$14,$17,$2,$19,$-1,$-0,$2,$-2,$1,$34,$-2,$0,$-26,$0,$0,$0,$0,$-27,$40,$0,$40,$0,$0,$0,$0,$40,$49,$1,$0
5,2017-04-30,23.15,$5.77,4.01,$2.74,8.46,$2.12,10.94,$0.33,70.15,$0.09B,$0.05B,1.7,$0.00B,$0.44B,0.0,$0.21B,$0.15B,72.51%,$0.21B,$0.03B,15.17%,$0.21B,$0.03B,15.17%,$0.21B,$0.07B,31.75%,$0.21B,$0.03B,15.64%,$0.21B,$0.03B,11.85%,$0.03B,$0.44B,5.84%,$0.03B,$0.04B,50.25%,$0.03B,$0.51B,5.05%,$0.03B,$0.44B,7.43%,$55,$14,$40,$9,$13,$45,$9,$-0,$9,$2,$7,$7,$7,$18,$9,$76,77,$0.09,$0.09,$54,$0,$0,$91,$10,$0,$400,$1,$419,$510,$54,$0,$7,$18,$71,$254,$-232,$-33,$438,$510,$7,$9,$1,$10,$-2,$-0,$1,$-0,$-0,$16,$-1,$0,$0,$0,$0,$0,$0,$-1,$0,$0,$0,$0,$0,$0,$0,$0,$16,$1,$0
6,2017-01-31,21.85,$5.68,3.85,$2.66,8.2,$2.10,10.39,$0.32,68.28,$0.07B,$0.05B,1.35,$0.00B,$0.43B,0.0,$0.21B,$0.15B,72.20%,$0.21B,$0.03B,15.12%,$0.21B,$0.03B,15.12%,$0.21B,$0.06B,31.22%,$0.21B,$0.03B,15.61%,$0.21B,$0.02B,11.71%,$0.02B,$0.43B,5.67%,$0.02B,$0.02B,44.65%,$0.02B,$0.50B,4.90%,$0.03B,$0.43B,7.23%,$53,$15,$38,$9,$12,$45,$8,$-0,$8,$2,$6,$6,$6,$17,$8,$76,77,$0.07,$0.07,$38,$0,$0,$73,$10,$0,$409,$2,$428,$501,$54,$0,$6,$16,$70,$253,$-238,$-33,$431,$501,$24,$34,$5,$39,$3,$0,$-0,$6,$10,$73,$-5,$0,$-71,$6,$0,$6,$0,$-70,$1,$0,$1,$0,$0,$0,$-1,$-0,$1,$2,$0
7,2016-10-31,20.8,$5.56,3.74,$2.60,7.99,$1.87,11.11,$0.31,67.1,$0.11B,$0.05B,2.38,$0.00B,$0.42B,0.01,$0.20B,$0.14B,72.00%,$0.20B,$0.03B,15.00%,$0.20B,$0.03B,15.00%,$0.20B,$0.06B,31.00%,$0.20B,$0.03B,15.50%,$0.20B,$0.02B,11.50%,$0.02B,$0.42B,5.53%,$0.02B,$0.07B,37.70%,$0.02B,$0.49B,4.81%,$0.03B,$0.43B,7.11%,$52,$14,$38,$9,$12,$44,$8,$-0,$8,$2,$6,$6,$6,$16,$8,$76,77,$0.08,$0.08,$78,$0,$0,$109,$10,$0,$349,$2,$376,$486,$46,$3,$5,$18,$64,$253,$-245,$-35,$422,$486,$18,$25,$3,$28,$2,$0,$1,$4,$8,$53,$-4,$0,$-16,$6,$0,$6,$0,$-14,$4,$0,$4,$-0,$-0,$0,$-1,$3,$41,$1,$0
8,2016-07-31,20.2,$5.53,3.65,$2.55,7.92,$1.68,12.0,$0.30,67.33,$0.10B,$0.04B,2.43,$0.01B,$0.42B,0.02,$0.20B,$0.14B,71.79%,$0.20B,$0.03B,14.87%,$0.20B,$0.03B,14.87%,$0.20B,$0.06B,31.28%,$0.20B,$0.03B,15.38%,$0.20B,$0.02B,11.28%,$0.02B,$0.42B,5.34%,$0.02B,$0.07B,36.36%,$0.02B,$0.48B,4.68%,$0.03B,$0.43B,6.96%,$51,$14,$37,$9,$12,$43,$7,$1,$8,$2,$6,$6,$6,$16,$7,$76,76,$0.08,$0.08,$70,$0,$0,$103,$11,$0,$353,$2,$381,$484,$42,$8,$4,$22,$64,$253,$-250,$-30,$420,$484,$12,$16,$2,$18,$2,$-0,$-1,$1,$3,$33,$-3,$0,$-11,$6,$0,$6,$0,$-8,$8,$0,$8,$0,$0,$0,$-1,$7,$32,$1,$0
9,2016-04-30,18.43,$5.56,3.32,$2.48,7.43,$1.59,11.59,$0.29,63.55,$0.09B,$0.04B,2.18,$0.01B,$0.42B,0.03,$0.19B,$0.14B,71.43%,$0.19B,$0.03B,15.34%,$0.19B,$0.03B,15.34%,$0.19B,$0.06B,31.22%,$0.19B,$0.03B,15.34%,$0.19B,$0.02B,11.11%,$0.02B,$0.42B,5.16%,$0.02B,$0.05B,35.74%,$0.02B,$0.49B,4.55%,$0.03B,$0.43B,7.07%,$49,$14,$35,$9,$11,$41,$8,$0,$8,$2,$6,$6,$6,$15,$8,$76,76,$0.08,$0.08,$59,$0,$0,$94,$10,$0,$367,$1,$395,$489,$43,$11,$4,$25,$68,$252,$-256,$-22,$421,$489,$6,$8,$1,$9,$-1,$-0,$0,$0,$1,$16,$-1,$0,$-10,$3,$0,$3,$0,$-9,$10,$0,$10,$-0,$-0,$0,$0,$10,$18,$0,$0
10,2016-01-31,17.8,$5.31,3.35,$2.42,7.35,$1.54,11.55,$0.27,65.93,$0.08B,$0.04B,1.87,$0.00B,$0.40B,0.0,$0.18B,$0.13B,71.20%,$0.18B,$0.03B,15.22%,$0.18B,$0.03B,15.22%,$0.18B,$0.06B,31.52%,$0.18B,$0.03B,15.22%,$0.18B,$0.02B,10.87%,$0.02B,$0.40B,5.24%,$0.02B,$0.05B,27.30%,$0.02B,$0.45B,4.66%,$0.03B,$0.40B,7.33%,$48,$14,$34,$8,$11,$41,$7,$-0,$7,$1,$5,$5,$5,$15,$7,$76,76,$0.07,$0.07,$42,$0,$0,$75,$9,$0,$351,$0,$378,$453,$40,$0,$4,$11,$51,$252,$-262,$-35,$402,$453,$21,$30,$7,$37,$1,$0,$-0,$-2,$-3,$54,$-4,$0,$-121,$-5,$0,$-5,$0,$-130,$0,$0,$0,$0,$0,$0,$-3,$-2,$-81,$2,$0
11,2015-10-31,17.49,$5.34,3.27,$2.37,7.37,$1.50,11.65,$0.25,69.96,$0.10B,$0.04B,2.71,$0.00B,$0.41B,0.0,$0.18B,$0.13B,70.56%,$0.18B,$0.03B,13.89%,$0.18B,$0.03B,13.89%,$0.18B,$0.05B,30.00%,$0.18B,$0.03B,14.44%,$0.18B,$0.02B,10.56%,$0.02B,$0.41B,5.02%,$0.02B,$0.07B,20.54%,$0.02B,$0.45B,4.45%,$0.03B,$0.41B,6.60%,$47,$13,$34,$8,$11,$40,$7,$-0,$7,$2,$5,$5,$5,$15,$7,$76,76,$0.07,$0.07,$57,$0,$0,$101,$9,$0,$334,$0,$353,$454,$37,$0,$4,$11,$49,$252,$-268,$-26,$405,$454,$15,$21,$6,$27,$1,$0,$0,$-4,$-4,$38,$-3,$0,$-91,$-4,$0,$-4,$0,$-99,$0,$0,$0,$0,$0,$0,$-3,$-2,$-65,$1,$0
12,2015-07-31,16.87,$0.00,0.0,$2.32,7.28,$1.50,11.24,$0.23,73.35,$0.09B,$0.04B,2.29,$0.00B,$0.40B,0.0,$0.18B,$0.12B,69.32%,$0.18B,$0.02B,13.64%,$0.18B,$0.02B,13.64%,$0.18B,$0.05B,29.55%,$0.18B,$0.03B,14.20%,$0.18B,$0.02B,10.23%,$0.02B,$0.40B,4.77%,$0.02B,$0.06B,15.45%,$0.02B,$0.45B,4.23%,$0.02B,$0.40B,6.36%,$45,$13,$32,$7,$11,$38,$7,$-0,$7,$2,$5,$5,$5,$14,$7,$75,76,$0.07,$0.07,$47,$0,$15,$90,$0,$0,$341,$0,$352,$451,$39,$0,$3,$11,$50,$248,$-273,$0,$401,$451,$10,$13,$4,$18,$2,$0,$-1,$-2,$-3,$25,$-2,$0,$-91,$0,$0,$0,$0,$-94,$0,$0,$0,$0,$0,$0,$0,$0,$-71,$1,$0
13,2015-04-30,15.0,$0.00,0.0,$2.35,6.38,$1.55,9.71,$0.21,71.43,$0.14B,$0.03B,4.26,$0.00B,$0.32B,0.0,$0.17B,$0.12B,68.39%,$0.17B,$0.02B,13.22%,$0.17B,$0.02B,13.22%,$0.17B,$0.05B,28.74%,$0.17B,$0.02B,13.22%,$0.17B,$0.02B,9.77%,$0.02B,$0.32B,4.50%,$0.02B,$0.11B,12.04%,$0.02B,$0.36B,3.98%,$0.02B,$0.32B,6.09%,$44,$13,$31,$7,$10,$37,$7,$-0,$7,$2,$5,$5,$5,$14,$7,$75,76,$0.06,$0.06,$103,$0,$11,$136,$0,$0,$207,$0,$218,$360,$32,$0,$2,$9,$41,$198,$-222,$0,$319,$360,$5,$7,$2,$9,$-0,$0,$-1,$1,$-2,$12,$-1,$0,$0,$0,$0,$0,$0,$-1,$0,$0,$0,$0,$0,$0,$0,$0,$10,$0,$0
14,2015-01-31,15.32,$5.17,2.96,$2.40,6.39,$1.52,10.05,$0.21,72.95,$0.16B,$0.04B,3.92,$0.00B,$0.39B,0.0,$0.17B,$0.12B,67.84%,$0.17B,$0.02B,13.45%,$0.17B,$0.02B,13.45%,$0.17B,$0.05B,28.07%,$0.17B,$0.02B,12.87%,$0.17B,$0.02B,9.36%,$0.02B,$0.39B,4.41%,$0.02B,$0.13B,12.83%,$0.02B,$0.44B,3.77%,$0.02B,$0.39B,6.22%,$44,$14,$30,$7,$13,$41,$4,$1,$5,$1,$4,$4,$4,$11,$4,$75,76,$0.05,$0.05,$118,$0,$0,$157,$8,$0,$263,$0,$287,$444,$40,$0,$3,$14,$54,$248,$-283,$-25,$390,$444,$15,$25,$6,$25,$9,$1,$-3,$-3,$0,$49,$-3,$0,$-82,$0,$0,$0,$0,$-85,$-43,$-63,$0,$141,$141,$0,$19,$97,$55,$2,$0
15,2014-10-31,13.87,$0.00,0.0,$2.44,5.68,$1.53,9.05,$0.20,69.35,$0.19B,$0.04B,5.51,$0.00B,$0.40B,0.0,$0.17B,$0.11B,68.26%,$0.17B,$0.02B,11.98%,$0.17B,$0.02B,11.98%,$0.17B,$0.04B,26.35%,$0.17B,$0.02B,10.78%,$0.17B,$0.02B,8.98%,$0.02B,$0.40B,4.58%,$0.02B,$0.17B,14.46%,$0.02B,$0.45B,3.75%,$0.02B,$0.40B,5.83%,$43,$14,$29,$7,$10,$37,$6,$-0,$6,$2,$4,$4,$4,$13,$6,$75,76,$0.06,$0.05,$150,$1,$17,$193,$0,$0,$232,$0,$246,$448,$35,$0,$4,$14,$49,$247,$-286,$0,$399,$448,$11,$18,$5,$23,$6,$0,$-0,$-3,$2,$36,$-2,$0,$-41,$0,$0,$0,$0,$-43,$-43,$0,$-43,$141,$141,$0,$-1,$96,$88,$1,$0
16,2014-07-31,13.5,$0.00,0.0,$2.48,5.45,$1.52,8.86,$0.18,75.0,$0.19B,$0.04B,5.0,$0.00B,$0.40B,0.0,$0.16B,$0.11B,68.10%,$0.16B,$0.02B,11.66%,$0.16B,$0.02B,11.66%,$0.16B,$0.04B,25.77%,$0.16B,$0.02B,9.82%,$0.16B,$0.01B,7.98%,$0.01B,$0.40B,4.50%,$0.01B,$0.16B,16.77%,$0.01B,$0.46B,3.56%,$0.02B,$0.40B,6.17%,$43,$14,$29,$7,$10,$36,$6,$-1,$5,$2,$4,$4,$4,$12,$6,$68,69,$0.05,$0.05,$141,$1,$17,$185,$0,$0,$245,$0,$262,$456,$37,$0,$4,$16,$53,$247,$-291,$0,$403,$456,$7,$11,$0,$11,$0,$0,$0,$0,$0,$24,$-1,$0,$-41,$0,$0,$0,$0,$-42,$0,$-63,$0,$0,$-0,$0,$161,$97,$79,$0,$0
17,2014-04-30,13.56,$0.00,0.0,$2.45,5.53,$1.49,9.08,$0.16,84.75,$0.11B,$0.04B,2.51,$0.03B,$0.26B,0.12,$0.16B,$0.11B,67.72%,$0.16B,$0.02B,10.76%,$0.16B,$0.02B,10.76%,$0.16B,$0.04B,24.68%,$0.16B,$0.01B,8.86%,$0.16B,$0.01B,6.96%,$0.01B,$0.26B,4.44%,$0.01B,$0.05B,21.46%,$0.01B,$0.35B,3.36%,$0.02B,$0.29B,6.28%,$41,$13,$28,$7,$10,$34,$7,$-1,$6,$2,$4,$4,$4,$12,$7,$64,65,$0.06,$0.06,$62,$1,$18,$111,$0,$0,$212,$0,$230,$350,$44,$30,$5,$47,$92,$98,$-294,$0,$258,$350,$4,$5,$0,$5,$0,$0,$0,$0,$-2,$8,$-1,$0,$-7,$0,$0,$0,$0,$-7,$0,$-2,$0,$0,$0,$0,$0,$-2,$-0,$0,$0
18,2014-01-31,14.38,$0.00,0.0,$2.35,6.11,$1.51,9.5,$0.14,102.71,$0.11B,$0.04B,2.49,$0.03B,$0.25B,0.13,$0.15B,$0.10B,67.55%,$0.15B,$0.02B,9.93%,$0.15B,$0.02B,9.93%,$0.15B,$0.04B,24.50%,$0.15B,$0.01B,8.61%,$0.15B,$0.01B,6.62%,$0.01B,$0.25B,4.12%,$0.01B,$0.04B,16.53%,$0.01B,$0.34B,3.19%,$0.02B,$0.28B,5.74%,$40,$13,$28,$7,$15,$39,$1,$0,$1,$-2,$3,$3,$3,$7,$1,$63,65,$0.05,$0.04,$63,$1,$17,$110,$0,$0,$206,$0,$225,$344,$44,$32,$4,$50,$94,$98,$-298,$0,$250,$344,$10,$21,$5,$21,$6,$-1,$0,$1,$7,$43,$-2,$0,$-59,$0,$0,$0,$0,$-61,$43,$0,$46,$4,$2,$0,$-4,$44,$25,$3,$0
19,2013-10-31,12.38,$0.00,0.0,$2.26,5.48,$1.31,9.44,$0.22,56.27,$0.10B,$0.04B,2.76,$0.01B,$0.25B,0.06,$0.15B,$0.10B,66.90%,$0.15B,$0.02B,13.79%,$0.15B,$0.02B,13.79%,$0.15B,$0.04B,28.28%,$0.15B,$0.02B,11.03%,$0.15B,$0.02B,10.34%,$0.02B,$0.25B,6.26%,$0.02B,$0.06B,21.82%,$0.02B,$0.31B,5.07%,$0.02B,$0.26B,7.99%,$39,$13,$26,$7,$9,$33,$5,$-1,$4,$2,$2,$2,$2,$11,$5,$63,64,$0.03,$0.03,$49,$1,$17,$97,$0,$0,$183,$0,$203,$309,$35,$13,$5,$29,$64,$93,$-301,$0,$245,$309,$7,$16,$0,$16,$0,$0,$0,$0,$2,$30,$-2,$0,$-32,$0,$0,$0,$0,$-34,$0,$20,$-4,$0,$-1,$0,$0,$15,$12,$0,$0
20,2013-07-31,11.27,$0.00,0.0,$2.17,5.2,$1.08,10.4,$0.24,46.96,$0.09B,$0.04B,2.48,$0.02B,$0.24B,0.06,$0.14B,$0.09B,66.91%,$0.14B,$0.02B,14.39%,$0.14B,$0.02B,14.39%,$0.14B,$0.04B,28.06%,$0.14B,$0.02B,12.23%,$0.14B,$0.02B,11.51%,$0.02B,$0.24B,6.82%,$0.02B,$0.05B,21.55%,$0.02B,$0.31B,5.61%,$0.02B,$0.25B,8.26%,$38,$13,$25,$7,$11,$35,$4,$-0,$3,$1,$2,$2,$2,$9,$4,$63,64,$0.03,$0.03,$41,$1,$17,$89,$0,$0,$186,$0,$208,$307,$36,$15,$5,$32,$68,$93,$-303,$0,$239,$307,$5,$10,$0,$10,$0,$0,$0,$0,$3,$21,$-1,$0,$-32,$0,$0,$0,$0,$-33,$0,$0,$17,$0,$0,$0,$-1,$16,$3,$0,$0
21,2013-04-30,9.95,$0.00,0.0,$2.05,4.85,$0.92,10.81,$0.25,39.8,$0.11B,$0.03B,3.53,$0.02B,$0.24B,0.07,$0.13B,$0.09B,66.67%,$0.13B,$0.02B,15.15%,$0.13B,$0.02B,15.15%,$0.13B,$0.04B,28.79%,$0.13B,$0.02B,13.64%,$0.13B,$0.02B,12.12%,$0.02B,$0.24B,6.96%,$0.02B,$0.08B,20.00%,$0.02B,$0.29B,5.87%,$0.02B,$0.25B,8.57%,$34,$11,$23,$6,$9,$29,$5,$-0,$5,$2,$3,$3,$3,$10,$5,$63,64,$0.04,$0.04,$65,$1,$18,$108,$0,$0,$153,$0,$175,$293,$31,$16,$4,$26,$56,$93,$-306,$0,$237,$293,$3,$5,$0,$5,$0,$0,$0,$0,$0,$10,$-1,$0,$0,$0,$0,$0,$0,$-1,$0,$0,$19,$0,$0,$0,$-1,$18,$27,$0,$0
22,2013-01-31,9.41,$0.00,0.0,$1.99,4.74,$0.83,11.27,$0.25,37.64,$0.08B,$0.03B,2.88,$0.00B,$0.24B,0.0,$0.13B,$0.08B,65.63%,$0.13B,$0.02B,14.84%,$0.13B,$0.02B,14.84%,$0.13B,$0.04B,28.13%,$0.13B,$0.02B,13.28%,$0.13B,$0.02B,12.50%,$0.02B,$0.24B,7.07%,$0.02B,$0.08B,18.39%,$0.02B,$0.28B,6.03%,$0.02B,$0.24B,8.40%,$34,$11,$23,$6,$7,$27,$6,$-2,$4,$-4,$8,$8,$8,$11,$6,$63,64,$0.12,$0.12,$38,$1,$16,$81,$0,$0,$160,$0,$184,$275,$28,$0,$4,$10,$38,$92,$-309,$0,$237,$275,$16,$17,$0,$17,$0,$0,$0,$0,$-3,$30,$-3,$0,$-54,$0,$0,$0,$-1,$-58,$0,$0,$0,$0,$-1,$0,$-0,$-1,$-28,$0,$0
23,2012-10-31,8.6,$0.00,0.0,$1.92,4.47,$0.72,12.01,$0.20,43.0,$0.08B,$0.02B,3.44,$0.00B,$0.23B,0.0,$0.12B,$0.08B,64.52%,$0.12B,$0.02B,13.71%,$0.12B,$0.02B,13.71%,$0.12B,$0.03B,26.61%,$0.12B,$0.02B,12.90%,$0.12B,$0.01B,10.48%,$0.01B,$0.23B,5.86%,$0.01B,$0.08B,13.87%,$0.01B,$0.27B,4.97%,$0.02B,$0.23B,7.67%,$33,$10,$22,$5,$8,$28,$5,$-0,$5,$2,$3,$3,$3,$9,$5,$63,64,$0.05,$0.05,$40,$1,$12,$81,$0,$0,$142,$1,$174,$265,$23,$0,$4,$15,$38,$92,$-317,$0,$226,$265,$8,$12,$0,$12,$0,$0,$0,$0,$-8,$16,$-3,$0,$-38,$0,$0,$0,$-1,$-41,$0,$0,$0,$0,$-1,$0,$-0,$-1,$-25,$0,$0
24,2012-07-31,8.32,$0.00,0.0,$1.86,4.47,$0.71,11.72,$0.19,43.79,$0.07B,$0.02B,3.03,$0.00B,$0.22B,0.0,$0.12B,$0.08B,64.17%,$0.12B,$0.02B,14.17%,$0.12B,$0.02B,14.17%,$0.12B,$0.03B,26.67%,$0.12B,$0.02B,12.50%,$0.12B,$0.01B,10.83%,$0.01B,$0.22B,5.91%,$0.01B,$0.08B,12.75%,$0.01B,$0.26B,5.00%,$0.02B,$0.22B,7.73%,$31,$11,$20,$5,$8,$27,$4,$0,$4,$1,$2,$2,$2,$8,$4,$63,64,$0.04,$0.04,$36,$1,$13,$73,$0,$0,$143,$1,$175,$258,$24,$0,$4,$15,$39,$92,$-320,$0,$219,$258,$5,$8,$0,$8,$0,$0,$0,$0,$-4,$11,$-2,$0,$-38,$0,$0,$0,$0,$-40,$0,$0,$0,$0,$-1,$0,$-0,$-1,$-30,$0,$0
25,2012-04-30,8.31,$0.00,0.0,$1.84,4.52,$0.69,12.06,$0.19,43.74,$0.11B,$0.03B,4.2,$0.00B,$0.22B,0.0,$0.12B,$0.08B,64.41%,$0.12B,$0.02B,15.25%,$0.12B,$0.02B,15.25%,$0.12B,$0.03B,27.12%,$0.12B,$0.02B,12.71%,$0.12B,$0.01B,11.86%,$0.01B,$0.22B,6.37%,$0.01B,$0.11B,12.61%,$0.01B,$0.26B,5.38%,$0.02B,$0.22B,8.19%,$30,$11,$19,$5,$7,$25,$4,$0,$4,$2,$3,$3,$3,$8,$4,$62,64,$0.04,$0.04,$70,$1,$20,$109,$0,$0,$113,$0,$144,$264,$26,$0,$4,$14,$40,$91,$-322,$0,$223,$264,$3,$4,$0,$4,$0,$0,$0,$0,$-1,$4,$-1,$0,$-0,$0,$0,$0,$0,$-1,$0,$0,$0,$0,$0,$0,$-0,$0,$4,$0,$0
26,2012-01-31,8.04,$0.00,0.0,$1.80,4.47,$0.70,11.54,$0.18,44.67,$0.10B,$0.03B,4.06,$0.00B,$0.22B,0.0,$0.12B,$0.08B,65.22%,$0.12B,$0.02B,15.65%,$0.12B,$0.02B,15.65%,$0.12B,$0.03B,26.96%,$0.12B,$0.01B,12.17%,$0.12B,$0.01B,11.30%,$0.01B,$0.22B,5.96%,$0.01B,$0.10B,11.53%,$0.01B,$0.26B,5.05%,$0.02B,$0.22B,8.25%,$30,$10,$19,$5,$7,$25,$4,$-1,$3,$-1,$5,$5,$5,$8,$4,$62,64,$0.07,$0.07,$66,$0,$21,$104,$0,$0,$115,$0,$146,$259,$26,$0,$3,$15,$40,$91,$-325,$0,$219,$259,$12,$14,$0,$14,$0,$0,$0,$0,$-6,$24,$-5,$0,$-21,$0,$0,$0,$0,$-26,$0,$0,$0,$0,$2,$0,$-4,$-3,$-4,$0,$0
27,2011-10-31,7.44,$0.00,0.0,$1.76,4.23,$0.71,10.48,$0.23,32.35,$0.11B,$0.02B,4.67,$0.00B,$0.22B,0.0,$0.11B,$0.07B,65.18%,$0.11B,$0.02B,17.86%,$0.11B,$0.02B,17.86%,$0.11B,$0.03B,29.46%,$0.11B,$0.01B,12.50%,$0.11B,$0.02B,14.29%,$0.02B,$0.22B,7.44%,$0.02B,$0.12B,14.07%,$0.02B,$0.26B,6.32%,$0.02B,$0.22B,9.30%,$29,$9,$19,$5,$7,$24,$5,$-0,$4,$2,$3,$3,$3,$8,$5,$62,63,$0.04,$0.04,$76,$0,$11,$110,$0,$0,$102,$0,$139,$258,$24,$0,$3,$16,$39,$91,$-329,$0,$219,$258,$8,$11,$0,$11,$0,$0,$0,$0,$-6,$16,$-3,$0,$-5,$0,$0,$0,$0,$-8,$0,$0,$0,$0,$2,$0,$-4,$-3,$7,$0,$0
28,2011-07-31,6.89,$0.00,0.0,$1.72,4.01,$0.68,10.08,$0.22,31.32,$0.11B,$0.03B,4.26,$0.00B,$0.22B,0.0,$0.11B,$0.07B,65.14%,$0.11B,$0.02B,16.51%,$0.11B,$0.02B,16.51%,$0.11B,$0.03B,25.69%,$0.11B,$0.01B,11.93%,$0.11B,$0.02B,13.76%,$0.02B,$0.22B,7.16%,$0.02B,$0.11B,13.82%,$0.02B,$0.26B,6.09%,$0.02B,$0.22B,8.59%,$29,$10,$19,$5,$7,$24,$5,$-0,$4,$2,$3,$3,$3,$8,$5,$62,63,$0.04,$0.04,$71,$0,$13,$107,$0,$0,$107,$0,$144,$259,$25,$0,$3,$16,$41,$90,$-332,$0,$218,$259,$5,$7,$0,$7,$0,$0,$0,$0,$-5,$10,$-2,$0,$-5,$0,$0,$0,$0,$-7,$0,$0,$0,$0,$1,$0,$-4,$-3,$1,$0,$0
29,2011-04-30,6.63,$0.00,0.0,$1.67,3.98,$0.56,11.85,$0.21,31.57,$0.11B,$0.02B,4.95,$0.00B,$0.22B,0.0,$0.11B,$0.07B,65.71%,$0.11B,$0.02B,14.29%,$0.11B,$0.02B,14.29%,$0.11B,$0.02B,20.95%,$0.11B,$0.01B,10.48%,$0.11B,$0.01B,13.33%,$0.01B,$0.22B,6.91%,$0.01B,$0.12B,13.59%,$0.01B,$0.25B,5.88%,$0.02B,$0.22B,7.40%,$27,$9,$18,$5,$7,$23,$4,$-0,$3,$1,$2,$2,$2,$7,$4,$62,63,$0.03,$0.03,$76,$0,$18,$111,$0,$0,$99,$0,$136,$254,$22,$0,$3,$15,$37,$90,$-335,$0,$217,$254,$2,$4,$0,$4,$0,$0,$0,$0,$-2,$5,$-1,$0,$0,$0,$0,$0,$0,$-1,$0,$0,$0,$0,$1,$0,$-0,$1,$7,$0,$0
30,2011-01-31,6.97,$0.00,0.0,$1.58,4.42,$0.52,13.33,$0.18,38.72,$0.10B,$0.02B,4.39,$0.00B,$0.21B,0.0,$0.10B,$0.07B,65.66%,$0.10B,$0.01B,12.12%,$0.10B,$0.01B,12.12%,$0.10B,$0.02B,19.19%,$0.10B,$0.01B,9.09%,$0.10B,$0.01B,12.12%,$0.01B,$0.21B,6.12%,$0.01B,$0.11B,12.50%,$0.01B,$0.24B,5.19%,$0.01B,$0.21B,6.12%,$27,$9,$17,$5,$3,$20,$6,$-4,$3,$-5,$8,$8,$8,$10,$6,$62,63,$0.13,$0.12,$70,$0,$14,$102,$0,$0,$97,$0,$132,$241,$23,$0,$3,$13,$36,$88,$-337,$0,$206,$241,$12,$14,$0,$14,$0,$0,$0,$0,$-3,$20,$0,$0,$-45,$0,$0,$4,$0,$-41,$0,$0,$0,$0,$1,$0,$-0,$1,$-20,$0,$0
31,2010-10-31,6.32,$0.00,0.0,$1.45,4.35,$0.45,14.15,$0.23,27.48,$0.09B,$0.02B,3.9,$0.00B,$0.20B,0.0,$0.09B,$0.06B,67.03%,$0.09B,$0.01B,5.49%,$0.09B,$0.01B,5.49%,$0.09B,$0.01B,12.09%,$0.09B,$0.01B,5.49%,$0.09B,$0.01B,15.38%,$0.01B,$0.20B,7.31%,$0.01B,$0.10B,13.73%,$0.01B,$0.23B,6.28%,$0.01B,$0.20B,2.61%,$26,$9,$17,$4,$7,$23,$3,$0,$3,$1,$2,$2,$2,$3,$3,$62,63,$0.03,$0.03,$63,$0,$8,$90,$0,$0,$101,$0,$134,$231,$23,$0,$3,$11,$34,$87,$-344,$0,$197,$231,$4,$10,$0,$10,$0,$0,$0,$0,$-3,$13,$-1,$0,$-45,$0,$0,$6,$0,$-41,$0,$0,$0,$0,$1,$0,$-0,$0,$-27,$0,$0
32,2010-07-31,5.93,$0.00,0.0,$1.38,4.28,$0.46,12.96,$0.22,26.95,$0.09B,$0.03B,3.32,$0.00B,$0.19B,0.0,$0.08B,$0.06B,67.86%,$0.08B,$0.01B,5.95%,$0.08B,$0.01B,5.95%,$0.08B,$0.01B,15.48%,$0.08B,$0.01B,5.95%,$0.08B,$0.01B,15.48%,$0.01B,$0.19B,6.97%,$0.01B,$0.09B,12.04%,$0.01B,$0.23B,6.04%,$0.01B,$0.19B,2.68%,$25,$9,$17,$4,$7,$23,$2,$0,$2,$-0,$2,$2,$2,$2,$2,$61,63,$0.03,$0.03,$59,$0,$8,$85,$0,$0,$101,$0,$135,$227,$26,$0,$3,$11,$37,$87,$-346,$0,$191,$227,$0,$0,$0,$0,$0,$0,$0,$0,$0,$0,$0,$0,$0,$0,$0,$0,$0,$0,$0,$0,$0,$0,$0,$0,$0,$0,$0,$0,$0
33,2010-04-30,6.13,$0.00,0.0,$1.33,4.62,$0.60,10.13,$0.21,29.19,$0.08B,$0.03B,3.37,$0.00B,$0.19B,0.0,$0.08B,$0.05B,67.95%,$0.08B,$0.01B,7.69%,$0.08B,$0.01B,7.69%,$0.08B,$0.02B,20.51%,$0.08B,$0.01B,7.69%,$0.08B,$0.01B,15.38%,$0.01B,$0.19B,6.94%,$0.01B,$0.09B,11.43%,$0.01B,$0.23B,6.04%,$0.01B,$0.19B,3.47%,$21,$7,$14,$4,$7,$20,$1,$0,$1,$1,$0,$0,$0,$4,$1,$61,63,$0.00,$0.00,$57,$0,$11,$84,$0,$0,$100,$0,$135,$226,$25,$0,$3,$12,$36,$87,$-348,$0,$190,$226,$0,$3,$0,$3,$0,$0,$0,$0,$-1,$2,$-0,$0,$-41,$0,$0,$5,$0,$-36,$0,$0,$0,$0,$0,$0,$-0,$0,$-33,$0,$0
34,2010-01-31,5.93,$0.00,0.0,$1.31,4.53,$0.65,9.06,$0.25,23.72,$0.11B,$0.02B,6.8,$0.00B,$0.19B,0.0,$0.07B,$0.05B,68.92%,$0.07B,$0.01B,9.46%,$0.07B,$0.01B,9.46%,$0.07B,$0.02B,21.62%,$0.07B,$0.01B,9.46%,$0.07B,$0.01B,18.92%,$0.01B,$0.19B,8.79%,$0.01B,$0.13B,13.86%,$0.01B,$0.21B,7.71%,$0.01B,$0.19B,4.40%,$19,$6,$13,$4,$8,$20,$-1,$0,$-1,$-11,$10,$10,$10,$2,$-1,$61,63,$0.17,$0.17,$95,$0,$6,$112,$0,$0,$56,$0,$90,$208,$17,$0,$3,$4,$20,$87,$-348,$0,$188,$208,$14,$9,$0,$9,$0,$0,$0,$0,$-2,$17,$-2,$0,$-15,$0,$0,$5,$-0,$-12,$0,$0,$0,$0,$40,$0,$0,$40,$42,$0,$0
35,2009-10-31,5.22,$0.00,0.0,$1.30,4.01,$0.74,7.06,$0.37,14.11,$0.11B,$0.02B,6.67,$0.00B,$0.18B,0.0,$0.07B,$0.05B,69.01%,$0.07B,$0.01B,14.08%,$0.07B,$0.01B,14.08%,$0.07B,$0.02B,30.99%,$0.07B,$0.01B,15.49%,$0.07B,$0.02B,28.17%,$0.02B,$0.18B,13.77%,$0.02B,$0.12B,22.04%,$0.02B,$0.20B,12.05%,$0.01B,$0.18B,6.88%,$19,$6,$13,$4,$5,$16,$3,$0,$3,$2,$1,$1,$1,$5,$3,$54,55,$0.02,$0.02,$94,$0,$10,$114,$0,$0,$57,$0,$80,$200,$17,$0,$2,$6,$23,$85,$-359,$0,$177,$200,$4,$7,$0,$7,$0,$0,$0,$0,$-2,$12,$-1,$0,$-15,$0,$0,$-25,$-0,$-42,$0,$0,$0,$0,$40,$0,$0,$40,$11,$0,$0
36,2009-07-31,4.09,$0.00,0.0,$1.28,3.2,$0.65,6.29,$0.39,10.49,$0.07B,$0.02B,4.01,$0.00B,$0.14B,0.0,$0.07B,$0.05B,68.12%,$0.07B,$0.01B,13.04%,$0.07B,$0.01B,13.04%,$0.07B,$0.02B,26.09%,$0.07B,$0.01B,15.94%,$0.07B,$0.02B,30.43%,$0.02B,$0.14B,16.12%,$0.02B,$0.08B,26.50%,$0.02B,$0.16B,14.14%,$0.01B,$0.14B,6.91%,$19,$6,$13,$4,$5,$16,$3,$0,$3,$2,$1,$1,$1,$5,$3,$53,54,$0.02,$0.02,$51,$0,$8,$72,$0,$0,$59,$0,$83,$161,$18,$0,$3,$6,$24,$45,$-360,$0,$137,$161,$3,$4,$0,$4,$0,$0,$0,$0,$0,$9,$-1,$0,$-15,$0,$0,$-30,$-0,$-46,$0,$0,$0,$0,$0,$0,$0,$0,$-37,$0,$0
37,2009-04-30,3.25,$0.00,0.0,$1.25,2.6,$0.64,5.07,$0.40,8.13,$0.07B,$0.02B,3.96,$0.00B,$0.14B,0.0,$0.07B,$0.05B,67.16%,$0.07B,$0.01B,11.94%,$0.07B,$0.01B,11.94%,$0.07B,$0.02B,25.37%,$0.07B,$0.01B,14.93%,$0.07B,$0.02B,31.34%,$0.02B,$0.14B,16.80%,$0.02B,$0.07B,26.84%,$0.02B,$0.16B,14.97%,$0.01B,$0.14B,6.40%,$17,$5,$12,$3,$5,$16,$2,$0,$2,$-0,$2,$2,$2,$4,$2,$53,54,$0.04,$0.04,$47,$0,$8,$67,$0,$0,$61,$0,$85,$157,$17,$0,$2,$6,$23,$45,$-360,$0,$135,$157,$2,$2,$0,$2,$0,$0,$0,$0,$1,$4,$-0,$0,$-15,$0,$0,$0,$-0,$-15,$0,$0,$0,$0,$0,$0,$0,$0,$-11,$0,$0
38,2009-01-31,2.81,$0.00,0.0,$1.23,2.28,$0.62,4.51,$0.38,7.39,$0.07B,$0.01B,6.52,$0.00B,$0.13B,0.0,$0.07B,$0.04B,66.67%,$0.07B,$0.01B,12.12%,$0.07B,$0.01B,12.12%,$0.07B,$0.02B,25.76%,$0.07B,$0.01B,15.15%,$0.07B,$0.02B,30.30%,$0.02B,$0.13B,16.70%,$0.02B,$0.09B,25.81%,$0.02B,$0.15B,15.04%,$0.01B,$0.13B,6.68%,$16,$5,$11,$3,$4,$13,$2,$0,$3,$-13,$16,$16,$16,$8,$2,$53,54,$0.30,$0.29,$58,$0,$7,$74,$0,$0,$42,$0,$67,$146,$11,$0,$2,$2,$14,$45,$-362,$0,$132,$146,$20,$7,$0,$7,$0,$0,$0,$0,$2,$19,$-1,$0,$-2,$0,$0,$-10,$-1,$-15,$0,$0,$0,$0,$0,$0,$0,$0,$3,$0,$0
39,2008-10-31,2.83,$0.00,0.0,$1.24,2.29,$0.50,5.64,$0.42,6.74,$0.07B,$0.01B,5.93,$0.00B,$0.12B,0.0,$0.07B,$0.04B,65.15%,$0.07B,$0.01B,12.12%,$0.07B,$0.01B,12.12%,$0.07B,$0.01B,19.70%,$0.07B,$0.01B,13.64%,$0.07B,$0.02B,33.33%,$0.02B,$0.12B,19.13%,$0.02B,$0.07B,30.56%,$0.02B,$0.13B,17.19%,$0.01B,$0.12B,6.96%,$17,$6,$11,$3,$5,$15,$2,$0,$3,$0,$2,$2,$2,$1,$2,$53,54,$0.04,$0.04,$54,$0,$4,$67,$0,$0,$43,$0,$58,$130,$11,$0,$0,$2,$13,$44,$-378,$0,$117,$130,$2,$2,$0,$2,$0,$0,$0,$0,$1,$6,$-0,$0,$-2,$0,$0,$0,$-0,$-2,$0,$0,$0,$0,$0,$0,$0,$0,$3,$0,$0
40,2008-07-31,3.46,$0.00,0.0,$1.21,2.86,$0.57,6.1,$0.41,8.44,$0.07B,$0.01B,6.37,$0.00B,$0.12B,0.0,$0.06B,$0.04B,65.63%,$0.06B,$0.01B,12.50%,$0.06B,$0.01B,12.50%,$0.06B,$0.02B,23.44%,$0.06B,$0.01B,12.50%,$0.06B,$0.02B,34.38%,$0.02B,$0.12B,20.09%,$0.02B,$0.07B,32.59%,$0.02B,$0.13B,17.92%,$0.01B,$0.12B,7.31%,$17,$6,$11,$3,$5,$15,$2,$-0,$2,$1,$1,$1,$1,$4,$2,$53,54,$0.03,$0.03,$51,$0,$5,$66,$0,$0,$42,$0,$56,$128,$10,$0,$2,$2,$12,$44,$-380,$0,$116,$128,$2,$4,$0,$4,$0,$0,$0,$0,$1,$8,$-1,$0,$-0,$0,$0,$0,$-1,$-2,$0,$0,$0,$0,$0,$0,$0,$0,$6,$0,$0
41,2008-04-30,3.79,$0.00,0.0,$1.16,3.28,$0.52,7.22,$0.41,9.24,$0.06B,$0.01B,5.5,$0.00B,$0.11B,0.0,$0.06B,$0.04B,65.57%,$0.06B,$0.01B,13.11%,$0.06B,$0.01B,13.11%,$0.06B,$0.01B,22.95%,$0.06B,$0.01B,13.11%,$0.06B,$0.02B,37.70%,$0.02B,$0.11B,22.33%,$0.02B,$0.07B,36.08%,$0.02B,$0.13B,19.83%,$0.01B,$0.11B,7.77%,$16,$6,$11,$3,$5,$14,$2,$-0,$2,$1,$1,$1,$1,$4,$2,$53,54,$0.02,$0.02,$47,$0,$5,$64,$0,$0,$43,$0,$57,$128,$12,$0,$2,$2,$13,$44,$-382,$0,$114,$128,$1,$2,$0,$2,$0,$0,$0,$0,$-0,$3,$-0,$0,$0,$0,$0,$0,$-1,$-1,$0,$0,$0,$0,$0,$0,$0,$0,$3,$0,$0
42,2008-01-31,3.76,$0.00,0.0,$1.13,3.33,$0.51,7.43,$0.41,9.17,$0.06B,$0.01B,5.06,$0.00B,$0.11B,0.0,$0.06B,$0.04B,65.52%,$0.06B,$0.01B,13.79%,$0.06B,$0.01B,13.79%,$0.06B,$0.01B,22.41%,$0.06B,$0.01B,12.07%,$0.06B,$0.02B,39.66%,$0.02B,$0.11B,23.83%,$0.02B,$0.07B,38.33%,$0.02B,$0.13B,21.25%,$0.01B,$0.11B,8.29%,$16,$6,$10,$3,$4,$14,$2,$-0,$2,$-16,$18,$18,$18,$4,$2,$52,54,$0.34,$0.33,$44,$0,$5,$61,$0,$0,$44,$0,$58,$126,$12,$0,$2,$2,$14,$44,$-383,$0,$113,$126,$22,$6,$0,$6,$0,$0,$0,$0,$-1,$12,$-1,$0,$-11,$0,$0,$3,$-2,$-12,$0,$0,$0,$0,$23,$0,$0,$23,$25,$0,$0
43,2007-10-31,4.77,$0.00,0.0,$1.12,4.28,$0.42,11.34,$0.11,43.36,$0.06B,$0.01B,5.02,$0.00B,$0.10B,0.0,$0.06B,$0.04B,66.07%,$0.06B,$0.01B,14.29%,$0.06B,$0.01B,14.29%,$0.06B,$0.01B,21.43%,$0.06B,$0.01B,10.71%,$0.06B,$0.01B,10.71%,$0.01B,$0.10B,7.14%,$0.01B,$0.06B,11.88%,$0.01B,$0.11B,6.35%,$0.01B,$0.10B,9.52%,$15,$5,$10,$3,$4,$14,$2,$-0,$2,$0,$2,$2,$2,$3,$2,$53,54,$0.03,$0.03,$48,$0,$2,$61,$0,$0,$39,$0,$40,$109,$12,$0,$1,$1,$13,$44,$-401,$0,$95,$109,$5,$4,$0,$4,$0,$0,$0,$0,$0,$10,$-1,$0,$-7,$0,$0,$3,$0,$-5,$0,$0,$0,$0,$23,$0,$0,$23,$29,$0,$0
44,2007-07-31,4.06,$0.00,0.0,$1.11,3.66,$0.31,13.05,$0.09,45.11,$0.06B,$0.01B,6.65,$0.00B,$0.09B,0.0,$0.05B,$0.04B,66.67%,$0.05B,$0.01B,12.96%,$0.05B,$0.01B,12.96%,$0.05B,$0.01B,22.22%,$0.05B,$0.00B,7.41%,$0.05B,$0.00B,7.41%,$0.00B,$0.09B,5.30%,$0.00B,$0.06B,9.09%,$0.00B,$0.10B,4.72%,$0.01B,$0.09B,9.27%,$14,$5,$9,$3,$4,$12,$2,$-0,$2,$0,$2,$2,$2,$3,$2,$52,53,$0.03,$0.03,$49,$0,$4,$62,$0,$0,$31,$0,$32,$101,$9,$0,$1,$1,$10,$42,$-402,$0,$90,$101,$3,$3,$0,$3,$0,$0,$0,$0,$0,$6,$-1,$0,$-1,$0,$0,$3,$-0,$0,$0,$0,$0,$0,$23,$0,$0,$23,$30,$0,$0
45,2007-04-30,4.52,$0.00,0.0,$0.84,5.36,$0.22,20.99,$0.06,75.33,$0.06B,$0.01B,6.62,$0.00B,$0.09B,0.0,$0.05B,$0.04B,67.92%,$0.05B,$0.01B,11.32%,$0.05B,$0.01B,11.32%,$0.05B,$0.01B,22.64%,$0.05B,$0.00B,5.66%,$0.05B,$0.00B,5.66%,$0.00B,$0.09B,4.41%,$0.00B,$0.06B,8.28%,$0.00B,$0.10B,3.90%,$0.01B,$0.09B,8.82%,$13,$5,$9,$2,$4,$12,$2,$-0,$1,$-0,$1,$1,$1,$3,$2,$47,48,$0.02,$0.02,$46,$0,$3,$58,$0,$0,$32,$0,$33,$97,$9,$0,$0,$0,$9,$42,$-404,$0,$88,$97,$1,$1,$0,$1,$0,$0,$0,$0,$-0,$2,$-0,$0,$-1,$0,$0,$-0,$0,$-2,$0,$0,$0,$0,$23,$0,$0,$23,$24,$0,$0
46,2007-01-31,3.89,$0.00,0.0,$0.84,4.66,$0.21,18.24,$0.07,55.57,$0.03B,$0.01B,3.77,$0.00B,$0.06B,0.0,$0.05B,$0.04B,67.31%,$0.05B,$0.01B,9.62%,$0.05B,$0.01B,9.62%,$0.05B,$0.01B,21.15%,$0.05B,$0.00B,5.77%,$0.05B,$0.00B,5.77%,$0.00B,$0.06B,5.02%,$0.00B,$0.03B,8.89%,$0.00B,$0.07B,4.35%,$0.01B,$0.06B,8.37%,$14,$5,$9,$2,$4,$12,$2,$-0,$1,$0,$1,$1,$1,$3,$2,$46,48,$0.03,$0.03,$22,$0,$3,$32,$0,$0,$31,$0,$32,$71,$9,$0,$0,$0,$9,$19,$-405,$0,$63,$71,$4,$5,$0,$5,$0,$0,$0,$0,$-4,$7,$-1,$0,$-30,$0,$0,$3,$0,$-29,$0,$0,$0,$0,$14,$0,$0,$14,$-8,$0,$0
47,2006-10-31,3.68,$0.00,0.0,$0.82,4.47,$0.25,14.44,$0.06,61.33,$0.03B,$0.01B,3.62,$0.00B,$0.06B,0.0,$0.05B,$0.03B,66.00%,$0.05B,$0.00B,8.00%,$0.05B,$0.00B,8.00%,$0.05B,$0.01B,20.00%,$0.05B,$0.00B,6.00%,$0.05B,$0.00B,6.00%,$0.00B,$0.06B,5.61%,$0.00B,$0.03B,8.51%,$0.00B,$0.07B,4.76%,$0.00B,$0.06B,7.48%,$13,$4,$9,$2,$4,$12,$1,$-1,$0,$-0,$0,$0,$0,$3,$1,$46,48,$0.01,$0.01,$21,$0,$3,$31,$0,$0,$31,$0,$33,$70,$9,$0,$0,$0,$9,$19,$-405,$0,$61,$70,$3,$4,$0,$4,$0,$0,$0,$0,$-5,$4,$-1,$0,$-29,$0,$0,$3,$0,$-27,$0,$0,$0,$0,$14,$0,$0,$14,$-10,$0,$0
