,Date,Stock Price,Book Value per Share,Price to Book Ratio,TTM Sales per Share,Price to Sales Ratio,TTM FCF per Share,Price to FCF Ratio,TTM Net EPS,PE Ratio,Current Assets,Current Liabilities,Current Ratio,Long Term Debt,Shareholder's Equity_x,Debt to Equity Ratio,TTM Revenue_x,TTM Gross Profit,Gross Margin,TTM Revenue_y,TTM Operating Income,Operating Margin,TTM Revenue_x,TTM EBIT,EBIT Margin,TTM Revenue_y,TTM EBITDA,EBITDA Margin,TTM Revenue_x,TTM Pre-Tax Income,Pre-Tax Margin,TTM Revenue_y,TTM Net Income_x,Net Margin,TTM Net Income_y,Shareholder's Equity_y,Return on Equity,TTM Net Income_x,Tangible Equity,Return on Tangible Equity,TTM Net Income_y,Total Assets,Return on Assets,TTM Net Income,LT Investments & Debt,Return on Investment,revenue,cost-goods-sold,gross-profit,research-development-expenses,selling-general-administrative-expenses,operating-expenses,operating-income,total-non-operating-income-expense,pre-tax-income,total-provision-income-taxes,income-after-taxes,income-from-continuous-operations,net-income,ebitda,ebit,basic-shares-outstanding,shares-outstanding,eps-basic-net-earnings-per-share,eps-earnings-per-share-diluted,cash-on-hand,inventory,other-current-assets,total-current-assets,net-property-plant-equipment,long-term-investments,goodwill-intangible-assets-total,other-long-term-assets,total-long-term-assets,total-assets,total-current-liabilities,long-term-debt,other-non-current-liabilities,total-long-term-liabilities,total-liabilities,common-stock-net,retained-earnings-accumulated-deficit,comprehensive-income,total-share-holder-equity,total-liabilities-share-holders-equity,net-income-loss,total-depreciation-amortization-cash-flow,other-non-cash-items,total-non-cash-items,change-in-accounts-receivable,change-in-inventories,change-in-accounts-payable,change-in-assets-liabilities,total-change-in-assets-liabilities,cash-flow-from-operating-activities,net-change-in-property-plant-equipment,net-change-in-intangible-assets,net-acquisitions-divestitures,net-change-in-short-term-investments,net-change-in-long-term-investments,net-change-in-investments-total,investing-activities-other,cash-flow-from-investing-activities,net-long-term-debt,net-current-debt,debt-issuance-retirement-net-total,net-common-equity-issued-repurchased,net-total-equity-issued-repurchased,total-common-preferred-stock-dividends-paid,financial-activities-other,cash-flow-from-financial-activities,net-cash-flow,stock-based-compensation,common-stock-dividends-paid
0,2018-09-30,8.02,$7.27,1.1,$25.82,0.31,$1.24,6.45,$0.78,10.28,$0.31B,$0.17B,1.81,$0.61B,$0.40B,1.51,$1.42B,$0.78B,55.06%,$1.42B,$0.03B,2.04%,$1.42B,$0.03B,2.04%,$1.42B,$0.15B,10.32%,$1.42B,$-0.01B,-0.63%,$1.42B,$0.05B,3.44%,$0.05B,$0.47B,11.42%,$0.05B,$-0.02B,-1781.82%,$0.05B,$1.41B,3.87%,$0.03B,$1.08B,2.87%,$462,$209,$252,$0,$184,$448,$14,$-11,$3,$1,$2,$2,$1,$51,$14,$65,65,$0.01,$0.01,$34,$0,$39,$313,$563,$0,$486,$45,$1094,$1407,$173,$610,$21,$765,$938,$0,$-30,$0,$469,$1407,$15,$96,$-14,$82,$-58,$0,$-6,$13,$-50,$47,$-43,$0,$-132,$0,$0,$0,$0,$-175,$-24,$0,$-24,$84,$84,$-4,$-1,$56,$-73,$3,$0
1,2018-06-30,9.93,$7.24,1.37,$24.63,0.4,$1.61,6.18,$0.75,13.24,$0.33B,$0.15B,2.19,$0.57B,$0.40B,1.43,$1.19B,$0.68B,56.75%,$1.19B,$0.02B,1.76%,$1.19B,$0.02B,1.76%,$1.19B,$0.12B,10.23%,$1.19B,$-0.02B,-1.26%,$1.19B,$0.05B,3.94%,$0.05B,$0.46B,12.49%,$0.05B,$0.01B,400.00%,$0.05B,$1.32B,4.16%,$0.02B,$1.03B,2.32%,$377,$173,$204,$0,$146,$368,$9,$-10,$-1,$-15,$13,$13,$12,$41,$9,$61,61,$0.20,$0.20,$92,$0,$39,$332,$501,$0,$451,$40,$992,$1324,$152,$567,$21,$710,$862,$0,$-31,$0,$462,$1324,$13,$58,$-14,$44,$-31,$0,$0,$4,$-28,$29,$-19,$0,$-79,$0,$0,$0,$0,$-99,$-24,$0,$-24,$85,$85,$-2,$-1,$58,$-12,$2,$0
2,2018-03-31,9.79,$7.59,1.29,$23.60,0.41,$1.71,5.72,$0.40,24.48,$0.38B,$0.12B,3.31,$0.57B,$0.37B,1.54,$1.01B,$0.60B,59.23%,$1.01B,$0.02B,1.58%,$1.01B,$0.02B,1.58%,$1.01B,$0.10B,10.27%,$1.01B,$-0.02B,-1.58%,$1.01B,$0.03B,2.86%,$0.03B,$0.43B,9.43%,$0.03B,$0.04B,257.78%,$0.03B,$1.21B,2.98%,$0.02B,$1.01B,2.07%,$328,$151,$176,$0,$130,$320,$8,$-9,$-1,$-0,$-1,$-1,$-2,$34,$8,$54,54,$-0.04,$-0.04,$194,$0,$36,$379,$407,$0,$394,$31,$832,$1210,$115,$570,$1,$662,$776,$0,$5,$1,$434,$1210,$-1,$26,$-1,$25,$-16,$0,$2,$5,$-10,$14,$-2,$0,$0,$0,$0,$0,$0,$-2,$-4,$0,$-4,$85,$85,$-1,$-0,$80,$92,$1,$0
3,2017-12-31,14.29,$7.21,1.98,$23.53,0.61,$1.54,9.25,$0.12,119.08,$0.27B,$0.11B,2.47,$0.57B,$0.29B,2.01,$0.85B,$0.53B,62.49%,$0.85B,$0.01B,0.83%,$0.85B,$0.01B,0.83%,$0.85B,$0.09B,10.65%,$0.85B,$-0.03B,-3.08%,$0.85B,$0.02B,2.60%,$0.02B,$0.35B,8.94%,$0.02B,$-0.05B,266.67%,$0.02B,$1.13B,2.68%,$0.01B,$0.93B,1.10%,$257,$106,$152,$0,$118,$260,$-2,$-8,$-10,$-49,$39,$39,$38,$21,$-2,$38,40,$1.09,$1.06,$102,$0,$33,$267,$430,$0,$396,$33,$859,$1126,$108,$574,$2,$666,$774,$0,$7,$1,$351,$1126,$27,$83,$-53,$29,$-15,$0,$0,$5,$-11,$46,$-14,$0,$-280,$0,$0,$0,$0,$-294,$204,$0,$204,$92,$157,$-6,$-19,$335,$87,$2,$0
4,2017-09-30,13.05,$5.80,2.25,$24.20,0.54,$3.99,3.27,$-0.50,0.0,$0.25B,$0.09B,2.89,$0.40B,$0.19B,2.05,$0.74B,$0.48B,64.36%,$0.74B,$0.00B,0.41%,$0.74B,$0.00B,0.41%,$0.74B,$0.08B,10.98%,$0.74B,$-0.03B,-3.66%,$0.74B,$-0.03B,-3.79%,$-0.03B,$0.26B,-15.22%,$-0.03B,$0.04B,-560.00%,$-0.03B,$0.86B,-4.11%,$0.00B,$0.65B,0.60%,$231,$86,$145,$0,$110,$226,$6,$-9,$-3,$-3,$0,$0,$-1,$26,$6,$39,39,$-0.03,$-0.03,$119,$0,$25,$252,$369,$0,$217,$19,$605,$857,$87,$396,$1,$512,$600,$0,$-30,$1,$258,$857,$-12,$59,$-5,$54,$-29,$0,$3,$9,$-16,$27,$-10,$0,$-91,$0,$0,$0,$0,$-101,$45,$0,$45,$92,$157,$-4,$-14,$184,$109,$1,$0
5,2017-06-30,11.13,$4.90,2.27,$26.63,0.42,$5.98,1.86,$-0.89,0.0,$0.16B,$0.08B,2.06,$0.33B,$0.12B,2.67,$0.68B,$0.44B,65.20%,$0.68B,$0.00B,0.44%,$0.68B,$0.00B,0.44%,$0.68B,$0.08B,11.45%,$0.68B,$-0.03B,-3.67%,$0.68B,$-0.03B,-4.41%,$-0.03B,$0.19B,-24.84%,$-0.03B,$0.01B,800.00%,$-0.03B,$0.70B,-5.81%,$0.00B,$0.51B,0.88%,$197,$70,$127,$0,$96,$193,$4,$-6,$-2,$2,$-4,$-4,$-6,$23,$4,$38,38,$-0.15,$-0.15,$46,$0,$20,$158,$346,$0,$177,$14,$537,$695,$76,$325,$0,$432,$508,$0,$-29,$1,$187,$695,$-12,$39,$-1,$38,$-20,$0,$1,$7,$-12,$14,$-4,$0,$-41,$0,$0,$0,$0,$-44,$-9,$0,$-9,$28,$93,$-2,$-14,$68,$38,$1,$0
6,2017-03-31,10.12,$4.98,2.03,$29.55,0.34,$7.55,1.34,$-1.06,0.0,$0.13B,$0.06B,2.23,$0.27B,$0.12B,2.17,$0.65B,$0.43B,65.60%,$0.65B,$0.01B,0.92%,$0.65B,$0.01B,0.92%,$0.65B,$0.08B,12.08%,$0.65B,$-0.02B,-3.21%,$0.65B,$-0.02B,-3.67%,$-0.02B,$0.19B,-31.89%,$-0.02B,$0.03B,505.26%,$-0.02B,$0.60B,-6.10%,$0.01B,$0.45B,2.83%,$160,$57,$104,$0,$82,$161,$-1,$-10,$-11,$-3,$-8,$-8,$-9,$20,$-1,$27,27,$-0.32,$-0.32,$43,$0,$14,$126,$303,$0,$159,$12,$475,$601,$57,$266,$0,$356,$413,$0,$-23,$0,$188,$601,$-8,$21,$-3,$17,$-13,$0,$3,$3,$-8,$2,$-0,$0,$0,$0,$0,$0,$0,$-0,$-44,$0,$-44,$28,$93,$-2,$-14,$33,$35,$0,$0
7,2016-12-31,10.08,$4.91,2.05,$31.07,0.32,$8.34,1.21,$-1.14,0.0,$0.08B,$0.09B,0.86,$0.28B,$0.10B,2.73,$0.65B,$0.43B,66.21%,$0.65B,$0.01B,1.54%,$0.65B,$0.01B,1.54%,$0.65B,$0.08B,12.14%,$0.65B,$-0.01B,-1.84%,$0.65B,$-0.02B,-2.61%,$-0.02B,$0.10B,-57.63%,$-0.02B,$-0.06B,-47.22%,$-0.02B,$0.57B,-5.80%,$0.01B,$0.39B,10.00%,$150,$51,$99,$0,$80,$156,$-6,$-6,$-11,$-0,$-11,$-11,$-12,$12,$-6,$21,21,$-0.56,$-0.56,$7,$0,$15,$80,$319,$0,$161,$11,$491,$570,$92,$282,$0,$375,$467,$0,$-15,$-0,$103,$570,$-12,$69,$2,$71,$9,$0,$-1,$-0,$7,$66,$2,$0,$0,$0,$0,$0,$0,$2,$-63,$0,$-63,$0,$0,$-5,$-2,$-69,$-1,$0,$0
8,2016-09-30,9.8,$0.74,13.2,$23.90,0.41,$5.09,1.93,$-1.14,0.0,$0.00B,$0.01B,0.14,$0.00B,$0.01B,0.0,$0.50B,$0.33B,66.27%,$0.50B,$0.02B,3.19%,$0.50B,$0.02B,3.19%,$0.50B,$0.07B,13.37%,$0.50B,$-0.00B,-0.20%,$0.50B,$-0.01B,-1.00%,$-0.01B,$0.01B,-133.33%,$-0.01B,$0.01B,-9.90%,$-0.01B,$0.20B,-3.32%,$0.02B,$0.01B,426.67%,$174,$60,$114,$0,$83,$168,$6,$-7,$-1,$1,$-1,$-1,$-3,$23,$6,$21,21,$-0.12,$-0.12,$1,$0,$0,$1,$0,$200,$0,$0,$200,$201,$6,$0,$189,$189,$196,$0,$-7,$0,$5,$201,$-1,$51,$2,$53,$-7,$0,$1,$4,$-2,$49,$1,$0,$0,$0,$0,$0,$0,$1,$-45,$0,$-45,$0,$0,$-4,$-1,$-51,$-0,$0,$0
