,Date,Stock Price,Book Value per Share,Price to Book Ratio,TTM Sales per Share,Price to Sales Ratio,TTM FCF per Share,Price to FCF Ratio,TTM Net EPS,PE Ratio,Current Assets,Current Liabilities,Current Ratio,Long Term Debt,Shareholder's Equity_x,Debt to Equity Ratio,TTM Revenue_x,TTM Gross Profit,Gross Margin,TTM Revenue_y,TTM Operating Income,Operating Margin,TTM Revenue_x,TTM EBIT,EBIT Margin,TTM Revenue_y,TTM EBITDA,EBITDA Margin,TTM Revenue_x,TTM Pre-Tax Income,Pre-Tax Margin,TTM Revenue_y,TTM Net Income_x,Net Margin,TTM Net Income_y,Shareholder's Equity_y,Return on Equity,TTM Net Income_x,Tangible Equity,Return on Tangible Equity,TTM Net Income_y,Total Assets,Return on Assets,TTM Net Income,LT Investments & Debt,Return on Investment,revenue,cost-goods-sold,gross-profit,research-development-expenses,selling-general-administrative-expenses,operating-expenses,operating-income,total-non-operating-income-expense,pre-tax-income,total-provision-income-taxes,income-after-taxes,income-from-continuous-operations,net-income,ebitda,ebit,basic-shares-outstanding,shares-outstanding,eps-basic-net-earnings-per-share,eps-earnings-per-share-diluted,cash-on-hand,inventory,other-current-assets,total-current-assets,net-property-plant-equipment,long-term-investments,goodwill-intangible-assets-total,other-long-term-assets,total-long-term-assets,total-assets,total-current-liabilities,long-term-debt,other-non-current-liabilities,total-long-term-liabilities,total-liabilities,common-stock-net,retained-earnings-accumulated-deficit,comprehensive-income,total-share-holder-equity,total-liabilities-share-holders-equity,net-income-loss,total-depreciation-amortization-cash-flow,other-non-cash-items,total-non-cash-items,change-in-accounts-receivable,change-in-inventories,change-in-accounts-payable,change-in-assets-liabilities,total-change-in-assets-liabilities,cash-flow-from-operating-activities,net-change-in-property-plant-equipment,net-change-in-intangible-assets,net-acquisitions-divestitures,net-change-in-short-term-investments,net-change-in-long-term-investments,net-change-in-investments-total,investing-activities-other,cash-flow-from-investing-activities,net-long-term-debt,net-current-debt,debt-issuance-retirement-net-total,net-common-equity-issued-repurchased,net-total-equity-issued-repurchased,total-common-preferred-stock-dividends-paid,financial-activities-other,cash-flow-from-financial-activities,net-cash-flow,stock-based-compensation,common-stock-dividends-paid
0,2018-09-30,11.9,$6.38,1.87,$5.39,2.21,$0.29,41.2,$-0.08,0.0,$0.08B,$0.02B,3.63,$0.00B,$0.14B,0.0,$0.12B,$0.06B,48.78%,$0.12B,$-0.00B,-3.25%,$0.12B,$-0.00B,-3.25%,$0.12B,$-0.00B,-1.63%,$0.12B,$-0.00B,-0.81%,$0.12B,$-0.00B,-1.63%,$-0.00B,$0.14B,-1.38%,$-0.00B,$0.14B,-1.47%,$-0.00B,$0.18B,-1.10%,$-0.00B,$0.14B,-2.77%,$33,$16,$16,$10,$6,$32,$0,$0,$1,$0,$0,$0,$0,$1,$0,$22,23,$0.02,$0.02,$46,$8,$0,$79,$3,$73,$8,$16,$101,$180,$22,$0,$15,$16,$38,$0,$-111,$-3,$142,$180,$-2,$3,$6,$8,$-8,$1,$1,$-0,$-4,$2,$-1,$0,$0,$0,$-2,$-2,$-0,$-3,$0,$0,$0,$-9,$-9,$0,$0,$-9,$-10,$0,$0
1,2018-06-30,12.45,$6.37,1.95,$5.47,2.28,$0.27,45.99,$-0.08,0.0,$0.08B,$0.02B,3.47,$0.00B,$0.14B,0.0,$0.12B,$0.06B,48.39%,$0.12B,$-0.00B,-3.23%,$0.12B,$-0.00B,-3.23%,$0.12B,$-0.00B,-1.61%,$0.12B,$-0.00B,-0.81%,$0.12B,$-0.00B,-0.81%,$-0.00B,$0.14B,-0.69%,$-0.00B,$0.14B,-0.73%,$-0.00B,$0.18B,-0.55%,$-0.00B,$0.14B,-2.75%,$31,$16,$15,$9,$6,$31,$-1,$0,$-0,$-0,$-0,$-0,$-0,$-1,$-1,$23,23,$-0.01,$-0.01,$47,$8,$0,$76,$3,$77,$8,$16,$105,$181,$22,$0,$15,$16,$38,$0,$-110,$-3,$143,$181,$-2,$2,$3,$5,$-3,$1,$1,$-0,$-1,$2,$-1,$0,$0,$0,$-1,$-1,$-0,$-2,$0,$0,$0,$-5,$-5,$0,$0,$-5,$-5,$0,$0
2,2018-03-31,11.8,$6.43,1.83,$5.53,2.13,$0.32,36.32,$-0.10,0.0,$0.08B,$0.02B,4.23,$0.00B,$0.15B,0.0,$0.12B,$0.06B,47.58%,$0.12B,$-0.00B,-3.23%,$0.12B,$-0.00B,-3.23%,$0.12B,$-0.00B,-1.61%,$0.12B,$-0.00B,-0.81%,$0.12B,$-0.00B,-1.61%,$-0.00B,$0.15B,-1.37%,$-0.00B,$0.14B,-1.47%,$-0.00B,$0.18B,-1.09%,$-0.00B,$0.15B,-2.74%,$28,$14,$14,$9,$7,$30,$-2,$0,$-2,$-0,$-2,$-2,$-2,$-2,$-2,$23,23,$-0.08,$-0.08,$47,$8,$0,$75,$3,$76,$9,$17,$106,$180,$18,$0,$15,$17,$34,$0,$-109,$-3,$146,$180,$0,$0,$0,$0,$0,$0,$0,$0,$0,$-3,$-0,$0,$0,$0,$-1,$-1,$-0,$-1,$0,$0,$0,$-1,$-1,$0,$0,$-1,$-6,$0,$0
3,2017-12-31,12.5,$6.55,1.91,$5.56,2.25,$0.28,44.52,$-0.15,0.0,$0.07B,$0.02B,3.38,$0.00B,$0.15B,0.0,$0.12B,$0.06B,45.97%,$0.12B,$-0.01B,-4.03%,$0.12B,$-0.01B,-4.03%,$0.12B,$-0.00B,-2.42%,$0.12B,$-0.00B,-1.61%,$0.12B,$-0.00B,-2.42%,$-0.00B,$0.15B,-2.07%,$-0.00B,$0.14B,-2.21%,$-0.00B,$0.19B,-1.63%,$-0.01B,$0.15B,-3.44%,$31,$16,$15,$9,$6,$32,$-1,$0,$-0,$-0,$-0,$-0,$-0,$0,$-1,$22,22,$-0.01,$0.00,$47,$9,$0,$73,$3,$83,$9,$17,$113,$185,$21,$0,$15,$17,$38,$0,$-105,$-2,$147,$185,$-3,$3,$5,$9,$5,$0,$-4,$-0,$3,$9,$-1,$0,$0,$-11,$10,$-1,$-0,$-2,$0,$0,$0,$-3,$-3,$0,$0,$-3,$4,$0,$0
4,2017-09-30,13.0,$6.54,1.99,$5.69,2.28,$0.57,22.96,$-0.08,0.0,$0.08B,$0.02B,3.29,$0.00B,$0.15B,0.0,$0.13B,$0.06B,45.31%,$0.13B,$-0.00B,-2.34%,$0.13B,$-0.00B,-2.34%,$0.13B,$-0.00B,-1.56%,$0.13B,$-0.00B,-0.78%,$0.13B,$-0.00B,-1.56%,$-0.00B,$0.15B,-1.38%,$-0.00B,$0.14B,-1.48%,$-0.00B,$0.19B,-1.09%,$-0.00B,$0.15B,-2.07%,$34,$18,$16,$9,$6,$34,$0,$0,$1,$0,$1,$1,$1,$1,$0,$22,23,$0.03,$0.02,$43,$11,$0,$77,$3,$79,$9,$16,$109,$186,$23,$0,$15,$16,$40,$0,$-104,$-1,$146,$186,$-3,$3,$5,$8,$-2,$-1,$-1,$-0,$-3,$1,$-1,$0,$0,$0,$0,$0,$0,$-1,$0,$0,$0,$-3,$-3,$0,$0,$-3,$-3,$0,$0
5,2017-06-30,11.6,$6.51,1.78,$5.89,1.97,$0.73,15.92,$0.13,89.23,$0.08B,$0.02B,3.32,$0.00B,$0.14B,0.0,$0.13B,$0.06B,44.36%,$0.13B,$0.00B,1.50%,$0.13B,$0.00B,1.50%,$0.13B,$0.00B,1.50%,$0.13B,$0.00B,3.01%,$0.13B,$0.00B,1.50%,$0.00B,$0.14B,1.37%,$0.00B,$0.13B,1.48%,$0.00B,$0.18B,1.09%,$0.00B,$0.14B,1.37%,$31,$17,$14,$9,$6,$32,$-1,$0,$-0,$0,$-1,$-1,$-1,$-1,$-1,$22,22,$-0.03,$-0.03,$51,$11,$0,$79,$4,$74,$10,$16,$105,$184,$24,$0,$15,$16,$40,$0,$-103,$-1,$144,$184,$-3,$2,$3,$5,$4,$-1,$-1,$-0,$2,$3,$-1,$0,$0,$0,$-0,$-0,$0,$-1,$0,$0,$0,$-2,$-2,$0,$0,$-2,$0,$0,$0
6,2017-03-31,12.0,$6.52,1.84,$6.06,1.98,$0.78,15.35,$0.21,57.14,$0.08B,$0.02B,3.92,$0.00B,$0.14B,0.0,$0.14B,$0.06B,44.20%,$0.14B,$0.00B,2.90%,$0.14B,$0.00B,2.90%,$0.14B,$0.00B,2.90%,$0.14B,$0.01B,3.62%,$0.14B,$0.00B,2.90%,$0.00B,$0.14B,2.76%,$0.00B,$0.13B,2.96%,$0.00B,$0.18B,2.17%,$0.00B,$0.14B,2.76%,$28,$16,$12,$9,$6,$31,$-3,$0,$-3,$-0,$-3,$-3,$-3,$-3,$-3,$22,22,$-0.13,$-0.13,$51,$9,$0,$82,$4,$68,$10,$15,$99,$181,$21,$0,$14,$15,$36,$0,$-101,$-2,$144,$181,$0,$0,$0,$0,$0,$0,$0,$0,$0,$-4,$-0,$0,$0,$0,$5,$5,$0,$4,$0,$0,$0,$-1,$-1,$0,$0,$-1,$-1,$0,$0
7,2016-12-31,13.05,$6.64,1.97,$6.07,2.15,$0.76,17.15,$0.21,62.14,$0.08B,$0.03B,3.01,$0.00B,$0.15B,0.0,$0.14B,$0.06B,44.20%,$0.14B,$0.00B,2.90%,$0.14B,$0.00B,2.90%,$0.14B,$0.00B,2.90%,$0.14B,$0.01B,3.62%,$0.14B,$0.00B,2.90%,$0.00B,$0.15B,2.77%,$0.00B,$0.14B,2.97%,$0.00B,$0.19B,2.18%,$0.00B,$0.15B,2.77%,$35,$19,$16,$8,$6,$34,$1,$0,$1,$0,$1,$1,$1,$1,$1,$22,23,$0.06,$0.06,$47,$10,$0,$78,$4,$78,$11,$14,$108,$186,$26,$0,$13,$14,$40,$0,$-96,$-2,$146,$186,$5,$3,$5,$9,$1,$2,$-1,$-0,$3,$17,$-2,$0,$-0,$-8,$7,$-1,$0,$-3,$0,$-0,$-0,$-9,$-9,$0,$0,$-9,$4,$0,$0
8,2016-09-30,12.01,$6.72,1.79,$5.98,2.01,$0.56,21.59,$0.15,80.07,$0.08B,$0.02B,3.13,$0.00B,$0.15B,0.0,$0.14B,$0.06B,43.80%,$0.14B,$0.00B,2.19%,$0.14B,$0.00B,2.19%,$0.14B,$0.00B,2.19%,$0.14B,$0.00B,2.92%,$0.14B,$0.00B,2.19%,$0.00B,$0.15B,2.09%,$0.00B,$0.14B,2.23%,$0.00B,$0.19B,1.64%,$0.00B,$0.15B,2.09%,$39,$21,$17,$9,$6,$33,$5,$0,$6,$0,$5,$5,$5,$5,$5,$22,23,$0.24,$0.23,$39,$10,$0,$76,$4,$81,$11,$14,$111,$186,$24,$0,$13,$14,$38,$0,$-95,$-1,$148,$186,$0,$0,$0,$0,$0,$0,$0,$0,$0,$6,$-2,$0,$-0,$0,$1,$1,$0,$-1,$0,$-0,$-0,$-5,$-5,$0,$0,$-5,$0,$0,$0
9,2016-06-30,10.61,$6.55,1.62,$5.84,1.82,$0.47,22.73,$-0.07,0.0,$0.07B,$0.03B,2.61,$0.00B,$0.14B,0.0,$0.13B,$0.06B,43.61%,$0.13B,$-0.00B,-1.50%,$0.13B,$-0.00B,-1.50%,$0.13B,$-0.00B,-1.50%,$0.13B,$-0.00B,-1.50%,$0.13B,$-0.00B,-1.50%,$-0.00B,$0.14B,-1.40%,$-0.00B,$0.13B,-1.50%,$-0.00B,$0.18B,-1.10%,$-0.00B,$0.14B,-1.40%,$36,$20,$16,$9,$6,$35,$1,$0,$1,$0,$1,$1,$1,$1,$1,$22,23,$0.05,$0.05,$41,$13,$0,$73,$4,$84,$8,$13,$110,$183,$28,$0,$12,$13,$41,$0,$-97,$-0,$142,$183,$0,$0,$0,$0,$0,$0,$0,$0,$0,$5,$-1,$0,$0,$0,$3,$3,$0,$2,$0,$0,$0,$-3,$-3,$0,$0,$-3,$4,$0,$0
10,2016-03-31,9.12,$6.50,1.4,$5.83,1.56,$0.34,26.65,$-0.09,0.0,$0.07B,$0.03B,2.56,$0.00B,$0.14B,0.0,$0.13B,$0.06B,42.54%,$0.13B,$-0.00B,-1.49%,$0.13B,$-0.00B,-1.49%,$0.13B,$-0.00B,-1.49%,$0.13B,$-0.00B,-1.49%,$0.13B,$-0.00B,-1.49%,$-0.00B,$0.14B,-1.39%,$-0.00B,$0.13B,-1.49%,$-0.00B,$0.18B,-1.09%,$-0.00B,$0.14B,-1.39%,$28,$16,$12,$9,$6,$31,$-3,$0,$-3,$0,$-3,$-3,$-3,$-3,$-3,$22,22,$-0.13,$-0.13,$29,$13,$0,$66,$4,$88,$9,$13,$115,$180,$26,$0,$12,$14,$39,$0,$-96,$-1,$141,$180,$0,$0,$0,$0,$0,$0,$0,$0,$0,$-4,$-1,$0,$0,$0,$3,$3,$-0,$2,$0,$0,$0,$-2,$-2,$0,$0,$-2,$-4,$0,$0
11,2015-12-31,9.44,$6.64,1.42,$6.15,1.53,$0.30,31.62,$0.07,134.86,$0.07B,$0.03B,2.37,$0.00B,$0.14B,0.0,$0.14B,$0.06B,42.36%,$0.14B,$0.00B,1.39%,$0.14B,$0.00B,1.39%,$0.14B,$0.00B,1.39%,$0.14B,$0.00B,1.39%,$0.14B,$0.00B,1.39%,$0.00B,$0.14B,1.37%,$0.00B,$0.13B,1.47%,$0.00B,$0.18B,1.07%,$0.00B,$0.14B,1.37%,$34,$19,$15,$9,$5,$34,$-0,$0,$-0,$-0,$-0,$-0,$-0,$-0,$-0,$22,23,$0.00,$0.00,$32,$11,$0,$66,$4,$92,$9,$12,$118,$184,$28,$0,$12,$13,$41,$0,$-91,$-1,$143,$184,$2,$3,$5,$7,$-0,$4,$-2,$-0,$3,$12,$-2,$0,$0,$-6,$0,$-5,$0,$-7,$0,$0,$0,$-12,$-12,$0,$0,$-12,$-7,$0,$0
12,2015-09-30,9.11,$6.67,1.37,$6.32,1.44,$0.27,33.98,$0.19,47.95,$0.07B,$0.03B,2.69,$0.00B,$0.15B,0.0,$0.15B,$0.06B,41.50%,$0.15B,$0.00B,1.36%,$0.15B,$0.00B,1.36%,$0.15B,$0.00B,1.36%,$0.15B,$0.00B,1.36%,$0.15B,$0.01B,3.40%,$0.01B,$0.15B,3.40%,$0.01B,$0.14B,3.66%,$0.01B,$0.18B,2.66%,$0.00B,$0.15B,1.36%,$35,$21,$15,$9,$5,$35,$0,$0,$0,$0,$0,$0,$0,$0,$0,$22,23,$0.01,$0.01,$30,$12,$0,$69,$4,$88,$9,$13,$114,$183,$26,$0,$11,$13,$39,$0,$-90,$-1,$145,$183,$0,$0,$0,$0,$0,$0,$0,$0,$0,$4,$-2,$0,$0,$0,$-1,$-1,$0,$-2,$0,$0,$0,$-10,$-10,$0,$0,$-10,$-8,$0,$0
13,2015-06-30,10.33,$6.69,1.54,$6.37,1.62,$0.28,36.27,$0.21,49.19,$0.07B,$0.03B,2.35,$0.00B,$0.15B,0.0,$0.15B,$0.06B,40.94%,$0.15B,$0.00B,2.01%,$0.15B,$0.00B,2.01%,$0.15B,$0.00B,2.01%,$0.15B,$0.00B,2.01%,$0.15B,$0.01B,4.03%,$0.01B,$0.15B,4.10%,$0.01B,$0.14B,4.42%,$0.01B,$0.19B,3.17%,$0.00B,$0.15B,2.05%,$37,$22,$15,$9,$5,$37,$1,$0,$1,$0,$1,$1,$1,$1,$1,$22,24,$0.03,$0.03,$28,$14,$0,$69,$3,$94,$10,$13,$121,$190,$30,$0,$12,$13,$43,$0,$-89,$-1,$147,$190,$0,$0,$0,$0,$0,$0,$0,$0,$0,$2,$-1,$0,$0,$0,$-1,$-1,$0,$-2,$0,$0,$0,$-5,$-5,$0,$0,$-5,$-5,$0,$0
14,2015-03-31,11.98,$6.72,1.78,$6.38,1.88,$0.24,50.02,$0.23,52.09,$0.07B,$0.03B,2.55,$0.00B,$0.15B,0.0,$0.15B,$0.06B,41.22%,$0.15B,$0.00B,2.03%,$0.15B,$0.00B,2.03%,$0.15B,$0.00B,2.03%,$0.15B,$0.00B,2.03%,$0.15B,$0.01B,4.05%,$0.01B,$0.15B,4.12%,$0.01B,$0.14B,4.45%,$0.01B,$0.19B,3.19%,$0.00B,$0.15B,2.06%,$38,$23,$16,$9,$6,$38,$1,$0,$1,$0,$1,$1,$1,$1,$1,$22,24,$0.03,$0.03,$25,$14,$0,$69,$3,$95,$10,$12,$120,$189,$27,$0,$11,$13,$40,$0,$-88,$-1,$149,$189,$0,$0,$0,$0,$0,$0,$0,$0,$0,$-6,$-1,$0,$0,$0,$-0,$-0,$0,$-1,$0,$0,$0,$-0,$-0,$0,$0,$-0,$-7,$0,$0
15,2014-12-31,10.87,$6.71,1.62,$6.25,1.74,$0.27,40.01,$0.16,67.94,$0.07B,$0.03B,2.23,$0.00B,$0.15B,0.0,$0.14B,$0.06B,40.56%,$0.14B,$0.00B,0.70%,$0.14B,$0.00B,0.70%,$0.14B,$0.00B,0.70%,$0.14B,$0.00B,0.70%,$0.14B,$0.00B,2.80%,$0.00B,$0.15B,2.77%,$0.00B,$0.14B,3.01%,$0.00B,$0.19B,2.14%,$0.00B,$0.15B,0.69%,$37,$22,$15,$9,$6,$38,$-0,$0,$-0,$-3,$3,$3,$3,$-0,$-0,$22,23,$0.11,$0.12,$33,$16,$0,$71,$3,$94,$10,$12,$121,$191,$32,$0,$11,$13,$45,$0,$-85,$-2,$147,$191,$4,$3,$4,$7,$1,$-3,$1,$-1,$-0,$10,$-1,$0,$0,$0,$-1,$-1,$-1,$-3,$0,$0,$0,$-11,$-11,$0,$0,$-11,$-3,$0,$0
16,2014-09-30,8.87,$6.58,1.35,$6.18,1.44,$0.41,21.83,$0.06,147.83,$0.07B,$0.03B,2.12,$0.00B,$0.14B,0.0,$0.14B,$0.06B,40.43%,$0.14B,$0.00B,0.71%,$0.14B,$0.00B,0.71%,$0.14B,$0.00B,0.71%,$0.14B,$0.00B,0.71%,$0.14B,$0.00B,0.71%,$0.00B,$0.14B,0.69%,$0.00B,$0.13B,0.75%,$0.00B,$0.19B,0.54%,$0.00B,$0.14B,0.69%,$37,$22,$15,$8,$5,$36,$1,$0,$1,$-0,$1,$1,$1,$1,$1,$22,23,$0.04,$0.03,$24,$14,$0,$65,$3,$95,$11,$12,$121,$186,$31,$0,$12,$13,$44,$0,$-86,$-1,$142,$186,$0,$0,$0,$0,$0,$0,$0,$0,$0,$4,$-1,$0,$0,$0,$0,$0,$0,$-1,$0,$0,$0,$-12,$-12,$0,$0,$-12,$-9,$0,$0
17,2014-06-30,8.49,$6.59,1.29,$6.12,1.39,$0.46,18.31,$0.05,169.8,$0.07B,$0.03B,2.37,$0.00B,$0.14B,0.0,$0.14B,$0.06B,40.29%,$0.14B,0,0.00%,$0.14B,0,0.00%,$0.14B,0,0.00%,$0.14B,0,0.00%,$0.14B,0,0.00%,$0.00B,$0.14B,0.00%,$0.00B,$0.13B,0.00%,$0.00B,$0.19B,0.00%,$0.00B,$0.14B,0.00%,$36,$21,$15,$8,$6,$36,$1,$0,$1,$-0,$1,$1,$1,$1,$1,$22,23,$0.05,$0.05,$28,$12,$0,$66,$3,$94,$11,$12,$120,$186,$28,$0,$12,$14,$42,$0,$-86,$-1,$144,$186,$0,$0,$0,$0,$0,$0,$0,$0,$0,$1,$-1,$0,$0,$0,$2,$2,$0,$1,$0,$0,$0,$-7,$-7,$0,$0,$-7,$-6,$0,$0
18,2014-03-31,8.64,$6.50,1.33,$6.33,1.37,$0.46,18.82,$0.03,288.0,$0.07B,$0.03B,2.53,$0.00B,$0.14B,0.0,$0.14B,$0.06B,39.58%,$0.14B,$-0.00B,-0.69%,$0.14B,$-0.00B,-0.69%,$0.14B,$-0.00B,-0.69%,$0.14B,0,0.00%,$0.14B,0,0.00%,$0.00B,$0.14B,0.00%,$0.00B,$0.13B,0.00%,$0.00B,$0.18B,0.00%,$-0.00B,$0.14B,-0.68%,$33,$20,$13,$8,$6,$34,$-1,$0,$-1,$0,$-1,$-1,$-1,$-1,$-1,$22,22,$-0.04,$-0.04,$28,$12,$0,$66,$3,$91,$12,$12,$117,$183,$26,$0,$12,$14,$40,$0,$-87,$-1,$144,$183,$0,$0,$0,$0,$0,$0,$0,$0,$0,$-5,$-0,$0,$0,$0,$1,$1,$0,$1,$0,$0,$0,$-5,$-5,$0,$0,$-5,$-9,$0,$0
19,2013-12-31,9.71,$6.60,1.47,$6.64,1.46,$0.66,14.71,$0.12,80.92,$0.07B,$0.03B,2.34,$0.00B,$0.15B,0.0,$0.15B,$0.06B,39.74%,$0.15B,0,0.00%,$0.15B,0,0.00%,$0.15B,0,0.00%,$0.15B,$0.00B,1.32%,$0.15B,$0.00B,1.32%,$0.00B,$0.15B,1.36%,$0.00B,$0.14B,1.49%,$0.00B,$0.19B,1.05%,$0.00B,$0.15B,0.00%,$35,$21,$14,$9,$6,$36,$-0,$1,$0,$-0,$0,$0,$0,$-0,$-0,$22,23,$0.02,$0.02,$38,$12,$0,$74,$3,$90,$12,$13,$118,$192,$32,$0,$11,$13,$45,$0,$-84,$-1,$147,$192,$3,$4,$3,$6,$-0,$1,$0,$0,$4,$13,$-1,$0,$0,$0,$-7,$-7,$-2,$-10,$0,$0,$0,$-2,$-2,$0,$0,$-2,$2,$0,$0
20,2013-09-30,7.05,$6.63,1.06,$6.85,1.03,$0.55,12.83,$0.09,78.33,$0.07B,$0.03B,2.6,$0.00B,$0.15B,0.0,$0.15B,$0.06B,39.61%,$0.15B,$-0.00B,-0.65%,$0.15B,$-0.00B,-0.65%,$0.15B,$-0.00B,-0.65%,$0.15B,$0.00B,1.30%,$0.15B,$0.00B,1.30%,$0.00B,$0.15B,1.37%,$0.00B,$0.14B,1.50%,$0.00B,$0.19B,1.06%,$-0.00B,$0.15B,-0.68%,$35,$22,$14,$8,$5,$35,$-0,$1,$0,$0,$0,$0,$0,$-0,$-0,$23,23,$0.02,$0.02,$34,$13,$0,$74,$3,$91,$12,$11,$118,$191,$28,$0,$11,$13,$42,$0,$-82,$-1,$150,$191,$0,$0,$0,$0,$0,$0,$0,$0,$0,$5,$-1,$0,$0,$0,$-10,$-10,$0,$-11,$0,$0,$0,$2,$2,$0,$0,$2,$-4,$0,$0
21,2013-06-30,8.31,$6.61,1.26,$7.00,1.19,$0.38,21.87,$-0.04,0.0,$0.08B,$0.03B,2.61,$0.00B,$0.15B,0.0,$0.16B,$0.06B,39.10%,$0.16B,$-0.00B,-2.56%,$0.16B,$-0.00B,-2.56%,$0.16B,$-0.00B,-2.56%,$0.16B,$-0.00B,-0.64%,$0.16B,0,0.00%,$0.00B,$0.15B,0.00%,$0.00B,$0.13B,0.00%,$0.00B,$0.19B,0.00%,$-0.00B,$0.15B,-2.77%,$41,$25,$16,$9,$7,$41,$0,$1,$1,$0,$1,$1,$1,$0,$0,$22,23,$0.03,$0.03,$35,$15,$0,$78,$3,$85,$13,$11,$111,$189,$30,$0,$11,$13,$43,$0,$-80,$-1,$147,$189,$0,$0,$0,$0,$0,$0,$0,$0,$0,$0,$-1,$0,$0,$0,$-7,$-7,$0,$-8,$0,$0,$0,$1,$1,$0,$0,$1,$-6,$0,$0
22,2013-03-31,8.07,$6.64,1.22,$7.25,1.11,$0.44,18.2,$-0.17,0.0,$0.08B,$0.03B,2.59,$0.00B,$0.15B,0.0,$0.16B,$0.06B,38.99%,$0.16B,$-0.01B,-4.40%,$0.16B,$-0.01B,-4.40%,$0.16B,$-0.01B,-4.40%,$0.16B,$-0.00B,-2.52%,$0.16B,$-0.00B,-1.89%,$-0.00B,$0.15B,-2.10%,$-0.00B,$0.13B,-2.32%,$-0.00B,$0.19B,-1.62%,$-0.01B,$0.15B,-4.90%,$40,$24,$16,$9,$6,$39,$0,$1,$1,$-0,$1,$1,$1,$0,$0,$22,22,$0.05,$0.05,$37,$14,$0,$79,$4,$83,$13,$10,$110,$189,$31,$0,$10,$13,$43,$0,$-80,$1,$146,$189,$0,$0,$0,$0,$0,$0,$0,$0,$0,$-0,$-0,$0,$0,$0,$-2,$-2,$0,$-2,$0,$0,$0,$0,$0,$0,$0,$0,$-2,$0,$0
23,2012-12-31,5.76,$6.56,0.88,$7.40,0.78,$0.44,13.02,$-0.36,0.0,$0.08B,$0.03B,2.64,$0.00B,$0.14B,0.0,$0.16B,$0.06B,38.04%,$0.16B,$-0.01B,-6.75%,$0.16B,$-0.01B,-6.75%,$0.16B,$-0.01B,-6.75%,$0.16B,$-0.01B,-4.91%,$0.16B,$-0.01B,-4.29%,$-0.01B,$0.14B,-4.91%,$-0.01B,$0.13B,-5.43%,$-0.01B,$0.19B,-3.76%,$-0.01B,$0.14B,-7.72%,$38,$24,$15,$10,$5,$39,$-1,$1,$-0,$0,$-0,$-0,$-0,$-1,$-1,$22,22,$-0.02,$-0.02,$42,$13,$0,$79,$4,$78,$14,$10,$106,$185,$30,$0,$10,$13,$43,$0,$-79,$1,$142,$185,$-8,$5,$4,$10,$7,$4,$-4,$0,$9,$10,$-1,$0,$0,$0,$2,$2,$0,$1,$0,$0,$0,$-8,$-8,$0,$0,$-8,$4,$0,$0
24,2012-09-30,5.94,$6.52,0.91,$7.29,0.82,$-0.10,0.0,$-0.56,0.0,$0.08B,$0.03B,2.95,$0.00B,$0.14B,0.0,$0.16B,$0.06B,37.42%,$0.16B,$-0.02B,-10.43%,$0.16B,$-0.02B,-10.43%,$0.16B,$-0.02B,-10.43%,$0.16B,$-0.01B,-7.98%,$0.16B,$-0.01B,-7.36%,$-0.01B,$0.14B,-8.32%,$-0.01B,$0.13B,-9.23%,$-0.01B,$0.18B,-6.34%,$-0.02B,$0.14B,-11.79%,$37,$23,$14,$10,$6,$40,$-3,$1,$-3,$-0,$-2,$-2,$-2,$-3,$-3,$22,22,$-0.11,$-0.11,$40,$15,$0,$82,$4,$72,$13,$10,$99,$181,$28,$0,$10,$11,$39,$0,$-79,$1,$142,$181,$0,$0,$0,$0,$0,$0,$0,$0,$0,$1,$-1,$0,$0,$0,$8,$8,$0,$8,$0,$0,$0,$-8,$-8,$0,$0,$-8,$1,$0,$0
25,2012-06-30,6.34,$6.53,0.97,$7.67,0.83,$-0.15,0.0,$-0.66,0.0,$0.09B,$0.03B,2.55,$0.00B,$0.14B,0.0,$0.17B,$0.07B,37.36%,$0.17B,$-0.02B,-10.92%,$0.17B,$-0.02B,-10.92%,$0.17B,$-0.02B,-10.92%,$0.17B,$-0.02B,-8.62%,$0.17B,$-0.02B,-8.62%,$-0.02B,$0.14B,-10.15%,$-0.02B,$0.13B,-11.05%,$-0.02B,$0.19B,-7.69%,$-0.02B,$0.14B,-12.86%,$44,$28,$17,$11,$7,$47,$-3,$1,$-2,$0,$-2,$-2,$-2,$-3,$-3,$22,22,$-0.10,$-0.10,$41,$17,$0,$87,$5,$71,$13,$11,$99,$186,$34,$0,$10,$11,$45,$0,$-76,$-1,$141,$186,$0,$0,$0,$0,$0,$0,$0,$0,$0,$2,$-1,$0,$0,$0,$10,$10,$0,$10,$0,$0,$0,$-8,$-8,$0,$0,$-8,$4,$0,$0
26,2012-03-31,6.66,$6.58,1.01,$8.14,0.82,$-0.24,0.0,$-0.65,0.0,$0.10B,$0.04B,2.74,$0.00B,$0.15B,0.0,$0.19B,$0.07B,37.04%,$0.19B,$-0.02B,-9.52%,$0.19B,$-0.02B,-9.52%,$0.19B,$-0.02B,-9.52%,$0.19B,$-0.02B,-7.94%,$0.19B,$-0.02B,-7.94%,$-0.02B,$0.15B,-9.77%,$-0.02B,$0.13B,-10.45%,$-0.02B,$0.19B,-7.32%,$-0.02B,$0.15B,-11.73%,$44,$28,$16,$12,$7,$47,$-4,$0,$-3,$0,$-3,$-3,$-3,$-4,$-4,$23,23,$-0.14,$-0.14,$48,$17,$0,$96,$5,$66,$14,$11,$96,$192,$35,$0,$11,$12,$47,$0,$-73,$-0,$145,$192,$0,$0,$0,$0,$0,$0,$0,$0,$0,$-1,$-0,$0,$0,$0,$5,$5,$0,$5,$0,$0,$0,$-4,$-4,$0,$0,$-4,$1,$0,$0
27,2011-12-31,5.21,$6.60,0.79,$8.30,0.63,$-0.25,0.0,$-0.71,0.0,$0.10B,$0.04B,2.65,$0.00B,$0.15B,0.0,$0.19B,$0.07B,36.60%,$0.19B,$-0.02B,-10.31%,$0.19B,$-0.02B,-10.31%,$0.19B,$-0.02B,-10.31%,$0.19B,$-0.02B,-8.76%,$0.19B,$-0.02B,-8.76%,$-0.02B,$0.15B,-10.74%,$-0.02B,$0.13B,-11.35%,$-0.02B,$0.20B,-8.02%,$-0.02B,$0.15B,-12.64%,$38,$25,$14,$12,$7,$45,$-7,$2,$-5,$-0,$-5,$-5,$-5,$-7,$-7,$23,23,$-0.21,$-0.21,$49,$16,$0,$96,$6,$69,$16,$10,$101,$198,$36,$0,$10,$13,$49,$0,$-69,$-2,$149,$198,$-16,$12,$5,$17,$-0,$2,$-1,$0,$-1,$-1,$-2,$0,$-8,$0,$4,$4,$0,$-7,$0,$0,$0,$-8,$-8,$0,$0,$-8,$-16,$0,$0
28,2011-09-30,5.9,$6.77,0.87,$8.52,0.69,$0.69,8.56,$-0.88,0.0,$0.11B,$0.04B,3.01,$0.00B,$0.16B,0.0,$0.20B,$0.07B,36.68%,$0.20B,$-0.02B,-11.06%,$0.20B,$-0.02B,-11.06%,$0.20B,$-0.02B,-11.06%,$0.20B,$-0.02B,-10.55%,$0.20B,$-0.02B,-10.55%,$-0.02B,$0.16B,-12.90%,$-0.02B,$0.15B,-13.48%,$-0.02B,$0.20B,-9.62%,$-0.02B,$0.16B,-13.52%,$48,$31,$18,$13,$7,$54,$-5,$0,$-5,$0,$-5,$-5,$-5,$-5,$-5,$23,23,$-0.21,$-0.21,$62,$15,$0,$112,$6,$72,$4,$11,$93,$204,$37,$0,$11,$12,$49,$0,$-64,$-1,$156,$204,$0,$0,$0,$0,$0,$0,$0,$0,$0,$1,$-2,$0,$0,$0,$1,$1,$0,$-1,$0,$0,$0,$-5,$-5,$0,$0,$-5,$-5,$0,$0
29,2011-06-30,8.7,$7.04,1.24,$9.23,0.94,$1.12,7.78,$-0.59,0.0,$0.13B,$0.05B,2.55,$0.00B,$0.16B,0.0,$0.22B,$0.08B,37.04%,$0.22B,$-0.02B,-7.41%,$0.22B,$-0.02B,-7.41%,$0.22B,$-0.02B,-7.41%,$0.22B,$-0.02B,-6.94%,$0.22B,$-0.01B,-6.48%,$-0.01B,$0.16B,-8.35%,$-0.01B,$0.16B,-8.83%,$-0.01B,$0.23B,-6.18%,$-0.02B,$0.16B,-9.54%,$59,$37,$22,$14,$8,$61,$-2,$0,$-2,$0,$-2,$-2,$-2,$-2,$-2,$23,23,$-0.09,$-0.09,$65,$18,$0,$126,$7,$75,$6,$12,$100,$226,$50,$0,$12,$13,$62,$0,$-58,$1,$164,$226,$0,$0,$0,$0,$0,$0,$0,$0,$0,$1,$-2,$0,$0,$0,$-0,$-0,$0,$-2,$0,$0,$0,$-2,$-2,$0,$0,$-2,$-3,$0,$0
30,2011-03-31,7.7,$7.03,1.1,$9.36,0.82,$1.11,6.92,$-0.52,0.0,$0.11B,$0.04B,2.75,$0.00B,$0.16B,0.0,$0.22B,$0.08B,37.16%,$0.22B,$-0.02B,-6.88%,$0.22B,$-0.02B,-6.88%,$0.22B,$-0.02B,-6.88%,$0.22B,$-0.01B,-5.96%,$0.22B,$-0.01B,-5.50%,$-0.01B,$0.16B,-7.10%,$-0.01B,$0.16B,-7.62%,$-0.01B,$0.22B,-5.29%,$-0.02B,$0.16B,-8.88%,$49,$32,$17,$14,$7,$54,$-6,$0,$-5,$-1,$-5,$-5,$-5,$-6,$-6,$23,23,$-0.19,$-0.19,$62,$16,$0,$114,$7,$77,$8,$12,$106,$220,$42,$0,$13,$14,$55,$0,$-55,$0,$164,$220,$0,$0,$0,$0,$0,$0,$0,$0,$0,$-0,$-1,$0,$0,$0,$5,$5,$0,$4,$0,$0,$0,$-1,$-1,$0,$0,$-1,$3,$0,$0
31,2010-12-31,8.14,$7.19,1.13,$9.71,0.84,$0.98,8.34,$-0.33,0.0,$0.11B,$0.04B,2.71,$0.00B,$0.17B,0.0,$0.23B,$0.09B,39.11%,$0.23B,$-0.01B,-4.44%,$0.23B,$-0.01B,-4.44%,$0.23B,$-0.01B,-4.44%,$0.23B,$-0.01B,-3.56%,$0.23B,$-0.01B,-3.11%,$-0.01B,$0.17B,-4.11%,$-0.01B,$0.16B,-4.48%,$-0.01B,$0.22B,-3.09%,$-0.01B,$0.17B,-5.87%,$43,$28,$16,$14,$8,$52,$-9,$0,$-9,$0,$-9,$-9,$-9,$-9,$-9,$23,23,$-0.37,$-0.37,$64,$19,$0,$114,$8,$78,$10,$12,$108,$223,$42,$0,$12,$13,$55,$0,$-49,$0,$167,$223,$-7,$16,$10,$25,$11,$-7,$1,$-0,$5,$22,$-3,$0,$0,$0,$-22,$-22,$0,$-26,$0,$0,$0,$-1,$-1,$0,$0,$-1,$-4,$0,$0
32,2010-09-30,7.0,$7.54,0.93,$10.15,0.69,$1.09,6.39,$-0.08,0.0,$0.13B,$0.05B,2.71,$0.00B,$0.18B,0.0,$0.24B,$0.09B,39.24%,$0.24B,$-0.01B,-2.11%,$0.24B,$-0.01B,-2.11%,$0.24B,$-0.01B,-2.11%,$0.24B,$-0.00B,-0.84%,$0.24B,$-0.00B,-0.42%,$-0.00B,$0.18B,-0.59%,$-0.00B,$0.16B,-0.65%,$-0.00B,$0.24B,-0.44%,$-0.01B,$0.18B,-2.95%,$65,$40,$25,$14,$8,$65,$1,$0,$1,$-1,$2,$2,$2,$1,$1,$23,23,$0.08,$0.08,$61,$17,$0,$132,$8,$71,$13,$13,$105,$237,$49,$0,$12,$13,$61,$0,$-40,$2,$176,$237,$0,$0,$0,$0,$0,$0,$0,$0,$0,$12,$-3,$0,$0,$0,$-17,$-17,$0,$-20,$0,$0,$0,$0,$0,$0,$0,$0,$-8,$0,$0
33,2010-06-30,6.39,$7.30,0.88,$10.14,0.63,$1.15,5.57,$0.13,49.15,$0.14B,$0.05B,2.9,$0.00B,$0.17B,0.0,$0.24B,$0.09B,39.08%,$0.24B,$-0.01B,-3.36%,$0.24B,$-0.01B,-3.36%,$0.24B,$-0.01B,-3.36%,$0.24B,$-0.00B,-1.68%,$0.24B,$0.00B,1.68%,$0.00B,$0.17B,2.39%,$0.00B,$0.15B,2.70%,$0.00B,$0.23B,1.80%,$-0.01B,$0.17B,-4.78%,$61,$38,$23,$14,$8,$61,$-1,$0,$-0,$0,$-0,$-0,$-0,$-1,$-1,$23,23,$-0.02,$-0.02,$67,$15,$0,$135,$9,$55,$15,$12,$92,$227,$47,$0,$11,$12,$58,$0,$-41,$-0,$169,$227,$0,$0,$0,$0,$0,$0,$0,$0,$0,$1,$-2,$0,$0,$0,$-6,$-6,$0,$-8,$0,$0,$0,$0,$0,$0,$0,$0,$-7,$0,$0
34,2010-03-31,8.33,$7.31,1.14,$9.80,0.85,$1.56,5.34,$0.08,104.13,$0.12B,$0.04B,3.19,$0.00B,$0.17B,0.0,$0.23B,$0.09B,38.86%,$0.23B,$-0.01B,-5.68%,$0.23B,$-0.01B,-5.68%,$0.23B,$-0.01B,-5.68%,$0.23B,$-0.01B,-3.93%,$0.23B,$0.00B,0.87%,$0.00B,$0.17B,1.22%,$0.00B,$0.15B,1.41%,$0.00B,$0.22B,0.91%,$-0.01B,$0.17B,-7.95%,$56,$33,$24,$13,$8,$57,$-1,$0,$-0,$0,$-0,$-0,$-0,$-1,$-1,$23,23,$-0.01,$-0.01,$62,$12,$0,$121,$10,$59,$18,$11,$98,$219,$38,$0,$11,$12,$50,$0,$-41,$2,$169,$219,$0,$0,$0,$0,$0,$0,$0,$0,$0,$-3,$-1,$0,$0,$0,$5,$5,$0,$3,$0,$0,$0,$0,$0,$0,$0,$0,$0,$0,$0
35,2009-12-31,5.63,$7.23,0.78,$8.90,0.63,$1.87,3.01,$-0.32,0.0,$0.11B,$0.04B,2.59,$0.00B,$0.17B,0.0,$0.21B,$0.08B,36.62%,$0.21B,$-0.02B,-11.27%,$0.21B,$-0.02B,-11.27%,$0.21B,$-0.02B,-11.27%,$0.21B,$-0.02B,-9.39%,$0.21B,$-0.01B,-4.23%,$-0.01B,$0.17B,-5.67%,$-0.01B,$0.15B,-6.72%,$-0.01B,$0.22B,-4.15%,$-0.02B,$0.17B,-15.12%,$55,$33,$21,$14,$8,$58,$-4,$1,$-3,$-0,$-3,$-3,$-3,$-4,$-4,$24,24,$-0.18,$-0.17,$58,$12,$0,$111,$10,$68,$20,$11,$109,$220,$43,$0,$11,$12,$54,$0,$-39,$2,$165,$220,$-8,$19,$11,$30,$17,$2,$7,$-8,$5,$27,$-5,$0,$0,$0,$-31,$-31,$-2,$-37,$0,$0,$0,$-20,$-20,$0,$0,$-20,$-31,$0,$0
36,2009-09-30,8.14,$7.23,1.13,$9.11,0.89,$1.23,6.63,$-7.42,0.0,$0.12B,$0.05B,2.67,$0.00B,$0.17B,0.0,$0.23B,$0.09B,36.96%,$0.23B,$-0.21B,-89.57%,$0.23B,$-0.21B,-89.57%,$0.23B,$-0.21B,-89.57%,$0.23B,$-0.21B,-89.13%,$0.23B,$-0.20B,-86.96%,$-0.20B,$0.17B,-123.27%,$-0.20B,$0.14B,-148.98%,$-0.20B,$0.22B,-89.19%,$-0.21B,$0.17B,-126.96%,$66,$41,$25,$15,$8,$67,$-2,$1,$-1,$-8,$7,$7,$7,$-2,$-2,$23,24,$0.30,$0.29,$55,$13,$0,$119,$11,$58,$24,$10,$103,$222,$45,$0,$10,$12,$57,$0,$-36,$2,$166,$222,$0,$0,$0,$0,$0,$0,$0,$0,$0,$14,$-4,$0,$0,$0,$-21,$-21,$0,$-25,$0,$0,$0,$-20,$-20,$0,$0,$-20,$-31,$0,$0
37,2009-06-30,6.76,$6.80,0.99,$9.49,0.71,$0.80,8.46,$-7.82,0.0,$0.13B,$0.05B,2.51,$0.00B,$0.15B,0.0,$0.25B,$0.09B,37.05%,$0.25B,$-0.21B,-82.47%,$0.25B,$-0.21B,-82.47%,$0.25B,$-0.21B,-82.47%,$0.25B,$-0.21B,-82.47%,$0.25B,$-0.21B,-83.67%,$-0.21B,$0.15B,-97.90%,$-0.21B,$0.13B,-153.01%,$-0.21B,$0.22B,-74.14%,$-0.21B,$0.15B,-96.50%,$52,$33,$19,$14,$8,$58,$-6,$1,$-5,$-4,$-2,$-2,$-2,$-6,$-6,$23,23,$-0.07,$-0.07,$71,$13,$0,$129,$12,$40,$27,$10,$88,$217,$51,$0,$9,$11,$62,$0,$-42,$1,$154,$217,$0,$0,$0,$0,$0,$0,$0,$0,$0,$12,$-3,$0,$0,$0,$-11,$-11,$0,$-14,$0,$0,$0,$-20,$-20,$0,$0,$-20,$-23,$0,$0
38,2009-03-31,4.32,$6.61,0.65,$9.82,0.44,$0.22,20.09,$-8.01,0.0,$0.12B,$0.05B,2.54,$0.00B,$0.15B,0.0,$0.27B,$0.10B,36.63%,$0.27B,$-0.21B,-76.92%,$0.27B,$-0.21B,-76.92%,$0.27B,$-0.21B,-76.92%,$0.27B,$-0.21B,-76.92%,$0.27B,$-0.22B,-78.75%,$-0.22B,$0.15B,-79.34%,$-0.22B,$0.12B,-149.83%,$-0.22B,$0.21B,-62.32%,$-0.21B,$0.15B,-77.49%,$40,$27,$13,$14,$8,$52,$-12,$1,$-11,$-0,$-11,$-11,$-11,$-12,$-12,$26,26,$-0.41,$-0.41,$70,$12,$0,$124,$13,$34,$30,$8,$85,$209,$49,$0,$8,$10,$58,$0,$-40,$-2,$150,$209,$0,$0,$0,$0,$0,$0,$0,$0,$0,$5,$-1,$0,$0,$0,$-7,$-7,$0,$-8,$0,$0,$0,$-20,$-20,$0,$0,$-20,$-24,$0,$0
39,2008-12-31,8.02,$6.68,1.2,$10.67,0.75,$-0.05,0.0,$-7.85,0.0,$0.15B,$0.06B,2.53,$0.00B,$0.18B,0.0,$0.31B,$0.11B,37.25%,$0.31B,$-0.21B,-67.65%,$0.31B,$-0.21B,-67.65%,$0.31B,$-0.21B,-67.65%,$0.31B,$-0.21B,-67.65%,$0.31B,$-0.21B,-69.28%,$-0.21B,$0.18B,-63.66%,$-0.21B,$0.15B,-137.44%,$-0.21B,$0.25B,-51.27%,$-0.21B,$0.18B,-62.16%,$72,$43,$28,$17,$10,$258,$-186,$-2,$-188,$6,$-194,$-194,$-194,$-186,$-186,$28,28,$-6.86,$-6.86,$81,$14,$0,$153,$15,$40,$33,$9,$96,$249,$60,$0,$8,$10,$71,$0,$-28,$0,$179,$249,$-212,$212,$25,$238,$5,$2,$-7,$-6,$-9,$16,$-8,$0,$-1,$0,$41,$41,$0,$32,$0,$0,$0,$-49,$-49,$0,$0,$-49,$-1,$0,$0
40,2008-09-30,7.65,$13.59,0.56,$11.03,0.69,$1.43,5.36,$-0.67,0.0,$0.16B,$0.07B,2.17,$0.00B,$0.38B,0.0,$0.32B,$0.12B,38.24%,$0.32B,$-0.02B,-7.52%,$0.32B,$-0.02B,-7.52%,$0.32B,$-0.02B,-7.52%,$0.32B,$-0.02B,-6.27%,$0.32B,$-0.02B,-6.27%,$-0.02B,$0.38B,-5.07%,$-0.02B,$0.15B,-12.16%,$-0.02B,$0.46B,-4.17%,$-0.02B,$0.38B,-6.08%,$87,$55,$33,$18,$10,$90,$-3,$-0,$-3,$0,$-3,$-3,$-3,$-3,$-3,$28,28,$-0.11,$-0.11,$74,$22,$0,$156,$16,$47,$220,$10,$302,$458,$72,$0,$9,$12,$84,$0,$166,$-0,$375,$458,$0,$0,$0,$0,$0,$0,$0,$0,$0,$8,$-8,$0,$-1,$0,$39,$39,$0,$30,$0,$0,$0,$-44,$-44,$0,$0,$-44,$-5,$0,$0
41,2008-06-30,7.0,$13.53,0.52,$9.98,0.7,$2.11,3.31,$-0.81,0.0,$0.15B,$0.07B,2.13,$0.00B,$0.38B,0.0,$0.29B,$0.11B,38.78%,$0.29B,$-0.03B,-10.54%,$0.29B,$-0.03B,-10.54%,$0.29B,$-0.03B,-10.54%,$0.29B,$-0.03B,-8.50%,$0.29B,$-0.02B,-8.16%,$-0.02B,$0.38B,-5.84%,$-0.02B,$0.15B,-13.73%,$-0.02B,$0.46B,-4.86%,$-0.03B,$0.38B,-7.54%,$74,$48,$26,$19,$10,$83,$-9,$1,$-8,$-1,$-7,$-7,$-7,$-9,$-9,$28,28,$-0.26,$-0.26,$73,$20,$0,$154,$17,$49,$227,$10,$310,$464,$72,$0,$9,$11,$84,$0,$171,$1,$380,$464,$0,$0,$0,$0,$0,$0,$0,$0,$0,$1,$-7,$0,$0,$0,$31,$31,$-1,$24,$0,$0,$0,$-38,$-38,$0,$0,$-38,$-13,$0,$0
42,2008-03-31,12.74,$13.64,0.93,$9.20,1.38,$2.78,4.58,$-0.45,0.0,$0.18B,$0.07B,2.48,$0.00B,$0.40B,0.0,$0.27B,$0.11B,40.07%,$0.27B,$-0.02B,-7.72%,$0.27B,$-0.02B,-7.72%,$0.27B,$-0.02B,-7.72%,$0.27B,$-0.01B,-4.78%,$0.27B,$-0.01B,-5.15%,$-0.01B,$0.40B,-3.42%,$-0.01B,$0.16B,-6.12%,$-0.01B,$0.48B,-2.89%,$-0.02B,$0.40B,-5.13%,$73,$46,$27,$20,$10,$82,$-9,$1,$-8,$-0,$-8,$-8,$-8,$-9,$-9,$31,31,$-0.25,$-0.25,$104,$18,$0,$183,$18,$35,$233,$9,$301,$483,$74,$0,$9,$12,$86,$0,$179,$2,$398,$483,$0,$0,$0,$0,$0,$0,$0,$0,$0,$-0,$-4,$0,$0,$0,$29,$29,$-1,$24,$0,$0,$0,$-24,$-24,$0,$0,$-24,$-0,$0,$0
43,2007-12-31,12.2,$13.60,0.9,$8.54,1.43,$3.12,3.91,$-0.15,0.0,$0.21B,$0.08B,2.77,$0.00B,$0.43B,0.0,$0.25B,$0.10B,40.73%,$0.25B,$-0.01B,-5.24%,$0.25B,$-0.01B,-5.24%,$0.25B,$-0.01B,-5.24%,$0.25B,$-0.00B,-1.21%,$0.25B,$-0.01B,-2.02%,$-0.01B,$0.43B,-1.24%,$-0.01B,$0.19B,-1.78%,$-0.01B,$0.51B,-1.06%,$-0.01B,$0.43B,-3.23%,$85,$50,$36,$19,$10,$88,$-3,$1,$-1,$0,$-2,$-2,$-2,$-3,$-3,$29,29,$-0.06,$-0.06,$133,$16,$0,$213,$14,$34,$238,$8,$299,$513,$77,$0,$9,$11,$88,$0,$187,$1,$425,$513,$-5,$18,$21,$39,$-7,$1,$7,$11,$21,$55,$-3,$0,$-206,$0,$208,$208,$0,$-1,$0,$0,$0,$-23,$-23,$0,$0,$-22,$32,$0,$0
44,2007-09-30,15.83,$13.62,1.16,$7.00,2.26,$2.13,7.43,$-0.04,0.0,$0.19B,$0.07B,2.88,$0.00B,$0.44B,0.0,$0.20B,$0.08B,39.90%,$0.20B,$-0.01B,-6.40%,$0.20B,$-0.01B,-6.40%,$0.20B,$-0.01B,-6.40%,$0.20B,$-0.00B,-0.99%,$0.20B,$-0.00B,-0.49%,$-0.00B,$0.44B,-0.26%,$-0.00B,$0.20B,-0.31%,$-0.00B,$0.52B,-0.22%,$-0.01B,$0.44B,-3.35%,$62,$37,$25,$14,$8,$72,$-10,$3,$-8,$-0,$-7,$-7,$-7,$-10,$-10,$29,30,$-0.25,$-0.25,$108,$16,$0,$192,$15,$51,$246,$7,$324,$517,$67,$0,$7,$8,$75,$0,$189,$1,$442,$517,$0,$0,$0,$0,$0,$0,$0,$0,$0,$23,$-3,$0,$-201,$0,$186,$186,$0,$-18,$0,$0,$0,$-5,$-5,$0,$0,$-5,$1,$0,$0
45,2007-06-30,20.47,$13.19,1.55,$7.05,2.9,$2.06,9.91,$0.48,42.65,$0.32B,$0.05B,6.48,$0.00B,$0.37B,0.0,$0.21B,$0.08B,40.00%,$0.21B,$0.00B,1.95%,$0.21B,$0.00B,1.95%,$0.21B,$0.00B,1.95%,$0.21B,$0.02B,7.80%,$0.21B,$0.01B,6.83%,$0.01B,$0.37B,3.76%,$0.01B,$0.37B,3.78%,$0.01B,$0.43B,3.29%,$0.00B,$0.37B,1.07%,$52,$31,$21,$12,$7,$51,$1,$3,$4,$1,$3,$3,$3,$1,$1,$28,28,$0.10,$0.10,$273,$11,$0,$322,$13,$81,$2,$7,$105,$427,$50,$0,$6,$6,$56,$0,$197,$-2,$371,$427,$0,$0,$0,$0,$0,$0,$0,$0,$0,$15,$-2,$0,$0,$0,$15,$15,$0,$13,$0,$0,$0,$-5,$-5,$0,$0,$-5,$23,$0,$0
46,2007-03-31,19.0,$13.07,1.45,$7.19,2.64,$1.74,10.92,$0.61,31.15,$0.22B,$0.05B,4.51,$0.00B,$0.37B,0.0,$0.21B,$0.09B,40.19%,$0.21B,$0.01B,4.21%,$0.21B,$0.01B,4.21%,$0.21B,$0.01B,4.21%,$0.21B,$0.02B,9.81%,$0.21B,$0.02B,8.41%,$0.02B,$0.37B,4.82%,$0.02B,$0.37B,4.86%,$0.02B,$0.43B,4.24%,$0.01B,$0.37B,2.41%,$49,$30,$19,$13,$8,$51,$-1,$4,$2,$1,$1,$1,$1,$-1,$-1,$28,29,$0.05,$0.05,$169,$13,$0,$215,$14,$186,$2,$7,$211,$426,$48,$0,$6,$6,$54,$0,$194,$0,$372,$426,$0,$0,$0,$0,$0,$0,$0,$0,$0,$7,$-1,$0,$0,$0,$-9,$-9,$0,$-10,$0,$0,$0,$1,$1,$0,$0,$1,$-2,$0,$0
47,2006-12-31,21.7,$12.92,1.68,$7.16,3.03,$1.64,13.22,$0.74,29.32,$0.21B,$0.04B,5.12,$0.00B,$0.37B,0.0,$0.22B,$0.09B,41.01%,$0.22B,$0.01B,6.45%,$0.22B,$0.01B,6.45%,$0.22B,$0.01B,6.45%,$0.22B,$0.03B,11.98%,$0.22B,$0.02B,10.60%,$0.02B,$0.37B,6.10%,$0.02B,$0.36B,6.15%,$0.02B,$0.41B,5.37%,$0.01B,$0.37B,3.72%,$40,$25,$16,$12,$7,$44,$-3,$3,$0,$-1,$2,$2,$2,$-3,$-3,$29,30,$0.05,$0.06,$170,$14,$0,$211,$13,$179,$3,$6,$203,$414,$41,$0,$6,$6,$47,$0,$195,$0,$367,$414,$22,$7,$11,$19,$-7,$-2,$-1,$-0,$-11,$30,$-7,$0,$0,$0,$-18,$-18,$0,$-25,$0,$0,$0,$-19,$-19,$0,$1,$-19,$-13,$0,$0
