,Date,Stock Price,Book Value per Share,Price to Book Ratio,TTM Sales per Share,Price to Sales Ratio,TTM FCF per Share,Price to FCF Ratio,TTM Net EPS,PE Ratio,Current Assets,Current Liabilities,Current Ratio,Long Term Debt,Shareholder's Equity_x,Debt to Equity Ratio,TTM Revenue_x,TTM Gross Profit,Gross Margin,TTM Revenue_y,TTM Operating Income,Operating Margin,TTM Revenue_x,TTM EBIT,EBIT Margin,TTM Revenue_y,TTM EBITDA,EBITDA Margin,TTM Revenue_x,TTM Pre-Tax Income,Pre-Tax Margin,TTM Revenue_y,TTM Net Income_x,Net Margin,TTM Net Income_y,Shareholder's Equity_y,Return on Equity,TTM Net Income_x,Tangible Equity,Return on Tangible Equity,TTM Net Income_y,Total Assets,Return on Assets,TTM Net Income,LT Investments & Debt,Return on Investment,revenue,cost-goods-sold,gross-profit,research-development-expenses,selling-general-administrative-expenses,operating-expenses,operating-income,total-non-operating-income-expense,pre-tax-income,total-provision-income-taxes,income-after-taxes,income-from-continuous-operations,net-income,ebitda,ebit,basic-shares-outstanding,shares-outstanding,eps-basic-net-earnings-per-share,eps-earnings-per-share-diluted,cash-on-hand,inventory,other-current-assets,total-current-assets,net-property-plant-equipment,long-term-investments,goodwill-intangible-assets-total,other-long-term-assets,total-long-term-assets,total-assets,total-current-liabilities,long-term-debt,other-non-current-liabilities,total-long-term-liabilities,total-liabilities,common-stock-net,retained-earnings-accumulated-deficit,comprehensive-income,total-share-holder-equity,total-liabilities-share-holders-equity,net-income-loss,total-depreciation-amortization-cash-flow,other-non-cash-items,total-non-cash-items,change-in-accounts-receivable,change-in-inventories,change-in-accounts-payable,change-in-assets-liabilities,total-change-in-assets-liabilities,cash-flow-from-operating-activities,net-change-in-property-plant-equipment,net-change-in-intangible-assets,net-acquisitions-divestitures,net-change-in-short-term-investments,net-change-in-long-term-investments,net-change-in-investments-total,investing-activities-other,cash-flow-from-investing-activities,net-long-term-debt,net-current-debt,debt-issuance-retirement-net-total,net-common-equity-issued-repurchased,net-total-equity-issued-repurchased,total-common-preferred-stock-dividends-paid,financial-activities-other,cash-flow-from-financial-activities,net-cash-flow,stock-based-compensation,common-stock-dividends-paid
0,2018-07-31,27.44,$11.45,2.4,$36.39,0.75,$3.91,7.01,$0.02,1372.0,$0.98B,$0.38B,2.6,$0.00B,$0.92B,0.0,$2.93B,$0.85B,29.14%,$2.93B,$0.10B,3.38%,$2.93B,$0.10B,3.38%,$2.93B,$0.18B,6.04%,$2.93B,$0.05B,1.84%,$2.93B,$0.00B,0.07%,$0.00B,$0.92B,0.21%,$0.00B,$0.87B,0.22%,$0.00B,$1.45B,0.14%,$0.10B,$0.92B,10.47%,$795,$540,$256,$0,$0,$771,$24,$-47,$-22,$16,$-38,$-38,$-38,$45,$24,$80,80,$-0.48,$-0.48,$289,$597,$0,$977,$388,$0,$46,$20,$468,$1445,$375,$0,$150,$150,$526,$972,$301,$-2,$919,$1445,$-14,$38,$113,$151,$4,$-37,$26,$-15,$-30,$107,$-32,$-16,$-28,$-17,$67,$51,$0,$-26,$0,$0,$0,$1,$1,$-40,$-3,$-41,$40,$10,$-40
1,2018-04-30,22.09,$11.98,1.84,$34.94,0.63,$3.19,6.92,$0.85,25.99,$0.88B,$0.33B,2.7,$0.00B,$0.96B,0.0,$2.82B,$0.80B,28.34%,$2.82B,$0.12B,4.33%,$2.82B,$0.12B,4.33%,$2.82B,$0.20B,7.09%,$2.82B,$0.12B,4.36%,$2.82B,$0.07B,2.45%,$0.07B,$0.96B,7.18%,$0.07B,$0.94B,7.56%,$0.07B,$1.43B,4.81%,$0.12B,$0.96B,12.70%,$712,$505,$207,$0,$0,$674,$38,$-1,$37,$11,$26,$24,$24,$56,$38,$80,81,$0.30,$0.30,$269,$540,$0,$879,$353,$2,$26,$20,$553,$1432,$325,$0,$145,$145,$471,$966,$359,$-13,$961,$1432,$24,$18,$7,$25,$6,$-38,$13,$2,$-24,$25,$-18,$0,$0,$52,$0,$52,$-16,$18,$0,$0,$0,$1,$1,$-20,$-3,$-22,$21,$5,$-20
2,2018-01-31,19.61,$11.94,1.64,$34.70,0.57,$2.97,6.61,$0.83,23.63,$0.87B,$0.33B,2.66,$0.00B,$0.96B,0.0,$2.80B,$0.79B,28.22%,$2.80B,$0.13B,4.47%,$2.80B,$0.13B,4.47%,$2.80B,$0.21B,7.36%,$2.80B,$0.13B,4.50%,$2.80B,$0.07B,2.43%,$0.07B,$0.96B,7.10%,$0.07B,$0.93B,7.66%,$0.07B,$1.42B,4.71%,$0.13B,$0.96B,13.05%,$716,$533,$184,$0,$0,$682,$34,$1,$35,$24,$11,$12,$12,$53,$34,$80,81,$0.15,$0.14,$301,$502,$0,$871,$355,$6,$26,$20,$551,$1422,$328,$0,$139,$139,$466,$961,$355,$-10,$955,$1422,$67,$81,$58,$139,$-0,$-2,$-9,$-16,$-16,$191,$-56,$0,$0,$55,$0,$55,$-57,$-59,$0,$0,$0,$-8,$-8,$-64,$0,$-71,$61,$15,$-64
3,2017-10-31,18.57,$11.86,1.57,$34.03,0.55,$2.82,6.58,$1.06,17.52,$0.92B,$0.34B,2.74,$0.00B,$0.95B,0.0,$2.76B,$0.78B,28.10%,$2.76B,$0.14B,5.08%,$2.76B,$0.14B,5.08%,$2.76B,$0.22B,8.09%,$2.76B,$0.14B,5.08%,$2.76B,$0.09B,3.15%,$0.09B,$0.95B,9.12%,$0.09B,$0.92B,10.10%,$0.09B,$1.43B,6.01%,$0.14B,$0.95B,14.68%,$708,$502,$207,$0,$0,$705,$3,$0,$4,$1,$2,$4,$4,$23,$3,$80,81,$0.05,$0.05,$330,$547,$0,$922,$358,$7,$29,$20,$510,$1432,$336,$0,$147,$147,$483,$958,$354,$-13,$949,$1432,$56,$62,$47,$109,$-1,$-47,$9,$2,$-26,$139,$-40,$0,$0,$-99,$91,$-8,$0,$-47,$0,$0,$0,$-8,$-8,$-48,$-1,$-57,$34,$11,$-48
4,2017-07-31,17.32,$12.17,1.42,$33.69,0.51,$2.05,8.45,$1.48,11.7,$0.86B,$0.29B,2.98,$0.00B,$0.98B,0.0,$2.75B,$0.78B,28.39%,$2.75B,$0.20B,7.28%,$2.75B,$0.20B,7.28%,$2.75B,$0.28B,10.34%,$2.75B,$0.20B,7.24%,$2.75B,$0.12B,4.44%,$0.12B,$0.98B,12.88%,$0.12B,$0.87B,14.65%,$0.12B,$1.45B,8.43%,$0.20B,$0.98B,21.12%,$683,$482,$201,$0,$0,$636,$47,$-0,$47,$18,$28,$29,$29,$68,$47,$80,81,$0.36,$0.36,$271,$527,$0,$862,$365,$10,$113,$18,$585,$1447,$290,$0,$179,$179,$469,$954,$371,$-5,$978,$1447,$51,$42,$10,$52,$1,$-27,$-19,$-3,$-59,$45,$-28,$-6,$0,$-84,$82,$-1,$0,$-35,$0,$0,$0,$0,$0,$-32,$0,$-31,$-22,$8,$-32
5,2017-04-30,19.57,$11.83,1.65,$33.20,0.59,$1.96,10.0,$1.43,13.69,$0.89B,$0.35B,2.52,$0.00B,$0.95B,0.0,$2.72B,$0.77B,28.13%,$2.72B,$0.19B,7.09%,$2.72B,$0.19B,7.09%,$2.72B,$0.28B,10.14%,$2.72B,$0.19B,7.05%,$2.72B,$0.12B,4.33%,$0.12B,$0.95B,12.58%,$0.12B,$0.84B,14.36%,$0.12B,$1.48B,8.14%,$0.19B,$0.95B,20.58%,$692,$494,$198,$0,$0,$651,$41,$-1,$40,$16,$24,$23,$23,$62,$41,$80,81,$0.28,$0.28,$254,$575,$0,$890,$374,$14,$114,$18,$589,$1480,$353,$0,$177,$177,$530,$950,$358,$-16,$950,$1480,$23,$21,$6,$27,$2,$-75,$27,$-1,$-43,$7,$-18,$0,$0,$-1,$0,$-1,$-6,$-25,$0,$0,$0,$0,$0,$-16,$0,$-15,$-33,$4,$-16
6,2017-01-31,19.89,$11.69,1.7,$32.86,0.61,$1.90,10.49,$1.51,13.17,$0.76B,$0.32B,2.4,$0.00B,$0.94B,0.0,$2.71B,$0.77B,28.47%,$2.71B,$0.20B,7.41%,$2.71B,$0.20B,7.41%,$2.71B,$0.28B,10.44%,$2.71B,$0.20B,7.41%,$2.71B,$0.13B,4.61%,$0.13B,$0.94B,13.39%,$0.13B,$0.82B,15.32%,$0.13B,$1.43B,8.66%,$0.20B,$0.94B,21.53%,$675,$506,$169,$0,$0,$626,$49,$1,$49,$18,$31,$31,$31,$70,$49,$82,82,$0.37,$0.39,$209,$500,$0,$759,$375,$94,$115,$17,$669,$1428,$317,$0,$174,$174,$491,$946,$347,$-14,$937,$1428,$125,$83,$-0,$82,$-2,$14,$-31,$5,$6,$213,$-88,$0,$-60,$125,$0,$125,$-5,$-27,$0,$0,$0,$-44,$-44,$-65,$-2,$-110,$75,$13,$-65
7,2016-10-31,19.36,$11.49,1.69,$32.24,0.6,$1.97,9.83,$1.27,15.25,$0.75B,$0.31B,2.45,$0.00B,$0.92B,0.0,$2.71B,$0.77B,28.35%,$2.71B,$0.17B,6.24%,$2.71B,$0.17B,6.24%,$2.71B,$0.25B,9.23%,$2.71B,$0.17B,6.28%,$2.71B,$0.11B,3.91%,$0.11B,$0.92B,11.45%,$0.11B,$0.81B,12.77%,$0.11B,$1.43B,7.42%,$0.17B,$0.92B,18.26%,$697,$485,$212,$0,$0,$634,$63,$1,$63,$26,$38,$39,$39,$84,$63,$82,83,$0.48,$0.47,$139,$563,$0,$748,$381,$94,$115,$21,$684,$1432,$305,$0,$204,$204,$508,$941,$332,$-16,$923,$1432,$94,$62,$15,$77,$-4,$-48,$-56,$15,$-61,$111,$-73,$0,$-59,$-70,$209,$139,$0,$6,$0,$0,$0,$-39,$-39,$-49,$-2,$-91,$26,$10,$-49
8,2016-07-31,22.42,$11.47,1.96,$31.33,0.72,$2.25,9.95,$1.24,18.08,$0.77B,$0.31B,2.45,$0.00B,$0.94B,0.0,$2.68B,$0.76B,28.19%,$2.68B,$0.17B,6.31%,$2.68B,$0.17B,6.31%,$2.68B,$0.25B,9.30%,$2.68B,$0.17B,6.39%,$2.68B,$0.11B,3.96%,$0.11B,$0.94B,11.13%,$0.11B,$0.82B,12.07%,$0.11B,$1.46B,7.38%,$0.17B,$0.94B,17.75%,$659,$472,$187,$0,$0,$619,$40,$1,$40,$16,$25,$25,$25,$60,$40,$82,83,$0.31,$0.30,$166,$556,$0,$771,$380,$95,$120,$22,$688,$1459,$314,$0,$203,$203,$518,$937,$310,$-13,$941,$1459,$55,$41,$13,$54,$-2,$-42,$-17,$10,$-48,$61,$-52,$0,$-60,$121,$0,$121,$-7,$3,$0,$0,$0,$0,$0,$-33,$-1,$-33,$30,$7,$-33
9,2016-04-30,22.49,$11.38,1.98,$30.35,0.74,$2.85,7.89,$1.36,16.53,$0.77B,$0.32B,2.38,$0.00B,$0.93B,0.0,$2.65B,$0.76B,28.68%,$2.65B,$0.19B,7.14%,$2.65B,$0.19B,7.14%,$2.65B,$0.27B,10.17%,$2.65B,$0.19B,7.22%,$2.65B,$0.12B,4.50%,$0.12B,$0.93B,12.10%,$0.12B,$0.81B,12.75%,$0.12B,$1.46B,8.21%,$0.19B,$0.93B,19.22%,$681,$477,$204,$0,$0,$633,$49,$1,$49,$19,$30,$30,$30,$69,$49,$82,83,$0.37,$0.36,$157,$563,$0,$768,$374,$99,$121,$23,$689,$1457,$323,$0,$200,$200,$523,$933,$301,$-8,$934,$1457,$30,$20,$6,$26,$2,$-49,$-19,$5,$-47,$10,$-26,$0,$-60,$128,$0,$128,$-7,$35,$0,$0,$0,$0,$0,$-16,$-1,$-17,$27,$4,$-16
10,2016-01-31,21.82,$11.05,1.97,$29.43,0.74,$3.30,6.61,$1.53,14.26,$0.80B,$0.32B,2.46,$0.00B,$0.91B,0.0,$2.62B,$0.77B,29.31%,$2.62B,$0.21B,8.17%,$2.62B,$0.21B,8.17%,$2.62B,$0.29B,11.18%,$2.62B,$0.22B,8.40%,$2.62B,$0.14B,5.19%,$0.14B,$0.91B,13.44%,$0.14B,$0.88B,13.79%,$0.14B,$1.37B,9.28%,$0.21B,$0.91B,21.15%,$672,$507,$165,$0,$0,$655,$17,$1,$18,$7,$11,$12,$12,$37,$17,$88,89,$0.14,$0.15,$259,$484,$0,$796,$374,$93,$26,$14,$573,$1369,$323,$0,$141,$141,$464,$930,$287,$-21,$905,$1369,$136,$79,$25,$104,$9,$-33,$38,$-5,$5,$245,$-104,$0,$0,$74,$0,$74,$-5,$-35,$0,$0,$0,$-172,$-172,$-70,$-2,$-244,$-30,$14,$-70
11,2015-10-31,22.47,$11.87,1.89,$28.90,0.78,$2.79,8.04,$1.73,12.99,$0.65B,$0.29B,2.27,$0.00B,$1.03B,0.0,$2.59B,$0.78B,30.14%,$2.59B,$0.25B,9.47%,$2.59B,$0.25B,9.47%,$2.59B,$0.32B,12.52%,$2.59B,$0.25B,9.70%,$2.59B,$0.16B,5.99%,$0.16B,$1.03B,14.93%,$0.16B,$1.00B,15.31%,$0.16B,$1.46B,10.45%,$0.25B,$1.03B,23.59%,$666,$467,$199,$0,$0,$602,$63,$1,$64,$26,$39,$39,$39,$83,$63,$87,88,$0.45,$0.44,$90,$521,$0,$652,$364,$328,$26,$8,$806,$1458,$287,$0,$143,$143,$430,$924,$293,$-14,$1028,$1458,$124,$59,$4,$63,$6,$-70,$-4,$19,$-42,$145,$-80,$0,$0,$71,$0,$71,$2,$-7,$0,$0,$0,$-60,$-60,$-53,$1,$-111,$31,$11,$-53
12,2015-07-31,29.1,$12.01,2.42,$28.83,1.01,$2.71,10.73,$1.84,15.82,$0.85B,$0.30B,2.78,$0.00B,$1.07B,0.0,$2.59B,$0.80B,30.86%,$2.59B,$0.26B,10.11%,$2.59B,$0.26B,10.11%,$2.59B,$0.34B,13.12%,$2.59B,$0.27B,10.34%,$2.59B,$0.17B,6.40%,$0.17B,$1.07B,16.11%,$0.17B,$1.04B,16.53%,$0.17B,$1.51B,11.21%,$0.26B,$1.07B,25.42%,$627,$436,$191,$0,$0,$568,$60,$1,$60,$22,$38,$38,$38,$80,$60,$89,90,$0.42,$0.42,$292,$505,$0,$847,$354,$201,$26,$8,$667,$1514,$304,$0,$144,$144,$448,$921,$271,$-14,$1066,$1514,$85,$40,$3,$44,$6,$-54,$18,$15,$-14,$115,$-51,$0,$0,$58,$0,$58,$-2,$5,$0,$0,$0,$3,$3,$-35,$1,$-31,$92,$8,$-35
13,2015-04-30,32.27,$11.83,2.73,$28.28,1.14,$2.55,12.66,$1.80,17.93,$0.92B,$0.33B,2.77,$0.00B,$1.05B,0.0,$2.55B,$0.78B,30.60%,$2.55B,$0.26B,9.99%,$2.55B,$0.26B,9.99%,$2.55B,$0.33B,13.05%,$2.55B,$0.26B,10.27%,$2.55B,$0.16B,6.35%,$0.16B,$1.05B,16.01%,$0.16B,$1.02B,16.43%,$0.16B,$1.52B,11.09%,$0.26B,$1.05B,25.20%,$655,$442,$213,$0,$0,$582,$74,$4,$78,$29,$49,$47,$47,$93,$74,$89,90,$0.54,$0.53,$336,$512,$0,$919,$347,$144,$26,$9,$603,$1522,$332,$0,$141,$141,$473,$915,$251,$-5,$1049,$1522,$47,$20,$0,$20,$0,$-61,$24,$-6,$-18,$49,$-27,$0,$0,$136,$0,$136,$0,$110,$0,$0,$0,$3,$3,$-18,$0,$-15,$148,$4,$-18
14,2015-01-31,31.48,$11.44,2.75,$27.47,1.15,$2.17,14.49,$1.69,18.63,$0.75B,$0.28B,2.64,$0.00B,$1.01B,0.0,$2.50B,$0.76B,30.29%,$2.50B,$0.24B,9.70%,$2.50B,$0.24B,9.70%,$2.50B,$0.32B,12.82%,$2.50B,$0.25B,9.86%,$2.50B,$0.15B,6.17%,$0.15B,$1.01B,15.32%,$0.15B,$0.99B,15.73%,$0.15B,$1.44B,10.71%,$0.24B,$1.01B,24.07%,$640,$464,$177,$0,$0,$592,$48,$1,$49,$20,$29,$31,$31,$68,$48,$89,91,$0.34,$0.34,$230,$451,$0,$749,$338,$243,$26,$9,$690,$1438,$284,$0,$143,$143,$427,$909,$221,$-6,$1011,$1438,$153,$78,$7,$85,$2,$-53,$7,$2,$-41,$197,$-98,$0,$0,$70,$-25,$45,$-52,$-105,$0,$0,$0,$-80,$-80,$-67,$2,$-145,$-53,$10,$-67
15,2014-10-31,26.11,$11.29,2.31,$26.63,0.98,$3.42,7.63,$1.65,15.82,$0.79B,$0.31B,2.53,$0.00B,$1.00B,0.0,$2.43B,$0.74B,30.44%,$2.43B,$0.24B,9.84%,$2.43B,$0.24B,9.84%,$2.43B,$0.32B,12.97%,$2.43B,$0.24B,9.97%,$2.43B,$0.15B,6.22%,$0.15B,$1.00B,15.07%,$0.15B,$0.97B,15.47%,$0.15B,$1.45B,10.53%,$0.24B,$1.00B,23.85%,$670,$451,$219,$0,$0,$590,$80,$1,$81,$32,$49,$50,$50,$99,$80,$89,90,$0.56,$0.55,$225,$486,$0,$788,$338,$227,$26,$9,$663,$1450,$312,$0,$143,$143,$454,$902,$207,$-1,$996,$1450,$123,$58,$6,$65,$0,$-88,$15,$7,$-56,$131,$-72,$0,$0,$129,$-25,$104,$-46,$-15,$0,$0,$0,$-82,$-82,$-50,$-0,$-132,$-16,$8,$-50
16,2014-07-31,23.27,$11.12,2.09,$26.05,0.89,$4.25,5.48,$1.70,13.69,$0.76B,$0.30B,2.52,$0.00B,$0.99B,0.0,$2.39B,$0.73B,30.66%,$2.39B,$0.25B,10.33%,$2.39B,$0.25B,10.33%,$2.39B,$0.32B,13.51%,$2.39B,$0.25B,10.46%,$2.39B,$0.16B,6.52%,$0.16B,$0.99B,15.62%,$0.16B,$0.97B,16.04%,$0.16B,$1.43B,10.99%,$0.25B,$0.99B,24.74%,$587,$415,$172,$0,$0,$534,$53,$1,$54,$21,$33,$34,$34,$73,$53,$90,91,$0.38,$0.38,$239,$415,$0,$757,$331,$251,$26,$9,$677,$1434,$300,$0,$142,$142,$443,$899,$174,$-0,$991,$1434,$73,$39,$1,$40,$-1,$-17,$24,$-13,$-15,$98,$-48,$0,$0,$88,$-25,$62,$-51,$-36,$0,$0,$0,$-52,$-52,$-34,$-1,$-87,$-25,$6,$-34
17,2014-04-30,29.03,$11.25,2.58,$25.73,1.13,$4.81,6.04,$1.69,17.23,$0.82B,$0.27B,3.04,$0.00B,$1.02B,0.0,$2.37B,$0.74B,31.45%,$2.37B,$0.25B,10.48%,$2.37B,$0.25B,10.48%,$2.37B,$0.32B,13.69%,$2.37B,$0.25B,10.57%,$2.37B,$0.16B,6.59%,$0.16B,$1.02B,15.86%,$0.16B,$1.00B,16.29%,$0.16B,$1.43B,11.12%,$0.25B,$1.02B,25.22%,$599,$411,$188,$0,$0,$538,$61,$1,$62,$24,$39,$39,$39,$80,$61,$91,92,$0.43,$0.42,$313,$420,$0,$821,$328,$235,$26,$10,$610,$1431,$271,$0,$137,$137,$408,$894,$156,$0,$1023,$1431,$39,$19,$-0,$19,$4,$-22,$-17,$-12,$-43,$15,$-26,$0,$0,$49,$0,$49,$-0,$23,$0,$0,$0,$1,$1,$-17,$-0,$-17,$21,$3,$-17
18,2014-01-31,32.57,$11.05,2.95,$25.79,1.26,$5.16,6.31,$1.64,19.86,$0.81B,$0.28B,2.86,$0.00B,$1.00B,0.0,$2.37B,$0.74B,31.21%,$2.37B,$0.24B,10.18%,$2.37B,$0.24B,10.18%,$2.37B,$0.32B,13.39%,$2.37B,$0.24B,10.26%,$2.37B,$0.15B,6.42%,$0.15B,$1.00B,15.98%,$0.15B,$0.97B,16.43%,$0.15B,$1.42B,11.13%,$0.24B,$1.00B,25.34%,$572,$412,$160,$0,$0,$527,$45,$1,$45,$17,$28,$28,$28,$63,$45,$90,92,$0.31,$0.30,$336,$398,$0,$813,$319,$243,$26,$9,$608,$1421,$284,$0,$138,$138,$423,$891,$134,$0,$999,$1421,$151,$75,$62,$136,$0,$-4,$16,$-2,$14,$301,$-86,$0,$0,$-149,$0,$-149,$-6,$-241,$0,$0,$0,$5,$5,$-34,$3,$-26,$31,$9,$-34
19,2013-10-31,37.81,$10.82,3.5,$26.12,1.45,$4.19,9.03,$1.64,23.13,$0.80B,$0.28B,2.86,$0.00B,$0.98B,0.0,$2.39B,$0.75B,31.42%,$2.39B,$0.24B,10.13%,$2.39B,$0.24B,10.13%,$2.39B,$0.32B,13.26%,$2.39B,$0.24B,10.21%,$2.39B,$0.15B,6.32%,$0.15B,$0.98B,16.48%,$0.15B,$0.96B,16.97%,$0.15B,$1.39B,11.39%,$0.24B,$0.98B,26.42%,$633,$420,$213,$0,$0,$545,$88,$1,$89,$34,$55,$55,$55,$107,$88,$91,92,$0.61,$0.60,$282,$424,$0,$796,$317,$235,$26,$9,$596,$1392,$278,$0,$133,$133,$411,$889,$118,$0,$981,$1392,$123,$57,$54,$111,$3,$-30,$-4,$-14,$-30,$204,$-67,$0,$0,$-109,$0,$-109,$-6,$-182,$0,$0,$0,$6,$6,$-23,$3,$-14,$6,$7,$-23
20,2013-07-31,32.59,$10.29,3.17,$25.76,1.27,$3.77,8.65,$1.59,20.56,$0.78B,$0.30B,2.56,$0.00B,$0.93B,0.0,$2.35B,$0.74B,31.40%,$2.35B,$0.23B,9.87%,$2.35B,$0.23B,9.87%,$2.35B,$0.31B,12.98%,$2.35B,$0.24B,10.04%,$2.35B,$0.15B,6.21%,$0.15B,$0.93B,16.49%,$0.15B,$0.91B,16.99%,$0.15B,$1.37B,11.20%,$0.23B,$0.93B,26.21%,$562,$379,$183,$0,$0,$508,$54,$0,$54,$21,$34,$34,$34,$74,$54,$90,92,$0.37,$0.37,$269,$405,$0,$777,$310,$231,$26,$8,$589,$1366,$304,$0,$132,$132,$435,$882,$74,$0,$931,$1366,$68,$38,$32,$70,$5,$-11,$25,$-19,$9,$147,$-45,$0,$0,$-107,$0,$-107,$0,$-152,$0,$0,$0,$3,$3,$-11,$1,$-7,$-12,$5,$-11
21,2013-04-30,28.34,$9.90,2.86,$25.30,1.12,$3.26,8.69,$1.55,18.28,$0.80B,$0.26B,3.03,$0.00B,$0.89B,0.0,$2.30B,$0.72B,31.09%,$2.30B,$0.23B,9.78%,$2.30B,$0.23B,9.78%,$2.30B,$0.29B,12.78%,$2.30B,$0.23B,10.00%,$2.30B,$0.14B,6.13%,$0.14B,$0.89B,16.06%,$0.14B,$0.87B,16.55%,$0.14B,$1.29B,10.93%,$0.23B,$0.89B,25.63%,$601,$418,$183,$0,$0,$547,$54,$0,$55,$20,$35,$35,$35,$73,$54,$90,92,$0.38,$0.38,$296,$395,$0,$800,$304,$134,$26,$8,$485,$1285,$264,$0,$127,$127,$391,$876,$52,$-9,$893,$1285,$35,$18,$10,$28,$7,$-2,$-17,$-17,$-20,$42,$-22,$0,$0,$-21,$0,$-21,$0,$-42,$0,$0,$0,$2,$2,$0,$-1,$1,$1,$2,$0
22,2013-01-31,28.68,$9.54,3.01,$24.98,1.15,$3.18,9.02,$1.62,17.71,$0.82B,$0.28B,2.99,$0.00B,$0.86B,0.0,$2.26B,$0.73B,32.11%,$2.26B,$0.24B,10.45%,$2.26B,$0.24B,10.45%,$2.26B,$0.30B,13.33%,$2.26B,$0.24B,10.67%,$2.26B,$0.15B,6.47%,$0.15B,$0.86B,16.82%,$0.15B,$0.83B,17.33%,$0.15B,$1.26B,11.37%,$0.24B,$0.86B,27.18%,$594,$423,$172,$0,$0,$549,$46,$0,$46,$19,$27,$27,$27,$63,$46,$89,91,$0.31,$0.30,$313,$394,$0,$822,$300,$97,$26,$8,$440,$1262,$275,$0,$128,$128,$404,$872,$17,$-9,$859,$1262,$146,$65,$91,$156,$-9,$-59,$3,$25,$-44,$259,$-134,$0,$0,$14,$1,$15,$0,$-119,$0,$0,$0,$16,$16,$-129,$-23,$-137,$2,$8,$-129
23,2012-10-31,26.67,$9.60,2.78,$25.34,1.05,$3.69,7.23,$1.51,17.66,$0.90B,$0.30B,3.01,$0.00B,$0.86B,0.0,$2.18B,$0.70B,32.09%,$2.18B,$0.23B,10.56%,$2.18B,$0.23B,10.56%,$2.18B,$0.30B,13.59%,$2.18B,$0.24B,10.79%,$2.18B,$0.14B,6.34%,$0.14B,$0.86B,16.23%,$0.14B,$0.83B,16.74%,$0.14B,$1.30B,10.86%,$0.23B,$0.86B,27.05%,$593,$393,$200,$0,$0,$514,$78,$3,$81,$31,$50,$50,$50,$95,$78,$89,91,$0.56,$0.55,$338,$422,$0,$899,$276,$93,$26,$8,$403,$1303,$299,$0,$123,$145,$444,$860,$6,$-8,$858,$1303,$119,$47,$74,$122,$-9,$-88,$19,$16,$-64,$177,$-80,$0,$0,$50,$0,$50,$0,$-31,$0,$0,$0,$11,$11,$-113,$10,$-91,$55,$6,$-113
24,2012-07-31,24.39,$10.10,2.42,$24.76,0.99,$3.47,7.04,$1.34,18.27,$0.92B,$0.26B,3.48,$0.00B,$0.90B,0.0,$2.12B,$0.68B,32.09%,$2.12B,$0.23B,11.01%,$2.12B,$0.23B,11.01%,$2.12B,$0.30B,13.99%,$2.12B,$0.23B,11.06%,$2.12B,$0.14B,6.71%,$0.14B,$0.90B,17.14%,$0.14B,$0.88B,17.69%,$0.14B,$1.31B,11.44%,$0.23B,$0.90B,28.12%,$512,$352,$160,$0,$0,$465,$47,$0,$48,$19,$29,$29,$29,$63,$47,$89,91,$0.33,$0.33,$381,$367,$0,$917,$253,$104,$26,$8,$391,$1308,$264,$0,$119,$143,$406,$857,$53,$-8,$901,$1308,$69,$31,$45,$76,$-8,$-33,$4,$11,$-44,$101,$-47,$0,$0,$-76,$0,$-76,$0,$-123,$0,$0,$0,$10,$10,$-16,$10,$4,$-18,$5,$-16
25,2012-04-30,23.14,$9.70,2.39,$25.84,0.9,$3.31,6.99,$2.98,7.77,$0.91B,$0.29B,3.15,$0.00B,$0.86B,0.0,$2.08B,$0.68B,32.45%,$2.08B,$0.21B,10.19%,$2.08B,$0.21B,10.19%,$2.08B,$0.28B,13.22%,$2.08B,$0.21B,9.95%,$2.08B,$0.25B,12.16%,$0.25B,$0.86B,33.29%,$0.25B,$0.83B,34.47%,$0.25B,$1.26B,20.87%,$0.21B,$0.86B,27.89%,$559,$366,$193,$0,$0,$493,$65,$0,$66,$27,$39,$39,$40,$80,$65,$87,89,$0.46,$0.45,$371,$373,$0,$906,$246,$77,$26,$9,$357,$1264,$287,$0,$114,$122,$409,$832,$32,$-8,$855,$1264,$40,$15,$29,$44,$-2,$-39,$10,$-2,$-48,$36,$-23,$0,$0,$-23,$0,$-23,$0,$-46,$0,$0,$0,$8,$8,$-7,$7,$8,$-2,$2,$-7
26,2012-01-31,20.5,$9.08,2.26,$31.08,0.66,$3.18,6.45,$2.96,6.93,$0.87B,$0.31B,2.82,$0.00B,$0.79B,0.0,$2.03B,$0.65B,32.30%,$2.03B,$0.15B,7.51%,$2.03B,$0.15B,7.51%,$2.03B,$0.21B,10.57%,$2.03B,$0.14B,7.06%,$2.03B,$0.18B,8.64%,$0.18B,$0.79B,24.37%,$0.18B,$0.76B,25.29%,$0.18B,$1.21B,15.12%,$0.15B,$0.79B,21.17%,$514,$368,$146,$0,$0,$474,$40,$0,$40,$16,$24,$24,$19,$58,$40,$70,74,$0.68,$0.79,$376,$334,$0,$868,$236,$54,$26,$9,$340,$1208,$308,$0,$114,$114,$421,$797,$-2,$-8,$787,$1208,$195,$62,$-39,$23,$-4,$-25,$-2,$15,$-5,$214,$-75,$0,$0,$-65,$-0,$-65,$0,$-140,$0,$0,$0,$5,$5,$-99,$-2,$-95,$-20,$5,$-99
27,2011-10-31,21.4,$8.93,2.4,$34.92,0.61,$3.14,6.81,$2.98,7.18,$0.75B,$0.31B,2.46,$0.00B,$0.77B,0.0,$1.98B,$0.64B,32.39%,$1.98B,$0.14B,7.18%,$1.98B,$0.14B,7.18%,$1.98B,$0.20B,10.26%,$1.98B,$0.13B,6.57%,$1.98B,$0.16B,7.88%,$0.16B,$0.77B,24.24%,$0.16B,$0.75B,25.26%,$0.16B,$1.19B,13.98%,$0.14B,$0.77B,22.07%,$531,$350,$180,$0,$0,$450,$81,$-1,$80,$26,$54,$54,$54,$95,$81,$82,89,$0.65,$0.38,$304,$378,$0,$753,$227,$65,$26,$9,$432,$1185,$306,$0,$108,$108,$414,$792,$-15,$-6,$771,$1185,$176,$44,$-43,$1,$-1,$-69,$5,$10,$-46,$131,$-55,$0,$0,$20,$-0,$20,$0,$-36,$0,$0,$0,$4,$4,$-92,$-4,$-93,$3,$3,$-92
28,2011-07-31,20.71,$7.98,2.6,$40.46,0.51,$2.81,7.36,$3.00,6.9,$0.75B,$0.46B,1.62,$0.00B,$0.63B,0.0,$1.94B,$0.62B,32.01%,$1.94B,$0.08B,4.03%,$1.94B,$0.08B,4.03%,$1.94B,$0.14B,7.12%,$1.94B,$0.07B,3.46%,$1.94B,$0.10B,5.11%,$0.10B,$0.63B,16.34%,$0.10B,$0.60B,17.07%,$0.10B,$1.19B,9.33%,$0.08B,$0.63B,12.87%,$476,$321,$156,$0,$0,$450,$26,$-5,$21,$-125,$146,$146,$140,$42,$26,$69,71,$2.03,$1.98,$351,$318,$0,$745,$221,$67,$26,$9,$447,$1192,$460,$0,$106,$106,$566,$607,$26,$-6,$627,$1192,$122,$30,$-44,$-14,$1,$-9,$-25,$4,$-43,$65,$-34,$0,$0,$-79,$-0,$-79,$0,$-113,$0,$0,$0,$3,$3,$0,$-5,$-2,$-50,$2,$0
29,2011-04-30,18.56,$7.72,2.4,$43.05,0.43,$2.28,8.15,$1.29,14.44,$0.74B,$0.24B,3.13,$0.00B,$0.69B,0.0,$1.88B,$0.59B,31.45%,$1.88B,$0.11B,5.76%,$1.88B,$0.11B,5.76%,$1.88B,$0.17B,8.85%,$1.88B,$0.10B,5.28%,$1.88B,$-0.01B,-0.75%,$-0.01B,$0.69B,-2.35%,$-0.01B,$0.66B,-2.46%,$-0.01B,$1.05B,-1.42%,$0.11B,$0.69B,18.14%,$504,$331,$172,$0,$0,$499,$5,$-3,$2,$25,$-23,$-23,$-38,$19,$5,$44,44,$-0.87,$-0.87,$338,$334,$0,$742,$217,$55,$26,$5,$303,$1045,$237,$0,$94,$121,$358,$322,$365,$0,$687,$1045,$-23,$14,$71,$85,$-2,$-25,$-9,$5,$-44,$17,$-17,$0,$0,$-53,$-0,$-53,$0,$-70,$11,$0,$11,$1,$1,$0,$-2,$10,$-42,$0,$0
30,2011-01-31,13.01,$11.18,1.16,$36.57,0.36,$2.42,5.38,$1.20,10.89,$0.74B,$0.42B,1.76,$0.00B,$0.49B,0.0,$1.82B,$0.57B,31.01%,$1.82B,$0.15B,8.34%,$1.82B,$0.15B,8.34%,$1.82B,$0.21B,11.42%,$1.82B,$0.15B,8.07%,$1.82B,$0.05B,2.96%,$0.05B,$0.49B,9.60%,$0.05B,$0.46B,10.06%,$0.05B,$1.04B,5.69%,$0.15B,$0.49B,27.02%,$468,$335,$133,$0,$0,$438,$30,$-3,$27,$21,$6,$6,$0,$47,$30,$43,44,$-0.43,$0.01,$341,$309,$0,$743,$212,$50,$26,$10,$298,$1041,$423,$0,$104,$130,$553,$330,$-79,$-6,$489,$1041,$58,$55,$45,$100,$-7,$-47,$27,$-1,$-31,$127,$-47,$-0,$0,$-129,$0,$-129,$0,$-176,$0,$0,$0,$0,$0,$0,$-0,$-0,$-43,$-0,$0
31,2010-10-31,13.0,$7.05,1.84,$30.30,0.43,$1.81,7.17,$1.14,11.41,$0.72B,$0.24B,3.01,$0.00B,$0.62B,0.0,$1.76B,$0.55B,31.30%,$1.76B,$0.15B,8.37%,$1.76B,$0.15B,8.37%,$1.76B,$0.20B,11.50%,$1.76B,$0.14B,8.14%,$1.76B,$0.07B,3.81%,$0.07B,$0.62B,11.72%,$0.07B,$0.60B,12.28%,$0.07B,$0.97B,7.43%,$0.15B,$0.62B,25.72%,$489,$330,$159,$0,$0,$472,$17,$-1,$17,$9,$8,$8,$-3,$30,$17,$43,43,$-0.13,$-0.13,$310,$332,$0,$716,$207,$12,$26,$5,$250,$965,$238,$0,$92,$106,$344,$313,$308,$0,$621,$965,$51,$38,$39,$77,$-5,$-70,$18,$-12,$-74,$54,$-32,$-0,$0,$-54,$0,$-54,$0,$-86,$0,$0,$0,$0,$0,$0,$-1,$-1,$-28,$0,$0
32,2010-07-31,10.4,$6.63,1.57,$23.83,0.44,$2.53,4.11,$1.05,9.95,$0.65B,$0.22B,2.88,$0.00B,$0.58B,0.0,$1.71B,$0.54B,31.41%,$1.71B,$0.18B,10.22%,$1.71B,$0.18B,10.22%,$1.71B,$0.23B,13.31%,$1.71B,$0.17B,9.92%,$1.71B,$0.10B,5.66%,$0.10B,$0.58B,17.81%,$0.10B,$0.56B,18.73%,$0.10B,$0.90B,11.09%,$0.18B,$0.58B,32.14%,$415,$289,$126,$0,$0,$359,$56,$-3,$53,$18,$36,$36,$27,$70,$56,$43,45,$0.63,$0.50,$272,$309,$0,$646,$202,$19,$26,$0,$259,$904,$224,$0,$96,$96,$321,$312,$272,$0,$584,$904,$41,$25,$5,$30,$-5,$-47,$19,$-4,$-58,$13,$-17,$-0,$0,$-54,$0,$-54,$0,$-71,$0,$0,$0,$0,$0,$0,$-1,$-1,$-56,$0,$0
33,2010-04-30,11.8,$6.33,1.86,$18.66,0.63,$2.86,4.12,$0.87,13.57,$0.64B,$0.23B,2.74,$0.00B,$0.56B,0.0,$1.67B,$0.51B,30.59%,$1.67B,$0.13B,7.80%,$1.67B,$0.13B,7.80%,$1.67B,$0.18B,10.86%,$1.67B,$0.13B,7.74%,$1.67B,$0.08B,4.68%,$0.08B,$0.56B,15.01%,$0.08B,$0.53B,15.85%,$0.08B,$0.89B,9.33%,$0.13B,$0.56B,25.02%,$450,$302,$147,$0,$0,$400,$49,$1,$50,$20,$30,$30,$30,$61,$49,$88,90,$0.35,$0.34,$294,$287,$0,$639,$204,$0,$26,$18,$248,$887,$233,$0,$97,$97,$330,$308,$249,$0,$556,$887,$30,$12,$-3,$9,$-1,$-24,$10,$1,$-19,$21,$-8,$0,$0,$3,$0,$3,$0,$-4,$0,$0,$0,$0,$0,$0,$0,$0,$17,$1,$0
34,2010-01-31,9.42,$5.98,1.58,$18.00,0.52,$2.79,3.38,$0.62,15.32,$0.61B,$0.23B,2.7,$0.00B,$0.53B,0.0,$1.60B,$0.47B,29.20%,$1.60B,$0.09B,5.80%,$1.60B,$0.09B,5.80%,$1.60B,$0.14B,8.92%,$1.60B,$0.09B,5.68%,$1.60B,$0.06B,3.43%,$0.06B,$0.53B,11.02%,$0.06B,$0.50B,11.70%,$0.06B,$0.85B,6.84%,$0.09B,$0.53B,18.64%,$403,$285,$118,$0,$0,$377,$25,$-2,$23,$10,$13,$13,$13,$41,$25,$88,90,$0.15,$0.15,$289,$262,$0,$607,$206,$1,$26,$0,$244,$851,$225,$0,$101,$101,$326,$306,$219,$0,$525,$851,$-6,$50,$50,$100,$2,$-18,$23,$5,$40,$134,$-23,$0,$0,$-63,$-1,$-64,$0,$-87,$-0,$0,$-0,$1,$1,$0,$0,$0,$43,$1,$0
35,2009-10-31,7.5,$5.81,1.29,$17.45,0.43,$1.72,4.37,$0.38,19.75,$0.61B,$0.25B,2.46,$0.00B,$0.51B,0.0,$1.55B,$0.42B,27.26%,$1.55B,$0.06B,3.62%,$1.55B,$0.06B,3.62%,$1.55B,$0.10B,6.59%,$1.55B,$0.06B,3.62%,$1.55B,$0.03B,2.20%,$0.03B,$0.51B,7.02%,$0.03B,$0.48B,7.46%,$0.03B,$0.86B,4.41%,$0.06B,$0.51B,11.56%,$445,$297,$147,$0,$0,$400,$45,$-0,$44,$18,$27,$27,$27,$56,$45,$88,89,$0.30,$0.30,$266,$289,$0,$611,$214,$0,$29,$0,$246,$858,$249,$0,$0,$96,$345,$299,$213,$0,$513,$858,$41,$35,$-5,$29,$-1,$-45,$50,$10,$57,$128,$-19,$0,$0,$-68,$0,$-68,$0,$-87,$0,$0,$0,$1,$1,$0,$0,$1,$42,$4,$0
36,2009-07-31,5.27,$5.48,0.96,$16.87,0.31,$0.40,13.25,$0.23,22.92,$0.50B,$0.17B,2.96,$0.00B,$0.48B,0.0,$1.49B,$0.38B,25.70%,$1.49B,$0.03B,2.14%,$1.49B,$0.03B,2.14%,$1.49B,$0.08B,5.09%,$1.49B,$0.03B,2.28%,$1.49B,$0.02B,1.34%,$0.02B,$0.48B,4.22%,$0.02B,$0.45B,4.50%,$0.02B,$0.75B,2.66%,$0.03B,$0.48B,6.75%,$369,$272,$98,$0,$0,$358,$11,$1,$12,$5,$8,$8,$8,$23,$11,$88,89,$0.09,$0.09,$179,$264,$0,$497,$221,$0,$29,$0,$252,$749,$168,$0,$0,$97,$265,$298,$187,$-1,$484,$749,$15,$23,$-0,$22,$-2,$-20,$9,$8,$-1,$36,$-15,$0,$0,$-37,$0,$-37,$0,$-52,$0,$0,$0,$0,$0,$0,$0,$0,$-16,$3,$0
37,2009-04-30,4.25,$5.38,0.79,$16.75,0.25,$0.10,42.96,$0.27,15.74,$0.50B,$0.19B,2.68,$0.00B,$0.47B,0.0,$1.48B,$0.39B,26.11%,$1.48B,$0.04B,2.63%,$1.48B,$0.04B,2.63%,$1.48B,$0.08B,5.33%,$1.48B,$0.04B,2.70%,$1.48B,$0.02B,1.55%,$0.02B,$0.47B,4.93%,$0.02B,$0.44B,5.25%,$0.02B,$0.76B,3.06%,$0.04B,$0.47B,8.35%,$386,$281,$105,$0,$0,$374,$12,$-0,$12,$5,$7,$7,$7,$23,$12,$88,89,$0.08,$0.08,$164,$278,$0,$495,$230,$0,$29,$0,$262,$758,$185,$0,$0,$99,$284,$296,$179,$-1,$474,$758,$7,$11,$-0,$11,$-2,$-34,$24,$6,$-3,$15,$-8,$0,$0,$21,$0,$21,$0,$13,$0,$0,$0,$0,$0,$0,$0,$0,$27,$1,$0
38,2009-01-31,3.9,$5.29,0.74,$16.54,0.24,$-0.12,0.0,$0.31,12.79,$0.45B,$0.16B,2.87,$0.00B,$0.47B,0.0,$1.46B,$0.38B,25.92%,$1.46B,$0.04B,2.94%,$1.46B,$0.04B,2.94%,$1.46B,$0.08B,5.47%,$1.46B,$0.05B,3.08%,$1.46B,$0.03B,1.78%,$0.03B,$0.47B,5.66%,$0.03B,$0.44B,6.04%,$0.03B,$0.72B,3.53%,$0.04B,$0.47B,9.35%,$348,$276,$72,$0,$0,$360,$-12,$-0,$-12,$-5,$-8,$-8,$-8,$0,$-12,$88,88,$-0.09,$-0.09,$156,$244,$0,$454,$233,$0,$26,$0,$267,$721,$158,$0,$97,$97,$256,$294,$172,$-1,$466,$721,$27,$36,$6,$43,$4,$18,$-15,$14,$27,$97,$-82,$0,$0,$-22,$0,$-22,$0,$-104,$0,$0,$0,$0,$0,$0,$0,$0,$-7,$5,$0
39,2008-10-31,5.05,$5.35,0.94,$16.36,0.31,$-0.60,0.0,$0.40,12.63,$0.51B,$0.22B,2.38,$0.00B,$0.47B,0.0,$1.45B,$0.38B,26.26%,$1.45B,$0.06B,3.87%,$1.45B,$0.06B,3.87%,$1.45B,$0.09B,6.15%,$1.45B,$0.06B,4.08%,$1.45B,$0.04B,2.42%,$0.04B,$0.47B,7.75%,$0.04B,$0.44B,8.28%,$0.04B,$0.79B,4.80%,$0.06B,$0.47B,12.40%,$391,$282,$109,$0,$0,$370,$21,$1,$22,$8,$13,$13,$13,$30,$21,$88,88,$0.15,$0.15,$130,$319,$0,$512,$234,$4,$30,$0,$273,$785,$216,$0,$99,$99,$315,$292,$180,$-1,$471,$785,$34,$24,$-6,$18,$2,$-57,$25,$14,$6,$59,$-67,$0,$0,$-8,$0,$-8,$0,$-75,$0,$0,$0,$0,$0,$0,$0,$0,$-16,$3,$0
40,2008-07-31,5.28,$5.19,1.02,$16.09,0.33,$-0.83,0.0,$0.51,10.46,$0.48B,$0.19B,2.58,$0.00B,$0.46B,0.0,$1.42B,$0.38B,26.56%,$1.42B,$0.07B,4.92%,$1.42B,$0.07B,4.92%,$1.42B,$0.10B,7.03%,$1.42B,$0.07B,5.13%,$1.42B,$0.04B,3.09%,$0.04B,$0.46B,9.97%,$0.04B,$0.43B,10.67%,$0.04B,$0.74B,6.25%,$0.07B,$0.46B,15.86%,$357,$256,$101,$0,$0,$339,$18,$0,$18,$7,$11,$11,$11,$26,$18,$88,88,$0.13,$0.13,$133,$287,$0,$479,$221,$6,$30,$0,$260,$739,$186,$0,$0,$96,$282,$291,$166,$-0,$457,$739,$21,$16,$-1,$15,$2,$-25,$13,$8,$1,$38,$-43,$0,$0,$1,$0,$1,$0,$-42,$0,$0,$0,$0,$0,$0,$0,$0,$-4,$2,$0
41,2008-04-30,5.99,$5.06,1.18,$15.98,0.37,$-0.71,0.0,$0.46,13.17,$0.45B,$0.16B,2.78,$0.00B,$0.45B,0.0,$1.42B,$0.36B,25.30%,$1.42B,$0.06B,4.24%,$1.42B,$0.06B,4.24%,$1.42B,$0.09B,6.22%,$1.42B,$0.07B,4.59%,$1.42B,$0.04B,2.83%,$0.04B,$0.45B,9.32%,$0.04B,$0.42B,10.01%,$0.04B,$0.70B,5.82%,$0.06B,$0.45B,13.99%,$366,$269,$97,$0,$0,$350,$16,$1,$17,$6,$10,$10,$10,$24,$16,$88,88,$0.12,$0.12,$123,$268,$0,$451,$204,$8,$30,$0,$249,$700,$162,$0,$93,$93,$255,$289,$155,$-0,$445,$700,$10,$8,$1,$9,$-2,$-6,$-14,$2,$-9,$10,$-22,$0,$0,$69,$0,$69,$0,$46,$0,$0,$0,$0,$0,$0,$0,$0,$56,$1,$0
42,2008-01-31,7.22,$4.93,1.46,$15.86,0.45,$-0.51,0.0,$0.61,11.83,$0.45B,$0.17B,2.67,$0.00B,$0.29B,0.0,$1.41B,$0.37B,26.32%,$1.41B,$0.08B,5.76%,$1.41B,$0.08B,5.76%,$1.41B,$0.11B,7.54%,$1.41B,$0.09B,6.19%,$1.41B,$0.05B,3.84%,$0.05B,$0.43B,12.93%,$0.05B,$0.41B,13.92%,$0.05B,$0.69B,8.00%,$0.08B,$0.43B,19.40%,$333,$260,$73,$0,$0,$332,$1,$1,$2,$1,$1,$1,$1,$9,$1,$88,89,$0.01,$0.01,$132,$262,$0,$452,$193,$13,$26,$0,$242,$694,$169,$0,$91,$91,$260,$288,$0,$0,$433,$694,$54,$25,$1,$26,$-6,$-24,$16,$15,$-9,$71,$-99,$-0,$0,$16,$0,$16,$0,$-83,$0,$0,$0,$0,$0,$0,$0,$1,$-11,$4,$0
43,2007-10-31,8.79,$4.90,1.8,$15.83,0.56,$0.33,26.26,$0.79,11.2,$0.47B,$0.16B,2.91,$0.00B,$0.43B,0.0,$1.40B,$0.39B,27.53%,$1.40B,$0.11B,7.49%,$1.40B,$0.11B,7.49%,$1.40B,$0.13B,9.13%,$1.40B,$0.11B,7.99%,$1.40B,$0.07B,4.99%,$0.07B,$0.43B,17.37%,$0.07B,$0.40B,18.83%,$0.07B,$0.68B,10.71%,$0.11B,$0.43B,26.05%,$367,$261,$107,$0,$0,$333,$35,$2,$36,$14,$22,$22,$22,$41,$35,$88,89,$0.26,$0.26,$141,$275,$0,$474,$170,$3,$31,$0,$207,$681,$163,$0,$0,$87,$250,$287,$144,$0,$431,$681,$53,$17,$5,$22,$-5,$-37,$12,$5,$-36,$39,$-67,$-0,$0,$1,$0,$1,$0,$-66,$0,$0,$0,$0,$0,$0,$0,$0,$-27,$3,$0
44,2007-07-31,12.99,$4.63,2.81,$15.43,0.84,$1.19,10.92,$0.71,18.3,$0.49B,$0.19B,2.62,$0.00B,$0.41B,0.0,$1.37B,$0.38B,27.65%,$1.37B,$0.10B,6.95%,$1.37B,$0.10B,6.95%,$1.37B,$0.12B,8.56%,$1.37B,$0.10B,7.53%,$1.37B,$0.06B,4.68%,$0.06B,$0.41B,16.64%,$0.06B,$0.38B,18.12%,$0.06B,$0.68B,10.15%,$0.10B,$0.41B,24.71%,$349,$267,$81,$0,$0,$340,$8,$2,$10,$4,$7,$7,$7,$14,$8,$88,89,$0.08,$0.08,$175,$258,$0,$494,$146,$3,$31,$0,$181,$675,$189,$0,$0,$79,$268,$286,$122,$0,$407,$675,$30,$11,$1,$12,$-4,$-20,$37,$-2,$1,$43,$-37,$-0,$0,$-4,$0,$-4,$0,$-42,$0,$0,$0,$0,$0,$0,$0,$0,$2,$2,$0
45,2007-04-30,15.15,$4.54,3.34,$14.91,1.02,$1.42,10.68,$0.81,18.7,$0.49B,$0.17B,2.78,$0.00B,$0.40B,0.0,$1.32B,$0.38B,28.96%,$1.32B,$0.11B,8.34%,$1.32B,$0.11B,8.34%,$1.32B,$0.13B,9.93%,$1.32B,$0.12B,8.95%,$1.32B,$0.07B,5.46%,$0.07B,$0.40B,19.58%,$0.07B,$0.37B,21.41%,$0.07B,$0.65B,12.04%,$0.11B,$0.40B,29.91%,$357,$248,$109,$0,$0,$320,$37,$2,$39,$15,$24,$24,$24,$42,$37,$88,89,$0.27,$0.27,$175,$258,$0,$485,$131,$3,$31,$0,$166,$650,$174,$0,$0,$77,$251,$284,$115,$0,$399,$650,$24,$5,$-1,$5,$-5,$-20,$5,$6,$-13,$15,$-9,$0,$0,$-3,$0,$-3,$0,$-12,$0,$0,$0,$0,$0,$0,$0,$0,$3,$1,$0
46,2007-01-31,15.67,$4.26,3.68,$14.47,1.08,$1.74,9.0,$0.74,21.18,$0.46B,$0.16B,2.88,$0.00B,$0.38B,0.0,$1.28B,$0.37B,28.64%,$1.28B,$0.10B,7.90%,$1.28B,$0.10B,7.90%,$1.28B,$0.12B,9.55%,$1.28B,$0.11B,8.45%,$1.28B,$0.07B,5.16%,$0.07B,$0.38B,18.92%,$0.07B,$0.34B,20.82%,$0.07B,$0.61B,11.53%,$0.10B,$0.38B,28.96%,$329,$240,$89,$0,$0,$305,$25,$2,$27,$10,$17,$17,$17,$31,$25,$88,88,$0.19,$0.19,$172,$238,$0,$458,$117,$0,$31,$0,$150,$608,$159,$0,$0,$74,$234,$283,$91,$0,$375,$608,$65,$21,$8,$29,$-4,$-21,$9,$1,$-6,$88,$-42,$0,$0,$-99,$0,$-99,$0,$-141,$0,$0,$0,$1,$1,$0,$0,$1,$-52,$3,$0
47,2006-10-31,13.52,$4.06,3.33,$14.55,0.93,$2.34,5.77,$0.67,20.18,$0.45B,$0.16B,2.83,$0.00B,$0.36B,0.0,$1.23B,$0.35B,28.47%,$1.23B,$0.09B,7.54%,$1.23B,$0.09B,7.54%,$1.23B,$0.11B,9.16%,$1.23B,$0.10B,8.03%,$1.23B,$0.06B,4.79%,$0.06B,$0.36B,17.81%,$0.06B,$0.33B,19.70%,$0.06B,$0.59B,10.78%,$0.09B,$0.36B,28.08%,$332,$234,$99,$0,$0,$307,$25,$2,$27,$11,$16,$16,$16,$30,$25,$88,88,$0.18,$0.18,$173,$235,$0,$452,$103,$0,$31,$0,$137,$589,$160,$0,$72,$72,$232,$282,$75,$0,$357,$589,$49,$14,$2,$17,$-5,$-18,$8,$7,$2,$67,$-20,$0,$0,$-75,$0,$-75,$0,$-95,$0,$0,$0,$0,$0,$0,$0,$1,$-28,$3,$0
