,Date,Stock Price,Book Value per Share,Price to Book Ratio,TTM Sales per Share,Price to Sales Ratio,TTM FCF per Share,Price to FCF Ratio,TTM Net EPS,PE Ratio,Current Assets,Current Liabilities,Current Ratio,Long Term Debt,Shareholder's Equity_x,Debt to Equity Ratio,TTM Revenue_x,TTM Gross Profit,Gross Margin,TTM Revenue_y,TTM Operating Income,Operating Margin,TTM Revenue_x,TTM EBIT,EBIT Margin,TTM Revenue_y,TTM EBITDA,EBITDA Margin,TTM Revenue_x,TTM Pre-Tax Income,Pre-Tax Margin,TTM Revenue_y,TTM Net Income_x,Net Margin,TTM Net Income_y,Shareholder's Equity_y,Return on Equity,TTM Net Income_x,Tangible Equity,Return on Tangible Equity,TTM Net Income_y,Total Assets,Return on Assets,TTM Net Income,LT Investments & Debt,Return on Investment,revenue,cost-goods-sold,gross-profit,research-development-expenses,selling-general-administrative-expenses,operating-expenses,operating-income,total-non-operating-income-expense,pre-tax-income,total-provision-income-taxes,income-after-taxes,income-from-continuous-operations,net-income,ebitda,ebit,basic-shares-outstanding,shares-outstanding,eps-basic-net-earnings-per-share,eps-earnings-per-share-diluted,cash-on-hand,inventory,other-current-assets,total-current-assets,net-property-plant-equipment,long-term-investments,goodwill-intangible-assets-total,other-long-term-assets,total-long-term-assets,total-assets,total-current-liabilities,long-term-debt,other-non-current-liabilities,total-long-term-liabilities,total-liabilities,common-stock-net,retained-earnings-accumulated-deficit,comprehensive-income,total-share-holder-equity,total-liabilities-share-holders-equity,net-income-loss,total-depreciation-amortization-cash-flow,other-non-cash-items,total-non-cash-items,change-in-accounts-receivable,change-in-inventories,change-in-accounts-payable,change-in-assets-liabilities,total-change-in-assets-liabilities,cash-flow-from-operating-activities,net-change-in-property-plant-equipment,net-change-in-intangible-assets,net-acquisitions-divestitures,net-change-in-short-term-investments,net-change-in-long-term-investments,net-change-in-investments-total,investing-activities-other,cash-flow-from-investing-activities,net-long-term-debt,net-current-debt,debt-issuance-retirement-net-total,net-common-equity-issued-repurchased,net-total-equity-issued-repurchased,total-common-preferred-stock-dividends-paid,financial-activities-other,cash-flow-from-financial-activities,net-cash-flow,stock-based-compensation,common-stock-dividends-paid
0,2016-03-31,1.53,$4.78,0.32,$2.78,0.55,$-0.23,0.0,$-0.31,0.0,$0.05B,$0.01B,4.71,$0.00B,$0.08B,0.0,$0.04B,$0.00B,9.09%,$0.04B,$-0.01B,-13.64%,$0.04B,$-0.01B,-13.64%,$0.04B,$-0.00B,-4.55%,$0.04B,$-0.00B,-9.09%,$0.04B,$-0.00B,-9.09%,$-0.00B,$0.08B,-5.05%,$-0.00B,$0.08B,-5.05%,$-0.00B,$0.09B,-4.34%,$-0.01B,$0.08B,-7.57%,$0,$0,$0,$0,$0,$0,$0,$0,$0,$0,$0,$0,$0,$-1,$0,$0,0,$0.00,$0.00,$31,$8,$1,$51,$32,$5,$0,$0,$37,$88,$11,$0,$0,$0,$11,$53,$13,$5,$77,$88,$-5,$2,$2,$4,$0,$3,$-1,$-0,$1,$1,$1,$0,$0,$-4,$2,$-2,$0,$-1,$0,$0,$0,$0,$0,$-2,$0,$-2,$-2,$0,$-2
1,2015-12-31,1.26,$4.89,0.26,$2.76,0.46,$-0.45,0.0,$-0.24,0.0,$0.05B,$0.01B,4.32,$0.00B,$0.08B,0.0,$0.04B,$0.01B,11.36%,$0.04B,$-0.00B,-9.09%,$0.04B,$-0.00B,-9.09%,$0.04B,$-0.00B,-2.27%,$0.04B,$-0.00B,-6.82%,$0.04B,$-0.00B,-6.82%,$-0.00B,$0.08B,-3.70%,$-0.00B,$0.08B,-3.70%,$-0.00B,$0.09B,-3.18%,$-0.00B,$0.08B,-4.94%,$8,$7,$1,$0,$2,$10,$-2,$1,$-1,$-0,$-1,$-1,$-1,$-0,$-2,$16,16,$-0.07,$-0.07,$30,$9,$0,$53,$35,$3,$0,$0,$38,$91,$12,$0,$0,$0,$12,$53,$15,$5,$79,$91,$-4,$2,$1,$3,$-3,$2,$1,$-1,$-1,$-1,$0,$0,$0,$-3,$2,$-1,$0,$-1,$0,$0,$0,$0,$0,$-2,$0,$-2,$-4,$0,$-2
2,2015-09-30,1.33,$4.95,0.27,$2.65,0.5,$-0.53,0.0,$-0.29,0.0,$0.06B,$0.01B,4.12,$0.00B,$0.08B,0.0,$0.04B,$0.01B,11.90%,$0.04B,$-0.01B,-11.90%,$0.04B,$-0.01B,-11.90%,$0.04B,$-0.00B,-4.76%,$0.04B,$-0.00B,-9.52%,$0.04B,$-0.00B,-9.52%,$-0.00B,$0.08B,-4.85%,$-0.00B,$0.08B,-4.85%,$-0.00B,$0.09B,-4.18%,$-0.01B,$0.08B,-6.06%,$13,$11,$1,$0,$2,$13,$-1,$1,$-0,$0,$-0,$-0,$-0,$-0,$-1,$16,16,$-0.02,$-0.02,$32,$10,$0,$56,$35,$2,$0,$0,$37,$93,$14,$0,$0,$0,$14,$53,$16,$5,$79,$93,$-3,$1,$1,$3,$-3,$1,$1,$-0,$-1,$-2,$0,$0,$0,$-3,$-0,$-3,$0,$-3,$0,$0,$0,$0,$0,$-1,$0,$-1,$-5,$0,$-1
3,2015-06-30,1.52,$5.13,0.3,$2.52,0.6,$-0.55,0.0,$-0.25,0.0,$0.06B,$0.01B,4.12,$0.00B,$0.08B,0.0,$0.04B,$0.01B,12.50%,$0.04B,$-0.01B,-15.00%,$0.04B,$-0.01B,-15.00%,$0.04B,$-0.00B,-7.50%,$0.04B,$-0.00B,-10.00%,$0.04B,$-0.00B,-10.00%,$-0.00B,$0.08B,-4.73%,$-0.00B,$0.08B,-4.73%,$-0.00B,$0.10B,-4.11%,$-0.01B,$0.08B,-7.10%,$12,$11,$1,$0,$2,$13,$-1,$-1,$-2,$0,$-2,$-2,$-2,$-1,$-1,$16,16,$-0.15,$-0.15,$34,$11,$0,$59,$36,$2,$0,$0,$37,$97,$14,$0,$0,$0,$14,$53,$18,$5,$82,$97,$-1,$1,$0,$1,$-3,$-0,$2,$-0,$-2,$-2,$0,$0,$0,$-1,$-2,$-3,$0,$-3,$0,$0,$0,$0,$0,$0,$0,$0,$-5,$0,$0
4,2015-03-31,1.52,$5.24,0.29,$2.36,0.64,$-0.47,0.0,$-0.18,0.0,$0.06B,$0.01B,4.71,$0.00B,$0.08B,0.0,$0.04B,$0.01B,13.16%,$0.04B,$-0.01B,-13.16%,$0.04B,$-0.01B,-13.16%,$0.04B,$-0.00B,-5.26%,$0.04B,$-0.00B,-7.89%,$0.04B,$-0.00B,-7.89%,$-0.00B,$0.08B,-3.48%,$-0.00B,$0.08B,-3.48%,$-0.00B,$0.10B,-3.05%,$-0.01B,$0.08B,-5.80%,$11,$11,$1,$0,$2,$13,$-2,$1,$-1,$0,$-1,$-1,$-1,$0,$-2,$16,16,$-0.07,$-0.07,$36,$11,$0,$58,$37,$2,$0,$0,$38,$96,$12,$0,$0,$0,$12,$53,$20,$5,$84,$96,$-3,$3,$-1,$2,$-2,$-0,$1,$-0,$-1,$-2,$0,$0,$0,$-3,$-0,$-4,$0,$-4,$0,$0,$0,$0,$0,$-3,$0,$-3,$-9,$0,$-3
5,2014-12-31,1.42,$5.32,0.27,$2.30,0.62,$-0.43,0.0,$-0.37,0.0,$0.06B,$0.01B,5.0,$0.00B,$0.09B,0.0,$0.04B,$0.00B,10.81%,$0.04B,$-0.01B,-21.62%,$0.04B,$-0.01B,-21.62%,$0.04B,$-0.00B,-10.81%,$0.04B,$-0.01B,-13.51%,$0.04B,$-0.01B,-16.22%,$-0.01B,$0.09B,-6.84%,$-0.01B,$0.09B,-6.84%,$-0.01B,$0.10B,-6.03%,$-0.01B,$0.09B,-9.12%,$8,$6,$2,$0,$2,$9,$-0,$1,$0,$0,$0,$0,$0,$-1,$-0,$16,16,$0.01,$0.01,$38,$10,$0,$60,$37,$0,$0,$0,$37,$97,$12,$0,$0,$0,$12,$53,$21,$5,$85,$97,$-3,$2,$-0,$2,$-3,$1,$1,$-0,$-1,$-2,$-0,$0,$0,$-4,$-0,$-5,$0,$-5,$0,$0,$0,$0,$0,$-2,$0,$-2,$-9,$0,$-2
6,2014-09-30,1.73,$5.39,0.32,$2.29,0.76,$-0.42,0.0,$-0.39,0.0,$0.06B,$0.01B,4.82,$0.00B,$0.09B,0.0,$0.04B,$0.00B,10.81%,$0.04B,$-0.01B,-18.92%,$0.04B,$-0.01B,-18.92%,$0.04B,$-0.00B,-8.11%,$0.04B,$-0.01B,-13.51%,$0.04B,$-0.01B,-16.22%,$-0.01B,$0.09B,-6.69%,$-0.01B,$0.09B,-6.69%,$-0.01B,$0.10B,-5.90%,$-0.01B,$0.09B,-7.80%,$11,$10,$1,$0,$3,$13,$-2,$1,$-1,$0,$-1,$-1,$-1,$-1,$-2,$16,16,$-0.07,$-0.07,$38,$10,$0,$62,$38,$0,$0,$0,$38,$99,$13,$0,$0,$0,$13,$53,$23,$5,$87,$99,$-2,$1,$-0,$1,$-3,$1,$1,$1,$-1,$-2,$-0,$0,$0,$0,$-0,$-0,$0,$-0,$0,$0,$0,$0,$0,$-2,$0,$-2,$-4,$0,$-2
7,2014-06-30,1.59,$5.54,0.29,$2.39,0.67,$-0.40,0.0,$-0.36,0.0,$0.06B,$0.01B,5.29,$0.00B,$0.09B,0.0,$0.04B,$0.00B,10.26%,$0.04B,$-0.01B,-17.95%,$0.04B,$-0.01B,-17.95%,$0.04B,$-0.00B,-7.69%,$0.04B,$-0.00B,-10.26%,$0.04B,$-0.01B,-12.82%,$-0.01B,$0.09B,-5.43%,$-0.01B,$0.09B,-5.43%,$-0.01B,$0.10B,-4.78%,$-0.01B,$0.09B,-7.61%,$10,$9,$1,$0,$3,$12,$-2,$0,$-2,$0,$-2,$-2,$-2,$-0,$-2,$16,16,$-0.11,$-0.11,$40,$11,$0,$63,$38,$0,$0,$0,$38,$101,$12,$0,$0,$0,$12,$53,$25,$5,$89,$101,$0,$1,$-1,$0,$-2,$0,$0,$1,$-1,$-1,$0,$0,$0,$0,$-0,$-0,$0,$0,$0,$0,$0,$0,$0,$-1,$0,$-1,$-2,$0,$-1
8,2014-03-31,1.56,$5.58,0.28,$2.52,0.62,$-0.41,0.0,$-0.47,0.0,$0.06B,$0.01B,5.61,$0.00B,$0.09B,0.0,$0.04B,$0.00B,9.76%,$0.04B,$-0.01B,-17.07%,$0.04B,$-0.01B,-17.07%,$0.04B,$-0.00B,-7.32%,$0.04B,$-0.01B,-14.63%,$0.04B,$-0.01B,-17.07%,$-0.01B,$0.09B,-7.43%,$-0.01B,$0.09B,-7.43%,$-0.01B,$0.10B,-6.53%,$-0.01B,$0.09B,-7.43%,$9,$8,$1,$0,$2,$10,$-1,$1,$0,$0,$0,$0,$0,$-2,$-1,$16,16,$0.00,$0.00,$41,$11,$0,$62,$39,$0,$0,$0,$39,$101,$11,$0,$0,$0,$11,$53,$26,$5,$90,$101,$-7,$4,$2,$5,$0,$0,$-0,$0,$0,$-2,$0,$0,$0,$0,$-3,$-3,$0,$-2,$0,$0,$0,$-1,$-1,$-4,$0,$-5,$-9,$0,$-4
9,2013-12-31,1.65,$5.82,0.28,$2.61,0.63,$0.16,10.65,$-0.40,0.0,$0.07B,$0.01B,5.18,$0.00B,$0.09B,0.0,$0.04B,$0.00B,9.30%,$0.04B,$-0.01B,-13.95%,$0.04B,$-0.01B,-13.95%,$0.04B,$-0.00B,-4.65%,$0.04B,$-0.01B,-11.63%,$0.04B,$-0.01B,-13.95%,$-0.01B,$0.09B,-6.17%,$-0.01B,$0.09B,-6.19%,$-0.01B,$0.11B,-5.44%,$-0.01B,$0.09B,-6.17%,$7,$7,$1,$0,$2,$10,$-3,$0,$-2,$0,$-3,$-3,$-3,$-0,$-3,$16,16,$-0.19,$-0.19,$42,$12,$0,$65,$40,$0,$0,$0,$41,$106,$13,$0,$0,$0,$13,$53,$30,$5,$93,$106,$-4,$3,$0,$3,$-2,$-0,$0,$0,$-1,$-2,$-0,$0,$0,$0,$-3,$-3,$0,$-3,$0,$0,$0,$-1,$-1,$-3,$0,$-4,$-9,$0,$-3
10,2013-09-30,1.77,$5.90,0.3,$2.77,0.64,$0.63,2.81,$-0.32,0.0,$0.07B,$0.01B,4.96,$0.00B,$0.10B,0.0,$0.05B,$0.01B,10.87%,$0.05B,$-0.01B,-13.04%,$0.05B,$-0.01B,-13.04%,$0.05B,$-0.00B,-4.35%,$0.05B,$-0.00B,-8.70%,$0.05B,$-0.01B,-10.87%,$-0.01B,$0.10B,-4.99%,$-0.01B,$0.10B,-5.01%,$-0.01B,$0.11B,-4.43%,$-0.01B,$0.10B,-5.99%,$11,$10,$1,$0,$3,$12,$-1,$0,$-1,$0,$-1,$-1,$-1,$-1,$-1,$16,16,$-0.09,$-0.09,$44,$12,$0,$68,$41,$0,$0,$0,$42,$110,$14,$0,$0,$0,$14,$53,$32,$5,$96,$110,$-3,$2,$0,$2,$-3,$-1,$2,$0,$-1,$-2,$0,$0,$0,$0,$-3,$-3,$0,$-3,$0,$0,$0,$-0,$-0,$-2,$0,$-2,$-7,$0,$-2
11,2013-06-30,1.76,$6.07,0.29,$3.02,0.58,$0.77,2.28,$-0.23,0.0,$0.07B,$0.01B,5.07,$0.00B,$0.10B,0.0,$0.05B,$0.01B,14.00%,$0.05B,$-0.00B,-8.00%,$0.05B,$-0.00B,-8.00%,$0.05B,0,0.00%,$0.05B,$-0.00B,-6.00%,$0.05B,$-0.00B,-8.00%,$-0.00B,$0.10B,-3.89%,$-0.00B,$0.10B,-3.91%,$-0.00B,$0.11B,-3.48%,$-0.00B,$0.10B,-3.89%,$12,$11,$1,$0,$3,$13,$-2,$0,$-1,$0,$-1,$-1,$-1,$-0,$-2,$16,16,$-0.08,$-0.08,$46,$12,$0,$70,$42,$0,$0,$0,$42,$112,$14,$0,$0,$0,$14,$52,$34,$5,$98,$112,$-2,$1,$1,$2,$-2,$-1,$2,$-0,$-1,$-1,$0,$0,$0,$0,$-1,$-1,$0,$-1,$0,$0,$0,$-0,$-0,$0,$0,$-0,$-3,$0,$0
12,2013-03-31,1.76,$6.20,0.28,$3.23,0.54,$0.87,2.01,$-0.12,0.0,$0.07B,$0.01B,6.31,$0.00B,$0.10B,0.0,$0.05B,$0.01B,15.09%,$0.05B,$-0.00B,-5.66%,$0.05B,$-0.00B,-5.66%,$0.05B,$0.00B,1.89%,$0.05B,$-0.00B,-1.89%,$0.05B,$-0.00B,-3.77%,$-0.00B,$0.10B,-1.91%,$-0.00B,$0.10B,-1.92%,$-0.00B,$0.11B,-1.70%,$-0.00B,$0.10B,-2.86%,$11,$10,$1,$0,$3,$13,$-1,$-0,$-2,$0,$-2,$-2,$-2,$-1,$-1,$16,16,$-0.11,$-0.11,$48,$11,$0,$69,$43,$0,$0,$0,$43,$113,$11,$0,$0,$0,$11,$52,$37,$5,$102,$113,$-2,$4,$-0,$4,$4,$4,$-3,$-0,$6,$8,$-1,$0,$0,$-6,$2,$-3,$0,$-4,$0,$0,$0,$0,$0,$-5,$0,$-5,$-1,$0,$-5
13,2012-12-31,1.63,$6.37,0.26,$3.44,0.47,$1.10,1.47,$-0.04,0.0,$0.07B,$0.01B,6.24,$0.00B,$0.11B,0.0,$0.06B,$0.01B,14.29%,$0.06B,$-0.00B,-5.36%,$0.06B,$-0.00B,-5.36%,$0.06B,$0.00B,1.79%,$0.06B,$-0.00B,-1.79%,$0.06B,$-0.00B,-1.79%,$-0.00B,$0.11B,-0.94%,$-0.00B,$0.10B,-0.95%,$-0.00B,$0.12B,-0.84%,$-0.00B,$0.11B,-2.82%,$9,$8,$1,$0,$3,$11,$-2,$1,$-1,$0,$-2,$-2,$-2,$0,$-2,$16,16,$-0.12,$-0.12,$47,$13,$0,$72,$44,$0,$0,$0,$44,$116,$12,$0,$0,$0,$12,$52,$40,$6,$105,$116,$0,$3,$0,$3,$1,$3,$-1,$0,$3,$6,$-1,$0,$0,$-3,$-3,$-6,$0,$-7,$0,$0,$0,$0,$0,$-5,$0,$-4,$-5,$0,$-5
14,2012-09-30,1.84,$6.37,0.29,$3.62,0.51,$1.33,1.38,$-0.02,0.0,$0.07B,$0.01B,5.6,$0.00B,$0.11B,0.0,$0.06B,$0.01B,13.79%,$0.06B,$-0.00B,-3.45%,$0.06B,$-0.00B,-3.45%,$0.06B,$0.00B,3.45%,$0.06B,$-0.00B,-1.72%,$0.06B,$-0.00B,-1.72%,$-0.00B,$0.11B,-0.94%,$-0.00B,$0.11B,-0.94%,$-0.00B,$0.12B,-0.82%,$-0.00B,$0.11B,-1.87%,$14,$12,$2,$0,$2,$14,$-1,$0,$-0,$0,$-0,$-0,$-0,$1,$-1,$17,17,$-0.01,$-0.01,$43,$15,$0,$74,$44,$0,$0,$0,$45,$119,$13,$0,$0,$0,$13,$52,$41,$5,$106,$119,$0,$2,$0,$2,$-2,$0,$0,$-0,$-2,$1,$-0,$0,$0,$-2,$-2,$-4,$0,$-4,$0,$0,$0,$1,$1,$-4,$0,$-3,$-6,$0,$-4
15,2012-06-30,1.72,$6.41,0.27,$3.76,0.46,$1.67,1.03,$-0.09,0.0,$0.08B,$0.02B,4.79,$0.00B,$0.11B,0.0,$0.06B,$0.01B,13.33%,$0.06B,$-0.00B,-3.33%,$0.06B,$-0.00B,-3.33%,$0.06B,$0.00B,3.33%,$0.06B,$-0.00B,-3.33%,$0.06B,$-0.00B,-3.33%,$-0.00B,$0.11B,-1.86%,$-0.00B,$0.11B,-1.87%,$-0.00B,$0.12B,-1.63%,$-0.00B,$0.11B,-1.86%,$16,$14,$3,$0,$3,$16,$-0,$0,$0,$0,$0,$0,$0,$1,$-0,$17,17,$0.01,$0.01,$46,$16,$0,$76,$45,$0,$0,$0,$46,$122,$16,$0,$0,$0,$16,$52,$42,$5,$106,$122,$0,$1,$0,$1,$0,$-0,$-0,$-0,$-1,$1,$-0,$0,$0,$-2,$1,$-1,$0,$-1,$0,$0,$0,$1,$1,$-0,$0,$0,$0,$0,$-0
16,2012-03-31,1.51,$6.65,0.23,$4.00,0.38,$1.76,0.86,$-0.09,0.0,$0.08B,$0.01B,5.27,$0.00B,$0.11B,0.0,$0.06B,$0.01B,14.06%,$0.06B,$-0.00B,-3.13%,$0.06B,$-0.00B,-3.13%,$0.06B,$0.00B,3.13%,$0.06B,$-0.00B,-3.13%,$0.06B,$-0.00B,-3.13%,$-0.00B,$0.11B,-1.84%,$-0.00B,$0.11B,-1.85%,$-0.00B,$0.12B,-1.62%,$-0.00B,$0.11B,-1.84%,$14,$12,$2,$0,$3,$15,$-0,$0,$0,$0,$0,$0,$0,$-1,$-0,$16,16,$0.00,$0.00,$45,$16,$0,$75,$46,$0,$0,$0,$47,$122,$14,$0,$0,$0,$14,$51,$44,$5,$108,$122,$-1,$5,$1,$6,$5,$3,$-1,$0,$7,$11,$0,$0,$0,$1,$-12,$-11,$0,$-11,$0,$0,$0,$0,$0,$-2,$0,$-2,$-3,$1,$-2
17,2011-12-31,1.32,$6.63,0.2,$4.23,0.31,$0.82,1.62,$-0.09,0.0,$0.07B,$0.02B,5.09,$0.00B,$0.11B,0.0,$0.07B,$0.01B,14.71%,$0.07B,0,0.00%,$0.07B,0,0.00%,$0.07B,$0.00B,5.88%,$0.07B,$-0.00B,-1.47%,$0.07B,$-0.00B,-2.94%,$-0.00B,$0.11B,-1.83%,$-0.00B,$0.11B,-1.83%,$-0.00B,$0.12B,-1.60%,$0.00B,$0.11B,0.00%,$12,$11,$1,$0,$3,$14,$-2,$1,$-1,$0,$-1,$-1,$-1,$1,$-2,$16,16,$-0.05,$-0.05,$41,$16,$0,$74,$47,$0,$0,$0,$48,$122,$15,$0,$0,$0,$15,$51,$45,$4,$107,$122,$-1,$4,$0,$4,$3,$4,$-1,$1,$6,$9,$0,$0,$0,$-3,$-12,$-15,$0,$-15,$0,$0,$0,$0,$0,$-2,$0,$-2,$-8,$0,$-2
18,2011-09-30,1.55,$6.71,0.23,$4.68,0.33,$-0.12,0.0,$-0.32,0.0,$0.07B,$0.02B,5.0,$0.00B,$0.11B,0.0,$0.08B,$0.01B,14.47%,$0.08B,$-0.00B,-5.26%,$0.08B,$-0.00B,-5.26%,$0.08B,$0.00B,1.32%,$0.08B,$-0.01B,-6.58%,$0.08B,$-0.01B,-7.89%,$-0.01B,$0.11B,-5.42%,$-0.01B,$0.11B,-5.44%,$-0.01B,$0.12B,-4.72%,$-0.00B,$0.11B,-3.61%,$16,$14,$2,$0,$3,$17,$-0,$1,$0,$0,$0,$0,$0,$1,$-0,$16,16,$0.01,$0.01,$39,$17,$0,$74,$49,$0,$0,$0,$49,$124,$15,$0,$0,$0,$15,$51,$45,$5,$109,$124,$-1,$3,$1,$3,$2,$3,$-1,$0,$4,$6,$-0,$0,$0,$-3,$-12,$-15,$0,$-15,$0,$0,$0,$0,$0,$-2,$0,$-2,$-10,$0,$-2
19,2011-06-30,1.76,$6.81,0.26,$5.05,0.35,$-0.96,0.0,$-0.36,0.0,$0.08B,$0.02B,4.69,$0.00B,$0.11B,0.0,$0.08B,$0.01B,13.41%,$0.08B,$-0.01B,-7.32%,$0.08B,$-0.01B,-7.32%,$0.08B,0,0.00%,$0.08B,$-0.01B,-7.32%,$0.08B,$-0.01B,-8.54%,$-0.01B,$0.11B,-6.22%,$-0.01B,$0.11B,-6.24%,$-0.01B,$0.13B,-5.38%,$-0.01B,$0.11B,-5.33%,$18,$15,$3,$0,$3,$18,$-0,$-0,$-1,$0,$-1,$-1,$-1,$1,$-0,$16,16,$-0.06,$-0.06,$38,$19,$0,$76,$50,$0,$0,$0,$50,$127,$16,$0,$0,$0,$16,$51,$47,$5,$110,$127,$0,$1,$0,$1,$-0,$1,$0,$0,$1,$2,$0,$0,$0,$0,$-11,$-11,$0,$-11,$0,$0,$0,$0,$0,$-1,$0,$-1,$-10,$0,$-1
20,2011-03-31,1.77,$6.87,0.26,$5.19,0.34,$-1.35,0.0,$-0.50,0.0,$0.08B,$0.02B,4.76,$0.00B,$0.11B,0.0,$0.08B,$0.01B,10.71%,$0.08B,$-0.01B,-10.71%,$0.08B,$-0.01B,-10.71%,$0.08B,$-0.00B,-2.38%,$0.08B,$-0.01B,-9.52%,$0.08B,$-0.01B,-10.71%,$-0.01B,$0.11B,-7.84%,$-0.01B,$0.11B,-7.88%,$-0.01B,$0.13B,-6.79%,$-0.01B,$0.11B,-7.84%,$18,$15,$3,$0,$3,$18,$0,$-0,$0,$0,$0,$0,$0,$1,$0,$16,16,$0.01,$0.01,$37,$20,$0,$76,$51,$0,$0,$0,$52,$127,$16,$0,$0,$0,$16,$51,$47,$5,$111,$127,$-8,$6,$5,$11,$-3,$-5,$-0,$0,$-6,$-3,$-1,$0,$0,$5,$0,$5,$0,$5,$0,$0,$0,$0,$0,$-1,$0,$-1,$1,$0,$-1
21,2010-12-31,1.92,$6.96,0.28,$5.24,0.37,$0.04,46.82,$-0.52,0.0,$0.08B,$0.02B,4.46,$0.00B,$0.11B,0.0,$0.09B,$0.01B,10.59%,$0.09B,$-0.01B,-11.76%,$0.09B,$-0.01B,-11.76%,$0.09B,$-0.00B,-3.53%,$0.09B,$-0.01B,-10.59%,$0.09B,$-0.01B,-10.59%,$-0.01B,$0.11B,-7.68%,$-0.01B,$0.11B,-7.71%,$-0.01B,$0.13B,-6.70%,$-0.01B,$0.11B,-8.53%,$16,$14,$2,$0,$3,$16,$-0,$0,$-0,$0,$-1,$-1,$-1,$-2,$-0,$16,16,$-0.04,$-0.04,$35,$20,$0,$77,$52,$0,$0,$0,$53,$130,$17,$0,$0,$0,$17,$51,$49,$5,$113,$130,$-7,$5,$3,$8,$-6,$-4,$2,$0,$-6,$-5,$-1,$0,$0,$7,$0,$7,$0,$6,$0,$0,$0,$0,$0,$-1,$0,$-1,$-0,$0,$-1
22,2010-09-30,1.71,$7.18,0.24,$5.12,0.33,$1.69,1.01,$-0.33,0.0,$0.08B,$0.02B,3.95,$0.00B,$0.12B,0.0,$0.08B,$0.01B,12.20%,$0.08B,$-0.01B,-7.32%,$0.08B,$-0.01B,-7.32%,$0.08B,$0.00B,1.22%,$0.08B,$-0.01B,-6.10%,$0.08B,$-0.01B,-6.10%,$-0.01B,$0.12B,-4.17%,$-0.01B,$0.12B,-4.18%,$-0.01B,$0.14B,-3.66%,$-0.01B,$0.12B,-5.00%,$24,$20,$3,$0,$3,$28,$-4,$0,$-4,$0,$-4,$-4,$-4,$-0,$-4,$16,16,$-0.22,$-0.22,$33,$21,$0,$78,$58,$0,$0,$0,$58,$136,$20,$0,$0,$0,$20,$51,$52,$5,$116,$136,$-4,$3,$0,$4,$-7,$-5,$5,$-1,$-7,$-7,$-1,$0,$0,$6,$0,$6,$0,$5,$0,$0,$0,$0,$0,$-1,$0,$-1,$-3,$0,$-1
23,2010-06-30,2.14,$7.33,0.29,$4.94,0.43,$3.28,0.65,$-0.03,0.0,$0.08B,$0.02B,4.28,$0.00B,$0.12B,0.0,$0.08B,$0.01B,12.66%,$0.08B,$-0.00B,-1.27%,$0.08B,$-0.00B,-1.27%,$0.08B,$0.01B,7.59%,$0.08B,0,0.00%,$0.08B,0,0.00%,$0.00B,$0.12B,0.00%,$0.00B,$0.12B,0.00%,$0.00B,$0.14B,0.00%,$-0.00B,$0.12B,-0.82%,$24,$21,$3,$0,$4,$26,$-2,$0,$-2,$0,$-2,$-2,$-2,$-1,$-2,$16,16,$-0.10,$-0.10,$37,$19,$0,$76,$60,$0,$0,$0,$60,$137,$18,$0,$0,$0,$18,$51,$55,$5,$119,$137,$-2,$2,$-0,$2,$-4,$-3,$4,$-0,$-3,$-3,$-1,$0,$0,$-2,$0,$-2,$0,$-2,$0,$0,$0,$0,$0,$0,$0,$0,$-6,$0,$0
24,2010-03-31,2.41,$7.47,0.32,$5.10,0.47,$3.93,0.61,$0.09,26.79,$0.07B,$0.01B,5.61,$0.00B,$0.12B,0.0,$0.08B,$0.01B,15.85%,$0.08B,$0.00B,2.44%,$0.08B,$0.00B,2.44%,$0.08B,$0.01B,10.98%,$0.08B,$0.00B,2.44%,$0.08B,$0.00B,2.44%,$0.00B,$0.12B,1.64%,$0.00B,$0.12B,1.64%,$0.00B,$0.13B,1.45%,$0.00B,$0.12B,1.64%,$20,$20,$1,$0,$4,$23,$-3,$0,$-2,$-0,$-2,$-2,$-2,$0,$-3,$16,16,$-0.14,$-0.14,$41,$16,$0,$73,$61,$0,$0,$0,$61,$134,$13,$0,$0,$0,$13,$51,$57,$5,$121,$134,$1,$7,$-3,$4,$8,$5,$-3,$-1,$9,$14,$4,$0,$0,$-5,$0,$-5,$0,$-1,$0,$0,$0,$1,$1,$-2,$0,$-1,$12,$0,$-2
25,2009-12-31,2.32,$7.63,0.3,$5.79,0.4,$3.08,0.75,$0.19,12.21,$0.08B,$0.02B,4.69,$0.00B,$0.12B,0.0,$0.09B,$0.02B,16.30%,$0.09B,$0.00B,3.26%,$0.09B,$0.00B,3.26%,$0.09B,$0.01B,11.96%,$0.09B,$0.00B,3.26%,$0.09B,$0.00B,4.35%,$0.00B,$0.12B,3.28%,$0.00B,$0.12B,3.29%,$0.00B,$0.14B,2.89%,$0.00B,$0.12B,2.46%,$17,$15,$2,$0,$4,$18,$-1,$0,$-1,$-0,$-1,$-1,$-1,$2,$-1,$16,16,$-0.06,$-0.06,$43,$16,$0,$77,$62,$0,$0,$0,$63,$140,$16,$0,$0,$0,$16,$51,$60,$5,$124,$140,$2,$5,$-4,$1,$5,$5,$-1,$-0,$10,$14,$7,$0,$0,$0,$0,$0,$-2,$4,$0,$0,$0,$1,$1,$0,$0,$1,$19,$0,$0
26,2009-09-30,2.16,$7.75,0.28,$6.81,0.32,$1.56,1.39,$0.28,7.71,$0.08B,$0.02B,4.42,$0.00B,$0.12B,0.0,$0.11B,$0.02B,15.74%,$0.11B,$0.00B,3.70%,$0.11B,$0.00B,3.70%,$0.11B,$0.01B,11.11%,$0.11B,$0.00B,3.70%,$0.11B,$0.01B,4.63%,$0.01B,$0.12B,4.13%,$0.01B,$0.12B,4.14%,$0.01B,$0.14B,3.59%,$0.00B,$0.12B,3.31%,$21,$17,$4,$0,$4,$21,$0,$0,$0,$1,$-0,$-0,$-0,$5,$0,$16,16,$-0.03,$-0.03,$41,$16,$0,$77,$63,$0,$0,$0,$64,$141,$17,$0,$0,$0,$17,$50,$60,$5,$124,$141,$3,$4,$-4,$-1,$5,$5,$-2,$3,$10,$13,$5,$0,$0,$0,$0,$0,$0,$5,$0,$0,$0,$0,$0,$0,$0,$0,$18,$0,$0
27,2009-06-30,1.89,$7.61,0.25,$7.55,0.25,$0.27,7.1,$-0.03,0.0,$0.07B,$0.02B,4.67,$0.00B,$0.12B,0.0,$0.12B,$0.02B,15.13%,$0.12B,$-0.00B,-0.84%,$0.12B,$-0.00B,-0.84%,$0.12B,$0.01B,5.88%,$0.12B,$-0.00B,-0.84%,$0.12B,0,0.00%,$0.00B,$0.12B,0.00%,$0.00B,$0.12B,0.00%,$0.00B,$0.14B,0.00%,$-0.00B,$0.12B,-0.83%,$21,$18,$3,$0,$4,$18,$3,$0,$3,$-0,$3,$3,$3,$2,$3,$16,16,$0.20,$0.20,$30,$18,$1,$69,$65,$0,$0,$0,$66,$135,$15,$0,$0,$0,$15,$50,$57,$5,$120,$135,$-0,$2,$0,$2,$3,$4,$-2,$-0,$5,$6,$0,$0,$0,$0,$0,$0,$0,$0,$0,$0,$0,$0,$0,$0,$0,$0,$6,$0,$0
28,2009-03-31,0.99,$7.62,0.13,$8.34,0.12,$-0.03,0.0,$0.07,14.18,$0.07B,$0.02B,4.06,$0.00B,$0.12B,0.0,$0.13B,$0.02B,15.27%,$0.13B,0,0.00%,$0.13B,0,0.00%,$0.13B,$0.01B,6.11%,$0.13B,0,0.00%,$0.13B,$0.00B,0.76%,$0.00B,$0.12B,0.82%,$0.00B,$0.12B,0.83%,$0.00B,$0.14B,0.70%,$0.00B,$0.12B,0.00%,$23,$19,$4,$0,$4,$23,$-0,$0,$-0,$0,$-0,$-0,$-0,$2,$-0,$16,16,$-0.02,$-0.02,$23,$21,$1,$70,$67,$0,$0,$0,$68,$137,$17,$0,$0,$0,$17,$50,$57,$5,$120,$137,$1,$7,$2,$9,$-1,$3,$-2,$2,$1,$12,$-7,$0,$0,$0,$0,$0,$0,$-7,$0,$0,$0,$0,$0,$-4,$0,$-4,$0,$0,$-4
29,2008-12-31,0.73,$7.62,0.1,$8.63,0.08,$0.29,2.52,$0.15,4.87,$0.07B,$0.02B,3.16,$0.00B,$0.12B,0.0,$0.14B,$0.02B,15.44%,$0.14B,$0.00B,0.74%,$0.14B,$0.00B,0.74%,$0.14B,$0.01B,6.62%,$0.14B,$0.00B,0.74%,$0.14B,$0.00B,0.74%,$0.00B,$0.12B,0.82%,$0.00B,$0.12B,0.83%,$0.00B,$0.14B,0.69%,$0.00B,$0.12B,0.82%,$27,$23,$4,$0,$4,$27,$0,$0,$0,$-0,$1,$1,$1,$3,$0,$16,16,$0.05,$0.05,$15,$27,$0,$74,$69,$0,$0,$0,$70,$144,$23,$0,$0,$0,$23,$50,$57,$5,$120,$144,$1,$5,$0,$6,$-6,$-1,$4,$1,$-3,$3,$-7,$0,$0,$0,$0,$0,$0,$-7,$0,$0,$0,$0,$0,$-3,$0,$-3,$-7,$0,$-3
30,2008-09-30,1.79,$7.64,0.23,$8.53,0.21,$0.74,2.41,$0.28,6.38,$0.08B,$0.03B,2.97,$0.00B,$0.12B,0.0,$0.13B,$0.02B,17.16%,$0.13B,$0.00B,2.24%,$0.13B,$0.00B,2.24%,$0.13B,$0.01B,8.21%,$0.13B,$0.00B,2.24%,$0.13B,$0.00B,2.24%,$0.00B,$0.12B,2.46%,$0.00B,$0.12B,2.47%,$0.00B,$0.15B,2.08%,$0.00B,$0.12B,2.46%,$37,$31,$6,$0,$5,$36,$1,$0,$1,$0,$1,$1,$1,$0,$1,$16,16,$0.06,$0.06,$18,$31,$0,$76,$69,$0,$0,$0,$70,$146,$26,$0,$0,$0,$26,$50,$58,$5,$121,$146,$-0,$4,$0,$4,$-2,$-5,$6,$0,$-1,$2,$-5,$0,$0,$0,$0,$0,$0,$-5,$0,$0,$0,$0,$0,$-2,$0,$-2,$-5,$0,$-2
31,2008-06-30,2.86,$7.83,0.36,$8.96,0.32,$0.77,3.72,$0.50,5.71,$0.08B,$0.02B,3.38,$0.00B,$0.12B,0.0,$0.14B,$0.03B,18.57%,$0.14B,$0.01B,5.00%,$0.14B,$0.01B,5.00%,$0.14B,$0.01B,10.00%,$0.14B,$0.01B,5.00%,$0.14B,$0.01B,5.00%,$0.01B,$0.12B,5.77%,$0.01B,$0.12B,5.80%,$0.01B,$0.15B,4.91%,$0.01B,$0.12B,5.77%,$32,$29,$4,$0,$5,$34,$-2,$-0,$-2,$0,$-2,$-2,$-2,$3,$-2,$16,16,$-0.11,$-0.11,$24,$26,$0,$78,$68,$0,$0,$0,$69,$147,$23,$0,$0,$0,$23,$50,$61,$5,$124,$147,$1,$2,$-0,$2,$-2,$0,$4,$-1,$1,$4,$-3,$0,$0,$0,$0,$0,$0,$-3,$0,$0,$0,$0,$0,$0,$0,$0,$1,$0,$0
32,2008-03-31,3.15,$7.68,0.41,$9.28,0.34,$0.60,5.27,$0.63,5.01,$0.07B,$0.02B,3.86,$0.00B,$0.12B,0.0,$0.14B,$0.03B,18.88%,$0.14B,$0.01B,6.29%,$0.14B,$0.01B,6.29%,$0.14B,$0.02B,11.19%,$0.14B,$0.01B,6.99%,$0.14B,$0.01B,6.29%,$0.01B,$0.12B,7.55%,$0.01B,$0.12B,7.58%,$0.01B,$0.14B,6.30%,$0.01B,$0.12B,7.55%,$35,$29,$6,$0,$5,$34,$1,$0,$1,$0,$1,$1,$1,$3,$1,$16,16,$0.08,$0.08,$23,$26,$0,$74,$66,$0,$0,$0,$67,$140,$19,$0,$0,$0,$19,$50,$60,$4,$121,$140,$9,$7,$0,$7,$-0,$3,$-3,$1,$0,$16,$-7,$0,$-0,$0,$0,$0,$0,$-7,$0,$0,$0,$1,$1,$-10,$0,$-9,$-2,$0,$-10
33,2007-12-31,2.98,$7.68,0.39,$9.28,0.32,$0.74,4.05,$0.61,4.88,$0.08B,$0.02B,3.64,$0.00B,$0.12B,0.0,$0.14B,$0.03B,19.15%,$0.14B,$0.01B,6.38%,$0.14B,$0.01B,6.38%,$0.14B,$0.02B,10.64%,$0.14B,$0.01B,7.09%,$0.14B,$0.01B,5.67%,$0.01B,$0.12B,6.84%,$0.01B,$0.12B,6.88%,$0.01B,$0.14B,5.59%,$0.01B,$0.12B,7.69%,$32,$26,$5,$0,$5,$31,$1,$0,$1,$-0,$1,$1,$1,$5,$1,$16,16,$0.06,$0.06,$21,$29,$0,$80,$63,$0,$0,$0,$63,$143,$22,$0,$0,$0,$22,$50,$62,$2,$121,$143,$8,$5,$0,$5,$-4,$1,$-1,$0,$-3,$9,$-6,$0,$-0,$0,$0,$0,$0,$-6,$0,$0,$0,$1,$1,$-7,$0,$-6,$-4,$0,$-7
34,2007-09-30,4.8,$7.52,0.64,$9.62,0.5,$0.83,5.79,$0.66,7.27,$0.08B,$0.02B,3.65,$0.00B,$0.12B,0.0,$0.15B,$0.03B,19.31%,$0.15B,$0.01B,7.59%,$0.15B,$0.01B,7.59%,$0.15B,$0.02B,11.72%,$0.15B,$0.01B,8.28%,$0.15B,$0.01B,6.90%,$0.01B,$0.12B,8.68%,$0.01B,$0.12B,8.75%,$0.01B,$0.14B,6.96%,$0.01B,$0.12B,9.54%,$35,$27,$8,$0,$5,$32,$3,$0,$3,$0,$3,$3,$3,$3,$3,$16,16,$0.19,$0.19,$17,$28,$0,$79,$61,$0,$0,$0,$61,$140,$22,$0,$0,$0,$22,$50,$60,$1,$119,$140,$5,$3,$0,$3,$-8,$2,$-0,$-1,$-7,$1,$-4,$0,$-0,$0,$0,$0,$0,$-4,$0,$0,$0,$1,$1,$-5,$0,$-4,$-8,$0,$-5
35,2007-06-30,5.04,$7.65,0.66,$9.52,0.53,$0.69,7.26,$0.79,6.38,$0.09B,$0.02B,3.59,$0.00B,$0.12B,0.0,$0.14B,$0.03B,20.98%,$0.14B,$0.01B,9.09%,$0.14B,$0.01B,9.09%,$0.14B,$0.02B,13.29%,$0.14B,$0.01B,9.79%,$0.14B,$0.01B,8.39%,$0.01B,$0.12B,10.60%,$0.01B,$0.12B,10.69%,$0.01B,$0.15B,8.28%,$0.01B,$0.12B,11.48%,$38,$32,$7,$0,$5,$37,$2,$0,$2,$0,$2,$2,$2,$5,$2,$15,15,$0.11,$0.11,$24,$29,$0,$87,$61,$0,$1,$0,$62,$148,$24,$0,$0,$8,$32,$43,$64,$1,$116,$148,$3,$2,$0,$2,$-5,$-0,$1,$-1,$-5,$-0,$-1,$0,$0,$0,$0,$0,$0,$-1,$0,$0,$0,$1,$1,$0,$0,$1,$-1,$0,$0
36,2007-03-31,5.38,$7.42,0.72,$9.11,0.59,$0.62,8.72,$0.81,6.64,$0.08B,$0.02B,3.71,$0.00B,$0.11B,0.0,$0.14B,$0.03B,22.63%,$0.14B,$0.01B,10.22%,$0.14B,$0.01B,10.22%,$0.14B,$0.02B,13.87%,$0.14B,$0.01B,10.22%,$0.14B,$0.01B,8.76%,$0.01B,$0.11B,10.69%,$0.01B,$0.11B,10.79%,$0.01B,$0.14B,8.39%,$0.01B,$0.11B,12.47%,$38,$32,$7,$0,$4,$35,$3,$0,$4,$0,$3,$3,$3,$2,$3,$15,15,$0.21,$0.21,$25,$29,$0,$80,$60,$0,$1,$0,$61,$141,$22,$0,$0,$8,$30,$42,$61,$1,$112,$141,$12,$5,$2,$7,$-3,$-8,$5,$1,$-3,$16,$-5,$0,$0,$0,$0,$0,$0,$-5,$0,$0,$0,$1,$1,$-12,$0,$-11,$-1,$1,$-12
37,2006-12-31,5.19,$7.57,0.69,$8.84,0.59,$0.23,22.14,$0.74,7.02,$0.08B,$0.02B,3.44,$0.00B,$0.11B,0.0,$0.13B,$0.03B,23.31%,$0.13B,$0.01B,9.77%,$0.13B,$0.01B,9.77%,$0.13B,$0.02B,13.53%,$0.13B,$0.01B,9.77%,$0.13B,$0.01B,9.02%,$0.01B,$0.11B,10.81%,$0.01B,$0.11B,10.91%,$0.01B,$0.15B,8.54%,$0.01B,$0.11B,11.71%,$30,$25,$5,$0,$4,$30,$1,$0,$1,$0,$0,$0,$0,$7,$1,$15,15,$0.02,$0.02,$22,$29,$0,$84,$62,$0,$1,$0,$63,$146,$24,$0,$0,$8,$33,$43,$62,$2,$114,$146,$11,$4,$1,$5,$-9,$-7,$8,$1,$-6,$10,$-5,$0,$0,$0,$0,$0,$0,$-5,$0,$0,$0,$1,$1,$-9,$1,$-8,$-3,$1,$-9
