,Date,Stock Price,Book Value per Share,Price to Book Ratio,TTM Sales per Share,Price to Sales Ratio,TTM FCF per Share,Price to FCF Ratio,TTM Net EPS,PE Ratio,Current Assets,Current Liabilities,Current Ratio,Long Term Debt,Shareholder's Equity_x,Debt to Equity Ratio,TTM Revenue_x,TTM Gross Profit,Gross Margin,TTM Revenue_y,TTM Operating Income,Operating Margin,TTM Revenue_x,TTM EBIT,EBIT Margin,TTM Revenue_y,TTM EBITDA,EBITDA Margin,TTM Revenue_x,TTM Pre-Tax Income,Pre-Tax Margin,TTM Revenue_y,TTM Net Income_x,Net Margin,TTM Net Income_y,Shareholder's Equity_y,Return on Equity,TTM Net Income_x,Tangible Equity,Return on Tangible Equity,TTM Net Income_y,Total Assets,Return on Assets,TTM Net Income,LT Investments & Debt,Return on Investment,revenue,cost-goods-sold,gross-profit,research-development-expenses,selling-general-administrative-expenses,operating-expenses,operating-income,total-non-operating-income-expense,pre-tax-income,total-provision-income-taxes,income-after-taxes,income-from-continuous-operations,net-income,ebitda,ebit,basic-shares-outstanding,shares-outstanding,eps-basic-net-earnings-per-share,eps-earnings-per-share-diluted,cash-on-hand,inventory,other-current-assets,total-current-assets,net-property-plant-equipment,long-term-investments,goodwill-intangible-assets-total,other-long-term-assets,total-long-term-assets,total-assets,total-current-liabilities,long-term-debt,other-non-current-liabilities,total-long-term-liabilities,total-liabilities,common-stock-net,retained-earnings-accumulated-deficit,comprehensive-income,total-share-holder-equity,total-liabilities-share-holders-equity,net-income-loss,total-depreciation-amortization-cash-flow,other-non-cash-items,total-non-cash-items,change-in-accounts-receivable,change-in-inventories,change-in-accounts-payable,change-in-assets-liabilities,total-change-in-assets-liabilities,cash-flow-from-operating-activities,net-change-in-property-plant-equipment,net-change-in-intangible-assets,net-acquisitions-divestitures,net-change-in-short-term-investments,net-change-in-long-term-investments,net-change-in-investments-total,investing-activities-other,cash-flow-from-investing-activities,net-long-term-debt,net-current-debt,debt-issuance-retirement-net-total,net-common-equity-issued-repurchased,net-total-equity-issued-repurchased,total-common-preferred-stock-dividends-paid,financial-activities-other,cash-flow-from-financial-activities,net-cash-flow,stock-based-compensation,common-stock-dividends-paid
0,2018-09-30,4.12,$0.00,0.0,$2.08,1.98,$-0.19,0.0,$-4.32,0.0,$0.22B,$0.00B,0.0,$0.61B,$0.00B,0.0,$0.21B,$0.11B,51.89%,$0.21B,$-0.41B,-191.51%,$0.21B,$-0.41B,-191.51%,$0.21B,$-0.41B,-191.51%,$0.21B,$-0.42B,-199.53%,$0.21B,$-0.43B,-201.89%,$-0.43B,$0.64B,-68.18%,$-0.43B,$0.64B,-68.18%,$-0.43B,$1.27B,-34.50%,$-0.41B,$1.25B,-33.31%,$53,$25,$28,$0,$7,$45,$8,$-6,$2,$0,$2,$2,$1,$8,$8,$104,104,$0.00,$0.00,$82,$0,$17,$133,$0,$3,$0,$52,$1086,$1219,$0,$572,$23,$595,$595,$0,$0,$0,$624,$1219,$0,$0,$0,$0,$0,$0,$0,$0,$0,$28,$0,$0,$0,$0,$0,$0,$0,$47,$0,$0,$0,$0,$0,$0,$0,$-33,$42,$0,$0
1,2018-06-30,4.81,$0.00,0.0,$1.92,2.5,$-0.58,0.0,$-4.57,0.0,$0.13B,$0.00B,0.0,$0.57B,$0.00B,0.0,$0.19B,$0.09B,47.42%,$0.19B,$-0.44B,-226.80%,$0.19B,$-0.44B,-226.80%,$0.19B,$-0.44B,-226.80%,$0.19B,$-0.46B,-238.14%,$0.19B,$-0.47B,-240.72%,$-0.47B,$0.62B,-63.71%,$-0.47B,$0.62B,-63.71%,$-0.47B,$1.22B,-34.61%,$-0.44B,$1.20B,-33.12%,$48,$25,$23,$0,$8,$46,$2,$-6,$-3,$0,$-3,$-3,$-4,$2,$2,$103,103,$-0.04,$-0.04,$90,$0,$68,$158,$1042,$3,$0,$26,$1071,$1229,$0,$587,$20,$607,$607,$0,$0,$0,$622,$1229,$0,$0,$0,$0,$0,$0,$0,$0,$0,$10,$0,$0,$0,$0,$0,$0,$0,$30,$0,$0,$0,$0,$0,$0,$0,$-16,$24,$0,$0
2,2018-03-31,3.66,$0.00,0.0,$1.80,2.03,$-0.81,0.0,$-4.83,0.0,$0.16B,$0.00B,0.0,$0.59B,$0.00B,0.0,$0.18B,$0.08B,43.02%,$0.18B,$-0.46B,-259.22%,$0.18B,$-0.46B,-259.22%,$0.18B,$-0.46B,-259.22%,$0.18B,$-0.49B,-272.63%,$0.18B,$-0.49B,-275.42%,$-0.49B,$0.62B,-58.12%,$-0.49B,$0.62B,-58.12%,$-0.49B,$1.23B,-33.33%,$-0.46B,$1.21B,-31.80%,$49,$27,$22,$0,$9,$481,$-432,$-5,$-437,$0,$-437,$-437,$-438,$-432,$-432,$96,96,$-4.56,$-4.56,$40,$0,$16,$139,$0,$3,$0,$51,$1108,$1247,$0,$601,$21,$622,$622,$0,$0,$0,$625,$1247,$-512,$88,$445,$534,$1,$0,$2,$-4,$1,$23,$-124,$0,$0,$11,$-40,$-28,$0,$-152,$2,$0,$2,$0,$77,$-6,$-0,$74,$-55,$8,$-6
3,2017-12-31,4.07,$0.00,0.0,$1.72,2.37,$-0.92,0.0,$-5.13,0.0,$0.16B,$0.00B,0.0,$0.60B,$0.00B,0.0,$0.16B,$0.06B,38.89%,$0.16B,$-0.48B,-298.77%,$0.16B,$-0.48B,-298.77%,$0.16B,$-0.48B,-298.77%,$0.16B,$-0.51B,-315.43%,$0.16B,$-0.52B,-319.14%,$-0.52B,$0.63B,-54.39%,$-0.52B,$0.63B,-54.39%,$-0.52B,$1.25B,-32.42%,$-0.48B,$1.23B,-30.71%,$44,$25,$19,$0,$6,$62,$-18,$-6,$-24,$0,$-24,$-24,$-26,$-18,$-18,$102,102,$-0.25,$-0.25,$63,$0,$28,$91,$23,$3,$0,$7,$1612,$1702,$0,$622,$19,$641,$641,$0,$0,$0,$1061,$1702,$0,$0,$0,$0,$0,$0,$0,$0,$0,$11,$0,$0,$0,$0,$0,$0,$0,$-166,$0,$0,$0,$0,$0,$0,$0,$96,$-58,$0,$0
4,2017-09-30,3.63,$0.00,0.0,$1.55,2.34,$-0.76,0.0,$-1.16,0.0,$0.09B,$0.00B,0.0,$0.62B,$0.00B,0.0,$0.14B,$0.05B,33.33%,$0.14B,$-0.07B,-48.23%,$0.14B,$-0.07B,-48.23%,$0.14B,$-0.07B,-48.23%,$0.14B,$-0.10B,-68.79%,$0.14B,$-0.10B,-73.76%,$-0.10B,$1.06B,-9.83%,$-0.10B,$1.06B,-9.83%,$-0.10B,$1.70B,-6.12%,$-0.07B,$1.68B,-4.08%,$38,$24,$13,$0,$7,$53,$-16,$-8,$-24,$0,$-24,$-24,$-25,$-16,$-16,$97,97,$-0.26,$-0.26,$68,$0,$18,$169,$1559,$4,$0,$7,$1571,$1739,$0,$634,$20,$654,$654,$0,$0,$0,$1085,$1739,$0,$0,$0,$0,$0,$0,$0,$0,$0,$3,$0,$0,$0,$0,$0,$0,$0,$-166,$0,$0,$0,$0,$0,$0,$0,$109,$-53,$0,$0
5,2017-06-30,4.06,$0.00,0.0,$1.46,2.78,$-1.10,0.0,$-1.90,0.0,$0.17B,$0.00B,0.0,$0.63B,$0.00B,0.0,$0.12B,$0.03B,25.81%,$0.12B,$-0.07B,-58.87%,$0.12B,$-0.07B,-58.87%,$0.12B,$-0.07B,-58.87%,$0.12B,$-0.15B,-121.77%,$0.12B,$-0.16B,-127.42%,$-0.16B,$1.09B,-14.86%,$-0.16B,$1.09B,-14.86%,$-0.16B,$1.74B,-9.29%,$-0.07B,$1.72B,-4.38%,$31,$22,$9,$0,$6,$50,$-18,$-8,$-26,$0,$-26,$-26,$-28,$-18,$-18,$81,81,$-0.34,$-0.34,$84,$0,$17,$101,$1512,$4,$0,$29,$1590,$1691,$0,$645,$15,$661,$661,$0,$0,$0,$1031,$1691,$0,$0,$0,$0,$0,$0,$0,$0,$0,$-1,$0,$0,$0,$0,$0,$0,$0,$-58,$0,$0,$0,$0,$0,$0,$0,$46,$-13,$0,$0
6,2017-03-31,4.62,$0.00,0.0,$1.42,3.25,$-1.30,0.0,$-2.05,0.0,$0.10B,$0.00B,0.0,$0.65B,$0.00B,0.0,$0.11B,$0.02B,19.30%,$0.11B,$-0.08B,-71.05%,$0.11B,$-0.08B,-71.05%,$0.11B,$-0.08B,-71.05%,$0.11B,$-0.16B,-138.60%,$0.11B,$-0.17B,-145.61%,$-0.17B,$1.03B,-15.36%,$-0.17B,$1.03B,-15.36%,$-0.17B,$1.69B,-9.69%,$-0.08B,$1.68B,-4.81%,$28,$22,$6,$0,$7,$44,$-16,$-7,$-23,$0,$-23,$-23,$-25,$-16,$-16,$80,80,$-0.30,$-0.30,$98,$6,$0,$115,$1427,$6,$0,$23,$1553,$1669,$78,$533,$1,$534,$612,$1,$70,$0,$1057,$1669,$-164,$83,$64,$147,$2,$0,$-2,$-3,$-4,$-21,$-51,$0,$0,$0,$0,$0,$10,$-42,$-3,$0,$-3,$0,$0,$-6,$-0,$-9,$-72,$8,$-6
7,2016-12-31,3.02,$12.48,0.24,$1.42,2.12,$-1.41,0.0,$-2.12,0.0,$0.12B,$0.08B,1.47,$0.53B,$1.06B,0.51,$0.11B,$0.02B,13.16%,$0.11B,$-0.09B,-77.19%,$0.11B,$-0.09B,-77.19%,$0.11B,$-0.09B,-77.19%,$0.11B,$-0.16B,-142.98%,$0.11B,$-0.17B,-150.00%,$-0.17B,$1.06B,-15.26%,$-0.17B,$1.06B,-15.26%,$-0.17B,$1.67B,-9.80%,$-0.09B,$1.59B,-5.13%,$27,$23,$4,$0,$6,$50,$-23,$-55,$-78,$0,$-78,$-78,$-80,$-23,$-23,$81,81,$-0.99,$-0.99,$108,$0,$13,$122,$1446,$8,$0,$29,$1580,$1702,$0,$609,$14,$622,$622,$0,$0,$0,$1079,$1702,$0,$0,$0,$0,$0,$0,$0,$0,$0,$-19,$0,$0,$0,$0,$0,$0,$0,$-46,$0,$0,$0,$0,$0,$0,$0,$3,$-62,$0,$0
8,2016-09-30,2.62,$0.00,0.0,$1.55,1.69,$-2.17,0.0,$-2.11,0.0,$0.12B,$0.00B,0.0,$0.61B,$0.00B,0.0,$0.12B,$0.02B,16.13%,$0.12B,$-0.09B,-70.97%,$0.12B,$-0.09B,-70.97%,$0.12B,$-0.09B,-70.97%,$0.12B,$-0.16B,-130.65%,$0.12B,$-0.17B,-137.10%,$-0.17B,$1.08B,-14.65%,$-0.17B,$1.08B,-14.65%,$-0.17B,$1.70B,-9.51%,$-0.09B,$1.69B,-5.00%,$28,$25,$3,$0,$7,$53,$-24,$-7,$-31,$0,$-31,$-31,$-33,$-24,$-24,$81,81,$-0.41,$-0.41,$126,$0,$20,$145,$1466,$58,$0,$30,$1645,$1791,$0,$619,$15,$634,$634,$0,$0,$0,$1157,$1791,$0,$0,$0,$0,$0,$0,$0,$0,$0,$-14,$0,$0,$0,$0,$0,$0,$0,$-46,$0,$0,$0,$0,$0,$0,$0,$15,$-45,$0,$0
9,2016-06-30,2.43,$0.00,0.0,$1.71,1.42,$-1.66,0.0,$-1.36,0.0,$0.15B,$0.00B,0.0,$0.62B,$0.00B,0.0,$0.14B,$0.03B,22.06%,$0.14B,$-0.08B,-55.88%,$0.14B,$-0.08B,-55.88%,$0.14B,$-0.08B,-55.88%,$0.14B,$-0.10B,-74.26%,$0.14B,$-0.11B,-80.15%,$-0.11B,$1.16B,-9.08%,$-0.11B,$1.16B,-9.08%,$-0.11B,$1.79B,-5.99%,$-0.08B,$1.78B,-4.26%,$31,$29,$2,$0,$7,$56,$-25,$-7,$-31,$0,$-31,$-31,$-33,$-25,$-25,$80,80,$-0.41,$-0.41,$149,$0,$22,$171,$1471,$60,$0,$30,$1649,$1820,$0,$616,$16,$632,$632,$0,$0,$0,$1188,$1820,$0,$0,$0,$0,$0,$0,$0,$0,$0,$-9,$0,$0,$0,$0,$0,$0,$0,$-27,$0,$0,$0,$0,$0,$0,$0,$13,$-23,$0,$0
10,2016-03-31,2.67,$0.00,0.0,$1.84,1.45,$-1.31,0.0,$-1.14,0.0,$0.17B,$0.00B,0.0,$0.62B,$0.00B,0.0,$0.15B,$0.04B,27.21%,$0.15B,$-0.06B,-43.54%,$0.15B,$-0.06B,-43.54%,$0.15B,$-0.06B,-43.54%,$0.15B,$-0.08B,-57.14%,$0.15B,$-0.09B,-62.59%,$-0.09B,$1.19B,-7.51%,$-0.09B,$1.19B,-7.51%,$-0.09B,$1.82B,-5.00%,$-0.06B,$1.80B,-3.58%,$38,$27,$11,$0,$8,$54,$-16,$-7,$-22,$0,$-22,$-22,$-24,$-16,$-16,$80,80,$-0.31,$-0.31,$172,$6,$0,$194,$1441,$62,$0,$22,$1643,$1837,$59,$559,$1,$560,$619,$1,$240,$0,$1218,$1837,$-65,$78,$14,$92,$4,$1,$-1,$-8,$-3,$24,$-156,$0,$0,$0,$-0,$-0,$0,$-156,$120,$0,$120,$-3,$-3,$-6,$-7,$104,$-28,$8,$0
11,2015-12-31,4.35,$14.76,0.29,$1.98,2.19,$-1.09,0.0,$-0.88,0.0,$0.19B,$0.06B,3.29,$0.56B,$1.22B,0.46,$0.16B,$0.05B,33.54%,$0.16B,$-0.05B,-29.75%,$0.16B,$-0.05B,-29.75%,$0.16B,$-0.05B,-29.75%,$0.16B,$-0.06B,-40.51%,$0.16B,$-0.07B,-44.94%,$-0.07B,$1.22B,-7.65%,$-0.07B,$1.22B,-7.65%,$-0.07B,$1.84B,-5.12%,$-0.05B,$1.78B,-3.52%,$39,$25,$14,$0,$6,$50,$-11,$-6,$-17,$0,$-17,$-17,$-19,$-11,$-11,$80,80,$-0.24,$-0.24,$243,$0,$20,$262,$1411,$65,$0,$6,$1565,$1827,$54,$533,$1,$534,$588,$0,$0,$0,$1239,$1827,$0,$0,$0,$0,$0,$0,$0,$0,$0,$22,$0,$0,$0,$0,$0,$0,$0,$-77,$0,$0,$0,$0,$0,$0,$0,$78,$23,$0,$0
12,2015-09-30,6.48,$0.00,0.0,$2.07,3.13,$-0.27,0.0,$-0.68,0.0,$0.26B,$0.05B,4.84,$0.53B,$0.00B,0.0,$0.17B,$0.06B,37.35%,$0.17B,$-0.04B,-21.69%,$0.17B,$-0.04B,-21.69%,$0.17B,$-0.04B,-21.69%,$0.17B,$-0.05B,-28.92%,$0.17B,$-0.06B,-33.13%,$-0.06B,$1.24B,-5.82%,$-0.06B,$1.24B,-5.82%,$-0.06B,$1.83B,-4.00%,$-0.04B,$1.77B,-2.74%,$39,$25,$13,$0,$6,$51,$-12,$-2,$-14,$0,$-14,$-14,$-16,$-12,$-12,$80,80,$-0.19,$-0.19,$275,$0,$17,$291,$24,$67,$0,$6,$1591,$1883,$82,$543,$1,$544,$627,$0,$0,$0,$1256,$1883,$0,$0,$0,$0,$0,$0,$0,$0,$0,$14,$0,$0,$0,$0,$0,$0,$0,$-77,$0,$0,$0,$0,$0,$0,$0,$117,$55,$0,$0
13,2015-06-30,7.05,$0.00,0.0,$2.13,3.31,$-0.16,0.0,$-0.36,0.0,$0.29B,$0.08B,3.54,$0.54B,$0.00B,0.0,$0.17B,$0.07B,40.12%,$0.17B,$-0.03B,-16.28%,$0.17B,$-0.03B,-16.28%,$0.17B,$-0.03B,-16.28%,$0.17B,$-0.02B,-13.37%,$0.17B,$-0.03B,-17.44%,$-0.03B,$1.26B,-3.12%,$-0.03B,$1.26B,-3.12%,$-0.03B,$1.88B,-2.21%,$-0.03B,$1.80B,-2.17%,$42,$27,$15,$0,$6,$50,$-8,$-2,$-11,$0,$-11,$-11,$-12,$-8,$-8,$79,79,$-0.15,$-0.15,$0,$0,$0,$0,$0,$0,$0,$0,$0,$0,$0,$0,$0,$0,$0,$0,$0,$0,$0,$0,$0,$0,$0,$0,$0,$0,$0,$0,$0,$8,$0,$0,$0,$0,$0,$0,$0,$-48,$0,$0,$0,$0,$0,$0,$0,$51,$12,$0,$0
14,2015-03-31,6.12,$0.00,0.0,$2.17,2.82,$-0.09,0.0,$-0.26,0.0,$0.00B,$0.00B,0.0,$0.00B,$0.00B,0.0,$0.18B,$0.08B,42.61%,$0.18B,$-0.02B,-11.93%,$0.18B,$-0.02B,-11.93%,$0.18B,$-0.02B,-11.93%,$0.18B,$-0.02B,-8.52%,$0.18B,$-0.02B,-11.93%,$-0.02B,$0.00B,-2.16%,$-0.02B,$0.00B,-2.16%,$-0.02B,$0.00B,-1.57%,$-0.02B,$0.00B,-1.66%,$46,$26,$20,$0,$7,$51,$-5,$-1,$-6,$0,$-6,$-6,$-8,$-5,$-5,$81,81,$-0.10,$-0.10,$219,$7,$0,$238,$1373,$68,$0,$0,$1549,$1787,$98,$406,$1,$407,$505,$1,$311,$-1,$1282,$1787,$-10,$71,$-6,$65,$-6,$-1,$2,$-4,$-10,$45,$-113,$0,$-40,$0,$0,$0,$1,$-153,$53,$0,$53,$-25,$37,$-4,$-2,$84,$-23,$8,$0
15,2014-12-31,6.71,$15.66,0.43,$2.15,3.13,$-0.07,0.0,$-0.19,0.0,$0.24B,$0.10B,2.43,$0.41B,$1.28B,0.32,$0.18B,$0.08B,44.57%,$0.18B,$-0.02B,-10.29%,$0.18B,$-0.02B,-10.29%,$0.18B,$-0.02B,-10.29%,$0.18B,$-0.01B,-5.71%,$0.18B,$-0.02B,-9.14%,$-0.02B,$1.28B,-1.23%,$-0.02B,$1.28B,-1.23%,$-0.02B,$1.79B,-0.90%,$-0.02B,$1.69B,-1.07%,$45,$25,$21,$0,$6,$49,$-3,$11,$8,$0,$8,$8,$6,$-3,$-3,$82,82,$0.08,$0.08,$201,$0,$17,$218,$1414,$0,$0,$121,$1554,$1772,$93,$374,$1,$375,$468,$0,$0,$0,$1304,$1772,$0,$0,$0,$0,$0,$0,$0,$0,$0,$32,$0,$0,$0,$0,$0,$0,$0,$-141,$0,$0,$0,$0,$0,$0,$0,$69,$-39,$0,$0
16,2014-09-30,8.94,$15.84,0.56,$2.06,4.33,$-0.85,0.0,$-0.21,0.0,$0.22B,$0.09B,2.35,$0.37B,$0.00B,0.0,$0.17B,$0.08B,45.24%,$0.17B,$-0.02B,-11.31%,$0.17B,$-0.02B,-11.31%,$0.17B,$-0.02B,-11.31%,$0.17B,$-0.01B,-7.74%,$0.17B,$-0.02B,-10.71%,$-0.02B,$1.30B,-1.39%,$-0.02B,$1.30B,-1.39%,$-0.02B,$1.77B,-1.03%,$-0.02B,$1.68B,-1.14%,$43,$24,$19,$0,$6,$48,$-5,$-1,$-6,$0,$-6,$-6,$-7,$-5,$-5,$82,82,$-0.09,$-0.09,$309,$0,$14,$323,$23,$0,$0,$67,$1455,$1778,$93,$378,$1,$379,$472,$0,$0,$0,$1306,$1778,$0,$0,$0,$0,$0,$0,$0,$0,$0,$21,$0,$0,$0,$0,$0,$0,$0,$-38,$0,$0,$0,$0,$0,$0,$0,$86,$68,$0,$0
17,2014-06-30,10.89,$0.00,0.0,$2.03,5.37,$-0.62,0.0,$-0.33,0.0,$0.32B,$0.09B,3.49,$0.38B,$0.00B,0.0,$0.17B,$0.08B,45.45%,$0.17B,$-0.02B,-10.30%,$0.17B,$-0.02B,-10.30%,$0.17B,$-0.02B,-10.30%,$0.17B,$-0.02B,-14.55%,$0.17B,$-0.03B,-16.36%,$-0.03B,$1.31B,-2.10%,$-0.03B,$1.31B,-2.10%,$-0.03B,$1.78B,-1.55%,$-0.02B,$1.69B,-1.02%,$41,$23,$18,$0,$6,$46,$-5,$-1,$-6,$0,$-6,$-6,$-7,$-5,$-5,$82,82,$-0.08,$-0.08,$307,$0,$13,$320,$1335,$0,$0,$90,$1452,$1772,$91,$369,$1,$370,$461,$0,$0,$0,$1311,$1772,$0,$0,$0,$0,$0,$0,$0,$0,$0,$10,$0,$0,$0,$0,$0,$0,$0,$-19,$0,$0,$0,$0,$0,$0,$0,$76,$67,$0,$0
18,2014-03-31,11.99,$0.00,0.0,$2.00,6.01,$-0.46,0.0,$-0.30,0.0,$0.32B,$0.09B,3.52,$0.37B,$0.00B,0.0,$0.16B,$0.07B,45.68%,$0.16B,$-0.02B,-9.26%,$0.16B,$-0.02B,-9.26%,$0.16B,$-0.02B,-9.26%,$0.16B,$-0.02B,-14.81%,$0.16B,$-0.03B,-15.43%,$-0.03B,$1.31B,-1.97%,$-0.03B,$1.31B,-1.97%,$-0.03B,$1.77B,-1.44%,$-0.02B,$1.68B,-0.90%,$39,$22,$18,$0,$7,$45,$-6,$-3,$-9,$0,$-9,$-9,$-10,$-6,$-6,$81,81,$-0.12,$-0.12,$241,$6,$0,$252,$1320,$16,$0,$1,$1450,$1702,$62,$385,$1,$386,$449,$1,$326,$0,$1253,$1702,$-21,$65,$13,$78,$6,$-1,$0,$5,$11,$67,$-199,$0,$0,$0,$-50,$-50,$4,$-245,$-28,$0,$-28,$0,$0,$0,$-0,$-28,$-206,$8,$0
19,2013-12-31,13.29,$15.13,0.88,$2.02,6.57,$-0.36,0.0,$-0.26,0.0,$0.25B,$0.06B,4.04,$0.39B,$1.25B,0.31,$0.16B,$0.08B,48.17%,$0.16B,$-0.01B,-4.88%,$0.16B,$-0.01B,-4.88%,$0.16B,$-0.01B,-4.88%,$0.16B,$-0.02B,-12.80%,$0.16B,$-0.02B,-12.80%,$-0.02B,$1.25B,-1.67%,$-0.02B,$1.25B,-1.67%,$-0.02B,$1.70B,-1.22%,$-0.01B,$1.64B,-0.48%,$42,$22,$20,$0,$5,$43,$-1,$-2,$-3,$0,$-3,$-3,$-3,$-1,$-1,$81,81,$-0.04,$-0.04,$316,$0,$15,$331,$1262,$0,$0,$71,$1396,$1727,$61,$404,$1,$405,$466,$0,$0,$0,$1261,$1727,$0,$0,$0,$0,$0,$0,$0,$0,$0,$51,$0,$0,$0,$0,$0,$0,$0,$-173,$0,$0,$0,$0,$0,$0,$0,$-9,$-131,$0,$0
20,2013-09-30,12.07,$0.00,0.0,$2.15,5.6,$0.61,19.94,$-0.08,0.0,$0.33B,$0.06B,5.38,$0.40B,$0.00B,0.0,$0.18B,$0.09B,51.43%,$0.18B,$0.01B,2.86%,$0.18B,$0.01B,2.86%,$0.18B,$0.01B,2.86%,$0.18B,$-0.01B,-4.00%,$0.18B,$-0.01B,-3.43%,$-0.01B,$1.26B,-0.47%,$-0.01B,$1.26B,-0.47%,$-0.01B,$1.73B,-0.35%,$0.01B,$1.67B,0.30%,$40,$22,$18,$0,$5,$43,$-3,$-3,$-6,$0,$-6,$-6,$-5,$-3,$-3,$81,81,$-0.06,$-0.06,$375,$0,$16,$392,$1279,$0,$0,$23,$1341,$1733,$62,$408,$1,$409,$471,$0,$0,$0,$1262,$1733,$0,$0,$0,$0,$0,$0,$0,$0,$0,$34,$0,$0,$0,$0,$0,$0,$0,$-100,$0,$0,$0,$0,$0,$0,$0,$-5,$-71,$0,$0
21,2013-06-30,10.04,$0.00,0.0,$2.34,4.29,$1.18,8.48,$0.11,91.27,$0.39B,$0.06B,6.35,$0.41B,$0.00B,0.0,$0.19B,$0.11B,57.37%,$0.19B,$0.02B,12.11%,$0.19B,$0.02B,12.11%,$0.19B,$0.02B,12.11%,$0.19B,$0.01B,4.21%,$0.19B,$0.01B,4.74%,$0.01B,$1.26B,0.71%,$0.01B,$1.26B,0.71%,$0.01B,$1.73B,0.52%,$0.02B,$1.67B,1.37%,$43,$20,$23,$0,$5,$41,$2,$-5,$-3,$0,$-3,$-3,$-3,$2,$2,$81,81,$-0.04,$-0.04,$412,$0,$19,$431,$1244,$0,$0,$25,$1306,$1737,$61,$410,$1,$411,$472,$0,$0,$0,$1265,$1737,$0,$0,$0,$0,$0,$0,$0,$0,$0,$17,$0,$0,$0,$0,$0,$0,$0,$-48,$0,$0,$0,$0,$0,$0,$0,$-4,$-34,$0,$0
22,2013-03-31,10.66,$0.00,0.0,$2.57,4.16,$1.60,6.65,$0.38,28.05,$0.43B,$0.06B,7.12,$0.41B,$0.00B,0.0,$0.21B,$0.13B,62.98%,$0.21B,$0.04B,21.15%,$0.21B,$0.04B,21.15%,$0.21B,$0.04B,21.15%,$0.21B,$0.03B,14.90%,$0.21B,$0.03B,14.90%,$0.03B,$1.27B,2.46%,$0.03B,$1.27B,2.46%,$0.03B,$1.74B,1.79%,$0.04B,$1.68B,2.63%,$50,$21,$29,$0,$6,$43,$7,$-2,$5,$0,$5,$5,$5,$7,$7,$81,81,$0.06,$0.06,$447,$5,$0,$467,$1211,$25,$0,$2,$1276,$1743,$61,$414,$1,$415,$476,$1,$347,$0,$1266,$1743,$55,$62,$11,$73,$-1,$-0,$-0,$-7,$-8,$120,$-173,$0,$0,$0,$0,$0,$3,$-170,$87,$0,$87,$-6,$-6,$0,$-1,$80,$30,$9,$0
23,2012-12-31,7.3,$15.40,0.47,$2.75,2.65,$1.84,3.97,$0.67,10.9,$0.47B,$0.06B,7.6,$0.41B,$1.27B,0.33,$0.22B,$0.15B,66.82%,$0.22B,$0.06B,28.25%,$0.22B,$0.06B,28.25%,$0.22B,$0.06B,28.25%,$0.22B,$0.05B,24.22%,$0.22B,$0.05B,24.22%,$0.05B,$1.27B,4.32%,$0.05B,$1.27B,4.32%,$0.05B,$1.74B,3.14%,$0.06B,$1.68B,3.79%,$57,$18,$39,$0,$6,$40,$17,$-5,$12,$0,$12,$12,$12,$17,$17,$81,81,$0.15,$0.15,$452,$0,$17,$469,$1224,$26,$0,$6,$1265,$1734,$58,$414,$2,$416,$474,$0,$0,$0,$1260,$1734,$0,$0,$0,$0,$0,$0,$0,$0,$0,$98,$0,$0,$0,$0,$0,$0,$0,$-142,$0,$0,$0,$0,$0,$0,$0,$80,$36,$0,$0
24,2012-09-30,6.46,$0.00,0.0,$2.85,2.27,$3.67,1.76,$0.86,7.51,$0.47B,$0.06B,8.09,$0.41B,$0.00B,0.0,$0.23B,$0.16B,69.70%,$0.23B,$0.08B,33.33%,$0.23B,$0.08B,33.33%,$0.23B,$0.08B,33.33%,$0.23B,$0.07B,29.87%,$0.23B,$0.07B,29.87%,$0.07B,$1.26B,5.58%,$0.07B,$1.26B,5.58%,$0.07B,$1.73B,4.10%,$0.08B,$1.67B,4.73%,$58,$18,$40,$0,$7,$40,$18,$-1,$17,$0,$17,$17,$17,$18,$18,$81,81,$0.21,$0.21,$451,$0,$13,$465,$1214,$29,$0,$7,$1259,$1724,$58,$417,$2,$419,$477,$0,$0,$0,$1246,$1724,$0,$0,$0,$0,$0,$0,$0,$0,$0,$68,$0,$0,$0,$0,$0,$0,$0,$-117,$0,$0,$0,$0,$0,$0,$0,$84,$35,$0,$0
25,2012-06-30,7.78,$0.00,0.0,$2.94,2.65,$3.95,1.97,$1.04,7.48,$0.47B,$0.06B,8.01,$0.42B,$0.00B,0.0,$0.24B,$0.17B,70.71%,$0.24B,$0.09B,36.40%,$0.24B,$0.09B,36.40%,$0.24B,$0.09B,36.40%,$0.24B,$0.08B,34.73%,$0.24B,$0.08B,34.73%,$0.08B,$1.25B,6.81%,$0.08B,$1.25B,6.81%,$0.08B,$1.72B,5.04%,$0.09B,$1.66B,5.44%,$58,$17,$41,$0,$6,$37,$21,$-1,$20,$0,$20,$20,$20,$21,$21,$81,81,$0.25,$0.25,$442,$0,$13,$455,$1125,$30,$0,$9,$1218,$1674,$48,$393,$2,$395,$444,$0,$0,$0,$1230,$1674,$0,$0,$0,$0,$0,$0,$0,$0,$0,$36,$0,$0,$0,$0,$0,$0,$0,$-62,$0,$0,$0,$0,$0,$0,$0,$51,$25,$0,$0
26,2012-03-31,8.95,$0.00,0.0,$3.02,2.96,$4.11,2.18,$1.17,7.65,$0.46B,$0.05B,9.43,$0.39B,$0.00B,0.0,$0.25B,$0.18B,71.95%,$0.25B,$0.10B,39.84%,$0.25B,$0.10B,39.84%,$0.25B,$0.10B,39.84%,$0.25B,$0.09B,38.21%,$0.25B,$0.09B,38.21%,$0.09B,$1.23B,7.86%,$0.09B,$1.23B,7.86%,$0.09B,$1.67B,5.87%,$0.10B,$1.62B,6.29%,$58,$17,$41,$0,$6,$37,$21,$-0,$20,$0,$20,$20,$20,$21,$21,$81,81,$0.25,$0.25,$417,$5,$0,$433,$1047,$30,$0,$5,$1172,$1604,$48,$346,$2,$347,$396,$1,$293,$-0,$1209,$1604,$107,$55,$7,$63,$-6,$-1,$2,$-11,$-16,$154,$-59,$0,$-20,$0,$0,$0,$-12,$-90,$9,$0,$9,$-1,$-1,$0,$-0,$7,$71,$8,$0
27,2011-12-31,7.48,$14.67,0.51,$3.17,2.36,$4.19,1.79,$1.33,5.62,$0.43B,$0.05B,9.0,$0.35B,$1.21B,0.29,$0.26B,$0.19B,73.64%,$0.26B,$0.11B,43.02%,$0.26B,$0.11B,43.02%,$0.26B,$0.11B,43.02%,$0.26B,$0.11B,41.47%,$0.26B,$0.11B,41.47%,$0.11B,$1.21B,9.13%,$0.11B,$1.21B,9.13%,$0.11B,$1.60B,6.85%,$0.11B,$1.56B,7.28%,$65,$17,$47,$0,$6,$37,$27,$-1,$26,$0,$26,$26,$26,$27,$27,$81,81,$0.33,$0.33,$395,$0,$13,$408,$22,$30,$0,$10,$1176,$1584,$31,$362,$3,$365,$396,$0,$0,$0,$1188,$1584,$0,$0,$0,$0,$0,$0,$0,$0,$0,$121,$0,$0,$0,$0,$0,$0,$0,$-81,$0,$0,$0,$0,$0,$0,$0,$10,$50,$0,$0
28,2011-09-30,7.42,$0.00,0.0,$3.36,2.21,$1.99,3.72,$1.48,5.01,$0.41B,$0.03B,13.21,$0.36B,$0.00B,0.0,$0.27B,$0.20B,74.73%,$0.27B,$0.12B,45.05%,$0.27B,$0.12B,45.05%,$0.27B,$0.12B,45.05%,$0.27B,$0.12B,43.59%,$0.27B,$0.12B,43.59%,$0.12B,$1.19B,10.24%,$0.12B,$1.19B,10.24%,$0.12B,$1.58B,7.64%,$0.12B,$1.55B,8.08%,$65,$17,$48,$0,$6,$36,$29,$-1,$28,$0,$28,$28,$28,$29,$29,$81,81,$0.34,$0.34,$376,$0,$12,$387,$22,$30,$0,$11,$1157,$1544,$31,$350,$4,$354,$385,$0,$0,$0,$1159,$1544,$0,$0,$0,$0,$0,$0,$0,$0,$0,$81,$0,$0,$0,$0,$0,$0,$0,$-48,$0,$0,$0,$0,$0,$0,$0,$-3,$30,$0,$0
29,2011-06-30,10.96,$0.00,0.0,$3.45,3.18,$2.09,5.24,$1.57,6.98,$0.39B,$0.03B,12.48,$0.35B,$0.00B,0.0,$0.28B,$0.21B,75.71%,$0.28B,$0.13B,47.14%,$0.28B,$0.13B,47.14%,$0.28B,$0.13B,47.14%,$0.28B,$0.13B,45.36%,$0.28B,$0.13B,45.36%,$0.13B,$1.16B,11.06%,$0.13B,$1.16B,11.06%,$0.13B,$1.54B,8.25%,$0.13B,$1.51B,8.78%,$70,$15,$54,$0,$7,$35,$34,$-1,$33,$0,$33,$33,$33,$34,$34,$81,81,$0.41,$0.41,$373,$0,$10,$383,$22,$9,$0,$11,$1134,$1517,$26,$357,$5,$362,$388,$0,$0,$0,$1130,$1517,$0,$0,$0,$0,$0,$0,$0,$0,$0,$42,$0,$0,$0,$0,$0,$0,$0,$-12,$0,$0,$0,$0,$0,$0,$0,$-2,$28,$0,$0
30,2011-03-31,11.84,$0.00,0.0,$3.50,3.38,$2.13,5.56,$1.65,7.18,$0.38B,$0.03B,14.84,$0.36B,$0.00B,0.0,$0.28B,$0.22B,76.76%,$0.28B,$0.14B,48.24%,$0.28B,$0.14B,48.24%,$0.28B,$0.14B,48.24%,$0.28B,$0.13B,46.48%,$0.28B,$0.13B,46.83%,$0.13B,$1.13B,11.73%,$0.13B,$1.13B,11.73%,$0.13B,$1.52B,8.76%,$0.14B,$1.49B,9.25%,$73,$18,$55,$0,$7,$40,$33,$-1,$32,$0,$32,$32,$32,$33,$33,$81,81,$0.40,$0.39,$345,$4,$0,$355,$1161,$0,$0,$8,$1231,$1585,$33,$376,$2,$383,$415,$1,$222,$-0,$1170,$1585,$128,$53,$8,$61,$-0,$-1,$1,$-12,$-11,$178,$-260,$0,$0,$8,$0,$8,$0,$-252,$103,$0,$103,$0,$0,$0,$34,$137,$63,$7,$0
31,2010-12-31,11.58,$14.28,0.81,$3.41,3.4,$2.07,5.6,$1.60,7.24,$0.36B,$0.03B,10.91,$0.38B,$1.17B,0.32,$0.28B,$0.21B,76.45%,$0.28B,$0.13B,48.19%,$0.28B,$0.13B,48.19%,$0.28B,$0.13B,48.19%,$0.28B,$0.13B,46.38%,$0.28B,$0.13B,46.74%,$0.13B,$1.17B,11.63%,$0.13B,$1.17B,11.63%,$0.13B,$1.59B,8.67%,$0.13B,$1.55B,9.19%,$72,$16,$55,$0,$6,$36,$36,$-2,$34,$0,$34,$34,$34,$36,$36,$81,81,$0.42,$0.42,$311,$0,$18,$329,$0,$0,$0,$13,$1182,$1511,$30,$337,$8,$346,$375,$0,$0,$0,$1136,$1511,$0,$0,$0,$0,$0,$0,$0,$0,$0,$128,$0,$0,$0,$0,$0,$0,$0,$-198,$0,$0,$0,$0,$0,$0,$0,$99,$29,$0,$0
32,2010-09-30,12.24,$0.00,0.0,$3.26,3.76,$5.02,2.44,$1.54,7.95,$0.33B,$0.03B,11.13,$0.34B,$0.00B,0.0,$0.26B,$0.20B,76.34%,$0.26B,$0.13B,48.85%,$0.26B,$0.13B,48.85%,$0.26B,$0.13B,48.85%,$0.26B,$0.12B,47.33%,$0.26B,$0.13B,47.71%,$0.13B,$1.14B,11.73%,$0.13B,$1.14B,11.73%,$0.13B,$1.51B,8.80%,$0.13B,$1.47B,9.28%,$69,$15,$54,$0,$7,$34,$34,$-1,$33,$0,$33,$33,$34,$34,$34,$81,81,$0.42,$0.42,$298,$0,$16,$315,$0,$0,$0,$13,$1146,$1461,$31,$320,$9,$329,$360,$0,$0,$0,$1100,$1461,$0,$0,$0,$0,$0,$0,$0,$0,$0,$84,$0,$0,$0,$0,$0,$0,$0,$-148,$0,$0,$0,$0,$0,$0,$0,$80,$16,$0,$0
33,2010-06-30,10.85,$0.00,0.0,$3.09,3.51,$4.82,2.25,$1.48,7.33,$0.32B,$0.03B,10.01,$0.32B,$0.00B,0.0,$0.25B,$0.19B,76.61%,$0.25B,$0.12B,49.19%,$0.25B,$0.12B,49.19%,$0.25B,$0.12B,49.19%,$0.25B,$0.12B,47.98%,$0.25B,$0.12B,48.39%,$0.12B,$1.10B,11.71%,$0.12B,$1.10B,11.71%,$0.12B,$1.46B,8.80%,$0.12B,$1.42B,9.33%,$62,$15,$47,$0,$5,$32,$30,$-1,$29,$0,$29,$29,$29,$30,$30,$81,81,$0.36,$0.36,$298,$0,$16,$314,$0,$0,$0,$13,$1079,$1393,$31,$322,$2,$332,$364,$0,$0,$0,$1029,$1393,$0,$0,$0,$0,$0,$0,$0,$0,$0,$37,$0,$0,$0,$0,$0,$0,$0,$-69,$0,$0,$0,$0,$0,$0,$0,$47,$15,$0,$0
34,2010-03-31,14.57,$0.00,0.0,$3.01,4.84,$4.68,3.12,$1.45,10.05,$0.31B,$0.03B,10.05,$0.32B,$0.00B,0.0,$0.24B,$0.18B,76.15%,$0.24B,$0.12B,49.79%,$0.24B,$0.12B,49.79%,$0.24B,$0.12B,49.79%,$0.24B,$0.12B,48.54%,$0.24B,$0.12B,48.54%,$0.12B,$1.03B,11.78%,$0.12B,$1.03B,11.78%,$0.12B,$1.39B,8.87%,$0.12B,$1.35B,9.59%,$59,$14,$44,$0,$5,$31,$28,$-1,$28,$0,$28,$28,$28,$28,$28,$78,78,$0.33,$0.33,$290,$3,$0,$297,$0,$0,$0,$11,$1023,$1320,$32,$276,$1,$289,$321,$1,$93,$0,$999,$1320,$121,$45,$4,$49,$1,$0,$0,$-21,$-18,$152,$0,$0,$0,$-8,$0,$-8,$-65,$-73,$44,$0,$44,$98,$98,$0,$-0,$142,$220,$4,$0
35,2009-12-31,13.95,$12.27,1.14,$3.08,4.53,$4.78,2.92,$1.56,8.94,$0.30B,$0.03B,9.18,$0.28B,$1.00B,0.28,$0.24B,$0.19B,77.08%,$0.24B,$0.12B,51.67%,$0.24B,$0.12B,51.67%,$0.24B,$0.12B,51.67%,$0.24B,$0.12B,50.83%,$0.24B,$0.12B,50.83%,$0.12B,$1.00B,13.11%,$0.12B,$1.00B,13.11%,$0.12B,$1.32B,9.90%,$0.12B,$1.28B,10.69%,$58,$13,$45,$0,$4,$29,$30,$-1,$29,$0,$29,$29,$29,$30,$30,$80,81,$0.36,$0.36,$252,$0,$4,$256,$0,$8,$0,$17,$1023,$1278,$78,$214,$2,$230,$307,$0,$0,$0,$971,$1278,$0,$0,$0,$0,$0,$0,$0,$0,$0,$111,$0,$0,$0,$0,$0,$0,$0,$-50,$0,$0,$0,$0,$0,$0,$0,$129,$190,$0,$0
36,2009-09-30,12.53,$0.00,0.0,$3.46,3.62,$4.89,2.56,$1.94,6.46,$0.26B,$0.08B,3.29,$0.21B,$0.00B,0.0,$0.27B,$0.21B,79.62%,$0.27B,$0.15B,57.36%,$0.27B,$0.15B,57.36%,$0.27B,$0.15B,57.36%,$0.27B,$0.15B,55.85%,$0.27B,$0.15B,55.85%,$0.15B,$0.97B,16.92%,$0.15B,$0.97B,16.92%,$0.15B,$1.28B,12.69%,$0.15B,$1.19B,13.88%,$60,$13,$46,$0,$4,$29,$31,$-1,$30,$0,$30,$30,$30,$31,$31,$78,78,$0.39,$0.39,$218,$0,$6,$223,$0,$0,$0,$16,$1019,$1242,$69,$214,$1,$232,$301,$0,$0,$0,$941,$1242,$0,$0,$0,$0,$0,$0,$0,$0,$0,$69,$0,$0,$0,$0,$0,$0,$0,$-36,$0,$0,$0,$0,$0,$0,$0,$123,$156,$0,$0
37,2009-06-30,12.83,$0.00,0.0,$3.92,3.28,$6.17,2.08,$2.35,5.46,$0.22B,$0.07B,3.22,$0.21B,$0.00B,0.0,$0.29B,$0.24B,81.29%,$0.29B,$0.18B,61.56%,$0.29B,$0.18B,61.56%,$0.29B,$0.18B,61.56%,$0.29B,$0.18B,60.20%,$0.29B,$0.18B,60.20%,$0.18B,$0.94B,21.33%,$0.18B,$0.94B,21.33%,$0.18B,$1.24B,16.10%,$0.18B,$1.16B,17.41%,$63,$13,$50,$0,$4,$27,$35,$-1,$35,$0,$35,$35,$35,$35,$35,$74,74,$0.47,$0.47,$104,$3,$0,$111,$0,$0,$0,$0,$978,$1089,$43,$214,$1,$235,$278,$1,$7,$0,$811,$1089,$0,$0,$0,$0,$0,$0,$0,$0,$0,$42,$0,$0,$0,$0,$0,$0,$0,$-0,$0,$0,$0,$0,$0,$0,$0,$0,$42,$0,$0
38,2009-03-31,11.36,$10.76,1.06,$4.31,2.63,$7.04,1.61,$2.72,4.18,$0.11B,$0.04B,2.57,$0.21B,$0.81B,0.26,$0.32B,$0.27B,82.87%,$0.32B,$0.21B,64.80%,$0.32B,$0.21B,64.80%,$0.32B,$0.21B,64.80%,$0.32B,$0.20B,63.55%,$0.32B,$0.20B,63.55%,$0.20B,$0.81B,25.66%,$0.20B,$0.81B,25.66%,$0.20B,$1.09B,19.47%,$0.21B,$1.03B,20.83%,$84,$15,$70,$0,$3,$29,$56,$-1,$54,$0,$54,$54,$54,$56,$56,$74,75,$0.73,$0.73,$62,$3,$0,$69,$0,$0,$0,$0,$989,$1057,$20,$238,$1,$262,$282,$1,$-28,$0,$775,$1057,$222,$43,$0,$43,$0,$-1,$1,$-3,$-4,$261,$-108,$0,$0,$0,$0,$0,$-0,$-109,$140,$0,$140,$0,$0,$-247,$0,$-107,$45,$1,$-247
39,2008-12-31,12.3,$10.33,1.19,$4.53,2.71,$5.84,2.1,$2.96,4.15,$0.07B,$0.02B,3.43,$0.24B,$0.78B,0.31,$0.34B,$0.28B,83.98%,$0.34B,$0.23B,67.06%,$0.34B,$0.23B,67.06%,$0.34B,$0.24B,70.03%,$0.34B,$0.22B,65.88%,$0.34B,$0.22B,65.88%,$0.22B,$0.78B,27.95%,$0.22B,$0.78B,27.95%,$0.22B,$1.06B,21.38%,$0.23B,$1.01B,22.75%,$87,$14,$73,$0,$3,$28,$59,$-1,$58,$0,$58,$58,$58,$59,$59,$74,74,$0.77,$0.77,$5,$0,$4,$9,$1,$0,$0,$1,$1000,$1009,$20,$173,$1,$197,$217,$0,$0,$0,$792,$1009,$0,$0,$0,$0,$0,$0,$0,$0,$0,$198,$0,$0,$0,$0,$0,$0,$0,$-108,$0,$0,$0,$0,$0,$0,$0,$-102,$-12,$0,$0
40,2008-09-30,16.92,$0.00,0.0,$4.32,3.91,$0.17,99.89,$2.73,6.2,$0.01B,$0.02B,0.45,$0.17B,$0.00B,0.0,$0.31B,$0.26B,83.65%,$0.31B,$0.23B,72.76%,$0.31B,$0.23B,72.76%,$0.31B,$0.24B,75.96%,$0.31B,$0.20B,65.38%,$0.31B,$0.20B,65.38%,$0.20B,$0.79B,25.49%,$0.20B,$0.79B,25.49%,$0.20B,$1.01B,20.20%,$0.23B,$0.96B,23.54%,$87,$14,$73,$0,$4,$29,$58,$-1,$57,$0,$57,$57,$57,$58,$58,$74,74,$0.76,$0.76,$23,$0,$4,$27,$1,$0,$0,$1,$1010,$1037,$20,$190,$1,$215,$235,$0,$0,$0,$802,$1037,$0,$0,$0,$0,$0,$0,$0,$0,$0,$131,$0,$0,$0,$0,$0,$0,$0,$-108,$0,$0,$0,$0,$0,$0,$0,$-17,$6,$0,$0
41,2008-06-30,25.62,$0.00,0.0,$3.91,6.55,$-0.96,0.0,$2.74,9.35,$0.03B,$0.02B,1.32,$0.19B,$0.00B,0.0,$0.27B,$0.23B,82.85%,$0.27B,$0.20B,72.63%,$0.27B,$0.20B,72.63%,$0.27B,$0.21B,76.28%,$0.27B,$0.20B,71.53%,$0.27B,$0.20B,71.53%,$0.20B,$0.80B,24.39%,$0.20B,$0.80B,24.39%,$0.20B,$1.04B,20.23%,$0.20B,$0.99B,21.37%,$79,$12,$67,$0,$4,$26,$53,$-0,$53,$0,$53,$53,$53,$63,$53,$74,74,$0.71,$0.71,$25,$0,$4,$29,$1,$0,$0,$1,$1021,$1050,$20,$197,$1,$222,$242,$0,$0,$0,$808,$1050,$53,$10,$-1,$9,$1,$-0,$-1,$0,$-1,$62,$-108,$0,$0,$0,$0,$0,$1,$-108,$99,$0,$99,$0,$0,$-45,$0,$54,$8,$0,$-45
42,2008-03-31,21.42,$0.00,0.0,$3.45,6.21,$-1.75,0.0,$2.39,8.96,$0.03B,$0.02B,1.48,$0.20B,$0.00B,0.0,$0.23B,$0.19B,81.82%,$0.23B,$0.17B,72.73%,$0.23B,$0.17B,72.73%,$0.23B,$0.18B,77.06%,$0.23B,$0.17B,71.43%,$0.23B,$0.17B,71.43%,$0.17B,$0.81B,22.55%,$0.17B,$0.81B,22.55%,$0.17B,$1.05B,18.50%,$0.17B,$1.01B,19.48%,$59,$11,$48,$0,$5,$2,$57,$-20,$36,$0,$36,$36,$36,$57,$57,$64,64,$0.52,$0.52,$17,$2,$0,$22,$1,$0,$0,$0,$923,$944,$21,$99,$1,$124,$145,$1,$-3,$0,$799,$944,$134,$24,$-21,$3,$-1,$-1,$1,$10,$12,$149,$-380,$0,$0,$0,$0,$0,$-29,$-409,$-40,$0,$-40,$433,$433,$-131,$-0,$262,$2,$0,$-131
43,2007-12-31,25.1,$10.75,2.34,$3.11,8.07,$-0.60,0.0,$2.08,12.07,$0.02B,$0.02B,1.03,$0.10B,$0.80B,0.12,$0.19B,$0.15B,79.58%,$0.19B,$0.14B,72.25%,$0.19B,$0.14B,72.25%,$0.19B,$0.14B,72.25%,$0.19B,$0.13B,69.63%,$0.19B,$0.13B,69.63%,$0.13B,$0.80B,21.46%,$0.13B,$0.80B,21.46%,$0.13B,$0.94B,17.45%,$0.14B,$0.90B,18.62%,$49,$10,$39,$0,$2,$19,$31,$20,$50,$0,$50,$50,$50,$31,$31,$64,64,$0.78,$0.78,$190,$0,$4,$195,$1,$0,$0,$2,$650,$844,$9,$24,$5,$29,$38,$0,$0,$0,$806,$844,$0,$0,$0,$0,$0,$0,$0,$0,$0,$98,$0,$0,$0,$0,$0,$0,$0,$-153,$0,$0,$0,$0,$0,$0,$0,$230,$176,$0,$0
44,2007-09-30,22.29,$0.00,0.0,$2.41,9.25,$1.28,17.4,$1.96,11.37,$0.20B,$0.01B,20.89,$0.02B,$0.00B,0.0,$0.14B,$0.11B,79.72%,$0.14B,$0.09B,62.24%,$0.14B,$0.09B,62.24%,$0.14B,$0.09B,62.24%,$0.14B,$0.11B,73.43%,$0.14B,$0.11B,73.43%,$0.11B,$0.81B,20.56%,$0.11B,$0.81B,20.56%,$0.11B,$0.84B,16.06%,$0.09B,$0.83B,13.87%,$44,$9,$35,$0,$2,$17,$27,$-1,$26,$0,$26,$26,$26,$27,$27,$63,63,$0.41,$0.41,$12,$2,$57,$74,$1,$0,$0,$0,$655,$729,$9,$202,$2,$205,$215,$1,$-14,$0,$514,$729,$0,$0,$0,$0,$0,$0,$0,$0,$0,$61,$0,$0,$0,$0,$0,$0,$0,$-231,$0,$0,$0,$0,$0,$0,$0,$168,$-3,$0,$0
45,2007-06-30,17.17,$8.18,2.1,$2.22,7.73,$0.82,20.95,$1.50,11.44,$0.07B,$0.01B,7.8,$0.20B,$0.51B,0.39,$0.13B,$0.10B,78.40%,$0.13B,$0.08B,60.00%,$0.13B,$0.08B,60.00%,$0.13B,$0.08B,60.00%,$0.13B,$0.07B,57.60%,$0.13B,$0.07B,57.60%,$0.07B,$0.51B,17.98%,$0.07B,$0.51B,17.98%,$0.07B,$0.73B,13.18%,$0.08B,$0.72B,14.01%,$39,$8,$30,$0,$2,$15,$23,$-2,$21,$0,$21,$21,$21,$23,$23,$53,53,$0.40,$0.40,$9,$0,$62,$71,$1,$0,$0,$2,$461,$532,$10,$160,$2,$162,$172,$0,$0,$0,$360,$532,$0,$0,$0,$0,$0,$0,$0,$0,$0,$28,$0,$0,$0,$0,$0,$0,$0,$-31,$0,$0,$0,$0,$0,$0,$0,$-2,$-5,$0,$0
46,2007-03-31,13.2,$0.00,0.0,$2.62,5.05,$-0.23,0.0,$1.37,9.64,$0.07B,$0.01B,7.45,$0.16B,$0.00B,0.0,$0.13B,$0.10B,76.34%,$0.13B,$0.07B,56.49%,$0.13B,$0.07B,56.49%,$0.13B,$0.07B,56.49%,$0.13B,$0.07B,54.20%,$0.13B,$0.05B,38.93%,$0.05B,$0.36B,14.02%,$0.05B,$0.36B,14.02%,$0.05B,$0.53B,11.15%,$0.07B,$0.52B,16.52%,$11,$1,$10,$0,$0,$3,$8,$-1,$8,$0,$8,$8,$8,$8,$8,$50,50,$0.14,$0.14,$15,$1,$0,$19,$1,$0,$0,$0,$492,$511,$8,$138,$2,$140,$148,$1,$-6,$0,$363,$511,$61,$17,$0,$17,$0,$-0,$1,$4,$4,$82,$-169,$0,$0,$0,$0,$0,$-24,$-193,$126,$0,$126,$72,$72,$-93,$-0,$104,$-7,$0,$-74
47,2006-12-31,11.55,$6.84,1.69,$2.43,4.75,$-0.41,0.0,$1.23,9.39,$0.02B,$0.01B,2.5,$0.14B,$0.36B,0.38,$0.12B,$0.09B,75.00%,$0.12B,$0.06B,54.31%,$0.12B,$0.06B,54.31%,$0.12B,$0.06B,54.31%,$0.12B,$0.06B,53.45%,$0.12B,$0.04B,36.21%,$0.04B,$0.36B,11.89%,$0.04B,$0.36B,11.89%,$0.04B,$0.51B,10.05%,$0.06B,$0.50B,15.36%,$31,$7,$23,$0,$2,$13,$17,$-0,$17,$0,$17,$17,$17,$17,$17,$53,53,$0.32,$0.32,$8,$0,$5,$13,$1,$0,$0,$2,$399,$413,$7,$39,$2,$41,$48,$0,$0,$0,$365,$413,$0,$0,$0,$0,$0,$0,$0,$0,$0,$57,$0,$0,$0,$0,$0,$0,$0,$-96,$0,$0,$0,$0,$0,$0,$0,$26,$-13,$0,$0
