,Date,Stock Price,Book Value per Share,Price to Book Ratio,TTM Sales per Share,Price to Sales Ratio,TTM FCF per Share,Price to FCF Ratio,TTM Net EPS,PE Ratio,Current Assets,Current Liabilities,Current Ratio,Long Term Debt,Shareholder's Equity_x,Debt to Equity Ratio,TTM Revenue_x,TTM Gross Profit,Gross Margin,TTM Revenue_y,TTM Operating Income,Operating Margin,TTM Revenue_x,TTM EBIT,EBIT Margin,TTM Revenue_y,TTM EBITDA,EBITDA Margin,TTM Revenue_x,TTM Pre-Tax Income,Pre-Tax Margin,TTM Revenue_y,TTM Net Income_x,Net Margin,TTM Net Income_y,Shareholder's Equity_y,Return on Equity,TTM Net Income_x,Tangible Equity,Return on Tangible Equity,TTM Net Income_y,Total Assets,Return on Assets,TTM Net Income,LT Investments & Debt,Return on Investment,revenue,cost-goods-sold,gross-profit,research-development-expenses,selling-general-administrative-expenses,operating-expenses,operating-income,total-non-operating-income-expense,pre-tax-income,total-provision-income-taxes,income-after-taxes,income-from-continuous-operations,net-income,ebitda,ebit,basic-shares-outstanding,shares-outstanding,eps-basic-net-earnings-per-share,eps-earnings-per-share-diluted,cash-on-hand,inventory,other-current-assets,total-current-assets,net-property-plant-equipment,long-term-investments,goodwill-intangible-assets-total,other-long-term-assets,total-long-term-assets,total-assets,total-current-liabilities,long-term-debt,other-non-current-liabilities,total-long-term-liabilities,total-liabilities,common-stock-net,retained-earnings-accumulated-deficit,comprehensive-income,total-share-holder-equity,total-liabilities-share-holders-equity,net-income-loss,total-depreciation-amortization-cash-flow,other-non-cash-items,total-non-cash-items,change-in-accounts-receivable,change-in-inventories,change-in-accounts-payable,change-in-assets-liabilities,total-change-in-assets-liabilities,cash-flow-from-operating-activities,net-change-in-property-plant-equipment,net-change-in-intangible-assets,net-acquisitions-divestitures,net-change-in-short-term-investments,net-change-in-long-term-investments,net-change-in-investments-total,investing-activities-other,cash-flow-from-investing-activities,net-long-term-debt,net-current-debt,debt-issuance-retirement-net-total,net-common-equity-issued-repurchased,net-total-equity-issued-repurchased,total-common-preferred-stock-dividends-paid,financial-activities-other,cash-flow-from-financial-activities,net-cash-flow,stock-based-compensation,common-stock-dividends-paid
0,2018-09-30,109.13,$58.76,1.86,$76.08,1.43,$3.98,27.4,$6.73,16.22,$3.10B,$2.12B,1.47,$13.62B,$10.69B,1.27,$13.73B,$5.49B,39.98%,$13.73B,$1.57B,11.43%,$13.73B,$1.57B,11.43%,$13.73B,$2.72B,19.82%,$13.73B,$1.26B,9.15%,$13.73B,$1.22B,8.85%,$1.22B,$10.69B,11.76%,$1.22B,$7.53B,16.93%,$1.22B,$35.29B,3.54%,$1.57B,$24.31B,6.82%,$3550,$2135,$1415,$0,$703,$3121,$429,$-60,$369,$34,$335,$335,$334,$716,$429,$182,182,$1.84,$1.84,$104,$767,$459,$3103,$21612,$3436,$3157,$250,$32189,$35292,$2117,$13620,$6032,$22485,$24602,$4232,$6093,$-118,$10690,$35292,$922,$865,$58,$923,$85,$11,$9,$97,$202,$2047,$-1779,$0,$0,$0,$-537,$-537,$-20,$-2336,$1328,$-544,$784,$7,$7,$-490,$3,$304,$15,$0,$-490
1,2018-06-30,103.63,$56.76,1.83,$74.71,1.39,$2.39,43.42,$6.40,16.19,$2.90B,$2.50B,1.16,$12.71B,$10.32B,1.23,$13.43B,$5.41B,40.32%,$13.43B,$1.57B,11.72%,$13.43B,$1.57B,11.72%,$13.43B,$2.71B,20.20%,$13.43B,$1.23B,9.12%,$13.43B,$1.15B,8.58%,$1.15B,$10.32B,11.37%,$1.15B,$7.16B,16.53%,$1.15B,$34.33B,3.41%,$1.57B,$23.02B,7.04%,$3159,$1877,$1282,$0,$680,$2830,$329,$-74,$255,$19,$236,$236,$234,$611,$329,$181,181,$1.29,$1.29,$86,$675,$297,$2895,$21239,$3041,$3155,$262,$31435,$34330,$2499,$12705,$6003,$21513,$24012,$4205,$5760,$-121,$10318,$34330,$587,$578,$48,$626,$20,$104,$-34,$388,$220,$1433,$-1157,$0,$0,$0,$-225,$-225,$2,$-1380,$418,$-147,$271,$6,$6,$-326,$-7,$-56,$-3,$0,$-326
2,2018-03-31,103.46,$57.10,1.81,$73.20,1.41,$1.68,61.47,$6.10,16.96,$2.96B,$2.54B,1.16,$12.19B,$10.36B,1.18,$13.12B,$5.34B,40.71%,$13.12B,$1.57B,11.92%,$13.12B,$1.57B,11.92%,$13.12B,$2.68B,20.44%,$13.12B,$1.20B,9.16%,$13.12B,$1.10B,8.34%,$1.10B,$10.36B,11.01%,$1.10B,$7.20B,16.16%,$1.10B,$33.84B,3.29%,$1.57B,$22.55B,7.17%,$3753,$2326,$1427,$0,$645,$3249,$504,$-85,$419,$68,$351,$351,$361,$800,$504,$180,180,$2.01,$2.00,$186,$597,$349,$2957,$20870,$2852,$3160,$287,$30884,$33841,$2541,$12185,$5932,$20937,$23478,$4163,$5848,$-123,$10363,$33841,$351,$296,$47,$343,$33,$182,$-136,$252,$144,$838,$-527,$0,$0,$0,$-61,$-61,$2,$-586,$0,$14,$14,$12,$12,$-158,$-23,$-155,$97,$0,$-158
3,2017-12-31,107.55,$55.69,1.93,$70.43,1.53,$1.25,85.94,$6.33,16.99,$3.08B,$2.81B,1.1,$12.19B,$9.99B,1.22,$12.61B,$5.44B,43.17%,$12.61B,$1.65B,13.06%,$12.61B,$1.65B,13.06%,$12.61B,$2.73B,21.65%,$12.61B,$1.29B,10.21%,$12.61B,$1.13B,9.00%,$1.13B,$9.99B,11.60%,$1.13B,$6.83B,17.15%,$1.13B,$33.77B,3.45%,$1.65B,$22.18B,7.64%,$3271,$1905,$1366,$0,$753,$2964,$307,$-93,$214,$-66,$280,$280,$287,$595,$307,$179,179,$1.59,$1.59,$89,$779,$357,$3081,$20721,$2797,$3160,$285,$30686,$33767,$2812,$12185,$5785,$20965,$23777,$3989,$5643,$-120,$9990,$33767,$1112,$1083,$183,$1266,$-252,$-4,$129,$94,$-261,$2117,$-2250,$0,$0,$0,$-275,$-275,$-39,$-2564,$1013,$122,$1135,$-1,$-1,$-632,$-81,$421,$-26,$0,$-632
4,2017-09-30,104.67,$54.93,1.91,$68.21,1.53,$2.21,47.31,$5.46,19.17,$2.82B,$2.60B,1.08,$11.80B,$9.85B,1.2,$12.21B,$5.43B,44.47%,$12.21B,$1.64B,13.43%,$12.21B,$1.64B,13.43%,$12.21B,$2.72B,22.30%,$12.21B,$1.23B,10.03%,$12.21B,$0.98B,8.01%,$0.98B,$9.85B,10.13%,$0.98B,$6.68B,15.05%,$0.98B,$33.07B,3.01%,$1.64B,$21.65B,7.74%,$3245,$1906,$1339,$0,$641,$2811,$434,$-97,$337,$74,$263,$263,$270,$707,$434,$179,179,$1.51,$1.51,$86,$816,$352,$2815,$20307,$2634,$3176,$311,$30256,$33071,$2598,$11795,$3363,$20620,$23218,$3978,$5515,$-120,$9853,$33071,$832,$795,$227,$1022,$43,$-41,$25,$-331,$-304,$1550,$-1572,$0,$0,$0,$-169,$-169,$-61,$-1802,$625,$160,$785,$-51,$-51,$-473,$-36,$225,$-27,$0,$-473
5,2017-06-30,102.38,$53.35,1.92,$66.35,1.54,$4.70,21.8,$5.83,17.56,$2.63B,$2.75B,0.96,$11.36B,$9.57B,1.19,$11.89B,$5.48B,46.09%,$11.89B,$1.71B,14.40%,$11.89B,$1.71B,14.40%,$11.89B,$2.77B,23.27%,$11.89B,$1.32B,11.12%,$11.89B,$1.05B,8.80%,$1.05B,$9.57B,11.04%,$1.05B,$6.39B,15.87%,$1.05B,$32.58B,3.31%,$1.71B,$20.93B,8.38%,$2855,$1644,$1211,$0,$639,$2535,$320,$-88,$232,$57,$175,$175,$177,$581,$320,$179,179,$0.99,$0.99,$84,$743,$261,$2631,$20063,$2550,$3181,$296,$29951,$32582,$2747,$11358,$3420,$20264,$23011,$3968,$5245,$-125,$9571,$32582,$569,$522,$141,$663,$49,$32,$23,$-20,$-49,$1183,$-1036,$0,$0,$0,$-151,$-151,$-61,$-1248,$489,$-79,$410,$-51,$-51,$-316,$-7,$36,$-29,$0,$-316
6,2017-03-31,98.09,$54.01,1.82,$62.97,1.56,$6.18,15.87,$5.68,17.27,$2.57B,$1.83B,1.4,$11.76B,$9.69B,1.21,$11.30B,$5.40B,47.81%,$11.30B,$1.65B,14.59%,$11.30B,$1.65B,14.59%,$11.30B,$2.70B,23.89%,$11.30B,$1.29B,11.38%,$11.30B,$1.02B,9.04%,$1.02B,$9.69B,11.00%,$1.02B,$6.56B,15.32%,$1.02B,$32.15B,3.34%,$1.65B,$21.45B,8.35%,$3236,$1709,$1527,$0,$693,$2651,$585,$-81,$504,$110,$394,$394,$400,$846,$585,$179,179,$2.23,$2.23,$102,$640,$316,$2567,$19866,$2442,$3129,$312,$29582,$32149,$1834,$11758,$3423,$20627,$22461,$3958,$5365,$-129,$9688,$32149,$394,$261,$85,$346,$84,$135,$-33,$-9,$47,$787,$-555,$0,$0,$0,$-90,$-90,$3,$-642,$496,$-440,$56,$-40,$-40,$-148,$-24,$-156,$-11,$0,$-148
7,2016-12-31,93.85,$52.94,1.77,$59.14,1.59,$6.67,14.08,$4.82,19.47,$2.76B,$2.44B,1.13,$11.27B,$9.50B,1.19,$10.63B,$5.10B,47.98%,$10.63B,$1.45B,13.59%,$10.63B,$1.45B,13.59%,$10.63B,$2.48B,23.32%,$10.63B,$1.11B,10.40%,$10.63B,$0.87B,8.17%,$0.87B,$9.50B,9.55%,$0.87B,$6.37B,12.91%,$0.87B,$32.04B,2.92%,$1.45B,$20.77B,7.69%,$2874,$1521,$1353,$0,$770,$2573,$301,$-149,$152,$28,$124,$124,$131,$589,$301,$179,179,$0.74,$0.74,$113,$772,$284,$2762,$19730,$2273,$3128,$277,$29279,$32041,$2437,$11269,$3393,$20105,$22542,$4030,$5114,$-133,$9499,$32041,$834,$1034,$252,$1286,$-226,$37,$145,$-11,$-36,$2084,$-2045,$0,$-1147,$0,$-234,$-234,$38,$-3388,$1169,$0,$1169,$735,$735,$-536,$-9,$1359,$55,$0,$-536
8,2016-09-30,88.49,$50.99,1.74,$56.98,1.55,$5.87,15.08,$4.54,19.49,$2.60B,$1.97B,1.32,$9.48B,$9.15B,1.04,$10.24B,$4.90B,47.85%,$10.24B,$1.28B,12.48%,$10.24B,$1.28B,12.48%,$10.24B,$2.26B,22.03%,$10.24B,$1.01B,9.86%,$10.24B,$0.82B,7.98%,$0.82B,$9.15B,9.17%,$0.82B,$7.04B,12.01%,$0.82B,$29.46B,2.83%,$1.28B,$18.63B,7.10%,$2928,$1537,$1391,$0,$654,$2421,$507,$-72,$435,$110,$325,$325,$338,$752,$507,$179,180,$1.88,$1.88,$87,$793,$248,$2595,$18550,$2226,$2109,$296,$26867,$29462,$1969,$9478,$3357,$18344,$20313,$4137,$5131,$-138,$9149,$29462,$710,$746,$232,$978,$6,$10,$39,$25,$79,$1767,$-1342,$0,$0,$0,$-196,$-196,$35,$-1503,$265,$-89,$176,$-33,$-33,$-393,$15,$-235,$29,$0,$-393
9,2016-06-30,92.86,$49.04,1.89,$55.15,1.68,$4.00,23.23,$4.13,22.48,$2.26B,$1.88B,1.2,$9.34B,$8.80B,1.06,$9.91B,$4.78B,48.22%,$9.91B,$1.21B,12.22%,$9.91B,$1.21B,12.22%,$9.91B,$2.15B,21.72%,$9.91B,$0.94B,9.49%,$9.91B,$0.74B,7.51%,$0.74B,$8.80B,8.42%,$0.74B,$6.68B,11.06%,$0.74B,$28.77B,2.60%,$1.21B,$18.14B,6.82%,$2262,$1131,$1131,$0,$633,$2006,$256,$-61,$195,$50,$145,$145,$152,$513,$256,$179,180,$0.84,$0.84,$54,$717,$225,$2258,$18295,$2101,$2115,$271,$26511,$28769,$1883,$9343,$3314,$18087,$19970,$4129,$4791,$-142,$8799,$28769,$385,$501,$122,$623,$81,$86,$-10,$108,$268,$1276,$-861,$0,$0,$0,$-117,$-117,$40,$-938,$275,$-324,$-49,$-33,$-33,$-262,$1,$-343,$-5,$0,$-262
10,2016-03-31,84.28,$49.66,1.7,$55.25,1.53,$3.37,24.99,$3.90,21.61,$2.36B,$2.21B,1.07,$8.76B,$8.91B,0.98,$9.92B,$4.71B,47.52%,$9.92B,$1.16B,11.68%,$9.92B,$1.16B,11.68%,$9.92B,$2.08B,20.96%,$9.92B,$0.88B,8.84%,$9.92B,$0.70B,7.07%,$0.70B,$8.91B,7.99%,$0.70B,$6.80B,10.52%,$0.70B,$28.56B,2.45%,$1.16B,$17.67B,6.59%,$2566,$1341,$1225,$0,$615,$2185,$381,$-58,$323,$83,$240,$240,$247,$625,$381,$179,180,$1.38,$1.37,$58,$660,$379,$2362,$18127,$1979,$2108,$289,$26202,$28564,$2209,$8758,$3292,$17445,$19654,$4118,$4909,$-140,$8910,$28564,$240,$244,$78,$322,$97,$143,$-93,$39,$183,$745,$-424,$0,$0,$0,$-25,$-25,$12,$-437,$-11,$-134,$-145,$-33,$-33,$-131,$-1,$-310,$-2,$0,$-131
11,2015-12-31,73.94,$49.01,1.51,$57.76,1.28,$3.58,20.63,$4.06,18.21,$2.58B,$2.53B,1.02,$8.76B,$8.80B,1.0,$10.34B,$4.78B,46.19%,$10.34B,$1.24B,11.99%,$10.34B,$1.24B,11.99%,$10.34B,$2.14B,20.67%,$10.34B,$0.95B,9.19%,$10.34B,$0.73B,7.03%,$0.73B,$8.80B,8.34%,$0.73B,$6.69B,11.01%,$0.73B,$28.66B,2.56%,$1.24B,$17.56B,7.06%,$2487,$1333,$1154,$0,$696,$2353,$134,$-77,$57,$-20,$77,$77,$80,$367,$134,$179,179,$0.44,$0.44,$60,$803,$364,$2575,$18034,$1936,$2107,$318,$26087,$28662,$2528,$8760,$3233,$17339,$19867,$4123,$4794,$-145,$8795,$28662,$720,$898,$321,$1219,$259,$1,$-158,$22,$-23,$1916,$-2020,$0,$-241,$0,$-92,$-92,$149,$-2204,$670,$101,$771,$23,$23,$-509,$-8,$277,$-11,$0,$-509
12,2015-09-30,73.44,$49.22,1.49,$61.26,1.2,$3.27,22.48,$5.29,13.88,$2.70B,$2.27B,1.19,$8.86B,$8.83B,1.0,$10.93B,$4.23B,38.68%,$10.93B,$1.65B,15.07%,$10.93B,$1.65B,15.07%,$10.93B,$2.62B,23.95%,$10.93B,$1.33B,12.16%,$10.93B,$0.95B,8.66%,$0.95B,$8.83B,11.00%,$0.95B,$6.73B,14.58%,$0.95B,$28.65B,3.35%,$1.65B,$17.69B,9.51%,$2598,$1328,$1270,$0,$633,$2158,$440,$-74,$366,$102,$264,$264,$265,$648,$440,$179,180,$1.47,$1.47,$88,$840,$451,$2700,$17867,$1883,$2107,$378,$25954,$28654,$2273,$8856,$3198,$17548,$19821,$4117,$4845,$-150,$8833,$28654,$643,$665,$244,$909,$277,$-36,$-125,$-35,$-79,$1473,$-1385,$0,$-241,$0,$-56,$-56,$110,$-1572,$696,$-213,$483,$9,$9,$-370,$-4,$118,$19,$0,$-370
13,2015-06-30,67.57,$47.68,1.42,$61.49,1.1,$1.83,36.96,$4.70,14.38,$2.69B,$2.23B,1.21,$8.84B,$8.56B,1.03,$10.93B,$4.43B,40.58%,$10.93B,$1.45B,13.24%,$10.93B,$1.45B,13.24%,$10.93B,$2.52B,23.02%,$10.93B,$1.14B,10.44%,$10.93B,$0.84B,7.66%,$0.84B,$8.56B,9.92%,$0.84B,$6.45B,13.24%,$0.84B,$28.35B,3.02%,$1.45B,$17.39B,8.55%,$2268,$1203,$1065,$0,$623,$2064,$204,$-73,$131,$26,$105,$105,$109,$439,$204,$179,179,$0.61,$0.61,$251,$731,$345,$2691,$17576,$1921,$2108,$366,$25659,$28350,$2232,$8835,$3255,$17561,$19793,$4110,$4580,$-151,$8557,$28350,$379,$457,$144,$601,$234,$73,$-119,$108,$200,$1180,$-879,$0,$-241,$0,$-29,$-29,$113,$-1036,$675,$-398,$277,$9,$9,$-246,$-2,$38,$182,$0,$-246
14,2015-03-31,72.38,$48.39,1.5,$64.06,1.13,$0.30,241.76,$4.79,15.11,$2.79B,$1.84B,1.52,$8.84B,$8.68B,1.02,$11.36B,$4.79B,42.18%,$11.36B,$1.49B,13.13%,$11.36B,$1.49B,13.13%,$11.36B,$2.62B,23.08%,$11.36B,$1.19B,10.44%,$11.36B,$0.85B,7.50%,$0.85B,$8.68B,10.26%,$0.85B,$6.56B,13.78%,$0.85B,$28.07B,3.14%,$1.49B,$17.52B,9.02%,$2984,$1698,$1286,$0,$626,$2523,$461,$-65,$396,$122,$274,$274,$273,$683,$461,$178,178,$1.53,$1.53,$123,$633,$425,$2788,$17235,$1911,$2118,$373,$25280,$28068,$1839,$8838,$3141,$17551,$19390,$4093,$4727,$-155,$8678,$28068,$274,$222,$69,$291,$-8,$172,$-123,$139,$182,$747,$-392,$0,$-240,$0,$-23,$-23,$99,$-556,$378,$-398,$-20,$9,$9,$-122,$-7,$-140,$51,$0,$-122
15,2014-12-31,76.8,$47.13,1.63,$69.50,1.11,$-1.48,0.0,$5.10,15.06,$3.01B,$2.58B,1.17,$8.34B,$8.34B,1.0,$12.30B,$5.28B,42.92%,$12.30B,$1.59B,12.93%,$12.30B,$1.59B,12.93%,$12.30B,$2.78B,22.62%,$12.30B,$1.28B,10.37%,$12.30B,$0.91B,7.36%,$0.91B,$8.34B,11.07%,$0.91B,$6.22B,14.97%,$0.91B,$27.90B,3.40%,$1.59B,$16.69B,9.99%,$3078,$2472,$606,$0,$-224,$2536,$542,$-106,$436,$135,$301,$301,$299,$847,$542,$177,177,$1.69,$1.68,$168,$804,$442,$3012,$16820,$1869,$2120,$393,$24887,$27899,$2577,$8343,$3100,$16980,$19557,$3904,$4578,$-155,$8342,$27899,$911,$1193,$338,$1531,$48,$-177,$128,$-596,$-597,$1845,$-2004,$0,$0,$0,$-39,$-39,$-17,$-2060,$499,$267,$766,$-52,$-52,$-470,$-33,$211,$-4,$0,$-470
16,2014-09-30,67.09,$46.25,1.45,$66.58,1.01,$1.21,55.34,$4.12,16.28,$2.76B,$2.81B,0.98,$7.91B,$8.19B,0.97,$11.76B,$5.31B,45.19%,$11.76B,$1.29B,10.96%,$11.76B,$1.29B,10.96%,$11.76B,$2.47B,21.04%,$11.76B,$0.99B,8.46%,$11.76B,$0.73B,6.21%,$0.73B,$8.19B,9.04%,$0.73B,$6.06B,12.28%,$0.73B,$26.38B,2.79%,$1.29B,$16.10B,8.29%,$2595,$1119,$1476,$0,$946,$2356,$239,$-61,$178,$21,$157,$157,$156,$546,$239,$177,177,$0.88,$0.88,$121,$793,$464,$2755,$16499,$1847,$2126,$359,$23621,$26376,$2805,$7909,$3102,$15385,$18190,$3900,$4402,$-133,$8186,$26376,$610,$888,$218,$1106,$273,$-165,$48,$-574,$-418,$1298,$-1466,$0,$0,$0,$-13,$-13,$22,$-1457,$67,$522,$589,$-52,$-52,$-348,$-22,$167,$8,$0,$-348
17,2014-06-30,68.06,$45.35,1.5,$65.48,1.04,$4.23,16.09,$4.37,15.58,$2.72B,$2.82B,0.97,$7.81B,$8.03B,0.97,$11.55B,$5.26B,45.51%,$11.55B,$1.38B,11.94%,$11.55B,$1.38B,11.94%,$11.55B,$2.55B,22.06%,$11.55B,$1.09B,9.46%,$11.55B,$0.77B,6.69%,$0.77B,$8.03B,9.64%,$0.77B,$5.90B,13.15%,$0.77B,$26.19B,2.95%,$1.38B,$15.84B,9.07%,$2698,$1276,$1422,$0,$898,$2449,$249,$-73,$176,$50,$126,$126,$124,$545,$249,$177,177,$0.70,$0.70,$185,$619,$391,$2721,$16307,$1841,$2130,$336,$23468,$26189,$2819,$7813,$3118,$15344,$18163,$3896,$4246,$-134,$8026,$26189,$453,$581,$178,$759,$145,$9,$104,$-394,$-136,$1076,$-1049,$0,$0,$0,$-8,$-8,$-10,$-1067,$-69,$380,$311,$-52,$-52,$-232,$-13,$14,$23,$0,$-232
18,2014-03-31,64.37,$45.97,1.4,$62.95,1.02,$6.23,10.33,$4.27,15.07,$2.97B,$3.57B,0.83,$6.92B,$8.14B,0.85,$11.08B,$5.12B,46.22%,$11.08B,$1.35B,12.22%,$11.08B,$1.35B,12.22%,$11.08B,$2.50B,22.59%,$11.08B,$1.07B,9.63%,$11.08B,$0.75B,6.80%,$0.75B,$8.14B,9.54%,$0.75B,$6.00B,13.09%,$0.75B,$26.16B,2.89%,$1.35B,$15.06B,9.11%,$3930,$2155,$1775,$0,$936,$3370,$560,$-75,$485,$158,$327,$327,$326,$845,$560,$177,177,$1.84,$1.84,$155,$480,$387,$2973,$15985,$1791,$2136,$302,$23188,$26161,$3569,$6923,$3140,$14455,$18024,$3894,$4360,$-137,$8137,$26161,$327,$285,$71,$356,$-270,$147,$100,$-128,$-151,$532,$-494,$0,$0,$0,$-4,$-4,$56,$-442,$-115,$244,$129,$-50,$-50,$-116,$-7,$-44,$46,$0,$-116
19,2013-12-31,57.0,$44.92,1.27,$55.29,1.03,$7.28,7.83,$3.77,15.12,$2.81B,$3.19B,0.88,$7.21B,$7.95B,0.91,$9.66B,$4.84B,50.06%,$9.66B,$1.20B,12.45%,$9.66B,$1.20B,12.45%,$9.66B,$2.34B,24.17%,$9.66B,$0.92B,9.54%,$9.66B,$0.66B,6.84%,$0.66B,$7.95B,8.51%,$0.66B,$5.81B,11.75%,$0.66B,$25.94B,2.54%,$1.20B,$15.17B,8.13%,$2533,$1894,$639,$0,$118,$2292,$241,$-86,$155,$29,$126,$126,$124,$537,$241,$175,175,$0.68,$0.69,$175,$628,$334,$2806,$15800,$1794,$2140,$327,$23129,$25935,$3189,$7214,$3207,$14792,$17981,$3907,$4150,$-136,$7954,$25935,$668,$1132,$143,$1275,$-154,$123,$14,$228,$211,$2154,$-1840,$0,$0,$0,$-29,$-29,$-37,$-1906,$273,$-109,$164,$39,$39,$-445,$-19,$-261,$-13,$0,$-445
20,2013-09-30,56.08,$44.74,1.25,$54.48,1.03,$7.97,7.04,$3.54,15.84,$2.55B,$3.01B,0.85,$6.85B,$7.91B,0.87,$9.48B,$5.60B,59.06%,$9.48B,$1.23B,12.97%,$9.48B,$1.23B,12.97%,$9.48B,$2.34B,24.69%,$9.48B,$0.94B,9.93%,$9.48B,$0.62B,6.52%,$0.62B,$7.91B,8.09%,$0.62B,$5.77B,11.27%,$0.62B,$26.23B,2.37%,$1.23B,$14.76B,8.41%,$2387,$967,$1420,$0,$812,$2058,$329,$-53,$276,$76,$200,$200,$198,$621,$329,$175,176,$1.13,$1.13,$135,$725,$369,$2549,$15511,$1723,$2140,$328,$23682,$26231,$3008,$6846,$3190,$15313,$18321,$3885,$4142,$-151,$7910,$26231,$542,$836,$147,$983,$177,$35,$-16,$-6,$190,$1715,$-1351,$0,$0,$0,$-12,$-12,$26,$-1337,$-87,$31,$-56,$29,$29,$-329,$-16,$-372,$6,$0,$-329
21,2013-06-30,56.4,$43.36,1.3,$53.65,1.05,$8.97,6.29,$3.72,15.16,$2.50B,$2.96B,0.84,$6.81B,$7.59B,0.9,$9.28B,$5.61B,60.41%,$9.28B,$1.31B,14.07%,$9.28B,$1.31B,14.07%,$9.28B,$2.42B,26.02%,$9.28B,$1.00B,10.80%,$9.28B,$0.65B,6.97%,$0.65B,$7.59B,8.61%,$0.65B,$5.43B,12.03%,$0.65B,$25.94B,2.49%,$1.31B,$14.39B,8.97%,$2225,$940,$1285,$0,$789,$2002,$223,$-72,$151,$44,$107,$107,$105,$499,$223,$174,175,$0.60,$0.60,$158,$627,$295,$2496,$15190,$1654,$2156,$332,$23448,$25944,$2962,$6806,$3201,$15395,$18357,$3762,$3945,$-155,$7587,$25944,$342,$544,$117,$661,$70,$133,$-29,$90,$264,$1267,$-890,$0,$0,$0,$-8,$-8,$-13,$-911,$-144,$-24,$-168,$19,$19,$-215,$-11,$-375,$-19,$0,$-215
22,2013-03-31,56.96,$43.87,1.3,$52.70,1.08,$8.78,6.49,$3.98,14.31,$2.77B,$2.48B,1.12,$7.22B,$7.63B,0.95,$9.07B,$5.64B,62.16%,$9.07B,$1.38B,15.19%,$9.07B,$1.38B,15.19%,$9.07B,$2.46B,27.13%,$9.07B,$1.07B,11.79%,$9.07B,$0.69B,7.59%,$0.69B,$7.63B,9.28%,$0.69B,$5.48B,12.99%,$0.69B,$25.95B,2.64%,$1.38B,$14.85B,9.46%,$2516,$1024,$1492,$0,$829,$2106,$410,$-70,$340,$105,$235,$235,$234,$678,$410,$173,173,$1.35,$1.34,$283,$540,$389,$2769,$14866,$1651,$2153,$322,$23180,$25949,$2476,$7218,$3202,$15841,$18317,$3683,$4069,$-156,$7632,$25949,$235,$268,$56,$324,$-78,$221,$-126,$21,$38,$597,$-378,$0,$0,$0,$-4,$-4,$50,$-332,$231,$-240,$-9,$10,$10,$-107,$-6,$-112,$153,$0,$-107
23,2012-12-31,49.59,$43.00,1.15,$51.33,0.97,$8.92,5.56,$3.55,13.97,$2.92B,$2.77B,1.05,$7.01B,$7.41B,0.95,$8.79B,$5.50B,62.51%,$8.79B,$1.28B,14.55%,$8.79B,$1.28B,14.55%,$8.79B,$2.33B,26.46%,$8.79B,$0.96B,10.92%,$8.79B,$0.61B,6.94%,$0.61B,$7.41B,8.36%,$0.61B,$5.26B,11.76%,$0.61B,$26.34B,2.34%,$1.28B,$14.43B,8.88%,$2349,$949,$1400,$0,$861,$2082,$267,$-93,$174,$35,$139,$139,$81,$542,$267,$171,172,$0.47,$0.47,$187,$761,$505,$2915,$14684,$1591,$2153,$348,$23424,$26339,$2768,$7014,$3241,$16160,$18928,$3587,$3944,$-158,$7411,$26339,$618,$1047,$118,$1165,$52,$35,$40,$299,$426,$2209,$-1782,$0,$57,$0,$-5,$-5,$-39,$-1769,$120,$-179,$-59,$39,$39,$-407,$-16,$-443,$-3,$0,$-407
24,2012-09-30,49.0,$43.19,1.13,$50.23,0.98,$9.63,5.09,$3.96,12.37,$2.73B,$2.31B,1.18,$7.12B,$7.43B,0.96,$8.58B,$5.40B,62.97%,$8.58B,$1.36B,15.81%,$8.58B,$1.36B,15.81%,$8.58B,$2.42B,28.18%,$8.58B,$1.03B,12.06%,$8.58B,$0.68B,7.92%,$0.68B,$7.43B,9.43%,$0.68B,$5.34B,13.28%,$0.68B,$25.91B,2.62%,$1.36B,$14.55B,9.45%,$2190,$761,$1429,$0,$765,$1784,$406,$-69,$337,$108,$229,$229,$227,$696,$406,$172,172,$1.32,$1.31,$128,$785,$524,$2730,$14404,$1566,$2087,$367,$23179,$25909,$2309,$7120,$3161,$16169,$18478,$3567,$3969,$-147,$7431,$25909,$535,$772,$79,$851,$237,$5,$-35,$136,$343,$1729,$-1202,$0,$0,$0,$-13,$-13,$31,$-1184,$48,$-321,$-273,$29,$29,$-300,$-10,$-554,$-9,$0,$-300
25,2012-06-30,48.0,$41.83,1.15,$50.82,0.94,$9.33,5.14,$3.72,12.9,$3.05B,$2.64B,1.16,$7.21B,$7.18B,1.0,$8.65B,$5.37B,62.07%,$8.65B,$1.35B,15.59%,$8.65B,$1.35B,15.59%,$8.65B,$2.38B,27.50%,$8.65B,$0.98B,11.36%,$8.65B,$0.64B,7.34%,$0.64B,$7.18B,8.95%,$0.64B,$5.10B,12.68%,$0.64B,$26.08B,2.47%,$1.35B,$14.40B,9.40%,$2013,$697,$1316,$0,$782,$1719,$294,$-76,$218,$70,$148,$148,$146,$544,$294,$170,171,$0.86,$0.86,$295,$710,$577,$3050,$14152,$1518,$2087,$381,$23025,$26075,$2635,$7212,$3156,$16256,$18891,$3549,$3744,$-151,$7184,$26075,$305,$482,$74,$556,$120,$81,$-4,$142,$300,$1161,$-824,$0,$0,$0,$-8,$-8,$0,$-832,$356,$-380,$-24,$20,$20,$-199,$-9,$-212,$117,$0,$-199
26,2012-03-31,44.09,$42.01,1.05,$50.98,0.86,$10.00,4.41,$4.05,10.89,$2.95B,$2.53B,1.17,$7.09B,$7.15B,0.99,$8.67B,$5.31B,61.29%,$8.67B,$1.34B,15.50%,$8.67B,$1.34B,15.50%,$8.67B,$2.37B,27.36%,$8.67B,$0.94B,10.86%,$8.67B,$0.69B,7.97%,$0.69B,$7.15B,9.86%,$0.69B,$5.06B,14.06%,$0.69B,$25.85B,2.73%,$1.34B,$14.24B,9.37%,$2239,$889,$1350,$0,$816,$1927,$312,$-81,$231,$73,$158,$158,$156,$544,$312,$170,170,$0.91,$0.91,$143,$666,$696,$2951,$13924,$1536,$2090,$386,$22895,$25846,$2530,$7093,$3183,$16169,$18699,$3453,$3804,$-153,$7147,$25846,$158,$232,$39,$271,$81,$125,$-53,$61,$191,$620,$-381,$0,$0,$0,$-4,$-4,$42,$-343,$-86,$-106,$-192,$10,$10,$-99,$-7,$-288,$-11,$0,$-99
27,2011-12-31,43.16,$41.67,1.04,$52.11,0.83,$11.28,3.83,$4.18,10.33,$3.20B,$2.63B,1.22,$7.19B,$7.05B,1.02,$8.86B,$5.32B,60.07%,$8.86B,$1.42B,16.04%,$8.86B,$1.42B,16.04%,$8.86B,$2.46B,27.79%,$8.86B,$0.99B,11.19%,$8.86B,$0.71B,8.03%,$0.71B,$7.05B,10.26%,$0.71B,$4.96B,14.69%,$0.71B,$26.01B,2.85%,$1.42B,$14.24B,9.98%,$2134,$829,$1305,$0,$735,$1790,$344,$-96,$248,$88,$160,$160,$150,$633,$344,$169,170,$0.88,$0.88,$215,$791,$732,$3196,$13746,$1462,$2093,$396,$22813,$26009,$2628,$7187,$3178,$16328,$18956,$3417,$3750,$-158,$7053,$26009,$720,$1041,$193,$1234,$71,$-129,$-23,$135,$54,$2008,$-1466,$0,$0,$0,$-17,$-17,$-77,$-1560,$-276,$269,$-7,$-18,$-18,$-389,$-31,$-445,$3,$0,$-389
28,2011-09-30,38.42,$41.41,0.93,$52.22,0.74,$12.72,3.02,$4.20,9.15,$2.91B,$2.10B,1.39,$7.50B,$7.01B,1.07,$8.87B,$5.33B,60.16%,$8.87B,$1.43B,16.16%,$8.87B,$1.43B,16.16%,$8.87B,$2.44B,27.49%,$8.87B,$0.97B,10.94%,$8.87B,$0.71B,8.04%,$0.71B,$7.01B,10.39%,$0.71B,$4.92B,14.95%,$0.71B,$24.78B,2.89%,$1.43B,$14.51B,10.14%,$2265,$866,$1399,$0,$749,$1866,$399,$-113,$286,$101,$185,$185,$183,$658,$399,$169,170,$1.08,$1.07,$119,$776,$559,$2911,$13422,$1420,$2094,$375,$21869,$24780,$2100,$7497,$3134,$15671,$17771,$3418,$3698,$-146,$7009,$24780,$563,$752,$123,$875,$181,$-115,$-34,$-251,$48,$1486,$-1016,$0,$0,$0,$-28,$-28,$-8,$-1052,$-253,$126,$-127,$-18,$-18,$-289,$-19,$-453,$-19,$0,$-289
29,2011-06-30,38.75,$40.30,0.96,$51.48,0.75,$14.18,2.73,$4.09,9.47,$2.77B,$2.25B,1.23,$7.51B,$6.82B,1.1,$8.74B,$5.31B,60.76%,$8.74B,$1.42B,16.25%,$8.74B,$1.42B,16.25%,$8.74B,$2.44B,27.88%,$8.74B,$0.94B,10.78%,$8.74B,$0.69B,7.93%,$0.69B,$6.82B,10.22%,$0.69B,$4.73B,14.77%,$0.69B,$24.58B,2.82%,$1.42B,$14.33B,10.18%,$2028,$771,$1257,$0,$724,$1740,$288,$-112,$176,$-24,$200,$200,$202,$536,$288,$169,170,$1.19,$1.19,$179,$685,$332,$2771,$13284,$1501,$2091,$371,$21808,$24579,$2246,$7507,$3068,$15509,$17755,$3415,$3516,$-146,$6824,$24579,$378,$493,$22,$515,$65,$-23,$27,$-45,$266,$1159,$-710,$0,$0,$0,$-17,$-17,$-40,$-767,$-174,$1,$-173,$-18,$-18,$-190,$-15,$-396,$-4,$0,$-190
30,2011-03-31,37.48,$40.37,0.93,$50.15,0.75,$15.44,2.43,$3.41,10.99,$2.80B,$2.56B,1.1,$7.02B,$6.84B,1.03,$8.50B,$5.24B,61.59%,$8.50B,$1.39B,16.32%,$8.50B,$1.39B,16.32%,$8.50B,$2.41B,28.33%,$8.50B,$0.90B,10.55%,$8.50B,$0.58B,6.79%,$0.58B,$6.84B,8.58%,$0.58B,$4.75B,12.44%,$0.58B,$24.49B,2.36%,$1.39B,$13.85B,10.15%,$2431,$1071,$1360,$0,$714,$2041,$390,$-109,$281,$103,$178,$178,$176,$635,$390,$169,170,$1.04,$1.04,$264,$536,$355,$2800,$13053,$1482,$2089,$393,$21689,$24489,$2555,$7015,$3483,$15097,$17652,$3428,$3513,$-148,$6837,$24489,$178,$245,$59,$304,$0,$0,$0,$240,$240,$722,$-266,$0,$0,$0,$-8,$-8,$30,$-244,$-94,$-150,$-244,$-9,$-9,$-95,$2,$-346,$132,$0,$-95
31,2010-12-31,34.28,$39.94,0.86,$50.63,0.68,$16.32,2.1,$3.75,9.14,$3.17B,$2.75B,1.15,$7.09B,$6.77B,1.05,$8.53B,$5.34B,62.58%,$8.53B,$1.47B,17.24%,$8.53B,$1.47B,17.24%,$8.53B,$2.50B,29.29%,$8.53B,$0.96B,11.28%,$8.53B,$0.63B,7.39%,$0.63B,$6.77B,9.46%,$0.63B,$4.68B,13.76%,$0.63B,$24.90B,2.59%,$1.47B,$13.86B,10.74%,$2141,$824,$1317,$0,$744,$1785,$356,$-129,$227,$63,$164,$164,$152,$608,$356,$168,169,$0.89,$0.89,$185,$662,$428,$3167,$12992,$1457,$2087,$406,$21729,$24896,$2749,$7089,$3443,$15380,$18129,$3440,$3431,$-149,$6767,$24896,$639,$1027,$452,$1479,$79,$-133,$12,$-6,$-293,$1825,$-1043,$0,$0,$0,$-82,$-82,$-101,$-1226,$-49,$-177,$-226,$36,$36,$-360,$-36,$-586,$13,$0,$-360
32,2010-09-30,34.32,$39.55,0.87,$50.90,0.67,$16.98,2.02,$3.57,9.61,$2.74B,$2.51B,1.09,$7.07B,$6.69B,1.06,$8.51B,$5.29B,62.23%,$8.51B,$1.42B,16.71%,$8.51B,$1.42B,16.71%,$8.51B,$2.48B,29.14%,$8.51B,$0.91B,10.70%,$8.51B,$0.60B,7.03%,$0.60B,$6.69B,9.13%,$0.60B,$4.60B,13.38%,$0.60B,$24.27B,2.47%,$1.42B,$13.76B,10.42%,$2139,$763,$1376,$0,$718,$1753,$386,$-128,$258,$92,$166,$166,$163,$657,$386,$169,170,$0.97,$0.96,$140,$732,$482,$2741,$12822,$1357,$2087,$436,$21525,$24266,$2513,$7074,$3587,$15064,$17577,$3422,$3374,$-150,$6689,$24266,$483,$775,$178,$953,$357,$-200,$-14,$-89,$73,$1509,$-790,$0,$0,$0,$-74,$-74,$30,$-834,$-65,$-307,$-372,$26,$26,$-265,$-32,$-643,$32,$0,$-265
33,2010-06-30,33.68,$39.10,0.86,$50.13,0.67,$18.15,1.86,$3.57,9.43,$2.58B,$2.93B,0.88,$6.63B,$6.60B,1.01,$8.32B,$5.13B,61.71%,$8.32B,$1.37B,16.44%,$8.32B,$1.37B,16.44%,$8.32B,$2.42B,29.09%,$8.32B,$0.87B,10.49%,$8.32B,$0.59B,7.05%,$0.59B,$6.60B,9.09%,$0.59B,$4.52B,13.43%,$0.59B,$24.03B,2.43%,$1.37B,$13.23B,9.95%,$1792,$608,$1184,$0,$677,$1536,$256,$-125,$131,$44,$87,$87,$86,$509,$256,$169,169,$0.51,$0.51,$211,$565,$340,$2581,$12771,$1252,$2082,$417,$21452,$24033,$2931,$6633,$3564,$14502,$17433,$3405,$3305,$-153,$6600,$24033,$317,$504,$73,$577,$260,$-34,$7,$-16,$257,$1151,$-491,$0,$0,$0,$-17,$-17,$16,$-492,$-91,$-327,$-418,$23,$23,$-176,$-16,$-587,$72,$0,$-176
34,2010-03-31,32.58,$39.16,0.83,$49.82,0.65,$18.63,1.75,$3.57,9.13,$2.73B,$2.48B,1.1,$7.30B,$6.60B,1.11,$8.21B,$5.06B,61.60%,$8.21B,$1.33B,16.15%,$8.21B,$1.33B,16.15%,$8.21B,$2.37B,28.80%,$8.21B,$0.85B,10.38%,$8.21B,$0.58B,7.10%,$0.58B,$6.60B,9.19%,$0.58B,$4.52B,13.70%,$0.58B,$24.20B,2.42%,$1.33B,$13.89B,9.50%,$2453,$995,$1458,$0,$734,$1981,$472,$-126,$346,$116,$230,$230,$229,$723,$472,$166,166,$1.38,$1.38,$232,$443,$432,$2733,$12654,$1336,$2078,$468,$21470,$24203,$2482,$7295,$3521,$15126,$17608,$3388,$3309,$-146,$6595,$24203,$230,$251,$37,$288,$114,$88,$-47,$65,$299,$817,$-226,$0,$0,$0,$-9,$-9,$64,$-171,$-90,$-327,$-417,$9,$9,$-88,$-9,$-505,$141,$0,$-88
35,2009-12-31,31.47,$38.19,0.82,$48.88,0.64,$18.40,1.71,$3.28,9.59,$2.88B,$2.65B,1.09,$7.37B,$6.32B,1.17,$8.01B,$4.90B,61.09%,$8.01B,$1.25B,15.59%,$8.01B,$1.25B,15.59%,$8.01B,$2.27B,28.31%,$8.01B,$0.78B,9.76%,$8.01B,$0.53B,6.64%,$0.53B,$6.32B,8.54%,$0.53B,$4.24B,12.85%,$0.53B,$24.20B,2.21%,$1.25B,$13.69B,8.99%,$2121,$846,$1275,$0,$703,$1814,$307,$-132,$175,$54,$121,$121,$120,$589,$307,$164,164,$0.72,$0.72,$136,$509,$410,$2877,$12431,$1415,$2078,$414,$21318,$24195,$2645,$7370,$3515,$15234,$17879,$3257,$3168,$-147,$6316,$24195,$535,$1020,$195,$1215,$167,$28,$-162,$-7,$69,$1819,$-952,$0,$0,$0,$-35,$-35,$-77,$-1064,$-59,$-417,$-476,$35,$35,$-348,$0,$-789,$-34,$0,$-348
36,2009-09-30,25.06,$38.03,0.66,$49.26,0.51,$14.41,1.74,$3.36,7.46,$2.65B,$1.98B,1.34,$7.87B,$6.27B,1.26,$8.06B,$4.82B,59.74%,$8.06B,$1.24B,15.43%,$8.06B,$1.24B,15.43%,$8.06B,$2.21B,27.36%,$8.06B,$0.79B,9.85%,$8.06B,$0.54B,6.71%,$0.54B,$6.27B,8.78%,$0.54B,$4.18B,13.32%,$0.54B,$23.96B,2.24%,$1.24B,$14.15B,8.93%,$1950,$735,$1215,$0,$617,$1618,$332,$-112,$220,$69,$151,$151,$151,$598,$332,$165,165,$0.92,$0.92,$111,$585,$515,$2654,$12395,$1421,$2094,$461,$21305,$23959,$1976,$7874,$3458,$15711,$17687,$3235,$3142,$-141,$6272,$23959,$414,$738,$145,$883,$0,$0,$0,$377,$377,$1674,$-784,$0,$0,$0,$-29,$-29,$18,$-795,$-57,$-539,$-596,$27,$27,$-260,$-53,$-882,$-3,$0,$-260
37,2009-06-30,22.48,$37.57,0.6,$51.78,0.43,$10.83,2.08,$3.48,6.46,$2.54B,$2.08B,1.22,$7.94B,$6.18B,1.29,$8.45B,$4.91B,58.05%,$8.45B,$1.29B,15.23%,$8.45B,$1.29B,15.23%,$8.45B,$2.22B,26.25%,$8.45B,$0.84B,9.95%,$8.45B,$0.57B,6.71%,$0.57B,$6.18B,9.31%,$0.57B,$4.08B,14.22%,$0.57B,$23.90B,2.35%,$1.29B,$14.12B,9.36%,$1688,$577,$1111,$0,$656,$1473,$215,$-104,$111,$27,$84,$84,$83,$455,$215,$164,164,$0.51,$0.51,$111,$459,$477,$2535,$12393,$1326,$2095,$464,$21360,$23895,$2076,$7943,$3370,$15640,$17716,$3214,$3072,$-145,$6179,$23895,$263,$472,$88,$560,$0,$0,$0,$478,$478,$1301,$-581,$0,$0,$0,$-8,$-8,$-21,$-610,$8,$-543,$-535,$18,$18,$-173,$-45,$-735,$-44,$0,$-173
38,2009-03-31,19.14,$37.54,0.51,$55.30,0.35,$13.50,1.42,$3.14,6.09,$2.87B,$2.83B,1.01,$7.50B,$6.15B,1.22,$9.01B,$5.01B,55.62%,$9.01B,$1.23B,13.63%,$9.01B,$1.23B,13.63%,$9.01B,$2.14B,23.69%,$9.01B,$0.78B,8.63%,$9.01B,$0.51B,5.68%,$0.51B,$6.15B,8.50%,$0.51B,$4.06B,13.10%,$0.51B,$24.19B,2.13%,$1.23B,$13.65B,9.09%,$2255,$960,$1295,$0,$671,$1860,$395,$-119,$276,$97,$179,$179,$178,$627,$395,$163,163,$1.09,$1.09,$110,$432,$463,$2866,$12324,$1257,$2096,$458,$21322,$24188,$2833,$7495,$3396,$15203,$18036,$3192,$3076,$-157,$6152,$24188,$179,$232,$63,$295,$119,$106,$-113,$215,$365,$839,$-296,$0,$0,$0,$0,$0,$40,$-256,$-86,$-414,$-500,$9,$9,$-86,$-4,$-581,$2,$0,$-86
39,2008-12-31,24.14,$37.04,0.65,$57.23,0.42,$15.21,1.59,$3.35,7.21,$3.33B,$3.01B,1.11,$7.74B,$6.04B,1.28,$9.33B,$5.02B,53.84%,$9.33B,$1.26B,13.54%,$9.33B,$1.26B,13.54%,$9.33B,$2.16B,23.18%,$9.33B,$0.82B,8.78%,$9.33B,$0.55B,5.85%,$0.55B,$6.04B,9.14%,$0.55B,$3.93B,14.11%,$0.55B,$24.59B,2.29%,$1.26B,$13.78B,9.53%,$2170,$974,$1196,$0,$688,$1868,$302,$-115,$187,$57,$130,$130,$129,$526,$302,$163,163,$0.79,$0.80,$172,$539,$558,$3328,$12231,$1280,$2107,$412,$21262,$24590,$3013,$7741,$3439,$15539,$18552,$3175,$2985,$-165,$6038,$24590,$553,$899,$199,$1098,$328,$96,$-286,$-208,$-92,$1559,$-1348,$0,$337,$0,$-441,$-441,$-71,$-1523,$626,$-340,$286,$-16,$-16,$-344,$-10,$-84,$-37,$0,$-344
40,2008-09-30,26.74,$36.78,0.73,$56.83,0.47,$13.40,2.0,$4.11,6.51,$3.72B,$3.59B,1.04,$7.44B,$6.00B,1.24,$9.37B,$5.08B,54.22%,$9.37B,$1.29B,13.76%,$9.37B,$1.29B,13.76%,$9.37B,$2.17B,23.21%,$9.37B,$0.86B,9.18%,$9.37B,$0.49B,5.21%,$0.49B,$6.00B,8.23%,$0.49B,$3.87B,12.73%,$0.49B,$23.69B,2.07%,$1.29B,$13.44B,9.90%,$2338,$1034,$1304,$0,$699,$1963,$375,$-108,$267,$97,$170,$170,$177,$610,$375,$163,163,$1.08,$1.08,$259,$770,$740,$3723,$12070,$1294,$2123,$446,$19965,$23688,$3593,$7444,$3417,$14099,$17692,$3172,$2952,$-128,$5996,$23688,$423,$675,$147,$822,$0,$0,$0,$-227,$-227,$1018,$-722,$0,$84,$0,$-409,$-409,$-1,$-1048,$329,$71,$400,$-16,$-16,$-258,$-7,$119,$100,$0,$-258
41,2008-06-30,27.94,$36.18,0.77,$55.30,0.51,$18.41,1.52,$4.22,6.62,$3.89B,$3.83B,1.02,$7.29B,$5.90B,1.24,$9.16B,$5.14B,56.13%,$9.16B,$1.20B,13.11%,$9.16B,$1.20B,13.11%,$9.16B,$2.10B,22.92%,$9.16B,$0.78B,8.52%,$9.16B,$0.51B,5.55%,$0.51B,$5.90B,8.68%,$0.51B,$3.78B,13.46%,$0.51B,$23.91B,2.15%,$1.20B,$13.19B,9.36%,$2251,$1032,$1219,$0,$832,$2094,$157,$-109,$48,$18,$30,$30,$28,$372,$157,$163,163,$0.17,$0.17,$531,$583,$696,$3894,$11895,$1353,$2124,$609,$20012,$23906,$3834,$7286,$3757,$14171,$18005,$3169,$2862,$-130,$5901,$23906,$245,$440,$79,$519,$0,$0,$0,$771,$771,$1535,$-385,$0,$82,$0,$-114,$-114,$-35,$-452,$406,$-984,$-578,$-16,$-16,$-172,$-6,$-772,$322,$0,$-172
42,2008-03-31,25.3,$36.56,0.69,$51.08,0.5,$20.76,1.22,$6.25,4.05,$3.43B,$3.90B,0.88,$6.65B,$5.97B,1.11,$8.58B,$4.90B,57.08%,$8.58B,$1.76B,20.55%,$8.58B,$1.76B,20.55%,$8.58B,$2.69B,31.34%,$8.58B,$1.32B,15.43%,$8.58B,$0.87B,10.08%,$0.87B,$5.97B,14.78%,$0.87B,$3.90B,22.93%,$0.87B,$23.15B,3.65%,$1.76B,$12.61B,13.76%,$2570,$1266,$1304,$0,$779,$2141,$429,$-112,$317,$116,$201,$201,$212,$654,$429,$163,163,$1.30,$1.29,$160,$483,$615,$3434,$11492,$1234,$2067,$894,$19714,$23148,$3902,$6645,$3559,$13281,$17183,$3166,$2920,$-121,$5965,$23148,$212,$225,$66,$291,$0,$0,$0,$389,$389,$892,$-69,$0,$82,$0,$-40,$-40,$46,$19,$-317,$-534,$-851,$-13,$-13,$-86,$-4,$-954,$-46,$0,$-86
43,2007-12-31,28.21,$35.86,0.79,$49.22,0.57,$17.19,1.64,$5.71,4.94,$3.99B,$4.22B,0.95,$6.97B,$5.85B,1.19,$8.48B,$4.92B,58.09%,$8.48B,$1.61B,18.94%,$8.48B,$1.61B,18.94%,$8.48B,$2.53B,29.86%,$8.48B,$1.16B,13.63%,$8.48B,$0.79B,9.29%,$0.79B,$5.85B,13.54%,$0.79B,$3.79B,21.18%,$0.79B,$23.74B,3.32%,$1.61B,$12.82B,12.38%,$2207,$956,$1251,$0,$691,$1879,$328,$-100,$228,$36,$192,$195,$71,$538,$328,$170,171,$1.53,$1.54,$263,$633,$536,$3991,$11408,$1270,$2062,$949,$19751,$23742,$4221,$6971,$3555,$13668,$17889,$3176,$2790,$-113,$5853,$23742,$787,$926,$-771,$155,$0,$0,$0,$192,$192,$1125,$-1214,$0,$1709,$0,$-152,$-152,$-13,$330,$-343,$-47,$-390,$-708,$-708,$-364,$-6,$-1468,$-24,$0,$-364
44,2007-09-30,30.75,$34.80,0.88,$44.36,0.69,$18.39,1.67,$4.94,6.22,$3.73B,$3.97B,0.94,$6.96B,$5.70B,1.22,$7.70B,$4.33B,56.28%,$7.70B,$1.76B,22.85%,$7.70B,$1.76B,22.85%,$7.70B,$2.69B,34.91%,$7.70B,$1.25B,16.25%,$7.70B,$0.86B,11.14%,$0.86B,$5.70B,14.76%,$0.86B,$3.63B,23.20%,$0.86B,$23.83B,3.61%,$1.76B,$12.66B,13.44%,$2128,$763,$1365,$0,$828,$1842,$286,$-99,$187,$34,$153,$152,$197,$535,$286,$165,166,$1.20,$1.19,$249,$756,$801,$3729,$11338,$1279,$2070,$790,$20097,$23826,$3965,$6961,$3479,$14164,$18129,$3181,$2634,$-118,$5697,$23826,$716,$716,$-921,$-205,$0,$0,$0,$281,$281,$792,$341,$0,$329,$0,$-108,$-108,$30,$592,$-340,$-62,$-402,$-686,$-686,$-278,$-2,$-1368,$9,$0,$-278
45,2007-06-30,30.28,$34.51,0.88,$43.87,0.69,$12.59,2.41,$4.81,6.29,$4.34B,$4.15B,1.04,$7.30B,$5.89B,1.24,$7.77B,$4.54B,58.39%,$7.77B,$1.85B,23.77%,$7.77B,$1.85B,23.77%,$7.77B,$2.88B,37.09%,$7.77B,$1.30B,16.76%,$7.77B,$0.85B,10.93%,$0.85B,$5.89B,14.50%,$0.85B,$3.77B,22.84%,$0.85B,$23.96B,3.63%,$1.85B,$13.19B,13.97%,$1677,$698,$979,$0,$906,$956,$721,$-129,$592,$243,$349,$348,$385,$963,$721,$174,175,$2.21,$2.20,$1136,$710,$509,$4336,$11460,$1314,$2115,$364,$19622,$23958,$4152,$7304,$3058,$13917,$18069,$3311,$2700,$-122,$5889,$23958,$519,$467,$-982,$-515,$0,$0,$0,$994,$994,$998,$648,$0,$221,$0,$-32,$-32,$-26,$811,$-111,$-330,$-441,$-333,$-333,$-187,$-2,$-963,$846,$0,$-187
46,2007-03-31,29.77,$33.02,0.9,$45.00,0.66,$4.48,6.64,$2.42,12.3,$3.54B,$3.99B,0.89,$7.38B,$5.82B,1.27,$7.99B,$4.86B,60.90%,$7.99B,$1.10B,13.71%,$7.99B,$1.10B,13.71%,$7.99B,$2.11B,26.41%,$7.99B,$0.56B,7.03%,$7.99B,$0.43B,5.40%,$0.43B,$5.82B,7.42%,$0.43B,$3.67B,11.69%,$0.43B,$23.44B,1.88%,$1.10B,$13.19B,8.28%,$2463,$1135,$1328,$0,$824,$2193,$270,$-122,$148,$51,$97,$96,$134,$495,$270,$176,177,$0.76,$0.76,$234,$569,$664,$3540,$11621,$1262,$2146,$393,$19896,$23436,$3987,$7378,$2818,$13633,$17620,$3439,$2602,$-225,$5816,$23436,$134,$225,$-54,$171,$0,$0,$0,$327,$327,$632,$-370,$0,$113,$0,$-17,$-17,$50,$-224,$-77,$-185,$-262,$-55,$-55,$-94,$0,$-411,$-3,$0,$-94
47,2006-12-31,29.74,$33.02,0.9,$45.89,0.65,$4.73,6.29,$2.42,12.29,$3.96B,$4.16B,0.95,$7.47B,$5.85B,1.28,$8.16B,$5.11B,62.65%,$8.16B,$1.07B,13.08%,$8.16B,$1.07B,13.08%,$8.16B,$2.08B,25.51%,$8.16B,$0.54B,6.57%,$8.16B,$0.43B,5.31%,$0.43B,$5.85B,7.44%,$0.43B,$3.72B,11.64%,$0.43B,$23.79B,1.91%,$1.07B,$13.32B,8.12%,$1431,$770,$661,$0,$39,$949,$482,$-158,$324,$37,$287,$96,$142,$695,$482,$177,178,$0.80,$0.80,$293,$715,$771,$3961,$11451,$1245,$2129,$467,$19824,$23785,$4164,$7474,$2833,$13772,$17936,$3467,$2593,$-211,$5849,$23785,$433,$1014,$12,$1026,$0,$0,$0,$8,$8,$1456,$-1336,$0,$204,$0,$-31,$-31,$-31,$-1194,$-75,$291,$216,$-44,$-44,$-365,$-10,$-203,$59,$0,$-365
