,Date,Stock Price,Book Value per Share,Price to Book Ratio,TTM Sales per Share,Price to Sales Ratio,TTM FCF per Share,Price to FCF Ratio,TTM Net EPS,PE Ratio,Current Assets,Current Liabilities,Current Ratio,Long Term Debt,Shareholder's Equity_x,Debt to Equity Ratio,TTM Revenue_x,TTM Gross Profit,Gross Margin,TTM Revenue_y,TTM Operating Income,Operating Margin,TTM Revenue_x,TTM EBIT,EBIT Margin,TTM Revenue_y,TTM EBITDA,EBITDA Margin,TTM Revenue_x,TTM Pre-Tax Income,Pre-Tax Margin,TTM Revenue_y,TTM Net Income_x,Net Margin,TTM Net Income_y,Shareholder's Equity_y,Return on Equity,TTM Net Income_x,Tangible Equity,Return on Tangible Equity,TTM Net Income_y,Total Assets,Return on Assets,TTM Net Income,LT Investments & Debt,Return on Investment,revenue,cost-goods-sold,gross-profit,research-development-expenses,selling-general-administrative-expenses,operating-expenses,operating-income,total-non-operating-income-expense,pre-tax-income,total-provision-income-taxes,income-after-taxes,income-from-continuous-operations,net-income,ebitda,ebit,basic-shares-outstanding,shares-outstanding,eps-basic-net-earnings-per-share,eps-earnings-per-share-diluted,cash-on-hand,inventory,other-current-assets,total-current-assets,net-property-plant-equipment,long-term-investments,goodwill-intangible-assets-total,other-long-term-assets,total-long-term-assets,total-assets,total-current-liabilities,long-term-debt,other-non-current-liabilities,total-long-term-liabilities,total-liabilities,common-stock-net,retained-earnings-accumulated-deficit,comprehensive-income,total-share-holder-equity,total-liabilities-share-holders-equity,net-income-loss,total-depreciation-amortization-cash-flow,other-non-cash-items,total-non-cash-items,change-in-accounts-receivable,change-in-inventories,change-in-accounts-payable,change-in-assets-liabilities,total-change-in-assets-liabilities,cash-flow-from-operating-activities,net-change-in-property-plant-equipment,net-change-in-intangible-assets,net-acquisitions-divestitures,net-change-in-short-term-investments,net-change-in-long-term-investments,net-change-in-investments-total,investing-activities-other,cash-flow-from-investing-activities,net-long-term-debt,net-current-debt,debt-issuance-retirement-net-total,net-common-equity-issued-repurchased,net-total-equity-issued-repurchased,total-common-preferred-stock-dividends-paid,financial-activities-other,cash-flow-from-financial-activities,net-cash-flow,stock-based-compensation,common-stock-dividends-paid
0,2018-09-30,0.68,$-0.14,-4.88,$1.75,0.39,$-1.04,0.0,$-0.62,0.0,$0.01B,$0.03B,0.47,$0.01B,$-0.00B,-3.78,$0.03B,$0.01B,50.00%,$0.03B,$-0.01B,-46.15%,$0.03B,$-0.01B,-46.15%,$0.03B,$-0.01B,-30.77%,$0.03B,$-0.01B,-50.00%,$0.03B,$-0.01B,-50.00%,$-0.01B,$-0.00B,-472.73%,$-0.01B,$-0.02B,81.25%,$-0.01B,$0.04B,-32.50%,$-0.01B,$0.01B,-117.07%,$6,$3,$3,$1,$5,$9,$-3,$-0,$-4,$0,$-4,$-4,$-4,$-2,$-3,$15,15,$-0.24,$-0.24,$8,$0,$0,$14,$0,$0,$18,$2,$23,$37,$29,$8,$2,$10,$39,$0,$-329,$1,$-2,$37,$-8,$2,$2,$4,$2,$0,$0,$-1,$1,$-3,$-1,$0,$0,$0,$0,$0,$0,$-1,$2,$0,$2,$0,$0,$0,$-0,$2,$-2,$1,$0
1,2018-06-30,1.41,$0.07,20.67,$1.84,0.77,$-0.96,0.0,$-0.80,0.0,$0.01B,$0.03B,0.52,$0.01B,$0.00B,7.56,$0.03B,$0.01B,48.15%,$0.03B,$-0.01B,-40.74%,$0.03B,$-0.01B,-40.74%,$0.03B,$-0.01B,-25.93%,$0.03B,$-0.01B,-44.44%,$0.03B,$-0.01B,-44.44%,$-0.01B,$0.00B,-228.57%,$-0.01B,$-0.02B,85.71%,$-0.01B,$0.04B,-28.74%,$-0.01B,$0.01B,-88.00%,$6,$3,$3,$1,$5,$10,$-4,$-0,$-4,$0,$-4,$-4,$-4,$-3,$-4,$15,15,$-0.27,$-0.27,$6,$0,$0,$14,$0,$0,$18,$2,$23,$37,$27,$8,$2,$9,$36,$0,$-326,$1,$1,$37,$-4,$1,$1,$2,$0,$0,$0,$-1,$0,$-2,$-1,$0,$0,$0,$0,$0,$0,$-1,$-1,$0,$-1,$0,$0,$0,$-0,$-1,$-4,$1,$0
2,2018-03-31,1.42,$0.33,4.28,$2.01,0.71,$-0.84,0.0,$-0.70,0.0,$0.02B,$0.03B,0.64,$0.01B,$0.01B,1.51,$0.03B,$0.01B,50.00%,$0.03B,$-0.01B,-32.14%,$0.03B,$-0.01B,-32.14%,$0.03B,$-0.01B,-17.86%,$0.03B,$-0.01B,-35.71%,$0.03B,$-0.01B,-35.71%,$-0.01B,$0.01B,-133.33%,$-0.01B,$-0.01B,80.00%,$-0.01B,$0.04B,-22.73%,$-0.01B,$0.01B,-62.07%,$7,$3,$3,$1,$5,$10,$-3,$-0,$-3,$-1,$-3,$-3,$-3,$-2,$-3,$14,14,$-0.18,$-0.18,$10,$0,$0,$18,$0,$0,$19,$1,$24,$42,$28,$7,$1,$9,$37,$0,$-322,$1,$5,$42,$-10,$4,$3,$7,$0,$0,$-0,$0,$1,$-2,$-2,$0,$0,$0,$0,$0,$0,$-2,$0,$-0,$0,$5,$5,$0,$-0,$5,$0,$2,$0
3,2017-12-31,1.8,$0.45,4.0,$2.18,0.82,$-0.96,0.0,$-0.65,0.0,$0.02B,$0.03B,0.71,$0.01B,$0.01B,1.09,$0.03B,$0.02B,51.72%,$0.03B,$-0.01B,-24.14%,$0.03B,$-0.01B,-24.14%,$0.03B,$-0.00B,-10.34%,$0.03B,$-0.01B,-31.03%,$0.03B,$-0.01B,-31.03%,$-0.01B,$0.01B,-120.00%,$-0.01B,$-0.01B,70.59%,$-0.01B,$0.04B,-20.45%,$-0.01B,$0.01B,-47.46%,$7,$3,$4,$1,$5,$9,$-2,$-1,$-2,$-0,$-2,$-2,$-2,$-1,$-2,$15,15,$-0.16,$-0.16,$10,$0,$0,$20,$0,$0,$20,$1,$24,$44,$29,$7,$1,$9,$38,$0,$-319,$1,$7,$44,$-7,$3,$2,$5,$-2,$0,$-0,$1,$-0,$-2,$-2,$0,$0,$0,$0,$0,$0,$-2,$-0,$-0,$-0,$5,$5,$0,$-0,$5,$1,$2,$0
4,2017-09-30,2.15,$0.57,3.79,$2.26,0.95,$-1.06,0.0,$-0.67,0.0,$0.02B,$0.03B,0.73,$0.01B,$0.01B,0.84,$0.03B,$0.01B,48.28%,$0.03B,$-0.01B,-24.14%,$0.03B,$-0.01B,-24.14%,$0.03B,$-0.00B,-10.34%,$0.03B,$-0.01B,-31.03%,$0.03B,$-0.01B,-31.03%,$-0.01B,$0.01B,-124.14%,$-0.01B,$-0.01B,67.92%,$-0.01B,$0.04B,-20.69%,$-0.01B,$0.02B,-48.28%,$7,$3,$3,$1,$4,$9,$-2,$-1,$-3,$0,$-3,$-3,$-3,$-1,$-2,$15,15,$-0.18,$-0.18,$12,$0,$0,$20,$0,$0,$20,$1,$24,$44,$27,$7,$1,$8,$36,$0,$-317,$1,$8,$44,$-5,$2,$1,$3,$0,$0,$-0,$-1,$-0,$-2,$-1,$0,$0,$0,$0,$0,$0,$-1,$0,$-0,$0,$5,$5,$0,$-0,$5,$2,$1,$0
5,2017-06-30,2.63,$0.67,3.9,$2.36,1.11,$-1.20,0.0,$-0.77,0.0,$0.02B,$0.03B,0.77,$0.01B,$0.01B,0.7,$0.03B,$0.01B,48.28%,$0.03B,$-0.01B,-27.59%,$0.03B,$-0.01B,-27.59%,$0.03B,$-0.00B,-13.79%,$0.03B,$-0.01B,-31.03%,$0.03B,$-0.01B,-31.03%,$-0.01B,$0.01B,-128.57%,$-0.01B,$-0.01B,65.45%,$-0.01B,$0.05B,-21.05%,$-0.01B,$0.02B,-57.14%,$7,$3,$4,$1,$5,$9,$-2,$-0,$-2,$-0,$-2,$-2,$-2,$-1,$-2,$12,12,$-0.17,$-0.17,$14,$0,$0,$22,$0,$0,$20,$2,$25,$46,$28,$7,$1,$8,$37,$0,$-314,$0,$10,$46,$-2,$1,$1,$2,$0,$0,$-0,$0,$1,$0,$-1,$0,$0,$0,$0,$0,$0,$-1,$0,$-0,$-0,$5,$5,$0,$-0,$5,$4,$1,$0
6,2017-03-31,3.4,$0.42,8.05,$2.36,1.44,$-1.30,0.0,$-0.81,0.0,$0.02B,$0.03B,0.64,$0.01B,$0.01B,1.49,$0.03B,$0.01B,46.43%,$0.03B,$-0.01B,-28.57%,$0.03B,$-0.01B,-28.57%,$0.03B,$-0.00B,-14.29%,$0.03B,$-0.01B,-32.14%,$0.03B,$-0.01B,-32.14%,$-0.01B,$0.01B,-133.33%,$-0.01B,$-0.02B,63.16%,$-0.01B,$0.04B,-21.43%,$-0.01B,$0.01B,-59.26%,$8,$4,$4,$1,$5,$9,$-1,$-0,$-2,$-0,$-2,$-2,$-2,$-0,$-1,$12,12,$-0.14,$-0.14,$9,$0,$0,$18,$0,$0,$20,$2,$24,$42,$28,$8,$1,$9,$37,$0,$-312,$-0,$5,$42,$-9,$3,$3,$6,$-0,$0,$1,$-0,$-0,$-3,$-2,$0,$0,$0,$0,$0,$0,$-2,$5,$-0,$5,$0,$0,$0,$-0,$5,$0,$3,$0
7,2016-12-31,1.95,$0.51,3.83,$2.35,0.83,$-1.54,0.0,$-1.09,0.0,$0.02B,$0.03B,0.64,$0.01B,$0.01B,1.22,$0.03B,$0.01B,44.44%,$0.03B,$-0.01B,-44.44%,$0.03B,$-0.01B,-44.44%,$0.03B,$-0.01B,-29.63%,$0.03B,$-0.01B,-44.44%,$0.03B,$-0.01B,-44.44%,$-0.01B,$0.01B,-145.45%,$-0.01B,$-0.02B,88.89%,$-0.01B,$0.04B,-28.24%,$-0.01B,$0.01B,-84.21%,$7,$4,$3,$1,$4,$9,$-2,$-0,$-2,$-0,$-2,$-2,$-2,$-1,$-2,$12,12,$-0.18,$-0.18,$9,$0,$0,$18,$0,$0,$21,$1,$24,$42,$27,$7,$1,$9,$36,$0,$-310,$-0,$6,$42,$-8,$2,$2,$4,$0,$0,$0,$-0,$0,$-3,$-1,$0,$0,$0,$0,$0,$0,$-1,$4,$-0,$4,$0,$0,$0,$0,$4,$-0,$2,$0
8,2016-09-30,1.7,$0.61,2.78,$2.41,0.71,$-1.72,0.0,$-1.19,0.0,$0.02B,$0.03B,0.58,$0.01B,$0.01B,0.77,$0.03B,$0.01B,48.15%,$0.03B,$-0.01B,-48.15%,$0.03B,$-0.01B,-48.15%,$0.03B,$-0.01B,-33.33%,$0.03B,$-0.01B,-48.15%,$0.03B,$-0.01B,-48.15%,$-0.01B,$0.01B,-123.81%,$-0.01B,$-0.01B,110.64%,$-0.01B,$0.04B,-30.06%,$-0.01B,$0.01B,-80.00%,$7,$3,$3,$1,$5,$9,$-3,$-1,$-3,$-0,$-3,$-3,$-3,$-2,$-3,$12,12,$-0.28,$-0.28,$8,$0,$0,$15,$0,$0,$21,$2,$25,$41,$26,$5,$2,$7,$34,$0,$-308,$0,$7,$41,$-6,$2,$1,$3,$1,$0,$-0,$-1,$-0,$-3,$-1,$0,$0,$0,$0,$0,$0,$-1,$2,$-0,$2,$0,$0,$0,$0,$2,$-1,$1,$0
