,Date,Stock Price,Book Value per Share,Price to Book Ratio,TTM Sales per Share,Price to Sales Ratio,TTM FCF per Share,Price to FCF Ratio,TTM Net EPS,PE Ratio,Current Assets,Current Liabilities,Current Ratio,Long Term Debt,Shareholder's Equity_x,Debt to Equity Ratio,TTM Revenue_x,TTM Gross Profit,Gross Margin,TTM Revenue_y,TTM Operating Income,Operating Margin,TTM Revenue_x,TTM EBIT,EBIT Margin,TTM Revenue_y,TTM EBITDA,EBITDA Margin,TTM Revenue_x,TTM Pre-Tax Income,Pre-Tax Margin,TTM Revenue_y,TTM Net Income_x,Net Margin,TTM Net Income_y,Shareholder's Equity_y,Return on Equity,TTM Net Income_x,Tangible Equity,Return on Tangible Equity,TTM Net Income_y,Total Assets,Return on Assets,TTM Net Income,LT Investments & Debt,Return on Investment,revenue,cost-goods-sold,gross-profit,research-development-expenses,selling-general-administrative-expenses,operating-expenses,operating-income,total-non-operating-income-expense,pre-tax-income,total-provision-income-taxes,income-after-taxes,income-from-continuous-operations,net-income,ebitda,ebit,basic-shares-outstanding,shares-outstanding,eps-basic-net-earnings-per-share,eps-earnings-per-share-diluted,cash-on-hand,inventory,other-current-assets,total-current-assets,net-property-plant-equipment,long-term-investments,goodwill-intangible-assets-total,other-long-term-assets,total-long-term-assets,total-assets,total-current-liabilities,long-term-debt,other-non-current-liabilities,total-long-term-liabilities,total-liabilities,common-stock-net,retained-earnings-accumulated-deficit,comprehensive-income,total-share-holder-equity,total-liabilities-share-holders-equity,net-income-loss,total-depreciation-amortization-cash-flow,other-non-cash-items,total-non-cash-items,change-in-accounts-receivable,change-in-inventories,change-in-accounts-payable,change-in-assets-liabilities,total-change-in-assets-liabilities,cash-flow-from-operating-activities,net-change-in-property-plant-equipment,net-change-in-intangible-assets,net-acquisitions-divestitures,net-change-in-short-term-investments,net-change-in-long-term-investments,net-change-in-investments-total,investing-activities-other,cash-flow-from-investing-activities,net-long-term-debt,net-current-debt,debt-issuance-retirement-net-total,net-common-equity-issued-repurchased,net-total-equity-issued-repurchased,total-common-preferred-stock-dividends-paid,financial-activities-other,cash-flow-from-financial-activities,net-cash-flow,stock-based-compensation,common-stock-dividends-paid
0,2015-06-30,83.59,$-6.86,-12.18,$66.69,1.25,$16.24,5.15,0.0,0.0,$9.08B,$7.72B,1.18,$17.16B,$-3.46B,-4.95,$33.88B,$15.64B,46.17%,$33.88B,$5.25B,15.50%,$33.88B,$5.25B,15.50%,$33.88B,$8.16B,24.08%,$33.88B,$4.52B,13.33%,$33.88B,$2.87B,8.46%,$2.87B,$-3.46B,-63.24%,$2.87B,$-8.29B,-30.53%,$2.87B,$25.32B,11.74%,$5.25B,$13.69B,39.00%,$8441,$4494,$3947,$0,$1837,$7052,$1389,$-185,$1204,$454,$750,$750,$747,$2098,$1389,$504,508,$1.48,$1.47,$5061,$425,$0,$9082,$9487,$1921,$4831,$0,$16239,$25321,$7722,$17157,$2281,$21062,$28784,$3645,$-6931,$-552,$-3463,$25321,$1480,$1428,$135,$1563,$65,$-110,$0,$437,$181,$3238,$-1382,$0,$0,$0,$-74,$-74,$-4,$-1460,$-1286,$0,$-1286,$9,$9,$0,$-34,$-1311,$426,$53,$0
1,2015-03-31,76.66,$-8.49,-9.03,$66.03,1.16,$15.62,4.91,0.0,0.0,$8.05B,$7.56B,1.06,$17.06B,$-4.28B,-3.99,$33.55B,$15.63B,46.58%,$33.55B,$5.29B,15.76%,$33.55B,$5.29B,15.76%,$33.55B,$8.20B,24.44%,$33.55B,$4.55B,13.57%,$33.55B,$2.93B,8.72%,$2.93B,$-4.28B,-56.27%,$2.93B,$-9.11B,-29.05%,$2.93B,$24.30B,12.38%,$5.29B,$12.78B,40.29%,$8143,$4274,$3869,$0,$1752,$6756,$1387,$-216,$1171,$441,$730,$730,$730,$2106,$1387,$503,507,$1.45,$1.44,$4284,$334,$0,$8046,$9500,$1924,$4831,$0,$16255,$24301,$7564,$17058,$2353,$21017,$28581,$3608,$-7678,$-577,$-4280,$24301,$730,$719,$45,$764,$151,$-37,$0,$380,$136,$1636,$-709,$0,$0,$0,$-10,$-10,$3,$-716,$-1238,$0,$-1238,$0,$0,$0,$-33,$-1271,$-351,$27,$0
2,2014-12-31,78.1,$-9.60,-8.13,$65.23,1.2,$15.51,5.04,0.0,0.0,$8.82B,$6.96B,1.27,$19.49B,$-4.83B,-4.04,$33.26B,$15.58B,46.84%,$33.26B,$5.13B,15.42%,$33.26B,$5.13B,15.42%,$33.26B,$8.02B,24.12%,$33.26B,$4.45B,13.37%,$33.26B,$2.76B,8.29%,$2.76B,$-4.83B,-47.88%,$2.76B,$-9.75B,-25.89%,$2.76B,$25.46B,11.89%,$5.13B,$14.66B,39.79%,$8922,$5022,$3900,$0,$1900,$7667,$1255,$-139,$1116,$335,$781,$781,$778,$1989,$1255,$505,510,$1.54,$1.51,$4635,$299,$0,$8819,$9761,$1956,$4923,$0,$16640,$25459,$6959,$19485,$2117,$23328,$30287,$3613,$-8408,$-418,$-4828,$25459,$2775,$2895,$491,$3386,$-242,$-16,$0,$74,$177,$6369,$-3225,$0,$0,$0,$-15,$-15,$-123,$-3363,$1515,$-200,$1315,$-1365,$-1365,$0,$-118,$-168,$2455,$104,$0
3,2014-09-30,77.94,$-11.06,-7.04,$63.27,1.23,$14.06,5.54,0.0,0.0,$6.52B,$6.47B,1.01,$18.31B,$-5.56B,-3.3,$32.93B,$15.52B,47.14%,$32.93B,$5.21B,15.81%,$32.93B,$5.21B,15.81%,$32.93B,$8.07B,24.49%,$32.93B,$4.56B,13.84%,$32.93B,$2.79B,8.47%,$2.79B,$-5.56B,-45.08%,$2.79B,$-10.40B,-25.20%,$2.79B,$22.59B,12.51%,$5.21B,$12.75B,42.82%,$8374,$4448,$3926,$0,$1949,$7152,$1222,$-196,$1026,$411,$615,$615,$611,$1964,$1222,$502,507,$1.22,$1.21,$2898,$269,$0,$6515,$9270,$1971,$4838,$0,$16079,$22594,$6472,$18311,$1609,$21679,$28151,$3569,$-9180,$-334,$-5557,$22594,$1994,$2161,$400,$2561,$129,$14,$0,$369,$113,$4726,$-2396,$0,$0,$0,$16,$16,$-4,$-2384,$312,$-71,$241,$-1376,$-1376,$0,$-106,$-1241,$718,$70,$0
4,2014-06-30,76.58,$-12.20,-6.28,$61.21,1.25,$12.41,6.17,0.0,0.0,$5.87B,$6.49B,0.9,$18.44B,$-6.13B,-3.01,$32.44B,$15.36B,47.34%,$32.44B,$5.21B,16.06%,$32.44B,$5.21B,16.06%,$32.44B,$8.02B,24.72%,$32.44B,$4.63B,14.29%,$32.44B,$2.88B,8.87%,$2.88B,$-6.13B,-44.60%,$2.88B,$-11.02B,-25.35%,$2.88B,$22.13B,13.20%,$5.21B,$12.31B,43.49%,$8109,$4179,$3930,$0,$1777,$6685,$1424,$-183,$1241,$431,$810,$810,$806,$2141,$1424,$504,508,$1.60,$1.59,$2290,$312,$0,$5869,$9338,$2024,$4895,$0,$16257,$22126,$6493,$18439,$1523,$21760,$28253,$3544,$-9777,$-288,$-6127,$22126,$1379,$1419,$313,$1732,$133,$-29,$0,$146,$-92,$3064,$-1526,$0,$0,$0,$21,$21,$-4,$-1509,$269,$60,$329,$-1376,$-1376,$0,$-82,$-1129,$110,$45,$0
5,2014-03-31,68.84,$-12.83,-5.37,$58.98,1.17,$11.59,5.94,0.0,0.0,$6.45B,$7.38B,0.87,$18.34B,$-6.51B,-2.82,$32.03B,$15.20B,47.45%,$32.03B,$5.14B,16.03%,$32.03B,$5.14B,16.03%,$32.03B,$7.95B,24.81%,$32.03B,$4.47B,13.95%,$32.03B,$2.73B,8.52%,$2.73B,$-6.51B,-42.40%,$2.73B,$-11.41B,-24.15%,$2.73B,$22.52B,12.71%,$5.14B,$11.83B,42.77%,$7855,$4031,$3824,$0,$1602,$6628,$1227,$-162,$1065,$496,$569,$569,$561,$1929,$1227,$511,515,$1.10,$1.09,$3014,$319,$0,$6449,$9205,$1973,$4893,$0,$16071,$22520,$7378,$18338,$1478,$21654,$29032,$3549,$-10149,$-298,$-6512,$22520,$569,$702,$311,$1013,$98,$-36,$0,$328,$-7,$1590,$-704,$0,$0,$0,$0,$0,$-3,$-707,$1234,$-5,$1229,$-895,$-895,$0,$-67,$267,$834,$20,$0
6,2013-12-31,62.21,$-12.60,-4.94,$56.86,1.09,$11.10,5.6,0.0,0.0,$5.95B,$6.53B,0.91,$18.28B,$-6.54B,-2.79,$31.75B,$15.11B,47.59%,$31.75B,$5.15B,16.22%,$31.75B,$5.15B,16.22%,$31.75B,$7.93B,24.96%,$31.75B,$4.49B,14.13%,$31.75B,$2.86B,9.00%,$2.86B,$-6.54B,-45.04%,$2.86B,$-11.43B,-25.57%,$2.86B,$21.91B,13.60%,$5.15B,$11.74B,42.99%,$8594,$4751,$3843,$0,$1799,$7261,$1333,$-106,$1227,$411,$816,$816,$810,$2031,$1333,$548,553,$1.53,$1.51,$2180,$283,$0,$5953,$9117,$1945,$4890,$0,$15952,$21905,$6530,$18284,$1456,$21919,$28449,$3652,$-9874,$-322,$-6544,$21905,$2885,$2775,$511,$3286,$0,$118,$0,$-160,$230,$6394,$-3786,$0,$0,$0,$191,$191,$-158,$-3753,$2021,$-158,$1863,$-4000,$-4000,$0,$-39,$-2176,$278,$100,$0
7,2013-09-30,53.85,$-12.45,-4.33,$53.83,1.0,$9.93,5.42,0.0,0.0,$5.03B,$5.33B,0.94,$18.64B,$-6.61B,-2.82,$31.21B,$14.90B,47.72%,$31.21B,$5.12B,16.39%,$31.21B,$5.12B,16.39%,$31.21B,$7.80B,24.98%,$31.21B,$4.49B,14.37%,$31.21B,$2.99B,9.58%,$2.99B,$-6.61B,-49.29%,$2.99B,$-11.52B,-27.43%,$2.99B,$20.59B,14.46%,$5.12B,$12.03B,42.70%,$7880,$4122,$3758,$0,$1825,$6655,$1225,$-124,$1101,$391,$710,$710,$699,$1919,$1225,$541,545,$1.29,$1.28,$1622,$350,$0,$5029,$8905,$1739,$4915,$0,$15559,$20588,$5329,$18635,$1290,$21867,$27196,$3671,$-10037,$-242,$-6608,$20588,$2069,$2077,$209,$2286,$200,$53,$0,$277,$53,$4355,$-2747,$0,$0,$0,$93,$93,$-158,$-2812,$1427,$204,$1631,$-3228,$-3228,$0,$-39,$-1636,$-280,$79,$0
8,2013-06-30,55.53,$-11.03,-5.03,$51.16,1.09,$9.75,5.69,0.0,0.0,$5.88B,$5.26B,1.12,$18.52B,$-6.09B,-3.04,$30.75B,$14.60B,47.47%,$30.75B,$4.96B,16.12%,$30.75B,$4.96B,16.12%,$30.75B,$7.55B,24.55%,$30.75B,$4.30B,14.00%,$30.75B,$2.86B,9.29%,$2.86B,$-6.09B,-50.42%,$2.86B,$-10.86B,-27.22%,$2.86B,$20.92B,13.86%,$4.96B,$12.43B,41.28%,$7700,$3926,$3774,$0,$1693,$6350,$1350,$-275,$1075,$414,$661,$661,$660,$2068,$1350,$556,561,$1.19,$1.18,$2365,$403,$0,$5880,$8660,$1608,$4773,$0,$15041,$20921,$5258,$18516,$1325,$21751,$27009,$3786,$-9606,$-268,$-6088,$20921,$1359,$1383,$225,$1608,$140,$0,$0,$196,$14,$3010,$-1774,$0,$0,$0,$113,$113,$-18,$-1679,$1410,$-83,$1327,$-1968,$-1968,$0,$-40,$-681,$463,$59,$0
9,2013-03-31,50.98,$-10.93,-4.66,$48.46,1.05,$9.72,5.24,0.0,0.0,$5.62B,$5.55B,1.01,$17.87B,$-6.15B,-2.91,$30.27B,$14.42B,47.63%,$30.27B,$5.02B,16.58%,$30.27B,$5.02B,16.58%,$30.27B,$7.46B,24.65%,$30.27B,$4.37B,14.43%,$30.27B,$2.91B,9.61%,$2.91B,$-6.15B,-55.68%,$2.91B,$-10.91B,-28.83%,$2.91B,$20.65B,14.33%,$5.02B,$11.72B,42.47%,$7580,$3843,$3737,$0,$1651,$6338,$1242,$-157,$1085,$387,$698,$698,$690,$1907,$1242,$572,577,$1.21,$1.20,$1679,$418,$185,$5616,$8587,$1683,$4764,$0,$15034,$20650,$5547,$17866,$1306,$21251,$26798,$3822,$-9717,$-253,$-6148,$20650,$698,$665,$226,$891,$51,$-10,$0,$68,$-58,$1536,$-826,$0,$0,$0,$13,$13,$-5,$-818,$774,$121,$895,$-1608,$-1608,$0,$-41,$-754,$-223,$34,$0
10,2012-12-31,45.19,$-9.25,-4.88,$45.67,0.99,$9.89,4.57,0.0,0.0,$5.55B,$5.54B,1.0,$17.17B,$-5.43B,-3.16,$29.74B,$14.16B,47.62%,$29.74B,$5.09B,17.10%,$29.74B,$5.09B,17.10%,$29.74B,$7.45B,25.04%,$29.74B,$4.44B,14.94%,$29.74B,$2.95B,9.92%,$2.95B,$-5.43B,-64.17%,$2.95B,$-10.33B,-30.99%,$2.95B,$20.56B,14.31%,$5.09B,$11.74B,42.49%,$8054,$4428,$3626,$0,$1702,$6756,$1298,$-74,$1224,$276,$948,$948,$942,$1903,$1298,$638,644,$1.54,$1.52,$1902,$412,$0,$5554,$8395,$1711,$4895,$0,$15001,$20555,$5541,$17170,$1203,$20445,$25986,$4021,$-9210,$-242,$-5431,$20555,$2977,$2362,$-163,$2199,$-50,$-206,$0,$259,$373,$5634,$-3349,$0,$0,$0,$8,$8,$-22,$-3363,$3639,$358,$3997,$-5172,$-5172,$0,$-67,$-1242,$1029,$109,$0
11,2012-09-30,47.24,$-8.17,-5.78,$43.09,1.1,$9.02,5.24,0.0,0.0,$5.83B,$4.88B,1.2,$17.16B,$-5.00B,-3.43,$29.15B,$13.96B,47.89%,$29.15B,$5.00B,17.16%,$29.15B,$5.00B,17.16%,$29.15B,$7.31B,25.09%,$29.15B,$4.26B,14.60%,$29.15B,$2.73B,9.35%,$2.73B,$-5.00B,-67.87%,$2.73B,$-9.89B,-30.40%,$2.73B,$20.35B,13.57%,$5.00B,$12.16B,43.03%,$7416,$3957,$3459,$0,$1773,$6348,$1068,$-148,$920,$348,$572,$572,$565,$1672,$1068,$624,629,$0.91,$0.90,$2421,$377,$0,$5830,$7994,$1642,$4887,$0,$14523,$20353,$4877,$17162,$1377,$20476,$25353,$4291,$-9073,$-218,$-5000,$20353,$2029,$1757,$2,$1759,$15,$-97,$0,$466,$241,$4133,$-2391,$0,$0,$0,$20,$20,$25,$-2346,$3650,$0,$3650,$-3826,$-3826,$0,$-63,$-239,$1548,$77,$0
12,2012-06-30,43.98,$-6.78,-6.49,$40.59,1.08,$8.01,5.49,0.0,0.0,$5.25B,$4.73B,1.11,$15.96B,$-4.31B,-3.7,$28.58B,$13.82B,48.36%,$28.58B,$4.96B,17.37%,$28.58B,$4.96B,17.37%,$28.58B,$7.22B,25.25%,$28.58B,$4.14B,14.50%,$28.58B,$2.68B,9.36%,$2.68B,$-4.31B,-77.82%,$2.68B,$-9.22B,-31.76%,$2.68B,$19.63B,13.69%,$4.96B,$11.65B,44.02%,$7224,$3627,$3597,$0,$1588,$5813,$1411,$-270,$1141,$425,$716,$716,$711,$1981,$1411,$651,655,$1.09,$1.09,$2132,$331,$0,$5248,$7792,$1685,$4907,$0,$14384,$19632,$4728,$15962,$1304,$19214,$23942,$4437,$-8557,$-190,$-4310,$19632,$1457,$1153,$4,$1157,$208,$-51,$0,$324,$327,$3024,$-1601,$0,$0,$0,$0,$0,$26,$-1575,$2471,$0,$2471,$-2612,$-2612,$0,$-49,$-190,$1259,$58,$0
13,2012-03-31,44.45,$-5.48,-8.11,$38.16,1.16,$7.22,6.16,0.0,0.0,$7.45B,$6.24B,1.19,$15.96B,$-3.64B,-4.38,$27.95B,$13.57B,48.54%,$27.95B,$4.78B,17.11%,$27.95B,$4.78B,17.11%,$27.95B,$7.07B,25.30%,$27.95B,$4.11B,14.70%,$27.95B,$2.67B,9.54%,$2.67B,$-3.64B,-96.36%,$2.67B,$-8.64B,-34.06%,$2.67B,$21.91B,13.72%,$4.78B,$12.32B,42.24%,$7046,$3567,$3479,$0,$1576,$5738,$1308,$-151,$1157,$416,$741,$741,$731,$1891,$1308,$678,681,$1.08,$1.07,$4526,$285,$0,$7447,$7718,$1749,$4998,$0,$14465,$21912,$6237,$15961,$1295,$19317,$25554,$4617,$-8122,$-137,$-3642,$21912,$741,$583,$11,$594,$312,$-5,$0,$176,$406,$1763,$-811,$0,$0,$0,$0,$0,$25,$-786,$3983,$0,$3983,$-1260,$-1260,$0,$-47,$2676,$3653,$27,$0
14,2011-12-31,38.52,$-4.49,-8.57,$35.74,1.08,$6.65,5.79,0.0,0.0,$4.24B,$4.74B,0.89,$13.46B,$-3.11B,-4.33,$27.23B,$13.27B,48.74%,$27.23B,$4.63B,17.00%,$27.23B,$4.63B,17.00%,$27.23B,$6.94B,25.49%,$27.23B,$3.98B,14.63%,$27.23B,$2.61B,9.58%,$2.61B,$-3.11B,-125.33%,$2.61B,$-8.11B,-36.27%,$2.61B,$18.42B,13.66%,$4.63B,$10.36B,40.09%,$7463,$4039,$3424,$0,$1642,$6249,$1214,$-175,$1039,$316,$723,$723,$718,$1770,$1214,$747,752,$1.02,$1.01,$873,$280,$0,$4241,$7438,$1738,$5006,$0,$14182,$18423,$4743,$13464,$1287,$16787,$21530,$4799,$-7750,$-156,$-3107,$18423,$2636,$2310,$413,$2723,$-524,$-33,$0,$-61,$-227,$5185,$-3170,$0,$0,$0,$105,$105,$43,$-3022,$2806,$-39,$2767,$-5496,$-5496,$0,$-63,$-2792,$-629,$103,$0
15,2011-09-30,38.08,$-3.77,-10.11,$33.29,1.14,$7.12,5.35,0.0,0.0,$4.35B,$4.24B,1.02,$13.46B,$-2.70B,-5.0,$26.38B,$13.04B,49.43%,$26.38B,$4.48B,16.97%,$26.38B,$4.48B,16.97%,$26.38B,$6.84B,25.94%,$26.38B,$3.88B,14.71%,$26.38B,$2.51B,9.51%,$2.51B,$-2.70B,-185.37%,$2.51B,$-7.74B,-38.49%,$2.51B,$18.23B,13.22%,$4.48B,$10.77B,38.84%,$6844,$3525,$3319,$0,$1735,$5814,$1030,$-223,$807,$286,$521,$521,$516,$1575,$1030,$732,737,$0.70,$0.70,$1297,$313,$0,$4346,$7192,$1652,$5042,$0,$13886,$18232,$4243,$13463,$1259,$16684,$20927,$4969,$-7546,$-118,$-2695,$18232,$1913,$1754,$130,$1884,$-104,$-66,$0,$-19,$-315,$3611,$-2316,$0,$0,$0,$105,$105,$41,$-2170,$2819,$-39,$2780,$-4366,$-4366,$0,$-60,$-1646,$-205,$76,$0
16,2011-06-30,45.78,$-2.17,-21.08,$30.95,1.48,$7.76,5.9,0.0,0.0,$5.32B,$4.05B,1.31,$13.46B,$-1.62B,-8.3,$25.57B,$12.72B,49.77%,$25.57B,$4.32B,16.88%,$25.57B,$4.32B,16.88%,$25.57B,$6.74B,26.38%,$25.57B,$3.83B,14.98%,$25.57B,$2.47B,9.67%,$2.47B,$-1.62B,-484.47%,$2.47B,$-6.82B,-43.17%,$2.47B,$19.18B,12.93%,$4.32B,$11.84B,37.13%,$6600,$3255,$3345,$0,$1499,$5370,$1230,$-124,$1106,$397,$709,$709,$701,$1836,$1230,$763,767,$0.92,$0.91,$2528,$321,$0,$5318,$6962,$1702,$5195,$0,$13859,$19177,$4048,$13462,$1282,$16752,$20800,$5177,$-6816,$16,$-1623,$19177,$1392,$1209,$166,$1375,$17,$-74,$0,$-73,$-389,$2404,$-1344,$0,$0,$0,$105,$105,$39,$-1200,$2834,$-39,$2795,$-2913,$-2913,$0,$-60,$-178,$1026,$53,$0
17,2011-03-31,42.16,$-1.16,-36.38,$28.79,1.46,$7.94,5.31,0.0,0.0,$6.94B,$4.13B,1.68,$14.12B,$-0.90B,-15.66,$24.81B,$12.37B,49.85%,$24.81B,$4.10B,16.50%,$24.81B,$4.10B,16.50%,$24.81B,$6.53B,26.33%,$24.81B,$3.62B,14.59%,$24.81B,$2.31B,9.33%,$2.31B,$-0.90B,869.11%,$2.31B,$-6.10B,-46.65%,$2.31B,$20.59B,12.40%,$4.10B,$13.22B,36.76%,$6319,$3136,$3183,$0,$1417,$5164,$1155,$-123,$1032,$349,$683,$683,$674,$1758,$1155,$793,797,$0.85,$0.85,$4295,$312,$0,$6938,$6746,$1709,$5200,$0,$13655,$20593,$4125,$14121,$1306,$17370,$21495,$5348,$-6236,$-14,$-902,$20593,$683,$603,$99,$702,$87,$-65,$0,$30,$-90,$1309,$-644,$0,$0,$0,$61,$61,$39,$-544,$3529,$-39,$3490,$-1405,$-1405,$0,$-57,$2028,$2793,$22,$0
18,2010-12-31,35.97,$-0.24,-149.87,$26.84,1.34,$8.20,4.39,0.0,0.0,$4.25B,$4.45B,0.96,$10.47B,$-0.19B,-53.98,$24.10B,$12.00B,49.78%,$24.10B,$3.90B,16.16%,$24.10B,$3.90B,16.16%,$24.10B,$6.34B,26.31%,$24.10B,$3.51B,14.58%,$24.10B,$2.20B,9.12%,$2.20B,$-0.19B,179.50%,$2.20B,$-5.42B,-54.64%,$2.20B,$17.91B,12.06%,$3.90B,$10.28B,36.48%,$6621,$3426,$3195,$0,$1511,$5559,$1062,$-126,$936,$253,$683,$683,$618,$1675,$1062,$880,886,$0.73,$0.74,$1502,$247,$0,$4253,$6679,$1755,$5222,$0,$13656,$17909,$4450,$10472,$1287,$13653,$18103,$5563,$-5730,$-27,$-194,$17909,$2312,$2446,$361,$2807,$-391,$-35,$0,$10,$21,$5206,$-2416,$0,$0,$0,$-608,$-608,$-75,$-3099,$1991,$38,$2029,$-5073,$-5073,$-15,$-151,$-3210,$-1103,$82,$-15
19,2010-09-30,37.5,$0.74,50.41,$25.40,1.48,$7.33,5.11,0.0,0.0,$5.55B,$4.22B,1.32,$10.47B,$0.68B,15.44,$23.46B,$11.64B,49.60%,$23.46B,$3.70B,15.75%,$23.46B,$3.70B,15.75%,$23.46B,$6.15B,26.22%,$23.46B,$2.81B,11.99%,$23.46B,$1.55B,6.60%,$1.55B,$0.68B,77.37%,$1.55B,$-4.57B,-47.42%,$1.55B,$18.78B,8.46%,$3.70B,$11.15B,35.33%,$6025,$3024,$3001,$0,$1517,$5157,$868,$-112,$756,$256,$500,$500,$479,$1474,$868,$861,868,$0.56,$0.55,$2988,$185,$0,$5553,$6537,$1444,$5247,$0,$13228,$18781,$4222,$10471,$1508,$13881,$18103,$5789,$-5073,$-38,$678,$18781,$1629,$1833,$199,$2032,$-148,$27,$0,$-82,$43,$3825,$-1746,$0,$0,$0,$4,$4,$-38,$-1780,$2024,$0,$2024,$-3559,$-3559,$0,$-127,$-1662,$383,$60,$0
20,2010-06-30,30.56,$1.69,18.11,$24.05,1.27,$6.63,4.61,0.0,0.0,$4.32B,$4.18B,1.03,$8.44B,$1.48B,5.69,$22.90B,$11.34B,49.50%,$22.90B,$3.51B,15.34%,$22.90B,$3.51B,15.34%,$22.90B,$6.02B,26.26%,$22.90B,$2.66B,11.61%,$22.90B,$1.44B,6.27%,$1.44B,$1.48B,50.27%,$1.44B,$-3.75B,-62.68%,$1.44B,$17.36B,7.96%,$3.51B,$9.92B,33.96%,$5848,$2858,$2990,$0,$1355,$4838,$1010,$-113,$897,$343,$554,$554,$543,$1626,$1010,$901,907,$0.42,$0.42,$2000,$183,$0,$4317,$6381,$1427,$5236,$0,$13044,$17361,$4184,$8436,$1536,$11694,$15878,$6028,$-4452,$-93,$1483,$17361,$1129,$1227,$123,$1350,$-30,$29,$0,$1,$-15,$2494,$-1080,$0,$0,$0,$4,$4,$-41,$-1117,$294,$0,$294,$-2187,$-2187,$0,$-89,$-1982,$-605,$38,$0
21,2010-03-31,30.46,$3.18,9.57,$22.77,1.34,$6.07,5.02,0.0,0.0,$5.73B,$4.40B,1.3,$8.44B,$2.93B,2.88,$22.27B,$11.01B,49.42%,$22.27B,$3.21B,14.39%,$22.27B,$3.21B,14.39%,$22.27B,$5.76B,25.86%,$22.27B,$2.42B,10.88%,$22.27B,$1.30B,5.83%,$1.30B,$2.93B,35.82%,$1.30B,$-2.35B,-92.39%,$1.30B,$18.83B,7.31%,$3.21B,$11.37B,30.79%,$5608,$2797,$2811,$0,$1236,$4652,$956,$-31,$925,$350,$575,$575,$558,$1567,$956,$931,938,$0.60,$0.59,$3488,$222,$0,$5728,$6362,$1453,$5283,$0,$13098,$18826,$4400,$8438,$1572,$11495,$15895,$6589,$-3578,$-80,$2931,$18826,$575,$611,$-1,$610,$83,$-10,$0,$16,$253,$1504,$-473,$0,$0,$0,$3,$3,$-26,$-496,$416,$0,$416,$-466,$-466,$0,$-75,$-125,$883,$20,$0
22,2009-12-31,30.04,$3.12,9.63,$21.59,1.39,$5.42,5.55,0.0,0.0,$5.06B,$5.70B,0.89,$6.50B,$2.91B,2.23,$21.57B,$10.64B,49.32%,$21.57B,$2.67B,12.40%,$21.57B,$2.67B,12.40%,$21.57B,$5.27B,24.41%,$21.57B,$1.83B,8.50%,$21.57B,$0.94B,4.37%,$0.94B,$2.91B,23.42%,$0.94B,$-2.38B,-105.16%,$0.94B,$18.26B,5.48%,$2.67B,$9.41B,26.41%,$5981,$3146,$2835,$0,$1341,$5119,$862,$-627,$235,$242,$-7,$-7,$-32,$1484,$862,$985,992,$-0.02,$-0.02,$2605,$212,$0,$5055,$6476,$1434,$5295,$0,$13205,$18260,$5701,$6500,$1678,$9648,$15349,$6689,$-3722,$-56,$2911,$18260,$1007,$2592,$1013,$3605,$-141,$-12,$0,$139,$-229,$4431,$-2168,$0,$0,$0,$-37,$-37,$11,$-2194,$105,$0,$105,$-1661,$-1661,$0,$-81,$-1637,$600,$55,$0
23,2009-09-30,24.84,$4.27,5.81,$20.34,1.22,$4.64,5.35,0.0,0.0,$5.48B,$4.27B,1.28,$6.59B,$4.09B,1.61,$20.90B,$10.29B,49.23%,$20.90B,$2.39B,11.44%,$20.90B,$2.39B,11.44%,$20.90B,$4.98B,23.81%,$20.90B,$2.11B,10.09%,$20.90B,$1.31B,6.25%,$1.31B,$4.09B,29.33%,$1.31B,$-0.67B,-349.90%,$1.31B,$17.63B,7.80%,$2.39B,$10.69B,23.08%,$5465,$2764,$2701,$0,$1353,$4780,$685,$-82,$603,$219,$384,$384,$366,$1338,$685,$973,977,$0.38,$0.37,$3293,$234,$0,$5476,$6517,$871,$4763,$0,$12151,$17627,$4269,$6591,$1625,$9264,$13533,$7834,$-3665,$-75,$4094,$17627,$1014,$1970,$259,$2229,$30,$-34,$0,$28,$-150,$3198,$-1548,$0,$0,$0,$-30,$-30,$11,$-1567,$1244,$0,$1244,$-1580,$-1580,$0,$-7,$-343,$1288,$39,$0
24,2009-06-30,22.26,$4.59,4.85,$19.23,1.16,$4.08,5.46,0.0,0.0,$4.28B,$3.67B,1.17,$5.60B,$4.57B,1.23,$20.41B,$10.06B,49.28%,$20.41B,$2.36B,11.58%,$20.41B,$2.36B,11.58%,$20.41B,$4.87B,23.83%,$20.41B,$2.10B,10.28%,$20.41B,$1.30B,6.38%,$1.30B,$4.57B,26.53%,$1.30B,$-0.22B,13030.00%,$1.30B,$16.41B,7.79%,$2.36B,$10.17B,22.28%,$5218,$2559,$2659,$0,$1278,$4516,$702,$-42,$660,$242,$418,$418,$407,$1371,$702,$1006,1009,$0.40,$0.40,$2272,$222,$0,$4282,$6505,$836,$4788,$0,$12129,$16411,$3669,$5604,$1701,$8173,$11842,$8100,$-3408,$-123,$4569,$16411,$630,$1317,$114,$1431,$78,$-23,$0,$68,$-26,$2040,$-1033,$0,$0,$0,$-12,$-12,$10,$-1035,$-106,$0,$-106,$-637,$-637,$0,$5,$-738,$267,$25,$0
25,2009-03-31,20.53,$4.47,4.59,$18.25,1.13,$3.88,5.29,0.0,0.0,$4.04B,$3.56B,1.13,$5.70B,$4.52B,1.26,$20.00B,$9.88B,49.40%,$20.00B,$2.46B,12.31%,$20.00B,$2.46B,12.31%,$20.00B,$4.83B,24.13%,$20.00B,$2.19B,10.97%,$20.00B,$1.35B,6.75%,$1.35B,$4.52B,24.96%,$1.35B,$-0.31B,301.39%,$1.35B,$16.41B,7.91%,$2.46B,$10.21B,22.07%,$4901,$2461,$2440,$0,$1350,$4477,$424,$-88,$336,$124,$212,$212,$201,$1072,$424,$1018,1021,$0.20,$0.20,$2105,$198,$0,$4035,$6619,$923,$4829,$0,$12371,$16406,$3562,$5696,$1743,$8326,$11888,$8225,$-3578,$-129,$4518,$16406,$212,$648,$67,$715,$101,$0,$0,$61,$57,$996,$-539,$0,$0,$0,$-3,$-3,$0,$-542,$-46,$0,$-46,$-317,$-317,$0,$9,$-354,$100,$17,$0
26,2008-12-31,20.64,$4.52,4.56,$17.43,1.18,$3.91,5.28,0.0,0.0,$4.04B,$3.59B,1.13,$5.73B,$4.63B,1.24,$19.69B,$9.75B,49.48%,$19.69B,$2.70B,13.69%,$19.69B,$2.70B,13.69%,$19.69B,$4.91B,24.94%,$19.69B,$2.47B,12.55%,$19.69B,$1.52B,7.72%,$1.52B,$4.63B,25.54%,$1.52B,$-0.29B,167.28%,$1.52B,$16.54B,9.02%,$2.70B,$10.36B,24.27%,$5314,$2826,$2488,$0,$1264,$4735,$579,$-69,$510,$152,$358,$358,$332,$1195,$579,$1110,1114,$0.32,$0.32,$2005,$192,$0,$4044,$6647,$923,$4925,$0,$12495,$16539,$3585,$5725,$1749,$8323,$11908,$8318,$-3559,$-128,$4631,$16539,$1613,$2216,$132,$2348,$95,$18,$0,$-172,$-82,$3910,$-2229,$0,$0,$0,$-204,$-204,$45,$-2388,$2320,$0,$2320,$-2909,$-2909,$0,$-11,$-600,$922,$51,$0
27,2008-09-30,23.58,$5.45,4.32,$16.72,1.41,$3.19,7.39,0.0,0.0,$5.02B,$3.39B,1.48,$5.76B,$5.93B,0.97,$19.26B,$9.51B,49.40%,$19.26B,$2.73B,14.19%,$19.26B,$2.73B,14.19%,$19.26B,$4.79B,24.88%,$19.26B,$2.53B,13.16%,$19.26B,$1.54B,7.98%,$1.54B,$5.93B,24.12%,$1.54B,$0.86B,123.28%,$1.54B,$17.52B,9.32%,$2.73B,$11.68B,25.01%,$4981,$2508,$2473,$0,$1221,$4323,$658,$-65,$593,$195,$398,$398,$363,$1227,$658,$1106,1111,$0.33,$0.33,$2988,$247,$0,$5022,$6559,$873,$5061,$0,$12493,$17515,$3387,$5755,$1764,$8203,$11590,$9038,$-3072,$-41,$5925,$17515,$1249,$1600,$138,$1738,$137,$-37,$0,$117,$-195,$2821,$-1572,$0,$0,$0,$-203,$-203,$37,$-1738,$2363,$0,$2363,$-1690,$-1690,$0,$149,$822,$1905,$37,$0
28,2008-06-30,23.34,$5.85,3.99,$15.87,1.47,$2.56,9.11,0.0,0.0,$5.71B,$3.26B,1.75,$5.78B,$6.58B,0.88,$18.60B,$9.14B,49.12%,$18.60B,$2.64B,14.20%,$18.60B,$2.64B,14.20%,$18.60B,$4.53B,24.35%,$18.60B,$2.48B,13.33%,$18.60B,$1.49B,8.03%,$1.49B,$6.58B,23.03%,$1.49B,$1.53B,116.78%,$1.49B,$17.83B,9.41%,$2.64B,$12.36B,25.30%,$4807,$2326,$2481,$0,$1123,$4006,$801,$-46,$755,$287,$468,$468,$455,$1333,$801,$1140,1146,$0.40,$0.40,$3837,$202,$0,$5706,$6201,$883,$5044,$0,$12128,$17834,$3256,$5784,$1500,$8000,$11256,$9329,$-2718,$-33,$6578,$17834,$851,$1031,$147,$1178,$185,$-9,$0,$68,$-109,$1953,$-1036,$0,$0,$0,$-104,$-104,$36,$-1104,$2410,$0,$2410,$-654,$-654,$0,$149,$1905,$2754,$23,$0
29,2008-03-31,22.33,$5.84,3.83,$15.06,1.48,$2.18,10.25,0.0,0.0,$3.41B,$3.40B,1.0,$3.33B,$6.68B,0.5,$17.93B,$8.73B,48.71%,$17.93B,$2.58B,14.39%,$17.93B,$2.58B,14.39%,$17.93B,$4.31B,24.04%,$17.93B,$2.45B,13.66%,$17.93B,$1.49B,8.29%,$1.49B,$6.68B,22.70%,$1.49B,$1.53B,119.62%,$1.49B,$15.58B,9.78%,$2.58B,$10.02B,26.06%,$4591,$2288,$2303,$0,$1122,$3934,$657,$-44,$613,$230,$383,$383,$371,$1156,$657,$1148,1152,$0.32,$0.32,$1626,$155,$0,$3413,$6183,$838,$5150,$0,$12171,$15584,$3401,$3332,$1533,$5500,$8901,$9451,$-2738,$-30,$6683,$15584,$383,$499,$58,$557,$183,$38,$0,$50,$155,$1110,$-566,$0,$0,$0,$-13,$-13,$14,$-565,$-45,$0,$-45,$-125,$-125,$0,$168,$-2,$543,$0,$0
30,2007-12-31,20.83,$5.49,3.79,$14.24,1.46,$1.96,10.64,0.0,0.0,$3.15B,$3.43B,0.92,$3.35B,$6.30B,0.53,$17.25B,$8.34B,48.34%,$17.25B,$2.49B,14.41%,$17.25B,$2.49B,14.41%,$17.25B,$4.07B,23.61%,$17.25B,$2.39B,13.85%,$17.25B,$1.45B,8.41%,$1.45B,$6.30B,21.94%,$1.45B,$1.06B,119.28%,$1.45B,$15.06B,9.60%,$2.49B,$9.65B,24.90%,$4876,$2621,$2255,$0,$1152,$4259,$617,$-45,$572,$220,$352,$359,$348,$1074,$617,$1195,1202,$0.30,$0.30,$1083,$193,$0,$3146,$5833,$838,$5246,$0,$11917,$15063,$3434,$3347,$1402,$5327,$8761,$9318,$-2995,$-21,$6302,$15063,$1462,$1586,$471,$2057,$-166,$-45,$0,$97,$141,$3645,$-2692,$0,$0,$160,$-348,$-188,$58,$-2822,$-341,$2,$-339,$-1907,$-1907,$0,$7,$-2239,$-1416,$49,$0
31,2007-09-30,21.87,$5.46,4.0,$13.47,1.62,$2.10,10.42,0.0,0.0,$3.20B,$3.28B,0.97,$3.36B,$6.37B,0.53,$16.55B,$8.00B,48.32%,$16.55B,$2.46B,14.89%,$16.55B,$2.46B,14.89%,$16.55B,$3.87B,23.39%,$16.55B,$2.39B,14.45%,$16.55B,$1.46B,8.81%,$1.46B,$6.37B,21.75%,$1.46B,$0.99B,112.99%,$1.46B,$14.98B,9.64%,$2.46B,$9.73B,24.42%,$4327,$2229,$2098,$0,$1094,$3761,$566,$-26,$540,$220,$320,$319,$319,$966,$566,$1182,1190,$0.27,$0.27,$1201,$204,$0,$3195,$5590,$815,$5377,$0,$11782,$14977,$3281,$3362,$1348,$5328,$8609,$9420,$-3017,$-35,$6368,$14977,$1103,$1129,$372,$1501,$-38,$-56,$0,$104,$8,$2644,$-2052,$0,$0,$160,$-339,$-179,$48,$-2183,$-315,$2,$-313,$-1462,$-1462,$0,$6,$-1769,$-1308,$0,$0
32,2007-06-30,20.82,$5.69,3.66,$12.82,1.62,$2.32,8.96,0.0,0.0,$3.70B,$3.09B,1.2,$3.38B,$6.83B,0.49,$15.89B,$7.68B,48.33%,$15.89B,$2.53B,15.90%,$15.89B,$2.53B,15.90%,$15.89B,$3.80B,23.92%,$15.89B,$2.46B,15.46%,$15.89B,$1.51B,9.50%,$1.51B,$6.83B,22.64%,$1.51B,$1.39B,121.92%,$1.51B,$15.17B,10.10%,$2.53B,$10.21B,25.12%,$4135,$2057,$2078,$0,$945,$3395,$740,$-16,$724,$287,$437,$431,$448,$1114,$740,$1217,1224,$0.37,$0.37,$1987,$200,$0,$3695,$5223,$803,$5444,$0,$11470,$15165,$3093,$3377,$1406,$5239,$8332,$9680,$-2811,$-36,$6833,$15165,$784,$729,$180,$909,$197,$-52,$0,$141,$141,$1856,$-1346,$0,$0,$121,$-332,$-211,$35,$-1522,$-278,$2,$-276,$-625,$-625,$0,$6,$-895,$-561,$0,$0
33,2007-03-31,20.78,$5.67,3.66,$12.23,1.7,$2.35,8.83,0.0,0.0,$4.05B,$3.11B,1.31,$3.39B,$6.95B,0.49,$15.28B,$7.40B,48.41%,$15.28B,$2.53B,16.55%,$15.28B,$2.53B,16.55%,$15.28B,$3.66B,23.98%,$15.28B,$2.45B,16.03%,$15.28B,$1.52B,9.96%,$1.52B,$6.95B,23.54%,$1.52B,$1.43B,126.70%,$1.52B,$15.26B,10.51%,$2.53B,$10.34B,25.64%,$3908,$2002,$1906,$0,$976,$3345,$563,$-11,$552,$216,$336,$336,$336,$918,$563,$1228,1235,$0.27,$0.27,$2378,$177,$0,$4054,$4861,$826,$5522,$0,$11209,$15263,$3107,$3392,$1403,$5205,$8311,$9855,$-2862,$-42,$6952,$15263,$336,$355,$125,$480,$200,$-29,$0,$75,$174,$999,$-690,$0,$0,$52,$-330,$-278,$13,$-955,$-243,$0,$-243,$-46,$-46,$0,$6,$-283,$-239,$0,$0
34,2006-12-31,22.47,$5.45,4.12,$11.57,1.94,$2.23,10.08,0.0,0.0,$4.56B,$3.32B,1.37,$3.40B,$6.68B,0.51,$14.76B,$7.16B,48.51%,$14.76B,$2.36B,15.97%,$14.76B,$2.36B,15.97%,$14.76B,$3.35B,22.70%,$14.76B,$2.30B,15.58%,$14.76B,$1.42B,9.62%,$1.42B,$6.68B,22.45%,$1.42B,$1.36B,115.45%,$1.42B,$15.14B,10.05%,$2.36B,$10.08B,24.24%,$4183,$2268,$1916,$0,$1001,$3589,$595,$-19,$576,$220,$356,$356,$356,$874,$595,$1262,1270,$0.30,$0.29,$2669,$148,$0,$4556,$4453,$806,$5326,$0,$10585,$15141,$3322,$3395,$1366,$5138,$8460,$9836,$-3107,$-48,$6681,$15141,$1420,$993,$647,$1640,$-283,$139,$0,$65,$79,$3162,$-1976,$0,$0,$512,$-207,$305,$135,$-1536,$-108,$-2,$-110,$-2720,$-2720,$0,$2,$-2828,$-1202,$0,$0
