,Date,Stock Price,Book Value per Share,Price to Book Ratio,TTM Sales per Share,Price to Sales Ratio,TTM FCF per Share,Price to FCF Ratio,TTM Net EPS,PE Ratio,Current Assets,Current Liabilities,Current Ratio,Long Term Debt,Shareholder's Equity_x,Debt to Equity Ratio,TTM Revenue_x,TTM Gross Profit,Gross Margin,TTM Revenue_y,TTM Operating Income,Operating Margin,TTM Revenue_x,TTM EBIT,EBIT Margin,TTM Revenue_y,TTM EBITDA,EBITDA Margin,TTM Revenue_x,TTM Pre-Tax Income,Pre-Tax Margin,TTM Revenue_y,TTM Net Income_x,Net Margin,TTM Net Income_y,Shareholder's Equity_y,Return on Equity,TTM Net Income_x,Tangible Equity,Return on Tangible Equity,TTM Net Income_y,Total Assets,Return on Assets,TTM Net Income,LT Investments & Debt,Return on Investment,revenue,cost-goods-sold,gross-profit,research-development-expenses,selling-general-administrative-expenses,operating-expenses,operating-income,total-non-operating-income-expense,pre-tax-income,total-provision-income-taxes,income-after-taxes,income-from-continuous-operations,net-income,ebitda,ebit,basic-shares-outstanding,shares-outstanding,eps-basic-net-earnings-per-share,eps-earnings-per-share-diluted,cash-on-hand,inventory,other-current-assets,total-current-assets,net-property-plant-equipment,long-term-investments,goodwill-intangible-assets-total,other-long-term-assets,total-long-term-assets,total-assets,total-current-liabilities,long-term-debt,other-non-current-liabilities,total-long-term-liabilities,total-liabilities,common-stock-net,retained-earnings-accumulated-deficit,comprehensive-income,total-share-holder-equity,total-liabilities-share-holders-equity,net-income-loss,total-depreciation-amortization-cash-flow,other-non-cash-items,total-non-cash-items,change-in-accounts-receivable,change-in-inventories,change-in-accounts-payable,change-in-assets-liabilities,total-change-in-assets-liabilities,cash-flow-from-operating-activities,net-change-in-property-plant-equipment,net-change-in-intangible-assets,net-acquisitions-divestitures,net-change-in-short-term-investments,net-change-in-long-term-investments,net-change-in-investments-total,investing-activities-other,cash-flow-from-investing-activities,net-long-term-debt,net-current-debt,debt-issuance-retirement-net-total,net-common-equity-issued-repurchased,net-total-equity-issued-repurchased,total-common-preferred-stock-dividends-paid,financial-activities-other,cash-flow-from-financial-activities,net-cash-flow,stock-based-compensation,common-stock-dividends-paid
0,2018-09-30,80.02,$60.33,1.33,$34.33,2.33,$-6.06,0.0,$4.10,19.52,$9.52B,$13.92B,0.68,$50.51B,$43.01B,1.17,$24.21B,$16.84B,69.56%,$24.21B,$5.18B,21.40%,$24.21B,$5.18B,21.40%,$24.21B,$9.68B,40.00%,$24.21B,$3.51B,14.48%,$24.21B,$2.91B,12.00%,$2.91B,$43.01B,6.87%,$2.91B,$23.71B,12.69%,$2.91B,$143.17B,2.08%,$5.18B,$93.52B,5.64%,$6628,$1989,$4639,$0,$1907,$5049,$1579,$-349,$1230,$168,$1062,$1062,$1082,$2776,$1579,$713,714,$1.51,$1.51,$303,$3140,$2998,$9520,$89865,$1328,$19303,$3112,$133645,$143165,$13922,$50507,$26418,$86230,$100152,$1,$3313,$-66,$43013,$143165,$2190,$3447,$1124,$4571,$-288,$104,$389,$-1421,$-1094,$5667,$-6752,$0,$0,$0,$-343,$-343,$-175,$-7270,$1832,$674,$2506,$834,$834,$-1835,$42,$1547,$-56,$0,$-1835
1,2018-06-30,78.19,$59.71,1.31,$34.31,2.28,$-5.78,0.0,$3.95,19.8,$8.48B,$12.79B,0.66,$49.86B,$42.52B,1.17,$24.06B,$16.75B,69.62%,$24.06B,$5.26B,21.87%,$24.06B,$5.26B,21.87%,$24.06B,$9.60B,39.92%,$24.06B,$3.60B,14.95%,$24.06B,$2.78B,11.54%,$2.78B,$42.52B,6.62%,$2.78B,$23.12B,12.33%,$2.78B,$140.26B,2.01%,$5.26B,$92.38B,5.77%,$5643,$1663,$3980,$0,$1859,$4664,$979,$-372,$607,$100,$507,$507,$500,$2140,$979,$703,704,$0.71,$0.71,$304,$3177,$2178,$8476,$88495,$1168,$19396,$3087,$131783,$140259,$12791,$49863,$26565,$84953,$97744,$1,$2894,$-70,$42515,$140259,$1124,$2250,$341,$2591,$-27,$70,$-142,$-256,$-413,$3302,$-4375,$0,$0,$0,$-182,$-182,$-88,$-4645,$537,$1131,$1668,$820,$820,$-1199,$-24,$1265,$-78,$0,$-1199
2,2018-03-31,75.69,$59.63,1.27,$34.23,2.21,$-5.87,0.0,$4.22,17.94,$8.28B,$13.00B,0.64,$49.03B,$41.80B,1.17,$23.97B,$16.71B,69.70%,$23.97B,$5.64B,23.51%,$23.97B,$5.64B,23.51%,$23.97B,$9.78B,40.80%,$23.97B,$4.01B,16.72%,$23.97B,$2.96B,12.36%,$2.96B,$41.80B,7.12%,$2.96B,$22.40B,13.34%,$2.96B,$138.54B,2.16%,$5.64B,$90.83B,6.27%,$6135,$1989,$4146,$0,$1780,$4879,$1256,$-453,$803,$181,$622,$622,$620,$2345,$1256,$701,701,$0.88,$0.88,$421,$3149,$1966,$8279,$87373,$1189,$19396,$3062,$130262,$138541,$12998,$49030,$26305,$83745,$96743,$1,$3021,$-69,$41798,$138541,$622,$1089,$153,$1242,$64,$101,$-327,$-204,$-473,$1391,$-2087,$0,$0,$0,$-102,$-102,$-75,$-2264,$753,$791,$1544,$21,$21,$-599,$-19,$947,$74,$0,$-599
3,2017-12-31,81.23,$59.62,1.36,$33.66,2.41,$-6.18,0.0,$4.36,18.63,$8.45B,$12.48B,0.68,$49.04B,$41.74B,1.18,$23.57B,$16.58B,70.37%,$23.57B,$5.78B,24.53%,$23.57B,$5.78B,24.53%,$23.57B,$9.83B,41.70%,$23.57B,$4.27B,18.10%,$23.57B,$3.06B,12.98%,$3.06B,$41.74B,7.38%,$3.06B,$22.34B,13.87%,$3.06B,$137.91B,2.25%,$5.78B,$90.77B,6.48%,$5799,$1727,$4072,$0,$1712,$4434,$1365,$-499,$866,$161,$705,$705,$703,$2421,$1365,$700,700,$1.00,$1.00,$358,$3250,$2071,$8453,$86391,$1175,$19396,$2960,$129461,$137914,$12482,$49035,$26397,$83695,$96177,$1,$3013,$-67,$41737,$137914,$3064,$4046,$744,$4790,$-83,$268,$-204,$-1350,$-1220,$6634,$-8052,$0,$-13,$0,$-387,$-387,$2,$-8450,$4593,$-362,$4231,$0,$0,$-2450,$1,$1782,$-34,$0,$-2450
4,2017-09-30,80.25,$59.49,1.35,$33.45,2.4,$-5.72,0.0,$3.03,26.48,$7.71B,$10.82B,0.71,$48.93B,$41.64B,1.18,$23.34B,$16.40B,70.27%,$23.34B,$5.30B,22.72%,$23.34B,$5.30B,22.72%,$23.34B,$9.33B,39.96%,$23.34B,$3.91B,16.76%,$23.34B,$2.13B,9.12%,$2.13B,$41.64B,5.16%,$2.13B,$22.22B,9.74%,$2.13B,$136.33B,1.58%,$5.30B,$90.57B,6.01%,$6482,$1931,$4551,$0,$1789,$4821,$1661,$-340,$1321,$364,$957,$957,$954,$2698,$1661,$700,700,$1.36,$1.36,$282,$3265,$1542,$7706,$84862,$1366,$19418,$2792,$128619,$136325,$10820,$48929,$18237,$83863,$94683,$1,$2936,$-80,$41642,$136325,$2361,$2990,$519,$3509,$80,$248,$-554,$-899,$-892,$4978,$-5841,$0,$0,$0,$-341,$-341,$-149,$-6331,$3675,$-619,$3056,$0,$0,$-1825,$8,$1239,$-114,$0,$-1825
5,2017-06-30,79.12,$58.99,1.34,$33.71,2.35,$-3.97,0.0,$3.37,23.48,$7.67B,$12.47B,0.62,$46.04B,$41.29B,1.12,$23.44B,$16.39B,69.93%,$23.44B,$5.60B,23.88%,$23.44B,$5.60B,23.88%,$23.44B,$9.56B,40.80%,$23.44B,$4.11B,17.52%,$23.44B,$2.35B,10.03%,$2.35B,$41.29B,5.73%,$2.35B,$21.87B,10.51%,$2.35B,$135.00B,1.77%,$5.60B,$87.34B,6.46%,$5555,$1617,$3938,$0,$1748,$4202,$1353,$-335,$1018,$327,$691,$691,$686,$2315,$1353,$700,700,$0.98,$0.98,$298,$3369,$1628,$7673,$84404,$1267,$19425,$2826,$127331,$135004,$12466,$46043,$18864,$81244,$93710,$1,$2607,$-82,$41294,$135004,$1406,$1953,$209,$2162,$293,$153,$-505,$-750,$-768,$2800,$-3931,$0,$0,$0,$-260,$-260,$-153,$-4344,$1725,$981,$2706,$0,$0,$-1200,$-32,$1474,$-70,$0,$-1200
6,2017-03-31,76.83,$58.84,1.31,$33.33,2.31,$-2.60,0.0,$3.13,24.55,$8.01B,$10.94B,0.73,$47.02B,$41.19B,1.14,$23.10B,$16.14B,69.86%,$23.10B,$5.50B,23.83%,$23.10B,$5.50B,23.83%,$23.10B,$9.44B,40.89%,$23.10B,$3.97B,17.17%,$23.10B,$2.17B,9.41%,$2.17B,$41.19B,5.34%,$2.17B,$21.76B,9.54%,$2.17B,$134.11B,1.67%,$5.50B,$88.21B,6.49%,$5729,$1707,$4022,$0,$1772,$4327,$1402,$-341,$1061,$344,$717,$717,$716,$2393,$1402,$700,700,$1.02,$1.02,$878,$3366,$1456,$8005,$83516,$1122,$19425,$2754,$126103,$134108,$10941,$47021,$18865,$81981,$92922,$1,$2521,$-85,$41186,$134108,$717,$991,$112,$1103,$343,$155,$-463,$-581,$-574,$1246,$-2160,$0,$0,$0,$-156,$-156,$-45,$-2361,$1155,$1063,$2218,$0,$0,$-600,$-22,$1596,$481,$0,$-600
7,2016-12-31,71.91,$58.63,1.23,$32.95,2.18,$-1.24,0.0,$3.12,23.05,$8.04B,$11.55B,0.7,$45.58B,$41.04B,1.11,$22.74B,$15.85B,69.70%,$22.74B,$5.34B,23.48%,$22.74B,$5.34B,23.48%,$22.74B,$9.22B,40.54%,$22.74B,$3.73B,16.42%,$22.74B,$2.15B,9.46%,$2.15B,$41.04B,5.33%,$2.15B,$21.62B,9.26%,$2.15B,$132.76B,1.70%,$5.34B,$86.62B,6.49%,$5577,$1686,$3891,$0,$2113,$4689,$888,$-376,$512,$136,$376,$376,$-227,$1921,$888,$691,691,$-0.34,$-0.34,$392,$3522,$1481,$8039,$82520,$0,$19425,$3694,$124722,$132761,$11551,$45576,$18834,$80169,$91720,$1,$2384,$-93,$41041,$132761,$2170,$3880,$662,$4542,$-372,$272,$296,$-327,$105,$6817,$-7901,$0,$-4778,$0,$1194,$1194,$-48,$-11533,$7315,$-1447,$5868,$731,$731,$-2332,$-16,$4251,$9,$0,$-2332
8,2016-09-30,73.31,$58.85,1.25,$30.98,2.37,$0.23,312.48,$4.14,17.71,$13.53B,$12.08B,1.12,$43.96B,$40.55B,1.08,$21.40B,$14.92B,69.70%,$21.40B,$5.14B,24.02%,$21.40B,$5.14B,24.02%,$21.40B,$8.92B,41.69%,$21.40B,$3.69B,17.26%,$21.40B,$2.86B,13.35%,$2.86B,$40.55B,7.13%,$2.86B,$24.19B,12.02%,$2.86B,$129.69B,2.31%,$5.14B,$84.51B,6.44%,$6576,$2037,$4539,$0,$1762,$4622,$1954,$-438,$1516,$515,$1001,$1001,$1176,$2933,$1954,$689,691,$1.70,$1.70,$6179,$3351,$1282,$13534,$78216,$604,$16354,$2948,$116152,$129686,$12076,$43964,$18383,$77064,$89140,$1,$3212,$-721,$40546,$129686,$2392,$2847,$295,$3142,$-276,$455,$-207,$105,$77,$5611,$-5252,$0,$0,$0,$-139,$-139,$-164,$-5555,$7659,$-640,$7019,$0,$0,$-1731,$-22,$5266,$5333,$0,$-1731
9,2016-06-30,77.78,$57.98,1.34,$30.88,2.52,$0.81,95.91,$3.79,20.52,$8.10B,$9.91B,0.82,$39.93B,$39.95B,1.0,$21.31B,$14.67B,68.83%,$21.31B,$4.88B,22.88%,$21.31B,$4.88B,22.88%,$21.31B,$8.57B,40.23%,$21.31B,$3.54B,16.60%,$21.31B,$2.61B,12.26%,$2.61B,$39.95B,6.55%,$2.61B,$23.59B,11.06%,$2.61B,$122.65B,2.15%,$4.88B,$79.88B,6.25%,$5213,$1530,$3683,$0,$1641,$3954,$1259,$-382,$877,$253,$624,$624,$509,$2196,$1259,$689,690,$0.74,$0.74,$676,$3627,$1276,$8097,$77329,$613,$16357,$2972,$114557,$122654,$9906,$39931,$18295,$72800,$82706,$1,$2627,$-717,$39948,$122654,$1211,$1868,$100,$1968,$-38,$178,$-153,$-157,$46,$3225,$-3393,$0,$0,$0,$-110,$-110,$-105,$-3608,$2719,$-1341,$1378,$7,$7,$-1140,$-43,$202,$-102,$0,$-1140
10,2016-03-31,72.37,$57.97,1.25,$31.40,2.3,$0.79,91.61,$3.83,18.9,$7.94B,$10.89B,0.73,$38.23B,$39.94B,0.96,$21.68B,$14.71B,67.82%,$21.68B,$4.86B,22.42%,$21.68B,$4.86B,22.42%,$21.68B,$8.52B,39.31%,$21.68B,$3.60B,16.60%,$21.68B,$2.65B,12.20%,$2.65B,$39.94B,6.65%,$2.65B,$23.59B,11.24%,$2.65B,$121.71B,2.19%,$4.86B,$78.17B,6.30%,$5377,$1637,$3740,$0,$1711,$4137,$1240,$-411,$829,$252,$577,$577,$694,$2171,$1240,$689,689,$1.01,$1.01,$778,$3721,$1121,$7943,$76432,$547,$16349,$3036,$113766,$121709,$10891,$38232,$18250,$70877,$81768,$1,$2688,$-766,$39941,$121709,$699,$931,$17,$948,$139,$89,$-210,$-23,$35,$1682,$-1645,$0,$0,$0,$-44,$-44,$-69,$-1758,$751,$-158,$593,$7,$7,$-570,$-33,$-3,$-49,$0,$-570
11,2015-12-31,63.37,$57.81,1.1,$32.17,1.97,$0.76,83.65,$4.04,15.68,$8.32B,$11.40B,0.73,$36.84B,$39.77B,0.93,$22.37B,$14.88B,66.49%,$22.37B,$5.08B,22.70%,$22.37B,$5.08B,22.70%,$22.37B,$8.69B,38.85%,$22.37B,$3.91B,17.48%,$22.37B,$2.82B,12.59%,$2.82B,$39.77B,7.02%,$2.82B,$23.70B,11.82%,$2.82B,$121.16B,2.33%,$5.08B,$76.61B,6.58%,$4234,$1280,$2954,$0,$1558,$3546,$688,$-216,$472,$138,$334,$334,$477,$1621,$688,$694,694,$0.70,$0.70,$383,$3746,$1930,$8322,$73779,$499,$16072,$5243,$112834,$121156,$11400,$36842,$19035,$69985,$81385,$1,$2564,$-806,$39771,$121156,$2831,$3613,$539,$4152,$383,$-237,$-6,$-385,$-283,$6700,$-6766,$0,$-1334,$0,$2708,$2708,$115,$-5277,$-74,$1245,$1171,$-1483,$-1483,$-2254,$-36,$-2602,$-80,$0,$-2254
12,2015-09-30,63.08,$57.95,1.09,$31.93,1.98,$2.55,24.71,$3.49,18.08,$10.20B,$10.52B,0.97,$37.67B,$39.87B,0.95,$22.28B,$14.68B,65.88%,$22.28B,$4.96B,22.27%,$22.28B,$4.96B,22.27%,$22.28B,$8.51B,38.19%,$22.28B,$3.75B,16.84%,$22.28B,$2.44B,10.93%,$2.44B,$39.87B,6.03%,$2.44B,$23.56B,10.13%,$2.44B,$121.03B,2.02%,$4.96B,$77.54B,6.40%,$6483,$2195,$4288,$0,$1719,$4795,$1688,$-328,$1360,$420,$940,$940,$932,$2584,$1688,$688,688,$1.35,$1.35,$1370,$3537,$2529,$10195,$73776,$3706,$16312,$188,$110838,$121033,$10516,$37667,$17437,$70649,$81165,$1,$2656,$-778,$39868,$121033,$2349,$2680,$731,$3411,$67,$-13,$-182,$-277,$-364,$5396,$-4642,$0,$-1317,$0,$2727,$2727,$-59,$-3291,$516,$-113,$403,$-1484,$-1484,$-1685,$-5,$-2771,$-666,$0,$-1685
13,2015-06-30,61.26,$57.58,1.06,$31.55,1.94,$3.45,17.73,$3.94,15.55,$9.60B,$9.65B,1.0,$36.80B,$39.62B,0.93,$22.19B,$14.48B,65.24%,$22.19B,$4.89B,22.05%,$22.19B,$4.89B,22.05%,$22.19B,$8.44B,38.01%,$22.19B,$3.74B,16.87%,$22.19B,$2.78B,12.52%,$2.78B,$39.62B,6.81%,$2.78B,$23.29B,11.37%,$2.78B,$118.58B,2.31%,$4.89B,$76.41B,6.26%,$5589,$1865,$3724,$0,$1701,$4343,$1246,$-308,$938,$334,$604,$604,$543,$2147,$1246,$692,692,$0.78,$0.78,$960,$3469,$2473,$9598,$71759,$375,$16328,$3239,$108977,$118575,$9646,$36795,$17281,$69312,$78958,$1,$2294,$-648,$39617,$118575,$1414,$1784,$368,$2152,$105,$2,$-288,$-477,$-687,$2879,$-3062,$0,$-29,$0,$2747,$2747,$50,$-294,$-672,$-365,$-1037,$-1484,$-1484,$-1115,$-25,$-3661,$-1076,$0,$-1115
14,2015-03-31,65.9,$58.03,1.14,$31.55,2.09,$3.97,16.58,$4.02,16.39,$12.32B,$11.90B,1.04,$37.17B,$41.09B,0.91,$22.31B,$14.49B,64.95%,$22.31B,$4.94B,22.12%,$22.31B,$4.94B,22.12%,$22.31B,$8.44B,37.84%,$22.31B,$3.81B,17.09%,$22.31B,$2.84B,12.75%,$2.84B,$41.09B,6.92%,$2.84B,$24.76B,11.49%,$2.84B,$122.14B,2.38%,$4.94B,$78.26B,6.25%,$6065,$2156,$3909,$0,$1690,$4609,$1456,$-316,$1140,$364,$776,$776,$864,$2339,$1456,$708,708,$1.22,$1.22,$2821,$3413,$3322,$12322,$70301,$343,$16329,$5810,$109820,$122142,$11903,$37173,$16471,$69152,$81055,$1,$2309,$-672,$41087,$122142,$867,$883,$200,$1083,$-41,$57,$-201,$-262,$-510,$1440,$-1425,$0,$-29,$0,$35,$35,$-37,$-1456,$94,$1271,$1365,$15,$15,$-564,$-15,$801,$785,$0,$-564
15,2014-12-31,71.01,$57.85,1.23,$31.85,2.23,$4.15,17.1,$2.66,26.69,$11.58B,$11.23B,1.03,$37.06B,$40.90B,0.91,$22.51B,$14.59B,64.83%,$22.51B,$4.84B,21.51%,$22.51B,$4.84B,21.51%,$22.51B,$8.35B,37.09%,$22.51B,$3.76B,16.72%,$22.51B,$1.88B,8.37%,$1.88B,$40.90B,4.59%,$1.88B,$24.58B,7.63%,$1.88B,$120.56B,1.61%,$4.84B,$77.96B,6.10%,$4143,$1386,$2757,$0,$1520,$3571,$572,$-257,$315,$144,$171,$171,$97,$1438,$572,$707,707,$0.14,$0.14,$2036,$3459,$3316,$11575,$70046,$358,$16321,$5650,$108982,$120557,$11233,$37061,$16369,$68425,$79658,$1,$2012,$-543,$40899,$120557,$1889,$3507,$1791,$5298,$58,$-269,$-30,$-346,$-601,$6586,$-5384,$0,$-54,$0,$112,$112,$-47,$-5373,$-123,$1688,$1565,$25,$25,$-2234,$-34,$-678,$-13,$0,$-2234
16,2014-09-30,62.93,$58.63,1.07,$32.73,1.92,$3.67,17.17,$3.49,18.03,$11.58B,$8.25B,1.4,$38.70B,$41.45B,0.93,$23.13B,$15.32B,66.22%,$23.13B,$5.43B,23.47%,$23.13B,$5.43B,23.47%,$23.13B,$8.93B,38.62%,$23.13B,$4.40B,19.02%,$23.13B,$2.47B,10.70%,$2.47B,$41.45B,6.01%,$2.47B,$25.12B,9.98%,$2.47B,$119.66B,2.14%,$5.43B,$80.16B,6.80%,$6395,$2307,$4088,$0,$1684,$4776,$1619,$-268,$1351,$460,$891,$891,$1274,$2512,$1619,$707,707,$1.80,$1.80,$1931,$3200,$3521,$11575,$69595,$350,$16331,$6005,$108081,$119656,$8251,$38702,$16599,$69952,$78203,$1,$2479,$-456,$41453,$119656,$1789,$2641,$1216,$3857,$-24,$-17,$-303,$-135,$-479,$5167,$-3755,$0,$-16,$0,$128,$128,$-91,$-3734,$-286,$941,$655,$24,$24,$-1670,$-12,$-1003,$430,$0,$-1670
17,2014-06-30,61.75,$57.82,1.07,$32.50,1.9,$3.28,18.84,$3.11,19.85,$11.52B,$8.71B,1.32,$38.71B,$40.88B,0.95,$22.95B,$15.28B,66.59%,$22.95B,$5.47B,23.83%,$22.95B,$5.47B,23.83%,$22.95B,$8.90B,38.79%,$22.95B,$4.42B,19.25%,$22.95B,$2.20B,9.60%,$2.20B,$40.88B,5.37%,$2.20B,$24.54B,8.94%,$2.20B,$115.17B,1.92%,$5.47B,$79.59B,6.89%,$5708,$1972,$3736,$0,$1707,$4419,$1289,$-281,$1008,$282,$726,$726,$609,$2153,$1289,$707,707,$0.86,$0.86,$2008,$3056,$3456,$11515,$66908,$381,$16343,$5422,$103658,$115173,$8708,$38706,$13166,$65584,$74292,$1,$1768,$-355,$40881,$115173,$520,$1748,$1264,$3012,$-118,$122,$-218,$-699,$-913,$2619,$-2438,$0,$-16,$0,$139,$139,$-52,$-2367,$331,$1024,$1355,$23,$23,$-1107,$-16,$255,$507,$0,$-1107
18,2014-03-31,58.63,$57.69,1.02,$32.75,1.79,$3.20,18.31,$2.73,21.48,$10.57B,$7.49B,1.41,$39.00B,$40.79B,0.96,$23.12B,$15.26B,65.99%,$23.12B,$5.00B,21.63%,$23.12B,$5.00B,21.63%,$23.12B,$8.35B,36.12%,$23.12B,$3.92B,16.95%,$23.12B,$1.93B,8.36%,$1.93B,$40.79B,4.73%,$1.93B,$24.45B,7.93%,$1.93B,$113.79B,1.69%,$5.00B,$79.79B,6.34%,$6263,$2252,$4011,$0,$1799,$4901,$1362,$-273,$1089,$339,$750,$750,$-97,$2246,$1362,$706,706,$-0.14,$-0.14,$1537,$2908,$3324,$10565,$66355,$386,$16342,$5592,$103227,$113792,$7492,$39000,$12951,$65511,$73003,$1,$1713,$-377,$40789,$113792,$-93,$884,$1167,$2051,$29,$272,$-97,$-614,$-585,$1373,$-1232,$0,$0,$0,$5,$5,$-59,$-1286,$-412,$898,$486,$19,$19,$-553,$-9,$-57,$30,$0,$-553
19,2013-12-31,56.19,$58.65,0.96,$32.24,1.74,$2.60,21.65,$3.76,14.95,$10.52B,$8.64B,1.22,$38.15B,$41.41B,0.92,$22.76B,$14.88B,65.41%,$22.76B,$4.85B,21.33%,$22.76B,$4.85B,21.33%,$22.76B,$8.08B,35.52%,$22.76B,$3.80B,16.68%,$22.76B,$2.67B,11.71%,$2.67B,$41.41B,6.50%,$2.67B,$25.07B,10.94%,$2.67B,$114.78B,2.33%,$4.85B,$79.56B,6.20%,$4762,$1282,$3480,$0,$1635,$3604,$1158,$-206,$952,$287,$665,$665,$688,$2022,$1158,$706,706,$0.98,$0.97,$1545,$3250,$2716,$10516,$69490,$390,$16340,$3539,$104263,$114779,$8644,$38152,$12714,$64727,$73371,$1,$2363,$-399,$41408,$114779,$2676,$3229,$1385,$4614,$-281,$-31,$73,$-746,$-908,$6382,$-5526,$0,$0,$0,$369,$369,$179,$-4978,$840,$93,$933,$9,$-87,$-2188,$15,$-1327,$77,$0,$-2188
20,2013-09-30,53.79,$58.41,0.92,$32.43,1.66,$0.94,57.45,$3.41,15.77,$10.42B,$9.24B,1.13,$37.40B,$41.24B,0.91,$21.98B,$14.30B,65.06%,$21.98B,$4.25B,19.33%,$21.98B,$4.25B,19.33%,$21.98B,$7.40B,33.67%,$21.98B,$3.17B,14.43%,$21.98B,$2.41B,10.98%,$2.41B,$41.24B,5.90%,$2.41B,$24.54B,9.95%,$2.41B,$114.59B,2.11%,$4.25B,$78.64B,5.47%,$6217,$2161,$4056,$0,$1721,$4557,$1660,$-291,$1369,$423,$946,$946,$1004,$2481,$1660,$706,706,$1.42,$1.42,$2284,$3100,$2191,$10418,$69284,$511,$16696,$2413,$104172,$114590,$9239,$37402,$13034,$64114,$73353,$1,$2227,$-380,$41237,$114590,$1984,$2365,$1464,$3829,$-154,$119,$-412,$-621,$-823,$4990,$-3854,$0,$0,$0,$102,$102,$186,$-3566,$487,$537,$1024,$8,$-88,$-1636,$18,$-682,$742,$0,$-1636
21,2013-06-30,53.76,$56.94,0.94,$33.24,1.62,$-0.49,0.0,$2.84,18.93,$9.88B,$10.02B,0.99,$37.36B,$40.20B,0.93,$22.48B,$14.22B,63.25%,$22.48B,$3.67B,16.31%,$22.48B,$3.67B,16.31%,$22.48B,$6.79B,30.18%,$22.48B,$2.65B,11.76%,$22.48B,$2.00B,8.90%,$2.00B,$40.20B,4.91%,$2.00B,$23.51B,8.27%,$2.00B,$114.10B,1.77%,$3.67B,$77.56B,4.74%,$5879,$2168,$3711,$0,$1827,$5058,$821,$-311,$510,$165,$345,$345,$339,$1603,$821,$706,706,$0.48,$0.48,$1851,$3130,$2066,$9875,$68877,$508,$16695,$2469,$104225,$114100,$10015,$37359,$7589,$63884,$73899,$1,$1223,$-376,$40201,$114100,$976,$1544,$823,$2367,$-144,$84,$-308,$-227,$-500,$2843,$-2715,$0,$0,$0,$-63,$-63,$216,$-2562,$294,$763,$1057,$7,$-89,$-1085,$-17,$-134,$147,$0,$-1085
22,2013-03-31,57.21,$58.12,0.98,$32.93,1.74,$-1.25,0.0,$3.35,17.08,$9.55B,$9.97B,0.96,$36.34B,$41.03B,0.89,$20.18B,$12.80B,63.42%,$20.18B,$3.63B,17.99%,$20.18B,$3.63B,17.99%,$20.18B,$6.50B,32.22%,$20.18B,$2.80B,13.87%,$20.18B,$2.11B,10.44%,$2.11B,$41.03B,5.79%,$2.11B,$24.30B,9.20%,$2.11B,$113.67B,2.09%,$3.63B,$77.37B,5.33%,$5898,$2261,$3637,$0,$1764,$4683,$1215,$-251,$964,$330,$634,$634,$634,$1977,$1215,$705,705,$0.89,$0.89,$1584,$3096,$2062,$9549,$68813,$478,$16727,$2520,$104117,$113666,$9965,$36339,$12980,$62671,$72636,$1,$1978,$-289,$41030,$113666,$634,$762,$360,$1122,$-118,$126,$-246,$-396,$-665,$1091,$-1378,$0,$-32,$0,$-56,$-56,$1,$-1465,$262,$627,$889,$5,$-91,$-542,$-10,$246,$-128,$0,$-542
23,2012-12-31,49.73,$58.15,0.86,$32.70,1.52,$-1.11,0.0,$2.68,18.56,$10.12B,$10.03B,1.01,$36.35B,$40.94B,0.89,$17.91B,$11.46B,64.00%,$17.91B,$2.91B,16.25%,$17.91B,$2.91B,16.25%,$17.91B,$5.56B,31.06%,$17.91B,$2.23B,12.47%,$17.91B,$1.77B,9.87%,$1.77B,$40.94B,5.55%,$1.77B,$24.58B,8.22%,$1.77B,$113.86B,2.02%,$2.91B,$77.29B,4.91%,$3983,$1088,$2895,$0,$1809,$3431,$552,$-223,$329,$58,$271,$271,$435,$1339,$552,$574,575,$0.57,$0.57,$1757,$3223,$2425,$10122,$68558,$483,$16365,$2904,$103734,$113856,$10029,$36351,$12974,$62886,$72915,$1,$1889,$-306,$40941,$113856,$1782,$2652,$813,$3465,$39,$-258,$131,$227,$-3,$5244,$-5501,$0,$-380,$0,$24,$24,$-340,$-6197,$1672,$278,$1950,$23,$23,$-1752,$46,$267,$-686,$0,$-1752
24,2012-09-30,49.87,$58.23,0.86,$33.36,1.49,$-2.22,0.0,$2.72,18.33,$10.11B,$8.56B,1.18,$36.11B,$41.00B,0.88,$17.30B,$10.80B,62.46%,$17.30B,$2.88B,16.63%,$17.30B,$2.88B,16.63%,$17.30B,$5.26B,30.40%,$17.30B,$2.31B,13.38%,$17.30B,$1.62B,9.37%,$1.62B,$41.00B,5.93%,$1.62B,$24.46B,8.10%,$1.62B,$112.01B,2.17%,$2.88B,$77.10B,5.71%,$6722,$2746,$3976,$0,$1980,$5644,$1078,$-236,$842,$248,$594,$594,$594,$1866,$1078,$699,699,$0.85,$0.85,$2096,$3041,$2123,$10106,$69031,$542,$16539,$2301,$101902,$112008,$8556,$36109,$12934,$62457,$71013,$1,$1995,$-340,$40995,$112008,$1345,$1865,$939,$2804,$-83,$-22,$-222,$164,$-170,$3979,$-3852,$0,$35,$0,$-183,$-183,$11,$-3989,$692,$98,$790,$16,$16,$-1211,$66,$-339,$-349,$0,$-1211
25,2012-06-30,52.65,$50.48,1.04,$32.67,1.61,$-2.39,0.0,$2.92,18.03,$6.49B,$6.14B,1.06,$18.45B,$22.52B,0.82,$14.54B,$9.40B,64.68%,$14.54B,$2.57B,17.64%,$14.54B,$2.57B,17.64%,$14.54B,$4.68B,32.17%,$14.54B,$2.15B,14.78%,$14.54B,$1.50B,10.31%,$1.50B,$22.52B,6.58%,$1.50B,$18.32B,8.07%,$1.50B,$63.03B,2.42%,$2.57B,$40.97B,6.22%,$3577,$1287,$2290,$0,$1033,$2791,$786,$-123,$663,$214,$449,$449,$444,$1319,$786,$446,446,$0.99,$0.99,$1760,$1762,$1122,$6487,$43787,$450,$4199,$2027,$56544,$63031,$6139,$18454,$6800,$34376,$40515,$1,$1598,$-320,$22516,$63031,$747,$1077,$386,$1463,$61,$-165,$-102,$65,$-208,$2002,$-2261,$0,$-36,$0,$-62,$-62,$-32,$-2391,$-157,$631,$474,$14,$14,$-670,$-13,$-195,$-584,$0,$-670
26,2012-03-31,47.41,$51.30,0.92,$32.61,1.45,$-2.42,0.0,$2.92,16.24,$5.92B,$4.28B,1.38,$19.03B,$22.88B,0.83,$14.50B,$9.36B,64.59%,$14.50B,$2.46B,16.96%,$14.50B,$2.46B,16.96%,$14.50B,$4.52B,31.21%,$14.50B,$2.12B,14.62%,$14.50B,$1.49B,10.28%,$1.49B,$22.88B,6.52%,$1.49B,$18.67B,8.01%,$1.49B,$61.80B,2.43%,$2.46B,$41.90B,5.98%,$3630,$1327,$2303,$0,$930,$3135,$495,$-95,$400,$103,$297,$297,$295,$1039,$495,$446,446,$0.66,$0.66,$1309,$1754,$1124,$5924,$42971,$479,$4210,$2232,$55875,$61799,$4283,$19026,$6659,$34638,$38921,$1,$1833,$-174,$22878,$61799,$299,$544,$292,$836,$172,$-162,$-270,$59,$-263,$872,$-988,$0,$779,$0,$-944,$-944,$-27,$-1180,$-429,$28,$-401,$8,$8,$-335,$-3,$-731,$-1039,$0,$-335
27,2011-12-31,49.06,$51.38,0.95,$32.73,1.5,$-2.26,0.0,$3.84,12.77,$6.88B,$5.53B,1.25,$18.68B,$22.87B,0.82,$14.53B,$9.38B,64.59%,$14.53B,$2.78B,19.11%,$14.53B,$2.78B,19.11%,$14.53B,$4.80B,33.06%,$14.53B,$2.47B,16.97%,$14.53B,$1.71B,11.74%,$1.71B,$22.87B,7.47%,$1.71B,$18.65B,9.19%,$1.71B,$62.53B,2.82%,$2.78B,$41.54B,6.84%,$3368,$1133,$2235,$0,$1231,$2851,$517,$-108,$409,$119,$290,$290,$288,$1035,$517,$444,444,$0.65,$0.65,$2300,$1588,$1051,$6880,$42661,$460,$4212,$2366,$55646,$62526,$5528,$18679,$6633,$34133,$39661,$1,$1873,$-234,$22865,$62526,$1714,$2026,$402,$2428,$2,$-247,$41,$-293,$-470,$3672,$-4363,$0,$-51,$0,$-63,$-63,$43,$-4434,$2292,$208,$2500,$67,$67,$-1329,$-36,$1202,$440,$0,$-1329
28,2011-09-30,44.03,$51.58,0.85,$32.97,1.34,$-1.49,0.0,$4.14,10.63,$6.27B,$5.12B,1.23,$17.58B,$22.90B,0.77,$14.61B,$9.43B,64.59%,$14.61B,$2.94B,20.14%,$14.61B,$2.94B,20.14%,$14.61B,$4.96B,33.97%,$14.61B,$2.73B,18.69%,$14.61B,$1.85B,12.63%,$1.85B,$22.90B,8.10%,$1.85B,$18.68B,9.99%,$1.85B,$60.78B,3.09%,$2.94B,$40.48B,7.28%,$3964,$1388,$2576,$0,$1049,$3197,$767,$-90,$677,$208,$469,$469,$472,$1284,$767,$444,444,$1.06,$1.06,$2178,$1421,$758,$6273,$41877,$459,$4218,$2412,$54503,$60776,$5115,$17584,$7335,$32762,$37877,$1,$1920,$-188,$22899,$60776,$1424,$1508,$578,$2086,$115,$-87,$-455,$-86,$-483,$3027,$-3026,$0,$-50,$0,$19,$19,$-13,$-3070,$836,$537,$1373,$13,$13,$-994,$13,$405,$362,$0,$-994
29,2011-06-30,40.89,$51.14,0.8,$33.00,1.24,$-1.08,0.0,$4.62,8.85,$5.63B,$4.39B,1.29,$17.69B,$22.70B,0.78,$14.59B,$9.44B,64.73%,$14.59B,$3.21B,21.98%,$14.59B,$3.21B,21.98%,$14.59B,$5.21B,35.73%,$14.59B,$3.02B,20.70%,$14.59B,$2.04B,14.00%,$2.04B,$22.70B,9.04%,$2.04B,$18.37B,11.19%,$2.04B,$59.79B,3.47%,$3.21B,$40.39B,7.97%,$3534,$1285,$2249,$0,$1128,$2855,$679,$-46,$633,$192,$441,$441,$435,$1166,$679,$444,444,$0.98,$0.98,$1371,$1415,$879,$5634,$41610,$457,$4336,$4502,$54158,$59792,$4386,$17687,$7290,$32704,$37090,$1,$1448,$89,$22702,$59792,$954,$991,$292,$1283,$166,$-85,$-338,$-164,$-520,$1717,$-1987,$0,$-4,$0,$124,$124,$29,$-1838,$417,$63,$480,$10,$10,$-657,$-20,$-187,$-308,$0,$-657
30,2011-03-31,38.91,$51.52,0.76,$32.55,1.2,$-0.93,0.0,$3.12,12.47,$5.55B,$4.20B,1.32,$17.23B,$22.86B,0.75,$14.34B,$9.36B,65.30%,$14.34B,$2.51B,17.53%,$14.34B,$2.51B,17.53%,$14.34B,$4.51B,31.42%,$14.34B,$2.29B,15.93%,$14.34B,$1.39B,9.66%,$1.39B,$22.86B,6.23%,$1.39B,$18.53B,7.75%,$1.39B,$58.99B,2.39%,$2.51B,$40.08B,6.32%,$3663,$1339,$2324,$0,$1066,$2849,$814,$-68,$746,$233,$513,$513,$511,$1318,$814,$443,444,$1.14,$1.14,$1428,$1347,$845,$5545,$40944,$445,$4325,$2386,$53441,$58986,$4197,$17226,$7307,$31933,$36130,$1,$1676,$30,$22856,$58986,$513,$504,$96,$600,$218,$-31,$-192,$-118,$-152,$961,$-1006,$0,$-2,$0,$65,$65,$25,$-918,$-18,$58,$40,$6,$6,$-331,$-9,$-294,$-251,$0,$-331
31,2010-12-31,37.66,$51.14,0.74,$32.52,1.16,$-0.97,0.0,$3.00,12.55,$6.22B,$3.90B,1.6,$17.94B,$22.65B,0.79,$14.27B,$9.35B,65.49%,$14.27B,$2.46B,17.24%,$14.27B,$2.46B,17.24%,$14.27B,$4.46B,31.21%,$14.27B,$2.21B,15.48%,$14.27B,$1.32B,9.25%,$1.32B,$22.65B,5.99%,$1.32B,$18.33B,7.52%,$1.32B,$59.09B,2.29%,$2.46B,$40.59B,6.26%,$3445,$1160,$2285,$0,$1265,$2764,$681,$-7,$674,$247,$427,$427,$427,$1194,$681,$439,440,$0.96,$0.96,$1670,$1318,$1169,$6223,$40344,$444,$4325,$2563,$52867,$59090,$3897,$17935,$6324,$32540,$36437,$1,$1496,$2,$22653,$59090,$1323,$1994,$578,$2572,$19,$198,$167,$202,$616,$4511,$-4855,$0,$0,$0,$501,$501,$-69,$-4423,$1091,$-55,$1036,$302,$302,$-1284,$-14,$40,$128,$0,$-1284
32,2010-09-30,36.95,$50.19,0.74,$31.90,1.16,$-2.43,0.0,$2.82,13.1,$6.04B,$3.67B,1.65,$17.76B,$22.15B,0.8,$13.94B,$9.07B,65.06%,$13.94B,$2.38B,17.04%,$13.94B,$2.38B,17.04%,$13.94B,$4.31B,30.90%,$13.94B,$2.03B,14.57%,$13.94B,$1.24B,8.89%,$1.24B,$22.15B,5.67%,$1.24B,$17.80B,7.21%,$1.24B,$57.86B,2.16%,$2.38B,$39.91B,6.14%,$3946,$1361,$2585,$0,$1063,$2913,$1033,$-66,$967,$301,$666,$666,$670,$1535,$1033,$440,441,$1.53,$1.53,$1808,$1230,$987,$6037,$39724,$351,$4346,$2503,$51820,$57857,$3665,$17762,$7509,$32043,$35708,$1,$1396,$-294,$22149,$57857,$894,$1481,$1038,$2519,$87,$289,$-100,$48,$248,$3661,$-3481,$0,$0,$9,$-22,$-13,$-31,$-3525,$851,$16,$867,$215,$215,$-957,$5,$130,$266,$0,$-957
33,2010-06-30,32.91,$48.40,0.68,$30.78,1.07,$-3.95,0.0,$1.53,21.51,$5.44B,$3.84B,1.42,$17.22B,$21.26B,0.81,$13.39B,$8.74B,65.29%,$13.39B,$1.79B,13.35%,$13.39B,$1.79B,13.35%,$13.39B,$3.70B,27.60%,$13.39B,$1.41B,10.56%,$13.39B,$0.68B,5.06%,$0.68B,$21.26B,3.12%,$0.68B,$16.91B,4.00%,$0.68B,$56.40B,1.20%,$1.79B,$38.48B,4.70%,$3287,$1117,$2170,$0,$1107,$3301,$-14,$-88,$-102,$116,$-218,$-218,$-222,$459,$-14,$438,438,$-0.51,$-0.51,$1010,$1302,$1157,$5443,$39060,$358,$4355,$2564,$50957,$56400,$3837,$17219,$7524,$31300,$35137,$1,$726,$-389,$21263,$56400,$228,$979,$818,$1797,$63,$217,$-124,$-14,$99,$2124,$-2325,$0,$0,$8,$-158,$-150,$-33,$-2508,$415,$-16,$399,$112,$112,$-635,$-24,$-148,$-532,$0,$-635
34,2010-03-31,33.09,$50.42,0.66,$30.05,1.1,$-5.55,0.0,$2.67,12.39,$5.49B,$3.85B,1.43,$16.28B,$22.05B,0.74,$13.01B,$8.50B,65.33%,$13.01B,$2.33B,17.90%,$13.01B,$2.33B,17.90%,$13.01B,$4.22B,32.41%,$13.01B,$1.98B,15.19%,$13.01B,$1.18B,9.04%,$1.18B,$22.05B,5.40%,$1.18B,$17.13B,7.04%,$1.18B,$57.63B,2.09%,$2.33B,$38.33B,6.24%,$3594,$1287,$2307,$0,$1092,$2833,$761,$-90,$671,$226,$445,$445,$445,$1267,$761,$437,437,$1.02,$1.02,$1080,$1337,$1150,$5491,$38706,$363,$4920,$2661,$52142,$57633,$3854,$16279,$9075,$31731,$35585,$1,$1589,$-373,$22048,$57633,$445,$506,$145,$651,$94,$180,$-114,$-83,$25,$1121,$-1179,$0,$0,$2,$-58,$-56,$-1,$-1236,$-158,$93,$-65,$31,$31,$-316,$3,$-347,$-462,$0,$-316
35,2009-12-31,34.38,$50.16,0.69,$29.57,1.16,$-7.09,0.0,$2.46,13.98,$5.77B,$4.09B,1.41,$16.11B,$21.89B,0.74,$12.73B,$8.29B,65.09%,$12.73B,$2.25B,17.67%,$12.73B,$2.25B,17.67%,$12.73B,$4.10B,32.17%,$12.73B,$1.83B,14.38%,$12.73B,$1.08B,8.44%,$1.08B,$21.89B,4.98%,$1.08B,$16.94B,6.54%,$1.08B,$57.04B,1.94%,$2.25B,$38.00B,6.12%,$3110,$1104,$2006,$0,$1006,$2515,$595,$-101,$494,$158,$336,$336,$346,$1046,$595,$431,431,$0.78,$0.78,$1542,$1515,$968,$5766,$37950,$436,$4943,$2618,$51274,$57040,$4088,$16113,$9028,$31066,$35154,$1,$1460,$-372,$21886,$57040,$1085,$1846,$395,$2241,$-38,$-298,$-80,$501,$137,$3463,$-4433,$0,$-124,$0,$19,$19,$46,$-4492,$2876,$-548,$2328,$519,$519,$-1222,$-40,$1585,$556,$0,$-1222
36,2009-09-30,30.99,$50.07,0.62,$29.78,1.04,$-7.70,0.0,$2.46,12.6,$5.82B,$3.72B,1.56,$15.41B,$21.75B,0.71,$12.75B,$8.16B,64.00%,$12.75B,$2.15B,16.89%,$12.75B,$2.15B,16.89%,$12.75B,$4.00B,31.33%,$12.75B,$1.69B,13.27%,$12.75B,$1.06B,8.31%,$1.06B,$21.75B,4.95%,$1.06B,$16.76B,6.57%,$1.06B,$55.77B,1.95%,$2.15B,$37.15B,6.01%,$3396,$1138,$2258,$0,$980,$2951,$445,$-94,$351,$244,$107,$107,$109,$923,$445,$433,433,$0.24,$0.24,$1607,$1420,$1299,$5815,$36425,$458,$4989,$2563,$49959,$55774,$3718,$15406,$8941,$30311,$34029,$1,$1428,$-387,$21745,$55774,$737,$1395,$408,$1803,$226,$-279,$-293,$267,$2,$2542,$-3024,$0,$-124,$-13,$-84,$-97,$24,$-3221,$2078,$152,$2230,$0,$0,$-908,$-23,$1299,$620,$0,$-908
37,2009-06-30,28.28,$49.53,0.57,$30.25,0.93,$-8.32,0.0,$2.73,10.36,$5.39B,$4.14B,1.3,$14.43B,$21.36B,0.68,$12.87B,$8.00B,62.19%,$12.87B,$2.29B,17.77%,$12.87B,$2.29B,17.77%,$12.87B,$4.13B,32.09%,$12.87B,$1.69B,13.12%,$12.87B,$1.17B,9.06%,$1.17B,$21.36B,5.47%,$1.17B,$16.00B,7.32%,$1.17B,$54.71B,2.18%,$2.29B,$35.79B,6.52%,$2913,$983,$1930,$0,$1008,$2385,$528,$-67,$461,$177,$284,$284,$276,$982,$528,$429,430,$0.66,$0.66,$710,$1368,$1802,$5391,$35429,$466,$5362,$2598,$49318,$54709,$4141,$14433,$8738,$29208,$33349,$1,$1321,$-521,$21360,$54709,$631,$917,$120,$1037,$200,$-227,$-300,$-373,$-651,$1017,$-1900,$0,$-114,$33,$-85,$-52,$-67,$-2133,$1335,$-148,$1187,$286,$286,$-596,$-41,$836,$-280,$0,$-596
38,2009-03-31,27.3,$49.92,0.55,$31.12,0.88,$-7.33,0.0,$2.94,9.28,$5.32B,$3.52B,1.51,$14.57B,$21.38B,0.68,$13.18B,$8.17B,62.01%,$13.18B,$2.44B,18.52%,$13.18B,$2.44B,18.52%,$13.18B,$4.29B,32.51%,$13.18B,$1.73B,13.12%,$13.18B,$1.24B,9.41%,$1.24B,$21.38B,5.83%,$1.24B,$16.02B,7.80%,$1.24B,$53.58B,2.35%,$2.44B,$35.95B,7.11%,$3312,$1219,$2093,$0,$1004,$2631,$681,$-156,$525,$179,$346,$346,$344,$1144,$681,$427,428,$0.81,$0.81,$1252,$1243,$1360,$5320,$34505,$460,$5360,$2501,$48264,$53584,$3524,$14569,$8678,$28678,$32202,$1,$1655,$-730,$21382,$53584,$349,$463,$-380,$83,$222,$-110,$-244,$-84,$-242,$190,$-906,$0,$0,$-10,$25,$15,$-3,$-894,$1313,$-263,$1050,$171,$171,$-296,$-6,$919,$215,$0,$-296
39,2008-12-31,28.18,$49.89,0.56,$31.27,0.9,$-5.78,0.0,$3.24,8.7,$5.27B,$4.35B,1.21,$13.25B,$21.15B,0.63,$13.21B,$8.19B,61.99%,$13.21B,$2.51B,19.01%,$13.21B,$2.51B,19.01%,$13.21B,$4.35B,32.90%,$13.21B,$1.89B,14.32%,$13.21B,$1.36B,10.31%,$1.36B,$21.15B,6.40%,$1.36B,$15.75B,8.55%,$1.36B,$53.08B,2.63%,$2.51B,$34.40B,7.56%,$3133,$1252,$1881,$0,$987,$2633,$500,$-144,$356,$95,$261,$261,$331,$947,$500,$422,422,$0.78,$0.75,$1037,$1135,$1448,$5273,$34036,$473,$5400,$2577,$47804,$53077,$4345,$13250,$9066,$27581,$31926,$1,$1607,$-726,$21151,$53077,$1358,$1834,$371,$2205,$189,$-209,$-136,$-126,$-235,$3328,$-4533,$0,$-389,$0,$235,$235,$76,$-4611,$2664,$-73,$2591,$133,$133,$-1143,$10,$1591,$308,$0,$-1143
40,2008-09-30,32.24,$50.59,0.64,$31.04,1.04,$-2.73,0.0,$3.09,10.43,$5.85B,$5.06B,1.16,$12.70B,$21.33B,0.6,$13.11B,$8.29B,63.29%,$13.11B,$2.50B,19.04%,$13.11B,$2.50B,19.04%,$13.11B,$4.28B,32.63%,$13.11B,$1.97B,15.01%,$13.11B,$1.27B,9.72%,$1.27B,$21.33B,5.98%,$1.27B,$15.95B,7.99%,$1.27B,$52.77B,2.50%,$2.50B,$34.03B,7.73%,$3508,$1411,$2097,$0,$1008,$2931,$577,$-231,$346,$132,$214,$214,$215,$1056,$577,$422,422,$0.51,$0.51,$2056,$1125,$1015,$5852,$33248,$707,$5380,$3023,$46917,$52769,$5060,$12695,$8273,$26379,$31439,$1,$1567,$-230,$21330,$52769,$1028,$1387,$356,$1743,$53,$-103,$-193,$-145,$-294,$2477,$-3211,$0,$-389,$50,$23,$73,$43,$-3484,$2697,$317,$3014,$28,$28,$-851,$14,$2205,$1198,$0,$-851
41,2008-06-30,31.74,$50.52,0.63,$31.48,1.01,$-0.40,0.0,$4.02,7.89,$5.28B,$4.96B,1.07,$11.65B,$21.30B,0.55,$13.29B,$8.56B,64.40%,$13.29B,$2.85B,21.44%,$13.29B,$2.85B,21.44%,$13.29B,$4.70B,35.35%,$13.29B,$2.50B,18.80%,$13.29B,$1.67B,12.54%,$1.67B,$21.30B,7.84%,$1.67B,$15.95B,10.49%,$1.67B,$51.60B,3.33%,$2.85B,$32.95B,9.03%,$3229,$1126,$2103,$0,$1035,$2546,$683,$-180,$503,$167,$336,$336,$351,$1139,$683,$421,422,$0.84,$0.84,$1177,$1026,$1236,$5284,$32465,$666,$5348,$3316,$46314,$51598,$4959,$11647,$8322,$25338,$30297,$1,$1353,$-27,$21301,$51598,$815,$908,$229,$1137,$-79,$-9,$-54,$-141,$-257,$1695,$-2142,$0,$0,$57,$-447,$-390,$5,$-2527,$1590,$-187,$1403,$23,$23,$-549,$-6,$871,$39,$0,$-549
42,2008-03-31,32.21,$50.82,0.63,$30.86,1.04,$0.25,131.31,$3.87,8.32,$4.21B,$4.93B,0.85,$10.08B,$21.41B,0.47,$13.02B,$8.37B,64.26%,$13.02B,$2.66B,20.40%,$13.02B,$2.66B,20.40%,$13.02B,$4.54B,34.83%,$13.02B,$2.45B,18.78%,$13.02B,$1.61B,12.35%,$1.61B,$21.41B,7.65%,$1.61B,$16.06B,10.29%,$1.61B,$49.65B,3.27%,$2.66B,$31.49B,8.60%,$3337,$1231,$2106,$0,$960,$2586,$751,$-65,$686,$222,$464,$464,$465,$1203,$751,$422,423,$1.11,$1.11,$642,$946,$967,$4207,$31692,$710,$5353,$3174,$45440,$49647,$4931,$10083,$8138,$23307,$28238,$1,$1574,$-115,$21409,$49647,$466,$452,$-46,$406,$161,$66,$-94,$-3,$140,$1012,$-1067,$0,$0,$9,$7,$16,$-24,$-1075,$359,$-53,$306,$0,$0,$-278,$-1,$27,$-36,$0,$-278
43,2007-12-31,35.97,$50.40,0.71,$30.14,1.19,$0.62,57.87,$3.60,9.99,$4.92B,$5.70B,0.86,$9.50B,$21.20B,0.45,$12.72B,$8.22B,64.60%,$12.72B,$2.49B,19.60%,$12.72B,$2.49B,19.60%,$12.72B,$4.38B,34.44%,$12.72B,$2.24B,17.58%,$12.72B,$1.50B,11.79%,$1.50B,$21.20B,7.20%,$1.50B,$15.84B,9.74%,$1.50B,$49.69B,3.07%,$2.49B,$30.70B,8.15%,$3031,$1043,$1988,$0,$1109,$2547,$484,$-52,$432,$117,$315,$315,$243,$878,$484,$420,422,$0.60,$0.57,$1115,$1012,$1022,$4916,$31110,$696,$5362,$3059,$44770,$49686,$5698,$9498,$8198,$22789,$28487,$1,$1398,$-133,$21199,$49686,$1502,$1888,$110,$1998,$-240,$-36,$-172,$290,$-292,$3208,$-3125,$0,$-66,$0,$986,$986,$54,$-2151,$-535,$615,$80,$50,$50,$-1089,$-368,$-1327,$-270,$0,$-1089
44,2007-09-30,32.95,$50.17,0.66,$30.04,1.1,$1.35,24.38,$3.90,8.45,$5.27B,$4.68B,1.13,$9.94B,$21.07B,0.47,$12.49B,$7.96B,63.69%,$12.49B,$2.19B,17.54%,$12.49B,$2.19B,17.54%,$12.49B,$4.25B,34.01%,$12.49B,$1.99B,15.89%,$12.49B,$1.64B,13.16%,$1.64B,$21.07B,7.45%,$1.64B,$15.67B,10.47%,$1.64B,$49.03B,3.07%,$2.19B,$31.01B,6.45%,$3688,$1329,$2359,$0,$955,$2758,$930,$-53,$877,$304,$573,$573,$607,$1476,$930,$420,422,$1.44,$1.44,$1584,$1029,$879,$5270,$30134,$686,$5403,$2781,$43757,$49027,$4676,$9937,$8470,$23280,$27956,$1,$1447,$-276,$21071,$49027,$1257,$1494,$-274,$1220,$-344,$-57,$-297,$541,$-12,$2465,$-2215,$0,$-58,$-44,$505,$461,$109,$-1703,$-275,$388,$113,$24,$24,$-810,$-362,$-1035,$-273,$0,$-810
45,2007-06-30,31.87,$48.63,0.66,$29.08,1.1,$1.63,19.52,$4.26,7.48,$5.03B,$5.01B,1.0,$9.97B,$20.42B,0.49,$12.09B,$7.71B,63.83%,$12.09B,$2.16B,17.90%,$12.09B,$2.16B,17.90%,$12.09B,$4.28B,35.45%,$12.09B,$1.90B,15.71%,$12.09B,$1.80B,14.89%,$1.80B,$20.42B,7.69%,$1.80B,$14.96B,11.17%,$1.80B,$48.45B,3.06%,$2.16B,$30.39B,5.77%,$2966,$1051,$1915,$0,$986,$2475,$491,$-40,$451,$152,$299,$299,$293,$978,$491,$420,422,$0.69,$0.69,$1633,$1027,$883,$5029,$29799,$683,$5463,$2730,$43419,$48448,$5014,$9965,$8611,$23013,$28027,$1,$847,$-319,$20421,$48448,$650,$948,$-417,$531,$-78,$-61,$-220,$419,$231,$1412,$-1587,$0,$-54,$-39,$418,$379,$81,$-1181,$-269,$625,$356,$20,$20,$-532,$-412,$-568,$-337,$0,$-532
46,2007-03-31,34.98,$49.17,0.71,$28.97,1.21,$2.17,16.13,$4.41,7.93,$5.13B,$4.55B,1.13,$9.62B,$20.63B,0.47,$12.02B,$7.62B,63.38%,$12.02B,$2.05B,17.01%,$12.02B,$2.05B,17.01%,$12.02B,$4.28B,35.63%,$12.02B,$1.70B,14.10%,$12.02B,$1.86B,15.49%,$1.86B,$20.63B,7.53%,$1.86B,$15.15B,11.28%,$1.86B,$48.23B,2.89%,$2.05B,$30.26B,4.99%,$3035,$1080,$1955,$0,$923,$2447,$588,$-112,$476,$139,$337,$337,$357,$1049,$588,$419,423,$0.84,$0.84,$1826,$950,$890,$5132,$29378,$663,$5487,$2835,$43097,$48229,$4553,$9624,$8908,$23042,$27595,$1,$1098,$-333,$20634,$48229,$357,$461,$27,$488,$-30,$15,$-258,$315,$62,$907,$-803,$0,$0,$-27,$206,$179,$30,$-594,$-368,$323,$-45,$9,$9,$-265,$-390,$-691,$-378,$0,$-265
47,2006-12-31,32.85,$62.30,0.53,$26.84,1.22,$2.46,13.38,$4.68,7.02,$7.05B,$6.61B,1.07,$18.12B,$26.10B,0.69,$10.61B,$6.90B,65.01%,$10.61B,$1.82B,17.17%,$10.61B,$1.82B,17.17%,$10.61B,$4.04B,38.05%,$10.61B,$1.53B,14.42%,$10.61B,$1.86B,17.56%,$1.86B,$26.10B,7.86%,$1.86B,$17.02B,11.70%,$1.86B,$68.70B,2.86%,$1.82B,$44.22B,4.42%,$2805,$1076,$1729,$0,$1144,$2622,$183,$-2,$181,$-19,$200,$200,$387,$746,$183,$390,396,$0.90,$0.96,$2462,$1358,$971,$7047,$41447,$2305,$9080,$2690,$61653,$68700,$6613,$18118,$9884,$35985,$42598,$1,$5652,$595,$26102,$68700,$1863,$2215,$-1290,$925,$844,$-24,$-1524,$1733,$960,$3748,$-3381,$0,$-137,$406,$1898,$2304,$-114,$-1328,$271,$-414,$-143,$-373,$-385,$-1488,$55,$-1961,$437,$0,$-1488
