,Date,Stock Price,Book Value per Share,Price to Book Ratio,TTM Sales per Share,Price to Sales Ratio,TTM FCF per Share,Price to FCF Ratio,TTM Net EPS,PE Ratio,Current Assets,Current Liabilities,Current Ratio,Long Term Debt,Shareholder's Equity_x,Debt to Equity Ratio,TTM Revenue_x,TTM Gross Profit,Gross Margin,TTM Revenue_y,TTM Operating Income,Operating Margin,TTM Revenue_x,TTM EBIT,EBIT Margin,TTM Revenue_y,TTM EBITDA,EBITDA Margin,TTM Revenue_x,TTM Pre-Tax Income,Pre-Tax Margin,TTM Revenue_y,TTM Net Income_x,Net Margin,TTM Net Income_y,Shareholder's Equity_y,Return on Equity,TTM Net Income_x,Tangible Equity,Return on Tangible Equity,TTM Net Income_y,Total Assets,Return on Assets,TTM Net Income,LT Investments & Debt,Return on Investment,revenue,cost-goods-sold,gross-profit,research-development-expenses,selling-general-administrative-expenses,operating-expenses,operating-income,total-non-operating-income-expense,pre-tax-income,total-provision-income-taxes,income-after-taxes,income-from-continuous-operations,net-income,ebitda,ebit,basic-shares-outstanding,shares-outstanding,eps-basic-net-earnings-per-share,eps-earnings-per-share-diluted,cash-on-hand,inventory,other-current-assets,total-current-assets,net-property-plant-equipment,long-term-investments,goodwill-intangible-assets-total,other-long-term-assets,total-long-term-assets,total-assets,total-current-liabilities,long-term-debt,other-non-current-liabilities,total-long-term-liabilities,total-liabilities,common-stock-net,retained-earnings-accumulated-deficit,comprehensive-income,total-share-holder-equity,total-liabilities-share-holders-equity,net-income-loss,total-depreciation-amortization-cash-flow,other-non-cash-items,total-non-cash-items,change-in-accounts-receivable,change-in-inventories,change-in-accounts-payable,change-in-assets-liabilities,total-change-in-assets-liabilities,cash-flow-from-operating-activities,net-change-in-property-plant-equipment,net-change-in-intangible-assets,net-acquisitions-divestitures,net-change-in-short-term-investments,net-change-in-long-term-investments,net-change-in-investments-total,investing-activities-other,cash-flow-from-investing-activities,net-long-term-debt,net-current-debt,debt-issuance-retirement-net-total,net-common-equity-issued-repurchased,net-total-equity-issued-repurchased,total-common-preferred-stock-dividends-paid,financial-activities-other,cash-flow-from-financial-activities,net-cash-flow,stock-based-compensation,common-stock-dividends-paid
0,2018-09-30,71.63,$24.28,2.95,$63.81,1.12,$13.84,5.18,$3.33,21.51,$8.93B,$4.86B,1.84,$8.44B,$4.03B,2.1,$11.36B,$3.26B,28.64%,$11.36B,$1.29B,11.33%,$11.36B,$1.29B,11.33%,$11.36B,$1.91B,16.78%,$11.36B,$0.84B,7.36%,$11.36B,$0.61B,5.39%,$0.61B,$4.03B,13.46%,$0.61B,$-2.77B,-27.59%,$0.61B,$19.36B,3.19%,$1.29B,$12.47B,9.68%,$2847,$2064,$784,$0,$336,$2558,$289,$-122,$167,$52,$115,$115,$-137,$435,$289,$167,167,$-0.82,$-0.82,$545,$91,$5948,$8930,$3276,$276,$6800,$77,$10428,$19358,$4855,$8441,$452,$10473,$15329,$0,$3951,$-29,$4029,$19358,$435,$436,$396,$832,$-75,$88,$-13,$53,$115,$1382,$-706,$0,$22,$32,$-13,$19,$4,$-661,$846,$0,$846,$-1153,$-1153,$0,$-116,$-423,$21,$60,$0
1,2018-06-30,69.44,$26.25,2.65,$61.23,1.13,$14.64,4.74,$3.01,23.07,$9.09B,$4.78B,1.9,$8.18B,$4.49B,1.82,$11.28B,$3.28B,29.11%,$11.28B,$1.39B,12.36%,$11.28B,$1.39B,12.36%,$11.28B,$2.07B,18.36%,$11.28B,$0.96B,8.49%,$11.28B,$0.54B,4.74%,$0.54B,$4.49B,11.19%,$0.54B,$-2.29B,-17.83%,$0.54B,$19.44B,2.80%,$1.39B,$12.66B,10.20%,$2887,$2069,$818,$0,$264,$2449,$438,$-118,$320,$84,$237,$237,$267,$585,$438,$172,174,$1.56,$1.53,$485,$113,$6053,$9085,$3229,$283,$6779,$59,$10350,$19436,$4784,$8176,$418,$10167,$14951,$0,$4088,$-22,$4485,$19436,$532,$290,$76,$366,$-102,$72,$35,$-26,$27,$925,$-358,$0,$-89,$34,$-14,$20,$3,$-424,$572,$0,$572,$-802,$-802,$0,$-76,$-306,$-39,$20,$0
2,2018-03-31,65.94,$26.80,2.46,$58.56,1.13,$14.93,4.42,$2.13,30.96,$8.67B,$2.95B,2.94,$9.28B,$4.78B,1.94,$11.09B,$3.27B,29.48%,$11.09B,$1.35B,12.14%,$11.09B,$1.35B,12.14%,$11.09B,$2.08B,18.72%,$11.09B,$0.93B,8.35%,$11.09B,$0.40B,3.56%,$0.40B,$4.78B,7.94%,$0.40B,$-1.97B,-10.01%,$0.40B,$18.94B,2.07%,$1.35B,$14.06B,9.59%,$2849,$2036,$814,$0,$267,$2439,$411,$-109,$302,$71,$231,$231,$179,$553,$411,$179,182,$1.00,$0.98,$452,$126,$5724,$8674,$3185,$280,$6752,$52,$10269,$18942,$2948,$9280,$391,$11213,$14160,$0,$3821,$27,$4782,$18942,$225,$143,$67,$210,$-64,$58,$-63,$28,$-72,$363,$-214,$0,$-17,$30,$-2,$28,$2,$-200,$105,$0,$105,$-292,$-292,$0,$-36,$-223,$-71,$10,$0
3,2017-12-31,72.25,$26.78,2.7,$56.37,1.28,$17.68,4.09,$3.44,21.0,$8.74B,$3.04B,2.88,$9.16B,$4.89B,1.87,$10.88B,$3.24B,29.75%,$10.88B,$1.81B,16.66%,$10.88B,$1.81B,16.66%,$10.88B,$2.59B,23.81%,$10.88B,$1.40B,12.87%,$10.88B,$0.66B,6.11%,$0.66B,$4.89B,12.98%,$0.66B,$-1.84B,-13.68%,$0.66B,$18.95B,3.46%,$1.81B,$14.04B,12.86%,$2781,$1942,$839,$0,$265,$2631,$150,$-104,$47,$-150,$197,$197,$303,$334,$150,$189,191,$1.67,$1.65,$552,$182,$5762,$8744,$3149,$283,$6724,$47,$10204,$18948,$3041,$9158,$365,$11021,$14062,$0,$3634,$13,$4886,$18948,$831,$777,$694,$1471,$-156,$-19,$27,$-116,$-395,$1907,$-813,$0,$-804,$255,$-5,$250,$0,$-1367,$155,$0,$155,$-782,$-782,$0,$-139,$-766,$-167,$35,$0
4,2017-09-30,59.39,$26.26,2.26,$40.26,1.47,$17.81,3.33,$2.60,22.84,$4.03B,$2.88B,1.4,$8.91B,$4.97B,1.79,$7.77B,$2.60B,33.38%,$7.77B,$2.18B,28.03%,$7.77B,$2.18B,28.03%,$7.77B,$2.96B,38.09%,$7.77B,$1.77B,22.71%,$7.77B,$0.52B,6.68%,$0.52B,$4.97B,10.16%,$0.52B,$-5.90B,-11.03%,$0.52B,$19.01B,2.71%,$2.18B,$13.88B,15.53%,$2765,$1952,$813,$0,$273,$2370,$395,$-106,$289,$91,$199,$199,$-214,$599,$395,$189,191,$-1.14,$-1.12,$983,$154,$205,$4034,$3386,$665,$10867,$62,$14980,$19013,$2875,$8909,$548,$11169,$14044,$0,$4071,$3,$4969,$19013,$490,$594,$635,$1228,$-146,$14,$19,$1,$-150,$1568,$-640,$0,$-634,$171,$-3,$168,$0,$-1106,$-108,$0,$-108,$-306,$-306,$0,$-116,$-530,$-144,$28,$0
5,2017-06-30,64.76,$27.57,2.35,$43.84,1.48,$17.34,3.74,$6.50,9.96,$4.02B,$2.77B,1.45,$8.91B,$5.27B,1.69,$8.74B,$2.82B,32.21%,$8.74B,$2.60B,29.79%,$8.74B,$2.60B,29.79%,$8.74B,$3.36B,38.48%,$8.74B,$2.19B,25.08%,$8.74B,$1.30B,14.92%,$1.30B,$5.27B,25.34%,$1.30B,$-6.08B,-27.81%,$1.30B,$19.34B,6.83%,$2.60B,$14.18B,18.48%,$2699,$1895,$805,$0,$263,$2308,$391,$-103,$288,$102,$186,$186,$127,$591,$391,$191,194,$0.66,$0.65,$923,$199,$202,$4024,$3248,$657,$11353,$60,$15318,$19342,$2773,$8911,$521,$11297,$14070,$0,$4285,$-27,$5272,$19342,$662,$390,$191,$581,$-113,$-31,$-56,$-87,$-228,$1015,$-329,$0,$-620,$319,$-222,$97,$0,$-852,$-64,$0,$-64,$-224,$-224,$0,$-78,$-365,$-230,$18,$0
6,2017-03-31,67.97,$27.44,2.48,$47.80,1.42,$16.62,4.09,$6.11,11.12,$4.60B,$2.81B,1.64,$8.92B,$5.34B,1.67,$9.76B,$3.06B,31.33%,$9.76B,$2.54B,26.04%,$9.76B,$2.54B,26.04%,$9.76B,$3.28B,33.62%,$9.76B,$2.13B,21.86%,$9.76B,$1.23B,12.61%,$1.23B,$5.34B,24.27%,$1.23B,$-5.60B,-26.29%,$1.23B,$19.39B,6.49%,$2.54B,$14.26B,18.13%,$2631,$1852,$779,$0,$263,$1755,$876,$-100,$776,$282,$494,$494,$448,$1066,$876,$192,195,$2.33,$2.29,$1785,$174,$204,$4604,$3171,$630,$10940,$43,$14784,$19388,$2814,$8919,$504,$11234,$14048,$0,$4158,$-77,$5341,$19388,$500,$190,$80,$270,$16,$-9,$-26,$-82,$95,$865,$-168,$0,$-77,$-4,$-1,$-5,$0,$-250,$-36,$0,$-36,$3,$3,$0,$-26,$-59,$535,$10,$0
7,2016-12-31,64.2,$24.93,2.58,$51.55,1.25,$14.28,4.5,$4.29,14.97,$4.00B,$2.71B,1.47,$8.95B,$4.85B,1.84,$10.71B,$3.28B,30.60%,$10.71B,$2.03B,18.96%,$10.71B,$2.03B,18.96%,$10.71B,$2.75B,25.67%,$10.71B,$1.62B,15.15%,$10.71B,$0.88B,8.21%,$0.88B,$4.85B,17.71%,$0.88B,$-1.24B,-18.17%,$0.88B,$18.76B,4.70%,$2.03B,$13.79B,14.58%,$-322,$-519,$198,$0,$-107,$-838,$517,$-104,$412,$66,$347,$347,$158,$705,$517,$202,205,$0.82,$0.80,$982,$160,$961,$3995,$2864,$522,$6089,$5286,$14761,$18756,$2711,$8945,$746,$11195,$13906,$0,$3710,$-90,$4850,$18756,$1033,$720,$-7,$713,$-152,$23,$12,$189,$217,$1963,$-764,$0,$-564,$113,$14,$127,$0,$-1202,$-125,$0,$-125,$-1074,$-1074,$0,$-153,$-1352,$-570,$38,$0
8,2016-09-30,66.07,$25.50,2.59,$51.89,1.27,$12.45,5.31,$3.46,19.1,$4.26B,$2.64B,1.61,$8.97B,$5.12B,1.75,$10.76B,$3.27B,30.35%,$10.76B,$1.72B,16.02%,$10.76B,$1.72B,16.02%,$10.76B,$2.42B,22.46%,$10.76B,$1.32B,12.28%,$10.76B,$0.72B,6.64%,$0.72B,$5.12B,14.24%,$0.72B,$-5.84B,-11.91%,$0.72B,$18.93B,3.83%,$1.72B,$14.09B,12.32%,$3731,$2698,$1033,$0,$407,$2911,$819,$-103,$716,$104,$612,$612,$571,$1001,$819,$204,207,$2.80,$2.76,$1573,$201,$177,$4261,$3045,$617,$10959,$43,$14664,$18926,$2639,$8972,$421,$11167,$13806,$0,$5079,$-52,$5119,$18926,$845,$531,$-47,$485,$-86,$-13,$-46,$137,$152,$1481,$-575,$-0,$-478,$-233,$29,$-204,$0,$-1257,$-99,$0,$-99,$-602,$-602,$0,$-107,$-808,$-586,$30,$0
9,2016-06-30,77.32,$23.97,3.23,$50.13,1.54,$11.11,6.96,$1.70,45.48,$4.50B,$2.65B,1.7,$8.96B,$4.96B,1.81,$10.56B,$3.26B,30.86%,$10.56B,$1.41B,13.39%,$10.56B,$1.41B,13.39%,$10.56B,$2.09B,19.77%,$10.56B,$1.01B,9.60%,$10.56B,$0.36B,3.41%,$0.36B,$4.96B,7.14%,$0.36B,$-6.03B,-5.93%,$0.36B,$18.69B,1.93%,$1.41B,$13.92B,10.07%,$3718,$2671,$1047,$0,$387,$3389,$329,$-100,$229,$135,$95,$95,$53,$509,$329,$204,208,$0.26,$0.26,$1678,$197,$188,$4496,$2972,$167,$10992,$64,$14195,$18692,$2646,$8957,$421,$11087,$13733,$0,$4508,$-60,$4959,$18692,$233,$350,$304,$654,$-104,$-9,$23,$-27,$59,$946,$-359,$0,$-456,$24,$32,$56,$0,$-758,$-61,$0,$-61,$-265,$-265,$0,$-77,$-404,$-216,$24,$0
10,2016-03-31,73.38,$23.85,3.08,$48.05,1.53,$8.98,8.17,$2.22,33.05,$4.20B,$2.44B,1.72,$8.98B,$4.92B,1.83,$10.28B,$3.20B,31.15%,$10.28B,$1.57B,15.24%,$10.28B,$1.57B,15.24%,$10.28B,$2.22B,21.58%,$10.28B,$1.12B,10.86%,$10.28B,$0.48B,4.64%,$0.48B,$4.92B,9.29%,$0.48B,$-6.24B,-7.87%,$0.48B,$18.51B,2.55%,$1.57B,$13.90B,11.05%,$3581,$2582,$999,$0,$386,$3216,$365,$-100,$265,$127,$138,$138,$97,$534,$365,$204,208,$0.48,$0.47,$1438,$193,$187,$4200,$2911,$173,$11164,$66,$14315,$18514,$2444,$8980,$464,$11149,$13592,$0,$4454,$-54,$4922,$18514,$138,$169,$154,$324,$-78,$-5,$8,$-1,$-33,$429,$-173,$0,$-400,$25,$-6,$19,$0,$-554,$-20,$0,$-20,$-272,$-272,$0,$-41,$-333,$-458,$13,$0
11,2015-12-31,69.71,$24.24,2.88,$46.23,1.51,$9.10,7.66,$1.23,56.67,$4.50B,$2.40B,1.88,$9.00B,$5.08B,1.77,$9.98B,$3.13B,31.32%,$9.98B,$1.14B,11.39%,$9.98B,$1.14B,11.39%,$9.98B,$1.77B,17.77%,$9.98B,$0.69B,6.90%,$9.98B,$0.27B,2.69%,$0.27B,$5.08B,5.17%,$0.27B,$-5.90B,-4.45%,$0.27B,$18.52B,1.44%,$1.14B,$14.09B,8.07%,$-266,$-454,$188,$0,$-12,$-477,$211,$-99,$112,$24,$88,$88,$-6,$374,$211,$212,216,$-0.03,$-0.01,$1907,$186,$190,$4503,$2789,$167,$10982,$74,$14012,$18515,$2399,$9001,$439,$11032,$13431,$0,$4357,$-60,$5084,$18515,$427,$638,$432,$1070,$-203,$-48,$31,$183,$60,$1557,$-688,$0,$-96,$-79,$-18,$-97,$0,$-882,$543,$0,$543,$-524,$-524,$0,$-158,$-139,$508,$57,$0
12,2015-09-30,72.33,$24.61,2.94,$62.80,1.15,$8.89,8.13,$2.22,32.58,$4.74B,$2.41B,1.97,$9.08B,$5.19B,1.75,$13.58B,$3.90B,28.73%,$13.58B,$1.38B,10.15%,$13.58B,$1.38B,10.15%,$13.58B,$2.01B,14.77%,$13.58B,$0.93B,6.86%,$13.58B,$0.48B,3.56%,$0.48B,$5.19B,9.17%,$0.48B,$-6.12B,-7.99%,$0.48B,$18.90B,2.62%,$1.38B,$14.27B,9.85%,$3526,$2501,$1025,$0,$353,$3016,$509,$-101,$408,$147,$261,$261,$216,$671,$509,$212,217,$1.02,$1.00,$1970,$173,$176,$4738,$2622,$158,$11314,$62,$14157,$18895,$2411,$9082,$406,$11292,$13703,$0,$4363,$-54,$5192,$18895,$393,$475,$139,$613,$-178,$-36,$11,$158,$114,$1121,$-462,$0,$-84,$-591,$-14,$-604,$0,$-1150,$639,$0,$639,$-364,$-364,$0,$-161,$114,$82,$43,$0
13,2015-06-30,79.47,$24.82,3.2,$61.50,1.29,$10.86,7.32,$2.07,38.39,$4.78B,$2.33B,2.05,$9.10B,$5.35B,1.7,$13.30B,$3.80B,28.57%,$13.30B,$1.31B,9.82%,$13.30B,$1.31B,9.82%,$13.30B,$1.92B,14.44%,$13.30B,$0.86B,6.46%,$13.30B,$0.45B,3.39%,$0.45B,$5.35B,8.58%,$0.45B,$-5.97B,-7.44%,$0.45B,$18.95B,2.47%,$1.31B,$14.45B,9.47%,$3435,$2446,$989,$0,$348,$2954,$481,$-150,$331,$123,$208,$208,$170,$639,$481,$213,218,$0.80,$0.78,$1876,$159,$190,$4781,$2565,$160,$11319,$122,$14166,$18947,$2334,$9101,$400,$11266,$13600,$0,$4147,$-44,$5347,$18947,$132,$313,$123,$436,$-143,$-23,$51,$125,$-126,$442,$-291,$0,$-42,$-607,$-8,$-615,$0,$-947,$668,$0,$668,$-79,$-79,$0,$-113,$475,$-32,$28,$0
14,2015-03-31,81.28,$24.04,3.38,$60.36,1.35,$12.02,6.76,$1.97,41.26,$4.30B,$2.68B,1.61,$8.38B,$5.17B,1.62,$13.04B,$3.74B,28.67%,$13.04B,$1.31B,10.05%,$13.04B,$1.31B,10.05%,$13.04B,$1.91B,14.66%,$13.04B,$0.81B,6.21%,$13.04B,$0.43B,3.29%,$0.43B,$5.17B,8.31%,$0.43B,$-6.17B,-6.98%,$0.43B,$18.37B,2.38%,$1.31B,$13.55B,9.69%,$3288,$2363,$925,$0,$342,$3352,$-64,$-98,$-162,$-86,$-76,$-76,$-111,$90,$-64,$213,213,$-0.52,$-0.52,$1434,$146,$186,$4301,$2501,$161,$11336,$68,$14066,$18367,$2680,$8380,$407,$10516,$13196,$0,$3976,$-48,$5171,$18367,$-76,$154,$316,$470,$-152,$-9,$-11,$51,$16,$410,$-121,$0,$-38,$-85,$-7,$-93,$0,$-252,$-28,$0,$-28,$-64,$-64,$0,$-18,$-111,$46,$13,$0
15,2014-12-31,75.74,$24.86,3.05,$59.03,1.28,$12.02,6.3,$3.34,22.68,$3.64B,$2.09B,1.74,$8.30B,$5.36B,1.55,$12.80B,$3.68B,28.73%,$12.80B,$1.82B,14.19%,$12.80B,$1.82B,14.19%,$12.80B,$2.41B,18.80%,$12.80B,$1.31B,10.23%,$12.80B,$0.72B,5.65%,$0.72B,$5.36B,14.24%,$0.72B,$-5.92B,-11.63%,$0.72B,$17.62B,4.07%,$1.82B,$13.66B,13.58%,$3328,$2366,$962,$0,$356,$2876,$452,$-98,$354,$104,$250,$250,$208,$606,$452,$212,217,$0.97,$0.95,$1303,$136,$187,$3636,$2469,$155,$11280,$77,$13981,$17617,$2089,$8299,$390,$10168,$12257,$0,$4087,$-25,$5360,$17617,$863,$591,$35,$626,$-41,$-46,$-3,$23,$-30,$1459,$-633,$-1,$-272,$-338,$-35,$-373,$1,$-1278,$-8,$0,$-8,$20,$20,$0,$-177,$-165,$19,$57,$0
16,2014-09-30,73.14,$23.97,3.05,$57.95,1.26,$13.88,5.27,$3.37,21.7,$4.18B,$2.60B,1.61,$8.38B,$5.15B,1.63,$12.53B,$3.65B,29.12%,$12.53B,$1.85B,14.74%,$12.53B,$1.85B,14.74%,$12.53B,$2.42B,19.34%,$12.53B,$1.34B,10.65%,$12.53B,$0.73B,5.80%,$0.73B,$5.15B,14.87%,$0.73B,$-6.19B,-11.37%,$0.73B,$18.10B,4.12%,$1.85B,$13.53B,14.06%,$3252,$2327,$925,$0,$323,$2814,$438,$-101,$336,$117,$220,$220,$184,$586,$438,$213,217,$0.87,$0.85,$1669,$115,$172,$4178,$2359,$154,$11342,$67,$13923,$18101,$2598,$8381,$368,$10352,$12950,$0,$3879,$-12,$5151,$18101,$613,$437,$206,$644,$17,$-25,$2,$59,$273,$1529,$-444,$-0,$-214,$-141,$-32,$-174,$0,$-831,$31,$0,$31,$15,$15,$0,$-165,$-119,$581,$44,$0
17,2014-06-30,72.32,$23.08,3.13,$56.94,1.27,$13.63,5.31,$3.16,22.89,$4.16B,$2.61B,1.6,$8.39B,$4.96B,1.69,$12.28B,$3.63B,29.55%,$12.28B,$1.79B,14.55%,$12.28B,$1.79B,14.55%,$12.28B,$2.35B,19.12%,$12.28B,$1.27B,10.34%,$12.28B,$0.68B,5.54%,$0.68B,$4.96B,14.44%,$0.68B,$-6.32B,-10.40%,$0.68B,$17.93B,3.93%,$1.79B,$13.35B,13.84%,$3172,$2247,$926,$0,$299,$2688,$484,$-202,$282,$101,$181,$181,$148,$630,$484,$212,217,$0.70,$0.68,$1485,$100,$165,$4161,$2291,$130,$11277,$66,$13764,$17926,$2608,$8391,$386,$10361,$12969,$0,$3695,$1,$4957,$17926,$393,$288,$178,$467,$-65,$-11,$-46,$-79,$-178,$681,$-279,$-0,$-98,$-62,$-5,$-66,$0,$-443,$348,$0,$348,$7,$7,$0,$-119,$237,$475,$30,$0
18,2014-03-31,68.85,$22.60,3.05,$55.67,1.24,$13.76,5.0,$3.67,18.79,$3.71B,$2.57B,1.45,$8.07B,$4.84B,1.67,$11.98B,$3.56B,29.71%,$11.98B,$1.82B,15.23%,$11.98B,$1.82B,15.23%,$11.98B,$2.37B,19.79%,$11.98B,$1.40B,11.70%,$11.98B,$0.79B,6.56%,$0.79B,$4.84B,17.31%,$0.79B,$-6.43B,-11.78%,$0.79B,$17.40B,4.64%,$1.82B,$12.91B,14.36%,$3043,$2180,$863,$0,$284,$2602,$441,$-105,$337,$125,$212,$212,$183,$584,$441,$211,216,$0.87,$0.85,$1116,$101,$170,$3707,$2224,$122,$11268,$77,$13691,$17398,$2566,$8072,$407,$9995,$12561,$0,$3547,$-2,$4838,$17398,$212,$143,$37,$179,$-55,$-12,$-43,$21,$28,$419,$-127,$-0,$-68,$-2,$0,$-2,$0,$-196,$-65,$0,$-65,$3,$3,$0,$-0,$-62,$162,$15,$0
19,2013-12-31,63.37,$21.61,2.93,$54.80,1.16,$13.63,4.65,$2.96,21.45,$3.47B,$2.46B,1.41,$8.14B,$4.61B,1.77,$11.77B,$3.57B,30.30%,$11.77B,$1.55B,13.17%,$11.77B,$1.55B,13.17%,$11.77B,$2.08B,17.67%,$11.77B,$1.13B,9.57%,$11.77B,$0.63B,5.38%,$0.63B,$4.61B,14.65%,$0.63B,$-6.63B,-9.24%,$0.63B,$17.10B,3.79%,$1.55B,$12.75B,12.37%,$3063,$2128,$935,$0,$319,$2579,$484,$-104,$380,$136,$244,$244,$212,$623,$484,$210,215,$1.02,$0.99,$953,$89,$176,$3472,$2189,$120,$11237,$80,$13627,$17099,$2462,$8141,$380,$10031,$12493,$0,$3364,$-3,$4606,$17099,$757,$528,$414,$942,$-60,$-9,$17,$54,$74,$1773,$-555,$-2,$-310,$-8,$-1,$-9,$0,$-877,$-437,$0,$-437,$16,$16,$0,$-62,$-483,$413,$60,$0
20,2013-09-30,56.9,$20.87,2.73,$53.18,1.07,$10.79,5.27,$2.72,20.92,$3.38B,$2.45B,1.38,$8.18B,$4.44B,1.84,$11.18B,$3.40B,30.41%,$11.18B,$1.45B,13.01%,$11.18B,$1.45B,13.01%,$11.18B,$1.95B,17.48%,$11.18B,$1.03B,9.19%,$11.18B,$0.58B,5.16%,$0.58B,$4.44B,13.91%,$0.58B,$-6.77B,-8.26%,$0.58B,$16.83B,3.51%,$1.45B,$12.62B,11.72%,$3000,$2095,$904,$0,$305,$2623,$377,$-106,$271,$101,$170,$170,$137,$510,$377,$210,215,$0.65,$0.64,$977,$85,$157,$3381,$2048,$114,$11204,$80,$13446,$16827,$2453,$8181,$364,$9937,$12390,$0,$3152,$-4,$4437,$16827,$513,$389,$348,$737,$21,$-5,$-72,$125,$169,$1419,$-400,$-0,$-173,$-5,$0,$-5,$0,$-577,$-384,$0,$-384,$12,$12,$0,$-33,$-404,$437,$47,$0
21,2013-06-30,60.4,$20.15,3.0,$49.29,1.23,$8.74,6.91,$2.83,21.34,$3.13B,$2.22B,1.41,$8.23B,$4.28B,1.92,$10.13B,$3.12B,30.76%,$10.13B,$1.42B,14.00%,$10.13B,$1.42B,14.00%,$10.13B,$1.87B,18.42%,$10.13B,$1.03B,10.15%,$10.13B,$0.59B,5.78%,$0.59B,$4.28B,15.78%,$0.59B,$-6.85B,-9.75%,$0.59B,$16.46B,3.92%,$1.42B,$12.52B,12.53%,$2872,$2014,$857,$0,$268,$2350,$522,$-109,$413,$129,$283,$283,$254,$653,$522,$210,215,$1.21,$1.18,$625,$78,$150,$3132,$1991,$101,$11134,$98,$13324,$16456,$2215,$8234,$372,$9958,$12173,$0,$4016,$-3,$4282,$16456,$343,$256,$169,$425,$-18,$1,$-95,$53,$-82,$686,$-258,$-0,$-88,$-1,$-1,$-2,$0,$-348,$-251,$0,$-251,$9,$9,$0,$-12,$-254,$84,$32,$0
22,2013-03-31,59.3,$18.72,3.17,$45.89,1.29,$8.23,7.2,$2.14,27.71,$3.19B,$2.33B,1.37,$8.28B,$3.96B,2.09,$9.17B,$2.87B,31.33%,$9.17B,$1.14B,12.47%,$9.17B,$1.14B,12.47%,$9.17B,$1.54B,16.77%,$9.17B,$0.80B,8.75%,$9.17B,$0.43B,4.65%,$0.43B,$3.96B,13.06%,$0.43B,$-7.16B,-8.49%,$0.43B,$16.41B,3.25%,$1.14B,$12.23B,11.53%,$2830,$1961,$869,$0,$284,$2663,$167,$-105,$62,$15,$46,$46,$30,$293,$167,$209,214,$0.14,$0.14,$707,$77,$150,$3191,$1915,$101,$11119,$87,$13222,$16413,$2325,$8277,$511,$10132,$12457,$0,$3762,$-17,$3957,$16413,$60,$126,$193,$319,$-92,$2,$-84,$85,$0,$379,$-117,$-0,$-29,$-0,$0,$-0,$0,$-146,$-64,$0,$-64,$6,$6,$0,$-10,$-67,$166,$16,$0
23,2012-12-31,55.27,$18.56,2.98,$42.34,1.31,$8.15,6.78,$2.73,20.24,$2.89B,$2.02B,1.43,$8.33B,$3.92B,2.13,$8.19B,$2.60B,31.79%,$8.19B,$1.30B,15.84%,$8.19B,$1.30B,15.84%,$8.19B,$1.64B,20.04%,$8.19B,$1.00B,12.23%,$8.19B,$0.54B,6.55%,$0.54B,$3.92B,18.65%,$0.54B,$-7.16B,-13.63%,$0.54B,$16.02B,4.74%,$1.30B,$12.24B,15.15%,$2478,$1707,$770,$0,$274,$2090,$388,$-106,$282,$98,$184,$184,$156,$498,$388,$192,196,$0.78,$0.77,$541,$78,$202,$2887,$1872,$94,$11081,$80,$13128,$16015,$2016,$8327,$458,$10081,$12098,$0,$3732,$-15,$3917,$16015,$641,$344,$150,$494,$-48,$4,$41,$80,$-34,$1101,$-547,$-1,$-4294,$10,$-1,$9,$0,$-4832,$3962,$0,$3962,$7,$7,$0,$-96,$3872,$140,$45,$0
24,2012-09-30,51.81,$14.00,3.7,$38.76,1.34,$9.75,5.31,$2.76,18.8,$2.33B,$1.34B,1.74,$5.62B,$2.67B,2.11,$7.46B,$2.42B,32.40%,$7.46B,$1.26B,16.93%,$7.46B,$1.26B,16.93%,$7.46B,$1.57B,21.05%,$7.46B,$1.01B,13.57%,$7.46B,$0.53B,7.08%,$0.53B,$2.67B,21.45%,$0.53B,$-2.83B,-18.52%,$0.53B,$10.82B,5.54%,$1.26B,$8.29B,17.61%,$1946,$1327,$619,$0,$198,$1605,$341,$-70,$271,$99,$173,$173,$145,$421,$341,$190,193,$0.76,$0.75,$388,$78,$47,$2326,$1655,$42,$5503,$1299,$8498,$10824,$1337,$5621,$161,$6817,$8154,$0,$3576,$-18,$2670,$10824,$457,$234,$72,$306,$-51,$2,$-18,$161,$137,$901,$-379,$-1,$-417,$3,$7,$10,$0,$-787,$1170,$0,$1170,$8,$8,$0,$-1304,$-125,$-12,$35,$0
25,2012-06-30,49.11,$13.27,3.7,$37.93,1.29,$11.14,4.41,$2.72,18.09,$2.18B,$1.24B,1.76,$4.39B,$2.51B,1.75,$7.27B,$2.37B,32.54%,$7.27B,$1.24B,17.07%,$7.27B,$1.24B,17.07%,$7.27B,$1.54B,21.13%,$7.27B,$1.00B,13.75%,$7.27B,$0.52B,7.12%,$0.52B,$2.51B,22.38%,$0.52B,$-2.91B,-18.14%,$0.52B,$9.26B,5.75%,$1.24B,$6.90B,18.46%,$1913,$1299,$614,$0,$213,$1666,$247,$-60,$187,$68,$120,$120,$95,$325,$247,$188,192,$0.51,$0.50,$282,$78,$46,$2179,$1586,$40,$5420,$30,$7076,$9255,$1236,$4393,$164,$5511,$6747,$0,$3431,$-19,$2508,$9255,$285,$154,$24,$178,$-53,$2,$8,$140,$71,$534,$-251,$0,$-345,$4,$4,$8,$0,$-587,$-37,$0,$-37,$5,$5,$0,$-35,$-67,$-120,$24,$0
26,2012-03-31,45.09,$12.78,3.53,$36.47,1.24,$11.60,3.89,$2.74,16.48,$2.37B,$1.24B,1.91,$4.40B,$2.40B,1.83,$7.02B,$2.25B,32.06%,$7.02B,$1.24B,17.68%,$7.02B,$1.24B,17.68%,$7.02B,$1.52B,21.68%,$7.02B,$1.00B,14.25%,$7.02B,$0.52B,7.45%,$0.52B,$2.40B,24.05%,$0.52B,$-2.82B,-19.12%,$0.52B,$9.16B,5.98%,$1.24B,$6.80B,18.98%,$1850,$1249,$600,$0,$205,$1529,$321,$-60,$261,$96,$165,$165,$140,$397,$321,$188,191,$0.75,$0.73,$458,$72,$47,$2374,$1491,$37,$5225,$30,$6783,$9157,$1242,$4402,$158,$5513,$6755,$0,$3336,$-19,$2402,$9157,$165,$76,$12,$88,$-72,$5,$-21,$82,$79,$332,$-112,$0,$-132,$6,$4,$11,$0,$-234,$-23,$0,$-23,$2,$2,$0,$-21,$-43,$56,$13,$0
27,2011-12-31,37.91,$12.11,3.13,$34.75,1.09,$11.79,3.22,$2.49,15.25,$2.29B,$1.17B,1.97,$4.42B,$2.27B,1.95,$6.73B,$2.10B,31.17%,$6.73B,$1.16B,17.16%,$6.73B,$1.16B,17.16%,$6.73B,$1.42B,21.13%,$6.73B,$0.92B,13.62%,$6.73B,$0.48B,7.10%,$0.48B,$2.27B,22.67%,$0.48B,$-2.84B,-18.53%,$0.48B,$8.90B,5.60%,$1.16B,$6.69B,17.98%,$1750,$1167,$584,$0,$187,$1396,$354,$-61,$293,$101,$192,$192,$148,$427,$354,$189,193,$0.79,$0.78,$411,$76,$49,$2293,$1433,$37,$5106,$34,$6611,$8904,$1165,$4418,$152,$5471,$6636,$0,$3196,$-19,$2268,$8904,$573,$267,$164,$432,$-89,$10,$84,$15,$175,$1180,$-325,$0,$-1077,$43,$-40,$3,$0,$-1399,$128,$0,$128,$-312,$-312,$0,$-63,$-247,$-466,$49,$0
28,2011-09-30,31.34,$11.14,2.81,$32.59,0.96,$10.11,3.1,$2.06,15.25,$2.37B,$1.21B,1.97,$4.42B,$2.08B,2.12,$6.41B,$1.85B,28.85%,$6.41B,$1.05B,16.44%,$6.41B,$1.05B,16.44%,$6.41B,$1.31B,20.41%,$6.41B,$0.75B,11.76%,$6.41B,$0.40B,6.23%,$0.40B,$2.08B,19.46%,$0.40B,$-2.85B,-16.45%,$0.40B,$8.71B,4.79%,$1.05B,$6.50B,16.66%,$1758,$1190,$568,$0,$183,$1439,$319,$-60,$259,$94,$164,$164,$135,$387,$319,$187,190,$0.73,$0.71,$566,$73,$67,$2370,$1336,$39,$4930,$32,$6337,$8707,$1206,$4417,$156,$5418,$6624,$0,$3048,$-21,$2082,$8707,$397,$194,$131,$325,$-61,$12,$57,$90,$307,$1029,$-252,$0,$-876,$-1,$-5,$-6,$0,$-1133,$156,$0,$156,$-313,$-313,$0,$-57,$-215,$-319,$36,$0
29,2011-06-30,43.31,$10.41,4.16,$31.28,1.38,$8.66,5.0,$1.92,22.55,$2.51B,$1.04B,2.43,$4.21B,$1.95B,2.16,$6.30B,$1.79B,28.35%,$6.30B,$0.99B,15.74%,$6.30B,$0.99B,15.74%,$6.30B,$1.24B,19.61%,$6.30B,$0.71B,11.31%,$6.30B,$0.38B,6.08%,$0.38B,$1.95B,18.03%,$0.38B,$-2.43B,-17.70%,$0.38B,$8.19B,4.75%,$0.99B,$6.16B,16.23%,$1661,$1163,$498,$0,$164,$1415,$247,$-59,$187,$67,$120,$120,$100,$311,$247,$191,195,$0.53,$0.52,$753,$69,$50,$2513,$1224,$40,$4380,$35,$5679,$8193,$1036,$4211,$127,$5211,$6247,$0,$2912,$-12,$1946,$8193,$235,$127,$97,$224,$-83,$9,$41,$4,$75,$534,$-155,$0,$-148,$-1,$-5,$-6,$0,$-309,$-32,$0,$-32,$-283,$-283,$0,$-41,$-356,$-130,$23,$0
30,2011-03-31,42.76,$11.08,3.86,$30.37,1.41,$8.92,4.8,$1.93,22.21,$2.73B,$1.01B,2.71,$4.22B,$2.14B,1.97,$6.22B,$1.76B,28.33%,$6.22B,$0.99B,15.84%,$6.22B,$0.99B,15.84%,$6.22B,$1.23B,19.69%,$6.22B,$0.72B,11.57%,$6.22B,$0.39B,6.28%,$0.39B,$2.14B,17.56%,$0.39B,$-2.20B,-19.54%,$0.39B,$8.32B,4.94%,$0.99B,$6.36B,16.49%,$1562,$1114,$448,$0,$152,$1327,$235,$-58,$178,$63,$115,$115,$95,$297,$235,$193,197,$0.49,$0.48,$1029,$70,$46,$2727,$1184,$33,$4339,$41,$5596,$8323,$1007,$4218,$111,$5179,$6186,$0,$2812,$-2,$2137,$8323,$115,$62,$42,$104,$-20,$7,$27,$37,$111,$330,$-68,$0,$-79,$1,$0,$1,$0,$-145,$-18,$0,$-18,$3,$3,$0,$-24,$-39,$146,$10,$0
31,2010-12-31,34.75,$10.61,3.27,$29.88,1.16,$8.63,4.03,$1.97,17.68,$2.62B,$0.92B,2.84,$4.23B,$2.04B,2.08,$6.22B,$1.79B,28.81%,$6.22B,$0.99B,15.98%,$6.22B,$0.99B,15.98%,$6.22B,$1.23B,19.74%,$6.22B,$0.74B,11.91%,$6.22B,$0.41B,6.51%,$0.41B,$2.04B,17.82%,$0.41B,$-2.22B,-21.44%,$0.41B,$8.11B,5.22%,$0.99B,$6.27B,17.00%,$1424,$1090,$334,$0,$150,$1172,$252,$-123,$129,$38,$90,$90,$69,$312,$252,$203,206,$0.37,$0.36,$883,$76,$44,$2623,$1171,$35,$4254,$32,$5492,$8114,$924,$4234,$115,$5153,$6077,$0,$2718,$1,$2037,$8114,$484,$234,$222,$456,$55,$-4,$4,$-151,$-101,$840,$-274,$0,$-166,$1,$1,$2,$0,$-437,$675,$0,$675,$-565,$-565,$0,$-192,$-82,$321,$46,$0
32,2010-09-30,34.52,$11.73,2.94,$30.46,1.13,$7.80,4.42,$2.15,16.09,$2.26B,$1.11B,2.04,$3.27B,$2.38B,1.37,$6.36B,$1.93B,30.37%,$6.36B,$0.98B,15.42%,$6.36B,$0.98B,15.42%,$6.36B,$1.21B,19.05%,$6.36B,$0.81B,12.68%,$6.36B,$0.45B,7.02%,$0.45B,$2.38B,19.29%,$0.45B,$-1.80B,-24.67%,$0.45B,$7.63B,5.86%,$0.98B,$5.64B,17.16%,$1650,$1144,$505,$0,$148,$1393,$257,$-39,$218,$75,$143,$143,$119,$315,$257,$205,208,$0.58,$0.58,$558,$69,$39,$2262,$1122,$34,$4177,$32,$5365,$7627,$1112,$3266,$117,$4139,$5251,$0,$2649,$0,$2376,$7627,$392,$174,$115,$290,$22,$3,$95,$-99,$38,$719,$-169,$0,$-119,$27,$-24,$3,$0,$-285,$-270,$0,$-270,$-109,$-109,$0,$-59,$-439,$-5,$33,$0
33,2010-06-30,31.22,$11.49,2.72,$30.05,1.04,$6.63,4.71,$2.10,14.87,$2.27B,$1.12B,2.03,$3.29B,$2.36B,1.4,$6.28B,$1.90B,30.30%,$6.28B,$0.97B,15.41%,$6.28B,$0.97B,15.41%,$6.28B,$1.20B,19.08%,$6.28B,$0.79B,12.55%,$6.28B,$0.44B,6.97%,$0.44B,$2.36B,19.45%,$0.44B,$-1.78B,-23.78%,$0.44B,$7.58B,5.77%,$0.97B,$5.64B,16.91%,$1587,$1111,$476,$0,$136,$1345,$242,$-47,$195,$71,$124,$124,$108,$301,$242,$206,209,$0.53,$0.52,$598,$69,$39,$2265,$1106,$33,$4141,$33,$5313,$7578,$1119,$3288,$118,$4102,$5221,$0,$2529,$-1,$2357,$7578,$249,$116,$27,$143,$34,$2,$62,$7,$166,$558,$-99,$0,$-74,$4,$-0,$3,$0,$-170,$-249,$0,$-249,$-66,$-66,$0,$-38,$-353,$35,$22,$0
34,2010-03-31,31.7,$11.17,2.84,$29.76,1.07,$5.44,5.82,$2.09,15.17,$2.46B,$1.05B,2.35,$3.51B,$2.32B,1.51,$6.21B,$1.89B,30.49%,$6.21B,$0.96B,15.49%,$6.21B,$0.96B,15.49%,$6.21B,$1.19B,19.17%,$6.21B,$0.78B,12.60%,$6.21B,$0.44B,7.02%,$0.44B,$2.32B,20.03%,$0.44B,$-1.75B,-22.99%,$0.44B,$7.69B,5.77%,$0.96B,$5.83B,16.82%,$1559,$1083,$477,$0,$137,$1317,$243,$-44,$199,$74,$125,$125,$109,$300,$243,$207,210,$0.53,$0.52,$779,$68,$34,$2461,$1094,$32,$4072,$33,$5230,$7692,$1047,$3510,$119,$4326,$5373,$0,$2422,$-3,$2319,$7692,$125,$57,$11,$69,$1,$2,$2,$-1,$68,$262,$-43,$0,$15,$0,$3,$3,$0,$-24,$-25,$0,$-25,$21,$21,$0,$-18,$-22,$216,$10,$0
35,2009-12-31,29.37,$10.64,2.76,$29.25,1.0,$4.69,6.26,$2.03,14.47,$2.30B,$1.05B,2.2,$3.53B,$2.19B,1.61,$6.10B,$1.86B,30.47%,$6.10B,$0.94B,15.41%,$6.10B,$0.94B,15.41%,$6.10B,$1.17B,19.16%,$6.10B,$0.76B,12.41%,$6.10B,$0.42B,6.93%,$0.42B,$2.19B,20.36%,$0.42B,$-1.89B,-21.23%,$0.42B,$7.56B,5.68%,$0.94B,$5.73B,16.65%,$1560,$1089,$472,$0,$137,$1322,$238,$-44,$194,$69,$125,$125,$110,$295,$238,$207,208,$0.53,$0.53,$566,$70,$40,$2303,$1105,$30,$4088,$33,$5256,$7558,$1047,$3532,$118,$4317,$5364,$0,$2312,$-6,$2194,$7558,$480,$229,$127,$356,$-32,$15,$-105,$-83,$-169,$667,$-267,$0,$-88,$8,$-2,$6,$3,$-346,$-61,$0,$-61,$-86,$-86,$0,$-45,$-192,$129,$44,$0
36,2009-09-30,28.32,$10.36,2.73,$28.66,0.99,$4.17,6.8,$1.97,14.38,$2.31B,$1.11B,2.07,$3.56B,$2.14B,1.66,$6.00B,$1.84B,30.61%,$6.00B,$0.93B,15.41%,$6.00B,$0.93B,15.41%,$6.00B,$1.15B,19.21%,$6.00B,$0.73B,12.20%,$6.00B,$0.41B,6.85%,$0.41B,$2.14B,20.69%,$0.41B,$-1.94B,-19.84%,$0.41B,$7.54B,5.57%,$0.93B,$5.69B,16.59%,$1574,$1096,$478,$0,$135,$1329,$245,$-45,$200,$74,$126,$126,$111,$302,$245,$208,209,$0.54,$0.53,$602,$69,$35,$2309,$1088,$32,$4075,$34,$5229,$7538,$1114,$3556,$133,$4286,$5399,$0,$2202,$-8,$2138,$7538,$354,$172,$98,$270,$-68,$16,$-59,$-75,$-110,$514,$-206,$0,$-58,$14,$-0,$14,$1,$-249,$-37,$0,$-37,$-31,$-31,$0,$-27,$-95,$171,$34,$0
37,2009-06-30,24.73,$9.89,2.5,$27.99,0.88,$3.60,6.88,$1.89,13.12,$2.23B,$1.11B,2.01,$3.58B,$2.06B,1.74,$5.88B,$1.80B,30.64%,$5.88B,$0.90B,15.35%,$5.88B,$0.90B,15.35%,$5.88B,$1.13B,19.20%,$5.88B,$0.70B,11.95%,$5.88B,$0.39B,6.71%,$0.39B,$2.06B,20.43%,$0.39B,$-2.00B,-18.62%,$0.39B,$7.44B,5.41%,$0.90B,$5.64B,16.28%,$1519,$1052,$467,$0,$132,$1283,$236,$-46,$190,$71,$120,$120,$106,$294,$236,$207,208,$0.51,$0.51,$563,$65,$38,$2233,$1075,$31,$4057,$44,$5208,$7441,$1109,$3579,$134,$4276,$5385,$0,$2091,$-10,$2056,$7441,$228,$115,$66,$181,$-54,$19,$-52,$-48,$-62,$347,$-138,$0,$-38,$16,$-0,$15,$0,$-160,$-23,$0,$-23,$-15,$-15,$0,$-15,$-53,$133,$22,$0
38,2009-03-31,21.98,$9.30,2.36,$27.34,0.8,$3.11,7.06,$1.83,12.04,$2.03B,$1.03B,1.98,$3.60B,$1.92B,1.87,$5.76B,$1.77B,30.66%,$5.76B,$0.88B,15.34%,$5.76B,$0.88B,15.34%,$5.76B,$1.11B,19.17%,$5.76B,$0.68B,11.76%,$5.76B,$0.38B,6.65%,$0.38B,$1.92B,20.60%,$0.38B,$-2.14B,-17.64%,$0.38B,$7.24B,5.33%,$0.88B,$5.52B,16.10%,$1448,$1006,$442,$0,$127,$1227,$221,$-48,$173,$65,$108,$108,$96,$278,$221,$208,209,$0.47,$0.46,$431,$71,$32,$2031,$1067,$29,$4062,$46,$5204,$7235,$1027,$3600,$135,$4285,$5311,$0,$1986,$-12,$1924,$7235,$108,$57,$36,$93,$-14,$13,$-65,$-20,$-67,$134,$-73,$0,$-36,$10,$0,$10,$0,$-99,$-11,$0,$-11,$-23,$-23,$0,$-7,$-41,$-5,$11,$0
39,2008-12-31,24.79,$8.80,2.82,$26.62,0.93,$3.02,8.2,$1.77,14.04,$2.13B,$1.16B,1.83,$3.62B,$1.83B,1.98,$5.66B,$1.74B,30.74%,$5.66B,$0.87B,15.35%,$5.66B,$0.87B,15.35%,$5.66B,$1.09B,19.19%,$5.66B,$0.66B,11.61%,$5.66B,$0.37B,6.61%,$0.37B,$1.83B,20.46%,$0.37B,$-2.21B,-17.19%,$0.37B,$7.29B,5.25%,$0.87B,$5.45B,15.87%,$1461,$1011,$450,$0,$134,$1238,$223,$-54,$169,$60,$110,$110,$98,$279,$223,$210,212,$0.47,$0.47,$446,$84,$34,$2128,$1048,$25,$4037,$47,$5158,$7286,$1163,$3622,$137,$4296,$5459,$0,$1889,$-14,$1827,$7286,$421,$217,$168,$385,$-150,$-3,$57,$-36,$-193,$614,$-318,$0,$-101,$0,$20,$20,$2,$-398,$-14,$0,$-14,$-192,$-192,$0,$-46,$-252,$-36,$41,$0
40,2008-09-30,28.51,$9.10,3.13,$26.03,1.09,$3.06,9.3,$1.69,16.87,$2.06B,$1.12B,1.84,$3.64B,$1.91B,1.91,$5.55B,$1.72B,30.91%,$5.55B,$0.89B,15.99%,$5.55B,$0.89B,15.99%,$5.55B,$1.10B,19.81%,$5.55B,$0.67B,12.12%,$5.55B,$0.36B,6.52%,$0.36B,$1.91B,20.06%,$0.36B,$-2.12B,-16.63%,$0.36B,$7.17B,5.14%,$0.89B,$5.55B,16.24%,$1447,$1006,$441,$0,$129,$1225,$222,$-52,$170,$62,$108,$108,$94,$277,$222,$209,211,$0.45,$0.45,$440,$82,$36,$2064,$1012,$26,$4022,$48,$5108,$7172,$1124,$3643,$121,$4141,$5265,$0,$1791,$-5,$1907,$7172,$312,$161,$110,$271,$-130,$-1,$-13,$-8,$-167,$415,$-224,$-0,$-77,$3,$0,$3,$1,$-296,$-1,$0,$-1,$-136,$-136,$0,$-41,$-178,$-59,$30,$0
41,2008-06-30,26.57,$8.54,3.11,$25.31,1.05,$2.78,9.56,$1.69,15.77,$1.99B,$1.15B,1.73,$3.66B,$1.78B,2.06,$5.43B,$1.70B,31.41%,$5.43B,$0.88B,16.18%,$5.43B,$0.88B,16.18%,$5.43B,$1.09B,20.00%,$5.43B,$0.66B,12.15%,$5.43B,$0.36B,6.67%,$0.36B,$1.78B,20.87%,$0.36B,$-2.22B,-16.30%,$0.36B,$7.05B,5.22%,$0.88B,$5.44B,16.23%,$1407,$973,$434,$0,$125,$1189,$218,$-52,$166,$58,$108,$108,$95,$271,$218,$210,211,$0.46,$0.45,$378,$81,$35,$1989,$986,$26,$4003,$46,$5060,$7050,$1149,$3657,$122,$4120,$5270,$0,$1697,$-5,$1780,$7050,$204,$106,$51,$156,$-120,$-0,$-18,$39,$-105,$255,$-145,$-0,$-47,$4,$0,$4,$1,$-188,$0,$0,$0,$-157,$-157,$0,$-31,$-187,$-120,$19,$0
42,2008-03-31,23.88,$8.42,2.84,$24.78,0.96,$2.77,8.63,$1.82,13.12,$2.02B,$1.07B,1.89,$3.67B,$1.80B,2.04,$5.33B,$1.69B,31.74%,$5.33B,$0.92B,17.28%,$5.33B,$0.92B,17.28%,$5.33B,$1.12B,21.05%,$5.33B,$0.70B,13.11%,$5.33B,$0.39B,7.35%,$0.39B,$1.80B,23.55%,$0.39B,$-2.15B,-17.40%,$0.39B,$6.99B,5.73%,$0.92B,$5.47B,17.21%,$1345,$930,$415,$0,$121,$1139,$206,$-54,$152,$56,$96,$96,$87,$259,$206,$215,216,$0.41,$0.40,$525,$77,$30,$2018,$955,$31,$3950,$36,$4972,$6990,$1071,$3670,$138,$4121,$5192,$0,$1602,$-14,$1798,$6990,$87,$53,$18,$71,$-33,$3,$-39,$10,$-50,$108,$-65,$-0,$-6,$4,$0,$4,$0,$-66,$-2,$0,$-2,$1,$1,$0,$-9,$-9,$32,$10,$0
43,2007-12-31,28.18,$8.08,3.48,$24.56,1.15,$2.75,10.25,$1.78,15.83,$1.98B,$1.09B,1.82,$3.68B,$1.73B,2.13,$5.26B,$1.67B,31.80%,$5.26B,$0.91B,17.25%,$5.26B,$0.91B,17.25%,$5.26B,$1.10B,20.93%,$5.26B,$0.68B,12.82%,$5.26B,$0.38B,7.26%,$0.38B,$1.73B,24.59%,$0.38B,$-2.22B,-16.32%,$0.38B,$6.94B,5.67%,$0.91B,$5.42B,17.28%,$1355,$928,$427,$0,$135,$1113,$242,$-57,$185,$52,$133,$133,$86,$293,$242,$212,215,$0.40,$0.39,$487,$80,$34,$1976,$939,$42,$3951,$35,$4968,$6944,$1086,$3684,$125,$4125,$5212,$0,$1515,$-3,$1732,$6944,$429,$193,$13,$207,$16,$11,$-9,$-69,$-54,$581,$-272,$-2,$-132,$0,$-38,$-38,$-2,$-447,$-47,$0,$-47,$57,$57,$0,$-7,$3,$137,$34,$0
44,2007-09-30,31.59,$7.63,4.14,$24.26,1.3,$2.53,12.51,$1.74,18.21,$1.92B,$1.04B,1.84,$3.70B,$1.63B,2.27,$5.18B,$1.65B,31.78%,$5.18B,$0.86B,16.50%,$5.18B,$0.86B,16.50%,$5.18B,$1.04B,20.13%,$5.18B,$0.61B,11.81%,$5.18B,$0.37B,7.14%,$0.37B,$1.63B,25.84%,$0.37B,$-2.29B,-15.15%,$0.37B,$6.78B,5.59%,$0.86B,$5.32B,16.62%,$1318,$890,$428,$0,$121,$1106,$212,$-56,$156,$62,$94,$94,$94,$262,$212,$212,215,$0.45,$0.44,$413,$76,$28,$1921,$894,$10,$3915,$42,$4861,$6781,$1042,$3696,$102,$4113,$5154,$0,$1430,$5,$1627,$6781,$296,$142,$5,$147,$-32,$15,$-6,$-80,$-134,$310,$-176,$-1,$-77,$-5,$16,$11,$0,$-243,$-46,$0,$-46,$41,$41,$0,$19,$14,$81,$25,$0
45,2007-06-30,26.94,$7.10,3.79,$23.97,1.12,$2.60,10.35,$1.75,15.44,$1.89B,$1.07B,1.76,$3.70B,$1.50B,2.47,$5.10B,$1.60B,31.35%,$5.10B,$0.86B,16.86%,$5.10B,$0.86B,16.86%,$5.10B,$1.04B,20.45%,$5.10B,$0.61B,11.92%,$5.10B,$0.37B,7.27%,$0.37B,$1.50B,28.28%,$0.37B,$-2.35B,-14.54%,$0.37B,$6.67B,5.70%,$0.86B,$5.20B,17.02%,$1313,$891,$422,$0,$122,$1052,$261,$-55,$206,$81,$125,$125,$125,$308,$261,$211,214,$0.60,$0.59,$419,$70,$33,$1887,$866,$16,$3854,$47,$4784,$6671,$1073,$3698,$102,$4097,$5171,$0,$1335,$13,$1501,$6671,$202,$93,$-5,$88,$-27,$20,$-31,$-25,$-75,$214,$-105,$-1,$-6,$-12,$13,$2,$0,$-109,$-44,$0,$-44,$20,$20,$0,$6,$-18,$87,$16,$0
46,2007-03-31,26.66,$6.44,4.14,$23.56,1.13,$2.65,10.07,$1.46,18.26,$1.75B,$1.04B,1.68,$3.72B,$1.35B,2.75,$5.00B,$1.54B,30.86%,$5.00B,$0.77B,15.43%,$5.00B,$0.77B,15.43%,$5.00B,$0.95B,18.98%,$5.00B,$0.51B,10.17%,$5.00B,$0.31B,6.18%,$0.31B,$1.35B,25.80%,$0.31B,$-2.50B,-11.58%,$0.31B,$6.54B,4.81%,$0.77B,$5.08B,15.42%,$1278,$882,$397,$0,$113,$1085,$193,$-66,$128,$51,$77,$77,$77,$239,$193,$210,213,$0.37,$0.36,$362,$69,$29,$1748,$855,$36,$3858,$42,$4790,$6538,$1043,$3721,$157,$4141,$5184,$0,$1210,$14,$1354,$6538,$77,$46,$15,$61,$26,$20,$-46,$-41,$-50,$88,$-49,$-0,$-0,$-15,$5,$-10,$0,$-60,$4,$0,$4,$12,$12,$0,$1,$18,$46,$8,$0
47,2006-12-31,28.44,$5.95,4.78,$23.09,1.23,$2.13,13.37,$1.38,20.68,$1.71B,$1.11B,1.54,$3.73B,$1.25B,2.99,$4.88B,$1.49B,30.53%,$4.88B,$0.74B,15.16%,$4.88B,$0.74B,15.16%,$4.88B,$0.91B,18.71%,$4.88B,$0.48B,9.73%,$4.88B,$0.29B,5.92%,$0.29B,$1.25B,26.28%,$0.29B,$-2.63B,-10.46%,$0.29B,$6.49B,4.56%,$0.74B,$4.98B,14.86%,$1273,$873,$400,$0,$124,$1084,$189,$-67,$122,$47,$74,$74,$74,$234,$189,$207,212,$0.36,$0.35,$315,$89,$25,$1709,$850,$15,$3872,$46,$4782,$6492,$1112,$3730,$155,$4134,$5246,$0,$1130,$13,$1246,$6492,$290,$173,$25,$199,$-75,$-19,$41,$50,$31,$520,$-263,$-6,$-64,$0,$-1,$-1,$21,$-312,$-407,$0,$-407,$41,$41,$0,$37,$-329,$-122,$26,$0
