,Date,Stock Price,Book Value per Share,Price to Book Ratio,TTM Sales per Share,Price to Sales Ratio,TTM FCF per Share,Price to FCF Ratio,TTM Net EPS,PE Ratio,Current Assets,Current Liabilities,Current Ratio,Long Term Debt,Shareholder's Equity_x,Debt to Equity Ratio,TTM Revenue_x,TTM Gross Profit,Gross Margin,TTM Revenue_y,TTM Operating Income,Operating Margin,TTM Revenue_x,TTM EBIT,EBIT Margin,TTM Revenue_y,TTM EBITDA,EBITDA Margin,TTM Revenue_x,TTM Pre-Tax Income,Pre-Tax Margin,TTM Revenue_y,TTM Net Income_x,Net Margin,TTM Net Income_y,Shareholder's Equity_y,Return on Equity,TTM Net Income_x,Tangible Equity,Return on Tangible Equity,TTM Net Income_y,Total Assets,Return on Assets,TTM Net Income,LT Investments & Debt,Return on Investment,revenue,cost-goods-sold,gross-profit,research-development-expenses,selling-general-administrative-expenses,operating-expenses,operating-income,total-non-operating-income-expense,pre-tax-income,total-provision-income-taxes,income-after-taxes,income-from-continuous-operations,net-income,ebitda,ebit,basic-shares-outstanding,shares-outstanding,eps-basic-net-earnings-per-share,eps-earnings-per-share-diluted,cash-on-hand,inventory,other-current-assets,total-current-assets,net-property-plant-equipment,long-term-investments,goodwill-intangible-assets-total,other-long-term-assets,total-long-term-assets,total-assets,total-current-liabilities,long-term-debt,other-non-current-liabilities,total-long-term-liabilities,total-liabilities,common-stock-net,retained-earnings-accumulated-deficit,comprehensive-income,total-share-holder-equity,total-liabilities-share-holders-equity,net-income-loss,total-depreciation-amortization-cash-flow,other-non-cash-items,total-non-cash-items,change-in-accounts-receivable,change-in-inventories,change-in-accounts-payable,change-in-assets-liabilities,total-change-in-assets-liabilities,cash-flow-from-operating-activities,net-change-in-property-plant-equipment,net-change-in-intangible-assets,net-acquisitions-divestitures,net-change-in-short-term-investments,net-change-in-long-term-investments,net-change-in-investments-total,investing-activities-other,cash-flow-from-investing-activities,net-long-term-debt,net-current-debt,debt-issuance-retirement-net-total,net-common-equity-issued-repurchased,net-total-equity-issued-repurchased,total-common-preferred-stock-dividends-paid,financial-activities-other,cash-flow-from-financial-activities,net-cash-flow,stock-based-compensation,common-stock-dividends-paid
0,2018-06-30,15.25,$2.10,7.27,$0.02,632.67,$-4.08,0.0,$-2.09,0.0,$0.23B,$0.03B,8.87,$0.10B,$0.13B,0.76,$0.00B,$-0.00B,-400.00%,$0.00B,$-0.13B,-12600.00%,$0.00B,$-0.13B,-12600.00%,$0.00B,$-0.12B,-11900.00%,$0.00B,$-0.13B,-12700.00%,$0.00B,$-0.13B,-12700.00%,$-0.13B,$0.13B,-72.47%,$-0.13B,$0.11B,-77.32%,$-0.13B,$0.26B,-51.00%,$-0.13B,$0.23B,-56.00%,$1,$5,$-4,$16,$16,$39,$-38,$-1,$-39,$0,$-39,$-39,$-39,$-36,$-38,$62,62,$-0.63,$-0.63,$216,$5,$0,$226,$16,$0,$19,$3,$38,$264,$26,$100,$7,$107,$133,$0,$-986,$-2,$131,$264,$-78,$6,$12,$18,$-0,$-5,$2,$-1,$-3,$-64,$-2,$0,$-10,$-21,$0,$-21,$0,$-33,$99,$0,$99,$0,$0,$0,$-1,$99,$2,$11,$0
1,2018-03-31,19.85,$2.66,7.45,$0.01,0.0,$-3.89,0.0,$-1.87,0.0,$0.26B,$0.02B,10.85,$0.10B,$0.17B,0.6,$0.00B,0,nan%,$0.00B,$-0.11B,inf%,$0.00B,$-0.11B,inf%,$0.00B,$-0.10B,inf%,$0.00B,$-0.11B,inf%,$0.00B,$-0.11B,inf%,$-0.11B,$0.17B,-60.76%,$-0.11B,$0.15B,-63.34%,$-0.11B,$0.30B,-48.87%,$-0.11B,$0.27B,-53.33%,$0,$0,$-0,$19,$17,$38,$-38,$-1,$-39,$0,$-39,$-39,$-39,$-35,$-38,$62,62,$-0.63,$-0.63,$251,$1,$0,$255,$17,$0,$21,$2,$40,$295,$24,$99,$7,$106,$129,$0,$-946,$-0,$166,$295,$-39,$3,$5,$8,$0,$-0,$0,$0,$1,$-30,$-1,$0,$-10,$-49,$0,$-49,$0,$-60,$99,$0,$99,$0,$0,$0,$-0,$99,$9,$5,$0
2,2017-12-31,18.7,$3.24,5.77,$0.01,0.0,$-4.00,0.0,$-1.84,0.0,$0.20B,$0.02B,10.65,$0.00B,$0.20B,0.0,$0.00B,0,nan%,$0.00B,$-0.10B,inf%,$0.00B,$-0.10B,inf%,$0.00B,$-0.09B,inf%,$0.00B,$-0.09B,inf%,$0.00B,$-0.09B,inf%,$-0.09B,$0.20B,-58.57%,$-0.09B,$0.20B,-59.49%,$-0.09B,$0.22B,-53.79%,$-0.10B,$0.20B,-59.19%,$0,$0,$0,$17,$9,$28,$-28,$0,$-27,$0,$-27,$-27,$-27,$-26,$-28,$53,53,$-0.42,$-0.42,$192,$0,$1,$198,$17,$0,$2,$2,$21,$219,$19,$0,$1,$1,$19,$0,$-907,$-1,$200,$219,$-95,$4,$15,$19,$0,$-0,$-2,$-3,$-1,$-78,$-1,$0,$0,$-108,$0,$-108,$0,$-109,$0,$0,$0,$188,$188,$0,$0,$188,$2,$15,$0
3,2017-09-30,21.5,$3.37,6.37,$0.20,109.73,$-5.50,0.0,$-1.95,0.0,$0.20B,$0.01B,15.29,$0.00B,$0.20B,0.0,$0.01B,$0.01B,100.00%,$0.01B,$-0.09B,-1228.57%,$0.01B,$-0.09B,-1228.57%,$0.01B,$-0.09B,-1214.29%,$0.01B,$-0.09B,-1271.43%,$0.01B,$-0.09B,-1271.43%,$-0.09B,$0.20B,-67.04%,$-0.09B,$0.20B,-68.20%,$-0.09B,$0.22B,-60.34%,$-0.09B,$0.20B,-64.78%,$0,$0,$0,$16,$6,$22,$-22,$0,$-22,$0,$-22,$-22,$-22,$-22,$-22,$58,58,$-0.38,$-0.38,$192,$0,$0,$197,$17,$0,$2,$2,$21,$218,$13,$0,$1,$1,$13,$0,$-880,$-1,$204,$218,$-68,$2,$11,$13,$1,$0,$-1,$-3,$-5,$-60,$-0,$0,$0,$-114,$0,$-114,$0,$-115,$0,$0,$0,$170,$170,$0,$0,$170,$-4,$11,$0
4,2017-06-30,9.65,$2.57,3.76,$0.20,48.44,$-6.72,0.0,$-2.47,0.0,$0.13B,$0.01B,11.92,$0.00B,$0.14B,0.0,$0.01B,$0.01B,100.00%,$0.01B,$-0.10B,-1414.29%,$0.01B,$-0.10B,-1414.29%,$0.01B,$-0.10B,-1385.71%,$0.01B,$-0.10B,-1457.14%,$0.01B,$-0.10B,-1457.14%,$-0.10B,$0.14B,-93.79%,$-0.10B,$0.14B,-95.77%,$-0.10B,$0.15B,-79.84%,$-0.10B,$0.14B,-91.03%,$0,$0,$0,$15,$6,$20,$-20,$0,$-20,$0,$-20,$-20,$-20,$-19,$-20,$50,50,$-0.41,$-0.41,$127,$0,$0,$132,$17,$0,$2,$1,$20,$152,$11,$0,$0,$0,$11,$0,$-858,$-2,$141,$152,$-46,$2,$7,$9,$1,$0,$-3,$-2,$-6,$-43,$-0,$0,$0,$-32,$0,$-32,$0,$-32,$0,$0,$0,$88,$88,$0,$-0,$88,$13,$7,$0
5,2017-03-31,5.95,$2.14,2.78,$0.27,22.38,$-7.35,0.0,$-2.81,0.0,$0.09B,$0.01B,7.24,$0.00B,$0.10B,0.0,$0.01B,$0.01B,100.00%,$0.01B,$-0.11B,-1080.00%,$0.01B,$-0.11B,-1080.00%,$0.01B,$-0.11B,-1070.00%,$0.01B,$-0.11B,-1110.00%,$0.01B,$-0.11B,-1110.00%,$-0.11B,$0.10B,-102.54%,$-0.11B,$0.10B,-104.47%,$-0.11B,$0.11B,-84.25%,$-0.11B,$0.10B,-99.77%,$0,$0,$0,$16,$6,$26,$-25,$0,$-25,$0,$-25,$-25,$-25,$-25,$-25,$42,42,$-0.60,$-0.60,$85,$0,$0,$90,$17,$0,$2,$2,$20,$110,$12,$0,$0,$0,$13,$0,$-837,$-3,$97,$110,$-25,$1,$4,$5,$-0,$0,$-2,$-1,$-5,$-25,$-0,$0,$0,$-7,$0,$-7,$0,$-7,$0,$0,$0,$30,$30,$0,$-0,$29,$-3,$4,$0
6,2016-12-31,3.95,$2.31,1.71,$0.29,13.77,$-7.51,0.0,$-2.91,0.0,$0.09B,$0.02B,4.47,$0.00B,$0.09B,0.0,$0.01B,$0.01B,100.00%,$0.01B,$-0.11B,-1000.00%,$0.01B,$-0.11B,-1000.00%,$0.01B,$-0.11B,-990.91%,$0.01B,$-0.11B,-1027.27%,$0.01B,$-0.11B,-1027.27%,$-0.11B,$0.09B,-90.40%,$-0.11B,$0.09B,-91.87%,$-0.11B,$0.11B,-74.46%,$-0.11B,$0.09B,-88.00%,$7,$0,$7,$18,$8,$27,$-19,$-2,$-22,$0,$-22,$-22,$-22,$-19,$-19,$39,39,$-0.57,$-0.57,$81,$0,$0,$90,$17,$0,$2,$1,$20,$110,$20,$0,$0,$0,$20,$0,$-812,$-4,$89,$110,$-112,$2,$16,$18,$0,$0,$1,$-2,$-13,$-107,$-8,$0,$0,$94,$0,$94,$0,$86,$0,$0,$0,$1,$1,$0,$0,$1,$-21,$15,$0
7,2016-09-30,10.49,$2.81,3.73,$0.12,88.68,$-7.56,0.0,$-3.05,0.0,$0.12B,$0.03B,3.86,$0.00B,$0.11B,0.0,$0.01B,$0.01B,100.00%,$0.01B,$-0.12B,-2360.00%,$0.01B,$-0.12B,-2360.00%,$0.01B,$-0.12B,-2320.00%,$0.01B,$-0.12B,-2360.00%,$0.01B,$-0.12B,-2360.00%,$-0.12B,$0.11B,-78.93%,$-0.12B,$0.11B,-80.00%,$-0.12B,$0.14B,-66.11%,$-0.12B,$0.11B,-78.93%,$0,$0,$0,$23,$12,$35,$-35,$0,$-35,$0,$-35,$-35,$-35,$-34,$-35,$39,39,$-0.90,$-0.90,$110,$0,$0,$118,$19,$0,$2,$1,$22,$139,$30,$0,$1,$1,$31,$0,$-790,$-2,$108,$139,$-91,$2,$11,$12,$-1,$0,$1,$-2,$-2,$-81,$-7,$0,$0,$65,$0,$65,$0,$58,$0,$0,$0,$1,$1,$0,$0,$1,$-22,$11,$0
8,2016-06-30,14.58,$3.60,4.04,$0.15,99.46,$-7.35,0.0,$-2.97,0.0,$0.15B,$0.03B,5.21,$0.00B,$0.14B,0.0,$0.01B,$0.01B,100.00%,$0.01B,$-0.11B,-1850.00%,$0.01B,$-0.11B,-1850.00%,$0.01B,$-0.11B,-1833.33%,$0.01B,$-0.11B,-1883.33%,$0.01B,$-0.11B,-1883.33%,$-0.11B,$0.14B,-64.48%,$-0.11B,$0.14B,-65.22%,$-0.11B,$0.17B,-55.53%,$-0.11B,$0.14B,-63.34%,$3,$0,$3,$23,$9,$32,$-29,$0,$-29,$0,$-29,$-29,$-29,$-29,$-29,$38,38,$-0.75,$-0.75,$139,$0,$0,$147,$17,$0,$2,$1,$20,$168,$28,$0,$1,$1,$29,$0,$-756,$-3,$139,$168,$-56,$1,$7,$8,$-0,$0,$2,$-3,$-5,$-53,$-5,$0,$0,$37,$0,$37,$0,$32,$0,$0,$0,$0,$0,$0,$0,$0,$-20,$7,$0
9,2016-03-31,19.24,$4.27,4.5,$0.13,147.24,$-7.54,0.0,$-3.02,0.0,$0.17B,$0.03B,6.97,$0.00B,$0.16B,0.0,$0.01B,$0.01B,100.00%,$0.01B,$-0.11B,-2100.00%,$0.01B,$-0.11B,-2100.00%,$0.01B,$-0.10B,-2080.00%,$0.01B,$-0.11B,-2160.00%,$0.01B,$-0.11B,-2160.00%,$-0.11B,$0.16B,-67.82%,$-0.11B,$0.16B,-68.79%,$-0.11B,$0.19B,-57.22%,$-0.11B,$0.16B,-65.22%,$1,$0,$1,$20,$8,$28,$-27,$0,$-27,$0,$-27,$-27,$-27,$-27,$-27,$38,38,$-0.70,$-0.70,$167,$0,$0,$171,$16,$0,$2,$1,$19,$190,$25,$0,$1,$1,$25,$0,$-727,$-2,$164,$190,$-27,$0,$4,$4,$0,$0,$1,$-1,$-4,$-27,$-3,$0,$0,$23,$0,$23,$0,$21,$0,$0,$0,$0,$0,$0,$0,$0,$-6,$4,$0
10,2015-12-31,24.16,$4.87,4.97,$0.13,186.77,$-7.68,0.0,$-3.29,0.0,$0.20B,$0.03B,6.95,$0.00B,$0.19B,0.0,$0.01B,$0.01B,100.00%,$0.01B,$-0.10B,-2080.00%,$0.01B,$-0.10B,-2080.00%,$0.01B,$-0.10B,-2060.00%,$0.01B,$-0.11B,-2140.00%,$0.01B,$-0.11B,-2140.00%,$-0.11B,$0.19B,-78.10%,$-0.11B,$0.19B,-79.41%,$-0.11B,$0.22B,-63.22%,$-0.10B,$0.19B,-73.76%,$1,$0,$1,$21,$7,$28,$-27,$0,$-27,$0,$-27,$-27,$-27,$-26,$-27,$33,33,$-0.66,$-0.66,$196,$0,$0,$200,$14,$0,$2,$1,$17,$217,$29,$0,$1,$1,$30,$0,$-700,$-3,$187,$217,$-107,$2,$11,$13,$-1,$0,$1,$-9,$1,$-93,$-7,$0,$0,$-79,$0,$-79,$0,$-86,$-11,$0,$-11,$185,$185,$0,$0,$174,$-5,$10,$0
11,2015-09-30,24.54,$5.50,4.46,$0.20,125.76,$-7.52,0.0,$-3.44,0.0,$0.22B,$0.02B,11.37,$0.00B,$0.21B,0.0,$0.01B,$0.01B,100.00%,$0.01B,$-0.10B,-1650.00%,$0.01B,$-0.10B,-1650.00%,$0.01B,$-0.10B,-1650.00%,$0.01B,$-0.10B,-1700.00%,$0.01B,$-0.10B,-1700.00%,$-0.10B,$0.21B,-88.50%,$-0.10B,$0.21B,-90.27%,$-0.10B,$0.24B,-68.23%,$-0.10B,$0.21B,-81.31%,$1,$0,$1,$24,$6,$30,$-28,$-2,$-30,$0,$-30,$-30,$-30,$-28,$-28,$37,37,$-0.82,$-0.82,$221,$0,$0,$224,$12,$0,$2,$1,$15,$239,$20,$0,$1,$8,$28,$0,$-673,$-3,$211,$239,$-80,$1,$8,$10,$-0,$0,$0,$-1,$-1,$-71,$-4,$0,$0,$-45,$0,$-45,$0,$-49,$-11,$0,$-11,$185,$185,$0,$0,$174,$54,$7,$0
12,2015-06-30,23.43,$2.46,9.5,$0.25,94.98,$-7.68,0.0,$-3.72,0.0,$0.10B,$0.02B,4.46,$0.01B,$0.08B,0.11,$0.01B,$0.01B,100.00%,$0.01B,$-0.10B,-1442.86%,$0.01B,$-0.10B,-1442.86%,$0.01B,$-0.10B,-1442.86%,$0.01B,$-0.10B,-1457.14%,$0.01B,$-0.10B,-1457.14%,$-0.10B,$0.08B,-109.68%,$-0.10B,$0.07B,-112.71%,$-0.10B,$0.11B,-80.63%,$-0.10B,$0.08B,-101.51%,$2,$0,$2,$20,$5,$25,$-23,$-0,$-24,$0,$-24,$-24,$-24,$-23,$-23,$29,29,$-0.80,$-0.80,$93,$0,$0,$98,$9,$0,$2,$1,$12,$109,$22,$8,$1,$13,$35,$0,$-643,$-3,$75,$109,$-50,$1,$4,$5,$0,$0,$1,$-1,$-3,$-48,$-2,$0,$0,$16,$0,$16,$0,$14,$0,$0,$0,$21,$21,$0,$0,$21,$-13,$4,$0
13,2015-03-31,22.43,$2.60,8.64,$0.31,72.41,$-7.31,0.0,$-2.02,0.0,$0.10B,$0.02B,4.98,$0.01B,$0.08B,0.12,$0.01B,$0.01B,100.00%,$0.01B,$-0.10B,-1287.50%,$0.01B,$-0.10B,-1287.50%,$0.01B,$-0.10B,-1275.00%,$0.01B,$-0.10B,-1287.50%,$0.01B,$-0.10B,-1287.50%,$-0.10B,$0.08B,-91.96%,$-0.10B,$0.07B,-94.06%,$-0.10B,$0.11B,-72.28%,$-0.10B,$0.08B,-88.22%,$1,$0,$1,$22,$5,$27,$-26,$0,$-26,$0,$-26,$-26,$-26,$-26,$-26,$27,27,$-0.97,$-0.97,$98,$0,$0,$102,$8,$0,$2,$1,$10,$112,$20,$9,$1,$17,$37,$0,$-619,$-3,$75,$112,$-26,$1,$2,$2,$-0,$0,$2,$0,$-0,$-24,$-1,$0,$0,$-10,$0,$-10,$0,$-11,$0,$0,$0,$0,$0,$0,$0,$0,$-35,$2,$0
14,2014-12-31,16.86,$3.82,4.41,$0.42,40.17,$-6.84,0.0,$-1.55,0.0,$0.13B,$0.02B,6.28,$0.01B,$0.10B,0.1,$0.01B,$0.01B,100.00%,$0.01B,$-0.09B,-910.00%,$0.01B,$-0.09B,-910.00%,$0.01B,$-0.09B,-890.00%,$0.01B,$-0.09B,-910.00%,$0.01B,$-0.09B,-910.00%,$-0.09B,$0.10B,-66.54%,$-0.09B,$0.10B,-67.91%,$-0.09B,$0.14B,-55.83%,$-0.09B,$0.11B,-65.35%,$2,$0,$2,$20,$5,$25,$-22,$0,$-22,$0,$-22,$-22,$-22,$-22,$-22,$26,26,$-0.85,$-0.85,$123,$0,$0,$127,$8,$0,$2,$1,$11,$138,$20,$10,$1,$18,$38,$0,$-593,$-2,$100,$138,$-91,$2,$6,$9,$1,$0,$-1,$3,$8,$-74,$-2,$0,$0,$92,$0,$92,$0,$91,$10,$0,$10,$0,$0,$0,$0,$10,$26,$6,$0
15,2014-09-30,14.3,$4.62,3.09,$0.48,29.91,$-7.04,0.0,$-1.60,0.0,$0.14B,$0.02B,5.91,$0.00B,$0.12B,0.0,$0.01B,$0.01B,100.00%,$0.01B,$-0.08B,-745.45%,$0.01B,$-0.08B,-745.45%,$0.01B,$-0.08B,-718.18%,$0.01B,$-0.08B,-745.45%,$0.01B,$-0.09B,-827.27%,$-0.09B,$0.12B,-57.50%,$-0.09B,$0.12B,-58.52%,$-0.09B,$0.15B,-50.63%,$-0.08B,$0.12B,-51.82%,$2,$0,$2,$28,$4,$32,$-30,$0,$-30,$0,$-30,$-30,$-30,$-30,$-30,$26,26,$-1.13,$-1.13,$131,$0,$0,$135,$8,$0,$2,$2,$12,$147,$23,$0,$2,$3,$25,$0,$-571,$-1,$122,$147,$-68,$2,$5,$7,$1,$0,$3,$-4,$5,$-57,$-1,$0,$0,$55,$0,$55,$0,$53,$0,$0,$0,$0,$0,$0,$0,$0,$-3,$5,$0
16,2014-06-30,16.0,$5.73,2.79,$0.55,28.88,$-7.46,0.0,$-1.40,0.0,$0.16B,$0.02B,7.96,$0.00B,$0.15B,0.0,$0.01B,$0.01B,100.00%,$0.01B,$-0.07B,-566.67%,$0.01B,$-0.07B,-566.67%,$0.01B,$-0.06B,-533.33%,$0.01B,$-0.07B,-566.67%,$0.01B,$-0.08B,-641.67%,$-0.08B,$0.15B,-52.83%,$-0.08B,$0.15B,-53.75%,$-0.08B,$0.17B,-46.39%,$-0.07B,$0.15B,-46.66%,$3,$0,$3,$24,$4,$28,$-25,$0,$-25,$0,$-25,$-25,$-25,$-24,$-25,$26,26,$-0.94,$-0.94,$154,$0,$0,$161,$9,$0,$3,$2,$13,$173,$20,$0,$1,$3,$23,$0,$-541,$-0,$151,$173,$-39,$1,$3,$4,$0,$0,$0,$-3,$0,$-34,$-1,$0,$0,$29,$0,$29,$0,$28,$0,$0,$0,$0,$0,$0,$0,$0,$-6,$3,$0
17,2014-03-31,18.08,$6.61,2.73,$0.62,28.99,$-8.08,0.0,$-3.20,0.0,$0.18B,$0.02B,11.37,$0.00B,$0.17B,0.0,$0.01B,$0.01B,100.00%,$0.01B,$-0.06B,-500.00%,$0.01B,$-0.06B,-500.00%,$0.01B,$-0.06B,-466.67%,$0.01B,$-0.06B,-500.00%,$0.01B,$-0.07B,-575.00%,$-0.07B,$0.17B,-53.38%,$-0.07B,$0.17B,-54.44%,$-0.07B,$0.19B,-46.39%,$-0.06B,$0.17B,-46.42%,$3,$0,$3,$13,$4,$17,$-14,$0,$-14,$0,$-14,$-14,$-14,$-13,$-14,$26,26,$-0.53,$-0.53,$178,$0,$0,$182,$9,$0,$3,$1,$12,$194,$16,$0,$1,$4,$20,$0,$-516,$-0,$174,$194,$-14,$1,$1,$2,$-0,$0,$0,$2,$1,$-11,$-0,$0,$0,$15,$0,$15,$0,$15,$0,$0,$0,$0,$0,$0,$0,$0,$4,$1,$0
18,2013-12-31,19.6,$7.09,2.76,$0.60,32.43,$-8.70,0.0,$-3.80,0.0,$0.19B,$0.02B,11.88,$0.00B,$0.19B,0.0,$0.01B,$0.01B,100.00%,$0.01B,$-0.07B,-609.09%,$0.01B,$-0.07B,-609.09%,$0.01B,$-0.06B,-572.73%,$0.01B,$-0.07B,-609.09%,$0.01B,$-0.08B,-690.91%,$-0.08B,$0.19B,-68.93%,$-0.08B,$0.18B,-70.37%,$-0.08B,$0.21B,-58.35%,$-0.07B,$0.19B,-60.77%,$3,$0,$3,$12,$4,$16,$-13,$-0,$-13,$0,$-13,$-13,$-22,$-12,$-13,$20,20,$-0.93,$-0.93,$189,$0,$0,$192,$9,$0,$3,$1,$12,$205,$16,$0,$1,$2,$18,$0,$-502,$-0,$186,$205,$-67,$2,$13,$16,$-1,$0,$-1,$-4,$-7,$-59,$-2,$0,$0,$-50,$0,$-50,$0,$-51,$0,$0,$0,$81,$125,$0,$0,$125,$16,$12,$0
19,2013-09-30,11.9,$3.95,3.01,$0.57,21.05,$-8.37,0.0,$-4.00,0.0,$0.08B,$0.02B,5.13,$0.00B,$0.07B,0.0,$0.01B,$0.01B,100.00%,$0.01B,$-0.07B,-740.00%,$0.01B,$-0.07B,-740.00%,$0.01B,$-0.07B,-700.00%,$0.01B,$-0.08B,-750.00%,$0.01B,$-0.08B,-750.00%,$-0.08B,$0.07B,-81.08%,$-0.08B,$0.07B,-83.33%,$-0.08B,$0.09B,-65.79%,$-0.07B,$0.07B,-80.00%,$3,$0,$3,$12,$6,$18,$-16,$-0,$-16,$0,$-16,$-16,$-16,$-15,$-16,$18,18,$-0.90,$-0.90,$76,$0,$0,$80,$8,$0,$3,$1,$12,$92,$16,$0,$1,$4,$19,$0,$-489,$0,$72,$92,$-54,$2,$12,$13,$-1,$0,$-1,$-2,$-7,$-47,$-1,$0,$0,$53,$0,$53,$0,$51,$0,$0,$0,$0,$0,$0,$0,$0,$5,$11,$0
20,2013-06-30,11.0,$4.63,2.38,$0.57,19.4,$-7.87,0.0,$-4.10,0.0,$0.09B,$0.02B,6.2,$0.00B,$0.09B,0.0,$0.01B,$0.01B,100.00%,$0.01B,$-0.08B,-750.00%,$0.01B,$-0.08B,-750.00%,$0.01B,$-0.07B,-710.00%,$0.01B,$-0.08B,-770.00%,$0.01B,$-0.08B,-770.00%,$-0.08B,$0.09B,-71.96%,$-0.08B,$0.08B,-73.68%,$-0.08B,$0.10B,-58.22%,$-0.08B,$0.09B,-70.09%,$3,$0,$3,$13,$8,$20,$-17,$-0,$-17,$0,$-17,$-17,$-17,$-16,$-17,$18,18,$-0.90,$-0.90,$89,$0,$0,$92,$8,$0,$2,$1,$12,$104,$15,$0,$1,$4,$19,$0,$-473,$0,$85,$104,$-38,$1,$8,$9,$-1,$0,$-1,$-1,$-6,$-35,$-1,$0,$0,$45,$0,$45,$0,$45,$0,$0,$0,$0,$0,$0,$0,$0,$10,$8,$0
21,2013-03-31,22.2,$5.35,4.15,$0.54,40.99,$-7.44,0.0,$-4.10,0.0,$0.11B,$0.02B,6.34,$0.00B,$0.10B,0.0,$0.01B,$0.01B,100.00%,$0.01B,$-0.07B,-730.00%,$0.01B,$-0.07B,-730.00%,$0.01B,$-0.07B,-690.00%,$0.01B,$-0.08B,-750.00%,$0.01B,$-0.08B,-750.00%,$-0.08B,$0.10B,-61.48%,$-0.08B,$0.10B,-62.76%,$-0.08B,$0.12B,-49.92%,$-0.07B,$0.10B,-59.84%,$2,$0,$2,$14,$9,$23,$-21,$0,$-21,$0,$-21,$-21,$-21,$-20,$-21,$18,18,$-1.10,$-1.10,$105,$0,$0,$108,$8,$0,$2,$1,$11,$120,$17,$0,$1,$5,$22,$0,$-456,$0,$98,$120,$-21,$1,$4,$5,$-1,$0,$-0,$-0,$-3,$-19,$-1,$0,$0,$37,$0,$37,$0,$36,$0,$0,$0,$0,$0,$0,$0,$0,$17,$4,$0
22,2012-12-31,28.5,$6.28,4.54,$0.58,49.24,$-6.97,0.0,$-4.10,0.0,$0.13B,$0.02B,6.74,$0.00B,$0.12B,0.0,$0.01B,$0.01B,100.00%,$0.01B,$-0.07B,-680.00%,$0.01B,$-0.07B,-680.00%,$0.01B,$-0.06B,-640.00%,$0.01B,$-0.07B,-710.00%,$0.01B,$-0.07B,-710.00%,$-0.07B,$0.12B,-59.41%,$-0.07B,$0.11B,-60.68%,$-0.07B,$0.14B,-47.18%,$-0.07B,$0.12B,-56.90%,$2,$0,$2,$13,$9,$22,$-20,$-1,$-21,$0,$-21,$-21,$-21,$-19,$-20,$17,17,$-1.10,$-1.10,$125,$0,$0,$128,$8,$0,$2,$1,$12,$140,$19,$0,$1,$6,$25,$0,$-435,$-1,$115,$140,$-70,$3,$13,$15,$9,$0,$0,$0,$11,$-44,$-3,$0,$0,$-37,$0,$-37,$0,$-40,$0,$-15,$-15,$74,$74,$0,$0,$59,$-24,$10,$0
23,2012-09-30,47.6,$7.30,6.52,$1.39,34.34,$-8.08,0.0,$-3.30,0.0,$0.15B,$0.03B,5.26,$0.00B,$0.13B,0.0,$0.02B,$0.02B,100.00%,$0.02B,$-0.05B,-278.95%,$0.02B,$-0.05B,-278.95%,$0.02B,$-0.05B,-257.89%,$0.02B,$-0.05B,-284.21%,$0.02B,$-0.05B,-284.21%,$-0.05B,$0.13B,-46.65%,$-0.05B,$0.13B,-47.58%,$-0.05B,$0.17B,-36.24%,$-0.05B,$0.13B,-45.79%,$3,$0,$3,$13,$7,$20,$-17,$-1,$-18,$0,$-18,$-18,$-18,$-16,$-17,$18,18,$-1.00,$-1.00,$148,$0,$0,$154,$7,$0,$2,$1,$10,$165,$29,$0,$1,$5,$35,$0,$-415,$0,$130,$165,$-49,$2,$8,$10,$6,$0,$-0,$-3,$3,$-36,$-2,$0,$0,$-43,$0,$-43,$0,$-44,$0,$0,$0,$73,$73,$0,$0,$73,$-7,$6,$0
24,2012-06-30,43.2,$8.14,5.31,$1.32,32.74,$-9.37,0.0,$-3.50,0.0,$0.17B,$0.03B,6.56,$0.00B,$0.15B,0.0,$0.02B,$0.02B,100.00%,$0.02B,$-0.05B,-300.00%,$0.02B,$-0.05B,-300.00%,$0.02B,$-0.05B,-276.47%,$0.02B,$-0.05B,-300.00%,$0.02B,$-0.05B,-300.00%,$-0.05B,$0.15B,-55.28%,$-0.05B,$0.14B,-56.67%,$-0.05B,$0.18B,-41.13%,$-0.05B,$0.15B,-55.28%,$3,$0,$3,$11,$6,$17,$-15,$-0,$-15,$0,$-15,$-15,$-15,$-14,$-15,$17,17,$-0.90,$-0.90,$160,$0,$0,$166,$7,$0,$2,$1,$10,$176,$25,$0,$1,$6,$31,$0,$-397,$-0,$145,$176,$-32,$1,$5,$7,$8,$0,$-1,$-6,$1,$-24,$-1,$0,$0,$-44,$0,$-44,$0,$-46,$0,$0,$0,$72,$72,$0,$0,$72,$3,$4,$0
25,2012-03-31,50.3,$5.64,8.91,$1.78,28.32,$-10.37,0.0,$-3.50,0.0,$0.11B,$0.03B,4.27,$0.00B,$0.09B,0.0,$0.02B,$0.02B,100.00%,$0.02B,$-0.05B,-219.05%,$0.02B,$-0.05B,-219.05%,$0.02B,$-0.04B,-200.00%,$0.02B,$-0.05B,-223.81%,$0.02B,$-0.05B,-223.81%,$-0.05B,$0.09B,-69.63%,$-0.05B,$0.09B,-71.76%,$-0.05B,$0.12B,-47.72%,$-0.05B,$0.09B,-68.15%,$2,$0,$2,$12,$6,$18,$-16,$-1,$-17,$0,$-17,$-17,$-17,$-15,$-16,$16,16,$-1.10,$-1.10,$107,$0,$0,$110,$7,$0,$2,$1,$11,$121,$26,$0,$1,$6,$32,$0,$-382,$-0,$88,$121,$-17,$1,$3,$3,$8,$0,$0,$-2,$5,$-8,$-1,$0,$0,$-5,$0,$-5,$0,$-6,$0,$0,$0,$2,$2,$0,$0,$2,$-12,$2,$0
26,2011-12-31,33.2,$6.46,5.14,$1.78,18.7,$-11.48,0.0,$-4.00,0.0,$0.13B,$0.03B,4.58,$0.00B,$0.10B,0.0,$0.02B,$0.02B,100.00%,$0.02B,$-0.05B,-228.57%,$0.02B,$-0.05B,-228.57%,$0.02B,$-0.04B,-209.52%,$0.02B,$-0.05B,-228.57%,$0.02B,$-0.05B,-228.57%,$-0.05B,$0.10B,-88.07%,$-0.05B,$0.10B,-91.43%,$-0.05B,$0.13B,-56.64%,$-0.05B,$0.10B,-88.07%,$11,$0,$11,$12,$5,$16,$-5,$0,$-4,$0,$-4,$-4,$-4,$-4,$-5,$13,13,$-0.20,$-0.20,$114,$0,$0,$125,$6,$0,$2,$1,$9,$134,$27,$0,$1,$7,$34,$0,$-366,$-0,$100,$134,$-49,$3,$6,$9,$-9,$0,$-0,$3,$-8,$-47,$-1,$0,$0,$-33,$0,$-33,$0,$-35,$0,$0,$0,$91,$91,$0,$0,$91,$9,$5,$0
27,2011-09-30,18.6,$2.88,6.45,$1.08,17.28,$-13.90,0.0,$-5.10,0.0,$0.06B,$0.01B,5.51,$0.00B,$0.04B,0.0,$0.01B,$0.01B,100.00%,$0.01B,$-0.06B,-491.67%,$0.01B,$-0.06B,-491.67%,$0.01B,$-0.06B,-458.33%,$0.01B,$-0.06B,-491.67%,$0.01B,$-0.06B,-491.67%,$-0.06B,$0.04B,-138.82%,$-0.06B,$0.03B,-145.68%,$-0.06B,$0.07B,-81.66%,$-0.06B,$0.04B,-138.82%,$1,$0,$1,$12,$4,$16,$-15,$-0,$-15,$0,$-15,$-15,$-15,$-14,$-15,$12,12,$-1.20,$-1.20,$53,$0,$0,$55,$6,$0,$2,$1,$9,$65,$10,$0,$14,$18,$28,$0,$-361,$-1,$36,$65,$-44,$2,$5,$8,$0,$0,$-1,$-1,$-5,$-42,$-1,$0,$0,$15,$0,$15,$0,$14,$0,$0,$0,$24,$24,$0,$0,$24,$-3,$4,$0
28,2011-06-30,27.5,$3.71,7.41,$2.32,11.84,$-14.36,0.0,$-4.50,0.0,$0.07B,$0.01B,6.29,$0.00B,$0.05B,0.0,$0.02B,$0.02B,100.00%,$0.02B,$-0.05B,-221.74%,$0.02B,$-0.05B,-221.74%,$0.02B,$-0.05B,-204.35%,$0.02B,$-0.05B,-213.04%,$0.02B,$-0.05B,-213.04%,$-0.05B,$0.05B,-124.84%,$-0.05B,$0.04B,-132.43%,$-0.05B,$0.07B,-68.53%,$-0.05B,$0.05B,-129.94%,$7,$0,$7,$13,$4,$17,$-10,$-1,$-11,$0,$-11,$-11,$-11,$-9,$-10,$12,12,$-0.90,$-0.90,$62,$0,$0,$65,$7,$0,$2,$1,$10,$74,$10,$0,$13,$18,$29,$0,$-346,$-0,$46,$74,$-29,$2,$4,$5,$-0,$0,$-1,$-1,$-5,$-29,$-0,$0,$0,$15,$0,$15,$0,$14,$0,$0,$0,$20,$20,$0,$0,$20,$5,$3,$0
29,2011-03-31,27.6,$3.15,8.77,$1.97,13.98,$-14.45,0.0,$-7.00,0.0,$0.06B,$0.01B,4.87,$0.00B,$0.04B,0.0,$0.02B,$0.02B,100.00%,$0.02B,$-0.06B,-316.67%,$0.02B,$-0.06B,-316.67%,$0.02B,$-0.05B,-300.00%,$0.02B,$-0.07B,-366.67%,$0.02B,$-0.07B,-366.67%,$-0.07B,$0.04B,-212.90%,$-0.07B,$0.03B,-231.58%,$-0.07B,$0.07B,-92.96%,$-0.06B,$0.04B,-183.87%,$2,$0,$2,$15,$5,$20,$-18,$-1,$-18,$0,$-18,$-18,$-18,$-17,$-18,$12,12,$-1.60,$-1.60,$53,$0,$0,$56,$7,$0,$2,$1,$10,$66,$11,$0,$12,$18,$29,$0,$-335,$-0,$36,$66,$-18,$1,$2,$3,$-0,$0,$-0,$-1,$-4,$-19,$-0,$0,$0,$17,$0,$17,$0,$17,$0,$0,$0,$1,$1,$0,$0,$1,$-1,$1,$0
30,2010-12-31,32.0,$4.51,7.1,$3.36,9.53,$-14.06,0.0,$-7.10,0.0,$0.08B,$0.01B,5.35,$0.00B,$0.05B,0.0,$0.02B,$0.02B,100.00%,$0.02B,$-0.05B,-200.00%,$0.02B,$-0.05B,-200.00%,$0.02B,$-0.05B,-187.50%,$0.02B,$-0.06B,-237.50%,$0.02B,$-0.06B,-237.50%,$-0.06B,$0.05B,-265.12%,$-0.06B,$0.05B,-304.00%,$-0.06B,$0.08B,-87.02%,$-0.05B,$0.05B,-223.26%,$2,$0,$2,$13,$4,$17,$-16,$0,$-15,$0,$-15,$-15,$-15,$-15,$-16,$8,8,$-1.20,$-1.20,$72,$0,$0,$75,$6,$0,$3,$1,$10,$84,$14,$0,$13,$18,$32,$0,$-317,$-1,$52,$84,$-57,$3,$13,$16,$-0,$0,$1,$-14,$-10,$-51,$-0,$0,$0,$-50,$0,$-50,$0,$-51,$0,$0,$0,$88,$88,$0,$0,$88,$-14,$2,$0
31,2010-09-30,18.3,$2.63,6.97,$3.69,4.96,$-16.19,0.0,$-13.00,0.0,$0.05B,$0.02B,2.39,$0.00B,$0.02B,0.0,$0.02B,$0.02B,100.00%,$0.02B,$-0.04B,-183.33%,$0.02B,$-0.04B,-183.33%,$0.02B,$-0.04B,-170.83%,$0.02B,$-0.05B,-225.00%,$0.02B,$-0.07B,-300.00%,$-0.07B,$0.02B,-720.00%,$-0.07B,$0.02B,-1028.57%,$-0.07B,$0.06B,-126.32%,$-0.04B,$0.02B,-440.00%,$12,$0,$12,$14,$4,$18,$-7,$2,$-5,$0,$-5,$-5,$-5,$-6,$-7,$9,9,$-0.60,$-0.60,$48,$0,$0,$50,$7,$0,$3,$2,$12,$62,$21,$0,$12,$18,$39,$0,$-302,$0,$23,$62,$-42,$2,$12,$14,$-0,$0,$0,$-15,$-5,$-33,$-0,$0,$0,$-19,$0,$-19,$0,$-19,$0,$0,$0,$44,$44,$0,$0,$44,$-9,$2,$0
32,2010-06-30,18.6,$1.48,12.57,$3.07,6.06,$-18.47,0.0,$-14.80,0.0,$0.06B,$0.03B,2.07,$0.00B,$0.01B,0.0,$0.02B,$0.02B,100.00%,$0.02B,$-0.05B,-320.00%,$0.02B,$-0.05B,-320.00%,$0.02B,$-0.05B,-300.00%,$0.02B,$-0.06B,-400.00%,$0.02B,$-0.08B,-513.33%,$-0.08B,$0.01B,-880.00%,$-0.08B,$0.01B,-1400.00%,$-0.08B,$0.07B,-135.09%,$-0.05B,$0.01B,-384.00%,$2,$0,$2,$14,$4,$18,$-16,$-12,$-28,$0,$-28,$-28,$-28,$-16,$-16,$8,8,$-3.40,$-3.40,$58,$0,$0,$60,$6,$0,$3,$2,$12,$72,$29,$0,$13,$30,$59,$0,$-297,$0,$13,$72,$-37,$1,$13,$14,$-0,$0,$-1,$-4,$2,$-21,$-0,$0,$0,$-28,$0,$-28,$0,$-28,$0,$0,$0,$42,$42,$0,$0,$42,$-8,$1,$0
33,2010-03-31,13.0,$-0.33,-39.87,$6.76,1.92,$-19.74,0.0,$-10.40,0.0,$0.03B,$0.02B,2.0,$0.00B,$-0.00B,0.0,$0.03B,$0.03B,100.00%,$0.03B,$-0.03B,-100.00%,$0.03B,$-0.03B,-100.00%,$0.03B,$-0.03B,-86.21%,$0.03B,$-0.03B,-100.00%,$0.03B,$-0.05B,-155.17%,$-0.05B,$-0.00B,-382.98%,$-0.05B,$-0.01B,-545.45%,$-0.05B,$0.04B,-80.00%,$-0.03B,$-0.00B,-150.65%,$8,$0,$8,$12,$5,$17,$-9,$-0,$-9,$0,$-9,$-9,$-9,$-8,$-9,$5,5,$-1.70,$-1.70,$31,$0,$0,$33,$7,$0,$3,$1,$12,$44,$16,$0,$13,$30,$46,$0,$-269,$-1,$-2,$44,$-9,$1,$1,$1,$-0,$0,$-1,$-2,$0,$-8,$0,$0,$0,$0,$0,$0,$0,$0,$0,$0,$0,$1,$1,$0,$0,$1,$-7,$1,$0
34,2009-12-31,14.2,$1.17,12.09,$10.08,1.41,$-20.34,0.0,$-7.40,0.0,$0.04B,$0.01B,2.64,$0.00B,$0.01B,0.0,$0.04B,$0.04B,100.00%,$0.04B,$-0.02B,-40.00%,$0.04B,$-0.02B,-40.00%,$0.04B,$-0.01B,-30.00%,$0.04B,$-0.02B,-40.00%,$0.04B,$-0.03B,-77.50%,$-0.03B,$0.01B,-179.71%,$-0.03B,$0.00B,-229.63%,$-0.03B,$0.05B,-47.88%,$-0.02B,$0.01B,-56.14%,$2,$0,$2,$10,$4,$14,$-12,$-0,$-12,$0,$-12,$-12,$-30,$-11,$-12,$4,4,$-7.50,$-7.50,$37,$0,$0,$38,$8,$0,$4,$1,$12,$50,$14,$0,$13,$30,$44,$0,$-260,$0,$6,$50,$-31,$3,$19,$21,$6,$0,$1,$-31,$-24,$-34,$-0,$0,$0,$20,$0,$20,$0,$20,$0,$0,$0,$2,$2,$0,$20,$22,$9,$3,$0
35,2009-09-30,18.2,$4.25,4.29,$12.54,1.45,$-17.24,0.0,$0.70,26.0,$0.05B,$0.01B,4.28,$0.02B,$0.02B,0.86,$0.05B,$0.05B,100.00%,$0.05B,$-0.00B,-4.00%,$0.05B,$-0.00B,-4.00%,$0.05B,$0.00B,4.00%,$0.05B,$-0.00B,-4.00%,$0.05B,$0.00B,4.00%,$0.00B,$0.02B,10.13%,$0.00B,$0.01B,12.70%,$0.00B,$0.06B,2.67%,$-0.00B,$0.03B,-5.76%,$3,$0,$3,$10,$4,$14,$-11,$0,$-11,$0,$-11,$-11,$-10,$-10,$-11,$4,4,$-2.40,$-2.40,$47,$0,$0,$49,$9,$0,$4,$0,$12,$62,$12,$15,$0,$33,$44,$0,$-249,$0,$18,$62,$-0,$2,$-1,$1,$5,$0,$0,$-31,$-25,$-24,$-0,$0,$0,$19,$0,$19,$0,$18,$0,$0,$0,$2,$2,$0,$0,$2,$-3,$2,$0
36,2009-06-30,12.9,$6.16,2.09,$14.04,0.92,$-17.44,0.0,$1.70,7.59,$0.06B,$0.01B,4.88,$0.02B,$0.03B,0.61,$0.06B,$0.06B,100.00%,$0.06B,$0.00B,5.36%,$0.06B,$0.00B,5.36%,$0.06B,$0.01B,12.50%,$0.06B,$0.00B,3.57%,$0.06B,$0.01B,12.50%,$0.01B,$0.03B,39.44%,$0.01B,$0.02B,51.85%,$0.01B,$0.07B,8.59%,$0.00B,$0.04B,9.16%,$16,$0,$16,$9,$4,$13,$3,$0,$3,$0,$3,$3,$4,$4,$3,$4,4,$1.00,$1.00,$54,$0,$0,$56,$9,$0,$4,$0,$13,$69,$12,$15,$0,$33,$45,$0,$-240,$0,$25,$69,$9,$1,$-1,$1,$5,$0,$0,$-30,$-25,$-15,$-0,$0,$0,$11,$0,$11,$0,$11,$0,$0,$0,$0,$0,$0,$0,$0,$-4,$1,$0
37,2009-03-31,6.4,$5.10,1.25,$12.58,0.51,$-20.55,0.0,$-0.80,0.0,$0.07B,$0.02B,2.7,$0.02B,$0.02B,0.74,$0.05B,$0.05B,100.00%,$0.05B,$-0.01B,-14.00%,$0.05B,$-0.01B,-14.00%,$0.05B,$-0.00B,-6.00%,$0.05B,$-0.01B,-18.00%,$0.05B,$-0.00B,-6.00%,$-0.00B,$0.02B,-20.00%,$-0.00B,$0.02B,-28.57%,$-0.00B,$0.08B,-3.39%,$-0.01B,$0.04B,-23.33%,$19,$0,$19,$10,$4,$15,$4,$-0,$4,$0,$4,$4,$5,$5,$4,$4,4,$1.30,$1.30,$61,$0,$0,$65,$9,$0,$4,$0,$13,$78,$24,$15,$0,$34,$58,$0,$-244,$0,$20,$78,$5,$1,$-0,$0,$3,$0,$0,$-17,$-13,$-8,$0,$0,$0,$3,$0,$3,$0,$3,$0,$0,$0,$0,$0,$0,$0,$0,$-5,$1,$0
38,2008-12-31,8.4,$4.05,2.07,$9.32,0.9,$-23.08,0.0,$-5.20,0.0,$0.08B,$0.04B,1.87,$0.02B,$0.02B,0.93,$0.04B,$0.04B,100.00%,$0.04B,$-0.03B,-67.57%,$0.04B,$-0.03B,-67.57%,$0.04B,$-0.02B,-56.76%,$0.04B,$-0.03B,-72.97%,$0.04B,$-0.02B,-54.05%,$-0.02B,$0.02B,-135.59%,$-0.02B,$0.01B,-200.00%,$-0.02B,$0.09B,-21.00%,$-0.03B,$0.03B,-84.03%,$12,$0,$12,$6,$4,$10,$2,$0,$2,$0,$2,$2,$3,$3,$2,$4,4,$0.80,$0.80,$69,$0,$0,$77,$10,$0,$5,$0,$14,$91,$41,$15,$0,$34,$74,$0,$-249,$0,$16,$91,$-21,$2,$2,$4,$1,$0,$-4,$9,$0,$-17,$-4,$0,$0,$34,$0,$34,$0,$30,$1,$0,$1,$0,$0,$0,$0,$1,$14,$3,$0
39,2008-09-30,14.2,$2.46,5.77,$8.66,1.64,$-26.75,0.0,$-9.00,0.0,$0.07B,$0.02B,3.65,$0.02B,$0.01B,1.53,$0.03B,$0.03B,100.00%,$0.03B,$-0.04B,-120.59%,$0.03B,$-0.04B,-120.59%,$0.03B,$-0.04B,-111.76%,$0.03B,$-0.05B,-141.18%,$0.03B,$-0.04B,-102.94%,$-0.04B,$0.01B,-189.19%,$-0.04B,$0.01B,-264.15%,$-0.04B,$0.09B,-34.15%,$-0.04B,$0.03B,-122.39%,$9,$0,$9,$10,$4,$15,$-6,$-1,$-7,$0,$-7,$-7,$-5,$-5,$-6,$4,4,$-1.40,$-1.40,$65,$0,$0,$73,$10,$0,$5,$0,$15,$88,$20,$15,$0,$58,$78,$0,$-252,$0,$10,$88,$-24,$1,$2,$3,$1,$0,$-3,$3,$-0,$-21,$-4,$0,$0,$33,$0,$33,$0,$28,$1,$0,$1,$0,$0,$0,$0,$1,$8,$2,$0
40,2008-06-30,14.6,$3.47,4.21,$6.69,2.18,$-33.67,0.0,$-11.90,0.0,$0.08B,$0.02B,4.99,$0.02B,$0.01B,1.09,$0.03B,$0.03B,100.00%,$0.03B,$-0.05B,-207.69%,$0.03B,$-0.05B,-207.69%,$0.03B,$-0.05B,-200.00%,$0.03B,$-0.06B,-230.77%,$0.03B,$-0.05B,-180.77%,$-0.05B,$0.01B,-189.90%,$-0.05B,$0.01B,-244.16%,$-0.05B,$0.10B,-45.85%,$-0.05B,$0.03B,-135.85%,$10,$0,$10,$13,$3,$17,$-7,$-1,$-8,$0,$-8,$-8,$-6,$-6,$-7,$4,4,$-1.50,$-1.50,$64,$0,$0,$77,$11,$0,$5,$4,$20,$97,$15,$15,$8,$68,$83,$0,$-246,$0,$14,$97,$-19,$1,$1,$1,$-1,$0,$-3,$0,$-6,$-23,$-5,$0,$0,$26,$0,$26,$0,$21,$2,$0,$2,$0,$0,$0,$0,$2,$1,$1,$0
41,2008-03-31,19.6,$4.84,4.05,$4.63,4.23,$-35.49,0.0,$-14.90,0.0,$0.09B,$0.02B,5.15,$0.02B,$0.02B,0.78,$0.02B,$0.02B,100.00%,$0.02B,$-0.07B,-383.33%,$0.02B,$-0.07B,-383.33%,$0.02B,$-0.07B,-377.78%,$0.02B,$-0.07B,-388.89%,$0.02B,$-0.06B,-327.78%,$-0.06B,$0.02B,-177.44%,$-0.06B,$0.01B,-214.55%,$-0.06B,$0.11B,-57.42%,$-0.07B,$0.03B,-143.01%,$6,$0,$6,$15,$5,$20,$-14,$-0,$-14,$0,$-14,$-14,$-12,$-13,$-14,$4,4,$-3.10,$-3.10,$74,$0,$0,$85,$10,$0,$5,$5,$20,$105,$17,$15,$8,$70,$86,$0,$-240,$0,$19,$105,$-12,$0,$0,$1,$1,$0,$-2,$0,$-3,$-14,$-3,$0,$0,$17,$0,$17,$0,$14,$2,$0,$2,$0,$0,$0,$0,$2,$2,$1,$0
42,2007-12-31,51.1,$7.74,6.6,$3.55,14.41,$-34.97,0.0,$-15.10,0.0,$0.10B,$0.02B,5.12,$0.02B,$0.03B,0.49,$0.01B,$0.01B,100.00%,$0.01B,$-0.07B,-507.14%,$0.01B,$-0.07B,-507.14%,$0.01B,$-0.07B,-507.14%,$0.01B,$-0.07B,-492.86%,$0.01B,$-0.06B,-428.57%,$-0.06B,$0.03B,-134.08%,$-0.06B,$0.03B,-155.84%,$-0.06B,$0.12B,-61.07%,$-0.07B,$0.05B,-126.79%,$9,$0,$9,$18,$5,$23,$-14,$-5,$-19,$0,$-19,$-19,$-12,$-14,$-14,$4,4,$-3.00,$-3.00,$89,$0,$0,$102,$7,$0,$6,$6,$19,$120,$20,$15,$6,$70,$90,$0,$-228,$0,$31,$120,$-60,$1,$-4,$-3,$-5,$0,$2,$33,$31,$-32,$-4,$0,$0,$18,$-18,$0,$0,$-4,$36,$0,$36,$0,$0,$0,$0,$36,$0,$4,$0
43,2007-09-30,42.9,$8.86,4.84,$1.96,21.87,$-37.86,0.0,$-16.50,0.0,$0.07B,$0.01B,5.32,$0.02B,$0.04B,0.43,$0.01B,$0.01B,100.00%,$0.01B,$-0.08B,-1128.57%,$0.01B,$-0.08B,-1128.57%,$0.01B,$-0.08B,-1128.57%,$0.01B,$-0.07B,-942.86%,$0.01B,$-0.06B,-914.29%,$-0.06B,$0.04B,-113.78%,$-0.06B,$0.03B,-128.64%,$-0.06B,$0.09B,-68.09%,$-0.08B,$0.05B,-123.92%,$1,$0,$1,$15,$5,$20,$-19,$0,$-19,$0,$-19,$-19,$-17,$-19,$-19,$4,4,$-4.30,$-4.30,$69,$0,$0,$73,$6,$0,$6,$2,$14,$88,$14,$15,$4,$39,$53,$0,$-216,$0,$35,$88,$-48,$0,$-4,$-4,$2,$-0,$-0,$-0,$1,$-50,$-2,$0,$0,$20,$0,$20,$0,$17,$4,$30,$34,$0,$0,$0,$-0,$34,$0,$2,$0
44,2007-06-30,41.5,$12.04,3.45,$2.23,18.64,$-31.13,0.0,$-16.20,0.0,$0.09B,$0.01B,6.34,$0.02B,$0.05B,0.31,$0.01B,$0.01B,100.00%,$0.01B,$-0.08B,-950.00%,$0.01B,$-0.08B,-950.00%,$0.01B,$-0.08B,-937.50%,$0.01B,$-0.06B,-737.50%,$0.01B,$-0.06B,-737.50%,$-0.06B,$0.05B,-99.58%,$-0.06B,$0.04B,-112.38%,$-0.06B,$0.10B,-65.01%,$-0.08B,$0.06B,-120.63%,$2,$0,$2,$19,$4,$24,$-22,$4,$-18,$0,$-18,$-18,$-18,$-22,$-22,$4,4,$-4.50,$-4.50,$83,$0,$0,$86,$6,$0,$6,$0,$12,$98,$14,$15,$0,$37,$51,$0,$-199,$0,$48,$98,$-31,$-0,$-4,$-4,$1,$0,$1,$-0,$1,$-33,$-2,$0,$0,$-3,$0,$-3,$0,$-4,$0,$30,$30,$0,$0,$0,$0,$30,$-8,$1,$0
45,2007-03-31,54.4,$16.31,3.33,$1.95,27.94,$-28.19,0.0,$-16.70,0.0,$0.08B,$0.01B,6.19,$0.00B,$0.07B,0.0,$0.01B,$0.01B,100.00%,$0.01B,$-0.07B,-1028.57%,$0.01B,$-0.07B,-1028.57%,$0.01B,$-0.07B,-957.14%,$0.01B,$-0.06B,-800.00%,$0.01B,$-0.06B,-800.00%,$-0.06B,$0.07B,-90.69%,$-0.06B,$0.06B,-102.28%,$-0.06B,$0.09B,-65.50%,$-0.07B,$0.07B,-116.60%,$2,$0,$2,$14,$4,$18,$-16,$3,$-13,$0,$-13,$-13,$-13,$-16,$-16,$4,4,$-3.30,$-3.30,$72,$0,$0,$75,$6,$0,$6,$0,$12,$87,$12,$0,$0,$10,$22,$0,$-181,$0,$65,$87,$-13,$-0,$-1,$-1,$1,$0,$-1,$0,$-1,$-15,$-1,$0,$0,$14,$0,$14,$0,$14,$0,$0,$0,$0,$0,$0,$0,$0,$-1,$1,$0
46,2006-12-31,91.8,$19.40,4.73,$1.54,59.54,$-26.75,0.0,$-16.10,0.0,$0.09B,$0.01B,6.55,$0.00B,$0.08B,0.0,$0.01B,$0.01B,100.00%,$0.01B,$-0.07B,-1300.00%,$0.01B,$-0.07B,-1300.00%,$0.01B,$-0.06B,-1200.00%,$0.01B,$-0.05B,-1020.00%,$0.01B,$-0.05B,-1020.00%,$-0.05B,$0.08B,-81.93%,$-0.05B,$0.07B,-89.47%,$-0.05B,$0.10B,-62.20%,$-0.07B,$0.08B,-104.42%,$2,$0,$2,$20,$4,$24,$-22,$6,$-16,$0,$-16,$-16,$-16,$-22,$-22,$3,3,$-4.40,$-4.40,$87,$0,$0,$90,$5,$0,$7,$1,$13,$103,$14,$0,$0,$12,$26,$0,$-168,$0,$77,$103,$-52,$6,$-6,$-1,$-1,$-0,$1,$10,$16,$-37,$-1,$0,$-14,$8,$-13,$-5,$0,$-20,$17,$0,$17,$45,$45,$0,$0,$63,$5,$3,$0
