,Date,Stock Price,Book Value per Share,Price to Book Ratio,TTM Sales per Share,Price to Sales Ratio,TTM FCF per Share,Price to FCF Ratio,TTM Net EPS,PE Ratio,Current Assets,Current Liabilities,Current Ratio,Long Term Debt,Shareholder's Equity_x,Debt to Equity Ratio,TTM Revenue_x,TTM Gross Profit,Gross Margin,TTM Revenue_y,TTM Operating Income,Operating Margin,TTM Revenue_x,TTM EBIT,EBIT Margin,TTM Revenue_y,TTM EBITDA,EBITDA Margin,TTM Revenue_x,TTM Pre-Tax Income,Pre-Tax Margin,TTM Revenue_y,TTM Net Income_x,Net Margin,TTM Net Income_y,Shareholder's Equity_y,Return on Equity,TTM Net Income_x,Tangible Equity,Return on Tangible Equity,TTM Net Income_y,Total Assets,Return on Assets,TTM Net Income,LT Investments & Debt,Return on Investment,revenue,cost-goods-sold,gross-profit,research-development-expenses,selling-general-administrative-expenses,operating-expenses,operating-income,total-non-operating-income-expense,pre-tax-income,total-provision-income-taxes,income-after-taxes,income-from-continuous-operations,net-income,ebitda,ebit,basic-shares-outstanding,shares-outstanding,eps-basic-net-earnings-per-share,eps-earnings-per-share-diluted,cash-on-hand,inventory,other-current-assets,total-current-assets,net-property-plant-equipment,long-term-investments,goodwill-intangible-assets-total,other-long-term-assets,total-long-term-assets,total-assets,total-current-liabilities,long-term-debt,other-non-current-liabilities,total-long-term-liabilities,total-liabilities,common-stock-net,retained-earnings-accumulated-deficit,comprehensive-income,total-share-holder-equity,total-liabilities-share-holders-equity,net-income-loss,total-depreciation-amortization-cash-flow,other-non-cash-items,total-non-cash-items,change-in-accounts-receivable,change-in-inventories,change-in-accounts-payable,change-in-assets-liabilities,total-change-in-assets-liabilities,cash-flow-from-operating-activities,net-change-in-property-plant-equipment,net-change-in-intangible-assets,net-acquisitions-divestitures,net-change-in-short-term-investments,net-change-in-long-term-investments,net-change-in-investments-total,investing-activities-other,cash-flow-from-investing-activities,net-long-term-debt,net-current-debt,debt-issuance-retirement-net-total,net-common-equity-issued-repurchased,net-total-equity-issued-repurchased,total-common-preferred-stock-dividends-paid,financial-activities-other,cash-flow-from-financial-activities,net-cash-flow,stock-based-compensation,common-stock-dividends-paid
0,2018-06-30,9.5,$2.19,4.33,$3.26,2.91,$-0.13,0.0,$-0.63,0.0,$0.03B,$0.02B,1.22,$0.01B,$0.03B,0.25,$0.04B,$0.04B,90.00%,$0.04B,$-0.01B,-20.00%,$0.04B,$-0.01B,-20.00%,$0.04B,$-0.01B,-17.50%,$0.04B,$-0.01B,-20.00%,$0.04B,$-0.01B,-20.00%,$-0.01B,$0.03B,-26.02%,$-0.01B,$-0.00B,-71.11%,$-0.01B,$0.06B,-14.41%,$-0.01B,$0.04B,-23.36%,$11,$1,$10,$3,$9,$14,$-2,$-0,$-2,$-0,$-2,$-2,$-2,$-2,$-2,$13,13,$-0.18,$-0.18,$14,$0,$0,$27,$1,$0,$30,$2,$34,$61,$22,$7,$0,$11,$33,$0,$-118,$-2,$28,$61,$-7,$1,$2,$3,$2,$0,$0,$3,$2,$-2,$-0,$0,$-24,$0,$0,$0,$0,$-25,$9,$0,$9,$0,$0,$0,$-0,$9,$-17,$2,$0
1,2018-03-31,8.65,$2.37,3.65,$3.13,2.76,$0.12,69.76,$-0.49,0.0,$0.03B,$0.02B,1.52,$0.01B,$0.03B,0.26,$0.04B,$0.03B,89.47%,$0.04B,$-0.01B,-18.42%,$0.04B,$-0.01B,-18.42%,$0.04B,$-0.01B,-13.16%,$0.04B,$-0.01B,-15.79%,$0.04B,$-0.01B,-15.79%,$-0.01B,$0.03B,-18.90%,$-0.01B,$-0.00B,-33.80%,$-0.01B,$0.06B,-11.48%,$-0.01B,$0.04B,-20.90%,$9,$1,$8,$3,$9,$13,$-4,$0,$-4,$0,$-4,$-4,$-4,$-3,$-4,$12,12,$-0.31,$-0.31,$15,$0,$0,$29,$1,$0,$31,$2,$34,$63,$19,$8,$0,$15,$34,$0,$-116,$-2,$30,$63,$-5,$1,$1,$2,$2,$0,$0,$2,$1,$-1,$-0,$0,$-25,$0,$0,$0,$0,$-25,$10,$0,$10,$0,$0,$0,$-0,$10,$-16,$1,$0
2,2017-12-31,9.5,$2.62,3.62,$3.10,3.06,$0.20,46.77,$-0.22,0.0,$0.04B,$0.02B,2.53,$0.00B,$0.03B,0.0,$0.04B,$0.03B,86.84%,$0.04B,$-0.00B,-10.53%,$0.04B,$-0.00B,-10.53%,$0.04B,$-0.00B,-7.89%,$0.04B,$-0.00B,-5.26%,$0.04B,$-0.00B,-5.26%,$-0.00B,$0.03B,-6.20%,$-0.00B,$0.02B,-8.42%,$-0.00B,$0.05B,-4.17%,$-0.00B,$0.03B,-12.40%,$10,$1,$9,$2,$7,$10,$-1,$0,$-1,$0,$-1,$-1,$-1,$-1,$-1,$12,12,$-0.07,$-0.07,$30,$0,$0,$38,$1,$0,$8,$0,$10,$48,$15,$0,$0,$1,$16,$0,$-112,$-2,$32,$48,$-1,$0,$1,$1,$1,$0,$0,$1,$-1,$-1,$-0,$0,$0,$0,$0,$0,$0,$-0,$0,$0,$0,$0,$0,$0,$0,$0,$-1,$1,$0
3,2017-09-30,11.55,$2.65,4.35,$3.01,3.83,$0.11,102.21,$-0.34,0.0,$0.04B,$0.02B,2.36,$0.00B,$0.03B,0.0,$0.04B,$0.03B,86.11%,$0.04B,$-0.01B,-13.89%,$0.04B,$-0.01B,-13.89%,$0.04B,$-0.00B,-11.11%,$0.04B,$-0.00B,-8.33%,$0.04B,$-0.00B,-8.33%,$-0.00B,$0.03B,-9.30%,$-0.00B,$0.02B,-12.77%,$-0.00B,$0.05B,-6.32%,$-0.01B,$0.03B,-15.50%,$10,$1,$9,$2,$8,$11,$-1,$0,$-1,$-0,$-1,$-1,$-1,$-1,$-1,$12,12,$-0.06,$-0.06,$30,$0,$0,$41,$1,$0,$9,$0,$10,$50,$17,$0,$0,$1,$18,$0,$-111,$-2,$33,$50,$-4,$2,$2,$4,$-0,$0,$0,$1,$2,$2,$-0,$0,$0,$0,$0,$0,$0,$-0,$0,$0,$0,$0,$0,$0,$0,$0,$2,$2,$0
4,2017-06-30,9.3,$2.66,3.5,$2.90,3.21,$-0.67,0.0,$-0.43,0.0,$0.04B,$0.02B,2.56,$0.00B,$0.03B,0.0,$0.04B,$0.03B,82.86%,$0.04B,$-0.01B,-17.14%,$0.04B,$-0.01B,-17.14%,$0.04B,$-0.00B,-11.43%,$0.04B,$-0.00B,-11.43%,$0.04B,$-0.00B,-11.43%,$-0.00B,$0.03B,-12.31%,$-0.00B,$0.02B,-17.02%,$-0.00B,$0.05B,-8.51%,$-0.01B,$0.03B,-18.46%,$9,$1,$8,$2,$7,$10,$-1,$0,$-0,$0,$-0,$-0,$-0,$-0,$-1,$12,12,$-0.04,$-0.04,$29,$0,$0,$38,$1,$0,$9,$0,$10,$48,$15,$0,$0,$1,$15,$0,$-110,$-2,$32,$48,$-3,$1,$2,$3,$1,$0,$0,$1,$2,$2,$-0,$0,$0,$0,$0,$0,$0,$-0,$0,$0,$0,$0,$0,$0,$0,$0,$1,$2,$0
5,2017-03-31,8.4,$2.70,3.11,$2.77,3.03,$-1.33,0.0,$-0.84,0.0,$0.04B,$0.01B,2.71,$0.00B,$0.03B,0.0,$0.03B,$0.03B,81.82%,$0.03B,$-0.01B,-27.27%,$0.03B,$-0.01B,-27.27%,$0.03B,$-0.01B,-21.21%,$0.03B,$-0.01B,-24.24%,$0.03B,$-0.01B,-27.27%,$-0.01B,$0.03B,-27.07%,$-0.01B,$0.02B,-37.89%,$-0.01B,$0.05B,-19.15%,$-0.01B,$0.03B,-27.07%,$9,$1,$7,$2,$6,$10,$-1,$1,$-0,$0,$-0,$-0,$-0,$-1,$-1,$12,12,$-0.04,$-0.04,$28,$0,$0,$36,$1,$0,$9,$0,$10,$46,$13,$0,$0,$1,$14,$0,$-110,$-2,$32,$46,$-3,$1,$1,$2,$1,$0,$0,$0,$0,$-0,$-0,$0,$0,$0,$0,$0,$0,$-0,$0,$0,$0,$0,$0,$0,$0,$0,$-0,$1,$0
6,2016-12-31,5.5,$2.68,2.05,$2.68,2.05,$-1.63,0.0,$-1.09,0.0,$0.04B,$0.01B,2.64,$0.00B,$0.03B,0.0,$0.03B,$0.03B,83.87%,$0.03B,$-0.01B,-35.48%,$0.03B,$-0.01B,-35.48%,$0.03B,$-0.01B,-29.03%,$0.03B,$-0.01B,-35.48%,$0.03B,$-0.01B,-38.71%,$-0.01B,$0.03B,-34.04%,$-0.01B,$0.02B,-47.06%,$-0.01B,$0.05B,-24.62%,$-0.01B,$0.03B,-31.21%,$8,$1,$7,$2,$7,$10,$-2,$-0,$-2,$0,$-2,$-2,$-2,$-2,$-2,$12,12,$-0.19,$-0.19,$26,$0,$0,$36,$1,$0,$9,$0,$11,$46,$14,$0,$0,$1,$14,$0,$-109,$-2,$32,$46,$-2,$1,$0,$1,$-0,$0,$0,$0,$-0,$-2,$-0,$0,$0,$0,$0,$0,$0,$-0,$0,$0,$0,$0,$0,$0,$0,$0,$-2,$0,$0
7,2016-09-30,7.41,$2.85,2.6,$2.60,2.85,$-1.67,0.0,$-1.24,0.0,$0.04B,$0.01B,2.72,$0.00B,$0.03B,0.0,$0.03B,$0.03B,83.33%,$0.03B,$-0.01B,-43.33%,$0.03B,$-0.01B,-43.33%,$0.03B,$-0.01B,-33.33%,$0.03B,$-0.01B,-43.33%,$0.03B,$-0.01B,-46.67%,$-0.01B,$0.03B,-36.84%,$-0.01B,$0.02B,-50.91%,$-0.01B,$0.05B,-27.45%,$-0.01B,$0.03B,-34.21%,$9,$1,$7,$2,$7,$11,$-2,$-0,$-2,$-0,$-2,$-2,$-2,$-1,$-2,$12,12,$-0.16,$-0.16,$28,$0,$0,$37,$1,$0,$10,$0,$11,$48,$14,$0,$1,$1,$14,$0,$-107,$-2,$34,$48,$-15,$3,$4,$7,$0,$0,$0,$1,$1,$-6,$-1,$0,$0,$0,$0,$0,$0,$-1,$0,$0,$0,$0,$0,$0,$0,$0,$-7,$3,$0
8,2016-06-30,5.54,$2.97,1.87,$2.57,2.15,$-2.15,0.0,$-1.34,0.0,$0.04B,$0.01B,2.94,$0.00B,$0.04B,0.0,$0.03B,$0.03B,86.21%,$0.03B,$-0.01B,-48.28%,$0.03B,$-0.01B,-48.28%,$0.03B,$-0.01B,-37.93%,$0.03B,$-0.01B,-48.28%,$0.03B,$-0.02B,-51.72%,$-0.02B,$0.04B,-36.59%,$-0.02B,$0.03B,-50.00%,$-0.02B,$0.05B,-27.91%,$-0.01B,$0.04B,-34.15%,$7,$1,$6,$2,$7,$11,$-4,$-0,$-4,$2,$-5,$-5,$-5,$-3,$-4,$12,12,$-0.45,$-0.45,$29,$0,$0,$37,$1,$0,$10,$0,$12,$48,$12,$0,$1,$1,$13,$0,$-105,$-2,$35,$48,$-13,$2,$4,$6,$1,$0,$0,$0,$2,$-6,$-1,$0,$0,$0,$0,$0,$0,$-1,$0,$0,$0,$0,$0,$0,$0,$0,$-6,$2,$0
9,2016-03-31,4.95,$3.47,1.43,$2.63,1.89,$-2.59,0.0,$-1.25,0.0,$0.04B,$0.01B,3.2,$0.00B,$0.04B,0.0,$0.03B,$0.03B,86.67%,$0.03B,$-0.01B,-46.67%,$0.03B,$-0.01B,-46.67%,$0.03B,$-0.01B,-40.00%,$0.03B,$-0.01B,-46.67%,$0.03B,$-0.01B,-46.67%,$-0.01B,$0.04B,-31.64%,$-0.01B,$0.03B,-42.75%,$-0.01B,$0.05B,-24.67%,$-0.01B,$0.04B,-31.64%,$7,$1,$6,$2,$8,$11,$-3,$0,$-3,$-0,$-3,$-3,$-3,$-3,$-3,$12,12,$-0.29,$-0.29,$32,$0,$0,$39,$1,$0,$11,$0,$14,$53,$12,$0,$0,$1,$13,$0,$-100,$-2,$40,$53,$-7,$1,$2,$3,$2,$0,$0,$-0,$1,$-3,$-1,$0,$0,$0,$0,$0,$0,$-1,$0,$0,$0,$0,$0,$0,$0,$0,$-4,$2,$0
10,2015-12-31,5.98,$3.66,1.63,$2.65,2.26,$-3.07,0.0,$-1.46,0.0,$0.04B,$0.01B,3.48,$0.00B,$0.04B,0.0,$0.03B,$0.03B,86.67%,$0.03B,$-0.02B,-56.67%,$0.03B,$-0.02B,-56.67%,$0.03B,$-0.01B,-46.67%,$0.03B,$-0.02B,-56.67%,$0.03B,$-0.02B,-56.67%,$-0.02B,$0.04B,-36.17%,$-0.02B,$0.03B,-48.92%,$-0.02B,$0.06B,-28.69%,$-0.02B,$0.04B,-36.17%,$7,$1,$6,$2,$8,$11,$-4,$-0,$-4,$-0,$-4,$-4,$-4,$-3,$-4,$12,12,$-0.34,$-0.34,$33,$0,$0,$40,$1,$0,$11,$0,$14,$55,$12,$0,$0,$0,$12,$0,$-96,$-2,$43,$55,$-4,$1,$1,$2,$2,$0,$0,$-0,$1,$-2,$-0,$0,$0,$0,$0,$0,$0,$-0,$0,$0,$0,$0,$0,$0,$0,$0,$-2,$1,$0
11,2015-09-30,5.88,$3.92,1.5,$2.67,2.2,$-3.28,0.0,$-1.77,0.0,$0.04B,$0.01B,3.42,$0.00B,$0.05B,0.0,$0.03B,$0.03B,83.33%,$0.03B,$-0.05B,-173.33%,$0.03B,$-0.05B,-173.33%,$0.03B,$-0.02B,-60.00%,$0.03B,$-0.05B,-173.33%,$0.03B,$-0.05B,-166.67%,$-0.05B,$0.05B,-99.50%,$-0.05B,$0.03B,-133.33%,$-0.05B,$0.06B,-80.32%,$-0.05B,$0.05B,-103.48%,$8,$1,$7,$2,$8,$11,$-3,$-0,$-3,$-0,$-3,$-3,$-3,$-2,$-3,$11,11,$-0.20,$-0.20,$35,$0,$0,$44,$1,$0,$12,$0,$15,$59,$13,$0,$0,$0,$13,$0,$-92,$-2,$46,$59,$-50,$35,$2,$37,$-0,$0,$0,$1,$1,$-12,$-0,$0,$0,$0,$0,$0,$0,$-0,$0,$0,$0,$0,$0,$0,$0,$0,$-13,$5,$0
12,2015-06-30,6.98,$4.19,1.67,$2.87,2.43,$-3.31,0.0,$-1.95,0.0,$0.05B,$0.01B,3.85,$0.00B,$0.05B,0.0,$0.03B,$0.03B,80.65%,$0.03B,$-0.05B,-174.19%,$0.03B,$-0.05B,-174.19%,$0.03B,$-0.02B,-64.52%,$0.03B,$-0.05B,-174.19%,$0.03B,$-0.05B,-167.74%,$-0.05B,$0.05B,-84.55%,$-0.05B,$0.04B,-130.00%,$-0.05B,$0.06B,-70.75%,$-0.05B,$0.05B,-87.80%,$8,$1,$7,$2,$9,$12,$-4,$-0,$-4,$-0,$-4,$-4,$-4,$-4,$-4,$11,11,$-0.36,$-0.36,$36,$0,$0,$45,$1,$0,$13,$0,$16,$60,$12,$0,$0,$1,$12,$0,$-89,$-2,$48,$60,$-47,$34,$1,$36,$1,$0,$0,$-1,$0,$-11,$-0,$0,$0,$0,$0,$0,$0,$-0,$0,$0,$0,$0,$0,$0,$0,$0,$-11,$4,$0
13,2015-03-31,6.79,$4.45,1.53,$3.04,2.23,$-3.14,0.0,$-2.07,0.0,$0.05B,$0.01B,4.1,$0.00B,$0.05B,0.0,$0.03B,$0.03B,78.13%,$0.03B,$-0.06B,-171.88%,$0.03B,$-0.06B,-171.88%,$0.03B,$-0.02B,-62.50%,$0.03B,$-0.06B,-171.88%,$0.03B,$-0.05B,-165.63%,$-0.05B,$0.05B,-72.60%,$-0.05B,$0.04B,-124.71%,$-0.05B,$0.06B,-62.17%,$-0.06B,$0.05B,-75.34%,$7,$2,$6,$2,$9,$13,$-6,$-0,$-6,$0,$-6,$-6,$-6,$-5,$-6,$11,11,$-0.51,$-0.51,$38,$0,$0,$47,$1,$0,$13,$0,$16,$63,$11,$0,$0,$0,$12,$0,$-85,$-2,$51,$63,$-43,$34,$-0,$34,$1,$0,$0,$-1,$0,$-9,$-0,$0,$0,$0,$0,$0,$0,$-0,$0,$0,$0,$0,$0,$0,$0,$0,$-9,$3,$0
14,2014-12-31,8.99,$4.93,1.82,$3.22,2.79,$-2.87,0.0,$-2.27,0.0,$0.05B,$0.01B,4.71,$0.00B,$0.06B,0.0,$0.03B,$0.03B,75.76%,$0.03B,$-0.06B,-166.67%,$0.03B,$-0.06B,-166.67%,$0.03B,$-0.02B,-60.61%,$0.03B,$-0.06B,-169.70%,$0.03B,$-0.05B,-163.64%,$-0.05B,$0.06B,-63.72%,$-0.05B,$0.04B,-119.34%,$-0.05B,$0.07B,-55.67%,$-0.06B,$0.06B,-64.90%,$7,$2,$5,$3,$10,$46,$-39,$0,$-39,$-3,$-37,$-37,$-37,$-7,$-39,$11,11,$-3.31,$-3.31,$43,$0,$0,$51,$1,$0,$14,$0,$16,$67,$11,$0,$0,$0,$11,$0,$-79,$-2,$56,$67,$-37,$33,$-1,$32,$2,$0,$0,$-1,$1,$-4,$-0,$0,$0,$0,$0,$0,$0,$-0,$0,$0,$0,$0,$0,$0,$0,$0,$-4,$2,$0
15,2014-09-30,10.25,$8.22,1.25,$3.63,2.83,$-2.71,0.0,$-2.28,0.0,$0.06B,$0.01B,4.92,$0.00B,$0.09B,0.0,$0.04B,$0.03B,77.14%,$0.04B,$-0.02B,-60.00%,$0.04B,$-0.02B,-60.00%,$0.04B,$-0.02B,-48.57%,$0.04B,$-0.02B,-65.71%,$0.04B,$-0.02B,-65.71%,$-0.02B,$0.09B,-27.71%,$-0.02B,$0.04B,-67.15%,$-0.02B,$0.10B,-23.83%,$-0.02B,$0.09B,-25.23%,$9,$2,$7,$2,$10,$14,$-5,$0,$-5,$-0,$-5,$-5,$-5,$-4,$-5,$10,10,$-0.40,$-0.40,$48,$0,$0,$56,$0,$0,$47,$0,$47,$104,$11,$0,$0,$1,$13,$0,$-42,$-2,$91,$104,$-22,$4,$9,$13,$-0,$0,$0,$-0,$-2,$-11,$-0,$-0,$0,$0,$0,$0,$0,$-1,$-4,$-1,$-5,$54,$54,$0,$0,$49,$37,$8,$0
16,2014-06-30,14.96,$8.66,1.73,$4.05,3.69,$-1.30,0.0,$-2.21,0.0,$0.06B,$0.01B,5.2,$0.00B,$0.09B,0.0,$0.04B,$0.03B,77.14%,$0.04B,$-0.02B,-54.29%,$0.04B,$-0.02B,-54.29%,$0.04B,$-0.02B,-42.86%,$0.04B,$-0.02B,-60.00%,$0.04B,$-0.02B,-60.00%,$-0.02B,$0.09B,-28.77%,$-0.02B,$0.05B,-89.36%,$-0.02B,$0.11B,-23.93%,$-0.02B,$0.09B,-25.76%,$9,$2,$7,$2,$10,$14,$-5,$0,$-5,$0,$-5,$-5,$-5,$-4,$-5,$11,11,$-0.48,$-0.48,$50,$0,$0,$59,$0,$0,$48,$0,$48,$107,$11,$0,$0,$2,$13,$0,$-38,$-1,$94,$107,$-18,$3,$7,$10,$-1,$0,$0,$-0,$-1,$-9,$-0,$-0,$0,$0,$0,$0,$0,$-0,$-4,$-1,$-5,$54,$54,$0,$-0,$49,$40,$7,$0
17,2014-03-31,27.12,$9.11,2.98,$4.40,6.16,$-0.19,0.0,$-1.83,0.0,$0.06B,$0.01B,5.74,$0.00B,$0.10B,0.0,$0.03B,$0.03B,79.41%,$0.03B,$-0.02B,-44.12%,$0.03B,$-0.02B,-44.12%,$0.03B,$-0.01B,-32.35%,$0.03B,$-0.02B,-50.00%,$0.03B,$-0.02B,-50.00%,$-0.02B,$0.10B,-32.69%,$-0.02B,$0.05B,-133.33%,$-0.02B,$0.11B,-25.37%,$-0.02B,$0.10B,-28.04%,$8,$2,$6,$3,$10,$14,$-6,$-1,$-7,$-0,$-7,$-7,$-7,$-5,$-6,$10,10,$-0.70,$-0.70,$54,$0,$0,$60,$0,$0,$49,$0,$49,$110,$11,$0,$0,$2,$12,$0,$-32,$-1,$98,$110,$-12,$2,$5,$8,$2,$0,$0,$-1,$-0,$-5,$-0,$-0,$0,$0,$0,$0,$0,$-0,$-4,$-1,$-5,$54,$54,$0,$-0,$49,$44,$5,$0
18,2013-12-31,34.01,$5.68,5.99,$4.63,7.35,$0.50,67.57,$-1.23,0.0,$0.01B,$0.01B,1.14,$0.00B,$0.05B,0.04,$0.03B,$0.03B,81.82%,$0.03B,$-0.01B,-27.27%,$0.03B,$-0.01B,-27.27%,$0.03B,$-0.01B,-18.18%,$0.03B,$-0.01B,-33.33%,$0.03B,$-0.01B,-33.33%,$-0.01B,$0.05B,-36.67%,$-0.01B,$-0.00B,-1100.00%,$-0.01B,$0.07B,-24.31%,$-0.01B,$0.05B,-27.91%,$9,$2,$7,$2,$10,$14,$-5,$-0,$-6,$0,$-6,$-6,$-6,$-4,$-5,$9,9,$-0.66,$-0.66,$8,$0,$0,$14,$0,$0,$50,$0,$50,$65,$13,$2,$0,$4,$16,$0,$-26,$-1,$49,$65,$-6,$1,$3,$4,$1,$0,$0,$-0,$-0,$-2,$-0,$-0,$0,$0,$0,$0,$0,$-0,$-0,$0,$-0,$0,$0,$0,$-0,$-0,$-2,$3,$0
19,2013-09-30,27.9,$6.06,4.6,$4.67,5.98,$0.76,36.94,$-0.60,0.0,$0.02B,$0.01B,1.3,$0.00B,$0.05B,0.04,$0.03B,$0.03B,83.87%,$0.03B,$-0.00B,-12.90%,$0.03B,$-0.00B,-12.90%,$0.03B,$-0.00B,-6.45%,$0.03B,$-0.01B,-16.13%,$0.03B,$-0.01B,-16.13%,$-0.01B,$0.05B,-24.69%,$-0.01B,$0.00B,-250.00%,$-0.01B,$0.07B,-14.39%,$-0.00B,$0.05B,-17.39%,$9,$2,$7,$2,$8,$12,$-3,$-0,$-3,$-0,$-3,$-3,$-3,$-2,$-3,$7,7,$-0.40,$-0.40,$10,$0,$0,$18,$0,$0,$50,$0,$51,$69,$14,$2,$0,$4,$18,$0,$-20,$-1,$51,$69,$-4,$2,$3,$6,$-1,$0,$0,$0,$1,$2,$-1,$-0,$0,$0,$0,$0,$0,$-1,$-2,$2,$-0,$0,$0,$0,$-0,$0,$2,$3,$0
20,2013-06-30,18.04,$1.56,11.55,$4.23,4.26,$1.04,17.34,$-0.27,0.0,$0.02B,$0.01B,1.52,$0.00B,$0.01B,0.28,$0.03B,$0.02B,85.71%,$0.03B,$-0.00B,-3.57%,$0.03B,$-0.00B,-3.57%,$0.03B,0,0.00%,$0.03B,$-0.00B,-7.14%,$0.03B,$-0.00B,-7.14%,$-0.00B,$0.01B,-20.00%,$-0.00B,$0.00B,-100.00%,$-0.00B,$0.02B,-8.60%,$-0.00B,$0.01B,-7.69%,$8,$1,$7,$1,$6,$8,$-1,$-0,$-1,$-0,$-1,$-1,$-1,$0,$-1,$6,6,$-0.10,$-0.10,$10,$0,$0,$16,$0,$0,$7,$0,$8,$24,$11,$3,$0,$3,$14,$0,$-17,$-1,$10,$24,$-2,$2,$2,$4,$-1,$0,$0,$-0,$-0,$2,$-0,$-0,$0,$0,$0,$0,$0,$-0,$0,$0,$0,$0,$0,$0,$0,$0,$2,$2,$0
21,2013-03-31,15.0,$1.57,9.57,$4.08,3.67,$1.09,13.73,$-0.09,0.0,$0.02B,$0.01B,1.58,$0.00B,$0.01B,0.3,$0.03B,$0.02B,85.19%,$0.03B,$0.00B,3.70%,$0.03B,$0.00B,3.70%,$0.03B,$0.00B,3.70%,$0.03B,0,0.00%,$0.03B,0,0.00%,$0.00B,$0.01B,0.00%,$0.00B,$0.00B,0.00%,$0.00B,$0.02B,0.00%,$0.00B,$0.01B,7.69%,$7,$1,$6,$1,$5,$7,$-0,$-0,$-1,$-0,$-1,$-1,$-1,$0,$-0,$6,6,$-0.10,$-0.10,$10,$0,$0,$15,$0,$0,$8,$0,$8,$23,$9,$3,$0,$4,$13,$0,$-17,$-1,$10,$23,$-1,$1,$1,$2,$0,$0,$0,$-1,$-0,$1,$-0,$-0,$0,$0,$0,$0,$-0,$-0,$0,$0,$0,$0,$0,$0,$0,$0,$1,$1,$0
22,2012-12-31,13.81,$1.59,8.7,$4.00,3.45,$1.16,11.91,$0.03,460.33,$0.01B,$0.01B,1.56,$0.00B,$0.01B,0.3,$0.03B,$0.02B,81.48%,$0.03B,$0.00B,3.70%,$0.03B,$0.00B,3.70%,$0.03B,$0.00B,3.70%,$0.03B,$0.00B,3.70%,$0.03B,$0.00B,3.70%,$0.00B,$0.01B,10.26%,$0.00B,$0.00B,33.33%,$0.00B,$0.02B,4.40%,$0.00B,$0.01B,7.84%,$7,$1,$6,$1,$5,$7,$-0,$-0,$-0,$0,$-0,$-0,$-0,$0,$-0,$6,6,$-0.03,$-0.03,$9,$0,$0,$14,$0,$0,$8,$0,$9,$23,$9,$3,$0,$3,$13,$0,$-16,$-1,$10,$23,$-0,$1,$1,$1,$0,$0,$0,$-1,$-1,$0,$-0,$0,$0,$0,$0,$0,$0,$-0,$0,$0,$0,$0,$0,$0,$0,$0,$0,$1,$0
23,2012-09-30,20.27,$1.52,13.29,$3.92,5.17,$1.36,14.95,$0.16,126.69,$0.01B,$0.01B,1.42,$0.00B,$0.01B,0.31,$0.03B,$0.02B,80.77%,$0.03B,$0.00B,7.69%,$0.03B,$0.00B,7.69%,$0.03B,$0.00B,7.69%,$0.03B,$0.00B,7.69%,$0.03B,$0.00B,7.69%,$0.00B,$0.01B,22.22%,$0.00B,$0.00B,50.00%,$0.00B,$0.02B,9.64%,$0.00B,$0.01B,17.78%,$6,$1,$5,$1,$4,$6,$-0,$-0,$-0,$-0,$-0,$-0,$-0,$0,$-0,$6,7,$-0.05,$-0.04,$9,$0,$0,$14,$0,$0,$9,$0,$9,$23,$10,$3,$0,$3,$13,$0,$-16,$-1,$10,$23,$1,$1,$1,$2,$-1,$-0,$0,$2,$1,$4,$-0,$-9,$0,$0,$0,$0,$-0,$-9,$-1,$6,$5,$0,$0,$0,$-0,$5,$0,$1,$0
24,2012-06-30,12.9,$1.53,8.45,$3.80,3.39,$0.95,13.53,$0.23,56.09,$0.01B,$0.01B,1.35,$0.00B,$0.01B,0.31,$0.03B,$0.02B,80.00%,$0.03B,$0.00B,8.00%,$0.03B,$0.00B,8.00%,$0.03B,$0.00B,8.00%,$0.03B,$0.00B,8.00%,$0.03B,$0.00B,8.00%,$0.00B,$0.01B,25.00%,$0.00B,$0.00B,40.00%,$0.00B,$0.02B,10.96%,$0.00B,$0.01B,21.05%,$7,$1,$6,$1,$5,$6,$1,$-0,$1,$0,$1,$1,$1,$1,$1,$6,7,$0.09,$0.08,$8,$0,$0,$13,$0,$0,$9,$0,$10,$23,$10,$3,$0,$3,$13,$0,$-16,$-1,$10,$23,$1,$1,$1,$1,$-2,$-0,$0,$2,$-0,$2,$-0,$-9,$0,$0,$0,$0,$-0,$-9,$4,$2,$6,$0,$0,$0,$-0,$6,$-1,$1,$0
25,2012-03-31,13.29,$1.41,9.42,$3.45,3.86,$0.74,17.88,$0.18,73.83,$0.01B,$0.01B,1.23,$0.00B,$0.01B,0.33,$0.02B,$0.02B,77.27%,$0.02B,$0.00B,4.55%,$0.02B,$0.00B,4.55%,$0.02B,$0.00B,4.55%,$0.02B,$0.00B,4.55%,$0.02B,$0.00B,4.55%,$0.00B,$0.01B,14.29%,$0.00B,$0.01B,16.67%,$0.00B,$0.02B,6.35%,$0.00B,$0.01B,12.90%,$7,$1,$5,$1,$4,$6,$0,$-0,$0,$0,$0,$0,$0,$0,$0,$6,7,$0.03,$0.02,$7,$0,$0,$12,$0,$0,$1,$9,$10,$22,$10,$3,$0,$3,$13,$0,$-16,$-1,$9,$22,$1,$0,$0,$0,$-1,$-0,$0,$1,$0,$2,$-0,$-9,$0,$0,$0,$0,$-0,$-9,$4,$2,$6,$0,$0,$0,$-0,$6,$-1,$0,$0
26,2011-12-31,5.6,$1.14,4.89,$3.21,1.74,$0.62,8.98,$0.07,80.0,$0.01B,$0.01B,1.81,$0.00B,$0.01B,0.0,$0.02B,$0.02B,78.95%,$0.02B,0,0.00%,$0.02B,0,0.00%,$0.02B,$0.00B,5.26%,$0.02B,$0.00B,5.26%,$0.02B,0,0.00%,$0.00B,$0.01B,0.00%,$0.00B,$0.01B,0.00%,$0.00B,$0.02B,0.00%,$0.00B,$0.01B,0.00%,$6,$1,$5,$1,$4,$6,$1,$0,$1,$0,$1,$1,$1,$1,$1,$6,6,$0.10,$0.09,$10,$0,$0,$14,$0,$0,$1,$0,$1,$15,$8,$0,$0,$1,$8,$0,$-16,$-1,$7,$15,$1,$0,$0,$0,$-0,$0,$0,$1,$1,$1,$-0,$-0,$0,$0,$0,$0,$-0,$-0,$0,$0,$0,$0,$0,$0,$0,$0,$1,$0,$0
27,2011-09-30,5.35,$1.03,5.2,$2.91,1.84,$0.48,11.07,$0.01,535.0,$0.01B,$0.01B,1.83,$0.00B,$0.01B,0.0,$0.02B,$0.01B,76.47%,$0.02B,$-0.00B,-5.88%,$0.02B,$-0.00B,-5.88%,$0.02B,0,0.00%,$0.02B,0,0.00%,$0.02B,$-0.00B,-5.88%,$-0.00B,$0.01B,-16.67%,$-0.00B,$0.01B,-21.05%,$-0.00B,$0.01B,-8.00%,$-0.00B,$0.01B,-16.67%,$5,$1,$4,$1,$3,$5,$0,$0,$0,$0,$0,$0,$0,$0,$0,$6,6,$0.03,$0.04,$8,$0,$0,$12,$0,$0,$1,$0,$1,$13,$7,$0,$0,$0,$7,$0,$-17,$-1,$6,$13,$0,$1,$0,$1,$-1,$-0,$0,$0,$0,$1,$-0,$0,$0,$0,$0,$0,$0,$-0,$0,$0,$0,$0,$0,$0,$0,$0,$1,$0,$0
28,2011-06-30,5.75,$0.99,5.82,$2.84,2.03,$0.56,10.26,$0.05,115.0,$0.01B,$0.01B,1.82,$0.00B,$0.01B,0.0,$0.02B,$0.01B,75.00%,$0.02B,$-0.00B,-6.25%,$0.02B,$-0.00B,-6.25%,$0.02B,$0.00B,6.25%,$0.02B,0,0.00%,$0.02B,$-0.00B,-6.25%,$-0.00B,$0.01B,-16.67%,$-0.00B,$0.01B,-22.22%,$-0.00B,$0.01B,-8.33%,$-0.00B,$0.01B,-16.67%,$4,$1,$3,$1,$2,$4,$0,$0,$0,$-0,$0,$0,$0,$0,$0,$6,6,$0.04,$0.03,$8,$0,$0,$11,$0,$0,$1,$0,$1,$13,$6,$0,$0,$0,$7,$0,$-17,$-1,$6,$13,$-0,$1,$0,$1,$-0,$-0,$0,$0,$0,$1,$-0,$0,$0,$0,$0,$0,$-0,$-0,$0,$0,$0,$0,$0,$0,$0,$0,$1,$0,$0
29,2011-03-31,5.25,$0.92,5.74,$2.89,1.82,$0.50,10.47,$0.06,87.5,$0.01B,$0.01B,1.71,$0.00B,$0.01B,0.0,$0.02B,$0.01B,70.59%,$0.02B,$-0.00B,-5.88%,$0.02B,$-0.00B,-5.88%,$0.02B,$0.00B,11.76%,$0.02B,0,0.00%,$0.02B,$-0.00B,-5.88%,$-0.00B,$0.01B,-17.39%,$-0.00B,$0.00B,-23.53%,$-0.00B,$0.01B,-8.51%,$-0.00B,$0.01B,-17.39%,$4,$1,$3,$1,$3,$5,$-1,$0,$-0,$0,$-1,$-1,$-1,$-0,$-1,$6,6,$-0.09,$-0.09,$8,$0,$0,$11,$0,$0,$1,$0,$1,$12,$6,$0,$0,$0,$7,$0,$-17,$-1,$6,$12,$-0,$0,$0,$1,$-0,$-0,$0,$-0,$0,$1,$-0,$0,$0,$0,$0,$0,$0,$-0,$0,$0,$0,$0,$0,$0,$0,$0,$1,$0,$0
30,2010-12-31,3.45,$0.99,3.47,$2.92,1.18,$0.53,6.57,$0.13,26.54,$0.01B,$0.01B,1.85,$0.00B,$0.01B,0.0,$0.02B,$0.01B,66.67%,$0.02B,0,0.00%,$0.02B,0,0.00%,$0.02B,$0.00B,11.11%,$0.02B,0,0.00%,$0.02B,0,0.00%,$0.00B,$0.01B,0.00%,$0.00B,$0.01B,0.00%,$0.00B,$0.01B,0.00%,$0.00B,$0.01B,0.00%,$4,$1,$3,$1,$2,$4,$0,$0,$0,$0,$0,$0,$0,$0,$0,$6,6,$0.04,$0.04,$8,$0,$0,$10,$0,$0,$1,$0,$2,$12,$5,$0,$0,$0,$6,$0,$-17,$-1,$6,$12,$0,$0,$0,$0,$-0,$-0,$0,$0,$-0,$0,$-0,$0,$0,$0,$0,$0,$0,$-0,$0,$0,$0,$0,$0,$0,$0,$0,$0,$0,$0
31,2010-09-30,2.9,$0.96,3.04,$2.95,0.98,$0.49,5.91,$0.06,48.33,$0.01B,$0.01B,1.76,$0.00B,$0.01B,0.0,$0.02B,$0.01B,66.67%,$0.02B,0,0.00%,$0.02B,0,0.00%,$0.02B,$0.00B,11.11%,$0.02B,0,0.00%,$0.02B,0,0.00%,$0.00B,$0.01B,0.00%,$0.00B,$0.00B,0.00%,$0.00B,$0.01B,0.00%,$0.00B,$0.01B,0.00%,$4,$1,$3,$1,$2,$4,$0,$0,$0,$0,$0,$0,$0,$1,$0,$6,6,$0.07,$0.07,$7,$0,$0,$10,$0,$0,$1,$0,$2,$11,$6,$0,$0,$0,$6,$0,$-17,$-1,$6,$11,$0,$1,$0,$1,$1,$0,$0,$-0,$-0,$2,$-0,$-0,$0,$0,$0,$0,$0,$-0,$0,$0,$0,$0,$0,$0,$0,$0,$1,$0,$0
32,2010-06-30,2.9,$0.87,3.32,$3.01,0.96,$0.57,5.13,$0.03,96.67,$0.01B,$0.01B,1.57,$0.00B,$0.01B,0.0,$0.02B,$0.01B,63.16%,$0.02B,0,0.00%,$0.02B,0,0.00%,$0.02B,$0.00B,10.53%,$0.02B,0,0.00%,$0.02B,0,0.00%,$0.00B,$0.01B,0.00%,$0.00B,$0.00B,0.00%,$0.00B,$0.01B,0.00%,$0.00B,$0.01B,0.00%,$5,$1,$3,$1,$2,$4,$0,$-0,$0,$0,$0,$0,$0,$1,$0,$6,6,$0.04,$0.04,$6,$0,$0,$9,$0,$0,$2,$0,$2,$12,$6,$0,$0,$0,$6,$0,$-17,$-1,$5,$12,$-0,$1,$0,$1,$-0,$0,$0,$-0,$-1,$1,$-0,$-0,$0,$0,$0,$0,$0,$-0,$0,$0,$0,$0,$0,$0,$0,$0,$0,$0,$0
33,2010-03-31,2.46,$0.83,2.97,$3.05,0.81,$0.75,3.27,$0.04,61.5,$0.01B,$0.01B,1.46,$0.00B,$0.01B,0.0,$0.02B,$0.01B,63.16%,$0.02B,0,0.00%,$0.02B,0,0.00%,$0.02B,$0.00B,10.53%,$0.02B,0,0.00%,$0.02B,0,0.00%,$0.00B,$0.01B,0.00%,$0.00B,$0.00B,0.00%,$0.00B,$0.01B,0.00%,$0.00B,$0.01B,0.00%,$5,$1,$3,$1,$3,$5,$-0,$0,$-0,$0,$-0,$-0,$-0,$0,$-0,$6,6,$-0.02,$-0.02,$6,$0,$0,$9,$0,$0,$2,$0,$2,$12,$6,$0,$0,$0,$7,$0,$-18,$-1,$5,$12,$-0,$1,$0,$1,$0,$0,$0,$-0,$0,$1,$-0,$0,$0,$0,$0,$0,$0,$-0,$0,$0,$0,$0,$0,$0,$0,$0,$1,$0,$0
34,2009-12-31,2.65,$0.84,3.14,$3.14,0.84,$0.84,3.14,$-0.93,0.0,$0.01B,$0.01B,1.43,$0.00B,$0.01B,0.0,$0.02B,$0.01B,68.42%,$0.02B,$-0.01B,-31.58%,$0.02B,$-0.01B,-31.58%,$0.02B,$0.00B,10.53%,$0.02B,$-0.01B,-31.58%,$0.02B,$-0.01B,-31.58%,$-0.01B,$0.01B,-126.32%,$-0.01B,$0.00B,-240.00%,$-0.01B,$0.01B,-50.00%,$-0.01B,$0.01B,-126.32%,$4,$1,$3,$1,$2,$4,$-0,$-0,$-0,$0,$-0,$-0,$-0,$0,$-0,$6,6,$-0.03,$-0.03,$6,$0,$0,$9,$0,$0,$2,$0,$3,$12,$6,$0,$0,$0,$7,$0,$-18,$-1,$5,$12,$-0,$0,$0,$0,$0,$0,$0,$0,$-0,$0,$-0,$0,$0,$0,$0,$0,$0,$-0,$0,$0,$0,$0,$0,$0,$0,$0,$0,$0,$0
35,2009-09-30,2.36,$0.87,2.71,$3.30,0.71,$0.93,2.53,$-0.84,0.0,$0.01B,$0.01B,1.41,$0.00B,$0.01B,0.0,$0.02B,$0.01B,70.00%,$0.02B,$-0.01B,-30.00%,$0.02B,$-0.01B,-30.00%,$0.02B,$0.00B,10.00%,$0.02B,$-0.01B,-30.00%,$0.02B,$-0.01B,-30.00%,$-0.01B,$0.01B,-100.00%,$-0.01B,$0.00B,-300.00%,$-0.01B,$0.01B,-44.44%,$-0.01B,$0.01B,-100.00%,$5,$1,$3,$1,$2,$4,$0,$0,$0,$0,$0,$0,$0,$1,$0,$6,6,$0.04,$0.05,$6,$0,$0,$9,$0,$0,$2,$0,$3,$12,$6,$0,$0,$0,$7,$0,$-17,$-1,$5,$12,$-5,$7,$-0,$7,$0,$-0,$0,$0,$-0,$2,$-0,$-1,$0,$0,$0,$0,$0,$-1,$0,$0,$0,$0,$0,$0,$0,$0,$1,$0,$0
36,2009-06-30,1.79,$0.82,2.18,$3.41,0.52,$0.88,2.03,$-0.83,0.0,$0.01B,$0.01B,1.29,$0.00B,$0.01B,0.0,$0.02B,$0.02B,75.00%,$0.02B,$-0.01B,-30.00%,$0.02B,$-0.01B,-30.00%,$0.02B,$0.00B,5.00%,$0.02B,$-0.01B,-30.00%,$0.02B,$-0.01B,-30.00%,$-0.01B,$0.01B,-82.76%,$-0.01B,$0.00B,-400.00%,$-0.01B,$0.01B,-40.00%,$-0.01B,$0.01B,-82.76%,$5,$1,$3,$0,$3,$4,$0,$-0,$0,$0,$0,$0,$0,$1,$0,$6,6,$0.05,$0.05,$5,$0,$0,$9,$1,$0,$3,$0,$3,$12,$7,$0,$0,$0,$7,$0,$-18,$-1,$5,$12,$-5,$7,$-0,$7,$1,$-0,$0,$-0,$-0,$2,$-0,$0,$0,$0,$0,$0,$-1,$-1,$0,$0,$0,$0,$0,$0,$0,$0,$1,$0,$0
37,2009-03-31,1.28,$0.74,1.73,$3.57,0.36,$0.74,1.72,$-0.86,0.0,$0.01B,$0.01B,1.2,$0.00B,$0.00B,0.0,$0.02B,$0.02B,76.19%,$0.02B,$-0.01B,-28.57%,$0.02B,$-0.01B,-28.57%,$0.02B,0,0.00%,$0.02B,$-0.01B,-28.57%,$0.02B,$-0.01B,-28.57%,$-0.01B,$0.00B,-70.59%,$-0.01B,$0.00B,-480.00%,$-0.01B,$0.01B,-36.36%,$-0.01B,$0.00B,-70.59%,$5,$1,$4,$1,$3,$11,$-6,$-0,$-6,$-0,$-6,$-6,$-6,$0,$-6,$6,6,$-0.99,$-0.99,$5,$0,$0,$8,$1,$0,$3,$0,$3,$12,$7,$0,$0,$0,$7,$0,$-18,$-1,$4,$12,$-5,$7,$-0,$7,$0,$0,$0,$0,$0,$1,$-0,$0,$0,$0,$0,$0,$-1,$-1,$0,$0,$0,$0,$0,$0,$0,$0,$0,$0,$0
38,2008-12-31,1.2,$1.72,0.7,$3.68,0.33,$0.55,2.2,$0.14,8.57,$0.01B,$0.01B,1.18,$0.00B,$0.01B,0.0,$0.02B,$0.02B,72.73%,$0.02B,0,0.00%,$0.02B,0,0.00%,$0.02B,0,0.00%,$0.02B,0,0.00%,$0.02B,0,0.00%,$0.00B,$0.01B,0.00%,$0.00B,$0.00B,0.00%,$0.00B,$0.02B,0.00%,$0.00B,$0.01B,0.00%,$5,$1,$4,$1,$3,$5,$0,$0,$0,$0,$0,$0,$0,$0,$0,$6,6,$0.07,$0.06,$5,$0,$0,$9,$1,$0,$9,$0,$10,$18,$7,$0,$0,$1,$8,$0,$-12,$-1,$10,$18,$0,$0,$0,$0,$-0,$0,$0,$1,$0,$1,$-0,$0,$0,$0,$0,$0,$-0,$-0,$0,$0,$0,$0,$0,$0,$0,$0,$0,$0,$0
39,2008-09-30,1.76,$1.94,0.91,$3.83,0.46,$0.45,3.88,$0.12,14.67,$0.01B,$0.01B,1.15,$0.00B,$0.01B,0.0,$0.02B,$0.02B,69.57%,$0.02B,0,0.00%,$0.02B,0,0.00%,$0.02B,0,0.00%,$0.02B,0,0.00%,$0.02B,0,0.00%,$0.00B,$0.01B,0.00%,$0.00B,$0.00B,0.00%,$0.00B,$0.02B,0.00%,$0.00B,$0.01B,0.00%,$5,$1,$4,$1,$3,$5,$0,$0,$0,$0,$0,$0,$0,$0,$0,$6,6,$0.05,$0.05,$5,$0,$0,$9,$1,$0,$9,$0,$10,$18,$7,$0,$0,$1,$8,$0,$-12,$-1,$10,$18,$1,$1,$0,$1,$1,$-0,$0,$-0,$0,$2,$-0,$-0,$-0,$0,$0,$0,$0,$-1,$0,$0,$0,$1,$1,$0,$0,$1,$1,$0,$0
40,2008-06-30,2.34,$1.68,1.39,$4.12,0.57,$0.77,3.05,$0.21,11.14,$0.01B,$0.01B,1.13,$0.00B,$0.01B,0.0,$0.03B,$0.02B,68.00%,$0.03B,$0.00B,4.00%,$0.03B,$0.00B,4.00%,$0.03B,$0.00B,4.00%,$0.03B,$0.00B,4.00%,$0.03B,$0.00B,4.00%,$0.00B,$0.01B,10.53%,$0.00B,$0.00B,133.33%,$0.00B,$0.02B,5.56%,$0.00B,$0.01B,10.53%,$6,$2,$4,$1,$3,$6,$0,$0,$0,$0,$0,$0,$0,$0,$0,$6,6,$0.02,$0.02,$4,$0,$0,$9,$1,$0,$9,$0,$10,$18,$8,$0,$0,$1,$8,$0,$-13,$-1,$10,$18,$0,$1,$0,$1,$0,$0,$0,$-0,$-0,$1,$-0,$0,$-0,$0,$0,$0,$-0,$-1,$0,$0,$0,$0,$0,$0,$0,$0,$1,$0,$0
41,2008-03-31,3.47,$1.67,2.08,$4.24,0.82,$0.88,3.94,$0.25,13.88,$0.01B,$0.01B,1.11,$0.00B,$0.01B,0.0,$0.03B,$0.02B,72.00%,$0.03B,$0.00B,4.00%,$0.03B,$0.00B,4.00%,$0.03B,$0.00B,8.00%,$0.03B,$0.00B,4.00%,$0.03B,$0.00B,4.00%,$0.00B,$0.01B,11.11%,$0.00B,$0.00B,400.00%,$0.00B,$0.02B,5.63%,$0.00B,$0.01B,11.11%,$6,$2,$4,$1,$3,$6,$0,$0,$0,$0,$0,$0,$0,$0,$0,$6,6,$0.01,$0.01,$4,$0,$0,$9,$1,$0,$9,$0,$10,$18,$8,$0,$0,$1,$8,$0,$-13,$-1,$10,$18,$0,$0,$0,$1,$0,$0,$0,$-0,$-1,$0,$-0,$0,$-0,$0,$0,$0,$0,$-1,$0,$0,$0,$0,$0,$0,$0,$0,$0,$0,$0
42,2007-12-31,5.92,$1.64,3.61,$4.33,1.37,$1.11,5.35,$0.31,19.1,$0.01B,$0.01B,1.04,$0.00B,$0.01B,0.0,$0.03B,$0.02B,76.00%,$0.03B,$0.00B,4.00%,$0.03B,$0.00B,4.00%,$0.03B,$0.00B,12.00%,$0.03B,$0.00B,4.00%,$0.03B,$0.00B,4.00%,$0.00B,$0.01B,12.12%,$0.00B,$0.00B,-400.00%,$0.00B,$0.02B,5.71%,$0.00B,$0.01B,12.12%,$6,$2,$4,$1,$3,$6,$0,$0,$0,$0,$0,$0,$0,$0,$0,$6,6,$0.04,$0.04,$4,$0,$0,$8,$1,$0,$9,$0,$10,$18,$8,$0,$0,$1,$9,$0,$-13,$-1,$9,$18,$0,$0,$0,$0,$0,$-0,$0,$0,$-0,$0,$-0,$0,$-0,$0,$0,$0,$0,$-1,$0,$0,$0,$0,$0,$0,$0,$0,$-0,$0,$0
43,2007-09-30,4.45,$1.60,2.78,$4.32,1.03,$1.17,3.82,$0.28,15.89,$0.01B,$0.01B,0.97,$0.00B,$0.01B,0.0,$0.03B,$0.02B,76.00%,$0.03B,$0.00B,4.00%,$0.03B,$0.00B,4.00%,$0.03B,$0.00B,12.00%,$0.03B,$0.00B,4.00%,$0.03B,$0.00B,4.00%,$0.00B,$0.01B,12.90%,$0.00B,$0.00B,-100.00%,$0.00B,$0.02B,5.80%,$0.00B,$0.01B,12.90%,$7,$2,$5,$1,$4,$6,$1,$0,$1,$0,$1,$1,$1,$1,$1,$6,6,$0.14,$0.15,$4,$0,$0,$9,$1,$0,$9,$0,$10,$18,$9,$0,$0,$0,$9,$0,$-13,$-1,$9,$18,$2,$1,$0,$1,$-0,$-0,$0,$0,$1,$4,$-0,$-0,$-1,$0,$0,$0,$-0,$-1,$-1,$0,$-1,$0,$0,$0,$0,$-1,$2,$0,$0
44,2007-06-30,5.45,$1.45,3.77,$4.12,1.32,$0.60,9.12,$0.04,136.25,$0.01B,$0.01B,0.85,$0.00B,$0.01B,0.0,$0.02B,$0.02B,78.26%,$0.02B,$-0.00B,-4.35%,$0.02B,$-0.00B,-4.35%,$0.02B,$0.00B,8.70%,$0.02B,$-0.00B,-4.35%,$0.02B,$-0.00B,-4.35%,$-0.00B,$0.01B,-13.79%,$-0.00B,$-0.00B,80.00%,$-0.00B,$0.02B,-5.97%,$-0.00B,$0.01B,-13.79%,$6,$2,$5,$1,$4,$6,$0,$0,$0,$0,$0,$0,$0,$1,$0,$6,6,$0.07,$0.06,$3,$0,$0,$8,$1,$0,$9,$0,$10,$17,$9,$0,$0,$1,$9,$0,$-14,$-0,$8,$17,$1,$1,$0,$1,$-1,$0,$0,$0,$-0,$2,$-0,$0,$0,$0,$0,$0,$-0,$-0,$0,$-1,$-1,$0,$0,$0,$0,$-1,$1,$0,$0
45,2007-03-31,2.9,$1.34,2.16,$4.01,0.72,$0.32,9.05,$-0.08,0.0,$0.01B,$0.01B,0.75,$0.00B,$0.01B,0.0,$0.02B,$0.02B,77.27%,$0.02B,$-0.00B,-4.55%,$0.02B,$-0.00B,-4.55%,$0.02B,$0.00B,4.55%,$0.02B,$-0.00B,-4.55%,$0.02B,$-0.00B,-4.55%,$-0.00B,$0.01B,-14.29%,$-0.00B,$-0.00B,80.00%,$-0.00B,$0.02B,-6.15%,$-0.00B,$0.01B,-14.29%,$6,$2,$5,$1,$3,$6,$0,$-0,$0,$0,$0,$0,$0,$1,$0,$6,6,$0.08,$0.07,$2,$0,$0,$7,$1,$0,$9,$0,$10,$17,$9,$0,$0,$0,$9,$0,$-14,$-0,$7,$17,$0,$0,$0,$1,$0,$-0,$0,$-0,$0,$2,$-0,$0,$0,$0,$0,$0,$-0,$-0,$0,$-1,$-1,$0,$0,$0,$0,$-1,$0,$0,$0
46,2006-12-31,2.6,$1.26,2.06,$3.87,0.67,$0.06,40.44,$-0.11,0.0,$0.01B,$0.01B,0.74,$0.00B,$0.01B,0.0,$0.02B,$0.02B,76.19%,$0.02B,$-0.00B,-4.76%,$0.02B,$-0.00B,-4.76%,$0.02B,0,0.00%,$0.02B,$-0.00B,-4.76%,$0.02B,$-0.00B,-4.76%,$-0.00B,$0.01B,-13.79%,$-0.00B,$-0.00B,-400.00%,$-0.00B,$0.02B,-6.56%,$-0.00B,$0.01B,-13.79%,$6,$2,$4,$1,$3,$6,$0,$-0,$0,$0,$0,$0,$0,$0,$0,$6,6,$0.01,$0.01,$2,$0,$0,$7,$1,$0,$8,$0,$10,$17,$10,$0,$0,$0,$10,$0,$-15,$-0,$7,$17,$0,$0,$0,$0,$-0,$0,$0,$1,$0,$1,$-0,$0,$0,$0,$0,$0,$-0,$-0,$0,$0,$0,$0,$0,$0,$0,$0,$1,$0,$0
