,Date,Stock Price,Book Value per Share,Price to Book Ratio,TTM Sales per Share,Price to Sales Ratio,TTM FCF per Share,Price to FCF Ratio,TTM Net EPS,PE Ratio,Current Assets,Current Liabilities,Current Ratio,Long Term Debt,Shareholder's Equity_x,Debt to Equity Ratio,TTM Revenue_x,TTM Gross Profit,Gross Margin,TTM Revenue_y,TTM Operating Income,Operating Margin,TTM Revenue_x,TTM EBIT,EBIT Margin,TTM Revenue_y,TTM EBITDA,EBITDA Margin,TTM Revenue_x,TTM Pre-Tax Income,Pre-Tax Margin,TTM Revenue_y,TTM Net Income_x,Net Margin,TTM Net Income_y,Shareholder's Equity_y,Return on Equity,TTM Net Income_x,Tangible Equity,Return on Tangible Equity,TTM Net Income_y,Total Assets,Return on Assets,TTM Net Income,LT Investments & Debt,Return on Investment,revenue,cost-goods-sold,gross-profit,research-development-expenses,selling-general-administrative-expenses,operating-expenses,operating-income,total-non-operating-income-expense,pre-tax-income,total-provision-income-taxes,income-after-taxes,income-from-continuous-operations,net-income,ebitda,ebit,basic-shares-outstanding,shares-outstanding,eps-basic-net-earnings-per-share,eps-earnings-per-share-diluted,cash-on-hand,inventory,other-current-assets,total-current-assets,net-property-plant-equipment,long-term-investments,goodwill-intangible-assets-total,other-long-term-assets,total-long-term-assets,total-assets,total-current-liabilities,long-term-debt,other-non-current-liabilities,total-long-term-liabilities,total-liabilities,common-stock-net,retained-earnings-accumulated-deficit,comprehensive-income,total-share-holder-equity,total-liabilities-share-holders-equity,net-income-loss,total-depreciation-amortization-cash-flow,other-non-cash-items,total-non-cash-items,change-in-accounts-receivable,change-in-inventories,change-in-accounts-payable,change-in-assets-liabilities,total-change-in-assets-liabilities,cash-flow-from-operating-activities,net-change-in-property-plant-equipment,net-change-in-intangible-assets,net-acquisitions-divestitures,net-change-in-short-term-investments,net-change-in-long-term-investments,net-change-in-investments-total,investing-activities-other,cash-flow-from-investing-activities,net-long-term-debt,net-current-debt,debt-issuance-retirement-net-total,net-common-equity-issued-repurchased,net-total-equity-issued-repurchased,total-common-preferred-stock-dividends-paid,financial-activities-other,cash-flow-from-financial-activities,net-cash-flow,stock-based-compensation,common-stock-dividends-paid
0,2018-06-30,6.35,$9.53,0.67,$1.85,3.43,$9.59,0.66,$1.48,4.29,$0.25B,$2.54B,0.1,$0.00B,$0.40B,0.0,$0.10B,$0.10B,100.00%,$0.10B,$0.08B,85.71%,$0.10B,$0.08B,85.71%,$0.10B,$0.24B,240.82%,$0.10B,$0.09B,93.88%,$0.10B,$0.08B,82.65%,$0.08B,$0.54B,14.95%,$0.08B,$0.54B,14.95%,$0.08B,$3.08B,2.54%,$0.08B,$0.54B,15.46%,$26,$0,$26,$0,$4,$4,$22,$-6,$16,$0,$16,$16,$13,$61,$22,$56,56,$0.23,$0.23,$218,$0,$0,$251,$0,$0,$0,$2832,$2832,$3083,$2538,$0,$2,$2,$2541,$1,$-318,$-64,$542,$3083,$60,$75,$-42,$33,$0,$0,$2,$-2,$0,$93,$0,$0,$0,$0,$108,$108,$2,$110,$-51,$0,$-51,$6,$6,$-26,$-2,$-72,$131,$1,$-26
1,2018-03-31,6.27,$9.71,0.65,$1.90,3.31,$10.03,0.63,$1.05,5.97,$0.12B,$2.66B,0.05,$0.00B,$0.40B,0.0,$0.10B,$0.10B,100.00%,$0.10B,$0.08B,85.57%,$0.10B,$0.08B,85.57%,$0.10B,$0.24B,244.33%,$0.10B,$0.07B,71.13%,$0.10B,$0.06B,59.79%,$0.06B,$0.54B,10.93%,$0.06B,$0.54B,10.93%,$0.06B,$3.21B,1.82%,$0.08B,$0.54B,15.56%,$25,$0,$25,$0,$4,$4,$22,$23,$44,$0,$44,$44,$41,$58,$22,$56,56,$0.74,$0.74,$86,$0,$0,$124,$0,$0,$0,$3081,$3081,$3206,$2660,$0,$2,$2,$2662,$1,$-321,$-54,$544,$3206,$44,$36,$-34,$2,$-3,$0,$1,$-3,$-4,$42,$0,$0,$0,$0,$-78,$-78,$1,$-78,$48,$0,$48,$0,$1,$-13,$-1,$35,$-1,$0,$-13
2,2017-12-31,6.63,$9.98,0.66,$1.90,3.49,$10.24,0.65,$0.44,15.07,$0.12B,$2.75B,0.05,$0.00B,$0.42B,0.0,$0.09B,$0.09B,100.00%,$0.09B,$0.08B,84.04%,$0.09B,$0.08B,84.04%,$0.09B,$0.24B,252.13%,$0.09B,$0.03B,36.17%,$0.09B,$0.02B,25.53%,$0.02B,$0.56B,4.64%,$0.02B,$0.56B,4.64%,$0.02B,$3.31B,0.75%,$0.08B,$0.56B,15.13%,$24,$0,$24,$0,$4,$4,$20,$2,$22,$0,$22,$22,$19,$56,$20,$50,50,$0.38,$0.38,$87,$0,$0,$123,$0,$0,$0,$3183,$3183,$3306,$2745,$0,$4,$4,$2749,$1,$-352,$-9,$557,$3306,$34,$159,$10,$169,$1,$0,$1,$0,$1,$204,$0,$0,$0,$0,$84,$84,$3,$87,$-333,$0,$-333,$47,$78,$-48,$-1,$-304,$-12,$2,$-48
3,2017-09-30,6.54,$10.22,0.64,$1.89,3.46,$10.47,0.63,$1.44,4.54,$0.21B,$2.61B,0.08,$0.01B,$0.39B,0.02,$0.09B,$0.09B,100.00%,$0.09B,$0.08B,83.87%,$0.09B,$0.08B,83.87%,$0.09B,$0.24B,256.99%,$0.09B,$0.08B,87.10%,$0.09B,$0.07B,77.42%,$0.07B,$0.52B,14.54%,$0.07B,$0.52B,14.54%,$0.07B,$3.14B,2.23%,$0.08B,$0.53B,15.55%,$23,$0,$23,$0,$4,$4,$20,$-9,$10,$0,$10,$10,$8,$61,$20,$50,50,$0.15,$0.15,$162,$0,$0,$211,$0,$0,$0,$2932,$2932,$3143,$2611,$6,$3,$8,$2619,$1,$-361,$6,$524,$3143,$12,$124,$22,$145,$1,$0,$-0,$-2,$-1,$156,$0,$0,$0,$0,$280,$280,$2,$283,$-380,$0,$-380,$14,$40,$-35,$-1,$-376,$63,$2,$-35
4,2017-06-30,6.23,$10.10,0.62,$1.86,3.36,$10.54,0.59,$1.54,4.05,$0.18B,$2.55B,0.07,$0.01B,$0.37B,0.02,$0.09B,$0.09B,100.00%,$0.09B,$0.08B,83.52%,$0.09B,$0.08B,83.52%,$0.09B,$0.24B,258.24%,$0.09B,$0.09B,94.51%,$0.09B,$0.08B,83.52%,$0.08B,$0.50B,15.57%,$0.08B,$0.50B,15.57%,$0.08B,$3.06B,2.31%,$0.08B,$0.50B,15.37%,$25,$0,$25,$0,$4,$4,$21,$-28,$-7,$0,$-7,$-7,$-10,$62,$21,$49,49,$-0.20,$-0.20,$146,$0,$0,$183,$0,$0,$0,$2877,$2877,$3060,$2553,$6,$4,$10,$2563,$0,$-359,$-0,$497,$3060,$2,$82,$22,$104,$1,$0,$-2,$-2,$-3,$103,$0,$0,$0,$0,$308,$308,$2,$309,$-358,$0,$-358,$0,$18,$-24,$-1,$-365,$47,$1,$-24
5,2017-03-31,6.06,$10.01,0.61,$1.82,3.34,$10.61,0.57,$1.63,3.72,$0.14B,$2.84B,0.05,$0.01B,$0.38B,0.02,$0.09B,$0.09B,100.00%,$0.09B,$0.07B,83.15%,$0.09B,$0.07B,83.15%,$0.09B,$0.23B,257.30%,$0.09B,$0.09B,101.12%,$0.09B,$0.08B,89.89%,$0.08B,$0.49B,16.44%,$0.08B,$0.49B,16.44%,$0.08B,$3.34B,2.36%,$0.07B,$0.50B,14.99%,$22,$0,$22,$0,$4,$4,$18,$-9,$9,$0,$9,$9,$7,$58,$18,$49,49,$0.13,$0.13,$101,$0,$0,$142,$0,$0,$0,$3198,$3198,$3340,$2840,$6,$2,$8,$2847,$0,$-340,$-13,$493,$3340,$9,$40,$2,$42,$-2,$0,$-1,$-1,$-4,$47,$0,$0,$0,$0,$33,$33,$1,$34,$-73,$0,$-73,$0,$8,$-13,$-1,$-79,$2,$1,$-13
6,2016-12-31,5.83,$9.50,0.61,$1.87,3.12,$10.75,0.54,$0.69,8.45,$0.14B,$2.91B,0.05,$0.01B,$0.36B,0.02,$0.09B,$0.09B,100.00%,$0.09B,$0.08B,83.70%,$0.09B,$0.08B,83.70%,$0.09B,$0.23B,250.00%,$0.09B,$0.04B,47.83%,$0.09B,$0.03B,35.87%,$0.03B,$0.47B,6.81%,$0.03B,$0.47B,6.81%,$0.03B,$3.40B,0.96%,$0.08B,$0.47B,15.66%,$23,$0,$23,$0,$4,$4,$19,$50,$69,$0,$69,$69,$67,$58,$19,$49,49,$1.36,$1.36,$99,$0,$0,$138,$0,$0,$0,$3259,$3259,$3398,$2914,$6,$10,$16,$2931,$0,$-338,$-33,$467,$3398,$43,$152,$12,$165,$2,$0,$1,$-1,$3,$211,$0,$0,$0,$0,$52,$52,$16,$68,$-210,$0,$-210,$-0,$0,$-52,$-3,$-265,$14,$3,$-52
7,2016-09-30,5.98,$10.07,0.59,$1.89,3.17,$10.57,0.57,$-0.06,0.0,$0.20B,$2.49B,0.08,$0.01B,$0.39B,0.02,$0.10B,$0.10B,100.00%,$0.10B,$0.08B,83.16%,$0.10B,$0.08B,83.16%,$0.10B,$0.23B,244.21%,$0.10B,$0.01B,8.42%,$0.10B,$-0.00B,-4.21%,$-0.00B,$0.50B,-0.82%,$-0.00B,$0.50B,-0.82%,$-0.00B,$3.34B,-0.11%,$0.08B,$0.50B,15.86%,$21,$0,$21,$0,$3,$3,$18,$-3,$15,$0,$15,$15,$12,$57,$18,$49,49,$0.25,$0.25,$158,$0,$0,$198,$0,$0,$0,$3146,$3146,$3344,$2493,$7,$349,$356,$2849,$0,$-395,$53,$495,$3344,$-26,$114,$68,$182,$3,$0,$0,$-2,$2,$158,$0,$0,$0,$0,$310,$310,$14,$325,$-370,$0,$-370,$-0,$-0,$-39,$-0,$-410,$73,$2,$-39
8,2016-06-30,5.42,$10.00,0.54,$1.95,2.78,$10.44,0.52,$-1.05,0.0,$0.22B,$2.61B,0.09,$0.01B,$0.38B,0.02,$0.10B,$0.10B,100.00%,$0.10B,$0.08B,83.00%,$0.10B,$0.08B,83.00%,$0.10B,$0.24B,238.00%,$0.10B,$-0.04B,-44.00%,$0.10B,$-0.06B,-55.00%,$-0.06B,$0.49B,-11.02%,$-0.06B,$0.49B,-11.02%,$-0.06B,$3.47B,-1.50%,$0.08B,$0.50B,16.38%,$23,$0,$23,$0,$4,$4,$19,$-22,$-3,$0,$-3,$-3,$-6,$56,$19,$49,49,$-0.11,$-0.11,$181,$0,$0,$222,$0,$0,$0,$3247,$3247,$3469,$2614,$8,$356,$363,$2978,$0,$-397,$52,$492,$3469,$-41,$74,$70,$145,$3,$0,$-0,$-1,$2,$106,$0,$0,$0,$0,$250,$250,$13,$264,$-246,$0,$-246,$-0,$-0,$-27,$-34,$-307,$63,$1,$-27
9,2016-03-31,5.2,$9.85,0.53,$1.94,2.68,$10.26,0.51,$-0.42,0.0,$0.22B,$2.74B,0.08,$0.01B,$0.37B,0.02,$0.10B,$0.10B,100.00%,$0.10B,$0.08B,82.35%,$0.10B,$0.08B,82.35%,$0.10B,$0.24B,236.27%,$0.10B,$-0.01B,-10.78%,$0.10B,$-0.02B,-20.59%,$-0.02B,$0.48B,-4.04%,$-0.02B,$0.48B,-4.04%,$-0.02B,$3.58B,-0.55%,$0.08B,$0.49B,15.91%,$25,$0,$25,$0,$4,$4,$21,$-58,$-37,$0,$-37,$-37,$-40,$59,$21,$49,49,$-0.81,$-0.81,$170,$0,$0,$215,$0,$0,$0,$3369,$3369,$3584,$2737,$8,$356,$364,$3100,$0,$-381,$29,$484,$3584,$-37,$38,$53,$91,$1,$0,$1,$-1,$0,$54,$0,$0,$0,$0,$159,$159,$12,$171,$-124,$0,$-124,$-0,$-0,$-14,$-36,$-175,$49,$1,$-14
10,2015-12-31,4.81,$10.03,0.48,$1.87,2.58,$10.10,0.48,$0.18,26.73,$0.13B,$2.61B,0.05,$0.01B,$0.38B,0.02,$0.10B,$0.10B,100.00%,$0.10B,$0.08B,82.18%,$0.10B,$0.08B,82.18%,$0.10B,$0.24B,237.62%,$0.10B,$0.02B,16.83%,$0.10B,$0.01B,6.93%,$0.01B,$0.49B,1.27%,$0.01B,$0.49B,1.27%,$0.01B,$3.67B,0.18%,$0.08B,$0.50B,14.85%,$26,$0,$26,$0,$4,$4,$21,$11,$33,$0,$33,$33,$30,$60,$21,$53,53,$0.57,$0.57,$85,$0,$0,$132,$0,$0,$0,$3538,$3538,$3670,$2605,$8,$565,$573,$3178,$0,$-331,$-13,$492,$3670,$17,$158,$47,$205,$-2,$0,$-0,$-2,$-4,$217,$0,$0,$0,$0,$-219,$-219,$9,$-209,$96,$0,$96,$-41,$-41,$-61,$-3,$-9,$-1,$3,$-61
11,2015-09-30,4.62,$10.44,0.44,$1.83,2.53,$9.92,0.47,$-0.40,0.0,$0.14B,$3.07B,0.05,$0.01B,$0.42B,0.02,$0.10B,$0.10B,100.00%,$0.10B,$0.10B,103.03%,$0.10B,$0.10B,103.03%,$0.10B,$0.26B,258.59%,$0.10B,$-0.01B,-12.12%,$0.10B,$-0.02B,-22.22%,$-0.02B,$0.53B,-3.80%,$-0.02B,$0.53B,-3.80%,$-0.02B,$3.93B,-0.55%,$0.10B,$0.54B,17.33%,$26,$0,$26,$0,$4,$4,$22,$-59,$-37,$0,$-37,$-37,$-39,$63,$22,$53,53,$-0.74,$-0.74,$91,$0,$0,$139,$0,$0,$0,$3789,$3789,$3928,$3071,$9,$321,$330,$3400,$1,$-349,$32,$528,$3928,$-16,$119,$63,$182,$0,$0,$-0,$0,$-0,$163,$0,$0,$0,$0,$-765,$-765,$390,$-374,$295,$0,$295,$-31,$-31,$-47,$-36,$181,$-31,$2,$-47
12,2015-06-30,5.2,$10.64,0.49,$1.81,2.88,$9.75,0.53,$0.86,6.05,$0.26B,$3.42B,0.08,$0.01B,$0.47B,0.02,$0.10B,$0.10B,100.00%,$0.10B,$0.10B,96.97%,$0.10B,$0.10B,96.97%,$0.10B,$0.25B,251.52%,$0.10B,$0.06B,56.57%,$0.10B,$0.05B,46.46%,$0.05B,$0.58B,7.66%,$0.05B,$0.58B,7.66%,$0.05B,$4.17B,1.17%,$0.10B,$0.58B,15.72%,$25,$0,$25,$0,$5,$5,$20,$11,$30,$0,$30,$30,$28,$59,$20,$55,55,$0.52,$0.52,$114,$0,$0,$262,$0,$0,$0,$3907,$3907,$4169,$3420,$9,$165,$174,$3594,$1,$-298,$5,$575,$4169,$21,$78,$10,$87,$-0,$0,$0,$0,$-0,$108,$0,$0,$0,$0,$-541,$-541,$4,$-538,$498,$0,$498,$-7,$-7,$-31,$-18,$442,$13,$1,$-31
13,2015-03-31,5.62,$11.03,0.51,$1.87,3.01,$9.70,0.58,$0.19,29.55,$0.16B,$3.20B,0.05,$0.01B,$0.50B,0.02,$0.10B,$0.10B,100.00%,$0.10B,$0.09B,91.18%,$0.10B,$0.09B,91.18%,$0.10B,$0.24B,239.22%,$0.10B,$0.02B,19.61%,$0.10B,$0.01B,9.80%,$0.01B,$0.61B,1.64%,$0.01B,$0.61B,1.64%,$0.01B,$4.08B,0.25%,$0.09B,$0.62B,14.98%,$24,$0,$24,$0,$4,$4,$20,$-29,$-9,$0,$-9,$-9,$-12,$58,$20,$55,55,$-0.21,$-0.21,$105,$0,$0,$161,$0,$0,$0,$3914,$3914,$4076,$3203,$10,$257,$267,$3470,$1,$-313,$44,$605,$4076,$-9,$38,$25,$63,$-2,$0,$0,$0,$-1,$51,$0,$0,$0,$0,$-188,$-188,$1,$-187,$173,$0,$173,$-0,$-0,$-16,$-26,$131,$-5,$1,$-16
14,2014-12-31,5.47,$11.09,0.49,$1.93,2.83,$9.68,0.57,$0.34,16.09,$0.15B,$3.03B,0.05,$0.01B,$0.50B,0.02,$0.11B,$0.11B,100.00%,$0.11B,$0.09B,83.96%,$0.11B,$0.09B,83.96%,$0.11B,$0.24B,223.58%,$0.11B,$0.03B,26.42%,$0.11B,$0.02B,17.92%,$0.02B,$0.61B,3.12%,$0.02B,$0.61B,3.12%,$0.02B,$3.69B,0.48%,$0.09B,$0.62B,14.36%,$24,$0,$24,$0,$4,$-16,$40,$-37,$4,$0,$4,$4,$1,$76,$40,$55,55,$0.03,$0.03,$86,$0,$0,$147,$0,$0,$0,$3541,$3541,$3688,$3031,$11,$40,$50,$3081,$1,$-288,$21,$607,$3688,$28,$147,$40,$186,$1,$0,$-1,$0,$-0,$214,$0,$0,$0,$0,$411,$411,$13,$424,$-568,$0,$-568,$0,$0,$-65,$-32,$-664,$-25,$3,$-65
15,2014-09-30,5.04,$11.22,0.45,$2.01,2.51,$9.58,0.53,$0.66,7.64,$3.74B,$3.17B,1.18,$0.01B,$0.50B,0.02,$0.11B,$0.11B,100.00%,$0.11B,$0.07B,61.26%,$0.11B,$0.07B,61.26%,$0.11B,$0.21B,192.79%,$0.11B,$0.05B,41.44%,$0.11B,$0.04B,33.33%,$0.04B,$0.61B,6.14%,$0.04B,$0.61B,6.14%,$0.04B,$3.81B,0.91%,$0.07B,$0.63B,11.06%,$26,$0,$26,$0,$4,$10,$16,$15,$31,$0,$31,$31,$29,$56,$16,$55,55,$0.52,$0.52,$89,$0,$0,$3742,$0,$0,$0,$71,$71,$3814,$3167,$11,$21,$32,$3199,$1,$-276,$16,$614,$3814,$24,$111,$28,$140,$1,$0,$-1,$0,$-0,$160,$0,$0,$0,$0,$-90,$-90,$419,$329,$-431,$0,$-431,$0,$0,$-49,$-22,$-501,$-13,$2,$-49
16,2014-06-30,5.37,$11.20,0.48,$2.11,2.54,$9.54,0.56,$0.01,0.0,$4.04B,$3.46B,1.17,$0.01B,$0.50B,0.02,$0.12B,$0.12B,100.00%,$0.12B,$0.07B,60.68%,$0.12B,$0.07B,60.68%,$0.12B,$0.21B,182.05%,$0.12B,$0.01B,8.55%,$0.12B,$0.00B,0.85%,$0.00B,$0.61B,0.17%,$0.00B,$0.61B,0.17%,$0.00B,$4.12B,0.02%,$0.07B,$0.63B,11.65%,$28,$0,$28,$0,$4,$10,$17,$-23,$-6,$0,$-6,$-6,$-8,$54,$17,$55,55,$-0.15,$-0.15,$68,$0,$0,$4040,$0,$0,$0,$76,$76,$4116,$3464,$12,$26,$39,$3503,$1,$-291,$31,$613,$4116,$-7,$72,$42,$113,$-1,$0,$-1,$0,$-2,$106,$0,$0,$0,$0,$-209,$-209,$256,$47,$-134,$0,$-134,$0,$0,$-33,$-19,$-185,$-32,$1,$-33
17,2014-03-31,5.28,$10.95,0.48,$2.22,2.37,$9.47,0.56,$0.70,7.54,$4.06B,$3.50B,1.16,$0.01B,$0.49B,0.03,$0.12B,$0.12B,100.00%,$0.12B,$0.07B,59.35%,$0.12B,$0.07B,59.35%,$0.12B,$0.21B,172.36%,$0.12B,$0.05B,39.02%,$0.12B,$0.04B,30.89%,$0.04B,$0.60B,6.41%,$0.04B,$0.60B,6.41%,$0.04B,$4.14B,0.87%,$0.07B,$0.61B,11.95%,$28,$0,$28,$0,$4,$12,$16,$-17,$-1,$0,$-1,$-1,$-3,$51,$16,$55,55,$-0.06,$-0.06,$79,$0,$0,$4063,$0,$0,$0,$82,$82,$4144,$3504,$12,$29,$41,$3545,$1,$-269,$-4,$599,$4144,$-1,$35,$17,$52,$-2,$0,$0,$0,$-1,$50,$0,$0,$0,$0,$58,$58,$2,$60,$-96,$0,$-96,$0,$0,$-17,$-5,$-118,$-8,$1,$-17
18,2013-12-31,4.72,$10.79,0.44,$2.32,2.03,$9.39,0.5,$1.10,4.29,$0.16B,$3.60B,0.04,$0.01B,$0.48B,0.03,$0.13B,$0.13B,100.00%,$0.13B,$0.08B,58.59%,$0.13B,$0.08B,58.59%,$0.13B,$0.21B,164.84%,$0.13B,$0.07B,53.91%,$0.13B,$0.06B,46.09%,$0.06B,$0.59B,9.80%,$0.06B,$0.59B,9.80%,$0.06B,$4.22B,1.32%,$0.08B,$0.60B,12.02%,$29,$0,$29,$0,$2,$10,$19,$3,$22,$0,$22,$22,$19,$53,$19,$55,55,$0.35,$0.35,$83,$0,$0,$160,$0,$0,$0,$4057,$4057,$4217,$3600,$13,$18,$31,$3631,$1,$-252,$-34,$586,$4217,$68,$137,$10,$146,$1,$0,$-0,$0,$1,$209,$0,$0,$0,$0,$-187,$-187,$22,$-165,$16,$0,$16,$1,$55,$-69,$-32,$-30,$14,$2,$-69
19,2013-09-30,4.85,$10.68,0.45,$2.39,2.02,$8.38,0.58,$1.09,4.45,$0.14B,$3.69B,0.04,$0.02B,$0.47B,0.05,$0.13B,$0.13B,100.00%,$0.13B,$0.07B,56.49%,$0.13B,$0.07B,56.49%,$0.13B,$0.21B,158.02%,$0.13B,$0.07B,51.15%,$0.13B,$0.06B,44.27%,$0.06B,$0.58B,9.52%,$0.06B,$0.58B,9.52%,$0.06B,$4.32B,1.29%,$0.07B,$0.60B,11.64%,$32,$0,$32,$0,$4,$12,$19,$-24,$-5,$0,$-5,$-5,$-7,$55,$19,$55,55,$-0.13,$-0.13,$57,$0,$0,$139,$0,$0,$0,$4181,$4181,$4320,$3694,$21,$24,$45,$3739,$1,$-257,$-34,$581,$4320,$47,$102,$13,$115,$1,$0,$-0,$0,$0,$158,$0,$0,$0,$0,$-1021,$-1021,$759,$-262,$101,$0,$101,$1,$56,$-52,$-16,$88,$-16,$2,$-52
20,2013-06-30,5.63,$11.01,0.51,$2.34,2.4,$7.29,0.77,$1.56,3.61,$0.14B,$4.09B,0.04,$0.03B,$0.50B,0.05,$0.13B,$0.13B,100.00%,$0.13B,$0.07B,55.47%,$0.13B,$0.07B,55.47%,$0.13B,$0.19B,151.56%,$0.13B,$0.09B,71.09%,$0.13B,$0.08B,64.84%,$0.08B,$0.61B,13.41%,$0.08B,$0.61B,13.41%,$0.08B,$4.75B,1.84%,$0.07B,$0.63B,10.97%,$34,$0,$34,$0,$4,$15,$19,$13,$32,$0,$32,$32,$29,$53,$19,$55,55,$0.54,$0.54,$35,$0,$0,$144,$0,$0,$0,$4605,$4605,$4749,$4091,$25,$26,$51,$4142,$1,$-235,$-35,$607,$4749,$51,$67,$-13,$54,$-1,$0,$-1,$0,$-2,$102,$0,$0,$0,$0,$-1146,$-1146,$490,$-657,$507,$0,$507,$7,$62,$-34,$-6,$528,$-26,$1,$-34
21,2013-03-31,5.74,$11.55,0.5,$2.23,2.58,$6.52,0.88,$1.37,4.19,$0.14B,$3.73B,0.04,$0.03B,$0.58B,0.05,$0.12B,$0.12B,100.00%,$0.12B,$0.07B,56.20%,$0.12B,$0.07B,56.20%,$0.12B,$0.18B,146.28%,$0.12B,$0.08B,64.46%,$0.12B,$0.07B,60.33%,$0.07B,$0.63B,12.20%,$0.07B,$0.63B,12.20%,$0.07B,$4.63B,1.71%,$0.07B,$0.66B,10.82%,$33,$0,$33,$0,$4,$15,$18,$1,$20,$0,$20,$20,$18,$50,$18,$54,54,$0.34,$0.34,$45,$0,$0,$135,$0,$0,$0,$4493,$4493,$4628,$3728,$28,$238,$267,$3995,$1,$-248,$62,$633,$4628,$20,$32,$-0,$32,$-1,$0,$-0,$0,$-1,$45,$0,$0,$0,$0,$-192,$-192,$5,$-187,$142,$0,$142,$5,$5,$-17,$-1,$130,$-12,$0,$-17
22,2012-12-31,4.94,$11.36,0.43,$2.15,2.3,$6.18,0.8,$1.36,3.63,$0.15B,$3.58B,0.04,$0.03B,$0.56B,0.05,$0.11B,$0.11B,100.00%,$0.11B,$0.07B,57.89%,$0.11B,$0.07B,57.89%,$0.11B,$0.16B,136.84%,$0.11B,$0.07B,64.91%,$0.11B,$0.07B,62.28%,$0.07B,$0.62B,12.44%,$0.07B,$0.62B,12.44%,$0.07B,$4.28B,1.80%,$0.07B,$0.65B,10.96%,$32,$0,$32,$0,$4,$14,$18,$2,$20,$0,$20,$20,$18,$49,$18,$53,53,$0.33,$0.33,$57,$0,$0,$151,$0,$0,$0,$4130,$4130,$4280,$3584,$31,$49,$80,$3664,$1,$-251,$53,$617,$4280,$74,$91,$-6,$84,$-10,$0,$1,$0,$-10,$149,$0,$0,$0,$0,$-1729,$-1729,$38,$-1691,$1430,$0,$1430,$123,$178,$-59,$0,$1549,$7,$2,$-59
23,2012-09-30,5.31,$11.37,0.47,$2.17,2.45,$5.20,1.02,$1.38,3.85,$0.14B,$3.69B,0.04,$0.03B,$0.56B,0.06,$0.11B,$0.11B,100.00%,$0.11B,$0.06B,58.49%,$0.11B,$0.06B,58.49%,$0.11B,$0.13B,123.58%,$0.11B,$0.07B,64.15%,$0.11B,$0.07B,63.21%,$0.07B,$0.62B,13.16%,$0.07B,$0.62B,13.16%,$0.07B,$4.41B,1.91%,$0.06B,$0.65B,11.26%,$29,$0,$29,$0,$3,$13,$16,$3,$19,$0,$19,$19,$18,$42,$16,$54,54,$0.34,$0.34,$36,$0,$0,$135,$0,$0,$0,$4270,$4270,$4405,$3690,$31,$66,$97,$3787,$1,$-254,$56,$618,$4405,$54,$59,$-5,$54,$-9,$0,$0,$-2,$-12,$97,$0,$0,$0,$0,$-2276,$-2276,$490,$-1785,$1538,$0,$1538,$124,$179,$-42,$-1,$1674,$-14,$1,$-42
24,2012-06-30,4.98,$9.66,0.52,$2.17,2.3,$4.74,1.05,$1.08,4.61,$0.16B,$3.13B,0.05,$0.03B,$0.53B,0.06,$0.10B,$0.10B,100.00%,$0.10B,$0.06B,59.18%,$0.10B,$0.06B,59.18%,$0.10B,$0.11B,114.29%,$0.10B,$0.05B,52.04%,$0.10B,$0.05B,52.04%,$0.05B,$0.53B,11.40%,$0.05B,$0.53B,11.40%,$0.05B,$3.73B,1.66%,$0.06B,$0.56B,11.55%,$27,$0,$27,$0,$3,$11,$16,$3,$19,$0,$19,$19,$19,$36,$16,$54,54,$0.35,$0.35,$55,$0,$0,$162,$0,$0,$0,$3568,$3568,$3729,$3130,$32,$43,$74,$3204,$1,$-256,$22,$525,$3729,$35,$33,$-2,$31,$-5,$0,$-0,$-2,$-7,$59,$0,$0,$0,$0,$-1414,$-1414,$284,$-1130,$979,$0,$979,$124,$124,$-27,$0,$1076,$5,$1,$-27
25,2012-03-31,4.45,$9.62,0.46,$2.19,2.03,$4.48,0.99,$1.07,4.16,$0.21B,$2.70B,0.08,$0.03B,$0.52B,0.06,$0.09B,$0.09B,100.00%,$0.09B,$0.06B,59.78%,$0.09B,$0.06B,59.78%,$0.09B,$0.10B,104.35%,$0.09B,$0.05B,50.00%,$0.09B,$0.05B,50.00%,$0.05B,$0.52B,11.14%,$0.05B,$0.52B,11.14%,$0.05B,$3.35B,1.64%,$0.06B,$0.56B,11.32%,$26,$0,$26,$0,$3,$10,$16,$1,$16,$0,$16,$16,$16,$29,$16,$49,49,$0.33,$0.33,$95,$0,$0,$212,$0,$0,$0,$3137,$3137,$3349,$2703,$32,$91,$123,$2826,$1,$-259,$23,$523,$3349,$16,$13,$0,$14,$-3,$0,$-0,$-2,$-6,$24,$0,$0,$0,$0,$-828,$-828,$130,$-697,$554,$0,$554,$124,$124,$-11,$0,$666,$-7,$0,$-11
26,2011-12-31,4.26,$9.20,0.46,$2.19,1.95,$4.41,0.97,$1.05,4.05,$0.18B,$2.11B,0.08,$0.07B,$0.37B,0.19,$0.08B,$0.08B,100.00%,$0.08B,$0.05B,59.04%,$0.08B,$0.05B,59.04%,$0.08B,$0.08B,98.80%,$0.08B,$0.04B,48.19%,$0.08B,$0.04B,48.19%,$0.04B,$0.37B,10.59%,$0.04B,$0.37B,10.59%,$0.04B,$2.58B,1.56%,$0.05B,$0.44B,10.43%,$24,$0,$24,$0,$3,$10,$14,$1,$14,$0,$14,$14,$14,$24,$14,$39,39,$0.34,$0.34,$50,$0,$0,$176,$0,$0,$0,$2406,$2406,$2582,$2107,$71,$33,$104,$2211,$0,$-260,$-3,$371,$2582,$40,$33,$2,$35,$-7,$0,$1,$2,$-4,$71,$0,$0,$0,$0,$-954,$-954,$38,$-916,$844,$0,$844,$95,$95,$-41,$-24,$875,$30,$1,$-41
27,2011-09-30,3.65,$9.15,0.4,$2.26,1.62,$4.01,0.91,$1.09,3.34,$0.14B,$2.07B,0.07,$0.08B,$0.37B,0.23,$0.07B,$0.07B,100.00%,$0.07B,$0.04B,60.27%,$0.07B,$0.04B,60.27%,$0.07B,$0.07B,94.52%,$0.07B,$0.04B,49.32%,$0.07B,$0.04B,49.32%,$0.04B,$0.37B,10.06%,$0.04B,$0.37B,10.06%,$0.04B,$2.63B,1.55%,$0.04B,$0.45B,9.59%,$21,$0,$21,$0,$2,$9,$12,$-10,$2,$0,$2,$2,$2,$23,$12,$40,40,$0.04,$0.04,$11,$0,$0,$142,$0,$0,$0,$2491,$2491,$2634,$2066,$84,$114,$198,$2264,$0,$-264,$-2,$370,$2634,$25,$22,$3,$25,$-6,$0,$0,$2,$-5,$54,$0,$0,$0,$0,$-1322,$-1322,$377,$-945,$817,$0,$817,$95,$95,$-30,$0,$883,$-9,$0,$-30
28,2011-06-30,4.24,$9.59,0.44,$2.28,1.86,$3.64,1.16,$1.38,3.07,$0.18B,$2.15B,0.08,$0.11B,$0.39B,0.27,$0.06B,$0.06B,100.00%,$0.06B,$0.04B,59.38%,$0.06B,$0.04B,59.38%,$0.06B,$0.05B,82.81%,$0.06B,$0.04B,64.06%,$0.06B,$0.04B,62.50%,$0.04B,$0.39B,12.43%,$0.04B,$0.39B,12.43%,$0.04B,$2.66B,2.06%,$0.04B,$0.49B,8.86%,$21,$0,$21,$0,$2,$8,$13,$1,$14,$0,$14,$14,$14,$20,$13,$40,40,$0.34,$0.34,$35,$0,$0,$177,$0,$0,$0,$2479,$2479,$2657,$2146,$106,$18,$124,$2270,$0,$-254,$7,$387,$2657,$24,$11,$0,$11,$-5,$0,$0,$3,$-2,$33,$0,$0,$0,$0,$-1199,$-1199,$207,$-992,$897,$0,$897,$95,$95,$-19,$0,$974,$15,$0,$-19
29,2011-03-31,4.29,$9.51,0.45,$2.36,1.81,$3.49,1.23,$1.42,3.02,$0.20B,$1.86B,0.11,$0.11B,$0.38B,0.28,$0.06B,$0.06B,100.00%,$0.06B,$0.03B,56.36%,$0.06B,$0.03B,56.36%,$0.06B,$0.04B,74.55%,$0.06B,$0.03B,61.82%,$0.06B,$0.03B,58.18%,$0.03B,$0.38B,11.73%,$0.03B,$0.38B,11.73%,$0.03B,$2.36B,2.10%,$0.03B,$0.49B,7.72%,$17,$0,$17,$0,$2,$7,$10,$-0,$10,$0,$10,$10,$10,$15,$10,$33,33,$0.31,$0.31,$51,$0,$0,$204,$0,$0,$0,$2156,$2156,$2360,$1861,$106,$9,$115,$1976,$0,$-257,$6,$383,$2360,$10,$4,$0,$5,$-3,$0,$0,$2,$-1,$14,$0,$0,$0,$0,$-777,$-777,$93,$-684,$614,$0,$614,$95,$95,$-8,$0,$701,$31,$0,$-8
30,2010-12-31,4.53,$9.64,0.47,$2.43,1.86,$3.37,1.34,$1.41,3.21,$0.18B,$1.24B,0.14,$0.11B,$0.29B,0.37,$0.05B,$0.05B,100.00%,$0.05B,$0.03B,53.06%,$0.05B,$0.03B,53.06%,$0.05B,$0.03B,65.31%,$0.05B,$0.03B,61.22%,$0.05B,$0.03B,55.10%,$0.03B,$0.29B,12.11%,$0.03B,$0.29B,12.11%,$0.03B,$1.65B,2.29%,$0.03B,$0.40B,6.93%,$14,$0,$14,$0,$3,$5,$9,$1,$10,$0,$10,$10,$10,$11,$9,$18,21,$0.42,$0.40,$20,$0,$0,$179,$0,$0,$0,$1470,$1470,$1650,$1243,$107,$7,$114,$1357,$0,$-256,$10,$292,$1650,$29,$6,$-2,$4,$-2,$0,$-0,$-2,$-3,$30,$0,$0,$0,$0,$-1056,$-1056,$370,$-686,$603,$0,$603,$117,$117,$-19,$-56,$644,$-11,$1,$-19
31,2010-09-30,4.36,$12.05,0.36,$2.36,1.85,$3.07,1.42,$1.24,3.52,$0.18B,$0.75B,0.25,$0.11B,$0.18B,0.59,$0.05B,$0.05B,100.00%,$0.05B,$0.02B,48.89%,$0.05B,$0.02B,48.89%,$0.05B,$0.03B,57.78%,$0.05B,$0.02B,53.33%,$0.05B,$0.02B,44.44%,$0.02B,$0.23B,10.40%,$0.02B,$0.23B,10.40%,$0.02B,$1.09B,1.99%,$0.02B,$0.33B,6.22%,$12,$0,$12,$0,$2,$6,$6,$1,$7,$0,$7,$7,$6,$7,$6,$17,21,$0.35,$0.33,$19,$0,$0,$184,$0,$0,$0,$908,$908,$1092,$746,$108,$12,$120,$866,$0,$-258,$18,$225,$1092,$20,$4,$-0,$4,$0,$0,$-0,$-3,$-3,$21,$0,$0,$0,$0,$-381,$-381,$258,$-123,$115,$0,$115,$44,$44,$-13,$-56,$89,$-13,$1,$-13
32,2010-06-30,3.65,$12.58,0.29,$2.34,1.56,$2.80,1.3,$1.25,2.92,$0.23B,$0.59B,0.39,$0.19B,$0.15B,1.29,$0.04B,$0.04B,100.00%,$0.04B,$0.02B,50.00%,$0.04B,$0.02B,50.00%,$0.04B,$0.03B,59.52%,$0.04B,$0.02B,54.76%,$0.04B,$0.02B,45.24%,$0.02B,$0.19B,10.73%,$0.02B,$0.19B,10.73%,$0.02B,$0.98B,2.00%,$0.02B,$0.38B,6.00%,$12,$0,$12,$0,$2,$6,$6,$1,$7,$0,$7,$7,$6,$8,$6,$15,19,$0.41,$0.38,$32,$0,$0,$230,$0,$0,$0,$754,$754,$983,$592,$192,$9,$201,$793,$0,$-259,$17,$191,$983,$13,$3,$-0,$3,$-0,$0,$-0,$-2,$-3,$13,$0,$0,$0,$0,$-167,$-167,$165,$-3,$-12,$0,$-12,$11,$11,$-9,$0,$-10,$0,$0,$-9
33,2010-03-31,3.48,$12.21,0.28,$2.31,1.51,$2.50,1.39,$1.12,3.1,$0.24B,$0.60B,0.4,$0.20B,$0.14B,1.42,$0.04B,$0.04B,100.00%,$0.04B,$0.02B,47.50%,$0.04B,$0.02B,47.50%,$0.04B,$0.02B,55.00%,$0.04B,$0.02B,50.00%,$0.04B,$0.02B,40.00%,$0.02B,$0.18B,9.52%,$0.02B,$0.18B,9.52%,$0.02B,$0.99B,1.76%,$0.02B,$0.39B,5.69%,$11,$0,$11,$0,$2,$6,$5,$1,$6,$0,$6,$6,$5,$6,$5,$14,18,$0.32,$0.30,$33,$0,$0,$242,$0,$0,$0,$753,$753,$994,$604,$202,$6,$207,$811,$0,$-262,$14,$184,$994,$6,$2,$0,$2,$0,$0,$-0,$-2,$-2,$6,$0,$0,$0,$0,$-26,$-26,$8,$-19,$8,$0,$8,$9,$9,$-4,$0,$14,$1,$0,$-4
34,2009-12-31,3.29,$12.11,0.27,$2.49,1.32,$2.40,1.37,$1.00,3.29,$0.25B,$0.64B,0.39,$0.14B,$0.13B,1.13,$0.04B,$0.04B,100.00%,$0.04B,$0.02B,47.37%,$0.04B,$0.02B,47.37%,$0.04B,$0.02B,52.63%,$0.04B,$0.02B,44.74%,$0.04B,$0.01B,34.21%,$0.01B,$0.17B,8.23%,$0.01B,$0.17B,8.23%,$0.01B,$0.96B,1.54%,$0.02B,$0.31B,5.64%,$10,$0,$10,$0,$2,$6,$5,$-1,$4,$0,$4,$4,$3,$5,$5,$13,17,$0.23,$0.25,$32,$0,$0,$250,$0,$0,$0,$709,$709,$958,$644,$143,$2,$146,$789,$0,$-263,$10,$169,$958,$18,$2,$1,$3,$-1,$0,$-0,$0,$-1,$20,$0,$0,$0,$0,$-492,$-492,$147,$-345,$347,$0,$347,$13,$13,$-16,$-13,$331,$6,$1,$-16
35,2009-09-30,3.09,$12.07,0.26,$2.59,1.19,$1.81,1.71,$0.89,3.48,$0.25B,$0.55B,0.45,$0.16B,$0.12B,1.29,$0.04B,$0.04B,100.00%,$0.04B,$0.02B,54.05%,$0.04B,$0.02B,54.05%,$0.04B,$0.02B,59.46%,$0.04B,$0.02B,40.54%,$0.04B,$0.01B,29.73%,$0.01B,$0.16B,7.30%,$0.01B,$0.16B,7.30%,$0.01B,$0.87B,1.45%,$0.02B,$0.32B,6.20%,$9,$0,$9,$0,$2,$5,$5,$1,$6,$0,$6,$6,$5,$6,$5,$14,18,$0.37,$0.34,$22,$0,$0,$247,$0,$0,$0,$625,$625,$873,$546,$157,$6,$163,$709,$0,$-263,$8,$164,$873,$14,$2,$-0,$1,$-1,$0,$-1,$-1,$-3,$12,$0,$0,$0,$0,$-274,$-274,$15,$-259,$243,$0,$243,$10,$10,$-12,$3,$244,$-3,$0,$-12
36,2009-06-30,2.93,$11.74,0.25,$2.70,1.08,$1.49,1.96,$0.72,4.07,$0.27B,$0.47B,0.58,$0.16B,$0.11B,1.44,$0.04B,$0.04B,100.00%,$0.04B,$0.02B,58.33%,$0.04B,$0.02B,58.33%,$0.04B,$0.02B,61.11%,$0.04B,$0.01B,33.33%,$0.04B,$0.01B,22.22%,$0.01B,$0.16B,5.53%,$0.01B,$0.16B,5.53%,$0.01B,$0.82B,1.16%,$0.02B,$0.32B,6.44%,$10,$0,$10,$0,$2,$6,$4,$0,$4,$0,$4,$4,$3,$5,$4,$13,17,$0.26,$0.25,$40,$0,$0,$274,$0,$0,$0,$545,$545,$819,$473,$163,$28,$191,$664,$0,$-265,$4,$155,$819,$8,$1,$0,$2,$-1,$0,$-1,$-1,$-3,$6,$0,$0,$0,$0,$-234,$-234,$58,$-175,$175,$0,$175,$7,$7,$-8,$3,$177,$8,$0,$-8
37,2009-03-31,2.44,$11.83,0.21,$2.54,0.96,$1.29,1.89,$0.73,3.34,$0.27B,$0.40B,0.67,$0.18B,$0.10B,1.78,$0.03B,$0.03B,100.00%,$0.03B,$0.02B,66.67%,$0.03B,$0.02B,66.67%,$0.03B,$0.02B,63.64%,$0.03B,$0.01B,36.36%,$0.03B,$0.01B,24.24%,$0.01B,$0.14B,5.65%,$0.01B,$0.14B,5.65%,$0.01B,$0.74B,1.32%,$0.02B,$0.33B,6.62%,$9,$0,$9,$0,$2,$6,$4,$-0,$3,$0,$3,$3,$2,$4,$4,$12,12,$0.18,$0.18,$32,$0,$0,$271,$0,$0,$0,$463,$463,$735,$403,$182,$5,$187,$591,$0,$-265,$0,$144,$735,$3,$0,$0,$1,$-1,$0,$-0,$-0,$-1,$3,$0,$0,$0,$0,$-134,$-134,$5,$-129,$125,$0,$125,$0,$0,$-4,$3,$124,$-2,$0,$-4
38,2008-12-31,2.2,$11.54,0.19,$2.16,1.02,$1.26,1.74,$0.87,2.53,$0.28B,$0.28B,1.01,$0.19B,$0.10B,1.88,$0.03B,$0.03B,100.00%,$0.03B,$0.02B,76.67%,$0.03B,$0.02B,76.67%,$0.03B,$0.02B,73.33%,$0.03B,$0.01B,46.67%,$0.03B,$0.01B,33.33%,$0.01B,$0.14B,7.12%,$0.01B,$0.14B,7.12%,$0.01B,$0.61B,1.93%,$0.02B,$0.33B,6.78%,$9,$0,$9,$0,$2,$2,$7,$-4,$2,$0,$2,$2,$1,$7,$7,$12,12,$0.11,$0.16,$34,$0,$0,$279,$0,$0,$0,$328,$328,$607,$276,$186,$5,$191,$467,$0,$-264,$-4,$140,$607,$15,$-2,$-9,$-10,$-1,$0,$0,$2,$2,$7,$0,$0,$0,$0,$-325,$-325,$75,$-250,$270,$0,$270,$0,$0,$-10,$-27,$233,$-11,$-0,$-10
39,2008-09-30,2.56,$11.47,0.22,$2.03,1.26,$1.40,1.83,$0.80,3.2,$0.29B,$0.27B,1.08,$0.20B,$0.10B,2.0,$0.03B,$0.03B,100.00%,$0.03B,$0.01B,28.57%,$0.03B,$0.01B,28.57%,$0.03B,$0.01B,28.57%,$0.03B,$0.01B,50.00%,$0.03B,$0.01B,35.71%,$0.01B,$0.14B,7.09%,$0.01B,$0.14B,7.09%,$0.01B,$0.60B,2.17%,$0.01B,$0.34B,2.30%,$8,$0,$8,$0,$1,$2,$6,$-3,$3,$0,$3,$3,$2,$6,$6,$12,12,$0.17,$0.17,$34,$0,$0,$286,$0,$0,$0,$317,$317,$603,$266,$195,$2,$198,$463,$0,$-263,$-6,$140,$603,$13,$-2,$-2,$-4,$0,$0,$0,$-4,$-4,$5,$0,$0,$0,$0,$-284,$-284,$25,$-259,$244,$0,$244,$0,$0,$-9,$0,$235,$-19,$-0,$-9
40,2008-06-30,2.79,$11.71,0.24,$2.00,1.39,$1.56,1.79,$0.77,3.62,$0.30B,$0.13B,2.33,$0.20B,$0.10B,2.0,$0.03B,$0.03B,100.00%,$0.03B,$0.01B,33.33%,$0.03B,$0.01B,33.33%,$0.03B,$0.01B,25.93%,$0.03B,$0.01B,51.85%,$0.03B,$0.01B,37.04%,$0.01B,$0.14B,7.08%,$0.01B,$0.14B,7.08%,$0.01B,$0.48B,2.46%,$0.01B,$0.34B,2.57%,$7,$0,$7,$0,$1,$2,$5,$-1,$4,$0,$4,$4,$3,$4,$5,$12,16,$0.27,$0.26,$43,$0,$0,$301,$0,$0,$0,$177,$177,$478,$129,$201,$5,$206,$336,$0,$-262,$-4,$142,$478,$10,$-2,$-4,$-6,$0,$0,$0,$-1,$-1,$3,$0,$6,$0,$0,$-127,$-127,$19,$-102,$112,$0,$112,$0,$0,$-5,$0,$107,$7,$-0,$-5
41,2008-03-31,2.97,$11.53,0.26,$2.25,1.32,$1.78,1.67,$0.65,4.58,$0.31B,$0.03B,10.47,$0.21B,$0.10B,2.15,$0.03B,$0.03B,100.00%,$0.03B,$0.01B,42.86%,$0.03B,$0.01B,42.86%,$0.03B,$0.01B,39.29%,$0.03B,$0.01B,46.43%,$0.03B,$0.01B,32.14%,$0.01B,$0.14B,6.41%,$0.01B,$0.14B,6.41%,$0.01B,$0.39B,2.26%,$0.01B,$0.35B,3.40%,$6,$0,$6,$0,$1,$1,$5,$0,$5,$0,$5,$5,$4,$5,$5,$12,16,$0.36,$0.32,$38,$0,$0,$309,$0,$0,$0,$79,$79,$388,$30,$212,$7,$219,$248,$0,$-263,$-5,$140,$388,$5,$-0,$-4,$-4,$0,$0,$0,$2,$2,$3,$0,$0,$0,$0,$-26,$-26,$7,$-19,$21,$0,$21,$0,$0,$-2,$0,$19,$3,$-0,$-2
42,2007-12-31,2.73,$11.70,0.23,$2.54,1.08,$1.76,1.56,$0.41,6.67,$0.34B,$0.01B,74.23,$0.22B,$0.10B,2.21,$0.03B,$0.03B,100.00%,$0.03B,$0.01B,30.00%,$0.03B,$0.01B,30.00%,$0.03B,$0.01B,26.67%,$0.03B,$0.01B,33.33%,$0.03B,$0.01B,20.00%,$0.01B,$0.14B,4.29%,$0.01B,$0.14B,4.29%,$0.01B,$0.38B,1.45%,$0.01B,$0.36B,2.53%,$7,$0,$7,$0,$1,$15,$-8,$10,$2,$0,$2,$2,$1,$-7,$-8,$12,12,$0.04,$0.04,$64,$0,$0,$342,$0,$0,$0,$32,$32,$375,$5,$221,$7,$228,$233,$0,$-268,$1,$142,$375,$9,$-1,$-1,$-2,$0,$0,$-0,$1,$1,$8,$0,$0,$0,$0,$-14,$-14,$87,$72,$-98,$0,$-98,$0,$0,$-4,$0,$-102,$-22,$0,$-4
43,2007-09-30,2.43,$11.65,0.21,$2.65,0.92,$1.69,1.44,$0.47,5.17,$0.33B,$0.04B,9.15,$0.20B,$0.10B,2.01,$0.03B,$0.03B,100.00%,$0.03B,$0.02B,61.29%,$0.03B,$0.02B,61.29%,$0.03B,$0.02B,51.61%,$0.03B,$0.01B,32.26%,$0.03B,$0.01B,19.35%,$0.01B,$0.14B,4.32%,$0.01B,$0.14B,4.32%,$0.01B,$0.38B,1.37%,$0.02B,$0.34B,5.34%,$7,$0,$7,$0,$1,$1,$7,$-4,$3,$0,$3,$3,$2,$5,$7,$12,12,$0.14,$0.14,$35,$0,$0,$331,$0,$0,$0,$53,$53,$384,$36,$200,$7,$207,$243,$0,$-268,$1,$141,$384,$7,$-2,$-2,$-4,$0,$0,$0,$3,$3,$7,$0,$0,$0,$0,$-8,$-8,$70,$62,$-87,$0,$-87,$0,$0,$-3,$0,$-90,$-21,$0,$-3
44,2007-06-30,2.54,$11.49,0.22,$3.11,0.82,$1.56,1.63,$0.23,11.06,$0.38B,$0.08B,4.75,$0.22B,$0.10B,2.23,$0.04B,$0.04B,100.00%,$0.04B,$0.01B,37.84%,$0.04B,$0.01B,37.84%,$0.04B,$0.01B,35.14%,$0.04B,$0.01B,18.92%,$0.04B,$0.00B,8.11%,$0.00B,$0.14B,2.19%,$0.00B,$0.14B,2.19%,$0.00B,$0.45B,0.65%,$0.01B,$0.36B,3.85%,$8,$0,$8,$0,$1,$0,$8,$-5,$3,$0,$3,$3,$2,$8,$8,$12,12,$0.14,$0.14,$65,$0,$0,$384,$0,$0,$0,$60,$60,$445,$81,$218,$6,$224,$305,$0,$-270,$1,$139,$445,$5,$-0,$-2,$-3,$0,$0,$0,$3,$3,$5,$0,$0,$0,$0,$-5,$-5,$34,$28,$-25,$0,$-25,$0,$0,$-2,$0,$-27,$6,$0,$-2
45,2007-03-31,2.39,$11.41,0.21,$3.62,0.66,$1.49,1.61,$0.14,17.06,$0.39B,$0.09B,4.5,$0.22B,$0.10B,2.31,$0.04B,$0.04B,100.00%,$0.04B,$0.01B,16.28%,$0.04B,$0.01B,16.28%,$0.04B,$0.01B,13.95%,$0.04B,$0.01B,13.95%,$0.04B,$0.00B,4.65%,$0.00B,$0.14B,1.47%,$0.00B,$0.14B,1.47%,$0.00B,$0.46B,0.37%,$0.01B,$0.36B,1.63%,$8,$0,$8,$0,$1,$6,$2,$0,$2,$0,$2,$2,$1,$2,$2,$12,12,$0.08,$0.08,$61,$0,$0,$391,$0,$0,$0,$64,$64,$455,$87,$223,$6,$230,$317,$0,$-272,$2,$138,$455,$2,$-0,$-1,$-1,$0,$0,$0,$1,$1,$2,$0,$0,$0,$0,$-6,$-6,$19,$14,$-14,$0,$-14,$0,$0,$-1,$0,$-15,$1,$0,$-1
46,2006-12-31,2.19,$11.26,0.19,$4.15,0.53,$1.46,1.5,$0.07,31.22,$0.40B,$0.10B,4.2,$0.23B,$0.10B,2.4,$0.05B,$0.05B,100.00%,$0.05B,$0.01B,12.00%,$0.05B,$0.01B,12.00%,$0.05B,$0.01B,10.00%,$0.05B,$0.01B,10.00%,$0.05B,$0.00B,2.00%,$0.00B,$0.14B,0.74%,$0.00B,$0.14B,0.74%,$0.00B,$0.47B,0.16%,$0.01B,$0.36B,1.20%,$8,$0,$8,$0,$1,$6,$2,$0,$2,$0,$2,$2,$1,$1,$2,$12,12,$0.11,$0.11,$57,$0,$0,$403,$0,$0,$0,$63,$63,$467,$96,$228,$6,$234,$330,$0,$-273,$1,$137,$467,$5,$-1,$2,$2,$0,$0,$0,$1,$1,$7,$0,$0,$0,$0,$15,$15,$94,$109,$-86,$0,$-86,$-0,$-14,$-4,$0,$-104,$12,$0,$-4
