,Date,Stock Price,Book Value per Share,Price to Book Ratio,TTM Sales per Share,Price to Sales Ratio,TTM FCF per Share,Price to FCF Ratio,TTM Net EPS,PE Ratio,Current Assets,Current Liabilities,Current Ratio,Long Term Debt,Shareholder's Equity_x,Debt to Equity Ratio,TTM Revenue_x,TTM Gross Profit,Gross Margin,TTM Revenue_y,TTM Operating Income,Operating Margin,TTM Revenue_x,TTM EBIT,EBIT Margin,TTM Revenue_y,TTM EBITDA,EBITDA Margin,TTM Revenue_x,TTM Pre-Tax Income,Pre-Tax Margin,TTM Revenue_y,TTM Net Income_x,Net Margin,TTM Net Income_y,Shareholder's Equity_y,Return on Equity,TTM Net Income_x,Tangible Equity,Return on Tangible Equity,TTM Net Income_y,Total Assets,Return on Assets,TTM Net Income,LT Investments & Debt,Return on Investment,revenue,cost-goods-sold,gross-profit,research-development-expenses,selling-general-administrative-expenses,operating-expenses,operating-income,total-non-operating-income-expense,pre-tax-income,total-provision-income-taxes,income-after-taxes,income-from-continuous-operations,net-income,ebitda,ebit,basic-shares-outstanding,shares-outstanding,eps-basic-net-earnings-per-share,eps-earnings-per-share-diluted,cash-on-hand,inventory,other-current-assets,total-current-assets,net-property-plant-equipment,long-term-investments,goodwill-intangible-assets-total,other-long-term-assets,total-long-term-assets,total-assets,total-current-liabilities,long-term-debt,other-non-current-liabilities,total-long-term-liabilities,total-liabilities,common-stock-net,retained-earnings-accumulated-deficit,comprehensive-income,total-share-holder-equity,total-liabilities-share-holders-equity,net-income-loss,total-depreciation-amortization-cash-flow,other-non-cash-items,total-non-cash-items,change-in-accounts-receivable,change-in-inventories,change-in-accounts-payable,change-in-assets-liabilities,total-change-in-assets-liabilities,cash-flow-from-operating-activities,net-change-in-property-plant-equipment,net-change-in-intangible-assets,net-acquisitions-divestitures,net-change-in-short-term-investments,net-change-in-long-term-investments,net-change-in-investments-total,investing-activities-other,cash-flow-from-investing-activities,net-long-term-debt,net-current-debt,debt-issuance-retirement-net-total,net-common-equity-issued-repurchased,net-total-equity-issued-repurchased,total-common-preferred-stock-dividends-paid,financial-activities-other,cash-flow-from-financial-activities,net-cash-flow,stock-based-compensation,common-stock-dividends-paid
0,2018-09-30,143.04,$6.33,22.59,$10.34,13.83,$0.55,260.12,$-0.05,0.0,$0.91B,$0.19B,4.71,$0.34B,$0.56B,0.6,$0.92B,$0.60B,65.14%,$0.92B,$-0.01B,-1.09%,$0.92B,$-0.01B,-1.09%,$0.92B,$0.02B,1.64%,$0.92B,$0.06B,6.56%,$0.92B,$0.04B,4.81%,$0.04B,$0.56B,9.34%,$0.04B,$0.54B,9.62%,$0.04B,$1.11B,4.49%,$-0.01B,$0.90B,-1.24%,$267,$98,$169,$50,$105,$253,$14,$31,$45,$-2,$47,$47,$47,$22,$14,$89,90,$0.53,$0.52,$669,$55,$0,$914,$170,$0,$18,$12,$200,$1114,$194,$339,$19,$358,$552,$0,$-619,$-0,$562,$1114,$53,$21,$9,$29,$-36,$-10,$0,$-3,$8,$90,$-49,$0,$-11,$0,$-110,$-110,$0,$-171,$0,$0,$0,$11,$11,$0,$-2,$9,$-74,$77,$0
1,2018-06-30,94.98,$5.45,17.42,$9.51,9.98,$0.13,711.46,$-0.07,0.0,$0.84B,$0.17B,4.9,$0.34B,$0.48B,0.7,$0.83B,$0.55B,66.51%,$0.83B,$-0.03B,-3.00%,$0.83B,$-0.03B,-3.00%,$0.83B,$-0.00B,-0.36%,$0.83B,$0.01B,1.44%,$0.83B,$-0.01B,-0.60%,$-0.01B,$0.48B,-1.17%,$-0.01B,$0.47B,-1.21%,$-0.01B,$1.01B,-0.55%,$-0.03B,$0.82B,-3.31%,$243,$89,$154,$47,$111,$247,$-5,$35,$30,$-1,$30,$30,$30,$2,$-5,$88,89,$0.34,$0.34,$606,$46,$0,$836,$157,$0,$12,$3,$172,$1008,$171,$335,$20,$355,$525,$0,$-666,$-1,$482,$1008,$6,$13,$12,$25,$-28,$-1,$0,$-0,$2,$33,$-26,$0,$0,$0,$-150,$-150,$0,$-175,$0,$0,$0,$5,$5,$0,$-2,$3,$-141,$50,$0
2,2018-03-31,74.16,$4.79,15.49,$8.75,8.47,$-0.18,0.0,$-0.38,0.0,$0.73B,$0.13B,5.83,$0.33B,$0.42B,0.79,$0.76B,$0.52B,68.07%,$0.76B,$-0.03B,-4.47%,$0.76B,$-0.03B,-4.47%,$0.76B,$-0.02B,-1.97%,$0.76B,$-0.03B,-4.20%,$0.76B,$-0.03B,-4.20%,$-0.03B,$0.42B,-8.11%,$-0.03B,$0.41B,-8.37%,$-0.03B,$0.90B,-3.72%,$-0.03B,$0.75B,-4.72%,$184,$66,$119,$45,$105,$215,$-31,$7,$-24,$0,$-24,$-24,$-24,$-25,$-31,$87,87,$-0.28,$-0.28,$534,$52,$0,$729,$152,$0,$12,$3,$168,$897,$125,$331,$19,$350,$475,$0,$-696,$-5,$422,$897,$-24,$6,$20,$26,$11,$-6,$0,$-3,$-11,$-9,$-15,$0,$0,$0,$-0,$-0,$0,$-15,$0,$0,$0,$4,$4,$0,$0,$4,$-21,$25,$0
3,2017-12-31,57.39,$4.82,11.9,$8.31,6.9,$-0.17,0.0,$-0.59,0.0,$0.75B,$0.14B,5.36,$0.33B,$0.42B,0.78,$0.72B,$0.49B,68.57%,$0.72B,$-0.04B,-5.98%,$0.72B,$-0.04B,-5.98%,$0.72B,$-0.03B,-3.76%,$0.72B,$-0.05B,-6.68%,$0.72B,$-0.05B,-6.95%,$-0.05B,$0.42B,-13.94%,$-0.05B,$0.41B,-14.42%,$-0.05B,$0.90B,-6.64%,$-0.04B,$0.75B,-7.15%,$221,$68,$154,$49,$93,$209,$12,$-3,$9,$18,$-9,$-9,$-9,$16,$12,$86,86,$-0.10,$-0.10,$549,$45,$0,$745,$146,$0,$12,$2,$159,$904,$139,$328,$18,$346,$485,$0,$-672,$-3,$419,$904,$-50,$16,$124,$140,$-32,$0,$0,$-2,$3,$92,$-66,$0,$0,$0,$-78,$-78,$0,$-144,$389,$0,$389,$10,$10,$0,$0,$399,$347,$106,$0
4,2017-09-30,48.93,$4.42,11.07,$7.80,6.27,$-0.46,0.0,$-0.57,0.0,$0.69B,$0.12B,5.86,$0.32B,$0.38B,0.84,$0.67B,$0.46B,68.16%,$0.67B,$-0.06B,-9.12%,$0.67B,$-0.06B,-9.12%,$0.67B,$-0.05B,-6.88%,$0.67B,$-0.06B,-9.57%,$0.67B,$-0.05B,-7.17%,$-0.05B,$0.38B,-14.77%,$-0.05B,$0.37B,-15.32%,$-0.05B,$0.84B,-7.65%,$-0.06B,$0.71B,-12.55%,$185,$58,$127,$43,$84,$185,$-1,$-2,$-3,$-1,$-2,$-2,$-2,$4,$-1,$87,87,$-0.02,$-0.02,$526,$43,$0,$693,$136,$0,$12,$2,$150,$843,$118,$324,$17,$341,$459,$0,$-662,$-2,$384,$843,$-41,$12,$72,$84,$-8,$2,$0,$-0,$8,$51,$-48,$0,$0,$0,$-95,$-95,$0,$-143,$389,$0,$389,$10,$10,$0,$0,$399,$308,$81,$0
5,2017-06-30,73.15,$4.09,17.89,$7.44,9.84,$-0.43,0.0,$-0.77,0.0,$0.66B,$0.11B,6.25,$0.32B,$0.35B,0.91,$0.63B,$0.43B,67.93%,$0.63B,$-0.08B,-12.48%,$0.63B,$-0.08B,-12.48%,$0.63B,$-0.06B,-10.11%,$0.63B,$-0.08B,-12.64%,$0.63B,$-0.07B,-10.27%,$-0.07B,$0.35B,-22.07%,$-0.07B,$0.34B,-23.03%,$-0.07B,$0.80B,-12.82%,$-0.08B,$0.67B,-21.09%,$171,$53,$118,$45,$86,$184,$-14,$-1,$-14,$-17,$3,$3,$3,$-10,$-14,$86,87,$0.03,$0.03,$497,$43,$0,$657,$125,$0,$12,$2,$139,$796,$105,$321,$16,$337,$442,$0,$-660,$-2,$354,$796,$-39,$8,$47,$55,$1,$3,$0,$-4,$-1,$15,$-35,$0,$0,$0,$-72,$-72,$0,$-107,$389,$0,$389,$6,$6,$0,$0,$395,$301,$56,$0
6,2017-03-31,84.73,$3.22,26.32,$7.13,11.89,$-0.23,0.0,$-1.04,0.0,$0.33B,$0.17B,1.93,$0.00B,$0.28B,0.0,$0.60B,$0.40B,66.44%,$0.60B,$-0.09B,-14.19%,$0.60B,$-0.09B,-14.19%,$0.60B,$-0.07B,-11.69%,$0.60B,$-0.09B,-14.36%,$0.60B,$-0.09B,-14.69%,$-0.09B,$0.28B,-32.90%,$-0.09B,$0.27B,-34.51%,$-0.09B,$0.47B,-22.49%,$-0.09B,$0.28B,-31.78%,$142,$48,$94,$48,$86,$183,$-40,$0,$-40,$1,$-42,$-42,$-42,$-37,$-40,$85,85,$-0.49,$-0.49,$181,$47,$0,$331,$123,$0,$11,$2,$137,$467,$172,$0,$18,$18,$189,$0,$-663,$-1,$278,$467,$-42,$4,$31,$35,$16,$-1,$0,$-6,$7,$0,$-23,$0,$0,$0,$2,$2,$0,$-21,$0,$75,$75,$5,$5,$0,$0,$80,$59,$31,$0
7,2016-12-31,59.7,$3.35,17.8,$6.87,8.69,$-0.10,0.0,$-0.78,0.0,$0.28B,$0.10B,2.73,$0.00B,$0.28B,0.0,$0.57B,$0.38B,66.14%,$0.57B,$-0.06B,-11.17%,$0.57B,$-0.06B,-11.17%,$0.57B,$-0.05B,-8.55%,$0.57B,$-0.07B,-11.34%,$0.57B,$-0.07B,-11.34%,$-0.07B,$0.28B,-25.42%,$-0.07B,$0.27B,-26.53%,$-0.07B,$0.40B,-18.61%,$-0.06B,$0.28B,-25.02%,$171,$55,$117,$44,$79,$177,$-6,$-1,$-7,$0,$-7,$-7,$-7,$-3,$-6,$84,84,$-0.09,$-0.09,$124,$45,$0,$280,$109,$0,$11,$2,$123,$403,$102,$0,$17,$17,$119,$0,$-621,$-1,$284,$403,$-66,$15,$113,$128,$-27,$-10,$0,$1,$-6,$56,$-56,$0,$0,$0,$-1,$-1,$0,$-56,$-2,$0,$-2,$10,$10,$0,$0,$8,$8,$111,$0
8,2016-09-30,87.66,$3.10,28.29,$6.46,13.56,$0.09,1016.94,$-0.67,0.0,$0.26B,$0.09B,3.0,$0.00B,$0.26B,0.0,$0.53B,$0.35B,66.23%,$0.53B,$-0.06B,-10.51%,$0.53B,$-0.06B,-10.51%,$0.53B,$-0.04B,-7.88%,$0.53B,$-0.06B,-10.51%,$0.53B,$-0.06B,-10.51%,$-0.06B,$0.26B,-23.33%,$-0.06B,$0.25B,-24.30%,$-0.06B,$0.36B,-17.42%,$-0.06B,$0.26B,-23.33%,$149,$48,$101,$44,$76,$167,$-19,$-0,$-19,$0,$-19,$-19,$-19,$-14,$-19,$84,84,$-0.22,$-0.22,$127,$45,$0,$259,$88,$0,$13,$2,$103,$362,$86,$0,$14,$14,$100,$0,$-614,$-1,$262,$362,$-58,$11,$82,$94,$-2,$-9,$0,$-2,$7,$43,$-38,$0,$0,$0,$-1,$-1,$0,$-39,$-2,$0,$-2,$10,$10,$0,$0,$8,$12,$82,$0
9,2016-06-30,79.33,$2.94,26.98,$6.00,13.21,$0.23,348.09,$-0.98,0.0,$0.24B,$0.07B,3.26,$0.00B,$0.25B,0.0,$0.49B,$0.33B,66.87%,$0.49B,$-0.08B,-16.16%,$0.49B,$-0.08B,-16.16%,$0.49B,$-0.07B,-13.91%,$0.49B,$-0.08B,-16.36%,$0.49B,$-0.08B,-16.36%,$-0.08B,$0.25B,-35.91%,$-0.08B,$0.23B,-37.17%,$-0.08B,$0.33B,-27.10%,$-0.08B,$0.25B,-35.43%,$137,$52,$86,$36,$69,$157,$-20,$0,$-20,$0,$-20,$-20,$-20,$-16,$-20,$84,84,$-0.24,$-0.24,$116,$43,$0,$241,$77,$0,$14,$1,$92,$333,$74,$0,$13,$13,$86,$0,$-595,$-1,$246,$333,$-39,$7,$53,$60,$1,$-7,$0,$-2,$-1,$20,$-22,$0,$0,$0,$1,$1,$0,$-21,$-2,$0,$-2,$5,$5,$0,$0,$3,$1,$53,$0
10,2016-03-31,67.91,$2.77,24.5,$5.53,12.28,$0.32,210.84,$-0.79,0.0,$0.23B,$0.06B,3.55,$0.00B,$0.23B,0.0,$0.45B,$0.31B,68.99%,$0.45B,$-0.06B,-14.16%,$0.45B,$-0.06B,-14.16%,$0.45B,$-0.05B,-11.91%,$0.45B,$-0.06B,-14.38%,$0.45B,$-0.06B,-14.38%,$-0.06B,$0.23B,-31.37%,$-0.06B,$0.23B,-32.28%,$-0.06B,$0.30B,-24.02%,$-0.06B,$0.23B,-30.81%,$116,$41,$75,$32,$62,$135,$-19,$0,$-19,$0,$-19,$-19,$-19,$-16,$-19,$82,82,$-0.23,$-0.23,$107,$46,$0,$227,$66,$0,$6,$0,$72,$299,$64,$0,$4,$4,$68,$0,$-575,$-0,$231,$299,$-19,$3,$25,$29,$7,$-11,$0,$-1,$-10,$-0,$-12,$0,$0,$0,$0,$0,$0,$-11,$-1,$0,$-1,$4,$4,$0,$0,$3,$-8,$25,$0
11,2015-12-31,81.9,$2.71,30.25,$5.05,16.21,$0.41,201.97,$-0.73,0.0,$0.23B,$0.07B,3.46,$0.00B,$0.22B,0.0,$0.40B,$0.28B,69.40%,$0.40B,$-0.06B,-14.18%,$0.40B,$-0.06B,-14.18%,$0.40B,$-0.05B,-11.69%,$0.40B,$-0.06B,-14.43%,$0.40B,$-0.06B,-14.43%,$-0.06B,$0.22B,-31.61%,$-0.06B,$0.22B,-32.68%,$-0.06B,$0.29B,-24.27%,$-0.06B,$0.22B,-30.94%,$131,$40,$91,$29,$61,$129,$2,$0,$2,$0,$2,$2,$2,$4,$2,$80,80,$0.03,$0.03,$115,$35,$0,$231,$55,$0,$6,$0,$61,$292,$67,$0,$4,$4,$71,$0,$-555,$-0,$221,$292,$-58,$11,$120,$131,$-32,$-19,$0,$1,$-24,$49,$-33,$0,$-1,$0,$-18,$-18,$0,$-52,$-2,$0,$-2,$19,$19,$0,$0,$17,$14,$83,$0
12,2015-09-30,85.86,$2.38,36.11,$4.53,18.94,$0.31,279.49,$-0.73,0.0,$0.20B,$0.06B,3.46,$0.00B,$0.19B,0.0,$0.36B,$0.25B,69.58%,$0.36B,$-0.06B,-16.06%,$0.36B,$-0.06B,-16.06%,$0.36B,$-0.05B,-13.24%,$0.36B,$-0.06B,-16.62%,$0.36B,$-0.06B,-16.62%,$-0.06B,$0.19B,-36.14%,$-0.06B,$0.19B,-37.52%,$-0.06B,$0.26B,-27.80%,$-0.06B,$0.19B,-34.60%,$105,$31,$75,$65,$52,$148,$-42,$-0,$-43,$0,$-43,$-43,$-43,$-40,$-42,$81,81,$-0.53,$-0.53,$113,$31,$0,$204,$47,$0,$6,$0,$53,$257,$59,$0,$4,$5,$63,$0,$-557,$-0,$193,$257,$-59,$8,$96,$104,$-13,$-15,$0,$5,$-7,$38,$-22,$0,$-1,$0,$-17,$-17,$0,$-39,$-2,$0,$-2,$16,$16,$0,$0,$15,$14,$59,$0
13,2015-06-30,79.98,$2.13,37.48,$4.13,19.35,$0.16,513.68,$-0.28,0.0,$0.17B,$0.04B,3.86,$0.00B,$0.17B,0.01,$0.32B,$0.22B,68.65%,$0.32B,$-0.02B,-6.27%,$0.32B,$-0.02B,-6.27%,$0.32B,$-0.01B,-3.13%,$0.32B,$-0.02B,-6.58%,$0.32B,$-0.02B,-6.58%,$-0.02B,$0.17B,-14.61%,$-0.02B,$0.17B,-15.25%,$-0.02B,$0.22B,-11.19%,$-0.02B,$0.17B,-13.72%,$93,$27,$66,$24,$45,$97,$-4,$-0,$-4,$0,$-4,$-4,$-4,$-1,$-4,$80,80,$-0.05,$-0.05,$98,$22,$0,$170,$41,$0,$6,$1,$48,$218,$44,$1,$2,$4,$48,$0,$-514,$-0,$171,$218,$-17,$5,$36,$42,$-3,$-6,$0,$0,$-6,$20,$-14,$0,$-1,$0,$-18,$-18,$0,$-33,$-1,$0,$-1,$10,$10,$0,$0,$9,$-4,$37,$0
14,2015-03-31,62.34,$1.91,32.56,$3.74,16.65,$0.03,1936.02,$-0.32,0.0,$0.15B,$0.04B,3.95,$0.00B,$0.15B,0.01,$0.29B,$0.19B,67.72%,$0.29B,$-0.02B,-7.72%,$0.29B,$-0.02B,-7.72%,$0.29B,$-0.01B,-4.56%,$0.29B,$-0.02B,-8.07%,$0.29B,$-0.02B,-8.07%,$-0.02B,$0.15B,-18.25%,$-0.02B,$0.14B,-19.21%,$-0.02B,$0.19B,-13.67%,$-0.02B,$0.15B,-17.12%,$73,$26,$47,$20,$39,$86,$-13,$-0,$-13,$0,$-13,$-13,$-13,$-10,$-13,$78,78,$-0.17,$-0.17,$84,$18,$0,$146,$36,$0,$6,$2,$43,$189,$37,$2,$2,$4,$41,$0,$-511,$-0,$149,$189,$-13,$3,$16,$19,$2,$-2,$0,$1,$-2,$3,$-8,$0,$0,$0,$-18,$-18,$0,$-26,$-1,$0,$-1,$6,$6,$0,$0,$5,$-18,$16,$0
15,2014-12-31,55.05,$1.81,30.35,$3.45,15.95,$0.01,0.0,$-0.32,0.0,$0.15B,$0.04B,3.59,$0.00B,$0.14B,0.02,$0.26B,$0.18B,67.95%,$0.26B,$-0.02B,-8.11%,$0.26B,$-0.02B,-8.11%,$0.26B,$-0.01B,-5.02%,$0.26B,$-0.02B,-8.88%,$0.26B,$-0.02B,-8.88%,$-0.02B,$0.14B,-20.67%,$-0.02B,$0.13B,-21.96%,$-0.02B,$0.19B,-15.11%,$-0.02B,$0.14B,-18.34%,$84,$25,$59,$22,$36,$83,$2,$-0,$1,$0,$1,$1,$1,$4,$2,$75,75,$0.02,$0.04,$84,$16,$0,$146,$31,$0,$6,$2,$39,$185,$41,$2,$2,$4,$44,$0,$-498,$-0,$140,$185,$-22,$8,$50,$59,$-16,$-7,$0,$0,$-13,$24,$-16,$0,$0,$0,$-1,$-1,$0,$-17,$-2,$0,$-2,$24,$24,$0,$0,$22,$29,$50,$0
16,2014-09-30,39.99,$1.51,26.57,$3.06,13.08,$-0.17,0.0,$-0.38,0.0,$0.12B,$0.04B,3.04,$0.00B,$0.12B,0.03,$0.23B,$0.15B,66.52%,$0.23B,$-0.03B,-11.01%,$0.23B,$-0.03B,-11.01%,$0.23B,$-0.02B,-7.49%,$0.23B,$-0.03B,-11.89%,$0.23B,$-0.03B,-11.89%,$-0.03B,$0.12B,-27.76%,$-0.03B,$0.11B,-29.83%,$-0.03B,$0.16B,-19.74%,$-0.03B,$0.12B,-24.75%,$69,$22,$47,$19,$34,$74,$-5,$-0,$-5,$0,$-5,$-5,$-5,$-3,$-5,$76,76,$-0.07,$-0.08,$75,$14,$0,$123,$28,$0,$6,$2,$36,$159,$41,$3,$1,$4,$44,$0,$-499,$-0,$115,$159,$-24,$6,$35,$41,$-5,$-5,$0,$0,$-3,$15,$-12,$0,$0,$0,$-1,$-1,$0,$-12,$-2,$0,$-2,$19,$19,$0,$0,$17,$20,$36,$0
17,2014-06-30,39.66,$1.32,30.02,$2.75,14.41,$-0.32,0.0,$-0.38,0.0,$0.11B,$0.04B,2.96,$0.00B,$0.10B,0.04,$0.20B,$0.13B,65.67%,$0.20B,$-0.03B,-12.94%,$0.20B,$-0.03B,-12.94%,$0.20B,$-0.02B,-8.96%,$0.20B,$-0.03B,-13.93%,$0.20B,$-0.03B,-13.93%,$-0.03B,$0.10B,-32.09%,$-0.03B,$0.09B,-34.89%,$-0.03B,$0.14B,-22.49%,$-0.03B,$0.10B,-28.42%,$59,$19,$40,$15,$31,$65,$-6,$-0,$-6,$0,$-6,$-6,$-6,$-4,$-6,$75,75,$-0.08,$-0.09,$61,$12,$0,$106,$26,$0,$7,$2,$34,$140,$36,$4,$1,$5,$40,$0,$-494,$-0,$100,$140,$-19,$4,$22,$26,$-3,$-3,$0,$-1,$-4,$4,$-8,$0,$0,$0,$-0,$-0,$0,$-8,$-1,$0,$-1,$12,$12,$0,$0,$11,$6,$22,$0
18,2014-03-31,41.36,$1.20,34.38,$2.48,16.71,$-0.37,0.0,$-0.43,0.0,$0.09B,$0.03B,3.15,$0.00B,$0.09B,0.05,$0.18B,$0.11B,64.04%,$0.18B,$-0.03B,-16.85%,$0.18B,$-0.03B,-16.85%,$0.18B,$-0.02B,-12.36%,$0.18B,$-0.03B,-17.98%,$0.18B,$-0.03B,-17.98%,$-0.03B,$0.09B,-39.88%,$-0.03B,$0.08B,-43.69%,$-0.03B,$0.13B,-27.83%,$-0.03B,$0.09B,-35.19%,$47,$17,$30,$15,$28,$59,$-12,$-0,$-13,$0,$-13,$-13,$-13,$-10,$-12,$73,73,$-0.17,$-0.17,$57,$9,$0,$94,$23,$0,$7,$2,$31,$125,$30,$4,$1,$5,$35,$0,$-488,$-0,$90,$125,$-13,$2,$10,$12,$2,$0,$0,$-0,$-2,$-2,$-4,$0,$0,$0,$-0,$-0,$0,$-4,$-1,$0,$-1,$10,$10,$0,$0,$9,$3,$9,$0
19,2013-12-31,35.41,$1.16,30.53,$2.26,15.69,$-0.37,0.0,$-0.42,0.0,$0.09B,$0.03B,2.9,$0.01B,$0.08B,0.06,$0.16B,$0.10B,62.73%,$0.16B,$-0.03B,-18.01%,$0.16B,$-0.03B,-18.01%,$0.16B,$-0.02B,-13.04%,$0.16B,$-0.03B,-18.63%,$0.16B,$-0.03B,-18.63%,$-0.03B,$0.08B,-39.34%,$-0.03B,$0.08B,-43.48%,$-0.03B,$0.12B,-27.65%,$-0.03B,$0.09B,-35.47%,$52,$18,$34,$13,$24,$54,$-2,$-0,$-3,$0,$-3,$-3,$-3,$-0,$-2,$71,71,$-0.04,$-0.04,$55,$9,$0,$93,$21,$0,$7,$2,$29,$123,$32,$5,$2,$6,$38,$0,$-475,$-0,$84,$123,$-30,$8,$27,$35,$-7,$-2,$0,$-3,$-3,$2,$-8,$0,$0,$0,$29,$29,$0,$21,$-0,$0,$-0,$12,$12,$0,$0,$12,$35,$25,$0
20,2013-09-30,28.22,$1.04,27.09,$2.01,14.01,$-0.91,0.0,$-0.50,0.0,$0.08B,$0.03B,2.98,$0.01B,$0.08B,0.07,$0.14B,$0.09B,59.86%,$0.14B,$-0.04B,-24.65%,$0.14B,$-0.04B,-24.65%,$0.14B,$-0.03B,-19.01%,$0.14B,$-0.04B,-24.65%,$0.14B,$-0.04B,-24.65%,$-0.04B,$0.08B,-46.98%,$-0.04B,$0.07B,-52.04%,$-0.04B,$0.11B,-33.57%,$-0.04B,$0.08B,-43.48%,$43,$15,$28,$12,$22,$49,$-6,$-0,$-6,$0,$-6,$-6,$-6,$-4,$-6,$71,71,$-0.08,$-0.08,$48,$10,$0,$82,$20,$0,$7,$2,$28,$110,$27,$5,$3,$8,$35,$0,$-473,$-0,$75,$110,$-27,$6,$20,$26,$-2,$-3,$0,$-2,$-1,$-2,$-6,$0,$0,$0,$26,$26,$0,$20,$0,$0,$0,$7,$7,$0,$0,$7,$25,$18,$0
21,2013-06-30,22.45,$1.02,22.11,$1.75,12.84,$-1.25,0.0,$-0.67,0.0,$0.07B,$0.02B,3.52,$0.01B,$0.07B,0.08,$0.12B,$0.07B,53.28%,$0.12B,$-0.05B,-37.70%,$0.12B,$-0.05B,-37.70%,$0.12B,$-0.04B,-31.15%,$0.12B,$-0.05B,-37.70%,$0.12B,$-0.05B,-37.70%,$-0.05B,$0.07B,-60.73%,$-0.05B,$0.07B,-67.15%,$-0.05B,$0.10B,-44.88%,$-0.05B,$0.08B,-57.14%,$36,$14,$22,$11,$21,$46,$-10,$-0,$-10,$0,$-10,$-10,$-10,$-8,$-10,$71,71,$-0.14,$-0.14,$46,$7,$0,$74,$19,$0,$7,$2,$28,$102,$21,$6,$3,$9,$30,$0,$-467,$-0,$72,$102,$-21,$4,$12,$16,$2,$0,$0,$-2,$1,$-4,$-3,$0,$0,$0,$22,$22,$0,$19,$0,$0,$0,$5,$5,$0,$0,$5,$20,$11,$0
22,2013-03-31,16.72,$1.04,16.06,$1.58,10.55,$-1.46,0.0,$-0.74,0.0,$0.07B,$0.02B,4.4,$0.01B,$0.07B,0.09,$0.11B,$0.05B,49.54%,$0.11B,$-0.05B,-46.79%,$0.11B,$-0.05B,-46.79%,$0.11B,$-0.04B,-39.45%,$0.11B,$-0.05B,-46.79%,$0.11B,$-0.05B,-46.79%,$-0.05B,$0.07B,-63.35%,$-0.05B,$0.07B,-69.62%,$-0.05B,$0.10B,-48.69%,$-0.05B,$0.08B,-60.90%,$30,$13,$17,$9,$18,$41,$-11,$-0,$-11,$0,$-11,$-11,$-11,$-9,$-11,$70,70,$-0.16,$-0.16,$45,$8,$0,$71,$18,$0,$7,$2,$28,$99,$16,$6,$3,$9,$25,$0,$-457,$-0,$74,$99,$-11,$2,$5,$7,$3,$-0,$0,$-1,$-1,$-5,$-1,$0,$0,$0,$14,$14,$0,$13,$0,$0,$0,$3,$3,$0,$0,$3,$11,$5,$0
23,2012-12-31,13.59,$1.11,12.27,$1.46,9.33,$-1.56,0.0,$-0.79,0.0,$0.08B,$0.02B,3.98,$0.01B,$0.08B,0.09,$0.10B,$0.05B,46.46%,$0.10B,$-0.06B,-55.56%,$0.10B,$-0.06B,-55.56%,$0.10B,$-0.05B,-48.48%,$0.10B,$-0.06B,-55.56%,$0.10B,$-0.05B,-54.55%,$-0.05B,$0.08B,-62.07%,$-0.05B,$0.07B,-67.71%,$-0.05B,$0.11B,-49.32%,$-0.06B,$0.08B,-61.97%,$33,$16,$18,$9,$17,$42,$-8,$0,$-8,$0,$-8,$-8,$-8,$-6,$-8,$69,69,$-0.12,$-0.12,$49,$7,$0,$78,$19,$0,$7,$2,$28,$106,$20,$7,$2,$10,$29,$0,$-446,$-0,$77,$106,$-55,$8,$18,$25,$-7,$1,$0,$-0,$-4,$-33,$-10,$0,$0,$0,$38,$38,$0,$28,$7,$0,$7,$4,$4,$0,$0,$10,$6,$18,$0
24,2012-09-30,15.03,$1.16,12.97,$1.31,11.44,$-1.52,0.0,$-0.85,0.0,$0.08B,$0.02B,3.7,$0.00B,$0.08B,0.0,$0.09B,$0.04B,44.32%,$0.09B,$-0.06B,-67.05%,$0.09B,$-0.06B,-67.05%,$0.09B,$-0.05B,-60.23%,$0.09B,$-0.06B,-67.05%,$0.09B,$-0.06B,-65.91%,$-0.06B,$0.08B,-61.70%,$-0.06B,$0.07B,-65.54%,$-0.06B,$0.10B,-51.21%,$-0.06B,$0.08B,-62.77%,$23,$15,$8,$10,$15,$40,$-17,$0,$-17,$0,$-17,$-17,$-17,$-15,$-17,$69,69,$-0.25,$-0.25,$53,$7,$0,$76,$19,$0,$7,$1,$27,$103,$20,$0,$2,$2,$23,$0,$-437,$-0,$80,$103,$-46,$6,$14,$19,$0,$1,$0,$-1,$5,$-23,$-8,$0,$0,$0,$30,$30,$0,$22,$0,$0,$0,$3,$3,$0,$0,$3,$2,$14,$0
25,2012-06-30,12.96,$1.33,9.78,$1.25,10.36,$-1.42,0.0,$-0.80,0.0,$0.08B,$0.02B,4.95,$0.00B,$0.09B,0.0,$0.08B,$0.04B,46.99%,$0.08B,$-0.06B,-66.27%,$0.08B,$-0.06B,-66.27%,$0.08B,$-0.05B,-60.24%,$0.08B,$-0.06B,-66.27%,$0.08B,$-0.05B,-65.06%,$-0.05B,$0.09B,-52.81%,$-0.05B,$0.08B,-54.82%,$-0.05B,$0.11B,-45.09%,$-0.06B,$0.09B,-53.79%,$23,$12,$11,$10,$16,$38,$-15,$0,$-15,$0,$-15,$-15,$-15,$-13,$-15,$69,69,$-0.21,$-0.21,$61,$7,$0,$84,$18,$0,$8,$1,$27,$111,$17,$0,$2,$2,$19,$0,$-420,$-0,$91,$111,$-29,$3,$8,$12,$-0,$1,$0,$-0,$1,$-17,$-5,$0,$0,$0,$24,$24,$0,$18,$0,$0,$0,$2,$2,$0,$0,$2,$3,$9,$0
26,2012-03-31,10.43,$1.45,7.18,$1.24,8.42,$-1.33,0.0,$-0.70,0.0,$0.09B,$0.02B,5.77,$0.00B,$0.10B,0.0,$0.08B,$0.04B,49.38%,$0.08B,$-0.05B,-58.02%,$0.08B,$-0.05B,-58.02%,$0.08B,$-0.04B,-53.09%,$0.08B,$-0.05B,-58.02%,$0.08B,$-0.05B,-56.79%,$-0.05B,$0.10B,-41.82%,$-0.05B,$0.09B,-42.59%,$-0.05B,$0.12B,-36.51%,$-0.05B,$0.10B,-42.73%,$20,$11,$9,$9,$15,$36,$-15,$0,$-15,$-1,$-14,$-14,$-14,$-14,$-15,$68,68,$-0.21,$-0.21,$70,$8,$0,$93,$16,$0,$8,$1,$25,$118,$16,$0,$2,$2,$18,$0,$-405,$-0,$100,$118,$-14,$2,$3,$4,$0,$0,$0,$1,$-1,$-10,$-2,$0,$0,$0,$14,$14,$0,$12,$0,$0,$0,$1,$1,$0,$0,$1,$3,$4,$0
27,2011-12-31,9.31,$1.55,6.01,$1.17,7.96,$-1.33,0.0,$-0.68,0.0,$0.11B,$0.02B,7.11,$0.00B,$0.11B,0.0,$0.08B,$0.04B,48.00%,$0.08B,$-0.04B,-58.67%,$0.08B,$-0.04B,-58.67%,$0.08B,$-0.04B,-53.33%,$0.08B,$-0.04B,-58.67%,$0.08B,$-0.04B,-58.67%,$-0.04B,$0.11B,-44.78%,$-0.04B,$0.11B,-44.78%,$-0.04B,$0.12B,-38.85%,$-0.04B,$0.11B,-44.78%,$22,$12,$11,$8,$15,$35,$-12,$0,$-12,$0,$-12,$-12,$-12,$-11,$-12,$66,66,$-0.18,$-0.18,$82,$8,$0,$105,$15,$0,$0,$1,$16,$121,$15,$0,$1,$1,$16,$0,$-391,$-0,$105,$121,$-45,$5,$14,$18,$-6,$-0,$0,$0,$-4,$-30,$-8,$0,$0,$0,$-38,$-38,$0,$-46,$-1,$0,$-1,$75,$75,$0,$0,$74,$-2,$14,$0
28,2011-09-30,12.0,$1.68,7.16,$1.10,10.89,$-1.62,0.0,$-0.66,0.0,$0.12B,$0.02B,7.82,$0.00B,$0.11B,0.0,$0.07B,$0.03B,46.38%,$0.07B,$-0.04B,-60.87%,$0.07B,$-0.04B,-60.87%,$0.07B,$-0.04B,-55.07%,$0.07B,$-0.04B,-60.87%,$0.07B,$-0.04B,-60.87%,$-0.04B,$0.11B,-48.14%,$-0.04B,$0.11B,-48.14%,$-0.04B,$0.13B,-41.08%,$-0.04B,$0.11B,-48.14%,$18,$10,$8,$8,$13,$32,$-13,$0,$-13,$0,$-13,$-13,$-13,$-12,$-13,$67,67,$-0.20,$-0.20,$97,$6,$0,$115,$13,$0,$0,$1,$14,$129,$15,$0,$1,$1,$16,$0,$-379,$-0,$113,$129,$-32,$3,$10,$13,$-2,$2,$0,$-1,$1,$-19,$-4,$0,$0,$0,$-38,$-38,$0,$-43,$-1,$0,$-1,$75,$75,$0,$0,$74,$13,$10,$0
29,2011-06-30,14.49,$1.81,8.03,$1.03,14.05,$-1.86,0.0,$-0.69,0.0,$0.12B,$0.01B,9.0,$0.00B,$0.12B,0.0,$0.06B,$0.03B,42.86%,$0.06B,$-0.04B,-66.67%,$0.06B,$-0.04B,-66.67%,$0.06B,$-0.04B,-60.32%,$0.06B,$-0.04B,-66.67%,$0.06B,$-0.04B,-66.67%,$-0.04B,$0.12B,-61.99%,$-0.04B,$0.12B,-61.99%,$-0.04B,$0.14B,-50.30%,$-0.04B,$0.12B,-61.76%,$21,$10,$12,$7,$12,$29,$-7,$0,$-7,$0,$-7,$-7,$-7,$-6,$-7,$65,65,$-0.11,$-0.11,$106,$6,$0,$124,$12,$0,$0,$0,$12,$136,$14,$0,$1,$1,$15,$0,$-366,$-0,$122,$136,$-19,$2,$6,$8,$-2,$2,$0,$-1,$-1,$-12,$-3,$0,$0,$0,$-29,$-29,$0,$-32,$-0,$0,$-0,$74,$74,$0,$0,$73,$29,$6,$0
30,2011-03-31,15.52,$0.86,18.14,$0.91,17.1,$-2.02,0.0,$-0.78,0.0,$0.05B,$0.01B,4.69,$0.00B,$0.05B,0.0,$0.05B,$0.02B,37.04%,$0.05B,$-0.05B,-85.19%,$0.05B,$-0.05B,-85.19%,$0.05B,$-0.04B,-77.78%,$0.05B,$-0.05B,-87.04%,$0.05B,$-0.05B,-87.04%,$-0.05B,$0.05B,-98.95%,$-0.05B,$0.05B,-98.95%,$-0.05B,$0.07B,-72.59%,$-0.05B,$0.05B,-94.85%,$14,$9,$5,$6,$11,$26,$-12,$0,$-12,$0,$-12,$-12,$-12,$-11,$-12,$62,62,$-0.19,$-0.19,$39,$6,$0,$54,$12,$0,$0,$0,$12,$67,$12,$0,$1,$2,$13,$0,$-358,$-0,$53,$67,$-12,$1,$3,$4,$-0,$2,$0,$0,$-1,$-9,$-2,$0,$0,$0,$9,$9,$0,$7,$-0,$0,$-0,$2,$2,$0,$0,$1,$-1,$3,$0
31,2010-12-31,13.65,$0.98,13.89,$0.87,15.77,$-2.06,0.0,$-0.99,0.0,$0.07B,$0.02B,4.32,$0.00B,$0.06B,0.0,$0.05B,$0.02B,36.00%,$0.05B,$-0.05B,-90.00%,$0.05B,$-0.05B,-90.00%,$0.05B,$-0.04B,-82.00%,$0.05B,$-0.06B,-110.00%,$0.05B,$-0.06B,-110.00%,$-0.06B,$0.06B,-119.57%,$-0.06B,$0.06B,-119.57%,$-0.06B,$0.08B,-84.62%,$-0.05B,$0.06B,-93.26%,$16,$9,$7,$7,$10,$26,$-10,$0,$-10,$0,$-10,$-10,$-10,$-9,$-10,$57,57,$-0.14,$-0.14,$48,$8,$0,$65,$11,$0,$0,$1,$12,$77,$15,$0,$1,$1,$16,$0,$-346,$-0,$61,$77,$-55,$3,$19,$22,$-3,$-5,$0,$-2,$-10,$-43,$-7,$0,$0,$0,$-19,$-19,$0,$-26,$-1,$0,$-1,$71,$71,$0,$0,$70,$1,$9,$0
32,2010-09-30,13.22,$0.60,22.03,$0.83,15.98,$-2.14,0.0,$-1.08,0.0,$0.04B,$0.02B,2.62,$0.00B,$0.04B,0.03,$0.04B,$0.02B,34.09%,$0.04B,$-0.04B,-100.00%,$0.04B,$-0.04B,-100.00%,$0.04B,$-0.04B,-93.18%,$0.04B,$-0.06B,-129.55%,$0.04B,$-0.06B,-129.55%,$-0.06B,$0.04B,-217.14%,$-0.06B,$0.04B,-217.14%,$-0.06B,$0.05B,-99.13%,$-0.04B,$0.04B,-110.69%,$12,$8,$3,$6,$10,$25,$-13,$-0,$-13,$0,$-13,$-13,$-13,$-12,$-13,$58,58,$-0.23,$-0.23,$32,$6,$0,$44,$9,$0,$0,$0,$10,$54,$17,$1,$1,$2,$19,$0,$-337,$-0,$35,$54,$-45,$2,$17,$19,$-2,$-4,$0,$-0,$-3,$-29,$-5,$0,$0,$0,$-1,$-1,$0,$-5,$-1,$0,$-1,$37,$37,$0,$0,$36,$2,$7,$0
33,2010-06-30,11.56,$0.71,16.33,$0.79,14.72,$-2.27,0.0,$-1.14,0.0,$0.05B,$0.02B,3.25,$0.00B,$0.04B,0.08,$0.04B,$0.01B,33.33%,$0.04B,$-0.04B,-110.26%,$0.04B,$-0.04B,-110.26%,$0.04B,$-0.04B,-102.56%,$0.04B,$-0.06B,-148.72%,$0.04B,$-0.06B,-148.72%,$-0.06B,$0.04B,-380.33%,$-0.06B,$0.04B,-380.33%,$-0.06B,$0.06B,-100.87%,$-0.04B,$0.04B,-108.18%,$12,$7,$5,$5,$10,$23,$-11,$-0,$-12,$0,$-12,$-12,$-12,$-10,$-11,$58,58,$-0.20,$-0.20,$40,$4,$0,$50,$8,$0,$0,$2,$10,$61,$16,$3,$1,$4,$20,$0,$-323,$-0,$41,$61,$-32,$1,$14,$16,$-1,$-1,$0,$-1,$-4,$-20,$-2,$0,$0,$0,$-10,$-10,$0,$-13,$-0,$0,$-0,$35,$35,$0,$0,$35,$3,$5,$0
34,2010-03-31,9.74,$0.81,11.97,$0.73,13.39,$-2.37,0.0,$-1.27,0.0,$0.06B,$0.02B,3.73,$0.01B,$0.05B,0.11,$0.03B,$0.01B,20.59%,$0.03B,$-0.05B,-132.35%,$0.03B,$-0.05B,-132.35%,$0.03B,$-0.04B,-123.53%,$0.03B,$-0.06B,-179.41%,$0.03B,$-0.06B,-179.41%,$-0.06B,$0.05B,-1109.09%,$-0.06B,$0.05B,-1109.09%,$-0.06B,$0.07B,-104.27%,$-0.05B,$0.05B,-151.26%,$10,$6,$3,$5,$10,$21,$-11,$-9,$-20,$0,$-20,$-20,$-20,$-10,$-11,$51,51,$-0.40,$-0.40,$50,$4,$0,$59,$7,$0,$0,$2,$9,$68,$16,$5,$1,$6,$22,$0,$-311,$-0,$47,$68,$-20,$1,$11,$12,$-0,$-1,$0,$1,$-2,$-10,$-1,$0,$0,$0,$-15,$-15,$0,$-16,$-0,$0,$-0,$34,$34,$0,$0,$34,$7,$2,$0
35,2009-12-31,8.07,$-0.40,-20.14,$0.67,11.99,$-2.41,0.0,$-1.20,0.0,$0.04B,$0.02B,1.96,$0.05B,$-0.02B,-2.48,$0.03B,$0.00B,13.79%,$0.03B,$-0.05B,-155.17%,$0.03B,$-0.05B,-155.17%,$0.03B,$-0.04B,-144.83%,$0.03B,$-0.05B,-186.21%,$0.03B,$-0.05B,-186.21%,$-0.05B,$-0.02B,2160.00%,$-0.05B,$-0.02B,2160.00%,$-0.05B,$0.05B,-88.52%,$-0.05B,$0.03B,-144.00%,$10,$6,$4,$4,$9,$20,$-9,$-2,$-12,$0,$-12,$-12,$-12,$-9,$-9,$44,44,$-0.26,$-0.26,$28,$3,$0,$37,$6,$0,$0,$4,$10,$47,$19,$46,$1,$47,$65,$0,$-291,$-0,$-18,$47,$-54,$4,$13,$16,$-2,$-0,$0,$-3,$-2,$-39,$-3,$0,$0,$0,$-11,$-11,$0,$-14,$-2,$0,$-2,$46,$46,$0,$0,$44,$-9,$8,$0
36,2009-09-30,7.93,$-0.20,-40.11,$0.58,13.78,$-2.81,0.0,$-1.40,0.0,$0.04B,$0.02B,2.47,$0.05B,$-0.01B,-4.91,$0.02B,$-0.00B,-4.35%,$0.02B,$-0.05B,-213.04%,$0.02B,$-0.05B,-213.04%,$0.02B,$-0.05B,-195.65%,$0.02B,$-0.06B,-243.48%,$0.02B,$-0.06B,-243.48%,$-0.06B,$-0.01B,2036.36%,$-0.06B,$-0.01B,2036.36%,$-0.06B,$0.05B,-92.95%,$-0.05B,$0.04B,-163.33%,$7,$6,$1,$3,$9,$19,$-12,$-2,$-14,$0,$-14,$-14,$-14,$-11,$-12,$46,46,$-0.29,$-0.29,$38,$2,$0,$43,$7,$0,$0,$4,$11,$54,$18,$45,$1,$46,$63,$0,$-280,$0,$-9,$54,$-42,$3,$9,$12,$-1,$1,$0,$-1,$-0,$-30,$-3,$0,$0,$0,$-18,$-18,$0,$-21,$-2,$0,$-2,$46,$46,$0,$0,$45,$-6,$6,$0
37,2009-06-30,6.19,$0.04,143.62,$0.48,12.84,$-3.52,0.0,$-1.61,0.0,$0.05B,$0.02B,3.26,$0.00B,$0.00B,0.99,$0.02B,$-0.00B,-22.22%,$0.02B,$-0.05B,-283.33%,$0.02B,$-0.05B,-283.33%,$0.02B,$-0.05B,-261.11%,$0.02B,$-0.06B,-322.22%,$0.02B,$-0.06B,-322.22%,$-0.06B,$0.00B,800.00%,$-0.06B,$0.00B,800.00%,$-0.06B,$0.07B,-100.87%,$-0.05B,$0.00B,-172.88%,$7,$8,$-1,$3,$9,$20,$-13,$-2,$-15,$0,$-15,$-15,$-15,$-12,$-13,$46,46,$-0.33,$-0.33,$49,$1,$0,$54,$6,$0,$0,$4,$11,$65,$17,$2,$1,$47,$63,$0,$-266,$0,$2,$65,$-28,$2,$6,$8,$-1,$1,$0,$-1,$-0,$-20,$-2,$0,$0,$0,$-31,$-31,$0,$-33,$-1,$0,$-1,$46,$46,$0,$0,$45,$-8,$4,$0
38,2009-03-31,4.14,$0.33,12.62,$0.40,10.3,$-4.05,0.0,$-1.76,0.0,$0.07B,$0.02B,4.44,$0.04B,$0.02B,2.82,$0.01B,$-0.00B,-30.77%,$0.01B,$-0.05B,-392.31%,$0.01B,$-0.05B,-392.31%,$0.01B,$-0.05B,-369.23%,$0.01B,$-0.06B,-446.15%,$0.01B,$-0.06B,-446.15%,$-0.06B,$0.02B,504.35%,$-0.06B,$0.02B,504.35%,$-0.06B,$0.08B,-104.50%,$-0.05B,$0.06B,-204.00%,$5,$5,$-0,$3,$8,$17,$-11,$-2,$-13,$0,$-13,$-13,$-13,$-10,$-11,$40,40,$-0.33,$-0.33,$61,$2,$0,$67,$6,$0,$0,$5,$11,$78,$15,$43,$1,$48,$63,$0,$-251,$0,$15,$78,$-13,$1,$3,$4,$-0,$0,$0,$1,$0,$-9,$-1,$0,$0,$0,$-38,$-38,$0,$-39,$-1,$0,$-1,$46,$46,$0,$0,$45,$-3,$2,$0
39,2008-12-31,2.76,$-0.65,-4.23,$0.33,8.26,$-4.39,0.0,$-1.87,0.0,$0.03B,$0.02B,2.14,$0.04B,$-0.02B,-2.15,$0.01B,$-0.01B,-50.00%,$0.01B,$-0.05B,-530.00%,$0.01B,$-0.05B,-530.00%,$0.01B,$-0.05B,-500.00%,$0.01B,$-0.06B,-590.00%,$0.01B,$-0.06B,-590.00%,$-0.06B,$-0.02B,368.75%,$-0.06B,$-0.02B,368.75%,$-0.06B,$0.04B,-110.80%,$-0.05B,$0.02B,-207.84%,$4,$5,$-1,$5,$7,$17,$-13,$-2,$-14,$0,$-14,$-14,$-14,$-12,$-13,$29,29,$-0.49,$-0.49,$27,$2,$0,$32,$6,$0,$0,$6,$12,$44,$15,$42,$1,$48,$63,$0,$-238,$0,$-19,$44,$-59,$3,$12,$15,$-1,$-1,$0,$9,$6,$-37,$-2,$0,$0,$0,$27,$27,$0,$24,$1,$0,$1,$2,$2,$0,$0,$3,$-10,$8,$0
40,2008-09-30,6.19,$-0.95,-6.53,$0.25,24.77,$-4.33,0.0,$-1.85,0.0,$0.03B,$0.01B,3.81,$0.06B,$-0.03B,-2.26,$0.01B,$-0.01B,-75.00%,$0.01B,$-0.05B,-650.00%,$0.01B,$-0.05B,-650.00%,$0.01B,$-0.05B,-625.00%,$0.01B,$-0.06B,-750.00%,$0.01B,$-0.06B,-750.00%,$-0.06B,$-0.03B,631.58%,$-0.06B,$-0.03B,631.58%,$-0.06B,$0.04B,-97.56%,$-0.05B,$0.03B,-140.54%,$2,$4,$-2,$5,$7,$16,$-14,$-2,$-16,$0,$-16,$-16,$-16,$-13,$-14,$30,30,$-0.53,$-0.53,$25,$3,$0,$30,$6,$0,$0,$7,$13,$43,$8,$62,$1,$63,$70,$0,$-218,$-0,$-27,$43,$-44,$2,$9,$11,$-0,$-1,$0,$-3,$-7,$-40,$-2,$0,$0,$0,$20,$20,$0,$18,$2,$0,$2,$2,$2,$0,$0,$3,$-18,$6,$0
41,2008-06-30,6.04,$-0.51,-11.82,$0.23,26.45,$-3.86,0.0,$-1.75,0.0,$0.04B,$0.01B,4.99,$0.00B,$-0.02B,-0.02,$0.01B,$-0.01B,-85.71%,$0.01B,$-0.05B,-714.29%,$0.01B,$-0.05B,-714.29%,$0.01B,$-0.05B,-685.71%,$0.01B,$-0.06B,-785.71%,$0.01B,$-0.06B,-785.71%,$-0.06B,$-0.02B,-3666.67%,$-0.06B,$-0.02B,-3666.67%,$-0.06B,$0.06B,-76.39%,$-0.05B,$-0.01B,-103.63%,$2,$3,$-1,$5,$7,$15,$-13,$-2,$-15,$0,$-15,$-15,$-15,$-13,$-13,$29,29,$-0.51,$-0.51,$38,$3,$0,$43,$7,$0,$0,$8,$14,$57,$9,$0,$1,$63,$72,$0,$-203,$-0,$-15,$57,$-29,$2,$6,$7,$-0,$-2,$0,$-4,$-7,$-28,$-1,$0,$0,$0,$8,$8,$0,$7,$2,$0,$2,$1,$1,$0,$0,$3,$-18,$4,$0
42,2008-03-31,4.14,$-0.10,-42.59,$0.19,21.63,$-3.44,0.0,$-1.67,0.0,$0.05B,$0.01B,6.65,$0.06B,$-0.00B,-21.71,$0.01B,$-0.01B,-116.67%,$0.01B,$-0.05B,-816.67%,$0.01B,$-0.05B,-816.67%,$0.01B,$-0.05B,-766.67%,$0.01B,$-0.05B,-850.00%,$0.01B,$-0.05B,-850.00%,$-0.05B,$-0.00B,-425.00%,$-0.05B,$-0.00B,-425.00%,$-0.05B,$0.07B,-62.20%,$-0.05B,$0.06B,-66.44%,$2,$3,$-1,$5,$6,$15,$-13,$-1,$-14,$0,$-14,$-14,$-14,$-12,$-13,$29,29,$-0.47,$-0.47,$51,$2,$0,$54,$7,$0,$0,$8,$15,$69,$8,$63,$1,$64,$72,$0,$-189,$0,$-3,$69,$-14,$1,$3,$4,$-0,$-1,$0,$-4,$-6,$-16,$-1,$0,$0,$0,$15,$15,$0,$14,$3,$0,$3,$1,$1,$0,$0,$4,$1,$2,$0
43,2007-12-31,8.83,$0.25,35.52,$0.16,53.99,$-3.15,0.0,$-1.62,0.0,$0.07B,$0.01B,7.97,$0.06B,$0.01B,8.58,$0.01B,$-0.01B,-160.00%,$0.01B,$-0.05B,-940.00%,$0.01B,$-0.05B,-940.00%,$0.01B,$-0.05B,-900.00%,$0.01B,$-0.05B,-960.00%,$0.01B,$-0.05B,-960.00%,$-0.05B,$0.01B,-220.69%,$-0.05B,$0.01B,-220.69%,$-0.05B,$0.08B,-52.75%,$-0.05B,$0.07B,-56.29%,$2,$4,$-2,$4,$6,$14,$-12,$-3,$-15,$0,$-15,$-15,$-15,$-12,$-12,$28,28,$-0.52,$-0.52,$64,$1,$0,$67,$7,$0,$0,$3,$10,$77,$8,$61,$1,$62,$70,$0,$-176,$0,$7,$77,$-48,$3,$9,$12,$-0,$0,$0,$1,$4,$-33,$-3,$0,$0,$0,$-5,$-5,$0,$-8,$57,$-11,$46,$1,$1,$0,$0,$47,$5,$6,$0
44,2007-09-30,10.0,$0.61,16.33,$0.14,71.31,$-3.58,0.0,$-1.58,0.0,$0.08B,$0.01B,12.62,$0.06B,$0.02B,3.54,$0.00B,$-0.01B,-225.00%,$0.00B,$-0.05B,-1175.00%,$0.00B,$-0.05B,-1175.00%,$0.00B,$-0.04B,-1100.00%,$0.00B,$-0.04B,-1100.00%,$0.00B,$-0.04B,-1100.00%,$-0.04B,$0.02B,-128.47%,$-0.04B,$0.02B,-128.47%,$-0.04B,$0.09B,-50.00%,$-0.05B,$0.08B,-57.85%,$1,$3,$-2,$4,$6,$13,$-12,$0,$-11,$0,$-11,$-11,$-11,$-11,$-12,$28,28,$-0.40,$-0.40,$74,$1,$0,$77,$5,$0,$0,$3,$8,$85,$6,$61,$1,$62,$68,$0,$-164,$0,$17,$85,$-34,$2,$4,$6,$-0,$0,$0,$1,$2,$-26,$-1,$0,$0,$0,$-23,$-23,$0,$-24,$57,$-11,$46,$1,$1,$0,$0,$47,$-3,$4,$0
45,2007-06-30,8.19,$0.94,8.71,$0.13,64.5,$-3.93,0.0,$-1.66,0.0,$0.09B,$0.01B,11.75,$0.06B,$0.03B,2.31,$0.00B,$-0.01B,-250.00%,$0.00B,$-0.05B,-1225.00%,$0.00B,$-0.05B,-1225.00%,$0.00B,$-0.05B,-1175.00%,$0.00B,$-0.05B,-1150.00%,$0.00B,$-0.05B,-1150.00%,$-0.05B,$0.03B,-98.92%,$-0.05B,$0.03B,-98.92%,$-0.05B,$0.10B,-53.64%,$-0.05B,$0.09B,-62.22%,$1,$3,$-2,$4,$5,$12,$-12,$0,$-11,$0,$-11,$-11,$-11,$-11,$-12,$28,28,$-0.40,$-0.40,$84,$1,$0,$88,$6,$0,$0,$3,$9,$97,$7,$62,$1,$62,$70,$0,$-153,$-0,$27,$97,$-22,$1,$3,$4,$-0,$0,$0,$1,$2,$-16,$-1,$0,$0,$0,$-22,$-22,$0,$-23,$57,$-11,$46,$0,$0,$0,$0,$47,$8,$3,$0
46,2007-03-31,7.86,$1.28,6.12,$0.11,68.85,$-4.35,0.0,$-1.67,0.0,$0.10B,$0.01B,14.79,$0.06B,$0.04B,1.71,$0.00B,$-0.01B,-333.33%,$0.00B,$-0.05B,-1633.33%,$0.00B,$-0.05B,-1633.33%,$0.00B,$-0.05B,-1566.67%,$0.00B,$-0.05B,-1533.33%,$0.00B,$-0.05B,-1533.33%,$-0.05B,$0.04B,-77.64%,$-0.05B,$0.04B,-77.64%,$-0.05B,$0.11B,-55.59%,$-0.05B,$0.10B,-64.05%,$1,$3,$-2,$4,$5,$12,$-11,$1,$-11,$0,$-11,$-11,$-11,$-11,$-11,$28,28,$-0.39,$-0.39,$93,$1,$0,$96,$6,$0,$0,$4,$9,$105,$6,$62,$0,$63,$69,$0,$-141,$0,$36,$105,$-11,$1,$1,$2,$-0,$-0,$0,$0,$1,$-8,$-0,$0,$0,$0,$-1,$-1,$0,$-1,$58,$-11,$47,$0,$0,$0,$0,$48,$38,$1,$0
47,2006-12-31,9.86,$2.02,4.89,$0.08,124.97,$-4.52,0.0,$-1.71,0.0,$0.06B,$0.01B,10.97,$0.00B,$0.06B,0.04,$0.00B,$-0.01B,-500.00%,$0.00B,$-0.05B,-2450.00%,$0.00B,$-0.05B,-2450.00%,$0.00B,$-0.05B,-2350.00%,$0.00B,$-0.05B,-2300.00%,$0.00B,$-0.05B,-2300.00%,$-0.05B,$0.06B,-76.35%,$-0.05B,$0.06B,-76.35%,$-0.05B,$0.07B,-67.40%,$-0.05B,$0.06B,-79.35%,$1,$3,$-3,$4,$5,$13,$-12,$1,$-11,$0,$-11,$-11,$-11,$-11,$-12,$27,27,$-0.39,$-0.39,$55,$1,$0,$57,$6,$0,$0,$1,$7,$65,$5,$2,$0,$2,$8,$0,$-130,$0,$57,$65,$-47,$2,$6,$8,$-0,$-1,$0,$-1,$-5,$-44,$-3,$0,$0,$0,$-23,$-23,$0,$-27,$3,$0,$3,$48,$48,$0,$0,$51,$-19,$6,$0
