,Date,Stock Price,Book Value per Share,Price to Book Ratio,TTM Sales per Share,Price to Sales Ratio,TTM FCF per Share,Price to FCF Ratio,TTM Net EPS,PE Ratio,Current Assets,Current Liabilities,Current Ratio,Long Term Debt,Shareholder's Equity_x,Debt to Equity Ratio,TTM Revenue_x,TTM Gross Profit,Gross Margin,TTM Revenue_y,TTM Operating Income,Operating Margin,TTM Revenue_x,TTM EBIT,EBIT Margin,TTM Revenue_y,TTM EBITDA,EBITDA Margin,TTM Revenue_x,TTM Pre-Tax Income,Pre-Tax Margin,TTM Revenue_y,TTM Net Income_x,Net Margin,TTM Net Income_y,Shareholder's Equity_y,Return on Equity,TTM Net Income_x,Tangible Equity,Return on Tangible Equity,TTM Net Income_y,Total Assets,Return on Assets,TTM Net Income,LT Investments & Debt,Return on Investment,revenue,cost-goods-sold,gross-profit,research-development-expenses,selling-general-administrative-expenses,operating-expenses,operating-income,total-non-operating-income-expense,pre-tax-income,total-provision-income-taxes,income-after-taxes,income-from-continuous-operations,net-income,ebitda,ebit,basic-shares-outstanding,shares-outstanding,eps-basic-net-earnings-per-share,eps-earnings-per-share-diluted,cash-on-hand,inventory,other-current-assets,total-current-assets,net-property-plant-equipment,long-term-investments,goodwill-intangible-assets-total,other-long-term-assets,total-long-term-assets,total-assets,total-current-liabilities,long-term-debt,other-non-current-liabilities,total-long-term-liabilities,total-liabilities,common-stock-net,retained-earnings-accumulated-deficit,comprehensive-income,total-share-holder-equity,total-liabilities-share-holders-equity,net-income-loss,total-depreciation-amortization-cash-flow,other-non-cash-items,total-non-cash-items,change-in-accounts-receivable,change-in-inventories,change-in-accounts-payable,change-in-assets-liabilities,total-change-in-assets-liabilities,cash-flow-from-operating-activities,net-change-in-property-plant-equipment,net-change-in-intangible-assets,net-acquisitions-divestitures,net-change-in-short-term-investments,net-change-in-long-term-investments,net-change-in-investments-total,investing-activities-other,cash-flow-from-investing-activities,net-long-term-debt,net-current-debt,debt-issuance-retirement-net-total,net-common-equity-issued-repurchased,net-total-equity-issued-repurchased,total-common-preferred-stock-dividends-paid,financial-activities-other,cash-flow-from-financial-activities,net-cash-flow,stock-based-compensation,common-stock-dividends-paid
0,2018-07-31,2.03,$1.37,1.48,$9.72,0.21,$-0.30,0.0,$-0.27,0.0,$0.12B,$0.11B,1.17,$0.02B,$0.07B,0.22,$0.48B,$0.21B,45.05%,$0.48B,$-0.01B,-2.53%,$0.48B,$-0.01B,-2.53%,$0.48B,$0.02B,3.58%,$0.48B,$-0.02B,-3.37%,$0.48B,$-0.01B,-2.74%,$-0.01B,$0.07B,-18.77%,$-0.01B,$0.07B,-19.26%,$-0.01B,$0.23B,-5.31%,$-0.01B,$0.08B,-14.81%,$122,$66,$57,$0,$48,$122,$-0,$-1,$-1,$0,$-1,$-1,$-1,$7,$-0,$49,49,$-0.02,$-0.02,$6,$103,$0,$123,$104,$0,$2,$6,$111,$234,$105,$15,$4,$62,$167,$1,$-144,$-6,$67,$234,$-4,$14,$1,$15,$1,$0,$-2,$-3,$-4,$7,$-7,$0,$0,$0,$0,$0,$0,$-7,$3,$-1,$2,$0,$0,$0,$-1,$1,$1,$1,$0
1,2018-04-30,1.7,$1.38,1.23,$9.72,0.17,$-0.28,0.0,$-0.33,0.0,$0.13B,$0.12B,1.11,$0.01B,$0.07B,0.15,$0.47B,$0.21B,44.94%,$0.47B,$-0.02B,-3.16%,$0.47B,$-0.02B,-3.16%,$0.47B,$0.02B,3.16%,$0.47B,$-0.02B,-4.01%,$0.47B,$-0.02B,-3.38%,$-0.02B,$0.07B,-22.30%,$-0.02B,$0.07B,-22.94%,$-0.02B,$0.24B,-6.36%,$-0.02B,$0.08B,-18.18%,$113,$63,$51,$0,$46,$116,$-2,$-1,$-3,$-0,$-3,$-3,$-3,$5,$-2,$49,49,$-0.06,$-0.06,$7,$106,$0,$128,$106,$0,$2,$6,$114,$242,$115,$10,$4,$59,$174,$1,$-142,$-6,$68,$242,$-3,$7,$1,$8,$0,$-3,$-5,$-3,$-10,$-6,$-3,$0,$0,$0,$0,$0,$0,$-3,$-1,$11,$11,$0,$0,$0,$0,$11,$2,$1,$0
2,2018-01-31,2.6,$1.44,1.81,$9.56,0.27,$-0.32,0.0,$-0.39,0.0,$0.12B,$0.11B,1.11,$0.01B,$0.07B,0.15,$0.47B,$0.21B,44.99%,$0.47B,$-0.02B,-3.84%,$0.47B,$-0.02B,-3.84%,$0.47B,$0.01B,2.56%,$0.47B,$-0.02B,-4.69%,$0.47B,$-0.02B,-4.05%,$-0.02B,$0.07B,-25.25%,$-0.02B,$0.07B,-25.94%,$-0.02B,$0.24B,-7.30%,$-0.02B,$0.08B,-20.81%,$136,$74,$61,$0,$56,$141,$-5,$-1,$-6,$-3,$-3,$-3,$-3,$1,$-5,$49,49,$-0.07,$-0.07,$5,$103,$0,$122,$111,$0,$2,$6,$119,$240,$110,$11,$4,$61,$170,$1,$-139,$-6,$70,$240,$-19,$30,$4,$34,$4,$14,$3,$-1,$16,$31,$-23,$0,$0,$0,$0,$0,$0,$-23,$-4,$0,$-4,$-5,$-5,$0,$0,$-9,$-0,$2,$0
3,2017-10-31,2.0,$1.47,1.36,$9.27,0.22,$-0.37,0.0,$-0.28,0.0,$0.14B,$0.13B,1.1,$0.01B,$0.07B,0.15,$0.46B,$0.21B,44.96%,$0.46B,$-0.01B,-2.19%,$0.46B,$-0.01B,-2.19%,$0.46B,$0.02B,4.61%,$0.46B,$-0.01B,-3.07%,$0.46B,$-0.01B,-3.07%,$-0.01B,$0.07B,-17.50%,$-0.01B,$0.07B,-18.01%,$-0.01B,$0.26B,-5.23%,$-0.01B,$0.08B,-10.93%,$104,$59,$45,$0,$42,$109,$-5,$-1,$-6,$0,$-6,$-6,$-6,$4,$-5,$49,49,$-0.12,$-0.12,$6,$120,$0,$142,$116,$0,$2,$4,$122,$264,$129,$11,$5,$63,$192,$1,$-138,$-5,$72,$264,$-16,$24,$2,$26,$3,$-2,$1,$-2,$-5,$5,$-18,$0,$0,$0,$0,$0,$0,$-18,$-6,$24,$18,$-5,$-5,$0,$0,$13,$0,$2,$0
4,2017-07-31,2.0,$1.58,1.27,$9.19,0.22,$-0.38,0.0,$-0.25,0.0,$0.13B,$0.12B,1.13,$0.01B,$0.08B,0.15,$0.45B,$0.21B,45.15%,$0.45B,$-0.01B,-1.98%,$0.45B,$-0.01B,-1.98%,$0.45B,$0.02B,4.63%,$0.45B,$-0.01B,-2.64%,$0.45B,$-0.01B,-2.64%,$-0.01B,$0.08B,-14.37%,$-0.01B,$0.08B,-14.77%,$-0.01B,$0.26B,-4.40%,$-0.01B,$0.09B,-9.42%,$121,$65,$56,$0,$49,$124,$-3,$-1,$-4,$0,$-4,$-4,$-4,$5,$-3,$49,49,$-0.08,$-0.08,$7,$112,$0,$134,$120,$0,$2,$4,$126,$260,$119,$11,$6,$65,$184,$1,$-132,$-5,$77,$260,$-10,$15,$3,$18,$2,$5,$1,$0,$6,$14,$-14,$0,$0,$0,$0,$0,$0,$-14,$-4,$9,$5,$-5,$-5,$0,$0,$0,$1,$1,$0
5,2017-04-30,2.55,$1.65,1.54,$9.06,0.28,$-0.29,0.0,$-0.17,0.0,$0.15B,$0.13B,1.13,$0.01B,$0.08B,0.14,$0.45B,$0.20B,45.23%,$0.45B,$-0.01B,-1.11%,$0.45B,$-0.01B,-1.11%,$0.45B,$0.02B,5.32%,$0.45B,$-0.01B,-1.77%,$0.45B,$-0.01B,-1.77%,$-0.01B,$0.08B,-9.22%,$-0.01B,$0.08B,-9.47%,$-0.01B,$0.28B,-2.90%,$-0.01B,$0.09B,-5.01%,$108,$59,$49,$0,$46,$113,$-5,$-1,$-6,$0,$-6,$-6,$-6,$2,$-5,$50,50,$-0.12,$-0.12,$8,$121,$0,$146,$125,$0,$2,$4,$131,$277,$129,$11,$6,$66,$194,$1,$-129,$-6,$82,$277,$-6,$7,$0,$8,$1,$-4,$-1,$-1,$-6,$-5,$-7,$0,$0,$0,$0,$0,$0,$-7,$-2,$18,$16,$-2,$-2,$0,$0,$14,$2,$0,$0
6,2017-01-31,3.55,$1.74,2.04,$9.05,0.39,$-0.28,0.0,$-0.05,0.0,$0.14B,$0.12B,1.2,$0.01B,$0.09B,0.14,$0.45B,$0.21B,45.45%,$0.45B,$0.00B,0.22%,$0.45B,$0.00B,0.22%,$0.45B,$0.03B,6.65%,$0.45B,$-0.00B,-0.44%,$0.45B,$-0.00B,-0.44%,$-0.00B,$0.09B,-2.26%,$-0.00B,$0.09B,-2.32%,$-0.00B,$0.27B,-0.73%,$0.00B,$0.10B,0.97%,$123,$68,$55,$0,$44,$120,$3,$-1,$2,$0,$2,$2,$2,$10,$3,$50,50,$0.04,$0.04,$6,$117,$0,$139,$124,$0,$2,$4,$130,$269,$116,$12,$6,$65,$181,$1,$-123,$-6,$89,$269,$-2,$29,$2,$31,$-2,$8,$1,$4,$6,$35,$-29,$0,$0,$0,$0,$0,$0,$-29,$-5,$0,$-5,$0,$0,$0,$0,$-5,$0,$2,$0
7,2016-10-31,4.05,$1.70,2.39,$9.11,0.44,$-0.70,0.0,$-0.12,0.0,$0.15B,$0.13B,1.16,$0.01B,$0.09B,0.15,$0.45B,$0.21B,45.80%,$0.45B,$-0.00B,-0.66%,$0.45B,$-0.00B,-0.66%,$0.45B,$0.03B,5.97%,$0.45B,$-0.01B,-1.11%,$0.45B,$-0.01B,-1.11%,$-0.01B,$0.09B,-5.67%,$-0.01B,$0.08B,-5.80%,$-0.01B,$0.28B,-1.81%,$-0.00B,$0.10B,-2.88%,$102,$57,$45,$0,$41,$106,$-4,$-1,$-4,$0,$-4,$-4,$-4,$4,$-4,$50,50,$-0.09,$-0.09,$6,$128,$0,$152,$125,$0,$2,$4,$132,$284,$131,$13,$6,$66,$197,$1,$-124,$-6,$86,$284,$-4,$21,$1,$23,$-4,$-3,$-1,$3,$-11,$8,$-22,$0,$0,$0,$0,$0,$0,$-22,$-5,$20,$15,$0,$0,$0,$0,$15,$1,$1,$0
8,2016-07-31,5.16,$1.77,2.91,$9.08,0.57,$-1.04,0.0,$-0.14,0.0,$0.14B,$0.12B,1.23,$0.02B,$0.09B,0.17,$0.45B,$0.21B,46.00%,$0.45B,$-0.00B,-0.89%,$0.45B,$-0.00B,-0.89%,$0.45B,$0.03B,5.56%,$0.45B,$-0.01B,-1.33%,$0.45B,$-0.01B,-1.33%,$-0.01B,$0.09B,-6.76%,$-0.01B,$0.09B,-6.94%,$-0.01B,$0.27B,-2.16%,$-0.00B,$0.11B,-3.75%,$118,$63,$55,$0,$46,$117,$1,$-1,$0,$0,$0,$0,$0,$8,$1,$50,50,$0.00,$0.00,$6,$121,$0,$143,$125,$0,$2,$4,$131,$274,$117,$15,$6,$67,$184,$1,$-120,$-6,$90,$274,$0,$14,$1,$15,$-2,$4,$5,$2,$3,$19,$-14,$0,$0,$0,$0,$0,$0,$-14,$-4,$-1,$-5,$0,$0,$0,$0,$-5,$1,$1,$0
9,2016-04-30,5.37,$1.76,3.06,$9.04,0.59,$-1.36,0.0,$-0.16,0.0,$0.15B,$0.12B,1.23,$0.02B,$0.09B,0.19,$0.45B,$0.21B,46.19%,$0.45B,$-0.01B,-1.12%,$0.45B,$-0.01B,-1.12%,$0.45B,$0.02B,5.16%,$0.45B,$-0.01B,-1.57%,$0.45B,$-0.01B,-1.57%,$-0.01B,$0.09B,-7.82%,$-0.01B,$0.09B,-8.05%,$-0.01B,$0.28B,-2.52%,$-0.01B,$0.11B,-4.58%,$108,$58,$50,$0,$41,$107,$1,$-1,$0,$0,$0,$0,$0,$8,$1,$50,50,$0.00,$0.00,$6,$126,$0,$145,$124,$0,$3,$4,$130,$276,$118,$17,$7,$69,$186,$1,$-120,$-6,$89,$276,$0,$7,$0,$8,$0,$-1,$-2,$-1,$-13,$-5,$-6,$0,$0,$0,$0,$0,$0,$-6,$-2,$14,$12,$0,$0,$0,$0,$12,$1,$0,$0
10,2016-01-31,4.3,$1.74,2.47,$9.01,0.48,$-1.49,0.0,$-0.17,0.0,$0.14B,$0.12B,1.24,$0.02B,$0.09B,0.22,$0.44B,$0.20B,46.15%,$0.44B,$-0.01B,-1.36%,$0.44B,$-0.01B,-1.36%,$0.44B,$0.02B,4.75%,$0.44B,$-0.01B,-1.81%,$0.44B,$-0.01B,-1.81%,$-0.01B,$0.09B,-8.84%,$-0.01B,$0.09B,-9.12%,$-0.01B,$0.27B,-2.87%,$-0.01B,$0.11B,-5.36%,$124,$67,$57,$0,$50,$125,$-1,$-1,$-1,$0,$-1,$-1,$-1,$7,$-1,$49,49,$-0.03,$-0.03,$5,$125,$0,$143,$125,$0,$3,$4,$131,$274,$115,$19,$8,$71,$186,$1,$-120,$-7,$88,$274,$-8,$27,$3,$30,$-1,$-10,$1,$3,$-3,$18,$-33,$0,$0,$0,$0,$0,$0,$-33,$16,$0,$16,$0,$0,$0,$-0,$16,$1,$3,$0
11,2015-10-31,5.84,$1.74,3.36,$8.94,0.65,$-1.74,0.0,$-0.11,0.0,$0.15B,$0.13B,1.21,$0.02B,$0.09B,0.23,$0.44B,$0.20B,46.58%,$0.44B,$-0.00B,-0.68%,$0.44B,$-0.00B,-0.68%,$0.44B,$0.02B,5.25%,$0.44B,$-0.01B,-1.37%,$0.44B,$-0.01B,-1.14%,$-0.01B,$0.09B,-5.46%,$-0.01B,$0.09B,-5.65%,$-0.01B,$0.29B,-1.82%,$-0.00B,$0.11B,-2.61%,$100,$55,$45,$0,$42,$104,$-5,$-1,$-5,$0,$-5,$-5,$-5,$2,$-5,$49,49,$-0.11,$-0.11,$6,$133,$0,$154,$127,$0,$3,$4,$134,$288,$127,$21,$7,$72,$200,$1,$-119,$-7,$88,$288,$-7,$20,$2,$22,$-2,$-18,$0,$2,$-20,$-5,$-25,$0,$0,$0,$0,$0,$0,$-25,$-6,$37,$31,$0,$0,$0,$-0,$31,$1,$2,$0
12,2015-07-31,4.89,$1.83,2.67,$8.83,0.55,$-2.07,0.0,$-0.13,0.0,$0.14B,$0.11B,1.33,$0.02B,$0.09B,0.24,$0.43B,$0.20B,46.30%,$0.43B,$-0.00B,-0.93%,$0.43B,$-0.00B,-0.93%,$0.43B,$0.02B,4.86%,$0.43B,$-0.01B,-1.62%,$0.43B,$-0.01B,-1.39%,$-0.01B,$0.09B,-6.45%,$-0.01B,$0.09B,-6.69%,$-0.01B,$0.28B,-2.20%,$-0.00B,$0.12B,-3.38%,$114,$60,$54,$0,$47,$114,$-0,$-1,$-1,$0,$-1,$-1,$-1,$6,$-0,$49,49,$-0.02,$-0.02,$6,$124,$0,$144,$124,$0,$3,$4,$131,$275,$108,$22,$7,$74,$182,$1,$-113,$-8,$93,$275,$-2,$13,$1,$14,$-1,$-8,$6,$0,$-6,$7,$-17,$0,$0,$0,$0,$0,$0,$-17,$-4,$15,$11,$0,$0,$0,$-0,$12,$1,$1,$0
13,2015-04-30,4.87,$1.83,2.66,$8.64,0.56,$-2.30,0.0,$-0.19,0.0,$0.15B,$0.11B,1.35,$0.02B,$0.09B,0.26,$0.42B,$0.19B,45.97%,$0.42B,$-0.01B,-1.66%,$0.42B,$-0.01B,-1.66%,$0.42B,$0.02B,4.27%,$0.42B,$-0.01B,-2.13%,$0.42B,$-0.01B,-2.13%,$-0.01B,$0.09B,-9.52%,$-0.01B,$0.09B,-9.86%,$-0.01B,$0.28B,-3.36%,$-0.01B,$0.12B,-5.89%,$104,$56,$48,$0,$41,$104,$0,$-1,$-1,$0,$-1,$-1,$-1,$6,$0,$49,49,$-0.01,$-0.01,$7,$124,$0,$146,$124,$0,$3,$4,$131,$277,$109,$24,$7,$76,$185,$1,$-112,$-8,$93,$277,$-1,$6,$1,$7,$-2,$-9,$5,$-1,$-14,$-8,$-10,$0,$0,$0,$0,$0,$0,$-10,$-2,$21,$19,$0,$0,$0,$-0,$19,$2,$1,$0
14,2015-01-31,5.08,$1.82,2.79,$8.50,0.6,$-2.46,0.0,$-0.25,0.0,$0.13B,$0.09B,1.48,$0.03B,$0.09B,0.28,$0.42B,$0.19B,45.78%,$0.42B,$-0.01B,-2.41%,$0.42B,$-0.01B,-2.41%,$0.42B,$0.01B,3.37%,$0.42B,$-0.01B,-2.65%,$0.42B,$-0.01B,-2.89%,$-0.01B,$0.09B,-12.40%,$-0.01B,$0.09B,-12.87%,$-0.01B,$0.26B,-4.58%,$-0.01B,$0.12B,-8.39%,$120,$62,$57,$0,$48,$117,$2,$-1,$1,$0,$1,$1,$2,$9,$2,$49,49,$0.03,$0.03,$5,$115,$0,$132,$120,$0,$3,$4,$128,$260,$90,$26,$8,$78,$167,$1,$-112,$-8,$92,$260,$-12,$23,$3,$26,$5,$-10,$-3,$4,$0,$14,$-41,$0,$0,$0,$0,$0,$0,$-41,$28,$0,$28,$0,$0,$0,$-1,$27,$0,$3,$0
15,2014-10-31,5.24,$1.85,2.83,$8.23,0.64,$-2.51,0.0,$-1.42,0.0,$0.15B,$0.11B,1.36,$0.03B,$0.09B,0.3,$0.40B,$0.18B,45.14%,$0.40B,$-0.02B,-4.49%,$0.40B,$-0.02B,-4.49%,$0.40B,$0.01B,1.50%,$0.40B,$-0.02B,-4.74%,$0.40B,$-0.07B,-17.21%,$-0.07B,$0.09B,-69.00%,$-0.07B,$0.09B,-71.69%,$-0.07B,$0.28B,-26.95%,$-0.02B,$0.12B,-15.16%,$94,$53,$41,$0,$40,$99,$-6,$-1,$-6,$0,$-6,$-6,$-6,$0,$-6,$49,49,$-0.13,$-0.13,$6,$126,$0,$150,$122,$0,$4,$5,$130,$280,$110,$29,$4,$76,$186,$1,$-113,$-4,$94,$280,$-14,$16,$2,$19,$1,$-21,$-4,$4,$-20,$-15,$-31,$0,$0,$0,$0,$0,$0,$-31,$48,$0,$48,$0,$0,$0,$-1,$48,$2,$2,$0
16,2014-07-31,5.35,$1.96,2.72,$8.13,0.66,$-2.46,0.0,$-1.37,0.0,$0.14B,$0.10B,1.44,$0.02B,$0.10B,0.16,$0.40B,$0.18B,45.20%,$0.40B,$-0.02B,-4.80%,$0.40B,$-0.02B,-4.80%,$0.40B,$0.00B,1.01%,$0.40B,$-0.02B,-5.05%,$0.40B,$-0.07B,-16.92%,$-0.07B,$0.10B,-57.63%,$-0.07B,$0.10B,-59.69%,$-0.07B,$0.26B,-25.77%,$-0.02B,$0.12B,-14.59%,$104,$56,$48,$0,$45,$107,$-3,$-0,$-3,$0,$-3,$-3,$-4,$3,$-3,$49,49,$-0.08,$-0.08,$6,$116,$0,$137,$112,$0,$4,$3,$119,$256,$95,$16,$4,$61,$157,$1,$-107,$-4,$99,$256,$-8,$10,$2,$12,$2,$-10,$1,$2,$-7,$-3,$-19,$0,$0,$0,$0,$0,$0,$-19,$23,$0,$23,$0,$0,$0,$-0,$23,$1,$2,$0
17,2014-04-30,5.4,$2.03,2.66,$8.02,0.67,$-2.33,0.0,$-1.32,0.0,$0.14B,$0.09B,1.54,$0.02B,$0.10B,0.16,$0.39B,$0.18B,45.13%,$0.39B,$-0.02B,-4.62%,$0.39B,$-0.02B,-4.62%,$0.39B,$0.00B,0.77%,$0.39B,$-0.02B,-5.13%,$0.39B,$-0.07B,-16.67%,$-0.07B,$0.10B,-49.24%,$-0.07B,$0.10B,-50.98%,$-0.07B,$0.25B,-24.79%,$-0.02B,$0.12B,-12.70%,$97,$53,$44,$0,$41,$100,$-3,$-0,$-3,$0,$-3,$-3,$-4,$2,$-3,$49,49,$-0.07,$-0.07,$6,$114,$0,$137,$107,$0,$4,$3,$115,$251,$89,$16,$4,$60,$149,$1,$-103,$-4,$102,$251,$-4,$5,$1,$6,$1,$-9,$-5,$-1,$-16,$-14,$-11,$0,$0,$0,$0,$0,$0,$-11,$26,$0,$26,$0,$0,$0,$-0,$26,$1,$1,$0
18,2014-01-31,5.38,$2.07,2.59,$7.97,0.68,$-2.10,0.0,$-1.23,0.0,$0.13B,$0.08B,1.66,$0.01B,$0.11B,0.12,$0.39B,$0.18B,45.48%,$0.39B,$-0.01B,-3.36%,$0.39B,$-0.01B,-3.36%,$0.39B,$0.01B,1.81%,$0.39B,$-0.02B,-3.88%,$0.39B,$-0.06B,-15.50%,$-0.06B,$0.11B,-40.82%,$-0.06B,$0.10B,-42.18%,$-0.06B,$0.24B,-22.75%,$-0.01B,$0.12B,-8.52%,$106,$58,$48,$0,$47,$112,$-6,$-0,$-7,$49,$-56,$-56,$-55,$1,$-6,$48,48,$-1.14,$-1.14,$5,$106,$0,$126,$103,$0,$4,$4,$111,$237,$76,$12,$5,$56,$132,$1,$-100,$-5,$105,$237,$-60,$20,$47,$67,$-3,$-1,$7,$11,$18,$25,$-54,$0,$0,$0,$0,$0,$0,$-54,$26,$0,$26,$0,$0,$0,$-1,$26,$-4,$2,$0
19,2013-10-31,6.95,$3.12,2.23,$8.11,0.86,$-1.55,0.0,0,0.0,$0.15B,$0.09B,1.67,$0.01B,$0.16B,0.07,$0.39B,$0.18B,45.69%,$0.39B,$0.00B,0.00%,$0.39B,$0.00B,0.00%,$0.39B,$0.02B,4.31%,$0.39B,$-0.00B,-0.25%,$0.39B,$-0.00B,-0.25%,$-0.00B,$0.16B,-0.62%,$-0.00B,$0.15B,-0.64%,$-0.00B,$0.30B,-0.38%,$0.00B,$0.17B,0.00%,$89,$50,$39,$0,$41,$95,$-7,$-0,$-7,$-3,$-4,$-4,$-4,$-2,$-7,$49,49,$-0.08,$-0.08,$5,$120,$0,$148,$98,$0,$5,$3,$148,$296,$88,$10,$5,$49,$137,$1,$-44,$-5,$159,$296,$-5,$12,$-1,$11,$-3,$-15,$6,$5,$-12,$-5,$-38,$0,$0,$0,$0,$0,$0,$-38,$41,$0,$41,$0,$0,$0,$-0,$41,$-3,$2,$0
20,2013-07-31,6.45,$3.18,2.03,$8.13,0.79,$-0.92,0.0,$0.05,129.0,$0.13B,$0.07B,2.02,$0.00B,$0.16B,0.0,$0.39B,$0.18B,45.69%,$0.39B,$0.00B,1.02%,$0.39B,$0.00B,1.02%,$0.39B,$0.02B,5.08%,$0.39B,$0.00B,0.76%,$0.39B,$0.00B,0.25%,$0.00B,$0.16B,0.62%,$0.00B,$0.16B,0.65%,$0.00B,$0.27B,0.39%,$0.00B,$0.16B,2.49%,$98,$53,$45,$0,$43,$100,$-2,$-0,$-3,$-1,$-2,$-2,$-2,$2,$-2,$48,48,$-0.03,$-0.03,$5,$108,$0,$134,$84,$0,$5,$2,$131,$265,$67,$0,$5,$37,$104,$1,$-40,$-6,$162,$265,$-1,$8,$1,$8,$-2,$-4,$1,$4,$-2,$6,$-21,$0,$0,$0,$0,$0,$0,$-21,$12,$0,$12,$0,$0,$0,$-0,$12,$-3,$1,$0
21,2013-04-30,4.98,$3.34,1.49,$8.19,0.61,$-0.62,0.0,$0.11,45.27,$0.14B,$0.07B,1.9,$0.00B,$0.16B,0.0,$0.40B,$0.18B,45.84%,$0.40B,$0.01B,2.77%,$0.40B,$0.01B,2.77%,$0.40B,$0.03B,6.80%,$0.40B,$0.01B,2.77%,$0.40B,$0.00B,1.01%,$0.00B,$0.16B,2.50%,$0.00B,$0.16B,2.61%,$0.00B,$0.26B,1.61%,$0.01B,$0.16B,6.88%,$94,$50,$44,$0,$38,$92,$2,$-0,$2,$1,$1,$1,$1,$6,$2,$48,49,$0.02,$0.02,$6,$112,$0,$138,$72,$0,$6,$2,$119,$257,$73,$0,$5,$22,$95,$1,$-39,$-6,$162,$257,$1,$4,$1,$5,$-0,$-8,$1,$1,$-11,$-6,$-8,$0,$0,$0,$0,$0,$0,$-8,$12,$0,$12,$0,$0,$0,$0,$12,$-2,$0,$0
22,2013-01-31,4.59,$3.32,1.38,$8.24,0.56,$-0.43,0.0,$0.14,32.79,$0.13B,$0.05B,2.63,$0.00B,$0.16B,0.0,$0.40B,$0.18B,46.12%,$0.40B,$0.01B,3.26%,$0.40B,$0.01B,3.26%,$0.40B,$0.03B,7.02%,$0.40B,$0.01B,3.26%,$0.40B,$0.01B,1.25%,$0.01B,$0.16B,3.15%,$0.01B,$0.16B,3.30%,$0.01B,$0.25B,2.05%,$0.01B,$0.16B,8.19%,$113,$60,$52,$0,$41,$106,$7,$-0,$7,$3,$4,$4,$4,$11,$7,$48,48,$0.08,$0.08,$8,$104,$0,$133,$66,$0,$6,$2,$113,$246,$51,$0,$5,$34,$85,$1,$-40,$-6,$161,$246,$6,$14,$6,$20,$-2,$-0,$1,$2,$4,$30,$-32,$0,$0,$0,$0,$0,$0,$-32,$0,$0,$0,$0,$0,$0,$0,$0,$-2,$1,$0
23,2012-10-31,3.86,$3.24,1.19,$8.21,0.47,$-0.27,0.0,$0.75,5.15,$0.14B,$0.07B,1.9,$0.00B,$0.16B,0.0,$0.40B,$0.18B,45.84%,$0.40B,$-0.01B,-2.52%,$0.40B,$-0.01B,-2.52%,$0.40B,$0.00B,1.01%,$0.40B,$-0.01B,-2.77%,$0.40B,$0.03B,8.56%,$0.03B,$0.16B,21.66%,$0.03B,$0.15B,22.78%,$0.03B,$0.25B,14.11%,$-0.01B,$0.16B,-6.37%,$89,$50,$39,$0,$38,$91,$-3,$-0,$-3,$-1,$-2,$-2,$-2,$1,$-3,$48,48,$-0.03,$-0.03,$5,$116,$0,$141,$63,$0,$7,$2,$113,$254,$74,$0,$5,$23,$96,$1,$-44,$-5,$158,$254,$2,$10,$3,$13,$-0,$-12,$5,$0,$-7,$8,$-21,$0,$0,$0,$0,$0,$0,$-21,$8,$0,$8,$0,$0,$0,$0,$8,$-5,$1,$0
24,2012-07-31,3.8,$3.27,1.16,$8.24,0.46,$0.02,214.69,$0.75,5.07,$0.13B,$0.05B,2.45,$0.00B,$0.16B,0.0,$0.40B,$0.18B,46.10%,$0.40B,$-0.01B,-2.02%,$0.40B,$-0.01B,-2.02%,$0.40B,$0.01B,1.26%,$0.40B,$-0.01B,-2.27%,$0.40B,$0.03B,8.56%,$0.03B,$0.16B,22.93%,$0.03B,$0.15B,25.33%,$0.03B,$0.24B,14.73%,$-0.01B,$0.16B,-5.40%,$101,$54,$47,$0,$38,$95,$5,$-0,$5,$2,$3,$3,$1,$9,$5,$48,48,$0.03,$0.03,$10,$104,$0,$132,$53,$0,$8,$2,$104,$236,$54,$0,$5,$23,$77,$1,$-42,$-6,$159,$236,$4,$7,$4,$11,$0,$1,$-2,$-0,$-3,$11,$-12,$0,$0,$0,$0,$0,$0,$-11,$0,$0,$0,$0,$0,$0,$0,$0,$-1,$1,$0
25,2012-04-30,3.14,$3.24,0.97,$8.24,0.38,$0.31,10.09,$0.86,3.65,$0.14B,$0.06B,2.32,$0.00B,$0.16B,0.0,$0.40B,$0.19B,46.72%,$0.40B,$-0.01B,-1.26%,$0.40B,$-0.01B,-1.26%,$0.40B,$0.01B,1.77%,$0.40B,$-0.01B,-1.52%,$0.40B,$0.04B,10.10%,$0.04B,$0.16B,28.67%,$0.04B,$0.15B,33.47%,$0.04B,$0.24B,18.04%,$-0.01B,$0.16B,-3.58%,$96,$50,$46,$0,$38,$91,$4,$-0,$4,$2,$2,$2,$2,$7,$4,$48,48,$0.05,$0.05,$6,$112,$0,$137,$51,$0,$8,$2,$103,$240,$59,$0,$5,$24,$83,$1,$-44,$-6,$157,$240,$2,$3,$2,$5,$0,$-8,$3,$-1,$-7,$1,$-6,$0,$0,$0,$0,$0,$0,$-6,$0,$0,$0,$0,$0,$0,$0,$0,$-4,$0,$0
26,2012-01-31,3.16,$3.18,0.99,$8.26,0.38,$0.43,7.33,$0.90,3.51,$0.13B,$0.06B,2.43,$0.00B,$0.15B,0.0,$0.40B,$0.18B,46.46%,$0.40B,$-0.00B,-1.01%,$0.40B,$-0.00B,-1.01%,$0.40B,$0.01B,1.77%,$0.40B,$-0.01B,-1.26%,$0.40B,$0.04B,10.61%,$0.04B,$0.15B,32.43%,$0.04B,$0.15B,40.68%,$0.04B,$0.23B,20.10%,$-0.00B,$0.15B,-3.09%,$111,$61,$50,$0,$39,$127,$-16,$-0,$-17,$-51,$34,$34,$33,$-13,$-16,$47,48,$0.70,$0.69,$10,$104,$0,$133,$46,$0,$9,$2,$100,$234,$55,$0,$5,$24,$79,$1,$-46,$-6,$154,$234,$43,$11,$-27,$-16,$-0,$-11,$7,$1,$-3,$23,$-18,$0,$0,$0,$0,$0,$0,$-18,$0,$0,$0,$1,$1,$0,$0,$1,$6,$1,$0
27,2011-10-31,4.15,$2.53,1.64,$8.26,0.5,$0.52,7.92,$0.31,13.39,$0.14B,$0.07B,2.04,$0.00B,$0.12B,0.0,$0.40B,$0.18B,46.58%,$0.40B,$0.02B,5.06%,$0.40B,$0.02B,5.06%,$0.40B,$0.03B,7.85%,$0.40B,$0.02B,5.06%,$0.40B,$0.01B,3.54%,$0.01B,$0.12B,11.79%,$0.01B,$0.09B,16.18%,$0.01B,$0.21B,7.13%,$0.02B,$0.12B,16.84%,$89,$49,$40,$0,$38,$90,$-1,$-0,$-1,$-0,$-1,$-1,$-2,$2,$-1,$48,48,$-0.03,$-0.03,$6,$115,$0,$135,$44,$0,$32,$2,$78,$213,$66,$0,$2,$24,$90,$1,$-79,$-4,$123,$213,$9,$8,$2,$10,$-0,$-22,$16,$-2,$-7,$12,$-11,$0,$0,$0,$0,$0,$0,$-11,$0,$0,$0,$1,$1,$0,$0,$1,$2,$1,$0
28,2011-07-31,4.21,$2.56,1.65,$8.28,0.51,$0.46,9.18,$0.35,12.03,$0.13B,$0.05B,2.46,$0.00B,$0.12B,0.0,$0.40B,$0.19B,46.72%,$0.40B,$0.02B,5.05%,$0.40B,$0.02B,5.05%,$0.40B,$0.03B,7.83%,$0.40B,$0.02B,5.05%,$0.40B,$0.02B,4.04%,$0.02B,$0.12B,14.00%,$0.02B,$0.09B,19.57%,$0.02B,$0.20B,8.25%,$0.02B,$0.12B,17.51%,$100,$52,$49,$0,$38,$92,$8,$-0,$8,$1,$7,$7,$7,$11,$8,$47,48,$0.14,$0.14,$18,$95,$0,$126,$40,$0,$32,$2,$74,$200,$51,$0,$3,$25,$76,$1,$-78,$-4,$124,$200,$11,$5,$1,$7,$0,$-2,$6,$0,$1,$18,$-5,$0,$0,$0,$0,$0,$0,$-5,$0,$0,$0,$1,$1,$0,$0,$1,$14,$1,$0
29,2011-04-30,4.22,$2.41,1.75,$8.24,0.51,$0.37,11.41,$0.33,12.79,$0.12B,$0.05B,2.48,$0.00B,$0.12B,0.0,$0.39B,$0.18B,46.06%,$0.39B,$0.02B,4.58%,$0.39B,$0.02B,4.58%,$0.39B,$0.03B,7.38%,$0.39B,$0.02B,4.58%,$0.39B,$0.02B,3.82%,$0.02B,$0.12B,13.73%,$0.02B,$0.08B,19.54%,$0.02B,$0.19B,7.86%,$0.02B,$0.12B,16.48%,$96,$51,$45,$0,$37,$91,$5,$-0,$5,$0,$4,$4,$4,$7,$5,$47,48,$0.09,$0.09,$6,$98,$0,$117,$37,$0,$32,$2,$71,$189,$47,$0,$3,$25,$72,$1,$-84,$-4,$117,$189,$4,$3,$1,$3,$-0,$-5,$5,$-2,$-4,$3,$-2,$0,$0,$0,$0,$0,$0,$-2,$0,$0,$0,$0,$0,$0,$0,$0,$2,$0,$0
30,2011-01-31,4.2,$2.33,1.8,$8.26,0.51,$0.34,12.28,$0.33,12.73,$0.11B,$0.05B,2.37,$0.00B,$0.11B,0.0,$0.39B,$0.18B,45.92%,$0.39B,$0.02B,4.59%,$0.39B,$0.02B,4.59%,$0.39B,$0.03B,7.65%,$0.39B,$0.02B,4.59%,$0.39B,$0.02B,3.83%,$0.02B,$0.11B,14.35%,$0.02B,$0.08B,20.76%,$0.02B,$0.18B,7.85%,$0.02B,$0.11B,17.14%,$110,$60,$50,$0,$39,$102,$8,$-0,$8,$1,$7,$7,$5,$11,$8,$47,48,$0.11,$0.10,$4,$93,$0,$110,$39,$0,$32,$2,$73,$183,$46,$0,$3,$25,$71,$1,$-89,$-4,$111,$183,$15,$12,$3,$14,$-2,$-3,$-2,$-1,$-11,$19,$-9,$0,$0,$0,$0,$0,$0,$-9,$-8,$-3,$-11,$0,$0,$0,$0,$-10,$-0,$2,$0
31,2010-10-31,4.41,$2.19,2.01,$8.46,0.52,$0.73,6.02,$0.30,14.7,$0.13B,$0.08B,1.75,$0.00B,$0.11B,0.0,$0.39B,$0.18B,46.06%,$0.39B,$0.01B,3.56%,$0.39B,$0.01B,3.56%,$0.39B,$0.03B,6.87%,$0.39B,$0.02B,3.82%,$0.39B,$0.01B,3.56%,$0.01B,$0.11B,14.00%,$0.01B,$0.07B,20.74%,$0.01B,$0.20B,7.35%,$0.01B,$0.11B,13.83%,$90,$49,$41,$0,$39,$91,$-1,$0,$-1,$-1,$0,$0,$0,$2,$-1,$47,48,$0.01,$0.01,$6,$110,$0,$131,$40,$0,$32,$1,$74,$204,$75,$0,$3,$25,$100,$1,$-94,$-4,$105,$204,$10,$9,$2,$11,$-1,$-20,$12,$-3,$-16,$5,$-7,$0,$0,$0,$0,$0,$0,$-7,$-4,$7,$3,$0,$0,$0,$0,$4,$2,$1,$0
32,2010-07-31,3.46,$2.18,1.58,$8.55,0.4,$0.87,3.99,$0.26,13.31,$0.11B,$0.06B,1.99,$0.00B,$0.10B,0.0,$0.39B,$0.18B,45.41%,$0.39B,$0.01B,3.57%,$0.39B,$0.01B,3.57%,$0.39B,$0.03B,6.89%,$0.39B,$0.02B,3.83%,$0.39B,$0.01B,3.32%,$0.01B,$0.10B,13.54%,$0.01B,$0.07B,20.47%,$0.01B,$0.19B,6.82%,$0.01B,$0.10B,14.29%,$97,$52,$45,$0,$35,$91,$6,$-0,$6,$1,$6,$6,$6,$9,$6,$47,47,$0.12,$0.12,$8,$94,$0,$114,$39,$0,$33,$1,$73,$187,$57,$0,$3,$25,$83,$1,$-94,$-4,$104,$187,$10,$6,$1,$7,$-1,$-4,$8,$-0,$-4,$13,$-4,$0,$0,$0,$0,$0,$0,$-3,$-2,$-3,$-6,$0,$0,$0,$0,$-6,$4,$1,$0
33,2010-04-30,4.09,$2.06,1.98,$8.85,0.46,$0.82,5.01,$0.23,17.78,$0.12B,$0.07B,1.8,$0.00B,$0.10B,0.02,$0.39B,$0.18B,45.04%,$0.39B,$0.01B,3.05%,$0.39B,$0.01B,3.05%,$0.39B,$0.03B,6.62%,$0.39B,$0.01B,3.31%,$0.39B,$0.01B,2.80%,$0.01B,$0.10B,12.32%,$0.01B,$0.07B,19.47%,$0.01B,$0.19B,5.73%,$0.01B,$0.10B,12.97%,$95,$51,$44,$0,$36,$90,$5,$-0,$5,$0,$4,$4,$4,$8,$5,$47,47,$0.09,$0.09,$6,$99,$0,$117,$39,$0,$33,$1,$73,$190,$65,$1,$3,$27,$91,$1,$-100,$-4,$98,$190,$4,$3,$1,$4,$-0,$-9,$8,$-2,$-7,$1,$-1,$0,$0,$0,$0,$0,$0,$-1,$-1,$2,$1,$0,$0,$0,$0,$1,$1,$1,$0
34,2010-01-31,2.8,$1.98,1.42,$9.19,0.3,$0.75,3.73,$0.15,18.67,$0.11B,$0.06B,1.77,$0.00B,$0.09B,0.03,$0.40B,$0.18B,44.19%,$0.40B,$0.01B,2.02%,$0.40B,$0.01B,2.02%,$0.40B,$0.02B,5.56%,$0.40B,$0.01B,2.02%,$0.40B,$0.01B,1.77%,$0.01B,$0.09B,8.43%,$0.01B,$0.06B,14.07%,$0.01B,$0.18B,3.57%,$0.01B,$0.10B,9.17%,$111,$59,$51,$0,$43,$106,$4,$0,$5,$1,$4,$4,$4,$8,$4,$44,44,$0.07,$0.07,$4,$90,$0,$105,$42,$0,$33,$1,$76,$181,$60,$3,$3,$28,$88,$1,$-104,$-4,$93,$181,$6,$14,$1,$15,$-1,$9,$-4,$0,$9,$31,$-5,$0,$1,$0,$0,$0,$0,$-4,$-5,$-35,$-40,$13,$13,$0,$0,$-27,$-1,$1,$0
35,2009-10-31,2.51,$1.88,1.34,$9.65,0.26,$0.41,6.09,$-2.54,0.0,$0.13B,$0.09B,1.47,$0.00B,$0.09B,0.04,$0.41B,$0.17B,42.16%,$0.41B,$-0.07B,-17.89%,$0.41B,$-0.07B,-17.89%,$0.41B,$-0.06B,-14.46%,$0.41B,$-0.07B,-18.14%,$0.41B,$-0.11B,-25.74%,$-0.11B,$0.09B,-135.05%,$-0.11B,$0.06B,-237.29%,$-0.11B,$0.21B,-52.24%,$-0.07B,$0.09B,-87.95%,$89,$51,$38,$0,$35,$90,$-1,$-0,$-1,$-0,$-1,$-1,$-1,$2,$-1,$45,45,$-0.03,$-0.03,$5,$108,$0,$127,$44,$0,$33,$1,$78,$205,$87,$4,$4,$30,$117,$1,$-108,$-5,$89,$205,$3,$11,$0,$11,$-1,$-10,$6,$-1,$-6,$7,$-3,$0,$0,$0,$0,$0,$0,$-3,$-4,$-13,$-17,$13,$13,$0,$0,$-4,$0,$0,$0
36,2009-07-31,2.13,$1.83,1.17,$10.08,0.21,$0.12,18.31,$-2.59,0.0,$0.11B,$0.08B,1.33,$0.01B,$0.08B,0.07,$0.42B,$0.18B,42.00%,$0.42B,$-0.08B,-18.38%,$0.42B,$-0.08B,-18.38%,$0.42B,$-0.06B,-14.80%,$0.42B,$-0.08B,-18.62%,$0.42B,$-0.11B,-25.54%,$-0.11B,$0.08B,-106.20%,$-0.11B,$0.04B,-210.84%,$-0.11B,$0.19B,-45.63%,$-0.08B,$0.08B,-71.63%,$98,$54,$44,$0,$36,$94,$4,$-0,$4,$1,$4,$4,$4,$8,$4,$41,42,$0.09,$0.09,$6,$94,$0,$111,$47,$0,$33,$1,$81,$192,$84,$5,$4,$32,$115,$1,$-106,$-5,$77,$192,$4,$7,$0,$7,$-0,$4,$-4,$-0,$-3,$8,$-2,$0,$0,$0,$0,$0,$0,$-2,$-2,$-3,$-5,$0,$0,$0,$0,$-5,$1,$0,$0
37,2009-04-30,1.27,$1.75,0.73,$10.46,0.12,$0.04,36.08,$-2.63,0.0,$0.12B,$0.10B,1.22,$0.01B,$0.07B,0.09,$0.43B,$0.18B,42.17%,$0.43B,$-0.08B,-17.74%,$0.43B,$-0.08B,-17.74%,$0.43B,$-0.06B,-14.52%,$0.43B,$-0.08B,-18.20%,$0.43B,$-0.11B,-25.12%,$-0.11B,$0.07B,-85.32%,$-0.11B,$0.04B,-177.96%,$-0.11B,$0.21B,-40.82%,$-0.08B,$0.08B,-56.72%,$98,$56,$42,$0,$37,$97,$1,$-0,$0,$0,$0,$0,$0,$4,$1,$41,41,$0.01,$0.01,$6,$106,$0,$123,$49,$0,$33,$1,$83,$206,$101,$6,$4,$33,$134,$1,$-110,$-6,$73,$206,$0,$3,$0,$3,$0,$-7,$4,$-0,$-6,$-2,$-1,$0,$0,$0,$0,$0,$0,$-1,$-1,$5,$4,$0,$0,$0,$0,$4,$1,$0,$0
38,2009-01-31,0.38,$1.73,0.22,$10.69,0.04,$-0.16,0.0,$-2.64,0.0,$0.12B,$0.10B,1.21,$0.01B,$0.07B,0.11,$0.44B,$0.19B,42.57%,$0.44B,$-0.08B,-17.34%,$0.44B,$-0.08B,-17.34%,$0.44B,$-0.06B,-13.96%,$0.44B,$-0.08B,-17.79%,$0.44B,$-0.11B,-24.55%,$-0.11B,$0.07B,-70.32%,$-0.11B,$0.04B,-148.81%,$-0.11B,$0.20B,-36.52%,$-0.08B,$0.08B,-46.81%,$123,$75,$48,$0,$49,$200,$-77,$-0,$-77,$30,$-107,$-107,$-108,$-73,$-77,$41,41,$-2.61,$-2.61,$5,$99,$0,$115,$52,$0,$33,$1,$87,$201,$95,$8,$4,$35,$129,$1,$-110,$-6,$72,$201,$-109,$16,$105,$121,$0,$19,$-10,$1,$12,$23,$-13,$0,$-4,$0,$0,$0,$0,$-16,$-5,$-2,$-7,$-0,$-0,$0,$0,$-7,$-0,$4,$0
39,2008-10-31,1.9,$4.38,0.43,$10.82,0.18,$-0.64,0.0,$-0.01,0.0,$0.16B,$0.12B,1.25,$0.01B,$0.18B,0.05,$0.46B,$0.20B,43.30%,$0.46B,$0.00B,0.66%,$0.46B,$0.00B,0.66%,$0.46B,$0.02B,4.18%,$0.46B,0,0.00%,$0.46B,0,0.00%,$0.00B,$0.18B,0.00%,$0.00B,$0.08B,0.00%,$0.00B,$0.34B,0.00%,$0.00B,$0.19B,1.55%,$100,$58,$42,$0,$43,$105,$-5,$-1,$-5,$-2,$-3,$-3,$-3,$-1,$-5,$41,41,$-0.08,$-0.08,$6,$130,$0,$155,$59,$0,$99,$1,$184,$339,$124,$9,$1,$33,$157,$1,$-2,$-2,$181,$339,$-1,$11,$2,$13,$1,$-13,$1,$-1,$-11,$1,$-9,$0,$-4,$0,$0,$0,$0,$-13,$-4,$17,$13,$0,$0,$0,$0,$13,$1,$2,$0
40,2008-07-31,4.06,$4.47,0.91,$10.95,0.37,$-1.19,0.0,$-0.02,0.0,$0.14B,$0.10B,1.39,$0.01B,$0.19B,0.05,$0.46B,$0.20B,43.82%,$0.46B,$0.01B,1.30%,$0.46B,$0.01B,1.30%,$0.46B,$0.02B,4.77%,$0.46B,$0.00B,0.43%,$0.46B,$-0.00B,-0.22%,$-0.00B,$0.19B,-0.55%,$-0.00B,$0.09B,-1.16%,$-0.00B,$0.32B,-0.30%,$0.01B,$0.20B,3.09%,$113,$62,$51,$0,$43,$110,$4,$-1,$3,$1,$2,$2,$2,$7,$4,$41,42,$0.05,$0.05,$6,$113,$0,$141,$61,$0,$99,$1,$180,$322,$102,$10,$1,$35,$136,$1,$1,$-1,$185,$322,$2,$8,$1,$9,$0,$5,$-6,$-0,$-2,$9,$-7,$0,$-4,$0,$0,$0,$0,$-10,$-2,$4,$1,$0,$0,$0,$0,$1,$0,$1,$0
41,2008-04-30,4.32,$4.41,0.98,$10.84,0.4,$-1.59,0.0,$-0.01,0.0,$0.15B,$0.11B,1.36,$0.01B,$0.18B,0.06,$0.46B,$0.20B,44.16%,$0.46B,$0.01B,1.73%,$0.46B,$0.01B,1.73%,$0.46B,$0.03B,5.41%,$0.46B,$0.00B,0.87%,$0.46B,$-0.00B,-0.22%,$-0.00B,$0.18B,-0.55%,$-0.00B,$0.09B,-1.14%,$-0.00B,$0.33B,-0.30%,$0.01B,$0.19B,4.10%,$108,$59,$48,$0,$43,$107,$1,$-1,$0,$0,$0,$0,$0,$5,$1,$41,42,$0.00,$0.00,$6,$124,$0,$154,$61,$0,$96,$1,$178,$332,$114,$11,$1,$36,$150,$1,$-1,$-1,$182,$332,$0,$4,$1,$4,$0,$-6,$-5,$-2,$-13,$-8,$-3,$0,$0,$0,$0,$0,$0,$-3,$-1,$13,$12,$0,$0,$0,$0,$12,$1,$1,$0
42,2008-01-31,4.86,$4.40,1.11,$10.76,0.45,$-1.69,0.0,$0.02,243.0,$0.15B,$0.11B,1.39,$0.01B,$0.18B,0.07,$0.47B,$0.21B,44.52%,$0.47B,$0.01B,2.15%,$0.47B,$0.01B,2.15%,$0.47B,$0.03B,5.81%,$0.47B,$0.01B,1.51%,$0.47B,0,0.00%,$0.00B,$0.18B,0.00%,$0.00B,$0.09B,0.00%,$0.00B,$0.33B,0.00%,$0.01B,$0.19B,5.14%,$134,$78,$56,$0,$48,$130,$3,$-1,$2,$1,$1,$1,$1,$8,$3,$42,43,$0.01,$0.01,$5,$118,$0,$146,$62,$0,$96,$1,$179,$325,$105,$12,$1,$38,$143,$1,$-1,$-1,$182,$325,$0,$16,$8,$24,$0,$-4,$-1,$2,$-12,$12,$-21,$0,$-1,$0,$0,$0,$0,$-22,$17,$32,$49,$-39,$-39,$0,$0,$10,$-0,$2,$0
43,2007-10-31,8.36,$4.39,1.9,$10.76,0.78,$-0.49,0.0,$0.81,10.32,$0.17B,$0.13B,1.29,$0.01B,$0.18B,0.07,$0.48B,$0.22B,46.32%,$0.48B,$0.02B,5.05%,$0.48B,$0.02B,5.05%,$0.48B,$0.04B,8.21%,$0.48B,$0.02B,4.42%,$0.48B,$0.04B,8.00%,$0.04B,$0.18B,19.56%,$0.04B,$0.09B,38.58%,$0.04B,$0.35B,11.41%,$0.02B,$0.19B,11.97%,$106,$60,$47,$0,$44,$108,$-2,$-1,$-3,$-1,$-2,$-2,$-4,$2,$-2,$42,42,$-0.09,$-0.09,$8,$139,$0,$173,$61,$0,$96,$2,$180,$353,$134,$12,$1,$38,$172,$1,$-1,$0,$181,$353,$-0,$12,$4,$16,$-1,$-26,$3,$-2,$-31,$-16,$-16,$0,$-1,$0,$0,$0,$0,$-17,$16,$59,$74,$-39,$-39,$0,$0,$35,$2,$1,$0
44,2007-07-31,10.22,$4.48,2.28,$11.32,0.9,$1.24,8.22,$0.87,11.75,$0.15B,$0.10B,1.46,$0.01B,$0.19B,0.07,$0.48B,$0.22B,46.22%,$0.48B,$0.03B,5.46%,$0.48B,$0.03B,5.46%,$0.48B,$0.04B,8.61%,$0.48B,$0.02B,4.83%,$0.48B,$0.04B,8.61%,$0.04B,$0.19B,23.98%,$0.04B,$0.09B,54.13%,$0.04B,$0.33B,12.82%,$0.03B,$0.20B,13.13%,$114,$61,$53,$0,$43,$108,$6,$-1,$5,$2,$3,$3,$2,$10,$6,$42,43,$0.06,$0.06,$6,$120,$0,$151,$62,$0,$96,$2,$179,$329,$103,$13,$1,$40,$143,$1,$2,$-1,$187,$329,$4,$7,$0,$8,$0,$-5,$-7,$-2,$-15,$-4,$-11,$0,$-1,$0,$0,$0,$0,$-12,$17,$36,$53,$-36,$-36,$0,$0,$16,$1,$1,$0
45,2007-04-30,11.51,$4.52,2.54,$11.13,1.03,$2.68,4.3,$0.90,12.79,$0.15B,$0.11B,1.35,$0.00B,$0.19B,0.0,$0.47B,$0.22B,45.99%,$0.47B,$0.03B,5.70%,$0.47B,$0.03B,5.70%,$0.47B,$0.04B,8.65%,$0.47B,$0.02B,5.06%,$0.47B,$0.04B,8.86%,$0.04B,$0.19B,28.77%,$0.04B,$0.10B,81.55%,$0.04B,$0.33B,13.75%,$0.03B,$0.19B,13.97%,$111,$60,$51,$0,$43,$107,$3,$-1,$3,$1,$2,$2,$1,$7,$3,$42,44,$0.03,$0.03,$7,$123,$0,$151,$60,$0,$96,$2,$179,$330,$112,$0,$1,$27,$139,$1,$-0,$-1,$191,$330,$1,$4,$1,$5,$0,$-8,$-4,$1,$-17,$-11,$-5,$0,$0,$0,$0,$0,$0,$-5,$-1,$47,$46,$-29,$-29,$0,$0,$17,$1,$0,$0
46,2007-01-31,12.48,$4.94,2.53,$11.41,1.09,$4.14,3.02,$0.91,13.71,$0.14B,$0.08B,1.89,$0.00B,$0.22B,0.0,$0.47B,$0.21B,45.49%,$0.47B,$0.03B,5.58%,$0.47B,$0.03B,5.58%,$0.47B,$0.04B,8.58%,$0.47B,$0.02B,4.94%,$0.47B,$0.04B,9.01%,$0.04B,$0.22B,34.50%,$0.04B,$0.12B,146.09%,$0.04B,$0.32B,14.42%,$0.03B,$0.22B,13.49%,$144,$75,$69,$0,$47,$127,$17,$-1,$16,$-24,$39,$39,$39,$20,$17,$35,46,$1.09,$0.87,$5,$115,$0,$142,$59,$0,$96,$2,$179,$320,$75,$0,$1,$27,$102,$1,$-1,$-1,$218,$320,$43,$14,$-21,$-8,$0,$-23,$7,$-8,$-23,$12,$33,$0,$-2,$0,$0,$0,$0,$32,$-9,$-29,$-38,$-6,$-6,$0,$0,$-44,$-0,$1,$0
47,2006-10-31,14.81,$2.55,5.8,$11.93,1.24,$2.76,5.36,$0.48,30.85,$0.14B,$0.09B,1.58,$0.10B,$0.09B,1.08,$0.45B,$0.20B,44.91%,$0.45B,$0.02B,5.09%,$0.45B,$0.02B,5.09%,$0.45B,$0.04B,8.41%,$0.45B,$0.02B,3.98%,$0.45B,$0.02B,3.54%,$0.02B,$0.09B,17.88%,$0.02B,$-0.01B,-914.29%,$0.02B,$0.30B,5.67%,$0.02B,$0.18B,12.47%,$107,$60,$47,$0,$42,$107,$0,$-2,$-1,$-1,$-1,$-1,$-1,$4,$0,$34,34,$-0.02,$-0.02,$7,$124,$0,$141,$57,$0,$93,$9,$159,$300,$89,$95,$1,$123,$212,$0,$-40,$0,$88,$300,$4,$10,$1,$11,$1,$-32,$14,$-3,$-22,$-7,$40,$0,$-2,$0,$0,$0,$0,$38,$-8,$-16,$-24,$-6,$-6,$0,$0,$-30,$2,$1,$0
