,Date,Stock Price,Book Value per Share,Price to Book Ratio,TTM Sales per Share,Price to Sales Ratio,TTM FCF per Share,Price to FCF Ratio,TTM Net EPS,PE Ratio,Current Assets,Current Liabilities,Current Ratio,Long Term Debt,Shareholder's Equity_x,Debt to Equity Ratio,TTM Revenue_x,TTM Gross Profit,Gross Margin,TTM Revenue_y,TTM Operating Income,Operating Margin,TTM Revenue_x,TTM EBIT,EBIT Margin,TTM Revenue_y,TTM EBITDA,EBITDA Margin,TTM Revenue_x,TTM Pre-Tax Income,Pre-Tax Margin,TTM Revenue_y,TTM Net Income_x,Net Margin,TTM Net Income_y,Shareholder's Equity_y,Return on Equity,TTM Net Income_x,Tangible Equity,Return on Tangible Equity,TTM Net Income_y,Total Assets,Return on Assets,TTM Net Income,LT Investments & Debt,Return on Investment,revenue,cost-goods-sold,gross-profit,research-development-expenses,selling-general-administrative-expenses,operating-expenses,operating-income,total-non-operating-income-expense,pre-tax-income,total-provision-income-taxes,income-after-taxes,income-from-continuous-operations,net-income,ebitda,ebit,basic-shares-outstanding,shares-outstanding,eps-basic-net-earnings-per-share,eps-earnings-per-share-diluted,cash-on-hand,inventory,other-current-assets,total-current-assets,net-property-plant-equipment,long-term-investments,goodwill-intangible-assets-total,other-long-term-assets,total-long-term-assets,total-assets,total-current-liabilities,long-term-debt,other-non-current-liabilities,total-long-term-liabilities,total-liabilities,common-stock-net,retained-earnings-accumulated-deficit,comprehensive-income,total-share-holder-equity,total-liabilities-share-holders-equity,net-income-loss,total-depreciation-amortization-cash-flow,other-non-cash-items,total-non-cash-items,change-in-accounts-receivable,change-in-inventories,change-in-accounts-payable,change-in-assets-liabilities,total-change-in-assets-liabilities,cash-flow-from-operating-activities,net-change-in-property-plant-equipment,net-change-in-intangible-assets,net-acquisitions-divestitures,net-change-in-short-term-investments,net-change-in-long-term-investments,net-change-in-investments-total,investing-activities-other,cash-flow-from-investing-activities,net-long-term-debt,net-current-debt,debt-issuance-retirement-net-total,net-common-equity-issued-repurchased,net-total-equity-issued-repurchased,total-common-preferred-stock-dividends-paid,financial-activities-other,cash-flow-from-financial-activities,net-cash-flow,stock-based-compensation,common-stock-dividends-paid
0,2018-09-30,1.6,$4.50,0.36,$26.17,0.06,$-2.68,0.0,$-0.90,0.0,$0.18B,$0.06B,2.89,$0.13B,$0.07B,1.79,$0.41B,$0.09B,22.33%,$0.41B,$-0.00B,-0.97%,$0.41B,$-0.00B,-0.97%,$0.41B,$0.01B,2.43%,$0.41B,$-0.01B,-2.43%,$0.41B,$-0.02B,-4.13%,$-0.02B,$0.07B,-22.15%,$-0.02B,$0.07B,-23.86%,$-0.02B,$0.29B,-5.91%,$-0.00B,$0.21B,-1.95%,$102,$80,$22,$0,$24,$103,$-1,$-2,$-3,$0,$-3,$-3,$-3,$2,$-1,$16,16,$-0.19,$-0.19,$0,$118,$0,$176,$87,$0,$6,$19,$111,$287,$61,$133,$20,$152,$213,$49,$-133,$1,$74,$287,$-8,$9,$0,$10,$-3,$-5,$0,$-3,$-10,$-8,$-1,$0,$0,$0,$0,$0,$0,$-1,$-5,$14,$10,$-0,$-0,$0,$0,$10,$-0,$1,$0
1,2018-06-30,2.3,$4.65,0.49,$26.27,0.09,$-4.03,0.0,$-0.93,0.0,$0.18B,$0.07B,2.7,$0.13B,$0.08B,1.7,$0.41B,$0.10B,23.00%,$0.41B,$-0.00B,-0.48%,$0.41B,$-0.00B,-0.48%,$0.41B,$0.01B,2.91%,$0.41B,$-0.01B,-1.94%,$0.41B,$-0.02B,-3.63%,$-0.02B,$0.08B,-18.69%,$-0.02B,$0.07B,-20.13%,$-0.02B,$0.29B,-5.13%,$-0.00B,$0.21B,-0.96%,$106,$81,$25,$0,$24,$107,$-0,$-2,$-2,$-0,$-2,$-2,$-2,$3,$-0,$16,16,$-0.12,$-0.12,$0,$122,$7,$179,$89,$0,$6,$18,$113,$292,$66,$130,$19,$149,$215,$49,$-130,$0,$76,$292,$-5,$6,$1,$7,$-3,$-9,$0,$-2,$-7,$-5,$-1,$0,$0,$0,$0,$0,$0,$-1,$-4,$10,$7,$-0,$-0,$0,$0,$7,$0,$0,$0
2,2018-03-31,2.75,$4.72,0.58,$26.29,0.1,$-4.55,0.0,$-0.74,0.0,$0.17B,$0.06B,2.69,$0.13B,$0.08B,1.62,$0.41B,$0.10B,23.67%,$0.41B,$0.00B,0.24%,$0.41B,$0.00B,0.24%,$0.41B,$0.02B,3.62%,$0.41B,$-0.00B,-0.97%,$0.41B,$-0.01B,-2.90%,$-0.01B,$0.08B,-14.41%,$-0.01B,$0.07B,-15.53%,$-0.01B,$0.29B,-4.10%,$0.00B,$0.20B,0.48%,$99,$77,$22,$0,$23,$100,$-2,$-2,$-3,$-0,$-3,$-3,$-3,$2,$-2,$16,16,$-0.18,$-0.18,$0,$117,$0,$171,$92,$0,$6,$19,$117,$287,$63,$126,$21,$146,$210,$49,$-128,$-0,$78,$287,$-3,$3,$0,$3,$-1,$-3,$0,$-1,$-3,$-3,$-1,$0,$0,$0,$0,$0,$0,$-1,$-2,$6,$4,$-0,$-0,$0,$0,$4,$0,$0,$0
3,2017-12-31,3.85,$4.91,0.78,$26.23,0.15,$-5.07,0.0,$-0.60,0.0,$0.17B,$0.06B,2.76,$0.12B,$0.08B,1.56,$0.41B,$0.10B,24.46%,$0.41B,$0.00B,0.97%,$0.41B,$0.00B,0.97%,$0.41B,$0.02B,4.12%,$0.41B,$-0.00B,-0.48%,$0.41B,$-0.01B,-2.42%,$-0.01B,$0.08B,-11.70%,$-0.01B,$0.07B,-12.58%,$-0.01B,$0.28B,-3.42%,$0.00B,$0.20B,1.95%,$105,$82,$23,$0,$23,$106,$-1,$-2,$-2,$7,$-9,$-9,$-9,$3,$-1,$16,16,$-0.60,$-0.60,$0,$114,$0,$165,$94,$0,$6,$19,$119,$284,$60,$123,$21,$145,$205,$48,$-125,$-1,$79,$284,$-9,$13,$9,$22,$-3,$-16,$0,$0,$-22,$-10,$-13,$0,$0,$0,$0,$0,$0,$-13,$1,$25,$26,$-0,$-0,$0,$-4,$22,$-0,$1,$0
4,2017-09-30,4.0,$5.45,0.73,$26.09,0.15,$-2.44,0.0,$-0.18,0.0,$0.18B,$0.07B,2.62,$0.13B,$0.09B,1.46,$0.41B,$0.10B,24.33%,$0.41B,$0.00B,0.49%,$0.41B,$0.00B,0.49%,$0.41B,$0.01B,3.41%,$0.41B,$-0.00B,-0.97%,$0.41B,$-0.00B,-0.97%,$-0.00B,$0.09B,-4.57%,$-0.00B,$0.08B,-4.91%,$-0.00B,$0.31B,-1.39%,$0.00B,$0.22B,1.00%,$103,$78,$25,$0,$24,$102,$1,$-1,$-1,$-0,$-1,$-1,$-1,$4,$1,$16,16,$-0.03,$-0.03,$0,$123,$0,$178,$96,$0,$6,$26,$128,$306,$68,$129,$21,$150,$218,$48,$-116,$-2,$88,$306,$0,$10,$1,$11,$-7,$-26,$0,$-0,$-30,$-19,$-12,$0,$0,$0,$0,$0,$0,$-12,$-4,$34,$31,$-0,$-0,$0,$0,$31,$-0,$1,$0
5,2017-06-30,4.46,$5.47,0.82,$25.93,0.17,$0.32,14.0,$-0.11,0.0,$0.17B,$0.07B,2.39,$0.12B,$0.09B,1.3,$0.41B,$0.10B,24.75%,$0.41B,$0.00B,0.74%,$0.41B,$0.00B,0.74%,$0.41B,$0.02B,3.68%,$0.41B,$-0.00B,-0.49%,$0.41B,$-0.00B,-0.49%,$-0.00B,$0.09B,-2.29%,$-0.00B,$0.08B,-2.45%,$-0.00B,$0.29B,-0.71%,$0.00B,$0.20B,1.54%,$107,$79,$28,$0,$25,$104,$3,$-1,$2,$1,$1,$1,$1,$6,$3,$16,16,$0.07,$0.07,$0,$112,$0,$170,$93,$0,$6,$25,$124,$294,$71,$115,$20,$135,$206,$48,$-115,$-2,$88,$294,$1,$6,$1,$7,$-10,$-15,$0,$-0,$-17,$-9,$-6,$0,$0,$0,$0,$0,$0,$-6,$-4,$19,$15,$-0,$-0,$0,$0,$15,$-0,$0,$0
6,2017-03-31,3.6,$5.39,0.67,$25.83,0.14,$1.87,1.92,$-0.08,0.0,$0.16B,$0.07B,2.39,$0.11B,$0.09B,1.28,$0.41B,$0.10B,24.88%,$0.41B,$0.00B,0.74%,$0.41B,$0.00B,0.74%,$0.41B,$0.02B,3.94%,$0.41B,$-0.00B,-0.49%,$0.41B,$-0.00B,-0.25%,$-0.00B,$0.09B,-1.15%,$-0.00B,$0.08B,-1.23%,$-0.00B,$0.28B,-0.36%,$0.00B,$0.20B,1.55%,$98,$72,$25,$0,$24,$97,$1,$-1,$-1,$-0,$-1,$-1,$-1,$4,$1,$16,16,$-0.04,$-0.04,$0,$104,$0,$159,$94,$0,$6,$25,$125,$284,$67,$111,$20,$131,$197,$48,$-116,$-2,$87,$284,$-1,$3,$0,$3,$-8,$-6,$0,$-1,$-11,$-8,$-4,$0,$0,$0,$0,$0,$0,$-4,$-2,$14,$12,$-0,$-0,$0,$0,$12,$0,$0,$0
7,2016-12-31,3.6,$5.40,0.67,$25.32,0.14,$2.70,1.33,$-0.35,0.0,$0.15B,$0.06B,2.28,$0.10B,$0.09B,1.13,$0.40B,$0.10B,24.18%,$0.40B,$-0.00B,-1.01%,$0.40B,$-0.00B,-1.01%,$0.40B,$0.01B,2.52%,$0.40B,$-0.01B,-2.02%,$0.40B,$-0.01B,-1.26%,$-0.01B,$0.09B,-5.76%,$-0.01B,$0.08B,-6.19%,$-0.01B,$0.27B,-1.77%,$-0.00B,$0.19B,-2.06%,$103,$81,$22,$0,$25,$106,$-3,$-1,$-4,$-2,$-3,$-3,$-3,$0,$-3,$16,16,$-0.18,$-0.18,$0,$97,$0,$145,$93,$0,$6,$25,$124,$269,$64,$98,$20,$118,$182,$48,$-116,$-2,$87,$269,$-5,$14,$-1,$12,$7,$18,$0,$-1,$17,$24,$-5,$0,$0,$0,$0,$0,$0,$-5,$-5,$-11,$-16,$-0,$-0,$0,$-3,$-19,$-0,$1,$0
8,2016-09-30,5.0,$5.45,0.92,$25.70,0.19,$1.61,3.11,$-0.20,0.0,$0.16B,$0.07B,2.33,$0.11B,$0.09B,1.21,$0.40B,$0.10B,24.88%,$0.40B,0,0.00%,$0.40B,0,0.00%,$0.40B,$0.01B,3.48%,$0.40B,$-0.00B,-1.00%,$0.40B,$-0.00B,-0.75%,$-0.00B,$0.09B,-3.42%,$-0.00B,$0.08B,-3.68%,$-0.00B,$0.29B,-1.04%,$0.00B,$0.19B,0.00%,$100,$74,$26,$0,$24,$98,$2,$-1,$1,$0,$1,$1,$1,$5,$2,$16,16,$0.04,$0.04,$0,$108,$0,$160,$95,$0,$6,$24,$125,$285,$69,$106,$22,$129,$197,$48,$-113,$-4,$88,$285,$-3,$10,$-0,$10,$3,$7,$0,$-2,$9,$16,$-3,$0,$0,$0,$0,$0,$0,$-3,$-7,$-6,$-12,$-0,$-0,$0,$-0,$-13,$-0,$1,$0
9,2016-06-30,3.56,$5.39,0.66,$26.28,0.14,$0.65,5.45,$-0.23,0.0,$0.16B,$0.07B,2.33,$0.11B,$0.09B,1.25,$0.41B,$0.10B,24.57%,$0.41B,$-0.00B,-0.24%,$0.41B,$-0.00B,-0.24%,$0.41B,$0.01B,3.41%,$0.41B,$-0.01B,-1.22%,$0.41B,$-0.00B,-0.97%,$-0.00B,$0.09B,-4.52%,$-0.00B,$0.08B,-4.88%,$-0.00B,$0.29B,-1.35%,$-0.00B,$0.20B,-0.49%,$105,$77,$28,$0,$25,$102,$3,$-1,$2,$0,$2,$2,$2,$7,$3,$16,16,$0.10,$0.10,$0,$106,$0,$159,$97,$0,$6,$23,$126,$285,$68,$108,$21,$130,$198,$48,$-113,$-4,$87,$285,$-3,$7,$-1,$6,$5,$9,$0,$-4,$9,$12,$-2,$0,$0,$0,$0,$0,$0,$-2,$-3,$-5,$-8,$-0,$-0,$0,$-2,$-10,$-0,$1,$0
10,2016-03-31,4.21,$5.29,0.8,$26.63,0.16,$-0.16,0.0,$-0.30,0.0,$0.16B,$0.07B,2.41,$0.12B,$0.09B,1.36,$0.42B,$0.10B,24.52%,$0.42B,$-0.00B,-0.48%,$0.42B,$-0.00B,-0.48%,$0.42B,$0.01B,3.13%,$0.42B,$-0.01B,-1.44%,$0.42B,$-0.01B,-1.20%,$-0.01B,$0.09B,-5.59%,$-0.01B,$0.08B,-6.02%,$-0.01B,$0.29B,-1.64%,$-0.00B,$0.20B,-0.96%,$89,$70,$20,$0,$25,$95,$-6,$-1,$-7,$-2,$-5,$-5,$-5,$-2,$-6,$16,16,$-0.30,$-0.30,$0,$109,$0,$161,$99,$0,$6,$23,$128,$289,$67,$116,$21,$137,$204,$48,$-115,$-3,$85,$289,$-5,$3,$-2,$2,$5,$6,$0,$-3,$5,$2,$-1,$0,$0,$0,$0,$0,$0,$-1,$-2,$1,$-1,$-0,$-0,$0,$0,$-1,$0,$0,$0
11,2015-12-31,5.23,$5.67,0.92,$27.12,0.19,$-0.54,0.0,$-0.15,0.0,$0.17B,$0.07B,2.39,$0.12B,$0.09B,1.28,$0.42B,$0.11B,24.82%,$0.42B,$0.00B,0.24%,$0.42B,$0.00B,0.24%,$0.42B,$0.02B,3.78%,$0.42B,$-0.00B,-0.71%,$0.42B,$-0.00B,-0.47%,$-0.00B,$0.09B,-2.20%,$-0.00B,$0.08B,-2.33%,$-0.00B,$0.30B,-0.65%,$0.00B,$0.21B,0.47%,$108,$81,$26,$0,$25,$107,$1,$-1,$-0,$0,$-0,$-0,$-1,$4,$1,$16,16,$-0.04,$-0.04,$0,$115,$0,$170,$101,$0,$6,$21,$129,$298,$71,$116,$21,$136,$207,$48,$-110,$-3,$91,$298,$-2,$14,$0,$14,$-0,$-11,$0,$0,$-3,$9,$-7,$0,$0,$0,$0,$0,$0,$-7,$1,$-1,$1,$-0,$-0,$0,$-2,$-2,$-0,$1,$0
12,2015-09-30,8.36,$5.67,1.47,$27.38,0.31,$-0.74,0.0,$-0.47,0.0,$0.19B,$0.07B,2.61,$0.12B,$0.09B,1.34,$0.42B,$0.10B,24.52%,$0.42B,$-0.00B,-0.95%,$0.42B,$-0.00B,-0.95%,$0.42B,$0.01B,2.62%,$0.42B,$-0.01B,-1.90%,$0.42B,$-0.01B,-1.43%,$-0.01B,$0.09B,-6.58%,$-0.01B,$0.08B,-6.96%,$-0.01B,$0.31B,-1.95%,$-0.00B,$0.21B,-1.88%,$109,$82,$27,$0,$26,$108,$1,$-1,$0,$-0,$0,$0,$0,$5,$1,$16,16,$0.01,$0.01,$0,$115,$0,$187,$102,$0,$7,$16,$125,$312,$72,$122,$20,$150,$222,$48,$-110,$-3,$91,$312,$-2,$11,$-1,$10,$-3,$-11,$0,$-2,$-6,$3,$-5,$0,$0,$0,$0,$0,$0,$-5,$-0,$2,$2,$-0,$-0,$0,$0,$2,$-0,$1,$0
13,2015-06-30,10.5,$5.72,1.83,$27.50,0.38,$-1.08,0.0,$-0.49,0.0,$0.19B,$0.07B,2.6,$0.13B,$0.09B,1.36,$0.42B,$0.10B,24.52%,$0.42B,$-0.00B,-0.95%,$0.42B,$-0.00B,-0.95%,$0.42B,$0.01B,2.38%,$0.42B,$-0.01B,-1.90%,$0.42B,$-0.01B,-1.43%,$-0.01B,$0.09B,-6.45%,$-0.01B,$0.09B,-6.69%,$-0.01B,$0.32B,-1.96%,$-0.00B,$0.22B,-1.88%,$110,$81,$29,$0,$27,$108,$2,$-1,$1,$0,$1,$1,$1,$6,$2,$16,16,$0.03,$0.03,$0,$114,$0,$189,$104,$0,$7,$18,$128,$317,$73,$125,$20,$153,$226,$48,$-110,$-2,$91,$317,$-2,$7,$-1,$6,$-4,$-10,$0,$-3,$-5,$-0,$-3,$0,$0,$0,$0,$0,$0,$-3,$2,$1,$3,$-0,$-0,$0,$0,$3,$0,$1,$0
14,2015-03-31,9.05,$5.65,1.6,$28.23,0.32,$-1.54,0.0,$-0.56,0.0,$0.18B,$0.07B,2.64,$0.12B,$0.09B,1.38,$0.42B,$0.10B,24.16%,$0.42B,$-0.01B,-1.20%,$0.42B,$-0.01B,-1.20%,$0.42B,$0.01B,1.91%,$0.42B,$-0.01B,-2.39%,$0.42B,$-0.01B,-1.91%,$-0.01B,$0.09B,-8.44%,$-0.01B,$0.09B,-8.60%,$-0.01B,$0.31B,-2.67%,$-0.01B,$0.21B,-2.41%,$96,$73,$23,$0,$26,$99,$-3,$-1,$-4,$-1,$-2,$-2,$-2,$1,$-3,$15,15,$-0.16,$-0.16,$1,$110,$0,$183,$105,$0,$0,$25,$129,$312,$69,$124,$21,$153,$223,$48,$-110,$-2,$90,$312,$-2,$4,$-2,$2,$-1,$-6,$0,$-2,$-1,$-2,$-3,$0,$0,$0,$0,$0,$0,$-3,$5,$0,$6,$-0,$-0,$0,$-0,$5,$0,$0,$0
15,2014-12-31,9.17,$5.90,1.56,$28.55,0.32,$-1.74,0.0,$-0.16,0.0,$0.16B,$0.06B,2.66,$0.12B,$0.09B,1.26,$0.41B,$0.10B,23.59%,$0.41B,$-0.00B,-0.98%,$0.41B,$-0.00B,-0.98%,$0.41B,$0.01B,1.97%,$0.41B,$0.00B,0.49%,$0.41B,$-0.00B,-0.25%,$-0.00B,$0.09B,-1.10%,$-0.00B,$0.09B,-1.12%,$-0.00B,$0.29B,-0.34%,$-0.00B,$0.21B,-1.97%,$105,$80,$24,$0,$28,$109,$-4,$-1,$-5,$-2,$-4,$-4,$-5,$-1,$-4,$14,15,$-0.39,$-0.39,$0,$104,$0,$161,$102,$0,$7,$20,$129,$290,$60,$117,$20,$137,$197,$47,$-108,$-2,$93,$290,$1,$13,$-8,$5,$-2,$1,$0,$-0,$-2,$3,$-5,$0,$-18,$0,$1,$1,$0,$-22,$-1,$-5,$-6,$24,$24,$0,$0,$18,$0,$1,$0
16,2014-09-30,8.67,$6.23,1.39,$28.76,0.3,$-3.01,0.0,$0.31,27.97,$0.19B,$0.07B,2.81,$0.11B,$0.10B,1.14,$0.40B,$0.10B,23.93%,$0.40B,$0.00B,0.50%,$0.40B,$0.00B,0.50%,$0.40B,$0.01B,3.27%,$0.40B,$0.01B,2.02%,$0.40B,$0.01B,1.51%,$0.01B,$0.10B,7.04%,$0.01B,$0.10B,7.04%,$0.01B,$0.30B,2.12%,$0.00B,$0.21B,1.03%,$109,$82,$27,$0,$25,$108,$1,$-1,$0,$0,$-0,$-0,$-0,$4,$1,$15,15,$-0.01,$-0.01,$0,$108,$6,$187,$89,$0,$0,$27,$116,$303,$67,$112,$19,$139,$205,$47,$-103,$-1,$98,$303,$4,$10,$-7,$2,$-8,$-3,$0,$1,$-8,$-1,$-7,$0,$-18,$0,$1,$1,$0,$-23,$-2,$2,$0,$24,$24,$0,$0,$25,$0,$1,$0
17,2014-06-30,10.59,$6.22,1.7,$28.67,0.37,$-3.57,0.0,$0.43,24.63,$0.18B,$0.07B,2.61,$0.10B,$0.10B,1.02,$0.38B,$0.09B,23.81%,$0.38B,$0.00B,0.79%,$0.38B,$0.00B,0.79%,$0.38B,$0.01B,3.70%,$0.38B,$0.01B,2.38%,$0.38B,$0.01B,1.85%,$0.01B,$0.10B,9.00%,$0.01B,$0.10B,9.00%,$0.01B,$0.30B,2.59%,$0.00B,$0.20B,1.63%,$108,$81,$27,$0,$25,$107,$1,$-1,$-1,$-0,$-1,$-1,$-1,$4,$1,$14,14,$-0.05,$-0.05,$0,$108,$5,$183,$83,$0,$0,$28,$112,$295,$70,$100,$20,$127,$197,$47,$-103,$-1,$98,$295,$4,$6,$-7,$-1,$-5,$-4,$0,$0,$-7,$-4,$-6,$0,$-14,$0,$0,$0,$0,$-20,$-1,$-0,$-1,$24,$24,$0,$0,$24,$0,$1,$0
18,2014-03-31,16.42,$5.50,2.99,$27.44,0.6,$-3.55,0.0,$0.60,27.37,$0.18B,$0.07B,2.6,$0.12B,$0.07B,1.63,$0.35B,$0.09B,24.01%,$0.35B,$0.01B,1.41%,$0.35B,$0.01B,1.41%,$0.35B,$0.02B,4.52%,$0.35B,$0.01B,3.39%,$0.35B,$0.01B,2.82%,$0.01B,$0.07B,14.29%,$0.01B,$0.07B,14.29%,$0.01B,$0.29B,3.98%,$0.01B,$0.19B,2.87%,$85,$67,$18,$0,$20,$87,$-2,$10,$8,$3,$5,$5,$5,$1,$-2,$13,13,$0.34,$0.34,$0,$107,$3,$175,$83,$0,$0,$28,$111,$286,$67,$120,$18,$145,$213,$40,$-103,$-0,$74,$286,$5,$3,$3,$6,$-2,$-2,$0,$-1,$-3,$-4,$-3,$0,$-14,$0,$0,$0,$0,$-17,$-0,$21,$21,$0,$0,$0,$-0,$21,$0,$0,$0
19,2013-12-31,13.2,$5.32,2.48,$26.82,0.49,$-3.43,0.0,$0.41,32.2,$0.15B,$0.05B,2.77,$0.10B,$0.07B,1.44,$0.34B,$0.09B,24.71%,$0.34B,$0.01B,2.62%,$0.34B,$0.01B,2.62%,$0.34B,$0.02B,5.52%,$0.34B,$0.01B,1.45%,$0.34B,$0.01B,1.74%,$0.01B,$0.07B,8.86%,$0.01B,$0.07B,8.86%,$0.01B,$0.25B,2.58%,$0.01B,$0.17B,5.53%,$95,$72,$23,$0,$20,$93,$2,$-1,$1,$-1,$2,$2,$2,$4,$2,$13,13,$0.11,$0.11,$0,$93,$0,$150,$74,$0,$0,$25,$99,$249,$54,$102,$18,$124,$178,$40,$-107,$0,$71,$249,$6,$10,$-0,$10,$-12,$-19,$0,$-2,$-21,$-6,$-11,$0,$-2,$0,$0,$0,$0,$-14,$-7,$27,$19,$-0,$-0,$0,$-0,$19,$-0,$1,$0
20,2013-09-30,11.14,$5.15,2.16,$25.05,0.44,$-2.71,0.0,$0.26,42.85,$0.15B,$0.06B,2.77,$0.10B,$0.07B,1.5,$0.32B,$0.08B,24.69%,$0.32B,$0.01B,2.19%,$0.32B,$0.01B,2.19%,$0.32B,$0.02B,5.63%,$0.32B,$0.00B,1.25%,$0.32B,$0.00B,1.25%,$0.00B,$0.07B,6.06%,$0.00B,$0.07B,6.06%,$0.00B,$0.25B,1.81%,$0.01B,$0.17B,4.50%,$90,$68,$22,$0,$20,$88,$2,$-1,$1,$-1,$1,$1,$1,$5,$2,$13,13,$0.11,$0.11,$1,$90,$5,$151,$74,$0,$0,$24,$98,$249,$55,$103,$19,$126,$181,$40,$-108,$-0,$68,$249,$4,$8,$0,$8,$-16,$-16,$0,$-1,$-17,$-5,$-9,$0,$-2,$0,$0,$0,$0,$-11,$-8,$25,$17,$-0,$-0,$0,$-1,$16,$0,$1,$0
21,2013-06-30,8.3,$5.05,1.64,$23.24,0.36,$-2.13,0.0,$0.16,51.88,$0.13B,$0.04B,3.01,$0.09B,$0.07B,1.37,$0.30B,$0.07B,25.00%,$0.30B,$0.01B,2.03%,$0.30B,$0.01B,2.03%,$0.30B,$0.02B,5.41%,$0.30B,$0.00B,1.01%,$0.30B,$0.00B,1.01%,$0.00B,$0.07B,4.62%,$0.00B,$0.07B,4.62%,$0.00B,$0.22B,1.46%,$0.01B,$0.16B,4.08%,$84,$61,$22,$0,$19,$80,$3,$-1,$2,$1,$2,$2,$2,$6,$3,$13,13,$0.13,$0.13,$0,$80,$5,$133,$71,$0,$0,$18,$89,$222,$44,$92,$16,$111,$155,$40,$-110,$0,$67,$222,$2,$5,$0,$6,$-11,$-7,$0,$-1,$-11,$-4,$-5,$0,$0,$0,$0,$0,$0,$-5,$-10,$19,$9,$-0,$-0,$0,$-0,$8,$-0,$0,$0
22,2013-03-31,5.6,$4.89,1.15,$22.00,0.25,$-2.00,0.0,$0.00,0.0,$0.12B,$0.04B,2.89,$0.08B,$0.07B,1.28,$0.28B,$0.07B,24.37%,$0.28B,$0.00B,1.08%,$0.28B,$0.00B,1.08%,$0.28B,$0.01B,4.30%,$0.28B,0,0.00%,$0.28B,$0.00B,0.36%,$0.00B,$0.07B,1.56%,$0.00B,$0.07B,1.56%,$0.00B,$0.21B,0.51%,$0.00B,$0.15B,2.12%,$75,$57,$18,$0,$17,$74,$2,$-1,$1,$0,$1,$1,$1,$4,$2,$13,13,$0.05,$0.05,$0,$72,$4,$122,$70,$0,$0,$18,$88,$210,$42,$83,$16,$103,$145,$40,$-111,$-0,$65,$210,$1,$3,$0,$3,$-8,$0,$0,$-0,$-6,$-3,$-2,$0,$0,$0,$0,$0,$0,$-2,$-1,$6,$5,$-0,$-0,$0,$0,$5,$-0,$0,$0
23,2012-12-31,3.28,$4.88,0.67,$21.06,0.16,$-1.93,0.0,$-0.06,0.0,$0.12B,$0.04B,3.02,$0.08B,$0.06B,1.25,$0.27B,$0.07B,24.72%,$0.27B,$0.00B,0.75%,$0.27B,$0.00B,0.75%,$0.27B,$0.01B,4.12%,$0.27B,$-0.00B,-0.37%,$0.27B,0,0.00%,$0.00B,$0.06B,0.00%,$0.00B,$0.06B,0.00%,$0.00B,$0.20B,0.00%,$0.00B,$0.14B,1.45%,$71,$54,$17,$0,$17,$71,$0,$-1,$-0,$-0,$-0,$-0,$-0,$3,$0,$13,13,$-0.04,$-0.04,$0,$72,$4,$115,$69,$0,$0,$17,$87,$202,$38,$80,$16,$100,$138,$39,$-112,$-0,$64,$202,$-1,$9,$-0,$9,$-3,$-8,$0,$-3,$-13,$-5,$-3,$0,$-1,$0,$0,$0,$0,$-4,$3,$7,$10,$-0,$-0,$0,$-0,$9,$0,$1,$0
24,2012-09-30,3.47,$4.89,0.71,$20.61,0.17,$-1.44,0.0,$-0.06,0.0,$0.11B,$0.04B,3.2,$0.07B,$0.06B,1.13,$0.26B,$0.07B,24.90%,$0.26B,$0.00B,1.15%,$0.26B,$0.00B,1.15%,$0.26B,$0.01B,4.21%,$0.26B,$-0.00B,-0.38%,$0.26B,0,0.00%,$0.00B,$0.06B,0.00%,$0.00B,$0.06B,0.00%,$0.00B,$0.19B,0.00%,$0.00B,$0.14B,2.23%,$66,$49,$17,$0,$16,$65,$1,$-1,$0,$-0,$0,$0,$0,$3,$1,$13,13,$0.01,$0.01,$0,$71,$3,$112,$63,$0,$0,$15,$78,$190,$35,$73,$14,$91,$126,$51,$-66,$-0,$64,$190,$-0,$7,$-0,$7,$-3,$-7,$0,$-2,$-11,$-4,$-2,$0,$0,$0,$0,$0,$0,$-2,$1,$5,$6,$-0,$-0,$0,$-0,$6,$-0,$1,$0
25,2012-06-30,3.8,$4.87,0.78,$20.94,0.18,$-1.65,0.0,$-0.07,0.0,$0.11B,$0.04B,3.16,$0.07B,$0.06B,1.15,$0.27B,$0.06B,24.15%,$0.27B,$0.00B,1.13%,$0.27B,$0.00B,1.13%,$0.27B,$0.01B,4.53%,$0.27B,$-0.00B,-0.38%,$0.27B,0,0.00%,$0.00B,$0.06B,0.00%,$0.00B,$0.06B,0.00%,$0.00B,$0.19B,0.00%,$0.00B,$0.14B,2.27%,$67,$51,$16,$0,$16,$67,$-0,$-1,$-1,$-0,$-0,$-0,$-0,$2,$-0,$13,13,$-0.03,$-0.03,$0,$73,$2,$111,$65,$0,$0,$14,$79,$190,$35,$73,$14,$91,$126,$51,$-66,$-0,$64,$190,$-1,$5,$-0,$5,$-2,$-9,$0,$-0,$-10,$-6,$-1,$0,$0,$0,$0,$0,$0,$-1,$-1,$8,$7,$-0,$-0,$0,$-0,$7,$-0,$0,$0
26,2012-03-31,3.99,$4.90,0.81,$21.14,0.19,$-1.75,0.0,$0.02,199.55,$0.11B,$0.03B,3.09,$0.07B,$0.06B,1.1,$0.27B,$0.07B,24.34%,$0.27B,$0.01B,1.87%,$0.27B,$0.01B,1.87%,$0.27B,$0.02B,5.62%,$0.27B,$0.00B,0.37%,$0.27B,$0.00B,0.37%,$0.00B,$0.06B,1.55%,$0.00B,$0.06B,1.55%,$0.00B,$0.19B,0.53%,$0.01B,$0.14B,3.88%,$63,$47,$16,$0,$15,$62,$1,$-1,$-0,$-0,$-0,$-0,$-0,$3,$1,$13,13,$-0.01,$-0.01,$0,$67,$3,$106,$66,$0,$0,$15,$82,$188,$34,$71,$14,$89,$124,$51,$-66,$-0,$64,$188,$-0,$2,$-0,$2,$-1,$-3,$0,$-2,$-6,$-3,$-1,$0,$0,$0,$0,$0,$0,$-1,$-0,$4,$4,$-0,$-0,$0,$-0,$4,$-0,$0,$0
27,2011-12-31,2.94,$4.99,0.59,$21.26,0.14,$-1.74,0.0,$0.08,36.75,$0.10B,$0.04B,2.92,$0.07B,$0.06B,1.02,$0.27B,$0.07B,24.44%,$0.27B,$0.01B,2.22%,$0.27B,$0.01B,2.22%,$0.27B,$0.02B,5.93%,$0.27B,$0.00B,0.74%,$0.27B,$0.00B,0.74%,$0.00B,$0.06B,3.10%,$0.00B,$0.06B,3.10%,$0.00B,$0.18B,1.07%,$0.01B,$0.13B,4.74%,$65,$49,$16,$0,$16,$65,$1,$-1,$-0,$0,$-0,$-0,$-0,$3,$1,$13,13,$-0.03,$-0.03,$0,$64,$2,$101,$68,$0,$0,$14,$82,$183,$35,$65,$14,$84,$119,$39,$-111,$-0,$64,$183,$1,$10,$0,$10,$2,$-6,$0,$-1,$-6,$5,$-7,$0,$0,$0,$0,$0,$0,$-7,$-19,$23,$4,$-0,$-0,$0,$-2,$2,$0,$1,$0
28,2011-09-30,3.01,$5.00,0.6,$21.29,0.14,$-1.44,0.0,$0.15,20.07,$0.11B,$0.05B,2.38,$0.06B,$0.07B,0.96,$0.27B,$0.07B,24.44%,$0.27B,$0.01B,2.59%,$0.27B,$0.01B,2.59%,$0.27B,$0.02B,6.30%,$0.27B,$0.00B,1.11%,$0.27B,$0.00B,1.11%,$0.00B,$0.07B,4.69%,$0.00B,$0.07B,4.69%,$0.00B,$0.19B,1.60%,$0.01B,$0.13B,5.63%,$70,$54,$16,$0,$14,$68,$1,$-1,$-0,$-0,$0,$0,$-0,$4,$1,$13,13,$0.00,$0.00,$0,$66,$4,$108,$67,$0,$0,$14,$81,$189,$46,$62,$13,$79,$125,$51,$-65,$-0,$65,$189,$1,$7,$0,$7,$-4,$-8,$0,$-4,$-13,$-5,$-4,$0,$0,$0,$0,$0,$0,$-4,$-9,$20,$10,$-0,$-0,$0,$-2,$9,$-0,$1,$0
29,2011-06-30,4.31,$5.00,0.86,$20.31,0.21,$-0.78,0.0,$0.00,0.0,$0.11B,$0.05B,2.28,$0.06B,$0.07B,0.91,$0.26B,$0.06B,24.51%,$0.26B,$0.00B,1.56%,$0.26B,$0.00B,1.56%,$0.26B,$0.01B,5.45%,$0.26B,0,0.00%,$0.26B,$0.00B,0.39%,$0.00B,$0.07B,1.57%,$0.00B,$0.07B,1.57%,$0.00B,$0.19B,0.54%,$0.00B,$0.12B,3.25%,$69,$52,$17,$0,$14,$67,$2,$-1,$1,$1,$1,$1,$1,$5,$2,$13,13,$0.06,$0.06,$0,$69,$4,$108,$68,$0,$0,$14,$82,$190,$47,$59,$14,$78,$126,$51,$-65,$-0,$65,$190,$1,$5,$1,$6,$-2,$-10,$0,$-3,$-13,$-6,$-2,$0,$0,$0,$0,$0,$0,$-2,$-5,$13,$8,$-0,$-0,$0,$-0,$8,$-0,$0,$0
30,2011-03-31,4.66,$4.93,0.94,$19.55,0.24,$0.14,32.66,$-0.12,0.0,$0.11B,$0.04B,2.41,$0.06B,$0.06B,0.97,$0.25B,$0.06B,24.70%,$0.25B,$0.00B,0.81%,$0.25B,$0.00B,0.81%,$0.25B,$0.01B,4.86%,$0.25B,$-0.00B,-0.81%,$0.25B,$-0.00B,-0.40%,$-0.00B,$0.06B,-1.57%,$-0.00B,$0.06B,-1.57%,$-0.00B,$0.19B,-0.55%,$0.00B,$0.13B,1.64%,$66,$49,$17,$0,$15,$64,$2,$-1,$1,$0,$1,$1,$1,$4,$2,$13,13,$0.05,$0.05,$0,$67,$3,$105,$69,$0,$0,$14,$83,$188,$44,$62,$15,$81,$124,$51,$-66,$0,$64,$188,$1,$3,$-0,$2,$-1,$-8,$0,$-2,$-6,$-3,$-1,$0,$0,$0,$0,$0,$0,$-1,$-2,$6,$4,$-0,$-0,$0,$-0,$4,$0,$0,$0
31,2010-12-31,3.72,$4.86,0.77,$18.47,0.2,$0.98,3.78,$-0.37,0.0,$0.10B,$0.04B,2.4,$0.06B,$0.06B,0.93,$0.23B,$0.06B,24.24%,$0.23B,$-0.00B,-0.87%,$0.23B,$-0.00B,-0.87%,$0.23B,$0.01B,3.90%,$0.23B,$-0.01B,-3.03%,$0.23B,$-0.01B,-2.16%,$-0.01B,$0.06B,-7.84%,$-0.01B,$0.06B,-7.84%,$-0.01B,$0.18B,-2.83%,$-0.00B,$0.12B,-1.66%,$65,$49,$16,$0,$15,$64,$2,$-1,$1,$0,$1,$1,$1,$4,$2,$13,13,$0.04,$0.04,$0,$58,$1,$97,$70,$0,$0,$14,$84,$181,$40,$58,$15,$78,$118,$50,$-67,$-0,$62,$181,$-4,$12,$-2,$10,$-2,$-3,$0,$-0,$-1,$4,$-2,$0,$0,$0,$0,$0,$0,$-2,$-5,$5,$-1,$-0,$-0,$0,$-1,$-2,$0,$1,$0
32,2010-09-30,2.98,$4.89,0.61,$17.55,0.17,$2.92,1.02,$-0.69,0.0,$0.09B,$0.04B,2.52,$0.06B,$0.06B,0.96,$0.22B,$0.06B,25.11%,$0.22B,$-0.01B,-3.65%,$0.22B,$-0.01B,-3.65%,$0.22B,$0.00B,1.83%,$0.22B,$-0.01B,-5.94%,$0.22B,$-0.01B,-4.57%,$-0.01B,$0.06B,-15.44%,$-0.01B,$0.06B,-15.44%,$-0.01B,$0.18B,-5.68%,$-0.01B,$0.12B,-6.58%,$57,$44,$13,$0,$14,$59,$-2,$-1,$-3,$-1,$-2,$-2,$-2,$1,$-2,$13,13,$-0.15,$-0.15,$0,$59,$6,$91,$72,$0,$0,$13,$85,$177,$36,$61,$13,$78,$114,$50,$-66,$-0,$63,$177,$-5,$9,$-3,$6,$0,$-4,$0,$0,$-0,$1,$-1,$0,$0,$0,$0,$0,$0,$-1,$-6,$8,$2,$-0,$-0,$0,$-1,$1,$0,$1,$0
33,2010-06-30,3.68,$5.05,0.73,$17.13,0.21,$4.36,0.84,$-0.70,0.0,$0.09B,$0.04B,2.3,$0.06B,$0.07B,0.84,$0.21B,$0.06B,26.42%,$0.21B,$-0.01B,-3.77%,$0.21B,$-0.01B,-3.77%,$0.21B,$0.01B,2.36%,$0.21B,$-0.01B,-6.13%,$0.21B,$-0.01B,-4.72%,$-0.01B,$0.07B,-14.98%,$-0.01B,$0.07B,-14.98%,$-0.01B,$0.18B,-5.61%,$-0.01B,$0.12B,-6.37%,$59,$44,$15,$0,$15,$59,$0,$-1,$-1,$-1,$-1,$-1,$-1,$3,$0,$13,13,$-0.06,$-0.06,$0,$59,$5,$89,$74,$0,$0,$12,$86,$175,$39,$55,$12,$72,$110,$50,$-64,$0,$65,$175,$-3,$6,$-2,$4,$2,$-4,$0,$0,$3,$4,$-0,$0,$0,$0,$0,$0,$0,$-0,$-6,$2,$-4,$-0,$-0,$0,$0,$-4,$0,$0,$0
34,2010-03-31,4.95,$5.09,0.97,$16.69,0.3,$5.19,0.95,$-0.73,0.0,$0.08B,$0.04B,2.32,$0.05B,$0.07B,0.81,$0.21B,$0.06B,26.70%,$0.21B,$-0.01B,-3.88%,$0.21B,$-0.01B,-3.88%,$0.21B,$0.01B,2.43%,$0.21B,$-0.01B,-6.80%,$0.21B,$-0.01B,-4.85%,$-0.01B,$0.07B,-14.60%,$-0.01B,$0.07B,-14.60%,$-0.01B,$0.17B,-5.46%,$-0.01B,$0.12B,-6.08%,$50,$38,$12,$0,$15,$53,$-2,$-1,$-4,$-1,$-2,$-2,$-3,$1,$-2,$12,12,$-0.20,$-0.20,$0,$56,$4,$82,$77,$0,$0,$13,$90,$173,$36,$53,$13,$72,$107,$50,$-63,$0,$65,$173,$-2,$3,$-0,$3,$4,$-1,$0,$0,$7,$7,$-0,$0,$0,$0,$0,$0,$0,$-0,$-2,$0,$-1,$-0,$-0,$0,$-5,$-7,$0,$0,$0
35,2009-12-31,2.71,$5.20,0.52,$16.55,0.16,$5.47,0.5,$-3.44,0.0,$0.09B,$0.03B,2.57,$0.06B,$0.07B,0.89,$0.20B,$0.05B,25.98%,$0.20B,$-0.05B,-22.06%,$0.20B,$-0.05B,-22.06%,$0.20B,0,0.00%,$0.20B,$-0.05B,-24.51%,$0.20B,$-0.04B,-21.08%,$-0.04B,$0.07B,-61.21%,$-0.04B,$0.07B,-61.21%,$-0.04B,$0.18B,-22.66%,$-0.05B,$0.13B,-32.37%,$53,$38,$15,$0,$17,$57,$-4,$-1,$-5,$-2,$-3,$-3,$-4,$-1,$-4,$12,12,$-0.26,$-0.26,$0,$55,$5,$86,$80,$0,$0,$13,$93,$179,$33,$59,$15,$79,$113,$50,$-62,$0,$66,$179,$-42,$45,$0,$45,$7,$20,$0,$-1,$23,$27,$-1,$0,$0,$0,$0,$0,$0,$-0,$-7,$-18,$-25,$-0,$-0,$0,$-1,$-26,$-0,$1,$0
36,2009-09-30,3.08,$5.52,0.56,$17.24,0.18,$3.33,0.93,$-5.76,0.0,$0.09B,$0.03B,2.76,$0.07B,$0.07B,0.97,$0.21B,$0.05B,25.35%,$0.21B,$-0.07B,-34.74%,$0.21B,$-0.07B,-34.74%,$0.21B,$-0.01B,-2.82%,$0.21B,$-0.08B,-37.56%,$0.21B,$-0.07B,-33.33%,$-0.07B,$0.07B,-87.93%,$-0.07B,$0.07B,-98.27%,$-0.07B,$0.19B,-34.09%,$-0.07B,$0.14B,-47.51%,$50,$37,$14,$0,$15,$52,$-2,$-1,$-3,$-1,$-2,$-2,$-2,$2,$-2,$12,12,$-0.16,$-0.16,$0,$59,$5,$89,$84,$0,$0,$13,$97,$186,$32,$68,$12,$83,$116,$50,$-57,$-0,$71,$186,$-38,$42,$-5,$37,$8,$16,$0,$-2,$19,$18,$-0,$0,$0,$0,$0,$0,$0,$0,$-7,$-11,$-18,$-0,$-0,$0,$-0,$-18,$-0,$1,$0
37,2009-06-30,2.91,$5.68,0.51,$19.05,0.15,$1.73,1.69,$-5.67,0.0,$0.10B,$0.04B,2.55,$0.07B,$0.07B,0.99,$0.24B,$0.06B,25.00%,$0.24B,$-0.07B,-30.51%,$0.24B,$-0.07B,-30.51%,$0.24B,$-0.01B,-2.12%,$0.24B,$-0.08B,-33.05%,$0.24B,$-0.07B,-29.66%,$-0.07B,$0.07B,-71.43%,$-0.07B,$0.07B,-92.72%,$-0.07B,$0.20B,-29.88%,$-0.07B,$0.14B,-40.62%,$53,$38,$14,$0,$15,$53,$-0,$-1,$-2,$-1,$-1,$-1,$-1,$3,$-0,$12,12,$-0.09,$-0.09,$0,$64,$7,$96,$89,$0,$0,$11,$99,$195,$38,$71,$11,$86,$124,$50,$-55,$-0,$72,$195,$-36,$39,$-4,$35,$8,$12,$0,$-3,$17,$15,$-1,$0,$0,$0,$0,$0,$0,$-1,$-6,$-9,$-14,$-0,$-0,$0,$-0,$-14,$0,$1,$0
38,2009-03-31,1.1,$5.73,0.19,$20.87,0.05,$0.22,4.94,$-5.48,0.0,$0.10B,$0.03B,2.88,$0.08B,$0.07B,1.05,$0.26B,$0.07B,26.15%,$0.26B,$-0.07B,-26.54%,$0.26B,$-0.07B,-26.54%,$0.26B,$-0.00B,-0.38%,$0.26B,$-0.07B,-28.46%,$0.26B,$-0.07B,-26.15%,$-0.07B,$0.07B,-58.87%,$-0.07B,$0.07B,-86.08%,$-0.07B,$0.20B,-26.18%,$-0.07B,$0.15B,-34.80%,$48,$38,$10,$0,$17,$87,$-39,$-1,$-40,$-5,$-35,$-35,$-36,$-4,$-39,$12,12,$-2.91,$-2.91,$0,$66,$8,$97,$92,$0,$0,$10,$102,$199,$34,$75,$12,$93,$127,$50,$-54,$-1,$72,$199,$-35,$35,$-3,$32,$10,$9,$0,$-2,$15,$11,$-1,$0,$0,$0,$0,$0,$0,$-1,$-1,$-9,$-10,$-0,$-0,$0,$-0,$-10,$0,$0,$0
39,2008-12-31,1.53,$8.53,0.18,$22.52,0.07,$-1.16,0.0,$-2.57,0.0,$0.11B,$0.04B,3.13,$0.09B,$0.11B,0.79,$0.28B,$0.08B,27.92%,$0.28B,$-0.03B,-9.89%,$0.28B,$-0.03B,-9.89%,$0.28B,$0.01B,2.83%,$0.28B,$-0.03B,-12.01%,$0.28B,$-0.03B,-11.31%,$-0.03B,$0.11B,-24.11%,$-0.03B,$0.07B,-39.02%,$-0.03B,$0.25B,-11.25%,$-0.03B,$0.19B,-12.86%,$62,$46,$16,$0,$22,$95,$-33,$-2,$-35,$-3,$-32,$-32,$-32,$-7,$-33,$12,12,$-2.56,$-2.56,$0,$75,$6,$114,$94,$0,$33,$11,$139,$253,$37,$85,$13,$109,$145,$50,$-19,$-1,$108,$253,$-31,$37,$6,$43,$-0,$1,$0,$1,$-3,$8,$-9,$0,$0,$0,$0,$0,$0,$-9,$-9,$13,$4,$-4,$-4,$0,$-0,$-0,$-0,$1,$0
40,2008-09-30,7.32,$11.08,0.66,$23.56,0.31,$-0.89,0.0,$0.14,52.29,$0.12B,$0.04B,3.05,$0.09B,$0.14B,0.61,$0.30B,$0.09B,29.24%,$0.30B,$0.01B,2.99%,$0.30B,$0.01B,2.99%,$0.30B,$0.02B,7.31%,$0.30B,$0.00B,1.33%,$0.30B,$0.00B,0.33%,$0.00B,$0.14B,0.71%,$0.00B,$0.08B,1.18%,$0.00B,$0.29B,0.34%,$0.01B,$0.23B,4.00%,$73,$54,$19,$0,$19,$73,$0,$-1,$-1,$-1,$-1,$-1,$-1,$3,$0,$12,12,$-0.07,$-0.07,$0,$77,$10,$122,$98,$0,$57,$13,$168,$290,$40,$85,$13,$110,$150,$50,$13,$1,$140,$290,$1,$10,$-0,$10,$-1,$-1,$0,$-3,$-7,$4,$-6,$0,$0,$0,$0,$0,$0,$-6,$-6,$13,$6,$-3,$-3,$0,$-1,$2,$-0,$1,$0
41,2008-06-30,6.58,$11.03,0.6,$24.00,0.27,$-0.96,0.0,$0.38,17.32,$0.13B,$0.04B,2.9,$0.09B,$0.14B,0.6,$0.31B,$0.09B,30.32%,$0.31B,$0.01B,4.52%,$0.31B,$0.01B,4.52%,$0.31B,$0.03B,8.71%,$0.31B,$0.01B,2.90%,$0.31B,$0.00B,1.29%,$0.00B,$0.14B,2.83%,$0.00B,$0.09B,4.72%,$0.00B,$0.30B,1.36%,$0.01B,$0.23B,6.23%,$77,$55,$23,$0,$19,$74,$3,$-1,$2,$1,$1,$1,$1,$7,$3,$13,13,$0.10,$0.10,$0,$79,$10,$125,$100,$0,$57,$15,$172,$297,$43,$85,$15,$111,$154,$50,$14,$1,$142,$297,$1,$7,$1,$8,$-2,$-3,$0,$-4,$-10,$0,$-5,$0,$0,$0,$0,$0,$0,$-5,$-5,$12,$7,$-2,$-2,$0,$-1,$4,$-0,$1,$0
42,2008-03-31,8.39,$10.84,0.77,$24.39,0.34,$-1.20,0.0,$0.47,17.85,$0.13B,$0.05B,2.78,$0.09B,$0.14B,0.61,$0.32B,$0.10B,30.60%,$0.32B,$0.02B,5.36%,$0.32B,$0.02B,5.36%,$0.32B,$0.03B,9.15%,$0.32B,$0.01B,3.47%,$0.32B,$0.01B,1.58%,$0.01B,$0.14B,3.55%,$0.01B,$0.08B,5.95%,$0.01B,$0.30B,1.69%,$0.02B,$0.23B,7.56%,$71,$50,$21,$0,$19,$69,$2,$-1,$0,$0,$0,$0,$0,$5,$2,$13,13,$0.00,$0.00,$0,$82,$10,$125,$102,$0,$57,$14,$173,$298,$45,$85,$15,$112,$157,$50,$13,$0,$141,$298,$0,$3,$0,$4,$0,$-6,$0,$-3,$-8,$-4,$-3,$0,$0,$0,$0,$0,$0,$-3,$-1,$10,$9,$-1,$-1,$0,$-0,$7,$-0,$0,$0
43,2007-12-31,8.31,$10.97,0.76,$24.59,0.34,$-0.81,0.0,$0.48,17.31,$0.12B,$0.04B,2.82,$0.08B,$0.14B,0.56,$0.32B,$0.10B,30.63%,$0.32B,$0.02B,5.31%,$0.32B,$0.02B,5.31%,$0.32B,$0.03B,9.06%,$0.32B,$0.01B,3.44%,$0.32B,$0.01B,1.56%,$0.01B,$0.14B,3.58%,$0.01B,$0.09B,6.04%,$0.01B,$0.29B,1.71%,$0.02B,$0.22B,7.62%,$80,$55,$25,$0,$19,$76,$4,$-1,$3,$1,$2,$2,$1,$7,$4,$13,13,$0.10,$0.10,$0,$76,$8,$117,$102,$0,$57,$14,$173,$290,$42,$80,$15,$107,$148,$50,$13,$0,$142,$290,$7,$13,$-0,$13,$-2,$-6,$0,$2,$0,$20,$-17,$0,$0,$0,$0,$0,$0,$-17,$-2,$-0,$-2,$-1,$-1,$0,$0,$-3,$-0,$1,$0
44,2007-09-30,9.5,$10.80,0.88,$24.77,0.38,$-0.82,0.0,$0.62,15.32,$0.12B,$0.05B,2.77,$0.08B,$0.14B,0.59,$0.32B,$0.10B,30.31%,$0.32B,$0.02B,5.63%,$0.32B,$0.02B,5.63%,$0.32B,$0.03B,9.38%,$0.32B,$0.01B,3.75%,$0.32B,$0.01B,2.19%,$0.01B,$0.14B,5.07%,$0.01B,$0.08B,8.62%,$0.01B,$0.30B,2.42%,$0.02B,$0.22B,8.12%,$82,$58,$25,$0,$19,$77,$5,$-2,$4,$1,$2,$2,$2,$8,$5,$13,13,$0.18,$0.17,$0,$77,$9,$124,$101,$0,$57,$14,$171,$295,$45,$83,$15,$110,$154,$50,$11,$-0,$141,$295,$5,$10,$-0,$9,$-7,$-7,$0,$1,$-6,$8,$-12,$0,$0,$0,$0,$0,$0,$-12,$-2,$7,$5,$-1,$-1,$0,$-1,$3,$-0,$1,$0
45,2007-06-30,12.5,$10.63,1.18,$24.86,0.5,$-1.05,0.0,$0.65,19.23,$0.13B,$0.05B,2.85,$0.09B,$0.14B,0.63,$0.32B,$0.10B,30.12%,$0.32B,$0.02B,5.90%,$0.32B,$0.02B,5.90%,$0.32B,$0.03B,9.32%,$0.32B,$0.01B,3.73%,$0.32B,$0.01B,2.48%,$0.01B,$0.14B,5.90%,$0.01B,$0.08B,10.16%,$0.01B,$0.30B,2.78%,$0.02B,$0.23B,8.59%,$84,$58,$26,$0,$21,$79,$6,$-2,$4,$1,$3,$3,$2,$9,$6,$13,13,$0.19,$0.19,$0,$77,$11,$127,$100,$0,$57,$15,$171,$298,$45,$88,$15,$114,$159,$50,$9,$0,$139,$298,$3,$7,$-0,$7,$-8,$-8,$0,$-2,$-9,$-0,$-8,$0,$0,$0,$0,$0,$0,$-8,$-1,$9,$8,$0,$0,$0,$-1,$7,$-0,$1,$0
46,2007-03-31,12.02,$10.40,1.16,$25.18,0.48,$-1.30,0.0,$0.53,22.68,$0.12B,$0.04B,2.76,$0.08B,$0.14B,0.61,$0.33B,$0.10B,29.45%,$0.33B,$0.02B,4.91%,$0.33B,$0.02B,4.91%,$0.33B,$0.03B,8.28%,$0.33B,$0.01B,2.76%,$0.33B,$0.01B,2.15%,$0.01B,$0.14B,5.26%,$0.01B,$0.08B,9.21%,$0.01B,$0.29B,2.44%,$0.02B,$0.22B,7.24%,$74,$53,$22,$0,$20,$73,$2,$-2,$0,$0,$0,$0,$0,$5,$2,$13,13,$0.01,$0.01,$1,$75,$10,$118,$98,$0,$57,$14,$169,$287,$43,$83,$14,$108,$151,$49,$6,$-0,$136,$287,$0,$3,$-0,$3,$-2,$-5,$0,$-2,$-3,$1,$-3,$0,$0,$0,$0,$0,$0,$-3,$-0,$3,$2,$0,$0,$0,$-0,$2,$0,$0,$0
47,2006-12-31,12.64,$10.49,1.21,$25.56,0.49,$-1.69,0.0,$0.58,21.79,$0.11B,$0.04B,3.05,$0.08B,$0.14B,0.6,$0.33B,$0.10B,29.00%,$0.33B,$0.02B,5.14%,$0.33B,$0.02B,5.14%,$0.33B,$0.03B,8.46%,$0.33B,$0.01B,3.02%,$0.33B,$0.01B,2.42%,$0.01B,$0.14B,6.14%,$0.01B,$0.08B,10.92%,$0.01B,$0.28B,2.78%,$0.02B,$0.22B,7.67%,$80,$56,$24,$0,$19,$75,$5,$-1,$4,$0,$3,$3,$3,$8,$5,$13,13,$0.26,$0.26,$1,$70,$8,$109,$98,$0,$57,$14,$169,$278,$36,$81,$13,$106,$142,$49,$6,$-0,$136,$278,$8,$12,$1,$12,$2,$3,$0,$2,$-1,$19,$-16,$0,$0,$0,$0,$0,$0,$-16,$-1,$-3,$-3,$1,$1,$0,$0,$-2,$1,$1,$0
