,Date,Stock Price,Book Value per Share,Price to Book Ratio,TTM Sales per Share,Price to Sales Ratio,TTM FCF per Share,Price to FCF Ratio,TTM Net EPS,PE Ratio,Current Assets,Current Liabilities,Current Ratio,Long Term Debt,Shareholder's Equity_x,Debt to Equity Ratio,TTM Revenue_x,TTM Gross Profit,Gross Margin,TTM Revenue_y,TTM Operating Income,Operating Margin,TTM Revenue_x,TTM EBIT,EBIT Margin,TTM Revenue_y,TTM EBITDA,EBITDA Margin,TTM Revenue_x,TTM Pre-Tax Income,Pre-Tax Margin,TTM Revenue_y,TTM Net Income_x,Net Margin,TTM Net Income_y,Shareholder's Equity_y,Return on Equity,TTM Net Income_x,Tangible Equity,Return on Tangible Equity,TTM Net Income_y,Total Assets,Return on Assets,TTM Net Income,LT Investments & Debt,Return on Investment,revenue,cost-goods-sold,gross-profit,research-development-expenses,selling-general-administrative-expenses,operating-expenses,operating-income,total-non-operating-income-expense,pre-tax-income,total-provision-income-taxes,income-after-taxes,income-from-continuous-operations,net-income,ebitda,ebit,basic-shares-outstanding,shares-outstanding,eps-basic-net-earnings-per-share,eps-earnings-per-share-diluted,cash-on-hand,inventory,other-current-assets,total-current-assets,net-property-plant-equipment,long-term-investments,goodwill-intangible-assets-total,other-long-term-assets,total-long-term-assets,total-assets,total-current-liabilities,long-term-debt,other-non-current-liabilities,total-long-term-liabilities,total-liabilities,common-stock-net,retained-earnings-accumulated-deficit,comprehensive-income,total-share-holder-equity,total-liabilities-share-holders-equity,net-income-loss,total-depreciation-amortization-cash-flow,other-non-cash-items,total-non-cash-items,change-in-accounts-receivable,change-in-inventories,change-in-accounts-payable,change-in-assets-liabilities,total-change-in-assets-liabilities,cash-flow-from-operating-activities,net-change-in-property-plant-equipment,net-change-in-intangible-assets,net-acquisitions-divestitures,net-change-in-short-term-investments,net-change-in-long-term-investments,net-change-in-investments-total,investing-activities-other,cash-flow-from-investing-activities,net-long-term-debt,net-current-debt,debt-issuance-retirement-net-total,net-common-equity-issued-repurchased,net-total-equity-issued-repurchased,total-common-preferred-stock-dividends-paid,financial-activities-other,cash-flow-from-financial-activities,net-cash-flow,stock-based-compensation,common-stock-dividends-paid
0,2018-10-31,67.88,$26.11,2.6,$74.23,0.91,$-4.92,0.0,$1.47,46.18,$1.15B,$0.30B,3.78,$0.87B,$0.82B,1.06,$2.38B,$0.45B,18.92%,$2.38B,$0.12B,5.09%,$2.38B,$0.12B,5.09%,$2.38B,$0.27B,11.40%,$2.38B,$0.10B,4.33%,$2.38B,$0.08B,3.15%,$0.08B,$0.82B,9.77%,$0.08B,$0.33B,27.65%,$0.08B,$2.13B,3.84%,$0.12B,$1.69B,7.89%,$848,$687,$161,$0,$69,$801,$47,$-8,$38,$10,$28,$28,$28,$98,$47,$31,32,$0.89,$0.87,$22,$91,$181,$1149,$428,$0,$492,$64,$984,$2133,$304,$868,$72,$1012,$1316,$10,$785,$-1,$817,$2133,$75,$151,$16,$167,$-214,$0,$36,$-132,$-260,$-18,$-108,$0,$-21,$0,$0,$0,$2,$-128,$92,$0,$92,$1,$1,$0,$-8,$84,$-62,$18,$0
1,2018-07-31,89.16,$25.08,3.55,$71.30,1.25,$1.85,48.15,$2.37,37.62,$1.01B,$0.31B,3.24,$0.73B,$0.78B,0.93,$2.29B,$0.44B,19.42%,$2.29B,$0.12B,5.34%,$2.29B,$0.12B,5.34%,$2.29B,$0.27B,11.77%,$2.29B,$0.11B,4.77%,$2.29B,$0.08B,3.32%,$0.08B,$0.78B,10.32%,$0.08B,$0.29B,31.97%,$0.08B,$1.95B,4.04%,$0.12B,$1.51B,8.31%,$799,$642,$157,$0,$65,$752,$48,$-6,$41,$12,$30,$30,$30,$98,$48,$31,32,$0.96,$0.94,$24,$88,$201,$1005,$424,$0,$498,$25,$947,$1952,$310,$727,$67,$859,$1169,$10,$757,$-1,$783,$1952,$47,$99,$5,$104,$-49,$0,$24,$-123,$-114,$37,$-66,$0,$-21,$0,$0,$0,$2,$-85,$-12,$0,$-12,$0,$0,$0,$-0,$-12,$-59,$11,$0
2,2018-04-30,103.86,$23.95,4.34,$46.28,2.24,$2.74,37.9,$1.43,72.63,$0.94B,$0.28B,3.39,$0.73B,$0.75B,0.98,$1.49B,$0.29B,19.30%,$1.49B,$0.07B,4.98%,$1.49B,$0.07B,4.98%,$1.49B,$0.17B,11.50%,$1.49B,$0.07B,4.57%,$1.49B,$0.05B,3.09%,$0.05B,$0.75B,8.51%,$0.05B,$0.24B,27.63%,$0.05B,$1.88B,3.30%,$0.07B,$1.48B,6.78%,$731,$600,$132,$0,$62,$705,$26,$-2,$24,$6,$17,$17,$17,$75,$26,$31,32,$0.55,$0.53,$58,$84,$133,$936,$416,$0,$504,$27,$947,$1883,$276,$732,$66,$860,$1136,$10,$727,$-1,$747,$1883,$17,$49,$2,$51,$-9,$0,$13,$-55,$-43,$25,$-26,$0,$-21,$0,$0,$0,$2,$-46,$-5,$0,$-5,$0,$0,$0,$-0,$-5,$-26,$5,$0
3,2018-01-31,116.71,$0.00,0.0,$48.35,2.41,$2.48,47.09,$2.12,55.05,$0.91B,$0.26B,3.49,$0.73B,$0.73B,1.01,$1.54B,$0.32B,20.75%,$1.54B,$0.11B,7.39%,$1.54B,$0.11B,7.39%,$1.54B,$0.21B,13.29%,$1.54B,$0.11B,6.87%,$1.54B,$0.07B,4.41%,$0.07B,$0.73B,13.35%,$0.07B,$0.23B,51.03%,$0.07B,$1.84B,4.88%,$0.11B,$1.46B,10.56%,$0,$0,$0,$0,$0,$0,$0,$0,$0,$0,$0,$0,$0,$0,$0,$0,0,$0.00,$0.00,$84,$79,$409,$905,$415,$0,$493,$28,$936,$1841,$260,$734,$65,$856,$1116,$10,$710,$-1,$725,$1841,$0,$0,$0,$0,$0,$0,$0,$0,$0,$0,$0,$0,$0,$0,$0,$0,$0,$0,$0,$0,$0,$0,$0,$0,$0,$0,$0,$0,$0
4,2017-10-31,87.83,$22.29,3.94,$70.15,1.25,$2.22,39.59,$2.86,30.71,$0.89B,$0.28B,3.16,$0.74B,$0.69B,1.07,$2.24B,$0.46B,20.51%,$2.24B,$0.82B,36.34%,$2.24B,$0.11B,5.08%,$2.24B,$0.95B,42.22%,$2.24B,$0.14B,6.42%,$2.24B,$0.09B,4.10%,$0.09B,$0.69B,19.09%,$0.09B,$0.19B,88.04%,$0.09B,$1.85B,6.70%,$0.82B,$1.43B,77.32%,$756,$601,$155,$0,$65,$708,$48,$-4,$44,$16,$29,$29,$29,$96,$48,$31,32,$0.93,$0.90,$25,$84,$436,$893,$423,$0,$499,$37,$959,$1853,$283,$736,$66,$880,$1163,$10,$674,$-1,$690,$1853,$111,$136,$8,$144,$-30,$0,$10,$-18,$-6,$249,$-160,$0,$-26,$0,$0,$0,$1,$-185,$-14,$0,$-14,$-54,$-54,$0,$-0,$-68,$-4,$17,$0
5,2017-07-31,90.6,$0.00,0.0,$71.26,1.27,$-3.04,0.0,$3.55,25.52,$0.00B,$0.00B,0.0,$0.00B,$0.00B,0.0,$2.29B,$0.49B,21.39%,$2.29B,$0.86B,37.45%,$2.29B,$0.16B,6.78%,$2.29B,$0.94B,41.12%,$2.29B,$0.18B,7.92%,$2.29B,$0.11B,4.99%,$0.11B,$0.00B,24.62%,$0.11B,$0.00B,134.12%,$0.11B,$0.00B,8.32%,$0.86B,$0.00B,81.95%,$0,$0,$0,$0,$0,$0,$0,$0,$0,$0,$0,$0,$0,$0,$0,$0,0,$0.00,$0.00,$0,$0,$0,$0,$0,$0,$0,$0,$0,$0,$0,$0,$0,$0,$0,$0,$0,$0,$0,$0,$0,$0,$0,$0,$0,$0,$0,$0,$0,$0,$0,$0,$0,$0,$0,$0,$0,$0,$0,$0,$0,$0,$0,$0,$0,$0,$0,$0,$0
6,2017-04-30,105.66,$20.04,5.27,$71.26,1.48,$-3.04,0.0,$3.55,29.76,$0.95B,$0.29B,3.29,$0.81B,$0.62B,1.3,$2.29B,$0.49B,21.39%,$2.29B,$0.86B,37.45%,$2.29B,$0.16B,6.78%,$2.29B,$0.94B,41.12%,$2.29B,$0.18B,7.92%,$2.29B,$0.11B,4.99%,$0.11B,$0.62B,24.62%,$0.11B,$0.11B,134.12%,$0.11B,$1.88B,8.32%,$0.86B,$1.43B,81.95%,$786,$621,$165,$0,$61,$720,$66,$-5,$62,$23,$39,$39,$39,$109,$66,$31,32,$1.24,$1.22,$19,$88,$465,$950,$378,$0,$513,$34,$926,$1876,$289,$812,$65,$964,$1253,$10,$609,$-1,$623,$1876,$39,$43,$-4,$39,$-31,$0,$13,$-50,$-35,$42,$-53,$0,$-26,$0,$0,$0,$1,$-78,$62,$0,$62,$-37,$-37,$0,$1,$26,$-10,$5,$0
7,2017-01-31,80.66,$19.58,4.12,$66.73,1.21,$-4.34,0.0,$3.33,24.22,$0.89B,$0.26B,3.38,$0.74B,$0.62B,1.2,$2.17B,$0.47B,21.62%,$2.17B,$0.85B,39.08%,$2.17B,$0.15B,6.70%,$2.17B,$0.99B,45.64%,$2.17B,$0.17B,7.90%,$2.17B,$0.11B,4.99%,$0.11B,$0.62B,24.96%,$0.11B,$0.12B,132.92%,$0.11B,$1.77B,8.30%,$0.85B,$1.36B,85.24%,$701,$561,$140,$0,$0,$0,$701,$0,$38,$14,$0,$0,$24,$742,$0,$32,32,$0.75,$0.74,$29,$85,$418,$888,$344,$0,$498,$36,$878,$1766,$263,$741,$64,$888,$1151,$10,$601,$-1,$615,$1766,$75,$81,$10,$90,$19,$0,$-15,$-47,$-101,$64,$-73,$0,$2,$0,$0,$0,$-0,$-71,$31,$0,$31,$-25,$-25,$0,$-4,$3,$-4,$11,$0
8,2016-10-31,76.93,$19.50,3.94,$61.62,1.25,$-5.32,0.0,$3.05,25.22,$0.97B,$0.31B,3.1,$0.78B,$0.61B,1.26,$2.02B,$0.44B,21.60%,$2.02B,$0.70B,34.80%,$2.02B,$0.15B,7.17%,$2.02B,$0.84B,41.52%,$2.02B,$0.16B,7.81%,$2.02B,$0.10B,4.89%,$0.10B,$0.61B,23.57%,$0.10B,$0.11B,109.70%,$0.10B,$1.84B,8.01%,$0.70B,$1.39B,74.28%,$799,$615,$184,$0,$60,$710,$89,$-8,$81,$30,$51,$51,$51,$89,$89,$31,32,$1.62,$1.59,$22,$81,$510,$967,$338,$0,$500,$33,$871,$1838,$312,$775,$59,$913,$1225,$10,$589,$-1,$614,$1838,$51,$40,$5,$45,$-2,$0,$1,$-129,$-137,$-42,$-38,$0,$0,$0,$0,$0,$-0,$-38,$68,$0,$68,$0,$0,$0,$-0,$68,$-12,$6,$0
9,2016-07-31,94.05,$0.00,0.0,$56.26,1.67,$-4.87,0.0,$2.37,39.68,$0.00B,$0.00B,0.0,$0.00B,$0.00B,0.0,$1.88B,$0.41B,21.51%,$1.88B,$0.69B,36.54%,$1.88B,$0.13B,6.85%,$1.88B,$0.82B,43.76%,$1.88B,$0.13B,6.69%,$1.88B,$0.08B,4.20%,$0.08B,$0.00B,19.63%,$0.08B,$0.00B,84.04%,$0.08B,$0.00B,6.82%,$0.69B,$0.00B,76.81%,$0,$0,$0,$0,$0,$0,$0,$0,$0,$0,$0,$0,$0,$0,$0,$0,0,$0.00,$0.00,$0,$0,$0,$0,$0,$0,$0,$0,$0,$0,$0,$0,$0,$0,$0,$0,$0,$0,$0,$0,$0,$0,$0,$0,$0,$0,$0,$0,$0,$0,$0,$0,$0,$0,$0,$0,$0,$0,$0,$0,$0,$0,$0,$0,$0,$0,$0,$0,$0
10,2016-04-30,70.6,$16.01,4.41,$56.26,1.25,$-4.87,0.0,$2.37,29.79,$0.85B,$0.24B,3.5,$0.72B,$0.50B,1.44,$1.88B,$0.41B,21.51%,$1.88B,$0.69B,36.54%,$1.88B,$0.13B,6.85%,$1.88B,$0.82B,43.76%,$1.88B,$0.13B,6.69%,$1.88B,$0.08B,4.20%,$0.08B,$0.50B,19.63%,$0.08B,$0.10B,84.04%,$0.08B,$1.60B,6.82%,$0.69B,$1.23B,76.81%,$665,$520,$144,$0,$57,$609,$56,$-4,$52,$19,$33,$33,$33,$157,$56,$32,33,$1.02,$1.00,$19,$61,$377,$849,$310,$0,$406,$34,$751,$1599,$243,$724,$55,$855,$1098,$10,$489,$-1,$502,$1599,$79,$101,$26,$127,$-30,$0,$7,$-91,$-127,$79,$-132,$0,$-49,$0,$0,$0,$-0,$-182,$210,$0,$210,$-93,$-93,$0,$-16,$101,$-2,$13,$0
11,2016-01-31,66.26,$17.15,3.86,$50.20,1.32,$-1.73,0.0,$1.95,33.98,$0.77B,$0.20B,3.8,$0.61B,$0.56B,1.09,$1.71B,$0.37B,21.35%,$1.71B,$0.67B,39.01%,$1.71B,$0.11B,6.32%,$1.71B,$0.77B,45.26%,$1.71B,$0.11B,6.20%,$1.71B,$0.07B,3.86%,$0.07B,$0.56B,16.20%,$0.07B,$0.15B,62.26%,$0.07B,$1.50B,6.15%,$0.67B,$1.18B,80.22%,$559,$450,$109,$0,$0,$0,$559,$0,$25,$10,$0,$0,$15,$594,$0,$33,34,$0.47,$0.46,$20,$58,$322,$767,$291,$0,$411,$36,$737,$1504,$202,$612,$56,$738,$939,$11,$473,$-2,$564,$1504,$46,$65,$21,$86,$8,$0,$-15,$-31,$-85,$47,$-88,$0,$-49,$0,$0,$0,$-0,$-137,$100,$0,$100,$6,$6,$0,$-16,$90,$-1,$9,$0
12,2015-10-31,76.09,$16.75,4.54,$46.07,1.65,$0.89,85.11,$1.76,43.23,$0.82B,$0.25B,3.24,$0.64B,$0.54B,1.17,$1.59B,$0.34B,21.48%,$1.59B,$0.55B,34.48%,$1.59B,$0.11B,6.78%,$1.59B,$0.65B,40.52%,$1.59B,$0.10B,6.09%,$1.59B,$0.06B,3.77%,$0.06B,$0.54B,15.28%,$0.06B,$0.13B,61.22%,$0.06B,$1.53B,6.03%,$0.55B,$1.18B,71.41%,$659,$507,$152,$0,$51,$586,$73,$-24,$49,$19,$31,$31,$31,$73,$73,$33,34,$0.94,$0.91,$22,$58,$355,$818,$265,$0,$416,$33,$714,$1531,$252,$636,$54,$735,$988,$11,$457,$-1,$544,$1531,$31,$30,$1,$31,$-35,$0,$8,$-61,$-90,$-29,$-39,$0,$-49,$0,$0,$0,$-0,$-89,$128,$0,$128,$5,$5,$0,$-15,$118,$1,$5,$0
13,2015-07-31,66.06,$0.00,0.0,$41.15,1.61,$2.75,23.98,$1.44,45.88,$0.00B,$0.00B,0.0,$0.00B,$0.00B,0.0,$1.44B,$0.30B,20.58%,$1.44B,$0.52B,35.69%,$1.44B,$0.07B,5.13%,$1.44B,$0.61B,42.34%,$1.44B,$0.08B,5.68%,$1.44B,$0.05B,3.47%,$0.05B,$0.00B,13.01%,$0.05B,$0.00B,51.81%,$0.05B,$0.00B,5.39%,$0.52B,$0.00B,72.03%,$0,$0,$0,$0,$0,$0,$0,$0,$0,$0,$0,$0,$0,$0,$0,$0,0,$0.00,$0.00,$0,$0,$0,$0,$0,$0,$0,$0,$0,$0,$0,$0,$0,$0,$0,$0,$0,$0,$0,$0,$0,$0,$0,$0,$0,$0,$0,$0,$0,$0,$0,$0,$0,$0,$0,$0,$0,$0,$0,$0,$0,$0,$0,$0,$0,$0,$0,$0,$0
14,2015-04-30,45.98,$15.32,3.0,$41.15,1.12,$2.75,16.69,$1.44,31.93,$0.62B,$0.20B,3.18,$0.45B,$0.52B,0.86,$1.44B,$0.30B,20.58%,$1.44B,$0.52B,35.69%,$1.44B,$0.07B,5.13%,$1.44B,$0.61B,42.34%,$1.44B,$0.08B,5.68%,$1.44B,$0.05B,3.47%,$0.05B,$0.52B,13.01%,$0.05B,$0.14B,51.81%,$0.05B,$1.26B,5.39%,$0.52B,$0.97B,72.03%,$492,$388,$104,$0,$45,$457,$35,$-3,$32,$12,$20,$20,$20,$107,$35,$34,35,$0.59,$0.58,$23,$45,$268,$621,$226,$0,$379,$30,$636,$1257,$195,$447,$44,$540,$735,$11,$392,$-1,$522,$1257,$50,$71,$4,$75,$9,$0,$-1,$-27,$-2,$124,$-70,$0,$-10,$0,$0,$0,$-5,$-84,$-11,$0,$-11,$-24,$-24,$0,$-3,$-37,$2,$11,$0
15,2015-01-31,30.81,$14.85,2.07,$39.35,0.78,$2.27,13.56,$1.09,28.27,$0.58B,$0.18B,3.28,$0.42B,$0.51B,0.84,$1.38B,$0.27B,19.54%,$1.38B,$0.49B,35.88%,$1.38B,$0.05B,3.85%,$1.38B,$0.59B,42.77%,$1.38B,$0.06B,4.58%,$1.38B,$0.04B,2.76%,$0.04B,$0.51B,10.27%,$0.04B,$0.12B,46.34%,$0.04B,$1.19B,4.22%,$0.49B,$0.93B,71.62%,$441,$355,$86,$0,$0,$0,$441,$0,$16,$6,$0,$0,$9,$465,$0,$34,35,$0.28,$0.27,$18,$44,$236,$584,$207,$0,$384,$18,$609,$1194,$178,$421,$43,$510,$689,$11,$372,$-1,$505,$1194,$30,$47,$4,$51,$7,$0,$-12,$18,$2,$83,$-35,$0,$-10,$0,$0,$0,$-1,$-45,$-24,$0,$-24,$-15,$-15,$0,$-2,$-40,$-2,$8,$0
16,2014-10-31,31.39,$14.96,2.1,$38.34,0.82,$1.59,19.77,$0.73,43.0,$0.65B,$0.21B,3.07,$0.46B,$0.51B,0.89,$1.33B,$0.25B,18.54%,$1.33B,$0.44B,33.46%,$1.33B,$0.05B,3.99%,$1.33B,$0.54B,40.54%,$1.33B,$0.04B,3.17%,$1.33B,$0.03B,1.96%,$0.03B,$0.51B,7.29%,$0.03B,$0.12B,37.68%,$0.03B,$1.26B,2.95%,$0.44B,$0.97B,65.75%,$510,$403,$107,$0,$45,$471,$39,$-5,$34,$14,$21,$21,$21,$39,$39,$34,35,$0.61,$0.59,$16,$47,$271,$653,$206,$0,$387,$16,$609,$1262,$213,$456,$41,$540,$753,$11,$363,$-0,$510,$1262,$21,$23,$-1,$22,$-22,$0,$1,$-28,$-32,$11,$-16,$0,$-8,$0,$0,$0,$-1,$-25,$10,$0,$10,$1,$1,$0,$-0,$10,$-4,$4,$0
17,2014-07-31,28.12,$0.00,0.0,$38.61,0.73,$0.40,70.41,$0.68,41.35,$0.00B,$0.00B,0.0,$0.00B,$0.00B,0.0,$1.33B,$0.24B,18.20%,$1.33B,$0.44B,33.16%,$1.33B,$0.05B,3.76%,$1.33B,$0.54B,40.23%,$1.33B,$0.04B,2.93%,$1.33B,$0.02B,1.80%,$0.02B,$0.00B,6.97%,$0.02B,$0.00B,42.29%,$0.02B,$0.00B,2.75%,$0.44B,$0.00B,65.99%,$0,$0,$0,$0,$0,$0,$0,$0,$0,$0,$0,$0,$0,$0,$0,$0,0,$0.00,$0.00,$0,$0,$0,$0,$0,$0,$0,$0,$0,$0,$0,$0,$0,$0,$0,$0,$0,$0,$0,$0,$0,$0,$0,$0,$0,$0,$0,$0,$0,$0,$0,$0,$0,$0,$0,$0,$0,$0,$0,$0,$0,$0,$0,$0,$0,$0,$0,$0,$0
18,2014-04-30,31.4,$13.70,2.29,$38.61,0.81,$0.40,78.62,$0.68,46.18,$0.54B,$0.19B,2.87,$0.40B,$0.47B,0.87,$1.33B,$0.24B,18.20%,$1.33B,$0.44B,33.16%,$1.33B,$0.05B,3.76%,$1.33B,$0.54B,40.23%,$1.33B,$0.04B,2.93%,$1.33B,$0.02B,1.80%,$0.02B,$0.47B,6.97%,$0.02B,$0.09B,42.29%,$0.02B,$1.14B,2.75%,$0.44B,$0.87B,65.99%,$426,$350,$76,$0,$39,$412,$14,$-1,$13,$5,$8,$8,$8,$85,$14,$34,35,$0.23,$0.23,$19,$43,$217,$541,$206,$0,$380,$16,$602,$1143,$189,$403,$38,$489,$678,$11,$325,$-0,$465,$1143,$23,$71,$-2,$69,$18,$0,$-6,$-9,$5,$97,$-61,$0,$-1,$0,$0,$0,$-0,$-62,$-38,$0,$-38,$4,$4,$0,$-1,$-35,$0,$10,$0
19,2014-01-31,27.83,$13.37,2.08,$39.27,0.71,$0.83,33.4,$0.66,42.17,$0.52B,$0.17B,3.12,$0.42B,$0.45B,0.92,$1.34B,$0.25B,18.34%,$1.34B,$0.44B,33.11%,$1.34B,$0.05B,3.95%,$1.34B,$0.53B,39.45%,$1.34B,$0.04B,2.83%,$1.34B,$0.02B,1.72%,$0.02B,$0.45B,6.96%,$0.02B,$0.07B,56.44%,$0.02B,$1.12B,2.67%,$0.44B,$0.87B,67.09%,$391,$327,$63,$0,$0,$0,$391,$0,$-5,$-2,$0,$0,$-3,$414,$0,$34,34,$-0.09,$-0.09,$16,$43,$190,$516,$204,$0,$383,$17,$604,$1120,$166,$416,$37,$502,$668,$11,$318,$-0,$452,$1120,$16,$48,$4,$51,$20,$0,$-16,$16,$1,$68,$-44,$0,$0,$0,$0,$0,$-0,$-45,$-26,$0,$-26,$2,$2,$0,$-1,$-26,$-2,$7,$0
20,2013-10-31,29.65,$13.66,2.17,$38.75,0.77,$2.08,14.27,$0.79,37.53,$0.62B,$0.20B,3.05,$0.48B,$0.46B,1.03,$1.32B,$0.25B,19.03%,$1.32B,$0.42B,31.99%,$1.32B,$0.05B,4.02%,$1.32B,$0.51B,38.36%,$1.32B,$0.05B,3.49%,$1.32B,$0.03B,2.05%,$0.03B,$0.46B,8.52%,$0.03B,$0.07B,113.68%,$0.03B,$1.22B,3.18%,$0.42B,$0.94B,65.00%,$513,$410,$103,$0,$43,$477,$36,$-5,$31,$12,$19,$19,$19,$36,$36,$33,35,$0.56,$0.54,$14,$39,$237,$615,$204,$0,$388,$17,$609,$1224,$202,$476,$36,$561,$763,$11,$321,$0,$461,$1224,$19,$24,$1,$25,$-52,$0,$1,$-26,$-63,$-19,$-28,$0,$0,$0,$0,$0,$-0,$-28,$32,$0,$32,$10,$10,$0,$0,$43,$-4,$4,$0
21,2013-07-31,26.48,$0.00,0.0,$33.53,0.79,$3.93,6.74,$0.60,44.13,$0.00B,$0.00B,0.0,$0.00B,$0.00B,0.0,$1.13B,$0.21B,18.95%,$1.13B,$0.41B,36.14%,$1.13B,$0.04B,3.45%,$1.13B,$0.49B,43.58%,$1.13B,$0.04B,3.10%,$1.13B,$0.02B,1.77%,$0.02B,$0.00B,6.67%,$0.02B,$0.00B,41.88%,$0.02B,$0.00B,2.72%,$0.41B,$0.00B,72.89%,$0,$0,$0,$0,$0,$0,$0,$0,$0,$0,$0,$0,$0,$0,$0,$0,0,$0.00,$0.00,$0,$0,$0,$0,$0,$0,$0,$0,$0,$0,$0,$0,$0,$0,$0,$0,$0,$0,$0,$0,$0,$0,$0,$0,$0,$0,$0,$0,$0,$0,$0,$0,$0,$0,$0,$0,$0,$0,$0,$0,$0,$0,$0,$0,$0,$0,$0,$0,$0
22,2013-04-30,19.32,$12.37,1.56,$33.53,0.58,$3.93,4.92,$0.60,32.2,$0.50B,$0.18B,2.83,$0.43B,$0.41B,1.06,$1.13B,$0.21B,18.95%,$1.13B,$0.41B,36.14%,$1.13B,$0.04B,3.45%,$1.13B,$0.49B,43.58%,$1.13B,$0.04B,3.10%,$1.13B,$0.02B,1.77%,$0.02B,$0.41B,6.67%,$0.02B,$0.02B,41.88%,$0.02B,$1.10B,2.72%,$0.41B,$0.84B,72.89%,$437,$358,$80,$0,$38,$420,$17,$-5,$12,$5,$7,$7,$7,$79,$17,$33,34,$0.22,$0.21,$18,$35,$197,$502,$189,$0,$388,$18,$595,$1097,$177,$434,$31,$511,$688,$11,$287,$0,$409,$1097,$21,$62,$-1,$61,$21,$0,$-12,$2,$10,$91,$-41,$0,$-319,$0,$0,$0,$-0,$-360,$253,$0,$253,$-12,$-12,$0,$-7,$235,$-34,$7,$0
23,2013-01-31,20.98,$12.07,1.74,$29.14,0.72,$3.21,6.54,$0.67,31.31,$0.47B,$0.18B,2.64,$0.42B,$0.40B,1.05,$0.99B,$0.19B,19.13%,$0.99B,$0.40B,40.79%,$0.99B,$0.03B,3.44%,$0.99B,$0.47B,47.87%,$0.99B,$0.04B,3.95%,$0.99B,$0.02B,2.33%,$0.02B,$0.40B,7.88%,$0.02B,$0.00B,28.57%,$0.02B,$1.07B,3.55%,$0.40B,$0.82B,82.12%,$369,$302,$68,$0,$0,$0,$369,$0,$3,$1,$0,$0,$1,$391,$0,$33,34,$0.04,$0.04,$23,$35,$162,$470,$187,$0,$397,$19,$603,$1073,$178,$420,$28,$496,$674,$11,$280,$0,$398,$1073,$13,$37,$1,$38,$28,$0,$-12,$36,$40,$91,$-26,$0,$-315,$0,$0,$0,$-0,$-341,$239,$0,$239,$-12,$-12,$0,$-7,$220,$-30,$5,$0
24,2012-10-31,14.24,$12.03,1.18,$25.84,0.55,$2.31,6.15,$0.73,19.51,$0.38B,$0.12B,3.28,$0.19B,$0.39B,0.48,$0.89B,$0.17B,18.96%,$0.89B,$0.30B,33.97%,$0.89B,$0.03B,3.84%,$0.89B,$0.37B,41.20%,$0.89B,$0.04B,4.74%,$0.89B,$0.03B,2.82%,$0.03B,$0.39B,8.73%,$0.03B,$0.17B,21.32%,$0.03B,$0.77B,4.44%,$0.30B,$0.58B,70.49%,$323,$257,$66,$0,$29,$301,$22,$-3,$20,$8,$12,$12,$12,$22,$22,$33,34,$0.36,$0.35,$55,$25,$131,$382,$155,$0,$223,$12,$390,$772,$116,$188,$27,$263,$380,$11,$279,$0,$392,$772,$12,$16,$-1,$15,$-12,$0,$4,$5,$1,$28,$-11,$0,$0,$0,$0,$0,$0,$-11,$-0,$0,$-0,$-15,$-15,$0,$0,$-15,$2,$2,$0
25,2012-07-31,17.42,$0.00,0.0,$25.60,0.68,$1.95,8.93,$0.76,22.92,$0.00B,$0.00B,0.0,$0.00B,$0.00B,0.0,$0.88B,$0.17B,18.80%,$0.88B,$0.30B,34.20%,$0.88B,$0.04B,3.96%,$0.88B,$0.37B,41.45%,$0.88B,$0.04B,4.98%,$0.88B,$0.03B,2.94%,$0.03B,$0.00B,9.28%,$0.03B,$0.00B,23.74%,$0.03B,$0.00B,4.69%,$0.30B,$0.00B,71.73%,$0,$0,$0,$0,$0,$0,$0,$0,$0,$0,$0,$0,$0,$0,$0,$0,0,$0.00,$0.00,$0,$0,$0,$0,$0,$0,$0,$0,$0,$0,$0,$0,$0,$0,$0,$0,$0,$0,$0,$0,$0,$0,$0,$0,$0,$0,$0,$0,$0,$0,$0,$0,$0,$0,$0,$0,$0,$0,$0,$0,$0,$0,$0,$0,$0,$0,$0,$0,$0
26,2012-04-30,23.39,$11.26,2.08,$25.60,0.91,$1.95,11.99,$0.76,30.78,$0.35B,$0.11B,3.18,$0.19B,$0.38B,0.5,$0.88B,$0.17B,18.80%,$0.88B,$0.30B,34.20%,$0.88B,$0.04B,3.96%,$0.88B,$0.37B,41.45%,$0.88B,$0.04B,4.98%,$0.88B,$0.03B,2.94%,$0.03B,$0.38B,9.28%,$0.03B,$0.15B,23.74%,$0.03B,$0.75B,4.69%,$0.30B,$0.57B,71.73%,$296,$241,$55,$0,$27,$284,$12,$3,$16,$6,$10,$10,$10,$60,$12,$34,35,$0.29,$0.28,$67,$30,$118,$353,$155,$0,$226,$13,$394,$747,$111,$188,$26,$258,$369,$11,$253,$0,$378,$747,$26,$48,$-5,$43,$17,$0,$2,$-27,$-1,$68,$-42,$0,$0,$0,$0,$0,$1,$-42,$-0,$0,$-0,$-6,$-6,$0,$1,$-5,$22,$5,$0
27,2012-01-31,21.37,$11.07,1.93,$24.20,0.88,$2.03,10.52,$0.52,41.1,$0.34B,$0.10B,3.37,$0.19B,$0.38B,0.5,$0.84B,$0.16B,18.59%,$0.84B,$0.30B,35.28%,$0.84B,$0.03B,3.46%,$0.84B,$0.36B,42.91%,$0.84B,$0.03B,3.69%,$0.84B,$0.02B,2.03%,$0.02B,$0.38B,6.24%,$0.02B,$0.15B,17.00%,$0.02B,$0.73B,3.15%,$0.30B,$0.56B,71.67%,$267,$220,$47,$0,$0,$0,$267,$0,$6,$2,$0,$0,$3,$283,$0,$34,35,$0.10,$0.10,$86,$30,$96,$335,$156,$0,$228,$13,$397,$732,$99,$188,$26,$257,$356,$11,$244,$0,$376,$732,$16,$32,$0,$33,$35,$0,$-1,$-6,$22,$71,$-34,$0,$0,$0,$0,$0,$1,$-34,$-0,$0,$-0,$4,$4,$0,$1,$5,$41,$3,$0
28,2011-10-31,19.43,$10.93,1.78,$22.68,0.86,$1.89,10.3,$0.28,69.39,$0.35B,$0.11B,3.07,$0.19B,$0.37B,0.51,$0.79B,$0.15B,18.48%,$0.79B,$0.25B,31.27%,$0.79B,$0.03B,3.67%,$0.79B,$0.31B,39.62%,$0.79B,$0.02B,2.15%,$0.79B,$0.01B,1.14%,$0.01B,$0.37B,3.34%,$0.01B,$0.14B,9.42%,$0.01B,$0.74B,1.66%,$0.25B,$0.56B,60.21%,$320,$255,$64,$0,$25,$297,$23,$-1,$22,$9,$13,$13,$13,$23,$23,$34,34,$0.39,$0.38,$51,$26,$113,$350,$148,$0,$229,$13,$390,$740,$114,$188,$28,$259,$373,$11,$240,$0,$367,$740,$13,$16,$2,$18,$-2,$0,$4,$-19,$-12,$19,$-14,$0,$0,$0,$0,$0,$1,$-14,$-0,$0,$-0,$1,$1,$0,$0,$1,$7,$1,$0
29,2011-07-31,17.04,$0.00,0.0,$20.30,0.84,$1.95,8.76,$0.08,213.0,$0.00B,$0.00B,0.0,$0.00B,$0.00B,0.0,$0.73B,$0.13B,18.31%,$0.73B,$0.24B,32.51%,$0.73B,$0.02B,2.73%,$0.73B,$0.30B,41.53%,$0.73B,$0.01B,0.96%,$0.73B,$0.00B,0.41%,$0.00B,$0.00B,1.11%,$0.00B,$0.00B,2.93%,$0.00B,$0.00B,0.58%,$0.24B,$0.00B,59.80%,$0,$0,$0,$0,$0,$0,$0,$0,$0,$0,$0,$0,$0,$0,$0,$0,0,$0.00,$0.00,$0,$0,$0,$0,$0,$0,$0,$0,$0,$0,$0,$0,$0,$0,$0,$0,$0,$0,$0,$0,$0,$0,$0,$0,$0,$0,$0,$0,$0,$0,$0,$0,$0,$0,$0,$0,$0,$0,$0,$0,$0,$0,$0,$0,$0,$0,$0,$0,$0
30,2011-04-30,14.86,$10.17,1.46,$20.30,0.73,$1.95,7.64,$0.08,185.75,$0.32B,$0.10B,3.16,$0.19B,$0.35B,0.54,$0.73B,$0.13B,18.31%,$0.73B,$0.24B,32.51%,$0.73B,$0.02B,2.73%,$0.73B,$0.30B,41.53%,$0.73B,$0.01B,0.96%,$0.73B,$0.00B,0.41%,$0.00B,$0.35B,1.11%,$0.00B,$0.11B,2.93%,$0.00B,$0.69B,0.58%,$0.24B,$0.53B,59.80%,$252,$207,$45,$0,$24,$246,$6,$-3,$3,$1,$1,$1,$1,$54,$6,$35,35,$0.04,$0.04,$89,$18,$85,$315,$127,$0,$233,$14,$374,$689,$100,$188,$27,$243,$343,$11,$214,$0,$346,$689,$3,$48,$3,$51,$15,$0,$-1,$-9,$-2,$52,$-23,$0,$-37,$0,$0,$0,$0,$-59,$52,$0,$52,$-54,$-54,$0,$-5,$-8,$-14,$3,$0
31,2011-01-31,16.07,$10.33,1.56,$19.09,0.84,$1.55,10.4,$0.08,200.88,$0.36B,$0.14B,2.65,$0.19B,$0.36B,0.52,$0.71B,$0.13B,18.12%,$0.71B,$0.23B,32.58%,$0.71B,$0.01B,1.97%,$0.71B,$0.30B,41.85%,$0.71B,$0.01B,0.70%,$0.71B,$0.00B,0.56%,$0.00B,$0.36B,1.42%,$0.00B,$0.13B,3.37%,$0.00B,$0.74B,0.77%,$0.23B,$0.55B,58.66%,$218,$182,$37,$0,$0,$0,$218,$0,$-8,$-3,$0,$0,$-5,$236,$0,$35,35,$-0.14,$-0.14,$161,$16,$70,$363,$130,$0,$235,$15,$379,$742,$137,$188,$27,$241,$378,$12,$213,$0,$364,$742,$2,$34,$0,$34,$21,$0,$-8,$9,$12,$48,$-16,$0,$-37,$0,$0,$0,$0,$-52,$100,$0,$100,$-34,$-34,$0,$-4,$62,$58,$2,$0
32,2010-10-31,10.7,$10.48,1.02,$18.43,0.58,$1.46,7.31,$0.12,89.17,$0.30B,$0.10B,3.18,$0.14B,$0.37B,0.37,$0.71B,$0.13B,17.89%,$0.71B,$0.23B,32.39%,$0.71B,$0.01B,1.97%,$0.71B,$0.29B,41.41%,$0.71B,$0.01B,0.85%,$0.71B,$0.01B,0.70%,$0.01B,$0.37B,1.74%,$0.01B,$0.17B,3.81%,$0.01B,$0.65B,0.99%,$0.23B,$0.51B,59.13%,$262,$209,$52,$0,$23,$248,$14,$-2,$12,$5,$7,$7,$7,$14,$14,$37,38,$0.18,$0.18,$80,$15,$77,$301,$135,$0,$206,$12,$353,$654,$95,$135,$28,$188,$283,$12,$218,$0,$371,$654,$7,$16,$-0,$16,$-2,$0,$-2,$-1,$-3,$19,$-11,$0,$0,$0,$0,$0,$0,$-11,$0,$-0,$-0,$-31,$-31,$0,$-0,$-31,$-23,$1,$0
33,2010-07-31,9.05,$0.00,0.0,$18.06,0.5,$1.67,5.41,$0.03,301.67,$0.00B,$0.00B,0.0,$0.00B,$0.00B,0.0,$0.71B,$0.12B,17.54%,$0.71B,$0.23B,31.97%,$0.71B,$0.01B,1.41%,$0.71B,$0.29B,41.02%,$0.71B,$0.00B,0.28%,$0.71B,$0.00B,0.28%,$0.00B,$0.00B,0.68%,$0.00B,$0.00B,1.47%,$0.00B,$0.00B,0.39%,$0.23B,$0.00B,57.22%,$0,$0,$0,$0,$0,$0,$0,$0,$0,$0,$0,$0,$0,$0,$0,$0,0,$0.00,$0.00,$0,$0,$0,$0,$0,$0,$0,$0,$0,$0,$0,$0,$0,$0,$0,$0,$0,$0,$0,$0,$0,$0,$0,$0,$0,$0,$0,$0,$0,$0,$0,$0,$0,$0,$0,$0,$0,$0,$0,$0,$0,$0,$0,$0,$0,$0,$0,$0,$0
34,2010-04-30,10.62,$10.07,1.06,$18.06,0.59,$1.67,6.35,$0.03,354.0,$0.32B,$0.10B,3.27,$0.14B,$0.39B,0.35,$0.71B,$0.12B,17.54%,$0.71B,$0.23B,31.97%,$0.71B,$0.01B,1.41%,$0.71B,$0.29B,41.02%,$0.71B,$0.00B,0.28%,$0.71B,$0.00B,0.28%,$0.00B,$0.39B,0.68%,$0.00B,$0.18B,1.47%,$0.00B,$0.68B,0.39%,$0.23B,$0.52B,57.22%,$232,$191,$40,$0,$24,$231,$0,$1,$1,$-0,$2,$2,$2,$48,$0,$39,39,$0.04,$0.04,$116,$13,$71,$319,$138,$0,$209,$10,$357,$677,$98,$135,$31,$190,$287,$13,$207,$0,$389,$677,$1,$47,$-2,$46,$19,$0,$-1,$-0,$2,$49,$-32,$0,$0,$0,$0,$0,$0,$-32,$-1,$0,$-1,$-4,$-4,$0,$-0,$-6,$11,$2,$0
35,2010-01-31,8.17,$9.99,0.82,$18.68,0.44,$3.14,2.6,$0.18,45.39,$0.32B,$0.10B,3.31,$0.14B,$0.39B,0.35,$0.73B,$0.14B,18.42%,$0.73B,$0.24B,32.33%,$0.73B,$0.02B,2.86%,$0.73B,$0.40B,54.16%,$0.73B,$0.01B,1.64%,$0.73B,$0.01B,1.09%,$0.01B,$0.39B,2.74%,$0.01B,$0.18B,6.04%,$0.01B,$0.68B,1.57%,$0.24B,$0.53B,60.23%,$216,$181,$35,$0,$0,$0,$216,$0,$-7,$-3,$0,$0,$-4,$232,$0,$39,39,$-0.10,$-0.10,$136,$11,$56,$316,$143,$0,$211,$10,$363,$680,$96,$135,$34,$193,$289,$13,$205,$0,$391,$680,$-0,$31,$2,$33,$25,$0,$-5,$16,$24,$57,$-25,$0,$0,$0,$0,$0,$0,$-25,$-1,$0,$-1,$0,$0,$0,$-0,$-1,$31,$2,$0
36,2009-10-31,9.88,$10.13,0.98,$19.38,0.51,$3.81,2.59,$-1.71,0.0,$0.33B,$0.10B,3.36,$0.14B,$0.40B,0.34,$0.76B,$0.14B,18.35%,$0.76B,$0.27B,34.99%,$0.76B,$0.02B,2.75%,$0.76B,$0.52B,68.41%,$0.76B,$-0.08B,-9.96%,$0.76B,$-0.07B,-8.65%,$-0.07B,$0.40B,-22.86%,$-0.07B,$0.18B,-51.76%,$-0.07B,$0.69B,-12.92%,$0.27B,$0.53B,67.98%,$259,$210,$49,$0,$24,$249,$10,$-2,$8,$5,$4,$4,$4,$10,$10,$39,39,$0.09,$0.09,$120,$8,$70,$329,$137,$0,$212,$10,$359,$688,$98,$135,$36,$195,$293,$13,$209,$0,$395,$688,$4,$15,$1,$17,$4,$0,$-0,$4,$4,$25,$-8,$0,$0,$0,$0,$0,$0,$-8,$-0,$0,$-0,$0,$0,$0,$-0,$-0,$16,$1,$0
37,2009-07-31,12.73,$0.00,0.0,$21.26,0.6,$3.29,3.86,$-1.53,0.0,$0.00B,$0.00B,0.0,$0.00B,$0.00B,0.0,$0.84B,$0.16B,18.62%,$0.84B,$0.28B,33.17%,$0.84B,$0.03B,3.82%,$0.84B,$0.53B,63.60%,$0.84B,$-0.07B,-7.88%,$0.84B,$-0.06B,-7.04%,$-0.06B,$0.00B,-19.41%,$-0.06B,$0.00B,-48.96%,$-0.06B,$0.00B,-10.86%,$0.28B,$0.00B,66.31%,$0,$0,$0,$0,$0,$0,$0,$0,$0,$0,$0,$0,$0,$0,$0,$0,0,$0.00,$0.00,$0,$0,$0,$0,$0,$0,$0,$0,$0,$0,$0,$0,$0,$0,$0,$0,$0,$0,$0,$0,$0,$0,$0,$0,$0,$0,$0,$0,$0,$0,$0,$0,$0,$0,$0,$0,$0,$0,$0,$0,$0,$0,$0,$0,$0,$0,$0,$0,$0
38,2009-04-30,8.42,$9.82,0.86,$21.26,0.4,$3.29,2.56,$-1.53,0.0,$0.30B,$0.10B,3.06,$0.14B,$0.38B,0.35,$0.84B,$0.16B,18.62%,$0.84B,$0.28B,33.17%,$0.84B,$0.03B,3.82%,$0.84B,$0.53B,63.60%,$0.84B,$-0.07B,-7.88%,$0.84B,$-0.06B,-7.04%,$-0.06B,$0.38B,-19.41%,$-0.06B,$0.17B,-48.96%,$-0.06B,$0.67B,-10.86%,$0.28B,$0.52B,66.31%,$258,$207,$51,$0,$24,$247,$11,$0,$11,$3,$8,$8,$8,$155,$11,$39,39,$0.19,$0.19,$79,$9,$74,$297,$148,$0,$216,$11,$374,$672,$97,$135,$35,$192,$289,$13,$199,$-0,$383,$672,$-60,$145,$-9,$136,$38,$0,$-5,$28,$20,$96,$-21,$0,$0,$0,$0,$0,$-0,$-21,$-13,$0,$-13,$-3,$-3,$0,$-2,$-18,$57,$3,$0
39,2009-01-31,6.81,$9.56,0.71,$21.95,0.31,$2.21,3.08,$-1.55,0.0,$0.30B,$0.10B,2.92,$0.15B,$0.38B,0.39,$0.87B,$0.16B,18.21%,$0.87B,$0.28B,31.96%,$0.87B,$0.03B,3.78%,$0.87B,$0.44B,50.40%,$0.87B,$-0.07B,-7.56%,$0.87B,$-0.06B,-6.87%,$-0.06B,$0.38B,-18.69%,$-0.06B,$0.16B,-53.10%,$-0.06B,$0.68B,-10.49%,$0.28B,$0.52B,63.34%,$246,$206,$40,$0,$0,$0,$246,$0,$-95,$-17,$0,$-78,$-78,$357,$0,$39,39,$-1.98,$-1.98,$74,$10,$71,$298,$157,$0,$217,$12,$386,$684,$102,$146,$40,$204,$307,$13,$191,$-0,$377,$684,$-67,$128,$-12,$116,$31,$0,$-7,$30,$27,$75,$-16,$0,$0,$0,$0,$0,$-0,$-17,$-5,$0,$-5,$0,$0,$0,$-2,$-7,$52,$2,$0
40,2008-10-31,8.88,$11.58,0.77,$22.70,0.39,$1.30,6.84,$0.36,24.67,$0.34B,$0.12B,2.95,$0.18B,$0.46B,0.4,$0.91B,$0.16B,17.11%,$0.91B,$0.32B,34.87%,$0.91B,$0.03B,3.62%,$0.91B,$0.39B,42.21%,$0.91B,$0.02B,2.63%,$0.91B,$0.02B,1.64%,$0.02B,$0.46B,4.41%,$0.02B,$0.16B,13.95%,$0.02B,$0.82B,2.51%,$0.32B,$0.64B,68.91%,$334,$269,$65,$0,$28,$313,$21,$-4,$18,$7,$11,$11,$11,$21,$21,$39,39,$0.27,$0.27,$46,$10,$108,$339,$165,$0,$301,$11,$477,$817,$115,$181,$45,$246,$361,$13,$269,$-0,$456,$817,$11,$17,$4,$21,$-9,$0,$3,$-8,$-27,$4,$-8,$0,$0,$0,$0,$0,$-0,$-8,$29,$0,$29,$0,$0,$0,$-2,$28,$24,$2,$0
41,2008-07-31,15.87,$0.00,0.0,$22.23,0.71,$1.36,11.69,$0.45,35.27,$0.00B,$0.00B,0.0,$0.00B,$0.00B,0.0,$0.91B,$0.16B,17.51%,$0.91B,$0.32B,35.68%,$0.91B,$0.04B,4.30%,$0.91B,$0.39B,43.06%,$0.91B,$0.03B,3.41%,$0.91B,$0.02B,2.09%,$0.02B,$0.00B,5.57%,$0.02B,$0.00B,18.36%,$0.02B,$0.00B,3.18%,$0.32B,$0.00B,70.59%,$0,$0,$0,$0,$0,$0,$0,$0,$0,$0,$0,$0,$0,$0,$0,$0,0,$0.00,$0.00,$0,$0,$0,$0,$0,$0,$0,$0,$0,$0,$0,$0,$0,$0,$0,$0,$0,$0,$0,$0,$0,$0,$0,$0,$0,$0,$0,$0,$0,$0,$0,$0,$0,$0,$0,$0,$0,$0,$0,$0,$0,$0,$0,$0,$0,$0,$0,$0,$0
42,2008-04-30,14.38,$11.26,1.28,$22.23,0.65,$1.36,10.59,$0.45,31.96,$0.29B,$0.12B,2.36,$0.15B,$0.45B,0.34,$0.91B,$0.16B,17.51%,$0.91B,$0.32B,35.68%,$0.91B,$0.04B,4.30%,$0.91B,$0.39B,43.06%,$0.91B,$0.03B,3.41%,$0.91B,$0.02B,2.09%,$0.02B,$0.45B,5.57%,$0.02B,$0.14B,18.36%,$0.02B,$0.79B,3.18%,$0.32B,$0.60B,70.59%,$293,$240,$54,$0,$25,$282,$12,$-0,$11,$4,$8,$8,$7,$62,$12,$40,40,$0.17,$0.17,$25,$9,$94,$285,$177,$0,$315,$11,$502,$787,$121,$152,$42,$215,$336,$13,$256,$0,$451,$787,$19,$51,$-2,$49,$20,$0,$-1,$9,$19,$87,$-54,$0,$1,$0,$0,$0,$-0,$-53,$-13,$0,$-13,$-13,$-13,$0,$-2,$-27,$6,$5,$0
43,2008-01-31,23.57,$11.08,2.13,$22.14,1.06,$1.31,17.99,$0.58,40.64,$0.29B,$0.12B,2.37,$0.15B,$0.46B,0.34,$0.91B,$0.16B,17.97%,$0.91B,$0.33B,36.49%,$0.91B,$0.05B,5.07%,$0.91B,$0.39B,43.11%,$0.91B,$0.04B,4.52%,$0.91B,$0.02B,2.65%,$0.02B,$0.46B,7.18%,$0.02B,$0.14B,25.33%,$0.02B,$0.79B,4.04%,$0.33B,$0.61B,72.07%,$285,$248,$37,$0,$0,$0,$285,$0,$-5,$-2,$0,$-3,$-3,$302,$0,$41,41,$-0.08,$-0.08,$27,$10,$92,$286,$174,$0,$317,$11,$502,$788,$121,$152,$44,$213,$334,$14,$249,$0,$455,$788,$12,$33,$-5,$29,$18,$0,$-3,$11,$22,$63,$-39,$0,$0,$0,$0,$0,$-0,$-40,$-12,$0,$-12,$-1,$-1,$0,$-2,$-15,$8,$3,$0
44,2007-10-31,28.25,$11.19,2.53,$21.52,1.31,$1.50,18.88,$0.80,35.31,$0.31B,$0.13B,2.46,$0.17B,$0.46B,0.37,$0.88B,$0.17B,19.77%,$0.88B,$0.30B,34.55%,$0.88B,$0.05B,5.23%,$0.88B,$0.36B,41.14%,$0.88B,$0.06B,6.25%,$0.88B,$0.03B,3.75%,$0.03B,$0.46B,10.24%,$0.03B,$0.14B,40.12%,$0.03B,$0.82B,5.66%,$0.30B,$0.63B,67.11%,$330,$261,$68,$0,$26,$303,$27,$-2,$25,$10,$15,$15,$15,$27,$27,$41,41,$0.37,$0.36,$19,$9,$110,$312,$173,$0,$319,$12,$503,$815,$127,$168,$45,$230,$357,$14,$252,$0,$458,$815,$15,$16,$-2,$15,$-10,$0,$2,$-7,$-12,$18,$-19,$0,$0,$0,$0,$0,$-0,$-20,$4,$0,$4,$-2,$-2,$0,$-0,$2,$0,$2,$0
45,2007-07-31,27.95,$0.00,0.0,$20.19,1.38,$1.57,17.82,$0.68,41.1,$0.00B,$0.00B,0.0,$0.00B,$0.00B,0.0,$0.82B,$0.16B,19.37%,$0.82B,$0.30B,36.05%,$0.82B,$0.04B,4.63%,$0.82B,$0.35B,43.12%,$0.82B,$0.05B,5.60%,$0.82B,$0.03B,3.41%,$0.03B,$0.00B,9.09%,$0.03B,$0.00B,41.48%,$0.03B,$0.00B,4.91%,$0.30B,$0.00B,66.82%,$0,$0,$0,$0,$0,$0,$0,$0,$0,$0,$0,$0,$0,$0,$0,$0,0,$0.00,$0.00,$0,$0,$0,$0,$0,$0,$0,$0,$0,$0,$0,$0,$0,$0,$0,$0,$0,$0,$0,$0,$0,$0,$0,$0,$0,$0,$0,$0,$0,$0,$0,$0,$0,$0,$0,$0,$0,$0,$0,$0,$0,$0,$0,$0,$0,$0,$0,$0,$0
46,2007-04-30,25.91,$10.40,2.49,$20.19,1.28,$1.57,16.52,$0.68,38.1,$0.28B,$0.12B,2.34,$0.18B,$0.42B,0.42,$0.82B,$0.16B,19.37%,$0.82B,$0.30B,36.05%,$0.82B,$0.04B,4.63%,$0.82B,$0.35B,43.12%,$0.82B,$0.05B,5.60%,$0.82B,$0.03B,3.41%,$0.03B,$0.42B,9.09%,$0.03B,$0.10B,41.48%,$0.03B,$0.77B,4.91%,$0.30B,$0.60B,66.82%,$292,$234,$58,$0,$24,$273,$19,$2,$21,$8,$13,$13,$12,$62,$19,$40,41,$0.31,$0.31,$16,$9,$106,$279,$161,$0,$322,$13,$495,$774,$119,$179,$33,$230,$349,$14,$225,$0,$424,$774,$28,$43,$-2,$41,$23,$0,$-5,$-13,$9,$78,$-47,$0,$-62,$0,$0,$0,$-1,$-109,$17,$0,$17,$3,$3,$0,$-1,$20,$-11,$5,$0
47,2007-01-31,22.63,$10.02,2.26,$19.29,1.17,$1.51,15.03,$0.22,102.86,$0.26B,$0.11B,2.31,$0.18B,$0.41B,0.43,$0.78B,$0.15B,18.97%,$0.78B,$0.28B,35.38%,$0.78B,$0.02B,2.31%,$0.78B,$0.34B,43.97%,$0.78B,$0.02B,3.08%,$0.78B,$0.01B,1.15%,$0.01B,$0.41B,3.04%,$0.01B,$0.09B,12.90%,$0.01B,$0.74B,1.64%,$0.28B,$0.58B,64.71%,$258,$211,$48,$0,$0,$0,$258,$0,$9,$4,$0,$6,$6,$273,$0,$40,41,$0.14,$0.14,$14,$8,$94,$257,$154,$0,$319,$13,$487,$744,$111,$175,$32,$225,$336,$14,$212,$-0,$407,$744,$15,$28,$2,$29,$30,$0,$-2,$-1,$20,$64,$-33,$0,$-56,$0,$0,$0,$-1,$-90,$13,$0,$13,$1,$1,$0,$-1,$13,$-13,$3,$0
48,2006-10-31,23.31,$9.87,2.36,$18.82,1.24,$1.09,21.39,$0.18,129.5,$0.29B,$0.13B,2.24,$0.19B,$0.40B,0.46,$0.76B,$0.14B,18.45%,$0.76B,$0.26B,33.60%,$0.76B,$0.02B,2.37%,$0.76B,$0.32B,42.03%,$0.76B,$0.02B,2.90%,$0.76B,$0.01B,0.92%,$0.01B,$0.40B,2.41%,$0.01B,$0.08B,9.69%,$0.01B,$0.76B,1.29%,$0.26B,$0.59B,60.43%,$271,$218,$53,$0,$22,$252,$19,$-3,$16,$6,$10,$10,$10,$19,$19,$40,41,$0.24,$0.24,$7,$9,$99,$285,$142,$0,$321,$14,$477,$762,$127,$185,$33,$233,$361,$14,$207,$-0,$401,$762,$10,$13,$0,$13,$-1,$0,$2,$-7,$-10,$13,$-12,$0,$-55,$0,$0,$0,$-1,$-68,$28,$6,$35,$0,$0,$0,$0,$35,$-20,$2,$0
