,Date,Stock Price,Book Value per Share,Price to Book Ratio,TTM Sales per Share,Price to Sales Ratio,TTM FCF per Share,Price to FCF Ratio,TTM Net EPS,PE Ratio,Current Assets,Current Liabilities,Current Ratio,Long Term Debt,Shareholder's Equity_x,Debt to Equity Ratio,TTM Revenue_x,TTM Gross Profit,Gross Margin,TTM Revenue_y,TTM Operating Income,Operating Margin,TTM Revenue_x,TTM EBIT,EBIT Margin,TTM Revenue_y,TTM EBITDA,EBITDA Margin,TTM Revenue_x,TTM Pre-Tax Income,Pre-Tax Margin,TTM Revenue_y,TTM Net Income_x,Net Margin,TTM Net Income_y,Shareholder's Equity_y,Return on Equity,TTM Net Income_x,Tangible Equity,Return on Tangible Equity,TTM Net Income_y,Total Assets,Return on Assets,TTM Net Income,LT Investments & Debt,Return on Investment,revenue,cost-goods-sold,gross-profit,research-development-expenses,selling-general-administrative-expenses,operating-expenses,operating-income,total-non-operating-income-expense,pre-tax-income,total-provision-income-taxes,income-after-taxes,income-from-continuous-operations,net-income,ebitda,ebit,basic-shares-outstanding,shares-outstanding,eps-basic-net-earnings-per-share,eps-earnings-per-share-diluted,cash-on-hand,inventory,other-current-assets,total-current-assets,net-property-plant-equipment,long-term-investments,goodwill-intangible-assets-total,other-long-term-assets,total-long-term-assets,total-assets,total-current-liabilities,long-term-debt,other-non-current-liabilities,total-long-term-liabilities,total-liabilities,common-stock-net,retained-earnings-accumulated-deficit,comprehensive-income,total-share-holder-equity,total-liabilities-share-holders-equity,net-income-loss,total-depreciation-amortization-cash-flow,other-non-cash-items,total-non-cash-items,change-in-accounts-receivable,change-in-inventories,change-in-accounts-payable,change-in-assets-liabilities,total-change-in-assets-liabilities,cash-flow-from-operating-activities,net-change-in-property-plant-equipment,net-change-in-intangible-assets,net-acquisitions-divestitures,net-change-in-short-term-investments,net-change-in-long-term-investments,net-change-in-investments-total,investing-activities-other,cash-flow-from-investing-activities,net-long-term-debt,net-current-debt,debt-issuance-retirement-net-total,net-common-equity-issued-repurchased,net-total-equity-issued-repurchased,total-common-preferred-stock-dividends-paid,financial-activities-other,cash-flow-from-financial-activities,net-cash-flow,stock-based-compensation,common-stock-dividends-paid
0,2018-06-30,9.76,$4.51,2.16,$16.39,0.6,$-1.81,0.0,$0.44,22.18,$0.17B,$0.11B,1.55,$0.01B,$0.07B,0.09,$0.27B,$0.09B,32.84%,$0.27B,$0.01B,2.58%,$0.27B,$0.01B,2.58%,$0.27B,$0.01B,3.32%,$0.27B,$0.00B,1.48%,$0.27B,$0.01B,2.21%,$0.01B,$0.07B,8.30%,$0.01B,$0.06B,9.72%,$0.01B,$0.20B,3.49%,$0.01B,$0.08B,8.64%,$76,$53,$23,$9,$12,$74,$3,$-1,$2,$0,$1,$1,$1,$3,$3,$16,17,$0.09,$0.08,$38,$38,$0,$172,$5,$0,$10,$6,$24,$197,$111,$7,$4,$11,$123,$0,$-17,$-0,$74,$197,$1,$1,$1,$2,$-19,$-15,$18,$0,$-19,$-15,$-0,$0,$0,$0,$0,$0,$0,$-0,$-20,$44,$24,$0,$0,$0,$0,$24,$7,$1,$0
1,2018-03-31,11.44,$4.57,2.51,$15.48,0.74,$-1.31,0.0,$0.31,36.9,$0.16B,$0.09B,1.72,$0.01B,$0.08B,0.17,$0.26B,$0.09B,33.33%,$0.26B,$0.00B,1.18%,$0.26B,$0.00B,1.18%,$0.26B,$0.01B,2.35%,$0.26B,$0.00B,0.39%,$0.26B,$0.00B,1.57%,$0.00B,$0.08B,7.44%,$0.00B,$0.07B,8.74%,$0.00B,$0.19B,3.26%,$0.00B,$0.09B,4.94%,$60,$38,$22,$9,$12,$59,$0,$-0,$0,$-0,$0,$0,$0,$1,$0,$16,17,$0.01,$0.01,$33,$33,$0,$159,$6,$0,$10,$6,$26,$185,$92,$13,$5,$17,$110,$0,$-18,$2,$75,$185,$0,$1,$1,$1,$-9,$-8,$6,$-2,$-15,$-14,$-0,$0,$0,$0,$0,$0,$0,$-0,$-2,$19,$17,$0,$0,$0,$0,$17,$3,$0,$0
2,2017-12-31,9.26,$4.50,2.06,$15.08,0.61,$-0.56,0.0,$0.08,115.75,$0.13B,$0.07B,1.88,$0.01B,$0.07B,0.13,$0.25B,$0.08B,32.79%,$0.25B,0,0.00%,$0.25B,0,0.00%,$0.25B,$0.00B,1.62%,$0.25B,$-0.00B,-0.81%,$0.25B,0,0.00%,$0.00B,$0.07B,0.00%,$0.00B,$0.06B,0.00%,$0.00B,$0.16B,0.00%,$0.00B,$0.08B,0.00%,$69,$47,$22,$8,$11,$66,$2,$-1,$1,$-3,$4,$4,$4,$3,$2,$16,16,$0.26,$0.26,$30,$25,$0,$133,$6,$0,$11,$6,$26,$159,$71,$10,$5,$14,$85,$0,$-19,$2,$74,$159,$1,$4,$1,$4,$-3,$6,$-4,$-4,$-4,$2,$-1,$-0,$1,$1,$0,$1,$-6,$-5,$-24,$26,$1,$0,$0,$0,$0,$2,$-0,$1,$0
3,2017-09-30,6.83,$4.05,1.69,$17.42,0.39,$-0.42,0.0,$-0.53,0.0,$0.13B,$0.07B,1.8,$0.01B,$0.07B,0.08,$0.25B,$0.07B,29.13%,$0.25B,$-0.01B,-1.97%,$0.25B,$-0.01B,-1.97%,$0.25B,0,0.00%,$0.25B,$-0.01B,-2.36%,$0.25B,$-0.01B,-3.94%,$-0.01B,$0.07B,-30.08%,$-0.01B,$0.06B,-36.70%,$-0.01B,$0.15B,-13.70%,$-0.01B,$0.07B,-13.79%,$66,$44,$22,$9,$11,$65,$2,$-0,$1,$0,$1,$1,$1,$2,$2,$16,16,$0.09,$0.09,$23,$32,$0,$129,$6,$0,$11,$2,$18,$147,$71,$5,$3,$9,$81,$0,$-23,$-1,$66,$147,$-3,$3,$0,$4,$-3,$-1,$7,$-0,$-1,$-1,$-1,$-0,$0,$1,$0,$1,$-6,$-6,$-16,$14,$-2,$0,$0,$0,$0,$-2,$-8,$1,$0
4,2017-06-30,6.0,$0.00,0.0,$16.17,0.37,$0.83,7.22,$-0.92,0.0,$0.00B,$0.00B,0.0,$0.00B,$0.00B,0.0,$0.22B,$0.06B,27.85%,$0.22B,$-0.01B,-5.48%,$0.22B,$-0.01B,-5.48%,$0.22B,$-0.01B,-2.74%,$0.22B,$-0.01B,-5.48%,$0.22B,$-0.02B,-7.31%,$-0.02B,$0.00B,-44.14%,$-0.02B,$0.00B,-54.24%,$-0.02B,$0.00B,-21.33%,$-0.01B,$0.00B,-30.19%,$60,$41,$19,$9,$11,$61,$-1,$0,$-1,$0,$-1,$-1,$-1,$0,$-1,$16,16,$-0.05,$-0.05,$0,$0,$0,$0,$0,$0,$0,$0,$0,$0,$0,$0,$0,$0,$0,$0,$0,$0,$0,$0,$-4,$2,$1,$4,$-9,$-4,$4,$-1,$-6,$-7,$-1,$-0,$0,$1,$0,$1,$0,$0,$-10,$9,$-1,$0,$0,$0,$0,$-1,$-6,$0,$0
5,2017-03-31,6.25,$0.00,0.0,$15.84,0.39,$1.47,4.26,$-1.12,0.0,$0.00B,$0.00B,0.0,$0.00B,$0.00B,0.0,$0.18B,$0.05B,28.02%,$0.18B,$-0.01B,-7.14%,$0.18B,$-0.01B,-7.14%,$0.18B,$-0.01B,-3.85%,$0.18B,$-0.01B,-7.14%,$0.18B,$-0.02B,-9.34%,$-0.02B,$0.00B,-38.42%,$-0.02B,$0.00B,-45.33%,$-0.02B,$0.00B,-19.10%,$-0.01B,$0.00B,-27.23%,$52,$34,$18,$9,$11,$55,$-3,$-1,$-3,$0,$-3,$-3,$-4,$-1,$-3,$16,16,$-0.23,$-0.23,$0,$0,$0,$0,$0,$0,$0,$0,$0,$0,$0,$0,$0,$0,$0,$0,$0,$0,$0,$0,$-3,$1,$1,$3,$-1,$-4,$7,$-1,$0,$-1,$-0,$-0,$0,$1,$0,$1,$0,$0,$-4,$3,$-2,$0,$0,$0,$0,$-2,$-1,$0,$0
6,2016-12-31,4.92,$4.08,1.2,$15.71,0.31,$1.86,2.64,$-1.40,0.0,$0.13B,$0.07B,1.84,$0.01B,$0.07B,0.1,$0.15B,$0.04B,27.15%,$0.15B,$-0.01B,-8.61%,$0.15B,$-0.01B,-8.61%,$0.15B,$-0.01B,-5.96%,$0.15B,$-0.01B,-8.61%,$0.15B,$-0.02B,-10.60%,$-0.02B,$0.07B,-30.48%,$-0.02B,$0.05B,-34.97%,$-0.02B,$0.15B,-15.61%,$-0.01B,$0.07B,-23.21%,$76,$61,$15,$13,$4,$79,$-3,$-0,$-3,$2,$-5,$-5,$-6,$-1,$-3,$12,12,$-0.15,$-0.15,$26,$31,$0,$125,$6,$0,$13,$2,$21,$145,$68,$7,$2,$11,$79,$0,$-20,$-3,$67,$145,$-15,$3,$2,$5,$-2,$-2,$4,$3,$14,$3,$-1,$-0,$7,$-1,$0,$-1,$-2,$3,$-22,$25,$3,$0,$0,$0,$0,$3,$9,$0,$0
7,2016-09-30,5.7,$4.74,1.2,$15.84,0.36,$2.28,2.5,$-1.00,0.0,$0.13B,$0.07B,1.97,$0.01B,$0.08B,0.09,$0.14B,$0.04B,26.28%,$0.14B,$-0.01B,-6.57%,$0.14B,$-0.01B,-6.57%,$0.14B,$-0.01B,-5.11%,$0.14B,$-0.01B,-7.30%,$0.14B,$-0.01B,-7.30%,$-0.01B,$0.08B,-21.74%,$-0.01B,$0.06B,-23.53%,$-0.01B,$0.16B,-11.49%,$-0.01B,$0.09B,-18.85%,$31,$22,$9,$6,$8,$36,$-5,$-0,$-5,$-1,$-5,$-5,$-5,$-4,$-5,$11,11,$-0.42,$-0.42,$40,$35,$0,$131,$6,$0,$14,$2,$24,$155,$66,$7,$4,$11,$77,$0,$-13,$1,$78,$155,$-9,$1,$1,$2,$14,$-4,$-6,$2,$20,$13,$-0,$-0,$7,$0,$0,$0,$-0,$6,$-16,$20,$3,$0,$0,$0,$0,$3,$24,$0,$0
8,2016-06-30,5.95,$4.62,1.29,$15.46,0.38,$0.26,23.19,$-0.90,0.0,$0.05B,$0.02B,2.38,$0.00B,$0.03B,0.0,$0.13B,$0.03B,25.58%,$0.13B,$-0.01B,-5.43%,$0.13B,$-0.01B,-5.43%,$0.13B,$-0.01B,-3.88%,$0.13B,$-0.01B,-5.43%,$0.13B,$-0.01B,-6.20%,$-0.01B,$0.03B,-23.02%,$-0.01B,$0.03B,-23.02%,$-0.01B,$0.06B,-12.70%,$-0.01B,$0.03B,-20.14%,$23,$14,$9,$3,$7,$24,$-2,$0,$-2,$0,$-2,$-2,$-2,$-1,$-2,$7,7,$-0.25,$-0.25,$8,$14,$0,$52,$4,$0,$0,$0,$5,$56,$22,$0,$3,$3,$25,$0,$-1048,$-0,$32,$56,$-5,$0,$3,$3,$2,$0,$3,$-0,$6,$4,$-3,$0,$0,$0,$0,$0,$0,$-3,$-3,$0,$-3,$0,$0,$0,$0,$-3,$-2,$3,$0
9,2016-03-31,8.0,$4.84,1.65,$16.33,0.49,$-0.00,0.0,$-0.70,0.0,$0.05B,$0.02B,2.83,$0.00B,$0.03B,0.0,$0.13B,$0.03B,25.56%,$0.13B,$-0.01B,-3.76%,$0.13B,$-0.01B,-3.76%,$0.13B,$-0.00B,-3.01%,$0.13B,$-0.01B,-3.76%,$0.13B,$-0.01B,-4.51%,$-0.01B,$0.03B,-17.02%,$-0.01B,$0.03B,-17.02%,$-0.01B,$0.05B,-9.30%,$-0.01B,$0.03B,-14.18%,$21,$12,$8,$4,$8,$24,$-3,$-0,$-3,$0,$-3,$-3,$-3,$-3,$-3,$7,7,$-0.50,$-0.50,$9,$15,$0,$52,$2,$0,$0,$0,$2,$54,$18,$0,$3,$3,$21,$0,$-1046,$-0,$33,$54,$-3,$0,$3,$3,$3,$0,$0,$-0,$4,$3,$-1,$0,$0,$0,$0,$0,$0,$-1,$-3,$0,$-3,$0,$0,$0,$0,$-3,$-1,$3,$0
10,2015-12-31,5.0,$4.37,1.14,$17.44,0.29,$-0.36,0.0,$-0.30,0.0,$0.07B,$0.04B,1.8,$0.00B,$0.04B,0.0,$0.14B,$0.04B,25.90%,$0.14B,$-0.00B,-2.16%,$0.14B,$-0.00B,-2.16%,$0.14B,$-0.00B,-0.72%,$0.14B,$-0.00B,-2.16%,$0.14B,$-0.00B,-2.88%,$-0.00B,$0.04B,-11.27%,$-0.00B,$0.04B,-11.27%,$-0.00B,$0.08B,-5.95%,$-0.00B,$0.04B,-8.45%,$62,$52,$10,$8,$0,$61,$1,$-1,$0,$-0,$0,$0,$0,$1,$1,$9,9,$0.09,$0.09,$14,$14,$0,$74,$2,$0,$1,$5,$9,$83,$41,$0,$1,$1,$42,$0,$-5,$-2,$41,$83,$-3,$1,$-1,$0,$11,$6,$-7,$0,$7,$4,$1,$0,$-1,$-2,$0,$-2,$1,$0,$-18,$18,$0,$2,$2,$0,$-3,$-1,$3,$0,$0
11,2015-09-30,6.85,$5.02,1.37,$16.11,0.43,$-2.92,0.0,$-0.65,0.0,$0.06B,$0.02B,2.37,$0.00B,$0.03B,0.0,$0.13B,$0.03B,26.98%,$0.13B,$0.00B,0.79%,$0.13B,$0.00B,0.79%,$0.13B,$0.01B,3.97%,$0.13B,$0.00B,1.59%,$0.13B,0,0.00%,$0.00B,$0.03B,0.00%,$0.00B,$0.03B,0.00%,$0.00B,$0.06B,0.00%,$0.00B,$0.03B,2.96%,$23,$17,$6,$5,$4,$26,$-3,$0,$-2,$0,$-3,$-3,$-3,$-2,$-3,$9,9,$-0.30,$-0.30,$9,$15,$0,$58,$1,$0,$0,$0,$2,$59,$24,$0,$2,$2,$26,$0,$-1043,$-0,$33,$59,$-5,$1,$-2,$-1,$11,$1,$-17,$-3,$-2,$-7,$-1,$0,$0,$0,$0,$0,$2,$2,$-16,$22,$6,$2,$2,$0,$-3,$5,$-2,$0,$0
12,2015-06-30,11.2,$5.18,2.16,$18.23,0.61,$-2.41,0.0,$-0.85,0.0,$0.06B,$0.03B,2.28,$0.00B,$0.03B,0.0,$0.13B,$0.04B,29.55%,$0.13B,$0.00B,0.76%,$0.13B,$0.00B,0.76%,$0.13B,$0.00B,3.03%,$0.13B,$0.00B,0.76%,$0.13B,0,0.00%,$0.00B,$0.03B,0.00%,$0.00B,$0.03B,0.00%,$0.00B,$0.06B,0.00%,$0.00B,$0.03B,2.90%,$27,$17,$10,$4,$7,$28,$-0,$-0,$-0,$0,$-0,$-0,$-0,$-0,$-0,$7,7,$-0.05,$-0.05,$11,$15,$0,$60,$2,$0,$0,$0,$2,$62,$27,$0,$2,$2,$28,$0,$-1042,$-0,$34,$62,$-1,$0,$1,$1,$-2,$5,$-2,$0,$0,$0,$-1,$0,$0,$0,$0,$0,$0,$-1,$0,$0,$0,$0,$0,$0,$0,$0,$-0,$0,$0
13,2015-03-31,6.5,$5.20,1.25,$18.73,0.35,$-2.35,0.0,$-0.75,0.0,$0.06B,$0.03B,2.17,$0.00B,$0.03B,0.0,$0.14B,$0.04B,29.20%,$0.14B,$0.00B,0.73%,$0.14B,$0.00B,0.73%,$0.14B,$0.00B,2.92%,$0.14B,$0.00B,0.73%,$0.14B,0,0.00%,$0.00B,$0.03B,0.00%,$0.00B,$0.03B,0.00%,$0.00B,$0.07B,0.00%,$0.00B,$0.03B,2.82%,$27,$17,$10,$4,$7,$28,$-1,$-0,$-1,$0,$-1,$-1,$-1,$-0,$-1,$7,7,$-0.10,$-0.10,$11,$17,$0,$63,$1,$0,$0,$0,$2,$65,$29,$0,$2,$2,$31,$0,$-1042,$-0,$34,$65,$-1,$0,$0,$0,$-2,$3,$-0,$0,$0,$0,$-0,$0,$0,$0,$0,$0,$0,$-0,$0,$0,$0,$0,$0,$0,$0,$0,$-0,$0,$0
14,2014-12-31,8.85,$5.28,1.68,$18.68,0.47,$-2.34,0.0,$-0.60,0.0,$0.06B,$0.03B,2.19,$0.00B,$0.03B,0.0,$0.14B,$0.04B,29.50%,$0.14B,$0.00B,1.44%,$0.14B,$0.00B,1.44%,$0.14B,$0.00B,2.88%,$0.14B,$0.00B,1.44%,$0.14B,$0.00B,0.72%,$0.00B,$0.03B,2.74%,$0.00B,$0.03B,2.74%,$0.00B,$0.07B,1.45%,$0.00B,$0.03B,5.48%,$49,$41,$8,$10,$-7,$44,$5,$0,$5,$1,$4,$4,$4,$7,$5,$9,9,$0.50,$0.50,$12,$20,$0,$64,$1,$0,$0,$0,$1,$66,$29,$0,$2,$2,$31,$0,$-1041,$-0,$34,$66,$2,$2,$-2,$-1,$-17,$-5,$8,$-9,$-21,$-20,$2,$0,$0,$-2,$0,$-2,$0,$0,$-31,$38,$7,$2,$2,$0,$0,$9,$-11,$0,$0
15,2014-09-30,13.5,$5.58,2.42,$18.25,0.74,$0.17,81.03,$-0.10,0.0,$0.07B,$0.03B,2.18,$0.00B,$0.04B,0.0,$0.12B,$0.05B,36.89%,$0.12B,$-0.00B,-1.64%,$0.12B,$-0.00B,-1.64%,$0.12B,$-0.00B,-1.64%,$0.12B,$-0.00B,-1.64%,$0.12B,$-0.00B,-1.64%,$-0.00B,$0.04B,-5.33%,$-0.00B,$0.04B,-5.33%,$-0.00B,$0.07B,-2.85%,$-0.00B,$0.04B,-5.33%,$29,$19,$11,$5,$9,$32,$-3,$-0,$-3,$0,$-3,$-3,$-3,$-3,$-3,$6,6,$-0.40,$-0.40,$14,$18,$0,$69,$1,$0,$0,$0,$1,$70,$31,$0,$2,$2,$33,$0,$-1039,$0,$36,$70,$-2,$0,$0,$1,$-1,$2,$1,$-1,$-0,$-2,$-0,$0,$0,$0,$0,$0,$0,$-0,$0,$0,$0,$0,$0,$0,$0,$0,$-2,$1,$0
16,2014-06-30,15.5,$5.95,2.61,$18.43,0.84,$0.98,15.81,$0.55,28.18,$0.07B,$0.03B,2.29,$0.00B,$0.04B,0.0,$0.13B,$0.05B,36.80%,$0.13B,$0.00B,2.40%,$0.13B,$0.00B,2.40%,$0.13B,$0.00B,2.40%,$0.13B,$0.00B,2.40%,$0.13B,$0.00B,2.40%,$0.00B,$0.04B,8.05%,$0.00B,$0.04B,8.05%,$0.00B,$0.07B,4.30%,$0.00B,$0.04B,8.05%,$32,$21,$11,$4,$6,$32,$0,$-0,$0,$0,$0,$0,$0,$0,$0,$6,7,$0.05,$0.05,$16,$17,$0,$71,$1,$0,$0,$0,$1,$72,$31,$0,$2,$2,$33,$0,$-1036,$0,$38,$72,$1,$0,$-0,$0,$-2,$2,$-0,$-0,$-1,$0,$-0,$0,$0,$0,$0,$0,$0,$-0,$0,$0,$0,$0,$0,$0,$0,$0,$-0,$0,$0
17,2014-03-31,21.1,$5.88,3.59,$18.32,1.15,$1.26,16.77,$0.65,32.46,$0.07B,$0.03B,2.51,$0.00B,$0.04B,0.0,$0.12B,$0.05B,38.21%,$0.12B,$0.00B,3.25%,$0.12B,$0.00B,3.25%,$0.12B,$0.00B,3.25%,$0.12B,$0.00B,3.25%,$0.12B,$0.00B,3.25%,$0.00B,$0.04B,11.11%,$0.00B,$0.04B,11.11%,$0.00B,$0.07B,5.93%,$0.00B,$0.04B,11.11%,$29,$18,$11,$4,$6,$28,$0,$-0,$0,$0,$0,$0,$0,$0,$0,$6,7,$0.05,$0.05,$16,$18,$0,$66,$1,$0,$0,$0,$1,$67,$26,$0,$3,$3,$29,$0,$-1037,$0,$38,$67,$0,$0,$-0,$-0,$3,$2,$-4,$0,$-0,$-0,$-0,$0,$0,$0,$0,$0,$0,$-0,$0,$0,$0,$0,$0,$0,$0,$0,$-0,$0,$0
18,2013-12-31,26.7,$5.82,4.59,$18.68,1.43,$1.37,19.51,$0.65,41.08,$0.07B,$0.03B,2.25,$0.00B,$0.04B,0.0,$0.12B,$0.05B,38.52%,$0.12B,$0.00B,3.28%,$0.12B,$0.00B,3.28%,$0.12B,$0.00B,3.28%,$0.12B,$0.00B,3.28%,$0.12B,$0.00B,3.28%,$0.00B,$0.04B,11.59%,$0.00B,$0.04B,11.59%,$0.00B,$0.07B,6.08%,$0.00B,$0.04B,11.59%,$32,$20,$12,$4,$7,$31,$1,$0,$1,$-0,$1,$1,$1,$1,$1,$6,7,$0.25,$0.20,$16,$20,$0,$71,$1,$0,$0,$0,$1,$72,$32,$0,$3,$3,$34,$0,$-1037,$0,$38,$72,$4,$0,$-1,$-1,$-6,$2,$5,$0,$1,$4,$-1,$0,$0,$0,$0,$0,$0,$-1,$0,$0,$0,$1,$1,$0,$0,$1,$5,$0,$0
19,2013-09-30,15.75,$5.59,2.82,$18.35,0.86,$0.45,35.1,$0.55,28.64,$0.07B,$0.03B,2.23,$0.00B,$0.04B,0.0,$0.12B,$0.05B,38.14%,$0.12B,$0.00B,3.39%,$0.12B,$0.00B,3.39%,$0.12B,$0.00B,3.39%,$0.12B,$0.00B,3.39%,$0.12B,$0.00B,3.39%,$0.00B,$0.04B,12.12%,$0.00B,$0.04B,12.12%,$0.00B,$0.07B,6.32%,$0.00B,$0.04B,12.12%,$32,$20,$12,$4,$6,$30,$2,$-0,$2,$0,$2,$2,$2,$2,$2,$6,7,$0.25,$0.25,$14,$21,$0,$67,$1,$0,$0,$0,$1,$68,$30,$0,$3,$3,$33,$0,$-1038,$0,$35,$68,$3,$0,$2,$2,$-5,$0,$4,$0,$-1,$3,$-0,$0,$0,$0,$0,$0,$0,$-0,$0,$0,$0,$0,$0,$0,$0,$0,$3,$0,$0
20,2013-06-30,4.0,$5.34,0.75,$18.32,0.22,$-0.51,0.0,$-0.40,0.0,$0.06B,$0.03B,2.33,$0.00B,$0.03B,0.0,$0.12B,$0.04B,35.65%,$0.12B,$-0.00B,-1.74%,$0.12B,$-0.00B,-1.74%,$0.12B,$-0.00B,-1.74%,$0.12B,$-0.00B,-1.74%,$0.12B,$-0.00B,-1.74%,$-0.00B,$0.03B,-6.25%,$-0.00B,$0.03B,-6.25%,$-0.00B,$0.06B,-3.20%,$-0.00B,$0.03B,-6.25%,$30,$18,$12,$4,$7,$29,$1,$0,$1,$0,$1,$1,$1,$1,$1,$6,7,$0.15,$0.15,$13,$20,$0,$63,$1,$0,$0,$0,$1,$63,$27,$0,$3,$3,$30,$0,$-1040,$0,$33,$63,$1,$0,$1,$1,$-3,$1,$1,$1,$-1,$2,$-0,$0,$0,$0,$0,$0,$0,$-0,$0,$0,$0,$0,$0,$0,$0,$0,$2,$0,$0
21,2013-03-31,4.45,$5.18,0.86,$18.70,0.24,$-0.81,0.0,$-0.90,0.0,$0.06B,$0.03B,2.41,$0.00B,$0.03B,0.0,$0.12B,$0.04B,32.76%,$0.12B,$-0.01B,-4.31%,$0.12B,$-0.01B,-4.31%,$0.12B,$-0.01B,-4.31%,$0.12B,$-0.01B,-4.31%,$0.12B,$-0.01B,-4.31%,$-0.01B,$0.03B,-15.38%,$-0.01B,$0.03B,-15.38%,$-0.01B,$0.06B,-7.81%,$-0.01B,$0.03B,-15.38%,$28,$18,$11,$4,$7,$28,$0,$-0,$0,$0,$0,$0,$0,$0,$0,$6,6,$0.05,$0.05,$12,$21,$0,$59,$1,$0,$0,$0,$1,$60,$25,$0,$3,$3,$28,$0,$-1041,$0,$32,$60,$0,$0,$1,$1,$1,$0,$-2,$0,$-0,$1,$-0,$0,$0,$0,$0,$0,$0,$-0,$0,$0,$0,$0,$0,$0,$0,$0,$1,$0,$0
22,2012-12-31,2.37,$5.13,0.46,$18.62,0.13,$-0.60,0.0,$-1.50,0.0,$0.06B,$0.03B,2.34,$0.00B,$0.03B,0.0,$0.12B,$0.04B,30.43%,$0.12B,$-0.01B,-6.96%,$0.12B,$-0.01B,-6.96%,$0.12B,$-0.01B,-6.96%,$0.12B,$-0.01B,-6.96%,$0.12B,$-0.01B,-6.96%,$-0.01B,$0.03B,-23.88%,$-0.01B,$0.03B,-23.88%,$-0.01B,$0.06B,-12.08%,$-0.01B,$0.03B,-23.88%,$28,$18,$10,$4,$6,$27,$1,$-0,$1,$0,$1,$1,$1,$1,$1,$6,6,$0.15,$0.15,$11,$21,$0,$61,$1,$0,$0,$0,$1,$62,$26,$0,$4,$4,$30,$0,$-1041,$0,$32,$62,$-9,$0,$4,$4,$3,$6,$-5,$0,$3,$-2,$-0,$0,$0,$0,$0,$0,$0,$-0,$0,$-5,$-5,$0,$0,$0,$0,$-5,$-7,$1,$0
23,2012-09-30,3.15,$5.01,0.63,$19.51,0.16,$-1.57,0.0,$-2.35,0.0,$0.06B,$0.03B,2.14,$0.00B,$0.03B,0.0,$0.12B,$0.04B,30.83%,$0.12B,$-0.01B,-11.67%,$0.12B,$-0.01B,-11.67%,$0.12B,$-0.01B,-10.83%,$0.12B,$-0.01B,-11.67%,$0.12B,$-0.01B,-11.67%,$-0.01B,$0.03B,-39.44%,$-0.01B,$0.03B,-39.44%,$-0.01B,$0.07B,-19.72%,$-0.01B,$0.03B,-39.44%,$29,$21,$8,$5,$7,$33,$-4,$-0,$-4,$0,$-4,$-4,$-4,$-4,$-4,$6,6,$-0.70,$-0.70,$10,$25,$0,$64,$1,$0,$0,$0,$1,$65,$30,$0,$4,$4,$34,$0,$-1042,$0,$31,$65,$-10,$0,$3,$3,$4,$2,$-0,$0,$4,$-3,$-0,$0,$0,$0,$0,$0,$0,$-0,$-5,$0,$-5,$0,$0,$0,$0,$-5,$-8,$1,$0
24,2012-06-30,3.28,$5.56,0.59,$19.73,0.17,$-1.64,0.0,$-2.10,0.0,$0.07B,$0.03B,2.23,$0.00B,$0.04B,0.0,$0.12B,$0.04B,32.23%,$0.12B,$-0.01B,-10.74%,$0.12B,$-0.01B,-10.74%,$0.12B,$-0.01B,-9.09%,$0.12B,$-0.01B,-10.74%,$0.12B,$-0.01B,-10.74%,$-0.01B,$0.04B,-33.55%,$-0.01B,$0.04B,-33.55%,$-0.01B,$0.07B,-17.28%,$-0.01B,$0.04B,-33.55%,$31,$22,$9,$5,$7,$33,$-2,$0,$-2,$0,$-2,$-2,$-2,$-2,$-2,$6,6,$-0.35,$-0.35,$13,$28,$0,$69,$1,$0,$0,$0,$1,$69,$31,$0,$4,$4,$35,$0,$-1038,$0,$35,$69,$-6,$0,$1,$1,$5,$-0,$0,$0,$4,$-0,$-0,$0,$0,$0,$0,$0,$0,$-0,$-5,$0,$-5,$0,$0,$0,$0,$-5,$-5,$0,$0
25,2012-03-31,5.8,$5.88,0.99,$19.86,0.29,$-1.91,0.0,$-2.05,0.0,$0.07B,$0.03B,2.4,$0.00B,$0.04B,0.0,$0.12B,$0.04B,33.88%,$0.12B,$-0.01B,-10.74%,$0.12B,$-0.01B,-10.74%,$0.12B,$-0.01B,-8.26%,$0.12B,$-0.01B,-10.74%,$0.12B,$-0.01B,-10.74%,$-0.01B,$0.04B,-31.33%,$-0.01B,$0.04B,-31.33%,$-0.01B,$0.07B,-16.56%,$-0.01B,$0.04B,-31.33%,$27,$19,$8,$5,$7,$30,$-3,$-0,$-3,$0,$-3,$-3,$-3,$-3,$-3,$6,6,$-0.55,$-0.55,$15,$27,$0,$68,$1,$0,$0,$0,$1,$69,$28,$0,$4,$4,$33,$0,$-1036,$0,$36,$69,$-3,$0,$1,$1,$7,$1,$-3,$-0,$5,$2,$-0,$0,$0,$0,$0,$0,$0,$-0,$-5,$0,$-5,$0,$0,$0,$0,$-5,$-3,$0,$0
26,2011-12-31,4.44,$6.41,0.69,$20.31,0.22,$-2.53,0.0,$-1.90,0.0,$0.08B,$0.04B,2.17,$0.00B,$0.04B,0.0,$0.12B,$0.04B,35.48%,$0.12B,$-0.01B,-10.48%,$0.12B,$-0.01B,-10.48%,$0.12B,$-0.01B,-7.26%,$0.12B,$-0.01B,-9.68%,$0.12B,$-0.01B,-9.68%,$-0.01B,$0.04B,-27.12%,$-0.01B,$0.04B,-27.12%,$-0.01B,$0.08B,-14.55%,$-0.01B,$0.04B,-29.38%,$33,$21,$12,$5,$7,$38,$-5,$0,$-5,$0,$-5,$-5,$-5,$-4,$-5,$6,6,$-0.75,$-0.75,$18,$27,$0,$80,$1,$0,$0,$0,$1,$81,$37,$0,$4,$4,$41,$0,$-1032,$0,$40,$81,$-12,$2,$8,$10,$-4,$4,$-0,$-0,$-5,$-7,$-1,$0,$0,$0,$0,$0,$0,$-1,$0,$5,$5,$0,$0,$0,$0,$5,$-3,$2,$0
27,2011-09-30,5.9,$7.14,0.83,$19.96,0.3,$-1.29,0.0,$-1.35,0.0,$0.08B,$0.03B,2.27,$0.00B,$0.04B,0.0,$0.12B,$0.04B,36.07%,$0.12B,$-0.01B,-7.38%,$0.12B,$-0.01B,-7.38%,$0.12B,$-0.01B,-4.92%,$0.12B,$-0.01B,-6.56%,$0.12B,$-0.01B,-6.56%,$-0.01B,$0.04B,-17.20%,$-0.01B,$0.04B,-17.20%,$-0.01B,$0.08B,-9.44%,$-0.01B,$0.04B,-19.35%,$30,$20,$10,$5,$8,$33,$-3,$-0,$-3,$0,$-3,$-3,$-3,$-2,$-3,$6,6,$-0.45,$-0.45,$18,$29,$0,$77,$5,$0,$0,$0,$5,$82,$34,$0,$4,$4,$38,$0,$-1027,$0,$44,$82,$-7,$1,$3,$4,$2,$2,$0,$0,$1,$-2,$-1,$0,$0,$0,$0,$0,$0,$-1,$0,$0,$0,$0,$0,$0,$0,$0,$-3,$1,$0
28,2011-06-30,11.95,$7.44,1.61,$20.32,0.59,$-0.76,0.0,$-0.65,0.0,$0.08B,$0.03B,2.41,$0.00B,$0.05B,0.0,$0.13B,$0.05B,38.10%,$0.13B,$-0.00B,-3.17%,$0.13B,$-0.00B,-3.17%,$0.13B,$-0.00B,-1.59%,$0.13B,$-0.00B,-2.38%,$0.13B,$-0.00B,-2.38%,$-0.00B,$0.05B,-6.25%,$-0.00B,$0.05B,-6.25%,$-0.00B,$0.08B,-3.47%,$-0.00B,$0.05B,-8.33%,$31,$20,$11,$5,$7,$33,$-2,$-0,$-2,$0,$-2,$-2,$-2,$-1,$-2,$6,6,$-0.30,$-0.30,$19,$28,$0,$77,$5,$0,$0,$0,$5,$82,$32,$0,$4,$4,$36,$0,$-1025,$0,$46,$82,$-4,$1,$2,$2,$2,$3,$-2,$-0,$1,$-1,$-1,$0,$0,$0,$0,$0,$0,$-1,$0,$0,$0,$0,$0,$0,$0,$0,$-2,$1,$0
29,2011-03-31,11.5,$7.71,1.49,$20.70,0.56,$-0.69,0.0,$-0.70,0.0,$0.08B,$0.03B,2.42,$0.00B,$0.05B,0.0,$0.13B,$0.05B,38.28%,$0.13B,$-0.00B,-3.13%,$0.13B,$-0.00B,-3.13%,$0.13B,$-0.00B,-1.56%,$0.13B,$-0.00B,-2.34%,$0.13B,$-0.00B,-2.34%,$-0.00B,$0.05B,-6.19%,$-0.00B,$0.05B,-6.19%,$-0.00B,$0.09B,-3.29%,$-0.00B,$0.05B,-8.25%,$30,$19,$11,$6,$8,$32,$-3,$0,$-2,$-0,$-2,$-2,$-2,$-2,$-3,$6,6,$-0.40,$-0.40,$19,$29,$0,$80,$5,$0,$0,$0,$5,$85,$33,$0,$5,$5,$38,$0,$-1023,$0,$47,$85,$-2,$0,$1,$1,$-0,$2,$-1,$0,$-1,$-2,$-0,$0,$0,$0,$0,$0,$0,$-0,$0,$0,$0,$0,$0,$0,$0,$0,$-2,$0,$0
30,2010-12-31,13.35,$8.09,1.65,$21.00,0.64,$-0.50,0.0,$-0.85,0.0,$0.08B,$0.04B,2.41,$0.00B,$0.05B,0.0,$0.13B,$0.05B,37.98%,$0.13B,$-0.00B,-3.10%,$0.13B,$-0.00B,-3.10%,$0.13B,$-0.00B,-2.33%,$0.13B,$-0.00B,-3.10%,$0.13B,$-0.00B,-3.10%,$-0.00B,$0.05B,-8.12%,$-0.00B,$0.05B,-8.12%,$-0.00B,$0.09B,-4.09%,$-0.00B,$0.05B,-7.44%,$31,$19,$12,$5,$8,$32,$-1,$-0,$-1,$-0,$-1,$-1,$-1,$-1,$-1,$6,6,$-0.20,$-0.15,$21,$31,$0,$84,$5,$0,$0,$0,$6,$90,$35,$0,$6,$6,$41,$0,$-1020,$0,$49,$90,$-5,$2,$1,$3,$7,$-1,$-3,$-0,$4,$2,$-3,$0,$0,$0,$0,$0,$0,$-2,$-0,$0,$-0,$0,$0,$0,$0,$-0,$-0,$2,$0
31,2010-09-30,10.3,$8.27,1.25,$21.86,0.47,$-1.94,0.0,$-0.65,0.0,$0.09B,$0.03B,2.5,$0.00B,$0.05B,0.0,$0.13B,$0.05B,38.06%,$0.13B,$-0.00B,-1.49%,$0.13B,$-0.00B,-1.49%,$0.13B,$-0.00B,-0.75%,$0.13B,$-0.00B,-2.24%,$0.13B,$-0.00B,-2.24%,$-0.00B,$0.05B,-6.00%,$-0.00B,$0.05B,-6.00%,$-0.00B,$0.09B,-2.92%,$-0.00B,$0.05B,-3.39%,$34,$20,$14,$5,$8,$32,$2,$-0,$2,$0,$2,$2,$2,$2,$2,$6,6,$0.30,$0.25,$21,$28,$0,$86,$3,$0,$0,$0,$3,$89,$34,$0,$4,$4,$39,$0,$-1019,$0,$50,$89,$-4,$1,$1,$2,$2,$2,$-4,$-0,$1,$-0,$0,$0,$0,$0,$0,$0,$0,$0,$-0,$0,$-0,$0,$0,$0,$0,$-0,$0,$2,$0
32,2010-06-30,7.45,$7.97,0.94,$22.54,0.33,$-3.40,0.0,$-1.15,0.0,$0.08B,$0.05B,1.67,$0.00B,$0.05B,0.0,$0.14B,$0.05B,36.03%,$0.14B,$-0.01B,-3.68%,$0.14B,$-0.01B,-3.68%,$0.14B,$-0.00B,-2.21%,$0.14B,$-0.01B,-4.41%,$0.14B,$-0.01B,-4.41%,$-0.01B,$0.05B,-11.94%,$-0.01B,$0.05B,-11.94%,$-0.01B,$0.10B,-5.61%,$-0.01B,$0.05B,-7.84%,$33,$21,$12,$5,$8,$35,$-2,$-0,$-2,$0,$-2,$-2,$-2,$-1,$-2,$6,6,$-0.35,$-0.35,$20,$31,$0,$82,$18,$0,$0,$0,$19,$101,$49,$0,$3,$3,$52,$0,$-1021,$0,$48,$101,$-5,$1,$2,$3,$9,$-1,$-8,$-0,$1,$-1,$-0,$0,$0,$0,$0,$0,$0,$-0,$-0,$0,$-0,$0,$0,$0,$0,$-0,$-1,$2,$0
33,2010-03-31,13.75,$8.25,1.67,$22.08,0.62,$-3.88,0.0,$-1.30,0.0,$0.09B,$0.04B,2.32,$0.02B,$0.05B,0.36,$0.13B,$0.05B,36.09%,$0.13B,$-0.01B,-3.76%,$0.13B,$-0.01B,-3.76%,$0.13B,$-0.00B,-2.26%,$0.13B,$-0.01B,-4.51%,$0.13B,$-0.01B,-4.51%,$-0.01B,$0.05B,-11.76%,$-0.01B,$0.05B,-11.76%,$-0.01B,$0.11B,-5.61%,$-0.01B,$0.07B,-7.22%,$31,$20,$11,$5,$9,$34,$-3,$-0,$-3,$-0,$-3,$-3,$-3,$-3,$-3,$6,6,$-0.55,$-0.55,$21,$32,$0,$92,$19,$0,$0,$0,$19,$111,$40,$18,$3,$22,$61,$0,$-1019,$0,$50,$111,$-3,$0,$1,$2,$-0,$-2,$1,$-0,$1,$-1,$-0,$0,$0,$0,$0,$0,$0,$0,$-0,$0,$-0,$0,$0,$0,$0,$-0,$-1,$1,$0
34,2009-12-31,10.24,$8.53,1.2,$20.95,0.49,$-4.11,0.0,$-2.00,0.0,$0.09B,$0.04B,2.44,$0.02B,$0.05B,0.35,$0.13B,$0.05B,35.71%,$0.13B,$-0.01B,-7.14%,$0.13B,$-0.01B,-7.14%,$0.13B,$-0.01B,-4.76%,$0.13B,$-0.01B,-7.94%,$0.13B,$-0.01B,-7.94%,$-0.01B,$0.05B,-19.32%,$-0.01B,$0.05B,-19.32%,$-0.01B,$0.11B,-9.39%,$-0.01B,$0.07B,-12.81%,$36,$22,$14,$5,$8,$35,$1,$-0,$0,$0,$0,$0,$0,$1,$1,$6,6,$0.10,$0.10,$22,$30,$0,$91,$19,$0,$0,$0,$19,$110,$37,$18,$3,$21,$59,$0,$-1016,$0,$52,$110,$-10,$2,$4,$6,$-15,$10,$2,$1,$-4,$-8,$-1,$0,$0,$3,$0,$3,$0,$2,$-0,$-5,$-5,$0,$0,$0,$0,$-5,$-12,$2,$0
35,2009-09-30,12.5,$8.36,1.5,$20.14,0.62,$-5.60,0.0,$-2.75,0.0,$0.09B,$0.03B,2.54,$0.02B,$0.05B,0.36,$0.12B,$0.04B,33.88%,$0.12B,$-0.01B,-11.57%,$0.12B,$-0.01B,-11.57%,$0.12B,$-0.01B,-9.09%,$0.12B,$-0.02B,-12.40%,$0.12B,$-0.02B,-12.40%,$-0.02B,$0.05B,-28.04%,$-0.02B,$0.05B,-28.04%,$-0.02B,$0.11B,-13.67%,$-0.01B,$0.07B,-19.38%,$36,$24,$12,$5,$8,$37,$-1,$-0,$-1,$0,$-1,$-1,$-1,$-0,$-1,$6,6,$-0.20,$-0.20,$22,$31,$0,$87,$19,$0,$0,$0,$19,$106,$34,$18,$3,$21,$56,$0,$-1016,$0,$51,$106,$-10,$1,$3,$4,$-10,$10,$-2,$0,$-3,$-9,$-0,$0,$0,$3,$0,$3,$0,$2,$-5,$0,$-5,$0,$0,$0,$0,$-5,$-12,$2,$0
36,2009-06-30,8.0,$8.48,0.94,$19.51,0.41,$-6.14,0.0,$-3.50,0.0,$0.08B,$0.03B,2.91,$0.02B,$0.05B,0.36,$0.12B,$0.04B,33.33%,$0.12B,$-0.02B,-16.24%,$0.12B,$-0.02B,-16.24%,$0.12B,$-0.02B,-14.53%,$0.12B,$-0.02B,-17.09%,$0.12B,$-0.02B,-17.95%,$-0.02B,$0.05B,-37.00%,$-0.02B,$0.05B,-37.00%,$-0.02B,$0.10B,-17.99%,$-0.02B,$0.07B,-25.17%,$30,$19,$11,$6,$7,$32,$-2,$-0,$-2,$0,$-2,$-2,$-2,$-1,$-2,$6,6,$-0.40,$-0.40,$27,$34,$0,$82,$19,$0,$0,$0,$20,$101,$28,$18,$3,$22,$50,$0,$-1015,$0,$51,$101,$-9,$1,$2,$3,$3,$7,$-7,$0,$2,$-4,$-0,$0,$0,$2,$0,$2,$0,$2,$-5,$0,$-5,$0,$0,$0,$0,$-5,$-7,$1,$0
37,2009-03-31,4.78,$8.78,0.54,$21.15,0.23,$-6.01,0.0,$-16.50,0.0,$0.09B,$0.03B,2.62,$0.02B,$0.05B,0.35,$0.13B,$0.04B,31.50%,$0.13B,$-0.10B,-76.38%,$0.13B,$-0.10B,-76.38%,$0.13B,$-0.03B,-19.69%,$0.13B,$-0.10B,-77.17%,$0.13B,$-0.10B,-77.95%,$-0.10B,$0.05B,-160.98%,$-0.10B,$0.05B,-160.98%,$-0.10B,$0.11B,-78.11%,$-0.10B,$0.07B,-121.25%,$24,$16,$8,$6,$9,$31,$-7,$-0,$-7,$0,$-7,$-7,$-7,$-6,$-7,$6,6,$-1.15,$-1.15,$29,$40,$0,$90,$20,$0,$0,$0,$20,$109,$34,$19,$4,$22,$57,$0,$-1013,$0,$53,$109,$-7,$1,$1,$1,$5,$1,$-2,$0,$4,$-2,$-0,$0,$0,$1,$0,$1,$0,$1,$-5,$0,$-5,$0,$0,$0,$0,$-5,$-6,$1,$0
38,2008-12-31,2.08,$9.84,0.21,$24.32,0.09,$-4.98,0.0,$-15.50,0.0,$0.10B,$0.04B,2.5,$0.02B,$0.06B,0.32,$0.15B,$0.05B,31.51%,$0.15B,$-0.09B,-62.33%,$0.15B,$-0.09B,-62.33%,$0.15B,$-0.02B,-13.01%,$0.15B,$-0.09B,-63.01%,$0.15B,$-0.09B,-63.70%,$-0.09B,$0.06B,-108.77%,$-0.09B,$0.06B,-136.76%,$-0.09B,$0.12B,-60.19%,$-0.09B,$0.08B,-87.50%,$31,$21,$10,$6,$9,$35,$-4,$-0,$-5,$0,$-5,$-5,$-5,$-4,$-4,$6,6,$-0.90,$-0.90,$36,$41,$0,$103,$20,$0,$0,$0,$20,$123,$41,$19,$4,$23,$64,$0,$-1006,$0,$59,$123,$-93,$73,$0,$73,$6,$4,$-9,$1,$2,$-17,$-1,$4,$0,$10,$0,$10,$0,$13,$-0,$0,$-0,$0,$0,$0,$0,$-0,$-5,$2,$0
39,2008-09-30,4.75,$10.58,0.45,$26.94,0.18,$-4.29,0.0,$-15.00,0.0,$0.11B,$0.05B,2.43,$0.02B,$0.06B,0.3,$0.16B,$0.05B,32.10%,$0.16B,$-0.09B,-54.32%,$0.16B,$-0.09B,-54.32%,$0.16B,$-0.02B,-9.26%,$0.16B,$-0.09B,-54.32%,$0.16B,$-0.09B,-54.94%,$-0.09B,$0.06B,-82.22%,$-0.09B,$0.06B,-121.92%,$-0.09B,$0.13B,-49.58%,$-0.09B,$0.08B,-69.43%,$32,$22,$10,$6,$9,$38,$-6,$-0,$-6,$0,$-7,$-7,$-7,$-6,$-6,$6,6,$-1.00,$-1.00,$41,$43,$0,$114,$20,$0,$0,$0,$20,$134,$47,$19,$5,$23,$70,$0,$-1001,$0,$64,$134,$-88,$72,$1,$73,$4,$2,$-4,$1,$4,$-12,$-1,$3,$0,$8,$0,$8,$0,$11,$-0,$0,$-0,$0,$0,$0,$0,$0,$-1,$2,$0
40,2008-06-30,19.5,$11.57,1.69,$28.57,0.68,$-4.50,0.0,$-14.25,0.0,$0.12B,$0.05B,2.54,$0.02B,$0.07B,0.27,$0.17B,$0.05B,31.40%,$0.17B,$-0.08B,-48.26%,$0.17B,$-0.08B,-48.26%,$0.17B,$-0.01B,-5.81%,$0.17B,$-0.08B,-48.26%,$0.17B,$-0.08B,-48.84%,$-0.08B,$0.07B,-64.74%,$-0.08B,$0.07B,-109.09%,$-0.08B,$0.14B,-41.53%,$-0.08B,$0.09B,-55.89%,$40,$28,$12,$7,$14,$120,$-80,$-0,$-80,$0,$-80,$-80,$-80,$-9,$-80,$6,6,$-13.25,$-13.25,$50,$37,$0,$120,$20,$0,$0,$0,$21,$141,$47,$19,$5,$24,$71,$0,$-994,$0,$70,$141,$-81,$71,$-1,$71,$1,$7,$-4,$1,$8,$-3,$-0,$3,$0,$7,$0,$7,$0,$10,$-0,$0,$-0,$0,$0,$0,$0,$0,$7,$1,$0
41,2008-03-31,24.5,$24.83,0.99,$29.27,0.84,$-5.22,0.0,$-1.50,0.0,$0.13B,$0.05B,2.5,$0.02B,$0.15B,0.13,$0.18B,$0.06B,32.39%,$0.18B,$-0.01B,-3.98%,$0.18B,$-0.01B,-3.98%,$0.18B,$-0.01B,-2.84%,$0.18B,$-0.01B,-3.98%,$0.18B,$-0.01B,-5.11%,$-0.01B,$0.15B,-6.00%,$-0.01B,$0.08B,-11.32%,$-0.01B,$0.22B,-4.00%,$-0.01B,$0.17B,-4.14%,$43,$29,$14,$7,$11,$44,$-1,$-0,$-1,$0,$-1,$-1,$-1,$-0,$-1,$6,6,$-0.25,$-0.25,$57,$37,$0,$129,$21,$0,$70,$0,$91,$220,$52,$19,$0,$19,$71,$0,$-914,$0,$149,$220,$-1,$0,$-2,$-2,$0,$8,$-3,$1,$7,$4,$0,$3,$0,$4,$0,$4,$0,$8,$-0,$0,$-0,$0,$0,$0,$0,$0,$11,$1,$0
42,2007-12-31,29.25,$24.92,1.17,$29.33,1.0,$-6.58,0.0,$-2.00,0.0,$0.13B,$0.05B,2.42,$0.02B,$0.15B,0.13,$0.18B,$0.06B,33.52%,$0.18B,$-0.01B,-6.25%,$0.18B,$-0.01B,-6.25%,$0.18B,$-0.01B,-5.11%,$0.18B,$-0.01B,-6.25%,$0.18B,$-0.01B,-7.39%,$-0.01B,$0.15B,-8.60%,$-0.01B,$0.08B,-16.15%,$-0.01B,$0.22B,-5.67%,$-0.01B,$0.17B,-6.46%,$47,$31,$16,$7,$10,$48,$-1,$-0,$-1,$0,$-1,$-1,$-1,$-0,$-1,$6,6,$-0.25,$-0.25,$50,$45,$0,$132,$21,$0,$70,$0,$91,$223,$54,$19,$0,$19,$74,$0,$-913,$1,$150,$223,$-12,$3,$0,$3,$-5,$0,$2,$1,$-5,$-15,$1,$5,$0,$5,$0,$5,$0,$12,$-8,$1,$-7,$1,$1,$0,$0,$-6,$-9,$3,$0
43,2007-09-30,29.75,$25.06,1.19,$28.99,1.03,$-7.04,0.0,$-2.50,0.0,$0.13B,$0.06B,2.42,$0.02B,$0.15B,0.13,$0.17B,$0.06B,34.10%,$0.17B,$-0.01B,-8.09%,$0.17B,$-0.01B,-8.09%,$0.17B,$-0.01B,-7.51%,$0.17B,$-0.02B,-8.67%,$0.17B,$-0.02B,-9.83%,$-0.02B,$0.15B,-11.09%,$-0.02B,$0.08B,-20.61%,$-0.02B,$0.23B,-7.28%,$-0.01B,$0.17B,-8.13%,$42,$29,$12,$8,$11,$43,$-1,$-0,$-1,$0,$-2,$-2,$-2,$-1,$-1,$6,6,$-0.25,$-0.25,$50,$43,$0,$133,$21,$0,$70,$0,$92,$225,$55,$19,$0,$19,$74,$0,$-912,$1,$150,$225,$-11,$2,$-0,$2,$-6,$2,$1,$0,$-5,$-14,$0,$5,$0,$5,$0,$5,$0,$10,$-8,$1,$-7,$1,$1,$0,$0,$-7,$-10,$2,$0
44,2007-06-30,35.88,$25.15,1.43,$29.28,1.23,$-7.25,0.0,$-22.50,0.0,$0.14B,$0.06B,2.32,$0.02B,$0.15B,0.13,$0.17B,$0.06B,35.63%,$0.17B,$-0.13B,-77.01%,$0.17B,$-0.13B,-77.01%,$0.17B,$-0.02B,-10.34%,$0.17B,$-0.14B,-77.59%,$0.17B,$-0.14B,-78.16%,$-0.14B,$0.15B,-87.18%,$-0.14B,$0.08B,-160.00%,$-0.14B,$0.23B,-56.84%,$-0.13B,$0.17B,-76.57%,$44,$29,$15,$9,$11,$48,$-4,$-0,$-4,$0,$-5,$-5,$-5,$-4,$-4,$6,6,$-0.75,$-0.75,$57,$43,$0,$138,$22,$0,$71,$1,$93,$232,$60,$19,$2,$21,$81,$0,$-910,$0,$151,$232,$-9,$1,$4,$5,$-5,$2,$1,$0,$-4,$-8,$1,$0,$0,$-4,$0,$-4,$0,$-3,$-0,$0,$-0,$0,$0,$0,$0,$0,$-11,$2,$0
45,2007-03-31,31.0,$25.76,1.2,$31.03,1.0,$-5.99,0.0,$-24.00,0.0,$0.14B,$0.06B,2.31,$0.02B,$0.15B,0.13,$0.18B,$0.06B,32.07%,$0.18B,$-0.14B,-77.72%,$0.18B,$-0.14B,-77.72%,$0.18B,$-0.03B,-14.13%,$0.18B,$-0.14B,-78.26%,$0.18B,$-0.14B,-78.26%,$-0.14B,$0.15B,-76.49%,$-0.14B,$0.08B,-161.80%,$-0.14B,$0.24B,-52.55%,$-0.14B,$0.17B,-68.34%,$43,$28,$16,$9,$11,$48,$-5,$-0,$-5,$0,$-5,$-5,$-5,$-4,$-5,$6,6,$-0.75,$-0.75,$60,$44,$0,$142,$23,$0,$71,$1,$95,$237,$62,$19,$2,$21,$83,$0,$-906,$0,$154,$237,$-5,$1,$2,$3,$-4,$1,$1,$0,$-2,$-4,$-0,$0,$0,$2,$0,$2,$0,$2,$-0,$0,$-0,$0,$0,$0,$0,$0,$-2,$1,$0
46,2006-12-31,32.75,$26.39,1.24,$32.69,1.0,$-5.67,0.0,$-24.00,0.0,$0.15B,$0.06B,2.37,$0.02B,$0.16B,0.12,$0.19B,$0.06B,32.47%,$0.19B,$-0.14B,-73.20%,$0.19B,$-0.14B,-73.20%,$0.19B,$-0.02B,-11.86%,$0.19B,$-0.14B,-73.71%,$0.19B,$-0.14B,-73.71%,$-0.14B,$0.16B,-64.27%,$-0.14B,$0.09B,-154.18%,$-0.14B,$0.24B,-45.91%,$-0.14B,$0.18B,-57.78%,$44,$28,$16,$9,$12,$49,$-4,$-0,$-5,$0,$-5,$-5,$-5,$-4,$-4,$6,6,$-0.75,$-0.75,$64,$45,$0,$145,$24,$0,$71,$1,$95,$240,$61,$19,$2,$21,$83,$0,$-901,$0,$158,$240,$-143,$119,$11,$130,$-3,$3,$1,$0,$-4,$-16,$-0,$9,$0,$2,$0,$2,$-0,$11,$-3,$1,$-2,$2,$2,$0,$0,$0,$-5,$6,$0
