,Date,Stock Price,Book Value per Share,Price to Book Ratio,TTM Sales per Share,Price to Sales Ratio,TTM FCF per Share,Price to FCF Ratio,TTM Net EPS,PE Ratio,Current Assets,Current Liabilities,Current Ratio,Long Term Debt,Shareholder's Equity_x,Debt to Equity Ratio,TTM Revenue_x,TTM Gross Profit,Gross Margin,TTM Revenue_y,TTM Operating Income,Operating Margin,TTM Revenue_x,TTM EBIT,EBIT Margin,TTM Revenue_y,TTM EBITDA,EBITDA Margin,TTM Revenue_x,TTM Pre-Tax Income,Pre-Tax Margin,TTM Revenue_y,TTM Net Income_x,Net Margin,TTM Net Income_y,Shareholder's Equity_y,Return on Equity,TTM Net Income_x,Tangible Equity,Return on Tangible Equity,TTM Net Income_y,Total Assets,Return on Assets,TTM Net Income,LT Investments & Debt,Return on Investment,revenue,cost-goods-sold,gross-profit,research-development-expenses,selling-general-administrative-expenses,operating-expenses,operating-income,total-non-operating-income-expense,pre-tax-income,total-provision-income-taxes,income-after-taxes,income-from-continuous-operations,net-income,ebitda,ebit,basic-shares-outstanding,shares-outstanding,eps-basic-net-earnings-per-share,eps-earnings-per-share-diluted,cash-on-hand,inventory,other-current-assets,total-current-assets,net-property-plant-equipment,long-term-investments,goodwill-intangible-assets-total,other-long-term-assets,total-long-term-assets,total-assets,total-current-liabilities,long-term-debt,other-non-current-liabilities,total-long-term-liabilities,total-liabilities,common-stock-net,retained-earnings-accumulated-deficit,comprehensive-income,total-share-holder-equity,total-liabilities-share-holders-equity,net-income-loss,total-depreciation-amortization-cash-flow,other-non-cash-items,total-non-cash-items,change-in-accounts-receivable,change-in-inventories,change-in-accounts-payable,change-in-assets-liabilities,total-change-in-assets-liabilities,cash-flow-from-operating-activities,net-change-in-property-plant-equipment,net-change-in-intangible-assets,net-acquisitions-divestitures,net-change-in-short-term-investments,net-change-in-long-term-investments,net-change-in-investments-total,investing-activities-other,cash-flow-from-investing-activities,net-long-term-debt,net-current-debt,debt-issuance-retirement-net-total,net-common-equity-issued-repurchased,net-total-equity-issued-repurchased,total-common-preferred-stock-dividends-paid,financial-activities-other,cash-flow-from-financial-activities,net-cash-flow,stock-based-compensation,common-stock-dividends-paid
0,2018-09-30,37.66,$0.00,0.0,$51.12,0.74,$6.46,5.83,$2.85,13.21,$49.47B,$35.26B,1.4,$23.11B,$59.14B,0.39,$92.39B,$27.37B,29.62%,$92.39B,$15.12B,16.37%,$92.39B,$15.12B,16.37%,$92.39B,$23.04B,24.93%,$92.39B,$13.80B,14.94%,$92.39B,$6.80B,7.35%,$6.80B,$59.14B,11.67%,$6.80B,$55.60B,12.42%,$6.80B,$143.23B,4.90%,$15.12B,$82.25B,18.55%,$23147,$16101,$7046,$0,$919,$19137,$4010,$-171,$3839,$2060,$1779,$1779,$1778,$5884,$4010,$1820,1820,$0.98,$0.98,$19569,$5895,$5830,$49469,$69496,$5548,$3543,$2900,$93761,$143231,$35261,$23109,$16699,$48825,$84086,$4657,$4333,$0,$59144,$143231,$4343,$6174,$5057,$11231,$-1069,$-735,$820,$973,$-10,$10839,$-5933,$-220,$169,$-366,$16,$-350,$1105,$-5230,$1653,$-386,$1267,$0,$0,$-3433,$0,$-2166,$3463,$0,$-3433
1,2018-06-30,37.12,$0.00,0.0,$49.19,0.75,$4.49,8.27,$3.08,12.05,$45.35B,$32.23B,1.41,$22.70B,$60.19B,0.38,$87.79B,$24.69B,28.12%,$87.79B,$12.28B,13.99%,$87.79B,$12.28B,13.99%,$87.79B,$20.89B,23.79%,$87.79B,$11.15B,12.70%,$87.79B,$5.42B,6.17%,$5.42B,$60.19B,9.49%,$5.42B,$56.62B,10.11%,$5.42B,$141.11B,3.96%,$12.28B,$82.90B,15.24%,$22471,$16238,$6233,$0,$843,$19324,$3147,$11,$3158,$1659,$1499,$1499,$1493,$5192,$3147,$1789,1789,$0.84,$0.84,$16596,$5628,$4434,$45346,$71161,$5765,$3568,$2952,$95766,$141112,$32229,$22704,$17021,$48691,$80920,$4776,$2621,$0,$60192,$141112,$2630,$4301,$2846,$7146,$-1082,$-216,$-304,$838,$-763,$6225,$-4018,$-132,$500,$-347,$-41,$-388,$773,$-3265,$-872,$-290,$-1162,$0,$0,$-1721,$0,$-2883,$92,$0,$-1721
2,2018-03-31,34.74,$0.00,0.0,$36.63,0.95,$3.25,10.67,$2.24,15.51,$44.09B,$30.44B,1.45,$24.42B,$59.29B,0.41,$82.68B,$22.13B,26.76%,$82.68B,$9.76B,11.80%,$82.68B,$9.76B,11.80%,$82.68B,$18.51B,22.39%,$82.68B,$8.36B,10.11%,$82.68B,$3.95B,4.77%,$3.95B,$59.29B,7.11%,$3.95B,$55.65B,7.58%,$3.95B,$140.53B,2.95%,$9.76B,$83.70B,12.37%,$22208,$15773,$6435,$0,$1037,$19259,$2949,$-192,$2757,$1592,$1165,$1165,$1163,$5204,$2949,$1819,1819,$0.64,$0.64,$14907,$5318,$3218,$44089,$76690,$5352,$3636,$3850,$96438,$140527,$30437,$24417,$19217,$50803,$81240,$4923,$1163,$0,$59287,$140527,$1165,$2256,$1828,$4083,$-2355,$231,$117,$730,$-1277,$2688,$-3074,$-42,$21,$-290,$9,$-281,$-208,$-3584,$-1299,$207,$-1093,$0,$0,$-1,$0,$-1094,$-2013,$0,$-1
3,2017-12-31,32.63,$29.91,1.09,$35.48,0.92,$3.32,9.82,$2.18,14.97,$41.18B,$27.96B,1.47,$22.81B,$54.34B,0.42,$80.23B,$20.93B,26.09%,$80.23B,$9.06B,11.29%,$80.23B,$9.06B,11.29%,$80.23B,$17.51B,21.83%,$80.23B,$7.74B,9.64%,$80.23B,$3.81B,4.75%,$3.81B,$54.34B,6.95%,$3.81B,$51.04B,7.41%,$3.81B,$129.90B,2.88%,$9.06B,$77.15B,11.69%,$24565,$16914,$7652,$0,$819,$19551,$5014,$-967,$4047,$1686,$2361,$2361,$2361,$6755,$5014,$1801,1801,$1.31,$1.31,$15352,$5223,$2818,$41180,$71387,$4216,$3306,$3389,$88723,$129903,$27958,$22808,$18026,$47601,$75559,$4527,$3814,$0,$54344,$129903,$3817,$8458,$1586,$10044,$743,$-391,$321,$998,$1671,$11435,$-6494,$-214,$3009,$-104,$-32,$-136,$-425,$-4259,$-1278,$-657,$-1935,$0,$0,$-3259,$0,$-5194,$1909,$0,$-3259
4,2017-09-30,32.52,$0.00,0.0,$31.99,1.02,$-0.26,0.0,$1.00,32.52,$40.46B,$31.82B,1.27,$23.98B,$54.74B,0.44,$73.93B,$17.99B,24.33%,$73.93B,$6.32B,8.55%,$73.93B,$6.32B,8.55%,$73.93B,$14.96B,20.23%,$73.93B,$5.31B,7.18%,$73.93B,$1.83B,2.48%,$1.83B,$54.74B,3.27%,$1.83B,$51.27B,3.49%,$1.83B,$136.20B,1.37%,$6.32B,$78.72B,8.04%,$18550,$14179,$4371,$0,$825,$17377,$1173,$15,$1188,$783,$405,$405,$404,$3735,$1173,$1720,1720,$0.24,$0.24,$14372,$5451,$2874,$40463,$76789,$5385,$3474,$2120,$95733,$136196,$31824,$23976,$18583,$49631,$81454,$4707,$1560,$0,$54742,$136196,$1563,$6717,$2894,$9610,$1093,$-263,$-1410,$778,$197,$7991,$-6746,$-172,$354,$-212,$-492,$-704,$1684,$-5584,$1309,$-45,$1265,$0,$0,$-3388,$0,$-2124,$222,$0,$-3388
5,2017-06-30,28.7,$0.00,0.0,$29.82,0.96,$-2.54,0.0,$0.41,70.01,$37.51B,$28.51B,1.32,$22.03B,$53.82B,0.41,$70.51B,$16.87B,23.92%,$70.51B,$5.36B,7.60%,$70.51B,$5.36B,7.60%,$70.51B,$13.53B,19.19%,$70.51B,$3.83B,5.44%,$70.51B,$0.80B,1.14%,$0.80B,$53.82B,1.42%,$0.80B,$50.47B,1.52%,$0.80B,$129.59B,0.60%,$5.36B,$75.85B,6.76%,$17361,$13690,$3670,$0,$856,$16742,$619,$-254,$365,$345,$20,$20,$20,$2820,$619,$0,0,$0.00,$0.00,$12367,$5343,$2385,$37513,$74337,$4595,$3347,$1972,$92077,$129590,$28508,$22034,$18171,$47265,$75773,$4405,$1081,$0,$53817,$129590,$1083,$4154,$2092,$6246,$1135,$-392,$-1455,$470,$-242,$5101,$-4656,$-140,$0,$-54,$12,$-42,$202,$-4635,$535,$-180,$354,$0,$0,$-1587,$0,$-1233,$-808,$0,$-1587
6,2017-03-31,30.39,$0.00,0.0,$38.18,0.8,$-3.60,0.0,$0.14,217.07,$40.84B,$30.45B,1.34,$21.55B,$56.62B,0.38,$68.63B,$16.52B,24.07%,$68.63B,$4.99B,7.27%,$68.63B,$4.99B,7.27%,$68.63B,$13.29B,19.37%,$68.63B,$3.61B,5.26%,$68.63B,$0.28B,0.41%,$0.28B,$56.62B,0.48%,$0.28B,$53.15B,0.51%,$0.28B,$133.43B,0.20%,$4.99B,$78.18B,6.16%,$19750,$14514,$5236,$0,$836,$17500,$2250,$-114,$2136,$1105,$1031,$1031,$1028,$4203,$2250,$1785,1785,$0.58,$0.58,$12655,$5039,$2438,$40838,$75348,$4618,$3476,$1981,$92591,$133429,$30448,$21554,$17650,$46357,$76805,$4268,$1028,$0,$56624,$133429,$1031,$1953,$1097,$3050,$-1600,$-233,$274,$571,$-988,$2059,$-2313,$-111,$0,$-69,$-38,$-108,$96,$-2435,$731,$-571,$160,$0,$0,$0,$0,$160,$-223,$0,$0
7,2016-12-31,29.93,$32.33,0.93,$34.86,0.86,$-4.12,0.0,$-0.92,0.0,$42.02B,$30.65B,1.37,$22.76B,$58.75B,0.39,$62.74B,$13.91B,22.17%,$62.74B,$2.39B,3.80%,$62.74B,$2.39B,3.80%,$62.74B,$10.75B,17.14%,$62.74B,$0.99B,1.57%,$62.74B,$-1.62B,-2.58%,$-1.62B,$58.75B,-2.80%,$-1.62B,$55.13B,-2.96%,$-1.62B,$137.82B,-1.19%,$2.39B,$81.50B,2.93%,$18265,$13557,$4708,$0,$896,$15987,$2278,$-657,$1621,$767,$855,$855,$381,$4198,$2278,$1801,1801,$0.21,$0.21,$13366,$5131,$4053,$42019,$78340,$4776,$3617,$1492,$95803,$137822,$30648,$22756,$18294,$48428,$79077,$4432,$-1620,$0,$58745,$137822,$-1155,$8365,$2626,$10991,$1423,$-302,$1654,$-414,$2361,$8491,$-10013,$-125,$227,$-1456,$-726,$-2182,$7176,$-4917,$2079,$-2927,$-848,$0,$0,$-3193,$0,$-4040,$515,$0,$-3193
8,2016-09-30,26.81,$0.00,0.0,$26.62,1.01,$-2.25,0.0,$-6.26,0.0,$41.82B,$26.33B,1.59,$25.54B,$55.96B,0.46,$47.90B,$9.03B,18.85%,$47.90B,$-5.23B,-10.92%,$47.90B,$-5.23B,-10.92%,$47.90B,$2.89B,6.04%,$47.90B,$-7.02B,-14.66%,$47.90B,$-11.36B,-23.72%,$-11.36B,$55.96B,-19.54%,$-11.36B,$52.80B,-20.63%,$-11.36B,$133.91B,-8.15%,$-5.23B,$81.50B,-6.44%,$15131,$11876,$3254,$0,$791,$14916,$214,$-503,$-289,$337,$-626,$-626,$-627,$2307,$214,$1756,1756,$-0.36,$-0.36,$12413,$5087,$3273,$41821,$75756,$4957,$3164,$1123,$92086,$133907,$26325,$25540,$18814,$51621,$77946,$4470,$-2013,$0,$55961,$133907,$-1546,$6445,$1874,$8319,$2158,$-143,$-371,$-887,$758,$4938,$-7667,$-54,$588,$-1414,$-754,$-2168,$7083,$-2217,$1953,$-1917,$36,$0,$0,$-3183,$0,$-3147,$-454,$0,$-3183
9,2016-06-30,29.1,$0.00,0.0,$29.45,0.99,$-0.76,0.0,$-6.48,0.0,$44.64B,$28.52B,1.57,$23.87B,$59.08B,0.4,$53.74B,$10.37B,19.29%,$53.74B,$-5.38B,-10.01%,$53.74B,$-5.38B,-10.01%,$53.74B,$3.61B,6.71%,$53.74B,$-6.81B,-12.66%,$53.74B,$-11.80B,-21.95%,$-11.80B,$59.08B,-19.28%,$-11.80B,$55.83B,-20.36%,$-11.80B,$138.20B,-8.07%,$-5.38B,$82.95B,-6.46%,$15488,$12165,$3323,$0,$831,$15239,$249,$-107,$141,$643,$-502,$-502,$-504,$2585,$249,$1852,1852,$-0.27,$-0.27,$12934,$4985,$4112,$44644,$76616,$5340,$3256,$1135,$93552,$138196,$28519,$23873,$18913,$50596,$79115,$4524,$-1403,$0,$59081,$138196,$-931,$4352,$1183,$5535,$1736,$34,$-45,$-844,$881,$3502,$-5465,$-36,$535,$-1376,$-773,$-2148,$7200,$86,$151,$-2209,$-2058,$0,$0,$-1631,$0,$-3689,$-124,$0,$-1631
10,2016-03-31,26.38,$0.00,0.0,$34.80,0.76,$0.49,53.63,$-6.30,0.0,$44.53B,$29.45B,1.51,$21.45B,$58.02B,0.37,$62.93B,$12.84B,20.40%,$62.93B,$-5.19B,-8.25%,$62.93B,$-5.19B,-8.25%,$62.93B,$4.56B,7.24%,$62.93B,$-6.41B,-10.19%,$62.93B,$-11.42B,-18.14%,$-11.42B,$58.02B,-17.82%,$-11.42B,$54.81B,-18.82%,$-11.42B,$135.67B,-7.48%,$-5.19B,$79.46B,-6.08%,$13853,$11229,$2623,$0,$794,$14207,$-354,$-132,$-487,$396,$-883,$-883,$-870,$1661,$-354,$1791,1791,$-0.49,$-0.49,$12503,$3742,$5149,$44526,$72915,$5069,$3205,$877,$91143,$135669,$29449,$21446,$18385,$48204,$77653,$4418,$-874,$0,$58016,$135669,$-883,$2016,$1072,$3088,$-260,$533,$79,$-178,$174,$1511,$-2692,$-15,$511,$-70,$-864,$-933,$5651,$2521,$-1807,$-2277,$-4084,$0,$0,$0,$0,$-4084,$908,$0,$0
11,2015-12-31,26.02,$32.80,0.79,$42.33,0.61,$1.18,22.06,$-5.37,0.0,$44.40B,$32.83B,1.35,$21.53B,$59.59B,0.36,$76.56B,$16.61B,21.70%,$76.56B,$-3.09B,-4.03%,$76.56B,$-3.09B,-4.03%,$76.56B,$7.63B,9.97%,$76.56B,$-4.42B,-5.77%,$76.56B,$-9.75B,-12.74%,$-9.75B,$59.59B,-14.17%,$-9.75B,$56.89B,-14.96%,$-9.75B,$149.67B,-5.99%,$-3.09B,$81.13B,-3.44%,$3431,$3600,$-170,$0,$-1538,$8773,$-5342,$-1045,$-6387,$589,$-6976,$-6976,$-9363,$-3662,$-5342,$1801,1801,$-5.20,$-5.20,$11670,$4342,$5121,$44396,$70838,$3623,$2702,$875,$105277,$149673,$32829,$21534,$20180,$57250,$90079,$4447,$44626,$0,$59594,$149673,$-7914,$10720,$10313,$21033,$5452,$1364,$-2496,$623,$4942,$13217,$-11377,$-945,$-172,$-203,$1917,$1713,$-1630,$-12411,$-1210,$3571,$2361,$0,$0,$-3862,$1,$-1500,$-1570,$0,$-3862
12,2015-09-30,27.39,$0.00,0.0,$59.28,0.46,$3.49,7.85,$-1.70,0.0,$54.72B,$41.09B,1.33,$21.47B,$68.06B,0.32,$107.18B,$22.69B,21.17%,$107.18B,$1.27B,1.18%,$107.18B,$1.27B,1.18%,$107.18B,$14.00B,13.06%,$107.18B,$0.31B,0.29%,$107.18B,$-3.64B,-3.39%,$-3.64B,$68.06B,-4.87%,$-3.64B,$64.21B,-5.16%,$-3.64B,$160.87B,-2.09%,$1.27B,$89.53B,1.31%,$20963,$16373,$4589,$0,$1478,$20895,$68,$-140,$-72,$942,$-1015,$-1015,$-1059,$3024,$68,$1831,1831,$-0.58,$-0.58,$11947,$8502,$5848,$54718,$84440,$6001,$3855,$1207,$106148,$160865,$41093,$21467,$21731,$51710,$92803,$4456,$-402,$0,$68062,$160865,$-951,$9040,$2929,$11969,$4783,$537,$-3039,$-829,$1453,$8220,$-8339,$-784,$79,$-132,$234,$101,$-551,$-9494,$150,$3557,$3707,$0,$0,$-3844,$1,$-136,$-1315,$0,$-3844
13,2015-06-30,30.21,$0.00,0.0,$67.58,0.45,$5.18,5.83,$0.10,302.1,$56.81B,$42.15B,1.35,$20.57B,$70.66B,0.29,$121.84B,$26.53B,21.77%,$121.84B,$4.62B,3.79%,$121.84B,$4.62B,3.79%,$121.84B,$17.36B,14.25%,$121.84B,$3.53B,2.90%,$121.84B,$-0.30B,-0.25%,$-0.30B,$70.66B,-0.38%,$-0.30B,$66.73B,-0.41%,$-0.30B,$164.13B,-0.17%,$4.62B,$91.23B,4.53%,$24680,$18883,$5798,$0,$1543,$24245,$436,$97,$533,$1154,$-621,$-621,$-125,$3532,$436,$1801,1801,$-0.09,$-0.09,$11913,$8170,$5605,$56807,$85006,$6167,$3928,$1210,$107319,$164126,$42153,$20572,$22053,$51318,$93471,$4430,$654,$0,$70655,$164126,$63,$6084,$1783,$7867,$2013,$566,$-1211,$-34,$1334,$6281,$-5931,$-512,$37,$-97,$101,$3,$-291,$-6695,$-843,$2129,$1287,$0,$0,$-2235,$1,$-947,$-1270,$0,$-2235
14,2015-03-31,28.47,$0.00,0.0,$74.67,0.38,$5.74,4.96,$0.37,76.94,$64.47B,$47.33B,1.36,$20.06B,$76.98B,0.26,$134.72B,$29.47B,21.88%,$134.72B,$7.28B,5.40%,$134.72B,$7.28B,5.40%,$134.72B,$20.45B,15.18%,$134.72B,$6.30B,4.68%,$134.72B,$0.73B,0.54%,$0.73B,$76.98B,0.88%,$0.73B,$72.86B,0.94%,$0.73B,$176.77B,0.38%,$7.28B,$97.03B,6.80%,$27483,$21086,$6396,$0,$1602,$25732,$1751,$-244,$1507,$809,$698,$698,$795,$4738,$1751,$1801,1801,$0.45,$0.45,$14190,$8567,$6360,$64474,$88613,$6472,$4123,$1263,$112300,$176774,$47329,$20055,$22853,$52465,$99794,$4520,$795,$0,$76980,$176774,$698,$2988,$166,$3154,$-1029,$204,$510,$764,$449,$2601,$-2550,$-272,$38,$-30,$60,$29,$-836,$-3590,$637,$977,$1614,$0,$0,$0,$0,$1614,$740,$0,$0
15,2014-12-31,28.71,$45.51,0.63,$81.65,0.35,$5.67,5.07,$0.91,31.55,$72.32B,$49.42B,1.46,$25.68B,$82.69B,0.31,$147.48B,$32.71B,22.18%,$147.48B,$10.52B,7.14%,$147.48B,$10.52B,7.14%,$147.48B,$23.78B,16.12%,$147.48B,$9.76B,6.62%,$147.48B,$1.72B,1.16%,$1.72B,$82.69B,2.04%,$1.72B,$77.85B,2.16%,$1.72B,$194.35B,0.89%,$10.52B,$108.37B,9.42%,$34051,$28145,$5906,$0,$1649,$35039,$-988,$-669,$-1658,$1960,$-3617,$-3617,$-3247,$2707,$-988,$1805,1805,$-1.80,$-1.80,$15812,$10043,$8449,$72323,$95659,$6819,$4845,$1359,$122030,$194353,$49415,$25677,$25916,$62243,$111659,$5324,$1716,$0,$82694,$194353,$1130,$13253,$11581,$24834,$3116,$2026,$-1666,$82,$3559,$20086,$-14075,$-2056,$-48,$-27,$4263,$4236,$55,$-11888,$-1110,$275,$-835,$-505,$-505,$-5390,$1,$-6729,$1573,$0,$-5390
16,2014-09-30,38.86,$0.00,0.0,$82.89,0.47,$2.80,13.89,$1.92,20.24,$69.94B,$45.85B,1.53,$26.59B,$84.95B,0.31,$149.83B,$35.93B,23.98%,$149.83B,$11.97B,7.99%,$149.83B,$11.97B,7.99%,$149.83B,$24.98B,16.67%,$149.83B,$13.88B,9.26%,$149.83B,$4.14B,2.76%,$4.14B,$84.95B,4.93%,$4.14B,$80.10B,5.25%,$4.14B,$192.35B,2.17%,$11.97B,$111.55B,10.70%,$35623,$27193,$8430,$0,$1721,$32201,$3422,$-271,$3151,$1034,$2118,$2118,$2274,$6381,$3422,$1804,1804,$1.27,$1.27,$14066,$11667,$6928,$69944,$93014,$7655,$4851,$1401,$122403,$192346,$45851,$26591,$24538,$61542,$107393,$5314,$4876,$0,$84953,$192346,$4663,$9558,$6942,$16500,$4362,$-691,$-3244,$-1237,$-811,$12903,$-9968,$-1441,$-48,$180,$3946,$4127,$-115,$-7445,$-422,$694,$272,$-387,$-387,$-5333,$1,$-5447,$53,$0,$-5333
17,2014-06-30,43.85,$0.00,0.0,$84.91,0.52,$1.50,29.24,$3.67,11.95,$73.07B,$46.10B,1.59,$27.39B,$84.04B,0.33,$153.64B,$36.59B,23.82%,$153.64B,$12.93B,8.41%,$153.64B,$12.93B,8.41%,$153.64B,$26.11B,16.99%,$153.64B,$19.75B,12.85%,$153.64B,$7.15B,4.65%,$7.15B,$84.04B,8.57%,$7.15B,$78.95B,9.15%,$7.15B,$192.16B,3.81%,$12.93B,$111.43B,11.61%,$37567,$28826,$8741,$0,$1886,$34473,$3093,$207,$3301,$2504,$797,$797,$903,$6627,$3093,$1806,1806,$0.49,$0.49,$16163,$11327,$6829,$73066,$90419,$7578,$5085,$1338,$119090,$192156,$46103,$27391,$24529,$62015,$108118,$5494,$2690,$0,$84038,$192156,$2631,$6598,$5922,$12520,$2159,$-387,$-2800,$-1284,$-2311,$7874,$-6509,$-1059,$-49,$-11,$3910,$3899,$-64,$-3783,$-433,$911,$477,$-277,$-277,$-2790,$1,$-2589,$1491,$0,$-2790
18,2014-03-31,38.9,$0.00,0.0,$84.48,0.46,$0.78,49.76,$3.69,10.54,$75.47B,$44.41B,1.7,$30.11B,$85.52B,0.35,$152.97B,$34.82B,22.77%,$152.97B,$11.74B,7.67%,$152.97B,$11.74B,7.67%,$152.97B,$24.52B,16.03%,$152.97B,$18.47B,12.08%,$152.97B,$6.60B,4.32%,$6.60B,$85.52B,7.99%,$6.60B,$80.27B,8.57%,$6.60B,$192.50B,3.58%,$11.74B,$115.63B,10.68%,$40242,$30607,$9635,$0,$1838,$35245,$4997,$-32,$4965,$3133,$1832,$1832,$1786,$8061,$4997,$1809,1809,$0.99,$0.99,$16443,$10207,$5978,$75469,$87979,$8637,$5244,$1131,$117034,$192503,$44410,$30110,$22876,$62576,$106985,$5489,$1786,$0,$85518,$192503,$1832,$3064,$3101,$6166,$-1863,$688,$-1005,$-200,$-2379,$2948,$-3029,$-459,$-21,$-40,$2922,$2882,$-204,$-831,$-582,$506,$-77,$-207,$-207,$-60,$0,$-344,$1772,$0,$-60
19,2013-12-31,37.6,$40.49,0.93,$85.12,0.44,$1.00,37.74,$3.84,9.79,$67.03B,$43.66B,1.54,$27.73B,$81.09B,0.34,$154.20B,$34.64B,22.47%,$154.20B,$11.81B,7.66%,$154.20B,$11.81B,7.66%,$154.20B,$24.32B,15.77%,$154.20B,$18.55B,12.03%,$154.20B,$6.85B,4.45%,$6.85B,$81.09B,8.28%,$6.85B,$75.94B,8.90%,$6.85B,$183.76B,3.70%,$11.81B,$108.82B,10.85%,$36401,$27277,$9123,$0,$2089,$35940,$461,$2004,$2465,$3236,$-771,$-771,$-827,$3911,$461,$1811,1811,$-0.46,$-0.46,$14173,$10545,$3934,$67027,$84696,$8209,$5148,$1140,$116731,$183758,$43660,$27728,$22127,$59007,$102667,$5320,$66131,$0,$81091,$183758,$6587,$12514,$7571,$20085,$-1832,$465,$934,$1047,$614,$14646,$-13813,$-2485,$4484,$-6657,$2839,$-3819,$1047,$-14586,$927,$1351,$2278,$1,$1,$-5578,$-36,$-3334,$-3327,$0,$-5578
20,2013-09-30,35.69,$0.00,0.0,$89.53,0.4,$2.22,16.04,$5.34,6.68,$66.42B,$43.26B,1.54,$26.69B,$82.94B,0.32,$162.17B,$37.66B,23.23%,$162.17B,$14.59B,9.00%,$162.17B,$14.59B,9.00%,$162.17B,$27.04B,16.67%,$162.17B,$17.35B,10.70%,$162.17B,$9.64B,5.94%,$9.64B,$82.94B,11.66%,$9.64B,$77.08B,12.56%,$9.64B,$182.56B,5.23%,$14.59B,$109.63B,13.51%,$39431,$30338,$9093,$0,$1582,$35056,$4375,$4643,$9019,$3562,$5456,$5456,$5284,$7512,$4375,$1811,1811,$2.91,$2.91,$14234,$11512,$4124,$66415,$84496,$9903,$5862,$1543,$116148,$182564,$43255,$26694,$21468,$56370,$99625,$5305,$7693,$0,$82938,$182564,$7361,$9064,$3942,$13006,$1780,$-409,$-1523,$-334,$-486,$10317,$-9721,$-1896,$4468,$-5972,$2922,$-3049,$984,$-9213,$1070,$1171,$2241,$1,$1,$-5564,$-42,$-3363,$-2317,$0,$-5564
21,2013-06-30,30.85,$0.00,0.0,$89.50,0.34,$2.92,10.56,$4.08,7.56,$62.65B,$43.38B,1.44,$24.61B,$80.76B,0.31,$163.55B,$39.19B,23.96%,$163.55B,$16.43B,10.05%,$163.55B,$16.43B,10.05%,$163.55B,$28.75B,17.58%,$163.55B,$14.84B,9.08%,$163.55B,$7.57B,4.63%,$7.57B,$80.76B,9.23%,$7.57B,$74.84B,10.01%,$7.57B,$179.67B,4.04%,$16.43B,$105.37B,15.40%,$36892,$29919,$6972,$0,$1750,$34986,$1905,$120,$2025,$2190,$-165,$-165,$359,$5031,$1905,$1811,1811,$0.18,$0.18,$10529,$10493,$4171,$62645,$84154,$9581,$5920,$1478,$117027,$179672,$43383,$24608,$21575,$55526,$98909,$5230,$2374,$0,$80763,$179672,$1878,$5927,$4986,$10913,$-499,$862,$-2366,$1993,$-10,$6206,$-6138,$-1359,$-37,$12,$2778,$2789,$1281,$-3463,$-861,$1136,$276,$0,$0,$-2830,$-33,$-2587,$111,$0,$-2830
22,2013-03-31,32.79,$0.00,0.0,$90.47,0.36,$5.77,5.69,$3.98,8.24,$72.24B,$52.87B,1.37,$25.30B,$86.20B,0.29,$165.30B,$41.50B,25.11%,$165.30B,$18.16B,10.99%,$165.30B,$18.16B,10.99%,$165.30B,$30.17B,18.25%,$165.30B,$16.37B,9.90%,$165.30B,$7.41B,4.48%,$7.41B,$86.20B,9.01%,$7.41B,$80.17B,9.82%,$7.41B,$194.72B,3.89%,$18.16B,$111.50B,16.69%,$41471,$32016,$9455,$0,$1621,$36407,$5064,$-25,$5039,$2973,$2066,$2066,$2038,$7866,$5064,$1811,1811,$1.14,$1.14,$13629,$10930,$4602,$72235,$86442,$12733,$6029,$1545,$122486,$194721,$52870,$25302,$21972,$55652,$108523,$5290,$2038,$0,$86198,$194721,$2066,$2802,$2959,$5760,$-4754,$310,$2066,$1765,$-613,$3696,$-3388,$-663,$-37,$15,$-82,$-67,$1191,$-2964,$1261,$1154,$2416,$0,$0,$-50,$-33,$2333,$3079,$0,$-50
23,2012-12-31,35.9,$0.00,0.0,$91.80,0.39,$6.59,5.45,$5.46,6.57,$62.69B,$43.71B,1.43,$24.80B,$80.66B,0.31,$167.71B,$45.06B,26.87%,$167.71B,$21.43B,12.78%,$167.71B,$21.43B,12.78%,$167.71B,$33.70B,20.09%,$167.71B,$21.35B,12.73%,$167.71B,$10.12B,6.03%,$10.12B,$80.66B,12.42%,$10.12B,$74.88B,13.94%,$10.12B,$179.59B,5.34%,$21.43B,$105.45B,19.60%,$44375,$32231,$12144,$0,$2240,$41125,$3250,$-335,$1268,$3879,$-2611,$-2630,$1956,$6631,$3250,$1811,1811,$1.03,$1.03,$10289,$10927,$4662,$62687,$184294,$12025,$5771,$11167,$219576,$179592,$43709,$24795,$21765,$55228,$98937,$5151,$62798,$0,$80655,$179592,$6355,$12267,$19,$12286,$0,$0,$0,$0,$-4317,$15910,$-12852,$0,$4299,$0,$0,$1089,$-3200,$-10663,$0,$-968,$8617,$0,$37,$-5632,$777,$2831,$8057,$0,$0
24,2012-09-30,32.02,$0.00,0.0,$89.42,0.36,$7.16,4.47,$5.40,5.93,$55.79B,$43.09B,1.3,$24.10B,$80.39B,0.3,$162.75B,$41.42B,25.45%,$162.75B,$20.99B,12.90%,$162.75B,$20.99B,12.90%,$162.75B,$33.04B,20.30%,$162.75B,$26.12B,16.05%,$162.75B,$9.89B,6.08%,$9.89B,$80.39B,12.01%,$9.89B,$72.76B,13.91%,$9.89B,$194.72B,5.08%,$20.99B,$104.49B,18.72%,$40815,$30195,$10620,$0,$1236,$34601,$6214,$1417,$6512,$3006,$3506,$3199,$3218,$9218,$6214,$1877,1877,$1.71,$1.71,$7342,$11807,$4913,$55787,$0,$9919,$7636,$35768,$59009,$194717,$43086,$24098,$39731,$71240,$114325,$5012,$7918,$0,$80391,$194717,$8560,$8886,$19,$8905,$0,$0,$0,$0,$-2504,$12844,$-10921,$0,$-225,$0,$0,$632,$-867,$-11381,$0,$80,$8492,$0,$0,$-5353,$793,$4012,$5465,$0,$0
25,2012-06-30,30.18,$0.00,0.0,$88.08,0.34,$8.33,3.62,$5.07,5.95,$52.30B,$43.07B,1.21,$32.11B,$81.70B,0.39,$158.98B,$41.63B,26.18%,$158.98B,$21.15B,13.30%,$158.98B,$21.15B,13.30%,$158.98B,$32.80B,20.63%,$158.98B,$25.71B,16.17%,$158.98B,$9.18B,5.77%,$9.18B,$81.70B,11.10%,$9.18B,$73.96B,13.21%,$9.18B,$193.43B,4.72%,$21.15B,$113.81B,18.45%,$38635,$29352,$9283,$0,$1112,$35004,$3631,$-744,$3548,$3233,$315,$103,$200,$6451,$3631,$1811,1811,$0.10,$0.10,$5963,$10152,$4561,$52296,$0,$8813,$7738,$35581,$58643,$193427,$43070,$32106,$27616,$68658,$111728,$5147,$4940,$0,$81699,$193427,$5189,$5882,$105,$5987,$0,$0,$0,$0,$-377,$10823,$-5602,$0,$-231,$0,$0,$-99,$-2527,$-8459,$0,$-712,$5309,$0,$23,$-2421,$-532,$1667,$4035,$0,$0
26,2012-03-31,32.12,$0.00,0.0,$86.85,0.37,$7.71,4.16,$5.98,5.37,$54.27B,$46.59B,1.17,$30.67B,$83.02B,0.37,$156.26B,$42.55B,27.23%,$156.26B,$22.98B,14.71%,$156.26B,$22.98B,14.71%,$156.26B,$34.72B,22.22%,$156.26B,$27.84B,17.81%,$156.26B,$10.78B,6.90%,$10.78B,$83.02B,13.93%,$10.78B,$68.61B,16.07%,$10.78B,$190.39B,5.58%,$22.98B,$113.69B,21.03%,$43886,$30869,$13017,$0,$1606,$35552,$8334,$1687,$10021,$4877,$5144,$4742,$4742,$11397,$8334,$1811,1811,$2.62,$2.62,$2609,$10143,$4840,$54271,$0,$9475,$14413,$10408,$40349,$190386,$46588,$30667,$21915,$60775,$107363,$5251,$4742,$0,$83023,$190386,$5144,$3062,$0,$3062,$0,$0,$0,$0,$-2638,$5500,$-3696,$0,$-233,$0,$0,$-79,$-355,$-4363,$0,$-607,$132,$0,$0,$-30,$22,$-482,$642,$0,$0
27,2011-12-31,28.31,$0.00,0.0,$84.20,0.34,$7.96,3.56,$5.27,5.37,$53.51B,$49.86B,1.07,$32.18B,$84.20B,0.38,$151.71B,$41.39B,27.28%,$151.71B,$22.03B,14.52%,$151.71B,$22.03B,14.52%,$151.71B,$33.59B,22.14%,$151.71B,$25.81B,17.01%,$151.71B,$9.52B,6.28%,$9.52B,$84.20B,12.52%,$9.52B,$68.94B,14.52%,$9.52B,$199.37B,5.00%,$22.03B,$116.37B,20.51%,$39410,$30910,$8500,$0,$1470,$36601,$2808,$1789,$6036,$3913,$2124,$1728,$1728,$5974,$2808,$1782,1782,$0.97,$0.97,$2086,$10556,$6350,$53513,$0,$8744,$15255,$11737,$43382,$199372,$49862,$32176,$23224,$65315,$115178,$5578,$9598,$0,$84195,$199372,$10911,$11556,$0,$11556,$0,$0,$0,$0,$-3084,$20048,$-16023,$0,$1241,$0,$0,$741,$-1584,$-15624,$0,$-3458,$4993,$0,$22,$-5146,$-903,$-4492,$-71,$0,$0
28,2011-09-30,24.1,$0.00,0.0,$83.15,0.29,$7.65,3.15,$4.71,5.12,$51.81B,$49.49B,1.05,$32.95B,$81.64B,0.4,$150.60B,$43.16B,28.66%,$150.60B,$23.31B,15.48%,$150.60B,$23.31B,15.48%,$150.60B,$35.20B,23.38%,$150.60B,$23.83B,15.83%,$150.60B,$8.54B,5.67%,$8.54B,$81.64B,11.61%,$8.54B,$66.26B,13.52%,$8.54B,$194.50B,4.64%,$23.31B,$114.59B,22.50%,$37053,$26228,$10825,$0,$1693,$30675,$6377,$-278,$6100,$3516,$2584,$2506,$2506,$8982,$6377,$1816,1816,$1.38,$1.38,$2182,$11552,$4871,$51808,$0,$8964,$15374,$12420,$43138,$194504,$49490,$32951,$22435,$63379,$112869,$5671,$5220,$0,$81635,$194504,$8898,$8391,$0,$8391,$0,$0,$0,$0,$-3460,$15865,$-11877,$0,$207,$0,$0,$-120,$-1072,$-12862,$0,$-1607,$4344,$0,$21,$-5232,$-535,$-3009,$-11,$0,$0
29,2011-06-30,31.31,$0.00,0.0,$79.23,0.4,$7.50,4.17,$4.57,6.85,$48.03B,$45.25B,1.06,$31.69B,$60.72B,0.52,$143.10B,$41.63B,29.09%,$143.10B,$22.19B,15.51%,$143.10B,$22.19B,15.51%,$143.10B,$34.20B,23.90%,$143.10B,$23.34B,16.31%,$143.10B,$8.26B,5.77%,$8.26B,$60.72B,11.70%,$8.26B,$64.49B,13.69%,$8.26B,$188.05B,4.69%,$22.19B,$92.41B,22.48%,$35907,$25703,$10204,$0,$1645,$30448,$5460,$732,$5678,$3520,$2159,$1805,$1805,$8366,$5460,$1787,1787,$1.01,$1.01,$2121,$9945,$4048,$48031,$0,$8748,$15672,$11715,$43370,$188047,$45251,$31688,$22599,$62638,$107889,$5763,$52354,$0,$60720,$168609,$6417,$5786,$0,$5786,$0,$0,$0,$0,$-538,$12370,$-8326,$0,$-30,$0,$0,$-122,$-961,$-9440,$0,$-2705,$2868,$0,$19,$-2606,$-544,$-2969,$-108,$0,$0
30,2011-03-31,31.4,$0.00,0.0,$75.25,0.42,$7.28,4.31,$4.83,6.5,$49.03B,$44.98B,1.09,$28.57B,$77.74B,0.37,$136.74B,$41.30B,30.20%,$136.74B,$22.23B,16.25%,$136.74B,$22.23B,16.25%,$136.74B,$33.92B,24.80%,$136.74B,$23.27B,17.01%,$136.74B,$8.78B,6.42%,$8.78B,$77.74B,11.91%,$8.78B,$62.60B,14.92%,$8.78B,$179.10B,5.16%,$22.23B,$106.31B,22.27%,$39341,$27481,$11860,$0,$1568,$31952,$7389,$603,$7991,$3947,$4045,$3482,$3482,$10269,$7389,$1823,1823,$1.91,$1.91,$2627,$8768,$4451,$49029,$0,$11543,$15135,$7516,$39916,$179098,$44978,$28573,$20505,$56383,$101362,$5475,$71315,$0,$77736,$179098,$4045,$2880,$0,$2880,$0,$0,$0,$0,$-2256,$5721,$-3453,$0,$0,$0,$0,$-66,$-790,$-4309,$0,$-1504,$633,$0,$10,$0,$-3,$-864,$510,$0,$0
31,2010-12-31,27.95,$0.00,0.0,$72.75,0.38,$7.80,3.59,$4.61,6.06,$46.32B,$46.18B,1.0,$26.97B,$74.01B,0.36,$132.17B,$40.58B,30.70%,$132.17B,$21.50B,16.27%,$132.17B,$21.50B,16.27%,$132.17B,$33.30B,25.19%,$132.17B,$21.97B,16.62%,$132.17B,$8.38B,6.34%,$8.38B,$74.01B,11.46%,$8.38B,$59.17B,14.43%,$8.38B,$175.01B,4.98%,$21.50B,$100.97B,22.03%,$38295,$28026,$10269,$0,$2067,$34215,$4080,$271,$4065,$2901,$1164,$745,$745,$7587,$4080,$1818,1818,$0.41,$0.41,$2057,$8742,$4242,$46322,$0,$8088,$14835,$10207,$39536,$175011,$46179,$26965,$19994,$54825,$101004,$5319,$71655,$0,$74007,$175011,$9805,$11794,$0,$11794,$0,$0,$0,$0,$-2292,$19514,$-15984,$0,$96,$0,$0,$353,$-1683,$-17218,$0,$3514,$-497,$0,$49,$-4810,$-683,$-2426,$-78,$0,$0
32,2010-09-30,27.6,$0.00,0.0,$70.03,0.39,$5.04,5.47,$4.73,5.83,$41.80B,$42.04B,0.99,$25.41B,$69.82B,0.36,$126.65B,$42.60B,33.63%,$126.65B,$20.74B,16.37%,$126.65B,$20.74B,16.37%,$126.65B,$32.75B,25.86%,$126.65B,$21.47B,16.95%,$126.65B,$8.58B,6.77%,$8.58B,$69.82B,12.14%,$8.58B,$55.03B,15.18%,$8.58B,$161.81B,5.18%,$20.74B,$95.23B,21.89%,$29560,$20266,$9294,$0,$1360,$24296,$5265,$332,$5601,$2787,$2814,$2224,$2224,$7975,$5265,$1794,1794,$1.24,$1.24,$1951,$8769,$3467,$41796,$0,$7714,$14793,$9529,$36693,$161814,$42035,$25409,$17894,$49959,$91994,$5167,$7444,$0,$69820,$161814,$8437,$8287,$0,$8287,$0,$0,$0,$0,$-2174,$14899,$-11217,$0,$-70,$0,$0,$507,$-1401,$-12181,$0,$1021,$1204,$0,$26,$-4673,$-457,$-2880,$-124,$0,$0
33,2010-06-30,22.66,$0.00,0.0,$68.52,0.33,$2.88,7.88,$4.46,5.08,$42.61B,$42.31B,1.01,$23.48B,$73.21B,0.32,$124.45B,$40.35B,32.43%,$124.45B,$19.59B,15.74%,$124.45B,$19.59B,15.74%,$124.45B,$31.62B,25.41%,$124.45B,$20.49B,16.46%,$124.45B,$8.13B,6.53%,$8.13B,$73.21B,11.71%,$8.13B,$58.56B,14.51%,$8.13B,$164.37B,5.07%,$19.59B,$96.69B,20.74%,$29545,$19670,$9875,$0,$1479,$24051,$5493,$116,$5609,$3135,$2474,$2327,$2327,$8087,$5493,$1833,1833,$1.27,$1.27,$2137,$8474,$3559,$42606,$0,$8152,$14647,$8134,$35659,$164365,$42306,$23481,$18408,$48849,$91155,$5110,$66460,$0,$73211,$164365,$5561,$5576,$0,$5576,$0,$0,$0,$0,$144,$11661,$-7914,$0,$61,$0,$0,$545,$-1148,$-8456,$0,$527,$-994,$0,$20,$-2311,$-450,$-3208,$85,$0,$0
34,2010-03-31,28.04,$0.00,0.0,$66.24,0.42,$2.01,13.96,$3.82,7.34,$48.01B,$46.84B,1.03,$22.20B,$75.29B,0.3,$120.70B,$39.20B,32.48%,$120.70B,$18.06B,14.96%,$120.70B,$18.06B,14.96%,$120.70B,$30.54B,25.30%,$120.70B,$18.19B,15.07%,$120.70B,$6.97B,5.78%,$6.97B,$75.29B,10.41%,$6.97B,$59.43B,12.81%,$6.97B,$171.80B,4.43%,$18.06B,$97.49B,19.84%,$34773,$23633,$11141,$0,$1448,$28108,$6665,$25,$6690,$3337,$3353,$3080,$3080,$9648,$6665,$1822,1822,$1.69,$1.69,$3389,$7647,$4180,$48008,$0,$8352,$15864,$8603,$37813,$171799,$46843,$22197,$20392,$49666,$96509,$5551,$69899,$0,$75290,$171799,$3353,$2983,$0,$2983,$0,$0,$0,$0,$-513,$6312,$-3110,$0,$0,$0,$0,$678,$-748,$-3181,$0,$959,$-3016,$0,$0,$0,$18,$-2039,$1160,$0,$0
35,2009-12-31,30.24,$0.00,0.0,$64.36,0.47,$1.92,15.78,$3.51,8.62,$43.41B,$42.52B,1.02,$25.19B,$64.25B,0.39,$116.98B,$35.60B,30.43%,$116.98B,$16.09B,13.75%,$116.98B,$16.09B,13.75%,$116.98B,$28.31B,24.20%,$116.98B,$16.84B,14.39%,$116.98B,$6.38B,5.46%,$6.38B,$64.25B,9.95%,$6.38B,$53.02B,12.09%,$6.38B,$163.91B,4.31%,$16.09B,$89.45B,18.27%,$32775,$20488,$12287,$0,$4226,$29461,$3314,$-1312,$3565,$2454,$1111,$947,$947,$7038,$3314,$1786,1786,$0.53,$0.53,$2243,$7663,$5129,$43413,$0,$8708,$11236,$7481,$32387,$163906,$42519,$25192,$19551,$57134,$99653,$5585,$54613,$0,$64253,$163906,$7415,$12219,$0,$12219,$0,$0,$0,$0,$-2467,$15530,$-16978,$0,$-35,$0,$0,$4394,$-1682,$-14300,$0,$-4029,$9386,$0,$13,$-5810,$-1209,$-1650,$-462,$0,$0
36,2009-09-30,29.79,$0.00,0.0,$69.75,0.43,$13.13,2.27,$2.15,13.86,$28.12B,$39.31B,0.72,$29.36B,$0.00B,0.0,$117.13B,$31.48B,26.88%,$117.13B,$13.25B,11.31%,$117.13B,$13.25B,11.31%,$117.13B,$25.15B,21.47%,$117.13B,$12.48B,10.65%,$117.13B,$4.28B,3.66%,$4.28B,$64.79B,6.65%,$4.28B,$53.07B,8.08%,$4.28B,$140.91B,2.86%,$13.25B,$94.15B,15.20%,$27354,$20305,$7049,$0,$124,$23236,$4118,$503,$4625,$2497,$2128,$1772,$1772,$6846,$4118,$1827,1827,$0.97,$0.97,$0,$8088,$0,$28115,$0,$8842,$11721,$4289,$24852,$140913,$39307,$29356,$2184,$36815,$76122,$0,$0,$0,$64791,$140913,$6630,$8495,$0,$8495,$0,$0,$0,$0,$610,$13799,$-14008,$0,$1844,$0,$0,$0,$-727,$-12891,$0,$2392,$547,$0,$0,$-4102,$0,$-1162,$-279,$0,$0
37,2009-06-30,26.98,$0.00,0.0,$78.14,0.35,$18.53,1.46,$3.62,7.45,$39.62B,$40.21B,0.99,$19.33B,$63.58B,0.3,$132.22B,$36.69B,27.75%,$132.22B,$18.51B,14.00%,$132.22B,$18.51B,14.00%,$132.22B,$30.60B,23.15%,$132.22B,$17.53B,13.26%,$132.22B,$6.94B,5.25%,$6.94B,$63.58B,10.65%,$6.94B,$52.19B,12.64%,$6.94B,$152.78B,4.62%,$18.51B,$82.91B,21.20%,$25796,$17075,$8721,$0,$1480,$21838,$3958,$268,$3310,$1893,$1416,$1175,$1175,$7007,$3958,$1865,1865,$0.63,$0.63,$2355,$7460,$4301,$39618,$0,$8232,$11393,$6166,$29806,$152777,$40205,$19328,$17637,$48988,$89193,$5455,$63605,$0,$63584,$152777,$4290,$5767,$0,$5767,$0,$0,$0,$0,$2776,$10380,$-8184,$0,$-39,$0,$0,$4168,$-1094,$-5150,$0,$-2817,$1015,$0,$0,$-3208,$-1036,$-6046,$-816,$0,$0
38,2009-03-31,21.04,$0.00,0.0,$87.50,0.24,$21.12,1.0,$5.93,3.55,$31.86B,$44.48B,0.72,$21.62B,$0.00B,0.0,$148.79B,$41.98B,28.21%,$148.79B,$23.13B,15.54%,$148.79B,$23.13B,15.54%,$148.79B,$32.17B,21.62%,$148.79B,$23.76B,15.97%,$148.79B,$11.14B,7.49%,$11.14B,$63.99B,17.03%,$11.14B,$52.89B,19.86%,$11.14B,$134.94B,7.20%,$23.13B,$85.61B,26.65%,$31053,$23509,$7545,$0,$0,$26358,$4696,$642,$5338,$2578,$2760,$2490,$2490,$7414,$4696,$1805,1805,$1.38,$1.38,$3968,$5929,$89,$31860,$0,$7868,$11101,$3556,$22525,$134942,$44476,$21619,$824,$26480,$70956,$0,$0,$0,$63986,$134942,$2760,$2718,$0,$2718,$0,$0,$0,$0,$1526,$7119,$-4116,$0,$-2429,$0,$0,$0,$2282,$-4263,$0,$-3113,$133,$0,$0,$-3,$0,$-2982,$-123,$0,$0
39,2008-12-31,26.26,$0.00,0.0,$93.48,0.28,$19.46,1.35,$7.27,3.61,$54.62B,$52.00B,1.05,$20.49B,$65.37B,0.31,$160.15B,$47.75B,29.82%,$160.15B,$27.43B,17.12%,$160.15B,$27.43B,17.12%,$160.15B,$33.75B,21.08%,$160.15B,$28.32B,17.68%,$160.15B,$13.62B,8.51%,$13.62B,$65.37B,20.92%,$13.62B,$54.02B,23.96%,$13.62B,$171.50B,8.80%,$27.43B,$85.86B,31.56%,$32930,$24765,$8165,$0,$2869,$32457,$473,$-1272,$-798,$858,$-1656,$-1153,$-1153,$3882,$473,$1387,1387,$-0.83,$-0.83,$7612,$8947,$5368,$54615,$0,$8651,$11349,$5588,$29872,$171504,$52001,$20490,$19208,$54137,$106139,$5891,$72884,$0,$65365,$171504,$14060,$12389,$0,$12389,$0,$0,$0,$0,$3254,$32069,$-17643,$0,$-5126,$0,$0,$174,$-2349,$-24945,$0,$-1015,$2457,$0,$-1203,$-7223,$-407,$-7392,$-257,$0,$0
40,2008-09-30,29.08,$0.00,0.0,$78.89,0.37,$11.44,2.54,$9.16,3.17,$37.21B,$42.72B,0.87,$26.85B,$0.00B,0.0,$164.90B,$36.68B,22.24%,$164.90B,$35.26B,21.38%,$164.90B,$35.26B,21.38%,$164.90B,$41.72B,25.30%,$164.90B,$36.88B,22.37%,$164.90B,$19.14B,11.61%,$19.14B,$67.96B,30.55%,$19.14B,$60.64B,34.34%,$19.14B,$142.46B,13.05%,$35.26B,$94.82B,42.39%,$42439,$30178,$12261,$0,$0,$33059,$9380,$309,$9681,$5026,$4654,$4432,$4432,$12299,$9380,$1816,1816,$2.44,$2.44,$0,$9323,$3896,$37209,$0,$9219,$7327,$5314,$21861,$142457,$42721,$26854,$695,$31773,$74494,$0,$0,$0,$67963,$142457,$15543,$8980,$0,$8980,$0,$0,$0,$0,$-1929,$23630,$-14023,$0,$-3128,$0,$0,$0,$20,$-17131,$0,$2153,$517,$0,$0,$-8905,$0,$-6235,$325,$0,$0
41,2008-06-30,39.4,$0.00,0.0,$70.75,0.56,$10.98,3.59,$8.34,4.72,$56.87B,$57.33B,0.99,$16.36B,$64.41B,0.25,$150.21B,$52.16B,34.73%,$150.21B,$31.67B,21.08%,$150.21B,$31.67B,21.08%,$150.21B,$37.44B,24.92%,$150.21B,$33.83B,22.52%,$150.21B,$17.66B,11.76%,$17.66B,$64.41B,29.12%,$17.66B,$56.91B,32.66%,$17.66B,$170.44B,12.62%,$31.67B,$80.77B,40.40%,$42371,$28365,$14006,$0,$1611,$33795,$8576,$961,$9537,$3861,$5677,$5372,$5372,$8576,$8576,$1827,1827,$2.94,$2.94,$6683,$9711,$4431,$56874,$0,$9197,$7498,$9197,$30672,$170436,$57328,$16358,$20377,$48702,$106029,$6260,$57553,$0,$64407,$170436,$11296,$6061,$0,$6061,$0,$0,$0,$0,$-9700,$15552,$-8664,$0,$-2684,$0,$0,$222,$-3696,$-14822,$0,$4386,$-1088,$0,$-614,$-3987,$-334,$-1638,$-932,$0,$0
42,2008-03-31,35.26,$0.00,0.0,$62.11,0.57,$11.37,3.1,$7.07,4.99,$36.12B,$41.47B,0.87,$23.36B,$0.00B,0.0,$134.46B,$45.87B,34.11%,$134.46B,$28.54B,21.23%,$134.46B,$28.54B,21.23%,$134.46B,$36.54B,27.18%,$134.46B,$30.58B,22.74%,$134.46B,$15.34B,11.41%,$15.34B,$62.81B,26.10%,$15.34B,$55.92B,29.08%,$15.34B,$134.61B,12.37%,$28.54B,$86.17B,37.80%,$42408,$29088,$13320,$0,$1410,$33413,$8996,$897,$9897,$4512,$5385,$4973,$4973,$8996,$8996,$1828,1828,$2.72,$2.72,$3523,$7838,$0,$36118,$0,$8807,$6888,$4863,$20557,$134613,$41466,$23355,$2960,$30336,$71802,$0,$0,$0,$62811,$134613,$0,$0,$0,$0,$0,$0,$0,$0,$0,$0,$0,$0,$0,$0,$0,$0,$0,$0,$0,$0,$0,$0,$0,$0,$0,$0,$0,$0,$0
43,2007-12-31,37.49,$0.00,0.0,$54.41,0.69,$13.77,2.72,$6.18,6.07,$46.36B,$41.46B,1.12,$15.53B,$55.43B,0.28,$120.76B,$41.00B,33.95%,$120.76B,$25.87B,21.42%,$120.76B,$25.87B,21.42%,$120.76B,$35.51B,29.40%,$120.76B,$27.46B,22.74%,$120.76B,$13.76B,11.40%,$13.76B,$55.43B,24.05%,$13.76B,$49.49B,26.65%,$13.76B,$139.10B,11.96%,$25.87B,$70.96B,37.30%,$37686,$40593,$-2907,$0,$-14338,$29379,$8307,$-541,$7767,$3186,$4581,$4361,$4361,$11848,$8307,$4123,4123,$1.06,$1.06,$6887,$7539,$3587,$46359,$0,$8378,$5941,$7061,$24005,$139102,$41463,$15533,$15834,$42212,$83675,$5491,$47450,$0,$55427,$139102,$14819,$9637,$0,$9637,$0,$0,$0,$0,$-2285,$21274,$-11462,$0,$-6448,$0,$0,$-5583,$-4061,$-27553,$0,$6124,$5887,$0,$-1323,$-6283,$-417,$3988,$-2565,$0,$0
44,2007-09-30,37.3,$0.00,0.0,$60.21,0.62,$23.10,1.62,$6.18,6.04,$30.47B,$36.82B,0.83,$15.71B,$0.00B,0.0,$110.70B,$53.44B,48.27%,$110.70B,$22.23B,20.08%,$110.70B,$22.23B,20.08%,$110.70B,$30.71B,27.74%,$110.70B,$25.13B,22.70%,$110.70B,$11.36B,10.26%,$11.36B,$59.95B,20.43%,$11.36B,$53.99B,22.57%,$11.36B,$115.53B,10.52%,$22.23B,$75.65B,33.58%,$27741,$0,$27741,$0,$19548,$21950,$5791,$834,$6625,$3247,$3379,$2954,$2954,$8018,$5791,$1822,1822,$1.62,$1.62,$3462,$7244,$0,$30468,$0,$7520,$5956,$4224,$17700,$115534,$36819,$15705,$3064,$18769,$55588,$0,$0,$0,$59946,$115534,$10477,$6096,$0,$6096,$0,$0,$0,$0,$-621,$17929,$-9134,$0,$0,$0,$0,$-11969,$867,$-20236,$0,$6164,$519,$0,$0,$-4648,$0,$2035,$-425,$0,$0
45,2007-06-30,36.59,$0.00,0.0,$44.98,0.81,$18.27,2.0,$4.56,8.02,$28.33B,$34.59B,0.82,$12.30B,$0.00B,0.0,$108.95B,$33.63B,30.87%,$108.95B,$22.46B,20.61%,$108.95B,$22.46B,20.61%,$108.95B,$30.48B,27.98%,$108.95B,$24.97B,22.92%,$108.95B,$11.61B,10.66%,$11.61B,$57.02B,21.45%,$11.61B,$51.67B,23.55%,$11.61B,$106.75B,11.39%,$22.46B,$69.31B,36.21%,$26628,$18915,$7713,$0,$0,$21178,$5450,$838,$6288,$3022,$3266,$3056,$3056,$7681,$5450,$1830,1830,$1.67,$1.67,$3479,$6508,$0,$28330,$0,$7952,$5341,$3123,$16416,$106752,$34591,$12296,$2850,$15146,$49737,$0,$0,$0,$57015,$106752,$6964,$3870,$0,$3870,$0,$0,$0,$0,$1405,$13080,$-5461,$0,$0,$0,$0,$-6652,$237,$-11876,$0,$6247,$310,$0,$0,$-4430,$0,$2127,$3212,$0,$0
46,2007-03-31,32.02,$0.00,0.0,$30.43,1.05,$14.11,2.27,$2.89,11.08,$26.06B,$34.80B,0.75,$5.05B,$0.00B,0.0,$108.37B,$35.05B,32.34%,$108.37B,$23.02B,21.24%,$108.37B,$23.02B,21.24%,$108.37B,$28.81B,26.58%,$108.37B,$25.32B,23.36%,$108.37B,$11.45B,10.56%,$11.45B,$56.45B,22.11%,$11.45B,$51.36B,24.22%,$11.45B,$98.82B,11.24%,$23.02B,$61.50B,39.07%,$28706,$20255,$8451,$0,$0,$22387,$6319,$459,$6778,$3185,$3593,$3390,$3390,$7958,$6319,$1853,1853,$1.83,$1.83,$0,$6403,$0,$26061,$0,$6543,$5089,$2916,$14549,$98820,$34798,$5046,$2527,$7573,$42371,$0,$0,$0,$56449,$98820,$3593,$1639,$0,$1639,$0,$0,$0,$0,$583,$7288,$-2836,$0,$0,$0,$0,$-13,$16,$-2834,$0,$6402,$-6596,$0,$0,$-583,$0,$-777,$3587,$0,$0
47,2006-12-31,33.23,$0.00,0.0,$14.93,2.22,$11.70,2.84,$1.06,31.35,$37.71B,$29.83B,1.26,$9.31B,$49.02B,0.19,$108.03B,$35.83B,33.16%,$108.03B,$23.18B,21.45%,$108.03B,$23.18B,21.45%,$108.03B,$27.33B,25.30%,$108.03B,$25.61B,23.71%,$108.03B,$11.63B,10.77%,$11.63B,$49.02B,23.20%,$11.63B,$44.31B,24.79%,$11.63B,$110.92B,12.71%,$23.18B,$58.33B,39.79%,$27627,$18094,$9532,$0,$2448,$22959,$4667,$-323,$5443,$3194,$2248,$1961,$1961,$7055,$4667,$1850,1850,$1.06,$1.06,$5005,$5969,$3121,$37706,$0,$5333,$4714,$5344,$17558,$110920,$29829,$9306,$12689,$32071,$61899,$5030,$39163,$0,$49020,$110920,$12338,$7728,$0,$7728,$0,$0,$0,$0,$-11260,$21353,$298,$0,$10,$0,$0,$-10166,$1002,$-8856,$0,$-1192,$335,$0,$-2051,$-5790,$-216,$-8914,$3331,$0,$0
