,Date,Stock Price,Book Value per Share,Price to Book Ratio,TTM Sales per Share,Price to Sales Ratio,TTM FCF per Share,Price to FCF Ratio,TTM Net EPS,PE Ratio,Current Assets,Current Liabilities,Current Ratio,Long Term Debt,Shareholder's Equity_x,Debt to Equity Ratio,TTM Revenue_x,TTM Gross Profit,Gross Margin,TTM Revenue_y,TTM Operating Income,Operating Margin,TTM Revenue_x,TTM EBIT,EBIT Margin,TTM Revenue_y,TTM EBITDA,EBITDA Margin,TTM Revenue_x,TTM Pre-Tax Income,Pre-Tax Margin,TTM Revenue_y,TTM Net Income_x,Net Margin,TTM Net Income_y,Shareholder's Equity_y,Return on Equity,TTM Net Income_x,Tangible Equity,Return on Tangible Equity,TTM Net Income_y,Total Assets,Return on Assets,TTM Net Income,LT Investments & Debt,Return on Investment,revenue,cost-goods-sold,gross-profit,research-development-expenses,selling-general-administrative-expenses,operating-expenses,operating-income,total-non-operating-income-expense,pre-tax-income,total-provision-income-taxes,income-after-taxes,income-from-continuous-operations,net-income,ebitda,ebit,basic-shares-outstanding,shares-outstanding,eps-basic-net-earnings-per-share,eps-earnings-per-share-diluted,cash-on-hand,inventory,other-current-assets,total-current-assets,net-property-plant-equipment,long-term-investments,goodwill-intangible-assets-total,other-long-term-assets,total-long-term-assets,total-assets,total-current-liabilities,long-term-debt,other-non-current-liabilities,total-long-term-liabilities,total-liabilities,common-stock-net,retained-earnings-accumulated-deficit,comprehensive-income,total-share-holder-equity,total-liabilities-share-holders-equity,net-income-loss,total-depreciation-amortization-cash-flow,other-non-cash-items,total-non-cash-items,change-in-accounts-receivable,change-in-inventories,change-in-accounts-payable,change-in-assets-liabilities,total-change-in-assets-liabilities,cash-flow-from-operating-activities,net-change-in-property-plant-equipment,net-change-in-intangible-assets,net-acquisitions-divestitures,net-change-in-short-term-investments,net-change-in-long-term-investments,net-change-in-investments-total,investing-activities-other,cash-flow-from-investing-activities,net-long-term-debt,net-current-debt,debt-issuance-retirement-net-total,net-common-equity-issued-repurchased,net-total-equity-issued-repurchased,total-common-preferred-stock-dividends-paid,financial-activities-other,cash-flow-from-financial-activities,net-cash-flow,stock-based-compensation,common-stock-dividends-paid
0,2018-09-30,120.49,$17.49,6.89,$16.69,7.22,$8.35,14.42,$3.13,38.5,$5.80B,$1.65B,3.52,$0.99B,$5.32B,0.19,$5.17B,$3.80B,73.53%,$5.17B,$1.29B,24.98%,$5.17B,$1.29B,24.98%,$5.17B,$1.44B,27.82%,$5.17B,$1.33B,25.81%,$5.17B,$0.97B,18.76%,$0.97B,$5.32B,20.13%,$0.97B,$3.32B,34.13%,$0.97B,$8.45B,11.43%,$1.29B,$6.31B,22.21%,$1286,$418,$868,$339,$263,$1028,$258,$18,$276,$21,$255,$255,$255,$294,$258,$305,307,$0.84,$0.83,$4545,$0,$292,$5803,$440,$0,$1994,$101,$2647,$8450,$1649,$993,$490,$1484,$3133,$3,$5199,$-19,$5317,$8450,$548,$74,$42,$116,$-422,$0,$132,$-355,$-670,$-6,$-63,$0,$-58,$-583,$0,$-583,$0,$-704,$0,$0,$0,$-563,$-563,$0,$-96,$-659,$-1377,$136,$0
1,2018-06-30,141.02,$17.25,8.18,$15.61,9.04,$9.11,15.48,$2.23,63.24,$5.62B,$1.46B,3.84,$0.99B,$5.26B,0.19,$4.84B,$3.50B,72.34%,$4.84B,$0.99B,20.48%,$4.84B,$0.99B,20.48%,$4.84B,$1.13B,23.44%,$4.84B,$1.02B,21.06%,$4.84B,$0.69B,14.30%,$0.69B,$5.26B,15.10%,$0.69B,$3.27B,25.85%,$0.69B,$8.25B,8.29%,$0.99B,$6.25B,17.78%,$1137,$215,$922,$362,$254,$837,$300,$19,$319,$26,$293,$293,$293,$338,$300,$306,310,$0.96,$0.95,$4971,$0,$282,$5624,$440,$0,$1993,$98,$2623,$8247,$1464,$993,$529,$1523,$2987,$3,$4944,$-26,$5260,$8247,$293,$38,$-4,$34,$169,$0,$8,$-299,$-207,$120,$-32,$0,$-50,$-21,$0,$-21,$0,$-103,$0,$0,$0,$-299,$-299,$0,$-89,$-388,$-382,$70,$0
2,2018-03-31,121.24,$15.02,8.07,$16.57,7.32,$9.29,13.06,$3.34,36.3,$6.00B,$2.49B,2.41,$0.99B,$4.60B,0.22,$5.15B,$3.87B,75.20%,$5.15B,$1.43B,27.84%,$5.15B,$1.43B,27.84%,$5.15B,$1.57B,30.49%,$5.15B,$1.45B,28.14%,$5.15B,$1.04B,20.25%,$1.04B,$4.60B,23.77%,$1.04B,$2.64B,40.86%,$1.04B,$8.58B,12.83%,$1.43B,$5.59B,26.65%,$1582,$233,$1349,$335,$256,$829,$753,$1,$754,$147,$607,$607,$607,$792,$753,$308,312,$1.98,$1.95,$5331,$0,$288,$6004,$453,$0,$1954,$89,$2580,$8584,$2491,$992,$505,$1498,$3989,$3,$4062,$-127,$4595,$8584,$1043,$136,$446,$582,$-25,$0,$-44,$93,$67,$1692,$-107,$0,$-150,$879,$0,$879,$0,$622,$0,$0,$0,$-523,$-523,$0,$-120,$-643,$1693,$242,$0
3,2017-12-31,105.06,$13.31,7.89,$16.36,6.42,$8.84,11.89,$3.20,32.83,$5.97B,$3.11B,1.92,$0.99B,$4.09B,0.24,$5.10B,$3.85B,75.54%,$5.10B,$1.40B,27.44%,$5.10B,$1.40B,27.44%,$5.10B,$1.53B,29.97%,$5.10B,$1.41B,27.69%,$5.10B,$1.00B,19.67%,$1.00B,$4.09B,23.55%,$1.00B,$2.13B,40.43%,$1.00B,$8.64B,12.66%,$1.40B,$5.08B,26.65%,$1160,$501,$659,$329,$350,$1181,$-21,$5,$-16,$170,$-186,$-186,$-186,$13,$-21,$308,308,$-0.60,$-0.60,$4884,$0,$196,$5966,$447,$0,$1960,$110,$2676,$8642,$3107,$992,$455,$1449,$4556,$3,$3455,$-95,$4086,$8642,$436,$97,$303,$400,$-527,$0,$16,$487,$241,$1077,$-87,$0,$-150,$-356,$0,$-356,$0,$-593,$0,$0,$0,$-396,$-396,$0,$-112,$-508,$1,$173,$0
4,2017-09-30,118.06,$14.25,8.29,$16.39,7.2,$9.08,13.0,$3.80,31.07,$5.42B,$2.27B,2.38,$0.99B,$4.39B,0.23,$5.08B,$3.82B,75.20%,$5.08B,$1.42B,27.83%,$5.08B,$1.42B,27.83%,$5.08B,$1.56B,30.66%,$5.08B,$1.42B,27.95%,$5.08B,$1.19B,23.35%,$1.19B,$4.39B,28.81%,$1.19B,$2.67B,49.33%,$1.19B,$7.92B,15.45%,$1.42B,$5.38B,27.68%,$959,$389,$570,$331,$278,$1000,$-41,$3,$-38,$-16,$-22,$-22,$-22,$-9,$-41,$309,309,$-0.07,$-0.07,$4355,$0,$248,$5415,$444,$0,$1716,$99,$2507,$7922,$2272,$991,$270,$1262,$3534,$3,$3641,$-73,$4388,$7922,$622,$63,$150,$213,$-454,$0,$104,$-357,$-607,$228,$-63,$0,$0,$-345,$0,$-345,$0,$-408,$0,$0,$0,$-246,$-246,$0,$-105,$-351,$-498,$110,$0
5,2017-06-30,105.72,$14.52,7.28,$16.27,6.5,$8.33,12.69,$3.74,28.27,$4.90B,$1.63B,3.01,$0.99B,$4.49B,0.22,$5.02B,$3.75B,74.66%,$5.02B,$1.41B,28.01%,$5.02B,$1.41B,28.01%,$5.02B,$1.56B,31.14%,$5.02B,$1.41B,28.01%,$5.02B,$1.17B,23.31%,$1.17B,$4.49B,29.83%,$1.17B,$2.77B,53.09%,$1.17B,$7.38B,15.77%,$1.41B,$5.48B,28.62%,$1449,$154,$1295,$325,$226,$706,$743,$6,$749,$105,$644,$644,$644,$774,$743,$309,313,$2.08,$2.06,$4470,$0,$210,$4902,$436,$0,$1715,$90,$2473,$7375,$1629,$991,$268,$1260,$2889,$3,$3663,$-71,$4486,$7375,$644,$31,$103,$134,$135,$0,$-44,$-577,$-602,$176,$-33,$0,$0,$-255,$0,$-255,$0,$-288,$0,$0,$0,$-120,$-120,$0,$-95,$-215,$-317,$48,$0
6,2017-03-31,89.52,$13.18,6.79,$15.67,5.71,$7.37,12.14,$3.08,29.06,$5.20B,$2.42B,2.15,$0.99B,$4.06B,0.24,$4.85B,$3.55B,73.21%,$4.85B,$1.22B,25.26%,$4.85B,$1.22B,25.26%,$4.85B,$1.40B,28.81%,$4.85B,$1.21B,24.97%,$4.85B,$0.97B,19.96%,$0.97B,$4.06B,25.90%,$0.97B,$2.35B,48.24%,$0.97B,$7.72B,13.37%,$1.22B,$5.05B,25.92%,$1527,$202,$1325,$335,$272,$810,$717,$-1,$716,$150,$566,$566,$566,$749,$717,$303,314,$1.86,$1.81,$4532,$0,$308,$5199,$434,$0,$1715,$84,$2519,$7718,$2415,$990,$252,$1243,$3658,$3,$3027,$-19,$4060,$7718,$967,$172,$296,$468,$-136,$0,$5,$84,$143,$1578,$-123,$0,$0,$-636,$0,$-636,$0,$-759,$0,$-163,$-163,$-436,$-436,$0,$-130,$-729,$72,$196,$0
7,2016-12-31,78.76,$11.56,6.81,$14.77,5.33,$6.90,11.42,$4.06,19.4,$5.10B,$2.94B,1.74,$0.99B,$3.55B,0.28,$4.63B,$3.30B,71.42%,$4.63B,$1.04B,22.55%,$4.63B,$1.04B,22.55%,$4.63B,$1.23B,26.61%,$4.63B,$1.02B,22.05%,$4.63B,$1.30B,28.10%,$1.30B,$3.55B,36.44%,$1.30B,$1.84B,71.21%,$1.30B,$7.72B,18.40%,$1.04B,$4.54B,22.89%,$1149,$516,$633,$285,$350,$1153,$-4,$-2,$-6,$-5,$-1,$-1,$-1,$45,$-4,$303,303,$0.00,$0.00,$4219,$35,$260,$5101,$424,$0,$1713,$95,$2618,$7719,$2937,$990,$241,$1233,$4170,$3,$2461,$-1,$3549,$7719,$401,$140,$144,$284,$-367,$0,$-6,$553,$456,$1141,$-94,$0,$0,$-404,$0,$-404,$0,$-498,$0,$-163,$-163,$-350,$-350,$0,$-112,$-625,$-10,$144,$0
8,2016-09-30,85.4,$12.03,7.1,$14.42,5.92,$5.90,14.48,$3.92,21.79,$4.26B,$2.05B,2.08,$0.99B,$3.61B,0.27,$4.55B,$3.20B,70.27%,$4.55B,$1.02B,22.34%,$4.55B,$1.02B,22.34%,$4.55B,$1.21B,26.50%,$4.55B,$1.00B,21.90%,$4.55B,$1.26B,27.62%,$1.26B,$3.61B,36.59%,$1.26B,$1.87B,75.00%,$1.26B,$6.89B,18.60%,$1.02B,$4.60B,24.32%,$898,$401,$497,$291,$254,$947,$-49,$-3,$-52,$-14,$-38,$-38,$-38,$-4,$-49,$301,301,$-0.13,$-0.13,$3266,$50,$221,$4260,$431,$0,$1737,$98,$2632,$6892,$2050,$990,$242,$1234,$3284,$3,$2462,$-10,$3608,$6892,$402,$91,$116,$207,$-493,$0,$133,$-354,$-605,$4,$-69,$0,$0,$-180,$0,$-180,$0,$-249,$0,$-163,$-163,$-225,$-225,$0,$-106,$-494,$-747,$96,$0
9,2016-06-30,75.76,$12.35,6.14,$14.05,5.39,$5.78,13.11,$3.60,21.04,$3.97B,$1.65B,2.41,$0.99B,$3.72B,0.27,$4.46B,$3.10B,69.53%,$4.46B,$0.95B,21.19%,$4.46B,$0.95B,21.19%,$4.46B,$1.14B,25.54%,$4.46B,$0.92B,20.61%,$4.46B,$1.15B,25.85%,$1.15B,$3.72B,34.79%,$1.15B,$1.97B,74.68%,$1.15B,$6.61B,17.67%,$0.95B,$4.71B,24.78%,$1271,$179,$1092,$294,$236,$711,$560,$-8,$552,$112,$440,$440,$440,$606,$560,$301,315,$1.46,$1.40,$3427,$26,$273,$3972,$435,$0,$1750,$105,$2633,$6605,$1650,$989,$248,$1239,$2889,$3,$2500,$3,$3716,$6605,$440,$46,$91,$137,$-12,$0,$-32,$-579,$-695,$-118,$-40,$0,$0,$-41,$0,$-41,$0,$-81,$0,$-27,$-27,$-125,$-125,$0,$-97,$-249,$-451,$48,$0
10,2016-03-31,66.11,$11.28,5.86,$13.61,4.86,$6.00,11.02,$3.52,18.78,$4.35B,$2.42B,1.8,$0.99B,$3.40B,0.29,$4.40B,$3.04B,69.20%,$4.40B,$0.90B,20.43%,$4.40B,$0.90B,20.43%,$4.40B,$1.10B,24.91%,$4.40B,$0.88B,19.95%,$4.40B,$1.16B,26.30%,$1.16B,$3.40B,35.87%,$1.16B,$1.63B,80.56%,$1.16B,$7.05B,18.32%,$0.90B,$4.39B,25.79%,$1308,$226,$1082,$282,$263,$772,$536,$-10,$526,$-373,$899,$899,$899,$584,$536,$310,330,$2.90,$2.77,$3834,$0,$287,$4354,$439,$0,$1767,$103,$2696,$7050,$2418,$991,$243,$1236,$3654,$3,$2060,$-16,$3396,$7050,$1156,$197,$-215,$-18,$127,$0,$13,$197,$327,$1465,$-93,$0,$0,$-391,$0,$-391,$0,$-484,$989,$-470,$519,$-911,$-911,$0,$-156,$-548,$425,$178,$0
11,2015-12-31,68.72,$9.72,7.07,$13.29,5.17,$4.83,14.23,$1.92,35.79,$4.15B,$3.15B,1.32,$0.01B,$3.01B,0.0,$4.27B,$2.91B,68.13%,$4.27B,$0.76B,17.83%,$4.27B,$0.76B,17.83%,$4.27B,$0.97B,22.61%,$4.27B,$0.75B,17.51%,$4.27B,$0.65B,15.26%,$0.65B,$3.01B,20.81%,$0.65B,$1.23B,48.99%,$0.65B,$6.47B,10.72%,$0.76B,$3.02B,24.18%,$1070,$546,$524,$266,$287,$1101,$-31,$1,$-30,$15,$-45,$-45,$-45,$19,$-31,$311,311,$-0.14,$-0.14,$3229,$42,$214,$4152,$415,$0,$1779,$116,$2318,$6470,$3145,$7,$231,$313,$3458,$3,$1161,$-57,$3012,$6470,$257,$149,$145,$294,$-268,$-6,$70,$604,$276,$827,$-63,$0,$0,$-20,$0,$-20,$0,$-83,$0,$-293,$-293,$-298,$-298,$0,$73,$-518,$195,$131,$0
12,2015-09-30,67.75,$10.12,6.7,$13.34,5.08,$4.87,13.91,$2.50,27.1,$3.65B,$2.53B,1.44,$0.01B,$3.15B,0.0,$4.33B,$3.11B,71.89%,$4.33B,$0.96B,22.06%,$4.33B,$0.96B,22.06%,$4.33B,$1.16B,26.84%,$4.33B,$0.93B,21.58%,$4.33B,$0.84B,19.38%,$0.84B,$3.15B,27.50%,$0.84B,$1.35B,68.05%,$0.84B,$6.00B,13.96%,$0.96B,$3.16B,31.03%,$815,$409,$406,$265,$257,$934,$-119,$-9,$-128,$12,$-140,$-140,$-140,$-69,$-119,$312,312,$-0.45,$-0.45,$2588,$62,$213,$3646,$430,$0,$1793,$117,$2354,$6000,$2525,$13,$241,$329,$2854,$3,$1206,$-44,$3146,$6000,$302,$99,$96,$195,$-379,$-26,$126,$-131,$-559,$-62,$-42,$0,$0,$-38,$0,$-38,$0,$-80,$0,$-198,$-198,$-174,$-174,$0,$65,$-307,$-470,$89,$0
13,2015-06-30,66.5,$10.73,6.2,$13.80,4.82,$5.63,11.8,$2.96,22.47,$3.33B,$2.03B,1.64,$0.03B,$3.34B,0.01,$4.50B,$3.27B,72.58%,$4.50B,$1.10B,24.38%,$4.50B,$1.10B,24.38%,$4.50B,$1.31B,29.11%,$4.50B,$1.08B,23.98%,$4.50B,$0.98B,21.80%,$0.98B,$3.34B,33.49%,$0.98B,$1.53B,89.62%,$0.98B,$5.72B,16.32%,$1.10B,$3.36B,35.38%,$1203,$173,$1030,$296,$221,$691,$512,$-3,$509,$67,$442,$442,$442,$561,$512,$311,335,$1.42,$1.32,$2879,$34,$216,$3326,$444,$0,$1811,$126,$2395,$5721,$2029,$25,$251,$356,$2385,$3,$1346,$-14,$3336,$5721,$442,$49,$45,$94,$219,$3,$-16,$-482,$-607,$-71,$-24,$0,$0,$-116,$0,$-116,$0,$-140,$0,$0,$0,$-87,$-87,$0,$40,$-47,$-258,$45,$0
14,2015-03-31,58.82,$9.79,6.01,$13.98,4.21,$5.85,10.06,$2.68,21.95,$3.72B,$2.75B,1.35,$0.03B,$3.04B,0.01,$4.52B,$3.09B,68.35%,$4.52B,$0.95B,21.00%,$4.52B,$0.95B,21.00%,$4.52B,$1.17B,25.87%,$4.52B,$0.93B,20.49%,$4.52B,$0.88B,19.38%,$0.88B,$3.04B,31.51%,$0.88B,$1.21B,94.98%,$0.88B,$6.15B,14.69%,$0.95B,$3.07B,30.70%,$1185,$234,$951,$285,$264,$785,$400,$-3,$397,$2,$395,$395,$395,$455,$400,$311,325,$1.27,$1.20,$3021,$36,$247,$3720,$459,$0,$1824,$131,$2427,$6147,$2747,$31,$253,$364,$3111,$3,$904,$2,$3036,$6147,$875,$220,$142,$362,$-54,$0,$-46,$-101,$-170,$1067,$-95,$0,$0,$-375,$0,$-375,$0,$-470,$0,$0,$0,$-277,$-277,$0,$22,$-255,$286,$144,$0
15,2014-12-31,47.02,$8.67,5.42,$13.88,3.39,$4.80,9.79,$2.64,17.81,$3.75B,$3.07B,1.22,$0.04B,$2.69B,0.01,$4.45B,$3.04B,68.16%,$4.45B,$0.89B,20.03%,$4.45B,$0.89B,20.03%,$4.45B,$1.11B,25.02%,$4.45B,$0.87B,19.43%,$4.45B,$0.85B,19.02%,$0.85B,$2.69B,32.29%,$0.85B,$0.84B,113.12%,$0.85B,$6.17B,14.48%,$0.89B,$2.72B,29.04%,$1126,$401,$725,$283,$276,$964,$162,$-6,$156,$14,$142,$142,$142,$215,$162,$311,323,$0.46,$0.44,$2940,$39,$230,$3754,$461,$0,$1845,$101,$2413,$6167,$3069,$37,$289,$411,$3480,$3,$509,$23,$2687,$6167,$480,$165,$115,$280,$-176,$16,$-29,$230,$109,$869,$-63,$0,$0,$-197,$0,$-197,$0,$-260,$0,$0,$0,$-211,$-211,$0,$16,$-195,$384,$108,$0
16,2014-09-30,35.61,$8.56,4.16,$13.01,2.74,$3.44,10.35,$1.20,29.68,$3.53B,$2.39B,1.48,$0.59B,$2.67B,0.22,$4.14B,$2.60B,62.90%,$4.14B,$0.44B,10.59%,$4.14B,$0.44B,10.59%,$4.14B,$0.67B,16.08%,$4.14B,$0.41B,9.94%,$4.14B,$0.40B,9.60%,$0.40B,$2.67B,16.19%,$0.40B,$0.80B,71.02%,$0.40B,$6.03B,6.97%,$0.44B,$3.26B,14.43%,$990,$427,$563,$261,$275,$966,$24,$-6,$18,$15,$3,$3,$3,$80,$24,$313,322,$0.01,$0.01,$2388,$67,$190,$3532,$483,$0,$1866,$141,$2499,$6031,$2387,$591,$298,$974,$3361,$3,$367,$53,$2670,$6031,$338,$112,$71,$183,$-508,$-11,$83,$-71,$-334,$187,$-48,$0,$0,$-185,$0,$-185,$0,$-233,$0,$0,$0,$-119,$-119,$0,$14,$-105,$-158,$69,$0
17,2014-06-30,35.87,$8.67,4.14,$12.20,2.94,$2.01,17.84,$0.30,119.57,$2.93B,$1.79B,1.64,$0.59B,$2.71B,0.22,$3.84B,$2.32B,60.42%,$3.84B,$0.16B,4.22%,$3.84B,$0.16B,4.22%,$3.84B,$0.39B,10.13%,$3.84B,$0.13B,3.46%,$3.84B,$0.12B,3.15%,$0.12B,$2.71B,5.14%,$0.12B,$0.83B,27.25%,$0.12B,$5.48B,2.22%,$0.16B,$3.30B,5.52%,$1214,$367,$847,$265,$218,$852,$362,$-8,$354,$19,$335,$335,$335,$418,$362,$313,322,$1.07,$1.04,$2316,$37,$300,$2930,$503,$0,$1886,$142,$2546,$5476,$1786,$586,$306,$977,$2763,$3,$364,$61,$2713,$5476,$335,$56,$29,$85,$110,$19,$-43,$-418,$-416,$4,$-27,$0,$0,$-180,$0,$-180,$0,$-207,$0,$0,$0,$-45,$-45,$0,$12,$-33,$-228,$29,$0
18,2014-03-31,29.01,$7.79,3.73,$11.47,2.53,$1.19,24.29,$-0.03,0.0,$3.14B,$2.39B,1.31,$0.58B,$2.42B,0.24,$3.58B,$2.23B,62.32%,$3.58B,$0.03B,0.92%,$3.58B,$0.03B,0.92%,$3.58B,$0.26B,7.27%,$3.58B,$0.01B,0.20%,$3.58B,$0.01B,0.22%,$0.01B,$2.42B,0.35%,$0.01B,$0.52B,2.15%,$0.01B,$5.72B,0.15%,$0.03B,$3.00B,1.15%,$1123,$223,$900,$289,$260,$779,$344,$-7,$337,$-30,$367,$367,$367,$401,$344,$308,316,$1.19,$1.21,$2365,$56,$316,$3138,$510,$0,$1900,$140,$2578,$5716,$2390,$580,$306,$904,$3294,$3,$29,$37,$2422,$5716,$8,$227,$133,$360,$-12,$-13,$-18,$390,$344,$712,$-97,$0,$-5,$-199,$0,$-199,$0,$-301,$0,$0,$0,$77,$77,$0,$12,$89,$490,$150,$0
19,2013-12-31,22.94,$6.49,3.54,$11.78,1.95,$-0.06,0.0,$-0.13,0.0,$2.92B,$2.66B,1.1,$0.58B,$2.00B,0.29,$3.66B,$2.23B,60.86%,$3.66B,$-0.00B,-0.05%,$3.66B,$-0.00B,-0.05%,$3.66B,$0.25B,6.94%,$3.66B,$0.00B,0.00%,$3.66B,$-0.04B,-0.98%,$-0.04B,$2.00B,-1.59%,$-0.04B,$0.08B,-11.46%,$-0.04B,$5.57B,-0.71%,$-0.00B,$2.58B,-0.07%,$808,$517,$291,$275,$305,$1100,$-292,$-6,$-298,$10,$-308,$-308,$-308,$-234,$-292,$309,309,$-1.00,$-1.00,$2070,$55,$219,$2921,$518,$0,$1921,$167,$2652,$5573,$2659,$575,$334,$910,$3569,$3,$-338,$52,$2004,$5573,$-359,$170,$82,$252,$-210,$-12,$13,$672,$538,$431,$-81,$0,$-5,$61,$0,$61,$0,$-25,$-1,$0,$-1,$51,$51,$0,$0,$50,$454,$111,$0
20,2013-09-30,25.55,$7.40,3.45,$12.19,2.1,$-1.16,0.0,$0.72,35.49,$2.34B,$1.85B,1.26,$0.57B,$2.29B,0.25,$3.78B,$2.43B,64.37%,$3.78B,$0.25B,6.65%,$3.78B,$0.25B,6.65%,$3.78B,$0.52B,13.64%,$3.78B,$0.27B,7.02%,$3.78B,$0.23B,6.01%,$0.23B,$2.29B,10.09%,$0.23B,$0.34B,82.32%,$0.23B,$5.04B,4.60%,$0.25B,$2.86B,8.92%,$695,$413,$282,$283,$293,$947,$-252,$-8,$-260,$13,$-273,$-273,$-273,$-196,$-252,$308,308,$-0.89,$-0.89,$1418,$58,$219,$2340,$532,$0,$1942,$174,$2696,$5036,$1851,$570,$328,$899,$2750,$3,$-30,$62,$2286,$5036,$-51,$112,$39,$151,$-278,$-15,$77,$-101,$-354,$-254,$-53,$0,$-5,$59,$0,$59,$0,$1,$0,$0,$0,$50,$50,$0,$-1,$49,$-202,$71,$0
21,2013-06-30,22.99,$8.14,2.82,$12.19,1.89,$-1.20,0.0,$0.40,57.48,$1.88B,$1.23B,1.54,$0.56B,$2.49B,0.23,$3.79B,$2.41B,63.68%,$3.79B,$0.14B,3.67%,$3.79B,$0.14B,3.67%,$3.79B,$0.40B,10.63%,$3.79B,$0.16B,4.14%,$3.79B,$0.12B,3.14%,$0.12B,$2.49B,5.37%,$0.12B,$0.54B,55.61%,$0.12B,$4.61B,2.39%,$0.14B,$3.06B,5.01%,$949,$194,$755,$278,$232,$716,$233,$-5,$228,$6,$222,$222,$222,$289,$233,$304,312,$0.73,$0.71,$1411,$41,$261,$1884,$537,$0,$1956,$178,$2721,$4605,$1226,$564,$322,$887,$2113,$3,$243,$56,$2492,$4605,$222,$56,$42,$98,$192,$1,$-82,$-484,$-568,$-248,$-29,$0,$-5,$32,$0,$32,$0,$-2,$0,$0,$0,$22,$22,$0,$-1,$21,$-236,$33,$0
22,2013-03-31,17.7,$7.51,2.36,$12.13,1.46,$-1.17,0.0,$0.32,55.31,$2.33B,$1.92B,1.21,$0.56B,$2.27B,0.25,$3.80B,$2.41B,63.44%,$3.80B,$0.12B,3.19%,$3.80B,$0.12B,3.19%,$3.80B,$0.39B,10.14%,$3.80B,$0.14B,3.66%,$3.80B,$0.10B,2.58%,$0.10B,$2.27B,4.39%,$0.10B,$0.29B,48.45%,$0.10B,$5.07B,1.95%,$0.12B,$2.83B,4.35%,$1209,$309,$900,$287,$294,$900,$309,$21,$330,$7,$323,$323,$323,$395,$309,$310,313,$1.05,$1.04,$1680,$42,$239,$2325,$548,$0,$1974,$170,$2745,$5070,$1917,$559,$326,$886,$2803,$3,$21,$69,$2267,$5070,$98,$264,$63,$327,$56,$16,$-78,$11,$-101,$324,$-106,$0,$-10,$117,$0,$117,$31,$32,$0,$0,$0,$-315,$-315,$0,$-30,$-345,$-1,$164,$0
23,2012-12-31,14.52,$6.51,2.23,$12.34,1.18,$-1.47,0.0,$0.47,30.89,$2.23B,$2.15B,1.04,$0.55B,$1.96B,0.28,$3.96B,$2.50B,63.27%,$3.96B,$0.18B,4.47%,$3.96B,$0.18B,4.47%,$3.96B,$0.42B,10.69%,$3.96B,$0.17B,4.30%,$3.96B,$0.18B,4.42%,$0.18B,$1.96B,7.67%,$0.18B,$-0.07B,78.92%,$0.18B,$5.04B,3.41%,$0.18B,$2.51B,6.26%,$922,$429,$493,$278,$290,$961,$-39,$6,$-33,$12,$-45,$-45,$-45,$27,$-39,$304,304,$-0.15,$-0.15,$1492,$59,$229,$2229,$550,$0,$2028,$185,$2810,$5039,$2146,$554,$379,$935,$3081,$3,$-302,$119,$1958,$5039,$-225,$178,$39,$217,$-18,$0,$-115,$179,$99,$91,$-81,$0,$-10,$185,$0,$185,$25,$119,$0,$0,$0,$-317,$-317,$0,$-30,$-347,$-135,$122,$0
24,2012-09-30,12.69,$6.90,1.84,$12.50,1.02,$-1.84,0.0,0,0.0,$2.33B,$2.05B,1.14,$0.55B,$2.15B,0.26,$4.10B,$2.52B,61.51%,$4.10B,$0.03B,0.81%,$4.10B,$0.03B,0.81%,$4.10B,$0.27B,6.52%,$4.10B,$0.01B,0.24%,$4.10B,$0.02B,0.37%,$0.02B,$2.15B,0.64%,$0.02B,$0.10B,5.43%,$0.02B,$5.19B,0.28%,$0.03B,$2.70B,1.14%,$711,$445,$266,$306,$319,$1075,$-364,$-4,$-368,$13,$-381,$-381,$-381,$-308,$-364,$316,316,$-1.21,$-1.21,$1315,$71,$239,$2332,$561,$0,$2057,$192,$2859,$5191,$2046,$549,$440,$991,$3037,$3,$-257,$149,$2154,$5191,$-180,$112,$60,$172,$-274,$-13,$9,$-95,$-264,$-272,$-56,$0,$-10,$83,$0,$83,$25,$42,$0,$0,$0,$-161,$-161,$0,$-28,$-189,$-422,$83,$0
25,2012-06-30,12.35,$8.03,1.54,$12.41,1.0,$-2.45,0.0,$0.18,68.61,$1.95B,$1.34B,1.46,$0.54B,$2.55B,0.21,$4.10B,$2.54B,61.87%,$4.10B,$0.02B,0.56%,$4.10B,$0.02B,0.56%,$4.10B,$0.25B,6.15%,$4.10B,$-0.00B,-0.05%,$4.10B,$0.06B,1.37%,$0.06B,$2.55B,2.28%,$0.06B,$0.49B,15.65%,$0.06B,$4.83B,1.04%,$0.02B,$3.10B,0.77%,$955,$205,$750,$282,$239,$740,$215,$-5,$210,$9,$201,$201,$201,$271,$215,$317,320,$0.63,$0.63,$1439,$60,$273,$1951,$558,$0,$2063,$209,$2874,$4825,$1336,$544,$391,$937,$2273,$3,$124,$115,$2552,$4825,$201,$56,$16,$72,$254,$-2,$-157,$-493,$-517,$-244,$-31,$0,$0,$-9,$0,$-9,$0,$-40,$-1,$0,$-1,$-71,$-71,$0,$0,$-72,$-374,$39,$0
26,2012-03-31,16.49,$7.68,2.15,$12.39,1.33,$-2.50,0.0,$0.21,78.5,$2.61B,$2.12B,1.23,$0.54B,$2.46B,0.22,$4.14B,$2.55B,61.43%,$4.14B,$0.04B,0.84%,$4.14B,$0.04B,0.84%,$4.14B,$0.25B,6.06%,$4.14B,$0.02B,0.43%,$4.14B,$0.08B,1.83%,$0.08B,$2.46B,3.04%,$0.08B,$0.37B,12.53%,$0.08B,$5.49B,1.45%,$0.04B,$3.00B,1.21%,$1368,$374,$994,$252,$369,$1003,$365,$-4,$361,$-39,$400,$400,$400,$433,$365,$331,336,$1.21,$1.22,$1849,$59,$268,$2609,$568,$0,$2087,$185,$2882,$5491,$2120,$539,$366,$913,$3033,$3,$-77,$173,$2458,$5491,$76,$216,$73,$289,$-14,$21,$-50,$-58,$-88,$277,$-146,$0,$-676,$58,$0,$58,$75,$-689,$485,$0,$485,$-349,$-349,$0,$4,$140,$-286,$170,$0
27,2011-12-31,20.6,$6.80,3.03,$11.62,1.77,$-2.09,0.0,$-0.54,0.0,$2.81B,$2.40B,1.17,$0.53B,$2.27B,0.24,$3.87B,$2.31B,59.84%,$3.87B,$-0.19B,-4.79%,$3.87B,$-0.19B,-4.79%,$3.87B,$0.01B,0.13%,$3.87B,$-0.19B,-5.02%,$3.87B,$-0.17B,-4.48%,$-0.17B,$2.27B,-6.84%,$-0.17B,$0.15B,-20.56%,$-0.17B,$5.70B,-3.39%,$-0.19B,$2.80B,-6.62%,$1061,$552,$509,$325,$367,$1244,$-183,$-10,$-193,$12,$-205,$-205,$-205,$-129,$-183,$332,332,$-0.62,$-0.62,$1791,$69,$328,$2806,$547,$0,$2118,$181,$2890,$5696,$2397,$534,$418,$1034,$3431,$3,$-477,$190,$2265,$5696,$-324,$148,$78,$226,$-176,$11,$-150,$353,$88,$-10,$-102,$0,$-676,$89,$0,$89,$0,$-689,$510,$0,$510,$-126,$-126,$0,$4,$388,$-337,$129,$0
28,2011-09-30,20.45,$7.65,2.67,$11.60,1.76,$-1.67,0.0,$-0.89,0.0,$2.57B,$1.85B,1.39,$0.53B,$2.54B,0.21,$3.86B,$2.27B,58.88%,$3.86B,$-0.31B,-7.91%,$3.86B,$-0.31B,-7.91%,$3.86B,$-0.13B,-3.24%,$3.86B,$-0.30B,-7.88%,$3.86B,$-0.29B,-7.52%,$-0.29B,$2.54B,-11.36%,$-0.29B,$0.42B,-26.92%,$-0.29B,$5.44B,-5.97%,$-0.31B,$3.07B,-11.36%,$715,$432,$283,$318,$310,$1089,$-374,$-6,$-380,$-40,$-340,$-340,$-340,$-323,$-374,$331,331,$-1.03,$-1.03,$1499,$90,$320,$2568,$532,$0,$2116,$174,$2867,$5435,$1854,$529,$428,$1041,$2895,$3,$-272,$258,$2540,$5435,$-119,$94,$40,$134,$-215,$-11,$-57,$-219,$-500,$-485,$-58,$0,$-657,$140,$0,$140,$0,$-575,$510,$0,$510,$-89,$-89,$0,$3,$424,$-649,$81,$0
29,2011-06-30,23.6,$8.31,2.84,$11.36,2.08,$-0.96,0.0,$-0.47,0.0,$2.35B,$1.23B,1.92,$0.00B,$2.75B,0.0,$3.77B,$2.26B,59.79%,$3.77B,$-0.18B,-4.85%,$3.77B,$-0.18B,-4.85%,$3.77B,$-0.01B,-0.21%,$3.77B,$-0.14B,-3.76%,$3.77B,$-0.15B,-4.00%,$-0.15B,$2.75B,-5.86%,$-0.15B,$1.48B,-11.48%,$-0.15B,$4.36B,-3.26%,$-0.18B,$2.75B,-7.10%,$999,$240,$759,$285,$214,$772,$227,$3,$230,$9,$221,$221,$221,$270,$227,$331,337,$0.67,$0.66,$1848,$75,$343,$2354,$516,$0,$1266,$170,$2001,$4355,$1225,$0,$338,$380,$1605,$3,$68,$240,$2750,$4355,$221,$43,$41,$84,$307,$4,$-133,$-576,$-579,$-274,$-32,$0,$-25,$-7,$0,$-7,$0,$-64,$0,$0,$0,$-77,$-77,$0,$2,$-75,$-406,$38,$0
30,2011-03-31,19.53,$7.70,2.54,$10.85,1.8,$-0.53,0.0,$-0.84,0.0,$3.03B,$2.00B,1.52,$0.00B,$2.56B,0.0,$3.59B,$2.09B,58.23%,$3.59B,$-0.31B,-8.69%,$3.59B,$-0.31B,-8.69%,$3.59B,$-0.13B,-3.68%,$3.59B,$-0.28B,-7.77%,$3.59B,$-0.28B,-7.69%,$-0.28B,$2.56B,-10.71%,$-0.28B,$1.31B,-21.01%,$-0.28B,$4.93B,-6.00%,$-0.31B,$2.56B,-12.10%,$1090,$328,$762,$299,$298,$945,$145,$4,$149,$-2,$151,$151,$151,$187,$145,$330,330,$0.45,$0.45,$2237,$77,$327,$3032,$513,$0,$1254,$80,$1896,$4928,$2001,$0,$326,$363,$2364,$3,$-153,$219,$2564,$4928,$-276,$180,$159,$339,$-122,$25,$114,$244,$257,$320,$-59,$0,$-16,$60,$0,$60,$0,$-15,$0,$0,$0,$-24,$-24,$0,$1,$-23,$306,$176,$0
31,2010-12-31,16.38,$7.06,2.32,$10.56,1.55,$-1.07,0.0,$-1.20,0.0,$2.71B,$2.01B,1.35,$0.00B,$2.36B,0.0,$3.48B,$2.01B,57.76%,$3.48B,$-0.37B,-10.75%,$3.48B,$-0.37B,-10.75%,$3.48B,$-0.19B,-5.35%,$3.48B,$-0.35B,-10.01%,$3.48B,$-0.40B,-11.41%,$-0.40B,$2.36B,-15.16%,$-0.40B,$1.09B,-29.54%,$-0.40B,$4.73B,-8.77%,$-0.37B,$2.36B,-14.28%,$1053,$586,$467,$273,$328,$1356,$-303,$0,$-303,$19,$-322,$-322,$-322,$-259,$-303,$332,332,$-0.97,$-0.97,$1971,$105,$226,$2714,$502,$0,$1267,$200,$2013,$4727,$2008,$0,$357,$361,$2369,$3,$-304,$155,$2358,$4727,$-427,$138,$122,$260,$-180,$-4,$59,$325,$234,$67,$-38,$0,$-16,$47,$0,$47,$0,$-7,$0,$0,$0,$17,$17,$0,$0,$17,$80,$138,$0
32,2010-09-30,16.45,$7.95,2.07,$11.21,1.47,$-1.62,0.0,$-0.48,0.0,$2.49B,$1.57B,1.59,$0.00B,$2.64B,0.0,$3.67B,$2.13B,58.10%,$3.67B,$-0.18B,-4.85%,$3.67B,$-0.18B,-4.85%,$3.67B,$0.01B,0.38%,$3.67B,$-0.16B,-4.23%,$3.67B,$-0.16B,-4.28%,$-0.16B,$2.64B,-5.86%,$-0.16B,$1.38B,-11.27%,$-0.16B,$4.49B,-3.43%,$-0.18B,$2.64B,-6.64%,$631,$363,$268,$277,$250,$883,$-252,$34,$-218,$-17,$-201,$-201,$-201,$-206,$-252,$329,329,$-0.61,$-0.61,$1657,$155,$207,$2485,$510,$0,$1262,$189,$2009,$4494,$1568,$0,$286,$288,$1856,$3,$18,$144,$2638,$4494,$-105,$94,$66,$160,$-237,$-55,$106,$-9,$-337,$-282,$-23,$0,$0,$67,$0,$67,$0,$44,$0,$0,$0,$17,$17,$0,$0,$17,$-217,$90,$0
33,2010-06-30,14.4,$8.34,1.73,$11.72,1.23,$-1.80,0.0,$-1.08,0.0,$2.23B,$1.17B,1.91,$0.00B,$2.75B,0.0,$3.83B,$2.06B,53.80%,$3.83B,$-0.34B,-8.97%,$3.83B,$-0.34B,-8.97%,$3.83B,$-0.15B,-3.95%,$3.83B,$-0.36B,-9.28%,$3.83B,$-0.35B,-9.07%,$-0.35B,$2.75B,-12.93%,$-0.35B,$1.48B,-23.76%,$-0.35B,$4.25B,-7.37%,$-0.34B,$2.75B,-12.78%,$815,$222,$593,$275,$201,$717,$98,$-5,$93,$-3,$96,$96,$96,$146,$98,$328,332,$0.29,$0.29,$1730,$82,$270,$2228,$516,$0,$1275,$177,$2017,$4245,$1165,$0,$326,$328,$1493,$3,$219,$113,$2752,$4245,$96,$48,$57,$105,$97,$16,$-40,$-313,$-349,$-148,$-11,$0,$0,$-42,$0,$-42,$0,$-53,$0,$0,$0,$1,$1,$0,$0,$1,$-216,$47,$0
34,2010-03-31,18.66,$8.27,2.26,$11.26,1.66,$-2.36,0.0,$-2.09,0.0,$2.59B,$1.57B,1.64,$0.00B,$2.73B,0.0,$3.65B,$1.79B,48.93%,$3.65B,$-0.69B,-18.77%,$3.65B,$-0.69B,-18.77%,$3.65B,$-0.49B,-13.52%,$3.65B,$-0.71B,-19.32%,$3.65B,$-0.68B,-18.53%,$-0.68B,$2.73B,-24.65%,$-0.68B,$1.43B,-42.69%,$-0.68B,$4.65B,-14.02%,$-0.69B,$2.73B,-24.98%,$979,$298,$681,$311,$250,$896,$83,$-3,$80,$50,$30,$30,$30,$133,$83,$325,325,$0.10,$0.10,$1996,$100,$239,$2585,$537,$0,$1297,$175,$2061,$4646,$1574,$0,$341,$343,$1917,$3,$123,$228,$2729,$4646,$-677,$192,$252,$444,$-66,$123,$-57,$523,$385,$152,$-72,$0,$-283,$116,$0,$116,$-333,$-572,$0,$0,$0,$39,$39,$0,$14,$53,$-348,$187,$0
35,2009-12-31,17.75,$7.95,2.23,$10.94,1.62,$-2.93,0.0,$-2.31,0.0,$2.78B,$1.87B,1.49,$0.00B,$2.60B,0.0,$3.54B,$1.62B,45.77%,$3.54B,$-0.83B,-23.51%,$3.54B,$-0.83B,-23.51%,$3.54B,$-0.64B,-18.19%,$3.54B,$-0.85B,-23.90%,$3.54B,$-0.75B,-21.19%,$-0.75B,$2.60B,-26.30%,$-0.75B,$1.29B,-42.70%,$-0.75B,$4.94B,-15.49%,$-0.83B,$2.60B,-29.18%,$1243,$654,$589,$290,$292,$1350,$-107,$-3,$-110,$-28,$-82,$-82,$-82,$-59,$-107,$325,325,$-0.25,$-0.25,$1784,$144,$264,$2782,$550,$0,$1312,$221,$2157,$4939,$1871,$0,$420,$469,$2340,$3,$93,$238,$2599,$4939,$-707,$142,$168,$310,$-356,$77,$36,$581,$296,$-101,$-50,$0,$-278,$190,$0,$190,$-333,$-471,$0,$0,$0,$25,$25,$0,$13,$38,$-507,$145,$0
36,2009-09-30,19.05,$8.17,2.33,$12.27,1.55,$-3.37,0.0,$-4.06,0.0,$3.23B,$1.91B,1.69,$0.00B,$2.66B,0.0,$3.95B,$1.76B,44.55%,$3.95B,$-1.03B,-26.05%,$3.95B,$-1.03B,-26.05%,$3.95B,$-0.47B,-11.96%,$3.95B,$-1.05B,-26.66%,$3.95B,$-1.31B,-33.15%,$-1.31B,$2.66B,-44.17%,$-1.31B,$1.65B,-67.61%,$-1.31B,$5.00B,-26.69%,$-1.03B,$2.66B,-34.72%,$788,$593,$195,$316,$278,$1205,$-417,$-1,$-418,$-27,$-391,$-391,$-391,$-371,$-417,$324,324,$-1.21,$-1.21,$2012,$250,$245,$3227,$569,$0,$1011,$124,$1775,$5002,$1913,$0,$405,$433,$2346,$3,$175,$297,$2656,$5002,$-625,$94,$64,$158,$-518,$-30,$123,$497,$145,$-322,$-34,$0,$-3,$-46,$0,$-46,$-233,$-316,$0,$0,$0,$25,$25,$0,$0,$25,$-579,$77,$0
37,2009-06-30,21.72,$9.29,2.34,$12.64,1.72,$-3.77,0.0,$-3.82,0.0,$3.18B,$1.26B,2.52,$0.00B,$3.00B,0.0,$4.05B,$1.90B,46.89%,$4.05B,$-0.98B,-24.06%,$4.05B,$-0.98B,-24.06%,$4.05B,$-0.41B,-10.14%,$4.05B,$-1.03B,-25.30%,$4.05B,$-1.23B,-30.28%,$-1.23B,$3.00B,-37.14%,$-1.23B,$1.98B,-56.41%,$-1.23B,$4.72B,-23.86%,$-0.98B,$3.00B,-29.51%,$644,$321,$323,$312,$230,$889,$-245,$-13,$-258,$-24,$-234,$-234,$-234,$-197,$-245,$323,323,$-0.72,$-0.72,$2279,$215,$251,$3176,$341,$0,$1022,$116,$1546,$4722,$1260,$0,$421,$461,$1721,$3,$566,$314,$3001,$4722,$-234,$48,$43,$91,$-252,$4,$8,$137,$-185,$-328,$-8,$0,$-3,$-101,$0,$-101,$0,$-112,$0,$0,$0,$3,$3,$0,$0,$3,$-416,$33,$0
38,2009-03-31,18.19,$9.70,1.87,$13.17,1.38,$-3.75,0.0,$-3.40,0.0,$3.12B,$1.14B,2.75,$0.00B,$3.13B,0.0,$4.21B,$2.09B,49.50%,$4.21B,$-0.83B,-19.63%,$4.21B,$-0.83B,-19.63%,$4.21B,$-0.26B,-6.20%,$4.21B,$-0.86B,-20.30%,$4.21B,$-1.09B,-25.83%,$-1.09B,$3.13B,-29.93%,$-1.09B,$2.11B,-45.31%,$-1.09B,$4.68B,-20.13%,$-0.83B,$3.13B,-22.75%,$860,$349,$511,$332,$190,$922,$-62,$3,$-59,$-17,$-42,$-42,$-42,$-16,$-62,$320,320,$-0.13,$-0.13,$2520,$217,$216,$3120,$354,$0,$1028,$115,$1558,$4678,$1136,$0,$366,$408,$1544,$3,$800,$189,$3134,$4678,$-1088,$566,$518,$1084,$221,$-49,$-26,$-74,$16,$12,$-115,$0,$-58,$196,$0,$196,$0,$23,$0,$0,$0,$89,$89,$0,$2,$91,$68,$203,$0
39,2008-12-31,16.04,$9.51,1.69,$14.07,1.14,$-2.61,0.0,$-3.57,0.0,$3.64B,$1.79B,2.03,$0.00B,$3.05B,0.0,$4.48B,$2.24B,49.99%,$4.48B,$-0.80B,-17.91%,$4.48B,$-0.80B,-17.91%,$4.48B,$-0.23B,-5.20%,$4.48B,$-0.93B,-20.81%,$4.48B,$-1.14B,-25.45%,$-1.14B,$3.05B,-28.96%,$-1.14B,$2.01B,-43.76%,$-1.14B,$5.20B,-19.83%,$-0.80B,$3.05B,-20.37%,$1654,$925,$729,$299,$332,$1958,$-304,$-13,$-317,$324,$-641,$-641,$-641,$112,$-304,$321,321,$-2.00,$-2.00,$2261,$295,$239,$3637,$372,$0,$1044,$118,$1567,$5204,$1788,$0,$321,$363,$2151,$3,$842,$134,$3053,$5204,$-1046,$520,$493,$1013,$-476,$-128,$102,$155,$-170,$-203,$-90,$0,$-58,$151,$0,$151,$0,$3,$0,$0,$0,$75,$75,$0,$2,$77,$-174,$147,$0
40,2008-09-30,36.99,$12.55,2.95,$13.69,2.7,$-1.73,0.0,$-1.68,0.0,$3.84B,$1.53B,2.5,$0.00B,$4.03B,0.0,$4.33B,$2.23B,51.55%,$4.33B,$-0.49B,-11.34%,$4.33B,$-0.49B,-11.34%,$4.33B,$-0.30B,-6.84%,$4.33B,$-0.59B,-13.59%,$4.33B,$-0.53B,-12.29%,$-0.53B,$4.03B,-12.52%,$-0.53B,$2.61B,-18.02%,$-0.53B,$5.96B,-8.78%,$-0.49B,$4.03B,-11.56%,$894,$557,$337,$372,$289,$1258,$-364,$-27,$-391,$-81,$-310,$-310,$-310,$-310,$-364,$319,319,$-0.97,$-0.97,$2465,$328,$249,$3835,$417,$0,$1422,$109,$2127,$5962,$1534,$0,$400,$400,$1934,$3,$1483,$508,$4028,$5962,$-405,$104,$39,$143,$-253,$-163,$104,$55,$-153,$-415,$-63,$0,$-42,$197,$0,$197,$0,$92,$0,$0,$0,$69,$69,$0,$16,$85,$-256,$103,$0
41,2008-06-30,44.43,$13.56,3.28,$12.93,3.44,$-1.30,0.0,$-1.33,0.0,$3.62B,$1.04B,3.49,$0.00B,$4.33B,0.0,$4.07B,$2.14B,52.50%,$4.07B,$-0.40B,-9.84%,$4.07B,$-0.40B,-9.84%,$4.07B,$-0.22B,-5.47%,$4.07B,$-0.44B,-10.78%,$4.07B,$-0.42B,-10.24%,$-0.42B,$4.33B,-9.79%,$-0.42B,$2.88B,-13.50%,$-0.42B,$5.77B,-7.01%,$-0.40B,$4.33B,-9.41%,$804,$296,$508,$356,$212,$901,$-97,$9,$-88,$7,$-95,$-95,$-95,$-47,$-97,$318,318,$-0.30,$-0.30,$2679,$223,$292,$3617,$392,$0,$1442,$146,$2157,$5774,$1036,$0,$412,$412,$1448,$3,$1793,$587,$4326,$5774,$-95,$50,$48,$98,$38,$-56,$-33,$-202,$-294,$-291,$-31,$0,$-42,$-23,$0,$-23,$0,$-96,$0,$0,$0,$25,$25,$0,$9,$34,$-354,$50,$0
42,2008-03-31,49.92,$13.64,3.66,$11.68,4.28,$-0.95,0.0,$-1.45,0.0,$3.93B,$1.30B,3.02,$0.00B,$4.34B,0.0,$3.67B,$1.86B,50.75%,$3.67B,$-0.49B,-13.29%,$3.67B,$-0.49B,-13.29%,$3.67B,$-0.32B,-8.81%,$3.67B,$-0.51B,-13.83%,$3.67B,$-0.45B,-12.39%,$-0.45B,$4.34B,-10.83%,$-0.45B,$2.92B,-14.42%,$-0.45B,$6.06B,-7.88%,$-0.49B,$4.34B,-11.62%,$1127,$462,$665,$315,$218,$1164,$-37,$-99,$-136,$-42,$-94,$-94,$-94,$12,$-37,$314,314,$-0.31,$-0.31,$3016,$168,$290,$3925,$396,$0,$1417,$157,$2134,$6059,$1299,$0,$416,$421,$1720,$3,$1888,$584,$4339,$6059,$-454,$164,$295,$459,$-8,$-100,$22,$347,$333,$338,$-84,$0,$-607,$292,$0,$292,$-30,$-429,$0,$0,$0,$192,$192,$0,$51,$243,$182,$150,$0
43,2007-12-31,58.41,$13.57,4.3,$10.02,5.83,$-1.06,0.0,$-1.23,0.0,$4.90B,$1.75B,2.8,$0.00B,$4.30B,0.0,$3.15B,$1.57B,49.92%,$3.15B,$-0.52B,-16.53%,$3.15B,$-0.52B,-16.53%,$3.15B,$-0.37B,-11.71%,$3.15B,$-0.41B,-13.11%,$3.15B,$-0.39B,-12.22%,$-0.39B,$4.30B,-9.36%,$-0.39B,$3.40B,-12.07%,$-0.39B,$6.45B,-6.96%,$-0.52B,$4.30B,-12.66%,$1503,$782,$721,$321,$308,$1496,$7,$20,$27,$60,$-33,$-33,$-33,$49,$7,$315,315,$-0.10,$-0.10,$3420,$178,$347,$4897,$393,$29,$907,$130,$1548,$6445,$1748,$0,$386,$394,$2142,$3,$1981,$593,$4303,$6445,$-361,$115,$87,$202,$-539,$-108,$169,$507,$212,$53,$-62,$0,$0,$313,$0,$313,$-30,$221,$0,$0,$0,$160,$160,$0,$45,$205,$507,$105,$0
44,2007-09-30,55.99,$12.97,4.32,$9.26,6.04,$-0.83,0.0,$-0.62,0.0,$3.85B,$1.06B,3.64,$0.00B,$4.07B,0.0,$2.93B,$1.66B,56.78%,$2.93B,$-0.31B,-10.69%,$2.93B,$-0.31B,-10.69%,$2.93B,$-0.17B,-5.63%,$2.93B,$-0.20B,-6.83%,$2.93B,$-0.19B,-6.56%,$-0.19B,$4.07B,-4.79%,$-0.19B,$3.15B,-6.25%,$-0.19B,$5.52B,-3.70%,$-0.31B,$4.07B,-7.81%,$640,$395,$245,$259,$248,$914,$-274,$32,$-242,$-47,$-195,$-195,$-195,$-237,$-274,$313,313,$-0.62,$-0.62,$2892,$103,$260,$3853,$507,$33,$919,$131,$1667,$5520,$1060,$0,$383,$389,$1449,$3,$2014,$452,$4071,$5520,$-328,$73,$-45,$28,$-156,$-39,$29,$254,$4,$-296,$-37,$0,$0,$-95,$0,$-95,$0,$-132,$0,$0,$0,$86,$86,$0,$31,$117,$-297,$67,$0
45,2007-06-30,47.32,$12.99,3.64,$9.71,4.87,$-0.17,0.0,$0.07,676.0,$3.40B,$0.60B,5.64,$0.00B,$4.05B,0.0,$3.07B,$1.86B,60.62%,$3.07B,$-0.03B,-0.81%,$3.07B,$-0.03B,-0.81%,$3.07B,$0.12B,4.00%,$3.07B,$0.08B,2.60%,$3.07B,$0.03B,0.81%,$0.03B,$4.05B,0.64%,$0.03B,$3.12B,0.85%,$0.03B,$5.03B,0.51%,$-0.03B,$4.05B,-0.64%,$395,$166,$229,$250,$153,$578,$-183,$27,$-156,$-24,$-132,$-132,$-132,$-147,$-183,$311,311,$-0.42,$-0.42,$2849,$74,$252,$3395,$494,$33,$932,$105,$1630,$5025,$602,$0,$363,$370,$972,$3,$2209,$361,$4053,$5025,$-132,$36,$-8,$28,$138,$-10,$-74,$-9,$-88,$-192,$-14,$0,$0,$-533,$0,$-533,$0,$-547,$0,$0,$0,$18,$18,$0,$8,$26,$-708,$28,$0
46,2007-03-31,50.36,$12.96,3.88,$9.79,5.15,$0.24,209.92,$0.23,218.96,$3.60B,$1.03B,3.51,$0.00B,$4.03B,0.0,$3.09B,$1.88B,60.79%,$3.09B,$0.04B,1.26%,$3.09B,$0.04B,1.26%,$3.09B,$0.19B,6.02%,$3.09B,$0.14B,4.46%,$3.09B,$0.08B,2.46%,$0.08B,$4.03B,2.04%,$0.08B,$3.09B,2.71%,$0.08B,$5.15B,1.61%,$0.04B,$4.03B,1.04%,$613,$235,$378,$257,$182,$684,$-71,$29,$-42,$-17,$-25,$-25,$-25,$-34,$-71,$308,317,$-0.08,$-0.07,$2976,$62,$219,$3597,$484,$0,$944,$96,$1549,$5146,$1026,$0,$80,$88,$1114,$3,$2323,$294,$4032,$5146,$76,$147,$79,$226,$-18,$12,$-10,$69,$95,$397,$-176,$0,$-103,$-208,$0,$-208,$0,$-487,$-14,$0,$-14,$168,$168,$0,$36,$190,$129,$133,$0
47,2006-12-31,50.36,$12.51,4.03,$9.90,5.09,$1.06,47.72,$0.26,193.69,$3.53B,$1.10B,3.22,$0.00B,$3.88B,0.0,$3.12B,$1.90B,60.85%,$3.12B,$0.14B,4.33%,$3.12B,$0.14B,4.33%,$3.12B,$0.27B,8.72%,$3.12B,$0.22B,7.02%,$3.12B,$0.09B,2.73%,$0.09B,$3.88B,2.38%,$0.09B,$2.93B,3.19%,$0.09B,$5.04B,1.88%,$0.14B,$3.88B,3.77%,$1281,$470,$811,$330,$256,$1066,$215,$25,$240,$84,$156,$160,$160,$253,$215,$309,319,$0.52,$0.50,$2646,$72,$170,$3531,$451,$6,$951,$104,$1512,$5043,$1096,$0,$63,$69,$1165,$3,$2342,$188,$3878,$5043,$101,$110,$-35,$75,$-338,$-7,$1,$86,$-98,$183,$-118,$0,$-94,$-176,$0,$-176,$0,$-388,$-14,$0,$-14,$133,$133,$0,$27,$146,$-43,$105,$0
