,Date,Stock Price,Book Value per Share,Price to Book Ratio,TTM Sales per Share,Price to Sales Ratio,TTM FCF per Share,Price to FCF Ratio,TTM Net EPS,PE Ratio,Current Assets,Current Liabilities,Current Ratio,Long Term Debt,Shareholder's Equity_x,Debt to Equity Ratio,TTM Revenue_x,TTM Gross Profit,Gross Margin,TTM Revenue_y,TTM Operating Income,Operating Margin,TTM Revenue_x,TTM EBIT,EBIT Margin,TTM Revenue_y,TTM EBITDA,EBITDA Margin,TTM Revenue_x,TTM Pre-Tax Income,Pre-Tax Margin,TTM Revenue_y,TTM Net Income_x,Net Margin,TTM Net Income_y,Shareholder's Equity_y,Return on Equity,TTM Net Income_x,Tangible Equity,Return on Tangible Equity,TTM Net Income_y,Total Assets,Return on Assets,TTM Net Income,LT Investments & Debt,Return on Investment,revenue,cost-goods-sold,gross-profit,research-development-expenses,selling-general-administrative-expenses,operating-expenses,operating-income,total-non-operating-income-expense,pre-tax-income,total-provision-income-taxes,income-after-taxes,income-from-continuous-operations,net-income,ebitda,ebit,basic-shares-outstanding,shares-outstanding,eps-basic-net-earnings-per-share,eps-earnings-per-share-diluted,cash-on-hand,inventory,other-current-assets,total-current-assets,net-property-plant-equipment,long-term-investments,goodwill-intangible-assets-total,other-long-term-assets,total-long-term-assets,total-assets,total-current-liabilities,long-term-debt,other-non-current-liabilities,total-long-term-liabilities,total-liabilities,common-stock-net,retained-earnings-accumulated-deficit,comprehensive-income,total-share-holder-equity,total-liabilities-share-holders-equity,net-income-loss,total-depreciation-amortization-cash-flow,other-non-cash-items,total-non-cash-items,change-in-accounts-receivable,change-in-inventories,change-in-accounts-payable,change-in-assets-liabilities,total-change-in-assets-liabilities,cash-flow-from-operating-activities,net-change-in-property-plant-equipment,net-change-in-intangible-assets,net-acquisitions-divestitures,net-change-in-short-term-investments,net-change-in-long-term-investments,net-change-in-investments-total,investing-activities-other,cash-flow-from-investing-activities,net-long-term-debt,net-current-debt,debt-issuance-retirement-net-total,net-common-equity-issued-repurchased,net-total-equity-issued-repurchased,total-common-preferred-stock-dividends-paid,financial-activities-other,cash-flow-from-financial-activities,net-cash-flow,stock-based-compensation,common-stock-dividends-paid
0,2018-06-30,10.3,$0.77,13.46,0.0,0.0,$-0.38,0.0,$-0.05,0.0,$0.00B,$0.00B,0.01,$0.00B,$0.01B,0.19,$0.00B,0,nan%,$0.00B,$-0.00B,inf%,$0.00B,$-0.00B,inf%,$0.00B,$-0.00B,inf%,$0.00B,$0.00B,inf%,$0.00B,$0.00B,inf%,$0.00B,$0.01B,60.00%,$0.00B,$0.01B,60.00%,$0.00B,$0.15B,1.97%,$-0.00B,$0.01B,-16.67%,$0,$0,$0,$0,$0,$1,$-1,$4,$3,$0,$3,$3,$3,$-1,$-1,$7,7,$0.35,$0.35,$0,$0,$0,$0,$0,$0,$0,$147,$147,$147,$3,$1,$131,$139,$142,$0,$-0,$0,$5,$147,$3,$0,$-4,$-4,$0,$0,$0,$-0,$0,$-1,$0,$0,$0,$0,$0,$0,$6,$6,$3,$0,$3,$-8,$-8,$0,$0,$-5,$-0,$0,$0
1,2018-03-31,10.2,$0.75,13.52,0.0,0.0,$-0.38,0.0,$-0.05,0.0,$0.00B,$0.00B,0.01,$0.00B,$0.01B,0.42,$0.00B,0,nan%,$0.00B,0,nan%,$0.00B,0,nan%,$0.00B,0,nan%,$0.00B,0,nan%,$0.00B,0,nan%,$0.00B,$0.01B,0.00%,$0.00B,$0.01B,0.00%,$0.00B,$0.15B,0.00%,$0.00B,$0.01B,0.00%,$0,$0,$0,$0,$0,$0,$-0,$0,$0,$0,$0,$0,$0,$-0,$-0,$6,6,$-0.05,$-0.05,$0,$0,$0,$0,$0,$0,$0,$153,$153,$153,$3,$2,$136,$145,$148,$0,$-3,$0,$5,$153,$0,$0,$-0,$-0,$0,$0,$0,$0,$0,$-0,$0,$0,$0,$0,$0,$0,$-1,$-1,$0,$1,$1,$-0,$-0,$0,$0,$2,$-0,$0,$0
2,2017-12-31,10.1,$0.77,13.09,0.0,0.0,$-0.39,0.0,$-0.05,0.0,$0.00B,$0.00B,0.01,$0.00B,$0.01B,0.12,$0.00B,0,nan%,$0.00B,$-0.00B,inf%,$0.00B,$-0.00B,inf%,$0.00B,$-0.00B,inf%,$0.00B,0,nan%,$0.00B,0,nan%,$0.00B,$0.01B,0.00%,$0.00B,$0.01B,0.00%,$0.00B,$0.15B,0.00%,$-0.00B,$0.01B,-19.05%,$0,$0,$0,$0,$0,$0,$-0,$0,$0,$0,$0,$0,$0,$-0,$-0,$6,6,$-0.04,$-0.04,$0,$0,$0,$0,$0,$0,$0,$151,$151,$151,$2,$1,$136,$144,$146,$0,$-3,$0,$5,$151,$-0,$0,$-1,$-1,$0,$0,$0,$0,$0,$-1,$0,$0,$0,$0,$0,$0,$50,$50,$0,$1,$1,$-50,$-50,$0,$0,$-49,$-0,$0,$0
3,2017-09-30,10.0,$0.77,12.91,0.0,0.0,$-0.34,0.0,$-0.19,0.0,$0.00B,$0.00B,0.01,$0.00B,$0.01B,0.0,$0.00B,0,nan%,$0.00B,$-0.00B,inf%,$0.00B,$-0.00B,inf%,$0.00B,$-0.00B,inf%,$0.00B,$-0.00B,inf%,$0.00B,$-0.00B,inf%,$-0.00B,$0.01B,-20.00%,$-0.00B,$0.01B,-20.00%,$-0.00B,$0.16B,-0.53%,$-0.00B,$0.01B,-40.00%,$0,$0,$0,$0,$0,$0,$-0,$0,$0,$0,$0,$0,$0,$-0,$-0,$6,6,$-0.04,$-0.04,$0,$0,$0,$0,$0,$0,$0,$158,$158,$158,$3,$0,$143,$150,$153,$0,$-3,$0,$5,$158,$-0,$0,$-1,$-1,$0,$0,$0,$0,$0,$-1,$0,$0,$0,$0,$0,$0,$43,$43,$0,$0,$0,$-43,$-43,$0,$0,$-43,$-0,$0,$0
4,2017-06-30,10.05,$0.78,12.92,0.0,0.0,$-0.30,0.0,$-0.28,0.0,$0.00B,$0.00B,0.02,$0.00B,$0.01B,0.0,$0.00B,0,nan%,$0.00B,$-0.00B,inf%,$0.00B,$-0.00B,inf%,$0.00B,$-0.00B,inf%,$0.00B,$-0.00B,inf%,$0.00B,$-0.00B,inf%,$-0.00B,$0.01B,-40.00%,$-0.00B,$0.01B,-40.00%,$-0.00B,$0.20B,-1.00%,$-0.00B,$0.01B,-60.00%,$0,$0,$0,$0,$0,$0,$-0,$0,$-0,$0,$-0,$-0,$-0,$-0,$-0,$6,6,$-0.04,$-0.04,$0,$0,$0,$0,$0,$0,$0,$200,$200,$200,$2,$0,$186,$193,$195,$0,$-3,$0,$5,$200,$-0,$0,$-0,$-0,$0,$0,$0,$-0,$-0,$-1,$0,$0,$0,$0,$0,$0,$0,$0,$0,$0,$0,$0,$0,$0,$0,$0,$-0,$0,$0
5,2017-03-31,9.96,$0.78,12.76,0.0,0.0,$-0.26,0.0,$-0.30,0.0,$0.00B,$0.00B,0.04,$0.00B,$0.01B,0.0,$0.00B,0,nan%,$0.00B,$-0.00B,inf%,$0.00B,$-0.00B,inf%,$0.00B,$-0.00B,inf%,$0.00B,$-0.00B,inf%,$0.00B,$-0.00B,inf%,$-0.00B,$0.01B,-40.00%,$-0.00B,$0.01B,-40.00%,$-0.00B,$0.20B,-1.00%,$-0.00B,$0.01B,-60.00%,$0,$0,$0,$0,$0,$1,$-1,$0,$-0,$0,$-0,$-0,$-0,$-1,$-1,$6,6,$-0.07,$-0.07,$0,$0,$0,$0,$0,$0,$0,$200,$200,$200,$2,$0,$186,$193,$195,$0,$-3,$0,$5,$200,$-0,$0,$0,$0,$0,$0,$0,$-0,$-0,$-0,$0,$0,$0,$0,$0,$0,$0,$0,$0,$0,$0,$0,$0,$0,$0,$0,$0,$0,$0
6,2016-12-31,9.85,$0.79,12.53,0.0,0.0,$-0.24,0.0,$-0.28,0.0,$0.00B,$0.00B,0.17,$0.00B,$0.01B,0.0,$0.00B,0,nan%,$0.00B,$-0.00B,inf%,$0.00B,$-0.00B,inf%,$0.00B,$-0.00B,inf%,$0.00B,$-0.00B,inf%,$0.00B,$-0.00B,inf%,$-0.00B,$0.01B,-40.00%,$-0.00B,$0.01B,-40.00%,$-0.00B,$0.20B,-1.00%,$-0.00B,$0.01B,-40.00%,$0,$0,$0,$0,$0,$1,$-1,$0,$-1,$0,$-1,$-1,$-1,$-1,$-1,$6,6,$-0.14,$-0.14,$0,$0,$0,$0,$0,$0,$0,$200,$200,$200,$2,$0,$186,$193,$195,$0,$-3,$0,$5,$200,$-2,$0,$-0,$-0,$-0,$0,$0,$0,$1,$-0,$0,$0,$0,$0,$0,$0,$0,$0,$0,$0,$0,$0,$0,$0,$0,$0,$-0,$0,$0
7,2016-09-30,9.94,$0.80,12.47,0.0,0.0,$-0.17,0.0,$-0.14,0.0,$0.00B,$0.00B,0.53,$0.00B,$0.01B,0.0,$0.00B,0,nan%,$0.00B,$-0.00B,inf%,$0.00B,$-0.00B,inf%,$0.00B,$-0.00B,inf%,$0.00B,$-0.00B,inf%,$0.00B,$-0.00B,inf%,$-0.00B,$0.01B,-26.67%,$-0.00B,$0.01B,-26.67%,$-0.00B,$0.20B,-0.66%,$-0.00B,$0.01B,-26.67%,$0,$0,$0,$0,$0,$1,$-1,$0,$-1,$0,$-1,$-1,$-1,$-1,$-1,$6,6,$-0.10,$-0.10,$0,$0,$0,$1,$0,$0,$0,$200,$200,$201,$2,$0,$187,$194,$196,$0,$-2,$0,$5,$201,$-1,$0,$-0,$-0,$-1,$0,$0,$0,$1,$-0,$0,$0,$0,$0,$0,$0,$0,$0,$0,$0,$0,$0,$0,$0,$0,$0,$-0,$0,$0
