,Date,Stock Price,Book Value per Share,Price to Book Ratio,TTM Sales per Share,Price to Sales Ratio,TTM FCF per Share,Price to FCF Ratio,TTM Net EPS,PE Ratio,Current Assets,Current Liabilities,Current Ratio,Long Term Debt,Shareholder's Equity_x,Debt to Equity Ratio,TTM Revenue_x,TTM Gross Profit,Gross Margin,TTM Revenue_y,TTM Operating Income,Operating Margin,TTM Revenue_x,TTM EBIT,EBIT Margin,TTM Revenue_y,TTM EBITDA,EBITDA Margin,TTM Revenue_x,TTM Pre-Tax Income,Pre-Tax Margin,TTM Revenue_y,TTM Net Income_x,Net Margin,TTM Net Income_y,Shareholder's Equity_y,Return on Equity,TTM Net Income_x,Tangible Equity,Return on Tangible Equity,TTM Net Income_y,Total Assets,Return on Assets,TTM Net Income,LT Investments & Debt,Return on Investment,revenue,cost-goods-sold,gross-profit,research-development-expenses,selling-general-administrative-expenses,operating-expenses,operating-income,total-non-operating-income-expense,pre-tax-income,total-provision-income-taxes,income-after-taxes,income-from-continuous-operations,net-income,ebitda,ebit,basic-shares-outstanding,shares-outstanding,eps-basic-net-earnings-per-share,eps-earnings-per-share-diluted,cash-on-hand,inventory,other-current-assets,total-current-assets,net-property-plant-equipment,long-term-investments,goodwill-intangible-assets-total,other-long-term-assets,total-long-term-assets,total-assets,total-current-liabilities,long-term-debt,other-non-current-liabilities,total-long-term-liabilities,total-liabilities,common-stock-net,retained-earnings-accumulated-deficit,comprehensive-income,total-share-holder-equity,total-liabilities-share-holders-equity,net-income-loss,total-depreciation-amortization-cash-flow,other-non-cash-items,total-non-cash-items,change-in-accounts-receivable,change-in-inventories,change-in-accounts-payable,change-in-assets-liabilities,total-change-in-assets-liabilities,cash-flow-from-operating-activities,net-change-in-property-plant-equipment,net-change-in-intangible-assets,net-acquisitions-divestitures,net-change-in-short-term-investments,net-change-in-long-term-investments,net-change-in-investments-total,investing-activities-other,cash-flow-from-investing-activities,net-long-term-debt,net-current-debt,debt-issuance-retirement-net-total,net-common-equity-issued-repurchased,net-total-equity-issued-repurchased,total-common-preferred-stock-dividends-paid,financial-activities-other,cash-flow-from-financial-activities,net-cash-flow,stock-based-compensation,common-stock-dividends-paid
0,2018-09-30,46.73,$-21.03,-2.22,$70.02,0.67,$10.34,4.52,$3.21,14.56,$0.15B,$0.51B,0.3,$1.15B,$-0.82B,-1.41,$3.15B,$0.54B,17.21%,$3.15B,$0.24B,7.75%,$3.15B,$0.24B,7.75%,$3.15B,$0.39B,12.51%,$3.15B,$0.19B,5.94%,$3.15B,$0.14B,4.51%,$0.14B,$-0.82B,-21.07%,$0.14B,$-1.00B,-16.47%,$0.14B,$1.24B,10.66%,$0.24B,$0.34B,36.38%,$754,$647,$107,$0,$34,$707,$47,$-15,$32,$6,$26,$26,$26,$84,$47,$40,41,$0.65,$0.64,$11,$23,$47,$151,$762,$0,$188,$31,$1093,$1244,$508,$1153,$148,$1552,$2060,$18,$2687,$-6,$-816,$1244,$26,$37,$-83,$-46,$8,$1,$-5,$-12,$70,$50,$-31,$0,$0,$0,$0,$0,$450,$419,$-2,$-345,$-347,$-105,$-105,$-16,$0,$-468,$0,$4,$-16
1,2018-06-30,47.6,$-17.61,-2.7,$66.87,0.71,$10.47,4.55,$2.77,17.18,$0.16B,$0.43B,0.36,$1.50B,$-0.72B,-2.09,$3.14B,$0.55B,17.48%,$3.14B,$0.23B,7.21%,$3.14B,$0.23B,7.21%,$3.14B,$0.38B,12.03%,$3.14B,$0.17B,5.42%,$3.14B,$0.13B,4.02%,$0.13B,$-0.72B,-20.84%,$0.13B,$-0.91B,-15.88%,$0.13B,$1.35B,9.24%,$0.23B,$0.78B,28.60%,$817,$666,$151,$0,$34,$747,$70,$-15,$55,$11,$44,$44,$44,$108,$70,$46,46,$0.97,$0.96,$11,$24,$47,$156,$939,$0,$188,$31,$1191,$1347,$434,$1500,$132,$1631,$2066,$18,$2683,$-6,$-718,$1347,$126,$151,$44,$196,$-3,$0,$2,$-18,$-37,$284,$-81,$0,$0,$0,$0,$0,$4,$-78,$-260,$428,$168,$-301,$-301,$-70,$-2,$-205,$2,$14,$-70
2,2018-03-31,35.81,$-13.88,-2.58,$65.02,0.55,$10.29,3.48,$2.78,12.88,$0.14B,$0.45B,0.32,$1.36B,$-0.61B,-2.24,$3.13B,$0.56B,17.77%,$3.13B,$0.24B,7.54%,$3.13B,$0.24B,7.54%,$3.13B,$0.39B,12.40%,$3.13B,$0.18B,5.85%,$3.13B,$0.13B,4.25%,$0.13B,$-0.61B,-24.24%,$0.13B,$-0.80B,-18.02%,$0.13B,$1.34B,9.65%,$0.24B,$0.75B,29.44%,$813,$663,$150,$0,$37,$740,$73,$-14,$59,$12,$47,$47,$47,$110,$73,$45,46,$1.03,$1.02,$13,$24,$47,$144,$944,$0,$189,$31,$1193,$1337,$449,$1362,$135,$1496,$1945,$18,$2655,$-5,$-609,$1337,$82,$114,$39,$153,$3,$-0,$0,$5,$3,$238,$-55,$0,$0,$0,$0,$0,$3,$-52,$-8,$40,$32,$-161,$-161,$-53,$0,$-182,$4,$11,$-53
3,2017-12-31,38.13,$-11.93,-3.2,$63.72,0.6,$9.72,3.92,$2.62,14.55,$0.19B,$0.45B,0.43,$1.37B,$-0.55B,-2.47,$3.13B,$0.56B,17.94%,$3.13B,$0.24B,7.55%,$3.13B,$0.24B,7.55%,$3.13B,$0.39B,12.47%,$3.13B,$0.18B,5.88%,$3.13B,$0.13B,4.09%,$0.13B,$-0.55B,-24.56%,$0.13B,$-0.74B,-17.99%,$0.13B,$1.40B,9.18%,$0.24B,$0.81B,28.78%,$766,$632,$134,$0,$33,$712,$54,$-13,$41,$16,$25,$25,$25,$92,$54,$46,47,$0.55,$0.54,$15,$25,$47,$194,$958,$0,$189,$32,$1206,$1401,$452,$1365,$136,$1502,$1953,$18,$2626,$-5,$-553,$1401,$35,$76,$35,$111,$-37,$-1,$-4,$39,$-26,$120,$-48,$0,$0,$0,$0,$0,$1,$-47,$-5,$44,$39,$-71,$-71,$-35,$0,$-67,$6,$6,$-35
4,2017-09-30,30.96,$-11.41,-2.71,$62.65,0.49,$9.89,3.13,$2.77,11.18,$0.14B,$0.41B,0.34,$1.35B,$-0.54B,-2.51,$3.13B,$0.56B,17.98%,$3.13B,$0.24B,7.79%,$3.13B,$0.24B,7.79%,$3.13B,$0.40B,12.74%,$3.13B,$0.19B,6.10%,$3.13B,$0.14B,4.41%,$0.14B,$-0.54B,-26.76%,$0.14B,$-0.73B,-19.53%,$0.14B,$1.37B,9.73%,$0.24B,$0.82B,29.10%,$739,$627,$113,$0,$32,$711,$29,$-13,$15,$5,$10,$10,$10,$67,$29,$48,49,$0.20,$0.20,$9,$24,$47,$141,$975,$0,$190,$30,$1228,$1369,$414,$1354,$140,$1493,$1908,$18,$2618,$-10,$-539,$1369,$10,$39,$19,$57,$6,$0,$-5,$-9,$-17,$50,$-22,$0,$0,$0,$0,$0,$0,$-22,$-3,$33,$31,$-42,$-42,$-17,$0,$-28,$-0,$4,$-17
5,2017-06-30,36.56,$-10.19,-3.59,$61.11,0.6,$10.05,3.64,$2.99,12.23,$0.14B,$0.44B,0.33,$1.32B,$-0.49B,-2.67,$3.15B,$0.57B,18.06%,$3.15B,$0.26B,8.12%,$3.15B,$0.26B,8.12%,$3.15B,$0.41B,13.08%,$3.15B,$0.21B,6.63%,$3.15B,$0.15B,4.79%,$0.15B,$-0.49B,-29.11%,$0.15B,$-0.69B,-21.25%,$0.15B,$1.40B,10.48%,$0.26B,$0.83B,29.85%,$811,$652,$159,$0,$31,$730,$80,$-13,$68,$17,$51,$51,$51,$119,$80,$51,51,$0.99,$0.97,$9,$25,$46,$144,$1001,$0,$191,$30,$1259,$1404,$436,$1320,$141,$1461,$1897,$18,$2627,$-12,$-494,$1404,$151,$156,$9,$165,$3,$-0,$3,$7,$-1,$315,$-99,$0,$0,$0,$0,$0,$0,$-99,$346,$-138,$208,$-365,$-365,$-71,$-10,$-238,$-22,$15,$-71
6,2017-03-31,41.83,$-10.20,-4.1,$60.32,0.69,$10.81,3.87,$3.08,13.58,$0.15B,$0.44B,0.34,$1.33B,$-0.50B,-2.66,$3.22B,$0.59B,18.37%,$3.22B,$0.28B,8.54%,$3.22B,$0.28B,8.54%,$3.22B,$0.43B,13.38%,$3.22B,$0.23B,7.20%,$3.22B,$0.16B,5.03%,$0.16B,$-0.50B,-35.86%,$0.16B,$-0.69B,-25.14%,$0.16B,$1.40B,11.14%,$0.28B,$0.83B,31.53%,$811,$656,$155,$0,$36,$738,$73,$-13,$60,$17,$42,$42,$42,$112,$73,$49,50,$0.87,$0.86,$9,$26,$46,$148,$997,$0,$192,$30,$1255,$1403,$437,$1326,$139,$1465,$1902,$18,$2606,$-13,$-499,$1403,$100,$118,$15,$132,$11,$-1,$-7,$21,$13,$246,$-77,$0,$0,$0,$0,$0,$0,$-77,$347,$-128,$219,$-346,$-346,$-54,$-10,$-191,$-22,$13,$-54
7,2016-12-31,46.75,$-10.68,-4.38,$58.31,0.8,$11.37,4.11,$3.22,14.52,$0.22B,$0.47B,0.48,$1.42B,$-0.53B,-2.67,$3.24B,$0.60B,18.42%,$3.24B,$0.29B,8.90%,$3.24B,$0.29B,8.90%,$3.24B,$0.44B,13.72%,$3.24B,$0.25B,7.73%,$3.24B,$0.18B,5.50%,$0.18B,$-0.53B,-45.88%,$0.18B,$-0.72B,-30.60%,$0.18B,$1.50B,12.06%,$0.29B,$0.89B,32.06%,$771,$635,$136,$0,$34,$710,$62,$-13,$48,$14,$35,$35,$35,$101,$62,$50,50,$0.70,$0.69,$34,$26,$46,$224,$1018,$0,$192,$30,$1274,$1498,$470,$1416,$143,$1559,$2029,$18,$2580,$-14,$-531,$1498,$58,$78,$10,$88,$-39,$-1,$-4,$54,$-3,$143,$-57,$0,$0,$0,$0,$0,$0,$-57,$348,$-38,$310,$-346,$-346,$-37,$-10,$-83,$3,$8,$-37
8,2016-09-30,47.29,$-10.99,-4.3,$56.20,0.84,$11.45,4.13,$3.33,14.2,$0.17B,$0.43B,0.41,$1.44B,$-0.55B,-2.62,$3.25B,$0.61B,18.65%,$3.25B,$0.30B,9.28%,$3.25B,$0.30B,9.28%,$3.25B,$0.46B,14.07%,$3.25B,$0.27B,8.30%,$3.25B,$0.19B,5.87%,$0.19B,$-0.55B,-64.42%,$0.19B,$-0.75B,-38.98%,$0.19B,$1.46B,12.76%,$0.30B,$0.89B,32.66%,$758,$640,$119,$0,$33,$717,$41,$-9,$33,$10,$23,$23,$23,$80,$41,$55,56,$0.42,$0.42,$34,$25,$45,$174,$1028,$0,$194,$32,$1284,$1459,$426,$1442,$142,$1584,$2010,$18,$2562,$-12,$-551,$1459,$23,$39,$7,$46,$8,$0,$1,$-4,$-1,$68,$-27,$0,$0,$0,$0,$0,$0,$-27,$349,$-13,$336,$-347,$-347,$-18,$-9,$-38,$3,$4,$-18
9,2016-06-30,42.43,$-4.07,-10.42,$55.01,0.77,$11.13,3.81,$3.45,12.3,$0.18B,$0.44B,0.41,$1.11B,$-0.23B,-4.92,$3.26B,$0.62B,18.96%,$3.26B,$0.32B,9.73%,$3.26B,$0.32B,9.73%,$3.26B,$0.47B,14.51%,$3.26B,$0.29B,8.78%,$3.26B,$0.20B,6.17%,$0.20B,$-0.23B,-108.21%,$0.20B,$-0.42B,-53.07%,$0.20B,$1.46B,13.23%,$0.32B,$0.89B,33.15%,$882,$699,$182,$0,$32,$782,$99,$-8,$91,$29,$62,$62,$62,$138,$99,$58,59,$1.10,$1.08,$31,$25,$45,$178,$1043,$0,$194,$28,$1280,$1458,$436,$1111,$138,$1248,$1684,$18,$2546,$-12,$-226,$1458,$201,$156,$58,$214,$-4,$0,$-6,$-4,$-15,$400,$-109,$0,$-106,$0,$0,$0,$0,$-214,$-3,$147,$143,$-279,$-279,$-74,$0,$-210,$-24,$15,$-74
10,2016-03-31,42.52,$-4.37,-9.73,$51.85,0.82,$9.73,4.37,$3.26,13.04,$0.20B,$0.42B,0.47,$1.18B,$-0.24B,-4.82,$3.14B,$0.60B,19.04%,$3.14B,$0.31B,9.74%,$3.14B,$0.31B,9.74%,$3.14B,$0.46B,14.65%,$3.14B,$0.28B,8.79%,$3.14B,$0.19B,6.18%,$0.19B,$-0.24B,-130.42%,$0.19B,$-0.44B,-58.70%,$0.19B,$1.49B,12.82%,$0.31B,$0.93B,31.94%,$825,$665,$159,$0,$30,$738,$86,$-8,$78,$21,$58,$58,$58,$125,$86,$57,57,$1.01,$1.00,$69,$24,$45,$197,$1053,$0,$195,$33,$1292,$1489,$422,$1175,$136,$1311,$1733,$18,$2514,$-12,$-244,$1489,$138,$117,$55,$172,$5,$1,$-7,$15,$-11,$300,$-72,$0,$-106,$0,$0,$0,$0,$-177,$-3,$207,$204,$-261,$-261,$-56,$5,$-108,$14,$12,$-56
11,2015-12-31,44.08,$-2.83,-15.57,$49.73,0.89,$8.41,5.24,$3.28,13.44,$0.25B,$0.45B,0.57,$1.16B,$-0.17B,-7.01,$3.10B,$0.61B,19.55%,$3.10B,$0.32B,10.42%,$3.10B,$0.32B,10.42%,$3.10B,$0.48B,15.32%,$3.10B,$0.29B,9.48%,$3.10B,$0.20B,6.48%,$0.20B,$-0.17B,-209.92%,$0.20B,$-0.36B,-75.49%,$0.20B,$1.58B,13.40%,$0.32B,$0.99B,33.98%,$789,$642,$147,$0,$32,$713,$76,$-7,$68,$21,$48,$48,$48,$115,$76,$59,60,$0.81,$0.80,$71,$26,$44,$254,$1071,$0,$191,$34,$1326,$1580,$449,$1156,$139,$1296,$1745,$18,$2474,$-12,$-165,$1580,$81,$78,$25,$103,$-42,$-1,$-12,$52,$-28,$156,$-49,$0,$-106,$0,$0,$0,$0,$-155,$-2,$188,$186,$-138,$-138,$-37,$5,$15,$16,$8,$-37
12,2015-09-30,48.08,$-1.80,-26.73,$48.00,1.0,$7.94,6.06,$3.12,15.41,$0.19B,$0.39B,0.49,$1.13B,$-0.11B,-10.41,$3.05B,$0.60B,19.71%,$3.05B,$0.31B,10.22%,$3.05B,$0.31B,10.22%,$3.05B,$0.46B,15.13%,$3.05B,$0.29B,9.33%,$3.05B,$0.19B,6.35%,$0.19B,$-0.11B,-364.32%,$0.19B,$-0.30B,-90.87%,$0.19B,$1.55B,12.99%,$0.31B,$1.02B,33.58%,$763,$632,$130,$0,$33,$706,$56,$-7,$49,$16,$33,$33,$33,$95,$56,$60,61,$0.55,$0.54,$66,$25,$0,$192,$1085,$0,$192,$35,$1357,$1549,$393,$1125,$139,$1264,$1657,$18,$2446,$-11,$-108,$1549,$33,$39,$5,$44,$7,$0,$-12,$-6,$-32,$46,$-21,$0,$-106,$0,$0,$0,$0,$-127,$-1,$156,$155,$-50,$-50,$-18,$5,$92,$11,$4,$-18
13,2015-06-30,52.31,$-1.30,-40.39,$46.27,1.13,$8.01,6.53,$3.07,17.04,$0.19B,$0.42B,0.45,$0.97B,$-0.08B,-12.37,$3.00B,$0.60B,19.82%,$3.00B,$0.31B,10.33%,$3.00B,$0.31B,10.33%,$3.00B,$0.46B,15.22%,$3.00B,$0.28B,9.46%,$3.00B,$0.19B,6.46%,$0.19B,$-0.08B,-1158.21%,$0.19B,$-0.23B,-116.34%,$0.19B,$1.44B,13.15%,$0.31B,$0.89B,34.43%,$764,$602,$162,$0,$33,$676,$88,$-7,$81,$26,$55,$55,$55,$125,$88,$63,64,$0.89,$0.87,$55,$23,$44,$187,$1032,$0,$149,$34,$1249,$1436,$418,$971,$125,$1096,$1514,$18,$2432,$-9,$-78,$1436,$195,$145,$39,$184,$2,$0,$1,$12,$-10,$369,$-138,$0,$0,$0,$0,$0,$0,$-138,$-189,$304,$115,$-290,$-290,$-71,$13,$-233,$-3,$15,$-71
14,2015-03-31,55.58,$-0.52,-107.32,$45.55,1.22,$7.37,7.54,$2.58,21.54,$0.19B,$0.41B,0.47,$0.93B,$-0.03B,-29.05,$3.00B,$0.59B,19.61%,$3.00B,$0.26B,8.81%,$3.00B,$0.26B,8.81%,$3.00B,$0.41B,13.64%,$3.00B,$0.24B,7.94%,$3.00B,$0.17B,5.60%,$0.17B,$-0.03B,908.11%,$0.17B,$-0.18B,-127.03%,$0.17B,$1.44B,11.29%,$0.26B,$0.90B,29.29%,$784,$618,$167,$0,$35,$681,$103,$-7,$96,$31,$65,$65,$65,$140,$103,$63,64,$1.04,$1.02,$64,$24,$0,$190,$1037,$0,$150,$37,$1247,$1437,$407,$933,$130,$1063,$1469,$18,$2392,$-8,$-32,$1437,$139,$108,$46,$154,$7,$-1,$-2,$9,$-18,$275,$-105,$0,$0,$0,$0,$0,$0,$-105,$-189,$266,$77,$-202,$-202,$-53,$14,$-164,$6,$12,$-53
15,2014-12-31,52.74,$0.08,674.37,$44.43,1.19,$7.12,7.41,$2.38,22.16,$0.29B,$0.51B,0.56,$0.90B,$0.01B,182.41,$2.97B,$0.58B,19.48%,$2.97B,$0.25B,8.34%,$2.97B,$0.25B,8.34%,$2.97B,$0.39B,13.12%,$2.97B,$0.22B,7.50%,$2.97B,$0.16B,5.35%,$0.16B,$0.01B,327.84%,$0.16B,$-0.15B,-162.24%,$0.16B,$1.55B,10.66%,$0.25B,$0.91B,27.49%,$743,$600,$143,$0,$33,$677,$65,$-7,$59,$17,$41,$41,$41,$102,$65,$64,65,$0.65,$0.64,$78,$25,$0,$285,$1045,$0,$150,$36,$1264,$1550,$511,$901,$133,$1034,$1545,$18,$2344,$-5,$5,$1550,$74,$72,$13,$84,$-50,$-2,$-12,$9,$4,$162,$-78,$0,$0,$0,$0,$0,$0,$-78,$-13,$83,$70,$-109,$-109,$-35,$10,$-64,$21,$7,$-35
16,2014-09-30,45.41,$0.59,76.36,$43.27,1.05,$6.95,6.53,$2.32,19.57,$0.20B,$0.44B,0.46,$0.87B,$0.04B,22.66,$2.94B,$0.57B,19.24%,$2.94B,$0.25B,8.41%,$2.94B,$0.25B,8.41%,$2.94B,$0.39B,13.15%,$2.94B,$0.22B,7.56%,$2.94B,$0.16B,5.38%,$0.16B,$0.04B,202.56%,$0.16B,$-0.11B,-245.91%,$0.16B,$1.48B,10.70%,$0.25B,$0.90B,27.20%,$711,$588,$123,$0,$33,$657,$54,$-6,$48,$15,$33,$33,$33,$90,$54,$65,66,$0.51,$0.49,$64,$24,$0,$201,$1050,$0,$152,$41,$1275,$1476,$441,$865,$132,$997,$1438,$18,$2321,$-2,$38,$1476,$33,$36,$7,$42,$8,$-1,$-4,$7,$-4,$71,$-39,$0,$0,$0,$0,$0,$0,$-39,$-7,$40,$33,$-51,$-51,$-17,$9,$-26,$6,$4,$-17
17,2014-06-30,43.25,$0.98,44.26,$42.49,1.02,$6.84,6.32,$2.25,19.22,$0.21B,$0.47B,0.45,$0.83B,$0.06B,13.19,$2.91B,$0.56B,19.24%,$2.91B,$0.24B,8.32%,$2.91B,$0.24B,8.32%,$2.91B,$0.38B,12.99%,$2.91B,$0.22B,7.46%,$2.91B,$0.15B,5.29%,$0.15B,$0.06B,156.35%,$0.15B,$-0.09B,-392.36%,$0.15B,$1.49B,10.50%,$0.24B,$0.90B,26.43%,$760,$605,$155,$0,$33,$718,$42,$-6,$35,$6,$29,$29,$29,$77,$42,$66,68,$0.45,$0.44,$58,$24,$0,$211,$1056,$0,$152,$41,$1280,$1491,$466,$832,$129,$961,$1428,$18,$2307,$-1,$63,$1491,$154,$136,$47,$183,$-5,$1,$4,$-5,$23,$360,$-160,$0,$0,$0,$0,$0,$0,$-160,$-27,$80,$53,$-210,$-210,$-63,$19,$-201,$-2,$16,$-63
18,2014-03-31,46.41,$1.35,34.4,$41.24,1.13,$6.29,7.38,$2.46,18.87,$0.20B,$0.42B,0.47,$0.82B,$0.09B,9.28,$2.88B,$0.55B,19.21%,$2.88B,$0.27B,9.33%,$2.88B,$0.27B,9.33%,$2.88B,$0.40B,13.97%,$2.88B,$0.24B,8.46%,$2.88B,$0.17B,5.93%,$0.17B,$0.09B,142.50%,$0.17B,$-0.05B,-963.38%,$0.17B,$1.45B,11.74%,$0.27B,$0.91B,29.10%,$759,$602,$158,$0,$34,$672,$87,$-6,$81,$25,$56,$56,$56,$121,$87,$66,68,$0.85,$0.82,$65,$24,$0,$195,$1037,$0,$133,$59,$1255,$1450,$416,$817,$128,$946,$1362,$18,$2294,$-2,$88,$1450,$125,$101,$19,$119,$3,$0,$4,$-1,$32,$277,$-113,$0,$0,$0,$0,$0,$0,$-113,$-20,$58,$38,$-167,$-167,$-48,$18,$-159,$5,$13,$-48
19,2013-12-31,40.82,$1.86,21.98,$40.25,1.01,$5.67,7.2,$2.35,17.37,$0.25B,$0.43B,0.58,$0.81B,$0.12B,6.53,$2.87B,$0.54B,18.97%,$2.87B,$0.26B,9.10%,$2.87B,$0.26B,9.10%,$2.87B,$0.40B,13.77%,$2.87B,$0.24B,8.23%,$2.87B,$0.17B,5.82%,$0.17B,$0.12B,104.87%,$0.17B,$-0.01B,710.64%,$0.17B,$1.49B,11.47%,$0.26B,$0.93B,28.10%,$706,$576,$129,$0,$30,$641,$64,$-7,$58,$18,$40,$40,$40,$98,$64,$67,69,$0.59,$0.58,$63,$24,$0,$247,$1026,$0,$134,$60,$1242,$1490,$429,$806,$131,$937,$1366,$18,$2254,$0,$123,$1490,$69,$67,$15,$81,$-49,$0,$-11,$0,$-3,$147,$-69,$0,$0,$0,$0,$0,$0,$-69,$-13,$40,$27,$-85,$-85,$-31,$15,$-75,$3,$8,$-31
20,2013-09-30,35.52,$1.79,19.82,$39.20,0.91,$5.42,6.55,$2.27,15.65,$0.19B,$0.37B,0.52,$0.81B,$0.12B,6.78,$2.85B,$0.54B,18.97%,$2.85B,$0.26B,9.08%,$2.85B,$0.26B,9.08%,$2.85B,$0.39B,13.74%,$2.85B,$0.23B,8.17%,$2.85B,$0.16B,5.75%,$0.16B,$0.12B,85.53%,$0.16B,$-0.01B,283.98%,$0.16B,$1.43B,11.25%,$0.26B,$0.93B,27.83%,$685,$567,$118,$0,$34,$636,$49,$-6,$43,$13,$29,$29,$29,$82,$49,$67,69,$0.44,$0.42,$56,$24,$0,$190,$1028,$0,$133,$61,$1244,$1433,$367,$813,$133,$946,$1313,$18,$2231,$0,$120,$1433,$29,$33,$9,$42,$8,$1,$-4,$1,$-16,$55,$-30,$0,$0,$0,$0,$0,$0,$-30,$-7,$40,$33,$-61,$-61,$-15,$14,$-29,$-4,$5,$-15
21,2013-06-30,34.34,$2.21,15.51,$38.18,0.9,$5.01,6.86,$2.21,15.54,$0.20B,$0.39B,0.51,$0.78B,$0.15B,5.22,$2.85B,$0.54B,18.94%,$2.85B,$0.26B,9.01%,$2.85B,$0.26B,9.01%,$2.85B,$0.39B,13.64%,$2.85B,$0.23B,8.07%,$2.85B,$0.16B,5.72%,$0.16B,$0.15B,71.26%,$0.16B,$-0.00B,168.91%,$0.16B,$1.45B,11.18%,$0.26B,$0.93B,27.58%,$734,$584,$149,$0,$32,$664,$69,$-8,$62,$15,$46,$46,$46,$102,$69,$72,74,$0.66,$0.63,$59,$25,$0,$199,$1036,$0,$153,$41,$1254,$1453,$391,$780,$132,$912,$1303,$18,$2218,$0,$149,$1453,$163,$131,$17,$148,$5,$1,$-9,$-9,$-21,$291,$-114,$0,$-25,$0,$0,$0,$1,$-138,$233,$-40,$193,$-292,$-292,$-56,$3,$-153,$0,$16,$-56
22,2013-03-31,32.63,$3.47,9.39,$37.32,0.87,$4.94,6.61,$2.18,14.97,$0.22B,$0.39B,0.55,$0.68B,$0.25B,2.76,$2.85B,$0.53B,18.77%,$2.85B,$0.26B,9.00%,$2.85B,$0.26B,9.00%,$2.85B,$0.39B,13.60%,$2.85B,$0.23B,8.08%,$2.85B,$0.16B,5.76%,$0.16B,$0.25B,60.97%,$0.16B,$0.12B,114.49%,$0.16B,$1.45B,11.28%,$0.26B,$0.92B,27.70%,$743,$595,$148,$0,$34,$663,$79,$-7,$73,$21,$52,$52,$52,$113,$79,$71,73,$0.73,$0.71,$86,$25,$0,$215,$1030,$0,$126,$48,$1231,$1446,$391,$677,$133,$810,$1201,$18,$2185,$0,$245,$1446,$117,$99,$9,$108,$6,$1,$-16,$-1,$-2,$223,$-92,$0,$0,$0,$0,$0,$0,$-92,$-20,$110,$90,$-160,$-160,$-42,$8,$-104,$27,$13,$-42
23,2012-12-31,26.71,$3.52,7.59,$36.50,0.73,$5.08,5.26,$2.03,13.16,$0.26B,$0.43B,0.61,$0.68B,$0.25B,2.7,$2.84B,$0.53B,18.46%,$2.84B,$0.25B,8.61%,$2.84B,$0.25B,8.61%,$2.84B,$0.37B,13.12%,$2.84B,$0.22B,7.74%,$2.84B,$0.16B,5.52%,$0.16B,$0.25B,53.91%,$0.16B,$0.13B,94.72%,$0.16B,$1.50B,10.81%,$0.25B,$0.94B,26.76%,$690,$564,$126,$0,$31,$628,$62,$-6,$55,$18,$37,$37,$37,$95,$62,$73,75,$0.51,$0.50,$93,$26,$0,$263,$1038,$0,$126,$48,$1239,$1501,$431,$684,$133,$817,$1248,$18,$2148,$0,$253,$1501,$65,$66,$9,$75,$-37,$-1,$-15,$3,$-8,$131,$-64,$0,$0,$0,$0,$0,$0,$-64,$-13,$110,$97,$-109,$-109,$-28,$7,$-33,$34,$9,$-28
24,2012-09-30,30.22,$3.67,8.24,$35.62,0.85,$4.98,6.07,$1.97,15.34,$0.19B,$0.36B,0.54,$0.67B,$0.27B,2.5,$2.84B,$0.52B,18.37%,$2.84B,$0.24B,8.43%,$2.84B,$0.24B,8.43%,$2.84B,$0.37B,12.87%,$2.84B,$0.22B,7.58%,$2.84B,$0.16B,5.50%,$0.16B,$0.27B,48.71%,$0.16B,$0.14B,79.90%,$0.16B,$1.43B,10.76%,$0.24B,$0.94B,26.16%,$684,$567,$117,$0,$37,$637,$47,$-6,$40,$13,$28,$28,$28,$79,$47,$74,77,$0.38,$0.36,$64,$26,$0,$191,$1044,$0,$126,$52,$1241,$1432,$357,$671,$136,$807,$1164,$18,$2125,$0,$268,$1432,$28,$33,$12,$45,$9,$-0,$-21,$2,$-40,$33,$-36,$0,$0,$0,$0,$0,$0,$-36,$-7,$90,$83,$-68,$-68,$-13,$6,$9,$5,$7,$-13
25,2012-06-30,27.13,$4.17,6.51,$34.68,0.78,$5.09,5.33,$1.89,14.36,$0.20B,$0.40B,0.49,$0.59B,$0.31B,1.9,$2.82B,$0.51B,18.05%,$2.82B,$0.23B,8.23%,$2.82B,$0.23B,8.23%,$2.82B,$0.36B,12.66%,$2.82B,$0.21B,7.41%,$2.82B,$0.15B,5.39%,$0.15B,$0.31B,43.68%,$0.15B,$0.18B,68.01%,$0.15B,$1.44B,10.48%,$0.23B,$0.90B,25.33%,$728,$586,$143,$0,$39,$660,$68,$-6,$62,$15,$47,$47,$47,$100,$68,$79,81,$0.61,$0.59,$59,$25,$0,$198,$1044,$0,$126,$52,$1241,$1439,$402,$588,$140,$728,$1130,$18,$2113,$0,$310,$1439,$151,$125,$38,$163,$1,$-0,$12,$-3,$-11,$303,$-117,$0,$-3,$0,$-3,$-3,$0,$-123,$51,$40,$91,$-244,$-244,$-50,$-0,$-203,$-23,$13,$-50
26,2012-03-31,23.33,$4.37,5.34,$33.43,0.7,$4.93,4.73,$1.77,13.18,$0.20B,$0.41B,0.49,$0.56B,$0.33B,1.66,$2.81B,$0.50B,17.69%,$2.81B,$0.23B,8.01%,$2.81B,$0.23B,8.01%,$2.81B,$0.35B,12.46%,$2.81B,$0.20B,7.19%,$2.81B,$0.15B,5.23%,$0.15B,$0.33B,38.66%,$0.15B,$0.21B,57.37%,$0.15B,$1.44B,10.05%,$0.23B,$0.89B,24.28%,$742,$603,$139,$0,$40,$674,$68,$-5,$63,$18,$45,$45,$45,$99,$68,$78,80,$0.58,$0.56,$73,$27,$0,$202,$1037,$0,$124,$54,$1236,$1438,$411,$555,$139,$693,$1104,$18,$2079,$0,$334,$1438,$104,$93,$33,$126,$4,$-1,$6,$2,$3,$234,$-81,$0,$0,$0,$-1,$-1,$0,$-82,$58,$0,$58,$-180,$-180,$-38,$-1,$-161,$-9,$10,$-38
27,2011-12-31,22.54,$4.68,4.82,$32.12,0.7,$4.66,4.83,$1.66,13.58,$0.25B,$0.42B,0.6,$0.56B,$0.37B,1.52,$2.78B,$0.49B,17.56%,$2.78B,$0.22B,7.83%,$2.78B,$0.22B,7.83%,$2.78B,$0.34B,12.36%,$2.78B,$0.19B,6.97%,$2.78B,$0.14B,5.10%,$0.14B,$0.37B,34.36%,$0.14B,$0.25B,49.09%,$0.14B,$1.49B,9.60%,$0.22B,$0.93B,23.00%,$682,$560,$122,$0,$31,$626,$56,$-6,$50,$15,$36,$36,$36,$87,$56,$80,82,$0.45,$0.44,$76,$27,$0,$253,$1039,$0,$124,$50,$1235,$1488,$422,$561,$136,$697,$1120,$18,$2046,$0,$369,$1488,$59,$62,$27,$90,$-44,$-2,$0,$3,$-35,$114,$-49,$0,$0,$0,$-1,$-1,$0,$-50,$64,$0,$64,$-109,$-109,$-25,$-1,$-71,$-6,$6,$-25
28,2011-09-30,17.5,$4.72,3.71,$31.06,0.56,$4.36,4.02,$1.63,10.74,$0.19B,$0.35B,0.53,$0.57B,$0.38B,1.5,$2.77B,$0.48B,17.45%,$2.77B,$0.21B,7.64%,$2.77B,$0.21B,7.64%,$2.77B,$0.34B,12.26%,$2.77B,$0.19B,6.81%,$2.77B,$0.14B,5.16%,$0.14B,$0.38B,31.57%,$0.14B,$0.26B,43.50%,$0.14B,$1.44B,9.47%,$0.21B,$0.95B,21.73%,$668,$563,$105,$0,$33,$629,$40,$-6,$34,$10,$24,$24,$24,$71,$40,$82,84,$0.29,$0.28,$64,$26,$0,$186,$1049,$0,$124,$52,$1252,$1437,$354,$568,$136,$704,$1059,$18,$2024,$0,$379,$1437,$24,$31,$17,$48,$9,$-1,$-9,$4,$-40,$31,$-25,$0,$0,$0,$-1,$-1,$0,$-26,$65,$0,$65,$-74,$-74,$-12,$-1,$-23,$-18,$4,$-12
29,2011-06-30,20.31,$5.29,3.84,$29.51,0.69,$4.10,4.95,$1.56,13.02,$0.22B,$0.41B,0.55,$0.50B,$0.44B,1.15,$2.76B,$0.48B,17.28%,$2.76B,$0.20B,7.39%,$2.76B,$0.20B,7.39%,$2.76B,$0.33B,12.10%,$2.76B,$0.18B,6.59%,$2.76B,$0.14B,5.07%,$0.14B,$0.44B,26.94%,$0.14B,$0.32B,35.40%,$0.14B,$1.49B,8.91%,$0.20B,$0.94B,19.80%,$717,$586,$131,$0,$36,$656,$61,$-6,$55,$14,$42,$42,$42,$93,$61,$91,92,$0.47,$0.46,$82,$25,$0,$221,$1056,$0,$124,$52,$1263,$1485,$406,$503,$137,$640,$1046,$18,$2013,$0,$439,$1485,$141,$128,$35,$163,$1,$1,$-22,$-6,$-44,$260,$-62,$0,$0,$0,$-3,$-3,$0,$-65,$-16,$0,$-16,$-389,$-389,$-53,$0,$-458,$-263,$13,$-53
30,2011-03-31,20.88,$5.47,3.82,$28.95,0.72,$4.51,4.63,$1.69,12.36,$0.24B,$0.39B,0.62,$0.51B,$0.47B,1.09,$2.79B,$0.48B,17.29%,$2.79B,$0.21B,7.39%,$2.79B,$0.21B,7.39%,$2.79B,$0.34B,12.09%,$2.79B,$0.18B,6.60%,$2.79B,$0.16B,5.81%,$0.16B,$0.47B,27.35%,$0.16B,$0.34B,34.62%,$0.16B,$1.51B,9.74%,$0.21B,$0.97B,18.59%,$717,$586,$131,$0,$36,$656,$61,$-6,$55,$15,$40,$40,$40,$93,$61,$88,90,$0.46,$0.45,$107,$26,$0,$243,$1068,$0,$124,$48,$1264,$1507,$394,$508,$139,$647,$1042,$18,$1983,$0,$466,$1507,$99,$97,$42,$138,$7,$1,$-25,$3,$-49,$188,$-40,$0,$0,$0,$-2,$-2,$0,$-42,$-11,$0,$-11,$-332,$-332,$-41,$0,$-384,$-238,$10,$-41
31,2010-12-31,17.14,$5.94,2.89,$27.86,0.62,$4.89,3.5,$1.63,10.51,$0.33B,$0.43B,0.75,$0.51B,$0.53B,0.97,$2.78B,$0.47B,16.92%,$2.78B,$0.20B,7.01%,$2.78B,$0.20B,7.01%,$2.78B,$0.33B,11.75%,$2.78B,$0.17B,6.22%,$2.78B,$0.16B,5.82%,$0.16B,$0.53B,25.06%,$0.16B,$0.40B,31.02%,$0.16B,$1.61B,9.27%,$0.20B,$1.04B,17.41%,$672,$555,$117,$0,$31,$621,$50,$-5,$45,$8,$37,$37,$37,$83,$50,$91,92,$0.41,$0.41,$114,$27,$0,$326,$1085,$0,$124,$48,$1287,$1612,$433,$514,$138,$652,$1085,$18,$1956,$0,$528,$1612,$59,$65,$29,$94,$-46,$-1,$-23,$-1,$-83,$70,$-25,$0,$0,$0,$-2,$-2,$0,$-27,$-6,$0,$-6,$-240,$-240,$-29,$0,$-274,$-230,$6,$-29
32,2010-09-30,15.38,$6.70,2.3,$27.41,0.56,$5.73,2.69,$1.40,10.99,$0.36B,$0.37B,0.97,$0.52B,$0.65B,0.8,$2.82B,$0.46B,16.40%,$2.82B,$0.17B,5.96%,$2.82B,$0.17B,5.96%,$2.82B,$0.30B,10.72%,$2.82B,$0.15B,5.18%,$2.82B,$0.14B,5.08%,$0.14B,$0.65B,21.01%,$0.14B,$0.52B,25.75%,$0.14B,$1.68B,7.90%,$0.17B,$1.17B,15.13%,$655,$557,$98,$0,$30,$623,$32,$-5,$27,$5,$21,$21,$21,$65,$32,$101,102,$0.21,$0.21,$215,$27,$0,$357,$1104,$0,$124,$55,$1327,$1684,$370,$519,$149,$668,$1038,$18,$1931,$0,$646,$1684,$21,$33,$14,$47,$13,$0,$-29,$5,$-75,$-7,$-12,$0,$0,$0,$-2,$-2,$0,$-14,$-0,$0,$-0,$-94,$-94,$-15,$0,$-109,$-130,$4,$-15
33,2010-06-30,11.7,$7.17,1.63,$27.72,0.42,$6.34,1.85,$1.34,8.73,$0.50B,$0.45B,1.11,$0.53B,$0.73B,0.72,$2.86B,$0.46B,15.91%,$2.86B,$0.15B,5.39%,$2.86B,$0.15B,5.39%,$2.86B,$0.29B,10.14%,$2.86B,$0.13B,4.62%,$2.86B,$0.14B,4.83%,$0.14B,$0.73B,20.22%,$0.14B,$0.61B,24.84%,$0.14B,$1.85B,7.39%,$0.15B,$1.25B,13.22%,$743,$607,$136,$0,$37,$680,$63,$-7,$57,$13,$43,$43,$64,$96,$63,$102,103,$0.63,$0.62,$345,$27,$0,$501,$1129,$0,$124,$54,$1351,$1852,$450,$525,$149,$673,$1123,$18,$1924,$0,$729,$1852,$138,$136,$-14,$121,$6,$7,$-10,$-9,$38,$297,$-34,$0,$0,$30,$0,$30,$0,$-5,$-191,$0,$-191,$-20,$-20,$-34,$-3,$-249,$250,$16,$-34
34,2010-03-31,15.47,$6.66,2.32,$26.05,0.59,$6.00,2.58,$1.13,13.69,$0.50B,$0.67B,0.74,$0.34B,$0.68B,0.5,$2.68B,$0.44B,16.36%,$2.68B,$0.14B,5.10%,$2.68B,$0.14B,5.10%,$2.68B,$0.28B,10.28%,$2.68B,$0.12B,4.55%,$2.68B,$0.12B,4.32%,$0.12B,$0.68B,17.52%,$0.12B,$0.56B,21.69%,$0.12B,$1.84B,6.13%,$0.14B,$1.02B,11.47%,$713,$594,$120,$0,$32,$664,$50,$-6,$44,$9,$36,$36,$40,$83,$50,$102,103,$0.39,$0.39,$182,$28,$162,$497,$1138,$0,$124,$44,$1343,$1840,$669,$338,$150,$488,$1157,$18,$1860,$0,$683,$1840,$74,$103,$11,$114,$8,$6,$-14,$6,$34,$223,$-12,$0,$0,$30,$0,$30,$0,$18,$-141,$0,$-141,$-2,$-2,$-34,$0,$-177,$88,$12,$-34
35,2009-12-31,11.91,$6.48,1.84,$26.68,0.45,$5.62,2.12,$1.08,11.02,$0.33B,$0.69B,0.47,$0.34B,$0.66B,0.51,$2.75B,$0.46B,16.61%,$2.75B,$0.14B,5.03%,$2.75B,$0.14B,5.03%,$2.75B,$0.27B,9.87%,$2.75B,$0.12B,4.44%,$2.75B,$0.11B,4.04%,$0.11B,$0.66B,17.26%,$0.11B,$0.54B,21.66%,$0.11B,$1.86B,5.74%,$0.14B,$1.00B,10.73%,$706,$597,$108,$0,$32,$682,$23,$-5,$18,$3,$15,$15,$18,$58,$23,$102,103,$0.18,$0.18,$110,$32,$0,$325,$1309,$0,$130,$46,$1535,$1860,$694,$339,$164,$502,$1196,$18,$1846,$0,$664,$1860,$34,$70,$-10,$59,$-41,$3,$-4,$10,$44,$138,$-2,$0,$0,$30,$0,$30,$0,$28,$-141,$0,$-141,$-2,$-2,$-23,$0,$-166,$16,$8,$-23
36,2009-09-30,12.45,$6.38,1.95,$29.11,0.43,$5.51,2.26,$0.69,18.05,$0.37B,$0.38B,0.98,$0.73B,$0.65B,1.11,$2.99B,$0.48B,16.03%,$2.99B,$0.08B,2.71%,$2.99B,$0.08B,2.71%,$2.99B,$0.22B,7.33%,$2.99B,$0.06B,2.01%,$2.99B,$0.07B,2.38%,$0.07B,$0.65B,11.41%,$0.07B,$0.52B,14.51%,$0.07B,$1.92B,3.56%,$0.08B,$1.38B,5.92%,$697,$605,$91,$0,$35,$678,$18,$-5,$13,$3,$10,$10,$16,$53,$18,$102,103,$0.15,$0.15,$134,$34,$0,$371,$1370,$0,$131,$48,$1551,$1921,$377,$727,$164,$891,$1268,$18,$1839,$0,$654,$1921,$16,$35,$6,$41,$13,$2,$-18,$12,$-1,$55,$-11,$0,$0,$0,$0,$0,$0,$-11,$-0,$0,$-0,$-3,$-3,$-12,$0,$-15,$40,$5,$-12
37,2009-06-30,13.39,$6.33,2.11,$31.93,0.42,$5.31,2.52,$0.77,17.38,$0.53B,$0.42B,1.27,$0.73B,$0.65B,1.12,$3.28B,$0.51B,15.69%,$3.28B,$0.10B,3.15%,$3.28B,$0.10B,3.15%,$3.28B,$0.25B,7.57%,$3.28B,$0.08B,2.41%,$3.28B,$0.08B,2.41%,$0.08B,$0.65B,12.92%,$0.08B,$0.52B,16.59%,$0.08B,$1.95B,3.85%,$0.10B,$1.37B,7.37%,$568,$449,$120,$0,$33,$523,$46,$1,$47,$8,$39,$39,$42,$82,$46,$102,103,$0.42,$0.41,$94,$34,$170,$529,$1248,$0,$125,$47,$1420,$1949,$419,$727,$152,$884,$1302,$18,$1834,$0,$647,$1949,$79,$145,$164,$310,$-1,$-2,$-44,$2,$-155,$234,$-6,$0,$0,$5,$-5,$0,$0,$-6,$-20,$-161,$-180,$1,$1,$-45,$1,$-224,$39,$17,$-45
38,2009-03-31,11.79,$5.96,1.98,$36.85,0.32,$5.01,2.35,$0.77,15.31,$0.32B,$0.44B,0.72,$0.78B,$0.61B,1.28,$3.78B,$0.56B,14.84%,$3.78B,$0.13B,3.44%,$3.78B,$0.13B,3.44%,$3.78B,$0.26B,6.96%,$3.78B,$0.10B,2.54%,$3.78B,$0.08B,2.12%,$0.08B,$0.61B,13.37%,$0.08B,$0.47B,17.41%,$0.08B,$2.00B,3.78%,$0.13B,$1.39B,9.10%,$774,$637,$137,$0,$35,$723,$51,$-7,$44,$13,$31,$31,$35,$78,$51,$102,103,$0.34,$0.34,$67,$45,$0,$318,$1442,$0,$138,$53,$1684,$2003,$444,$779,$173,$951,$1395,$18,$1803,$-3,$607,$2003,$37,$109,$118,$227,$6,$-7,$-32,$11,$-104,$160,$10,$0,$0,$-5,$-8,$-13,$0,$-3,$-1,$-130,$-131,$-2,$-2,$-34,$0,$-166,$12,$13,$-34
39,2008-12-31,8.15,$5.70,1.43,$39.84,0.2,$5.29,1.54,$0.05,162.94,$0.39B,$0.59B,0.65,$0.75B,$0.58B,1.29,$4.08B,$0.58B,14.15%,$4.08B,$0.02B,0.44%,$4.08B,$0.02B,0.44%,$4.08B,$0.16B,4.02%,$4.08B,$-0.02B,-0.44%,$4.08B,$0.01B,0.15%,$0.01B,$0.58B,1.01%,$0.01B,$0.44B,1.31%,$0.01B,$2.10B,0.28%,$0.02B,$1.33B,1.23%,$949,$819,$131,$0,$39,$984,$-34,$-10,$-44,$-23,$-22,$-22,$-22,$6,$-34,$102,102,$-0.21,$-0.21,$73,$41,$0,$385,$1466,$0,$138,$52,$1714,$2100,$593,$748,$179,$927,$1520,$18,$1780,$-3,$580,$2100,$2,$82,$103,$184,$-47,$-7,$-40,$13,$-92,$95,$29,$0,$0,$-5,$-8,$-13,$0,$17,$-1,$-68,$-69,$-2,$-2,$-23,$0,$-93,$19,$9,$-23
40,2008-09-30,13.59,$6.00,2.27,$40.33,0.34,$6.02,2.26,$0.78,17.43,$0.45B,$0.49B,0.92,$0.89B,$0.61B,1.46,$4.17B,$0.60B,14.43%,$4.17B,$0.14B,3.41%,$4.17B,$0.14B,3.41%,$4.17B,$0.29B,6.89%,$4.17B,$0.10B,2.50%,$4.17B,$0.08B,1.97%,$0.08B,$0.61B,13.38%,$0.08B,$0.47B,17.34%,$0.08B,$2.16B,3.68%,$0.14B,$1.51B,9.40%,$984,$858,$126,$0,$40,$944,$40,$-8,$32,$9,$24,$24,$24,$82,$40,$102,103,$0.23,$0.23,$57,$33,$138,$445,$1510,$0,$140,$44,$1717,$2162,$485,$894,$172,$1066,$1551,$18,$1813,$-1,$611,$2162,$24,$41,$12,$53,$8,$2,$-27,$6,$-24,$53,$-30,$0,$0,$-0,$0,$-0,$0,$-30,$-0,$-7,$-7,$-2,$-2,$-12,$0,$-20,$3,$5,$-12
41,2008-06-30,14.28,$5.87,2.43,$40.41,0.35,$5.95,2.4,$0.89,16.04,$0.46B,$0.53B,0.87,$0.90B,$0.60B,1.52,$4.24B,$0.64B,15.01%,$4.24B,$0.17B,3.94%,$4.24B,$0.17B,3.94%,$4.24B,$0.31B,7.41%,$4.24B,$0.13B,2.95%,$4.24B,$0.10B,2.27%,$0.10B,$0.60B,15.14%,$0.10B,$0.46B,19.41%,$0.10B,$2.19B,4.24%,$0.17B,$1.50B,10.80%,$1074,$906,$167,$0,$45,$1000,$73,$-9,$64,$22,$43,$43,$43,$97,$73,$101,103,$0.42,$0.41,$55,$35,$136,$456,$1530,$0,$140,$44,$1737,$2193,$527,$902,$170,$1071,$1598,$18,$1800,$-0,$595,$2193,$52,$147,$129,$276,$-0,$-9,$13,$12,$-1,$327,$-129,$0,$-2,$-34,$-9,$-43,$0,$-175,$398,$-324,$75,$-236,$-236,$-43,$0,$-203,$-30,$15,$-43
42,2008-03-31,13.94,$5.93,2.35,$39.64,0.35,$6.02,2.32,$1.19,11.71,$0.53B,$0.55B,0.96,$0.91B,$0.60B,1.52,$4.31B,$0.67B,15.47%,$4.31B,$0.21B,4.88%,$4.31B,$0.21B,4.88%,$4.31B,$0.40B,9.34%,$4.31B,$0.17B,3.90%,$4.31B,$0.14B,3.18%,$0.14B,$0.60B,19.96%,$0.14B,$0.46B,25.03%,$0.14B,$2.23B,5.97%,$0.21B,$1.51B,13.29%,$1077,$923,$154,$0,$42,$1138,$-61,$-9,$-70,$-31,$-39,$-39,$-39,$-21,$-61,$101,102,$-0.38,$-0.38,$90,$35,$218,$528,$1516,$0,$139,$42,$1703,$2231,$553,$911,$167,$1078,$1631,$18,$1813,$-0,$600,$2231,$53,$124,$102,$226,$9,$-6,$35,$11,$17,$297,$-100,$0,$0,$0,$-6,$-6,$0,$-106,$398,$-315,$84,$-238,$-238,$-32,$0,$-186,$5,$12,$-32
43,2007-12-31,14.6,$6.37,2.29,$36.63,0.4,$4.69,3.12,$2.00,7.3,$0.60B,$0.62B,0.96,$0.88B,$0.65B,1.37,$4.17B,$0.66B,15.92%,$4.17B,$0.34B,8.25%,$4.17B,$0.34B,8.25%,$4.17B,$0.53B,12.80%,$4.17B,$0.31B,7.31%,$4.17B,$0.23B,5.54%,$0.23B,$0.65B,28.88%,$0.23B,$0.51B,35.00%,$0.23B,$2.32B,9.92%,$0.34B,$1.53B,21.31%,$1030,$876,$154,$0,$41,$940,$90,$-12,$78,$24,$54,$54,$54,$129,$90,$103,105,$0.53,$0.52,$82,$29,$303,$595,$1522,$0,$139,$44,$1722,$2318,$622,$884,$167,$1051,$1673,$18,$1863,$-0,$645,$2318,$92,$84,$-15,$69,$-40,$-0,$26,$9,$80,$241,$-36,$0,$0,$0,$-6,$-6,$0,$-42,$399,$-342,$57,$-238,$-238,$-21,$0,$-202,$-3,$7,$-21
44,2007-09-30,20.38,$6.62,3.08,$33.96,0.6,$3.48,5.85,$1.83,11.14,$0.64B,$0.50B,1.28,$0.95B,$0.70B,1.37,$4.04B,$0.67B,16.45%,$4.04B,$0.32B,7.94%,$4.04B,$0.32B,7.94%,$4.04B,$0.51B,12.69%,$4.04B,$0.29B,7.13%,$4.04B,$0.22B,5.47%,$0.22B,$0.70B,24.27%,$0.22B,$0.56B,28.74%,$0.22B,$2.31B,9.47%,$0.32B,$1.65B,19.74%,$1055,$894,$161,$0,$43,$990,$65,$-12,$53,$15,$38,$38,$38,$109,$65,$106,109,$0.35,$0.34,$79,$27,$407,$643,$1482,$0,$139,$37,$1671,$2314,$502,$953,$162,$1115,$1617,$18,$1820,$-0,$696,$2314,$38,$45,$5,$50,$8,$3,$2,$-0,$5,$93,$-77,$0,$0,$0,$0,$0,$0,$-77,$-0,$127,$126,$-139,$-139,$-10,$0,$-22,$-6,$3,$-10
45,2007-06-30,21.67,$7.31,2.96,$31.19,0.69,$3.54,6.12,$1.87,11.59,$0.66B,$0.54B,1.21,$0.83B,$0.81B,1.03,$3.86B,$0.65B,16.96%,$3.86B,$0.32B,8.32%,$3.86B,$0.32B,8.32%,$3.86B,$0.51B,13.20%,$3.86B,$0.29B,7.62%,$3.86B,$0.23B,5.99%,$0.23B,$0.81B,22.85%,$0.23B,$0.67B,26.62%,$0.23B,$2.32B,9.98%,$0.32B,$1.63B,19.89%,$1143,$946,$197,$0,$53,$1027,$116,$-9,$107,$23,$84,$84,$84,$185,$116,$115,118,$0.73,$0.71,$85,$29,$405,$655,$1483,$0,$139,$36,$1663,$2318,$543,$827,$143,$969,$1513,$18,$1791,$-0,$805,$2318,$230,$189,$4,$193,$3,$3,$-2,$40,$62,$485,$-250,$0,$0,$6,$0,$6,$0,$-244,$-13,$338,$325,$-503,$-503,$-41,$7,$-212,$30,$30,$-41
46,2007-03-31,24.14,$8.73,2.76,$29.45,0.82,$2.80,8.61,$1.73,13.98,$0.39B,$0.56B,0.69,$0.59B,$1.05B,0.56,$3.75B,$0.61B,16.20%,$3.75B,$0.27B,7.27%,$3.75B,$1.25B,33.17%,$3.75B,$0.44B,11.72%,$3.75B,$1.23B,32.69%,$3.75B,$1.19B,31.63%,$1.19B,$1.05B,110.06%,$1.19B,$0.91B,126.92%,$1.19B,$2.36B,51.82%,$0.27B,$1.65B,17.06%,$944,$792,$152,$0,$42,$871,$73,$-5,$67,$20,$47,$47,$55,$111,$73,$122,126,$0.45,$0.43,$74,$37,$134,$385,$1787,$0,$143,$46,$1978,$2363,$557,$593,$158,$751,$1309,$18,$1718,$1,$1054,$2363,$146,$120,$-11,$109,$9,$2,$29,$17,$81,$336,$-262,$0,$0,$0,$0,$0,$0,$-262,$-2,$94,$92,$-163,$-163,$-30,$4,$-97,$19,$22,$-30
47,2006-12-31,22.2,$8.85,2.51,$30.33,0.73,$3.49,6.35,$1.80,12.36,$0.28B,$0.61B,0.47,$0.49B,$1.09B,0.45,$3.90B,$0.65B,16.76%,$3.90B,$0.30B,7.59%,$3.90B,$1.27B,32.50%,$3.90B,$0.47B,12.12%,$3.90B,$1.25B,32.06%,$3.90B,$1.20B,30.68%,$1.20B,$1.09B,111.14%,$1.20B,$0.94B,128.26%,$1.20B,$2.34B,53.35%,$0.30B,$1.58B,18.98%,$900,$745,$155,$0,$45,$833,$67,$-6,$61,$20,$41,$41,$44,$108,$67,$123,127,$0.36,$0.35,$67,$38,$0,$282,$1856,$0,$146,$45,$2053,$2335,$605,$487,$155,$642,$1247,$18,$1675,$1,$1087,$2335,$92,$81,$-17,$65,$-24,$3,$-10,$15,$100,$257,$-162,$0,$0,$0,$0,$0,$0,$-162,$-1,$-12,$-13,$-81,$-81,$-19,$2,$-111,$11,$17,$-19
