,Date,Stock Price,Book Value per Share,Price to Book Ratio,TTM Sales per Share,Price to Sales Ratio,TTM FCF per Share,Price to FCF Ratio,TTM Net EPS,PE Ratio,Current Assets,Current Liabilities,Current Ratio,Long Term Debt,Shareholder's Equity_x,Debt to Equity Ratio,TTM Revenue_x,TTM Gross Profit,Gross Margin,TTM Revenue_y,TTM Operating Income,Operating Margin,TTM Revenue_x,TTM EBIT,EBIT Margin,TTM Revenue_y,TTM EBITDA,EBITDA Margin,TTM Revenue_x,TTM Pre-Tax Income,Pre-Tax Margin,TTM Revenue_y,TTM Net Income_x,Net Margin,TTM Net Income_y,Shareholder's Equity_y,Return on Equity,TTM Net Income_x,Tangible Equity,Return on Tangible Equity,TTM Net Income_y,Total Assets,Return on Assets,TTM Net Income,LT Investments & Debt,Return on Investment,revenue,cost-goods-sold,gross-profit,research-development-expenses,selling-general-administrative-expenses,operating-expenses,operating-income,total-non-operating-income-expense,pre-tax-income,total-provision-income-taxes,income-after-taxes,income-from-continuous-operations,net-income,ebitda,ebit,basic-shares-outstanding,shares-outstanding,eps-basic-net-earnings-per-share,eps-earnings-per-share-diluted,cash-on-hand,inventory,other-current-assets,total-current-assets,net-property-plant-equipment,long-term-investments,goodwill-intangible-assets-total,other-long-term-assets,total-long-term-assets,total-assets,total-current-liabilities,long-term-debt,other-non-current-liabilities,total-long-term-liabilities,total-liabilities,common-stock-net,retained-earnings-accumulated-deficit,comprehensive-income,total-share-holder-equity,total-liabilities-share-holders-equity,net-income-loss,total-depreciation-amortization-cash-flow,other-non-cash-items,total-non-cash-items,change-in-accounts-receivable,change-in-inventories,change-in-accounts-payable,change-in-assets-liabilities,total-change-in-assets-liabilities,cash-flow-from-operating-activities,net-change-in-property-plant-equipment,net-change-in-intangible-assets,net-acquisitions-divestitures,net-change-in-short-term-investments,net-change-in-long-term-investments,net-change-in-investments-total,investing-activities-other,cash-flow-from-investing-activities,net-long-term-debt,net-current-debt,debt-issuance-retirement-net-total,net-common-equity-issued-repurchased,net-total-equity-issued-repurchased,total-common-preferred-stock-dividends-paid,financial-activities-other,cash-flow-from-financial-activities,net-cash-flow,stock-based-compensation,common-stock-dividends-paid
0,2018-09-30,33.02,$7.20,4.59,$10.04,3.29,$4.10,8.05,$-0.74,0.0,$6.96B,$4.01B,1.74,$7.66B,$6.93B,1.11,$10.22B,$7.86B,76.95%,$10.22B,$2.21B,21.58%,$10.22B,$2.21B,21.58%,$10.22B,$2.90B,28.40%,$10.22B,$2.76B,27.06%,$10.22B,$-0.83B,-8.12%,$-0.83B,$6.93B,-11.17%,$-0.83B,$1.65B,-35.27%,$-0.83B,$23.65B,-3.38%,$2.21B,$14.59B,13.56%,$2649,$608,$2041,$307,$1100,$2093,$556,$392,$948,$228,$720,$720,$721,$731,$556,$974,983,$0.74,$0.73,$4838,$0,$1364,$6963,$1580,$4276,$5276,$565,$16689,$23652,$4006,$7661,$1740,$12717,$16723,$2,$15699,$550,$6929,$23652,$1770,$524,$-131,$393,$0,$0,$0,$-738,$-738,$1425,$-521,$0,$-302,$1029,$2254,$3283,$13,$2473,$-750,$0,$-750,$-2921,$-2921,$0,$-216,$-3887,$-39,$396,$0
1,2018-06-30,36.26,$7.23,5.02,$9.66,3.75,$4.74,7.64,$-0.99,0.0,$6.18B,$2.61B,2.37,$9.20B,$7.15B,1.29,$10.07B,$7.76B,77.11%,$10.07B,$2.22B,22.09%,$10.07B,$2.22B,22.09%,$10.07B,$2.92B,28.98%,$10.07B,$2.51B,24.94%,$10.07B,$-1.03B,-10.24%,$-1.03B,$7.15B,-12.10%,$-1.03B,$1.82B,-28.85%,$-1.03B,$23.99B,-4.10%,$2.22B,$16.35B,12.53%,$2640,$597,$2043,$352,$1206,$2234,$406,$301,$707,$69,$638,$638,$642,$576,$406,$992,1004,$0.64,$0.64,$4007,$0,$1432,$6184,$1576,$5418,$5322,$436,$17804,$23988,$2608,$9201,$1743,$14234,$16842,$2,$14977,$581,$7146,$23988,$1049,$349,$22,$371,$0,$0,$0,$-553,$-553,$867,$-342,$0,$-302,$0,$2190,$2190,$1,$1547,$-750,$0,$-750,$-1933,$-1933,$0,$-184,$-2867,$-504,$271,$0
2,2018-03-31,40.24,$7.54,5.33,$9.25,4.35,$5.10,7.88,$-1.61,0.0,$6.76B,$2.57B,2.63,$9.21B,$7.60B,1.21,$9.84B,$7.58B,76.97%,$9.84B,$2.30B,23.33%,$9.84B,$2.30B,23.33%,$9.84B,$2.99B,30.36%,$9.84B,$2.27B,23.01%,$9.84B,$-1.64B,-16.70%,$-1.64B,$7.60B,-17.12%,$-1.64B,$2.73B,-34.27%,$-1.64B,$24.56B,-6.33%,$2.30B,$16.80B,12.19%,$2580,$559,$2021,$334,$1026,$2001,$579,$-32,$547,$140,$407,$407,$407,$758,$579,$1010,1029,$0.40,$0.40,$4806,$0,$1274,$6763,$1548,$5919,$4868,$291,$17792,$24555,$2568,$9208,$1869,$14391,$16959,$2,$14335,$800,$7596,$24555,$407,$179,$163,$342,$0,$0,$0,$-254,$-254,$495,$-158,$0,$0,$0,$1856,$1856,$0,$1698,$-750,$0,$-750,$-1000,$-1000,$0,$-75,$-1825,$406,$120,$0
3,2017-12-31,37.74,$7.82,4.82,$8.83,4.27,$5.18,7.28,$-1.07,0.0,$7.74B,$3.56B,2.18,$9.23B,$8.05B,1.15,$9.57B,$7.35B,76.77%,$9.57B,$2.27B,23.68%,$9.57B,$2.27B,23.68%,$9.57B,$2.94B,30.74%,$9.57B,$2.28B,23.79%,$9.57B,$-1.02B,-10.62%,$-1.02B,$8.05B,-9.58%,$-1.02B,$3.21B,-17.43%,$-1.02B,$25.99B,-3.90%,$2.27B,$17.28B,11.78%,$2347,$591,$1756,$317,$686,$1683,$664,$-102,$562,$3158,$-2596,$-2596,$-2600,$836,$664,$1064,1064,$-2.43,$-2.40,$5863,$0,$1185,$7744,$1597,$6331,$4842,$273,$18242,$25986,$3559,$9234,$1720,$14378,$17937,$2,$13929,$717,$8049,$25986,$-1016,$676,$2370,$3046,$-195,$0,$19,$-123,$1116,$3146,$-666,$0,$-34,$-514,$-79,$-593,$-3,$-1296,$1032,$0,$1032,$-2626,$-2626,$0,$-190,$-1784,$304,$483,$0
4,2017-09-30,38.46,$10.76,3.58,$8.72,4.41,$4.77,8.06,$6.74,5.71,$7.86B,$3.19B,2.46,$9.25B,$11.28B,0.82,$9.62B,$7.45B,77.43%,$9.62B,$2.24B,23.29%,$9.62B,$2.24B,23.29%,$9.62B,$2.92B,30.36%,$9.62B,$3.72B,38.67%,$9.62B,$7.52B,78.21%,$7.52B,$11.28B,67.01%,$7.52B,$6.54B,115.47%,$7.52B,$25.94B,29.47%,$2.24B,$20.53B,11.53%,$2498,$557,$1941,$316,$973,$1924,$574,$120,$694,$174,$520,$520,$520,$747,$574,$1062,1078,$0.49,$0.48,$6030,$0,$1202,$7858,$1546,$6302,$4747,$276,$18085,$25943,$3190,$9249,$64,$11470,$14660,$2,$16544,$538,$11283,$25943,$1584,$504,$322,$826,$0,$0,$0,$-252,$-252,$2158,$-474,$0,$-22,$-514,$-498,$-1012,$1,$-1507,$1034,$0,$1034,$-1750,$-1750,$0,$-172,$-888,$-53,$356,$0
5,2017-06-30,34.92,$10.70,3.26,$8.35,4.18,$4.72,7.4,$6.62,5.27,$10.91B,$4.60B,2.37,$9.25B,$11.47B,0.81,$9.33B,$7.22B,77.38%,$9.33B,$2.21B,23.64%,$9.33B,$2.21B,23.64%,$9.33B,$2.89B,30.92%,$9.33B,$3.56B,38.11%,$9.33B,$7.41B,79.42%,$7.41B,$11.47B,73.35%,$7.41B,$6.72B,137.99%,$7.41B,$27.48B,30.68%,$2.21B,$20.73B,12.34%,$2419,$560,$1859,$313,$994,$1939,$480,$-18,$462,$433,$29,$29,$29,$648,$480,$1076,1091,$0.03,$0.03,$9017,$0,$1270,$10906,$1538,$4754,$4757,$286,$16577,$27483,$4596,$9251,$64,$11413,$16009,$2,$16021,$437,$11474,$27483,$1064,$331,$213,$544,$0,$0,$0,$-327,$-327,$1281,$-317,$0,$-20,$0,$-1788,$-1788,$1,$-2124,$2484,$0,$2484,$-855,$-855,$0,$-115,$1514,$822,$238,$0
6,2017-03-31,33.57,$10.76,3.12,$8.07,4.16,$4.79,7.01,$6.98,4.81,$8.49B,$4.43B,1.92,$6.76B,$11.60B,0.58,$9.15B,$7.10B,77.65%,$9.15B,$2.26B,24.69%,$9.15B,$2.26B,24.69%,$9.15B,$2.94B,32.10%,$9.15B,$3.62B,39.56%,$9.15B,$7.82B,85.50%,$7.82B,$11.60B,88.34%,$7.82B,$6.86B,187.69%,$7.82B,$24.81B,35.08%,$2.26B,$18.35B,13.62%,$2303,$514,$1789,$278,$893,$1756,$547,$11,$558,$-477,$1035,$1035,$1035,$710,$547,$1083,1102,$0.96,$0.94,$6754,$0,$1147,$8493,$1496,$4540,$4734,$282,$16315,$24808,$4433,$6756,$66,$8780,$13213,$2,$15994,$165,$11595,$24808,$1035,$163,$-402,$-239,$0,$0,$0,$-214,$-214,$582,$-135,$0,$0,$0,$20,$20,$1,$-114,$0,$0,$0,$-399,$-399,$0,$-19,$-418,$164,$101,$0
7,2016-12-31,29.69,$9.70,3.06,$7.81,3.8,$4.80,6.19,$6.45,4.6,$8.88B,$3.85B,2.31,$7.51B,$10.54B,0.71,$8.98B,$6.97B,77.65%,$8.98B,$2.33B,25.89%,$8.98B,$2.33B,25.89%,$8.98B,$3.01B,33.49%,$8.98B,$3.65B,40.66%,$8.98B,$7.27B,80.92%,$7.27B,$10.54B,96.47%,$7.27B,$5.94B,252.31%,$7.27B,$23.85B,34.62%,$2.33B,$18.05B,14.69%,$2395,$539,$1856,$292,$857,$1757,$638,$1366,$2004,$-3944,$5948,$5948,$5936,$814,$638,$1133,1144,$5.24,$5.20,$7149,$0,$1134,$8875,$1516,$3969,$4603,$276,$14972,$23847,$3847,$7509,$499,$9461,$13308,$2,$14959,$-124,$10539,$23847,$7266,$682,$-5142,$-4460,$-48,$0,$-28,$121,$20,$2826,$-626,$0,$-212,$0,$-1149,$-1149,$-21,$-2008,$2196,$0,$2196,$-2841,$-2841,$0,$-99,$-744,$-16,$416,$0
8,2016-09-30,32.9,$6.10,5.39,$7.64,4.3,$5.67,5.8,$1.55,21.23,$9.78B,$3.76B,2.6,$7.58B,$6.82B,1.11,$8.91B,$6.95B,77.98%,$8.91B,$2.35B,26.38%,$8.91B,$2.35B,26.38%,$8.91B,$3.03B,33.98%,$8.91B,$2.30B,25.79%,$8.91B,$1.81B,20.29%,$1.81B,$6.82B,27.62%,$1.81B,$1.98B,94.88%,$1.81B,$20.50B,9.28%,$2.35B,$14.40B,16.04%,$2217,$498,$1719,$288,$824,$1675,$542,$-9,$533,$115,$418,$418,$413,$714,$542,$1126,1139,$0.37,$0.36,$8045,$0,$1112,$9783,$1526,$3921,$4844,$428,$10719,$20502,$3763,$7582,$70,$9920,$13683,$2,$9036,$1204,$6819,$20502,$1330,$506,$361,$867,$0,$0,$0,$9,$9,$2206,$-490,$0,$0,$0,$-1853,$-1853,$-225,$-2568,$2199,$0,$2199,$-1935,$-1935,$0,$-82,$182,$-79,$306,$0
9,2016-06-30,23.41,$5.70,4.11,$7.41,3.16,$6.17,3.79,$1.64,14.27,$9.91B,$2.21B,4.49,$9.05B,$6.45B,1.4,$8.79B,$6.89B,78.43%,$8.79B,$2.39B,27.14%,$8.79B,$2.39B,27.14%,$8.79B,$3.07B,34.96%,$8.79B,$2.43B,27.64%,$8.79B,$1.93B,22.00%,$1.93B,$6.45B,29.92%,$1.93B,$1.89B,101.70%,$1.93B,$19.99B,10.21%,$2.39B,$15.51B,16.60%,$2230,$493,$1737,$295,$840,$1699,$531,$-8,$523,$86,$437,$437,$435,$698,$531,$1144,1149,$0.38,$0.38,$8086,$0,$1200,$9914,$1502,$3541,$4561,$475,$10079,$19993,$2206,$9054,$76,$11334,$13540,$2,$8642,$829,$6453,$19993,$917,$334,$256,$590,$0,$0,$0,$-103,$-103,$1404,$-305,$0,$0,$0,$-1609,$-1609,$-59,$-1973,$2216,$0,$2216,$-1449,$-1449,$0,$-82,$685,$169,$201,$0
10,2016-03-31,23.86,$5.53,4.32,$7.19,3.32,$6.86,3.48,$1.33,17.94,$9.70B,$2.11B,4.61,$9.03B,$6.32B,1.43,$8.67B,$6.83B,78.81%,$8.67B,$2.28B,26.33%,$8.67B,$2.28B,26.33%,$8.67B,$2.98B,34.33%,$8.67B,$2.46B,28.36%,$8.67B,$1.58B,18.24%,$1.58B,$6.32B,16.14%,$1.58B,$1.72B,36.49%,$1.58B,$19.61B,6.24%,$2.28B,$15.35B,13.32%,$2137,$477,$1660,$239,$747,$1523,$614,$-23,$591,$109,$482,$482,$482,$781,$614,$1159,1170,$0.42,$0.41,$8013,$0,$1091,$9703,$1497,$3370,$4601,$437,$9905,$19608,$2107,$9030,$74,$11184,$13291,$2,$8207,$685,$6317,$19608,$482,$167,$112,$279,$0,$0,$0,$-120,$-120,$641,$-158,$0,$0,$0,$-905,$-905,$-12,$-1075,$2216,$0,$2216,$-994,$-994,$0,$0,$1222,$854,$88,$0
11,2015-12-31,27.48,$5.55,4.95,$7.04,3.9,$7.30,3.76,$1.43,19.22,$7.90B,$2.26B,3.49,$6.75B,$6.58B,1.03,$8.59B,$6.82B,79.39%,$8.59B,$2.20B,25.57%,$8.59B,$2.20B,25.57%,$8.59B,$2.88B,33.57%,$8.59B,$2.41B,28.00%,$8.59B,$1.73B,20.08%,$1.73B,$6.58B,13.17%,$1.73B,$2.04B,26.84%,$1.73B,$17.76B,5.45%,$2.20B,$13.33B,11.05%,$2322,$493,$1829,$229,$855,$1660,$662,$-12,$650,$127,$523,$523,$477,$833,$662,$1191,1204,$0.40,$0.39,$6131,$0,$1154,$7904,$1554,$3391,$4541,$365,$9851,$17755,$2263,$6749,$75,$8916,$11179,$2,$7713,$526,$6576,$17755,$1725,$687,$1727,$2414,$-105,$0,$226,$9,$-106,$4033,$-668,$0,$-24,$0,$37,$37,$-2956,$-3611,$-850,$0,$-850,$-1928,$-1928,$0,$-1776,$-4554,$-4496,$379,$0
12,2015-09-30,24.44,$5.40,4.53,$6.99,3.5,$8.58,2.85,$1.78,13.73,$8.28B,$4.44B,1.87,$6.81B,$6.49B,1.05,$8.59B,$6.87B,79.98%,$8.59B,$2.27B,26.37%,$8.59B,$2.27B,26.37%,$8.59B,$2.95B,34.28%,$8.59B,$2.49B,29.02%,$8.59B,$2.27B,26.43%,$2.27B,$6.49B,13.82%,$2.27B,$1.96B,23.43%,$2.27B,$18.34B,5.90%,$2.27B,$13.31B,9.76%,$2099,$433,$1666,$241,$772,$1521,$578,$87,$665,$120,$545,$545,$539,$760,$578,$1210,1223,$0.45,$0.45,$5301,$0,$2384,$8280,$1535,$3572,$4532,$419,$10058,$18338,$4436,$6814,$85,$7410,$11846,$2,$7255,$443,$6492,$18338,$1248,$516,$1706,$2222,$0,$0,$0,$-477,$-477,$2993,$-539,$0,$-24,$0,$1127,$1127,$-3852,$-3288,$-250,$0,$-250,$-1339,$-1339,$0,$-1743,$-3332,$-3913,$301,$0
13,2015-06-30,23.7,$16.26,1.46,$6.99,3.39,$9.46,2.5,$1.87,12.67,$28.55B,$17.06B,1.67,$6.76B,$19.81B,0.34,$8.64B,$6.94B,80.33%,$8.64B,$2.28B,26.42%,$8.64B,$2.28B,26.42%,$8.64B,$2.69B,31.06%,$8.64B,$2.44B,28.25%,$8.64B,$2.41B,27.82%,$2.41B,$19.81B,12.17%,$2.41B,$11.62B,20.57%,$2.41B,$45.66B,5.34%,$2.28B,$26.56B,8.56%,$2110,$434,$1676,$232,$941,$1682,$428,$124,$552,$122,$430,$430,$83,$602,$428,$1217,1225,$0.07,$0.07,$10554,$0,$2829,$28549,$2781,$5881,$8185,$262,$17109,$45658,$17060,$6757,$123,$8793,$25853,$2,$19609,$942,$19805,$45658,$709,$334,$1670,$2004,$0,$0,$0,$-406,$-406,$2307,$-297,$0,$0,$0,$602,$602,$-2726,$-2421,$0,$0,$0,$-854,$-854,$0,$-124,$-978,$-1341,$208,$0
14,2015-03-31,22.69,$16.15,1.41,$8.51,2.67,$9.59,2.37,$2.33,9.74,$26.51B,$17.61B,1.51,$6.80B,$19.54B,0.35,$10.64B,$8.19B,77.00%,$10.64B,$2.71B,25.48%,$10.64B,$2.71B,25.48%,$10.64B,$3.17B,29.80%,$10.64B,$2.75B,25.89%,$10.64B,$3.00B,28.18%,$3.00B,$19.54B,15.33%,$3.00B,$10.09B,27.24%,$3.00B,$44.84B,6.81%,$2.71B,$26.33B,10.50%,$2061,$411,$1650,$221,$821,$1532,$529,$10,$539,$90,$449,$449,$626,$689,$529,$1216,1229,$0.51,$0.51,$9679,$0,$1663,$26514,$2947,$5647,$9446,$287,$18327,$44841,$17611,$6795,$129,$7692,$25303,$2,$19526,$980,$19538,$44841,$626,$160,$635,$795,$0,$0,$0,$-270,$-270,$1151,$-96,$0,$0,$0,$-401,$-401,$-227,$-724,$0,$0,$0,$-962,$-962,$0,$-23,$-985,$-855,$93,$0
15,2014-12-31,22.08,$16.26,1.36,$10.17,2.17,$9.49,2.33,0,0.0,$26.53B,$17.53B,1.51,$6.78B,$19.91B,0.34,$12.84B,$9.45B,73.62%,$12.84B,$3.06B,23.83%,$12.84B,$3.06B,23.83%,$12.84B,$3.74B,29.14%,$12.84B,$3.09B,24.05%,$12.84B,$0.05B,0.36%,$0.05B,$19.91B,0.24%,$0.05B,$15.10B,0.42%,$0.05B,$45.13B,0.11%,$3.06B,$26.68B,12.16%,$2323,$442,$1881,$236,$838,$1592,$731,$7,$738,$9,$729,$729,$1023,$895,$731,$1230,1241,$0.83,$0.82,$7835,$0,$1048,$26531,$1486,$5736,$4804,$207,$18601,$45132,$17531,$6777,$79,$7695,$25226,$2,$18900,$1171,$19906,$45132,$46,$682,$4801,$5483,$51,$0,$81,$-35,$148,$5677,$-622,$0,$-55,$0,$-637,$-637,$-1359,$-2673,$3482,$0,$3482,$-4358,$-4358,$0,$-146,$-1022,$1834,$344,$0
16,2014-09-30,22.28,$15.95,1.4,$11.76,1.9,$8.72,2.56,$-0.10,0.0,$25.65B,$16.49B,1.56,$7.35B,$19.81B,0.37,$15.05B,$10.65B,70.79%,$15.05B,$3.35B,22.27%,$15.05B,$3.35B,22.27%,$15.05B,$3.50B,23.23%,$15.05B,$3.38B,22.45%,$15.05B,$-0.13B,-0.84%,$-0.13B,$19.81B,-0.62%,$-0.13B,$9.95B,-1.21%,$-0.13B,$44.48B,-0.30%,$3.35B,$27.16B,13.17%,$2150,$413,$1737,$246,$827,$1554,$596,$17,$613,$104,$509,$509,$673,$499,$596,$1242,1251,$0.54,$0.54,$10391,$0,$1384,$25654,$2825,$5875,$9862,$260,$18822,$44476,$16491,$7346,$120,$8175,$24666,$2,$17877,$1223,$19810,$44476,$-977,$518,$4455,$4973,$0,$0,$0,$40,$40,$4036,$-422,$0,$-55,$0,$-2603,$-2603,$-665,$-3745,$3482,$0,$3482,$-3298,$-3298,$0,$-141,$43,$296,$251,$0
17,2014-06-30,19.69,$15.29,1.29,$13.01,1.51,$7.59,2.59,$-0.11,0.0,$22.38B,$17.54B,1.28,$4.12B,$18.97B,0.22,$16.79B,$11.58B,68.99%,$16.79B,$3.55B,21.17%,$16.79B,$3.55B,21.17%,$16.79B,$4.15B,24.73%,$16.79B,$3.64B,21.67%,$16.79B,$-0.11B,-0.66%,$-0.11B,$18.97B,-0.52%,$-0.11B,$8.89B,-0.98%,$-0.11B,$41.64B,-0.27%,$3.55B,$23.09B,14.01%,$4103,$1181,$2922,$468,$1333,$3249,$854,$10,$864,$144,$720,$720,$676,$1087,$854,$1258,1267,$0.54,$0.53,$7369,$0,$1268,$22378,$2685,$6217,$10081,$279,$19262,$41640,$17538,$4118,$240,$5132,$22670,$2,$17204,$1231,$18970,$41640,$-1650,$615,$3798,$4413,$0,$0,$0,$-95,$-95,$2668,$-421,$0,$-35,$0,$-609,$-609,$-64,$-1129,$0,$1200,$1200,$-3314,$-3314,$0,$-124,$-2238,$-660,$307,$0
18,2014-03-31,21.73,$15.48,1.4,$12.72,1.71,$6.81,3.19,$-0.15,0.0,$22.36B,$15.74B,1.42,$4.12B,$19.61B,0.21,$16.56B,$11.33B,68.39%,$16.56B,$3.45B,20.83%,$16.56B,$3.45B,20.83%,$16.56B,$4.16B,25.13%,$16.56B,$3.53B,21.32%,$16.56B,$-0.15B,-0.89%,$-0.15B,$19.61B,-0.67%,$-0.15B,$9.55B,-1.21%,$-0.15B,$40.55B,-0.37%,$3.45B,$23.73B,13.24%,$4262,$1351,$2911,$480,$1270,$3384,$878,$-5,$873,$3199,$-2326,$-2326,$-2326,$1260,$878,$1276,1276,$-1.82,$-1.82,$7844,$0,$1313,$22359,$2686,$5211,$10062,$227,$18186,$40545,$15741,$4124,$243,$5195,$20936,$2,$16528,$1084,$19609,$40545,$-2326,$382,$3461,$3843,$0,$0,$0,$-343,$-343,$1174,$-206,$0,$-4,$0,$743,$743,$-1,$532,$0,$0,$0,$-1756,$-1756,$0,$-37,$-1793,$-79,$149,$0
19,2013-12-31,21.58,$18.27,1.18,$12.22,1.77,$6.53,3.3,$2.18,9.9,$23.28B,$12.64B,1.84,$4.12B,$23.65B,0.17,$16.05B,$11.01B,68.62%,$16.05B,$3.37B,21.01%,$16.05B,$3.37B,21.01%,$16.05B,$4.03B,25.12%,$16.05B,$3.47B,21.60%,$16.05B,$2.86B,17.80%,$2.86B,$23.65B,12.81%,$2.86B,$13.44B,22.51%,$2.86B,$41.49B,7.23%,$3.37B,$27.76B,12.76%,$4530,$1449,$3081,$450,$1298,$3508,$1022,$6,$1028,$-178,$1206,$1206,$850,$649,$1022,$1295,1310,$0.66,$0.65,$9025,$0,$1310,$23283,$2760,$4971,$10208,$266,$18205,$41488,$12639,$4117,$244,$5202,$17841,$2,$18854,$1156,$23647,$41488,$2856,$660,$1588,$2248,$-89,$0,$-13,$-470,$-109,$4995,$-678,$0,$-138,$0,$-3267,$-3267,$-1929,$-6012,$-400,$0,$-400,$-906,$-906,$0,$-48,$-1354,$-2323,$298,$0
20,2013-09-30,21.95,$17.59,1.25,$11.79,1.86,$5.19,4.23,$2.10,10.45,$23.48B,$12.03B,1.95,$4.12B,$22.77B,0.18,$15.51B,$10.70B,68.99%,$15.51B,$3.22B,20.78%,$15.51B,$3.22B,20.78%,$15.51B,$4.57B,29.49%,$15.51B,$3.32B,21.37%,$15.51B,$2.76B,17.78%,$2.76B,$22.77B,12.76%,$2.76B,$13.34B,22.74%,$2.76B,$40.07B,7.18%,$3.22B,$26.89B,12.53%,$3892,$1224,$2668,$433,$1170,$3093,$799,$74,$873,$184,$689,$689,$689,$1156,$799,$1295,1310,$0.53,$0.53,$10271,$0,$926,$23476,$2763,$4138,$9429,$261,$16591,$40067,$12028,$4123,$235,$5272,$17300,$2,$18004,$1205,$22767,$40067,$2006,$1033,$1148,$2181,$0,$0,$0,$-905,$-905,$3282,$-969,$0,$-85,$0,$-2926,$-2926,$-14,$-3994,$0,$0,$0,$-787,$-787,$0,$-67,$-854,$-1537,$412,$0
21,2013-06-30,20.35,$16.73,1.22,$11.41,1.78,$4.56,4.46,$2.02,10.07,$23.45B,$11.67B,2.01,$4.12B,$21.65B,0.19,$15.02B,$10.41B,69.32%,$15.02B,$3.09B,20.58%,$15.02B,$3.09B,20.58%,$15.02B,$4.40B,29.27%,$15.02B,$3.11B,20.73%,$15.02B,$2.67B,17.74%,$2.67B,$21.65B,12.76%,$2.67B,$12.33B,23.51%,$2.67B,$38.55B,7.30%,$3.09B,$25.77B,12.32%,$3877,$1211,$2666,$451,$1190,$3127,$750,$6,$756,$116,$640,$640,$640,$1097,$750,$1297,1313,$0.49,$0.49,$10436,$0,$982,$23446,$2697,$2506,$9320,$581,$15104,$38550,$11670,$4123,$217,$5229,$16899,$2,$17315,$826,$21651,$38550,$1317,$676,$987,$1663,$0,$0,$0,$-1032,$-1032,$1948,$-652,$0,$-15,$0,$-409,$-409,$-14,$-1090,$0,$0,$0,$-698,$-698,$0,$-65,$-763,$38,$272,$0
22,2013-03-31,21.33,$16.30,1.31,$11.06,1.93,$4.11,5.19,$2.06,10.35,$22.34B,$11.72B,1.91,$4.11B,$21.11B,0.19,$14.54B,$10.16B,69.85%,$14.54B,$3.04B,20.88%,$14.54B,$3.04B,20.88%,$14.54B,$4.28B,29.46%,$14.54B,$3.21B,22.07%,$14.54B,$2.72B,18.68%,$2.72B,$21.11B,13.45%,$2.72B,$11.63B,25.73%,$2.72B,$38.00B,8.00%,$3.04B,$25.22B,12.78%,$3748,$1152,$2596,$434,$1105,$2948,$800,$9,$809,$132,$677,$677,$677,$1129,$800,$1295,1319,$0.52,$0.51,$9402,$0,$1144,$22336,$2575,$3172,$9478,$439,$15664,$38000,$11720,$4105,$231,$5168,$16888,$2,$16675,$724,$21112,$38000,$677,$329,$736,$1065,$0,$0,$0,$-805,$-805,$937,$-299,$0,$-8,$0,$-407,$-407,$-5,$-719,$0,$0,$0,$-374,$-374,$0,$-37,$-411,$-287,$111,$0
23,2012-12-31,20.06,$16.12,1.24,$10.72,1.87,$3.85,5.21,$1.99,10.08,$21.40B,$10.92B,1.96,$4.11B,$20.87B,0.2,$14.07B,$9.86B,70.04%,$14.07B,$2.89B,20.53%,$14.07B,$2.89B,20.53%,$14.07B,$4.09B,29.06%,$14.07B,$3.08B,21.92%,$14.07B,$2.61B,18.55%,$2.61B,$20.87B,13.32%,$2.61B,$11.20B,26.39%,$2.61B,$37.07B,8.28%,$2.89B,$24.97B,12.83%,$3992,$1223,$2769,$416,$1228,$3118,$874,$3,$877,$-126,$1003,$1003,$751,$1192,$874,$1294,1318,$0.58,$0.57,$9408,$0,$914,$21398,$2491,$3044,$9665,$476,$15676,$37074,$10924,$4106,$207,$5285,$16209,$2,$15998,$856,$20865,$37074,$2609,$1200,$785,$1985,$-207,$0,$-16,$-378,$-756,$3838,$-1257,$0,$1,$0,$-2434,$-2434,$-73,$-3763,$2976,$-550,$2426,$-415,$-415,$0,$-60,$1951,$2126,$488,$0
24,2012-09-30,19.03,$15.39,1.24,$10.27,1.85,$3.65,5.21,$2.93,6.49,$17.41B,$7.06B,2.47,$4.51B,$19.91B,0.23,$13.46B,$9.43B,70.05%,$13.46B,$2.77B,20.56%,$13.46B,$2.77B,20.56%,$13.46B,$3.92B,29.14%,$13.46B,$4.64B,34.49%,$13.46B,$3.84B,28.52%,$3.84B,$19.91B,20.34%,$3.84B,$10.19B,42.03%,$3.84B,$32.50B,13.20%,$2.77B,$24.42B,13.09%,$3404,$1022,$2382,$389,$1095,$2737,$667,$5,$672,$75,$597,$597,$597,$978,$667,$1292,1314,$0.46,$0.45,$9135,$0,$982,$17410,$2393,$2500,$9726,$473,$15092,$32502,$7061,$4506,$77,$5528,$12589,$2,$15248,$649,$19913,$32502,$1859,$882,$655,$1537,$0,$0,$0,$-943,$-943,$2453,$-961,$0,$1,$0,$-867,$-867,$-77,$-1904,$2976,$-550,$2426,$-283,$-283,$0,$-61,$2082,$2640,$360,$0
25,2012-06-30,16.53,$14.68,1.13,$9.94,1.66,$3.75,4.4,$2.86,5.78,$13.28B,$6.80B,1.95,$1.52B,$18.91B,0.08,$13.02B,$9.09B,69.83%,$13.02B,$2.64B,20.25%,$13.02B,$2.64B,20.25%,$13.02B,$3.75B,28.78%,$13.02B,$4.59B,35.22%,$13.02B,$3.73B,28.66%,$3.73B,$18.91B,20.82%,$3.73B,$9.22B,45.64%,$3.73B,$28.26B,13.73%,$2.64B,$20.43B,13.56%,$3398,$987,$2411,$394,$1107,$2703,$695,$156,$851,$159,$692,$692,$692,$985,$695,$1291,1309,$0.54,$0.53,$5754,$0,$960,$13278,$2238,$2630,$9689,$423,$14980,$28258,$6800,$1518,$72,$2546,$9346,$2,$14651,$464,$18912,$28258,$1262,$571,$385,$956,$0,$0,$0,$-919,$-919,$1299,$-599,$0,$11,$0,$-870,$-870,$-16,$-1474,$0,$0,$0,$-370,$-370,$0,$-64,$-434,$-653,$238,$0
26,2012-03-31,14.52,$14.49,1.0,$9.44,1.54,$4.05,3.58,$2.55,5.69,$13.09B,$6.97B,1.88,$1.52B,$18.71B,0.08,$12.38B,$8.67B,70.00%,$12.38B,$2.46B,19.87%,$12.38B,$2.46B,19.87%,$12.38B,$3.49B,28.18%,$12.38B,$4.03B,32.51%,$12.38B,$3.32B,26.84%,$3.32B,$18.71B,19.26%,$3.32B,$8.95B,44.33%,$3.32B,$28.21B,12.63%,$2.46B,$20.23B,13.10%,$3277,$983,$2294,$374,$1049,$2624,$653,$31,$684,$114,$570,$570,$570,$934,$653,$1288,1308,$0.44,$0.44,$5871,$0,$728,$13089,$2109,$2861,$9756,$392,$15118,$28207,$6965,$1521,$66,$2533,$9498,$2,$13959,$864,$18709,$28207,$570,$281,$245,$526,$0,$0,$0,$-565,$-565,$531,$-242,$0,$-3,$0,$-643,$-643,$-5,$-893,$0,$0,$0,$-155,$-155,$0,$-64,$-219,$-527,$111,$0
27,2011-12-31,11.93,$13.94,0.86,$8.87,1.35,$4.25,2.81,$2.47,4.83,$12.66B,$6.73B,1.88,$1.53B,$17.93B,0.09,$11.65B,$8.19B,70.30%,$11.65B,$2.37B,20.37%,$11.65B,$2.37B,20.37%,$11.65B,$3.31B,28.43%,$11.65B,$3.91B,33.56%,$11.65B,$3.23B,27.71%,$3.23B,$17.93B,19.50%,$3.23B,$8.16B,43.13%,$3.23B,$27.32B,12.91%,$2.37B,$19.46B,13.12%,$3380,$1039,$2341,$344,$1014,$2628,$752,$1683,$2435,$456,$1979,$1979,$1979,$1025,$752,$1293,1313,$1.53,$1.51,$5929,$0,$581,$12661,$1986,$2453,$9771,$449,$14659,$27320,$6734,$1525,$58,$2656,$9390,$2,$13389,$549,$17930,$27320,$3229,$940,$-574,$366,$-292,$0,$29,$12,$-321,$3274,$-963,$0,$-954,$0,$-1281,$-1281,$-109,$-3307,$-199,$250,$51,$-822,$-822,$0,$-67,$-838,$-886,$458,$0
28,2011-09-30,11.6,$12.53,0.93,$8.17,1.42,$4.01,2.89,$1.38,8.41,$9.76B,$6.15B,1.59,$1.53B,$16.17B,0.1,$10.77B,$7.64B,70.99%,$10.77B,$2.21B,20.54%,$10.77B,$2.21B,20.54%,$10.77B,$3.07B,28.51%,$10.77B,$2.06B,19.15%,$10.77B,$1.81B,16.80%,$1.81B,$16.17B,11.37%,$1.81B,$6.37B,23.84%,$1.81B,$24.90B,7.64%,$2.21B,$17.69B,12.70%,$2966,$920,$2046,$319,$959,$2429,$537,$79,$616,$125,$491,$491,$491,$803,$537,$1290,1309,$0.38,$0.37,$4013,$0,$672,$9762,$1859,$3019,$9795,$466,$15138,$24901,$6145,$1528,$56,$2590,$8735,$2,$11410,$673,$16165,$24901,$1250,$667,$901,$1568,$0,$0,$0,$-527,$-527,$2291,$-672,$0,$-3155,$0,$-840,$-840,$-102,$-4769,$-199,$700,$501,$-626,$-626,$0,$-65,$-190,$-2578,$346,$0
29,2011-06-30,12.7,$12.58,1.01,$7.60,1.67,$3.80,3.34,$1.33,9.55,$9.86B,$6.14B,1.61,$1.53B,$16.21B,0.09,$10.05B,$7.21B,71.70%,$10.05B,$2.17B,21.54%,$10.05B,$2.17B,21.54%,$10.05B,$2.95B,29.37%,$10.05B,$1.96B,19.53%,$10.05B,$1.75B,17.41%,$1.75B,$16.21B,11.20%,$1.75B,$6.50B,21.66%,$1.75B,$24.83B,7.80%,$2.17B,$17.74B,12.92%,$2760,$773,$1987,$297,$1000,$2241,$519,$-228,$291,$8,$283,$283,$283,$727,$519,$1297,1315,$0.22,$0.22,$4397,$0,$493,$9861,$1727,$3078,$9708,$460,$14973,$24834,$6143,$1530,$56,$2481,$8624,$2,$10919,$1291,$16210,$24834,$759,$401,$702,$1103,$0,$0,$0,$-380,$-380,$1482,$-388,$0,$-2847,$0,$-468,$-468,$-102,$-3805,$0,$514,$514,$-625,$-625,$0,$-55,$-166,$-2311,$238,$0
30,2011-03-31,12.21,$12.29,0.99,$7.17,1.7,$3.56,3.43,$1.42,8.6,$11.52B,$4.76B,2.42,$1.49B,$15.94B,0.09,$9.51B,$6.82B,71.74%,$9.51B,$2.13B,22.42%,$9.51B,$2.13B,22.42%,$9.51B,$2.90B,30.48%,$9.51B,$2.17B,22.84%,$9.51B,$1.88B,19.77%,$1.88B,$15.94B,12.43%,$1.88B,$8.92B,22.47%,$1.88B,$23.01B,8.98%,$2.13B,$17.44B,13.44%,$2546,$729,$1817,$275,$826,$1981,$565,$3,$568,$92,$476,$476,$476,$758,$565,$1297,1320,$0.37,$0.36,$6765,$0,$604,$11515,$1548,$2715,$7027,$199,$11490,$23005,$4764,$1494,$50,$2297,$7060,$2,$10636,$1139,$15944,$23005,$476,$193,$226,$419,$0,$0,$0,$-195,$-195,$700,$-149,$0,$-191,$0,$-258,$-258,$1,$-597,$0,$0,$0,$-284,$-284,$0,$-55,$-339,$-113,$119,$0
31,2010-12-31,10.95,$11.79,0.93,$6.90,1.59,$3.34,3.28,$1.36,8.05,$11.07B,$4.52B,2.45,$1.49B,$15.30B,0.1,$9.16B,$6.59B,72.00%,$9.16B,$2.06B,22.45%,$9.16B,$2.06B,22.45%,$9.16B,$2.82B,30.76%,$9.16B,$2.10B,22.92%,$9.16B,$1.80B,19.67%,$1.80B,$15.30B,12.29%,$1.80B,$8.57B,22.64%,$1.80B,$22.00B,9.07%,$2.06B,$16.80B,13.67%,$2495,$702,$1793,$246,$839,$1904,$591,$-4,$587,$28,$559,$559,$559,$782,$591,$1306,1327,$0.43,$0.42,$6623,$0,$481,$11065,$1523,$2492,$6734,$189,$10938,$22004,$4517,$1494,$45,$2185,$6702,$2,$10160,$751,$15302,$22004,$1801,$762,$1080,$1842,$-112,$0,$-9,$-181,$-897,$2746,$-724,$0,$-91,$0,$-1588,$-1588,$119,$-2284,$1489,$300,$1789,$-475,$-475,$0,$-79,$1235,$1577,$381,$0
32,2010-09-30,9.6,$11.53,0.83,$6.83,1.4,$3.61,2.66,$1.96,4.9,$9.46B,$3.81B,2.48,$0.00B,$15.03B,0.0,$9.03B,$6.50B,71.96%,$9.03B,$1.64B,18.19%,$9.03B,$1.64B,18.19%,$9.03B,$2.41B,26.73%,$9.03B,$3.10B,34.37%,$9.03B,$2.60B,28.76%,$2.60B,$15.03B,18.19%,$2.60B,$8.33B,34.47%,$2.60B,$19.95B,13.71%,$1.64B,$15.03B,11.51%,$2249,$640,$1609,$227,$745,$1759,$490,$27,$517,$85,$432,$432,$432,$685,$490,$1309,1328,$0.33,$0.33,$5363,$0,$464,$9455,$1466,$2101,$6708,$218,$10494,$19948,$3809,$0,$50,$1105,$4914,$2,$9601,$858,$15034,$19948,$1242,$570,$584,$1154,$0,$0,$0,$-504,$-504,$1892,$-526,$0,$-7,$0,$-977,$-977,$120,$-1391,$0,$0,$0,$-179,$-179,$0,$-80,$-259,$181,$288,$0
33,2010-06-30,7.71,$10.80,0.71,$6.85,1.13,$3.91,1.97,$1.90,4.06,$8.68B,$3.56B,2.43,$0.00B,$14.17B,0.0,$9.02B,$6.48B,71.88%,$9.02B,$1.60B,17.69%,$9.02B,$1.60B,17.69%,$9.02B,$2.39B,26.46%,$9.02B,$3.03B,33.54%,$9.02B,$2.52B,27.88%,$2.52B,$14.17B,18.35%,$2.52B,$7.64B,39.25%,$2.52B,$18.75B,13.74%,$1.60B,$14.17B,11.64%,$2215,$615,$1600,$225,$740,$1731,$485,$15,$499,$87,$412,$412,$412,$672,$485,$1310,1330,$0.31,$0.31,$4898,$0,$484,$8675,$1429,$1828,$6532,$283,$10072,$18748,$3564,$0,$47,$1014,$4578,$2,$9169,$161,$14169,$18748,$810,$376,$392,$768,$0,$0,$0,$-433,$-433,$1145,$-359,$0,$-7,$0,$-589,$-589,$120,$-836,$0,$0,$0,$100,$100,$0,$-49,$50,$38,$194,$0
34,2010-03-31,10.61,$10.81,0.98,$6.79,1.56,$4.23,2.51,$1.84,5.77,$8.28B,$3.59B,2.31,$0.00B,$14.13B,0.0,$8.90B,$6.39B,71.77%,$8.90B,$1.52B,17.11%,$8.90B,$1.52B,17.11%,$8.90B,$2.32B,26.10%,$8.90B,$2.93B,32.94%,$8.90B,$2.43B,27.29%,$2.43B,$14.13B,18.48%,$2.43B,$7.29B,45.92%,$2.43B,$18.69B,13.69%,$1.52B,$14.13B,11.58%,$2196,$607,$1590,$210,$723,$1707,$489,$6,$495,$97,$398,$398,$398,$677,$489,$1301,1326,$0.31,$0.30,$4528,$0,$446,$8277,$1347,$1978,$6833,$255,$10413,$18690,$3587,$0,$50,$978,$4565,$1,$8757,$675,$14125,$18690,$398,$188,$208,$396,$0,$0,$0,$-376,$-376,$418,$-152,$0,$0,$0,$-669,$-669,$121,$-701,$0,$0,$0,$42,$42,$0,$-50,$-7,$-407,$102,$0
35,2009-12-31,9.26,$10.62,0.87,$6.71,1.38,$4.48,2.07,$1.82,5.09,$8.46B,$3.64B,2.32,$0.00B,$13.79B,0.0,$8.73B,$6.25B,71.57%,$8.73B,$1.46B,16.69%,$8.73B,$1.46B,16.69%,$8.73B,$2.27B,25.97%,$8.73B,$2.88B,32.99%,$8.73B,$2.39B,27.37%,$2.39B,$13.79B,19.28%,$2.39B,$6.88B,54.46%,$2.39B,$18.41B,14.17%,$1.46B,$13.79B,11.76%,$2371,$671,$1700,$198,$1147,$2192,$179,$1413,$1593,$238,$1355,$1355,$1355,$380,$179,$1290,1305,$1.05,$1.03,$4944,$0,$328,$8460,$1314,$1382,$6911,$341,$9948,$18408,$3642,$0,$50,$979,$4621,$1,$8359,$818,$13788,$18408,$2389,$811,$-513,$298,$-97,$0,$-27,$152,$221,$2908,$-567,$0,$571,$0,$-1160,$-1160,$6,$-1149,$0,$-1000,$-1000,$103,$103,$0,$-48,$-946,$811,$395,$0
36,2009-09-30,9.28,$9.86,0.94,$6.44,1.44,$4.45,2.09,$1.09,8.52,$6.47B,$3.65B,1.78,$0.00B,$12.75B,0.0,$8.39B,$6.00B,71.52%,$8.39B,$1.73B,20.62%,$8.39B,$1.73B,20.62%,$8.39B,$2.54B,30.29%,$8.39B,$1.76B,20.96%,$8.39B,$1.40B,16.69%,$1.40B,$12.75B,11.96%,$1.40B,$3.83B,40.05%,$1.40B,$17.36B,8.67%,$1.73B,$12.75B,14.77%,$2238,$644,$1594,$205,$764,$1795,$443,$-5,$438,$89,$350,$350,$350,$658,$443,$1294,1311,$0.27,$0.27,$3159,$0,$389,$6474,$1294,$479,$8926,$184,$10883,$17356,$3647,$0,$51,$959,$4605,$1,$7004,$1253,$12751,$17356,$1034,$610,$573,$1184,$0,$0,$0,$-80,$-80,$2137,$-394,$0,$-1209,$0,$-434,$-434,$6,$-2032,$-800,$0,$-800,$52,$52,$0,$-34,$-782,$-631,$303,$0
37,2009-06-30,6.74,$9.24,0.73,$6.37,1.06,$4.50,1.5,$1.20,5.62,$6.25B,$3.73B,1.68,$0.00B,$11.92B,0.0,$8.27B,$5.97B,72.11%,$8.27B,$1.81B,21.90%,$8.27B,$1.81B,21.90%,$8.27B,$2.59B,31.27%,$8.27B,$1.88B,22.77%,$8.27B,$1.54B,18.65%,$1.54B,$11.92B,13.77%,$1.54B,$3.17B,43.40%,$1.54B,$16.57B,10.03%,$1.81B,$11.92B,16.17%,$2098,$592,$1506,$198,$722,$1686,$412,$-5,$407,$80,$327,$327,$327,$609,$412,$1289,1300,$0.25,$0.25,$3015,$0,$400,$6250,$1255,$120,$8750,$192,$10316,$16566,$3730,$0,$55,$914,$4645,$1,$6654,$865,$11922,$16566,$684,$395,$384,$779,$0,$0,$0,$-64,$-64,$1399,$-219,$0,$-1209,$0,$-15,$-15,$15,$-1428,$-600,$0,$-600,$36,$36,$0,$-19,$-584,$-615,$210,$0
38,2009-03-31,4.94,$8.64,0.57,$6.41,0.77,$4.54,1.09,$1.30,3.8,$6.16B,$3.16B,1.95,$0.00B,$11.12B,0.0,$8.37B,$6.09B,72.80%,$8.37B,$1.95B,23.23%,$8.37B,$1.95B,23.23%,$8.37B,$2.70B,32.22%,$8.37B,$2.05B,24.43%,$8.37B,$1.68B,20.02%,$1.68B,$11.12B,15.14%,$1.68B,$3.68B,43.69%,$1.68B,$15.13B,11.18%,$1.95B,$11.12B,17.58%,$2021,$573,$1447,$202,$672,$1598,$423,$18,$441,$84,$357,$357,$357,$620,$423,$1284,1288,$0.28,$0.28,$3237,$0,$439,$6161,$1197,$89,$7441,$239,$8967,$15128,$3160,$0,$48,$852,$4012,$1,$6327,$519,$11116,$15128,$357,$197,$195,$392,$0,$0,$0,$-81,$-81,$669,$-91,$0,$0,$0,$39,$39,$0,$-52,$-600,$0,$-600,$3,$3,$0,$-17,$-615,$-132,$114,$0
39,2008-12-31,5.49,$8.65,0.64,$6.47,0.85,$4.56,1.21,$1.36,4.04,$6.29B,$3.71B,1.7,$0.00B,$11.08B,0.0,$8.54B,$6.31B,73.92%,$8.54B,$2.08B,24.29%,$8.54B,$2.08B,24.29%,$8.54B,$2.80B,32.73%,$8.54B,$2.18B,25.57%,$8.54B,$1.78B,20.83%,$1.78B,$11.08B,15.99%,$1.78B,$3.32B,44.83%,$1.78B,$15.59B,11.88%,$2.08B,$11.08B,18.65%,$2036,$580,$1456,$171,$623,$1582,$453,$20,$473,$106,$367,$367,$367,$655,$453,$1303,1313,$0.30,$0.29,$3353,$0,$461,$6287,$1199,$106,$7762,$239,$9306,$15592,$3705,$0,$50,$803,$4509,$1,$5970,$903,$11084,$15592,$1779,$720,$489,$1209,$-67,$0,$15,$-73,$-107,$2882,$-566,$0,$-1360,$0,$28,$28,$-159,$-2057,$0,$366,$366,$-2025,$-2025,$0,$-15,$-1674,$-1032,$353,$0
40,2008-09-30,8.8,$8.38,1.05,$6.50,1.35,$4.38,2.01,$1.46,6.03,$6.01B,$2.86B,2.11,$0.00B,$10.69B,0.0,$8.69B,$6.53B,75.20%,$8.69B,$2.25B,25.88%,$8.69B,$2.25B,25.88%,$8.69B,$2.93B,33.69%,$8.69B,$2.38B,27.42%,$8.69B,$1.94B,22.37%,$1.94B,$10.69B,17.22%,$1.94B,$4.05B,44.66%,$1.94B,$14.24B,13.02%,$2.25B,$10.69B,19.92%,$2118,$561,$1557,$191,$701,$1593,$524,$39,$563,$70,$492,$492,$492,$703,$524,$1289,1297,$0.38,$0.38,$3644,$0,$372,$6008,$1215,$134,$6640,$243,$8232,$14240,$2855,$0,$52,$692,$3546,$1,$5603,$1081,$10694,$14240,$1412,$518,$530,$1048,$0,$0,$0,$-263,$-263,$2198,$-407,$0,$-159,$0,$-66,$-66,$-51,$-683,$-200,$0,$-200,$-2062,$-2062,$0,$-14,$-2276,$-878,$269,$0
41,2008-06-30,10.75,$8.75,1.23,$6.27,1.72,$4.13,2.61,$0.39,27.57,$6.52B,$3.01B,2.17,$0.00B,$11.37B,0.0,$8.46B,$6.42B,75.89%,$8.46B,$0.79B,9.29%,$8.46B,$0.79B,9.29%,$8.46B,$2.83B,33.45%,$8.46B,$0.92B,10.84%,$8.46B,$0.52B,6.09%,$0.52B,$11.37B,4.55%,$0.52B,$4.30B,11.84%,$0.52B,$15.02B,3.42%,$0.79B,$11.37B,6.94%,$2196,$562,$1634,$187,$760,$1650,$545,$23,$568,$108,$460,$460,$460,$719,$545,$1312,1325,$0.35,$0.35,$4051,$0,$305,$6520,$1125,$130,$7077,$169,$8501,$15022,$3006,$0,$53,$643,$3650,$1,$5111,$1730,$11372,$15022,$920,$339,$352,$691,$0,$0,$0,$-107,$-107,$1505,$-256,$0,$-159,$0,$9,$9,$-51,$-458,$0,$-200,$-200,$-1456,$-1456,$0,$-10,$-1666,$-525,$179,$0
42,2008-03-31,11.74,$8.64,1.36,$5.94,1.98,$3.92,3.0,$0.31,37.87,$6.46B,$3.08B,2.1,$0.00B,$11.36B,0.0,$8.10B,$6.20B,76.62%,$8.10B,$0.70B,8.62%,$8.10B,$0.70B,8.62%,$8.10B,$2.71B,33.52%,$8.10B,$0.84B,10.34%,$8.10B,$0.43B,5.32%,$0.43B,$11.36B,3.79%,$0.43B,$4.20B,10.12%,$0.43B,$15.05B,2.89%,$0.70B,$11.36B,6.14%,$2192,$525,$1667,$177,$796,$1639,$553,$27,$580,$120,$460,$460,$460,$719,$553,$1334,1344,$0.34,$0.34,$3988,$0,$242,$6458,$1136,$120,$7160,$172,$8588,$15046,$3080,$0,$53,$605,$3685,$1,$4650,$1791,$11361,$15046,$460,$166,$174,$340,$0,$0,$0,$-33,$-33,$766,$-135,$0,$-149,$0,$-5,$-5,$-45,$-334,$-200,$0,$-200,$-973,$-973,$0,$-10,$-1183,$-656,$87,$0
43,2007-12-31,13.06,$8.67,1.51,$5.59,2.34,$3.79,3.44,$0.24,54.41,$7.12B,$3.10B,2.3,$0.00B,$11.71B,0.0,$7.67B,$5.91B,77.03%,$7.67B,$0.61B,7.99%,$7.67B,$0.61B,7.99%,$7.67B,$2.61B,33.97%,$7.67B,$0.75B,9.78%,$7.67B,$0.35B,4.54%,$0.35B,$11.71B,3.07%,$0.35B,$4.85B,8.42%,$0.35B,$15.37B,2.38%,$0.61B,$11.71B,5.41%,$2181,$506,$1675,$169,$532,$1554,$626,$45,$671,$141,$531,$531,$531,$786,$626,$1359,1376,$0.39,$0.40,$4897,$0,$231,$7123,$1120,$138,$6853,$132,$8244,$15366,$3100,$0,$51,$562,$3661,$1,$4191,$1701,$11705,$15366,$348,$1993,$388,$2380,$-186,$0,$37,$-157,$-87,$2641,$-454,$0,$-864,$0,$618,$618,$6,$-693,$0,$200,$200,$-978,$-978,$0,$85,$-694,$1558,$302,$0
44,2007-09-30,15.35,$8.04,1.91,$5.21,2.95,$3.42,4.49,$0.10,153.51,$6.36B,$3.27B,1.94,$0.00B,$10.87B,0.0,$7.21B,$5.60B,77.65%,$7.21B,$0.44B,6.06%,$7.21B,$0.44B,6.06%,$7.21B,$2.41B,33.48%,$7.21B,$0.56B,7.81%,$7.21B,$0.16B,2.26%,$0.16B,$10.87B,1.46%,$0.16B,$4.05B,4.24%,$0.16B,$14.79B,1.15%,$0.44B,$10.87B,3.93%,$1889,$447,$1443,$165,$773,$2827,$-938,$36,$-902,$34,$-936,$-936,$-936,$605,$-938,$1355,1355,$-0.69,$-0.69,$3989,$0,$1396,$6362,$1060,$455,$6823,$87,$8425,$14787,$3273,$0,$49,$641,$3914,$1,$3660,$1331,$10873,$14787,$-183,$1833,$375,$2208,$-86,$0,$13,$-232,$-176,$1849,$-326,$0,$-320,$0,$579,$579,$6,$-62,$0,$0,$0,$-806,$-806,$0,$69,$-736,$1250,$232,$0
45,2007-06-30,12.66,$8.43,1.5,$4.83,2.62,$3.14,4.03,$0.99,12.79,$5.48B,$2.33B,2.35,$0.00B,$11.54B,0.0,$6.77B,$5.29B,78.05%,$6.77B,$1.71B,25.31%,$6.77B,$1.71B,25.31%,$6.77B,$2.28B,33.72%,$6.77B,$1.85B,27.25%,$6.77B,$1.38B,20.38%,$1.38B,$11.54B,12.33%,$1.38B,$3.94B,36.10%,$1.38B,$14.36B,9.99%,$1.71B,$11.54B,15.32%,$1834,$417,$1418,$148,$761,$1378,$457,$31,$488,$112,$376,$376,$376,$604,$457,$1361,1379,$0.28,$0.27,$3618,$0,$981,$5480,$1033,$176,$7599,$73,$8881,$14361,$2329,$0,$45,$493,$2822,$1,$4595,$860,$11540,$14361,$753,$290,$239,$529,$-33,$0,$9,$-46,$-63,$1219,$-207,$0,$-320,$0,$465,$465,$2,$-60,$0,$0,$0,$-490,$-490,$0,$30,$-461,$756,$152,$0
46,2007-03-31,13.04,$8.23,1.59,$4.48,2.91,$2.97,4.38,$0.89,14.65,$5.10B,$2.25B,2.27,$0.00B,$11.22B,0.0,$6.35B,$4.98B,78.47%,$6.35B,$1.57B,24.70%,$6.35B,$1.57B,24.70%,$6.35B,$2.13B,33.60%,$6.35B,$1.69B,26.67%,$6.35B,$1.25B,19.75%,$1.25B,$11.22B,11.27%,$1.25B,$3.70B,32.33%,$1.25B,$13.92B,9.27%,$1.57B,$11.22B,14.09%,$1768,$394,$1374,$138,$722,$1300,$468,$25,$493,$116,$377,$377,$377,$611,$468,$1367,1384,$0.28,$0.27,$3299,$0,$995,$5100,$1036,$221,$7521,$43,$8820,$13920,$2251,$0,$43,$453,$2704,$1,$4219,$764,$11216,$13920,$377,$143,$100,$243,$-13,$0,$8,$-25,$-56,$564,$-85,$0,$-259,$0,$280,$280,$1,$-63,$0,$0,$0,$-239,$-239,$0,$14,$-225,$304,$72,$0
47,2006-12-31,11.83,$7.97,1.48,$4.17,2.84,$2.94,4.02,$0.79,14.97,$4.97B,$2.52B,1.97,$0.00B,$10.91B,0.0,$5.97B,$4.71B,78.96%,$5.97B,$1.42B,23.84%,$5.97B,$1.42B,23.84%,$5.97B,$1.97B,32.96%,$5.97B,$1.55B,25.93%,$5.97B,$1.13B,18.84%,$1.13B,$10.91B,10.25%,$1.13B,$3.68B,29.10%,$1.13B,$13.49B,8.53%,$1.42B,$10.91B,12.96%,$1720,$356,$1364,$131,$470,$1270,$450,$34,$484,$137,$346,$346,$346,$594,$450,$1399,1425,$0.24,$0.25,$3218,$0,$960,$4971,$998,$278,$7227,$20,$8523,$13494,$2518,$0,$39,$71,$2589,$1,$3842,$696,$10905,$13494,$1126,$545,$412,$957,$-745,$0,$33,$47,$165,$2248,$-515,$0,$-46,$0,$797,$797,$-7,$229,$0,$0,$0,$-1353,$-1353,$0,$92,$-1261,$1349,$317,$0
