,Date,Stock Price,Book Value per Share,Price to Book Ratio,TTM Sales per Share,Price to Sales Ratio,TTM FCF per Share,Price to FCF Ratio,TTM Net EPS,PE Ratio,Current Assets,Current Liabilities,Current Ratio,Long Term Debt,Shareholder's Equity_x,Debt to Equity Ratio,TTM Revenue_x,TTM Gross Profit,Gross Margin,TTM Revenue_y,TTM Operating Income,Operating Margin,TTM Revenue_x,TTM EBIT,EBIT Margin,TTM Revenue_y,TTM EBITDA,EBITDA Margin,TTM Revenue_x,TTM Pre-Tax Income,Pre-Tax Margin,TTM Revenue_y,TTM Net Income_x,Net Margin,TTM Net Income_y,Shareholder's Equity_y,Return on Equity,TTM Net Income_x,Tangible Equity,Return on Tangible Equity,TTM Net Income_y,Total Assets,Return on Assets,TTM Net Income,LT Investments & Debt,Return on Investment,revenue,cost-goods-sold,gross-profit,research-development-expenses,selling-general-administrative-expenses,operating-expenses,operating-income,total-non-operating-income-expense,pre-tax-income,total-provision-income-taxes,income-after-taxes,income-from-continuous-operations,net-income,ebitda,ebit,basic-shares-outstanding,shares-outstanding,eps-basic-net-earnings-per-share,eps-earnings-per-share-diluted,cash-on-hand,inventory,other-current-assets,total-current-assets,net-property-plant-equipment,long-term-investments,goodwill-intangible-assets-total,other-long-term-assets,total-long-term-assets,total-assets,total-current-liabilities,long-term-debt,other-non-current-liabilities,total-long-term-liabilities,total-liabilities,common-stock-net,retained-earnings-accumulated-deficit,comprehensive-income,total-share-holder-equity,total-liabilities-share-holders-equity,net-income-loss,total-depreciation-amortization-cash-flow,other-non-cash-items,total-non-cash-items,change-in-accounts-receivable,change-in-inventories,change-in-accounts-payable,change-in-assets-liabilities,total-change-in-assets-liabilities,cash-flow-from-operating-activities,net-change-in-property-plant-equipment,net-change-in-intangible-assets,net-acquisitions-divestitures,net-change-in-short-term-investments,net-change-in-long-term-investments,net-change-in-investments-total,investing-activities-other,cash-flow-from-investing-activities,net-long-term-debt,net-current-debt,debt-issuance-retirement-net-total,net-common-equity-issued-repurchased,net-total-equity-issued-repurchased,total-common-preferred-stock-dividends-paid,financial-activities-other,cash-flow-from-financial-activities,net-cash-flow,stock-based-compensation,common-stock-dividends-paid
0,2018-08-31,21.8,$10.95,1.99,$14.63,1.49,$4.20,5.19,$1.39,15.68,$0.16B,$0.03B,4.99,$0.03B,$0.29B,0.11,$0.37B,$0.12B,31.10%,$0.37B,$0.05B,12.33%,$0.37B,$0.05B,12.33%,$0.37B,$0.06B,16.35%,$0.37B,$0.05B,12.33%,$0.37B,$0.04B,9.38%,$0.04B,$0.29B,13.04%,$0.04B,$0.14B,24.78%,$0.04B,$0.36B,10.34%,$0.05B,$0.32B,15.41%,$99,$68,$30,$0,$18,$86,$13,$-0,$13,$3,$10,$10,$10,$17,$13,$26,26,$0.37,$0.37,$79,$35,$0,$160,$56,$0,$146,$0,$203,$362,$32,$30,$2,$44,$76,$75,$172,$-16,$286,$362,$19,$7,$1,$8,$-2,$-3,$0,$4,$-3,$24,$-3,$0,$-27,$0,$0,$0,$0,$-30,$0,$0,$0,$-1,$-1,$-11,$0,$-11,$-17,$1,$-11
1,2018-05-31,18.06,$10.52,1.72,$14.54,1.24,$4.05,4.46,$1.36,13.28,$0.17B,$0.03B,5.92,$0.03B,$0.27B,0.11,$0.37B,$0.12B,31.71%,$0.37B,$0.05B,12.74%,$0.37B,$0.05B,12.74%,$0.37B,$0.06B,16.53%,$0.37B,$0.05B,12.74%,$0.37B,$0.03B,9.21%,$0.03B,$0.27B,13.03%,$0.03B,$0.15B,24.37%,$0.03B,$0.33B,10.32%,$0.05B,$0.30B,16.15%,$93,$63,$30,$0,$18,$81,$12,$-0,$12,$3,$9,$9,$9,$16,$12,$25,25,$0.37,$0.36,$96,$31,$0,$165,$46,$0,$120,$0,$167,$332,$28,$30,$2,$39,$67,$75,$168,$-16,$266,$332,$9,$3,$0,$4,$0,$-4,$0,$4,$-1,$12,$-1,$0,$-5,$0,$0,$0,$0,$-6,$0,$0,$0,$-1,$-1,$-5,$0,$-6,$0,$0,$-5
2,2018-02-28,19.1,$10.36,1.84,$14.57,1.31,$4.08,4.68,$1.31,14.58,$0.16B,$0.03B,5.52,$0.03B,$0.26B,0.12,$0.37B,$0.12B,31.54%,$0.37B,$0.05B,12.94%,$0.37B,$0.05B,12.94%,$0.37B,$0.06B,16.44%,$0.37B,$0.05B,12.67%,$0.37B,$0.03B,8.89%,$0.03B,$0.26B,12.82%,$0.03B,$0.14B,24.35%,$0.03B,$0.33B,10.08%,$0.05B,$0.29B,16.70%,$87,$61,$26,$0,$18,$79,$8,$0,$8,$-0,$8,$8,$8,$11,$8,$25,25,$0.32,$0.32,$96,$26,$0,$163,$46,$0,$120,$0,$166,$329,$30,$30,$1,$38,$68,$75,$164,$-16,$262,$329,$33,$14,$1,$16,$-0,$2,$0,$-4,$-3,$45,$-3,$0,$-1,$0,$0,$0,$0,$-4,$0,$0,$0,$-3,$-3,$-22,$0,$-26,$16,$1,$-22
3,2017-11-30,20.42,$10.24,1.99,$14.51,1.41,$4.60,4.44,$1.22,16.74,$0.16B,$0.03B,6.02,$0.03B,$0.26B,0.12,$0.37B,$0.12B,31.27%,$0.37B,$0.05B,13.48%,$0.37B,$0.05B,13.48%,$0.37B,$0.06B,16.98%,$0.37B,$0.05B,13.21%,$0.37B,$0.03B,8.36%,$0.03B,$0.26B,12.17%,$0.03B,$0.14B,23.53%,$0.03B,$0.33B,9.50%,$0.05B,$0.29B,17.56%,$94,$64,$30,$0,$17,$80,$13,$-0,$13,$5,$8,$8,$8,$17,$13,$25,25,$0.33,$0.33,$93,$28,$1,$163,$46,$0,$121,$0,$168,$331,$27,$30,$2,$44,$71,$75,$161,$-15,$260,$331,$25,$11,$1,$11,$-1,$0,$0,$2,$-2,$34,$-2,$0,$-1,$0,$0,$0,$0,$-3,$0,$0,$0,$-3,$-3,$-15,$0,$-18,$12,$1,$-15
4,2017-08-31,18.26,$10.13,1.8,$14.27,1.28,$4.95,3.69,$1.11,16.45,$0.16B,$0.03B,5.89,$0.03B,$0.26B,0.12,$0.37B,$0.11B,30.33%,$0.37B,$0.05B,12.57%,$0.37B,$0.05B,12.57%,$0.37B,$0.06B,15.85%,$0.37B,$0.05B,12.30%,$0.37B,$0.03B,7.92%,$0.03B,$0.26B,11.52%,$0.03B,$0.13B,22.18%,$0.03B,$0.33B,8.97%,$0.05B,$0.29B,16.33%,$95,$64,$31,$0,$17,$81,$14,$-0,$14,$5,$9,$9,$9,$17,$14,$25,25,$0.34,$0.34,$84,$29,$1,$155,$48,$0,$123,$0,$171,$326,$26,$30,$2,$44,$70,$75,$157,$-15,$256,$326,$16,$7,$0,$8,$-1,$-1,$0,$1,$-5,$19,$-2,$0,$-1,$0,$0,$0,$0,$-3,$0,$0,$0,$-3,$-3,$-10,$0,$-13,$3,$1,$-10
5,2017-05-31,15.19,$9.97,1.52,$14.05,1.08,$5.35,2.84,$1.03,14.74,$0.15B,$0.03B,5.18,$0.03B,$0.25B,0.12,$0.36B,$0.11B,29.56%,$0.36B,$0.04B,11.88%,$0.36B,$0.04B,11.88%,$0.36B,$0.06B,15.19%,$0.36B,$0.04B,11.60%,$0.36B,$0.03B,7.46%,$0.03B,$0.25B,10.77%,$0.03B,$0.13B,20.49%,$0.03B,$0.32B,8.37%,$0.04B,$0.28B,15.32%,$95,$65,$30,$0,$17,$82,$13,$-0,$12,$5,$8,$8,$8,$16,$13,$25,25,$0.31,$0.31,$84,$29,$1,$152,$49,$0,$123,$0,$172,$324,$29,$30,$1,$43,$72,$75,$154,$-15,$252,$324,$8,$4,$0,$4,$1,$-1,$0,$1,$1,$12,$-1,$0,$0,$0,$0,$0,$0,$-1,$0,$0,$0,$-3,$-3,$-4,$0,$-8,$4,$0,$-4
6,2017-02-28,15.3,$9.91,1.54,$13.84,1.11,$5.46,2.8,$0.07,218.53,$0.15B,$0.03B,4.98,$0.03B,$0.25B,0.12,$0.36B,$0.10B,29.13%,$0.36B,$0.04B,11.48%,$0.36B,$0.04B,11.48%,$0.36B,$0.05B,14.85%,$0.36B,$0.04B,11.48%,$0.36B,$0.00B,0.56%,$0.00B,$0.25B,0.77%,$0.00B,$0.13B,1.40%,$0.00B,$0.32B,0.60%,$0.04B,$0.28B,14.07%,$87,$62,$25,$0,$15,$77,$10,$-0,$10,$2,$7,$7,$6,$13,$10,$26,26,$0.24,$0.24,$80,$28,$1,$149,$50,$0,$125,$1,$175,$324,$30,$30,$1,$43,$73,$75,$151,$-15,$251,$324,$2,$13,$43,$56,$3,$1,$0,$-3,$1,$59,$-2,$0,$89,$0,$0,$0,$-0,$86,$-10,$0,$-10,$-6,$-6,$-57,$0,$-72,$73,$1,$-57
7,2016-11-30,14.96,$9.75,1.53,$15.45,0.97,$6.50,2.3,$0.02,747.82,$0.16B,$0.03B,6.36,$0.03B,$0.25B,0.12,$0.40B,$0.11B,28.39%,$0.40B,$0.04B,9.55%,$0.40B,$0.04B,9.55%,$0.40B,$0.05B,12.56%,$0.40B,$0.04B,9.80%,$0.40B,$0.00B,0.25%,$0.00B,$0.25B,0.37%,$0.00B,$0.13B,0.64%,$0.00B,$0.32B,0.29%,$0.04B,$0.28B,12.42%,$89,$63,$25,$0,$16,$79,$9,$-0,$9,$3,$6,$6,$6,$12,$9,$26,26,$0.22,$0.22,$88,$27,$0,$158,$47,$0,$114,$0,$161,$319,$25,$30,$1,$46,$71,$75,$149,$-17,$248,$319,$-4,$9,$39,$48,$1,$1,$0,$-0,$-1,$43,$-1,$0,$106,$0,$0,$0,$-0,$105,$-10,$0,$-10,$-5,$-5,$-53,$0,$-68,$80,$1,$-53
8,2016-08-31,15.19,$9.77,1.55,$15.79,0.96,$7.83,1.94,$0.21,72.32,$0.16B,$0.03B,6.03,$0.03B,$0.25B,0.12,$0.41B,$0.12B,28.99%,$0.41B,$0.04B,10.57%,$0.41B,$0.04B,10.57%,$0.41B,$0.06B,13.51%,$0.41B,$0.04B,10.81%,$0.41B,$0.01B,1.47%,$0.01B,$0.25B,2.10%,$0.01B,$0.14B,3.65%,$0.01B,$0.32B,1.61%,$0.04B,$0.28B,13.32%,$91,$64,$27,$0,$16,$80,$11,$-0,$11,$4,$7,$7,$7,$14,$11,$26,26,$0.26,$0.26,$85,$28,$0,$161,$48,$0,$115,$0,$164,$324,$27,$30,$1,$46,$72,$75,$148,$-17,$252,$324,$-10,$6,$38,$44,$-0,$-0,$0,$-3,$-5,$29,$-1,$0,$106,$0,$0,$0,$-0,$105,$-10,$0,$-10,$1,$1,$-48,$0,$-57,$77,$1,$-48
9,2016-05-31,15.29,$11.21,1.36,$16.18,0.94,$8.99,1.7,$0.38,40.23,$0.20B,$0.03B,7.9,$0.04B,$0.29B,0.12,$0.42B,$0.12B,29.33%,$0.42B,$0.05B,11.30%,$0.42B,$0.05B,11.30%,$0.42B,$0.06B,14.18%,$0.42B,$0.05B,11.54%,$0.42B,$0.01B,2.40%,$0.01B,$0.29B,3.38%,$0.01B,$0.18B,5.93%,$0.01B,$0.37B,2.53%,$0.05B,$0.33B,13.77%,$90,$64,$27,$0,$16,$80,$11,$-0,$11,$4,$7,$7,$-17,$14,$11,$26,26,$-0.65,$-0.65,$122,$28,$0,$199,$50,$0,$116,$0,$166,$366,$25,$35,$1,$50,$75,$75,$185,$-17,$290,$366,$-17,$3,$38,$41,$1,$0,$0,$-7,$-9,$15,$-0,$0,$107,$0,$0,$0,$-0,$106,$-5,$0,$-5,$3,$3,$-5,$0,$-7,$114,$0,$-5
10,2016-02-29,16.38,$11.65,1.41,$16.46,1.0,$9.55,1.72,$1.39,11.79,$0.18B,$0.04B,4.35,$0.04B,$0.30B,0.13,$0.42B,$0.13B,29.55%,$0.42B,$0.05B,11.82%,$0.42B,$0.05B,11.82%,$0.42B,$0.06B,14.66%,$0.42B,$0.05B,12.06%,$0.42B,$0.04B,8.51%,$0.04B,$0.30B,12.19%,$0.04B,$0.18B,22.15%,$0.04B,$0.39B,8.70%,$0.05B,$0.34B,14.13%,$128,$94,$34,$0,$23,$121,$7,$1,$8,$3,$5,$5,$5,$10,$7,$26,26,$0.19,$0.19,$8,$28,$0,$176,$51,$0,$117,$0,$214,$390,$40,$40,$1,$51,$91,$75,$206,$-27,$299,$390,$36,$12,$34,$47,$4,$0,$0,$1,$4,$87,$-3,$0,$-0,$0,$0,$0,$-1,$-4,$-59,$0,$-59,$0,$0,$-18,$-8,$-85,$-5,$1,$-18
11,2015-11-30,16.44,$11.71,1.4,$9.18,1.79,$8.73,1.88,$1.54,10.68,$0.18B,$0.04B,4.47,$0.05B,$0.30B,0.15,$0.24B,$0.10B,40.85%,$0.24B,$0.15B,62.98%,$0.24B,$0.15B,62.98%,$0.24B,$0.16B,66.38%,$0.24B,$0.15B,63.83%,$0.24B,$0.04B,17.02%,$0.04B,$0.30B,13.71%,$0.04B,$0.16B,26.14%,$0.04B,$0.41B,9.31%,$0.15B,$0.35B,40.35%,$98,$68,$30,$0,$16,$84,$14,$-0,$14,$5,$9,$9,$11,$17,$14,$26,26,$0.42,$0.41,$14,$99,$0,$181,$86,$0,$137,$3,$226,$407,$40,$45,$2,$67,$107,$75,$206,$-25,$300,$407,$31,$9,$35,$44,$5,$1,$0,$3,$4,$79,$-3,$0,$-0,$0,$0,$0,$-1,$-4,$-54,$0,$-54,$0,$0,$-14,$-7,$-75,$-2,$1,$-14
12,2015-08-31,13.31,$11.45,1.16,$11.09,1.2,$7.54,1.76,$-1.63,0.0,$0.19B,$0.05B,4.33,$0.06B,$0.29B,0.22,$0.28B,$0.10B,36.27%,$0.28B,$0.05B,18.66%,$0.28B,$0.05B,18.66%,$0.28B,$0.06B,21.83%,$0.28B,$0.06B,19.37%,$0.28B,$-0.04B,-14.79%,$-0.04B,$0.29B,-14.52%,$-0.04B,$0.16B,-27.77%,$-0.04B,$0.42B,-9.57%,$0.05B,$0.36B,14.01%,$100,$69,$31,$0,$16,$85,$15,$0,$15,$6,$10,$10,$11,$18,$15,$26,26,$0.43,$0.43,$19,$98,$0,$193,$87,$0,$139,$3,$228,$421,$45,$63,$1,$83,$128,$75,$200,$-25,$293,$421,$20,$6,$32,$38,$2,$-1,$0,$3,$2,$60,$-2,$0,$-0,$0,$0,$0,$-0,$-3,$-36,$0,$-36,$0,$0,$-9,$-7,$-53,$3,$1,$-9
13,2015-05-31,13.57,$11.28,1.2,$13.02,1.04,$6.50,2.09,$-1.67,0.0,$0.20B,$0.04B,5.04,$0.09B,$0.29B,0.3,$0.34B,$0.11B,32.74%,$0.34B,$0.05B,16.07%,$0.34B,$0.05B,16.07%,$0.34B,$0.06B,19.05%,$0.34B,$0.06B,16.67%,$0.34B,$-0.04B,-12.80%,$-0.04B,$0.29B,-13.93%,$-0.04B,$0.15B,-29.01%,$-0.04B,$0.44B,-9.14%,$0.05B,$0.38B,13.24%,$97,$67,$30,$0,$16,$83,$14,$-0,$14,$5,$9,$9,$9,$17,$14,$26,26,$0.36,$0.36,$19,$107,$0,$204,$91,$0,$139,$3,$233,$437,$40,$86,$1,$107,$148,$75,$193,$-23,$289,$437,$9,$3,$12,$15,$4,$-1,$0,$3,$6,$30,$-1,$0,$0,$0,$0,$0,$-0,$-1,$-18,$0,$-18,$0,$0,$-4,$-3,$-25,$3,$0,$-4
14,2015-02-28,11.11,$11.15,1.0,$14.67,0.76,$5.87,1.89,$-1.72,0.0,$0.22B,$0.04B,5.38,$0.11B,$0.29B,0.37,$0.38B,$0.12B,30.26%,$0.38B,$0.05B,14.21%,$0.38B,$0.05B,14.21%,$0.38B,$0.07B,17.11%,$0.38B,$0.06B,14.47%,$0.38B,$-0.04B,-11.58%,$-0.04B,$0.29B,-13.40%,$-0.04B,$0.14B,-30.14%,$-0.04B,$0.45B,-8.86%,$0.05B,$0.39B,12.49%,$-60,$-65,$5,$0,$-7,$-165,$105,$1,$107,$19,$88,$88,$9,$104,$105,$26,26,$0.34,$0.34,$15,$120,$0,$217,$93,$0,$141,$3,$237,$453,$40,$107,$2,$128,$169,$75,$188,$-22,$285,$453,$-45,$11,$102,$114,$1,$-1,$0,$-3,$-5,$64,$-2,$0,$-27,$0,$0,$0,$-0,$-29,$19,$0,$19,$-7,$-7,$-18,$-18,$-24,$9,$1,$-18
15,2014-11-30,10.46,$11.32,0.92,$22.03,0.47,$4.56,2.29,$-2.61,0.0,$0.22B,$0.04B,5.3,$0.10B,$0.29B,0.35,$0.57B,$0.14B,25.17%,$0.57B,$-0.06B,-11.01%,$0.57B,$-0.06B,-11.01%,$0.57B,$-0.05B,-8.22%,$0.57B,$-0.06B,-11.19%,$0.57B,$-0.07B,-11.71%,$-0.07B,$0.29B,-19.27%,$-0.07B,$0.16B,-46.53%,$-0.07B,$0.45B,-12.95%,$-0.06B,$0.39B,-13.95%,$147,$110,$37,$0,$24,$228,$-81,$-0,$-81,$-10,$-71,$-71,$-71,$-77,$-81,$26,26,$-2.76,$-2.76,$15,$125,$0,$220,$88,$0,$133,$3,$224,$445,$42,$102,$1,$114,$155,$75,$184,$-13,$290,$445,$-53,$12,$81,$93,$2,$6,$0,$-0,$7,$46,$-2,$0,$-11,$0,$0,$0,$0,$-12,$-4,$0,$-4,$-6,$-6,$-14,$0,$-24,$9,$1,$-14
16,2014-08-31,11.2,$14.33,0.78,$21.55,0.52,$4.18,2.68,$0.51,21.95,$0.22B,$0.04B,5.08,$0.10B,$0.37B,0.28,$0.56B,$0.15B,25.80%,$0.56B,$0.03B,5.87%,$0.56B,$0.03B,5.87%,$0.56B,$0.05B,8.72%,$0.56B,$0.03B,5.69%,$0.56B,$0.01B,2.31%,$0.01B,$0.37B,3.51%,$0.01B,$0.14B,9.51%,$0.01B,$0.55B,2.38%,$0.03B,$0.48B,6.98%,$152,$114,$38,$0,$22,$135,$16,$-0,$16,$6,$10,$10,$10,$20,$16,$26,26,$0.39,$0.39,$14,$126,$0,$223,$91,$0,$228,$3,$323,$546,$44,$104,$1,$131,$175,$75,$260,$-12,$371,$546,$18,$8,$1,$9,$-1,$6,$0,$-0,$5,$32,$-1,$0,$-11,$0,$0,$0,$0,$-11,$-2,$0,$-2,$-2,$-2,$-9,$0,$-13,$8,$1,$-9
17,2014-05-31,11.62,$14.12,0.82,$20.88,0.56,$4.46,2.61,$0.50,23.24,$0.22B,$0.04B,5.22,$0.11B,$0.37B,0.29,$0.55B,$0.14B,26.42%,$0.55B,$0.03B,6.06%,$0.55B,$0.03B,6.06%,$0.55B,$0.05B,8.81%,$0.55B,$0.03B,5.87%,$0.55B,$0.01B,2.39%,$0.01B,$0.37B,3.50%,$0.01B,$0.14B,9.06%,$0.01B,$0.54B,2.45%,$0.03B,$0.47B,7.23%,$141,$106,$35,$0,$22,$128,$14,$-1,$13,$5,$8,$8,$8,$18,$14,$26,26,$0.31,$0.31,$13,$130,$0,$222,$90,$0,$226,$3,$319,$542,$43,$106,$1,$132,$175,$75,$255,$-11,$367,$542,$8,$4,$1,$5,$-0,$1,$0,$-0,$1,$13,$-0,$0,$0,$0,$0,$0,$0,$-0,$0,$0,$0,$-1,$-1,$-5,$0,$-5,$8,$0,$-5
18,2014-02-28,11.99,$14.00,0.86,$20.77,0.58,$4.76,2.52,$0.52,23.05,$0.21B,$0.04B,5.11,$0.11B,$0.36B,0.29,$0.54B,$0.15B,26.75%,$0.54B,$0.03B,6.09%,$0.54B,$0.03B,6.09%,$0.54B,$0.05B,8.67%,$0.54B,$0.03B,6.09%,$0.54B,$0.01B,2.58%,$0.01B,$0.36B,3.76%,$0.01B,$0.14B,9.35%,$0.01B,$0.54B,2.71%,$0.03B,$0.47B,7.46%,$132,$99,$34,$0,$21,$144,$-12,$-0,$-12,$2,$-14,$-14,$-14,$-8,$-12,$26,26,$-0.57,$-0.57,$5,$130,$0,$214,$92,$0,$227,$3,$322,$536,$42,$106,$1,$132,$173,$75,$251,$-12,$363,$536,$13,$14,$27,$41,$-2,$-16,$0,$2,$-21,$33,$-4,$0,$-62,$0,$0,$0,$0,$-66,$48,$0,$48,$-2,$-2,$-14,$0,$33,$-1,$2,$-14
19,2013-11-30,13.92,$14.60,0.95,$20.46,0.68,$5.47,2.55,$1.34,10.39,$0.21B,$0.05B,4.39,$0.10B,$0.38B,0.25,$0.53B,$0.14B,26.59%,$0.53B,$0.06B,10.67%,$0.53B,$0.06B,10.67%,$0.53B,$0.07B,13.11%,$0.53B,$0.06B,10.49%,$0.53B,$0.04B,6.55%,$0.04B,$0.38B,9.42%,$0.04B,$0.13B,22.65%,$0.04B,$0.56B,6.90%,$0.06B,$0.48B,13.26%,$137,$99,$38,$0,$22,$121,$15,$-1,$15,$5,$9,$9,$9,$19,$15,$26,26,$0.36,$0.36,$9,$122,$0,$207,$94,$0,$253,$3,$351,$558,$47,$96,$1,$130,$177,$75,$270,$-16,$380,$558,$28,$10,$4,$14,$0,$-8,$0,$4,$-3,$39,$-3,$0,$-62,$0,$0,$0,$0,$-65,$38,$0,$38,$0,$0,$-9,$0,$29,$2,$1,$-9
20,2013-08-31,13.11,$14.40,0.91,$20.19,0.65,$5.61,2.34,$1.22,10.75,$0.19B,$0.04B,4.4,$0.04B,$0.38B,0.09,$0.53B,$0.14B,25.67%,$0.53B,$0.05B,9.89%,$0.53B,$0.05B,9.89%,$0.53B,$0.06B,12.17%,$0.53B,$0.05B,9.70%,$0.53B,$0.03B,6.08%,$0.03B,$0.38B,8.71%,$0.03B,$0.17B,19.72%,$0.03B,$0.49B,6.50%,$0.05B,$0.41B,12.47%,$135,$99,$37,$0,$21,$119,$16,$-0,$16,$6,$10,$10,$10,$19,$16,$26,26,$0.38,$0.38,$18,$101,$0,$191,$88,$0,$204,$3,$296,$487,$43,$35,$1,$69,$112,$75,$265,$-16,$375,$487,$18,$6,$3,$9,$-1,$9,$0,$4,$13,$40,$-1,$0,$0,$0,$0,$0,$0,$-1,$-23,$0,$-23,$0,$0,$-5,$0,$-27,$11,$1,$-5
21,2013-05-31,12.36,$14.23,0.87,$20.33,0.61,$5.21,2.37,$1.13,10.94,$0.19B,$0.04B,4.76,$0.05B,$0.37B,0.12,$0.53B,$0.13B,24.95%,$0.53B,$0.05B,9.26%,$0.53B,$0.05B,9.26%,$0.53B,$0.06B,11.53%,$0.53B,$0.05B,8.88%,$0.53B,$0.03B,5.67%,$0.03B,$0.37B,8.24%,$0.03B,$0.17B,18.93%,$0.03B,$0.49B,6.04%,$0.05B,$0.42B,11.60%,$138,$103,$36,$0,$22,$125,$14,$-0,$14,$5,$9,$9,$9,$17,$14,$26,26,$0.33,$0.33,$14,$98,$1,$190,$90,$0,$205,$4,$299,$489,$40,$45,$1,$79,$119,$75,$260,$-15,$370,$489,$9,$3,$1,$5,$-5,$12,$0,$5,$8,$22,$-1,$0,$0,$0,$0,$0,$0,$-1,$-13,$0,$-13,$-0,$-0,$0,$0,$-13,$8,$0,$0
22,2013-02-28,11.31,$13.91,0.81,$20.50,0.55,$4.97,2.27,$0.95,11.91,$0.19B,$0.04B,4.49,$0.06B,$0.36B,0.16,$0.53B,$0.12B,23.22%,$0.53B,$0.04B,7.68%,$0.53B,$0.04B,7.68%,$0.53B,$0.05B,10.11%,$0.53B,$0.04B,7.30%,$0.53B,$0.03B,4.68%,$0.03B,$0.36B,6.93%,$0.03B,$0.16B,16.18%,$0.03B,$0.50B,4.97%,$0.04B,$0.42B,9.55%,$124,$92,$31,$0,$20,$112,$12,$-0,$11,$4,$7,$7,$7,$15,$12,$26,26,$0.27,$0.27,$6,$110,$0,$193,$92,$0,$206,$3,$302,$495,$43,$58,$1,$91,$134,$75,$252,$-15,$361,$495,$25,$13,$3,$17,$-1,$18,$0,$-1,$8,$50,$-3,$0,$4,$0,$0,$0,$0,$1,$-33,$0,$-33,$0,$0,$-23,$0,$-55,$-4,$1,$-23
23,2012-11-30,10.51,$14.04,0.75,$20.44,0.51,$3.91,2.68,$0.81,12.97,$0.19B,$0.04B,4.83,$0.06B,$0.36B,0.17,$0.53B,$0.12B,22.56%,$0.53B,$0.04B,6.58%,$0.53B,$0.04B,6.58%,$0.53B,$0.05B,9.02%,$0.53B,$0.03B,6.20%,$0.53B,$0.02B,3.95%,$0.02B,$0.36B,5.82%,$0.02B,$0.16B,13.66%,$0.02B,$0.50B,4.10%,$0.04B,$0.42B,8.01%,$129,$98,$31,$0,$21,$119,$10,$-1,$10,$3,$6,$6,$6,$13,$10,$26,26,$0.24,$0.24,$9,$109,$0,$194,$93,$0,$206,$4,$304,$498,$40,$60,$1,$93,$133,$75,$254,$-13,$364,$498,$18,$10,$1,$11,$1,$19,$0,$2,$12,$41,$-2,$0,$4,$0,$0,$0,$0,$2,$-30,$0,$-30,$0,$0,$-14,$0,$-44,$-1,$1,$-14
24,2012-08-31,9.86,$13.95,0.71,$20.18,0.49,$3.26,3.02,$0.84,11.74,$0.20B,$0.04B,4.81,$0.07B,$0.36B,0.19,$0.53B,$0.12B,22.67%,$0.53B,$0.04B,6.86%,$0.53B,$0.04B,6.86%,$0.53B,$0.05B,9.33%,$0.53B,$0.03B,6.48%,$0.53B,$0.02B,4.19%,$0.02B,$0.36B,6.11%,$0.02B,$0.16B,14.04%,$0.02B,$0.51B,4.32%,$0.04B,$0.43B,8.54%,$138,$104,$34,$0,$21,$126,$13,$-1,$12,$4,$8,$8,$8,$16,$13,$26,26,$0.29,$0.29,$13,$108,$0,$200,$94,$0,$207,$4,$306,$506,$42,$70,$1,$102,$143,$75,$252,$-14,$362,$506,$11,$7,$1,$8,$-4,$20,$0,$3,$10,$29,$-1,$0,$4,$0,$0,$0,$0,$3,$-20,$0,$-20,$0,$0,$-9,$0,$-29,$3,$1,$-9
25,2012-05-31,9.39,$13.77,0.68,$19.88,0.47,$2.50,3.75,$0.92,10.21,$0.21B,$0.04B,5.21,$0.09B,$0.36B,0.24,$0.52B,$0.12B,23.02%,$0.52B,$0.04B,7.54%,$0.52B,$0.04B,7.54%,$0.52B,$0.05B,10.06%,$0.52B,$0.04B,7.16%,$0.52B,$0.02B,4.64%,$0.02B,$0.36B,6.66%,$0.02B,$0.15B,14.95%,$0.02B,$0.51B,4.76%,$0.04B,$0.44B,9.65%,$143,$114,$28,$0,$22,$136,$6,$-0,$6,$2,$4,$4,$4,$10,$6,$26,26,$0.15,$0.15,$15,$117,$0,$206,$95,$0,$207,$4,$307,$513,$40,$85,$1,$116,$155,$75,$249,$-15,$357,$513,$4,$3,$1,$4,$-0,$15,$0,$2,$7,$15,$-0,$0,$0,$0,$0,$0,$0,$-0,$-5,$0,$-5,$-0,$-0,$-5,$0,$-10,$5,$0,$-5
26,2012-02-29,10.82,$13.88,0.78,$19.92,0.54,$2.29,4.72,$1.21,8.94,$0.22B,$0.05B,4.36,$0.09B,$0.36B,0.25,$0.52B,$0.13B,25.34%,$0.52B,$0.05B,10.06%,$0.52B,$0.05B,10.06%,$0.52B,$0.06B,12.38%,$0.52B,$0.05B,9.48%,$0.52B,$0.03B,6.00%,$0.03B,$0.36B,8.61%,$0.03B,$0.15B,18.90%,$0.03B,$0.53B,6.22%,$0.05B,$0.45B,13.16%,$122,$95,$27,$0,$21,$116,$6,$-1,$5,$2,$3,$3,$3,$9,$6,$26,26,$0.13,$0.13,$10,$133,$0,$219,$100,$0,$208,$4,$313,$532,$50,$90,$1,$122,$172,$75,$250,$-13,$360,$532,$31,$12,$2,$14,$8,$-22,$0,$-7,$-21,$25,$-5,$0,$-46,$0,$0,$0,$0,$-51,$40,$0,$40,$0,$0,$-16,$-0,$24,$-2,$1,$-16
27,2011-11-30,9.37,$13.98,0.67,$20.32,0.46,$1.50,6.26,$1.46,6.42,$0.20B,$0.09B,2.1,$0.00B,$0.36B,0.0,$0.53B,$0.14B,26.62%,$0.53B,$0.06B,11.60%,$0.53B,$0.06B,11.60%,$0.53B,$0.07B,13.88%,$0.53B,$0.06B,11.22%,$0.53B,$0.04B,7.22%,$0.04B,$0.36B,10.64%,$0.04B,$0.17B,23.10%,$0.04B,$0.49B,7.85%,$0.06B,$0.36B,15.96%,$122,$92,$30,$0,$19,$111,$11,$-0,$11,$4,$7,$7,$7,$14,$11,$26,26,$0.27,$0.27,$17,$122,$0,$198,$91,$0,$192,$3,$287,$485,$94,$0,$1,$28,$122,$75,$251,$-11,$362,$485,$28,$9,$1,$10,$13,$-20,$0,$-1,$-11,$27,$-5,$0,$-6,$0,$0,$0,$0,$-11,$0,$0,$0,$0,$0,$-12,$0,$-12,$4,$1,$-12
28,2011-08-31,9.79,$13.96,0.7,$20.83,0.47,$0.72,13.59,$1.56,6.28,$0.20B,$0.10B,2.07,$0.00B,$0.36B,0.0,$0.54B,$0.15B,27.27%,$0.54B,$0.07B,12.24%,$0.54B,$0.07B,12.24%,$0.54B,$0.08B,14.29%,$0.54B,$0.06B,11.69%,$0.54B,$0.04B,7.61%,$0.04B,$0.36B,11.67%,$0.04B,$0.17B,25.99%,$0.04B,$0.49B,8.53%,$0.07B,$0.36B,16.97%,$130,$96,$34,$0,$18,$115,$16,$-0,$15,$6,$10,$10,$10,$19,$16,$26,26,$0.37,$0.37,$14,$121,$0,$199,$92,$0,$192,$3,$289,$488,$97,$0,$1,$30,$126,$75,$248,$-8,$362,$488,$21,$6,$1,$7,$5,$-21,$0,$-0,$-16,$13,$-4,$0,$0,$0,$0,$0,$0,$-4,$0,$0,$0,$0,$0,$-8,$0,$-8,$2,$0,$-8
29,2011-05-31,11.57,$13.79,0.84,$21.33,0.54,$0.55,21.16,$1.66,6.97,$0.20B,$0.05B,3.7,$0.05B,$0.36B,0.14,$0.55B,$0.15B,27.72%,$0.55B,$0.07B,12.50%,$0.55B,$0.07B,12.50%,$0.55B,$0.08B,14.49%,$0.55B,$0.07B,12.14%,$0.55B,$0.04B,7.79%,$0.04B,$0.36B,12.52%,$0.04B,$0.16B,28.81%,$0.04B,$0.49B,9.12%,$0.07B,$0.41B,17.62%,$143,$104,$40,$0,$21,$124,$19,$-1,$18,$6,$11,$11,$11,$22,$19,$26,26,$0.44,$0.44,$18,$115,$0,$198,$95,$0,$193,$3,$292,$490,$54,$50,$1,$80,$134,$75,$242,$-7,$357,$490,$11,$3,$1,$4,$4,$-15,$0,$0,$-4,$11,$-2,$0,$0,$0,$0,$0,$0,$-2,$0,$0,$0,$0,$0,$-4,$0,$-4,$6,$0,$-4
30,2011-02-28,9.67,$13.45,0.72,$21.25,0.46,$0.06,166.2,$1.72,5.62,$0.18B,$0.05B,3.87,$0.05B,$0.35B,0.14,$0.55B,$0.16B,28.18%,$0.55B,$0.07B,12.91%,$0.55B,$0.07B,12.91%,$0.55B,$0.08B,14.91%,$0.55B,$0.07B,12.73%,$0.55B,$0.05B,8.18%,$0.05B,$0.35B,13.43%,$0.05B,$0.15B,32.14%,$0.05B,$0.47B,9.81%,$0.07B,$0.40B,18.65%,$131,$95,$36,$0,$21,$116,$15,$-0,$15,$5,$10,$10,$10,$18,$15,$26,26,$0.38,$0.38,$12,$100,$0,$182,$94,$0,$194,$3,$291,$474,$47,$50,$2,$79,$126,$75,$235,$-8,$348,$474,$45,$11,$7,$18,$-2,$-24,$0,$-1,$-30,$33,$-34,$0,$-2,$0,$0,$0,$0,$-36,$10,$0,$10,$0,$0,$-16,$-0,$-6,$-9,$1,$-16
31,2010-11-30,9.98,$13.11,0.76,$20.88,0.48,$2.51,3.97,$1.72,5.8,$0.18B,$0.05B,3.48,$0.05B,$0.34B,0.15,$0.54B,$0.15B,28.33%,$0.54B,$0.07B,13.33%,$0.54B,$0.07B,13.33%,$0.54B,$0.08B,15.37%,$0.54B,$0.07B,12.96%,$0.54B,$0.05B,8.33%,$0.05B,$0.34B,13.79%,$0.05B,$0.14B,34.42%,$0.05B,$0.47B,10.03%,$0.07B,$0.39B,19.46%,$135,$98,$37,$0,$21,$119,$16,$-0,$15,$6,$10,$10,$10,$18,$16,$26,26,$0.37,$0.37,$18,$99,$0,$181,$90,$0,$194,$3,$288,$470,$52,$51,$0,$80,$132,$75,$229,$-12,$338,$470,$35,$8,$2,$10,$3,$-23,$0,$3,$-15,$31,$-29,$0,$-2,$0,$0,$0,$0,$-31,$10,$0,$10,$0,$0,$-12,$0,$-2,$-3,$1,$-12
32,2010-08-31,8.84,$12.81,0.69,$20.62,0.43,$4.76,1.86,$1.71,5.17,$0.17B,$0.05B,3.3,$0.04B,$0.33B,0.13,$0.53B,$0.15B,28.14%,$0.53B,$0.07B,13.32%,$0.53B,$0.07B,13.32%,$0.53B,$0.08B,15.57%,$0.53B,$0.07B,13.13%,$0.53B,$0.04B,8.26%,$0.04B,$0.33B,13.81%,$0.04B,$0.14B,35.85%,$0.04B,$0.45B,10.06%,$0.07B,$0.37B,19.72%,$143,$103,$40,$0,$20,$124,$19,$-0,$19,$7,$12,$12,$12,$22,$19,$26,26,$0.47,$0.47,$17,$84,$0,$166,$85,$0,$195,$3,$284,$451,$50,$41,$0,$69,$120,$75,$223,$-13,$331,$451,$25,$6,$2,$7,$0,$-9,$0,$3,$-5,$28,$-23,$0,$0,$0,$0,$0,$0,$-23,$0,$0,$0,$-0,$-0,$-8,$0,$-8,$-4,$1,$-8
33,2010-05-31,9.9,$12.50,0.79,$20.44,0.48,$6.31,1.57,$1.61,6.15,$0.16B,$0.05B,3.44,$0.04B,$0.32B,0.13,$0.53B,$0.15B,27.65%,$0.53B,$0.07B,12.88%,$0.53B,$0.07B,12.88%,$0.53B,$0.08B,15.15%,$0.53B,$0.07B,12.50%,$0.53B,$0.04B,7.95%,$0.04B,$0.32B,13.50%,$0.04B,$0.13B,36.60%,$0.04B,$0.44B,9.73%,$0.07B,$0.36B,19.14%,$141,$99,$42,$0,$21,$120,$21,$-0,$21,$7,$13,$13,$13,$24,$21,$26,26,$0.51,$0.50,$13,$78,$1,$163,$77,$0,$195,$3,$276,$440,$48,$41,$1,$69,$117,$75,$215,$-13,$323,$440,$13,$3,$1,$4,$-4,$-3,$0,$1,$-8,$10,$-13,$0,$0,$0,$0,$0,$0,$-13,$0,$0,$0,$-0,$-0,$-4,$0,$-4,$-8,$0,$-4
34,2010-02-28,8.49,$12.16,0.7,$20.06,0.42,$7.39,1.15,$1.37,6.2,$0.17B,$0.05B,3.34,$0.04B,$0.31B,0.13,$0.52B,$0.14B,26.06%,$0.52B,$0.06B,11.39%,$0.52B,$0.06B,11.39%,$0.52B,$0.07B,13.71%,$0.52B,$0.06B,10.81%,$0.52B,$0.04B,6.95%,$0.04B,$0.31B,11.84%,$0.04B,$0.12B,33.49%,$0.04B,$0.43B,8.34%,$0.06B,$0.36B,17.46%,$121,$87,$34,$0,$18,$105,$16,$-0,$15,$6,$10,$10,$10,$19,$16,$26,26,$0.38,$0.37,$21,$75,$1,$166,$66,$0,$196,$3,$266,$433,$50,$42,$1,$70,$119,$75,$206,$-13,$313,$433,$35,$12,$6,$18,$-2,$27,$0,$-2,$30,$83,$-20,$0,$0,$0,$0,$0,$0,$-20,$-34,$0,$-34,$-0,$-0,$-16,$0,$-50,$12,$1,$-16
35,2009-11-30,7.86,$11.94,0.66,$19.90,0.39,$6.48,1.21,$-1.45,0.0,$0.17B,$0.05B,3.42,$0.04B,$0.31B,0.14,$0.51B,$0.13B,24.71%,$0.51B,$-0.02B,-3.31%,$0.51B,$-0.02B,-3.31%,$0.51B,$-0.01B,-0.97%,$0.51B,$-0.02B,-3.89%,$0.51B,$-0.04B,-7.20%,$-0.04B,$0.31B,-12.38%,$-0.04B,$0.11B,-36.36%,$-0.04B,$0.43B,-8.55%,$-0.02B,$0.35B,-4.98%,$128,$93,$34,$0,$19,$112,$15,$-1,$15,$5,$9,$9,$9,$18,$15,$26,26,$0.36,$0.36,$23,$76,$1,$167,$59,$0,$197,$1,$258,$425,$49,$42,$0,$69,$118,$75,$200,$-13,$307,$425,$25,$9,$3,$12,$-2,$26,$0,$5,$35,$71,$-12,$0,$0,$0,$0,$0,$0,$-12,$-34,$0,$-34,$-0,$-0,$-12,$0,$-47,$13,$1,$-12
36,2009-08-31,7.26,$11.71,0.62,$20.48,0.35,$5.45,1.33,$-1.43,0.0,$0.17B,$0.05B,3.56,$0.05B,$0.30B,0.17,$0.53B,$0.13B,24.81%,$0.53B,$-0.02B,-3.03%,$0.53B,$-0.02B,-3.03%,$0.53B,$-0.00B,-0.76%,$0.53B,$-0.02B,-3.60%,$0.53B,$-0.04B,-6.82%,$-0.04B,$0.30B,-11.49%,$-0.04B,$0.10B,-36.36%,$-0.04B,$0.43B,-7.94%,$-0.02B,$0.35B,-4.41%,$138,$102,$36,$0,$20,$122,$16,$-1,$15,$6,$10,$10,$10,$19,$16,$26,26,$0.37,$0.37,$21,$79,$1,$174,$55,$0,$197,$1,$254,$428,$49,$52,$0,$78,$127,$75,$195,$-13,$301,$428,$16,$6,$2,$8,$-8,$23,$0,$5,$26,$50,$-6,$0,$0,$0,$0,$0,$0,$-6,$-24,$0,$-24,$-0,$-0,$-8,$0,$-33,$12,$1,$-8
37,2009-05-31,5.61,$11.49,0.49,$21.37,0.26,$4.84,1.16,$-1.44,0.0,$0.19B,$0.12B,1.57,$0.00B,$0.30B,0.0,$0.55B,$0.13B,24.32%,$0.55B,$-0.02B,-2.90%,$0.55B,$-0.02B,-2.90%,$0.55B,$-0.00B,-0.73%,$0.55B,$-0.02B,-3.45%,$0.55B,$-0.04B,-6.72%,$-0.04B,$0.30B,-11.27%,$-0.04B,$0.10B,-38.14%,$-0.04B,$0.44B,-7.79%,$-0.02B,$0.30B,-4.16%,$131,$100,$31,$0,$19,$119,$12,$-1,$11,$4,$7,$7,$7,$15,$12,$26,26,$0.26,$0.26,$30,$88,$0,$189,$53,$0,$198,$1,$252,$441,$120,$0,$1,$25,$146,$75,$189,$-14,$295,$441,$7,$3,$1,$4,$-3,$14,$0,$4,$15,$25,$-1,$0,$0,$0,$0,$0,$0,$-1,$-0,$0,$-0,$-0,$-0,$-4,$0,$-4,$21,$0,$-4
38,2009-02-28,4.1,$11.35,0.36,$22.62,0.18,$4.46,0.92,$-1.28,0.0,$0.18B,$0.04B,4.15,$0.08B,$0.29B,0.26,$0.58B,$0.14B,24.53%,$0.58B,$-0.01B,-1.72%,$0.58B,$-0.01B,-1.72%,$0.58B,$0.00B,0.51%,$0.58B,$-0.01B,-2.23%,$0.58B,$-0.03B,-5.66%,$-0.03B,$0.29B,-9.61%,$-0.03B,$0.09B,-34.74%,$-0.03B,$0.44B,-6.69%,$-0.01B,$0.37B,-2.39%,$117,$91,$26,$0,$18,$177,$-60,$-0,$-61,$2,$-63,$-63,$-63,$-57,$-60,$26,26,$-2.43,$-2.43,$9,$101,$0,$182,$55,$0,$198,$1,$254,$436,$44,$76,$1,$100,$144,$75,$187,$-15,$292,$436,$-33,$13,$67,$80,$11,$-4,$0,$-2,$-3,$44,$-5,$0,$0,$0,$0,$0,$0,$-5,$-17,$0,$-17,$0,$0,$-16,$0,$-32,$6,$1,$-16
39,2008-11-30,4.97,$14.17,0.35,$23.85,0.21,$4.03,1.23,$1.59,3.13,$0.19B,$0.05B,3.53,$0.07B,$0.37B,0.19,$0.62B,$0.16B,25.32%,$0.62B,$0.07B,11.04%,$0.62B,$0.07B,11.04%,$0.62B,$0.08B,13.31%,$0.62B,$0.07B,10.55%,$0.62B,$0.04B,6.66%,$0.04B,$0.37B,11.47%,$0.04B,$0.10B,44.57%,$0.04B,$0.51B,8.00%,$0.07B,$0.44B,15.57%,$142,$105,$38,$0,$22,$126,$16,$-0,$16,$6,$10,$10,$10,$19,$16,$26,26,$0.38,$0.38,$3,$104,$0,$189,$55,$0,$265,$1,$321,$509,$53,$71,$0,$91,$144,$75,$254,$-8,$365,$509,$30,$10,$3,$13,$1,$-6,$0,$-3,$-7,$36,$-3,$0,$0,$0,$0,$0,$0,$-3,$-22,$0,$-22,$1,$1,$-12,$0,$-33,$-0,$1,$-12
40,2008-08-31,7.86,$14.05,0.56,$24.44,0.32,$3.36,2.34,$1.66,4.74,$0.19B,$0.06B,3.46,$0.08B,$0.36B,0.21,$0.63B,$0.16B,25.32%,$0.63B,$0.07B,11.39%,$0.63B,$0.07B,11.39%,$0.63B,$0.09B,13.77%,$0.63B,$0.07B,10.60%,$0.63B,$0.04B,6.80%,$0.04B,$0.36B,12.24%,$0.04B,$0.10B,50.44%,$0.04B,$0.52B,8.36%,$0.07B,$0.44B,16.48%,$161,$122,$39,$0,$24,$145,$16,$-1,$15,$5,$9,$9,$9,$19,$16,$26,26,$0.36,$0.36,$10,$91,$0,$191,$57,$0,$265,$0,$323,$515,$55,$77,$0,$98,$154,$75,$248,$-6,$361,$515,$20,$7,$2,$9,$-7,$8,$0,$-2,$2,$31,$-3,$0,$0,$0,$0,$0,$0,$-3,$-14,$0,$-14,$0,$0,$-8,$0,$-22,$7,$1,$-8
41,2008-05-31,8.8,$13.85,0.64,$24.01,0.37,$2.87,3.07,$1.73,5.09,$0.19B,$0.06B,3.26,$0.08B,$0.36B,0.22,$0.62B,$0.16B,26.09%,$0.62B,$0.08B,12.08%,$0.62B,$0.08B,12.08%,$0.62B,$0.09B,14.65%,$0.62B,$0.07B,11.27%,$0.62B,$0.05B,7.25%,$0.05B,$0.36B,13.08%,$0.05B,$0.09B,56.96%,$0.05B,$0.51B,8.86%,$0.08B,$0.43B,17.42%,$163,$123,$40,$0,$22,$145,$18,$-1,$17,$6,$11,$11,$11,$22,$18,$26,26,$0.42,$0.42,$2,$91,$0,$188,$58,$0,$266,$1,$326,$514,$58,$79,$1,$100,$158,$75,$243,$-6,$356,$514,$11,$3,$0,$4,$-9,$7,$0,$-2,$2,$17,$-2,$0,$0,$0,$0,$0,$0,$-2,$-12,$0,$-12,$0,$0,$-4,$0,$-16,$-1,$0,$-4
42,2008-02-29,7.3,$13.58,0.54,$23.60,0.31,$2.63,2.78,$1.73,4.22,$0.19B,$0.05B,3.59,$0.09B,$0.35B,0.26,$0.61B,$0.16B,26.68%,$0.61B,$0.08B,12.44%,$0.61B,$0.08B,12.44%,$0.61B,$0.09B,15.06%,$0.61B,$0.07B,11.46%,$0.61B,$0.05B,7.36%,$0.05B,$0.35B,13.39%,$0.05B,$0.08B,62.50%,$0.05B,$0.51B,9.00%,$0.08B,$0.44B,17.94%,$150,$110,$39,$0,$21,$131,$18,$-1,$17,$6,$11,$11,$11,$22,$18,$26,26,$0.43,$0.42,$3,$99,$0,$186,$59,$0,$267,$1,$327,$513,$52,$91,$1,$113,$165,$75,$236,$-6,$348,$513,$45,$15,$2,$17,$-23,$-10,$0,$-0,$-31,$30,$-3,$0,$-15,$0,$0,$0,$0,$-17,$1,$0,$1,$1,$1,$-16,$0,$-14,$-0,$1,$-16
43,2007-11-30,8.25,$13.26,0.62,$23.11,0.36,$3.39,2.43,$1.60,5.15,$0.19B,$0.05B,3.45,$0.10B,$0.34B,0.29,$0.60B,$0.17B,27.81%,$0.60B,$0.07B,12.06%,$0.60B,$0.07B,12.06%,$0.60B,$0.09B,14.74%,$0.60B,$0.07B,11.06%,$0.60B,$0.04B,7.04%,$0.04B,$0.34B,12.80%,$0.04B,$0.07B,64.37%,$0.04B,$0.52B,8.55%,$0.07B,$0.44B,17.34%,$158,$116,$42,$0,$22,$138,$20,$-2,$18,$7,$12,$12,$12,$24,$20,$26,26,$0.45,$0.45,$2,$102,$0,$187,$61,$0,$267,$1,$329,$516,$54,$97,$1,$122,$176,$75,$229,$-7,$340,$516,$34,$11,$1,$13,$-21,$-13,$0,$1,$-28,$18,$-2,$0,$-15,$0,$0,$0,$0,$-16,$8,$0,$8,$1,$1,$-12,$0,$-3,$-1,$1,$-12
44,2007-08-31,9.62,$12.94,0.74,$22.88,0.42,$4.20,2.29,$1.57,6.13,$0.17B,$0.05B,3.19,$0.08B,$0.33B,0.24,$0.59B,$0.16B,27.41%,$0.59B,$0.07B,12.18%,$0.59B,$0.07B,12.18%,$0.59B,$0.09B,14.89%,$0.59B,$0.07B,11.00%,$0.59B,$0.04B,6.94%,$0.04B,$0.33B,12.69%,$0.04B,$0.07B,66.67%,$0.04B,$0.49B,8.41%,$0.07B,$0.41B,17.57%,$150,$109,$41,$0,$22,$131,$19,$-1,$18,$7,$11,$11,$11,$23,$19,$26,26,$0.44,$0.43,$4,$95,$1,$166,$59,$0,$261,$1,$322,$488,$52,$80,$0,$104,$156,$75,$221,$-7,$332,$488,$22,$8,$1,$8,$-8,$-9,$0,$1,$-13,$17,$-2,$0,$0,$0,$0,$0,$0,$-2,$-9,$0,$-9,$1,$1,$-8,$0,$-16,$-0,$0,$-8
45,2007-05-31,10.42,$12.65,0.82,$22.97,0.45,$4.58,2.28,$1.59,6.56,$0.16B,$0.05B,3.06,$0.08B,$0.32B,0.26,$0.59B,$0.16B,26.81%,$0.59B,$0.07B,12.31%,$0.59B,$0.07B,12.31%,$0.59B,$0.09B,15.01%,$0.59B,$0.07B,10.96%,$0.59B,$0.04B,7.08%,$0.04B,$0.32B,13.20%,$0.04B,$0.06B,74.01%,$0.04B,$0.48B,8.51%,$0.07B,$0.41B,17.72%,$153,$111,$41,$0,$23,$134,$19,$-2,$17,$6,$11,$11,$11,$23,$19,$26,26,$0.42,$0.42,$3,$88,$2,$159,$61,$0,$261,$1,$324,$483,$52,$83,$1,$107,$159,$75,$214,$-7,$324,$483,$11,$4,$1,$4,$-7,$-2,$0,$1,$-6,$9,$-1,$0,$0,$0,$0,$0,$0,$-1,$-6,$0,$-6,$0,$0,$-4,$0,$-10,$-1,$0,$-4
46,2007-02-28,11.12,$12.37,0.9,$22.69,0.49,$4.70,2.37,$1.61,6.91,$0.15B,$0.05B,3.08,$0.09B,$0.32B,0.28,$0.59B,$0.16B,26.67%,$0.59B,$0.07B,12.65%,$0.59B,$0.07B,12.65%,$0.59B,$0.09B,15.38%,$0.59B,$0.07B,11.28%,$0.59B,$0.04B,7.18%,$0.04B,$0.32B,13.40%,$0.04B,$0.06B,80.77%,$0.04B,$0.48B,8.45%,$0.07B,$0.41B,18.03%,$136,$94,$42,$0,$28,$122,$14,$-2,$13,$5,$8,$8,$8,$18,$14,$26,26,$0.31,$0.31,$4,$86,$2,$152,$63,$0,$262,$1,$327,$478,$49,$89,$1,$113,$162,$75,$207,$-7,$316,$478,$42,$17,$-4,$13,$-4,$6,$0,$1,$-5,$50,$-2,$0,$-18,$0,$0,$0,$0,$-20,$-25,$0,$-25,$1,$1,$-16,$0,$-40,$-10,$0,$-16
47,2006-11-30,9.71,$12.51,0.78,$22.48,0.43,$4.36,2.23,$1.67,5.81,$0.17B,$0.06B,2.87,$0.10B,$0.32B,0.3,$0.58B,$0.15B,25.22%,$0.58B,$0.08B,12.95%,$0.58B,$0.08B,12.95%,$0.58B,$0.09B,15.89%,$0.58B,$0.07B,11.40%,$0.58B,$0.04B,7.43%,$0.04B,$0.32B,13.93%,$0.04B,$0.06B,91.49%,$0.04B,$0.50B,8.58%,$0.08B,$0.42B,18.33%,$152,$114,$38,$0,$18,$132,$20,$-2,$17,$6,$11,$11,$11,$24,$20,$26,26,$0.42,$0.42,$8,$90,$13,$166,$65,$0,$262,$1,$336,$502,$58,$95,$0,$124,$182,$75,$203,$0,$320,$502,$34,$13,$1,$14,$-5,$1,$0,$-3,$-11,$37,$-0,$0,$-18,$0,$0,$0,$0,$-18,$-14,$0,$-14,$0,$0,$-12,$0,$-25,$-6,$0,$-12
