,Date,Stock Price,Book Value per Share,Price to Book Ratio,TTM Sales per Share,Price to Sales Ratio,TTM FCF per Share,Price to FCF Ratio,TTM Net EPS,PE Ratio,Current Assets,Current Liabilities,Current Ratio,Long Term Debt,Shareholder's Equity_x,Debt to Equity Ratio,TTM Revenue_x,TTM Gross Profit,Gross Margin,TTM Revenue_y,TTM Operating Income,Operating Margin,TTM Revenue_x,TTM EBIT,EBIT Margin,TTM Revenue_y,TTM EBITDA,EBITDA Margin,TTM Revenue_x,TTM Pre-Tax Income,Pre-Tax Margin,TTM Revenue_y,TTM Net Income_x,Net Margin,TTM Net Income_y,Shareholder's Equity_y,Return on Equity,TTM Net Income_x,Tangible Equity,Return on Tangible Equity,TTM Net Income_y,Total Assets,Return on Assets,TTM Net Income,LT Investments & Debt,Return on Investment,revenue,cost-goods-sold,gross-profit,research-development-expenses,selling-general-administrative-expenses,operating-expenses,operating-income,total-non-operating-income-expense,pre-tax-income,total-provision-income-taxes,income-after-taxes,income-from-continuous-operations,net-income,ebitda,ebit,basic-shares-outstanding,shares-outstanding,eps-basic-net-earnings-per-share,eps-earnings-per-share-diluted,cash-on-hand,inventory,other-current-assets,total-current-assets,net-property-plant-equipment,long-term-investments,goodwill-intangible-assets-total,other-long-term-assets,total-long-term-assets,total-assets,total-current-liabilities,long-term-debt,other-non-current-liabilities,total-long-term-liabilities,total-liabilities,common-stock-net,retained-earnings-accumulated-deficit,comprehensive-income,total-share-holder-equity,total-liabilities-share-holders-equity,net-income-loss,total-depreciation-amortization-cash-flow,other-non-cash-items,total-non-cash-items,change-in-accounts-receivable,change-in-inventories,change-in-accounts-payable,change-in-assets-liabilities,total-change-in-assets-liabilities,cash-flow-from-operating-activities,net-change-in-property-plant-equipment,net-change-in-intangible-assets,net-acquisitions-divestitures,net-change-in-short-term-investments,net-change-in-long-term-investments,net-change-in-investments-total,investing-activities-other,cash-flow-from-investing-activities,net-long-term-debt,net-current-debt,debt-issuance-retirement-net-total,net-common-equity-issued-repurchased,net-total-equity-issued-repurchased,total-common-preferred-stock-dividends-paid,financial-activities-other,cash-flow-from-financial-activities,net-cash-flow,stock-based-compensation,common-stock-dividends-paid
0,2018-09-30,79.15,$17.19,4.6,$14.73,5.37,$6.07,13.05,$3.51,22.55,$0.35B,$0.22B,1.56,$0.63B,$0.54B,1.16,$0.47B,$0.30B,64.67%,$0.47B,$0.14B,30.84%,$0.47B,$0.14B,30.84%,$0.47B,$0.16B,33.19%,$0.47B,$0.12B,25.48%,$0.47B,$0.11B,23.77%,$0.11B,$0.54B,20.51%,$0.11B,$-0.41B,-36.75%,$0.11B,$1.43B,8.77%,$0.14B,$1.17B,13.78%,$129,$43,$86,$11,$33,$89,$39,$-8,$31,$2,$29,$29,$29,$42,$39,$31,32,$0.93,$0.92,$163,$0,$33,$349,$46,$0,$949,$31,$1080,$1429,$223,$630,$26,$664,$887,$3,$577,$-86,$542,$1429,$85,$9,$3,$12,$-13,$0,$0,$-17,$-23,$74,$-9,$0,$-227,$4,$-4,$1,$5,$-230,$243,$0,$243,$-2,$-2,$-7,$0,$234,$67,$2,$-7
1,2018-06-30,76.25,$17.41,4.38,$13.59,5.61,$5.34,14.28,$3.35,22.76,$0.33B,$0.19B,1.69,$0.59B,$0.55B,1.08,$0.43B,$0.27B,63.57%,$0.43B,$0.13B,30.86%,$0.43B,$0.13B,30.86%,$0.43B,$0.14B,33.41%,$0.43B,$0.11B,25.99%,$0.43B,$0.11B,24.59%,$0.11B,$0.55B,19.95%,$0.11B,$-0.36B,-44.96%,$0.11B,$1.36B,9.10%,$0.13B,$1.14B,13.85%,$125,$44,$81,$9,$32,$86,$38,$-7,$31,$2,$29,$29,$29,$41,$38,$31,32,$0.93,$0.92,$147,$0,$33,$328,$41,$0,$910,$23,$1029,$1358,$194,$592,$16,$616,$810,$3,$550,$-55,$548,$1358,$55,$6,$4,$10,$-23,$0,$0,$-7,$-26,$40,$-3,$0,$-180,$1,$0,$1,$5,$-178,$205,$0,$205,$-2,$-2,$-5,$-5,$194,$49,$2,$-5
2,2018-03-31,74.43,$17.19,4.33,$12.42,5.99,$4.98,14.96,$3.17,23.48,$0.29B,$0.16B,1.83,$0.41B,$0.54B,0.76,$0.39B,$0.25B,63.36%,$0.39B,$0.12B,31.04%,$0.39B,$0.12B,31.04%,$0.39B,$0.13B,33.84%,$0.39B,$0.11B,26.72%,$0.39B,$0.10B,25.45%,$0.10B,$0.54B,19.46%,$0.10B,$-0.22B,-54.05%,$0.10B,$1.16B,9.47%,$0.12B,$0.95B,13.97%,$108,$40,$69,$8,$24,$74,$34,$-5,$29,$2,$26,$26,$26,$37,$34,$31,32,$0.83,$0.83,$143,$0,$31,$291,$41,$0,$758,$16,$872,$1162,$159,$409,$44,$463,$622,$3,$524,$-29,$541,$1162,$26,$3,$1,$4,$-1,$0,$0,$-4,$-5,$25,$-1,$0,$-7,$5,$0,$5,$5,$2,$23,$0,$23,$0,$0,$-2,$1,$22,$48,$1,$-2
3,2017-12-31,79.1,$16.96,4.66,$11.47,6.9,$4.60,17.19,$3.17,24.95,$0.25B,$0.15B,1.72,$0.39B,$0.53B,0.72,$0.36B,$0.23B,64.29%,$0.36B,$0.11B,31.32%,$0.36B,$0.11B,31.32%,$0.36B,$0.13B,34.34%,$0.36B,$0.10B,28.30%,$0.36B,$0.10B,27.47%,$0.10B,$0.53B,20.54%,$0.10B,$-0.22B,-66.23%,$0.10B,$1.11B,10.32%,$0.11B,$0.92B,13.93%,$105,$38,$66,$9,$22,$72,$33,$-5,$28,$0,$28,$28,$27,$35,$33,$32,32,$0.85,$0.84,$102,$0,$34,$253,$42,$0,$755,$12,$860,$1113,$147,$386,$45,$432,$579,$3,$511,$-24,$534,$1113,$101,$11,$-5,$6,$-34,$0,$0,$-1,$-30,$77,$-10,$0,$-194,$1,$0,$1,$-4,$-207,$127,$0,$127,$-46,$-46,$-10,$6,$78,$-50,$3,$-10
4,2017-09-30,65.07,$15.95,4.08,$10.61,6.13,$4.75,13.71,$3.09,21.06,$0.24B,$0.15B,1.62,$0.33B,$0.50B,0.66,$0.34B,$0.23B,66.67%,$0.34B,$0.11B,32.15%,$0.34B,$0.11B,32.15%,$0.34B,$0.12B,35.10%,$0.34B,$0.10B,29.50%,$0.34B,$0.10B,28.91%,$0.10B,$0.50B,21.17%,$0.10B,$-0.14B,-85.59%,$0.10B,$1.03B,10.99%,$0.11B,$0.83B,14.28%,$93,$35,$58,$9,$19,$65,$28,$-4,$24,$-0,$25,$25,$24,$31,$28,$31,32,$0.77,$0.76,$121,$0,$17,$241,$41,$0,$645,$55,$785,$1026,$149,$331,$43,$375,$524,$3,$487,$-30,$502,$1026,$74,$10,$-3,$7,$-30,$0,$0,$-0,$-31,$50,$-8,$0,$-73,$8,$0,$8,$0,$-74,$71,$0,$71,$-46,$-46,$-7,$-0,$17,$-6,$2,$-7
5,2017-06-30,53.68,$15.22,3.53,$9.95,5.39,$4.88,11.0,$3.07,17.48,$0.19B,$0.09B,2.25,$0.31B,$0.48B,0.66,$0.32B,$0.22B,68.54%,$0.32B,$0.11B,32.71%,$0.32B,$0.11B,32.71%,$0.32B,$0.12B,35.83%,$0.32B,$0.10B,31.46%,$0.32B,$0.10B,30.53%,$0.10B,$0.48B,21.90%,$0.10B,$-0.16B,-105.38%,$0.10B,$0.92B,11.87%,$0.11B,$0.79B,14.47%,$87,$31,$56,$8,$19,$61,$27,$-3,$24,$-0,$24,$24,$23,$30,$27,$31,32,$0.74,$0.74,$96,$0,$15,$194,$41,$0,$637,$9,$729,$923,$86,$314,$43,$358,$445,$3,$465,$-30,$478,$923,$50,$6,$-4,$3,$-14,$0,$0,$2,$-21,$31,$-6,$0,$-71,$2,$0,$2,$0,$-76,$54,$0,$54,$-46,$-46,$-5,$-0,$3,$-42,$1,$-5
6,2017-03-31,60.92,$13.75,4.43,$9.39,6.49,$4.97,12.26,$3.03,20.1,$0.22B,$0.07B,3.14,$0.30B,$0.43B,0.69,$0.31B,$0.22B,70.36%,$0.31B,$0.10B,33.22%,$0.31B,$0.10B,33.22%,$0.31B,$0.11B,36.48%,$0.31B,$0.10B,32.25%,$0.31B,$0.10B,31.92%,$0.10B,$0.43B,22.74%,$0.10B,$-0.08B,-140.50%,$0.10B,$0.82B,12.69%,$0.10B,$0.73B,14.81%,$79,$25,$54,$8,$17,$53,$26,$2,$27,$1,$27,$27,$26,$29,$26,$32,32,$0.83,$0.83,$135,$0,$14,$217,$39,$0,$514,$6,$598,$815,$69,$297,$14,$313,$382,$3,$449,$-31,$433,$815,$26,$3,$-1,$2,$-6,$0,$0,$1,$-13,$16,$-3,$0,$0,$-1,$0,$-1,$0,$-4,$37,$0,$37,$-40,$-40,$-2,$-0,$-6,$6,$1,$-2
7,2016-12-31,56.67,$13.67,4.15,$9.05,6.26,$4.85,11.67,$2.87,19.74,$0.21B,$0.09B,2.31,$0.26B,$0.44B,0.59,$0.30B,$0.21B,71.24%,$0.30B,$0.10B,33.78%,$0.30B,$0.10B,33.78%,$0.30B,$0.11B,37.12%,$0.30B,$0.10B,32.11%,$0.30B,$0.09B,31.44%,$0.09B,$0.44B,22.01%,$0.09B,$-0.08B,-141.89%,$0.09B,$0.80B,12.66%,$0.10B,$0.70B,15.14%,$80,$23,$58,$8,$19,$52,$28,$-2,$25,$1,$25,$25,$25,$29,$28,$33,33,$0.77,$0.75,$132,$0,$13,$207,$37,$0,$514,$9,$597,$804,$90,$260,$13,$275,$365,$3,$457,$-34,$439,$804,$94,$11,$-3,$8,$-13,$0,$0,$-2,$-18,$84,$-10,$0,$-1,$-2,$-8,$-10,$0,$-21,$66,$0,$66,$-59,$-59,$-10,$-1,$-4,$57,$3,$-10
8,2016-09-30,56.4,$13.59,4.15,$8.63,6.54,$3.50,16.1,$2.76,20.43,$0.19B,$0.07B,2.6,$0.24B,$0.44B,0.55,$0.29B,$0.21B,72.32%,$0.29B,$0.10B,34.26%,$0.29B,$0.10B,34.26%,$0.29B,$0.11B,38.41%,$0.29B,$0.10B,32.87%,$0.29B,$0.09B,31.49%,$0.09B,$0.44B,21.69%,$0.09B,$-0.06B,-136.84%,$0.09B,$0.76B,12.81%,$0.10B,$0.68B,15.31%,$75,$22,$52,$9,$17,$50,$24,$0,$25,$1,$24,$24,$24,$27,$24,$32,33,$0.74,$0.74,$112,$0,$13,$185,$36,$0,$497,$6,$576,$761,$71,$243,$4,$250,$321,$3,$441,$-31,$440,$761,$69,$9,$-7,$3,$-11,$0,$0,$-3,$-19,$53,$-5,$0,$0,$-1,$-1,$-2,$0,$-7,$49,$0,$49,$-44,$-44,$-7,$-0,$-2,$43,$2,$-7
9,2016-06-30,47.46,$12.70,3.74,$8.28,5.73,$2.42,19.58,$2.61,18.18,$0.15B,$0.06B,2.48,$0.23B,$0.41B,0.56,$0.28B,$0.21B,73.31%,$0.28B,$0.10B,34.52%,$0.28B,$0.10B,34.52%,$0.28B,$0.11B,38.79%,$0.28B,$0.09B,32.74%,$0.28B,$0.09B,30.96%,$0.09B,$0.41B,21.25%,$0.09B,$-0.07B,-117.17%,$0.09B,$0.71B,12.75%,$0.10B,$0.64B,15.58%,$73,$21,$52,$8,$18,$49,$24,$-2,$22,$-1,$23,$23,$23,$27,$24,$33,33,$0.70,$0.70,$81,$0,$12,$145,$35,$0,$478,$14,$563,$708,$59,$232,$3,$237,$296,$3,$419,$-31,$412,$708,$45,$6,$-5,$1,$-6,$0,$0,$-4,$-15,$31,$-2,$0,$0,$-1,$0,$-1,$-1,$-4,$37,$0,$37,$-38,$-38,$-5,$-0,$-6,$21,$1,$-5
10,2016-03-31,40.35,$12.65,3.19,$7.92,5.1,$1.55,26.1,$2.45,16.47,$0.14B,$0.04B,3.15,$0.23B,$0.42B,0.54,$0.27B,$0.20B,73.26%,$0.27B,$0.09B,34.07%,$0.27B,$0.09B,34.07%,$0.27B,$0.11B,38.46%,$0.27B,$0.09B,32.97%,$0.27B,$0.08B,30.40%,$0.08B,$0.42B,20.08%,$0.08B,$-0.07B,-110.67%,$0.08B,$0.70B,12.46%,$0.09B,$0.64B,15.35%,$71,$20,$51,$8,$16,$46,$25,$-1,$24,$2,$22,$22,$22,$28,$25,$33,33,$0.67,$0.67,$71,$0,$11,$139,$34,$0,$484,$13,$558,$697,$44,$226,$5,$236,$280,$3,$399,$-29,$417,$697,$22,$3,$-0,$3,$-9,$0,$0,$1,$-15,$11,$-1,$0,$0,$-1,$0,$-1,$0,$-2,$20,$0,$20,$-15,$-15,$-2,$-0,$3,$12,$1,$-2
11,2015-12-31,32.36,$12.24,2.64,$7.56,4.28,$0.90,35.97,$2.29,14.13,$0.12B,$0.05B,2.28,$0.21B,$0.41B,0.51,$0.27B,$0.19B,72.56%,$0.27B,$0.09B,33.08%,$0.27B,$0.09B,33.08%,$0.27B,$0.10B,37.59%,$0.27B,$0.09B,32.71%,$0.27B,$0.08B,29.70%,$0.08B,$0.41B,19.09%,$0.08B,$-0.08B,-108.59%,$0.08B,$0.68B,12.24%,$0.09B,$0.62B,15.08%,$70,$16,$54,$8,$17,$44,$26,$-2,$24,$2,$22,$22,$22,$29,$26,$35,35,$0.65,$0.64,$59,$0,$11,$117,$34,$0,$485,$13,$559,$676,$51,$207,$6,$216,$267,$3,$379,$-30,$409,$676,$80,$11,$-8,$2,$-7,$0,$0,$-6,$-33,$49,$-17,$0,$-18,$-1,$0,$-1,$0,$-37,$85,$0,$85,$-79,$-79,$-10,$-2,$-6,$5,$2,$-10
12,2015-09-30,24.59,$11.84,2.08,$7.14,3.44,$1.12,22.03,$2.09,11.76,$0.09B,$0.05B,1.88,$0.19B,$0.40B,0.47,$0.26B,$0.18B,70.82%,$0.26B,$0.08B,32.30%,$0.26B,$0.08B,32.30%,$0.26B,$0.09B,36.58%,$0.26B,$0.08B,31.91%,$0.26B,$0.07B,28.79%,$0.07B,$0.40B,17.64%,$0.07B,$-0.09B,-111.70%,$0.07B,$0.65B,11.66%,$0.08B,$0.59B,14.61%,$67,$18,$49,$8,$16,$45,$22,$0,$22,$2,$20,$20,$20,$25,$22,$34,35,$0.59,$0.59,$34,$0,$11,$93,$34,$0,$489,$13,$555,$648,$50,$187,$8,$199,$248,$3,$359,$-32,$400,$648,$58,$8,$-6,$2,$-6,$0,$0,$-7,$-34,$26,$-13,$0,$-12,$-1,$-6,$-7,$0,$-32,$65,$0,$65,$-67,$-67,$-8,$-1,$-10,$-19,$1,$-8
13,2015-06-30,32.04,$12.21,2.62,$6.53,4.91,$1.33,24.12,$1.97,16.26,$0.09B,$0.05B,1.66,$0.15B,$0.43B,0.35,$0.24B,$0.17B,72.20%,$0.24B,$0.08B,34.44%,$0.24B,$0.08B,34.44%,$0.24B,$0.09B,38.59%,$0.24B,$0.08B,34.02%,$0.24B,$0.07B,29.88%,$0.07B,$0.43B,16.80%,$0.07B,$-0.07B,-171.43%,$0.07B,$0.64B,11.73%,$0.08B,$0.58B,15.19%,$65,$19,$46,$7,$16,$44,$20,$-0,$20,$1,$19,$19,$19,$23,$20,$35,35,$0.54,$0.54,$28,$0,$10,$88,$32,$0,$495,$6,$557,$644,$53,$151,$11,$165,$218,$3,$342,$-22,$427,$644,$37,$5,$-6,$-1,$-4,$0,$0,$-5,$-27,$10,$-10,$0,$-12,$-1,$0,$-1,$0,$-23,$29,$0,$29,$-33,$-33,$-5,$-1,$-10,$-25,$1,$-5
14,2015-03-31,29.79,$11.87,2.51,$6.03,4.94,$1.71,17.37,$1.78,16.73,$0.08B,$0.05B,1.74,$0.14B,$0.42B,0.33,$0.23B,$0.17B,74.89%,$0.23B,$0.08B,35.24%,$0.23B,$0.08B,35.24%,$0.23B,$0.09B,39.65%,$0.23B,$0.08B,34.80%,$0.23B,$0.07B,29.52%,$0.07B,$0.42B,15.54%,$0.07B,$-0.06B,-288.17%,$0.07B,$0.61B,11.35%,$0.08B,$0.56B,15.56%,$64,$19,$44,$7,$14,$43,$20,$0,$21,$2,$18,$18,$18,$23,$20,$36,36,$0.51,$0.51,$27,$0,$9,$83,$28,$0,$477,$6,$530,$613,$48,$136,$7,$147,$195,$4,$325,$-24,$419,$613,$18,$3,$-0,$2,$-5,$0,$0,$-1,$-28,$-7,$-6,$0,$-1,$0,$0,$0,$0,$-7,$15,$0,$15,$-21,$-21,$-3,$-1,$-10,$-25,$0,$-3
15,2014-12-31,16.61,$11.94,1.39,$5.59,2.97,$2.35,7.07,$1.67,9.95,$0.10B,$0.07B,1.46,$0.12B,$0.43B,0.28,$0.21B,$0.17B,78.50%,$0.21B,$0.08B,36.92%,$0.21B,$0.08B,36.92%,$0.21B,$0.09B,41.59%,$0.21B,$0.08B,36.45%,$0.21B,$0.06B,29.91%,$0.06B,$0.43B,14.78%,$0.06B,$-0.05B,-800.00%,$0.06B,$0.63B,11.13%,$0.08B,$0.55B,16.06%,$61,$18,$43,$7,$13,$40,$21,$-2,$19,$2,$17,$17,$17,$23,$21,$38,38,$0.46,$0.45,$53,$0,$8,$102,$25,$0,$482,$5,$533,$634,$70,$121,$7,$132,$202,$4,$310,$-18,$432,$634,$64,$10,$-10,$-0,$-2,$0,$0,$-20,$-5,$59,$-16,$0,$-62,$0,$0,$0,$0,$-78,$65,$0,$65,$-35,$-35,$-11,$-3,$16,$-4,$2,$-11
16,2014-09-30,13.8,$11.75,1.17,$5.31,2.6,$2.68,5.14,$1.62,8.52,$0.09B,$0.04B,2.65,$0.06B,$0.44B,0.15,$0.20B,$0.17B,81.37%,$0.20B,$0.08B,37.25%,$0.20B,$0.08B,37.25%,$0.20B,$0.09B,42.16%,$0.20B,$0.08B,38.24%,$0.20B,$0.06B,30.39%,$0.06B,$0.44B,14.48%,$0.06B,$0.01B,1907.69%,$0.06B,$0.56B,11.21%,$0.08B,$0.50B,16.25%,$51,$10,$41,$7,$10,$29,$22,$0,$22,$4,$18,$18,$18,$24,$22,$38,38,$0.47,$0.47,$49,$0,$6,$94,$23,$0,$428,$5,$470,$564,$36,$64,$26,$93,$128,$4,$296,$-14,$436,$564,$47,$7,$-7,$-0,$-2,$0,$0,$0,$-9,$38,$-16,$0,$-8,$-1,$0,$-1,$0,$-25,$8,$0,$8,$-19,$-19,$-9,$-3,$-23,$-9,$1,$-9
17,2014-06-30,13.6,$11.42,1.19,$5.29,2.57,$3.06,4.45,$1.49,9.13,$0.08B,$0.07B,1.18,$0.01B,$0.44B,0.02,$0.20B,$0.17B,81.28%,$0.20B,$0.07B,35.96%,$0.20B,$0.07B,35.96%,$0.20B,$0.08B,40.89%,$0.20B,$0.07B,34.48%,$0.20B,$0.06B,28.08%,$0.06B,$0.44B,13.60%,$0.06B,$0.01B,-1425.00%,$0.06B,$0.55B,10.45%,$0.07B,$0.45B,16.08%,$51,$10,$42,$7,$15,$34,$17,$-1,$17,$3,$14,$14,$14,$20,$17,$38,39,$0.35,$0.35,$34,$0,$5,$81,$21,$0,$433,$2,$470,$551,$69,$9,$33,$45,$113,$4,$281,$-10,$438,$551,$29,$5,$-2,$3,$-3,$0,$0,$-1,$-4,$29,$-14,$0,$-8,$-1,$0,$-1,$0,$-23,$-20,$0,$-20,$-1,$-1,$-6,$-3,$-31,$-24,$1,$-6
18,2014-03-31,16.15,$11.09,1.46,$5.27,3.06,$3.30,4.9,$1.49,10.84,$0.11B,$0.06B,1.8,$0.04B,$0.43B,0.09,$0.20B,$0.16B,80.79%,$0.20B,$0.08B,36.95%,$0.20B,$0.08B,36.95%,$0.20B,$0.09B,41.87%,$0.20B,$0.07B,34.98%,$0.20B,$0.06B,28.08%,$0.06B,$0.43B,14.04%,$0.06B,$0.00B,-407.14%,$0.06B,$0.55B,10.52%,$0.08B,$0.47B,16.57%,$51,$10,$42,$7,$13,$32,$19,$0,$20,$4,$15,$15,$15,$22,$19,$38,39,$0.40,$0.40,$59,$0,$5,$106,$8,$0,$422,$2,$447,$552,$59,$40,$25,$68,$127,$4,$270,$-11,$426,$552,$15,$3,$-2,$1,$-5,$0,$0,$-2,$-5,$11,$-0,$0,$0,$-0,$0,$-0,$0,$-0,$-2,$0,$-2,$-1,$-1,$-3,$-3,$-10,$1,$0,$-3
19,2013-12-31,13.85,$10.86,1.28,$5.29,2.62,$3.39,4.09,$1.54,8.99,$0.10B,$0.07B,1.54,$0.04B,$0.41B,0.1,$0.21B,$0.17B,80.49%,$0.21B,$0.08B,36.59%,$0.21B,$0.08B,36.59%,$0.21B,$0.09B,41.46%,$0.21B,$0.07B,34.15%,$0.21B,$0.06B,28.78%,$0.06B,$0.41B,14.98%,$0.06B,$-0.01B,-262.22%,$0.06B,$0.55B,11.00%,$0.08B,$0.46B,16.77%,$51,$10,$41,$6,$14,$33,$18,$2,$19,$4,$15,$15,$15,$20,$18,$38,39,$0.40,$0.39,$57,$0,$6,$102,$9,$0,$419,$4,$443,$545,$67,$43,$20,$66,$132,$4,$258,$-12,$413,$545,$59,$10,$-18,$-8,$-3,$0,$0,$10,$6,$57,$-1,$0,$-8,$0,$0,$0,$0,$-9,$-25,$0,$-25,$-0,$-0,$-3,$2,$-26,$20,$2,$-3
20,2013-09-30,9.36,$10.54,0.89,$5.36,1.75,$3.74,2.5,$1.62,5.78,$0.08B,$0.06B,1.41,$0.05B,$0.40B,0.11,$0.21B,$0.17B,80.77%,$0.21B,$0.08B,37.02%,$0.21B,$0.08B,37.02%,$0.21B,$0.09B,42.31%,$0.21B,$0.07B,33.65%,$0.21B,$0.06B,30.29%,$0.06B,$0.40B,16.54%,$0.06B,$-0.02B,-189.47%,$0.06B,$0.53B,11.90%,$0.08B,$0.45B,17.45%,$50,$10,$40,$7,$12,$32,$19,$-4,$14,$1,$13,$13,$13,$21,$19,$38,38,$0.35,$0.34,$38,$0,$5,$84,$9,$0,$421,$4,$449,$533,$60,$46,$25,$73,$133,$4,$242,$-9,$400,$533,$44,$7,$-11,$-3,$-5,$0,$0,$6,$-3,$38,$-1,$0,$-8,$0,$0,$0,$0,$-9,$-22,$0,$-22,$-1,$-1,$-3,$-1,$-27,$0,$1,$-3
21,2013-06-30,8.72,$10.40,0.84,$5.43,1.61,$4.12,2.11,$1.74,5.01,$0.08B,$0.07B,1.18,$0.06B,$0.39B,0.15,$0.21B,$0.17B,81.13%,$0.21B,$0.08B,37.26%,$0.21B,$0.08B,37.26%,$0.21B,$0.09B,42.45%,$0.21B,$0.08B,35.85%,$0.21B,$0.07B,32.08%,$0.07B,$0.39B,18.42%,$0.07B,$-0.03B,-151.11%,$0.07B,$0.54B,12.95%,$0.08B,$0.44B,18.12%,$51,$10,$41,$7,$12,$32,$19,$-2,$18,$4,$14,$14,$14,$22,$19,$37,39,$0.36,$0.35,$36,$0,$5,$82,$9,$0,$419,$4,$456,$538,$69,$59,$23,$84,$153,$4,$229,$-11,$385,$538,$31,$5,$-17,$-12,$-2,$0,$0,$-1,$6,$25,$-1,$0,$-8,$0,$0,$0,$0,$-8,$-10,$0,$-10,$-2,$-2,$-3,$-1,$-15,$-1,$1,$-3
22,2013-03-31,15.27,$10.13,1.51,$5.34,2.86,$4.37,3.5,$1.86,8.21,$0.09B,$0.06B,1.56,$0.07B,$0.38B,0.18,$0.21B,$0.17B,81.34%,$0.21B,$0.08B,37.32%,$0.21B,$0.08B,37.32%,$0.21B,$0.09B,42.11%,$0.21B,$0.08B,37.32%,$0.21B,$0.07B,34.45%,$0.07B,$0.38B,20.10%,$0.07B,$-0.03B,-139.13%,$0.07B,$0.53B,14.04%,$0.08B,$0.44B,18.23%,$53,$10,$43,$7,$14,$33,$19,$-0,$19,$2,$17,$17,$17,$22,$19,$37,39,$0.47,$0.45,$44,$0,$5,$90,$10,$0,$408,$4,$440,$530,$58,$67,$27,$95,$153,$4,$216,$-7,$377,$530,$17,$2,$-7,$-5,$-2,$0,$0,$0,$2,$14,$-0,$0,$-1,$0,$0,$0,$0,$-1,$-4,$0,$-4,$1,$1,$-3,$-1,$-7,$7,$1,$-3
23,2012-12-31,15.11,$9.76,1.55,$5.09,2.97,$4.34,3.48,$1.81,8.35,$0.08B,$0.06B,1.44,$0.07B,$0.36B,0.19,$0.20B,$0.16B,81.00%,$0.20B,$0.08B,38.50%,$0.20B,$0.08B,38.50%,$0.20B,$0.09B,43.00%,$0.20B,$0.08B,38.50%,$0.20B,$0.07B,35.50%,$0.07B,$0.36B,20.42%,$0.07B,$-0.05B,-163.22%,$0.07B,$0.52B,14.56%,$0.08B,$0.43B,18.75%,$54,$10,$44,$8,$13,$34,$20,$-1,$19,$1,$19,$19,$19,$23,$20,$37,39,$0.50,$0.47,$37,$0,$5,$82,$10,$0,$410,$4,$435,$517,$57,$69,$27,$98,$155,$4,$201,$-7,$362,$517,$71,$9,$-5,$4,$-2,$0,$0,$-0,$-2,$72,$-2,$0,$-62,$1,$-0,$1,$0,$-63,$25,$6,$31,$-17,$-17,$-7,$0,$7,$13,$2,$-7
24,2012-09-30,22.07,$9.49,2.33,$4.79,4.61,$4.20,5.26,$1.77,12.47,$0.08B,$0.06B,1.26,$0.07B,$0.35B,0.2,$0.19B,$0.15B,80.53%,$0.19B,$0.07B,38.95%,$0.19B,$0.07B,38.95%,$0.19B,$0.08B,42.63%,$0.19B,$0.08B,41.05%,$0.19B,$0.07B,36.32%,$0.07B,$0.35B,20.52%,$0.07B,$-0.07B,-200.00%,$0.07B,$0.52B,14.96%,$0.07B,$0.43B,18.89%,$54,$10,$44,$7,$14,$33,$21,$-0,$20,$2,$18,$18,$18,$23,$21,$37,39,$0.49,$0.46,$31,$0,$7,$76,$10,$0,$420,$3,$439,$516,$61,$72,$29,$102,$163,$4,$184,$-7,$353,$516,$52,$7,$1,$8,$-2,$0,$0,$-5,$-6,$54,$-1,$0,$-56,$0,$-2,$-2,$0,$-59,$33,$0,$33,$-14,$-14,$-5,$0,$14,$6,$2,$-5
25,2012-06-30,18.61,$9.11,2.04,$4.47,4.16,$4.09,4.55,$1.72,10.82,$0.07B,$0.06B,1.2,$0.07B,$0.34B,0.2,$0.18B,$0.14B,79.89%,$0.18B,$0.07B,39.66%,$0.18B,$0.07B,39.66%,$0.18B,$0.08B,43.58%,$0.18B,$0.08B,42.46%,$0.18B,$0.07B,37.99%,$0.07B,$0.34B,20.97%,$0.07B,$-0.06B,-377.78%,$0.07B,$0.49B,15.91%,$0.07B,$0.41B,19.35%,$48,$9,$39,$6,$13,$30,$18,$3,$20,$2,$18,$18,$18,$20,$18,$37,39,$0.49,$0.47,$27,$0,$6,$69,$10,$0,$402,$3,$421,$489,$57,$69,$20,$91,$149,$4,$168,$-8,$341,$489,$34,$4,$-0,$4,$2,$0,$0,$-4,$-3,$35,$-1,$0,$-48,$0,$0,$0,$0,$-49,$30,$0,$30,$-9,$-9,$-3,$0,$18,$2,$1,$-3
26,2012-03-31,21.54,$9.20,2.34,$4.24,5.08,$3.90,5.53,$1.78,12.1,$0.08B,$0.05B,1.55,$0.04B,$0.34B,0.12,$0.17B,$0.14B,79.19%,$0.17B,$0.07B,41.62%,$0.17B,$0.07B,41.62%,$0.17B,$0.08B,45.66%,$0.17B,$0.08B,43.93%,$0.17B,$0.07B,41.62%,$0.07B,$0.34B,22.33%,$0.07B,$0.00B,4800.00%,$0.07B,$0.43B,17.76%,$0.07B,$0.38B,20.38%,$44,$9,$35,$4,$10,$25,$18,$-0,$18,$2,$16,$16,$16,$20,$18,$36,40,$0.43,$0.40,$38,$0,$5,$75,$9,$0,$333,$1,$355,$429,$48,$41,$4,$46,$94,$4,$152,$-0,$335,$429,$16,$2,$0,$2,$2,$0,$0,$-3,$-4,$14,$-1,$0,$0,$1,$0,$1,$0,$0,$-0,$0,$-0,$0,$0,$-1,$0,$-1,$13,$1,$-1
27,2011-12-31,20.53,$8.69,2.36,$4.18,4.91,$3.82,5.37,$1.75,11.73,$0.06B,$0.05B,1.28,$0.04B,$0.32B,0.13,$0.17B,$0.14B,79.88%,$0.17B,$0.07B,41.42%,$0.17B,$0.07B,41.42%,$0.17B,$0.08B,45.56%,$0.17B,$0.08B,44.38%,$0.17B,$0.07B,42.01%,$0.07B,$0.32B,22.03%,$0.07B,$-0.01B,1670.59%,$0.07B,$0.41B,17.68%,$0.07B,$0.36B,20.06%,$44,$9,$35,$5,$12,$27,$17,$3,$20,$2,$17,$17,$17,$18,$17,$38,41,$0.48,$0.44,$25,$0,$5,$64,$9,$0,$328,$1,$347,$411,$50,$40,$4,$45,$95,$4,$138,$-5,$316,$411,$71,$8,$-10,$-2,$-3,$0,$0,$3,$1,$71,$-3,$0,$-15,$5,$-0,$4,$0,$-13,$3,$7,$10,$-64,$-64,$-1,$1,$-55,$0,$2,$-1
28,2011-09-30,13.62,$8.37,1.63,$4.00,3.4,$3.45,3.95,$1.73,7.87,$0.05B,$0.05B,1.08,$0.02B,$0.31B,0.07,$0.16B,$0.13B,79.38%,$0.16B,$0.07B,41.88%,$0.16B,$0.07B,41.88%,$0.16B,$0.07B,46.25%,$0.16B,$0.07B,43.75%,$0.16B,$0.07B,43.75%,$0.07B,$0.31B,23.26%,$0.07B,$-0.00B,1037.04%,$0.07B,$0.38B,18.69%,$0.07B,$0.33B,20.68%,$43,$9,$34,$5,$9,$25,$18,$-0,$18,$1,$17,$17,$17,$20,$18,$37,40,$0.44,$0.41,$16,$0,$4,$54,$9,$0,$307,$1,$327,$381,$50,$20,$4,$25,$76,$4,$122,$0,$305,$381,$54,$6,$-9,$-3,$-3,$0,$0,$3,$1,$52,$-2,$0,$3,$5,$-0,$4,$0,$6,$-10,$0,$-10,$-57,$-57,$0,$0,$-67,$-9,$2,$0
29,2011-06-30,17.65,$8.69,2.03,$3.80,4.64,$3.04,5.8,$1.75,10.09,$0.07B,$0.04B,1.61,$0.02B,$0.33B,0.06,$0.15B,$0.12B,79.33%,$0.15B,$0.06B,41.33%,$0.15B,$0.06B,41.33%,$0.15B,$0.07B,46.00%,$0.15B,$0.07B,46.00%,$0.15B,$0.07B,46.67%,$0.07B,$0.33B,25.20%,$0.07B,$0.02B,3500.00%,$0.07B,$0.40B,19.86%,$0.06B,$0.36B,20.60%,$42,$9,$33,$5,$8,$24,$19,$1,$20,$-3,$22,$22,$22,$21,$19,$39,42,$0.57,$0.53,$25,$0,$5,$67,$9,$0,$317,$1,$335,$401,$41,$21,$4,$25,$67,$4,$105,$12,$334,$401,$38,$4,$-4,$-1,$-4,$0,$0,$1,$-7,$30,$-1,$0,$3,$5,$-0,$4,$0,$6,$-10,$0,$-10,$-26,$-26,$0,$0,$-36,$0,$1,$0
30,2011-03-31,21.91,$8.43,2.6,$3.62,6.05,$2.96,7.42,$1.58,13.87,$0.08B,$0.05B,1.77,$0.03B,$0.33B,0.08,$0.14B,$0.11B,79.29%,$0.14B,$0.06B,40.00%,$0.14B,$0.06B,40.00%,$0.14B,$0.06B,45.00%,$0.14B,$0.06B,45.71%,$0.14B,$0.06B,44.29%,$0.06B,$0.33B,25.46%,$0.06B,$0.01B,-918.52%,$0.06B,$0.41B,19.25%,$0.06B,$0.36B,21.03%,$40,$7,$33,$5,$11,$24,$16,$1,$17,$2,$15,$15,$15,$18,$16,$38,38,$0.40,$0.37,$39,$0,$7,$81,$9,$0,$321,$1,$332,$413,$46,$25,$4,$33,$79,$4,$83,$9,$334,$413,$15,$2,$1,$3,$-6,$0,$0,$2,$-8,$10,$-1,$0,$4,$3,$0,$3,$0,$6,$-2,$0,$-2,$-2,$-2,$0,$0,$-4,$12,$1,$0
31,2010-12-31,21.93,$6.42,3.42,$3.38,6.5,$2.89,7.6,$1.53,14.33,$0.06B,$0.04B,1.56,$0.03B,$0.23B,0.11,$0.13B,$0.10B,78.03%,$0.13B,$0.05B,40.15%,$0.13B,$0.05B,40.15%,$0.13B,$0.06B,44.70%,$0.13B,$0.06B,45.45%,$0.13B,$0.06B,44.70%,$0.06B,$0.23B,28.47%,$0.06B,$-0.00B,-380.65%,$0.06B,$0.30B,20.58%,$0.05B,$0.26B,23.19%,$35,$8,$27,$3,$9,$21,$14,$1,$15,$-1,$16,$16,$16,$15,$14,$35,39,$0.45,$0.40,$30,$0,$5,$61,$8,$0,$234,$1,$243,$303,$39,$25,$4,$33,$72,$4,$68,$7,$231,$303,$59,$6,$-9,$-3,$-3,$0,$0,$-1,$-4,$52,$-2,$0,$-18,$-5,$0,$-5,$0,$-24,$-18,$2,$-16,$-9,$-9,$0,$1,$-25,$4,$2,$0
32,2010-09-30,21.73,$6.13,3.55,$3.30,6.58,$2.41,9.0,$1.42,15.3,$0.05B,$0.05B,1.09,$0.02B,$0.21B,0.11,$0.13B,$0.10B,77.34%,$0.13B,$0.05B,39.84%,$0.13B,$0.05B,39.84%,$0.13B,$0.06B,44.53%,$0.13B,$0.06B,44.53%,$0.13B,$0.06B,42.97%,$0.06B,$0.21B,28.61%,$0.06B,$-0.02B,-229.17%,$0.06B,$0.29B,19.89%,$0.05B,$0.23B,24.61%,$33,$7,$26,$3,$8,$20,$13,$4,$17,$1,$17,$17,$17,$15,$13,$35,39,$0.48,$0.43,$18,$0,$5,$52,$8,$0,$232,$1,$241,$293,$48,$22,$4,$33,$81,$3,$52,$6,$212,$293,$43,$5,$-5,$-1,$-5,$0,$0,$-2,$-9,$34,$-1,$0,$-15,$-5,$-3,$-8,$0,$-24,$-9,$0,$-9,$-10,$-10,$0,$0,$-19,$-8,$1,$0
33,2010-06-30,14.53,$5.66,2.57,$3.06,4.74,$2.11,6.87,$1.24,11.69,$0.06B,$0.05B,1.13,$0.02B,$0.20B,0.1,$0.12B,$0.09B,77.97%,$0.12B,$0.05B,40.68%,$0.12B,$0.05B,40.68%,$0.12B,$0.05B,44.92%,$0.12B,$0.05B,42.37%,$0.12B,$0.05B,39.83%,$0.05B,$0.20B,27.73%,$0.05B,$-0.02B,-218.60%,$0.05B,$0.28B,18.52%,$0.05B,$0.22B,26.82%,$32,$7,$25,$4,$7,$19,$13,$2,$15,$1,$14,$14,$14,$15,$13,$35,39,$0.40,$0.36,$28,$0,$2,$55,$8,$0,$215,$1,$224,$279,$49,$19,$8,$33,$82,$3,$35,$-0,$197,$279,$26,$3,$-1,$2,$-2,$0,$0,$0,$-4,$24,$-1,$0,$-7,$-6,$-3,$-9,$0,$-17,$-0,$0,$-0,$-5,$-5,$0,$0,$-5,$2,$1,$0
34,2010-03-31,14.79,$5.39,2.74,$2.84,5.21,$1.91,7.73,$1.13,13.13,$0.05B,$0.05B,1.09,$0.02B,$0.19B,0.11,$0.11B,$0.09B,78.70%,$0.11B,$0.04B,40.74%,$0.11B,$0.04B,40.74%,$0.11B,$0.05B,44.44%,$0.11B,$0.04B,40.74%,$0.11B,$0.04B,38.89%,$0.04B,$0.19B,28.82%,$0.04B,$-0.02B,-180.65%,$0.04B,$0.27B,18.65%,$0.04B,$0.21B,28.53%,$32,$7,$25,$3,$7,$19,$13,$0,$13,$1,$12,$12,$12,$14,$13,$35,39,$0.36,$0.32,$23,$0,$4,$53,$8,$0,$210,$1,$219,$272,$49,$20,$10,$35,$84,$4,$21,$2,$189,$272,$12,$2,$-1,$1,$-2,$0,$0,$0,$-5,$8,$-0,$0,$-3,$-1,$-3,$-4,$0,$-7,$1,$0,$1,$-1,$-1,$0,$0,$0,$1,$0,$0
35,2009-12-31,15.08,$4.96,3.04,$2.59,5.81,$1.92,7.87,$1.04,14.55,$0.05B,$0.08B,0.62,$0.00B,$0.17B,0.0,$0.10B,$0.08B,79.38%,$0.10B,$0.04B,40.21%,$0.10B,$0.04B,40.21%,$0.10B,$0.04B,44.33%,$0.10B,$0.04B,41.24%,$0.10B,$0.04B,39.18%,$0.04B,$0.17B,32.27%,$0.04B,$-0.04B,-142.06%,$0.04B,$0.26B,19.59%,$0.04B,$0.17B,31.14%,$31,$8,$23,$3,$7,$19,$12,$0,$12,$0,$12,$12,$12,$13,$12,$31,38,$0.37,$0.31,$21,$0,$3,$47,$8,$0,$207,$1,$216,$262,$75,$1,$10,$16,$91,$3,$9,$0,$171,$262,$39,$4,$-2,$2,$-9,$0,$0,$-0,$-7,$34,$-3,$0,$-44,$-0,$0,$-0,$0,$-47,$24,$-2,$22,$1,$1,$0,$0,$23,$10,$1,$0
36,2009-09-30,17.1,$3.84,4.45,$2.32,7.37,$1.82,9.39,$0.95,18.06,$0.07B,$0.08B,0.83,$0.00B,$0.12B,0.0,$0.09B,$0.07B,81.40%,$0.09B,$0.04B,40.70%,$0.09B,$0.04B,40.70%,$0.09B,$0.04B,45.35%,$0.09B,$0.04B,41.86%,$0.09B,$0.03B,39.53%,$0.03B,$0.12B,36.76%,$0.03B,$-0.01B,-122.52%,$0.03B,$0.20B,20.76%,$0.04B,$0.12B,33.73%,$23,$4,$19,$3,$5,$14,$10,$-0,$10,$0,$9,$9,$9,$11,$10,$31,38,$0.30,$0.25,$32,$0,$14,$65,$5,$0,$131,$1,$137,$202,$78,$0,$2,$3,$81,$1,$-3,$-0,$121,$202,$27,$3,$1,$3,$-5,$0,$0,$-3,$-8,$22,$-2,$0,$-18,$0,$-4,$-4,$0,$-24,$23,$0,$23,$1,$1,$0,$0,$24,$21,$1,$0
37,2009-06-30,9.67,$3.29,2.94,$2.26,4.29,$1.80,5.37,$0.90,10.75,$0.03B,$0.04B,0.74,$0.02B,$0.10B,0.15,$0.08B,$0.07B,80.72%,$0.08B,$0.03B,39.76%,$0.08B,$0.03B,39.76%,$0.08B,$0.04B,44.58%,$0.08B,$0.03B,40.96%,$0.08B,$0.03B,38.55%,$0.03B,$0.10B,40.38%,$0.03B,$-0.03B,-91.43%,$0.03B,$0.17B,21.51%,$0.03B,$0.12B,33.59%,$22,$5,$18,$3,$5,$13,$9,$0,$9,$0,$9,$9,$9,$10,$9,$31,37,$0.29,$0.24,$15,$0,$2,$33,$5,$0,$127,$1,$132,$165,$44,$15,$3,$19,$63,$1,$-13,$-5,$102,$165,$17,$2,$1,$2,$-3,$0,$0,$-0,$-4,$16,$-1,$0,$-6,$-2,$-4,$-6,$0,$-13,$-1,$0,$-1,$1,$1,$0,$0,$0,$2,$1,$0
38,2009-03-31,7.68,$2.59,2.97,$2.15,3.57,$1.70,4.5,$0.84,9.17,$0.03B,$0.05B,0.57,$0.02B,$0.08B,0.2,$0.08B,$0.06B,81.01%,$0.08B,$0.03B,39.24%,$0.08B,$0.03B,39.24%,$0.08B,$0.04B,44.30%,$0.08B,$0.03B,40.51%,$0.08B,$0.03B,36.71%,$0.03B,$0.08B,41.43%,$0.03B,$-0.04B,-80.00%,$0.03B,$0.15B,20.83%,$0.03B,$0.09B,34.35%,$21,$4,$17,$3,$5,$12,$8,$0,$9,$0,$8,$8,$8,$9,$8,$30,37,$0.28,$0.23,$12,$0,$1,$29,$4,$0,$113,$1,$117,$147,$51,$15,$3,$19,$70,$1,$-22,$-12,$77,$147,$8,$1,$0,$1,$-2,$0,$0,$-0,$-2,$8,$-1,$0,$0,$1,$-4,$-3,$0,$-4,$-1,$0,$-1,$-1,$-1,$0,$0,$-1,$2,$0,$0
39,2008-12-31,7.38,$2.35,3.14,$2.04,3.62,$1.61,4.6,$0.76,9.68,$0.03B,$0.05B,0.47,$0.02B,$0.07B,0.22,$0.08B,$0.06B,81.33%,$0.08B,$0.03B,38.67%,$0.08B,$0.03B,38.67%,$0.08B,$0.03B,44.00%,$0.08B,$0.03B,38.67%,$0.08B,$0.03B,36.00%,$0.03B,$0.07B,39.85%,$0.03B,$-0.04B,-81.20%,$0.03B,$0.14B,20.11%,$0.03B,$0.09B,32.49%,$20,$4,$16,$3,$4,$12,$8,$0,$8,$0,$8,$8,$8,$9,$8,$30,37,$0.27,$0.22,$11,$0,$1,$26,$4,$0,$110,$2,$116,$141,$54,$15,$1,$17,$71,$1,$-30,$-11,$70,$141,$27,$3,$-1,$2,$-0,$0,$0,$-2,$-3,$27,$-1,$0,$-73,$-1,$0,$-1,$0,$-74,$24,$0,$24,$-12,$-12,$0,$0,$12,$-39,$1,$0
40,2008-09-30,9.67,$2.31,4.18,$1.88,5.15,$1.31,7.36,$0.68,14.32,$0.03B,$0.04B,0.74,$0.03B,$0.07B,0.46,$0.07B,$0.06B,82.09%,$0.07B,$0.03B,38.81%,$0.07B,$0.03B,38.81%,$0.07B,$0.03B,43.28%,$0.07B,$0.03B,38.81%,$0.07B,$0.02B,34.33%,$0.02B,$0.07B,35.25%,$0.02B,$-0.04B,-119.48%,$0.02B,$0.14B,18.22%,$0.03B,$0.10B,29.46%,$20,$4,$16,$2,$5,$12,$8,$-0,$8,$0,$7,$7,$7,$9,$8,$29,37,$0.26,$0.21,$13,$0,$0,$29,$4,$0,$106,$3,$113,$142,$39,$31,$3,$35,$74,$1,$-38,$-2,$68,$142,$19,$2,$1,$3,$-2,$0,$0,$-1,$-3,$19,$-1,$0,$-66,$-1,$0,$-1,$0,$-68,$24,$0,$24,$-11,$-11,$0,$0,$13,$-38,$1,$0
41,2008-06-30,8.0,$2.28,3.51,$1.68,4.75,$1.05,7.62,$0.58,13.8,$0.03B,$0.04B,0.7,$0.02B,$0.07B,0.31,$0.06B,$0.05B,83.05%,$0.06B,$0.02B,37.29%,$0.06B,$0.02B,37.29%,$0.06B,$0.02B,40.68%,$0.06B,$0.02B,37.29%,$0.06B,$0.02B,33.90%,$0.02B,$0.07B,33.06%,$0.02B,$-0.03B,-421.05%,$0.02B,$0.13B,18.96%,$0.02B,$0.09B,29.04%,$18,$3,$15,$2,$5,$11,$7,$-0,$7,$0,$6,$6,$6,$8,$7,$29,36,$0.22,$0.18,$12,$0,$1,$26,$3,$0,$95,$2,$100,$127,$38,$20,$3,$24,$62,$0,$-46,$6,$65,$127,$12,$2,$0,$2,$-3,$0,$0,$0,$-3,$11,$-0,$0,$-44,$-1,$0,$-1,$0,$-45,$9,$0,$9,$-11,$-11,$0,$0,$-2,$-38,$0,$0
42,2008-03-31,7.62,$2.23,3.42,$1.51,5.04,$0.88,8.67,$0.48,15.76,$0.03B,$0.04B,0.84,$0.02B,$0.07B,0.29,$0.05B,$0.04B,82.35%,$0.05B,$0.02B,33.33%,$0.05B,$0.02B,33.33%,$0.05B,$0.02B,37.25%,$0.05B,$0.02B,33.33%,$0.05B,$0.02B,33.33%,$0.02B,$0.07B,30.63%,$0.02B,$-0.02B,272.00%,$0.02B,$0.13B,19.37%,$0.02B,$0.09B,25.86%,$17,$3,$14,$2,$5,$10,$6,$-0,$6,$0,$6,$6,$6,$7,$6,$31,37,$0.18,$0.16,$14,$0,$1,$30,$3,$0,$92,$2,$97,$127,$36,$20,$3,$23,$59,$0,$-52,$5,$68,$127,$6,$1,$0,$1,$-5,$0,$0,$0,$-3,$4,$-0,$0,$-43,$-4,$0,$-4,$0,$-47,$-0,$4,$4,$0,$0,$0,$0,$4,$-40,$0,$0
43,2007-12-31,7.54,$1.97,3.83,$1.38,5.47,$0.85,8.84,$0.40,19.05,$0.06B,$0.03B,2.38,$0.02B,$0.06B,0.34,$0.04B,$0.04B,81.40%,$0.04B,$0.01B,30.23%,$0.04B,$0.01B,30.23%,$0.04B,$0.02B,34.88%,$0.04B,$0.01B,30.23%,$0.04B,$0.01B,30.23%,$0.01B,$0.06B,28.57%,$0.01B,$0.02B,110.64%,$0.01B,$0.11B,19.05%,$0.01B,$0.08B,25.49%,$12,$2,$10,$1,$3,$8,$5,$0,$5,$0,$4,$4,$4,$5,$5,$28,32,$0.15,$0.14,$49,$0,$1,$59,$3,$0,$44,$2,$49,$109,$25,$20,$1,$23,$48,$0,$-58,$3,$60,$109,$13,$3,$-0,$3,$-1,$0,$0,$0,$-0,$15,$-2,$0,$-14,$0,$0,$0,$0,$-16,$19,$6,$25,$20,$20,$0,$0,$44,$45,$0,$0
44,2007-09-30,5.11,$1.65,3.1,$1.32,3.87,$0.57,9.01,$0.32,15.92,$0.03B,$0.01B,2.68,$0.00B,$0.05B,0.01,$0.04B,$0.03B,82.50%,$0.04B,$0.01B,25.00%,$0.04B,$0.01B,25.00%,$0.04B,$0.01B,32.50%,$0.04B,$0.01B,25.00%,$0.04B,$0.01B,27.50%,$0.01B,$0.05B,29.73%,$0.01B,$0.02B,169.23%,$0.01B,$0.06B,20.85%,$0.01B,$0.05B,26.67%,$12,$2,$10,$2,$4,$8,$4,$0,$4,$0,$4,$4,$4,$4,$4,$29,33,$0.13,$0.11,$16,$0,$1,$27,$2,$0,$30,$0,$33,$59,$10,$0,$0,$1,$11,$0,$-62,$1,$49,$59,$8,$2,$1,$3,$-2,$0,$0,$1,$-2,$9,$-1,$0,$-0,$0,$0,$0,$0,$-1,$-1,$-10,$-11,$14,$14,$0,$0,$2,$11,$0,$0
45,2007-06-30,4.14,$1.54,2.69,$1.22,3.38,$0.39,10.54,$0.27,15.39,$0.02B,$0.01B,2.25,$0.00B,$0.05B,0.01,$0.04B,$0.03B,82.86%,$0.04B,$0.01B,22.86%,$0.04B,$0.01B,22.86%,$0.04B,$0.01B,31.43%,$0.04B,$0.01B,22.86%,$0.04B,$0.01B,25.71%,$0.01B,$0.05B,29.27%,$0.01B,$0.01B,276.92%,$0.01B,$0.06B,19.67%,$0.01B,$0.05B,25.40%,$10,$2,$8,$2,$3,$8,$2,$0,$2,$-0,$3,$3,$3,$3,$2,$27,30,$0.09,$0.08,$12,$0,$1,$22,$2,$0,$31,$0,$33,$56,$10,$0,$0,$1,$11,$0,$-65,$2,$45,$56,$4,$1,$0,$1,$-2,$0,$0,$1,$-2,$4,$-0,$0,$-0,$0,$0,$0,$-0,$-0,$-0,$-10,$-10,$13,$13,$0,$0,$3,$7,$0,$0
46,2007-03-31,2.98,$1.11,2.69,$1.15,2.6,$0.32,9.29,$0.24,12.49,$0.02B,$0.02B,0.8,$0.00B,$0.03B,0.02,$0.03B,$0.03B,84.38%,$0.03B,$0.01B,25.00%,$0.03B,$0.01B,25.00%,$0.03B,$0.01B,31.25%,$0.03B,$0.01B,25.00%,$0.03B,$0.01B,21.88%,$0.01B,$0.03B,28.28%,$0.01B,$-0.00B,1400.00%,$0.01B,$0.05B,17.83%,$0.01B,$0.03B,30.77%,$9,$2,$7,$2,$3,$7,$2,$-0,$2,$0,$2,$2,$2,$3,$2,$26,29,$0.08,$0.07,$7,$0,$1,$16,$2,$0,$31,$0,$33,$49,$20,$0,$0,$1,$21,$0,$-68,$1,$28,$49,$2,$1,$0,$1,$-1,$0,$0,$1,$-1,$2,$-0,$0,$-0,$0,$0,$0,$0,$-0,$-0,$0,$-0,$0,$0,$0,$0,$-0,$2,$0,$0
47,2006-12-31,2.88,$1.02,2.82,$1.04,2.77,$0.26,11.07,$0.21,13.63,$0.01B,$0.02B,0.7,$0.00B,$0.03B,0.04,$0.03B,$0.02B,82.76%,$0.03B,$0.01B,24.14%,$0.03B,$0.01B,24.14%,$0.03B,$0.01B,27.59%,$0.03B,$0.01B,24.14%,$0.03B,$0.01B,20.69%,$0.01B,$0.03B,26.37%,$0.01B,$-0.01B,266.67%,$0.01B,$0.05B,17.78%,$0.01B,$0.03B,29.17%,$9,$2,$8,$2,$3,$7,$2,$-0,$2,$0,$2,$2,$2,$3,$2,$25,28,$0.07,$0.06,$5,$0,$1,$14,$2,$0,$31,$0,$33,$47,$20,$1,$0,$1,$21,$0,$-70,$1,$26,$47,$6,$2,$0,$2,$-4,$0,$0,$1,$-4,$4,$-1,$0,$-15,$-0,$0,$-0,$0,$-16,$-1,$10,$9,$1,$1,$0,$0,$10,$-2,$0,$0
