,Date,Stock Price,Book Value per Share,Price to Book Ratio,TTM Sales per Share,Price to Sales Ratio,TTM FCF per Share,Price to FCF Ratio,TTM Net EPS,PE Ratio,Current Assets,Current Liabilities,Current Ratio,Long Term Debt,Shareholder's Equity_x,Debt to Equity Ratio,TTM Revenue_x,TTM Gross Profit,Gross Margin,TTM Revenue_y,TTM Operating Income,Operating Margin,TTM Revenue_x,TTM EBIT,EBIT Margin,TTM Revenue_y,TTM EBITDA,EBITDA Margin,TTM Revenue_x,TTM Pre-Tax Income,Pre-Tax Margin,TTM Revenue_y,TTM Net Income_x,Net Margin,TTM Net Income_y,Shareholder's Equity_y,Return on Equity,TTM Net Income_x,Tangible Equity,Return on Tangible Equity,TTM Net Income_y,Total Assets,Return on Assets,TTM Net Income,LT Investments & Debt,Return on Investment,revenue,cost-goods-sold,gross-profit,research-development-expenses,selling-general-administrative-expenses,operating-expenses,operating-income,total-non-operating-income-expense,pre-tax-income,total-provision-income-taxes,income-after-taxes,income-from-continuous-operations,net-income,ebitda,ebit,basic-shares-outstanding,shares-outstanding,eps-basic-net-earnings-per-share,eps-earnings-per-share-diluted,cash-on-hand,inventory,other-current-assets,total-current-assets,net-property-plant-equipment,long-term-investments,goodwill-intangible-assets-total,other-long-term-assets,total-long-term-assets,total-assets,total-current-liabilities,long-term-debt,other-non-current-liabilities,total-long-term-liabilities,total-liabilities,common-stock-net,retained-earnings-accumulated-deficit,comprehensive-income,total-share-holder-equity,total-liabilities-share-holders-equity,net-income-loss,total-depreciation-amortization-cash-flow,other-non-cash-items,total-non-cash-items,change-in-accounts-receivable,change-in-inventories,change-in-accounts-payable,change-in-assets-liabilities,total-change-in-assets-liabilities,cash-flow-from-operating-activities,net-change-in-property-plant-equipment,net-change-in-intangible-assets,net-acquisitions-divestitures,net-change-in-short-term-investments,net-change-in-long-term-investments,net-change-in-investments-total,investing-activities-other,cash-flow-from-investing-activities,net-long-term-debt,net-current-debt,debt-issuance-retirement-net-total,net-common-equity-issued-repurchased,net-total-equity-issued-repurchased,total-common-preferred-stock-dividends-paid,financial-activities-other,cash-flow-from-financial-activities,net-cash-flow,stock-based-compensation,common-stock-dividends-paid
0,2018-09-30,18.15,$16.85,1.08,$9.09,2.0,$3.92,4.63,$0.46,39.46,$0.61B,$0.63B,0.98,$0.12B,$0.09B,1.31,$0.05B,$0.04B,89.36%,$0.05B,$0.01B,14.89%,$0.05B,0,0.00%,$0.05B,0,0.00%,$0.05B,$0.01B,12.77%,$0.05B,$0.01B,10.64%,$0.01B,$0.09B,5.57%,$0.01B,$0.08B,6.47%,$0.01B,$0.84B,0.63%,$0.01B,$0.21B,3.51%,$13,$1,$11,$0,$9,$10,$2,$-0,$2,$0,$2,$2,$2,$0,$0,$5,6,$0.30,$0.30,$9,$0,$0,$612,$29,$163,$14,$21,$228,$840,$627,$121,$0,$121,$748,$0,$46,$-3,$92,$840,$4,$3,$1,$4,$-1,$0,$0,$0,$1,$9,$-6,$0,$-4,$0,$8,$8,$-35,$-37,$-27,$39,$13,$0,$0,$-1,$19,$30,$2,$0,$-1
1,2018-06-30,19.21,$16.81,1.14,$9.71,1.98,$7.34,2.62,$0.91,21.11,$0.60B,$0.62B,0.97,$0.12B,$0.09B,1.27,$0.05B,$0.04B,91.11%,$0.05B,$0.01B,17.78%,$0.05B,0,0.00%,$0.05B,0,0.00%,$0.05B,$0.01B,13.33%,$0.05B,$0.01B,11.11%,$0.01B,$0.09B,6.06%,$0.01B,$0.08B,6.97%,$0.01B,$0.83B,0.65%,$0.01B,$0.21B,4.23%,$12,$1,$11,$0,$9,$10,$2,$-0,$2,$0,$1,$1,$1,$0,$0,$5,6,$0.24,$0.24,$9,$0,$0,$600,$28,$168,$14,$15,$227,$827,$619,$116,$0,$116,$735,$0,$45,$-2,$92,$827,$2,$2,$1,$3,$-3,$0,$0,$0,$-2,$3,$-5,$0,$-4,$0,$5,$5,$-15,$-19,$-15,$23,$9,$0,$0,$-1,$10,$18,$2,$0,$-1
2,2018-03-31,20.56,$16.66,1.23,$10.24,2.01,$9.42,2.18,$0.94,21.87,$0.59B,$0.63B,0.93,$0.09B,$0.09B,1.04,$0.04B,$0.04B,90.70%,$0.04B,$0.01B,18.60%,$0.04B,0,0.00%,$0.04B,0,0.00%,$0.04B,$0.01B,13.95%,$0.04B,$0.01B,11.63%,$0.01B,$0.09B,6.67%,$0.01B,$0.08B,7.58%,$0.01B,$0.82B,0.68%,$0.01B,$0.19B,4.33%,$11,$1,$10,$0,$8,$10,$1,$-0,$1,$0,$1,$1,$1,$0,$0,$5,5,$0.11,$0.11,$13,$0,$0,$586,$27,$171,$14,$16,$230,$816,$631,$94,$0,$94,$725,$0,$44,$-2,$91,$816,$1,$1,$1,$2,$-0,$0,$0,$0,$-0,$2,$-4,$0,$-4,$0,$1,$1,$1,$-6,$-2,$-11,$-13,$0,$0,$-0,$23,$9,$5,$0,$-0
3,2017-12-31,20.66,$16.68,1.24,$10.72,1.93,$12.68,1.63,$1.03,20.06,$0.53B,$0.53B,1.0,$0.11B,$0.08B,1.29,$0.04B,$0.04B,90.48%,$0.04B,$0.01B,19.05%,$0.04B,0,0.00%,$0.04B,0,0.00%,$0.04B,$0.01B,14.29%,$0.04B,$0.01B,11.90%,$0.01B,$0.08B,7.43%,$0.01B,$0.08B,8.33%,$0.01B,$0.72B,0.71%,$0.01B,$0.19B,4.69%,$11,$1,$10,$0,$8,$9,$2,$-0,$1,$1,$1,$1,$1,$0,$0,$4,4,$0.08,$0.07,$7,$0,$0,$526,$22,$144,$7,$15,$190,$717,$525,$108,$0,$108,$633,$0,$44,$-0,$84,$717,$4,$4,$1,$5,$9,$0,$0,$1,$11,$20,$-3,$0,$0,$0,$-4,$-4,$-49,$-57,$45,$-34,$11,$20,$20,$-1,$8,$37,$0,$0,$-1
4,2017-09-30,18.16,$16.62,1.09,$10.90,1.67,$11.46,1.59,$1.29,14.08,$0.53B,$0.53B,0.99,$0.11B,$0.06B,1.72,$0.04B,$0.04B,90.48%,$0.04B,$0.01B,19.05%,$0.04B,0,0.00%,$0.04B,0,0.00%,$0.04B,$0.01B,16.67%,$0.04B,$0.01B,11.90%,$0.01B,$0.06B,8.20%,$0.01B,$0.06B,9.26%,$0.01B,$0.70B,0.72%,$0.01B,$0.17B,4.94%,$11,$1,$10,$0,$7,$9,$3,$-0,$2,$1,$2,$2,$2,$0,$0,$4,4,$0.45,$0.45,$8,$0,$0,$525,$21,$132,$7,$16,$178,$703,$531,$109,$0,$109,$639,$0,$44,$-0,$63,$703,$4,$3,$1,$4,$8,$0,$0,$1,$10,$17,$-2,$0,$0,$0,$8,$8,$-46,$-39,$47,$-36,$11,$0,$0,$-1,$12,$23,$1,$0,$-1
5,2017-06-30,17.68,$16.30,1.08,$10.82,1.63,$9.28,1.91,$1.30,13.6,$0.53B,$0.52B,1.02,$0.13B,$0.06B,2.08,$0.04B,$0.04B,90.48%,$0.04B,$0.01B,16.67%,$0.04B,0,0.00%,$0.04B,0,0.00%,$0.04B,$0.01B,16.67%,$0.04B,$0.01B,11.90%,$0.01B,$0.06B,8.30%,$0.01B,$0.06B,9.39%,$0.01B,$0.71B,0.73%,$0.01B,$0.19B,4.55%,$10,$1,$9,$0,$8,$9,$2,$-0,$2,$0,$1,$1,$1,$0,$0,$4,4,$0.28,$0.27,$9,$0,$0,$530,$20,$135,$7,$16,$180,$710,$519,$129,$0,$129,$648,$0,$42,$0,$62,$710,$2,$2,$0,$2,$2,$0,$0,$0,$3,$7,$-1,$0,$0,$0,$6,$6,$-44,$-38,$20,$12,$32,$0,$0,$-1,$1,$32,$2,$0,$-1
6,2017-03-31,19.36,$15.75,1.23,$10.57,1.83,$8.43,2.3,$1.35,14.34,$0.50B,$0.53B,0.94,$0.07B,$0.06B,1.14,$0.04B,$0.04B,90.48%,$0.04B,$0.01B,16.67%,$0.04B,0,0.00%,$0.04B,0,0.00%,$0.04B,$0.01B,16.67%,$0.04B,$0.01B,11.90%,$0.01B,$0.06B,8.40%,$0.01B,$0.05B,9.52%,$0.01B,$0.68B,0.74%,$0.01B,$0.13B,5.02%,$10,$1,$9,$0,$7,$9,$1,$-0,$1,$0,$1,$1,$1,$0,$0,$4,4,$0.20,$0.20,$6,$0,$0,$500,$20,$137,$7,$17,$183,$684,$531,$68,$25,$93,$624,$0,$42,$-1,$60,$684,$1,$1,$0,$1,$10,$0,$0,$0,$10,$12,$-0,$0,$0,$0,$2,$2,$-23,$-22,$11,$-15,$-4,$0,$0,$-0,$13,$9,$-1,$0,$-0
7,2016-12-31,20.45,$15.60,1.31,$10.30,1.99,$6.70,3.05,$1.36,15.04,$0.49B,$0.52B,0.95,$0.10B,$0.06B,1.64,$0.04B,$0.04B,90.24%,$0.04B,$0.01B,17.07%,$0.04B,0,0.00%,$0.04B,0,0.00%,$0.04B,$0.01B,17.07%,$0.04B,$0.01B,12.20%,$0.01B,$0.06B,8.51%,$0.01B,$0.05B,9.71%,$0.01B,$0.67B,0.75%,$0.01B,$0.16B,5.02%,$11,$1,$10,$0,$8,$9,$2,$0,$2,$1,$1,$1,$1,$0,$0,$4,4,$0.39,$0.37,$7,$0,$0,$489,$19,$139,$7,$17,$185,$674,$517,$97,$0,$97,$614,$0,$41,$-1,$59,$674,$5,$5,$1,$6,$1,$0,$0,$1,$2,$13,$-2,$0,$0,$0,$14,$14,$-63,$-51,$-6,$15,$10,$0,$0,$-1,$30,$38,$-0,$0,$-1
8,2016-09-30,13.7,$15.89,0.86,$9.62,1.43,$5.36,2.56,$1.21,11.33,$0.49B,$0.52B,0.93,$0.08B,$0.06B,1.31,$0.04B,$0.04B,92.11%,$0.04B,$0.01B,15.79%,$0.04B,0,0.00%,$0.04B,0,0.00%,$0.04B,$0.01B,15.79%,$0.04B,$0.01B,13.16%,$0.01B,$0.06B,8.66%,$0.01B,$0.05B,9.90%,$0.01B,$0.67B,0.77%,$0.01B,$0.14B,4.54%,$11,$1,$10,$0,$7,$8,$2,$0,$2,$1,$2,$2,$2,$0,$0,$4,4,$0.46,$0.46,$8,$0,$0,$486,$20,$144,$7,$17,$188,$674,$521,$79,$15,$94,$614,$0,$40,$1,$60,$674,$4,$3,$1,$4,$-0,$0,$0,$0,$1,$9,$-2,$0,$0,$0,$13,$13,$-57,$-46,$-3,$10,$6,$0,$0,$-1,$32,$37,$0,$0,$-1
9,2016-06-30,12.19,$15.61,0.78,$8.90,1.37,$5.87,2.08,$0.89,13.69,$0.47B,$0.51B,0.91,$0.08B,$0.06B,1.28,$0.04B,$0.03B,91.43%,$0.04B,$0.01B,14.29%,$0.04B,0,0.00%,$0.04B,0,0.00%,$0.04B,$0.01B,14.29%,$0.04B,$0.00B,11.43%,$0.00B,$0.06B,7.11%,$0.00B,$0.05B,8.16%,$0.00B,$0.66B,0.63%,$0.01B,$0.13B,4.00%,$10,$1,$9,$0,$7,$8,$2,$0,$2,$0,$1,$1,$1,$0,$0,$4,4,$0.34,$0.32,$6,$0,$0,$470,$18,$150,$7,$18,$194,$663,$514,$75,$15,$90,$604,$0,$39,$1,$59,$663,$2,$2,$2,$4,$-4,$0,$0,$0,$-3,$3,$-0,$0,$0,$0,$7,$7,$-40,$-32,$-1,$4,$3,$0,$0,$-1,$26,$28,$-1,$0,$-1
10,2016-03-31,11.58,$15.00,0.77,$8.59,1.35,$6.20,1.87,$0.78,14.85,$0.45B,$0.50B,0.89,$0.07B,$0.06B,1.26,$0.03B,$0.03B,93.94%,$0.03B,$0.00B,12.12%,$0.03B,0,0.00%,$0.03B,0,0.00%,$0.03B,$0.00B,12.12%,$0.03B,$0.00B,12.12%,$0.00B,$0.06B,7.27%,$0.00B,$0.05B,8.42%,$0.00B,$0.64B,0.65%,$0.00B,$0.13B,3.46%,$9,$1,$8,$0,$7,$8,$1,$0,$1,$0,$1,$1,$1,$0,$0,$4,4,$0.17,$0.17,$7,$0,$0,$446,$18,$155,$8,$15,$197,$643,$500,$71,$15,$86,$586,$0,$38,$-0,$57,$643,$1,$1,$-2,$-0,$2,$0,$0,$0,$5,$5,$-0,$0,$0,$0,$1,$1,$-16,$-15,$-2,$1,$-2,$0,$0,$-0,$11,$9,$-1,$0,$-0
11,2015-12-31,11.7,$14.67,0.8,$8.35,1.4,$5.41,2.16,$0.67,17.47,$0.43B,$0.49B,0.89,$0.07B,$0.06B,1.31,$0.03B,$0.03B,93.75%,$0.03B,$0.00B,9.38%,$0.03B,0,0.00%,$0.03B,0,0.00%,$0.03B,$0.00B,9.38%,$0.03B,$0.00B,9.38%,$0.00B,$0.06B,5.50%,$0.00B,$0.05B,6.38%,$0.00B,$0.63B,0.50%,$0.00B,$0.13B,2.78%,$8,$1,$8,$0,$6,$7,$1,$0,$1,$-0,$1,$1,$1,$0,$0,$4,4,$0.23,$0.22,$7,$0,$0,$432,$18,$155,$8,$16,$198,$630,$487,$73,$15,$88,$575,$0,$37,$-1,$55,$630,$3,$4,$0,$5,$-1,$0,$0,$-2,$-2,$5,$1,$0,$0,$0,$13,$13,$-91,$-77,$29,$-2,$28,$-1,$-1,$-1,$42,$67,$-5,$0,$-1
12,2015-09-30,10.66,$14.41,0.74,$4.69,2.27,$4.88,2.19,$0.69,15.45,$0.41B,$0.49B,0.85,$0.06B,$0.05B,1.02,$0.02B,$0.02B,94.44%,$0.02B,$0.00B,11.11%,$0.02B,0,0.00%,$0.02B,0,0.00%,$0.02B,$0.00B,11.11%,$0.02B,$0.00B,11.11%,$0.00B,$0.05B,3.69%,$0.00B,$0.05B,4.28%,$0.00B,$0.61B,0.35%,$0.00B,$0.11B,1.94%,$8,$1,$7,$0,$6,$8,$1,$0,$1,$0,$1,$1,$1,$0,$0,$4,4,$0.14,$0.14,$7,$0,$0,$413,$18,$156,$8,$15,$199,$611,$487,$56,$15,$70,$557,$0,$37,$-1,$54,$611,$2,$3,$0,$3,$3,$0,$0,$-1,$3,$8,$1,$0,$0,$0,$12,$12,$-75,$-61,$15,$-5,$11,$-1,$-1,$-1,$40,$48,$-5,$0,$-1
13,2015-06-30,10.07,$14.05,0.72,$4.46,2.26,$2.00,5.03,$0.73,13.8,$0.38B,$0.47B,0.82,$0.04B,$0.05B,0.81,$0.02B,$0.02B,100.00%,$0.02B,$0.00B,11.76%,$0.02B,0,0.00%,$0.02B,0,0.00%,$0.02B,$0.00B,11.76%,$0.02B,$0.00B,11.76%,$0.00B,$0.05B,3.70%,$0.00B,$0.05B,4.32%,$0.00B,$0.58B,0.35%,$0.00B,$0.10B,1.97%,$8,$1,$8,$0,$6,$7,$1,$0,$1,$0,$1,$1,$1,$0,$0,$4,4,$0.21,$0.21,$9,$0,$0,$384,$18,$156,$8,$15,$200,$583,$471,$44,$15,$59,$530,$0,$36,$-2,$54,$583,$1,$2,$0,$2,$0,$0,$0,$-1,$-0,$3,$1,$0,$0,$0,$10,$10,$-41,$-29,$16,$-17,$-1,$-1,$-1,$-1,$24,$22,$-4,$0,$-1
14,2015-03-31,10.3,$14.34,0.72,$4.04,2.55,$0.65,15.96,$0.73,14.11,$0.36B,$0.46B,0.78,$0.04B,$0.06B,0.78,$0.02B,$0.02B,93.75%,$0.02B,$0.00B,6.25%,$0.02B,0,0.00%,$0.02B,0,0.00%,$0.02B,$0.00B,6.25%,$0.02B,$0.00B,12.50%,$0.00B,$0.06B,3.74%,$0.00B,$0.05B,4.37%,$0.00B,$0.56B,0.36%,$0.00B,$0.10B,0.97%,$8,$1,$7,$0,$6,$7,$0,$0,$0,$0,$0,$0,$0,$0,$0,$4,4,$0.10,$0.10,$5,$0,$0,$358,$20,$159,$8,$14,$202,$559,$457,$43,$5,$48,$505,$0,$36,$-1,$55,$559,$0,$1,$0,$1,$1,$0,$0,$-0,$-0,$2,$-0,$0,$0,$0,$11,$11,$-18,$-8,$-0,$-12,$-12,$-1,$-1,$-0,$12,$-2,$-8,$0,$-0
15,2014-12-31,10.11,$14.05,0.72,$3.70,2.73,$1.70,5.93,$0.66,15.32,$0.35B,$0.45B,0.78,$0.06B,$0.05B,1.01,$0.01B,$0.01B,100.00%,$0.01B,$0.00B,7.14%,$0.01B,0,0.00%,$0.01B,0,0.00%,$0.01B,$0.00B,7.14%,$0.01B,$0.00B,14.29%,$0.00B,$0.05B,3.85%,$0.00B,$0.05B,4.49%,$0.00B,$0.56B,0.37%,$0.00B,$0.11B,1.03%,$-6,$-0,$-5,$0,$-5,$-6,$-0,$0,$-0,$-0,$-0,$-0,$-0,$0,$0,$4,4,$-0.01,$0.00,$13,$0,$0,$349,$20,$169,$8,$14,$212,$560,$446,$55,$5,$60,$506,$0,$36,$-1,$54,$560,$2,$2,$-0,$2,$-0,$0,$0,$0,$1,$4,$-0,$0,$0,$0,$30,$30,$-44,$-15,$-0,$4,$4,$-1,$-1,$-1,$14,$16,$6,$0,$-1
16,2014-09-30,9.83,$13.62,0.72,$5.21,1.89,$2.77,3.55,$0.54,18.2,$0.33B,$0.45B,0.73,$0.05B,$0.05B,0.97,$0.02B,$0.02B,90.00%,$0.02B,$-0.00B,-10.00%,$0.02B,0,0.00%,$0.02B,0,0.00%,$0.02B,$0.00B,10.00%,$0.02B,$0.00B,10.00%,$0.00B,$0.05B,3.96%,$0.00B,$0.05B,4.68%,$0.00B,$0.55B,0.38%,$-0.00B,$0.10B,-2.25%,$7,$1,$7,$0,$6,$7,$1,$0,$1,$0,$1,$1,$1,$0,$0,$4,4,$0.18,$0.18,$4,$0,$0,$327,$20,$184,$8,$15,$227,$554,$445,$51,$5,$56,$501,$0,$35,$-2,$53,$554,$2,$3,$-0,$3,$-7,$0,$0,$-0,$-5,$-0,$-2,$0,$0,$0,$22,$22,$-53,$-32,$-0,$23,$23,$-1,$-1,$-1,$8,$30,$-3,$0,$-1
17,2014-06-30,9.54,$13.20,0.72,$5.17,1.85,$3.84,2.49,$0.53,18.01,$0.30B,$0.43B,0.7,$0.05B,$0.05B,1.0,$0.02B,$0.02B,90.00%,$0.02B,$-0.00B,-10.00%,$0.02B,0,0.00%,$0.02B,0,0.00%,$0.02B,$0.00B,10.00%,$0.02B,$0.00B,10.00%,$0.00B,$0.05B,4.06%,$0.00B,$0.04B,4.82%,$0.00B,$0.54B,0.38%,$-0.00B,$0.10B,-2.43%,$7,$1,$6,$0,$6,$6,$0,$0,$0,$-0,$1,$1,$1,$0,$0,$4,4,$0.22,$0.21,$7,$0,$0,$300,$20,$195,$8,$15,$239,$539,$431,$51,$5,$57,$487,$0,$35,$-3,$52,$539,$1,$2,$-0,$2,$-2,$0,$0,$-0,$-2,$1,$-2,$0,$0,$0,$10,$10,$-27,$-19,$-0,$23,$23,$0,$0,$-1,$-5,$18,$-0,$0,$-1
18,2014-03-31,10.06,$12.63,0.8,$3.44,2.92,$4.02,2.51,$0.32,31.45,$0.28B,$0.44B,0.63,$0.02B,$0.05B,0.47,$0.01B,$0.01B,92.31%,$0.01B,$-0.00B,-15.38%,$0.01B,0,0.00%,$0.01B,0,0.00%,$0.01B,$0.00B,15.38%,$0.01B,$0.00B,7.69%,$0.00B,$0.05B,2.06%,$0.00B,$0.04B,2.45%,$0.00B,$0.52B,0.19%,$-0.00B,$0.07B,-2.58%,$6,$1,$6,$0,$6,$6,$0,$0,$0,$0,$0,$0,$0,$0,$0,$4,4,$0.03,$0.03,$9,$0,$0,$280,$20,$197,$8,$16,$240,$520,$442,$23,$5,$28,$470,$0,$34,$-5,$49,$520,$0,$1,$-0,$1,$5,$0,$0,$-0,$5,$7,$-1,$0,$0,$0,$7,$7,$-11,$-6,$-0,$-5,$-5,$0,$0,$-0,$7,$1,$2,$0,$-0
19,2013-12-31,9.81,$12.19,0.81,$3.69,2.66,$2.54,3.87,$0.52,18.87,$0.27B,$0.44B,0.62,$0.03B,$0.05B,0.59,$0.01B,$0.01B,92.86%,$0.01B,$-0.00B,-7.14%,$0.01B,0,0.00%,$0.01B,0,0.00%,$0.01B,$0.00B,14.29%,$0.01B,$0.00B,14.29%,$0.00B,$0.05B,4.04%,$0.00B,$0.04B,4.82%,$0.00B,$0.52B,0.39%,$-0.00B,$0.08B,-1.25%,$0,$1,$-1,$0,$2,$3,$-3,$0,$1,$0,$0,$0,$0,$0,$0,$4,4,$0.12,$0.12,$7,$0,$0,$271,$19,$201,$8,$17,$245,$516,$435,$28,$5,$33,$469,$0,$34,$-7,$48,$516,$1,$3,$-1,$2,$6,$0,$0,$-0,$6,$9,$-1,$0,$0,$0,$19,$19,$-34,$-15,$0,$0,$0,$0,$0,$-1,$8,$7,$1,$0,$-1
20,2013-09-30,9.66,$12.36,0.78,$3.69,2.62,$-0.72,0.0,$0.39,24.78,$0.26B,$0.43B,0.61,$0.03B,$0.05B,0.59,$0.01B,$0.01B,92.86%,$0.01B,0,0.00%,$0.01B,0,0.00%,$0.01B,0,0.00%,$0.01B,$0.00B,7.14%,$0.01B,$0.00B,14.29%,$0.00B,$0.05B,3.94%,$0.00B,$0.04B,4.65%,$0.00B,$0.51B,0.39%,$0.00B,$0.08B,0.00%,$7,$1,$7,$0,$6,$7,$1,$0,$1,$0,$1,$1,$1,$0,$0,$4,4,$0.17,$0.17,$7,$0,$0,$264,$19,$207,$8,$16,$250,$514,$432,$28,$5,$34,$466,$0,$34,$-6,$48,$514,$1,$1,$-0,$1,$0,$0,$0,$0,$0,$2,$-0,$0,$0,$0,$14,$14,$-19,$-5,$-6,$-0,$-6,$0,$0,$-0,$11,$4,$1,$0,$-0
21,2013-06-30,9.44,$0.00,0.0,$3.10,3.05,$-0.44,0.0,$0.33,28.61,$0.24B,$0.42B,0.58,$0.04B,$0.05B,0.71,$0.01B,$0.01B,83.33%,$0.01B,0,0.00%,$0.01B,0,0.00%,$0.01B,0,0.00%,$0.01B,$0.00B,8.33%,$0.01B,$0.00B,8.33%,$0.00B,$0.05B,1.91%,$0.00B,$0.04B,2.15%,$0.00B,$0.51B,0.22%,$0.00B,$0.08B,0.00%,$0,$0,$0,$0,$0,$0,$0,$0,$0,$0,$0,$0,$0,$0,$0,$0,0,$0.00,$0.00,$6,$0,$0,$244,$19,$224,$8,$16,$267,$511,$421,$35,$5,$40,$461,$0,$34,$-5,$49,$511,$0,$0,$0,$0,$0,$0,$0,$0,$0,$0,$0,$0,$0,$0,$0,$0,$0,$0,$0,$0,$0,$0,$0,$0,$0,$0,$0,$0,$0
22,2013-03-31,9.63,$13.58,0.71,$3.10,3.11,$-0.44,0.0,$0.33,29.17,$0.24B,$0.43B,0.57,$0.03B,$0.05B,0.56,$0.01B,$0.01B,83.33%,$0.01B,0,0.00%,$0.01B,0,0.00%,$0.01B,0,0.00%,$0.01B,$0.00B,8.33%,$0.01B,$0.00B,8.33%,$0.00B,$0.05B,1.87%,$0.00B,$0.05B,2.01%,$0.00B,$0.51B,0.24%,$0.00B,$0.08B,0.00%,$7,$1,$7,$0,$6,$6,$1,$-1,$0,$-1,$1,$1,$1,$0,$0,$4,4,$0.24,$0.23,$17,$0,$0,$243,$19,$231,$8,$12,$270,$513,$425,$29,$5,$35,$460,$0,$33,$-1,$53,$513,$1,$3,$-1,$2,$-3,$0,$0,$-2,$-4,$-1,$1,$0,$130,$0,$-140,$-140,$2,$-7,$1,$0,$1,$0,$0,$-1,$5,$5,$-3,$0,$-1
23,2012-12-31,9.04,$13.71,0.66,$2.45,3.68,$-1.61,0.0,$0.27,33.48,$0.26B,$0.42B,0.61,$0.03B,$0.05B,0.55,$0.01B,$0.01B,70.00%,$0.01B,0,0.00%,$0.01B,0,0.00%,$0.01B,0,0.00%,$0.01B,$0.00B,20.00%,$0.01B,$0.00B,10.00%,$0.00B,$0.05B,1.87%,$0.00B,$0.05B,1.93%,$0.00B,$0.51B,0.27%,$0.00B,$0.08B,0.00%,$0,$1,$-1,$0,$2,$2,$-2,$-1,$-0,$-0,$0,$0,$-0,$0,$0,$4,4,$-0.01,$-0.01,$26,$0,$0,$257,$19,$210,$8,$14,$251,$508,$420,$29,$5,$35,$455,$0,$33,$0,$53,$508,$0,$1,$0,$1,$-5,$0,$0,$-2,$-7,$-5,$0,$0,$130,$0,$-117,$-117,$-0,$13,$0,$0,$0,$0,$0,$-1,$-1,$-2,$6,$0,$-1
24,2012-09-30,9.41,$13.92,0.68,$2.45,3.84,$-0.63,0.0,$0.40,23.53,$0.19B,$0.23B,0.83,$0.03B,$0.05B,0.62,$0.01B,$0.01B,70.00%,$0.01B,$-0.00B,-10.00%,$0.01B,0,0.00%,$0.01B,0,0.00%,$0.01B,$0.00B,30.00%,$0.01B,$0.00B,10.00%,$0.00B,$0.05B,1.87%,$0.00B,$0.05B,1.87%,$0.00B,$0.32B,0.31%,$-0.00B,$0.09B,-1.02%,$5,$1,$4,$0,$3,$4,$1,$-0,$1,$0,$0,$0,$0,$0,$0,$4,4,$0.11,$0.11,$12,$0,$0,$189,$16,$103,$0,$12,$131,$320,$227,$34,$5,$39,$266,$0,$33,$1,$54,$320,$0,$0,$0,$1,$1,$0,$0,$-0,$2,$3,$0,$0,$0,$0,$-9,$-9,$6,$-2,$0,$0,$0,$0,$0,$-0,$-8,$-8,$-8,$0,$-0
25,2012-06-30,8.62,$0.00,0.0,$2.31,3.73,$-1.11,0.0,$0.40,21.54,$0.21B,$0.23B,0.91,$0.04B,$0.05B,0.8,$0.01B,$0.01B,66.67%,$0.01B,$-0.00B,-11.11%,$0.01B,0,0.00%,$0.01B,0,0.00%,$0.01B,$0.00B,33.33%,$0.01B,$0.00B,11.11%,$0.00B,$0.05B,1.88%,$0.00B,$0.05B,1.88%,$0.00B,$0.33B,0.30%,$-0.00B,$0.10B,-0.96%,$0,$0,$0,$0,$0,$0,$0,$0,$0,$0,$0,$0,$0,$0,$0,$0,0,$0.00,$0.00,$20,$0,$0,$206,$16,$94,$0,$12,$122,$327,$226,$43,$5,$48,$274,$0,$33,$1,$54,$327,$0,$0,$0,$0,$0,$0,$0,$0,$0,$0,$0,$0,$0,$0,$0,$0,$0,$0,$0,$0,$0,$0,$0,$0,$0,$0,$0,$0,$0
26,2012-03-31,8.71,$13.78,0.63,$2.31,3.77,$-1.11,0.0,$0.40,21.77,$0.21B,$0.23B,0.92,$0.05B,$0.05B,0.91,$0.01B,$0.01B,66.67%,$0.01B,$-0.00B,-11.11%,$0.01B,0,0.00%,$0.01B,0,0.00%,$0.01B,$0.00B,33.33%,$0.01B,$0.00B,11.11%,$0.00B,$0.05B,1.90%,$0.00B,$0.05B,1.90%,$0.00B,$0.33B,0.30%,$-0.00B,$0.10B,-0.92%,$5,$1,$4,$0,$3,$4,$1,$0,$1,$0,$1,$1,$1,$0,$0,$4,4,$0.18,$0.17,$16,$0,$0,$206,$16,$98,$0,$12,$126,$332,$225,$49,$5,$54,$279,$0,$33,$1,$53,$332,$2,$1,$1,$2,$-10,$0,$0,$1,$-8,$-5,$-0,$0,$0,$0,$9,$9,$4,$13,$0,$0,$0,$-0,$-0,$-1,$-1,$-2,$6,$0,$-1
27,2011-12-31,8.37,$13.71,0.61,$2.29,3.66,$2.66,3.14,$0.33,25.35,$0.20B,$0.22B,0.92,$0.05B,$0.05B,1.01,$0.01B,$0.01B,66.67%,$0.01B,$-0.00B,-11.11%,$0.01B,0,0.00%,$0.01B,0,0.00%,$0.01B,$0.00B,33.33%,$0.01B,0,0.00%,$0.00B,$0.05B,0.00%,$0.00B,$0.05B,0.00%,$0.00B,$0.33B,0.00%,$-0.00B,$0.11B,-0.89%,$0,$1,$-1,$0,$2,$3,$-3,$0,$1,$0,$0,$0,$0,$0,$0,$4,4,$0.13,$0.12,$9,$0,$0,$202,$16,$102,$0,$12,$130,$332,$220,$54,$5,$59,$279,$0,$32,$1,$53,$332,$1,$1,$1,$2,$-7,$0,$0,$0,$-6,$-4,$3,$0,$0,$0,$3,$3,$-1,$5,$0,$0,$0,$-0,$-0,$-1,$-1,$-2,$-1,$0,$-1
28,2011-09-30,8.87,$13.69,0.65,$2.29,3.88,$4.63,1.92,$0.38,23.35,$0.20B,$0.22B,0.92,$0.06B,$0.05B,1.1,$0.01B,$0.01B,66.67%,$0.01B,0,0.00%,$0.01B,0,0.00%,$0.01B,0,0.00%,$0.01B,$0.00B,33.33%,$0.01B,$0.00B,11.11%,$0.00B,$0.05B,1.90%,$0.00B,$0.05B,1.90%,$0.00B,$0.34B,0.30%,$0.00B,$0.11B,0.00%,$4,$1,$3,$0,$3,$4,$1,$0,$1,$0,$0,$0,$0,$0,$0,$4,4,$0.11,$0.11,$11,$0,$0,$202,$16,$107,$0,$11,$134,$336,$219,$59,$5,$64,$283,$0,$32,$1,$53,$336,$0,$0,$0,$1,$-1,$0,$0,$1,$0,$1,$-0,$0,$0,$0,$1,$1,$-3,$-2,$0,$0,$0,$-0,$-0,$-0,$2,$2,$1,$0,$-0
29,2011-06-30,8.95,$0.00,0.0,$2.54,3.52,$4.74,1.89,$0.49,18.28,$0.20B,$0.21B,0.93,$0.06B,$0.05B,1.16,$0.01B,$0.01B,70.00%,$0.01B,0,0.00%,$0.01B,0,0.00%,$0.01B,0,0.00%,$0.01B,$0.00B,30.00%,$0.01B,$0.00B,20.00%,$0.00B,$0.05B,3.77%,$0.00B,$0.05B,3.77%,$0.00B,$0.33B,0.60%,$0.00B,$0.11B,0.00%,$0,$0,$0,$0,$0,$0,$0,$0,$0,$0,$0,$0,$0,$0,$0,$0,0,$0.00,$0.00,$10,$0,$0,$198,$16,$107,$0,$10,$133,$331,$213,$61,$5,$66,$279,$0,$32,$0,$52,$331,$0,$0,$0,$0,$0,$0,$0,$0,$0,$0,$0,$0,$0,$0,$0,$0,$0,$0,$0,$0,$0,$0,$0,$0,$0,$0,$0,$0,$0
30,2011-03-31,9.7,$12.97,0.75,$2.54,3.81,$4.74,2.04,$0.49,19.79,$0.20B,$0.21B,0.95,$0.06B,$0.05B,1.19,$0.01B,$0.01B,70.00%,$0.01B,0,0.00%,$0.01B,0,0.00%,$0.01B,0,0.00%,$0.01B,$0.00B,30.00%,$0.01B,$0.00B,20.00%,$0.00B,$0.05B,3.77%,$0.00B,$0.05B,3.77%,$0.00B,$0.34B,0.60%,$0.00B,$0.12B,0.00%,$5,$1,$4,$0,$3,$4,$1,$0,$1,$0,$0,$0,$0,$0,$0,$4,4,$0.10,$0.10,$14,$0,$0,$202,$16,$106,$0,$10,$132,$335,$214,$63,$5,$68,$282,$0,$32,$-1,$53,$335,$2,$2,$1,$3,$6,$0,$0,$-1,$6,$11,$-1,$0,$0,$0,$12,$12,$-19,$-8,$0,$0,$0,$0,$0,$-1,$8,$8,$11,$0,$-1
31,2010-12-31,8.96,$12.92,0.69,$2.28,3.92,$2.61,3.44,$0.78,11.49,$0.20B,$0.21B,0.96,$0.07B,$0.05B,1.3,$0.01B,$0.01B,66.67%,$0.01B,0,0.00%,$0.01B,0,0.00%,$0.01B,0,0.00%,$0.01B,$0.00B,33.33%,$0.01B,$0.00B,22.22%,$0.00B,$0.05B,4.21%,$0.00B,$0.05B,4.21%,$0.00B,$0.33B,0.61%,$0.00B,$0.12B,0.00%,$0,$1,$-1,$0,$1,$2,$-2,$0,$1,$0,$0,$0,$1,$0,$0,$4,4,$0.17,$0.17,$4,$0,$0,$198,$16,$110,$0,$10,$135,$333,$207,$68,$5,$74,$280,$0,$32,$-1,$53,$333,$2,$1,$0,$2,$4,$0,$0,$-1,$4,$7,$-0,$0,$0,$0,$8,$8,$-21,$-13,$1,$0,$1,$0,$0,$-1,$6,$7,$1,$0,$-1
32,2010-09-30,7.48,$13.29,0.56,$3.30,2.26,$1.36,5.49,$0.73,10.26,$0.19B,$0.21B,0.92,$0.06B,$0.05B,1.16,$0.01B,$0.01B,71.43%,$0.01B,$0.00B,21.43%,$0.01B,0,0.00%,$0.01B,0,0.00%,$0.01B,$0.00B,21.43%,$0.01B,$0.00B,14.29%,$0.00B,$0.05B,4.79%,$0.00B,$0.05B,4.85%,$0.00B,$0.33B,0.63%,$0.00B,$0.12B,2.81%,$5,$1,$4,$0,$3,$4,$1,$0,$1,$0,$1,$1,$1,$0,$0,$4,4,$0.22,$0.22,$3,$0,$0,$191,$16,$115,$0,$9,$140,$331,$208,$63,$5,$68,$277,$0,$31,$1,$54,$331,$1,$1,$0,$1,$-1,$0,$0,$0,$0,$2,$-0,$0,$0,$0,$6,$6,$-10,$-4,$-4,$0,$-4,$0,$0,$-0,$6,$2,$-1,$0,$-0
33,2010-06-30,7.95,$0.00,0.0,$3.00,2.65,$1.50,5.32,$0.69,11.53,$0.18B,$0.20B,0.91,$0.07B,$0.05B,1.28,$0.01B,$0.01B,64.29%,$0.01B,$0.00B,21.43%,$0.01B,0,0.00%,$0.01B,0,0.00%,$0.01B,$0.00B,21.43%,$0.01B,$0.00B,14.29%,$0.00B,$0.05B,5.59%,$0.00B,$0.05B,5.76%,$0.00B,$0.33B,0.64%,$0.00B,$0.12B,2.91%,$0,$0,$0,$0,$0,$0,$0,$0,$0,$0,$0,$0,$0,$0,$0,$0,0,$0.00,$0.00,$4,$0,$0,$182,$16,$119,$0,$8,$143,$326,$201,$67,$5,$72,$273,$0,$31,$-0,$52,$326,$0,$0,$0,$0,$0,$0,$0,$0,$0,$0,$0,$0,$0,$0,$0,$0,$0,$0,$0,$0,$0,$0,$0,$0,$0,$0,$0,$0,$0
34,2010-03-31,9.38,$28.74,0.33,$3.00,3.13,$1.50,6.28,$0.69,13.6,$0.20B,$0.21B,0.95,$0.06B,$0.03B,1.97,$0.02B,$0.01B,68.42%,$0.02B,$0.00B,21.05%,$0.02B,0,0.00%,$0.02B,0,0.00%,$0.02B,$0.00B,21.05%,$0.02B,$0.00B,15.79%,$0.00B,$0.03B,10.08%,$0.00B,$0.03B,10.43%,$0.00B,$0.32B,0.99%,$0.00B,$0.09B,4.13%,$4,$1,$3,$0,$2,$4,$1,$0,$1,$0,$0,$0,$0,$0,$0,$4,5,$0.12,$0.10,$18,$0,$0,$195,$16,$96,$0,$9,$122,$316,$205,$61,$20,$80,$285,$0,$30,$1,$31,$316,$2,$1,$0,$1,$2,$0,$0,$0,$2,$5,$-3,$0,$0,$0,$-7,$-7,$-6,$-15,$-6,$0,$-6,$14,$14,$-0,$15,$23,$12,$0,$-0
35,2009-12-31,6.91,$0.00,0.0,$6.44,1.07,$-0.82,0.0,$0.53,13.06,$0.18B,$0.20B,0.88,$0.07B,$0.03B,2.22,$0.02B,$0.01B,70.00%,$0.02B,$0.01B,25.00%,$0.02B,0,0.00%,$0.02B,0,0.00%,$0.02B,$0.01B,25.00%,$0.02B,$0.00B,20.00%,$0.00B,$0.03B,14.04%,$0.00B,$0.03B,14.81%,$0.00B,$0.31B,1.34%,$0.01B,$0.10B,5.05%,$5,$1,$3,$0,$2,$4,$1,$0,$1,$0,$1,$1,$1,$0,$0,$4,5,$0.14,$0.12,$7,$0,$0,$180,$0,$97,$2,$8,$108,$306,$204,$67,$0,$67,$276,$0,$30,$0,$30,$306,$1,$1,$0,$1,$3,$0,$0,$0,$3,$5,$-3,$0,$0,$0,$-11,$-11,$-5,$-18,$-1,$0,$-1,$-0,$-0,$-0,$15,$14,$0,$0,$-0
36,2009-09-30,5.98,$0.00,0.0,$5.42,1.1,$-1.28,0.0,$0.41,14.57,$0.18B,$0.20B,0.9,$0.07B,$0.03B,2.36,$0.02B,$0.01B,73.68%,$0.02B,$0.01B,26.32%,$0.02B,0,0.00%,$0.02B,0,0.00%,$0.02B,$0.01B,26.32%,$0.02B,$0.00B,21.05%,$0.00B,$0.03B,14.68%,$0.00B,$0.03B,15.53%,$0.00B,$0.30B,1.36%,$0.01B,$0.10B,5.03%,$5,$1,$3,$0,$2,$4,$1,$0,$1,$0,$1,$1,$1,$0,$0,$4,5,$0.21,$0.18,$8,$0,$0,$178,$0,$95,$2,$7,$104,$301,$198,$72,$0,$72,$270,$0,$30,$0,$30,$301,$1,$0,$0,$0,$2,$0,$0,$2,$3,$4,$-2,$0,$0,$0,$-7,$-7,$-2,$-10,$-0,$0,$-0,$-0,$-0,$-0,$8,$7,$2,$0,$-0
37,2009-06-30,5.83,$25.85,0.23,$4.39,1.33,$-1.88,0.0,$0.23,25.44,$0.18B,$0.19B,0.95,$0.07B,$0.03B,2.41,$0.02B,$0.01B,76.47%,$0.02B,$0.00B,23.53%,$0.02B,0,0.00%,$0.02B,0,0.00%,$0.02B,$0.00B,23.53%,$0.02B,$0.00B,17.65%,$0.00B,$0.03B,11.65%,$0.00B,$0.03B,12.24%,$0.00B,$0.29B,1.04%,$0.00B,$0.10B,4.06%,$5,$1,$4,$0,$2,$4,$1,$0,$1,$0,$1,$1,$1,$0,$0,$0,0,$0.00,$0.00,$6,$0,$0,$180,$14,$87,$0,$9,$109,$290,$190,$67,$5,$72,$262,$0,$29,$-1,$28,$290,$2,$1,$0,$1,$0,$0,$0,$0,$3,$6,$-6,$0,$0,$0,$0,$-4,$0,$-10,$0,$-3,$2,$0,$-0,$-0,$8,$7,$2,$0,$0
38,2009-03-31,4.74,$0.00,0.0,$4.39,1.08,$-1.88,0.0,$0.23,20.68,$0.19B,$0.19B,0.97,$0.08B,$0.03B,2.84,$0.02B,$0.01B,70.59%,$0.02B,$0.00B,23.53%,$0.02B,0,0.00%,$0.02B,0,0.00%,$0.02B,$0.00B,23.53%,$0.02B,$0.00B,17.65%,$0.00B,$0.03B,11.88%,$0.00B,$0.02B,12.77%,$0.00B,$0.30B,1.05%,$0.00B,$0.10B,4.05%,$5,$2,$4,$0,$2,$4,$2,$0,$2,$0,$1,$1,$1,$0,$0,$1,1,$0.99,$0.87,$14,$0,$0,$188,$0,$78,$2,$8,$88,$295,$194,$75,$0,$75,$269,$0,$28,$0,$26,$295,$1,$1,$1,$2,$-1,$0,$0,$-1,$-1,$2,$-4,$0,$0,$0,$2,$2,$-4,$-7,$1,$0,$1,$-0,$-0,$-0,$13,$14,$10,$0,$-0
39,2008-12-31,4.68,$0.00,0.0,0,0.0,0,0.0,0,0.0,$0.19B,$0.19B,0.99,$0.08B,$0.03B,3.01,$0.02B,$0.01B,62.50%,$0.02B,$0.00B,18.75%,$0.02B,0,0.00%,$0.02B,0,0.00%,$0.02B,$0.00B,18.75%,$0.02B,$0.00B,18.75%,$0.00B,$0.03B,11.88%,$0.00B,$0.02B,12.77%,$0.00B,$0.29B,1.07%,$0.00B,$0.10B,3.15%,$4,$2,$3,$0,$2,$4,$1,$0,$1,$0,$1,$1,$1,$0,$0,$0,0,$0.00,$0.00,$6,$0,$0,$186,$0,$81,$2,$8,$91,$287,$187,$75,$0,$75,$262,$0,$27,$0,$25,$287,$0,$0,$0,$0,$0,$0,$0,$0,$-1,$1,$-3,$0,$0,$0,$0,$-4,$0,$-7,$0,$1,$5,$0,$-0,$-0,$2,$8,$2,$0,$0
40,2008-09-30,5.24,$0.00,0.0,0,0.0,0,0.0,0,0.0,$0.19B,$0.19B,1.0,$0.07B,$0.02B,3.07,$0.02B,$0.01B,56.25%,$0.02B,$0.00B,12.50%,$0.02B,0,0.00%,$0.02B,0,0.00%,$0.02B,$0.00B,12.50%,$0.02B,$0.00B,12.50%,$0.00B,$0.02B,7.92%,$0.00B,$0.02B,8.51%,$0.00B,$0.28B,0.74%,$0.00B,$0.10B,2.25%,$3,$2,$2,$0,$2,$3,$-0,$0,$-0,$-0,$-0,$-0,$-0,$0,$0,$0,0,$0.00,$0.00,$4,$0,$0,$185,$0,$81,$2,$7,$90,$284,$186,$74,$0,$74,$260,$0,$27,$0,$24,$284,$-0,$0,$0,$0,$0,$0,$0,$0,$6,$8,$-1,$0,$0,$0,$0,$-11,$0,$-12,$0,$-3,$4,$0,$-0,$-0,$4,$5,$0,$0,$0
41,2008-06-30,5.38,$0.00,0.0,0,0.0,0,0.0,0,0.0,$0.17B,$0.18B,0.94,$0.07B,$0.03B,2.75,$0.02B,$0.01B,52.94%,$0.02B,$0.00B,17.65%,$0.02B,0,0.00%,$0.02B,0,0.00%,$0.02B,$0.00B,17.65%,$0.02B,$0.00B,11.76%,$0.00B,$0.03B,7.84%,$0.00B,$0.02B,8.51%,$0.00B,$0.28B,0.76%,$0.00B,$0.10B,3.74%,$5,$2,$3,$0,$2,$3,$1,$0,$1,$0,$1,$1,$1,$0,$0,$0,0,$0.00,$0.00,$4,$0,$0,$174,$0,$90,$2,$7,$98,$280,$184,$70,$0,$70,$254,$0,$27,$0,$26,$280,$2,$1,$0,$1,$0,$0,$0,$0,$-5,$-3,$-3,$0,$0,$0,$0,$-26,$-0,$-29,$0,$35,$-1,$0,$-0,$-0,$-1,$33,$1,$0,$0
42,2008-03-31,5.15,$0.00,0.0,0,0.0,0,0.0,0,0.0,$0.17B,$0.18B,0.96,$0.06B,$0.03B,2.37,$0.02B,$0.01B,50.00%,$0.02B,$0.00B,18.75%,$0.02B,0,0.00%,$0.02B,0,0.00%,$0.02B,$0.00B,18.75%,$0.02B,$0.00B,6.25%,$0.00B,$0.03B,4.00%,$0.00B,$0.02B,4.35%,$0.00B,$0.27B,0.40%,$0.00B,$0.09B,4.23%,$4,$2,$2,$0,$2,$3,$1,$0,$1,$0,$1,$1,$1,$0,$0,$0,0,$0.00,$0.00,$7,$0,$0,$173,$0,$80,$2,$7,$88,$268,$181,$61,$0,$61,$243,$0,$26,$0,$26,$268,$1,$1,$0,$1,$0,$0,$0,$0,$0,$2,$-1,$0,$0,$0,$0,$-18,$-0,$-19,$0,$-4,$26,$0,$-0,$-0,$-1,$21,$4,$0,$0
43,2007-12-31,6.03,$0.00,0.0,0,0.0,0,0.0,0,0.0,$0.17B,$0.18B,0.97,$0.05B,$0.03B,1.94,$0.02B,$0.01B,50.00%,$0.02B,$0.00B,18.75%,$0.02B,0,0.00%,$0.02B,0,0.00%,$0.02B,$0.00B,18.75%,$0.02B,0,0.00%,$0.00B,$0.03B,0.00%,$0.00B,$0.02B,0.00%,$0.00B,$0.25B,0.00%,$0.00B,$0.07B,4.71%,$4,$2,$2,$0,$2,$3,$0,$0,$0,$0,$0,$0,$0,$0,$0,$0,0,$0.00,$0.00,$5,$0,$0,$171,$0,$66,$2,$7,$74,$251,$177,$49,$0,$49,$226,$0,$26,$0,$25,$251,$1,$0,$0,$0,$0,$0,$0,$0,$1,$2,$-1,$0,$0,$0,$0,$-4,$-0,$-5,$0,$-4,$14,$0,$-0,$-0,$-5,$5,$2,$0,$0
44,2007-09-30,6.42,$0.00,0.0,0,0.0,0,0.0,0,0.0,$0.17B,$0.18B,0.91,$0.04B,$0.03B,1.57,$0.02B,$0.01B,50.00%,$0.02B,$0.00B,25.00%,$0.02B,0,0.00%,$0.02B,0,0.00%,$0.02B,$0.00B,25.00%,$0.02B,0,0.00%,$0.00B,$0.03B,0.00%,$0.00B,$0.02B,0.00%,$0.00B,$0.25B,0.00%,$0.00B,$0.06B,6.61%,$4,$2,$2,$0,$2,$3,$1,$0,$1,$0,$0,$0,$0,$0,$0,$0,0,$0.00,$0.00,$3,$0,$0,$166,$0,$68,$2,$6,$76,$248,$184,$39,$0,$39,$223,$0,$26,$0,$25,$248,$0,$0,$0,$0,$0,$0,$0,$0,$-1,$-0,$-0,$0,$0,$0,$0,$-1,$0,$-1,$0,$-4,$4,$0,$-0,$-0,$2,$2,$0,$0,$0
45,2007-06-30,6.31,$0.00,0.0,0,0.0,0,0.0,0,0.0,$0.16B,$0.19B,0.88,$0.04B,$0.02B,1.46,$0.02B,$0.01B,50.00%,$0.02B,$0.00B,25.00%,$0.02B,0,0.00%,$0.02B,0,0.00%,$0.02B,$0.00B,25.00%,$0.02B,0,0.00%,$0.00B,$0.02B,0.00%,$0.00B,$0.02B,0.00%,$0.00B,$0.25B,0.00%,$0.00B,$0.06B,6.90%,$4,$2,$2,$0,$2,$3,$1,$0,$1,$0,$0,$0,$0,$0,$0,$0,0,$0.00,$0.00,$3,$0,$0,$163,$0,$68,$2,$6,$76,$245,$185,$35,$0,$35,$221,$0,$25,$0,$24,$245,$2,$1,$0,$1,$0,$0,$0,$0,$1,$3,$-0,$0,$0,$0,$0,$-18,$-0,$-19,$0,$4,$8,$0,$-0,$-0,$5,$16,$0,$0,$0
46,2007-03-31,6.23,$0.00,0.0,0,0.0,0,0.0,0,0.0,$0.16B,$0.18B,0.85,$0.03B,$0.02B,1.39,$0.02B,$0.01B,53.33%,$0.02B,$0.00B,26.67%,$0.02B,0,0.00%,$0.02B,0,0.00%,$0.02B,$0.00B,26.67%,$0.02B,0,0.00%,$0.00B,$0.02B,0.00%,$0.00B,$0.02B,0.00%,$0.00B,$0.24B,0.00%,$0.00B,$0.06B,7.17%,$4,$2,$2,$0,$2,$3,$1,$0,$1,$0,$0,$0,$0,$0,$0,$0,0,$0.00,$0.00,$4,$0,$0,$157,$0,$71,$2,$6,$79,$242,$183,$34,$0,$34,$217,$0,$25,$0,$24,$242,$1,$1,$0,$1,$0,$0,$0,$0,$-0,$2,$-0,$0,$0,$0,$0,$-13,$-0,$-13,$0,$-4,$10,$0,$-0,$-0,$7,$13,$1,$0,$0
47,2006-12-31,6.19,$0.00,0.0,0,0.0,0,0.0,0,0.0,$0.15B,$0.18B,0.87,$0.04B,$0.02B,1.55,$0.01B,$0.01B,57.14%,$0.01B,$0.00B,28.57%,$0.01B,0,0.00%,$0.01B,0,0.00%,$0.01B,$0.00B,28.57%,$0.01B,0,0.00%,$0.00B,$0.02B,0.00%,$0.00B,$0.02B,0.00%,$0.00B,$0.24B,0.00%,$0.00B,$0.06B,7.84%,$4,$1,$2,$0,$2,$3,$1,$0,$1,$0,$0,$0,$0,$0,$0,$0,0,$0.00,$0.00,$5,$0,$0,$154,$0,$71,$2,$6,$79,$238,$177,$37,$0,$37,$214,$0,$25,$0,$24,$238,$1,$1,$0,$1,$0,$0,$0,$0,$-1,$0,$-0,$0,$0,$0,$0,$-8,$-0,$-9,$0,$-2,$12,$0,$-0,$-0,$1,$10,$2,$0,$0
