,Date,Stock Price,Book Value per Share,Price to Book Ratio,TTM Sales per Share,Price to Sales Ratio,TTM FCF per Share,Price to FCF Ratio,TTM Net EPS,PE Ratio,Current Assets,Current Liabilities,Current Ratio,Long Term Debt,Shareholder's Equity_x,Debt to Equity Ratio,TTM Revenue_x,TTM Gross Profit,Gross Margin,TTM Revenue_y,TTM Operating Income,Operating Margin,TTM Revenue_x,TTM EBIT,EBIT Margin,TTM Revenue_y,TTM EBITDA,EBITDA Margin,TTM Revenue_x,TTM Pre-Tax Income,Pre-Tax Margin,TTM Revenue_y,TTM Net Income_x,Net Margin,TTM Net Income_y,Shareholder's Equity_y,Return on Equity,TTM Net Income_x,Tangible Equity,Return on Tangible Equity,TTM Net Income_y,Total Assets,Return on Assets,TTM Net Income,LT Investments & Debt,Return on Investment,revenue,cost-goods-sold,gross-profit,research-development-expenses,selling-general-administrative-expenses,operating-expenses,operating-income,total-non-operating-income-expense,pre-tax-income,total-provision-income-taxes,income-after-taxes,income-from-continuous-operations,net-income,ebitda,ebit,basic-shares-outstanding,shares-outstanding,eps-basic-net-earnings-per-share,eps-earnings-per-share-diluted,cash-on-hand,inventory,other-current-assets,total-current-assets,net-property-plant-equipment,long-term-investments,goodwill-intangible-assets-total,other-long-term-assets,total-long-term-assets,total-assets,total-current-liabilities,long-term-debt,other-non-current-liabilities,total-long-term-liabilities,total-liabilities,common-stock-net,retained-earnings-accumulated-deficit,comprehensive-income,total-share-holder-equity,total-liabilities-share-holders-equity,net-income-loss,total-depreciation-amortization-cash-flow,other-non-cash-items,total-non-cash-items,change-in-accounts-receivable,change-in-inventories,change-in-accounts-payable,change-in-assets-liabilities,total-change-in-assets-liabilities,cash-flow-from-operating-activities,net-change-in-property-plant-equipment,net-change-in-intangible-assets,net-acquisitions-divestitures,net-change-in-short-term-investments,net-change-in-long-term-investments,net-change-in-investments-total,investing-activities-other,cash-flow-from-investing-activities,net-long-term-debt,net-current-debt,debt-issuance-retirement-net-total,net-common-equity-issued-repurchased,net-total-equity-issued-repurchased,total-common-preferred-stock-dividends-paid,financial-activities-other,cash-flow-from-financial-activities,net-cash-flow,stock-based-compensation,common-stock-dividends-paid
0,2018-09-30,65.83,$19.26,3.42,$13.90,4.73,$6.09,10.8,$1.96,33.59,$0.56B,$0.10B,5.52,$0.01B,$0.97B,0.01,$0.71B,$0.42B,58.78%,$0.71B,$0.13B,18.70%,$0.71B,$0.13B,18.70%,$0.71B,$0.18B,25.78%,$0.71B,$0.13B,18.56%,$0.71B,$0.10B,14.16%,$0.10B,$0.97B,10.82%,$0.10B,$0.81B,13.13%,$0.10B,$1.17B,8.99%,$0.13B,$0.98B,14.07%,$174,$73,$100,$37,$42,$152,$21,$0,$22,$1,$21,$21,$21,$34,$21,$50,51,$0.42,$0.41,$340,$126,$0,$563,$435,$0,$157,$6,$610,$1174,$102,$13,$26,$105,$207,$0,$371,$-5,$967,$1174,$66,$37,$33,$70,$66,$17,$-6,$-3,$71,$208,$-49,$0,$0,$0,$0,$0,$0,$-49,$0,$0,$0,$11,$11,$0,$-9,$3,$161,$17,$0
1,2018-06-30,50.49,$18.76,2.69,$13.49,3.74,$4.76,10.62,$2.23,22.64,$0.54B,$0.10B,5.59,$0.01B,$0.94B,0.01,$0.68B,$0.42B,61.67%,$0.68B,$0.16B,23.35%,$0.68B,$0.16B,23.35%,$0.68B,$0.21B,30.25%,$0.68B,$0.16B,22.76%,$0.68B,$0.11B,16.59%,$0.11B,$0.94B,13.31%,$0.11B,$0.78B,15.97%,$0.11B,$1.14B,10.51%,$0.16B,$0.95B,17.25%,$220,$89,$131,$25,$40,$153,$67,$-1,$66,$16,$50,$50,$50,$79,$67,$50,51,$1.00,$0.98,$191,$139,$0,$541,$419,$0,$161,$5,$598,$1139,$97,$13,$27,$104,$201,$0,$350,$-4,$938,$1139,$45,$25,$23,$48,$-46,$3,$-4,$-6,$-59,$34,$-23,$0,$0,$0,$0,$0,$0,$-23,$0,$0,$0,$8,$8,$0,$-7,$1,$12,$12,$0
2,2018-03-31,52.65,$17.69,2.98,$11.20,4.7,$5.86,8.99,$1.36,38.71,$0.48B,$0.09B,5.49,$0.01B,$0.88B,0.02,$0.56B,$0.36B,63.17%,$0.56B,$0.10B,17.97%,$0.56B,$0.10B,17.97%,$0.56B,$0.15B,25.80%,$0.56B,$0.10B,17.08%,$0.56B,$0.07B,12.10%,$0.07B,$0.88B,8.84%,$0.07B,$0.72B,10.45%,$0.07B,$1.07B,6.58%,$0.10B,$0.90B,11.21%,$118,$58,$60,$29,$40,$127,$-9,$0,$-9,$-5,$-5,$-5,$-5,$3,$-9,$50,50,$-0.10,$-0.10,$165,$155,$0,$477,$411,$0,$165,$3,$592,$1068,$87,$13,$27,$100,$187,$0,$300,$-3,$881,$1068,$-5,$12,$4,$16,$22,$-12,$4,$-14,$-12,$-1,$-12,$0,$0,$0,$0,$0,$0,$-12,$0,$0,$0,$5,$5,$0,$-7,$-2,$-15,$7,$0
3,2017-12-31,46.47,$18.47,2.52,$11.17,4.16,$6.54,7.1,$1.69,27.5,$0.49B,$0.10B,4.85,$0.01B,$0.91B,0.02,$0.56B,$0.37B,65.24%,$0.56B,$0.13B,22.28%,$0.56B,$0.13B,22.28%,$0.56B,$0.17B,29.77%,$0.56B,$0.12B,21.21%,$0.56B,$0.08B,14.80%,$0.08B,$0.91B,11.83%,$0.08B,$0.74B,13.70%,$0.08B,$1.07B,8.27%,$0.13B,$0.93B,14.02%,$194,$70,$124,$28,$42,$141,$53,$-1,$52,$18,$34,$34,$34,$66,$53,$42,50,$0.80,$0.69,$179,$143,$0,$485,$407,$0,$169,$6,$585,$1070,$100,$13,$27,$58,$158,$0,$337,$-4,$912,$1070,$83,$43,$29,$72,$-5,$6,$16,$11,$54,$208,$-55,$0,$-195,$0,$0,$0,$0,$-250,$0,$-20,$-20,$-14,$-14,$0,$-18,$-51,$-93,$15,$0
4,2017-09-30,40.45,$16.04,2.52,$10.40,3.89,$3.06,13.22,$1.69,23.93,$0.56B,$0.08B,7.37,$0.25B,$0.66B,0.38,$0.52B,$0.36B,68.40%,$0.52B,$0.12B,23.70%,$0.52B,$0.12B,23.70%,$0.52B,$0.16B,31.21%,$0.52B,$0.12B,22.35%,$0.52B,$0.09B,16.57%,$0.09B,$0.66B,13.81%,$0.09B,$0.59B,15.63%,$0.09B,$1.02B,8.78%,$0.12B,$0.91B,14.12%,$149,$45,$105,$23,$35,$102,$48,$-1,$46,$13,$34,$34,$34,$58,$48,$41,50,$0.81,$0.68,$342,$69,$0,$556,$386,$0,$70,$7,$468,$1024,$75,$249,$11,$285,$360,$0,$303,$-4,$664,$1024,$49,$30,$32,$62,$9,$5,$3,$12,$20,$131,$-42,$0,$0,$0,$0,$0,$0,$-42,$0,$0,$0,$11,$11,$0,$-29,$-19,$69,$12,$0
5,2017-06-30,33.91,$15.10,2.25,$10.33,3.28,$1.53,22.12,$1.46,23.23,$0.51B,$0.07B,6.99,$0.25B,$0.62B,0.4,$0.51B,$0.35B,68.81%,$0.51B,$0.11B,21.44%,$0.51B,$0.11B,21.44%,$0.51B,$0.15B,29.24%,$0.51B,$0.10B,20.27%,$0.51B,$0.07B,14.23%,$0.07B,$0.62B,12.29%,$0.07B,$0.55B,14.05%,$0.07B,$0.97B,7.64%,$0.11B,$0.87B,13.07%,$101,$35,$66,$26,$32,$92,$9,$-2,$7,$2,$5,$5,$5,$18,$9,$41,50,$0.11,$0.11,$316,$71,$0,$510,$380,$0,$72,$4,$461,$970,$73,$249,$11,$277,$350,$0,$270,$-4,$621,$970,$15,$20,$14,$34,$36,$3,$4,$17,$47,$96,$-30,$0,$0,$0,$0,$0,$0,$-30,$0,$0,$0,$5,$5,$0,$-26,$-22,$44,$8,$0
6,2017-03-31,29.04,$14.90,1.95,$10.58,2.74,$0.24,122.48,$1.08,26.89,$0.49B,$0.07B,7.23,$0.25B,$0.61B,0.41,$0.50B,$0.35B,69.38%,$0.50B,$0.10B,19.68%,$0.50B,$0.10B,19.68%,$0.50B,$0.14B,27.63%,$0.50B,$0.09B,18.69%,$0.50B,$0.06B,11.33%,$0.06B,$0.61B,9.39%,$0.06B,$0.54B,10.89%,$0.06B,$0.95B,5.83%,$0.10B,$0.86B,11.59%,$117,$46,$71,$20,$35,$102,$15,$-1,$14,$3,$10,$10,$10,$25,$15,$41,50,$0.26,$0.23,$270,$71,$0,$489,$381,$0,$73,$3,$462,$952,$68,$248,$11,$274,$341,$0,$265,$-4,$610,$952,$10,$10,$9,$19,$11,$3,$0,$11,$12,$42,$-20,$0,$0,$0,$0,$0,$0,$-20,$0,$0,$0,$3,$3,$0,$-26,$-23,$-1,$4,$0
7,2016-12-31,32.84,$14.69,2.23,$10.36,3.17,$0.30,108.49,$0.95,34.57,$0.51B,$0.11B,4.82,$0.25B,$0.60B,0.42,$0.49B,$0.36B,73.01%,$0.49B,$0.11B,21.47%,$0.49B,$0.11B,21.47%,$0.49B,$0.14B,29.45%,$0.49B,$0.10B,20.45%,$0.49B,$0.05B,10.43%,$0.05B,$0.60B,8.21%,$0.05B,$0.52B,9.65%,$0.05B,$0.97B,5.11%,$0.11B,$0.84B,12.09%,$152,$38,$113,$27,$35,$101,$51,$-2,$49,$17,$32,$32,$37,$61,$51,$40,49,$0.94,$0.85,$272,$74,$0,$510,$376,$0,$75,$2,$460,$970,$106,$248,$12,$268,$374,$0,$254,$-4,$596,$970,$52,$38,$9,$47,$-22,$-9,$-15,$3,$-44,$55,$-76,$0,$0,$0,$0,$0,$0,$-76,$0,$0,$0,$17,$17,$0,$-37,$-20,$-41,$18,$0
8,2016-09-30,31.53,$13.53,2.33,$10.28,3.07,$0.69,45.52,$0.99,31.85,$0.48B,$0.11B,4.35,$0.25B,$0.55B,0.45,$0.48B,$0.36B,75.10%,$0.48B,$0.14B,29.08%,$0.48B,$0.14B,29.08%,$0.48B,$0.18B,37.24%,$0.48B,$0.14B,28.24%,$0.48B,$0.05B,9.83%,$0.05B,$0.55B,7.38%,$0.05B,$0.47B,8.66%,$0.05B,$0.93B,4.63%,$0.14B,$0.80B,15.72%,$143,$40,$103,$27,$41,$107,$35,$-2,$34,$13,$20,$20,$21,$46,$35,$40,49,$0.52,$0.45,$299,$81,$0,$480,$363,$0,$76,$2,$452,$932,$110,$248,$22,$274,$384,$0,$215,$-4,$548,$932,$14,$28,$13,$42,$45,$-16,$-1,$-4,$11,$67,$-56,$0,$0,$0,$0,$0,$0,$-56,$0,$0,$0,$15,$15,$0,$-40,$-25,$-14,$15,$0
9,2016-06-30,26.35,$16.64,1.58,$10.70,2.46,$0.63,41.67,$1.33,19.81,$0.53B,$0.10B,5.08,$0.25B,$0.67B,0.37,$0.49B,$0.38B,76.88%,$0.49B,$0.17B,33.87%,$0.49B,$0.17B,33.87%,$0.49B,$0.20B,41.38%,$0.49B,$0.16B,33.06%,$0.49B,$0.06B,12.78%,$0.06B,$0.67B,9.67%,$0.06B,$0.57B,11.49%,$0.06B,$1.06B,6.14%,$0.17B,$0.92B,18.56%,$91,$29,$62,$28,$36,$93,$-2,$-1,$-3,$-1,$-2,$-2,$-11,$7,$-2,$40,40,$-0.27,$-0.27,$333,$97,$0,$528,$359,$0,$108,$44,$528,$1056,$104,$247,$24,$280,$384,$0,$344,$-3,$673,$1056,$-7,$18,$3,$21,$54,$-20,$11,$-0,$26,$40,$-39,$0,$0,$0,$0,$0,$0,$-39,$0,$0,$0,$15,$15,$0,$5,$20,$21,$10,$0
10,2016-03-31,34.06,$16.74,2.03,$11.09,3.07,$-1.14,0.0,$1.92,17.74,$0.53B,$0.09B,5.84,$0.25B,$0.67B,0.37,$0.53B,$0.42B,78.79%,$0.53B,$0.19B,35.98%,$0.53B,$0.19B,35.98%,$0.53B,$0.23B,42.99%,$0.53B,$0.19B,35.23%,$0.53B,$0.09B,16.67%,$0.09B,$0.67B,14.11%,$0.09B,$0.56B,16.96%,$0.09B,$1.04B,8.82%,$0.19B,$0.91B,21.75%,$103,$24,$79,$26,$32,$82,$21,$-1,$20,$8,$12,$12,$4,$30,$21,$40,48,$0.10,$0.10,$341,$88,$0,$528,$342,$0,$110,$45,$508,$1036,$90,$247,$24,$278,$369,$0,$355,$-4,$667,$1036,$4,$9,$3,$12,$51,$-11,$0,$-4,$26,$42,$-18,$0,$0,$0,$0,$0,$0,$-18,$0,$0,$0,$4,$4,$0,$1,$4,$28,$5,$0
11,2015-12-31,37.49,$16.75,2.24,$10.64,3.52,$-3.61,0.0,$1.25,29.99,$0.54B,$0.10B,5.4,$0.25B,$0.66B,0.37,$0.49B,$0.38B,78.12%,$0.49B,$0.14B,28.83%,$0.49B,$0.14B,28.83%,$0.49B,$0.18B,36.20%,$0.49B,$0.14B,27.81%,$0.49B,$0.06B,12.68%,$0.06B,$0.66B,10.49%,$0.06B,$0.58B,12.66%,$0.06B,$1.04B,6.40%,$0.14B,$0.91B,16.74%,$141,$26,$115,$5,$24,$56,$85,$-1,$84,$27,$57,$57,$33,$95,$85,$39,47,$0.89,$0.87,$308,$61,$0,$537,$328,$0,$82,$3,$500,$1037,$100,$247,$24,$278,$377,$0,$351,$-3,$660,$1037,$63,$35,$12,$47,$-64,$-11,$5,$6,$-68,$43,$-45,$0,$-1,$0,$0,$0,$0,$-45,$2,$0,$2,$26,$26,$0,$8,$35,$32,$16,$0
12,2015-09-30,26.7,$15.57,1.71,$9.88,2.7,$-1.78,0.0,$1.20,22.25,$0.47B,$0.09B,5.34,$0.25B,$0.61B,0.42,$0.45B,$0.35B,78.44%,$0.45B,$0.13B,29.33%,$0.45B,$0.13B,29.33%,$0.45B,$0.17B,36.89%,$0.45B,$0.13B,28.22%,$0.45B,$0.06B,13.11%,$0.06B,$0.61B,10.45%,$0.06B,$0.49B,12.95%,$0.06B,$0.98B,6.25%,$0.13B,$0.86B,16.17%,$158,$35,$123,$34,$26,$95,$63,$-1,$62,$20,$42,$42,$37,$72,$63,$39,48,$0.94,$0.79,$309,$80,$0,$473,$328,$0,$112,$49,$503,$977,$89,$253,$24,$283,$371,$0,$318,$-4,$605,$977,$30,$26,$19,$45,$2,$-14,$2,$4,$-33,$41,$-34,$0,$0,$0,$0,$0,$0,$-34,$2,$0,$2,$16,$16,$0,$3,$20,$28,$12,$0
13,2015-06-30,30.88,$14.51,2.13,$9.53,3.24,$-0.96,0.0,$0.90,34.31,$0.44B,$0.09B,5.01,$0.25B,$0.56B,0.45,$0.43B,$0.34B,78.14%,$0.43B,$0.10B,23.26%,$0.43B,$0.10B,23.26%,$0.43B,$0.13B,31.16%,$0.43B,$0.10B,22.09%,$0.43B,$0.04B,10.23%,$0.04B,$0.56B,8.13%,$0.04B,$0.45B,10.13%,$0.04B,$0.94B,4.80%,$0.10B,$0.82B,12.61%,$126,$27,$99,$41,$36,$105,$21,$-2,$20,$6,$14,$14,$14,$30,$21,$38,47,$0.37,$0.32,$215,$85,$0,$435,$320,$0,$115,$60,$508,$943,$87,$253,$35,$294,$381,$0,$281,$-4,$562,$943,$-7,$17,$2,$19,$-41,$-19,$2,$5,$-75,$-63,$-20,$0,$0,$0,$0,$0,$0,$-20,$2,$0,$2,$13,$13,$0,$2,$17,$-66,$8,$0
14,2015-03-31,26.95,$14.03,1.92,$9.75,2.76,$0.07,403.43,$0.71,37.96,$0.41B,$0.08B,5.05,$0.25B,$0.54B,0.47,$0.41B,$0.31B,75.60%,$0.41B,$0.09B,21.01%,$0.41B,$0.09B,21.01%,$0.41B,$0.12B,28.99%,$0.41B,$0.08B,19.81%,$0.41B,$0.04B,8.45%,$0.04B,$0.54B,6.69%,$0.04B,$0.44B,8.42%,$0.04B,$0.92B,3.93%,$0.09B,$0.79B,11.24%,$64,$19,$45,$39,$34,$92,$-28,$-1,$-30,$-8,$-22,$-22,$-22,$-20,$-28,$38,38,$-0.57,$-0.57,$217,$82,$0,$406,$315,$0,$98,$85,$512,$918,$80,$251,$43,$300,$380,$0,$267,$-3,$538,$918,$-22,$9,$-7,$1,$-5,$-16,$1,$-0,$-46,$-66,$-9,$0,$0,$0,$0,$0,$0,$-9,$0,$0,$0,$6,$6,$0,$5,$11,$-64,$4,$0
15,2014-12-31,25.52,$14.67,1.74,$9.54,2.68,$1.12,22.7,$0.73,34.95,$0.43B,$0.09B,4.65,$0.25B,$0.55B,0.45,$0.40B,$0.30B,75.00%,$0.40B,$0.09B,22.28%,$0.40B,$0.09B,22.28%,$0.40B,$0.12B,29.95%,$0.40B,$0.08B,20.79%,$0.40B,$0.04B,9.16%,$0.04B,$0.55B,7.29%,$0.04B,$0.44B,9.34%,$0.04B,$0.94B,4.27%,$0.09B,$0.80B,11.86%,$102,$16,$86,$-7,$18,$27,$76,$-0,$75,$28,$48,$48,$30,$84,$76,$37,46,$0.82,$0.81,$280,$66,$0,$432,$314,$0,$111,$69,$507,$939,$93,$251,$36,$293,$385,$0,$288,$-3,$553,$939,$37,$32,$30,$62,$21,$4,$-9,$-5,$14,$112,$-31,$0,$-179,$0,$0,$0,$0,$-210,$181,$0,$181,$14,$14,$0,$4,$199,$101,$13,$0
16,2014-09-30,19.97,$13.67,1.46,$9.97,2.0,$0.84,23.87,$0.48,41.6,$0.38B,$0.08B,4.71,$0.25B,$0.51B,0.49,$0.40B,$0.30B,74.00%,$0.40B,$0.04B,9.25%,$0.40B,$0.04B,9.25%,$0.40B,$0.07B,16.50%,$0.40B,$0.03B,8.25%,$0.40B,$0.02B,5.50%,$0.02B,$0.51B,4.47%,$0.02B,$0.41B,5.55%,$0.02B,$0.87B,2.79%,$0.04B,$0.76B,5.32%,$138,$32,$106,$44,$30,$107,$31,$-1,$30,$8,$22,$22,$22,$40,$31,$38,47,$0.58,$0.49,$242,$63,$0,$384,$304,$0,$106,$59,$486,$869,$81,$251,$18,$275,$356,$0,$258,$-4,$513,$869,$7,$24,$11,$36,$36,$5,$-11,$-8,$18,$60,$-15,$0,$-178,$0,$0,$0,$0,$-193,$181,$0,$181,$11,$11,$0,$4,$195,$63,$9,$0
17,2014-06-30,21.05,$13.02,1.62,$9.42,2.23,$1.31,16.1,$0.35,60.13,$0.35B,$0.08B,4.52,$0.25B,$0.49B,0.52,$0.35B,$0.26B,73.79%,$0.35B,$0.02B,6.84%,$0.35B,$0.02B,6.84%,$0.35B,$0.05B,13.96%,$0.35B,$0.02B,5.98%,$0.35B,$0.01B,3.70%,$0.01B,$0.49B,2.71%,$0.01B,$0.37B,3.25%,$0.01B,$0.84B,1.80%,$0.02B,$0.74B,3.78%,$110,$35,$76,$37,$31,$102,$8,$-0,$7,$2,$5,$5,$5,$16,$8,$37,38,$0.13,$0.13,$168,$66,$0,$345,$302,$0,$114,$59,$492,$837,$76,$251,$20,$273,$349,$0,$236,$-3,$488,$837,$-15,$15,$-0,$15,$2,$1,$-10,$-2,$-18,$-18,$-9,$0,$-178,$0,$0,$0,$0,$-188,$181,$0,$181,$10,$10,$0,$4,$195,$-11,$6,$0
18,2014-03-31,23.68,$12.80,1.85,$8.80,2.69,$2.42,9.79,$0.51,46.43,$0.33B,$0.07B,4.52,$0.25B,$0.48B,0.53,$0.32B,$0.25B,76.78%,$0.32B,$0.03B,9.60%,$0.32B,$0.03B,9.60%,$0.32B,$0.05B,16.10%,$0.32B,$0.03B,8.98%,$0.32B,$0.02B,5.57%,$0.02B,$0.48B,3.83%,$0.02B,$0.36B,4.31%,$0.02B,$0.82B,2.77%,$0.03B,$0.73B,5.38%,$54,$19,$35,$30,$30,$79,$-25,$-3,$-28,$-8,$-20,$-20,$-20,$-19,$-25,$37,37,$-0.55,$-0.55,$160,$71,$0,$327,$303,$0,$116,$60,$496,$823,$72,$251,$21,$273,$346,$0,$231,$-3,$477,$823,$-20,$7,$-7,$-0,$18,$-4,$-11,$-1,$-9,$-29,$-5,$0,$-178,$0,$0,$0,$0,$-183,$181,$0,$181,$8,$8,$0,$4,$193,$-19,$3,$0
19,2013-12-31,21.54,$13.36,1.61,$8.53,2.52,$2.99,7.19,$0.84,25.65,$0.27B,$0.06B,4.82,$0.06B,$0.49B,0.13,$0.31B,$0.25B,80.13%,$0.31B,$0.04B,13.78%,$0.31B,$0.04B,13.78%,$0.31B,$0.06B,19.87%,$0.31B,$0.04B,14.10%,$0.31B,$0.03B,9.62%,$0.03B,$0.49B,6.52%,$0.03B,$0.45B,6.89%,$0.03B,$0.63B,5.18%,$0.04B,$0.55B,8.31%,$98,$19,$79,$30,$25,$75,$23,$0,$24,$8,$15,$15,$15,$29,$23,$36,37,$0.42,$0.42,$179,$15,$0,$273,$264,$0,$44,$45,$354,$627,$57,$62,$17,$81,$137,$0,$252,$-3,$489,$627,$30,$19,$24,$43,$35,$1,$-1,$-6,$24,$97,$-42,$0,$-26,$0,$0,$0,$0,$-68,$-1,$0,$-1,$7,$7,$0,$3,$9,$38,$11,$0
20,2013-09-30,17.85,$12.86,1.39,$8.46,2.11,$1.43,12.46,$0.87,20.52,$0.23B,$0.06B,4.13,$0.06B,$0.47B,0.12,$0.31B,$0.25B,80.91%,$0.31B,$0.04B,14.24%,$0.31B,$0.04B,14.24%,$0.31B,$0.06B,19.74%,$0.31B,$0.04B,14.24%,$0.31B,$0.03B,10.03%,$0.03B,$0.47B,6.91%,$0.03B,$0.42B,7.16%,$0.03B,$0.60B,5.50%,$0.04B,$0.52B,8.71%,$89,$20,$69,$29,$22,$71,$18,$0,$18,$5,$13,$13,$13,$23,$18,$36,37,$0.37,$0.36,$173,$16,$0,$234,$263,$0,$45,$42,$361,$595,$57,$55,$17,$72,$129,$0,$236,$-4,$467,$595,$15,$14,$11,$25,$66,$-1,$-2,$-3,$49,$88,$-34,$0,$-24,$0,$0,$0,$0,$-59,$-3,$0,$-3,$3,$3,$0,$2,$1,$31,$8,$0
21,2013-06-30,13.51,$12.41,1.09,$7.87,1.72,$1.33,10.19,$0.69,19.58,$0.25B,$0.05B,5.09,$0.06B,$0.45B,0.13,$0.29B,$0.24B,82.58%,$0.29B,$0.04B,12.54%,$0.29B,$0.04B,12.54%,$0.29B,$0.05B,17.77%,$0.29B,$0.04B,12.54%,$0.29B,$0.03B,8.71%,$0.03B,$0.45B,5.70%,$0.03B,$0.44B,5.77%,$0.03B,$0.56B,4.55%,$0.04B,$0.51B,7.25%,$82,$17,$65,$30,$21,$68,$15,$0,$15,$4,$10,$10,$10,$19,$15,$36,37,$0.29,$0.29,$156,$19,$0,$248,$249,$0,$6,$42,$307,$556,$49,$56,$2,$58,$107,$0,$223,$-4,$449,$556,$2,$8,$3,$12,$42,$-3,$-6,$-1,$15,$28,$-14,$0,$0,$0,$0,$0,$0,$-14,$-2,$0,$-2,$1,$1,$0,$2,$0,$15,$6,$0
22,2013-03-31,13.1,$12.07,1.09,$7.54,1.74,$1.30,10.1,$0.61,21.47,$0.24B,$0.04B,5.45,$0.06B,$0.44B,0.13,$0.28B,$0.23B,83.27%,$0.28B,$0.03B,10.91%,$0.28B,$0.03B,10.91%,$0.28B,$0.04B,15.64%,$0.28B,$0.03B,11.27%,$0.28B,$0.02B,8.36%,$0.02B,$0.44B,5.32%,$0.02B,$0.43B,5.39%,$0.02B,$0.54B,4.24%,$0.03B,$0.49B,6.12%,$43,$6,$37,$31,$20,$56,$-13,$0,$-13,$-5,$-9,$-9,$-8,$-9,$-13,$36,36,$-0.22,$-0.22,$130,$22,$0,$237,$242,$0,$6,$42,$301,$538,$44,$57,$2,$59,$103,$0,$212,$-4,$436,$538,$-9,$4,$-3,$1,$33,$-7,$-4,$-0,$3,$-5,$-8,$0,$0,$0,$0,$0,$0,$-8,$-1,$0,$-1,$1,$1,$0,$2,$1,$-11,$3,$0
23,2012-12-31,15.03,$12.33,1.22,$7.73,1.94,$1.73,8.69,$0.64,23.48,$0.26B,$0.06B,4.25,$0.06B,$0.44B,0.13,$0.28B,$0.24B,83.33%,$0.28B,$0.03B,10.64%,$0.28B,$0.03B,10.64%,$0.28B,$0.04B,14.89%,$0.28B,$0.03B,11.35%,$0.28B,$0.02B,8.51%,$0.02B,$0.44B,5.63%,$0.02B,$0.44B,5.70%,$0.02B,$0.56B,4.47%,$0.03B,$0.50B,6.19%,$95,$15,$79,$36,$19,$71,$24,$0,$24,$9,$15,$15,$16,$28,$24,$36,36,$0.45,$0.45,$142,$15,$0,$263,$242,$0,$6,$43,$301,$564,$62,$58,$2,$60,$122,$0,$220,$-4,$442,$564,$18,$11,$23,$34,$-22,$-1,$0,$-1,$-13,$40,$-42,$0,$0,$2,$0,$2,$0,$-40,$3,$0,$3,$-5,$-5,$0,$0,$-2,$-2,$11,$0
24,2012-09-30,13.32,$11.85,1.12,$8.12,1.64,$0.64,20.78,$0.98,13.59,$0.25B,$0.05B,5.0,$0.06B,$0.43B,0.14,$0.30B,$0.25B,84.75%,$0.30B,$0.05B,17.63%,$0.30B,$0.05B,17.63%,$0.30B,$0.06B,21.02%,$0.30B,$0.05B,18.31%,$0.30B,$0.04B,12.54%,$0.04B,$0.43B,8.81%,$0.04B,$0.42B,8.93%,$0.04B,$0.54B,6.95%,$0.05B,$0.49B,10.90%,$67,$10,$56,$27,$19,$57,$10,$0,$10,$4,$6,$6,$7,$13,$10,$36,37,$0.18,$0.18,$198,$18,$0,$253,$232,$0,$6,$43,$287,$540,$51,$59,$2,$61,$112,$0,$204,$-4,$428,$540,$3,$8,$25,$33,$57,$-4,$-3,$-1,$43,$79,$-29,$0,$0,$2,$0,$2,$0,$-27,$4,$0,$4,$-1,$-1,$0,$-0,$3,$54,$8,$0
25,2012-06-30,14.2,$11.67,1.22,$7.91,1.79,$-2.32,0.0,$0.84,16.9,$0.24B,$0.04B,5.47,$0.06B,$0.42B,0.14,$0.29B,$0.24B,84.32%,$0.29B,$0.04B,14.98%,$0.29B,$0.04B,14.98%,$0.29B,$0.05B,18.47%,$0.29B,$0.05B,15.68%,$0.29B,$0.03B,11.15%,$0.03B,$0.42B,7.82%,$0.03B,$0.42B,7.93%,$0.03B,$0.53B,6.09%,$0.04B,$0.48B,9.27%,$70,$13,$57,$31,$18,$62,$9,$1,$10,$4,$6,$6,$8,$11,$9,$36,37,$0.21,$0.21,$162,$16,$0,$243,$225,$0,$6,$43,$284,$527,$44,$58,$2,$60,$105,$0,$198,$-3,$423,$527,$-2,$5,$18,$23,$27,$-1,$-7,$1,$11,$32,$-19,$0,$0,$2,$0,$2,$0,$-17,$3,$0,$3,$0,$0,$0,$-0,$3,$18,$5,$0
26,2012-03-31,14.99,$11.40,1.32,$8.39,1.79,$-3.94,0.0,$1.02,14.7,$0.24B,$0.04B,5.57,$0.06B,$0.41B,0.14,$0.31B,$0.26B,84.26%,$0.31B,$0.05B,17.70%,$0.31B,$0.05B,17.70%,$0.31B,$0.06B,20.98%,$0.31B,$0.06B,18.03%,$0.31B,$0.04B,12.46%,$0.04B,$0.41B,9.53%,$0.04B,$0.41B,9.66%,$0.04B,$0.52B,7.35%,$0.05B,$0.47B,12.11%,$50,$8,$43,$26,$19,$63,$-13,$1,$-12,$-4,$-8,$-8,$-7,$-10,$-13,$36,36,$-0.19,$-0.19,$150,$17,$0,$240,$219,$0,$6,$43,$275,$515,$43,$58,$2,$60,$103,$0,$190,$-3,$412,$515,$-8,$2,$7,$9,$31,$-3,$-2,$9,$13,$14,$-11,$0,$0,$2,$0,$2,$0,$-9,$1,$0,$1,$0,$0,$0,$-0,$1,$7,$3,$0
27,2011-12-31,15.78,$11.57,1.36,$7.52,2.1,$-4.92,0.0,$0.60,26.3,$0.25B,$0.07B,3.58,$0.05B,$0.42B,0.13,$0.27B,$0.23B,84.31%,$0.27B,$0.03B,11.31%,$0.27B,$0.03B,11.31%,$0.27B,$0.04B,14.96%,$0.27B,$0.03B,11.68%,$0.27B,$0.02B,8.76%,$0.02B,$0.42B,6.23%,$0.02B,$0.41B,6.32%,$0.02B,$0.55B,4.74%,$0.03B,$0.47B,7.28%,$108,$14,$94,$29,$18,$62,$46,$-0,$46,$19,$27,$27,$29,$48,$46,$36,36,$0.82,$0.82,$146,$15,$0,$254,$209,$0,$6,$64,$292,$547,$71,$54,$5,$59,$130,$0,$197,$-3,$417,$547,$16,$9,$33,$43,$-35,$-2,$3,$-10,$-46,$12,$-54,$0,$0,$0,$0,$0,$0,$-54,$12,$0,$12,$10,$10,$0,$-5,$17,$-25,$11,$0
28,2011-09-30,14.46,$10.72,1.35,$7.72,1.87,$-1.43,0.0,$0.58,24.93,$0.24B,$0.07B,3.44,$0.05B,$0.39B,0.13,$0.27B,$0.22B,82.90%,$0.27B,$0.02B,7.43%,$0.27B,$0.02B,7.43%,$0.27B,$0.03B,11.15%,$0.27B,$0.02B,7.81%,$0.27B,$0.02B,7.81%,$0.02B,$0.39B,5.60%,$0.02B,$0.38B,5.68%,$0.02B,$0.51B,4.25%,$0.02B,$0.43B,4.89%,$59,$11,$48,$29,$17,$57,$1,$0,$1,$2,$-0,$-0,$2,$4,$1,$36,36,$0.04,$0.04,$129,$18,$0,$237,$188,$0,$6,$64,$276,$513,$69,$49,$8,$60,$128,$0,$168,$-3,$385,$513,$-11,$7,$25,$32,$-10,$-5,$-0,$-5,$-46,$-25,$-34,$0,$0,$-1,$0,$-1,$0,$-36,$6,$0,$6,$9,$9,$0,$2,$17,$-44,$8,$0
29,2011-06-30,21.13,$10.63,1.99,$8.41,2.51,$2.10,10.08,$0.95,22.24,$0.22B,$0.07B,3.09,$0.03B,$0.38B,0.08,$0.28B,$0.24B,83.45%,$0.28B,$0.04B,14.08%,$0.28B,$0.04B,14.08%,$0.28B,$0.05B,16.90%,$0.28B,$0.04B,14.08%,$0.28B,$0.03B,11.27%,$0.03B,$0.38B,9.19%,$0.03B,$0.38B,9.29%,$0.03B,$0.49B,6.99%,$0.04B,$0.41B,10.54%,$88,$16,$72,$31,$20,$68,$20,$-0,$20,$8,$13,$13,$14,$22,$20,$36,37,$0.40,$0.39,$127,$17,$0,$224,$172,$0,$5,$65,$270,$494,$73,$29,$8,$40,$113,$0,$167,$-3,$381,$494,$-11,$5,$11,$16,$-8,$-5,$-1,$-3,$-35,$-29,$-17,$0,$0,$-3,$0,$-3,$0,$-20,$-8,$0,$-8,$9,$9,$0,$2,$2,$-47,$5,$0
30,2011-03-31,22.64,$10.13,2.23,$7.95,2.85,$3.75,6.04,$0.87,26.02,$0.22B,$0.07B,3.05,$0.03B,$0.36B,0.08,$0.26B,$0.22B,83.72%,$0.26B,$0.04B,13.57%,$0.26B,$0.04B,13.57%,$0.26B,$0.04B,16.28%,$0.26B,$0.04B,13.57%,$0.26B,$0.03B,10.85%,$0.03B,$0.36B,8.79%,$0.03B,$0.35B,8.86%,$0.03B,$0.47B,6.65%,$0.04B,$0.39B,9.95%,$19,$1,$17,$35,$18,$54,$-36,$0,$-35,$-12,$-23,$-23,$-21,$-33,$-36,$35,35,$-0.61,$-0.61,$143,$22,$0,$216,$158,$0,$5,$65,$255,$471,$71,$30,$8,$41,$112,$0,$152,$-3,$359,$471,$-23,$2,$8,$11,$27,$-9,$-1,$-2,$-10,$-23,$-8,$0,$0,$-4,$0,$-4,$0,$-13,$-1,$0,$-1,$4,$4,$0,$0,$3,$-32,$2,$0
31,2010-12-31,21.98,$10.67,2.06,$8.91,2.47,$5.03,4.37,$1.56,14.09,$0.24B,$0.08B,3.22,$0.03B,$0.37B,0.08,$0.29B,$0.24B,83.22%,$0.29B,$0.07B,25.87%,$0.29B,$0.07B,25.87%,$0.29B,$0.08B,27.62%,$0.29B,$0.07B,25.87%,$0.29B,$0.05B,18.18%,$0.05B,$0.37B,17.87%,$0.05B,$0.37B,17.95%,$0.05B,$0.50B,13.38%,$0.07B,$0.40B,22.58%,$103,$17,$86,$30,$22,$68,$35,$0,$35,$11,$24,$24,$26,$37,$35,$32,33,$0.81,$0.79,$171,$13,$0,$243,$153,$0,$5,$65,$257,$500,$76,$30,$16,$51,$127,$0,$174,$-2,$374,$500,$47,$6,$22,$28,$19,$1,$3,$-2,$23,$98,$-22,$0,$-18,$7,$0,$7,$10,$-23,$-18,$0,$-18,$7,$7,$0,$3,$-8,$66,$7,$0
32,2010-09-30,16.17,$8.90,1.82,$7.46,2.17,$2.59,6.25,$0.93,17.39,$0.21B,$0.05B,4.23,$0.04B,$0.28B,0.13,$0.24B,$0.19B,81.86%,$0.24B,$0.04B,18.14%,$0.24B,$0.04B,18.14%,$0.24B,$0.05B,19.83%,$0.24B,$0.04B,18.14%,$0.24B,$0.03B,12.66%,$0.03B,$0.28B,11.61%,$0.03B,$0.28B,11.61%,$0.03B,$0.37B,8.57%,$0.04B,$0.32B,14.38%,$74,$12,$62,$21,$21,$53,$21,$-1,$20,$8,$12,$12,$13,$22,$21,$31,32,$0.42,$0.41,$151,$17,$0,$211,$141,$0,$0,$14,$155,$366,$50,$36,$1,$37,$87,$0,$148,$-2,$279,$366,$23,$4,$13,$17,$47,$-4,$6,$-1,$36,$75,$-14,$0,$0,$0,$0,$0,$0,$-14,$-17,$0,$-17,$4,$4,$0,$1,$-12,$48,$5,$0
33,2010-06-30,15.31,$8.40,1.82,$6.52,2.35,$1.93,7.94,$0.55,27.84,$0.19B,$0.05B,4.28,$0.04B,$0.26B,0.14,$0.21B,$0.17B,81.07%,$0.21B,$0.02B,8.74%,$0.21B,$0.02B,8.74%,$0.21B,$0.02B,10.68%,$0.21B,$0.02B,9.22%,$0.21B,$0.02B,8.74%,$0.02B,$0.26B,7.26%,$0.02B,$0.26B,7.26%,$0.02B,$0.35B,5.33%,$0.02B,$0.30B,6.32%,$62,$11,$51,$19,$18,$47,$15,$0,$15,$6,$9,$9,$10,$16,$15,$31,32,$0.32,$0.31,$102,$17,$0,$194,$137,$0,$0,$14,$151,$346,$45,$37,$1,$38,$84,$0,$134,$-2,$262,$346,$11,$3,$8,$11,$9,$-4,$4,$0,$-0,$21,$-9,$0,$0,$0,$0,$0,$0,$-9,$-17,$0,$-17,$3,$3,$0,$1,$-13,$-1,$3,$0
34,2010-03-31,15.73,$8.04,1.96,$6.94,2.27,$1.90,8.27,$0.72,21.85,$0.19B,$0.05B,3.98,$0.04B,$0.25B,0.18,$0.22B,$0.18B,82.49%,$0.22B,$0.03B,11.98%,$0.22B,$0.03B,11.98%,$0.22B,$0.03B,13.82%,$0.22B,$0.03B,12.44%,$0.22B,$0.02B,10.60%,$0.02B,$0.25B,9.58%,$0.02B,$0.25B,9.58%,$0.02B,$0.34B,6.91%,$0.03B,$0.29B,9.52%,$47,$8,$39,$20,$16,$44,$3,$0,$4,$2,$2,$2,$3,$4,$3,$31,31,$0.08,$0.08,$117,$17,$0,$192,$133,$0,$0,$15,$151,$343,$48,$44,$1,$46,$94,$0,$125,$-1,$249,$343,$2,$1,$2,$4,$21,$-4,$1,$1,$12,$17,$-5,$0,$0,$0,$0,$0,$0,$-5,$-1,$0,$-1,$1,$1,$0,$0,$1,$13,$2,$0
35,2009-12-31,12.73,$7.91,1.61,$7.50,1.7,$0.55,23.23,$0.99,12.86,$0.19B,$0.06B,3.54,$0.05B,$0.24B,0.18,$0.24B,$0.19B,80.43%,$0.24B,$0.04B,17.02%,$0.24B,$0.04B,17.02%,$0.24B,$0.05B,19.15%,$0.24B,$0.04B,17.45%,$0.24B,$0.03B,13.19%,$0.03B,$0.24B,13.42%,$0.03B,$0.24B,13.42%,$0.03B,$0.35B,9.60%,$0.04B,$0.29B,15.28%,$54,$12,$42,$19,$19,$50,$4,$0,$4,$1,$4,$4,$4,$5,$4,$30,31,$0.13,$0.13,$103,$14,$0,$194,$132,$0,$0,$15,$151,$345,$55,$45,$1,$46,$101,$0,$122,$-1,$244,$345,$27,$5,$24,$29,$-30,$6,$-2,$-1,$-25,$30,$-33,$0,$0,$0,$0,$0,$0,$-33,$9,$0,$9,$4,$4,$0,$2,$15,$11,$5,$0
36,2009-09-30,16.55,$7.71,2.15,$6.96,2.38,$0.21,77.29,$0.91,18.18,$0.20B,$0.06B,3.41,$0.02B,$0.24B,0.09,$0.22B,$0.18B,81.11%,$0.22B,$0.04B,17.05%,$0.22B,$0.04B,17.05%,$0.22B,$0.04B,19.35%,$0.22B,$0.04B,17.51%,$0.22B,$0.03B,12.90%,$0.03B,$0.24B,12.74%,$0.03B,$0.24B,12.74%,$0.03B,$0.32B,9.05%,$0.04B,$0.26B,14.90%,$43,$9,$35,$19,$20,$47,$-4,$0,$-4,$-3,$-1,$-1,$1,$-3,$-4,$31,32,$0.03,$0.03,$119,$16,$17,$195,$113,$0,$0,$2,$121,$317,$57,$21,$2,$22,$79,$0,$118,$-1,$237,$317,$23,$4,$19,$23,$-1,$5,$4,$-1,$8,$54,$-14,$0,$0,$0,$0,$0,$0,$-14,$-18,$0,$-18,$4,$4,$0,$2,$-12,$27,$4,$0
37,2009-06-30,13.43,$7.60,1.77,$7.44,1.8,$-0.94,0.0,$1.22,11.01,$0.20B,$0.07B,2.79,$0.02B,$0.23B,0.09,$0.23B,$0.19B,80.95%,$0.23B,$0.06B,24.24%,$0.23B,$0.06B,24.24%,$0.23B,$0.06B,26.84%,$0.23B,$0.06B,25.11%,$0.23B,$0.04B,16.02%,$0.04B,$0.23B,17.72%,$0.04B,$0.23B,17.72%,$0.04B,$0.33B,12.25%,$0.06B,$0.25B,23.16%,$73,$10,$63,$21,$19,$50,$23,$0,$23,$10,$13,$13,$15,$24,$23,$30,31,$0.49,$0.48,$103,$14,$17,$204,$110,$0,$0,$1,$123,$326,$73,$21,$2,$23,$96,$0,$117,$-1,$230,$326,$23,$3,$11,$14,$-31,$7,$-1,$1,$-16,$20,$-9,$0,$0,$0,$0,$0,$0,$-9,$-2,$0,$-2,$1,$1,$0,$1,$0,$11,$2,$0
38,2009-03-31,12.66,$7.04,1.8,$6.52,1.94,$-1.75,0.0,$0.80,15.82,$0.16B,$0.05B,3.02,$0.04B,$0.21B,0.17,$0.20B,$0.16B,79.10%,$0.20B,$0.04B,17.91%,$0.20B,$0.04B,17.91%,$0.20B,$0.04B,20.90%,$0.20B,$0.04B,18.91%,$0.20B,$0.02B,11.94%,$0.02B,$0.21B,12.21%,$0.02B,$0.21B,12.21%,$0.02B,$0.30B,8.28%,$0.04B,$0.25B,15.37%,$65,$15,$49,$16,$16,$47,$17,$0,$18,$7,$10,$10,$11,$19,$17,$30,31,$0.37,$0.35,$61,$14,$0,$164,$127,$0,$0,$1,$140,$304,$54,$35,$2,$37,$91,$0,$102,$-1,$213,$304,$10,$1,$3,$5,$-49,$7,$-0,$1,$-40,$-25,$-5,$0,$0,$0,$0,$0,$0,$-5,$-1,$0,$-1,$1,$1,$0,$0,$0,$-30,$1,$0
39,2008-12-31,24.47,$6.61,3.7,$5.90,4.14,$-1.19,0.0,$0.69,35.46,$0.15B,$0.05B,2.83,$0.04B,$0.20B,0.18,$0.18B,$0.15B,81.01%,$0.18B,$0.03B,16.76%,$0.18B,$0.03B,16.76%,$0.18B,$0.04B,19.55%,$0.18B,$0.03B,17.88%,$0.18B,$0.02B,11.17%,$0.02B,$0.20B,10.64%,$0.02B,$0.20B,10.64%,$0.02B,$0.29B,7.08%,$0.03B,$0.24B,13.20%,$36,$7,$29,$14,$14,$35,$1,$0,$1,$0,$1,$1,$1,$2,$1,$30,30,$0.04,$0.04,$92,$18,$0,$153,$125,$0,$0,$1,$138,$291,$54,$36,$1,$37,$91,$0,$91,$-1,$199,$291,$20,$5,$4,$9,$-6,$-1,$-0,$-8,$-21,$7,$-21,$0,$0,$0,$0,$0,$-10,$-31,$-1,$0,$-1,$3,$3,$0,$6,$9,$-14,$3,$0
40,2008-09-30,12.27,$6.46,1.9,$7.75,1.58,$-0.36,0.0,$1.57,7.81,$0.15B,$0.05B,2.95,$0.04B,$0.19B,0.21,$0.23B,$0.19B,80.69%,$0.23B,$0.07B,30.90%,$0.23B,$0.07B,30.90%,$0.23B,$0.08B,33.05%,$0.23B,$0.08B,32.19%,$0.23B,$0.05B,20.17%,$0.05B,$0.19B,25.97%,$0.05B,$0.19B,25.97%,$0.05B,$0.29B,16.89%,$0.07B,$0.23B,32.43%,$57,$11,$46,$17,$14,$41,$15,$0,$16,$6,$10,$10,$10,$17,$15,$30,31,$0.35,$0.34,$105,$18,$0,$152,$121,$0,$0,$2,$135,$287,$52,$40,$1,$43,$95,$0,$90,$-1,$193,$287,$19,$4,$2,$5,$5,$-1,$-1,$-3,$-5,$19,$-16,$0,$0,$0,$0,$0,$-10,$-26,$0,$0,$0,$1,$1,$0,$5,$6,$-1,$2,$0
41,2008-06-30,9.3,$6.08,1.53,$7.36,1.26,$-2.46,0.0,$1.33,7.0,$0.14B,$0.05B,2.67,$0.04B,$0.18B,0.22,$0.22B,$0.17B,79.09%,$0.22B,$0.06B,27.73%,$0.22B,$0.06B,27.73%,$0.22B,$0.07B,30.00%,$0.22B,$0.06B,29.09%,$0.22B,$0.04B,18.18%,$0.04B,$0.18B,23.74%,$0.04B,$0.18B,23.74%,$0.04B,$0.28B,15.19%,$0.06B,$0.22B,28.94%,$43,$9,$35,$17,$15,$41,$3,$1,$3,$1,$2,$2,$2,$4,$3,$30,30,$0.06,$0.06,$84,$19,$0,$140,$118,$0,$0,$7,$138,$278,$52,$41,$2,$44,$97,$0,$79,$-1,$181,$278,$9,$2,$0,$2,$-4,$-2,$2,$-2,$-12,$-1,$-13,$0,$0,$0,$0,$0,$-10,$-23,$1,$0,$1,$0,$0,$0,$0,$2,$-22,$1,$0
42,2008-03-31,8.36,$6.00,1.39,$6.72,1.24,$-3.45,0.0,$1.10,7.6,$0.14B,$0.05B,2.83,$0.04B,$0.18B,0.23,$0.20B,$0.16B,78.00%,$0.20B,$0.05B,24.50%,$0.20B,$0.05B,24.50%,$0.20B,$0.05B,27.00%,$0.20B,$0.05B,26.50%,$0.20B,$0.03B,16.50%,$0.03B,$0.18B,20.85%,$0.03B,$0.18B,20.85%,$0.03B,$0.27B,13.44%,$0.05B,$0.22B,24.78%,$43,$8,$35,$11,$12,$32,$11,$1,$12,$5,$7,$7,$7,$12,$11,$30,30,$0.24,$0.24,$93,$19,$0,$140,$115,$0,$0,$7,$134,$274,$49,$42,$2,$46,$95,$0,$77,$-1,$179,$274,$7,$1,$1,$2,$-3,$-2,$-2,$-1,$-14,$-5,$-7,$0,$0,$0,$0,$0,$-4,$-10,$2,$0,$2,$0,$0,$0,$0,$2,$-13,$0,$0
43,2007-12-31,4.74,$5.75,0.82,$6.24,0.76,$-3.11,0.0,$0.76,6.24,$0.14B,$0.06B,2.59,$0.04B,$0.17B,0.25,$0.18B,$0.14B,77.60%,$0.18B,$0.03B,17.49%,$0.18B,$0.03B,17.49%,$0.18B,$0.04B,20.22%,$0.18B,$0.04B,19.67%,$0.18B,$0.02B,12.57%,$0.02B,$0.17B,15.54%,$0.02B,$0.17B,15.54%,$0.02B,$0.27B,10.09%,$0.03B,$0.21B,17.30%,$90,$18,$72,$12,$17,$46,$43,$1,$44,$16,$28,$28,$28,$44,$43,$29,30,$0.96,$0.94,$106,$17,$0,$144,$110,$0,$0,$7,$129,$274,$56,$43,$2,$47,$102,$0,$70,$-1,$171,$274,$23,$5,$2,$7,$25,$9,$-0,$-4,$26,$55,$-44,$0,$0,$0,$0,$0,$0,$-44,$15,$0,$15,$2,$2,$0,$1,$18,$29,$3,$0
44,2007-09-30,8.32,$4.82,1.73,$6.76,1.23,$-5.34,0.0,$-0.17,0.0,$0.11B,$0.04B,3.02,$0.04B,$0.14B,0.3,$0.18B,$0.14B,80.00%,$0.18B,$0.03B,18.33%,$0.18B,$0.03B,18.33%,$0.18B,$0.04B,21.11%,$0.18B,$0.04B,20.00%,$0.18B,$0.02B,11.67%,$0.02B,$0.14B,15.03%,$0.02B,$0.14B,15.03%,$0.02B,$0.23B,9.59%,$0.03B,$0.19B,18.97%,$44,$11,$32,$13,$15,$39,$4,$0,$5,$2,$3,$3,$3,$6,$4,$30,30,$0.10,$0.10,$24,$26,$0,$107,$103,$0,$0,$7,$119,$227,$36,$43,$2,$48,$83,$0,$43,$-1,$143,$227,$-5,$4,$5,$8,$1,$-1,$2,$-2,$-27,$-24,$-36,$0,$0,$0,$0,$0,$0,$-36,$4,$0,$4,$2,$2,$0,$2,$8,$-52,$2,$0
