,Date,Stock Price,Book Value per Share,Price to Book Ratio,TTM Sales per Share,Price to Sales Ratio,TTM FCF per Share,Price to FCF Ratio,TTM Net EPS,PE Ratio,Current Assets,Current Liabilities,Current Ratio,Long Term Debt,Shareholder's Equity_x,Debt to Equity Ratio,TTM Revenue_x,TTM Gross Profit,Gross Margin,TTM Revenue_y,TTM Operating Income,Operating Margin,TTM Revenue_x,TTM EBIT,EBIT Margin,TTM Revenue_y,TTM EBITDA,EBITDA Margin,TTM Revenue_x,TTM Pre-Tax Income,Pre-Tax Margin,TTM Revenue_y,TTM Net Income_x,Net Margin,TTM Net Income_y,Shareholder's Equity_y,Return on Equity,TTM Net Income_x,Tangible Equity,Return on Tangible Equity,TTM Net Income_y,Total Assets,Return on Assets,TTM Net Income,LT Investments & Debt,Return on Investment,revenue,cost-goods-sold,gross-profit,research-development-expenses,selling-general-administrative-expenses,operating-expenses,operating-income,total-non-operating-income-expense,pre-tax-income,total-provision-income-taxes,income-after-taxes,income-from-continuous-operations,net-income,ebitda,ebit,basic-shares-outstanding,shares-outstanding,eps-basic-net-earnings-per-share,eps-earnings-per-share-diluted,cash-on-hand,inventory,other-current-assets,total-current-assets,net-property-plant-equipment,long-term-investments,goodwill-intangible-assets-total,other-long-term-assets,total-long-term-assets,total-assets,total-current-liabilities,long-term-debt,other-non-current-liabilities,total-long-term-liabilities,total-liabilities,common-stock-net,retained-earnings-accumulated-deficit,comprehensive-income,total-share-holder-equity,total-liabilities-share-holders-equity,net-income-loss,total-depreciation-amortization-cash-flow,other-non-cash-items,total-non-cash-items,change-in-accounts-receivable,change-in-inventories,change-in-accounts-payable,change-in-assets-liabilities,total-change-in-assets-liabilities,cash-flow-from-operating-activities,net-change-in-property-plant-equipment,net-change-in-intangible-assets,net-acquisitions-divestitures,net-change-in-short-term-investments,net-change-in-long-term-investments,net-change-in-investments-total,investing-activities-other,cash-flow-from-investing-activities,net-long-term-debt,net-current-debt,debt-issuance-retirement-net-total,net-common-equity-issued-repurchased,net-total-equity-issued-repurchased,total-common-preferred-stock-dividends-paid,financial-activities-other,cash-flow-from-financial-activities,net-cash-flow,stock-based-compensation,common-stock-dividends-paid
0,2018-09-30,17.0,$12.52,1.36,$4.44,3.83,$2.73,6.23,$0.67,25.37,$5.58B,$4.49B,1.24,$0.61B,$0.68B,0.9,$0.24B,$0.18B,76.17%,$0.24B,$0.08B,35.32%,$0.24B,0,0.00%,$0.24B,0,0.00%,$0.24B,$0.08B,34.47%,$0.24B,$0.05B,22.13%,$0.05B,$0.68B,7.86%,$0.05B,$0.66B,8.14%,$0.05B,$5.78B,0.94%,$0.08B,$1.29B,6.72%,$62,$17,$45,$0,$23,$40,$22,$-0,$22,$4,$17,$17,$17,$0,$0,$51,53,$0.34,$0.33,$335,$0,$0,$5575,$42,$65,$22,$55,$201,$5775,$4485,$611,$0,$611,$5096,$1,$305,$-1,$679,$5775,$43,$2,$7,$9,$2,$0,$0,$-9,$-4,$49,$-4,$0,$0,$48,$-1,$47,$-606,$-563,$97,$40,$137,$-8,$-8,$-8,$303,$425,$-89,$5,$-8
1,2018-06-30,19.15,$12.33,1.55,$4.28,4.48,$2.43,7.87,$0.92,20.82,$5.48B,$4.42B,1.24,$0.59B,$0.67B,0.89,$0.23B,$0.18B,78.32%,$0.23B,$0.08B,35.84%,$0.23B,0,0.00%,$0.23B,0,0.00%,$0.23B,$0.08B,34.96%,$0.23B,$0.05B,21.24%,$0.05B,$0.67B,7.36%,$0.05B,$0.64B,7.60%,$0.05B,$5.68B,0.89%,$0.08B,$1.26B,6.80%,$59,$15,$44,$0,$25,$40,$19,$-0,$19,$5,$14,$14,$14,$0,$0,$51,53,$0.27,$0.27,$353,$0,$0,$5482,$42,$63,$23,$52,$196,$5678,$4421,$592,$0,$592,$5013,$1,$290,$-1,$665,$5678,$26,$1,$7,$8,$3,$0,$0,$-6,$-3,$31,$-2,$0,$0,$45,$-1,$45,$-495,$-453,$78,$0,$78,$-6,$-6,$-5,$282,$349,$-73,$3,$-5
2,2018-03-31,20.1,$12.13,1.66,$4.11,4.89,$2.24,8.99,$0.87,23.1,$5.27B,$4.22B,1.25,$0.58B,$0.66B,0.89,$0.22B,$0.17B,79.72%,$0.22B,$0.08B,36.87%,$0.22B,0,0.00%,$0.22B,0,0.00%,$0.22B,$0.08B,35.94%,$0.22B,$0.05B,20.74%,$0.05B,$0.66B,7.01%,$0.05B,$0.63B,7.21%,$0.05B,$5.46B,0.87%,$0.08B,$1.24B,7.00%,$54,$12,$42,$0,$27,$39,$15,$-0,$15,$3,$12,$12,$12,$0,$0,$52,53,$0.23,$0.23,$361,$0,$0,$5274,$41,$62,$23,$45,$186,$5461,$4223,$583,$0,$583,$4805,$1,$278,$-1,$656,$5461,$12,$1,$4,$4,$3,$0,$0,$1,$6,$22,$-1,$0,$0,$25,$1,$26,$-279,$-255,$69,$0,$69,$-2,$-2,$-3,$82,$146,$-86,$2,$-3
3,2017-12-31,20.5,$11.96,1.71,$3.96,5.18,$2.09,9.83,$0.82,25.0,$5.11B,$4.14B,1.24,$0.51B,$0.65B,0.79,$0.21B,$0.17B,80.38%,$0.21B,$0.08B,37.80%,$0.21B,0,0.00%,$0.21B,0,0.00%,$0.21B,$0.08B,36.84%,$0.21B,$0.04B,20.10%,$0.04B,$0.65B,6.64%,$0.04B,$0.62B,6.81%,$0.04B,$5.30B,0.85%,$0.08B,$1.16B,7.38%,$60,$12,$48,$0,$21,$33,$27,$-2,$25,$16,$9,$9,$9,$0,$0,$51,53,$0.18,$0.17,$472,$0,$0,$5111,$41,$63,$23,$46,$188,$5299,$4140,$513,$0,$513,$4653,$1,$269,$0,$646,$5299,$43,$1,$6,$7,$0,$0,$0,$0,$1,$50,$-1,$0,$-2,$12,$43,$56,$-650,$-598,$183,$0,$183,$1,$1,$-8,$538,$714,$166,$6,$-8
4,2017-09-30,18.51,$11.87,1.56,$3.72,4.97,$1.92,9.67,$0.87,21.28,$4.89B,$3.98B,1.23,$0.47B,$0.64B,0.74,$0.20B,$0.16B,81.12%,$0.20B,$0.07B,35.71%,$0.20B,0,0.00%,$0.20B,0,0.00%,$0.20B,$0.07B,35.71%,$0.20B,$0.04B,22.45%,$0.04B,$0.64B,7.07%,$0.04B,$0.63B,7.22%,$0.04B,$5.09B,0.93%,$0.07B,$1.11B,6.91%,$53,$10,$43,$0,$23,$33,$20,$-0,$20,$7,$13,$13,$13,$0,$0,$51,53,$0.26,$0.25,$375,$0,$0,$4893,$40,$68,$14,$51,$194,$5086,$3975,$471,$0,$471,$4446,$1,$262,$3,$640,$5086,$34,$1,$3,$5,$-1,$0,$0,$-6,$-8,$31,$-1,$0,$0,$5,$23,$28,$-606,$-580,$149,$0,$149,$0,$0,$-6,$470,$613,$64,$4,$-6
5,2017-06-30,16.74,$11.68,1.43,$3.52,4.76,$1.89,8.87,$0.80,20.92,$4.59B,$3.73B,1.23,$0.43B,$0.63B,0.69,$0.19B,$0.15B,81.62%,$0.19B,$0.07B,35.14%,$0.19B,0,0.00%,$0.19B,0,0.00%,$0.19B,$0.07B,35.14%,$0.19B,$0.04B,21.62%,$0.04B,$0.63B,6.54%,$0.04B,$0.61B,6.69%,$0.04B,$4.79B,0.89%,$0.07B,$1.06B,6.74%,$50,$9,$40,$0,$23,$32,$18,$0,$18,$6,$11,$11,$11,$0,$0,$51,52,$0.22,$0.22,$320,$0,$0,$4589,$41,$75,$14,$47,$198,$4787,$3727,$434,$0,$434,$4161,$1,$251,$2,$627,$4787,$21,$1,$2,$3,$1,$0,$0,$-2,$-5,$19,$-1,$0,$0,$-5,$13,$8,$-360,$-353,$112,$40,$152,$0,$0,$-4,$184,$332,$-2,$3,$-4
6,2017-03-31,18.08,$11.49,1.57,$3.31,5.47,$1.78,10.16,$0.69,26.21,$4.44B,$3.69B,1.2,$0.34B,$0.62B,0.54,$0.17B,$0.14B,82.66%,$0.17B,$0.06B,32.37%,$0.17B,0,0.00%,$0.17B,0,0.00%,$0.17B,$0.06B,32.37%,$0.17B,$0.04B,20.23%,$0.04B,$0.62B,5.82%,$0.04B,$0.60B,5.95%,$0.04B,$4.64B,0.82%,$0.06B,$0.95B,6.05%,$46,$8,$37,$0,$23,$32,$14,$0,$14,$5,$9,$9,$9,$0,$0,$51,53,$0.18,$0.18,$408,$0,$0,$4440,$41,$78,$14,$45,$199,$4639,$3688,$335,$0,$335,$4023,$1,$241,$2,$616,$4639,$9,$1,$1,$1,$3,$0,$0,$-1,$3,$13,$-0,$0,$0,$-0,$10,$10,$-123,$-114,$12,$0,$12,$0,$0,$-2,$181,$192,$91,$1,$-2
7,2016-12-31,18.64,$11.33,1.64,$3.13,5.94,$1.70,10.94,$0.65,28.67,$4.23B,$3.51B,1.21,$0.32B,$0.61B,0.53,$0.16B,$0.14B,83.54%,$0.16B,$0.05B,32.32%,$0.16B,0,0.00%,$0.16B,0,0.00%,$0.16B,$0.05B,32.32%,$0.16B,$0.03B,20.12%,$0.03B,$0.61B,5.56%,$0.03B,$0.59B,5.69%,$0.03B,$4.44B,0.81%,$0.05B,$0.93B,5.98%,$47,$8,$39,$0,$21,$29,$18,$0,$18,$7,$11,$11,$11,$0,$0,$51,52,$0.22,$0.22,$317,$0,$0,$4230,$41,$86,$14,$44,$206,$4436,$3506,$323,$0,$323,$3829,$1,$234,$2,$607,$4436,$34,$2,$5,$6,$-1,$0,$0,$0,$4,$44,$-4,$0,$0,$20,$76,$95,$-859,$-768,$175,$-20,$155,$-19,$-19,$-6,$733,$864,$140,$5,$-6
8,2016-09-30,15.33,$11.12,1.38,$2.90,5.28,$1.38,11.07,$0.56,27.37,$3.89B,$3.26B,1.19,$0.32B,$0.60B,0.54,$0.15B,$0.13B,84.21%,$0.15B,$0.05B,29.61%,$0.15B,0,0.00%,$0.15B,0,0.00%,$0.15B,$0.05B,29.61%,$0.15B,$0.03B,19.08%,$0.03B,$0.60B,4.93%,$0.03B,$0.58B,5.05%,$0.03B,$4.17B,0.76%,$0.05B,$0.92B,5.37%,$42,$7,$35,$0,$20,$27,$15,$0,$15,$5,$9,$9,$9,$0,$0,$51,52,$0.19,$0.18,$213,$0,$0,$3887,$41,$163,$14,$49,$286,$4173,$3256,$320,$0,$320,$3576,$1,$225,$1,$597,$4173,$23,$1,$8,$9,$1,$0,$0,$-4,$-1,$30,$-3,$0,$0,$39,$23,$62,$-621,$-562,$173,$-20,$153,$-17,$-17,$-5,$487,$618,$86,$4,$-5
9,2016-06-30,14.52,$10.93,1.33,$2.75,5.29,$1.19,12.18,$0.49,29.64,$3.66B,$3.02B,1.21,$0.32B,$0.59B,0.55,$0.14B,$0.12B,84.72%,$0.14B,$0.04B,27.08%,$0.14B,0,0.00%,$0.14B,0,0.00%,$0.14B,$0.04B,27.08%,$0.14B,$0.03B,18.06%,$0.03B,$0.59B,4.44%,$0.03B,$0.57B,4.55%,$0.03B,$3.93B,0.71%,$0.04B,$0.91B,4.94%,$38,$6,$32,$0,$23,$30,$9,$0,$9,$3,$6,$6,$6,$0,$0,$51,52,$0.12,$0.11,$137,$0,$0,$3655,$41,$150,$14,$49,$274,$3929,$3022,$321,$0,$321,$3342,$1,$217,$0,$587,$3929,$13,$1,$6,$7,$2,$0,$0,$-6,$-6,$14,$-2,$0,$0,$65,$6,$70,$-466,$-398,$173,$-20,$153,$-17,$-17,$-3,$255,$389,$5,$3,$-3
10,2016-03-31,13.65,$10.81,1.26,$2.65,5.15,$1.08,12.61,$0.49,27.85,$3.47B,$2.94B,1.18,$0.21B,$0.58B,0.36,$0.14B,$0.12B,85.00%,$0.14B,$0.04B,27.14%,$0.14B,0,0.00%,$0.14B,0,0.00%,$0.14B,$0.04B,27.14%,$0.14B,$0.03B,18.57%,$0.03B,$0.58B,4.44%,$0.03B,$0.57B,4.55%,$0.03B,$3.73B,0.75%,$0.04B,$0.79B,5.10%,$37,$6,$31,$0,$20,$26,$11,$0,$11,$3,$7,$7,$7,$0,$0,$52,53,$0.14,$0.14,$247,$0,$0,$3465,$41,$145,$14,$44,$265,$3729,$2935,$211,$0,$211,$3147,$1,$212,$-1,$583,$3729,$7,$0,$2,$2,$3,$0,$0,$-1,$0,$10,$-1,$0,$0,$6,$9,$15,$-164,$-150,$64,$-20,$44,$-13,$-13,$-2,$168,$198,$58,$1,$-2
11,2015-12-31,13.8,$10.72,1.29,$2.57,5.37,$0.94,14.68,$0.47,29.35,$3.25B,$2.79B,1.17,$0.15B,$0.59B,0.25,$0.14B,$0.12B,85.29%,$0.14B,$0.04B,27.21%,$0.14B,0,0.00%,$0.14B,0,0.00%,$0.14B,$0.04B,27.21%,$0.14B,$0.03B,18.38%,$0.03B,$0.59B,4.27%,$0.03B,$0.57B,4.37%,$0.03B,$3.53B,0.74%,$0.04B,$0.74B,5.08%,$35,$5,$30,$0,$20,$25,$10,$0,$10,$3,$7,$7,$7,$0,$0,$52,53,$0.13,$0.12,$195,$0,$0,$3254,$40,$153,$14,$43,$271,$3525,$2789,$147,$0,$147,$2936,$1,$206,$-2,$588,$3525,$25,$1,$3,$4,$-5,$0,$0,$3,$-1,$28,$-4,$0,$0,$6,$38,$44,$-401,$-361,$-25,$20,$-5,$-9,$-9,$-1,$240,$224,$-109,$3,$-1
12,2015-09-30,13.35,$10.71,1.25,$2.53,5.29,$0.89,15.08,$0.45,29.66,$3.10B,$2.65B,1.17,$0.14B,$0.58B,0.24,$0.13B,$0.11B,85.07%,$0.13B,$0.04B,26.87%,$0.13B,0,0.00%,$0.13B,0,0.00%,$0.13B,$0.04B,26.87%,$0.13B,$0.02B,17.91%,$0.02B,$0.58B,4.11%,$0.02B,$0.57B,4.21%,$0.02B,$3.38B,0.72%,$0.04B,$0.72B,4.91%,$34,$5,$29,$0,$21,$26,$9,$0,$9,$3,$6,$6,$6,$0,$0,$52,53,$0.11,$0.11,$193,$0,$0,$3095,$40,$164,$14,$44,$281,$3376,$2653,$140,$0,$140,$2793,$1,$201,$-3,$583,$3376,$18,$1,$4,$5,$-2,$0,$0,$3,$-2,$21,$-3,$0,$0,$10,$25,$35,$-247,$-216,$-32,$0,$-32,$-6,$-6,$-2,$127,$87,$-108,$2,$-2
13,2015-06-30,13.06,$10.71,1.22,$2.47,5.28,$0.81,16.1,$0.45,29.03,$3.00B,$2.57B,1.17,$0.14B,$0.59B,0.24,$0.13B,$0.11B,84.09%,$0.13B,$0.04B,27.27%,$0.13B,0,0.00%,$0.13B,0,0.00%,$0.13B,$0.04B,27.27%,$0.13B,$0.02B,18.18%,$0.02B,$0.59B,4.13%,$0.02B,$0.58B,4.24%,$0.02B,$3.30B,0.73%,$0.04B,$0.73B,4.88%,$34,$5,$29,$0,$21,$26,$8,$0,$8,$3,$6,$6,$6,$0,$0,$52,53,$0.11,$0.11,$272,$0,$0,$3000,$39,$188,$14,$45,$303,$3302,$2573,$141,$0,$141,$2714,$1,$197,$0,$589,$3302,$12,$1,$1,$2,$-4,$0,$0,$2,$-6,$8,$-1,$0,$0,$-0,$17,$17,$-69,$-54,$-31,$0,$-31,$0,$0,$0,$47,$17,$-29,$1,$0
14,2015-03-31,12.83,$10.62,1.21,$2.40,5.36,$0.68,18.86,$0.44,29.02,$3.02B,$2.62B,1.15,$0.14B,$0.58B,0.25,$0.13B,$0.11B,83.59%,$0.13B,$0.04B,28.13%,$0.13B,0,0.00%,$0.13B,0,0.00%,$0.13B,$0.04B,28.13%,$0.13B,$0.02B,18.75%,$0.02B,$0.58B,4.81%,$0.02B,$0.57B,4.95%,$0.02B,$3.35B,0.75%,$0.04B,$0.73B,5.34%,$33,$5,$28,$0,$18,$23,$10,$0,$10,$3,$6,$6,$6,$0,$0,$52,53,$0.12,$0.12,$358,$0,$0,$3023,$39,$212,$14,$44,$325,$3348,$2620,$144,$0,$144,$2764,$1,$191,$2,$584,$3348,$6,$0,$-1,$-1,$-5,$0,$0,$3,$-4,$2,$-1,$0,$0,$-0,$6,$6,$-2,$3,$-28,$0,$-28,$0,$0,$0,$91,$63,$68,$0,$0
15,2014-12-31,10.93,$10.56,1.04,$2.32,4.71,$0.70,15.63,$0.41,26.53,$2.95B,$2.53B,1.17,$0.17B,$0.58B,0.3,$0.13B,$0.10B,83.20%,$0.13B,$0.03B,26.40%,$0.13B,0,0.00%,$0.13B,0,0.00%,$0.13B,$0.03B,26.40%,$0.13B,$0.02B,18.40%,$0.02B,$0.58B,5.52%,$0.02B,$0.56B,5.71%,$0.02B,$3.28B,0.75%,$0.03B,$0.75B,5.45%,$33,$5,$28,$0,$19,$24,$9,$0,$9,$3,$6,$6,$6,$0,$0,$52,54,$0.12,$0.12,$291,$0,$0,$2948,$39,$216,$14,$46,$330,$3279,$2529,$172,$0,$172,$2701,$1,$185,$3,$578,$3279,$22,$2,$-3,$-2,$1,$0,$0,$-0,$1,$22,$-1,$0,$3,$-104,$18,$-86,$-386,$-471,$10,$0,$10,$302,$302,$0,$256,$568,$119,$2,$0
16,2014-09-30,10.29,$10.44,0.99,$2.26,4.54,$0.77,13.3,$0.38,27.39,$2.88B,$2.43B,1.19,$0.17B,$0.57B,0.3,$0.12B,$0.10B,82.79%,$0.12B,$0.03B,24.59%,$0.12B,0,0.00%,$0.12B,0,0.00%,$0.12B,$0.03B,24.59%,$0.12B,$0.02B,17.21%,$0.02B,$0.57B,6.28%,$0.02B,$0.56B,6.55%,$0.02B,$3.17B,0.72%,$0.03B,$0.74B,5.76%,$32,$5,$26,$0,$17,$23,$9,$0,$9,$3,$6,$6,$6,$0,$0,$52,53,$0.12,$0.11,$388,$0,$0,$2879,$39,$181,$14,$43,$290,$3169,$2425,$173,$0,$173,$2598,$1,$179,$3,$571,$3169,$16,$2,$-2,$-1,$0,$0,$0,$-0,$-0,$15,$-1,$0,$3,$1,$34,$35,$-218,$-181,$11,$0,$11,$302,$302,$0,$155,$468,$302,$2,$0
17,2014-06-30,10.22,$11.78,0.87,$2.22,4.6,$0.80,12.72,$0.36,28.11,$2.75B,$2.58B,1.07,$0.21B,$0.26B,0.81,$0.12B,$0.10B,82.50%,$0.12B,$0.03B,25.00%,$0.12B,0,0.00%,$0.12B,0,0.00%,$0.12B,$0.03B,25.00%,$0.12B,$0.02B,16.67%,$0.02B,$0.26B,7.92%,$0.02B,$0.25B,8.38%,$0.02B,$3.06B,0.72%,$0.03B,$0.47B,6.77%,$30,$5,$25,$0,$17,$22,$8,$0,$8,$3,$6,$6,$6,$0,$0,$53,54,$0.10,$0.10,$368,$0,$0,$2750,$39,$195,$14,$45,$306,$3056,$2583,$211,$0,$211,$2794,$0,$173,$5,$262,$3056,$10,$1,$-2,$-1,$-4,$0,$0,$-1,$-9,$1,$-1,$0,$0,$1,$21,$22,$-106,$-84,$49,$0,$49,$0,$0,$0,$316,$365,$282,$1,$0
18,2014-03-31,10.17,$4.68,2.18,$2.93,3.47,$1.15,8.87,$0.32,31.94,$2.48B,$2.34B,1.06,$0.20B,$0.26B,0.79,$0.12B,$0.10B,82.20%,$0.12B,$0.03B,22.03%,$0.12B,0,0.00%,$0.12B,0,0.00%,$0.12B,$0.03B,22.03%,$0.12B,$0.02B,14.41%,$0.02B,$0.26B,6.89%,$0.02B,$0.24B,7.30%,$0.02B,$2.80B,0.64%,$0.03B,$0.46B,6.03%,$30,$5,$25,$0,$18,$23,$7,$0,$7,$2,$5,$5,$5,$0,$0,$53,54,$0.09,$0.09,$157,$0,$0,$2483,$39,$203,$14,$42,$312,$2795,$2338,$202,$0,$202,$2541,$0,$167,$4,$255,$2795,$5,$1,$-1,$-1,$1,$0,$0,$-0,$-1,$3,$-0,$0,$0,$0,$11,$11,$-53,$-42,$40,$0,$40,$0,$0,$0,$69,$109,$70,$0,$0
19,2013-12-31,8.99,$4.58,1.96,$2.88,3.12,$1.18,7.6,$0.29,31.43,$2.36B,$2.27B,1.04,$0.16B,$0.25B,0.65,$0.12B,$0.09B,81.74%,$0.12B,$0.02B,20.00%,$0.12B,0,0.00%,$0.12B,0,0.00%,$0.12B,$0.02B,20.00%,$0.12B,$0.02B,13.04%,$0.02B,$0.25B,6.18%,$0.02B,$0.24B,6.55%,$0.02B,$2.68B,0.59%,$0.02B,$0.41B,5.43%,$30,$5,$25,$0,$19,$24,$6,$0,$6,$2,$4,$4,$4,$0,$0,$53,54,$-0.01,$-0.01,$86,$0,$0,$2361,$39,$213,$14,$41,$321,$2682,$2271,$162,$0,$162,$2433,$0,$162,$4,$249,$2682,$15,$2,$-6,$-3,$12,$0,$0,$-0,$16,$28,$-3,$0,$0,$12,$58,$70,$-485,$-418,$1,$0,$1,$-2,$-2,$0,$384,$383,$-7,$2,$0
20,2013-09-30,8.67,$4.47,1.94,$2.81,3.08,$0.71,12.23,$0.25,34.24,$2.33B,$2.22B,1.05,$0.19B,$0.24B,0.77,$0.11B,$0.09B,81.98%,$0.11B,$0.02B,18.02%,$0.11B,0,0.00%,$0.11B,0,0.00%,$0.11B,$0.02B,18.02%,$0.11B,$0.01B,11.71%,$0.01B,$0.24B,5.44%,$0.01B,$0.23B,5.78%,$0.01B,$2.66B,0.53%,$0.02B,$0.43B,4.76%,$30,$5,$24,$0,$16,$21,$9,$0,$9,$3,$5,$5,$5,$0,$0,$53,54,$0.10,$0.10,$206,$0,$0,$2332,$39,$217,$14,$42,$323,$2655,$2224,$188,$0,$188,$2411,$0,$158,$3,$244,$2655,$11,$2,$-2,$-0,$8,$0,$0,$-1,$7,$18,$-2,$0,$0,$12,$51,$62,$-330,$-270,$27,$0,$27,$-2,$-2,$0,$340,$365,$113,$2,$0
21,2013-06-30,7.49,$4.38,1.71,$2.74,2.73,$0.21,36.53,$0.20,36.69,$2.17B,$2.08B,1.04,$0.19B,$0.24B,0.79,$0.11B,$0.09B,82.24%,$0.11B,$0.02B,14.02%,$0.11B,0,0.00%,$0.11B,0,0.00%,$0.11B,$0.02B,14.02%,$0.11B,$0.01B,10.28%,$0.01B,$0.24B,4.66%,$0.01B,$0.23B,4.95%,$0.01B,$2.51B,0.47%,$0.02B,$0.43B,3.65%,$28,$5,$23,$0,$19,$24,$4,$0,$4,$1,$3,$3,$3,$0,$0,$22,22,$0.14,$0.14,$144,$0,$0,$2166,$40,$234,$14,$45,$342,$2508,$2081,$189,$0,$189,$2270,$0,$153,$4,$239,$2508,$6,$1,$1,$2,$4,$0,$0,$-3,$2,$10,$-2,$0,$0,$10,$33,$43,$-223,$-182,$28,$0,$28,$-1,$-1,$0,$197,$223,$50,$1,$0
22,2013-03-31,7.46,$4.37,1.71,$2.03,3.68,$-0.25,0.0,$0.25,29.95,$2.05B,$1.97B,1.04,$0.19B,$0.24B,0.78,$0.11B,$0.09B,82.57%,$0.11B,$0.02B,17.43%,$0.11B,0,0.00%,$0.11B,0,0.00%,$0.11B,$0.02B,17.43%,$0.11B,$0.01B,11.93%,$0.01B,$0.24B,5.56%,$0.01B,$0.23B,5.92%,$0.01B,$2.40B,0.58%,$0.02B,$0.43B,4.79%,$27,$5,$22,$0,$18,$22,$4,$0,$4,$1,$3,$3,$3,$0,$0,$53,54,$0.06,$0.06,$183,$0,$0,$2049,$40,$248,$14,$41,$351,$2400,$1974,$187,$0,$187,$2161,$0,$150,$7,$239,$2400,$3,$1,$-1,$-0,$5,$0,$0,$-0,$3,$6,$-2,$0,$0,$4,$28,$32,$-64,$-33,$26,$0,$26,$-0,$-0,$0,$92,$118,$90,$0,$0
23,2012-12-31,6.68,$4.29,1.56,$1.99,3.36,$-0.12,0.0,$0.23,28.69,$1.90B,$1.88B,1.01,$0.16B,$0.23B,0.69,$0.11B,$0.09B,82.24%,$0.11B,$0.02B,16.82%,$0.11B,0,0.00%,$0.11B,0,0.00%,$0.11B,$0.02B,16.82%,$0.11B,$0.01B,11.21%,$0.01B,$0.23B,5.21%,$0.01B,$0.22B,5.55%,$0.01B,$2.28B,0.56%,$0.02B,$0.40B,4.77%,$26,$5,$22,$0,$18,$23,$3,$0,$3,$1,$2,$2,$2,$0,$0,$53,54,$0.03,$0.04,$93,$0,$0,$1901,$39,$275,$14,$41,$378,$2279,$1884,$161,$0,$161,$2045,$0,$147,$5,$234,$2279,$12,$2,$-4,$-2,$-10,$0,$0,$2,$-8,$3,$-4,$0,$0,$-2,$102,$100,$-453,$-357,$47,$-17,$30,$-1,$-1,$0,$261,$290,$-63,$2,$0
24,2012-09-30,6.57,$4.26,1.54,$1.92,3.43,$0.42,15.67,$0.23,28.71,$1.83B,$1.83B,1.0,$0.16B,$0.23B,0.7,$0.10B,$0.08B,80.77%,$0.10B,$0.02B,17.31%,$0.10B,0,0.00%,$0.10B,0,0.00%,$0.10B,$0.02B,17.31%,$0.10B,$0.01B,11.54%,$0.01B,$0.23B,5.29%,$0.01B,$0.22B,5.64%,$0.01B,$2.22B,0.58%,$0.02B,$0.39B,4.96%,$26,$5,$21,$0,$17,$21,$4,$0,$4,$2,$3,$3,$3,$0,$0,$53,54,$0.05,$0.05,$178,$0,$0,$1832,$38,$287,$14,$42,$387,$2219,$1825,$162,$0,$162,$1987,$0,$145,$6,$233,$2219,$10,$2,$-3,$-1,$-18,$0,$0,$1,$-18,$-8,$-3,$0,$0,$-4,$92,$89,$-289,$-203,$47,$-6,$41,$-1,$-1,$0,$192,$232,$21,$1,$0
25,2012-06-30,5.54,$4.00,1.38,$1.87,2.97,$1.18,4.69,$0.23,24.22,$1.68B,$1.73B,0.97,$0.15B,$0.23B,0.63,$0.10B,$0.08B,80.20%,$0.10B,$0.02B,17.82%,$0.10B,0,0.00%,$0.10B,0,0.00%,$0.10B,$0.02B,17.82%,$0.10B,$0.01B,11.88%,$0.01B,$0.23B,5.39%,$0.01B,$0.22B,5.74%,$0.01B,$2.10B,0.60%,$0.02B,$0.37B,5.18%,$30,$5,$25,$0,$17,$22,$8,$0,$8,$3,$5,$5,$5,$0,$0,$53,53,$0.10,$0.10,$125,$0,$0,$1681,$38,$311,$14,$50,$419,$2100,$1727,$145,$0,$145,$1871,$0,$142,$5,$229,$2100,$8,$1,$-4,$-3,$-7,$0,$0,$1,$-9,$-4,$-2,$0,$0,$-3,$58,$55,$-199,$-147,$30,$-6,$24,$-1,$-1,$0,$96,$119,$-32,$1,$0
26,2012-03-31,5.22,$4.14,1.26,$1.78,2.94,$1.85,2.83,$0.21,25.29,$1.59B,$1.68B,0.94,$0.13B,$0.23B,0.56,$0.10B,$0.08B,79.17%,$0.10B,$0.02B,17.71%,$0.10B,0,0.00%,$0.10B,0,0.00%,$0.10B,$0.02B,17.71%,$0.10B,$0.01B,11.46%,$0.01B,$0.23B,4.99%,$0.01B,$0.21B,5.32%,$0.01B,$2.03B,0.56%,$0.02B,$0.35B,5.03%,$25,$5,$20,$0,$17,$21,$3,$0,$3,$1,$2,$2,$2,$0,$0,$53,53,$0.04,$0.04,$165,$0,$0,$1585,$39,$348,$14,$42,$448,$2034,$1684,$125,$0,$125,$1809,$0,$137,$6,$225,$2034,$2,$1,$0,$1,$3,$0,$0,$2,$11,$14,$-2,$0,$0,$0,$17,$17,$-71,$-56,$10,$-3,$7,$-0,$-0,$0,$41,$48,$6,$0,$0
27,2011-12-31,4.95,$4.01,1.24,$1.75,2.83,$2.08,2.38,$0.23,21.94,$1.51B,$1.64B,0.92,$0.12B,$0.22B,0.52,$0.10B,$0.07B,77.89%,$0.10B,$0.02B,20.00%,$0.10B,0,0.00%,$0.10B,0,0.00%,$0.10B,$0.02B,20.00%,$0.10B,$0.01B,12.63%,$0.01B,$0.22B,5.49%,$0.01B,$0.21B,5.85%,$0.01B,$1.97B,0.62%,$0.02B,$0.34B,5.60%,$23,$5,$18,$0,$15,$20,$3,$0,$3,$1,$2,$2,$2,$0,$0,$53,54,$0.04,$0.04,$159,$0,$0,$1512,$37,$360,$14,$44,$462,$1974,$1640,$115,$0,$115,$1754,$0,$135,$4,$220,$1974,$12,$2,$-1,$1,$9,$0,$0,$5,$20,$33,$-5,$0,$0,$2,$18,$21,$-172,$-156,$-20,$5,$-16,$-5,$-5,$0,$145,$124,$1,$2,$0
28,2011-09-30,4.34,$4.01,1.08,$1.78,2.45,$1.67,2.61,$0.27,16.14,$1.48B,$1.61B,0.92,$0.12B,$0.22B,0.53,$0.10B,$0.08B,78.13%,$0.10B,$0.02B,23.96%,$0.10B,0,0.00%,$0.10B,0,0.00%,$0.10B,$0.02B,23.96%,$0.10B,$0.01B,14.58%,$0.01B,$0.22B,6.44%,$0.01B,$0.20B,6.85%,$0.01B,$1.95B,0.74%,$0.02B,$0.33B,6.69%,$23,$5,$18,$0,$14,$19,$4,$0,$4,$1,$3,$3,$3,$0,$0,$53,53,$0.05,$0.05,$232,$0,$0,$1479,$36,$364,$14,$44,$466,$1945,$1612,$116,$0,$116,$1727,$0,$133,$3,$217,$1945,$10,$1,$-3,$-2,$8,$0,$0,$5,$24,$33,$-3,$0,$0,$2,$13,$15,$-63,$-51,$-20,$6,$-14,$-5,$-5,$0,$111,$92,$74,$1,$0
29,2011-06-30,5.45,$4.03,1.35,$1.80,3.03,$1.39,3.91,$0.27,20.18,$1.45B,$1.59B,0.91,$0.12B,$0.22B,0.53,$0.10B,$0.08B,77.55%,$0.10B,$0.02B,24.49%,$0.10B,0,0.00%,$0.10B,0,0.00%,$0.10B,$0.02B,24.49%,$0.10B,$0.01B,14.29%,$0.01B,$0.22B,6.47%,$0.01B,$0.21B,6.88%,$0.01B,$1.92B,0.75%,$0.02B,$0.34B,6.91%,$25,$5,$20,$0,$13,$18,$7,$0,$7,$2,$4,$4,$4,$0,$0,$54,54,$0.08,$0.08,$229,$0,$0,$1447,$36,$377,$14,$45,$477,$1924,$1588,$116,$0,$116,$1704,$0,$130,$7,$219,$1924,$7,$1,$-4,$-3,$10,$0,$0,$4,$27,$32,$-2,$0,$0,$-0,$9,$8,$-36,$-30,$-20,$11,$-9,$-3,$-3,$0,$82,$69,$71,$1,$0
30,2011-03-31,5.59,$3.97,1.41,$1.76,3.18,$1.03,5.41,$0.25,22.36,$1.38B,$1.55B,0.89,$0.14B,$0.22B,0.63,$0.10B,$0.07B,77.08%,$0.10B,$0.02B,22.92%,$0.10B,0,0.00%,$0.10B,0,0.00%,$0.10B,$0.02B,22.92%,$0.10B,$0.01B,13.54%,$0.01B,$0.22B,6.10%,$0.01B,$0.21B,6.48%,$0.01B,$1.90B,0.72%,$0.02B,$0.36B,6.30%,$24,$5,$18,$0,$13,$18,$5,$0,$5,$2,$3,$3,$3,$0,$0,$54,54,$0.06,$0.06,$190,$0,$0,$1380,$35,$420,$14,$46,$521,$1901,$1546,$136,$0,$136,$1682,$0,$126,$7,$218,$1901,$3,$0,$-1,$-1,$11,$0,$0,$3,$23,$26,$-1,$0,$0,$-13,$-24,$-37,$-8,$-47,$0,$10,$10,$-0,$-0,$0,$44,$53,$32,$0,$0
31,2010-12-31,4.69,$3.86,1.22,$1.73,2.71,$0.81,5.78,$0.24,19.55,$1.35B,$1.48B,0.91,$0.14B,$0.22B,0.63,$0.09B,$0.07B,77.66%,$0.09B,$0.02B,23.40%,$0.09B,0,0.00%,$0.09B,0,0.00%,$0.09B,$0.02B,23.40%,$0.09B,$0.01B,13.83%,$0.01B,$0.22B,6.20%,$0.01B,$0.20B,6.57%,$0.01B,$1.84B,0.73%,$0.02B,$0.35B,6.35%,$24,$5,$19,$0,$12,$17,$7,$0,$7,$2,$4,$4,$4,$0,$0,$54,54,$0.08,$0.08,$155,$0,$0,$1350,$34,$385,$14,$48,$486,$1836,$1484,$137,$0,$137,$1620,$0,$123,$8,$216,$1836,$13,$0,$2,$3,$-7,$0,$0,$1,$-7,$9,$-3,$0,$14,$11,$-24,$-13,$-18,$-19,$7,$-13,$-6,$-2,$-2,$0,$154,$146,$136,$1,$0
32,2010-09-30,4.19,$3.86,1.09,$1.60,2.61,$0.76,5.55,$0.20,20.97,$1.33B,$1.45B,0.92,$0.14B,$0.21B,0.64,$0.09B,$0.07B,77.01%,$0.09B,$0.02B,20.69%,$0.09B,0,0.00%,$0.09B,0,0.00%,$0.09B,$0.02B,20.69%,$0.09B,$0.01B,12.64%,$0.01B,$0.21B,5.35%,$0.01B,$0.20B,5.58%,$0.01B,$1.80B,0.68%,$0.02B,$0.35B,5.60%,$25,$5,$19,$0,$15,$20,$5,$0,$5,$2,$3,$3,$3,$0,$0,$54,54,$0.05,$0.05,$121,$0,$0,$1326,$33,$373,$11,$43,$470,$1796,$1448,$135,$0,$135,$1583,$0,$118,$9,$212,$1796,$9,$-0,$-1,$-1,$-0,$0,$0,$5,$9,$17,$-1,$0,$14,$-3,$2,$-1,$-32,$-20,$5,$-6,$-1,$-2,$-2,$0,$107,$105,$101,$1,$0
33,2010-06-30,4.34,$3.75,1.16,$1.44,3.01,$0.67,6.48,$0.19,22.83,$1.26B,$1.39B,0.91,$0.14B,$0.21B,0.66,$0.08B,$0.06B,75.64%,$0.08B,$0.02B,20.51%,$0.08B,0,0.00%,$0.08B,0,0.00%,$0.08B,$0.02B,20.51%,$0.08B,$0.01B,12.82%,$0.01B,$0.21B,4.94%,$0.01B,$0.20B,5.08%,$0.01B,$1.73B,0.68%,$0.02B,$0.34B,5.36%,$23,$5,$18,$0,$13,$18,$5,$0,$5,$2,$3,$3,$3,$0,$0,$54,54,$0.06,$0.06,$75,$0,$0,$1260,$33,$369,$11,$44,$468,$1728,$1386,$136,$0,$136,$1522,$0,$115,$6,$206,$1728,$6,$-0,$-0,$-0,$1,$0,$0,$5,$5,$11,$-0,$0,$14,$5,$-11,$-6,$-15,$-6,$5,$-9,$-3,$-1,$-1,$0,$52,$47,$52,$1,$0
34,2010-03-31,4.14,$3.71,1.12,$1.30,3.18,$0.46,8.93,$0.15,28.29,$1.24B,$1.37B,0.91,$0.14B,$0.21B,0.68,$0.07B,$0.05B,72.86%,$0.07B,$0.01B,17.14%,$0.07B,0,0.00%,$0.07B,0,0.00%,$0.07B,$0.01B,17.14%,$0.07B,$0.01B,11.43%,$0.01B,$0.21B,4.02%,$0.01B,$0.19B,4.08%,$0.01B,$1.72B,0.60%,$0.01B,$0.35B,4.36%,$22,$5,$17,$0,$13,$18,$5,$0,$5,$2,$3,$3,$3,$0,$0,$54,54,$0.05,$0.05,$90,$0,$0,$1243,$33,$374,$12,$45,$476,$1719,$1374,$140,$0,$140,$1514,$0,$112,$7,$205,$1719,$3,$-0,$-1,$-1,$2,$0,$0,$4,$10,$12,$-0,$0,$14,$0,$-9,$-9,$16,$22,$9,$-9,$0,$0,$0,$0,$32,$33,$67,$0,$0
35,2009-12-31,3.46,$3.64,0.95,$1.16,3.0,$0.34,10.07,$0.08,45.61,$0.84B,$0.96B,0.88,$0.05B,$0.20B,0.25,$0.06B,$0.04B,68.25%,$0.06B,$0.01B,9.52%,$0.06B,0,0.00%,$0.06B,0,0.00%,$0.06B,$0.01B,9.52%,$0.06B,$0.00B,6.35%,$0.00B,$0.20B,2.05%,$0.00B,$0.20B,2.05%,$0.00B,$1.21B,0.34%,$0.01B,$0.25B,2.40%,$17,$4,$13,$0,$9,$14,$3,$0,$3,$1,$2,$2,$2,$0,$0,$53,53,$0.04,$0.04,$23,$0,$0,$843,$23,$309,$0,$34,$368,$1211,$961,$50,$0,$50,$1011,$0,$109,$6,$200,$1211,$4,$2,$5,$7,$-1,$0,$0,$-5,$-6,$5,$-2,$0,$0,$36,$-55,$-19,$-114,$-135,$-7,$17,$10,$-6,$-6,$0,$126,$130,$-0,$1,$0
36,2009-09-30,3.38,$3.65,0.93,$0.84,4.03,$0.29,11.82,$0.00,0.0,$0.81B,$0.95B,0.86,$0.06B,$0.20B,0.29,$0.06B,$0.04B,63.33%,$0.06B,0,0.00%,$0.06B,0,0.00%,$0.06B,0,0.00%,$0.06B,0,0.00%,$0.06B,0,0.00%,$0.00B,$0.20B,0.00%,$0.00B,$0.20B,0.00%,$0.00B,$1.20B,0.00%,$0.00B,$0.26B,0.00%,$16,$5,$11,$0,$8,$13,$3,$0,$3,$1,$2,$2,$2,$0,$0,$53,53,$0.04,$0.04,$30,$0,$0,$814,$23,$335,$0,$28,$389,$1202,$946,$57,$0,$57,$1003,$0,$107,$5,$199,$1202,$2,$2,$3,$5,$-0,$0,$0,$1,$6,$12,$-2,$0,$0,$16,$-63,$-47,$-75,$-123,$-0,$-2,$-2,$-4,$-4,$0,$125,$118,$7,$1,$0
37,2009-06-30,2.96,$3.52,0.84,$0.86,3.44,$0.16,18.47,$0.00,0.0,$0.81B,$0.94B,0.87,$0.06B,$0.19B,0.3,$0.06B,$0.04B,62.30%,$0.06B,0,0.00%,$0.06B,0,0.00%,$0.06B,0,0.00%,$0.06B,0,0.00%,$0.06B,0,0.00%,$0.00B,$0.19B,0.00%,$0.00B,$0.19B,0.00%,$0.00B,$1.19B,0.00%,$0.00B,$0.25B,0.00%,$15,$5,$10,$0,$8,$14,$1,$0,$1,$0,$1,$1,$1,$0,$0,$54,54,$0.02,$0.02,$38,$0,$0,$811,$24,$316,$0,$28,$374,$1185,$935,$57,$0,$57,$992,$0,$105,$-0,$193,$1185,$-0,$1,$2,$3,$-6,$0,$0,$1,$-2,$1,$-1,$0,$0,$5,$-40,$-35,$-59,$-96,$-0,$-2,$-2,$-3,$-3,$0,$117,$111,$16,$1,$0
38,2009-03-31,3.35,$3.38,0.99,$0.84,3.98,$0.20,16.41,$-0.05,0.0,$0.78B,$0.88B,0.88,$0.06B,$0.19B,0.31,$0.06B,$0.04B,58.33%,$0.06B,$-0.01B,-8.33%,$0.06B,0,0.00%,$0.06B,0,0.00%,$0.06B,$-0.01B,-8.33%,$0.06B,$-0.00B,-5.00%,$-0.00B,$0.19B,-1.56%,$-0.00B,$0.19B,-1.56%,$-0.00B,$1.13B,-0.28%,$-0.01B,$0.25B,-1.98%,$15,$6,$9,$0,$10,$16,$-1,$0,$-1,$-0,$-1,$-1,$-1,$0,$0,$54,54,$-0.02,$-0.02,$32,$0,$0,$775,$23,$293,$0,$27,$354,$1129,$884,$58,$0,$58,$942,$0,$104,$-7,$187,$1129,$-1,$1,$1,$2,$1,$0,$0,$1,$6,$6,$-0,$0,$0,$5,$-28,$-23,$-34,$-57,$0,$-0,$-0,$-1,$-1,$0,$62,$61,$10,$0,$0
39,2008-12-31,3.68,$3.37,1.09,$0.57,6.43,$0.10,37.37,$-0.03,0.0,$0.74B,$0.82B,0.9,$0.06B,$0.19B,0.3,$0.06B,$0.04B,57.38%,$0.06B,$-0.00B,-6.56%,$0.06B,0,0.00%,$0.06B,0,0.00%,$0.06B,$-0.00B,-6.56%,$0.06B,$-0.00B,-3.28%,$-0.00B,$0.19B,-1.02%,$-0.00B,$0.19B,-1.02%,$-0.00B,$1.07B,-0.19%,$-0.00B,$0.25B,-1.62%,$14,$6,$8,$0,$10,$16,$-3,$0,$-3,$-1,$-2,$-2,$-2,$0,$0,$0,0,$0.00,$0.00,$27,$0,$0,$737,$23,$267,$0,$28,$328,$1065,$818,$58,$0,$58,$876,$0,$105,$-6,$190,$1065,$-2,$2,$2,$4,$-0,$0,$0,$1,$-1,$2,$-1,$0,$0,$50,$-62,$-12,$-148,$-161,$30,$-1,$29,$87,$87,$0,$-40,$76,$-83,$4,$0
