,Date,Stock Price,Book Value per Share,Price to Book Ratio,TTM Sales per Share,Price to Sales Ratio,TTM FCF per Share,Price to FCF Ratio,TTM Net EPS,PE Ratio,Current Assets,Current Liabilities,Current Ratio,Long Term Debt,Shareholder's Equity_x,Debt to Equity Ratio,TTM Revenue_x,TTM Gross Profit,Gross Margin,TTM Revenue_y,TTM Operating Income,Operating Margin,TTM Revenue_x,TTM EBIT,EBIT Margin,TTM Revenue_y,TTM EBITDA,EBITDA Margin,TTM Revenue_x,TTM Pre-Tax Income,Pre-Tax Margin,TTM Revenue_y,TTM Net Income_x,Net Margin,TTM Net Income_y,Shareholder's Equity_y,Return on Equity,TTM Net Income_x,Tangible Equity,Return on Tangible Equity,TTM Net Income_y,Total Assets,Return on Assets,TTM Net Income,LT Investments & Debt,Return on Investment,revenue,cost-goods-sold,gross-profit,research-development-expenses,selling-general-administrative-expenses,operating-expenses,operating-income,total-non-operating-income-expense,pre-tax-income,total-provision-income-taxes,income-after-taxes,income-from-continuous-operations,net-income,ebitda,ebit,basic-shares-outstanding,shares-outstanding,eps-basic-net-earnings-per-share,eps-earnings-per-share-diluted,cash-on-hand,inventory,other-current-assets,total-current-assets,net-property-plant-equipment,long-term-investments,goodwill-intangible-assets-total,other-long-term-assets,total-long-term-assets,total-assets,total-current-liabilities,long-term-debt,other-non-current-liabilities,total-long-term-liabilities,total-liabilities,common-stock-net,retained-earnings-accumulated-deficit,comprehensive-income,total-share-holder-equity,total-liabilities-share-holders-equity,net-income-loss,total-depreciation-amortization-cash-flow,other-non-cash-items,total-non-cash-items,change-in-accounts-receivable,change-in-inventories,change-in-accounts-payable,change-in-assets-liabilities,total-change-in-assets-liabilities,cash-flow-from-operating-activities,net-change-in-property-plant-equipment,net-change-in-intangible-assets,net-acquisitions-divestitures,net-change-in-short-term-investments,net-change-in-long-term-investments,net-change-in-investments-total,investing-activities-other,cash-flow-from-investing-activities,net-long-term-debt,net-current-debt,debt-issuance-retirement-net-total,net-common-equity-issued-repurchased,net-total-equity-issued-repurchased,total-common-preferred-stock-dividends-paid,financial-activities-other,cash-flow-from-financial-activities,net-cash-flow,stock-based-compensation,common-stock-dividends-paid
0,2018-09-30,26.93,$0.00,0.0,0,0.0,0,0.0,$1.22,22.07,$8.79B,$6.58B,1.34,$9.56B,$0.00B,0.0,$16.16B,$6.43B,39.81%,$16.16B,$5.25B,32.48%,$16.16B,$5.25B,32.48%,$16.16B,$6.17B,38.17%,$16.16B,$4.66B,28.83%,$16.16B,$2.54B,15.73%,$2.54B,$16.55B,19.62%,$2.54B,$16.43B,19.76%,$2.54B,$37.17B,8.43%,$5.25B,$26.11B,23.99%,$5363,$3187,$2176,$302,$178,$3667,$1696,$-139,$1557,$655,$902,$902,$833,$1946,$1696,$0,0,$0.00,$0.00,$4405,$1624,$360,$8786,$18143,$1473,$118,$526,$28378,$37165,$6583,$9557,$4212,$14031,$20614,$0,$0,$0,$16551,$37165,$2673,$1733,$1108,$2841,$0,$0,$0,$-1998,$-1998,$5360,$-1498,$-22,$0,$0,$0,$0,$-1223,$-2743,$-1046,$0,$-1046,$0,$0,$-1286,$-530,$-2863,$-248,$0,$-1286
1,2018-06-30,20.55,$0.00,0.0,0,0.0,0,0.0,$1.44,14.27,$10.90B,$7.54B,1.45,$14.26B,$0.00B,0.0,$14.74B,$5.43B,36.87%,$14.74B,$4.53B,30.74%,$14.74B,$4.53B,30.74%,$14.74B,$5.20B,35.28%,$14.74B,$4.05B,27.46%,$14.74B,$2.10B,14.26%,$2.10B,$20.90B,17.03%,$2.10B,$20.75B,17.14%,$2.10B,$48.63B,7.11%,$4.53B,$35.16B,20.57%,$6795,$3903,$2892,$47,$292,$4241,$2554,$-210,$2344,$838,$1506,$1506,$1408,$2554,$2554,$0,0,$0.00,$0.00,$5040,$2189,$497,$10900,$24103,$1855,$144,$688,$37734,$48633,$7543,$14261,$5630,$20195,$27738,$0,$0,$0,$20895,$48633,$2454,$1483,$2334,$3817,$0,$0,$0,$-989,$-989,$3726,$-1135,$-8,$0,$-1156,$0,$-1156,$84,$-2215,$-621,$0,$-621,$0,$0,$-982,$-470,$-2074,$-644,$0,$-982
2,2018-03-31,18.76,$0.00,0.0,0,0.0,0,0.0,$0.97,19.34,$0.00B,$0.00B,0.0,$0.00B,$0.00B,0.0,$11.47B,$3.56B,31.07%,$11.47B,$2.72B,23.73%,$11.47B,$2.72B,23.73%,$11.47B,$3.95B,34.43%,$11.47B,$2.34B,20.37%,$11.47B,$0.93B,8.10%,$0.93B,$0.00B,8.77%,$0.93B,$0.00B,8.84%,$0.93B,$0.00B,3.51%,$2.72B,$0.00B,13.37%,$0,$0,$0,$0,$0,$0,$0,$0,$0,$0,$0,$0,$0,$0,$0,$0,0,$0.00,$0.00,$0,$0,$0,$0,$0,$0,$0,$0,$0,$0,$0,$0,$0,$0,$0,$0,$0,$0,$0,$0,$0,$0,$0,$0,$0,$0,$0,$0,$0,$0,$0,$0,$0,$0,$0,$0,$0,$0,$0,$0,$0,$0,$0,$0,$0,$0,$0,$0,$0
3,2017-09-30,9.21,$0.00,0.0,$1.53,6.03,$0.35,26.38,$0.57,16.16,$6.62B,$4.85B,1.37,$11.85B,$0.00B,0.0,$14.61B,$4.47B,30.62%,$14.61B,$3.20B,21.91%,$14.61B,$3.20B,21.91%,$14.61B,$4.94B,33.83%,$14.61B,$2.77B,18.94%,$14.61B,$1.04B,7.10%,$1.04B,$14.37B,7.43%,$1.04B,$14.27B,7.53%,$1.04B,$34.88B,2.91%,$3.20B,$26.22B,11.71%,$3998,$2633,$1364,$98,$270,$3001,$997,$-241,$756,$389,$367,$367,$301,$1666,$997,$0,0,$0.00,$0.00,$3181,$1418,$428,$6623,$17940,$1061,$104,$481,$28258,$34880,$4846,$11849,$1804,$15664,$20510,$0,$0,$0,$14371,$34880,$958,$1929,$347,$2276,$0,$0,$0,$1188,$1188,$3186,$-393,$-48,$0,$0,$0,$0,$191,$-251,$-1998,$0,$-1998,$0,$0,$-392,$-617,$-3006,$-167,$0,$-392
4,2017-06-30,8.82,$0.00,0.0,$4.70,1.88,$-0.34,0.0,$0.40,22.05,$5.70B,$4.35B,1.31,$12.66B,$0.00B,0.0,$17.13B,$4.74B,27.64%,$17.13B,$-0.16B,-0.94%,$17.13B,$-0.16B,-0.94%,$17.13B,$2.14B,12.51%,$17.13B,$-2.32B,-13.52%,$17.13B,$-3.00B,-17.53%,$-3.00B,$14.09B,-20.45%,$-3.00B,$14.02B,-20.88%,$-3.00B,$34.71B,-7.65%,$-0.16B,$26.75B,-0.54%,$3945,$2768,$1178,$23,$174,$2965,$980,$-34,$947,$502,$445,$445,$392,$980,$980,$0,0,$0.00,$0.00,$2456,$1281,$546,$5703,$18382,$1097,$76,$510,$29006,$34708,$4354,$12658,$2818,$16261,$20615,$0,$0,$0,$14093,$34708,$657,$1260,$1447,$2706,$0,$0,$0,$-462,$-462,$1785,$-705,$-9,$0,$868,$0,$868,$179,$334,$-1975,$0,$-1975,$0,$0,$-341,$-429,$-2746,$-649,$0,$-341
5,2016-06-30,9.13,$0.00,0.0,$4.70,1.94,$-0.34,0.0,$0.18,50.7,$6.75B,$4.42B,1.53,$14.55B,$0.00B,0.0,$17.09B,$4.74B,27.74%,$17.09B,$-0.29B,-1.67%,$17.09B,$-0.29B,-1.67%,$17.09B,$2.20B,12.85%,$17.09B,$-2.63B,-15.37%,$17.09B,$-3.20B,-18.72%,$-3.20B,$13.89B,-21.34%,$-3.20B,$13.77B,-21.79%,$-3.20B,$36.42B,-7.82%,$-0.29B,$28.44B,-0.93%,$3525,$2504,$1021,$77,$200,$2781,$744,$-111,$633,$337,$297,$297,$236,$1303,$744,$0,0,$0.00,$0.00,$2944,$947,$1753,$6746,$18677,$524,$116,$800,$29675,$36421,$4420,$14553,$1784,$18111,$22531,$0,$0,$0,$13890,$36421,$345,$1073,$1107,$2180,$0,$0,$0,$-135,$-135,$1373,$-700,$-11,$0,$-136,$0,$-136,$59,$-788,$724,$0,$724,$0,$0,$-332,$-373,$20,$410,$0,$-332
6,2016-03-31,8.22,$6.57,1.25,$4.70,1.75,$-0.34,0.0,$0.05,164.38,$6.14B,$4.88B,1.26,$14.41B,$13.50B,1.07,$19.16B,$5.55B,28.98%,$19.16B,$0.39B,2.04%,$19.16B,$0.39B,2.04%,$19.16B,$2.98B,15.53%,$19.16B,$-2.13B,-11.13%,$19.16B,$-2.83B,-14.78%,$-2.83B,$13.50B,-17.23%,$-2.83B,$13.11B,-17.56%,$-2.83B,$36.53B,-6.38%,$0.39B,$27.91B,1.19%,$3145,$2234,$911,$0,$243,$2666,$480,$-49,$431,$247,$183,$183,$109,$994,$480,$2060,2060,$0.05,$0.05,$2656,$858,$1612,$6137,$18987,$885,$393,$259,$30388,$36525,$4882,$14412,$1782,$18141,$23022,$7512,$436,$2586,$13502,$36525,$109,$514,$470,$983,$82,$39,$-182,$192,$131,$1117,$-398,$0,$0,$-14,$0,$-14,$18,$-394,$236,$0,$236,$0,$0,$-317,$-179,$-260,$326,$0,$-317
7,2015-12-31,6.69,$8.39,0.8,$5.57,1.2,$-0.63,0.0,0,0.0,$8.05B,$6.98B,1.15,$19.46B,$17.24B,1.13,$20.94B,$6.14B,29.32%,$20.94B,$0.85B,4.07%,$20.94B,$0.85B,4.07%,$20.94B,$3.56B,17.00%,$20.94B,$-2.23B,-10.66%,$20.94B,$-2.88B,-13.74%,$-2.88B,$17.24B,-16.21%,$-2.88B,$16.62B,-16.56%,$-2.88B,$49.44B,-6.07%,$0.85B,$36.70B,2.49%,$6514,$4889,$1625,$0,$37,$8879,$-2365,$-1960,$-4326,$-723,$-3602,$-3602,$-3740,$-1134,$-2365,$2056,2056,$-1.43,$-1.43,$3117,$1223,$2237,$8045,$26042,$1275,$619,$307,$41390,$49435,$6977,$19460,$2363,$25217,$32195,$10016,$-3106,$4338,$17240,$49435,$-2878,$2708,$6941,$9649,$300,$-73,$-881,$-693,$-1347,$4165,$-5589,$0,$0,$729,$0,$729,$242,$-4618,$2433,$0,$2433,$0,$0,$-2197,$-792,$-557,$-427,$0,$-2197
8,2015-09-30,8.21,$0.00,0.0,$4.89,1.68,$0.53,15.55,$-0.12,0.0,$8.41B,$6.46B,1.3,$14.57B,$15.33B,0.95,$19.54B,$4.76B,24.34%,$19.54B,$2.15B,10.99%,$19.54B,$2.15B,10.99%,$19.54B,$4.18B,21.37%,$19.54B,$2.35B,12.01%,$19.54B,$0.62B,3.15%,$0.62B,$15.33B,2.73%,$0.62B,$15.22B,2.76%,$0.62B,$41.22B,1.17%,$2.15B,$29.90B,5.60%,$3901,$2719,$1182,$77,$0,$3046,$855,$-219,$636,$370,$266,$266,$196,$1032,$855,$0,0,$0.00,$0.00,$2792,$906,$2931,$8408,$20656,$796,$114,$947,$32816,$41224,$6464,$14568,$1836,$19429,$25893,$14844,$0,$0,$15331,$41224,$696,$1476,$1996,$3472,$0,$0,$0,$-1813,$-1813,$2355,$-3034,$0,$0,$-287,$0,$-287,$292,$-3029,$1497,$0,$1497,$0,$0,$-364,$-395,$738,$509,$0,$-364
9,2015-06-30,12.66,$0.00,0.0,$8.22,1.54,$1.11,11.38,$0.42,30.14,$11.01B,$8.55B,1.29,$16.70B,$0.00B,0.0,$22.50B,$4.07B,18.09%,$22.50B,$1.03B,4.59%,$22.50B,$1.03B,4.59%,$22.50B,$4.20B,18.68%,$22.50B,$3.77B,16.75%,$22.50B,$1.53B,6.79%,$1.53B,$19.66B,5.50%,$1.53B,$19.56B,5.53%,$1.53B,$50.47B,2.50%,$1.03B,$36.36B,2.35%,$5604,$3769,$1835,$101,$316,$4184,$1420,$-293,$1127,$449,$678,$678,$603,$2084,$1420,$0,0,$0.00,$0.00,$3714,$1162,$3689,$11009,$24941,$1000,$98,$1248,$39459,$50468,$8553,$16702,$2334,$22261,$30813,$0,$0,$0,$19655,$50468,$667,$1299,$1839,$3138,$0,$0,$0,$-2243,$-2243,$1562,$-2466,$0,$0,$-891,$0,$-891,$102,$-3255,$2919,$0,$2919,$0,$0,$-331,$-282,$2306,$908,$0,$-331
10,2015-03-31,13.46,$0.00,0.0,$12.08,1.11,$2.55,5.27,$1.15,11.7,$10.19B,$9.15B,1.11,$15.25B,$18.75B,0.81,$24.83B,$4.30B,17.32%,$24.83B,$0.88B,3.54%,$24.83B,$0.88B,3.54%,$24.83B,$3.89B,15.67%,$24.83B,$5.22B,21.01%,$24.83B,$2.43B,9.80%,$2.43B,$18.75B,7.72%,$2.43B,$18.10B,7.76%,$2.43B,$48.48B,3.67%,$0.88B,$34.00B,1.87%,$4920,$3422,$1498,$0,$328,$3977,$943,$-612,$331,$189,$142,$142,$64,$1578,$943,$2052,2052,$0.03,$0.03,$5396,$1122,$1328,$10193,$24302,$1245,$649,$439,$38283,$48476,$9149,$15246,$2137,$20574,$29724,$4112,$1126,$1968,$18752,$48476,$64,$635,$760,$1394,$142,$56,$-561,$224,$-139,$1320,$-1186,$0,$0,$-348,$0,$-348,$27,$-1507,$1798,$0,$1798,$0,$0,$-73,$-161,$1564,$1570,$0,$-73
11,2014-12-31,15.14,$0.00,0.0,$13.65,1.11,$3.07,4.93,$1.96,7.72,$12.38B,$10.19B,1.21,$16.93B,$36.37B,0.47,$28.06B,$5.54B,19.73%,$28.06B,$1.90B,6.77%,$28.06B,$1.90B,6.77%,$28.06B,$5.14B,18.32%,$28.06B,$7.71B,27.48%,$28.06B,$4.04B,14.40%,$4.04B,$36.37B,11.64%,$4.04B,$36.37B,11.64%,$4.04B,$71.09B,5.69%,$1.90B,$53.30B,3.87%,$5118,$4877,$241,$-833,$2144,$6188,$-1070,$-72,$254,$746,$-492,$-247,$-247,$-517,$-1070,$2056,2056,$-0.12,$-0.12,$4519,$1512,$4291,$12376,$38779,$916,$0,$15279,$56335,$71091,$10194,$16930,$7596,$24526,$34720,$5140,$3374,$0,$36371,$71091,$3755,$3242,$0,$3242,$0,$0,$0,$0,$-32,$8753,$-7801,$0,$0,$0,$0,$711,$40,$-7050,$0,$0,$3577,$0,$0,$-6279,$0,$-2703,$-445,$0,$0
12,2014-09-30,27.65,$0.00,0.0,$15.02,1.84,$3.50,7.89,$2.71,10.2,$16.80B,$12.52B,1.34,$15.91B,$0.00B,0.0,$30.88B,$7.26B,23.49%,$30.88B,$3.16B,10.24%,$30.88B,$3.16B,10.24%,$30.88B,$4.65B,15.05%,$30.88B,$9.67B,31.30%,$30.88B,$5.58B,18.05%,$5.58B,$36.36B,15.56%,$5.58B,$36.36B,15.56%,$5.58B,$74.13B,7.85%,$3.16B,$52.27B,6.47%,$6853,$6357,$496,$366,$391,$7113,$-261,$-418,$2057,$737,$1319,$1107,$1107,$1058,$-261,$2056,2056,$0.54,$0.54,$7255,$1677,$4740,$16795,$0,$901,$0,$18066,$18967,$74129,$12516,$15906,$7101,$25249,$37766,$0,$0,$0,$36363,$74129,$4428,$2688,$0,$2688,$0,$0,$0,$0,$-1588,$6676,$-5475,$0,$0,$0,$0,$-705,$61,$-6119,$0,$0,$3915,$0,$0,$-3717,$0,$197,$831,$0,$0
13,2014-06-30,31.87,$0.00,0.0,$15.87,2.01,$8.05,3.96,$3.19,9.99,$15.98B,$13.73B,1.16,$13.64B,$34.58B,0.39,$32.63B,$9.52B,29.18%,$32.63B,$5.79B,17.74%,$32.63B,$5.79B,17.74%,$32.63B,$6.78B,20.79%,$32.63B,$10.95B,33.56%,$32.63B,$6.58B,20.15%,$6.58B,$34.58B,18.71%,$6.58B,$34.58B,18.71%,$6.58B,$71.31B,9.54%,$5.79B,$48.22B,12.33%,$7938,$5872,$2066,$284,$515,$6671,$1267,$15,$2574,$1029,$1545,$1509,$1509,$1772,$1267,$2056,2056,$0.73,$0.73,$7085,$1780,$3895,$15980,$0,$941,$0,$18044,$18985,$71308,$13727,$13635,$6755,$22999,$36726,$5345,$3158,$0,$34582,$71308,$3158,$1369,$0,$1369,$0,$0,$0,$0,$273,$3090,$-125,$0,$0,$0,$0,$0,$-3685,$-3810,$0,$0,$2088,$0,$0,$-1321,$0,$767,$27,$0,$0
14,2014-03-31,33.64,$0.00,0.0,$15.94,2.11,$7.60,4.42,$3.29,10.22,$15.20B,$15.78B,0.96,$11.05B,$0.00B,0.0,$32.76B,$9.86B,30.10%,$32.76B,$6.29B,19.21%,$32.76B,$6.29B,19.21%,$32.76B,$7.53B,22.99%,$32.76B,$11.55B,35.25%,$32.76B,$6.78B,20.70%,$6.78B,$31.53B,19.60%,$6.78B,$31.53B,19.60%,$6.78B,$67.25B,10.19%,$6.29B,$42.57B,14.00%,$8154,$5421,$2733,$183,$585,$6190,$1965,$-115,$2826,$1056,$1770,$1671,$1671,$2829,$1965,$2056,2056,$0.81,$0.81,$5421,$1647,$4922,$15203,$0,$11478,$0,$17551,$29028,$67252,$15780,$11045,$6535,$19946,$35726,$0,$0,$0,$31527,$67252,$1644,$864,$0,$864,$0,$0,$0,$0,$-927,$1817,$-617,$0,$0,$0,$0,$-288,$0,$-905,$0,$0,$0,$0,$0,$-671,$0,$-612,$335,$0,$0
15,2013-12-31,31.71,$0.00,0.0,$15.85,2.0,$7.64,4.15,$3.40,9.33,$15.51B,$12.04B,1.29,$11.57B,$40.87B,0.28,$32.59B,$9.61B,29.48%,$32.59B,$6.35B,19.47%,$32.59B,$6.35B,19.47%,$32.59B,$7.66B,23.50%,$32.59B,$11.82B,36.26%,$32.59B,$7.00B,21.47%,$7.00B,$40.87B,20.21%,$7.00B,$40.87B,20.21%,$7.00B,$71.51B,10.64%,$6.35B,$52.44B,14.39%,$7939,$5978,$1961,$-372,$2143,$7749,$190,$234,$2211,$806,$1405,$1289,$1289,$-1010,$190,$2056,2056,$0.63,$0.63,$5670,$1760,$4747,$15513,$37913,$961,$0,$16989,$58025,$71511,$12043,$11569,$7025,$18594,$30637,$5551,$6799,$0,$40874,$71511,$7078,$1313,$0,$1313,$0,$0,$0,$0,$-1841,$9462,$-7629,$0,$0,$0,$0,$2358,$53,$-5218,$0,$0,$4046,$0,$0,$-7868,$0,$-3822,$486,$0,$0
16,2013-09-30,37.93,$0.00,0.0,$16.09,2.36,$8.13,4.67,$3.78,10.04,$16.75B,$13.15B,1.27,$10.96B,$0.00B,0.0,$33.08B,$9.99B,30.21%,$33.08B,$7.51B,22.69%,$33.08B,$7.51B,22.69%,$33.08B,$8.47B,25.60%,$33.08B,$12.32B,37.24%,$33.08B,$7.79B,23.54%,$7.79B,$33.59B,23.00%,$7.79B,$33.59B,23.00%,$7.79B,$65.63B,12.20%,$7.51B,$44.55B,17.86%,$8596,$5836,$2759,$134,$261,$6231,$2365,$142,$3337,$1223,$2114,$2106,$2106,$3191,$2365,$2056,2056,$1.02,$1.02,$8212,$1576,$3873,$16749,$0,$11082,$0,$15579,$26662,$65634,$13153,$10962,$6370,$18895,$32048,$0,$0,$0,$33586,$65634,$5554,$2513,$0,$2513,$0,$0,$0,$0,$-1319,$7390,$3161,$0,$0,$0,$0,$-1520,$-6323,$-4681,$0,$0,$0,$0,$0,$-4479,$3683,$-796,$1913,$0,$0
17,2013-06-30,34.68,$0.00,0.0,$15.69,2.21,$3.60,9.64,$3.62,9.58,$12.88B,$13.21B,0.98,$7.88B,$0.00B,0.0,$32.25B,$9.27B,28.75%,$32.25B,$6.75B,20.92%,$32.25B,$6.75B,20.92%,$32.25B,$7.82B,24.26%,$32.25B,$11.77B,36.50%,$32.25B,$7.45B,23.11%,$7.45B,$32.41B,22.64%,$7.45B,$32.41B,22.64%,$7.45B,$61.73B,12.12%,$6.75B,$40.28B,16.92%,$8075,$5666,$2409,$153,$482,$6301,$1774,$-25,$3176,$1222,$1955,$1715,$1715,$2523,$1774,$2056,2056,$0.83,$0.83,$4558,$1543,$3827,$12884,$0,$11510,$0,$15630,$27141,$61733,$13210,$7878,$6634,$16117,$29327,$0,$0,$0,$32406,$61733,$3682,$1687,$0,$1687,$0,$0,$0,$0,$-2193,$3776,$-1735,$0,$0,$0,$0,$1938,$-1621,$-1417,$0,$0,$0,$0,$0,$-3711,$0,$-3003,$-644,$0,$0
18,2013-03-31,42.29,$0.00,0.0,$15.76,2.68,$3.18,13.29,$3.78,11.19,$12.89B,$16.77B,0.77,$7.46B,$0.00B,0.0,$32.39B,$9.64B,29.77%,$32.39B,$7.31B,22.56%,$32.39B,$7.31B,22.56%,$32.39B,$8.69B,26.83%,$32.39B,$11.88B,36.69%,$32.39B,$7.78B,24.01%,$7.78B,$31.67B,24.35%,$7.78B,$31.67B,24.35%,$7.78B,$64.16B,12.99%,$7.31B,$39.13B,19.05%,$7977,$5499,$2478,$85,$375,$5960,$2017,$-325,$3092,$1117,$1975,$1888,$1888,$2955,$2017,$2056,2056,$0.92,$0.92,$4572,$1730,$3386,$12885,$0,$13443,$0,$16285,$29728,$64158,$16771,$7462,$6733,$15722,$32493,$0,$0,$0,$31665,$64158,$1911,$938,$0,$938,$0,$0,$0,$0,$-637,$2288,$-1011,$0,$0,$0,$0,$515,$-485,$-981,$0,$0,$0,$0,$0,$-2155,$5,$-1732,$-425,$0,$0
19,2012-12-31,46.28,$0.00,0.0,$16.12,2.87,$4.77,9.7,$4.06,11.4,$12.82B,$12.96B,0.99,$6.42B,$37.71B,0.17,$33.14B,$10.44B,31.49%,$33.14B,$8.14B,24.55%,$33.14B,$8.14B,24.55%,$33.14B,$9.47B,28.57%,$33.14B,$12.51B,37.74%,$33.14B,$8.35B,25.20%,$8.35B,$37.71B,27.07%,$8.35B,$37.71B,27.07%,$8.35B,$63.77B,14.36%,$8.14B,$44.13B,22.19%,$8430,$6084,$2346,$-477,$1473,$7080,$1351,$-19,$2713,$698,$2014,$2076,$2076,$-200,$1351,$2056,2056,$1.01,$1.01,$5215,$1572,$3082,$12815,$35827,$3352,$0,$14370,$55591,$63773,$12955,$6421,$6684,$13106,$26060,$5756,$8096,$0,$37712,$63773,$8276,$1331,$0,$1331,$0,$0,$0,$0,$-657,$11497,$-8662,$0,$0,$0,$0,$-312,$0,$-8974,$0,$0,$2862,$0,$0,$-4697,$-39,$-1874,$650,$0,$0
20,2012-09-30,45.71,$0.00,0.0,$16.36,2.79,$5.44,8.4,$4.25,10.76,$13.02B,$12.07B,1.08,$6.09B,$0.00B,0.0,$33.63B,$11.33B,33.70%,$33.63B,$9.61B,28.59%,$33.63B,$9.61B,28.59%,$33.63B,$13.10B,38.97%,$33.63B,$13.40B,39.84%,$33.63B,$8.75B,26.02%,$8.75B,$29.86B,29.90%,$8.75B,$29.86B,29.90%,$8.75B,$56.35B,15.94%,$9.61B,$35.96B,27.82%,$7769,$5728,$2040,$139,$295,$6163,$1606,$-317,$2792,$893,$1899,$1773,$1773,$2546,$1606,$2056,2056,$0.86,$0.86,$5069,$1730,$3155,$13023,$0,$12003,$0,$12503,$24506,$56348,$12065,$6091,$6858,$14419,$26484,$0,$0,$0,$29864,$56348,$6249,$2882,$0,$2882,$0,$0,$0,$0,$-3271,$6316,$-5077,$0,$0,$0,$0,$1441,$0,$-3636,$0,$0,$0,$0,$0,$-4697,$2336,$-2361,$320,$0,$0
21,2012-06-30,43.28,$0.00,0.0,$16.29,2.66,$7.46,5.8,$4.50,9.62,$11.37B,$12.58B,0.9,$5.68B,$0.00B,0.0,$33.35B,$11.73B,35.17%,$33.35B,$9.99B,29.96%,$33.35B,$9.99B,29.96%,$33.35B,$13.37B,40.08%,$33.35B,$14.26B,42.77%,$33.35B,$9.21B,27.62%,$9.21B,$28.53B,32.41%,$9.21B,$28.53B,32.41%,$9.21B,$55.26B,17.44%,$9.99B,$34.21B,30.01%,$8218,$5438,$2780,$209,$237,$5885,$2334,$-239,$3287,$1146,$2141,$2041,$2041,$3389,$2334,$2056,2056,$0.99,$0.99,$3750,$1804,$2976,$11371,$0,$12945,$0,$12577,$25522,$55257,$12581,$5679,$7062,$14142,$26724,$0,$0,$0,$28533,$55257,$4521,$1942,$0,$1942,$0,$0,$0,$0,$-2086,$4609,$-3419,$0,$0,$0,$0,$-80,$0,$-3499,$0,$0,$0,$0,$0,$-2786,$1318,$-1468,$-357,$0,$0
22,2012-03-31,44.86,$0.00,0.0,$16.34,2.75,$8.78,5.11,$4.51,9.95,$14.17B,$18.01B,0.79,$5.05B,$0.00B,0.0,$32.88B,$11.47B,34.87%,$32.88B,$9.67B,29.42%,$32.88B,$9.67B,29.42%,$32.88B,$12.99B,39.51%,$32.88B,$13.99B,42.55%,$32.88B,$9.08B,27.63%,$9.08B,$27.30B,33.45%,$9.08B,$27.30B,33.45%,$9.08B,$57.21B,18.11%,$9.67B,$32.35B,30.49%,$8718,$5449,$3269,$129,$296,$5874,$2844,$-475,$3714,$1257,$2457,$2461,$2461,$3731,$2844,$2056,2056,$1.20,$1.20,$7482,$1696,$2367,$14173,$0,$13597,$0,$12314,$25911,$57213,$18008,$5046,$6859,$11905,$29913,$0,$0,$0,$27300,$57213,$2393,$887,$0,$887,$0,$0,$0,$0,$1834,$5188,$-643,$0,$0,$0,$0,$-3325,$0,$-3968,$0,$0,$897,$0,$0,$18,$-4,$911,$2131,$0,$0
23,2011-12-31,32.69,$0.00,0.0,$15.53,2.11,$7.35,4.44,$4.25,7.69,$10.47B,$8.66B,1.21,$4.38B,$31.32B,0.14,$31.10B,$10.94B,35.16%,$31.10B,$9.07B,29.16%,$31.10B,$9.07B,29.16%,$31.10B,$12.29B,39.50%,$31.10B,$13.00B,41.80%,$31.10B,$8.53B,27.42%,$8.53B,$31.32B,33.37%,$8.53B,$31.32B,33.37%,$8.53B,$50.75B,18.38%,$9.07B,$35.70B,30.33%,$8921,$5678,$3242,$44,$368,$6091,$2830,$-330,$3603,$1189,$2414,$2473,$2473,$3437,$2830,$2054,2054,$1.20,$1.20,$4465,$1519,$1937,$10471,$0,$11504,$0,$10088,$23764,$50753,$8664,$4383,$6387,$10771,$19435,$5654,$8319,$0,$31318,$50753,$8499,$3217,$0,$3217,$0,$0,$0,$0,$1149,$12648,$-8438,$0,$-478,$0,$0,$-1271,$624,$-9563,$0,$0,$0,$0,$0,$-3243,$1731,$-1512,$1572,$0,$0
24,2011-09-30,29.2,$0.00,0.0,$13.42,2.18,$6.24,4.68,$3.65,8.0,$11.08B,$10.82B,1.02,$4.43B,$0.00B,0.0,$27.28B,$9.05B,33.17%,$27.28B,$7.13B,26.14%,$27.28B,$7.13B,26.14%,$27.28B,$10.19B,37.34%,$27.28B,$11.48B,42.09%,$27.28B,$7.43B,27.22%,$7.43B,$26.54B,31.91%,$7.43B,$26.54B,31.91%,$7.43B,$48.10B,17.34%,$7.13B,$30.96B,25.87%,$7497,$5057,$2440,$178,$276,$5511,$1986,$-117,$3660,$1249,$2411,$2237,$2237,$2810,$1986,$2024,2024,$1.11,$1.11,$3838,$1465,$2077,$11084,$0,$10350,$0,$10892,$21242,$48097,$10819,$4425,$5621,$10742,$21561,$0,$0,$0,$26536,$48097,$6278,$2610,$0,$2610,$0,$0,$0,$0,$617,$9427,$-4118,$0,$-495,$0,$0,$-2991,$0,$-7605,$0,$0,$28,$0,$0,$-2232,$691,$-1513,$309,$0,$0
25,2011-06-30,31.49,$0.00,0.0,$12.04,2.61,$4.73,6.65,$3.00,10.5,$9.22B,$10.28B,0.9,$4.42B,$0.00B,0.0,$24.51B,$7.85B,32.05%,$24.51B,$5.95B,24.27%,$24.51B,$5.95B,24.27%,$24.51B,$8.96B,36.55%,$24.51B,$9.10B,37.15%,$24.51B,$6.13B,25.00%,$6.13B,$23.46B,28.33%,$6.13B,$23.46B,28.33%,$6.13B,$44.54B,15.47%,$5.95B,$27.88B,23.11%,$7740,$5227,$2514,$188,$314,$5729,$2012,$-341,$3012,$952,$2060,$1912,$1912,$3011,$2012,$1912,1912,$1.00,$1.00,$4023,$1447,$1847,$9216,$0,$9287,$0,$11855,$21141,$44535,$10284,$4417,$5762,$10791,$21074,$0,$0,$0,$23461,$44535,$3843,$1786,$0,$1786,$0,$0,$0,$0,$469,$6002,$-2382,$0,$-455,$0,$0,$-1831,$0,$-4669,$0,$0,$0,$0,$0,$-1076,$432,$-644,$689,$0,$0
26,2011-03-31,29.44,$0.00,0.0,$10.39,2.83,$4.35,6.77,$2.47,11.92,$9.71B,$11.54B,0.84,$4.15B,$0.00B,0.0,$21.61B,$6.64B,30.74%,$21.61B,$4.79B,22.16%,$21.61B,$4.79B,22.16%,$21.61B,$7.37B,34.10%,$21.61B,$7.33B,33.93%,$21.61B,$5.17B,23.93%,$5.17B,$20.93B,25.57%,$5.17B,$20.93B,25.57%,$5.17B,$42.24B,14.14%,$4.79B,$25.08B,19.93%,$6944,$4203,$2740,$279,$220,$4703,$2241,$-339,$2727,$985,$1742,$1907,$1907,$3027,$2241,$2024,2024,$0.94,$0.94,$4009,$1445,$1780,$9712,$0,$9236,$0,$10596,$19832,$42236,$11541,$4148,$4952,$9764,$21306,$0,$0,$0,$20931,$42236,$1680,$786,$0,$786,$0,$0,$0,$0,$800,$3268,$-1670,$0,$-439,$0,$0,$-482,$0,$-2592,$0,$0,$0,$0,$0,$33,$359,$392,$1069,$0,$0
27,2010-12-31,30.82,$0.00,0.0,$9.16,3.36,$4.09,7.54,$2.06,14.96,$6.69B,$5.32B,1.26,$4.15B,$22.16B,0.19,$19.12B,$5.36B,28.05%,$19.12B,$3.71B,19.38%,$19.12B,$3.71B,19.38%,$19.12B,$6.01B,31.42%,$19.12B,$6.09B,31.85%,$19.12B,$4.33B,22.66%,$4.33B,$22.16B,22.98%,$4.33B,$22.16B,22.98%,$4.33B,$36.45B,12.98%,$3.71B,$26.31B,17.14%,$5100,$3744,$1356,$425,$40,$4209,$891,$-90,$2083,$609,$1474,$1371,$1371,$1340,$891,$2285,2285,$0.60,$0.60,$2149,$1162,$1933,$6694,$0,$2744,$0,$7887,$11712,$36448,$5323,$4152,$4812,$8964,$14286,$5363,$4318,$0,$22161,$36448,$4318,$2304,$0,$2304,$0,$0,$0,$0,$739,$7609,$-5467,$0,$-616,$0,$0,$-652,$0,$-6736,$0,$0,$340,$0,$0,$-2009,$882,$-786,$87,$0,$0
28,2010-09-30,29.26,$0.00,0.0,$9.07,3.23,$2.16,13.54,$1.89,15.48,$7.71B,$6.06B,1.27,$3.75B,$0.00B,0.0,$18.36B,$5.40B,29.43%,$18.36B,$3.65B,19.89%,$18.36B,$3.65B,19.89%,$18.36B,$7.32B,39.87%,$18.36B,$5.16B,28.11%,$18.36B,$3.83B,20.83%,$3.83B,$19.95B,22.18%,$3.83B,$19.95B,22.18%,$3.83B,$35.19B,12.42%,$3.65B,$23.70B,18.59%,$4723,$3479,$1244,$209,$230,$3919,$804,$-240,$1282,$330,$953,$936,$936,$1579,$804,$2024,2024,$0.46,$0.46,$3407,$0,$3246,$7707,$0,$7793,$0,$8620,$16413,$35185,$6064,$3753,$4898,$9175,$15239,$0,$0,$0,$19946,$35185,$2995,$1855,$0,$1855,$0,$0,$0,$0,$20,$5503,$-3247,$0,$0,$0,$0,$-733,$0,$-3980,$0,$0,$7,$0,$0,$-1360,$617,$-736,$787,$0,$0
29,2010-06-30,19.93,$0.00,0.0,$6.84,2.91,$1.04,19.12,$1.45,13.74,$7.47B,$6.22B,1.2,$3.14B,$0.00B,0.0,$17.60B,$5.09B,28.91%,$17.60B,$3.53B,20.04%,$17.60B,$3.53B,20.04%,$17.60B,$6.42B,36.47%,$17.60B,$4.70B,26.70%,$17.60B,$3.53B,20.06%,$3.53B,$17.86B,22.17%,$3.53B,$17.86B,22.17%,$3.53B,$32.39B,12.30%,$3.53B,$21.00B,20.29%,$4841,$3538,$1303,$203,$248,$3989,$852,$-83,$1239,$322,$918,$957,$957,$1422,$852,$2024,2024,$0.47,$0.47,$3532,$0,$2453,$7467,$0,$7604,$0,$7420,$15024,$32387,$6218,$3143,$4661,$8307,$14525,$0,$0,$0,$17861,$32387,$1935,$1079,$0,$1079,$0,$0,$0,$0,$1747,$4806,$-1751,$0,$0,$0,$0,$-1956,$0,$-3707,$0,$0,$173,$0,$0,$-651,$57,$-420,$679,$0,$0
30,2010-03-31,19.46,$0.00,0.0,$6.03,3.23,$-0.97,0.0,$1.16,16.78,$7.15B,$6.46B,1.11,$0.00B,$0.00B,0.0,$15.97B,$5.20B,32.53%,$15.97B,$3.84B,24.01%,$15.97B,$3.84B,24.01%,$15.97B,$6.16B,38.56%,$15.97B,$3.96B,24.77%,$15.97B,$2.94B,18.41%,$2.94B,$15.44B,20.10%,$2.94B,$15.44B,20.10%,$2.94B,$29.52B,11.20%,$3.84B,$15.44B,25.06%,$4458,$2997,$1461,$109,$194,$3301,$1158,$-322,$1487,$456,$1030,$1069,$1069,$1667,$1158,$2024,2024,$0.53,$0.53,$2511,$0,$2853,$7147,$0,$2543,$0,$5847,$8390,$29522,$6463,$0,$7095,$7621,$14084,$0,$0,$0,$15438,$29522,$977,$509,$0,$509,$0,$0,$0,$0,$202,$1759,$-690,$0,$0,$0,$0,$-766,$0,$-1456,$0,$0,$-3,$0,$0,$2,$99,$98,$401,$0,$0
31,2009-12-31,16.67,$0.00,0.0,$3.89,4.29,$-1.48,0.0,$0.65,25.64,$5.70B,$3.51B,1.62,$2.69B,$15.75B,0.17,$13.89B,$4.53B,32.63%,$13.89B,$3.30B,23.75%,$13.89B,$3.30B,23.75%,$13.89B,$5.11B,36.82%,$13.89B,$3.41B,24.54%,$13.89B,$2.60B,18.72%,$2.60B,$15.75B,19.00%,$2.60B,$15.75B,18.87%,$2.60B,$26.11B,10.57%,$3.30B,$18.44B,22.98%,$4338,$2941,$1396,$442,$117,$3500,$838,$23,$1153,$311,$842,$863,$863,$2652,$838,$2024,2024,$0.43,$0.43,$1891,$960,$1448,$5695,$0,$1744,$0,$4656,$7287,$26113,$3511,$2686,$4166,$6852,$10363,$4755,$2412,$0,$15750,$26113,$2566,$1815,$0,$1815,$0,$0,$0,$0,$203,$4421,$-6425,$0,$-541,$0,$0,$3989,$179,$-2799,$0,$0,$0,$0,$21,$-4451,$3490,$-941,$724,$0,$0
32,2009-09-30,19.1,$0.00,0.0,$1.81,10.55,$-0.35,0.0,$0.24,79.58,$8.33B,$5.26B,1.58,$0.00B,$0.00B,0.0,$12.25B,$5.84B,47.64%,$12.25B,$5.16B,42.13%,$12.25B,$5.16B,42.13%,$12.25B,$5.16B,42.13%,$12.25B,$4.96B,40.45%,$12.25B,$2.64B,21.55%,$2.64B,$14.65B,18.53%,$2.64B,$14.65B,18.41%,$2.64B,$26.85B,10.82%,$5.16B,$14.65B,36.23%,$3965,$3036,$929,$105,$145,$3286,$679,$-345,$820,$266,$554,$642,$642,$679,$679,$40131,40131,$0.02,$0.02,$3756,$0,$2427,$8331,$0,$1431,$0,$5404,$6834,$26851,$5261,$0,$6496,$6940,$12201,$0,$0,$0,$14650,$26851,$0,$0,$0,$0,$0,$0,$0,$0,$0,$3264,$-3470,$0,$0,$0,$0,$2573,$0,$-896,$0,$0,$0,$0,$24,$-3159,$2904,$-231,$2136,$0,$0
33,2009-06-30,15.92,$0.00,0.0,$1.83,8.68,$-0.35,0.0,$0.32,49.75,$6.32B,$5.73B,1.1,$0.00B,$0.00B,0.0,$13.22B,$6.88B,52.06%,$13.22B,$6.17B,46.67%,$13.22B,$6.17B,46.67%,$13.22B,$6.17B,46.67%,$13.22B,$7.05B,53.33%,$13.22B,$5.93B,44.84%,$5.93B,$12.68B,39.59%,$5.93B,$12.68B,39.34%,$5.93B,$22.55B,22.93%,$6.17B,$12.68B,41.21%,$3209,$1800,$1409,$110,$139,$2049,$1160,$-464,$496,$153,$343,$366,$366,$1160,$1160,$2023,2023,$0.18,$0.18,$2267,$0,$1608,$6324,$0,$3788,$0,$8341,$12129,$22549,$5728,$0,$4142,$4142,$9870,$0,$0,$0,$12680,$22549,$0,$0,$0,$0,$0,$0,$0,$0,$0,$337,$-1349,$0,$0,$0,$0,$2488,$0,$1139,$0,$0,$0,$0,$0,$-1362,$798,$-563,$912,$0,$0
