,Date,Stock Price,Book Value per Share,Price to Book Ratio,TTM Sales per Share,Price to Sales Ratio,TTM FCF per Share,Price to FCF Ratio,TTM Net EPS,PE Ratio,Current Assets,Current Liabilities,Current Ratio,Long Term Debt,Shareholder's Equity_x,Debt to Equity Ratio,TTM Revenue_x,TTM Gross Profit,Gross Margin,TTM Revenue_y,TTM Operating Income,Operating Margin,TTM Revenue_x,TTM EBIT,EBIT Margin,TTM Revenue_y,TTM EBITDA,EBITDA Margin,TTM Revenue_x,TTM Pre-Tax Income,Pre-Tax Margin,TTM Revenue_y,TTM Net Income_x,Net Margin,TTM Net Income_y,Shareholder's Equity_y,Return on Equity,TTM Net Income_x,Tangible Equity,Return on Tangible Equity,TTM Net Income_y,Total Assets,Return on Assets,TTM Net Income,LT Investments & Debt,Return on Investment,revenue,cost-goods-sold,gross-profit,research-development-expenses,selling-general-administrative-expenses,operating-expenses,operating-income,total-non-operating-income-expense,pre-tax-income,total-provision-income-taxes,income-after-taxes,income-from-continuous-operations,net-income,ebitda,ebit,basic-shares-outstanding,shares-outstanding,eps-basic-net-earnings-per-share,eps-earnings-per-share-diluted,cash-on-hand,inventory,other-current-assets,total-current-assets,net-property-plant-equipment,long-term-investments,goodwill-intangible-assets-total,other-long-term-assets,total-long-term-assets,total-assets,total-current-liabilities,long-term-debt,other-non-current-liabilities,total-long-term-liabilities,total-liabilities,common-stock-net,retained-earnings-accumulated-deficit,comprehensive-income,total-share-holder-equity,total-liabilities-share-holders-equity,net-income-loss,total-depreciation-amortization-cash-flow,other-non-cash-items,total-non-cash-items,change-in-accounts-receivable,change-in-inventories,change-in-accounts-payable,change-in-assets-liabilities,total-change-in-assets-liabilities,cash-flow-from-operating-activities,net-change-in-property-plant-equipment,net-change-in-intangible-assets,net-acquisitions-divestitures,net-change-in-short-term-investments,net-change-in-long-term-investments,net-change-in-investments-total,investing-activities-other,cash-flow-from-investing-activities,net-long-term-debt,net-current-debt,debt-issuance-retirement-net-total,net-common-equity-issued-repurchased,net-total-equity-issued-repurchased,total-common-preferred-stock-dividends-paid,financial-activities-other,cash-flow-from-financial-activities,net-cash-flow,stock-based-compensation,common-stock-dividends-paid
0,2018-09-30,30.95,$14.06,2.2,$85.99,0.36,$3.67,8.42,$1.26,24.56,$0.46B,$0.31B,1.51,$0.22B,$0.39B,0.55,$2.41B,$0.41B,17.21%,$2.41B,$0.05B,2.08%,$2.41B,$0.05B,2.08%,$2.41B,$0.09B,3.58%,$2.41B,$0.04B,1.46%,$2.41B,$0.04B,1.46%,$0.04B,$0.39B,9.37%,$0.04B,$-0.03B,-72.92%,$0.04B,$0.95B,3.88%,$0.05B,$0.61B,8.51%,$645,$534,$111,$0,$86,$629,$16,$-4,$13,$3,$9,$9,$9,$26,$16,$28,28,$0.34,$0.33,$61,$0,$5,$459,$63,$0,$422,$3,$488,$947,$305,$217,$20,$252,$556,$0,$114,$0,$391,$947,$22,$27,$16,$43,$-60,$0,$48,$1,$-2,$63,$-20,$0,$-7,$-1,$0,$-1,$0,$-27,$0,$0,$0,$4,$4,$0,$-3,$1,$37,$7,$0
1,2018-06-30,29.25,$13.65,2.14,$81.58,0.36,$3.09,9.47,$1.02,28.68,$0.46B,$0.31B,1.46,$0.22B,$0.38B,0.57,$2.27B,$0.39B,17.18%,$2.27B,$0.04B,1.76%,$2.27B,$0.04B,1.76%,$2.27B,$0.07B,3.26%,$2.27B,$0.03B,1.10%,$2.27B,$0.03B,1.23%,$0.03B,$0.38B,7.75%,$0.03B,$-0.04B,-45.34%,$0.03B,$0.94B,3.21%,$0.04B,$0.59B,6.97%,$635,$528,$107,$0,$85,$622,$13,$-4,$9,$2,$8,$8,$8,$22,$13,$28,28,$0.28,$0.28,$45,$0,$5,$455,$63,$0,$418,$3,$485,$940,$312,$215,$19,$250,$562,$0,$105,$0,$378,$940,$12,$18,$12,$30,$-72,$0,$64,$-3,$-7,$35,$-13,$0,$0,$-1,$0,$-1,$0,$-14,$0,$0,$0,$4,$4,$0,$-3,$1,$21,$5,$0
2,2018-03-31,27.6,$13.31,2.07,$75.59,0.37,$2.88,9.6,$0.73,37.81,$0.39B,$0.27B,1.48,$0.21B,$0.37B,0.58,$2.11B,$0.37B,17.34%,$2.11B,$0.03B,1.43%,$2.11B,$0.03B,1.43%,$2.11B,$0.06B,2.99%,$2.11B,$0.02B,0.76%,$2.11B,$0.02B,0.95%,$0.02B,$0.37B,5.65%,$0.02B,$-0.06B,-27.49%,$0.02B,$0.88B,2.38%,$0.03B,$0.58B,5.32%,$577,$477,$100,$0,$81,$567,$11,$-4,$7,$2,$5,$5,$5,$19,$11,$27,28,$0.17,$0.17,$33,$0,$3,$393,$63,$0,$422,$3,$487,$880,$266,$213,$20,$248,$514,$0,$97,$0,$366,$880,$5,$9,$7,$15,$-24,$0,$23,$-0,$-2,$18,$-8,$0,$0,$0,$0,$0,$0,$-8,$0,$0,$0,$1,$1,$0,$-2,$-1,$9,$3,$0
3,2017-12-31,28.0,$13.17,2.13,$69.54,0.4,$2.86,9.78,$0.46,60.87,$0.35B,$0.23B,1.49,$0.21B,$0.36B,0.59,$1.94B,$0.34B,17.44%,$1.94B,$0.02B,0.93%,$1.94B,$0.02B,0.93%,$1.94B,$0.05B,2.62%,$1.94B,$0.01B,0.26%,$1.94B,$0.01B,0.62%,$0.01B,$0.36B,3.41%,$0.01B,$-0.07B,-15.19%,$0.01B,$0.84B,1.48%,$0.02B,$0.57B,3.22%,$548,$451,$96,$0,$78,$538,$10,$-4,$6,$-7,$13,$13,$13,$19,$10,$28,28,$0.48,$0.47,$24,$0,$4,$348,$63,$0,$425,$2,$490,$838,$234,$211,$21,$245,$479,$0,$91,$0,$359,$838,$13,$33,$14,$47,$-78,$0,$58,$4,$-11,$49,$-21,$0,$0,$0,$0,$0,$0,$-21,$0,$0,$0,$-19,$-19,$0,$-2,$-21,$7,$9,$0
4,2017-09-30,18.85,$12.64,1.49,$63.88,0.3,$2.30,8.19,$-0.12,0.0,$0.34B,$0.25B,1.4,$0.21B,$0.34B,0.61,$1.80B,$0.32B,17.47%,$1.80B,$0.01B,0.39%,$1.80B,$0.01B,0.39%,$1.80B,$0.04B,2.16%,$1.80B,$-0.01B,-0.33%,$1.80B,$-0.00B,-0.22%,$-0.00B,$0.34B,-1.14%,$-0.00B,$-0.09B,4.83%,$-0.00B,$0.84B,-0.50%,$0.01B,$0.55B,1.26%,$510,$423,$87,$0,$72,$503,$6,$-4,$3,$0,$2,$2,$2,$14,$6,$27,28,$0.09,$0.09,$21,$0,$8,$343,$63,$0,$428,$2,$493,$836,$245,$209,$22,$249,$493,$0,$78,$0,$343,$836,$-1,$24,$15,$39,$-64,$0,$63,$-7,$3,$41,$-15,$0,$0,$0,$0,$0,$0,$-15,$0,$0,$0,$-20,$-20,$0,$-2,$-22,$5,$7,$0
5,2017-06-30,19.9,$12.53,1.59,$61.26,0.32,$1.96,10.17,$-0.13,0.0,$0.31B,$0.21B,1.48,$0.21B,$0.35B,0.6,$1.75B,$0.31B,17.63%,$1.75B,$0.01B,0.40%,$1.75B,$0.01B,0.40%,$1.75B,$0.04B,2.28%,$1.75B,$-0.01B,-0.40%,$1.75B,$-0.00B,-0.23%,$-0.00B,$0.35B,-1.12%,$-0.00B,$-0.08B,5.05%,$-0.00B,$0.80B,-0.51%,$0.01B,$0.56B,1.24%,$470,$388,$82,$0,$70,$467,$3,$-4,$-0,$0,$-0,$-0,$-0,$11,$3,$28,28,$-0.01,$-0.01,$20,$0,$4,$310,$60,$0,$432,$2,$494,$804,$210,$207,$21,$246,$456,$0,$76,$0,$348,$804,$-3,$16,$10,$26,$-36,$0,$41,$-2,$2,$25,$-10,$0,$0,$0,$0,$0,$0,$-10,$0,$0,$0,$-11,$-11,$0,$-1,$-12,$3,$5,$0
6,2017-03-31,21.35,$12.60,1.69,$59.48,0.36,$2.10,10.18,$-0.05,0.0,$0.28B,$0.18B,1.59,$0.21B,$0.36B,0.58,$1.73B,$0.31B,18.07%,$1.73B,$0.01B,0.64%,$1.73B,$0.01B,0.64%,$1.73B,$0.04B,2.55%,$1.73B,$-0.00B,-0.17%,$1.73B,$-0.00B,-0.12%,$-0.00B,$0.36B,-0.55%,$-0.00B,$-0.08B,2.57%,$-0.00B,$0.77B,-0.26%,$0.01B,$0.56B,1.94%,$416,$341,$74,$0,$67,$417,$-1,$-4,$-4,$-2,$-3,$-3,$-3,$7,$-1,$28,28,$-0.10,$-0.10,$24,$0,$5,$279,$58,$0,$435,$2,$495,$774,$175,$205,$20,$243,$418,$0,$76,$0,$356,$774,$-3,$8,$6,$14,$-1,$0,$11,$-2,$3,$14,$-4,$0,$0,$0,$0,$0,$0,$-4,$0,$0,$0,$-1,$-1,$0,$-1,$-2,$8,$3,$0
7,2016-12-31,25.05,$12.73,1.97,$58.31,0.43,$2.09,12.01,$0.06,417.5,$0.27B,$0.17B,1.6,$0.20B,$0.36B,0.57,$1.72B,$0.32B,18.59%,$1.72B,$0.02B,0.93%,$1.72B,$0.02B,0.93%,$1.72B,$0.05B,2.80%,$1.72B,$0.00B,0.06%,$1.72B,$0.00B,0.06%,$0.00B,$0.36B,0.27%,$0.00B,$-0.08B,-1.33%,$0.00B,$0.77B,0.13%,$0.02B,$0.56B,2.80%,$407,$335,$72,$0,$65,$408,$-1,$-4,$-5,$-2,$-3,$-3,$-3,$7,$-1,$29,29,$-0.10,$-0.11,$17,$0,$5,$268,$57,$0,$439,$2,$498,$767,$168,$204,$20,$241,$409,$0,$79,$0,$358,$767,$2,$32,$25,$57,$-35,$0,$31,$-14,$1,$60,$-47,$0,$0,$0,$0,$0,$0,$-47,$0,$0,$0,$-48,$-48,$0,$-5,$-53,$-40,$13,$0
8,2016-09-30,23.06,$12.96,1.78,$58.91,0.39,$3.64,6.33,$0.22,104.82,$0.29B,$0.18B,1.61,$0.20B,$0.37B,0.54,$1.72B,$0.33B,19.06%,$1.72B,$0.02B,1.34%,$1.72B,$0.02B,1.34%,$1.72B,$0.06B,3.21%,$1.72B,$0.01B,0.52%,$1.72B,$0.01B,0.35%,$0.01B,$0.37B,1.58%,$0.01B,$-0.07B,-8.54%,$0.01B,$0.79B,0.79%,$0.02B,$0.57B,3.98%,$460,$379,$81,$0,$66,$454,$6,$-4,$2,$0,$2,$2,$2,$15,$6,$29,29,$0.08,$0.08,$34,$0,$2,$292,$53,$0,$443,$2,$498,$790,$182,$202,$20,$237,$419,$0,$82,$0,$371,$790,$5,$24,$19,$43,$-50,$0,$42,$-5,$7,$55,$-37,$0,$0,$0,$0,$0,$0,$-37,$0,$0,$0,$-35,$-35,$0,$-5,$-40,$-22,$11,$0
9,2016-06-30,22.42,$12.86,1.74,$57.91,0.39,$4.44,5.05,$0.25,89.68,$0.28B,$0.17B,1.67,$0.20B,$0.37B,0.54,$1.71B,$0.33B,19.52%,$1.71B,$0.03B,1.52%,$1.71B,$0.03B,1.52%,$1.71B,$0.06B,3.28%,$1.71B,$0.01B,0.70%,$1.71B,$0.01B,0.41%,$0.01B,$0.37B,1.83%,$0.01B,$-0.08B,-10.00%,$0.01B,$0.76B,0.93%,$0.03B,$0.57B,4.47%,$444,$359,$85,$0,$71,$437,$7,$-4,$4,$2,$2,$2,$2,$15,$7,$29,30,$0.07,$0.07,$40,$0,$2,$278,$33,$0,$447,$2,$482,$760,$166,$200,$9,$225,$392,$0,$79,$0,$368,$760,$2,$15,$15,$30,$-32,$0,$29,$-2,$1,$33,$-13,$0,$0,$0,$0,$0,$0,$-13,$0,$0,$0,$-31,$-31,$0,$-6,$-37,$-16,$9,$0
10,2016-03-31,27.16,$13.13,2.07,$56.62,0.48,$4.78,5.68,$0.15,181.07,$0.26B,$0.15B,1.8,$0.20B,$0.38B,0.52,$1.63B,$0.32B,19.46%,$1.63B,$0.02B,1.35%,$1.63B,$0.02B,1.35%,$1.63B,$0.05B,3.00%,$1.63B,$0.01B,0.37%,$1.63B,$0.00B,0.24%,$0.00B,$0.38B,1.03%,$0.00B,$-0.07B,-5.61%,$0.00B,$0.74B,0.53%,$0.02B,$0.58B,3.73%,$405,$324,$81,$0,$69,$401,$4,$-4,$0,$0,$0,$0,$0,$11,$4,$29,30,$0.01,$0.01,$44,$0,$3,$261,$28,$0,$451,$3,$482,$743,$145,$198,$6,$217,$362,$0,$77,$0,$381,$743,$0,$8,$7,$14,$-13,$0,$12,$-0,$-0,$14,$-4,$0,$0,$0,$0,$0,$0,$-4,$0,$0,$0,$-19,$-19,$0,$-4,$-23,$-13,$5,$0
11,2015-12-31,20.39,$13.30,1.53,$54.87,0.37,$4.72,4.32,$0.28,72.82,$0.26B,$0.14B,1.9,$0.20B,$0.40B,0.5,$1.51B,$0.29B,19.18%,$1.51B,$0.02B,1.52%,$1.51B,$0.02B,1.52%,$1.51B,$0.05B,3.11%,$1.51B,$0.01B,0.73%,$1.51B,$0.01B,0.46%,$0.01B,$0.40B,2.07%,$0.01B,$-0.06B,-19.58%,$0.01B,$0.75B,1.07%,$0.02B,$0.59B,4.68%,$407,$327,$80,$0,$66,$401,$6,$-3,$3,$1,$2,$2,$2,$14,$6,$27,28,$0.06,$0.06,$57,$0,$3,$261,$27,$0,$456,$2,$486,$747,$137,$197,$5,$214,$351,$0,$77,$0,$395,$747,$8,$24,$19,$43,$13,$0,$6,$-2,$20,$71,$-15,$0,$-390,$0,$0,$0,$0,$-405,$188,$35,$223,$155,$155,$0,$-20,$358,$24,$14,$0
12,2015-09-30,19.6,$13.10,1.5,$53.08,0.37,$3.45,5.68,$0.42,46.67,$0.28B,$0.16B,1.7,$0.20B,$0.39B,0.5,$1.41B,$0.26B,18.79%,$1.41B,$0.03B,1.78%,$1.41B,$0.03B,1.78%,$1.41B,$0.04B,3.13%,$1.41B,$0.02B,1.14%,$1.41B,$0.01B,0.71%,$0.01B,$0.39B,3.51%,$0.01B,$-0.07B,-444.44%,$0.01B,$0.77B,1.84%,$0.03B,$0.59B,6.43%,$450,$363,$87,$0,$71,$441,$9,$-3,$5,$2,$3,$3,$3,$16,$9,$30,30,$0.12,$0.11,$43,$0,$3,$277,$26,$0,$460,$3,$489,$766,$163,$195,$4,$213,$376,$0,$75,$0,$390,$766,$6,$17,$11,$27,$-18,$0,$32,$1,$19,$53,$-10,$0,$-391,$0,$0,$0,$0,$-401,$188,$35,$223,$155,$155,$0,$-20,$358,$10,$9,$0
13,2015-06-30,32.66,$12.83,2.55,$51.76,0.63,$2.66,12.28,$0.54,60.48,$0.29B,$0.16B,1.8,$0.22B,$0.38B,0.58,$1.28B,$0.24B,18.42%,$1.28B,$0.03B,1.96%,$1.28B,$0.03B,1.96%,$1.28B,$0.04B,3.21%,$1.28B,$0.02B,1.57%,$1.28B,$0.01B,0.94%,$0.01B,$0.38B,5.19%,$0.01B,$-0.08B,37.80%,$0.01B,$0.78B,2.76%,$0.03B,$0.60B,8.73%,$372,$302,$70,$0,$61,$369,$3,$-4,$-2,$-1,$-1,$-1,$-1,$8,$3,$27,27,$-0.03,$-0.03,$58,$0,$2,$291,$26,$0,$464,$0,$490,$782,$162,$220,$4,$239,$401,$0,$72,$0,$381,$782,$3,$9,$5,$14,$-16,$0,$36,$-1,$18,$35,$-7,$0,$-391,$0,$0,$0,$0,$-397,$218,$35,$253,$155,$155,$0,$-21,$388,$25,$5,$0
14,2015-03-31,27.26,$7.99,3.41,$51.03,0.53,$2.05,13.31,$0.75,36.35,$0.18B,$0.12B,1.5,$0.00B,$0.19B,0.0,$1.21B,$0.22B,18.03%,$1.21B,$0.03B,2.40%,$1.21B,$0.03B,2.40%,$1.21B,$0.04B,3.56%,$1.21B,$0.03B,2.40%,$1.21B,$0.02B,1.41%,$0.02B,$0.19B,9.55%,$0.02B,$0.07B,25.47%,$0.02B,$0.32B,5.32%,$0.03B,$0.19B,16.29%,$283,$230,$53,$0,$44,$278,$5,$-0,$5,$2,$3,$3,$3,$9,$5,$23,24,$0.14,$0.14,$17,$0,$1,$178,$21,$0,$115,$1,$137,$315,$118,$0,$3,$9,$128,$0,$73,$0,$187,$315,$3,$4,$4,$8,$-5,$0,$12,$-2,$-2,$9,$-3,$0,$-6,$0,$0,$0,$0,$-9,$0,$0,$0,$1,$1,$0,$-17,$-16,$-15,$2,$0
15,2014-12-31,29.2,$7.84,3.73,$49.75,0.59,$2.02,14.45,$0.71,41.13,$0.19B,$0.13B,1.46,$0.00B,$0.18B,0.0,$1.17B,$0.21B,17.63%,$1.17B,$0.03B,2.39%,$1.17B,$0.03B,2.39%,$1.17B,$0.04B,3.49%,$1.17B,$0.03B,2.39%,$1.17B,$0.02B,1.36%,$0.02B,$0.18B,9.32%,$0.02B,$0.07B,22.70%,$0.02B,$0.32B,5.17%,$0.03B,$0.18B,16.30%,$300,$246,$54,$0,$43,$292,$8,$-0,$8,$3,$5,$5,$5,$11,$8,$23,24,$0.20,$0.20,$33,$0,$2,$186,$21,$0,$109,$0,$130,$316,$127,$0,$3,$7,$134,$0,$69,$0,$182,$316,$17,$14,$7,$21,$-24,$0,$11,$-3,$-6,$32,$-15,$0,$-34,$0,$0,$0,$0,$-49,$0,$0,$0,$1,$1,$0,$-4,$-3,$-20,$4,$0
16,2014-09-30,23.55,$7.57,3.11,$46.51,0.51,$1.96,12.03,$0.63,37.38,$0.20B,$0.15B,1.35,$0.00B,$0.18B,0.0,$1.10B,$0.19B,17.35%,$1.10B,$0.02B,2.19%,$1.10B,$0.02B,2.19%,$1.10B,$0.04B,3.38%,$1.10B,$0.02B,2.19%,$1.10B,$0.01B,1.28%,$0.01B,$0.18B,8.43%,$0.01B,$0.07B,18.30%,$0.01B,$0.33B,4.80%,$0.02B,$0.18B,14.46%,$321,$262,$58,$0,$46,$312,$9,$-0,$9,$3,$5,$5,$5,$13,$9,$23,24,$0.24,$0.23,$30,$0,$0,$196,$21,$0,$110,$0,$131,$328,$146,$0,$4,$7,$153,$0,$65,$0,$175,$328,$12,$10,$5,$15,$-42,$0,$29,$3,$-0,$27,$-12,$0,$-34,$0,$0,$0,$0,$-46,$0,$0,$0,$1,$1,$0,$-4,$-3,$-22,$3,$0
17,2014-06-30,19.17,$7.29,2.63,$43.01,0.45,$1.97,9.73,$0.59,32.49,$0.19B,$0.14B,1.31,$0.00B,$0.17B,0.0,$1.01B,$0.17B,17.15%,$1.01B,$0.02B,2.18%,$1.01B,$0.02B,2.18%,$1.01B,$0.03B,3.37%,$1.01B,$0.02B,2.18%,$1.01B,$0.01B,1.29%,$0.01B,$0.17B,8.06%,$0.01B,$0.06B,15.57%,$0.01B,$0.32B,4.79%,$0.02B,$0.17B,13.64%,$305,$252,$53,$0,$43,$298,$7,$-0,$7,$3,$4,$4,$4,$10,$7,$23,24,$0.18,$0.18,$27,$0,$1,$188,$20,$0,$110,$0,$130,$318,$144,$0,$3,$7,$151,$0,$59,$0,$168,$318,$7,$6,$4,$10,$-35,$0,$28,$2,$2,$18,$-8,$0,$-33,$0,$0,$0,$0,$-41,$0,$0,$0,$0,$0,$0,$-2,$-2,$-25,$2,$0
18,2014-03-31,18.32,$7.05,2.6,$39.62,0.46,$1.83,10.0,$0.59,31.05,$0.18B,$0.11B,1.72,$0.00B,$0.16B,0.0,$0.93B,$0.16B,17.24%,$0.93B,$0.02B,2.37%,$0.93B,$0.02B,2.37%,$0.93B,$0.03B,3.56%,$0.93B,$0.02B,2.37%,$0.93B,$0.01B,1.40%,$0.01B,$0.16B,8.28%,$0.01B,$0.09B,14.29%,$0.01B,$0.28B,5.15%,$0.02B,$0.16B,14.01%,$248,$205,$42,$0,$35,$244,$4,$-0,$4,$1,$2,$2,$2,$7,$4,$23,23,$0.11,$0.10,$43,$0,$0,$182,$18,$0,$75,$0,$94,$275,$105,$0,$3,$7,$113,$0,$55,$0,$162,$275,$2,$3,$2,$5,$-19,$0,$21,$1,$3,$10,$-4,$0,$-14,$0,$0,$0,$0,$-18,$0,$0,$0,$0,$0,$0,$-2,$-2,$-10,$1,$0
19,2013-12-31,21.48,$6.95,3.09,$37.84,0.57,$1.75,12.24,$0.62,34.65,$0.17B,$0.08B,2.1,$0.00B,$0.16B,0.0,$0.88B,$0.16B,17.65%,$0.88B,$0.02B,2.60%,$0.88B,$0.02B,2.60%,$0.88B,$0.03B,3.73%,$0.88B,$0.02B,2.60%,$0.88B,$0.01B,1.58%,$0.01B,$0.16B,9.17%,$0.01B,$0.10B,15.64%,$0.01B,$0.25B,5.79%,$0.02B,$0.16B,15.06%,$221,$184,$37,$0,$30,$217,$4,$-0,$4,$2,$3,$3,$3,$7,$4,$23,23,$0.12,$0.11,$53,$0,$0,$167,$16,$0,$62,$0,$78,$245,$79,$0,$3,$7,$86,$0,$52,$0,$159,$245,$14,$11,$4,$15,$-11,$0,$5,$-1,$-4,$25,$-9,$0,$-2,$0,$0,$0,$0,$-11,$-0,$0,$-0,$1,$1,$0,$-4,$-3,$11,$3,$0
20,2013-09-30,20.94,$6.80,3.08,$37.60,0.56,$1.70,12.33,$0.64,32.72,$0.17B,$0.09B,2.01,$0.00B,$0.16B,0.0,$0.87B,$0.16B,18.08%,$0.87B,$0.03B,2.86%,$0.87B,$0.03B,2.86%,$0.87B,$0.03B,3.89%,$0.87B,$0.03B,2.86%,$0.87B,$0.01B,1.60%,$0.01B,$0.16B,9.44%,$0.01B,$0.09B,16.57%,$0.01B,$0.25B,5.94%,$0.03B,$0.16B,16.86%,$235,$194,$41,$0,$31,$228,$7,$-0,$7,$3,$4,$4,$4,$10,$7,$23,23,$0.19,$0.19,$53,$0,$0,$170,$15,$0,$63,$0,$78,$248,$85,$0,$5,$8,$92,$0,$50,$0,$156,$248,$11,$8,$3,$11,$-16,$0,$11,$4,$-1,$22,$-7,$0,$-2,$0,$0,$0,$0,$-9,$-0,$0,$-0,$1,$1,$0,$-2,$-1,$12,$3,$0
21,2013-06-30,19.49,$6.58,2.96,$36.01,0.54,$1.34,14.56,$0.62,31.44,$0.16B,$0.08B,1.99,$0.00B,$0.15B,0.0,$0.83B,$0.15B,18.51%,$0.83B,$0.02B,2.64%,$0.83B,$0.02B,2.64%,$0.83B,$0.03B,3.61%,$0.83B,$0.02B,2.64%,$0.83B,$0.01B,1.44%,$0.01B,$0.15B,8.44%,$0.01B,$0.09B,14.59%,$0.01B,$0.24B,5.30%,$0.02B,$0.15B,15.47%,$224,$184,$40,$0,$30,$217,$7,$-0,$7,$3,$4,$4,$4,$9,$7,$23,23,$0.18,$0.18,$47,$0,$0,$163,$15,$0,$63,$0,$78,$242,$82,$0,$6,$9,$91,$0,$45,$0,$151,$242,$7,$5,$3,$8,$-14,$0,$10,$0,$-4,$11,$-4,$0,$-2,$0,$0,$0,$0,$-6,$-0,$0,$-0,$1,$1,$0,$-1,$0,$5,$2,$0
22,2013-03-31,22.12,$6.36,3.48,$34.56,0.64,$1.11,19.87,$0.59,37.49,$0.15B,$0.08B,1.95,$0.00B,$0.15B,0.0,$0.79B,$0.15B,18.79%,$0.79B,$0.02B,2.65%,$0.79B,$0.02B,2.65%,$0.79B,$0.03B,3.66%,$0.79B,$0.02B,2.52%,$0.79B,$0.01B,1.39%,$0.01B,$0.15B,8.04%,$0.01B,$0.08B,13.62%,$0.01B,$0.23B,5.02%,$0.02B,$0.15B,15.36%,$204,$166,$38,$0,$31,$199,$5,$-0,$5,$2,$3,$3,$3,$7,$5,$23,23,$0.13,$0.13,$44,$0,$0,$154,$15,$0,$64,$0,$79,$233,$79,$0,$6,$9,$88,$0,$41,$0,$145,$233,$3,$3,$2,$5,$-7,$0,$7,$0,$-2,$6,$-2,$0,$-2,$0,$0,$0,$0,$-4,$-0,$0,$-0,$1,$1,$0,$-0,$0,$2,$1,$0
23,2012-12-31,17.97,$6.21,2.89,$33.18,0.54,$1.04,17.32,$0.61,29.46,$0.14B,$0.07B,2.02,$0.00B,$0.14B,0.0,$0.76B,$0.14B,19.00%,$0.76B,$0.02B,2.77%,$0.76B,$0.02B,2.77%,$0.76B,$0.03B,3.83%,$0.76B,$0.02B,2.64%,$0.76B,$0.01B,1.45%,$0.01B,$0.14B,8.37%,$0.01B,$0.08B,13.84%,$0.01B,$0.22B,5.21%,$0.02B,$0.14B,15.97%,$211,$172,$39,$0,$31,$205,$6,$-0,$6,$2,$3,$3,$3,$8,$6,$22,23,$0.15,$0.14,$42,$0,$0,$142,$13,$0,$64,$0,$78,$219,$70,$0,$7,$8,$78,$0,$38,$0,$141,$219,$12,$9,$4,$13,$-2,$0,$-5,$2,$-3,$23,$-9,$0,$-16,$0,$0,$0,$0,$-25,$-0,$0,$-0,$2,$2,$0,$-4,$-3,$-5,$3,$0
24,2012-09-30,17.15,$5.90,2.91,$31.17,0.55,$0.84,20.31,$0.63,27.22,$0.15B,$0.07B,2.09,$0.00B,$0.13B,0.0,$0.71B,$0.14B,19.30%,$0.71B,$0.02B,2.82%,$0.71B,$0.02B,2.82%,$0.71B,$0.03B,3.94%,$0.71B,$0.02B,2.68%,$0.71B,$0.01B,1.69%,$0.01B,$0.13B,9.52%,$0.01B,$0.08B,15.34%,$0.01B,$0.21B,5.82%,$0.02B,$0.13B,15.87%,$193,$156,$37,$0,$30,$189,$4,$-0,$4,$1,$2,$2,$2,$6,$4,$22,23,$0.10,$0.10,$48,$0,$0,$151,$13,$0,$48,$0,$61,$212,$72,$0,$6,$7,$80,$0,$35,$0,$132,$212,$9,$6,$3,$9,$-11,$0,$1,$4,$-5,$13,$-7,$0,$-4,$0,$0,$0,$0,$-10,$-0,$0,$-0,$1,$1,$0,$-3,$-1,$1,$2,$0
25,2012-06-30,19.06,$5.78,3.3,$29.79,0.64,$0.75,25.33,$0.61,31.25,$0.15B,$0.07B,2.08,$0.00B,$0.13B,0.0,$0.68B,$0.13B,19.38%,$0.68B,$0.02B,3.11%,$0.68B,$0.02B,3.11%,$0.68B,$0.03B,4.44%,$0.68B,$0.02B,2.96%,$0.68B,$0.01B,1.92%,$0.01B,$0.13B,10.68%,$0.01B,$0.08B,17.39%,$0.01B,$0.21B,6.47%,$0.02B,$0.13B,17.25%,$185,$150,$35,$0,$27,$180,$6,$-0,$5,$2,$3,$3,$3,$8,$6,$22,23,$0.15,$0.15,$47,$0,$0,$152,$12,$0,$48,$0,$60,$212,$73,$0,$7,$10,$83,$0,$33,$0,$129,$212,$7,$4,$2,$6,$-11,$0,$3,$1,$-7,$6,$-4,$0,$-1,$0,$0,$0,$0,$-5,$-0,$0,$-0,$1,$1,$0,$-1,$-0,$0,$2,$0
26,2012-03-31,16.1,$5.57,2.89,$28.36,0.57,$0.66,24.33,$0.59,27.29,$0.14B,$0.07B,2.12,$0.00B,$0.12B,0.0,$0.64B,$0.13B,19.44%,$0.64B,$0.02B,3.11%,$0.64B,$0.02B,3.11%,$0.64B,$0.03B,4.51%,$0.64B,$0.02B,3.11%,$0.64B,$0.01B,2.02%,$0.01B,$0.12B,11.06%,$0.01B,$0.08B,17.93%,$0.01B,$0.20B,6.74%,$0.02B,$0.12B,17.02%,$169,$136,$33,$0,$25,$163,$5,$-0,$5,$2,$3,$3,$3,$7,$5,$22,23,$0.15,$0.15,$48,$0,$0,$142,$11,$0,$47,$0,$59,$201,$67,$0,$8,$10,$77,$0,$29,$0,$124,$201,$3,$2,$1,$3,$0,$0,$-3,$2,$-2,$4,$-2,$0,$0,$0,$0,$0,$0,$-2,$-0,$0,$-0,$0,$0,$0,$-1,$-1,$1,$1,$0
27,2011-12-31,16.15,$5.39,3.0,$26.71,0.6,$0.60,27.06,$0.54,29.91,$0.14B,$0.07B,1.98,$0.00B,$0.12B,0.0,$0.60B,$0.12B,19.57%,$0.60B,$0.02B,3.15%,$0.60B,$0.02B,3.15%,$0.60B,$0.03B,4.64%,$0.60B,$0.02B,3.15%,$0.60B,$0.01B,1.99%,$0.01B,$0.12B,10.57%,$0.01B,$0.07B,17.20%,$0.01B,$0.20B,6.44%,$0.02B,$0.12B,16.74%,$163,$131,$32,$0,$24,$158,$5,$-0,$5,$2,$4,$4,$4,$7,$5,$22,23,$0.16,$0.15,$47,$0,$0,$142,$11,$0,$48,$0,$59,$200,$72,$0,$8,$10,$81,$0,$26,$0,$119,$200,$12,$8,$1,$9,$-24,$0,$15,$3,$-6,$16,$-6,$0,$-5,$0,$0,$0,$0,$-11,$-0,$0,$-0,$1,$1,$0,$-1,$-1,$4,$1,$0
28,2011-09-30,13.3,$5.20,2.56,$24.61,0.54,$0.29,45.75,$0.50,26.6,$0.14B,$0.07B,2.05,$0.00B,$0.12B,0.0,$0.55B,$0.11B,19.68%,$0.55B,$0.02B,3.25%,$0.55B,$0.02B,3.25%,$0.55B,$0.03B,4.87%,$0.55B,$0.02B,3.25%,$0.55B,$0.01B,1.99%,$0.01B,$0.12B,10.00%,$0.01B,$0.07B,16.18%,$0.01B,$0.19B,6.22%,$0.02B,$0.12B,16.36%,$159,$128,$31,$0,$23,$154,$5,$-0,$5,$2,$3,$3,$3,$8,$5,$22,23,$0.15,$0.15,$44,$0,$0,$135,$11,$0,$45,$0,$56,$191,$66,$0,$8,$10,$75,$0,$22,$0,$115,$191,$9,$6,$0,$7,$-21,$0,$13,$2,$-6,$9,$-5,$0,$-3,$0,$0,$0,$0,$-8,$-0,$0,$-0,$1,$1,$0,$-1,$-0,$1,$1,$0
29,2011-06-30,17.75,$5.04,3.52,$22.68,0.78,$0.08,209.07,$0.47,37.77,$0.13B,$0.06B,2.18,$0.00B,$0.11B,0.0,$0.51B,$0.10B,19.45%,$0.51B,$0.02B,3.34%,$0.51B,$0.02B,3.34%,$0.51B,$0.03B,4.91%,$0.51B,$0.02B,3.34%,$0.51B,$0.01B,2.16%,$0.01B,$0.11B,10.30%,$0.01B,$0.07B,16.12%,$0.01B,$0.18B,6.59%,$0.02B,$0.11B,15.93%,$152,$122,$29,$0,$23,$147,$5,$-0,$5,$2,$3,$3,$3,$7,$5,$22,23,$0.13,$0.13,$42,$0,$2,$129,$10,$0,$39,$0,$50,$179,$59,$0,$7,$8,$68,$0,$19,$0,$112,$179,$5,$4,$0,$4,$-17,$0,$10,$0,$-7,$3,$-3,$0,$-1,$0,$0,$0,$-0,$-4,$-0,$0,$-0,$1,$1,$0,$-0,$0,$-2,$1,$0
30,2011-03-31,13.13,$4.89,2.69,$20.92,0.63,$-0.11,0.0,$0.43,30.53,$0.12B,$0.06B,2.14,$0.00B,$0.11B,0.0,$0.47B,$0.09B,19.27%,$0.47B,$0.02B,3.21%,$0.47B,$0.02B,3.21%,$0.47B,$0.02B,4.93%,$0.47B,$0.02B,3.21%,$0.47B,$0.01B,2.14%,$0.01B,$0.11B,9.69%,$0.01B,$0.07B,14.87%,$0.01B,$0.18B,6.30%,$0.02B,$0.11B,14.53%,$129,$104,$26,$0,$20,$126,$4,$-0,$4,$1,$2,$2,$2,$6,$4,$22,23,$0.10,$0.10,$43,$0,$0,$122,$10,$0,$43,$0,$53,$175,$57,$0,$8,$10,$67,$0,$16,$0,$108,$175,$2,$2,$1,$2,$-9,$0,$7,$0,$-2,$3,$-2,$0,$-1,$0,$0,$0,$0,$-3,$-0,$0,$-0,$1,$1,$0,$-0,$0,$-0,$0,$0
31,2010-12-31,12.04,$4.76,2.53,$19.19,0.63,$-0.29,0.0,$0.39,30.87,$0.11B,$0.05B,2.31,$0.00B,$0.11B,0.0,$0.43B,$0.08B,18.97%,$0.43B,$0.01B,3.04%,$0.43B,$0.01B,3.04%,$0.43B,$0.02B,4.92%,$0.43B,$0.01B,3.04%,$0.43B,$0.01B,2.11%,$0.01B,$0.11B,9.00%,$0.01B,$0.07B,13.28%,$0.01B,$0.16B,6.02%,$0.01B,$0.11B,12.97%,$114,$91,$23,$0,$17,$110,$4,$-0,$4,$1,$3,$3,$3,$6,$4,$22,22,$0.11,$0.11,$43,$0,$0,$112,$10,$0,$40,$0,$50,$162,$48,$0,$7,$8,$57,$0,$14,$0,$105,$162,$8,$7,$-1,$6,$-15,$0,$10,$-1,$-6,$9,$-6,$0,$-9,$0,$0,$0,$0,$-15,$-0,$0,$-0,$1,$1,$0,$0,$2,$-5,$1,$0
32,2010-09-30,12.77,$4.64,2.75,$19.38,0.66,$-1.05,0.0,$0.42,30.4,$0.11B,$0.04B,2.51,$0.00B,$0.10B,0.0,$0.39B,$0.07B,18.83%,$0.39B,$0.01B,2.80%,$0.39B,$0.01B,2.80%,$0.39B,$0.02B,4.83%,$0.39B,$0.01B,2.80%,$0.39B,$0.01B,2.29%,$0.01B,$0.10B,9.25%,$0.01B,$0.07B,13.00%,$0.01B,$0.15B,6.33%,$0.01B,$0.10B,11.28%,$114,$92,$21,$0,$16,$109,$4,$-0,$4,$2,$3,$3,$3,$6,$4,$22,22,$0.12,$0.12,$43,$0,$0,$111,$10,$0,$31,$0,$41,$152,$44,$0,$5,$6,$50,$0,$11,$0,$102,$152,$6,$5,$-0,$5,$-15,$0,$9,$-1,$-6,$4,$-5,$0,$-5,$0,$0,$0,$0,$-10,$-0,$0,$-0,$1,$1,$0,$0,$1,$-5,$1,$0
