,Date,Stock Price,Book Value per Share,Price to Book Ratio,TTM Sales per Share,Price to Sales Ratio,TTM FCF per Share,Price to FCF Ratio,TTM Net EPS,PE Ratio,Current Assets,Current Liabilities,Current Ratio,Long Term Debt,Shareholder's Equity_x,Debt to Equity Ratio,TTM Revenue_x,TTM Gross Profit,Gross Margin,TTM Revenue_y,TTM Operating Income,Operating Margin,TTM Revenue_x,TTM EBIT,EBIT Margin,TTM Revenue_y,TTM EBITDA,EBITDA Margin,TTM Revenue_x,TTM Pre-Tax Income,Pre-Tax Margin,TTM Revenue_y,TTM Net Income_x,Net Margin,TTM Net Income_y,Shareholder's Equity_y,Return on Equity,TTM Net Income_x,Tangible Equity,Return on Tangible Equity,TTM Net Income_y,Total Assets,Return on Assets,TTM Net Income,LT Investments & Debt,Return on Investment,revenue,cost-goods-sold,gross-profit,research-development-expenses,selling-general-administrative-expenses,operating-expenses,operating-income,total-non-operating-income-expense,pre-tax-income,total-provision-income-taxes,income-after-taxes,income-from-continuous-operations,net-income,ebitda,ebit,basic-shares-outstanding,shares-outstanding,eps-basic-net-earnings-per-share,eps-earnings-per-share-diluted,cash-on-hand,inventory,other-current-assets,total-current-assets,net-property-plant-equipment,long-term-investments,goodwill-intangible-assets-total,other-long-term-assets,total-long-term-assets,total-assets,total-current-liabilities,long-term-debt,other-non-current-liabilities,total-long-term-liabilities,total-liabilities,common-stock-net,retained-earnings-accumulated-deficit,comprehensive-income,total-share-holder-equity,total-liabilities-share-holders-equity,net-income-loss,total-depreciation-amortization-cash-flow,other-non-cash-items,total-non-cash-items,change-in-accounts-receivable,change-in-inventories,change-in-accounts-payable,change-in-assets-liabilities,total-change-in-assets-liabilities,cash-flow-from-operating-activities,net-change-in-property-plant-equipment,net-change-in-intangible-assets,net-acquisitions-divestitures,net-change-in-short-term-investments,net-change-in-long-term-investments,net-change-in-investments-total,investing-activities-other,cash-flow-from-investing-activities,net-long-term-debt,net-current-debt,debt-issuance-retirement-net-total,net-common-equity-issued-repurchased,net-total-equity-issued-repurchased,total-common-preferred-stock-dividends-paid,financial-activities-other,cash-flow-from-financial-activities,net-cash-flow,stock-based-compensation,common-stock-dividends-paid
0,2018-09-30,156.78,$27.63,5.67,$49.63,3.16,$9.41,16.67,$5.45,28.77,$4.82B,$3.59B,1.34,$6.34B,$7.98B,0.79,$14.56B,$6.68B,45.87%,$14.56B,$2.04B,14.04%,$14.56B,$2.04B,14.04%,$14.56B,$2.97B,20.41%,$14.56B,$1.81B,12.42%,$14.56B,$1.60B,10.98%,$1.60B,$7.98B,20.49%,$1.60B,$-2.92B,-48.15%,$1.60B,$19.96B,7.99%,$2.04B,$14.32B,14.33%,$3747,$2200,$1547,$0,$955,$3231,$516,$-35,$482,$43,$438,$438,$435,$751,$516,$289,293,$1.51,$1.48,$204,$1588,$378,$4822,$3778,$0,$10899,$464,$15140,$19963,$3590,$6335,$376,$8390,$11980,$357,$8647,$-1765,$7983,$19963,$1040,$700,$167,$867,$-161,$-171,$52,$-197,$-477,$1450,$-605,$0,$-68,$0,$0,$0,$24,$-649,$-302,$116,$-186,$-236,$-236,$-371,$-27,$-820,$-8,$76,$-371
1,2018-06-30,140.33,$27.37,5.13,$49.01,2.86,$9.44,14.87,$5.31,26.43,$4.61B,$3.62B,1.27,$6.34B,$7.91B,0.8,$14.38B,$6.63B,46.12%,$14.38B,$2.09B,14.55%,$14.38B,$2.09B,14.55%,$14.38B,$3.01B,20.96%,$14.38B,$1.85B,12.88%,$14.38B,$1.56B,10.83%,$1.56B,$7.91B,20.40%,$1.56B,$-3.19B,-43.67%,$1.56B,$19.95B,7.79%,$2.09B,$14.25B,14.81%,$3690,$2156,$1534,$0,$1027,$3195,$495,$-37,$458,$104,$354,$354,$351,$729,$495,$289,293,$1.22,$1.20,$54,$1558,$361,$4608,$3759,$0,$11101,$484,$15344,$19952,$3624,$6343,$407,$8419,$12043,$356,$8330,$-1593,$7909,$19952,$602,$466,$71,$537,$-89,$-119,$80,$-238,$-365,$786,$-388,$0,$-70,$0,$0,$0,$13,$-444,$-301,$223,$-78,$-165,$-165,$-252,$-11,$-507,$-157,$62,$-252
2,2018-03-31,136.68,$26.59,5.14,$48.19,2.84,$9.73,14.05,$5.12,26.7,$4.60B,$3.98B,1.15,$6.40B,$7.67B,0.83,$14.15B,$6.51B,46.03%,$14.15B,$2.02B,14.26%,$14.15B,$2.02B,14.26%,$14.15B,$2.93B,20.68%,$14.15B,$1.77B,12.52%,$14.15B,$1.50B,10.61%,$1.50B,$7.67B,20.28%,$1.50B,$-3.65B,-39.64%,$1.50B,$20.18B,7.55%,$2.02B,$14.07B,14.63%,$3471,$2082,$1389,$0,$1009,$3117,$354,$-37,$317,$69,$248,$248,$247,$585,$354,$289,293,$0.86,$0.84,$176,$1542,$305,$4597,$3780,$0,$11315,$492,$15588,$20184,$3983,$6398,$453,$8532,$12514,$356,$8097,$-1558,$7670,$20184,$248,$231,$25,$256,$34,$-77,$40,$-19,$-22,$487,$-203,$0,$-67,$0,$0,$0,$14,$-256,$-301,$354,$54,$-187,$-187,$-123,$-9,$-265,$-36,$34,$-123
3,2017-12-31,133.4,$26.46,5.04,$47.05,2.84,$9.63,13.85,$5.14,25.95,$4.59B,$3.48B,1.32,$6.76B,$7.65B,0.88,$13.84B,$6.43B,46.50%,$13.84B,$2.02B,14.60%,$13.84B,$2.02B,14.60%,$13.84B,$2.91B,21.05%,$13.84B,$1.77B,12.76%,$13.84B,$1.51B,10.90%,$1.51B,$7.65B,20.93%,$1.51B,$-3.53B,-38.52%,$1.51B,$19.96B,7.68%,$2.02B,$14.41B,15.01%,$3651,$1443,$2208,$0,$1581,$2972,$679,$-128,$551,$-22,$572,$572,$566,$907,$679,$290,294,$1.96,$1.93,$211,$1447,$365,$4594,$3707,$0,$11185,$477,$15369,$19964,$3475,$6758,$415,$8835,$12310,$355,$8012,$-1643,$7654,$19964,$1522,$893,$-402,$492,$-92,$-86,$121,$96,$40,$2091,$-858,$0,$-870,$0,$0,$0,$55,$-1673,$510,$-44,$467,$-517,$-517,$-449,$-24,$-523,$-116,$91,$-449
4,2017-09-30,127.48,$25.27,5.05,$45.93,2.78,$9.53,13.38,$4.45,28.65,$4.62B,$3.76B,1.23,$6.49B,$7.30B,0.89,$13.54B,$5.83B,43.08%,$13.54B,$1.90B,14.02%,$13.54B,$1.90B,14.02%,$13.54B,$2.78B,20.50%,$13.54B,$1.70B,12.59%,$13.54B,$1.31B,9.66%,$1.31B,$7.30B,18.59%,$1.31B,$-3.90B,-34.07%,$1.31B,$19.86B,6.80%,$1.90B,$13.78B,14.46%,$3565,$2065,$1500,$0,$931,$3000,$564,$-38,$526,$129,$397,$397,$393,$792,$564,$289,293,$1.36,$1.34,$209,$1509,$363,$4615,$3617,$0,$11194,$431,$15242,$19857,$3757,$6485,$303,$8801,$12558,$354,$7598,$-1564,$7299,$19857,$950,$666,$-10,$656,$-23,$-117,$57,$-98,$-181,$1445,$-590,$0,$-831,$0,$0,$0,$-1,$-1422,$475,$188,$663,$-525,$-525,$-330,$-8,$-201,$-171,$72,$-330
5,2017-06-30,131.21,$24.15,5.43,$45.23,2.9,$10.03,13.08,$4.38,29.96,$4.53B,$4.32B,1.05,$5.91B,$6.99B,0.85,$13.36B,$5.98B,44.78%,$13.36B,$1.91B,14.28%,$13.36B,$1.91B,14.28%,$13.36B,$2.77B,20.76%,$13.36B,$1.69B,12.63%,$13.36B,$1.29B,9.65%,$1.29B,$6.99B,18.56%,$1.29B,$-4.08B,-34.49%,$1.29B,$19.52B,6.83%,$1.91B,$12.90B,15.03%,$3460,$2045,$1415,$0,$958,$3040,$420,$-43,$377,$81,$296,$296,$295,$641,$420,$290,294,$1.02,$1.00,$261,$1470,$355,$4532,$3497,$0,$11065,$429,$14991,$19523,$4318,$5909,$238,$8216,$12535,$354,$7313,$-1644,$6989,$19523,$554,$437,$43,$480,$16,$-96,$84,$-191,$-187,$860,$-376,$0,$-827,$0,$0,$0,$-2,$-1204,$-5,$910,$905,$-447,$-447,$-223,$-9,$226,$-120,$58,$-223
6,2017-03-31,123.55,$23.72,5.21,$44.66,2.77,$10.27,12.03,$4.24,29.14,$4.31B,$4.21B,1.02,$5.84B,$6.88B,0.85,$13.22B,$6.10B,46.15%,$13.22B,$1.90B,14.38%,$13.22B,$1.90B,14.38%,$13.22B,$2.76B,20.84%,$13.22B,$1.66B,12.54%,$13.22B,$1.25B,9.47%,$1.25B,$6.88B,18.24%,$1.25B,$-4.16B,-34.10%,$1.25B,$19.22B,6.75%,$1.90B,$12.72B,15.32%,$3162,$1852,$1311,$0,$947,$2805,$357,$-46,$312,$54,$257,$257,$254,$573,$357,$291,295,$0.87,$0.86,$212,$1428,$309,$4307,$3425,$0,$11034,$457,$14916,$19223,$4205,$5842,$207,$8139,$12345,$354,$7123,$-1636,$6879,$19223,$257,$216,$14,$230,$76,$-68,$13,$-88,$-66,$426,$-167,$0,$-827,$0,$0,$0,$-2,$-995,$-0,$859,$858,$-349,$-349,$-113,$-1,$396,$-168,$31,$-113
7,2016-12-31,115.2,$23.89,4.82,$44.33,2.6,$10.51,10.96,$4.15,27.76,$4.28B,$3.02B,1.42,$6.15B,$6.97B,0.88,$13.15B,$6.25B,47.55%,$13.15B,$1.92B,14.56%,$13.15B,$1.92B,14.56%,$13.15B,$2.77B,21.03%,$13.15B,$1.65B,12.55%,$13.15B,$1.23B,9.34%,$1.23B,$6.97B,18.05%,$1.23B,$-3.23B,-34.17%,$1.23B,$18.33B,6.71%,$1.92B,$13.12B,15.74%,$3352,$1745,$1607,$0,$1046,$2795,$557,$-68,$489,$117,$372,$372,$366,$770,$557,$293,297,$1.26,$1.23,$327,$1319,$291,$4279,$3365,$0,$10201,$485,$14051,$18330,$3019,$6146,$205,$8340,$11359,$353,$6975,$-1713,$6971,$18330,$1247,$851,$-201,$649,$1,$19,$-55,$64,$29,$1940,$-726,$0,$-49,$0,$0,$0,$-55,$-830,$820,$-606,$214,$-663,$-663,$-428,$8,$-868,$235,$86,$-428
8,2016-09-30,119.26,$23.81,5.01,$44.35,2.69,$10.40,11.47,$3.60,33.13,$4.17B,$4.17B,1.0,$5.09B,$6.94B,0.73,$13.21B,$6.23B,47.13%,$13.21B,$1.68B,12.72%,$13.21B,$1.68B,12.72%,$13.21B,$2.53B,19.16%,$13.21B,$1.42B,10.76%,$13.21B,$1.07B,8.11%,$1.07B,$6.94B,15.74%,$1.07B,$-3.49B,-29.02%,$1.07B,$18.38B,5.83%,$1.68B,$12.03B,14.37%,$3386,$1737,$1649,$0,$1072,$2812,$574,$-65,$509,$130,$380,$380,$374,$791,$574,$292,296,$1.28,$1.27,$181,$1342,$299,$4172,$3293,$0,$10430,$484,$14207,$18379,$4174,$5091,$226,$7263,$11437,$352,$6717,$-1452,$6942,$18379,$875,$638,$-188,$450,$38,$35,$-38,$120,$155,$1492,$-481,$0,$-45,$0,$0,$0,$-56,$-582,$663,$-522,$141,$-676,$-676,$-325,$36,$-823,$88,$68,$-325
9,2016-06-30,115.86,$22.87,5.07,$44.39,2.61,$9.74,11.89,$3.19,36.32,$4.10B,$4.24B,0.97,$5.10B,$6.67B,0.76,$13.27B,$6.20B,46.75%,$13.27B,$1.52B,11.45%,$13.27B,$1.52B,11.45%,$13.27B,$2.37B,17.82%,$13.27B,$1.27B,9.55%,$13.27B,$0.96B,7.20%,$0.96B,$6.67B,14.09%,$0.96B,$-3.81B,-25.30%,$0.96B,$18.23B,5.16%,$1.52B,$11.77B,12.84%,$3317,$1785,$1532,$0,$1093,$2905,$413,$-65,$347,$84,$264,$264,$258,$622,$413,$292,297,$0.88,$0.87,$167,$1332,$278,$4095,$3257,$0,$10483,$389,$14129,$18225,$4238,$5097,$228,$7317,$11555,$352,$6445,$-1493,$6670,$18225,$496,$421,$-134,$287,$63,$41,$-79,$56,$80,$875,$-315,$0,$-9,$0,$0,$0,$0,$-324,$664,$-342,$321,$-597,$-597,$-218,$16,$-477,$75,$54,$-218
10,2016-03-31,108.62,$22.68,4.79,$44.46,2.44,$8.86,12.26,$3.32,32.72,$4.20B,$4.16B,1.01,$5.08B,$6.65B,0.76,$13.34B,$6.26B,46.88%,$13.34B,$1.55B,11.58%,$13.34B,$1.55B,11.58%,$13.34B,$2.40B,17.98%,$13.34B,$1.30B,9.72%,$13.34B,$1.00B,7.49%,$1.00B,$6.65B,14.62%,$1.00B,$-3.85B,-26.37%,$1.00B,$18.34B,5.33%,$1.55B,$11.74B,12.99%,$3097,$1631,$1466,$0,$1088,$2726,$372,$-66,$305,$73,$232,$232,$231,$584,$372,$294,298,$0.78,$0.77,$269,$1386,$292,$4195,$3227,$0,$10506,$414,$14147,$18342,$4160,$5083,$229,$7530,$11690,$351,$6288,$-1536,$6652,$18342,$232,$212,$40,$252,$113,$-1,$-58,$-73,$-19,$473,$-141,$0,$-10,$0,$0,$0,$0,$-151,$668,$-330,$339,$-381,$-381,$-108,$4,$-145,$176,$29,$-108
11,2015-12-31,111.04,$23.58,4.71,$44.94,2.47,$7.56,14.68,$3.32,33.45,$4.45B,$4.76B,0.93,$4.26B,$6.98B,0.61,$13.55B,$6.32B,46.67%,$13.55B,$1.56B,11.53%,$13.55B,$1.56B,11.53%,$13.55B,$2.42B,17.87%,$13.55B,$1.32B,9.72%,$13.55B,$1.00B,7.40%,$1.00B,$6.98B,14.50%,$1.00B,$-3.62B,-26.31%,$1.00B,$18.64B,5.27%,$1.56B,$11.24B,12.97%,$3412,$1832,$1580,$0,$1059,$3089,$323,$-62,$261,$38,$223,$223,$209,$535,$323,$296,301,$0.71,$0.69,$93,$1388,$326,$4448,$3228,$0,$10600,$366,$14194,$18642,$4764,$4260,$238,$6897,$11661,$350,$6160,$-1423,$6980,$18642,$1017,$860,$191,$1050,$-24,$-49,$-46,$39,$-79,$2000,$-800,$0,$-270,$0,$0,$0,$154,$-916,$189,$-312,$-123,$-672,$-672,$-401,$45,$-1151,$-117,$78,$-401
12,2015-09-30,106.18,$23.17,4.58,$45.65,2.33,$6.96,15.26,$3.73,28.47,$4.64B,$3.56B,1.31,$5.75B,$6.84B,0.84,$13.81B,$6.44B,46.63%,$13.81B,$1.76B,12.73%,$13.81B,$1.76B,12.74%,$13.81B,$2.62B,18.99%,$13.81B,$1.52B,10.97%,$13.81B,$1.13B,8.17%,$1.13B,$6.84B,16.10%,$1.13B,$-3.83B,-29.31%,$1.13B,$18.88B,5.88%,$1.76B,$12.60B,14.31%,$3446,$1820,$1626,$0,$1071,$3033,$413,$-58,$355,$105,$250,$250,$258,$624,$413,$295,300,$0.87,$0.86,$185,$1439,$333,$4642,$3212,$0,$10672,$357,$14241,$18883,$3557,$5754,$1584,$8484,$12041,$350,$6055,$-1405,$6843,$18883,$794,$647,$50,$698,$-12,$-77,$-64,$54,$-99,$1395,$-566,$0,$-129,$0,$0,$0,$146,$-549,$341,$-227,$113,$-670,$-670,$-302,$35,$-823,$-25,$60,$-302
13,2015-06-30,109.1,$23.31,4.68,$46.25,2.36,$6.27,17.41,$4.06,26.87,$4.97B,$4.45B,1.12,$5.12B,$6.88B,0.75,$14.06B,$6.54B,46.51%,$14.06B,$1.92B,13.63%,$14.06B,$1.92B,13.64%,$14.06B,$2.79B,19.83%,$14.06B,$1.67B,11.87%,$14.06B,$1.24B,8.79%,$1.24B,$6.88B,17.07%,$1.24B,$-3.87B,-32.43%,$1.24B,$19.22B,6.37%,$1.92B,$12.00B,15.58%,$3389,$1807,$1583,$0,$1079,$2951,$438,$-61,$377,$68,$309,$309,$302,$656,$438,$296,301,$1.02,$1.00,$311,$1463,$538,$4971,$3123,$0,$10744,$378,$14246,$19217,$4446,$5124,$1628,$7892,$12338,$349,$5895,$-1195,$6880,$19217,$544,$436,$40,$476,$22,$-66,$-146,$-201,$-391,$637,$-335,$0,$-14,$0,$0,$0,$9,$-340,$216,$450,$665,$-677,$-677,$-203,$31,$-184,$101,$47,$-203
14,2015-03-31,110.04,$23.29,4.72,$46.69,2.36,$5.92,18.59,$4.08,26.97,$4.92B,$4.12B,1.19,$5.41B,$6.94B,0.78,$14.24B,$6.62B,46.45%,$14.24B,$1.99B,13.98%,$14.24B,$1.99B,13.99%,$14.24B,$2.86B,20.11%,$14.24B,$1.74B,12.20%,$14.24B,$1.25B,8.74%,$1.25B,$6.94B,16.86%,$1.25B,$-3.92B,-32.30%,$1.25B,$19.25B,6.39%,$1.99B,$12.35B,15.86%,$3298,$1765,$1532,$0,$1137,$2910,$388,$-63,$325,$90,$235,$235,$233,$605,$388,$298,303,$0.78,$0.77,$238,$1503,$461,$4922,$3115,$0,$10856,$359,$14330,$19252,$4121,$5409,$1646,$8195,$12316,$349,$5690,$-1187,$6936,$19252,$235,$217,$8,$225,$-12,$-84,$-170,$-87,$-353,$113,$-168,$0,$-11,$0,$0,$0,$9,$-169,$220,$336,$556,$-390,$-390,$-100,$20,$86,$28,$25,$-100
15,2014-12-31,100.27,$24.62,4.07,$46.70,2.15,$6.31,15.89,$3.93,25.51,$4.85B,$4.37B,1.11,$4.84B,$7.38B,0.66,$14.28B,$6.60B,46.22%,$14.28B,$1.95B,13.68%,$14.28B,$1.96B,13.69%,$14.28B,$2.83B,19.80%,$14.28B,$1.70B,11.90%,$14.28B,$1.20B,8.42%,$1.20B,$7.38B,16.10%,$1.20B,$-3.79B,-30.49%,$1.20B,$19.43B,6.15%,$1.95B,$12.23B,15.38%,$3681,$1980,$1701,$0,$1142,$3160,$521,$-62,$459,$115,$343,$343,$336,$739,$521,$300,306,$1.11,$1.10,$210,$1467,$367,$4853,$3051,$0,$11174,$350,$14574,$19427,$4368,$4843,$1646,$7677,$12045,$348,$5555,$-952,$7382,$19427,$1222,$872,$-104,$768,$-175,$-211,$175,$29,$-183,$1816,$-783,$0,$-72,$0,$0,$0,$7,$-848,$-908,$600,$-308,$-363,$-363,$-344,$-55,$-1071,$-130,$71,$-344
16,2014-09-30,109.81,$25.88,4.24,$46.33,2.37,$5.94,18.49,$3.76,29.2,$4.87B,$4.46B,1.09,$4.87B,$7.77B,0.63,$14.16B,$6.51B,46.00%,$14.16B,$1.91B,13.45%,$14.16B,$1.91B,13.45%,$14.16B,$2.77B,19.59%,$14.16B,$1.64B,11.60%,$14.16B,$1.15B,8.15%,$1.15B,$7.77B,15.43%,$1.15B,$-3.67B,-28.44%,$1.15B,$19.69B,5.88%,$1.91B,$12.64B,14.64%,$3695,$1971,$1724,$0,$1146,$3124,$571,$-63,$508,$139,$369,$369,$365,$790,$571,$300,306,$1.22,$1.19,$198,$1464,$349,$4872,$2979,$0,$11432,$403,$14814,$19686,$4455,$4874,$1806,$7465,$11920,$347,$5319,$-377,$7766,$19686,$879,$654,$-85,$569,$-164,$-169,$30,$-9,$-311,$1145,$-512,$0,$-62,$0,$0,$0,$9,$-565,$-407,$310,$-97,$-290,$-290,$-259,$-68,$-714,$-141,$55,$-259
17,2014-06-30,106.22,$24.90,4.27,$45.60,2.33,$5.46,19.45,$3.57,29.75,$4.77B,$3.97B,1.2,$5.54B,$7.46B,0.74,$13.95B,$6.41B,45.94%,$13.95B,$1.81B,12.98%,$13.95B,$1.81B,12.98%,$13.95B,$2.67B,19.16%,$13.95B,$1.54B,11.07%,$13.95B,$1.10B,7.86%,$1.10B,$7.46B,15.14%,$1.10B,$-4.04B,-25.25%,$1.10B,$19.61B,5.59%,$1.81B,$13.00B,13.71%,$3568,$1909,$1659,$0,$1153,$3056,$512,$-66,$446,$131,$315,$315,$311,$731,$512,$300,305,$1.04,$1.02,$187,$1414,$366,$4772,$2939,$0,$11499,$404,$14842,$19614,$3967,$5539,$1850,$8187,$12154,$347,$5036,$-351,$7460,$19614,$510,$435,$-51,$384,$-79,$-107,$-20,$-164,$-371,$532,$-332,$0,$-29,$0,$0,$0,$1,$-359,$-257,$478,$221,$-306,$-306,$-172,$-63,$-320,$-152,$43,$-172
18,2014-03-31,102.76,$24.23,4.24,$44.76,2.3,$5.18,19.85,$3.24,31.72,$4.70B,$3.90B,1.21,$5.70B,$7.27B,0.78,$13.72B,$6.28B,45.75%,$13.72B,$1.65B,12.03%,$13.72B,$1.65B,12.03%,$13.72B,$2.50B,18.21%,$13.72B,$1.38B,10.09%,$13.72B,$1.00B,7.28%,$1.00B,$7.27B,14.14%,$1.00B,$-4.29B,-21.70%,$1.00B,$19.56B,5.09%,$1.65B,$12.97B,12.41%,$3337,$1819,$1517,$0,$1137,$2986,$351,$-65,$286,$91,$195,$195,$191,$568,$351,$301,307,$0.64,$0.62,$300,$1367,$345,$4703,$2889,$0,$11558,$414,$14860,$19563,$3904,$5697,$1893,$8386,$12290,$346,$4807,$-373,$7273,$19563,$195,$217,$-12,$205,$38,$-55,$-70,$-103,$-189,$214,$-150,$0,$-25,$0,$0,$0,$1,$-174,$-101,$398,$296,$-219,$-219,$-86,$-65,$-73,$-39,$23,$-86
19,2013-12-31,98.97,$24.61,4.02,$43.42,2.28,$5.14,19.26,$3.15,31.42,$4.70B,$3.49B,1.35,$6.04B,$7.41B,0.82,$13.25B,$6.09B,45.96%,$13.25B,$1.56B,11.78%,$13.25B,$1.56B,11.78%,$13.25B,$2.38B,17.93%,$13.25B,$1.30B,9.79%,$13.25B,$0.97B,7.30%,$0.97B,$7.41B,14.22%,$0.97B,$-4.24B,-21.72%,$0.97B,$19.64B,5.08%,$1.56B,$13.45B,11.97%,$3560,$1945,$1614,$0,$1124,$3089,$471,$-68,$403,$113,$290,$290,$287,$685,$471,$300,305,$0.96,$0.94,$339,$1322,$306,$4698,$2882,$0,$11648,$408,$14938,$19637,$3489,$6044,$1899,$8738,$12227,$345,$4699,$-305,$7409,$19637,$974,$816,$-50,$766,$-147,$-31,$51,$-69,$-197,$1560,$-644,$0,$-1446,$0,$0,$0,$3,$-2088,$389,$-278,$111,$-211,$-211,$-218,$26,$-293,$-819,$70,$-218
20,2013-09-30,93.49,$22.72,4.11,$41.94,2.23,$4.18,22.35,$2.99,31.27,$4.80B,$3.20B,1.5,$6.54B,$6.85B,0.96,$12.74B,$5.98B,46.92%,$12.74B,$1.49B,11.66%,$12.74B,$1.49B,11.66%,$12.74B,$2.27B,17.81%,$12.74B,$1.23B,9.64%,$12.74B,$0.91B,7.16%,$0.91B,$6.85B,14.04%,$0.91B,$-4.82B,-20.98%,$0.91B,$19.61B,4.92%,$1.49B,$13.38B,11.74%,$3484,$1866,$1618,$0,$1114,$3008,$476,$-67,$409,$102,$307,$307,$308,$688,$476,$301,307,$1.02,$1.00,$394,$1378,$338,$4796,$2786,$0,$11664,$368,$14818,$19614,$3201,$6537,$1787,$9567,$12768,$345,$4495,$-700,$6846,$19614,$684,$602,$-28,$574,$-70,$-92,$-41,$-139,$-342,$929,$-440,$0,$-1450,$0,$0,$0,$2,$-1887,$562,$-91,$472,$-151,$-151,$-144,$17,$194,$-763,$54,$-144
21,2013-06-30,80.45,$22.36,3.6,$40.72,1.98,$3.66,22.01,$2.79,28.84,$4.70B,$3.25B,1.45,$6.64B,$6.74B,0.99,$12.28B,$5.77B,46.97%,$12.28B,$1.41B,11.49%,$12.28B,$1.41B,11.49%,$12.28B,$2.16B,17.59%,$12.28B,$1.16B,9.41%,$12.28B,$0.84B,6.86%,$0.84B,$6.74B,13.39%,$0.84B,$-5.07B,-20.36%,$0.84B,$19.65B,4.73%,$1.41B,$13.37B,11.60%,$3338,$1810,$1528,$0,$1102,$2986,$352,$-66,$286,$70,$216,$216,$213,$557,$352,$302,307,$0.71,$0.69,$375,$1373,$310,$4698,$2779,$0,$11807,$370,$14956,$19654,$3246,$6635,$1803,$9670,$12916,$344,$4256,$-582,$6739,$19654,$377,$390,$-6,$384,$5,$-73,$-59,$-249,$-375,$393,$-279,$0,$-1452,$0,$0,$0,$2,$-1729,$664,$68,$732,$-120,$-120,$-72,$18,$558,$-783,$40,$-72
22,2013-03-31,75.51,$21.06,3.59,$39.78,1.9,$3.14,24.05,$2.72,27.76,$4.60B,$2.68B,1.72,$5.74B,$6.23B,0.92,$11.90B,$5.59B,46.97%,$11.90B,$1.39B,11.64%,$11.90B,$1.39B,11.64%,$11.90B,$2.11B,17.71%,$11.90B,$1.13B,9.52%,$11.90B,$0.81B,6.84%,$0.81B,$6.23B,13.50%,$0.81B,$-3.70B,-20.69%,$0.81B,$17.30B,4.78%,$1.39B,$11.97B,12.08%,$2872,$1540,$1332,$0,$1021,$2610,$262,$-62,$200,$39,$161,$161,$160,$447,$262,$295,301,$0.54,$0.53,$824,$1145,$250,$4603,$2416,$0,$9931,$346,$12693,$17296,$2684,$5737,$1423,$8380,$11064,$344,$4112,$-509,$6233,$17296,$161,$185,$13,$198,$30,$-54,$-38,$-116,$-178,$186,$-135,$0,$-91,$0,$0,$0,$5,$-221,$-2,$-310,$-312,$10,$10,$-5,$13,$-294,$-334,$21,$-5
23,2012-12-31,67.51,$20.90,3.23,$39.67,1.7,$2.92,23.16,$2.36,28.61,$4.89B,$3.05B,1.6,$5.74B,$6.16B,0.93,$11.84B,$5.45B,46.07%,$11.84B,$1.29B,10.89%,$11.84B,$1.29B,10.89%,$11.84B,$2.00B,16.93%,$11.84B,$1.01B,8.56%,$11.84B,$0.70B,5.95%,$0.70B,$6.16B,11.89%,$0.70B,$-3.80B,-17.16%,$0.70B,$17.57B,4.16%,$1.29B,$11.90B,11.56%,$3046,$1546,$1500,$0,$1069,$2650,$396,$-63,$333,$99,$235,$235,$231,$577,$396,$293,299,$0.80,$0.76,$1158,$1088,$216,$4892,$2409,$0,$9965,$307,$12680,$17572,$3053,$5736,$1403,$8360,$11412,$342,$4021,$-460,$6160,$17572,$701,$715,$-151,$564,$-190,$-2,$79,$45,$-68,$1203,$-592,$0,$88,$0,$0,$0,$16,$-488,$-694,$-387,$-1081,$-46,$-46,$-307,$40,$-1394,$-686,$66,$-307
24,2012-09-30,60.66,$20.57,2.95,$37.10,1.63,$2.20,27.54,$1.93,31.43,$4.07B,$2.82B,1.45,$5.39B,$6.03B,0.89,$10.64B,$4.83B,45.43%,$10.64B,$1.06B,9.94%,$10.64B,$1.06B,9.94%,$10.64B,$1.70B,16.00%,$10.64B,$0.81B,7.61%,$10.64B,$0.56B,5.28%,$0.56B,$6.03B,9.66%,$0.56B,$-3.97B,-13.22%,$0.56B,$16.72B,3.29%,$1.06B,$11.41B,9.38%,$3023,$1616,$1407,$0,$978,$2622,$401,$-64,$337,$98,$239,$239,$238,$579,$401,$293,299,$0.81,$0.80,$324,$1104,$260,$4073,$2334,$0,$9997,$319,$12650,$16723,$2819,$5387,$1494,$7878,$10697,$340,$3857,$-354,$6026,$16723,$467,$534,$-79,$454,$-175,$-27,$47,$-42,$-197,$721,$-402,$0,$-29,$0,$0,$0,$16,$-415,$-1191,$-390,$-1581,$-79,$-79,$-181,$25,$-1816,$-1520,$51,$-181
25,2012-06-30,63.94,$19.49,3.28,$34.33,1.86,$2.40,26.64,$1.78,35.92,$3.91B,$3.45B,1.13,$4.88B,$5.70B,0.86,$9.35B,$4.28B,45.81%,$9.35B,$0.90B,9.58%,$9.35B,$0.90B,9.58%,$9.35B,$1.46B,15.61%,$9.35B,$0.70B,7.48%,$9.35B,$0.48B,5.11%,$0.48B,$5.70B,9.70%,$0.48B,$-4.26B,-15.32%,$0.48B,$16.47B,3.35%,$0.90B,$10.58B,9.73%,$2959,$1609,$1350,$0,$982,$2632,$327,$-64,$263,$79,$183,$183,$185,$505,$327,$292,298,$0.63,$0.62,$305,$1072,$266,$3909,$2285,$0,$9963,$309,$12557,$16465,$3451,$4879,$1439,$7313,$10763,$340,$3678,$-474,$5702,$16465,$228,$356,$-130,$226,$-73,$-4,$-21,$-151,$-248,$211,$-255,$0,$-27,$0,$0,$0,$1,$-280,$-1691,$426,$-1265,$-93,$-93,$-121,$24,$-1454,$-1539,$38,$-121
26,2012-03-31,57.42,$19.89,2.89,$31.61,1.82,$3.17,18.13,$1.69,33.97,$3.96B,$3.51B,1.13,$4.91B,$5.81B,0.85,$8.09B,$3.77B,46.62%,$8.09B,$0.77B,9.49%,$8.09B,$0.77B,9.49%,$8.09B,$1.25B,15.45%,$8.09B,$0.62B,7.68%,$8.09B,$0.42B,5.18%,$0.42B,$5.81B,10.25%,$0.42B,$-4.38B,-21.45%,$0.42B,$16.86B,3.65%,$0.77B,$10.72B,10.49%,$2811,$1614,$1197,$0,$990,$2645,$166,$-86,$80,$36,$44,$44,$50,$343,$166,$292,298,$0.17,$0.17,$354,$1087,$286,$3960,$2332,$0,$10185,$386,$12902,$16862,$3507,$4911,$1474,$7550,$11057,$338,$3551,$-250,$5805,$16862,$44,$177,$13,$191,$31,$19,$-24,$-152,$-127,$111,$-126,$0,$-12,$0,$0,$0,$1,$-137,$-1690,$320,$-1370,$-46,$-46,$-61,$7,$-1470,$-1490,$21,$-61
27,2011-12-31,53.6,$19.66,2.73,$28.61,1.87,$3.15,17.0,$1.92,27.92,$5.40B,$3.17B,1.7,$6.61B,$5.74B,1.15,$6.80B,$3.32B,48.88%,$6.80B,$0.75B,11.09%,$6.80B,$0.75B,11.09%,$6.80B,$1.15B,16.92%,$6.80B,$0.68B,9.99%,$6.80B,$0.46B,6.81%,$0.46B,$5.74B,14.50%,$0.46B,$-4.39B,-59.32%,$0.46B,$18.19B,5.39%,$0.75B,$12.35B,14.05%,$1845,$967,$879,$0,$652,$1681,$164,$-34,$130,$41,$89,$89,$89,$275,$164,$237,242,$0.34,$0.33,$1844,$1070,$224,$5396,$2295,$0,$10131,$363,$12789,$18185,$3166,$6613,$1491,$9277,$12444,$336,$3560,$-345,$5741,$18185,$463,$396,$44,$440,$-106,$-36,$61,$-145,$-226,$686,$-363,$0,$-1633,$0,$0,$0,$-28,$-2024,$2818,$907,$3725,$-601,$-601,$-163,$-28,$2934,$1601,$40,$-163
28,2011-09-30,45.16,$10.65,4.24,$27.62,1.64,$4.58,9.86,$2.14,21.1,$2.09B,$1.62B,1.29,$0.70B,$2.47B,0.28,$6.53B,$3.24B,49.56%,$6.53B,$0.79B,12.16%,$6.53B,$0.79B,12.16%,$6.53B,$1.17B,17.87%,$6.53B,$0.74B,11.30%,$6.53B,$0.51B,7.73%,$0.51B,$2.47B,22.05%,$0.51B,$0.55B,112.98%,$0.51B,$5.51B,9.60%,$0.79B,$3.17B,26.68%,$1736,$878,$858,$0,$595,$1497,$240,$-13,$226,$72,$155,$155,$154,$337,$240,$232,236,$0.67,$0.65,$207,$505,$149,$2091,$1218,$0,$1923,$274,$3415,$5506,$1618,$700,$222,$1417,$3035,$335,$3531,$-161,$2471,$5506,$375,$285,$-4,$281,$-74,$-28,$47,$-65,$-120,$541,$-242,$0,$-282,$0,$0,$0,$-28,$-552,$-156,$297,$141,$-62,$-62,$-122,$1,$-43,$-35,$28,$-122
29,2011-06-30,51.91,$10.10,5.14,$26.85,1.93,$5.10,10.18,$2.23,23.28,$1.99B,$1.64B,1.22,$0.70B,$2.34B,0.3,$6.36B,$3.18B,49.99%,$6.36B,$0.80B,12.57%,$6.36B,$0.80B,12.57%,$6.36B,$1.16B,18.21%,$6.36B,$0.74B,11.68%,$6.36B,$0.53B,8.26%,$0.53B,$2.34B,24.26%,$0.53B,$0.41B,131.00%,$0.53B,$5.41B,10.29%,$0.80B,$3.05B,28.16%,$1699,$861,$838,$0,$610,$1501,$198,$-13,$185,$59,$126,$126,$126,$295,$198,$232,236,$0.54,$0.53,$163,$496,$136,$1994,$1213,$0,$1933,$267,$3413,$5407,$1640,$703,$228,$1425,$3065,$335,$3418,$-160,$2342,$5407,$220,$188,$-26,$162,$-34,$-17,$34,$-67,$-84,$302,$-155,$0,$-281,$0,$0,$0,$-28,$-464,$-154,$362,$209,$-72,$-72,$-81,$8,$64,$-79,$21,$-81
30,2011-03-31,46.82,$9.56,4.9,$26.06,1.8,$5.40,8.67,$2.25,20.81,$1.89B,$1.65B,1.15,$0.68B,$2.22B,0.31,$6.18B,$3.11B,50.34%,$6.18B,$0.81B,13.03%,$6.18B,$0.81B,13.03%,$6.18B,$1.16B,18.75%,$6.18B,$0.75B,12.08%,$6.18B,$0.53B,8.55%,$0.53B,$2.22B,25.83%,$0.53B,$0.31B,140.24%,$0.53B,$5.26B,10.74%,$0.81B,$2.90B,29.81%,$1518,$770,$748,$0,$582,$1367,$152,$-14,$138,$44,$94,$94,$94,$243,$152,$232,236,$0.40,$0.40,$151,$480,$133,$1889,$1193,$0,$1905,$276,$3373,$5262,$1650,$684,$225,$1397,$3048,$334,$3332,$-205,$2215,$5262,$94,$91,$-70,$21,$10,$-10,$1,$-62,$-61,$56,$-72,$0,$-278,$0,$0,$0,$-28,$-378,$-152,$466,$314,$-56,$-56,$-41,$2,$219,$-91,$11,$-41
31,2010-12-31,46.1,$9.17,5.03,$25.62,1.8,$5.79,7.96,$2.25,20.49,$1.87B,$1.33B,1.41,$0.66B,$2.13B,0.31,$6.09B,$3.08B,50.51%,$6.09B,$0.81B,13.25%,$6.09B,$0.81B,13.25%,$6.09B,$1.16B,18.97%,$6.09B,$0.75B,12.27%,$6.09B,$0.53B,8.70%,$0.53B,$2.13B,27.07%,$0.53B,$0.52B,148.56%,$0.53B,$4.87B,11.06%,$0.81B,$2.79B,30.89%,$1576,$784,$792,$0,$580,$1372,$204,$-14,$189,$58,$132,$132,$131,$292,$204,$233,238,$0.56,$0.55,$242,$448,$102,$1870,$1148,$0,$1612,$242,$3002,$4872,$1325,$656,$192,$1414,$2739,$333,$3279,$-272,$2133,$4872,$531,$348,$25,$373,$-39,$19,$7,$58,$44,$950,$-295,$0,$-27,$0,$0,$0,$19,$-304,$-7,$-67,$-74,$-260,$-260,$-146,$17,$-462,$169,$29,$-146
32,2010-09-30,46.23,$8.49,5.45,$25.51,1.81,$4.74,9.76,$2.17,21.31,$1.86B,$1.44B,1.29,$0.65B,$1.97B,0.33,$6.08B,$3.07B,50.45%,$6.08B,$0.80B,13.14%,$6.08B,$0.80B,13.14%,$6.08B,$1.14B,18.82%,$6.08B,$0.74B,12.16%,$6.08B,$0.52B,8.47%,$0.52B,$1.97B,26.72%,$0.52B,$0.36B,173.25%,$0.52B,$4.86B,10.66%,$0.80B,$2.62B,30.33%,$1562,$763,$799,$0,$559,$1317,$245,$-15,$230,$56,$174,$174,$174,$327,$245,$233,237,$0.75,$0.74,$168,$457,$131,$1855,$1137,$0,$1605,$265,$3007,$4862,$1439,$647,$230,$1455,$2894,$333,$3188,$-320,$1968,$4862,$400,$260,$59,$318,$-75,$2,$9,$-19,$-83,$638,$-215,$0,$-24,$0,$0,$0,$-1,$-240,$-6,$90,$84,$-273,$-273,$-110,$13,$-286,$95,$21,$-110
33,2010-06-30,40.8,$7.97,5.12,$25.34,1.61,$4.35,9.38,$2.03,20.1,$1.74B,$1.34B,1.3,$0.64B,$1.86B,0.34,$6.06B,$3.05B,50.32%,$6.06B,$0.78B,12.82%,$6.06B,$0.78B,12.82%,$6.06B,$1.12B,18.54%,$6.06B,$0.72B,11.83%,$6.06B,$0.49B,8.02%,$0.49B,$1.86B,25.21%,$0.49B,$0.31B,174.51%,$0.49B,$4.66B,10.00%,$0.78B,$2.50B,28.93%,$1520,$750,$770,$0,$565,$1316,$204,$-15,$189,$60,$130,$130,$129,$296,$204,$233,237,$0.55,$0.54,$121,$441,$138,$1735,$1124,$0,$1550,$255,$2929,$4664,$1340,$637,$259,$1462,$2802,$331,$3050,$-381,$1862,$4664,$225,$178,$39,$217,$-27,$12,$-9,$-60,$-84,$365,$-145,$0,$9,$0,$0,$0,$1,$-135,$-3,$73,$70,$-167,$-167,$-73,$7,$-164,$48,$14,$-73
34,2010-03-31,39.79,$7.99,4.98,$24.96,1.59,$4.16,9.57,$1.89,21.05,$1.72B,$1.37B,1.25,$0.68B,$1.87B,0.36,$5.99B,$3.00B,50.08%,$5.99B,$0.74B,12.33%,$5.99B,$0.74B,12.33%,$5.99B,$1.08B,18.01%,$5.99B,$0.68B,11.33%,$5.99B,$0.46B,7.62%,$0.46B,$1.87B,23.81%,$0.46B,$0.23B,194.46%,$0.46B,$4.77B,9.26%,$0.74B,$2.55B,27.09%,$1432,$717,$715,$0,$558,$1278,$154,$-15,$139,$43,$96,$96,$96,$240,$154,$235,239,$0.41,$0.40,$85,$469,$128,$1718,$1142,$0,$1638,$271,$3051,$4769,$1370,$678,$272,$1531,$2901,$330,$2957,$-308,$1869,$4769,$96,$86,$20,$106,$19,$5,$-31,$-64,$-71,$135,$-59,$0,$1,$0,$0,$0,$0,$-58,$-1,$113,$111,$-131,$-131,$-37,$3,$-54,$12,$4,$-37
35,2009-12-31,40.22,$8.49,4.73,$24.63,1.63,$3.70,10.86,$1.73,23.25,$1.81B,$1.25B,1.45,$0.87B,$2.01B,0.43,$5.90B,$2.92B,49.52%,$5.90B,$0.68B,11.56%,$5.90B,$0.68B,11.56%,$5.90B,$1.02B,17.22%,$5.90B,$0.62B,10.52%,$5.90B,$0.42B,7.07%,$0.42B,$2.01B,22.59%,$0.42B,$0.28B,231.35%,$0.42B,$5.02B,8.49%,$0.68B,$2.88B,25.39%,$1565,$781,$783,$0,$577,$1369,$196,$-15,$181,$64,$116,$116,$116,$282,$196,$237,240,$0.49,$0.49,$74,$493,$147,$1814,$1176,$0,$1727,$304,$3207,$5021,$1250,$869,$289,$1761,$3011,$330,$2898,$-233,$2010,$5021,$419,$334,$-39,$295,$45,$13,$-25,$-65,$-32,$695,$-286,$0,$-14,$0,$0,$0,$0,$-299,$-6,$-244,$-250,$-22,$-22,$-133,$8,$-398,$7,$37,$-133
36,2009-09-30,41.56,$8.29,5.01,$24.06,1.73,$3.58,11.6,$1.58,26.31,$1.82B,$1.29B,1.41,$0.85B,$1.97B,0.43,$5.82B,$2.85B,49.01%,$5.82B,$0.63B,10.76%,$5.82B,$0.63B,10.76%,$5.82B,$0.96B,16.41%,$5.82B,$0.57B,9.71%,$5.82B,$0.38B,6.55%,$0.38B,$1.97B,21.92%,$0.38B,$0.29B,360.28%,$0.38B,$4.99B,7.86%,$0.63B,$2.82B,24.45%,$1546,$764,$783,$0,$554,$1323,$223,$-15,$208,$63,$145,$145,$145,$307,$223,$237,241,$0.61,$0.60,$108,$475,$127,$1816,$1149,$0,$1682,$342,$3173,$4989,$1293,$850,$274,$1726,$3019,$330,$2819,$-225,$1970,$4989,$302,$249,$-17,$231,$23,$22,$-13,$-42,$-10,$532,$-196,$0,$-6,$0,$0,$0,$0,$-202,$-5,$-220,$-225,$26,$26,$-100,$6,$-293,$41,$23,$-100
37,2009-06-30,34.94,$7.66,4.56,$24.09,1.45,$3.11,11.24,$1.48,23.61,$1.75B,$1.34B,1.31,$0.84B,$1.81B,0.47,$5.90B,$2.86B,48.50%,$5.90B,$0.60B,10.24%,$5.90B,$0.60B,10.24%,$5.90B,$0.94B,15.85%,$5.90B,$0.54B,9.19%,$5.90B,$0.36B,6.14%,$0.36B,$1.81B,20.07%,$0.36B,$0.14B,233.55%,$0.36B,$4.93B,7.42%,$0.60B,$2.66B,22.97%,$1442,$725,$716,$0,$526,$1277,$165,$-15,$150,$50,$100,$100,$99,$250,$165,$237,240,$0.42,$0.41,$83,$477,$122,$1750,$1143,$0,$1676,$360,$3178,$4928,$1340,$843,$268,$1776,$3116,$328,$2707,$-244,$1812,$4928,$157,$165,$29,$194,$54,$16,$-33,$-95,$-58,$299,$-124,$0,$-5,$0,$0,$0,$0,$-129,$-4,$-100,$-103,$12,$12,$-66,$1,$-157,$16,$15,$-66
38,2009-03-31,31.01,$6.74,4.6,$24.32,1.28,$2.95,10.5,$1.62,19.14,$1.68B,$1.42B,1.18,$0.80B,$1.59B,0.5,$6.03B,$2.92B,48.38%,$6.03B,$0.65B,10.78%,$6.03B,$0.65B,10.78%,$6.03B,$0.98B,16.28%,$6.03B,$0.59B,9.74%,$6.03B,$0.40B,6.67%,$0.40B,$1.59B,21.15%,$0.40B,$0.01B,185.25%,$0.40B,$4.70B,8.07%,$0.65B,$2.39B,23.77%,$1348,$708,$640,$0,$516,$1251,$98,$-16,$82,$24,$58,$58,$57,$178,$98,$236,238,$0.24,$0.24,$80,$468,$130,$1683,$1114,$0,$1578,$328,$3021,$4704,$1421,$798,$256,$1690,$3112,$328,$2641,$-380,$1592,$4704,$58,$80,$2,$83,$45,$-6,$-48,$-106,$-115,$27,$-59,$0,$-5,$0,$0,$0,$0,$-63,$-2,$82,$80,$2,$2,$-33,$0,$49,$13,$8,$-33
39,2008-12-31,31.24,$6.69,4.67,$24.45,1.28,$3.26,9.57,$1.79,17.45,$1.69B,$1.44B,1.17,$0.80B,$1.58B,0.51,$6.14B,$3.00B,48.82%,$6.14B,$0.71B,11.62%,$6.14B,$0.71B,11.62%,$6.14B,$1.05B,17.09%,$6.14B,$0.65B,10.61%,$6.14B,$0.45B,7.30%,$0.45B,$1.58B,22.21%,$0.45B,$-0.02B,162.03%,$0.45B,$4.76B,8.76%,$0.71B,$2.38B,24.86%,$1483,$770,$713,$0,$541,$1343,$140,$-16,$125,$44,$80,$80,$80,$220,$140,$245,249,$0.34,$0.34,$67,$467,$92,$1691,$1135,$0,$1594,$336,$3066,$4757,$1442,$799,$257,$1736,$3178,$328,$2617,$-359,$1579,$4757,$448,$335,$62,$397,$-90,$-58,$30,$20,$-97,$753,$-358,$0,$-202,$0,$0,$0,$-21,$-581,$254,$-68,$186,$-301,$-301,$-129,$8,$-236,$-71,$34,$-129
40,2008-09-30,42.95,$9.01,4.77,$24.22,1.77,$3.44,12.48,$1.91,22.49,$1.89B,$1.34B,1.42,$0.86B,$2.23B,0.39,$6.09B,$3.01B,49.33%,$6.09B,$0.75B,12.29%,$6.09B,$0.75B,12.29%,$6.09B,$1.08B,17.74%,$6.09B,$0.69B,11.31%,$6.09B,$0.48B,7.89%,$0.48B,$2.23B,22.83%,$0.48B,$0.49B,132.78%,$0.48B,$5.11B,9.42%,$0.75B,$3.09B,25.77%,$1626,$834,$792,$0,$579,$1425,$201,$-16,$185,$60,$126,$126,$126,$287,$201,$248,252,$0.51,$0.50,$102,$500,$100,$1894,$1161,$0,$1748,$311,$3220,$5114,$1338,$859,$278,$1543,$2881,$328,$2570,$46,$2233,$5114,$368,$255,$21,$276,$-129,$-49,$41,$-9,$-145,$496,$-264,$0,$-202,$0,$0,$0,$-21,$-487,$254,$-229,$25,$15,$15,$-96,$8,$-49,$-35,$22,$-96
41,2008-06-30,37.96,$8.89,4.27,$23.42,1.62,$3.69,10.3,$1.87,20.3,$1.99B,$1.56B,1.28,$0.88B,$2.20B,0.4,$5.88B,$2.94B,49.94%,$5.88B,$0.72B,12.24%,$5.88B,$0.72B,12.24%,$5.88B,$1.04B,17.67%,$5.88B,$0.66B,11.27%,$5.88B,$0.47B,7.97%,$0.47B,$2.20B,23.76%,$0.47B,$0.38B,139.07%,$0.47B,$5.36B,9.58%,$0.72B,$3.08B,26.65%,$1570,$799,$771,$0,$580,$1360,$211,$-15,$195,$56,$139,$139,$139,$296,$211,$247,251,$0.56,$0.55,$222,$499,$93,$1993,$1157,$0,$1814,$391,$3363,$5356,$1562,$876,$275,$1595,$3157,$327,$2476,$127,$2199,$5356,$242,$170,$5,$175,$-73,$-31,$35,$-44,$-113,$311,$-166,$0,$-200,$0,$0,$0,$-21,$-387,$245,$-32,$213,$2,$2,$-64,$4,$154,$85,$15,$-64
42,2008-03-31,38.24,$8.33,4.59,$22.61,1.69,$3.76,10.16,$1.76,21.73,$1.89B,$1.60B,1.18,$0.87B,$2.06B,0.42,$5.67B,$2.86B,50.40%,$5.67B,$0.68B,12.02%,$5.67B,$0.68B,12.02%,$5.67B,$0.99B,17.42%,$5.67B,$0.63B,11.07%,$5.67B,$0.44B,7.76%,$0.44B,$2.06B,24.16%,$0.44B,$0.25B,139.57%,$0.44B,$5.23B,9.59%,$0.68B,$2.92B,27.60%,$1458,$738,$720,$0,$557,$1297,$161,$-15,$146,$43,$103,$103,$103,$246,$161,$247,252,$0.42,$0.41,$220,$476,$89,$1891,$1132,$0,$1808,$404,$3343,$5234,$1604,$865,$276,$1571,$3175,$327,$2369,$108,$2059,$5234,$103,$85,$10,$95,$-30,$-15,$27,$-45,$-63,$137,$-92,$0,$-197,$0,$0,$0,$-21,$-310,$247,$37,$284,$-3,$-3,$-32,$3,$253,$82,$8,$-32
43,2007-12-31,44.96,$7.84,5.73,$21.74,2.07,$3.66,12.29,$1.70,26.45,$1.72B,$1.52B,1.13,$0.60B,$1.94B,0.31,$5.47B,$2.78B,50.78%,$5.47B,$0.67B,12.23%,$5.47B,$0.67B,12.23%,$5.47B,$0.96B,17.57%,$5.47B,$0.62B,11.32%,$5.47B,$0.43B,7.81%,$0.43B,$1.94B,25.01%,$0.43B,$0.33B,126.99%,$0.43B,$4.72B,9.98%,$0.67B,$2.54B,29.34%,$1440,$716,$723,$0,$556,$1264,$176,$-13,$163,$48,$115,$115,$113,$252,$176,$247,252,$0.46,$0.45,$137,$451,$66,$1717,$1083,$0,$1608,$314,$3006,$4723,$1518,$600,$250,$1269,$2787,$327,$2298,$63,$1936,$4723,$429,$292,$49,$341,$-34,$-19,$-10,$85,$21,$798,$-354,$0,$-310,$0,$0,$0,$0,$-664,$-394,$280,$-114,$-275,$-275,$-114,$21,$-482,$-347,$38,$-114
44,2007-09-30,41.33,$6.93,5.97,$20.97,1.97,$3.19,12.96,$1.59,25.99,$1.61B,$1.32B,1.21,$0.57B,$1.70B,0.34,$5.30B,$2.70B,50.85%,$5.30B,$0.64B,12.06%,$5.30B,$0.64B,12.06%,$5.30B,$0.92B,17.38%,$5.30B,$0.59B,11.13%,$5.30B,$0.40B,7.57%,$0.40B,$1.70B,24.41%,$0.40B,$0.39B,111.62%,$0.40B,$4.26B,9.54%,$0.64B,$2.27B,28.98%,$1413,$690,$723,$0,$524,$1242,$172,$-13,$159,$45,$114,$114,$114,$245,$172,$245,250,$0.46,$0.46,$107,$396,$62,$1605,$1020,$0,$1316,$322,$2658,$4263,$1322,$570,$229,$1240,$2562,$325,$2217,$-42,$1701,$4263,$314,$216,$6,$222,$-85,$-21,$-19,$131,$6,$544,$-252,$0,$-51,$0,$0,$0,$0,$-303,$-394,$150,$-244,$-302,$-302,$-86,$13,$-618,$-377,$25,$-86
45,2007-06-30,37.29,$6.48,5.75,$20.29,1.84,$2.76,13.52,$1.56,23.9,$1.54B,$1.29B,1.2,$0.56B,$1.59B,0.36,$5.17B,$2.63B,50.81%,$5.17B,$0.65B,12.54%,$5.17B,$0.65B,12.54%,$5.17B,$0.93B,17.92%,$5.17B,$0.60B,11.63%,$5.17B,$0.40B,7.68%,$0.40B,$1.59B,23.94%,$0.40B,$0.30B,101.15%,$0.40B,$4.14B,9.59%,$0.65B,$2.15B,29.27%,$1362,$670,$693,$0,$520,$1189,$173,$-13,$160,$49,$110,$110,$110,$245,$173,$246,251,$0.45,$0.44,$72,$388,$69,$1540,$988,$0,$1293,$320,$2601,$4140,$1288,$564,$262,$1263,$2551,$324,$2131,$-59,$1590,$4140,$200,$143,$5,$147,$-54,$-24,$-3,$42,$-39,$307,$-143,$0,$-24,$0,$0,$0,$0,$-167,$-393,$183,$-210,$-294,$-294,$-58,$9,$-553,$-412,$17,$-58
46,2007-03-31,37.45,$6.46,5.8,$19.63,1.91,$2.27,16.52,$1.48,25.31,$1.46B,$1.15B,1.27,$0.56B,$1.60B,0.35,$5.03B,$2.55B,50.70%,$5.03B,$0.63B,12.49%,$5.03B,$0.63B,12.49%,$5.03B,$0.90B,17.93%,$5.03B,$0.58B,11.59%,$5.03B,$0.38B,7.55%,$0.38B,$1.60B,22.55%,$0.38B,$0.34B,84.73%,$0.38B,$3.99B,9.31%,$0.63B,$2.16B,28.08%,$1254,$616,$639,$0,$490,$1106,$148,$-12,$137,$47,$90,$90,$90,$219,$148,$250,255,$0.36,$0.35,$54,$369,$74,$1457,$956,$0,$1266,$315,$2536,$3993,$1150,$557,$262,$1242,$2392,$324,$2049,$-89,$1601,$3993,$90,$70,$7,$77,$-19,$-3,$-20,$-39,$-81,$86,$-67,$0,$-11,$0,$0,$0,$0,$-77,$-391,$124,$-267,$-147,$-147,$-29,$4,$-439,$-430,$8,$-29
47,2006-12-31,39.26,$6.69,5.87,$19.04,2.06,$1.97,19.92,$1.43,27.46,$1.85B,$1.50B,1.23,$0.56B,$1.68B,0.33,$4.90B,$2.48B,50.65%,$4.90B,$0.61B,12.48%,$4.90B,$0.61B,12.48%,$4.90B,$0.88B,17.97%,$4.90B,$0.57B,11.58%,$4.90B,$0.37B,7.52%,$0.37B,$1.68B,21.56%,$0.37B,$0.42B,73.49%,$0.37B,$4.42B,9.15%,$0.61B,$2.24B,27.16%,$1271,$630,$641,$0,$495,$1125,$146,$-12,$134,$47,$87,$87,$87,$212,$146,$252,257,$0.34,$0.34,$484,$365,$50,$1854,$952,$0,$1260,$355,$2566,$4419,$1503,$557,$259,$1236,$2739,$323,$1983,$-97,$1680,$4419,$369,$269,$-2,$267,$-67,$-18,$45,$31,$-9,$628,$-295,$0,$-64,$125,$0,$125,$0,$-234,$310,$-48,$262,$-195,$-195,$-101,$18,$-16,$380,$36,$-101
