,Date,Stock Price,Book Value per Share,Price to Book Ratio,TTM Sales per Share,Price to Sales Ratio,TTM FCF per Share,Price to FCF Ratio,TTM Net EPS,PE Ratio,Current Assets,Current Liabilities,Current Ratio,Long Term Debt,Shareholder's Equity_x,Debt to Equity Ratio,TTM Revenue_x,TTM Gross Profit,Gross Margin,TTM Revenue_y,TTM Operating Income,Operating Margin,TTM Revenue_x,TTM EBIT,EBIT Margin,TTM Revenue_y,TTM EBITDA,EBITDA Margin,TTM Revenue_x,TTM Pre-Tax Income,Pre-Tax Margin,TTM Revenue_y,TTM Net Income_x,Net Margin,TTM Net Income_y,Shareholder's Equity_y,Return on Equity,TTM Net Income_x,Tangible Equity,Return on Tangible Equity,TTM Net Income_y,Total Assets,Return on Assets,TTM Net Income,LT Investments & Debt,Return on Investment,revenue,cost-goods-sold,gross-profit,research-development-expenses,selling-general-administrative-expenses,operating-expenses,operating-income,total-non-operating-income-expense,pre-tax-income,total-provision-income-taxes,income-after-taxes,income-from-continuous-operations,net-income,ebitda,ebit,basic-shares-outstanding,shares-outstanding,eps-basic-net-earnings-per-share,eps-earnings-per-share-diluted,cash-on-hand,inventory,other-current-assets,total-current-assets,net-property-plant-equipment,long-term-investments,goodwill-intangible-assets-total,other-long-term-assets,total-long-term-assets,total-assets,total-current-liabilities,long-term-debt,other-non-current-liabilities,total-long-term-liabilities,total-liabilities,common-stock-net,retained-earnings-accumulated-deficit,comprehensive-income,total-share-holder-equity,total-liabilities-share-holders-equity,net-income-loss,total-depreciation-amortization-cash-flow,other-non-cash-items,total-non-cash-items,change-in-accounts-receivable,change-in-inventories,change-in-accounts-payable,change-in-assets-liabilities,total-change-in-assets-liabilities,cash-flow-from-operating-activities,net-change-in-property-plant-equipment,net-change-in-intangible-assets,net-acquisitions-divestitures,net-change-in-short-term-investments,net-change-in-long-term-investments,net-change-in-investments-total,investing-activities-other,cash-flow-from-investing-activities,net-long-term-debt,net-current-debt,debt-issuance-retirement-net-total,net-common-equity-issued-repurchased,net-total-equity-issued-repurchased,total-common-preferred-stock-dividends-paid,financial-activities-other,cash-flow-from-financial-activities,net-cash-flow,stock-based-compensation,common-stock-dividends-paid
0,2018-09-30,73.75,$16.06,4.59,$24.64,2.99,$5.92,12.45,$3.03,24.34,$0.18B,$0.08B,2.23,$0.28B,$0.35B,0.78,$0.54B,$0.17B,31.73%,$0.54B,$0.07B,12.73%,$0.54B,$0.07B,12.73%,$0.54B,$0.11B,20.66%,$0.54B,$0.06B,11.25%,$0.54B,$0.07B,12.18%,$0.07B,$0.35B,19.58%,$0.07B,$-0.06B,-90.72%,$0.07B,$0.85B,8.05%,$0.07B,$0.63B,11.24%,$151,$104,$47,$0,$24,$131,$20,$-3,$17,$3,$13,$13,$13,$31,$20,$22,22,$0.61,$0.61,$26,$0,$0,$184,$247,$0,$413,$10,$669,$853,$82,$277,$77,$417,$499,$0,$180,$-8,$354,$853,$36,$32,$13,$45,$-28,$0,$0,$1,$-25,$55,$-25,$0,$-21,$0,$-1,$-1,$1,$-47,$0,$0,$0,$2,$2,$-12,$-1,$-10,$-2,$3,$-12
1,2018-06-30,63.52,$15.49,4.1,$23.90,2.66,$5.66,11.22,$2.80,22.69,$0.18B,$0.07B,2.45,$0.28B,$0.34B,0.81,$0.53B,$0.16B,31.05%,$0.53B,$0.06B,12.19%,$0.53B,$0.06B,12.19%,$0.53B,$0.11B,20.38%,$0.53B,$0.06B,10.86%,$0.53B,$0.06B,11.62%,$0.06B,$0.34B,18.91%,$0.06B,$-0.07B,-67.78%,$0.06B,$0.83B,7.55%,$0.06B,$0.62B,10.68%,$137,$95,$41,$0,$21,$117,$20,$-3,$17,$4,$13,$13,$13,$31,$20,$22,22,$0.60,$0.60,$53,$0,$0,$178,$232,$0,$405,$9,$647,$825,$72,$277,$77,$412,$484,$0,$170,$-10,$340,$825,$22,$21,$3,$24,$-2,$0,$0,$2,$1,$48,$-15,$0,$0,$0,$-0,$-0,$0,$-15,$0,$0,$0,$1,$1,$-8,$-1,$-7,$25,$2,$-8
2,2018-03-31,52.98,$15.06,3.52,$23.44,2.26,$4.76,11.12,$2.43,21.8,$0.15B,$0.06B,2.59,$0.28B,$0.33B,0.84,$0.51B,$0.16B,30.74%,$0.51B,$0.06B,11.67%,$0.51B,$0.06B,11.67%,$0.51B,$0.11B,21.01%,$0.51B,$0.05B,9.34%,$0.51B,$0.05B,10.31%,$0.05B,$0.33B,17.14%,$0.05B,$-0.08B,-49.07%,$0.05B,$0.80B,6.64%,$0.06B,$0.61B,10.23%,$120,$84,$36,$0,$22,$107,$13,$-1,$13,$4,$9,$9,$9,$24,$13,$22,22,$0.42,$0.42,$44,$0,$0,$150,$232,$0,$409,$10,$651,$801,$58,$277,$78,$413,$471,$0,$161,$-9,$330,$801,$9,$10,$2,$12,$15,$0,$0,$-0,$7,$29,$-8,$0,$0,$0,$-0,$-0,$0,$-8,$0,$0,$0,$1,$1,$-4,$-0,$-4,$17,$1,$-4
3,2017-12-31,50.52,$14.83,3.41,$23.02,2.19,$4.42,11.43,$2.25,22.45,$0.15B,$0.07B,2.23,$0.28B,$0.32B,0.86,$0.50B,$0.15B,30.56%,$0.50B,$0.06B,11.71%,$0.50B,$0.06B,11.71%,$0.50B,$0.11B,21.23%,$0.50B,$0.04B,8.53%,$0.50B,$0.05B,9.72%,$0.05B,$0.32B,16.46%,$0.05B,$-0.09B,-39.60%,$0.05B,$0.80B,6.19%,$0.06B,$0.60B,10.30%,$134,$86,$48,$0,$22,$117,$16,$-3,$14,$-17,$31,$31,$31,$26,$16,$22,22,$1.42,$1.40,$27,$0,$0,$147,$234,$0,$412,$9,$655,$802,$66,$277,$78,$412,$478,$0,$156,$-9,$324,$802,$49,$48,$-13,$35,$-14,$0,$0,$-1,$-3,$81,$-35,$0,$0,$0,$-2,$-2,$2,$-35,$-6,$-2,$-8,$1,$1,$-16,$-3,$-26,$20,$4,$-16
4,2017-09-30,53.12,$13.53,3.93,$22.29,2.38,$4.17,12.75,$1.20,44.27,$0.14B,$0.07B,2.0,$0.28B,$0.30B,0.94,$0.49B,$0.14B,29.16%,$0.49B,$0.06B,12.11%,$0.49B,$0.06B,12.11%,$0.49B,$0.11B,22.18%,$0.49B,$0.04B,8.42%,$0.49B,$0.03B,5.34%,$0.03B,$0.30B,9.07%,$0.03B,$-0.13B,-18.74%,$0.03B,$0.80B,3.31%,$0.06B,$0.57B,10.51%,$134,$96,$38,$0,$22,$119,$15,$-2,$13,$5,$8,$8,$8,$26,$15,$22,22,$0.38,$0.38,$9,$0,$0,$139,$231,$0,$424,$9,$663,$803,$70,$277,$79,$437,$507,$0,$129,$-10,$296,$803,$19,$38,$1,$39,$-20,$0,$0,$2,$-8,$49,$-25,$0,$0,$0,$-0,$-0,$0,$-25,$-6,$-2,$-8,$1,$1,$-12,$-3,$-22,$2,$3,$-12
5,2017-06-30,49.69,$13.16,3.78,$21.91,2.27,$4.65,10.69,$1.28,38.82,$0.13B,$0.07B,1.91,$0.28B,$0.29B,0.97,$0.48B,$0.14B,29.92%,$0.48B,$0.07B,13.60%,$0.48B,$0.07B,13.60%,$0.48B,$0.11B,23.85%,$0.48B,$0.04B,9.21%,$0.48B,$0.03B,5.86%,$0.03B,$0.29B,9.96%,$0.03B,$-0.14B,-19.28%,$0.03B,$0.79B,3.60%,$0.07B,$0.56B,11.71%,$126,$90,$36,$0,$20,$110,$16,$-8,$8,$3,$5,$5,$5,$32,$16,$22,22,$0.23,$0.23,$5,$0,$0,$126,$230,$0,$424,$9,$663,$789,$66,$277,$79,$436,$502,$0,$124,$-12,$287,$789,$10,$27,$0,$28,$-14,$0,$0,$1,$-7,$31,$-17,$0,$0,$0,$-0,$-0,$0,$-17,$-6,$-2,$-8,$1,$1,$-8,$-0,$-16,$-2,$2,$-8
6,2017-03-31,45.92,$13.00,3.53,$21.76,2.11,$5.15,8.91,$1.46,31.45,$0.11B,$0.06B,1.96,$0.27B,$0.28B,0.95,$0.47B,$0.14B,30.38%,$0.47B,$0.07B,13.92%,$0.47B,$0.07B,13.92%,$0.47B,$0.11B,23.00%,$0.47B,$0.05B,10.76%,$0.47B,$0.03B,6.75%,$0.03B,$0.28B,11.58%,$0.03B,$-0.14B,-21.05%,$0.03B,$0.77B,4.13%,$0.07B,$0.55B,11.98%,$110,$78,$32,$0,$20,$98,$12,$-4,$8,$3,$5,$5,$5,$23,$12,$22,22,$0.24,$0.24,$10,$0,$0,$114,$226,$0,$426,$7,$658,$772,$58,$270,$78,$430,$488,$0,$123,$-14,$284,$772,$5,$11,$1,$12,$3,$0,$0,$2,$4,$21,$-7,$0,$0,$0,$-0,$-0,$0,$-7,$-5,$-2,$-7,$0,$0,$-4,$-0,$-10,$3,$1,$-4
7,2016-12-31,48.0,$12.86,3.73,$21.93,2.19,$5.59,8.59,$1.57,30.57,$0.12B,$0.06B,1.84,$0.27B,$0.28B,0.98,$0.48B,$0.15B,30.82%,$0.48B,$0.07B,14.68%,$0.48B,$0.07B,14.68%,$0.48B,$0.11B,23.48%,$0.48B,$0.06B,11.53%,$0.48B,$0.04B,7.34%,$0.04B,$0.28B,12.93%,$0.04B,$-0.15B,-22.01%,$0.04B,$0.78B,4.52%,$0.07B,$0.55B,12.77%,$117,$81,$36,$0,$20,$101,$16,$-4,$12,$4,$8,$8,$8,$27,$16,$22,22,$0.35,$0.35,$7,$0,$0,$115,$226,$0,$428,$7,$661,$776,$63,$274,$78,$434,$496,$0,$122,$-15,$280,$776,$34,$42,$-2,$40,$11,$0,$0,$1,$1,$75,$-35,$0,$-7,$0,$-2,$-2,$2,$-42,$-18,$2,$-16,$0,$0,$-16,$-0,$-32,$1,$3,$-16
8,2016-09-30,43.61,$12.57,3.47,$22.91,1.9,$5.28,8.26,$1.57,27.78,$0.12B,$0.06B,1.89,$0.28B,$0.27B,1.0,$0.50B,$0.16B,31.12%,$0.50B,$0.08B,15.26%,$0.50B,$0.08B,15.26%,$0.50B,$0.12B,24.10%,$0.50B,$0.06B,11.45%,$0.50B,$0.04B,7.03%,$0.04B,$0.27B,13.22%,$0.04B,$-0.15B,-21.12%,$0.04B,$0.77B,4.53%,$0.08B,$0.55B,13.91%,$125,$85,$39,$0,$18,$104,$21,$-5,$16,$6,$10,$10,$10,$32,$21,$22,22,$0.47,$0.46,$6,$0,$0,$119,$219,$0,$428,$7,$654,$773,$63,$275,$82,$437,$500,$0,$118,$-16,$274,$773,$27,$31,$-3,$28,$9,$0,$0,$-2,$2,$56,$-22,$0,$-7,$0,$-1,$-1,$1,$-29,$-17,$2,$-15,$0,$0,$-12,$-0,$-27,$0,$2,$-12
9,2016-06-30,44.52,$12.27,3.63,$24.01,1.85,$5.16,8.63,$1.57,28.36,$0.12B,$0.07B,1.78,$0.28B,$0.27B,1.05,$0.52B,$0.16B,31.09%,$0.52B,$0.08B,14.78%,$0.52B,$0.08B,14.78%,$0.52B,$0.12B,23.42%,$0.52B,$0.06B,11.13%,$0.52B,$0.04B,6.72%,$0.04B,$0.27B,13.50%,$0.04B,$-0.16B,-20.14%,$0.04B,$0.78B,4.40%,$0.08B,$0.55B,13.72%,$122,$85,$37,$0,$20,$105,$17,$-2,$15,$6,$9,$9,$9,$27,$17,$22,22,$0.41,$0.41,$13,$0,$0,$124,$215,$0,$431,$7,$654,$778,$70,$280,$80,$441,$511,$0,$112,$-16,$267,$778,$16,$21,$-3,$18,$7,$0,$0,$0,$4,$39,$-14,$0,$-2,$0,$-1,$-1,$1,$-17,$-12,$4,$-8,$0,$0,$-8,$-0,$-15,$7,$2,$-8
10,2016-03-31,42.61,$12.03,3.54,$24.82,1.72,$5.48,7.77,$1.26,33.82,$0.12B,$0.07B,1.76,$0.28B,$0.26B,1.07,$0.54B,$0.17B,30.80%,$0.54B,$0.07B,13.36%,$0.54B,$0.07B,13.36%,$0.54B,$0.12B,22.26%,$0.54B,$0.05B,9.28%,$0.54B,$0.03B,5.19%,$0.03B,$0.26B,10.98%,$0.03B,$-0.17B,-14.72%,$0.03B,$0.77B,3.43%,$0.07B,$0.54B,12.49%,$113,$78,$35,$0,$19,$98,$16,$-4,$12,$5,$8,$8,$8,$26,$16,$22,22,$0.35,$0.35,$14,$0,$0,$117,$212,$0,$432,$7,$651,$768,$67,$281,$78,$440,$507,$0,$107,$-16,$262,$768,$8,$10,$-1,$9,$12,$0,$0,$-1,$13,$30,$-7,$0,$0,$0,$-0,$-0,$0,$-7,$-11,$0,$-11,$0,$0,$-4,$-0,$-15,$8,$1,$-4
11,2015-12-31,34.97,$11.78,2.97,$25.91,1.35,$5.05,6.93,$1.18,29.63,$0.12B,$0.07B,1.8,$0.29B,$0.26B,1.14,$0.56B,$0.17B,30.37%,$0.56B,$0.07B,12.61%,$0.56B,$0.07B,12.61%,$0.56B,$0.12B,21.49%,$0.56B,$0.05B,8.35%,$0.56B,$0.03B,4.62%,$0.03B,$0.26B,10.34%,$0.03B,$-0.18B,-12.46%,$0.03B,$0.77B,3.08%,$0.07B,$0.55B,11.93%,$138,$94,$44,$0,$22,$116,$22,$-8,$14,$6,$8,$8,$8,$35,$22,$22,22,$0.35,$0.35,$6,$0,$0,$123,$210,$0,$431,$7,$649,$772,$68,$291,$74,$447,$516,$0,$103,$-17,$256,$772,$26,$49,$11,$60,$2,$0,$0,$-4,$-14,$72,$-38,$0,$59,$0,$-2,$-2,$2,$20,$-95,$0,$-95,$2,$2,$-16,$0,$-108,$-17,$2,$-16
12,2015-09-30,41.73,$11.60,3.6,$26.81,1.56,$5.51,7.57,$1.23,33.92,$0.21B,$0.09B,2.22,$0.36B,$0.25B,1.41,$0.58B,$0.17B,29.73%,$0.58B,$0.07B,11.68%,$0.58B,$0.07B,11.68%,$0.58B,$0.12B,20.27%,$0.58B,$0.05B,8.08%,$0.58B,$0.03B,4.64%,$0.03B,$0.25B,10.79%,$0.03B,$-0.19B,-11.93%,$0.03B,$0.86B,3.07%,$0.07B,$0.61B,11.03%,$148,$102,$46,$0,$24,$126,$22,$-6,$17,$7,$10,$10,$10,$34,$22,$22,22,$0.46,$0.46,$9,$0,$79,$206,$204,$0,$438,$15,$658,$863,$93,$356,$74,$519,$611,$0,$100,$-16,$252,$863,$18,$36,$8,$44,$7,$0,$0,$-5,$-5,$57,$-25,$0,$0,$0,$-1,$-1,$1,$-25,$-35,$0,$-35,$2,$2,$-12,$0,$-45,$-14,$2,$-12
13,2015-06-30,46.39,$11.52,4.03,$27.86,1.66,$4.68,9.92,$1.38,33.62,$0.14B,$0.08B,1.74,$0.36B,$0.25B,1.43,$0.61B,$0.18B,29.59%,$0.61B,$0.07B,12.07%,$0.61B,$0.07B,12.07%,$0.61B,$0.12B,20.50%,$0.61B,$0.05B,8.60%,$0.61B,$0.03B,4.96%,$0.03B,$0.25B,12.01%,$0.03B,$-0.23B,-12.46%,$0.03B,$0.86B,3.36%,$0.07B,$0.61B,11.61%,$140,$98,$41,$0,$23,$128,$12,$-5,$7,$5,$2,$2,$2,$25,$12,$22,22,$0.10,$0.10,$13,$0,$0,$143,$225,$0,$480,$16,$720,$863,$82,$357,$72,$531,$613,$0,$94,$-11,$250,$863,$8,$25,$7,$32,$17,$0,$0,$-4,$10,$50,$-19,$0,$0,$0,$-1,$-1,$1,$-19,$-34,$0,$-34,$1,$1,$-8,$-0,$-41,$-10,$1,$-8
14,2015-03-31,47.41,$11.45,4.14,$24.49,1.94,$3.78,12.53,$1.60,29.63,$0.15B,$0.08B,1.82,$0.37B,$0.25B,1.49,$0.53B,$0.16B,30.70%,$0.53B,$0.07B,13.56%,$0.53B,$0.07B,13.56%,$0.53B,$0.12B,21.85%,$0.53B,$0.06B,10.55%,$0.53B,$0.04B,6.59%,$0.04B,$0.25B,14.13%,$0.04B,$-0.24B,-14.14%,$0.04B,$0.88B,3.88%,$0.07B,$0.62B,11.25%,$137,$97,$40,$0,$25,$122,$15,$-6,$9,$3,$6,$6,$6,$27,$15,$22,22,$0.27,$0.27,$10,$0,$0,$147,$222,$0,$492,$16,$731,$878,$81,$369,$74,$549,$630,$0,$95,$-13,$248,$878,$6,$12,$2,$14,$14,$0,$0,$-3,$2,$23,$-9,$0,$0,$0,$-1,$-1,$1,$-9,$-22,$0,$-22,$0,$0,$-4,$-0,$-26,$-13,$0,$-4
15,2014-12-31,37.9,$11.62,3.26,$20.66,1.83,$3.52,10.76,$1.76,21.53,$0.18B,$0.10B,1.76,$0.38B,$0.25B,1.51,$0.45B,$0.15B,32.44%,$0.45B,$0.07B,16.11%,$0.45B,$0.07B,16.11%,$0.45B,$0.11B,24.38%,$0.45B,$0.06B,13.87%,$0.45B,$0.04B,8.50%,$0.04B,$0.25B,15.53%,$0.04B,$-0.25B,-26.86%,$0.04B,$0.91B,5.01%,$0.07B,$0.63B,13.22%,$157,$111,$46,$0,$27,$138,$19,$-6,$14,$5,$9,$9,$9,$32,$19,$22,22,$0.40,$0.41,$23,$0,$0,$178,$228,$0,$496,$8,$732,$910,$101,$380,$72,$558,$659,$0,$93,$-8,$251,$910,$38,$36,$6,$42,$-4,$0,$0,$1,$-9,$71,$-28,$0,$-461,$1,$-1,$-0,$1,$-488,$-19,$0,$-19,$416,$416,$-16,$-14,$367,$-51,$1,$-16
16,2014-09-30,43.99,$11.55,3.81,$16.58,2.65,$3.05,14.41,$1.84,23.91,$0.19B,$0.10B,1.93,$0.41B,$0.25B,1.64,$0.35B,$0.12B,34.96%,$0.35B,$0.07B,19.48%,$0.35B,$0.07B,19.48%,$0.35B,$0.10B,27.79%,$0.35B,$0.06B,17.77%,$0.35B,$0.04B,10.89%,$0.04B,$0.25B,15.83%,$0.04B,$-0.24B,-102.70%,$0.04B,$0.92B,6.27%,$0.07B,$0.66B,15.29%,$171,$119,$52,$0,$26,$144,$27,$-5,$22,$8,$13,$13,$13,$40,$27,$22,22,$0.62,$0.61,$11,$0,$0,$185,$220,$0,$494,$18,$732,$917,$96,$409,$55,$571,$667,$0,$89,$-4,$250,$917,$30,$24,$4,$28,$-21,$0,$0,$-3,$-26,$31,$-18,$0,$-466,$0,$-0,$-0,$1,$-483,$413,$0,$413,$1,$1,$-12,$-14,$389,$-63,$1,$-12
17,2014-06-30,45.88,$11.21,4.09,$11.56,3.97,$3.33,13.76,$1.79,25.63,$0.17B,$0.09B,1.91,$0.41B,$0.24B,1.69,$0.23B,$0.09B,39.83%,$0.23B,$0.06B,24.68%,$0.23B,$0.06B,24.68%,$0.23B,$0.08B,33.33%,$0.23B,$0.06B,24.24%,$0.23B,$0.04B,15.15%,$0.04B,$0.24B,16.67%,$0.04B,$-0.26B,84.85%,$0.04B,$0.91B,8.06%,$0.06B,$0.65B,17.74%,$66,$41,$25,$0,$14,$55,$11,$0,$11,$4,$7,$7,$7,$17,$11,$22,22,$0.32,$0.32,$14,$0,$0,$167,$221,$0,$499,$18,$738,$905,$88,$410,$55,$575,$663,$0,$79,$-2,$242,$905,$16,$10,$3,$13,$5,$0,$0,$-3,$-9,$20,$-9,$0,$-466,$0,$-0,$-0,$0,$-475,$414,$0,$414,$1,$1,$-8,$-14,$394,$-60,$1,$-8
18,2014-03-31,34.65,$10.96,3.16,$10.99,3.15,$3.07,11.29,$1.86,18.63,$0.12B,$0.03B,3.98,$0.00B,$0.24B,0.0,$0.21B,$0.09B,40.76%,$0.21B,$0.06B,27.49%,$0.21B,$0.06B,27.49%,$0.21B,$0.08B,36.49%,$0.21B,$0.06B,26.54%,$0.21B,$0.04B,16.59%,$0.04B,$0.24B,19.44%,$0.04B,$0.18B,28.93%,$0.04B,$0.30B,13.30%,$0.06B,$0.24B,29.07%,$53,$31,$22,$0,$7,$38,$15,$-1,$15,$5,$9,$9,$9,$20,$15,$21,22,$0.44,$0.43,$78,$0,$0,$123,$116,$0,$56,$5,$177,$300,$31,$0,$20,$33,$64,$0,$76,$-3,$236,$300,$9,$5,$1,$6,$1,$0,$0,$-0,$-2,$13,$-5,$0,$0,$0,$-0,$-0,$0,$-5,$0,$0,$0,$0,$0,$-4,$-0,$-4,$4,$0,$-4
19,2013-12-31,34.46,$10.76,3.2,$10.85,3.18,$3.01,11.47,$1.72,20.04,$0.12B,$0.04B,3.3,$0.00B,$0.23B,0.0,$0.20B,$0.08B,39.30%,$0.20B,$0.05B,26.37%,$0.20B,$0.05B,26.37%,$0.20B,$0.07B,35.32%,$0.20B,$0.05B,24.88%,$0.20B,$0.03B,15.42%,$0.03B,$0.23B,20.60%,$0.03B,$0.17B,34.44%,$0.03B,$0.30B,12.74%,$0.05B,$0.23B,29.40%,$59,$36,$23,$0,$8,$44,$15,$-1,$14,$5,$9,$9,$9,$20,$15,$19,19,$0.48,$0.48,$74,$0,$0,$123,$115,$0,$59,$5,$178,$301,$37,$0,$17,$32,$69,$0,$71,$-2,$232,$301,$32,$18,$1,$19,$-10,$0,$0,$5,$-1,$50,$-21,$0,$0,$0,$-5,$-5,$5,$-21,$-45,$0,$-45,$99,$99,$-10,$-0,$44,$72,$1,$-10
20,2013-09-30,27.82,$7.02,3.97,$10.43,2.67,$2.56,10.89,$1.57,17.72,$0.05B,$0.03B,1.53,$0.04B,$0.13B,0.27,$0.19B,$0.07B,38.54%,$0.19B,$0.05B,25.52%,$0.19B,$0.05B,25.52%,$0.19B,$0.07B,34.38%,$0.19B,$0.05B,23.96%,$0.19B,$0.03B,14.58%,$0.03B,$0.13B,23.24%,$0.03B,$0.07B,47.66%,$0.03B,$0.23B,12.57%,$0.05B,$0.17B,30.34%,$53,$31,$22,$0,$6,$38,$16,$1,$16,$6,$10,$10,$10,$20,$16,$18,19,$0.56,$0.56,$4,$0,$0,$50,$115,$0,$61,$5,$181,$231,$33,$36,$17,$68,$101,$0,$65,$-1,$130,$231,$23,$13,$1,$13,$-7,$0,$0,$2,$-4,$32,$-16,$0,$0,$0,$0,$0,$0,$-16,$-10,$0,$-10,$2,$2,$-7,$-0,$-14,$2,$1,$-7
21,2013-06-30,25.19,$6.58,3.83,$10.07,2.5,$2.36,10.67,$1.48,17.02,$0.04B,$0.02B,1.8,$0.04B,$0.12B,0.35,$0.19B,$0.07B,38.38%,$0.19B,$0.05B,24.32%,$0.19B,$0.05B,24.32%,$0.19B,$0.06B,34.05%,$0.19B,$0.04B,23.78%,$0.19B,$0.03B,14.59%,$0.03B,$0.12B,23.28%,$0.03B,$0.06B,50.70%,$0.03B,$0.22B,12.22%,$0.05B,$0.17B,28.13%,$46,$27,$19,$0,$7,$33,$12,$-1,$11,$4,$7,$7,$7,$17,$12,$18,18,$0.39,$0.39,$4,$0,$0,$44,$113,$0,$60,$5,$178,$221,$24,$43,$17,$75,$100,$0,$58,$-1,$122,$221,$13,$8,$1,$10,$-1,$0,$0,$1,$-4,$18,$-12,$0,$0,$0,$0,$0,$0,$-12,$-2,$0,$-2,$2,$2,$-3,$0,$-3,$2,$0,$-3
22,2013-03-31,24.2,$6.40,3.78,$9.78,2.47,$2.63,9.21,$1.44,16.81,$0.04B,$0.03B,1.4,$0.04B,$0.12B,0.35,$0.18B,$0.07B,38.55%,$0.18B,$0.04B,24.58%,$0.18B,$0.04B,24.58%,$0.18B,$0.06B,34.08%,$0.18B,$0.04B,24.02%,$0.18B,$0.03B,14.53%,$0.03B,$0.12B,23.27%,$0.03B,$0.06B,54.17%,$0.03B,$0.22B,11.83%,$0.04B,$0.16B,27.94%,$43,$28,$15,$0,$6,$33,$10,$-1,$9,$3,$5,$5,$5,$14,$10,$18,18,$0.30,$0.29,$5,$0,$0,$40,$113,$0,$62,$5,$180,$220,$28,$41,$16,$74,$102,$0,$54,$-0,$118,$220,$5,$4,$0,$5,$1,$0,$0,$2,$2,$12,$-7,$0,$0,$0,$0,$0,$0,$-7,$-4,$0,$-4,$1,$1,$0,$-0,$-3,$2,$0,$0
23,2012-12-31,21.46,$6.12,3.51,$9.26,2.32,$2.93,7.31,$1.40,15.33,$0.04B,$0.03B,1.47,$0.05B,$0.11B,0.4,$0.17B,$0.07B,39.05%,$0.17B,$0.04B,23.67%,$0.17B,$0.04B,23.67%,$0.17B,$0.06B,33.73%,$0.17B,$0.04B,24.26%,$0.17B,$0.03B,15.38%,$0.03B,$0.11B,24.13%,$0.03B,$0.05B,58.76%,$0.03B,$0.22B,12.14%,$0.04B,$0.16B,26.32%,$50,$32,$18,$0,$7,$40,$11,$-1,$10,$4,$6,$6,$6,$15,$11,$18,18,$0.33,$0.33,$2,$0,$0,$41,$110,$0,$64,$5,$178,$219,$27,$45,$16,$79,$107,$0,$48,$1,$112,$219,$26,$17,$-1,$16,$-2,$0,$0,$-1,$-6,$35,$-16,$0,$-11,$0,$0,$0,$0,$-26,$5,$0,$5,$1,$1,$-16,$-0,$-11,$-2,$1,$-16
24,2012-09-30,19.36,$6.11,3.17,$8.78,2.2,$3.68,5.26,$1.44,13.44,$0.04B,$0.03B,1.42,$0.05B,$0.11B,0.42,$0.16B,$0.06B,39.75%,$0.16B,$0.04B,24.22%,$0.16B,$0.04B,24.22%,$0.16B,$0.06B,35.40%,$0.16B,$0.04B,26.09%,$0.16B,$0.03B,16.77%,$0.03B,$0.11B,25.78%,$0.03B,$0.05B,63.91%,$0.03B,$0.22B,12.84%,$0.04B,$0.16B,26.35%,$46,$27,$19,$0,$6,$33,$12,$1,$14,$5,$9,$9,$9,$17,$12,$18,18,$0.48,$0.47,$6,$0,$0,$43,$111,$0,$65,$5,$180,$224,$31,$47,$16,$81,$112,$0,$49,$1,$112,$224,$20,$12,$-2,$10,$-2,$0,$0,$-0,$-5,$25,$-12,$0,$-11,$0,$0,$0,$0,$-23,$9,$0,$9,$0,$0,$-10,$-0,$-1,$1,$1,$-10
25,2012-06-30,15.75,$5.76,2.74,$8.46,1.86,$4.33,3.64,$1.17,13.46,$0.04B,$0.03B,1.43,$0.05B,$0.11B,0.48,$0.16B,$0.06B,38.71%,$0.16B,$0.04B,23.87%,$0.16B,$0.04B,23.87%,$0.16B,$0.05B,34.84%,$0.16B,$0.03B,21.94%,$0.16B,$0.02B,14.19%,$0.02B,$0.11B,21.84%,$0.02B,$0.04B,55.70%,$0.02B,$0.22B,10.72%,$0.04B,$0.16B,25.65%,$40,$23,$17,$0,$6,$29,$11,$-1,$10,$4,$6,$6,$6,$15,$11,$18,18,$0.35,$0.35,$6,$0,$0,$41,$107,$0,$64,$5,$175,$216,$29,$50,$16,$83,$111,$0,$44,$0,$105,$216,$11,$8,$-1,$7,$1,$0,$0,$0,$-2,$16,$-6,$0,$-11,$0,$0,$0,$0,$-17,$10,$0,$10,$0,$0,$-7,$-0,$3,$2,$0,$-7
26,2012-03-31,19.15,$5.61,3.41,$8.44,2.27,$4.30,4.45,$1.08,17.73,$0.03B,$0.03B,1.19,$0.04B,$0.10B,0.34,$0.16B,$0.06B,36.13%,$0.16B,$0.03B,21.94%,$0.16B,$0.03B,21.94%,$0.16B,$0.05B,32.90%,$0.16B,$0.03B,20.65%,$0.16B,$0.02B,13.55%,$0.02B,$0.10B,21.27%,$0.02B,$0.04B,56.00%,$0.02B,$0.20B,10.26%,$0.03B,$0.14B,23.57%,$33,$21,$12,$0,$6,$27,$6,$1,$7,$3,$5,$5,$5,$10,$6,$18,18,$0.25,$0.25,$6,$0,$0,$32,$100,$0,$61,$5,$166,$198,$27,$35,$15,$69,$95,$0,$40,$1,$102,$198,$5,$4,$-1,$3,$8,$0,$0,$-0,$6,$13,$-2,$0,$0,$0,$0,$0,$0,$-2,$-6,$0,$-6,$0,$0,$-3,$-0,$-9,$2,$0,$-3
27,2011-12-31,16.38,$5.50,2.98,$8.50,1.93,$4.14,3.96,$1.01,16.22,$0.04B,$0.03B,1.31,$0.04B,$0.10B,0.4,$0.16B,$0.05B,33.97%,$0.16B,$0.03B,21.15%,$0.16B,$0.03B,21.15%,$0.16B,$0.05B,31.41%,$0.16B,$0.03B,19.87%,$0.16B,$0.02B,12.18%,$0.02B,$0.10B,19.54%,$0.02B,$0.04B,54.29%,$0.02B,$0.20B,9.16%,$0.03B,$0.14B,22.34%,$42,$26,$16,$0,$6,$31,$10,$1,$11,$4,$7,$7,$7,$15,$10,$18,18,$0.37,$0.37,$4,$0,$0,$37,$100,$0,$60,$5,$165,$203,$29,$41,$15,$74,$102,$0,$39,$-0,$100,$203,$18,$17,$2,$18,$4,$0,$0,$1,$6,$43,$-10,$0,$0,$0,$0,$0,$0,$-10,$-23,$0,$-23,$0,$0,$-13,$0,$-35,$-2,$1,$-13
28,2011-09-30,13.35,$5.27,2.53,$8.39,1.59,$2.36,5.65,$0.89,15.0,$0.04B,$0.03B,1.45,$0.05B,$0.10B,0.5,$0.15B,$0.05B,33.99%,$0.15B,$0.03B,19.61%,$0.15B,$0.03B,19.61%,$0.15B,$0.04B,28.76%,$0.15B,$0.03B,18.95%,$0.15B,$0.02B,11.11%,$0.02B,$0.10B,17.71%,$0.02B,$0.04B,51.91%,$0.02B,$0.20B,8.06%,$0.03B,$0.14B,19.74%,$40,$24,$15,$0,$6,$30,$10,$-4,$6,$2,$4,$4,$4,$14,$10,$18,18,$0.20,$0.20,$6,$0,$0,$38,$101,$0,$60,$5,$166,$204,$27,$48,$15,$81,$108,$0,$36,$-1,$96,$204,$12,$12,$2,$14,$5,$0,$0,$1,$6,$32,$-7,$0,$0,$0,$0,$0,$0,$-7,$-15,$0,$-15,$0,$0,$-10,$0,$-25,$-0,$1,$-10
29,2011-06-30,14.61,$5.34,2.73,$7.64,1.91,$1.39,10.51,$0.91,16.05,$0.04B,$0.02B,1.76,$0.06B,$0.10B,0.6,$0.14B,$0.05B,33.81%,$0.14B,$0.03B,18.71%,$0.14B,$0.03B,18.71%,$0.14B,$0.04B,28.06%,$0.14B,$0.03B,20.86%,$0.14B,$0.02B,12.23%,$0.02B,$0.10B,17.85%,$0.02B,$0.03B,36.17%,$0.02B,$0.21B,8.84%,$0.03B,$0.16B,18.67%,$40,$26,$13,$0,$5,$32,$8,$-0,$8,$3,$5,$5,$5,$12,$8,$18,18,$0.26,$0.26,$4,$0,$0,$40,$105,$0,$65,$5,$175,$214,$23,$58,$16,$94,$117,$0,$35,$1,$97,$214,$8,$8,$-0,$7,$3,$0,$0,$-1,$0,$15,$-6,$0,$0,$0,$0,$0,$0,$-6,$-5,$0,$-5,$0,$0,$-7,$-0,$-12,$-2,$0,$-7
30,2011-03-31,14.73,$5.25,2.81,$6.56,2.24,$1.16,12.66,$0.78,18.89,$0.03B,$0.02B,1.52,$0.06B,$0.10B,0.58,$0.12B,$0.04B,34.45%,$0.12B,$0.02B,18.49%,$0.12B,$0.02B,18.49%,$0.12B,$0.03B,27.73%,$0.12B,$0.03B,21.01%,$0.12B,$0.01B,11.76%,$0.01B,$0.10B,14.89%,$0.01B,$0.03B,22.67%,$0.01B,$0.21B,8.24%,$0.02B,$0.15B,17.81%,$34,$25,$9,$0,$5,$30,$5,$1,$6,$2,$3,$3,$3,$8,$5,$18,18,$0.18,$0.18,$4,$0,$0,$33,$107,$0,$65,$5,$176,$209,$22,$56,$16,$92,$114,$0,$34,$1,$96,$209,$3,$4,$-0,$3,$9,$0,$0,$0,$6,$12,$-4,$0,$0,$0,$0,$0,$0,$-4,$-8,$0,$-8,$0,$0,$-3,$-0,$-11,$-3,$0,$-3
31,2010-12-31,14.54,$5.21,2.79,$5.76,2.52,$0.97,14.97,$0.70,20.78,$0.04B,$0.02B,1.77,$0.06B,$0.10B,0.67,$0.11B,$0.04B,37.14%,$0.11B,$0.02B,19.05%,$0.11B,$0.02B,19.05%,$0.11B,$0.03B,28.57%,$0.11B,$0.02B,20.95%,$0.11B,$0.01B,12.38%,$0.01B,$0.10B,13.98%,$0.01B,$0.03B,16.88%,$0.01B,$0.22B,8.75%,$0.02B,$0.16B,18.39%,$39,$25,$15,$0,$8,$32,$7,$2,$9,$4,$5,$5,$5,$10,$7,$18,18,$0.24,$0.24,$6,$0,$0,$43,$106,$0,$64,$5,$174,$217,$24,$63,$16,$98,$123,$0,$34,$1,$95,$217,$13,$9,$-0,$9,$-11,$0,$0,$-0,$-6,$15,$-14,$0,$-77,$1,$0,$1,$1,$-89,$63,$0,$63,$0,$0,$-13,$-0,$50,$-25,$1,$-13
32,2010-09-30,13.24,$5.09,2.6,$4.90,2.7,$2.44,5.43,$0.60,22.07,$0.05B,$0.02B,2.73,$0.00B,$0.09B,0.0,$0.09B,$0.03B,35.56%,$0.09B,$0.02B,20.00%,$0.09B,$0.02B,20.00%,$0.09B,$0.03B,30.00%,$0.09B,$0.02B,20.00%,$0.09B,$0.01B,12.22%,$0.01B,$0.09B,11.89%,$0.01B,$0.09B,11.89%,$0.01B,$0.13B,8.78%,$0.02B,$0.09B,19.41%,$26,$16,$10,$0,$4,$20,$6,$0,$6,$3,$4,$4,$4,$9,$6,$18,18,$0.22,$0.22,$30,$0,$0,$51,$73,$0,$0,$5,$77,$129,$19,$0,$12,$17,$36,$0,$33,$0,$93,$129,$8,$6,$1,$7,$-1,$0,$0,$-0,$1,$16,$-9,$0,$0,$1,$0,$1,$1,$-7,$-0,$0,$-0,$0,$0,$-10,$0,$-10,$-1,$1,$-10
33,2010-06-30,11.91,$5.04,2.36,$5.53,2.15,$2.70,4.41,$0.61,19.52,$0.05B,$0.02B,3.17,$0.00B,$0.09B,0.0,$0.10B,$0.03B,31.37%,$0.10B,$0.02B,18.63%,$0.10B,$0.02B,18.63%,$0.10B,$0.03B,26.47%,$0.10B,$0.02B,18.63%,$0.10B,$0.01B,10.78%,$0.01B,$0.09B,11.86%,$0.01B,$0.09B,11.86%,$0.01B,$0.13B,8.82%,$0.02B,$0.09B,20.43%,$20,$13,$7,$0,$3,$16,$4,$0,$4,$2,$2,$2,$2,$6,$4,$18,18,$0.13,$0.13,$32,$0,$0,$48,$72,$0,$0,$5,$76,$125,$15,$0,$13,$18,$33,$0,$32,$0,$92,$125,$4,$4,$1,$4,$3,$0,$0,$-0,$2,$10,$-5,$0,$0,$-2,$0,$-2,$1,$-6,$-0,$0,$-0,$0,$0,$-7,$0,$-7,$-2,$1,$-7
34,2010-03-31,13.02,$5.08,2.56,$6.44,2.02,$3.12,4.18,$0.67,19.43,$0.05B,$0.01B,3.83,$0.00B,$0.09B,0.0,$0.12B,$0.03B,28.81%,$0.12B,$0.02B,17.80%,$0.12B,$0.02B,17.80%,$0.12B,$0.03B,24.58%,$0.12B,$0.02B,17.80%,$0.12B,$0.01B,11.02%,$0.01B,$0.09B,13.98%,$0.01B,$0.09B,13.98%,$0.01B,$0.12B,10.32%,$0.02B,$0.09B,22.52%,$20,$13,$7,$0,$4,$17,$3,$0,$3,$1,$2,$2,$2,$5,$3,$18,18,$0.10,$0.10,$34,$0,$0,$49,$68,$0,$0,$5,$74,$123,$13,$0,$12,$18,$31,$0,$33,$0,$92,$123,$2,$2,$1,$2,$3,$0,$0,$1,$3,$7,$-2,$0,$0,$0,$0,$0,$0,$-2,$-0,$0,$-0,$0,$0,$-3,$0,$-3,$1,$0,$-3
35,2009-12-31,13.63,$5.15,2.65,$7.29,1.87,$3.35,4.07,$0.77,17.7,$0.05B,$0.01B,4.23,$0.00B,$0.09B,0.0,$0.13B,$0.04B,27.82%,$0.13B,$0.02B,18.05%,$0.13B,$0.02B,18.05%,$0.13B,$0.03B,24.06%,$0.13B,$0.02B,18.05%,$0.13B,$0.02B,11.28%,$0.02B,$0.09B,16.09%,$0.02B,$0.09B,16.09%,$0.02B,$0.12B,11.83%,$0.02B,$0.09B,25.67%,$24,$16,$8,$0,$4,$19,$5,$0,$5,$2,$3,$3,$3,$7,$5,$18,18,$0.15,$0.15,$33,$0,$0,$51,$67,$0,$0,$5,$73,$124,$12,$0,$13,$18,$30,$0,$34,$0,$93,$124,$14,$9,$3,$12,$14,$0,$0,$-3,$11,$37,$-9,$0,$0,$-1,$0,$-1,$-0,$-11,$0,$0,$0,$0,$0,$-13,$-0,$-13,$13,$1,$-13
36,2009-09-30,14.82,$5.18,2.86,$8.40,1.76,$2.77,5.35,$0.91,16.29,$0.05B,$0.01B,3.72,$0.00B,$0.09B,0.0,$0.15B,$0.04B,26.80%,$0.15B,$0.03B,17.65%,$0.15B,$0.03B,17.65%,$0.15B,$0.04B,23.53%,$0.15B,$0.03B,18.30%,$0.15B,$0.02B,11.11%,$0.02B,$0.09B,18.28%,$0.02B,$0.09B,18.28%,$0.02B,$0.13B,13.33%,$0.03B,$0.09B,29.03%,$38,$28,$10,$0,$3,$31,$7,$0,$7,$3,$4,$4,$4,$9,$7,$18,18,$0.23,$0.23,$20,$0,$0,$52,$70,$0,$0,$5,$74,$127,$14,$0,$13,$19,$33,$0,$35,$0,$94,$127,$11,$7,$2,$9,$2,$0,$0,$-2,$-0,$20,$-9,$0,$0,$-1,$0,$-1,$-0,$-10,$0,$0,$0,$-0,$-0,$-10,$-0,$-10,$0,$1,$-10
37,2009-06-30,14.06,$5.12,2.75,$8.57,1.64,$2.79,5.05,$0.91,15.46,$0.06B,$0.02B,3.05,$0.00B,$0.09B,0.0,$0.16B,$0.04B,26.28%,$0.16B,$0.03B,17.31%,$0.16B,$0.03B,17.31%,$0.16B,$0.04B,23.08%,$0.16B,$0.03B,17.95%,$0.16B,$0.02B,10.90%,$0.02B,$0.09B,18.38%,$0.02B,$0.09B,18.38%,$0.02B,$0.13B,13.36%,$0.03B,$0.09B,29.11%,$36,$27,$9,$0,$3,$31,$6,$0,$6,$2,$4,$4,$4,$8,$6,$18,18,$0.19,$0.19,$25,$0,$0,$56,$69,$0,$0,$5,$74,$130,$18,$0,$13,$19,$37,$0,$34,$0,$93,$130,$7,$5,$1,$6,$4,$0,$0,$0,$5,$18,$-5,$0,$0,$0,$0,$0,$-0,$-5,$0,$0,$0,$-0,$-0,$-7,$-0,$-7,$6,$0,$-7
38,2009-03-31,10.81,$5.10,2.12,$9.00,1.2,$2.57,4.2,$1.05,10.29,$0.05B,$0.02B,3.51,$0.00B,$0.09B,0.0,$0.17B,$0.05B,27.88%,$0.17B,$0.03B,18.79%,$0.17B,$0.03B,18.79%,$0.17B,$0.04B,24.85%,$0.17B,$0.03B,19.39%,$0.17B,$0.02B,11.52%,$0.02B,$0.09B,20.71%,$0.02B,$0.09B,20.71%,$0.02B,$0.13B,15.05%,$0.03B,$0.09B,33.70%,$35,$25,$10,$0,$4,$29,$6,$0,$6,$2,$4,$4,$4,$8,$6,$18,18,$0.20,$0.20,$24,$0,$0,$53,$68,$0,$0,$5,$73,$126,$15,$0,$14,$18,$33,$0,$34,$0,$93,$126,$4,$2,$0,$3,$5,$0,$0,$1,$5,$12,$-3,$0,$0,$0,$0,$0,$-0,$-3,$0,$0,$0,$-0,$-0,$-3,$-0,$-3,$6,$0,$-3
39,2008-12-31,15.54,$5.07,3.07,$9.61,1.62,$1.98,7.83,$1.17,13.28,$0.06B,$0.02B,3.07,$0.00B,$0.09B,0.0,$0.18B,$0.05B,27.84%,$0.18B,$0.04B,19.89%,$0.18B,$0.04B,19.89%,$0.18B,$0.05B,25.57%,$0.18B,$0.04B,20.45%,$0.18B,$0.02B,11.93%,$0.02B,$0.09B,23.33%,$0.02B,$0.09B,23.33%,$0.02B,$0.13B,16.80%,$0.04B,$0.09B,38.78%,$44,$32,$12,$0,$4,$36,$8,$0,$9,$3,$5,$5,$5,$11,$8,$18,18,$0.29,$0.30,$18,$0,$0,$55,$68,$0,$0,$5,$73,$127,$18,$0,$14,$18,$36,$0,$34,$0,$92,$127,$21,$11,$4,$15,$-1,$0,$0,$1,$-6,$31,$-14,$0,$0,$2,$0,$2,$0,$-11,$-0,$0,$-0,$-1,$-1,$-12,$0,$-13,$6,$1,$-12
40,2008-09-30,21.1,$5.05,4.17,$9.71,2.17,$1.89,11.15,$1.15,18.35,$0.05B,$0.02B,2.91,$0.00B,$0.09B,0.0,$0.18B,$0.05B,27.53%,$0.18B,$0.04B,19.66%,$0.18B,$0.04B,19.66%,$0.18B,$0.05B,25.28%,$0.18B,$0.04B,19.66%,$0.18B,$0.02B,11.80%,$0.02B,$0.09B,23.93%,$0.02B,$0.09B,23.93%,$0.02B,$0.13B,17.14%,$0.04B,$0.09B,39.77%,$41,$31,$10,$0,$3,$34,$7,$0,$7,$3,$4,$4,$4,$9,$7,$18,18,$0.23,$0.23,$19,$0,$0,$53,$67,$0,$0,$5,$72,$126,$18,$0,$12,$15,$33,$0,$32,$0,$92,$126,$16,$8,$2,$10,$-0,$0,$0,$1,$-3,$23,$-11,$0,$0,$2,$0,$2,$0,$-9,$0,$0,$0,$1,$1,$-9,$0,$-8,$7,$1,$-9
41,2008-06-30,22.37,$4.93,4.53,$9.63,2.32,$1.74,12.86,$1.17,19.12,$0.05B,$0.02B,2.59,$0.00B,$0.09B,0.0,$0.18B,$0.05B,27.84%,$0.18B,$0.04B,19.89%,$0.18B,$0.04B,19.89%,$0.18B,$0.05B,25.57%,$0.18B,$0.04B,19.89%,$0.18B,$0.02B,12.50%,$0.02B,$0.09B,25.88%,$0.02B,$0.09B,25.88%,$0.02B,$0.13B,18.49%,$0.04B,$0.09B,41.18%,$45,$31,$14,$0,$4,$35,$10,$0,$10,$4,$6,$6,$6,$13,$10,$18,18,$0.34,$0.33,$19,$0,$0,$54,$67,$0,$0,$5,$72,$126,$21,$0,$14,$15,$36,$0,$31,$0,$90,$126,$12,$6,$1,$7,$-2,$0,$0,$1,$-2,$16,$-7,$0,$0,$2,$0,$2,$0,$-5,$0,$0,$0,$0,$0,$-5,$0,$-5,$6,$0,$-5
42,2008-03-31,19.08,$4.74,4.03,$9.46,2.02,$1.41,13.56,$1.12,17.03,$0.05B,$0.02B,2.58,$0.00B,$0.09B,0.0,$0.17B,$0.05B,27.33%,$0.17B,$0.03B,19.19%,$0.17B,$0.03B,19.19%,$0.17B,$0.04B,24.42%,$0.17B,$0.03B,19.19%,$0.17B,$0.02B,12.21%,$0.02B,$0.09B,25.53%,$0.02B,$0.09B,25.53%,$0.02B,$0.12B,18.22%,$0.03B,$0.09B,40.12%,$46,$33,$13,$0,$4,$37,$10,$0,$10,$4,$6,$6,$6,$12,$10,$18,18,$0.32,$0.32,$10,$0,$0,$52,$64,$0,$0,$5,$69,$121,$20,$0,$14,$15,$35,$0,$27,$0,$86,$121,$6,$3,$0,$3,$-9,$0,$0,$-0,$-7,$2,$-3,$0,$0,$1,$0,$1,$0,$-2,$0,$0,$0,$0,$0,$-3,$-0,$-3,$-3,$0,$-3
43,2007-12-31,17.57,$4.55,3.86,$9.07,1.94,$1.71,10.27,$1.07,16.42,$0.05B,$0.02B,2.57,$0.00B,$0.08B,0.0,$0.17B,$0.05B,27.88%,$0.17B,$0.03B,18.79%,$0.17B,$0.03B,18.79%,$0.17B,$0.04B,24.24%,$0.17B,$0.03B,18.79%,$0.17B,$0.02B,12.12%,$0.02B,$0.08B,25.08%,$0.02B,$0.08B,25.08%,$0.02B,$0.12B,17.90%,$0.03B,$0.08B,38.87%,$46,$34,$12,$0,$4,$38,$8,$0,$8,$4,$5,$5,$5,$11,$8,$18,18,$0.26,$0.26,$15,$0,$0,$49,$63,$0,$0,$5,$68,$117,$19,$0,$14,$15,$34,$0,$24,$0,$83,$117,$19,$10,$4,$13,$-2,$0,$0,$0,$-2,$31,$-15,$0,$0,$4,$0,$4,$-0,$-11,$-0,$0,$-0,$0,$0,$-11,$0,$-10,$9,$1,$-11
44,2007-09-30,15.74,$4.42,3.56,$8.64,1.82,$0.93,16.86,$1.01,15.59,$0.05B,$0.02B,2.19,$0.00B,$0.08B,0.0,$0.16B,$0.04B,27.39%,$0.16B,$0.03B,18.47%,$0.16B,$0.03B,18.47%,$0.16B,$0.04B,23.57%,$0.16B,$0.03B,18.47%,$0.16B,$0.02B,12.10%,$0.02B,$0.08B,24.60%,$0.02B,$0.08B,24.60%,$0.02B,$0.11B,17.51%,$0.03B,$0.08B,37.54%,$39,$29,$10,$0,$4,$33,$7,$0,$7,$2,$5,$5,$5,$9,$7,$18,18,$0.25,$0.25,$11,$0,$0,$45,$62,$0,$0,$5,$67,$112,$21,$0,$11,$11,$32,$0,$22,$0,$81,$112,$15,$7,$2,$9,$-1,$0,$0,$-1,$-1,$22,$-13,$0,$0,$4,$0,$4,$-0,$-9,$0,$0,$0,$0,$0,$-8,$0,$-8,$5,$0,$-8
45,2007-06-30,15.8,$4.32,3.66,$7.99,1.98,$0.51,31.11,$0.92,17.18,$0.05B,$0.02B,2.19,$0.00B,$0.08B,0.0,$0.15B,$0.04B,27.59%,$0.15B,$0.03B,18.62%,$0.15B,$0.03B,18.62%,$0.15B,$0.04B,24.14%,$0.15B,$0.03B,18.62%,$0.15B,$0.02B,11.72%,$0.02B,$0.08B,22.82%,$0.02B,$0.08B,22.82%,$0.02B,$0.11B,16.23%,$0.03B,$0.08B,36.24%,$41,$30,$12,$0,$3,$33,$8,$0,$8,$3,$5,$5,$5,$10,$8,$18,18,$0.28,$0.28,$8,$0,$0,$46,$60,$0,$0,$5,$65,$111,$21,$0,$12,$12,$32,$0,$20,$0,$79,$111,$10,$5,$2,$6,$-5,$0,$0,$-1,$-5,$12,$-9,$0,$0,$2,$0,$2,$-0,$-7,$0,$0,$0,$0,$0,$-5,$0,$-5,$-0,$0,$-5
46,2007-03-31,14.06,$4.18,3.36,$7.36,1.91,$0.25,56.45,$0.91,15.45,$0.04B,$0.02B,2.32,$0.00B,$0.08B,0.0,$0.13B,$0.04B,29.10%,$0.13B,$0.03B,19.40%,$0.13B,$0.03B,19.40%,$0.13B,$0.03B,25.37%,$0.13B,$0.03B,20.15%,$0.13B,$0.02B,12.69%,$0.02B,$0.08B,23.53%,$0.02B,$0.08B,23.53%,$0.02B,$0.11B,16.79%,$0.03B,$0.08B,35.99%,$39,$27,$12,$0,$4,$31,$8,$0,$8,$3,$5,$5,$5,$10,$8,$18,18,$0.27,$0.27,$11,$0,$0,$44,$57,$0,$0,$5,$63,$107,$19,$0,$12,$12,$31,$0,$18,$0,$76,$107,$5,$2,$2,$4,$-1,$0,$0,$-0,$-1,$8,$-4,$0,$0,$-2,$0,$-2,$-0,$-5,$0,$0,$0,$0,$0,$-3,$0,$-2,$-0,$0,$-3
47,2006-12-31,13.44,$4.04,3.33,$6.42,2.09,$-0.05,0.0,$0.87,15.45,$0.04B,$0.02B,2.33,$0.00B,$0.07B,0.0,$0.12B,$0.04B,31.62%,$0.12B,$0.02B,20.51%,$0.12B,$0.02B,20.51%,$0.12B,$0.03B,27.35%,$0.12B,$0.03B,22.22%,$0.12B,$0.02B,13.68%,$0.02B,$0.07B,22.86%,$0.02B,$0.07B,22.86%,$0.02B,$0.10B,16.41%,$0.02B,$0.07B,34.29%,$38,$28,$9,$0,$3,$32,$6,$0,$6,$3,$4,$4,$4,$8,$6,$18,18,$0.21,$0.21,$10,$0,$0,$43,$55,$0,$0,$5,$61,$104,$18,$0,$12,$12,$31,$0,$16,$0,$73,$104,$16,$8,$7,$15,$-14,$0,$0,$4,$-10,$21,$-20,$0,$0,$10,$0,$10,$-5,$-14,$-0,$0,$-0,$2,$2,$-11,$2,$-7,$0,$0,$-11
