,Date,Stock Price,Book Value per Share,Price to Book Ratio,TTM Sales per Share,Price to Sales Ratio,TTM FCF per Share,Price to FCF Ratio,TTM Net EPS,PE Ratio,Current Assets,Current Liabilities,Current Ratio,Long Term Debt,Shareholder's Equity_x,Debt to Equity Ratio,TTM Revenue_x,TTM Gross Profit,Gross Margin,TTM Revenue_y,TTM Operating Income,Operating Margin,TTM Revenue_x,TTM EBIT,EBIT Margin,TTM Revenue_y,TTM EBITDA,EBITDA Margin,TTM Revenue_x,TTM Pre-Tax Income,Pre-Tax Margin,TTM Revenue_y,TTM Net Income_x,Net Margin,TTM Net Income_y,Shareholder's Equity_y,Return on Equity,TTM Net Income_x,Tangible Equity,Return on Tangible Equity,TTM Net Income_y,Total Assets,Return on Assets,TTM Net Income,LT Investments & Debt,Return on Investment,revenue,cost-goods-sold,gross-profit,research-development-expenses,selling-general-administrative-expenses,operating-expenses,operating-income,total-non-operating-income-expense,pre-tax-income,total-provision-income-taxes,income-after-taxes,income-from-continuous-operations,net-income,ebitda,ebit,basic-shares-outstanding,shares-outstanding,eps-basic-net-earnings-per-share,eps-earnings-per-share-diluted,cash-on-hand,inventory,other-current-assets,total-current-assets,net-property-plant-equipment,long-term-investments,goodwill-intangible-assets-total,other-long-term-assets,total-long-term-assets,total-assets,total-current-liabilities,long-term-debt,other-non-current-liabilities,total-long-term-liabilities,total-liabilities,common-stock-net,retained-earnings-accumulated-deficit,comprehensive-income,total-share-holder-equity,total-liabilities-share-holders-equity,net-income-loss,total-depreciation-amortization-cash-flow,other-non-cash-items,total-non-cash-items,change-in-accounts-receivable,change-in-inventories,change-in-accounts-payable,change-in-assets-liabilities,total-change-in-assets-liabilities,cash-flow-from-operating-activities,net-change-in-property-plant-equipment,net-change-in-intangible-assets,net-acquisitions-divestitures,net-change-in-short-term-investments,net-change-in-long-term-investments,net-change-in-investments-total,investing-activities-other,cash-flow-from-investing-activities,net-long-term-debt,net-current-debt,debt-issuance-retirement-net-total,net-common-equity-issued-repurchased,net-total-equity-issued-repurchased,total-common-preferred-stock-dividends-paid,financial-activities-other,cash-flow-from-financial-activities,net-cash-flow,stock-based-compensation,common-stock-dividends-paid
0,2018-09-30,12.45,$3.18,3.92,$4.86,2.56,$-0.16,0.0,$-0.32,0.0,$0.08B,$0.04B,1.93,$0.00B,$0.09B,0.02,$0.13B,$0.11B,80.77%,$0.13B,$-0.01B,-6.15%,$0.13B,$-0.01B,-6.15%,$0.13B,$-0.00B,-2.31%,$0.13B,$-0.01B,-6.15%,$0.13B,$-0.01B,-6.15%,$-0.01B,$0.09B,-9.36%,$-0.01B,$0.06B,-13.39%,$-0.01B,$0.13B,-5.73%,$-0.01B,$0.09B,-9.22%,$32,$8,$25,$5,$22,$35,$-2,$0,$-2,$0,$-2,$-2,$-2,$-1,$-2,$27,27,$-0.08,$-0.08,$49,$0,$0,$79,$13,$0,$26,$1,$55,$134,$41,$1,$5,$6,$47,$0,$-181,$-2,$87,$134,$-8,$5,$8,$12,$5,$0,$0,$3,$-3,$1,$-2,$-1,$0,$0,$0,$0,$0,$-2,$-2,$0,$-2,$1,$1,$0,$-2,$-3,$-5,$8,$0
1,2018-06-30,14.05,$3.17,4.43,$4.81,2.92,$-0.32,0.0,$-0.39,0.0,$0.09B,$0.05B,1.83,$0.00B,$0.09B,0.02,$0.13B,$0.10B,80.47%,$0.13B,$-0.01B,-7.81%,$0.13B,$-0.01B,-7.81%,$0.13B,$-0.01B,-3.91%,$0.13B,$-0.01B,-7.81%,$0.13B,$-0.01B,-7.81%,$-0.01B,$0.09B,-11.98%,$-0.01B,$0.06B,-17.32%,$-0.01B,$0.14B,-7.19%,$-0.01B,$0.09B,-11.80%,$33,$7,$26,$6,$23,$35,$-3,$0,$-3,$0,$-3,$-3,$-3,$-1,$-3,$27,27,$-0.10,$-0.10,$51,$0,$0,$87,$13,$0,$26,$1,$54,$140,$47,$2,$5,$7,$54,$0,$-179,$-1,$86,$140,$-6,$3,$5,$8,$6,$0,$0,$-2,$-1,$1,$-1,$-0,$0,$0,$0,$0,$0,$-1,$-2,$0,$-2,$1,$1,$0,$-2,$-2,$-3,$5,$0
2,2018-03-31,9.1,$3.22,2.82,$4.75,1.92,$-0.36,0.0,$-0.44,0.0,$0.09B,$0.05B,1.87,$0.00B,$0.09B,0.0,$0.13B,$0.10B,80.00%,$0.13B,$-0.01B,-8.80%,$0.13B,$-0.01B,-8.80%,$0.13B,$-0.01B,-4.80%,$0.13B,$-0.01B,-8.80%,$0.13B,$-0.01B,-8.80%,$-0.01B,$0.09B,-13.41%,$-0.01B,$0.06B,-19.73%,$-0.01B,$0.14B,-8.00%,$-0.01B,$0.09B,-13.25%,$31,$7,$24,$6,$21,$35,$-3,$0,$-3,$0,$-3,$-3,$-3,$-2,$-3,$27,27,$-0.12,$-0.12,$55,$0,$0,$93,$10,$0,$26,$1,$51,$143,$50,$0,$6,$7,$56,$0,$-176,$-1,$87,$143,$-3,$1,$3,$4,$7,$0,$0,$-2,$1,$2,$-0,$-0,$0,$0,$0,$0,$0,$-0,$-0,$0,$-0,$0,$0,$0,$-0,$-0,$1,$3,$0
3,2017-12-31,9.0,$3.08,2.92,$4.66,1.93,$-0.42,0.0,$-0.63,0.0,$0.10B,$0.05B,1.89,$0.00B,$0.08B,0.01,$0.12B,$0.10B,79.51%,$0.12B,$-0.02B,-13.11%,$0.12B,$-0.02B,-13.11%,$0.12B,$-0.01B,-8.20%,$0.12B,$-0.02B,-13.11%,$0.12B,$-0.02B,-13.11%,$-0.02B,$0.08B,-19.88%,$-0.02B,$0.06B,-29.36%,$-0.02B,$0.14B,-11.87%,$-0.02B,$0.08B,-19.63%,$34,$4,$30,$6,$25,$35,$-0,$0,$-0,$0,$-0,$-0,$-0,$1,$-0,$26,26,$-0.02,$-0.02,$53,$0,$0,$97,$11,$0,$26,$1,$43,$141,$51,$1,$6,$7,$59,$0,$-180,$-1,$82,$141,$-17,$7,$11,$18,$-8,$0,$0,$-2,$-4,$-3,$-3,$-0,$-2,$0,$0,$0,$0,$-5,$-3,$0,$-3,$1,$1,$0,$-3,$-4,$-12,$12,$0
4,2017-09-30,11.5,$2.98,3.86,$4.60,2.5,$0.18,62.64,$-0.40,0.0,$0.09B,$0.05B,1.94,$0.00B,$0.08B,0.01,$0.12B,$0.09B,76.67%,$0.12B,$-0.02B,-13.33%,$0.12B,$-0.02B,-13.33%,$0.12B,$-0.01B,-7.50%,$0.12B,$-0.02B,-13.33%,$0.12B,$-0.01B,-8.33%,$-0.01B,$0.08B,-12.23%,$-0.01B,$0.05B,-17.78%,$-0.01B,$0.13B,-7.45%,$-0.02B,$0.08B,-19.34%,$30,$7,$23,$6,$21,$34,$-4,$0,$-4,$0,$-4,$-4,$-4,$-3,$-4,$26,26,$-0.15,$-0.15,$54,$0,$0,$88,$12,$0,$26,$1,$44,$132,$45,$1,$7,$8,$53,$0,$-180,$-1,$79,$132,$-16,$5,$9,$14,$-1,$0,$0,$2,$0,$-2,$-2,$-0,$-2,$0,$0,$0,$0,$-5,$-3,$0,$-3,$1,$1,$0,$-3,$-5,$-11,$9,$0
5,2017-06-30,11.55,$3.01,3.83,$4.55,2.54,$0.69,16.81,$-0.35,0.0,$0.09B,$0.05B,1.97,$0.00B,$0.08B,0.01,$0.12B,$0.09B,76.27%,$0.12B,$-0.02B,-12.71%,$0.12B,$-0.02B,-12.71%,$0.12B,$-0.01B,-5.93%,$0.12B,$-0.02B,-12.71%,$0.12B,$-0.01B,-7.63%,$-0.01B,$0.08B,-11.01%,$-0.01B,$0.05B,-15.93%,$-0.01B,$0.13B,-6.77%,$-0.02B,$0.08B,-18.13%,$30,$7,$23,$5,$22,$34,$-4,$0,$-4,$0,$-4,$-4,$-4,$-2,$-4,$26,26,$-0.15,$-0.15,$58,$0,$0,$89,$12,$0,$26,$1,$44,$134,$45,$1,$7,$9,$54,$0,$-176,$-1,$80,$134,$-12,$3,$6,$9,$-2,$0,$0,$4,$2,$-0,$-1,$-0,$-2,$0,$0,$0,$0,$-3,$-2,$0,$-2,$0,$0,$0,$-2,$-5,$-8,$6,$0
6,2017-03-31,11.15,$3.06,3.64,$4.48,2.49,$0.92,12.06,$-0.46,0.0,$0.09B,$0.04B,2.08,$0.00B,$0.08B,0.02,$0.12B,$0.09B,75.65%,$0.12B,$-0.02B,-15.65%,$0.12B,$-0.02B,-15.65%,$0.12B,$-0.01B,-8.70%,$0.12B,$-0.02B,-15.65%,$0.12B,$-0.01B,-10.43%,$-0.01B,$0.08B,-14.77%,$-0.01B,$0.06B,-21.15%,$-0.01B,$0.13B,-9.16%,$-0.02B,$0.08B,-21.88%,$28,$8,$21,$5,$24,$36,$-8,$0,$-8,$0,$-8,$-8,$-8,$-6,$-8,$26,26,$-0.31,$-0.31,$63,$0,$0,$90,$12,$0,$24,$1,$43,$132,$43,$1,$7,$9,$52,$0,$-172,$-1,$81,$132,$-8,$2,$3,$5,$2,$0,$0,$3,$4,$0,$-0,$-0,$0,$0,$0,$0,$0,$-0,$-1,$0,$-1,$0,$0,$0,$-2,$-2,$-2,$3,$0
7,2016-12-31,14.35,$3.35,4.28,$4.43,3.24,$1.01,14.25,$-0.33,0.0,$0.10B,$0.04B,2.19,$0.00B,$0.09B,0.02,$0.11B,$0.09B,75.22%,$0.11B,$-0.02B,-13.27%,$0.11B,$-0.02B,-13.27%,$0.11B,$-0.01B,-6.19%,$0.11B,$-0.02B,-13.27%,$0.11B,$-0.01B,-7.96%,$-0.01B,$0.09B,-11.04%,$-0.01B,$0.06B,-15.79%,$-0.01B,$0.14B,-6.94%,$-0.02B,$0.09B,-18.13%,$32,$7,$25,$5,$20,$32,$0,$0,$0,$-6,$6,$6,$6,$2,$0,$26,26,$0.23,$0.23,$65,$0,$0,$96,$13,$0,$24,$1,$43,$139,$44,$1,$7,$8,$52,$0,$-164,$-2,$87,$139,$-8,$8,$7,$15,$-1,$0,$0,$3,$5,$12,$-2,$-0,$0,$0,$0,$0,$0,$-2,$-2,$0,$-2,$1,$1,$0,$-3,$-4,$5,$13,$0
8,2016-09-30,12.93,$3.06,4.23,$4.37,2.96,$0.40,32.08,$-0.57,0.0,$0.09B,$0.04B,2.25,$0.00B,$0.08B,0.02,$0.11B,$0.08B,75.45%,$0.11B,$-0.02B,-14.55%,$0.11B,$-0.02B,-14.55%,$0.11B,$-0.01B,-6.36%,$0.11B,$-0.02B,-14.55%,$0.11B,$-0.02B,-14.55%,$-0.02B,$0.08B,-19.81%,$-0.02B,$0.05B,-28.57%,$-0.02B,$0.13B,-12.52%,$-0.02B,$0.08B,-19.45%,$28,$7,$21,$5,$19,$31,$-3,$0,$-3,$-0,$-3,$-3,$-3,$-1,$-3,$26,26,$-0.10,$-0.10,$65,$0,$0,$87,$14,$0,$24,$1,$40,$127,$39,$2,$8,$9,$48,$0,$-169,$-1,$79,$127,$-14,$6,$9,$15,$3,$0,$0,$6,$8,$9,$-1,$-0,$0,$0,$0,$0,$0,$-1,$-2,$0,$-2,$1,$1,$0,$-2,$-4,$4,$10,$0
9,2016-06-30,14.49,$3.07,4.73,$4.25,3.41,$-0.25,0.0,$-0.66,0.0,$0.09B,$0.04B,2.18,$0.00B,$0.08B,0.0,$0.11B,$0.08B,75.47%,$0.11B,$-0.02B,-16.98%,$0.11B,$-0.02B,-16.98%,$0.11B,$-0.01B,-7.55%,$0.11B,$-0.02B,-16.98%,$0.11B,$-0.02B,-16.98%,$-0.02B,$0.08B,-22.09%,$-0.02B,$0.05B,-31.72%,$-0.02B,$0.13B,-14.26%,$-0.02B,$0.08B,-21.62%,$27,$7,$20,$4,$23,$34,$-7,$-0,$-7,$-0,$-7,$-7,$-7,$-5,$-7,$26,26,$-0.26,$-0.26,$62,$0,$0,$87,$14,$0,$25,$1,$39,$126,$40,$0,$8,$8,$48,$0,$-167,$-1,$78,$126,$-11,$4,$7,$11,$0,$0,$0,$7,$7,$6,$-1,$-0,$0,$0,$0,$0,$0,$-1,$-1,$0,$-1,$0,$0,$0,$-2,$-3,$2,$7,$0
10,2016-03-31,11.25,$3.23,3.48,$4.15,2.71,$-0.81,0.0,$-0.66,0.0,$0.09B,$0.04B,2.46,$0.00B,$0.08B,0.03,$0.10B,$0.08B,75.73%,$0.10B,$-0.02B,-17.48%,$0.10B,$-0.02B,-17.48%,$0.10B,$-0.01B,-7.77%,$0.10B,$-0.02B,-17.48%,$0.10B,$-0.02B,-17.48%,$-0.02B,$0.08B,-21.75%,$-0.02B,$0.06B,-31.17%,$-0.02B,$0.13B,-14.40%,$-0.02B,$0.08B,-21.30%,$26,$7,$19,$4,$20,$31,$-5,$0,$-5,$-0,$-5,$-5,$-5,$-3,$-5,$25,25,$-0.18,$-0.18,$62,$0,$0,$86,$16,$0,$25,$1,$41,$127,$35,$2,$8,$10,$45,$0,$-160,$-1,$82,$127,$-5,$2,$3,$5,$1,$0,$0,$4,$2,$3,$-1,$-0,$0,$0,$0,$0,$0,$-1,$-0,$0,$-0,$0,$0,$0,$-1,$-1,$1,$3,$0
11,2015-12-31,13.85,$3.33,4.16,$4.02,3.45,$-1.08,0.0,$-0.84,0.0,$0.09B,$0.04B,2.44,$0.00B,$0.08B,0.02,$0.10B,$0.08B,75.00%,$0.10B,$-0.02B,-22.00%,$0.10B,$-0.02B,-22.00%,$0.10B,$-0.01B,-12.00%,$0.10B,$-0.02B,-22.00%,$0.10B,$-0.02B,-22.00%,$-0.02B,$0.08B,-26.19%,$-0.02B,$0.06B,-37.45%,$-0.02B,$0.13B,-17.74%,$-0.02B,$0.09B,-25.73%,$29,$7,$23,$4,$19,$30,$-1,$0,$-1,$-0,$-1,$-1,$-1,$2,$-1,$25,25,$-0.03,$-0.03,$60,$0,$0,$89,$17,$0,$25,$1,$42,$131,$36,$2,$9,$11,$47,$0,$-156,$-1,$84,$131,$-21,$9,$12,$20,$-5,$0,$0,$0,$-1,$-1,$-4,$-0,$0,$0,$0,$0,$0,$-4,$-2,$0,$-2,$1,$1,$0,$-1,$-2,$-8,$12,$0
12,2015-09-30,9.94,$3.25,3.05,$3.81,2.61,$-1.98,0.0,$-1.07,0.0,$0.08B,$0.03B,2.49,$0.00B,$0.08B,0.03,$0.10B,$0.07B,73.68%,$0.10B,$-0.03B,-28.42%,$0.10B,$-0.03B,-28.42%,$0.10B,$-0.02B,-18.95%,$0.10B,$-0.03B,-29.47%,$0.10B,$-0.03B,-29.47%,$-0.03B,$0.08B,-32.37%,$-0.03B,$0.06B,-45.90%,$-0.03B,$0.12B,-22.76%,$-0.03B,$0.08B,-30.68%,$24,$6,$18,$4,$19,$29,$-5,$-0,$-5,$0,$-5,$-5,$-5,$-2,$-5,$25,25,$-0.19,$-0.19,$59,$0,$0,$82,$13,$0,$25,$1,$39,$121,$33,$2,$4,$6,$39,$0,$-155,$-1,$82,$121,$-20,$6,$9,$15,$-3,$0,$0,$1,$-0,$-5,$-3,$-0,$0,$0,$0,$0,$0,$-4,$-2,$0,$-2,$0,$0,$0,$-1,$-2,$-9,$9,$0
13,2015-06-30,11.95,$3.32,3.6,$3.69,3.24,$-2.55,0.0,$-1.24,0.0,$0.08B,$0.03B,2.55,$0.00B,$0.08B,0.01,$0.09B,$0.07B,72.83%,$0.09B,$-0.03B,-33.70%,$0.09B,$-0.03B,-33.70%,$0.09B,$-0.02B,-25.00%,$0.09B,$-0.03B,-34.78%,$0.09B,$-0.03B,-34.78%,$-0.03B,$0.08B,-35.46%,$-0.03B,$0.06B,-47.76%,$-0.03B,$0.12B,-25.55%,$-0.03B,$0.08B,-33.79%,$24,$6,$18,$4,$20,$31,$-7,$0,$-7,$0,$-7,$-7,$-7,$-5,$-7,$25,25,$-0.26,$-0.26,$58,$0,$0,$81,$14,$0,$25,$1,$40,$121,$32,$1,$5,$6,$38,$0,$-150,$-1,$83,$121,$-15,$4,$6,$10,$-1,$0,$0,$0,$-1,$-6,$-3,$-0,$0,$0,$0,$0,$0,$-3,$-0,$0,$-0,$0,$0,$0,$-1,$-1,$-11,$6,$0
14,2015-03-31,9.69,$3.47,2.79,$3.56,2.72,$-2.99,0.0,$-1.37,0.0,$0.09B,$0.03B,2.78,$0.00B,$0.09B,0.02,$0.09B,$0.06B,70.79%,$0.09B,$-0.03B,-38.20%,$0.09B,$-0.03B,-38.20%,$0.09B,$-0.03B,-29.21%,$0.09B,$-0.04B,-39.33%,$0.09B,$-0.04B,-39.33%,$-0.04B,$0.09B,-36.75%,$-0.04B,$0.06B,-47.14%,$-0.04B,$0.12B,-27.18%,$-0.03B,$0.09B,-34.96%,$23,$6,$16,$4,$21,$32,$-9,$-0,$-9,$-0,$-9,$-9,$-9,$-7,$-9,$25,25,$-0.36,$-0.36,$63,$0,$0,$85,$12,$0,$25,$1,$38,$123,$31,$2,$5,$6,$37,$0,$-144,$-1,$87,$123,$-9,$2,$3,$5,$-2,$0,$0,$-0,$-0,$-4,$-1,$-1,$0,$0,$0,$0,$0,$-1,$-0,$0,$-0,$0,$0,$0,$0,$-0,$-5,$3,$0
15,2014-12-31,21.58,$3.76,5.74,$3.46,6.24,$-3.21,0.0,$-1.40,0.0,$0.09B,$0.03B,3.23,$0.00B,$0.09B,0.02,$0.09B,$0.06B,71.76%,$0.09B,$-0.03B,-40.00%,$0.09B,$-0.03B,-40.00%,$0.09B,$-0.03B,-31.76%,$0.09B,$-0.04B,-41.18%,$0.09B,$-0.04B,-41.18%,$-0.04B,$0.09B,-34.65%,$-0.04B,$0.07B,-42.55%,$-0.04B,$0.13B,-26.32%,$-0.03B,$0.10B,-33.01%,$24,$6,$18,$4,$22,$30,$-6,$-0,$-7,$-0,$-7,$-7,$-7,$-4,$-6,$25,25,$-0.26,$-0.26,$68,$0,$0,$88,$13,$0,$26,$1,$39,$127,$27,$2,$4,$6,$33,$0,$-135,$-0,$94,$127,$-35,$6,$8,$14,$-0,$0,$0,$1,$-1,$-22,$-6,$-1,$-8,$0,$0,$0,$0,$-15,$-2,$0,$-2,$2,$2,$0,$0,$0,$-36,$8,$0
16,2014-09-30,16.4,$3.91,4.2,$3.99,4.12,$-2.75,0.0,$-1.52,0.0,$0.10B,$0.03B,3.5,$0.00B,$0.10B,0.02,$0.08B,$0.06B,71.60%,$0.08B,$-0.03B,-40.74%,$0.08B,$-0.03B,-40.74%,$0.08B,$-0.03B,-33.33%,$0.08B,$-0.04B,-44.44%,$0.08B,$-0.04B,-45.68%,$-0.04B,$0.10B,-34.58%,$-0.04B,$0.08B,-40.88%,$-0.04B,$0.13B,-26.71%,$-0.03B,$0.10B,-30.34%,$21,$6,$15,$4,$19,$30,$-9,$-0,$-9,$0,$-9,$-9,$-9,$-7,$-9,$25,25,$-0.36,$-0.36,$82,$0,$0,$99,$14,$0,$16,$1,$31,$130,$28,$2,$3,$5,$33,$0,$-128,$-0,$97,$130,$-28,$4,$5,$10,$2,$0,$0,$1,$1,$-17,$-5,$-1,$0,$0,$0,$0,$0,$-6,$-1,$0,$-1,$2,$2,$0,$0,$1,$-22,$5,$0
17,2014-06-30,26.36,$4.18,6.3,$3.91,6.74,$-2.00,0.0,$-1.36,0.0,$0.10B,$0.03B,3.83,$0.00B,$0.10B,0.03,$0.08B,$0.06B,71.43%,$0.08B,$-0.03B,-36.36%,$0.08B,$-0.03B,-36.36%,$0.08B,$-0.02B,-29.87%,$0.08B,$-0.03B,-40.26%,$0.08B,$-0.03B,-41.56%,$-0.03B,$0.10B,-30.40%,$-0.03B,$0.09B,-36.16%,$-0.03B,$0.14B,-23.15%,$-0.03B,$0.11B,-25.69%,$21,$6,$14,$4,$19,$30,$-10,$-0,$-10,$0,$-10,$-10,$-10,$-8,$-10,$25,25,$-0.39,$-0.39,$85,$0,$0,$102,$15,$0,$17,$1,$32,$135,$27,$3,$2,$5,$32,$0,$-119,$-0,$103,$135,$-19,$3,$3,$6,$1,$0,$0,$1,$-1,$-14,$-5,$-1,$0,$0,$0,$0,$0,$-6,$-1,$0,$-1,$1,$1,$0,$0,$1,$-19,$3,$0
18,2014-03-31,37.74,$4.48,8.42,$4.87,7.75,$-1.22,0.0,$-1.53,0.0,$0.11B,$0.03B,4.17,$0.00B,$0.11B,0.01,$0.07B,$0.05B,73.61%,$0.07B,$-0.02B,-29.17%,$0.07B,$-0.02B,-29.17%,$0.07B,$-0.02B,-25.00%,$0.07B,$-0.03B,-36.11%,$0.07B,$-0.03B,-37.50%,$-0.03B,$0.11B,-26.21%,$-0.03B,$0.09B,-31.40%,$-0.03B,$0.14B,-19.71%,$-0.02B,$0.11B,-19.35%,$19,$6,$14,$4,$18,$29,$-9,$-0,$-9,$0,$-9,$-9,$-9,$-8,$-9,$24,24,$-0.39,$-0.39,$95,$0,$0,$110,$12,$0,$17,$1,$29,$140,$26,$1,$2,$3,$30,$0,$-109,$-0,$110,$140,$-9,$1,$1,$2,$2,$0,$0,$1,$1,$-6,$-3,$-0,$0,$0,$0,$0,$0,$-4,$-0,$0,$-0,$1,$1,$0,$0,$0,$-9,$1,$0
