,Date,Stock Price,Book Value per Share,Price to Book Ratio,TTM Sales per Share,Price to Sales Ratio,TTM FCF per Share,Price to FCF Ratio,TTM Net EPS,PE Ratio,Current Assets,Current Liabilities,Current Ratio,Long Term Debt,Shareholder's Equity_x,Debt to Equity Ratio,TTM Revenue_x,TTM Gross Profit,Gross Margin,TTM Revenue_y,TTM Operating Income,Operating Margin,TTM Revenue_x,TTM EBIT,EBIT Margin,TTM Revenue_y,TTM EBITDA,EBITDA Margin,TTM Revenue_x,TTM Pre-Tax Income,Pre-Tax Margin,TTM Revenue_y,TTM Net Income_x,Net Margin,TTM Net Income_y,Shareholder's Equity_y,Return on Equity,TTM Net Income_x,Tangible Equity,Return on Tangible Equity,TTM Net Income_y,Total Assets,Return on Assets,TTM Net Income,LT Investments & Debt,Return on Investment,revenue,cost-goods-sold,gross-profit,research-development-expenses,selling-general-administrative-expenses,operating-expenses,operating-income,total-non-operating-income-expense,pre-tax-income,total-provision-income-taxes,income-after-taxes,income-from-continuous-operations,net-income,ebitda,ebit,basic-shares-outstanding,shares-outstanding,eps-basic-net-earnings-per-share,eps-earnings-per-share-diluted,cash-on-hand,inventory,other-current-assets,total-current-assets,net-property-plant-equipment,long-term-investments,goodwill-intangible-assets-total,other-long-term-assets,total-long-term-assets,total-assets,total-current-liabilities,long-term-debt,other-non-current-liabilities,total-long-term-liabilities,total-liabilities,common-stock-net,retained-earnings-accumulated-deficit,comprehensive-income,total-share-holder-equity,total-liabilities-share-holders-equity,net-income-loss,total-depreciation-amortization-cash-flow,other-non-cash-items,total-non-cash-items,change-in-accounts-receivable,change-in-inventories,change-in-accounts-payable,change-in-assets-liabilities,total-change-in-assets-liabilities,cash-flow-from-operating-activities,net-change-in-property-plant-equipment,net-change-in-intangible-assets,net-acquisitions-divestitures,net-change-in-short-term-investments,net-change-in-long-term-investments,net-change-in-investments-total,investing-activities-other,cash-flow-from-investing-activities,net-long-term-debt,net-current-debt,debt-issuance-retirement-net-total,net-common-equity-issued-repurchased,net-total-equity-issued-repurchased,total-common-preferred-stock-dividends-paid,financial-activities-other,cash-flow-from-financial-activities,net-cash-flow,stock-based-compensation,common-stock-dividends-paid
0,2018-09-30,35.85,$25.19,1.42,$48.82,0.73,$8.74,4.1,$2.31,15.52,$0.21B,$0.27B,0.75,$3.56B,$0.78B,4.58,$1.33B,$1.33B,100.00%,$1.33B,$0.11B,8.41%,$1.33B,0,0.00%,$1.33B,0,0.00%,$1.33B,$0.11B,8.41%,$1.33B,$0.08B,6.16%,$0.08B,$0.78B,12.78%,$0.08B,$-0.12B,-29.10%,$0.08B,$4.65B,1.78%,$0.11B,$4.34B,2.68%,$337,$0,$337,$0,$297,$307,$30,$0,$30,$17,$13,$13,$21,$0,$0,$30,30,$0.69,$0.69,$205,$0,$0,$205,$96,$3109,$899,$339,$4443,$4647,$274,$3561,$33,$3596,$3870,$0,$673,$-103,$777,$4647,$64,$31,$29,$60,$0,$0,$0,$-20,$-4,$120,$-37,$0,$0,$0,$-267,$-267,$-22,$-326,$458,$0,$458,$0,$0,$0,$-253,$205,$-7,$10,$0
1,2018-06-30,36.6,$23.74,1.54,$49.11,0.75,$8.29,4.42,$3.36,10.89,$0.18B,$0.29B,0.63,$3.53B,$0.62B,5.74,$1.30B,$1.30B,100.00%,$1.30B,$0.14B,10.91%,$1.30B,0,0.00%,$1.30B,0,0.00%,$1.30B,$0.14B,10.91%,$1.30B,$0.09B,6.84%,$0.09B,$0.62B,15.14%,$0.09B,$-0.29B,-27.45%,$0.09B,$4.61B,1.99%,$0.14B,$4.15B,3.53%,$350,$0,$350,$0,$301,$311,$38,$0,$38,$11,$27,$27,$26,$0,$0,$26,26,$1.01,$1.00,$182,$0,$0,$182,$89,$3085,$909,$342,$4425,$4606,$286,$3530,$38,$3704,$3991,$0,$652,$-97,$615,$4606,$51,$21,$10,$31,$0,$0,$0,$-13,$16,$98,$-25,$0,$0,$0,$-218,$-218,$2,$-241,$132,$0,$132,$0,$0,$0,$-11,$121,$-30,$5,$0
2,2018-03-31,45.2,$23.22,1.95,$46.89,0.96,$7.77,5.81,$3.13,14.44,$0.22B,$0.25B,0.89,$3.61B,$0.60B,5.99,$1.24B,$1.24B,100.00%,$1.24B,$0.14B,11.03%,$1.24B,0,0.00%,$1.24B,0,0.00%,$1.24B,$0.14B,11.03%,$1.24B,$0.08B,6.68%,$0.08B,$0.60B,14.57%,$0.08B,$-0.36B,-25.68%,$0.08B,$4.64B,1.93%,$0.14B,$4.21B,3.55%,$327,$0,$327,$0,$283,$294,$33,$0,$33,$9,$24,$24,$22,$0,$0,$26,26,$0.84,$0.83,$217,$0,$0,$217,$81,$3024,$957,$363,$4425,$4642,$245,$3607,$33,$3796,$4040,$0,$626,$-61,$602,$4642,$24,$10,$10,$21,$0,$0,$0,$-6,$-44,$1,$-11,$0,$0,$0,$-75,$-75,$1,$-84,$89,$0,$89,$0,$0,$0,$-4,$85,$5,$2,$0
3,2017-12-31,42.1,$22.17,1.9,$44.94,0.94,$8.97,4.69,$3.15,13.37,$0.21B,$0.29B,0.75,$3.45B,$0.57B,6.03,$1.19B,$1.19B,100.00%,$1.19B,$0.13B,11.04%,$1.19B,0,0.00%,$1.19B,0,0.00%,$1.19B,$0.13B,11.04%,$1.19B,$0.08B,6.99%,$0.08B,$0.57B,14.64%,$0.08B,$-0.36B,-29.05%,$0.08B,$4.49B,2.03%,$0.13B,$4.02B,3.57%,$317,$0,$317,$0,$292,$306,$11,$0,$11,$9,$3,$3,$13,$0,$0,$26,26,$0.49,$0.48,$212,$0,$0,$212,$76,$2891,$929,$383,$4279,$4491,$285,$3447,$35,$3634,$3919,$0,$616,$-77,$572,$4491,$79,$40,$34,$74,$0,$0,$0,$-4,$-29,$124,$-28,$0,$-96,$0,$-1046,$-1046,$718,$-452,$445,$0,$445,$0,$0,$0,$-67,$378,$62,$10,$0
4,2017-09-30,44.3,$21.85,2.03,$43.39,1.02,$9.15,4.84,$3.55,12.48,$0.19B,$0.27B,0.7,$3.15B,$0.56B,5.6,$1.14B,$1.14B,100.00%,$1.14B,$0.16B,13.94%,$1.14B,0,0.00%,$1.14B,0,0.00%,$1.14B,$0.16B,13.94%,$1.14B,$0.09B,8.15%,$0.09B,$0.56B,16.55%,$0.09B,$-0.29B,-36.51%,$0.09B,$4.17B,2.40%,$0.16B,$3.71B,4.53%,$307,$0,$307,$0,$238,$247,$60,$0,$60,$18,$42,$42,$28,$0,$0,$26,27,$1.08,$1.05,$188,$0,$0,$188,$71,$2729,$853,$332,$3986,$4174,$270,$3148,$32,$3341,$3611,$0,$602,$-74,$562,$4174,$76,$26,$-6,$20,$0,$0,$0,$-20,$-14,$82,$-21,$0,$-6,$0,$-190,$-190,$8,$-208,$177,$0,$177,$0,$0,$0,$-21,$155,$38,$7,$0
5,2017-06-30,40.15,$21.04,1.91,$38.88,1.03,$9.53,4.21,$2.44,16.45,$0.15B,$0.26B,0.57,$2.96B,$0.54B,5.47,$1.01B,$1.01B,100.00%,$1.01B,$0.03B,3.26%,$1.01B,0,0.00%,$1.01B,0,0.00%,$1.01B,$0.03B,3.26%,$1.01B,$0.06B,6.22%,$0.06B,$0.54B,11.15%,$0.06B,$-0.29B,-25.90%,$0.06B,$3.92B,1.67%,$0.03B,$3.51B,0.96%,$291,$0,$291,$0,$250,$258,$33,$0,$33,$14,$19,$19,$20,$0,$0,$26,26,$0.78,$0.77,$147,$0,$0,$147,$71,$2556,$832,$314,$3772,$3919,$257,$2964,$30,$3120,$3377,$0,$593,$-83,$542,$3919,$34,$17,$8,$26,$0,$0,$0,$-6,$12,$71,$-12,$0,$-6,$0,$-93,$-93,$-4,$-115,$47,$0,$47,$0,$0,$0,$-11,$36,$-3,$4,$0
6,2017-03-31,30.8,$23.00,1.34,$39.05,0.79,$8.79,3.5,$2.81,10.96,$0.16B,$0.23B,0.71,$2.87B,$0.59B,4.85,$1.01B,$1.01B,100.00%,$1.01B,$0.04B,4.35%,$1.01B,0,0.00%,$1.01B,0,0.00%,$1.01B,$0.04B,4.35%,$1.01B,$0.07B,7.22%,$0.07B,$0.59B,12.44%,$0.07B,$-0.21B,-32.63%,$0.07B,$3.77B,1.96%,$0.04B,$3.46B,1.28%,$272,$0,$272,$0,$236,$245,$27,$0,$27,$12,$15,$15,$22,$0,$0,$26,26,$0.85,$0.85,$160,$0,$0,$160,$72,$2436,$796,$301,$3605,$3765,$225,$2871,$30,$2948,$3173,$0,$581,$-94,$592,$3765,$15,$9,$7,$15,$0,$0,$0,$-2,$-3,$27,$-6,$0,$0,$0,$-33,$-33,$-10,$-49,$28,$0,$28,$0,$0,$0,$-0,$28,$10,$1,$0
7,2016-12-31,28.65,$21.56,1.33,$39.79,0.72,$9.11,3.14,$2.95,9.71,$0.15B,$0.23B,0.64,$2.81B,$0.55B,5.09,$1.03B,$1.03B,100.00%,$1.03B,$0.06B,5.54%,$1.03B,0,0.00%,$1.03B,0,0.00%,$1.03B,$0.06B,5.54%,$1.03B,$0.08B,7.49%,$0.08B,$0.55B,12.97%,$0.08B,$-0.23B,-32.02%,$0.08B,$3.67B,2.06%,$0.06B,$3.36B,1.66%,$271,$0,$271,$0,$224,$233,$39,$0,$39,$28,$10,$10,$23,$0,$0,$26,26,$0.88,$0.89,$150,$0,$0,$150,$72,$2383,$785,$281,$3521,$3670,$234,$2806,$33,$2884,$3119,$0,$561,$-105,$552,$3670,$17,$35,$71,$106,$0,$0,$0,$-20,$7,$130,$-32,$0,$105,$0,$-907,$-907,$665,$-169,$95,$0,$95,$0,$0,$0,$-52,$43,$-4,$13,$0
8,2016-09-30,22.48,$22.50,1.0,$40.23,0.56,$8.59,2.62,$2.03,11.07,$0.16B,$0.22B,0.73,$2.85B,$0.58B,4.96,$1.05B,$1.05B,100.00%,$1.05B,$0.05B,5.06%,$1.05B,0,0.00%,$1.05B,0,0.00%,$1.05B,$0.05B,5.06%,$1.05B,$0.05B,5.06%,$0.05B,$0.58B,8.74%,$0.05B,$-0.25B,-20.19%,$0.05B,$3.71B,1.37%,$0.05B,$3.42B,1.52%,$179,$0,$179,$0,$237,$245,$-66,$0,$-66,$-14,$-52,$-52,$-2,$0,$0,$26,26,$-0.06,$-0.06,$158,$0,$0,$158,$67,$2398,$820,$263,$3548,$3705,$217,$2848,$32,$2914,$3131,$0,$597,$-103,$575,$3705,$5,$26,$73,$99,$0,$0,$0,$8,$-19,$85,$-17,$0,$105,$0,$-205,$-205,$25,$-92,$33,$0,$33,$0,$0,$0,$-19,$14,$4,$10,$0
9,2016-06-30,23.53,$24.62,0.96,$44.22,0.53,$7.79,3.02,$1.66,14.17,$0.14B,$0.22B,0.64,$2.85B,$0.63B,4.53,$1.15B,$1.15B,100.00%,$1.15B,$0.10B,8.80%,$1.15B,0,0.00%,$1.15B,0,0.00%,$1.15B,$0.10B,8.80%,$1.15B,$0.04B,3.83%,$0.04B,$0.63B,7.11%,$0.04B,$-0.21B,-15.73%,$0.04B,$3.77B,1.11%,$0.10B,$3.48B,2.83%,$289,$0,$289,$0,$237,$245,$44,$0,$44,$13,$31,$31,$30,$0,$0,$26,26,$1.15,$1.14,$139,$0,$0,$139,$67,$2470,$841,$254,$3631,$3770,$217,$2849,$35,$2925,$3142,$0,$599,$-93,$628,$3770,$57,$18,$-4,$14,$0,$0,$0,$-1,$-23,$49,$-10,$0,$105,$0,$-166,$-166,$18,$-53,$4,$0,$4,$0,$0,$0,$-16,$-11,$-15,$9,$0
10,2016-03-31,25.74,$24.26,1.06,$43.54,0.59,$7.65,3.36,$1.55,16.61,$0.15B,$0.24B,0.61,$2.89B,$0.62B,4.68,$1.14B,$1.14B,100.00%,$1.14B,$0.10B,8.32%,$1.14B,0,0.00%,$1.14B,0,0.00%,$1.14B,$0.10B,8.32%,$1.14B,$0.04B,3.68%,$0.04B,$0.62B,6.73%,$0.04B,$-0.27B,-13.65%,$0.04B,$3.82B,1.04%,$0.10B,$3.51B,2.61%,$289,$0,$289,$0,$239,$249,$40,$0,$40,$10,$30,$30,$26,$0,$0,$26,26,$1.01,$0.99,$145,$0,$0,$145,$68,$2487,$891,$233,$3679,$3824,$238,$2893,$33,$2967,$3205,$0,$569,$-68,$619,$3824,$27,$10,$-11,$-1,$0,$0,$0,$1,$6,$32,$-3,$0,$106,$0,$-100,$-100,$16,$19,$-52,$0,$-52,$0,$0,$0,$-10,$-61,$-9,$4,$0
11,2015-12-31,29.08,$23.87,1.22,$42.54,0.68,$7.08,4.11,$1.64,17.73,$0.12B,$0.29B,0.43,$2.94B,$0.60B,4.88,$1.13B,$1.13B,100.00%,$1.13B,$0.10B,8.66%,$1.13B,0,0.00%,$1.13B,0,0.00%,$1.13B,$0.10B,8.66%,$1.13B,$0.05B,3.98%,$0.05B,$0.60B,7.16%,$0.05B,$-0.32B,-15.15%,$0.05B,$4.18B,1.12%,$0.10B,$3.55B,2.72%,$291,$0,$291,$0,$247,$256,$35,$0,$35,$4,$31,$31,$-1,$0,$0,$26,27,$-0.02,$0.01,$124,$0,$0,$124,$73,$2441,$925,$224,$4051,$4175,$291,$2944,$65,$3280,$3571,$0,$543,$-58,$604,$4175,$47,$33,$55,$89,$0,$0,$0,$-33,$-20,$116,$-29,$0,$-277,$0,$-750,$-750,$582,$-473,$460,$0,$460,$-33,$-33,$0,$-26,$400,$29,$22,$0
12,2015-09-30,37.0,$24.76,1.49,$40.62,0.91,$7.01,5.28,$2.66,13.91,$0.47B,$0.24B,1.98,$3.12B,$0.63B,4.98,$1.09B,$1.09B,100.00%,$1.09B,$0.10B,9.02%,$1.09B,0,0.00%,$1.09B,0,0.00%,$1.09B,$0.10B,9.02%,$1.09B,$0.07B,6.72%,$0.07B,$0.63B,11.51%,$0.07B,$-0.31B,-25.66%,$0.07B,$4.10B,1.87%,$0.10B,$3.74B,2.75%,$279,$0,$279,$0,$289,$297,$-18,$0,$-18,$-6,$-12,$-12,$-11,$0,$0,$25,25,$-0.43,$-0.43,$175,$0,$0,$473,$63,$2323,$940,$304,$3630,$4103,$239,$3116,$95,$3238,$3477,$0,$544,$-29,$626,$4103,$46,$24,$36,$60,$0,$0,$0,$-31,$-42,$63,$-16,$0,$-236,$0,$-62,$-62,$-41,$-355,$396,$0,$396,$-33,$-33,$0,$-17,$346,$51,$17,$0
13,2015-06-30,42.74,$25.59,1.67,$39.66,1.08,$8.25,5.18,$4.20,10.18,$0.45B,$0.22B,2.12,$3.13B,$0.65B,4.85,$1.08B,$1.08B,100.00%,$1.08B,$0.16B,14.43%,$1.08B,0,0.00%,$1.08B,0,0.00%,$1.08B,$0.16B,14.43%,$1.08B,$0.11B,10.55%,$0.11B,$0.65B,18.17%,$0.11B,$-0.32B,-39.83%,$0.11B,$4.11B,2.99%,$0.16B,$3.78B,4.49%,$283,$0,$283,$0,$236,$244,$38,$0,$38,$15,$24,$24,$28,$0,$0,$26,27,$1.07,$1.03,$138,$0,$0,$454,$66,$2352,$970,$271,$3660,$4114,$215,$3134,$92,$3254,$3468,$0,$555,$-15,$646,$4114,$55,$16,$21,$37,$0,$0,$0,$-13,$-45,$47,$-11,$0,$-238,$0,$-22,$-22,$-62,$-332,$354,$0,$354,$-33,$-33,$0,$-17,$304,$14,$12,$0
14,2015-03-31,41.59,$24.50,1.7,$38.95,1.07,$8.47,4.91,$4.03,10.32,$0.40B,$0.20B,2.05,$2.69B,$0.64B,4.22,$1.07B,$1.07B,100.00%,$1.07B,$0.15B,14.34%,$1.07B,0,0.00%,$1.07B,0,0.00%,$1.07B,$0.15B,14.34%,$1.07B,$0.11B,10.31%,$0.11B,$0.64B,18.06%,$0.11B,$-0.23B,-38.97%,$0.11B,$3.65B,2.99%,$0.15B,$3.33B,4.56%,$278,$0,$278,$0,$227,$235,$43,$0,$43,$15,$28,$28,$29,$0,$0,$26,27,$1.13,$1.08,$136,$0,$0,$401,$65,$2038,$866,$279,$3247,$3648,$196,$2691,$96,$2815,$3011,$0,$528,$-23,$637,$3648,$30,$8,$3,$12,$0,$0,$0,$-12,$-22,$19,$-4,$0,$0,$0,$21,$21,$-12,$4,$-0,$0,$-0,$0,$0,$0,$-12,$-12,$12,$6,$0
15,2014-12-31,44.4,$24.31,1.83,$37.78,1.18,$8.24,5.39,$3.77,11.78,$0.38B,$0.23B,1.65,$2.77B,$0.63B,4.42,$1.04B,$1.04B,100.00%,$1.04B,$0.14B,13.52%,$1.04B,0,0.00%,$1.04B,0,0.00%,$1.04B,$0.14B,13.52%,$1.04B,$0.10B,9.97%,$0.10B,$0.63B,17.63%,$0.10B,$-0.27B,-35.14%,$0.10B,$3.75B,2.87%,$0.14B,$3.40B,4.26%,$247,$0,$247,$0,$205,$212,$35,$0,$35,$13,$23,$23,$27,$0,$0,$26,27,$1.03,$0.98,$124,$0,$0,$384,$67,$2144,$898,$258,$3367,$3750,$232,$2774,$89,$2891,$3123,$0,$498,$-1,$627,$3750,$98,$27,$-35,$-7,$0,$0,$0,$-11,$21,$112,$-23,$0,$-446,$0,$-229,$-229,$-57,$-755,$698,$0,$698,$-17,$-17,$0,$-55,$626,$-2,$17,$0
16,2014-09-30,44.31,$23.33,1.9,$37.84,1.17,$7.36,6.02,$3.61,12.27,$0.39B,$0.19B,2.04,$2.79B,$0.60B,4.65,$1.03B,$1.03B,100.00%,$1.03B,$0.15B,14.04%,$1.03B,0,0.00%,$1.03B,0,0.00%,$1.03B,$0.15B,14.04%,$1.03B,$0.10B,9.68%,$0.10B,$0.60B,17.32%,$0.10B,$-0.32B,-47.56%,$0.10B,$3.72B,2.98%,$0.15B,$3.39B,4.72%,$273,$0,$273,$0,$226,$233,$40,$0,$40,$10,$30,$30,$30,$0,$0,$26,27,$1.17,$1.11,$115,$0,$0,$392,$65,$2073,$922,$271,$3331,$3722,$192,$2791,$109,$2930,$3122,$0,$472,$3,$600,$3722,$70,$20,$-1,$19,$0,$0,$0,$-16,$10,$99,$-14,$0,$-496,$0,$-178,$-178,$-17,$-704,$666,$0,$666,$-17,$-17,$0,$-56,$593,$-11,$14,$0
17,2014-06-30,45.42,$22.30,2.04,$36.50,1.24,$5.41,8.39,$3.31,13.72,$0.40B,$0.16B,2.46,$2.72B,$0.57B,4.75,$1.00B,$1.00B,100.00%,$1.00B,$0.14B,13.76%,$1.00B,0,0.00%,$1.00B,0,0.00%,$1.00B,$0.14B,13.76%,$1.00B,$0.09B,9.24%,$0.09B,$0.57B,16.30%,$0.09B,$-0.31B,-79.83%,$0.09B,$3.59B,2.99%,$0.14B,$3.29B,4.88%,$269,$0,$269,$0,$227,$234,$35,$0,$35,$14,$21,$21,$24,$0,$0,$26,27,$0.91,$0.86,$123,$0,$0,$403,$59,$1988,$880,$263,$3190,$3593,$164,$2716,$110,$2857,$3021,$0,$441,$11,$572,$3593,$40,$13,$16,$29,$0,$0,$0,$-9,$-16,$52,$-9,$0,$-304,$0,$-150,$-150,$-32,$-494,$514,$0,$514,$-17,$-17,$0,$-54,$443,$-3,$10,$0
18,2014-03-31,45.7,$21.83,2.09,$32.99,1.39,$4.07,11.23,$2.89,15.81,$0.41B,$0.13B,3.25,$2.61B,$0.56B,4.66,$0.88B,$0.88B,100.00%,$0.88B,$0.12B,13.59%,$0.88B,0,0.00%,$0.88B,0,0.00%,$0.88B,$0.12B,13.59%,$0.88B,$0.08B,8.95%,$0.08B,$0.56B,14.40%,$0.08B,$-0.28B,132.77%,$0.08B,$3.44B,3.00%,$0.12B,$3.17B,5.01%,$254,$0,$254,$0,$217,$223,$31,$0,$31,$12,$19,$19,$23,$0,$0,$26,28,$0.90,$0.82,$196,$0,$0,$406,$56,$1904,$845,$224,$3029,$3435,$125,$2612,$111,$2749,$2874,$0,$418,$7,$561,$3435,$19,$6,$9,$15,$0,$0,$0,$-0,$-22,$12,$-3,$0,$-258,$0,$-95,$-95,$3,$-353,$456,$0,$456,$0,$0,$0,$-50,$406,$70,$5,$0
19,2013-12-31,50.26,$22.62,2.22,$29.92,1.68,$4.62,10.88,$2.87,17.51,$0.34B,$0.14B,2.47,$1.85B,$0.58B,3.21,$0.77B,$0.77B,100.00%,$0.77B,$0.12B,15.63%,$0.77B,0,0.00%,$0.77B,0,0.00%,$0.77B,$0.12B,15.63%,$0.77B,$0.08B,9.69%,$0.08B,$0.58B,14.56%,$0.08B,$0.07B,33.44%,$0.08B,$2.69B,3.65%,$0.12B,$2.43B,6.48%,$237,$0,$237,$0,$193,$198,$39,$0,$39,$15,$24,$24,$23,$0,$0,$25,26,$0.90,$0.82,$126,$0,$0,$339,$56,$1590,$504,$196,$2346,$2685,$137,$1850,$95,$1972,$2109,$0,$395,$5,$576,$2685,$74,$14,$-12,$2,$0,$0,$0,$-12,$-1,$75,$-13,$0,$-449,$0,$297,$297,$-52,$-217,$340,$0,$340,$-1,$-1,$0,$-93,$246,$109,$13,$0
20,2013-09-30,45.77,$21.57,2.12,$26.41,1.73,$5.85,7.82,$2.84,16.12,$0.30B,$0.11B,2.78,$1.81B,$0.55B,3.3,$0.68B,$0.68B,100.00%,$0.68B,$0.12B,16.91%,$0.68B,0,0.00%,$0.68B,0,0.00%,$0.68B,$0.12B,17.06%,$0.68B,$0.07B,10.59%,$0.07B,$0.55B,15.23%,$0.07B,$0.06B,24.51%,$0.07B,$2.59B,4.30%,$0.12B,$2.36B,7.47%,$236,$0,$236,$0,$199,$204,$32,$0,$32,$10,$21,$21,$22,$0,$0,$26,27,$0.86,$0.81,$110,$0,$0,$296,$50,$1596,$490,$159,$2295,$2591,$107,$1807,$7,$1936,$2043,$0,$372,$0,$548,$2591,$52,$9,$5,$14,$0,$0,$0,$2,$-25,$40,$-8,$0,$-413,$0,$262,$262,$-55,$-214,$327,$0,$327,$0,$0,$0,$-62,$265,$93,$9,$0
21,2013-06-30,33.11,$20.21,1.64,$23.32,1.42,$7.22,4.58,$2.85,11.62,$0.42B,$0.08B,5.47,$1.11B,$0.51B,2.17,$0.59B,$0.59B,100.00%,$0.59B,$0.12B,20.03%,$0.59B,0,0.00%,$0.59B,0,0.00%,$0.59B,$0.12B,20.20%,$0.59B,$0.07B,12.05%,$0.07B,$0.51B,16.01%,$0.07B,$0.39B,19.05%,$0.07B,$1.81B,5.44%,$0.12B,$1.62B,9.73%,$156,$0,$156,$0,$136,$138,$18,$0,$18,$7,$11,$11,$11,$0,$0,$24,25,$0.46,$0.44,$222,$0,$0,$420,$37,$1097,$120,$132,$1385,$1805,$77,$1108,$6,$1218,$1295,$0,$350,$-3,$510,$1805,$30,$4,$1,$5,$0,$0,$0,$-7,$-24,$11,$-5,$0,$-293,$0,$162,$162,$-66,$-203,$430,$0,$430,$-1,$-1,$0,$-33,$396,$205,$5,$0
22,2013-03-31,30.1,$18.30,1.65,$22.54,1.34,$8.61,3.49,$3.05,9.87,$0.19B,$0.05B,3.81,$0.65B,$0.43B,1.51,$0.58B,$0.57B,99.83%,$0.58B,$0.13B,22.96%,$0.58B,0,0.00%,$0.58B,0,0.00%,$0.58B,$0.13B,23.13%,$0.58B,$0.08B,13.39%,$0.08B,$0.43B,18.47%,$0.08B,$0.38B,21.27%,$0.08B,$1.13B,6.72%,$0.13B,$1.07B,12.17%,$145,$0,$145,$0,$111,$113,$32,$0,$32,$13,$19,$19,$19,$0,$0,$23,24,$0.83,$0.80,$30,$0,$0,$188,$24,$802,$52,$67,$944,$1132,$49,$646,$2,$656,$706,$0,$339,$-1,$427,$1132,$19,$2,$3,$5,$0,$0,$0,$-2,$-0,$24,$-2,$0,$0,$0,$73,$73,$-16,$55,$-61,$0,$-61,$1,$1,$0,$-6,$-66,$12,$3,$0
23,2012-12-31,30.62,$17.50,1.75,$21.53,1.42,$8.73,3.51,$2.69,11.38,$0.15B,$0.04B,3.48,$0.71B,$0.41B,1.74,$0.56B,$0.56B,99.82%,$0.56B,$0.13B,23.38%,$0.56B,0,0.00%,$0.56B,0,0.00%,$0.56B,$0.13B,23.56%,$0.56B,$0.07B,12.41%,$0.07B,$0.41B,16.97%,$0.07B,$0.35B,19.01%,$0.07B,$1.17B,6.44%,$0.13B,$1.11B,12.85%,$143,$0,$143,$0,$109,$110,$33,$0,$34,$13,$20,$20,$20,$0,$0,$25,26,$0.82,$0.79,$18,$0,$0,$153,$23,$873,$55,$67,$1019,$1171,$44,$706,$7,$722,$766,$0,$319,$-2,$406,$1171,$69,$16,$-1,$15,$0,$0,$0,$3,$14,$99,$-6,$0,$-187,$0,$-152,$-152,$2,$-344,$331,$0,$331,$-49,$-49,$0,$-27,$255,$9,$9,$0
24,2012-09-30,28.26,$17.25,1.64,$20.32,1.39,$8.23,3.43,$2.57,11.0,$0.16B,$0.04B,3.74,$0.62B,$0.43B,1.43,$0.53B,$0.52B,99.81%,$0.53B,$0.12B,22.48%,$0.53B,0,0.00%,$0.53B,0,0.00%,$0.53B,$0.12B,23.62%,$0.53B,$0.07B,12.57%,$0.07B,$0.43B,16.58%,$0.07B,$0.38B,18.12%,$0.07B,$1.11B,6.72%,$0.12B,$1.05B,12.77%,$145,$0,$145,$0,$108,$110,$35,$0,$35,$14,$21,$21,$21,$0,$0,$25,26,$0.85,$0.82,$19,$0,$0,$161,$20,$812,$56,$61,$948,$1109,$43,$615,$2,$635,$678,$0,$299,$-1,$431,$1109,$49,$17,$6,$23,$0,$0,$0,$1,$-6,$66,$0,$-4,$-187,$0,$-69,$-69,$-23,$-282,$227,$0,$227,$0,$0,$0,$-0,$227,$11,$7,$0
25,2012-06-30,29.62,$16.28,1.82,$19.27,1.54,$7.83,3.78,$2.35,12.6,$0.16B,$0.04B,3.9,$0.70B,$0.40B,1.74,$0.50B,$0.50B,99.80%,$0.50B,$0.11B,21.77%,$0.50B,0,0.00%,$0.50B,0,0.00%,$0.50B,$0.11B,22.98%,$0.50B,$0.06B,12.10%,$0.06B,$0.40B,15.84%,$0.06B,$0.35B,16.91%,$0.06B,$1.17B,6.73%,$0.11B,$1.11B,12.91%,$142,$1,$141,$0,$108,$110,$32,$0,$32,$13,$19,$19,$17,$0,$0,$25,26,$0.67,$0.64,$15,$0,$0,$160,$20,$870,$56,$62,$1008,$1168,$41,$702,$5,$723,$764,$0,$278,$-3,$404,$1168,$28,$14,$5,$19,$0,$0,$0,$-1,$-2,$45,$-3,$0,$-186,$0,$-154,$-154,$-5,$-348,$310,$0,$310,$3,$3,$0,$-2,$310,$7,$5,$0
26,2012-03-31,22.55,$15.58,1.45,$18.11,1.24,$7.39,3.05,$2.29,9.85,$0.02B,$0.03B,0.57,$0.40B,$0.39B,1.04,$0.47B,$0.47B,100.00%,$0.47B,$0.10B,21.51%,$0.47B,0,0.00%,$0.47B,0,0.00%,$0.47B,$0.11B,22.80%,$0.47B,$0.06B,12.47%,$0.06B,$0.39B,16.02%,$0.06B,$0.38B,16.67%,$0.06B,$0.84B,7.34%,$0.10B,$0.78B,13.53%,$126,$0,$126,$0,$95,$97,$30,$0,$30,$12,$18,$18,$11,$0,$0,$25,26,$0.46,$0.44,$15,$0,$0,$19,$20,$742,$6,$52,$819,$838,$33,$398,$5,$420,$453,$0,$261,$-1,$385,$838,$11,$12,$2,$14,$0,$0,$0,$-2,$1,$27,$-2,$0,$0,$0,$-26,$-26,$1,$-27,$7,$0,$7,$1,$1,$0,$-1,$7,$7,$2,$0
27,2011-12-31,21.26,$15.15,1.4,$17.54,1.21,$7.36,2.89,$2.39,8.9,$0.01B,$0.03B,0.27,$0.39B,$0.37B,1.05,$0.45B,$0.44B,98.89%,$0.45B,$0.09B,20.49%,$0.45B,0,0.00%,$0.45B,0,0.00%,$0.45B,$0.10B,21.83%,$0.45B,$0.06B,13.59%,$0.06B,$0.37B,17.66%,$0.06B,$0.36B,18.56%,$0.06B,$0.81B,7.93%,$0.09B,$0.76B,12.80%,$112,$0,$112,$0,$89,$90,$21,$0,$27,$10,$17,$17,$17,$0,$0,$25,26,$0.70,$0.65,$8,$0,$0,$8,$18,$716,$16,$54,$804,$812,$30,$389,$7,$411,$441,$0,$250,$-2,$372,$812,$61,$6,$12,$18,$0,$0,$0,$-4,$6,$85,$-6,$0,$0,$0,$-83,$-83,$0,$-88,$-1,$0,$-1,$1,$1,$0,$0,$1,$-3,$8,$0
28,2011-09-30,21.85,$14.46,1.51,$16.49,1.32,$7.18,3.04,$2.28,9.58,$0.01B,$0.03B,0.52,$0.34B,$0.35B,0.97,$0.42B,$0.42B,98.81%,$0.42B,$0.08B,18.33%,$0.42B,0,0.00%,$0.42B,0,0.00%,$0.42B,$0.09B,21.90%,$0.42B,$0.06B,13.81%,$0.06B,$0.35B,17.67%,$0.06B,$0.34B,18.62%,$0.06B,$0.75B,7.73%,$0.08B,$0.70B,10.99%,$116,$0,$116,$0,$90,$91,$25,$0,$25,$10,$15,$15,$15,$0,$0,$25,26,$0.62,$0.60,$11,$0,$0,$14,$16,$650,$17,$50,$733,$747,$28,$344,$5,$366,$394,$0,$233,$-1,$354,$747,$44,$4,$8,$12,$0,$0,$0,$-2,$2,$58,$-3,$0,$0,$0,$-15,$-15,$2,$-16,$-44,$0,$-44,$1,$1,$0,$1,$-42,$-0,$6,$0
29,2011-06-30,30.72,$13.80,2.23,$15.86,1.94,$7.06,4.35,$2.17,14.16,$0.02B,$0.03B,0.68,$0.38B,$0.34B,1.12,$0.40B,$0.39B,97.51%,$0.40B,$0.07B,17.66%,$0.40B,0,0.00%,$0.40B,0,0.00%,$0.40B,$0.09B,21.39%,$0.40B,$0.06B,13.68%,$0.06B,$0.34B,17.66%,$0.06B,$0.32B,18.66%,$0.06B,$0.76B,7.54%,$0.07B,$0.72B,10.42%,$111,$0,$111,$0,$86,$87,$24,$0,$24,$9,$15,$15,$15,$0,$0,$24,26,$0.60,$0.58,$15,$0,$0,$18,$15,$658,$17,$56,$745,$763,$26,$378,$4,$400,$426,$0,$217,$0,$337,$763,$28,$3,$5,$8,$0,$0,$0,$-4,$-5,$32,$-1,$0,$0,$0,$-21,$-21,$2,$-21,$-9,$0,$-9,$1,$1,$0,$1,$-7,$4,$4,$0
30,2011-03-31,23.68,$13.19,1.79,$15.38,1.54,$7.21,3.28,$2.06,11.49,$0.03B,$0.03B,0.85,$0.38B,$0.32B,1.2,$0.39B,$0.37B,96.12%,$0.39B,$0.07B,16.80%,$0.39B,0,0.00%,$0.39B,0,0.00%,$0.39B,$0.08B,20.67%,$0.39B,$0.05B,13.44%,$0.05B,$0.32B,17.61%,$0.05B,$0.30B,18.69%,$0.05B,$0.75B,7.43%,$0.07B,$0.70B,9.96%,$110,$6,$105,$0,$81,$88,$22,$0,$22,$9,$14,$14,$14,$0,$0,$24,25,$0.56,$0.54,$22,$0,$0,$27,$14,$649,$17,$48,$727,$754,$32,$382,$4,$404,$435,$0,$203,$1,$319,$754,$14,$1,$6,$7,$0,$0,$0,$-4,$4,$25,$-1,$0,$0,$0,$-10,$-10,$1,$-10,$-3,$0,$-3,$0,$0,$0,$-1,$-3,$11,$2,$0
31,2010-12-31,23.45,$12.61,1.86,$14.59,1.61,$7.07,3.32,$1.96,11.96,$0.01B,$0.03B,0.54,$0.39B,$0.30B,1.27,$0.36B,$0.35B,96.15%,$0.36B,$0.06B,16.48%,$0.36B,0,0.00%,$0.36B,0,0.00%,$0.36B,$0.08B,20.60%,$0.36B,$0.05B,13.46%,$0.05B,$0.30B,17.52%,$0.05B,$0.29B,18.65%,$0.05B,$0.74B,7.34%,$0.06B,$0.69B,9.66%,$83,$0,$83,$0,$76,$76,$6,$0,$21,$8,$13,$13,$14,$0,$0,$24,25,$0.59,$0.55,$11,$0,$0,$14,$14,$645,$17,$47,$722,$736,$27,$385,$4,$407,$434,$0,$189,$0,$303,$736,$49,$7,$26,$32,$0,$0,$0,$-8,$-6,$75,$-3,$0,$0,$0,$-144,$-144,$4,$-143,$72,$0,$72,$2,$2,$0,$-4,$70,$3,$6,$0
32,2010-09-30,18.02,$11.99,1.5,$14.67,1.23,$7.16,2.52,$1.74,10.36,$0.02B,$0.02B,0.7,$0.34B,$0.29B,1.17,$0.36B,$0.35B,95.04%,$0.36B,$0.07B,18.46%,$0.36B,0,0.00%,$0.36B,0,0.00%,$0.36B,$0.07B,18.46%,$0.36B,$0.04B,11.85%,$0.04B,$0.29B,16.24%,$0.04B,$0.27B,17.36%,$0.04B,$0.66B,6.80%,$0.07B,$0.62B,11.44%,$98,$5,$93,$0,$73,$79,$19,$0,$19,$7,$12,$12,$12,$0,$0,$24,25,$0.51,$0.49,$12,$0,$0,$15,$12,$580,$17,$41,$650,$664,$21,$335,$5,$357,$378,$0,$175,$-1,$287,$664,$35,$6,$19,$24,$0,$0,$0,$-1,$-7,$53,$-2,$0,$0,$0,$-73,$-73,$3,$-72,$25,$0,$25,$2,$2,$0,$-5,$22,$3,$5,$0
33,2010-06-30,20.61,$11.44,1.8,$14.10,1.46,$7.30,2.82,$1.62,12.72,$0.01B,$0.02B,0.59,$0.33B,$0.27B,1.21,$0.35B,$0.33B,95.07%,$0.35B,$0.06B,18.26%,$0.35B,0,0.00%,$0.35B,0,0.00%,$0.35B,$0.06B,18.26%,$0.35B,$0.04B,11.59%,$0.04B,$0.27B,15.94%,$0.04B,$0.26B,17.09%,$0.04B,$0.65B,6.49%,$0.06B,$0.60B,11.06%,$96,$5,$91,$0,$72,$78,$18,$0,$18,$7,$12,$12,$12,$0,$0,$24,25,$0.49,$0.47,$10,$0,$0,$13,$11,$567,$17,$38,$633,$646,$22,$329,$6,$351,$374,$0,$162,$-1,$272,$646,$23,$4,$12,$16,$0,$0,$0,$0,$-3,$35,$-2,$0,$0,$0,$-53,$-53,$2,$-52,$21,$0,$21,$2,$2,$0,$-4,$19,$2,$3,$0
34,2010-03-31,16.45,$10.96,1.5,$13.50,1.22,$7.31,2.25,$1.43,11.5,$0.01B,$0.02B,0.43,$0.32B,$0.26B,1.24,$0.33B,$0.31B,95.11%,$0.33B,$0.06B,17.13%,$0.33B,0,0.00%,$0.33B,0,0.00%,$0.33B,$0.06B,17.13%,$0.33B,$0.04B,10.70%,$0.04B,$0.26B,14.69%,$0.04B,$0.24B,15.82%,$0.04B,$0.62B,5.82%,$0.06B,$0.58B,10.09%,$87,$5,$83,$0,$65,$70,$17,$0,$17,$6,$11,$11,$11,$0,$0,$23,25,$0.46,$0.44,$8,$0,$0,$10,$10,$550,$17,$36,$612,$623,$23,$318,$7,$342,$365,$0,$151,$-1,$257,$623,$11,$2,$9,$11,$0,$0,$0,$-0,$-1,$21,$-0,$0,$0,$0,$-31,$-31,$1,$-31,$13,$0,$13,$0,$0,$0,$-4,$10,$-1,$2,$0
35,2009-12-31,17.4,$10.41,1.67,$13.20,1.32,$7.19,2.42,$1.37,12.7,$0.01B,$0.02B,0.47,$0.30B,$0.24B,1.25,$0.32B,$0.30B,94.94%,$0.32B,$0.05B,17.09%,$0.32B,0,0.00%,$0.32B,0,0.00%,$0.32B,$0.05B,17.09%,$0.32B,$0.03B,10.44%,$0.03B,$0.24B,14.51%,$0.03B,$0.23B,15.70%,$0.03B,$0.60B,5.65%,$0.05B,$0.55B,10.03%,$82,$4,$78,$0,$64,$69,$13,$0,$13,$5,$8,$8,$8,$0,$0,$23,24,$0.35,$0.34,$8,$0,$0,$12,$9,$527,$17,$30,$584,$595,$24,$303,$8,$328,$352,$0,$140,$-1,$243,$595,$33,$7,$22,$28,$0,$0,$0,$1,$15,$77,$-5,$0,$0,$0,$-78,$-78,$3,$-79,$-1,$0,$-1,$1,$1,$0,$0,$1,$-2,$4,$0
36,2009-09-30,13.45,$10.01,1.34,$12.02,1.12,$6.78,1.98,$1.04,12.93,$0.55B,$0.02B,23.66,$0.32B,$0.23B,1.4,$0.29B,$0.27B,94.06%,$0.29B,$0.04B,12.94%,$0.29B,0,0.00%,$0.29B,0,0.00%,$0.29B,$0.04B,12.94%,$0.29B,$0.02B,8.04%,$0.02B,$0.23B,10.57%,$0.02B,$0.22B,11.49%,$0.02B,$0.60B,4.02%,$0.04B,$0.56B,7.00%,$80,$4,$76,$0,$61,$65,$15,$0,$15,$6,$9,$9,$9,$0,$0,$23,24,$0.39,$0.37,$542,$0,$0,$545,$9,$0,$17,$32,$58,$603,$23,$324,$8,$348,$371,$0,$131,$-1,$232,$603,$25,$5,$15,$20,$0,$0,$0,$-1,$11,$56,$-4,$0,$0,$0,$-79,$-79,$2,$-81,$22,$0,$22,$0,$0,$0,$0,$22,$-3,$3,$0
37,2009-06-30,13.25,$9.57,1.38,$11.50,1.15,$6.44,2.06,$0.83,15.96,$0.01B,$0.02B,0.46,$0.32B,$0.22B,1.45,$0.27B,$0.25B,93.38%,$0.27B,$0.03B,9.93%,$0.27B,0,0.00%,$0.27B,0,0.00%,$0.27B,$0.03B,9.93%,$0.27B,$0.02B,6.25%,$0.02B,$0.22B,8.16%,$0.02B,$0.20B,8.91%,$0.02B,$0.59B,3.07%,$0.03B,$0.54B,5.28%,$78,$4,$74,$0,$63,$67,$11,$0,$11,$4,$7,$7,$7,$0,$0,$23,24,$0.29,$0.28,$6,$0,$0,$9,$7,$507,$17,$45,$576,$585,$20,$320,$8,$344,$364,$0,$122,$-2,$221,$585,$16,$3,$9,$13,$0,$0,$0,$-4,$6,$34,$-1,$0,$0,$0,$-138,$-138,$83,$-57,$19,$0,$19,$0,$0,$0,$0,$19,$-4,$2,$0
38,2009-03-31,4.53,$9.27,0.49,$11.22,0.4,$6.43,0.7,$0.86,5.27,$0.01B,$0.02B,0.34,$0.30B,$0.21B,1.39,$0.26B,$0.25B,92.80%,$0.26B,$0.03B,9.85%,$0.26B,0,0.00%,$0.26B,0,0.00%,$0.26B,$0.03B,9.85%,$0.26B,$0.02B,6.06%,$0.02B,$0.21B,7.98%,$0.02B,$0.20B,8.76%,$0.02B,$0.55B,3.01%,$0.03B,$0.51B,5.30%,$76,$4,$72,$0,$57,$61,$15,$0,$15,$6,$9,$9,$9,$0,$0,$23,24,$0.39,$0.38,$4,$0,$0,$6,$6,$473,$18,$48,$545,$552,$18,$296,$8,$320,$338,$0,$116,$-2,$214,$552,$9,$2,$4,$5,$0,$0,$0,$-2,$2,$17,$-0,$0,$0,$0,$-56,$-56,$38,$-18,$-5,$0,$-5,$0,$0,$0,$0,$-5,$-6,$1,$0
39,2008-12-31,7.2,$8.82,0.82,$10.87,0.66,$6.36,1.13,$0.80,9.0,$0.01B,$0.02B,0.67,$0.30B,$0.20B,1.49,$0.26B,$0.24B,91.80%,$0.26B,$0.02B,8.59%,$0.26B,0,0.00%,$0.26B,0,0.00%,$0.26B,$0.02B,8.59%,$0.26B,$0.01B,5.47%,$0.01B,$0.20B,7.29%,$0.01B,$0.19B,8.05%,$0.01B,$0.55B,2.72%,$0.02B,$0.51B,4.63%,$52,$5,$47,$0,$49,$55,$-4,$0,$-4,$-1,$-2,$-2,$-2,$0,$0,$23,24,$-2.52,$-0.09,$10,$0,$0,$12,$6,$461,$18,$52,$537,$549,$18,$304,$9,$327,$346,$0,$107,$-2,$203,$549,$14,$9,$42,$51,$0,$0,$0,$-2,$-2,$63,$-2,$0,$0,$0,$-105,$-105,$0,$-107,$46,$0,$46,$0,$0,$0,$0,$46,$2,$4,$0
40,2008-09-30,13.7,$8.47,1.62,$11.18,1.23,$4.56,3.0,$1.00,13.7,$0.01B,$0.02B,0.78,$0.29B,$0.20B,1.5,$0.26B,$0.24B,90.49%,$0.26B,$0.03B,11.03%,$0.26B,0,0.00%,$0.26B,0,0.00%,$0.26B,$0.03B,11.03%,$0.26B,$0.02B,6.84%,$0.02B,$0.20B,9.77%,$0.02B,$0.18B,10.86%,$0.02B,$0.53B,3.61%,$0.03B,$0.49B,6.31%,$66,$5,$61,$0,$55,$61,$5,$0,$5,$2,$3,$3,$3,$0,$0,$23,24,$0.13,$0.13,$10,$0,$0,$14,$5,$445,$18,$45,$513,$527,$18,$293,$7,$314,$332,$0,$118,$-1,$195,$527,$16,$7,$19,$26,$0,$0,$0,$-5,$3,$45,$-2,$0,$0,$0,$-66,$-66,$3,$-65,$21,$0,$21,$0,$0,$0,$-0,$21,$1,$3,$0
41,2008-06-30,8.83,$8.25,1.07,$11.04,0.8,$2.81,3.14,$1.07,8.25,$0.01B,$0.02B,0.61,$0.27B,$0.19B,1.4,$0.26B,$0.24B,90.77%,$0.26B,$0.03B,11.92%,$0.26B,0,0.00%,$0.26B,0,0.00%,$0.26B,$0.03B,11.92%,$0.26B,$0.02B,7.69%,$0.02B,$0.19B,11.30%,$0.02B,$0.17B,12.60%,$0.02B,$0.50B,4.21%,$0.03B,$0.46B,7.09%,$70,$5,$65,$0,$54,$60,$10,$0,$10,$4,$6,$6,$6,$0,$0,$23,24,$2.70,$0.26,$9,$0,$0,$12,$5,$415,$18,$45,$483,$495,$20,$266,$6,$285,$305,$0,$114,$-1,$190,$495,$13,$5,$10,$15,$0,$0,$0,$-3,$5,$33,$-2,$0,$0,$0,$-26,$-26,$0,$-28,$-6,$0,$-6,$0,$0,$0,$-0,$-6,$0,$2,$0
42,2008-03-31,6.8,$7.82,0.87,$11.01,0.62,$1.04,6.56,$0.72,9.44,$0.02B,$0.02B,0.93,$0.27B,$0.18B,1.5,$0.26B,$0.22B,86.38%,$0.26B,$0.02B,7.78%,$0.26B,0,0.00%,$0.26B,0,0.00%,$0.26B,$0.02B,7.78%,$0.26B,$0.01B,5.06%,$0.01B,$0.18B,7.67%,$0.01B,$0.16B,8.58%,$0.01B,$0.49B,2.86%,$0.02B,$0.45B,4.77%,$68,$5,$62,$0,$50,$56,$11,$0,$11,$5,$7,$7,$7,$0,$0,$23,23,$0.29,$0.29,$13,$0,$0,$16,$5,$398,$18,$50,$471,$487,$17,$270,$7,$290,$308,$0,$106,$-2,$180,$487,$7,$2,$6,$8,$0,$0,$0,$-1,$1,$16,$-1,$0,$0,$0,$-10,$-10,$2,$-10,$-2,$0,$-2,$0,$0,$0,$0,$-2,$4,$1,$0
43,2007-12-31,9.68,$7.46,1.3,$10.93,0.89,$0.47,20.48,$0.64,15.13,$0.01B,$0.02B,0.63,$0.27B,$0.17B,1.59,$0.25B,$0.22B,86.22%,$0.25B,$0.02B,7.48%,$0.25B,0,0.00%,$0.25B,0,0.00%,$0.25B,$0.02B,7.48%,$0.25B,$0.01B,4.72%,$0.01B,$0.17B,7.32%,$0.01B,$0.15B,8.19%,$0.01B,$0.48B,2.76%,$0.02B,$0.44B,4.78%,$59,$9,$50,$0,$46,$55,$3,$0,$3,$1,$2,$2,$2,$0,$0,$23,23,$0.09,$0.09,$9,$0,$0,$13,$4,$392,$19,$56,$471,$483,$20,$272,$6,$292,$312,$0,$99,$-1,$172,$483,$12,$9,$18,$27,$0,$0,$0,$-10,$-20,$20,$-1,$0,$0,$0,$-91,$-91,$-2,$-95,$72,$0,$72,$0,$0,$0,$1,$73,$-2,$4,$0
44,2007-09-30,11.8,$7.22,1.63,$11.34,1.04,$1.22,9.7,$0.71,16.62,$0.01B,$0.02B,0.67,$0.23B,$0.17B,1.4,$0.26B,$0.23B,86.69%,$0.26B,$0.03B,10.27%,$0.26B,0,0.00%,$0.26B,0,0.00%,$0.26B,$0.03B,10.27%,$0.26B,$0.02B,6.46%,$0.02B,$0.17B,10.71%,$0.02B,$0.15B,11.99%,$0.02B,$0.43B,4.12%,$0.03B,$0.40B,7.21%,$63,$4,$59,$0,$51,$56,$7,$0,$7,$2,$5,$5,$5,$0,$0,$23,23,$0.23,$0.23,$8,$0,$0,$13,$5,$349,$17,$50,$420,$433,$19,$233,$4,$248,$266,$0,$94,$-0,$166,$433,$10,$3,$7,$10,$0,$0,$0,$-12,$-18,$3,$-1,$0,$0,$0,$-42,$-42,$0,$-43,$33,$0,$33,$0,$0,$0,$1,$34,$-6,$3,$0
45,2007-06-30,12.48,$6.99,1.78,$11.26,1.11,$2.18,5.71,$0.70,17.83,$0.01B,$0.02B,0.65,$0.22B,$0.16B,1.4,$0.26B,$0.22B,85.44%,$0.26B,$0.03B,11.11%,$0.26B,0,0.00%,$0.26B,0,0.00%,$0.26B,$0.03B,11.11%,$0.26B,$0.02B,6.51%,$0.02B,$0.16B,11.11%,$0.02B,$0.14B,12.52%,$0.02B,$0.42B,4.27%,$0.03B,$0.38B,8.13%,$67,$16,$51,$0,$52,$69,$-1,$0,$-1,$-1,$-1,$-1,$-1,$0,$0,$23,23,$-0.04,$-0.04,$8,$0,$0,$12,$5,$328,$17,$55,$405,$417,$19,$223,$3,$238,$257,$0,$89,$1,$160,$417,$5,$2,$3,$6,$0,$0,$0,$-10,$-20,$-9,$-1,$0,$0,$0,$-21,$-21,$2,$-20,$23,$0,$23,$0,$0,$0,$0,$23,$-6,$2,$0
46,2007-03-31,9.94,$6.94,1.43,$11.13,0.89,$3.28,3.03,$1.06,9.38,$0.02B,$0.03B,0.61,$0.21B,$0.16B,1.31,$0.26B,$0.23B,88.85%,$0.26B,$0.04B,16.54%,$0.26B,0,0.00%,$0.26B,0,0.00%,$0.26B,$0.04B,16.54%,$0.26B,$0.03B,9.62%,$0.03B,$0.16B,17.04%,$0.03B,$0.14B,19.34%,$0.03B,$0.41B,6.52%,$0.04B,$0.37B,12.68%,$65,$6,$59,$0,$49,$56,$10,$0,$10,$4,$6,$6,$6,$0,$0,$23,23,$0.25,$0.24,$11,$0,$0,$15,$5,$317,$17,$52,$391,$407,$25,$207,$3,$223,$249,$0,$90,$0,$158,$407,$6,$1,$4,$5,$0,$0,$0,$-4,$-8,$2,$-1,$0,$0,$0,$-13,$-13,$1,$-13,$7,$0,$7,$0,$0,$0,$0,$7,$-4,$1,$0
47,2006-12-31,12.6,$6.63,1.9,$10.86,1.16,$3.40,3.7,$1.03,12.23,$0.02B,$0.03B,0.59,$0.20B,$0.15B,1.32,$0.26B,$0.23B,88.24%,$0.26B,$0.04B,16.08%,$0.26B,0,0.00%,$0.26B,0,0.00%,$0.26B,$0.04B,16.08%,$0.26B,$0.02B,9.41%,$0.02B,$0.15B,17.30%,$0.02B,$0.13B,19.88%,$0.02B,$0.40B,6.46%,$0.04B,$0.35B,12.58%,$68,$9,$59,$0,$47,$57,$11,$0,$11,$5,$7,$7,$7,$0,$0,$23,23,$0.29,$0.29,$15,$0,$0,$18,$5,$300,$17,$54,$377,$395,$31,$200,$3,$214,$244,$0,$84,$0,$151,$395,$24,$5,$12,$18,$0,$0,$0,$-14,$-4,$38,$-2,$0,$0,$0,$-35,$-35,$0,$-37,$2,$0,$2,$0,$0,$0,$1,$3,$4,$6,$0
