,Date,Stock Price,Book Value per Share,Price to Book Ratio,TTM Sales per Share,Price to Sales Ratio,TTM FCF per Share,Price to FCF Ratio,TTM Net EPS,PE Ratio,Current Assets,Current Liabilities,Current Ratio,Long Term Debt,Shareholder's Equity_x,Debt to Equity Ratio,TTM Revenue_x,TTM Gross Profit,Gross Margin,TTM Revenue_y,TTM Operating Income,Operating Margin,TTM Revenue_x,TTM EBIT,EBIT Margin,TTM Revenue_y,TTM EBITDA,EBITDA Margin,TTM Revenue_x,TTM Pre-Tax Income,Pre-Tax Margin,TTM Revenue_y,TTM Net Income_x,Net Margin,TTM Net Income_y,Shareholder's Equity_y,Return on Equity,TTM Net Income_x,Tangible Equity,Return on Tangible Equity,TTM Net Income_y,Total Assets,Return on Assets,TTM Net Income,LT Investments & Debt,Return on Investment,revenue,cost-goods-sold,gross-profit,research-development-expenses,selling-general-administrative-expenses,operating-expenses,operating-income,total-non-operating-income-expense,pre-tax-income,total-provision-income-taxes,income-after-taxes,income-from-continuous-operations,net-income,ebitda,ebit,basic-shares-outstanding,shares-outstanding,eps-basic-net-earnings-per-share,eps-earnings-per-share-diluted,cash-on-hand,inventory,other-current-assets,total-current-assets,net-property-plant-equipment,long-term-investments,goodwill-intangible-assets-total,other-long-term-assets,total-long-term-assets,total-assets,total-current-liabilities,long-term-debt,other-non-current-liabilities,total-long-term-liabilities,total-liabilities,common-stock-net,retained-earnings-accumulated-deficit,comprehensive-income,total-share-holder-equity,total-liabilities-share-holders-equity,net-income-loss,total-depreciation-amortization-cash-flow,other-non-cash-items,total-non-cash-items,change-in-accounts-receivable,change-in-inventories,change-in-accounts-payable,change-in-assets-liabilities,total-change-in-assets-liabilities,cash-flow-from-operating-activities,net-change-in-property-plant-equipment,net-change-in-intangible-assets,net-acquisitions-divestitures,net-change-in-short-term-investments,net-change-in-long-term-investments,net-change-in-investments-total,investing-activities-other,cash-flow-from-investing-activities,net-long-term-debt,net-current-debt,debt-issuance-retirement-net-total,net-common-equity-issued-repurchased,net-total-equity-issued-repurchased,total-common-preferred-stock-dividends-paid,financial-activities-other,cash-flow-from-financial-activities,net-cash-flow,stock-based-compensation,common-stock-dividends-paid
0,2018-09-30,17.76,$4.27,4.16,$0.00,0.0,$-1.65,0.0,$-0.51,0.0,$0.35B,$0.01B,45.78,$0.00B,$0.35B,0.0,$0.00B,0,nan%,$0.00B,$-0.04B,inf%,$0.00B,$-0.04B,inf%,$0.00B,$-0.04B,inf%,$0.00B,$-0.04B,inf%,$0.00B,$-0.04B,inf%,$-0.04B,$0.35B,-22.05%,$-0.04B,$0.35B,-22.05%,$-0.04B,$0.36B,-21.37%,$-0.04B,$0.35B,-22.56%,$0,$0,$0,$9,$5,$14,$-14,$1,$-13,$0,$-13,$-13,$-13,$-14,$-14,$72,72,$-0.17,$-0.17,$344,$0,$6,$351,$2,$0,$0,$2,$4,$355,$8,$0,$0,$0,$8,$0,$-341,$-0,$347,$355,$-33,$-1,$4,$4,$0,$0,$1,$-8,$-5,$-34,$0,$0,$0,$0,$-197,$-197,$0,$-197,$0,$0,$0,$280,$280,$0,$0,$280,$49,$4,$0
1,2018-06-30,13.8,$2.37,5.82,$0.00,0.0,$-1.82,0.0,$-1.06,0.0,$0.17B,$0.01B,28.31,$0.00B,$0.17B,0.0,$0.00B,0,nan%,$0.00B,$-0.05B,inf%,$0.00B,$-0.05B,inf%,$0.00B,$-0.05B,inf%,$0.00B,$-0.05B,inf%,$0.00B,$-0.05B,inf%,$-0.05B,$0.17B,-39.63%,$-0.05B,$0.17B,-39.63%,$-0.05B,$0.17B,-38.06%,$-0.05B,$0.17B,-40.37%,$0,$0,$0,$8,$5,$12,$-12,$1,$-12,$0,$-12,$-12,$-12,$-12,$-12,$70,70,$-0.17,$-0.17,$167,$0,$0,$169,$2,$0,$0,$2,$4,$172,$6,$0,$0,$0,$6,$0,$-329,$-0,$166,$172,$-20,$-0,$3,$3,$0,$0,$0,$-2,$-1,$-19,$0,$0,$0,$0,$-62,$-62,$0,$-62,$0,$0,$0,$87,$87,$0,$0,$87,$6,$3,$0
2,2018-03-31,9.09,$2.47,3.68,$0.00,0.0,$-2.02,0.0,$-1.17,0.0,$0.18B,$0.01B,37.84,$0.00B,$0.17B,0.0,$0.00B,0,nan%,$0.00B,$-0.05B,inf%,$0.00B,$-0.05B,inf%,$0.00B,$-0.05B,inf%,$0.00B,$-0.05B,inf%,$0.00B,$-0.05B,inf%,$-0.05B,$0.17B,-43.71%,$-0.05B,$0.17B,-43.71%,$-0.05B,$0.18B,-41.81%,$-0.05B,$0.17B,-44.54%,$0,$0,$0,$5,$4,$9,$-9,$0,$-9,$0,$-9,$-9,$-9,$-9,$-9,$55,55,$-0.16,$-0.16,$173,$0,$0,$175,$2,$0,$0,$0,$2,$177,$5,$0,$0,$0,$5,$0,$-317,$-0,$172,$177,$-9,$0,$1,$1,$0,$0,$1,$-0,$-0,$-8,$0,$0,$0,$0,$-4,$-4,$0,$-4,$0,$0,$0,$83,$83,$0,$0,$83,$71,$1,$0
3,2017-12-31,4.28,$1.98,2.16,$0.00,0.0,$-2.13,0.0,$-1.28,0.0,$0.10B,$0.01B,21.68,$0.00B,$0.10B,0.0,$0.00B,0,nan%,$0.00B,$-0.06B,inf%,$0.00B,$-0.06B,inf%,$0.00B,$-0.06B,inf%,$0.00B,$-0.06B,inf%,$0.00B,$-0.06B,inf%,$-0.06B,$0.10B,-50.00%,$-0.06B,$0.10B,-50.00%,$-0.06B,$0.10B,-47.62%,$-0.06B,$0.10B,-51.82%,$0,$0,$0,$5,$4,$9,$-9,$0,$-9,$0,$-9,$-9,$-9,$-9,$-9,$44,44,$-0.15,$-0.15,$97,$0,$0,$99,$2,$0,$0,$0,$2,$101,$5,$0,$0,$1,$5,$0,$-309,$-0,$95,$101,$-55,$1,$21,$22,$0,$0,$-1,$1,$-0,$-34,$-0,$0,$0,$0,$28,$28,$-13,$15,$0,$0,$0,$6,$6,$0,$0,$6,$-13,$4,$0
4,2017-09-30,1.41,$2.13,0.66,$0.00,0.0,$-2.20,0.0,$-1.36,0.0,$0.10B,$0.00B,24.01,$0.00B,$0.10B,0.0,$0.00B,0,nan%,$0.00B,$-0.06B,inf%,$0.00B,$-0.06B,inf%,$0.00B,$-0.06B,inf%,$0.00B,$-0.06B,inf%,$0.00B,$-0.06B,inf%,$-0.06B,$0.10B,-47.30%,$-0.06B,$0.10B,-47.30%,$-0.06B,$0.11B,-45.24%,$-0.06B,$0.10B,-48.96%,$0,$0,$0,$4,$3,$24,$-24,$0,$-23,$0,$-23,$-23,$-23,$-23,$-24,$43,43,$-0.55,$-0.55,$103,$0,$0,$104,$2,$0,$0,$0,$2,$107,$4,$0,$0,$1,$5,$0,$-300,$-0,$102,$107,$-47,$1,$19,$20,$0,$0,$-1,$1,$-1,$-27,$-0,$0,$0,$0,$51,$51,$-12,$39,$0,$0,$0,$5,$5,$0,$0,$5,$16,$3,$0
5,2017-06-30,1.5,$2.72,0.55,$0.00,0.0,$-2.19,0.0,$-1.02,0.0,$0.12B,$0.01B,22.77,$0.00B,$0.12B,0.0,$0.00B,0,nan%,$0.00B,$-0.04B,inf%,$0.00B,$-0.04B,inf%,$0.00B,$-0.04B,inf%,$0.00B,$-0.04B,inf%,$0.00B,$-0.04B,inf%,$-0.04B,$0.12B,-32.64%,$-0.04B,$0.12B,-32.64%,$-0.04B,$0.12B,-31.33%,$-0.04B,$0.12B,-33.40%,$0,$0,$0,$9,$3,$12,$-12,$0,$-12,$0,$-12,$-12,$-12,$-12,$-12,$43,43,$-0.28,$-0.28,$118,$0,$0,$119,$3,$0,$0,$0,$3,$122,$5,$0,$0,$1,$6,$0,$-277,$-0,$116,$122,$-23,$1,$2,$3,$0,$0,$-0,$1,$1,$-20,$-0,$0,$0,$0,$53,$53,$0,$53,$0,$0,$0,$0,$0,$0,$0,$0,$34,$2,$0
6,2017-03-31,2.57,$2.98,0.86,$0.00,0.0,$-2.17,0.0,$-0.99,0.0,$0.13B,$0.01B,26.32,$0.00B,$0.13B,0.0,$0.00B,0,nan%,$0.00B,$-0.05B,inf%,$0.00B,$-0.05B,inf%,$0.00B,$-0.05B,inf%,$0.00B,$-0.05B,inf%,$0.00B,$-0.05B,inf%,$-0.05B,$0.13B,-31.86%,$-0.05B,$0.13B,-31.86%,$-0.05B,$0.13B,-30.72%,$-0.05B,$0.13B,-32.57%,$0,$0,$0,$8,$4,$12,$-12,$0,$-11,$0,$-11,$-11,$-11,$-11,$-12,$42,42,$-0.27,$-0.27,$128,$0,$0,$129,$3,$0,$0,$0,$3,$132,$5,$0,$0,$1,$6,$0,$-265,$-0,$127,$132,$-11,$0,$1,$1,$0,$0,$-0,$0,$-0,$-10,$-0,$0,$0,$0,$13,$13,$0,$13,$0,$0,$0,$-0,$-0,$0,$0,$-0,$2,$1,$0
7,2016-12-31,2.55,$3.24,0.79,$0.00,0.0,$-2.16,0.0,$-0.98,0.0,$0.14B,$0.01B,25.22,$0.00B,$0.14B,0.0,$0.00B,0,nan%,$0.00B,$-0.04B,inf%,$0.00B,$-0.04B,inf%,$0.00B,$-0.04B,inf%,$0.00B,$-0.04B,inf%,$0.00B,$-0.04B,inf%,$-0.04B,$0.14B,-29.28%,$-0.04B,$0.14B,-29.28%,$-0.04B,$0.14B,-28.25%,$-0.04B,$0.14B,-29.28%,$0,$0,$0,$8,$3,$11,$-11,$0,$-11,$0,$-11,$-11,$-11,$-11,$-11,$42,42,$-0.26,$-0.26,$138,$0,$0,$140,$3,$0,$0,$0,$3,$143,$6,$0,$0,$1,$6,$0,$-254,$-0,$137,$143,$-44,$1,$9,$11,$0,$0,$-0,$-1,$-1,$-35,$-1,$0,$0,$0,$51,$51,$0,$50,$0,$0,$0,$0,$0,$0,$0,$0,$16,$9,$0
8,2016-09-30,3.09,$3.47,0.89,$0.00,0.0,$-2.10,0.0,$-0.95,0.0,$0.15B,$0.01B,32.64,$0.00B,$0.15B,0.0,$0.00B,0,nan%,$0.00B,$-0.04B,inf%,$0.00B,$-0.04B,inf%,$0.00B,$-0.04B,inf%,$0.00B,$-0.04B,inf%,$0.00B,$-0.04B,inf%,$-0.04B,$0.15B,-27.09%,$-0.04B,$0.15B,-27.09%,$-0.04B,$0.15B,-26.14%,$-0.04B,$0.15B,-27.09%,$0,$0,$0,$6,$3,$9,$-9,$0,$-9,$0,$-9,$-9,$-9,$-9,$-9,$42,42,$-0.21,$-0.21,$147,$0,$0,$149,$3,$0,$0,$0,$3,$152,$5,$0,$0,$1,$5,$0,$-243,$0,$147,$152,$-33,$1,$8,$9,$0,$0,$0,$-1,$-2,$-26,$-1,$0,$0,$0,$46,$46,$0,$45,$0,$0,$0,$0,$0,$0,$0,$0,$19,$8,$0
9,2016-06-30,3.21,$3.65,0.88,$0.00,0.0,$-2.09,0.0,$-0.98,0.0,$0.16B,$0.01B,34.3,$0.00B,$0.15B,0.0,$0.00B,0,nan%,$0.00B,$-0.04B,inf%,$0.00B,$-0.04B,inf%,$0.00B,$-0.04B,inf%,$0.00B,$-0.04B,inf%,$0.00B,$-0.04B,inf%,$-0.04B,$0.15B,-26.39%,$-0.04B,$0.15B,-26.39%,$-0.04B,$0.16B,-25.43%,$-0.04B,$0.15B,-26.39%,$0,$0,$0,$7,$7,$14,$-14,$0,$-14,$0,$-14,$-14,$-14,$-14,$-14,$42,42,$-0.33,$-0.33,$155,$0,$0,$156,$4,$0,$0,$0,$4,$159,$5,$0,$0,$1,$5,$0,$-234,$0,$154,$159,$-24,$1,$7,$7,$0,$0,$-0,$0,$-2,$-19,$-0,$0,$0,$0,$30,$30,$0,$30,$0,$0,$0,$0,$0,$0,$0,$0,$11,$7,$0
10,2016-03-31,3.1,$3.88,0.8,$0.00,0.0,$-2.07,0.0,$-0.98,0.0,$0.17B,$0.00B,38.0,$0.00B,$0.16B,0.0,$0.00B,0,nan%,$0.00B,$-0.04B,inf%,$0.00B,$-0.04B,inf%,$0.00B,$-0.04B,inf%,$0.00B,$-0.04B,inf%,$0.00B,$-0.04B,inf%,$-0.04B,$0.16B,-23.40%,$-0.04B,$0.16B,-23.40%,$-0.04B,$0.17B,-22.56%,$-0.04B,$0.16B,-23.40%,$0,$0,$0,$7,$4,$10,$-10,$0,$-10,$0,$-10,$-10,$-10,$-10,$-10,$42,42,$-0.24,$-0.24,$163,$0,$0,$165,$4,$0,$0,$0,$4,$169,$4,$0,$0,$1,$5,$0,$-220,$0,$163,$169,$-10,$0,$2,$2,$0,$0,$-1,$-0,$-2,$-10,$-0,$0,$0,$0,$35,$35,$0,$35,$0,$0,$0,$-0,$-0,$0,$0,$-0,$25,$2,$0
11,2015-12-31,4.01,$4.08,0.98,$0.00,0.0,$-2.07,0.0,$-0.98,0.0,$0.18B,$0.01B,28.26,$0.00B,$0.17B,0.0,$0.00B,0,nan%,$0.00B,$-0.04B,inf%,$0.00B,$-0.04B,inf%,$0.00B,$-0.04B,inf%,$0.00B,$-0.04B,inf%,$0.00B,$-0.04B,inf%,$-0.04B,$0.17B,-22.89%,$-0.04B,$0.17B,-22.89%,$-0.04B,$0.18B,-22.08%,$-0.04B,$0.17B,-22.89%,$0,$0,$0,$6,$4,$10,$-10,$0,$-10,$0,$-10,$-10,$-10,$-9,$-10,$42,42,$-0.23,$-0.23,$174,$0,$0,$175,$3,$0,$0,$0,$4,$178,$6,$0,$0,$1,$7,$0,$-210,$-0,$171,$178,$-41,$2,$7,$9,$1,$0,$-0,$-0,$-0,$-32,$-0,$0,$0,$0,$2,$2,$0,$1,$0,$0,$0,$1,$1,$0,$0,$1,$-30,$7,$0
12,2015-09-30,4.58,$4.27,1.07,$0.00,0.0,$-2.34,0.0,$-0.94,0.0,$0.17B,$0.01B,32.27,$0.00B,$0.18B,0.0,$0.00B,0,nan%,$0.00B,$-0.04B,inf%,$0.00B,$-0.04B,inf%,$0.00B,$-0.04B,inf%,$0.00B,$-0.04B,inf%,$0.00B,$-0.04B,inf%,$-0.04B,$0.18B,-20.83%,$-0.04B,$0.18B,-20.83%,$-0.04B,$0.19B,-20.10%,$-0.04B,$0.18B,-20.83%,$0,$0,$0,$7,$4,$10,$-10,$0,$-10,$0,$-10,$-10,$-10,$-10,$-10,$42,42,$-0.24,$-0.24,$172,$0,$0,$174,$4,$8,$0,$0,$12,$186,$5,$0,$0,$1,$6,$0,$-200,$0,$179,$186,$-31,$2,$5,$7,$1,$0,$-0,$-0,$-1,$-26,$-0,$0,$0,$0,$11,$11,$0,$11,$0,$0,$0,$0,$0,$0,$0,$0,$-15,$5,$0
13,2015-06-30,5.19,$4.47,1.16,$0.09,54.74,$-2.66,0.0,$-0.84,0.0,$0.18B,$0.01B,32.05,$0.00B,$0.19B,0.0,$0.00B,$0.00B,100.00%,$0.00B,$-0.04B,-900.00%,$0.00B,$-0.04B,-900.00%,$0.00B,$-0.03B,-825.00%,$0.00B,$-0.04B,-900.00%,$0.00B,$-0.04B,-900.00%,$-0.04B,$0.19B,-18.00%,$-0.04B,$0.19B,-18.00%,$-0.04B,$0.19B,-17.33%,$-0.04B,$0.19B,-18.00%,$0,$0,$0,$7,$4,$11,$-11,$0,$-11,$0,$-11,$-11,$-11,$-10,$-11,$42,42,$-0.25,$-0.25,$173,$0,$1,$175,$4,$15,$0,$0,$19,$194,$5,$0,$0,$1,$6,$0,$-190,$-0,$188,$194,$-21,$1,$4,$5,$1,$0,$0,$-0,$-1,$-18,$-0,$0,$0,$0,$0,$0,$0,$0,$0,$0,$0,$0,$0,$0,$0,$0,$-17,$4,$0
14,2015-03-31,6.26,$4.68,1.34,$1.23,5.08,$-2.96,0.0,$-0.07,0.0,$0.16B,$0.01B,29.35,$0.00B,$0.20B,0.0,$0.05B,$0.05B,100.00%,$0.05B,$-0.00B,-5.66%,$0.05B,$-0.00B,-5.66%,$0.05B,$-0.00B,0.00%,$0.05B,$-0.00B,-5.66%,$0.05B,$-0.00B,-5.66%,$-0.00B,$0.20B,-1.45%,$-0.00B,$0.20B,-1.45%,$-0.00B,$0.20B,-1.38%,$-0.00B,$0.20B,-1.45%,$0,$0,$0,$7,$4,$11,$-11,$0,$-11,$0,$-11,$-11,$-11,$-10,$-11,$42,42,$-0.26,$-0.26,$160,$0,$1,$162,$4,$37,$0,$0,$40,$203,$6,$0,$0,$1,$6,$0,$-179,$-0,$196,$203,$-11,$1,$2,$2,$1,$0,$0,$-1,$-1,$-10,$-0,$0,$0,$0,$-6,$-6,$0,$-6,$0,$0,$0,$0,$0,$0,$0,$0,$-16,$2,$0
15,2014-12-31,6.29,$4.91,1.28,$1.71,3.68,$-3.19,0.0,$0.10,62.9,$0.13B,$0.01B,18.45,$0.00B,$0.21B,0.0,$0.07B,$0.07B,100.00%,$0.07B,$0.01B,7.14%,$0.07B,$0.01B,7.14%,$0.07B,$0.01B,10.00%,$0.07B,$0.01B,7.14%,$0.07B,$0.01B,7.14%,$0.01B,$0.21B,2.78%,$0.01B,$0.21B,2.78%,$0.01B,$0.21B,2.47%,$0.01B,$0.21B,2.78%,$0,$0,$0,$4,$4,$8,$-8,$0,$-8,$0,$-8,$-8,$-8,$-8,$-8,$40,42,$-0.17,$-0.16,$125,$0,$1,$127,$4,$82,$0,$0,$86,$213,$7,$0,$0,$1,$8,$0,$-168,$-0,$205,$213,$5,$2,$8,$11,$5,$0,$-4,$-57,$-58,$-42,$-1,$0,$0,$0,$-67,$-67,$0,$-69,$0,$0,$0,$103,$103,$0,$0,$103,$-7,$8,$0
16,2014-09-30,6.08,$5.07,1.2,$2.19,2.78,$-3.59,0.0,$0.21,28.95,$0.13B,$0.01B,14.38,$0.00B,$0.21B,0.0,$0.09B,$0.09B,100.00%,$0.09B,$0.01B,11.49%,$0.09B,$0.01B,11.49%,$0.09B,$0.01B,14.94%,$0.09B,$0.01B,11.49%,$0.09B,$0.01B,11.49%,$0.01B,$0.21B,6.64%,$0.01B,$0.21B,6.64%,$0.01B,$0.22B,5.26%,$0.01B,$0.21B,6.64%,$4,$0,$4,$6,$4,$10,$-6,$0,$-6,$0,$-6,$-6,$-6,$-5,$-6,$42,42,$-0.14,$-0.14,$129,$0,$1,$134,$4,$83,$0,$0,$87,$221,$9,$0,$0,$1,$10,$0,$-160,$-0,$211,$221,$14,$2,$6,$8,$2,$0,$-4,$-57,$-60,$-38,$-1,$0,$0,$0,$-68,$-68,$0,$-69,$0,$0,$0,$103,$103,$0,$0,$103,$-4,$6,$0
17,2014-06-30,6.59,$5.17,1.28,$2.55,2.58,$-3.80,0.0,$0.27,24.41,$0.13B,$0.02B,8.42,$0.00B,$0.22B,0.0,$0.10B,$0.10B,100.00%,$0.10B,$0.01B,13.00%,$0.10B,$0.01B,13.00%,$0.10B,$0.02B,15.00%,$0.10B,$0.01B,13.00%,$0.10B,$0.01B,13.00%,$0.01B,$0.22B,10.83%,$0.01B,$0.22B,10.83%,$0.01B,$0.23B,7.26%,$0.01B,$0.22B,10.83%,$49,$0,$49,$19,$8,$27,$22,$0,$22,$0,$22,$22,$22,$23,$22,$41,43,$0.54,$0.52,$121,$0,$1,$129,$4,$98,$0,$0,$102,$231,$15,$0,$0,$1,$16,$0,$-155,$-0,$215,$231,$19,$1,$5,$6,$1,$0,$-2,$-58,$-56,$-30,$-1,$0,$0,$0,$-93,$-93,$0,$-93,$0,$0,$0,$103,$103,$0,$0,$103,$-21,$5,$0
18,2014-03-31,23.81,$2.42,9.84,$1.87,12.7,$-3.94,0.0,$-0.48,0.0,$0.14B,$0.06B,2.34,$0.00B,$0.09B,0.0,$0.07B,$0.07B,100.00%,$0.07B,$-0.02B,-25.37%,$0.07B,$-0.02B,-25.37%,$0.07B,$-0.02B,-23.88%,$0.07B,$-0.02B,-25.37%,$0.07B,$-0.02B,-25.37%,$-0.02B,$0.09B,-19.15%,$-0.02B,$0.09B,-19.15%,$-0.02B,$0.15B,-10.13%,$-0.02B,$0.09B,-19.15%,$17,$0,$17,$13,$8,$20,$-3,$0,$-3,$0,$-3,$-3,$-3,$-3,$-3,$36,36,$-0.09,$-0.09,$124,$0,$1,$135,$4,$7,$0,$0,$11,$146,$58,$0,$0,$1,$59,$0,$-177,$0,$88,$146,$-3,$1,$2,$3,$0,$0,$-2,$-15,$-16,$-17,$-1,$0,$0,$0,$-3,$-3,$0,$-4,$0,$0,$0,$0,$0,$0,$0,$0,$-20,$2,$0
19,2013-12-31,10.68,$2.44,4.38,$1.80,5.93,$-3.89,0.0,$-0.50,0.0,$0.13B,$0.07B,1.81,$0.00B,$0.09B,0.0,$0.07B,$0.07B,100.00%,$0.07B,$-0.02B,-27.69%,$0.07B,$-0.02B,-27.69%,$0.07B,$-0.02B,-26.15%,$0.07B,$-0.02B,-27.69%,$0.07B,$-0.02B,-27.69%,$-0.02B,$0.09B,-19.78%,$-0.02B,$0.09B,-19.78%,$-0.02B,$0.16B,-9.93%,$-0.02B,$0.09B,-19.78%,$17,$0,$17,$14,$7,$20,$-3,$0,$-3,$0,$-3,$-3,$-3,$-2,$-3,$36,36,$-0.08,$-0.08,$123,$0,$0,$133,$4,$26,$0,$0,$30,$163,$74,$0,$0,$1,$75,$0,$-174,$0,$88,$163,$-18,$2,$6,$8,$-3,$0,$-0,$-39,$-41,$-51,$-1,$0,$0,$0,$70,$70,$0,$69,$0,$0,$0,$1,$1,$0,$0,$1,$19,$6,$0
20,2013-09-30,13.33,$2.48,5.39,$1.73,7.73,$-0.02,0.0,$-0.44,0.0,$0.12B,$0.07B,1.75,$0.00B,$0.09B,0.0,$0.06B,$0.06B,100.00%,$0.06B,$-0.02B,-25.81%,$0.06B,$-0.02B,-25.81%,$0.06B,$-0.02B,-25.81%,$0.06B,$-0.02B,-25.81%,$0.06B,$-0.02B,-25.81%,$-0.02B,$0.09B,-17.02%,$-0.02B,$0.09B,-17.02%,$-0.02B,$0.18B,-8.25%,$-0.02B,$0.09B,-17.02%,$17,$0,$17,$14,$6,$20,$-3,$0,$-3,$0,$-3,$-3,$-3,$-3,$-3,$36,36,$-0.08,$-0.08,$111,$0,$1,$124,$3,$48,$0,$0,$52,$176,$71,$0,$0,$15,$86,$0,$-171,$0,$89,$176,$-15,$1,$4,$6,$6,$0,$-0,$-38,$-32,$-41,$-1,$0,$0,$0,$59,$59,$0,$58,$0,$0,$0,$1,$1,$0,$0,$1,$17,$4,$0
21,2013-06-30,13.13,$2.51,5.24,$1.61,8.15,$3.66,3.59,$-0.39,0.0,$0.12B,$0.07B,1.82,$0.00B,$0.09B,0.0,$0.06B,$0.06B,100.00%,$0.06B,$-0.01B,-24.56%,$0.06B,$-0.01B,-24.56%,$0.06B,$-0.01B,-24.56%,$0.06B,$-0.01B,-24.56%,$0.06B,$-0.01B,-24.56%,$-0.01B,$0.09B,-14.47%,$-0.01B,$0.09B,-14.47%,$-0.01B,$0.19B,-6.86%,$-0.01B,$0.09B,-14.47%,$16,$0,$16,$19,$6,$25,$-8,$0,$-8,$0,$-8,$-8,$-8,$-8,$-8,$36,36,$-0.23,$-0.23,$111,$0,$1,$123,$3,$59,$0,$0,$63,$186,$68,$0,$0,$28,$96,$0,$-168,$-0,$90,$186,$-12,$1,$3,$4,$3,$0,$-1,$-25,$-22,$-31,$-0,$0,$0,$0,$61,$61,$0,$61,$0,$0,$0,$0,$0,$0,$0,$0,$30,$3,$0
22,2013-03-31,12.45,$2.69,4.62,$1.37,9.08,$7.23,1.72,$-0.31,0.0,$0.15B,$0.06B,2.31,$0.00B,$0.10B,0.0,$0.05B,$0.05B,100.00%,$0.05B,$-0.01B,-20.41%,$0.05B,$-0.01B,-20.41%,$0.05B,$-0.01B,-20.41%,$0.05B,$-0.01B,-22.45%,$0.05B,$-0.01B,-22.45%,$-0.01B,$0.10B,-11.08%,$-0.01B,$0.10B,-11.08%,$-0.01B,$0.20B,-5.16%,$-0.01B,$0.10B,-10.08%,$15,$0,$15,$12,$6,$19,$-4,$0,$-4,$0,$-4,$-4,$-4,$-4,$-4,$36,36,$-0.11,$-0.11,$135,$0,$1,$145,$3,$51,$0,$0,$55,$200,$63,$0,$0,$40,$103,$0,$-160,$0,$97,$200,$-4,$0,$1,$2,$2,$0,$-2,$-13,$-13,$-15,$-0,$0,$0,$0,$17,$17,$0,$17,$0,$0,$0,$0,$0,$0,$0,$0,$2,$1,$0
23,2012-12-31,8.98,$2.77,3.24,$0.97,9.29,$7.37,1.22,$-0.47,0.0,$0.19B,$0.06B,2.96,$0.00B,$0.10B,0.0,$0.03B,$0.03B,100.00%,$0.03B,$-0.02B,-47.06%,$0.03B,$-0.02B,-47.06%,$0.03B,$-0.02B,-44.12%,$0.03B,$-0.02B,-50.00%,$0.03B,$-0.02B,-50.00%,$-0.02B,$0.10B,-16.83%,$-0.02B,$0.10B,-16.83%,$-0.02B,$0.21B,-8.79%,$-0.02B,$0.10B,-15.38%,$14,$0,$14,$11,$5,$15,$-1,$0,$-1,$0,$-1,$-1,$-1,$-1,$-1,$36,36,$-0.19,$-0.19,$176,$0,$0,$185,$3,$26,$0,$1,$29,$214,$62,$0,$0,$52,$115,$0,$-156,$0,$100,$214,$-17,$1,$4,$5,$-1,$0,$1,$98,$101,$89,$-2,$0,$0,$0,$-102,$-102,$0,$-103,$-14,$0,$-14,$0,$0,$0,$0,$-13,$-27,$3,$0
24,2012-09-30,9.97,$2.77,3.59,$0.56,17.68,$3.73,2.67,$-0.75,0.0,$0.20B,$0.06B,3.56,$0.00B,$0.10B,0.0,$0.02B,$0.02B,100.00%,$0.02B,$-0.03B,-130.00%,$0.02B,$-0.03B,-125.00%,$0.02B,$-0.02B,-120.00%,$0.02B,$-0.03B,-135.00%,$0.02B,$-0.03B,-135.00%,$-0.03B,$0.10B,-25.90%,$-0.03B,$0.10B,-25.90%,$-0.03B,$0.22B,-15.61%,$-0.03B,$0.10B,-23.53%,$12,$0,$12,$10,$4,$14,$-1,$0,$-1,$0,$-1,$-1,$-1,$-1,$-1,$36,36,$-0.03,$-0.03,$189,$0,$1,$197,$3,$15,$0,$1,$18,$216,$56,$0,$0,$61,$116,$0,$-155,$0,$100,$216,$-16,$1,$3,$4,$-6,$0,$-0,$109,$104,$92,$-2,$0,$0,$0,$-102,$-102,$0,$-103,$-14,$0,$-14,$0,$0,$0,$0,$-13,$-25,$2,$0
25,2012-06-30,8.22,$2.78,2.95,$0.22,37.71,$0.50,16.58,$-1.08,0.0,$0.21B,$0.05B,4.14,$0.00B,$0.10B,0.0,$0.01B,$0.01B,100.00%,$0.01B,$-0.04B,-462.50%,$0.01B,$-0.04B,-450.00%,$0.01B,$-0.03B,-425.00%,$0.01B,$-0.04B,-475.00%,$0.01B,$-0.04B,-475.00%,$-0.04B,$0.10B,-34.55%,$-0.04B,$0.10B,-34.55%,$-0.04B,$0.22B,-24.60%,$-0.04B,$0.10B,-30.96%,$8,$0,$8,$9,$3,$12,$-4,$-1,$-5,$0,$-5,$-5,$-5,$-4,$-4,$36,36,$-0.15,$-0.15,$206,$0,$0,$214,$2,$5,$0,$1,$8,$222,$52,$0,$0,$70,$122,$0,$-154,$-0,$100,$222,$-15,$0,$3,$3,$-5,$0,$-1,$116,$110,$98,$-1,$0,$0,$0,$-78,$-78,$0,$-79,$-14,$0,$-14,$0,$0,$0,$0,$-13,$5,$2,$0
26,2012-03-31,4.98,$2.92,1.71,0,0.0,$-2.66,0.0,$-1.28,0.0,$0.12B,$0.01B,19.81,$0.01B,$0.10B,0.11,$0.00B,0,nan%,$0.00B,$-0.04B,inf%,$0.00B,$-0.04B,inf%,$0.00B,$-0.04B,inf%,$0.00B,$-0.04B,inf%,$0.00B,$-0.04B,inf%,$-0.04B,$0.10B,-43.14%,$-0.04B,$0.10B,-43.14%,$-0.04B,$0.12B,-36.44%,$-0.04B,$0.12B,-37.89%,$0,$0,$0,$6,$3,$10,$-10,$-0,$-10,$0,$-10,$-10,$-10,$-9,$-10,$36,36,$-0.11,$-0.11,$118,$0,$0,$120,$1,$0,$0,$1,$2,$122,$6,$12,$0,$12,$18,$0,$-148,$-0,$105,$122,$-10,$0,$1,$1,$0,$0,$0,$-1,$-1,$-10,$-0,$0,$0,$0,$51,$51,$0,$50,$0,$0,$0,$0,$0,$0,$0,$0,$40,$1,$0
27,2011-12-31,3.76,$3.17,1.19,0,0.0,$-2.62,0.0,$-1.44,0.0,$0.13B,$0.01B,23.72,$0.01B,$0.11B,0.11,$0.00B,0,nan%,$0.00B,$-0.04B,inf%,$0.00B,$-0.04B,inf%,$0.00B,$-0.04B,inf%,$0.00B,$-0.04B,inf%,$0.00B,$-0.04B,inf%,$-0.04B,$0.11B,-42.93%,$-0.04B,$0.11B,-42.93%,$-0.04B,$0.13B,-35.81%,$-0.04B,$0.13B,-37.65%,$0,$0,$0,$8,$3,$11,$-11,$-0,$-11,$0,$-11,$-11,$-11,$-10,$-10,$29,29,$-0.26,$-0.26,$128,$0,$1,$130,$1,$0,$0,$1,$2,$132,$5,$13,$0,$13,$18,$0,$-139,$-0,$113,$132,$-41,$1,$3,$3,$0,$0,$1,$1,$3,$-35,$-0,$0,$0,$0,$-67,$-67,$0,$-67,$1,$0,$1,$145,$145,$0,$0,$146,$44,$2,$0
