,Date,Stock Price,Book Value per Share,Price to Book Ratio,TTM Sales per Share,Price to Sales Ratio,TTM FCF per Share,Price to FCF Ratio,TTM Net EPS,PE Ratio,Current Assets,Current Liabilities,Current Ratio,Long Term Debt,Shareholder's Equity_x,Debt to Equity Ratio,TTM Revenue_x,TTM Gross Profit,Gross Margin,TTM Revenue_y,TTM Operating Income,Operating Margin,TTM Revenue_x,TTM EBIT,EBIT Margin,TTM Revenue_y,TTM EBITDA,EBITDA Margin,TTM Revenue_x,TTM Pre-Tax Income,Pre-Tax Margin,TTM Revenue_y,TTM Net Income_x,Net Margin,TTM Net Income_y,Shareholder's Equity_y,Return on Equity,TTM Net Income_x,Tangible Equity,Return on Tangible Equity,TTM Net Income_y,Total Assets,Return on Assets,TTM Net Income,LT Investments & Debt,Return on Investment,revenue,cost-goods-sold,gross-profit,research-development-expenses,selling-general-administrative-expenses,operating-expenses,operating-income,total-non-operating-income-expense,pre-tax-income,total-provision-income-taxes,income-after-taxes,income-from-continuous-operations,net-income,ebitda,ebit,basic-shares-outstanding,shares-outstanding,eps-basic-net-earnings-per-share,eps-earnings-per-share-diluted,cash-on-hand,inventory,other-current-assets,total-current-assets,net-property-plant-equipment,long-term-investments,goodwill-intangible-assets-total,other-long-term-assets,total-long-term-assets,total-assets,total-current-liabilities,long-term-debt,other-non-current-liabilities,total-long-term-liabilities,total-liabilities,common-stock-net,retained-earnings-accumulated-deficit,comprehensive-income,total-share-holder-equity,total-liabilities-share-holders-equity,net-income-loss,total-depreciation-amortization-cash-flow,other-non-cash-items,total-non-cash-items,change-in-accounts-receivable,change-in-inventories,change-in-accounts-payable,change-in-assets-liabilities,total-change-in-assets-liabilities,cash-flow-from-operating-activities,net-change-in-property-plant-equipment,net-change-in-intangible-assets,net-acquisitions-divestitures,net-change-in-short-term-investments,net-change-in-long-term-investments,net-change-in-investments-total,investing-activities-other,cash-flow-from-investing-activities,net-long-term-debt,net-current-debt,debt-issuance-retirement-net-total,net-common-equity-issued-repurchased,net-total-equity-issued-repurchased,total-common-preferred-stock-dividends-paid,financial-activities-other,cash-flow-from-financial-activities,net-cash-flow,stock-based-compensation,common-stock-dividends-paid
0,2018-09-30,0.82,$0.99,0.83,0.0,0.0,$-3.47,0.0,$-1.67,0.0,$0.04B,$0.01B,5.54,$0.00B,$0.03B,0.0,$0.00B,0,nan%,$0.00B,$-0.05B,inf%,$0.00B,$-0.05B,inf%,$0.00B,$-0.05B,inf%,$0.00B,$-0.05B,inf%,$0.00B,$-0.05B,inf%,$-0.05B,$0.03B,-122.35%,$-0.05B,$0.03B,-122.35%,$-0.05B,$0.04B,-81.57%,$-0.05B,$0.03B,-112.77%,$0,$0,$0,$0,$3,$4,$-4,$0,$-4,$0,$-4,$-4,$-4,$-4,$-4,$31,31,$-0.14,$-0.14,$37,$0,$0,$37,$0,$0,$0,$0,$1,$38,$7,$0,$0,$0,$7,$0,$-190,$0,$31,$38,$-38,$0,$14,$14,$0,$0,$-4,$1,$-7,$-31,$0,$0,$0,$0,$0,$0,$0,$0,$-21,$0,$-21,$1,$1,$0,$0,$-20,$-51,$6,$0
1,2018-06-30,1.03,$1.06,0.97,0.0,0.0,$-3.51,0.0,$-1.90,0.0,$0.05B,$0.01B,3.36,$0.00B,$0.03B,0.0,$0.00B,0,nan%,$0.00B,$-0.06B,inf%,$0.00B,$-0.06B,inf%,$0.00B,$-0.06B,inf%,$0.00B,$-0.06B,inf%,$0.00B,$-0.06B,inf%,$-0.06B,$0.03B,-110.28%,$-0.06B,$0.03B,-110.28%,$-0.06B,$0.05B,-74.21%,$-0.06B,$0.03B,-97.17%,$0,$0,$0,$3,$3,$13,$-13,$-0,$-13,$0,$-13,$-13,$-13,$-12,$-13,$31,31,$-0.41,$-0.41,$46,$0,$0,$47,$1,$0,$0,$0,$1,$47,$14,$0,$0,$0,$14,$0,$-185,$0,$33,$47,$-34,$0,$13,$13,$0,$0,$-3,$1,$-1,$-22,$0,$0,$0,$0,$0,$0,$0,$0,$-21,$0,$-21,$1,$1,$0,$0,$-20,$-42,$4,$0
2,2018-03-31,1.18,$1.42,0.83,0.0,0.0,$-3.48,0.0,$-1.93,0.0,$0.08B,$0.03B,2.35,$0.00B,$0.04B,0.0,$0.00B,0,nan%,$0.00B,$-0.06B,inf%,$0.00B,$-0.06B,inf%,$0.00B,$-0.06B,inf%,$0.00B,$-0.06B,inf%,$0.00B,$-0.06B,inf%,$-0.06B,$0.04B,-90.57%,$-0.06B,$0.04B,-90.57%,$-0.06B,$0.08B,-62.50%,$-0.06B,$0.04B,-76.19%,$0,$0,$0,$13,$5,$20,$-20,$-1,$-21,$0,$-21,$-21,$-21,$-20,$-20,$31,31,$-0.67,$-0.67,$75,$0,$0,$76,$1,$0,$0,$0,$1,$77,$32,$0,$0,$0,$32,$0,$-173,$0,$44,$77,$-21,$0,$5,$5,$0,$0,$-1,$0,$2,$-14,$0,$0,$0,$0,$0,$0,$0,$0,$0,$0,$0,$1,$1,$0,$-0,$1,$-13,$2,$0
3,2017-12-31,9.37,$2.02,4.64,0.0,0.0,$-3.41,0.0,$-1.68,0.0,$0.09B,$0.01B,6.92,$0.02B,$0.06B,0.28,$0.00B,0,nan%,$0.00B,$-0.05B,inf%,$0.00B,$-0.05B,inf%,$0.00B,$-0.05B,inf%,$0.00B,$-0.05B,inf%,$0.00B,$-0.05B,inf%,$-0.05B,$0.06B,-68.00%,$-0.05B,$0.06B,-68.00%,$-0.05B,$0.09B,-50.12%,$-0.05B,$0.08B,-57.14%,$0,$0,$0,$11,$5,$16,$-16,$-0,$-16,$0,$-14,$-14,$-14,$-16,$-16,$30,30,$-0.44,$-0.44,$88,$0,$0,$89,$3,$0,$0,$0,$4,$93,$13,$17,$0,$17,$30,$0,$-152,$0,$62,$93,$-51,$0,$7,$7,$0,$0,$1,$-0,$3,$-41,$-0,$0,$0,$0,$0,$0,$0,$-0,$5,$0,$5,$18,$18,$0,$0,$23,$-18,$6,$0
4,2017-09-30,10.73,$2.42,4.44,0.0,0.0,$-3.20,0.0,$-1.56,0.0,$0.10B,$0.01B,8.34,$0.02B,$0.08B,0.2,$0.00B,0,nan%,$0.00B,$-0.05B,inf%,$0.00B,$-0.05B,inf%,$0.00B,$-0.05B,inf%,$0.00B,$-0.05B,inf%,$0.00B,$-0.05B,inf%,$-0.05B,$0.08B,-57.49%,$-0.05B,$0.08B,-57.49%,$-0.05B,$0.10B,-44.24%,$-0.05B,$0.09B,-48.45%,$0,$0,$0,$7,$4,$11,$-11,$-0,$-11,$0,$-11,$-11,$-11,$-11,$-11,$31,31,$-0.37,$-0.37,$97,$0,$0,$98,$3,$0,$0,$0,$4,$101,$12,$15,$0,$15,$27,$0,$-138,$0,$75,$101,$-37,$0,$5,$5,$0,$0,$-1,$1,$0,$-31,$-0,$0,$0,$0,$0,$0,$0,$-0,$5,$0,$5,$18,$18,$0,$0,$23,$-9,$5,$0
5,2017-06-30,10.26,$2.73,3.75,0.0,0.0,$-3.09,0.0,$-1.56,0.0,$0.11B,$0.01B,9.44,$0.02B,$0.08B,0.2,$0.00B,0,nan%,$0.00B,$-0.05B,inf%,$0.00B,$-0.05B,inf%,$0.00B,$-0.05B,inf%,$0.00B,$-0.05B,inf%,$0.00B,$-0.05B,inf%,$-0.05B,$0.08B,-53.71%,$-0.05B,$0.08B,-53.71%,$-0.05B,$0.11B,-42.63%,$-0.05B,$0.10B,-44.88%,$0,$0,$0,$9,$4,$13,$-13,$-0,$-14,$0,$-14,$-14,$-14,$-13,$-13,$30,30,$-0.44,$-0.44,$109,$0,$0,$109,$3,$0,$0,$0,$4,$113,$12,$17,$0,$17,$29,$0,$-127,$0,$84,$113,$-26,$0,$3,$4,$0,$0,$1,$0,$2,$-20,$-0,$0,$0,$0,$0,$0,$0,$-0,$5,$0,$5,$17,$17,$0,$0,$22,$2,$3,$0
6,2017-03-31,9.11,$2.71,3.36,0.0,0.0,$-3.04,0.0,$-1.45,0.0,$0.10B,$0.01B,14.27,$0.02B,$0.08B,0.18,$0.00B,0,nan%,$0.00B,$-0.04B,inf%,$0.00B,$-0.04B,inf%,$0.00B,$-0.04B,inf%,$0.00B,$-0.04B,inf%,$0.00B,$-0.04B,inf%,$-0.04B,$0.08B,-45.04%,$-0.04B,$0.08B,-45.04%,$-0.04B,$0.10B,-37.92%,$-0.04B,$0.09B,-40.19%,$0,$0,$0,$8,$4,$12,$-12,$-0,$-12,$0,$-12,$-12,$-12,$-12,$-12,$29,29,$-0.42,$-0.42,$96,$0,$0,$96,$3,$0,$0,$0,$4,$100,$7,$15,$0,$15,$21,$0,$-113,$0,$79,$100,$-12,$0,$2,$2,$0,$0,$-1,$0,$-0,$-11,$-0,$0,$0,$0,$0,$0,$0,$-0,$0,$0,$0,$0,$0,$0,$0,$0,$-11,$2,$0
7,2016-12-31,12.5,$3.09,4.05,0.0,0.0,$-2.98,0.0,$-1.35,0.0,$0.11B,$0.01B,16.06,$0.02B,$0.09B,0.17,$0.00B,0,nan%,$0.00B,$-0.04B,inf%,$0.00B,$-0.04B,inf%,$0.00B,$-0.04B,inf%,$0.00B,$-0.04B,inf%,$0.00B,$-0.04B,inf%,$-0.04B,$0.09B,-38.14%,$-0.04B,$0.09B,-38.14%,$-0.04B,$0.11B,-33.40%,$-0.04B,$0.10B,-35.29%,$0,$0,$0,$7,$4,$11,$-11,$-0,$-11,$0,$-10,$-10,$-10,$-11,$-11,$29,29,$-0.32,$-0.32,$106,$0,$0,$107,$3,$0,$0,$0,$4,$111,$7,$15,$0,$15,$22,$0,$-101,$0,$89,$111,$-39,$0,$6,$6,$0,$0,$1,$0,$1,$-32,$-1,$0,$0,$0,$0,$0,$0,$-1,$10,$0,$10,$0,$0,$0,$-1,$9,$-24,$5,$0
8,2016-09-30,10.41,$3.37,3.09,0.0,0.0,$-4.69,0.0,$-1.32,0.0,$0.11B,$0.00B,26.6,$0.02B,$0.10B,0.15,$0.00B,0,nan%,$0.00B,$-0.04B,inf%,$0.00B,$-0.04B,inf%,$0.00B,$-0.04B,inf%,$0.00B,$-0.04B,inf%,$0.00B,$-0.04B,inf%,$-0.04B,$0.10B,-33.48%,$-0.04B,$0.10B,-33.48%,$-0.04B,$0.12B,-30.20%,$-0.04B,$0.11B,-31.90%,$0,$0,$0,$7,$4,$10,$-10,$-0,$-11,$0,$-11,$-11,$-11,$-10,$-10,$29,29,$-0.37,$-0.37,$113,$0,$0,$113,$3,$0,$0,$0,$3,$117,$4,$15,$0,$15,$19,$0,$-92,$0,$98,$117,$-29,$0,$4,$4,$0,$0,$-0,$1,$-1,$-26,$-0,$0,$0,$0,$0,$0,$0,$-0,$10,$0,$10,$0,$0,$0,$-1,$9,$-17,$4,$0
