,Date,Stock Price,Book Value per Share,Price to Book Ratio,TTM Sales per Share,Price to Sales Ratio,TTM FCF per Share,Price to FCF Ratio,TTM Net EPS,PE Ratio,Current Assets,Current Liabilities,Current Ratio,Long Term Debt,Shareholder's Equity_x,Debt to Equity Ratio,TTM Revenue_x,TTM Gross Profit,Gross Margin,TTM Revenue_y,TTM Operating Income,Operating Margin,TTM Revenue_x,TTM EBIT,EBIT Margin,TTM Revenue_y,TTM EBITDA,EBITDA Margin,TTM Revenue_x,TTM Pre-Tax Income,Pre-Tax Margin,TTM Revenue_y,TTM Net Income_x,Net Margin,TTM Net Income_y,Shareholder's Equity_y,Return on Equity,TTM Net Income_x,Tangible Equity,Return on Tangible Equity,TTM Net Income_y,Total Assets,Return on Assets,TTM Net Income,LT Investments & Debt,Return on Investment,revenue,cost-goods-sold,gross-profit,research-development-expenses,selling-general-administrative-expenses,operating-expenses,operating-income,total-non-operating-income-expense,pre-tax-income,total-provision-income-taxes,income-after-taxes,income-from-continuous-operations,net-income,ebitda,ebit,basic-shares-outstanding,shares-outstanding,eps-basic-net-earnings-per-share,eps-earnings-per-share-diluted,cash-on-hand,inventory,other-current-assets,total-current-assets,net-property-plant-equipment,long-term-investments,goodwill-intangible-assets-total,other-long-term-assets,total-long-term-assets,total-assets,total-current-liabilities,long-term-debt,other-non-current-liabilities,total-long-term-liabilities,total-liabilities,common-stock-net,retained-earnings-accumulated-deficit,comprehensive-income,total-share-holder-equity,total-liabilities-share-holders-equity,net-income-loss,total-depreciation-amortization-cash-flow,other-non-cash-items,total-non-cash-items,change-in-accounts-receivable,change-in-inventories,change-in-accounts-payable,change-in-assets-liabilities,total-change-in-assets-liabilities,cash-flow-from-operating-activities,net-change-in-property-plant-equipment,net-change-in-intangible-assets,net-acquisitions-divestitures,net-change-in-short-term-investments,net-change-in-long-term-investments,net-change-in-investments-total,investing-activities-other,cash-flow-from-investing-activities,net-long-term-debt,net-current-debt,debt-issuance-retirement-net-total,net-common-equity-issued-repurchased,net-total-equity-issued-repurchased,total-common-preferred-stock-dividends-paid,financial-activities-other,cash-flow-from-financial-activities,net-cash-flow,stock-based-compensation,common-stock-dividends-paid
0,2018-09-30,31.82,$4.72,6.73,$0.64,49.75,$-2.74,0.0,$-2.65,0.0,$0.34B,$0.03B,13.13,$0.03B,$0.22B,0.15,$0.03B,$0.03B,100.00%,$0.03B,$-0.12B,-413.33%,$0.03B,$-0.12B,-413.33%,$0.03B,$-0.12B,-403.33%,$0.03B,$-0.12B,-403.33%,$0.03B,$-0.12B,-403.33%,$-0.12B,$0.22B,-53.13%,$-0.12B,$0.22B,-53.13%,$-0.12B,$0.39B,-31.05%,$-0.12B,$0.26B,-47.51%,$15,$0,$15,$17,$13,$31,$-16,$1,$-15,$0,$-15,$-15,$-15,$-15,$-16,$47,47,$-0.32,$-0.32,$337,$0,$0,$343,$40,$0,$0,$5,$45,$388,$26,$33,$0,$137,$163,$0,$-391,$-0,$224,$388,$-85,$2,$29,$31,$1,$0,$2,$2,$7,$-47,$-3,$0,$0,$-41,$0,$-41,$0,$-44,$-1,$0,$-1,$57,$57,$0,$0,$57,$-35,$20,$0
1,2018-06-30,35.83,$4.89,7.33,$0.49,73.81,$-1.34,0.0,$-2.97,0.0,$0.35B,$0.02B,14.5,$0.03B,$0.23B,0.14,$0.02B,$0.02B,100.00%,$0.02B,$-0.14B,-642.86%,$0.02B,$-0.14B,-642.86%,$0.02B,$-0.13B,-628.57%,$0.02B,$-0.13B,-633.33%,$0.02B,$-0.13B,-633.33%,$-0.13B,$0.23B,-61.50%,$-0.13B,$0.23B,-61.50%,$-0.13B,$0.39B,-35.23%,$-0.14B,$0.26B,-54.11%,$7,$0,$7,$33,$14,$47,$-40,$1,$-39,$0,$-39,$-39,$-39,$-39,$-40,$47,47,$-0.82,$-0.82,$344,$0,$0,$348,$40,$0,$0,$5,$45,$394,$24,$33,$0,$138,$162,$0,$-376,$0,$231,$394,$-70,$2,$23,$25,$0,$0,$1,$2,$6,$-39,$-2,$0,$0,$-28,$0,$-28,$0,$-31,$-0,$0,$-0,$56,$56,$0,$0,$55,$-15,$14,$0
2,2018-03-31,33.15,$5.30,6.26,$0.40,82.0,$0.59,56.61,$-2.80,0.0,$0.36B,$0.03B,11.71,$0.03B,$0.25B,0.13,$0.02B,$0.02B,100.00%,$0.02B,$-0.12B,-711.76%,$0.02B,$-0.12B,-711.76%,$0.02B,$-0.12B,-694.12%,$0.02B,$-0.12B,-705.88%,$0.02B,$-0.12B,-705.88%,$-0.12B,$0.25B,-58.61%,$-0.12B,$0.25B,-58.61%,$-0.12B,$0.40B,-32.32%,$-0.12B,$0.28B,-50.79%,$4,$0,$4,$21,$14,$35,$-32,$1,$-31,$0,$-31,$-31,$-31,$-31,$-32,$46,46,$-0.67,$-0.67,$359,$0,$0,$363,$40,$0,$0,$2,$41,$404,$31,$33,$0,$125,$156,$0,$-337,$-0,$248,$404,$-31,$1,$8,$9,$-0,$0,$5,$-4,$-0,$-22,$-1,$0,$0,$42,$0,$42,$0,$41,$-0,$0,$-0,$53,$53,$0,$0,$53,$71,$7,$0
3,2017-12-31,30.73,$4.68,6.57,$0.34,91.03,$2.99,10.28,$-2.98,0.0,$0.33B,$0.04B,9.05,$0.03B,$0.21B,0.16,$0.01B,$0.01B,100.00%,$0.01B,$-0.12B,-857.14%,$0.01B,$-0.12B,-857.14%,$0.01B,$-0.12B,-835.71%,$0.01B,$-0.12B,-857.14%,$0.01B,$-0.12B,-857.14%,$-0.12B,$0.21B,-61.78%,$-0.12B,$0.21B,-61.78%,$-0.12B,$0.37B,-32.52%,$-0.12B,$0.24B,-52.63%,$4,$0,$4,$26,$14,$40,$-36,$0,$-36,$0,$-36,$-36,$-36,$-36,$-36,$40,40,$-0.84,$-0.84,$329,$0,$0,$332,$39,$0,$0,$2,$41,$373,$37,$33,$0,$128,$165,$0,$-306,$-0,$208,$373,$-120,$3,$38,$40,$-1,$0,$-2,$81,$71,$-9,$-2,$0,$0,$-182,$0,$-182,$0,$-184,$-1,$-1,$-1,$156,$156,$0,$0,$155,$-39,$23,$0
4,2017-09-30,24.01,$4.25,5.65,$0.27,87.47,$1.61,14.94,$-3.24,0.0,$0.30B,$0.03B,10.12,$0.03B,$0.18B,0.19,$0.01B,$0.01B,100.00%,$0.01B,$-0.12B,-1118.18%,$0.01B,$-0.12B,-1118.18%,$0.01B,$-0.12B,-1081.82%,$0.01B,$-0.12B,-1118.18%,$0.01B,$-0.12B,-1118.18%,$-0.12B,$0.18B,-69.89%,$-0.12B,$0.18B,-69.89%,$-0.12B,$0.34B,-36.94%,$-0.12B,$0.21B,-58.57%,$6,$0,$6,$20,$13,$33,$-27,$0,$-27,$0,$-27,$-27,$-27,$-26,$-27,$41,41,$-0.64,$-0.64,$296,$0,$0,$298,$39,$0,$0,$2,$41,$339,$29,$34,$0,$132,$161,$0,$-270,$-0,$178,$339,$-84,$2,$20,$22,$-1,$0,$3,$85,$78,$16,$-2,$0,$0,$-209,$0,$-209,$0,$-210,$-1,$-1,$-1,$97,$97,$0,$0,$96,$-99,$15,$0
5,2017-06-30,16.78,$4.52,3.71,$0.15,112.23,$0.16,103.64,$-3.19,0.0,$0.33B,$0.05B,6.73,$0.03B,$0.19B,0.18,$0.01B,$0.01B,100.00%,$0.01B,$-0.12B,-1950.00%,$0.01B,$-0.12B,-1950.00%,$0.01B,$-0.11B,-1900.00%,$0.01B,$-0.12B,-1950.00%,$0.01B,$-0.12B,-1950.00%,$-0.12B,$0.19B,-67.24%,$-0.12B,$0.19B,-67.24%,$-0.12B,$0.37B,-37.89%,$-0.12B,$0.22B,-56.32%,$3,$0,$3,$17,$12,$29,$-26,$-0,$-26,$0,$-26,$-26,$-26,$-25,$-26,$41,41,$-0.65,$-0.65,$325,$0,$0,$328,$39,$0,$0,$2,$41,$369,$49,$34,$0,$135,$184,$0,$-243,$-0,$185,$369,$-58,$1,$16,$17,$-1,$0,$3,$87,$84,$44,$-1,$0,$0,$-181,$0,$-181,$0,$-182,$-0,$0,$-0,$97,$97,$0,$0,$97,$-41,$11,$0
6,2017-03-31,22.32,$5.07,4.4,$0.17,131.55,$-1.49,0.0,$-3.08,0.0,$0.35B,$0.05B,7.04,$0.03B,$0.21B,0.16,$0.01B,$0.01B,100.00%,$0.01B,$-0.11B,-1833.33%,$0.01B,$-0.11B,-1833.33%,$0.01B,$-0.11B,-1800.00%,$0.01B,$-0.11B,-1833.33%,$0.01B,$-0.11B,-1833.33%,$-0.11B,$0.21B,-63.04%,$-0.11B,$0.21B,-63.04%,$-0.11B,$0.40B,-39.43%,$-0.11B,$0.24B,-53.53%,$1,$0,$1,$19,$12,$31,$-31,$-0,$-31,$0,$-31,$-31,$-31,$-30,$-31,$36,36,$-0.85,$-0.85,$352,$0,$0,$354,$40,$0,$0,$2,$41,$395,$50,$34,$0,$138,$189,$0,$-217,$0,$206,$395,$-31,$1,$11,$12,$-1,$0,$10,$91,$89,$70,$-1,$0,$0,$0,$0,$0,$0,$-1,$-0,$0,$-0,$98,$98,$0,$0,$97,$166,$6,$0
7,2016-12-31,16.23,$3.76,4.32,$0.19,86.74,$-3.86,0.0,$-3.03,0.0,$0.19B,$0.03B,5.66,$0.04B,$0.14B,0.26,$0.01B,$0.01B,100.00%,$0.01B,$-0.10B,-1616.67%,$0.01B,$-0.10B,-1616.67%,$0.01B,$-0.10B,-1600.00%,$0.01B,$-0.10B,-1616.67%,$0.01B,$-0.10B,-1616.67%,$-0.10B,$0.14B,-55.99%,$-0.10B,$0.14B,-55.99%,$-0.10B,$0.23B,-40.00%,$-0.10B,$0.17B,-48.81%,$1,$0,$1,$27,$13,$40,$-39,$-0,$-39,$0,$-39,$-39,$-39,$-38,$-39,$32,32,$-1.09,$-1.09,$185,$0,$0,$187,$40,$0,$0,$2,$42,$229,$33,$35,$0,$61,$95,$0,$-186,$0,$135,$229,$-97,$1,$28,$29,$1,$0,$3,$2,$18,$-50,$-3,$0,$0,$0,$0,$0,$0,$-3,$-1,$0,$-1,$98,$98,$0,$0,$97,$43,$17,$0
