,Date,Stock Price,Book Value per Share,Price to Book Ratio,TTM Sales per Share,Price to Sales Ratio,TTM FCF per Share,Price to FCF Ratio,TTM Net EPS,PE Ratio,Current Assets,Current Liabilities,Current Ratio,Long Term Debt,Shareholder's Equity_x,Debt to Equity Ratio,TTM Revenue_x,TTM Gross Profit,Gross Margin,TTM Revenue_y,TTM Operating Income,Operating Margin,TTM Revenue_x,TTM EBIT,EBIT Margin,TTM Revenue_y,TTM EBITDA,EBITDA Margin,TTM Revenue_x,TTM Pre-Tax Income,Pre-Tax Margin,TTM Revenue_y,TTM Net Income_x,Net Margin,TTM Net Income_y,Shareholder's Equity_y,Return on Equity,TTM Net Income_x,Tangible Equity,Return on Tangible Equity,TTM Net Income_y,Total Assets,Return on Assets,TTM Net Income,LT Investments & Debt,Return on Investment,revenue,cost-goods-sold,gross-profit,research-development-expenses,selling-general-administrative-expenses,operating-expenses,operating-income,total-non-operating-income-expense,pre-tax-income,total-provision-income-taxes,income-after-taxes,income-from-continuous-operations,net-income,ebitda,ebit,basic-shares-outstanding,shares-outstanding,eps-basic-net-earnings-per-share,eps-earnings-per-share-diluted,cash-on-hand,inventory,other-current-assets,total-current-assets,net-property-plant-equipment,long-term-investments,goodwill-intangible-assets-total,other-long-term-assets,total-long-term-assets,total-assets,total-current-liabilities,long-term-debt,other-non-current-liabilities,total-long-term-liabilities,total-liabilities,common-stock-net,retained-earnings-accumulated-deficit,comprehensive-income,total-share-holder-equity,total-liabilities-share-holders-equity,net-income-loss,total-depreciation-amortization-cash-flow,other-non-cash-items,total-non-cash-items,change-in-accounts-receivable,change-in-inventories,change-in-accounts-payable,change-in-assets-liabilities,total-change-in-assets-liabilities,cash-flow-from-operating-activities,net-change-in-property-plant-equipment,net-change-in-intangible-assets,net-acquisitions-divestitures,net-change-in-short-term-investments,net-change-in-long-term-investments,net-change-in-investments-total,investing-activities-other,cash-flow-from-investing-activities,net-long-term-debt,net-current-debt,debt-issuance-retirement-net-total,net-common-equity-issued-repurchased,net-total-equity-issued-repurchased,total-common-preferred-stock-dividends-paid,financial-activities-other,cash-flow-from-financial-activities,net-cash-flow,stock-based-compensation,common-stock-dividends-paid
0,2018-09-30,25.0,$1.68,14.87,$40.61,0.62,$6.42,3.9,$2.06,12.14,$0.59B,$0.64B,0.92,$0.30B,$0.08B,3.9,$1.82B,$0.53B,29.21%,$1.82B,$0.27B,15.05%,$1.82B,$0.27B,15.05%,$1.82B,$0.30B,16.20%,$1.82B,$0.15B,7.96%,$1.82B,$0.09B,5.11%,$0.09B,$0.08B,112.39%,$0.09B,$0.08B,112.39%,$0.09B,$1.31B,6.40%,$0.27B,$0.37B,78.68%,$431,$320,$111,$0,$53,$381,$50,$-10,$40,$13,$27,$27,$27,$52,$50,$45,45,$0.61,$0.61,$100,$27,$161,$591,$589,$0,$0,$0,$716,$1307,$639,$297,$281,$591,$1231,$28,$49,$-1,$76,$1307,$67,$13,$144,$157,$-124,$-14,$176,$-1,$31,$235,$-128,$0,$0,$0,$-24,$-24,$31,$-122,$-30,$0,$-30,$0,$0,$0,$0,$-30,$90,$0,$0
1,2018-06-30,32.49,$1.47,22.17,$39.29,0.83,$3.26,9.97,$1.82,17.85,$0.62B,$0.71B,0.87,$0.28B,$0.07B,4.35,$1.77B,$0.53B,29.86%,$1.77B,$0.27B,15.13%,$1.77B,$0.27B,15.13%,$1.77B,$0.29B,16.49%,$1.77B,$0.13B,7.25%,$1.77B,$0.08B,4.70%,$0.08B,$0.07B,105.06%,$0.08B,$0.07B,105.06%,$0.08B,$1.42B,5.74%,$0.27B,$0.35B,85.03%,$444,$327,$117,$0,$53,$389,$55,$-65,$-11,$-2,$-9,$-9,$-9,$60,$55,$45,45,$-0.03,$-0.03,$54,$27,$204,$615,$730,$0,$0,$0,$800,$1415,$709,$281,$342,$640,$1349,$38,$30,$-1,$66,$1415,$54,$11,$141,$153,$-84,$-10,$130,$-10,$22,$214,$-98,$0,$0,$-3,$-52,$-55,$7,$-146,$-41,$0,$-41,$0,$0,$0,$0,$-41,$29,$0,$0
2,2018-03-31,57.53,$2.78,20.66,$37.71,1.53,$-0.25,0.0,$1.92,29.96,$0.70B,$0.76B,0.92,$0.23B,$0.13B,1.84,$1.69B,$0.49B,29.03%,$1.69B,$0.23B,13.68%,$1.69B,$0.23B,13.68%,$1.69B,$0.26B,15.23%,$1.69B,$0.13B,7.76%,$1.69B,$0.09B,5.27%,$0.09B,$0.13B,119.87%,$0.09B,$0.13B,119.87%,$0.09B,$1.56B,6.24%,$0.23B,$0.36B,80.98%,$560,$361,$200,$0,$57,$429,$132,$-27,$105,$31,$74,$74,$74,$138,$132,$45,45,$1.64,$1.64,$28,$25,$225,$695,$795,$0,$0,$0,$867,$1562,$755,$230,$391,$682,$1437,$46,$45,$-1,$125,$1562,$74,$7,$75,$82,$-129,$-5,$106,$-12,$-17,$137,$-51,$0,$0,$0,$-44,$-44,$-39,$-134,$0,$0,$0,$0,$0,$0,$0,$0,$3,$0,$0
3,2017-12-31,49.7,$1.41,35.15,$32.88,1.51,$-3.02,0.0,$0.92,54.02,$0.56B,$0.76B,0.74,$0.25B,$0.06B,3.95,$1.47B,$0.40B,27.46%,$1.47B,$0.15B,10.27%,$1.47B,$0.15B,10.27%,$1.47B,$0.18B,12.03%,$1.47B,$0.07B,4.62%,$1.47B,$0.04B,2.86%,$0.04B,$0.06B,75.34%,$0.04B,$0.06B,75.34%,$0.04B,$1.53B,3.11%,$0.15B,$0.32B,59.92%,$386,$282,$104,$0,$60,$349,$37,$-26,$11,$11,$1,$1,$1,$45,$37,$45,45,$0.02,$0.02,$6,$24,$175,$559,$895,$0,$0,$0,$969,$1528,$757,$253,$435,$707,$1464,$54,$-31,$-2,$64,$1528,$41,$26,$150,$176,$-104,$-1,$109,$8,$-3,$198,$-219,$0,$2,$0,$-41,$-41,$14,$-244,$35,$0,$35,$0,$0,$0,$0,$35,$-11,$0,$0
4,2017-09-30,39.75,$1.34,29.66,$30.03,1.32,$-1.86,0.0,$0.92,43.21,$0.42B,$0.66B,0.64,$0.18B,$0.06B,2.89,$1.34B,$0.38B,27.94%,$1.34B,$0.20B,15.20%,$1.34B,$0.20B,15.20%,$1.34B,$0.23B,16.99%,$1.34B,$0.13B,9.54%,$1.34B,$0.09B,6.56%,$0.09B,$0.06B,192.35%,$0.09B,$0.06B,192.35%,$0.09B,$1.28B,6.83%,$0.20B,$0.24B,90.37%,$375,$269,$106,$0,$48,$332,$43,$-20,$23,$6,$17,$17,$17,$48,$43,$45,45,$0.38,$0.38,$15,$19,$93,$417,$791,$0,$0,$0,$866,$1282,$655,$175,$373,$566,$1221,$52,$-31,$-1,$61,$1282,$38,$18,$101,$119,$-56,$3,$47,$-3,$-23,$121,$-155,$0,$0,$-83,$0,$-83,$114,$-124,$-8,$0,$-8,$0,$0,$0,$0,$-8,$-11,$0,$0
5,2017-06-30,31.9,$1.04,30.69,$26.79,1.19,$-0.56,0.0,$-0.46,0.0,$0.44B,$0.68B,0.64,$0.19B,$0.05B,3.93,$1.20B,$0.27B,22.59%,$1.20B,$0.11B,9.46%,$1.20B,$0.11B,9.46%,$1.20B,$0.14B,11.46%,$1.20B,$0.04B,3.10%,$1.20B,$0.03B,2.26%,$0.03B,$0.05B,106.93%,$0.03B,$0.05B,106.93%,$0.03B,$1.33B,2.13%,$0.11B,$0.23B,54.85%,$367,$287,$80,$0,$53,$348,$19,$-27,$-8,$-5,$-3,$-3,$-3,$26,$19,$44,44,$-0.08,$-0.08,$7,$18,$103,$440,$812,$0,$0,$0,$889,$1329,$684,$185,$393,$598,$1282,$57,$-52,$-2,$47,$1329,$24,$13,$65,$78,$-53,$0,$55,$-14,$-29,$63,$-103,$0,$2,$37,$0,$37,$-2,$-66,$-8,$0,$-8,$0,$0,$0,$0,$-8,$-12,$0,$0
6,2017-03-31,34.8,$1.14,30.66,$22.74,1.53,$1.16,29.89,$-2.04,0.0,$0.43B,$0.61B,0.71,$0.17B,$0.05B,3.33,$1.02B,$0.15B,14.62%,$1.02B,$-0.01B,-0.79%,$1.02B,$-0.01B,-0.79%,$1.02B,$0.02B,1.47%,$1.02B,$-0.07B,-7.16%,$1.02B,$-0.05B,-4.42%,$-0.05B,$0.05B,-230.77%,$-0.05B,$0.05B,-230.77%,$-0.05B,$1.26B,-3.75%,$-0.01B,$0.22B,-4.00%,$343,$229,$114,$0,$53,$291,$52,$-10,$42,$15,$27,$27,$27,$58,$52,$45,45,$0.60,$0.60,$108,$17,$3,$433,$758,$0,$0,$0,$830,$1263,$609,$171,$412,$602,$1212,$57,$-49,$-2,$51,$1263,$27,$6,$36,$42,$-44,$2,$11,$-13,$-60,$9,$-47,$0,$0,$36,$0,$36,$-10,$-21,$0,$0,$0,$0,$0,$0,$0,$0,$-12,$1,$0
7,2016-12-31,27.85,$0.54,51.53,$19.74,1.41,$2.11,13.2,$-2.83,0.0,$0.45B,$0.65B,0.69,$0.19B,$0.02B,7.65,$0.88B,$0.06B,6.67%,$0.88B,$-0.04B,-4.86%,$0.88B,$-0.04B,-4.86%,$0.88B,$-0.02B,-2.38%,$0.88B,$-0.13B,-14.71%,$0.88B,$-0.08B,-9.16%,$-0.08B,$0.02B,-259.20%,$-0.08B,$0.02B,-259.20%,$-0.08B,$1.28B,-7.10%,$-0.04B,$0.21B,-19.82%,$257,$182,$75,$0,$56,$168,$90,$-19,$71,$24,$47,$47,$47,$96,$90,$45,45,$1.04,$1.04,$18,$19,$135,$448,$758,$0,$0,$3,$833,$1282,$647,$188,$402,$610,$1257,$61,$-80,$-3,$24,$1282,$-80,$24,$-38,$-14,$-129,$-10,$347,$19,$293,$198,$-168,$0,$0,$6,$0,$6,$1,$-161,$-15,$0,$-15,$0,$0,$0,$-18,$-33,$9,$1,$0
8,2016-09-30,19.8,$-0.47,-42.23,$15.27,1.3,$4.06,4.88,$-2.54,0.0,$0.39B,$0.66B,0.59,$0.18B,$-0.02B,-8.41,$0.69B,$-0.21B,-30.22%,$0.69B,$0.22B,31.97%,$0.69B,$0.22B,31.97%,$0.69B,$0.24B,35.47%,$0.69B,$-0.23B,-33.14%,$0.69B,$-0.12B,-16.79%,$-0.12B,$-0.02B,-172.28%,$-0.12B,$-0.02B,-172.28%,$-0.12B,$1.19B,-9.80%,$0.22B,$0.16B,63.76%,$228,$228,$1,$0,$44,$277,$-48,$-20,$-68,$-24,$-44,$-44,$-44,$-43,$-48,$45,45,$-0.98,$-0.98,$6,$16,$134,$386,$710,$0,$0,$3,$803,$1188,$655,$179,$356,$554,$1210,$60,$-123,$-3,$-21,$1188,$-123,$17,$9,$26,$-92,$-7,$296,$9,$223,$126,$-102,$0,$0,$-4,$0,$-4,$1,$-105,$-24,$0,$-24,$0,$0,$0,$0,$-24,$-3,$0,$0
9,2016-06-30,17.51,$0.53,33.19,$12.69,1.38,$5.75,3.04,$-0.41,0.0,$0.30B,$0.50B,0.6,$0.18B,$0.02B,7.71,$0.57B,$-0.18B,-31.93%,$0.57B,$0.23B,40.70%,$0.57B,$0.23B,40.70%,$0.57B,$0.26B,45.44%,$0.57B,$-0.12B,-21.58%,$0.57B,$-0.05B,-8.42%,$-0.05B,$0.02B,-44.55%,$-0.05B,$0.02B,-44.55%,$-0.05B,$1.07B,-4.01%,$0.23B,$0.21B,59.79%,$191,$232,$-41,$0,$53,$293,$-102,$-16,$-118,$-44,$-75,$-75,$-75,$-96,$-102,$45,45,$-1.66,$-1.66,$22,$9,$145,$300,$706,$0,$0,$3,$770,$1070,$502,$184,$342,$544,$1046,$63,$-83,$-3,$24,$1070,$-83,$12,$8,$20,$30,$1,$120,$-6,$175,$111,$-75,$0,$0,$-15,$0,$-15,$1,$-89,$-10,$0,$-10,$0,$0,$0,$0,$-10,$13,$0,$0
10,2016-03-31,16.7,$2.18,7.68,$10.67,1.57,$4.98,3.35,$1.89,8.84,$0.34B,$0.44B,0.76,$0.19B,$0.10B,1.98,$0.48B,$-0.19B,-38.75%,$0.48B,$0.24B,50.00%,$0.48B,$0.24B,50.00%,$0.48B,$0.27B,55.83%,$0.48B,$0.05B,9.58%,$0.48B,$0.06B,11.46%,$0.06B,$0.10B,41.43%,$0.06B,$0.10B,41.43%,$0.06B,$1.03B,4.47%,$0.24B,$0.29B,57.90%,$208,$184,$24,$0,$36,$192,$17,$-31,$-15,$-6,$-9,$-9,$-9,$22,$17,$45,45,$-0.20,$-0.20,$12,$8,$125,$336,$657,$0,$0,$0,$689,$1025,$444,$193,$272,$483,$927,$63,$9,$-3,$98,$1025,$-9,$6,$27,$32,$-41,$1,$35,$-11,$-9,$34,$-30,$0,$0,$-1,$0,$-1,$0,$-30,$0,$0,$0,$0,$0,$0,$-0,$-0,$3,$0,$0
11,2015-12-31,17.53,$0.00,0.0,$8.49,2.06,$6.52,2.69,$3.28,5.34,$0.42B,$0.62B,0.68,$0.55B,$0.17B,3.33,$0.38B,$-0.18B,-46.88%,$0.38B,$0.21B,55.73%,$0.38B,$0.21B,55.73%,$0.38B,$0.24B,63.54%,$0.38B,$0.14B,37.50%,$0.38B,$0.12B,30.73%,$0.12B,$0.17B,88.72%,$0.12B,$0.17B,88.72%,$0.12B,$1.41B,9.33%,$0.21B,$0.72B,51.69%,$58,$250,$-191,$0,$-543,$-293,$352,$-528,$-26,$-45,$18,$13,$13,$360,$352,$46,46,$0.29,$0.29,$14,$15,$170,$421,$1401,$0,$0,$19,$1425,$1412,$618,$552,$59,$629,$1246,$98,$27,$0,$166,$1412,$124,$31,$0,$31,$0,$0,$0,$0,$15,$350,$-228,$0,$0,$0,$0,$-110,$0,$-338,$0,$0,$0,$0,$0,$0,$-19,$-19,$-5,$0,$0
12,2015-09-30,12.79,$0.00,0.0,$9.38,1.36,$4.29,2.98,$1.31,9.76,$0.40B,$0.62B,0.65,$0.19B,$0.14B,1.34,$0.42B,$-0.10B,-24.59%,$0.42B,$-0.32B,-76.60%,$0.42B,$-0.32B,-76.60%,$0.42B,$-0.29B,-69.27%,$0.42B,$0.24B,56.74%,$0.42B,$0.03B,7.09%,$0.03B,$0.14B,28.99%,$0.03B,$0.14B,28.99%,$0.03B,$1.29B,2.54%,$-0.32B,$0.34B,-109.46%,$113,$87,$26,$0,$61,$148,$-35,$130,$36,$13,$23,$23,$23,$-27,$-35,$45,45,$1.15,$1.15,$142,$11,$0,$400,$0,$5,$0,$28,$43,$1285,$615,$191,$321,$527,$1142,$140,$5,$0,$143,$1285,$102,$22,$0,$22,$0,$0,$0,$0,$114,$214,$-115,$0,$0,$0,$0,$-91,$0,$-205,$0,$-9,$0,$0,$0,$0,$0,$-9,$-0,$0,$0
13,2015-06-30,12.93,$0.00,0.0,$9.80,1.32,$1.90,6.8,$-1.96,0.0,$0.34B,$0.56B,0.61,$0.19B,$0.12B,1.54,$0.44B,$-0.15B,-33.26%,$0.44B,$-0.35B,-78.73%,$0.44B,$-0.35B,-78.73%,$0.44B,$-0.32B,-71.95%,$0.44B,$0.11B,25.57%,$0.44B,$-0.09B,-20.14%,$-0.09B,$0.12B,-148.95%,$-0.09B,$0.12B,-148.95%,$-0.09B,$1.20B,-8.10%,$-0.35B,$0.31B,-138.37%,$101,$145,$-45,$0,$49,$194,$-94,$145,$51,$23,$28,$28,$28,$-87,$-94,$45,45,$0.64,$0.64,$139,$9,$0,$342,$0,$4,$0,$28,$39,$1202,$560,$190,$313,$517,$1078,$100,$0,$0,$124,$1202,$81,$15,$0,$15,$0,$0,$0,$0,$0,$166,$-165,$0,$0,$0,$0,$0,$0,$-165,$0,$-9,$0,$0,$0,$0,$0,$-9,$-8,$0,$0
14,2015-03-31,16.16,$0.00,0.0,$9.92,1.63,$1.83,8.83,$-2.58,0.0,$0.32B,$0.54B,0.59,$0.19B,$0.10B,1.93,$0.45B,$-0.14B,-32.21%,$0.45B,$-0.33B,-73.38%,$0.45B,$-0.33B,-73.38%,$0.45B,$-0.30B,-66.67%,$0.45B,$0.06B,13.65%,$0.45B,$-0.12B,-25.73%,$-0.12B,$0.10B,-269.01%,$-0.12B,$0.10B,-269.01%,$-0.12B,$1.16B,-11.19%,$-0.33B,$0.29B,-140.02%,$112,$81,$30,$0,$40,$121,$-9,$153,$83,$29,$54,$54,$54,$-2,$-9,$45,45,$1.20,$1.20,$104,$9,$0,$322,$0,$0,$0,$29,$42,$1162,$543,$190,$316,$520,$1063,$103,$0,$0,$99,$1162,$54,$7,$0,$7,$0,$0,$0,$0,$0,$74,$0,$0,$0,$0,$0,$-80,$0,$-80,$0,$0,$0,$0,$0,$0,$0,$0,$-6,$0,$0
15,2014-12-31,9.37,$0.00,0.0,$9.94,0.94,$0.45,20.63,$-5.83,0.0,$0.20B,$0.54B,0.38,$0.20B,$0.05B,4.15,$0.45B,$-0.14B,-30.20%,$0.45B,$-0.31B,-69.57%,$0.45B,$-0.31B,-69.57%,$0.45B,$-0.28B,-62.86%,$0.45B,$-0.12B,-25.95%,$0.45B,$-0.26B,-58.39%,$-0.26B,$0.05B,-822.05%,$-0.26B,$0.05B,-957.80%,$-0.26B,$1.07B,-26.80%,$-0.31B,$0.25B,-139.93%,$97,$212,$-115,$0,$71,$282,$-186,$191,$70,$-11,$81,$-75,$-75,$-177,$-186,$45,45,$-1.68,$-1.68,$54,$9,$0,$203,$0,$0,$0,$31,$42,$1069,$537,$198,$273,$485,$1022,$111,$-111,$0,$48,$1069,$-97,$29,$0,$29,$0,$0,$0,$0,$0,$192,$-173,$0,$0,$0,$0,$0,$-8,$-181,$0,$-0,$0,$0,$0,$0,$-19,$-19,$-8,$0,$0
16,2014-09-30,11.12,$0.00,0.0,$7.78,1.43,$0.05,242.79,$-4.15,0.0,$0.20B,$0.58B,0.35,$0.19B,$-0.03B,-5.87,$0.50B,$-0.07B,-13.33%,$0.50B,$-0.22B,-43.43%,$0.50B,$-0.22B,-43.43%,$0.50B,$-0.18B,-36.97%,$0.50B,$-0.20B,-39.80%,$0.50B,$-0.20B,-39.80%,$-0.20B,$-0.03B,-266.22%,$-0.20B,$-0.03B,-283.45%,$-0.20B,$0.96B,-18.93%,$-0.22B,$0.16B,-78.11%,$132,$149,$-17,$0,$42,$191,$-59,$-20,$-91,$-3,$-87,$-96,$-96,$-52,$-59,$45,45,$-2.12,$-2.12,$48,$14,$0,$204,$0,$0,$0,$30,$30,$960,$575,$189,$216,$418,$992,$155,$-187,$0,$-32,$960,$-175,$21,$0,$21,$0,$0,$0,$0,$0,$132,$-140,$0,$0,$0,$0,$0,$0,$-140,$0,$-9,$-0,$0,$0,$0,$0,$-9,$-17,$0,$0
17,2014-06-30,12.62,$0.00,0.0,$8.81,1.43,$1.95,6.48,$-4.25,0.0,$0.18B,$0.47B,0.39,$0.19B,$0.06B,3.35,$0.53B,$-0.08B,-15.56%,$0.53B,$-0.23B,-43.64%,$0.53B,$-0.23B,-43.64%,$0.53B,$-0.20B,-37.38%,$0.53B,$-0.23B,-43.45%,$0.53B,$-0.19B,-36.62%,$-0.19B,$0.06B,-141.13%,$-0.19B,$0.06B,-145.94%,$-0.19B,$0.92B,-16.81%,$-0.23B,$0.25B,-66.19%,$106,$148,$-42,$0,$32,$180,$-74,$73,$-1,$-3,$2,$2,$2,$-67,$-74,$45,45,$0.02,$0.02,$40,$14,$0,$181,$0,$0,$0,$28,$28,$920,$470,$189,$198,$394,$864,$112,$-104,$0,$56,$920,$-90,$14,$0,$14,$0,$0,$0,$0,$0,$78,$-80,$0,$0,$0,$0,$0,$0,$-80,$0,$0,$0,$0,$0,$0,$-9,$-9,$-10,$0,$0
18,2014-03-31,7.4,$0.00,0.0,$10.23,0.72,$2.95,2.51,$4.09,1.81,$0.14B,$0.48B,0.29,$0.19B,$0.06B,3.41,$0.58B,$-0.07B,-11.76%,$0.58B,$-0.24B,-41.00%,$0.58B,$-0.24B,-41.00%,$0.58B,$-0.20B,-34.78%,$0.58B,$0.15B,25.43%,$0.58B,$0.15B,26.47%,$0.15B,$0.06B,74.18%,$0.15B,$0.04B,75.84%,$0.15B,$0.95B,12.10%,$-0.24B,$0.24B,-55.54%,$112,$74,$39,$0,$31,$105,$8,$-47,$-94,$-2,$-92,$-92,$-92,$15,$8,$45,45,$-2.05,$-2.05,$61,$12,$0,$138,$0,$0,$0,$27,$27,$946,$480,$186,$243,$429,$909,$138,$-107,$0,$55,$946,$119,$7,$0,$7,$0,$0,$0,$0,$-94,$46,$-34,$0,$0,$0,$0,$-29,$0,$-63,$0,$0,$0,$0,$0,$0,$0,$0,$26,$0,$0
19,2013-12-31,5.06,$0.00,0.0,$11.47,0.44,$3.26,1.55,$3.86,1.31,$0.34B,$0.61B,0.57,$0.24B,$0.22B,1.11,$0.63B,$-0.12B,-19.43%,$0.63B,$-0.30B,-47.08%,$0.63B,$-0.30B,-47.08%,$0.63B,$-0.26B,-40.92%,$0.63B,$0.15B,24.01%,$0.63B,$0.14B,22.59%,$0.14B,$0.22B,74.67%,$0.14B,$0.22B,74.67%,$0.14B,$1.34B,10.33%,$-0.30B,$0.46B,-68.31%,$145,$191,$-46,$0,$45,$235,$-90,$79,$-11,$2,$-13,$-13,$-11,$-79,$-90,$0,0,$0.00,$0.00,$85,$15,$0,$344,$0,$0,$0,$37,$37,$1337,$605,$241,$255,$516,$1120,$238,$-21,$0,$217,$1337,$142,$39,$31,$70,$0,$0,$0,$0,$328,$292,$-192,$0,$-23,$0,$0,$0,$-17,$-231,$0,$0,$-37,$0,$0,$0,$5,$-33,$32,$0,$0
20,2013-09-30,4.4,$0.00,0.0,$11.47,0.38,$3.26,1.35,$3.86,1.14,$0.44B,$0.63B,0.7,$0.23B,$0.22B,1.03,$0.71B,$-0.32B,-45.40%,$0.71B,$-0.23B,-32.39%,$0.71B,$-0.23B,-32.39%,$0.71B,$-0.19B,-26.45%,$0.71B,$0.08B,11.60%,$0.71B,$0.07B,9.76%,$0.07B,$0.22B,42.01%,$0.07B,$0.22B,58.72%,$0.07B,$1.39B,4.84%,$-0.23B,$0.45B,-54.11%,$164,$197,$-33,$0,$41,$239,$-74,$-48,$-123,$-32,$-91,$-91,$-92,$-66,$-74,$41,41,$-2.22,$-2.22,$68,$10,$230,$437,$0,$0,$0,$80,$80,$1390,$626,$226,$301,$546,$1171,$145,$73,$0,$219,$1390,$143,$28,$0,$28,$0,$0,$0,$0,$-93,$193,$-121,$0,$-18,$0,$0,$0,$-1,$-141,$0,$0,$0,$0,$0,$0,$-13,$-13,$40,$0,$0
21,2013-06-30,2.03,$0.00,0.0,$12.01,0.17,$0.52,3.93,$4.74,0.43,$0.43B,$0.52B,0.82,$0.23B,$0.33B,0.68,$0.75B,$-0.21B,-28.28%,$0.75B,$-0.21B,-28.69%,$0.75B,$-0.21B,-28.69%,$0.75B,$-0.17B,-22.65%,$0.75B,$0.14B,19.17%,$0.75B,$0.10B,13.54%,$0.10B,$0.33B,64.74%,$0.10B,$0.33B,159.68%,$0.10B,$1.38B,7.11%,$-0.21B,$0.56B,-49.91%,$157,$185,$-28,$0,$53,$238,$-81,$456,$375,$29,$346,$346,$348,$-71,$-81,$42,42,$8.36,$8.36,$42,$11,$233,$432,$0,$0,$0,$55,$56,$1383,$524,$228,$273,$525,$1049,$155,$176,$0,$334,$1383,$250,$20,$0,$20,$0,$0,$0,$0,$219,$127,$-86,$0,$0,$0,$0,$-2,$-15,$-103,$0,$-18,$0,$0,$0,$0,$3,$-15,$11,$0,$0
22,2013-03-31,2.48,$0.00,0.0,$12.71,0.2,$-0.01,0.0,$-4.92,0.0,$0.24B,$0.46B,0.52,$0.28B,$-0.00B,-71.05,$0.79B,$-0.11B,-13.92%,$0.79B,$-0.19B,-24.43%,$0.79B,$-0.19B,-24.43%,$0.79B,$-0.15B,-18.48%,$0.79B,$-0.30B,-37.34%,$0.79B,$-0.31B,-38.61%,$-0.31B,$-0.00B,-223.85%,$-0.31B,$-0.00B,8133.33%,$-0.31B,$1.43B,-21.26%,$-0.19B,$0.28B,-45.63%,$167,$183,$-16,$0,$37,$220,$-53,$-36,$-89,$-6,$-83,$-83,$-102,$-43,$-53,$45,45,$-2.28,$-2.28,$36,$10,$36,$238,$0,$0,$0,$300,$300,$1428,$462,$283,$668,$971,$1432,$259,$-279,$0,$-4,$1428,$-102,$10,$0,$10,$0,$0,$0,$0,$101,$63,$-38,$0,$0,$0,$0,$-3,$-3,$-44,$0,$-1,$0,$0,$0,$0,$1,$-1,$22,$0,$0
23,2012-12-31,1.95,$0.00,0.0,$13.57,0.14,$-0.51,0.0,$-3.10,0.0,$0.28B,$0.45B,0.62,$0.30B,$0.11B,2.76,$0.83B,$0.00B,0.12%,$0.83B,$-0.16B,-19.18%,$0.83B,$-0.16B,-19.18%,$0.83B,$-0.11B,-13.27%,$0.83B,$-0.24B,-28.95%,$0.83B,$-0.22B,-27.02%,$-0.22B,$0.11B,-102.99%,$-0.22B,$-0.08B,-728.46%,$-0.22B,$1.50B,-14.82%,$-0.16B,$0.41B,-31.53%,$219,$463,$-244,$0,$-188,$240,$-21,$-61,$-81,$-10,$-71,$-71,$-85,$-7,$-21,$0,0,$0.00,$0.00,$16,$19,$49,$280,$0,$0,$187,$75,$262,$1502,$454,$298,$533,$940,$1394,$198,$-199,$0,$108,$1502,$-224,$49,$0,$49,$0,$0,$0,$0,$110,$140,$-121,$0,$0,$0,$0,$0,$-4,$-125,$0,$0,$-25,$0,$0,$-1,$-10,$-37,$-13,$0,$0
24,2012-09-30,2.15,$0.00,0.0,$18.58,0.12,$-1.28,0.0,$-4.70,0.0,$0.21B,$0.36B,0.59,$0.28B,$0.19B,1.52,$0.84B,$0.47B,56.29%,$0.84B,$0.09B,10.42%,$0.84B,$0.09B,10.42%,$0.84B,$0.12B,14.61%,$0.84B,$0.07B,7.90%,$0.84B,$-0.21B,-25.27%,$-0.21B,$0.19B,-78.08%,$-0.21B,$0.00B,-142.81%,$-0.21B,$1.37B,-14.21%,$0.09B,$0.47B,15.68%,$203,$126,$77,$0,$126,$262,$-59,$-6,$-62,$-3,$-59,$-59,$-60,$-48,$-59,$45,45,$-1.34,$-1.34,$12,$19,$44,$212,$0,$0,$184,$57,$241,$1368,$359,$282,$435,$823,$1182,$195,$-140,$0,$186,$1368,$-136,$36,$-8,$28,$0,$0,$0,$0,$37,$47,$-93,$0,$0,$0,$0,$0,$35,$-58,$0,$0,$-7,$0,$0,$-2,$0,$-10,$-16,$0,$0
25,2012-06-30,2.0,$0.00,0.0,$19.52,0.1,$-0.26,0.0,$-3.56,0.0,$0.27B,$0.37B,0.72,$0.28B,$0.26B,1.11,$0.87B,$0.63B,72.53%,$0.87B,$0.38B,44.14%,$0.87B,$0.38B,44.14%,$0.87B,$0.41B,46.90%,$0.87B,$0.37B,42.07%,$0.87B,$-0.16B,-18.39%,$-0.16B,$0.26B,-46.65%,$-0.16B,$0.07B,-60.04%,$-0.16B,$1.44B,-10.80%,$0.38B,$0.54B,60.83%,$201,$128,$73,$0,$121,$262,$-60,$-19,$-63,$-1,$-62,$-62,$-58,$-48,$-60,$45,45,$-1.30,$-1.30,$75,$14,$41,$266,$0,$0,$189,$56,$245,$1441,$368,$283,$467,$817,$1185,$202,$-53,$0,$255,$1441,$-79,$25,$0,$25,$0,$0,$0,$0,$57,$83,$-63,$0,$0,$0,$0,$29,$7,$-27,$0,$0,$-6,$0,$0,$-1,$-0,$-8,$45,$0,$0
26,2012-03-31,3.85,$0.00,0.0,$19.96,0.19,$-0.70,0.0,$-2.62,0.0,$0.59B,$0.64B,0.92,$0.28B,$0.32B,0.88,$0.89B,$0.78B,87.57%,$0.89B,$0.67B,74.80%,$0.89B,$0.67B,74.80%,$0.89B,$0.68B,76.15%,$0.89B,$0.65B,73.12%,$0.89B,$-0.12B,-13.21%,$-0.12B,$0.32B,-29.30%,$-0.12B,$0.13B,-29.30%,$-0.12B,$1.74B,-7.81%,$0.67B,$0.60B,94.48%,$206,$110,$95,$0,$102,$225,$-19,$-15,$-34,$-8,$-26,$-26,$-21,$-7,$-19,$45,45,$-0.46,$-0.46,$49,$13,$393,$587,$0,$0,$187,$27,$214,$1736,$637,$283,$402,$777,$1414,$207,$-150,$0,$321,$1736,$-21,$13,$0,$13,$0,$0,$0,$0,$44,$33,$-30,$0,$0,$0,$0,$0,$0,$-30,$0,$0,$15,$0,$0,$0,$0,$15,$18,$0,$0
27,2011-12-31,5.26,$0.00,0.0,$19.24,0.27,$-0.17,0.0,$-2.31,0.0,$0.28B,$0.32B,0.87,$0.29B,$0.32B,0.91,$0.86B,$0.79B,91.44%,$0.86B,$0.73B,84.03%,$0.86B,$0.73B,84.03%,$0.86B,$0.74B,85.42%,$0.86B,$0.68B,78.47%,$0.86B,$-0.10B,-12.04%,$-0.10B,$0.32B,-23.11%,$-0.10B,$0.39B,-19.66%,$-0.10B,$1.40B,-7.08%,$0.73B,$0.61B,94.07%,$225,$0,$225,$0,$0,$0,$225,$0,$225,$0,$225,$-72,$-72,$225,$225,$45,45,$-1.60,$-1.60,$32,$6,$112,$280,$0,$0,$-70,$35,$-35,$1395,$323,$289,$450,$753,$1076,$457,$-163,$0,$319,$1395,$-106,$61,$0,$61,$0,$0,$0,$0,$80,$124,$-159,$0,$0,$0,$0,$-78,$0,$-237,$0,$0,$-20,$0,$0,$-9,$9,$-20,$-132,$0,$0
28,2011-09-30,6.1,$0.00,0.0,$17.21,0.35,$1.42,4.28,$-1.12,0.0,$0.28B,$0.25B,1.11,$0.30B,$0.48B,0.62,$0.77B,$0.70B,90.43%,$0.77B,$0.64B,82.15%,$0.77B,$0.64B,82.15%,$0.77B,$0.65B,83.70%,$0.77B,$0.59B,75.94%,$0.77B,$-0.05B,-6.47%,$-0.05B,$0.48B,-9.89%,$-0.05B,$0.48B,-8.82%,$-0.05B,$1.35B,-3.47%,$0.64B,$0.77B,77.32%,$238,$0,$238,$0,$0,$0,$238,$0,$238,$0,$238,$-9,$-9,$238,$238,$44,44,$-0.20,$-0.20,$33,$4,$142,$275,$0,$92,$0,$74,$166,$1353,$248,$297,$332,$629,$877,$0,$14,$0,$477,$1353,$0,$0,$0,$0,$0,$0,$0,$0,$0,$0,$0,$0,$0,$0,$0,$0,$0,$0,$0,$0,$0,$0,$0,$0,$0,$0,$0,$0,$0
29,2011-06-30,10.02,$0.00,0.0,$14.92,0.67,$1.42,7.04,$-0.93,0.0,$0.24B,$0.34B,0.7,$0.35B,$0.49B,0.7,$0.68B,$0.60B,89.05%,$0.68B,$0.54B,79.59%,$0.68B,$0.54B,79.59%,$0.68B,$0.55B,81.36%,$0.68B,$0.49B,72.49%,$0.68B,$-0.04B,-6.07%,$-0.04B,$0.49B,-7.81%,$-0.04B,$0.61B,-6.99%,$-0.04B,$1.56B,-2.93%,$0.54B,$0.84B,66.36%,$224,$0,$224,$0,$0,$0,$224,$0,$224,$0,$224,$-16,$-16,$224,$224,$45,45,$-0.36,$-0.36,$56,$5,$23,$241,$0,$0,$-117,$49,$-68,$1562,$344,$348,$319,$723,$1068,$0,$23,$0,$494,$1562,$0,$0,$0,$0,$0,$0,$0,$0,$0,$0,$0,$0,$0,$0,$0,$0,$0,$0,$0,$0,$0,$0,$0,$0,$0,$0,$0,$0,$0
30,2011-03-31,10.47,$0.00,0.0,$9.99,1.05,$1.42,7.35,$-0.57,0.0,$0.26B,$0.33B,0.77,$0.35B,$0.51B,0.69,$0.45B,$0.38B,83.63%,$0.45B,$0.31B,69.47%,$0.45B,$0.31B,69.47%,$0.45B,$0.33B,72.12%,$0.45B,$0.27B,58.85%,$0.45B,$-0.03B,-5.53%,$-0.03B,$0.51B,-4.63%,$-0.03B,$0.64B,-4.36%,$-0.03B,$1.57B,-1.93%,$0.31B,$0.86B,42.32%,$177,$74,$103,$0,$64,$138,$39,$-19,$-9,$-1,$-7,$-7,$-7,$51,$39,$46,46,$-0.15,$-0.15,$66,$4,$24,$255,$0,$0,$-119,$34,$-85,$1565,$330,$353,$303,$715,$1045,$0,$40,$0,$510,$1555,$-7,$12,$0,$12,$0,$0,$0,$0,$22,$39,$-12,$0,$0,$0,$0,$-210,$0,$-223,$0,$66,$0,$0,$0,$0,$0,$66,$-117,$0,$0
31,2010-12-31,13.63,$0.00,0.0,$10.75,1.27,$1.88,7.26,$-0.38,0.0,$0.30B,$0.20B,1.47,$0.27B,$0.54B,0.49,$0.43B,$0.35B,82.82%,$0.43B,$0.29B,68.00%,$0.43B,$0.29B,68.00%,$0.43B,$0.30B,70.59%,$0.43B,$0.28B,65.88%,$0.43B,$-0.02B,-4.00%,$-0.02B,$0.54B,-3.06%,$-0.02B,$0.54B,-3.06%,$-0.02B,$1.29B,-1.42%,$0.29B,$0.81B,40.38%,$134,$0,$134,$0,$0,$0,$134,$0,$134,$0,$134,$-18,$-18,$134,$134,$45,45,$-0.41,$-0.41,$174,$3,$11,$296,$0,$0,$0,$48,$48,$1290,$202,$265,$283,$548,$750,$483,$48,$0,$541,$1290,$-19,$46,$0,$46,$0,$0,$0,$0,$107,$135,$-98,$0,$0,$0,$0,$0,$0,$-98,$0,$78,$0,$0,$0,$0,$0,$78,$115,$0,$0
32,2010-09-30,7.84,$0.00,0.0,$10.25,0.77,$2.62,2.99,$0.57,13.75,$0.20B,$0.19B,1.02,$0.18B,$0.00B,0.0,$0.40B,$0.06B,14.93%,$0.40B,$-0.24B,-59.95%,$0.40B,$-0.24B,-59.95%,$0.40B,$-0.23B,-57.21%,$0.40B,$0.19B,47.76%,$0.40B,$0.03B,6.47%,$0.03B,$0.56B,4.58%,$0.03B,$0.56B,4.58%,$0.03B,$1.17B,2.23%,$-0.24B,$0.73B,-34.02%,$141,$0,$141,$0,$0,$0,$141,$0,$141,$0,$141,$-0,$-0,$141,$141,$45,45,$-0.01,$-0.01,$80,$5,$11,$196,$0,$9,$0,$43,$52,$1174,$193,$176,$249,$425,$618,$0,$0,$0,$556,$1174,$0,$0,$0,$0,$0,$0,$0,$0,$0,$0,$0,$0,$0,$0,$0,$0,$0,$0,$0,$0,$0,$0,$0,$0,$0,$0,$0,$0,$0
33,2010-06-30,6.36,$0.00,0.0,$10.22,0.62,$2.62,2.43,$0.63,10.1,$0.19B,$0.19B,1.04,$0.01B,$0.00B,0.0,$0.40B,$0.06B,13.85%,$0.40B,$-0.25B,-61.96%,$0.40B,$-0.25B,-61.96%,$0.40B,$-0.24B,-59.19%,$0.40B,$0.19B,47.10%,$0.40B,$0.03B,7.05%,$0.03B,$0.56B,4.90%,$0.03B,$0.56B,4.90%,$0.03B,$1.15B,2.41%,$-0.25B,$0.57B,-34.15%,$0,$0,$0,$0,$0,$0,$0,$0,$0,$0,$0,$0,$0,$0,$0,$0,0,$0.00,$0.00,$76,$4,$0,$193,$0,$0,$0,$43,$44,$1149,$187,$12,$396,$408,$594,$0,$0,$0,$555,$1149,$0,$0,$0,$0,$0,$0,$0,$0,$0,$0,$0,$0,$0,$0,$0,$0,$0,$0,$0,$0,$0,$0,$0,$0,$0,$0,$0,$0,$0
34,2010-03-31,7.03,$0.00,0.0,$13.15,0.53,$2.62,2.68,$0.90,7.81,$0.21B,$0.21B,0.98,$0.19B,$0.00B,0.0,$0.53B,$0.19B,35.47%,$0.53B,$-0.11B,-21.32%,$0.53B,$-0.11B,-21.32%,$0.53B,$-0.10B,-19.25%,$0.53B,$0.32B,60.38%,$0.53B,$0.04B,7.55%,$0.04B,$0.57B,9.25%,$0.04B,$0.57B,9.25%,$0.04B,$1.17B,4.59%,$-0.11B,$0.76B,-19.53%,$150,$73,$77,$0,$63,$136,$14,$-9,$5,$3,$1,$1,$1,$25,$14,$32,32,$0.04,$0.04,$89,$5,$0,$207,$0,$0,$0,$47,$47,$1173,$211,$187,$204,$390,$602,$0,$0,$0,$571,$1173,$1,$12,$0,$12,$0,$0,$0,$0,$29,$55,$-21,$0,$0,$0,$0,$0,$0,$-21,$0,$-5,$0,$0,$0,$0,$0,$-5,$29,$0,$0
35,2009-12-31,7.9,$0.00,0.0,$8.53,0.93,$1.57,5.02,$0.86,9.19,$0.19B,$0.21B,0.91,$0.19B,$0.00B,0.0,$0.53B,$0.19B,35.42%,$0.53B,$-0.11B,-20.27%,$0.53B,$-0.11B,-20.27%,$0.53B,$-0.10B,-17.99%,$0.53B,$0.33B,62.69%,$0.53B,$0.05B,8.90%,$0.05B,$0.59B,10.88%,$0.05B,$0.59B,10.88%,$0.05B,$1.18B,5.49%,$-0.11B,$0.78B,-18.21%,$111,$270,$-158,$0,$238,$508,$-396,$-5,$46,$21,$24,$25,$25,$-396,$-396,$45,45,$0.54,$0.54,$61,$4,$16,$187,$0,$0,$0,$52,$52,$1176,$205,$190,$194,$384,$589,$0,$0,$0,$587,$1176,$24,$47,$0,$47,$0,$0,$0,$0,$77,$180,$-109,$0,$0,$0,$0,$0,$0,$-109,$0,$-47,$0,$0,$0,$0,$4,$-44,$27,$0,$0
36,2009-09-30,7.8,$0.00,0.0,$6.05,1.29,0,0.0,$0.32,24.38,$0.20B,$0.24B,0.84,$0.21B,$0.00B,0.0,$0.60B,$0.45B,74.30%,$0.60B,$0.33B,54.06%,$0.60B,$0.33B,54.06%,$0.60B,$0.35B,58.37%,$0.60B,$0.31B,51.91%,$0.60B,$0.05B,7.63%,$0.05B,$0.57B,10.19%,$0.05B,$0.57B,10.19%,$0.05B,$1.14B,5.16%,$0.33B,$0.78B,51.58%,$136,$0,$136,$0,$0,$0,$136,$0,$136,$0,$136,$2,$2,$136,$136,$43,43,$0.05,$0.05,$78,$5,$0,$200,$0,$2,$0,$43,$45,$1140,$239,$208,$123,$331,$569,$0,$0,$0,$571,$1140,$0,$0,$0,$0,$0,$0,$0,$0,$0,$0,$0,$0,$0,$0,$0,$0,$0,$0,$0,$0,$0,$0,$0,$0,$0,$0,$0,$0,$0
37,2009-06-30,5.39,$0.00,0.0,$5.44,0.99,$0.30,17.78,$0.21,25.67,$0.00B,$0.00B,0.0,$0.00B,$0.00B,0.0,$0.63B,$0.40B,63.74%,$0.63B,$0.22B,34.82%,$0.63B,$0.22B,34.82%,$0.63B,$0.26B,41.05%,$0.63B,$0.18B,28.12%,$0.63B,$0.04B,6.39%,$0.04B,$0.00B,8.51%,$0.04B,$0.00B,8.51%,$0.04B,$0.00B,4.32%,$0.22B,$0.00B,32.33%,$133,$0,$133,$0,$0,$0,$133,$0,$133,$0,$133,$12,$12,$133,$133,$45,45,$0.27,$0.27,$0,$0,$0,$0,$0,$0,$0,$0,$0,$0,$0,$0,$0,$0,$0,$0,$0,$0,$0,$0,$0,$0,$0,$0,$0,$0,$0,$0,$0,$0,$0,$0,$0,$0,$0,$0,$0,$0,$0,$0,$0,$0,$0,$0,$0,$0,$0,$0,$0
38,2009-03-31,3.9,$0.00,0.0,$5.59,0.7,$0.14,27.01,$0.20,19.5,$0.17B,$0.19B,0.87,$0.22B,$0.00B,0.0,$0.64B,$0.34B,52.81%,$0.64B,$0.10B,15.00%,$0.64B,$0.10B,15.00%,$0.64B,$0.15B,23.44%,$0.64B,$0.06B,9.69%,$0.64B,$0.04B,6.25%,$0.04B,$0.57B,6.27%,$0.04B,$0.57B,6.27%,$0.04B,$1.11B,3.20%,$0.10B,$0.79B,10.46%,$148,$72,$76,$0,$57,$128,$20,$-4,$16,$7,$8,$8,$8,$32,$20,$0,0,$0.00,$0.00,$37,$3,$10,$168,$0,$17,$0,$44,$61,$1111,$193,$224,$124,$347,$541,$0,$0,$0,$570,$1111,$8,$12,$0,$12,$0,$0,$0,$0,$5,$35,$-18,$0,$0,$0,$0,$0,$0,$-18,$0,$-15,$0,$0,$0,$0,$1,$-14,$3,$0,$0
39,2008-12-31,4.0,$0.00,0.0,$5.74,0.7,$0.14,28.76,$0.21,19.05,$0.20B,$0.21B,0.95,$0.29B,$0.00B,0.0,$0.64B,$0.34B,53.22%,$0.64B,$0.10B,15.07%,$0.64B,$0.10B,15.07%,$0.64B,$0.15B,23.86%,$0.64B,$0.06B,9.11%,$0.64B,$0.04B,5.97%,$0.04B,$0.67B,5.81%,$0.04B,$0.67B,5.81%,$0.04B,$1.32B,2.96%,$0.10B,$0.96B,10.07%,$186,$83,$103,$0,$67,$150,$37,$-8,$28,$4,$24,$24,$24,$51,$37,$0,0,$0.00,$0.00,$40,$5,$14,$201,$0,$21,$0,$57,$78,$1315,$213,$290,$147,$437,$650,$0,$0,$0,$665,$1315,$39,$54,$0,$54,$0,$0,$0,$0,$65,$174,$-103,$0,$0,$0,$0,$0,$0,$-103,$0,$-39,$0,$0,$-2,$0,$-22,$-63,$8,$0,$0
40,2008-09-30,6.5,$0.00,0.0,$5.74,1.13,$0.14,46.73,$0.21,30.95,$0.19B,$0.19B,1.0,$0.30B,$0.00B,0.0,$0.89B,$0.45B,51.24%,$0.89B,$0.11B,12.53%,$0.89B,$0.11B,12.53%,$0.89B,$0.15B,17.27%,$0.89B,$0.06B,6.21%,$0.89B,$0.02B,2.14%,$0.02B,$0.65B,2.94%,$0.02B,$0.65B,2.94%,$0.02B,$1.28B,1.50%,$0.11B,$0.95B,11.68%,$159,$72,$87,$0,$59,$130,$28,$-24,$-1,$3,$-4,$-4,$-4,$41,$28,$63,63,$-0.06,$-0.06,$64,$6,$11,$185,$0,$3,$0,$67,$70,$1277,$186,$303,$143,$447,$632,$0,$0,$0,$645,$1277,$15,$40,$0,$40,$0,$0,$0,$0,$25,$91,$-71,$0,$0,$0,$0,$0,$0,$-71,$0,$15,$0,$0,$0,$0,$-3,$12,$31,$0,$0
41,2008-06-30,11.4,$0.00,0.0,$6.34,1.8,$-0.16,0.0,$-0.05,0.0,$0.18B,$0.19B,0.94,$0.30B,$0.00B,0.0,$0.87B,$0.51B,58.48%,$0.87B,$0.22B,25.72%,$0.87B,$0.22B,25.72%,$0.87B,$0.25B,29.07%,$0.87B,$0.20B,22.61%,$0.87B,$0.01B,1.04%,$0.01B,$0.67B,1.41%,$0.01B,$0.67B,1.41%,$0.01B,$1.30B,0.72%,$0.22B,$0.97B,23.57%,$147,$75,$72,$0,$61,$135,$11,$3,$19,$6,$13,$12,$12,$26,$11,$48,48,$0.26,$0.26,$42,$7,$15,$178,$0,$0,$0,$72,$72,$1300,$190,$302,$136,$438,$628,$0,$0,$0,$672,$1300,$19,$28,$0,$28,$0,$0,$0,$0,$-0,$44,$-51,$0,$0,$0,$0,$0,$0,$-51,$0,$16,$0,$0,$0,$0,$0,$16,$9,$0,$0
42,2008-03-31,19.62,$0.00,0.0,$3.27,6.0,$-0.01,0.0,$-0.31,0.0,$0.16B,$0.17B,0.95,$0.30B,$0.00B,0.0,$0.72B,$0.44B,60.42%,$0.72B,$0.21B,29.44%,$0.72B,$0.21B,29.44%,$0.72B,$0.23B,31.39%,$0.72B,$0.18B,24.58%,$0.72B,$-0.00B,-0.42%,$-0.00B,$0.63B,-0.48%,$-0.00B,$0.63B,-0.48%,$-0.00B,$1.24B,-0.24%,$0.21B,$0.94B,22.45%,$145,$68,$77,$0,$56,$124,$20,$-9,$12,$6,$6,$6,$6,$34,$20,$950,950,$0.01,$0.01,$37,$5,$8,$162,$0,$0,$0,$76,$76,$1236,$171,$304,$127,$431,$602,$0,$0,$0,$634,$1236,$6,$13,$0,$13,$0,$0,$0,$0,$-8,$22,$-27,$0,$0,$0,$0,$0,$0,$-27,$0,$10,$0,$0,$0,$0,$0,$10,$5,$0,$0
