,Date,Stock Price,Book Value per Share,Price to Book Ratio,TTM Sales per Share,Price to Sales Ratio,TTM FCF per Share,Price to FCF Ratio,TTM Net EPS,PE Ratio,Current Assets,Current Liabilities,Current Ratio,Long Term Debt,Shareholder's Equity_x,Debt to Equity Ratio,TTM Revenue_x,TTM Gross Profit,Gross Margin,TTM Revenue_y,TTM Operating Income,Operating Margin,TTM Revenue_x,TTM EBIT,EBIT Margin,TTM Revenue_y,TTM EBITDA,EBITDA Margin,TTM Revenue_x,TTM Pre-Tax Income,Pre-Tax Margin,TTM Revenue_y,TTM Net Income_x,Net Margin,TTM Net Income_y,Shareholder's Equity_y,Return on Equity,TTM Net Income_x,Tangible Equity,Return on Tangible Equity,TTM Net Income_y,Total Assets,Return on Assets,TTM Net Income,LT Investments & Debt,Return on Investment,revenue,cost-goods-sold,gross-profit,research-development-expenses,selling-general-administrative-expenses,operating-expenses,operating-income,total-non-operating-income-expense,pre-tax-income,total-provision-income-taxes,income-after-taxes,income-from-continuous-operations,net-income,ebitda,ebit,basic-shares-outstanding,shares-outstanding,eps-basic-net-earnings-per-share,eps-earnings-per-share-diluted,cash-on-hand,inventory,other-current-assets,total-current-assets,net-property-plant-equipment,long-term-investments,goodwill-intangible-assets-total,other-long-term-assets,total-long-term-assets,total-assets,total-current-liabilities,long-term-debt,other-non-current-liabilities,total-long-term-liabilities,total-liabilities,common-stock-net,retained-earnings-accumulated-deficit,comprehensive-income,total-share-holder-equity,total-liabilities-share-holders-equity,net-income-loss,total-depreciation-amortization-cash-flow,other-non-cash-items,total-non-cash-items,change-in-accounts-receivable,change-in-inventories,change-in-accounts-payable,change-in-assets-liabilities,total-change-in-assets-liabilities,cash-flow-from-operating-activities,net-change-in-property-plant-equipment,net-change-in-intangible-assets,net-acquisitions-divestitures,net-change-in-short-term-investments,net-change-in-long-term-investments,net-change-in-investments-total,investing-activities-other,cash-flow-from-investing-activities,net-long-term-debt,net-current-debt,debt-issuance-retirement-net-total,net-common-equity-issued-repurchased,net-total-equity-issued-repurchased,total-common-preferred-stock-dividends-paid,financial-activities-other,cash-flow-from-financial-activities,net-cash-flow,stock-based-compensation,common-stock-dividends-paid
0,2018-08-31,78.6,$0.00,0.0,$16.67,4.72,$3.64,21.61,$1.64,47.93,$2.91B,$1.73B,1.68,$0.00B,$2.01B,0.0,$2.65B,$1.48B,56.05%,$2.65B,$0.26B,9.94%,$2.65B,$0.26B,9.94%,$2.65B,$0.26B,9.94%,$2.65B,$0.32B,12.06%,$2.65B,$0.26B,9.83%,$0.26B,$2.01B,13.06%,$0.26B,$1.96B,13.37%,$0.26B,$3.96B,6.98%,$0.26B,$2.01B,13.21%,$860,$367,$492,$0,$333,$699,$161,$-13,$148,$26,$122,$121,$123,$161,$161,$159,159,$0.78,$0.77,$2632,$36,$0,$2906,$474,$457,$51,$27,$1056,$3961,$1731,$0,$0,$220,$1951,$0,$0,$0,$2011,$3961,$0,$0,$0,$0,$0,$0,$0,$0,$0,$0,$0,$0,$0,$0,$0,$0,$0,$0,$0,$0,$0,$0,$0,$0,$0,$0,$0,$0,$0
1,2018-05-31,99.47,$0.00,0.0,$15.44,6.44,$3.64,27.35,$1.87,53.19,$2.94B,$1.75B,1.68,$0.00B,$2.01B,0.0,$2.45B,$1.38B,56.48%,$2.45B,$0.26B,10.75%,$2.45B,$0.26B,10.75%,$2.45B,$0.26B,10.75%,$2.45B,$0.36B,14.59%,$2.45B,$0.30B,12.06%,$0.30B,$2.01B,15.11%,$0.30B,$1.96B,15.42%,$0.30B,$3.98B,8.33%,$0.26B,$2.01B,13.47%,$701,$299,$402,$0,$345,$644,$57,$24,$80,$16,$64,$64,$65,$57,$57,$158,159,$0.41,$0.41,$2715,$40,$0,$2942,$450,$473,$44,$23,$1036,$3978,$1751,$0,$0,$219,$1970,$0,$0,$0,$2008,$3978,$297,$79,$39,$118,$1,$-6,$14,$274,$366,$781,$-204,$-5,$-1,$-280,$83,$-196,$0,$-407,$0,$0,$0,$-7,$-7,$-71,$4,$-75,$342,$57,$-71
2,2018-02-28,91.39,$0.00,0.0,$14.10,6.48,$3.29,27.78,$1.81,50.49,$2.73B,$1.50B,1.83,$0.00B,$2.08B,0.0,$2.23B,$1.27B,56.77%,$2.23B,$0.26B,11.56%,$2.23B,$0.26B,11.56%,$2.23B,$0.26B,11.56%,$2.23B,$0.35B,15.59%,$2.23B,$0.29B,12.77%,$0.29B,$2.08B,15.16%,$0.29B,$2.03B,15.43%,$0.29B,$3.58B,8.69%,$0.26B,$2.08B,13.72%,$618,$269,$349,$0,$291,$560,$58,$22,$80,$13,$67,$67,$68,$58,$58,$158,159,$0.43,$0.43,$2518,$42,$0,$2732,$419,$335,$45,$11,$843,$3575,$1496,$0,$0,$3,$1499,$0,$0,$0,$2076,$3575,$0,$0,$0,$0,$0,$0,$0,$0,$0,$0,$0,$0,$0,$0,$0,$0,$0,$0,$0,$0,$0,$0,$0,$0,$0,$0,$0,$0,$0
3,2017-11-30,84.86,$0.00,0.0,$12.98,6.54,$3.29,25.79,$1.81,46.88,$2.66B,$1.51B,1.76,$0.00B,$1.87B,0.0,$2.05B,$1.17B,57.12%,$2.05B,$0.26B,12.57%,$2.05B,$0.26B,12.57%,$2.05B,$0.26B,12.57%,$2.05B,$0.35B,16.81%,$2.05B,$0.29B,13.89%,$0.29B,$1.87B,16.15%,$0.29B,$1.83B,16.42%,$0.29B,$3.38B,9.35%,$0.26B,$1.87B,14.62%,$467,$227,$240,$0,$253,$480,$-13,$24,$11,$3,$8,$8,$4,$-13,$-13,$158,158,$0.03,$0.03,$2428,$35,$0,$2657,$365,$275,$41,$11,$720,$3377,$1507,$0,$0,$4,$1511,$0,$0,$0,$1866,$3377,$0,$0,$0,$0,$0,$0,$0,$0,$0,$0,$0,$0,$0,$0,$0,$0,$0,$0,$0,$0,$0,$0,$0,$0,$0,$0,$0,$0,$0
4,2017-08-31,81.32,$0.00,0.0,$12.19,6.67,$3.29,24.72,$1.85,43.95,$2.58B,$1.38B,1.87,$0.00B,$1.86B,0.0,$1.93B,$1.11B,57.63%,$1.93B,$0.27B,14.07%,$1.93B,$0.27B,14.07%,$1.93B,$0.27B,14.07%,$1.93B,$0.35B,18.17%,$1.93B,$0.29B,15.11%,$0.29B,$1.86B,17.27%,$0.29B,$1.83B,17.50%,$0.29B,$3.24B,10.22%,$0.27B,$1.86B,16.09%,$661,$270,$391,$0,$230,$500,$161,$25,$186,$27,$159,$159,$158,$161,$161,$158,158,$1.00,$1.00,$2393,$32,$0,$2575,$334,$259,$26,$17,$662,$3237,$1375,$0,$0,$3,$1377,$0,$0,$0,$1860,$3237,$0,$0,$0,$0,$0,$0,$0,$0,$0,$0,$0,$0,$0,$0,$0,$0,$0,$0,$0,$0,$0,$0,$0,$0,$0,$0,$0,$0,$0
5,2017-05-31,71.29,$10.91,6.54,$11.39,6.26,$3.29,21.67,$1.74,40.97,$2.33B,$1.20B,1.93,$0.00B,$1.72B,0.0,$1.80B,$1.05B,58.37%,$1.80B,$0.26B,14.62%,$1.80B,$0.26B,14.62%,$1.80B,$0.26B,14.62%,$1.80B,$0.33B,18.40%,$1.80B,$0.27B,15.23%,$0.27B,$1.72B,17.00%,$0.27B,$1.70B,17.20%,$0.27B,$2.93B,10.28%,$0.26B,$1.72B,16.32%,$486,$199,$287,$0,$235,$435,$52,$19,$71,$14,$56,$56,$55,$52,$52,$158,158,$0.34,$0.35,$2166,$32,$0,$2326,$283,$241,$22,$22,$599,$2925,$1203,$0,$0,$2,$1205,$2,$1171,$39,$1720,$2925,$277,$55,$22,$77,$-0,$-5,$4,$211,$268,$623,$-103,$0,$-1,$-454,$-113,$-567,$-2,$-672,$0,$0,$0,$-4,$-4,$0,$9,$5,$-68,$20,$0
6,2017-02-28,48.15,$0.00,0.0,$10.82,4.45,$2.89,16.66,$1.66,29.01,$2.13B,$1.05B,2.03,$0.00B,$0.00B,0.0,$1.71B,$0.99B,58.20%,$1.71B,$0.25B,14.52%,$1.71B,$0.25B,14.52%,$1.71B,$0.25B,14.52%,$1.71B,$0.31B,18.38%,$1.71B,$0.26B,15.28%,$0.26B,$1.61B,16.94%,$0.26B,$1.59B,17.14%,$0.26B,$2.66B,10.34%,$0.25B,$1.61B,16.10%,$438,$184,$254,$0,$197,$380,$58,$20,$77,$11,$67,$66,$68,$58,$58,$158,158,$0.43,$0.43,$1971,$28,$0,$2126,$259,$217,$24,$8,$533,$2659,$1046,$0,$0,$2,$1048,$0,$0,$0,$1611,$2659,$0,$0,$0,$0,$0,$0,$0,$0,$0,$0,$0,$0,$0,$0,$0,$0,$0,$0,$0,$0,$0,$0,$0,$0,$0,$0,$0,$0,$0
7,2016-11-30,49.9,$0.00,0.0,$10.25,4.87,$2.89,17.27,$1.54,32.4,$2.06B,$1.02B,2.02,$0.00B,$0.00B,0.0,$1.62B,$0.94B,58.26%,$1.62B,$0.23B,14.35%,$1.62B,$0.23B,14.35%,$1.62B,$0.23B,14.35%,$1.62B,$0.30B,18.24%,$1.62B,$0.24B,14.90%,$0.24B,$1.55B,16.41%,$0.24B,$1.53B,16.59%,$0.24B,$2.57B,10.08%,$0.23B,$1.55B,15.79%,$341,$163,$178,$0,$178,$341,$0,$16,$16,$3,$13,$12,$10,$0,$0,$157,158,$0.07,$0.07,$1898,$30,$0,$2059,$250,$222,$16,$6,$511,$2570,$1020,$0,$0,$2,$1022,$0,$0,$0,$1548,$2570,$0,$0,$0,$0,$0,$0,$0,$0,$0,$0,$0,$0,$0,$0,$0,$0,$0,$0,$0,$0,$0,$0,$0,$0,$0,$0,$0,$0,$0
8,2016-08-31,39.27,$0.00,0.0,$9.98,3.93,$2.89,13.59,$1.51,26.01,$2.01B,$0.94B,2.14,$0.00B,$0.00B,0.0,$1.55B,$0.91B,58.43%,$1.55B,$0.22B,14.29%,$1.55B,$0.22B,14.29%,$1.55B,$0.22B,14.29%,$1.55B,$0.29B,18.40%,$1.55B,$0.24B,15.25%,$0.24B,$1.57B,16.84%,$0.24B,$1.55B,17.05%,$0.24B,$2.51B,10.42%,$0.22B,$1.57B,15.77%,$534,$203,$331,$0,$178,$381,$153,$14,$167,$23,$144,$142,$141,$153,$153,$157,158,$0.90,$0.89,$1864,$29,$0,$2006,$251,$216,$17,$4,$504,$2511,$940,$0,$0,$2,$941,$0,$0,$0,$1569,$2511,$0,$0,$0,$0,$0,$0,$0,$0,$0,$0,$0,$0,$0,$0,$0,$0,$0,$0,$0,$0,$0,$0,$0,$0,$0,$0,$0,$0,$0
9,2016-05-31,42.03,$9.11,4.61,$9.52,4.41,$2.89,14.54,$1.44,29.18,$1.87B,$0.92B,2.04,$0.00B,$1.44B,0.0,$1.48B,$0.86B,58.46%,$1.48B,$0.20B,13.46%,$1.48B,$0.20B,13.46%,$1.48B,$0.20B,13.46%,$1.48B,$0.27B,18.06%,$1.48B,$0.23B,15.22%,$0.23B,$1.44B,16.91%,$0.23B,$1.42B,17.14%,$0.23B,$2.36B,10.39%,$0.20B,$1.44B,14.95%,$395,$163,$231,$0,$198,$358,$37,$17,$54,$11,$43,$42,$42,$37,$37,$157,157,$0.26,$0.26,$1734,$27,$0,$1869,$238,$194,$17,$11,$485,$2355,$918,$0,$0,$2,$920,$2,$932,$63,$1435,$2355,$225,$49,$19,$67,$-0,$-6,$5,$171,$226,$518,$-63,$0,$3,$-182,$-64,$-246,$-3,$-310,$0,$0,$0,$2,$2,$-63,$66,$6,$178,$17,$-63
10,2016-02-29,30.96,$0.00,0.0,$9.11,3.4,$2.05,15.1,$1.40,22.12,$1.69B,$0.80B,2.1,$0.00B,$1.32B,0.0,$1.41B,$0.83B,58.43%,$1.41B,$0.19B,13.17%,$1.41B,$0.19B,13.17%,$1.41B,$0.23B,16.50%,$1.41B,$0.26B,18.06%,$1.41B,$0.22B,15.44%,$0.22B,$1.32B,17.06%,$0.22B,$1.31B,17.31%,$0.22B,$2.13B,10.55%,$0.19B,$1.32B,14.55%,$347,$145,$202,$0,$160,$305,$42,$16,$58,$9,$50,$49,$48,$42,$42,$157,158,$0.31,$0.31,$1551,$26,$0,$1685,$233,$169,$17,$5,$445,$2130,$804,$0,$0,$2,$806,$0,$0,$0,$1324,$2130,$0,$0,$0,$0,$0,$0,$0,$0,$0,$0,$0,$0,$0,$0,$0,$0,$0,$0,$0,$0,$0,$0,$0,$0,$0,$0,$0,$0,$0
11,2015-11-30,28.87,$0.00,0.0,$8.75,3.3,$2.05,14.08,$1.35,21.38,$1.43B,$0.80B,1.79,$0.00B,$1.30B,0.0,$1.35B,$0.79B,58.02%,$1.35B,$0.18B,13.01%,$1.35B,$0.18B,13.01%,$1.35B,$0.22B,16.48%,$1.35B,$0.25B,18.11%,$1.35B,$0.21B,15.59%,$0.21B,$1.30B,17.09%,$0.21B,$1.28B,17.36%,$0.21B,$2.10B,10.68%,$0.18B,$1.30B,14.25%,$278,$134,$144,$0,$154,$288,$-10,$18,$7,$0,$7,$6,$6,$-10,$-10,$147,147,$0.04,$0.04,$1295,$28,$0,$1430,$233,$407,$18,$5,$671,$2101,$797,$0,$0,$2,$799,$0,$0,$0,$1302,$2101,$0,$0,$0,$0,$0,$0,$0,$0,$0,$0,$0,$0,$0,$0,$0,$0,$0,$0,$0,$0,$0,$0,$0,$0,$0,$0,$0,$0,$0
12,2015-08-31,19.98,$0.00,0.0,$8.36,2.39,$2.05,9.75,$1.33,15.03,$1.47B,$0.82B,1.8,$0.00B,$0.00B,0.0,$1.31B,$0.76B,58.20%,$1.31B,$0.17B,13.20%,$1.31B,$0.17B,13.20%,$1.31B,$0.22B,16.78%,$1.31B,$0.24B,18.46%,$1.31B,$0.21B,15.79%,$0.21B,$1.26B,17.34%,$0.21B,$1.24B,17.59%,$0.21B,$2.08B,10.96%,$0.17B,$1.26B,14.50%,$458,$172,$287,$0,$157,$329,$130,$18,$148,$18,$130,$129,$129,$130,$130,$157,157,$0.82,$0.82,$1320,$26,$116,$1465,$0,$336,$19,$23,$383,$2080,$816,$0,$0,$2,$818,$0,$0,$0,$1262,$2080,$0,$0,$0,$0,$0,$0,$0,$0,$0,$0,$0,$0,$0,$0,$0,$0,$0,$0,$0,$0,$0,$0,$0,$0,$0,$0,$0,$0,$0
13,2015-05-31,23.24,$7.82,2.97,$7.92,2.93,$2.05,11.34,$1.22,19.05,$1.35B,$0.73B,1.86,$0.00B,$1.22B,0.0,$1.25B,$0.72B,57.90%,$1.25B,$0.15B,12.35%,$1.25B,$0.15B,12.35%,$1.25B,$0.20B,16.12%,$1.25B,$0.22B,17.72%,$1.25B,$0.19B,15.24%,$0.19B,$1.22B,16.28%,$0.19B,$1.20B,16.48%,$0.19B,$1.95B,10.51%,$0.15B,$1.22B,13.19%,$329,$137,$192,$0,$168,$305,$24,$18,$42,$4,$37,$35,$35,$71,$24,$156,156,$0.23,$0.23,$1201,$24,$116,$1349,$415,$341,$19,$6,$787,$1952,$725,$0,$0,$2,$728,$2,$824,$100,$1224,$1952,$193,$47,$15,$47,$-2,$-2,$9,$95,$119,$374,$-54,$0,$-15,$-123,$19,$-104,$-1,$-173,$0,$0,$0,$-48,$-48,$0,$4,$-44,$160,$16,$0
14,2015-02-28,18.69,$0.00,0.0,$7.64,2.45,$2.28,8.19,$1.26,14.83,$1.19B,$0.61B,1.94,$0.00B,$0.00B,0.0,$1.21B,$0.70B,58.42%,$1.21B,$0.16B,13.36%,$1.21B,$0.16B,13.36%,$1.21B,$0.16B,13.36%,$1.21B,$0.23B,19.09%,$1.21B,$0.20B,16.43%,$0.20B,$1.15B,17.71%,$0.20B,$1.13B,17.89%,$0.20B,$1.77B,11.50%,$0.16B,$1.15B,14.40%,$288,$126,$162,$0,$130,$256,$32,$16,$48,$6,$42,$41,$41,$32,$32,$156,157,$0.27,$0.26,$1061,$25,$99,$1189,$0,$301,$20,$19,$345,$1766,$612,$0,$0,$3,$615,$0,$0,$0,$1151,$1766,$0,$0,$0,$0,$0,$0,$0,$0,$0,$0,$0,$0,$0,$0,$0,$0,$0,$0,$0,$0,$0,$0,$0,$0,$0,$0,$0,$0,$0
15,2014-11-30,21.57,$0.00,0.0,$7.41,2.91,$2.28,9.45,$1.27,16.99,$1.18B,$0.62B,1.92,$0.00B,$0.00B,0.0,$1.17B,$0.69B,58.84%,$1.17B,$0.16B,13.66%,$1.17B,$0.16B,13.66%,$1.17B,$0.16B,13.66%,$1.17B,$0.22B,19.13%,$1.17B,$0.20B,16.99%,$0.20B,$1.14B,18.46%,$0.20B,$1.13B,18.61%,$0.20B,$1.75B,11.99%,$0.16B,$1.14B,14.84%,$236,$115,$122,$0,$135,$249,$-13,$17,$4,$1,$3,$2,$2,$-13,$-13,$157,157,$0.02,$0.02,$1059,$25,$93,$1182,$0,$306,$9,$23,$341,$1754,$615,$0,$0,$2,$617,$0,$0,$0,$1137,$1754,$0,$0,$0,$0,$0,$0,$0,$0,$0,$0,$0,$0,$0,$0,$0,$0,$0,$0,$0,$0,$0,$0,$0,$0,$0,$0,$0,$0,$0
16,2014-08-31,22.25,$0.00,0.0,$7.23,3.08,$2.28,9.75,$1.28,17.38,$1.28B,$0.60B,2.12,$0.00B,$0.00B,0.0,$1.14B,$0.68B,59.32%,$1.14B,$0.17B,15.22%,$1.14B,$0.17B,15.22%,$1.14B,$0.17B,15.22%,$1.14B,$0.22B,19.60%,$1.14B,$0.20B,17.59%,$0.20B,$1.16B,19.52%,$0.20B,$1.15B,19.69%,$0.20B,$1.76B,12.66%,$0.17B,$1.16B,16.90%,$394,$148,$246,$0,$135,$283,$111,$16,$127,$14,$112,$112,$112,$111,$111,$158,159,$0.71,$0.71,$1154,$24,$96,$1277,$0,$222,$9,$19,$254,$1762,$603,$0,$0,$2,$605,$0,$0,$0,$1157,$1762,$0,$0,$0,$0,$0,$0,$0,$0,$0,$0,$0,$0,$0,$0,$0,$0,$0,$0,$0,$0,$0,$0,$0,$0,$0,$0,$0,$0,$0
17,2014-05-31,25.18,$6.50,3.87,$7.22,3.49,$2.28,11.03,$1.38,18.25,$1.23B,$0.58B,2.14,$0.00B,$1.03B,0.0,$1.14B,$0.69B,60.46%,$1.14B,$0.20B,17.40%,$1.14B,$0.20B,17.40%,$1.14B,$0.20B,17.40%,$1.14B,$0.24B,21.35%,$1.14B,$0.22B,18.89%,$0.22B,$1.03B,22.11%,$0.22B,$1.02B,22.32%,$0.22B,$1.60B,14.11%,$0.20B,$1.03B,20.37%,$287,$114,$174,$0,$143,$257,$31,$20,$51,$7,$44,$43,$43,$31,$31,$157,158,$0.27,$0.27,$1114,$22,$95,$1234,$378,$117,$9,$16,$522,$1604,$576,$0,$0,$2,$578,$2,$655,$66,$1026,$1604,$216,$44,$18,$44,$0,$-0,$0,$38,$0,$361,$0,$0,$0,$-263,$-50,$-344,$0,$-344,$0,$0,$0,$0,$0,$-54,$0,$-54,$-46,$20,$-54
18,2014-02-28,27.15,$0.00,0.0,$6.92,3.92,$1.43,18.99,$1.29,21.05,$1.25B,$0.53B,2.38,$0.00B,$0.00B,0.0,$1.09B,$0.66B,60.49%,$1.09B,$0.19B,17.51%,$1.09B,$0.19B,17.51%,$1.09B,$0.19B,17.51%,$1.09B,$0.22B,20.53%,$1.09B,$0.20B,18.33%,$0.20B,$0.99B,21.51%,$0.20B,$0.98B,21.72%,$0.20B,$1.52B,13.69%,$0.19B,$0.99B,20.54%,$254,$108,$147,$0,$116,$224,$31,$11,$42,$0,$42,$42,$42,$31,$31,$156,158,$0.27,$0.27,$1153,$23,$72,$1253,$0,$7,$9,$16,$35,$1519,$525,$0,$0,$2,$527,$0,$0,$0,$992,$1519,$0,$0,$0,$0,$0,$0,$0,$0,$0,$0,$0,$0,$0,$0,$0,$0,$0,$0,$0,$0,$0,$0,$0,$0,$0,$0,$0,$0,$0
19,2013-11-30,28.96,$0.00,0.0,$6.69,4.33,$1.43,20.25,$1.20,24.13,$1.19B,$0.52B,2.3,$0.00B,$0.00B,0.0,$1.06B,$0.64B,60.66%,$1.06B,$0.18B,17.35%,$1.06B,$0.18B,17.35%,$1.06B,$0.18B,17.35%,$1.06B,$0.21B,20.28%,$1.06B,$0.19B,17.63%,$0.19B,$0.94B,20.85%,$0.19B,$0.94B,21.06%,$0.19B,$1.47B,13.31%,$0.18B,$0.94B,20.51%,$208,$97,$111,$0,$110,$208,$1,$4,$4,$0,$4,$4,$4,$1,$1,$156,158,$0.03,$0.03,$1094,$24,$68,$1193,$0,$7,$9,$15,$34,$1465,$520,$0,$2,$2,$522,$0,$0,$0,$944,$1465,$0,$0,$0,$0,$0,$0,$0,$0,$0,$0,$0,$0,$0,$0,$0,$0,$0,$0,$0,$0,$0,$0,$0,$0,$0,$0,$0,$0,$0
20,2013-08-31,20.37,$0.00,0.0,$6.42,3.17,$1.43,14.24,$1.07,19.04,$1.23B,$0.57B,2.15,$0.00B,$0.00B,0.0,$1.01B,$0.61B,60.61%,$1.01B,$0.16B,15.30%,$1.01B,$0.16B,15.30%,$1.01B,$0.16B,15.30%,$1.01B,$0.19B,18.76%,$1.01B,$0.17B,16.39%,$0.17B,$0.93B,19.36%,$0.17B,$0.92B,19.56%,$0.17B,$1.51B,12.45%,$0.16B,$0.93B,18.08%,$389,$133,$256,$0,$121,$253,$135,$10,$146,$19,$127,$126,$126,$135,$135,$155,157,$0.82,$0.81,$1121,$22,$80,$1230,$0,$8,$9,$15,$33,$1506,$572,$0,$5,$6,$579,$0,$0,$0,$927,$1506,$0,$0,$0,$0,$0,$0,$0,$0,$0,$0,$0,$0,$0,$0,$0,$0,$0,$0,$0,$0,$0,$0,$0,$0,$0,$0,$0,$0,$0
21,2013-05-31,21.42,$0.00,0.0,$6.08,3.52,$1.43,14.98,$0.87,24.62,$1.07B,$0.49B,2.19,$0.00B,$0.86B,0.0,$0.96B,$0.58B,60.00%,$0.96B,$0.12B,12.71%,$0.96B,$0.12B,12.71%,$0.96B,$0.12B,12.71%,$0.96B,$0.15B,15.94%,$0.96B,$0.14B,14.17%,$0.14B,$0.86B,16.49%,$0.14B,$0.85B,16.66%,$0.14B,$1.35B,10.75%,$0.12B,$0.86B,14.80%,$240,$94,$146,$0,$121,$215,$24,$8,$32,$2,$30,$28,$28,$24,$24,$156,158,$0.18,$0.18,$974,$23,$69,$1071,$0,$8,$9,$15,$35,$1353,$490,$0,$5,$6,$496,$2,$501,$0,$857,$1353,$136,$39,$27,$39,$0,$-2,$-1,$55,$82,$284,$-58,$0,$-10,$-168,$-4,$0,$-170,$-238,$0,$0,$0,$-24,$-24,$-47,$0,$-71,$-11,$27,$-47
22,2013-02-28,14.58,$0.00,0.0,$5.80,2.52,$1.15,12.66,$0.79,18.46,$0.98B,$0.42B,2.36,$0.00B,$0.00B,0.0,$0.91B,$0.55B,59.69%,$0.91B,$0.11B,11.72%,$0.91B,$0.11B,11.72%,$0.91B,$0.11B,11.72%,$0.91B,$0.14B,15.22%,$0.91B,$0.12B,13.58%,$0.12B,$0.84B,15.84%,$0.12B,$0.83B,15.99%,$0.12B,$1.26B,10.25%,$0.11B,$0.84B,13.67%,$218,$91,$127,$0,$104,$195,$23,$8,$32,$4,$28,$28,$28,$23,$23,$156,158,$0.18,$0.18,$896,$21,$58,$983,$0,$4,$9,$18,$34,$1264,$418,$0,$4,$6,$424,$0,$0,$0,$841,$1264,$0,$0,$0,$0,$0,$0,$0,$0,$0,$0,$0,$0,$0,$0,$0,$0,$0,$0,$0,$0,$0,$0,$0,$0,$0,$0,$0,$0,$0
23,2012-11-30,19.34,$0.00,0.0,$5.51,3.51,$1.15,16.8,$0.75,25.79,$0.94B,$0.40B,2.34,$0.00B,$0.00B,0.0,$0.87B,$0.52B,59.95%,$0.87B,$0.10B,11.62%,$0.87B,$0.10B,11.62%,$0.87B,$0.10B,11.62%,$0.87B,$0.13B,15.07%,$0.87B,$0.12B,13.58%,$0.12B,$0.81B,15.67%,$0.12B,$0.80B,15.81%,$0.12B,$1.21B,10.19%,$0.10B,$0.81B,13.41%,$166,$81,$85,$0,$112,$193,$-27,$7,$-20,$-4,$-16,$-16,$-16,$-27,$-27,$156,158,$-0.10,$-0.10,$843,$21,$67,$935,$0,$4,$9,$16,$30,$1210,$399,$0,$4,$6,$405,$0,$0,$0,$805,$1210,$0,$0,$0,$0,$0,$0,$0,$0,$0,$0,$0,$0,$0,$0,$0,$0,$0,$0,$0,$0,$0,$0,$0,$0,$0,$0,$0,$0,$0
24,2012-08-31,13.34,$0.00,0.0,$5.30,2.52,$1.15,11.58,$0.87,15.33,$0.99B,$0.44B,2.24,$0.00B,$0.00B,0.0,$0.84B,$0.51B,60.72%,$0.84B,$0.12B,14.85%,$0.84B,$0.12B,14.85%,$0.84B,$0.12B,14.85%,$0.84B,$0.15B,18.32%,$0.84B,$0.14B,16.41%,$0.14B,$0.80B,18.93%,$0.14B,$0.79B,19.09%,$0.14B,$1.23B,12.43%,$0.12B,$0.80B,17.13%,$336,$118,$218,$0,$116,$234,$102,$8,$109,$13,$96,$96,$96,$102,$102,$156,157,$0.62,$0.61,$895,$21,$65,$985,$0,$3,$6,$21,$32,$1234,$440,$0,$0,$0,$440,$0,$0,$0,$795,$1234,$0,$0,$0,$0,$0,$0,$0,$0,$0,$0,$0,$0,$0,$0,$0,$0,$0,$0,$0,$0,$0,$0,$0,$0,$0,$0,$0,$0,$0
25,2012-05-31,24.87,$0.00,0.0,$4.90,5.08,$1.15,21.6,$0.84,29.61,$0.90B,$0.44B,2.04,$0.00B,$0.69B,0.0,$0.77B,$0.47B,60.70%,$0.77B,$0.12B,15.18%,$0.77B,$0.12B,15.18%,$0.77B,$0.12B,15.18%,$0.77B,$0.14B,18.68%,$0.77B,$0.13B,17.12%,$0.13B,$0.69B,18.99%,$0.13B,$0.68B,19.16%,$0.13B,$1.13B,12.74%,$0.12B,$0.69B,16.83%,$193,$78,$115,$0,$106,$184,$9,$8,$18,$1,$16,$16,$16,$9,$9,$155,157,$0.10,$0.10,$804,$20,$68,$895,$0,$15,$6,$7,$29,$1129,$438,$0,$0,$0,$438,$2,$387,$0,$690,$1129,$133,$26,$0,$26,$0,$0,$0,$0,$69,$249,$-68,$0,$-0,$0,$0,$-74,$-1,$-144,$0,$0,$0,$0,$1,$0,$0,$1,$111,$0,$0
26,2012-02-29,24.87,$0.00,0.0,$4.56,5.46,$1.09,22.84,$0.83,29.88,$0.84B,$0.34B,2.49,$0.00B,$0.00B,0.0,$0.72B,$0.43B,60.70%,$0.72B,$0.12B,16.78%,$0.72B,$0.12B,16.78%,$0.72B,$0.12B,16.78%,$0.72B,$0.14B,19.72%,$0.72B,$0.13B,18.18%,$0.13B,$0.72B,19.51%,$0.13B,$0.72B,19.77%,$0.13B,$1.06B,13.41%,$0.12B,$0.72B,18.01%,$174,$72,$103,$0,$86,$158,$17,$7,$24,$1,$22,$22,$22,$17,$17,$160,160,$0.14,$0.14,$761,$19,$58,$841,$0,$2,$6,$23,$33,$1061,$338,$0,$0,$0,$338,$0,$0,$0,$723,$1061,$0,$0,$0,$0,$0,$0,$0,$0,$0,$0,$0,$0,$0,$0,$0,$0,$0,$0,$0,$0,$0,$0,$0,$0,$0,$0,$0,$0,$0
27,2011-11-30,23.68,$0.00,0.0,$4.32,5.48,$1.09,21.75,$0.84,28.11,$0.78B,$0.30B,2.65,$0.00B,$0.00B,0.0,$0.67B,$0.41B,60.68%,$0.67B,$0.12B,18.40%,$0.67B,$0.12B,18.40%,$0.67B,$0.12B,18.40%,$0.67B,$0.14B,21.07%,$0.67B,$0.13B,19.44%,$0.13B,$0.69B,21.04%,$0.13B,$0.68B,21.44%,$0.13B,$0.98B,14.58%,$0.12B,$0.69B,19.91%,$132,$61,$71,$0,$75,$136,$-4,$6,$2,$-1,$3,$3,$3,$-4,$-4,$155,157,$0.02,$0.02,$708,$17,$55,$784,$0,$2,$6,$14,$23,$984,$296,$0,$0,$0,$296,$0,$0,$0,$687,$984,$0,$0,$0,$0,$0,$0,$0,$0,$0,$0,$0,$0,$0,$0,$0,$0,$0,$0,$0,$0,$0,$0,$0,$0,$0,$0,$0,$0,$0
28,2011-08-31,28.62,$0.00,0.0,$4.13,6.93,$1.09,26.28,$0.84,34.27,$0.78B,$0.29B,2.7,$0.00B,$0.00B,0.0,$0.64B,$0.39B,60.97%,$0.64B,$0.13B,19.75%,$0.64B,$0.13B,19.75%,$0.64B,$0.13B,19.75%,$0.64B,$0.14B,22.10%,$0.64B,$0.13B,20.38%,$0.13B,$0.68B,22.42%,$0.13B,$0.67B,23.00%,$0.13B,$0.97B,15.57%,$0.13B,$0.68B,21.73%,$272,$93,$179,$0,$84,$177,$95,$5,$100,$9,$91,$91,$91,$95,$95,$154,156,$0.59,$0.58,$711,$17,$48,$780,$0,$0,$6,$11,$19,$969,$288,$0,$0,$0,$288,$0,$0,$0,$681,$969,$0,$0,$0,$0,$0,$0,$0,$0,$0,$0,$0,$0,$0,$0,$0,$0,$0,$0,$0,$0,$0,$0,$0,$0,$0,$0,$0,$0,$0
29,2011-05-31,27.17,$0.00,0.0,$3.64,7.47,$1.09,24.95,$0.66,41.32,$0.68B,$0.29B,2.35,$0.00B,$0.57B,0.0,$0.56B,$0.34B,60.22%,$0.56B,$0.10B,17.38%,$0.56B,$0.10B,17.38%,$0.56B,$0.10B,17.38%,$0.56B,$0.11B,19.53%,$0.56B,$0.10B,18.10%,$0.10B,$0.57B,18.91%,$0.10B,$0.56B,19.43%,$0.10B,$0.86B,13.22%,$0.10B,$0.57B,18.16%,$137,$57,$81,$0,$69,$125,$12,$3,$15,$1,$14,$14,$14,$12,$12,$155,155,$0.09,$0.09,$617,$18,$39,$675,$0,$0,$16,$11,$28,$863,$288,$0,$0,$1,$289,$2,$340,$0,$574,$863,$102,$17,$0,$17,$0,$0,$0,$0,$81,$216,$-47,$0,$-3,$0,$0,$-140,$-8,$-198,$0,$0,$0,$0,$6,$0,$0,$6,$36,$0,$0
30,2011-02-28,22.66,$0.00,0.0,$3.30,6.86,$0.79,28.68,$0.60,37.61,$0.60B,$0.23B,2.62,$0.00B,$0.00B,0.0,$0.51B,$0.31B,60.04%,$0.51B,$0.09B,17.52%,$0.51B,$0.09B,17.52%,$0.51B,$0.09B,17.52%,$0.51B,$0.10B,19.49%,$0.51B,$0.09B,18.31%,$0.09B,$0.55B,18.68%,$0.09B,$0.53B,19.16%,$0.09B,$0.78B,13.34%,$0.09B,$0.55B,17.88%,$133,$55,$78,$0,$56,$111,$21,$4,$25,$2,$23,$23,$23,$21,$21,$153,155,$0.15,$0.15,$542,$17,$35,$596,$0,$0,$18,$10,$28,$778,$228,$0,$0,$1,$229,$0,$0,$0,$549,$778,$0,$0,$0,$0,$0,$0,$0,$0,$0,$0,$0,$0,$0,$0,$0,$0,$0,$0,$0,$0,$0,$0,$0,$0,$0,$0,$0,$0,$0
31,2010-11-30,24.82,$0.00,0.0,$3.03,8.19,$0.79,31.41,$0.54,45.74,$0.56B,$0.21B,2.62,$0.00B,$0.00B,0.0,$0.46B,$0.28B,60.56%,$0.46B,$0.08B,17.67%,$0.46B,$0.08B,17.67%,$0.46B,$0.08B,17.67%,$0.46B,$0.09B,19.18%,$0.46B,$0.08B,18.10%,$0.08B,$0.52B,18.09%,$0.08B,$0.50B,18.47%,$0.08B,$0.73B,13.19%,$0.08B,$0.52B,17.66%,$96,$45,$51,$0,$53,$98,$-2,$4,$1,$-0,$2,$2,$2,$-2,$-2,$147,147,$0.01,$0.01,$505,$17,$31,$556,$0,$0,$17,$13,$31,$729,$213,$0,$0,$1,$214,$0,$0,$0,$515,$729,$0,$0,$0,$0,$0,$0,$0,$0,$0,$0,$0,$0,$0,$0,$0,$0,$0,$0,$0,$0,$0,$0,$0,$0,$0,$0,$0,$0,$0
32,2010-08-31,23.12,$0.00,0.0,$2.79,8.28,$0.79,29.27,$0.54,43.02,$0.54B,$0.19B,2.9,$0.00B,$0.00B,0.0,$0.43B,$0.26B,61.31%,$0.43B,$0.08B,19.35%,$0.43B,$0.08B,19.35%,$0.43B,$0.08B,19.35%,$0.43B,$0.09B,20.75%,$0.43B,$0.08B,19.35%,$0.08B,$0.50B,19.11%,$0.08B,$0.49B,19.43%,$0.08B,$0.69B,14.23%,$0.08B,$0.50B,19.11%,$192,$66,$126,$0,$60,$126,$66,$2,$68,$6,$62,$62,$62,$66,$66,$152,155,$0.41,$0.40,$488,$18,$32,$540,$0,$0,$7,$9,$17,$685,$186,$0,$0,$0,$186,$0,$0,$0,$499,$685,$0,$0,$0,$0,$0,$0,$0,$0,$0,$0,$0,$0,$0,$0,$0,$0,$0,$0,$0,$0,$0,$0,$0,$0,$0,$0,$0,$0,$0
33,2010-05-31,21.5,$0.00,0.0,$2.51,8.55,$0.79,27.21,$0.50,42.79,$0.46B,$0.17B,2.75,$0.00B,$0.43B,0.0,$0.39B,$0.24B,61.92%,$0.39B,$0.08B,20.21%,$0.39B,$0.08B,20.21%,$0.39B,$0.08B,20.21%,$0.39B,$0.08B,21.50%,$0.39B,$0.08B,20.21%,$0.08B,$0.43B,18.96%,$0.08B,$0.42B,19.28%,$0.08B,$0.60B,14.34%,$0.08B,$0.43B,18.96%,$87,$36,$50,$0,$47,$83,$4,$2,$5,$-1,$6,$6,$6,$4,$4,$152,155,$0.04,$0.04,$420,$17,$25,$464,$0,$4,$7,$2,$14,$596,$169,$0,$0,$0,$169,$2,$225,$0,$428,$596,$78,$12,$0,$12,$0,$0,$0,$0,$37,$142,$-19,$0,$-1,$0,$0,$-78,$-0,$-98,$0,$0,$0,$0,$12,$0,$-30,$-18,$26,$0,$0
34,2010-02-28,18.34,$0.00,0.0,$2.34,7.83,$0.53,34.59,$0.48,38.01,$0.41B,$0.12B,3.35,$0.00B,$0.00B,0.0,$0.36B,$0.22B,62.29%,$0.36B,$0.08B,21.23%,$0.36B,$0.08B,21.23%,$0.36B,$0.08B,21.23%,$0.36B,$0.08B,22.63%,$0.36B,$0.08B,20.95%,$0.08B,$0.42B,19.12%,$0.08B,$0.41B,19.47%,$0.08B,$0.54B,14.64%,$0.08B,$0.42B,19.38%,$89,$35,$54,$0,$40,$76,$14,$2,$15,$1,$14,$14,$14,$14,$14,$150,154,$0.09,$0.09,$372,$14,$22,$408,$0,$0,$7,$6,$14,$537,$122,$0,$0,$0,$122,$0,$0,$0,$415,$537,$0,$0,$0,$0,$0,$0,$0,$0,$0,$0,$0,$0,$0,$0,$0,$0,$0,$0,$0,$0,$0,$0,$0,$0,$0,$0,$0,$0,$0
35,2009-11-30,16.73,$0.00,0.0,$2.19,7.63,$0.53,31.55,$0.46,36.36,$0.39B,$0.12B,3.26,$0.00B,$0.00B,0.0,$0.33B,$0.21B,62.28%,$0.33B,$0.07B,21.26%,$0.33B,$0.07B,21.26%,$0.33B,$0.07B,21.26%,$0.33B,$0.08B,23.05%,$0.33B,$0.07B,21.26%,$0.07B,$0.40B,18.98%,$0.07B,$0.39B,19.35%,$0.07B,$0.52B,14.55%,$0.07B,$0.40B,18.98%,$61,$28,$33,$0,$34,$62,$-1,$2,$1,$-0,$1,$1,$1,$-1,$-1,$148,148,$0.01,$0.01,$353,$15,$19,$389,$0,$0,$7,$5,$12,$515,$119,$0,$0,$0,$119,$0,$0,$0,$395,$515,$0,$0,$0,$0,$0,$0,$0,$0,$0,$0,$0,$0,$0,$0,$0,$0,$0,$0,$0,$0,$0,$0,$0,$0,$0,$0,$0,$0,$0
36,2009-08-31,16.57,$0.00,0.0,$2.10,7.89,$0.53,31.25,$0.47,35.07,$0.40B,$0.12B,3.37,$0.00B,$0.00B,0.0,$0.32B,$0.20B,63.04%,$0.32B,$0.07B,22.67%,$0.32B,$0.07B,22.67%,$0.32B,$0.07B,22.67%,$0.32B,$0.08B,24.53%,$0.32B,$0.07B,22.67%,$0.07B,$0.41B,20.45%,$0.07B,$0.40B,20.80%,$0.07B,$0.53B,15.74%,$0.07B,$0.41B,20.45%,$149,$48,$102,$0,$41,$88,$61,$1,$62,$6,$57,$57,$57,$61,$61,$150,155,$0.38,$0.37,$368,$14,$19,$403,$0,$0,$7,$4,$12,$528,$119,$0,$0,$0,$120,$0,$0,$0,$408,$528,$0,$0,$0,$0,$0,$0,$0,$0,$0,$0,$0,$0,$0,$0,$0,$0,$0,$0,$0,$0,$0,$0,$0,$0,$0,$0,$0,$0,$0
37,2009-05-31,12.89,$0.00,0.0,$1.93,6.67,$0.53,24.31,$0.40,32.43,$0.35B,$0.12B,2.95,$0.00B,$0.35B,0.0,$0.29B,$0.18B,62.20%,$0.29B,$0.06B,20.96%,$0.29B,$0.06B,20.96%,$0.29B,$0.06B,20.96%,$0.29B,$0.07B,23.37%,$0.29B,$0.06B,20.96%,$0.06B,$0.35B,18.24%,$0.06B,$0.34B,18.50%,$0.06B,$0.47B,14.02%,$0.06B,$0.35B,18.24%,$59,$26,$34,$0,$31,$57,$2,$1,$3,$0,$3,$3,$3,$2,$2,$150,154,$0.02,$0.02,$315,$15,$16,$348,$0,$2,$7,$2,$12,$469,$118,$0,$0,$0,$118,$2,$147,$0,$351,$469,$61,$11,$0,$11,$0,$0,$0,$0,$10,$97,$-16,$0,$0,$0,$0,$0,$-7,$-22,$0,$0,$0,$0,$-30,$0,$0,$-30,$46,$0,$0
38,2009-02-28,10.5,$0.00,0.0,$1.83,5.73,$0.47,22.44,$0.39,26.75,$0.32B,$0.10B,3.27,$0.00B,$0.00B,0.0,$0.27B,$0.17B,62.50%,$0.27B,$0.06B,22.06%,$0.27B,$0.06B,22.06%,$0.27B,$0.06B,22.06%,$0.27B,$0.07B,24.26%,$0.27B,$0.06B,22.06%,$0.06B,$0.34B,18.66%,$0.06B,$0.34B,18.90%,$0.06B,$0.44B,14.39%,$0.06B,$0.34B,18.66%,$65,$26,$39,$0,$31,$57,$9,$2,$11,$0,$10,$10,$10,$9,$9,$149,153,$0.07,$0.07,$287,$15,$17,$320,$0,$0,$7,$2,$10,$440,$98,$0,$0,$0,$98,$0,$0,$0,$342,$440,$0,$0,$0,$0,$0,$0,$0,$0,$0,$0,$0,$0,$0,$0,$0,$0,$0,$0,$0,$0,$0,$0,$0,$0,$0,$0,$0,$0,$0
39,2008-11-30,12.11,$0.00,0.0,$1.73,7.02,$0.47,25.87,$0.40,30.45,$0.30B,$0.09B,3.33,$0.00B,$0.00B,0.0,$0.26B,$0.16B,63.14%,$0.26B,$0.06B,23.92%,$0.26B,$0.06B,23.92%,$0.26B,$0.06B,23.92%,$0.26B,$0.07B,26.27%,$0.26B,$0.06B,24.31%,$0.06B,$0.33B,19.73%,$0.06B,$0.32B,19.94%,$0.06B,$0.42B,15.38%,$0.06B,$0.33B,19.41%,$49,$22,$28,$0,$27,$49,$1,$3,$3,$0,$3,$3,$3,$1,$1,$153,153,$0.02,$0.02,$270,$13,$16,$300,$0,$0,$3,$1,$6,$418,$90,$0,$0,$0,$90,$0,$0,$0,$327,$418,$0,$0,$0,$0,$0,$0,$0,$0,$0,$0,$0,$0,$0,$0,$0,$0,$0,$0,$0,$0,$0,$0,$0,$0,$0,$0,$0,$0,$0
40,2008-08-31,17.38,$0.00,0.0,$1.61,10.8,$0.47,37.15,$0.39,44.85,$0.30B,$0.09B,3.15,$0.00B,$0.00B,0.0,$0.24B,$0.15B,62.76%,$0.24B,$0.06B,25.10%,$0.24B,$0.06B,25.10%,$0.24B,$0.06B,25.10%,$0.24B,$0.07B,27.62%,$0.24B,$0.06B,25.52%,$0.06B,$0.32B,19.92%,$0.06B,$0.32B,20.13%,$0.06B,$0.41B,15.64%,$0.06B,$0.32B,19.59%,$118,$38,$80,$0,$31,$69,$49,$2,$51,$6,$45,$45,$45,$49,$49,$148,148,$0.30,$0.29,$266,$13,$16,$297,$0,$0,$2,$1,$5,$413,$94,$0,$0,$0,$94,$0,$0,$0,$318,$413,$0,$0,$0,$0,$0,$0,$0,$0,$0,$0,$0,$0,$0,$0,$0,$0,$0,$0,$0,$0,$0,$0,$0,$0,$0,$0,$0,$0,$0
41,2008-05-31,15.42,$0.00,0.0,$1.33,11.57,$0.47,32.96,$0.31,49.35,$0.29B,$0.10B,2.93,$0.00B,$0.30B,0.0,$0.20B,$0.13B,61.88%,$0.20B,$0.05B,23.27%,$0.20B,$0.05B,23.27%,$0.20B,$0.05B,23.27%,$0.20B,$0.05B,25.74%,$0.20B,$0.05B,24.75%,$0.05B,$0.30B,16.78%,$0.05B,$0.30B,16.99%,$0.05B,$0.40B,13.38%,$0.05B,$0.30B,15.77%,$40,$17,$23,$0,$22,$40,$1,$1,$1,$-1,$1,$2,$2,$1,$1,$141,141,$0.01,$0.01,$262,$11,$13,$287,$0,$0,$4,$2,$7,$397,$98,$0,$0,$0,$98,$2,$99,$0,$299,$397,$49,$8,$0,$8,$0,$0,$0,$0,$11,$77,$-11,$0,$-2,$0,$0,$0,$-47,$-60,$0,$0,$0,$0,$-19,$0,$-0,$-19,$4,$0,$0
42,2008-02-29,14.62,$0.00,0.0,$1.21,12.1,$0.33,44.08,$0.29,50.43,$0.28B,$0.07B,3.88,$0.00B,$0.00B,0.0,$0.19B,$0.11B,60.96%,$0.19B,$0.04B,21.39%,$0.19B,$0.04B,21.39%,$0.19B,$0.04B,21.39%,$0.19B,$0.05B,26.74%,$0.19B,$0.05B,24.60%,$0.05B,$0.31B,16.14%,$0.05B,$0.31B,16.34%,$0.05B,$0.39B,13.01%,$0.04B,$0.31B,14.04%,$48,$18,$30,$0,$19,$38,$10,$2,$12,$1,$12,$12,$12,$10,$10,$150,150,$0.08,$0.07,$261,$9,$10,$281,$0,$0,$4,$0,$5,$385,$73,$0,$0,$0,$73,$0,$0,$0,$313,$385,$0,$0,$0,$0,$0,$0,$0,$0,$0,$0,$0,$0,$0,$0,$0,$0,$0,$0,$0,$0,$0,$0,$0,$0,$0,$0,$0,$0,$0
43,2007-11-30,18.78,$0.00,0.0,$1.11,16.89,$0.33,56.6,$0.27,68.92,$0.27B,$0.07B,3.8,$0.00B,$0.00B,0.0,$0.17B,$0.10B,59.88%,$0.17B,$0.04B,21.51%,$0.17B,$0.04B,21.51%,$0.17B,$0.04B,21.51%,$0.17B,$0.05B,26.74%,$0.17B,$0.04B,24.42%,$0.04B,$0.30B,15.70%,$0.04B,$0.29B,15.91%,$0.04B,$0.37B,10.64%,$0.04B,$0.30B,13.83%,$33,$16,$17,$0,$17,$33,$-0,$2,$2,$0,$2,$2,$2,$-0,$-0,$157,157,$0.01,$0.01,$250,$8,$8,$267,$0,$0,$4,$0,$5,$365,$70,$0,$0,$0,$70,$0,$0,$0,$295,$365,$0,$0,$0,$0,$0,$0,$0,$0,$0,$0,$0,$0,$0,$0,$0,$0,$0,$0,$0,$0,$0,$0,$0,$0,$0,$0,$0,$0,$0
44,2007-08-31,12.42,$0.00,0.0,$1.06,11.72,$0.33,37.43,$0.27,46.0,$0.25B,$0.06B,3.98,$0.00B,$0.00B,0.0,$0.16B,$0.10B,60.25%,$0.16B,$0.04B,22.98%,$0.16B,$0.04B,22.98%,$0.16B,$0.04B,22.98%,$0.16B,$0.05B,27.95%,$0.16B,$0.04B,25.47%,$0.04B,$0.29B,16.67%,$0.04B,$0.28B,16.91%,$0.04B,$0.35B,11.16%,$0.04B,$0.29B,15.04%,$81,$26,$55,$0,$20,$45,$36,$2,$37,$3,$34,$34,$34,$36,$36,$149,156,$0.23,$0.22,$234,$8,$9,$251,$0,$0,$3,$0,$5,$348,$63,$0,$0,$0,$63,$0,$0,$0,$285,$348,$0,$0,$0,$0,$0,$0,$0,$0,$0,$0,$0,$0,$0,$0,$0,$0,$0,$0,$0,$0,$0,$0,$0,$0,$0,$0,$0,$0,$0
