,Date,Stock Price,Book Value per Share,Price to Book Ratio,TTM Sales per Share,Price to Sales Ratio,TTM FCF per Share,Price to FCF Ratio,TTM Net EPS,PE Ratio,Current Assets,Current Liabilities,Current Ratio,Long Term Debt,Shareholder's Equity_x,Debt to Equity Ratio,TTM Revenue_x,TTM Gross Profit,Gross Margin,TTM Revenue_y,TTM Operating Income,Operating Margin,TTM Revenue_x,TTM EBIT,EBIT Margin,TTM Revenue_y,TTM EBITDA,EBITDA Margin,TTM Revenue_x,TTM Pre-Tax Income,Pre-Tax Margin,TTM Revenue_y,TTM Net Income_x,Net Margin,TTM Net Income_y,Shareholder's Equity_y,Return on Equity,TTM Net Income_x,Tangible Equity,Return on Tangible Equity,TTM Net Income_y,Total Assets,Return on Assets,TTM Net Income,LT Investments & Debt,Return on Investment,revenue,cost-goods-sold,gross-profit,research-development-expenses,selling-general-administrative-expenses,operating-expenses,operating-income,total-non-operating-income-expense,pre-tax-income,total-provision-income-taxes,income-after-taxes,income-from-continuous-operations,net-income,ebitda,ebit,basic-shares-outstanding,shares-outstanding,eps-basic-net-earnings-per-share,eps-earnings-per-share-diluted,cash-on-hand,inventory,other-current-assets,total-current-assets,net-property-plant-equipment,long-term-investments,goodwill-intangible-assets-total,other-long-term-assets,total-long-term-assets,total-assets,total-current-liabilities,long-term-debt,other-non-current-liabilities,total-long-term-liabilities,total-liabilities,common-stock-net,retained-earnings-accumulated-deficit,comprehensive-income,total-share-holder-equity,total-liabilities-share-holders-equity,net-income-loss,total-depreciation-amortization-cash-flow,other-non-cash-items,total-non-cash-items,change-in-accounts-receivable,change-in-inventories,change-in-accounts-payable,change-in-assets-liabilities,total-change-in-assets-liabilities,cash-flow-from-operating-activities,net-change-in-property-plant-equipment,net-change-in-intangible-assets,net-acquisitions-divestitures,net-change-in-short-term-investments,net-change-in-long-term-investments,net-change-in-investments-total,investing-activities-other,cash-flow-from-investing-activities,net-long-term-debt,net-current-debt,debt-issuance-retirement-net-total,net-common-equity-issued-repurchased,net-total-equity-issued-repurchased,total-common-preferred-stock-dividends-paid,financial-activities-other,cash-flow-from-financial-activities,net-cash-flow,stock-based-compensation,common-stock-dividends-paid
0,2018-09-30,57.2,$29.53,1.94,$22.38,2.56,$-1.47,0.0,$2.60,22.0,$0.20B,$0.20B,0.98,$1.39B,$1.20B,1.16,$0.91B,$0.68B,74.70%,$0.91B,$0.18B,20.13%,$0.91B,$0.18B,20.13%,$0.91B,$0.34B,37.18%,$0.91B,$0.14B,15.07%,$0.91B,$0.11B,11.66%,$0.11B,$1.20B,9.22%,$0.11B,$1.20B,9.22%,$0.11B,$3.64B,2.98%,$0.18B,$2.58B,7.50%,$300,$71,$229,$0,$105,$200,$100,$-4,$96,$23,$73,$73,$73,$139,$100,$41,41,$1.80,$1.79,$16,$53,$0,$201,$3045,$0,$0,$18,$3443,$3644,$204,$1385,$427,$2243,$2447,$66,$1257,$-35,$1197,$3644,$100,$117,$12,$129,$-34,$-1,$5,$7,$-8,$221,$-209,$0,$0,$0,$2,$2,$5,$-202,$190,$-659,$-469,$0,$0,$-43,$501,$-10,$9,$0,$-43
1,2018-06-30,59.1,$28.08,2.1,$22.34,2.65,$-1.01,0.0,$2.28,25.92,$0.19B,$0.22B,0.84,$1.39B,$1.14B,1.22,$0.91B,$0.67B,74.17%,$0.91B,$0.19B,20.64%,$0.91B,$0.19B,20.64%,$0.91B,$0.34B,37.75%,$0.91B,$0.13B,14.68%,$0.91B,$0.09B,10.26%,$0.09B,$1.14B,8.20%,$0.09B,$1.14B,8.20%,$0.09B,$3.58B,2.64%,$0.19B,$2.52B,7.87%,$237,$53,$183,$0,$106,$184,$53,$-9,$44,$11,$33,$33,$33,$91,$53,$41,41,$0.82,$0.82,$12,$49,$1,$185,$3002,$0,$0,$17,$3395,$3580,$222,$1385,$422,$2220,$2442,$66,$1199,$-34,$1138,$3580,$26,$78,$2,$80,$-24,$2,$-6,$1,$-32,$74,$-142,$0,$0,$0,$2,$2,$5,$-136,$610,$-513,$97,$0,$0,$-28,$-2,$67,$5,$0,$-28
2,2018-03-31,50.67,$27.65,1.83,$22.73,2.23,$-0.99,0.0,$2.35,21.56,$0.14B,$0.36B,0.38,$1.20B,$1.12B,1.07,$0.92B,$0.68B,73.29%,$0.92B,$0.20B,21.50%,$0.92B,$0.20B,21.50%,$0.92B,$0.35B,38.22%,$0.92B,$0.15B,15.74%,$0.92B,$0.10B,10.42%,$0.10B,$1.12B,8.56%,$0.10B,$1.12B,8.56%,$0.10B,$3.51B,2.75%,$0.20B,$2.32B,8.55%,$176,$52,$124,$0,$96,$172,$4,$-14,$-10,$-3,$-7,$-7,$-7,$44,$4,$40,40,$-0.17,$-0.17,$3,$50,$0,$140,$2972,$0,$0,$17,$3366,$3506,$364,$1196,$419,$2022,$2386,$66,$1180,$-32,$1120,$3506,$-7,$39,$-2,$37,$8,$1,$-23,$11,$-4,$26,$-79,$0,$0,$0,$1,$1,$3,$-76,$193,$-133,$60,$0,$0,$-14,$-1,$45,$-4,$0,$-14
3,2017-12-31,54.62,$28.24,1.93,$22.63,2.41,$-0.71,0.0,$2.42,22.57,$0.16B,$0.32B,0.5,$1.20B,$1.14B,1.05,$0.92B,$0.67B,73.36%,$0.92B,$0.20B,21.62%,$0.92B,$0.20B,21.62%,$0.92B,$0.35B,38.21%,$0.92B,$0.15B,16.27%,$0.92B,$0.10B,10.81%,$0.10B,$1.14B,8.95%,$0.10B,$1.14B,8.95%,$0.10B,$3.48B,2.85%,$0.20B,$2.34B,8.60%,$196,$53,$143,$0,$-150,$170,$26,$-19,$7,$1,$7,$7,$7,$64,$26,$40,41,$0.16,$0.16,$7,$51,$0,$157,$2928,$0,$0,$16,$3328,$3484,$316,$1196,$415,$2026,$2342,$66,$1160,$11,$1142,$3484,$98,$152,$36,$188,$-0,$-3,$1,$3,$3,$289,$-240,$0,$0,$0,$3,$3,$-7,$-244,$555,$-546,$9,$0,$0,$-53,$-1,$-46,$-1,$0,$-53
4,2017-09-30,54.21,$28.10,1.93,$22.45,2.42,$-3.12,0.0,$2.40,22.59,$0.20B,$0.32B,0.63,$1.20B,$1.14B,1.05,$0.91B,$0.66B,73.02%,$0.91B,$0.19B,21.15%,$0.91B,$0.19B,21.15%,$0.91B,$0.34B,37.89%,$0.91B,$0.15B,16.52%,$0.91B,$0.10B,10.79%,$0.10B,$1.14B,8.99%,$0.10B,$1.14B,8.99%,$0.10B,$3.51B,2.85%,$0.19B,$2.33B,8.40%,$297,$75,$222,$0,$96,$194,$104,$-11,$92,$33,$60,$60,$60,$143,$104,$40,41,$1.47,$1.47,$7,$51,$0,$199,$2899,$0,$0,$17,$3306,$3505,$316,$1196,$140,$2054,$2369,$66,$1167,$-1,$1136,$3505,$92,$114,$36,$151,$-39,$-3,$1,$7,$-23,$219,$-188,$0,$0,$0,$2,$2,$4,$-182,$0,$-529,$-529,$0,$0,$-40,$531,$-38,$-1,$0,$-40
5,2017-06-30,50.42,$26.86,1.88,$23.11,2.18,$-4.68,0.0,$2.77,18.2,$0.21B,$0.39B,0.54,$1.20B,$1.09B,1.1,$0.93B,$0.69B,73.34%,$0.93B,$0.22B,23.34%,$0.93B,$0.22B,23.34%,$0.93B,$0.36B,38.65%,$0.93B,$0.18B,18.84%,$0.93B,$0.11B,12.10%,$0.11B,$1.09B,10.52%,$0.11B,$1.09B,10.52%,$0.11B,$3.49B,3.31%,$0.22B,$2.28B,9.60%,$252,$66,$186,$0,$100,$188,$64,$-8,$56,$20,$36,$36,$36,$101,$64,$40,41,$0.89,$0.89,$11,$51,$9,$209,$2879,$0,$0,$17,$3282,$3491,$389,$1196,$133,$2016,$2406,$66,$1121,$-4,$1086,$3491,$32,$76,$6,$82,$-33,$-3,$-1,$-5,$-45,$68,$-134,$0,$0,$0,$2,$2,$-3,$-136,$292,$-195,$97,$0,$0,$-26,$-1,$70,$3,$0,$-26
6,2017-03-31,48.94,$26.32,1.86,$22.28,2.2,$-5.31,0.0,$2.43,20.14,$0.15B,$0.34B,0.45,$1.20B,$1.06B,1.13,$0.90B,$0.66B,73.33%,$0.90B,$0.20B,22.11%,$0.90B,$0.20B,22.11%,$0.90B,$0.34B,38.11%,$0.90B,$0.15B,17.11%,$0.90B,$0.10B,11.00%,$0.10B,$1.06B,9.38%,$0.10B,$1.06B,9.38%,$0.10B,$3.40B,2.94%,$0.20B,$2.26B,8.76%,$171,$50,$121,$0,$95,$167,$4,$-10,$-6,$-2,$-4,$-4,$-4,$42,$4,$40,40,$-0.10,$-0.10,$5,$49,$3,$152,$2851,$0,$0,$16,$3249,$3401,$340,$1196,$128,$1998,$2338,$66,$1098,$-3,$1063,$3401,$-4,$38,$-6,$32,$9,$-2,$-14,$4,$-2,$26,$-68,$0,$0,$0,$1,$1,$-2,$-69,$128,$-76,$53,$0,$0,$-13,$-1,$39,$-3,$0,$-13
7,2016-12-31,44.78,$26.61,1.68,$21.96,2.04,$-5.64,0.0,$2.39,18.74,$0.16B,$0.30B,0.54,$1.20B,$1.07B,1.11,$0.89B,$0.65B,73.62%,$0.89B,$0.20B,21.98%,$0.89B,$0.20B,21.98%,$0.89B,$0.34B,38.33%,$0.89B,$0.15B,17.02%,$0.89B,$0.10B,10.94%,$0.10B,$1.07B,9.33%,$0.10B,$1.07B,9.33%,$0.10B,$3.38B,2.91%,$0.20B,$2.27B,8.56%,$188,$54,$134,$0,$30,$168,$20,$-12,$8,$2,$6,$6,$6,$58,$20,$40,40,$0.14,$0.14,$8,$47,$11,$164,$2821,$0,$0,$16,$3212,$3376,$303,$1196,$121,$1998,$2302,$66,$1115,$-7,$1074,$3376,$97,$145,$35,$181,$-18,$0,$-2,$-30,$-48,$231,$-280,$0,$0,$0,$7,$7,$-3,$-276,$513,$-416,$97,$0,$0,$-50,$-2,$45,$0,$0,$-50
8,2016-09-30,44.75,$26.63,1.68,$21.69,2.06,$-6.88,0.0,$2.27,19.71,$0.19B,$0.29B,0.65,$1.20B,$1.08B,1.11,$0.88B,$0.65B,73.63%,$0.88B,$0.18B,20.89%,$0.88B,$0.18B,20.89%,$0.88B,$0.33B,37.44%,$0.88B,$0.14B,16.32%,$0.88B,$0.09B,10.50%,$0.09B,$1.08B,8.97%,$0.09B,$1.08B,8.97%,$0.09B,$3.37B,2.80%,$0.18B,$2.27B,8.16%,$323,$79,$244,$0,$34,$193,$130,$-12,$118,$43,$75,$75,$75,$160,$130,$40,40,$1.84,$1.84,$10,$47,$9,$192,$2787,$0,$0,$16,$3181,$3373,$294,$1195,$119,$2004,$2298,$66,$1121,$-12,$1075,$3373,$91,$108,$36,$145,$-46,$-0,$7,$-32,$-60,$177,$-209,$0,$0,$0,$66,$66,$-63,$-206,$71,$0,$71,$0,$0,$-37,$-2,$31,$2,$0,$-37
9,2016-06-30,44.92,$25.05,1.79,$20.88,2.15,$-8.12,0.0,$1.83,24.54,$0.18B,$0.23B,0.78,$1.28B,$1.01B,1.26,$0.84B,$0.61B,72.36%,$0.84B,$0.14B,16.73%,$0.84B,$0.14B,16.73%,$0.84B,$0.29B,34.88%,$0.84B,$0.11B,12.57%,$0.84B,$0.07B,8.78%,$0.07B,$1.01B,7.31%,$0.07B,$1.01B,7.31%,$0.07B,$3.31B,2.28%,$0.14B,$2.29B,6.36%,$218,$57,$161,$0,$36,$173,$45,$-11,$34,$11,$22,$22,$22,$83,$45,$40,40,$0.55,$0.55,$10,$47,$0,$178,$2752,$0,$0,$18,$3135,$3312,$228,$1278,$149,$2073,$2301,$66,$1059,$-13,$1011,$3312,$16,$78,$-2,$76,$-39,$1,$-9,$-1,$-53,$41,$-133,$0,$0,$0,$4,$4,$-1,$-130,$157,$-212,$-55,$0,$0,$-24,$170,$90,$1,$0,$-24
10,2016-03-31,43.3,$24.79,1.75,$20.93,2.07,$-8.88,0.0,$1.80,24.06,$0.16B,$0.20B,0.78,$1.28B,$1.00B,1.28,$0.85B,$0.61B,71.83%,$0.85B,$0.14B,16.33%,$0.85B,$0.14B,16.33%,$0.85B,$0.29B,34.32%,$0.85B,$0.10B,12.19%,$0.85B,$0.07B,8.64%,$0.07B,$1.00B,7.26%,$0.07B,$1.00B,7.26%,$0.07B,$3.26B,2.27%,$0.14B,$2.28B,6.35%,$158,$44,$114,$0,$32,$158,$-0,$-9,$-9,$-3,$-6,$-6,$-6,$39,$-0,$40,40,$-0.14,$-0.14,$41,$48,$0,$159,$2727,$0,$0,$18,$3102,$3260,$203,$1278,$144,$2058,$2261,$66,$1050,$-14,$1000,$3260,$-6,$39,$-8,$31,$8,$1,$-22,$-1,$-12,$14,$-69,$0,$0,$0,$2,$2,$-3,$-69,$255,$-152,$102,$0,$0,$-12,$-2,$89,$33,$0,$-12
11,2015-12-31,36.09,$25.21,1.43,$21.09,1.71,$-9.16,0.0,$2.03,17.78,$0.13B,$0.28B,0.48,$1.12B,$1.02B,1.1,$0.85B,$0.61B,71.45%,$0.85B,$0.15B,17.16%,$0.85B,$0.15B,17.16%,$0.85B,$0.30B,34.78%,$0.85B,$0.12B,13.63%,$0.85B,$0.08B,9.64%,$0.08B,$1.02B,8.20%,$0.08B,$1.02B,8.20%,$0.08B,$3.20B,2.59%,$0.15B,$2.14B,6.85%,$177,$51,$126,$0,$30,$169,$8,$-6,$0,$-0,$1,$1,$1,$46,$8,$40,40,$0.02,$0.02,$8,$49,$0,$133,$2696,$0,$0,$18,$3068,$3201,$277,$1123,$144,$1907,$2184,$66,$1067,$-14,$1017,$3201,$82,$151,$8,$159,$5,$-3,$-11,$10,$5,$247,$-345,$0,$0,$0,$11,$11,$-8,$-343,$329,$-217,$112,$0,$0,$-47,$-1,$64,$-32,$0,$-47
12,2015-09-30,34.23,$25.34,1.35,$21.58,1.59,$-9.13,0.0,$2.11,16.22,$0.20B,$0.25B,0.81,$1.13B,$1.02B,1.11,$0.87B,$0.61B,69.92%,$0.87B,$0.15B,16.88%,$0.87B,$0.15B,16.88%,$0.87B,$0.29B,33.75%,$0.87B,$0.12B,14.01%,$0.87B,$0.09B,9.76%,$0.09B,$1.02B,8.58%,$0.09B,$1.02B,8.58%,$0.09B,$3.21B,2.72%,$0.15B,$2.16B,6.92%,$290,$80,$209,$0,$34,$202,$88,$-8,$81,$25,$57,$57,$57,$126,$88,$40,40,$1.40,$1.40,$13,$49,$2,$202,$2635,$0,$0,$30,$3007,$3210,$251,$1134,$142,$1938,$2189,$66,$1079,$-20,$1021,$3210,$81,$113,$15,$128,$-33,$-3,$-14,$4,$-34,$176,$-259,$0,$0,$0,$8,$8,$-7,$-257,$89,$0,$89,$0,$0,$-35,$-1,$53,$-28,$0,$-35
13,2015-06-30,31.95,$24.44,1.31,$21.45,1.49,$-8.60,0.0,$2.01,15.9,$0.19B,$0.27B,0.71,$1.13B,$0.99B,1.15,$0.87B,$0.60B,68.79%,$0.87B,$0.14B,16.18%,$0.87B,$0.14B,16.18%,$0.87B,$0.29B,33.29%,$0.87B,$0.12B,13.41%,$0.87B,$0.08B,9.25%,$0.08B,$0.99B,8.08%,$0.08B,$0.99B,8.08%,$0.08B,$3.17B,2.61%,$0.14B,$2.12B,6.71%,$220,$62,$158,$0,$35,$178,$42,$-11,$31,$10,$21,$21,$21,$79,$42,$40,40,$0.52,$0.52,$10,$49,$0,$191,$2603,$0,$0,$31,$2981,$3171,$270,$1134,$139,$1917,$2187,$66,$1034,$-11,$985,$3171,$25,$75,$-1,$74,$-21,$-3,$-16,$4,$-38,$60,$-183,$0,$0,$0,$7,$7,$-4,$-180,$114,$0,$114,$0,$0,$-23,$-1,$89,$-30,$0,$-23
14,2015-03-31,35.32,$24.23,1.46,$22.26,1.59,$-7.54,0.0,$2.24,15.77,$0.16B,$0.19B,0.81,$1.13B,$0.98B,1.16,$0.90B,$0.60B,67.00%,$0.90B,$0.15B,16.61%,$0.90B,$0.15B,16.61%,$0.90B,$0.30B,33.11%,$0.90B,$0.13B,14.49%,$0.90B,$0.09B,9.92%,$0.09B,$0.98B,9.01%,$0.09B,$0.98B,9.01%,$0.09B,$3.08B,2.97%,$0.15B,$2.11B,7.27%,$164,$49,$115,$0,$30,$156,$8,$-4,$4,$1,$3,$3,$3,$45,$8,$40,40,$0.09,$0.09,$8,$47,$0,$157,$2542,$0,$0,$31,$2921,$3079,$194,$1134,$138,$1910,$2103,$66,$1025,$-10,$975,$3079,$3,$37,$-2,$36,$6,$-1,$-24,$11,$-13,$26,$-92,$0,$0,$0,$4,$4,$-3,$-91,$71,$-27,$44,$0,$0,$-11,$-1,$32,$-33,$0,$-11
15,2014-12-31,36.34,$24.46,1.49,$22.82,1.59,$-6.72,0.0,$2.26,16.08,$0.19B,$0.18B,1.11,$1.13B,$0.98B,1.15,$0.92B,$0.60B,65.51%,$0.92B,$0.15B,16.43%,$0.92B,$0.15B,16.43%,$0.92B,$0.30B,32.43%,$0.92B,$0.13B,14.36%,$0.92B,$0.09B,9.90%,$0.09B,$0.98B,9.28%,$0.09B,$0.98B,9.28%,$0.09B,$3.06B,3.11%,$0.15B,$2.12B,7.51%,$197,$70,$127,$0,$34,$188,$9,$-2,$6,$2,$4,$4,$4,$44,$9,$40,40,$0.11,$0.11,$41,$46,$10,$194,$2488,$0,$0,$31,$2865,$3059,$175,$1134,$138,$1900,$2075,$66,$1033,$-8,$984,$3059,$91,$146,$15,$161,$-6,$-1,$10,$-9,$-9,$243,$-341,$0,$0,$0,$15,$15,$-5,$-331,$150,$0,$150,$0,$0,$-45,$-2,$103,$15,$0,$-45
16,2014-09-30,32.91,$25.26,1.3,$22.67,1.45,$-5.34,0.0,$2.19,15.03,$0.21B,$0.24B,0.86,$0.99B,$1.02B,0.97,$0.91B,$0.60B,65.46%,$0.91B,$0.15B,16.23%,$0.91B,$0.15B,16.23%,$0.91B,$0.29B,32.13%,$0.91B,$0.13B,13.71%,$0.91B,$0.09B,9.65%,$0.09B,$1.02B,9.07%,$0.09B,$1.02B,9.07%,$0.09B,$2.97B,3.08%,$0.15B,$2.00B,7.53%,$284,$89,$195,$0,$33,$202,$81,$-6,$75,$23,$52,$52,$52,$120,$81,$40,40,$1.30,$1.30,$13,$46,$11,$207,$2399,$0,$0,$32,$2759,$2966,$242,$985,$128,$1709,$1950,$66,$1040,$18,$1016,$2966,$87,$111,$20,$131,$-47,$-1,$4,$-8,$-43,$175,$-236,$0,$0,$0,$10,$10,$-3,$-228,$186,$-111,$75,$0,$0,$-33,$-1,$41,$-12,$0,$-33
17,2014-06-30,35.94,$24.22,1.48,$22.67,1.59,$-4.23,0.0,$2.15,16.71,$0.20B,$0.22B,0.88,$1.00B,$0.97B,1.03,$0.91B,$0.60B,65.64%,$0.91B,$0.15B,16.79%,$0.91B,$0.15B,16.79%,$0.91B,$0.30B,32.38%,$0.91B,$0.13B,14.05%,$0.91B,$0.09B,9.55%,$0.09B,$0.97B,9.25%,$0.09B,$0.97B,9.25%,$0.09B,$2.89B,3.09%,$0.15B,$1.97B,7.89%,$252,$88,$164,$0,$32,$201,$51,$-6,$45,$15,$30,$30,$30,$88,$51,$40,40,$0.75,$0.75,$13,$45,$20,$195,$2338,$0,$0,$33,$2694,$2889,$222,$1000,$124,$1693,$1915,$66,$998,$18,$974,$2889,$35,$73,$4,$76,$-34,$-0,$2,$-22,$-54,$57,$-136,$0,$0,$0,$9,$9,$-3,$-130,$83,$0,$83,$0,$0,$-22,$-1,$61,$-13,$0,$-22
18,2014-03-31,31.69,$23.64,1.34,$22.39,1.42,$-4.42,0.0,$2.12,14.95,$0.16B,$0.15B,1.03,$1.00B,$0.95B,1.05,$0.90B,$0.60B,66.41%,$0.90B,$0.16B,17.35%,$0.90B,$0.16B,17.35%,$0.90B,$0.30B,32.81%,$0.90B,$0.13B,14.24%,$0.90B,$0.09B,9.57%,$0.09B,$0.95B,9.46%,$0.09B,$0.95B,9.46%,$0.09B,$2.79B,3.11%,$0.16B,$1.95B,8.18%,$186,$70,$116,$0,$30,$176,$10,$-4,$6,$1,$5,$5,$5,$46,$10,$40,40,$0.11,$0.11,$13,$45,$4,$156,$2285,$0,$0,$36,$2636,$2792,$151,$1000,$122,$1691,$1843,$66,$980,$13,$949,$2792,$5,$36,$-7,$30,$7,$1,$-9,$-1,$-3,$31,$-64,$0,$0,$0,$3,$3,$-2,$-63,$32,$0,$32,$0,$0,$-11,$-1,$20,$-12,$0,$-11
19,2013-12-31,30.91,$23.51,1.31,$22.19,1.39,$-5.18,0.0,$2.20,14.05,$0.18B,$0.14B,1.3,$1.00B,$0.94B,1.06,$0.89B,$0.60B,67.53%,$0.89B,$0.17B,18.54%,$0.89B,$0.17B,18.54%,$0.89B,$0.30B,34.04%,$0.89B,$0.13B,14.94%,$0.89B,$0.09B,10.00%,$0.09B,$0.94B,10.13%,$0.09B,$0.94B,10.13%,$0.09B,$2.79B,3.26%,$0.17B,$1.94B,8.78%,$190,$68,$122,$0,$33,$184,$6,$-8,$-1,$-3,$1,$1,$1,$39,$6,$40,40,$0.02,$0.03,$26,$46,$7,$179,$2257,$0,$0,$35,$2607,$2786,$138,$1000,$121,$1705,$1842,$66,$986,$3,$944,$2786,$89,$139,$34,$173,$-2,$-4,$8,$-15,$-14,$247,$-289,$0,$0,$0,$10,$10,$-4,$-283,$-8,$0,$-8,$0,$0,$-42,$-0,$-50,$-85,$0,$-42
20,2013-09-30,29.17,$22.27,1.31,$22.16,1.32,$-3.98,0.0,$2.29,12.74,$0.24B,$0.14B,1.68,$1.00B,$0.89B,1.12,$0.89B,$0.61B,68.05%,$0.89B,$0.17B,19.46%,$0.89B,$0.17B,19.46%,$0.89B,$0.31B,34.87%,$0.89B,$0.14B,15.75%,$0.89B,$0.09B,10.46%,$0.09B,$0.89B,10.95%,$0.09B,$0.89B,10.95%,$0.09B,$2.78B,3.44%,$0.17B,$1.89B,9.36%,$283,$87,$196,$0,$31,$197,$86,$-8,$78,$27,$51,$51,$51,$122,$86,$40,40,$1.26,$1.26,$62,$47,$7,$237,$2201,$0,$0,$34,$2541,$2777,$141,$1000,$122,$1743,$1884,$66,$995,$-56,$894,$2777,$87,$105,$38,$143,$-35,$-5,$-4,$-9,$-45,$185,$-201,$0,$0,$0,$7,$7,$-2,$-196,$34,$-41,$-7,$0,$0,$-31,$-0,$-38,$-49,$0,$-31
21,2013-06-30,30.6,$21.14,1.45,$21.78,1.4,$-3.51,0.0,$2.32,13.19,$0.21B,$0.14B,1.48,$1.00B,$0.85B,1.18,$0.87B,$0.60B,69.19%,$0.87B,$0.17B,19.82%,$0.87B,$0.17B,19.82%,$0.87B,$0.31B,35.40%,$0.87B,$0.14B,16.27%,$0.87B,$0.09B,10.77%,$0.09B,$0.85B,11.28%,$0.09B,$0.85B,11.28%,$0.09B,$2.71B,3.55%,$0.17B,$1.85B,9.64%,$240,$77,$163,$0,$30,$186,$54,$-9,$45,$16,$29,$29,$29,$88,$54,$40,40,$0.73,$0.72,$12,$44,$4,$208,$2170,$0,$0,$33,$2501,$2708,$141,$1000,$117,$1719,$1860,$66,$955,$-61,$848,$2708,$37,$69,$12,$81,$-44,$-2,$3,$-23,$-66,$51,$-138,$0,$0,$0,$5,$5,$-1,$-134,$28,$-24,$4,$0,$0,$-21,$-0,$-17,$-99,$0,$-21
22,2013-03-31,28.94,$20.69,1.4,$21.50,1.35,$-2.74,0.0,$2.37,12.21,$0.20B,$0.13B,1.54,$1.00B,$0.83B,1.21,$0.86B,$0.61B,70.27%,$0.86B,$0.18B,20.44%,$0.86B,$0.18B,20.44%,$0.86B,$0.31B,36.35%,$0.86B,$0.14B,16.72%,$0.86B,$0.10B,11.15%,$0.10B,$0.83B,11.76%,$0.10B,$0.83B,11.76%,$0.10B,$2.66B,3.70%,$0.18B,$1.83B,10.15%,$177,$57,$120,$0,$25,$158,$19,$-8,$11,$3,$8,$8,$8,$54,$19,$40,40,$0.19,$0.19,$44,$44,$0,$198,$2133,$0,$0,$33,$2464,$2662,$129,$1000,$114,$1703,$1832,$66,$937,$-60,$829,$2662,$8,$35,$0,$35,$-4,$-1,$-19,$-11,$-35,$8,$-71,$0,$0,$0,$3,$3,$1,$-67,$13,$-10,$3,$0,$0,$-10,$-1,$-8,$-67,$0,$-10
23,2012-12-31,27.24,$20.61,1.32,$21.29,1.28,$-2.43,0.0,$2.26,12.05,$0.25B,$0.15B,1.62,$1.00B,$0.83B,1.21,$0.85B,$0.60B,70.57%,$0.85B,$0.17B,19.81%,$0.85B,$0.17B,19.81%,$0.85B,$0.31B,35.76%,$0.85B,$0.14B,16.06%,$0.85B,$0.09B,10.67%,$0.09B,$0.83B,11.39%,$0.09B,$0.83B,11.39%,$0.09B,$2.67B,3.58%,$0.17B,$1.83B,10.12%,$189,$63,$126,$0,$31,$175,$14,$-7,$6,$2,$5,$5,$5,$46,$14,$40,40,$0.13,$0.12,$111,$42,$0,$246,$2102,$0,$0,$32,$2423,$2669,$152,$1000,$109,$1692,$1844,$66,$939,$-66,$825,$2669,$91,$136,$34,$170,$13,$-2,$2,$2,$12,$273,$-267,$0,$0,$0,$9,$9,$-9,$-266,$384,$-246,$138,$0,$0,$-39,$-4,$96,$103,$0,$-39
24,2012-09-30,29.01,$20.75,1.4,$21.19,1.37,$-2.20,0.0,$2.27,12.78,$0.18B,$0.17B,1.01,$0.85B,$0.83B,1.02,$0.86B,$0.61B,70.91%,$0.86B,$0.17B,19.98%,$0.86B,$0.17B,19.98%,$0.86B,$0.31B,36.10%,$0.86B,$0.14B,16.12%,$0.86B,$0.09B,10.75%,$0.09B,$0.83B,11.75%,$0.09B,$0.83B,11.75%,$0.09B,$2.54B,3.72%,$0.17B,$1.68B,10.63%,$267,$73,$195,$0,$28,$181,$86,$-6,$80,$28,$52,$52,$52,$121,$86,$40,40,$1.29,$1.29,$9,$44,$0,$176,$2046,$0,$0,$31,$2367,$2543,$174,$850,$106,$1538,$1713,$66,$944,$-64,$830,$2543,$86,$104,$36,$139,$-22,$-2,$-7,$6,$-24,$202,$-199,$0,$0,$0,$7,$7,$-5,$-198,$204,$-176,$28,$0,$0,$-29,$-3,$-4,$0,$0,$-29
25,2012-06-30,27.88,$19.55,1.43,$21.92,1.27,$-2.24,0.0,$2.38,11.71,$0.18B,$0.25B,0.7,$0.82B,$0.78B,1.04,$0.90B,$0.62B,69.23%,$0.90B,$0.19B,20.85%,$0.90B,$0.19B,20.85%,$0.90B,$0.33B,36.23%,$0.90B,$0.15B,16.72%,$0.90B,$0.10B,10.93%,$0.10B,$0.78B,12.58%,$0.10B,$0.78B,12.58%,$0.10B,$2.51B,4.03%,$0.19B,$1.60B,11.72%,$228,$64,$164,$0,$29,$172,$57,$-9,$47,$16,$31,$31,$31,$92,$57,$40,40,$0.77,$0.77,$10,$42,$0,$178,$2026,$0,$0,$28,$2334,$2511,$253,$817,$105,$1477,$1729,$66,$903,$-70,$782,$2511,$34,$69,$14,$83,$-19,$-1,$-5,$5,$-26,$92,$-147,$0,$0,$0,$4,$4,$-4,$-147,$122,$-45,$77,$0,$0,$-19,$-2,$57,$2,$0,$-19
26,2012-03-31,27.1,$19.04,1.42,$21.99,1.23,$-2.57,0.0,$2.39,11.34,$0.14B,$0.22B,0.62,$0.82B,$0.76B,1.07,$0.91B,$0.62B,68.20%,$0.91B,$0.19B,20.61%,$0.91B,$0.19B,20.61%,$0.91B,$0.32B,35.53%,$0.91B,$0.15B,16.78%,$0.91B,$0.10B,10.96%,$0.10B,$0.76B,12.69%,$0.10B,$0.76B,12.69%,$0.10B,$2.45B,4.17%,$0.19B,$1.58B,11.66%,$169,$52,$117,$0,$30,$157,$12,$-8,$4,$1,$3,$3,$3,$46,$12,$40,40,$0.08,$0.08,$6,$41,$0,$139,$1996,$0,$0,$31,$2308,$2446,$224,$817,$107,$1462,$1686,$66,$882,$-70,$760,$2446,$3,$34,$2,$36,$11,$-1,$-13,$6,$-4,$35,$-85,$0,$0,$0,$2,$2,$-2,$-85,$0,$-25,$-25,$0,$0,$-9,$82,$48,$-2,$0,$-9
27,2011-12-31,28.7,$19.10,1.5,$21.92,1.31,$-2.33,0.0,$2.47,11.62,$0.16B,$0.19B,0.84,$0.82B,$0.76B,1.07,$0.92B,$0.62B,67.46%,$0.92B,$0.19B,20.67%,$0.92B,$0.19B,20.67%,$0.92B,$0.33B,35.91%,$0.92B,$0.16B,17.19%,$0.92B,$0.10B,11.32%,$0.10B,$0.76B,13.02%,$0.10B,$0.76B,13.02%,$0.10B,$2.40B,4.38%,$0.19B,$1.58B,11.65%,$192,$61,$131,$0,$33,$176,$16,$-9,$7,$1,$5,$5,$6,$50,$16,$41,42,$0.14,$0.14,$8,$40,$9,$155,$1947,$0,$0,$26,$2242,$2397,$185,$816,$105,$1451,$1637,$65,$887,$-78,$760,$2397,$104,$138,$38,$176,$-5,$-4,$4,$-37,$-29,$252,$-236,$0,$0,$0,$10,$10,$-12,$-237,$120,$-92,$29,$-87,$-87,$-27,$-0,$-85,$-71,$0,$-27
28,2011-09-30,26.41,$20.29,1.3,$21.50,1.23,$-2.36,0.0,$2.51,10.52,$0.20B,$0.19B,1.07,$0.82B,$0.81B,1.0,$0.91B,$0.62B,67.73%,$0.91B,$0.19B,20.70%,$0.91B,$0.19B,20.70%,$0.91B,$0.33B,36.01%,$0.91B,$0.16B,17.51%,$0.91B,$0.11B,11.56%,$0.11B,$0.81B,12.95%,$0.11B,$0.81B,12.95%,$0.11B,$2.39B,4.44%,$0.19B,$1.63B,11.38%,$308,$99,$209,$0,$29,$205,$102,$-10,$92,$34,$58,$58,$58,$137,$102,$41,42,$1.41,$1.40,$8,$39,$12,$200,$1911,$0,$0,$28,$2186,$2385,$187,$816,$98,$1386,$1573,$65,$891,$-36,$813,$2385,$98,$105,$40,$144,$-44,$-3,$10,$-42,$-65,$179,$-178,$0,$0,$0,$6,$6,$-9,$-180,$0,$0,$0,$-65,$-65,$-18,$13,$-70,$-71,$0,$-18
29,2011-06-30,26.41,$19.66,1.34,$20.60,1.28,$-2.59,0.0,$2.50,10.57,$0.18B,$0.15B,1.19,$0.85B,$0.82B,1.04,$0.88B,$0.60B,67.95%,$0.88B,$0.17B,19.32%,$0.88B,$0.17B,19.32%,$0.88B,$0.31B,35.23%,$0.88B,$0.14B,16.36%,$0.88B,$0.11B,12.16%,$0.11B,$0.82B,13.28%,$0.11B,$0.82B,13.28%,$0.11B,$2.37B,4.54%,$0.17B,$1.67B,10.27%,$243,$78,$165,$0,$30,$184,$58,$-8,$50,$17,$33,$33,$33,$91,$58,$42,42,$0.78,$0.78,$5,$38,$7,$181,$1907,$0,$0,$28,$2186,$2367,$153,$850,$112,$1397,$1549,$65,$841,$-31,$818,$2367,$40,$70,$8,$78,$-36,$-3,$5,$-40,$-68,$50,$-122,$0,$0,$0,$5,$5,$-6,$-123,$-31,$66,$35,$-26,$-26,$-9,$-0,$-1,$-74,$0,$-9
30,2011-03-31,24.68,$19.16,1.29,$19.69,1.25,$-2.41,0.0,$2.21,11.17,$0.18B,$0.13B,1.38,$0.85B,$0.80B,1.06,$0.85B,$0.57B,67.69%,$0.85B,$0.15B,17.92%,$0.85B,$0.15B,17.92%,$0.85B,$0.29B,34.20%,$0.85B,$0.13B,14.98%,$0.85B,$0.10B,11.32%,$0.10B,$0.80B,12.20%,$0.10B,$0.80B,12.20%,$0.10B,$2.35B,4.12%,$0.15B,$1.65B,9.45%,$176,$61,$115,$0,$25,$162,$14,$-6,$9,$2,$7,$7,$7,$52,$14,$42,43,$0.16,$0.16,$27,$38,$0,$178,$1901,$0,$0,$28,$2174,$2352,$129,$850,$133,$1421,$1550,$65,$818,$-32,$803,$2352,$7,$38,$9,$47,$2,$-2,$-7,$-17,$-31,$22,$-66,$0,$0,$0,$3,$3,$-3,$-66,$0,$-9,$-9,$-17,$-17,$0,$16,$-9,$-52,$0,$0
31,2010-12-31,22.35,$19.10,1.17,$20.20,1.11,$-2.34,0.0,$2.31,9.67,$0.23B,$0.13B,1.76,$0.85B,$0.81B,1.05,$0.88B,$0.59B,66.78%,$0.88B,$0.17B,19.29%,$0.88B,$0.17B,19.29%,$0.88B,$0.30B,34.13%,$0.88B,$0.14B,16.10%,$0.88B,$0.10B,11.42%,$0.10B,$0.81B,13.00%,$0.10B,$0.81B,13.00%,$0.10B,$2.37B,4.34%,$0.17B,$1.66B,10.67%,$181,$55,$126,$0,$29,$168,$14,$-6,$8,$0,$7,$7,$7,$47,$14,$43,43,$0.17,$0.17,$79,$36,$0,$230,$1866,$0,$0,$27,$2135,$2365,$131,$850,$132,$1423,$1554,$65,$811,$-33,$810,$2365,$101,$129,$6,$135,$-1,$1,$-10,$-5,$4,$239,$-224,$0,$0,$0,$11,$11,$-11,$-225,$148,$-140,$8,$-34,$-34,$0,$-1,$-27,$-13,$0,$0
32,2010-09-30,19.3,$18.63,1.04,$20.34,0.95,$-2.51,0.0,$2.32,8.32,$0.25B,$0.14B,1.77,$0.85B,$0.79B,1.08,$0.89B,$0.58B,65.65%,$0.89B,$0.17B,19.14%,$0.89B,$0.17B,19.14%,$0.89B,$0.30B,33.22%,$0.89B,$0.14B,16.10%,$0.89B,$0.10B,11.37%,$0.10B,$0.79B,13.51%,$0.10B,$0.79B,13.51%,$0.10B,$2.35B,4.45%,$0.17B,$1.64B,10.96%,$280,$89,$192,$0,$27,$196,$84,$-7,$77,$27,$50,$50,$60,$120,$84,$43,43,$1.40,$1.39,$67,$38,$0,$252,$1839,$0,$0,$27,$2099,$2351,$143,$850,$131,$1417,$1560,$65,$803,$-47,$791,$2351,$93,$96,$-1,$95,$-43,$-0,$-12,$-6,$-24,$164,$-172,$0,$0,$0,$8,$8,$-8,$-173,$110,$-131,$-21,$-30,$-30,$0,$35,$-16,$-25,$0,$0
33,2010-06-30,15.71,$17.18,0.91,$19.23,0.82,$-1.83,0.0,$1.69,9.29,$0.21B,$0.23B,0.91,$0.74B,$0.74B,0.99,$0.85B,$0.55B,64.78%,$0.85B,$0.15B,17.08%,$0.85B,$0.15B,17.08%,$0.85B,$0.26B,31.10%,$0.85B,$0.12B,13.90%,$0.85B,$0.08B,8.83%,$0.08B,$0.74B,10.15%,$0.08B,$0.74B,10.15%,$0.08B,$2.26B,3.36%,$0.15B,$1.48B,9.46%,$211,$70,$141,$0,$29,$171,$40,$-7,$33,$12,$22,$22,$22,$71,$40,$43,44,$0.49,$0.49,$29,$36,$0,$207,$1825,$0,$0,$25,$2053,$2260,$226,$740,$127,$1289,$1516,$65,$743,$-52,$744,$2260,$33,$60,$9,$69,$-26,$1,$-16,$-5,$-43,$60,$-126,$0,$0,$0,$5,$5,$-6,$-128,$25,$-9,$16,$-10,$-10,$0,$-0,$6,$-62,$0,$0
34,2010-03-31,16.72,$16.81,0.99,$18.93,0.88,$-0.68,0.0,$1.54,10.86,$0.22B,$0.14B,1.49,$0.82B,$0.73B,1.12,$0.84B,$0.54B,64.13%,$0.84B,$0.14B,16.39%,$0.84B,$0.14B,16.39%,$0.84B,$0.25B,30.05%,$0.84B,$0.11B,12.95%,$0.84B,$0.07B,8.08%,$0.07B,$0.73B,9.26%,$0.07B,$0.73B,9.26%,$0.07B,$2.24B,3.09%,$0.14B,$1.55B,8.93%,$204,$78,$126,$0,$26,$174,$31,$-7,$23,$12,$11,$11,$11,$61,$31,$44,44,$0.26,$0.26,$56,$37,$0,$215,$1794,$0,$0,$23,$2020,$2235,$144,$818,$125,$1358,$1503,$65,$722,$-48,$733,$2235,$11,$30,$9,$39,$-4,$1,$-15,$-6,$-24,$26,$-67,$0,$0,$0,$3,$3,$-3,$-68,$0,$0,$0,$-4,$-4,$0,$11,$7,$-35,$0,$0
35,2009-12-31,16.46,$16.51,1.0,$18.52,0.89,$0.32,52.06,$1.49,11.05,$0.25B,$0.17B,1.45,$0.81B,$0.72B,1.11,$0.83B,$0.53B,64.37%,$0.83B,$0.13B,16.06%,$0.83B,$0.13B,16.06%,$0.83B,$0.25B,29.59%,$0.83B,$0.10B,12.20%,$0.83B,$0.07B,8.09%,$0.07B,$0.72B,9.22%,$0.07B,$0.72B,9.22%,$0.07B,$2.23B,3.11%,$0.13B,$1.53B,8.66%,$193,$69,$124,$0,$29,$178,$15,$-5,$10,$2,$8,$8,$8,$43,$15,$45,45,$0.19,$0.19,$92,$38,$0,$250,$1756,$0,$0,$25,$1977,$2226,$172,$805,$123,$1332,$1503,$65,$710,$-50,$723,$2226,$67,$112,$32,$143,$26,$2,$-2,$46,$58,$269,$-261,$0,$0,$0,$9,$9,$-8,$-260,$0,$-173,$-173,$-24,$-24,$0,$189,$-9,$0,$0,$0
36,2009-09-30,14.34,$17.13,0.84,$18.92,0.76,$-1.43,0.0,$1.55,9.25,$0.30B,$0.19B,1.6,$0.82B,$0.76B,1.08,$0.85B,$0.53B,63.05%,$0.85B,$0.14B,16.53%,$0.85B,$0.14B,16.53%,$0.85B,$0.25B,29.75%,$0.85B,$0.11B,12.40%,$0.85B,$0.07B,8.26%,$0.07B,$0.76B,9.73%,$0.07B,$0.76B,9.73%,$0.07B,$2.22B,3.31%,$0.14B,$1.57B,9.15%,$241,$82,$159,$0,$26,$182,$59,$-8,$52,$18,$34,$34,$34,$89,$59,$45,45,$0.76,$0.76,$122,$38,$0,$300,$1708,$3,$0,$20,$1916,$2216,$188,$815,$121,$1274,$1461,$65,$702,$-17,$755,$2216,$59,$84,$-10,$74,$-2,$2,$-14,$66,$79,$214,$-192,$0,$0,$0,$7,$7,$-4,$-189,$0,$0,$0,$-13,$-13,$0,$18,$5,$30,$0,$0
37,2009-06-30,11.33,$16.21,0.7,$20.25,0.56,$-3.21,0.0,$1.53,7.41,$0.25B,$0.14B,1.76,$0.81B,$0.73B,1.11,$0.91B,$0.53B,58.15%,$0.91B,$0.14B,15.53%,$0.91B,$0.14B,15.53%,$0.91B,$0.25B,27.53%,$0.91B,$0.10B,11.45%,$0.91B,$0.07B,7.60%,$0.07B,$0.73B,9.74%,$0.07B,$0.73B,9.74%,$0.07B,$2.12B,3.32%,$0.14B,$1.54B,9.28%,$204,$72,$131,$0,$29,$170,$33,$-9,$24,$9,$15,$15,$15,$60,$33,$45,45,$0.34,$0.34,$84,$38,$1,$248,$1673,$2,$0,$21,$1868,$2115,$141,$809,$119,$1248,$1389,$65,$668,$-24,$726,$2115,$25,$55,$-9,$45,$3,$2,$-14,$41,$37,$111,$-129,$0,$0,$0,$5,$5,$-4,$-127,$0,$0,$0,$0,$0,$0,$8,$8,$-8,$0,$0
38,2009-03-31,11.44,$15.69,0.73,$22.05,0.52,$-4.44,0.0,$1.62,7.06,$0.25B,$0.13B,1.94,$0.81B,$0.70B,1.16,$0.99B,$0.53B,53.95%,$0.99B,$0.14B,14.47%,$0.99B,$0.14B,14.47%,$0.99B,$0.25B,25.40%,$0.99B,$0.11B,11.03%,$0.99B,$0.07B,7.39%,$0.07B,$0.70B,10.45%,$0.07B,$0.70B,10.45%,$0.07B,$2.07B,3.54%,$0.14B,$1.51B,9.47%,$190,$72,$119,$0,$26,$165,$26,$-11,$15,$5,$10,$10,$10,$53,$26,$45,45,$0.21,$0.21,$102,$38,$12,$254,$1636,$2,$0,$20,$1817,$2072,$131,$811,$118,$1239,$1369,$65,$653,$-32,$702,$2072,$10,$27,$-7,$21,$18,$2,$-24,$28,$36,$68,$-65,$0,$0,$0,$3,$3,$-2,$-65,$0,$0,$0,$0,$0,$0,$8,$8,$10,$0,$0
39,2008-12-31,14.68,$15.51,0.95,$23.10,0.64,$-4.94,0.0,$1.73,8.49,$0.29B,$0.15B,1.97,$0.81B,$0.69B,1.17,$1.04B,$0.54B,51.83%,$1.04B,$0.15B,14.07%,$1.04B,$0.15B,14.07%,$1.04B,$0.26B,24.57%,$1.04B,$0.12B,11.18%,$1.04B,$0.08B,7.42%,$0.08B,$0.69B,11.17%,$0.08B,$0.69B,11.17%,$0.08B,$2.07B,3.83%,$0.15B,$1.50B,9.97%,$212,$87,$125,$0,$29,$191,$22,$-8,$14,$3,$11,$11,$11,$50,$22,$45,45,$0.24,$0.23,$92,$40,$41,$286,$1596,$2,$0,$26,$1783,$2069,$145,$810,$120,$1230,$1375,$65,$643,$-29,$694,$2069,$78,$109,$8,$117,$-12,$-5,$-4,$-33,$-34,$170,$-240,$0,$0,$0,$24,$24,$-15,$-231,$149,$0,$149,$-9,$-9,$0,$8,$148,$87,$0,$0
40,2008-09-30,17.05,$15.92,1.07,$22.98,0.74,$-3.83,0.0,$1.80,9.47,$0.32B,$0.15B,2.09,$0.81B,$0.71B,1.14,$1.04B,$0.53B,51.11%,$1.04B,$0.14B,13.50%,$1.04B,$0.14B,13.50%,$1.04B,$0.25B,23.63%,$1.04B,$0.12B,11.09%,$1.04B,$0.08B,7.71%,$0.08B,$0.71B,11.73%,$0.08B,$0.71B,11.73%,$0.08B,$2.07B,4.09%,$0.14B,$1.52B,9.86%,$302,$148,$153,$0,$26,$242,$60,$-8,$51,$18,$33,$33,$33,$87,$60,$45,45,$0.74,$0.74,$104,$38,$62,$317,$1545,$3,$0,$33,$1748,$2065,$151,$811,$126,$1201,$1353,$65,$632,$0,$712,$2065,$67,$81,$8,$89,$-17,$-3,$-2,$-49,$-46,$114,$-173,$0,$0,$0,$22,$22,$-11,$-162,$149,$0,$149,$-9,$-9,$0,$7,$147,$99,$0,$0
41,2008-06-30,16.07,$15.32,1.05,$21.88,0.73,$-2.88,0.0,$1.85,8.69,$0.32B,$0.16B,2.05,$0.82B,$0.69B,1.19,$0.99B,$0.53B,53.12%,$0.99B,$0.14B,14.19%,$0.99B,$0.14B,14.19%,$0.99B,$0.25B,24.65%,$0.99B,$0.12B,12.17%,$0.99B,$0.08B,8.35%,$0.08B,$0.69B,12.58%,$0.08B,$0.69B,12.58%,$0.08B,$2.04B,4.37%,$0.14B,$1.50B,10.37%,$284,$148,$136,$0,$33,$250,$35,$-6,$29,$10,$19,$19,$19,$61,$35,$45,45,$0.43,$0.43,$94,$36,$66,$317,$1521,$3,$0,$28,$1725,$2042,$155,$815,$123,$1203,$1357,$65,$599,$7,$685,$2042,$34,$54,$12,$66,$-21,$-2,$16,$-41,$-53,$49,$-121,$0,$0,$0,$20,$20,$-9,$-110,$149,$0,$149,$-9,$-9,$0,$10,$150,$89,$0,$0
42,2008-03-31,17.35,$14.92,1.16,$20.30,0.85,$-1.03,0.0,$1.63,10.64,$0.18B,$0.14B,1.28,$0.67B,$0.67B,1.0,$0.93B,$0.51B,54.79%,$0.93B,$0.13B,13.67%,$0.93B,$0.13B,13.67%,$0.93B,$0.23B,24.65%,$0.93B,$0.11B,11.63%,$0.93B,$0.07B,7.97%,$0.07B,$0.67B,11.59%,$0.07B,$0.67B,11.59%,$0.07B,$1.87B,4.05%,$0.13B,$1.33B,9.84%,$240,$116,$124,$0,$29,$211,$29,$-7,$22,$7,$14,$14,$14,$57,$29,$45,45,$0.32,$0.32,$12,$35,$30,$181,$1482,$3,$0,$27,$1684,$1865,$142,$667,$120,$1057,$1199,$65,$580,$8,$666,$1865,$14,$27,$3,$30,$-2,$-1,$-5,$-2,$-3,$43,$-63,$0,$0,$0,$18,$18,$-6,$-51,$0,$0,$0,$-10,$-10,$0,$25,$16,$7,$0,$0
43,2007-12-31,20.76,$14.80,1.4,$19.06,1.09,$-0.05,0.0,$1.64,12.66,$0.20B,$0.13B,1.6,$0.66B,$0.67B,0.98,$0.88B,$0.50B,56.90%,$0.88B,$0.13B,14.60%,$0.88B,$0.13B,14.60%,$0.88B,$0.23B,26.00%,$0.88B,$0.11B,12.54%,$0.88B,$0.08B,8.55%,$0.08B,$0.67B,12.13%,$0.08B,$0.67B,12.13%,$0.08B,$1.85B,4.19%,$0.13B,$1.32B,10.16%,$211,$94,$117,$0,$28,$195,$16,$-3,$13,$-1,$14,$14,$14,$40,$16,$46,46,$0.31,$0.30,$25,$34,$29,$202,$1451,$0,$0,$28,$1652,$1854,$126,$655,$125,$1061,$1187,$65,$566,$14,$666,$1854,$75,$100,$4,$104,$2,$-3,$13,$-11,$4,$182,$-204,$0,$0,$-20,$6,$-14,$-11,$-229,$0,$0,$0,$-27,$-27,$0,$38,$11,$-35,$0,$0
44,2007-09-30,18.77,$13.85,1.36,$18.47,1.02,$2.35,7.99,$1.67,11.24,$0.22B,$0.13B,1.7,$0.66B,$0.62B,1.06,$0.86B,$0.50B,57.86%,$0.86B,$0.13B,15.37%,$0.86B,$0.13B,15.37%,$0.86B,$0.23B,27.12%,$0.86B,$0.11B,13.04%,$0.86B,$0.08B,8.96%,$0.08B,$0.62B,12.90%,$0.08B,$0.62B,12.90%,$0.08B,$1.84B,4.38%,$0.13B,$1.28B,10.75%,$259,$107,$151,$0,$25,$198,$61,$-4,$57,$21,$36,$36,$36,$87,$61,$46,46,$0.79,$0.79,$35,$34,$23,$224,$1430,$0,$0,$19,$1616,$1840,$132,$659,$124,$1085,$1217,$65,$552,$-13,$623,$1840,$61,$76,$6,$81,$-18,$-3,$4,$3,$6,$147,$-164,$0,$0,$0,$4,$4,$-7,$-167,$0,$0,$0,$-27,$-27,$0,$42,$15,$-5,$0,$0
45,2007-06-30,19.94,$13.10,1.52,$17.57,1.13,$4.68,4.26,$1.44,13.84,$0.21B,$0.12B,1.77,$0.63B,$0.60B,1.05,$0.83B,$0.49B,58.75%,$0.83B,$0.12B,14.72%,$0.83B,$0.12B,14.72%,$0.83B,$0.22B,26.78%,$0.83B,$0.10B,11.82%,$0.83B,$0.07B,8.20%,$0.07B,$0.60B,11.63%,$0.07B,$0.60B,11.63%,$0.07B,$1.75B,3.94%,$0.12B,$1.23B,10.13%,$219,$102,$117,$0,$29,$198,$21,$-6,$16,$6,$10,$10,$10,$45,$21,$46,46,$0.21,$0.21,$49,$34,$28,$212,$1365,$0,$0,$18,$1542,$1754,$120,$627,$122,$1035,$1155,$64,$516,$-15,$599,$1754,$25,$49,$-0,$49,$2,$-2,$13,$0,$14,$88,$-77,$0,$0,$0,$2,$2,$-5,$-79,$0,$0,$0,$-10,$-10,$0,$10,$0,$9,$0,$0
46,2007-03-31,21.39,$12.80,1.67,$17.15,1.25,$4.92,4.34,$1.79,11.95,$0.20B,$0.12B,1.68,$0.62B,$0.59B,1.06,$0.82B,$0.49B,59.73%,$0.82B,$0.12B,14.96%,$0.82B,$0.12B,14.96%,$0.82B,$0.22B,27.01%,$0.82B,$0.10B,11.68%,$0.82B,$0.07B,8.88%,$0.07B,$0.59B,12.56%,$0.07B,$0.59B,12.56%,$0.07B,$1.72B,4.27%,$0.12B,$1.21B,10.27%,$188,$74,$114,$0,$24,$159,$30,$-6,$24,$9,$15,$15,$15,$56,$30,$46,46,$0.33,$0.33,$59,$32,$16,$203,$1347,$0,$0,$19,$1517,$1720,$120,$623,$118,$1015,$1135,$64,$506,$-19,$585,$1720,$15,$26,$-14,$12,$10,$-1,$-11,$11,$34,$61,$-37,$0,$0,$0,$1,$1,$-2,$-38,$0,$0,$0,$-11,$-11,$0,$7,$-4,$19,$0,$0
47,2006-12-31,19.78,$12.63,1.57,$16.83,1.18,$4.84,4.08,$1.65,11.99,$0.20B,$0.11B,1.84,$0.62B,$0.58B,1.06,$0.82B,$0.49B,59.56%,$0.82B,$0.12B,14.09%,$0.82B,$0.12B,14.09%,$0.82B,$0.21B,25.98%,$0.82B,$0.09B,10.66%,$0.82B,$0.07B,8.21%,$0.07B,$0.58B,11.62%,$0.07B,$0.58B,11.62%,$0.07B,$1.72B,3.94%,$0.12B,$1.20B,9.67%,$193,$78,$115,$0,$24,$173,$20,$-5,$15,$6,$10,$10,$16,$45,$20,$48,48,$0.34,$0.34,$40,$31,$33,$204,$1332,$0,$0,$29,$1510,$1715,$111,$616,$116,$1024,$1135,$64,$489,$-18,$580,$1715,$67,$97,$12,$109,$-11,$-3,$-4,$56,$43,$218,$-125,$0,$0,$0,$1,$1,$-7,$-131,$0,$0,$0,$-59,$-59,$0,$5,$-55,$32,$0,$0
