,Date,Stock Price,Book Value per Share,Price to Book Ratio,TTM Sales per Share,Price to Sales Ratio,TTM FCF per Share,Price to FCF Ratio,TTM Net EPS,PE Ratio,Current Assets,Current Liabilities,Current Ratio,Long Term Debt,Shareholder's Equity_x,Debt to Equity Ratio,TTM Revenue_x,TTM Gross Profit,Gross Margin,TTM Revenue_y,TTM Operating Income,Operating Margin,TTM Revenue_x,TTM EBIT,EBIT Margin,TTM Revenue_y,TTM EBITDA,EBITDA Margin,TTM Revenue_x,TTM Pre-Tax Income,Pre-Tax Margin,TTM Revenue_y,TTM Net Income_x,Net Margin,TTM Net Income_y,Shareholder's Equity_y,Return on Equity,TTM Net Income_x,Tangible Equity,Return on Tangible Equity,TTM Net Income_y,Total Assets,Return on Assets,TTM Net Income,LT Investments & Debt,Return on Investment,revenue,cost-goods-sold,gross-profit,research-development-expenses,selling-general-administrative-expenses,operating-expenses,operating-income,total-non-operating-income-expense,pre-tax-income,total-provision-income-taxes,income-after-taxes,income-from-continuous-operations,net-income,ebitda,ebit,basic-shares-outstanding,shares-outstanding,eps-basic-net-earnings-per-share,eps-earnings-per-share-diluted,cash-on-hand,inventory,other-current-assets,total-current-assets,net-property-plant-equipment,long-term-investments,goodwill-intangible-assets-total,other-long-term-assets,total-long-term-assets,total-assets,total-current-liabilities,long-term-debt,other-non-current-liabilities,total-long-term-liabilities,total-liabilities,common-stock-net,retained-earnings-accumulated-deficit,comprehensive-income,total-share-holder-equity,total-liabilities-share-holders-equity,net-income-loss,total-depreciation-amortization-cash-flow,other-non-cash-items,total-non-cash-items,change-in-accounts-receivable,change-in-inventories,change-in-accounts-payable,change-in-assets-liabilities,total-change-in-assets-liabilities,cash-flow-from-operating-activities,net-change-in-property-plant-equipment,net-change-in-intangible-assets,net-acquisitions-divestitures,net-change-in-short-term-investments,net-change-in-long-term-investments,net-change-in-investments-total,investing-activities-other,cash-flow-from-investing-activities,net-long-term-debt,net-current-debt,debt-issuance-retirement-net-total,net-common-equity-issued-repurchased,net-total-equity-issued-repurchased,total-common-preferred-stock-dividends-paid,financial-activities-other,cash-flow-from-financial-activities,net-cash-flow,stock-based-compensation,common-stock-dividends-paid
0,2018-09-30,16.01,$20.45,0.78,$4.02,3.99,$-39.85,0.0,$1.81,8.85,$0.81B,$0.45B,1.8,$1.93B,$0.62B,3.12,$0.12B,$0.12B,93.50%,$0.12B,$0.09B,72.36%,$0.12B,$0.09B,72.36%,$0.12B,$0.14B,109.76%,$0.12B,$0.06B,47.15%,$0.12B,$0.06B,45.53%,$0.06B,$0.62B,9.10%,$0.06B,$0.62B,9.10%,$0.06B,$3.72B,1.65%,$0.09B,$2.54B,3.88%,$36,$2,$34,$0,$4,$9,$27,$-20,$7,$0,$7,$7,$7,$40,$27,$30,30,$0.22,$0.22,$54,$0,$0,$809,$0,$0,$0,$2906,$2906,$3715,$449,$1925,$724,$2648,$3098,$583,$0,$0,$617,$3715,$51,$35,$-628,$-592,$-208,$0,$0,$327,$120,$-421,$0,$0,$0,$0,$0,$0,$0,$0,$56,$427,$483,$-18,$-18,$-38,$0,$427,$6,$0,$-38
1,2018-06-30,15.61,$20.34,0.77,$3.51,4.45,$-29.75,0.0,$1.78,8.77,$0.75B,$0.45B,1.66,$1.70B,$0.61B,2.78,$0.11B,$0.10B,92.66%,$0.11B,$0.08B,71.56%,$0.11B,$0.08B,71.56%,$0.11B,$0.12B,108.26%,$0.11B,$0.06B,53.21%,$0.11B,$0.06B,50.46%,$0.06B,$0.61B,8.89%,$0.06B,$0.61B,8.89%,$0.06B,$3.67B,1.75%,$0.08B,$2.32B,3.69%,$33,$2,$31,$0,$3,$9,$24,$-2,$22,$0,$22,$22,$21,$37,$24,$30,30,$0.69,$0.69,$22,$0,$0,$745,$0,$0,$0,$2927,$2927,$3672,$447,$1703,$908,$2611,$3059,$589,$0,$0,$613,$3672,$44,$23,$-374,$-351,$-223,$0,$0,$306,$83,$-224,$0,$0,$0,$0,$0,$0,$0,$0,$38,$212,$250,$-18,$-18,$-26,$-8,$199,$-25,$0,$-26
2,2018-03-31,14.44,$20.07,0.72,$3.12,4.63,$-25.93,0.0,$1.25,11.55,$0.64B,$0.26B,2.5,$1.60B,$0.61B,2.63,$0.10B,$0.09B,90.91%,$0.10B,$0.07B,70.71%,$0.10B,$0.07B,70.71%,$0.10B,$0.11B,110.10%,$0.10B,$0.04B,41.41%,$0.10B,$0.04B,39.39%,$0.04B,$0.61B,6.24%,$0.04B,$0.61B,6.24%,$0.04B,$3.20B,1.33%,$0.07B,$2.21B,3.51%,$29,$2,$27,$0,$2,$7,$22,$-0,$21,$0,$21,$21,$21,$32,$22,$31,31,$0.67,$0.67,$26,$0,$0,$644,$0,$0,$0,$2553,$2553,$3196,$258,$1601,$727,$2329,$2586,$584,$0,$0,$610,$3196,$21,$10,$-247,$-237,$-26,$0,$0,$116,$91,$-125,$0,$0,$0,$0,$0,$0,$0,$0,$14,$896,$910,$-14,$-14,$-13,$-780,$103,$-22,$0,$-13
3,2017-12-31,13.75,$19.82,0.69,$2.92,4.7,$-25.23,0.0,$1.05,13.09,$0.66B,$0.22B,3.07,$1.48B,$0.62B,2.38,$0.09B,$0.08B,89.36%,$0.09B,$0.07B,70.21%,$0.09B,$0.07B,70.21%,$0.09B,$0.10B,105.32%,$0.09B,$0.04B,38.30%,$0.09B,$0.03B,35.11%,$0.03B,$0.62B,5.19%,$0.03B,$0.62B,5.19%,$0.03B,$2.99B,1.15%,$0.07B,$2.10B,3.48%,$25,$2,$23,$0,$2,$9,$16,$-8,$8,$0,$8,$8,$7,$26,$16,$32,32,$0.22,$0.22,$48,$0,$0,$664,$0,$0,$0,$2329,$2329,$2993,$216,$1477,$679,$2156,$2372,$590,$0,$0,$621,$2993,$36,$33,$-544,$-511,$-10,$0,$0,$22,$13,$-463,$0,$0,$0,$0,$0,$0,$0,$0,$275,$174,$449,$-15,$-15,$-58,$10,$387,$-76,$0,$-58
4,2017-09-30,14.56,$19.68,0.74,$2.77,5.26,$-8.67,0.0,$0.87,16.74,$0.72B,$0.19B,3.9,$1.20B,$0.63B,1.91,$0.09B,$0.08B,87.78%,$0.09B,$0.06B,70.00%,$0.09B,$0.06B,70.00%,$0.09B,$0.09B,102.22%,$0.09B,$0.03B,33.33%,$0.09B,$0.03B,31.11%,$0.03B,$0.63B,4.36%,$0.03B,$0.63B,4.36%,$0.03B,$2.73B,1.03%,$0.06B,$1.83B,3.51%,$22,$2,$20,$0,$3,$6,$16,$-9,$7,$0,$7,$7,$6,$23,$16,$32,32,$0.19,$0.19,$112,$0,$0,$719,$0,$0,$0,$2008,$2008,$2727,$185,$1204,$708,$1912,$2097,$605,$0,$0,$630,$2727,$28,$23,$-172,$-149,$-65,$0,$0,$62,$-3,$-124,$0,$0,$0,$0,$0,$0,$0,$0,$160,$-4,$156,$-5,$-5,$-44,$5,$112,$-12,$0,$-44
5,2017-06-30,14.53,$19.84,0.73,$2.61,5.57,$0.22,67.58,$0.70,20.76,$0.68B,$0.24B,2.86,$1.21B,$0.64B,1.9,$0.09B,$0.07B,87.06%,$0.09B,$0.06B,68.24%,$0.09B,$0.06B,68.24%,$0.09B,$0.09B,103.53%,$0.09B,$0.02B,28.24%,$0.09B,$0.02B,27.06%,$0.02B,$0.64B,3.54%,$0.02B,$0.64B,3.54%,$0.02B,$2.80B,0.85%,$0.06B,$1.84B,3.30%,$23,$2,$20,$0,$2,$7,$16,$-11,$5,$0,$5,$5,$5,$28,$16,$32,32,$0.16,$0.16,$135,$0,$0,$682,$0,$0,$0,$2115,$2115,$2797,$239,$1207,$714,$1922,$2160,$616,$0,$0,$637,$2797,$21,$16,$-191,$-175,$-120,$0,$0,$158,$39,$-115,$0,$0,$0,$0,$0,$0,$0,$0,$70,$86,$155,$-3,$-3,$-30,$3,$126,$11,$0,$-30
6,2017-03-31,13.82,$20.35,0.68,$2.51,5.5,$6.52,2.12,$0.69,20.03,$0.71B,$0.33B,2.19,$1.15B,$0.65B,1.75,$0.08B,$0.07B,86.59%,$0.08B,$0.06B,67.07%,$0.08B,$0.06B,67.07%,$0.08B,$0.08B,96.34%,$0.08B,$0.02B,29.27%,$0.08B,$0.02B,28.05%,$0.02B,$0.65B,3.48%,$0.02B,$0.65B,3.48%,$0.02B,$2.93B,0.86%,$0.06B,$1.80B,3.17%,$24,$2,$21,$0,$2,$6,$18,$-2,$16,$0,$16,$16,$15,$22,$18,$32,32,$0.47,$0.47,$105,$0,$0,$713,$0,$0,$0,$2218,$2218,$2931,$326,$1148,$802,$1950,$2277,$626,$0,$0,$654,$2931,$16,$4,$-164,$-160,$-217,$0,$0,$254,$37,$-108,$0,$0,$0,$0,$0,$0,$0,$0,$42,$3050,$3092,$-2,$-2,$-15,$-2987,$89,$-19,$0,$-15
7,2016-12-31,13.17,$19.97,0.66,$2.44,5.4,$9.29,1.42,$-0.47,0.0,$0.66B,$0.11B,6.19,$1.06B,$0.65B,1.64,$0.08B,$0.07B,86.25%,$0.08B,$0.05B,65.00%,$0.08B,$0.05B,65.00%,$0.08B,$0.08B,95.00%,$0.08B,$-0.02B,-18.75%,$0.08B,$-0.02B,-18.75%,$-0.02B,$0.65B,-2.24%,$-0.02B,$0.65B,-2.24%,$-0.02B,$2.41B,-0.56%,$0.05B,$1.70B,2.97%,$21,$2,$18,$0,$3,$7,$13,$-12,$2,$0,$2,$2,$2,$19,$13,$33,33,$0.04,$0.04,$124,$0,$0,$663,$0,$0,$0,$1751,$1751,$2413,$107,$1058,$604,$1661,$1768,$628,$0,$0,$645,$2413,$-16,$25,$9,$33,$180,$0,$0,$-128,$52,$70,$0,$0,$0,$0,$0,$0,$0,$0,$41,$-92,$-51,$-14,$-14,$-65,$0,$-130,$-61,$0,$-65
8,2016-09-30,13.76,$20.38,0.68,$2.53,5.44,$26.73,0.51,$-0.47,0.0,$0.88B,$0.25B,3.45,$1.02B,$0.67B,1.53,$0.08B,$0.07B,86.75%,$0.08B,$0.06B,67.47%,$0.08B,$0.06B,67.47%,$0.08B,$0.09B,106.02%,$0.08B,$-0.02B,-18.07%,$0.08B,$-0.02B,-18.07%,$-0.02B,$0.67B,-2.16%,$-0.02B,$0.67B,-2.16%,$-0.02B,$2.65B,-0.53%,$0.06B,$1.68B,3.10%,$17,$2,$15,$0,$2,$7,$11,$-10,$1,$0,$1,$1,$1,$19,$11,$33,33,$0.02,$0.02,$185,$0,$0,$875,$0,$0,$0,$1777,$1777,$2652,$253,$1015,$719,$1734,$1987,$646,$0,$0,$665,$2652,$-18,$19,$122,$141,$86,$0,$0,$-45,$40,$164,$0,$0,$0,$0,$0,$0,$0,$0,$31,$-142,$-111,$-9,$-9,$-50,$2,$-168,$-4,$0,$-50
9,2016-06-30,13.75,$20.74,0.66,$2.80,4.9,$33.36,0.41,$-0.38,0.0,$0.88B,$0.30B,2.93,$1.08B,$0.68B,1.6,$0.09B,$0.08B,87.10%,$0.09B,$0.07B,70.97%,$0.09B,$0.07B,70.97%,$0.09B,$0.09B,101.08%,$0.09B,$-0.01B,-12.90%,$0.09B,$-0.01B,-12.90%,$-0.01B,$0.68B,-1.67%,$-0.01B,$0.68B,-1.67%,$-0.01B,$2.75B,-0.40%,$0.07B,$1.76B,3.44%,$20,$3,$17,$0,$3,$7,$13,$-8,$5,$0,$5,$5,$5,$19,$13,$33,33,$0.15,$0.15,$144,$0,$0,$880,$0,$0,$0,$1873,$1873,$2753,$300,$1083,$691,$1774,$2074,$664,$0,$0,$679,$2753,$-18,$10,$-20,$-9,$160,$0,$0,$-42,$117,$89,$0,$0,$0,$0,$0,$0,$0,$0,$13,$-104,$-91,$-7,$-7,$-34,$-2,$-133,$-44,$0,$-34
10,2016-03-31,13.59,$21.08,0.64,$2.99,4.54,$41.50,0.33,$-0.14,0.0,$0.94B,$0.24B,3.95,$1.17B,$0.70B,1.69,$0.10B,$0.09B,88.00%,$0.10B,$0.07B,74.00%,$0.10B,$0.07B,74.00%,$0.10B,$0.10B,96.00%,$0.10B,$-0.00B,-4.00%,$0.10B,$-0.00B,-4.00%,$-0.00B,$0.70B,-0.54%,$-0.00B,$0.70B,-0.54%,$-0.00B,$2.90B,-0.13%,$0.07B,$1.87B,3.68%,$22,$3,$19,$0,$2,$7,$15,$-38,$-23,$0,$-23,$-23,$-23,$19,$15,$33,33,$-0.69,$-0.69,$147,$0,$0,$938,$0,$0,$0,$1965,$1965,$2903,$237,$1172,$798,$1971,$2208,$680,$0,$0,$695,$2903,$-23,$4,$13,$16,$80,$0,$0,$-92,$-12,$-19,$0,$0,$0,$0,$0,$0,$0,$0,$23,$-25,$-2,$-3,$-3,$-17,$-1,$-23,$-42,$0,$-17
11,2015-12-31,12.73,$22.31,0.57,$3.13,4.07,$52.18,0.24,$1.12,11.36,$1.04B,$0.29B,3.59,$1.17B,$0.74B,1.59,$0.11B,$0.09B,88.57%,$0.11B,$0.08B,75.24%,$0.11B,$0.08B,75.24%,$0.11B,$0.10B,96.19%,$0.11B,$0.04B,36.19%,$0.11B,$0.04B,36.19%,$0.04B,$0.74B,4.97%,$0.04B,$0.74B,4.97%,$0.04B,$2.99B,1.13%,$0.08B,$1.91B,3.78%,$24,$3,$21,$0,$3,$7,$17,$-15,$2,$0,$2,$2,$2,$31,$17,$33,33,$0.05,$0.05,$189,$0,$0,$1036,$0,$0,$0,$1955,$1955,$2992,$288,$1174,$790,$1964,$2253,$722,$0,$0,$739,$2992,$38,$22,$-162,$-140,$598,$0,$0,$156,$756,$654,$0,$0,$0,$0,$0,$0,$0,$0,$-1,$-495,$-496,$-6,$-6,$-83,$1,$-584,$70,$0,$-83
12,2015-09-30,13.19,$22.69,0.58,$3.44,3.83,$11.00,1.2,$1.15,11.47,$1.22B,$0.13B,9.2,$1.37B,$0.76B,1.81,$0.11B,$0.10B,89.09%,$0.11B,$0.08B,76.36%,$0.11B,$0.08B,76.36%,$0.11B,$0.09B,80.91%,$0.11B,$0.04B,35.45%,$0.11B,$0.04B,35.45%,$0.04B,$0.76B,5.02%,$0.04B,$0.76B,5.02%,$0.04B,$3.32B,1.09%,$0.08B,$2.13B,3.77%,$27,$3,$24,$0,$2,$6,$21,$-17,$4,$0,$4,$4,$4,$25,$21,$33,33,$0.12,$0.12,$145,$0,$0,$1217,$0,$0,$0,$2107,$2107,$3324,$132,$1373,$1060,$2433,$2566,$742,$0,$0,$758,$3324,$37,$8,$-23,$-15,$386,$0,$0,$-18,$368,$389,$0,$0,$0,$0,$0,$0,$0,$0,$-0,$-297,$-297,$-1,$-1,$-66,$-0,$-364,$25,$0,$-66
13,2015-06-30,13.18,$23.23,0.57,$3.45,3.82,$-13.09,0.0,$1.50,8.79,$1.44B,$0.11B,13.4,$1.36B,$0.78B,1.75,$0.11B,$0.09B,86.79%,$0.11B,$0.08B,73.58%,$0.11B,$0.08B,73.58%,$0.11B,$0.08B,73.58%,$0.11B,$0.05B,45.28%,$0.11B,$0.05B,45.28%,$0.05B,$0.78B,6.07%,$0.05B,$0.78B,6.07%,$0.05B,$3.48B,1.27%,$0.08B,$2.14B,3.47%,$27,$3,$24,$0,$2,$6,$21,$-7,$13,$0,$13,$13,$13,$21,$21,$33,33,$0.39,$0.39,$124,$0,$0,$1444,$0,$0,$0,$2031,$2031,$3475,$108,$1361,$1229,$2590,$2698,$761,$0,$0,$777,$3475,$33,$4,$158,$162,$167,$0,$0,$2,$169,$363,$0,$0,$0,$0,$0,$0,$0,$0,$-0,$-309,$-309,$0,$0,$-44,$-0,$-353,$10,$0,$-44
14,2015-03-31,13.73,$23.48,0.58,$3.48,3.95,$-22.04,0.0,$1.92,7.15,$1.39B,$0.16B,8.82,$1.40B,$0.79B,1.78,$0.10B,$0.09B,87.00%,$0.10B,$0.07B,72.00%,$0.10B,$0.07B,72.00%,$0.10B,$0.07B,70.00%,$0.10B,$0.06B,56.00%,$0.10B,$0.06B,56.00%,$0.06B,$0.79B,7.42%,$0.06B,$0.79B,7.42%,$0.06B,$3.60B,1.54%,$0.07B,$2.18B,3.32%,$27,$3,$24,$0,$2,$6,$20,$-1,$19,$0,$19,$19,$19,$24,$20,$33,33,$0.57,$0.57,$156,$0,$0,$1387,$0,$0,$0,$2216,$2216,$3603,$157,$1397,$1264,$2660,$2818,$770,$0,$0,$785,$3603,$19,$3,$114,$117,$139,$0,$0,$61,$201,$338,$0,$0,$0,$0,$0,$0,$0,$0,$-0,$-273,$-273,$0,$0,$-22,$-0,$-296,$42,$0,$-22
15,2014-12-31,13.34,$23.57,0.57,$3.59,3.71,$-29.32,0.0,$2.23,5.98,$1.50B,$0.13B,11.61,$1.67B,$0.79B,2.12,$0.09B,$0.08B,87.23%,$0.09B,$0.07B,73.40%,$0.09B,$0.07B,73.40%,$0.09B,$0.06B,62.77%,$0.09B,$0.06B,63.83%,$0.09B,$0.06B,62.77%,$0.06B,$0.79B,8.25%,$0.06B,$0.79B,8.25%,$0.06B,$3.95B,1.70%,$0.07B,$2.46B,3.33%,$29,$3,$26,$0,$3,$7,$22,$-19,$3,$0,$3,$3,$3,$19,$22,$28,28,$-0.06,$-0.06,$114,$0,$0,$1499,$0,$0,$0,$2447,$2447,$3945,$129,$1670,$1357,$3028,$3157,$773,$0,$0,$789,$3945,$60,$-9,$15,$6,$-512,$0,$0,$-158,$-670,$-604,$0,$0,$0,$0,$0,$0,$0,$0,$-0,$433,$433,$188,$188,$-86,$-0,$535,$-69,$0,$-86
16,2014-09-30,14.33,$24.28,0.59,$3.54,4.05,$-18.08,0.0,$2.73,5.25,$1.52B,$0.60B,2.54,$1.40B,$0.81B,1.72,$0.09B,$0.07B,82.95%,$0.09B,$0.06B,71.59%,$0.09B,$0.06B,71.59%,$0.09B,$0.05B,59.09%,$0.09B,$0.07B,81.82%,$0.09B,$0.07B,81.82%,$0.07B,$0.81B,10.67%,$0.07B,$0.81B,10.67%,$0.07B,$4.08B,2.23%,$0.06B,$2.21B,3.27%,$23,$4,$18,$0,$2,$8,$15,$-2,$13,$0,$13,$13,$13,$14,$15,$27,27,$0.46,$0.46,$129,$0,$0,$1517,$0,$0,$0,$2558,$2558,$4075,$597,$1396,$1269,$2665,$3262,$796,$0,$0,$812,$4075,$57,$-6,$-322,$-328,$-386,$0,$0,$315,$-71,$-342,$0,$0,$0,$0,$0,$0,$0,$0,$-0,$159,$159,$188,$188,$-60,$0,$287,$-54,$0,$-60
17,2014-06-30,15.02,$24.81,0.61,$3.66,4.1,$-20.16,0.0,$2.72,5.52,$1.07B,$0.20B,5.36,$1.19B,$0.63B,1.89,$0.09B,$0.08B,84.27%,$0.09B,$0.07B,74.16%,$0.09B,$0.07B,74.16%,$0.09B,$0.05B,56.18%,$0.09B,$0.07B,79.78%,$0.09B,$0.07B,79.78%,$0.07B,$0.63B,11.28%,$0.07B,$0.63B,11.28%,$0.07B,$2.92B,2.38%,$0.07B,$1.82B,3.54%,$21,$2,$19,$0,$2,$6,$15,$6,$21,$0,$21,$21,$21,$13,$15,$25,25,$0.81,$0.81,$145,$0,$0,$1068,$0,$0,$0,$1853,$1853,$2921,$199,$1190,$901,$2091,$2290,$615,$0,$0,$631,$2921,$44,$-6,$-7,$-12,$66,$0,$0,$-50,$17,$48,$0,$0,$0,$0,$0,$0,$0,$0,$-0,$-47,$-47,$0,$0,$-40,$1,$-87,$-38,$0,$-40
18,2014-03-31,14.44,$24.77,0.58,$3.72,3.88,$-35.84,0.0,$2.40,6.02,$1.00B,$0.27B,3.73,$1.18B,$0.63B,1.87,$0.09B,$0.07B,82.95%,$0.09B,$0.07B,75.00%,$0.09B,$0.07B,75.00%,$0.09B,$0.05B,52.27%,$0.09B,$0.06B,70.45%,$0.09B,$0.06B,69.32%,$0.06B,$0.63B,9.67%,$0.06B,$0.63B,9.67%,$0.06B,$2.92B,2.08%,$0.07B,$1.81B,3.49%,$21,$2,$19,$0,$2,$5,$17,$6,$23,$0,$23,$23,$22,$13,$17,$23,23,$0.88,$0.88,$170,$0,$0,$1003,$0,$0,$0,$1921,$1921,$2924,$269,$1177,$848,$2025,$2294,$614,$0,$0,$630,$2924,$23,$-4,$-62,$-66,$48,$0,$0,$60,$109,$66,$0,$0,$0,$0,$0,$0,$0,$0,$-0,$0,$-0,$0,$0,$-20,$-59,$-79,$-13,$0,$-20
19,2013-12-31,13.32,$24.62,0.54,$3.70,3.6,$-39.97,0.0,$3.46,3.85,$1.07B,$0.22B,4.81,$1.24B,$0.63B,1.98,$0.09B,$0.07B,80.00%,$0.09B,$0.06B,72.94%,$0.09B,$0.06B,72.94%,$0.09B,$0.04B,48.24%,$0.09B,$0.08B,94.12%,$0.09B,$0.08B,92.94%,$0.08B,$0.63B,13.08%,$0.08B,$0.63B,13.08%,$0.08B,$2.98B,2.84%,$0.06B,$1.86B,3.42%,$23,$5,$17,$0,$2,$7,$16,$-0,$15,$0,$15,$15,$16,$12,$16,$24,24,$0.40,$0.40,$183,$0,$0,$1066,$0,$0,$0,$1909,$1909,$2975,$222,$1237,$890,$2128,$2349,$611,$0,$0,$626,$2975,$79,$-19,$-93,$-112,$-272,$0,$0,$60,$-212,$-244,$0,$0,$0,$0,$0,$0,$0,$0,$-0,$330,$330,$126,$126,$-92,$5,$369,$124,$0,$-92
20,2013-09-30,12.78,$24.78,0.52,$3.66,3.49,$-32.48,0.0,$4.07,3.14,$1.18B,$0.25B,4.66,$1.35B,$0.63B,2.14,$0.08B,$0.06B,73.42%,$0.08B,$0.05B,65.82%,$0.08B,$0.05B,65.82%,$0.08B,$0.03B,39.24%,$0.08B,$0.09B,113.92%,$0.08B,$0.09B,110.13%,$0.09B,$0.63B,15.16%,$0.09B,$0.63B,15.16%,$0.09B,$3.12B,3.37%,$0.05B,$1.98B,3.06%,$24,$4,$20,$0,$2,$6,$18,$-6,$12,$0,$12,$12,$12,$12,$18,$25,25,$0.45,$0.45,$187,$0,$0,$1179,$0,$0,$0,$1944,$1944,$3123,$253,$1346,$894,$2240,$2493,$616,$0,$0,$630,$3123,$64,$-15,$-199,$-214,$-328,$0,$0,$108,$-219,$-369,$0,$0,$0,$0,$0,$0,$0,$0,$-0,$0,$-0,$126,$126,$-72,$444,$497,$128,$0,$-72
21,2013-06-30,12.53,$25.10,0.5,$3.56,3.52,$-7.74,0.0,$5.21,2.4,$0.92B,$0.17B,5.3,$1.29B,$0.64B,2.02,$0.07B,$0.04B,60.00%,$0.07B,$0.04B,52.86%,$0.07B,$0.04B,52.86%,$0.07B,$0.02B,25.71%,$0.07B,$0.11B,154.29%,$0.07B,$0.10B,148.57%,$0.10B,$0.64B,19.22%,$0.10B,$0.64B,19.22%,$0.10B,$2.73B,4.59%,$0.04B,$1.93B,2.47%,$20,$4,$17,$0,$2,$6,$15,$-3,$12,$0,$12,$12,$11,$9,$15,$23,23,$0.49,$0.49,$202,$0,$0,$922,$0,$0,$0,$1806,$1806,$2728,$174,$1289,$627,$1917,$2091,$624,$0,$0,$638,$2728,$52,$-10,$-333,$-343,$-74,$0,$0,$47,$-27,$-317,$0,$0,$0,$0,$0,$0,$0,$0,$-0,$0,$-0,$126,$126,$-52,$387,$460,$143,$0,$-52
22,2013-03-31,13.18,$25.51,0.52,$3.66,3.6,$6.97,1.89,$5.36,2.46,$0.67B,$0.16B,4.18,$0.97B,$0.52B,1.86,$0.07B,$0.04B,56.06%,$0.07B,$0.03B,50.00%,$0.07B,$0.03B,50.00%,$0.07B,$0.02B,25.76%,$0.07B,$0.11B,162.12%,$0.07B,$0.10B,157.58%,$0.10B,$0.52B,21.66%,$0.10B,$0.52B,21.66%,$0.10B,$2.32B,5.03%,$0.03B,$1.49B,2.47%,$18,$4,$14,$0,$2,$6,$13,$28,$41,$0,$41,$41,$40,$8,$13,$20,20,$1.94,$1.94,$65,$0,$0,$674,$0,$0,$0,$1643,$1643,$2317,$161,$966,$668,$1635,$1796,$507,$0,$0,$521,$2317,$41,$-5,$-113,$-117,$-11,$0,$0,$61,$50,$-27,$0,$0,$0,$0,$0,$0,$0,$0,$-0,$0,$-0,$0,$0,$-32,$64,$32,$6,$0,$-32
23,2012-12-31,11.27,$24.86,0.45,$3.71,3.04,$6.37,1.77,$5.32,2.12,$0.69B,$0.10B,6.78,$0.91B,$0.51B,1.79,$0.06B,$0.04B,57.81%,$0.06B,$0.03B,51.56%,$0.06B,$0.03B,51.56%,$0.06B,$0.02B,29.69%,$0.06B,$0.10B,153.13%,$0.06B,$0.10B,148.44%,$0.10B,$0.51B,21.16%,$0.10B,$0.51B,21.16%,$0.10B,$2.15B,4.74%,$0.03B,$1.41B,2.55%,$17,$9,$7,$0,$2,$11,$6,$19,$25,$0,$25,$25,$24,$2,$6,$18,18,$1.18,$1.18,$59,$0,$0,$686,$0,$0,$0,$1466,$1466,$2152,$101,$907,$638,$1545,$1646,$497,$0,$0,$506,$2152,$97,$-13,$54,$41,$-91,$0,$0,$-99,$-190,$-51,$0,$0,$0,$0,$0,$0,$0,$0,$1,$0,$1,$85,$85,$-47,$9,$48,$-4,$0,$-47
24,2012-09-30,11.1,$24.34,0.46,$3.72,2.99,$6.37,1.74,$4.23,2.62,$0.59B,$0.23B,2.62,$0.66B,$0.50B,1.33,$0.06B,$0.04B,70.97%,$0.06B,$0.04B,64.52%,$0.06B,$0.04B,64.52%,$0.06B,$0.03B,46.77%,$0.06B,$0.08B,120.97%,$0.06B,$0.07B,117.74%,$0.07B,$0.50B,17.58%,$0.07B,$0.50B,17.58%,$0.07B,$1.87B,3.72%,$0.04B,$1.16B,3.18%,$15,$11,$4,$0,$1,$13,$3,$27,$30,$0,$30,$30,$29,$-1,$3,$18,18,$1.59,$1.59,$69,$0,$0,$594,$0,$0,$0,$1271,$1271,$1865,$227,$662,$477,$1139,$1366,$490,$0,$0,$499,$1865,$72,$-9,$87,$78,$11,$0,$0,$24,$35,$185,$0,$0,$0,$0,$0,$0,$0,$0,$1,$0,$1,$88,$88,$-33,$-236,$-179,$6,$0,$-33
25,2012-06-30,9.98,$24.03,0.42,$3.81,2.62,$-7.73,0.0,$2.57,3.88,$0.66B,$0.14B,4.84,$0.89B,$0.40B,2.24,$0.06B,$0.05B,85.71%,$0.06B,$0.05B,79.37%,$0.06B,$0.05B,79.37%,$0.06B,$0.04B,63.49%,$0.06B,$0.04B,69.84%,$0.06B,$0.04B,68.25%,$0.04B,$0.40B,11.18%,$0.04B,$0.40B,11.18%,$0.04B,$1.94B,2.05%,$0.05B,$1.28B,3.90%,$16,$4,$12,$0,$1,$5,$11,$-0,$11,$0,$11,$11,$11,$8,$11,$16,16,$0.64,$0.64,$48,$0,$0,$660,$0,$0,$0,$1280,$1280,$1940,$136,$885,$523,$1408,$1544,$386,$0,$0,$395,$1940,$43,$-5,$149,$144,$-100,$0,$0,$-71,$-171,$15,$0,$0,$0,$0,$0,$0,$0,$0,$1,$0,$1,$0,$0,$-19,$-13,$-30,$-15,$0,$-19
26,2012-03-31,8.92,$24.09,0.37,$3.85,2.32,$-7.76,0.0,$1.85,4.82,$0.69B,$0.14B,4.95,$0.92B,$0.40B,2.33,$0.06B,$0.06B,89.06%,$0.06B,$0.05B,82.81%,$0.06B,$0.05B,82.81%,$0.06B,$0.04B,67.19%,$0.06B,$0.03B,50.00%,$0.06B,$0.03B,48.44%,$0.03B,$0.40B,8.11%,$0.03B,$0.40B,8.11%,$0.03B,$2.07B,1.47%,$0.05B,$1.32B,4.21%,$16,$1,$14,$0,$1,$3,$13,$19,$32,$0,$32,$32,$31,$10,$13,$16,16,$1.90,$1.90,$52,$0,$0,$694,$0,$0,$0,$1373,$1373,$2067,$140,$923,$607,$1530,$1670,$387,$0,$0,$396,$2067,$32,$-2,$116,$113,$-106,$0,$0,$-70,$-177,$-31,$0,$0,$0,$0,$0,$0,$0,$0,$1,$0,$1,$0,$0,$-7,$25,$20,$-11,$0,$-7
27,2011-12-31,7.67,$22.55,0.34,$3.85,1.99,$-11.56,0.0,$0.61,12.57,$0.60B,$0.21B,2.82,$0.90B,$0.37B,2.42,$0.06B,$0.06B,89.06%,$0.06B,$0.05B,81.25%,$0.06B,$0.05B,81.25%,$0.06B,$0.04B,65.63%,$0.06B,$0.01B,17.19%,$0.06B,$0.01B,17.19%,$0.01B,$0.37B,2.88%,$0.01B,$0.37B,2.88%,$0.01B,$1.97B,0.49%,$0.05B,$1.27B,4.15%,$15,$1,$14,$0,$1,$3,$13,$-11,$2,$0,$2,$2,$2,$12,$13,$16,16,$0.10,$0.10,$63,$0,$0,$596,$0,$0,$0,$1372,$1372,$1968,$211,$896,$489,$1386,$1597,$362,$0,$0,$371,$1968,$10,$-9,$-165,$-174,$275,$0,$0,$-158,$117,$-47,$0,$0,$0,$0,$0,$0,$0,$0,$0,$0,$0,$-1,$-1,$-42,$118,$74,$27,$0,$-42
28,2011-09-30,7.5,$22.84,0.33,$3.84,1.95,$-35.50,0.0,$1.32,5.68,$0.93B,$0.55B,1.7,$0.88B,$0.38B,2.35,$0.06B,$0.05B,85.25%,$0.06B,$0.05B,77.05%,$0.06B,$0.05B,77.05%,$0.06B,$0.04B,60.66%,$0.06B,$0.02B,36.07%,$0.06B,$0.02B,36.07%,$0.02B,$0.38B,5.64%,$0.02B,$0.38B,5.64%,$0.02B,$2.41B,0.95%,$0.05B,$1.26B,3.82%,$16,$1,$14,$0,$2,$3,$13,$-14,$-1,$0,$-1,$-1,$-1,$10,$13,$17,17,$-0.07,$-0.07,$42,$0,$0,$932,$0,$0,$0,$1476,$1476,$2408,$550,$884,$598,$1482,$2032,$368,$0,$0,$377,$2408,$9,$-8,$-157,$-165,$-85,$0,$0,$177,$92,$-64,$0,$0,$0,$0,$0,$0,$0,$0,$0,$0,$0,$-0,$-0,$-36,$106,$70,$6,$0,$-36
