,Date,Stock Price,Book Value per Share,Price to Book Ratio,TTM Sales per Share,Price to Sales Ratio,TTM FCF per Share,Price to FCF Ratio,TTM Net EPS,PE Ratio,Current Assets,Current Liabilities,Current Ratio,Long Term Debt,Shareholder's Equity_x,Debt to Equity Ratio,TTM Revenue_x,TTM Gross Profit,Gross Margin,TTM Revenue_y,TTM Operating Income,Operating Margin,TTM Revenue_x,TTM EBIT,EBIT Margin,TTM Revenue_y,TTM EBITDA,EBITDA Margin,TTM Revenue_x,TTM Pre-Tax Income,Pre-Tax Margin,TTM Revenue_y,TTM Net Income_x,Net Margin,TTM Net Income_y,Shareholder's Equity_y,Return on Equity,TTM Net Income_x,Tangible Equity,Return on Tangible Equity,TTM Net Income_y,Total Assets,Return on Assets,TTM Net Income,LT Investments & Debt,Return on Investment,revenue,cost-goods-sold,gross-profit,research-development-expenses,selling-general-administrative-expenses,operating-expenses,operating-income,total-non-operating-income-expense,pre-tax-income,total-provision-income-taxes,income-after-taxes,income-from-continuous-operations,net-income,ebitda,ebit,basic-shares-outstanding,shares-outstanding,eps-basic-net-earnings-per-share,eps-earnings-per-share-diluted,cash-on-hand,inventory,other-current-assets,total-current-assets,net-property-plant-equipment,long-term-investments,goodwill-intangible-assets-total,other-long-term-assets,total-long-term-assets,total-assets,total-current-liabilities,long-term-debt,other-non-current-liabilities,total-long-term-liabilities,total-liabilities,common-stock-net,retained-earnings-accumulated-deficit,comprehensive-income,total-share-holder-equity,total-liabilities-share-holders-equity,net-income-loss,total-depreciation-amortization-cash-flow,other-non-cash-items,total-non-cash-items,change-in-accounts-receivable,change-in-inventories,change-in-accounts-payable,change-in-assets-liabilities,total-change-in-assets-liabilities,cash-flow-from-operating-activities,net-change-in-property-plant-equipment,net-change-in-intangible-assets,net-acquisitions-divestitures,net-change-in-short-term-investments,net-change-in-long-term-investments,net-change-in-investments-total,investing-activities-other,cash-flow-from-investing-activities,net-long-term-debt,net-current-debt,debt-issuance-retirement-net-total,net-common-equity-issued-repurchased,net-total-equity-issued-repurchased,total-common-preferred-stock-dividends-paid,financial-activities-other,cash-flow-from-financial-activities,net-cash-flow,stock-based-compensation,common-stock-dividends-paid
0,2018-09-30,53.05,$25.41,2.09,$11.48,4.62,$7.41,7.16,$3.14,16.89,$4.40B,$4.21B,1.05,$0.68B,$0.59B,1.16,$0.27B,$0.23B,85.45%,$0.27B,$0.10B,38.43%,$0.27B,0,0.00%,$0.27B,0,0.00%,$0.27B,$0.10B,38.43%,$0.27B,$0.07B,27.61%,$0.07B,$0.59B,13.07%,$0.07B,$0.46B,16.88%,$0.07B,$5.52B,1.36%,$0.10B,$1.27B,8.87%,$69,$13,$57,$0,$32,$45,$24,$0,$24,$2,$23,$23,$23,$0,$0,$23,23,$0.97,$0.97,$159,$0,$0,$4403,$32,$775,$126,$180,$1114,$5518,$4213,$681,$37,$718,$4931,$0,$284,$-17,$587,$5518,$66,$6,$8,$14,$-3,$0,$1,$-17,$-20,$60,$-2,$0,$0,$0,$-54,$-54,$-174,$-230,$137,$0,$137,$-7,$-7,$-8,$51,$173,$3,$3,$-8
1,2018-06-30,53.95,$24.80,2.17,$11.09,4.86,$5.44,9.92,$2.86,18.86,$4.43B,$4.25B,1.04,$0.65B,$0.57B,1.13,$0.26B,$0.23B,86.92%,$0.26B,$0.10B,39.62%,$0.26B,0,0.00%,$0.26B,0,0.00%,$0.26B,$0.10B,39.62%,$0.26B,$0.07B,25.77%,$0.07B,$0.57B,12.05%,$0.07B,$0.45B,15.66%,$0.07B,$5.51B,1.25%,$0.10B,$1.22B,9.16%,$68,$11,$57,$0,$30,$40,$27,$0,$27,$5,$22,$22,$22,$0,$0,$23,23,$0.96,$0.95,$179,$0,$0,$4430,$33,$756,$127,$164,$1080,$5510,$4250,$647,$39,$686,$4936,$0,$264,$-13,$574,$5510,$43,$4,$6,$10,$-2,$0,$0,$0,$-1,$52,$-2,$0,$0,$0,$-28,$-28,$-181,$-211,$103,$0,$103,$-3,$-3,$-5,$88,$183,$24,$2,$-5
2,2018-03-31,46.81,$24.02,1.95,$10.70,4.37,$2.93,15.99,$2.41,19.42,$4.31B,$4.28B,1.01,$0.51B,$0.56B,0.92,$0.25B,$0.22B,88.84%,$0.25B,$0.10B,39.04%,$0.25B,0,0.00%,$0.25B,0,0.00%,$0.25B,$0.09B,37.45%,$0.25B,$0.06B,22.71%,$0.06B,$0.56B,10.37%,$0.06B,$0.43B,13.54%,$0.06B,$5.38B,1.09%,$0.10B,$1.06B,8.98%,$65,$9,$56,$0,$31,$40,$25,$0,$25,$4,$21,$21,$21,$0,$0,$23,23,$0.91,$0.90,$146,$0,$0,$4311,$32,$752,$128,$160,$1072,$5383,$4283,$509,$35,$545,$4828,$0,$245,$-12,$555,$5383,$21,$2,$4,$6,$-2,$0,$0,$-4,$-5,$22,$-0,$0,$0,$0,$-4,$-4,$-110,$-114,$-35,$0,$-35,$-6,$-6,$-3,$125,$82,$-10,$1,$-3
3,2017-12-31,44.96,$23.76,1.89,$10.19,4.41,$0.59,76.4,$2.07,21.72,$4.23B,$4.16B,1.02,$0.55B,$0.55B,0.99,$0.24B,$0.21B,89.87%,$0.24B,$0.09B,38.82%,$0.24B,0,0.00%,$0.24B,0,0.00%,$0.24B,$0.09B,36.29%,$0.24B,$0.05B,20.25%,$0.05B,$0.55B,8.80%,$0.05B,$0.42B,11.50%,$0.05B,$5.29B,0.93%,$0.09B,$1.09B,8.48%,$66,$7,$59,$0,$31,$39,$27,$0,$27,$20,$8,$8,$8,$0,$0,$23,23,$0.32,$0.32,$156,$0,$0,$4228,$33,$742,$128,$159,$1062,$5289,$4158,$545,$38,$583,$4741,$0,$225,$-4,$549,$5289,$48,$3,$32,$35,$7,$0,$-0,$-44,$-37,$46,$-3,$0,$4,$0,$-44,$-44,$-270,$-312,$93,$0,$93,$-17,$-17,$-10,$155,$221,$-45,$3,$-10
4,2017-09-30,42.06,$23.69,1.78,$9.75,4.31,$2.67,15.74,$2.42,17.38,$4.19B,$4.07B,1.03,$0.58B,$0.55B,1.05,$0.22B,$0.20B,90.41%,$0.22B,$0.09B,39.73%,$0.22B,0,0.00%,$0.22B,0,0.00%,$0.22B,$0.08B,36.53%,$0.22B,$0.05B,24.66%,$0.05B,$0.55B,10.69%,$0.05B,$0.42B,13.47%,$0.05B,$5.23B,1.11%,$0.09B,$1.12B,8.66%,$61,$7,$54,$0,$30,$36,$24,$-0,$24,$8,$16,$16,$16,$0,$0,$23,24,$0.70,$0.69,$186,$0,$0,$4194,$33,$709,$129,$167,$1038,$5231,$4071,$576,$38,$614,$4685,$0,$220,$-0,$546,$5231,$41,$6,$7,$13,$3,$0,$0,$-44,$-40,$14,$-2,$0,$4,$0,$-5,$-5,$-195,$-198,$125,$10,$135,$-17,$-17,$-8,$58,$168,$-16,$3,$-8
5,2017-06-30,40.41,$23.37,1.73,$9.36,4.32,$3.50,11.55,$2.32,17.42,$3.99B,$3.92B,1.02,$0.54B,$0.55B,0.98,$0.20B,$0.19B,91.58%,$0.20B,$0.08B,40.10%,$0.20B,0,0.00%,$0.20B,0,0.00%,$0.20B,$0.07B,36.63%,$0.20B,$0.05B,24.75%,$0.05B,$0.55B,10.78%,$0.05B,$0.42B,13.03%,$0.05B,$5.04B,1.10%,$0.08B,$1.09B,8.87%,$59,$6,$54,$0,$32,$37,$22,$-4,$18,$6,$12,$12,$12,$0,$0,$23,24,$0.51,$0.50,$119,$0,$0,$3988,$34,$728,$129,$160,$1050,$5039,$3923,$536,$31,$567,$4490,$0,$207,$0,$549,$5039,$24,$4,$7,$12,$7,$0,$-0,$-51,$-44,$-8,$-1,$0,$4,$0,$-17,$-17,$-59,$-73,$85,$0,$85,$0,$0,$-5,$-80,$-1,$-81,$2,$-5
6,2017-03-31,41.89,$22.95,1.83,$9.03,4.64,$4.21,9.95,$2.43,17.24,$4.08B,$4.03B,1.01,$0.50B,$0.54B,0.94,$0.19B,$0.17B,91.98%,$0.19B,$0.08B,41.71%,$0.19B,0,0.00%,$0.19B,0,0.00%,$0.19B,$0.08B,40.11%,$0.19B,$0.05B,26.74%,$0.05B,$0.54B,11.92%,$0.05B,$0.41B,13.76%,$0.05B,$5.11B,1.19%,$0.08B,$1.04B,9.52%,$51,$5,$46,$0,$26,$32,$19,$-2,$17,$5,$12,$12,$12,$0,$0,$22,22,$0.57,$0.56,$212,$0,$0,$4076,$34,$697,$126,$173,$1030,$5106,$4034,$504,$31,$535,$4568,$0,$197,$-1,$538,$5106,$12,$2,$2,$4,$6,$0,$0,$-53,$-47,$-31,$-0,$0,$6,$0,$29,$29,$-75,$-40,$52,$0,$52,$-2,$-2,$-3,$33,$81,$10,$1,$-3
7,2016-12-31,42.37,$19.31,2.19,$8.81,4.81,$5.79,7.32,$2.41,17.58,$3.34B,$3.23B,1.03,$0.38B,$0.39B,0.99,$0.18B,$0.16B,92.66%,$0.18B,$0.08B,42.94%,$0.18B,0,0.00%,$0.18B,0,0.00%,$0.18B,$0.08B,42.37%,$0.18B,$0.05B,27.68%,$0.05B,$0.39B,13.08%,$0.05B,$0.36B,14.33%,$0.05B,$4.08B,1.27%,$0.08B,$0.77B,10.22%,$48,$4,$44,$0,$23,$27,$22,$-1,$21,$7,$14,$14,$14,$0,$0,$20,20,$0.68,$0.67,$200,$0,$0,$3335,$15,$556,$32,$143,$746,$4081,$3234,$383,$77,$460,$3694,$0,$182,$-2,$387,$4081,$49,$-4,$8,$4,$-5,$0,$0,$34,$30,$83,$-2,$0,$0,$0,$-49,$-49,$-306,$-358,$-55,$0,$-55,$-5,$-5,$-8,$448,$380,$105,$3,$-8
8,2016-09-30,30.71,$19.07,1.61,$8.47,3.63,$4.06,7.56,$2.26,13.59,$3.18B,$3.13B,1.02,$0.38B,$0.38B,0.99,$0.17B,$0.16B,92.98%,$0.17B,$0.07B,40.94%,$0.17B,0,0.00%,$0.17B,0,0.00%,$0.17B,$0.07B,40.94%,$0.17B,$0.05B,26.90%,$0.05B,$0.38B,12.58%,$0.05B,$0.35B,13.83%,$0.05B,$3.91B,1.23%,$0.07B,$0.76B,9.36%,$44,$3,$41,$0,$22,$26,$18,$-0,$18,$6,$12,$12,$12,$0,$0,$20,20,$0.59,$0.59,$120,$0,$0,$3178,$14,$540,$33,$144,$732,$3910,$3125,$376,$27,$403,$3529,$0,$171,$5,$381,$3910,$35,$5,$-1,$3,$-0,$0,$0,$-10,$-11,$28,$-1,$0,$0,$0,$25,$25,$-294,$-271,$-61,$0,$-61,$-7,$-7,$-6,$341,$267,$24,$2,$-6
9,2016-06-30,27.31,$18.60,1.47,$8.15,3.35,$4.66,5.86,$2.15,12.7,$3.03B,$3.03B,1.0,$0.34B,$0.37B,0.9,$0.17B,$0.15B,92.73%,$0.17B,$0.07B,40.00%,$0.17B,0,0.00%,$0.17B,0,0.00%,$0.17B,$0.07B,40.00%,$0.17B,$0.04B,26.67%,$0.04B,$0.37B,12.34%,$0.04B,$0.34B,13.62%,$0.04B,$3.76B,1.21%,$0.07B,$0.71B,9.10%,$44,$3,$41,$0,$22,$25,$19,$0,$19,$7,$12,$12,$12,$0,$0,$20,20,$0.62,$0.61,$111,$0,$0,$3025,$15,$538,$33,$150,$736,$3762,$3029,$335,$26,$361,$3390,$0,$161,$6,$372,$3762,$23,$3,$-2,$1,$-2,$0,$-0,$-15,$-17,$8,$-1,$0,$0,$0,$16,$16,$-139,$-124,$-102,$0,$-102,$-7,$-7,$-4,$244,$132,$16,$2,$-4
10,2016-03-31,26.38,$17.98,1.47,$7.86,3.36,$5.18,5.09,$1.97,13.39,$2.98B,$2.93B,1.01,$0.38B,$0.36B,1.06,$0.16B,$0.15B,92.45%,$0.16B,$0.06B,37.74%,$0.16B,0,0.00%,$0.16B,0,0.00%,$0.16B,$0.06B,37.74%,$0.16B,$0.04B,25.79%,$0.04B,$0.36B,11.83%,$0.04B,$0.33B,13.10%,$0.04B,$3.71B,1.15%,$0.06B,$0.74B,8.45%,$41,$3,$38,$0,$22,$25,$17,$0,$17,$6,$11,$11,$11,$0,$0,$20,20,$0.55,$0.54,$107,$0,$0,$2975,$15,$524,$33,$163,$735,$3710,$2932,$381,$37,$418,$3351,$0,$151,$4,$359,$3710,$11,$1,$-1,$1,$-0,$0,$-0,$-7,$-8,$4,$-1,$0,$0,$0,$13,$13,$-89,$-76,$-56,$0,$-56,$-6,$-6,$-2,$148,$84,$12,$1,$-2
11,2015-12-31,27.57,$17.53,1.57,$7.59,3.63,$4.89,5.64,$1.89,14.59,$2.89B,$2.79B,1.04,$0.44B,$0.35B,1.25,$0.15B,$0.14B,92.21%,$0.15B,$0.06B,37.01%,$0.15B,0,0.00%,$0.15B,0,0.00%,$0.15B,$0.06B,37.01%,$0.15B,$0.04B,25.32%,$0.04B,$0.35B,11.53%,$0.04B,$0.32B,12.81%,$0.04B,$3.61B,1.13%,$0.06B,$0.79B,8.54%,$42,$3,$39,$0,$23,$26,$16,$0,$16,$5,$11,$11,$11,$0,$0,$20,20,$0.52,$0.52,$95,$0,$0,$2892,$15,$513,$33,$155,$716,$3608,$2785,$437,$35,$472,$3258,$0,$142,$0,$351,$3608,$38,$-1,$-5,$-6,$-3,$0,$-0,$18,$15,$47,$-2,$0,$0,$0,$-51,$-51,$-284,$-337,$2,$-6,$-4,$0,$0,$-5,$292,$284,$-7,$4,$-5
12,2015-09-30,24.41,$17.21,1.42,$7.49,3.26,$4.14,5.89,$1.67,14.62,$2.79B,$2.82B,0.99,$0.32B,$0.34B,0.94,$0.15B,$0.14B,92.05%,$0.15B,$0.05B,33.11%,$0.15B,0,0.00%,$0.15B,0,0.00%,$0.15B,$0.05B,33.11%,$0.15B,$0.03B,22.52%,$0.03B,$0.34B,10.32%,$0.03B,$0.31B,11.50%,$0.03B,$3.52B,1.01%,$0.05B,$0.67B,7.60%,$38,$3,$35,$0,$20,$23,$14,$0,$14,$5,$10,$10,$10,$0,$0,$20,20,$0.49,$0.48,$128,$0,$0,$2792,$14,$531,$34,$146,$725,$3517,$2820,$322,$32,$353,$3173,$0,$132,$3,$344,$3517,$28,$5,$-1,$4,$-1,$0,$-0,$9,$8,$40,$-1,$0,$0,$0,$-38,$-38,$-178,$-218,$-113,$-1,$-114,$-1,$-1,$-4,$323,$204,$26,$3,$-4
13,2015-06-30,22.02,$16.67,1.32,$7.39,2.98,$3.67,6.01,$1.60,13.76,$2.71B,$2.70B,1.01,$0.31B,$0.33B,0.94,$0.15B,$0.14B,91.89%,$0.15B,$0.05B,33.11%,$0.15B,0,0.00%,$0.15B,0,0.00%,$0.15B,$0.05B,33.11%,$0.15B,$0.03B,21.62%,$0.03B,$0.33B,9.98%,$0.03B,$0.30B,11.16%,$0.03B,$3.37B,0.97%,$0.05B,$0.65B,7.44%,$38,$3,$35,$0,$22,$25,$13,$0,$13,$5,$9,$9,$9,$0,$0,$20,20,$0.44,$0.43,$101,$0,$0,$2711,$15,$465,$34,$146,$660,$3371,$2697,$313,$28,$341,$3039,$0,$124,$1,$332,$3371,$18,$3,$1,$4,$-1,$0,$-0,$-2,$-4,$18,$-1,$0,$0,$0,$20,$20,$-113,$-94,$-122,$-1,$-122,$-1,$-1,$-2,$200,$75,$-1,$2,$-2
14,2015-03-31,19.92,$16.36,1.22,$7.29,2.73,$3.01,6.62,$1.53,13.02,$2.62B,$2.68B,0.98,$0.24B,$0.33B,0.75,$0.15B,$0.13B,91.10%,$0.15B,$0.05B,32.19%,$0.15B,0,0.00%,$0.15B,0,0.00%,$0.15B,$0.05B,32.19%,$0.15B,$0.03B,20.55%,$0.03B,$0.33B,9.58%,$0.03B,$0.29B,10.77%,$0.03B,$3.28B,0.93%,$0.05B,$0.57B,7.05%,$36,$3,$33,$0,$18,$21,$14,$0,$14,$5,$9,$9,$9,$0,$0,$20,20,$0.47,$0.46,$100,$0,$0,$2616,$15,$467,$34,$143,$659,$3275,$2681,$244,$24,$268,$2949,$0,$117,$3,$326,$3275,$9,$2,$-3,$-2,$-4,$0,$0,$-5,$-9,$-2,$-1,$0,$0,$0,$2,$2,$9,$10,$-191,$0,$-191,$-1,$-1,$-1,$183,$-10,$-1,$1,$-1
15,2014-12-31,18.98,$15.94,1.19,$7.42,2.56,$2.73,6.95,$1.37,13.85,$2.62B,$2.50B,1.05,$0.44B,$0.32B,1.38,$0.15B,$0.13B,90.54%,$0.15B,$0.04B,28.38%,$0.15B,0,0.00%,$0.15B,0,0.00%,$0.15B,$0.04B,28.38%,$0.15B,$0.03B,18.24%,$0.03B,$0.32B,8.87%,$0.03B,$0.28B,10.02%,$0.03B,$3.28B,0.84%,$0.04B,$0.75B,6.09%,$39,$4,$36,$0,$27,$30,$9,$0,$9,$3,$6,$6,$6,$0,$0,$20,20,$0.31,$0.28,$106,$0,$0,$2621,$15,$463,$34,$143,$656,$3277,$2498,$435,$28,$463,$2961,$0,$108,$2,$316,$3277,$27,$7,$-0,$7,$-2,$0,$-0,$-0,$-3,$31,$-2,$0,$0,$0,$24,$24,$-234,$-213,$124,$-5,$120,$0,$0,$-4,$-44,$71,$-110,$3,$-4
16,2014-09-30,16.04,$15.61,1.03,$7.56,2.12,$2.68,5.99,$1.25,12.83,$2.53B,$2.52B,1.01,$0.36B,$0.31B,1.16,$0.15B,$0.14B,90.00%,$0.15B,$0.04B,24.67%,$0.15B,0,0.00%,$0.15B,0,0.00%,$0.15B,$0.04B,24.67%,$0.15B,$0.03B,16.67%,$0.03B,$0.31B,8.46%,$0.03B,$0.27B,9.62%,$0.03B,$3.21B,0.79%,$0.04B,$0.67B,5.69%,$35,$4,$32,$0,$19,$23,$13,$0,$13,$4,$8,$8,$8,$0,$0,$20,20,$0.41,$0.41,$129,$0,$0,$2528,$18,$472,$35,$157,$682,$3210,$2517,$358,$26,$384,$2901,$0,$103,$-0,$309,$3210,$21,$6,$11,$16,$-3,$0,$-0,$-4,$-7,$30,$-2,$0,$0,$0,$0,$0,$-130,$-131,$47,$-5,$43,$0,$0,$-3,$-26,$14,$-87,$2,$-3
17,2014-06-30,17.27,$15.20,1.14,$7.83,2.2,$1.79,9.67,$1.28,13.49,$2.49B,$2.47B,1.01,$0.38B,$0.30B,1.25,$0.16B,$0.14B,89.10%,$0.16B,$0.04B,23.72%,$0.16B,0,0.00%,$0.16B,0,0.00%,$0.16B,$0.04B,23.72%,$0.16B,$0.03B,16.03%,$0.03B,$0.30B,8.69%,$0.03B,$0.27B,9.93%,$0.03B,$3.18B,0.79%,$0.04B,$0.68B,5.77%,$36,$4,$32,$0,$21,$25,$11,$0,$11,$4,$7,$7,$7,$0,$0,$20,20,$0.36,$0.36,$128,$0,$0,$2489,$18,$464,$35,$169,$686,$3175,$2473,$376,$25,$401,$2874,$0,$96,$1,$302,$3175,$13,$4,$3,$6,$-3,$0,$-0,$-11,$-14,$5,$-1,$0,$0,$0,$1,$1,$-83,$-83,$66,$-4,$62,$-1,$-1,$-2,$-69,$-11,$-88,$2,$-2
18,2014-03-31,19.14,$14.73,1.3,$7.89,2.43,$1.86,10.31,$1.50,12.76,$2.44B,$2.46B,0.99,$0.37B,$0.29B,1.27,$0.16B,$0.14B,89.10%,$0.16B,$0.04B,27.56%,$0.16B,0,0.00%,$0.16B,0,0.00%,$0.16B,$0.04B,27.56%,$0.16B,$0.03B,18.59%,$0.03B,$0.29B,10.57%,$0.03B,$0.26B,12.18%,$0.03B,$3.14B,0.93%,$0.04B,$0.66B,6.65%,$38,$4,$34,$0,$25,$29,$9,$0,$9,$3,$6,$6,$6,$0,$0,$20,20,$0.30,$0.30,$143,$0,$0,$2438,$18,$471,$35,$177,$702,$3140,$2460,$371,$18,$389,$2849,$0,$90,$-3,$291,$3140,$6,$2,$1,$3,$-0,$0,$-0,$-16,$-16,$-7,$-0,$0,$0,$0,$-22,$-22,$-15,$-37,$60,$-4,$56,$-1,$-1,$-1,$-83,$-28,$-73,$1,$-1
19,2013-12-31,19.42,$14.47,1.34,$8.28,2.34,$2.31,8.4,$1.73,11.22,$2.49B,$2.55B,0.98,$0.32B,$0.28B,1.13,$0.16B,$0.15B,88.96%,$0.16B,$0.05B,30.06%,$0.16B,0,0.00%,$0.16B,0,0.00%,$0.16B,$0.05B,30.06%,$0.16B,$0.03B,20.25%,$0.03B,$0.28B,12.57%,$0.03B,$0.24B,14.63%,$0.03B,$3.17B,1.06%,$0.05B,$0.60B,7.76%,$41,$4,$37,$0,$33,$37,$4,$0,$4,$1,$4,$4,$4,$0,$0,$19,20,$0.16,$0.18,$216,$0,$0,$2494,$18,$447,$36,$175,$676,$3170,$2546,$316,$28,$344,$2890,$0,$85,$-4,$280,$3170,$33,$10,$-24,$-14,$12,$0,$-0,$-1,$10,$29,$-1,$0,$-68,$0,$212,$212,$33,$176,$-55,$-1,$-56,$-1,$-1,$-4,$-50,$-111,$94,$5,$-4
20,2013-09-30,16.03,$14.41,1.11,$8.35,1.92,$2.59,6.19,$1.78,9.0,$2.40B,$2.46B,0.97,$0.35B,$0.28B,1.26,$0.16B,$0.14B,87.80%,$0.16B,$0.05B,32.32%,$0.16B,0,0.00%,$0.16B,0,0.00%,$0.16B,$0.05B,32.32%,$0.16B,$0.03B,20.12%,$0.03B,$0.28B,13.12%,$0.03B,$0.24B,15.42%,$0.03B,$3.11B,1.04%,$0.05B,$0.63B,8.27%,$41,$4,$36,$0,$23,$27,$13,$0,$13,$5,$8,$8,$8,$0,$0,$19,20,$0.45,$0.44,$107,$0,$0,$2397,$19,$469,$36,$187,$711,$3108,$2460,$350,$20,$371,$2830,$0,$83,$-2,$278,$3108,$29,$8,$-14,$-6,$7,$0,$-0,$-18,$-12,$12,$-1,$0,$0,$0,$195,$195,$21,$214,$-28,$-1,$-29,$-1,$-1,$-3,$-208,$-241,$-15,$3,$-3
21,2013-06-30,15.09,$13.59,1.11,$8.91,1.69,$3.76,4.01,$1.73,8.72,$2.37B,$2.38B,1.0,$0.45B,$0.25B,1.83,$0.17B,$0.15B,87.93%,$0.17B,$0.05B,29.89%,$0.17B,0,0.00%,$0.17B,0,0.00%,$0.17B,$0.05B,29.89%,$0.17B,$0.03B,18.39%,$0.03B,$0.25B,12.85%,$0.03B,$0.21B,15.17%,$0.03B,$3.09B,1.00%,$0.05B,$0.70B,8.12%,$36,$5,$32,$0,$15,$19,$17,$0,$17,$6,$11,$11,$11,$0,$0,$18,20,$0.61,$0.58,$104,$0,$0,$2373,$21,$490,$37,$173,$721,$3094,$2380,$452,$14,$466,$2847,$0,$75,$-3,$248,$3094,$21,$6,$-10,$-4,$4,$0,$-0,$-14,$-10,$6,$-1,$0,$0,$0,$154,$154,$60,$214,$54,$-1,$53,$-1,$-1,$-2,$-288,$-238,$-18,$2,$-2
22,2013-03-31,13.51,$13.46,1.0,$9.19,1.47,$4.65,2.91,$1.59,8.5,$2.42B,$2.51B,0.97,$0.36B,$0.24B,1.47,$0.18B,$0.16B,87.15%,$0.18B,$0.05B,26.82%,$0.18B,0,0.00%,$0.18B,0,0.00%,$0.18B,$0.05B,26.82%,$0.18B,$0.03B,16.20%,$0.03B,$0.24B,11.55%,$0.03B,$0.21B,13.65%,$0.03B,$3.12B,0.90%,$0.05B,$0.60B,7.91%,$45,$5,$40,$0,$24,$29,$15,$0,$15,$5,$10,$10,$10,$0,$0,$18,20,$0.56,$0.53,$127,$0,$0,$2421,$21,$497,$37,$147,$703,$3124,$2507,$359,$14,$373,$2880,$0,$65,$6,$244,$3124,$10,$3,$-4,$-1,$5,$0,$-0,$-12,$-7,$2,$-1,$0,$0,$0,$152,$152,$56,$208,$-39,$-0,$-40,$1,$0,$-1,$-164,$-204,$5,$1,$-1
23,2012-12-31,12.27,$13.09,0.94,$9.03,1.36,$5.19,2.36,$1.37,8.96,$2.46B,$2.67B,0.92,$0.40B,$0.24B,1.69,$0.18B,$0.15B,86.29%,$0.18B,$0.04B,24.00%,$0.18B,0,0.00%,$0.18B,0,0.00%,$0.18B,$0.04B,24.00%,$0.18B,$0.03B,14.29%,$0.03B,$0.24B,9.94%,$0.03B,$0.20B,11.75%,$0.03B,$3.33B,0.77%,$0.04B,$0.63B,7.16%,$42,$5,$36,$0,$28,$34,$8,$0,$8,$3,$5,$5,$4,$0,$0,$18,19,$0.23,$0.23,$117,$0,$0,$2460,$21,$655,$38,$152,$865,$3326,$2672,$398,$20,$418,$3090,$0,$56,$8,$236,$3326,$28,$12,$-11,$1,$-5,$0,$-0,$13,$8,$37,$-5,$0,$13,$0,$-44,$-44,$30,$-6,$57,$12,$69,$0,$-35,$-5,$-131,$-103,$-72,$3,$-4
24,2012-09-30,12.72,$14.89,0.85,$9.08,1.4,$4.94,2.57,$1.50,8.48,$2.35B,$2.55B,0.92,$0.36B,$0.23B,1.53,$0.17B,$0.15B,85.55%,$0.17B,$0.04B,25.43%,$0.17B,0,0.00%,$0.17B,0,0.00%,$0.17B,$0.04B,25.43%,$0.17B,$0.03B,16.18%,$0.03B,$0.27B,11.09%,$0.03B,$0.23B,13.13%,$0.03B,$3.19B,0.86%,$0.04B,$0.63B,7.67%,$51,$5,$45,$0,$33,$39,$12,$0,$12,$4,$8,$8,$7,$0,$0,$18,19,$0.41,$0.39,$87,$0,$0,$2345,$21,$627,$38,$163,$849,$3194,$2552,$358,$16,$374,$2926,$0,$53,$9,$268,$3194,$23,$9,$-6,$3,$-3,$0,$-0,$16,$12,$38,$-4,$0,$0,$0,$-6,$-6,$97,$86,$24,$-7,$17,$0,$0,$-4,$-239,$-226,$-102,$2,$-3
25,2012-06-30,10.21,$14.33,0.71,$8.71,1.17,$4.50,2.27,$1.60,6.38,$2.33B,$2.61B,0.9,$0.31B,$0.22B,1.39,$0.17B,$0.14B,83.64%,$0.17B,$0.04B,24.85%,$0.17B,0,0.00%,$0.17B,0,0.00%,$0.17B,$0.04B,24.85%,$0.17B,$0.03B,15.76%,$0.03B,$0.26B,10.66%,$0.03B,$0.22B,12.70%,$0.03B,$3.18B,0.79%,$0.04B,$0.56B,7.49%,$41,$6,$35,$0,$22,$28,$13,$0,$13,$5,$9,$9,$8,$0,$0,$18,19,$0.46,$0.44,$77,$0,$0,$2334,$22,$614,$39,$175,$849,$3183,$2606,$308,$13,$322,$2927,$0,$47,$6,$256,$3183,$15,$6,$-4,$2,$1,$0,$-0,$9,$9,$26,$-4,$0,$0,$0,$-1,$-1,$89,$84,$-34,$0,$-34,$0,$0,$-3,$-187,$-223,$-112,$1,$-2
26,2012-03-31,10.88,$13.82,0.79,$8.89,1.22,$4.55,2.39,$1.68,6.47,$2.51B,$2.71B,0.93,$0.28B,$0.21B,1.31,$0.17B,$0.14B,82.63%,$0.17B,$0.04B,24.55%,$0.17B,0,0.00%,$0.17B,0,0.00%,$0.17B,$0.04B,24.55%,$0.17B,$0.03B,15.57%,$0.03B,$0.25B,10.87%,$0.03B,$0.21B,12.48%,$0.03B,$3.25B,0.81%,$0.04B,$0.52B,7.67%,$41,$7,$35,$0,$25,$32,$9,$0,$9,$3,$6,$6,$6,$0,$0,$18,19,$0.31,$0.31,$177,$0,$0,$2511,$22,$521,$39,$153,$734,$3245,$2706,$278,$15,$293,$2999,$0,$40,$5,$246,$3245,$6,$3,$0,$3,$-0,$0,$-0,$6,$5,$15,$-3,$0,$0,$0,$88,$88,$39,$124,$-64,$0,$-64,$0,$0,$-1,$-87,$-152,$-13,$0,$-1
27,2011-12-31,13.65,$13.48,1.01,$9.12,1.5,$4.72,2.9,$1.79,7.63,$2.55B,$2.79B,0.91,$0.34B,$0.21B,1.66,$0.16B,$0.13B,81.37%,$0.16B,$0.04B,23.60%,$0.16B,0,0.00%,$0.16B,0,0.00%,$0.16B,$0.04B,23.60%,$0.16B,$0.02B,14.29%,$0.02B,$0.24B,10.20%,$0.02B,$0.20B,11.34%,$0.02B,$3.38B,0.73%,$0.04B,$0.58B,7.25%,$40,$7,$33,$0,$22,$30,$10,$0,$10,$3,$7,$7,$7,$0,$0,$17,18,$0.40,$0.39,$190,$0,$0,$2548,$19,$608,$40,$164,$830,$3378,$2793,$342,$3,$345,$3138,$0,$35,$4,$240,$3378,$25,$10,$2,$12,$-1,$0,$-1,$-8,$-10,$27,$-1,$0,$164,$0,$-178,$-178,$15,$0,$10,$0,$10,$33,$33,$-5,$-171,$-133,$-106,$1,$-4
28,2011-09-30,12.49,$13.21,0.95,$9.37,1.33,$6.54,1.91,$1.81,6.9,$2.63B,$2.82B,0.93,$0.29B,$0.20B,1.43,$0.16B,$0.13B,80.25%,$0.16B,$0.03B,21.66%,$0.16B,0,0.00%,$0.16B,0,0.00%,$0.16B,$0.03B,21.66%,$0.16B,$0.02B,12.10%,$0.02B,$0.23B,9.03%,$0.02B,$0.20B,9.64%,$0.02B,$3.35B,0.63%,$0.03B,$0.52B,6.78%,$43,$8,$35,$0,$26,$34,$9,$0,$9,$3,$6,$6,$5,$0,$0,$18,19,$0.29,$0.29,$269,$0,$0,$2626,$19,$477,$40,$187,$722,$3349,$2819,$288,$7,$295,$3114,$0,$29,$5,$234,$3349,$18,$7,$10,$16,$1,$0,$-1,$-10,$-9,$25,$-0,$0,$122,$0,$-42,$-42,$-14,$65,$-44,$0,$-44,$33,$33,$-4,$-102,$-117,$-26,$1,$-3
29,2011-06-30,12.39,$13.36,0.93,$9.52,1.3,$7.51,1.65,$1.61,7.69,$2.27B,$2.41B,0.94,$0.28B,$0.20B,1.35,$0.15B,$0.12B,79.87%,$0.15B,$0.03B,19.46%,$0.15B,0,0.00%,$0.15B,0,0.00%,$0.15B,$0.03B,19.46%,$0.15B,$0.02B,11.41%,$0.02B,$0.24B,8.62%,$0.02B,$0.23B,8.83%,$0.02B,$2.94B,0.61%,$0.03B,$0.51B,5.99%,$43,$8,$35,$0,$23,$30,$13,$0,$13,$4,$8,$8,$8,$0,$0,$17,19,$0.45,$0.43,$200,$0,$0,$2266,$19,$487,$6,$157,$669,$2935,$2413,$275,$11,$286,$2698,$0,$33,$4,$237,$2935,$12,$4,$4,$9,$4,$0,$-0,$-2,$2,$23,$-0,$0,$9,$0,$-96,$-96,$-10,$-97,$-53,$0,$-53,$33,$33,$-3,$1,$-22,$-96,$1,$-2
30,2011-03-31,12.83,$12.78,1.0,$9.36,1.37,$7.83,1.64,$1.10,11.66,$2.23B,$2.43B,0.92,$0.29B,$0.16B,1.83,$0.14B,$0.11B,78.26%,$0.14B,$0.02B,12.32%,$0.14B,0,0.00%,$0.14B,0,0.00%,$0.14B,$0.02B,12.32%,$0.14B,$0.01B,7.25%,$0.01B,$0.19B,5.49%,$0.01B,$0.19B,5.62%,$0.01B,$2.93B,0.38%,$0.02B,$0.48B,3.64%,$35,$8,$28,$0,$22,$29,$6,$0,$6,$2,$4,$4,$3,$0,$0,$15,15,$0.23,$0.23,$208,$0,$0,$2232,$20,$496,$6,$171,$694,$2925,$2432,$290,$12,$302,$2734,$0,$25,$0,$191,$2925,$4,$2,$5,$7,$2,$0,$0,$-2,$1,$12,$-0,$0,$9,$0,$-111,$-111,$22,$-80,$-38,$0,$-38,$0,$0,$-1,$20,$-19,$-88,$0,$-1
31,2010-12-31,9.5,$12.08,0.79,$9.15,1.04,$8.08,1.18,$0.43,22.09,$2.24B,$2.30B,0.98,$0.31B,$0.15B,2.12,$0.13B,$0.10B,76.87%,$0.13B,$0.01B,4.48%,$0.13B,0,0.00%,$0.13B,0,0.00%,$0.13B,$0.01B,4.48%,$0.13B,$0.00B,2.99%,$0.00B,$0.18B,2.24%,$0.00B,$0.18B,2.29%,$0.00B,$2.80B,0.16%,$0.01B,$0.49B,1.31%,$36,$8,$28,$0,$22,$30,$6,$0,$6,$2,$5,$5,$3,$0,$0,$15,15,$0.28,$0.28,$295,$0,$0,$2241,$20,$374,$3,$161,$559,$2800,$2299,$312,$9,$321,$2620,$0,$16,$-1,$180,$2800,$6,$7,$33,$39,$-2,$0,$-1,$6,$4,$49,$-1,$0,$-220,$0,$-77,$-77,$10,$-288,$59,$0,$59,$15,$15,$-5,$356,$425,$187,$2,$-3
32,2010-09-30,8.4,$12.16,0.69,$9.21,0.91,$7.00,1.2,$-0.07,0.0,$2.04B,$2.04B,1.0,$0.27B,$0.15B,1.83,$0.13B,$0.10B,74.62%,$0.13B,$0.00B,0.77%,$0.13B,0,0.00%,$0.13B,0,0.00%,$0.13B,0,0.00%,$0.13B,$-0.00B,-1.54%,$-0.00B,$0.18B,-1.15%,$-0.00B,$0.18B,-1.17%,$-0.00B,$2.50B,-0.08%,$0.00B,$0.45B,0.23%,$35,$8,$28,$0,$23,$31,$4,$0,$4,$1,$3,$3,$3,$0,$0,$15,15,$0.17,$0.17,$58,$0,$0,$2044,$21,$275,$3,$161,$460,$2504,$2041,$271,$12,$282,$2324,$0,$14,$2,$181,$2504,$1,$5,$24,$29,$-2,$0,$-1,$7,$4,$34,$-1,$0,$-220,$0,$27,$27,$-17,$-211,$13,$5,$18,$15,$15,$-4,$99,$128,$-49,$1,$-2
33,2010-06-30,8.66,$11.91,0.73,$9.58,0.9,$7.16,1.21,$-0.05,0.0,$1.82B,$1.82B,1.0,$0.27B,$0.15B,1.83,$0.13B,$0.10B,70.90%,$0.13B,$0.00B,2.99%,$0.13B,0,0.00%,$0.13B,0,0.00%,$0.13B,$0.00B,2.24%,$0.13B,0,0.00%,$0.00B,$0.18B,0.00%,$0.00B,$0.17B,0.00%,$0.00B,$2.27B,0.00%,$0.00B,$0.44B,0.82%,$32,$8,$24,$0,$23,$31,$1,$0,$1,$-0,$1,$1,$1,$0,$0,$15,15,$0.01,$0.01,$80,$0,$0,$1818,$21,$273,$3,$157,$455,$2273,$1823,$265,$8,$272,$2096,$0,$11,$3,$177,$2273,$-2,$3,$17,$21,$2,$0,$-1,$3,$4,$23,$-0,$0,$4,$0,$26,$26,$15,$45,$12,$0,$12,$15,$15,$-2,$-120,$-95,$-27,$1,$-2
34,2010-03-31,9.88,$11.80,0.84,$10.10,0.98,$7.21,1.37,$-0.08,0.0,$1.91B,$1.91B,1.0,$0.27B,$0.14B,1.91,$0.14B,$0.09B,67.65%,$0.14B,$0.00B,0.74%,$0.14B,0,0.00%,$0.14B,0,0.00%,$0.14B,0,0.00%,$0.14B,$-0.00B,-0.74%,$-0.00B,$0.18B,-0.60%,$-0.00B,$0.17B,-0.61%,$-0.00B,$2.36B,-0.04%,$0.00B,$0.45B,0.20%,$31,$9,$23,$0,$27,$36,$-5,$0,$-5,$-2,$-3,$-3,$-3,$0,$0,$14,14,$-0.25,$-0.25,$142,$0,$0,$1907,$22,$280,$4,$149,$455,$2361,$1906,$274,$7,$280,$2186,$0,$11,$1,$175,$2361,$-3,$2,$8,$10,$3,$0,$0,$5,$8,$15,$-0,$0,$4,$0,$15,$15,$3,$23,$21,$0,$21,$15,$15,$-1,$-38,$-3,$35,$1,$-1
35,2009-12-31,6.85,$12.72,0.54,$10.47,0.65,$7.03,0.97,$-3.82,0.0,$1.92B,$1.94B,0.99,$0.25B,$0.13B,1.91,$0.14B,$0.09B,64.49%,$0.14B,$-0.05B,-35.51%,$0.14B,0,0.00%,$0.14B,0,0.00%,$0.14B,$-0.05B,-36.23%,$0.14B,$-0.05B,-35.51%,$-0.05B,$0.16B,-29.52%,$-0.05B,$0.16B,-30.53%,$-0.05B,$2.37B,-2.10%,$-0.05B,$0.42B,-9.82%,$32,$10,$22,$0,$22,$32,$1,$0,$0,$-0,$0,$0,$-3,$0,$0,$13,13,$-0.11,$-0.10,$107,$0,$0,$1918,$22,$296,$4,$122,$447,$2366,$1944,$253,$6,$258,$2202,$0,$16,$1,$164,$2366,$-48,$51,$43,$94,$-2,$0,$-0,$-15,$-18,$29,$-1,$0,$15,$0,$-186,$-186,$105,$-66,$21,$-19,$1,$0,$0,$-4,$105,$102,$64,$2,$-3
36,2009-09-30,8.16,$12.99,0.63,$11.04,0.74,$5.86,1.39,$-4.01,0.0,$2.18B,$1.86B,1.17,$0.49B,$0.14B,3.62,$0.15B,$0.09B,60.00%,$0.15B,$-0.06B,-39.31%,$0.15B,0,0.00%,$0.15B,0,0.00%,$0.15B,$-0.05B,-35.17%,$0.15B,$-0.05B,-35.86%,$-0.05B,$0.17B,-29.09%,$-0.05B,$0.16B,-32.25%,$-0.05B,$2.52B,-2.20%,$-0.06B,$0.66B,-10.03%,$39,$13,$26,$0,$19,$32,$7,$0,$7,$2,$5,$5,$5,$0,$0,$13,14,$0.32,$0.31,$97,$0,$0,$2175,$23,$211,$6,$103,$343,$2519,$1856,$489,$7,$496,$2352,$0,$18,$2,$167,$2519,$-47,$50,$29,$79,$1,$0,$-0,$3,$3,$35,$-0,$0,$0,$0,$-101,$-101,$53,$-49,$31,$-19,$11,$0,$0,$-3,$60,$69,$54,$2,$-2
37,2009-06-30,7.98,$12.95,0.62,$11.33,0.7,$4.24,1.88,$-4.22,0.0,$1.92B,$1.76B,1.09,$0.28B,$0.14B,2.08,$0.15B,$0.09B,58.62%,$0.15B,$-0.06B,-42.76%,$0.15B,0,0.00%,$0.15B,0,0.00%,$0.15B,$-0.06B,-38.62%,$0.15B,$-0.06B,-38.62%,$-0.06B,$0.17B,-30.56%,$-0.06B,$0.16B,-36.54%,$-0.06B,$2.22B,-2.44%,$-0.06B,$0.45B,-11.79%,$34,$13,$21,$0,$23,$36,$-2,$0,$-2,$-2,$0,$0,$-0,$0,$0,$13,13,$-0.07,$-0.07,$49,$0,$0,$1921,$24,$169,$6,$95,$294,$2215,$1762,$280,$7,$287,$2049,$0,$19,$1,$166,$2215,$-52,$48,$19,$67,$2,$0,$-1,$4,$5,$21,$-0,$0,$0,$0,$-59,$-59,$53,$-6,$25,$2,$27,$0,$0,$-2,$-34,$-8,$6,$1,$-1
38,2009-03-31,8.52,$12.93,0.66,$11.32,0.75,$3.28,2.59,$-3.93,0.0,$1.99B,$1.75B,1.14,$0.31B,$0.14B,2.29,$0.15B,$0.09B,58.62%,$0.15B,$-0.06B,-37.93%,$0.15B,0,0.00%,$0.15B,0,0.00%,$0.15B,$-0.05B,-33.79%,$0.15B,$-0.05B,-35.86%,$-0.05B,$0.17B,-27.73%,$-0.05B,$0.16B,-36.30%,$-0.05B,$2.23B,-2.27%,$-0.06B,$0.48B,-10.22%,$33,$13,$20,$0,$30,$88,$-55,$0,$-55,$-3,$-52,$-52,$-51,$0,$0,$13,13,$-4.06,$-4.06,$51,$0,$0,$1985,$25,$124,$6,$91,$245,$2231,$1748,$311,$5,$316,$2064,$0,$20,$1,$167,$2231,$-51,$47,$11,$58,$4,$0,$-1,$2,$5,$11,$-0,$0,$0,$0,$-15,$-15,$1,$-14,$5,$55,$60,$0,$0,$-1,$-48,$12,$8,$1,$-1
39,2008-12-31,13.23,$16.76,0.79,$11.60,1.14,$2.44,5.43,$0.34,38.92,$2.22B,$1.80B,1.23,$0.48B,$0.18B,2.61,$0.15B,$0.09B,58.78%,$0.15B,$0.01B,4.05%,$0.15B,0,0.00%,$0.15B,0,0.00%,$0.15B,$0.01B,8.11%,$0.15B,$0.00B,2.03%,$0.00B,$0.22B,1.58%,$0.00B,$0.16B,2.28%,$0.00B,$2.49B,0.13%,$0.01B,$0.69B,1.14%,$39,$19,$20,$0,$26,$45,$-7,$0,$-1,$-1,$-0,$-0,$-6,$0,$0,$13,13,$-0.52,$-0.50,$43,$0,$0,$2220,$25,$108,$52,$88,$273,$2494,$1801,$478,$0,$478,$2279,$0,$69,$1,$215,$2494,$2,$14,$13,$27,$-2,$0,$-2,$-4,$-9,$20,$-7,$0,$-21,$0,$-36,$-36,$-373,$-437,$11,$13,$25,$3,$38,$-3,$245,$305,$-111,$3,$-3
40,2008-09-30,19.51,$14.57,1.34,$11.63,1.68,$3.16,6.18,$1.04,18.76,$1.97B,$1.75B,1.12,$0.30B,$0.19B,1.63,$0.15B,$0.08B,56.08%,$0.15B,$0.02B,12.16%,$0.15B,0,0.00%,$0.15B,0,0.00%,$0.15B,$0.02B,11.49%,$0.15B,$0.01B,9.46%,$0.01B,$0.19B,7.79%,$0.01B,$0.13B,11.81%,$0.01B,$2.24B,0.66%,$0.02B,$0.49B,3.98%,$39,$15,$24,$0,$16,$37,$2,$0,$2,$1,$1,$1,$1,$0,$0,$13,13,$0.09,$0.09,$43,$0,$0,$1968,$25,$114,$56,$74,$268,$2236,$1751,$301,$0,$301,$2051,$0,$77,$0,$185,$2236,$7,$9,$4,$13,$3,$0,$-4,$-3,$-4,$17,$-6,$0,$-21,$0,$-42,$-42,$-368,$-438,$119,$49,$168,$3,$3,$-2,$140,$310,$-111,$1,$-2
41,2008-06-30,16.26,$14.45,1.12,$11.46,1.42,$3.36,4.83,$1.34,12.13,$1.92B,$1.70B,1.13,$0.31B,$0.18B,1.71,$0.15B,$0.08B,54.48%,$0.15B,$0.02B,16.55%,$0.15B,0,0.00%,$0.15B,0,0.00%,$0.15B,$0.02B,15.86%,$0.15B,$0.02B,12.41%,$0.02B,$0.18B,10.24%,$0.02B,$0.12B,15.93%,$0.02B,$2.20B,0.89%,$0.02B,$0.50B,5.69%,$34,$12,$21,$0,$16,$28,$5,$0,$5,$2,$4,$4,$4,$0,$0,$13,13,$0.28,$0.27,$84,$0,$0,$1918,$25,$120,$63,$71,$279,$2198,$1702,$313,$0,$313,$2015,$0,$76,$0,$183,$2198,$7,$2,$4,$7,$2,$0,$-3,$-0,$-1,$12,$-4,$0,$-6,$0,$-37,$-37,$-235,$-283,$92,$14,$106,$3,$3,$-1,$93,$201,$-70,$1,$-1
42,2008-03-31,21.5,$14.27,1.51,$11.64,1.85,$3.08,6.98,$1.43,15.04,$1.79B,$1.61B,1.11,$0.26B,$0.18B,1.43,$0.15B,$0.08B,53.06%,$0.15B,$0.03B,17.69%,$0.15B,0,0.00%,$0.15B,0,0.00%,$0.15B,$0.03B,17.01%,$0.15B,$0.02B,12.93%,$0.02B,$0.18B,11.13%,$0.02B,$0.12B,17.55%,$0.02B,$2.05B,1.00%,$0.03B,$0.43B,6.91%,$36,$14,$22,$0,$16,$30,$6,$0,$6,$2,$4,$4,$4,$0,$0,$12,13,$0.29,$0.28,$71,$0,$0,$1788,$25,$117,$64,$55,$260,$2048,$1614,$255,$0,$255,$1870,$0,$73,$1,$178,$2048,$4,$1,$1,$2,$-0,$0,$-1,$-1,$-2,$3,$-3,$0,$-6,$0,$-32,$-32,$-96,$-137,$35,$3,$38,$1,$1,$-1,$13,$52,$-82,$0,$-1
43,2007-12-31,20.43,$13.96,1.46,$11.42,1.79,$2.70,7.56,$1.41,14.49,$1.79B,$1.61B,1.11,$0.22B,$0.17B,1.27,$0.14B,$0.07B,51.75%,$0.14B,$0.03B,17.48%,$0.14B,0,0.00%,$0.14B,0,0.00%,$0.14B,$0.02B,16.78%,$0.14B,$0.02B,12.59%,$0.02B,$0.17B,10.84%,$0.02B,$0.11B,17.39%,$0.02B,$2.00B,0.98%,$0.03B,$0.39B,7.29%,$39,$23,$16,$0,$11,$34,$5,$0,$4,$1,$3,$3,$5,$0,$0,$12,13,$0.37,$0.35,$154,$0,$0,$1785,$22,$83,$63,$45,$214,$1999,$1606,$220,$0,$220,$1826,$0,$71,$0,$173,$1999,$17,$4,$6,$10,$0,$0,$-1,$-1,$-2,$25,$-3,$0,$-9,$0,$47,$47,$-185,$-151,$112,$2,$114,$-0,$-0,$-3,$119,$229,$103,$2,$-3
44,2007-09-30,20.84,$13.66,1.53,$11.09,1.88,$1.86,11.22,$1.39,14.99,$1.60B,$1.46B,1.09,$0.20B,$0.17B,1.15,$0.14B,$0.08B,56.62%,$0.14B,$0.03B,19.12%,$0.14B,0,0.00%,$0.14B,0,0.00%,$0.14B,$0.03B,19.12%,$0.14B,$0.02B,12.50%,$0.02B,$0.17B,10.90%,$0.02B,$0.11B,16.96%,$0.02B,$1.83B,0.99%,$0.03B,$0.36B,8.80%,$36,$16,$20,$0,$12,$29,$8,$0,$8,$3,$5,$5,$5,$0,$0,$12,13,$0.40,$0.40,$51,$0,$0,$1601,$22,$122,$62,$20,$227,$1828,$1464,$195,$0,$195,$1659,$0,$66,$-0,$169,$1828,$13,$3,$3,$6,$1,$0,$-2,$-2,$-3,$16,$-3,$0,$-8,$0,$9,$9,$-78,$-80,$86,$0,$86,$1,$1,$-2,$-20,$66,$1,$1,$-2
45,2007-06-30,21.23,$13.20,1.61,$10.80,1.97,$1.27,16.67,$1.34,15.84,$1.54B,$1.44B,1.07,$0.15B,$0.16B,0.92,$0.13B,$0.08B,57.25%,$0.13B,$0.03B,19.08%,$0.13B,0,0.00%,$0.13B,0,0.00%,$0.13B,$0.03B,19.08%,$0.13B,$0.02B,12.21%,$0.02B,$0.16B,10.98%,$0.02B,$0.10B,16.58%,$0.02B,$1.75B,0.98%,$0.03B,$0.31B,9.74%,$36,$16,$20,$0,$13,$29,$7,$0,$7,$3,$5,$5,$5,$0,$0,$12,13,$0.37,$0.36,$48,$0,$0,$1542,$23,$112,$62,$15,$211,$1753,$1440,$151,$0,$151,$1590,$0,$62,$-0,$163,$1753,$8,$2,$2,$4,$-1,$0,$-4,$1,$-4,$7,$-3,$0,$-8,$0,$19,$19,$-19,$-11,$42,$-2,$40,$1,$1,$-1,$-38,$2,$-2,$1,$-1
46,2007-03-31,23.86,$12.86,1.86,$10.33,2.31,$0.99,24.1,$1.34,17.81,$1.54B,$1.46B,1.05,$0.14B,$0.16B,0.88,$0.12B,$0.07B,58.68%,$0.12B,$0.02B,19.83%,$0.12B,0,0.00%,$0.12B,0,0.00%,$0.12B,$0.02B,19.83%,$0.12B,$0.02B,12.40%,$0.02B,$0.16B,11.56%,$0.02B,$0.10B,16.30%,$0.02B,$1.76B,0.98%,$0.02B,$0.30B,10.25%,$32,$14,$18,$0,$13,$27,$5,$0,$5,$2,$3,$3,$3,$0,$0,$12,12,$0.27,$0.26,$50,$0,$0,$1537,$23,$119,$63,$15,$220,$1757,$1458,$140,$0,$140,$1598,$0,$58,$-0,$159,$1757,$3,$1,$1,$2,$-2,$0,$-5,$-1,$-7,$-3,$-2,$0,$-8,$0,$11,$11,$-12,$-11,$32,$1,$32,$1,$1,$-1,$-20,$13,$-0,$0,$-1
47,2006-12-31,27.72,$11.60,2.39,$9.88,2.8,$1.18,23.43,$1.37,20.23,$1.36B,$1.33B,1.02,$0.07B,$0.13B,0.54,$0.11B,$0.07B,60.71%,$0.11B,$0.02B,21.43%,$0.11B,0,0.00%,$0.11B,0,0.00%,$0.11B,$0.02B,21.43%,$0.11B,$0.02B,13.39%,$0.02B,$0.13B,13.16%,$0.02B,$0.10B,17.09%,$0.02B,$1.54B,1.07%,$0.02B,$0.21B,11.33%,$32,$13,$19,$0,$11,$25,$6,$0,$6,$2,$4,$4,$4,$0,$0,$11,11,$0.38,$0.37,$50,$0,$0,$1356,$17,$111,$36,$16,$180,$1536,$1331,$72,$0,$72,$1403,$0,$55,$-1,$133,$1536,$15,$3,$2,$5,$-1,$0,$0,$-2,$-2,$18,$-8,$0,$-4,$0,$33,$33,$-145,$-123,$-3,$-1,$-4,$1,$1,$-2,$42,$37,$-69,$1,$-2
