,Date,Stock Price,Book Value per Share,Price to Book Ratio,TTM Sales per Share,Price to Sales Ratio,TTM FCF per Share,Price to FCF Ratio,TTM Net EPS,PE Ratio,Current Assets,Current Liabilities,Current Ratio,Long Term Debt,Shareholder's Equity_x,Debt to Equity Ratio,TTM Revenue_x,TTM Gross Profit,Gross Margin,TTM Revenue_y,TTM Operating Income,Operating Margin,TTM Revenue_x,TTM EBIT,EBIT Margin,TTM Revenue_y,TTM EBITDA,EBITDA Margin,TTM Revenue_x,TTM Pre-Tax Income,Pre-Tax Margin,TTM Revenue_y,TTM Net Income_x,Net Margin,TTM Net Income_y,Shareholder's Equity_y,Return on Equity,TTM Net Income_x,Tangible Equity,Return on Tangible Equity,TTM Net Income_y,Total Assets,Return on Assets,TTM Net Income,LT Investments & Debt,Return on Investment,revenue,cost-goods-sold,gross-profit,research-development-expenses,selling-general-administrative-expenses,operating-expenses,operating-income,total-non-operating-income-expense,pre-tax-income,total-provision-income-taxes,income-after-taxes,income-from-continuous-operations,net-income,ebitda,ebit,basic-shares-outstanding,shares-outstanding,eps-basic-net-earnings-per-share,eps-earnings-per-share-diluted,cash-on-hand,inventory,other-current-assets,total-current-assets,net-property-plant-equipment,long-term-investments,goodwill-intangible-assets-total,other-long-term-assets,total-long-term-assets,total-assets,total-current-liabilities,long-term-debt,other-non-current-liabilities,total-long-term-liabilities,total-liabilities,common-stock-net,retained-earnings-accumulated-deficit,comprehensive-income,total-share-holder-equity,total-liabilities-share-holders-equity,net-income-loss,total-depreciation-amortization-cash-flow,other-non-cash-items,total-non-cash-items,change-in-accounts-receivable,change-in-inventories,change-in-accounts-payable,change-in-assets-liabilities,total-change-in-assets-liabilities,cash-flow-from-operating-activities,net-change-in-property-plant-equipment,net-change-in-intangible-assets,net-acquisitions-divestitures,net-change-in-short-term-investments,net-change-in-long-term-investments,net-change-in-investments-total,investing-activities-other,cash-flow-from-investing-activities,net-long-term-debt,net-current-debt,debt-issuance-retirement-net-total,net-common-equity-issued-repurchased,net-total-equity-issued-repurchased,total-common-preferred-stock-dividends-paid,financial-activities-other,cash-flow-from-financial-activities,net-cash-flow,stock-based-compensation,common-stock-dividends-paid
0,2018-09-30,50.6,$30.94,1.64,$11.63,4.35,$9.41,5.38,$3.70,13.68,$6.98B,$6.73B,1.04,$0.22B,$1.06B,0.21,$0.40B,$0.34B,84.25%,$0.40B,$0.20B,50.50%,$0.40B,0,0.00%,$0.40B,0,0.00%,$0.40B,$0.20B,50.50%,$0.40B,$0.13B,32.00%,$0.13B,$1.06B,12.74%,$0.13B,$0.96B,14.25%,$0.13B,$8.06B,1.65%,$0.20B,$1.28B,16.53%,$108,$21,$87,$0,$34,$55,$53,$0,$53,$14,$39,$39,$39,$0,$0,$34,34,$1.14,$1.13,$184,$0,$0,$6980,$17,$760,$106,$159,$1078,$8058,$6734,$217,$45,$262,$6996,$0,$544,$-9,$1062,$8058,$112,$9,$5,$13,$6,$0,$0,$-24,$-17,$108,$-1,$0,$0,$0,$-157,$-157,$-436,$-593,$0,$-40,$-40,$1,$1,$0,$518,$479,$-6,$5,$0
1,2018-06-30,61.3,$29.82,2.06,$11.09,5.53,$9.55,6.42,$3.44,17.82,$6.88B,$6.60B,1.04,$0.22B,$1.02B,0.21,$0.38B,$0.33B,86.35%,$0.38B,$0.20B,51.44%,$0.38B,0,0.00%,$0.38B,0,0.00%,$0.38B,$0.20B,51.44%,$0.38B,$0.12B,31.23%,$0.12B,$1.02B,12.23%,$0.12B,$0.92B,13.74%,$0.12B,$7.88B,1.56%,$0.20B,$1.24B,16.47%,$102,$18,$84,$0,$34,$52,$50,$0,$50,$13,$37,$37,$37,$0,$0,$34,34,$1.09,$1.08,$266,$0,$0,$6881,$19,$693,$107,$149,$999,$7880,$6598,$217,$42,$259,$6857,$0,$505,$-7,$1023,$7880,$73,$6,$8,$14,$-5,$0,$0,$-28,$-33,$54,$-1,$0,$0,$0,$-79,$-79,$-242,$-322,$0,$-72,$-72,$1,$1,$0,$415,$343,$75,$3,$0
2,2018-03-31,59.85,$28.72,2.08,$10.65,5.62,$9.48,6.31,$3.17,18.88,$6.77B,$6.45B,1.05,$0.22B,$0.99B,0.22,$0.37B,$0.32B,88.22%,$0.37B,$0.19B,52.33%,$0.37B,0,0.00%,$0.37B,0,0.00%,$0.37B,$0.19B,52.33%,$0.37B,$0.11B,30.14%,$0.11B,$0.99B,11.66%,$0.11B,$0.88B,13.16%,$0.11B,$7.70B,1.48%,$0.19B,$1.20B,16.47%,$94,$13,$81,$0,$33,$46,$48,$0,$48,$12,$36,$36,$36,$0,$0,$34,34,$1.04,$1.04,$205,$0,$0,$6767,$20,$613,$107,$160,$931,$7698,$6445,$217,$51,$268,$6713,$0,$468,$-5,$985,$7698,$36,$3,$2,$5,$-1,$0,$0,$-31,$-32,$9,$-0,$0,$0,$0,$8,$8,$-192,$-184,$0,$-78,$-78,$1,$1,$0,$268,$190,$14,$1,$0
3,2017-12-31,57.9,$27.80,2.08,$10.30,5.62,$11.02,5.26,$2.92,19.83,$6.56B,$6.26B,1.05,$0.22B,$0.95B,0.23,$0.35B,$0.31B,88.95%,$0.35B,$0.19B,52.41%,$0.35B,0,0.00%,$0.35B,0,0.00%,$0.35B,$0.19B,52.41%,$0.35B,$0.10B,28.61%,$0.10B,$0.95B,11.04%,$0.10B,$0.84B,12.50%,$0.10B,$7.48B,1.38%,$0.19B,$1.17B,16.35%,$96,$11,$85,$0,$34,$45,$51,$0,$51,$35,$16,$16,$16,$0,$0,$34,34,$0.47,$0.45,$190,$0,$0,$6562,$21,$626,$107,$134,$917,$7479,$6256,$217,$56,$273,$6529,$0,$432,$-2,$950,$7479,$100,$10,$34,$44,$27,$0,$0,$-10,$16,$161,$-6,$0,$0,$0,$-69,$-69,$-736,$-810,$0,$333,$333,$1,$1,$0,$138,$472,$-178,$6,$0
4,2017-09-30,67.05,$27.33,2.45,$9.92,6.76,$9.71,6.91,$3.22,20.82,$6.50B,$6.19B,1.05,$0.22B,$0.93B,0.23,$0.34B,$0.30B,89.12%,$0.34B,$0.18B,51.76%,$0.34B,0,0.00%,$0.34B,0,0.00%,$0.34B,$0.18B,51.76%,$0.34B,$0.11B,32.65%,$0.11B,$0.93B,12.50%,$0.11B,$0.83B,14.21%,$0.11B,$7.39B,1.55%,$0.18B,$1.15B,15.93%,$89,$10,$79,$0,$31,$42,$47,$0,$47,$17,$30,$30,$30,$0,$0,$34,34,$0.87,$0.87,$449,$0,$0,$6496,$20,$587,$107,$138,$897,$7394,$6188,$217,$55,$272,$6460,$0,$416,$-1,$934,$7394,$85,$8,$11,$19,$26,$0,$0,$-15,$11,$114,$-2,$0,$0,$0,$-28,$-28,$-406,$-437,$0,$205,$205,$1,$1,$0,$198,$403,$81,$4,$0
5,2017-06-30,63.3,$26.42,2.4,$9.63,6.57,$8.20,7.72,$3.07,20.62,$6.42B,$6.09B,1.06,$0.22B,$0.90B,0.24,$0.33B,$0.30B,89.39%,$0.33B,$0.17B,51.21%,$0.33B,0,0.00%,$0.33B,0,0.00%,$0.33B,$0.17B,51.21%,$0.33B,$0.11B,32.12%,$0.11B,$0.90B,12.34%,$0.11B,$0.80B,14.11%,$0.11B,$7.25B,1.51%,$0.17B,$1.12B,15.72%,$86,$10,$77,$0,$32,$41,$45,$0,$45,$17,$28,$28,$28,$0,$0,$34,34,$0.81,$0.81,$448,$0,$0,$6421,$20,$526,$107,$124,$824,$7245,$6087,$217,$38,$255,$6342,$0,$386,$-1,$903,$7245,$55,$5,$8,$14,$2,$0,$0,$-18,$-16,$53,$-2,$0,$0,$0,$33,$33,$-307,$-276,$0,$150,$150,$1,$1,$0,$152,$303,$80,$3,$0
6,2017-03-31,59.7,$25.59,2.33,$9.38,6.37,$8.01,7.46,$2.97,20.1,$6.27B,$5.95B,1.06,$0.22B,$0.87B,0.25,$0.32B,$0.29B,90.03%,$0.32B,$0.16B,50.78%,$0.32B,0,0.00%,$0.32B,0,0.00%,$0.32B,$0.16B,50.78%,$0.32B,$0.10B,31.78%,$0.10B,$0.87B,12.29%,$0.10B,$0.77B,14.12%,$0.10B,$7.09B,1.51%,$0.16B,$1.09B,16.14%,$82,$9,$73,$0,$31,$40,$42,$0,$42,$15,$27,$27,$27,$0,$0,$34,34,$0.79,$0.79,$479,$0,$0,$6274,$21,$525,$107,$115,$816,$7090,$5947,$217,$54,$270,$6217,$0,$358,$-1,$873,$7090,$27,$3,$4,$6,$22,$0,$0,$7,$29,$62,$-1,$0,$0,$0,$35,$35,$-147,$-113,$0,$88,$88,$0,$0,$0,$73,$162,$111,$2,$0
7,2016-12-31,60.95,$24.77,2.46,$9.16,6.65,$7.27,8.38,$2.86,21.31,$6.04B,$5.79B,1.04,$0.22B,$0.84B,0.26,$0.31B,$0.29B,91.05%,$0.31B,$0.16B,50.80%,$0.31B,0,0.00%,$0.31B,0,0.00%,$0.31B,$0.16B,50.80%,$0.31B,$0.10B,31.31%,$0.10B,$0.84B,12.21%,$0.10B,$0.74B,14.11%,$0.10B,$6.89B,1.50%,$0.16B,$1.06B,16.83%,$83,$9,$74,$0,$32,$41,$42,$0,$42,$16,$26,$26,$26,$0,$0,$34,34,$0.76,$0.75,$368,$0,$0,$6039,$21,$560,$107,$115,$851,$6890,$5785,$217,$46,$262,$6047,$0,$331,$-2,$843,$6890,$98,$11,$11,$21,$-4,$0,$0,$2,$-2,$117,$-7,$0,$0,$2,$-65,$-62,$-681,$-751,$148,$-3,$144,$2,$2,$0,$558,$704,$70,$7,$0
8,2016-09-30,49.33,$24.28,2.03,$8.95,5.51,$6.88,7.17,$2.76,17.87,$6.02B,$5.68B,1.06,$0.22B,$0.82B,0.27,$0.30B,$0.28B,92.11%,$0.30B,$0.15B,50.33%,$0.30B,0,0.00%,$0.30B,0,0.00%,$0.30B,$0.15B,50.33%,$0.30B,$0.09B,30.92%,$0.09B,$0.82B,12.11%,$0.09B,$0.71B,14.07%,$0.09B,$6.76B,1.48%,$0.15B,$1.03B,17.34%,$79,$8,$71,$0,$31,$39,$40,$0,$40,$15,$25,$25,$25,$0,$0,$34,34,$0.73,$0.72,$519,$0,$0,$6022,$19,$451,$108,$121,$740,$6762,$5680,$216,$50,$267,$5946,$0,$306,$-1,$816,$6762,$72,$8,$12,$20,$-31,$0,$0,$3,$-27,$65,$-5,$0,$0,$0,$51,$51,$-487,$-441,$147,$49,$197,$1,$1,$0,$400,$598,$221,$5,$0
9,2016-06-30,48.11,$23.48,2.05,$8.70,5.53,$7.71,6.24,$2.67,18.02,$5.65B,$5.47B,1.03,$0.07B,$0.79B,0.09,$0.30B,$0.27B,92.88%,$0.30B,$0.15B,50.17%,$0.30B,0,0.00%,$0.30B,0,0.00%,$0.30B,$0.15B,50.17%,$0.30B,$0.09B,30.51%,$0.09B,$0.79B,11.70%,$0.09B,$0.68B,13.63%,$0.09B,$6.37B,1.47%,$0.15B,$0.86B,17.66%,$77,$6,$71,$0,$32,$38,$39,$0,$39,$15,$24,$24,$24,$0,$0,$34,34,$0.72,$0.71,$246,$0,$0,$5653,$18,$429,$108,$116,$713,$6365,$5466,$69,$41,$110,$5577,$0,$281,$-1,$789,$6365,$47,$5,$8,$13,$-12,$0,$0,$-2,$-14,$46,$-2,$0,$0,$0,$73,$73,$-405,$-335,$0,$58,$58,$1,$1,$0,$178,$236,$-52,$3,$0
10,2016-03-31,48.0,$22.71,2.11,$8.46,5.68,$5.14,9.33,$2.57,18.68,$5.35B,$5.26B,1.02,$0.07B,$0.76B,0.09,$0.29B,$0.27B,93.03%,$0.29B,$0.14B,49.83%,$0.29B,0,0.00%,$0.29B,0,0.00%,$0.29B,$0.14B,49.83%,$0.29B,$0.09B,30.31%,$0.09B,$0.76B,11.40%,$0.09B,$0.65B,13.30%,$0.09B,$6.13B,1.46%,$0.14B,$0.83B,17.17%,$74,$5,$69,$0,$31,$36,$38,$0,$38,$14,$23,$23,$23,$0,$0,$34,34,$0.70,$0.68,$202,$0,$0,$5349,$18,$505,$108,$110,$782,$6131,$5257,$69,$43,$112,$5369,$0,$257,$-1,$762,$6131,$23,$3,$2,$5,$2,$0,$0,$6,$8,$36,$-1,$0,$0,$1,$-2,$-2,$-157,$-159,$0,$-5,$-5,$0,$0,$0,$31,$26,$-96,$1,$0
11,2015-12-31,50.47,$22.07,2.29,$8.40,6.01,$4.33,11.65,$2.50,20.19,$5.29B,$5.23B,1.01,$0.07B,$0.74B,0.09,$0.28B,$0.26B,93.21%,$0.28B,$0.14B,48.57%,$0.28B,0,0.00%,$0.28B,0,0.00%,$0.28B,$0.14B,48.57%,$0.28B,$0.08B,29.64%,$0.08B,$0.74B,10.95%,$0.08B,$0.63B,12.80%,$0.08B,$6.08B,1.43%,$0.14B,$0.81B,16.38%,$74,$5,$69,$0,$33,$38,$36,$-0,$36,$13,$22,$22,$22,$0,$0,$33,33,$0.66,$0.65,$298,$0,$0,$5292,$18,$505,$109,$112,$784,$6076,$5231,$69,$37,$106,$5337,$0,$234,$0,$739,$6076,$84,$11,$10,$22,$-3,$0,$0,$-4,$-7,$99,$-5,$0,$0,$3,$-105,$-102,$-690,$-797,$-49,$-89,$-138,$101,$29,$-1,$851,$741,$42,$5,$0
12,2015-09-30,45.5,$23.53,1.93,$8.42,5.4,$3.50,13.02,$2.34,19.44,$5.07B,$4.99B,1.02,$0.07B,$0.71B,0.1,$0.27B,$0.25B,93.26%,$0.27B,$0.13B,47.57%,$0.27B,0,0.00%,$0.27B,0,0.00%,$0.27B,$0.12B,46.44%,$0.27B,$0.08B,28.46%,$0.08B,$0.79B,10.43%,$0.08B,$0.68B,12.28%,$0.08B,$5.89B,1.36%,$0.13B,$0.86B,15.62%,$70,$5,$65,$0,$31,$36,$35,$-0,$35,$13,$21,$21,$21,$0,$0,$33,34,$0.64,$0.63,$306,$0,$0,$5068,$17,$541,$109,$116,$819,$5888,$4991,$69,$41,$110,$5102,$0,$211,$1,$786,$5888,$62,$10,$9,$19,$9,$0,$0,$0,$9,$90,$-2,$0,$0,$0,$-139,$-139,$-470,$-611,$-49,$-96,$-146,$100,$100,$-1,$618,$572,$50,$4,$0
13,2015-06-30,43.96,$22.91,1.92,$8.34,5.27,$2.26,19.47,$2.23,19.71,$5.03B,$4.88B,1.03,$0.07B,$0.69B,0.11,$0.25B,$0.23B,93.20%,$0.25B,$0.12B,46.00%,$0.25B,0,0.00%,$0.25B,0,0.00%,$0.25B,$0.11B,44.40%,$0.25B,$0.07B,27.60%,$0.07B,$0.77B,10.74%,$0.07B,$0.66B,12.34%,$0.07B,$5.75B,1.34%,$0.12B,$0.84B,15.59%,$69,$5,$64,$0,$30,$35,$34,$-0,$34,$13,$21,$21,$21,$0,$0,$33,34,$0.62,$0.61,$397,$0,$0,$5032,$17,$441,$110,$119,$721,$5753,$4879,$73,$36,$109,$4988,$0,$190,$3,$765,$5753,$40,$7,$6,$13,$-88,$0,$0,$-8,$-96,$-43,$-1,$0,$0,$0,$-36,$-35,$-243,$-279,$-45,$-108,$-153,$100,$100,$-0,$517,$463,$141,$2,$0
14,2015-03-31,38.4,$22.27,1.72,$8.14,4.71,$4.25,9.03,$2.10,18.29,$4.88B,$4.64B,1.05,$0.08B,$0.67B,0.12,$0.23B,$0.22B,93.48%,$0.23B,$0.10B,44.35%,$0.23B,0,0.00%,$0.23B,0,0.00%,$0.23B,$0.10B,42.61%,$0.23B,$0.06B,26.52%,$0.06B,$0.74B,10.93%,$0.06B,$0.63B,12.17%,$0.06B,$5.50B,1.30%,$0.10B,$0.82B,15.83%,$67,$5,$63,$0,$31,$36,$31,$-0,$31,$12,$19,$19,$19,$0,$0,$31,32,$0.62,$0.61,$416,$0,$0,$4876,$18,$350,$110,$113,$624,$5499,$4643,$78,$37,$115,$4758,$0,$169,$3,$742,$5499,$19,$4,$3,$7,$-18,$0,$0,$-0,$-19,$8,$-0,$0,$0,$0,$55,$56,$-134,$-79,$-40,$-103,$-143,$98,$98,$-0,$275,$231,$160,$1,$0
15,2014-12-31,35.52,$20.60,1.72,$7.81,4.55,$4.63,7.67,$1.96,18.12,$4.57B,$4.47B,1.02,$0.12B,$0.55B,0.22,$0.21B,$0.20B,93.33%,$0.21B,$0.09B,42.86%,$0.21B,0,0.00%,$0.21B,0,0.00%,$0.21B,$0.09B,40.95%,$0.21B,$0.05B,25.71%,$0.05B,$0.62B,11.36%,$0.05B,$0.51B,12.13%,$0.05B,$5.25B,1.26%,$0.09B,$0.74B,16.30%,$61,$4,$57,$0,$30,$34,$27,$-3,$24,$9,$15,$15,$15,$0,$0,$27,28,$0.50,$0.48,$256,$0,$0,$4567,$19,$405,$110,$115,$681,$5248,$4472,$119,$36,$155,$4627,$0,$150,$3,$621,$5248,$54,$12,$7,$20,$-2,$0,$0,$-12,$-14,$60,$-5,$0,$-157,$-1,$32,$31,$-595,$-726,$80,$-12,$68,$147,$162,$-1,$385,$615,$-51,$4,$0
16,2014-09-30,31.82,$17.01,1.87,$7.32,4.35,$12.27,2.59,$1.92,16.57,$3.64B,$3.59B,1.01,$0.11B,$0.39B,0.28,$0.20B,$0.18B,93.33%,$0.20B,$0.08B,42.05%,$0.20B,0,0.00%,$0.20B,0,0.00%,$0.20B,$0.08B,41.54%,$0.20B,$0.05B,26.15%,$0.05B,$0.44B,12.19%,$0.05B,$0.44B,12.30%,$0.05B,$4.17B,1.30%,$0.08B,$0.55B,17.25%,$53,$3,$49,$0,$26,$30,$23,$-1,$22,$8,$14,$14,$14,$0,$0,$26,27,$0.54,$0.52,$208,$0,$0,$3637,$18,$393,$3,$92,$532,$4169,$3593,$109,$24,$134,$3727,$0,$135,$2,$443,$4169,$40,$6,$14,$20,$1,$0,$0,$-20,$-19,$40,$-4,$0,$0,$0,$-2,$-1,$-491,$-497,$70,$-22,$48,$2,$2,$-0,$309,$358,$-99,$3,$0
17,2014-06-30,33.75,$16.43,2.05,$7.05,4.79,$19.21,1.76,$1.84,18.34,$3.39B,$3.43B,0.99,$0.04B,$0.37B,0.11,$0.19B,$0.18B,93.58%,$0.19B,$0.08B,41.71%,$0.19B,0,0.00%,$0.19B,0,0.00%,$0.19B,$0.08B,41.71%,$0.19B,$0.05B,26.20%,$0.05B,$0.43B,12.15%,$0.05B,$0.42B,12.26%,$0.05B,$3.91B,1.31%,$0.08B,$0.47B,17.63%,$49,$3,$46,$0,$25,$27,$21,$-1,$21,$8,$13,$13,$13,$0,$0,$26,27,$0.49,$0.48,$115,$0,$0,$3387,$18,$390,$3,$91,$528,$3914,$3429,$39,$20,$59,$3488,$0,$122,$2,$427,$3914,$25,$4,$11,$15,$7,$0,$0,$-25,$-18,$22,$-3,$0,$0,$0,$3,$3,$-337,$-337,$0,$-20,$-20,$1,$1,$-0,$143,$123,$-191,$2,$0
18,2014-03-31,36.1,$15.80,2.28,$6.94,5.21,$23.94,1.51,$1.80,20.06,$3.28B,$3.34B,0.98,$0.04B,$0.35B,0.11,$0.18B,$0.17B,93.44%,$0.18B,$0.08B,41.53%,$0.18B,0,0.00%,$0.18B,0,0.00%,$0.18B,$0.08B,41.53%,$0.18B,$0.05B,26.23%,$0.05B,$0.41B,12.35%,$0.05B,$0.41B,12.45%,$0.05B,$3.80B,1.32%,$0.08B,$0.45B,17.75%,$47,$3,$44,$0,$25,$28,$19,$0,$19,$7,$12,$12,$12,$0,$0,$26,27,$0.48,$0.47,$231,$0,$0,$3275,$17,$398,$3,$83,$529,$3804,$3340,$39,$14,$53,$3394,$0,$109,$-1,$410,$3804,$12,$2,$5,$7,$20,$0,$0,$-22,$-2,$18,$-1,$0,$0,$-0,$-7,$-7,$-120,$-128,$0,$-14,$-14,$0,$0,$-0,$48,$35,$-76,$1,$0
19,2013-12-31,30.63,$15.22,2.01,$6.91,4.43,$27.36,1.12,$1.77,17.31,$3.25B,$3.31B,0.98,$0.04B,$0.34B,0.12,$0.18B,$0.17B,93.41%,$0.18B,$0.08B,41.76%,$0.18B,0,0.00%,$0.18B,0,0.00%,$0.18B,$0.08B,41.76%,$0.18B,$0.05B,25.82%,$0.05B,$0.39B,12.48%,$0.05B,$0.39B,12.59%,$0.05B,$3.77B,1.34%,$0.08B,$0.43B,18.27%,$46,$3,$43,$0,$24,$27,$19,$0,$19,$7,$12,$12,$12,$0,$0,$26,26,$0.46,$0.44,$307,$0,$0,$3253,$17,$389,$4,$80,$518,$3772,$3306,$39,$32,$72,$3378,$0,$96,$-3,$394,$3772,$47,$7,$9,$17,$185,$0,$0,$10,$195,$259,$-5,$0,$0,$-0,$-128,$-128,$-468,$-601,$0,$-21,$-21,$3,$3,$-1,$329,$310,$-32,$3,$0
20,2013-09-30,28.29,$14.81,1.91,$7.03,4.02,$18.16,1.56,$1.71,16.54,$3.02B,$3.07B,0.98,$0.04B,$0.33B,0.12,$0.18B,$0.17B,93.33%,$0.18B,$0.07B,40.56%,$0.18B,0,0.00%,$0.18B,0,0.00%,$0.18B,$0.07B,40.56%,$0.18B,$0.05B,25.00%,$0.05B,$0.38B,12.30%,$0.05B,$0.38B,12.42%,$0.05B,$3.51B,1.32%,$0.07B,$0.42B,18.02%,$45,$3,$42,$0,$23,$26,$19,$0,$19,$7,$12,$12,$12,$0,$0,$26,26,$0.45,$0.44,$220,$0,$0,$3017,$16,$367,$4,$75,$488,$3505,$3066,$39,$17,$57,$3123,$0,$85,$-1,$382,$3505,$35,$5,$3,$9,$188,$0,$0,$-9,$179,$223,$-4,$0,$0,$-0,$-92,$-92,$-315,$-411,$0,$-19,$-19,$2,$2,$-0,$87,$69,$-119,$2,$0
21,2013-06-30,22.38,$14.34,1.56,$7.07,3.16,$11.42,1.96,$1.67,13.4,$2.95B,$2.99B,0.99,$0.04B,$0.31B,0.13,$0.18B,$0.16B,93.18%,$0.18B,$0.07B,39.20%,$0.18B,0,0.00%,$0.18B,0,0.00%,$0.18B,$0.07B,39.20%,$0.18B,$0.04B,24.43%,$0.04B,$0.37B,12.24%,$0.04B,$0.37B,12.37%,$0.04B,$3.41B,1.31%,$0.07B,$0.41B,17.66%,$45,$3,$42,$0,$23,$26,$19,$0,$19,$7,$12,$12,$12,$0,$0,$26,26,$0.45,$0.44,$191,$0,$0,$2948,$17,$347,$4,$71,$463,$3411,$2986,$39,$16,$56,$3041,$0,$73,$-1,$369,$3411,$23,$4,$2,$5,$122,$0,$0,$-4,$118,$146,$-3,$0,$0,$0,$-70,$-70,$-209,$-283,$0,$-4,$-4,$1,$1,$-0,$-9,$-12,$-148,$2,$0
22,2013-03-31,19.9,$15.47,1.29,$7.07,2.82,$9.93,2.0,$1.57,12.7,$2.91B,$2.91B,1.0,$0.04B,$0.31B,0.13,$0.17B,$0.16B,92.35%,$0.17B,$0.06B,36.47%,$0.17B,0,0.00%,$0.17B,0,0.00%,$0.17B,$0.06B,36.47%,$0.17B,$0.04B,22.94%,$0.04B,$0.36B,11.76%,$0.04B,$0.36B,11.90%,$0.04B,$3.33B,1.23%,$0.06B,$0.40B,16.60%,$46,$3,$43,$0,$24,$27,$19,$0,$19,$7,$12,$12,$11,$0,$0,$26,26,$0.45,$0.44,$271,$0,$0,$2913,$16,$330,$4,$42,$412,$3325,$2906,$39,$18,$57,$2963,$0,$118,$5,$362,$3325,$12,$2,$2,$4,$94,$0,$0,$-3,$91,$107,$-2,$0,$0,$0,$-21,$-21,$-61,$-83,$0,$-9,$-9,$1,$1,$-0,$-84,$-92,$-68,$1,$0
23,2012-12-31,18.15,$15.25,1.19,$7.01,2.59,$9.90,1.83,$1.45,12.49,$3.02B,$3.00B,1.01,$0.04B,$0.29B,0.13,$0.16B,$0.15B,90.80%,$0.16B,$0.06B,33.74%,$0.16B,0,0.00%,$0.16B,0,0.00%,$0.16B,$0.06B,33.74%,$0.16B,$0.04B,21.47%,$0.04B,$0.35B,11.29%,$0.04B,$0.35B,11.43%,$0.04B,$3.41B,1.15%,$0.06B,$0.39B,15.51%,$44,$3,$41,$0,$24,$28,$16,$0,$16,$6,$10,$10,$10,$0,$0,$23,24,$0.41,$0.40,$339,$0,$0,$3022,$15,$311,$4,$39,$388,$3409,$2999,$39,$22,$61,$3059,$0,$106,$5,$350,$3409,$35,$12,$13,$25,$-50,$0,$0,$5,$-45,$16,$-6,$0,$0,$0,$6,$6,$-447,$-447,$-10,$-2,$-12,$45,$45,$-1,$505,$538,$107,$2,$0
24,2012-09-30,15.2,$14.72,1.03,$6.81,2.23,$6.72,2.26,$1.38,11.0,$2.59B,$2.60B,1.0,$0.04B,$0.27B,0.15,$0.16B,$0.14B,89.10%,$0.16B,$0.05B,32.05%,$0.16B,0,0.00%,$0.16B,0,0.00%,$0.16B,$0.05B,32.05%,$0.16B,$0.03B,20.51%,$0.03B,$0.32B,11.06%,$0.03B,$0.32B,11.21%,$0.03B,$2.98B,1.10%,$0.05B,$0.36B,14.87%,$41,$3,$38,$0,$23,$26,$15,$0,$15,$6,$10,$10,$10,$0,$0,$23,24,$0.41,$0.40,$58,$0,$0,$2591,$14,$308,$4,$42,$385,$2976,$2600,$39,$12,$51,$2652,$0,$96,$6,$324,$2976,$25,$6,$12,$18,$6,$0,$0,$-8,$-2,$41,$-4,$0,$0,$0,$12,$12,$-348,$-340,$0,$-28,$-28,$30,$30,$-0,$123,$124,$-175,$2,$0
25,2012-06-30,14.32,$14.10,1.02,$6.60,2.17,$5.19,2.76,$1.26,11.33,$2.54B,$2.61B,0.97,$0.05B,$0.23B,0.21,$0.15B,$0.13B,87.25%,$0.15B,$0.05B,30.20%,$0.15B,0,0.00%,$0.15B,0,0.00%,$0.15B,$0.05B,30.20%,$0.15B,$0.03B,18.79%,$0.03B,$0.29B,10.27%,$0.03B,$0.29B,10.42%,$0.03B,$2.96B,0.95%,$0.05B,$0.34B,13.96%,$39,$4,$35,$0,$23,$27,$12,$0,$12,$5,$8,$8,$8,$0,$0,$22,23,$0.34,$0.33,$149,$0,$0,$2537,$14,$350,$4,$41,$425,$2963,$2612,$49,$12,$61,$2673,$0,$87,$5,$290,$2963,$15,$4,$7,$12,$74,$0,$0,$-8,$66,$93,$-3,$0,$0,$-2,$-28,$-29,$-266,$-298,$0,$-6,$-6,$6,$6,$-0,$122,$122,$-83,$2,$0
26,2012-03-31,15.22,$12.41,1.23,$6.32,2.41,$4.29,3.55,$1.15,13.26,$2.39B,$2.48B,0.96,$0.05B,$0.22B,0.23,$0.14B,$0.12B,85.92%,$0.14B,$0.04B,29.58%,$0.14B,0,0.00%,$0.14B,0,0.00%,$0.14B,$0.04B,29.58%,$0.14B,$0.03B,17.61%,$0.03B,$0.28B,9.82%,$0.03B,$0.27B,9.98%,$0.03B,$2.82B,0.89%,$0.04B,$0.33B,13.83%,$39,$4,$34,$0,$23,$27,$12,$0,$12,$4,$8,$8,$7,$0,$0,$22,23,$0.34,$0.33,$142,$0,$0,$2385,$13,$356,$4,$43,$431,$2816,$2480,$49,$10,$60,$2540,$0,$79,$5,$276,$2816,$8,$2,$5,$7,$89,$0,$0,$-12,$77,$92,$-1,$0,$0,$-0,$-33,$-34,$-132,$-167,$0,$8,$8,$1,$1,$-0,$-24,$-15,$-90,$1,$0
27,2011-12-31,13.22,$12.15,1.09,$5.93,2.23,$3.50,3.78,$1.04,12.71,$2.44B,$2.50B,0.98,$0.05B,$0.21B,0.24,$0.13B,$0.11B,84.85%,$0.13B,$0.04B,28.79%,$0.13B,0,0.00%,$0.13B,0,0.00%,$0.13B,$0.04B,28.79%,$0.13B,$0.02B,17.42%,$0.02B,$0.27B,9.66%,$0.02B,$0.26B,9.83%,$0.02B,$2.83B,0.87%,$0.04B,$0.32B,13.23%,$37,$5,$32,$0,$21,$26,$11,$0,$11,$4,$7,$7,$7,$0,$0,$22,22,$0.31,$0.32,$232,$0,$0,$2436,$12,$324,$4,$40,$395,$2831,$2495,$49,$20,$69,$2565,$0,$71,$5,$267,$2831,$25,$5,$9,$14,$-96,$0,$0,$1,$-95,$-56,$-6,$0,$0,$12,$-85,$-73,$-384,$-463,$0,$6,$6,$1,$34,$-1,$665,$705,$186,$1,$0
28,2011-09-30,10.7,$11.81,0.91,$5.63,1.9,$4.18,2.56,$0.93,11.48,$2.86B,$2.90B,0.99,$0.05B,$0.20B,0.24,$0.13B,$0.11B,84.00%,$0.13B,$0.04B,28.00%,$0.13B,0,0.00%,$0.13B,0,0.00%,$0.13B,$0.04B,28.00%,$0.13B,$0.02B,16.80%,$0.02B,$0.26B,9.44%,$0.02B,$0.25B,9.61%,$0.02B,$3.22B,0.85%,$0.04B,$0.31B,12.88%,$34,$5,$29,$0,$19,$24,$10,$0,$10,$4,$6,$6,$6,$0,$0,$22,22,$0.29,$0.28,$747,$0,$0,$2856,$11,$302,$4,$33,$364,$3220,$2895,$49,$17,$66,$2961,$0,$64,$4,$258,$3220,$17,$2,$8,$10,$-27,$0,$0,$4,$-24,$4,$-3,$0,$0,$-87,$-60,$-148,$-356,$-507,$0,$50,$50,$1,$35,$-1,$1021,$1105,$602,$1,$0
29,2011-06-30,12.09,$9.94,1.22,$5.29,2.28,$2.18,5.55,$0.85,14.22,$2.03B,$2.08B,0.98,$0.05B,$0.19B,0.25,$0.12B,$0.10B,83.05%,$0.12B,$0.03B,27.12%,$0.12B,0,0.00%,$0.12B,0,0.00%,$0.12B,$0.03B,27.12%,$0.12B,$0.02B,16.10%,$0.02B,$0.22B,9.11%,$0.02B,$0.21B,9.29%,$0.02B,$2.35B,0.88%,$0.03B,$0.27B,12.42%,$32,$5,$27,$0,$18,$23,$9,$0,$9,$3,$6,$6,$5,$0,$0,$22,23,$0.23,$0.22,$87,$0,$0,$2034,$10,$260,$4,$32,$320,$2354,$2078,$49,$10,$59,$2137,$0,$58,$3,$217,$2354,$11,$1,$6,$7,$55,$0,$0,$-2,$53,$71,$-2,$0,$0,$1,$-20,$-19,$-272,$-293,$0,$39,$39,$0,$0,$-1,$214,$253,$30,$0,$0
30,2011-03-31,12.77,$9.64,1.32,$5.03,2.54,$-1.36,0.0,$0.77,16.59,$1.88B,$1.92B,0.98,$0.05B,$0.19B,0.26,$0.11B,$0.09B,82.14%,$0.11B,$0.03B,25.00%,$0.11B,0,0.00%,$0.11B,0,0.00%,$0.11B,$0.03B,25.00%,$0.11B,$0.02B,15.18%,$0.02B,$0.21B,8.35%,$0.02B,$0.21B,8.53%,$0.02B,$2.19B,0.83%,$0.03B,$0.26B,11.08%,$29,$5,$24,$0,$16,$21,$8,$0,$8,$3,$5,$5,$5,$0,$0,$22,22,$0.22,$0.22,$107,$0,$0,$1884,$10,$239,$4,$34,$302,$2186,$1917,$49,$10,$60,$1976,$0,$53,$2,$210,$2186,$5,$1,$2,$3,$68,$0,$0,$-4,$64,$73,$-1,$0,$0,$1,$-1,$0,$-113,$-114,$0,$-8,$-8,$0,$0,$-0,$100,$92,$51,$0,$0
31,2010-12-31,13.12,$9.45,1.39,$4.80,2.74,$-4.31,0.0,$0.69,19.01,$1.79B,$1.82B,0.98,$0.05B,$0.18B,0.27,$0.11B,$0.09B,80.37%,$0.11B,$0.03B,23.36%,$0.11B,0,0.00%,$0.11B,0,0.00%,$0.11B,$0.03B,23.36%,$0.11B,$0.02B,14.02%,$0.02B,$0.21B,7.54%,$0.02B,$0.20B,7.70%,$0.02B,$2.09B,0.76%,$0.03B,$0.25B,10.06%,$30,$5,$25,$0,$17,$22,$8,$0,$8,$3,$5,$5,$5,$0,$0,$22,22,$0.22,$0.22,$58,$0,$0,$1789,$9,$238,$4,$34,$300,$2089,$1824,$49,$11,$60,$1885,$0,$49,$2,$205,$2089,$17,$5,$7,$12,$-79,$0,$0,$7,$-72,$-43,$-3,$0,$0,$-4,$7,$3,$-283,$-283,$0,$-3,$-3,$0,$0,$-1,$267,$263,$-64,$1,$0
32,2010-09-30,10.44,$9.35,1.12,$3.58,2.91,$-1.84,0.0,$0.59,17.69,$1.68B,$1.75B,0.96,$0.05B,$0.18B,0.27,$0.08B,$0.06B,81.01%,$0.08B,$0.02B,24.05%,$0.08B,0,0.00%,$0.08B,0,0.00%,$0.08B,$0.02B,24.05%,$0.08B,$0.01B,13.92%,$0.01B,$0.20B,5.65%,$0.01B,$0.20B,5.77%,$0.01B,$2.01B,0.58%,$0.02B,$0.25B,7.77%,$27,$5,$22,$0,$15,$20,$7,$0,$7,$2,$5,$5,$4,$0,$0,$22,22,$0.20,$0.20,$99,$0,$0,$1679,$9,$269,$4,$33,$327,$2006,$1745,$49,$9,$59,$1804,$0,$44,$5,$202,$2006,$12,$2,$6,$8,$-69,$0,$0,$7,$-62,$-43,$-1,$0,$0,$-0,$-22,$-22,$-135,$-159,$0,$-2,$-2,$0,$0,$-1,$186,$184,$-18,$0,$0
33,2010-06-30,10.71,$9.10,1.18,$3.89,2.75,$0.76,14.1,$0.53,20.21,$1.63B,$1.68B,0.97,$0.05B,$0.17B,0.28,$0.08B,$0.06B,78.67%,$0.08B,$0.02B,21.33%,$0.08B,0,0.00%,$0.08B,0,0.00%,$0.08B,$0.02B,21.33%,$0.08B,$0.01B,12.00%,$0.01B,$0.20B,4.62%,$0.01B,$0.19B,4.73%,$0.01B,$1.94B,0.50%,$0.02B,$0.25B,6.69%,$26,$5,$21,$0,$15,$20,$5,$0,$5,$2,$3,$3,$3,$0,$0,$22,22,$0.15,$0.15,$122,$0,$0,$1629,$9,$247,$4,$36,$308,$1937,$1684,$49,$7,$56,$1741,$0,$39,$4,$197,$1937,$7,$1,$4,$5,$-23,$0,$0,$1,$-22,$-10,$-1,$0,$0,$-1,$-1,$-2,$-106,$-109,$0,$5,$5,$0,$0,$-1,$118,$123,$3,$0,$0
34,2010-03-31,10.77,$8.91,1.21,$5.92,1.82,$1.80,5.98,$0.54,20.12,$1.51B,$1.59B,0.95,$0.05B,$0.17B,0.29,$0.09B,$0.07B,74.47%,$0.09B,$0.02B,19.15%,$0.09B,0,0.00%,$0.09B,0,0.00%,$0.09B,$0.02B,19.15%,$0.09B,$0.01B,10.64%,$0.01B,$0.19B,5.50%,$0.01B,$0.19B,5.63%,$0.01B,$1.83B,0.58%,$0.02B,$0.24B,8.11%,$24,$5,$18,$0,$13,$18,$5,$0,$5,$2,$3,$3,$3,$0,$0,$22,22,$0.15,$0.14,$100,$0,$0,$1508,$9,$264,$4,$36,$325,$1833,$1585,$49,$6,$56,$1641,$0,$36,$3,$192,$1833,$3,$1,$2,$3,$0,$0,$0,$-1,$-1,$6,$-0,$0,$0,$0,$-19,$-19,$-28,$-47,$0,$7,$7,$0,$0,$-0,$17,$24,$-17,$0,$0
35,2009-12-31,9.52,$8.76,1.09,$6.37,1.5,$1.83,5.19,$0.50,18.86,$1.50B,$1.56B,0.96,$0.05B,$0.17B,0.3,$0.09B,$0.07B,73.63%,$0.09B,$0.02B,17.58%,$0.09B,0,0.00%,$0.09B,0,0.00%,$0.09B,$0.02B,17.58%,$0.09B,$0.01B,8.79%,$0.01B,$0.19B,4.71%,$0.01B,$0.18B,4.80%,$0.01B,$1.81B,0.49%,$0.02B,$0.24B,7.50%,$2,$-1,$3,$0,$1,$0,$2,$0,$2,$1,$1,$1,$1,$0,$0,$16,16,$-0.01,$0.00,$118,$0,$0,$1498,$9,$246,$4,$36,$308,$1806,$1561,$49,$7,$56,$1617,$0,$33,$2,$188,$1806,$10,$2,$5,$7,$1,$0,$0,$-11,$-10,$8,$-2,$0,$0,$0,$-75,$-75,$-148,$-225,$-13,$-53,$-66,$52,$37,$-2,$331,$300,$83,$1,$0
36,2009-09-30,8.71,$9.39,0.93,$7.96,1.09,$0.80,10.91,$0.51,16.98,$1.41B,$1.44B,0.98,$0.03B,$0.16B,0.18,$0.11B,$0.08B,70.27%,$0.11B,$0.02B,15.32%,$0.11B,0,0.00%,$0.11B,0,0.00%,$0.11B,$0.02B,15.32%,$0.11B,$0.01B,7.21%,$0.01B,$0.20B,5.05%,$0.01B,$0.20B,5.14%,$0.01B,$1.68B,0.51%,$0.02B,$0.23B,8.29%,$23,$6,$17,$0,$12,$19,$4,$0,$4,$2,$3,$3,$2,$0,$0,$15,15,$0.15,$0.14,$112,$0,$0,$1410,$9,$220,$4,$29,$273,$1683,$1441,$29,$11,$40,$1481,$0,$31,$3,$202,$1683,$7,$2,$4,$6,$2,$0,$0,$-4,$-3,$10,$-1,$0,$0,$-5,$-49,$-54,$-54,$-109,$-33,$-45,$-77,$52,$52,$-1,$203,$176,$77,$0,$0
37,2009-06-30,7.97,$10.35,0.77,$7.85,1.02,$1.07,7.46,$0.56,14.14,$1.36B,$1.39B,0.98,$0.03B,$0.11B,0.3,$0.11B,$0.07B,68.87%,$0.11B,$0.02B,16.04%,$0.11B,0,0.00%,$0.11B,0,0.00%,$0.11B,$0.02B,16.04%,$0.11B,$0.01B,7.55%,$0.01B,$0.15B,6.00%,$0.01B,$0.14B,6.07%,$0.01B,$1.59B,0.53%,$0.02B,$0.18B,8.88%,$45,$13,$32,$0,$25,$38,$7,$0,$7,$2,$5,$5,$4,$0,$0,$14,14,$0.26,$0.26,$58,$0,$0,$1362,$9,$178,$4,$25,$228,$1590,$1390,$32,$22,$55,$1445,$0,$29,$1,$145,$1590,$5,$1,$1,$2,$-8,$0,$0,$9,$2,$8,$-1,$0,$0,$0,$-7,$-7,$-49,$-57,$-30,$-12,$-42,$0,$0,$-1,$119,$76,$28,$0,$0
38,2009-03-31,5.68,$10.31,0.55,$5.91,0.96,$0.96,5.93,$0.58,9.88,$1.29B,$1.28B,1.01,$0.06B,$0.11B,0.58,$0.08B,$0.05B,67.11%,$0.08B,$0.01B,17.11%,$0.08B,0,0.00%,$0.08B,0,0.00%,$0.08B,$0.01B,17.11%,$0.08B,$0.01B,7.89%,$0.01B,$0.15B,5.08%,$0.01B,$0.15B,5.11%,$0.01B,$1.50B,0.45%,$0.01B,$0.21B,7.19%,$21,$7,$15,$0,$12,$18,$3,$0,$3,$1,$2,$2,$1,$0,$0,$14,14,$0.11,$0.11,$37,$0,$0,$1289,$9,$159,$0,$28,$207,$1496,$1280,$62,$9,$72,$1351,$0,$26,$3,$145,$1496,$2,$1,$2,$2,$-0,$0,$0,$0,$0,$4,$-0,$0,$0,$-1,$10,$9,$-3,$6,$0,$-23,$-23,$0,$0,$-0,$19,$-4,$6,$0,$0
39,2008-12-31,5.23,$10.18,0.51,$5.63,0.93,$0.97,5.39,$0.61,8.62,$1.28B,$1.28B,1.0,$0.06B,$0.11B,0.59,$0.07B,$0.05B,65.71%,$0.07B,$0.01B,18.57%,$0.07B,0,0.00%,$0.07B,0,0.00%,$0.07B,$0.01B,18.57%,$0.07B,$0.01B,10.00%,$0.01B,$0.14B,6.81%,$0.01B,$0.14B,6.85%,$0.01B,$1.50B,0.59%,$0.01B,$0.21B,8.13%,$22,$8,$14,$0,$12,$20,$3,$0,$3,$1,$2,$2,$1,$0,$0,$13,13,$0.10,$0.10,$30,$0,$0,$1280,$10,$169,$3,$25,$217,$1497,$1283,$62,$9,$71,$1354,$0,$25,$2,$142,$1497,$7,$2,$2,$4,$-1,$0,$0,$-18,$-18,$-7,$-1,$0,$11,$0,$17,$17,$-190,$-163,$32,$-1,$31,$1,$39,$-1,$112,$181,$12,$0,$-1
40,2008-09-30,7.64,$7.93,0.96,$5.32,1.44,$2.50,3.05,$0.68,11.25,$1.20B,$1.26B,0.96,$0.08B,$0.10B,0.76,$0.07B,$0.04B,66.15%,$0.07B,$0.01B,21.54%,$0.07B,0,0.00%,$0.07B,0,0.00%,$0.07B,$0.01B,20.00%,$0.07B,$0.01B,12.31%,$0.01B,$0.10B,9.14%,$0.01B,$0.10B,9.14%,$0.01B,$1.46B,0.78%,$0.01B,$0.18B,10.26%,$18,$6,$12,$0,$9,$14,$4,$0,$4,$1,$2,$2,$2,$0,$0,$13,13,$0.18,$0.17,$46,$0,$0,$1202,$10,$214,$0,$26,$255,$1458,$1257,$76,$24,$100,$1357,$0,$23,$1,$101,$1458,$6,$1,$3,$4,$-1,$0,$0,$3,$3,$12,$-1,$0,$11,$-2,$-30,$-33,$-96,$-119,$46,$-36,$11,$1,$1,$-1,$120,$130,$23,$0,$-1
41,2008-06-30,7.64,$7.07,1.08,$5.33,1.43,$2.45,3.12,$0.64,12.01,$0.81B,$0.78B,1.04,$0.05B,$0.08B,0.59,$0.06B,$0.04B,64.52%,$0.06B,$0.01B,20.97%,$0.06B,0,0.00%,$0.06B,0,0.00%,$0.06B,$0.01B,19.35%,$0.06B,$0.01B,12.90%,$0.01B,$0.08B,9.79%,$0.01B,$0.08B,9.79%,$0.01B,$0.92B,0.92%,$0.01B,$0.13B,10.57%,$15,$5,$10,$0,$7,$12,$3,$0,$3,$1,$2,$2,$2,$0,$0,$12,12,$0.16,$0.16,$20,$0,$0,$807,$7,$80,$0,$18,$108,$916,$776,$50,$5,$55,$832,$0,$31,$0,$84,$916,$4,$1,$1,$2,$1,$0,$0,$-1,$0,$6,$-1,$0,$0,$3,$7,$10,$-79,$-69,$20,$-21,$-1,$1,$1,$-1,$68,$67,$3,$0,$-1
42,2008-03-31,10.72,$7.05,1.52,$5.37,2.0,$2.29,4.68,$0.64,16.63,$0.79B,$0.77B,1.03,$0.04B,$0.08B,0.48,$0.06B,$0.04B,62.90%,$0.06B,$0.01B,20.97%,$0.06B,0,0.00%,$0.06B,0,0.00%,$0.06B,$0.01B,19.35%,$0.06B,$0.01B,12.90%,$0.01B,$0.08B,10.03%,$0.01B,$0.08B,10.03%,$0.01B,$0.90B,0.95%,$0.01B,$0.12B,11.09%,$15,$5,$10,$0,$7,$12,$3,$0,$3,$1,$2,$2,$2,$0,$0,$12,12,$0.14,$0.14,$36,$0,$0,$789,$6,$83,$0,$18,$110,$899,$769,$40,$6,$46,$816,$0,$29,$1,$84,$899,$2,$0,$1,$1,$0,$0,$0,$1,$1,$4,$-0,$0,$0,$2,$5,$8,$-43,$-35,$10,$-15,$-5,$0,$0,$-1,$55,$50,$18,$0,$-1
43,2007-12-31,9.89,$7.59,1.3,$5.35,1.85,$2.12,4.67,$0.64,15.34,$0.73B,$0.73B,1.0,$0.03B,$0.08B,0.37,$0.06B,$0.04B,61.29%,$0.06B,$0.01B,20.97%,$0.06B,0,0.00%,$0.06B,0,0.00%,$0.06B,$0.01B,19.35%,$0.06B,$0.01B,12.90%,$0.01B,$0.08B,10.36%,$0.01B,$0.08B,10.36%,$0.01B,$0.85B,0.99%,$0.01B,$0.11B,11.79%,$17,$6,$11,$0,$7,$13,$4,$0,$3,$1,$2,$2,$2,$0,$0,$12,12,$0.18,$0.18,$20,$0,$0,$731,$7,$87,$0,$18,$115,$846,$729,$30,$6,$36,$765,$0,$28,$1,$81,$846,$8,$1,$1,$2,$-0,$0,$0,$2,$2,$12,$-1,$0,$0,$0,$5,$5,$-92,$-87,$8,$52,$60,$2,$2,$-2,$2,$62,$-13,$0,$-2
44,2007-09-30,10.79,$6.73,1.6,$5.18,2.08,$1.60,6.74,$0.64,16.95,$0.70B,$0.67B,1.04,$0.05B,$0.08B,0.58,$0.06B,$0.04B,60.00%,$0.06B,$0.01B,20.00%,$0.06B,0,0.00%,$0.06B,0,0.00%,$0.06B,$0.01B,20.00%,$0.06B,$0.01B,13.33%,$0.01B,$0.08B,10.63%,$0.01B,$0.08B,10.63%,$0.01B,$0.80B,1.01%,$0.01B,$0.12B,11.29%,$15,$6,$9,$0,$7,$13,$3,$0,$3,$1,$2,$2,$2,$0,$0,$11,11,$0.16,$0.16,$22,$0,$0,$696,$7,$77,$0,$18,$106,$802,$672,$45,$7,$52,$724,$0,$26,$-0,$78,$802,$5,$1,$1,$2,$1,$0,$0,$2,$3,$10,$-1,$0,$0,$0,$14,$14,$-54,$-41,$0,$34,$34,$1,$1,$-2,$-13,$20,$-11,$0,$-2
45,2007-06-30,13.39,$6.57,2.04,$4.94,2.71,$0.68,19.67,$0.64,20.76,$0.71B,$0.70B,1.02,$0.04B,$0.08B,0.46,$0.06B,$0.04B,61.02%,$0.06B,$0.01B,20.34%,$0.06B,0,0.00%,$0.06B,0,0.00%,$0.06B,$0.01B,20.34%,$0.06B,$0.01B,13.56%,$0.01B,$0.08B,10.88%,$0.01B,$0.08B,10.88%,$0.01B,$0.81B,1.04%,$0.01B,$0.11B,12.87%,$15,$6,$9,$0,$6,$12,$3,$0,$3,$1,$2,$2,$2,$0,$0,$12,12,$0.17,$0.17,$57,$0,$0,$712,$7,$72,$0,$18,$101,$813,$698,$35,$4,$39,$737,$0,$25,$-1,$76,$813,$4,$1,$0,$1,$-1,$0,$0,$0,$-1,$4,$-1,$0,$0,$0,$18,$19,$-34,$-16,$0,$15,$15,$1,$1,$-1,$22,$36,$24,$0,$-1
46,2007-03-31,13.26,$6.47,2.05,$4.73,2.8,$0.31,42.55,$0.64,20.56,$0.67B,$0.68B,1.0,$0.02B,$0.07B,0.3,$0.06B,$0.04B,63.16%,$0.06B,$0.01B,21.05%,$0.06B,0,0.00%,$0.06B,0,0.00%,$0.06B,$0.01B,21.05%,$0.06B,$0.01B,14.04%,$0.01B,$0.07B,11.19%,$0.01B,$0.07B,11.19%,$0.01B,$0.78B,1.06%,$0.01B,$0.10B,14.55%,$15,$6,$9,$0,$6,$12,$3,$0,$3,$1,$2,$2,$2,$0,$0,$11,12,$0.15,$0.14,$41,$0,$0,$673,$7,$74,$0,$18,$103,$776,$675,$22,$5,$27,$702,$0,$24,$-0,$74,$776,$2,$0,$0,$1,$-0,$0,$0,$0,$-0,$2,$-1,$0,$0,$0,$17,$17,$-12,$5,$0,$-3,$-3,$0,$0,$-1,$4,$0,$7,$0,$-1
47,2006-12-31,14.0,$6.36,2.2,$4.51,3.1,$0.12,115.39,$0.67,20.91,$0.65B,$0.68B,0.97,$0.02B,$0.07B,0.3,$0.05B,$0.04B,66.67%,$0.05B,$0.01B,22.22%,$0.05B,0,0.00%,$0.05B,0,0.00%,$0.05B,$0.01B,22.22%,$0.05B,$0.01B,14.81%,$0.01B,$0.07B,11.47%,$0.01B,$0.07B,11.47%,$0.01B,$0.77B,1.08%,$0.01B,$0.10B,15.95%,$15,$5,$9,$0,$6,$11,$3,$0,$3,$1,$2,$2,$2,$0,$0,$11,12,$0.19,$0.19,$34,$0,$0,$654,$7,$91,$0,$18,$119,$773,$675,$22,$4,$26,$701,$0,$23,$-0,$73,$773,$8,$1,$1,$2,$1,$0,$0,$-4,$-3,$7,$-2,$0,$0,$0,$-22,$-22,$-71,$-95,$22,$14,$36,$1,$1,$-2,$60,$95,$6,$0,$-2
