,Date,Stock Price,Book Value per Share,Price to Book Ratio,TTM Sales per Share,Price to Sales Ratio,TTM FCF per Share,Price to FCF Ratio,TTM Net EPS,PE Ratio,Current Assets,Current Liabilities,Current Ratio,Long Term Debt,Shareholder's Equity_x,Debt to Equity Ratio,TTM Revenue_x,TTM Gross Profit,Gross Margin,TTM Revenue_y,TTM Operating Income,Operating Margin,TTM Revenue_x,TTM EBIT,EBIT Margin,TTM Revenue_y,TTM EBITDA,EBITDA Margin,TTM Revenue_x,TTM Pre-Tax Income,Pre-Tax Margin,TTM Revenue_y,TTM Net Income_x,Net Margin,TTM Net Income_y,Shareholder's Equity_y,Return on Equity,TTM Net Income_x,Tangible Equity,Return on Tangible Equity,TTM Net Income_y,Total Assets,Return on Assets,TTM Net Income,LT Investments & Debt,Return on Investment,revenue,cost-goods-sold,gross-profit,research-development-expenses,selling-general-administrative-expenses,operating-expenses,operating-income,total-non-operating-income-expense,pre-tax-income,total-provision-income-taxes,income-after-taxes,income-from-continuous-operations,net-income,ebitda,ebit,basic-shares-outstanding,shares-outstanding,eps-basic-net-earnings-per-share,eps-earnings-per-share-diluted,cash-on-hand,inventory,other-current-assets,total-current-assets,net-property-plant-equipment,long-term-investments,goodwill-intangible-assets-total,other-long-term-assets,total-long-term-assets,total-assets,total-current-liabilities,long-term-debt,other-non-current-liabilities,total-long-term-liabilities,total-liabilities,common-stock-net,retained-earnings-accumulated-deficit,comprehensive-income,total-share-holder-equity,total-liabilities-share-holders-equity,net-income-loss,total-depreciation-amortization-cash-flow,other-non-cash-items,total-non-cash-items,change-in-accounts-receivable,change-in-inventories,change-in-accounts-payable,change-in-assets-liabilities,total-change-in-assets-liabilities,cash-flow-from-operating-activities,net-change-in-property-plant-equipment,net-change-in-intangible-assets,net-acquisitions-divestitures,net-change-in-short-term-investments,net-change-in-long-term-investments,net-change-in-investments-total,investing-activities-other,cash-flow-from-investing-activities,net-long-term-debt,net-current-debt,debt-issuance-retirement-net-total,net-common-equity-issued-repurchased,net-total-equity-issued-repurchased,total-common-preferred-stock-dividends-paid,financial-activities-other,cash-flow-from-financial-activities,net-cash-flow,stock-based-compensation,common-stock-dividends-paid
0,2018-09-30,21.25,$2.53,8.41,$3.49,6.09,$-0.21,0.0,$-1.49,0.0,$0.18B,$0.07B,2.65,$0.00B,$0.24B,0.0,$0.32B,$0.25B,75.62%,$0.32B,$-0.07B,-21.60%,$0.32B,$-0.07B,-21.60%,$0.32B,$-0.05B,-15.43%,$0.32B,$-0.07B,-20.68%,$0.32B,$-0.14B,-42.59%,$-0.14B,$0.24B,-59.35%,$-0.14B,$0.19B,-76.45%,$-0.14B,$0.31B,-46.86%,$-0.07B,$0.24B,-30.11%,$86,$21,$64,$14,$72,$108,$-22,$1,$-21,$0,$-21,$-21,$-21,$-16,$-22,$94,94,$-0.23,$-0.23,$129,$0,$14,$175,$42,$0,$52,$11,$134,$310,$66,$0,$4,$4,$70,$0,$-198,$-7,$239,$310,$-37,$11,$22,$33,$-3,$0,$8,$-5,$-1,$-5,$-14,$0,$-3,$0,$17,$17,$0,$-0,$-1,$0,$-1,$-1,$-1,$0,$0,$-2,$-7,$19,$0
1,2018-06-30,20.05,$2.70,7.43,$3.37,5.95,$0.01,1806.31,$-1.27,0.0,$0.19B,$0.06B,3.06,$0.00B,$0.25B,0.0,$0.31B,$0.24B,76.13%,$0.31B,$-0.05B,-16.77%,$0.31B,$-0.05B,-16.77%,$0.31B,$-0.04B,-11.29%,$0.31B,$-0.05B,-16.13%,$0.31B,$-0.12B,-38.06%,$-0.12B,$0.25B,-47.29%,$-0.12B,$0.20B,-60.67%,$-0.12B,$0.32B,-38.50%,$-0.05B,$0.25B,-20.84%,$83,$21,$62,$13,$65,$99,$-16,$1,$-15,$0,$-15,$-15,$-15,$-11,$-16,$93,93,$-0.16,$-0.16,$144,$0,$11,$186,$38,$0,$53,$11,$130,$316,$61,$0,$3,$3,$64,$0,$-177,$-7,$252,$316,$-15,$5,$10,$16,$-1,$0,$4,$-2,$0,$1,$-6,$0,$-3,$-8,$18,$11,$0,$2,$-0,$0,$-0,$1,$1,$0,$0,$1,$3,$9,$0
2,2018-03-31,18.65,$2.36,7.91,$3.23,5.78,$0.09,207.22,$-1.13,0.0,$0.18B,$0.06B,3.17,$0.00B,$0.22B,0.0,$0.30B,$0.23B,76.69%,$0.30B,$-0.04B,-13.85%,$0.30B,$-0.04B,-13.85%,$0.30B,$-0.03B,-8.78%,$0.30B,$-0.04B,-12.84%,$0.30B,$-0.11B,-35.47%,$-0.11B,$0.22B,-39.70%,$-0.11B,$0.17B,-50.72%,$-0.11B,$0.28B,-33.07%,$-0.04B,$0.22B,-15.50%,$79,$20,$60,$10,$63,$93,$-14,$1,$-13,$0,$-13,$-13,$-13,$-9,$-14,$92,92,$-0.15,$-0.15,$152,$0,$10,$179,$36,$0,$52,$11,$99,$277,$56,$0,$2,$2,$58,$0,$-201,$-6,$219,$277,$-104,$16,$104,$120,$-2,$0,$12,$-3,$7,$22,$-22,$0,$0,$0,$13,$13,$1,$-7,$-1,$0,$-1,$-15,$-15,$0,$-0,$-16,$-1,$29,$0
3,2017-12-31,14.1,$2.39,5.9,$3.10,4.55,$0.24,58.24,$-1.02,0.0,$0.19B,$0.05B,3.55,$0.00B,$0.22B,0.0,$0.28B,$0.22B,77.03%,$0.28B,$-0.03B,-10.95%,$0.28B,$-0.03B,-10.95%,$0.28B,$-0.02B,-6.36%,$0.28B,$-0.03B,-9.89%,$0.28B,$-0.10B,-33.57%,$-0.10B,$0.22B,-33.69%,$-0.10B,$0.17B,-42.89%,$-0.10B,$0.28B,-28.64%,$-0.03B,$0.22B,-10.99%,$76,$17,$59,$9,$59,$94,$-18,$1,$-18,$71,$-89,$-89,$-89,$-14,$-18,$92,92,$-0.96,$-0.96,$161,$0,$10,$189,$33,$0,$52,$1,$86,$275,$53,$0,$1,$1,$55,$0,$-188,$-6,$220,$275,$-91,$11,$96,$107,$-3,$0,$9,$-2,$4,$19,$-15,$0,$0,$0,$5,$5,$1,$-9,$-1,$0,$-1,$-19,$-19,$0,$-0,$-20,$-9,$21,$0
4,2017-09-30,13.5,$3.34,4.04,$2.98,4.53,$0.33,41.35,$-0.07,0.0,$0.19B,$0.05B,3.94,$0.00B,$0.31B,0.0,$0.27B,$0.21B,76.75%,$0.27B,$-0.02B,-5.54%,$0.27B,$-0.02B,-5.54%,$0.27B,$-0.00B,-1.11%,$0.27B,$-0.01B,-4.06%,$0.27B,$-0.01B,-2.58%,$-0.01B,$0.31B,-2.35%,$-0.01B,$0.24B,-2.98%,$-0.01B,$0.36B,-2.03%,$-0.02B,$0.31B,-5.04%,$72,$18,$55,$8,$51,$77,$-4,$0,$-4,$-3,$-1,$-1,$-1,$-1,$-4,$92,92,$-0.01,$-0.01,$167,$0,$12,$194,$30,$0,$62,$0,$164,$358,$49,$0,$2,$2,$51,$0,$-100,$-6,$307,$358,$-3,$7,$8,$15,$-1,$0,$3,$-3,$-1,$11,$-9,$0,$0,$0,$2,$2,$1,$-6,$-1,$0,$-1,$-11,$-11,$0,$-0,$-12,$-6,$13,$0
5,2017-06-30,14.55,$3.40,4.28,$2.87,5.07,$0.37,39.68,$-0.06,0.0,$0.20B,$0.05B,4.35,$0.00B,$0.31B,0.0,$0.26B,$0.20B,76.34%,$0.26B,$-0.01B,-4.20%,$0.26B,$-0.01B,-4.20%,$0.26B,0,0.00%,$0.26B,$-0.01B,-2.67%,$0.26B,$-0.01B,-2.29%,$-0.01B,$0.31B,-2.06%,$-0.01B,$0.25B,-2.63%,$-0.01B,$0.36B,-1.79%,$-0.01B,$0.31B,-3.78%,$69,$17,$53,$8,$50,$75,$-5,$2,$-3,$-1,$-2,$-2,$-2,$-2,$-5,$92,92,$-0.02,$-0.02,$178,$0,$10,$202,$27,$0,$63,$0,$158,$360,$46,$0,$2,$2,$48,$0,$-99,$-8,$312,$360,$-2,$4,$4,$7,$-0,$0,$3,$-2,$1,$6,$-4,$0,$0,$-16,$25,$9,$1,$6,$-0,$0,$-0,$-0,$-0,$0,$0,$-1,$12,$6,$0
6,2017-03-31,15.25,$3.15,4.83,$2.78,5.48,$0.39,38.65,$-0.05,0.0,$0.20B,$0.04B,4.55,$0.00B,$0.29B,0.0,$0.25B,$0.19B,75.49%,$0.25B,$-0.01B,-2.77%,$0.25B,$-0.01B,-2.77%,$0.25B,$0.00B,1.58%,$0.25B,$-0.00B,-1.58%,$0.25B,$-0.01B,-1.98%,$-0.01B,$0.29B,-1.77%,$-0.01B,$0.23B,-2.28%,$-0.01B,$0.33B,-1.54%,$-0.01B,$0.29B,-2.48%,$66,$15,$51,$7,$48,$70,$-4,$1,$-3,$-0,$-3,$-3,$-3,$-1,$-4,$90,90,$-0.03,$-0.03,$175,$0,$8,$197,$24,$0,$63,$0,$137,$334,$43,$0,$2,$2,$45,$0,$-115,$-10,$289,$334,$-5,$10,$22,$32,$-5,$0,$8,$-2,$1,$28,$-14,$0,$-3,$0,$-5,$-5,$0,$-22,$-1,$0,$-1,$2,$2,$0,$0,$2,$7,$21,$0
7,2016-12-31,14.3,$3.10,4.61,$2.70,5.3,$0.43,33.58,$-0.03,0.0,$0.19B,$0.04B,5.0,$0.00B,$0.28B,0.0,$0.24B,$0.18B,74.59%,$0.24B,$-0.01B,-2.46%,$0.24B,$-0.01B,-2.46%,$0.24B,$0.00B,1.64%,$0.24B,$-0.00B,-1.64%,$0.24B,$-0.00B,-1.23%,$-0.00B,$0.28B,-1.08%,$-0.00B,$0.22B,-1.40%,$-0.00B,$0.32B,-0.94%,$-0.01B,$0.28B,-2.15%,$64,$15,$49,$7,$44,$65,$-2,$0,$-1,$0,$-1,$-1,$-1,$1,$-2,$91,91,$-0.01,$-0.01,$173,$1,$6,$192,$15,$0,$61,$7,$131,$324,$38,$0,$3,$3,$42,$0,$-112,$-10,$282,$324,$-2,$8,$16,$24,$-3,$0,$4,$-1,$0,$22,$-10,$0,$0,$0,$-10,$-10,$0,$-21,$-0,$0,$-0,$-0,$-0,$0,$-0,$-1,$-0,$16,$0
8,2016-09-30,15.43,$3.11,4.97,$2.60,5.94,$0.42,36.86,$-0.04,0.0,$0.19B,$0.04B,5.08,$0.00B,$0.28B,0.0,$0.23B,$0.17B,73.39%,$0.23B,$-0.01B,-3.00%,$0.23B,$-0.01B,-3.00%,$0.23B,$0.00B,1.29%,$0.23B,$-0.01B,-2.15%,$0.23B,$-0.00B,-1.72%,$-0.00B,$0.28B,-1.45%,$-0.00B,$0.22B,-1.92%,$-0.00B,$0.32B,-1.27%,$-0.01B,$0.28B,-2.54%,$63,$17,$47,$7,$40,$64,$-0,$0,$0,$-0,$0,$0,$0,$2,$-0,$90,93,$0.00,$0.00,$170,$0,$7,$189,$15,$0,$64,$5,$133,$322,$37,$0,$3,$3,$41,$0,$-110,$-8,$281,$322,$-1,$5,$10,$15,$-2,$0,$3,$-2,$-1,$13,$-8,$0,$0,$0,$-8,$-8,$0,$-16,$-0,$0,$-0,$2,$2,$0,$-0,$1,$-1,$10,$0
9,2016-06-30,14.61,$3.09,4.73,$2.50,5.85,$0.41,36.03,$-0.06,0.0,$0.19B,$0.04B,5.22,$0.00B,$0.28B,0.0,$0.22B,$0.16B,72.85%,$0.22B,$-0.01B,-4.07%,$0.22B,$-0.01B,-4.07%,$0.22B,$0.00B,0.90%,$0.22B,$-0.01B,-2.71%,$0.22B,$-0.01B,-2.71%,$-0.01B,$0.28B,-2.20%,$-0.01B,$0.21B,-2.96%,$-0.01B,$0.32B,-1.95%,$-0.01B,$0.28B,-3.31%,$60,$16,$44,$7,$38,$61,$-1,$0,$-0,$0,$-1,$-1,$-1,$2,$-1,$89,89,$-0.01,$-0.01,$167,$0,$5,$185,$13,$0,$65,$4,$131,$316,$35,$0,$3,$3,$39,$0,$-110,$-7,$277,$316,$-1,$3,$5,$8,$-1,$0,$1,$-0,$-1,$7,$-2,$0,$0,$0,$-10,$-10,$0,$-13,$-0,$0,$-0,$0,$0,$0,$-0,$0,$-6,$5,$0
10,2016-03-31,10.06,$3.09,3.26,$2.37,4.25,$0.39,25.56,$-0.06,0.0,$0.19B,$0.04B,5.35,$0.00B,$0.28B,0.0,$0.21B,$0.15B,72.73%,$0.21B,$-0.01B,-3.83%,$0.21B,$-0.01B,-3.83%,$0.21B,$0.00B,0.96%,$0.21B,$-0.01B,-2.87%,$0.21B,$-0.01B,-2.39%,$-0.01B,$0.28B,-1.84%,$-0.01B,$0.21B,-2.51%,$-0.01B,$0.31B,-1.64%,$-0.01B,$0.28B,-2.94%,$57,$16,$42,$6,$38,$60,$-3,$0,$-3,$-1,$-1,$-1,$-1,$-1,$-3,$88,88,$-0.01,$-0.01,$163,$1,$5,$186,$12,$0,$69,$3,$128,$313,$35,$0,$3,$3,$38,$0,$-110,$-4,$275,$313,$-5,$9,$17,$26,$-5,$0,$9,$-2,$3,$24,$-7,$0,$-23,$0,$-6,$-6,$0,$-36,$-0,$0,$-0,$-7,$-7,$0,$0,$-7,$-20,$16,$0
11,2015-12-31,11.45,$3.04,3.76,$2.20,5.22,$0.37,31.24,$-0.05,0.0,$0.18B,$0.03B,5.75,$0.00B,$0.27B,0.0,$0.20B,$0.14B,72.45%,$0.20B,$-0.01B,-2.55%,$0.20B,$-0.01B,-2.55%,$0.20B,$0.01B,2.55%,$0.20B,$-0.00B,-1.53%,$0.20B,$-0.00B,-2.04%,$-0.00B,$0.27B,-1.47%,$-0.00B,$0.20B,-1.96%,$-0.00B,$0.30B,-1.33%,$-0.01B,$0.27B,-1.84%,$53,$15,$38,$6,$34,$56,$-3,$0,$-2,$-1,$-2,$-2,$-2,$-0,$-3,$88,88,$-0.02,$-0.02,$155,$1,$5,$175,$12,$0,$71,$2,$129,$304,$30,$0,$4,$4,$34,$0,$-109,$-3,$269,$304,$-4,$7,$13,$20,$-3,$-0,$0,$-3,$-0,$15,$-5,$0,$-23,$0,$-8,$-8,$0,$-36,$-0,$0,$-0,$-9,$-9,$0,$-0,$-9,$-29,$11,$0
12,2015-09-30,8.27,$3.00,2.76,$2.04,4.05,$0.34,24.35,$-0.03,0.0,$0.17B,$0.03B,6.32,$0.00B,$0.27B,0.0,$0.18B,$0.13B,72.83%,$0.18B,$-0.00B,-0.54%,$0.18B,$-0.00B,-0.54%,$0.18B,$0.01B,4.35%,$0.18B,0,0.00%,$0.18B,$-0.00B,-1.09%,$-0.00B,$0.27B,-0.73%,$-0.00B,$0.19B,-0.94%,$-0.00B,$0.30B,-0.66%,$-0.00B,$0.27B,-0.36%,$51,$14,$37,$6,$32,$53,$-2,$0,$-1,$0,$-2,$-2,$-2,$1,$-2,$89,89,$-0.02,$-0.02,$149,$1,$4,$169,$11,$0,$74,$2,$130,$299,$27,$0,$4,$4,$31,$0,$-107,$-2,$268,$299,$-2,$5,$7,$12,$-3,$-0,$0,$-3,$-3,$7,$-3,$0,$-23,$3,$0,$3,$0,$-23,$-0,$0,$-0,$-8,$-8,$0,$-0,$-8,$-24,$7,$0
13,2015-06-30,8.96,$3.12,2.87,$1.90,4.72,$0.36,25.2,0,0.0,$0.17B,$0.03B,6.78,$0.00B,$0.28B,0.0,$0.17B,$0.13B,72.25%,$0.17B,$0.00B,2.31%,$0.17B,$0.00B,2.31%,$0.17B,$0.01B,6.36%,$0.17B,$0.00B,2.31%,$0.17B,$0.00B,0.58%,$0.00B,$0.28B,0.36%,$0.00B,$0.20B,0.45%,$0.00B,$0.31B,0.33%,$0.00B,$0.28B,1.43%,$48,$13,$35,$5,$30,$48,$0,$0,$0,$1,$-0,$-0,$-0,$2,$0,$88,88,$-0.01,$-0.01,$157,$1,$4,$174,$12,$0,$77,$1,$133,$307,$26,$0,$5,$5,$31,$0,$-105,$-1,$276,$307,$-0,$2,$4,$6,$-1,$0,$1,$-2,$-1,$5,$-2,$0,$-23,$0,$-4,$-4,$0,$-29,$-0,$0,$-0,$0,$0,$0,$0,$0,$-24,$3,$0
14,2015-03-31,8.4,$3.09,2.72,$1.77,4.74,$0.36,23.34,$0.01,840.0,$0.19B,$0.02B,8.78,$0.00B,$0.27B,0.0,$0.16B,$0.12B,71.78%,$0.16B,$0.01B,3.07%,$0.16B,$0.01B,3.07%,$0.16B,$0.01B,6.75%,$0.16B,$0.01B,3.07%,$0.16B,$0.00B,0.61%,$0.00B,$0.27B,0.36%,$0.00B,$0.22B,0.44%,$0.00B,$0.30B,0.33%,$0.01B,$0.27B,1.78%,$44,$12,$32,$4,$27,$43,$0,$0,$0,$0,$0,$0,$0,$2,$0,$89,92,$0.00,$0.00,$177,$1,$2,$192,$10,$0,$49,$1,$104,$296,$22,$0,$1,$2,$23,$0,$-105,$-2,$272,$296,$2,$7,$12,$19,$-2,$0,$1,$-0,$0,$21,$-7,$0,$0,$0,$-6,$-6,$0,$-12,$-0,$0,$-0,$-15,$-15,$0,$0,$-15,$-6,$9,$0
15,2014-12-31,9.16,$3.18,2.88,$1.73,5.28,$0.34,27.09,$-0.01,0.0,$0.20B,$0.02B,9.99,$0.00B,$0.29B,0.0,$0.16B,$0.11B,70.97%,$0.16B,$0.01B,3.23%,$0.16B,$0.01B,3.23%,$0.16B,$0.01B,6.45%,$0.16B,$0.01B,3.23%,$0.16B,$-0.00B,-0.65%,$-0.00B,$0.29B,-0.35%,$-0.00B,$0.24B,-0.43%,$-0.00B,$0.31B,-0.33%,$0.01B,$0.29B,1.77%,$41,$12,$30,$4,$25,$41,$1,$0,$1,$1,$0,$0,$0,$3,$1,$90,92,$0.01,$0.01,$188,$1,$3,$200,$10,$0,$51,$1,$108,$308,$20,$0,$1,$2,$22,$0,$-105,$-1,$286,$308,$2,$5,$9,$14,$-2,$0,$-1,$-2,$-2,$14,$-5,$0,$0,$-48,$31,$-17,$0,$-22,$-0,$0,$-0,$1,$1,$0,$0,$1,$-7,$6,$0
16,2014-09-30,6.68,$3.18,2.1,$1.68,3.98,$0.35,19.11,$-0.01,0.0,$0.20B,$0.02B,9.76,$0.00B,$0.28B,0.0,$0.15B,$0.10B,70.07%,$0.15B,$0.00B,1.36%,$0.15B,$0.00B,1.36%,$0.15B,$0.01B,4.08%,$0.15B,$0.00B,2.04%,$0.15B,$-0.00B,-0.68%,$-0.00B,$0.28B,-0.36%,$-0.00B,$0.23B,-0.44%,$-0.00B,$0.31B,-0.33%,$0.00B,$0.28B,0.72%,$40,$11,$28,$3,$23,$37,$3,$0,$3,$1,$1,$1,$1,$4,$3,$89,92,$0.01,$0.01,$186,$1,$3,$199,$10,$0,$52,$1,$109,$307,$20,$0,$1,$3,$23,$0,$-105,$-0,$284,$307,$1,$3,$6,$9,$-2,$0,$1,$-2,$-2,$9,$-3,$0,$0,$0,$-11,$-11,$0,$-13,$-0,$0,$-0,$2,$2,$0,$0,$2,$-3,$4,$0
17,2014-06-30,8.08,$3.16,2.55,$1.65,4.89,$0.38,21.37,$0.01,0.0,$0.19B,$0.02B,9.74,$0.00B,$0.28B,0.0,$0.14B,$0.10B,70.29%,$0.14B,$0.00B,0.72%,$0.14B,$0.00B,0.72%,$0.14B,$0.01B,3.62%,$0.14B,$0.00B,1.45%,$0.14B,0,0.00%,$0.00B,$0.28B,0.00%,$0.00B,$0.23B,0.00%,$0.00B,$0.30B,0.00%,$0.00B,$0.28B,0.41%,$38,$11,$27,$3,$23,$37,$1,$0,$1,$1,$0,$0,$0,$2,$1,$89,91,$0.00,$0.00,$182,$1,$2,$193,$8,$0,$53,$1,$110,$303,$20,$0,$2,$3,$22,$0,$-107,$1,$281,$303,$0,$2,$2,$4,$-0,$0,$1,$-1,$1,$5,$-1,$0,$0,$0,$-8,$-8,$0,$-9,$-0,$0,$-0,$0,$0,$0,$0,$0,$-4,$2,$0
18,2014-03-31,10.81,$3.14,3.44,$1.62,6.66,$0.40,27.22,$0.04,270.25,$0.12B,$0.02B,6.45,$0.00B,$0.28B,0.0,$0.13B,$0.09B,70.54%,$0.13B,$0.00B,2.33%,$0.13B,$0.00B,2.33%,$0.13B,$0.01B,5.43%,$0.13B,$0.00B,3.10%,$0.13B,$0.00B,1.55%,$0.00B,$0.28B,0.95%,$0.00B,$0.23B,1.20%,$0.00B,$0.30B,0.87%,$0.00B,$0.28B,1.43%,$36,$11,$25,$3,$22,$36,$-0,$0,$-0,$2,$-2,$-2,$-2,$1,$-0,$78,82,$-0.03,$-0.03,$106,$1,$2,$117,$8,$72,$54,$1,$182,$299,$18,$0,$2,$3,$21,$0,$-107,$0,$278,$299,$3,$4,$9,$14,$-2,$-0,$-1,$1,$-1,$15,$-4,$0,$-15,$0,$-117,$-117,$0,$-136,$-0,$0,$-0,$130,$130,$0,$0,$130,$9,$8,$0
19,2013-12-31,10.15,$3.13,3.24,$1.54,6.58,$0.61,16.76,$0.08,126.88,$0.19B,$0.02B,9.59,$0.00B,$0.28B,0.0,$0.12B,$0.09B,70.83%,$0.12B,$0.01B,5.00%,$0.12B,$0.01B,5.00%,$0.12B,$0.01B,8.33%,$0.12B,$0.01B,5.83%,$0.12B,$0.01B,5.00%,$0.01B,$0.28B,3.44%,$0.01B,$0.22B,4.43%,$0.01B,$0.30B,3.12%,$0.01B,$0.28B,3.44%,$33,$10,$23,$3,$22,$35,$-2,$1,$-1,$-1,$0,$0,$0,$-1,$-2,$80,83,$0.00,$0.00,$174,$1,$2,$187,$7,$0,$54,$1,$110,$297,$19,$0,$2,$2,$21,$0,$-105,$0,$275,$297,$4,$3,$5,$8,$-1,$-0,$-1,$1,$-1,$12,$-3,$0,$-15,$0,$0,$0,$0,$-18,$-0,$0,$-0,$128,$128,$0,$0,$128,$122,$5,$0
20,2013-09-30,10.07,$1.99,5.07,$1.50,6.71,$0.78,12.99,$0.11,91.55,$0.08B,$0.02B,5.02,$0.00B,$0.15B,0.0,$0.11B,$0.08B,70.80%,$0.11B,$0.01B,9.73%,$0.11B,$0.01B,9.73%,$0.11B,$0.02B,13.27%,$0.11B,$0.01B,9.73%,$0.11B,$0.01B,7.08%,$0.01B,$0.15B,5.75%,$0.01B,$0.11B,7.66%,$0.01B,$0.16B,5.15%,$0.01B,$0.15B,7.90%,$31,$9,$22,$3,$17,$29,$2,$0,$2,$1,$1,$1,$2,$3,$2,$73,76,$0.03,$0.03,$61,$0,$4,$75,$6,$0,$33,$1,$87,$162,$15,$0,$2,$2,$17,$0,$-105,$-0,$145,$162,$4,$2,$3,$5,$-1,$0,$0,$0,$-1,$9,$-2,$0,$0,$0,$0,$0,$0,$-2,$-0,$0,$-0,$2,$2,$0,$0,$2,$9,$2,$0
21,2013-06-30,8.24,$1.94,4.25,$1.44,5.74,$0.88,9.38,$0.10,82.4,$0.07B,$0.01B,4.76,$0.00B,$0.14B,0.0,$0.11B,$0.08B,70.09%,$0.11B,$0.01B,11.21%,$0.11B,$0.01B,11.21%,$0.11B,$0.02B,14.95%,$0.11B,$0.01B,11.21%,$0.11B,$0.01B,7.48%,$0.01B,$0.14B,5.89%,$0.01B,$0.11B,7.98%,$0.01B,$0.16B,5.30%,$0.01B,$0.14B,8.84%,$29,$8,$21,$2,$16,$26,$3,$0,$3,$1,$2,$2,$2,$4,$3,$73,76,$0.03,$0.03,$58,$1,$1,$68,$7,$0,$35,$1,$89,$157,$14,$0,$2,$2,$16,$0,$-107,$-0,$141,$157,$2,$1,$2,$3,$0,$-0,$-0,$0,$0,$5,$-1,$0,$0,$0,$0,$0,$0,$-1,$-0,$0,$-0,$1,$1,$0,$0,$1,$6,$1,$0
22,2013-03-31,6.85,$1.90,3.6,$1.39,4.92,$1.01,6.8,$0.19,36.05,$0.06B,$0.01B,4.64,$0.00B,$0.14B,0.0,$0.10B,$0.07B,68.93%,$0.10B,$0.02B,22.33%,$0.10B,$0.02B,22.33%,$0.10B,$0.03B,26.21%,$0.10B,$0.02B,22.33%,$0.10B,$0.02B,14.56%,$0.02B,$0.14B,11.32%,$0.02B,$0.10B,15.54%,$0.02B,$0.15B,10.20%,$0.02B,$0.14B,17.36%,$27,$7,$19,$2,$15,$24,$3,$0,$3,$2,$1,$1,$2,$4,$3,$71,75,$0.03,$0.02,$52,$1,$1,$64,$7,$0,$35,$1,$89,$153,$14,$0,$2,$2,$16,$0,$-109,$-0,$137,$153,$14,$4,$13,$16,$-2,$0,$0,$2,$1,$32,$-6,$0,$0,$0,$0,$0,$0,$-6,$-0,$0,$-0,$2,$2,$0,$0,$2,$28,$3,$0
23,2012-12-31,7.38,$1.86,3.96,$1.34,5.5,$0.76,9.73,$1.04,7.1,$0.05B,$0.01B,3.97,$0.00B,$0.13B,0.0,$0.10B,$0.07B,69.39%,$0.10B,$0.02B,24.49%,$0.10B,$0.02B,24.49%,$0.10B,$0.03B,27.55%,$0.10B,$0.02B,23.47%,$0.10B,$0.08B,78.57%,$0.08B,$0.13B,60.27%,$0.08B,$0.10B,84.15%,$0.08B,$0.15B,54.42%,$0.02B,$0.13B,18.79%,$26,$8,$18,$2,$14,$24,$3,$0,$3,$1,$2,$2,$2,$4,$3,$72,75,$0.03,$0.03,$47,$1,$1,$52,$7,$0,$36,$0,$97,$149,$13,$0,$2,$2,$15,$0,$-111,$-0,$134,$149,$12,$3,$10,$12,$-2,$-0,$-0,$2,$1,$26,$-5,$0,$0,$0,$0,$0,$0,$-5,$-0,$0,$-0,$1,$1,$0,$0,$1,$22,$2,$0
24,2012-09-30,6.56,$1.83,3.58,$1.31,5.01,$0.55,12.02,$1.05,6.25,$0.05B,$0.01B,3.95,$0.00B,$0.13B,0.0,$0.10B,$0.07B,69.47%,$0.10B,$0.02B,25.26%,$0.10B,$0.02B,25.26%,$0.10B,$0.03B,27.37%,$0.10B,$0.02B,24.21%,$0.10B,$0.08B,82.11%,$0.08B,$0.13B,72.39%,$0.08B,$0.10B,109.47%,$0.08B,$0.15B,64.46%,$0.02B,$0.13B,22.27%,$25,$8,$17,$2,$13,$23,$3,$0,$3,$1,$2,$2,$2,$4,$3,$71,75,$0.02,$0.02,$40,$1,$1,$47,$7,$0,$36,$0,$98,$145,$12,$0,$2,$2,$14,$0,$-113,$0,$131,$145,$10,$2,$8,$10,$-2,$-0,$-0,$2,$-1,$19,$-5,$0,$0,$0,$0,$0,$0,$-5,$-0,$0,$-0,$1,$1,$0,$0,$1,$16,$1,$0
25,2012-06-30,4.2,$1.80,2.34,$1.26,3.33,$0.38,11.07,$1.04,4.04,$0.05B,$0.01B,3.43,$0.00B,$0.13B,0.0,$0.09B,$0.06B,68.89%,$0.09B,$0.02B,24.44%,$0.09B,$0.02B,24.44%,$0.09B,$0.02B,25.56%,$0.09B,$0.02B,23.33%,$0.09B,$0.08B,85.56%,$0.08B,$0.13B,88.51%,$0.08B,$0.09B,151.72%,$0.08B,$0.14B,76.81%,$0.02B,$0.13B,25.29%,$25,$8,$17,$2,$13,$11,$14,$0,$14,$6,$9,$9,$9,$15,$14,$71,74,$0.12,$0.12,$38,$1,$1,$45,$5,$0,$36,$0,$96,$141,$13,$0,$0,$0,$13,$0,$-115,$-0,$128,$141,$9,$1,$6,$7,$-1,$-0,$-0,$-0,$-1,$15,$-1,$0,$0,$0,$0,$0,$0,$-1,$-0,$0,$-0,$0,$0,$0,$0,$-0,$14,$1,$0
26,2012-03-31,4.2,$1.68,2.51,$1.20,3.49,$0.22,18.93,$0.95,4.42,$0.04B,$0.01B,2.94,$0.00B,$0.12B,0.0,$0.08B,$0.06B,67.86%,$0.08B,$0.01B,11.90%,$0.08B,$0.01B,11.90%,$0.08B,$0.01B,11.90%,$0.08B,$0.01B,10.71%,$0.08B,$0.07B,83.33%,$0.07B,$0.12B,117.65%,$0.07B,$0.08B,220.47%,$0.07B,$0.13B,96.89%,$0.01B,$0.12B,16.81%,$22,$6,$16,$2,$11,$18,$4,$-0,$3,$-62,$65,$65,$64,$4,$4,$66,70,$0.96,$0.91,$24,$1,$1,$36,$4,$0,$37,$0,$95,$131,$12,$0,$0,$0,$12,$0,$-123,$-0,$118,$131,$69,$2,$-60,$-58,$-1,$2,$-1,$-1,$-2,$9,$-2,$0,$-1,$0,$0,$0,$0,$-3,$-0,$0,$-0,$0,$0,$0,$0,$-0,$6,$2,$0
27,2011-12-31,3.17,$0.77,4.09,$1.17,2.71,$0.22,14.23,$0.11,28.82,$0.03B,$0.01B,2.05,$0.00B,$0.05B,0.0,$0.08B,$0.05B,66.25%,$0.08B,$0.01B,10.00%,$0.08B,$0.01B,10.00%,$0.08B,$0.01B,10.00%,$0.08B,$0.01B,10.00%,$0.08B,$0.01B,10.00%,$0.01B,$0.05B,23.53%,$0.01B,$0.02B,54.24%,$0.01B,$0.07B,17.30%,$0.01B,$0.05B,23.53%,$23,$7,$16,$2,$11,$21,$3,$0,$3,$0,$3,$3,$3,$3,$3,$69,73,$0.04,$0.04,$22,$1,$1,$25,$3,$0,$37,$1,$41,$67,$12,$0,$0,$0,$13,$0,$-187,$-0,$54,$67,$5,$2,$1,$2,$-1,$2,$-2,$-0,$-1,$6,$-2,$0,$-1,$0,$0,$0,$0,$-2,$-0,$0,$-0,$-0,$-0,$0,$0,$-0,$4,$1,$0
28,2011-09-30,4.06,$0.69,5.85,$1.12,3.64,$0.24,17.28,$0.09,45.11,$0.02B,$0.01B,1.74,$0.00B,$0.05B,0.0,$0.08B,$0.05B,65.33%,$0.08B,$0.01B,8.00%,$0.08B,$0.01B,8.00%,$0.08B,$0.01B,9.33%,$0.08B,$0.01B,8.00%,$0.08B,$0.01B,8.00%,$0.01B,$0.05B,24.24%,$0.01B,$0.01B,41.38%,$0.01B,$0.06B,16.33%,$0.01B,$0.05B,24.24%,$20,$7,$13,$2,$11,$19,$1,$-0,$1,$0,$1,$1,$1,$1,$1,$64,68,$0.01,$0.01,$19,$1,$1,$23,$3,$0,$35,$1,$39,$62,$13,$0,$0,$0,$14,$0,$-190,$-0,$48,$62,$3,$1,$0,$1,$-0,$1,$-2,$1,$-1,$3,$-1,$0,$-1,$0,$0,$0,$0,$-2,$-0,$0,$-0,$-0,$-0,$0,$0,$-1,$1,$1,$0
29,2011-06-30,4.89,$0.29,16.79,$1.09,4.48,$0.25,19.21,$0.11,44.45,$0.02B,$0.01B,2.09,$0.00B,$0.02B,0.0,$0.07B,$0.05B,66.67%,$0.07B,$0.01B,9.72%,$0.07B,$0.01B,9.72%,$0.07B,$0.01B,11.11%,$0.07B,$0.01B,9.72%,$0.07B,$0.01B,9.72%,$0.01B,$0.02B,42.42%,$0.01B,$0.02B,48.28%,$0.01B,$0.03B,25.23%,$0.01B,$0.02B,42.42%,$19,$6,$12,$1,$9,$17,$2,$0,$2,$-0,$2,$2,$2,$2,$2,$62,66,$0.03,$0.03,$19,$2,$1,$22,$2,$0,$4,$1,$7,$29,$11,$0,$0,$0,$11,$0,$-190,$-0,$18,$29,$2,$0,$-0,$0,$-0,$1,$-1,$0,$-0,$2,$-0,$0,$-1,$0,$0,$0,$0,$-1,$-0,$0,$-0,$-1,$-1,$0,$0,$-1,$0,$0,$0
30,2011-03-31,2.81,$0.25,11.05,$1.07,2.63,$0.25,11.35,$0.10,28.1,$0.02B,$0.01B,2.07,$0.00B,$0.02B,0.0,$0.07B,$0.05B,67.14%,$0.07B,$0.01B,8.57%,$0.07B,$0.01B,8.57%,$0.07B,$0.01B,10.00%,$0.07B,$0.01B,8.57%,$0.07B,$0.01B,8.57%,$0.01B,$0.02B,38.10%,$0.01B,$0.01B,42.86%,$0.01B,$0.03B,22.22%,$0.01B,$0.02B,38.10%,$18,$6,$12,$1,$9,$16,$2,$0,$2,$0,$2,$2,$2,$2,$2,$63,66,$0.03,$0.03,$18,$2,$1,$22,$2,$0,$1,$1,$5,$27,$11,$0,$0,$0,$11,$0,$-192,$-0,$16,$27,$6,$1,$0,$2,$-0,$0,$1,$-1,$0,$9,$-2,$0,$-1,$0,$-2,$-2,$0,$-5,$-0,$0,$-0,$-5,$-5,$0,$0,$-5,$-2,$0,$0
31,2010-12-31,2.38,$0.28,8.58,$1.05,2.28,$0.17,13.91,$0.09,26.44,$0.03B,$0.01B,2.05,$0.00B,$0.02B,0.0,$0.07B,$0.05B,67.65%,$0.07B,$0.01B,7.35%,$0.07B,$0.01B,7.35%,$0.07B,$0.01B,8.82%,$0.07B,$0.01B,7.35%,$0.07B,$0.01B,7.35%,$0.01B,$0.02B,33.33%,$0.01B,$0.02B,36.36%,$0.01B,$0.03B,19.05%,$0.01B,$0.02B,33.33%,$18,$6,$12,$1,$10,$16,$1,$0,$1,$0,$1,$1,$1,$2,$1,$63,67,$0.02,$0.02,$21,$3,$1,$25,$3,$0,$1,$1,$5,$29,$12,$0,$0,$0,$12,$0,$-194,$-0,$17,$29,$4,$1,$0,$1,$-0,$-0,$1,$0,$1,$7,$-2,$0,$-1,$0,$-2,$-2,$0,$-5,$-0,$0,$-0,$-1,$-1,$0,$0,$-1,$1,$0,$0
32,2010-09-30,2.15,$0.24,9.05,$1.03,2.09,$0.10,20.69,$0.09,23.89,$0.02B,$0.01B,1.95,$0.00B,$0.02B,0.0,$0.07B,$0.05B,68.18%,$0.07B,$0.01B,7.58%,$0.07B,$0.01B,7.58%,$0.07B,$0.01B,9.09%,$0.07B,$0.01B,7.58%,$0.07B,$0.01B,7.58%,$0.01B,$0.02B,36.36%,$0.01B,$0.01B,39.22%,$0.01B,$0.03B,20.20%,$0.01B,$0.02B,36.36%,$17,$6,$12,$1,$9,$15,$2,$0,$2,$0,$2,$2,$2,$2,$2,$63,65,$0.03,$0.03,$18,$2,$1,$21,$2,$0,$1,$1,$5,$26,$11,$0,$0,$0,$11,$0,$-196,$0,$15,$26,$3,$1,$-0,$1,$-0,$1,$1,$-1,$1,$4,$-1,$0,$-1,$0,$-0,$-0,$0,$-2,$-0,$0,$-0,$-2,$-2,$0,$0,$-2,$-0,$0,$0
33,2010-06-30,1.25,$0.23,5.34,$1.02,1.23,$0.05,25.2,$0.08,15.63,$0.02B,$0.01B,1.96,$0.00B,$0.02B,0.0,$0.07B,$0.04B,67.69%,$0.07B,$0.00B,6.15%,$0.07B,$0.00B,6.15%,$0.07B,$0.01B,9.23%,$0.07B,$0.00B,6.15%,$0.07B,$0.00B,6.15%,$0.00B,$0.02B,31.37%,$0.00B,$0.01B,32.65%,$0.00B,$0.03B,16.84%,$0.00B,$0.02B,31.37%,$17,$5,$11,$1,$9,$16,$1,$0,$1,$0,$1,$1,$1,$1,$1,$63,65,$0.02,$0.02,$18,$2,$1,$22,$2,$0,$2,$1,$4,$26,$11,$0,$0,$0,$11,$0,$-198,$0,$15,$26,$1,$0,$-0,$0,$-0,$0,$1,$-1,$1,$2,$-1,$0,$-1,$0,$-0,$-0,$0,$-2,$-0,$0,$-0,$-0,$-0,$0,$0,$-0,$0,$0,$0
34,2010-03-31,1.45,$0.21,6.89,$1.01,1.44,$0.01,113.28,$0.07,20.71,$0.02B,$0.01B,2.12,$0.00B,$0.01B,0.0,$0.06B,$0.04B,67.19%,$0.06B,$0.00B,4.69%,$0.06B,$0.00B,4.69%,$0.06B,$0.01B,9.38%,$0.06B,$0.00B,4.69%,$0.06B,$0.00B,4.69%,$0.00B,$0.01B,26.67%,$0.00B,$0.01B,26.67%,$0.00B,$0.02B,13.33%,$0.00B,$0.01B,26.67%,$16,$5,$11,$1,$9,$15,$1,$0,$1,$-0,$1,$1,$1,$1,$1,$63,63,$0.01,$0.01,$18,$2,$1,$21,$2,$0,$0,$0,$2,$24,$10,$0,$0,$0,$10,$0,$-199,$0,$13,$24,$4,$1,$0,$1,$-0,$1,$-1,$-2,$-2,$2,$-1,$0,$0,$0,$0,$0,$0,$-1,$-0,$0,$-0,$0,$0,$0,$0,$0,$2,$0,$0
35,2009-12-31,1.5,$0.19,7.85,$1.01,1.49,$0.01,112.78,$-0.01,0.0,$0.02B,$0.01B,2.0,$0.00B,$0.01B,0.0,$0.06B,$0.04B,64.06%,$0.06B,$-0.00B,-3.13%,$0.06B,$-0.00B,-3.13%,$0.06B,$0.00B,1.56%,$0.06B,$-0.00B,-3.13%,$0.06B,$-0.00B,-3.13%,$-0.00B,$0.01B,-19.51%,$-0.00B,$0.01B,-19.51%,$-0.00B,$0.02B,-9.09%,$-0.00B,$0.01B,-19.51%,$16,$5,$11,$1,$8,$15,$1,$-0,$1,$0,$1,$1,$1,$2,$1,$63,63,$0.02,$0.02,$17,$3,$1,$21,$2,$0,$0,$0,$2,$23,$11,$0,$0,$0,$11,$0,$-200,$0,$12,$23,$3,$1,$1,$1,$-0,$-0,$-1,$-2,$-3,$1,$-1,$0,$0,$0,$0,$0,$0,$-1,$-0,$0,$-0,$0,$0,$0,$0,$0,$1,$0,$0
36,2009-09-30,0.88,$0.17,5.09,$1.02,0.87,$0.03,32.12,$-0.03,0.0,$0.02B,$0.01B,1.8,$0.00B,$0.01B,0.0,$0.06B,$0.04B,64.06%,$0.06B,$-0.00B,-4.69%,$0.06B,$-0.00B,-4.69%,$0.06B,$-0.00B,-1.56%,$0.06B,$-0.00B,-4.69%,$0.06B,$-0.00B,-4.69%,$-0.00B,$0.01B,-30.77%,$-0.00B,$0.01B,-30.77%,$-0.00B,$0.02B,-13.79%,$-0.00B,$0.01B,-30.77%,$16,$5,$11,$1,$8,$15,$1,$-0,$1,$-0,$1,$1,$1,$2,$1,$63,63,$0.02,$0.02,$16,$3,$1,$20,$2,$0,$0,$0,$2,$22,$11,$0,$0,$0,$12,$0,$-201,$0,$11,$22,$2,$1,$0,$1,$-0,$-0,$-1,$-1,$-2,$0,$-1,$0,$0,$0,$0,$0,$0,$-1,$-0,$0,$-0,$-0,$-0,$0,$0,$-0,$-0,$0,$0
37,2009-06-30,0.6,$0.15,3.96,$1.02,0.59,$0.05,12.47,$-0.05,0.0,$0.02B,$0.01B,1.67,$0.00B,$0.01B,0.0,$0.06B,$0.04B,64.06%,$0.06B,$-0.00B,-6.25%,$0.06B,$-0.00B,-6.25%,$0.06B,$-0.00B,-4.69%,$0.06B,$-0.00B,-6.25%,$0.06B,$-0.00B,-6.25%,$-0.00B,$0.01B,-42.11%,$-0.00B,$0.01B,-42.11%,$-0.00B,$0.02B,-18.39%,$-0.00B,$0.01B,-42.11%,$16,$5,$10,$1,$9,$15,$0,$0,$0,$0,$0,$0,$0,$1,$0,$63,63,$0.01,$0.01,$15,$3,$1,$19,$2,$0,$0,$0,$2,$21,$12,$0,$0,$0,$12,$0,$-202,$0,$9,$21,$0,$0,$-0,$0,$-0,$-0,$0,$-2,$-1,$-1,$-0,$0,$0,$0,$0,$0,$0,$-0,$-0,$0,$-0,$0,$0,$0,$0,$-0,$-1,$0,$0
38,2009-03-31,0.57,$0.14,3.96,$1.04,0.55,$0.07,8.72,$-0.04,0.0,$0.02B,$0.01B,1.59,$0.00B,$0.01B,0.0,$0.06B,$0.04B,65.63%,$0.06B,$-0.00B,-4.69%,$0.06B,$-0.00B,-4.69%,$0.06B,$-0.00B,-4.69%,$0.06B,$-0.00B,-4.69%,$0.06B,$-0.00B,-4.69%,$-0.00B,$0.01B,-31.58%,$-0.00B,$0.01B,-31.58%,$-0.00B,$0.02B,-13.64%,$-0.00B,$0.01B,-31.58%,$16,$7,$9,$2,$12,$20,$-4,$0,$-4,$-0,$-4,$-4,$-4,$-4,$-4,$62,62,$-0.06,$-0.06,$16,$2,$1,$20,$1,$0,$0,$0,$2,$22,$13,$0,$0,$0,$13,$0,$-203,$0,$9,$22,$-3,$1,$3,$4,$1,$-1,$-0,$1,$0,$2,$-1,$0,$0,$3,$0,$3,$0,$3,$-0,$0,$-0,$0,$0,$0,$0,$0,$5,$3,$0
39,2008-12-31,0.48,$0.17,2.88,$1.05,0.46,$0.08,5.96,$0.03,15.93,$0.02B,$0.01B,1.75,$0.00B,$0.01B,0.0,$0.06B,$0.04B,68.75%,$0.06B,$0.00B,3.13%,$0.06B,$0.00B,3.13%,$0.06B,$0.00B,3.13%,$0.06B,$0.00B,3.13%,$0.06B,$0.00B,3.13%,$0.00B,$0.01B,21.62%,$0.00B,$0.01B,21.62%,$0.00B,$0.02B,9.09%,$0.00B,$0.01B,21.62%,$16,$5,$11,$1,$10,$16,$0,$0,$0,$0,$0,$0,$0,$0,$0,$62,62,$0.00,$0.00,$16,$2,$1,$20,$2,$0,$0,$0,$2,$22,$12,$0,$0,$0,$12,$0,$-199,$0,$10,$22,$1,$1,$1,$2,$1,$-0,$-1,$0,$-1,$2,$-1,$0,$0,$3,$0,$3,$0,$3,$-0,$0,$-0,$0,$0,$0,$0,$0,$5,$1,$0
40,2008-09-30,0.87,$0.16,5.44,$1.04,0.83,$0.09,9.54,$0.05,17.4,$0.02B,$0.01B,1.73,$0.00B,$0.01B,0.0,$0.06B,$0.04B,67.19%,$0.06B,$0.00B,3.13%,$0.06B,$0.00B,3.13%,$0.06B,$0.00B,3.13%,$0.06B,$0.00B,4.69%,$0.06B,$0.00B,4.69%,$0.00B,$0.01B,35.29%,$0.00B,$0.01B,35.29%,$0.00B,$0.02B,13.95%,$0.00B,$0.01B,23.53%,$16,$6,$11,$1,$10,$17,$-0,$0,$0,$0,$0,$0,$0,$0,$-0,$62,62,$0.00,$0.00,$16,$2,$1,$20,$2,$0,$0,$0,$2,$22,$11,$0,$0,$0,$12,$0,$-199,$0,$10,$22,$1,$1,$1,$1,$1,$-0,$-1,$0,$-1,$1,$-0,$0,$0,$3,$0,$3,$0,$3,$-0,$0,$-0,$0,$0,$0,$0,$0,$5,$1,$0
41,2008-06-30,1.14,$0.15,7.51,$1.02,1.12,$0.09,13.19,$0.01,114.0,$0.02B,$0.01B,1.66,$0.00B,$0.01B,0.0,$0.06B,$0.04B,63.49%,$0.06B,$-0.00B,-1.59%,$0.06B,$-0.00B,-1.59%,$0.06B,$-0.00B,-1.59%,$0.06B,0,0.00%,$0.06B,0,0.00%,$0.00B,$0.01B,0.00%,$0.00B,$0.01B,0.00%,$0.00B,$0.02B,0.00%,$-0.00B,$0.01B,-13.79%,$16,$5,$11,$1,$9,$15,$1,$0,$1,$0,$1,$1,$1,$1,$1,$62,62,$0.02,$0.02,$15,$2,$0,$20,$2,$0,$0,$0,$2,$22,$12,$0,$0,$0,$12,$0,$-199,$0,$9,$22,$1,$0,$0,$1,$0,$-0,$1,$-1,$-1,$0,$-0,$0,$0,$2,$0,$2,$0,$1,$-0,$0,$-0,$0,$0,$0,$0,$0,$2,$0,$0
42,2008-03-31,0.98,$0.13,7.75,$0.99,0.99,$0.09,11.5,$0.00,0.0,$0.02B,$0.01B,1.46,$0.00B,$0.01B,0.0,$0.06B,$0.04B,61.29%,$0.06B,$-0.00B,-4.84%,$0.06B,$-0.00B,-4.84%,$0.06B,$-0.00B,-3.23%,$0.06B,0,0.00%,$0.06B,0,0.00%,$0.00B,$0.01B,0.00%,$0.00B,$0.01B,0.00%,$0.00B,$0.02B,0.00%,$-0.00B,$0.01B,-46.15%,$16,$5,$11,$1,$9,$16,$1,$-0,$1,$0,$1,$1,$1,$1,$1,$62,62,$0.01,$0.01,$15,$2,$1,$19,$2,$0,$0,$0,$2,$22,$13,$0,$0,$0,$14,$0,$-200,$0,$8,$22,$0,$1,$-1,$1,$-1,$1,$-0,$1,$2,$3,$-1,$0,$0,$7,$-5,$2,$0,$1,$-0,$0,$-0,$0,$0,$0,$0,$0,$4,$1,$0
43,2007-12-31,0.89,$0.11,8.25,$0.97,0.92,$-0.14,0.0,$-0.05,0.0,$0.02B,$0.01B,1.38,$0.00B,$0.01B,0.0,$0.06B,$0.04B,58.33%,$0.06B,$-0.01B,-11.67%,$0.06B,$-0.01B,-11.67%,$0.06B,$-0.01B,-8.33%,$0.06B,$-0.00B,-6.67%,$0.06B,$-0.00B,-6.67%,$-0.00B,$0.01B,-69.57%,$-0.00B,$0.01B,-69.57%,$-0.00B,$0.02B,-20.25%,$-0.01B,$0.01B,-121.74%,$16,$6,$10,$1,$10,$16,$-0,$2,$1,$0,$1,$1,$1,$-0,$-0,$62,62,$0.02,$0.02,$14,$2,$1,$18,$2,$0,$0,$0,$2,$20,$13,$0,$1,$1,$13,$0,$-201,$0,$7,$20,$-1,$1,$-1,$0,$0,$1,$-0,$1,$3,$3,$-1,$0,$0,$3,$-3,$-0,$0,$-1,$-0,$0,$-0,$0,$0,$0,$0,$0,$2,$1,$0
44,2007-09-30,1.25,$0.08,15.51,$0.93,1.35,$-0.34,0.0,$-0.12,0.0,$0.02B,$0.01B,1.27,$0.00B,$0.01B,0.0,$0.06B,$0.03B,56.14%,$0.06B,$-0.01B,-17.54%,$0.06B,$-0.01B,-17.54%,$0.06B,$-0.01B,-14.04%,$0.06B,$-0.01B,-14.04%,$0.06B,$-0.01B,-14.04%,$-0.01B,$0.01B,-123.08%,$-0.01B,$0.01B,-123.08%,$-0.01B,$0.02B,-40.00%,$-0.01B,$0.01B,-153.85%,$15,$7,$8,$1,$10,$18,$-3,$1,$-3,$0,$-3,$-3,$-3,$-3,$-3,$62,62,$-0.04,$-0.04,$13,$2,$1,$16,$2,$0,$0,$0,$3,$19,$13,$0,$1,$1,$14,$0,$-202,$0,$5,$19,$-2,$1,$-1,$-0,$0,$1,$-1,$2,$3,$1,$-0,$0,$0,$1,$-3,$-2,$0,$-2,$-0,$0,$-0,$0,$0,$0,$0,$0,$-1,$1,$0
45,2007-06-30,1.39,$0.10,14.1,$0.90,1.54,$-0.49,0.0,$-0.12,0.0,$0.02B,$0.01B,1.46,$0.00B,$0.01B,0.0,$0.06B,$0.03B,56.36%,$0.06B,$-0.01B,-18.18%,$0.06B,$-0.01B,-18.18%,$0.06B,$-0.01B,-12.73%,$0.06B,$-0.01B,-12.73%,$0.06B,$-0.01B,-12.73%,$-0.01B,$0.01B,-82.35%,$-0.01B,$0.01B,-82.35%,$-0.01B,$0.02B,-32.56%,$-0.01B,$0.01B,-117.65%,$15,$5,$9,$1,$9,$15,$-1,$1,$1,$0,$1,$1,$1,$-0,$-1,$62,62,$0.01,$0.01,$11,$3,$1,$16,$3,$1,$0,$0,$4,$20,$11,$0,$3,$3,$14,$0,$-200,$-0,$6,$20,$1,$0,$-1,$-0,$-0,$0,$0,$-0,$0,$0,$-0,$0,$0,$0,$-1,$-1,$0,$-1,$-0,$0,$-0,$0,$0,$0,$0,$0,$-1,$0,$0
46,2007-03-31,1.46,$0.09,16.78,$0.87,1.68,$-0.58,0.0,$-0.22,0.0,$0.02B,$0.01B,1.54,$0.00B,$0.01B,0.0,$0.05B,$0.03B,51.92%,$0.05B,$-0.02B,-28.85%,$0.05B,$-0.01B,-26.92%,$0.05B,$-0.01B,-23.08%,$0.05B,$-0.01B,-19.23%,$0.05B,$-0.01B,-19.23%,$-0.01B,$0.01B,-93.02%,$-0.01B,$0.01B,-93.02%,$-0.01B,$0.02B,-43.48%,$-0.02B,$0.01B,-139.53%,$14,$7,$8,$1,$9,$17,$-3,$-0,$-3,$0,$-3,$-3,$-3,$-2,$-3,$61,61,$-0.04,$-0.04,$12,$3,$0,$17,$3,$0,$0,$0,$3,$20,$11,$0,$4,$4,$15,$0,$-200,$-0,$5,$20,$-10,$1,$-2,$-0,$-0,$-1,$0,$-0,$0,$-10,$-1,$0,$0,$14,$-2,$12,$0,$10,$-0,$-0,$-0,$0,$0,$0,$0,$0,$0,$2,$0
47,2006-12-31,1.17,$0.17,6.89,$0.82,1.43,$-0.80,0.0,$-0.29,0.0,$0.02B,$0.01B,1.62,$0.00B,$0.01B,0.0,$0.05B,$0.02B,45.83%,$0.05B,$-0.02B,-39.58%,$0.05B,$-0.02B,-37.50%,$0.05B,$-0.02B,-35.42%,$0.05B,$-0.01B,-27.08%,$0.05B,$-0.01B,-27.08%,$-0.01B,$0.01B,-101.96%,$-0.01B,$0.01B,-101.96%,$-0.01B,$0.02B,-50.49%,$-0.02B,$0.01B,-149.02%,$13,$6,$7,$1,$9,$16,$-3,$0,$-3,$0,$-3,$-3,$-3,$-3,$-3,$61,61,$-0.05,$-0.05,$11,$3,$1,$17,$3,$1,$0,$0,$4,$21,$10,$0,$0,$0,$10,$0,$-207,$-0,$10,$21,$-7,$1,$-3,$-2,$0,$-1,$0,$-0,$-1,$-9,$-1,$0,$0,$10,$0,$10,$0,$9,$-0,$-0,$-0,$0,$0,$0,$0,$0,$-0,$2,$0
