,Date,Stock Price,Book Value per Share,Price to Book Ratio,TTM Sales per Share,Price to Sales Ratio,TTM FCF per Share,Price to FCF Ratio,TTM Net EPS,PE Ratio,Current Assets,Current Liabilities,Current Ratio,Long Term Debt,Shareholder's Equity_x,Debt to Equity Ratio,TTM Revenue_x,TTM Gross Profit,Gross Margin,TTM Revenue_y,TTM Operating Income,Operating Margin,TTM Revenue_x,TTM EBIT,EBIT Margin,TTM Revenue_y,TTM EBITDA,EBITDA Margin,TTM Revenue_x,TTM Pre-Tax Income,Pre-Tax Margin,TTM Revenue_y,TTM Net Income_x,Net Margin,TTM Net Income_y,Shareholder's Equity_y,Return on Equity,TTM Net Income_x,Tangible Equity,Return on Tangible Equity,TTM Net Income_y,Total Assets,Return on Assets,TTM Net Income,LT Investments & Debt,Return on Investment,revenue,cost-goods-sold,gross-profit,research-development-expenses,selling-general-administrative-expenses,operating-expenses,operating-income,total-non-operating-income-expense,pre-tax-income,total-provision-income-taxes,income-after-taxes,income-from-continuous-operations,net-income,ebitda,ebit,basic-shares-outstanding,shares-outstanding,eps-basic-net-earnings-per-share,eps-earnings-per-share-diluted,cash-on-hand,inventory,other-current-assets,total-current-assets,net-property-plant-equipment,long-term-investments,goodwill-intangible-assets-total,other-long-term-assets,total-long-term-assets,total-assets,total-current-liabilities,long-term-debt,other-non-current-liabilities,total-long-term-liabilities,total-liabilities,common-stock-net,retained-earnings-accumulated-deficit,comprehensive-income,total-share-holder-equity,total-liabilities-share-holders-equity,net-income-loss,total-depreciation-amortization-cash-flow,other-non-cash-items,total-non-cash-items,change-in-accounts-receivable,change-in-inventories,change-in-accounts-payable,change-in-assets-liabilities,total-change-in-assets-liabilities,cash-flow-from-operating-activities,net-change-in-property-plant-equipment,net-change-in-intangible-assets,net-acquisitions-divestitures,net-change-in-short-term-investments,net-change-in-long-term-investments,net-change-in-investments-total,investing-activities-other,cash-flow-from-investing-activities,net-long-term-debt,net-current-debt,debt-issuance-retirement-net-total,net-common-equity-issued-repurchased,net-total-equity-issued-repurchased,total-common-preferred-stock-dividends-paid,financial-activities-other,cash-flow-from-financial-activities,net-cash-flow,stock-based-compensation,common-stock-dividends-paid
0,2018-09-30,35.99,$19.15,1.88,$50.80,0.71,$6.12,5.88,$-1.02,0.0,$0.39B,$0.29B,1.34,$0.87B,$0.71B,1.23,$1.90B,$0.28B,14.51%,$1.90B,$0.11B,5.94%,$1.90B,$0.11B,5.94%,$1.90B,$0.17B,9.10%,$1.90B,$0.04B,2.16%,$1.90B,$-0.04B,-2.00%,$-0.04B,$0.71B,-5.49%,$-0.04B,$-0.70B,5.21%,$-0.04B,$1.97B,-1.90%,$0.11B,$1.58B,7.06%,$471,$400,$71,$0,$44,$444,$27,$-17,$10,$5,$5,$5,$4,$40,$27,$37,38,$0.12,$0.11,$42,$0,$19,$392,$49,$0,$1408,$6,$1573,$1965,$292,$872,$93,$965,$1257,$0,$-552,$-2,$708,$1965,$26,$39,$49,$88,$5,$0,$-9,$-37,$-19,$95,$-11,$0,$-2,$0,$0,$0,$0,$-13,$-75,$0,$-75,$0,$0,$0,$-7,$-82,$-0,$9,$0
1,2018-06-30,30.64,$18.95,1.62,$51.37,0.6,$5.95,5.15,$-0.87,0.0,$0.39B,$0.28B,1.39,$0.90B,$0.70B,1.28,$1.92B,$0.28B,14.34%,$1.92B,$0.12B,6.36%,$1.92B,$0.12B,6.36%,$1.92B,$0.18B,9.54%,$1.92B,$0.05B,2.45%,$1.92B,$-0.03B,-1.67%,$-0.03B,$0.70B,-4.58%,$-0.03B,$-0.72B,4.37%,$-0.03B,$2.00B,-1.57%,$0.12B,$1.60B,7.49%,$489,$413,$75,$0,$40,$453,$36,$-17,$18,$5,$14,$14,$12,$48,$36,$37,38,$0.32,$0.32,$40,$0,$20,$394,$45,$0,$1417,$6,$1609,$2004,$283,$900,$121,$1020,$1303,$0,$-556,$-2,$701,$2004,$20,$26,$14,$40,$2,$0,$-7,$-6,$-8,$53,$-3,$0,$-2,$0,$0,$0,$0,$-5,$-45,$0,$-45,$0,$0,$0,$-5,$-50,$-2,$6,$0
2,2018-03-31,24.4,$18.51,1.32,$51.65,0.47,$5.31,4.6,$-0.99,0.0,$0.39B,$0.29B,1.38,$0.92B,$0.68B,1.35,$1.92B,$0.27B,14.14%,$1.92B,$0.12B,6.24%,$1.92B,$0.12B,6.24%,$1.92B,$0.18B,9.46%,$1.92B,$0.04B,2.29%,$1.92B,$-0.04B,-1.87%,$-0.04B,$0.68B,-5.12%,$-0.04B,$-0.74B,4.88%,$-0.04B,$2.01B,-1.73%,$0.12B,$1.61B,7.25%,$477,$412,$65,$0,$37,$449,$27,$-19,$8,$2,$7,$7,$6,$41,$27,$37,37,$0.18,$0.17,$22,$0,$20,$392,$42,$0,$1425,$5,$1619,$2011,$285,$922,$59,$1042,$1327,$0,$-568,$-3,$684,$2011,$7,$13,$5,$18,$-14,$0,$-1,$-12,$-19,$6,$-1,$0,$-2,$0,$0,$0,$0,$-3,$-20,$0,$-20,$0,$0,$0,$-3,$-23,$-20,$2,$0
3,2017-12-31,28.37,$18.36,1.55,$51.78,0.55,$4.88,5.82,$-0.98,0.0,$0.39B,$0.29B,1.35,$0.94B,$0.68B,1.39,$1.93B,$0.28B,14.34%,$1.93B,$0.13B,6.57%,$1.93B,$0.13B,6.57%,$1.93B,$0.19B,9.73%,$1.93B,$0.05B,2.54%,$1.93B,$-0.04B,-1.81%,$-0.04B,$0.68B,-4.93%,$-0.04B,$-0.76B,4.73%,$-0.04B,$2.03B,-1.66%,$0.13B,$1.62B,7.54%,$465,$400,$65,$0,$35,$442,$23,$-18,$5,$64,$-59,$-59,$-60,$44,$23,$37,37,$-1.63,$-1.60,$42,$0,$20,$393,$44,$0,$1433,$6,$1633,$2026,$290,$939,$121,$1060,$1350,$0,$-576,$-4,$676,$2026,$-31,$60,$92,$152,$3,$0,$9,$-10,$-24,$98,$-7,$0,$22,$0,$0,$0,$0,$16,$-110,$0,$-110,$0,$0,$-0,$-9,$-119,$-6,$8,$-0
4,2017-09-30,34.68,$19.88,1.74,$52.94,0.66,$4.40,7.89,$0.82,42.29,$0.42B,$0.31B,1.34,$0.96B,$0.73B,1.31,$1.97B,$0.28B,14.29%,$1.97B,$0.13B,6.49%,$1.97B,$0.13B,6.49%,$1.97B,$0.19B,9.68%,$1.97B,$0.05B,2.33%,$1.97B,$0.03B,1.62%,$0.03B,$0.73B,4.46%,$0.03B,$-0.72B,-4.31%,$0.03B,$2.13B,1.49%,$0.13B,$1.69B,7.46%,$487,$418,$70,$0,$33,$451,$36,$-20,$16,$6,$11,$11,$10,$50,$36,$37,37,$0.27,$0.26,$52,$0,$23,$416,$44,$0,$1448,$4,$1713,$2130,$311,$960,$126,$1087,$1397,$0,$-516,$-6,$732,$2130,$28,$40,$23,$63,$-7,$0,$5,$-12,$-12,$79,$-3,$0,$22,$0,$0,$0,$0,$19,$-86,$0,$-86,$0,$0,$-0,$-8,$-94,$4,$6,$-0
5,2017-06-30,28.4,$19.58,1.45,$53.83,0.53,$4.18,6.79,$0.10,284.0,$0.41B,$0.30B,1.35,$0.99B,$0.72B,1.37,$2.00B,$0.29B,14.41%,$2.00B,$0.13B,6.46%,$2.00B,$0.13B,6.46%,$2.00B,$0.19B,9.41%,$2.00B,$0.02B,0.80%,$2.00B,$0.00B,0.25%,$0.00B,$0.72B,0.71%,$0.00B,$-0.74B,-0.65%,$0.00B,$2.13B,0.23%,$0.13B,$1.71B,7.45%,$495,$423,$72,$0,$38,$461,$34,$-18,$15,$6,$9,$9,$8,$47,$34,$37,37,$0.21,$0.20,$31,$0,$25,$407,$44,$0,$1456,$4,$1726,$2133,$301,$985,$126,$1111,$1412,$0,$-526,$-5,$721,$2133,$17,$26,$15,$41,$-18,$0,$10,$-6,$-34,$25,$0,$0,$23,$0,$0,$0,$0,$23,$-59,$0,$-59,$0,$0,$-0,$-6,$-66,$-18,$4,$-0
6,2017-03-31,28.94,$19.38,1.49,$54.90,0.53,$4.66,6.21,$-0.03,0.0,$0.41B,$0.30B,1.36,$1.01B,$0.71B,1.42,$2.04B,$0.30B,14.47%,$2.04B,$0.13B,6.38%,$2.04B,$0.13B,6.38%,$2.04B,$0.19B,9.32%,$2.04B,$0.01B,0.34%,$2.04B,$-0.00B,-0.05%,$-0.00B,$0.71B,-0.14%,$-0.00B,$-0.75B,0.13%,$-0.00B,$2.15B,-0.05%,$0.13B,$1.72B,7.43%,$485,$415,$70,$0,$37,$452,$34,$-21,$13,$5,$8,$8,$7,$47,$34,$37,38,$0.19,$0.18,$25,$0,$26,$410,$46,$0,$1464,$5,$1742,$2152,$302,$1010,$127,$1137,$1439,$0,$-534,$-5,$713,$2152,$8,$13,$7,$20,$-21,$0,$8,$-16,$-40,$-12,$1,$0,$23,$0,$0,$0,$0,$24,$-32,$0,$-32,$0,$0,$-0,$-3,$-35,$-23,$2,$-0
7,2016-12-31,33.7,$19.16,1.76,$56.29,0.6,$5.66,5.96,$-0.30,0.0,$0.43B,$0.32B,1.35,$1.04B,$0.71B,1.48,$2.08B,$0.30B,14.35%,$2.08B,$0.12B,5.88%,$2.08B,$0.12B,5.88%,$2.08B,$0.19B,8.96%,$2.08B,$-0.01B,-0.43%,$2.08B,$-0.01B,-0.53%,$-0.01B,$0.71B,-1.56%,$-0.01B,$-0.77B,1.38%,$-0.01B,$2.20B,-0.49%,$0.12B,$1.75B,6.91%,$506,$436,$70,$0,$36,$482,$24,$-22,$2,$-5,$7,$7,$7,$47,$24,$37,37,$0.19,$0.19,$48,$0,$51,$433,$47,$0,$1472,$14,$1765,$2199,$321,$1040,$68,$1173,$1494,$0,$-542,$-5,$705,$2199,$-6,$62,$16,$78,$32,$0,$-10,$-3,$22,$94,$-21,$0,$0,$0,$0,$0,$0,$-21,$-36,$0,$-36,$0,$0,$-2,$-15,$-53,$18,$8,$-2
8,2016-09-30,31.5,$18.93,1.66,$58.52,0.54,$4.69,6.71,$-7.01,0.0,$0.45B,$0.34B,1.32,$1.06B,$0.70B,1.52,$2.11B,$0.30B,14.33%,$2.11B,$-0.16B,-7.78%,$2.11B,$-0.16B,-7.78%,$2.11B,$0.19B,8.92%,$2.11B,$-0.30B,-14.29%,$2.11B,$-0.26B,-12.20%,$-0.26B,$0.70B,-36.52%,$-0.26B,$-0.81B,31.69%,$-0.26B,$2.23B,-11.47%,$-0.16B,$1.75B,-9.22%,$512,$436,$76,$0,$39,$475,$37,$-51,$-14,$1,$-15,$-15,$-17,$47,$37,$37,37,$-0.46,$-0.46,$61,$0,$30,$451,$49,$0,$1502,$3,$1783,$2234,$342,$1055,$141,$1196,$1538,$0,$-548,$-5,$696,$2234,$-13,$39,$16,$55,$26,$0,$3,$1,$43,$85,$-18,$0,$0,$0,$0,$0,$0,$-18,$-19,$0,$-19,$0,$0,$-2,$-15,$-36,$31,$7,$-2
9,2016-06-30,21.12,$19.30,1.09,$59.95,0.35,$4.17,5.07,$-6.45,0.0,$0.43B,$0.31B,1.39,$1.07B,$0.71B,1.5,$2.17B,$0.31B,14.32%,$2.17B,$-0.17B,-7.71%,$2.17B,$-0.17B,-7.71%,$2.17B,$0.20B,9.01%,$2.17B,$-0.28B,-13.12%,$2.17B,$-0.24B,-10.90%,$-0.24B,$0.71B,-30.83%,$-0.24B,$-0.80B,28.35%,$-0.24B,$2.23B,-10.13%,$-0.17B,$1.78B,-8.97%,$535,$457,$79,$0,$43,$500,$35,$-29,$6,$2,$4,$4,$2,$49,$35,$37,37,$0.07,$0.07,$33,$0,$28,$434,$51,$0,$1510,$3,$1797,$2230,$313,$1065,$142,$1207,$1521,$0,$-532,$-5,$710,$2230,$2,$30,$7,$36,$14,$0,$6,$3,$14,$53,$-10,$0,$0,$0,$0,$0,$0,$-10,$-33,$0,$-33,$0,$0,$-2,$-4,$-40,$3,$5,$-2
10,2016-03-31,18.76,$19.13,0.98,$61.16,0.31,$2.13,8.79,$-6.17,0.0,$0.45B,$0.32B,1.39,$1.09B,$0.70B,1.54,$2.21B,$0.32B,14.51%,$2.21B,$-0.16B,-7.44%,$2.21B,$-0.16B,-7.44%,$2.21B,$0.20B,9.21%,$2.21B,$-0.28B,-12.83%,$2.21B,$-0.23B,-10.20%,$-0.23B,$0.70B,-27.35%,$-0.23B,$-0.82B,26.18%,$-0.23B,$2.25B,-9.27%,$-0.16B,$1.79B,-8.43%,$523,$449,$73,$0,$47,$496,$26,$-30,$-3,$-1,$-2,$-2,$-3,$43,$26,$37,37,$-0.09,$-0.09,$39,$0,$25,$447,$44,$0,$1518,$4,$1800,$2247,$321,$1085,$139,$1223,$1544,$0,$-534,$-7,$703,$2247,$-2,$16,$3,$19,$4,$0,$7,$-4,$13,$30,$-4,$0,$0,$0,$0,$0,$0,$-4,$-11,$0,$-11,$0,$0,$-2,$-4,$-16,$9,$3,$-2
11,2015-12-31,32.48,$19.22,1.69,$63.44,0.51,$-0.54,0.0,$-6.63,0.0,$0.44B,$0.31B,1.41,$1.09B,$0.71B,1.55,$2.09B,$0.31B,14.68%,$2.09B,$-0.19B,-9.11%,$2.09B,$-0.19B,-9.11%,$2.09B,$0.17B,8.35%,$2.09B,$-0.30B,-14.29%,$2.09B,$-0.24B,-11.27%,$-0.24B,$0.71B,-26.78%,$-0.24B,$-0.82B,26.39%,$-0.24B,$2.25B,-9.32%,$-0.19B,$1.80B,-9.38%,$537,$463,$74,$0,$44,$799,$-262,$-28,$-290,$-52,$-238,$-238,$-239,$49,$-262,$34,34,$-6.93,$-6.92,$30,$0,$25,$441,$44,$0,$1530,$3,$1813,$2254,$313,$1094,$140,$1234,$1548,$0,$-531,$-7,$706,$2254,$-230,$364,$-12,$352,$46,$0,$-34,$-9,$-68,$54,$-20,$0,$25,$0,$0,$0,$0,$6,$181,$42,$223,$0,$0,$-204,$-56,$-37,$23,$9,$-204
12,2015-09-30,25.78,$25.66,1.0,$65.16,0.4,$3.82,6.75,$0.04,644.5,$0.52B,$0.36B,1.42,$1.14B,$0.94B,1.21,$1.87B,$0.28B,14.94%,$1.87B,$0.09B,4.55%,$1.87B,$0.09B,4.55%,$1.87B,$0.14B,7.71%,$1.87B,$0.00B,0.16%,$1.87B,$0.01B,0.32%,$0.01B,$0.94B,0.73%,$0.01B,$-0.89B,-0.79%,$0.01B,$2.59B,0.27%,$0.09B,$2.08B,4.82%,$570,$486,$84,$0,$50,$536,$34,$-31,$3,$-2,$5,$5,$4,$54,$34,$37,37,$0.10,$0.10,$76,$0,$32,$519,$41,$0,$1834,$25,$2070,$2589,$364,$1141,$141,$1282,$1646,$0,$-292,$-8,$943,$2589,$8,$53,$22,$75,$46,$0,$-22,$-14,$-23,$61,$-13,$0,$25,$0,$0,$0,$0,$13,$208,$42,$250,$0,$0,$-204,$-51,$-5,$69,$9,$-204
13,2015-06-30,25.16,$25.53,0.99,$68.90,0.37,$6.83,3.68,$0.67,37.55,$0.53B,$0.36B,1.48,$1.18B,$0.94B,1.25,$1.64B,$0.25B,15.03%,$1.64B,$0.08B,4.75%,$1.64B,$0.08B,4.75%,$1.64B,$0.12B,7.49%,$1.64B,$0.02B,1.40%,$1.64B,$0.02B,0.91%,$0.02B,$0.94B,2.13%,$0.02B,$-0.91B,-2.47%,$0.02B,$2.62B,0.80%,$0.08B,$2.11B,5.41%,$575,$487,$89,$0,$51,$538,$38,$-31,$7,$-8,$15,$15,$13,$57,$38,$37,37,$0.36,$0.35,$37,$0,$36,$533,$37,$0,$1847,$26,$2082,$2615,$360,$1176,$141,$1317,$1677,$0,$-296,$-9,$939,$2615,$3,$34,$22,$55,$13,$0,$-20,$-37,$-88,$-30,$-3,$0,$25,$0,$0,$0,$0,$23,$246,$42,$288,$0,$0,$-203,$-48,$37,$30,$8,$-203
14,2015-03-31,30.04,$25.11,1.2,$73.53,0.41,$10.03,2.99,$0.93,32.3,$0.53B,$0.37B,1.43,$1.18B,$0.92B,1.28,$1.43B,$0.21B,14.66%,$1.43B,$0.06B,4.40%,$1.43B,$0.06B,4.40%,$1.43B,$0.10B,6.63%,$1.43B,$0.04B,2.51%,$1.43B,$0.01B,0.91%,$0.01B,$0.92B,2.21%,$0.01B,$-0.94B,-2.85%,$0.01B,$2.63B,0.86%,$0.06B,$2.10B,5.65%,$403,$343,$59,$0,$59,$402,$0,$-19,$-18,$-6,$-13,$-13,$-13,$14,$0,$24,24,$-0.55,$-0.55,$32,$0,$32,$533,$34,$0,$1861,$27,$2100,$2633,$372,$1182,$157,$1339,$1711,$0,$-309,$-9,$922,$2633,$-13,$14,$14,$29,$-0,$0,$-18,$-3,$-64,$-48,$-0,$0,$25,$0,$0,$0,$0,$25,$248,$47,$295,$0,$0,$-201,$-46,$48,$25,$5,$-201
15,2014-12-31,42.8,$27.10,1.58,$75.95,0.56,$12.64,3.39,$1.98,21.62,$0.32B,$0.24B,1.36,$0.28B,$0.48B,0.59,$1.37B,$0.20B,14.40%,$1.37B,$0.08B,6.07%,$1.37B,$0.08B,6.07%,$1.37B,$0.11B,7.75%,$1.37B,$0.07B,5.19%,$1.37B,$0.04B,2.56%,$0.04B,$0.48B,7.45%,$0.04B,$-0.29B,-11.55%,$0.04B,$1.12B,3.05%,$0.08B,$0.76B,10.44%,$320,$272,$47,$0,$34,$306,$13,$-3,$11,$7,$3,$3,$2,$19,$13,$17,18,$0.14,$0.13,$7,$0,$27,$321,$20,$0,$768,$9,$801,$1123,$235,$280,$131,$410,$646,$0,$-296,$-9,$477,$1123,$40,$23,$7,$30,$43,$0,$5,$-4,$32,$102,$-5,$0,$-207,$0,$0,$0,$0,$-213,$61,$35,$96,$0,$0,$0,$-7,$88,$-22,$9,$0
16,2014-09-30,31.17,$27.44,1.14,$76.86,0.41,$15.61,2.0,$2.44,12.77,$0.34B,$0.23B,1.49,$0.31B,$0.48B,0.64,$1.38B,$0.20B,14.31%,$1.38B,$0.09B,6.46%,$1.38B,$0.09B,6.46%,$1.38B,$0.11B,7.92%,$1.38B,$0.08B,5.59%,$1.38B,$0.04B,3.20%,$0.04B,$0.48B,9.53%,$0.04B,$-0.29B,-16.79%,$0.04B,$1.14B,4.00%,$0.09B,$0.79B,11.65%,$345,$293,$52,$0,$25,$318,$27,$-3,$23,$9,$14,$14,$13,$33,$27,$17,18,$0.77,$0.73,$19,$0,$27,$335,$18,$0,$772,$11,$801,$1136,$225,$308,$119,$428,$653,$0,$-298,$0,$483,$1136,$37,$17,$6,$23,$41,$0,$-12,$-8,$21,$80,$-3,$0,$-207,$0,$0,$0,$0,$-210,$65,$60,$125,$0,$0,$0,$-5,$119,$-10,$7,$0
17,2014-06-30,38.26,$26.59,1.44,$76.85,0.5,$17.39,2.2,$2.39,16.01,$0.35B,$0.22B,1.59,$0.35B,$0.47B,0.74,$1.37B,$0.20B,14.22%,$1.37B,$0.09B,6.71%,$1.37B,$0.09B,6.71%,$1.37B,$0.11B,8.17%,$1.37B,$0.08B,5.62%,$1.37B,$0.04B,3.14%,$0.04B,$0.47B,9.57%,$0.04B,$-0.31B,-19.20%,$0.04B,$1.16B,4.07%,$0.09B,$0.81B,12.60%,$364,$312,$52,$0,$29,$341,$23,$-3,$20,$8,$12,$12,$11,$29,$23,$17,18,$0.64,$0.61,$23,$0,$25,$350,$20,$0,$774,$11,$805,$1155,$220,$346,$121,$467,$687,$0,$-311,$0,$468,$1155,$22,$11,$1,$12,$27,$0,$-9,$-4,$9,$43,$-2,$0,$-207,$0,$0,$0,$0,$-209,$68,$95,$163,$0,$0,$0,$-3,$159,$-6,$5,$0
18,2014-03-31,45.05,$25.80,1.75,$78.08,0.58,$17.00,2.65,$2.52,17.88,$0.37B,$0.24B,1.55,$0.37B,$0.45B,0.81,$1.38B,$0.19B,13.87%,$1.38B,$0.10B,7.08%,$1.38B,$0.10B,7.08%,$1.38B,$0.12B,8.45%,$1.38B,$0.08B,5.85%,$1.38B,$0.05B,3.25%,$0.05B,$0.45B,10.28%,$0.05B,$-0.33B,-24.23%,$0.05B,$1.18B,4.39%,$0.10B,$0.82B,14.00%,$339,$292,$46,$0,$27,$319,$20,$-3,$17,$7,$10,$10,$9,$25,$20,$17,18,$0.52,$0.50,$11,$0,$30,$370,$20,$0,$778,$11,$809,$1179,$239,$366,$122,$488,$727,$0,$-322,$0,$452,$1179,$10,$5,$5,$10,$1,$0,$2,$-7,$-8,$12,$-0,$0,$-207,$0,$0,$0,$0,$-208,$72,$111,$183,$0,$0,$0,$-4,$178,$-18,$3,$0
19,2013-12-31,33.4,$25.71,1.3,$79.95,0.42,$17.09,1.95,$2.81,11.89,$0.34B,$0.20B,1.71,$0.19B,$0.44B,0.42,$1.41B,$0.19B,13.65%,$1.41B,$0.11B,7.68%,$1.41B,$0.11B,7.68%,$1.41B,$0.13B,8.96%,$1.41B,$0.09B,6.25%,$1.41B,$0.05B,3.55%,$0.05B,$0.44B,11.74%,$0.05B,$-0.13B,-33.90%,$0.05B,$0.93B,5.04%,$0.11B,$0.63B,16.17%,$329,$282,$47,$0,$29,$310,$19,$-2,$17,$5,$12,$12,$11,$22,$19,$17,18,$0.64,$0.60,$29,$0,$26,$341,$12,$0,$570,$7,$589,$930,$199,$188,$100,$287,$487,$0,$-331,$0,$443,$930,$55,$18,$7,$26,$80,$0,$11,$15,$70,$151,$-3,$0,$0,$0,$0,$0,$0,$-3,$-138,$0,$-138,$0,$0,$0,$-8,$-146,$2,$9,$0
20,2013-09-30,31.73,$25.26,1.26,$85.61,0.37,$10.73,2.96,$4.59,6.91,$0.37B,$0.20B,1.81,$0.22B,$0.44B,0.51,$1.47B,$0.21B,14.04%,$1.47B,$0.12B,7.87%,$1.47B,$0.12B,7.87%,$1.47B,$0.14B,9.23%,$1.47B,$0.09B,6.31%,$1.47B,$0.08B,5.43%,$0.08B,$0.44B,19.41%,$0.08B,$-0.14B,-49.00%,$0.08B,$0.96B,7.88%,$0.12B,$0.66B,17.10%,$339,$289,$50,$0,$20,$309,$30,$-7,$23,$9,$14,$14,$12,$36,$30,$17,18,$0.71,$0.68,$24,$0,$28,$369,$11,$0,$572,$7,$590,$959,$204,$223,$98,$320,$524,$0,$-342,$0,$435,$959,$43,$15,$5,$19,$50,$0,$3,$11,$47,$110,$-1,$0,$0,$0,$0,$0,$0,$-1,$-135,$30,$-105,$0,$0,$0,$-6,$-111,$-3,$7,$0
21,2013-06-30,28.42,$24.48,1.16,$91.65,0.31,$7.29,3.9,$-21.89,0.0,$0.44B,$0.25B,1.76,$0.27B,$0.42B,0.65,$1.54B,$0.21B,13.54%,$1.54B,$-0.33B,-21.18%,$1.54B,$-0.33B,-21.18%,$1.54B,$0.12B,7.64%,$1.54B,$-0.35B,-22.54%,$1.54B,$-0.35B,-22.80%,$-0.35B,$0.42B,-91.55%,$-0.35B,$-0.15B,181.91%,$-0.35B,$1.03B,-34.03%,$-0.33B,$0.69B,-48.62%,$377,$328,$49,$0,$20,$348,$29,$-6,$24,$9,$14,$14,$13,$34,$29,$17,18,$0.77,$0.74,$47,$0,$26,$438,$10,$0,$574,$6,$590,$1028,$249,$272,$81,$358,$608,$0,$-354,$0,$421,$1028,$29,$9,$10,$20,$1,$0,$11,$3,$-14,$35,$-1,$0,$0,$0,$0,$0,$0,$-1,$-13,$0,$-13,$0,$0,$0,$-1,$-14,$20,$4,$0
