,Date,Stock Price,Book Value per Share,Price to Book Ratio,TTM Sales per Share,Price to Sales Ratio,TTM FCF per Share,Price to FCF Ratio,TTM Net EPS,PE Ratio,Current Assets,Current Liabilities,Current Ratio,Long Term Debt,Shareholder's Equity_x,Debt to Equity Ratio,TTM Revenue_x,TTM Gross Profit,Gross Margin,TTM Revenue_y,TTM Operating Income,Operating Margin,TTM Revenue_x,TTM EBIT,EBIT Margin,TTM Revenue_y,TTM EBITDA,EBITDA Margin,TTM Revenue_x,TTM Pre-Tax Income,Pre-Tax Margin,TTM Revenue_y,TTM Net Income_x,Net Margin,TTM Net Income_y,Shareholder's Equity_y,Return on Equity,TTM Net Income_x,Tangible Equity,Return on Tangible Equity,TTM Net Income_y,Total Assets,Return on Assets,TTM Net Income,LT Investments & Debt,Return on Investment,revenue,cost-goods-sold,gross-profit,research-development-expenses,selling-general-administrative-expenses,operating-expenses,operating-income,total-non-operating-income-expense,pre-tax-income,total-provision-income-taxes,income-after-taxes,income-from-continuous-operations,net-income,ebitda,ebit,basic-shares-outstanding,shares-outstanding,eps-basic-net-earnings-per-share,eps-earnings-per-share-diluted,cash-on-hand,inventory,other-current-assets,total-current-assets,net-property-plant-equipment,long-term-investments,goodwill-intangible-assets-total,other-long-term-assets,total-long-term-assets,total-assets,total-current-liabilities,long-term-debt,other-non-current-liabilities,total-long-term-liabilities,total-liabilities,common-stock-net,retained-earnings-accumulated-deficit,comprehensive-income,total-share-holder-equity,total-liabilities-share-holders-equity,net-income-loss,total-depreciation-amortization-cash-flow,other-non-cash-items,total-non-cash-items,change-in-accounts-receivable,change-in-inventories,change-in-accounts-payable,change-in-assets-liabilities,total-change-in-assets-liabilities,cash-flow-from-operating-activities,net-change-in-property-plant-equipment,net-change-in-intangible-assets,net-acquisitions-divestitures,net-change-in-short-term-investments,net-change-in-long-term-investments,net-change-in-investments-total,investing-activities-other,cash-flow-from-investing-activities,net-long-term-debt,net-current-debt,debt-issuance-retirement-net-total,net-common-equity-issued-repurchased,net-total-equity-issued-repurchased,total-common-preferred-stock-dividends-paid,financial-activities-other,cash-flow-from-financial-activities,net-cash-flow,stock-based-compensation,common-stock-dividends-paid
0,2018-09-30,5.62,$6.66,0.84,$4.18,1.34,$-1.52,0.0,$-0.15,0.0,$0.12B,$0.05B,2.16,$0.30B,$0.47B,0.63,$0.30B,$0.10B,34.90%,$0.30B,$0.03B,10.40%,$0.30B,$0.03B,10.40%,$0.30B,$0.07B,23.83%,$0.30B,$-0.01B,-3.69%,$0.30B,$-0.01B,-3.69%,$-0.01B,$0.47B,-2.36%,$-0.01B,$0.47B,-2.36%,$-0.01B,$0.83B,-1.35%,$0.03B,$0.77B,4.01%,$69,$42,$27,$0,$9,$60,$9,$-6,$3,$0,$3,$3,$3,$19,$9,$71,72,$0.04,$0.04,$81,$13,$3,$115,$678,$11,$0,$10,$711,$826,$53,$299,$2,$301,$354,$1,$-422,$0,$472,$826,$6,$29,$1,$30,$1,$1,$1,$-1,$2,$38,$-8,$0,$0,$5,$0,$5,$0,$-3,$4,$0,$4,$0,$0,$0,$-3,$0,$35,$8,$0
1,2018-06-30,5.44,$6.66,0.82,$4.12,1.32,$-4.14,0.0,$-0.34,0.0,$0.12B,$0.04B,2.76,$0.30B,$0.47B,0.64,$0.29B,$0.09B,31.51%,$0.29B,$0.02B,6.85%,$0.29B,$0.02B,6.85%,$0.29B,$0.06B,20.89%,$0.29B,$-0.02B,-8.22%,$0.29B,$-0.02B,-8.22%,$-0.02B,$0.47B,-5.13%,$-0.02B,$0.47B,-5.13%,$-0.02B,$0.82B,-2.95%,$0.02B,$0.77B,2.57%,$75,$48,$27,$0,$9,$66,$9,$-6,$3,$0,$3,$3,$3,$19,$9,$71,72,$0.05,$0.05,$77,$12,$13,$118,$686,$0,$0,$0,$699,$817,$43,$302,$2,$304,$347,$1,$-424,$0,$470,$817,$4,$19,$1,$20,$4,$2,$1,$-2,$1,$25,$-11,$0,$0,$5,$0,$5,$0,$-6,$4,$0,$4,$0,$0,$0,$-2,$2,$21,$6,$0
2,2018-03-31,4.95,$6.58,0.75,$3.84,1.29,$-5.99,0.0,$-0.47,0.0,$0.11B,$0.04B,2.82,$0.31B,$0.46B,0.67,$0.27B,$0.08B,29.15%,$0.27B,$0.01B,4.06%,$0.27B,$0.01B,4.06%,$0.27B,$0.05B,18.82%,$0.27B,$-0.03B,-12.18%,$0.27B,$-0.03B,-12.18%,$-0.03B,$0.46B,-7.00%,$-0.03B,$0.46B,-7.00%,$-0.03B,$0.82B,-4.06%,$0.01B,$0.77B,1.41%,$79,$54,$26,$0,$10,$73,$6,$-6,$0,$0,$0,$0,$0,$16,$6,$70,72,$0.00,$0.00,$58,$14,$21,$110,$694,$0,$0,$0,$705,$815,$39,$310,$2,$312,$351,$1,$-428,$0,$464,$815,$0,$10,$3,$12,$3,$0,$2,$-2,$3,$15,$-20,$0,$0,$5,$0,$5,$0,$-15,$4,$0,$4,$0,$0,$0,$-1,$2,$2,$4,$0
3,2017-12-31,4.48,$6.55,0.68,$3.43,1.31,$-6.28,0.0,$-0.64,0.0,$0.11B,$0.03B,3.41,$0.31B,$0.46B,0.68,$0.24B,$0.06B,26.89%,$0.24B,0,0.00%,$0.24B,0,0.00%,$0.24B,$0.04B,16.39%,$0.24B,$-0.04B,-18.49%,$0.24B,$-0.04B,-18.49%,$-0.04B,$0.46B,-9.22%,$-0.04B,$0.46B,-9.22%,$-0.04B,$0.81B,-5.49%,$0.00B,$0.78B,0.00%,$75,$51,$24,$0,$8,$68,$7,$-23,$-17,$0,$-17,$-17,$-17,$17,$7,$69,69,$-0.23,$-0.23,$61,$14,$10,$105,$690,$0,$0,$2,$703,$808,$31,$314,$3,$316,$347,$1,$-427,$0,$461,$808,$-44,$39,$28,$66,$-12,$-3,$0,$-1,$-15,$7,$-151,$0,$0,$-5,$0,$-5,$0,$-155,$38,$0,$38,$96,$96,$0,$-6,$128,$-20,$9,$0
4,2017-09-30,4.53,$6.77,0.67,$4.39,1.03,$-6.87,0.0,$-3.36,0.0,$0.11B,$0.03B,4.25,$0.31B,$0.48B,0.66,$0.21B,$0.05B,21.95%,$0.21B,$-0.14B,-69.76%,$0.21B,$-0.14B,-69.76%,$0.21B,$-0.10B,-50.24%,$0.21B,$-0.17B,-82.44%,$0.21B,$-0.17B,-82.44%,$-0.17B,$0.48B,-36.58%,$-0.17B,$0.48B,-36.58%,$-0.17B,$0.82B,-21.93%,$-0.14B,$0.79B,-19.25%,$63,$47,$15,$0,$9,$65,$-2,$-8,$-10,$0,$-10,$-10,$-10,$9,$-2,$70,70,$-0.15,$-0.15,$64,$13,$18,$107,$698,$0,$0,$1,$711,$818,$25,$314,$3,$317,$342,$1,$-411,$0,$476,$818,$-27,$29,$9,$37,$-5,$-2,$0,$1,$-8,$1,$-156,$0,$0,$0,$0,$0,$0,$-156,$47,$0,$47,$96,$96,$0,$-1,$142,$-12,$7,$0
5,2017-06-30,4.73,$6.88,0.69,$4.70,1.01,$-5.62,0.0,$-3.73,0.0,$0.11B,$0.02B,5.0,$0.30B,$0.48B,0.61,$0.18B,$0.03B,18.54%,$0.18B,$-0.15B,-85.96%,$0.18B,$-0.15B,-85.96%,$0.18B,$-0.11B,-62.92%,$0.18B,$-0.18B,-100.00%,$0.18B,$-0.18B,-100.00%,$-0.18B,$0.48B,-37.20%,$-0.18B,$0.48B,-37.20%,$-0.18B,$0.81B,-23.11%,$-0.15B,$0.78B,-20.61%,$54,$39,$14,$0,$9,$54,$-0,$-6,$-6,$0,$-6,$-6,$-6,$9,$-0,$70,70,$-0.08,$-0.08,$69,$13,$16,$112,$662,$0,$0,$22,$695,$807,$22,$297,$3,$300,$323,$1,$-400,$0,$484,$807,$-17,$18,$5,$23,$-6,$-2,$1,$-1,$-11,$-5,$-111,$0,$-21,$0,$0,$0,$0,$-132,$35,$0,$35,$96,$96,$0,$-1,$129,$-8,$5,$0
6,2017-03-31,5.69,$6.93,0.82,$15.29,0.37,$-16.16,0.0,$-13.63,0.0,$0.17B,$0.02B,7.36,$0.26B,$0.49B,0.53,$0.15B,$0.02B,11.33%,$0.15B,$-0.17B,-113.33%,$0.15B,$-0.17B,-113.33%,$0.15B,$-0.13B,-85.33%,$0.15B,$-0.19B,-129.33%,$0.15B,$-0.19B,-129.33%,$-0.19B,$0.49B,-41.10%,$-0.19B,$0.49B,-41.10%,$-0.19B,$0.77B,-25.70%,$-0.17B,$0.74B,-23.40%,$46,$35,$11,$0,$8,$50,$-5,$-7,$-11,$0,$-11,$-11,$-11,$4,$-5,$66,66,$-0.17,$-0.17,$146,$9,$4,$170,$580,$0,$0,$10,$602,$772,$23,$257,$4,$261,$284,$1,$-394,$0,$488,$772,$-11,$9,$5,$13,$-4,$2,$-0,$1,$-4,$-2,$-22,$0,$0,$0,$0,$0,$0,$-22,$-3,$0,$-3,$96,$96,$0,$0,$93,$69,$2,$0
7,2016-12-31,5.85,$8.32,0.7,$25.84,0.23,$-26.37,0.0,$-34.26,0.0,$0.10B,$0.03B,4.08,$0.26B,$0.40B,0.64,$0.13B,$-0.00B,-3.20%,$0.13B,$-0.20B,-160.80%,$0.13B,$-0.20B,-160.80%,$0.13B,$-0.16B,-127.20%,$0.13B,$-0.22B,-177.60%,$0.13B,$-0.22B,-177.60%,$-0.22B,$0.40B,-47.23%,$-0.22B,$0.40B,-47.23%,$-0.22B,$0.69B,-29.49%,$-0.20B,$0.66B,-27.77%,$42,$37,$5,$0,$7,$178,$-136,$-7,$-142,$0,$-142,$-142,$-142,$-125,$-136,$21,21,$20.53,$20.53,$77,$11,$9,$104,$568,$0,$0,$2,$582,$686,$26,$256,$4,$260,$286,$0,$-383,$0,$400,$686,$-224,$43,$135,$178,$2,$-5,$-1,$5,$0,$-45,$-9,$0,$0,$0,$0,$0,$0,$-9,$24,$0,$24,$86,$86,$0,$-3,$106,$52,$2,$0
8,2016-09-30,7.07,$11.26,0.63,$37.50,0.19,$-45.67,0.0,$-73.70,0.0,$0.12B,$0.02B,4.99,$0.25B,$0.54B,0.46,$0.11B,$-0.02B,-15.60%,$0.11B,$-0.14B,-130.28%,$0.11B,$-0.14B,-130.28%,$0.11B,$-0.10B,-91.74%,$0.11B,$-0.16B,-146.79%,$0.11B,$-0.16B,-146.79%,$-0.16B,$0.54B,-32.03%,$-0.16B,$0.54B,-32.03%,$-0.16B,$0.82B,-20.57%,$-0.14B,$0.79B,-19.04%,$36,$33,$3,$0,$5,$48,$-12,$-8,$-19,$0,$-19,$-19,$-19,$0,$-12,$30,30,$-0.65,$-0.65,$99,$7,$0,$115,$688,$0,$0,$0,$702,$816,$23,$247,$5,$252,$275,$0,$-241,$0,$542,$816,$-81,$32,$8,$40,$1,$-1,$-2,$4,$1,$-40,$12,$0,$0,$0,$0,$0,$0,$12,$19,$0,$19,$86,$86,$0,$-3,$101,$74,$1,$0
9,2016-06-30,8.77,$203.21,0.04,$51.77,0.17,$-59.13,0.0,$-83.98,0.0,$0.03B,$0.02B,1.33,$0.26B,$0.46B,0.56,$0.10B,$-0.02B,-19.61%,$0.10B,$-0.15B,-144.12%,$0.10B,$-0.15B,-144.12%,$0.10B,$-0.11B,-103.92%,$0.10B,$-0.16B,-157.84%,$0.10B,$-0.16B,-157.84%,$-0.16B,$0.46B,-31.37%,$-0.16B,$0.46B,-31.37%,$-0.16B,$0.75B,-20.46%,$-0.15B,$0.72B,-19.57%,$26,$28,$-2,$0,$5,$43,$-17,$-5,$-22,$0,$-22,$-22,$-22,$-7,$-17,$2,2,$-9.98,$-9.98,$12,$7,$4,$31,$701,$0,$0,$1,$714,$745,$23,$259,$5,$264,$287,$0,$-222,$0,$458,$745,$-62,$20,$9,$28,$2,$-1,$-0,$1,$1,$-33,$5,$0,$0,$0,$0,$0,$0,$5,$17,$0,$17,$0,$0,$0,$-3,$14,$-13,$2,$0
10,2016-03-31,7.2,$212.85,0.03,$52.46,0.14,$-57.84,0.0,$-88.60,0.0,$0.03B,$0.03B,1.26,$0.25B,$0.48B,0.53,$0.10B,$-0.02B,-20.20%,$0.10B,$-0.15B,-155.56%,$0.10B,$-0.15B,-155.56%,$0.10B,$-0.11B,-113.13%,$0.10B,$-0.17B,-168.69%,$0.10B,$-0.17B,-168.69%,$-0.17B,$0.48B,-30.20%,$-0.17B,$0.48B,-30.20%,$-0.17B,$0.76B,-20.42%,$-0.15B,$0.73B,-19.79%,$21,$31,$-10,$0,$5,$58,$-36,$-3,$-39,$0,$-39,$-39,$-39,$-27,$-36,$2,2,$-20.77,$-20.77,$17,$6,$0,$32,$719,$0,$0,$0,$732,$764,$26,$253,$5,$259,$284,$0,$-199,$0,$480,$764,$-39,$10,$6,$15,$-0,$-0,$3,$1,$4,$-19,$-1,$0,$0,$0,$0,$0,$0,$-1,$14,$0,$14,$0,$0,$0,$-2,$12,$-8,$1,$0
11,2015-12-31,70.4,$275.28,0.26,$55.24,1.27,$-52.79,0.0,$-78.80,0.0,$0.04B,$0.04B,1.08,$0.23B,$0.52B,0.44,$0.10B,$-0.01B,-10.58%,$0.10B,$-0.14B,-130.77%,$0.10B,$-0.14B,-130.77%,$0.10B,$-0.09B,-88.46%,$0.10B,$-0.15B,-143.27%,$0.10B,$-0.15B,-143.27%,$-0.15B,$0.52B,-25.08%,$-0.15B,$0.52B,-25.08%,$-0.15B,$0.79B,-17.57%,$-0.14B,$0.74B,-16.87%,$26,$34,$-8,$0,$7,$102,$-77,$-3,$-80,$0,$-80,$-80,$-80,$-66,$-77,$2,2,$-42.43,$-42.43,$25,$6,$0,$41,$734,$0,$0,$0,$746,$787,$38,$226,$5,$230,$268,$0,$-160,$0,$518,$787,$-148,$44,$50,$94,$8,$0,$-3,$4,$10,$-44,$2,$0,$0,$0,$8,$8,$-0,$10,$20,$0,$20,$0,$0,$0,$-2,$18,$-15,$4,$0
12,2015-09-30,118.6,$317.23,0.37,$60.87,1.95,$-41.72,0.0,$-36.40,0.0,$0.05B,$0.04B,1.23,$0.21B,$0.60B,0.36,$0.11B,$0.01B,5.26%,$0.11B,$-0.07B,-64.04%,$0.11B,$-0.07B,-64.04%,$0.11B,$-0.03B,-24.56%,$0.11B,$-0.50B,-437.72%,$0.11B,$-0.50B,-437.72%,$-0.50B,$0.60B,-79.14%,$-0.50B,$0.60B,-79.14%,$-0.50B,$0.85B,-56.70%,$-0.07B,$0.81B,-8.72%,$29,$29,$0,$0,$6,$46,$-17,$-3,$-20,$0,$-20,$-20,$-20,$-6,$-17,$2,2,$-10.83,$-10.83,$26,$7,$0,$46,$795,$0,$0,$0,$805,$851,$37,$213,$4,$217,$254,$0,$-80,$-0,$597,$851,$-69,$33,$-1,$32,$4,$-1,$-3,$6,$6,$-30,$3,$0,$0,$0,$7,$7,$0,$10,$7,$0,$7,$0,$0,$0,$-2,$5,$-15,$3,$0
13,2015-06-30,139.4,$327.67,0.43,$76.52,1.82,$-39.25,0.0,$-25.60,0.0,$0.05B,$0.04B,1.36,$0.21B,$0.62B,0.34,$0.12B,$0.01B,5.22%,$0.12B,$-0.08B,-71.30%,$0.12B,$-0.08B,-71.30%,$0.12B,$-0.02B,-20.87%,$0.12B,$-0.53B,-456.52%,$0.12B,$-0.53B,-456.52%,$-0.53B,$0.62B,-89.63%,$-0.53B,$0.62B,-89.63%,$-0.53B,$0.87B,-48.40%,$-0.08B,$0.83B,-7.91%,$23,$25,$-2,$0,$6,$47,$-24,$-3,$-28,$0,$-28,$-28,$-28,$-13,$-24,$2,2,$-14.62,$-14.62,$29,$6,$3,$53,$805,$0,$0,$0,$816,$869,$39,$208,$5,$213,$252,$0,$-60,$-0,$617,$869,$-48,$22,$-0,$21,$3,$-1,$-2,$1,$3,$-23,$3,$0,$0,$0,$6,$6,$0,$9,$3,$0,$3,$0,$0,$0,$-1,$2,$-13,$2,$0
14,2015-03-31,147.8,$342.02,0.43,$114.11,1.3,$-27.88,0.0,$-4844.33,0.0,$0.06B,$0.04B,1.49,$0.20B,$0.64B,0.31,$0.13B,$0.02B,16.42%,$0.13B,$-0.07B,-49.25%,$0.13B,$-0.07B,-49.25%,$0.13B,$0.01B,7.46%,$0.13B,$-0.54B,-404.48%,$0.13B,$-0.54B,-404.48%,$-0.54B,$0.64B,-99.00%,$-0.54B,$0.64B,-99.00%,$-0.54B,$0.89B,-42.08%,$-0.07B,$0.85B,-6.97%,$26,$27,$-1,$0,$6,$44,$-18,$-3,$-21,$0,$-21,$-21,$-21,$-7,$-18,$2,2,$-11.00,$-11.00,$32,$6,$4,$56,$825,$0,$0,$0,$831,$886,$37,$201,$4,$205,$243,$0,$-32,$-0,$644,$886,$-21,$11,$-1,$10,$4,$-1,$-4,$1,$1,$-10,$-1,$0,$0,$0,$0,$0,$0,$-1,$-4,$0,$-4,$0,$0,$0,$-1,$-5,$-16,$2,$0
15,2014-12-31,293.4,$354.14,0.83,$153.70,1.91,$-22.18,0.0,$-7277.78,0.0,$0.08B,$0.04B,1.87,$0.20B,$0.66B,0.31,$0.15B,$0.04B,27.27%,$0.15B,$-0.05B,-33.12%,$0.15B,$-0.05B,-33.12%,$0.15B,$0.04B,22.73%,$0.15B,$-0.54B,-353.25%,$0.15B,$-0.54B,-353.25%,$-0.54B,$0.66B,-105.99%,$-0.54B,$0.66B,-105.99%,$-0.54B,$0.91B,-36.44%,$-0.05B,$0.87B,-5.91%,$36,$27,$9,$0,$12,$51,$-14,$-416,$-430,$0,$-430,$-430,$-430,$-2,$-14,$2,2,$-163.40,$-163.40,$48,$6,$5,$77,$834,$0,$0,$0,$837,$914,$41,$204,$5,$209,$250,$0,$-12,$0,$664,$914,$-543,$87,$421,$508,$-6,$4,$5,$-6,$16,$-20,$-1,$0,$0,$0,$4,$4,$0,$4,$37,$0,$37,$0,$0,$0,$-1,$36,$20,$3,$0
16,2014-09-30,3670.0,$451.02,8.14,$189.73,19.34,$-11.89,0.0,$-10685.18,0.0,$0.08B,$0.05B,1.71,$1.19B,$0.42B,2.85,$0.17B,$0.06B,33.94%,$0.17B,$-0.04B,-23.64%,$0.17B,$-0.04B,-23.64%,$0.17B,$0.06B,33.94%,$0.17B,$-0.15B,-87.88%,$0.17B,$-0.15B,-87.88%,$-0.15B,$0.42B,-30.21%,$-0.15B,$0.42B,-30.21%,$-0.15B,$1.67B,-8.55%,$-0.04B,$1.61B,-5.01%,$30,$30,$-0,$0,$7,$56,$-26,$-20,$-46,$0,$-46,$-46,$-46,$-2,$-26,$1,1,$-47.80,$-47.80,$46,$11,$4,$77,$1584,$0,$0,$3,$1593,$1670,$45,$1192,$15,$1207,$1252,$0,$-349,$-0,$418,$1670,$-113,$75,$20,$94,$-3,$-1,$-1,$-5,$8,$-11,$-0,$0,$0,$0,$0,$0,$0,$-0,$25,$0,$25,$0,$0,$0,$-1,$24,$13,$1,$0
17,2014-06-30,12360.0,$50724.33,0.24,$204.49,60.44,$-0.53,0.0,$-14796.30,0.0,$0.07B,$1.22B,0.06,$0.00B,$0.46B,0.0,$0.17B,$0.07B,37.36%,$0.17B,$-0.02B,-12.64%,$0.17B,$-0.02B,-12.64%,$0.17B,$0.07B,40.23%,$0.17B,$-0.14B,-78.74%,$0.17B,$-0.14B,-78.74%,$-0.14B,$0.46B,-26.55%,$-0.14B,$0.46B,-26.55%,$-0.14B,$1.68B,-7.98%,$-0.02B,$0.46B,-2.72%,$42,$28,$14,$0,$3,$50,$-8,$-37,$-45,$0,$-45,$-45,$-45,$21,$-8,$1,1,$-52.20,$-52.20,$33,$9,$5,$70,$1603,$0,$0,$4,$1611,$1682,$1218,$0,$0,$0,$1218,$0,$-303,$-1,$464,$1682,$-67,$51,$13,$64,$-5,$1,$-1,$-6,$4,$1,$-0,$0,$0,$0,$0,$0,$0,$-0,$0,$0,$0,$0,$0,$0,$0,$0,$0,$1,$0
18,2014-03-31,15960.0,$55525.21,0.29,$4963.58,3.22,$153.72,103.83,$-10290.16,0.0,$0.06B,$1.20B,0.05,$0.00B,$0.51B,0.0,$0.18B,$0.07B,38.07%,$0.18B,$0.00B,2.27%,$0.18B,$0.00B,2.27%,$0.18B,$0.09B,50.00%,$0.18B,$-0.10B,-53.98%,$0.18B,$-0.10B,-53.98%,$-0.10B,$0.51B,-17.26%,$-0.10B,$0.51B,-17.26%,$-0.10B,$1.71B,-5.45%,$0.00B,$0.51B,0.35%,$46,$26,$19,$0,$3,$49,$-3,$-20,$-23,$0,$-23,$-23,$-23,$18,$-3,$1,1,$-26.40,$-26.40,$32,$7,$4,$64,$1621,$0,$0,$1,$1641,$1706,$1199,$0,$0,$0,$1199,$0,$-258,$-2,$507,$1706,$-23,$21,$7,$28,$-3,$3,$-2,$-5,$-5,$0,$-0,$0,$0,$0,$0,$0,$0,$-0,$0,$0,$0,$0,$0,$0,$0,$0,$0,$0,$0
19,2013-12-31,18360.0,$633.02,29.0,$12760.22,1.44,$284.40,64.56,$-7697.57,0.0,$0.06B,$1.19B,0.05,$0.00B,$0.53B,0.0,$0.20B,$0.09B,45.54%,$0.20B,$0.03B,15.84%,$0.20B,$0.03B,15.84%,$0.20B,$0.11B,52.48%,$0.20B,$-0.07B,-35.15%,$0.20B,$-0.07B,-35.15%,$-0.07B,$0.53B,-12.39%,$-0.07B,$0.53B,-12.39%,$-0.07B,$1.72B,-4.03%,$0.03B,$0.53B,2.22%,$47,$24,$23,$0,$5,$49,$-2,$-29,$-31,$0,$-31,$-31,$-31,$19,$-2,$1,1,$146.59,$146.59,$34,$10,$2,$62,$1640,$0,$0,$1,$1661,$1723,$1192,$0,$0,$0,$1192,$0,$-236,$0,$531,$1723,$-71,$75,$15,$90,$-2,$2,$-4,$-7,$-20,$-0,$-0,$0,$0,$0,$2,$2,$0,$2,$0,$0,$0,$0,$0,$0,$-0,$-0,$2,$5,$0
20,2013-09-30,28720.0,$62494.58,0.46,$12757.30,2.25,$290.76,98.78,$-7845.72,0.0,$0.07B,$0.03B,2.85,$1.17B,$0.56B,2.08,$0.20B,$0.08B,41.92%,$0.20B,$0.02B,11.62%,$0.20B,$0.02B,11.62%,$0.20B,$0.10B,48.48%,$0.20B,$-0.07B,-36.36%,$0.20B,$-0.07B,-36.36%,$-0.07B,$0.56B,-12.22%,$-0.07B,$0.56B,-12.22%,$-0.07B,$1.75B,-4.05%,$0.02B,$1.73B,1.32%,$39,$29,$9,$0,$3,$48,$-9,$-28,$-38,$0,$-38,$-38,$-38,$12,$-9,$1,1,$-44.40,$-44.40,$42,$12,$4,$72,$1658,$0,$0,$1,$1682,$1754,$25,$1167,$0,$1167,$1192,$0,$-205,$0,$562,$1754,$-39,$53,$0,$54,$-2,$-0,$1,$-7,$-15,$-0,$-0,$0,$0,$0,$2,$2,$0,$2,$0,$0,$0,$0,$0,$0,$-0,$-0,$2,$4,$0
21,2013-06-30,14600.0,$66782.98,0.22,$17860.28,0.82,$570.67,25.58,$-7012.39,0.0,$0.08B,$0.03B,3.35,$1.16B,$0.60B,1.93,$0.21B,$0.09B,44.66%,$0.21B,$0.02B,11.65%,$0.21B,$0.02B,11.65%,$0.21B,$0.10B,46.60%,$0.21B,$-0.06B,-31.07%,$0.21B,$-0.06B,-31.07%,$-0.06B,$0.60B,-10.60%,$-0.06B,$0.60B,-10.60%,$-0.06B,$1.79B,-3.57%,$0.02B,$1.76B,1.37%,$44,$28,$16,$0,$5,$27,$18,$-21,$-3,$0,$-3,$-3,$-3,$39,$18,$0,0,$-333.33,$-333.33,$54,$12,$0,$82,$1677,$0,$0,$1,$1702,$1785,$25,$1159,$0,$1159,$1184,$0,$-167,$2,$601,$1785,$-2,$32,$-14,$18,$-4,$0,$-2,$-4,$-15,$2,$-0,$0,$0,$0,$0,$0,$0,$0,$0,$0,$0,$0,$0,$0,$-0,$-0,$2,$4,$0
22,2013-03-31,14080.0,$66682.81,0.21,$18695.42,0.75,$237.30,59.34,$-9388.89,0.0,$0.05B,$0.02B,2.22,$1.15B,$0.60B,1.92,$0.21B,$0.09B,44.55%,$0.21B,$-0.00B,-2.37%,$0.21B,$-0.00B,-2.37%,$0.21B,$0.07B,30.81%,$0.21B,$-0.08B,-39.81%,$0.21B,$-0.08B,-39.81%,$-0.08B,$0.60B,-13.65%,$-0.08B,$0.60B,-13.65%,$-0.08B,$1.78B,-4.66%,$-0.00B,$1.75B,-0.28%,$72,$29,$44,$0,$3,$47,$25,$-23,$1,$0,$1,$1,$1,$36,$25,$0,0,$148.15,$148.15,$26,$13,$0,$53,$1696,$0,$0,$1,$1723,$1777,$24,$1152,$1,$1153,$1177,$0,$-164,$-1,$599,$1777,$1,$11,$3,$14,$-1,$-1,$-2,$-5,$-14,$1,$-0,$0,$0,$0,$0,$0,$0,$-0,$0,$0,$0,$0,$0,$0,$-0,$-0,$1,$2,$0
23,2012-12-31,6000.0,$66135.37,0.09,$17035.32,0.35,$411.82,14.57,$-11611.11,0.0,$0.04B,$0.03B,1.29,$1.15B,$0.59B,1.93,$0.19B,$0.07B,38.02%,$0.19B,$-0.04B,-19.79%,$0.19B,$-0.04B,-19.79%,$0.19B,$0.04B,21.35%,$0.19B,$-0.10B,-53.13%,$0.19B,$-0.10B,-53.13%,$-0.10B,$0.59B,-16.17%,$-0.10B,$0.59B,-16.17%,$-0.10B,$1.79B,-5.60%,$-0.04B,$1.74B,-2.18%,$43,$29,$14,$0,$6,$54,$-11,$-22,$-32,$0,$-32,$-32,$-32,$9,$-11,$1,1,$7911.04,$7911.04,$18,$12,$1,$44,$1714,$0,$0,$3,$1745,$1789,$34,$1145,$2,$1161,$1195,$0,$-165,$-3,$594,$1789,$-103,$79,$29,$109,$-1,$-1,$-0,$-0,$-1,$5,$-0,$0,$0,$0,$-0,$-0,$0,$0,$0,$0,$0,$0,$0,$0,$-12,$-12,$-7,$9,$0
24,2012-09-30,14440.0,$73050.59,0.2,$25219.47,0.57,$-11263.94,0.0,$-8277.78,0.0,$0.05B,$0.04B,1.34,$1.14B,$0.62B,1.83,$0.22B,$0.10B,43.38%,$0.22B,$-0.02B,-8.22%,$0.22B,$-0.02B,-8.22%,$0.22B,$0.06B,27.85%,$0.22B,$-0.07B,-32.88%,$0.22B,$-0.07B,-32.88%,$-0.07B,$0.62B,-11.06%,$-0.07B,$0.62B,-11.06%,$-0.07B,$1.81B,-3.91%,$-0.02B,$1.76B,-1.03%,$47,$29,$18,$0,$6,$55,$-8,$-22,$-30,$0,$-30,$-30,$-30,$12,$-8,$0,0,$-3277.78,$-3277.78,$19,$11,$1,$47,$1733,$0,$0,$3,$1767,$1814,$35,$1138,$4,$1157,$1192,$0,$-133,$-5,$622,$1814,$-70,$59,$20,$79,$-5,$0,$-1,$1,$-6,$3,$-0,$0,$0,$0,$0,$0,$0,$0,$0,$0,$0,$0,$0,$0,$-9,$-9,$-7,$7,$0
25,2012-06-30,12640.0,$76004.74,0.17,$29520.41,0.43,$-22941.99,0.0,$-5666.67,0.0,$0.05B,$0.04B,1.27,$1.13B,$0.65B,1.75,$0.25B,$0.11B,44.44%,$0.25B,$-0.00B,-0.79%,$0.25B,$-0.00B,-0.79%,$0.25B,$0.08B,29.76%,$0.25B,$-0.05B,-19.05%,$0.25B,$-0.05B,-19.05%,$-0.05B,$0.65B,-7.24%,$-0.05B,$0.65B,-7.24%,$-0.05B,$1.84B,-2.59%,$-0.00B,$1.78B,-0.11%,$49,$31,$18,$0,$9,$60,$-11,$-12,$-23,$0,$-23,$-23,$-23,$8,$-11,$0,0,$-2703.70,$-2703.70,$17,$13,$1,$46,$1752,$0,$0,$5,$1789,$1835,$36,$1130,$6,$1152,$1188,$0,$-103,$-7,$647,$1835,$-41,$39,$10,$49,$-2,$-1,$-4,$-3,$-10,$-1,$-0,$0,$0,$0,$0,$0,$0,$0,$0,$0,$0,$0,$0,$0,$-7,$-7,$-8,$5,$0
26,2012-03-31,31040.0,$77599.85,0.4,$32972.43,0.94,$-31538.17,0.0,$-3111.11,0.0,$0.06B,$0.12B,0.48,$1.04B,$0.66B,1.58,$0.28B,$0.13B,46.59%,$0.28B,$0.02B,6.81%,$0.28B,$0.02B,6.81%,$0.28B,$0.10B,34.05%,$0.28B,$-0.03B,-9.32%,$0.28B,$-0.03B,-9.32%,$-0.03B,$0.66B,-3.89%,$-0.03B,$0.66B,-3.89%,$-0.03B,$1.85B,-1.39%,$0.02B,$1.70B,1.07%,$53,$30,$23,$0,$11,$60,$-8,$-10,$-17,$0,$-17,$-17,$-17,$12,$-8,$0,0,$-2055.56,$-2055.56,$29,$12,$1,$58,$1771,$0,$0,$5,$1790,$1848,$121,$1043,$8,$1067,$1188,$1,$-80,$-8,$660,$1848,$-17,$19,$5,$24,$-2,$-1,$-0,$-1,$-4,$3,$-0,$0,$0,$0,$0,$0,$0,$0,$0,$0,$0,$0,$0,$0,$0,$0,$3,$2,$0
27,2011-12-31,15073.6,$79263.13,0.19,$37102.84,0.41,$-35285.93,0.0,$-1703.70,0.0,$0.06B,$0.07B,0.81,$1.10B,$0.67B,1.63,$0.31B,$0.14B,45.37%,$0.31B,$0.03B,9.90%,$0.31B,$0.03B,9.90%,$0.31B,$0.10B,33.23%,$0.31B,$-0.02B,-4.79%,$0.31B,$-0.02B,-4.79%,$-0.02B,$0.67B,-2.24%,$-0.02B,$0.67B,-2.24%,$-0.02B,$1.87B,-0.80%,$0.03B,$1.77B,1.72%,$70,$34,$36,$0,$7,$61,$9,$-11,$-2,$0,$-2,$-2,$-2,$29,$9,$0,0,$-240.74,$-240.74,$26,$11,$1,$56,$1789,$1,$0,$6,$1811,$1867,$69,$1097,$9,$1124,$1193,$0,$-62,$-9,$674,$1867,$-15,$72,$8,$80,$-1,$-8,$5,$-4,$-7,$58,$-157,$0,$0,$0,$-1,$-1,$0,$-158,$-22,$0,$-22,$0,$0,$0,$17,$-5,$-104,$9,$0
28,2011-09-30,25120.0,$79221.53,0.32,$37479.82,0.67,$-45767.87,0.0,$-1111.11,0.0,$0.06B,$0.04B,1.52,$1.13B,$0.67B,1.69,$0.32B,$0.15B,46.35%,$0.32B,$0.04B,11.75%,$0.32B,$0.04B,11.75%,$0.32B,$0.11B,33.65%,$0.32B,$-0.01B,-3.17%,$0.32B,$-0.01B,-3.17%,$-0.01B,$0.67B,-1.49%,$-0.01B,$0.67B,-1.49%,$-0.01B,$1.87B,-0.53%,$0.04B,$1.80B,2.04%,$80,$45,$35,$0,$8,$73,$8,$-14,$-6,$0,$-6,$-6,$-6,$26,$8,$0,0,$-685.19,$-685.19,$27,$8,$1,$62,$1762,$2,$0,$30,$1811,$1873,$41,$1129,$13,$1162,$1203,$1,$-61,$-13,$670,$1873,$-13,$53,$12,$65,$-16,$-5,$3,$-3,$-15,$37,$-134,$0,$0,$0,$0,$0,$-1,$-135,$-22,$0,$-22,$0,$0,$0,$18,$-4,$-102,$7,$0
29,2011-06-30,39680.0,$79344.24,0.5,$36699.73,1.08,$-53320.93,0.0,$518.52,76.53,$0.08B,$0.04B,2.15,$1.15B,$0.67B,1.72,$0.31B,$0.16B,51.95%,$0.31B,$0.05B,16.56%,$0.31B,$0.05B,16.56%,$0.31B,$0.12B,38.31%,$0.31B,$0.00B,1.30%,$0.31B,$0.00B,1.30%,$0.00B,$0.67B,0.60%,$0.00B,$0.67B,0.60%,$0.00B,$1.90B,0.21%,$0.05B,$1.82B,2.82%,$76,$40,$36,$0,$8,$66,$10,$-12,$-1,$0,$-1,$-1,$-1,$28,$10,$0,0,$-166.67,$-166.67,$51,$9,$1,$80,$1617,$22,$0,$159,$1816,$1897,$37,$1151,$17,$1188,$1226,$1,$-55,$-17,$671,$1897,$-7,$34,$11,$45,$-11,$-5,$2,$1,$-11,$26,$-101,$0,$0,$0,$0,$0,$-1,$-102,$0,$0,$0,$0,$0,$0,$-3,$-3,$-78,$5,$0
30,2011-03-31,59520.0,$79130.12,0.75,$35414.89,1.68,$-61706.74,0.0,$2000.00,29.76,$0.13B,$0.04B,3.09,$1.15B,$0.67B,1.72,$0.30B,$0.17B,58.39%,$0.30B,$0.07B,21.81%,$0.30B,$0.07B,21.81%,$0.30B,$0.13B,43.29%,$0.30B,$0.02B,5.37%,$0.30B,$0.02B,5.37%,$0.02B,$0.67B,2.42%,$0.02B,$0.67B,2.42%,$0.02B,$1.90B,0.86%,$0.07B,$1.82B,3.64%,$87,$51,$35,$0,$14,$82,$4,$-10,$-6,$0,$-6,$-6,$-6,$21,$4,$0,0,$-666.67,$-666.67,$98,$5,$1,$127,$1589,$21,$0,$145,$1774,$1901,$41,$1151,$19,$1192,$1232,$1,$-53,$-19,$668,$1901,$-6,$17,$9,$26,$-11,$-2,$3,$1,$-6,$14,$-43,$0,$0,$0,$0,$0,$0,$-43,$0,$0,$0,$0,$0,$0,$-2,$-2,$-31,$3,$0
31,2010-12-31,79680.0,$79776.52,1.0,$31551.90,2.53,$-68512.13,0.0,$3185.18,25.02,$0.15B,$0.03B,4.94,$1.15B,$0.67B,1.72,$0.27B,$0.18B,67.17%,$0.27B,$0.08B,29.06%,$0.27B,$0.08B,29.06%,$0.27B,$0.14B,51.70%,$0.27B,$0.03B,10.19%,$0.27B,$0.03B,10.19%,$0.03B,$0.67B,4.16%,$0.03B,$0.67B,4.16%,$0.03B,$1.90B,1.48%,$0.08B,$1.82B,4.43%,$72,$32,$40,$0,$9,$58,$15,$-12,$3,$0,$3,$3,$3,$31,$15,$0,0,$388.89,$370.37,$129,$3,$1,$151,$1510,$20,$0,$195,$1746,$1897,$31,$1151,$22,$1197,$1227,$1,$-48,$-22,$669,$1897,$27,$61,$12,$73,$-7,$-3,$4,$3,$-6,$94,$-281,$0,$0,$0,$0,$0,$0,$-281,$251,$0,$251,$0,$0,$0,$-7,$244,$58,$15,$0
32,2010-09-30,83520.0,$78460.53,1.06,$28541.55,2.93,$-64652.44,0.0,$3111.11,26.85,$0.15B,$0.04B,3.71,$1.12B,$0.66B,1.71,$0.24B,$0.17B,71.06%,$0.24B,$0.07B,30.64%,$0.24B,$0.07B,30.64%,$0.24B,$0.13B,54.47%,$0.24B,$0.03B,11.06%,$0.24B,$0.03B,11.06%,$0.03B,$0.66B,4.08%,$0.03B,$0.66B,4.08%,$0.03B,$1.87B,1.48%,$0.07B,$1.78B,4.33%,$73,$23,$49,$0,$11,$51,$22,$-13,$8,$0,$8,$8,$8,$38,$22,$0,0,$962.96,$962.96,$129,$1,$1,$147,$1523,$19,$0,$161,$1726,$1873,$40,$1124,$51,$1174,$1214,$1,$-51,$-26,$659,$1873,$24,$45,$10,$55,$-4,$-1,$1,$3,$7,$86,$-246,$0,$0,$0,$0,$0,$0,$-246,$223,$0,$223,$0,$0,$0,$-6,$218,$58,$12,$0
33,2010-06-30,67520.0,$76686.47,0.88,$24818.47,2.72,$-53499.52,0.0,$2222.22,30.38,$0.12B,$0.03B,3.47,$1.08B,$0.64B,1.68,$0.20B,$0.15B,72.55%,$0.20B,$0.06B,29.90%,$0.20B,$0.06B,29.90%,$0.20B,$0.11B,54.90%,$0.20B,$0.02B,9.31%,$0.20B,$0.02B,9.31%,$0.02B,$0.64B,3.04%,$0.02B,$0.64B,3.04%,$0.02B,$1.81B,1.14%,$0.06B,$1.72B,3.86%,$66,$16,$50,$0,$10,$42,$24,$-13,$11,$0,$11,$11,$11,$39,$24,$0,0,$1333.33,$1333.33,$102,$0,$1,$117,$1409,$18,$0,$244,$1696,$1813,$34,$1080,$30,$1135,$1169,$1,$-59,$-30,$644,$1813,$16,$29,$7,$35,$-3,$0,$0,$2,$8,$59,$-204,$0,$0,$0,$0,$0,$0,$-204,$180,$0,$180,$0,$0,$0,$-5,$175,$31,$8,$0
34,2010-03-31,84960.0,$74669.68,1.14,$24475.21,3.47,$-35494.91,0.0,$2814.81,30.18,$0.10B,$0.03B,2.93,$1.00B,$0.63B,1.6,$0.19B,$0.14B,72.25%,$0.19B,$0.06B,29.84%,$0.19B,$0.06B,29.84%,$0.19B,$0.10B,54.45%,$0.19B,$0.02B,10.99%,$0.19B,$0.02B,10.99%,$0.02B,$0.63B,3.41%,$0.02B,$0.63B,3.41%,$0.02B,$1.72B,1.31%,$0.06B,$1.63B,3.79%,$54,$15,$39,$0,$9,$39,$16,$-11,$5,$0,$5,$5,$5,$29,$16,$0,0,$518.52,$518.52,$84,$0,$0,$97,$1275,$17,$0,$307,$1624,$1720,$33,$1002,$33,$1061,$1094,$1,$-70,$-33,$626,$1720,$5,$13,$4,$17,$-1,$0,$3,$3,$9,$31,$-117,$0,$0,$0,$0,$0,$0,$-117,$102,$0,$102,$0,$0,$0,$-3,$99,$13,$4,$0
35,2009-12-31,79200.0,$73890.34,1.07,$26902.98,2.94,$-25443.58,0.0,$5037.04,15.72,$0.08B,$0.03B,3.18,$0.90B,$0.62B,1.45,$0.19B,$0.14B,73.58%,$0.19B,$0.07B,33.68%,$0.19B,$0.07B,33.68%,$0.19B,$0.11B,56.48%,$0.19B,$0.03B,17.10%,$0.19B,$0.03B,17.10%,$0.03B,$0.62B,5.69%,$0.03B,$0.62B,5.69%,$0.03B,$1.61B,2.17%,$0.07B,$1.52B,4.59%,$42,$13,$29,$0,$7,$32,$10,$-8,$2,$0,$2,$2,$2,$22,$10,$0,0,$-296.30,$-296.30,$71,$0,$0,$84,$1011,$14,$0,$473,$1524,$1608,$27,$900,$35,$962,$988,$1,$-74,$-31,$620,$1608,$33,$43,$13,$56,$-3,$0,$0,$2,$1,$91,$-229,$0,$0,$0,$0,$0,$0,$-229,$111,$0,$111,$100,$100,$0,$-10,$200,$62,$14,$0
36,2009-09-30,82080.0,$72898.52,1.13,$30817.64,2.66,$-43031.59,0.0,$6222.22,13.19,$0.09B,$0.03B,2.76,$0.84B,$0.61B,1.37,$0.21B,$0.16B,76.78%,$0.21B,$0.07B,33.65%,$0.21B,$0.07B,33.65%,$0.21B,$0.11B,53.55%,$0.21B,$0.04B,18.96%,$0.21B,$0.04B,18.96%,$0.04B,$0.61B,7.37%,$0.04B,$0.61B,7.37%,$0.04B,$1.55B,2.75%,$0.07B,$1.45B,5.25%,$42,$11,$30,$0,$8,$30,$11,$-11,$1,$0,$1,$1,$1,$22,$11,$0,0,$74.07,$74.07,$83,$0,$0,$94,$920,$13,$0,$494,$1453,$1547,$34,$837,$66,$903,$937,$1,$-77,$-35,$610,$1547,$31,$31,$11,$43,$-1,$0,$-1,$1,$7,$81,$-146,$0,$0,$0,$0,$0,$0,$-146,$47,$0,$47,$100,$100,$0,$-9,$139,$73,$11,$0
37,2009-06-30,75360.0,$72558.81,1.04,$33926.18,2.22,$-65496.67,0.0,$9777.78,7.71,$0.14B,$0.03B,4.11,$0.81B,$0.61B,1.33,$0.22B,$0.17B,78.73%,$0.22B,$0.09B,39.37%,$0.22B,$0.09B,39.37%,$0.22B,$0.13B,57.01%,$0.22B,$0.06B,28.05%,$0.22B,$0.06B,28.05%,$0.06B,$0.61B,11.98%,$0.06B,$0.61B,11.98%,$0.06B,$1.52B,4.43%,$0.09B,$1.42B,6.67%,$53,$13,$40,$0,$9,$33,$20,$-7,$13,$0,$13,$13,$13,$31,$20,$0,0,$1925.93,$1925.93,$129,$0,$2,$140,$929,$13,$0,$408,$1377,$1517,$34,$809,$67,$876,$910,$1,$-77,$-35,$607,$1517,$31,$20,$6,$27,$-1,$0,$1,$4,$9,$66,$-60,$0,$0,$0,$0,$0,$0,$-60,$20,$0,$20,$100,$100,$0,$-5,$114,$120,$7,$0
38,2009-03-31,68000.0,$76307.02,0.89,$32274.52,2.11,$-83641.97,0.0,$10222.22,6.65,$0.03B,$0.04B,0.83,$0.80B,$0.48B,1.66,$0.21B,$0.16B,80.00%,$0.21B,$0.08B,40.98%,$0.21B,$0.08B,40.98%,$0.21B,$0.12B,58.54%,$0.21B,$0.06B,31.22%,$0.21B,$0.06B,31.22%,$0.06B,$0.48B,12.99%,$0.06B,$0.48B,12.99%,$0.06B,$1.40B,4.84%,$0.08B,$1.29B,6.76%,$56,$13,$43,$0,$9,$32,$24,$-6,$17,$0,$17,$17,$17,$34,$24,$0,0,$2740.74,$2740.74,$19,$0,$4,$31,$938,$13,$0,$393,$1371,$1402,$37,$802,$78,$880,$917,$0,$-91,$-44,$484,$1402,$17,$10,$4,$14,$-1,$0,$1,$9,$12,$43,$-44,$0,$0,$0,$0,$0,$0,$-44,$13,$0,$13,$0,$0,$0,$-2,$11,$10,$4,$0
39,2008-12-31,109120.0,$74249.97,1.47,$29212.34,3.74,$-81384.74,0.0,$9777.78,11.16,$0.02B,$0.02B,0.79,$0.79B,$0.47B,1.68,$0.19B,$0.15B,80.65%,$0.19B,$0.08B,40.86%,$0.19B,$0.08B,40.86%,$0.19B,$0.11B,59.14%,$0.19B,$0.06B,32.80%,$0.19B,$0.06B,32.80%,$0.06B,$0.47B,12.28%,$0.06B,$0.47B,12.28%,$0.06B,$1.36B,4.85%,$0.08B,$1.26B,6.35%,$60,$11,$49,$0,$18,$44,$16,$-7,$9,$0,$9,$9,$9,$26,$16,$0,0,$1407.41,$1407.41,$9,$0,$0,$17,$875,$12,$0,$431,$1345,$1362,$21,$790,$80,$869,$891,$0,$-108,$-35,$471,$1362,$62,$33,$15,$48,$-1,$0,$-2,$-1,$-0,$110,$-337,$0,$0,$0,$0,$0,$0,$-337,$192,$0,$192,$0,$0,$-94,$-16,$83,$-144,$11,$-94
40,2008-09-30,216367.0,$80517.19,2.69,$25942.29,8.34,$-109293.16,0.0,$10888.89,19.87,$0.04B,$0.02B,2.55,$0.74B,$0.51B,1.46,$0.16B,$0.13B,79.63%,$0.16B,$0.08B,47.53%,$0.16B,$0.08B,47.53%,$0.16B,$0.11B,67.28%,$0.16B,$0.07B,41.98%,$0.16B,$0.07B,41.98%,$0.07B,$0.51B,13.39%,$0.07B,$0.51B,13.39%,$0.07B,$1.31B,5.66%,$0.08B,$1.25B,6.64%,$52,$9,$42,$0,$7,$25,$27,$-3,$23,$0,$23,$23,$23,$35,$27,$0,0,$3703.70,$3629.63,$33,$0,$0,$40,$786,$11,$0,$459,$1274,$1314,$16,$742,$48,$790,$806,$0,$-94,$-10,$508,$1314,$52,$24,$6,$30,$-0,$0,$-3,$2,$-1,$82,$-274,$0,$0,$0,$0,$0,$0,$-274,$145,$0,$145,$0,$0,$-70,$-2,$72,$-120,$8,$-70
41,2008-06-30,455254.22,$80283.83,5.67,$23844.25,19.09,$-136617.69,0.0,$10000.00,45.53,$0.07B,$0.02B,4.7,$0.67B,$0.51B,1.31,$0.14B,$0.11B,79.17%,$0.14B,$0.07B,47.22%,$0.14B,$0.07B,47.22%,$0.14B,$0.10B,70.14%,$0.14B,$0.06B,42.36%,$0.14B,$0.06B,42.36%,$0.06B,$0.51B,11.89%,$0.06B,$0.51B,11.89%,$0.06B,$1.21B,5.34%,$0.07B,$1.17B,6.12%,$37,$8,$30,$0,$5,$20,$17,$-3,$15,$0,$15,$15,$15,$25,$17,$0,0,$2370.37,$2370.37,$63,$0,$0,$69,$718,$10,$0,$393,$1139,$1208,$15,$666,$12,$687,$701,$0,$-93,$-8,$507,$1208,$29,$15,$3,$18,$-1,$0,$-2,$1,$3,$50,$-160,$0,$0,$0,$0,$0,$0,$-160,$68,$0,$68,$0,$0,$-47,$-2,$20,$-90,$5,$-47
42,2008-03-31,394045.74,$79346.95,4.97,$23088.50,17.07,$-142118.35,0.0,$9777.78,40.3,$0.15B,$0.01B,12.2,$0.60B,$0.50B,1.21,$0.14B,$0.11B,77.78%,$0.14B,$0.07B,48.15%,$0.14B,$0.07B,48.15%,$0.14B,$0.10B,71.85%,$0.14B,$0.06B,42.96%,$0.14B,$0.06B,42.96%,$0.06B,$0.50B,11.85%,$0.06B,$0.50B,11.85%,$0.06B,$1.15B,5.68%,$0.07B,$1.11B,6.52%,$37,$8,$29,$0,$5,$20,$16,$-2,$14,$0,$14,$14,$14,$24,$16,$0,0,$2296.30,$2296.30,$149,$0,$0,$153,$599,$9,$0,$369,$995,$1148,$13,$604,$31,$635,$647,$0,$-85,$-20,$501,$1148,$14,$7,$2,$10,$0,$0,$-1,$1,$2,$26,$-13,$0,$0,$0,$0,$0,$0,$-13,$7,$0,$7,$0,$0,$-23,$-1,$-17,$-4,$3,$-23
43,2007-12-31,402418.11,$81635.88,4.93,$22541.50,17.85,$-147825.42,0.0,$9185.19,43.81,$0.16B,$0.01B,15.34,$0.60B,$0.52B,1.16,$0.13B,$0.10B,77.60%,$0.13B,$0.06B,48.00%,$0.13B,$0.06B,48.00%,$0.13B,$0.09B,72.80%,$0.13B,$0.05B,41.60%,$0.13B,$0.05B,41.60%,$0.05B,$0.52B,11.08%,$0.05B,$0.52B,11.08%,$0.05B,$1.14B,5.73%,$0.06B,$1.11B,6.72%,$36,$7,$28,$0,$3,$18,$17,$-1,$16,$0,$16,$16,$16,$25,$17,$0,0,$2592.59,$2592.59,$153,$0,$0,$157,$605,$9,$0,$346,$979,$1136,$10,$597,$14,$611,$621,$0,$-76,$-13,$515,$1136,$52,$30,$-0,$30,$-3,$0,$2,$1,$0,$83,$-446,$0,$0,$0,$0,$0,$0,$-446,$357,$0,$357,$240,$240,$-82,$-21,$494,$131,$4,$-82
44,2007-09-30,386707.84,$84091.27,4.6,$22334.95,17.31,$-96950.87,0.0,$7537.99,51.3,$0.16B,$0.01B,11.71,$0.53B,$0.53B,1.0,$0.12B,$0.09B,78.63%,$0.12B,$0.05B,42.74%,$0.12B,$0.05B,42.74%,$0.12B,$0.08B,69.23%,$0.12B,$0.04B,35.04%,$0.12B,$0.04B,35.04%,$0.04B,$0.53B,9.74%,$0.04B,$0.53B,9.74%,$0.04B,$1.08B,5.35%,$0.05B,$1.06B,6.62%,$34,$7,$27,$0,$2,$16,$18,$-3,$16,$0,$16,$16,$16,$27,$18,$0,0,$2740.74,$2740.74,$155,$0,$0,$159,$612,$7,$0,$290,$916,$1075,$14,$528,$3,$531,$545,$0,$-69,$-3,$530,$1075,$36,$23,$-0,$22,$-1,$0,$2,$1,$5,$63,$-392,$0,$0,$0,$0,$0,$0,$-392,$288,$0,$288,$240,$240,$-59,$-7,$462,$133,$4,$-59
45,2007-06-30,333881.89,$72937.70,4.58,$22285.89,14.98,$-50295.70,0.0,$6649.10,50.21,$0.03B,$0.01B,3.04,$0.30B,$0.41B,0.74,$0.11B,$0.09B,78.38%,$0.11B,$0.04B,39.64%,$0.11B,$0.04B,39.64%,$0.11B,$0.07B,65.77%,$0.11B,$0.03B,30.63%,$0.11B,$0.03B,30.63%,$0.03B,$0.41B,9.17%,$0.03B,$0.41B,9.17%,$0.03B,$0.73B,5.35%,$0.04B,$0.71B,7.02%,$28,$7,$21,$0,$2,$15,$14,$-2,$12,$0,$12,$12,$12,$21,$14,$0,0,$2148.15,$2148.15,$23,$0,$0,$27,$619,$7,$0,$70,$700,$727,$9,$302,$5,$307,$316,$0,$-65,$0,$411,$727,$20,$14,$2,$16,$-1,$0,$1,$1,$1,$38,$-166,$0,$0,$0,$0,$0,$0,$-166,$62,$0,$62,$110,$110,$-39,$-4,$129,$1,$3,$-39
46,2007-03-31,285977.37,$74785.09,3.82,$22582.27,12.66,$-29705.32,0.0,$6575.03,43.49,$0.12B,$0.01B,14.44,$0.27B,$0.42B,0.63,$0.11B,$0.09B,79.44%,$0.11B,$0.04B,38.32%,$0.11B,$0.04B,38.32%,$0.11B,$0.07B,64.49%,$0.11B,$0.03B,28.97%,$0.11B,$0.03B,28.97%,$0.03B,$0.42B,8.79%,$0.03B,$0.42B,8.79%,$0.03B,$0.70B,5.29%,$0.04B,$0.69B,7.09%,$27,$6,$21,$0,$5,$16,$11,$-2,$8,$0,$8,$8,$8,$18,$11,$0,0,$1703.70,$1703.70,$119,$0,$0,$124,$485,$6,$0,$76,$572,$695,$9,$266,$0,$266,$274,$0,$-56,$2,$421,$695,$8,$7,$2,$9,$-0,$0,$0,$0,$1,$19,$-37,$0,$0,$0,$0,$0,$0,$-37,$26,$0,$26,$110,$110,$-18,$-2,$115,$97,$3,$-18
47,2006-12-31,252834.68,$66352.19,3.81,$22592.78,11.19,$-22539.79,0.0,$7315.77,34.56,$0.03B,$0.01B,4.02,$0.24B,$0.32B,0.75,$0.10B,$0.08B,79.81%,$0.10B,$0.04B,41.35%,$0.10B,$0.04B,41.35%,$0.10B,$0.07B,66.35%,$0.10B,$0.03B,32.69%,$0.10B,$0.03B,32.69%,$0.03B,$0.32B,10.47%,$0.03B,$0.32B,10.47%,$0.03B,$0.57B,6.45%,$0.04B,$0.56B,8.29%,$28,$6,$23,$0,$9,$21,$7,$-3,$5,$0,$5,$5,$5,$15,$7,$0,0,$888.89,$888.89,$22,$0,$0,$28,$502,$7,$0,$28,$541,$569,$7,$240,$0,$240,$247,$0,$-46,$3,$322,$569,$34,$25,$11,$36,$-0,$0,$-0,$-0,$1,$71,$-131,$0,$0,$0,$0,$0,$0,$-131,$100,$0,$100,$33,$33,$-72,$-3,$58,$-2,$13,$-72
