,Date,Stock Price,Book Value per Share,Price to Book Ratio,TTM Sales per Share,Price to Sales Ratio,TTM FCF per Share,Price to FCF Ratio,TTM Net EPS,PE Ratio,Current Assets,Current Liabilities,Current Ratio,Long Term Debt,Shareholder's Equity_x,Debt to Equity Ratio,TTM Revenue_x,TTM Gross Profit,Gross Margin,TTM Revenue_y,TTM Operating Income,Operating Margin,TTM Revenue_x,TTM EBIT,EBIT Margin,TTM Revenue_y,TTM EBITDA,EBITDA Margin,TTM Revenue_x,TTM Pre-Tax Income,Pre-Tax Margin,TTM Revenue_y,TTM Net Income_x,Net Margin,TTM Net Income_y,Shareholder's Equity_y,Return on Equity,TTM Net Income_x,Tangible Equity,Return on Tangible Equity,TTM Net Income_y,Total Assets,Return on Assets,TTM Net Income,LT Investments & Debt,Return on Investment,revenue,cost-goods-sold,gross-profit,research-development-expenses,selling-general-administrative-expenses,operating-expenses,operating-income,total-non-operating-income-expense,pre-tax-income,total-provision-income-taxes,income-after-taxes,income-from-continuous-operations,net-income,ebitda,ebit,basic-shares-outstanding,shares-outstanding,eps-basic-net-earnings-per-share,eps-earnings-per-share-diluted,cash-on-hand,inventory,other-current-assets,total-current-assets,net-property-plant-equipment,long-term-investments,goodwill-intangible-assets-total,other-long-term-assets,total-long-term-assets,total-assets,total-current-liabilities,long-term-debt,other-non-current-liabilities,total-long-term-liabilities,total-liabilities,common-stock-net,retained-earnings-accumulated-deficit,comprehensive-income,total-share-holder-equity,total-liabilities-share-holders-equity,net-income-loss,total-depreciation-amortization-cash-flow,other-non-cash-items,total-non-cash-items,change-in-accounts-receivable,change-in-inventories,change-in-accounts-payable,change-in-assets-liabilities,total-change-in-assets-liabilities,cash-flow-from-operating-activities,net-change-in-property-plant-equipment,net-change-in-intangible-assets,net-acquisitions-divestitures,net-change-in-short-term-investments,net-change-in-long-term-investments,net-change-in-investments-total,investing-activities-other,cash-flow-from-investing-activities,net-long-term-debt,net-current-debt,debt-issuance-retirement-net-total,net-common-equity-issued-repurchased,net-total-equity-issued-repurchased,total-common-preferred-stock-dividends-paid,financial-activities-other,cash-flow-from-financial-activities,net-cash-flow,stock-based-compensation,common-stock-dividends-paid
0,2018-09-30,95.62,$24.14,3.96,$8.40,11.38,$-4.38,0.0,$2.50,38.25,$0.00B,$0.11B,0.0,$1.08B,$0.87B,1.25,$0.29B,$0.21B,71.67%,$0.29B,$0.11B,36.18%,$0.29B,$0.11B,36.18%,$0.29B,$0.20B,66.89%,$0.29B,$0.08B,28.67%,$0.29B,$0.09B,30.03%,$0.09B,$0.87B,10.87%,$0.09B,$0.87B,10.87%,$0.09B,$2.09B,4.39%,$0.11B,$1.95B,5.55%,$75,$22,$54,$0,$3,$48,$28,$-9,$19,$0,$19,$23,$23,$51,$28,$36,36,$0.64,$0.64,$0,$0,$0,$0,$1960,$0,$0,$129,$2089,$2089,$106,$1084,$30,$1113,$1219,$0,$-318,$11,$870,$2089,$70,$67,$-10,$57,$0,$0,$0,$1,$15,$142,$-198,$0,$0,$0,$26,$26,$-6,$-178,$-24,$0,$-24,$112,$112,$-45,$-7,$36,$0,$4,$-45
1,2018-06-30,95.56,$23.53,4.06,$8.30,11.51,$-3.20,0.0,$2.32,41.19,$0.00B,$0.06B,0.0,$1.09B,$0.84B,1.3,$0.29B,$0.21B,71.43%,$0.29B,$0.10B,35.54%,$0.29B,$0.10B,35.54%,$0.29B,$0.19B,66.20%,$0.29B,$0.08B,28.22%,$0.29B,$0.08B,28.22%,$0.08B,$0.84B,10.48%,$0.08B,$0.84B,10.48%,$0.08B,$2.02B,4.14%,$0.10B,$1.94B,5.46%,$75,$21,$53,$0,$4,$48,$27,$-9,$18,$0,$18,$18,$18,$50,$27,$35,35,$0.52,$0.52,$0,$0,$0,$0,$1890,$0,$0,$131,$2021,$2022,$56,$1094,$30,$1125,$1181,$0,$-315,$10,$841,$2022,$47,$44,$-8,$37,$0,$0,$0,$2,$-10,$74,$-105,$0,$0,$0,$18,$18,$4,$-83,$-13,$0,$-13,$75,$75,$-45,$-7,$10,$0,$3,$-45
2,2018-03-31,82.1,$22.17,3.7,$8.17,10.04,$-3.15,0.0,$2.88,28.51,$0.00B,$0.05B,0.0,$1.11B,$0.78B,1.44,$0.28B,$0.20B,71.43%,$0.28B,$0.10B,35.36%,$0.28B,$0.10B,35.36%,$0.28B,$0.19B,66.07%,$0.28B,$0.10B,35.71%,$0.28B,$0.10B,35.71%,$0.10B,$0.78B,13.45%,$0.10B,$0.78B,13.45%,$0.10B,$1.96B,5.21%,$0.10B,$1.89B,5.40%,$72,$21,$52,$0,$3,$46,$26,$2,$29,$0,$29,$29,$29,$48,$26,$35,35,$0.83,$0.83,$0,$0,$0,$0,$1842,$0,$0,$121,$1963,$1963,$47,$1111,$30,$1141,$1188,$0,$-311,$9,$775,$1963,$29,$22,$-9,$13,$0,$0,$0,$2,$-20,$22,$-36,$0,$0,$0,$17,$17,$8,$-11,$3,$0,$3,$14,$14,$-23,$-5,$-10,$0,$1,$-23
3,2017-12-31,87.11,$21.61,4.03,$8.08,10.79,$-3.42,0.0,$2.43,35.85,$0.00B,$0.07B,0.0,$1.11B,$0.75B,1.48,$0.27B,$0.20B,71.17%,$0.27B,$0.09B,34.31%,$0.27B,$0.09B,34.31%,$0.27B,$0.18B,65.33%,$0.27B,$0.08B,30.66%,$0.27B,$0.08B,30.66%,$0.08B,$0.75B,11.70%,$0.08B,$0.75B,11.70%,$0.08B,$1.95B,4.44%,$0.09B,$1.86B,5.20%,$71,$21,$51,$0,$3,$46,$25,$-8,$18,$0,$18,$18,$18,$47,$25,$34,34,$0.52,$0.52,$0,$0,$0,$0,$1829,$0,$0,$124,$1953,$1953,$65,$1108,$29,$1137,$1202,$0,$-317,$5,$751,$1953,$84,$84,$-16,$68,$0,$0,$0,$-5,$3,$155,$-206,$0,$0,$0,$43,$43,$-16,$-179,$6,$0,$6,$109,$109,$-87,$-5,$24,$-1,$6,$-87
4,2017-09-30,86.24,$21.09,4.09,$8.01,10.76,$-5.48,0.0,$2.38,36.24,$0.00B,$0.07B,0.0,$1.07B,$0.73B,1.48,$0.27B,$0.19B,70.63%,$0.27B,$0.09B,34.20%,$0.27B,$0.09B,34.20%,$0.27B,$0.18B,65.43%,$0.27B,$0.08B,30.11%,$0.27B,$0.08B,30.11%,$0.08B,$0.73B,11.72%,$0.08B,$0.73B,11.72%,$0.08B,$1.89B,4.35%,$0.09B,$1.80B,5.17%,$69,$20,$49,$0,$3,$44,$24,$-8,$16,$0,$16,$16,$16,$45,$24,$34,34,$0.46,$0.46,$0,$0,$0,$0,$1778,$0,$0,$116,$1894,$1894,$67,$1072,$29,$1101,$1168,$0,$-312,$3,$726,$1894,$66,$62,$-17,$45,$0,$0,$0,$1,$11,$123,$-136,$0,$0,$0,$40,$40,$-9,$-105,$-30,$0,$-30,$79,$79,$-65,$-3,$-18,$-1,$4,$-65
5,2017-06-30,81.44,$21.01,3.88,$7.93,10.27,$-6.02,0.0,$2.37,34.36,$0.00B,$0.05B,0.0,$1.07B,$0.72B,1.49,$0.26B,$0.19B,70.72%,$0.26B,$0.09B,34.60%,$0.26B,$0.09B,34.60%,$0.26B,$0.17B,65.78%,$0.26B,$0.08B,30.42%,$0.26B,$0.08B,30.42%,$0.08B,$0.72B,12.11%,$0.08B,$0.72B,12.11%,$0.08B,$1.87B,4.40%,$0.09B,$1.79B,5.24%,$68,$20,$48,$0,$3,$44,$24,$13,$37,$0,$37,$37,$37,$45,$24,$34,34,$1.09,$1.08,$0,$0,$0,$0,$1755,$0,$0,$116,$1871,$1871,$49,$1071,$30,$1101,$1150,$0,$-306,$2,$721,$1871,$50,$41,$-18,$23,$0,$0,$0,$2,$-6,$67,$-96,$0,$0,$0,$40,$40,$-5,$-60,$-31,$0,$-31,$69,$69,$-43,$-3,$-7,$-0,$3,$-43
6,2017-03-31,70.95,$19.91,3.56,$7.85,9.04,$-4.70,0.0,$2.64,26.87,$0.00B,$0.04B,0.0,$1.11B,$0.68B,1.64,$0.26B,$0.18B,70.82%,$0.26B,$0.09B,34.63%,$0.26B,$0.09B,34.63%,$0.26B,$0.17B,65.76%,$0.26B,$0.09B,33.85%,$0.26B,$0.09B,33.85%,$0.09B,$0.68B,13.76%,$0.09B,$0.68B,13.76%,$0.09B,$1.86B,4.93%,$0.09B,$1.78B,5.29%,$66,$19,$47,$0,$5,$45,$21,$-8,$13,$0,$13,$13,$13,$42,$21,$33,33,$0.38,$0.38,$0,$0,$0,$0,$1741,$0,$0,$115,$1856,$1856,$44,$1106,$31,$1138,$1181,$0,$-322,$3,$675,$1856,$13,$20,$3,$23,$0,$0,$0,$2,$-12,$24,$-47,$0,$0,$0,$1,$1,$2,$-44,$5,$0,$5,$39,$39,$-22,$-3,$20,$-0,$2,$-22
7,2016-12-31,70.64,$19.26,3.67,$7.77,9.09,$-4.13,0.0,$2.93,24.11,$0.00B,$0.05B,0.01,$1.10B,$0.64B,1.72,$0.25B,$0.18B,70.75%,$0.25B,$0.09B,34.39%,$0.25B,$0.09B,34.39%,$0.25B,$0.17B,65.22%,$0.25B,$0.10B,37.94%,$0.25B,$0.10B,37.94%,$0.10B,$0.64B,15.93%,$0.10B,$0.64B,15.93%,$0.10B,$1.83B,5.60%,$0.09B,$1.74B,5.32%,$66,$20,$46,$0,$3,$43,$23,$-8,$15,$0,$15,$15,$15,$44,$23,$33,33,$0.45,$0.46,$1,$0,$0,$1,$1713,$0,$0,$113,$1825,$1826,$53,$1101,$30,$1131,$1184,$0,$-314,$2,$642,$1826,$96,$78,$-38,$40,$0,$0,$0,$-3,$3,$139,$-255,$0,$0,$0,$79,$79,$-10,$-186,$73,$0,$73,$59,$59,$-81,$-4,$48,$0,$5,$-81
8,2016-09-30,69.76,$18.39,3.79,$7.64,9.14,$-1.24,0.0,$2.82,24.74,$0.00B,$0.06B,0.0,$1.02B,$0.61B,1.69,$0.25B,$0.18B,70.97%,$0.25B,$0.08B,33.87%,$0.25B,$0.08B,33.87%,$0.25B,$0.16B,64.52%,$0.25B,$0.09B,37.50%,$0.25B,$0.09B,37.10%,$0.09B,$0.61B,15.81%,$0.09B,$0.61B,15.81%,$0.09B,$1.72B,5.50%,$0.08B,$1.62B,5.26%,$63,$19,$45,$0,$2,$40,$23,$-8,$15,$0,$15,$15,$15,$42,$23,$33,33,$0.45,$0.45,$0,$0,$0,$0,$1617,$0,$0,$102,$1718,$1718,$56,$1019,$38,$1057,$1113,$0,$-308,$-10,$605,$1718,$81,$58,$-39,$19,$0,$0,$0,$2,$7,$107,$-137,$0,$0,$0,$77,$77,$-4,$-64,$-9,$0,$-9,$30,$30,$-60,$-4,$-43,$-0,$4,$-60
9,2016-06-30,64.78,$18.47,3.51,$7.53,8.61,$-0.03,0.0,$2.74,23.64,$0.00B,$0.04B,0.0,$0.97B,$0.61B,1.59,$0.24B,$0.17B,70.90%,$0.24B,$0.08B,33.20%,$0.24B,$0.08B,33.20%,$0.24B,$0.16B,64.34%,$0.24B,$0.09B,36.89%,$0.24B,$0.09B,36.48%,$0.09B,$0.61B,15.59%,$0.09B,$0.61B,15.59%,$0.09B,$1.66B,5.40%,$0.08B,$1.58B,5.14%,$62,$18,$44,$0,$3,$40,$22,$22,$44,$0,$44,$44,$44,$41,$22,$32,32,$1.36,$1.35,$0,$0,$0,$0,$1546,$0,$0,$109,$1655,$1655,$42,$968,$37,$1006,$1047,$0,$-303,$-12,$607,$1655,$66,$38,$-39,$-1,$0,$0,$0,$3,$-1,$64,$-49,$0,$0,$0,$73,$73,$-11,$14,$-59,$0,$-59,$25,$25,$-40,$-4,$-78,$-0,$3,$-40
10,2016-03-31,56.24,$17.15,3.28,$7.42,7.58,$-0.54,0.0,$1.84,30.57,$0.00B,$0.03B,0.0,$1.04B,$0.56B,1.87,$0.24B,$0.17B,71.25%,$0.24B,$0.08B,32.92%,$0.24B,$0.08B,32.92%,$0.24B,$0.15B,64.17%,$0.24B,$0.06B,25.42%,$0.24B,$0.06B,25.00%,$0.06B,$0.56B,10.70%,$0.06B,$0.56B,10.70%,$0.06B,$1.66B,3.67%,$0.08B,$1.60B,5.04%,$62,$18,$44,$0,$5,$42,$19,$3,$22,$0,$22,$22,$22,$38,$19,$32,32,$0.67,$0.67,$0,$0,$0,$0,$1561,$0,$0,$98,$1659,$1659,$27,$1040,$37,$1076,$1103,$0,$-327,$-9,$556,$1659,$22,$19,$-9,$11,$0,$0,$0,$2,$-14,$19,$-23,$0,$0,$0,$19,$19,$-3,$-7,$12,$0,$12,$0,$0,$-20,$-3,$-12,$-0,$3,$-20
11,2015-12-31,51.27,$17.25,2.97,$7.30,7.02,$-0.41,0.0,$1.48,34.64,$0.00B,$0.04B,0.0,$1.03B,$0.56B,1.84,$0.24B,$0.17B,71.19%,$0.24B,$0.08B,33.05%,$0.24B,$0.08B,33.05%,$0.24B,$0.15B,64.83%,$0.24B,$0.05B,20.76%,$0.24B,$0.05B,20.34%,$0.05B,$0.56B,8.53%,$0.05B,$0.56B,8.53%,$0.05B,$1.66B,2.97%,$0.08B,$1.59B,5.04%,$61,$18,$43,$0,$4,$41,$20,$-9,$12,$0,$12,$12,$11,$39,$20,$32,32,$0.36,$0.36,$0,$0,$0,$0,$1562,$0,$0,$100,$1662,$1662,$44,$1028,$31,$1059,$1103,$0,$-329,$-3,$559,$1662,$48,$73,$4,$77,$0,$0,$0,$-2,$5,$130,$-152,$0,$0,$0,$5,$5,$-10,$-156,$99,$0,$99,$6,$6,$-76,$-3,$26,$0,$7,$-76
12,2015-09-30,49.43,$17.33,2.85,$7.23,6.84,$-1.35,0.0,$1.53,32.31,$0.00B,$0.05B,0.01,$0.98B,$0.56B,1.74,$0.23B,$0.17B,71.55%,$0.23B,$0.08B,33.62%,$0.23B,$0.08B,33.62%,$0.23B,$0.15B,65.52%,$0.23B,$0.05B,21.55%,$0.23B,$0.05B,21.55%,$0.05B,$0.56B,8.81%,$0.05B,$0.56B,8.81%,$0.05B,$1.62B,3.13%,$0.08B,$1.54B,5.10%,$59,$17,$42,$0,$3,$38,$20,$-8,$12,$0,$12,$12,$12,$39,$20,$32,32,$0.37,$0.37,$0,$0,$0,$0,$1523,$0,$0,$97,$1620,$1620,$48,$979,$31,$1010,$1058,$0,$-321,$-7,$562,$1620,$37,$54,$2,$56,$0,$0,$0,$3,$9,$103,$-94,$0,$0,$0,$5,$5,$-6,$-94,$46,$0,$46,$6,$6,$-57,$-3,$-8,$0,$5,$-57
13,2015-06-30,50.73,$17.53,2.89,$7.18,7.06,$-2.91,0.0,$1.72,29.5,$0.00B,$0.04B,0.0,$0.97B,$0.57B,1.72,$0.23B,$0.16B,71.62%,$0.23B,$0.08B,33.62%,$0.23B,$0.08B,33.62%,$0.23B,$0.15B,65.50%,$0.23B,$0.06B,24.45%,$0.23B,$0.06B,24.45%,$0.06B,$0.57B,9.87%,$0.06B,$0.57B,9.87%,$0.06B,$1.60B,3.54%,$0.08B,$1.54B,5.09%,$58,$16,$42,$0,$4,$38,$20,$-5,$15,$0,$15,$15,$15,$38,$20,$32,32,$0.45,$0.45,$0,$0,$0,$0,$1504,$0,$0,$100,$1603,$1603,$35,$974,$28,$1002,$1037,$0,$-313,$-2,$566,$1603,$25,$36,$0,$36,$0,$0,$0,$3,$-2,$59,$-60,$0,$0,$0,$5,$5,$-6,$-60,$41,$0,$41,$0,$0,$-37,$-2,$1,$0,$4,$-37
14,2015-03-31,53.73,$17.50,3.07,$7.10,7.56,$-4.61,0.0,$1.56,34.44,$0.00B,$0.03B,0.01,$0.96B,$0.57B,1.7,$0.23B,$0.16B,71.11%,$0.23B,$0.08B,33.33%,$0.23B,$0.08B,33.33%,$0.23B,$0.15B,65.33%,$0.23B,$0.05B,22.22%,$0.23B,$0.05B,22.22%,$0.05B,$0.57B,8.91%,$0.05B,$0.57B,8.91%,$0.05B,$1.58B,3.19%,$0.08B,$1.53B,5.01%,$58,$16,$41,$0,$5,$39,$18,$-8,$10,$0,$10,$10,$10,$37,$18,$32,32,$0.31,$0.31,$0,$0,$0,$0,$1479,$0,$0,$102,$1581,$1581,$26,$960,$30,$990,$1016,$0,$-309,$-5,$565,$1581,$10,$18,$2,$20,$0,$0,$0,$1,$-9,$21,$-21,$0,$0,$0,$0,$0,$-6,$-26,$27,$0,$27,$0,$0,$-19,$-2,$6,$0,$2,$-19
15,2014-12-31,56.03,$17.86,3.14,$7.02,7.98,$-4.87,0.0,$1.52,36.86,$0.00B,$0.04B,0.0,$0.93B,$0.58B,1.62,$0.22B,$0.16B,71.36%,$0.22B,$0.07B,33.64%,$0.22B,$0.07B,33.64%,$0.22B,$0.14B,65.45%,$0.22B,$0.05B,22.27%,$0.22B,$0.05B,21.82%,$0.05B,$0.58B,8.70%,$0.05B,$0.58B,8.70%,$0.05B,$1.58B,3.11%,$0.07B,$1.51B,5.02%,$57,$16,$41,$0,$3,$37,$20,$-7,$13,$0,$13,$13,$13,$38,$20,$31,31,$0.41,$0.40,$0,$0,$0,$0,$1474,$0,$0,$101,$1576,$1576,$39,$933,$28,$961,$1000,$0,$-301,$-2,$576,$1576,$48,$70,$-4,$66,$0,$0,$0,$-1,$2,$116,$-167,$0,$0,$0,$21,$21,$-13,$-160,$37,$0,$37,$79,$79,$-70,$-2,$43,$0,$5,$-70
16,2014-09-30,53.13,$17.62,3.02,$6.97,7.62,$-5.23,0.0,$1.43,37.16,$0.00B,$0.05B,0.01,$0.92B,$0.56B,1.64,$0.22B,$0.15B,70.97%,$0.22B,$0.07B,33.18%,$0.22B,$0.07B,33.18%,$0.22B,$0.14B,64.98%,$0.22B,$0.05B,20.74%,$0.22B,$0.04B,20.28%,$0.04B,$0.56B,8.18%,$0.04B,$0.56B,8.18%,$0.04B,$1.56B,2.90%,$0.07B,$1.48B,4.97%,$56,$16,$40,$0,$3,$37,$19,$-1,$18,$0,$18,$18,$18,$37,$19,$32,32,$0.56,$0.56,$0,$0,$0,$0,$1457,$0,$0,$105,$1563,$1563,$53,$921,$27,$948,$1001,$0,$-295,$-0,$562,$1563,$36,$52,$-4,$48,$0,$0,$0,$2,$11,$95,$-135,$0,$0,$0,$17,$17,$-8,$-126,$27,$0,$27,$59,$59,$-52,$-3,$31,$0,$4,$-52
17,2014-06-30,55.81,$17.10,3.26,$6.89,8.1,$-5.97,0.0,$1.15,48.53,$0.00B,$0.05B,0.0,$0.94B,$0.54B,1.73,$0.21B,$0.15B,71.23%,$0.21B,$0.07B,33.02%,$0.21B,$0.07B,33.02%,$0.21B,$0.14B,65.09%,$0.21B,$0.04B,16.51%,$0.21B,$0.03B,16.04%,$0.03B,$0.54B,6.50%,$0.03B,$0.54B,6.50%,$0.03B,$1.55B,2.28%,$0.07B,$1.48B,4.90%,$54,$16,$38,$0,$3,$36,$18,$-9,$9,$0,$9,$9,$9,$35,$18,$31,31,$0.29,$0.29,$0,$0,$0,$0,$1449,$0,$0,$100,$1549,$1549,$45,$936,$27,$963,$1008,$0,$-295,$-1,$541,$1549,$18,$34,$3,$37,$0,$0,$0,$2,$-1,$54,$-108,$0,$0,$0,$3,$3,$8,$-97,$42,$0,$42,$37,$37,$-34,$-2,$43,$0,$3,$-34
18,2014-03-31,54.2,$16.90,3.21,$6.80,7.97,$-6.47,0.0,$1.11,48.83,$0.00B,$0.03B,0.07,$0.90B,$0.53B,1.7,$0.21B,$0.15B,71.50%,$0.21B,$0.07B,32.85%,$0.21B,$0.07B,32.85%,$0.21B,$0.14B,65.70%,$0.21B,$0.03B,16.43%,$0.21B,$0.03B,15.94%,$0.03B,$0.53B,6.45%,$0.03B,$0.53B,6.45%,$0.03B,$1.48B,2.25%,$0.07B,$1.43B,4.83%,$53,$15,$38,$0,$3,$36,$17,$-9,$9,$0,$9,$9,$8,$34,$17,$31,31,$0.27,$0.27,$2,$0,$0,$2,$1386,$0,$0,$93,$1479,$1481,$28,$899,$25,$924,$952,$0,$-287,$1,$529,$1481,$9,$17,$1,$19,$0,$0,$0,$2,$-10,$18,$-25,$0,$0,$0,$3,$3,$1,$-21,$5,$0,$5,$20,$20,$-17,$-2,$5,$2,$2,$-17
19,2013-12-31,49.49,$16.77,2.95,$6.70,7.38,$-6.36,0.0,$1.08,45.82,$0.00B,$0.04B,0.0,$0.89B,$0.52B,1.72,$0.20B,$0.15B,71.78%,$0.20B,$0.07B,33.17%,$0.20B,$0.07B,33.17%,$0.20B,$0.13B,65.84%,$0.20B,$0.03B,15.84%,$0.20B,$0.03B,15.84%,$0.03B,$0.52B,6.35%,$0.03B,$0.52B,6.35%,$0.03B,$1.47B,2.22%,$0.07B,$1.41B,4.85%,$54,$16,$38,$0,$3,$36,$18,$-9,$9,$0,$9,$9,$9,$35,$18,$30,30,$0.31,$0.31,$0,$0,$0,$0,$1377,$0,$0,$96,$1473,$1473,$37,$894,$24,$918,$955,$0,$-278,$2,$519,$1473,$33,$66,$3,$69,$0,$0,$0,$-2,$7,$110,$-169,$0,$0,$0,$4,$4,$-11,$-176,$80,$0,$80,$53,$53,$-65,$-3,$65,$-1,$4,$-65
20,2013-09-30,50.12,$16.45,3.05,$6.55,7.65,$-5.56,0.0,$1.18,42.47,$0.00B,$0.04B,0.01,$0.90B,$0.50B,1.78,$0.20B,$0.14B,72.31%,$0.20B,$0.07B,33.33%,$0.20B,$0.07B,33.33%,$0.20B,$0.13B,66.15%,$0.20B,$0.03B,15.90%,$0.20B,$0.04B,17.95%,$0.04B,$0.50B,7.05%,$0.04B,$0.50B,7.05%,$0.04B,$1.47B,2.48%,$0.07B,$1.40B,4.79%,$51,$15,$37,$0,$3,$34,$17,$-9,$8,$0,$8,$8,$8,$34,$17,$30,30,$0.28,$0.28,$0,$0,$0,$0,$1373,$0,$0,$92,$1465,$1466,$42,$897,$22,$920,$962,$0,$-271,$0,$504,$1466,$24,$49,$3,$52,$0,$0,$0,$2,$13,$89,$-150,$0,$0,$0,$1,$1,$-7,$-156,$84,$0,$84,$34,$34,$-48,$-3,$66,$-1,$3,$-48
21,2013-06-30,47.19,$16.33,2.89,$6.48,7.29,$-3.07,0.0,$1.13,41.76,$0.00B,$0.04B,0.0,$0.90B,$0.50B,1.82,$0.19B,$0.14B,71.73%,$0.19B,$0.06B,32.98%,$0.19B,$0.06B,32.98%,$0.19B,$0.13B,65.97%,$0.19B,$0.03B,15.71%,$0.19B,$0.03B,17.80%,$0.03B,$0.50B,7.01%,$0.03B,$0.50B,7.01%,$0.03B,$1.45B,2.49%,$0.06B,$1.40B,4.78%,$49,$14,$35,$0,$3,$33,$16,$-8,$8,$0,$8,$8,$8,$33,$16,$30,30,$0.25,$0.25,$0,$0,$0,$0,$1359,$0,$0,$93,$1453,$1453,$35,$902,$20,$922,$958,$0,$-263,$2,$495,$1453,$15,$32,$2,$34,$0,$0,$0,$3,$4,$53,$-120,$0,$0,$0,$0,$0,$-3,$-122,$88,$0,$88,$14,$14,$-32,$-2,$68,$-1,$2,$-32
22,2013-03-31,48.34,$16.44,2.94,$6.47,7.47,$-0.71,0.0,$1.16,41.68,$0.00B,$0.02B,0.0,$0.82B,$0.50B,1.66,$0.19B,$0.14B,71.81%,$0.19B,$0.06B,32.98%,$0.19B,$0.06B,32.98%,$0.19B,$0.12B,65.43%,$0.19B,$0.03B,14.89%,$0.19B,$0.03B,18.09%,$0.03B,$0.50B,7.13%,$0.03B,$0.50B,7.13%,$0.03B,$1.36B,2.56%,$0.06B,$1.32B,4.83%,$48,$14,$35,$0,$3,$32,$16,$-8,$7,$0,$7,$7,$7,$31,$16,$30,30,$0.24,$0.24,$0,$0,$0,$0,$1281,$0,$0,$83,$1364,$1364,$24,$823,$19,$842,$866,$0,$-254,$-0,$497,$1364,$7,$16,$1,$17,$0,$0,$0,$-0,$-7,$17,$-22,$0,$0,$0,$0,$0,$-2,$-24,$9,$0,$9,$14,$14,$-16,$-2,$5,$-1,$1,$-16
23,2012-12-31,44.29,$16.41,2.7,$6.54,6.78,$-0.83,0.0,$1.12,39.54,$0.00B,$0.03B,0.04,$0.81B,$0.49B,1.66,$0.19B,$0.13B,71.51%,$0.19B,$0.06B,32.80%,$0.19B,$0.06B,32.80%,$0.19B,$0.12B,65.59%,$0.19B,$0.03B,13.98%,$0.19B,$0.03B,17.20%,$0.03B,$0.49B,7.01%,$0.03B,$0.49B,7.01%,$0.03B,$1.35B,2.44%,$0.06B,$1.31B,4.82%,$47,$13,$34,$0,$2,$30,$16,$-8,$8,$0,$8,$8,$12,$31,$16,$29,29,$0.42,$0.43,$1,$0,$0,$1,$1272,$0,$0,$81,$1353,$1354,$29,$814,$20,$834,$863,$0,$-245,$-0,$491,$1354,$33,$61,$-2,$59,$0,$0,$0,$1,$-1,$92,$-125,$0,$0,$0,$17,$17,$-12,$-120,$-19,$0,$-19,$110,$110,$-61,$-1,$29,$1,$3,$-61
24,2012-09-30,43.34,$15.64,2.77,$6.50,6.67,$-2.00,0.0,$0.95,45.62,$0.00B,$0.03B,0.03,$0.79B,$0.46B,1.73,$0.18B,$0.13B,71.98%,$0.18B,$0.06B,32.97%,$0.18B,$0.06B,32.97%,$0.18B,$0.12B,65.93%,$0.18B,$0.02B,13.19%,$0.18B,$0.03B,14.29%,$0.03B,$0.46B,5.98%,$0.03B,$0.46B,5.98%,$0.03B,$1.30B,2.01%,$0.06B,$1.25B,4.80%,$47,$14,$33,$0,$2,$31,$15,$-9,$7,$0,$7,$7,$7,$31,$15,$29,29,$0.23,$0.23,$1,$0,$0,$1,$1226,$0,$0,$72,$1298,$1299,$34,$790,$17,$807,$841,$0,$-242,$-1,$458,$1299,$21,$47,$1,$48,$0,$0,$0,$3,$5,$73,$-59,$0,$0,$0,$7,$7,$-6,$-58,$-42,$0,$-42,$75,$75,$-45,$-2,$-14,$1,$3,$-45
25,2012-06-30,43.01,$15.80,2.72,$6.52,6.59,$-2.39,0.0,$0.93,46.25,$0.00B,$0.02B,0.01,$0.80B,$0.46B,1.72,$0.18B,$0.13B,72.07%,$0.18B,$0.06B,32.96%,$0.18B,$0.06B,32.96%,$0.18B,$0.12B,65.92%,$0.18B,$0.02B,12.85%,$0.18B,$0.03B,13.97%,$0.03B,$0.46B,5.99%,$0.03B,$0.46B,5.99%,$0.03B,$1.30B,1.97%,$0.06B,$1.26B,4.80%,$46,$13,$33,$0,$3,$31,$15,$-9,$6,$0,$6,$6,$8,$30,$15,$28,28,$0.28,$0.28,$0,$0,$0,$0,$1217,$0,$0,$79,$1296,$1296,$24,$795,$16,$811,$835,$0,$-233,$0,$461,$1296,$14,$31,$0,$31,$0,$0,$0,$2,$-3,$42,$-38,$0,$0,$0,$7,$7,$-7,$-38,$-38,$0,$-38,$64,$64,$-30,$-1,$-4,$-0,$2,$-30
26,2012-03-31,40.1,$14.75,2.72,$6.50,6.17,$-1.84,0.0,$0.85,47.18,$0.00B,$0.02B,0.01,$0.84B,$0.42B,2.03,$0.18B,$0.13B,72.16%,$0.18B,$0.06B,32.95%,$0.18B,$0.06B,32.95%,$0.18B,$0.12B,65.91%,$0.18B,$0.02B,13.07%,$0.18B,$0.02B,12.50%,$0.02B,$0.42B,5.49%,$0.02B,$0.42B,5.49%,$0.02B,$1.29B,1.77%,$0.06B,$1.26B,4.83%,$46,$13,$33,$0,$3,$32,$15,$-9,$5,$0,$5,$5,$5,$30,$15,$28,28,$0.20,$0.19,$0,$0,$0,$0,$1217,$0,$0,$75,$1292,$1293,$20,$841,$17,$858,$878,$0,$-226,$0,$415,$1293,$6,$16,$1,$17,$0,$0,$0,$1,$-10,$12,$-20,$0,$0,$0,$1,$1,$-2,$-22,$9,$0,$9,$16,$16,$-15,$-1,$9,$0,$1,$-15
27,2011-12-31,34.36,$14.67,2.34,$6.43,5.34,$-1.38,0.0,$0.83,41.4,$0.00B,$0.03B,0.01,$0.83B,$0.41B,2.05,$0.17B,$0.13B,72.25%,$0.17B,$0.06B,32.95%,$0.17B,$0.06B,32.95%,$0.17B,$0.11B,65.90%,$0.17B,$0.02B,13.29%,$0.17B,$0.02B,12.72%,$0.02B,$0.41B,5.53%,$0.02B,$0.41B,5.53%,$0.02B,$1.29B,1.81%,$0.06B,$1.24B,4.85%,$43,$11,$32,$0,$3,$28,$15,$-8,$6,$0,$6,$6,$6,$29,$15,$27,27,$0.24,$0.24,$0,$0,$0,$0,$1211,$0,$0,$76,$1286,$1287,$31,$833,$17,$850,$881,$0,$-217,$0,$406,$1287,$23,$57,$3,$60,$0,$0,$0,$-1,$4,$87,$-150,$0,$0,$0,$0,$0,$-1,$-151,$97,$0,$97,$25,$25,$-56,$-2,$64,$0,$2,$-56
28,2011-09-30,29.76,$14.33,2.08,$6.36,4.68,$1.71,17.39,$0.77,38.65,$0.00B,$0.03B,0.02,$0.78B,$0.39B,2.01,$0.17B,$0.12B,71.93%,$0.17B,$0.06B,32.16%,$0.17B,$0.06B,32.16%,$0.17B,$0.11B,65.50%,$0.17B,$0.02B,12.87%,$0.17B,$0.02B,12.28%,$0.02B,$0.39B,5.26%,$0.02B,$0.39B,5.26%,$0.02B,$1.21B,1.77%,$0.06B,$1.17B,4.78%,$44,$13,$31,$0,$3,$30,$14,$-9,$6,$0,$6,$6,$6,$29,$14,$27,27,$0.21,$0.21,$0,$0,$0,$0,$1147,$0,$0,$65,$1212,$1212,$30,$778,$15,$794,$824,$0,$-209,$0,$388,$1212,$16,$43,$2,$45,$0,$0,$0,$1,$8,$69,$-67,$0,$0,$0,$0,$0,$-3,$-69,$43,$0,$43,$1,$1,$-42,$-1,$1,$0,$2,$-42
29,2011-06-30,32.74,$14.61,2.24,$6.34,5.16,$2.28,14.34,$0.71,46.12,$0.00B,$0.02B,0.01,$0.75B,$0.40B,1.89,$0.17B,$0.12B,71.76%,$0.17B,$0.05B,31.76%,$0.17B,$0.05B,31.76%,$0.17B,$0.11B,64.71%,$0.17B,$0.02B,11.76%,$0.17B,$0.02B,11.18%,$0.02B,$0.40B,4.66%,$0.02B,$0.40B,4.66%,$0.02B,$1.18B,1.61%,$0.05B,$1.14B,4.71%,$43,$13,$31,$0,$3,$29,$14,$-8,$6,$0,$6,$6,$5,$28,$14,$27,27,$0.20,$0.20,$0,$0,$0,$0,$1115,$0,$0,$64,$1180,$1180,$21,$749,$15,$764,$784,$0,$-200,$0,$395,$1180,$11,$28,$1,$30,$0,$0,$0,$1,$0,$40,$-22,$0,$0,$0,$0,$0,$-3,$-25,$13,$0,$13,$0,$0,$-28,$-1,$-16,$-0,$1,$-28
30,2011-03-31,33.45,$14.89,2.25,$6.36,5.26,$1.58,21.12,$0.68,49.19,$0.00B,$0.02B,0.01,$0.75B,$0.40B,1.86,$0.17B,$0.12B,71.35%,$0.17B,$0.05B,30.99%,$0.17B,$0.05B,30.99%,$0.17B,$0.11B,64.33%,$0.17B,$0.02B,11.11%,$0.17B,$0.02B,10.53%,$0.02B,$0.40B,4.32%,$0.02B,$0.40B,4.32%,$0.02B,$1.18B,1.52%,$0.05B,$1.15B,4.62%,$43,$12,$31,$0,$3,$30,$14,$-9,$5,$0,$5,$5,$5,$28,$14,$27,27,$0.18,$0.18,$0,$0,$0,$0,$1115,$0,$0,$66,$1181,$1181,$15,$747,$16,$763,$778,$0,$-192,$0,$403,$1181,$5,$14,$1,$15,$0,$0,$0,$0,$-6,$14,$-9,$0,$0,$0,$0,$0,$-2,$-11,$12,$0,$12,$0,$0,$-14,$-1,$-3,$-0,$1,$-14
31,2010-12-31,31.79,$15.26,2.08,$6.41,4.96,$0.84,37.94,$0.68,46.75,$0.00B,$0.02B,0.01,$0.74B,$0.41B,1.79,$0.17B,$0.12B,70.93%,$0.17B,$0.05B,30.81%,$0.17B,$0.05B,30.81%,$0.17B,$0.11B,63.95%,$0.17B,$0.02B,11.05%,$0.17B,$0.02B,10.47%,$0.02B,$0.41B,4.24%,$0.02B,$0.41B,4.24%,$0.02B,$1.18B,1.52%,$0.05B,$1.15B,4.60%,$41,$11,$30,$0,$3,$27,$13,$-9,$5,$0,$5,$5,$5,$27,$13,$27,27,$0.18,$0.18,$0,$0,$0,$0,$1118,$0,$0,$65,$1183,$1183,$21,$736,$15,$751,$772,$0,$-182,$0,$412,$1183,$19,$58,$2,$60,$0,$0,$0,$0,$-2,$77,$-57,$0,$0,$0,$0,$0,$-7,$-64,$44,$0,$44,$1,$1,$-56,$-2,$-14,$-1,$2,$-56
32,2010-09-30,27.73,$15.58,1.78,$6.56,4.23,$0.61,45.62,$0.72,38.51,$0.00B,$0.03B,0.01,$0.72B,$0.42B,1.72,$0.17B,$0.12B,70.11%,$0.17B,$0.05B,31.03%,$0.17B,$0.05B,31.03%,$0.17B,$0.11B,63.79%,$0.17B,$0.02B,11.49%,$0.17B,$0.02B,10.92%,$0.02B,$0.42B,4.38%,$0.02B,$0.42B,4.38%,$0.02B,$1.19B,1.60%,$0.05B,$1.14B,4.70%,$43,$13,$30,$0,$3,$30,$13,$-9,$4,$0,$4,$4,$4,$27,$13,$27,27,$0.15,$0.15,$0,$0,$0,$0,$1120,$0,$0,$65,$1185,$1185,$28,$722,$15,$737,$765,$0,$-173,$-0,$420,$1185,$14,$44,$1,$45,$0,$0,$0,$2,$5,$64,$-46,$0,$0,$0,$0,$0,$-5,$-52,$30,$0,$30,$1,$1,$-42,$-2,$-13,$-1,$1,$-42
33,2010-06-30,26.03,$15.93,1.63,$6.62,3.93,$0.43,60.43,$0.81,32.14,$0.00B,$0.02B,0.01,$0.72B,$0.43B,1.69,$0.17B,$0.12B,70.11%,$0.17B,$0.06B,32.18%,$0.17B,$0.06B,32.18%,$0.17B,$0.11B,64.37%,$0.17B,$0.02B,12.64%,$0.17B,$0.02B,12.07%,$0.02B,$0.43B,4.82%,$0.02B,$0.43B,4.82%,$0.02B,$1.19B,1.77%,$0.06B,$1.15B,4.88%,$44,$13,$31,$0,$3,$30,$13,$-9,$5,$0,$5,$5,$4,$28,$13,$27,27,$0.17,$0.17,$0,$0,$0,$0,$1124,$0,$0,$64,$1188,$1188,$20,$724,$14,$738,$759,$0,$-163,$-0,$430,$1188,$10,$29,$1,$30,$0,$0,$0,$2,$-2,$38,$-39,$0,$0,$0,$0,$0,$-3,$-42,$32,$0,$32,$0,$0,$-28,$-1,$3,$-1,$1,$-28
34,2010-03-31,27.23,$16.26,1.67,$6.69,4.07,$0.44,61.23,$0.92,29.6,$0.00B,$0.02B,0.01,$0.72B,$0.44B,1.65,$0.17B,$0.12B,69.94%,$0.17B,$0.06B,33.53%,$0.17B,$0.06B,33.53%,$0.17B,$0.11B,64.74%,$0.17B,$0.02B,13.87%,$0.17B,$0.02B,13.87%,$0.02B,$0.44B,5.51%,$0.02B,$0.44B,5.51%,$0.02B,$1.19B,2.03%,$0.06B,$1.16B,5.08%,$44,$14,$31,$0,$3,$31,$14,$-9,$5,$0,$5,$5,$5,$28,$14,$27,27,$0.18,$0.18,$0,$0,$0,$0,$1126,$0,$0,$65,$1191,$1191,$16,$723,$15,$737,$753,$0,$-154,$-0,$438,$1191,$5,$15,$0,$15,$0,$0,$0,$1,$-7,$13,$-29,$0,$0,$0,$0,$0,$-1,$-30,$30,$0,$30,$0,$0,$-14,$-1,$15,$-1,$0,$-14
35,2009-12-31,27.26,$16.67,1.64,$6.75,4.04,$0.91,29.93,$1.05,25.96,$0.00B,$0.02B,0.05,$0.69B,$0.45B,1.55,$0.17B,$0.12B,70.35%,$0.17B,$0.06B,34.30%,$0.17B,$0.06B,34.30%,$0.17B,$0.11B,65.12%,$0.17B,$0.03B,15.70%,$0.17B,$0.03B,15.70%,$0.03B,$0.45B,6.31%,$0.03B,$0.45B,6.31%,$0.03B,$1.18B,2.30%,$0.06B,$1.14B,5.21%,$43,$12,$30,$0,$2,$28,$14,$-9,$6,$0,$6,$6,$6,$28,$14,$26,26,$0.21,$0.21,$1,$0,$0,$1,$1113,$0,$0,$64,$1177,$1179,$24,$692,$16,$708,$731,$0,$-144,$-0,$447,$1179,$27,$54,$2,$56,$0,$0,$0,$1,$-2,$81,$-67,$0,$0,$0,$1,$1,$-14,$-80,$-3,$0,$-3,$58,$58,$-54,$-0,$1,$1,$2,$-54
36,2009-09-30,26.85,$16.37,1.64,$6.87,3.91,$-1.99,0.0,$1.17,22.95,$0.00B,$0.03B,0.0,$0.71B,$0.43B,1.66,$0.17B,$0.12B,70.52%,$0.17B,$0.06B,35.26%,$0.17B,$0.06B,35.26%,$0.17B,$0.11B,65.32%,$0.17B,$0.03B,17.34%,$0.17B,$0.03B,16.76%,$0.03B,$0.43B,6.91%,$0.03B,$0.43B,6.91%,$0.03B,$1.18B,2.48%,$0.06B,$1.14B,5.42%,$43,$13,$30,$0,$2,$29,$15,$-8,$6,$0,$6,$6,$6,$28,$15,$26,26,$0.24,$0.24,$0,$0,$0,$0,$1113,$0,$0,$66,$1179,$1179,$30,$708,$14,$722,$752,$0,$-136,$-0,$427,$1179,$21,$40,$1,$41,$0,$0,$0,$4,$6,$68,$-56,$0,$0,$0,$0,$0,$-11,$-67,$12,$0,$12,$27,$27,$-40,$-1,$-1,$-0,$1,$-40
37,2009-06-30,22.9,$16.51,1.39,$6.91,3.31,$-4.32,0.0,$1.22,18.77,$0.00B,$0.02B,0.06,$0.71B,$0.43B,1.65,$0.17B,$0.12B,71.10%,$0.17B,$0.06B,35.26%,$0.17B,$0.06B,35.26%,$0.17B,$0.11B,65.32%,$0.17B,$0.03B,18.50%,$0.17B,$0.03B,17.34%,$0.03B,$0.43B,7.20%,$0.03B,$0.43B,7.20%,$0.03B,$1.17B,2.59%,$0.06B,$1.14B,5.48%,$43,$13,$30,$0,$2,$28,$15,$-8,$7,$0,$7,$7,$7,$28,$15,$25,25,$0.28,$0.28,$1,$0,$0,$1,$1109,$0,$0,$62,$1171,$1173,$24,$706,$14,$720,$744,$0,$-129,$-0,$429,$1173,$15,$26,$1,$27,$0,$0,$0,$3,$-3,$40,$-40,$0,$0,$0,$0,$0,$-8,$-48,$11,$0,$11,$26,$26,$-27,$-1,$9,$1,$1,$-27
38,2009-03-31,19.16,$16.24,1.18,$6.90,2.78,$-6.34,0.0,$1.31,14.63,$0.00B,$0.02B,0.01,$0.71B,$0.41B,1.75,$0.17B,$0.12B,71.93%,$0.17B,$0.06B,35.67%,$0.17B,$0.06B,35.67%,$0.17B,$0.11B,66.08%,$0.17B,$0.03B,19.30%,$0.17B,$0.03B,18.71%,$0.03B,$0.41B,7.58%,$0.03B,$0.41B,7.58%,$0.03B,$1.16B,2.80%,$0.06B,$1.12B,5.56%,$43,$13,$31,$0,$3,$28,$15,$-7,$8,$0,$8,$8,$8,$28,$15,$25,25,$0.31,$0.31,$0,$0,$0,$0,$1097,$0,$0,$65,$1162,$1162,$24,$714,$15,$730,$753,$0,$-122,$-0,$409,$1162,$8,$13,$0,$13,$0,$0,$0,$1,$-8,$13,$-16,$0,$0,$0,$0,$0,$-2,$-18,$19,$0,$19,$0,$0,$-13,$-1,$4,$-0,$0,$-13
39,2008-12-31,23.84,$16.49,1.45,$6.86,3.47,$-8.67,0.0,$1.31,18.2,$0.00B,$0.03B,0.01,$0.70B,$0.41B,1.68,$0.17B,$0.12B,72.02%,$0.17B,$0.06B,36.31%,$0.17B,$0.06B,36.31%,$0.17B,$0.11B,66.67%,$0.17B,$0.03B,19.64%,$0.17B,$0.03B,18.45%,$0.03B,$0.41B,7.39%,$0.03B,$0.41B,7.39%,$0.03B,$1.16B,2.74%,$0.06B,$1.11B,5.62%,$44,$13,$31,$0,$2,$28,$16,$-7,$9,$0,$9,$9,$8,$29,$16,$25,25,$0.34,$0.33,$0,$0,$0,$0,$1092,$0,$0,$64,$1156,$1156,$33,$696,$14,$710,$743,$0,$-117,$-1,$413,$1156,$35,$51,$-0,$50,$0,$0,$0,$-1,$3,$88,$-147,$0,$0,$0,$12,$12,$-17,$-152,$95,$0,$95,$58,$25,$-54,$-2,$64,$-0,$2,$-54
40,2008-09-30,32.03,$16.56,1.93,$6.70,4.78,$-10.73,0.0,$1.33,24.08,$0.00B,$0.03B,0.04,$0.67B,$0.42B,1.61,$0.16B,$0.12B,72.84%,$0.16B,$0.06B,35.80%,$0.16B,$0.06B,35.80%,$0.16B,$0.11B,67.28%,$0.16B,$0.03B,20.37%,$0.16B,$0.03B,19.75%,$0.03B,$0.42B,7.68%,$0.03B,$0.42B,7.68%,$0.03B,$1.14B,2.89%,$0.06B,$1.08B,5.48%,$43,$12,$31,$0,$2,$28,$15,$-7,$8,$0,$8,$8,$7,$28,$15,$25,25,$0.29,$0.29,$1,$0,$0,$1,$1071,$0,$0,$62,$1133,$1135,$33,$669,$15,$686,$719,$0,$-112,$-0,$415,$1135,$26,$38,$-1,$37,$0,$0,$0,$2,$7,$69,$-115,$0,$0,$0,$12,$12,$-16,$-119,$68,$0,$68,$58,$25,$-40,$-2,$51,$1,$2,$-40
41,2008-06-30,27.99,$18.05,1.55,$6.63,4.22,$-12.00,0.0,$1.34,20.89,$0.00B,$0.03B,0.0,$0.62B,$0.42B,1.49,$0.16B,$0.12B,73.42%,$0.16B,$0.06B,36.08%,$0.16B,$0.06B,36.08%,$0.16B,$0.11B,68.35%,$0.16B,$0.03B,20.25%,$0.16B,$0.03B,20.25%,$0.03B,$0.45B,7.72%,$0.03B,$0.45B,7.72%,$0.03B,$1.12B,2.97%,$0.06B,$1.08B,5.54%,$41,$12,$30,$0,$2,$26,$15,$-7,$8,$0,$8,$8,$9,$28,$15,$24,25,$0.37,$0.37,$0,$0,$0,$0,$1062,$0,$0,$57,$1119,$1120,$27,$623,$14,$640,$667,$0,$-106,$-0,$452,$1120,$18,$25,$-1,$23,$0,$0,$0,$2,$-2,$39,$-89,$0,$0,$0,$5,$5,$-9,$-93,$23,$0,$23,$57,$57,$-27,$0,$53,$-1,$1,$-27
42,2008-03-31,29.96,$16.68,1.8,$6.50,4.61,$-12.66,0.0,$1.20,24.96,$0.00B,$0.03B,0.01,$0.67B,$0.37B,1.84,$0.15B,$0.11B,73.38%,$0.15B,$0.06B,35.71%,$0.15B,$0.06B,35.71%,$0.15B,$0.11B,68.18%,$0.15B,$0.03B,19.48%,$0.15B,$0.03B,18.18%,$0.03B,$0.40B,6.94%,$0.03B,$0.40B,6.94%,$0.03B,$1.12B,2.68%,$0.06B,$1.07B,5.51%,$40,$11,$29,$0,$2,$25,$15,$-7,$8,$0,$8,$8,$7,$27,$15,$24,24,$0.31,$0.31,$0,$0,$0,$0,$1058,$0,$0,$58,$1116,$1116,$29,$672,$14,$689,$718,$0,$-102,$-0,$398,$1116,$8,$12,$0,$12,$0,$0,$0,$0,$-7,$14,$-71,$0,$0,$0,$0,$0,$-1,$-72,$72,$0,$72,$0,$0,$-13,$-0,$58,$-1,$0,$-13
43,2007-12-31,26.68,$16.90,1.58,$6.33,4.22,$-12.59,0.0,$1.14,23.4,$0.00B,$0.03B,0.02,$0.60B,$0.37B,1.62,$0.15B,$0.11B,73.33%,$0.15B,$0.05B,35.33%,$0.15B,$0.05B,35.33%,$0.15B,$0.10B,68.00%,$0.15B,$0.03B,19.33%,$0.15B,$0.03B,18.00%,$0.03B,$0.40B,6.63%,$0.03B,$0.40B,6.63%,$0.03B,$1.06B,2.67%,$0.05B,$1.00B,5.50%,$38,$10,$28,$0,$2,$25,$13,$-4,$9,$0,$9,$9,$9,$26,$13,$24,24,$0.37,$0.36,$1,$0,$0,$1,$999,$0,$0,$56,$1055,$1056,$34,$601,$16,$619,$653,$0,$-97,$-0,$402,$1056,$30,$47,$-1,$46,$0,$0,$0,$3,$6,$82,$-187,$0,$0,$0,$6,$6,$-4,$-184,$154,$0,$154,$1,$1,$-51,$-3,$102,$-0,$2,$-51
44,2007-09-30,28.51,$17.01,1.68,$6.20,4.6,$-10.08,0.0,$1.24,23.0,$0.00B,$0.04B,0.03,$0.56B,$0.37B,1.51,$0.15B,$0.11B,72.60%,$0.15B,$0.05B,34.93%,$0.15B,$0.05B,34.93%,$0.15B,$0.10B,67.12%,$0.15B,$0.03B,17.81%,$0.15B,$0.03B,19.86%,$0.03B,$0.41B,7.05%,$0.03B,$0.41B,7.05%,$0.03B,$1.02B,2.98%,$0.05B,$0.97B,5.49%,$39,$10,$29,$0,$2,$25,$14,$-7,$7,$0,$7,$7,$7,$27,$14,$24,24,$0.30,$0.30,$1,$0,$0,$1,$964,$0,$0,$54,$1018,$1019,$37,$564,$11,$577,$614,$0,$-94,$0,$405,$1019,$20,$35,$1,$36,$0,$0,$0,$5,$10,$67,$-141,$0,$0,$0,$0,$0,$-6,$-146,$117,$0,$117,$1,$1,$-37,$-1,$80,$0,$1,$-37
45,2007-06-30,27.28,$17.18,1.59,$6.06,4.5,$-7.22,0.0,$1.17,23.32,$0.00B,$0.03B,0.05,$0.54B,$0.38B,1.44,$0.14B,$0.10B,71.63%,$0.14B,$0.05B,34.75%,$0.14B,$0.05B,34.75%,$0.14B,$0.09B,65.96%,$0.14B,$0.03B,17.73%,$0.14B,$0.03B,19.15%,$0.03B,$0.41B,6.51%,$0.03B,$0.41B,6.51%,$0.03B,$1.00B,2.87%,$0.05B,$0.95B,5.47%,$37,$10,$27,$0,$2,$24,$13,$-7,$6,$0,$6,$6,$5,$25,$13,$24,24,$0.23,$0.23,$1,$0,$0,$1,$940,$0,$0,$53,$993,$995,$28,$543,$14,$558,$587,$0,$-89,$0,$408,$995,$13,$23,$1,$24,$0,$0,$0,$4,$4,$41,$-104,$0,$0,$0,$0,$0,$-3,$-108,$96,$0,$96,$0,$0,$-25,$-4,$68,$0,$1,$-25
46,2007-03-31,31.43,$17.41,1.81,$5.98,5.26,$-4.88,0.0,$1.16,27.09,$0.00B,$0.03B,0.04,$0.52B,$0.38B,1.36,$0.14B,$0.10B,71.53%,$0.14B,$0.05B,35.04%,$0.14B,$0.05B,35.04%,$0.14B,$0.09B,65.69%,$0.14B,$0.02B,17.52%,$0.14B,$0.03B,19.71%,$0.03B,$0.41B,6.72%,$0.03B,$0.41B,6.72%,$0.03B,$0.97B,2.97%,$0.05B,$0.93B,5.54%,$36,$10,$26,$0,$2,$23,$13,$-6,$7,$0,$7,$7,$6,$24,$13,$24,24,$0.25,$0.25,$1,$0,$0,$1,$916,$0,$0,$54,$971,$972,$26,$519,$12,$533,$558,$0,$-83,$0,$413,$972,$7,$11,$0,$12,$0,$0,$0,$2,$-4,$15,$-71,$0,$0,$0,$0,$0,$0,$-70,$72,$0,$72,$0,$0,$-13,$-4,$56,$0,$0,$-13
47,2006-12-31,32.68,$17.67,1.85,$5.91,5.53,$-2.89,0.0,$1.16,28.17,$0.00B,$0.03B,0.03,$0.45B,$0.39B,1.16,$0.13B,$0.10B,71.43%,$0.13B,$0.05B,34.59%,$0.13B,$0.05B,34.59%,$0.13B,$0.09B,65.41%,$0.13B,$0.02B,16.54%,$0.13B,$0.03B,20.30%,$0.03B,$0.42B,6.95%,$0.03B,$0.42B,6.95%,$0.03B,$0.91B,3.07%,$0.05B,$0.87B,5.47%,$34,$9,$24,$0,$2,$22,$11,$-5,$6,$0,$6,$7,$11,$22,$11,$22,23,$0.48,$0.47,$1,$0,$0,$1,$858,$0,$0,$53,$911,$912,$33,$447,$12,$460,$493,$0,$-77,$0,$419,$912,$29,$41,$-3,$38,$0,$0,$0,$-5,$-0,$67,$-111,$0,$0,$0,$38,$38,$-3,$-75,$-17,$0,$-17,$70,$70,$-48,$2,$8,$-1,$2,$-48
