,Date,Stock Price,Book Value per Share,Price to Book Ratio,TTM Sales per Share,Price to Sales Ratio,TTM FCF per Share,Price to FCF Ratio,TTM Net EPS,PE Ratio,Current Assets,Current Liabilities,Current Ratio,Long Term Debt,Shareholder's Equity_x,Debt to Equity Ratio,TTM Revenue_x,TTM Gross Profit,Gross Margin,TTM Revenue_y,TTM Operating Income,Operating Margin,TTM Revenue_x,TTM EBIT,EBIT Margin,TTM Revenue_y,TTM EBITDA,EBITDA Margin,TTM Revenue_x,TTM Pre-Tax Income,Pre-Tax Margin,TTM Revenue_y,TTM Net Income_x,Net Margin,TTM Net Income_y,Shareholder's Equity_y,Return on Equity,TTM Net Income_x,Tangible Equity,Return on Tangible Equity,TTM Net Income_y,Total Assets,Return on Assets,TTM Net Income,LT Investments & Debt,Return on Investment,revenue,cost-goods-sold,gross-profit,research-development-expenses,selling-general-administrative-expenses,operating-expenses,operating-income,total-non-operating-income-expense,pre-tax-income,total-provision-income-taxes,income-after-taxes,income-from-continuous-operations,net-income,ebitda,ebit,basic-shares-outstanding,shares-outstanding,eps-basic-net-earnings-per-share,eps-earnings-per-share-diluted,cash-on-hand,inventory,other-current-assets,total-current-assets,net-property-plant-equipment,long-term-investments,goodwill-intangible-assets-total,other-long-term-assets,total-long-term-assets,total-assets,total-current-liabilities,long-term-debt,other-non-current-liabilities,total-long-term-liabilities,total-liabilities,common-stock-net,retained-earnings-accumulated-deficit,comprehensive-income,total-share-holder-equity,total-liabilities-share-holders-equity,net-income-loss,total-depreciation-amortization-cash-flow,other-non-cash-items,total-non-cash-items,change-in-accounts-receivable,change-in-inventories,change-in-accounts-payable,change-in-assets-liabilities,total-change-in-assets-liabilities,cash-flow-from-operating-activities,net-change-in-property-plant-equipment,net-change-in-intangible-assets,net-acquisitions-divestitures,net-change-in-short-term-investments,net-change-in-long-term-investments,net-change-in-investments-total,investing-activities-other,cash-flow-from-investing-activities,net-long-term-debt,net-current-debt,debt-issuance-retirement-net-total,net-common-equity-issued-repurchased,net-total-equity-issued-repurchased,total-common-preferred-stock-dividends-paid,financial-activities-other,cash-flow-from-financial-activities,net-cash-flow,stock-based-compensation,common-stock-dividends-paid
0,2018-09-30,77.95,$16.01,4.87,$42.13,1.85,$12.52,6.23,$3.26,23.91,$0.64B,$0.61B,1.05,$2.50B,$1.58B,1.58,$4.20B,$4.20B,100.00%,$4.20B,$0.68B,16.13%,$4.20B,$0.68B,16.13%,$4.20B,$0.88B,20.95%,$4.20B,$0.55B,13.20%,$4.20B,$0.33B,7.77%,$0.33B,$1.58B,21.91%,$0.33B,$-0.94B,-33.98%,$0.33B,$5.13B,6.50%,$0.68B,$4.09B,16.77%,$1068,$0,$1068,$0,$681,$895,$173,$-34,$140,$30,$109,$109,$89,$224,$173,$98,100,$0.90,$0.89,$119,$0,$61,$638,$1591,$0,$2524,$296,$4494,$5132,$610,$2504,$198,$2939,$3548,$1,$-928,$0,$1584,$5132,$328,$147,$62,$209,$12,$0,$0,$33,$47,$584,$-185,$0,$-136,$0,$0,$0,$-6,$-326,$-46,$0,$-46,$0,$0,$-74,$-133,$-254,$4,$66,$-74
1,2018-06-30,67.72,$15.18,4.46,$41.37,1.64,$11.93,5.68,$3.04,22.28,$0.67B,$0.57B,1.17,$2.60B,$1.50B,1.73,$4.11B,$4.11B,100.00%,$4.11B,$0.67B,16.20%,$4.11B,$0.67B,16.20%,$4.11B,$0.86B,21.00%,$4.11B,$0.54B,13.19%,$4.11B,$0.30B,7.37%,$0.30B,$1.50B,21.11%,$0.30B,$-1.02B,-31.08%,$0.30B,$5.09B,6.12%,$0.67B,$4.10B,16.63%,$1068,$0,$1068,$0,$672,$891,$177,$-34,$142,$29,$113,$113,$92,$226,$177,$98,100,$0.93,$0.92,$125,$0,$90,$672,$1566,$0,$2518,$259,$4418,$5089,$574,$2601,$190,$3014,$3588,$1,$-1017,$0,$1501,$5089,$218,$96,$49,$145,$10,$0,$-0,$23,$22,$386,$-119,$0,$-136,$0,$0,$0,$-7,$-261,$46,$0,$46,$0,$0,$-50,$-113,$-117,$8,$48,$-50
2,2018-03-31,56.96,$14.58,3.91,$40.42,1.41,$11.50,4.95,$2.82,20.2,$0.71B,$0.57B,1.24,$2.54B,$1.44B,1.77,$4.01B,$4.01B,100.00%,$4.01B,$0.65B,16.09%,$4.01B,$0.65B,16.09%,$4.01B,$0.84B,20.93%,$4.01B,$0.51B,12.67%,$4.01B,$0.27B,6.84%,$0.27B,$1.44B,19.71%,$0.27B,$-0.93B,-28.00%,$0.27B,$4.94B,5.60%,$0.65B,$3.99B,16.26%,$1046,$0,$1046,$0,$671,$877,$169,$-33,$136,$30,$106,$106,$84,$215,$169,$98,99,$0.85,$0.84,$156,$0,$90,$709,$1554,$0,$2369,$239,$4231,$4940,$572,$2544,$184,$2927,$3499,$1,$-1109,$0,$1441,$4940,$105,$46,$25,$70,$8,$0,$1,$41,$41,$216,$-60,$0,$-1,$0,$0,$0,$-0,$-61,$0,$0,$0,$0,$0,$-25,$-91,$-117,$39,$26,$-25
3,2017-12-31,49.01,$14.49,3.38,$39.56,1.24,$11.33,4.32,$2.68,18.29,$0.70B,$0.52B,1.36,$2.55B,$1.43B,1.79,$3.92B,$3.92B,100.00%,$3.92B,$0.64B,16.31%,$3.92B,$0.64B,16.31%,$3.92B,$0.83B,21.23%,$3.92B,$0.50B,12.66%,$3.92B,$0.26B,6.56%,$0.26B,$1.43B,20.16%,$0.26B,$-0.95B,-23.67%,$0.26B,$4.89B,5.32%,$0.64B,$3.97B,16.20%,$1014,$0,$1014,$0,$636,$856,$158,$-23,$136,$49,$87,$87,$61,$214,$158,$94,99,$0.61,$0.62,$117,$0,$113,$702,$1517,$0,$2376,$235,$4192,$4894,$518,$2545,$185,$2952,$3469,$1,$-1191,$-1,$1425,$4894,$335,$193,$187,$379,$-84,$0,$8,$-9,$-61,$657,$-233,$0,$-39,$-2,$-9,$-10,$-3,$-285,$-202,$0,$-202,$-12,$-12,$-92,$-54,$-359,$14,$48,$-92
4,2017-09-30,45.75,$13.97,3.27,$38.76,1.18,$11.64,3.93,$2.75,16.64,$0.69B,$0.51B,1.35,$2.59B,$1.37B,1.89,$3.84B,$3.84B,100.00%,$3.84B,$0.64B,16.56%,$3.84B,$0.64B,16.56%,$3.84B,$0.83B,21.61%,$3.84B,$0.48B,12.55%,$3.84B,$0.26B,6.80%,$0.26B,$1.37B,22.68%,$0.26B,$-1.00B,-21.74%,$0.26B,$4.88B,5.46%,$0.64B,$3.97B,16.19%,$982,$0,$982,$0,$618,$820,$162,$-34,$128,$43,$85,$85,$66,$208,$162,$98,99,$0.67,$0.67,$68,$0,$178,$687,$1482,$0,$2377,$245,$4196,$4883,$511,$2591,$186,$2999,$3510,$1,$-1252,$-1,$1373,$4883,$249,$137,$110,$247,$-12,$0,$6,$6,$11,$507,$-170,$0,$-37,$0,$0,$0,$8,$-199,$-139,$0,$-139,$-12,$-12,$-67,$-53,$-271,$37,$38,$-67
5,2017-06-30,47.51,$14.73,3.23,$38.02,1.25,$11.94,3.98,$2.72,17.47,$0.69B,$0.49B,1.41,$2.63B,$1.32B,1.98,$3.77B,$3.77B,100.00%,$3.77B,$0.64B,16.87%,$3.77B,$0.64B,16.87%,$3.77B,$0.83B,21.96%,$3.77B,$0.47B,12.57%,$3.77B,$0.26B,6.82%,$0.26B,$1.32B,24.80%,$0.26B,$-1.03B,-19.73%,$0.26B,$4.84B,5.45%,$0.64B,$3.95B,16.27%,$966,$0,$966,$0,$617,$811,$156,$-48,$108,$29,$79,$79,$63,$202,$156,$90,99,$0.70,$0.70,$71,$0,$196,$694,$1452,$0,$2354,$238,$4147,$4840,$493,$2625,$183,$3024,$3517,$1,$-1318,$-1,$1323,$4840,$164,$91,$90,$181,$4,$0,$-0,$-15,$-12,$332,$-110,$0,$-21,$0,$0,$0,$11,$-120,$-95,$0,$-95,$9,$9,$-44,$-39,$-170,$43,$29,$-44
6,2017-03-31,41.82,$10.94,3.82,$37.35,1.12,$12.06,3.47,$2.67,15.66,$0.68B,$0.49B,1.4,$2.92B,$0.98B,2.98,$3.71B,$3.71B,100.00%,$3.71B,$0.64B,17.36%,$3.71B,$0.64B,17.36%,$3.71B,$0.83B,22.46%,$3.71B,$0.49B,13.21%,$3.71B,$0.26B,6.93%,$0.26B,$0.98B,28.00%,$0.26B,$-1.36B,-18.21%,$0.26B,$4.70B,5.51%,$0.64B,$3.90B,16.52%,$957,$0,$957,$0,$604,$795,$163,$-38,$124,$40,$85,$85,$67,$208,$163,$89,99,$0.75,$0.70,$61,$0,$183,$682,$1406,$0,$2336,$244,$4022,$4704,$487,$2916,$169,$3237,$3725,$1,$-1380,$-1,$979,$4704,$84,$45,$59,$105,$-4,$0,$-2,$0,$-8,$181,$-41,$0,$-16,$0,$0,$0,$9,$-49,$-67,$0,$-67,$9,$9,$-22,$-26,$-106,$25,$8,$-22
7,2016-12-31,40.06,$10.44,3.84,$36.67,1.09,$11.96,3.35,$2.58,15.53,$0.66B,$0.48B,1.38,$2.98B,$0.93B,3.21,$3.65B,$3.65B,100.00%,$3.65B,$0.64B,17.59%,$3.65B,$0.64B,17.59%,$3.65B,$0.83B,22.72%,$3.65B,$0.48B,13.25%,$3.65B,$0.25B,6.80%,$0.25B,$0.93B,28.21%,$0.25B,$-1.41B,-17.19%,$0.25B,$4.68B,5.35%,$0.64B,$3.91B,16.44%,$935,$0,$935,$0,$589,$781,$155,$-33,$122,$40,$82,$82,$65,$212,$155,$89,100,$0.73,$0.69,$101,$0,$0,$655,$1392,$0,$2339,$221,$4027,$4682,$476,$2979,$160,$3278,$3753,$1,$-1448,$-1,$929,$4682,$318,$186,$227,$413,$-128,$0,$6,$3,$-97,$634,$-179,$0,$-48,$-15,$-1,$-16,$-2,$-245,$-193,$0,$-193,$-66,$-66,$-84,$-68,$-411,$-21,$27,$-84
8,2016-09-30,39.18,$10.18,3.85,$35.84,1.09,$10.84,3.61,$2.39,16.39,$0.67B,$0.48B,1.4,$2.97B,$0.91B,3.26,$3.58B,$3.58B,100.00%,$3.58B,$0.62B,17.20%,$3.58B,$0.62B,17.23%,$3.58B,$0.80B,22.41%,$3.58B,$0.47B,13.15%,$3.58B,$0.23B,6.43%,$0.23B,$0.91B,27.33%,$0.23B,$-1.41B,-15.62%,$0.23B,$4.63B,4.98%,$0.62B,$3.89B,15.76%,$912,$0,$912,$0,$563,$750,$162,$-42,$120,$42,$78,$78,$62,$206,$162,$89,99,$0.69,$0.64,$76,$0,$170,$666,$1353,$0,$2326,$214,$3965,$4631,$476,$2974,$158,$3242,$3718,$1,$-1514,$-1,$914,$4631,$236,$129,$192,$321,$-76,$0,$2,$2,$-58,$499,$-131,$0,$-20,$-7,$0,$-7,$2,$-156,$-175,$0,$-175,$-24,$-24,$-62,$-67,$-328,$15,$17,$-62
9,2016-06-30,37.27,$9.46,3.94,$34.23,1.09,$9.72,3.83,$2.27,16.42,$0.66B,$0.46B,1.44,$3.05B,$0.85B,3.59,$3.43B,$3.43B,100.00%,$3.43B,$0.59B,17.17%,$3.43B,$0.59B,17.20%,$3.43B,$0.77B,22.30%,$3.43B,$0.45B,13.20%,$3.43B,$0.22B,6.38%,$0.22B,$0.85B,27.02%,$0.22B,$-1.47B,-17.11%,$0.22B,$4.63B,4.84%,$0.59B,$3.90B,15.39%,$905,$0,$905,$0,$555,$741,$164,$-40,$124,$42,$81,$81,$63,$207,$164,$89,99,$0.70,$0.65,$70,$0,$169,$660,$1337,$0,$2314,$207,$3973,$4633,$459,$3050,$154,$3324,$3783,$1,$-1575,$-1,$849,$4633,$158,$85,$128,$213,$-60,$0,$1,$-10,$-49,$322,$-87,$0,$-9,$-12,$0,$-12,$2,$-106,$-93,$0,$-93,$-24,$-24,$-42,$-49,$-208,$9,$13,$-42
10,2016-03-31,35.92,$9.15,3.92,$32.54,1.1,$8.77,4.1,$2.07,17.35,$0.63B,$0.46B,1.36,$3.08B,$0.82B,3.74,$3.28B,$3.28B,100.00%,$3.28B,$0.56B,17.16%,$3.28B,$0.56B,17.20%,$3.28B,$0.73B,22.23%,$3.28B,$0.42B,12.90%,$3.28B,$0.20B,6.07%,$0.20B,$0.82B,25.21%,$0.20B,$-1.48B,-18.46%,$0.20B,$4.61B,4.70%,$0.56B,$3.90B,15.77%,$893,$0,$893,$0,$553,$733,$161,$-44,$117,$40,$77,$77,$58,$203,$161,$90,99,$0.65,$0.61,$73,$0,$127,$632,$1318,$0,$2308,$206,$3976,$4608,$464,$3080,$145,$3321,$3784,$1,$-1638,$-1,$824,$4608,$77,$42,$61,$103,$-46,$0,$1,$4,$-10,$170,$-39,$0,$0,$-3,$0,$-3,$3,$-40,$-56,$0,$-56,$-13,$-13,$-21,$-28,$-119,$12,$5,$-21
11,2015-12-31,33.02,$8.65,3.82,$30.77,1.07,$8.20,4.03,$1.90,17.38,$0.60B,$0.43B,1.4,$3.14B,$0.78B,4.02,$3.12B,$3.12B,100.00%,$3.12B,$0.52B,16.82%,$3.12B,$0.53B,16.85%,$3.12B,$0.68B,21.76%,$3.12B,$0.40B,12.71%,$3.12B,$0.18B,5.84%,$0.18B,$0.78B,24.48%,$0.18B,$-1.53B,-20.31%,$0.18B,$4.61B,4.58%,$0.52B,$3.91B,15.95%,$865,$0,$865,$0,$535,$736,$130,$-21,$109,$44,$65,$65,$47,$185,$130,$89,101,$0.52,$0.50,$108,$0,$0,$599,$1310,$0,$2310,$197,$4007,$4606,$426,$3135,$145,$3400,$3827,$1,$-1696,$-1,$779,$4606,$253,$154,$230,$384,$-134,$0,$1,$0,$-134,$502,$-153,$0,$-985,$16,$-7,$8,$-1,$-1130,$847,$0,$847,$-45,$-45,$-77,$-101,$623,$-5,$26,$-77
12,2015-09-30,36.16,$8.64,4.18,$28.23,1.28,$7.30,4.96,$1.85,19.55,$1.46B,$0.40B,3.63,$2.80B,$0.79B,3.54,$2.86B,$2.86B,100.00%,$2.86B,$0.49B,17.21%,$2.86B,$0.49B,17.21%,$2.86B,$0.63B,22.04%,$2.86B,$0.36B,12.63%,$2.86B,$0.18B,6.16%,$0.18B,$0.79B,25.01%,$0.18B,$-0.64B,-24.91%,$0.18B,$4.25B,4.79%,$0.49B,$3.59B,16.49%,$768,$0,$768,$0,$479,$632,$136,$-33,$103,$36,$68,$68,$51,$170,$136,$91,102,$0.56,$0.52,$802,$0,$125,$1463,$1079,$0,$1430,$222,$2786,$4249,$404,$2801,$141,$3056,$3459,$1,$-1743,$-1,$790,$4249,$187,$98,$170,$268,$-84,$0,$4,$-13,$-95,$368,$-106,$0,$-87,$16,$-7,$10,$4,$-179,$679,$0,$679,$0,$0,$-56,$-76,$546,$735,$22,$-56
13,2015-06-30,43.15,$8.36,5.16,$26.52,1.63,$6.98,6.18,$1.85,23.32,$0.71B,$0.37B,1.95,$2.10B,$0.77B,2.75,$2.68B,$2.68B,100.00%,$2.68B,$0.47B,17.54%,$2.68B,$0.47B,17.54%,$2.68B,$0.60B,22.43%,$2.68B,$0.35B,12.92%,$2.68B,$0.17B,6.49%,$0.17B,$0.77B,26.59%,$0.17B,$-0.66B,-31.85%,$0.17B,$3.47B,5.26%,$0.47B,$2.87B,18.12%,$754,$0,$754,$0,$466,$615,$138,$-44,$94,$32,$62,$62,$43,$171,$138,$90,102,$0.47,$0.45,$46,$0,$127,$712,$1063,$0,$1423,$192,$2757,$3470,$365,$2104,$137,$2340,$2705,$1,$-1794,$0,$765,$3470,$119,$65,$115,$180,$-62,$0,$2,$-21,$-105,$205,$-62,$0,$-78,$13,$0,$13,$-1,$-127,$-18,$0,$-18,$0,$0,$-40,$-41,$-99,$-21,$16,$-37
14,2015-03-31,41.37,$7.26,5.7,$25.01,1.65,$6.91,5.99,$2.25,18.38,$0.87B,$0.50B,1.74,$2.12B,$0.64B,3.31,$2.52B,$2.52B,100.00%,$2.52B,$0.46B,18.25%,$2.52B,$0.46B,18.25%,$2.52B,$0.58B,23.17%,$2.52B,$0.38B,15.20%,$2.52B,$0.21B,8.45%,$0.21B,$0.64B,35.38%,$0.21B,$-0.76B,-54.37%,$0.21B,$3.58B,6.91%,$0.46B,$2.76B,19.29%,$729,$0,$729,$0,$453,$609,$121,$-31,$90,$30,$59,$59,$41,$152,$121,$87,101,$0.47,$0.44,$208,$0,$131,$866,$1012,$0,$1398,$200,$2712,$3578,$498,$2123,$140,$2440,$2938,$1,$-1837,$-0,$640,$3578,$59,$32,$48,$80,$-37,$0,$2,$11,$-48,$102,$-27,$0,$-7,$-15,$0,$-15,$3,$-46,$132,$0,$132,$0,$0,$-20,$-27,$85,$142,$9,$-19
15,2014-12-31,35.7,$7.06,5.06,$23.58,1.51,$6.59,5.41,$2.29,15.59,$0.69B,$0.36B,1.89,$2.09B,$0.62B,3.37,$2.38B,$2.38B,100.00%,$2.38B,$0.46B,19.16%,$2.38B,$0.46B,19.16%,$2.38B,$0.58B,24.21%,$2.38B,$0.39B,16.29%,$2.38B,$0.22B,9.14%,$0.22B,$0.62B,38.58%,$0.22B,$-0.77B,-99.31%,$0.22B,$3.39B,7.68%,$0.46B,$2.71B,20.78%,$607,$0,$607,$0,$361,$510,$97,$-23,$74,$19,$55,$55,$41,$137,$97,$87,101,$0.47,$0.44,$112,$0,$0,$687,$1020,$0,$1390,$163,$2702,$3388,$364,$2090,$136,$2405,$2769,$1,$-1879,$-1,$620,$3388,$282,$120,$132,$253,$-92,$0,$5,$-3,$-94,$445,$-188,$0,$-695,$7,$-4,$3,$2,$-877,$596,$0,$596,$-43,$-43,$-72,$-47,$434,$2,$24,$-66
16,2014-09-30,34.07,$6.76,5.04,$23.13,1.47,$6.53,5.22,$1.54,22.12,$0.78B,$0.52B,1.52,$1.44B,$0.59B,2.43,$2.34B,$2.34B,100.00%,$2.34B,$0.48B,20.42%,$2.34B,$0.48B,20.42%,$2.34B,$0.59B,25.13%,$2.34B,$0.41B,17.47%,$2.34B,$0.15B,6.38%,$0.15B,$0.59B,28.39%,$0.15B,$0.00B,-332.96%,$0.15B,$2.79B,5.71%,$0.48B,$2.03B,23.78%,$589,$0,$589,$0,$348,$475,$114,$-26,$88,$22,$66,$66,$49,$141,$114,$87,101,$0.55,$0.52,$272,$0,$110,$783,$995,$0,$592,$170,$2011,$2794,$515,$1441,$140,$1687,$2201,$1,$-1921,$-0,$593,$2794,$224,$80,$95,$175,$-49,$0,$4,$12,$-37,$375,$-147,$0,$-16,$3,$-3,$0,$-0,$-162,$124,$0,$124,$-43,$-43,$-52,$-34,$-5,$208,$19,$-47
17,2014-06-30,32.93,$6.33,5.2,$22.81,1.44,$6.12,5.38,$1.60,20.58,$0.58B,$0.30B,1.94,$1.48B,$0.56B,2.66,$2.30B,$2.30B,100.00%,$2.30B,$0.49B,21.45%,$2.30B,$0.49B,21.45%,$2.30B,$0.60B,26.10%,$2.30B,$0.43B,18.58%,$2.30B,$0.15B,6.64%,$0.15B,$0.56B,31.42%,$0.15B,$-0.04B,-216.25%,$0.15B,$2.58B,6.00%,$0.49B,$2.03B,25.54%,$595,$0,$595,$0,$343,$468,$128,$3,$131,$37,$94,$94,$82,$154,$128,$87,101,$0.93,$0.85,$66,$0,$104,$581,$977,$0,$595,$148,$1996,$2577,$299,$1475,$141,$1722,$2021,$1,$-1971,$0,$555,$2577,$159,$53,$61,$114,$-36,$0,$3,$4,$-45,$235,$-101,$0,$-16,$7,$0,$7,$3,$-107,$-30,$0,$-30,$-43,$-43,$-35,$-19,$-127,$1,$14,$-32
18,2014-03-31,32.82,$5.47,6.0,$22.48,1.46,$6.24,5.26,$2.41,13.62,$0.59B,$0.30B,1.94,$1.50B,$0.48B,3.12,$2.27B,$2.27B,100.00%,$2.27B,$0.48B,21.09%,$2.27B,$0.48B,21.09%,$2.27B,$0.58B,25.68%,$2.27B,$0.39B,17.17%,$2.27B,$0.23B,10.15%,$0.23B,$0.48B,51.51%,$0.23B,$-0.06B,-233.50%,$0.23B,$2.54B,9.07%,$0.48B,$1.99B,25.77%,$584,$0,$584,$0,$346,$467,$116,$-22,$94,$33,$62,$62,$45,$143,$116,$87,101,$0.51,$0.48,$53,$0,$121,$585,$931,$0,$547,$151,$1954,$2539,$302,$1503,$146,$1755,$2057,$1,$-2054,$0,$482,$2539,$62,$26,$43,$69,$-25,$0,$3,$7,$-27,$107,$-64,$0,$0,$-6,$0,$-6,$1,$-68,$-3,$0,$-3,$-20,$-20,$-17,$-10,$-51,$-11,$7,$-16
19,2013-12-31,30.28,$5.33,5.68,$21.97,1.38,$6.59,4.6,$2.41,12.56,$0.58B,$0.31B,1.86,$1.51B,$0.47B,3.21,$2.25B,$2.25B,100.00%,$2.25B,$0.48B,21.45%,$2.25B,$0.48B,21.45%,$2.25B,$0.58B,25.90%,$2.25B,$0.40B,17.58%,$2.25B,$0.23B,10.28%,$0.23B,$0.47B,60.47%,$0.23B,$-0.08B,-145.97%,$0.23B,$2.53B,9.24%,$0.48B,$1.97B,27.45%,$569,$0,$569,$0,$331,$449,$119,$-25,$95,$31,$64,$64,$-27,$149,$119,$88,102,$-0.32,$-0.14,$117,$0,$0,$580,$911,$0,$545,$144,$1954,$2534,$312,$1505,$142,$1754,$2066,$1,$-2101,$-0,$469,$2534,$381,$100,$36,$135,$-55,$0,$6,$-2,$-51,$470,$-217,$0,$-18,$-3,$-9,$-12,$21,$-226,$-12,$0,$-12,$-219,$-219,$-39,$-43,$-312,$-68,$25,$-16
20,2013-09-30,31.0,$5.06,6.13,$21.45,1.45,$6.43,4.82,$3.16,9.81,$0.58B,$0.31B,1.84,$1.31B,$0.44B,2.96,$2.23B,$2.23B,100.00%,$2.23B,$0.47B,21.03%,$2.23B,$0.47B,21.03%,$2.23B,$0.56B,25.30%,$2.23B,$0.38B,17.17%,$2.23B,$0.30B,13.48%,$0.30B,$0.44B,82.02%,$0.30B,$-0.10B,-180.72%,$0.30B,$2.56B,12.14%,$0.47B,$1.75B,27.97%,$556,$0,$556,$0,$328,$425,$131,$-23,$108,$35,$73,$73,$53,$155,$131,$86,100,$0.60,$0.58,$65,$0,$119,$575,$894,$0,$545,$131,$1981,$2557,$312,$1306,$140,$1803,$2115,$1,$-2150,$-0,$442,$2557,$317,$70,$-2,$68,$-27,$0,$10,$-5,$-22,$369,$-182,$0,$-18,$17,$-8,$9,$-6,$-197,$50,$0,$50,$-234,$-234,$-17,$-39,$-240,$-68,$19,$0
21,2013-06-30,25.62,$4.50,5.7,$20.81,1.23,$6.18,4.15,$3.02,8.48,$0.59B,$0.31B,1.9,$1.32B,$0.39B,3.36,$2.20B,$2.20B,100.00%,$2.20B,$0.44B,20.05%,$2.20B,$0.44B,20.05%,$2.20B,$0.53B,24.24%,$2.20B,$0.36B,16.51%,$2.20B,$0.29B,13.10%,$0.29B,$0.39B,83.66%,$0.29B,$-0.15B,-160.89%,$0.29B,$2.51B,11.77%,$0.44B,$1.71B,26.96%,$558,$0,$558,$0,$332,$446,$112,$-19,$92,$-87,$179,$179,$159,$135,$112,$86,100,$1.82,$1.66,$69,$0,$112,$592,$793,$0,$544,$138,$1920,$2512,$312,$1320,$131,$1807,$2119,$1,$-2208,$-0,$393,$2512,$245,$45,$-27,$18,$-39,$0,$10,$-7,$-36,$227,$-81,$0,$-29,$0,$0,$0,$8,$-101,$73,$0,$73,$-234,$-234,$-12,$-17,$-190,$-64,$13,$0
22,2013-03-31,23.46,$2.56,9.16,$20.11,1.17,$5.65,4.15,$1.79,13.11,$0.60B,$0.32B,1.88,$1.37B,$0.22B,6.11,$2.17B,$2.09B,96.54%,$2.17B,$0.43B,19.93%,$2.17B,$0.43B,19.93%,$2.17B,$0.52B,24.03%,$2.17B,$0.35B,16.33%,$2.17B,$0.17B,7.80%,$0.17B,$0.22B,52.90%,$0.17B,$-0.30B,-88.71%,$0.17B,$2.39B,7.05%,$0.43B,$1.59B,27.24%,$565,$0,$565,$0,$332,$445,$120,$-21,$100,$34,$66,$66,$46,$143,$120,$94,107,$0.48,$0.48,$80,$0,$113,$597,$764,$0,$526,$145,$1795,$2392,$317,$1365,$131,$1852,$2169,$1,$-2373,$2,$224,$2392,$66,$22,$46,$68,$-24,$0,$12,$-1,$-13,$121,$-38,$0,$-11,$0,$0,$0,$1,$-48,$122,$0,$122,$-233,$-233,$-6,$-10,$-126,$-53,$6,$0
23,2012-12-31,18.78,$4.22,4.45,$19.73,0.95,$5.30,3.54,$1.70,11.05,$0.64B,$0.30B,2.12,$1.24B,$0.40B,3.07,$2.14B,$2.06B,96.49%,$2.14B,$0.42B,19.53%,$2.14B,$0.42B,19.53%,$2.14B,$0.50B,23.56%,$2.14B,$0.34B,15.93%,$2.14B,$0.16B,7.49%,$0.16B,$0.40B,49.61%,$0.16B,$-0.11B,-90.65%,$0.16B,$2.42B,6.74%,$0.42B,$1.64B,26.75%,$546,$0,$546,$0,$342,$441,$105,$-23,$82,$25,$57,$57,$42,$130,$105,$95,108,$0.42,$0.42,$182,$0,$0,$637,$748,$0,$511,$135,$1787,$2424,$301,$1240,$131,$1720,$2021,$1,$-2425,$1,$404,$2424,$236,$86,$150,$236,$-51,$0,$-4,$-4,$-60,$412,$-160,$0,$-3,$-14,$-9,$-23,$7,$-179,$-13,$0,$-13,$0,$-46,$-25,$-46,$-130,$103,$24,$0
24,2012-09-30,21.4,$3.72,5.75,$19.27,1.11,$5.11,4.19,$1.72,12.44,$0.55B,$0.38B,1.45,$1.24B,$0.36B,3.49,$2.09B,$2.02B,96.41%,$2.09B,$0.41B,19.56%,$2.09B,$0.41B,19.56%,$2.09B,$0.49B,23.29%,$2.09B,$0.34B,16.31%,$2.09B,$0.16B,7.75%,$0.16B,$0.36B,59.56%,$0.16B,$-0.16B,-73.89%,$0.16B,$2.46B,6.94%,$0.41B,$1.60B,27.13%,$530,$0,$530,$0,$315,$426,$104,$-15,$89,$28,$60,$60,$41,$125,$104,$95,108,$0.43,$0.43,$163,$0,$138,$549,$739,$0,$511,$131,$1907,$2456,$378,$1242,$138,$1722,$2100,$1,$-2472,$2,$356,$2456,$177,$61,$112,$173,$-42,$0,$1,$-8,$-49,$302,$-128,$0,$-3,$8,$-9,$-1,$8,$-124,$55,$0,$55,$0,$-46,$-19,$-35,$-45,$133,$18,$0
25,2012-06-30,20.69,$3.07,6.74,$18.93,1.09,$4.89,4.23,$1.82,11.37,$0.43B,$0.33B,1.31,$1.22B,$0.29B,4.15,$2.06B,$1.98B,96.36%,$2.06B,$0.40B,19.18%,$2.06B,$0.40B,19.18%,$2.06B,$0.48B,23.07%,$2.06B,$0.30B,14.76%,$2.06B,$0.17B,8.35%,$0.17B,$0.29B,77.83%,$0.17B,$-0.20B,-66.60%,$0.17B,$2.32B,7.52%,$0.40B,$1.51B,26.81%,$527,$75,$452,$0,$311,$424,$103,$-20,$83,$27,$56,$56,$40,$123,$103,$95,108,$0.43,$0.43,$41,$0,$138,$425,$719,$0,$491,$129,$1891,$2316,$325,$1219,$136,$1697,$2022,$1,$-2519,$1,$294,$2316,$117,$40,$74,$114,$-36,$0,$10,$-13,$-38,$195,$-94,$0,$-2,$5,$-4,$0,$8,$-88,$-20,$0,$-20,$0,$-46,$-13,$-16,$-96,$11,$12,$0
26,2012-03-31,18.22,$2.47,7.38,$18.66,0.98,$5.08,3.59,$1.56,11.68,$0.43B,$0.32B,1.37,$1.25B,$0.24B,5.28,$2.04B,$2.04B,100.00%,$2.04B,$0.39B,19.24%,$2.04B,$0.39B,19.24%,$2.04B,$0.47B,23.17%,$2.04B,$0.26B,12.91%,$2.04B,$0.15B,7.22%,$0.15B,$0.24B,85.59%,$0.15B,$-0.25B,-48.80%,$0.15B,$2.30B,6.38%,$0.39B,$1.48B,26.50%,$532,$0,$532,$0,$318,$427,$105,$-19,$86,$29,$57,$57,$37,$125,$105,$95,109,$0.39,$0.39,$44,$0,$143,$431,$677,$0,$483,$125,$1864,$2295,$315,$1246,$135,$1745,$2060,$1,$-2566,$1,$236,$2295,$57,$20,$40,$60,$-28,$0,$6,$-15,$-37,$81,$-34,$0,$0,$0,$0,$0,$1,$-33,$15,$0,$15,$0,$-25,$-7,$-17,$-34,$14,$6,$0
27,2011-12-31,15.72,$2.12,7.43,$18.36,0.86,$5.35,2.94,$1.90,8.27,$0.49B,$0.31B,1.57,$1.24B,$0.20B,6.13,$2.01B,$2.01B,100.00%,$2.01B,$0.39B,19.24%,$2.01B,$0.39B,19.24%,$2.01B,$0.47B,23.18%,$2.01B,$0.24B,12.16%,$2.01B,$0.18B,9.12%,$0.18B,$0.20B,139.96%,$0.18B,$-0.28B,-53.71%,$0.18B,$2.27B,7.79%,$0.39B,$1.44B,25.49%,$502,$0,$502,$0,$307,$404,$98,$-15,$83,$15,$68,$68,$44,$114,$98,$93,109,$0.41,$0.47,$65,$0,$0,$492,$664,$0,$479,$128,$1780,$2271,$313,$1236,$133,$1756,$2070,$1,$-2610,$-0,$202,$2271,$255,$79,$66,$144,$-37,$0,$1,$-28,$-64,$343,$-109,$0,$-5,$1,$-7,$-6,$95,$-25,$-266,$0,$-266,$0,$0,$-26,$-44,$-336,$-18,$20,$0
28,2011-09-30,13.28,$1.59,8.34,$17.84,0.74,$5.62,2.36,$8.60,1.54,$0.41B,$0.29B,1.43,$1.31B,$0.15B,8.62,$1.95B,$1.95B,100.00%,$1.95B,$0.37B,19.17%,$1.95B,$0.37B,19.17%,$1.95B,$0.45B,23.12%,$1.95B,$0.20B,10.48%,$1.95B,$0.91B,46.87%,$0.91B,$0.15B,1143.57%,$0.91B,$-0.31B,-232.95%,$0.91B,$2.27B,38.40%,$0.37B,$1.46B,24.40%,$498,$0,$498,$0,$296,$408,$90,$-39,$52,$18,$34,$34,$51,$113,$90,$93,109,$0.54,$0.54,$48,$0,$144,$410,$649,$0,$463,$126,$1861,$2271,$288,$1309,$135,$1831,$2119,$1,$-2660,$0,$152,$2271,$192,$62,$37,$99,$-27,$0,$1,$-55,$-82,$213,$-62,$0,$0,$6,$-8,$-2,$96,$33,$-193,$0,$-193,$0,$0,$-20,$-34,$-247,$-1,$14,$0
29,2011-06-30,23.35,$1.01,23.04,$17.54,1.33,$6.22,3.75,$8.33,2.8,$0.43B,$0.32B,1.34,$1.44B,$0.10B,14.91,$1.91B,$1.91B,100.00%,$1.91B,$0.36B,18.75%,$1.91B,$0.36B,18.75%,$1.91B,$0.44B,22.84%,$1.91B,$0.19B,9.95%,$1.91B,$0.89B,46.41%,$0.89B,$0.10B,-576.26%,$0.89B,$-0.37B,-141.14%,$0.89B,$2.38B,39.26%,$0.36B,$1.54B,25.98%,$505,$0,$505,$0,$295,$405,$100,$-58,$42,$11,$31,$31,$15,$120,$100,$93,110,$0.17,$0.17,$60,$0,$155,$429,$643,$0,$465,$178,$1949,$2377,$319,$1440,$134,$1962,$2281,$1,$-2717,$1,$97,$2377,$124,$39,$28,$67,$-16,$0,$1,$-25,$-36,$158,$-36,$0,$0,$5,$-19,$-14,$-0,$-49,$-61,$0,$-61,$0,$0,$-13,$-23,$-97,$12,$10,$0
30,2011-03-31,22.22,$0.76,29.26,$17.25,1.29,$6.43,3.46,$8.60,2.58,$0.52B,$0.34B,1.54,$1.55B,$0.07B,21.45,$1.87B,$1.87B,100.00%,$1.87B,$0.34B,18.01%,$1.87B,$0.34B,18.01%,$1.87B,$0.41B,22.02%,$1.87B,$0.20B,10.74%,$1.87B,$0.91B,48.74%,$0.91B,$0.07B,-238.59%,$0.91B,$-0.41B,-106.70%,$0.91B,$2.48B,43.40%,$0.34B,$1.62B,28.14%,$501,$0,$501,$0,$297,$403,$99,$-32,$67,$-7,$74,$74,$73,$118,$99,$93,109,$0.79,$0.73,$141,$0,$140,$521,$683,$0,$478,$125,$1960,$2481,$338,$1551,$133,$2071,$2409,$1,$-2739,$1,$72,$2481,$92,$20,$-12,$8,$-19,$0,$3,$-8,$-11,$90,$-13,$-2,$0,$10,$-8,$3,$-11,$-23,$49,$0,$49,$0,$0,$-7,$-16,$27,$93,$4,$0
31,2010-12-31,18.42,$-0.02,-784.01,$17.19,1.07,$6.38,2.89,$8.24,2.24,$0.41B,$0.36B,1.13,$1.50B,$-0.00B,-680.4,$1.86B,$1.86B,100.00%,$1.86B,$0.33B,17.52%,$1.86B,$0.33B,17.52%,$1.86B,$0.40B,21.49%,$1.86B,$0.19B,10.21%,$1.86B,$0.87B,46.91%,$0.87B,$-0.00B,-141.78%,$0.87B,$-0.48B,-80.68%,$0.87B,$2.37B,45.70%,$0.33B,$1.50B,33.08%,$442,$0,$442,$0,$269,$358,$84,$-42,$43,$-742,$784,$784,$773,$99,$84,$93,109,$8.33,$7.20,$103,$0,$0,$406,$633,$31,$479,$144,$1966,$2372,$359,$1497,$131,$2015,$2374,$1,$-2818,$1,$-2,$2372,$940,$73,$-682,$-609,$-22,$0,$-1,$2,$-6,$331,$-69,$0,$-34,$31,$-26,$5,$-28,$-126,$-163,$0,$-163,$0,$0,$-26,$-48,$-238,$-32,$16,$0
32,2010-09-30,17.08,$-8.37,-2.04,$16.60,1.03,$7.29,2.34,$1.43,11.94,$0.51B,$0.39B,1.32,$1.64B,$-0.78B,-2.1,$1.78B,$1.78B,100.00%,$1.78B,$0.30B,17.09%,$1.78B,$0.30B,17.09%,$1.78B,$0.38B,21.30%,$1.78B,$0.16B,9.16%,$1.78B,$0.13B,7.42%,$0.13B,$-0.78B,-15.72%,$0.13B,$-1.26B,-10.14%,$0.13B,$1.80B,7.60%,$0.30B,$0.86B,38.12%,$461,$0,$461,$0,$281,$386,$75,$-37,$38,$-0,$39,$39,$25,$99,$75,$93,108,$0.27,$0.27,$224,$0,$75,$514,$684,$32,$474,$93,$1283,$1797,$390,$1639,$163,$2189,$2579,$1,$-3598,$1,$-782,$1797,$150,$59,$42,$101,$-12,$0,$-0,$8,$13,$264,$-49,$0,$-34,$34,$-26,$9,$-17,$-91,$-19,$0,$-19,$0,$0,$-20,$-25,$-64,$110,$11,$0
33,2010-06-30,16.65,$-8.75,-1.9,$16.95,0.98,$8.32,2.0,$1.28,13.0,$0.50B,$0.39B,1.29,$1.63B,$-0.82B,-2.0,$1.79B,$1.72B,96.31%,$1.79B,$0.30B,16.55%,$1.79B,$0.30B,16.55%,$1.79B,$0.37B,20.64%,$1.79B,$0.16B,8.78%,$1.79B,$0.12B,6.54%,$0.12B,$-0.82B,-13.38%,$0.12B,$-1.28B,-8.79%,$0.12B,$1.76B,6.77%,$0.30B,$0.82B,38.37%,$467,$0,$467,$0,$278,$388,$79,$-26,$53,$-1,$54,$54,$41,$96,$79,$93,108,$0.44,$0.44,$222,$0,$57,$504,$665,$31,$459,$98,$1252,$1756,$391,$1633,$162,$2182,$2573,$1,$-3629,$-4,$-817,$1756,$108,$35,$26,$62,$-17,$0,$-2,$9,$1,$173,$-29,$0,$-10,$18,$-13,$5,$-6,$-40,$-11,$0,$-11,$0,$0,$-13,$-17,$-41,$92,$8,$0
34,2010-03-31,16.64,$-9.21,-1.81,$17.38,0.96,$8.91,1.87,$0.70,23.77,$0.48B,$0.39B,1.23,$1.64B,$-0.86B,-1.9,$1.80B,$1.74B,96.34%,$1.80B,$0.26B,14.20%,$1.80B,$0.26B,14.20%,$1.80B,$0.33B,18.25%,$1.80B,$0.11B,5.88%,$1.80B,$0.06B,3.55%,$0.06B,$-0.86B,-6.86%,$0.06B,$-1.31B,-4.61%,$0.06B,$1.72B,3.64%,$0.26B,$0.77B,35.31%,$491,$0,$491,$0,$299,$403,$88,$-32,$56,$3,$54,$54,$34,$106,$88,$93,108,$0.37,$0.37,$193,$0,$56,$483,$662,$33,$452,$85,$1233,$1716,$393,$1636,$162,$2185,$2578,$1,$-3677,$-3,$-862,$1716,$51,$18,$16,$34,$-21,$0,$-3,$-1,$-2,$85,$-14,$0,$0,$-11,$-0,$-12,$-0,$-26,$-4,$0,$-4,$0,$0,$-7,$-13,$-23,$36,$4,$0
35,2009-12-31,16.7,$-9.62,-1.74,$17.52,0.95,$9.90,1.69,$0.77,21.69,$0.43B,$0.39B,1.09,$1.64B,$-0.90B,-1.83,$1.79B,$1.72B,96.30%,$1.79B,$0.26B,14.68%,$1.79B,$0.26B,14.68%,$1.79B,$0.33B,18.71%,$1.79B,$0.11B,5.99%,$1.79B,$0.07B,3.81%,$0.07B,$-0.90B,-6.95%,$0.07B,$-1.36B,-4.74%,$0.07B,$1.68B,3.75%,$0.26B,$0.74B,37.59%,$360,$0,$360,$0,$224,$298,$62,$-46,$16,$-2,$18,$18,$32,$78,$62,$89,103,$0.35,$0.35,$151,$0,$0,$426,$665,$29,$462,$99,$1256,$1682,$391,$1641,$160,$2188,$2579,$1,$-3717,$0,$-898,$1682,$129,$74,$212,$286,$-17,$0,$5,$-5,$-9,$406,$-63,$-8,$0,$-12,$-10,$-22,$-40,$-133,$-157,$0,$-157,$0,$0,$-26,$-41,$-224,$49,$13,$0
36,2009-09-30,13.91,$-9.88,-1.41,$18.74,0.74,$8.92,1.56,$2.23,6.24,$0.48B,$0.45B,1.08,$1.68B,$-0.92B,-1.82,$1.88B,$1.81B,96.49%,$1.88B,$0.40B,21.35%,$1.88B,$0.40B,21.35%,$1.88B,$0.48B,25.35%,$1.88B,$0.22B,11.93%,$1.88B,$0.21B,11.24%,$0.21B,$-0.92B,-20.57%,$0.21B,$-1.37B,-14.25%,$0.21B,$1.75B,11.16%,$0.40B,$0.75B,58.39%,$470,$67,$404,$0,$291,$404,$67,$-35,$32,$-2,$34,$34,$10,$89,$67,$88,102,$0.12,$0.12,$213,$0,$55,$484,$672,$28,$452,$110,$1270,$1754,$448,$1675,$166,$2228,$2676,$1,$-3756,$1,$-922,$1754,$82,$58,$200,$258,$42,$0,$0,$1,$22,$362,$-54,$0,$0,$-32,$-9,$-41,$-30,$-124,$-113,$0,$-113,$0,$0,$-20,$-20,$-153,$85,$10,$0
37,2009-06-30,12.85,$-11.89,-1.08,$18.64,0.69,$7.52,1.71,$2.11,6.09,$0.63B,$0.71B,0.89,$1.68B,$-1.05B,-1.6,$1.86B,$1.86B,100.00%,$1.86B,$0.38B,20.12%,$1.86B,$0.38B,20.12%,$1.86B,$0.45B,23.98%,$1.86B,$0.19B,9.92%,$1.86B,$0.20B,10.78%,$0.20B,$-1.05B,-17.76%,$0.20B,$-1.50B,-12.66%,$0.20B,$1.89B,10.32%,$0.38B,$0.63B,60.75%,$482,$0,$482,$0,$291,$443,$39,$-37,$2,$-0,$2,$2,$-12,$56,$39,$88,102,$-0.14,$-0.14,$143,$0,$59,$628,$671,$28,$454,$97,$1260,$1888,$706,$1680,$165,$2233,$2939,$1,$-3773,$1,$-1050,$1888,$57,$35,$166,$201,$20,$0,$0,$-28,$-32,$229,$-34,$0,$0,$-14,$-8,$-22,$-21,$-78,$-108,$0,$-108,$0,$0,$-13,$-13,$-134,$18,$7,$0
38,2009-03-31,7.9,$-11.82,-0.67,$18.81,0.42,$6.64,1.19,$2.72,2.9,$0.66B,$0.71B,0.92,$1.71B,$-1.04B,-1.63,$1.84B,$1.84B,100.00%,$1.84B,$0.41B,22.24%,$1.84B,$0.41B,22.24%,$1.84B,$0.49B,26.37%,$1.84B,$0.24B,13.05%,$1.84B,$0.25B,13.65%,$0.25B,$-1.04B,-20.81%,$0.25B,$-1.50B,-15.15%,$0.25B,$1.92B,12.76%,$0.41B,$0.66B,70.55%,$473,$0,$473,$0,$291,$379,$94,$-36,$57,$1,$56,$56,$38,$111,$94,$88,101,$0.44,$0.44,$170,$0,$61,$655,$671,$38,$456,$95,$1267,$1922,$708,$1706,$164,$2258,$2966,$1,$-3767,$-4,$-1044,$1922,$54,$17,$103,$121,$35,$0,$0,$0,$7,$183,$-17,$0,$0,$-3,$-9,$-12,$-2,$-30,$-83,$0,$-83,$0,$0,$-7,$-5,$-94,$59,$4,$0
39,2008-12-31,9.75,$-12.35,-0.79,$19.15,0.51,$5.82,1.67,$2.45,3.98,$0.68B,$0.75B,0.92,$1.79B,$-1.09B,-1.65,$1.83B,$1.83B,100.00%,$1.83B,$0.41B,22.30%,$1.83B,$0.41B,22.30%,$1.83B,$0.50B,27.16%,$1.83B,$0.20B,10.66%,$1.83B,$0.23B,12.35%,$0.23B,$-1.09B,-17.00%,$0.23B,$-1.54B,-12.74%,$0.23B,$2.00B,11.36%,$0.41B,$0.70B,77.42%,$453,$0,$453,$0,$320,$252,$201,$-68,$133,$-48,$181,$181,$175,$220,$201,$83,96,$2.09,$1.98,$206,$0,$0,$683,$662,$37,$457,$104,$1316,$1998,$746,$1790,$162,$2339,$3085,$1,$-3812,$-3,$-1087,$1998,$282,$89,$-87,$2,$-45,$0,$-4,$-13,$-61,$227,$-2,$-18,$-15,$8,$-5,$3,$-8,$-40,$-252,$0,$-252,$150,$150,$-26,$-48,$-176,$12,$12,$0
40,2008-09-30,16.4,$-15.29,-1.07,$18.94,0.87,$5.58,2.94,$0.07,234.23,$0.64B,$0.86B,0.75,$1.82B,$-1.35B,-1.35,$1.79B,$1.79B,100.00%,$1.79B,$0.24B,13.13%,$1.79B,$0.24B,13.13%,$1.79B,$0.31B,17.04%,$1.79B,$0.03B,1.68%,$1.79B,$-0.00B,-0.06%,$-0.00B,$-1.35B,0.07%,$-0.00B,$-1.81B,0.05%,$-0.00B,$1.98B,-0.05%,$0.24B,$0.48B,51.48%,$456,$0,$456,$0,$288,$415,$41,$-48,$-7,$-23,$16,$16,$0,$60,$41,$87,101,$0.00,$0.00,$126,$0,$60,$642,$677,$43,$459,$97,$1338,$1981,$860,$1821,$174,$2467,$3327,$1,$-3994,$-1,$-1346,$1981,$92,$70,$17,$87,$-38,$0,$0,$17,$-30,$149,$14,$-18,$-15,$21,$0,$21,$-14,$-12,$-193,$0,$-193,$150,$150,$-20,$-71,$-133,$5,$9,$0
41,2008-06-30,14.79,$-15.30,-0.97,$19.10,0.77,$2.18,6.8,$3.20,4.62,$0.68B,$0.84B,0.81,$1.83B,$-1.35B,-1.36,$1.76B,$1.76B,100.00%,$1.76B,$0.24B,13.79%,$1.76B,$0.24B,13.79%,$1.76B,$0.29B,16.69%,$1.76B,$0.01B,0.34%,$1.76B,$0.28B,15.89%,$0.28B,$-1.35B,-18.83%,$0.28B,$-1.78B,-14.60%,$0.28B,$1.97B,13.09%,$0.24B,$0.48B,44.24%,$457,$0,$457,$0,$292,$383,$73,$-16,$57,$1,$57,$57,$38,$94,$73,$80,93,$0.47,$0.47,$143,$0,$65,$678,$682,$42,$430,$91,$1287,$1965,$840,$1827,$170,$2473,$3313,$1,$-4001,$-1,$-1348,$1965,$79,$51,$-27,$24,$-25,$0,$0,$-10,$-35,$67,$29,$0,$0,$17,$0,$17,$-6,$40,$-174,$0,$-174,$150,$150,$-13,$-24,$-60,$47,$6,$0
42,2008-03-31,15.83,$-19.45,-0.81,$18.95,0.84,$-0.16,0.0,$7.74,2.04,$0.70B,$0.91B,0.77,$1.99B,$-1.54B,-1.29,$1.74B,$1.74B,100.00%,$1.74B,$0.24B,13.99%,$1.74B,$0.24B,13.99%,$1.74B,$0.27B,15.71%,$1.74B,$-0.06B,-3.27%,$1.74B,$0.70B,40.37%,$0.70B,$-1.54B,-44.08%,$0.70B,$-1.97B,-34.69%,$0.70B,$2.01B,31.31%,$0.24B,$0.45B,42.66%,$464,$0,$464,$0,$286,$371,$93,$-81,$12,$0,$12,$12,$13,$123,$93,$79,92,$0.17,$0.17,$154,$0,$72,$698,$694,$43,$431,$98,$1315,$2012,$912,$1989,$176,$2638,$3550,$1,$-4045,$-1,$-1538,$2012,$26,$30,$-4,$26,$-24,$0,$0,$15,$-12,$42,$35,$0,$0,$-1,$0,$-1,$-1,$33,$-5,$0,$-5,$0,$0,$-7,$-23,$-34,$41,$3,$0
43,2007-12-31,18.68,$-19.75,-0.95,$18.73,1.0,$-1.08,0.0,$6.88,2.72,$0.64B,$0.97B,0.66,$1.97B,$-1.56B,-1.27,$1.72B,$1.72B,100.00%,$1.72B,$0.19B,10.97%,$1.72B,$0.19B,10.97%,$1.72B,$0.19B,10.97%,$1.72B,$-0.10B,-5.51%,$1.72B,$0.63B,36.45%,$0.63B,$-1.56B,-35.37%,$0.63B,$-1.99B,-28.43%,$0.63B,$2.05B,24.58%,$0.19B,$0.42B,26.25%,$413,$0,$413,$0,$310,$385,$28,$-60,$-32,$-34,$3,$-63,$-52,$28,$28,$79,92,$-0.68,$-1.10,$112,$0,$53,$637,$730,$43,$432,$156,$1413,$2051,$971,$1974,$146,$2635,$3605,$1,$-4065,$-1,$-1555,$2051,$719,$83,$-391,$-309,$-39,$0,$-18,$-279,$-179,$231,$-38,$-0,$1170,$63,$-23,$40,$13,$1185,$-1332,$0,$-1332,$0,$0,$-26,$-78,$-1437,$-21,$9,$0
44,2007-09-30,15.58,$-19.16,-0.81,$22.13,0.7,$-5.14,0.0,$6.47,2.41,$0.67B,$1.02B,0.66,$2.35B,$-1.51B,-1.56,$2.04B,$2.04B,100.00%,$2.04B,$0.18B,8.92%,$2.04B,$0.18B,8.92%,$2.04B,$0.18B,8.92%,$2.04B,$-0.12B,-6.08%,$2.04B,$0.60B,29.51%,$0.60B,$-1.51B,-31.14%,$0.60B,$-1.94B,-25.42%,$0.60B,$2.53B,20.88%,$0.18B,$0.85B,20.12%,$428,$0,$428,$0,$264,$379,$49,$-80,$-31,$-281,$250,$250,$281,$49,$49,$79,92,$3.58,$3.13,$87,$0,$123,$669,$755,$41,$433,$177,$1860,$2529,$1020,$2352,$182,$3015,$4034,$1,$-4019,$-1,$-1506,$2529,$0,$0,$0,$0,$0,$0,$0,$0,$0,$-139,$-25,$0,$0,$73,$-11,$62,$1151,$1188,$-986,$0,$-986,$0,$0,$-20,$-68,$-1073,$-11,$0,$0
45,2007-06-30,16.11,$-22.75,-0.71,$21.91,0.74,$-4.66,0.0,$2.30,7.0,$0.68B,$1.15B,0.6,$2.36B,$-1.79B,-1.32,$2.03B,$2.03B,100.00%,$2.03B,$0.17B,8.24%,$2.03B,$0.17B,8.24%,$2.03B,$0.17B,8.24%,$2.03B,$-0.15B,-7.35%,$2.03B,$0.24B,11.75%,$0.24B,$-1.79B,-11.44%,$0.24B,$-2.22B,-8.98%,$0.24B,$2.40B,7.75%,$0.17B,$0.57B,17.00%,$439,$0,$439,$0,$276,$365,$74,$-79,$-6,$-10,$5,$5,$462,$74,$74,$79,92,$5.87,$5.87,$89,$0,$149,$683,$766,$40,$434,$270,$1720,$2402,$1146,$2360,$188,$3046,$4191,$1,$-4306,$-2,$-1789,$2402,$0,$0,$0,$0,$0,$0,$0,$0,$0,$-105,$-15,$0,$0,$75,$-11,$64,$1094,$1144,$-976,$0,$-976,$0,$0,$-13,$-65,$-1054,$-6,$0,$0
46,2007-03-31,18.69,$-28.60,-0.65,$21.92,0.85,$-4.22,0.0,$-3.36,0.0,$0.85B,$1.25B,0.68,$3.30B,$-2.25B,-1.46,$2.03B,$2.03B,100.00%,$2.03B,$0.12B,5.91%,$2.03B,$0.12B,5.91%,$2.03B,$0.12B,5.91%,$2.03B,$-0.17B,-8.37%,$2.03B,$-0.28B,-13.59%,$-0.28B,$-2.25B,12.91%,$-0.28B,$-2.69B,9.72%,$-0.28B,$3.24B,-8.37%,$0.12B,$1.04B,10.41%,$443,$0,$443,$0,$287,$405,$38,$-64,$-26,$3,$-29,$-29,$-63,$38,$38,$79,92,$-0.80,$-0.80,$96,$0,$299,$849,$792,$40,$436,$914,$2389,$3238,$1247,$3295,$298,$4243,$5490,$1,$-4775,$-2,$-2252,$3238,$0,$0,$0,$0,$0,$0,$0,$0,$0,$-2,$-6,$0,$0,$75,$-10,$65,$4,$63,$-38,$0,$-38,$0,$0,$-7,$-13,$-58,$-2,$0,$0
47,2006-12-31,20.15,$-27.76,-0.73,$22.43,0.9,$-5.06,0.0,$-8.12,0.0,$0.88B,$1.26B,0.7,$3.34B,$-2.19B,-1.53,$2.03B,$2.03B,100.00%,$2.03B,$0.09B,4.63%,$2.03B,$0.09B,4.63%,$2.03B,$0.09B,4.63%,$2.03B,$-0.56B,-27.73%,$2.03B,$-0.65B,-31.92%,$-0.65B,$-2.19B,31.33%,$-0.65B,$-2.62B,22.33%,$-0.65B,$3.36B,-19.32%,$0.09B,$1.16B,7.66%,$730,$0,$730,$0,$442,$710,$21,$-82,$-61,$9,$-71,$-71,$-78,$21,$21,$79,93,$-0.98,$-0.98,$125,$0,$276,$880,$811,$38,$437,$977,$2481,$3361,$1262,$3343,$202,$4284,$5545,$1,$-4714,$2,$-2185,$3361,$-625,$106,$662,$768,$-45,$0,$-12,$-241,$-273,$-130,$-52,$-9,$0,$161,$-93,$68,$55,$62,$-246,$0,$-246,$0,$400,$-16,$-208,$-70,$-137,$12,$0
