,Date,Stock Price,Book Value per Share,Price to Book Ratio,TTM Sales per Share,Price to Sales Ratio,TTM FCF per Share,Price to FCF Ratio,TTM Net EPS,PE Ratio,Current Assets,Current Liabilities,Current Ratio,Long Term Debt,Shareholder's Equity_x,Debt to Equity Ratio,TTM Revenue_x,TTM Gross Profit,Gross Margin,TTM Revenue_y,TTM Operating Income,Operating Margin,TTM Revenue_x,TTM EBIT,EBIT Margin,TTM Revenue_y,TTM EBITDA,EBITDA Margin,TTM Revenue_x,TTM Pre-Tax Income,Pre-Tax Margin,TTM Revenue_y,TTM Net Income_x,Net Margin,TTM Net Income_y,Shareholder's Equity_y,Return on Equity,TTM Net Income_x,Tangible Equity,Return on Tangible Equity,TTM Net Income_y,Total Assets,Return on Assets,TTM Net Income,LT Investments & Debt,Return on Investment,revenue,cost-goods-sold,gross-profit,research-development-expenses,selling-general-administrative-expenses,operating-expenses,operating-income,total-non-operating-income-expense,pre-tax-income,total-provision-income-taxes,income-after-taxes,income-from-continuous-operations,net-income,ebitda,ebit,basic-shares-outstanding,shares-outstanding,eps-basic-net-earnings-per-share,eps-earnings-per-share-diluted,cash-on-hand,inventory,other-current-assets,total-current-assets,net-property-plant-equipment,long-term-investments,goodwill-intangible-assets-total,other-long-term-assets,total-long-term-assets,total-assets,total-current-liabilities,long-term-debt,other-non-current-liabilities,total-long-term-liabilities,total-liabilities,common-stock-net,retained-earnings-accumulated-deficit,comprehensive-income,total-share-holder-equity,total-liabilities-share-holders-equity,net-income-loss,total-depreciation-amortization-cash-flow,other-non-cash-items,total-non-cash-items,change-in-accounts-receivable,change-in-inventories,change-in-accounts-payable,change-in-assets-liabilities,total-change-in-assets-liabilities,cash-flow-from-operating-activities,net-change-in-property-plant-equipment,net-change-in-intangible-assets,net-acquisitions-divestitures,net-change-in-short-term-investments,net-change-in-long-term-investments,net-change-in-investments-total,investing-activities-other,cash-flow-from-investing-activities,net-long-term-debt,net-current-debt,debt-issuance-retirement-net-total,net-common-equity-issued-repurchased,net-total-equity-issued-repurchased,total-common-preferred-stock-dividends-paid,financial-activities-other,cash-flow-from-financial-activities,net-cash-flow,stock-based-compensation,common-stock-dividends-paid
0,2018-09-30,28.26,$14.14,2.0,$9.61,2.94,$-0.39,0.0,$-2.48,0.0,$0.02B,$0.02B,1.05,$0.00B,$0.27B,0.0,$0.18B,$0.18B,98.90%,$0.18B,$-0.04B,-20.88%,$0.18B,$-0.04B,-20.88%,$0.18B,$-0.03B,-17.03%,$0.18B,$-0.04B,-21.43%,$0.18B,$-0.05B,-26.92%,$-0.05B,$0.27B,-17.33%,$-0.05B,$0.22B,-20.65%,$-0.05B,$0.37B,-13.21%,$-0.04B,$0.27B,-13.44%,$41,$0,$41,$0,$52,$56,$-15,$0,$-15,$-6,$-9,$-9,$-9,$-14,$-15,$19,19,$-0.47,$-0.47,$20,$0,$0,$22,$7,$0,$53,$289,$350,$372,$22,$0,$44,$76,$98,$0,$179,$0,$274,$372,$-26,$5,$3,$8,$28,$0,$-3,$-3,$23,$5,$-8,$0,$-15,$0,$0,$0,$0,$-23,$-0,$0,$-0,$2,$2,$0,$-5,$-3,$-20,$9,$0
1,2018-06-30,22.1,$14.62,1.51,$9.19,2.41,$-0.77,0.0,$-3.12,0.0,$0.03B,$0.02B,1.87,$0.00B,$0.28B,0.0,$0.17B,$0.17B,98.84%,$0.17B,$-0.04B,-22.67%,$0.17B,$-0.04B,-22.67%,$0.17B,$-0.03B,-18.02%,$0.17B,$-0.04B,-22.67%,$0.17B,$-0.04B,-24.42%,$-0.04B,$0.28B,-17.95%,$-0.04B,$0.23B,-21.40%,$-0.04B,$0.37B,-13.82%,$-0.04B,$0.28B,-16.67%,$33,$0,$33,$0,$46,$50,$-17,$0,$-17,$-5,$-12,$-12,$-12,$-15,$-17,$19,19,$-0.63,$-0.63,$31,$0,$0,$32,$5,$0,$54,$282,$340,$372,$17,$0,$36,$75,$91,$0,$188,$0,$280,$372,$-17,$3,$2,$6,$28,$0,$-6,$-1,$22,$10,$-4,$0,$-15,$0,$0,$0,$0,$-19,$-0,$0,$-0,$1,$1,$0,$-2,$-1,$-10,$6,$0
2,2018-03-31,14.31,$15.27,0.94,$9.35,1.53,$-0.86,0.0,$-3.42,0.0,$0.04B,$0.02B,2.31,$0.00B,$0.29B,0.0,$0.17B,$0.17B,98.85%,$0.17B,$-0.03B,-18.39%,$0.17B,$-0.03B,-18.39%,$0.17B,$-0.03B,-14.37%,$0.17B,$-0.03B,-18.39%,$0.17B,$-0.03B,-18.39%,$-0.03B,$0.29B,-16.98%,$-0.03B,$0.24B,-20.19%,$-0.03B,$0.38B,-13.25%,$-0.03B,$0.29B,-16.98%,$43,$0,$43,$0,$47,$50,$-7,$0,$-7,$-2,$-5,$-5,$-5,$-5,$-7,$19,19,$-0.26,$-0.26,$35,$0,$0,$35,$5,$0,$54,$286,$345,$381,$15,$0,$32,$75,$90,$0,$200,$0,$290,$381,$-5,$2,$1,$3,$23,$0,$-8,$-2,$13,$11,$-1,$0,$-15,$0,$0,$0,$0,$-16,$-0,$0,$-0,$0,$0,$0,$-0,$-0,$-6,$3,$0
3,2017-12-31,17.37,$15.38,1.13,$9.30,1.87,$-1.00,0.0,$-1.36,0.0,$0.04B,$0.02B,1.78,$0.00B,$0.29B,0.0,$0.17B,$0.17B,98.27%,$0.17B,$-0.03B,-16.76%,$0.17B,$-0.03B,-16.76%,$0.17B,$-0.02B,-13.29%,$0.17B,$-0.03B,-16.76%,$0.17B,$-0.03B,-15.03%,$-0.03B,$0.29B,-18.02%,$-0.03B,$0.27B,-21.31%,$-0.03B,$0.36B,-14.48%,$-0.03B,$0.29B,-20.10%,$65,$2,$63,$0,$61,$64,$1,$-1,$0,$23,$-23,$-23,$-23,$3,$1,$19,19,$-1.23,$-1.23,$40,$0,$0,$42,$5,$0,$22,$291,$317,$359,$23,$0,$4,$49,$72,$0,$205,$0,$287,$359,$-25,$7,$9,$16,$-1,$0,$-0,$-5,$-6,$-16,$-5,$0,$0,$0,$0,$0,$0,$-5,$-0,$0,$-0,$1,$1,$0,$-2,$-1,$-21,$10,$0
4,2017-09-30,23.89,$4.25,5.62,$8.20,2.91,$0.13,181.95,$-1.15,0.0,$0.06B,$0.02B,3.87,$0.00B,$0.08B,0.0,$0.15B,$0.15B,98.68%,$0.15B,$-0.05B,-30.92%,$0.15B,$-0.05B,-30.92%,$0.15B,$-0.04B,-26.97%,$0.15B,$-0.05B,-30.26%,$0.15B,$-0.02B,-13.16%,$-0.02B,$0.08B,-21.74%,$-0.02B,$0.06B,-28.78%,$-0.02B,$0.10B,-17.09%,$-0.05B,$0.08B,-51.09%,$31,$-0,$31,$0,$47,$47,$-16,$0,$-15,$-13,$-2,$-2,$-2,$-14,$-16,$19,19,$-0.12,$-0.12,$51,$0,$0,$64,$5,$0,$22,$13,$40,$104,$17,$0,$8,$8,$25,$0,$0,$0,$79,$104,$-3,$4,$-18,$-14,$21,$0,$-9,$-1,$12,$-5,$-4,$0,$0,$0,$0,$0,$0,$-4,$-0,$0,$-0,$0,$0,$0,$-1,$-1,$-10,$7,$0
5,2017-06-30,18.8,$5.29,3.55,$8.25,2.28,$0.94,19.91,$-0.35,0.0,$0.09B,$0.02B,4.96,$0.00B,$0.10B,0.0,$0.15B,$0.15B,98.69%,$0.15B,$-0.04B,-24.84%,$0.15B,$-0.04B,-24.84%,$0.15B,$-0.03B,-21.57%,$0.15B,$-0.04B,-24.84%,$0.15B,$-0.02B,-15.69%,$-0.02B,$0.10B,-25.13%,$-0.02B,$0.08B,-32.99%,$-0.02B,$0.12B,-20.08%,$-0.04B,$0.10B,-39.79%,$35,$0,$35,$0,$45,$45,$-10,$0,$-10,$-9,$-2,$-2,$-2,$-9,$-10,$18,18,$-0.08,$-0.08,$66,$0,$0,$85,$5,$0,$22,$10,$37,$122,$17,$0,$6,$6,$24,$0,$21,$0,$98,$122,$-0,$3,$-7,$-5,$22,$0,$-8,$-1,$13,$7,$-3,$0,$0,$0,$0,$0,$0,$-3,$-0,$0,$-0,$0,$0,$0,$-0,$-0,$4,$5,$0
6,2017-03-31,12.04,$6.12,1.97,$8.43,1.43,$0.96,12.53,$0.55,21.89,$0.10B,$0.01B,7.49,$0.00B,$0.11B,0.0,$0.16B,$0.15B,98.71%,$0.16B,$-0.03B,-21.94%,$0.16B,$-0.03B,-21.94%,$0.16B,$-0.03B,-18.06%,$0.16B,$-0.03B,-21.94%,$0.16B,$-0.02B,-14.19%,$-0.02B,$0.11B,-23.10%,$-0.02B,$0.09B,-30.45%,$-0.02B,$0.13B,-18.49%,$-0.03B,$0.11B,-35.70%,$42,$0,$41,$0,$45,$46,$-4,$0,$-4,$-5,$1,$1,$1,$-3,$-4,$18,19,$0.06,$0.06,$68,$0,$0,$96,$6,$0,$22,$9,$37,$133,$13,$0,$7,$7,$20,$0,$38,$0,$113,$133,$1,$1,$-1,$0,$20,$0,$-11,$-2,$7,$8,$-2,$0,$0,$0,$0,$0,$0,$-2,$-0,$0,$-0,$0,$0,$0,$-0,$-0,$6,$2,$0
7,2016-12-31,10.65,$4.23,2.52,$10.24,1.04,$0.83,12.8,$-0.26,0.0,$0.07B,$0.02B,3.06,$0.00B,$0.08B,0.0,$0.19B,$0.18B,98.40%,$0.19B,$-0.01B,-3.21%,$0.19B,$-0.01B,-3.21%,$0.19B,$0.00B,1.07%,$0.19B,$-0.01B,-3.21%,$0.19B,$-0.01B,-2.67%,$-0.01B,$0.08B,-5.49%,$-0.01B,$0.06B,-7.35%,$-0.01B,$0.11B,-4.27%,$-0.01B,$0.08B,-6.59%,$44,$0,$43,$0,$60,$61,$-17,$0,$-17,$0,$-17,$-17,$-17,$-15,$-17,$18,18,$-0.92,$-0.92,$62,$0,$0,$71,$6,$0,$23,$10,$38,$109,$23,$0,$8,$8,$31,$0,$5,$0,$78,$109,$-5,$7,$7,$14,$0,$0,$-5,$-1,$-5,$4,$-4,$0,$0,$0,$0,$0,$0,$-4,$-0,$0,$-0,$0,$0,$0,$-1,$-1,$-1,$7,$0
8,2016-09-30,11.21,$5.05,2.22,$10.63,1.05,$1.41,7.97,$-0.02,0.0,$0.08B,$0.01B,5.75,$0.00B,$0.09B,0.0,$0.19B,$0.19B,98.45%,$0.19B,$-0.00B,-0.52%,$0.19B,$-0.00B,-0.52%,$0.19B,$0.01B,3.11%,$0.19B,$-0.00B,-0.52%,$0.19B,$-0.00B,0.00%,$-0.00B,$0.09B,0.00%,$-0.00B,$0.07B,0.00%,$-0.00B,$0.11B,0.00%,$-0.00B,$0.09B,-1.10%,$32,$0,$32,$0,$39,$39,$-7,$0,$-7,$-1,$-6,$-6,$-6,$-6,$-7,$18,18,$-0.31,$-0.31,$67,$0,$0,$75,$6,$0,$23,$10,$39,$114,$13,$0,$9,$9,$22,$0,$21,$0,$93,$114,$12,$6,$5,$11,$2,$0,$-15,$-1,$-14,$9,$-3,$0,$0,$0,$0,$0,$0,$-3,$-0,$0,$-0,$0,$0,$0,$-1,$-1,$5,$5,$0
9,2016-06-30,14.02,$5.30,2.65,$10.97,1.28,$1.66,8.47,$0.49,28.61,$0.08B,$0.01B,6.41,$0.00B,$0.10B,0.0,$0.20B,$0.20B,98.49%,$0.20B,$0.01B,4.52%,$0.20B,$0.01B,4.52%,$0.20B,$0.02B,8.04%,$0.20B,$0.01B,4.52%,$0.20B,$0.01B,5.03%,$0.01B,$0.10B,11.24%,$0.01B,$0.07B,15.21%,$0.01B,$0.12B,8.46%,$0.01B,$0.10B,10.11%,$37,$1,$37,$0,$42,$43,$-6,$-0,$-6,$-5,$-0,$-0,$-0,$-4,$-6,$18,18,$-0.03,$-0.03,$67,$0,$0,$81,$7,$0,$23,$9,$39,$120,$13,$0,$10,$10,$23,$0,$27,$0,$97,$120,$18,$4,$4,$8,$-4,$0,$-16,$1,$-19,$7,$-2,$0,$0,$0,$0,$0,$0,$-2,$-0,$0,$-0,$0,$0,$0,$-1,$-1,$4,$4,$0
10,2016-03-31,9.39,$5.27,1.78,$11.15,0.84,$1.39,6.75,$0.84,11.18,$0.09B,$0.01B,6.28,$0.00B,$0.10B,0.0,$0.20B,$0.20B,98.02%,$0.20B,$0.02B,10.40%,$0.20B,$0.02B,10.40%,$0.20B,$0.03B,13.37%,$0.20B,$0.02B,10.40%,$0.20B,$0.02B,7.92%,$0.02B,$0.10B,18.82%,$0.02B,$0.07B,26.02%,$0.02B,$0.13B,13.94%,$0.02B,$0.10B,24.71%,$74,$2,$72,$0,$48,$50,$24,$-0,$24,$6,$18,$18,$18,$27,$24,$18,18,$0.99,$0.99,$67,$0,$0,$86,$7,$0,$23,$9,$39,$125,$14,$0,$15,$15,$29,$0,$28,$0,$96,$125,$18,$3,$2,$5,$-10,$0,$-15,$7,$-18,$5,$-0,$0,$0,$0,$0,$0,$0,$-0,$-0,$0,$-0,$0,$0,$0,$-0,$-0,$4,$2,$0
11,2015-12-31,9.98,$4.21,2.37,$10.53,0.95,$0.51,19.61,$-0.27,0.0,$0.07B,$0.03B,2.58,$0.00B,$0.08B,0.0,$0.19B,$0.19B,97.88%,$0.19B,$-0.01B,-2.65%,$0.19B,$-0.01B,-2.65%,$0.19B,$0.00B,1.06%,$0.19B,$-0.01B,-2.65%,$0.19B,$-0.00B,-2.12%,$-0.00B,$0.08B,-5.05%,$-0.00B,$0.05B,-7.24%,$-0.00B,$0.11B,-3.70%,$-0.01B,$0.08B,-6.31%,$50,$1,$49,$0,$62,$63,$-12,$0,$-12,$-0,$-12,$-12,$-12,$-11,$-12,$18,18,$-0.66,$-0.66,$63,$0,$0,$72,$7,$0,$24,$10,$41,$113,$28,$0,$9,$9,$37,$0,$9,$0,$76,$113,$-5,$8,$7,$15,$-1,$0,$6,$-1,$3,$14,$-3,$0,$0,$0,$0,$0,$0,$-3,$-0,$0,$-0,$2,$2,$0,$-1,$1,$11,$7,$0
12,2015-09-30,12.81,$4.79,2.67,$10.19,1.26,$-0.18,0.0,$-0.68,0.0,$0.07B,$0.02B,4.77,$0.00B,$0.09B,0.0,$0.18B,$0.18B,97.83%,$0.18B,$-0.01B,-3.80%,$0.18B,$-0.01B,-3.80%,$0.18B,$0.00B,0.54%,$0.18B,$-0.01B,-3.80%,$0.18B,$-0.01B,-5.98%,$-0.01B,$0.09B,-14.01%,$-0.01B,$0.06B,-20.28%,$-0.01B,$0.12B,-10.30%,$-0.01B,$0.09B,-8.92%,$38,$0,$38,$0,$35,$35,$3,$-0,$3,$-1,$4,$4,$4,$4,$3,$18,18,$0.20,$0.20,$62,$0,$0,$71,$8,$0,$24,$12,$44,$115,$15,$0,$13,$13,$28,$0,$22,$0,$87,$115,$7,$6,$6,$12,$-1,$0,$-8,$1,$-7,$12,$-2,$0,$0,$0,$0,$0,$0,$-2,$-0,$0,$-0,$1,$1,$0,$-1,$0,$11,$5,$0
13,2015-06-30,12.69,$4.50,2.82,$10.33,1.23,$-0.60,0.0,$-0.80,0.0,$0.06B,$0.01B,4.99,$0.00B,$0.08B,0.0,$0.19B,$0.18B,97.33%,$0.19B,$-0.01B,-3.21%,$0.19B,$-0.01B,-3.21%,$0.19B,$0.00B,1.07%,$0.19B,$-0.01B,-3.21%,$0.19B,$-0.01B,-6.95%,$-0.01B,$0.08B,-16.10%,$-0.01B,$0.06B,-23.21%,$-0.01B,$0.11B,-12.04%,$-0.01B,$0.08B,-7.43%,$40,$1,$39,$0,$33,$34,$6,$-0,$6,$0,$6,$6,$6,$7,$6,$18,18,$0.32,$0.32,$52,$0,$0,$62,$9,$0,$24,$11,$44,$106,$12,$0,$12,$12,$24,$0,$18,$0,$81,$106,$4,$5,$4,$9,$-2,$0,$-10,$1,$-11,$2,$-1,$0,$0,$0,$0,$0,$0,$-1,$-0,$0,$-0,$1,$1,$0,$-1,$0,$0,$4,$0
14,2015-03-31,9.38,$4.07,2.3,$10.28,0.91,$-0.99,0.0,$-0.97,0.0,$0.05B,$0.01B,4.0,$0.00B,$0.07B,0.0,$0.19B,$0.19B,97.37%,$0.19B,$-0.01B,-3.16%,$0.19B,$-0.01B,-3.16%,$0.19B,$0.00B,1.58%,$0.19B,$-0.01B,-3.16%,$0.19B,$-0.02B,-8.42%,$-0.02B,$0.07B,-17.98%,$-0.02B,$0.05B,-25.10%,$-0.02B,$0.10B,-13.82%,$-0.01B,$0.07B,-6.74%,$61,$2,$59,$0,$56,$63,$-2,$-0,$-2,$0,$-2,$-2,$-2,$2,$-2,$18,18,$-0.12,$-0.12,$39,$0,$0,$54,$9,$0,$25,$11,$45,$99,$14,$0,$12,$12,$26,$0,$12,$0,$73,$99,$-2,$4,$2,$6,$-6,$0,$-9,$1,$-15,$-11,$-0,$0,$0,$0,$0,$0,$0,$-0,$-0,$0,$-0,$0,$0,$0,$-0,$-0,$-12,$2,$0
15,2014-12-31,24.92,$4.12,6.05,$9.54,2.61,$-0.68,0.0,$-0.93,0.0,$0.06B,$0.02B,2.61,$0.00B,$0.07B,0.0,$0.18B,$0.18B,97.22%,$0.18B,$-0.01B,-3.89%,$0.18B,$-0.01B,-3.89%,$0.18B,$0.00B,0.56%,$0.18B,$-0.01B,-3.89%,$0.18B,$-0.02B,-8.89%,$-0.02B,$0.07B,-15.27%,$-0.02B,$0.05B,-20.19%,$-0.02B,$0.11B,-12.01%,$-0.01B,$0.07B,-6.68%,$45,$1,$44,$0,$58,$59,$-14,$-0,$-14,$5,$-19,$-19,$-19,$-12,$-14,$18,18,$-1.05,$-1.03,$51,$0,$0,$60,$10,$0,$25,$12,$47,$107,$23,$0,$10,$10,$33,$0,$14,$0,$73,$107,$-16,$8,$15,$23,$-4,$0,$-0,$-2,$-5,$2,$-4,$-5,$0,$0,$0,$0,$0,$-8,$-0,$0,$-0,$-46,$-46,$0,$-3,$-49,$-56,$6,$0
16,2014-09-30,24.13,$5.37,4.49,$9.82,2.46,$0.10,238.91,$0.04,603.25,$0.06B,$0.01B,4.79,$0.00B,$0.10B,0.0,$0.19B,$0.18B,97.35%,$0.19B,$0.00B,2.12%,$0.19B,$0.00B,2.12%,$0.19B,$0.01B,6.35%,$0.19B,$0.00B,2.12%,$0.19B,$0.00B,0.53%,$0.00B,$0.10B,0.84%,$0.00B,$0.07B,1.06%,$0.00B,$0.12B,0.68%,$0.00B,$0.10B,3.34%,$41,$1,$40,$0,$36,$37,$4,$-0,$4,$2,$2,$2,$2,$5,$4,$18,18,$0.09,$0.08,$58,$0,$0,$64,$11,$0,$25,$13,$56,$120,$13,$0,$11,$11,$25,$0,$33,$0,$96,$120,$3,$6,$8,$14,$-1,$0,$-10,$-1,$-12,$6,$-3,$-5,$0,$0,$0,$0,$0,$-8,$-0,$0,$-0,$-46,$-46,$0,$-1,$-47,$-49,$7,$0
17,2014-06-30,37.97,$6.42,5.91,$9.79,3.88,$0.38,98.67,$-0.03,0.0,$0.08B,$0.01B,5.71,$0.00B,$0.11B,0.0,$0.19B,$0.19B,97.37%,$0.19B,0,0.00%,$0.19B,0,0.00%,$0.19B,$0.01B,4.74%,$0.19B,0,0.00%,$0.19B,$-0.00B,-0.53%,$-0.00B,$0.11B,-0.78%,$-0.00B,$0.09B,-0.96%,$-0.00B,$0.14B,-0.63%,$0.00B,$0.11B,0.00%,$43,$1,$42,$0,$35,$36,$6,$-0,$6,$3,$3,$3,$3,$8,$6,$19,20,$0.16,$0.15,$70,$0,$0,$77,$11,$0,$26,$13,$60,$137,$14,$0,$10,$10,$23,$0,$32,$0,$114,$137,$1,$5,$2,$7,$-2,$0,$-9,$-2,$-14,$-5,$-2,$-5,$0,$0,$0,$0,$0,$-7,$-0,$0,$-0,$-25,$-25,$0,$0,$-25,$-37,$4,$0
18,2014-03-31,50.8,$7.16,7.1,$9.67,5.25,$0.88,57.87,$-0.12,0.0,$0.11B,$0.02B,4.69,$0.00B,$0.14B,0.0,$0.19B,$0.18B,97.33%,$0.19B,$-0.00B,-2.14%,$0.19B,$-0.00B,-2.14%,$0.19B,$0.01B,2.67%,$0.19B,$-0.00B,-2.14%,$0.19B,$-0.00B,-1.60%,$-0.00B,$0.14B,-2.30%,$-0.00B,$0.11B,-2.79%,$-0.00B,$0.17B,-1.85%,$-0.00B,$0.14B,-3.07%,$51,$2,$49,$0,$52,$54,$-3,$-0,$-3,$-2,$-2,$-2,$-2,$-0,$-3,$19,19,$-0.08,$-0.08,$98,$0,$0,$107,$10,$0,$26,$15,$63,$169,$23,$0,$10,$10,$33,$0,$29,$0,$136,$169,$-2,$3,$1,$4,$-4,$0,$-0,$-4,$-8,$-5,$-1,$-5,$0,$0,$0,$0,$0,$-6,$-0,$0,$-0,$2,$2,$0,$-0,$2,$-9,$2,$0
19,2013-12-31,46.49,$7.08,6.56,$9.01,5.16,$1.13,41.29,$0.07,664.14,$0.11B,$0.02B,4.88,$0.00B,$0.13B,0.0,$0.18B,$0.17B,97.21%,$0.18B,$0.00B,1.68%,$0.18B,$0.00B,1.68%,$0.18B,$0.01B,6.70%,$0.18B,$0.00B,1.68%,$0.18B,$0.00B,0.56%,$0.00B,$0.13B,0.75%,$0.00B,$0.11B,0.89%,$0.00B,$0.17B,0.61%,$0.00B,$0.13B,2.24%,$54,$1,$53,$0,$55,$57,$-3,$-0,$-3,$-1,$-2,$-2,$-2,$-1,$-3,$19,20,$-0.09,$-0.09,$107,$0,$0,$112,$10,$0,$22,$14,$55,$166,$23,$0,$11,$11,$33,$0,$30,$0,$133,$166,$2,$8,$6,$14,$-0,$0,$5,$-0,$4,$21,$-7,$0,$0,$0,$0,$0,$0,$-7,$-0,$0,$-0,$-50,$-50,$0,$2,$-47,$-34,$8,$0
20,2013-09-30,32.26,$6.92,4.66,$8.47,3.81,$1.45,22.2,$0.29,111.24,$0.10B,$0.02B,5.57,$0.00B,$0.13B,0.0,$0.17B,$0.17B,97.06%,$0.17B,$0.01B,5.88%,$0.17B,$0.01B,5.88%,$0.17B,$0.02B,11.18%,$0.17B,$0.01B,5.88%,$0.17B,$0.01B,2.94%,$0.01B,$0.13B,3.48%,$0.01B,$0.11B,4.13%,$0.01B,$0.16B,2.94%,$0.01B,$0.13B,6.97%,$42,$1,$41,$0,$40,$42,$0,$-0,$0,$0,$0,$0,$0,$2,$0,$18,19,$0.01,$0.01,$98,$0,$0,$104,$11,$0,$22,$13,$57,$161,$19,$0,$14,$14,$32,$0,$32,$0,$129,$161,$4,$6,$1,$8,$-2,$0,$0,$4,$3,$15,$-7,$0,$0,$0,$0,$0,$0,$-7,$-0,$0,$-0,$-54,$-54,$0,$3,$-51,$-43,$5,$0
21,2013-06-30,22.72,$6.75,3.36,$8.08,2.81,$1.83,12.42,$0.29,78.34,$0.10B,$0.02B,5.75,$0.00B,$0.12B,0.0,$0.17B,$0.16B,96.39%,$0.17B,$0.01B,6.63%,$0.17B,$0.01B,6.63%,$0.17B,$0.02B,12.05%,$0.17B,$0.01B,6.63%,$0.17B,$0.01B,3.01%,$0.01B,$0.12B,3.29%,$0.01B,$0.10B,3.88%,$0.01B,$0.15B,2.83%,$0.01B,$0.12B,7.25%,$40,$1,$39,$0,$36,$38,$2,$-0,$2,$1,$1,$1,$1,$4,$2,$19,19,$0.06,$0.06,$90,$0,$0,$95,$9,$0,$22,$13,$56,$151,$17,$0,$10,$10,$27,$0,$32,$0,$124,$151,$4,$5,$-0,$5,$-1,$0,$-3,$1,$-3,$6,$-4,$0,$0,$0,$0,$0,$0,$-4,$-0,$0,$-0,$-56,$-56,$0,$3,$-53,$-51,$3,$0
22,2013-03-31,17.88,$7.69,2.33,$7.77,2.3,$2.23,8.02,$0.34,52.59,$0.12B,$0.02B,7.95,$0.00B,$0.15B,0.0,$0.16B,$0.16B,96.30%,$0.16B,$0.01B,8.02%,$0.16B,$0.01B,8.02%,$0.16B,$0.02B,12.96%,$0.16B,$0.01B,8.02%,$0.16B,$0.01B,3.70%,$0.01B,$0.15B,3.75%,$0.01B,$0.13B,4.39%,$0.01B,$0.17B,3.27%,$0.01B,$0.15B,8.13%,$43,$3,$41,$0,$36,$39,$4,$-0,$4,$2,$2,$2,$2,$7,$4,$21,21,$0.11,$0.11,$114,$0,$0,$121,$7,$0,$23,$12,$52,$173,$15,$0,$8,$8,$23,$0,$31,$0,$150,$173,$2,$3,$-1,$2,$-3,$0,$-3,$1,$-5,$-1,$-2,$0,$0,$0,$0,$0,$0,$-2,$-0,$0,$-0,$-28,$-28,$0,$3,$-25,$-27,$2,$0
23,2012-12-31,27.48,$8.36,3.29,$7.54,3.64,$2.57,10.71,$0.33,83.27,$0.15B,$0.02B,7.94,$0.00B,$0.17B,0.0,$0.16B,$0.15B,96.15%,$0.16B,$0.01B,8.33%,$0.16B,$0.01B,8.33%,$0.16B,$0.02B,12.82%,$0.16B,$0.01B,8.33%,$0.16B,$0.01B,3.85%,$0.01B,$0.17B,3.74%,$0.01B,$0.15B,4.39%,$0.01B,$0.20B,3.28%,$0.01B,$0.17B,8.10%,$45,$1,$44,$0,$39,$41,$4,$-0,$4,$2,$2,$2,$2,$6,$4,$20,21,$0.12,$0.12,$141,$0,$0,$145,$6,$0,$23,$15,$51,$196,$18,$0,$7,$7,$25,$0,$29,$0,$171,$196,$7,$7,$7,$13,$4,$0,$2,$-1,$4,$25,$-4,$0,$-6,$0,$0,$0,$0,$-10,$-0,$0,$-0,$-1,$-1,$0,$3,$2,$17,$6,$0
24,2012-09-30,18.77,$7.98,2.35,$7.34,2.56,$2.48,7.57,$0.33,56.88,$0.13B,$0.02B,7.77,$0.00B,$0.16B,0.0,$0.15B,$0.15B,96.10%,$0.15B,$0.01B,8.44%,$0.15B,$0.01B,8.44%,$0.15B,$0.02B,12.99%,$0.15B,$0.01B,8.44%,$0.15B,$0.01B,3.90%,$0.01B,$0.16B,3.83%,$0.01B,$0.14B,4.53%,$0.01B,$0.19B,3.36%,$0.01B,$0.16B,8.29%,$38,$1,$36,$0,$35,$37,$1,$0,$1,$1,$0,$0,$0,$3,$1,$20,21,$0.01,$0.01,$131,$0,$0,$134,$6,$0,$23,$14,$51,$186,$17,$0,$7,$7,$24,$0,$26,$0,$162,$186,$5,$5,$4,$9,$5,$0,$1,$0,$6,$20,$-3,$0,$-6,$0,$0,$0,$0,$-9,$-0,$0,$-0,$-4,$-4,$0,$1,$-3,$7,$4,$0
25,2012-06-30,16.11,$7.97,2.02,$7.18,2.24,$2.54,6.34,$0.31,51.97,$0.13B,$0.01B,9.5,$0.00B,$0.16B,0.0,$0.15B,$0.15B,96.03%,$0.15B,$0.01B,7.95%,$0.15B,$0.01B,7.95%,$0.15B,$0.02B,11.92%,$0.15B,$0.01B,7.95%,$0.15B,$0.01B,3.97%,$0.01B,$0.16B,3.86%,$0.01B,$0.13B,4.58%,$0.01B,$0.18B,3.40%,$0.01B,$0.16B,7.72%,$36,$1,$35,$0,$30,$31,$4,$0,$4,$2,$2,$2,$2,$5,$4,$20,20,$0.12,$0.11,$122,$0,$0,$126,$6,$0,$24,$15,$53,$178,$13,$0,$8,$8,$21,$0,$26,$0,$157,$178,$4,$3,$3,$6,$4,$0,$-3,$1,$2,$13,$-2,$0,$-6,$0,$0,$0,$0,$-8,$-0,$0,$-0,$-6,$-6,$0,$0,$-6,$-2,$3,$0
26,2012-03-31,16.31,$7.74,2.11,$7.09,2.3,$2.63,6.2,$0.32,50.97,$0.12B,$0.01B,9.9,$0.00B,$0.15B,0.0,$0.15B,$0.14B,95.36%,$0.15B,$0.01B,8.61%,$0.15B,$0.01B,8.61%,$0.15B,$0.02B,12.58%,$0.15B,$0.01B,8.61%,$0.15B,$0.01B,4.64%,$0.01B,$0.15B,4.42%,$0.01B,$0.13B,5.25%,$0.01B,$0.17B,3.92%,$0.01B,$0.15B,8.20%,$37,$2,$35,$0,$31,$33,$4,$0,$4,$2,$2,$2,$2,$6,$4,$20,20,$0.11,$0.10,$116,$0,$0,$122,$4,$0,$24,$13,$50,$172,$12,$0,$8,$8,$21,$0,$24,$0,$152,$172,$2,$2,$1,$4,$2,$0,$-4,$2,$-1,$5,$-0,$0,$-4,$0,$0,$0,$0,$-5,$-0,$0,$-0,$-7,$-7,$0,$-0,$-8,$-7,$2,$0
27,2011-12-31,14.7,$7.83,1.88,$6.98,2.11,$2.67,5.5,$0.31,47.42,$0.13B,$0.02B,7.98,$0.00B,$0.16B,0.0,$0.15B,$0.14B,94.74%,$0.15B,$0.01B,8.55%,$0.15B,$0.01B,8.55%,$0.15B,$0.02B,11.84%,$0.15B,$0.01B,8.55%,$0.15B,$0.01B,4.61%,$0.01B,$0.16B,4.34%,$0.01B,$0.13B,5.16%,$0.01B,$0.18B,3.86%,$0.01B,$0.16B,8.06%,$43,$1,$42,$0,$37,$39,$4,$0,$4,$2,$2,$2,$2,$6,$4,$21,22,$0.11,$0.11,$124,$0,$0,$132,$5,$0,$25,$9,$46,$178,$16,$0,$6,$6,$22,$0,$22,$0,$156,$178,$7,$5,$8,$13,$3,$0,$1,$-2,$3,$23,$-2,$0,$-4,$0,$0,$0,$0,$-7,$-0,$0,$-0,$-24,$-24,$0,$4,$-20,$-4,$7,$0
28,2011-09-30,13.66,$7.81,1.75,$7.12,1.92,$2.48,5.5,$0.58,23.55,$0.13B,$0.01B,9.15,$0.00B,$0.16B,0.0,$0.16B,$0.15B,93.75%,$0.16B,$0.03B,15.63%,$0.16B,$0.03B,15.63%,$0.16B,$0.03B,18.13%,$0.16B,$0.03B,15.63%,$0.16B,$0.01B,8.75%,$0.01B,$0.16B,8.60%,$0.01B,$0.13B,10.22%,$0.01B,$0.18B,7.64%,$0.03B,$0.16B,15.36%,$35,$2,$33,$0,$33,$35,$0,$-0,$0,$0,$-0,$-0,$-0,$1,$0,$21,21,$-0.01,$-0.01,$127,$0,$0,$130,$5,$0,$25,$9,$47,$177,$14,$0,$6,$6,$20,$0,$19,$0,$157,$177,$4,$3,$7,$10,$8,$0,$-1,$-2,$5,$20,$-2,$0,$-4,$0,$0,$0,$0,$-6,$-0,$0,$-0,$-18,$-18,$0,$2,$-16,$-2,$6,$0
29,2011-06-30,13.36,$7.89,1.69,$7.02,1.9,$2.22,6.02,$0.70,19.09,$0.14B,$0.01B,11.12,$0.00B,$0.17B,0.0,$0.16B,$0.15B,95.06%,$0.16B,$0.03B,18.52%,$0.16B,$0.03B,18.52%,$0.16B,$0.03B,20.99%,$0.16B,$0.03B,18.52%,$0.16B,$0.02B,10.49%,$0.02B,$0.17B,10.33%,$0.02B,$0.14B,12.32%,$0.02B,$0.19B,9.15%,$0.03B,$0.17B,18.24%,$36,$3,$34,$0,$28,$31,$5,$-0,$5,$2,$3,$3,$3,$6,$5,$21,22,$0.13,$0.12,$136,$0,$0,$141,$5,$0,$26,$9,$47,$188,$13,$0,$6,$6,$19,$0,$20,$0,$169,$188,$5,$2,$5,$7,$7,$0,$-2,$-2,$3,$15,$-1,$0,$-4,$0,$0,$0,$0,$-5,$-0,$0,$-0,$-4,$-4,$0,$2,$-2,$8,$4,$0
30,2011-03-31,13.29,$7.61,1.75,$6.88,1.93,$2.03,6.56,$0.71,18.72,$0.14B,$0.01B,12.09,$0.00B,$0.16B,0.0,$0.16B,$0.16B,95.68%,$0.16B,$0.03B,19.14%,$0.16B,$0.03B,19.14%,$0.16B,$0.04B,21.60%,$0.16B,$0.03B,19.14%,$0.16B,$0.02B,10.49%,$0.02B,$0.16B,10.38%,$0.02B,$0.14B,12.43%,$0.02B,$0.18B,9.19%,$0.03B,$0.16B,18.93%,$38,$3,$35,$0,$31,$34,$4,$-0,$4,$2,$2,$2,$2,$5,$4,$21,22,$0.09,$0.09,$130,$0,$0,$136,$4,$0,$26,$7,$46,$182,$11,$0,$8,$8,$19,$0,$17,$0,$163,$182,$2,$1,$3,$4,$5,$0,$-3,$-1,$1,$7,$-1,$0,$-1,$0,$0,$0,$0,$-1,$-0,$0,$-0,$-4,$-4,$0,$1,$-3,$2,$2,$0
31,2010-12-31,14.19,$7.52,1.89,$6.65,2.13,$1.85,7.67,$0.75,18.92,$0.14B,$0.02B,9.42,$0.00B,$0.16B,0.0,$0.16B,$0.16B,96.88%,$0.16B,$0.03B,20.63%,$0.16B,$0.03B,20.63%,$0.16B,$0.04B,22.50%,$0.16B,$0.03B,20.63%,$0.16B,$0.02B,11.25%,$0.02B,$0.16B,11.06%,$0.02B,$0.14B,12.65%,$0.02B,$0.19B,9.82%,$0.03B,$0.16B,20.28%,$51,$3,$48,$0,$31,$35,$16,$-0,$16,$7,$9,$9,$9,$17,$16,$23,24,$0.38,$0.36,$128,$0,$0,$139,$5,$0,$27,$7,$47,$186,$15,$0,$9,$9,$24,$0,$15,$0,$162,$186,$17,$4,$8,$12,$-8,$0,$2,$-2,$-9,$21,$-3,$0,$-27,$22,$0,$22,$-3,$-11,$-0,$0,$-0,$-25,$-25,$0,$12,$-13,$-3,$6,$0
32,2010-09-30,12.91,$7.37,1.75,$5.89,2.19,$2.25,5.74,$0.57,22.65,$0.14B,$0.02B,8.29,$0.00B,$0.16B,0.0,$0.14B,$0.14B,97.90%,$0.14B,$0.02B,16.78%,$0.14B,$0.02B,16.78%,$0.14B,$0.03B,18.88%,$0.14B,$0.02B,16.78%,$0.14B,$0.01B,9.79%,$0.01B,$0.16B,8.75%,$0.01B,$0.14B,9.59%,$0.01B,$0.19B,7.81%,$0.02B,$0.16B,15.00%,$37,$1,$37,$0,$31,$33,$5,$0,$5,$2,$3,$3,$3,$6,$5,$23,24,$0.11,$0.11,$139,$0,$0,$142,$5,$0,$27,$5,$44,$187,$17,$0,$6,$6,$23,$0,$6,$0,$164,$187,$9,$2,$4,$7,$-1,$0,$5,$-3,$1,$17,$-2,$0,$-27,$22,$0,$22,$0,$-8,$-0,$0,$-0,$-8,$-8,$0,$7,$-2,$8,$5,$0
33,2010-06-30,11.37,$7.05,1.61,$5.73,1.98,$2.43,4.68,$0.60,18.95,$0.14B,$0.01B,10.83,$0.00B,$0.17B,0.0,$0.14B,$0.14B,97.16%,$0.14B,$0.03B,17.73%,$0.14B,$0.03B,17.73%,$0.14B,$0.03B,19.86%,$0.14B,$0.03B,18.44%,$0.14B,$0.01B,9.93%,$0.01B,$0.17B,9.03%,$0.01B,$0.14B,9.46%,$0.01B,$0.19B,8.13%,$0.03B,$0.17B,16.13%,$36,$1,$35,$0,$29,$31,$6,$-0,$6,$3,$3,$3,$3,$7,$6,$24,24,$0.13,$0.13,$141,$0,$0,$144,$4,$0,$28,$2,$41,$185,$13,$0,$6,$6,$19,$0,$4,$0,$166,$185,$6,$1,$3,$4,$0,$0,$1,$-0,$1,$11,$-1,$0,$-27,$22,$0,$22,$0,$-6,$-0,$0,$-0,$0,$0,$0,$5,$5,$10,$3,$0
34,2010-03-31,15.75,$6.75,2.33,$5.54,2.84,$2.51,6.28,$0.63,25.0,$0.16B,$0.01B,15.04,$0.00B,$0.16B,0.0,$0.14B,$0.13B,97.10%,$0.14B,$0.03B,18.84%,$0.14B,$0.03B,18.84%,$0.14B,$0.03B,21.01%,$0.14B,$0.03B,19.57%,$0.14B,$0.02B,10.87%,$0.02B,$0.16B,9.72%,$0.02B,$0.16B,9.72%,$0.02B,$0.18B,8.82%,$0.03B,$0.16B,16.86%,$36,$1,$35,$0,$29,$30,$6,$0,$6,$3,$3,$3,$3,$6,$6,$23,24,$0.14,$0.13,$154,$0,$0,$157,$4,$4,$0,$3,$18,$175,$10,$0,$6,$6,$16,$0,$1,$0,$159,$175,$3,$1,$1,$2,$0,$0,$-2,$-0,$-2,$3,$-0,$0,$0,$18,$0,$18,$0,$17,$-0,$0,$-0,$0,$0,$0,$2,$2,$23,$2,$0
35,2009-12-31,16.43,$6.47,2.54,$5.31,3.1,$2.58,6.38,$0.62,26.5,$0.13B,$0.01B,10.97,$0.00B,$0.15B,0.0,$0.13B,$0.13B,97.01%,$0.13B,$0.03B,19.40%,$0.13B,$0.03B,19.40%,$0.13B,$0.03B,21.64%,$0.13B,$0.03B,20.15%,$0.13B,$0.02B,11.19%,$0.02B,$0.15B,9.77%,$0.02B,$0.15B,9.77%,$0.02B,$0.17B,8.89%,$0.03B,$0.15B,16.94%,$34,$1,$33,$0,$27,$28,$7,$0,$7,$2,$5,$5,$5,$8,$7,$24,25,$0.20,$0.19,$131,$0,$0,$134,$4,$22,$0,$3,$36,$170,$12,$0,$6,$6,$18,$0,$-3,$0,$151,$170,$15,$3,$9,$12,$-0,$0,$2,$1,$3,$30,$-1,$0,$0,$33,$0,$33,$-1,$31,$-0,$0,$-0,$-28,$-28,$0,$5,$-24,$37,$5,$0
36,2009-09-30,14.51,$6.17,2.35,$5.08,2.86,$2.51,5.79,$0.56,25.91,$0.10B,$0.01B,9.48,$0.00B,$0.14B,0.0,$0.13B,$0.13B,97.67%,$0.13B,$0.03B,19.38%,$0.13B,$0.03B,19.38%,$0.13B,$0.03B,20.93%,$0.13B,$0.03B,20.16%,$0.13B,$0.01B,10.85%,$0.01B,$0.14B,9.06%,$0.01B,$0.14B,9.06%,$0.01B,$0.16B,8.31%,$0.03B,$0.14B,16.18%,$35,$1,$34,$0,$27,$29,$6,$0,$7,$3,$3,$3,$3,$7,$6,$24,25,$0.14,$0.14,$100,$0,$0,$102,$4,$43,$0,$3,$57,$159,$11,$0,$4,$4,$15,$0,$-7,$0,$144,$159,$11,$2,$5,$7,$-0,$0,$1,$3,$3,$21,$-1,$0,$0,$12,$0,$12,$-1,$10,$-0,$0,$-0,$-29,$-29,$0,$4,$-25,$6,$3,$0
37,2009-06-30,17.66,$6.56,2.69,$4.78,3.7,$2.52,7.01,$0.54,32.7,$0.10B,$0.01B,9.91,$0.00B,$0.16B,0.0,$0.12B,$0.12B,98.36%,$0.12B,$0.02B,18.85%,$0.12B,$0.02B,18.85%,$0.12B,$0.03B,20.49%,$0.12B,$0.02B,19.67%,$0.12B,$0.01B,11.48%,$0.01B,$0.16B,8.97%,$0.01B,$0.16B,8.97%,$0.01B,$0.18B,8.26%,$0.02B,$0.16B,14.74%,$33,$1,$32,$0,$25,$27,$7,$0,$7,$3,$4,$4,$4,$8,$7,$25,26,$0.16,$0.16,$102,$0,$0,$104,$4,$58,$0,$4,$73,$176,$10,$0,$3,$3,$14,$0,$-11,$0,$163,$176,$7,$2,$3,$4,$-0,$0,$0,$1,$2,$13,$-1,$0,$0,$-2,$0,$-2,$-1,$-4,$-0,$0,$-0,$-4,$-4,$0,$3,$-2,$7,$2,$0
38,2009-03-31,16.01,$6.29,2.54,$4.53,3.53,$2.54,6.31,$0.54,29.65,$0.10B,$0.01B,9.37,$0.00B,$0.16B,0.0,$0.12B,$0.12B,98.29%,$0.12B,$0.02B,18.80%,$0.12B,$0.02B,18.80%,$0.12B,$0.02B,20.51%,$0.12B,$0.02B,20.51%,$0.12B,$0.01B,11.97%,$0.01B,$0.16B,9.23%,$0.01B,$0.16B,9.23%,$0.01B,$0.17B,8.50%,$0.02B,$0.16B,14.50%,$32,$1,$31,$0,$26,$26,$6,$0,$6,$3,$3,$3,$3,$6,$6,$25,26,$0.13,$0.12,$94,$0,$0,$97,$4,$56,$0,$4,$72,$170,$10,$0,$4,$4,$14,$0,$-15,$0,$156,$170,$3,$1,$1,$2,$-1,$0,$0,$0,$-1,$5,$-0,$0,$0,$0,$0,$0,$-1,$-1,$-0,$0,$-0,$-4,$-4,$0,$1,$-3,$0,$1,$0
39,2008-12-31,13.28,$6.19,2.15,$4.30,3.09,$2.58,5.15,$0.55,24.15,$0.10B,$0.01B,9.6,$0.00B,$0.16B,0.0,$0.11B,$0.11B,99.10%,$0.11B,$0.02B,18.92%,$0.11B,$0.02B,18.92%,$0.11B,$0.02B,20.72%,$0.11B,$0.02B,21.62%,$0.11B,$0.01B,12.61%,$0.01B,$0.16B,9.46%,$0.01B,$0.16B,9.46%,$0.01B,$0.17B,8.74%,$0.02B,$0.16B,14.19%,$29,$0,$29,$0,$23,$24,$6,$1,$6,$3,$4,$4,$4,$6,$6,$25,26,$0.15,$0.14,$94,$0,$0,$96,$5,$56,$0,$3,$73,$169,$10,$0,$4,$4,$14,$0,$-18,$0,$155,$169,$14,$2,$13,$15,$-1,$0,$1,$1,$2,$30,$-2,$0,$0,$-16,$0,$-16,$0,$-19,$0,$0,$0,$1,$1,$0,$0,$1,$13,$3,$0
40,2008-09-30,16.0,$5.99,2.67,$4.10,3.9,$2.46,6.51,$1.27,12.6,$0.09B,$0.01B,9.4,$0.00B,$0.15B,0.0,$0.11B,$0.11B,99.06%,$0.11B,$0.02B,17.92%,$0.11B,$0.02B,17.92%,$0.11B,$0.02B,20.75%,$0.11B,$0.02B,22.64%,$0.11B,$0.03B,30.19%,$0.03B,$0.15B,22.34%,$0.03B,$0.15B,22.34%,$0.03B,$0.16B,20.68%,$0.02B,$0.15B,13.26%,$28,$0,$28,$0,$24,$24,$4,$1,$5,$2,$3,$3,$3,$5,$4,$25,26,$0.12,$0.12,$91,$0,$0,$92,$5,$53,$0,$2,$71,$163,$10,$0,$3,$3,$13,$0,$-22,$-0,$150,$163,$11,$1,$10,$11,$-0,$0,$1,$1,$1,$23,$-2,$0,$0,$-13,$0,$-13,$0,$-15,$0,$0,$0,$1,$1,$0,$0,$2,$9,$3,$0
41,2008-06-30,17.66,$5.84,3.02,$3.88,4.55,$2.32,7.61,$1.29,13.69,$0.09B,$0.01B,10.21,$0.00B,$0.15B,0.0,$0.10B,$0.10B,99.01%,$0.10B,$0.02B,19.80%,$0.10B,$0.02B,19.80%,$0.10B,$0.02B,21.78%,$0.10B,$0.03B,24.75%,$0.10B,$0.03B,32.67%,$0.03B,$0.15B,24.72%,$0.03B,$0.15B,24.72%,$0.03B,$0.16B,22.84%,$0.02B,$0.15B,14.98%,$28,$0,$27,$0,$21,$21,$6,$1,$7,$3,$4,$4,$4,$7,$6,$25,26,$0.17,$0.16,$85,$0,$0,$86,$4,$51,$0,$3,$71,$157,$8,$0,$2,$2,$11,$0,$-25,$0,$146,$157,$7,$1,$7,$8,$0,$0,$-0,$-1,$-1,$14,$-1,$0,$0,$-11,$0,$-11,$0,$-12,$0,$0,$0,$1,$1,$0,$0,$1,$4,$2,$0
42,2008-03-31,22.07,$5.65,3.91,$3.65,6.04,$2.20,10.03,$1.26,17.52,$0.09B,$0.01B,11.9,$0.00B,$0.14B,0.0,$0.09B,$0.09B,100.00%,$0.09B,$0.02B,19.15%,$0.09B,$0.02B,19.15%,$0.09B,$0.02B,21.28%,$0.09B,$0.02B,24.47%,$0.09B,$0.03B,34.04%,$0.03B,$0.14B,25.96%,$0.03B,$0.14B,25.96%,$0.03B,$0.15B,23.93%,$0.02B,$0.14B,14.60%,$26,$0,$26,$0,$21,$22,$5,$1,$6,$3,$3,$3,$3,$5,$5,$25,26,$0.13,$0.13,$91,$0,$0,$93,$4,$37,$0,$3,$59,$152,$8,$0,$3,$3,$11,$0,$-29,$0,$141,$152,$3,$0,$3,$4,$-0,$0,$-1,$0,$-1,$6,$-0,$0,$0,$3,$0,$3,$0,$3,$0,$0,$0,$1,$1,$0,$0,$1,$9,$1,$0
43,2007-12-31,32.11,$5.50,5.83,$3.41,9.42,$2.11,15.19,$1.22,26.32,$0.08B,$0.01B,9.4,$0.00B,$0.14B,0.0,$0.09B,$0.09B,100.00%,$0.09B,$0.02B,18.39%,$0.09B,$0.02B,18.39%,$0.09B,$0.02B,20.69%,$0.09B,$0.02B,24.14%,$0.09B,$0.03B,35.63%,$0.03B,$0.14B,27.56%,$0.03B,$0.14B,27.56%,$0.03B,$0.15B,25.31%,$0.02B,$0.14B,14.22%,$24,$0,$24,$0,$19,$20,$4,$1,$6,$-17,$22,$22,$22,$5,$4,$23,26,$0.97,$0.86,$81,$0,$0,$83,$4,$40,$0,$3,$65,$147,$9,$0,$3,$3,$12,$0,$-32,$0,$136,$147,$32,$2,$-9,$-7,$-1,$0,$2,$0,$2,$26,$-2,$0,$0,$-40,$0,$-40,$0,$-42,$-0,$0,$-0,$7,$7,$0,$-0,$6,$-9,$2,$0
44,2007-09-30,27.7,$4.62,6.0,$3.31,8.36,$1.61,17.2,$0.81,34.2,$0.08B,$0.01B,10.38,$0.00B,$0.11B,0.0,$0.08B,$0.08B,100.00%,$0.08B,$0.02B,18.75%,$0.08B,$0.02B,18.75%,$0.08B,$0.02B,20.00%,$0.08B,$0.02B,23.75%,$0.08B,$0.02B,25.00%,$0.02B,$0.11B,19.51%,$0.02B,$0.11B,19.51%,$0.02B,$0.12B,17.86%,$0.02B,$0.11B,14.63%,$23,$0,$23,$0,$18,$18,$5,$1,$6,$3,$4,$4,$4,$5,$5,$24,26,$0.16,$0.14,$79,$0,$0,$80,$4,$34,$0,$4,$42,$122,$8,$0,$3,$3,$11,$0,$-54,$0,$111,$122,$9,$1,$7,$8,$-0,$0,$0,$1,$1,$18,$-1,$0,$0,$-34,$0,$-34,$0,$-35,$-0,$0,$-0,$5,$5,$0,$-0,$5,$-12,$1,$0
