,Date,Stock Price,Book Value per Share,Price to Book Ratio,TTM Sales per Share,Price to Sales Ratio,TTM FCF per Share,Price to FCF Ratio,TTM Net EPS,PE Ratio,Current Assets,Current Liabilities,Current Ratio,Long Term Debt,Shareholder's Equity_x,Debt to Equity Ratio,TTM Revenue_x,TTM Gross Profit,Gross Margin,TTM Revenue_y,TTM Operating Income,Operating Margin,TTM Revenue_x,TTM EBIT,EBIT Margin,TTM Revenue_y,TTM EBITDA,EBITDA Margin,TTM Revenue_x,TTM Pre-Tax Income,Pre-Tax Margin,TTM Revenue_y,TTM Net Income_x,Net Margin,TTM Net Income_y,Shareholder's Equity_y,Return on Equity,TTM Net Income_x,Tangible Equity,Return on Tangible Equity,TTM Net Income_y,Total Assets,Return on Assets,TTM Net Income,LT Investments & Debt,Return on Investment,revenue,cost-goods-sold,gross-profit,research-development-expenses,selling-general-administrative-expenses,operating-expenses,operating-income,total-non-operating-income-expense,pre-tax-income,total-provision-income-taxes,income-after-taxes,income-from-continuous-operations,net-income,ebitda,ebit,basic-shares-outstanding,shares-outstanding,eps-basic-net-earnings-per-share,eps-earnings-per-share-diluted,cash-on-hand,inventory,other-current-assets,total-current-assets,net-property-plant-equipment,long-term-investments,goodwill-intangible-assets-total,other-long-term-assets,total-long-term-assets,total-assets,total-current-liabilities,long-term-debt,other-non-current-liabilities,total-long-term-liabilities,total-liabilities,common-stock-net,retained-earnings-accumulated-deficit,comprehensive-income,total-share-holder-equity,total-liabilities-share-holders-equity,net-income-loss,total-depreciation-amortization-cash-flow,other-non-cash-items,total-non-cash-items,change-in-accounts-receivable,change-in-inventories,change-in-accounts-payable,change-in-assets-liabilities,total-change-in-assets-liabilities,cash-flow-from-operating-activities,net-change-in-property-plant-equipment,net-change-in-intangible-assets,net-acquisitions-divestitures,net-change-in-short-term-investments,net-change-in-long-term-investments,net-change-in-investments-total,investing-activities-other,cash-flow-from-investing-activities,net-long-term-debt,net-current-debt,debt-issuance-retirement-net-total,net-common-equity-issued-repurchased,net-total-equity-issued-repurchased,total-common-preferred-stock-dividends-paid,financial-activities-other,cash-flow-from-financial-activities,net-cash-flow,stock-based-compensation,common-stock-dividends-paid
0,2018-09-30,45.3,$30.22,1.5,$24.74,1.83,$11.41,3.97,$4.42,10.25,$1.08B,$2.69B,0.4,$0.00B,$0.99B,0.0,$0.82B,$0.19B,23.60%,$0.82B,$0.19B,23.24%,$0.82B,$0.19B,23.60%,$0.82B,$0.21B,25.55%,$0.82B,$0.19B,23.24%,$0.82B,$0.15B,18.00%,$0.15B,$0.99B,15.47%,$0.15B,$0.95B,16.22%,$0.15B,$3.90B,3.83%,$0.19B,$0.99B,19.97%,$229,$170,$59,$0,$0,$171,$58,$0,$58,$11,$48,$48,$48,$62,$59,$33,33,$1.45,$1.43,$205,$0,$0,$1077,$17,$2610,$44,$80,$2821,$3899,$2694,$0,$213,$213,$2907,$1,$1012,$-23,$991,$3899,$116,$12,$14,$25,$1,$0,$42,$-47,$-8,$133,$-8,$0,$0,$4,$19,$23,$5,$20,$0,$0,$0,$-0,$-0,$-20,$-2,$-22,$131,$6,$-20
1,2018-06-30,40.02,$29.20,1.37,$24.25,1.65,$10.55,3.79,$3.65,10.96,$1.02B,$2.69B,0.38,$0.00B,$0.96B,0.0,$0.80B,$0.17B,21.39%,$0.80B,$0.17B,21.02%,$0.80B,$0.17B,21.39%,$0.80B,$0.19B,23.63%,$0.80B,$0.16B,20.15%,$0.80B,$0.12B,15.17%,$0.12B,$0.96B,13.01%,$0.12B,$0.91B,13.65%,$0.12B,$3.87B,3.17%,$0.17B,$0.96B,18.02%,$204,$152,$52,$0,$0,$153,$51,$0,$51,$9,$43,$43,$43,$56,$52,$33,33,$1.29,$1.28,$147,$0,$0,$1023,$20,$2624,$44,$81,$2846,$3869,$2690,$0,$222,$222,$2912,$1,$971,$-13,$957,$3869,$68,$8,$21,$29,$-2,$0,$46,$-47,$-11,$86,$-10,$0,$0,$4,$2,$6,$7,$3,$0,$0,$0,$-0,$-0,$-13,$-3,$-16,$73,$4,$-13
2,2018-03-31,40.06,$28.40,1.41,$23.96,1.67,$9.37,4.27,$3.12,12.84,$0.95B,$2.71B,0.35,$0.00B,$0.93B,0.0,$0.79B,$0.15B,19.29%,$0.79B,$0.15B,19.04%,$0.79B,$0.15B,19.29%,$0.79B,$0.17B,21.82%,$0.79B,$0.14B,18.16%,$0.79B,$0.10B,13.11%,$0.10B,$0.93B,11.26%,$0.10B,$0.89B,11.82%,$0.10B,$3.85B,2.71%,$0.15B,$0.93B,16.35%,$188,$158,$30,$0,$0,$159,$29,$0,$29,$4,$26,$26,$26,$34,$30,$33,33,$0.78,$0.77,$57,$0,$0,$945,$15,$2687,$44,$79,$2903,$3848,$2707,$0,$210,$210,$2918,$1,$935,$-2,$930,$3848,$26,$4,$22,$26,$-17,$0,$34,$-15,$-6,$46,$-3,$0,$0,$-31,$-15,$-46,$-5,$-54,$0,$0,$0,$0,$0,$-7,$-3,$-10,$-17,$2,$-7
3,2017-12-31,43.75,$29.07,1.5,$24.27,1.8,$8.90,4.92,$3.05,14.35,$0.95B,$2.68B,0.35,$0.00B,$0.95B,0.0,$0.80B,$0.15B,19.10%,$0.80B,$0.15B,18.98%,$0.80B,$0.15B,19.10%,$0.80B,$0.18B,21.85%,$0.80B,$0.15B,18.10%,$0.80B,$0.10B,12.61%,$0.10B,$0.95B,11.12%,$0.10B,$0.90B,11.69%,$0.10B,$3.84B,2.63%,$0.15B,$0.95B,16.74%,$201,$148,$53,$0,$0,$148,$53,$0,$53,$22,$31,$31,$31,$58,$53,$33,33,$0.96,$0.95,$74,$0,$0,$945,$14,$2697,$44,$65,$2895,$3840,$2683,$0,$209,$209,$2892,$1,$842,$107,$948,$3840,$101,$23,$29,$52,$22,$0,$1,$-31,$-11,$142,$-8,$0,$0,$12,$-122,$-110,$8,$-110,$0,$-10,$-10,$0,$0,$-20,$4,$-26,$6,$7,$-20
4,2017-09-30,44.65,$28.28,1.58,$24.05,1.86,$8.41,5.31,$3.19,14.0,$0.96B,$2.72B,0.35,$0.00B,$0.92B,0.0,$0.79B,$0.13B,16.27%,$0.79B,$0.15B,18.54%,$0.79B,$0.15B,18.79%,$0.79B,$0.17B,21.56%,$0.79B,$0.14B,17.65%,$0.79B,$0.11B,13.37%,$0.11B,$0.92B,12.03%,$0.11B,$0.87B,12.67%,$0.11B,$3.84B,2.78%,$0.15B,$0.92B,16.68%,$211,$174,$37,$0,$0,$175,$36,$-8,$29,$7,$22,$22,$22,$42,$37,$33,33,$0.67,$0.66,$71,$0,$0,$963,$15,$2666,$44,$57,$2873,$3835,$2723,$0,$196,$196,$2918,$1,$832,$91,$917,$3835,$70,$17,$10,$27,$1,$0,$11,$-0,$7,$104,$-8,$0,$0,$11,$-62,$-51,$-21,$-81,$-10,$0,$-10,$0,$0,$-15,$1,$-24,$-0,$4,$-15
5,2017-06-30,41.41,$27.74,1.49,$23.52,1.76,$8.34,4.97,$3.22,12.86,$0.94B,$2.72B,0.35,$0.00B,$0.90B,0.0,$0.78B,$0.12B,15.87%,$0.78B,$0.14B,18.19%,$0.78B,$0.14B,18.45%,$0.78B,$0.17B,21.42%,$0.78B,$0.14B,18.19%,$0.78B,$0.11B,13.81%,$0.11B,$0.90B,12.38%,$0.11B,$0.86B,13.05%,$0.11B,$3.83B,2.81%,$0.14B,$0.90B,16.31%,$193,$160,$33,$0,$0,$161,$33,$0,$33,$8,$25,$25,$25,$39,$33,$32,33,$0.76,$0.75,$43,$0,$0,$944,$24,$2644,$44,$73,$2881,$3825,$2718,$0,$207,$207,$2926,$1,$815,$90,$899,$3825,$48,$12,$4,$16,$-8,$0,$24,$-30,$-21,$43,$-6,$0,$0,$11,$-62,$-51,$5,$-52,$-10,$0,$-10,$0,$0,$-10,$1,$-18,$-28,$3,$-10
6,2017-03-31,37.01,$26.88,1.38,$23.75,1.56,$8.44,4.39,$3.27,11.32,$0.97B,$2.73B,0.35,$0.00B,$0.87B,0.0,$0.78B,$0.13B,15.94%,$0.78B,$0.14B,18.11%,$0.78B,$0.15B,18.49%,$0.78B,$0.17B,21.30%,$0.78B,$0.14B,18.11%,$0.78B,$0.11B,13.90%,$0.11B,$0.87B,12.81%,$0.11B,$0.82B,13.52%,$0.11B,$3.83B,2.86%,$0.14B,$0.87B,16.69%,$196,$166,$30,$0,$0,$167,$30,$0,$30,$6,$23,$23,$23,$36,$30,$32,33,$0.72,$0.70,$63,$0,$0,$968,$24,$2631,$44,$67,$2866,$3834,$2731,$0,$235,$235,$2966,$1,$795,$83,$868,$3834,$23,$6,$2,$8,$-11,$0,$17,$-10,$-1,$31,$-4,$0,$0,$1,$-48,$-47,$18,$-32,$0,$0,$0,$0,$0,$-5,$-1,$-6,$-8,$2,$-5
7,2016-12-31,38.47,$26.16,1.47,$23.62,1.63,$8.26,4.66,$3.22,11.95,$0.96B,$2.72B,0.36,$0.00B,$0.84B,0.0,$0.78B,$0.14B,18.33%,$0.78B,$0.14B,17.95%,$0.78B,$0.14B,18.33%,$0.78B,$0.17B,21.15%,$0.78B,$0.14B,17.95%,$0.78B,$0.11B,13.85%,$0.11B,$0.84B,12.93%,$0.11B,$0.80B,13.66%,$0.11B,$3.77B,2.84%,$0.14B,$0.84B,16.77%,$193,$165,$29,$0,$0,$145,$48,$0,$48,$13,$36,$36,$36,$54,$49,$32,33,$1.10,$1.08,$71,$0,$0,$964,$22,$2573,$44,$66,$2809,$3773,$2716,$0,$217,$217,$2933,$1,$777,$75,$841,$3773,$107,$23,$6,$29,$46,$0,$-3,$-64,$-13,$123,$-5,$0,$0,$-10,$-73,$-83,$-1,$-89,$0,$0,$0,$-21,$-21,$-12,$9,$-24,$11,$6,$-12
8,2016-09-30,28.89,$26.47,1.09,$23.43,1.23,$7.91,3.65,$2.96,9.76,$1.00B,$2.76B,0.36,$0.00B,$0.85B,0.0,$0.77B,$0.13B,17.10%,$0.77B,$0.11B,14.25%,$0.77B,$0.11B,14.51%,$0.77B,$0.14B,17.49%,$0.77B,$0.11B,14.25%,$0.77B,$0.10B,12.82%,$0.10B,$0.85B,12.15%,$0.10B,$0.81B,12.85%,$0.10B,$3.82B,2.60%,$0.11B,$0.85B,13.50%,$193,$162,$31,$0,$0,$162,$30,$0,$30,$8,$23,$23,$23,$37,$31,$32,33,$0.70,$0.69,$87,$0,$0,$1004,$23,$2603,$45,$63,$2821,$3824,$2756,$0,$219,$219,$2974,$1,$745,$118,$850,$3824,$71,$18,$2,$20,$22,$0,$11,$-29,$6,$97,$-4,$0,$0,$-8,$-37,$-45,$-0,$-49,$0,$0,$0,$-19,$-19,$-9,$7,$-20,$28,$4,$-9
9,2016-06-30,28.02,$26.04,1.08,$23.71,1.18,$7.75,3.62,$3.02,9.28,$1.07B,$2.77B,0.39,$0.00B,$0.85B,0.0,$0.78B,$0.13B,16.94%,$0.78B,$0.11B,14.12%,$0.78B,$0.11B,14.38%,$0.78B,$0.14B,17.33%,$0.78B,$0.11B,14.12%,$0.78B,$0.10B,12.97%,$0.10B,$0.85B,12.88%,$0.10B,$0.80B,13.66%,$0.10B,$3.83B,2.66%,$0.11B,$0.85B,14.03%,$202,$167,$35,$0,$0,$168,$34,$0,$34,$7,$27,$27,$27,$40,$35,$33,33,$0.82,$0.81,$131,$0,$0,$1067,$23,$2531,$45,$78,$2765,$3832,$2768,$0,$219,$219,$2987,$1,$724,$123,$845,$3832,$49,$12,$-1,$11,$3,$0,$18,$-39,$-17,$43,$-2,$0,$0,$0,$38,$38,$0,$36,$0,$0,$0,$0,$0,$-6,$-1,$-7,$72,$3,$-6
10,2016-03-31,27.09,$24.74,1.09,$23.50,1.15,$8.29,3.27,$3.12,8.68,$1.02B,$2.77B,0.37,$0.00B,$0.80B,0.0,$0.77B,$0.13B,17.06%,$0.77B,$0.11B,14.19%,$0.77B,$0.11B,14.45%,$0.77B,$0.13B,17.45%,$0.77B,$0.11B,14.19%,$0.77B,$0.10B,13.41%,$0.10B,$0.80B,13.71%,$0.10B,$0.76B,14.58%,$0.10B,$3.80B,2.72%,$0.11B,$0.80B,14.50%,$192,$144,$48,$0,$20,$164,$28,$0,$28,$6,$22,$22,$22,$34,$28,$32,33,$0.67,$0.66,$75,$0,$0,$1019,$23,$2540,$45,$68,$2777,$3797,$2765,$0,$228,$228,$2993,$1,$700,$103,$804,$3797,$22,$6,$-1,$5,$-5,$0,$11,$-16,$-6,$22,$-0,$0,$0,$0,$-5,$-5,$-2,$-7,$0,$-0,$-0,$-1,$-1,$-3,$3,$-1,$14,$2,$-3
11,2015-12-31,26.19,$23.62,1.11,$23.13,1.13,$8.38,3.13,$2.90,9.03,$1.00B,$2.77B,0.36,$0.00B,$0.76B,0.0,$0.75B,$0.10B,13.55%,$0.75B,$0.10B,13.15%,$0.75B,$0.10B,13.55%,$0.75B,$0.12B,16.47%,$0.75B,$0.10B,13.15%,$0.75B,$0.10B,12.62%,$0.10B,$0.76B,13.05%,$0.10B,$0.72B,13.91%,$0.10B,$3.76B,2.50%,$0.10B,$0.76B,13.60%,$185,$166,$18,$0,$0,$167,$18,$0,$18,$-9,$27,$27,$27,$24,$18,$32,33,$0.83,$0.82,$59,$0,$0,$996,$25,$2508,$45,$70,$2760,$3756,$2765,$0,$230,$230,$2995,$1,$682,$84,$761,$3756,$94,$21,$13,$34,$35,$0,$7,$-49,$-12,$116,$-12,$0,$0,$0,$-98,$-98,$8,$-101,$0,$-60,$-60,$0,$0,$-8,$6,$-62,$-47,$5,$-8
12,2015-09-30,21.34,$22.63,0.94,$23.47,0.91,$10.19,2.09,$2.99,7.14,$1.01B,$2.85B,0.35,$0.00B,$0.73B,0.0,$0.76B,$0.12B,15.11%,$0.76B,$0.11B,14.59%,$0.76B,$0.12B,15.11%,$0.76B,$0.14B,17.87%,$0.76B,$0.11B,14.59%,$0.76B,$0.10B,12.75%,$0.10B,$0.73B,13.67%,$0.10B,$0.68B,14.60%,$0.10B,$3.81B,2.55%,$0.11B,$0.73B,15.64%,$200,$168,$31,$0,$0,$169,$30,$0,$30,$6,$25,$25,$25,$37,$31,$32,33,$0.76,$0.75,$59,$0,$0,$1008,$23,$2558,$45,$65,$2798,$3806,$2846,$0,$234,$234,$3080,$1,$657,$77,$726,$3806,$68,$15,$-4,$11,$24,$0,$19,$-29,$15,$94,$-7,$0,$0,$-19,$-121,$-139,$8,$-139,$0,$-0,$-0,$0,$0,$-6,$4,$-2,$-47,$3,$-6
13,2015-06-30,21.76,$22.30,0.98,$23.32,0.93,$11.51,1.89,$2.71,8.03,$1.04B,$2.85B,0.36,$0.00B,$0.72B,0.0,$0.75B,$0.10B,13.41%,$0.75B,$0.10B,13.01%,$0.75B,$0.10B,13.41%,$0.75B,$0.12B,16.07%,$0.75B,$0.10B,13.01%,$0.75B,$0.09B,11.55%,$0.09B,$0.72B,12.59%,$0.09B,$0.67B,13.47%,$0.09B,$3.81B,2.30%,$0.10B,$0.72B,14.18%,$191,$157,$34,$0,$0,$158,$33,$0,$33,$4,$29,$29,$29,$39,$34,$32,33,$0.91,$0.90,$72,$0,$0,$1035,$23,$2538,$45,$67,$2777,$3811,$2853,$0,$244,$244,$3097,$1,$635,$90,$715,$3811,$43,$10,$5,$15,$11,$0,$39,$-45,$5,$63,$-6,$0,$0,$0,$-99,$-99,$4,$-100,$0,$-0,$-0,$0,$0,$-4,$3,$-1,$-39,$3,$-4
14,2015-03-31,25.71,$22.26,1.16,$23.70,1.08,$12.12,2.12,$3.23,7.96,$1.02B,$2.85B,0.36,$0.00B,$0.71B,0.0,$0.76B,$0.12B,15.09%,$0.76B,$0.11B,14.83%,$0.76B,$0.12B,15.09%,$0.76B,$0.14B,17.72%,$0.76B,$0.11B,14.83%,$0.76B,$0.10B,13.65%,$0.10B,$0.71B,15.44%,$0.10B,$0.66B,16.55%,$0.10B,$3.80B,2.75%,$0.11B,$0.71B,16.77%,$177,$158,$19,$0,$0,$159,$18,$0,$18,$4,$14,$14,$14,$24,$19,$32,32,$0.44,$0.43,$54,$0,$0,$1021,$20,$2561,$45,$63,$2780,$3801,$2849,$0,$242,$242,$3091,$1,$608,$115,$710,$3801,$14,$5,$3,$8,$8,$0,$12,$-16,$3,$25,$-1,$0,$0,$0,$-83,$-83,$2,$-81,$0,$-0,$-0,$0,$0,$-2,$0,$-2,$-58,$2,$-2
15,2014-12-31,22.34,$21.81,1.02,$24.13,0.93,$12.54,1.78,$3.14,7.12,$1.09B,$2.84B,0.38,$0.00B,$0.69B,0.0,$0.77B,$0.11B,14.08%,$0.77B,$0.11B,13.82%,$0.77B,$0.11B,14.08%,$0.77B,$0.13B,16.54%,$0.77B,$0.11B,13.82%,$0.77B,$0.10B,13.05%,$0.10B,$0.69B,15.70%,$0.10B,$0.64B,16.90%,$0.10B,$3.77B,2.69%,$0.11B,$0.69B,16.63%,$193,$162,$31,$0,$0,$162,$30,$0,$30,$1,$29,$29,$29,$36,$31,$32,32,$0.92,$0.91,$114,$0,$0,$1090,$21,$2469,$45,$50,$2679,$3770,$2839,$0,$244,$244,$3083,$1,$595,$107,$687,$3770,$101,$18,$-12,$6,$54,$0,$20,$-15,$65,$172,$-11,$0,$0,$0,$-72,$-72,$-4,$-87,$0,$-11,$-11,$0,$0,$-8,$3,$-16,$69,$6,$-8
16,2014-09-30,18.24,$20.72,0.88,$24.15,0.76,$12.59,1.45,$2.67,6.83,$1.09B,$2.88B,0.38,$0.00B,$0.65B,0.0,$0.77B,$0.09B,11.00%,$0.77B,$0.08B,10.74%,$0.77B,$0.09B,11.00%,$0.77B,$0.10B,13.32%,$0.77B,$0.08B,10.74%,$0.77B,$0.09B,11.13%,$0.09B,$0.65B,14.01%,$0.09B,$0.61B,15.14%,$0.09B,$3.78B,2.31%,$0.08B,$0.65B,13.52%,$192,$175,$17,$0,$0,$176,$17,$0,$17,$1,$15,$15,$15,$22,$17,$32,32,$0.48,$0.47,$80,$0,$0,$1093,$20,$2475,$45,$47,$2686,$3779,$2875,$0,$251,$251,$3127,$1,$568,$102,$653,$3779,$72,$13,$-20,$-7,$16,$0,$41,$11,$72,$136,$-9,$0,$0,$0,$-86,$-86,$-14,$-109,$0,$0,$0,$0,$0,$-6,$3,$-3,$25,$4,$-6
17,2014-06-30,20.02,$20.50,0.98,$23.89,0.84,$12.31,1.63,$3.06,6.54,$1.08B,$2.86B,0.38,$0.00B,$0.65B,0.0,$0.76B,$0.09B,12.17%,$0.76B,$0.09B,11.78%,$0.76B,$0.09B,12.17%,$0.76B,$0.11B,14.40%,$0.76B,$0.09B,11.78%,$0.76B,$0.10B,12.96%,$0.10B,$0.65B,16.79%,$0.10B,$0.60B,18.21%,$0.10B,$3.77B,2.68%,$0.09B,$0.65B,15.26%,$200,$152,$48,$0,$0,$153,$48,$0,$48,$2,$46,$46,$46,$53,$48,$32,32,$1.45,$1.42,$45,$0,$0,$1075,$16,$2471,$46,$60,$2689,$3765,$2861,$0,$259,$259,$3119,$1,$555,$109,$645,$3765,$56,$9,$-10,$-1,$0,$0,$45,$-25,$23,$78,$-2,$0,$0,$0,$-70,$-70,$-2,$-74,$0,$0,$0,$0,$0,$-4,$3,$-1,$3,$4,$-4
18,2014-03-31,19.07,$18.74,1.02,$23.37,0.82,$12.54,1.52,$2.10,9.08,$1.10B,$2.84B,0.39,$0.00B,$0.59B,0.0,$0.75B,$0.06B,8.31%,$0.75B,$0.06B,7.77%,$0.75B,$0.06B,8.31%,$0.75B,$0.08B,10.32%,$0.75B,$0.06B,7.77%,$0.75B,$0.07B,9.12%,$0.07B,$0.59B,12.16%,$0.07B,$0.54B,13.26%,$0.07B,$3.70B,1.86%,$0.06B,$0.59B,10.38%,$189,$176,$13,$0,$0,$176,$12,$0,$12,$1,$11,$11,$11,$17,$13,$31,32,$0.34,$0.34,$60,$0,$0,$1098,$16,$2394,$46,$44,$2601,$3699,$2843,$0,$269,$269,$3111,$1,$511,$99,$588,$3699,$11,$4,$-4,$1,$-8,$0,$13,$20,$27,$39,$-2,$0,$0,$0,$-17,$-17,$-2,$-21,$0,$0,$0,$0,$0,$-2,$1,$-1,$17,$2,$-2
19,2013-12-31,29.74,$18.17,1.64,$22.77,1.31,$12.67,2.35,$2.00,14.87,$1.07B,$2.80B,0.38,$0.00B,$0.57B,0.0,$0.72B,$0.06B,7.88%,$0.72B,$0.05B,7.33%,$0.72B,$0.06B,7.88%,$0.72B,$0.07B,9.82%,$0.72B,$0.05B,7.33%,$0.72B,$0.06B,8.85%,$0.06B,$0.57B,11.66%,$0.06B,$0.52B,12.73%,$0.06B,$3.64B,1.77%,$0.05B,$0.57B,9.65%,$192,$186,$7,$0,$0,$187,$6,$0,$6,$-8,$14,$14,$14,$11,$7,$31,32,$0.46,$0.44,$41,$0,$0,$1071,$17,$2365,$46,$43,$2572,$3643,$2800,$0,$274,$274,$3075,$1,$502,$90,$569,$3643,$64,$15,$-15,$1,$7,$0,$41,$59,$102,$167,$-4,$0,$0,$0,$-255,$-255,$-1,$-260,$0,$-12,$-12,$0,$0,$-8,$7,$-13,$-106,$6,$-8
20,2013-09-30,27.89,$17.83,1.56,$21.78,1.28,$11.57,2.41,$4.38,6.37,$1.18B,$2.80B,0.42,$0.00B,$0.56B,0.0,$0.69B,$0.14B,19.83%,$0.69B,$0.13B,19.25%,$0.69B,$0.14B,19.83%,$0.69B,$0.15B,21.71%,$0.69B,$0.13B,19.25%,$0.69B,$0.14B,19.97%,$0.14B,$0.56B,25.48%,$0.14B,$0.51B,27.86%,$0.14B,$3.65B,3.85%,$0.13B,$0.56B,24.56%,$183,$158,$25,$0,$0,$159,$24,$0,$24,$-3,$28,$28,$28,$29,$25,$31,32,$0.88,$0.86,$106,$0,$0,$1178,$16,$2268,$46,$39,$2468,$3646,$2801,$0,$288,$288,$3089,$1,$490,$91,$557,$3646,$50,$11,$-5,$6,$-35,$0,$60,$44,$68,$124,$-5,$0,$0,$0,$-159,$-159,$-1,$-165,$0,$0,$0,$0,$0,$-6,$6,$0,$-41,$6,$-6
21,2013-06-30,22.88,$16.84,1.36,$20.92,1.09,$10.61,2.16,$3.78,6.05,$1.20B,$2.78B,0.43,$0.00B,$0.52B,0.0,$0.66B,$0.12B,18.06%,$0.66B,$0.12B,17.60%,$0.66B,$0.12B,18.06%,$0.66B,$0.13B,20.03%,$0.66B,$0.12B,17.60%,$0.66B,$0.12B,17.91%,$0.12B,$0.52B,22.67%,$0.12B,$0.48B,24.88%,$0.12B,$3.62B,3.30%,$0.12B,$0.52B,22.29%,$182,$165,$17,$0,$0,$166,$16,$0,$16,$1,$15,$15,$15,$20,$17,$31,32,$0.47,$0.46,$102,$0,$0,$1198,$15,$2230,$46,$31,$2420,$3617,$2779,$0,$316,$316,$3096,$1,$464,$88,$522,$3617,$22,$7,$-3,$4,$-59,$0,$68,$47,$59,$85,$-3,$0,$0,$0,$-125,$-125,$1,$-127,$0,$0,$0,$0,$0,$-4,$2,$-2,$-44,$4,$-4
22,2013-03-31,21.89,$17.72,1.24,$19.55,1.12,$9.62,2.28,$3.48,6.29,$1.20B,$2.72B,0.44,$0.00B,$0.55B,0.0,$0.62B,$0.11B,17.24%,$0.62B,$0.10B,16.75%,$0.62B,$0.11B,17.24%,$0.62B,$0.12B,19.35%,$0.62B,$0.10B,16.75%,$0.62B,$0.11B,17.56%,$0.11B,$0.55B,21.44%,$0.11B,$0.50B,23.63%,$0.11B,$3.57B,3.04%,$0.10B,$0.55B,20.45%,$166,$158,$8,$0,$0,$159,$7,$0,$7,$-0,$7,$7,$7,$11,$8,$31,31,$0.24,$0.24,$136,$0,$0,$1196,$15,$2217,$47,$30,$2378,$3574,$2718,$0,$308,$308,$3026,$1,$451,$129,$548,$3574,$7,$3,$1,$4,$-23,$0,$29,$24,$30,$42,$-1,$0,$0,$0,$-50,$-50,$1,$-51,$0,$0,$0,$0,$0,$-2,$2,$-0,$-10,$2,$-2
23,2012-12-31,19.16,$17.53,1.09,$18.22,1.05,$9.02,2.13,$3.43,5.59,$1.18B,$2.67B,0.44,$0.00B,$0.54B,0.0,$0.58B,$0.10B,17.44%,$0.58B,$0.10B,16.93%,$0.58B,$0.10B,17.44%,$0.58B,$0.11B,19.69%,$0.58B,$0.10B,16.93%,$0.58B,$0.11B,18.48%,$0.11B,$0.54B,22.14%,$0.11B,$0.49B,24.54%,$0.11B,$3.51B,3.03%,$0.10B,$0.54B,20.28%,$160,$72,$87,$0,$0,$73,$86,$0,$86,$-1,$88,$88,$88,$90,$87,$31,32,$2.80,$2.77,$146,$0,$0,$1184,$15,$2169,$47,$32,$2327,$3511,$2669,$0,$303,$303,$2972,$1,$446,$130,$539,$3511,$107,$13,$-10,$3,$74,$0,$72,$-125,$22,$131,$-5,$0,$0,$0,$-180,$-180,$1,$-184,$0,$-10,$-10,$-42,$-42,$-8,$1,$-58,$-112,$6,$-8
24,2012-09-30,17.01,$15.40,1.1,$16.88,1.01,$6.05,2.81,$1.19,14.29,$1.40B,$2.76B,0.51,$0.00B,$0.47B,0.0,$0.56B,$0.04B,7.00%,$0.56B,$0.04B,7.00%,$0.56B,$0.04B,7.54%,$0.56B,$0.06B,9.87%,$0.56B,$0.04B,7.00%,$0.56B,$0.04B,7.00%,$0.04B,$0.47B,8.41%,$0.04B,$0.43B,9.37%,$0.04B,$3.59B,1.11%,$0.04B,$0.47B,8.41%,$151,$144,$7,$0,$0,$145,$7,$0,$7,$-1,$8,$8,$8,$11,$7,$31,31,$0.25,$0.25,$249,$0,$0,$1396,$13,$2052,$47,$20,$2192,$3588,$2756,$0,$359,$359,$3115,$1,$372,$140,$473,$3588,$19,$10,$-0,$9,$-36,$0,$77,$19,$62,$91,$-5,$0,$0,$0,$-48,$-48,$1,$-52,$0,$0,$0,$-41,$-41,$-6,$-0,$-47,$-9,$4,$-6
25,2012-06-30,16.69,$14.69,1.14,$15.02,1.11,$4.16,4.01,$1.24,13.46,$1.36B,$2.72B,0.5,$0.00B,$0.46B,0.0,$0.52B,$0.04B,7.71%,$0.52B,$0.04B,7.51%,$0.52B,$0.04B,8.29%,$0.52B,$0.06B,10.79%,$0.52B,$0.04B,7.51%,$0.52B,$0.04B,8.29%,$0.04B,$0.46B,9.11%,$0.04B,$0.41B,10.14%,$0.04B,$3.54B,1.22%,$0.04B,$0.46B,8.26%,$138,$135,$4,$0,$0,$136,$3,$0,$3,$-2,$5,$5,$5,$7,$4,$32,32,$0.16,$0.16,$216,$0,$0,$1362,$12,$2034,$47,$18,$2178,$3540,$2715,$0,$371,$371,$3086,$1,$366,$125,$455,$3540,$11,$6,$-1,$6,$-35,$0,$70,$1,$37,$54,$-3,$0,$0,$0,$-52,$-52,$-1,$-56,$0,$0,$0,$-37,$-37,$-4,$-0,$-41,$-44,$3,$-4
26,2012-03-31,16.32,$14.58,1.12,$13.49,1.21,$2.82,5.79,$1.29,12.65,$1.34B,$2.67B,0.5,$0.00B,$0.47B,0.0,$0.49B,$0.04B,8.76%,$0.49B,$0.04B,8.55%,$0.49B,$0.05B,9.37%,$0.49B,$0.06B,12.22%,$0.49B,$0.04B,8.55%,$0.49B,$0.05B,9.37%,$0.05B,$0.47B,9.52%,$0.05B,$0.42B,10.57%,$0.05B,$3.51B,1.31%,$0.04B,$0.47B,8.69%,$130,$127,$3,$0,$0,$128,$2,$0,$2,$-4,$6,$6,$6,$6,$3,$33,33,$0.19,$0.19,$212,$0,$0,$1339,$12,$2025,$48,$19,$2167,$3506,$2671,$0,$369,$369,$3040,$1,$363,$122,$466,$3506,$6,$3,$-2,$1,$-15,$0,$36,$-5,$17,$24,$-2,$0,$0,$0,$-48,$-48,$-4,$-54,$0,$0,$0,$-19,$-19,$-2,$-0,$-21,$-51,$1,$-2
27,2011-12-31,16.61,$14.00,1.19,$12.19,1.36,$2.25,7.37,$1.31,12.68,$1.37B,$2.64B,0.52,$0.00B,$0.46B,0.0,$0.46B,$0.05B,10.13%,$0.46B,$0.05B,9.91%,$0.46B,$0.05B,10.78%,$0.46B,$0.07B,14.01%,$0.46B,$0.05B,9.91%,$0.46B,$0.05B,10.34%,$0.05B,$0.46B,9.83%,$0.05B,$0.41B,10.92%,$0.05B,$3.48B,1.37%,$0.05B,$0.46B,9.42%,$138,$113,$25,$0,$0,$112,$27,$0,$27,$7,$20,$20,$20,$31,$28,$37,38,$0.56,$0.57,$259,$0,$0,$1371,$11,$1970,$48,$22,$2112,$3482,$2637,$0,$383,$383,$3020,$1,$346,$117,$462,$3482,$49,$14,$-21,$-7,$-30,$0,$40,$-11,$1,$42,$-4,$0,$0,$0,$194,$194,$11,$200,$0,$-10,$-10,$-92,$-92,$-9,$1,$-110,$132,$4,$-9
28,2011-09-30,11.68,$13.97,0.84,$11.23,1.04,$2.57,4.55,$1.24,9.42,$1.31B,$2.64B,0.5,$0.00B,$0.51B,0.0,$0.44B,$0.05B,10.48%,$0.44B,$0.04B,9.57%,$0.44B,$0.05B,10.48%,$0.44B,$0.06B,14.12%,$0.44B,$0.04B,9.57%,$0.44B,$0.05B,11.16%,$0.05B,$0.51B,9.89%,$0.05B,$0.46B,10.97%,$0.05B,$3.51B,1.40%,$0.04B,$0.51B,8.48%,$113,$105,$8,$0,$0,$105,$7,$0,$7,$-4,$12,$12,$12,$12,$8,$38,38,$0.31,$0.31,$213,$0,$0,$1306,$12,$2055,$48,$29,$2208,$3514,$2635,$0,$373,$373,$3008,$1,$341,$116,$506,$3514,$28,$11,$-4,$7,$-11,$0,$57,$-41,$1,$36,$-4,$0,$0,$0,$91,$91,$11,$98,$0,$0,$0,$-41,$-41,$-7,$1,$-47,$87,$3,$-7
29,2011-06-30,15.27,$13.17,1.16,$10.71,1.43,$1.80,8.48,$1.18,12.94,$1.30B,$2.62B,0.5,$0.00B,$0.50B,0.0,$0.43B,$0.05B,11.68%,$0.43B,$0.05B,10.51%,$0.43B,$0.05B,11.68%,$0.43B,$0.06B,14.95%,$0.43B,$0.05B,10.51%,$0.43B,$0.05B,10.98%,$0.05B,$0.50B,9.38%,$0.05B,$0.45B,10.40%,$0.05B,$3.50B,1.34%,$0.05B,$0.50B,8.98%,$110,$102,$7,$0,$0,$103,$6,$0,$6,$-2,$8,$8,$8,$11,$7,$38,39,$0.21,$0.21,$207,$0,$0,$1304,$12,$2038,$49,$27,$2194,$3498,$2620,$0,$379,$379,$2999,$1,$331,$99,$499,$3498,$17,$7,$-0,$7,$-16,$0,$39,$-32,$-11,$13,$-3,$0,$0,$0,$85,$85,$12,$94,$0,$0,$0,$-21,$-21,$-5,$1,$-25,$82,$2,$-5
30,2011-03-31,18.75,$12.61,1.49,$10.21,1.84,$1.27,14.76,$1.36,13.78,$1.27B,$2.61B,0.49,$0.00B,$0.49B,0.0,$0.42B,$0.06B,15.11%,$0.42B,$0.06B,13.67%,$0.42B,$0.06B,15.11%,$0.42B,$0.08B,18.23%,$0.42B,$0.06B,13.67%,$0.42B,$0.06B,13.19%,$0.06B,$0.49B,10.86%,$0.06B,$0.44B,12.04%,$0.06B,$3.48B,1.55%,$0.06B,$0.49B,11.25%,$103,$96,$7,$0,$0,$97,$6,$0,$6,$-2,$8,$8,$8,$11,$7,$39,39,$0.22,$0.21,$179,$0,$0,$1267,$11,$2047,$49,$29,$2212,$3479,$2611,$0,$383,$383,$2994,$1,$325,$81,$486,$3479,$8,$4,$-3,$1,$-8,$0,$20,$-15,$-4,$5,$-1,$0,$0,$0,$48,$48,$6,$52,$0,$0,$0,$-9,$-9,$-2,$1,$-10,$47,$1,$-2
31,2010-12-31,15.81,$12.58,1.26,$9.91,1.6,$1.19,13.32,$1.53,10.34,$1.22B,$2.60B,0.47,$0.00B,$0.49B,0.0,$0.42B,$0.07B,17.59%,$0.42B,$0.07B,16.14%,$0.42B,$0.07B,17.59%,$0.42B,$0.09B,20.72%,$0.42B,$0.07B,16.14%,$0.42B,$0.06B,15.18%,$0.06B,$0.49B,12.30%,$0.06B,$0.44B,13.63%,$0.06B,$3.48B,1.76%,$0.07B,$0.49B,13.08%,$113,$89,$24,$0,$0,$90,$23,$0,$23,$2,$21,$21,$21,$28,$24,$41,41,$0.51,$0.51,$137,$0,$0,$1217,$12,$2104,$49,$28,$2263,$3480,$2602,$0,$388,$388,$2990,$1,$319,$84,$490,$3480,$63,$13,$-9,$4,$108,$0,$-20,$-99,$-11,$57,$-2,$0,$0,$0,$-47,$-47,$-2,$-51,$0,$0,$0,$-64,$-64,$-10,$-1,$-75,$-69,$4,$-10
32,2010-09-30,14.21,$13.28,1.07,$9.60,1.48,$0.64,22.14,$1.28,11.1,$1.26B,$2.66B,0.47,$0.00B,$0.53B,0.0,$0.41B,$0.07B,15.70%,$0.41B,$0.06B,14.01%,$0.41B,$0.07B,15.70%,$0.41B,$0.08B,18.60%,$0.41B,$0.06B,14.01%,$0.41B,$0.05B,12.80%,$0.05B,$0.53B,10.31%,$0.05B,$0.48B,11.43%,$0.05B,$3.58B,1.46%,$0.06B,$0.53B,11.28%,$102,$90,$12,$0,$0,$92,$10,$0,$10,$0,$10,$10,$10,$14,$12,$41,41,$0.25,$0.25,$144,$0,$0,$1260,$13,$2105,$50,$108,$2323,$3583,$2657,$0,$398,$398,$3054,$1,$302,$127,$529,$3583,$43,$10,$3,$13,$70,$0,$-4,$-110,$-50,$6,$-2,$0,$0,$0,$7,$7,$-2,$3,$0,$0,$0,$-50,$-50,$-8,$-1,$-59,$-50,$3,$-8
33,2010-06-30,13.22,$12.51,1.06,$9.86,1.34,$1.48,8.93,$1.70,7.78,$1.35B,$2.69B,0.5,$0.00B,$0.52B,0.0,$0.44B,$0.09B,20.64%,$0.44B,$0.08B,19.04%,$0.44B,$0.09B,20.64%,$0.44B,$0.10B,23.85%,$0.44B,$0.08B,19.04%,$0.44B,$0.07B,16.97%,$0.07B,$0.52B,14.42%,$0.07B,$0.47B,16.02%,$0.07B,$3.61B,2.01%,$0.08B,$0.52B,16.17%,$99,$80,$20,$0,$0,$81,$18,$0,$18,$2,$16,$16,$16,$23,$20,$42,43,$0.39,$0.39,$193,$0,$0,$1347,$14,$2035,$50,$107,$2267,$3614,$2691,$0,$402,$402,$3093,$1,$294,$100,$521,$3614,$33,$7,$3,$10,$31,$0,$-7,$-73,$-52,$-10,$-2,$0,$0,$0,$41,$41,$-2,$37,$0,$0,$0,$-22,$-22,$-5,$-1,$-28,$-1,$2,$-5
34,2010-03-31,13.28,$11.92,1.11,$10.26,1.29,$2.56,5.18,$1.75,7.59,$1.36B,$2.73B,0.5,$0.00B,$0.51B,0.0,$0.46B,$0.10B,20.47%,$0.46B,$0.09B,19.18%,$0.46B,$0.10B,20.47%,$0.46B,$0.11B,23.71%,$0.46B,$0.09B,19.18%,$0.46B,$0.08B,16.81%,$0.08B,$0.51B,15.58%,$0.08B,$0.46B,17.38%,$0.08B,$3.65B,2.10%,$0.09B,$0.51B,17.77%,$101,$84,$17,$0,$0,$86,$16,$0,$16,$-1,$16,$16,$16,$21,$17,$43,43,$0.38,$0.38,$190,$0,$0,$1359,$14,$2049,$51,$109,$2293,$3652,$2733,$0,$409,$409,$3142,$1,$280,$85,$509,$3652,$16,$3,$7,$11,$16,$0,$0,$-35,$-25,$2,$-1,$0,$0,$0,$5,$5,$-0,$4,$0,$0,$0,$-4,$-4,$-3,$-1,$-8,$-1,$1,$-3
35,2009-12-31,13.66,$11.62,1.18,$10.63,1.28,$3.14,4.35,$1.80,7.59,$1.38B,$2.76B,0.5,$0.00B,$0.50B,0.0,$0.50B,$0.10B,20.16%,$0.50B,$0.09B,18.75%,$0.50B,$0.10B,20.16%,$0.50B,$0.12B,23.19%,$0.50B,$0.09B,18.75%,$0.50B,$0.08B,16.73%,$0.08B,$0.50B,16.99%,$0.08B,$0.45B,19.05%,$0.08B,$3.68B,2.22%,$0.09B,$0.50B,19.04%,$112,$96,$16,$0,$0,$98,$14,$0,$14,$3,$11,$11,$11,$19,$16,$46,46,$0.26,$0.26,$192,$0,$0,$1376,$13,$2053,$52,$106,$2300,$3677,$2764,$0,$414,$414,$3178,$1,$266,$84,$498,$3677,$83,$15,$28,$42,$51,$0,$-50,$-93,$-85,$41,$-5,$0,$-0,$0,$88,$88,$3,$86,$0,$-50,$-50,$-74,$-74,$-11,$-0,$-135,$-9,$5,$-11
36,2009-09-30,13.73,$11.86,1.16,$10.65,1.29,$3.64,3.77,$1.86,7.38,$1.40B,$2.85B,0.49,$0.00B,$0.53B,0.0,$0.50B,$0.10B,19.64%,$0.50B,$0.09B,18.25%,$0.50B,$0.10B,19.64%,$0.50B,$0.11B,22.22%,$0.50B,$0.09B,18.25%,$0.50B,$0.09B,17.46%,$0.09B,$0.53B,18.52%,$0.09B,$0.47B,20.88%,$0.09B,$3.79B,2.33%,$0.09B,$0.53B,19.36%,$124,$87,$37,$0,$0,$89,$35,$0,$35,$5,$31,$31,$31,$41,$37,$45,45,$0.68,$0.67,$213,$0,$0,$1401,$13,$2138,$52,$113,$2388,$3790,$2847,$0,$418,$418,$3265,$1,$258,$100,$525,$3790,$72,$12,$18,$30,$48,$0,$-35,$-72,$-55,$46,$-4,$0,$-0,$0,$30,$30,$0,$25,$0,$0,$0,$-54,$-54,$-8,$-0,$-62,$10,$4,$-8
37,2009-06-30,11.97,$10.29,1.16,$9.75,1.23,$3.75,3.19,$1.86,6.44,$1.37B,$2.83B,0.49,$0.00B,$0.47B,0.0,$0.47B,$0.10B,20.21%,$0.47B,$0.09B,19.15%,$0.47B,$0.10B,20.21%,$0.47B,$0.11B,22.77%,$0.47B,$0.09B,19.15%,$0.47B,$0.09B,19.15%,$0.09B,$0.47B,20.33%,$0.09B,$0.42B,22.37%,$0.09B,$3.73B,2.47%,$0.09B,$0.47B,20.33%,$127,$102,$25,$0,$0,$103,$24,$0,$24,$3,$20,$20,$20,$29,$25,$46,47,$0.44,$0.44,$217,$0,$0,$1374,$13,$2083,$53,$110,$2355,$3729,$2829,$0,$429,$429,$3258,$1,$230,$54,$471,$3729,$41,$8,$17,$25,$23,$0,$-12,$-42,$-26,$41,$-3,$0,$-0,$0,$14,$14,$0,$11,$0,$0,$0,$-31,$-31,$-6,$-0,$-37,$14,$2,$-6
38,2009-03-31,8.38,$9.74,0.86,$8.89,0.94,$3.75,2.24,$1.97,4.26,$1.37B,$2.87B,0.48,$0.00B,$0.46B,0.0,$0.44B,$0.11B,24.31%,$0.44B,$0.10B,23.39%,$0.44B,$0.11B,24.31%,$0.44B,$0.12B,26.83%,$0.44B,$0.10B,23.39%,$0.44B,$0.10B,22.25%,$0.10B,$0.46B,22.85%,$0.10B,$0.41B,24.42%,$0.10B,$3.77B,2.77%,$0.10B,$0.46B,24.03%,$133,$111,$22,$0,$0,$113,$20,$0,$20,$-1,$21,$21,$21,$26,$22,$49,49,$0.43,$0.43,$190,$0,$0,$1372,$13,$2106,$54,$116,$2392,$3765,$2872,$0,$433,$433,$3305,$1,$212,$45,$460,$3765,$21,$4,$15,$20,$-2,$0,$6,$-15,$-10,$31,$-1,$0,$-0,$0,$-26,$-26,$0,$-27,$0,$0,$0,$-13,$-13,$-3,$0,$-16,$-12,$1,$-3
39,2008-12-31,14.4,$9.11,1.58,$8.04,1.79,$3.63,3.97,$2.05,7.02,$1.44B,$2.94B,0.49,$0.00B,$0.45B,0.0,$0.40B,$0.12B,28.97%,$0.40B,$0.11B,28.46%,$0.40B,$0.12B,28.97%,$0.40B,$0.13B,31.49%,$0.40B,$0.11B,28.46%,$0.40B,$0.10B,25.44%,$0.10B,$0.45B,24.72%,$0.10B,$0.39B,25.59%,$0.10B,$3.83B,3.01%,$0.11B,$0.45B,27.66%,$120,$105,$15,$0,$0,$107,$13,$0,$13,$-3,$16,$16,$16,$16,$15,$49,49,$0.34,$0.34,$203,$0,$0,$1441,$14,$2067,$54,$126,$2384,$3825,$2940,$0,$440,$440,$3380,$1,$195,$33,$445,$3825,$102,$13,$19,$32,$65,$0,$-29,$-83,$-67,$67,$-4,$0,$-169,$0,$38,$38,$-0,$-135,$0,$147,$147,$-14,$-14,$-12,$-0,$121,$53,$3,$-12
40,2008-09-30,15.1,$8.08,1.87,$7.63,1.98,$4.56,3.31,$2.37,6.37,$1.37B,$2.45B,0.56,$0.00B,$0.40B,0.0,$0.38B,$0.14B,36.91%,$0.38B,$0.14B,36.91%,$0.38B,$0.14B,36.91%,$0.38B,$0.15B,40.31%,$0.38B,$0.14B,36.91%,$0.38B,$0.12B,30.63%,$0.12B,$0.40B,29.85%,$0.12B,$0.40B,29.85%,$0.12B,$3.27B,3.66%,$0.14B,$0.40B,35.97%,$90,$58,$33,$0,$0,$58,$33,$0,$33,$-0,$33,$33,$33,$36,$33,$49,49,$0.67,$0.67,$312,$0,$0,$1372,$19,$1669,$0,$110,$1893,$3265,$2445,$0,$423,$425,$2871,$1,$182,$-4,$395,$3265,$86,$10,$4,$14,$41,$0,$-9,$-65,$-45,$55,$-4,$0,$-1,$0,$-14,$-14,$0,$-20,$0,$150,$150,$-14,$-14,$-9,$-0,$127,$162,$2,$-9
41,2008-06-30,17.92,$8.09,2.22,$7.89,2.27,$5.03,3.56,$2.28,7.86,$1.22B,$2.31B,0.53,$0.00B,$0.40B,0.0,$0.40B,$0.14B,35.41%,$0.40B,$0.14B,35.41%,$0.40B,$0.14B,35.41%,$0.40B,$0.16B,38.65%,$0.40B,$0.14B,35.41%,$0.40B,$0.11B,28.43%,$0.11B,$0.40B,30.10%,$0.11B,$0.40B,30.10%,$0.11B,$3.15B,3.59%,$0.14B,$0.40B,37.49%,$93,$57,$36,$0,$0,$57,$36,$0,$36,$8,$27,$27,$27,$39,$36,$49,49,$0.55,$0.55,$153,$0,$0,$1219,$14,$1727,$0,$107,$1929,$3148,$2313,$0,$427,$437,$2750,$1,$151,$24,$398,$3148,$53,$7,$7,$13,$31,$0,$-7,$-44,$-23,$43,$-3,$0,$-1,$0,$-23,$-23,$0,$-27,$0,$0,$0,$-7,$-7,$-6,$-0,$-13,$3,$1,$-6
42,2008-03-31,16.0,$7.99,2.0,$7.96,2.01,$5.16,3.1,$2.31,6.93,$1.26B,$2.34B,0.54,$0.00B,$0.40B,0.0,$0.41B,$0.15B,35.68%,$0.41B,$0.15B,35.68%,$0.41B,$0.15B,35.68%,$0.41B,$0.16B,38.83%,$0.41B,$0.15B,35.68%,$0.41B,$0.12B,28.64%,$0.12B,$0.40B,31.91%,$0.12B,$0.40B,31.91%,$0.12B,$3.18B,3.70%,$0.15B,$0.40B,39.76%,$94,$63,$31,$0,$0,$63,$31,$0,$31,$5,$25,$25,$25,$34,$31,$50,50,$0.51,$0.51,$178,$0,$0,$1262,$14,$1719,$0,$110,$1917,$3180,$2341,$0,$431,$442,$2783,$1,$127,$41,$396,$3180,$25,$3,$5,$8,$14,$0,$-1,$-17,$-8,$26,$-2,$0,$-1,$0,$9,$9,$0,$6,$0,$0,$0,$-1,$-1,$-3,$0,$-4,$28,$1,$-3
43,2007-12-31,14.37,$7.65,1.88,$8.16,1.76,$5.00,2.87,$2.33,6.17,$1.25B,$2.36B,0.53,$0.00B,$0.38B,0.0,$0.43B,$0.15B,35.12%,$0.43B,$0.15B,35.12%,$0.43B,$0.15B,35.12%,$0.43B,$0.16B,38.14%,$0.43B,$0.15B,35.12%,$0.43B,$0.11B,26.51%,$0.11B,$0.38B,31.78%,$0.11B,$0.38B,31.78%,$0.11B,$3.19B,3.56%,$0.15B,$0.38B,42.09%,$105,$64,$41,$0,$0,$64,$41,$0,$41,$9,$32,$32,$32,$45,$41,$52,52,$0.63,$0.63,$150,$0,$0,$1248,$14,$1746,$0,$109,$1944,$3191,$2362,$0,$436,$450,$2812,$1,$105,$47,$379,$3191,$120,$13,$4,$17,$61,$0,$-18,$-49,$-17,$120,$-5,$0,$0,$0,$15,$15,$0,$10,$0,$0,$0,$-75,$-75,$-9,$24,$-61,$70,$2,$-9
