,Date,Stock Price,Book Value per Share,Price to Book Ratio,TTM Sales per Share,Price to Sales Ratio,TTM FCF per Share,Price to FCF Ratio,TTM Net EPS,PE Ratio,Current Assets,Current Liabilities,Current Ratio,Long Term Debt,Shareholder's Equity_x,Debt to Equity Ratio,TTM Revenue_x,TTM Gross Profit,Gross Margin,TTM Revenue_y,TTM Operating Income,Operating Margin,TTM Revenue_x,TTM EBIT,EBIT Margin,TTM Revenue_y,TTM EBITDA,EBITDA Margin,TTM Revenue_x,TTM Pre-Tax Income,Pre-Tax Margin,TTM Revenue_y,TTM Net Income_x,Net Margin,TTM Net Income_y,Shareholder's Equity_y,Return on Equity,TTM Net Income_x,Tangible Equity,Return on Tangible Equity,TTM Net Income_y,Total Assets,Return on Assets,TTM Net Income,LT Investments & Debt,Return on Investment,revenue,cost-goods-sold,gross-profit,research-development-expenses,selling-general-administrative-expenses,operating-expenses,operating-income,total-non-operating-income-expense,pre-tax-income,total-provision-income-taxes,income-after-taxes,income-from-continuous-operations,net-income,ebitda,ebit,basic-shares-outstanding,shares-outstanding,eps-basic-net-earnings-per-share,eps-earnings-per-share-diluted,cash-on-hand,inventory,other-current-assets,total-current-assets,net-property-plant-equipment,long-term-investments,goodwill-intangible-assets-total,other-long-term-assets,total-long-term-assets,total-assets,total-current-liabilities,long-term-debt,other-non-current-liabilities,total-long-term-liabilities,total-liabilities,common-stock-net,retained-earnings-accumulated-deficit,comprehensive-income,total-share-holder-equity,total-liabilities-share-holders-equity,net-income-loss,total-depreciation-amortization-cash-flow,other-non-cash-items,total-non-cash-items,change-in-accounts-receivable,change-in-inventories,change-in-accounts-payable,change-in-assets-liabilities,total-change-in-assets-liabilities,cash-flow-from-operating-activities,net-change-in-property-plant-equipment,net-change-in-intangible-assets,net-acquisitions-divestitures,net-change-in-short-term-investments,net-change-in-long-term-investments,net-change-in-investments-total,investing-activities-other,cash-flow-from-investing-activities,net-long-term-debt,net-current-debt,debt-issuance-retirement-net-total,net-common-equity-issued-repurchased,net-total-equity-issued-repurchased,total-common-preferred-stock-dividends-paid,financial-activities-other,cash-flow-from-financial-activities,net-cash-flow,stock-based-compensation,common-stock-dividends-paid
0,2018-09-30,12.0,$1.77,6.79,0.0,0.0,$-8.71,0.0,$-3.97,0.0,$0.07B,$0.02B,4.59,$0.02B,$0.03B,0.56,$0.00B,0,nan%,$0.00B,$-0.05B,inf%,$0.00B,$-0.05B,inf%,$0.00B,$-0.05B,inf%,$0.00B,$-0.05B,inf%,$0.00B,$-0.05B,inf%,$-0.05B,$0.03B,-155.37%,$-0.05B,$0.03B,-155.37%,$-0.05B,$0.07B,-85.84%,$-0.05B,$0.05B,-103.30%,$0,$0,$0,$13,$4,$17,$-17,$-0,$-17,$0,$-17,$-17,$-17,$-17,$-17,$14,14,$-1.20,$-1.20,$65,$0,$0,$67,$0,$0,$0,$0,$1,$67,$15,$19,$0,$19,$34,$0,$-155,$-0,$34,$67,$-36,$-0,$4,$4,$0,$0,$3,$-1,$2,$-30,$-0,$0,$0,$-38,$0,$-38,$0,$-38,$10,$0,$10,$43,$43,$0,$0,$53,$-15,$3,$0
1,2018-06-30,12.2,$3.46,3.53,0.0,0.0,$-9.93,0.0,$-3.87,0.0,$0.08B,$0.01B,8.49,$0.02B,$0.05B,0.35,$0.00B,0,nan%,$0.00B,$-0.04B,inf%,$0.00B,$-0.04B,inf%,$0.00B,$-0.04B,inf%,$0.00B,$-0.04B,inf%,$0.00B,$-0.04B,inf%,$-0.04B,$0.05B,-156.00%,$-0.04B,$0.05B,-156.00%,$-0.04B,$0.08B,-84.32%,$-0.04B,$0.07B,-99.36%,$0,$0,$0,$6,$3,$10,$-10,$-0,$-10,$0,$-10,$-10,$-10,$-10,$-10,$12,12,$-0.82,$-0.82,$73,$0,$0,$75,$0,$0,$0,$0,$0,$75,$9,$17,$0,$17,$26,$0,$-138,$-0,$49,$75,$-19,$-0,$3,$3,$0,$0,$1,$-1,$-0,$-16,$-0,$0,$0,$-30,$0,$-30,$0,$-30,$5,$0,$5,$43,$43,$0,$0,$48,$1,$2,$0
2,2018-03-31,9.85,$1.40,7.05,0.0,0.0,$-10.95,0.0,$-4.38,0.0,$0.03B,$0.01B,4.51,$0.01B,$0.02B,0.81,$0.00B,0,nan%,$0.00B,$-0.04B,inf%,$0.00B,$-0.04B,inf%,$0.00B,$-0.04B,inf%,$0.00B,$-0.04B,inf%,$0.00B,$-0.04B,inf%,$-0.04B,$0.02B,-222.22%,$-0.04B,$0.02B,-222.22%,$-0.04B,$0.03B,-105.96%,$-0.04B,$0.03B,-125.98%,$0,$0,$0,$6,$3,$9,$-9,$-0,$-9,$0,$-9,$-9,$-9,$-8,$-9,$11,11,$-0.84,$-0.84,$33,$0,$0,$34,$0,$0,$0,$0,$0,$34,$8,$12,$0,$12,$19,$0,$-128,$0,$15,$34,$-9,$0,$1,$1,$0,$0,$-0,$0,$-1,$-9,$0,$0,$0,$0,$10,$10,$0,$10,$0,$0,$0,$0,$0,$0,$0,$0,$1,$1,$0
3,2017-12-31,13.95,$2.14,6.52,0.0,0.0,$-11.45,0.0,$-4.88,0.0,$0.04B,$0.01B,5.85,$0.01B,$0.02B,0.58,$0.00B,0,nan%,$0.00B,$-0.04B,inf%,$0.00B,$-0.04B,inf%,$0.00B,$-0.04B,inf%,$0.00B,$-0.04B,inf%,$0.00B,$-0.04B,inf%,$-0.04B,$0.02B,-190.91%,$-0.04B,$0.02B,-190.91%,$-0.04B,$0.04B,-100.60%,$-0.04B,$0.04B,-115.07%,$0,$0,$0,$8,$3,$11,$-11,$-0,$-11,$0,$-11,$-11,$-11,$-11,$-11,$9,9,$-1.09,$-1.09,$42,$0,$0,$42,$0,$0,$0,$0,$0,$43,$7,$13,$0,$13,$20,$0,$-119,$-0,$23,$43,$-42,$-0,$4,$4,$0,$0,$1,$-0,$-0,$-38,$-0,$0,$0,$23,$0,$23,$0,$23,$0,$0,$0,$20,$20,$0,$0,$20,$4,$4,$0
4,2017-09-30,11.0,$1.19,9.21,0.0,0.0,$-13.38,0.0,$-5.30,0.0,$0.03B,$0.01B,5.78,$0.02B,$0.01B,1.19,$0.00B,0,nan%,$0.00B,$-0.04B,inf%,$0.00B,$-0.04B,inf%,$0.00B,$-0.04B,inf%,$0.00B,$-0.04B,inf%,$0.00B,$-0.04B,inf%,$-0.04B,$0.01B,-166.04%,$-0.04B,$0.01B,-166.04%,$-0.04B,$0.03B,-95.14%,$-0.04B,$0.03B,-106.67%,$0,$0,$0,$6,$3,$9,$-9,$-0,$-9,$0,$-9,$-9,$-9,$-9,$-9,$8,8,$-1.10,$-1.10,$32,$0,$0,$33,$0,$0,$0,$0,$0,$33,$6,$15,$0,$15,$21,$0,$-108,$-0,$13,$33,$-32,$-0,$3,$3,$0,$0,$2,$-0,$0,$-28,$-0,$0,$0,$13,$0,$13,$0,$13,$0,$0,$0,$0,$0,$0,$0,$0,$-15,$3,$0
5,2017-06-30,7.9,$2.47,3.2,0.0,0.0,$-13.56,0.0,$-5.69,0.0,$0.04B,$0.01B,7.01,$0.02B,$0.02B,0.72,$0.00B,0,nan%,$0.00B,$-0.05B,inf%,$0.00B,$-0.05B,inf%,$0.00B,$-0.05B,inf%,$0.00B,$-0.05B,inf%,$0.00B,$-0.05B,inf%,$-0.05B,$0.02B,-126.90%,$-0.05B,$0.02B,-126.90%,$-0.05B,$0.04B,-88.04%,$-0.05B,$0.04B,-97.35%,$0,$0,$0,$8,$3,$11,$-11,$-0,$-11,$0,$-11,$-11,$-11,$-11,$-11,$8,8,$-1.33,$-1.33,$40,$0,$0,$41,$0,$0,$0,$0,$0,$41,$6,$15,$0,$15,$21,$0,$-99,$-0,$21,$41,$-22,$-0,$2,$2,$0,$0,$2,$-0,$0,$-20,$-0,$0,$0,$3,$0,$3,$0,$3,$0,$0,$0,$0,$0,$0,$0,$0,$-17,$2,$0
6,2017-03-31,11.45,$3.69,3.1,0.0,0.0,$-13.94,0.0,$-6.23,0.0,$0.05B,$0.00B,12.1,$0.02B,$0.03B,0.48,$0.00B,0,nan%,$0.00B,$-0.05B,inf%,$0.00B,$-0.05B,inf%,$0.00B,$-0.05B,inf%,$0.00B,$-0.05B,inf%,$0.00B,$-0.05B,inf%,$-0.05B,$0.03B,-114.29%,$-0.05B,$0.03B,-114.29%,$-0.05B,$0.05B,-89.30%,$-0.05B,$0.05B,-97.46%,$0,$0,$0,$7,$4,$11,$-11,$-0,$-11,$0,$-11,$-11,$-11,$-11,$-11,$8,8,$-1.34,$-1.34,$49,$0,$0,$50,$0,$0,$0,$0,$0,$50,$4,$15,$0,$15,$19,$0,$-88,$-0,$31,$50,$-11,$-0,$1,$1,$0,$0,$1,$0,$-1,$-11,$-0,$0,$0,$0,$-2,$-2,$0,$-2,$0,$0,$0,$0,$0,$0,$0,$0,$-13,$1,$0
7,2016-12-31,11.65,$4.87,2.39,0.0,0.0,$-16.60,0.0,$-15.31,0.0,$0.06B,$0.01B,11.44,$0.02B,$0.04B,0.36,$0.00B,0,nan%,$0.00B,$-0.05B,inf%,$0.00B,$-0.05B,inf%,$0.00B,$-0.05B,inf%,$0.00B,$-0.05B,inf%,$0.00B,$-0.05B,inf%,$-0.05B,$0.04B,-98.43%,$-0.05B,$0.04B,-98.43%,$-0.05B,$0.06B,-82.82%,$-0.05B,$0.06B,-89.76%,$0,$0,$0,$9,$4,$13,$-13,$0,$-13,$0,$-13,$-13,$-13,$-13,$-13,$6,6,$5.94,$5.94,$60,$0,$0,$61,$0,$0,$0,$0,$0,$61,$5,$15,$0,$15,$20,$0,$-76,$-0,$41,$61,$-47,$-0,$7,$7,$0,$0,$1,$0,$2,$-38,$-0,$0,$0,$-32,$0,$-32,$28,$-4,$15,$0,$15,$50,$50,$0,$0,$65,$23,$3,$0
