,Date,Stock Price,Book Value per Share,Price to Book Ratio,TTM Sales per Share,Price to Sales Ratio,TTM FCF per Share,Price to FCF Ratio,TTM Net EPS,PE Ratio,Current Assets,Current Liabilities,Current Ratio,Long Term Debt,Shareholder's Equity_x,Debt to Equity Ratio,TTM Revenue_x,TTM Gross Profit,Gross Margin,TTM Revenue_y,TTM Operating Income,Operating Margin,TTM Revenue_x,TTM EBIT,EBIT Margin,TTM Revenue_y,TTM EBITDA,EBITDA Margin,TTM Revenue_x,TTM Pre-Tax Income,Pre-Tax Margin,TTM Revenue_y,TTM Net Income_x,Net Margin,TTM Net Income_y,Shareholder's Equity_y,Return on Equity,TTM Net Income_x,Tangible Equity,Return on Tangible Equity,TTM Net Income_y,Total Assets,Return on Assets,TTM Net Income,LT Investments & Debt,Return on Investment,revenue,cost-goods-sold,gross-profit,research-development-expenses,selling-general-administrative-expenses,operating-expenses,operating-income,total-non-operating-income-expense,pre-tax-income,total-provision-income-taxes,income-after-taxes,income-from-continuous-operations,net-income,ebitda,ebit,basic-shares-outstanding,shares-outstanding,eps-basic-net-earnings-per-share,eps-earnings-per-share-diluted,cash-on-hand,inventory,other-current-assets,total-current-assets,net-property-plant-equipment,long-term-investments,goodwill-intangible-assets-total,other-long-term-assets,total-long-term-assets,total-assets,total-current-liabilities,long-term-debt,other-non-current-liabilities,total-long-term-liabilities,total-liabilities,common-stock-net,retained-earnings-accumulated-deficit,comprehensive-income,total-share-holder-equity,total-liabilities-share-holders-equity,net-income-loss,total-depreciation-amortization-cash-flow,other-non-cash-items,total-non-cash-items,change-in-accounts-receivable,change-in-inventories,change-in-accounts-payable,change-in-assets-liabilities,total-change-in-assets-liabilities,cash-flow-from-operating-activities,net-change-in-property-plant-equipment,net-change-in-intangible-assets,net-acquisitions-divestitures,net-change-in-short-term-investments,net-change-in-long-term-investments,net-change-in-investments-total,investing-activities-other,cash-flow-from-investing-activities,net-long-term-debt,net-current-debt,debt-issuance-retirement-net-total,net-common-equity-issued-repurchased,net-total-equity-issued-repurchased,total-common-preferred-stock-dividends-paid,financial-activities-other,cash-flow-from-financial-activities,net-cash-flow,stock-based-compensation,common-stock-dividends-paid
0,2018-09-30,67.68,$43.86,1.54,$39.32,1.72,$-7.43,0.0,$1.42,47.66,$3.38B,$4.72B,0.72,$14.63B,$14.29B,1.02,$12.87B,$7.39B,57.45%,$12.87B,$1.49B,11.56%,$12.87B,$1.49B,11.56%,$12.87B,$3.65B,28.37%,$12.87B,$0.96B,7.44%,$12.87B,$0.46B,3.59%,$0.46B,$14.29B,3.30%,$0.46B,$14.29B,3.30%,$0.46B,$53.56B,0.88%,$1.49B,$28.92B,5.44%,$4269,$2306,$1963,$0,$771,$3530,$739,$-112,$627,$83,$544,$544,$513,$1304,$739,$326,327,$1.57,$1.57,$71,$261,$1652,$3383,$40412,$59,$0,$333,$50180,$53563,$4719,$14629,$13986,$34555,$39274,$2541,$9597,$-42,$14289,$53563,$1084,$1639,$165,$1804,$-325,$-25,$20,$-424,$-617,$2271,$-3241,$0,$78,$0,$86,$86,$64,$-3013,$3237,$-2882,$355,$20,$20,$-687,$1,$-311,$-1053,$0,$-687
1,2018-06-30,63.27,$42.88,1.48,$37.46,1.69,$-4.39,0.0,$1.28,49.43,$3.26B,$4.92B,0.66,$13.85B,$13.97B,0.99,$12.27B,$7.32B,59.64%,$12.27B,$1.30B,10.61%,$12.27B,$1.30B,10.61%,$12.27B,$3.44B,28.06%,$12.27B,$0.76B,6.21%,$12.27B,$0.42B,3.41%,$0.42B,$13.97B,2.97%,$0.42B,$13.97B,2.97%,$0.42B,$52.82B,0.79%,$1.30B,$27.82B,4.88%,$2815,$1112,$1703,$0,$816,$2395,$420,$-131,$289,$-9,$298,$298,$276,$1015,$420,$326,327,$0.85,$0.84,$99,$252,$1705,$3257,$39831,$84,$0,$332,$49563,$52820,$4922,$13845,$14401,$33926,$38848,$2537,$9286,$-44,$13972,$52820,$540,$1074,$57,$1131,$-58,$-14,$-4,$-468,$-454,$1217,$-2159,$0,$78,$0,$73,$73,$20,$-1988,$2417,$-2244,$173,$9,$9,$-454,$18,$-254,$-1025,$0,$-454
2,2018-03-31,63.06,$42.63,1.48,$37.87,1.67,$-2.49,0.0,$1.29,48.88,$2.99B,$4.65B,0.64,$13.37B,$13.89B,0.96,$12.42B,$7.41B,59.62%,$12.42B,$1.35B,10.88%,$12.42B,$1.35B,10.88%,$12.42B,$3.43B,27.58%,$12.42B,$0.81B,6.51%,$12.42B,$0.42B,3.39%,$0.42B,$13.89B,2.95%,$0.42B,$13.89B,2.95%,$0.42B,$51.94B,0.80%,$1.35B,$27.26B,5.13%,$2564,$926,$1638,$0,$782,$2234,$330,$-119,$211,$-31,$242,$242,$218,$809,$330,$326,327,$0.67,$0.67,$105,$247,$1716,$2992,$39235,$81,$0,$369,$48951,$51943,$4647,$13367,$14446,$33407,$38054,$2531,$9211,$-46,$13889,$51943,$242,$479,$65,$544,$77,$-7,$-216,$57,$73,$859,$-1137,$0,$0,$0,$24,$24,$16,$-1097,$1783,$-2302,$-519,$-8,$-8,$-233,$15,$-745,$-1026,$0,$-233
3,2017-12-31,62.05,$42.56,1.46,$37.51,1.65,$-1.82,0.0,$1.72,36.07,$3.73B,$7.07B,0.53,$11.64B,$13.87B,0.84,$12.32B,$7.45B,60.45%,$12.32B,$1.49B,12.12%,$12.32B,$1.49B,12.12%,$12.32B,$3.61B,29.29%,$12.32B,$0.95B,7.70%,$12.32B,$0.57B,4.59%,$0.57B,$13.87B,3.93%,$0.57B,$13.87B,3.93%,$0.57B,$52.58B,1.07%,$1.49B,$25.51B,5.74%,$3220,$1131,$2089,$0,$869,$3221,$-1,$-169,$-170,$364,$-534,$-534,$-545,$523,$-1,$326,328,$-1.66,$-1.67,$1091,$242,$1222,$3729,$39050,$73,$0,$374,$48851,$52580,$7068,$11642,$14475,$31646,$38714,$2526,$9188,$-43,$13866,$52580,$668,$2115,$1171,$3286,$-243,$-12,$50,$-162,$-367,$3587,$-3828,$0,$0,$0,$197,$197,$32,$-3599,$948,$1084,$2032,$-178,$-191,$-832,$-2,$1007,$995,$0,$-832
4,2017-09-30,75.0,$44.84,1.67,$36.44,2.06,$-2.53,0.0,$4.43,16.93,$2.76B,$5.41B,0.51,$11.64B,$14.61B,0.8,$11.99B,$7.29B,60.85%,$11.99B,$2.06B,17.20%,$11.99B,$2.06B,17.20%,$11.99B,$4.18B,34.84%,$11.99B,$1.55B,12.90%,$11.99B,$1.44B,12.01%,$1.44B,$14.61B,9.95%,$1.44B,$14.61B,9.95%,$1.44B,$53.59B,2.75%,$2.06B,$26.25B,8.01%,$3672,$1783,$1889,$0,$819,$3119,$553,$-121,$432,$-69,$501,$501,$470,$1096,$553,$326,328,$1.43,$1.44,$117,$229,$1128,$2758,$37961,$72,$0,$358,$50834,$53592,$5409,$11638,$11403,$33573,$38982,$2520,$9944,$-48,$14610,$53592,$1202,$1591,$51,$1642,$-387,$10,$-11,$370,$-146,$2698,$-2674,$0,$0,$0,$117,$117,$54,$-2503,$2236,$-1583,$653,$201,$189,$-630,$-388,$-176,$19,$0,$-630
5,2017-06-30,75.47,$45.43,1.66,$36.66,2.06,$-3.43,0.0,$4.27,17.67,$2.55B,$4.60B,0.55,$11.66B,$14.80B,0.79,$12.08B,$7.45B,61.69%,$12.08B,$2.20B,18.25%,$12.08B,$2.20B,18.25%,$12.08B,$4.33B,35.80%,$12.08B,$1.69B,13.95%,$12.08B,$1.39B,11.51%,$1.39B,$14.80B,9.71%,$1.39B,$14.80B,9.71%,$1.39B,$52.75B,2.68%,$2.20B,$26.46B,8.72%,$2965,$1175,$1790,$0,$792,$2495,$470,$-135,$335,$26,$309,$309,$278,$998,$470,$326,329,$0.85,$0.85,$98,$235,$1380,$2546,$37512,$87,$0,$377,$50207,$52753,$4602,$11662,$11591,$33351,$37953,$2515,$9679,$-48,$14800,$52753,$701,$1048,$-17,$1031,$-114,$8,$34,$-182,$-294,$1438,$-1759,$0,$0,$0,$73,$73,$24,$-1662,$1523,$-1184,$339,$185,$648,$-416,$-348,$223,$-1,$0,$-416
6,2017-03-31,76.31,$43.71,1.75,$36.06,2.12,$-3.65,0.0,$4.26,17.91,$2.05B,$4.42B,0.46,$11.66B,$14.24B,0.82,$11.89B,$7.38B,62.02%,$11.89B,$2.12B,17.79%,$11.89B,$2.12B,17.79%,$11.89B,$4.23B,35.60%,$11.89B,$1.61B,13.53%,$11.89B,$1.39B,11.71%,$1.39B,$14.24B,9.91%,$1.39B,$14.24B,9.91%,$1.39B,$51.74B,2.71%,$2.12B,$25.90B,8.52%,$2463,$784,$1679,$0,$704,$1992,$471,$-119,$352,$-40,$392,$392,$362,$991,$471,$326,329,$1.11,$1.10,$150,$237,$971,$2046,$37168,$89,$0,$411,$49694,$51740,$4416,$11662,$11532,$33082,$37498,$2510,$9590,$-49,$14242,$51740,$392,$520,$-18,$502,$27,$2,$-226,$153,$-10,$884,$-944,$0,$0,$0,$-1,$-1,$4,$-941,$1524,$-1053,$471,$-139,$-139,$-214,$-6,$112,$55,$0,$-214
7,2016-12-31,68.54,$43.54,1.57,$35.99,1.9,$-3.76,0.0,$3.98,17.22,$2.12B,$5.91B,0.36,$10.18B,$14.19B,0.72,$11.87B,$7.34B,61.86%,$11.87B,$2.09B,17.63%,$11.87B,$2.09B,17.63%,$11.87B,$4.19B,35.30%,$11.87B,$1.59B,13.40%,$11.87B,$1.31B,11.05%,$1.31B,$14.19B,9.44%,$1.31B,$14.19B,9.44%,$1.31B,$51.32B,2.56%,$2.09B,$24.36B,8.52%,$2885,$950,$1935,$0,$863,$2317,$568,$-141,$427,$80,$347,$347,$329,$1091,$568,$326,330,$1.01,$1.00,$96,$239,$970,$2123,$37000,$83,$0,$416,$49196,$51319,$5912,$10175,$11359,$31220,$37132,$2505,$9544,$-53,$14187,$51319,$1425,$2098,$-85,$2013,$46,$8,$35,$-271,$-182,$3256,$-3734,$0,$0,$0,$179,$179,$139,$-3416,$177,$611,$788,$-102,$67,$-749,$-11,$95,$-65,$0,$-749
8,2016-09-30,68.26,$42.99,1.59,$34.36,1.99,$-1.45,0.0,$2.69,25.38,$2.61B,$5.34B,0.49,$10.41B,$14.01B,0.74,$11.33B,$7.13B,62.97%,$11.33B,$1.86B,16.44%,$11.33B,$1.86B,16.44%,$11.33B,$3.93B,34.68%,$11.33B,$1.41B,12.43%,$11.33B,$0.90B,7.97%,$0.90B,$14.01B,6.59%,$0.90B,$14.01B,6.59%,$0.90B,$51.56B,1.78%,$1.86B,$24.41B,7.59%,$3767,$1719,$2048,$0,$832,$3072,$695,$-124,$571,$120,$451,$451,$421,$1245,$695,$326,330,$1.29,$1.27,$84,$310,$1212,$2605,$36231,$76,$0,$425,$48952,$51557,$5342,$10407,$11850,$32210,$37552,$2503,$9362,$-51,$14005,$51557,$1065,$1575,$69,$1644,$-235,$-43,$151,$-136,$-207,$2502,$-2773,$0,$0,$0,$159,$159,$137,$-2477,$314,$60,$374,$-73,$96,$-567,$-5,$-102,$-77,$0,$-567
9,2016-06-30,72.91,$42.20,1.73,$34.42,2.12,$-1.55,0.0,$2.70,27.0,$2.66B,$5.15B,0.52,$10.85B,$13.75B,0.79,$11.32B,$7.06B,62.37%,$11.32B,$1.78B,15.68%,$11.32B,$1.78B,15.68%,$11.32B,$3.82B,33.72%,$11.32B,$1.32B,11.70%,$11.32B,$0.90B,7.98%,$0.90B,$13.75B,6.64%,$0.90B,$13.75B,6.64%,$0.90B,$51.20B,1.78%,$1.78B,$24.59B,7.22%,$2777,$1064,$1713,$0,$806,$2396,$381,$-122,$259,$-51,$310,$310,$280,$907,$381,$326,330,$0.86,$0.85,$111,$308,$1439,$2659,$35777,$203,$0,$422,$48538,$51197,$5149,$10845,$11789,$32300,$37449,$2499,$9111,$-53,$13748,$51197,$614,$1025,$21,$1046,$-33,$-41,$67,$-222,$-228,$1432,$-1828,$0,$0,$0,$144,$144,$3,$-1681,$397,$65,$462,$-61,$108,$-374,$3,$199,$-50,$0,$-374
10,2016-03-31,67.06,$41.84,1.6,$34.87,1.92,$-1.65,0.0,$3.01,22.28,$2.43B,$4.23B,0.57,$11.24B,$13.63B,0.83,$11.45B,$7.18B,62.68%,$11.45B,$1.92B,16.75%,$11.45B,$1.92B,16.75%,$11.45B,$3.94B,34.38%,$11.45B,$1.48B,12.90%,$11.45B,$1.00B,8.75%,$1.00B,$13.63B,7.42%,$1.00B,$13.63B,7.42%,$1.00B,$50.46B,1.97%,$1.92B,$24.87B,7.80%,$2440,$794,$1646,$0,$721,$1992,$448,$-115,$333,$28,$305,$305,$281,$947,$448,$326,329,$0.86,$0.85,$137,$268,$1373,$2427,$35464,$208,$0,$442,$48032,$50459,$4233,$11243,$11878,$32595,$36828,$2491,$9002,$-54,$13631,$50459,$306,$499,$133,$632,$117,$-1,$-184,$-81,$-83,$855,$-951,$0,$0,$0,$106,$106,$11,$-834,$397,$-372,$25,$0,$169,$-191,$-48,$-45,$-24,$0,$-191
11,2015-12-31,54.87,$41.09,1.34,$35.09,1.56,$-2.29,0.0,$3.10,17.7,$2.65B,$4.93B,0.54,$10.88B,$13.39B,0.81,$11.52B,$7.26B,62.98%,$11.52B,$2.01B,17.42%,$11.52B,$2.01B,17.42%,$11.52B,$4.01B,34.82%,$11.52B,$1.57B,13.61%,$11.52B,$1.02B,8.85%,$1.02B,$13.39B,7.63%,$1.02B,$13.39B,7.63%,$1.02B,$50.23B,2.01%,$2.01B,$24.27B,8.22%,$2341,$617,$1724,$0,$912,$2003,$338,$-93,$245,$292,$-47,$-47,$-79,$828,$338,$326,329,$-0.24,$-0.24,$161,$267,$1455,$2654,$35085,$203,$0,$444,$47575,$50229,$4927,$10883,$11786,$31914,$36841,$2484,$8940,$-56,$13388,$50229,$1117,$2005,$128,$2133,$21,$14,$8,$1216,$1259,$4509,$-4225,$0,$0,$0,$374,$374,$-41,$-3892,$658,$-572,$86,$-69,$-75,$-660,$61,$-588,$29,$0,$-660
12,2015-09-30,57.98,$41.80,1.39,$37.44,1.55,$-5.15,0.0,$4.61,12.58,$3.79B,$5.24B,0.72,$10.96B,$13.62B,0.8,$12.30B,$7.62B,61.96%,$12.30B,$2.36B,19.21%,$12.30B,$2.36B,19.21%,$12.30B,$4.38B,35.62%,$12.30B,$1.89B,15.34%,$12.30B,$1.52B,12.35%,$1.52B,$13.62B,11.45%,$1.52B,$13.62B,11.45%,$1.52B,$51.27B,3.00%,$2.36B,$24.58B,9.78%,$3763,$1785,$1978,$0,$864,$3155,$608,$-121,$487,$82,$405,$405,$421,$1136,$608,$326,328,$1.29,$1.28,$134,$270,$2025,$3792,$34202,$208,$0,$559,$47478,$51270,$5239,$10957,$11570,$32411,$37650,$2475,$9180,$-55,$13620,$51270,$1172,$1515,$-85,$1430,$-412,$10,$164,$487,$231,$2833,$-3134,$0,$0,$0,$242,$242,$35,$-2857,$1415,$-873,$542,$0,$-6,$-499,$-11,$26,$2,$0,$-499
13,2015-06-30,50.75,$40.97,1.24,$39.21,1.29,$-6.75,0.0,$4.79,10.6,$3.91B,$4.84B,0.81,$11.27B,$13.35B,0.84,$12.89B,$7.82B,60.63%,$12.89B,$2.63B,20.39%,$12.89B,$2.63B,20.39%,$12.89B,$4.57B,35.42%,$12.89B,$2.14B,16.63%,$12.89B,$1.58B,12.24%,$1.58B,$13.35B,12.10%,$1.58B,$13.35B,12.10%,$1.58B,$51.24B,3.14%,$2.63B,$24.61B,11.07%,$2908,$1078,$1830,$0,$825,$2384,$524,$-112,$412,$6,$406,$406,$379,$1026,$524,$326,328,$1.16,$1.15,$139,$276,$2435,$3906,$33726,$210,$0,$552,$47333,$51239,$4836,$11265,$12013,$33056,$37892,$2472,$8909,$-56,$13347,$51239,$724,$987,$70,$1057,$32,$5,$130,$-130,$-13,$1768,$-2197,$0,$0,$0,$-48,$-48,$11,$-2234,$1415,$-596,$819,$0,$0,$-328,$-18,$473,$7,$0,$-328
14,2015-03-31,56.63,$40.20,1.41,$39.51,1.43,$-9.24,0.0,$5.28,10.72,$3.78B,$4.57B,0.83,$11.13B,$13.10B,0.85,$13.00B,$7.76B,59.72%,$13.00B,$2.68B,20.61%,$13.00B,$2.68B,20.61%,$13.00B,$4.55B,34.98%,$13.00B,$2.20B,16.91%,$13.00B,$1.74B,13.35%,$1.74B,$13.10B,13.54%,$1.74B,$13.10B,13.54%,$1.74B,$50.58B,3.49%,$2.68B,$24.23B,11.56%,$2512,$786,$1726,$0,$725,$1974,$538,$-114,$424,$106,$318,$318,$299,$1023,$538,$326,329,$0.92,$0.91,$115,$290,$2264,$3780,$33372,$217,$0,$576,$46798,$50578,$4571,$11133,$12182,$32909,$37480,$2460,$8675,$-59,$13098,$50578,$318,$485,$56,$541,$31,$-10,$63,$-17,$105,$964,$-1268,$0,$0,$0,$-36,$-36,$10,$-1294,$1287,$-774,$513,$0,$0,$-170,$-30,$313,$-17,$0,$-170
15,2014-12-31,58.96,$39.85,1.48,$40.77,1.45,$-9.45,0.0,$4.91,12.01,$3.57B,$5.48B,0.65,$10.23B,$12.98B,0.79,$13.41B,$7.82B,58.30%,$13.41B,$2.47B,18.43%,$13.41B,$2.47B,18.43%,$13.41B,$4.29B,31.96%,$13.41B,$1.98B,14.75%,$13.41B,$1.61B,12.02%,$1.61B,$12.98B,12.86%,$1.61B,$12.98B,12.86%,$1.61B,$49.73B,3.30%,$2.47B,$23.22B,10.95%,$3115,$1029,$2086,$0,$993,$2423,$692,$-128,$564,$158,$406,$406,$420,$1195,$692,$326,329,$1.30,$1.26,$132,$281,$2364,$3567,$32981,$207,$0,$568,$46167,$49734,$5479,$10234,$12017,$31273,$36752,$2445,$8573,$-58,$12982,$49734,$1721,$1815,$224,$2039,$64,$-25,$14,$-465,$-512,$3248,$-3906,$0,$0,$0,$-44,$-44,$43,$-3907,$-113,$1079,$966,$0,$269,$-574,$-16,$645,$-14,$0,$-574
16,2014-09-30,50.04,$39.16,1.28,$40.25,1.24,$-8.82,0.0,$4.56,10.97,$4.50B,$5.85B,0.77,$10.13B,$10.74B,0.94,$13.24B,$7.60B,57.43%,$13.24B,$2.29B,17.26%,$13.24B,$2.29B,17.26%,$13.24B,$4.07B,30.73%,$13.24B,$1.77B,13.38%,$13.24B,$1.49B,11.27%,$1.49B,$12.76B,12.22%,$1.49B,$12.76B,12.22%,$1.49B,$49.48B,3.10%,$2.29B,$22.89B,10.32%,$4356,$2182,$2174,$0,$879,$3482,$874,$-130,$744,$220,$524,$524,$480,$1322,$874,$326,329,$1.47,$1.46,$142,$275,$2738,$4498,$32021,$204,$0,$682,$44977,$49475,$5849,$10133,$12519,$30868,$36717,$2445,$8314,$-23,$12758,$49475,$1276,$1312,$129,$1441,$-369,$-19,$211,$-619,$-690,$2027,$-2856,$0,$0,$0,$-105,$-105,$25,$-2936,$-10,$1138,$1128,$0,$269,$-435,$-57,$905,$-4,$0,$-435
17,2014-06-30,51.68,$38.07,1.36,$39.08,1.32,$-8.41,0.0,$4.44,11.64,$4.55B,$5.77B,0.79,$9.93B,$10.38B,0.96,$12.85B,$7.58B,59.03%,$12.85B,$2.20B,17.13%,$12.85B,$2.20B,17.13%,$12.85B,$3.93B,30.58%,$12.85B,$1.69B,13.17%,$12.85B,$1.45B,11.29%,$1.45B,$12.40B,12.20%,$1.45B,$12.40B,12.20%,$1.45B,$48.86B,3.06%,$2.20B,$22.33B,10.19%,$3016,$1239,$1777,$0,$788,$2441,$575,$-109,$466,$84,$382,$382,$536,$1007,$575,$326,329,$1.64,$1.63,$190,$277,$2661,$4551,$31364,$202,$0,$662,$44313,$48864,$5773,$9926,$12726,$30688,$36461,$2434,$7960,$-13,$12403,$48864,$768,$864,$-63,$801,$-185,$-21,$116,$-950,$-961,$608,$-1856,$0,$0,$0,$-88,$-88,$12,$-1932,$392,$1043,$1435,$0,$269,$-285,$-51,$1368,$44,$0,$-285
18,2014-03-31,50.03,$36.84,1.36,$39.26,1.27,$-6.38,0.0,$2.51,19.93,$3.52B,$4.56B,0.77,$9.83B,$9.98B,0.99,$12.88B,$7.69B,59.76%,$12.88B,$1.55B,12.07%,$12.88B,$1.55B,12.07%,$12.88B,$3.27B,25.38%,$12.88B,$1.04B,8.09%,$12.88B,$0.82B,6.37%,$0.82B,$12.00B,7.09%,$0.82B,$12.00B,7.09%,$0.82B,$47.39B,1.77%,$1.55B,$21.83B,7.40%,$2926,$1143,$1783,$0,$811,$2595,$331,$-126,$205,$-19,$224,$224,$176,$763,$331,$326,329,$0.54,$0.54,$149,$268,$2009,$3520,$30817,$220,$0,$893,$43868,$47388,$4557,$9825,$12207,$30829,$35386,$2417,$7573,$-11,$12002,$47388,$202,$432,$192,$624,$112,$-12,$-63,$-363,$-261,$565,$-940,$0,$0,$0,$-101,$-101,$-1,$-1042,$-3,$401,$398,$0,$270,$-146,$-42,$480,$3,$0,$-146
19,2013-12-31,40.65,$35.88,1.13,$38.36,1.06,$-6.67,0.0,$2.79,14.57,$3.31B,$4.88B,0.68,$9.83B,$9.94B,0.99,$12.58B,$7.69B,61.12%,$12.58B,$1.72B,13.63%,$12.58B,$1.72B,13.63%,$12.58B,$3.41B,27.11%,$12.58B,$1.22B,9.71%,$12.58B,$0.92B,7.27%,$0.92B,$11.69B,8.04%,$0.92B,$11.69B,8.04%,$0.92B,$46.65B,1.99%,$1.72B,$21.52B,8.34%,$2943,$1073,$1870,$0,$662,$2438,$505,$-149,$356,$69,$287,$287,$300,$977,$505,$326,329,$0.93,$0.91,$146,$256,$1651,$3312,$30455,$207,$0,$937,$43334,$46646,$4881,$9825,$11525,$30074,$34955,$2403,$7548,$-13,$11691,$46646,$1015,$1696,$902,$2598,$-56,$80,$45,$-623,$-646,$2967,$-3418,$0,$0,$0,$-98,$-98,$-56,$-3572,$1151,$32,$1183,$0,$-13,$-541,$-48,$581,$-24,$0,$-541
20,2013-09-30,40.13,$35.12,1.14,$38.69,1.04,$-7.43,0.0,$0.23,174.49,$3.60B,$5.39B,0.67,$9.23B,$9.69B,0.95,$12.70B,$8.01B,63.09%,$12.70B,$1.97B,15.54%,$12.70B,$1.97B,15.54%,$12.70B,$3.59B,28.30%,$12.70B,$1.52B,11.99%,$12.70B,$0.08B,0.59%,$0.08B,$11.44B,0.67%,$0.08B,$11.44B,0.67%,$0.08B,$46.70B,0.17%,$1.97B,$20.67B,9.72%,$3960,$1808,$2152,$0,$971,$3171,$789,$-124,$665,$177,$488,$488,$438,$1181,$789,$326,328,$1.34,$1.34,$610,$272,$1520,$3603,$29809,$201,$0,$738,$43095,$46698,$5389,$9232,$11746,$29867,$35256,$2397,$7371,$-79,$11442,$46698,$689,$1224,$915,$2139,$-406,$68,$155,$-645,$-828,$2070,$-2761,$0,$0,$0,$-100,$-100,$-44,$-2905,$388,$1352,$1740,$0,$-13,$-412,$-40,$1275,$440,$0,$-412
21,2013-06-30,41.66,$34.09,1.22,$37.97,1.1,$-8.20,0.0,$-0.53,0.0,$3.02B,$4.89B,0.62,$8.83B,$9.36B,0.94,$12.47B,$7.90B,63.33%,$12.47B,$1.90B,15.21%,$12.47B,$1.90B,15.21%,$12.47B,$3.54B,28.39%,$12.47B,$1.47B,11.76%,$12.47B,$-0.17B,-1.39%,$-0.17B,$11.11B,-1.52%,$-0.17B,$11.11B,-1.52%,$-0.17B,$45.03B,-0.37%,$1.90B,$19.94B,8.80%,$3046,$1157,$1889,$0,$967,$3117,$-71,$-113,$-184,$-102,$-82,$-82,$-94,$347,$-71,$326,326,$-0.29,$-0.29,$148,$267,$1674,$3022,$29376,$196,$0,$758,$42005,$45027,$4888,$8830,$11561,$29031,$33919,$2388,$7049,$-82,$11108,$45027,$227,$832,$797,$1629,$-47,$73,$88,$-754,$-640,$1261,$-1834,$0,$0,$0,$-172,$-172,$-23,$-2029,$390,$678,$1068,$0,$-13,$-272,$-37,$746,$-22,$0,$-272
22,2013-03-31,43.22,$34.71,1.25,$36.57,1.18,$-9.33,0.0,$-0.02,0.0,$2.67B,$4.28B,0.62,$8.83B,$9.56B,0.92,$12.08B,$7.78B,64.40%,$12.08B,$2.39B,19.77%,$12.08B,$2.39B,19.77%,$12.08B,$4.03B,33.36%,$12.08B,$1.96B,16.21%,$12.08B,$-0.01B,-0.04%,$-0.01B,$11.31B,-0.04%,$-0.01B,$11.31B,-0.04%,$-0.01B,$45.16B,-0.01%,$2.39B,$20.14B,10.39%,$2632,$853,$1779,$0,$873,$2140,$492,$-108,$384,$98,$286,$286,$271,$906,$492,$326,329,$0.83,$0.82,$115,$351,$1381,$2670,$30745,$201,$0,$775,$42485,$45155,$4279,$8829,$11736,$29567,$33846,$2380,$7262,$-87,$11309,$45155,$298,$414,$187,$601,$-38,$-11,$-65,$-302,$-416,$506,$-979,$0,$0,$0,$-31,$-31,$-4,$-1014,$393,$245,$638,$0,$-13,$-140,$-32,$453,$-55,$0,$-140
23,2012-12-31,38.55,$34.35,1.12,$35.91,1.07,$-9.45,0.0,$-0.56,0.0,$2.67B,$3.74B,0.71,$9.23B,$9.43B,0.98,$11.86B,$7.72B,65.11%,$11.86B,$2.29B,19.26%,$11.86B,$2.29B,19.26%,$11.86B,$3.92B,33.04%,$11.86B,$1.86B,15.69%,$11.86B,$-0.18B,-1.54%,$-0.18B,$11.19B,-1.57%,$-0.18B,$11.19B,-1.57%,$-0.18B,$44.39B,-0.38%,$2.29B,$20.42B,9.38%,$3060,$869,$2191,$0,$718,$2297,$763,$-106,$657,$-152,$809,$809,$-540,$1159,$763,$326,330,$-1.65,$-1.64,$170,$340,$1400,$2672,$30273,$186,$0,$793,$41722,$44394,$3744,$9231,$11383,$29459,$33203,$2373,$7146,$-87,$11191,$44394,$-92,$1634,$1160,$2794,$-13,$10,$14,$432,$632,$3334,$-4035,$0,$0,$0,$-215,$-215,$-1033,$-5283,$385,$-264,$121,$0,$729,$-506,$306,$650,$-1299,$0,$-506
24,2012-09-30,38.69,$36.89,1.05,$29.68,1.3,$-7.98,0.0,$-1.49,0.0,$4.49B,$4.27B,1.05,$13.71B,$10.26B,1.34,$9.80B,$6.38B,65.12%,$9.80B,$1.97B,20.08%,$9.80B,$1.97B,20.08%,$9.80B,$3.25B,33.14%,$9.80B,$1.68B,17.13%,$9.80B,$-0.48B,-4.92%,$-0.48B,$12.02B,-4.13%,$-0.48B,$12.02B,-4.13%,$-0.48B,$50.55B,-0.98%,$1.97B,$25.73B,8.12%,$3734,$1695,$2039,$0,$993,$3021,$713,$-103,$610,$228,$382,$382,$190,$1129,$713,$326,329,$0.58,$0.58,$1196,$508,$1295,$4494,$33858,$733,$0,$1786,$46051,$50545,$4274,$13708,$11806,$34251,$38525,$2385,$7806,$-168,$12020,$50545,$423,$1238,$102,$1340,$-328,$13,$162,$168,$395,$2158,$-3105,$0,$0,$0,$-164,$-164,$-247,$-3516,$387,$-31,$356,$0,$729,$-381,$320,$1024,$-334,$24,$-381
25,2012-06-30,38.84,$36.66,1.06,$29.94,1.3,$-7.10,0.0,$-0.76,0.0,$4.44B,$4.22B,1.05,$13.66B,$10.19B,1.34,$9.89B,$6.63B,67.04%,$9.89B,$2.04B,20.62%,$9.89B,$2.04B,20.62%,$9.89B,$3.36B,33.99%,$9.89B,$1.73B,17.46%,$9.89B,$-0.25B,-2.49%,$-0.25B,$11.95B,-2.11%,$-0.25B,$11.95B,-2.11%,$-0.25B,$49.39B,-0.51%,$2.04B,$25.60B,8.47%,$2653,$883,$1770,$0,$951,$2233,$420,$-113,$307,$100,$207,$207,$74,$835,$420,$326,334,$0.23,$0.22,$1285,$567,$1631,$4438,$33243,$750,$0,$1723,$44950,$49388,$4223,$13658,$11157,$33220,$37443,$2371,$7730,$-156,$11945,$49388,$208,$822,$-20,$802,$10,$15,$27,$15,$150,$1160,$-2125,$0,$0,$0,$-125,$-125,$-230,$-2480,$388,$-121,$267,$0,$730,$-241,$270,$1026,$-294,$16,$-241
26,2012-03-31,35.49,$35.63,1.0,$31.07,1.14,$-7.35,0.0,$-0.44,0.0,$4.72B,$3.68B,1.28,$14.13B,$10.23B,1.38,$10.22B,$6.94B,67.89%,$10.22B,$2.00B,19.57%,$10.22B,$2.00B,19.57%,$10.22B,$3.38B,33.07%,$10.22B,$1.67B,16.38%,$10.22B,$-0.14B,-1.41%,$-0.14B,$11.61B,-1.24%,$-0.14B,$11.61B,-1.24%,$-0.14B,$49.38B,-0.30%,$2.00B,$25.74B,8.38%,$2415,$692,$1723,$0,$946,$2026,$389,$-102,$287,$91,$196,$196,$93,$796,$389,$326,329,$0.28,$0.28,$1670,$579,$1592,$4715,$32680,$743,$0,$1680,$44669,$49384,$3675,$14131,$11315,$34102,$37777,$2325,$7783,$-118,$11607,$49384,$112,$407,$101,$508,$88,$10,$-47,$-175,$57,$677,$-1189,$0,$0,$0,$-82,$-82,$-177,$-1448,$389,$-86,$303,$0,$345,$-120,$257,$785,$14,$8,$-120
27,2011-12-31,34.3,$34.03,1.01,$32.21,1.06,$-7.06,0.0,$-0.11,0.0,$4.48B,$4.35B,1.03,$8.83B,$10.06B,0.88,$10.59B,$7.23B,68.30%,$10.59B,$2.06B,19.47%,$10.59B,$2.06B,19.47%,$10.59B,$3.49B,32.94%,$10.59B,$1.67B,15.75%,$10.59B,$-0.04B,-0.35%,$-0.04B,$11.09B,-0.32%,$-0.04B,$11.09B,-0.32%,$-0.04B,$48.04B,-0.08%,$2.06B,$19.92B,8.78%,$1001,$149,$852,$0,$243,$555,$446,$29,$475,$209,$266,$266,$-839,$489,$446,$326,329,$-2.57,$-2.56,$169,$350,$1168,$4484,$27644,$213,$0,$559,$43555,$48039,$4348,$8834,$9713,$32605,$36953,$2360,$7834,$-139,$11086,$48039,$22,$1427,$2557,$3984,$-46,$-18,$45,$-256,$-275,$3906,$-4122,$0,$0,$0,$-167,$-167,$-644,$-4933,$787,$410,$1197,$0,$123,$-476,$263,$1107,$80,$0,$-476
28,2011-09-30,31.44,$36.97,0.85,$31.16,1.01,$-7.33,0.0,$2.97,10.59,$4.75B,$4.16B,1.14,$13.01B,$11.02B,1.18,$10.24B,$6.96B,67.93%,$10.24B,$1.72B,16.82%,$10.24B,$1.72B,16.82%,$10.24B,$3.27B,31.92%,$10.24B,$1.29B,12.54%,$10.24B,$0.97B,9.45%,$0.97B,$12.05B,8.24%,$0.97B,$12.05B,8.24%,$0.97B,$47.67B,2.08%,$1.72B,$25.06B,7.04%,$3822,$1536,$2286,$0,$1071,$3037,$785,$-127,$658,$232,$426,$426,$426,$1242,$785,$326,329,$1.31,$1.30,$1399,$592,$1470,$4751,$32069,$800,$0,$2173,$42921,$47672,$4161,$13010,$10070,$31465,$35626,$2346,$8793,$-124,$12046,$47672,$845,$1384,$498,$1882,$-205,$-25,$178,$-245,$97,$2824,$-3481,$0,$-3,$0,$-140,$-140,$-10,$-3634,$503,$573,$1076,$0,$123,$-356,$-38,$805,$-5,$22,$-356
29,2011-06-30,31.58,$36.09,0.88,$31.09,1.02,$-6.48,0.0,$3.22,9.81,$4.34B,$3.88B,1.12,$12.96B,$10.73B,1.21,$10.21B,$7.02B,68.71%,$10.21B,$1.80B,17.63%,$10.21B,$1.80B,17.63%,$10.21B,$3.30B,32.34%,$10.21B,$1.40B,13.72%,$10.21B,$1.05B,10.30%,$1.05B,$11.76B,9.05%,$1.05B,$11.76B,9.05%,$1.05B,$47.08B,2.28%,$1.80B,$24.71B,7.46%,$2983,$905,$2078,$0,$1255,$2603,$380,$-126,$254,$62,$192,$192,$176,$853,$380,$326,329,$0.54,$0.54,$956,$589,$1418,$4337,$31460,$783,$0,$2148,$42738,$47075,$3882,$12956,$10223,$31436,$35318,$2347,$8476,$-97,$11757,$47075,$405,$927,$305,$1232,$64,$-21,$66,$-539,$-415,$1222,$-2256,$0,$0,$0,$-79,$-79,$3,$-2332,$506,$292,$798,$0,$123,$-237,$-18,$666,$-444,$15,$-237
30,2011-03-31,29.58,$35.94,0.82,$30.41,0.97,$-6.73,0.0,$3.73,7.93,$4.34B,$3.69B,1.17,$12.52B,$10.68B,1.17,$9.97B,$6.81B,68.34%,$9.97B,$1.77B,17.77%,$9.97B,$1.77B,17.77%,$9.97B,$3.21B,32.22%,$9.97B,$1.37B,13.71%,$9.97B,$1.22B,12.24%,$1.22B,$11.71B,10.64%,$1.22B,$11.71B,10.64%,$1.22B,$46.16B,2.71%,$1.77B,$24.23B,7.54%,$2782,$766,$2016,$0,$1149,$2332,$450,$-169,$281,$65,$216,$216,$200,$904,$450,$326,328,$0.61,$0.61,$1308,$586,$1127,$4336,$25276,$776,$0,$7704,$41825,$46161,$3693,$12522,$9927,$30759,$34452,$2340,$8413,$-77,$11709,$46161,$214,$454,$278,$732,$128,$-18,$-49,$-147,$-228,$718,$-1133,$0,$0,$0,$-41,$-41,$0,$-1174,$73,$294,$367,$0,$123,$-117,$-8,$365,$-91,$7,$-117
31,2010-12-31,30.93,$35.28,0.88,$30.50,1.01,$-6.54,0.0,$3.84,8.05,$4.42B,$3.95B,1.12,$12.37B,$10.59B,1.17,$10.00B,$6.70B,67.06%,$10.00B,$1.82B,18.20%,$10.00B,$1.82B,18.20%,$10.00B,$3.20B,32.00%,$10.00B,$1.48B,14.80%,$10.00B,$1.26B,12.57%,$1.26B,$11.49B,11.14%,$1.26B,$11.49B,11.14%,$1.26B,$45.53B,2.85%,$1.82B,$23.87B,7.93%,$657,$78,$579,$0,$325,$549,$108,$-16,$92,$74,$18,$18,$166,$271,$108,$326,329,$0.51,$0.49,$1391,$568,$1142,$4422,$30184,$782,$0,$2315,$41108,$45530,$3952,$12371,$9706,$30084,$34036,$2331,$8328,$-76,$11494,$45530,$1308,$1380,$1615,$2995,$-195,$-11,$2,$-244,$-826,$3477,$-3780,$0,$0,$0,$-201,$-201,$-833,$-4814,$1168,$-66,$1102,$0,$0,$-463,$414,$1053,$-284,$24,$-463
32,2010-09-30,27.33,$35.44,0.77,$37.83,0.72,$-2.00,0.0,$3.98,6.87,$5.04B,$3.89B,1.3,$12.12B,$10.64B,1.14,$12.39B,$8.18B,66.05%,$12.39B,$2.15B,17.37%,$12.39B,$2.15B,17.37%,$12.39B,$3.76B,30.34%,$12.39B,$1.69B,13.62%,$12.39B,$1.30B,10.51%,$1.30B,$11.55B,11.67%,$1.30B,$11.55B,11.67%,$1.30B,$45.57B,3.02%,$2.15B,$23.66B,9.64%,$3788,$1446,$2342,$0,$1102,$2926,$862,$-88,$774,$247,$527,$527,$510,$1274,$862,$326,328,$1.56,$1.56,$2028,$547,$1391,$5041,$23741,$832,$0,$7378,$40525,$45566,$3887,$12117,$10874,$30133,$34020,$2325,$8283,$26,$11546,$45566,$1129,$1217,$436,$1653,$-184,$-27,$28,$141,$-32,$2750,$-3129,$0,$-4,$0,$-95,$-95,$-91,$-3319,$1281,$13,$1294,$0,$0,$-347,$-42,$905,$336,$20,$-347
33,2010-06-30,24.98,$34.05,0.73,$37.42,0.67,$-1.38,0.0,$3.65,6.84,$3.86B,$3.61B,1.07,$11.11B,$10.19B,1.09,$12.27B,$8.07B,65.77%,$12.27B,$2.06B,16.78%,$12.27B,$2.06B,16.78%,$12.27B,$3.66B,29.80%,$12.27B,$1.59B,12.95%,$12.27B,$1.20B,9.74%,$1.20B,$11.10B,10.84%,$1.20B,$11.10B,10.84%,$1.20B,$43.06B,2.82%,$2.06B,$22.21B,9.45%,$2741,$866,$1875,$0,$1144,$2390,$351,$-131,$220,$-136,$356,$356,$344,$763,$351,$326,327,$1.05,$1.05,$900,$556,$1521,$3857,$23044,$766,$0,$7247,$39198,$43055,$3613,$11113,$10378,$28347,$31960,$2315,$7879,$-12,$11095,$43055,$606,$805,$333,$1138,$13,$-36,$-114,$-409,$-782,$962,$-2070,$0,$-4,$0,$-40,$-40,$-91,$-2205,$279,$410,$689,$0,$0,$-230,$-21,$438,$-805,$14,$-230
34,2010-03-31,26.66,$33.71,0.79,$37.70,0.71,$0.00,0.0,$2.55,10.45,$4.27B,$3.26B,1.31,$11.03B,$10.08B,1.09,$12.36B,$8.12B,65.66%,$12.36B,$1.34B,10.87%,$12.36B,$1.34B,10.87%,$12.36B,$2.91B,23.51%,$12.36B,$0.86B,6.95%,$12.36B,$0.84B,6.76%,$0.84B,$10.98B,7.63%,$0.84B,$10.98B,7.63%,$0.84B,$42.36B,1.98%,$1.34B,$22.01B,6.18%,$2810,$903,$1907,$0,$1037,$2312,$498,$-105,$393,$150,$243,$243,$236,$891,$498,$326,328,$0.72,$0.72,$1494,$522,$1408,$4267,$22394,$787,$0,$6986,$38090,$42357,$3257,$11025,$10380,$28117,$31374,$2311,$7642,$116,$10983,$42357,$249,$393,$269,$662,$150,$-2,$-138,$-212,$-312,$599,$-951,$0,$0,$0,$-71,$-71,$-91,$-1113,$198,$192,$390,$-1,$-1,$-116,$-14,$259,$-255,$7,$-116
35,2009-12-31,26.88,$33.78,0.8,$37.73,0.71,$0.77,34.74,$2.59,10.38,$4.43B,$3.79B,1.17,$10.44B,$10.10B,1.03,$12.36B,$8.09B,65.47%,$12.36B,$1.40B,11.31%,$12.36B,$1.40B,11.31%,$12.36B,$2.94B,23.75%,$12.36B,$0.85B,6.91%,$12.36B,$0.85B,6.87%,$0.85B,$11.01B,7.76%,$0.85B,$11.01B,7.76%,$0.85B,$41.44B,1.99%,$1.40B,$21.44B,6.42%,$3051,$992,$2059,$0,$1251,$2610,$441,$-141,$300,$72,$228,$228,$212,$831,$441,$326,327,$0.65,$0.65,$1742,$533,$1105,$4430,$27113,$467,$0,$2155,$37014,$41444,$3787,$10437,$9717,$26651,$30438,$2304,$7500,$37,$11006,$41444,$945,$1538,$-445,$1093,$80,$20,$152,$979,$1007,$3045,$-1862,$0,$-22,$0,$-475,$-475,$0,$-2359,$-324,$-2058,$-2382,$-3,$-3,$-521,$-23,$-2929,$-2243,$22,$-521
36,2009-09-30,25.73,$33.78,0.76,$38.21,0.67,$-4.21,0.0,$2.60,9.9,$5.77B,$4.96B,1.16,$10.45B,$10.10B,1.04,$12.54B,$8.05B,64.19%,$12.54B,$1.42B,11.33%,$12.54B,$1.42B,11.33%,$12.54B,$2.94B,23.42%,$12.54B,$0.86B,6.87%,$12.54B,$0.85B,6.80%,$0.85B,$11.01B,7.85%,$0.85B,$11.01B,7.85%,$0.85B,$42.77B,1.96%,$1.42B,$21.45B,6.51%,$3664,$1438,$2226,$0,$1093,$2896,$768,$-92,$676,$232,$444,$444,$403,$1170,$768,$326,329,$1.23,$1.22,$2564,$771,$1247,$5768,$20876,$5213,$0,$2806,$37004,$42772,$4959,$10448,$8748,$26808,$31767,$2294,$7401,$128,$11005,$42772,$719,$1148,$-326,$822,$-154,$4,$267,$772,$571,$2112,$-2287,$0,$-7,$2,$-431,$-429,$1420,$-1303,$154,$-2058,$-1904,$0,$0,$-391,$-19,$-2314,$-1505,$17,$-391
37,2009-06-30,23.89,$33.06,0.72,$40.17,0.59,$-4.32,0.0,$2.70,8.85,$5.92B,$4.08B,1.45,$11.28B,$9.87B,1.14,$13.17B,$8.15B,61.88%,$13.17B,$1.62B,12.29%,$13.17B,$1.62B,12.29%,$13.17B,$3.09B,23.44%,$13.17B,$0.96B,7.25%,$13.17B,$0.89B,6.75%,$0.89B,$10.77B,8.34%,$0.89B,$10.77B,8.34%,$0.89B,$41.88B,2.06%,$1.62B,$22.05B,7.48%,$2834,$911,$1923,$0,$1074,$3198,$-364,$-146,$-510,$-524,$14,$14,$-16,$14,$-364,$326,327,$-0.05,$-0.05,$2894,$545,$1538,$5923,$19771,$5824,$0,$2838,$35958,$41881,$4080,$11276,$8334,$27029,$31109,$2285,$7101,$204,$10772,$41881,$275,$746,$-335,$411,$65,$9,$58,$442,$197,$883,$-1540,$0,$-7,$2,$-153,$-151,$1420,$-278,$526,$-2066,$-1540,$0,$0,$-257,$-23,$-1820,$-1215,$11,$-257
38,2009-03-31,21.66,$33.61,0.64,$42.07,0.51,$-4.18,0.0,$3.54,6.12,$6.78B,$5.84B,1.16,$11.20B,$10.05B,1.12,$13.81B,$8.12B,58.81%,$13.81B,$2.49B,18.01%,$13.81B,$2.49B,18.01%,$13.81B,$3.94B,28.51%,$13.81B,$1.85B,13.37%,$13.81B,$1.17B,8.44%,$1.17B,$10.95B,11.31%,$1.17B,$10.95B,11.31%,$1.17B,$44.43B,2.75%,$2.49B,$22.15B,11.96%,$2812,$927,$1885,$0,$969,$2259,$553,$-165,$388,$122,$266,$266,$250,$921,$553,$326,327,$0.76,$0.76,$3553,$549,$1752,$6775,$19321,$8036,$0,$2625,$37654,$44429,$5840,$11198,$7631,$27637,$33477,$2278,$7219,$271,$10952,$44429,$269,$368,$66,$434,$86,$4,$-141,$-51,$-17,$686,$-785,$0,$-6,$0,$-21,$-21,$121,$-691,$352,$-585,$-233,$0,$0,$-126,$-9,$-368,$-373,$5,$-126
39,2008-12-31,23.89,$32.87,0.73,$42.93,0.56,$-4.24,0.0,$3.69,6.47,$7.35B,$6.70B,1.1,$10.95B,$9.80B,1.12,$14.11B,$8.12B,57.54%,$14.11B,$2.56B,18.16%,$14.11B,$2.56B,18.16%,$14.11B,$3.98B,28.22%,$14.11B,$1.94B,13.78%,$14.11B,$1.22B,8.61%,$1.22B,$10.71B,12.25%,$1.22B,$10.71B,12.25%,$1.22B,$44.62B,2.98%,$2.56B,$21.66B,12.86%,$3228,$1214,$2014,$0,$1179,$2764,$464,$-157,$307,$75,$232,$232,$216,$831,$464,$326,329,$0.66,$0.65,$3926,$553,$1764,$7353,$18969,$8159,$0,$2196,$37262,$44615,$6697,$10950,$7573,$27209,$33906,$2272,$7078,$167,$10709,$44615,$1348,$1419,$97,$1516,$128,$-114,$-160,$-797,$-603,$2261,$-2711,$0,$-19,$74,$-289,$-215,$0,$-2945,$2125,$1643,$3768,$-26,$-33,$-567,$-9,$3159,$2475,$34,$-567
40,2008-09-30,29.38,$31.27,0.94,$42.09,0.7,$-1.60,0.0,$3.67,8.01,$7.08B,$6.13B,1.16,$10.52B,$9.28B,1.13,$13.85B,$7.82B,56.45%,$13.85B,$2.58B,18.64%,$13.85B,$2.58B,18.64%,$13.85B,$3.90B,28.12%,$13.85B,$1.99B,14.33%,$13.85B,$1.21B,8.74%,$1.21B,$10.19B,12.63%,$1.21B,$10.19B,12.63%,$1.21B,$41.67B,3.10%,$2.58B,$20.71B,13.51%,$4294,$1968,$2326,$0,$1035,$3329,$965,$-195,$770,$277,$493,$493,$439,$1321,$965,$326,328,$1.33,$1.33,$3490,$514,$1550,$7083,$18286,$8087,$0,$2475,$34583,$41666,$6127,$10523,$7637,$25351,$31478,$2263,$6964,$54,$10188,$41666,$1114,$1052,$-170,$882,$-378,$-75,$35,$-71,$-361,$1635,$-1846,$0,$-11,$58,$-15,$43,$-322,$-2136,$1674,$1308,$2982,$0,$-7,$-414,$-37,$2524,$2023,$25,$-414
41,2008-06-30,37.55,$28.77,1.31,$40.94,0.92,$1.33,28.32,$3.73,10.07,$4.68B,$5.27B,0.89,$9.29B,$8.47B,1.1,$13.50B,$7.65B,56.66%,$13.50B,$2.52B,18.63%,$13.50B,$2.52B,18.63%,$13.50B,$3.81B,28.24%,$13.50B,$2.03B,15.00%,$13.50B,$1.23B,9.13%,$1.23B,$9.37B,13.17%,$1.23B,$9.37B,13.17%,$1.23B,$39.01B,3.24%,$2.52B,$18.67B,13.57%,$3477,$1580,$1897,$0,$1113,$2971,$506,$-125,$381,$83,$298,$298,$261,$864,$506,$326,329,$0.79,$0.79,$1086,$489,$1668,$4681,$18052,$7917,$0,$2480,$34324,$39005,$5274,$9292,$8329,$24357,$29631,$2253,$6629,$-415,$9374,$39005,$614,$696,$-105,$591,$-237,$-49,$30,$-284,$-472,$733,$-1348,$0,$-7,$68,$-29,$39,$-232,$-1548,$438,$300,$738,$0,$-7,$-257,$-30,$444,$-371,$16,$-257
42,2008-03-31,35.61,$28.82,1.24,$39.60,0.9,$3.13,11.39,$3.22,11.06,$4.42B,$4.39B,1.01,$9.33B,$8.48B,1.1,$13.07B,$7.53B,57.63%,$13.07B,$2.51B,19.21%,$13.07B,$2.51B,19.21%,$13.07B,$3.80B,29.05%,$13.07B,$1.79B,13.73%,$13.07B,$1.06B,8.14%,$1.06B,$9.39B,11.50%,$1.06B,$9.39B,11.50%,$1.06B,$37.95B,2.83%,$2.51B,$18.71B,13.66%,$3113,$1230,$1883,$0,$961,$2485,$628,$-142,$486,$161,$325,$325,$299,$966,$628,$326,329,$0.91,$0.91,$1583,$431,$1148,$4418,$17698,$7805,$0,$2109,$33533,$37951,$4392,$9325,$8117,$24170,$28562,$2238,$6486,$-242,$9389,$37951,$320,$338,$-11,$327,$22,$-35,$-215,$34,$-61,$586,$-703,$0,$0,$46,$-21,$25,$-6,$-684,$458,$-100,$358,$-17,$-24,$-129,$-3,$202,$104,$6,$-129
43,2007-12-31,38.53,$28.73,1.34,$38.97,0.99,$3.61,10.68,$3.32,11.61,$4.24B,$4.26B,1.0,$9.02B,$8.44B,1.07,$12.87B,$7.76B,60.29%,$12.87B,$2.51B,19.50%,$12.87B,$2.51B,19.50%,$12.87B,$3.80B,29.54%,$12.87B,$1.80B,13.98%,$12.87B,$1.10B,8.53%,$1.10B,$9.36B,12.02%,$1.10B,$9.36B,12.02%,$1.10B,$37.52B,2.95%,$2.51B,$18.38B,13.79%,$2967,$1254,$1713,$0,$1173,$2484,$483,$-135,$348,$100,$248,$421,$211,$744,$483,$326,331,$0.63,$0.64,$1525,$432,$1087,$4244,$17403,$7747,$0,$2030,$33279,$37523,$4256,$9016,$8198,$23908,$28164,$2225,$6311,$-92,$9359,$37523,$1305,$1292,$-59,$1233,$8,$-41,$28,$664,$706,$3244,$-2824,$0,$-33,$477,$-91,$386,$-199,$-2670,$-322,$254,$-68,$-84,$-84,$-535,$-241,$-928,$-354,$37,$-535
44,2007-09-30,39.81,$28.56,1.39,$37.93,1.05,$6.32,6.29,$3.55,11.21,$5.16B,$4.62B,1.12,$9.06B,$8.39B,1.08,$12.52B,$7.95B,63.51%,$12.52B,$2.50B,19.97%,$12.52B,$2.50B,19.97%,$12.52B,$3.74B,29.87%,$12.52B,$1.81B,14.48%,$12.52B,$1.18B,9.39%,$1.18B,$9.30B,13.13%,$1.18B,$9.30B,13.13%,$1.18B,$37.82B,3.18%,$2.50B,$18.36B,13.86%,$3942,$1786,$2156,$0,$1013,$3044,$898,$-88,$810,$263,$547,$465,$461,$1238,$898,$326,330,$1.40,$1.39,$1870,$426,$1345,$5163,$16931,$7622,$0,$1881,$32657,$37820,$4618,$9056,$7961,$23898,$28516,$2116,$6306,$-33,$9304,$37820,$887,$1031,$126,$1157,$-467,$-55,$-46,$890,$688,$2732,$-1979,$0,$-28,$206,$-84,$122,$-197,$-2082,$-131,$-178,$-309,$-118,$-118,$-359,$-201,$-987,$-337,$28,$-359
45,2007-06-30,40.08,$27.47,1.46,$37.50,1.07,$7.76,5.16,$3.54,11.32,$4.99B,$4.28B,1.17,$9.09B,$8.04B,1.13,$12.38B,$8.07B,65.23%,$12.38B,$2.56B,20.72%,$12.38B,$2.56B,20.72%,$12.38B,$3.79B,30.58%,$12.38B,$1.85B,14.94%,$12.38B,$1.17B,9.47%,$1.17B,$8.95B,13.42%,$1.17B,$8.95B,13.42%,$1.17B,$36.98B,3.21%,$2.56B,$18.04B,14.40%,$3047,$1267,$1780,$0,$999,$2546,$501,$-351,$150,$0,$150,$91,$93,$848,$501,$326,330,$0.29,$0.28,$1588,$415,$1589,$4991,$16544,$7420,$0,$1903,$31992,$36983,$4279,$9091,$7791,$23754,$28033,$2106,$5947,$-18,$8950,$36983,$426,$691,$-5,$686,$-189,$-49,$-119,$352,$200,$1312,$-1335,$0,$-23,$240,$-36,$204,$-196,$-1350,$-60,$59,$-1,$-111,$-111,$-221,$-205,$-538,$-576,$19,$-221
46,2007-03-31,34.91,$27.36,1.28,$37.36,0.93,$7.52,4.65,$3.80,9.19,$5.28B,$4.20B,1.26,$9.09B,$8.00B,1.14,$12.33B,$8.15B,66.06%,$12.33B,$2.65B,21.52%,$12.33B,$2.65B,21.52%,$12.33B,$3.89B,31.54%,$12.33B,$2.01B,16.33%,$12.33B,$1.26B,10.19%,$1.26B,$8.92B,14.78%,$1.26B,$8.92B,14.78%,$1.26B,$36.64B,3.48%,$2.65B,$18.01B,15.08%,$2912,$803,$2109,$0,$880,$2285,$627,$-136,$491,$129,$362,$330,$333,$971,$627,$326,330,$1.01,$1.00,$2233,$395,$1406,$5277,$16202,$7361,$0,$1705,$31362,$36639,$4196,$9091,$7663,$23528,$27724,$2082,$5994,$-76,$8915,$36639,$333,$344,$-207,$137,$77,$-90,$-238,$248,$263,$733,$-691,$0,$-4,$83,$-18,$65,$-21,$-651,$-66,$58,$-8,$-67,$-67,$-118,$17,$-176,$-94,$6,$-118
47,2006-12-31,32.13,$26.47,1.21,$36.85,0.87,$7.68,4.18,$3.57,9.0,$5.48B,$4.30B,1.27,$9.10B,$7.71B,1.18,$12.17B,$7.31B,60.10%,$12.17B,$2.49B,20.45%,$12.17B,$2.49B,20.45%,$12.17B,$3.69B,30.35%,$12.17B,$1.86B,15.24%,$12.17B,$1.18B,9.70%,$1.18B,$8.62B,14.36%,$1.18B,$8.62B,14.36%,$1.18B,$36.26B,3.32%,$2.49B,$17.73B,14.38%,$2615,$711,$1904,$0,$993,$2142,$473,$-112,$361,$66,$295,$266,$288,$682,$473,$326,330,$0.88,$0.87,$2412,$392,$1461,$5482,$15913,$7250,$0,$1614,$30779,$36261,$4303,$9101,$7444,$23334,$27637,$2080,$5551,$78,$8624,$36261,$1181,$1204,$755,$1959,$208,$-68,$-137,$742,$622,$3762,$-2447,$0,$-18,$-346,$-115,$-461,$-37,$-2963,$240,$-364,$-124,$-107,$89,$-514,$-154,$-703,$96,$47,$-514
