,Date,Stock Price,Book Value per Share,Price to Book Ratio,TTM Sales per Share,Price to Sales Ratio,TTM FCF per Share,Price to FCF Ratio,TTM Net EPS,PE Ratio,Current Assets,Current Liabilities,Current Ratio,Long Term Debt,Shareholder's Equity_x,Debt to Equity Ratio,TTM Revenue_x,TTM Gross Profit,Gross Margin,TTM Revenue_y,TTM Operating Income,Operating Margin,TTM Revenue_x,TTM EBIT,EBIT Margin,TTM Revenue_y,TTM EBITDA,EBITDA Margin,TTM Revenue_x,TTM Pre-Tax Income,Pre-Tax Margin,TTM Revenue_y,TTM Net Income_x,Net Margin,TTM Net Income_y,Shareholder's Equity_y,Return on Equity,TTM Net Income_x,Tangible Equity,Return on Tangible Equity,TTM Net Income_y,Total Assets,Return on Assets,TTM Net Income,LT Investments & Debt,Return on Investment,revenue,cost-goods-sold,gross-profit,research-development-expenses,selling-general-administrative-expenses,operating-expenses,operating-income,total-non-operating-income-expense,pre-tax-income,total-provision-income-taxes,income-after-taxes,income-from-continuous-operations,net-income,ebitda,ebit,basic-shares-outstanding,shares-outstanding,eps-basic-net-earnings-per-share,eps-earnings-per-share-diluted,cash-on-hand,inventory,other-current-assets,total-current-assets,net-property-plant-equipment,long-term-investments,goodwill-intangible-assets-total,other-long-term-assets,total-long-term-assets,total-assets,total-current-liabilities,long-term-debt,other-non-current-liabilities,total-long-term-liabilities,total-liabilities,common-stock-net,retained-earnings-accumulated-deficit,comprehensive-income,total-share-holder-equity,total-liabilities-share-holders-equity,net-income-loss,total-depreciation-amortization-cash-flow,other-non-cash-items,total-non-cash-items,change-in-accounts-receivable,change-in-inventories,change-in-accounts-payable,change-in-assets-liabilities,total-change-in-assets-liabilities,cash-flow-from-operating-activities,net-change-in-property-plant-equipment,net-change-in-intangible-assets,net-acquisitions-divestitures,net-change-in-short-term-investments,net-change-in-long-term-investments,net-change-in-investments-total,investing-activities-other,cash-flow-from-investing-activities,net-long-term-debt,net-current-debt,debt-issuance-retirement-net-total,net-common-equity-issued-repurchased,net-total-equity-issued-repurchased,total-common-preferred-stock-dividends-paid,financial-activities-other,cash-flow-from-financial-activities,net-cash-flow,stock-based-compensation,common-stock-dividends-paid
0,2018-09-30,145.32,$12.16,11.96,$37.11,3.92,$11.83,12.28,$3.15,46.13,$6.25B,$3.56B,1.75,$3.36B,$4.43B,0.76,$13.93B,$10.98B,78.78%,$13.93B,$2.14B,15.32%,$13.93B,$2.14B,15.32%,$13.93B,$2.67B,19.17%,$13.93B,$2.06B,14.81%,$13.93B,$1.18B,8.48%,$1.18B,$4.43B,25.58%,$1.18B,$1.24B,84.07%,$1.18B,$12.54B,9.36%,$2.14B,$7.79B,26.75%,$3524,$823,$2701,$0,$2008,$2872,$652,$-19,$633,$131,$502,$502,$500,$784,$652,$367,374,$1.36,$1.34,$1993,$1681,$0,$6249,$1838,$661,$3193,$602,$6294,$12543,$3563,$3361,$1189,$4550,$8113,$6,$9170,$-409,$4430,$12543,$502,$132,$49,$181,$-546,$-36,$-262,$42,$-802,$-119,$-128,$0,$0,$0,$159,$159,$0,$31,$0,$-3,$-3,$-530,$-530,$-141,$32,$-642,$-738,$58,$-141
1,2018-06-30,142.69,$12.83,11.12,$36.42,3.92,$12.40,11.51,$2.95,48.37,$6.17B,$3.31B,1.86,$3.36B,$4.71B,0.71,$13.68B,$10.84B,79.22%,$13.68B,$2.05B,15.00%,$13.68B,$2.05B,15.00%,$13.68B,$2.58B,18.88%,$13.68B,$1.98B,14.47%,$13.68B,$1.11B,8.10%,$1.11B,$4.71B,23.59%,$1.11B,$1.51B,75.14%,$1.11B,$12.57B,8.84%,$2.05B,$8.07B,25.44%,$3295,$697,$2598,$0,$2289,$3019,$276,$-15,$261,$73,$188,$188,$186,$418,$276,$368,376,$0.51,$0.49,$2715,$1618,$0,$6168,$1823,$843,$3202,$531,$6399,$12567,$3310,$3361,$1186,$4547,$7857,$6,$9040,$-434,$4710,$12567,$1117,$531,$350,$881,$-105,$-147,$349,$478,$575,$2573,$-629,$0,$-11,$0,$271,$271,$0,$-369,$-2,$-8,$-10,$-759,$-759,$-546,$143,$-1172,$1045,$236,$-546
2,2018-03-31,149.34,$12.90,11.58,$35.40,4.22,$10.73,13.92,$3.07,48.65,$6.17B,$3.39B,1.82,$3.36B,$4.74B,0.71,$13.28B,$10.52B,79.22%,$13.28B,$2.01B,15.10%,$13.28B,$2.01B,15.10%,$13.28B,$2.52B,18.99%,$13.28B,$1.93B,14.50%,$13.28B,$1.15B,8.67%,$1.15B,$4.74B,24.91%,$1.15B,$1.51B,82.97%,$1.15B,$12.77B,9.37%,$2.01B,$8.10B,25.09%,$3370,$683,$2687,$0,$2093,$2873,$497,$-17,$480,$106,$374,$374,$372,$630,$497,$368,376,$1.01,$0.99,$2524,$1533,$0,$6169,$1726,$1027,$3224,$626,$6603,$12772,$3388,$3363,$1284,$4647,$8035,$6,$8996,$-386,$4737,$12772,$929,$389,$263,$652,$-325,$0,$20,$655,$350,$1931,$-368,$0,$-11,$0,$224,$224,$0,$-155,$-1,$106,$105,$-676,$-676,$-407,$156,$-822,$1004,$196,$-407
3,2017-12-31,126.58,$12.47,10.15,$34.11,3.71,$9.12,13.88,$2.88,43.95,$5.98B,$3.40B,1.76,$3.37B,$4.59B,0.74,$12.77B,$10.10B,79.11%,$12.77B,$1.94B,15.16%,$12.77B,$1.94B,15.16%,$12.77B,$2.44B,19.09%,$12.77B,$1.85B,14.51%,$12.77B,$1.08B,8.43%,$1.08B,$4.59B,24.10%,$1.08B,$1.36B,88.06%,$1.08B,$12.60B,9.01%,$1.94B,$7.96B,24.67%,$3744,$753,$2991,$0,$2214,$3034,$710,$-20,$690,$565,$125,$125,$123,$839,$710,$369,376,$0.33,$0.33,$2499,$1445,$0,$5975,$1728,$1112,$3228,$561,$6629,$12604,$3403,$3374,$1238,$4612,$8015,$6,$8733,$-407,$4589,$12604,$555,$256,$261,$517,$-281,$66,$-111,$704,$378,$1450,$-263,$0,$-11,$0,$130,$130,$0,$-144,$-1,$222,$221,$-398,$-398,$-267,$82,$-362,$969,$132,$-267
4,2017-09-30,106.95,$12.90,8.29,$32.76,3.26,$7.65,13.98,$3.70,28.91,$5.51B,$3.14B,1.75,$3.38B,$4.75B,0.71,$12.23B,$9.68B,79.14%,$12.23B,$1.84B,15.07%,$12.23B,$1.84B,15.07%,$12.23B,$2.33B,19.03%,$12.23B,$1.76B,14.41%,$12.23B,$1.38B,11.30%,$1.38B,$4.75B,32.33%,$1.38B,$1.52B,136.43%,$1.38B,$12.20B,11.91%,$1.84B,$8.14B,25.31%,$3274,$711,$2563,$0,$1960,$2705,$569,$-20,$549,$119,$430,$430,$427,$696,$569,$368,375,$1.16,$1.14,$1825,$1518,$0,$5507,$1695,$1087,$3237,$676,$6695,$12202,$3142,$3383,$924,$4307,$7449,$6,$8752,$-435,$4753,$12202,$430,$127,$65,$192,$-390,$-16,$-166,$32,$-540,$82,$-116,$0,$0,$0,$163,$163,$0,$47,$0,$362,$362,$-111,$-111,$-126,$48,$173,$308,$57,$-126
5,2017-06-30,94.88,$11.96,7.93,$31.72,2.99,$7.14,13.29,$3.35,28.32,$4.96B,$2.82B,1.76,$3.38B,$4.40B,0.77,$11.82B,$9.39B,79.39%,$11.82B,$1.69B,14.31%,$11.82B,$1.69B,14.31%,$11.82B,$2.16B,18.23%,$11.82B,$1.62B,13.68%,$11.82B,$1.25B,10.56%,$1.25B,$4.40B,31.19%,$1.25B,$1.16B,107.63%,$1.25B,$11.57B,11.47%,$1.69B,$7.79B,25.46%,$2894,$613,$2281,$0,$1947,$2664,$230,$-23,$207,$-23,$230,$230,$229,$357,$230,$367,373,$0.62,$0.61,$1741,$1479,$0,$4964,$1671,$1026,$3243,$664,$6604,$11568,$2823,$3383,$960,$4343,$7166,$6,$8452,$-484,$4402,$11568,$1256,$464,$59,$523,$-92,$-85,$54,$144,$21,$1800,$-492,$0,$-1681,$0,$-41,$-41,$0,$-2214,$1192,$165,$1357,$-413,$-413,$-486,$172,$630,$222,$219,$-486
6,2017-03-31,83.52,$11.25,7.43,$30.98,2.7,$6.99,11.95,$2.99,27.93,$4.97B,$2.86B,1.74,$3.38B,$4.14B,0.82,$11.58B,$9.24B,79.83%,$11.58B,$1.61B,13.86%,$11.58B,$1.61B,13.86%,$11.58B,$2.05B,17.73%,$11.58B,$1.54B,13.30%,$11.58B,$1.11B,9.62%,$1.11B,$4.14B,29.31%,$1.11B,$0.86B,81.05%,$1.11B,$11.45B,10.81%,$1.61B,$7.51B,26.43%,$2857,$591,$2266,$0,$1780,$2430,$427,$-20,$407,$107,$300,$300,$298,$546,$427,$367,372,$0.81,$0.80,$1840,$1310,$0,$4972,$1576,$993,$3279,$625,$6473,$11445,$2860,$3377,$1073,$4450,$7310,$6,$8350,$-599,$4135,$11445,$1026,$337,$77,$414,$-242,$59,$-168,$163,$-188,$1252,$-304,$0,$-1690,$0,$-112,$-112,$0,$-2106,$1494,$194,$1688,$-363,$-363,$-361,$119,$1083,$225,$175,$-361
7,2016-12-31,75.04,$10.40,7.21,$30.38,2.47,$7.06,10.63,$2.90,25.88,$4.79B,$4.46B,1.07,$1.89B,$3.81B,0.5,$11.38B,$9.13B,80.24%,$11.38B,$1.56B,13.73%,$11.38B,$1.56B,13.73%,$11.38B,$1.99B,17.52%,$11.38B,$1.50B,13.21%,$11.38B,$1.08B,9.50%,$1.08B,$3.81B,29.04%,$1.08B,$0.52B,62.78%,$1.08B,$11.21B,11.20%,$1.56B,$5.70B,28.13%,$3208,$637,$2571,$0,$1917,$2591,$617,$-17,$600,$170,$430,$430,$428,$729,$617,$367,373,$1.17,$1.15,$1675,$1278,$0,$4789,$1563,$996,$3287,$577,$6423,$11212,$4458,$1890,$1056,$2946,$7404,$6,$8178,$-639,$3808,$11212,$726,$218,$86,$304,$-243,$78,$-143,$102,$-206,$824,$-196,$0,$-1690,$0,$159,$159,$0,$-1727,$-3,$1817,$1814,$-363,$-363,$-236,$55,$1270,$348,$134,$-236
8,2016-09-30,86.5,$10.03,8.62,$30.08,2.88,$7.34,11.79,$2.94,29.42,$4.40B,$2.71B,1.62,$1.91B,$3.68B,0.52,$11.29B,$9.09B,80.52%,$11.29B,$1.58B,13.95%,$11.29B,$1.58B,13.95%,$11.29B,$2.00B,17.69%,$11.29B,$1.52B,13.45%,$11.29B,$1.10B,9.74%,$1.10B,$3.68B,29.93%,$1.10B,$2.11B,51.66%,$1.10B,$9.35B,12.23%,$1.58B,$5.58B,28.98%,$2865,$596,$2269,$0,$1825,$2447,$418,$-15,$403,$107,$296,$296,$294,$524,$418,$366,373,$0.80,$0.79,$1189,$1296,$0,$4401,$1569,$1050,$1569,$759,$4947,$9348,$2712,$1908,$1053,$2961,$5673,$6,$7876,$-548,$3675,$9348,$296,$106,$56,$162,$-365,$-31,$-170,$4,$-608,$-150,$-73,$0,$-10,$0,$17,$17,$0,$-66,$-2,$263,$261,$-222,$-222,$-111,$36,$-36,$-250,$88,$-111
9,2016-06-30,88.61,$9.75,9.09,$29.89,2.96,$7.72,11.48,$2.97,29.84,$4.23B,$2.68B,1.58,$1.91B,$3.59B,0.53,$11.26B,$9.08B,80.63%,$11.26B,$1.61B,14.30%,$11.26B,$1.61B,14.30%,$11.26B,$2.03B,17.98%,$11.26B,$1.56B,13.81%,$11.26B,$1.12B,9.90%,$1.12B,$3.59B,30.70%,$1.12B,$2.02B,52.81%,$1.12B,$9.22B,12.73%,$1.61B,$5.50B,30.28%,$2646,$511,$2135,$0,$1893,$2503,$143,$-13,$130,$35,$95,$95,$94,$253,$143,$370,377,$0.25,$0.24,$1383,$1264,$0,$4225,$1583,$1108,$1572,$735,$4998,$9223,$2681,$1910,$1045,$2955,$5636,$6,$7693,$-545,$3587,$9223,$1121,$415,$108,$523,$-101,$-69,$101,$214,$145,$1789,$-525,$0,$-101,$0,$-643,$-643,$0,$-1269,$608,$0,$608,$-890,$-890,$-423,$100,$-605,$-107,$184,$-423
10,2016-03-31,91.52,$10.35,8.84,$29.41,3.11,$8.17,11.19,$3.12,29.33,$4.25B,$2.43B,1.75,$1.61B,$3.82B,0.42,$11.14B,$8.98B,80.64%,$11.14B,$1.70B,15.22%,$11.14B,$1.70B,15.22%,$11.14B,$2.11B,18.94%,$11.14B,$1.65B,14.77%,$11.14B,$1.17B,10.54%,$1.17B,$3.82B,32.18%,$1.17B,$2.25B,54.52%,$1.17B,$8.82B,13.79%,$1.70B,$5.44B,32.25%,$2657,$504,$2153,$0,$1754,$2273,$384,$-14,$370,$104,$266,$266,$265,$487,$384,$369,376,$0.72,$0.71,$1074,$1151,$0,$4252,$1511,$1075,$1578,$401,$4564,$8816,$2434,$1613,$948,$2560,$4994,$6,$7712,$-439,$3822,$8816,$1026,$305,$151,$456,$-251,$53,$-46,$78,$-166,$1316,$-334,$0,$-101,$0,$-662,$-662,$0,$-1097,$-6,$286,$280,$-703,$-703,$-312,$70,$-665,$-465,$147,$-312
11,2015-12-31,85.18,$9.79,8.7,$29.04,2.93,$8.43,10.1,$3.12,27.3,$4.48B,$2.48B,1.81,$1.61B,$3.62B,0.45,$11.06B,$8.91B,80.51%,$11.06B,$1.71B,15.44%,$11.06B,$1.71B,15.44%,$11.06B,$2.12B,19.16%,$11.06B,$1.66B,15.00%,$11.06B,$1.18B,10.67%,$1.18B,$3.62B,32.27%,$1.18B,$2.15B,53.95%,$1.18B,$8.58B,14.17%,$1.71B,$5.22B,32.90%,$3124,$589,$2535,$0,$1886,$2494,$630,$-14,$616,$167,$449,$449,$447,$734,$630,$370,376,$1.21,$1.19,$1414,$1077,$0,$4476,$1497,$772,$1464,$373,$4106,$8582,$2479,$1607,$880,$2487,$4967,$6,$7558,$-497,$3616,$8582,$760,$202,$116,$318,$-277,$102,$-81,$140,$-116,$962,$-223,$0,$-19,$0,$-402,$-402,$0,$-644,$-4,$347,$343,$-628,$-628,$-201,$33,$-453,$-153,$111,$-201
12,2015-09-30,77.76,$9.45,8.23,$28.62,2.72,$8.56,9.09,$3.06,25.41,$4.38B,$2.45B,1.79,$1.61B,$3.50B,0.46,$10.99B,$8.84B,80.51%,$10.99B,$1.71B,15.58%,$10.99B,$1.71B,15.58%,$10.99B,$2.12B,19.27%,$10.99B,$1.67B,15.17%,$10.99B,$1.17B,10.65%,$1.17B,$3.50B,31.52%,$1.17B,$2.04B,50.72%,$1.17B,$8.43B,14.35%,$1.71B,$5.12B,33.07%,$2835,$577,$2258,$0,$1805,$2382,$453,$-14,$439,$128,$311,$311,$309,$551,$453,$373,379,$0.83,$0.82,$1079,$1177,$0,$4383,$1469,$710,$1467,$397,$4042,$8425,$2454,$1613,$857,$2469,$4923,$6,$7224,$-449,$3502,$8425,$311,$98,$62,$160,$-389,$17,$-101,$10,$-463,$8,$-90,$0,$-19,$0,$-455,$-455,$0,$-564,$-2,$426,$424,$-387,$-387,$-90,$9,$-44,$-613,$69,$-90
13,2015-06-30,83.28,$9.75,8.54,$27.91,2.98,$8.90,9.36,$2.83,29.43,$4.18B,$2.13B,1.96,$1.60B,$3.65B,0.44,$10.78B,$8.68B,80.51%,$10.78B,$1.61B,14.90%,$10.78B,$1.61B,14.90%,$10.78B,$2.02B,18.69%,$10.78B,$1.56B,14.49%,$10.78B,$1.09B,10.10%,$1.09B,$3.65B,28.77%,$1.09B,$2.18B,43.83%,$1.09B,$8.23B,13.68%,$1.61B,$5.25B,31.04%,$2524,$487,$2037,$0,$1809,$2296,$228,$-9,$220,$65,$154,$154,$153,$338,$228,$379,386,$0.40,$0.39,$1525,$1216,$0,$4184,$1490,$420,$1471,$661,$4043,$8227,$2130,$1595,$848,$2443,$4573,$6,$7004,$-382,$3654,$8227,$1094,$409,$91,$500,$103,$-26,$147,$125,$349,$1943,$-473,$0,$-241,$0,$-902,$-902,$0,$-1616,$286,$13,$299,$-983,$-983,$-350,$139,$-895,$-608,$165,$-350
14,2015-03-31,79.7,$10.21,7.8,$28.30,2.82,$7.69,10.36,$3.09,25.79,$4.43B,$2.10B,2.11,$1.32B,$3.87B,0.34,$10.98B,$8.84B,80.45%,$10.98B,$1.76B,16.01%,$10.98B,$1.76B,16.01%,$10.98B,$2.16B,19.69%,$10.98B,$1.71B,15.57%,$10.98B,$1.19B,10.87%,$1.19B,$3.87B,31.10%,$1.19B,$2.39B,45.17%,$1.19B,$8.10B,15.17%,$1.76B,$5.18B,34.07%,$2581,$503,$2078,$0,$1680,$2183,$397,$-12,$385,$112,$273,$273,$272,$497,$397,$379,385,$0.72,$0.71,$1425,$1073,$0,$4429,$1398,$394,$1477,$397,$3666,$8095,$2097,$1318,$815,$2133,$4230,$6,$6942,$-409,$3865,$8095,$940,$299,$80,$379,$-94,$105,$15,$-14,$67,$1385,$-280,$0,$-61,$0,$-692,$-692,$0,$-1032,$-6,$119,$113,$-626,$-626,$-260,$119,$-654,$-341,$134,$-260
15,2014-12-31,72.82,$10.11,7.2,$28.10,2.59,$6.93,10.51,$2.92,24.94,$4.43B,$2.04B,2.17,$1.32B,$3.83B,0.35,$10.95B,$8.81B,80.43%,$10.95B,$1.70B,15.55%,$10.95B,$1.70B,15.55%,$10.95B,$2.10B,19.19%,$10.95B,$1.65B,15.10%,$10.95B,$1.14B,10.36%,$1.14B,$3.83B,29.92%,$1.14B,$2.62B,41.97%,$1.14B,$7.86B,14.63%,$1.70B,$5.15B,33.28%,$3045,$573,$2471,$0,$1839,$2412,$633,$-11,$622,$184,$438,$438,$436,$731,$633,$380,386,$1.15,$1.13,$1372,$1112,$0,$4426,$1434,$388,$1209,$400,$3431,$7857,$2044,$1321,$662,$1983,$4027,$6,$6762,$-295,$3829,$7857,$667,$199,$80,$278,$-110,$107,$-1,$3,$49,$994,$-187,$0,$-104,$0,$-499,$-499,$0,$-791,$-5,$51,$46,$-479,$-479,$-169,$34,$-568,$-388,$101,$-169
16,2014-09-30,71.17,$9.95,7.15,$27.85,2.56,$6.27,11.35,$2.88,24.71,$4.73B,$1.94B,2.44,$1.32B,$3.79B,0.35,$10.93B,$8.77B,80.31%,$10.93B,$1.73B,15.80%,$10.93B,$1.73B,15.80%,$10.93B,$2.12B,19.43%,$10.93B,$1.68B,15.34%,$10.93B,$1.13B,10.36%,$1.13B,$3.79B,29.73%,$1.13B,$2.75B,41.07%,$1.13B,$7.66B,14.60%,$1.73B,$5.11B,33.64%,$2631,$537,$2094,$0,$1746,$2283,$348,$-13,$335,$106,$229,$229,$228,$449,$348,$382,388,$0.60,$0.59,$1395,$1257,$0,$4728,$1444,$0,$1048,$444,$2936,$7664,$1942,$1319,$609,$1928,$3870,$6,$6417,$-204,$3794,$7664,$229,$101,$51,$152,$-168,$-10,$12,$-37,$-253,$128,$-79,$0,$-10,$0,$8,$8,$0,$-80,$-4,$-3,$-7,$-207,$-207,$-78,$18,$-273,$-234,$62,$-78
17,2014-06-30,70.55,$10.11,6.98,$27.84,2.53,$6.00,11.75,$3.05,23.13,$4.83B,$2.06B,2.35,$1.33B,$3.87B,0.34,$10.97B,$8.81B,80.33%,$10.97B,$1.83B,16.67%,$10.97B,$1.83B,16.67%,$10.97B,$2.21B,20.17%,$10.97B,$1.78B,16.20%,$10.97B,$1.21B,10.99%,$1.21B,$3.87B,32.03%,$1.21B,$2.82B,44.46%,$1.21B,$7.87B,15.61%,$1.83B,$5.19B,35.94%,$2725,$534,$2192,$0,$1812,$2345,$380,$-13,$368,$109,$258,$258,$258,$485,$380,$386,393,$0.68,$0.67,$1629,$1294,$0,$4825,$1503,$14,$1051,$477,$3044,$7869,$2057,$1325,$618,$1943,$3999,$6,$6266,$-100,$3869,$7869,$1209,$385,$137,$521,$-196,$-157,$34,$-45,$-195,$1535,$-510,$0,$-9,$0,$8,$8,$0,$-512,$-12,$5,$-7,$-667,$-667,$-302,$119,$-857,$133,$153,$-302
18,2014-03-31,63.37,$9.62,6.59,$27.01,2.35,$5.34,11.88,$2.63,24.09,$4.69B,$2.04B,2.3,$1.33B,$3.68B,0.36,$10.65B,$8.55B,80.28%,$10.65B,$1.59B,14.97%,$10.65B,$1.59B,14.97%,$10.65B,$1.98B,18.59%,$10.65B,$1.54B,14.48%,$10.65B,$1.04B,9.77%,$1.04B,$3.68B,28.76%,$1.04B,$2.63B,40.53%,$1.04B,$7.65B,13.81%,$1.59B,$5.01B,32.23%,$2550,$499,$2051,$0,$1710,$2208,$342,$-12,$329,$116,$214,$214,$213,$437,$342,$386,392,$0.55,$0.54,$1530,$1215,$0,$4692,$1435,$0,$1052,$468,$2954,$7646,$2039,$1328,$597,$1924,$3964,$6,$6085,$-110,$3682,$7646,$951,$280,$135,$415,$-227,$-87,$26,$-65,$-196,$1169,$-343,$0,$-9,$0,$8,$8,$0,$-344,$-9,$5,$-4,$-600,$-600,$-225,$85,$-745,$35,$125,$-225
19,2013-12-31,71.16,$10.01,7.11,$26.32,2.7,$4.82,14.75,$2.54,28.01,$4.93B,$2.04B,2.42,$1.32B,$3.88B,0.34,$10.39B,$8.35B,80.33%,$10.39B,$1.50B,14.40%,$10.39B,$1.50B,14.40%,$10.39B,$1.88B,18.07%,$10.39B,$1.45B,13.91%,$10.39B,$1.01B,9.69%,$1.01B,$3.88B,28.76%,$1.01B,$2.83B,41.20%,$1.01B,$7.84B,13.61%,$1.50B,$5.21B,31.01%,$3019,$582,$2437,$0,$1784,$2362,$656,$-12,$644,$209,$435,$435,$433,$752,$656,$388,395,$1.11,$1.09,$1748,$1146,$0,$4926,$1395,$0,$1053,$467,$2916,$7841,$2039,$1323,$596,$1919,$3958,$6,$5949,$-106,$3883,$7841,$737,$184,$79,$264,$-318,$-13,$6,$-45,$-218,$782,$-217,$0,$-9,$0,$-1,$-1,$0,$-227,$-7,$3,$-3,$-205,$-205,$-148,$54,$-303,$252,$95,$-148
20,2013-09-30,65.86,$9.31,7.07,$26.12,2.52,$4.53,14.53,$2.58,25.53,$4.63B,$1.99B,2.33,$1.33B,$3.61B,0.37,$10.31B,$8.28B,80.30%,$10.31B,$1.49B,14.50%,$10.31B,$1.49B,14.50%,$10.31B,$1.86B,18.03%,$10.31B,$1.46B,14.19%,$10.31B,$1.02B,9.92%,$1.02B,$3.61B,30.86%,$1.02B,$2.56B,45.44%,$1.02B,$7.52B,14.13%,$1.49B,$4.94B,32.21%,$2675,$544,$2131,$0,$1680,$2226,$450,$-14,$436,$134,$302,$302,$301,$538,$450,$388,395,$0.78,$0.76,$1322,$1196,$0,$4632,$1364,$0,$1052,$472,$2888,$7521,$1988,$1325,$596,$1920,$3908,$6,$5595,$-96,$3613,$7521,$302,$89,$36,$125,$-375,$-58,$-27,$63,$-397,$30,$-86,$0,$-9,$0,$0,$0,$0,$-95,$-4,$0,$-4,$-60,$-60,$-70,$18,$-115,$-174,$56,$-70
21,2013-06-30,61.8,$8.51,7.26,$25.79,2.4,$4.12,15.02,$2.58,23.95,$4.30B,$1.94B,2.22,$1.33B,$3.30B,0.4,$10.18B,$8.16B,80.10%,$10.18B,$1.53B,14.99%,$10.18B,$1.53B,14.99%,$10.18B,$1.88B,18.46%,$10.18B,$1.48B,14.50%,$10.18B,$1.02B,10.03%,$1.02B,$3.30B,32.23%,$1.02B,$2.25B,48.61%,$1.02B,$7.15B,14.37%,$1.53B,$4.63B,33.93%,$2407,$476,$1932,$0,$1765,$2262,$146,$-13,$133,$37,$96,$96,$94,$253,$146,$388,395,$0.24,$0.24,$1496,$1114,$0,$4297,$1351,$0,$1051,$446,$2848,$7145,$1935,$1326,$583,$1909,$3843,$6,$5364,$-158,$3302,$7145,$1024,$355,$56,$411,$-113,$-135,$-9,$48,$-208,$1226,$-461,$0,$-9,$0,$4,$4,$0,$-466,$257,$-199,$59,$-388,$-388,$-419,$137,$-612,$148,$146,$-419
22,2013-03-31,60.01,$8.27,7.25,$25.36,2.37,$3.96,15.17,$2.47,24.29,$4.29B,$1.92B,2.24,$1.33B,$3.21B,0.41,$10.03B,$8.03B,80.13%,$10.03B,$1.45B,14.49%,$10.03B,$1.45B,14.49%,$10.03B,$1.80B,17.97%,$10.03B,$1.40B,13.98%,$10.03B,$0.98B,9.75%,$0.98B,$3.21B,32.28%,$0.98B,$2.14B,49.99%,$0.98B,$7.10B,14.04%,$1.45B,$4.54B,33.84%,$2292,$443,$1849,$0,$1605,$2047,$245,$-13,$233,$54,$179,$179,$179,$336,$245,$387,394,$0.46,$0.45,$1439,$989,$0,$4286,$1296,$0,$1072,$441,$2809,$7095,$1916,$1329,$643,$1972,$3888,$6,$5340,$-198,$3207,$7095,$928,$247,$56,$304,$-297,$-4,$-104,$-24,$-297,$934,$-306,$0,$-9,$0,$3,$3,$0,$-311,$261,$-199,$62,$-363,$-363,$-349,$114,$-537,$91,$118,$-349
23,2012-12-31,55.94,$8.07,6.93,$25.22,2.22,$3.87,14.46,$2.35,23.8,$4.34B,$2.05B,2.12,$1.33B,$3.12B,0.43,$9.98B,$7.96B,79.78%,$9.98B,$1.42B,14.22%,$9.98B,$1.42B,14.22%,$9.98B,$1.75B,17.56%,$9.98B,$1.37B,13.68%,$9.98B,$0.93B,9.31%,$0.93B,$3.12B,31.58%,$0.93B,$2.05B,49.84%,$0.93B,$7.17B,13.58%,$1.42B,$4.45B,34.27%,$2933,$568,$2365,$0,$1699,$2280,$653,$8,$661,$212,$449,$449,$448,$732,$653,$387,395,$1.16,$1.13,$1324,$994,$0,$4341,$1302,$0,$1074,$454,$2829,$7170,$2052,$1330,$665,$1995,$4047,$6,$5232,$-134,$3123,$7170,$749,$157,$48,$204,$-445,$12,$-158,$293,$-298,$655,$-205,$0,$-9,$0,$-2,$-2,$0,$-216,$260,$-192,$67,$-327,$-327,$-280,$66,$-473,$-24,$89,$-280
24,2012-09-30,56.83,$7.85,7.24,$24.72,2.3,$3.81,14.9,$2.22,25.6,$4.21B,$1.97B,2.14,$1.33B,$3.04B,0.44,$9.79B,$7.79B,79.55%,$9.79B,$1.36B,13.93%,$9.79B,$1.36B,13.93%,$9.79B,$1.69B,17.26%,$9.79B,$1.30B,13.24%,$9.79B,$0.88B,8.97%,$0.88B,$3.04B,31.11%,$0.88B,$1.97B,50.46%,$0.88B,$7.01B,13.23%,$1.36B,$4.37B,34.46%,$2550,$539,$2010,$0,$1528,$2068,$482,$-33,$449,$149,$300,$300,$300,$560,$482,$388,396,$0.77,$0.76,$1054,$1068,$0,$4213,$1269,$0,$1073,$452,$2795,$7008,$1972,$1331,$664,$1995,$3967,$6,$5064,$-144,$3041,$7008,$300,$78,$40,$117,$-518,$-59,$-79,$115,$-542,$-125,$-96,$0,$-9,$0,$0,$0,$0,$-104,$263,$-195,$67,$-165,$-165,$-1,$28,$-71,$-294,$55,$-1
25,2012-06-30,49.95,$7.06,7.07,$24.47,2.04,$4.08,12.25,$2.16,23.13,$3.86B,$2.13B,1.81,$1.07B,$2.75B,0.39,$9.71B,$7.72B,79.45%,$9.71B,$1.31B,13.50%,$9.71B,$1.31B,13.50%,$9.71B,$1.63B,16.77%,$9.71B,$1.26B,12.98%,$9.71B,$0.86B,8.82%,$0.86B,$2.75B,31.92%,$0.86B,$1.68B,53.68%,$0.86B,$6.59B,13.35%,$1.31B,$3.82B,34.93%,$2251,$441,$1810,$0,$1701,$2178,$73,$-14,$59,$7,$52,$52,$51,$175,$73,$389,397,$0.12,$0.13,$1348,$984,$0,$3855,$1232,$0,$1073,$433,$2738,$6593,$2126,$1069,$651,$1720,$3846,$6,$4765,$-213,$2748,$6593,$861,$318,$6,$324,$-178,$-41,$68,$94,$-58,$1127,$-421,$0,$-8,$0,$0,$0,$0,$-428,$-129,$197,$69,$-593,$-593,$-204,$143,$-585,$95,$125,$-204
26,2012-03-31,57.17,$7.35,7.78,$23.92,2.39,$3.98,14.36,$2.13,26.84,$3.90B,$2.06B,1.9,$1.07B,$2.86B,0.37,$9.52B,$7.54B,79.21%,$9.52B,$1.30B,13.68%,$9.52B,$1.30B,13.68%,$9.52B,$1.60B,16.82%,$9.52B,$1.25B,13.14%,$9.52B,$0.85B,8.89%,$0.85B,$2.86B,31.85%,$0.85B,$1.77B,54.18%,$0.85B,$6.60B,13.36%,$1.30B,$3.92B,34.92%,$2248,$469,$1779,$0,$1539,$2037,$212,$-15,$197,$66,$131,$131,$130,$286,$212,$388,396,$0.34,$0.33,$1193,$899,$0,$3900,$1182,$0,$1091,$429,$2702,$6602,$2058,$1066,$622,$1688,$3746,$6,$4715,$-49,$2856,$6602,$808,$215,$35,$250,$-397,$66,$-27,$-33,$-189,$870,$-272,$0,$-8,$0,$0,$0,$0,$-280,$-128,$122,$-6,$-550,$-550,$-204,$119,$-641,$-60,$101,$-204
27,2011-12-31,51.84,$6.82,7.6,$23.61,2.2,$3.72,13.94,$2.11,24.57,$3.75B,$2.02B,1.86,$1.07B,$2.64B,0.4,$9.44B,$7.45B,78.88%,$9.44B,$1.30B,13.78%,$9.44B,$1.30B,13.78%,$9.44B,$1.64B,17.36%,$9.44B,$1.25B,13.21%,$9.44B,$0.84B,8.92%,$0.84B,$2.64B,32.66%,$0.84B,$1.55B,56.99%,$0.84B,$6.34B,13.50%,$1.30B,$3.71B,35.60%,$2738,$551,$2187,$0,$1577,$2141,$597,$-6,$591,$193,$398,$398,$397,$668,$597,$387,395,$1.03,$1.00,$999,$899,$0,$3753,$1151,$0,$1091,$347,$2589,$6342,$2022,$1069,$608,$1676,$3699,$6,$4585,$-84,$2644,$6342,$677,$141,$50,$191,$-494,$59,$-48,$15,$-258,$610,$-182,$0,$-8,$0,$0,$0,$0,$-189,$-5,$4,$-2,$-522,$-522,$-204,$71,$-658,$-254,$77,$-204
28,2011-09-30,40.15,$6.44,6.23,$22.88,1.75,$3.54,11.35,$1.97,20.43,$3.56B,$1.97B,1.81,$1.07B,$2.49B,0.43,$9.20B,$7.21B,78.43%,$9.20B,$1.22B,13.29%,$9.20B,$1.22B,13.29%,$9.20B,$1.56B,16.91%,$9.20B,$1.16B,12.59%,$9.20B,$0.79B,8.58%,$0.79B,$2.49B,31.33%,$0.79B,$1.39B,56.15%,$0.79B,$6.14B,12.84%,$1.22B,$3.57B,33.68%,$2477,$534,$1942,$0,$1508,$2047,$430,$-16,$414,$135,$279,$279,$279,$500,$430,$391,399,$0.71,$0.70,$720,$982,$0,$3562,$1125,$0,$1099,$349,$2573,$6135,$1970,$1073,$601,$1674,$3643,$3,$4395,$-66,$2492,$6135,$279,$70,$38,$107,$-482,$-21,$-11,$-9,$-422,$-36,$-81,$0,$-8,$0,$0,$0,$0,$-89,$-2,$1,$-1,$-403,$-403,$-0,$14,$-391,$-534,$45,$-0
29,2011-06-30,48.08,$6.71,7.17,$21.90,2.2,$3.59,13.4,$1.74,27.63,$3.69B,$1.94B,1.9,$1.08B,$2.65B,0.41,$8.81B,$6.87B,78.02%,$8.81B,$1.09B,12.37%,$8.81B,$1.09B,12.37%,$8.81B,$1.42B,16.14%,$8.81B,$1.03B,11.64%,$8.81B,$0.70B,7.96%,$0.70B,$2.65B,28.85%,$0.70B,$1.54B,53.68%,$0.70B,$6.27B,11.64%,$1.09B,$3.73B,30.50%,$2061,$425,$1636,$0,$1560,$1996,$65,$-16,$49,$6,$43,$43,$41,$148,$65,$394,402,$0.11,$0.10,$1253,$996,$0,$3687,$1143,$0,$1105,$340,$2587,$6274,$1943,$1080,$604,$1684,$3627,$6,$4114,$18,$2647,$6274,$704,$332,$24,$357,$-125,$-95,$-17,$100,$-34,$1027,$-351,$0,$-256,$0,$0,$0,$0,$-607,$-17,$0,$-16,$-397,$-397,$-148,$248,$-313,$132,$95,$-148
30,2011-03-31,44.04,$6.42,6.87,$21.36,2.06,$3.62,12.17,$1.70,25.91,$3.71B,$1.98B,1.88,$1.08B,$2.53B,0.43,$8.59B,$6.66B,77.58%,$8.59B,$1.07B,12.44%,$8.59B,$1.07B,12.44%,$8.59B,$1.39B,16.15%,$8.59B,$0.98B,11.37%,$8.59B,$0.68B,7.96%,$0.68B,$2.53B,30.27%,$0.68B,$1.42B,57.18%,$0.68B,$6.20B,11.82%,$1.07B,$3.61B,31.13%,$2166,$483,$1683,$0,$1416,$1957,$209,$-16,$193,$68,$125,$125,$125,$323,$209,$395,404,$0.32,$0.31,$1099,$889,$0,$3711,$1087,$0,$1107,$292,$2486,$6197,$1975,$1083,$610,$1693,$3668,$3,$4075,$-50,$2529,$6197,$661,$249,$38,$287,$-434,$-0,$-81,$132,$-220,$728,$-224,$0,$-256,$0,$0,$0,$0,$-480,$-15,$7,$-8,$-347,$-347,$-148,$214,$-289,$-22,$75,$-148
31,2010-12-31,36.88,$6.10,6.05,$20.61,1.79,$3.95,9.34,$1.53,24.11,$3.51B,$1.75B,2.01,$1.21B,$2.41B,0.5,$8.28B,$6.40B,77.21%,$8.28B,$0.99B,11.90%,$8.28B,$0.99B,11.90%,$8.28B,$1.26B,15.20%,$8.28B,$0.89B,10.77%,$8.28B,$0.62B,7.45%,$0.62B,$2.41B,28.67%,$0.62B,$1.26B,53.77%,$0.62B,$5.98B,10.85%,$0.99B,$3.61B,28.96%,$2492,$541,$1951,$0,$1419,$1974,$518,$-16,$502,$156,$346,$346,$344,$584,$518,$393,402,$0.87,$0.86,$1043,$867,$0,$3514,$1067,$14,$1142,$245,$2468,$5982,$1751,$1205,$620,$1825,$3576,$3,$3951,$-112,$2406,$5982,$536,$135,$73,$208,$-388,$0,$-96,$102,$-235,$508,$-145,$0,$-256,$0,$0,$0,$0,$-401,$-13,$7,$-5,$-173,$-173,$-148,$127,$-199,$-78,$54,$-148
32,2010-09-30,28.62,$5.46,5.24,$20.05,1.43,$4.32,6.62,$1.32,21.76,$3.20B,$1.69B,1.9,$1.21B,$2.14B,0.56,$8.05B,$6.18B,76.76%,$8.05B,$0.87B,10.78%,$8.05B,$0.87B,10.78%,$8.05B,$1.18B,14.69%,$8.05B,$0.77B,9.56%,$8.05B,$0.53B,6.57%,$0.53B,$2.14B,25.77%,$0.53B,$1.00B,47.44%,$0.53B,$5.64B,9.41%,$0.87B,$3.34B,25.92%,$2092,$488,$1604,$0,$1302,$1794,$298,$-16,$282,$92,$190,$190,$191,$367,$298,$393,401,$0.49,$0.48,$694,$905,$0,$3198,$1044,$14,$1142,$240,$2439,$5638,$1687,$1205,$608,$1813,$3500,$3,$3755,$-121,$2138,$5638,$190,$69,$46,$115,$-369,$-35,$-64,$53,$-343,$-39,$-58,$0,$-259,$0,$0,$0,$0,$-316,$-10,$7,$-2,$-144,$-144,$-0,$63,$-83,$-427,$31,$-0
33,2010-06-30,25.22,$4.97,5.07,$19.46,1.3,$4.46,5.66,$1.20,21.11,$3.12B,$1.57B,1.99,$1.21B,$1.97B,0.61,$7.80B,$5.97B,76.54%,$7.80B,$0.79B,10.13%,$7.80B,$0.79B,10.13%,$7.80B,$1.10B,14.14%,$7.80B,$0.69B,8.84%,$7.80B,$0.48B,6.14%,$0.48B,$1.97B,24.16%,$0.48B,$1.10B,43.50%,$0.48B,$5.34B,8.59%,$0.79B,$3.17B,23.76%,$1840,$414,$1426,$0,$1358,$1797,$44,$-44,$-0,$-25,$25,$25,$24,$113,$44,$395,402,$0.06,$0.06,$1121,$827,$0,$3121,$1024,$0,$862,$329,$2215,$5336,$1572,$1205,$593,$1798,$3370,$3,$3564,$-197,$1965,$5336,$482,$312,$5,$317,$79,$-61,$104,$114,$157,$957,$-271,$0,$-11,$0,$-0,$-0,$0,$-281,$-227,$-8,$-235,$-267,$-267,$-109,$204,$-406,$256,$57,$-109
34,2010-03-31,29.36,$5.28,5.56,$19.13,1.53,$3.80,7.72,$1.09,26.94,$3.54B,$1.65B,2.15,$1.40B,$2.10B,0.67,$7.64B,$5.80B,75.88%,$7.64B,$0.73B,9.57%,$7.64B,$0.73B,9.57%,$7.64B,$1.09B,14.21%,$7.64B,$0.65B,8.56%,$7.64B,$0.44B,5.72%,$0.44B,$2.10B,22.91%,$0.44B,$1.23B,43.10%,$0.44B,$5.79B,7.89%,$0.73B,$3.50B,22.19%,$1860,$445,$1415,$0,$1277,$1734,$126,$-18,$108,$50,$58,$58,$58,$195,$126,$396,404,$0.15,$0.14,$1381,$785,$0,$3542,$1013,$13,$874,$353,$2252,$5794,$1647,$1396,$651,$2047,$3694,$3,$3540,$-114,$2100,$5794,$457,$242,$17,$259,$-133,$4,$25,$112,$82,$798,$-161,$0,$-9,$0,$-0,$-0,$0,$-171,$-25,$-9,$-34,$-148,$-148,$-109,$175,$-116,$517,$45,$-109
35,2009-12-31,21.89,$5.09,4.3,$18.83,1.16,$2.45,8.92,$1.02,21.46,$3.45B,$1.66B,2.08,$1.38B,$2.01B,0.69,$7.48B,$5.63B,75.33%,$7.48B,$0.68B,9.03%,$7.48B,$0.68B,9.03%,$7.48B,$1.04B,13.93%,$7.48B,$0.60B,7.97%,$7.48B,$0.41B,5.43%,$0.41B,$2.01B,22.62%,$0.41B,$1.13B,45.46%,$0.41B,$5.71B,7.56%,$0.68B,$3.39B,21.20%,$2262,$525,$1737,$0,$1282,$1863,$400,$-20,$380,$118,$262,$262,$256,$508,$400,$395,401,$0.65,$0.64,$1224,$756,$0,$3450,$1012,$13,$875,$362,$2262,$5712,$1656,$1376,$671,$2047,$3703,$3,$3483,$-77,$2009,$5712,$400,$173,$22,$196,$-226,$49,$-22,$127,$22,$617,$-104,$0,$-9,$0,$-0,$-0,$0,$-114,$-15,$-5,$-20,$-78,$-78,$-109,$57,$-150,$359,$31,$-109
36,2009-09-30,16.59,$4.72,3.52,$18.35,0.9,$1.33,12.52,$0.78,21.27,$3.16B,$1.54B,2.05,$1.39B,$1.86B,0.75,$7.25B,$5.43B,74.81%,$7.25B,$0.55B,7.51%,$7.25B,$0.55B,7.51%,$7.25B,$0.87B,11.95%,$7.25B,$0.47B,6.44%,$7.25B,$0.31B,4.25%,$0.31B,$1.86B,18.05%,$0.31B,$0.94B,38.94%,$0.31B,$5.47B,5.84%,$0.55B,$3.25B,17.56%,$1833,$445,$1388,$0,$1150,$1613,$220,$-20,$201,$63,$138,$138,$141,$286,$220,$393,396,$0.36,$0.36,$799,$844,$0,$3163,$1018,$13,$916,$357,$2304,$5467,$1540,$1389,$681,$2071,$3610,$3,$3336,$-84,$1857,$5467,$138,$65,$10,$75,$-219,$-43,$6,$-25,$-210,$3,$-45,$0,$-9,$0,$0,$0,$0,$-55,$-14,$-6,$-20,$-0,$-0,$-0,$0,$-20,$-65,$19,$-0
37,2009-06-30,14.62,$4.23,3.46,$18.51,0.79,$0.75,19.54,$0.56,26.34,$2.91B,$1.46B,2.0,$1.39B,$1.66B,0.83,$7.33B,$5.44B,74.29%,$7.33B,$0.42B,5.71%,$7.33B,$0.42B,5.71%,$7.33B,$0.74B,10.05%,$7.33B,$0.34B,4.68%,$7.33B,$0.22B,2.98%,$0.22B,$1.66B,13.04%,$0.22B,$0.75B,29.12%,$0.22B,$5.18B,4.19%,$0.42B,$3.05B,13.97%,$1683,$427,$1256,$0,$1152,$1697,$-15,$-20,$-35,$-23,$-12,$-9,$-18,$96,$-15,$393,395,$-0.05,$-0.05,$865,$795,$0,$2913,$1027,$13,$910,$315,$2264,$5177,$1459,$1388,$666,$2053,$3513,$3,$3195,$-117,$1664,$5177,$227,$317,$-53,$265,$104,$126,$-12,$-37,$205,$696,$-280,$0,$-69,$0,$9,$9,$0,$-340,$288,$-94,$194,$-63,$-63,$-108,$103,$126,$463,$52,$-108
38,2009-03-31,11.03,$4.20,2.63,$19.36,0.57,$0.54,20.48,$0.91,12.19,$2.90B,$1.44B,2.01,$1.40B,$1.65B,0.85,$7.65B,$5.71B,74.58%,$7.65B,$0.63B,8.28%,$7.65B,$0.63B,8.28%,$7.65B,$0.92B,12.03%,$7.65B,$0.57B,7.38%,$7.65B,$0.36B,4.65%,$0.36B,$1.65B,21.34%,$0.36B,$0.74B,47.58%,$0.36B,$5.12B,6.90%,$0.63B,$3.06B,21.78%,$1697,$446,$1250,$0,$1159,$1626,$70,$-21,$50,$21,$28,$28,$27,$151,$70,$393,394,$0.07,$0.07,$641,$820,$0,$2896,$1010,$21,$908,$284,$2223,$5119,$1443,$1403,$596,$2025,$3468,$3,$3213,$-115,$1651,$5119,$239,$206,$35,$241,$-113,$77,$-56,$-70,$-174,$307,$-216,$0,$-65,$0,$1,$1,$0,$-280,$289,$16,$304,$-63,$-63,$-108,$111,$244,$239,$43,$-108
39,2008-12-31,13.85,$4.20,3.3,$19.84,0.7,$0.99,13.99,$1.07,13.01,$3.08B,$1.68B,1.83,$1.41B,$1.65B,0.85,$7.84B,$5.87B,74.85%,$7.84B,$0.73B,9.25%,$7.84B,$0.73B,9.25%,$7.84B,$0.99B,12.68%,$7.84B,$0.66B,8.42%,$7.84B,$0.42B,5.35%,$0.42B,$1.65B,25.47%,$0.42B,$0.73B,57.67%,$0.42B,$5.32B,8.15%,$0.73B,$3.06B,25.82%,$2041,$508,$1533,$0,$1262,$1771,$270,$-20,$251,$89,$161,$158,$158,$334,$270,$393,395,$0.40,$0.40,$729,$897,$0,$3080,$1031,$21,$927,$263,$2242,$5322,$1682,$1406,$555,$1987,$3668,$3,$3186,$-75,$1654,$5322,$211,$126,$34,$159,$-89,$15,$-31,$-68,$-154,$217,$-158,$0,$-64,$0,$0,$0,$0,$-221,$290,$122,$412,$-63,$-63,$-108,$111,$352,$327,$32,$-108
40,2008-09-30,21.9,$4.37,5.01,$20.55,1.07,$1.35,16.18,$1.24,17.73,$2.91B,$1.82B,1.59,$1.08B,$1.72B,0.63,$8.11B,$6.06B,74.81%,$8.11B,$0.83B,10.18%,$8.11B,$0.83B,10.18%,$8.11B,$1.09B,13.49%,$8.11B,$0.76B,9.39%,$8.11B,$0.49B,5.98%,$0.49B,$1.72B,30.79%,$0.49B,$0.77B,73.12%,$0.49B,$5.18B,9.71%,$0.83B,$2.80B,31.08%,$1904,$500,$1403,$0,$1311,$1811,$93,$-15,$77,$28,$50,$50,$51,$155,$93,$391,398,$0.13,$0.13,$329,$1048,$0,$2906,$1043,$23,$945,$266,$2276,$5182,$1824,$1082,$536,$1641,$3465,$3,$3136,$40,$1716,$5182,$50,$63,$19,$82,$-178,$-97,$-19,$-23,$-327,$-196,$-76,$0,$-64,$0,$1,$1,$0,$-139,$-3,$220,$217,$-57,$-57,$-0,$111,$271,$-73,$23,$-0
41,2008-06-30,20.38,$4.24,4.81,$20.10,1.01,$1.50,13.57,$1.21,16.91,$2.79B,$1.70B,1.64,$1.08B,$1.65B,0.65,$7.91B,$5.91B,74.76%,$7.91B,$0.81B,10.24%,$7.91B,$0.81B,10.24%,$7.91B,$1.08B,13.59%,$7.91B,$0.74B,9.40%,$7.91B,$0.47B,5.98%,$0.47B,$1.65B,32.58%,$0.47B,$0.75B,85.88%,$0.47B,$5.01B,9.75%,$0.81B,$2.73B,32.06%,$2012,$491,$1522,$0,$1306,$1811,$201,$-14,$187,$62,$125,$130,$120,$281,$201,$388,394,$0.31,$0.30,$402,$987,$0,$2787,$1043,$24,$901,$256,$2224,$5011,$1699,$1078,$554,$1659,$3358,$3,$3085,$111,$1653,$5011,$484,$265,$-75,$190,$-87,$-71,$17,$40,$16,$690,$-358,$0,$-116,$0,$-5,$-5,$0,$-479,$-6,$55,$49,$-12,$-12,$-107,$-8,$-78,$148,$47,$-107
42,2008-03-31,20.12,$4.01,5.02,$19.23,1.05,$1.50,13.41,$1.13,17.88,$2.81B,$1.77B,1.59,$1.09B,$1.56B,0.7,$7.66B,$5.73B,74.83%,$7.66B,$0.77B,10.04%,$7.66B,$0.77B,10.04%,$7.66B,$1.02B,13.31%,$7.66B,$0.70B,9.16%,$7.66B,$0.44B,5.77%,$0.44B,$1.56B,33.03%,$0.44B,$0.66B,93.79%,$0.44B,$5.05B,9.54%,$0.77B,$2.64B,32.03%,$1880,$472,$1408,$0,$1247,$1719,$161,$-16,$145,$54,$91,$90,$90,$224,$161,$388,393,$0.24,$0.23,$410,$928,$0,$2812,$991,$27,$902,$321,$2241,$5052,$1766,$1086,$613,$1729,$3495,$3,$2965,$156,$1557,$5052,$354,$185,$-27,$157,$-190,$-19,$-2,$90,$8,$519,$-250,$0,$-120,$0,$-0,$-0,$0,$-371,$-4,$131,$127,$-94,$-94,$-107,$72,$-2,$156,$41,$-107
43,2007-12-31,19.13,$3.55,5.39,$18.52,1.03,$1.39,13.75,$1.12,17.08,$2.61B,$1.72B,1.52,$1.07B,$1.37B,0.78,$7.47B,$5.59B,74.81%,$7.47B,$0.77B,10.24%,$7.47B,$0.77B,10.24%,$7.47B,$1.00B,13.41%,$7.47B,$0.71B,9.44%,$7.47B,$0.45B,5.97%,$0.45B,$1.37B,36.70%,$0.45B,$0.47B,116.45%,$0.45B,$4.74B,10.20%,$0.77B,$2.45B,33.78%,$2309,$579,$1730,$0,$1360,$1938,$370,$-18,$352,$123,$229,$224,$224,$433,$370,$387,393,$0.58,$0.57,$320,$899,$0,$2614,$944,$22,$901,$256,$2123,$4737,$1715,$1073,$548,$1649,$3363,$3,$2875,$105,$1374,$4737,$264,$122,$33,$155,$-202,$-8,$12,$-25,$-56,$362,$-160,$0,$-116,$0,$-0,$-0,$0,$-277,$-2,$138,$136,$-80,$-80,$-107,$27,$-25,$66,$33,$-107
44,2007-09-30,18.4,$3.17,5.8,$17.35,1.06,$1.27,14.46,$1.05,17.6,$2.53B,$1.77B,1.43,$1.06B,$1.22B,0.87,$7.15B,$5.35B,74.81%,$7.15B,$0.73B,10.16%,$7.15B,$0.73B,10.16%,$7.15B,$0.95B,13.34%,$7.15B,$0.68B,9.48%,$7.15B,$0.43B,6.01%,$0.43B,$1.22B,33.71%,$0.43B,$0.32B,90.01%,$0.43B,$4.61B,10.24%,$0.73B,$2.29B,33.56%,$1710,$456,$1254,$0,$1176,$1632,$78,$-19,$60,$21,$38,$39,$39,$137,$78,$388,394,$0.10,$0.10,$211,$969,$0,$2528,$917,$22,$901,$244,$2085,$4613,$1772,$1062,$534,$1618,$3390,$3,$2758,$86,$1223,$4613,$39,$59,$14,$73,$-175,$-85,$-12,$-12,$-245,$-133,$-79,$0,$-116,$0,$-0,$-0,$0,$-195,$-1,$336,$334,$-54,$-54,$0,$3,$283,$-42,$19,$0
45,2007-06-30,19.72,$3.09,6.39,$16.74,1.18,$1.48,13.29,$1.08,18.26,$2.24B,$1.50B,1.49,$1.03B,$1.20B,0.86,$7.04B,$5.26B,74.78%,$7.04B,$0.75B,10.64%,$7.04B,$0.75B,10.64%,$7.04B,$0.97B,13.75%,$7.04B,$0.71B,10.10%,$7.04B,$0.45B,6.38%,$0.45B,$1.20B,32.84%,$0.45B,$0.43B,74.37%,$0.45B,$4.13B,11.14%,$0.75B,$2.23B,35.64%,$1762,$422,$1341,$0,$1168,$1602,$160,$-15,$145,$56,$89,$88,$89,$226,$160,$409,416,$0.23,$0.23,$254,$856,$0,$2239,$881,$22,$765,$219,$1886,$4126,$1501,$1028,$377,$1426,$2927,$3,$2732,$55,$1199,$4126,$449,$218,$59,$277,$-68,$-71,$46,$-26,$-65,$662,$-312,$0,$-61,$0,$-1,$-1,$0,$-374,$585,$-32,$553,$-850,$-850,$-104,$-11,$-412,$-115,$43,$-104
46,2007-03-31,21.17,$2.76,7.68,$16.19,1.31,$1.67,12.64,$0.96,22.05,$2.27B,$1.65B,1.38,$1.03B,$1.07B,0.97,$6.88B,$5.13B,74.55%,$6.88B,$0.78B,11.26%,$6.88B,$0.78B,11.26%,$6.88B,$0.98B,14.24%,$6.88B,$0.71B,10.30%,$6.88B,$0.41B,5.89%,$0.41B,$1.07B,27.49%,$0.41B,$0.30B,56.04%,$0.41B,$4.01B,10.26%,$0.78B,$2.10B,37.65%,$1691,$426,$1265,$0,$1108,$1534,$157,$-9,$148,$52,$96,$94,$94,$206,$157,$408,416,$0.23,$0.23,$202,$806,$0,$2266,$831,$22,$762,$134,$1748,$4014,$1648,$1033,$248,$1302,$2949,$3,$2619,$82,$1065,$4014,$361,$153,$22,$175,$-175,$-29,$8,$-48,$-85,$451,$-212,$0,$-57,$0,$-1,$-1,$0,$-269,$589,$50,$639,$-1004,$-1004,$-104,$118,$-352,$-167,$36,$-104
47,2006-12-31,17.69,$3.91,4.52,$15.80,1.12,$1.80,9.84,$0.88,20.21,$2.33B,$1.72B,1.36,$0.44B,$1.62B,0.27,$6.77B,$5.03B,74.35%,$6.77B,$0.79B,11.61%,$6.77B,$0.79B,11.61%,$6.77B,$0.99B,14.66%,$6.77B,$0.67B,9.91%,$6.77B,$0.37B,5.48%,$0.37B,$1.62B,23.32%,$0.37B,$0.85B,43.42%,$0.37B,$4.04B,9.59%,$0.79B,$2.06B,38.76%,$1991,$499,$1492,$0,$1160,$1659,$332,$-8,$325,$113,$211,$209,$208,$385,$332,$417,423,$0.50,$0.50,$252,$783,$0,$2327,$808,$22,$763,$122,$1715,$4042,$1718,$439,$251,$709,$2426,$3,$2525,$81,$1616,$4042,$267,$104,$14,$118,$-213,$-7,$22,$-31,$-78,$307,$-141,$0,$-57,$0,$-0,$-0,$0,$-198,$-1,$100,$98,$-254,$-254,$-104,$29,$-230,$-117,$27,$-104
