,Date,Stock Price,Book Value per Share,Price to Book Ratio,TTM Sales per Share,Price to Sales Ratio,TTM FCF per Share,Price to FCF Ratio,TTM Net EPS,PE Ratio,Current Assets,Current Liabilities,Current Ratio,Long Term Debt,Shareholder's Equity_x,Debt to Equity Ratio,TTM Revenue_x,TTM Gross Profit,Gross Margin,TTM Revenue_y,TTM Operating Income,Operating Margin,TTM Revenue_x,TTM EBIT,EBIT Margin,TTM Revenue_y,TTM EBITDA,EBITDA Margin,TTM Revenue_x,TTM Pre-Tax Income,Pre-Tax Margin,TTM Revenue_y,TTM Net Income_x,Net Margin,TTM Net Income_y,Shareholder's Equity_y,Return on Equity,TTM Net Income_x,Tangible Equity,Return on Tangible Equity,TTM Net Income_y,Total Assets,Return on Assets,TTM Net Income,LT Investments & Debt,Return on Investment,revenue,cost-goods-sold,gross-profit,research-development-expenses,selling-general-administrative-expenses,operating-expenses,operating-income,total-non-operating-income-expense,pre-tax-income,total-provision-income-taxes,income-after-taxes,income-from-continuous-operations,net-income,ebitda,ebit,basic-shares-outstanding,shares-outstanding,eps-basic-net-earnings-per-share,eps-earnings-per-share-diluted,cash-on-hand,inventory,other-current-assets,total-current-assets,net-property-plant-equipment,long-term-investments,goodwill-intangible-assets-total,other-long-term-assets,total-long-term-assets,total-assets,total-current-liabilities,long-term-debt,other-non-current-liabilities,total-long-term-liabilities,total-liabilities,common-stock-net,retained-earnings-accumulated-deficit,comprehensive-income,total-share-holder-equity,total-liabilities-share-holders-equity,net-income-loss,total-depreciation-amortization-cash-flow,other-non-cash-items,total-non-cash-items,change-in-accounts-receivable,change-in-inventories,change-in-accounts-payable,change-in-assets-liabilities,total-change-in-assets-liabilities,cash-flow-from-operating-activities,net-change-in-property-plant-equipment,net-change-in-intangible-assets,net-acquisitions-divestitures,net-change-in-short-term-investments,net-change-in-long-term-investments,net-change-in-investments-total,investing-activities-other,cash-flow-from-investing-activities,net-long-term-debt,net-current-debt,debt-issuance-retirement-net-total,net-common-equity-issued-repurchased,net-total-equity-issued-repurchased,total-common-preferred-stock-dividends-paid,financial-activities-other,cash-flow-from-financial-activities,net-cash-flow,stock-based-compensation,common-stock-dividends-paid
0,2018-09-30,1.91,$0.50,3.78,$1.97,0.97,$-1.22,0.0,$-0.81,0.0,$0.11B,$0.07B,1.55,$0.19B,$0.04B,4.38,$0.17B,$0.11B,67.47%,$0.17B,$-0.05B,-32.53%,$0.17B,$-0.05B,-32.53%,$0.17B,$-0.04B,-21.08%,$0.17B,$-0.07B,-41.57%,$0.17B,$-0.07B,-41.57%,$-0.07B,$0.04B,-127.19%,$-0.07B,$-0.16B,47.42%,$-0.07B,$0.33B,-20.09%,$-0.05B,$0.23B,-20.83%,$35,$12,$23,$5,$27,$51,$-16,$6,$-10,$0,$-10,$-10,$-10,$-6,$-16,$85,85,$-0.12,$-0.12,$42,$42,$0,$110,$17,$0,$198,$1,$216,$326,$71,$189,$15,$212,$283,$0,$-574,$3,$43,$326,$-54,$14,$-0,$14,$9,$2,$-1,$2,$11,$-29,$-0,$0,$0,$0,$0,$0,$0,$-0,$10,$0,$10,$4,$4,$0,$-2,$12,$-18,$9,$0
1,2018-06-30,5.66,$0.47,12.1,$2.11,2.68,$-1.28,0.0,$-0.86,0.0,$0.12B,$0.06B,1.9,$0.21B,$0.04B,5.37,$0.18B,$0.12B,66.67%,$0.18B,$-0.05B,-26.55%,$0.18B,$-0.05B,-26.55%,$0.18B,$-0.03B,-16.38%,$0.18B,$-0.07B,-41.24%,$0.18B,$-0.07B,-41.24%,$-0.07B,$0.04B,-112.74%,$-0.07B,$-0.16B,53.68%,$-0.07B,$0.33B,-20.42%,$-0.05B,$0.25B,-16.89%,$45,$15,$30,$6,$35,$60,$-16,$-8,$-24,$0,$-24,$-24,$-24,$-14,$-16,$84,84,$-0.28,$-0.28,$38,$43,$0,$116,$18,$0,$199,$1,$218,$334,$61,$213,$12,$233,$294,$0,$-564,$3,$40,$334,$-44,$4,$16,$20,$-1,$2,$1,$2,$1,$-23,$-0,$0,$0,$0,$0,$0,$0,$-0,$0,$-0,$-0,$2,$2,$0,$-2,$0,$-23,$7,$0
2,2018-03-31,4.23,$0.70,6.03,$2.17,1.95,$-1.33,0.0,$-0.78,0.0,$0.13B,$0.06B,2.13,$0.21B,$0.06B,3.58,$0.18B,$0.12B,66.30%,$0.18B,$-0.04B,-21.55%,$0.18B,$-0.04B,-21.55%,$0.18B,$-0.02B,-11.60%,$0.18B,$-0.07B,-35.91%,$0.18B,$-0.07B,-35.91%,$-0.07B,$0.06B,-82.28%,$-0.07B,$-0.14B,52.95%,$-0.07B,$0.35B,-17.36%,$-0.04B,$0.27B,-13.25%,$42,$14,$28,$5,$32,$55,$-13,$-7,$-20,$0,$-20,$-20,$-20,$-11,$-13,$84,84,$-0.24,$-0.24,$50,$46,$0,$129,$19,$0,$200,$2,$221,$349,$61,$211,$11,$230,$290,$0,$-540,$3,$59,$349,$-20,$2,$7,$9,$3,$-1,$0,$0,$1,$-10,$-0,$0,$0,$0,$0,$0,$0,$-0,$0,$-0,$-0,$1,$1,$0,$-1,$-1,$-11,$3,$0
3,2017-12-31,5.35,$0.90,5.96,$2.18,2.46,$-1.37,0.0,$-0.80,0.0,$0.14B,$0.06B,2.36,$0.21B,$0.08B,2.77,$0.18B,$0.12B,66.48%,$0.18B,$-0.04B,-23.08%,$0.18B,$-0.04B,-23.08%,$0.18B,$-0.02B,-12.64%,$0.18B,$-0.07B,-36.26%,$0.18B,$-0.07B,-36.26%,$-0.07B,$0.08B,-75.00%,$-0.07B,$-0.13B,57.52%,$-0.07B,$0.37B,-17.72%,$-0.04B,$0.28B,-14.20%,$44,$13,$31,$4,$31,$53,$-9,$-6,$-15,$-1,$-15,$-15,$-15,$-4,$-9,$83,83,$-0.17,$-0.17,$61,$45,$0,$143,$19,$0,$201,$1,$222,$365,$61,$208,$13,$229,$290,$0,$-520,$3,$75,$365,$-66,$19,$11,$30,$5,$-3,$-2,$-2,$-3,$-39,$-1,$0,$0,$21,$0,$21,$0,$20,$53,$0,$53,$3,$3,$0,$-7,$50,$32,$12,$0
4,2017-09-30,4.46,$1.02,4.36,$2.23,2.0,$-1.85,0.0,$-0.93,0.0,$0.16B,$0.05B,2.9,$0.22B,$0.09B,2.61,$0.19B,$0.12B,64.32%,$0.19B,$-0.06B,-29.73%,$0.19B,$-0.06B,-29.73%,$0.19B,$-0.04B,-19.46%,$0.19B,$-0.08B,-41.08%,$0.19B,$-0.08B,-41.08%,$-0.08B,$0.09B,-77.95%,$-0.08B,$-0.12B,71.53%,$-0.08B,$0.38B,-20.47%,$-0.06B,$0.31B,-18.49%,$46,$17,$29,$5,$30,$55,$-9,$-5,$-14,$0,$-14,$-14,$-14,$0,$-9,$83,83,$-0.17,$-0.17,$77,$43,$0,$158,$20,$0,$202,$1,$224,$382,$54,$223,$11,$242,$297,$0,$-505,$3,$85,$382,$-52,$14,$11,$26,$3,$-1,$-3,$-0,$-8,$-34,$-1,$0,$0,$0,$21,$21,$0,$20,$69,$0,$69,$2,$2,$0,$-9,$62,$49,$9,$0
5,2017-06-30,4.86,$1.16,4.19,$2.32,2.1,$-2.19,0.0,$-0.94,0.0,$0.18B,$0.06B,2.82,$0.22B,$0.10B,2.28,$0.19B,$0.13B,66.49%,$0.19B,$-0.06B,-29.84%,$0.19B,$-0.06B,-29.84%,$0.19B,$-0.04B,-21.99%,$0.19B,$-0.08B,-40.31%,$0.19B,$-0.08B,-40.31%,$-0.08B,$0.10B,-70.32%,$-0.08B,$-0.11B,80.63%,$-0.08B,$0.40B,-20.75%,$-0.06B,$0.32B,-19.16%,$49,$16,$32,$6,$32,$56,$-8,$-8,$-16,$0,$-16,$-16,$-16,$-6,$-8,$83,83,$-0.20,$-0.20,$95,$44,$0,$176,$21,$0,$203,$2,$226,$402,$62,$221,$14,$243,$305,$0,$-491,$3,$97,$402,$-38,$5,$15,$19,$3,$-2,$-3,$-1,$-7,$-25,$-1,$0,$0,$0,$11,$11,$0,$10,$53,$24,$78,$2,$2,$0,$-9,$71,$56,$6,$0
6,2017-03-31,7.24,$1.14,6.33,$2.35,3.08,$-2.49,0.0,$-1.55,0.0,$0.11B,$0.04B,2.8,$0.18B,$0.10B,1.89,$0.19B,$0.12B,64.25%,$0.19B,$-0.07B,-37.31%,$0.19B,$-0.07B,-37.31%,$0.19B,$-0.06B,-28.50%,$0.19B,$-0.13B,-65.80%,$0.19B,$-0.13B,-66.32%,$-0.13B,$0.10B,-105.35%,$-0.13B,$-0.11B,151.48%,$-0.13B,$0.34B,-34.83%,$-0.07B,$0.28B,-24.20%,$43,$14,$29,$6,$35,$58,$-16,$-5,$-21,$0,$-21,$-21,$-21,$-13,$-16,$83,83,$-0.26,$-0.26,$36,$43,$0,$113,$22,$0,$204,$1,$228,$341,$40,$180,$17,$206,$246,$0,$-475,$2,$95,$341,$-21,$2,$7,$9,$5,$-1,$-5,$0,$-1,$-13,$-0,$0,$0,$0,$3,$3,$0,$2,$0,$0,$0,$0,$0,$0,$0,$0,$-11,$3,$0
7,2016-12-31,5.72,$1.36,4.2,$2.39,2.39,$-2.77,0.0,$-1.91,0.0,$0.13B,$0.05B,2.89,$0.18B,$0.11B,1.57,$0.19B,$0.12B,64.06%,$0.19B,$-0.09B,-48.96%,$0.19B,$-0.09B,-48.96%,$0.19B,$-0.08B,-39.58%,$0.19B,$-0.15B,-80.21%,$0.19B,$-0.16B,-80.73%,$-0.16B,$0.11B,-117.87%,$-0.16B,$-0.09B,205.30%,$-0.16B,$0.36B,-40.36%,$-0.09B,$0.29B,-30.82%,$47,$18,$29,$9,$36,$70,$-22,$-3,$-25,$-0,$-25,$-25,$-25,$-17,$-22,$81,81,$-0.30,$-0.30,$49,$41,$0,$130,$23,$0,$205,$1,$230,$360,$45,$177,$16,$202,$247,$0,$-454,$1,$113,$360,$-155,$19,$57,$75,$-3,$4,$-5,$-1,$4,$-75,$-3,$0,$-61,$56,$-21,$35,$0,$-29,$0,$0,$0,$6,$6,$0,$-1,$5,$-98,$12,$0
8,2016-09-30,12.8,$1.62,7.93,$2.39,5.37,$-2.33,0.0,$-1.83,0.0,$0.15B,$0.06B,2.47,$0.18B,$0.13B,1.31,$0.18B,$0.12B,64.13%,$0.18B,$-0.09B,-51.09%,$0.18B,$-0.09B,-51.09%,$0.18B,$-0.08B,-42.39%,$0.18B,$-0.15B,-83.70%,$0.18B,$-0.15B,-78.80%,$-0.15B,$0.13B,-112.40%,$-0.15B,$-0.07B,327.68%,$-0.15B,$0.38B,-38.49%,$-0.09B,$0.31B,-31.31%,$52,$15,$37,$8,$36,$63,$-11,$-4,$-15,$0,$-15,$-15,$-15,$-6,$-11,$82,82,$-0.18,$-0.18,$63,$43,$0,$148,$24,$0,$207,$1,$232,$381,$60,$175,$4,$187,$248,$0,$-429,$2,$133,$381,$-130,$14,$55,$68,$-4,$2,$-7,$-1,$1,$-60,$-2,$0,$-61,$0,$17,$17,$0,$-46,$0,$0,$0,$4,$4,$0,$-1,$3,$-103,$10,$0
9,2016-06-30,12.46,$1.76,7.09,$2.32,5.38,$-1.90,0.0,$-1.81,0.0,$0.16B,$0.06B,2.63,$0.17B,$0.15B,1.19,$0.17B,$0.11B,63.53%,$0.17B,$-0.09B,-54.12%,$0.17B,$-0.09B,-54.12%,$0.17B,$-0.08B,-46.47%,$0.17B,$-0.15B,-88.24%,$0.17B,$-0.14B,-82.94%,$-0.14B,$0.15B,-117.01%,$-0.14B,$-0.06B,752.00%,$-0.14B,$0.39B,-41.62%,$-0.09B,$0.32B,-34.55%,$51,$22,$29,$8,$39,$74,$-23,$-43,$-66,$0,$-67,$-67,$-67,$-19,$-23,$82,82,$-0.81,$-0.81,$73,$42,$0,$155,$25,$0,$207,$1,$233,$388,$59,$172,$3,$185,$244,$0,$-413,$1,$145,$388,$-115,$9,$52,$60,$-2,$4,$-6,$1,$5,$-49,$-1,$0,$-61,$0,$14,$14,$0,$-48,$0,$0,$0,$4,$4,$0,$-0,$3,$-93,$7,$0
10,2016-03-31,8.36,$1.65,5.06,$2.28,3.67,$-1.58,0.0,$-1.19,0.0,$0.17B,$0.06B,2.89,$0.17B,$0.14B,1.26,$0.16B,$0.10B,65.19%,$0.16B,$-0.08B,-51.27%,$0.16B,$-0.08B,-51.27%,$0.16B,$-0.07B,-44.30%,$0.16B,$-0.10B,-61.39%,$0.16B,$-0.09B,-55.06%,$-0.09B,$0.14B,-78.38%,$-0.09B,$-0.07B,-1513.04%,$-0.09B,$0.41B,-29.05%,$-0.08B,$0.31B,-34.95%,$42,$14,$28,$8,$38,$81,$-38,$-9,$-48,$0,$-48,$-48,$-48,$-34,$-38,$77,77,$-0.62,$-0.62,$86,$43,$0,$172,$26,$0,$208,$1,$235,$407,$60,$170,$33,$212,$272,$0,$-347,$0,$135,$407,$-48,$5,$8,$13,$-4,$1,$-4,$1,$2,$-33,$-1,$0,$-61,$0,$9,$9,$0,$-52,$0,$0,$0,$1,$1,$0,$0,$1,$-85,$3,$0
11,2015-12-31,9.9,$1.52,6.52,$2.27,4.36,$-1.34,0.0,$-0.74,0.0,$0.24B,$0.05B,4.65,$0.17B,$0.10B,1.62,$0.15B,$0.10B,66.67%,$0.15B,$-0.05B,-34.64%,$0.15B,$-0.05B,-34.64%,$0.15B,$-0.04B,-28.10%,$0.15B,$-0.06B,-39.22%,$0.15B,$-0.05B,-32.68%,$-0.05B,$0.10B,-47.17%,$-0.05B,$0.03B,-143.88%,$-0.05B,$0.33B,-19.44%,$-0.05B,$0.27B,-26.24%,$39,$16,$24,$9,$27,$61,$-22,$-3,$-25,$-10,$-15,$-15,$-15,$-19,$-22,$68,68,$-0.23,$-0.23,$177,$28,$0,$236,$23,$0,$71,$0,$95,$331,$51,$168,$0,$177,$228,$0,$-299,$1,$103,$331,$-50,$11,$-1,$10,$-3,$4,$8,$0,$9,$-31,$-4,$0,$0,$90,$-83,$7,$0,$3,$125,$0,$125,$6,$6,$0,$-4,$127,$98,$9,$0
12,2015-09-30,12.26,$1.46,8.39,$2.29,5.36,$-1.43,0.0,$-0.74,0.0,$0.13B,$0.03B,4.01,$0.07B,$0.10B,0.74,$0.15B,$0.11B,69.93%,$0.15B,$-0.04B,-27.45%,$0.15B,$-0.04B,-27.45%,$0.15B,$-0.03B,-19.61%,$0.15B,$-0.05B,-32.68%,$0.15B,$-0.05B,-32.68%,$-0.05B,$0.10B,-44.94%,$-0.05B,$0.03B,-126.58%,$-0.05B,$0.23B,-21.14%,$-0.04B,$0.17B,-22.95%,$38,$11,$27,$5,$27,$48,$-9,$-2,$-11,$0,$-11,$-11,$-11,$-7,$-9,$68,68,$-0.16,$-0.16,$68,$33,$0,$132,$24,$0,$71,$2,$97,$229,$33,$73,$15,$97,$130,$0,$-284,$1,$99,$229,$-35,$8,$7,$14,$-1,$-2,$5,$0,$2,$-18,$-4,$0,$0,$0,$27,$27,$0,$23,$0,$0,$0,$4,$4,$0,$-0,$4,$9,$7,$0
13,2015-06-30,15.34,$1.58,9.73,$2.29,6.69,$-1.49,0.0,$-0.79,0.0,$0.13B,$0.03B,4.71,$0.07B,$0.11B,0.68,$0.15B,$0.10B,68.42%,$0.15B,$-0.04B,-27.63%,$0.15B,$-0.04B,-27.63%,$0.15B,$-0.03B,-20.39%,$0.15B,$-0.05B,-34.87%,$0.15B,$-0.05B,-34.87%,$-0.05B,$0.11B,-44.17%,$-0.05B,$0.04B,-109.84%,$-0.05B,$0.23B,-21.79%,$-0.04B,$0.18B,-21.99%,$39,$15,$24,$6,$27,$52,$-12,$-1,$-13,$0,$-13,$-13,$-13,$-10,$-12,$68,68,$-0.19,$-0.19,$71,$31,$0,$133,$25,$0,$71,$2,$98,$231,$28,$72,$15,$96,$124,$0,$-273,$1,$107,$231,$-24,$5,$4,$9,$-3,$1,$3,$0,$-1,$-16,$-3,$0,$0,$0,$26,$26,$0,$22,$0,$0,$0,$4,$4,$0,$-0,$4,$9,$5,$0
14,2015-03-31,17.07,$1.71,10.01,$2.32,7.36,$-1.45,0.0,$-0.74,0.0,$0.14B,$0.03B,5.04,$0.07B,$0.12B,0.62,$0.15B,$0.11B,72.19%,$0.15B,$-0.03B,-22.52%,$0.15B,$-0.03B,-22.52%,$0.15B,$-0.02B,-15.89%,$0.15B,$-0.05B,-32.45%,$0.15B,$-0.05B,-32.45%,$-0.05B,$0.12B,-37.91%,$-0.05B,$0.04B,-85.22%,$-0.05B,$0.24B,-19.50%,$-0.03B,$0.19B,-17.04%,$37,$10,$27,$6,$27,$46,$-10,$-1,$-11,$0,$-11,$-11,$-11,$-7,$-10,$67,67,$-0.17,$-0.17,$74,$35,$0,$138,$25,$0,$72,$2,$99,$238,$27,$71,$15,$95,$123,$0,$-260,$1,$115,$238,$-11,$2,$2,$5,$0,$-5,$1,$1,$-5,$-12,$-2,$0,$0,$0,$6,$6,$0,$4,$0,$0,$0,$2,$2,$0,$-0,$2,$-7,$2,$0
15,2014-12-31,15.29,$1.85,8.27,$2.28,6.71,$-1.35,0.0,$-0.49,0.0,$0.15B,$0.03B,4.99,$0.07B,$0.12B,0.57,$0.15B,$0.11B,72.11%,$0.15B,$-0.03B,-19.73%,$0.15B,$-0.03B,-19.73%,$0.15B,$-0.02B,-14.97%,$0.15B,$-0.03B,-21.77%,$0.15B,$-0.03B,-22.45%,$-0.03B,$0.12B,-25.73%,$-0.03B,$0.05B,-58.41%,$-0.03B,$0.25B,-12.88%,$-0.03B,$0.20B,-14.66%,$39,$9,$29,$8,$27,$50,$-11,$-4,$-15,$0,$-15,$-15,$-15,$-6,$-11,$65,65,$-0.23,$-0.23,$87,$31,$0,$148,$26,$0,$72,$2,$100,$248,$30,$70,$15,$94,$124,$0,$-249,$2,$124,$248,$-32,$7,$6,$13,$-2,$-12,$3,$-0,$-7,$-26,$-13,$-1,$0,$92,$-121,$-29,$0,$-43,$0,$0,$0,$4,$4,$0,$-2,$2,$-68,$8,$0
16,2014-09-30,10.6,$2.01,5.28,$2.25,4.72,$-0.76,0.0,$-0.32,0.0,$0.16B,$0.03B,5.42,$0.07B,$0.13B,0.52,$0.14B,$0.10B,72.03%,$0.14B,$-0.02B,-13.29%,$0.14B,$-0.02B,-13.29%,$0.14B,$-0.02B,-11.89%,$0.14B,$-0.02B,-14.69%,$0.14B,$-0.02B,-14.69%,$-0.02B,$0.13B,-17.00%,$-0.02B,$0.06B,-40.78%,$-0.02B,$0.26B,-8.13%,$-0.02B,$0.20B,-9.90%,$37,$14,$24,$5,$25,$46,$-9,$-5,$-14,$-0,$-14,$-14,$-14,$-8,$-9,$65,65,$-0.21,$-0.21,$100,$28,$0,$158,$23,$0,$72,$3,$98,$256,$29,$70,$14,$93,$122,$0,$-234,$2,$134,$256,$-18,$2,$4,$6,$-1,$-9,$2,$-1,$-4,$-15,$-10,$0,$0,$0,$-43,$-43,$0,$-53,$0,$0,$0,$3,$3,$0,$-2,$1,$-68,$6,$0
17,2014-06-30,15.21,$2.16,7.06,$2.21,6.89,$-0.37,0.0,$-0.25,0.0,$0.17B,$0.03B,5.97,$0.07B,$0.14B,0.48,$0.14B,$0.11B,75.54%,$0.14B,$-0.01B,-8.63%,$0.14B,$-0.01B,-8.63%,$0.14B,$-0.01B,-7.91%,$0.14B,$-0.02B,-11.51%,$0.14B,$-0.02B,-11.51%,$-0.02B,$0.14B,-14.13%,$-0.02B,$0.07B,-39.02%,$-0.02B,$0.26B,-6.75%,$-0.01B,$0.21B,-7.31%,$38,$10,$29,$4,$25,$42,$-4,$-5,$-9,$-0,$-9,$-9,$-9,$-3,$-4,$63,63,$-0.14,$-0.14,$111,$28,$0,$171,$17,$0,$72,$3,$93,$263,$29,$69,$15,$91,$119,$0,$-220,$-1,$144,$263,$-4,$1,$-3,$-1,$-2,$-9,$4,$-1,$-5,$-10,$-6,$0,$0,$0,$-49,$-49,$0,$-54,$0,$0,$0,$3,$3,$0,$-1,$1,$-63,$4,$0
18,2014-03-31,12.87,$1.74,7.41,$2.12,6.08,$-0.17,0.0,$-0.02,0.0,$0.17B,$0.06B,2.87,$0.07B,$0.11B,0.61,$0.14B,$0.10B,74.81%,$0.14B,$-0.01B,-8.15%,$0.14B,$-0.01B,-8.15%,$0.14B,$-0.01B,-7.41%,$0.14B,$-0.00B,-0.74%,$0.14B,$-0.00B,-0.74%,$-0.00B,$0.11B,-0.98%,$-0.00B,$0.04B,-3.39%,$-0.00B,$0.26B,-0.47%,$-0.01B,$0.18B,-8.12%,$33,$9,$24,$4,$23,$39,$-5,$11,$6,$0,$5,$5,$5,$-5,$-5,$63,66,$0.08,$0.08,$120,$24,$0,$172,$11,$0,$72,$3,$86,$258,$60,$68,$14,$87,$147,$0,$-211,$-1,$111,$258,$5,$1,$-10,$-9,$-0,$-4,$4,$-0,$1,$-3,$-3,$0,$0,$0,$-46,$-46,$0,$-50,$0,$0,$0,$0,$0,$0,$-1,$-0,$-53,$2,$0
19,2013-12-31,17.44,$1.64,10.64,$2.09,8.34,$-0.14,0.0,$-0.25,0.0,$0.17B,$0.07B,2.58,$0.07B,$0.11B,0.64,$0.13B,$0.10B,75.76%,$0.13B,$-0.01B,-7.58%,$0.13B,$-0.01B,-7.58%,$0.13B,$-0.01B,-6.82%,$0.13B,$-0.02B,-12.12%,$0.13B,$-0.02B,-11.36%,$-0.02B,$0.11B,-15.58%,$-0.02B,$0.03B,-62.50%,$-0.02B,$0.26B,-7.85%,$-0.01B,$0.17B,-8.85%,$35,$9,$26,$4,$21,$36,$-1,$-3,$-4,$-0,$-3,$-3,$-3,$-1,$-1,$63,63,$-0.06,$-0.06,$126,$20,$0,$174,$7,$0,$72,$3,$83,$256,$67,$67,$14,$84,$152,$0,$-216,$-1,$105,$256,$-16,$2,$16,$18,$-2,$-1,$-0,$-1,$-1,$1,$-3,$0,$0,$0,$-31,$-31,$0,$-34,$86,$0,$86,$7,$7,$0,$-11,$82,$50,$8,$0
20,2013-09-30,16.14,$1.47,10.99,$2.02,8.0,$-0.47,0.0,$-0.31,0.0,$0.09B,$0.02B,4.92,$0.00B,$0.09B,0.0,$0.13B,$0.10B,76.19%,$0.13B,$-0.02B,-11.90%,$0.13B,$-0.02B,-11.90%,$0.13B,$-0.01B,-10.32%,$0.13B,$-0.02B,-14.29%,$0.13B,$-0.02B,-15.08%,$-0.02B,$0.09B,-20.32%,$-0.02B,$0.02B,-88.37%,$-0.02B,$0.17B,-11.29%,$-0.02B,$0.09B,-16.04%,$33,$7,$26,$5,$21,$35,$-2,$-7,$-9,$0,$-9,$-9,$-9,$-2,$-2,$63,63,$-0.14,$-0.14,$49,$18,$0,$93,$5,$0,$72,$0,$77,$171,$19,$0,$58,$59,$78,$0,$-213,$-1,$93,$171,$-13,$2,$12,$14,$-1,$0,$-1,$-1,$0,$2,$-2,$0,$0,$0,$0,$0,$0,$-2,$0,$0,$0,$5,$5,$0,$0,$5,$4,$6,$0
21,2013-06-30,13.28,$1.56,8.52,$1.92,6.91,$-0.69,0.0,$-0.27,0.0,$0.09B,$0.02B,4.36,$0.00B,$0.10B,0.0,$0.12B,$0.09B,75.00%,$0.12B,$-0.02B,-16.67%,$0.12B,$-0.02B,-16.67%,$0.12B,$-0.02B,-15.00%,$0.12B,$-0.02B,-12.50%,$0.12B,$-0.02B,-13.33%,$-0.02B,$0.10B,-17.02%,$-0.02B,$0.03B,-73.56%,$-0.02B,$0.17B,-9.58%,$-0.02B,$0.10B,-21.28%,$34,$9,$25,$4,$22,$36,$-3,$8,$6,$-0,$6,$6,$6,$-2,$-3,$62,65,$0.09,$0.09,$45,$17,$0,$93,$5,$0,$72,$0,$78,$171,$21,$0,$50,$51,$72,$0,$-204,$-0,$98,$171,$-4,$1,$2,$3,$-6,$1,$0,$-0,$-1,$-2,$-1,$0,$0,$0,$0,$0,$0,$-1,$0,$0,$0,$3,$3,$0,$-5,$-2,$-5,$4,$0
22,2013-03-31,16.15,$1.41,11.43,$1.84,8.79,$-0.86,0.0,$-0.47,0.0,$0.09B,$0.02B,4.7,$0.00B,$0.09B,0.0,$0.11B,$0.08B,75.00%,$0.11B,$-0.02B,-20.54%,$0.11B,$-0.02B,-20.54%,$0.11B,$-0.02B,-18.75%,$0.11B,$-0.03B,-25.00%,$0.11B,$-0.03B,-25.89%,$-0.03B,$0.09B,-30.77%,$-0.03B,$0.02B,-128.89%,$-0.03B,$0.17B,-17.50%,$-0.02B,$0.09B,-24.40%,$30,$7,$23,$4,$21,$34,$-4,$-5,$-9,$0,$-9,$-9,$-9,$-4,$-4,$62,62,$-0.15,$-0.15,$42,$19,$0,$88,$6,$0,$72,$0,$78,$166,$19,$0,$58,$59,$77,$0,$-209,$0,$89,$166,$-9,$0,$7,$8,$-3,$-0,$0,$-0,$-2,$-3,$-1,$0,$0,$0,$0,$0,$0,$-1,$0,$0,$0,$1,$1,$0,$0,$1,$-3,$2,$0
23,2012-12-31,14.24,$1.51,9.43,$1.78,7.98,$-0.89,0.0,$-0.60,0.0,$0.09B,$0.02B,5.09,$0.00B,$0.09B,0.0,$0.11B,$0.08B,74.77%,$0.11B,$-0.02B,-21.50%,$0.11B,$-0.02B,-21.50%,$0.11B,$-0.02B,-18.69%,$0.11B,$-0.04B,-32.71%,$0.11B,$-0.04B,-34.58%,$-0.04B,$0.09B,-42.29%,$-0.04B,$0.02B,-231.25%,$-0.04B,$0.17B,-23.68%,$-0.02B,$0.09B,-26.29%,$29,$7,$22,$5,$21,$35,$-6,$-1,$-6,$0,$-7,$-7,$-7,$-5,$-6,$60,60,$-0.10,$-0.10,$45,$18,$0,$88,$5,$0,$72,$0,$78,$165,$17,$0,$52,$53,$71,$0,$-200,$-0,$94,$165,$-36,$2,$20,$23,$-8,$0,$0,$-0,$-5,$-19,$-2,$-0,$-1,$0,$0,$0,$0,$-3,$0,$0,$0,$47,$47,$0,$0,$47,$25,$6,$0
24,2012-09-30,13.82,$1.53,9.03,$1.71,8.09,$-0.99,0.0,$-0.55,0.0,$0.09B,$0.02B,4.72,$0.00B,$0.10B,0.0,$0.10B,$0.08B,75.25%,$0.10B,$-0.02B,-19.80%,$0.10B,$-0.02B,-19.80%,$0.10B,$-0.02B,-17.82%,$0.10B,$-0.03B,-32.67%,$0.10B,$-0.03B,-33.66%,$-0.03B,$0.10B,-40.84%,$-0.03B,$0.02B,-283.33%,$-0.03B,$0.17B,-23.05%,$-0.02B,$0.10B,-24.02%,$27,$6,$20,$3,$18,$34,$-7,$1,$-6,$-0,$-6,$-6,$-6,$-7,$-7,$61,61,$-0.10,$-0.10,$48,$19,$0,$88,$5,$0,$72,$0,$78,$166,$19,$0,$51,$52,$71,$0,$-193,$-0,$95,$166,$-29,$2,$16,$18,$-4,$-1,$-2,$5,$-1,$-12,$-1,$-0,$-2,$0,$0,$0,$0,$-4,$0,$0,$0,$44,$44,$0,$0,$44,$28,$4,$0
25,2012-06-30,15.44,$1.62,9.53,$1.66,9.27,$-1.11,0.0,$-0.57,0.0,$0.09B,$0.01B,6.8,$0.00B,$0.10B,0.0,$0.10B,$0.07B,76.04%,$0.10B,$-0.02B,-18.75%,$0.10B,$-0.02B,-18.75%,$0.10B,$-0.02B,-15.63%,$0.10B,$-0.03B,-35.42%,$0.10B,$-0.04B,-36.46%,$-0.04B,$0.10B,-44.44%,$-0.04B,$0.03B,-437.50%,$-0.04B,$0.17B,-25.18%,$-0.02B,$0.10B,-22.86%,$26,$6,$19,$5,$18,$31,$-6,$-1,$-7,$-0,$-7,$-7,$-7,$-5,$-6,$59,59,$-0.11,$-0.11,$51,$20,$0,$91,$5,$0,$70,$0,$75,$166,$13,$0,$52,$53,$67,$0,$-188,$0,$99,$166,$-23,$1,$16,$18,$-2,$-2,$-2,$-1,$-6,$-12,$-1,$0,$0,$0,$0,$0,$0,$-1,$0,$0,$0,$44,$44,$0,$0,$44,$31,$2,$0
26,2012-03-31,14.65,$1.06,13.86,$1.57,9.32,$-1.09,0.0,$-0.70,0.0,$0.05B,$0.02B,3.63,$0.00B,$0.06B,0.0,$0.09B,$0.07B,77.53%,$0.09B,$-0.02B,-19.10%,$0.09B,$-0.02B,-19.10%,$0.09B,$-0.01B,-15.73%,$0.09B,$-0.04B,-46.07%,$0.09B,$-0.04B,-47.19%,$-0.04B,$0.06B,-56.57%,$-0.04B,$-0.01B,-1292.31%,$-0.04B,$0.13B,-32.18%,$-0.02B,$0.06B,-22.90%,$25,$5,$19,$4,$18,$28,$-4,$-12,$-16,$1,$-17,$-17,$-17,$-3,$-4,$58,58,$-0.29,$-0.29,$15,$19,$0,$53,$5,$0,$70,$0,$75,$128,$15,$0,$51,$52,$67,$0,$-181,$-0,$62,$128,$-17,$1,$14,$15,$-2,$-1,$-0,$-0,$-4,$-6,$-0,$0,$0,$0,$0,$0,$0,$-0,$0,$0,$0,$1,$1,$0,$0,$1,$-5,$1,$0
27,2011-12-31,11.48,$1.32,8.71,$1.48,7.77,$-1.06,0.0,$-0.51,0.0,$0.06B,$0.01B,3.95,$0.00B,$0.08B,0.0,$0.08B,$0.06B,77.11%,$0.08B,$-0.02B,-21.69%,$0.08B,$-0.02B,-21.69%,$0.08B,$-0.02B,-18.07%,$0.08B,$-0.03B,-36.14%,$0.08B,$-0.03B,-36.14%,$-0.03B,$0.08B,-36.81%,$-0.03B,$0.01B,-292.68%,$-0.03B,$0.13B,-22.86%,$-0.02B,$0.08B,-22.09%,$23,$5,$18,$4,$16,$27,$-3,$-0,$-4,$0,$-4,$-4,$-4,$-3,$-3,$57,57,$-0.06,$-0.06,$20,$18,$0,$55,$4,$0,$71,$0,$75,$130,$14,$0,$39,$40,$54,$0,$-164,$-0,$77,$130,$-29,$3,$15,$17,$-3,$-10,$1,$-0,$-11,$-22,$-3,$0,$0,$0,$0,$0,$0,$-3,$0,$0,$0,$7,$7,$0,$0,$7,$-18,$4,$0
28,2011-09-30,10.04,$1.34,7.5,$1.45,6.95,$-0.71,0.0,$-0.30,0.0,$0.06B,$0.02B,3.77,$0.00B,$0.08B,0.0,$0.08B,$0.06B,77.22%,$0.08B,$-0.02B,-22.78%,$0.08B,$-0.02B,-22.78%,$0.08B,$-0.02B,-18.99%,$0.08B,$-0.03B,-36.71%,$0.08B,$-0.01B,-17.72%,$-0.01B,$0.08B,-16.33%,$-0.01B,$0.01B,-98.25%,$-0.01B,$0.13B,-10.59%,$-0.02B,$0.08B,-20.99%,$22,$5,$17,$4,$17,$27,$-5,$-1,$-7,$0,$-7,$-7,$-7,$-4,$-5,$57,57,$-0.12,$-0.12,$24,$15,$0,$57,$3,$0,$71,$0,$74,$132,$15,$0,$38,$39,$54,$0,$-161,$0,$77,$132,$-25,$2,$13,$15,$-4,$-7,$1,$-0,$-8,$-18,$-2,$0,$0,$0,$0,$0,$0,$-2,$-0,$0,$-0,$5,$5,$0,$0,$5,$-14,$3,$0
29,2011-06-30,9.3,$1.41,6.58,$1.42,6.55,$-0.42,0.0,$-0.19,0.0,$0.06B,$0.01B,4.3,$0.00B,$0.08B,0.0,$0.08B,$0.06B,77.33%,$0.08B,$-0.01B,-18.67%,$0.08B,$-0.01B,-18.67%,$0.08B,$-0.01B,-14.67%,$0.08B,$-0.02B,-29.33%,$0.08B,$-0.01B,-9.33%,$-0.01B,$0.08B,-9.00%,$-0.01B,$0.01B,-32.56%,$-0.01B,$0.13B,-6.19%,$-0.01B,$0.08B,-18.01%,$19,$4,$15,$5,$14,$24,$-5,$-8,$-14,$0,$-14,$-14,$-14,$-4,$-5,$56,56,$-0.24,$-0.24,$31,$14,$0,$58,$3,$0,$71,$0,$74,$132,$14,$0,$37,$38,$51,$0,$-154,$0,$81,$132,$-18,$2,$10,$12,$-0,$-5,$1,$0,$-3,$-10,$-1,$0,$0,$0,$0,$0,$0,$-1,$-0,$0,$-0,$4,$4,$0,$0,$3,$-7,$2,$0
30,2011-03-31,6.78,$1.60,4.23,$1.40,4.83,$-0.28,0.0,$0.04,169.5,$0.06B,$0.01B,4.98,$0.00B,$0.09B,0.0,$0.07B,$0.06B,76.39%,$0.07B,$-0.01B,-12.50%,$0.07B,$-0.01B,-12.50%,$0.07B,$-0.01B,-9.72%,$0.07B,$-0.01B,-11.11%,$0.07B,$0.01B,9.72%,$0.01B,$0.09B,10.18%,$0.01B,$0.02B,25.23%,$0.01B,$0.13B,7.51%,$-0.01B,$0.09B,-13.09%,$19,$4,$14,$4,$14,$23,$-5,$0,$-5,$0,$-5,$-5,$-5,$-4,$-5,$56,56,$-0.09,$-0.09,$34,$10,$1,$57,$3,$0,$72,$0,$74,$131,$11,$0,$29,$29,$41,$0,$-140,$0,$91,$131,$-5,$1,$1,$1,$1,$-2,$0,$0,$-1,$-4,$-1,$0,$0,$0,$0,$0,$0,$-1,$-0,$0,$-0,$1,$1,$0,$0,$1,$-4,$1,$0
31,2010-12-31,7.15,$1.66,4.29,$1.37,5.21,$-0.23,0.0,$0.13,55.0,$0.06B,$0.01B,5.32,$0.00B,$0.09B,0.0,$0.07B,$0.05B,77.61%,$0.07B,$-0.00B,-5.97%,$0.07B,$-0.00B,-5.97%,$0.07B,$-0.00B,-4.48%,$0.07B,$-0.00B,-4.48%,$0.07B,$0.01B,17.91%,$0.01B,$0.09B,21.15%,$0.01B,$0.02B,38.40%,$0.01B,$0.13B,16.38%,$-0.00B,$0.09B,-7.05%,$19,$4,$15,$3,$15,$23,$-3,$-0,$-3,$0,$12,$12,$12,$-3,$-3,$49,51,$0.24,$0.23,$38,$8,$0,$60,$2,$0,$72,$0,$75,$134,$11,$0,$28,$29,$40,$0,$-136,$0,$94,$134,$11,$2,$-12,$-10,$-4,$-3,$0,$-1,$-5,$-4,$-1,$0,$1,$0,$0,$0,$0,$-0,$-0,$0,$-0,$18,$18,$0,$0,$18,$14,$3,$0
32,2010-09-30,4.56,$0.91,4.99,$1.29,3.52,$-0.03,0.0,$-0.03,0.0,$0.04B,$0.01B,4.57,$0.00B,$0.05B,0.0,$0.06B,$0.05B,75.81%,$0.06B,$-0.00B,-3.23%,$0.06B,$-0.00B,-3.23%,$0.06B,0,0.00%,$0.06B,$-0.00B,-1.61%,$0.06B,$-0.00B,-1.61%,$-0.00B,$0.05B,-2.27%,$-0.00B,$0.04B,-2.96%,$-0.00B,$0.06B,-1.90%,$-0.00B,$0.05B,-4.55%,$18,$4,$14,$3,$11,$18,$-1,$0,$-0,$0,$-0,$-0,$-0,$0,$-1,$49,49,$-0.01,$-0.01,$23,$7,$0,$43,$2,$0,$10,$0,$12,$55,$9,$0,$1,$1,$11,$0,$-147,$0,$45,$55,$-1,$2,$2,$4,$-4,$-2,$2,$-0,$-4,$-2,$-1,$0,$0,$0,$0,$0,$0,$-1,$-0,$0,$-0,$1,$1,$0,$0,$1,$-1,$2,$0
33,2010-06-30,4.53,$0.91,4.97,$1.23,3.69,$0.07,66.72,$-0.02,0.0,$0.04B,$0.01B,5.75,$0.00B,$0.05B,0.0,$0.06B,$0.04B,74.14%,$0.06B,$-0.00B,-1.72%,$0.06B,$-0.00B,-1.72%,$0.06B,$0.00B,1.72%,$0.06B,$-0.00B,-1.72%,$0.06B,$-0.00B,-1.72%,$-0.00B,$0.05B,-2.31%,$-0.00B,$0.04B,-3.05%,$-0.00B,$0.05B,-1.95%,$-0.00B,$0.05B,-2.31%,$16,$4,$12,$2,$10,$16,$-0,$-0,$-0,$0,$-0,$-0,$-0,$0,$-0,$48,48,$-0.01,$-0.01,$22,$6,$0,$40,$2,$0,$10,$0,$12,$53,$7,$0,$1,$1,$8,$0,$-147,$0,$45,$53,$-1,$1,$1,$3,$-3,$-1,$1,$-0,$-4,$-2,$-0,$0,$0,$0,$0,$0,$0,$-0,$-0,$0,$-0,$1,$1,$0,$0,$1,$-2,$1,$0
34,2010-03-31,4.04,$0.89,4.54,$1.21,3.35,$0.12,33.78,$-0.02,0.0,$0.04B,$0.01B,5.62,$0.00B,$0.04B,0.0,$0.06B,$0.04B,74.55%,$0.06B,$-0.00B,-1.82%,$0.06B,$-0.00B,-1.82%,$0.06B,$0.00B,1.82%,$0.06B,$-0.00B,-1.82%,$0.06B,$-0.00B,-1.82%,$-0.00B,$0.04B,-2.60%,$-0.00B,$0.03B,-3.60%,$-0.00B,$0.05B,-2.11%,$-0.00B,$0.04B,-2.53%,$14,$3,$11,$2,$9,$15,$-0,$-0,$-0,$0,$-0,$-0,$-0,$0,$-0,$48,48,$0.00,$0.00,$23,$6,$0,$39,$2,$0,$10,$0,$13,$51,$7,$0,$1,$1,$8,$0,$-146,$-0,$43,$51,$-0,$1,$1,$1,$-1,$-0,$0,$-0,$-2,$-1,$-0,$0,$0,$0,$0,$0,$0,$-0,$-0,$0,$-0,$0,$0,$0,$0,$0,$-2,$1,$0
35,2009-12-31,5.28,$0.88,5.99,$1.18,4.49,$0.13,39.31,$-0.05,0.0,$0.04B,$0.01B,5.27,$0.00B,$0.04B,0.0,$0.05B,$0.04B,73.58%,$0.05B,$-0.00B,-3.77%,$0.05B,$-0.00B,-3.77%,$0.05B,$0.00B,1.89%,$0.05B,$-0.00B,-3.77%,$0.05B,$-0.00B,-3.77%,$-0.00B,$0.04B,-5.88%,$-0.00B,$0.03B,-8.70%,$-0.00B,$0.05B,-4.55%,$-0.00B,$0.04B,-5.56%,$14,$3,$10,$-0,$9,$14,$-1,$0,$-1,$0,$-1,$-1,$-1,$0,$-1,$45,45,$-0.01,$-0.01,$24,$6,$0,$38,$2,$0,$11,$0,$13,$51,$7,$0,$1,$1,$8,$0,$-146,$0,$43,$51,$-2,$3,$3,$6,$-2,$2,$0,$0,$1,$5,$-1,$0,$0,$0,$0,$0,$1,$-0,$-5,$0,$-5,$16,$16,$0,$0,$12,$16,$3,$0
36,2009-09-30,6.19,$0.87,7.11,$1.12,5.51,$-0.12,0.0,$-0.08,0.0,$0.04B,$0.01B,5.46,$0.00B,$0.04B,0.0,$0.05B,$0.04B,74.00%,$0.05B,$-0.00B,-4.00%,$0.05B,$-0.00B,-4.00%,$0.05B,0,0.00%,$0.05B,$-0.00B,-6.00%,$0.05B,$-0.00B,-6.00%,$-0.00B,$0.04B,-10.08%,$-0.00B,$0.03B,-16.22%,$-0.00B,$0.05B,-7.41%,$-0.00B,$0.04B,-6.11%,$14,$4,$10,$2,$9,$14,$-0,$-0,$-0,$0,$-0,$-0,$-0,$1,$-0,$46,46,$0.00,$0.00,$22,$6,$0,$37,$2,$0,$11,$0,$13,$50,$7,$0,$1,$1,$8,$0,$-145,$-0,$42,$50,$-2,$2,$2,$4,$-2,$1,$0,$-0,$0,$3,$-0,$0,$0,$0,$0,$0,$0,$-0,$-5,$0,$-5,$16,$16,$0,$0,$11,$13,$2,$0
37,2009-06-30,3.35,$0.59,5.67,$1.04,3.21,$-0.30,0.0,$-0.15,0.0,$0.02B,$0.01B,3.39,$0.00B,$0.03B,0.15,$0.05B,$0.03B,75.56%,$0.05B,$-0.01B,-11.11%,$0.05B,$-0.01B,-11.11%,$0.05B,$-0.00B,-6.67%,$0.05B,$-0.01B,-13.33%,$0.05B,$-0.01B,-13.33%,$-0.01B,$0.03B,-23.08%,$-0.01B,$0.02B,-42.11%,$-0.01B,$0.04B,-16.00%,$-0.01B,$0.03B,-16.67%,$13,$3,$10,$1,$9,$14,$-0,$-0,$-0,$0,$-0,$-0,$-0,$0,$-0,$43,43,$-0.01,$-0.01,$8,$7,$0,$24,$3,$0,$11,$0,$14,$38,$7,$4,$1,$5,$12,$0,$-145,$-0,$26,$38,$-2,$1,$2,$3,$-2,$0,$0,$0,$-1,$0,$-0,$0,$0,$0,$0,$0,$0,$-0,$-0,$0,$-0,$0,$0,$0,$0,$0,$0,$2,$0
38,2009-03-31,2.12,$0.58,3.67,$0.95,2.22,$-0.38,0.0,$-0.23,0.0,$0.02B,$0.01B,3.33,$0.00B,$0.03B,0.16,$0.04B,$0.03B,75.61%,$0.04B,$-0.01B,-21.95%,$0.04B,$-0.01B,-21.95%,$0.04B,$-0.01B,-14.63%,$0.04B,$-0.01B,-24.39%,$0.04B,$-0.01B,-24.39%,$-0.01B,$0.03B,-37.38%,$-0.01B,$0.01B,-68.97%,$-0.01B,$0.04B,-27.21%,$-0.01B,$0.03B,-30.25%,$12,$3,$9,$1,$9,$13,$-1,$-0,$-1,$0,$-1,$-1,$-1,$-0,$-1,$43,43,$-0.03,$-0.03,$7,$7,$0,$22,$3,$0,$12,$0,$15,$37,$7,$4,$1,$5,$12,$0,$-145,$-0,$25,$37,$-1,$1,$1,$1,$-1,$-0,$0,$-0,$-1,$-1,$-0,$0,$0,$0,$0,$0,$0,$-0,$0,$0,$0,$0,$0,$0,$0,$0,$-1,$1,$0
39,2008-12-31,1.2,$0.59,2.04,$0.88,1.37,$-0.40,0.0,$-0.29,0.0,$0.02B,$0.01B,3.58,$0.00B,$0.03B,0.17,$0.04B,$0.03B,75.68%,$0.04B,$-0.01B,-32.43%,$0.04B,$-0.01B,-32.43%,$0.04B,$-0.01B,-24.32%,$0.04B,$-0.01B,-35.14%,$0.04B,$-0.01B,-35.14%,$-0.01B,$0.03B,-45.61%,$-0.01B,$0.01B,-83.87%,$-0.01B,$0.04B,-35.37%,$-0.01B,$0.03B,-39.34%,$11,$3,$8,$1,$14,$12,$-1,$-0,$-2,$0,$-2,$-2,$-2,$-1,$-1,$43,43,$-0.03,$-0.03,$8,$7,$0,$22,$3,$0,$12,$0,$15,$37,$6,$4,$1,$5,$11,$0,$-144,$-0,$26,$37,$-12,$2,$3,$5,$-2,$1,$0,$0,$0,$-6,$-0,$0,$0,$0,$0,$0,$0,$-0,$5,$0,$5,$1,$1,$0,$0,$6,$-1,$3,$0
40,2008-09-30,2.08,$0.61,3.41,$0.81,2.56,$-0.53,0.0,$-0.33,0.0,$0.02B,$0.01B,3.92,$0.01B,$0.03B,0.18,$0.03B,$0.03B,73.53%,$0.03B,$-0.02B,-44.12%,$0.03B,$-0.02B,-44.12%,$0.03B,$-0.01B,-32.35%,$0.03B,$-0.02B,-44.12%,$0.03B,$-0.02B,-44.12%,$-0.02B,$0.03B,-48.78%,$-0.02B,$0.01B,-86.96%,$-0.02B,$0.04B,-40.00%,$-0.02B,$0.03B,-47.24%,$9,$2,$7,$1,$2,$12,$-3,$-0,$-3,$0,$-3,$-3,$-3,$-2,$-3,$43,43,$-0.07,$-0.07,$9,$7,$0,$22,$3,$0,$12,$0,$16,$38,$6,$5,$1,$6,$11,$0,$-142,$0,$27,$38,$-10,$2,$2,$4,$-1,$1,$0,$0,$1,$-5,$-0,$0,$0,$0,$0,$0,$0,$-0,$5,$0,$5,$0,$0,$0,$0,$5,$-0,$2,$0
41,2008-06-30,2.31,$0.66,3.49,$0.76,3.03,$-0.66,0.0,$-0.34,0.0,$0.02B,$0.01B,3.71,$0.00B,$0.03B,0.0,$0.03B,$0.02B,71.88%,$0.03B,$-0.02B,-50.00%,$0.03B,$-0.02B,-50.00%,$0.03B,$-0.01B,-37.50%,$0.03B,$-0.02B,-46.88%,$0.03B,$-0.02B,-46.88%,$-0.02B,$0.03B,-45.11%,$-0.02B,$0.02B,-75.95%,$-0.02B,$0.04B,-38.71%,$-0.02B,$0.03B,-48.12%,$9,$3,$7,$2,$9,$13,$-4,$0,$-4,$0,$-4,$-4,$-4,$-3,$-4,$43,43,$-0.09,$-0.09,$6,$7,$0,$19,$3,$0,$13,$0,$16,$35,$5,$0,$1,$1,$6,$0,$-139,$0,$29,$35,$-7,$1,$1,$3,$-0,$1,$0,$0,$2,$-3,$-0,$0,$0,$0,$0,$0,$0,$-0,$0,$0,$0,$0,$0,$0,$0,$0,$-3,$1,$0
42,2008-03-31,2.99,$0.74,4.06,$0.70,4.3,$-0.77,0.0,$-0.34,0.0,$0.02B,$0.01B,4.39,$0.00B,$0.03B,0.0,$0.03B,$0.02B,68.97%,$0.03B,$-0.02B,-55.17%,$0.03B,$-0.02B,-55.17%,$0.03B,$-0.01B,-41.38%,$0.03B,$-0.02B,-51.72%,$0.03B,$-0.02B,-51.72%,$-0.02B,$0.03B,-41.67%,$-0.02B,$0.02B,-67.42%,$-0.02B,$0.04B,-36.36%,$-0.02B,$0.03B,-44.44%,$8,$3,$6,$1,$8,$12,$-4,$0,$-4,$0,$-4,$-4,$-4,$-3,$-4,$43,43,$-0.09,$-0.09,$8,$7,$1,$21,$4,$0,$13,$0,$17,$37,$5,$0,$1,$1,$6,$0,$-135,$0,$32,$37,$-4,$1,$1,$1,$-0,$1,$0,$0,$1,$-1,$-0,$0,$0,$0,$0,$0,$0,$-0,$0,$0,$0,$0,$0,$0,$0,$0,$-1,$1,$0
43,2007-12-31,2.8,$0.81,3.47,$0.65,4.31,$-0.85,0.0,$-0.35,0.0,$0.02B,$0.00B,5.31,$0.00B,$0.04B,0.0,$0.03B,$0.02B,66.67%,$0.03B,$-0.02B,-62.96%,$0.03B,$-0.02B,-62.96%,$0.03B,$-0.01B,-48.15%,$0.03B,$-0.02B,-55.56%,$0.03B,$-0.02B,-55.56%,$-0.02B,$0.04B,-38.71%,$-0.02B,$0.02B,-60.61%,$-0.02B,$0.04B,-34.09%,$-0.02B,$0.04B,-43.87%,$8,$3,$5,$2,$7,$12,$-4,$0,$-4,$0,$-4,$-4,$-4,$-3,$-4,$43,43,$-0.08,$-0.08,$9,$8,$1,$23,$4,$0,$14,$0,$17,$40,$4,$0,$1,$1,$5,$0,$-132,$0,$35,$40,$-15,$2,$2,$4,$-2,$2,$0,$-0,$-1,$-12,$-0,$0,$0,$0,$14,$14,$0,$13,$0,$0,$0,$1,$1,$0,$0,$1,$2,$2,$0
44,2007-09-30,3.94,$0.87,4.51,$0.58,6.81,$-1.00,0.0,$-0.38,0.0,$0.03B,$0.00B,6.14,$0.00B,$0.04B,0.0,$0.02B,$0.02B,66.67%,$0.02B,$-0.02B,-75.00%,$0.02B,$-0.02B,-75.00%,$0.02B,$-0.02B,-62.50%,$0.02B,$-0.02B,-66.67%,$0.02B,$-0.02B,-66.67%,$-0.02B,$0.04B,-38.32%,$-0.02B,$0.02B,-58.18%,$-0.02B,$0.04B,-33.86%,$-0.02B,$0.04B,-43.11%,$7,$2,$5,$2,$6,$11,$-4,$0,$-3,$0,$-3,$-3,$-3,$-3,$-4,$43,43,$-0.08,$-0.08,$10,$9,$1,$25,$4,$0,$14,$0,$18,$43,$4,$0,$1,$1,$5,$0,$-128,$0,$37,$43,$-12,$2,$2,$3,$-1,$0,$0,$-1,$-2,$-11,$-0,$0,$0,$0,$13,$13,$0,$13,$0,$0,$0,$1,$1,$0,$0,$1,$3,$2,$0
45,2007-06-30,4.47,$0.94,4.78,$0.50,8.93,$-1.06,0.0,$-0.40,0.0,$0.03B,$0.00B,6.51,$0.00B,$0.04B,0.0,$0.02B,$0.01B,61.90%,$0.02B,$-0.02B,-90.48%,$0.02B,$-0.02B,-90.48%,$0.02B,$-0.02B,-76.19%,$0.02B,$-0.02B,-80.95%,$0.02B,$-0.02B,-80.95%,$-0.02B,$0.04B,-37.57%,$-0.02B,$0.03B,-56.20%,$-0.02B,$0.05B,-33.83%,$-0.02B,$0.04B,-41.99%,$6,$3,$4,$1,$6,$10,$-4,$0,$-4,$0,$-4,$-4,$-4,$-3,$-4,$43,43,$-0.09,$-0.09,$13,$9,$0,$27,$4,$0,$14,$0,$19,$45,$4,$0,$1,$1,$5,$0,$-125,$0,$40,$45,$-8,$1,$1,$2,$-1,$0,$0,$0,$-2,$-8,$-0,$0,$0,$0,$12,$12,$0,$12,$0,$0,$0,$1,$1,$0,$0,$1,$5,$1,$0
46,2007-03-31,3.93,$1.00,3.92,$0.44,8.84,$-1.11,0.0,$-0.42,0.0,$0.03B,$0.00B,6.84,$0.00B,$0.04B,0.0,$0.02B,$0.01B,61.11%,$0.02B,$-0.02B,-111.11%,$0.02B,$-0.02B,-111.11%,$0.02B,$-0.02B,-94.44%,$0.02B,$-0.02B,-94.44%,$0.02B,$-0.02B,-94.44%,$-0.02B,$0.04B,-34.87%,$-0.02B,$0.03B,-50.75%,$-0.02B,$0.05B,-31.63%,$-0.02B,$0.04B,-41.03%,$6,$3,$4,$2,$7,$11,$-5,$0,$-4,$0,$-4,$-4,$-4,$-4,$-5,$43,43,$-0.10,$-0.10,$15,$9,$0,$29,$4,$0,$15,$0,$19,$48,$4,$0,$1,$1,$5,$0,$-121,$0,$43,$48,$-4,$1,$1,$1,$-1,$-0,$0,$0,$-2,$-5,$-0,$0,$0,$0,$9,$9,$0,$9,$0,$0,$0,$0,$0,$0,$0,$0,$4,$1,$0
47,2006-12-31,3.5,$1.09,3.21,$0.37,9.42,$-1.14,0.0,$-0.43,0.0,$0.03B,$0.01B,6.38,$0.00B,$0.05B,0.0,$0.02B,$0.01B,60.00%,$0.02B,$-0.02B,-126.67%,$0.02B,$-0.02B,-126.67%,$0.02B,$-0.02B,-106.67%,$0.02B,$-0.02B,-113.33%,$0.02B,$-0.02B,-113.33%,$-0.02B,$0.05B,-35.42%,$-0.02B,$0.03B,-52.31%,$-0.02B,$0.05B,-32.23%,$-0.02B,$0.05B,-39.38%,$5,$2,$3,$2,$6,$10,$-5,$0,$-5,$0,$-5,$-5,$-5,$-5,$-5,$40,40,$-0.12,$-0.12,$19,$9,$1,$32,$5,$1,$15,$0,$21,$53,$5,$0,$1,$1,$6,$0,$-117,$0,$47,$53,$-18,$2,$2,$4,$-2,$-2,$0,$-0,$-3,$-17,$-1,$0,$0,$0,$-4,$-4,$0,$-5,$0,$0,$0,$20,$20,$0,$0,$20,$-2,$2,$0
