,Date,Stock Price,Book Value per Share,Price to Book Ratio,TTM Sales per Share,Price to Sales Ratio,TTM FCF per Share,Price to FCF Ratio,TTM Net EPS,PE Ratio,Current Assets,Current Liabilities,Current Ratio,Long Term Debt,Shareholder's Equity_x,Debt to Equity Ratio,TTM Revenue_x,TTM Gross Profit,Gross Margin,TTM Revenue_y,TTM Operating Income,Operating Margin,TTM Revenue_x,TTM EBIT,EBIT Margin,TTM Revenue_y,TTM EBITDA,EBITDA Margin,TTM Revenue_x,TTM Pre-Tax Income,Pre-Tax Margin,TTM Revenue_y,TTM Net Income_x,Net Margin,TTM Net Income_y,Shareholder's Equity_y,Return on Equity,TTM Net Income_x,Tangible Equity,Return on Tangible Equity,TTM Net Income_y,Total Assets,Return on Assets,TTM Net Income,LT Investments & Debt,Return on Investment,revenue,cost-goods-sold,gross-profit,research-development-expenses,selling-general-administrative-expenses,operating-expenses,operating-income,total-non-operating-income-expense,pre-tax-income,total-provision-income-taxes,income-after-taxes,income-from-continuous-operations,net-income,ebitda,ebit,basic-shares-outstanding,shares-outstanding,eps-basic-net-earnings-per-share,eps-earnings-per-share-diluted,cash-on-hand,inventory,other-current-assets,total-current-assets,net-property-plant-equipment,long-term-investments,goodwill-intangible-assets-total,other-long-term-assets,total-long-term-assets,total-assets,total-current-liabilities,long-term-debt,other-non-current-liabilities,total-long-term-liabilities,total-liabilities,common-stock-net,retained-earnings-accumulated-deficit,comprehensive-income,total-share-holder-equity,total-liabilities-share-holders-equity,net-income-loss,total-depreciation-amortization-cash-flow,other-non-cash-items,total-non-cash-items,change-in-accounts-receivable,change-in-inventories,change-in-accounts-payable,change-in-assets-liabilities,total-change-in-assets-liabilities,cash-flow-from-operating-activities,net-change-in-property-plant-equipment,net-change-in-intangible-assets,net-acquisitions-divestitures,net-change-in-short-term-investments,net-change-in-long-term-investments,net-change-in-investments-total,investing-activities-other,cash-flow-from-investing-activities,net-long-term-debt,net-current-debt,debt-issuance-retirement-net-total,net-common-equity-issued-repurchased,net-total-equity-issued-repurchased,total-common-preferred-stock-dividends-paid,financial-activities-other,cash-flow-from-financial-activities,net-cash-flow,stock-based-compensation,common-stock-dividends-paid
0,2018-09-30,5.27,$0.00,0.0,$15.83,0.33,$0.78,6.73,$0.83,6.35,$1.43B,$1.85B,0.77,$1.69B,$4.20B,0.4,$4.33B,$0.98B,22.58%,$4.33B,$0.61B,14.15%,$4.33B,$0.61B,14.15%,$4.33B,$0.82B,19.00%,$4.33B,$0.47B,10.92%,$4.33B,$0.32B,7.32%,$0.32B,$4.20B,6.88%,$0.32B,$2.53B,11.58%,$0.32B,$8.88B,3.23%,$0.61B,$5.89B,9.22%,$1095,$958,$136,$0,$0,$943,$152,$-32,$120,$28,$92,$92,$90,$191,$152,$273,273,$0.33,$0.33,$322,$30,$66,$1429,$2727,$812,$1672,$689,$7448,$8878,$1851,$1687,$895,$2827,$4678,$2009,$1412,$0,$4199,$8878,$268,$141,$-124,$17,$0,$0,$0,$248,$123,$407,$-304,$-125,$0,$0,$2,$2,$53,$-374,$566,$0,$566,$0,$0,$-72,$-573,$-79,$-46,$0,$-72
1,2018-06-30,5.58,$0.00,0.0,$16.03,0.35,$0.90,6.18,$1.27,4.39,$1.69B,$2.15B,0.79,$1.73B,$4.50B,0.38,$4.39B,$1.00B,22.67%,$4.39B,$0.61B,13.83%,$4.39B,$0.61B,13.83%,$4.39B,$0.84B,19.07%,$4.39B,$0.45B,10.34%,$4.39B,$0.35B,7.93%,$0.35B,$4.50B,7.23%,$0.35B,$2.70B,12.24%,$0.35B,$9.60B,3.39%,$0.61B,$6.23B,8.76%,$1004,$834,$169,$0,$0,$824,$179,$-29,$150,$52,$98,$98,$97,$227,$179,$273,273,$0.35,$0.35,$568,$31,$61,$1690,$2904,$881,$1802,$755,$7906,$9596,$2150,$1731,$940,$2943,$5093,$2201,$1547,$0,$4503,$9596,$193,$102,$25,$127,$0,$0,$0,$146,$50,$370,$-234,$-80,$0,$0,$7,$7,$47,$-260,$342,$0,$342,$0,$0,$-4,$-263,$75,$185,$0,$-4
2,2018-03-31,7.83,$0.00,0.0,$15.96,0.49,$0.94,8.32,$1.08,7.25,$1.85B,$1.82B,1.02,$2.41B,$4.88B,0.49,$4.37B,$0.97B,22.27%,$4.37B,$0.59B,13.51%,$4.37B,$0.59B,13.51%,$4.37B,$0.83B,18.95%,$4.37B,$0.39B,8.80%,$4.37B,$0.30B,6.74%,$0.30B,$4.88B,6.02%,$0.30B,$2.89B,10.29%,$0.30B,$10.40B,2.85%,$0.59B,$7.29B,8.34%,$1032,$859,$173,$0,$0,$850,$182,$-21,$161,$56,$105,$105,$102,$237,$182,$275,275,$0.37,$0.37,$625,$32,$65,$1852,$3132,$901,$1993,$838,$8543,$10395,$1822,$2412,$989,$3691,$5514,$2439,$1713,$0,$4882,$10395,$105,$55,$-16,$39,$0,$0,$0,$54,$54,$198,$-155,$-33,$0,$0,$17,$17,$36,$-135,$185,$0,$185,$0,$0,$-1,$-44,$140,$203,$0,$-1
3,2017-12-31,7.3,$17.75,0.41,$16.04,0.45,$1.05,6.93,$1.19,6.13,$1.79B,$1.91B,0.93,$2.32B,$4.86B,0.48,$4.39B,$1.05B,23.96%,$4.39B,$0.67B,15.28%,$4.39B,$0.67B,15.28%,$4.39B,$0.91B,20.77%,$4.39B,$0.44B,9.93%,$4.39B,$0.32B,7.38%,$0.32B,$4.86B,6.59%,$0.32B,$2.84B,11.30%,$0.32B,$10.39B,3.17%,$0.67B,$7.18B,9.60%,$1201,$702,$500,$0,$0,$1102,$100,$-58,$42,$-5,$47,$47,$28,$168,$100,$274,274,$0.05,$0.05,$380,$35,$71,$1786,$3079,$927,$2021,$818,$8601,$10386,$1914,$2322,$989,$3615,$5529,$2477,$1741,$0,$4858,$10386,$350,$243,$-375,$-132,$-101,$6,$-52,$185,$92,$310,$-378,$-213,$0,$-2,$89,$88,$8,$-495,$362,$0,$362,$0,$0,$-159,$0,$204,$18,$0,$-159
4,2017-09-30,8.47,$0.00,0.0,$15.36,0.55,$1.50,5.64,$0.99,8.56,$1.96B,$2.43B,0.81,$1.98B,$5.02B,0.39,$4.20B,$0.87B,20.62%,$4.20B,$0.60B,14.27%,$4.20B,$0.60B,14.27%,$4.20B,$0.83B,19.62%,$4.20B,$0.33B,7.85%,$4.20B,$0.28B,6.66%,$0.28B,$5.02B,5.85%,$0.28B,$2.94B,10.07%,$0.28B,$10.66B,2.85%,$0.60B,$7.00B,8.92%,$1152,$999,$153,$0,$0,$1007,$146,$-45,$101,$-23,$123,$123,$121,$205,$146,$274,274,$0.44,$0.44,$510,$37,$59,$1955,$3056,$905,$2076,$1050,$8707,$10662,$2425,$1977,$941,$3218,$5642,$2502,$1562,$0,$5019,$10662,$303,$174,$-219,$-45,$0,$0,$0,$117,$117,$375,$-238,$-144,$0,$-2,$-56,$-57,$4,$-435,$488,$0,$488,$0,$0,$-64,$-261,$163,$102,$0,$-64
5,2017-06-30,7.02,$0.00,0.0,$14.44,0.49,$1.43,4.9,$0.45,15.6,$1.65B,$2.04B,0.81,$2.03B,$4.83B,0.42,$3.95B,$0.77B,19.47%,$3.95B,$0.53B,13.45%,$3.95B,$0.53B,13.45%,$3.95B,$0.76B,19.25%,$3.95B,$0.24B,6.08%,$3.95B,$0.13B,3.34%,$0.13B,$4.83B,2.79%,$0.13B,$2.80B,4.79%,$0.13B,$9.99B,1.39%,$0.53B,$6.86B,7.92%,$989,$841,$148,$0,$0,$826,$163,$-82,$81,$34,$47,$47,$44,$219,$163,$275,275,$0.16,$0.16,$513,$38,$26,$1651,$2890,$1282,$2033,$623,$8337,$9988,$2037,$2033,$787,$3122,$5159,$2466,$1540,$0,$4829,$9988,$183,$114,$43,$158,$0,$0,$0,$-18,$-18,$323,$-176,$-108,$0,$-2,$-35,$-36,$20,$-300,$378,$0,$378,$0,$0,$-62,$-201,$115,$138,$0,$-62
6,2017-03-31,9.24,$0.00,0.0,$14.69,0.63,$1.40,6.61,$1.33,6.95,$1.47B,$1.85B,0.8,$1.96B,$4.96B,0.4,$4.02B,$1.00B,24.81%,$4.02B,$0.76B,18.90%,$4.02B,$0.76B,18.90%,$4.02B,$0.99B,24.61%,$4.02B,$0.59B,14.60%,$4.02B,$0.37B,9.27%,$0.37B,$4.96B,8.00%,$0.37B,$2.89B,13.65%,$0.37B,$9.89B,4.07%,$0.76B,$6.92B,11.60%,$1049,$798,$251,$0,$0,$787,$262,$-50,$212,$79,$133,$133,$131,$320,$262,$274,274,$0.48,$0.48,$382,$40,$13,$1472,$2866,$1298,$2065,$635,$8421,$9893,$1848,$1964,$817,$3089,$4938,$2518,$1643,$0,$4955,$9893,$133,$58,$101,$159,$0,$0,$0,$-156,$-156,$136,$-63,$-53,$0,$0,$-42,$-42,$32,$-127,$25,$0,$25,$0,$0,$-1,$-44,$-21,$-12,$0,$-1
7,2016-12-31,7.6,$15.88,0.48,$13.76,0.55,$1.11,6.85,$0.98,7.75,$1.26B,$1.62B,0.78,$1.79B,$4.35B,0.41,$3.76B,$0.82B,21.88%,$3.76B,$0.59B,15.63%,$3.76B,$0.59B,15.63%,$3.76B,$0.80B,21.38%,$3.76B,$0.42B,11.26%,$3.76B,$0.28B,7.32%,$0.28B,$4.35B,6.31%,$0.28B,$2.49B,10.79%,$0.28B,$8.73B,3.22%,$0.59B,$6.13B,9.52%,$1014,$699,$315,$0,$0,$985,$29,$-93,$-64,$-39,$-25,$-25,$-16,$81,$29,$274,274,$-0.06,$-0.06,$368,$37,$0,$1262,$2561,$725,$1852,$922,$7463,$8725,$1622,$1788,$713,$2759,$4380,$2268,$1480,$0,$4345,$8725,$272,$217,$197,$413,$166,$0,$-193,$-281,$-319,$423,$-368,$-231,$0,$-3,$-119,$-122,$1,$-720,$259,$0,$259,$0,$0,$-106,$0,$154,$-143,$0,$-106
8,2016-09-30,9.29,$0.00,0.0,$13.18,0.71,$1.53,6.06,$1.45,6.41,$1.51B,$1.43B,1.05,$2.09B,$4.82B,0.44,$3.61B,$0.23B,6.43%,$3.61B,$0.82B,22.63%,$3.61B,$0.82B,22.63%,$3.61B,$1.05B,29.17%,$3.61B,$0.61B,16.76%,$3.61B,$0.40B,10.97%,$0.40B,$4.82B,9.04%,$0.40B,$2.84B,15.41%,$0.40B,$9.41B,4.62%,$0.82B,$6.91B,13.08%,$897,$842,$55,$0,$0,$820,$77,$-66,$11,$34,$-23,$-23,$-27,$140,$77,$272,272,$-0.10,$-0.10,$541,$43,$1,$1506,$2829,$907,$1980,$827,$7902,$9409,$1429,$2093,$816,$3164,$4593,$2132,$1670,$0,$4815,$9409,$326,$164,$105,$269,$0,$0,$0,$-189,$-189,$406,$-290,$-211,$0,$0,$-125,$-125,$35,$-590,$416,$0,$416,$0,$0,$-111,$-141,$164,$-19,$0,$-111
9,2016-06-30,8.05,$0.00,0.0,$13.37,0.6,$1.28,6.28,$1.64,4.91,$1.29B,$1.27B,1.01,$1.72B,$4.48B,0.39,$3.64B,$0.43B,11.93%,$3.64B,$0.76B,20.81%,$3.64B,$0.76B,20.81%,$3.64B,$0.97B,26.59%,$3.64B,$0.63B,17.21%,$3.64B,$0.45B,12.32%,$0.45B,$4.48B,10.68%,$0.45B,$2.68B,16.16%,$0.45B,$8.50B,5.44%,$0.76B,$6.20B,12.63%,$1055,$681,$375,$0,$0,$664,$391,$36,$427,$143,$285,$285,$284,$447,$391,$274,274,$1.04,$1.04,$349,$41,$0,$1289,$2554,$1207,$1795,$344,$7214,$8502,$1273,$1722,$776,$2750,$4023,$1973,$1546,$0,$4479,$8502,$323,$101,$-8,$92,$0,$0,$0,$-107,$-107,$309,$-172,$-118,$0,$0,$-101,$-101,$17,$-374,$14,$0,$14,$0,$0,$-101,$-35,$-122,$-186,$0,$-101
10,2016-03-31,6.8,$0.00,0.0,$14.59,0.47,$0.85,7.96,$0.96,7.08,$1.53B,$1.25B,1.23,$1.65B,$3.78B,0.44,$3.86B,$0.43B,11.13%,$3.86B,$0.51B,13.26%,$3.86B,$0.51B,13.26%,$3.86B,$0.72B,18.55%,$3.86B,$0.35B,8.95%,$3.86B,$0.25B,6.59%,$0.25B,$3.78B,6.01%,$0.25B,$2.18B,8.21%,$0.25B,$7.50B,3.03%,$0.51B,$5.43B,8.39%,$790,$712,$77,$0,$0,$700,$90,$-41,$49,$14,$35,$35,$34,$135,$90,$272,272,$0.13,$0.13,$484,$36,$30,$1529,$2263,$969,$1596,$345,$5971,$7500,$1246,$1649,$678,$2474,$3720,$1776,$1391,$0,$3781,$7500,$35,$45,$97,$142,$0,$0,$0,$-125,$-125,$51,$-57,$-48,$0,$0,$-14,$-14,$6,$-113,$0,$0,$0,$0,$0,$-6,$-15,$-20,$-82,$0,$-6
11,2015-12-31,5.04,$0.00,0.0,$17.24,0.29,$0.79,6.34,$1.40,3.6,$2.12B,$1.46B,1.45,$1.99B,$4.45B,0.45,$4.46B,$0.86B,19.27%,$4.46B,$0.55B,12.30%,$4.46B,$0.55B,12.30%,$4.46B,$0.76B,17.12%,$4.46B,$0.55B,12.28%,$4.46B,$0.36B,8.13%,$0.36B,$4.45B,8.02%,$0.36B,$2.58B,10.04%,$0.36B,$8.84B,4.07%,$0.55B,$6.45B,8.59%,$868,$1143,$-275,$0,$-427,$609,$259,$-80,$118,$117,$1,$105,$105,$331,$259,$277,277,$0.38,$0.38,$854,$40,$50,$2117,$0,$748,$1876,$1279,$4067,$8838,$1462,$1993,$930,$2923,$4385,$2110,$1653,$0,$4453,$8838,$386,$216,$0,$216,$0,$0,$0,$0,$68,$403,$-230,$0,$0,$0,$0,$-147,$-219,$-596,$0,$0,$917,$0,$0,$-94,$-405,$419,$226,$0,$0
12,2015-09-30,7.05,$0.00,0.0,$16.65,0.42,$0.32,21.7,$1.16,6.08,$1.92B,$1.15B,1.66,$1.84B,$4.07B,0.45,$4.97B,$0.28B,5.58%,$4.97B,$-0.33B,-6.73%,$4.97B,$-0.33B,-6.73%,$4.97B,$-0.13B,-2.54%,$4.97B,$0.58B,11.58%,$4.97B,$0.33B,6.67%,$0.33B,$4.07B,6.79%,$0.33B,$3.64B,7.88%,$0.33B,$8.10B,3.50%,$-0.33B,$5.91B,-4.95%,$924,$667,$257,$0,$190,$907,$17,$15,$32,$6,$26,$25,$25,$54,$17,$265,265,$0.09,$0.09,$699,$39,$109,$1915,$0,$995,$423,$2095,$3703,$8098,$1153,$1841,$1039,$2880,$4033,$1969,$1287,$0,$4065,$8098,$246,$143,$0,$143,$0,$0,$0,$0,$-421,$238,$-192,$0,$0,$0,$0,$26,$-241,$-407,$0,$287,$328,$0,$0,$-86,$-335,$195,$26,$0,$0
13,2015-06-30,9.45,$0.00,0.0,$15.49,0.61,$0.61,15.39,$1.23,7.68,$2.24B,$1.36B,1.64,$1.97B,$4.61B,0.43,$5.32B,$0.30B,5.72%,$5.32B,$-0.39B,-7.37%,$5.32B,$-0.39B,-7.37%,$5.32B,$-0.02B,-0.32%,$5.32B,$0.69B,12.92%,$5.32B,$0.39B,7.35%,$0.39B,$4.61B,7.27%,$0.39B,$3.98B,8.56%,$0.39B,$9.11B,3.82%,$-0.39B,$6.58B,-5.39%,$1273,$902,$370,$0,$225,$1128,$145,$0,$146,$-48,$194,$90,$90,$195,$145,$250,250,$0.36,$0.36,$432,$44,$677,$2238,$0,$1013,$634,$2207,$4046,$9105,$1363,$1970,$1160,$3130,$4493,$2251,$1472,$0,$4612,$9105,$252,$106,$0,$106,$0,$0,$0,$0,$0,$189,$-170,$0,$0,$0,$0,$14,$-184,$-340,$0,$329,$152,$0,$0,$-96,$-191,$193,$-200,$0,$0
14,2015-03-31,8.77,$0.00,0.0,$16.20,0.54,$1.43,6.15,$1.27,6.91,$2.27B,$1.81B,1.26,$1.66B,$4.98B,0.33,$5.40B,$0.34B,6.36%,$5.40B,$-0.41B,-7.60%,$5.40B,$-0.41B,-7.60%,$5.40B,$-0.15B,-2.78%,$5.40B,$0.70B,12.97%,$5.40B,$0.39B,7.30%,$0.39B,$4.98B,6.86%,$0.39B,$4.26B,8.12%,$0.39B,$9.65B,3.66%,$-0.41B,$6.64B,-5.34%,$1398,$891,$508,$0,$324,$1270,$128,$31,$252,$87,$165,$143,$143,$184,$128,$252,252,$0.57,$0.57,$500,$49,$700,$2267,$0,$628,$714,$2796,$4341,$9647,$1806,$1660,$1203,$2865,$4671,$2433,$1590,$0,$4976,$9647,$165,$56,$0,$56,$0,$0,$0,$0,$-217,$80,$-101,$0,$0,$0,$0,$88,$-77,$-90,$0,$-9,$160,$0,$0,$0,$-4,$148,$-122,$0,$0
15,2014-12-31,11.02,$0.00,0.0,$16.12,0.68,$1.14,9.67,$1.66,6.64,$2.23B,$1.73B,1.29,$2.03B,$5.85B,0.35,$5.37B,$0.60B,11.22%,$5.37B,$-0.18B,-3.35%,$5.37B,$-0.18B,-3.35%,$5.37B,$0.09B,1.66%,$5.37B,$0.79B,14.77%,$5.37B,$0.49B,9.17%,$0.49B,$5.85B,8.31%,$0.49B,$4.92B,9.87%,$0.49B,$10.95B,4.50%,$-0.18B,$7.88B,-2.29%,$1371,$2228,$-858,$0,$-301,$1994,$-624,$338,$145,$36,$109,$73,$73,$-559,$-624,$539,539,$0.14,$0.14,$518,$64,$354,$2230,$0,$766,$929,$3249,$5169,$10947,$1733,$2032,$1329,$3367,$5100,$2953,$1930,$0,$5847,$10947,$571,$269,$0,$269,$0,$0,$0,$0,$0,$466,$-382,$0,$0,$0,$0,$-44,$-669,$-1095,$0,$0,$0,$0,$0,$0,$201,$201,$-1172,$0,$0
16,2014-09-30,10.96,$0.00,0.0,$17.39,0.63,$2.55,4.3,$1.80,6.09,$2.39B,$1.70B,1.41,$1.94B,$6.08B,0.32,$5.05B,$1.70B,33.68%,$5.05B,$0.42B,8.24%,$5.05B,$0.42B,8.24%,$5.05B,$0.71B,14.03%,$5.05B,$0.70B,13.89%,$5.05B,$0.50B,9.83%,$0.50B,$6.08B,8.30%,$0.50B,$5.11B,9.85%,$0.50B,$11.26B,4.54%,$0.42B,$8.02B,5.33%,$1275,$992,$284,$0,$257,$1317,$-41,$9,$144,$41,$103,$85,$85,$163,$-41,$549,549,$0.16,$0.16,$1041,$63,$313,$2389,$0,$802,$966,$3010,$5170,$11261,$1695,$1942,$1411,$3491,$5186,$3052,$1722,$0,$6075,$11261,$470,$204,$0,$204,$0,$0,$0,$0,$-126,$538,$-282,$0,$0,$0,$0,$260,$-852,$-875,$0,$54,$0,$0,$0,$-110,$416,$359,$21,$0,$0
17,2014-06-30,12.27,$0.00,0.0,$18.60,0.66,$3.64,3.37,$2.07,5.93,$2.56B,$1.52B,1.69,$2.13B,$6.08B,0.35,$4.75B,$1.82B,38.42%,$4.75B,$0.57B,12.01%,$4.75B,$0.57B,12.01%,$4.75B,$0.71B,14.94%,$4.75B,$0.73B,15.43%,$4.75B,$0.53B,11.15%,$0.53B,$6.08B,8.98%,$0.53B,$5.12B,10.67%,$0.53B,$11.26B,5.03%,$0.57B,$8.21B,7.57%,$1352,$943,$409,$0,$213,$1225,$127,$-17,$159,$48,$112,$93,$93,$62,$127,$234,234,$0.40,$0.40,$1130,$63,$364,$2563,$0,$699,$951,$2985,$5033,$11262,$1516,$2132,$1385,$3672,$5188,$3105,$1751,$0,$6075,$11262,$374,$0,$0,$0,$0,$0,$0,$0,$-198,$207,$0,$0,$0,$0,$0,$0,$-461,$-461,$0,$0,$0,$0,$0,$0,$-112,$-112,$145,$0,$0
18,2014-03-31,10.22,$0.00,0.0,$16.27,0.63,$4.31,2.37,$2.07,4.94,$2.37B,$1.61B,1.47,$1.59B,$5.73B,0.28,$4.30B,$1.80B,41.81%,$4.30B,$0.47B,10.84%,$4.30B,$0.47B,10.84%,$4.30B,$0.74B,17.16%,$4.30B,$0.75B,17.49%,$4.30B,$0.54B,12.56%,$0.54B,$5.73B,9.08%,$0.54B,$4.82B,10.75%,$0.54B,$10.36B,5.21%,$0.47B,$7.32B,6.32%,$1376,$608,$768,$0,$345,$1019,$358,$71,$346,$99,$247,$242,$242,$423,$358,$252,252,$0.96,$0.96,$681,$56,$781,$2371,$0,$593,$903,$2739,$4560,$10363,$1613,$1593,$1268,$3023,$4636,$2931,$1653,$0,$5727,$10363,$247,$65,$0,$65,$0,$0,$0,$0,$-454,$-10,$-82,$0,$-5,$0,$0,$71,$-112,$-128,$0,$13,$0,$0,$0,$-2,$-24,$-13,$-151,$0,$0
19,2013-12-31,10.24,$0.00,0.0,$15.11,0.68,$4.64,2.21,$1.83,5.6,$2.18B,$1.56B,1.4,$1.64B,$6.03B,0.27,$4.10B,$1.67B,40.62%,$4.10B,$0.34B,8.29%,$4.10B,$0.34B,8.29%,$4.10B,$0.62B,15.13%,$4.10B,$0.70B,17.15%,$4.10B,$0.50B,12.08%,$0.50B,$6.03B,8.10%,$0.50B,$5.08B,9.54%,$0.50B,$10.77B,4.73%,$0.34B,$7.67B,4.54%,$1044,$805,$239,$0,$195,$1073,$-28,$46,$52,$-20,$72,$76,$76,$60,$-28,$274,274,$0.28,$0.28,$994,$65,$333,$2181,$0,$631,$949,$2939,$4870,$10772,$1560,$1639,$1350,$3186,$4746,$3221,$1817,$0,$6026,$10772,$513,$281,$0,$281,$0,$0,$0,$0,$-557,$623,$-196,$0,$0,$0,$0,$-142,$-531,$-869,$0,$95,$578,$0,$0,$-276,$-19,$377,$132,$0,$0
20,2013-09-30,9.44,$0.00,0.0,$15.39,0.61,$3.99,2.37,$1.37,6.89,$2.03B,$1.40B,1.45,$1.17B,$5.75B,0.2,$4.26B,$1.19B,27.94%,$4.26B,$0.53B,12.34%,$4.26B,$0.53B,12.34%,$4.26B,$0.80B,18.73%,$4.26B,$0.54B,12.59%,$4.26B,$0.37B,8.62%,$0.37B,$5.75B,5.91%,$0.37B,$4.81B,6.93%,$0.37B,$9.71B,3.50%,$0.53B,$6.91B,6.94%,$973,$567,$407,$0,$229,$861,$113,$48,$175,$55,$120,$118,$118,$164,$113,$276,276,$0.43,$0.43,$895,$59,$482,$2030,$0,$457,$931,$2496,$4205,$9709,$1399,$1166,$1197,$2564,$3964,$3027,$1462,$0,$5745,$9709,$539,$193,$0,$193,$0,$0,$0,$0,$-401,$543,$-112,$0,$0,$0,$0,$-97,$-388,$-597,$0,$0,$184,$0,$0,$-82,$-16,$86,$32,$0,$0
21,2013-06-30,8.4,$0.00,0.0,$15.55,0.54,$2.99,2.81,$1.51,5.56,$2.37B,$1.52B,1.57,$1.33B,$6.29B,0.21,$4.28B,$1.24B,29.07%,$4.28B,$0.56B,13.10%,$4.28B,$0.56B,13.10%,$4.28B,$0.84B,19.71%,$4.28B,$0.59B,13.84%,$4.28B,$0.40B,9.38%,$0.40B,$6.29B,6.31%,$0.40B,$5.38B,7.36%,$0.40B,$10.61B,3.81%,$0.56B,$7.61B,7.31%,$907,$523,$384,$0,$290,$884,$23,$42,$179,$57,$122,$104,$104,$91,$23,$262,262,$0.40,$0.40,$1011,$66,$499,$2372,$0,$489,$906,$2682,$4426,$10609,$1515,$1325,$1243,$2808,$4323,$3356,$1621,$0,$6286,$10609,$316,$142,$0,$142,$0,$0,$0,$0,$-263,$468,$-63,$0,$0,$0,$0,$-51,$-202,$-316,$0,$0,$6,$0,$0,$-90,$-15,$-99,$54,$0,$0
22,2013-03-31,10.16,$0.00,0.0,$16.01,0.63,$1.43,7.1,$1.45,7.01,$2.43B,$1.48B,1.64,$1.37B,$6.39B,0.21,$4.41B,$1.32B,29.86%,$4.41B,$0.66B,15.01%,$4.41B,$0.66B,15.01%,$4.41B,$0.94B,21.27%,$4.41B,$0.53B,11.95%,$4.41B,$0.39B,8.80%,$0.39B,$6.39B,6.07%,$0.39B,$5.48B,7.08%,$0.39B,$10.75B,3.74%,$0.66B,$7.76B,8.67%,$1175,$540,$635,$0,$329,$943,$232,$47,$297,$97,$200,$197,$197,$305,$232,$273,273,$0.72,$0.72,$872,$68,$635,$2429,$0,$435,$916,$2701,$4406,$10745,$1482,$1367,$1229,$2869,$4351,$3463,$1673,$0,$6394,$10745,$200,$74,$0,$74,$0,$0,$0,$0,$-413,$-4,$-5,$0,$0,$0,$0,$11,$-81,$-75,$0,$0,$-1,$0,$0,$-47,$0,$-48,$-127,$0,$0
23,2012-12-31,9.5,$0.00,0.0,$15.50,0.61,$1.13,8.38,$1.32,7.2,$2.42B,$1.47B,1.65,$1.54B,$6.43B,0.24,$4.25B,$1.13B,26.52%,$4.25B,$0.55B,13.00%,$4.25B,$0.55B,13.00%,$4.25B,$0.84B,19.66%,$4.25B,$0.50B,11.76%,$4.25B,$0.35B,8.21%,$0.35B,$6.43B,5.33%,$0.35B,$5.51B,6.21%,$0.35B,$10.92B,3.34%,$0.55B,$7.97B,7.14%,$1201,$1438,$-237,$0,$-440,$1044,$157,$-261,$-115,$-55,$-60,$-52,$-52,$237,$157,$294,294,$-0.18,$-0.18,$1110,$64,$479,$2419,$0,$346,$924,$2845,$4448,$10920,$1466,$1538,$1165,$3020,$4486,$3557,$1718,$0,$6434,$10920,$374,$283,$0,$283,$0,$0,$0,$0,$-287,$718,$-451,$0,$0,$0,$0,$-82,$-384,$-917,$0,$0,$557,$0,$0,$-116,$-19,$422,$223,$0,$0
24,2012-09-30,10.16,$0.00,0.0,$16.66,0.61,$1.11,9.16,$1.96,5.18,$1.75B,$1.13B,1.55,$0.99B,$6.33B,0.16,$4.21B,$1.96B,46.54%,$4.21B,$0.34B,8.03%,$4.21B,$0.34B,8.03%,$4.21B,$0.62B,14.75%,$4.21B,$0.73B,17.39%,$4.21B,$0.50B,11.93%,$0.50B,$6.33B,7.44%,$0.50B,$5.43B,8.66%,$0.50B,$9.84B,4.75%,$0.34B,$7.31B,4.29%,$993,$532,$461,$0,$247,$845,$148,$62,$231,$74,$158,$152,$152,$210,$148,$269,269,$0.57,$0.57,$602,$59,$367,$1748,$0,$377,$894,$2771,$4323,$9837,$1127,$986,$1075,$2385,$3512,$3414,$1403,$0,$6325,$9837,$407,$203,$0,$203,$0,$0,$0,$0,$-347,$479,$-328,$0,$0,$0,$0,$21,$-275,$-582,$0,$0,$21,$0,$0,$-66,$0,$-45,$-148,$0,$0
25,2012-06-30,13.41,$0.00,0.0,$17.55,0.76,$1.30,10.34,$2.17,6.18,$1.75B,$0.98B,1.79,$1.09B,$6.40B,0.17,$4.46B,$2.07B,46.38%,$4.46B,$0.50B,11.12%,$4.46B,$0.50B,11.12%,$4.46B,$0.80B,17.94%,$4.46B,$0.75B,16.73%,$4.46B,$0.56B,12.58%,$0.56B,$6.40B,8.00%,$0.56B,$5.49B,9.33%,$0.56B,$10.01B,5.09%,$0.50B,$7.49B,6.04%,$1041,$583,$458,$0,$264,$916,$125,$-10,$114,$20,$95,$91,$91,$186,$125,$265,265,$0.34,$0.34,$580,$58,$346,$1749,$0,$382,$904,$2735,$4431,$10014,$977,$1090,$1100,$2639,$3616,$3541,$1455,$0,$6398,$10014,$259,$142,$0,$142,$0,$0,$0,$0,$-382,$224,$-227,$0,$0,$0,$0,$25,$-166,$-368,$0,$0,$29,$0,$0,$-68,$-9,$-48,$-192,$0,$0
26,2012-03-31,13.75,$0.00,0.0,$17.82,0.77,$1.50,9.19,$2.41,5.71,$2.03B,$1.05B,1.93,$1.20B,$7.02B,0.17,$4.57B,$2.10B,45.86%,$4.57B,$0.59B,12.96%,$4.57B,$0.59B,12.96%,$4.57B,$0.92B,20.23%,$4.57B,$0.87B,19.13%,$4.57B,$0.63B,13.77%,$0.63B,$7.02B,8.64%,$0.63B,$6.05B,10.10%,$0.63B,$10.96B,5.50%,$0.59B,$8.22B,7.02%,$1018,$572,$446,$0,$243,$896,$123,$18,$270,$89,$181,$158,$158,$203,$123,$269,269,$0.59,$0.59,$750,$62,$385,$2030,$0,$389,$966,$2983,$4774,$10964,$1052,$1201,$1176,$2894,$3946,$3915,$1656,$0,$7017,$10964,$181,$80,$0,$80,$0,$0,$0,$0,$-375,$33,$-123,$0,$0,$0,$0,$31,$-91,$-183,$0,$0,$25,$0,$0,$0,$-5,$20,$-129,$0,$0
27,2011-12-31,12.27,$0.00,0.0,$18.22,0.67,$1.99,6.16,$2.69,4.56,$2.22B,$1.24B,1.8,$1.24B,$7.25B,0.17,$4.68B,$2.21B,47.25%,$4.68B,$0.79B,16.85%,$4.68B,$0.79B,16.85%,$4.68B,$1.12B,23.97%,$4.68B,$0.95B,20.33%,$4.68B,$0.71B,15.07%,$0.71B,$7.25B,9.69%,$0.71B,$6.22B,11.35%,$0.71B,$11.49B,6.16%,$0.79B,$8.49B,9.46%,$1157,$563,$594,$0,$571,$1216,$-58,$157,$117,$16,$101,$101,$101,$22,$-58,$221,221,$0.46,$0.46,$981,$62,$358,$2224,$0,$390,$1034,$3508,$4932,$11486,$1237,$1236,$1206,$2999,$4236,$4151,$1756,$0,$7250,$11486,$707,$332,$0,$332,$0,$0,$0,$0,$-755,$690,$-494,$0,$0,$0,$0,$-49,$-436,$-979,$0,$490,$0,$0,$0,$-241,$-408,$-159,$-448,$0,$0
28,2011-09-30,10.65,$0.00,0.0,$20.25,0.53,$4.43,2.41,$2.81,3.79,$2.58B,$1.24B,2.07,$1.28B,$7.40B,0.17,$4.64B,$2.18B,46.97%,$4.64B,$0.77B,16.65%,$4.64B,$0.77B,16.65%,$4.64B,$1.16B,25.02%,$4.64B,$1.06B,22.86%,$4.64B,$0.69B,14.95%,$0.69B,$7.40B,9.79%,$0.69B,$6.29B,11.51%,$0.69B,$11.66B,6.23%,$0.77B,$8.68B,9.65%,$1243,$673,$570,$0,$178,$936,$306,$-62,$245,$32,$213,$211,$211,$389,$306,$271,271,$0.78,$0.78,$1245,$77,$324,$2577,$0,$342,$1106,$3340,$4788,$11662,$1243,$1278,$1181,$3018,$4262,$4263,$1770,$0,$7400,$11662,$610,$251,$0,$251,$0,$0,$0,$0,$-649,$531,$-328,$0,$0,$0,$0,$41,$-332,$-619,$0,$493,$0,$0,$0,$181,$-774,$-100,$-188,$0,$0
29,2011-06-30,14.61,$0.00,0.0,$21.11,0.69,$3.87,3.77,$2.70,5.41,$2.67B,$1.56B,1.72,$0.92B,$7.45B,0.12,$4.88B,$2.62B,53.66%,$4.88B,$1.25B,25.60%,$4.88B,$1.25B,25.60%,$4.88B,$1.62B,33.10%,$4.88B,$1.07B,21.93%,$4.88B,$0.66B,13.59%,$0.66B,$7.45B,10.00%,$0.66B,$6.36B,11.40%,$0.66B,$11.66B,6.43%,$1.25B,$8.37B,16.88%,$1150,$665,$485,$0,$179,$929,$221,$16,$242,$80,$161,$159,$159,$310,$221,$274,274,$0.58,$0.58,$1386,$84,$313,$2669,$0,$332,$1091,$3272,$4695,$11663,$1556,$917,$1174,$2656,$4212,$4333,$2014,$0,$7451,$11663,$403,$169,$0,$169,$0,$0,$0,$0,$-509,$281,$-228,$0,$0,$0,$0,$44,$-185,$-370,$0,$124,$0,$0,$-12,$-82,$-14,$15,$-74,$0,$0
30,2011-03-31,14.06,$0.00,0.0,$22.97,0.61,$3.43,4.1,$2.86,4.92,$2.50B,$1.50B,1.67,$0.77B,$7.01B,0.11,$5.40B,$3.30B,61.17%,$5.40B,$1.96B,36.33%,$5.40B,$1.96B,36.33%,$5.40B,$2.29B,42.52%,$5.40B,$0.95B,17.61%,$5.40B,$0.71B,13.12%,$0.71B,$7.01B,11.61%,$0.71B,$5.97B,12.79%,$0.71B,$10.94B,7.56%,$1.96B,$7.78B,28.65%,$1127,$565,$561,$0,$162,$808,$319,$58,$347,$116,$231,$234,$234,$400,$319,$269,269,$0.87,$0.87,$1392,$76,$291,$2501,$0,$318,$1041,$3040,$4399,$10942,$1501,$767,$1119,$2427,$3928,$4153,$1764,$0,$7014,$10942,$231,$81,$0,$81,$0,$0,$0,$0,$-257,$118,$-74,$0,$0,$0,$0,$44,$-75,$-105,$0,$0,$0,$0,$0,$0,$-14,$-14,$-2,$0,$0
31,2010-12-31,12.73,$0.00,0.0,$21.87,0.58,$3.37,3.78,$2.45,5.2,$2.37B,$1.45B,1.64,$0.73B,$6.45B,0.11,$5.11B,$3.12B,61.12%,$5.11B,$1.77B,34.72%,$5.11B,$1.77B,34.72%,$5.11B,$2.08B,40.74%,$5.11B,$0.79B,15.42%,$5.11B,$0.60B,11.74%,$0.60B,$6.45B,10.61%,$0.60B,$5.45B,11.26%,$0.60B,$10.20B,7.01%,$1.77B,$7.18B,27.70%,$1117,$555,$562,$0,$498,$1191,$-74,$45,$226,$48,$178,$89,$89,$61,$-74,$154,154,$0.58,$0.58,$1366,$69,$275,$2374,$0,$296,$999,$2724,$4019,$10198,$1449,$731,$1061,$2299,$3748,$3946,$1447,$0,$6450,$10198,$577,$310,$0,$310,$0,$0,$0,$0,$-453,$712,$-202,$0,$0,$0,$0,$-105,$-339,$-646,$0,$315,$0,$0,$0,$-114,$-111,$91,$158,$0,$0
32,2010-09-30,11.25,$0.00,0.0,$17.60,0.64,$0.67,16.72,$2.23,5.05,$2.26B,$1.33B,1.7,$0.67B,$5.60B,0.12,$4.81B,$3.28B,68.20%,$4.81B,$2.34B,48.57%,$4.81B,$2.34B,48.57%,$4.81B,$2.55B,53.01%,$4.81B,$0.70B,14.62%,$4.81B,$0.61B,12.67%,$0.61B,$5.60B,11.74%,$0.61B,$5.49B,11.95%,$0.61B,$8.41B,7.85%,$2.34B,$6.27B,39.23%,$1485,$475,$1010,$0,$169,$702,$783,$33,$255,$66,$189,$181,$181,$844,$783,$273,273,$0.67,$0.67,$1078,$67,$463,$2260,$0,$317,$113,$1221,$1660,$8414,$1328,$669,$737,$1487,$2815,$0,$1441,$0,$5600,$8414,$388,$174,$0,$174,$0,$0,$0,$0,$-273,$437,$-384,$0,$0,$0,$0,$4,$-14,$-393,$0,$125,$0,$0,$0,$-101,$31,$55,$98,$0,$0
33,2010-06-30,10.14,$0.00,0.0,$14.93,0.68,$0.90,11.26,$2.15,4.71,$1.97B,$0.96B,2.06,$0.80B,$5.34B,0.15,$4.09B,$2.67B,65.29%,$4.09B,$1.73B,42.34%,$4.09B,$1.73B,42.34%,$4.09B,$1.95B,47.64%,$4.09B,$0.64B,15.57%,$4.09B,$0.59B,14.47%,$0.59B,$5.34B,11.84%,$0.59B,$5.23B,12.03%,$0.59B,$7.89B,7.88%,$1.73B,$6.14B,29.80%,$1666,$499,$1167,$0,$178,$734,$932,$49,$122,$40,$81,$204,$204,$989,$932,$275,275,$0.74,$0.74,$831,$67,$471,$1973,$0,$270,$102,$1181,$1568,$7889,$957,$802,$718,$1596,$2553,$0,$1279,$0,$5336,$7889,$202,$113,$0,$113,$0,$0,$0,$0,$-65,$194,$-264,$0,$0,$0,$0,$41,$-11,$-234,$0,$-36,$0,$0,$0,$-47,$0,$-83,$-123,$0,$0
34,2010-03-31,9.76,$0.00,0.0,$11.58,0.84,$1.28,7.64,$1.99,4.91,$2.07B,$0.93B,2.21,$0.81B,$5.23B,0.15,$3.17B,$1.95B,61.59%,$3.17B,$0.69B,21.67%,$3.17B,$0.69B,21.67%,$3.17B,$0.90B,28.30%,$3.17B,$0.73B,23.09%,$3.17B,$0.55B,17.25%,$0.55B,$5.23B,11.60%,$0.55B,$5.14B,11.78%,$0.55B,$7.73B,7.64%,$0.69B,$6.03B,12.47%,$842,$459,$384,$0,$195,$709,$133,$57,$185,$57,$128,$126,$126,$188,$133,$273,273,$0.46,$0.46,$948,$59,$416,$2065,$0,$264,$88,$1039,$1414,$7731,$933,$806,$710,$1571,$2504,$2489,$2563,$0,$5227,$7731,$125,$56,$0,$56,$0,$0,$0,$0,$-86,$143,$-115,$0,$0,$0,$0,$42,$-10,$-83,$0,$-60,$0,$0,$0,$0,$0,$-60,$-0,$0,$0
35,2009-12-31,10.22,$0.00,0.0,$10.84,0.94,$1.06,9.63,$2.00,5.11,$1.95B,$0.94B,2.08,$0.78B,$4.62B,0.17,$2.98B,$2.01B,67.43%,$2.98B,$0.80B,27.03%,$2.98B,$0.80B,27.03%,$2.98B,$1.00B,33.68%,$2.98B,$0.73B,24.37%,$2.98B,$0.55B,18.49%,$0.55B,$4.62B,12.78%,$0.55B,$4.55B,12.97%,$0.55B,$7.03B,8.28%,$0.80B,$5.40B,15.88%,$821,$99,$722,$0,$175,$331,$490,$2,$142,$28,$114,$99,$99,$531,$490,$273,273,$0.36,$0.36,$960,$48,$397,$1946,$0,$234,$67,$959,$1259,$7032,$936,$782,$659,$1478,$2414,$2267,$2221,$0,$4617,$7032,$522,$199,$0,$199,$0,$0,$0,$0,$-157,$656,$-483,$0,$0,$0,$0,$2,$18,$-463,$0,$0,$73,$0,$0,$-210,$-115,$-252,$-60,$0,$0
36,2009-09-30,8.13,$0.00,0.0,$10.12,0.8,$2.18,3.73,$1.93,4.21,$2.06B,$0.95B,2.18,$0.85B,$4.83B,0.18,$2.78B,$1.76B,63.32%,$2.78B,$0.31B,11.32%,$2.78B,$0.31B,11.32%,$2.78B,$0.51B,18.34%,$2.78B,$0.68B,24.47%,$2.78B,$0.53B,19.14%,$0.53B,$4.83B,12.43%,$0.53B,$4.76B,12.62%,$0.53B,$7.39B,7.89%,$0.31B,$5.68B,6.21%,$762,$363,$398,$0,$169,$585,$177,$11,$188,$32,$156,$163,$163,$241,$177,$274,274,$0.59,$0.59,$921,$48,$528,$2064,$0,$221,$70,$1082,$1373,$7391,$945,$851,$769,$1620,$2565,$2395,$2294,$0,$4827,$7391,$455,$157,$0,$157,$0,$0,$0,$0,$-164,$466,$-351,$0,$0,$0,$0,$-13,$17,$-347,$0,$0,$76,$0,$0,$-144,$-105,$-173,$-54,$0,$0
37,2009-06-30,6.52,$0.00,0.0,$10.42,0.63,$3.50,1.86,$1.98,3.29,$1.70B,$0.73B,2.34,$0.74B,$4.16B,0.18,$2.85B,$1.83B,64.10%,$2.85B,$0.34B,11.92%,$2.85B,$0.34B,11.92%,$2.85B,$0.53B,18.51%,$2.85B,$0.71B,24.79%,$2.85B,$0.54B,18.97%,$0.54B,$4.16B,12.66%,$0.54B,$4.10B,12.92%,$0.54B,$6.43B,7.88%,$0.34B,$4.90B,6.67%,$741,$295,$446,$0,$513,$855,$-114,$38,$216,$72,$145,$158,$158,$-64,$-114,$273,273,$0.58,$0.58,$740,$38,$456,$1700,$0,$200,$63,$964,$1227,$6431,$727,$736,$687,$1543,$2270,$2154,$2007,$0,$4161,$6431,$271,$93,$0,$93,$0,$0,$0,$0,$-100,$245,$-211,$0,$0,$0,$0,$-0,$11,$-201,$0,$3,$-68,$0,$0,$-115,$0,$-180,$-136,$0,$0
38,2009-03-31,4.22,$0.00,0.0,$10.71,0.39,$4.40,0.96,$2.19,1.93,$1.54B,$0.73B,2.1,$0.67B,$3.61B,0.19,$2.93B,$1.97B,67.27%,$2.93B,$0.84B,28.77%,$2.93B,$0.84B,28.77%,$2.93B,$1.05B,35.80%,$2.93B,$0.82B,28.02%,$2.93B,$0.60B,20.44%,$0.60B,$3.61B,13.56%,$0.60B,$3.56B,13.83%,$0.60B,$5.73B,8.34%,$0.84B,$4.28B,15.86%,$651,$211,$440,$0,$146,$400,$251,$-10,$179,$60,$120,$130,$130,$294,$251,$278,278,$0.47,$0.47,$799,$31,$247,$1537,$0,$176,$55,$867,$1097,$5725,$731,$668,$575,$1380,$2111,$1936,$118,$0,$3614,$5725,$118,$43,$0,$43,$0,$0,$0,$0,$-135,$46,$-78,$0,$0,$0,$0,$-0,$1,$-77,$0,$-7,$-58,$0,$0,$0,$0,$-65,$-95,$0,$0
39,2008-12-31,4.26,$0.00,0.0,$11.12,0.38,$4.97,0.86,$2.26,1.89,$1.99B,$1.09B,1.82,$0.88B,$4.49B,0.2,$3.04B,$2.01B,66.04%,$3.04B,$0.82B,26.98%,$3.04B,$0.82B,26.98%,$3.04B,$1.04B,34.29%,$3.04B,$0.87B,28.52%,$3.04B,$0.62B,20.29%,$0.62B,$4.49B,13.41%,$0.62B,$4.42B,13.68%,$0.62B,$7.38B,8.15%,$0.82B,$5.36B,14.71%,$621,$149,$473,$0,$425,$622,$-0,$93,$96,$32,$64,$80,$80,$38,$-0,$272,272,$0.29,$0.29,$1010,$36,$400,$1990,$0,$290,$66,$1141,$1497,$7382,$1094,$875,$753,$1803,$2897,$2484,$2001,$0,$4486,$7382,$601,$222,$0,$222,$0,$0,$0,$0,$-50,$832,$-354,$0,$0,$0,$0,$-28,$-21,$-403,$0,$-29,$-98,$0,$0,$-150,$0,$-277,$152,$0,$0
40,2008-09-30,5.55,$0.00,0.0,$11.80,0.47,$4.73,1.17,$2.61,2.13,$2.14B,$1.10B,1.94,$1.03B,$4.83B,0.21,$3.23B,$1.74B,53.80%,$3.23B,$1.00B,30.91%,$3.23B,$1.00B,30.91%,$3.23B,$1.23B,38.26%,$3.23B,$1.02B,31.60%,$3.23B,$0.71B,22.08%,$0.71B,$4.83B,16.16%,$0.71B,$4.67B,16.49%,$0.71B,$7.92B,9.74%,$1.00B,$5.85B,18.47%,$839,$371,$469,$0,$209,$636,$203,$13,$216,$39,$177,$173,$173,$260,$203,$272,272,$0.64,$0.64,$1109,$35,$407,$2137,$0,$280,$68,$1249,$1601,$7916,$1101,$1027,$904,$2079,$3180,$2698,$2128,$0,$4826,$7916,$544,$184,$0,$184,$0,$0,$0,$0,$48,$732,$-259,$0,$-73,$0,$0,$0,$23,$-308,$0,$-4,$-81,$0,$0,$-162,$0,$-247,$177,$0,$0
41,2008-06-30,8.2,$0.00,0.0,$8.71,0.94,$3.00,2.74,$1.97,4.16,$1.97B,$0.99B,1.99,$1.02B,$4.75B,0.21,$3.13B,$1.78B,56.91%,$3.13B,$0.98B,31.38%,$3.13B,$0.98B,31.38%,$3.13B,$1.22B,39.09%,$3.13B,$0.98B,31.48%,$3.13B,$0.68B,21.75%,$0.68B,$4.75B,16.51%,$0.68B,$4.68B,16.72%,$0.68B,$7.71B,9.86%,$0.98B,$5.76B,19.26%,$819,$230,$589,$0,$137,$430,$389,$-59,$330,$110,$221,$216,$216,$457,$389,$273,273,$0.79,$0.79,$1031,$33,$274,$1967,$0,$285,$69,$1221,$1585,$7705,$987,$1015,$801,$1969,$2956,$0,$2050,$0,$4749,$7705,$371,$126,$0,$126,$0,$0,$0,$0,$24,$447,$-168,$0,$0,$0,$0,$-2,$-49,$-219,$0,$-15,$-81,$0,$0,$-104,$0,$-200,$29,$0,$0
42,2008-03-31,5.78,$0.00,0.0,$5.71,1.01,$1.97,2.93,$1.18,4.9,$1.82B,$1.05B,1.74,$0.97B,$4.32B,0.23,$2.98B,$1.64B,55.07%,$2.98B,$0.80B,26.73%,$2.98B,$0.80B,26.73%,$2.98B,$1.03B,34.45%,$2.98B,$0.84B,28.24%,$2.98B,$0.59B,19.68%,$0.59B,$4.32B,15.41%,$0.59B,$4.25B,15.57%,$0.59B,$7.23B,9.11%,$0.80B,$5.29B,16.75%,$757,$283,$474,$0,$187,$529,$227,$-4,$224,$75,$150,$147,$147,$286,$227,$275,275,$0.54,$0.54,$929,$27,$246,$1820,$0,$270,$65,$1137,$1478,$7232,$1049,$973,$753,$1867,$2917,$0,$1746,$0,$4315,$7232,$147,$59,$0,$59,$0,$0,$0,$0,$-1,$192,$-68,$0,$0,$0,$0,$0,$-58,$-126,$0,$0,$0,$0,$0,$0,$-86,$-86,$-20,$0,$0
43,2007-12-31,5.34,$0.00,0.0,$2.96,1.8,$1.52,3.51,$0.64,8.34,$1.63B,$0.94B,1.74,$0.95B,$3.73B,0.25,$2.81B,$1.60B,56.95%,$2.81B,$0.81B,28.76%,$2.81B,$0.81B,28.76%,$2.81B,$1.03B,36.65%,$2.81B,$0.82B,29.29%,$2.81B,$0.57B,20.37%,$0.57B,$3.73B,16.30%,$0.57B,$3.68B,16.44%,$0.57B,$6.38B,9.56%,$0.81B,$4.68B,18.25%,$810,$607,$203,$0,$-22,$632,$178,$85,$249,$72,$177,$176,$176,$231,$178,$274,274,$0.64,$0.64,$795,$27,$284,$1632,$0,$133,$58,$1024,$1220,$6378,$936,$948,$630,$1708,$2644,$2301,$1433,$0,$3734,$6378,$571,$222,$0,$222,$0,$0,$0,$0,$-267,$679,$-263,$0,$-7,$0,$0,$0,$23,$-248,$0,$179,$0,$0,$0,$-151,$-422,$-394,$37,$0,$0
44,2007-09-30,5.64,$0.00,0.0,0,0.0,0,0.0,0,0.0,$1.55B,$0.94B,1.65,$0.96B,$3.68B,0.26,$3.60B,$2.29B,63.70%,$3.60B,$1.08B,29.99%,$3.60B,$1.08B,29.99%,$3.60B,$1.29B,35.88%,$3.60B,$0.76B,21.07%,$3.60B,$0.54B,15.06%,$0.54B,$3.68B,16.34%,$0.54B,$3.66B,16.44%,$0.54B,$6.28B,9.39%,$1.08B,$4.64B,25.76%,$740,$227,$513,$0,$270,$552,$187,$-6,$181,$33,$148,$141,$141,$248,$187,$0,0,$0.00,$0.00,$789,$25,$217,$1547,$0,$172,$20,$1018,$1226,$6281,$938,$958,$579,$1664,$2601,$0,$1347,$0,$3680,$6281,$415,$169,$0,$169,$0,$0,$0,$0,$6,$532,$0,$0,$0,$0,$0,$-4,$-168,$-172,$0,$116,$-434,$0,$0,$-113,$0,$-431,$-71,$0,$0
45,2007-06-30,6.06,$0.00,0.0,0,0.0,0,0.0,0,0.0,$1.37B,$0.88B,1.55,$0.92B,$3.49B,0.26,$3.49B,$2.20B,63.12%,$3.49B,$1.11B,31.90%,$3.49B,$1.11B,31.90%,$3.49B,$1.31B,37.57%,$3.49B,$0.70B,19.90%,$3.49B,$0.49B,14.03%,$0.49B,$3.49B,15.68%,$0.49B,$3.47B,15.75%,$0.49B,$5.85B,8.89%,$1.11B,$4.40B,28.65%,$671,$220,$450,$0,$194,$467,$204,$-16,$187,$61,$127,$122,$122,$261,$204,$0,0,$0.00,$0.00,$617,$26,$204,$1369,$0,$165,$19,$916,$1107,$5852,$884,$918,$454,$1483,$2367,$0,$1233,$0,$3485,$5852,$265,$108,$0,$108,$0,$0,$0,$0,$1,$292,$0,$0,$0,$0,$0,$-1,$-101,$-102,$0,$113,$-404,$0,$0,$-98,$0,$-389,$-199,$0,$0
46,2007-03-31,3.51,$0.00,0.0,0,0.0,0,0.0,0,0.0,$1.25B,$0.84B,1.49,$0.84B,$3.16B,0.27,$3.41B,$2.18B,63.74%,$3.41B,$1.08B,31.66%,$3.41B,$1.08B,31.66%,$3.41B,$1.26B,37.02%,$3.41B,$0.92B,26.95%,$3.41B,$0.63B,18.45%,$0.63B,$3.16B,21.25%,$0.63B,$3.14B,21.32%,$0.63B,$5.46B,11.84%,$1.08B,$4.01B,29.80%,$592,$156,$436,$0,$147,$352,$240,$-33,$207,$72,$135,$134,$134,$291,$240,$0,0,$0.00,$0.00,$555,$24,$213,$1254,$0,$158,$20,$846,$1032,$5463,$844,$842,$482,$1456,$2300,$0,$1323,$0,$3163,$5463,$134,$51,$0,$51,$0,$0,$0,$0,$25,$124,$0,$0,$0,$0,$0,$-1,$-35,$-36,$0,$110,$-390,$0,$0,$0,$0,$-280,$-192,$0,$0
47,2006-12-31,3.32,$0.00,0.0,$2.17,1.53,$0.48,6.9,$0.28,11.86,$1.39B,$1.19B,1.17,$0.77B,$2.94B,0.26,$3.42B,$2.15B,62.96%,$3.42B,$1.03B,30.05%,$3.42B,$1.03B,30.05%,$3.42B,$1.20B,35.08%,$3.42B,$0.84B,24.44%,$3.42B,$0.57B,16.78%,$0.57B,$2.94B,20.36%,$0.57B,$2.92B,20.40%,$0.57B,$5.50B,11.02%,$1.03B,$3.71B,30.27%,$1595,$703,$893,$-34,$434,$1147,$448,$-265,$183,$35,$148,$145,$145,$491,$448,$0,0,$0.00,$0.00,$693,$24,$217,$1389,$0,$141,$19,$687,$1018,$5502,$1190,$769,$449,$1372,$2562,$1786,$1153,$0,$2939,$5502,$573,$172,$0,$172,$0,$0,$0,$0,$-432,$420,$-264,$0,$0,$0,$0,$-194,$20,$-438,$0,$277,$-32,$0,$0,$-54,$0,$190,$172,$0,$0
