,Date,Stock Price,Book Value per Share,Price to Book Ratio,TTM Sales per Share,Price to Sales Ratio,TTM FCF per Share,Price to FCF Ratio,TTM Net EPS,PE Ratio,Current Assets,Current Liabilities,Current Ratio,Long Term Debt,Shareholder's Equity_x,Debt to Equity Ratio,TTM Revenue_x,TTM Gross Profit,Gross Margin,TTM Revenue_y,TTM Operating Income,Operating Margin,TTM Revenue_x,TTM EBIT,EBIT Margin,TTM Revenue_y,TTM EBITDA,EBITDA Margin,TTM Revenue_x,TTM Pre-Tax Income,Pre-Tax Margin,TTM Revenue_y,TTM Net Income_x,Net Margin,TTM Net Income_y,Shareholder's Equity_y,Return on Equity,TTM Net Income_x,Tangible Equity,Return on Tangible Equity,TTM Net Income_y,Total Assets,Return on Assets,TTM Net Income,LT Investments & Debt,Return on Investment,revenue,cost-goods-sold,gross-profit,research-development-expenses,selling-general-administrative-expenses,operating-expenses,operating-income,total-non-operating-income-expense,pre-tax-income,total-provision-income-taxes,income-after-taxes,income-from-continuous-operations,net-income,ebitda,ebit,basic-shares-outstanding,shares-outstanding,eps-basic-net-earnings-per-share,eps-earnings-per-share-diluted,cash-on-hand,inventory,other-current-assets,total-current-assets,net-property-plant-equipment,long-term-investments,goodwill-intangible-assets-total,other-long-term-assets,total-long-term-assets,total-assets,total-current-liabilities,long-term-debt,other-non-current-liabilities,total-long-term-liabilities,total-liabilities,common-stock-net,retained-earnings-accumulated-deficit,comprehensive-income,total-share-holder-equity,total-liabilities-share-holders-equity,net-income-loss,total-depreciation-amortization-cash-flow,other-non-cash-items,total-non-cash-items,change-in-accounts-receivable,change-in-inventories,change-in-accounts-payable,change-in-assets-liabilities,total-change-in-assets-liabilities,cash-flow-from-operating-activities,net-change-in-property-plant-equipment,net-change-in-intangible-assets,net-acquisitions-divestitures,net-change-in-short-term-investments,net-change-in-long-term-investments,net-change-in-investments-total,investing-activities-other,cash-flow-from-investing-activities,net-long-term-debt,net-current-debt,debt-issuance-retirement-net-total,net-common-equity-issued-repurchased,net-total-equity-issued-repurchased,total-common-preferred-stock-dividends-paid,financial-activities-other,cash-flow-from-financial-activities,net-cash-flow,stock-based-compensation,common-stock-dividends-paid
0,2018-09-30,24.29,$8.04,3.02,$12.93,1.88,$0.60,40.77,$1.18,20.58,$0.47B,$0.21B,2.28,$0.01B,$0.76B,0.01,$1.25B,$0.59B,46.89%,$1.25B,$0.15B,12.04%,$1.25B,$0.15B,12.04%,$1.25B,$0.17B,13.72%,$1.25B,$0.15B,11.64%,$1.25B,$0.12B,9.17%,$0.12B,$0.76B,16.05%,$0.12B,$0.48B,26.47%,$0.12B,$0.98B,11.04%,$0.15B,$0.77B,20.83%,$263,$147,$115,$9,$95,$252,$11,$0,$11,$1,$10,$10,$10,$16,$11,$94,97,$0.10,$0.10,$71,$237,$21,$473,$82,$71,$281,$11,$510,$983,$207,$8,$6,$16,$223,$1,$443,$-14,$760,$983,$133,$15,$39,$54,$-55,$21,$0,$2,$-66,$121,$-26,$0,$0,$0,$-0,$-0,$0,$-26,$-85,$0,$-85,$-21,$-21,$-3,$-1,$-109,$-15,$10,$-3
1,2018-06-30,18.96,$7.94,2.39,$12.74,1.49,$0.60,31.78,$1.11,17.08,$0.57B,$0.31B,1.84,$0.01B,$0.75B,0.01,$1.24B,$0.58B,46.80%,$1.24B,$0.15B,11.82%,$1.24B,$0.15B,11.82%,$1.24B,$0.17B,13.60%,$1.24B,$0.14B,11.34%,$1.24B,$0.11B,8.74%,$0.11B,$0.75B,15.55%,$0.11B,$0.47B,26.17%,$0.11B,$1.08B,10.49%,$0.15B,$0.76B,20.83%,$396,$204,$193,$11,$108,$322,$74,$4,$78,$17,$61,$61,$61,$79,$74,$94,97,$0.65,$0.63,$58,$237,$22,$570,$78,$71,$281,$10,$506,$1075,$309,$8,$6,$16,$326,$1,$435,$-11,$750,$1075,$124,$10,$36,$45,$-166,$23,$0,$3,$-164,$5,$-17,$0,$0,$0,$-0,$-0,$0,$-17,$-1,$8,$7,$-21,$-21,$-2,$-1,$-16,$-28,$6,$-2
2,2018-03-31,16.34,$7.38,2.22,$11.82,1.38,$0.87,18.71,$0.81,20.18,$0.60B,$0.40B,1.48,$0.01B,$0.70B,0.01,$1.14B,$0.53B,46.59%,$1.14B,$0.12B,10.58%,$1.14B,$0.12B,10.58%,$1.14B,$0.14B,12.41%,$1.14B,$0.11B,9.62%,$1.14B,$0.08B,6.82%,$0.08B,$0.70B,11.60%,$0.08B,$0.41B,18.66%,$0.08B,$1.12B,8.00%,$0.12B,$0.71B,17.88%,$403,$203,$200,$10,$105,$317,$86,$-6,$80,$17,$63,$63,$63,$91,$86,$95,97,$0.66,$0.65,$39,$262,$25,$596,$73,$71,$282,$11,$520,$1116,$401,$9,$7,$18,$419,$1,$375,$-4,$697,$1116,$63,$5,$19,$24,$-185,$4,$0,$-1,$-196,$-109,$-8,$0,$0,$0,$-0,$-0,$0,$-8,$-1,$91,$90,$-19,$-19,$-1,$0,$70,$-47,$3,$-1
3,2017-12-31,13.91,$6.97,2.0,$10.88,1.28,$1.36,10.21,$0.43,32.34,$0.47B,$0.31B,1.48,$0.01B,$0.66B,0.01,$1.05B,$0.48B,45.81%,$1.05B,$0.08B,7.52%,$1.05B,$0.08B,7.52%,$1.05B,$0.10B,9.52%,$1.05B,$0.07B,6.57%,$1.05B,$0.04B,3.90%,$0.04B,$0.66B,6.27%,$0.04B,$0.38B,9.58%,$0.04B,$0.99B,4.48%,$0.08B,$0.67B,12.03%,$192,$112,$80,$10,$90,$212,$-20,$-3,$-23,$-4,$-19,$-19,$-19,$-14,$-20,$94,97,$-0.20,$-0.21,$86,$262,$23,$466,$70,$70,$282,$11,$525,$991,$314,$9,$6,$17,$332,$1,$324,$-6,$659,$991,$42,$21,$40,$60,$52,$-52,$0,$-6,$16,$118,$-26,$0,$-183,$0,$-21,$-21,$0,$-231,$12,$76,$88,$-11,$-11,$-4,$-3,$69,$-40,$13,$-4
4,2017-09-30,14.4,$7.11,2.02,$10.61,1.36,$1.05,13.7,$1.91,7.54,$0.45B,$0.26B,1.74,$0.00B,$0.67B,0.0,$1.02B,$0.46B,45.40%,$1.02B,$0.08B,8.02%,$1.02B,$0.08B,8.02%,$1.02B,$0.10B,9.88%,$1.02B,$0.08B,7.73%,$1.02B,$0.18B,17.91%,$0.18B,$0.67B,28.52%,$0.18B,$0.39B,40.02%,$0.18B,$0.94B,21.08%,$0.08B,$0.67B,12.78%,$244,$139,$105,$9,$90,$238,$6,$-1,$5,$1,$3,$3,$3,$12,$6,$94,97,$0.03,$0.03,$82,$187,$20,$447,$66,$50,$280,$9,$489,$936,$257,$0,$4,$7,$264,$1,$344,$-9,$672,$936,$60,$15,$45,$59,$-7,$24,$0,$-5,$-9,$111,$-16,$0,$-182,$0,$-1,$-1,$0,$-200,$59,$0,$59,$-12,$-12,$-3,$-1,$43,$-44,$10,$-3
5,2017-06-30,12.74,$7.00,1.82,$10.09,1.26,$0.86,14.88,$1.82,7.0,$0.48B,$0.19B,2.56,$0.00B,$0.66B,0.0,$0.97B,$0.44B,45.34%,$0.97B,$0.07B,7.35%,$0.97B,$0.07B,7.35%,$0.97B,$0.09B,9.11%,$0.97B,$0.07B,7.25%,$0.97B,$0.17B,18.01%,$0.17B,$0.66B,29.15%,$0.17B,$0.49B,38.35%,$0.17B,$0.86B,21.59%,$0.07B,$0.66B,11.89%,$305,$156,$148,$9,$90,$256,$49,$-2,$48,$16,$31,$31,$31,$53,$49,$94,96,$0.33,$0.33,$62,$172,$21,$482,$61,$49,$172,$9,$373,$855,$188,$0,$4,$6,$194,$1,$342,$-13,$661,$855,$57,$8,$41,$50,$-84,$28,$0,$-6,$-81,$26,$-12,$0,$-58,$0,$0,$0,$0,$-70,$0,$-6,$-6,$-13,$-13,$-2,$-1,$-22,$-64,$5,$-2
6,2017-03-31,11.03,$6.66,1.66,$9.49,1.16,$0.81,13.6,$1.85,5.96,$0.49B,$0.25B,1.98,$0.00B,$0.63B,0.0,$0.91B,$0.40B,44.21%,$0.91B,$0.04B,4.74%,$0.91B,$0.04B,4.74%,$0.91B,$0.06B,6.62%,$0.91B,$0.06B,6.39%,$0.91B,$0.18B,19.51%,$0.18B,$0.63B,31.99%,$0.18B,$0.45B,41.72%,$0.18B,$0.88B,23.27%,$0.04B,$0.63B,7.77%,$309,$161,$148,$9,$95,$265,$44,$-5,$39,$13,$26,$26,$26,$49,$44,$94,96,$0.27,$0.27,$48,$179,$18,$492,$60,$49,$171,$9,$388,$880,$249,$0,$4,$6,$255,$1,$312,$-15,$625,$880,$26,$4,$22,$26,$-106,$20,$0,$-2,$-115,$-63,$-6,$0,$-59,$0,$0,$0,$0,$-65,$0,$65,$65,$-15,$-15,$-1,$0,$49,$-78,$3,$-1
7,2016-12-31,10.91,$6.47,1.69,$9.14,1.19,$0.73,14.94,$1.98,5.51,$0.46B,$0.19B,2.46,$0.00B,$0.61B,0.0,$0.87B,$0.39B,44.15%,$0.87B,$0.04B,5.05%,$0.87B,$0.04B,5.05%,$0.87B,$0.06B,6.88%,$0.87B,$0.06B,6.77%,$0.87B,$0.19B,21.67%,$0.19B,$0.61B,37.04%,$0.19B,$0.49B,47.85%,$0.19B,$0.80B,26.30%,$0.04B,$0.61B,8.62%,$164,$101,$63,$8,$71,$180,$-17,$4,$-13,$-137,$124,$124,$123,$-13,$-17,$94,96,$1.31,$1.28,$126,$189,$17,$460,$54,$49,$114,$8,$341,$801,$187,$1,$4,$6,$193,$1,$287,$-18,$609,$801,$191,$17,$-151,$-134,$-17,$24,$0,$-0,$21,$78,$-16,$0,$0,$0,$22,$22,$3,$9,$0,$-3,$-3,$-3,$-3,$-4,$0,$-9,$76,$9,$-4
8,2016-09-30,11.54,$5.24,2.2,$9.24,1.25,$0.28,41.36,$0.37,31.2,$0.45B,$0.16B,2.9,$0.00B,$0.49B,0.0,$0.86B,$0.37B,43.32%,$0.86B,$0.03B,3.72%,$0.86B,$0.03B,3.72%,$0.86B,$0.05B,5.57%,$0.86B,$0.04B,4.88%,$0.86B,$0.04B,4.18%,$0.04B,$0.49B,7.80%,$0.04B,$0.38B,10.40%,$0.04B,$0.69B,5.33%,$0.03B,$0.49B,6.94%,$188,$109,$79,$8,$76,$193,$-5,$1,$-4,$1,$-6,$-6,$-6,$-1,$-5,$94,94,$-0.06,$-0.06,$125,$157,$11,$452,$56,$49,$115,$9,$236,$688,$156,$0,$3,$39,$195,$1,$165,$-9,$493,$688,$67,$13,$-9,$4,$-39,$65,$0,$4,$15,$86,$-12,$0,$0,$0,$22,$22,$3,$13,$0,$-15,$-15,$-3,$-3,$-3,$0,$-20,$75,$6,$-3
9,2016-06-30,10.14,$5.17,1.96,$9.34,1.09,$-0.26,0.0,$0.39,26.01,$0.44B,$0.15B,2.98,$0.00B,$0.49B,0.0,$0.85B,$0.37B,43.82%,$0.85B,$0.04B,4.48%,$0.85B,$0.04B,4.48%,$0.85B,$0.05B,6.36%,$0.85B,$0.04B,5.18%,$0.85B,$0.04B,4.48%,$0.04B,$0.49B,8.60%,$0.04B,$0.37B,11.64%,$0.04B,$0.67B,5.73%,$0.04B,$0.49B,8.47%,$246,$135,$111,$8,$81,$225,$21,$15,$36,$2,$34,$34,$34,$25,$21,$94,96,$0.36,$0.36,$68,$151,$13,$439,$53,$49,$115,$9,$233,$673,$147,$0,$3,$39,$186,$1,$172,$-10,$486,$673,$72,$8,$-13,$-5,$-86,$62,$0,$1,$-50,$18,$-7,$0,$0,$0,$22,$22,$3,$18,$0,$-10,$-10,$-3,$-3,$-2,$0,$-15,$18,$4,$-2
10,2016-03-31,9.05,$4.82,1.88,$9.21,0.98,$-0.78,0.0,$0.18,50.29,$0.47B,$0.22B,2.14,$0.00B,$0.45B,0.0,$0.83B,$0.36B,43.53%,$0.83B,$0.04B,4.32%,$0.83B,$0.04B,4.32%,$0.83B,$0.05B,6.24%,$0.83B,$0.02B,2.76%,$0.83B,$0.02B,2.04%,$0.02B,$0.45B,4.18%,$0.02B,$0.34B,5.85%,$0.02B,$0.71B,2.55%,$0.04B,$0.45B,8.18%,$274,$142,$132,$8,$79,$229,$45,$-6,$40,$1,$38,$38,$38,$49,$45,$94,95,$0.41,$0.40,$35,$186,$14,$471,$56,$55,$116,$8,$241,$712,$220,$0,$3,$39,$259,$1,$138,$-9,$453,$712,$38,$4,$2,$6,$-115,$26,$0,$-3,$-116,$-71,$-5,$0,$0,$0,$-1,$-1,$3,$-3,$0,$64,$64,$-2,$-2,$-1,$0,$61,$-15,$2,$-1
11,2015-12-31,9.34,$4.40,2.12,$9.36,1.0,$-0.97,0.0,$0.17,54.93,$0.39B,$0.18B,2.19,$0.00B,$0.41B,0.0,$0.84B,$0.36B,42.42%,$0.84B,$0.03B,3.32%,$0.84B,$0.03B,3.32%,$0.84B,$0.05B,5.33%,$0.84B,$0.02B,2.37%,$0.84B,$0.02B,1.78%,$0.02B,$0.41B,4.01%,$0.02B,$0.30B,5.80%,$0.02B,$0.63B,2.23%,$0.03B,$0.41B,6.43%,$153,$102,$51,$9,$71,$183,$-29,$-1,$-30,$0,$-30,$-30,$-30,$-25,$-29,$83,85,$-0.40,$-0.33,$50,$209,$17,$391,$56,$53,$115,$8,$240,$631,$179,$0,$5,$40,$218,$1,$101,$-12,$413,$631,$15,$18,$7,$25,$-12,$-5,$0,$7,$-9,$31,$-14,$0,$0,$0,$-1,$-1,$-3,$-18,$0,$-0,$-0,$5,$5,$-3,$0,$1,$12,$8,$-3
12,2015-09-30,8.27,$4.63,1.79,$9.27,0.89,$-0.82,0.0,$-0.04,0.0,$0.41B,$0.16B,2.6,$0.03B,$0.42B,0.06,$0.83B,$0.34B,41.65%,$0.83B,$0.02B,2.18%,$0.83B,$0.02B,2.18%,$0.83B,$0.04B,4.36%,$0.83B,$0.01B,1.21%,$0.83B,$0.00B,0.36%,$0.00B,$0.42B,0.87%,$0.00B,$0.30B,1.32%,$0.00B,$0.64B,0.45%,$0.02B,$0.44B,4.17%,$176,$98,$78,$9,$68,$175,$1,$-3,$-2,$2,$-4,$-4,$-4,$5,$1,$84,84,$-0.04,$-0.04,$42,$185,$19,$405,$54,$52,$116,$9,$233,$639,$156,$27,$3,$67,$222,$1,$132,$-10,$416,$639,$45,$14,$5,$18,$-48,$19,$0,$5,$-35,$28,$-9,$0,$0,$0,$0,$0,$0,$-9,$0,$-15,$-15,$3,$3,$-2,$0,$-14,$4,$6,$-2
13,2015-06-30,8.84,$4.37,2.02,$9.34,0.95,$-0.67,0.0,$-0.01,0.0,$0.45B,$0.19B,2.35,$0.11B,$0.34B,0.32,$0.82B,$0.33B,40.42%,$0.82B,$0.01B,1.71%,$0.82B,$0.01B,1.71%,$0.82B,$0.03B,4.15%,$0.82B,$0.01B,1.34%,$0.82B,$0.01B,0.73%,$0.01B,$0.34B,1.85%,$0.01B,$0.23B,2.88%,$0.01B,$0.68B,0.90%,$0.01B,$0.45B,3.23%,$231,$129,$102,$8,$76,$212,$19,$-4,$15,$2,$13,$13,$13,$23,$19,$78,95,$0.16,$0.15,$27,$171,$23,$447,$55,$52,$116,$10,$236,$683,$190,$109,$3,$149,$339,$1,$137,$-3,$343,$683,$49,$10,$3,$13,$-112,$35,$0,$3,$-94,$-33,$-6,$0,$0,$0,$0,$0,$0,$-6,$0,$27,$27,$3,$3,$-2,$0,$29,$-11,$4,$-2
14,2015-03-31,9.42,$4.15,2.27,$9.87,0.95,$-0.74,0.0,$-0.12,0.0,$0.50B,$0.26B,1.91,$0.11B,$0.32B,0.34,$0.82B,$0.32B,39.02%,$0.82B,$0.01B,0.73%,$0.82B,$0.01B,0.73%,$0.82B,$0.03B,3.29%,$0.82B,$0.00B,0.12%,$0.82B,$-0.00B,-0.49%,$-0.00B,$0.32B,-1.22%,$-0.00B,$0.21B,-1.90%,$-0.00B,$0.73B,-0.60%,$0.01B,$0.43B,1.38%,$284,$157,$127,$8,$82,$247,$37,$1,$37,$2,$36,$36,$36,$42,$37,$78,94,$0.46,$0.39,$23,$181,$24,$497,$56,$52,$115,$11,$237,$733,$260,$109,$4,$149,$409,$1,$125,$-6,$324,$733,$36,$5,$2,$6,$-155,$23,$0,$1,$-133,$-90,$-2,$0,$0,$0,$0,$0,$0,$-2,$0,$79,$79,$1,$1,$-1,$0,$79,$-14,$2,$-1
15,2014-12-31,7.6,$3.76,2.02,$10.62,0.72,$-1.13,0.0,$0.10,76.0,$0.38B,$0.18B,2.09,$0.11B,$0.29B,0.37,$0.89B,$0.36B,40.32%,$0.89B,$0.03B,3.49%,$0.89B,$0.03B,3.49%,$0.89B,$0.05B,5.97%,$0.89B,$0.02B,2.36%,$0.89B,$0.02B,1.69%,$0.02B,$0.29B,4.53%,$0.02B,$0.18B,7.02%,$0.02B,$0.63B,2.16%,$0.03B,$0.40B,7.05%,$135,$98,$37,$8,$68,$174,$-39,$-0,$-40,$2,$-42,$-42,$-42,$-34,$-39,$78,78,$-0.53,$-0.44,$38,$207,$23,$384,$58,$51,$117,$13,$241,$625,$184,$109,$6,$149,$333,$1,$90,$-1,$292,$625,$16,$22,$5,$27,$-23,$47,$0,$-1,$-6,$37,$-10,$0,$0,$0,$-15,$-15,$0,$-25,$0,$-10,$-10,$1,$1,$-3,$-1,$-13,$1,$6,$-3
16,2014-09-30,7.14,$4.39,1.63,$10.65,0.67,$-1.72,0.0,$-0.01,0.0,$0.39B,$0.14B,2.85,$0.11B,$0.34B,0.32,$0.88B,$0.35B,39.77%,$0.88B,$0.03B,2.84%,$0.88B,$0.03B,2.84%,$0.88B,$0.05B,5.45%,$0.88B,$0.01B,1.36%,$0.88B,$0.01B,0.91%,$0.01B,$0.34B,2.43%,$0.01B,$0.22B,3.78%,$0.01B,$0.63B,1.13%,$0.03B,$0.45B,5.71%,$169,$103,$65,$8,$60,$171,$-3,$2,$-1,$0,$-1,$-1,$-1,$3,$-3,$78,78,$-0.01,$-0.01,$33,$186,$24,$392,$62,$0,$117,$54,$236,$628,$138,$108,$4,$150,$287,$1,$132,$7,$340,$628,$58,$17,$3,$20,$-52,$75,$0,$-4,$-39,$38,$-8,$0,$0,$0,$-5,$-5,$0,$-13,$0,$-26,$-26,$1,$1,$-2,$-1,$-27,$-3,$4,$-2
17,2014-06-30,8.19,$4.52,1.81,$10.93,0.75,$-2.07,0.0,$-0.32,0.0,$0.46B,$0.20B,2.3,$0.11B,$0.35B,0.31,$0.89B,$0.34B,38.70%,$0.89B,$0.01B,1.24%,$0.89B,$0.01B,1.24%,$0.89B,$0.03B,3.82%,$0.89B,$-0.01B,-0.79%,$0.89B,$-0.01B,-1.57%,$-0.01B,$0.35B,-4.27%,$-0.01B,$0.23B,-6.66%,$-0.01B,$0.70B,-1.97%,$0.01B,$0.46B,2.52%,$232,$141,$91,$7,$73,$221,$11,$-6,$5,$2,$3,$3,$3,$16,$11,$78,79,$0.04,$0.04,$29,$209,$20,$461,$66,$0,$118,$55,$241,$702,$200,$108,$5,$151,$351,$1,$134,$17,$351,$702,$59,$12,$2,$14,$-100,$59,$0,$2,$-104,$-31,$-6,$0,$0,$0,$-5,$-5,$0,$-11,$0,$35,$35,$2,$2,$-2,$-1,$34,$-8,$3,$-2
18,2014-03-31,10.05,$4.41,2.28,$10.87,0.92,$-2.39,0.0,$-0.24,0.0,$0.59B,$0.34B,1.76,$0.11B,$0.34B,0.32,$0.91B,$0.35B,38.48%,$0.91B,$0.01B,1.21%,$0.91B,$0.01B,1.21%,$0.91B,$0.04B,3.97%,$0.91B,0,0.00%,$0.91B,$-0.01B,-0.88%,$-0.01B,$0.34B,-2.42%,$-0.01B,$0.22B,-3.77%,$-0.01B,$0.83B,-1.12%,$0.01B,$0.45B,2.51%,$352,$187,$165,$8,$95,$290,$62,$-5,$57,$1,$55,$55,$55,$68,$62,$77,93,$0.71,$0.61,$24,$246,$23,$589,$69,$0,$118,$50,$239,$828,$335,$108,$4,$150,$485,$1,$132,$12,$342,$828,$55,$6,$1,$7,$-197,$19,$0,$-3,$-187,$-125,$-4,$0,$0,$0,$0,$0,$0,$-4,$0,$115,$115,$2,$2,$-1,$0,$116,$-13,$1,$-1
19,2013-12-31,8.28,$3.68,2.25,$10.21,0.81,$-2.09,0.0,$-0.38,0.0,$0.42B,$0.23B,1.86,$0.11B,$0.29B,0.38,$0.84B,$0.31B,37.25%,$0.84B,$-0.01B,-1.30%,$0.84B,$-0.01B,-1.30%,$0.84B,$0.02B,1.78%,$0.84B,$-0.01B,-1.54%,$0.84B,$-0.02B,-2.61%,$-0.02B,$0.29B,-6.60%,$-0.02B,$0.17B,-10.21%,$-0.02B,$0.66B,-3.15%,$-0.01B,$0.39B,-2.50%,$127,$98,$29,$9,$66,$173,$-45,$-3,$-49,$1,$-49,$-49,$-49,$-39,$-45,$73,73,$-0.70,$-0.58,$37,$263,$22,$422,$71,$38,$118,$13,$242,$664,$226,$108,$4,$153,$379,$1,$77,$12,$285,$664,$-19,$26,$3,$30,$-7,$-61,$0,$0,$-20,$-9,$-9,$0,$0,$0,$-14,$-14,$0,$-23,$0,$26,$26,$2,$2,$-6,$-0,$21,$-15,$4,$-6
20,2013-09-30,6.98,$4.49,1.55,$10.25,0.68,$-2.55,0.0,$-0.76,0.0,$0.41B,$0.16B,2.52,$0.11B,$0.34B,0.32,$0.84B,$0.29B,35.17%,$0.84B,$-0.04B,-4.43%,$0.84B,$-0.04B,-4.43%,$0.84B,$-0.01B,-1.08%,$0.84B,$-0.03B,-3.95%,$0.84B,$-0.05B,-5.38%,$-0.05B,$0.34B,-13.14%,$-0.05B,$0.22B,-20.04%,$-0.05B,$0.65B,-6.50%,$-0.04B,$0.44B,-8.23%,$178,$119,$59,$8,$69,$195,$-17,$-3,$-20,$1,$-21,$-21,$-23,$-11,$-17,$73,73,$-0.32,$-0.32,$37,$191,$24,$410,$74,$0,$118,$49,$241,$651,$163,$108,$6,$153,$316,$1,$139,$3,$335,$651,$31,$20,$5,$26,$-69,$14,$0,$1,$-49,$8,$-5,$0,$0,$0,$-7,$-7,$0,$-12,$0,$0,$0,$0,$0,$-5,$-0,$-5,$-15,$3,$-5
21,2013-06-30,6.44,$5.03,1.28,$10.00,0.64,$-3.25,0.0,$-1.77,0.0,$0.48B,$0.21B,2.33,$0.11B,$0.36B,0.3,$0.81B,$0.24B,29.65%,$0.81B,$-0.10B,-12.78%,$0.81B,$-0.10B,-12.78%,$0.81B,$-0.07B,-8.93%,$0.81B,$-0.10B,-12.28%,$0.81B,$-0.11B,-13.77%,$-0.11B,$0.36B,-31.03%,$-0.11B,$0.24B,-46.59%,$-0.11B,$0.72B,-15.86%,$-0.10B,$0.47B,-22.15%,$250,$154,$96,$7,$77,$238,$11,$0,$12,$1,$10,$10,$9,$18,$11,$71,86,$0.13,$0.12,$30,$187,$32,$479,$76,$0,$117,$44,$237,$716,$205,$107,$6,$152,$358,$1,$163,$1,$358,$716,$52,$14,$5,$18,$-145,$14,$0,$-5,$-137,$-67,$-2,$0,$0,$0,$-1,$-1,$0,$-4,$0,$39,$39,$0,$0,$-3,$0,$36,$-22,$2,$-3
22,2013-03-31,6.47,$4.99,1.3,$11.43,0.57,$-4.07,0.0,$-1.89,0.0,$0.52B,$0.26B,2.03,$0.11B,$0.36B,0.3,$0.84B,$0.25B,30.35%,$0.84B,$-0.10B,-12.43%,$0.84B,$-0.10B,-12.43%,$0.84B,$-0.07B,-8.48%,$0.84B,$-0.11B,-12.66%,$0.84B,$-0.12B,-14.34%,$-0.12B,$0.36B,-29.74%,$-0.12B,$0.24B,-42.70%,$-0.12B,$0.76B,-16.61%,$-0.10B,$0.46B,-21.50%,$288,$157,$130,$7,$83,$248,$40,$4,$44,$2,$42,$42,$41,$47,$40,$71,92,$0.58,$0.47,$28,$202,$27,$520,$84,$0,$117,$41,$244,$764,$256,$107,$7,$154,$410,$1,$154,$7,$355,$764,$42,$7,$1,$8,$-167,$4,$0,$-7,$-150,$-101,$1,$0,$0,$0,$0,$0,$0,$1,$0,$79,$79,$0,$0,$-1,$0,$78,$-24,$1,$-1
23,2012-12-31,6.35,$4.53,1.4,$11.67,0.54,$-4.17,0.0,$-1.99,0.0,$0.39B,$0.16B,2.4,$0.11B,$0.32B,0.33,$0.83B,$0.25B,29.74%,$0.83B,$-0.12B,-13.91%,$0.83B,$-0.12B,-13.91%,$0.83B,$-0.08B,-9.71%,$0.83B,$-0.12B,-14.15%,$0.83B,$-0.13B,-15.83%,$-0.13B,$0.32B,-29.32%,$-0.13B,$0.20B,-40.68%,$-0.13B,$0.64B,-17.69%,$-0.12B,$0.43B,-23.03%,$120,$111,$9,$7,$73,$191,$-71,$2,$-69,$2,$-71,$-71,$-72,$-63,$-71,$67,67,$-1.08,$-1.00,$52,$212,$26,$387,$89,$0,$118,$41,$251,$638,$162,$107,$7,$154,$316,$1,$114,$15,$322,$638,$-123,$35,$15,$50,$24,$20,$0,$1,$44,$-29,$-18,$27,$0,$0,$-3,$-3,$0,$6,$47,$0,$47,$0,$0,$-11,$-4,$32,$9,$3,$-11
24,2012-09-30,5.99,$5.58,1.07,$12.26,0.49,$-3.47,0.0,$-1.97,0.0,$0.42B,$0.14B,3.11,$0.11B,$0.40B,0.27,$0.87B,$0.28B,31.91%,$0.87B,$-0.10B,-10.94%,$0.87B,$-0.10B,-10.94%,$0.87B,$-0.06B,-6.68%,$0.87B,$-0.10B,-11.52%,$0.87B,$-0.13B,-14.52%,$-0.13B,$0.40B,-25.30%,$-0.13B,$0.27B,-34.59%,$-0.13B,$0.68B,-16.40%,$-0.10B,$0.50B,-18.10%,$148,$144,$4,$8,$79,$231,$-83,$-3,$-86,$1,$-87,$-87,$-89,$-74,$-83,$67,67,$-1.33,$-1.33,$59,$189,$23,$423,$95,$0,$123,$36,$259,$682,$136,$107,$13,$150,$286,$1,$186,$17,$396,$682,$-52,$27,$10,$37,$-27,$47,$0,$2,$-14,$-29,$-16,$27,$0,$0,$0,$0,$0,$11,$47,$0,$47,$0,$0,$-10,$-3,$34,$16,$2,$-10
25,2012-06-30,5.75,$8.31,0.69,$12.73,0.45,$-2.51,0.0,$-1.65,0.0,$0.52B,$0.22B,2.37,$0.00B,$0.54B,0.0,$0.89B,$0.32B,35.83%,$0.89B,$-0.06B,-6.27%,$0.89B,$-0.06B,-6.27%,$0.89B,$-0.02B,-2.13%,$0.89B,$-0.06B,-6.94%,$0.89B,$-0.10B,-11.42%,$-0.10B,$0.54B,-18.78%,$-0.10B,$0.41B,-25.37%,$-0.10B,$0.81B,-12.92%,$-0.06B,$0.54B,-10.31%,$281,$170,$111,$7,$94,$272,$10,$-5,$5,$2,$3,$3,$0,$19,$10,$65,65,$0.00,$0.00,$28,$216,$19,$523,$114,$0,$129,$37,$282,$805,$221,$0,$14,$44,$264,$1,$276,$13,$541,$805,$35,$18,$-7,$11,$-141,$17,$0,$1,$-137,$-91,$-14,$27,$0,$0,$0,$0,$0,$13,$0,$70,$70,$0,$0,$-7,$0,$64,$-15,$2,$-7
26,2012-03-31,6.57,$8.33,0.79,$12.66,0.52,$-1.22,0.0,$-2.68,0.0,$0.57B,$0.27B,2.1,$0.00B,$0.54B,0.0,$0.89B,$0.31B,35.21%,$0.89B,$-0.08B,-8.58%,$0.89B,$-0.08B,-8.58%,$0.89B,$-0.04B,-4.40%,$0.89B,$-0.08B,-9.14%,$0.89B,$-0.16B,-18.51%,$-0.16B,$0.54B,-28.80%,$-0.16B,$0.41B,-38.89%,$-0.16B,$0.86B,-20.17%,$-0.08B,$0.54B,-13.35%,$285,$161,$124,$7,$89,$257,$28,$4,$32,$-0,$32,$32,$29,$37,$28,$65,85,$0.45,$0.37,$52,$236,$23,$572,$117,$0,$131,$38,$287,$859,$273,$0,$15,$44,$317,$1,$276,$14,$542,$859,$32,$9,$-9,$0,$-141,$-4,$0,$-2,$-124,$-92,$-9,$27,$0,$0,$0,$0,$0,$18,$0,$86,$86,$0,$0,$-3,$0,$83,$9,$1,$-3
27,2011-12-31,5.36,$7.90,0.68,$12.68,0.42,$-0.36,0.0,$-2.90,0.0,$0.42B,$0.17B,2.5,$0.00B,$0.51B,0.0,$0.89B,$0.31B,35.17%,$0.89B,$-0.08B,-9.13%,$0.89B,$-0.08B,-9.13%,$0.89B,$-0.04B,-4.85%,$0.89B,$-0.09B,-10.26%,$0.89B,$-0.18B,-20.63%,$-0.18B,$0.51B,-29.91%,$-0.18B,$0.36B,-40.11%,$-0.18B,$0.73B,-21.88%,$-0.08B,$0.51B,-13.24%,$154,$116,$38,$8,$79,$204,$-50,$-1,$-51,$12,$-63,$-63,$-66,$-40,$-50,$65,65,$-1.01,$-1.00,$43,$233,$20,$419,$117,$0,$151,$38,$308,$727,$168,$0,$8,$47,$214,$1,$248,$14,$513,$727,$-172,$39,$65,$103,$28,$36,$0,$24,$79,$10,$-10,$0,$0,$0,$0,$0,$0,$-10,$0,$0,$0,$2,$2,$-13,$-2,$-13,$-12,$10,$-13
28,2011-09-30,5.01,$8.89,0.56,$13.20,0.38,$-0.57,0.0,$-2.43,0.0,$0.45B,$0.15B,3.07,$0.00B,$0.58B,0.0,$0.92B,$0.33B,35.91%,$0.92B,$-0.07B,-7.94%,$0.92B,$-0.07B,-7.94%,$0.92B,$-0.03B,-3.70%,$0.92B,$-0.09B,-9.25%,$0.92B,$-0.15B,-16.54%,$-0.15B,$0.58B,-23.20%,$-0.15B,$0.42B,-30.58%,$-0.15B,$0.77B,-17.40%,$-0.07B,$0.58B,-11.14%,$173,$126,$47,$9,$83,$217,$-44,$-4,$-48,$15,$-63,$-63,$-65,$-35,$-44,$65,65,$-1.01,$-1.01,$64,$204,$28,$454,$120,$0,$153,$37,$312,$766,$148,$0,$13,$41,$189,$1,$314,$13,$577,$766,$-109,$28,$59,$87,$-5,$64,$0,$15,$44,$22,$-3,$0,$0,$0,$0,$0,$0,$-3,$0,$0,$0,$2,$2,$-10,$-3,$-10,$9,$9,$-10
29,2011-06-30,6.01,$9.99,0.6,$13.27,0.45,$-0.23,0.0,$-1.75,0.0,$0.59B,$0.22B,2.72,$0.00B,$0.65B,0.0,$0.92B,$0.33B,36.01%,$0.92B,$-0.07B,-7.27%,$0.92B,$-0.07B,-7.27%,$0.92B,$-0.03B,-2.82%,$0.92B,$-0.08B,-8.35%,$0.92B,$-0.11B,-11.71%,$-0.11B,$0.65B,-15.59%,$-0.11B,$0.49B,-20.37%,$-0.11B,$0.90B,-11.88%,$-0.07B,$0.65B,-9.67%,$274,$171,$103,$8,$104,$284,$-10,$-3,$-14,$45,$-59,$-59,$-62,$-1,$-10,$64,64,$-0.96,$-0.96,$67,$215,$38,$585,$122,$0,$155,$37,$316,$901,$215,$0,$14,$40,$255,$1,$380,$19,$646,$901,$-46,$19,$58,$77,$-107,$57,$0,$7,$-56,$-25,$4,$0,$0,$0,$0,$0,$0,$4,$0,$37,$37,$1,$1,$-7,$0,$32,$11,$8,$-7
30,2011-03-31,6.58,$11.03,0.6,$12.62,0.52,$-0.10,0.0,$-0.58,0.0,$0.62B,$0.22B,2.79,$0.00B,$0.71B,0.0,$0.95B,$0.35B,37.08%,$0.95B,$-0.03B,-3.36%,$0.95B,$-0.03B,-3.36%,$0.95B,$0.01B,1.05%,$0.95B,$-0.04B,-4.52%,$0.95B,$-0.04B,-3.89%,$-0.04B,$0.71B,-5.17%,$-0.04B,$0.55B,-6.75%,$-0.04B,$0.95B,-4.04%,$-0.03B,$0.71B,-4.48%,$286,$162,$124,$9,$92,$263,$23,$-1,$22,$9,$13,$13,$10,$33,$23,$64,85,$0.16,$0.15,$29,$258,$41,$621,$123,$0,$162,$36,$332,$952,$223,$0,$17,$19,$242,$1,$452,$16,$711,$952,$13,$10,$-4,$6,$-123,$12,$0,$7,$-58,$-39,$11,$0,$0,$0,$0,$0,$0,$11,$0,$3,$3,$1,$1,$-3,$0,$1,$-27,$2,$-3
31,2010-12-31,7.78,$10.66,0.73,$12.86,0.6,$-0.52,0.0,$-0.49,0.0,$0.54B,$0.18B,3.1,$0.00B,$0.69B,0.0,$0.97B,$0.37B,37.77%,$0.97B,$-0.03B,-2.79%,$0.97B,$-0.03B,-2.79%,$0.97B,$0.02B,1.55%,$0.97B,$-0.04B,-3.61%,$0.97B,$-0.03B,-2.99%,$-0.03B,$0.69B,-4.03%,$-0.03B,$0.53B,-5.27%,$-0.03B,$0.88B,-3.15%,$-0.03B,$0.69B,-3.76%,$186,$130,$56,$9,$88,$228,$-42,$-3,$-45,$-13,$-32,$-32,$-35,$-31,$-42,$64,64,$-0.55,$-0.51,$55,$269,$42,$544,$130,$0,$162,$37,$332,$876,$175,$0,$9,$14,$189,$1,$433,$14,$687,$876,$-19,$41,$14,$54,$-2,$-39,$0,$-8,$-26,$10,$-22,$0,$0,$0,$0,$0,$-3,$-25,$0,$0,$0,$3,$3,$-13,$-1,$-11,$-23,$10,$-13
32,2010-09-30,6.74,$11.29,0.6,$12.90,0.52,$-0.26,0.0,$-0.24,0.0,$0.56B,$0.17B,3.37,$0.00B,$0.73B,0.0,$0.97B,$0.37B,37.98%,$0.97B,$-0.01B,-1.44%,$0.97B,$-0.01B,-1.44%,$0.97B,$0.03B,2.89%,$0.97B,$-0.02B,-1.75%,$0.97B,$-0.01B,-1.24%,$-0.01B,$0.73B,-1.66%,$-0.01B,$0.56B,-2.17%,$-0.01B,$0.91B,-1.30%,$-0.01B,$0.73B,-1.93%,$176,$127,$49,$9,$78,$214,$-38,$-2,$-40,$-22,$-18,$-18,$-21,$-27,$-38,$64,64,$-0.33,$-0.33,$111,$230,$31,$558,$133,$0,$171,$35,$349,$908,$166,$0,$8,$16,$181,$1,$478,$11,$727,$908,$13,$30,$-3,$27,$-11,$-3,$0,$6,$15,$56,$-15,$0,$0,$0,$0,$0,$-3,$-18,$0,$0,$0,$3,$3,$-10,$-1,$-7,$33,$8,$-10
33,2010-06-30,5.8,$11.41,0.51,$13.17,0.44,$-0.46,0.0,$-0.16,0.0,$0.58B,$0.18B,3.2,$0.00B,$0.74B,0.0,$0.98B,$0.38B,38.52%,$0.98B,$-0.00B,-0.20%,$0.98B,$-0.00B,-0.20%,$0.98B,$0.04B,4.07%,$0.98B,$-0.00B,-0.20%,$0.98B,$-0.01B,-0.71%,$-0.01B,$0.74B,-0.97%,$-0.01B,$0.56B,-1.27%,$-0.01B,$0.93B,-0.76%,$-0.00B,$0.74B,-0.28%,$304,$180,$124,$9,$90,$279,$25,$-5,$20,$9,$11,$11,$9,$35,$25,$64,84,$0.14,$0.14,$54,$214,$35,$580,$133,$0,$170,$34,$349,$929,$181,$0,$8,$13,$194,$1,$500,$1,$735,$929,$32,$20,$3,$23,$-120,$2,$0,$-2,$-64,$-10,$-8,$0,$0,$0,$0,$0,$-2,$-9,$0,$0,$0,$2,$2,$-7,$-0,$-5,$-25,$5,$-7
34,2010-03-31,8.47,$11.30,0.75,$14.09,0.6,$-0.68,0.0,$-0.20,0.0,$0.61B,$0.23B,2.68,$0.00B,$0.73B,0.0,$0.98B,$0.37B,37.17%,$0.98B,$-0.02B,-1.73%,$0.98B,$-0.02B,-1.73%,$0.98B,$0.03B,2.55%,$0.98B,$-0.01B,-1.12%,$0.98B,$-0.01B,-1.02%,$-0.01B,$0.73B,-1.40%,$-0.01B,$0.56B,-1.85%,$-0.01B,$0.97B,-1.08%,$-0.02B,$0.73B,-2.37%,$303,$166,$137,$9,$100,$275,$28,$2,$30,$10,$20,$20,$18,$38,$28,$64,84,$0.28,$0.24,$42,$231,$39,$613,$138,$0,$172,$36,$357,$970,$228,$0,$10,$14,$243,$1,$491,$4,$727,$970,$20,$10,$1,$11,$-140,$-13,$0,$-5,$-90,$-59,$-4,$0,$0,$0,$0,$0,$-2,$-6,$0,$31,$31,$1,$1,$-3,$-0,$29,$-36,$3,$-3
35,2009-12-31,7.23,$11.01,0.66,$14.78,0.49,$-1.12,0.0,$-0.33,0.0,$0.51B,$0.15B,3.39,$0.00B,$0.71B,0.0,$0.95B,$0.34B,36.17%,$0.95B,$-0.03B,-3.36%,$0.95B,$-0.03B,-3.36%,$0.95B,$0.01B,1.05%,$0.95B,$-0.03B,-3.15%,$0.95B,$-0.02B,-2.21%,$-0.02B,$0.71B,-3.09%,$-0.02B,$0.54B,-4.15%,$-0.02B,$0.88B,-2.28%,$-0.03B,$0.71B,-4.70%,$186,$128,$58,$9,$78,$215,$-29,$2,$-27,$-11,$-16,$-16,$-18,$-18,$-29,$63,63,$-0.29,$-0.29,$78,$219,$35,$513,$143,$0,$174,$35,$363,$876,$151,$0,$12,$15,$166,$1,$474,$6,$710,$876,$-15,$41,$12,$52,$-12,$47,$0,$4,$6,$43,$-39,$0,$0,$0,$0,$0,$0,$-39,$0,$-90,$-90,$3,$143,$-12,$-6,$35,$40,$9,$-12
36,2009-09-30,7.29,$11.28,0.65,$14.52,0.5,$-1.33,0.0,$-0.09,0.0,$0.52B,$0.15B,3.54,$0.00B,$0.73B,0.0,$0.94B,$0.35B,36.97%,$0.94B,$-0.03B,-3.42%,$0.94B,$-0.03B,-3.42%,$0.94B,$0.01B,0.96%,$0.94B,$-0.01B,-1.18%,$0.94B,$-0.01B,-0.64%,$-0.01B,$0.73B,-0.93%,$-0.01B,$0.55B,-1.27%,$-0.01B,$0.89B,-0.66%,$-0.03B,$0.73B,-4.94%,$191,$131,$60,$8,$77,$216,$-26,$1,$-25,$-11,$-13,$-13,$-16,$-15,$-26,$63,63,$-0.25,$-0.25,$105,$199,$22,$518,$148,$0,$175,$54,$376,$894,$146,$0,$12,$21,$167,$1,$493,$7,$727,$894,$0,$30,$-6,$24,$-26,$68,$0,$14,$33,$57,$-30,$0,$0,$0,$0,$0,$0,$-30,$0,$-90,$-90,$3,$143,$-8,$-6,$38,$66,$7,$-8
37,2009-06-30,4.85,$10.56,0.46,$14.92,0.32,$-1.34,0.0,$0.04,121.17,$0.60B,$0.21B,2.83,$0.00B,$0.70B,0.0,$0.96B,$0.37B,38.20%,$0.96B,$-0.02B,-1.88%,$0.96B,$-0.02B,-1.88%,$0.96B,$0.02B,2.19%,$0.96B,0,0.00%,$0.96B,$0.00B,0.31%,$0.00B,$0.70B,0.49%,$0.00B,$0.53B,0.68%,$0.00B,$0.97B,0.33%,$-0.02B,$0.70B,-2.93%,$302,$192,$110,$8,$92,$292,$10,$1,$11,$4,$7,$7,$6,$20,$10,$63,67,$0.10,$0.10,$50,$228,$26,$599,$145,$0,$175,$49,$369,$968,$211,$0,$15,$57,$268,$1,$529,$1,$700,$968,$14,$20,$-2,$18,$-138,$34,$0,$13,$-41,$-9,$-19,$0,$0,$0,$0,$0,$-0,$-19,$0,$-90,$-90,$1,$141,$-4,$-6,$41,$12,$4,$-4
38,2009-03-31,6.79,$9.07,0.75,$16.12,0.42,$-2.04,0.0,$0.52,13.06,$0.58B,$0.34B,1.71,$0.00B,$0.59B,0.0,$1.02B,$0.43B,41.78%,$1.02B,$0.03B,3.13%,$1.02B,$0.03B,3.13%,$1.02B,$0.07B,7.05%,$1.02B,$0.05B,4.60%,$1.02B,$0.03B,3.33%,$0.03B,$0.59B,5.71%,$0.03B,$0.41B,8.04%,$0.03B,$0.95B,3.68%,$0.03B,$0.59B,5.37%,$272,$156,$116,$8,$95,$258,$13,$-2,$11,$4,$7,$7,$7,$23,$13,$63,63,$0.11,$0.11,$20,$262,$32,$582,$141,$0,$175,$40,$364,$946,$340,$0,$14,$21,$361,$1,$526,$-12,$585,$946,$7,$10,$-0,$10,$-123,$-12,$0,$-1,$-82,$-66,$-10,$0,$0,$0,$0,$0,$-0,$-10,$0,$57,$57,$2,$2,$0,$-0,$58,$-19,$2,$0
39,2008-12-31,8.79,$8.95,0.98,$17.48,0.5,$-2.90,0.0,$1.02,8.61,$0.49B,$0.25B,1.93,$0.00B,$0.58B,0.0,$1.12B,$0.49B,43.64%,$1.12B,$0.08B,7.53%,$1.12B,$0.08B,7.53%,$1.12B,$0.12B,11.02%,$1.12B,$0.10B,9.14%,$1.12B,$0.07B,6.00%,$0.07B,$0.58B,11.13%,$0.07B,$0.40B,15.59%,$0.07B,$0.86B,7.07%,$0.08B,$0.58B,13.95%,$171,$111,$60,$7,$81,$200,$-29,$21,$-8,$-5,$-3,$-3,$-3,$-19,$-29,$63,64,$-0.04,$-0.03,$38,$257,$32,$490,$142,$0,$177,$40,$365,$855,$253,$0,$15,$22,$275,$1,$519,$-6,$580,$855,$66,$38,$1,$39,$-18,$-15,$0,$-22,$-63,$42,$-51,$0,$-10,$0,$0,$0,$-1,$-62,$0,$53,$53,$-19,$-19,$-18,$0,$17,$-12,$6,$-18
40,2008-09-30,13.2,$9.20,1.44,$17.38,0.76,$-0.82,0.0,$0.82,16.1,$0.49B,$0.20B,2.41,$0.00B,$0.60B,0.0,$1.12B,$0.49B,43.79%,$1.12B,$0.08B,7.51%,$1.12B,$0.08B,7.51%,$1.12B,$0.12B,10.81%,$1.12B,$0.08B,7.24%,$1.12B,$0.05B,4.83%,$0.05B,$0.60B,9.02%,$0.05B,$0.43B,12.63%,$0.05B,$0.87B,5.72%,$0.08B,$0.60B,14.02%,$213,$133,$80,$7,$86,$226,$-12,$-2,$-14,$-7,$-7,$-7,$-7,$-3,$-12,$62,62,$-0.12,$-0.12,$51,$220,$27,$490,$135,$0,$169,$43,$377,$867,$203,$0,$35,$68,$271,$1,$526,$5,$596,$867,$69,$29,$7,$35,$-50,$25,$0,$-7,$-44,$60,$-34,$0,$0,$0,$0,$0,$0,$-33,$0,$3,$3,$-18,$-18,$-9,$-0,$-24,$1,$5,$-9
41,2008-06-30,11.05,$9.61,1.15,$17.44,0.63,$0.63,17.52,$0.96,11.51,$0.65B,$0.34B,1.93,$0.00B,$0.62B,0.0,$1.14B,$0.50B,44.13%,$1.14B,$0.10B,8.49%,$1.14B,$0.10B,8.49%,$1.14B,$0.14B,11.82%,$1.14B,$0.10B,8.49%,$1.14B,$0.06B,5.43%,$0.06B,$0.62B,10.34%,$0.06B,$0.45B,14.53%,$0.06B,$1.03B,6.63%,$0.10B,$0.62B,16.18%,$366,$195,$171,$8,$103,$306,$60,$-3,$58,$21,$37,$37,$37,$71,$60,$63,64,$0.59,$0.58,$55,$236,$33,$653,$135,$0,$172,$43,$375,$1028,$338,$0,$34,$67,$405,$1,$538,$20,$622,$1028,$77,$19,$7,$26,$-176,$17,$0,$-6,$-151,$-48,$-24,$0,$0,$0,$0,$0,$0,$-24,$0,$98,$98,$-17,$-17,$-5,$-0,$77,$5,$3,$-5
42,2008-03-31,13.63,$9.20,1.48,$17.20,0.79,$1.97,6.93,$0.91,14.98,$0.68B,$0.37B,1.85,$0.00B,$0.61B,0.0,$1.16B,$0.51B,43.94%,$1.16B,$0.10B,8.56%,$1.16B,$0.10B,8.56%,$1.16B,$0.14B,11.68%,$1.16B,$0.10B,8.56%,$1.16B,$0.06B,5.36%,$0.06B,$0.61B,10.17%,$0.06B,$0.44B,14.21%,$0.06B,$1.04B,6.73%,$0.10B,$0.61B,16.24%,$366,$191,$176,$8,$103,$301,$65,$1,$66,$26,$40,$40,$40,$74,$65,$64,65,$0.62,$0.61,$39,$264,$33,$680,$132,$0,$173,$40,$363,$1043,$368,$0,$34,$65,$433,$1,$506,$21,$610,$1043,$40,$9,$10,$19,$-187,$-8,$0,$-2,$-180,$-121,$-12,$0,$0,$0,$0,$0,$0,$-12,$0,$119,$119,$3,$3,$0,$-0,$122,$-10,$1,$0
43,2007-12-31,16.11,$8.57,1.88,$16.45,0.98,$2.77,5.82,$0.78,20.66,$0.50B,$0.22B,2.22,$0.00B,$0.57B,0.0,$1.13B,$0.49B,43.82%,$1.13B,$0.09B,8.00%,$1.13B,$0.09B,8.00%,$1.13B,$0.13B,11.20%,$1.13B,$0.09B,7.82%,$1.13B,$0.06B,4.89%,$0.06B,$0.57B,9.03%,$0.06B,$0.40B,12.64%,$0.06B,$0.84B,6.03%,$0.09B,$0.57B,14.78%,$174,$111,$63,$8,$84,$203,$-29,$0,$-29,$-12,$-16,$-16,$-16,$-21,$-29,$66,67,$-0.23,$-0.22,$50,$253,$30,$497,$128,$0,$173,$40,$341,$838,$224,$0,$34,$46,$270,$1,$470,$19,$568,$838,$55,$35,$15,$50,$12,$17,$0,$-7,$47,$152,$-21,$0,$0,$0,$-4,$-4,$0,$-25,$0,$-43,$-43,$-67,$-67,$-19,$6,$-123,$4,$11,$-19
44,2007-09-30,14.74,$8.93,1.65,$16.49,0.89,$0.62,23.93,$0.88,16.75,$0.47B,$0.17B,2.78,$0.00B,$0.60B,0.0,$1.13B,$0.49B,43.24%,$1.13B,$0.10B,8.66%,$1.13B,$0.10B,8.66%,$1.13B,$0.13B,11.85%,$1.13B,$0.10B,8.49%,$1.13B,$0.06B,5.39%,$0.06B,$0.60B,9.98%,$0.06B,$0.42B,13.96%,$0.06B,$0.83B,6.67%,$0.10B,$0.60B,16.03%,$236,$142,$94,$8,$85,$235,$1,$1,$2,$1,$1,$1,$1,$11,$1,$67,68,$0.02,$0.02,$32,$214,$21,$471,$127,$0,$174,$31,$360,$831,$170,$0,$34,$63,$233,$1,$491,$20,$598,$831,$71,$27,$6,$34,$-40,$57,$0,$1,$41,$146,$-19,$0,$0,$0,$-1,$-1,$0,$-20,$0,$-79,$-79,$-54,$-54,$-14,$4,$-143,$-15,$8,$-14
45,2007-06-30,16.33,$9.28,1.76,$15.90,1.03,$-1.26,0.0,$0.68,24.01,$0.61B,$0.25B,2.45,$0.00B,$0.66B,0.0,$1.09B,$0.46B,42.52%,$1.09B,$0.08B,7.35%,$1.09B,$0.08B,7.35%,$1.09B,$0.12B,10.56%,$1.09B,$0.08B,6.98%,$1.09B,$0.05B,4.41%,$0.05B,$0.66B,7.89%,$0.05B,$0.49B,11.07%,$0.05B,$0.98B,5.27%,$0.08B,$0.66B,13.15%,$380,$205,$175,$8,$105,$318,$62,$-2,$60,$24,$37,$37,$37,$71,$62,$68,69,$0.54,$0.53,$48,$226,$21,$614,$133,$0,$174,$28,$361,$975,$251,$0,$34,$61,$312,$1,$495,$15,$663,$975,$69,$18,$12,$30,$-160,$42,$0,$0,$-66,$33,$-18,$0,$0,$0,$0,$0,$0,$-18,$0,$-25,$-25,$13,$13,$-5,$3,$-13,$2,$7,$-5
46,2007-03-31,14.39,$8.42,1.71,$15.40,0.93,$-2.43,0.0,$0.48,29.99,$0.64B,$0.33B,1.93,$0.00B,$0.61B,0.0,$1.05B,$0.43B,40.72%,$1.05B,$0.06B,5.42%,$1.05B,$0.06B,5.42%,$1.05B,$0.09B,8.66%,$1.05B,$0.05B,5.04%,$1.05B,$0.03B,3.24%,$0.03B,$0.61B,5.72%,$0.03B,$0.43B,8.10%,$0.03B,$1.01B,3.79%,$0.06B,$0.61B,9.58%,$335,$174,$161,$8,$97,$279,$56,$-1,$55,$22,$33,$33,$33,$65,$56,$67,68,$0.49,$0.48,$35,$271,$22,$640,$131,$0,$174,$28,$366,$1007,$332,$0,$42,$67,$399,$1,$463,$12,$607,$1007,$33,$9,$3,$12,$-160,$-5,$0,$-0,$-122,$-78,$-8,$0,$0,$0,$0,$0,$0,$-8,$0,$75,$75,$-2,$-2,$0,$1,$74,$-12,$3,$0
47,2006-12-31,13.1,$7.89,1.66,$14.81,0.88,$-2.63,0.0,$0.33,39.71,$0.49B,$0.22B,2.21,$0.00B,$0.58B,0.0,$1.02B,$0.40B,39.19%,$1.02B,$0.04B,3.63%,$1.02B,$0.04B,3.63%,$1.02B,$0.07B,6.88%,$1.02B,$0.04B,3.44%,$1.02B,$0.02B,2.36%,$0.02B,$0.58B,4.03%,$0.02B,$0.40B,5.71%,$0.02B,$0.85B,2.76%,$0.04B,$0.58B,6.21%,$180,$121,$59,$7,$73,$201,$-21,$-0,$-21,$-11,$-10,$-10,$-10,$-13,$-21,$68,69,$-0.14,$-0.14,$46,$265,$22,$493,$131,$0,$175,$28,$353,$846,$223,$0,$20,$45,$269,$1,$435,$11,$577,$846,$23,$32,$14,$46,$-12,$-17,$0,$-6,$-52,$17,$-32,$0,$0,$0,$-10,$-10,$0,$-42,$0,$80,$80,$-43,$-43,$-19,$3,$20,$-3,$12,$-19
