,Date,Stock Price,Book Value per Share,Price to Book Ratio,TTM Sales per Share,Price to Sales Ratio,TTM FCF per Share,Price to FCF Ratio,TTM Net EPS,PE Ratio,Current Assets,Current Liabilities,Current Ratio,Long Term Debt,Shareholder's Equity_x,Debt to Equity Ratio,TTM Revenue_x,TTM Gross Profit,Gross Margin,TTM Revenue_y,TTM Operating Income,Operating Margin,TTM Revenue_x,TTM EBIT,EBIT Margin,TTM Revenue_y,TTM EBITDA,EBITDA Margin,TTM Revenue_x,TTM Pre-Tax Income,Pre-Tax Margin,TTM Revenue_y,TTM Net Income_x,Net Margin,TTM Net Income_y,Shareholder's Equity_y,Return on Equity,TTM Net Income_x,Tangible Equity,Return on Tangible Equity,TTM Net Income_y,Total Assets,Return on Assets,TTM Net Income,LT Investments & Debt,Return on Investment,revenue,cost-goods-sold,gross-profit,research-development-expenses,selling-general-administrative-expenses,operating-expenses,operating-income,total-non-operating-income-expense,pre-tax-income,total-provision-income-taxes,income-after-taxes,income-from-continuous-operations,net-income,ebitda,ebit,basic-shares-outstanding,shares-outstanding,eps-basic-net-earnings-per-share,eps-earnings-per-share-diluted,cash-on-hand,inventory,other-current-assets,total-current-assets,net-property-plant-equipment,long-term-investments,goodwill-intangible-assets-total,other-long-term-assets,total-long-term-assets,total-assets,total-current-liabilities,long-term-debt,other-non-current-liabilities,total-long-term-liabilities,total-liabilities,common-stock-net,retained-earnings-accumulated-deficit,comprehensive-income,total-share-holder-equity,total-liabilities-share-holders-equity,net-income-loss,total-depreciation-amortization-cash-flow,other-non-cash-items,total-non-cash-items,change-in-accounts-receivable,change-in-inventories,change-in-accounts-payable,change-in-assets-liabilities,total-change-in-assets-liabilities,cash-flow-from-operating-activities,net-change-in-property-plant-equipment,net-change-in-intangible-assets,net-acquisitions-divestitures,net-change-in-short-term-investments,net-change-in-long-term-investments,net-change-in-investments-total,investing-activities-other,cash-flow-from-investing-activities,net-long-term-debt,net-current-debt,debt-issuance-retirement-net-total,net-common-equity-issued-repurchased,net-total-equity-issued-repurchased,total-common-preferred-stock-dividends-paid,financial-activities-other,cash-flow-from-financial-activities,net-cash-flow,stock-based-compensation,common-stock-dividends-paid
0,2018-09-30,37.3,$26.25,1.42,$14.56,2.56,$8.47,4.4,$1.98,18.84,$0.62B,$0.70B,0.89,$0.02B,$0.06B,0.3,$0.03B,$0.03B,84.85%,$0.03B,$0.01B,24.24%,$0.03B,0,0.00%,$0.03B,0,0.00%,$0.03B,$0.01B,21.21%,$0.03B,$0.00B,12.12%,$0.00B,$0.06B,6.75%,$0.00B,$0.05B,8.25%,$0.00B,$0.77B,0.52%,$0.01B,$0.08B,10.19%,$9,$1,$7,$0,$5,$7,$2,$-1,$1,$0,$1,$1,$1,$0,$0,$2,2,$0.51,$0.51,$27,$0,$0,$622,$18,$98,$11,$25,$151,$773,$695,$18,$0,$18,$713,$3,$35,$-7,$60,$773,$4,$1,$1,$3,$0,$0,$0,$-3,$-2,$4,$-0,$0,$0,$0,$1,$1,$-16,$-16,$-6,$-0,$-6,$0,$0,$-2,$28,$20,$8,$0,$-2
1,2018-06-30,34.3,$26.20,1.31,$14.87,2.31,$9.55,3.59,$2.24,15.31,$0.62B,$0.70B,0.9,$0.02B,$0.06B,0.3,$0.03B,$0.03B,87.88%,$0.03B,$0.01B,27.27%,$0.03B,0,0.00%,$0.03B,0,0.00%,$0.03B,$0.01B,24.24%,$0.03B,$0.01B,15.15%,$0.01B,$0.06B,8.44%,$0.01B,$0.05B,10.31%,$0.01B,$0.78B,0.65%,$0.01B,$0.08B,10.71%,$8,$1,$7,$0,$5,$6,$2,$-0,$2,$0,$1,$1,$1,$0,$0,$2,2,$0.62,$0.62,$35,$0,$0,$624,$18,$100,$11,$22,$151,$775,$698,$18,$0,$18,$716,$3,$34,$-7,$59,$775,$3,$1,$1,$2,$1,$0,$0,$-0,$0,$5,$-0,$0,$0,$0,$-1,$-1,$-11,$-12,$-6,$-0,$-6,$0,$0,$-1,$31,$24,$16,$0,$-1
2,2018-03-31,33.14,$25.93,1.28,$14.51,2.28,$9.36,3.54,$2.10,15.78,$0.61B,$0.68B,0.9,$0.02B,$0.06B,0.31,$0.03B,$0.03B,87.50%,$0.03B,$0.01B,25.00%,$0.03B,0,0.00%,$0.03B,0,0.00%,$0.03B,$0.01B,21.88%,$0.03B,$0.01B,15.63%,$0.01B,$0.06B,8.51%,$0.01B,$0.05B,10.47%,$0.01B,$0.76B,0.66%,$0.01B,$0.08B,9.01%,$8,$1,$7,$0,$5,$6,$2,$0,$2,$0,$1,$1,$1,$0,$0,$2,2,$0.60,$0.60,$22,$0,$0,$608,$18,$97,$11,$22,$148,$756,$679,$18,$0,$18,$697,$3,$34,$-7,$59,$756,$1,$0,$1,$1,$0,$0,$0,$-0,$-1,$2,$0,$0,$0,$0,$3,$3,$-8,$-5,$-5,$-0,$-6,$0,$0,$-1,$12,$6,$3,$0,$-1
3,2017-12-31,29.85,$26.02,1.15,$14.29,2.09,$9.12,3.27,$1.94,15.39,$0.60B,$0.67B,0.9,$0.02B,$0.06B,0.4,$0.03B,$0.03B,87.10%,$0.03B,$0.01B,22.58%,$0.03B,0,0.00%,$0.03B,0,0.00%,$0.03B,$0.01B,19.35%,$0.03B,$0.01B,16.13%,$0.01B,$0.06B,8.66%,$0.01B,$0.05B,10.70%,$0.01B,$0.75B,0.67%,$0.01B,$0.08B,7.63%,$8,$1,$7,$0,$5,$6,$2,$-0,$2,$1,$1,$1,$1,$0,$0,$2,2,$0.26,$0.24,$19,$0,$0,$599,$18,$101,$11,$21,$151,$750,$667,$24,$0,$24,$691,$3,$33,$-6,$59,$750,$4,$2,$-0,$2,$-0,$0,$0,$1,$2,$8,$0,$0,$3,$0,$0,$0,$-45,$-42,$-11,$-7,$-18,$1,$1,$-2,$50,$31,$-3,$0,$-2
4,2017-09-30,27.93,$26.39,1.06,$13.88,2.01,$7.20,3.88,$2.24,12.47,$0.62B,$0.68B,0.92,$0.04B,$0.06B,0.65,$0.03B,$0.03B,86.67%,$0.03B,$0.01B,23.33%,$0.03B,0,0.00%,$0.03B,0,0.00%,$0.03B,$0.01B,20.00%,$0.03B,$0.01B,16.67%,$0.01B,$0.06B,8.85%,$0.01B,$0.05B,10.99%,$0.01B,$0.77B,0.69%,$0.01B,$0.10B,7.33%,$9,$1,$8,$0,$5,$6,$3,$-1,$2,$0,$2,$2,$2,$0,$0,$2,2,$0.77,$0.77,$45,$0,$0,$622,$18,$101,$11,$21,$152,$774,$675,$39,$0,$39,$714,$3,$32,$-4,$60,$774,$4,$1,$-0,$1,$-0,$0,$0,$1,$2,$7,$-0,$0,$3,$0,$1,$1,$-42,$-39,$4,$-7,$-3,$1,$1,$-2,$58,$55,$23,$0,$-2
5,2017-06-30,26.92,$25.74,1.05,$13.14,2.05,$4.96,5.43,$1.96,13.73,$0.59B,$0.64B,0.92,$0.04B,$0.06B,0.69,$0.03B,$0.02B,85.71%,$0.03B,$0.01B,17.86%,$0.03B,0,0.00%,$0.03B,0,0.00%,$0.03B,$0.01B,17.86%,$0.03B,$0.00B,14.29%,$0.00B,$0.06B,7.24%,$0.00B,$0.05B,9.04%,$0.00B,$0.74B,0.57%,$0.01B,$0.10B,5.33%,$7,$1,$6,$0,$5,$6,$1,$-0,$1,$0,$1,$1,$1,$0,$0,$2,2,$0.48,$0.48,$40,$0,$0,$587,$18,$100,$11,$21,$150,$737,$641,$39,$0,$39,$680,$3,$31,$-4,$57,$737,$2,$1,$1,$2,$-0,$0,$0,$0,$1,$4,$-0,$0,$0,$0,$2,$2,$-31,$-29,$5,$-7,$-3,$1,$1,$-1,$44,$42,$17,$0,$-1
6,2017-03-31,27.98,$25.45,1.1,$12.96,2.16,$3.98,7.03,$1.91,14.65,$0.56B,$0.62B,0.9,$0.03B,$0.06B,0.63,$0.03B,$0.02B,85.71%,$0.03B,$0.01B,17.86%,$0.03B,0,0.00%,$0.03B,0,0.00%,$0.03B,$0.01B,17.86%,$0.03B,$0.00B,14.29%,$0.00B,$0.06B,7.31%,$0.00B,$0.04B,9.14%,$0.00B,$0.71B,0.57%,$0.01B,$0.09B,5.42%,$7,$1,$6,$0,$5,$6,$1,$0,$1,$0,$1,$1,$1,$0,$0,$2,2,$0.44,$0.44,$20,$0,$0,$557,$18,$99,$11,$21,$149,$706,$617,$34,$0,$34,$652,$3,$30,$-4,$55,$706,$1,$1,$0,$1,$0,$0,$0,$0,$-0,$1,$0,$0,$0,$0,$3,$3,$-20,$-17,$0,$-7,$-7,$0,$0,$-1,$21,$13,$-2,$0,$-1
7,2016-12-31,27.71,$25.13,1.1,$12.57,2.21,$3.65,7.59,$1.84,15.06,$0.54B,$0.59B,0.91,$0.04B,$0.05B,0.81,$0.03B,$0.02B,85.19%,$0.03B,$0.01B,18.52%,$0.03B,0,0.00%,$0.03B,0,0.00%,$0.03B,$0.01B,18.52%,$0.03B,$0.00B,14.81%,$0.00B,$0.05B,7.34%,$0.00B,$0.04B,8.84%,$0.00B,$0.69B,0.59%,$0.01B,$0.10B,5.42%,$7,$1,$6,$0,$4,$5,$2,$0,$2,$0,$1,$1,$1,$0,$0,$2,2,$0.57,$0.56,$22,$0,$0,$540,$18,$102,$11,$22,$152,$692,$594,$44,$0,$44,$638,$3,$30,$-4,$54,$692,$4,$2,$1,$2,$-0,$0,$0,$-0,$-1,$6,$-2,$0,$-3,$0,$11,$11,$-20,$-15,$-1,$-5,$-5,$0,$0,$-2,$22,$15,$6,$0,$-2
8,2016-09-30,23.09,$25.73,0.9,$12.45,1.85,$2.72,8.48,$1.72,13.43,$0.54B,$0.60B,0.9,$0.04B,$0.06B,0.68,$0.03B,$0.02B,88.46%,$0.03B,$0.00B,15.38%,$0.03B,0,0.00%,$0.03B,0,0.00%,$0.03B,$0.00B,15.38%,$0.03B,$0.00B,15.38%,$0.00B,$0.06B,7.37%,$0.00B,$0.04B,8.56%,$0.00B,$0.69B,0.62%,$0.00B,$0.09B,4.29%,$7,$1,$6,$0,$5,$6,$1,$0,$1,$0,$1,$1,$1,$0,$0,$2,2,$0.49,$0.49,$31,$0,$0,$541,$18,$102,$11,$21,$153,$694,$601,$37,$0,$37,$638,$3,$29,$-3,$55,$694,$3,$1,$1,$2,$-0,$0,$0,$-1,$-1,$3,$-2,$0,$-3,$0,$12,$12,$-12,$-4,$-0,$-12,$-12,$0,$0,$-2,$30,$16,$15,$0,$-2
9,2016-06-30,22.21,$25.56,0.87,$12.18,1.82,$2.43,9.15,$1.93,11.51,$0.54B,$0.61B,0.89,$0.04B,$0.06B,0.64,$0.03B,$0.02B,92.00%,$0.03B,$0.01B,20.00%,$0.03B,0,0.00%,$0.03B,0,0.00%,$0.03B,$0.01B,20.00%,$0.03B,$0.00B,16.00%,$0.00B,$0.06B,7.44%,$0.00B,$0.04B,8.33%,$0.00B,$0.70B,0.64%,$0.01B,$0.09B,5.73%,$7,$1,$6,$0,$4,$6,$1,$-0,$1,$0,$1,$1,$1,$0,$0,$2,2,$0.43,$0.43,$42,$0,$0,$543,$17,$106,$11,$20,$155,$698,$608,$35,$0,$35,$643,$3,$29,$-2,$55,$698,$2,$1,$0,$1,$0,$0,$0,$-0,$-1,$2,$-0,$0,$-3,$0,$9,$9,$-2,$4,$0,$-12,$-12,$0,$0,$-1,$34,$21,$27,$0,$-1
10,2016-03-31,22.95,$25.18,0.91,$12.27,1.87,$1.15,19.94,$1.98,11.59,$0.46B,$0.52B,0.88,$0.04B,$0.05B,0.65,$0.02B,$0.02B,91.67%,$0.02B,$0.01B,20.83%,$0.02B,0,0.00%,$0.02B,0,0.00%,$0.02B,$0.01B,20.83%,$0.02B,$0.00B,16.67%,$0.00B,$0.05B,7.37%,$0.00B,$0.05B,7.96%,$0.00B,$0.61B,0.67%,$0.01B,$0.09B,6.04%,$6,$1,$5,$0,$4,$5,$1,$-0,$1,$0,$1,$1,$1,$0,$0,$2,2,$0.37,$0.37,$20,$0,$0,$455,$16,$112,$4,$20,$152,$608,$519,$35,$0,$35,$554,$3,$28,$-3,$54,$608,$1,$0,$0,$1,$0,$0,$0,$0,$-1,$1,$0,$0,$0,$0,$2,$2,$-3,$-1,$0,$-14,$-14,$0,$0,$-1,$21,$6,$5,$0,$-1
11,2015-12-31,21.79,$24.63,0.88,$12.67,1.72,$1.15,18.95,$2.03,10.73,$0.45B,$0.50B,0.9,$0.05B,$0.05B,0.93,$0.02B,$0.02B,91.67%,$0.02B,$0.01B,20.83%,$0.02B,0,0.00%,$0.02B,0,0.00%,$0.02B,$0.01B,20.83%,$0.02B,$0.00B,16.67%,$0.00B,$0.05B,7.55%,$0.00B,$0.05B,8.16%,$0.00B,$0.60B,0.67%,$0.01B,$0.10B,6.54%,$6,$1,$6,$0,$4,$5,$1,$0,$1,$0,$1,$1,$1,$0,$0,$2,2,$0.46,$0.45,$16,$0,$0,$447,$16,$113,$4,$20,$153,$601,$499,$49,$0,$49,$548,$3,$28,$-4,$53,$601,$4,$2,$-0,$1,$0,$0,$0,$-3,$-2,$3,$-2,$0,$0,$0,$37,$37,$-56,$-21,$20,$8,$28,$8,$3,$-2,$-12,$17,$-0,$0,$-2
12,2015-09-30,20.59,$24.98,0.82,$13.18,1.56,$1.40,14.75,$2.30,8.95,$0.42B,$0.51B,0.82,$0.02B,$0.05B,0.28,$0.03B,$0.02B,88.00%,$0.03B,$0.01B,24.00%,$0.03B,0,0.00%,$0.03B,0,0.00%,$0.03B,$0.01B,24.00%,$0.03B,$0.00B,16.00%,$0.00B,$0.05B,7.73%,$0.00B,$0.05B,8.38%,$0.00B,$0.58B,0.68%,$0.01B,$0.07B,8.79%,$6,$1,$6,$0,$4,$5,$2,$0,$2,$0,$2,$2,$1,$0,$0,$2,2,$0.70,$0.70,$14,$0,$0,$422,$15,$121,$4,$20,$160,$582,$514,$15,$0,$15,$529,$3,$28,$-3,$53,$582,$3,$1,$-0,$1,$0,$0,$0,$-3,$-3,$1,$-0,$0,$0,$0,$30,$30,$-30,$-1,$0,$-5,$-5,$8,$3,$-1,$3,$0,$0,$0,$-1
13,2015-06-30,21.3,$26.66,0.8,$13.46,1.58,$3.67,5.8,$2.16,9.86,$0.41B,$0.53B,0.78,$0.02B,$0.05B,0.29,$0.03B,$0.02B,84.00%,$0.03B,$0.01B,20.00%,$0.03B,0,0.00%,$0.03B,0,0.00%,$0.03B,$0.01B,20.00%,$0.03B,$0.00B,16.00%,$0.00B,$0.06B,7.92%,$0.00B,$0.05B,8.65%,$0.00B,$0.60B,0.68%,$0.01B,$0.07B,7.46%,$6,$1,$5,$0,$4,$5,$1,$0,$1,$0,$1,$1,$1,$0,$0,$2,2,$0.48,$0.48,$14,$0,$0,$413,$15,$147,$4,$20,$187,$599,$527,$15,$0,$15,$542,$3,$27,$-3,$57,$599,$2,$1,$0,$1,$0,$0,$0,$-3,$-3,$-1,$-0,$0,$0,$0,$3,$3,$-21,$-18,$0,$1,$1,$8,$8,$-1,$11,$19,$0,$0,$-1
14,2015-03-31,22.11,$27.53,0.8,$13.43,1.65,$4.13,5.35,$2.16,10.24,$0.40B,$0.53B,0.77,$0.02B,$0.04B,0.34,$0.03B,$0.02B,84.00%,$0.03B,$0.01B,20.00%,$0.03B,0,0.00%,$0.03B,0,0.00%,$0.03B,$0.01B,20.00%,$0.03B,$0.00B,16.00%,$0.00B,$0.05B,8.33%,$0.00B,$0.05B,9.14%,$0.00B,$0.59B,0.68%,$0.01B,$0.06B,7.75%,$6,$1,$5,$0,$4,$5,$1,$0,$1,$0,$1,$1,$1,$0,$0,$2,2,$0.42,$0.42,$24,$0,$0,$402,$15,$152,$4,$17,$188,$590,$526,$15,$0,$15,$541,$2,$26,$-2,$49,$590,$1,$0,$0,$1,$0,$0,$0,$-0,$-1,$1,$-0,$0,$0,$0,$-1,$-1,$0,$-0,$0,$-4,$-4,$0,$0,$-0,$14,$10,$10,$0,$-0
15,2014-12-31,21.83,$26.95,0.81,$13.65,1.6,$3.56,6.12,$2.20,9.92,$0.40B,$0.51B,0.77,$0.02B,$0.04B,0.5,$0.03B,$0.02B,84.00%,$0.03B,$0.01B,20.00%,$0.03B,0,0.00%,$0.03B,0,0.00%,$0.03B,$0.01B,20.00%,$0.03B,$0.00B,16.00%,$0.00B,$0.05B,8.47%,$0.00B,$0.04B,9.36%,$0.00B,$0.58B,0.70%,$0.01B,$0.07B,7.84%,$7,$1,$6,$0,$4,$5,$2,$0,$2,$0,$1,$1,$1,$0,$0,$2,2,$0.71,$0.70,$14,$0,$0,$395,$15,$150,$4,$17,$186,$582,$512,$22,$0,$22,$534,$2,$26,$-3,$48,$582,$4,$1,$0,$1,$0,$0,$0,$-0,$0,$6,$-4,$0,$0,$0,$-29,$-29,$-24,$-56,$-5,$-18,$-23,$0,$0,$-2,$70,$46,$-5,$0,$-2
16,2014-09-30,22.05,$27.07,0.81,$13.25,1.66,$4.25,5.19,$1.99,11.08,$0.41B,$0.53B,0.77,$0.02B,$0.04B,0.35,$0.02B,$0.02B,83.33%,$0.02B,$0.00B,16.67%,$0.02B,0,0.00%,$0.02B,0,0.00%,$0.02B,$0.00B,16.67%,$0.02B,$0.00B,16.67%,$0.00B,$0.05B,8.60%,$0.00B,$0.04B,9.58%,$0.00B,$0.59B,0.71%,$0.00B,$0.06B,5.82%,$6,$1,$5,$0,$4,$5,$1,$0,$1,$0,$1,$1,$1,$0,$0,$2,2,$0.56,$0.56,$38,$0,$0,$408,$14,$150,$4,$16,$186,$594,$531,$15,$0,$15,$546,$2,$25,$-2,$48,$594,$3,$1,$-0,$1,$0,$0,$0,$-0,$4,$7,$-2,$0,$0,$0,$-30,$-30,$-15,$-48,$-5,$-22,$-27,$0,$0,$-1,$88,$60,$19,$0,$-1
17,2014-06-30,23.08,$26.81,0.86,$13.27,1.74,$3.14,7.34,$1.97,11.72,$0.40B,$0.52B,0.77,$0.02B,$0.04B,0.35,$0.02B,$0.02B,83.33%,$0.02B,$0.00B,16.67%,$0.02B,0,0.00%,$0.02B,0,0.00%,$0.02B,$0.00B,16.67%,$0.02B,$0.00B,16.67%,$0.00B,$0.05B,8.74%,$0.00B,$0.04B,9.76%,$0.00B,$0.58B,0.74%,$0.00B,$0.06B,5.78%,$6,$1,$5,$0,$4,$5,$1,$0,$1,$0,$1,$1,$1,$0,$0,$2,2,$0.48,$0.48,$40,$0,$0,$402,$14,$147,$5,$16,$181,$584,$521,$15,$0,$15,$536,$2,$25,$-2,$47,$584,$2,$1,$-0,$0,$0,$0,$0,$0,$0,$2,$-2,$0,$0,$0,$-26,$-26,$-7,$-36,$-5,$-22,$-27,$0,$0,$-1,$82,$55,$21,$0,$-1
18,2014-03-31,21.81,$25.96,0.84,$13.39,1.63,$3.94,5.54,$1.95,11.18,$0.38B,$0.47B,0.8,$0.02B,$0.04B,0.37,$0.02B,$0.02B,83.33%,$0.02B,$0.00B,16.67%,$0.02B,0,0.00%,$0.02B,0,0.00%,$0.02B,$0.00B,16.67%,$0.02B,$0.00B,16.67%,$0.00B,$0.05B,8.60%,$0.00B,$0.04B,9.64%,$0.00B,$0.54B,0.76%,$0.00B,$0.06B,5.61%,$6,$1,$5,$0,$4,$5,$1,$0,$1,$0,$1,$1,$1,$0,$0,$2,2,$0.46,$0.46,$32,$0,$0,$378,$13,$122,$5,$17,$157,$535,$474,$15,$0,$15,$489,$2,$24,$-3,$46,$535,$1,$0,$-0,$-0,$0,$0,$0,$-0,$-1,$0,$-1,$0,$0,$0,$-4,$-4,$9,$4,$-5,$-22,$-27,$0,$0,$-0,$35,$8,$12,$0,$-0
19,2013-12-31,21.21,$25.48,0.83,$13.23,1.6,$4.71,4.5,$1.91,11.11,$0.38B,$0.44B,0.86,$0.04B,$0.04B,1.1,$0.02B,$0.02B,83.33%,$0.02B,$0.00B,16.67%,$0.02B,0,0.00%,$0.02B,0,0.00%,$0.02B,$0.00B,16.67%,$0.02B,$0.00B,16.67%,$0.00B,$0.05B,8.33%,$0.00B,$0.04B,9.30%,$0.00B,$0.53B,0.76%,$0.00B,$0.09B,5.41%,$6,$1,$5,$0,$4,$5,$1,$0,$1,$0,$1,$1,$1,$0,$0,$2,2,$0.49,$0.49,$21,$0,$0,$375,$12,$117,$5,$17,$151,$526,$437,$44,$0,$44,$481,$2,$24,$-3,$45,$526,$4,$1,$0,$2,$0,$0,$0,$1,$1,$7,$-4,$0,$0,$0,$-3,$-3,$-21,$-27,$0,$24,$24,$0,$-5,$-2,$-0,$17,$-4,$0,$-2
20,2013-09-30,21.72,$25.33,0.86,$13.34,1.63,$4.02,5.41,$1.74,12.48,$0.37B,$0.46B,0.8,$0.02B,$0.04B,0.5,$0.02B,$0.02B,83.33%,$0.02B,$0.00B,16.67%,$0.02B,0,0.00%,$0.02B,0,0.00%,$0.02B,$0.00B,16.67%,$0.02B,$0.00B,16.67%,$0.00B,$0.05B,8.04%,$0.00B,$0.04B,8.94%,$0.00B,$0.53B,0.77%,$0.00B,$0.07B,5.73%,$6,$1,$5,$0,$4,$5,$1,$0,$1,$0,$1,$1,$1,$0,$0,$2,2,$0.55,$0.54,$18,$0,$0,$368,$11,$125,$5,$17,$159,$526,$462,$20,$0,$20,$482,$2,$23,$-3,$45,$526,$3,$1,$0,$1,$0,$0,$0,$1,$1,$5,$-3,$0,$0,$0,$-10,$-10,$-16,$-28,$0,$27,$27,$0,$-5,$-1,$-3,$17,$-6,$0,$-1
21,2013-06-30,20.51,$26.62,0.77,$13.84,1.48,$4.16,4.94,$1.51,13.58,$0.35B,$0.46B,0.76,$0.02B,$0.04B,0.51,$0.03B,$0.02B,80.00%,$0.03B,$0.00B,16.00%,$0.03B,0,0.00%,$0.03B,0,0.00%,$0.03B,$0.00B,16.00%,$0.03B,$0.00B,16.00%,$0.00B,$0.05B,7.77%,$0.00B,$0.05B,8.60%,$0.00B,$0.53B,0.77%,$0.00B,$0.07B,5.59%,$6,$1,$5,$0,$4,$5,$1,$0,$1,$0,$1,$1,$1,$0,$0,$2,2,$0.46,$0.46,$15,$0,$0,$351,$11,$146,$5,$17,$179,$530,$460,$20,$0,$20,$480,$2,$23,$-3,$50,$530,$2,$1,$0,$1,$0,$0,$0,$1,$1,$4,$-2,$0,$0,$0,$-30,$-30,$-2,$-34,$0,$6,$6,$0,$0,$-1,$17,$22,$-9,$0,$-1
22,2013-03-31,19.75,$29.44,0.67,$14.28,1.38,$4.45,4.44,$1.70,11.62,$0.37B,$0.44B,0.83,$0.02B,$0.04B,0.48,$0.03B,$0.02B,76.92%,$0.03B,$0.01B,19.23%,$0.03B,0,0.00%,$0.03B,0,0.00%,$0.03B,$0.01B,19.23%,$0.03B,$0.00B,15.38%,$0.00B,$0.05B,7.69%,$0.00B,$0.05B,8.51%,$0.00B,$0.51B,0.76%,$0.01B,$0.07B,6.94%,$6,$1,$5,$0,$4,$5,$1,$0,$1,$0,$1,$1,$1,$0,$0,$2,2,$0.42,$0.42,$26,$0,$0,$367,$9,$116,$5,$16,$147,$514,$442,$20,$0,$20,$462,$2,$22,$0,$52,$514,$1,$0,$0,$0,$0,$0,$0,$0,$-0,$1,$-0,$0,$0,$0,$3,$3,$-6,$-2,$0,$0,$0,$0,$0,$-0,$5,$4,$3,$0,$-0
23,2012-12-31,17.04,$29.41,0.58,$14.64,1.16,$4.44,3.84,$1.80,9.46,$0.36B,$0.44B,0.82,$0.02B,$0.04B,0.48,$0.03B,$0.02B,76.92%,$0.03B,$0.01B,19.23%,$0.03B,0,0.00%,$0.03B,0,0.00%,$0.03B,$0.01B,19.23%,$0.03B,$0.00B,15.38%,$0.00B,$0.05B,7.73%,$0.00B,$0.05B,8.56%,$0.00B,$0.51B,0.76%,$0.01B,$0.07B,6.97%,$6,$1,$5,$0,$4,$5,$1,$0,$1,$0,$1,$1,$1,$0,$0,$2,2,$0.32,$0.32,$23,$0,$0,$359,$9,$120,$5,$16,$150,$509,$437,$20,$0,$20,$457,$2,$22,$1,$52,$509,$4,$1,$1,$2,$0,$0,$0,$-4,$-4,$2,$-0,$0,$0,$0,$3,$3,$-27,$-24,$0,$0,$0,$0,$0,$-2,$16,$14,$-8,$0,$-2
24,2012-09-30,18.1,$28.14,0.64,$15.00,1.21,$7.27,2.49,$2.07,8.74,$0.36B,$0.46B,0.79,$0.02B,$0.04B,0.47,$0.03B,$0.02B,76.92%,$0.03B,$0.01B,19.23%,$0.03B,0,0.00%,$0.03B,0,0.00%,$0.03B,$0.01B,19.23%,$0.03B,$0.00B,15.38%,$0.00B,$0.05B,7.77%,$0.00B,$0.05B,8.65%,$0.00B,$0.53B,0.77%,$0.01B,$0.07B,6.99%,$7,$1,$5,$0,$5,$6,$1,$0,$1,$0,$1,$1,$1,$0,$0,$2,2,$0.31,$0.31,$26,$0,$0,$359,$9,$144,$5,$13,$171,$530,$458,$20,$0,$20,$478,$2,$22,$1,$52,$530,$3,$1,$0,$1,$0,$0,$0,$-1,$-1,$3,$-0,$0,$0,$0,$-19,$-19,$-24,$-44,$0,$0,$0,$0,$0,$-1,$37,$36,$-5,$0,$-1
25,2012-06-30,15.96,$29.60,0.54,$14.72,1.08,$8.21,1.94,$2.25,7.09,$0.36B,$0.47B,0.77,$0.02B,$0.04B,0.48,$0.03B,$0.02B,80.00%,$0.03B,$0.01B,20.00%,$0.03B,0,0.00%,$0.03B,0,0.00%,$0.03B,$0.01B,20.00%,$0.03B,$0.00B,16.00%,$0.00B,$0.05B,7.84%,$0.00B,$0.05B,8.74%,$0.00B,$0.54B,0.79%,$0.01B,$0.07B,7.04%,$7,$1,$5,$0,$4,$5,$2,$0,$2,$0,$1,$1,$1,$0,$0,$2,2,$0.65,$0.65,$30,$0,$0,$358,$9,$159,$5,$9,$182,$540,$468,$20,$0,$20,$488,$2,$21,$1,$52,$540,$2,$1,$-1,$-0,$0,$0,$0,$-0,$-0,$2,$0,$0,$0,$0,$-36,$-36,$-14,$-49,$0,$0,$0,$0,$0,$-1,$47,$46,$-1,$0,$-1
26,2012-03-31,14.72,$29.08,0.51,$14.66,1.0,$9.13,1.61,$2.03,7.25,$0.36B,$0.44B,0.8,$0.02B,$0.04B,0.49,$0.03B,$0.02B,80.00%,$0.03B,$0.00B,16.00%,$0.03B,0,0.00%,$0.03B,0,0.00%,$0.03B,$0.00B,16.00%,$0.03B,$0.00B,16.00%,$0.00B,$0.05B,8.12%,$0.00B,$0.05B,9.09%,$0.00B,$0.51B,0.80%,$0.00B,$0.07B,5.78%,$6,$1,$5,$0,$4,$5,$1,$0,$1,$0,$1,$1,$1,$0,$0,$2,2,$0.52,$0.52,$33,$0,$0,$355,$9,$135,$5,$9,$158,$513,$442,$20,$0,$20,$462,$2,$21,$1,$51,$513,$1,$0,$-0,$0,$0,$0,$0,$-0,$-0,$1,$0,$0,$0,$0,$-12,$-12,$-8,$-20,$0,$0,$0,$0,$0,$-0,$21,$21,$2,$0,$-0
27,2011-12-31,12.5,$28.97,0.43,$15.22,0.82,$9.99,1.25,$1.98,6.31,$0.35B,$0.42B,0.82,$0.02B,$0.04B,0.49,$0.03B,$0.02B,80.00%,$0.03B,$0.00B,16.00%,$0.03B,0,0.00%,$0.03B,0,0.00%,$0.03B,$0.00B,16.00%,$0.03B,$0.00B,16.00%,$0.00B,$0.05B,8.42%,$0.00B,$0.05B,9.47%,$0.00B,$0.49B,0.80%,$0.00B,$0.07B,5.82%,$6,$1,$5,$0,$3,$5,$1,$0,$1,$0,$1,$1,$1,$0,$0,$2,2,$0.59,$0.59,$32,$0,$0,$346,$9,$123,$5,$8,$146,$492,$421,$20,$0,$20,$441,$2,$20,$1,$51,$492,$4,$1,$0,$2,$0,$0,$0,$2,$1,$7,$-0,$0,$0,$0,$7,$7,$-7,$0,$-5,$-5,$-10,$5,$7,$-2,$7,$2,$9,$0,$-2
28,2011-09-30,12.68,$28.69,0.44,$15.81,0.8,$7.34,1.73,$1.72,7.37,$0.34B,$0.42B,0.8,$0.02B,$0.04B,0.5,$0.03B,$0.02B,80.00%,$0.03B,$0.00B,16.00%,$0.03B,0,0.00%,$0.03B,0,0.00%,$0.03B,$0.00B,16.00%,$0.03B,$0.00B,12.00%,$0.00B,$0.05B,6.74%,$0.00B,$0.05B,7.64%,$0.00B,$0.49B,0.61%,$0.00B,$0.07B,5.97%,$6,$1,$5,$0,$3,$5,$1,$0,$1,$0,$1,$1,$1,$0,$0,$2,2,$0.49,$0.49,$31,$0,$0,$339,$9,$130,$5,$9,$153,$492,$422,$20,$0,$20,$442,$2,$19,$2,$50,$492,$3,$1,$-0,$1,$0,$0,$0,$0,$1,$5,$0,$0,$0,$0,$0,$0,$-1,$-1,$-10,$0,$-10,$5,$7,$-1,$8,$4,$8,$0,$-1
29,2011-06-30,12.76,$25.83,0.49,$17.06,0.75,$5.27,2.42,$1.82,7.01,$0.36B,$0.45B,0.79,$0.02B,$0.04B,0.53,$0.03B,$0.02B,76.92%,$0.03B,$0.00B,15.38%,$0.03B,0,0.00%,$0.03B,0,0.00%,$0.03B,$0.00B,15.38%,$0.03B,$0.00B,11.54%,$0.00B,$0.05B,7.10%,$0.00B,$0.04B,8.16%,$0.00B,$0.52B,0.61%,$0.00B,$0.07B,6.06%,$7,$2,$5,$0,$4,$5,$1,$0,$1,$0,$1,$1,$1,$0,$0,$2,2,$0.43,$0.43,$50,$0,$0,$357,$9,$135,$5,$9,$159,$515,$450,$20,$0,$20,$470,$2,$19,$-0,$45,$515,$2,$1,$-0,$1,$0,$0,$0,$1,$1,$3,$0,$0,$0,$0,$-8,$-8,$0,$-7,$-5,$0,$-5,$5,$5,$-1,$32,$31,$27,$0,$-1
30,2011-03-31,13.12,$25.25,0.52,$17.96,0.73,$3.15,4.16,$1.91,6.87,$0.35B,$0.42B,0.82,$0.03B,$0.04B,0.68,$0.03B,$0.02B,76.92%,$0.03B,$0.00B,15.38%,$0.03B,0,0.00%,$0.03B,0,0.00%,$0.03B,$0.00B,15.38%,$0.03B,$0.00B,11.54%,$0.00B,$0.04B,7.36%,$0.00B,$0.04B,8.51%,$0.00B,$0.49B,0.62%,$0.00B,$0.07B,5.86%,$6,$2,$5,$0,$4,$5,$1,$0,$1,$0,$1,$1,$1,$0,$0,$1,1,$0.47,$0.47,$46,$0,$0,$348,$9,$121,$6,$10,$145,$493,$424,$25,$0,$25,$449,$2,$18,$-1,$44,$493,$1,$0,$0,$0,$0,$0,$0,$0,$1,$2,$0,$0,$0,$0,$5,$5,$6,$11,$0,$0,$0,$5,$5,$-0,$6,$11,$23,$0,$-0
31,2010-12-31,12.32,$26.85,0.46,$18.08,0.68,$2.19,5.62,$1.85,6.66,$0.33B,$0.42B,0.79,$0.03B,$0.03B,0.79,$0.03B,$0.02B,73.08%,$0.03B,$0.00B,15.38%,$0.03B,0,0.00%,$0.03B,0,0.00%,$0.03B,$0.00B,15.38%,$0.03B,$0.00B,11.54%,$0.00B,$0.04B,7.64%,$0.00B,$0.03B,8.96%,$0.00B,$0.48B,0.62%,$0.00B,$0.06B,5.78%,$6,$2,$5,$0,$4,$5,$1,$0,$1,$0,$1,$1,$0,$0,$0,$1,1,$0.33,$0.33,$23,$0,$0,$331,$9,$126,$6,$10,$151,$482,$418,$25,$0,$25,$443,$2,$18,$-1,$39,$482,$3,$2,$0,$2,$0,$0,$0,$-0,$-3,$3,$-1,$0,$0,$0,$-20,$-20,$-16,$-36,$-10,$0,$-10,$0,$0,$-1,$24,$14,$-20,$0,$-1
32,2010-09-30,12.33,$27.85,0.44,$18.38,0.67,$2.33,5.29,$1.78,6.92,$0.32B,$0.41B,0.79,$0.03B,$0.03B,0.76,$0.03B,$0.02B,70.37%,$0.03B,$0.00B,14.81%,$0.03B,0,0.00%,$0.03B,0,0.00%,$0.03B,$0.00B,14.81%,$0.03B,$0.00B,11.11%,$0.00B,$0.04B,7.74%,$0.00B,$0.04B,9.09%,$0.00B,$0.48B,0.63%,$0.00B,$0.07B,5.61%,$7,$2,$5,$0,$4,$6,$1,$0,$1,$0,$1,$1,$1,$0,$0,$1,1,$0.59,$0.59,$25,$0,$0,$324,$9,$130,$6,$9,$153,$478,$412,$25,$0,$25,$437,$2,$17,$1,$41,$478,$2,$1,$-0,$1,$0,$0,$0,$-0,$-2,$1,$-0,$0,$0,$0,$-21,$-21,$-6,$-28,$-10,$0,$-10,$0,$0,$-1,$18,$8,$-19,$0,$-1
33,2010-06-30,11.74,$27.10,0.43,$17.16,0.68,$1.92,6.12,$1.11,10.58,$0.33B,$0.41B,0.81,$0.04B,$0.03B,1.09,$0.03B,$0.02B,68.00%,$0.03B,$0.00B,12.00%,$0.03B,0,0.00%,$0.03B,0,0.00%,$0.03B,$0.00B,12.00%,$0.03B,$0.00B,8.00%,$0.00B,$0.04B,5.30%,$0.00B,$0.03B,6.25%,$0.00B,$0.49B,0.42%,$0.00B,$0.07B,4.12%,$7,$2,$5,$0,$4,$6,$1,$0,$1,$0,$1,$1,$1,$0,$0,$1,1,$0.52,$0.52,$39,$0,$0,$333,$9,$130,$6,$9,$154,$487,$413,$35,$0,$35,$448,$2,$17,$1,$39,$487,$2,$1,$0,$1,$0,$0,$0,$-0,$-2,$0,$-0,$0,$0,$0,$-23,$-23,$-1,$-23,$0,$0,$0,$0,$0,$-1,$19,$19,$-4,$0,$-1
34,2010-03-31,10.65,$26.37,0.4,$16.53,0.64,$1.54,6.9,$0.81,13.15,$0.33B,$0.41B,0.8,$0.04B,$0.03B,1.16,$0.02B,$0.02B,66.67%,$0.02B,$0.00B,8.33%,$0.02B,0,0.00%,$0.02B,0,0.00%,$0.02B,$0.00B,8.33%,$0.02B,$0.00B,4.17%,$0.00B,$0.04B,2.70%,$0.00B,$0.03B,3.13%,$0.00B,$0.48B,0.22%,$0.00B,$0.07B,2.78%,$6,$2,$4,$0,$3,$5,$1,$0,$1,$0,$1,$1,$1,$0,$0,$1,1,$0.41,$0.41,$32,$0,$0,$325,$9,$131,$6,$10,$156,$481,$408,$35,$0,$35,$443,$2,$16,$-0,$38,$481,$1,$0,$0,$0,$0,$0,$0,$-0,$-0,$1,$-0,$0,$0,$0,$-27,$-27,$1,$-26,$0,$0,$0,$0,$0,$-0,$14,$14,$-11,$0,$-0
35,2009-12-31,10.07,$25.88,0.39,$16.19,0.62,$1.14,8.86,$0.80,12.59,$0.34B,$0.40B,0.85,$0.04B,$0.03B,1.18,$0.02B,$0.02B,66.67%,$0.02B,$0.00B,8.33%,$0.02B,0,0.00%,$0.02B,0,0.00%,$0.02B,$0.00B,8.33%,$0.02B,$0.00B,4.17%,$0.00B,$0.04B,2.74%,$0.00B,$0.03B,3.05%,$0.00B,$0.47B,0.24%,$0.00B,$0.07B,2.80%,$7,$2,$5,$0,$4,$6,$1,$0,$1,$0,$0,$0,$0,$0,$0,$1,1,$0.26,$0.26,$43,$0,$0,$337,$9,$105,$6,$10,$130,$468,$395,$35,$0,$35,$430,$2,$16,$-0,$37,$468,$2,$1,$2,$3,$0,$0,$0,$-2,$-1,$3,$-1,$0,$55,$0,$-34,$-34,$2,$23,$0,$-8,$-8,$0,$0,$-1,$6,$-3,$22,$0,$-1
36,2009-09-30,12.31,$26.20,0.47,$16.10,0.76,$1.80,6.86,$0.54,22.8,$0.35B,$0.39B,0.91,$0.04B,$0.03B,1.16,$0.02B,$0.02B,65.22%,$0.02B,$0.00B,4.35%,$0.02B,0,0.00%,$0.02B,0,0.00%,$0.02B,$0.00B,4.35%,$0.02B,$0.00B,8.70%,$0.00B,$0.04B,5.52%,$0.00B,$0.03B,5.93%,$0.00B,$0.46B,0.50%,$0.00B,$0.07B,1.40%,$5,$2,$3,$0,$3,$5,$-0,$0,$-0,$-0,$-0,$-0,$-0,$0,$0,$1,1,$-0.08,$-0.08,$52,$0,$0,$352,$9,$84,$6,$8,$107,$459,$387,$35,$0,$35,$422,$2,$16,$0,$37,$459,$1,$1,$2,$2,$0,$0,$0,$-1,$-2,$1,$-1,$0,$55,$0,$-11,$-11,$-3,$40,$-8,$0,$-8,$0,$0,$-1,$-1,$-10,$31,$0,$-1
37,2009-06-30,12.86,$24.93,0.52,$16.83,0.76,$5.09,2.53,$0.62,20.74,$0.29B,$0.32B,0.92,$0.04B,$0.03B,1.24,$0.02B,$0.02B,65.22%,$0.02B,$0.00B,8.70%,$0.02B,0,0.00%,$0.02B,0,0.00%,$0.02B,$0.00B,8.70%,$0.02B,$0.00B,13.04%,$0.00B,$0.04B,9.02%,$0.00B,$0.03B,9.38%,$0.00B,$0.39B,0.80%,$0.00B,$0.07B,2.93%,$6,$2,$4,$0,$3,$5,$0,$0,$0,$0,$0,$0,$0,$0,$0,$1,1,$0.22,$0.22,$24,$0,$0,$294,$9,$77,$1,$8,$96,$391,$320,$35,$0,$35,$355,$2,$16,$-2,$36,$391,$1,$0,$1,$1,$0,$0,$0,$-1,$-2,$0,$-1,$0,$0,$0,$-7,$-7,$-5,$-13,$0,$11,$11,$0,$0,$-1,$5,$16,$4,$0,$-1
38,2009-03-31,15.26,$25.28,0.6,$16.83,0.91,$6.49,2.35,$0.40,38.14,$0.31B,$0.31B,1.0,$0.04B,$0.03B,1.22,$0.02B,$0.01B,63.64%,$0.02B,$0.00B,13.64%,$0.02B,0,0.00%,$0.02B,0,0.00%,$0.02B,$0.00B,13.64%,$0.02B,$0.00B,18.18%,$0.00B,$0.04B,13.11%,$0.00B,$0.04B,13.56%,$0.00B,$0.38B,1.10%,$0.00B,$0.07B,4.58%,$6,$2,$4,$0,$3,$5,$1,$0,$1,$0,$1,$1,$1,$0,$0,$1,1,$0.40,$0.40,$36,$0,$0,$311,$9,$53,$1,$8,$71,$382,$311,$35,$0,$35,$346,$2,$16,$-1,$36,$382,$1,$0,$0,$0,$0,$0,$0,$-0,$-1,$0,$-0,$0,$0,$0,$18,$18,$-10,$8,$0,$-1,$-1,$0,$0,$-1,$9,$7,$16,$0,$-1
39,2008-12-31,16.44,$25.24,0.65,$16.91,0.97,$6.67,2.46,0,0.0,$0.29B,$0.31B,0.94,$0.04B,$0.03B,1.22,$0.02B,$0.01B,61.90%,$0.02B,$0.00B,14.29%,$0.02B,0,0.00%,$0.02B,0,0.00%,$0.02B,$0.00B,14.29%,$0.02B,$0.00B,19.05%,$0.00B,$0.04B,14.41%,$0.00B,$0.04B,14.95%,$0.00B,$0.38B,1.15%,$0.00B,$0.07B,4.78%,$6,$2,$4,$0,$4,$6,$-0,$0,$-0,$-0,$-0,$-0,$1,$0,$0,$1,1,$0.44,$0.44,$20,$0,$0,$287,$9,$71,$1,$7,$89,$376,$305,$35,$0,$35,$340,$2,$16,$-1,$36,$376,$2,$1,$1,$2,$0,$0,$0,$-2,$-0,$4,$-1,$0,$0,$0,$-19,$-19,$-37,$-57,$0,$8,$8,$4,$11,$-2,$42,$60,$6,$0,$-2
40,2008-09-30,16.53,$20.02,0.83,$16.60,1.0,$6.95,2.38,0,0.0,$0.28B,$0.29B,0.96,$0.04B,$0.03B,1.38,$0.02B,$0.01B,60.00%,$0.02B,$0.00B,20.00%,$0.02B,0,0.00%,$0.02B,0,0.00%,$0.02B,$0.00B,20.00%,$0.02B,$0.00B,20.00%,$0.00B,$0.03B,16.00%,$0.00B,$0.02B,16.84%,$0.00B,$0.36B,1.21%,$0.00B,$0.06B,6.67%,$5,$2,$3,$0,$2,$5,$1,$0,$1,$0,$1,$1,$1,$0,$0,$1,1,$0.56,$0.56,$30,$0,$0,$283,$8,$58,$1,$7,$74,$357,$293,$35,$0,$35,$332,$2,$16,$-0,$25,$357,$2,$1,$1,$1,$-0,$0,$0,$-1,$2,$5,$-1,$0,$0,$0,$-6,$-6,$-22,$-29,$0,$8,$8,$0,$0,$-1,$34,$41,$17,$0,$-1
41,2008-06-30,17.51,$19.72,0.89,$16.42,1.07,$5.09,3.44,0,0.0,$0.26B,$0.28B,0.94,$0.04B,$0.03B,1.4,$0.02B,$0.01B,60.00%,$0.02B,$0.00B,20.00%,$0.02B,0,0.00%,$0.02B,0,0.00%,$0.02B,$0.00B,20.00%,$0.02B,$0.00B,20.00%,$0.00B,$0.03B,16.00%,$0.00B,$0.02B,17.02%,$0.00B,$0.34B,1.26%,$0.00B,$0.06B,6.81%,$5,$2,$3,$0,$2,$4,$1,$0,$1,$0,$1,$1,$1,$0,$0,$1,1,$0.43,$0.43,$14,$0,$0,$257,$8,$62,$1,$6,$78,$335,$275,$35,$0,$35,$310,$2,$15,$-0,$25,$335,$1,$0,$0,$1,$-0,$0,$0,$-0,$-0,$2,$-0,$0,$0,$0,$-10,$-10,$-13,$-23,$0,$8,$8,$0,$0,$-1,$15,$22,$1,$0,$-1
42,2008-03-31,17.81,$19.78,0.9,$16.52,1.08,$5.43,3.28,0,0.0,$0.25B,$0.26B,0.96,$0.04B,$0.03B,1.4,$0.02B,$0.01B,60.00%,$0.02B,$0.00B,20.00%,$0.02B,0,0.00%,$0.02B,0,0.00%,$0.02B,$0.00B,20.00%,$0.02B,$0.00B,20.00%,$0.00B,$0.03B,16.16%,$0.00B,$0.02B,17.20%,$0.00B,$0.32B,1.30%,$0.00B,$0.06B,6.99%,$5,$2,$3,$0,$2,$4,$1,$0,$1,$0,$1,$1,$1,$0,$0,$1,1,$0.44,$0.44,$18,$0,$0,$252,$8,$55,$1,$6,$71,$323,$262,$35,$0,$35,$297,$2,$15,$-0,$25,$323,$1,$0,$0,$0,$-0,$0,$0,$-0,$-0,$1,$-0,$0,$0,$0,$-3,$-3,$-3,$-6,$0,$3,$3,$0,$0,$-0,$7,$10,$4,$0,$-0
43,2007-12-31,17.09,$19.48,0.88,$16.41,1.04,$5.81,2.94,0,0.0,$0.24B,$0.25B,0.97,$0.04B,$0.03B,1.42,$0.02B,$0.01B,60.00%,$0.02B,$0.00B,20.00%,$0.02B,0,0.00%,$0.02B,0,0.00%,$0.02B,$0.00B,20.00%,$0.02B,$0.00B,20.00%,$0.00B,$0.03B,16.33%,$0.00B,$0.02B,17.39%,$0.00B,$0.31B,1.32%,$0.00B,$0.06B,7.17%,$5,$2,$3,$0,$2,$4,$1,$0,$1,$0,$1,$1,$1,$0,$0,$1,1,$0.55,$0.55,$13,$0,$0,$244,$8,$52,$1,$6,$67,$312,$252,$35,$0,$35,$287,$2,$15,$-0,$25,$312,$3,$1,$0,$1,$0,$0,$0,$-0,$-0,$3,$-0,$0,$0,$0,$0,$0,$-17,$-18,$5,$5,$10,$0,$0,$-2,$-0,$8,$-6,$0,$-2
44,2007-09-30,16.57,$19.53,0.85,$16.13,1.03,$3.44,4.82,0,0.0,$0.24B,$0.25B,0.96,$0.03B,$0.03B,1.21,$0.02B,$0.01B,60.00%,$0.02B,$0.00B,15.00%,$0.02B,0,0.00%,$0.02B,0,0.00%,$0.02B,$0.00B,15.00%,$0.02B,$0.00B,15.00%,$0.00B,$0.03B,12.37%,$0.00B,$0.02B,13.19%,$0.00B,$0.30B,1.00%,$0.00B,$0.06B,5.53%,$5,$2,$3,$0,$2,$4,$1,$0,$1,$0,$1,$1,$1,$0,$0,$1,1,$0.59,$0.59,$9,$0,$0,$237,$8,$49,$1,$6,$64,$301,$246,$30,$0,$30,$276,$2,$15,$-0,$25,$301,$2,$1,$-0,$1,$-0,$0,$0,$-0,$-0,$2,$-0,$0,$0,$0,$3,$3,$-14,$-11,$0,$8,$8,$0,$0,$-1,$-8,$-2,$-10,$0,$-1
45,2007-06-30,16.16,$18.92,0.85,$15.97,1.01,$2.93,5.51,0,0.0,$0.23B,$0.24B,0.94,$0.03B,$0.02B,1.25,$0.02B,$0.01B,60.00%,$0.02B,$0.00B,15.00%,$0.02B,0,0.00%,$0.02B,0,0.00%,$0.02B,$0.00B,15.00%,$0.02B,$0.00B,15.00%,$0.00B,$0.02B,12.50%,$0.00B,$0.02B,13.19%,$0.00B,$0.30B,1.01%,$0.00B,$0.05B,5.56%,$5,$2,$3,$0,$2,$4,$1,$0,$1,$0,$1,$1,$1,$0,$0,$1,1,$0.56,$0.56,$9,$0,$0,$230,$8,$53,$1,$6,$68,$298,$244,$30,$0,$30,$274,$2,$15,$-1,$24,$298,$1,$0,$-0,$0,$-0,$0,$0,$-0,$0,$2,$-0,$0,$0,$0,$-1,$-1,$-7,$-9,$0,$2,$2,$0,$0,$-1,$-5,$-4,$-11,$0,$-1
46,2007-03-31,17.25,$18.98,0.91,$15.59,1.11,$1.88,9.17,0,0.0,$0.23B,$0.25B,0.93,$0.03B,$0.02B,1.25,$0.02B,$0.01B,60.00%,$0.02B,$0.00B,15.00%,$0.02B,0,0.00%,$0.02B,0,0.00%,$0.02B,$0.00B,15.00%,$0.02B,$0.00B,15.00%,$0.00B,$0.02B,12.63%,$0.00B,$0.02B,13.33%,$0.00B,$0.30B,1.02%,$0.00B,$0.05B,5.85%,$5,$2,$3,$0,$2,$4,$1,$0,$1,$0,$1,$1,$1,$0,$0,$1,1,$0.43,$0.43,$13,$0,$0,$228,$8,$57,$1,$5,$72,$300,$246,$30,$0,$30,$276,$2,$15,$-0,$24,$300,$1,$0,$-0,$0,$0,$0,$0,$-0,$0,$1,$-0,$0,$0,$0,$-5,$-5,$0,$-5,$0,$0,$0,$0,$0,$-0,$-1,$-1,$-6,$0,$-0
47,2006-12-31,18.32,$18.86,0.97,$15.14,1.21,$1.51,12.16,0,0.0,$0.23B,$0.25B,0.95,$0.03B,$0.02B,1.25,$0.02B,$0.01B,63.16%,$0.02B,$0.00B,15.79%,$0.02B,0,0.00%,$0.02B,0,0.00%,$0.02B,$0.00B,15.79%,$0.02B,$0.00B,15.79%,$0.00B,$0.02B,12.63%,$0.00B,$0.02B,13.48%,$0.00B,$0.30B,1.04%,$0.00B,$0.05B,6.32%,$5,$2,$3,$0,$3,$5,$0,$0,$0,$0,$0,$0,$0,$0,$0,$1,1,$0.07,$0.07,$19,$0,$0,$234,$8,$52,$1,$6,$67,$301,$247,$30,$0,$30,$277,$2,$14,$-0,$24,$301,$2,$1,$-0,$1,$-0,$0,$0,$-0,$-0,$3,$-3,$0,$0,$0,$5,$5,$-22,$-19,$15,$-5,$11,$0,$0,$-1,$14,$23,$6,$0,$-1
