,Date,Stock Price,Book Value per Share,Price to Book Ratio,TTM Sales per Share,Price to Sales Ratio,TTM FCF per Share,Price to FCF Ratio,TTM Net EPS,PE Ratio,Current Assets,Current Liabilities,Current Ratio,Long Term Debt,Shareholder's Equity_x,Debt to Equity Ratio,TTM Revenue_x,TTM Gross Profit,Gross Margin,TTM Revenue_y,TTM Operating Income,Operating Margin,TTM Revenue_x,TTM EBIT,EBIT Margin,TTM Revenue_y,TTM EBITDA,EBITDA Margin,TTM Revenue_x,TTM Pre-Tax Income,Pre-Tax Margin,TTM Revenue_y,TTM Net Income_x,Net Margin,TTM Net Income_y,Shareholder's Equity_y,Return on Equity,TTM Net Income_x,Tangible Equity,Return on Tangible Equity,TTM Net Income_y,Total Assets,Return on Assets,TTM Net Income,LT Investments & Debt,Return on Investment,revenue,cost-goods-sold,gross-profit,research-development-expenses,selling-general-administrative-expenses,operating-expenses,operating-income,total-non-operating-income-expense,pre-tax-income,total-provision-income-taxes,income-after-taxes,income-from-continuous-operations,net-income,ebitda,ebit,basic-shares-outstanding,shares-outstanding,eps-basic-net-earnings-per-share,eps-earnings-per-share-diluted,cash-on-hand,inventory,other-current-assets,total-current-assets,net-property-plant-equipment,long-term-investments,goodwill-intangible-assets-total,other-long-term-assets,total-long-term-assets,total-assets,total-current-liabilities,long-term-debt,other-non-current-liabilities,total-long-term-liabilities,total-liabilities,common-stock-net,retained-earnings-accumulated-deficit,comprehensive-income,total-share-holder-equity,total-liabilities-share-holders-equity,net-income-loss,total-depreciation-amortization-cash-flow,other-non-cash-items,total-non-cash-items,change-in-accounts-receivable,change-in-inventories,change-in-accounts-payable,change-in-assets-liabilities,total-change-in-assets-liabilities,cash-flow-from-operating-activities,net-change-in-property-plant-equipment,net-change-in-intangible-assets,net-acquisitions-divestitures,net-change-in-short-term-investments,net-change-in-long-term-investments,net-change-in-investments-total,investing-activities-other,cash-flow-from-investing-activities,net-long-term-debt,net-current-debt,debt-issuance-retirement-net-total,net-common-equity-issued-repurchased,net-total-equity-issued-repurchased,total-common-preferred-stock-dividends-paid,financial-activities-other,cash-flow-from-financial-activities,net-cash-flow,stock-based-compensation,common-stock-dividends-paid
0,2018-09-30,24.72,$26.63,0.93,$32.11,0.77,$6.80,3.63,$1.88,13.15,$0.05B,$1.06B,0.05,$0.03B,$0.58B,0.04,$0.69B,$0.16B,23.08%,$0.69B,$0.04B,6.10%,$0.69B,$0.04B,6.10%,$0.69B,$0.04B,6.10%,$0.69B,$0.04B,5.81%,$0.69B,$0.04B,5.81%,$0.04B,$0.58B,6.87%,$0.04B,$0.57B,6.88%,$0.04B,$1.70B,2.39%,$0.04B,$0.60B,6.91%,$189,$135,$54,$0,$29,$165,$25,$-0,$24,$5,$19,$19,$19,$25,$25,$22,22,$0.89,$0.89,$0,$0,$0,$53,$0,$1551,$1,$48,$1648,$1701,$1064,$25,$31,$63,$1126,$22,$441,$-15,$575,$1701,$14,$0,$-0,$-0,$-2,$0,$35,$15,$47,$61,$0,$0,$0,$-10,$-39,$-50,$0,$-50,$0,$0,$0,$3,$3,$-14,$0,$-11,$-0,$0,$-14
1,2018-06-30,27.78,$26.39,1.05,$31.16,0.89,$6.34,4.38,$1.02,27.24,$0.06B,$1.03B,0.05,$0.03B,$0.57B,0.05,$0.67B,$0.13B,19.79%,$0.67B,$0.02B,2.55%,$0.67B,$0.02B,2.55%,$0.67B,$0.02B,2.55%,$0.67B,$0.02B,2.40%,$0.67B,$0.02B,3.30%,$0.02B,$0.57B,3.78%,$0.02B,$0.57B,3.79%,$0.02B,$1.66B,1.32%,$0.02B,$0.59B,2.80%,$167,$144,$23,$0,$29,$174,$-8,$-0,$-8,$-3,$-5,$-5,$-5,$-8,$-8,$22,22,$-0.24,$-0.24,$0,$0,$0,$56,$0,$1518,$1,$41,$1604,$1659,$1031,$26,$26,$60,$1091,$22,$426,$-6,$568,$1659,$-5,$0,$12,$12,$-0,$0,$9,$14,$16,$23,$0,$0,$0,$0,$-16,$-15,$0,$-15,$0,$0,$0,$2,$2,$-9,$0,$-8,$-0,$0,$-9
2,2018-03-31,26.85,$27.02,0.99,$31.20,0.86,$6.32,4.25,$1.52,17.66,$0.06B,$1.01B,0.06,$0.03B,$0.58B,0.04,$0.67B,$0.15B,21.80%,$0.67B,$0.03B,4.81%,$0.67B,$0.03B,4.81%,$0.67B,$0.03B,4.81%,$0.67B,$0.03B,4.66%,$0.67B,$0.03B,4.96%,$0.03B,$0.58B,5.66%,$0.03B,$0.58B,5.67%,$0.03B,$1.67B,1.99%,$0.03B,$0.61B,5.25%,$163,$136,$28,$0,$27,$164,$-0,$-0,$-1,$-0,$-0,$-0,$-0,$-0,$-0,$22,22,$-0.00,$-0.00,$0,$0,$0,$55,$0,$1529,$1,$37,$1610,$1665,$1006,$25,$43,$78,$1084,$22,$436,$-2,$581,$1665,$-0,$0,$5,$5,$0,$0,$1,$-3,$-2,$3,$0,$0,$0,$2,$-5,$-3,$3,$-0,$0,$0,$0,$2,$2,$-5,$0,$-3,$0,$0,$-5
3,2017-12-31,28.22,$28.14,1.0,$30.93,0.91,$5.99,4.71,$1.84,15.34,$0.05B,$1.00B,0.05,$0.03B,$0.60B,0.04,$0.66B,$0.15B,23.25%,$0.66B,$0.04B,6.23%,$0.66B,$0.04B,6.23%,$0.66B,$0.04B,6.23%,$0.66B,$0.04B,6.08%,$0.66B,$0.04B,6.08%,$0.04B,$0.60B,6.91%,$0.04B,$0.60B,6.92%,$0.04B,$1.68B,2.44%,$0.04B,$0.63B,6.78%,$170,$117,$54,$0,$28,$146,$25,$-0,$25,$-2,$26,$26,$26,$25,$25,$21,21,$1.23,$1.23,$0,$0,$0,$50,$0,$1552,$1,$38,$1632,$1682,$1000,$25,$37,$78,$1078,$21,$374,$83,$604,$1682,$39,$0,$-7,$-7,$-10,$0,$13,$23,$16,$59,$0,$0,$0,$16,$-66,$-50,$4,$-47,$0,$0,$0,$6,$6,$-18,$0,$-12,$0,$0,$-18
4,2017-09-30,27.49,$26.90,1.02,$30.95,0.89,$7.20,3.82,$1.62,16.97,$0.05B,$1.02B,0.05,$0.03B,$0.58B,0.04,$0.66B,$0.16B,23.93%,$0.66B,$0.05B,6.86%,$0.66B,$0.05B,6.86%,$0.66B,$0.05B,6.86%,$0.66B,$0.04B,6.71%,$0.66B,$0.04B,5.34%,$0.04B,$0.58B,6.18%,$0.04B,$0.57B,6.19%,$0.04B,$1.67B,2.16%,$0.05B,$0.60B,7.56%,$167,$140,$27,$0,$26,$168,$-0,$-0,$-0,$-1,$1,$1,$1,$-0,$-0,$21,21,$0.03,$0.03,$0,$0,$0,$48,$0,$1542,$1,$36,$1623,$1671,$1019,$25,$31,$77,$1096,$21,$367,$64,$575,$1671,$13,$0,$-3,$-3,$-5,$0,$38,$13,$40,$50,$0,$0,$0,$14,$-58,$-44,$4,$-40,$0,$0,$0,$4,$4,$-13,$0,$-10,$0,$0,$-13
5,2017-06-30,26.92,$26.84,1.0,$30.83,0.87,$8.42,3.2,$1.79,15.04,$0.04B,$0.98B,0.04,$0.03B,$0.57B,0.05,$0.65B,$0.16B,25.04%,$0.65B,$0.05B,7.68%,$0.65B,$0.05B,7.68%,$0.65B,$0.05B,7.68%,$0.65B,$0.05B,7.53%,$0.65B,$0.04B,5.84%,$0.04B,$0.57B,6.75%,$0.04B,$0.57B,6.76%,$0.04B,$1.62B,2.36%,$0.05B,$0.60B,8.43%,$165,$130,$36,$0,$28,$158,$7,$-0,$7,$2,$6,$6,$6,$7,$7,$21,21,$0.26,$0.26,$0,$0,$0,$40,$0,$1509,$1,$31,$1582,$1622,$978,$30,$24,$72,$1050,$21,$370,$59,$572,$1622,$12,$0,$-3,$-3,$0,$0,$11,$5,$13,$22,$0,$0,$0,$4,$-23,$-19,$4,$-16,$0,$0,$0,$2,$2,$-9,$0,$-6,$0,$0,$-9
6,2017-03-31,26.99,$26.57,1.02,$30.69,0.88,$9.45,2.86,$1.82,14.83,$0.04B,$0.96B,0.04,$0.03B,$0.56B,0.04,$0.65B,$0.16B,25.23%,$0.65B,$0.05B,7.89%,$0.65B,$0.05B,7.89%,$0.65B,$0.05B,7.89%,$0.65B,$0.05B,7.74%,$0.65B,$0.04B,5.88%,$0.04B,$0.56B,6.78%,$0.04B,$0.56B,6.79%,$0.04B,$1.59B,2.36%,$0.05B,$0.59B,8.61%,$156,$120,$36,$0,$27,$147,$9,$-0,$8,$2,$7,$7,$7,$9,$9,$21,21,$0.32,$0.32,$0,$0,$0,$41,$0,$1482,$1,$28,$1551,$1592,$955,$25,$28,$72,$1027,$21,$369,$54,$564,$1592,$7,$0,$-0,$-0,$-0,$0,$2,$-13,$-10,$-4,$0,$0,$0,$14,$-10,$5,$4,$8,$0,$0,$0,$0,$0,$-4,$0,$-4,$0,$0,$-4
7,2016-12-31,28.64,$26.07,1.1,$30.75,0.93,$9.91,2.89,$2.20,13.02,$0.04B,$0.95B,0.05,$0.04B,$0.55B,0.07,$0.64B,$0.18B,27.17%,$0.64B,$0.06B,9.78%,$0.64B,$0.06B,9.78%,$0.64B,$0.06B,9.78%,$0.64B,$0.06B,9.78%,$0.64B,$0.05B,7.14%,$0.05B,$0.55B,8.25%,$0.05B,$0.55B,8.27%,$0.05B,$1.59B,2.87%,$0.06B,$0.59B,10.70%,$168,$111,$58,$0,$28,$139,$29,$-0,$29,$8,$21,$21,$21,$29,$29,$21,21,$1.01,$1.01,$0,$0,$0,$44,$0,$1477,$1,$26,$1545,$1589,$948,$36,$37,$87,$1035,$21,$367,$46,$553,$1589,$46,$0,$-4,$-4,$3,$0,$5,$13,$29,$83,$0,$0,$0,$-1,$-74,$-75,$-3,$-78,$0,$0,$0,$11,$11,$-16,$0,$-6,$0,$0,$-16
8,2016-09-30,25.51,$26.67,0.96,$29.88,0.85,$10.09,2.53,$1.67,15.27,$0.04B,$0.99B,0.04,$0.03B,$0.56B,0.05,$0.62B,$0.16B,24.88%,$0.62B,$0.05B,7.70%,$0.62B,$0.05B,7.70%,$0.62B,$0.05B,7.70%,$0.62B,$0.05B,7.70%,$0.62B,$0.04B,5.62%,$0.04B,$0.56B,6.36%,$0.04B,$0.56B,6.37%,$0.04B,$1.64B,2.20%,$0.05B,$0.59B,8.27%,$162,$130,$33,$0,$27,$157,$5,$-0,$5,$1,$4,$4,$4,$5,$5,$21,21,$0.20,$0.20,$0,$0,$0,$43,$0,$1521,$1,$28,$1595,$1638,$985,$29,$35,$90,$1075,$21,$350,$76,$562,$1638,$25,$0,$-1,$-1,$2,$0,$33,$16,$51,$75,$0,$0,$0,$-4,$-66,$-70,$0,$-70,$0,$0,$0,$7,$7,$-12,$0,$-5,$0,$0,$-12
9,2016-06-30,26.08,$26.81,0.97,$30.15,0.86,$10.53,2.48,$2.01,12.97,$0.04B,$0.95B,0.04,$0.04B,$0.56B,0.06,$0.63B,$0.17B,26.36%,$0.63B,$0.06B,9.42%,$0.63B,$0.06B,9.42%,$0.63B,$0.06B,9.42%,$0.63B,$0.06B,9.42%,$0.63B,$0.04B,6.71%,$0.04B,$0.56B,7.78%,$0.04B,$0.56B,7.79%,$0.04B,$1.63B,2.67%,$0.06B,$0.60B,10.34%,$160,$124,$36,$0,$28,$152,$8,$-0,$8,$2,$6,$6,$6,$8,$8,$21,21,$0.29,$0.29,$1,$0,$0,$42,$0,$1518,$1,$27,$1587,$1629,$951,$35,$50,$115,$1066,$21,$350,$78,$564,$1629,$21,$0,$-0,$-0,$1,$0,$9,$6,$18,$44,$0,$0,$0,$-29,$-12,$-41,$0,$-41,$0,$0,$0,$6,$6,$-8,$0,$-2,$0,$0,$-8
10,2016-03-31,23.96,$26.31,0.91,$30.22,0.79,$10.65,2.25,$2.14,11.19,$0.04B,$0.93B,0.04,$0.03B,$0.55B,0.05,$0.63B,$0.17B,27.04%,$0.63B,$0.06B,10.08%,$0.63B,$0.06B,10.08%,$0.63B,$0.06B,10.08%,$0.63B,$0.06B,10.08%,$0.63B,$0.05B,7.20%,$0.05B,$0.55B,8.53%,$0.05B,$0.55B,8.54%,$0.05B,$1.56B,2.92%,$0.06B,$0.58B,11.32%,$154,$106,$48,$0,$26,$133,$21,$-0,$21,$6,$15,$15,$15,$21,$21,$21,21,$0.70,$0.70,$1,$0,$0,$40,$0,$1447,$1,$31,$1520,$1560,$932,$25,$22,$77,$1009,$21,$348,$70,$551,$1560,$15,$0,$-0,$-0,$3,$0,$0,$-18,$-9,$6,$0,$0,$0,$-10,$4,$-5,$0,$-5,$0,$0,$0,$4,$4,$-4,$0,$-0,$0,$0,$-4
11,2015-12-31,23.45,$25.26,0.93,$30.29,0.77,$10.65,2.2,$2.43,9.64,$0.04B,$0.93B,0.05,$0.03B,$0.53B,0.06,$0.62B,$0.18B,28.41%,$0.62B,$0.07B,11.56%,$0.62B,$0.07B,11.56%,$0.62B,$0.07B,11.56%,$0.62B,$0.07B,11.56%,$0.62B,$0.05B,8.03%,$0.05B,$0.53B,9.58%,$0.05B,$0.52B,9.60%,$0.05B,$1.54B,3.26%,$0.07B,$0.56B,13.08%,$147,$109,$38,$0,$23,$133,$14,$-0,$14,$4,$10,$10,$10,$14,$14,$21,21,$0.47,$0.47,$0,$0,$0,$44,$0,$1427,$1,$24,$1492,$1536,$927,$31,$34,$84,$1011,$21,$337,$58,$525,$1536,$50,$0,$-7,$-7,$4,$0,$7,$15,$28,$86,$0,$0,$0,$15,$-79,$-64,$-17,$-81,$0,$0,$0,$9,$9,$-14,$0,$-5,$-0,$0,$-14
12,2015-09-30,21.35,$25.09,0.85,$30.56,0.7,$11.04,1.93,$2.75,7.77,$0.05B,$0.96B,0.05,$0.03B,$0.52B,0.06,$0.63B,$0.19B,30.03%,$0.63B,$0.08B,13.10%,$0.63B,$0.08B,13.10%,$0.63B,$0.08B,13.10%,$0.63B,$0.08B,13.10%,$0.63B,$0.06B,8.95%,$0.06B,$0.52B,10.85%,$0.06B,$0.52B,10.87%,$0.06B,$1.56B,3.68%,$0.08B,$0.55B,15.03%,$165,$122,$43,$0,$26,$149,$16,$-0,$16,$5,$11,$11,$11,$16,$16,$21,21,$0.54,$0.54,$1,$0,$0,$47,$0,$1432,$1,$31,$1509,$1556,$956,$32,$28,$79,$1036,$21,$331,$61,$520,$1556,$40,$0,$-13,$-13,$3,$0,$32,$13,$47,$83,$0,$0,$0,$20,$-84,$-64,$-17,$-80,$0,$0,$0,$8,$8,$-10,$0,$-2,$0,$0,$-10
13,2015-06-30,22.89,$24.95,0.92,$30.01,0.76,$10.34,2.21,$2.31,9.89,$0.04B,$0.92B,0.05,$0.03B,$0.52B,0.05,$0.61B,$0.17B,28.27%,$0.61B,$0.07B,11.11%,$0.61B,$0.07B,11.11%,$0.61B,$0.07B,11.11%,$0.61B,$0.07B,11.11%,$0.61B,$0.05B,7.68%,$0.05B,$0.52B,9.26%,$0.05B,$0.51B,9.27%,$0.05B,$1.52B,3.12%,$0.07B,$0.54B,12.70%,$159,$119,$40,$0,$27,$147,$12,$-0,$12,$3,$9,$9,$9,$12,$12,$21,21,$0.42,$0.42,$0,$0,$0,$44,$0,$1406,$1,$27,$1476,$1520,$922,$26,$32,$82,$1005,$21,$323,$66,$515,$1520,$29,$0,$-4,$-4,$3,$0,$10,$4,$21,$45,$0,$0,$0,$21,$-49,$-28,$-17,$-45,$0,$0,$0,$6,$6,$-7,$0,$-1,$-0,$0,$-7
14,2015-03-31,20.42,$25.65,0.8,$29.61,0.69,$9.91,2.06,$1.95,10.49,$0.03B,$0.90B,0.03,$0.03B,$0.53B,0.05,$0.60B,$0.16B,26.46%,$0.60B,$0.06B,9.32%,$0.60B,$0.06B,9.32%,$0.60B,$0.06B,9.32%,$0.60B,$0.06B,9.32%,$0.60B,$0.04B,6.49%,$0.04B,$0.53B,7.79%,$0.04B,$0.53B,7.80%,$0.04B,$1.51B,2.62%,$0.06B,$0.55B,10.59%,$152,$96,$56,$0,$25,$122,$30,$-0,$30,$10,$20,$20,$20,$30,$30,$20,20,$1.00,$1.00,$0,$0,$0,$30,$0,$1406,$1,$36,$1484,$1514,$903,$25,$19,$84,$987,$14,$318,$85,$527,$1514,$20,$0,$-2,$-2,$1,$0,$2,$-26,$-13,$6,$0,$0,$0,$6,$-12,$-6,$0,$-6,$0,$0,$0,$4,$4,$-3,$0,$1,$0,$0,$-3
15,2014-12-31,21.26,$24.72,0.86,$29.46,0.72,$9.74,2.18,$1.48,14.36,$0.03B,$0.90B,0.03,$0.03B,$0.50B,0.07,$0.60B,$0.14B,24.03%,$0.60B,$0.04B,6.89%,$0.60B,$0.04B,6.89%,$0.60B,$0.04B,6.89%,$0.60B,$0.04B,6.89%,$0.60B,$0.03B,5.04%,$0.03B,$0.50B,6.14%,$0.03B,$0.50B,6.16%,$0.03B,$1.50B,2.05%,$0.04B,$0.54B,7.94%,$150,$101,$49,$0,$24,$126,$24,$-0,$24,$8,$16,$16,$16,$24,$24,$20,20,$0.79,$0.79,$0,$0,$0,$31,$0,$1394,$1,$32,$1467,$1498,$904,$34,$29,$91,$995,$20,$301,$82,$503,$1498,$30,$0,$-5,$-5,$2,$0,$11,$46,$62,$92,$0,$0,$0,$3,$-89,$-87,$0,$-87,$0,$0,$0,$7,$7,$-13,$0,$-5,$0,$0,$-13
16,2014-09-30,17.18,$23.93,0.72,$29.76,0.58,$9.62,1.79,$1.49,11.55,$0.04B,$0.93B,0.04,$0.03B,$0.49B,0.05,$0.60B,$0.14B,23.83%,$0.60B,$0.04B,6.71%,$0.60B,$0.04B,6.71%,$0.60B,$0.04B,6.71%,$0.60B,$0.04B,6.71%,$0.60B,$0.03B,5.03%,$0.03B,$0.49B,6.30%,$0.03B,$0.49B,6.31%,$0.03B,$1.50B,2.10%,$0.04B,$0.51B,7.92%,$151,$123,$28,$0,$25,$149,$2,$-0,$2,$-0,$2,$2,$2,$2,$2,$20,20,$0.11,$0.11,$0,$0,$0,$39,$0,$1376,$1,$43,$1463,$1501,$927,$25,$40,$89,$1015,$14,$288,$78,$486,$1501,$14,$0,$-4,$-4,$-1,$0,$32,$32,$58,$67,$0,$0,$0,$-14,$-51,$-65,$0,$-65,$0,$0,$0,$7,$7,$-9,$0,$-2,$0,$0,$-9
17,2014-06-30,18.16,$24.03,0.76,$29.65,0.61,$9.19,1.98,$1.75,10.4,$0.04B,$0.89B,0.05,$0.03B,$0.49B,0.06,$0.59B,$0.15B,25.13%,$0.59B,$0.05B,8.15%,$0.59B,$0.05B,8.15%,$0.59B,$0.05B,8.15%,$0.59B,$0.05B,8.15%,$0.59B,$0.04B,5.94%,$0.04B,$0.49B,7.66%,$0.04B,$0.49B,7.68%,$0.04B,$1.45B,2.52%,$0.05B,$0.52B,9.89%,$148,$122,$26,$0,$25,$147,$0,$-0,$0,$-1,$1,$1,$1,$0,$0,$20,20,$0.05,$0.05,$1,$0,$0,$41,$0,$1332,$1,$36,$1408,$1449,$888,$30,$22,$75,$963,$13,$289,$79,$487,$1449,$12,$0,$-4,$-4,$-5,$0,$7,$31,$28,$36,$0,$0,$0,$-4,$-31,$-35,$0,$-35,$0,$0,$0,$6,$6,$-6,$0,$-0,$0,$0,$-6
18,2014-03-31,20.81,$23.61,0.88,$29.41,0.71,$8.43,2.47,$2.01,10.34,$0.03B,$0.86B,0.04,$0.03B,$0.48B,0.05,$0.58B,$0.15B,26.55%,$0.58B,$0.06B,9.66%,$0.58B,$0.06B,9.66%,$0.58B,$0.06B,9.66%,$0.58B,$0.06B,9.66%,$0.58B,$0.04B,6.90%,$0.04B,$0.48B,9.18%,$0.04B,$0.48B,9.20%,$0.04B,$1.40B,2.96%,$0.06B,$0.50B,12.08%,$146,$106,$40,$0,$25,$131,$15,$-0,$15,$4,$11,$11,$11,$15,$15,$20,20,$0.53,$0.53,$1,$0,$0,$33,$0,$1283,$1,$45,$1368,$1401,$858,$25,$19,$66,$925,$13,$291,$68,$477,$1401,$11,$0,$-2,$-2,$-1,$0,$2,$-11,$-7,$2,$0,$0,$0,$-4,$1,$-3,$0,$-3,$0,$0,$0,$4,$4,$-3,$0,$1,$0,$0,$-3
19,2013-12-31,17.81,$22.81,0.78,$29.00,0.61,$8.23,2.16,$2.22,8.02,$0.03B,$0.84B,0.04,$0.03B,$0.46B,0.08,$0.57B,$0.16B,27.64%,$0.57B,$0.06B,10.92%,$0.57B,$0.06B,10.92%,$0.57B,$0.06B,10.92%,$0.57B,$0.06B,10.92%,$0.57B,$0.04B,7.57%,$0.04B,$0.46B,10.20%,$0.04B,$0.45B,10.23%,$0.04B,$1.38B,3.23%,$0.06B,$0.49B,13.77%,$151,$103,$48,$0,$25,$129,$23,$-0,$23,$7,$16,$16,$16,$23,$23,$20,20,$0.80,$0.80,$0,$0,$0,$32,$0,$1266,$1,$38,$1343,$1375,$839,$34,$32,$80,$919,$13,$284,$59,$455,$1375,$44,$0,$-9,$-9,$1,$0,$24,$18,$47,$87,$0,$0,$0,$-3,$-83,$-86,$0,$-86,$0,$0,$0,$10,$10,$-11,$0,$-1,$-0,$0,$-11
20,2013-09-30,17.42,$20.69,0.84,$27.94,0.62,$6.66,2.62,$2.09,8.32,$0.03B,$0.85B,0.04,$0.03B,$0.41B,0.06,$0.55B,$0.15B,27.47%,$0.55B,$0.06B,10.62%,$0.55B,$0.06B,10.62%,$0.55B,$0.06B,10.62%,$0.55B,$0.06B,10.44%,$0.55B,$0.04B,7.33%,$0.04B,$0.41B,9.80%,$0.04B,$0.41B,9.83%,$0.04B,$1.34B,3.06%,$0.06B,$0.43B,13.20%,$144,$110,$34,$0,$24,$134,$10,$-0,$10,$2,$7,$7,$7,$10,$10,$20,20,$0.37,$0.37,$1,$0,$0,$34,$0,$1232,$1,$25,$1304,$1338,$850,$25,$54,$80,$930,$13,$271,$29,$408,$1338,$28,$0,$-4,$-4,$4,$0,$41,$-11,$33,$57,$0,$0,$0,$-11,$-43,$-54,$0,$-54,$0,$0,$0,$6,$6,$-8,$0,$-2,$0,$0,$-8
21,2013-06-30,15.05,$20.50,0.73,$27.48,0.55,$5.48,2.75,$2.16,6.97,$0.04B,$0.81B,0.05,$0.03B,$0.40B,0.07,$0.54B,$0.15B,28.04%,$0.54B,$0.06B,11.03%,$0.54B,$0.06B,11.03%,$0.54B,$0.06B,11.03%,$0.54B,$0.06B,10.84%,$0.54B,$0.04B,7.66%,$0.04B,$0.40B,10.14%,$0.04B,$0.40B,10.17%,$0.04B,$1.30B,3.16%,$0.06B,$0.43B,13.55%,$139,$106,$32,$0,$24,$131,$8,$-0,$8,$2,$6,$6,$6,$8,$8,$20,20,$0.32,$0.32,$1,$0,$0,$39,$0,$1199,$1,$21,$1261,$1300,$813,$28,$56,$84,$897,$13,$266,$30,$403,$1300,$20,$0,$-3,$-3,$2,$0,$14,$-8,$6,$20,$0,$0,$0,$19,$-39,$-19,$0,$-19,$0,$0,$0,$5,$5,$-5,$0,$-0,$0,$0,$-5
22,2013-03-31,14.97,$21.56,0.69,$26.64,0.56,$4.72,3.17,$1.71,8.77,$0.04B,$0.79B,0.04,$0.03B,$0.42B,0.07,$0.52B,$0.13B,25.92%,$0.52B,$0.05B,8.90%,$0.52B,$0.05B,8.90%,$0.52B,$0.05B,8.90%,$0.52B,$0.04B,8.51%,$0.52B,$0.03B,6.19%,$0.03B,$0.42B,8.06%,$0.03B,$0.42B,8.08%,$0.03B,$1.31B,2.49%,$0.05B,$0.45B,10.70%,$134,$91,$43,$0,$22,$113,$21,$-0,$21,$6,$14,$14,$14,$21,$21,$19,19,$0.73,$0.73,$0,$0,$0,$35,$0,$1222,$1,$15,$1272,$1307,$790,$28,$54,$96,$886,$13,$263,$53,$420,$1307,$14,$0,$-3,$-3,$3,$0,$3,$-20,$-8,$-2,$0,$0,$0,$-8,$10,$3,$0,$3,$0,$0,$0,$2,$2,$-3,$0,$-1,$0,$0,$-3
23,2012-12-31,13.47,$20.72,0.65,$26.48,0.51,$4.18,3.22,$1.97,6.85,$0.04B,$0.79B,0.05,$0.04B,$0.40B,0.11,$0.51B,$0.14B,27.10%,$0.51B,$0.05B,10.33%,$0.51B,$0.05B,10.33%,$0.51B,$0.05B,10.33%,$0.51B,$0.05B,9.94%,$0.51B,$0.04B,7.21%,$0.04B,$0.40B,9.58%,$0.04B,$0.40B,9.60%,$0.04B,$1.29B,2.91%,$0.05B,$0.45B,12.63%,$129,$88,$41,$0,$22,$110,$19,$-0,$18,$5,$13,$13,$13,$19,$19,$19,19,$0.67,$0.67,$0,$0,$0,$39,$0,$1204,$1,$12,$1252,$1291,$785,$44,$54,$104,$890,$13,$251,$48,$401,$1291,$38,$0,$-8,$-8,$5,$0,$16,$-6,$25,$55,$0,$0,$0,$-11,$-34,$-45,$0,$-45,$0,$0,$0,$1,$1,$-10,$-0,$-10,$0,$0,$-10
24,2012-09-30,11.73,$20.30,0.58,$26.33,0.45,$1.94,6.06,$1.77,6.61,$0.04B,$0.82B,0.05,$0.03B,$0.39B,0.06,$0.51B,$0.13B,26.08%,$0.51B,$0.05B,9.41%,$0.51B,$0.05B,9.41%,$0.51B,$0.05B,9.41%,$0.51B,$0.05B,9.22%,$0.51B,$0.03B,6.67%,$0.03B,$0.39B,9.09%,$0.03B,$0.39B,9.12%,$0.03B,$1.29B,2.71%,$0.05B,$0.42B,11.77%,$133,$98,$34,$0,$23,$122,$11,$-0,$11,$2,$8,$8,$8,$11,$11,$19,19,$0.43,$0.43,$0,$0,$0,$44,$0,$1190,$1,$19,$1247,$1291,$815,$25,$54,$84,$898,$13,$241,$50,$393,$1291,$25,$0,$-8,$-8,$3,$0,$31,$-20,$20,$33,$0,$0,$0,$-7,$-18,$-26,$0,$-26,$0,$0,$0,$0,$0,$-8,$-0,$-7,$-0,$0,$-8
25,2012-06-30,11.17,$19.39,0.58,$25.45,0.44,$1.37,8.13,$1.13,9.91,$0.05B,$0.78B,0.06,$0.03B,$0.38B,0.09,$0.49B,$0.11B,22.15%,$0.49B,$0.03B,5.49%,$0.49B,$0.03B,5.49%,$0.49B,$0.03B,5.49%,$0.49B,$0.03B,5.28%,$0.49B,$0.02B,4.07%,$0.02B,$0.38B,5.48%,$0.02B,$0.37B,5.50%,$0.02B,$1.25B,1.61%,$0.03B,$0.41B,6.67%,$121,$105,$16,$0,$21,$126,$-5,$-0,$-6,$-3,$-3,$-3,$-3,$-5,$-5,$19,19,$-0.13,$-0.13,$0,$0,$0,$47,$0,$1156,$1,$12,$1202,$1249,$784,$33,$58,$91,$875,$13,$235,$38,$375,$1249,$17,$-0,$-7,$-8,$2,$0,$3,$-7,$-1,$5,$0,$0,$0,$-24,$24,$0,$0,$0,$0,$0,$0,$0,$0,$-5,$-0,$-5,$0,$0,$-5
26,2012-03-31,10.99,$19.45,0.57,$25.10,0.44,$1.07,10.27,$0.62,17.73,$0.04B,$0.77B,0.06,$0.03B,$0.38B,0.08,$0.49B,$0.09B,18.97%,$0.49B,$0.01B,2.27%,$0.49B,$0.01B,2.27%,$0.49B,$0.01B,2.06%,$0.49B,$0.01B,2.06%,$0.49B,$0.01B,2.06%,$0.01B,$0.38B,2.76%,$0.01B,$0.38B,2.77%,$0.01B,$1.26B,0.81%,$0.01B,$0.41B,2.73%,$130,$82,$48,$0,$19,$102,$28,$-0,$28,$9,$19,$19,$19,$28,$28,$19,19,$0.99,$0.99,$0,$0,$0,$44,$0,$1165,$1,$14,$1213,$1257,$769,$31,$82,$113,$881,$13,$240,$34,$376,$1257,$19,$-0,$-9,$-9,$-1,$0,$-5,$-21,$-18,$-12,$0,$0,$0,$-59,$74,$15,$0,$15,$0,$0,$0,$0,$0,$-3,$-0,$-2,$0,$0,$-3
27,2011-12-31,11.14,$18.24,0.61,$24.38,0.46,$1.41,7.93,$-0.11,0.0,$0.05B,$0.78B,0.07,$0.05B,$0.35B,0.13,$0.47B,$0.07B,14.83%,$0.47B,$-0.01B,-2.12%,$0.47B,$-0.01B,-2.12%,$0.47B,$-0.01B,-2.33%,$0.47B,$-0.01B,-2.33%,$0.47B,$-0.00B,-0.64%,$-0.00B,$0.35B,-0.83%,$-0.00B,$0.35B,-0.84%,$-0.00B,$1.22B,-0.25%,$-0.01B,$0.40B,-2.49%,$126,$91,$35,$0,$21,$112,$14,$-0,$14,$4,$10,$10,$10,$14,$14,$19,19,$0.52,$0.52,$0,$0,$0,$51,$0,$1122,$1,$12,$1173,$1224,$779,$46,$47,$93,$872,$13,$224,$27,$352,$1224,$-3,$0,$-9,$-9,$-9,$0,$13,$27,$25,$12,$0,$0,$0,$-6,$5,$-1,$0,$-1,$0,$0,$0,$-1,$-1,$-10,$0,$-11,$-0,$0,$-10
28,2011-09-30,9.86,$18.46,0.53,$23.89,0.41,$2.35,4.2,$-0.03,0.0,$0.06B,$0.80B,0.07,$0.05B,$0.36B,0.14,$0.46B,$0.06B,12.28%,$0.46B,$-0.01B,-1.94%,$0.46B,$-0.01B,-1.94%,$0.46B,$-0.01B,-2.16%,$0.46B,$-0.01B,-2.16%,$0.46B,$-0.00B,-0.43%,$-0.00B,$0.36B,-0.55%,$-0.00B,$0.36B,-0.55%,$-0.00B,$1.25B,-0.17%,$-0.01B,$0.41B,-2.22%,$115,$106,$10,$0,$20,$125,$-10,$-0,$-10,$-5,$-6,$-6,$-6,$-10,$-10,$19,19,$-0.29,$-0.29,$0,$0,$0,$55,$0,$1129,$1,$19,$1197,$1252,$803,$48,$44,$93,$896,$13,$224,$32,$356,$1252,$-13,$-1,$-6,$-7,$-12,$0,$28,$39,$45,$22,$0,$0,$0,$-30,$16,$-14,$0,$-14,$0,$0,$0,$-1,$-1,$-7,$0,$-8,$-0,$0,$-7
29,2011-06-30,10.13,$18.71,0.54,$23.65,0.43,$1.61,6.29,$0.56,18.09,$0.05B,$0.78B,0.06,$0.04B,$0.36B,0.1,$0.46B,$0.08B,17.39%,$0.46B,$0.01B,2.39%,$0.46B,$0.01B,2.39%,$0.46B,$0.01B,2.17%,$0.46B,$0.01B,2.17%,$0.46B,$0.01B,2.39%,$0.01B,$0.36B,2.97%,$0.01B,$0.36B,2.98%,$0.01B,$1.22B,0.92%,$0.01B,$0.40B,2.71%,$114,$116,$-1,$0,$19,$136,$-21,$-0,$-22,$-9,$-13,$-13,$-13,$-22,$-21,$19,19,$-0.67,$-0.67,$0,$0,$0,$47,$0,$1112,$1,$18,$1174,$1221,$777,$38,$44,$81,$858,$13,$230,$31,$363,$1221,$-7,$-0,$-9,$-10,$-6,$0,$6,$25,$19,$-1,$0,$0,$0,$-34,$39,$5,$0,$5,$0,$0,$0,$0,$0,$-5,$0,$-4,$-0,$0,$-5
30,2011-03-31,13.04,$19.04,0.69,$23.27,0.56,$1.49,8.73,$1.37,9.54,$0.04B,$0.74B,0.05,$0.04B,$0.37B,0.1,$0.45B,$0.11B,23.79%,$0.45B,$0.04B,7.93%,$0.45B,$0.04B,7.93%,$0.45B,$0.04B,7.71%,$0.45B,$0.04B,7.71%,$0.45B,$0.03B,5.95%,$0.03B,$0.37B,7.31%,$0.03B,$0.37B,7.33%,$0.03B,$1.19B,2.28%,$0.04B,$0.41B,8.95%,$117,$91,$26,$0,$17,$109,$7,$-0,$7,$1,$6,$6,$6,$7,$7,$19,19,$0.29,$0.29,$1,$0,$0,$35,$0,$1089,$1,$16,$1151,$1187,$744,$35,$38,$73,$817,$13,$245,$22,$370,$1187,$6,$-0,$-9,$-9,$-2,$0,$-1,$-1,$-2,$-6,$0,$0,$0,$-18,$26,$8,$0,$8,$0,$0,$0,$1,$1,$-2,$0,$-2,$0,$0,$-2
31,2010-12-31,11.8,$19.01,0.62,$22.62,0.52,$1.68,7.03,$1.60,7.37,$0.04B,$0.73B,0.05,$0.04B,$0.37B,0.12,$0.44B,$0.12B,26.86%,$0.44B,$0.04B,9.93%,$0.44B,$0.04B,9.93%,$0.44B,$0.04B,9.71%,$0.44B,$0.04B,9.71%,$0.44B,$0.03B,7.00%,$0.03B,$0.37B,8.45%,$0.03B,$0.37B,8.48%,$0.03B,$1.19B,2.63%,$0.04B,$0.41B,10.97%,$118,$96,$22,$0,$7,$103,$15,$-0,$15,$4,$11,$11,$11,$15,$15,$20,20,$0.55,$0.55,$0,$0,$0,$35,$0,$1091,$1,$17,$1153,$1188,$732,$43,$43,$87,$819,$13,$242,$24,$369,$1188,$31,$-1,$-4,$-4,$0,$0,$8,$2,$6,$30,$0,$0,$0,$19,$-35,$-16,$0,$-16,$0,$0,$0,$-4,$-4,$-10,$0,$-14,$0,$0,$-10
32,2010-09-30,11.01,$19.52,0.56,$23.37,0.47,$1.85,5.95,$2.45,4.5,$0.04B,$0.76B,0.05,$0.03B,$0.38B,0.07,$0.46B,$0.16B,35.29%,$0.46B,$0.07B,15.03%,$0.46B,$0.07B,15.03%,$0.46B,$0.07B,14.81%,$0.46B,$0.07B,14.81%,$0.46B,$0.05B,10.46%,$0.05B,$0.38B,13.33%,$0.05B,$0.38B,13.37%,$0.05B,$1.21B,4.09%,$0.07B,$0.40B,17.53%,$111,$79,$33,$0,$22,$101,$10,$-0,$10,$2,$7,$7,$7,$10,$10,$19,19,$0.38,$0.38,$0,$0,$0,$38,$0,$1101,$1,$24,$1167,$1205,$758,$25,$44,$69,$827,$13,$234,$43,$378,$1205,$21,$-1,$-2,$-3,$-3,$0,$23,$-19,$-6,$8,$0,$0,$0,$9,$-6,$4,$0,$4,$0,$0,$0,$-5,$-5,$-7,$0,$-12,$0,$0,$-7
33,2010-06-30,11.23,$18.41,0.61,$23.27,0.48,$1.89,5.94,$2.32,4.84,$0.04B,$0.74B,0.05,$0.03B,$0.36B,0.08,$0.46B,$0.16B,34.13%,$0.46B,$0.07B,14.35%,$0.46B,$0.07B,14.35%,$0.46B,$0.07B,14.13%,$0.46B,$0.06B,13.91%,$0.46B,$0.05B,10.00%,$0.05B,$0.36B,13.18%,$0.05B,$0.36B,13.22%,$0.05B,$1.16B,3.92%,$0.07B,$0.39B,17.25%,$108,$82,$27,$0,$23,$105,$4,$-0,$3,$0,$3,$3,$3,$3,$4,$20,20,$0.17,$0.17,$0,$0,$0,$39,$0,$1064,$1,$13,$1124,$1163,$739,$27,$35,$62,$802,$13,$229,$27,$361,$1163,$13,$-1,$0,$-0,$-2,$0,$5,$-6,$-13,$-3,$0,$0,$0,$-1,$10,$9,$0,$9,$0,$0,$0,$-1,$-1,$-5,$0,$-6,$-0,$0,$-5
34,2010-03-31,11.44,$18.22,0.63,$23.22,0.49,$2.33,4.9,$2.51,4.56,$0.03B,$0.72B,0.05,$0.04B,$0.36B,0.12,$0.46B,$0.16B,35.00%,$0.46B,$0.07B,15.43%,$0.46B,$0.07B,15.43%,$0.46B,$0.07B,15.43%,$0.46B,$0.07B,15.22%,$0.46B,$0.05B,10.87%,$0.05B,$0.36B,14.90%,$0.05B,$0.36B,14.95%,$0.05B,$1.16B,4.28%,$0.07B,$0.40B,19.16%,$106,$69,$37,$0,$22,$91,$15,$-0,$15,$5,$10,$10,$10,$15,$15,$20,20,$0.50,$0.50,$1,$0,$0,$33,$0,$1067,$1,$16,$1130,$1163,$722,$42,$37,$82,$804,$13,$228,$25,$359,$1163,$10,$-0,$-2,$-2,$0,$0,$-1,$-3,$-6,$-2,$0,$0,$0,$13,$-8,$4,$0,$4,$0,$0,$0,$0,$0,$-2,$0,$-2,$0,$0,$-2
35,2009-12-31,10.84,$17.41,0.62,$22.70,0.48,$2.14,5.06,$2.30,4.71,$0.03B,$0.72B,0.05,$0.04B,$0.34B,0.11,$0.45B,$0.15B,34.22%,$0.45B,$0.06B,14.00%,$0.45B,$0.06B,14.00%,$0.45B,$0.06B,14.00%,$0.45B,$0.06B,13.78%,$0.45B,$0.05B,10.22%,$0.05B,$0.34B,14.50%,$0.05B,$0.34B,14.55%,$0.05B,$1.17B,3.98%,$0.06B,$0.38B,17.97%,$134,$69,$65,$0,$24,$94,$40,$-0,$40,$13,$28,$28,$28,$40,$40,$20,20,$1.39,$1.39,$0,$0,$0,$32,$0,$1056,$1,$24,$1133,$1166,$724,$38,$56,$100,$823,$13,$220,$16,$342,$1166,$45,$-1,$-17,$-17,$4,$0,$5,$-26,$2,$34,$0,$0,$0,$-1,$-20,$-21,$0,$-21,$0,$0,$0,$-3,$-3,$-10,$0,$-13,$0,$0,$-10
36,2009-09-30,10.56,$16.94,0.62,$21.14,0.5,$1.93,5.47,$0.93,11.39,$0.04B,$0.75B,0.05,$0.03B,$0.33B,0.08,$0.42B,$0.11B,26.30%,$0.42B,$0.02B,5.21%,$0.42B,$0.02B,5.21%,$0.42B,$0.02B,5.21%,$0.42B,$0.02B,4.98%,$0.42B,$0.02B,4.27%,$0.02B,$0.33B,5.95%,$0.02B,$0.33B,5.97%,$0.02B,$1.21B,1.58%,$0.02B,$0.36B,6.52%,$112,$83,$28,$0,$20,$105,$7,$-0,$6,$1,$5,$5,$5,$7,$7,$20,20,$0.25,$0.25,$0,$0,$0,$38,$0,$1047,$1,$71,$1168,$1206,$749,$25,$98,$123,$872,$13,$195,$32,$334,$1206,$18,$-0,$6,$6,$3,$0,$20,$-46,$-18,$9,$0,$0,$0,$4,$-4,$0,$0,$0,$0,$0,$0,$-2,$-2,$-7,$0,$-9,$0,$0,$-7
37,2009-06-30,10.31,$15.48,0.67,$20.23,0.51,$1.99,5.18,$0.21,49.9,$0.04B,$0.72B,0.05,$0.03B,$0.31B,0.11,$0.41B,$0.09B,21.48%,$0.41B,$-0.00B,-0.25%,$0.41B,$-0.00B,-0.25%,$0.41B,$-0.00B,-0.25%,$0.41B,$-0.00B,-0.25%,$0.41B,$0.00B,0.99%,$0.00B,$0.31B,1.36%,$0.00B,$0.31B,1.36%,$0.00B,$1.14B,0.36%,$-0.00B,$0.34B,-0.30%,$108,$77,$31,$0,$22,$99,$9,$-0,$9,$2,$7,$7,$7,$9,$9,$20,20,$0.35,$0.35,$0,$0,$0,$38,$0,$1012,$1,$31,$1105,$1143,$723,$34,$78,$112,$835,$13,$193,$6,$307,$1143,$13,$-0,$10,$10,$2,$0,$-1,$-25,$-18,$5,$0,$0,$0,$-61,$61,$-0,$0,$-0,$0,$0,$0,$-1,$-1,$-5,$0,$-5,$0,$0,$-5
38,2009-03-31,10.35,$14.42,0.72,$20.10,0.52,$1.96,5.27,$-0.19,0.0,$0.04B,$0.72B,0.06,$0.04B,$0.29B,0.12,$0.41B,$0.08B,18.47%,$0.41B,$-0.01B,-3.20%,$0.41B,$-0.01B,-3.20%,$0.41B,$-0.01B,-3.20%,$0.41B,$-0.01B,-3.45%,$0.41B,$-0.00B,-0.99%,$-0.00B,$0.29B,-1.31%,$-0.00B,$0.29B,-1.32%,$-0.00B,$1.11B,-0.36%,$-0.01B,$0.32B,-3.83%,$96,$67,$30,$0,$22,$89,$7,$-0,$7,$1,$6,$6,$6,$7,$7,$20,20,$0.29,$0.29,$0,$0,$0,$41,$0,$959,$1,$37,$1065,$1106,$724,$35,$60,$95,$819,$13,$187,$-9,$286,$1106,$6,$-0,$10,$10,$-0,$0,$-4,$-23,$-23,$-6,$0,$0,$0,$-27,$36,$9,$0,$9,$0,$0,$0,$-1,$-1,$-2,$0,$-3,$0,$0,$-2
39,2008-12-31,12.5,$14.22,0.88,$20.29,0.62,$2.52,4.95,$-0.09,0.0,$0.05B,$0.73B,0.07,$0.05B,$0.28B,0.16,$0.41B,$0.08B,19.32%,$0.41B,$-0.01B,-2.17%,$0.41B,$-0.01B,-2.17%,$0.41B,$-0.01B,-2.17%,$0.41B,$-0.01B,-2.42%,$0.41B,$-0.00B,-0.48%,$-0.00B,$0.28B,-0.62%,$-0.00B,$0.28B,-0.62%,$-0.00B,$1.11B,-0.18%,$-0.01B,$0.33B,-2.52%,$106,$84,$22,$0,$23,$107,$-1,$-0,$-1,$-2,$0,$0,$0,$-1,$-1,$20,20,$0.03,$0.03,$0,$0,$0,$48,$0,$977,$1,$16,$1060,$1108,$734,$46,$46,$91,$825,$13,$184,$-10,$283,$1108,$-2,$0,$24,$24,$-3,$0,$-4,$26,$11,$31,$0,$0,$0,$-1,$-7,$-8,$0,$-8,$0,$0,$0,$-13,$-13,$-10,$0,$-23,$-0,$0,$-10
40,2008-09-30,14.26,$15.15,0.94,$20.77,0.69,$2.85,5.01,$0.23,62.94,$0.04B,$0.75B,0.06,$0.03B,$0.30B,0.08,$0.43B,$0.09B,21.41%,$0.43B,$0.00B,0.47%,$0.43B,$0.00B,0.47%,$0.43B,$0.00B,0.47%,$0.43B,$-0.00B,0.00%,$0.43B,$0.01B,1.18%,$0.01B,$0.30B,1.46%,$0.01B,$0.30B,1.47%,$0.01B,$1.11B,0.43%,$0.00B,$0.33B,0.54%,$95,$90,$4,$0,$20,$111,$-16,$-0,$-16,$-7,$-9,$-9,$-9,$-16,$-16,$20,20,$-0.47,$-0.47,$0,$0,$0,$44,$0,$968,$1,$32,$1065,$1108,$752,$25,$28,$53,$805,$13,$186,$7,$303,$1108,$-2,$0,$17,$17,$-4,$0,$13,$-4,$-3,$10,$0,$0,$0,$-10,$19,$9,$0,$9,$0,$0,$0,$-11,$-11,$-7,$0,$-19,$0,$0,$-7
41,2008-06-30,11.56,$17.02,0.68,$21.33,0.54,$2.64,4.38,$1.02,11.34,$0.04B,$0.72B,0.06,$0.03B,$0.35B,0.1,$0.44B,$0.12B,26.88%,$0.44B,$0.03B,6.15%,$0.44B,$0.03B,6.15%,$0.44B,$0.03B,6.15%,$0.44B,$0.03B,5.69%,$0.44B,$0.02B,4.78%,$0.02B,$0.35B,5.96%,$0.02B,$0.35B,5.97%,$0.02B,$1.17B,1.75%,$0.03B,$0.38B,6.98%,$109,$90,$19,$0,$22,$113,$-3,$-0,$-4,$-3,$-1,$-1,$-1,$-3,$-3,$20,20,$-0.05,$-0.05,$-0,$0,$0,$41,$0,$1041,$1,$45,$1129,$1170,$724,$33,$66,$99,$823,$14,$198,$33,$346,$1170,$7,$0,$3,$3,$-3,$0,$-5,$7,$-3,$5,$0,$0,$0,$-41,$47,$6,$0,$6,$0,$0,$0,$-6,$-6,$-5,$0,$-11,$-0,$0,$-5
42,2008-03-31,12.83,$17.38,0.74,$21.41,0.6,$2.17,5.91,$1.75,7.34,$0.03B,$0.71B,0.05,$0.04B,$0.36B,0.1,$0.44B,$0.14B,32.13%,$0.44B,$0.05B,11.31%,$0.44B,$0.05B,11.31%,$0.44B,$0.05B,11.31%,$0.44B,$0.05B,11.09%,$0.44B,$0.04B,8.14%,$0.04B,$0.36B,10.31%,$0.04B,$0.36B,10.34%,$0.04B,$1.17B,2.93%,$0.05B,$0.40B,13.00%,$104,$70,$35,$0,$23,$93,$11,$-0,$11,$3,$8,$8,$8,$11,$11,$21,21,$0.40,$0.40,$0,$0,$0,$33,$0,$1060,$1,$35,$1136,$1169,$713,$37,$60,$97,$810,$14,$201,$36,$358,$1169,$8,$0,$3,$3,$1,$0,$-5,$-4,$-4,$5,$0,$0,$0,$-81,$79,$-2,$0,$-2,$0,$0,$0,$-1,$-1,$-2,$0,$-4,$-0,$0,$-2
43,2007-12-31,11.22,$17.44,0.64,$21.60,0.52,$1.59,7.07,$2.06,5.45,$0.04B,$0.72B,0.05,$0.03B,$0.36B,0.09,$0.45B,$0.15B,33.86%,$0.45B,$0.06B,13.45%,$0.45B,$0.06B,13.45%,$0.45B,$0.06B,13.45%,$0.45B,$0.06B,13.23%,$0.45B,$0.04B,9.64%,$0.04B,$0.36B,12.62%,$0.04B,$0.36B,12.66%,$0.04B,$1.20B,3.46%,$0.06B,$0.39B,15.84%,$117,$84,$33,$0,$24,$108,$10,$-0,$9,$2,$7,$7,$7,$10,$10,$21,21,$0.34,$0.34,$0,$0,$0,$37,$0,$1049,$1,$79,$1166,$1203,$718,$31,$93,$124,$842,$14,$196,$43,$360,$1203,$42,$1,$-4,$-3,$5,$0,$2,$-10,$-4,$38,$0,$0,$0,$23,$-42,$-18,$0,$-18,$-11,$0,$-11,$1,$1,$-9,$0,$-20,$0,$0,$-9
44,2007-09-30,12.23,$16.76,0.73,$21.55,0.57,$2.14,5.72,$2.28,5.36,$0.04B,$0.72B,0.06,$0.04B,$0.35B,0.1,$0.45B,$0.16B,35.51%,$0.45B,$0.07B,15.06%,$0.45B,$0.07B,15.06%,$0.45B,$0.07B,15.06%,$0.45B,$0.07B,14.83%,$0.45B,$0.05B,10.56%,$0.05B,$0.35B,14.34%,$0.05B,$0.35B,14.38%,$0.05B,$1.26B,3.78%,$0.07B,$0.38B,18.02%,$109,$78,$31,$0,$21,$100,$9,$-0,$9,$2,$7,$7,$7,$9,$9,$21,21,$0.33,$0.33,$0,$0,$0,$40,$0,$1027,$1,$148,$1221,$1261,$720,$36,$159,$195,$915,$14,$191,$34,$346,$1261,$35,$1,$-2,$-1,$2,$0,$14,$-43,$-30,$6,$0,$0,$0,$28,$-28,$0,$0,$0,$0,$0,$0,$1,$1,$-7,$0,$-6,$-0,$0,$-7
45,2007-06-30,11.6,$16.12,0.72,$21.41,0.54,$2.27,5.11,$2.49,4.66,$0.04B,$0.71B,0.06,$0.04B,$0.33B,0.11,$0.44B,$0.16B,36.88%,$0.44B,$0.07B,16.74%,$0.44B,$0.07B,16.74%,$0.44B,$0.07B,16.74%,$0.44B,$0.07B,16.29%,$0.44B,$0.05B,11.54%,$0.05B,$0.33B,16.13%,$0.05B,$0.33B,16.18%,$0.05B,$1.29B,4.18%,$0.07B,$0.37B,20.54%,$112,$68,$43,$0,$22,$91,$20,$-0,$20,$6,$14,$14,$14,$20,$20,$21,21,$0.68,$0.68,$0,$0,$0,$43,$0,$1004,$1,$191,$1243,$1286,$708,$37,$209,$246,$954,$14,$187,$25,$333,$1286,$29,$0,$-1,$-1,$-4,$0,$-1,$-27,$-33,$-5,$0,$0,$0,$12,$-4,$9,$0,$9,$0,$0,$0,$0,$0,$-5,$0,$-4,$-0,$0,$-5
46,2007-03-31,11.98,$15.70,0.76,$21.45,0.56,$2.21,5.42,$2.38,5.03,$0.04B,$0.71B,0.06,$0.05B,$0.32B,0.15,$0.44B,$0.16B,36.20%,$0.44B,$0.07B,16.06%,$0.44B,$0.07B,16.06%,$0.44B,$0.07B,16.06%,$0.44B,$0.07B,15.61%,$0.44B,$0.05B,11.09%,$0.05B,$0.32B,16.18%,$0.05B,$0.32B,16.24%,$0.05B,$1.22B,4.18%,$0.07B,$0.37B,20.49%,$108,$64,$44,$0,$22,$87,$21,$-0,$21,$6,$15,$15,$15,$21,$21,$21,21,$0.71,$0.71,$0,$0,$0,$40,$0,$1012,$1,$118,$1175,$1215,$705,$48,$134,$186,$891,$14,$175,$28,$324,$1215,$15,$0,$-2,$-1,$-2,$0,$-5,$-18,$-20,$-7,$0,$0,$0,$4,$5,$8,$0,$8,$0,$0,$0,$0,$0,$-2,$0,$-2,$-0,$-0,$-2
47,2006-12-31,15.74,$14.96,1.05,$21.55,0.73,$2.21,7.13,$2.61,6.04,$0.04B,$0.71B,0.06,$0.06B,$0.31B,0.18,$0.44B,$0.17B,37.47%,$0.44B,$0.08B,17.61%,$0.44B,$0.08B,17.61%,$0.44B,$0.08B,17.83%,$0.44B,$0.08B,17.16%,$0.44B,$0.05B,11.96%,$0.05B,$0.31B,18.21%,$0.05B,$0.31B,18.28%,$0.05B,$1.21B,4.66%,$0.08B,$0.36B,23.23%,$116,$76,$40,$0,$23,$99,$17,$-0,$16,$5,$11,$11,$11,$17,$17,$21,21,$0.56,$0.56,$0,$0,$0,$40,$0,$1013,$1,$106,$1166,$1206,$712,$55,$132,$186,$898,$14,$163,$25,$308,$1206,$54,$1,$-4,$-4,$9,$0,$-5,$1,$-1,$49,$0,$0,$0,$-9,$-34,$-42,$0,$-42,$0,$0,$0,$2,$2,$-9,$0,$-7,$-0,$0,$-9
