,Date,Stock Price,Book Value per Share,Price to Book Ratio,TTM Sales per Share,Price to Sales Ratio,TTM FCF per Share,Price to FCF Ratio,TTM Net EPS,PE Ratio,Current Assets,Current Liabilities,Current Ratio,Long Term Debt,Shareholder's Equity_x,Debt to Equity Ratio,TTM Revenue_x,TTM Gross Profit,Gross Margin,TTM Revenue_y,TTM Operating Income,Operating Margin,TTM Revenue_x,TTM EBIT,EBIT Margin,TTM Revenue_y,TTM EBITDA,EBITDA Margin,TTM Revenue_x,TTM Pre-Tax Income,Pre-Tax Margin,TTM Revenue_y,TTM Net Income_x,Net Margin,TTM Net Income_y,Shareholder's Equity_y,Return on Equity,TTM Net Income_x,Tangible Equity,Return on Tangible Equity,TTM Net Income_y,Total Assets,Return on Assets,TTM Net Income,LT Investments & Debt,Return on Investment,revenue,cost-goods-sold,gross-profit,research-development-expenses,selling-general-administrative-expenses,operating-expenses,operating-income,total-non-operating-income-expense,pre-tax-income,total-provision-income-taxes,income-after-taxes,income-from-continuous-operations,net-income,ebitda,ebit,basic-shares-outstanding,shares-outstanding,eps-basic-net-earnings-per-share,eps-earnings-per-share-diluted,cash-on-hand,inventory,other-current-assets,total-current-assets,net-property-plant-equipment,long-term-investments,goodwill-intangible-assets-total,other-long-term-assets,total-long-term-assets,total-assets,total-current-liabilities,long-term-debt,other-non-current-liabilities,total-long-term-liabilities,total-liabilities,common-stock-net,retained-earnings-accumulated-deficit,comprehensive-income,total-share-holder-equity,total-liabilities-share-holders-equity,net-income-loss,total-depreciation-amortization-cash-flow,other-non-cash-items,total-non-cash-items,change-in-accounts-receivable,change-in-inventories,change-in-accounts-payable,change-in-assets-liabilities,total-change-in-assets-liabilities,cash-flow-from-operating-activities,net-change-in-property-plant-equipment,net-change-in-intangible-assets,net-acquisitions-divestitures,net-change-in-short-term-investments,net-change-in-long-term-investments,net-change-in-investments-total,investing-activities-other,cash-flow-from-investing-activities,net-long-term-debt,net-current-debt,debt-issuance-retirement-net-total,net-common-equity-issued-repurchased,net-total-equity-issued-repurchased,total-common-preferred-stock-dividends-paid,financial-activities-other,cash-flow-from-financial-activities,net-cash-flow,stock-based-compensation,common-stock-dividends-paid
0,2016-12-31,3.41,$1.38,2.48,0,0.0,0,0.0,0,0.0,$0.05B,$0.14B,0.34,$0.40B,$0.01B,31.26,$0.07B,$-0.00B,-5.80%,$0.07B,$0.01B,15.94%,$0.07B,$0.01B,15.94%,$0.07B,$0.01B,15.94%,$0.07B,$-0.08B,-115.94%,$0.07B,$-0.05B,-72.46%,$-0.05B,$0.01B,-101.52%,$-0.05B,$0.01B,-101.52%,$-0.05B,$0.59B,-7.42%,$0.01B,$0.41B,2.27%,$8,$10,$-2,$0,$1,$8,$0,$-46,$-46,$0,$-46,$-46,$-23,$0,$0,$0,0,$0.00,$0.00,$34,$0,$0,$48,$188,$348,$0,$4,$540,$588,$141,$395,$15,$434,$575,$0,$-106,$0,$13,$588,$-81,$51,$71,$122,$-6,$0,$5,$1,$0,$41,$5,$0,$0,$0,$-3,$-3,$1,$4,$-33,$0,$-33,$0,$0,$0,$-29,$-62,$-18,$0,$0
1,2016-09-30,3.88,$0.00,0.0,0,0.0,0,0.0,0,0.0,$0.07B,$0.14B,0.47,$0.45B,$0.06B,7.27,$0.06B,$-0.02B,-31.58%,$0.06B,$0.02B,35.09%,$0.06B,$0.02B,35.09%,$0.06B,$0.02B,35.09%,$0.06B,$-0.06B,-108.77%,$0.06B,$-0.02B,-36.84%,$-0.02B,$0.06B,-32.06%,$-0.02B,$0.06B,-32.06%,$-0.02B,$0.69B,-3.00%,$0.02B,$0.51B,4.05%,$12,$12,$-0,$0,$1,$8,$4,$-13,$-9,$0,$-9,$-9,$-6,$4,$4,$0,0,$0.00,$0.00,$52,$1,$0,$66,$200,$422,$0,$4,$626,$692,$140,$448,$17,$491,$631,$0,$-85,$0,$62,$692,$0,$0,$0,$0,$0,$0,$0,$0,$0,$0,$0,$0,$0,$0,$0,$0,$0,$0,$0,$0,$0,$0,$0,$0,$0,$0,$0,$0,$0
2,2016-06-30,2.34,$0.00,0.0,0,0.0,0,0.0,0,0.0,$0.08B,$0.16B,0.53,$0.44B,$0.06B,7.6,$0.06B,$-0.02B,-25.86%,$0.06B,$0.02B,31.03%,$0.06B,$0.02B,31.03%,$0.06B,$0.02B,31.03%,$0.06B,$-0.05B,-91.38%,$0.06B,$-0.02B,-27.59%,$-0.02B,$0.06B,-21.69%,$-0.02B,$0.06B,-21.69%,$-0.02B,$0.69B,-2.25%,$0.02B,$0.50B,3.52%,$28,$26,$1,$0,$1,$22,$5,$-14,$-8,$-0,$-8,$-8,$-9,$5,$5,$0,0,$0.00,$0.00,$71,$1,$0,$82,$182,$419,$0,$10,$611,$694,$156,$438,$19,$480,$636,$0,$-78,$0,$58,$694,$-25,$5,$30,$35,$-0,$0,$3,$12,$14,$24,$-0,$0,$-4,$0,$0,$0,$3,$-1,$26,$-37,$-11,$0,$0,$0,$-14,$-25,$-3,$0,$0
3,2016-03-31,2.61,$0.00,0.0,0,0.0,0,0.0,0,0.0,$0.07B,$0.16B,0.42,$0.46B,$0.06B,7.1,$0.09B,$-0.02B,-24.73%,$0.09B,$0.01B,5.38%,$0.09B,$0.01B,5.38%,$0.09B,$0.01B,5.38%,$0.09B,$-0.06B,-67.74%,$0.09B,$-0.03B,-26.88%,$-0.03B,$0.06B,-30.58%,$-0.03B,$0.06B,-30.58%,$-0.03B,$0.72B,-3.43%,$0.01B,$0.52B,0.93%,$21,$23,$-3,$0,$1,$19,$2,$-19,$-17,$0,$-17,$-17,$-12,$2,$2,$0,0,$0.00,$0.00,$47,$1,$0,$66,$189,$456,$0,$9,$653,$720,$158,$457,$18,$497,$655,$0,$-71,$0,$64,$720,$0,$0,$0,$0,$0,$0,$0,$0,$0,$0,$0,$0,$0,$0,$0,$0,$0,$0,$0,$0,$0,$0,$0,$0,$0,$0,$0,$0,$0
4,2015-12-31,2.01,$0.00,0.0,0,0.0,0,0.0,0,0.0,$0.06B,$0.21B,0.27,$0.37B,$0.08B,4.75,$0.09B,$-0.02B,-19.10%,$0.09B,$0.00B,1.12%,$0.09B,$0.00B,1.12%,$0.09B,$0.00B,1.12%,$0.09B,$-0.08B,-89.89%,$0.09B,$-0.05B,-52.81%,$-0.05B,$0.08B,-49.74%,$-0.05B,$0.08B,-49.74%,$-0.05B,$0.69B,-6.19%,$0.00B,$0.45B,0.17%,$-4,$12,$-16,$0,$-25,$-13,$9,$-37,$-28,$1,$-29,$-29,$6,$9,$9,$0,0,$0.00,$0.00,$48,$1,$0,$56,$0,$451,$0,$6,$457,$693,$207,$370,$17,$408,$615,$0,$-58,$0,$78,$693,$-82,$32,$-1,$31,$0,$0,$0,$0,$45,$49,$-3,$0,$59,$0,$0,$0,$4,$60,$0,$-2,$-97,$0,$0,$0,$-50,$-149,$-42,$0,$0
5,2015-09-30,3.84,$0.00,0.0,0,0.0,0,0.0,0,0.0,$0.08B,$0.12B,0.64,$0.49B,$0.10B,5.11,$-0.06B,$-0.01B,12.28%,$-0.06B,$-0.02B,28.07%,$-0.06B,$-0.02B,28.07%,$-0.06B,$-0.14B,250.88%,$-0.06B,$0.23B,-407.02%,$-0.06B,$0.07B,-115.79%,$0.07B,$0.10B,73.33%,$0.07B,$0.10B,73.33%,$0.07B,$0.74B,10.11%,$-0.02B,$0.58B,-3.04%,$13,$10,$3,$0,$1,$11,$2,$-3,$-0,$0,$-1,$-1,$-1,$2,$2,$0,0,$0.00,$0.00,$69,$1,$0,$79,$0,$486,$0,$6,$492,$742,$124,$486,$19,$522,$647,$0,$-44,$0,$95,$742,$0,$0,$0,$0,$0,$0,$0,$0,$0,$0,$0,$0,$0,$0,$0,$0,$0,$0,$0,$0,$0,$0,$0,$0,$0,$0,$0,$0,$0
6,2015-06-30,3.96,$0.00,0.0,0,0.0,0,0.0,0,0.0,$0.11B,$0.14B,0.83,$0.50B,$0.09B,5.58,$0.02B,$-0.00B,-19.05%,$0.02B,$-0.01B,-66.67%,$0.02B,$-0.01B,-66.67%,$0.02B,$-0.14B,-666.67%,$0.02B,$0.09B,433.33%,$0.02B,$-0.07B,-347.62%,$-0.07B,$0.09B,-58.63%,$-0.07B,$0.09B,-58.63%,$-0.07B,$0.76B,-9.94%,$-0.01B,$0.59B,-2.72%,$63,$70,$-7,$0,$1,$71,$-8,$-11,$-18,$-0,$-18,$-18,$-18,$-8,$-8,$0,0,$0.00,$0.00,$103,$1,$1,$113,$0,$476,$0,$6,$482,$762,$136,$501,$18,$537,$672,$0,$-39,$0,$90,$762,$-55,$14,$0,$14,$0,$0,$0,$0,$0,$46,$0,$0,$0,$0,$0,$51,$-13,$38,$0,$-64,$0,$0,$0,$0,$-18,$-82,$-1,$0,$0
7,2015-03-31,3.87,$0.00,0.0,0,0.0,0,0.0,0,0.0,$0.15B,$0.12B,1.21,$0.57B,$0.12B,4.91,$-0.00B,$0.01B,-180.00%,$-0.00B,$-0.00B,40.00%,$-0.00B,$-0.00B,40.00%,$-0.00B,$-0.13B,2560.00%,$-0.00B,$-0.03B,680.00%,$-0.00B,$-0.20B,3940.00%,$-0.20B,$0.12B,-118.50%,$-0.20B,$0.12B,-118.50%,$-0.20B,$0.84B,-23.54%,$-0.00B,$0.68B,-0.40%,$17,$14,$3,$0,$5,$19,$-2,$-32,$-34,$1,$-34,$-34,$-34,$-2,$-2,$0,0,$0.00,$0.00,$91,$1,$43,$146,$0,$477,$0,$5,$482,$839,$121,$566,$19,$602,$724,$0,$-37,$0,$115,$839,$0,$0,$0,$0,$0,$0,$0,$0,$0,$0,$0,$0,$0,$0,$0,$0,$0,$0,$0,$0,$0,$0,$0,$0,$0,$0,$0,$0,$0
8,2014-12-31,5.04,$0.00,0.0,0,0.0,0,0.0,0,0.0,$0.03B,$0.01B,4.47,$0.19B,$0.06B,3.26,$0.00B,0,0.00%,$0.00B,$-0.01B,-900.00%,$0.00B,$-0.01B,-900.00%,$0.00B,$-0.14B,-13500.00%,$0.00B,$0.43B,42500.00%,$0.00B,$0.26B,26000.00%,$0.26B,$0.06B,109.13%,$0.26B,$0.06B,109.13%,$0.26B,$0.27B,27.24%,$-0.01B,$0.25B,-1.75%,$-150,$-145,$-6,$0,$2,$-142,$-8,$292,$284,$-0,$284,$119,$119,$-135,$-8,$0,0,$0.00,$0.00,$25,$0,$9,$34,$0,$230,$0,$4,$234,$269,$8,$194,$7,$201,$209,$255,$-17,$0,$60,$269,$259,$1,$0,$1,$0,$0,$0,$0,$4,$-7,$-0,$0,$9,$0,$0,$1,$1,$11,$0,$0,$0,$0,$0,$0,$-12,$-12,$-7,$0,$0
9,2014-09-30,8.91,$0.00,0.0,0,0.0,0,0.0,0,0.0,$0.15B,$0.49B,0.31,$0.30B,$0.23B,1.28,$0.21B,$0.03B,13.33%,$0.21B,$0.02B,7.14%,$0.21B,$0.02B,7.14%,$0.21B,$0.02B,7.62%,$0.21B,$0.05B,22.38%,$0.21B,$0.05B,22.38%,$0.05B,$0.23B,24.26%,$0.05B,$0.23B,24.26%,$0.05B,$1.07B,3.87%,$0.02B,$0.53B,3.57%,$91,$84,$6,$0,$2,$87,$4,$-145,$-141,$-1,$-140,$-140,$-140,$5,$4,$0,0,$0.00,$0.00,$107,$9,$0,$151,$0,$621,$0,$9,$629,$1067,$485,$297,$28,$349,$833,$0,$14,$0,$233,$1067,$286,$128,$0,$128,$0,$0,$0,$0,$0,$14,$-2,$0,$-1,$0,$0,$0,$4,$2,$0,$0,$-9,$0,$0,$0,$-16,$-25,$-10,$0,$0
10,2014-06-30,10.97,$0.00,0.0,0,0.0,0,0.0,0,0.0,$0.14B,$0.56B,0.24,$0.30B,$0.26B,1.18,$0.14B,$0.02B,10.42%,$0.14B,$0.00B,0.69%,$0.14B,$0.00B,0.69%,$0.14B,$0.00B,0.69%,$0.14B,$-0.02B,-12.50%,$0.14B,$-0.01B,-6.25%,$-0.01B,$0.26B,-7.09%,$-0.01B,$0.26B,-7.11%,$-0.01B,$1.17B,-0.70%,$0.00B,$0.56B,0.29%,$37,$31,$6,$0,$2,$34,$4,$-146,$-143,$-1,$-142,$-142,$-142,$4,$4,$0,0,$0.00,$0.00,$103,$7,$0,$135,$0,$716,$0,$11,$726,$1172,$557,$302,$30,$358,$915,$0,$23,$0,$257,$1172,$284,$127,$0,$127,$0,$0,$0,$0,$5,$14,$0,$0,$0,$0,$0,$0,$1,$1,$0,$0,$-9,$0,$0,$0,$-16,$-25,$-10,$0,$0
11,2014-03-31,13.68,$0.00,0.0,0,0.0,0,0.0,0,0.0,$0.20B,$0.54B,0.37,$0.31B,$0.40B,0.76,$0.13B,$0.00B,3.03%,$0.13B,$-0.01B,-9.09%,$0.13B,$-0.01B,-9.09%,$0.13B,$-0.01B,-9.09%,$0.13B,$-0.00B,-3.03%,$0.13B,$0.00B,2.27%,$0.00B,$0.40B,2.85%,$0.00B,$0.40B,2.88%,$0.00B,$1.31B,0.21%,$-0.01B,$0.71B,-3.75%,$23,$29,$-6,$0,$3,$31,$-9,$434,$425,$2,$423,$423,$423,$-9,$-9,$0,0,$0.00,$0.00,$170,$8,$0,$200,$0,$781,$0,$12,$793,$1310,$544,$306,$29,$363,$906,$11,$119,$0,$403,$1310,$0,$0,$0,$0,$0,$0,$0,$0,$0,$0,$0,$0,$0,$0,$0,$0,$0,$0,$0,$0,$0,$0,$0,$0,$0,$0,$0,$0,$0
12,2013-12-31,72.6,$0.00,0.0,0,0.0,0,0.0,0,0.0,$0.20B,$1.38B,0.15,$0.00B,$-0.12B,0.0,$0.14B,$0.01B,8.57%,$0.14B,$-0.00B,-3.57%,$0.14B,$-0.00B,-3.57%,$0.14B,$-0.00B,-3.57%,$0.14B,$-0.46B,-328.57%,$0.14B,$-0.45B,-322.14%,$-0.45B,$-0.12B,-540.12%,$-0.45B,$-0.12B,-567.30%,$-0.45B,$1.32B,-30.07%,$-0.00B,$-0.12B,-1.91%,$59,$38,$22,$0,$5,$43,$16,$-110,$-94,$-1,$-93,$-93,$-94,$16,$16,$0,0,$0.00,$0.00,$169,$6,$0,$200,$0,$782,$0,$14,$796,$1315,$1381,$0,$27,$51,$1433,$11,$-313,$0,$-118,$1315,$-451,$241,$-2,$238,$0,$0,$0,$0,$-0,$-5,$-6,$0,$28,$0,$0,$15,$66,$102,$0,$-27,$-121,$0,$0,$0,$-9,$-157,$-63,$0,$0
13,2013-09-30,70.8,$0.00,0.0,0,0.0,0,0.0,0,0.0,$0.15B,$1.09B,0.14,$0.25B,$-0.03B,-7.31,$0.03B,$-0.05B,-151.52%,$0.03B,$-0.05B,-148.48%,$0.03B,$-0.05B,-148.48%,$0.03B,$-0.05B,-148.48%,$0.03B,$-0.47B,-1436.36%,$0.03B,$-0.44B,-1336.36%,$-0.44B,$-0.03B,-211.76%,$-0.44B,$-0.04B,-219.40%,$-0.44B,$1.35B,-26.79%,$-0.05B,$0.22B,-8.53%,$25,$32,$-7,$0,$4,$36,$-10,$-196,$-206,$-8,$-198,$-198,$-196,$-10,$-10,$0,0,$0.00,$0.00,$110,$8,$0,$153,$0,$874,$2,$14,$890,$1352,$1087,$250,$27,$299,$1386,$11,$-248,$0,$-34,$1352,$0,$0,$0,$0,$0,$0,$0,$0,$0,$0,$0,$0,$0,$0,$0,$0,$0,$0,$0,$0,$0,$0,$0,$0,$0,$0,$0,$0,$0
14,2013-06-30,129.0,$0.00,0.0,0,0.0,0,0.0,0,0.0,$0.26B,$1.08B,0.24,$0.31B,$0.17B,1.8,$0.06B,$-0.04B,-63.49%,$0.06B,$-0.04B,-66.67%,$0.06B,$-0.04B,-66.67%,$0.06B,$-0.04B,-66.67%,$0.06B,$-0.28B,-441.27%,$0.06B,$-0.25B,-400.00%,$-0.25B,$0.17B,-77.12%,$-0.25B,$0.17B,-79.43%,$-0.25B,$1.61B,-13.93%,$-0.04B,$0.47B,-4.94%,$25,$30,$-5,$0,$4,$34,$-9,$-120,$-129,$1,$-130,$-130,$-130,$-9,$-9,$0,0,$0.00,$0.00,$201,$5,$19,$258,$0,$1013,$2,$26,$1041,$1605,$1075,$305,$26,$360,$1435,$11,$-102,$0,$170,$1605,$-161,$101,$-6,$96,$0,$0,$0,$0,$0,$-1,$-4,$0,$22,$0,$0,$31,$1,$51,$0,$-7,$-30,$0,$21,$0,$-1,$-17,$26,$0,$0
15,2013-03-31,136.2,$0.00,0.0,0,0.0,0,0.0,0,0.0,$1.14B,$1.22B,0.94,$0.16B,$0.32B,0.51,$0.10B,$-0.05B,-46.46%,$0.10B,$-0.05B,-50.51%,$0.10B,$-0.05B,-50.51%,$0.10B,$-0.05B,-50.51%,$0.10B,$-0.19B,-186.87%,$0.10B,$-0.16B,-158.59%,$-0.16B,$0.32B,-40.26%,$-0.16B,$0.30B,-41.51%,$-0.16B,$1.73B,-8.07%,$-0.05B,$0.48B,-4.59%,$31,$29,$2,$0,$4,$33,$-2,$-29,$-31,$-1,$-30,$-30,$-31,$-2,$-2,$0,0,$0.00,$0.00,$181,$6,$909,$1139,$0,$232,$12,$17,$261,$1727,$1216,$162,$4,$195,$1411,$10,$-10,$0,$316,$1727,$0,$0,$0,$0,$0,$0,$0,$0,$0,$0,$0,$0,$0,$0,$0,$0,$0,$0,$0,$0,$0,$0,$0,$0,$0,$0,$0,$0,$0
16,2012-12-31,108.0,$0.00,0.0,$271.37,0.4,0,0.0,$32.40,3.33,$1.48B,$0.73B,2.01,$0.75B,$0.38B,1.97,$0.18B,$0.01B,6.08%,$0.18B,$-0.00B,-1.66%,$0.18B,$-0.00B,-1.66%,$0.18B,$-0.00B,-1.66%,$0.18B,$-0.15B,-82.87%,$0.18B,$-0.11B,-62.43%,$-0.11B,$0.38B,-27.15%,$-0.11B,$0.37B,-28.07%,$-0.11B,$1.90B,-5.15%,$-0.00B,$1.13B,-0.22%,$-48,$-8,$-40,$-9,$-4,$-20,$-28,$-80,$-108,$1,$-109,$-109,$-84,$-28,$-28,$0,0,$0.00,$0.00,$231,$4,$1227,$1475,$0,$395,$13,$18,$425,$1900,$733,$749,$8,$787,$1520,$10,$22,$0,$381,$1900,$-147,$124,$-9,$115,$0,$0,$0,$0,$2,$-40,$-6,$0,$383,$0,$0,$36,$81,$495,$0,$-14,$-192,$0,$-49,$0,$-219,$-474,$-18,$0,$0
17,2012-09-30,135.0,$0.00,0.0,$271.37,0.5,0,0.0,$32.40,4.17,$1.61B,$0.65B,2.46,$0.88B,$0.44B,1.99,$0.28B,$0.05B,18.66%,$0.28B,$0.02B,7.75%,$0.28B,$0.02B,7.75%,$0.28B,$0.02B,7.75%,$0.28B,$-0.09B,-30.28%,$0.28B,$-0.08B,-27.46%,$-0.08B,$0.44B,-18.49%,$-0.08B,$0.43B,-19.20%,$-0.08B,$2.00B,-3.25%,$0.02B,$1.32B,1.42%,$55,$52,$3,$3,$3,$58,$-3,$-7,$-10,$-3,$-7,$-7,$-7,$-3,$-3,$0,0,$0.00,$0.00,$272,$9,$1310,$1607,$0,$4,$11,$37,$52,$2004,$653,$876,$3,$910,$1563,$10,$34,$0,$440,$2004,$0,$0,$0,$0,$0,$0,$0,$0,$0,$0,$0,$0,$0,$0,$0,$0,$0,$0,$0,$0,$0,$0,$0,$0,$0,$0,$0,$0,$0
18,2012-06-30,135.6,$0.00,0.0,$271.37,0.5,0,0.0,$32.40,4.18,$1.76B,$0.68B,2.59,$1.01B,$0.42B,2.39,$0.29B,$0.06B,19.38%,$0.29B,$0.02B,7.61%,$0.29B,$0.02B,7.61%,$0.29B,$0.02B,7.61%,$0.29B,$-0.07B,-23.53%,$0.29B,$-0.08B,-26.99%,$-0.08B,$0.42B,-17.98%,$-0.08B,$0.41B,-18.75%,$-0.08B,$2.15B,-2.97%,$0.02B,$1.44B,1.28%,$61,$72,$-11,$3,$3,$78,$-17,$-19,$-36,$-2,$-35,$-35,$-35,$-17,$-17,$0,0,$0.00,$0.00,$452,$8,$1283,$1757,$0,$5,$11,$36,$52,$2152,$679,$1013,$3,$1049,$1729,$10,$37,$0,$423,$2152,$0,$0,$0,$0,$0,$0,$0,$0,$0,$0,$0,$0,$0,$0,$0,$0,$0,$0,$0,$0,$0,$0,$0,$0,$0,$0,$0,$0,$0
19,2012-03-31,157.2,$0.00,0.0,$271.37,0.58,0,0.0,$32.40,4.85,$2.31B,$1.18B,1.97,$1.08B,$0.42B,2.57,$0.29B,$0.07B,25.09%,$0.29B,$0.04B,12.03%,$0.29B,$0.04B,12.03%,$0.29B,$0.04B,12.03%,$0.29B,$-0.03B,-9.62%,$0.29B,$-0.04B,-13.40%,$-0.04B,$0.42B,-8.06%,$-0.04B,$0.40B,-8.41%,$-0.04B,$2.72B,-1.35%,$0.04B,$1.50B,1.78%,$113,$53,$59,$3,$11,$67,$45,$-41,$4,$0,$4,$13,$13,$45,$45,$0,0,$32.40,$32.40,$235,$14,$2048,$2313,$0,$104,$20,$3,$126,$2718,$1175,$1080,$16,$1123,$2297,$10,$74,$0,$421,$2718,$0,$0,$0,$0,$0,$0,$0,$0,$0,$0,$0,$0,$0,$0,$0,$0,$0,$0,$0,$0,$0,$0,$0,$0,$0,$0,$0,$0,$0
20,2011-12-31,138.0,$0.00,0.0,0,0.0,0,0.0,0,0.0,$1.58B,$0.75B,2.13,$1.53B,$0.40B,3.79,$0.23B,$0.02B,7.69%,$0.23B,$-0.02B,-6.41%,$0.23B,$-0.02B,-6.41%,$0.23B,$-0.02B,-6.41%,$0.23B,$-0.04B,-18.80%,$0.23B,$-0.06B,-27.35%,$-0.06B,$0.40B,-11.85%,$-0.06B,$0.38B,-12.33%,$-0.06B,$2.71B,-2.11%,$-0.02B,$1.93B,-0.69%,$55,$53,$2,$3,$2,$57,$-3,$-41,$-44,$8,$-52,$-52,$-49,$-3,$-3,$0,0,$0.00,$0.00,$265,$13,$1288,$1584,$0,$702,$19,$103,$825,$2714,$745,$1525,$14,$1567,$2311,$10,$60,$0,$403,$2714,$-65,$90,$-3,$88,$0,$0,$0,$0,$-68,$-63,$-18,$0,$0,$0,$0,$98,$20,$99,$0,$66,$-0,$0,$0,$0,$-232,$-166,$-115,$0,$0
21,2011-09-30,147.0,$0.00,0.0,0,0.0,0,0.0,0,0.0,$1.77B,$0.83B,2.12,$1.51B,$0.49B,3.1,$0.34B,$0.10B,28.02%,$0.34B,$0.06B,18.58%,$0.34B,$0.06B,18.58%,$0.34B,$0.06B,18.58%,$0.34B,$0.01B,4.13%,$0.34B,$0.00B,0.29%,$0.00B,$0.49B,0.17%,$0.00B,$0.47B,0.17%,$0.00B,$2.91B,0.03%,$0.06B,$2.00B,2.80%,$60,$54,$6,$4,$5,$64,$-3,$11,$8,$15,$-7,$-7,$-7,$-3,$-3,$0,0,$0.00,$0.00,$371,$16,$1364,$1765,$0,$693,$20,$114,$827,$2910,$831,$1512,$57,$1591,$2422,$10,$98,$0,$488,$2910,$0,$0,$0,$0,$0,$0,$0,$0,$0,$0,$0,$0,$0,$0,$0,$0,$0,$0,$0,$0,$0,$0,$0,$0,$0,$0,$0,$0,$0
22,2011-06-30,367.8,$0.00,0.0,0,0.0,0,0.0,0,0.0,$2.04B,$0.79B,2.58,$1.80B,$0.62B,2.88,$0.34B,$0.10B,29.82%,$0.34B,$0.07B,19.01%,$0.34B,$0.07B,19.01%,$0.34B,$0.07B,19.01%,$0.34B,$-0.02B,-5.56%,$0.34B,$-0.01B,-4.09%,$-0.01B,$0.62B,-2.69%,$-0.01B,$0.60B,-2.79%,$-0.01B,$3.25B,-0.45%,$0.07B,$2.42B,2.97%,$63,$57,$6,$5,$5,$67,$-4,$8,$4,$-0,$4,$4,$4,$-4,$-4,$0,0,$0.00,$0.00,$546,$15,$1465,$2042,$0,$652,$22,$186,$860,$3249,$791,$1799,$27,$1835,$2625,$11,$118,$0,$624,$3249,$0,$0,$0,$0,$0,$0,$0,$0,$0,$0,$0,$0,$0,$0,$0,$0,$0,$0,$0,$0,$0,$0,$0,$0,$0,$0,$0,$0,$0
23,2011-03-31,707.4,$0.00,0.0,$315.51,2.24,$-193.10,0.0,$121.21,5.84,$2.04B,$0.81B,2.52,$1.75B,$0.65B,2.72,$0.43B,$0.20B,46.26%,$0.43B,$0.16B,38.08%,$0.43B,$0.16B,38.08%,$0.43B,$0.16B,38.08%,$0.43B,$0.05B,12.62%,$0.43B,$0.04B,9.11%,$0.04B,$0.65B,9.31%,$0.04B,$0.62B,9.68%,$0.04B,$3.24B,1.27%,$0.16B,$2.40B,8.02%,$56,$52,$4,$5,$4,$61,$-5,$-8,$-12,$-0,$-12,$-12,$-12,$-5,$-5,$0,0,$0.00,$0.00,$625,$16,$1354,$2040,$0,$4,$22,$189,$214,$3240,$811,$1751,$26,$1785,$2595,$11,$124,$0,$645,$3240,$0,$0,$0,$0,$0,$0,$0,$0,$0,$0,$0,$0,$0,$0,$0,$0,$0,$0,$0,$0,$0,$0,$0,$0,$0,$0,$0,$0,$0
24,2010-12-31,799.2,$0.00,0.0,$315.51,2.53,$-193.10,0.0,$121.21,6.59,$1.85B,$0.82B,2.27,$1.56B,$0.61B,2.54,$0.42B,$0.19B,44.95%,$0.42B,$0.15B,36.54%,$0.42B,$0.15B,36.54%,$0.42B,$0.15B,36.54%,$0.42B,$0.02B,4.81%,$0.42B,$0.01B,1.20%,$0.01B,$0.61B,1.64%,$0.01B,$0.60B,1.72%,$0.01B,$3.02B,0.17%,$0.15B,$2.17B,8.47%,$160,$82,$79,$5,$-1,$85,$75,$-60,$14,$0,$14,$14,$16,$75,$75,$0,0,$0.00,$0.00,$529,$13,$1264,$1852,$0,$7,$14,$188,$209,$3016,$815,$1557,$25,$1587,$2402,$11,$140,$0,$614,$3016,$21,$33,$-1,$32,$0,$0,$0,$0,$-88,$-94,$-16,$0,$0,$0,$0,$-112,$42,$-86,$0,$41,$112,$0,$-8,$0,$-58,$86,$-132,$0,$0
25,2010-09-30,804.01,$0.00,0.0,$315.51,2.55,$-193.10,0.0,$121.21,6.63,$1.80B,$0.84B,2.15,$1.58B,$0.20B,8.03,$0.31B,$0.10B,32.35%,$0.31B,$0.06B,18.30%,$0.31B,$0.06B,18.30%,$0.31B,$0.06B,18.30%,$0.31B,$-0.08B,-24.51%,$0.31B,$-0.08B,-27.45%,$-0.08B,$0.20B,-39.48%,$-0.08B,$0.18B,-42.26%,$-0.08B,$3.02B,-3.05%,$0.06B,$1.77B,3.50%,$63,$49,$13,$4,$10,$63,$-1,$-24,$-25,$-3,$-22,$-22,$-22,$-1,$-1,$0,0,$0.00,$0.00,$510,$16,$1253,$1798,$0,$8,$14,$164,$186,$3022,$838,$1575,$13,$1988,$2826,$10,$116,$0,$196,$3022,$0,$0,$0,$0,$0,$0,$0,$0,$0,$0,$0,$0,$0,$0,$0,$0,$0,$0,$0,$0,$0,$0,$0,$0,$0,$0,$0,$0,$0
26,2010-06-30,871.2,$0.00,0.0,$315.51,2.76,$-193.10,0.0,$121.21,7.19,$1.74B,$0.85B,2.04,$1.57B,$0.22B,7.11,$0.28B,$0.08B,28.27%,$0.28B,$0.04B,14.84%,$0.28B,$0.04B,14.84%,$0.28B,$0.04B,14.84%,$0.28B,$-0.09B,-31.45%,$0.28B,$-0.10B,-36.40%,$-0.10B,$0.22B,-43.28%,$-0.10B,$0.21B,-45.88%,$-0.10B,$3.02B,-3.96%,$0.04B,$1.79B,2.67%,$149,$47,$102,$4,$4,$55,$94,$-16,$77,$5,$73,$57,$57,$94,$94,$0,0,$121.21,$121.21,$484,$14,$1216,$1736,$0,$10,$14,$172,$196,$3016,$849,$1568,$14,$1947,$2796,$10,$136,$0,$221,$3016,$27,$12,$0,$12,$0,$0,$0,$0,$-67,$-81,$-10,$0,$0,$0,$0,$-38,$-8,$-56,$0,$28,$82,$0,$-2,$0,$-31,$78,$-82,$0,$0
27,2010-03-31,1351.8,$0.00,0.0,0,0.0,0,0.0,0,0.0,$1.83B,$0.72B,2.55,$1.26B,$0.19B,6.83,$0.18B,$-0.03B,-14.86%,$0.18B,$-0.06B,-36.57%,$0.18B,$-0.06B,-36.57%,$0.18B,$-0.06B,-36.57%,$0.18B,$-0.24B,-136.57%,$0.18B,$-0.22B,-126.86%,$-0.22B,$0.19B,-84.57%,$-0.22B,$0.17B,-88.98%,$-0.22B,$2.48B,-9.19%,$-0.06B,$1.45B,-4.27%,$44,$50,$-7,$4,$5,$59,$-16,$-30,$-46,$0,$-46,$-46,$-46,$-16,$-16,$0,0,$0.00,$0.00,$599,$14,$1178,$1829,$0,$11,$14,$159,$184,$2483,$717,$1261,$13,$1581,$2298,$10,$78,$0,$185,$2483,$0,$0,$0,$0,$0,$0,$0,$0,$0,$0,$0,$0,$0,$0,$0,$0,$0,$0,$0,$0,$0,$0,$0,$0,$0,$0,$0,$0,$0
28,2009-12-31,1318.8,$0.00,0.0,0,0.0,0,0.0,0,0.0,$1.80B,$0.73B,2.46,$1.14B,$0.25B,4.59,$0.18B,$-0.01B,-4.37%,$0.18B,$-0.05B,-24.59%,$0.18B,$-0.05B,-24.59%,$0.18B,$-0.05B,-24.59%,$0.18B,$-0.19B,-102.19%,$0.18B,$-0.17B,-95.08%,$-0.17B,$0.25B,-56.82%,$-0.17B,$0.24B,-59.18%,$-0.17B,$2.48B,-7.41%,$-0.05B,$1.39B,-3.04%,$50,$60,$-9,$7,$6,$72,$-21,$-59,$-81,$-3,$-77,$-77,$-73,$-21,$-21,$0,0,$0.00,$0.00,$549,$12,$1191,$1795,$0,$11,$14,$202,$227,$2481,$730,$1144,$30,$1501,$2231,$10,$113,$0,$249,$2481,$-173,$84,$-1,$83,$0,$0,$0,$0,$-168,$-200,$-27,$0,$0,$0,$0,$30,$55,$57,$0,$50,$97,$0,$0,$0,$-66,$82,$-48,$0,$0
29,2009-09-30,1503.0,$0.00,0.0,0,0.0,0,0.0,0,0.0,$1.74B,$0.46B,3.82,$1.36B,$0.00B,0.0,$0.18B,$0.01B,7.69%,$0.18B,$-0.02B,-9.34%,$0.18B,$-0.02B,-9.34%,$0.18B,$-0.02B,-9.34%,$0.18B,$-0.10B,-54.95%,$0.18B,$-0.10B,-52.20%,$-0.10B,$0.30B,-28.42%,$-0.10B,$0.29B,-29.46%,$-0.10B,$2.43B,-4.13%,$-0.02B,$1.66B,-1.13%,$40,$46,$-6,$5,$4,$55,$-15,$-25,$-39,$1,$-41,$-41,$-41,$-15,$-15,$0,0,$0.00,$0.00,$492,$12,$1183,$1737,$0,$33,$12,$213,$259,$2427,$455,$1359,$35,$1675,$2130,$0,$0,$0,$297,$2427,$0,$0,$0,$0,$0,$0,$0,$0,$0,$0,$0,$0,$0,$0,$0,$0,$0,$0,$0,$0,$0,$0,$0,$0,$0,$0,$0,$0,$0
30,2009-06-30,1172.4,$0.00,0.0,0,0.0,0,0.0,0,0.0,$1.59B,$0.47B,3.34,$1.18B,$0.00B,0.0,$0.18B,$0.01B,3.85%,$0.18B,$-0.02B,-13.19%,$0.18B,$-0.02B,-13.19%,$0.18B,$-0.02B,-13.19%,$0.18B,$-0.08B,-45.05%,$0.18B,$-0.08B,-41.21%,$-0.08B,$0.32B,-21.14%,$-0.08B,$0.31B,-21.90%,$-0.08B,$2.27B,-3.24%,$-0.02B,$1.50B,-1.57%,$41,$46,$-4,$4,$4,$54,$-12,$-61,$-73,$-11,$-62,$-62,$-62,$-12,$-12,$0,0,$0.00,$0.00,$428,$11,$1093,$1585,$0,$32,$12,$223,$267,$2272,$474,$1181,$32,$1479,$1953,$0,$0,$0,$319,$2272,$-60,$22,$0,$22,$0,$0,$0,$0,$-115,$-136,$-13,$0,$5,$0,$0,$22,$2,$16,$0,$30,$16,$0,$0,$0,$-31,$15,$-91,$0,$0
31,2009-03-31,901.2,$0.00,0.0,0,0.0,0,0.0,0,0.0,$1.57B,$0.53B,2.95,$1.01B,$0.00B,0.0,$0.29B,$0.04B,12.94%,$0.29B,$0.00B,1.05%,$0.29B,$0.00B,1.05%,$0.29B,$0.00B,1.05%,$0.29B,$0.01B,2.10%,$0.29B,$0.00B,1.05%,$0.00B,$0.36B,0.77%,$0.00B,$0.35B,0.79%,$0.00B,$2.22B,0.12%,$0.00B,$1.37B,0.18%,$52,$40,$11,$4,$4,$48,$3,$3,$6,$3,$2,$2,$2,$3,$3,$0,0,$0.00,$0.00,$471,$11,$1080,$1572,$0,$31,$11,$204,$247,$2218,$532,$1014,$33,$1326,$1858,$0,$0,$0,$360,$2218,$0,$0,$0,$0,$0,$0,$0,$0,$0,$0,$0,$0,$0,$0,$0,$0,$0,$0,$0,$0,$0,$0,$0,$0,$0,$0,$0,$0,$0
32,2008-12-31,516.6,$0.00,0.0,0,0.0,0,0.0,0,0.0,$1.58B,$0.48B,3.29,$1.12B,$0.36B,3.1,$0.29B,$0.04B,12.46%,$0.29B,$0.00B,1.04%,$0.29B,$0.00B,1.04%,$0.29B,$0.00B,1.04%,$0.29B,$-0.00B,-0.35%,$0.29B,$-0.01B,-2.42%,$-0.01B,$0.36B,-1.60%,$-0.01B,$0.35B,-1.65%,$-0.01B,$2.29B,-0.28%,$0.00B,$1.48B,0.17%,$49,$35,$13,$3,$3,$41,$7,$-2,$6,$7,$-2,$5,$6,$7,$7,$0,0,$0.00,$0.00,$552,$10,$971,$1578,$0,$12,$12,$237,$262,$2286,$479,$1120,$29,$1446,$1925,$224,$173,$0,$361,$2286,$-6,$34,$0,$34,$0,$0,$0,$0,$0,$58,$-134,$0,$3,$0,$0,$-155,$70,$-217,$0,$139,$272,$0,$0,$-44,$-113,$254,$72,$0,$0
33,2008-09-30,1139.4,$0.00,0.0,0,0.0,0,0.0,0,0.0,$1.49B,$0.36B,4.19,$1.39B,$0.38B,3.67,$0.85B,$0.31B,36.23%,$0.85B,$0.26B,30.01%,$0.85B,$0.26B,30.01%,$0.85B,$0.26B,30.01%,$0.85B,$0.24B,27.78%,$0.85B,$0.24B,27.78%,$0.24B,$0.38B,49.45%,$0.24B,$0.37B,50.94%,$0.24B,$2.47B,9.54%,$0.26B,$1.77B,14.04%,$40,$53,$-13,$5,$4,$62,$-22,$1,$-21,$-0,$-21,$-21,$-21,$-22,$-22,$0,0,$0.00,$0.00,$682,$11,$748,$1492,$0,$203,$14,$280,$497,$2471,$356,$1390,$25,$1736,$2092,$11,$296,$0,$379,$2471,$0,$0,$0,$0,$0,$0,$0,$0,$0,$0,$0,$0,$0,$0,$0,$0,$0,$0,$0,$0,$0,$0,$0,$0,$0,$0,$0,$0,$0
34,2008-06-30,2520.0,$0.00,0.0,0,0.0,0,0.0,0,0.0,$1.64B,$0.26B,6.35,$1.55B,$0.47B,3.31,$0.90B,$0.33B,36.71%,$0.90B,$0.28B,31.03%,$0.90B,$0.28B,31.03%,$0.90B,$0.28B,31.03%,$0.90B,$0.24B,26.81%,$0.90B,$0.24B,26.92%,$0.24B,$0.47B,50.97%,$0.24B,$0.45B,53.22%,$0.24B,$2.64B,10.29%,$0.28B,$2.02B,18.97%,$145,$120,$26,$5,$6,$130,$15,$0,$15,$-1,$16,$16,$16,$15,$15,$0,0,$0.00,$0.00,$792,$9,$688,$1637,$0,$206,$14,$273,$493,$2643,$258,$1547,$26,$1917,$2175,$11,$566,$0,$468,$2643,$0,$0,$0,$0,$0,$0,$0,$0,$0,$0,$0,$0,$0,$0,$0,$0,$0,$0,$0,$0,$0,$0,$0,$0,$0,$0,$0,$0,$0
35,2008-03-31,2442.53,$0.00,0.0,0,0.0,0,0.0,0,0.0,$1.85B,$0.34B,5.46,$1.37B,$0.00B,0.0,$0.83B,$0.34B,41.16%,$0.83B,$0.29B,35.38%,$0.83B,$0.29B,35.38%,$0.83B,$0.29B,35.38%,$0.83B,$0.25B,29.60%,$0.83B,$0.24B,28.88%,$0.24B,$0.54B,53.54%,$0.24B,$0.53B,56.47%,$0.24B,$2.63B,11.34%,$0.29B,$1.91B,27.79%,$55,$45,$10,$5,$2,$52,$3,$-4,$-1,$1,$-1,$-8,$-8,$3,$3,$0,0,$0.00,$0.00,$1087,$9,$734,$1852,$0,$17,$14,$107,$137,$2630,$339,$1366,$27,$1750,$2089,$0,$0,$0,$541,$2630,$0,$0,$0,$0,$0,$0,$0,$0,$0,$0,$0,$0,$0,$0,$0,$0,$0,$0,$0,$0,$0,$0,$0,$0,$0,$0,$0,$0,$0
36,2007-12-31,3168.64,$0.00,0.0,0,0.0,0,0.0,0,0.0,$1.53B,$0.24B,6.27,$1.07B,$0.53B,2.03,$0.91B,$0.34B,37.25%,$0.91B,$0.29B,31.98%,$0.91B,$0.29B,31.98%,$0.91B,$0.29B,31.98%,$0.91B,$0.24B,26.37%,$0.91B,$0.24B,26.26%,$0.24B,$0.53B,59.97%,$0.24B,$0.52B,64.25%,$0.24B,$2.20B,13.08%,$0.29B,$1.60B,43.66%,$613,$327,$286,$7,$18,$353,$260,$-16,$244,$3,$241,$249,$250,$260,$260,$0,0,$0.00,$0.00,$550,$7,$555,$1525,$0,$15,$13,$67,$95,$2196,$243,$1072,$27,$1424,$1667,$10,$320,$0,$529,$2196,$239,$29,$-2,$27,$0,$0,$0,$0,$0,$-222,$-141,$0,$10,$0,$0,$84,$-92,$-139,$0,$-84,$373,$0,$0,$-42,$-65,$182,$-191,$0,$0
37,2007-09-30,2800.39,$0.00,0.0,0,0.0,0,0.0,0,0.0,$1.43B,$0.32B,4.45,$0.00B,$0.36B,0.0,$0.57B,$0.22B,38.87%,$0.57B,$0.19B,33.04%,$0.57B,$0.19B,33.04%,$0.57B,$0.19B,33.04%,$0.57B,$0.14B,24.73%,$0.57B,$0.14B,24.03%,$0.14B,$0.36B,37.67%,$0.14B,$0.32B,40.27%,$0.14B,$1.94B,8.28%,$0.19B,$0.36B,51.80%,$86,$78,$8,$4,$4,$85,$1,$-17,$-17,$-1,$-16,$-17,$-16,$1,$1,$0,0,$0.00,$0.00,$767,$7,$595,$1431,$0,$27,$38,$7,$72,$1942,$322,$0,$1086,$1260,$1582,$9,$145,$0,$361,$1942,$0,$0,$0,$0,$0,$0,$0,$0,$0,$0,$0,$0,$0,$0,$0,$0,$0,$0,$0,$0,$0,$0,$0,$0,$0,$0,$0,$0,$0
38,2007-06-30,2648.92,$0.00,0.0,$105.20,25.18,0,0.0,$-4.20,0.0,$1.10B,$0.32B,3.46,$0.00B,$0.36B,0.0,$0.53B,$0.22B,42.48%,$0.53B,$0.19B,36.38%,$0.53B,$0.19B,36.38%,$0.53B,$0.19B,36.38%,$0.53B,$0.15B,29.14%,$0.53B,$0.15B,28.57%,$0.15B,$0.36B,46.19%,$0.15B,$0.33B,48.23%,$0.15B,$1.69B,10.41%,$0.19B,$0.36B,58.81%,$77,$38,$38,$4,$4,$46,$30,$-10,$20,$2,$18,$14,$14,$30,$30,$0,0,$0.00,$0.00,$595,$7,$418,$1100,$0,$24,$28,$8,$60,$1694,$318,$0,$851,$1014,$1332,$9,$351,$0,$362,$1694,$0,$0,$0,$0,$0,$0,$0,$0,$0,$0,$0,$0,$0,$0,$0,$0,$0,$0,$0,$0,$0,$0,$0,$0,$0,$0,$0,$0,$0
39,2007-03-31,2367.93,$0.00,0.0,$193.62,12.23,0,0.0,$-37.20,0.0,$0.85B,$0.24B,3.62,$0.00B,$0.34B,0.0,$0.49B,$0.19B,38.76%,$0.49B,$0.16B,32.16%,$0.49B,$0.16B,32.16%,$0.49B,$0.16B,32.16%,$0.49B,$0.12B,24.33%,$0.49B,$0.12B,25.15%,$0.12B,$0.34B,42.43%,$0.12B,$0.32B,43.46%,$0.12B,$1.48B,9.66%,$0.16B,$0.34B,54.26%,$134,$127,$7,$3,$4,$134,$-0,$-7,$-7,$0,$-7,$-9,$-9,$-0,$-0,$0,0,$0.00,$0.00,$496,$7,$246,$854,$0,$39,$27,$10,$76,$1475,$236,$0,$741,$897,$1133,$9,$143,$0,$342,$1475,$0,$0,$0,$0,$0,$0,$0,$0,$0,$0,$0,$0,$0,$0,$0,$0,$0,$0,$0,$0,$0,$0,$0,$0,$0,$0,$0,$0,$0
40,2006-12-31,1757.23,$0.00,0.0,$297.72,5.9,0,0.0,$-33.00,0.0,$0.84B,$0.19B,4.33,$0.00B,$0.38B,0.0,$0.39B,$0.19B,49.24%,$0.39B,$0.16B,41.37%,$0.39B,$0.16B,41.37%,$0.39B,$0.16B,41.37%,$0.39B,$0.12B,31.22%,$0.39B,$0.13B,33.76%,$0.13B,$0.38B,52.52%,$0.13B,$0.38B,52.52%,$0.13B,$1.46B,11.75%,$0.16B,$0.38B,64.36%,$269,$102,$167,$5,$6,$113,$156,$-12,$144,$-0,$145,$145,$147,$156,$156,$0,0,$0.00,$0.00,$575,$6,$216,$838,$0,$15,$0,$56,$71,$1458,$193,$0,$736,$885,$1079,$9,$342,$0,$379,$1458,$133,$0,$3,$3,$0,$0,$0,$0,$0,$-124,$-41,$0,$-0,$0,$0,$-5,$0,$-47,$0,$-5,$272,$0,$317,$-29,$0,$555,$393,$0,$0
