,Date,Stock Price,Book Value per Share,Price to Book Ratio,TTM Sales per Share,Price to Sales Ratio,TTM FCF per Share,Price to FCF Ratio,TTM Net EPS,PE Ratio,Current Assets,Current Liabilities,Current Ratio,Long Term Debt,Shareholder's Equity_x,Debt to Equity Ratio,TTM Revenue_x,TTM Gross Profit,Gross Margin,TTM Revenue_y,TTM Operating Income,Operating Margin,TTM Revenue_x,TTM EBIT,EBIT Margin,TTM Revenue_y,TTM EBITDA,EBITDA Margin,TTM Revenue_x,TTM Pre-Tax Income,Pre-Tax Margin,TTM Revenue_y,TTM Net Income_x,Net Margin,TTM Net Income_y,Shareholder's Equity_y,Return on Equity,TTM Net Income_x,Tangible Equity,Return on Tangible Equity,TTM Net Income_y,Total Assets,Return on Assets,TTM Net Income,LT Investments & Debt,Return on Investment,revenue,cost-goods-sold,gross-profit,research-development-expenses,selling-general-administrative-expenses,operating-expenses,operating-income,total-non-operating-income-expense,pre-tax-income,total-provision-income-taxes,income-after-taxes,income-from-continuous-operations,net-income,ebitda,ebit,basic-shares-outstanding,shares-outstanding,eps-basic-net-earnings-per-share,eps-earnings-per-share-diluted,cash-on-hand,inventory,other-current-assets,total-current-assets,net-property-plant-equipment,long-term-investments,goodwill-intangible-assets-total,other-long-term-assets,total-long-term-assets,total-assets,total-current-liabilities,long-term-debt,other-non-current-liabilities,total-long-term-liabilities,total-liabilities,common-stock-net,retained-earnings-accumulated-deficit,comprehensive-income,total-share-holder-equity,total-liabilities-share-holders-equity,net-income-loss,total-depreciation-amortization-cash-flow,other-non-cash-items,total-non-cash-items,change-in-accounts-receivable,change-in-inventories,change-in-accounts-payable,change-in-assets-liabilities,total-change-in-assets-liabilities,cash-flow-from-operating-activities,net-change-in-property-plant-equipment,net-change-in-intangible-assets,net-acquisitions-divestitures,net-change-in-short-term-investments,net-change-in-long-term-investments,net-change-in-investments-total,investing-activities-other,cash-flow-from-investing-activities,net-long-term-debt,net-current-debt,debt-issuance-retirement-net-total,net-common-equity-issued-repurchased,net-total-equity-issued-repurchased,total-common-preferred-stock-dividends-paid,financial-activities-other,cash-flow-from-financial-activities,net-cash-flow,stock-based-compensation,common-stock-dividends-paid
0,2018-08-31,5.08,$7.81,0.65,$9.90,0.51,$21.46,0.24,$2.69,1.89,$0.03B,$0.06B,0.59,$0.05B,$0.10B,0.52,$0.13B,$0.02B,18.40%,$0.13B,$0.04B,32.00%,$0.13B,$0.04B,32.00%,$0.13B,$0.05B,36.80%,$0.13B,$0.03B,24.80%,$0.13B,$0.04B,28.80%,$0.04B,$0.10B,41.62%,$0.04B,$-0.08B,-37.60%,$0.04B,$0.24B,13.93%,$0.04B,$0.15B,22.89%,$32,$26,$6,$0,$3,$30,$2,$-2,$1,$0,$0,$0,$-0,$4,$2,$13,13,$-0.03,$-0.03,$8,$0,$2,$34,$25,$0,$176,$9,$210,$244,$58,$52,$6,$86,$143,$0,$-524,$0,$101,$244,$25,$2,$-34,$-32,$0,$0,$0,$1,$6,$-1,$60,$0,$0,$0,$0,$0,$0,$60,$-54,$0,$-54,$0,$0,$-3,$-0,$-57,$2,$1,$-3
1,2018-05-31,5.41,$7.83,0.69,$10.76,0.5,$22.54,0.24,$8.31,0.65,$0.04B,$0.06B,0.62,$0.05B,$0.10B,0.53,$0.14B,$0.03B,19.12%,$0.14B,$0.12B,88.24%,$0.14B,$0.12B,88.24%,$0.14B,$0.13B,92.65%,$0.14B,$0.11B,77.21%,$0.14B,$0.11B,77.94%,$0.11B,$0.10B,136.33%,$0.11B,$-0.08B,-95.71%,$0.11B,$0.25B,39.74%,$0.12B,$0.16B,65.04%,$28,$22,$6,$0,$3,$-7,$35,$-3,$32,$8,$24,$24,$23,$36,$35,$12,13,$1.88,$1.75,$12,$0,$2,$36,$26,$0,$176,$8,$210,$246,$58,$53,$7,$87,$145,$0,$-524,$0,$101,$246,$24,$1,$-34,$-33,$3,$0,$0,$1,$8,$-1,$60,$0,$0,$0,$0,$0,$0,$60,$-52,$0,$-52,$0,$0,$-2,$-0,$-54,$5,$0,$-2
2,2018-02-28,4.17,$6.12,0.68,$11.95,0.35,$17.25,0.24,$6.54,0.64,$0.06B,$0.03B,1.83,$0.12B,$0.08B,1.57,$0.15B,$0.03B,19.59%,$0.15B,$0.09B,60.81%,$0.15B,$0.09B,60.81%,$0.15B,$0.10B,65.54%,$0.15B,$0.07B,50.00%,$0.15B,$0.08B,56.08%,$0.08B,$0.08B,161.17%,$0.08B,$-0.10B,-57.94%,$0.08B,$0.27B,30.07%,$0.09B,$0.20B,46.45%,$30,$24,$6,$0,$5,$31,$-1,$-3,$-3,$-16,$13,$13,$13,$1,$-1,$12,13,$1.00,$0.95,$6,$0,$30,$60,$27,$0,$176,$8,$211,$271,$33,$123,$6,$160,$193,$0,$-547,$0,$78,$271,$85,$6,$-82,$-76,$5,$0,$0,$-4,$-9,$0,$78,$0,$0,$0,$0,$0,$0,$78,$-79,$0,$-79,$0,$0,$-5,$-2,$-86,$-7,$3,$-5
3,2017-11-30,3.69,$5.17,0.71,$13.12,0.28,$14.91,0.25,$4.93,0.75,$0.04B,$0.03B,1.09,$0.12B,$0.07B,1.87,$0.16B,$0.03B,17.39%,$0.16B,$0.09B,53.42%,$0.16B,$0.09B,53.42%,$0.16B,$0.09B,55.28%,$0.16B,$0.07B,41.61%,$0.16B,$0.06B,38.51%,$0.06B,$0.07B,200.00%,$0.06B,$-0.14B,-36.31%,$0.06B,$0.27B,22.10%,$0.09B,$0.19B,45.26%,$35,$30,$5,$0,$0,$31,$4,$-3,$1,$0,$0,$0,$-0,$5,$4,$12,12,$-0.02,$-0.02,$6,$0,$1,$35,$28,$0,$201,$9,$238,$273,$32,$124,$6,$175,$207,$0,$-560,$0,$66,$273,$72,$5,$-69,$-64,$2,$0,$0,$-2,$-11,$-3,$79,$0,$0,$0,$0,$0,$0,$79,$-78,$0,$-78,$0,$0,$-4,$-2,$-83,$-7,$2,$-4
4,2017-08-31,2.65,$5.22,0.51,$14.80,0.18,$11.38,0.23,$6.38,0.42,$0.04B,$0.04B,1.11,$0.13B,$0.07B,1.89,$0.18B,$0.03B,16.48%,$0.18B,$0.11B,58.24%,$0.18B,$0.11B,58.24%,$0.18B,$0.11B,59.89%,$0.18B,$0.09B,46.70%,$0.18B,$0.08B,43.96%,$0.08B,$0.07B,507.94%,$0.08B,$-0.14B,-42.44%,$0.08B,$0.28B,27.80%,$0.11B,$0.19B,54.22%,$43,$34,$9,$0,$3,$-39,$82,$-7,$75,$4,$71,$71,$70,$84,$82,$12,13,$5.69,$5.59,$7,$0,$2,$39,$29,$0,$202,$8,$239,$277,$35,$125,$6,$176,$211,$0,$-560,$0,$66,$277,$71,$3,$-71,$-67,$0,$0,$0,$2,$-11,$-7,$79,$0,$0,$0,$0,$0,$0,$79,$-75,$0,$-75,$0,$0,$-2,$-2,$-79,$-7,$1,$-2
5,2017-05-31,3.26,$-0.31,-10.66,$16.16,0.2,$6.06,0.54,$0.82,3.98,$0.04B,$0.04B,1.03,$0.20B,$-0.00B,-51.12,$0.20B,$0.03B,16.67%,$0.20B,$0.03B,14.65%,$0.20B,$0.03B,14.65%,$0.20B,$0.04B,17.68%,$0.20B,$0.01B,5.05%,$0.20B,$0.01B,5.05%,$0.01B,$-0.00B,-266.67%,$0.01B,$-0.21B,-4.70%,$0.01B,$0.28B,3.36%,$0.03B,$0.19B,14.36%,$40,$31,$9,$0,$3,$35,$5,$-5,$1,$-0,$1,$1,$-0,$7,$5,$12,12,$-0.02,$-0.02,$5,$0,$5,$44,$29,$0,$202,$8,$239,$283,$43,$196,$5,$244,$287,$0,$-630,$0,$-4,$283,$1,$2,$1,$2,$-1,$0,$0,$-1,$-13,$-10,$-0,$0,$0,$0,$0,$0,$0,$-0,$4,$0,$4,$0,$0,$-1,$-2,$1,$-9,$1,$-1
6,2017-02-28,2.77,$-0.32,-8.57,$17.62,0.16,$7.08,0.39,$1.08,2.56,$0.05B,$0.06B,0.85,$0.19B,$-0.00B,-47.41,$0.21B,$0.03B,15.89%,$0.21B,$0.03B,15.42%,$0.21B,$0.03B,15.42%,$0.21B,$0.04B,17.76%,$0.21B,$0.01B,6.07%,$0.21B,$0.01B,6.07%,$0.01B,$-0.00B,-236.36%,$0.01B,$-0.21B,-5.91%,$0.01B,$0.29B,4.24%,$0.03B,$0.19B,15.79%,$43,$38,$5,$0,$9,$49,$-5,$-5,$-10,$-2,$-8,$-8,$-8,$-7,$-5,$12,12,$-0.63,$-0.62,$14,$0,$2,$46,$31,$1,$204,$7,$243,$289,$55,$190,$5,$239,$293,$0,$-629,$0,$-4,$289,$13,$6,$-9,$-2,$3,$0,$0,$-0,$8,$19,$28,$0,$0,$0,$0,$0,$-0,$28,$-35,$0,$-35,$0,$0,$-6,$-1,$-41,$7,$3,$-6
7,2016-11-30,3.27,$0.38,8.7,$18.56,0.18,$5.11,0.64,$0.86,3.8,$0.05B,$0.04B,1.39,$0.21B,$0.01B,44.53,$0.22B,$0.03B,14.86%,$0.22B,$0.03B,13.06%,$0.22B,$0.03B,13.06%,$0.22B,$0.04B,16.67%,$0.22B,$0.01B,4.05%,$0.22B,$0.01B,4.95%,$0.01B,$0.01B,-137.50%,$0.01B,$-0.21B,-4.84%,$0.01B,$0.30B,3.51%,$0.03B,$0.21B,13.43%,$56,$49,$7,$0,$0,$32,$24,$-5,$19,$1,$18,$18,$18,$25,$24,$12,12,$1.46,$1.43,$4,$0,$4,$52,$31,$0,$211,$9,$250,$302,$38,$207,$7,$260,$297,$0,$-622,$0,$5,$302,$21,$8,$-12,$-4,$-3,$0,$0,$-2,$-7,$10,$22,$0,$0,$0,$0,$0,$0,$22,$-30,$0,$-30,$0,$0,$-4,$-0,$-34,$-2,$2,$-4
8,2016-08-31,4.11,$-0.98,-4.19,$19.03,0.22,$3.76,1.09,$-0.09,0.0,$0.06B,$0.05B,1.22,$0.23B,$-0.01B,-19.08,$0.23B,$0.04B,18.58%,$0.23B,$0.02B,7.52%,$0.23B,$0.02B,7.52%,$0.23B,$0.03B,11.50%,$0.23B,$-0.00B,-1.33%,$0.23B,$-0.00B,-0.44%,$-0.00B,$-0.01B,10.81%,$-0.00B,$-0.23B,0.43%,$-0.00B,$0.32B,-0.31%,$0.02B,$0.22B,7.62%,$59,$47,$12,$0,$2,$54,$5,$-5,$0,$1,$-0,$-0,$0,$10,$5,$12,12,$0.03,$0.03,$8,$0,$2,$57,$32,$0,$220,$8,$260,$317,$47,$230,$7,$282,$329,$0,$-639,$0,$-12,$317,$3,$6,$3,$9,$-3,$0,$0,$-0,$-6,$6,$-0,$0,$0,$0,$0,$0,$0,$-0,$-2,$0,$-2,$0,$0,$-2,$-0,$-4,$1,$2,$-2
9,2016-05-31,2.1,$-0.93,-2.25,$19.54,0.11,$4.22,0.5,$0.24,8.75,$0.05B,$0.05B,1.15,$0.23B,$-0.01B,-20.34,$0.23B,$0.05B,19.65%,$0.23B,$0.02B,9.61%,$0.23B,$0.02B,9.61%,$0.23B,$0.03B,12.23%,$0.23B,$0.00B,1.31%,$0.23B,$0.00B,1.31%,$0.00B,$-0.01B,-40.00%,$0.00B,$-0.23B,-1.27%,$0.00B,$0.32B,0.92%,$0.02B,$0.22B,9.63%,$56,$46,$10,$0,$0,$47,$9,$-5,$4,$1,$3,$3,$3,$10,$9,$12,12,$0.23,$0.23,$6,$0,$2,$54,$33,$0,$223,$8,$264,$319,$47,$231,$7,$283,$330,$0,$-640,$0,$-11,$319,$3,$2,$2,$3,$-2,$0,$0,$0,$-5,$2,$-0,$0,$0,$0,$0,$0,$0,$-0,$-0,$0,$-0,$0,$0,$-1,$-0,$-2,$-0,$1,$-1
10,2016-02-29,2.12,$-1.23,-1.73,$19.74,0.11,$4.18,0.51,$0.12,17.67,$0.05B,$0.05B,1.01,$0.23B,$-0.01B,-16.11,$0.23B,$0.05B,20.78%,$0.23B,$0.02B,9.09%,$0.23B,$0.02B,9.09%,$0.23B,$0.03B,11.69%,$0.23B,$0.00B,0.87%,$0.23B,$0.00B,0.87%,$0.00B,$-0.01B,-27.59%,$0.00B,$-0.24B,-0.84%,$0.00B,$0.32B,0.60%,$0.02B,$0.21B,8.98%,$51,$46,$4,$0,$3,$60,$-9,$-4,$-14,$-1,$-13,$-13,$-10,$-8,$-9,$11,11,$-0.88,$-0.79,$6,$0,$3,$52,$34,$1,$223,$7,$265,$317,$51,$228,$8,$279,$331,$0,$-643,$0,$-14,$317,$-0,$7,$18,$25,$2,$0,$0,$-0,$0,$25,$-3,$0,$0,$0,$0,$0,$0,$-3,$-13,$0,$-13,$0,$0,$-6,$-2,$-21,$1,$5,$-6
11,2015-11-30,2.48,$-0.01,-229.63,$20.27,0.12,$3.67,0.68,$-8.92,0.0,$0.06B,$0.04B,1.34,$0.24B,$0.00B,-1819.07,$0.23B,$0.05B,21.89%,$0.23B,$-0.04B,-15.45%,$0.23B,$-0.04B,-15.45%,$0.23B,$0.04B,16.31%,$0.23B,$-0.06B,-26.61%,$0.23B,$-0.09B,-40.34%,$-0.09B,$0.00B,1392.59%,$-0.09B,$-0.23B,39.13%,$-0.09B,$0.34B,-28.08%,$-0.04B,$0.24B,-15.00%,$60,$44,$16,$0,$3,$48,$12,$-5,$7,$1,$6,$6,$6,$14,$12,$11,12,$0.50,$0.47,$6,$0,$4,$58,$33,$0,$233,$11,$277,$336,$44,$240,$8,$292,$336,$0,$-633,$0,$-0,$336,$13,$6,$8,$14,$-3,$0,$0,$-2,$-10,$17,$-2,$0,$0,$0,$0,$0,$0,$-2,$-8,$0,$-8,$0,$0,$-4,$-2,$-14,$1,$5,$-4
12,2015-08-31,5.04,$-0.46,-10.99,$20.57,0.25,$3.11,1.62,$-9.16,0.0,$0.06B,$0.05B,1.31,$0.25B,$-0.01B,-47.42,$0.24B,$0.05B,22.46%,$0.24B,$-0.04B,-14.83%,$0.24B,$-0.04B,-14.83%,$0.24B,$0.04B,16.53%,$0.24B,$-0.06B,-25.85%,$0.24B,$-0.10B,-41.10%,$-0.10B,$-0.01B,-570.59%,$-0.10B,$-0.24B,41.45%,$-0.10B,$0.34B,-25.88%,$-0.04B,$0.24B,-13.06%,$62,$48,$15,$0,$3,$53,$10,$-4,$6,$1,$5,$5,$4,$12,$10,$11,12,$0.40,$0.37,$9,$0,$3,$60,$34,$0,$233,$11,$277,$337,$46,$245,$8,$297,$342,$0,$-639,$0,$-5,$337,$7,$4,$6,$10,$-2,$0,$0,$-1,$-5,$12,$-1,$0,$0,$0,$0,$0,$0,$-1,$-4,$0,$-4,$0,$0,$-2,$-2,$-8,$3,$4,$-2
13,2015-05-31,4.92,$-0.95,-5.21,$20.48,0.24,$2.37,2.08,$-9.28,0.0,$0.06B,$0.04B,1.32,$0.25B,$-0.01B,-24.04,$0.24B,$0.05B,22.88%,$0.24B,$-0.03B,-13.56%,$0.24B,$-0.03B,-13.56%,$0.24B,$0.04B,17.37%,$0.24B,$-0.06B,-25.85%,$0.24B,$-0.10B,-41.53%,$-0.10B,$-0.01B,-237.58%,$-0.10B,$-0.24B,43.12%,$-0.10B,$0.34B,-23.61%,$-0.03B,$0.24B,-10.77%,$58,$46,$13,$0,$4,$51,$8,$-5,$3,$1,$2,$2,$2,$9,$8,$11,12,$0.16,$0.12,$6,$0,$3,$57,$34,$0,$233,$10,$278,$335,$43,$251,$8,$302,$345,$0,$-643,$0,$-10,$335,$2,$2,$3,$5,$-2,$0,$0,$-0,$-6,$2,$-0,$0,$0,$0,$0,$0,$0,$-0,$1,$0,$1,$0,$0,$-2,$-1,$-2,$-0,$2,$-2
14,2015-02-28,8.6,$-1.11,-7.72,$20.59,0.42,$2.14,4.03,$-9.32,0.0,$0.06B,$0.04B,1.31,$0.25B,$-0.01B,-20.62,$0.24B,$0.06B,24.37%,$0.24B,$-0.03B,-13.87%,$0.24B,$-0.03B,-13.87%,$0.24B,$0.04B,16.81%,$0.24B,$-0.06B,-24.79%,$0.24B,$-0.10B,-41.60%,$-0.10B,$-0.01B,-151.15%,$-0.10B,$-0.25B,53.37%,$-0.10B,$0.33B,-24.75%,$-0.03B,$0.24B,-11.45%,$53,$47,$7,$0,$3,$120,$-66,$-12,$-78,$28,$-106,$-106,$-106,$3,$-66,$11,11,$-9.93,$-9.89,$6,$0,$4,$56,$35,$1,$234,$6,$275,$331,$43,$251,$8,$301,$343,$0,$-645,$0,$-12,$331,$-96,$75,$52,$127,$-7,$0,$0,$-5,$-12,$18,$-4,$0,$-136,$0,$-1,$-1,$-0,$-140,$134,$0,$134,$0,$0,$-5,$-9,$120,$-2,$3,$-5
15,2014-11-30,8.28,$8.71,0.95,$19.64,0.42,$2.61,3.17,$3.40,2.44,$0.14B,$0.12B,1.21,$0.26B,$0.10B,2.72,$0.23B,$0.06B,24.57%,$0.23B,$0.03B,14.66%,$0.23B,$0.03B,14.66%,$0.23B,$0.04B,16.81%,$0.23B,$0.02B,7.76%,$0.23B,$0.04B,17.24%,$0.04B,$0.10B,44.82%,$0.04B,$-0.21B,-27.78%,$0.04B,$0.50B,10.43%,$0.03B,$0.35B,12.23%,$63,$45,$18,$0,$3,$50,$13,$-5,$8,$5,$3,$3,$3,$15,$13,$11,12,$0.28,$0.24,$83,$0,$8,$142,$35,$0,$302,$17,$354,$496,$117,$257,$8,$284,$401,$0,$-539,$0,$95,$496,$10,$5,$15,$21,$-11,$0,$0,$-6,$-20,$11,$-3,$0,$-58,$0,$-0,$-0,$-76,$-136,$138,$0,$138,$0,$0,$-4,$-9,$125,$-1,$2,$-4
16,2014-08-31,10.24,$8.54,1.2,$18.88,0.54,$3.12,3.28,$3.52,2.91,$0.14B,$0.12B,1.2,$0.27B,$0.09B,2.87,$0.22B,$0.05B,23.87%,$0.22B,$0.03B,13.51%,$0.22B,$0.03B,13.51%,$0.22B,$0.03B,15.32%,$0.22B,$0.02B,7.21%,$0.22B,$0.04B,18.47%,$0.04B,$0.09B,52.56%,$0.04B,$-0.21B,-34.10%,$0.04B,$0.50B,12.60%,$0.03B,$0.36B,12.89%,$62,$46,$16,$0,$3,$49,$13,$-6,$6,$2,$4,$4,$3,$14,$13,$11,12,$0.24,$0.24,$84,$0,$9,$143,$35,$0,$303,$17,$355,$498,$119,$265,$8,$287,$406,$0,$-542,$0,$92,$498,$7,$3,$9,$12,$-10,$0,$0,$-3,$-15,$4,$-2,$0,$-58,$0,$-0,$-0,$-76,$-135,$143,$0,$143,$0,$0,$-3,$-8,$133,$1,$2,$-3
17,2014-05-31,11.16,$8.07,1.38,$18.37,0.61,$3.63,3.07,$3.48,3.21,$0.06B,$0.05B,1.26,$0.12B,$0.09B,1.35,$0.22B,$0.05B,23.26%,$0.22B,$0.02B,10.70%,$0.22B,$0.02B,10.70%,$0.22B,$0.03B,12.56%,$0.22B,$0.01B,6.51%,$0.22B,$0.04B,19.07%,$0.04B,$0.09B,61.89%,$0.04B,$-0.08B,-42.27%,$0.04B,$0.28B,15.33%,$0.02B,$0.21B,12.35%,$60,$43,$17,$0,$5,$53,$7,$-2,$5,$2,$3,$3,$1,$8,$7,$11,12,$0.08,$0.08,$6,$0,$7,$63,$32,$0,$164,$17,$212,$275,$50,$118,$8,$138,$187,$0,$-544,$-0,$87,$275,$3,$2,$4,$5,$-9,$0,$0,$-2,$-9,$-1,$-1,$0,$0,$0,$0,$0,$-0,$-1,$3,$0,$3,$0,$0,$-2,$-2,$-1,$-2,$1,$-2
18,2014-02-28,12.56,$7.97,1.58,$17.77,0.71,$3.80,3.3,$3.72,3.38,$0.05B,$0.05B,1.1,$0.12B,$0.08B,1.38,$0.21B,$0.05B,22.33%,$0.21B,$0.02B,11.17%,$0.21B,$0.02B,11.17%,$0.21B,$0.03B,13.11%,$0.21B,$0.01B,6.80%,$0.21B,$0.04B,21.36%,$0.04B,$0.08B,80.00%,$0.04B,$-0.08B,-40.65%,$0.04B,$0.27B,16.62%,$0.02B,$0.20B,12.94%,$47,$41,$6,$0,$4,$46,$1,$-2,$-1,$-35,$34,$34,$33,$2,$1,$10,12,$3.28,$2.88,$8,$0,$3,$54,$32,$7,$163,$5,$211,$265,$49,$115,$8,$133,$182,$0,$-545,$-0,$83,$265,$49,$6,$-27,$-22,$-3,$0,$0,$-0,$-2,$25,$-3,$0,$0,$0,$-1,$-1,$-2,$-5,$-17,$0,$-17,$0,$0,$-5,$-1,$-23,$-3,$5,$-5
19,2013-11-30,10.6,$4.81,2.21,$18.12,0.58,$2.79,3.8,$1.32,8.03,$0.05B,$0.04B,1.19,$0.12B,$0.05B,2.42,$0.20B,$0.05B,23.27%,$0.20B,$0.02B,10.89%,$0.20B,$0.02B,10.89%,$0.20B,$0.03B,12.87%,$0.20B,$0.01B,3.96%,$0.20B,$0.02B,7.43%,$0.02B,$0.05B,34.48%,$0.02B,$-0.11B,-12.53%,$0.02B,$0.26B,5.68%,$0.02B,$0.17B,12.90%,$53,$39,$14,$0,$4,$44,$9,$-2,$6,$1,$6,$6,$4,$10,$9,$10,12,$0.44,$0.36,$8,$0,$3,$52,$31,$0,$163,$16,$211,$264,$44,$121,$8,$169,$214,$0,$-579,$-0,$50,$264,$15,$4,$6,$10,$-5,$0,$0,$-3,$-9,$16,$-2,$0,$0,$0,$-0,$-0,$-2,$-4,$-11,$0,$-11,$0,$0,$-4,$-1,$-15,$-3,$4,$-4
20,2013-08-31,12.72,$4.37,2.91,$18.02,0.71,$2.07,6.16,$1.36,9.35,$0.05B,$0.05B,1.15,$0.13B,$0.05B,2.77,$0.20B,$0.05B,23.00%,$0.20B,$0.02B,10.50%,$0.20B,$0.02B,10.50%,$0.20B,$0.03B,13.00%,$0.20B,$0.01B,2.50%,$0.20B,$0.02B,8.00%,$0.02B,$0.05B,40.51%,$0.02B,$-0.12B,-12.85%,$0.02B,$0.27B,5.99%,$0.02B,$0.17B,12.30%,$55,$42,$13,$0,$5,$49,$6,$-2,$4,$0,$4,$4,$3,$7,$6,$10,12,$0.24,$0.20,$7,$0,$4,$54,$32,$0,$163,$16,$212,$266,$47,$126,$9,$173,$221,$0,$-583,$-0,$45,$266,$9,$3,$5,$7,$-7,$0,$0,$1,$-6,$10,$-2,$0,$0,$0,$-0,$-0,$-2,$-4,$-6,$0,$-6,$0,$0,$-2,$-0,$-8,$-2,$3,$-2
21,2013-05-31,6.64,$4.04,1.64,$18.78,0.35,$1.57,4.22,$5.08,1.31,$0.05B,$0.05B,1.16,$0.13B,$0.04B,3.1,$0.20B,$0.05B,23.23%,$0.20B,$0.02B,11.62%,$0.20B,$0.02B,11.62%,$0.20B,$0.03B,13.64%,$0.20B,$0.00B,0.51%,$0.20B,$0.05B,25.76%,$0.05B,$0.04B,143.66%,$0.05B,$-0.12B,-39.46%,$0.05B,$0.26B,18.72%,$0.02B,$0.17B,13.07%,$51,$38,$13,$0,$4,$44,$7,$-2,$5,$0,$5,$5,$4,$8,$7,$10,11,$0.36,$0.32,$5,$0,$4,$52,$32,$0,$163,$16,$212,$264,$45,$130,$9,$177,$222,$0,$-585,$-0,$42,$264,$5,$1,$1,$3,$-4,$0,$0,$-0,$-6,$2,$-1,$0,$0,$0,$-0,$-0,$-1,$-2,$-2,$0,$-2,$0,$-0,$-1,$-0,$-3,$-4,$1,$-1
22,2013-02-28,6.44,$3.65,1.76,$19.39,0.33,$0.89,7.22,$4.24,1.52,$0.05B,$0.05B,1.13,$0.13B,$0.04B,3.55,$0.20B,$0.04B,20.92%,$0.20B,$0.02B,8.67%,$0.20B,$0.02B,8.67%,$0.20B,$0.02B,11.22%,$0.20B,$-0.01B,-4.59%,$0.20B,$0.04B,21.43%,$0.04B,$0.04B,186.67%,$0.04B,$-0.13B,-26.54%,$0.04B,$0.26B,14.27%,$0.02B,$0.17B,8.77%,$43,$36,$7,$0,$5,$44,$-0,$-6,$-7,$-2,$-5,$-5,$4,$1,$-0,$10,10,$0.44,$0.52,$10,$0,$4,$51,$33,$8,$163,$4,$211,$262,$45,$131,$10,$180,$225,$0,$-589,$-0,$37,$262,$48,$6,$-35,$-29,$1,$0,$0,$-12,$-18,$2,$7,$0,$0,$0,$-6,$-6,$114,$114,$-99,$0,$-99,$0,$0,$-5,$-10,$-113,$3,$3,$-5
23,2012-11-30,7.6,$3.48,2.18,$17.28,0.44,$-0.08,0.0,$1.92,3.96,$0.06B,$0.06B,1.09,$0.14B,$0.03B,4.08,$0.18B,$0.04B,20.11%,$0.18B,$0.02B,8.94%,$0.18B,$0.02B,8.94%,$0.18B,$0.02B,11.17%,$0.18B,$-0.02B,-11.73%,$0.18B,$0.02B,11.17%,$0.02B,$0.03B,173.91%,$0.02B,$-0.13B,-11.63%,$0.02B,$0.28B,6.37%,$0.02B,$0.17B,7.72%,$51,$37,$13,$0,$4,$43,$8,$-5,$3,$1,$2,$2,$5,$10,$8,$10,11,$0.48,$0.40,$11,$0,$2,$60,$36,$0,$166,$13,$215,$276,$55,$138,$10,$186,$242,$0,$-593,$1,$34,$276,$43,$4,$-28,$-24,$-5,$0,$0,$-9,$-22,$-3,$8,$0,$0,$0,$-4,$-4,$94,$98,$-83,$0,$-83,$0,$0,$-3,$-4,$-90,$6,$2,$-3
24,2012-08-31,10.0,$2.97,3.36,$17.52,0.57,$10.58,0.95,$-0.36,0.0,$0.06B,$0.04B,1.38,$0.16B,$-0.02B,-9.11,$0.18B,$0.03B,18.13%,$0.18B,$0.01B,6.59%,$0.18B,$0.01B,6.59%,$0.18B,$0.02B,8.24%,$0.18B,$0.01B,3.30%,$0.18B,$0.13B,69.23%,$0.13B,$0.03B,1527.27%,$0.13B,$-0.14B,-65.12%,$0.13B,$0.29B,37.44%,$0.01B,$0.19B,5.32%,$53,$40,$13,$0,$4,$45,$8,$-8,$-0,$-2,$1,$1,$38,$8,$8,$10,10,$3.92,$3.92,$10,$0,$3,$61,$36,$0,$166,$13,$226,$288,$44,$164,$10,$214,$259,$0,$-598,$1,$29,$288,$37,$2,$-31,$-28,$-4,$0,$0,$-9,$-16,$-7,$9,$0,$0,$0,$-4,$-4,$86,$91,$-74,$0,$-74,$0,$0,$-2,$-3,$-79,$4,$1,$-2
25,2012-05-31,5.88,$-0.99,-5.96,$18.49,0.32,$10.02,0.59,$-5.16,0.0,$0.07B,$0.05B,1.44,$0.25B,$-0.06B,-4.45,$0.19B,$0.03B,16.32%,$0.19B,$0.01B,4.74%,$0.19B,$0.01B,4.74%,$0.19B,$0.01B,7.37%,$0.19B,$0.00B,2.63%,$0.19B,$0.08B,41.58%,$0.08B,$-0.01B,-7900.00%,$0.08B,$-0.24B,-31.60%,$0.08B,$0.35B,20.67%,$0.01B,$0.24B,3.48%,$49,$41,$8,$0,$5,$48,$1,$-6,$-5,$-4,$-1,$-1,$-5,$3,$1,$10,10,$-0.52,$-0.52,$10,$0,$12,$72,$40,$0,$228,$11,$279,$351,$50,$251,$9,$311,$361,$0,$-637,$1,$-10,$351,$-3,$1,$4,$6,$-3,$0,$0,$-4,$-8,$-5,$-1,$0,$0,$0,$-2,$-2,$-0,$-3,$17,$0,$17,$0,$0,$-1,$-3,$13,$5,$0,$-1
26,2012-02-29,2.92,$-0.64,-4.55,$19.85,0.15,$10.39,0.28,$-5.12,0.0,$0.06B,$0.05B,1.01,$0.23B,$-0.05B,-4.3,$0.20B,$0.04B,17.33%,$0.20B,$0.01B,4.95%,$0.20B,$0.01B,4.95%,$0.20B,$0.02B,7.92%,$0.20B,$0.00B,1.98%,$0.20B,$0.08B,39.11%,$0.08B,$-0.01B,15800.00%,$0.08B,$-0.18B,-28.19%,$0.08B,$0.34B,19.16%,$0.01B,$0.22B,3.59%,$26,$24,$2,$0,$4,$28,$-1,$-18,$-19,$-2,$-18,$-18,$-18,$-1,$-1,$10,11,$-1.92,$-1.36,$6,$0,$2,$55,$34,$2,$174,$3,$286,$341,$54,$230,$11,$293,$347,$0,$-633,$1,$-7,$341,$31,$6,$-39,$-34,$5,$0,$0,$-1,$7,$4,$-5,$0,$0,$0,$0,$0,$136,$131,$-95,$0,$-95,$0,$0,$-4,$-36,$-135,$-0,$1,$-4
27,2011-11-30,3.32,$2.17,1.53,$19.97,0.17,$12.20,0.27,$-5.08,0.0,$0.06B,$0.06B,1.14,$0.23B,$-0.04B,-6.32,$0.20B,$0.03B,16.08%,$0.20B,$0.00B,1.01%,$0.20B,$0.00B,1.01%,$0.20B,$0.01B,3.52%,$0.20B,$0.01B,6.53%,$0.20B,$0.08B,40.20%,$0.08B,$0.02B,4571.43%,$0.08B,$-0.22B,-24.67%,$0.08B,$0.37B,17.98%,$0.00B,$0.25B,0.66%,$54,$44,$10,$0,$5,$50,$4,$27,$30,$-29,$59,$59,$111,$5,$4,$10,11,$11.60,$5.04,$10,$0,$2,$64,$40,$17,$239,$5,$302,$366,$57,$225,$10,$288,$345,$0,$-615,$2,$21,$366,$53,$5,$-58,$-53,$0,$0,$0,$-2,$-1,$-0,$127,$0,$0,$0,$0,$0,$6,$134,$-94,$0,$-94,$0,$0,$-3,$-32,$-130,$4,$1,$-3
28,2011-08-31,3.04,$-0.87,-3.5,$22.29,0.14,$1.65,1.84,$-3.36,0.0,$0.07B,$0.05B,1.34,$0.33B,$-0.15B,-2.22,$0.21B,$0.04B,18.48%,$0.21B,$0.01B,4.27%,$0.21B,$0.01B,4.27%,$0.21B,$0.02B,7.58%,$0.21B,$-0.01B,-5.21%,$0.21B,$-0.03B,-15.64%,$-0.03B,$-0.01B,6600.00%,$-0.03B,$-0.36B,9.23%,$-0.03B,$0.47B,-6.90%,$0.01B,$0.32B,2.71%,$61,$51,$11,$0,$3,$56,$5,$-6,$-1,$1,$-2,$-2,$-9,$7,$5,$10,10,$-0.88,$-0.88,$10,$0,$2,$68,$43,$0,$355,$5,$403,$471,$51,$330,$14,$429,$479,$0,$-729,$2,$-8,$471,$-5,$4,$2,$6,$-2,$0,$0,$-1,$-2,$-1,$-2,$0,$0,$0,$0,$0,$7,$5,$2,$0,$2,$0,$0,$-2,$-1,$-1,$4,$1,$-2
29,2011-05-31,4.68,$-0.37,-12.75,$22.92,0.2,$2.13,2.2,$-2.72,0.0,$0.06B,$0.05B,1.24,$0.33B,$-0.14B,-2.27,$0.22B,$0.04B,19.82%,$0.22B,$0.01B,5.53%,$0.22B,$0.01B,5.53%,$0.22B,$0.02B,9.22%,$0.22B,$-0.01B,-3.23%,$0.22B,$-0.03B,-11.98%,$-0.03B,$-0.00B,-693.33%,$-0.03B,$-0.36B,7.32%,$-0.03B,$0.47B,-5.37%,$0.01B,$0.32B,3.55%,$61,$49,$12,$0,$7,$59,$2,$-9,$-6,$-3,$-4,$-4,$-5,$5,$2,$10,10,$-0.48,$-0.48,$7,$0,$2,$64,$44,$0,$355,$7,$407,$471,$52,$327,$14,$423,$474,$0,$-723,$2,$-4,$471,$-1,$2,$-4,$-1,$-1,$0,$0,$-1,$1,$-1,$-1,$0,$0,$0,$0,$0,$6,$5,$-0,$0,$-0,$0,$0,$-1,$-1,$-2,$1,$0,$-1
30,2011-02-28,4.4,$-0.16,-27.55,$22.90,0.19,$2.01,2.19,$-2.64,0.0,$0.06B,$0.05B,1.24,$0.33B,$-0.14B,-2.31,$0.22B,$0.04B,19.44%,$0.22B,$0.01B,6.48%,$0.22B,$0.01B,6.48%,$0.22B,$0.02B,9.72%,$0.22B,$-0.00B,-1.39%,$0.22B,$-0.03B,-11.57%,$-0.03B,$-0.00B,-357.14%,$-0.03B,$-0.36B,7.06%,$-0.03B,$0.47B,-5.10%,$0.01B,$0.33B,4.06%,$23,$24,$-1,$0,$2,$32,$-9,$-0,$-10,$-3,$-6,$-6,$-17,$-10,$-9,$9,9,$-1.88,$-1.88,$6,$0,$2,$63,$45,$3,$356,$2,$409,$472,$51,$328,$14,$423,$474,$0,$-721,$2,$-2,$472,$-12,$7,$19,$25,$-2,$0,$0,$-1,$6,$20,$-3,$0,$0,$0,$0,$0,$-1,$-4,$-10,$0,$-10,$0,$0,$-4,$-1,$-16,$-1,$2,$-4
31,2010-11-30,2.4,$1.32,1.82,$26.22,0.09,$3.56,0.67,$-0.80,0.0,$0.08B,$0.05B,1.59,$0.34B,$-0.13B,-2.67,$0.25B,$0.05B,18.22%,$0.25B,$0.02B,8.10%,$0.25B,$0.02B,8.10%,$0.25B,$0.03B,12.15%,$0.25B,$-0.00B,-1.21%,$0.25B,$-0.02B,-7.29%,$-0.02B,$0.01B,72.00%,$-0.02B,$-0.35B,4.64%,$-0.02B,$0.50B,-3.62%,$0.02B,$0.35B,6.33%,$66,$49,$17,$0,$3,$55,$11,$-5,$6,$4,$2,$2,$-2,$14,$11,$9,9,$-0.16,$-0.16,$13,$0,$2,$82,$46,$0,$363,$9,$418,$500,$52,$341,$14,$436,$487,$0,$-706,$-1,$12,$500,$3,$8,$9,$17,$-8,$0,$0,$-5,$-12,$8,$-2,$0,$0,$0,$0,$0,$-0,$-3,$3,$0,$3,$0,$0,$-2,$-0,$1,$6,$1,$-2
32,2010-08-31,6.16,$0.95,6.48,$25.98,0.24,$6.25,0.99,$-0.48,0.0,$0.08B,$0.05B,1.37,$0.34B,$-0.13B,-2.59,$0.25B,$0.04B,17.48%,$0.25B,$0.02B,7.32%,$0.25B,$0.02B,7.32%,$0.25B,$0.03B,11.38%,$0.25B,$-0.01B,-2.85%,$0.25B,$-0.01B,-5.69%,$-0.01B,$0.01B,58.33%,$-0.01B,$-0.35B,3.61%,$-0.01B,$0.49B,-2.80%,$0.02B,$0.35B,5.69%,$67,$51,$15,$0,$5,$58,$8,$-5,$3,$2,$1,$1,$-2,$11,$8,$9,9,$-0.24,$-0.24,$7,$0,$1,$75,$47,$0,$363,$9,$419,$494,$54,$340,$14,$430,$485,$0,$-707,$-3,$9,$494,$1,$5,$4,$10,$-4,$0,$0,$-3,$-8,$3,$-2,$0,$0,$0,$0,$0,$-0,$-2,$2,$0,$2,$0,$0,$-1,$-0,$0,$1,$1,$-1
33,2010-05-31,9.2,$0.95,9.73,$25.88,0.36,$9.41,0.98,$-14.92,0.0,$0.07B,$0.06B,1.35,$0.34B,$-0.13B,-2.61,$0.24B,$0.04B,16.46%,$0.24B,$-0.16B,-63.79%,$0.24B,$-0.16B,-63.79%,$0.24B,$-0.15B,-59.67%,$0.24B,$-0.18B,-74.49%,$0.24B,$-0.15B,-60.91%,$-0.15B,$0.01B,629.79%,$-0.15B,$-0.36B,38.19%,$-0.15B,$0.50B,-29.32%,$-0.16B,$0.35B,-48.86%,$60,$49,$11,$0,$5,$56,$4,$-6,$-2,$-1,$-0,$-0,$-4,$6,$4,$9,9,$-0.40,$-0.40,$7,$0,$1,$74,$48,$0,$364,$9,$421,$496,$55,$343,$15,$432,$487,$0,$-707,$-2,$9,$496,$-1,$3,$1,$4,$-3,$0,$0,$-3,$-6,$-3,$-1,$0,$0,$0,$0,$0,$-0,$-1,$5,$0,$5,$0,$0,$-1,$-0,$4,$-0,$1,$-1
34,2010-02-28,3.6,$-13.78,-0.26,$25.93,0.14,$12.81,0.28,$-13.72,0.0,$0.08B,$0.06B,1.31,$0.34B,$-0.13B,-2.61,$0.24B,$0.04B,14.81%,$0.24B,$-0.17B,-67.90%,$0.24B,$-0.17B,-67.90%,$0.24B,$-0.15B,-63.37%,$0.24B,$-0.16B,-65.43%,$0.24B,$-0.13B,-54.32%,$-0.13B,$-0.13B,-812.31%,$-0.13B,$-0.49B,33.76%,$-0.13B,$0.50B,-23.90%,$-0.17B,$0.21B,-46.22%,$54,$51,$2,$0,$3,$57,$-3,$-7,$-10,$-3,$-7,$-7,$-10,$-1,$-3,$9,9,$-1.04,$-1.00,$7,$0,$1,$75,$50,$3,$364,$2,$424,$498,$57,$338,$19,$571,$628,$0,$-705,$-1,$-130,$498,$-118,$11,$118,$129,$4,$0,$0,$24,$15,$26,$4,$0,$-5,$0,$0,$0,$-0,$-1,$-47,$0,$-47,$0,$0,$-4,$-7,$-58,$-34,$2,$-4
35,2009-11-30,4.52,$1.77,2.56,$25.61,0.18,$12.10,0.37,$-31.00,0.0,$0.09B,$0.06B,1.47,$0.34B,$-0.12B,-2.74,$0.24B,$0.03B,13.81%,$0.24B,$-0.34B,-140.17%,$0.24B,$-0.34B,-140.17%,$0.24B,$-0.32B,-135.56%,$0.24B,$-0.33B,-136.82%,$0.24B,$-0.31B,-128.03%,$-0.31B,$0.02B,-373.17%,$-0.31B,$-0.35B,83.04%,$-0.31B,$0.51B,-49.96%,$-0.34B,$0.36B,-75.66%,$65,$49,$15,$0,$4,$55,$9,$-7,$2,$-3,$5,$5,$2,$12,$9,$9,10,$0.20,$0.16,$17,$0,$7,$89,$51,$0,$364,$10,$425,$513,$60,$340,$22,$437,$497,$0,$-698,$-3,$16,$513,$-112,$9,$117,$126,$-1,$0,$0,$21,$10,$24,$7,$0,$-5,$0,$0,$0,$-0,$2,$-45,$0,$-45,$0,$0,$-3,$-7,$-54,$-29,$2,$-3
36,2009-08-31,2.64,$1.15,2.29,$27.55,0.1,$12.78,0.21,$-44.96,0.0,$0.09B,$0.06B,1.49,$0.34B,$-0.13B,-2.64,$0.25B,$0.04B,15.02%,$0.25B,$-0.54B,-214.23%,$0.25B,$-0.54B,-214.23%,$0.25B,$-0.53B,-209.88%,$0.25B,$-0.53B,-210.67%,$0.25B,$-0.43B,-171.54%,$-0.43B,$0.01B,-299.31%,$-0.43B,$-0.35B,111.86%,$-0.43B,$0.51B,-60.76%,$-0.54B,$0.35B,-103.09%,$64,$53,$12,$0,$3,$229,$-165,$-6,$-171,$-39,$-133,$-133,$-136,$-162,$-165,$9,9,$-14.68,$-14.68,$18,$0,$2,$85,$52,$0,$365,$10,$427,$512,$57,$343,$27,$444,$501,$0,$-702,$-5,$11,$512,$-116,$6,$117,$123,$0,$0,$0,$23,$16,$22,$8,$0,$-5,$0,$0,$0,$-0,$3,$-41,$0,$-41,$0,$0,$-2,$-7,$-50,$-26,$1,$-2
37,2009-05-31,1.44,$18.16,0.08,$30.86,0.05,$11.69,0.12,$-30.16,0.0,$0.09B,$0.06B,1.54,$0.34B,$0.03B,12.62,$0.28B,$0.05B,18.73%,$0.28B,$-0.36B,-126.86%,$0.28B,$-0.36B,-126.86%,$0.28B,$-0.35B,-122.61%,$0.28B,$-0.35B,-124.38%,$0.28B,$-0.30B,-104.95%,$-0.30B,$0.17B,-122.98%,$-0.30B,$-0.37B,69.60%,$-0.30B,$0.69B,-34.02%,$-0.36B,$0.51B,-55.62%,$60,$53,$7,$0,$4,$66,$-6,$27,$20,$5,$15,$15,$12,$-3,$-6,$9,9,$1.28,$1.28,$21,$0,$3,$88,$53,$0,$537,$8,$597,$686,$57,$344,$31,$461,$518,$0,$-541,$-7,$168,$686,$16,$3,$-15,$-12,$-1,$0,$0,$23,$16,$20,$8,$0,$-5,$0,$0,$0,$0,$4,$-41,$0,$-41,$0,$0,$-1,$-3,$-44,$-24,$1,$-1
38,2009-02-28,1.24,$14.48,0.09,$33.88,0.04,$9.86,0.13,$-31.08,0.0,$0.13B,$0.06B,2.23,$0.42B,$-0.01B,-59.6,$0.31B,$0.07B,22.40%,$0.31B,$-0.34B,-110.06%,$0.31B,$-0.34B,-110.06%,$0.31B,$-0.33B,-105.84%,$0.31B,$-0.37B,-118.51%,$0.31B,$-0.31B,-100.65%,$-0.31B,$0.13B,-104.03%,$-0.31B,$-0.40B,66.95%,$-0.31B,$0.74B,-31.37%,$-0.34B,$0.55B,-46.76%,$50,$50,$-1,$0,$4,$223,$-173,$-5,$-178,$7,$-185,$-185,$-184,$-171,$-173,$9,9,$-20.20,$-20.20,$41,$0,$14,$129,$55,$3,$536,$2,$610,$739,$58,$417,$23,$548,$606,$0,$-582,$-3,$133,$739,$-295,$13,$319,$332,$11,$0,$0,$-6,$7,$44,$-21,$0,$-0,$0,$0,$0,$39,$18,$-17,$0,$-17,$0,$0,$-13,$-3,$-33,$27,$6,$-6
39,2008-11-30,1.2,$29.37,0.04,$35.22,0.03,$11.93,0.1,$-15.84,0.0,$0.16B,$0.06B,2.84,$0.42B,$0.12B,3.39,$0.32B,$0.08B,25.94%,$0.32B,$-0.18B,-55.31%,$0.32B,$-0.18B,-55.31%,$0.32B,$-0.17B,-51.56%,$0.32B,$-0.21B,-64.69%,$0.32B,$-0.14B,-45.00%,$-0.14B,$0.27B,-39.83%,$-0.14B,$-0.43B,29.24%,$-0.14B,$0.92B,-13.23%,$-0.18B,$0.69B,-22.31%,$79,$60,$20,$0,$4,$277,$-198,$-6,$-204,$-81,$-123,$-123,$-126,$-195,$-198,$9,9,$-13.80,$-13.80,$64,$0,$15,$160,$56,$0,$694,$10,$760,$920,$56,$420,$25,$596,$652,$0,$-395,$-2,$268,$920,$-115,$11,$152,$162,$1,$0,$0,$-4,$-8,$40,$-4,$0,$0,$0,$0,$0,$39,$35,$-16,$0,$-16,$0,$0,$-12,$-3,$-31,$44,$5,$-5
40,2008-08-31,8.76,$43.74,0.2,$36.70,0.24,$11.59,0.76,$-2.28,0.0,$0.17B,$0.06B,2.85,$0.43B,$0.25B,1.71,$0.33B,$0.09B,26.51%,$0.33B,$0.02B,6.93%,$0.33B,$0.02B,6.93%,$0.33B,$0.04B,10.84%,$0.33B,$-0.01B,-2.71%,$0.33B,$-0.02B,-6.02%,$-0.02B,$0.40B,-5.05%,$-0.02B,$-0.51B,3.89%,$-0.02B,$1.15B,-1.74%,$0.02B,$0.83B,2.76%,$94,$67,$27,$0,$5,$76,$18,$-8,$10,$5,$6,$6,$1,$22,$18,$9,9,$0.12,$0.12,$68,$0,$7,$167,$58,$0,$907,$16,$980,$1147,$59,$434,$22,$691,$750,$0,$-270,$5,$397,$1147,$8,$8,$16,$24,$-7,$0,$0,$-2,$-9,$23,$-3,$0,$0,$0,$0,$0,$39,$36,$-2,$0,$-2,$0,$0,$-10,$-1,$-13,$48,$4,$-5
41,2008-05-31,11.88,$43.43,0.27,$36.57,0.32,$10.86,1.09,$-1.16,0.0,$0.12B,$0.06B,2.0,$0.44B,$0.25B,1.74,$0.33B,$0.09B,26.05%,$0.33B,$0.02B,6.59%,$0.33B,$0.02B,6.59%,$0.33B,$0.04B,10.48%,$0.33B,$-0.01B,-2.99%,$0.33B,$-0.01B,-2.69%,$-0.01B,$0.39B,-2.25%,$-0.01B,$-0.51B,1.75%,$-0.01B,$1.15B,-0.78%,$0.02B,$0.83B,2.61%,$85,$62,$23,$0,$6,$72,$14,$-7,$7,$4,$3,$3,$-1,$18,$14,$9,9,$-0.12,$-0.12,$26,$0,$5,$122,$58,$0,$908,$18,$1025,$1147,$61,$435,$23,$692,$753,$0,$-272,$4,$394,$1147,$3,$4,$8,$12,$-2,$0,$0,$0,$-3,$11,$-1,$0,$0,$0,$0,$0,$-0,$-1,$-1,$0,$-1,$0,$0,$-4,$-1,$-5,$6,$3,$-1
42,2008-02-29,11.84,$43.57,0.27,$36.41,0.33,$10.27,1.15,$-1.24,0.0,$0.12B,$0.06B,1.85,$0.44B,$0.24B,1.79,$0.34B,$0.09B,25.30%,$0.34B,$0.02B,5.95%,$0.34B,$0.02B,5.95%,$0.34B,$0.03B,9.82%,$0.34B,$-0.01B,-4.17%,$0.34B,$-0.01B,-2.98%,$-0.01B,$0.39B,-2.48%,$-0.01B,$-0.52B,1.95%,$-0.01B,$1.14B,-0.86%,$0.02B,$0.82B,2.33%,$62,$49,$13,$0,$6,$74,$-11,$-8,$-20,$-7,$-13,$-9,$-18,$-10,$-11,$9,9,$-1.92,$-1.92,$19,$0,$9,$115,$59,$5,$909,$9,$1025,$1140,$62,$436,$26,$691,$752,$0,$-270,$-2,$387,$1140,$4,$13,$29,$42,$-0,$0,$0,$1,$3,$48,$-6,$0,$-15,$0,$0,$0,$55,$34,$-59,$0,$-59,$-14,$-14,$-14,$-1,$-88,$-5,$7,$-5
43,2007-11-30,17.24,$45.87,0.38,$37.76,0.46,$8.64,1.99,$-0.56,0.0,$0.14B,$0.06B,2.24,$0.45B,$0.26B,1.7,$0.35B,$0.09B,25.14%,$0.35B,$0.04B,11.14%,$0.35B,$0.04B,11.14%,$0.35B,$0.05B,15.43%,$0.35B,$0.00B,0.57%,$0.35B,$-0.01B,-1.43%,$-0.01B,$0.41B,-1.24%,$-0.01B,$-0.51B,0.97%,$-0.01B,$1.18B,-0.42%,$0.04B,$0.85B,4.47%,$91,$65,$25,$0,$4,$88,$2,$-8,$-6,$-2,$-4,$-5,$-2,$6,$2,$9,9,$-0.24,$-0.24,$25,$0,$7,$138,$58,$0,$921,$17,$1038,$1175,$61,$447,$22,$707,$768,$0,$-252,$0,$407,$1175,$14,$11,$20,$31,$-10,$0,$0,$-2,$-9,$36,$-4,$0,$-7,$0,$0,$0,$51,$41,$-49,$0,$-49,$-14,$-14,$-10,$-1,$-74,$5,$6,$-3
44,2007-08-31,25.48,$45.54,0.56,$37.35,0.68,$6.17,4.13,$-0.24,0.0,$0.12B,$0.06B,2.16,$0.46B,$0.27B,1.72,$0.35B,$0.09B,26.29%,$0.35B,$0.06B,15.71%,$0.35B,$0.06B,15.71%,$0.35B,$0.07B,19.71%,$0.35B,$0.01B,2.29%,$0.35B,$-0.00B,-0.57%,$-0.00B,$0.41B,-0.50%,$-0.00B,$-0.51B,0.39%,$-0.00B,$1.17B,-0.17%,$0.06B,$0.87B,6.23%,$96,$70,$26,$0,$5,$79,$17,$-8,$9,$4,$5,$4,$12,$21,$17,$9,9,$1.24,$1.24,$19,$0,$5,$119,$59,$0,$922,$25,$1047,$1166,$55,$460,$4,$700,$755,$0,$-250,$1,$411,$1166,$14,$7,$7,$15,$-12,$0,$0,$-1,$-12,$17,$-3,$0,$-6,$0,$0,$0,$45,$36,$-36,$0,$-36,$-11,$-11,$-7,$-1,$-54,$-1,$4,$-2
45,2007-05-31,41.56,$43.62,0.95,$37.93,1.1,$6.03,6.89,$10.32,4.03,$0.11B,$0.06B,1.94,$0.48B,$0.27B,1.8,$0.35B,$0.10B,28.25%,$0.35B,$0.06B,16.95%,$0.35B,$0.06B,16.95%,$0.35B,$0.07B,20.90%,$0.35B,$0.01B,2.54%,$0.35B,$0.10B,27.12%,$0.10B,$0.41B,22.30%,$0.10B,$-0.51B,-19.78%,$0.10B,$1.18B,7.65%,$0.06B,$0.89B,7.17%,$87,$66,$21,$0,$6,$75,$12,$-9,$3,$2,$1,$-1,$-2,$16,$12,$9,9,$-0.20,$-0.20,$14,$0,$5,$113,$60,$0,$916,$27,$1063,$1176,$58,$478,$4,$708,$766,$0,$-262,$2,$410,$1176,$0,$4,$11,$14,$-6,$0,$0,$-4,$-8,$7,$-1,$0,$0,$0,$0,$0,$8,$7,$-18,$0,$-18,$0,$0,$-2,$-1,$-21,$-7,$2,$0
46,2007-02-28,32.88,$40.81,0.81,$38.30,0.86,$4.33,7.59,$11.20,2.94,$0.12B,$0.06B,2.03,$0.50B,$0.24B,2.09,$0.36B,$0.11B,29.41%,$0.36B,$0.06B,17.93%,$0.36B,$0.06B,17.93%,$0.36B,$0.08B,21.85%,$0.36B,$0.01B,1.96%,$0.36B,$0.10B,29.13%,$0.10B,$0.38B,23.94%,$0.10B,$-0.54B,-21.61%,$0.10B,$1.21B,7.97%,$0.06B,$0.88B,7.24%,$76,$60,$16,$0,$5,$68,$8,$-12,$-4,$-2,$-3,$-4,$-13,$11,$8,$9,9,$-1.40,$-1.36,$21,$0,$6,$119,$61,$4,$917,$27,$1089,$1208,$59,$497,$30,$768,$826,$0,$-285,$0,$382,$1208,$114,$14,$-72,$-57,$2,$0,$0,$-6,$-23,$33,$-5,$0,$-1,$0,$0,$0,$316,$309,$-295,$0,$-295,$0,$0,$-164,$-5,$-464,$-120,$8,$-155
47,2006-11-30,33.72,$42.05,0.8,$37.85,0.89,$6.79,4.96,$27.40,1.23,$0.12B,$0.06B,2.22,$0.50B,$0.25B,2.02,$0.36B,$0.11B,29.48%,$0.36B,$0.02B,5.79%,$0.36B,$0.02B,5.79%,$0.36B,$0.04B,10.47%,$0.36B,$-0.05B,-13.77%,$0.36B,$0.25B,69.97%,$0.25B,$0.39B,57.37%,$0.25B,$-0.52B,-53.73%,$0.25B,$1.23B,18.39%,$0.02B,$0.89B,2.25%,$91,$62,$29,$0,$8,$74,$18,$-18,$-0,$1,$-1,$-1,$1,$21,$18,$9,9,$0.12,$0.12,$16,$0,$6,$123,$60,$0,$915,$39,$1101,$1225,$56,$501,$29,$777,$833,$0,$-273,$-1,$392,$1225,$124,$11,$-84,$-73,$-11,$0,$0,$-9,$-39,$13,$-2,$0,$0,$0,$0,$0,$318,$316,$-292,$0,$-292,$0,$0,$-157,$-5,$-454,$-125,$6,$-150
