,Date,Stock Price,Book Value per Share,Price to Book Ratio,TTM Sales per Share,Price to Sales Ratio,TTM FCF per Share,Price to FCF Ratio,TTM Net EPS,PE Ratio,Current Assets,Current Liabilities,Current Ratio,Long Term Debt,Shareholder's Equity_x,Debt to Equity Ratio,TTM Revenue_x,TTM Gross Profit,Gross Margin,TTM Revenue_y,TTM Operating Income,Operating Margin,TTM Revenue_x,TTM EBIT,EBIT Margin,TTM Revenue_y,TTM EBITDA,EBITDA Margin,TTM Revenue_x,TTM Pre-Tax Income,Pre-Tax Margin,TTM Revenue_y,TTM Net Income_x,Net Margin,TTM Net Income_y,Shareholder's Equity_y,Return on Equity,TTM Net Income_x,Tangible Equity,Return on Tangible Equity,TTM Net Income_y,Total Assets,Return on Assets,TTM Net Income,LT Investments & Debt,Return on Investment,revenue,cost-goods-sold,gross-profit,research-development-expenses,selling-general-administrative-expenses,operating-expenses,operating-income,total-non-operating-income-expense,pre-tax-income,total-provision-income-taxes,income-after-taxes,income-from-continuous-operations,net-income,ebitda,ebit,basic-shares-outstanding,shares-outstanding,eps-basic-net-earnings-per-share,eps-earnings-per-share-diluted,cash-on-hand,inventory,other-current-assets,total-current-assets,net-property-plant-equipment,long-term-investments,goodwill-intangible-assets-total,other-long-term-assets,total-long-term-assets,total-assets,total-current-liabilities,long-term-debt,other-non-current-liabilities,total-long-term-liabilities,total-liabilities,common-stock-net,retained-earnings-accumulated-deficit,comprehensive-income,total-share-holder-equity,total-liabilities-share-holders-equity,net-income-loss,total-depreciation-amortization-cash-flow,other-non-cash-items,total-non-cash-items,change-in-accounts-receivable,change-in-inventories,change-in-accounts-payable,change-in-assets-liabilities,total-change-in-assets-liabilities,cash-flow-from-operating-activities,net-change-in-property-plant-equipment,net-change-in-intangible-assets,net-acquisitions-divestitures,net-change-in-short-term-investments,net-change-in-long-term-investments,net-change-in-investments-total,investing-activities-other,cash-flow-from-investing-activities,net-long-term-debt,net-current-debt,debt-issuance-retirement-net-total,net-common-equity-issued-repurchased,net-total-equity-issued-repurchased,total-common-preferred-stock-dividends-paid,financial-activities-other,cash-flow-from-financial-activities,net-cash-flow,stock-based-compensation,common-stock-dividends-paid
0,2018-09-30,76.58,$14.29,5.36,$27.37,2.8,$7.76,9.86,$3.46,22.13,$6.62B,$6.16B,1.07,$3.14B,$8.99B,0.35,$17.41B,$7.46B,42.85%,$17.41B,$3.20B,18.39%,$17.41B,$3.20B,18.39%,$17.41B,$3.96B,22.75%,$17.41B,$2.67B,15.32%,$17.41B,$2.20B,12.66%,$2.20B,$8.99B,25.63%,$2.20B,$-0.22B,583.96%,$2.20B,$20.39B,10.94%,$3.20B,$12.13B,27.04%,$4888,$2823,$2065,$0,$1180,$4003,$885,$-147,$738,$116,$622,$622,$617,$1086,$885,$632,635,$0.98,$0.97,$1093,$1813,$369,$6619,$3562,$0,$9206,$1003,$13771,$20390,$6164,$3137,$2099,$5236,$11400,$477,$23072,$-1015,$8990,$20390,$2224,$758,$-61,$697,$-189,$17,$115,$-28,$-83,$2892,$-617,$0,$-2002,$0,$0,$0,$-101,$-2720,$-241,$343,$102,$-1000,$-1000,$-1229,$35,$-2092,$-1969,$0,$-1229
1,2018-06-30,68.69,$13.46,5.1,$26.57,2.59,$6.41,10.71,$3.27,21.01,$8.58B,$6.95B,1.23,$3.13B,$8.46B,0.37,$16.96B,$7.20B,42.46%,$16.96B,$3.12B,18.43%,$16.96B,$3.12B,18.43%,$16.96B,$3.86B,22.78%,$16.96B,$2.61B,15.42%,$16.96B,$2.09B,12.33%,$2.09B,$8.46B,24.48%,$2.09B,$0.56B,254.18%,$2.09B,$20.49B,10.49%,$3.12B,$11.59B,26.14%,$4456,$2507,$1949,$0,$1054,$3561,$895,$-127,$768,$49,$719,$719,$712,$1074,$895,$629,633,$1.13,$1.12,$3411,$1805,$333,$8576,$3260,$0,$7902,$749,$11911,$20487,$6954,$3126,$1947,$5073,$12027,$477,$22660,$-1092,$8460,$20487,$1602,$557,$0,$557,$39,$-133,$-97,$-27,$-286,$1868,$-314,$0,$-547,$0,$0,$0,$-71,$-932,$-251,$1581,$1330,$-1000,$-1000,$-924,$34,$-560,$349,$0,$-924
2,2018-03-31,67.4,$13.52,4.99,$25.80,2.61,$5.14,13.12,$2.79,24.16,$7.73B,$5.95B,1.3,$3.36B,$8.54B,0.39,$16.54B,$6.93B,41.89%,$16.54B,$2.98B,17.99%,$16.54B,$2.98B,17.99%,$16.54B,$3.71B,22.42%,$16.54B,$2.47B,14.92%,$16.54B,$1.79B,10.83%,$1.79B,$8.54B,21.25%,$1.79B,$0.51B,199.61%,$1.79B,$19.79B,9.11%,$2.98B,$11.89B,24.78%,$4248,$2423,$1825,$0,$1032,$3455,$793,$-135,$658,$169,$489,$489,$482,$984,$793,$633,636,$0.76,$0.76,$2444,$1897,$342,$7725,$3299,$0,$8024,$737,$12060,$19785,$5945,$3357,$1946,$5303,$11248,$477,$22254,$-827,$8537,$19785,$883,$378,$0,$378,$98,$-172,$-161,$-30,$-363,$944,$-194,$0,$-549,$0,$0,$0,$-42,$-785,$-251,$782,$531,$-750,$-750,$-618,$-6,$-843,$-618,$0,$-618
3,2017-12-31,68.31,$13.23,5.16,$24.67,2.77,$4.29,15.91,$2.48,27.54,$8.15B,$6.19B,1.32,$3.38B,$8.39B,0.4,$15.86B,$6.66B,41.98%,$15.86B,$2.87B,18.10%,$15.86B,$2.87B,18.10%,$15.86B,$3.55B,22.39%,$15.86B,$2.37B,14.96%,$15.86B,$1.60B,10.09%,$1.60B,$8.39B,19.27%,$1.60B,$0.65B,100.49%,$1.60B,$19.86B,8.41%,$2.87B,$11.76B,23.92%,$3816,$2195,$1621,$0,$992,$3187,$629,$-126,$503,$109,$394,$394,$392,$816,$629,$638,641,$0.61,$0.61,$3096,$1845,$330,$8152,$3279,$0,$7734,$693,$11706,$19858,$6192,$3375,$1903,$5278,$11470,$477,$22079,$-992,$8388,$19858,$394,$187,$0,$187,$216,$-149,$-129,$-14,$-160,$447,$-96,$0,$-278,$0,$0,$0,$-18,$-392,$-251,$1061,$810,$-500,$-500,$-311,$-30,$-31,$34,$0,$-311
4,2017-09-30,61.09,$13.67,4.47,$23.70,2.58,$3.96,15.43,$2.35,26.0,$8.25B,$5.05B,1.64,$3.79B,$8.77B,0.43,$15.26B,$6.40B,41.95%,$15.26B,$2.79B,18.25%,$15.26B,$2.79B,18.25%,$15.26B,$3.42B,22.42%,$15.26B,$2.34B,15.30%,$15.26B,$1.52B,9.94%,$1.52B,$8.77B,18.62%,$1.52B,$1.56B,69.53%,$1.52B,$19.59B,8.23%,$2.79B,$12.56B,23.30%,$4435,$2631,$1804,$0,$997,$3628,$807,$-122,$685,$183,$502,$502,$504,$989,$807,$642,643,$0.78,$0.78,$3062,$1696,$422,$8252,$3321,$0,$7206,$810,$11337,$19589,$5045,$3794,$1980,$5774,$10819,$477,$21995,$-1019,$8770,$19589,$1550,$636,$-698,$-62,$-25,$32,$135,$-12,$160,$1912,$-476,$0,$-2951,$0,$0,$0,$4941,$1514,$-254,$-1725,$-1979,$-400,$-400,$-1239,$27,$-3591,$-120,$0,$-1239
5,2017-06-30,57.5,$12.54,4.59,$22.89,2.51,$5.49,10.47,$2.25,25.56,$8.55B,$5.37B,1.59,$3.80B,$8.02B,0.47,$14.76B,$6.31B,42.77%,$14.76B,$2.84B,19.22%,$14.76B,$2.84B,19.22%,$14.76B,$3.43B,23.26%,$14.76B,$2.32B,15.74%,$14.76B,$1.45B,9.84%,$1.45B,$8.02B,18.47%,$1.45B,$0.86B,58.22%,$1.45B,$19.40B,7.65%,$2.84B,$11.82B,24.18%,$4039,$2361,$1678,$0,$931,$3292,$747,$-126,$621,$202,$419,$419,$413,$918,$747,$643,644,$0.64,$0.64,$3140,$1891,$597,$8554,$3304,$0,$7164,$380,$10848,$19402,$5370,$3797,$2213,$6010,$11380,$477,$21800,$-1575,$8022,$19402,$1040,$454,$-594,$-140,$119,$-125,$-7,$-24,$16,$1058,$-300,$0,$-2951,$0,$0,$0,$4942,$1691,$-253,$-1226,$-1479,$-400,$-400,$-930,$32,$-2777,$-42,$0,$-930
6,2017-03-31,57.27,$12.50,4.58,$22.31,2.57,$6.83,8.39,$2.35,24.37,$9.45B,$3.77B,2.51,$3.82B,$8.06B,0.47,$14.40B,$6.23B,43.26%,$14.40B,$2.83B,19.67%,$14.40B,$2.83B,19.67%,$14.40B,$3.40B,23.59%,$14.40B,$2.36B,16.39%,$14.40B,$1.52B,10.54%,$1.52B,$8.06B,19.35%,$1.52B,$3.30B,67.50%,$1.52B,$17.28B,7.73%,$2.83B,$11.87B,24.03%,$3574,$2017,$1557,$0,$868,$2885,$689,$-124,$565,$181,$384,$384,$292,$829,$689,$644,645,$0.45,$0.45,$5039,$1331,$597,$9446,$2880,$0,$4760,$191,$7831,$17277,$3771,$3816,$1633,$5449,$9220,$477,$21696,$-1690,$8057,$17277,$615,$283,$-462,$-179,$190,$-137,$-100,$11,$-126,$410,$-194,$0,$-16,$0,$0,$0,$5001,$4791,$-252,$-2318,$-2570,$-120,$-120,$-621,$29,$-3282,$1857,$0,$-621
7,2016-12-31,52.94,$12.03,4.4,$22.32,2.37,$8.04,6.59,$2.47,21.43,$8.88B,$4.15B,2.14,$3.82B,$7.75B,0.49,$14.40B,$6.21B,43.14%,$14.40B,$2.81B,19.48%,$14.40B,$2.81B,19.48%,$14.40B,$3.37B,23.42%,$14.40B,$2.35B,16.29%,$14.40B,$1.60B,11.08%,$1.60B,$7.75B,20.53%,$1.60B,$3.01B,118.99%,$1.60B,$17.47B,7.68%,$2.81B,$11.57B,23.85%,$3216,$1851,$1365,$0,$822,$2673,$543,$-79,$464,$94,$370,$370,$309,$686,$543,$643,644,$0.48,$0.48,$4151,$1278,$1022,$8877,$2861,$0,$4740,$993,$8594,$17471,$4146,$3815,$1756,$5571,$9717,$477,$21714,$-2030,$7754,$17471,$315,$143,$-117,$26,$212,$-103,$-119,$10,$-138,$238,$-100,$0,$-16,$0,$0,$0,$3874,$3758,$-251,$-2315,$-2566,$0,$0,$-311,$-43,$-2920,$969,$0,$-311
8,2016-09-30,51.28,$11.85,4.33,$22.44,2.29,$8.38,6.12,$2.52,20.35,$9.96B,$8.01B,1.24,$4.05B,$7.62B,0.53,$14.52B,$6.26B,43.12%,$14.52B,$2.80B,19.27%,$14.52B,$2.80B,19.27%,$14.52B,$3.37B,23.18%,$14.52B,$2.32B,15.95%,$14.52B,$1.64B,11.26%,$1.64B,$7.62B,21.22%,$1.64B,$2.81B,368.04%,$1.64B,$21.73B,7.51%,$2.80B,$11.67B,23.80%,$3932,$2219,$1713,$0,$855,$3074,$858,$-184,$674,$188,$486,$486,$438,$1000,$858,$644,647,$0.68,$0.68,$3182,$1208,$2869,$9960,$2931,$0,$4811,$4030,$11772,$21732,$8008,$4051,$2055,$6106,$14114,$477,$21716,$-1999,$7618,$21732,$1664,$568,$271,$839,$162,$58,$-22,$-4,$93,$2881,$-447,$0,$-132,$0,$0,$0,$-47,$-626,$-254,$56,$-198,$-601,$-601,$-1227,$-19,$-2045,$128,$0,$-1227
9,2016-06-30,48.64,$12.36,3.93,$16.00,3.04,$7.49,6.5,$2.82,17.25,$10.22B,$8.33B,1.23,$4.06B,$7.96B,0.51,$10.35B,$4.88B,47.13%,$10.35B,$3.57B,34.51%,$10.35B,$3.57B,34.51%,$10.35B,$3.96B,38.24%,$10.35B,$2.28B,22.07%,$10.35B,$1.85B,17.83%,$1.85B,$7.96B,23.56%,$1.85B,$-0.12B,319.07%,$1.85B,$22.08B,8.44%,$3.57B,$12.02B,29.90%,$3674,$2081,$1593,$0,$852,$2933,$741,$-85,$656,$205,$451,$451,$479,$881,$741,$642,645,$0.74,$0.74,$3516,$1949,$741,$10220,$3521,$0,$8078,$263,$11862,$22082,$8326,$4062,$1739,$5801,$14127,$477,$21583,$-1564,$7955,$22082,$1219,$426,$164,$590,$253,$-84,$-93,$20,$-79,$1924,$-301,$0,$-62,$0,$0,$0,$-10,$-373,$-252,$692,$440,$-555,$-555,$-922,$-13,$-1050,$462,$0,$-922
10,2016-03-31,50.26,$12.04,4.18,$18.54,2.71,$6.33,7.93,$2.92,17.21,$9.91B,$8.18B,1.21,$4.06B,$7.74B,0.53,$12.18B,$5.52B,45.31%,$12.18B,$3.79B,31.11%,$12.18B,$3.79B,31.11%,$12.18B,$4.24B,34.78%,$12.18B,$2.42B,19.90%,$12.18B,$1.93B,15.85%,$1.93B,$7.74B,24.00%,$1.93B,$-0.34B,282.78%,$1.93B,$21.76B,8.69%,$3.79B,$11.81B,31.02%,$3579,$2037,$1542,$0,$878,$2915,$664,$-112,$552,$177,$375,$375,$369,$806,$664,$642,645,$0.57,$0.57,$3322,$1950,$767,$9913,$3523,$0,$8079,$249,$11851,$21764,$8182,$4062,$1777,$5839,$14021,$477,$21410,$-1582,$7743,$21764,$730,$286,$142,$428,$312,$-78,$-125,$0,$-100,$1206,$-210,$0,$-11,$0,$0,$0,$33,$-188,$-253,$704,$451,$-555,$-555,$-616,$-5,$-725,$268,$0,$-616
11,2015-12-31,43.75,$11.66,3.75,$20.88,2.1,$5.62,7.78,$3.77,11.6,$9.69B,$8.20B,1.18,$4.04B,$7.50B,0.54,$14.00B,$6.14B,43.87%,$14.00B,$3.97B,28.37%,$14.00B,$3.97B,28.37%,$14.00B,$4.48B,32.02%,$14.00B,$3.48B,24.83%,$14.00B,$2.53B,18.10%,$2.53B,$7.50B,30.35%,$2.53B,$-0.57B,275.88%,$2.53B,$21.55B,11.25%,$3.97B,$11.54B,32.24%,$3337,$1923,$1414,$0,$879,$2802,$535,$-101,$434,$127,$307,$307,$349,$679,$535,$650,653,$0.54,$0.53,$3109,$1903,$840,$9694,$3520,$0,$8068,$270,$11858,$21552,$8202,$4043,$1810,$5853,$14055,$477,$21347,$-1738,$7497,$21552,$353,$144,$55,$199,$358,$-68,$-200,$18,$-155,$487,$-124,$0,$-6,$0,$0,$0,$-33,$-163,$-251,$861,$610,$-507,$-507,$-310,$-4,$-211,$55,$0,$-310
12,2015-09-30,40.0,$12.42,3.22,$23.81,1.68,$5.59,7.16,$3.99,10.03,$10.05B,$7.80B,1.29,$4.29B,$8.13B,0.53,$16.25B,$7.01B,43.13%,$16.25B,$4.31B,26.54%,$16.25B,$4.31B,26.54%,$16.25B,$4.89B,30.06%,$16.25B,$3.81B,23.43%,$16.25B,$2.71B,16.68%,$2.71B,$8.13B,30.58%,$2.71B,$3.34B,207.98%,$2.71B,$22.09B,11.75%,$4.31B,$12.42B,34.09%,$-241,$-569,$328,$0,$-264,$-1872,$1631,$-989,$642,$184,$458,$458,$648,$1591,$1631,$673,677,$0.99,$0.98,$3054,$1265,$2860,$10049,$2929,$0,$4785,$4325,$12039,$22088,$7800,$4289,$1871,$6160,$13960,$477,$21308,$-1617,$8128,$22088,$2733,$573,$-792,$-219,$241,$-11,$-256,$-140,$-181,$2529,$-588,$0,$1488,$0,$0,$0,$-309,$591,$496,$345,$841,$-2501,$-2501,$-1269,$-19,$-2948,$-95,$0,$-1269
13,2015-06-30,49.72,$13.27,3.75,$24.17,2.06,$7.04,7.06,$3.59,13.85,$10.64B,$8.31B,1.28,$4.29B,$8.80B,0.49,$16.49B,$7.17B,43.49%,$16.49B,$3.27B,19.84%,$16.49B,$3.27B,19.84%,$16.49B,$3.83B,23.23%,$16.49B,$3.82B,23.19%,$16.49B,$2.47B,14.99%,$2.47B,$8.80B,26.38%,$2.47B,$0.29B,312.42%,$2.47B,$23.46B,10.48%,$3.27B,$13.09B,25.22%,$5503,$3269,$2234,$0,$1276,$4545,$958,$-162,$796,$222,$574,$574,$564,$1159,$958,$666,669,$0.84,$0.84,$3393,$2144,$835,$10644,$3610,$0,$8505,$705,$12820,$23464,$8312,$4290,$2063,$6353,$14665,$477,$20969,$-1056,$8799,$23464,$2082,$613,$-909,$-296,$473,$-265,$-287,$-177,$-530,$1428,$-516,$0,$1149,$0,$0,$0,$-86,$547,$496,$945,$1441,$-2041,$-2041,$-960,$-12,$-1572,$244,$0,$-960
14,2015-03-31,50.4,$13.31,3.79,$24.91,2.02,$8.11,6.22,$3.78,13.33,$10.34B,$8.77B,1.18,$3.27B,$8.97B,0.37,$17.30B,$7.58B,43.79%,$17.30B,$3.53B,20.39%,$17.30B,$3.53B,20.39%,$17.30B,$4.09B,23.64%,$17.30B,$4.10B,23.70%,$17.30B,$2.64B,15.24%,$2.64B,$8.97B,26.65%,$2.64B,$0.61B,259.77%,$2.64B,$22.97B,10.99%,$3.53B,$12.24B,26.50%,$5400,$3234,$2166,$0,$1318,$4552,$848,$756,$1604,$625,$979,$979,$973,$1053,$848,$681,684,$1.42,$1.42,$3256,$2107,$682,$10344,$3570,$0,$8360,$694,$12624,$22968,$8770,$3272,$1958,$5230,$14000,$477,$20718,$-1273,$8968,$22968,$1508,$412,$-528,$-116,$408,$-251,$-310,$-40,$-530,$929,$-359,$0,$1246,$0,$0,$0,$-86,$801,$-251,$854,$603,$-1351,$-1351,$-647,$-20,$-1415,$107,$0,$-647
15,2014-12-31,54.5,$13.88,3.93,$25.26,2.16,$8.51,6.41,$3.13,17.41,$10.48B,$8.88B,1.18,$3.29B,$9.56B,0.34,$17.71B,$7.81B,44.07%,$17.71B,$3.68B,20.78%,$17.71B,$3.68B,20.78%,$17.71B,$4.25B,23.98%,$17.71B,$3.31B,18.70%,$17.71B,$2.21B,12.48%,$2.21B,$9.56B,21.50%,$2.21B,$0.97B,206.01%,$2.21B,$23.72B,9.08%,$3.68B,$12.85B,26.59%,$5587,$3307,$2280,$0,$1405,$4712,$875,$-110,$765,$236,$529,$529,$525,$1082,$875,$691,695,$0.76,$0.75,$3122,$2121,$836,$10483,$3631,$0,$8589,$1021,$13241,$23724,$8877,$3289,$2002,$5291,$14168,$477,$20066,$-875,$9556,$23724,$529,$207,$0,$207,$434,$-195,$-277,$-17,$-192,$571,$-207,$0,$-143,$0,$0,$0,$-26,$-376,$-251,$999,$748,$-509,$-509,$-326,$-59,$-146,$-27,$0,$-326
16,2014-09-30,54.85,$14.60,3.76,$25.14,2.18,$8.63,6.36,$3.03,18.1,$10.87B,$8.45B,1.29,$3.56B,$10.17B,0.35,$17.73B,$7.76B,43.77%,$17.73B,$3.60B,20.29%,$17.73B,$3.60B,20.29%,$17.73B,$4.17B,23.50%,$17.73B,$3.19B,17.99%,$17.73B,$2.15B,12.11%,$2.15B,$10.17B,20.23%,$2.15B,$1.30B,190.97%,$2.15B,$24.18B,8.78%,$3.60B,$13.73B,25.14%,$3,$-490,$493,$0,$-98,$-588,$591,$68,$659,$190,$469,$469,$410,$537,$591,$700,704,$0.59,$0.58,$3149,$2057,$642,$10867,$3802,$0,$8871,$637,$13310,$24177,$8454,$3559,$1997,$5556,$14010,$477,$19867,$-575,$10167,$24177,$2184,$569,$617,$1186,$-163,$-103,$232,$61,$159,$3692,$-651,$0,$-247,$0,$0,$0,$-261,$-1159,$-328,$622,$294,$-1048,$-1048,$-1210,$-595,$-2559,$-126,$0,$-1210
17,2014-06-30,57.77,$15.55,3.71,$34.56,1.67,$8.42,6.86,$3.55,16.27,$10.81B,$8.53B,1.27,$3.57B,$10.87B,0.33,$24.54B,$10.07B,41.04%,$24.54B,$4.35B,17.74%,$24.54B,$4.35B,17.74%,$24.54B,$5.21B,21.21%,$24.54B,$3.71B,15.13%,$24.54B,$2.53B,10.32%,$2.53B,$10.87B,23.55%,$2.53B,$1.19B,213.76%,$2.53B,$25.12B,10.30%,$4.35B,$14.44B,29.88%,$6312,$3674,$2638,$0,$1424,$5098,$1214,$-142,$1072,$334,$738,$738,$728,$1418,$1214,$700,703,$1.03,$1.03,$3049,$2253,$739,$10813,$3737,$0,$9685,$880,$14302,$25115,$8533,$3565,$2144,$5709,$14242,$477,$19757,$-52,$10873,$25115,$1769,$623,$-90,$533,$107,$-254,$53,$-45,$-157,$2284,$-573,$0,$-346,$0,$0,$0,$-107,$-1026,$-322,$1133,$811,$-783,$-783,$-910,$-593,$-1475,$-226,$0,$-910
18,2014-03-31,57.78,$15.00,3.85,$34.37,1.68,$8.43,6.85,$2.79,20.71,$10.20B,$7.83B,1.3,$3.84B,$10.53B,0.36,$24.57B,$10.00B,40.71%,$24.57B,$3.81B,15.50%,$24.57B,$3.81B,15.50%,$24.57B,$5.13B,20.88%,$24.57B,$3.15B,12.83%,$24.57B,$2.00B,8.13%,$2.00B,$10.53B,18.85%,$2.00B,$0.84B,173.66%,$2.00B,$24.35B,8.27%,$3.81B,$14.36B,26.19%,$5812,$3417,$2395,$0,$1394,$4811,$1001,$-184,$817,$263,$554,$554,$547,$1211,$1001,$702,705,$0.78,$0.77,$2724,$2233,$683,$10203,$3692,$0,$9685,$766,$14143,$24346,$7832,$3836,$2153,$5989,$13821,$477,$19333,$-128,$10525,$24346,$1031,$419,$0,$419,$298,$-235,$-75,$12,$-273,$1266,$-397,$0,$-308,$0,$0,$0,$-55,$-760,$-321,$1090,$769,$-596,$-596,$-606,$-611,$-1044,$-551,$0,$-606
19,2013-12-31,60.31,$15.45,3.9,$34.34,1.76,$8.46,7.13,$2.79,21.62,$10.00B,$7.11B,1.41,$3.83B,$10.88B,0.35,$24.72B,$9.98B,40.37%,$24.72B,$3.76B,15.19%,$24.72B,$3.76B,15.19%,$24.72B,$5.07B,20.52%,$24.72B,$3.17B,12.81%,$24.72B,$2.01B,8.14%,$2.01B,$10.88B,18.92%,$2.01B,$1.17B,171.42%,$2.01B,$24.12B,8.38%,$3.76B,$14.72B,25.66%,$5606,$3370,$2236,$0,$1444,$4814,$792,$-149,$643,$166,$477,$477,$462,$1001,$792,$704,708,$0.65,$0.65,$2737,$2162,$671,$9999,$3639,$0,$9710,$776,$14125,$24124,$7108,$3834,$2299,$6133,$13241,$477,$19088,$-146,$10883,$24124,$477,$209,$0,$209,$446,$-161,$-151,$25,$-54,$691,$-236,$0,$-308,$0,$0,$0,$-11,$-555,$-314,$387,$73,$-390,$-390,$-304,$-54,$-675,$-538,$0,$-304
20,2013-09-30,55.25,$15.17,3.64,$34.06,1.62,$8.42,6.56,$2.76,20.02,$11.00B,$7.63B,1.44,$4.06B,$10.72B,0.38,$24.67B,$9.95B,40.34%,$24.67B,$3.78B,15.31%,$24.67B,$3.78B,15.31%,$24.67B,$5.09B,20.64%,$24.67B,$3.20B,12.96%,$24.67B,$2.00B,8.12%,$2.00B,$10.72B,18.96%,$2.00B,$1.54B,187.55%,$2.00B,$24.71B,8.37%,$3.78B,$14.77B,26.05%,$6812,$4008,$2804,$0,$1432,$5465,$1347,$-166,$1181,$373,$808,$808,$795,$1575,$1347,$718,723,$1.11,$1.10,$3275,$1895,$1021,$10999,$3605,$0,$9181,$926,$13712,$24711,$7625,$4055,$2313,$6368,$13993,$477,$18930,$-189,$10718,$24711,$2066,$1315,$-160,$1155,$-84,$83,$14,$-32,$42,$3649,$-678,$0,$-16,$0,$0,$0,$-95,$-789,$-25,$374,$349,$-1110,$-1110,$-1181,$9,$-1933,$908,$0,$-1181
21,2013-06-30,46.26,$14.34,3.23,$33.76,1.37,$7.56,6.12,$2.05,22.57,$10.51B,$6.95B,1.51,$4.06B,$10.26B,0.4,$24.56B,$9.90B,40.30%,$24.56B,$3.20B,13.03%,$24.56B,$3.20B,13.03%,$24.56B,$5.02B,20.45%,$24.56B,$2.61B,10.62%,$24.56B,$1.49B,6.07%,$1.49B,$10.26B,14.20%,$1.49B,$1.05B,179.91%,$1.49B,$23.51B,6.29%,$3.20B,$14.32B,22.29%,$6344,$3776,$2568,$0,$1396,$5675,$669,$-158,$511,$297,$214,$214,$194,$1345,$669,$717,722,$0.27,$0.27,$2810,$2304,$667,$10506,$3475,$0,$9212,$320,$13007,$23513,$6950,$4059,$2240,$6299,$13249,$477,$18428,$-745,$10264,$23513,$1258,$1087,$-109,$978,$204,$-196,$-63,$-30,$-259,$2203,$-437,$0,$-17,$0,$0,$0,$-76,$-530,$-22,$273,$251,$-573,$-573,$-888,$12,$-1198,$443,$0,$-888
22,2013-03-31,47.06,$14.81,3.18,$33.81,1.39,$6.91,6.81,$2.82,16.69,$10.19B,$6.64B,1.53,$4.06B,$10.67B,0.38,$24.70B,$9.96B,40.32%,$24.70B,$3.82B,15.48%,$24.70B,$3.82B,15.48%,$24.70B,$5.18B,20.97%,$24.70B,$3.25B,13.17%,$24.70B,$2.07B,8.37%,$2.07B,$10.67B,19.50%,$2.07B,$0.93B,354.39%,$2.07B,$23.72B,8.65%,$3.82B,$14.73B,26.55%,$5960,$3587,$2373,$0,$1426,$5013,$947,$-116,$831,$253,$578,$578,$561,$1152,$947,$721,725,$0.77,$0.77,$2615,$2327,$688,$10189,$3481,$0,$9741,$313,$13535,$23724,$6644,$4059,$2347,$6406,$13050,$477,$18529,$-708,$10674,$23724,$1044,$411,$0,$411,$418,$-202,$-239,$-9,$-337,$1213,$-297,$0,$3,$0,$0,$0,$-48,$-342,$229,$21,$250,$-271,$-271,$-593,$14,$-600,$248,$0,$-593
23,2012-12-31,44.3,$14.69,3.01,$33.62,1.32,$6.47,6.85,$2.79,15.88,$10.09B,$7.20B,1.4,$3.54B,$10.62B,0.33,$24.66B,$9.92B,40.23%,$24.66B,$3.85B,15.62%,$24.66B,$3.85B,15.62%,$24.66B,$5.21B,21.11%,$24.66B,$3.24B,13.12%,$24.66B,$2.05B,8.32%,$2.05B,$10.62B,19.36%,$2.05B,$0.75B,654.75%,$2.05B,$23.77B,8.54%,$3.85B,$14.16B,26.79%,$5553,$3346,$2207,$0,$1394,$4740,$813,$-140,$673,$207,$466,$466,$454,$1019,$813,$722,727,$0.63,$0.62,$2527,$2308,$695,$10086,$3503,$0,$9866,$316,$13685,$23771,$7203,$3542,$2408,$5950,$13153,$477,$18264,$-617,$10618,$23771,$466,$206,$0,$206,$447,$-171,$-256,$-13,$-119,$639,$-200,$0,$3,$0,$0,$0,$-22,$-219,$-264,$424,$160,$-113,$-113,$-297,$-8,$-258,$160,$0,$-297
24,2012-09-30,40.04,$14.42,2.78,$33.18,1.21,$6.14,6.52,$2.67,15.0,$10.13B,$7.13B,1.42,$3.79B,$10.44B,0.36,$24.41B,$9.77B,40.01%,$24.41B,$3.74B,15.32%,$24.41B,$3.74B,15.32%,$24.41B,$5.09B,20.85%,$24.41B,$3.12B,12.76%,$24.41B,$1.97B,8.06%,$1.97B,$10.44B,18.70%,$1.97B,$0.58B,3611.01%,$1.97B,$23.82B,8.22%,$3.74B,$14.23B,25.91%,$6700,$3951,$2749,$0,$1385,$5928,$772,$-179,$593,$293,$300,$300,$282,$1506,$772,$731,735,$0.39,$0.39,$2367,$2125,$651,$10126,$3509,$0,$9864,$319,$13692,$23818,$7133,$3787,$2456,$6243,$13376,$477,$18107,$-731,$10442,$23818,$2024,$1351,$-163,$1188,$-536,$-49,$143,$19,$-340,$3053,$-665,$0,$-62,$0,$0,$0,$-79,$-806,$-258,$348,$90,$-797,$-797,$-1171,$-21,$-1899,$315,$0,$-1171
25,2012-06-30,38.34,$14.62,2.62,$32.74,1.17,$6.32,6.06,$3.29,11.65,$10.00B,$7.40B,1.35,$3.79B,$10.67B,0.36,$24.26B,$9.61B,39.61%,$24.26B,$4.20B,17.31%,$24.26B,$4.20B,17.31%,$24.26B,$5.05B,20.83%,$24.26B,$3.62B,14.90%,$24.26B,$2.45B,10.09%,$2.45B,$10.67B,23.19%,$2.45B,$0.07B,-1782.88%,$2.45B,$24.33B,10.22%,$4.20B,$14.45B,28.78%,$6484,$3856,$2628,$0,$1338,$5194,$1290,$-135,$1155,$368,$787,$787,$770,$1501,$1290,$730,734,$1.05,$1.04,$2292,$2367,$743,$10003,$3418,$0,$10595,$310,$14323,$24326,$7396,$3789,$2476,$6265,$13661,$477,$18115,$-767,$10665,$24326,$1724,$617,$-122,$495,$-179,$-304,$8,$-74,$-616,$1742,$-428,$0,$-178,$0,$0,$0,$-40,$-646,$-255,$902,$647,$-527,$-527,$-881,$-37,$-798,$240,$0,$-881
26,2012-03-31,42.59,$14.52,2.93,$32.26,1.32,$6.63,6.43,$3.15,13.52,$9.54B,$6.93B,1.38,$4.02B,$10.66B,0.38,$24.06B,$9.48B,39.40%,$24.06B,$4.05B,16.81%,$24.06B,$4.05B,16.81%,$24.06B,$4.90B,20.37%,$24.06B,$3.45B,14.35%,$24.06B,$2.36B,9.81%,$2.36B,$10.66B,22.19%,$2.36B,$-0.15B,-1413.17%,$2.36B,$24.13B,9.88%,$4.05B,$14.67B,27.30%,$5919,$3583,$2336,$0,$1359,$4942,$977,$-163,$814,$258,$556,$556,$545,$1179,$977,$733,737,$0.74,$0.74,$2153,$2402,$670,$9544,$3449,$0,$10802,$339,$14590,$24134,$6925,$4018,$2536,$6554,$13479,$477,$17638,$-496,$10655,$24134,$937,$406,$0,$406,$187,$-296,$-231,$-1,$-482,$896,$-287,$0,$-167,$0,$0,$0,$-43,$-497,$-249,$891,$642,$-329,$-329,$-588,$-29,$-304,$101,$0,$-588
27,2011-12-31,37.73,$14.06,2.68,$31.95,1.18,$6.94,5.43,$3.14,12.02,$9.08B,$6.53B,1.39,$4.04B,$10.33B,0.39,$24.00B,$9.45B,39.38%,$24.00B,$4.06B,16.92%,$24.00B,$4.06B,16.92%,$24.00B,$4.93B,20.55%,$24.00B,$3.47B,14.46%,$24.00B,$2.37B,9.88%,$2.37B,$10.33B,22.22%,$2.37B,$-0.28B,-1236.51%,$2.37B,$23.44B,9.99%,$4.06B,$14.37B,27.17%,$5309,$3254,$2055,$0,$1354,$4608,$701,$-148,$553,$172,$381,$381,$371,$905,$701,$734,738,$0.50,$0.50,$2076,$2317,$642,$9075,$3415,$0,$10616,$338,$14369,$23444,$6534,$4041,$2536,$6577,$13111,$477,$17387,$-629,$10333,$23444,$381,$204,$0,$204,$426,$-239,$-319,$34,$-293,$334,$-130,$0,$0,$0,$0,$0,$-10,$-140,$-250,$666,$416,$-244,$-244,$-294,$-48,$-170,$24,$0,$-294
28,2011-09-30,33.2,$14.28,2.33,$32.06,1.04,$6.98,4.75,$3.27,10.15,$9.35B,$6.47B,1.45,$4.32B,$10.55B,0.41,$24.22B,$9.56B,39.46%,$24.22B,$4.21B,17.38%,$24.22B,$4.21B,17.38%,$24.22B,$5.10B,21.04%,$24.22B,$3.63B,14.99%,$24.22B,$2.48B,10.24%,$2.48B,$10.55B,23.24%,$2.48B,$-0.19B,-1074.76%,$2.48B,$23.86B,10.53%,$4.21B,$14.88B,28.04%,$6545,$3955,$2590,$0,$1339,$5313,$1232,$-139,$1093,$345,$748,$748,$761,$1468,$1232,$749,754,$1.01,$1.01,$2052,$2100,$691,$9345,$3437,$0,$10740,$339,$14516,$23861,$6465,$4324,$2521,$6845,$13310,$477,$17310,$-562,$10551,$23861,$2530,$886,$-142,$744,$-475,$12,$194,$41,$-301,$3233,$-647,$0,$-129,$0,$0,$0,$-72,$-848,$-56,$185,$129,$-935,$-935,$-1039,$-42,$-1887,$460,$0,$-1039
29,2011-06-30,44.84,$14.73,3.04,$31.09,1.44,$7.21,6.22,$3.24,13.84,$9.28B,$6.31B,1.47,$4.35B,$11.00B,0.4,$23.52B,$9.30B,39.54%,$23.52B,$4.00B,17.00%,$23.52B,$4.00B,17.00%,$23.52B,$4.86B,20.66%,$23.52B,$3.38B,14.35%,$23.52B,$2.47B,10.49%,$2.47B,$11.00B,23.46%,$2.47B,$-0.05B,-621.66%,$2.47B,$24.10B,10.59%,$4.00B,$15.35B,26.77%,$6288,$3790,$2498,$0,$1363,$5153,$1135,$-143,$992,$294,$698,$698,$683,$1350,$1135,$749,753,$0.91,$0.90,$1781,$2422,$637,$9283,$3382,$0,$11048,$391,$14821,$24104,$6308,$4353,$2444,$6797,$13105,$477,$16807,$-74,$10999,$24104,$1756,$650,$-100,$550,$-294,$-240,$125,$55,$-469,$1978,$-403,$0,$-228,$0,$0,$0,$-42,$-673,$-54,$198,$144,$-495,$-495,$-781,$-32,$-1164,$189,$0,$-781
30,2011-03-31,46.29,$14.36,3.22,$29.90,1.55,$7.39,6.26,$3.11,14.88,$8.80B,$5.93B,1.48,$4.35B,$10.81B,0.4,$22.65B,$8.96B,39.58%,$22.65B,$3.86B,17.04%,$22.65B,$3.86B,17.04%,$22.65B,$4.71B,20.78%,$22.65B,$3.25B,14.34%,$22.65B,$2.37B,10.46%,$2.37B,$10.81B,23.60%,$2.37B,$-0.25B,-20608.70%,$2.37B,$23.54B,10.30%,$3.86B,$15.16B,26.59%,$5854,$3548,$2306,$0,$1315,$4863,$991,$-158,$833,$266,$567,$567,$556,$1207,$991,$752,757,$0.74,$0.73,$1593,$2324,$650,$8798,$3303,$0,$11051,$383,$14737,$23535,$5934,$4353,$2443,$6796,$12730,$477,$16383,$-150,$10805,$23535,$1058,$435,$0,$435,$-118,$-164,$-9,$59,$-447,$1075,$-208,$0,$-186,$0,$0,$0,$-33,$-427,$-54,$107,$53,$-176,$-176,$-522,$-33,$-678,$1,$0,$-522
31,2010-12-31,45.03,$13.69,3.29,$28.71,1.57,$7.75,5.81,$2.91,15.48,$8.31B,$5.60B,1.48,$4.35B,$10.32B,0.42,$21.75B,$8.62B,39.64%,$21.75B,$3.63B,16.68%,$21.75B,$3.63B,16.68%,$21.75B,$4.47B,20.54%,$21.75B,$3.02B,13.86%,$21.75B,$2.22B,10.20%,$2.22B,$10.32B,23.13%,$2.22B,$-0.44B,563.56%,$2.22B,$22.70B,9.84%,$3.63B,$14.68B,25.69%,$5535,$3372,$2163,$0,$1311,$4683,$852,$-139,$713,$222,$491,$491,$480,$1071,$852,$752,758,$0.63,$0.63,$1493,$2207,$649,$8305,$3255,$0,$10762,$381,$14398,$22703,$5600,$4352,$2428,$6780,$12380,$477,$16088,$-432,$10323,$22703,$491,$219,$0,$219,$67,$-97,$-183,$82,$-430,$322,$-82,$0,$-39,$0,$0,$0,$-16,$-137,$-30,$116,$86,$-51,$-51,$-261,$-55,$-281,$-99,$0,$-261
32,2010-09-30,41.23,$13.22,3.12,$27.77,1.48,$8.22,5.01,$2.84,14.52,$8.36B,$5.85B,1.43,$4.59B,$9.95B,0.46,$21.04B,$8.33B,39.57%,$21.04B,$3.51B,16.68%,$21.04B,$3.51B,16.68%,$21.04B,$4.33B,20.56%,$21.04B,$2.88B,13.68%,$21.04B,$2.16B,10.29%,$2.16B,$9.95B,23.40%,$2.16B,$-0.85B,261.91%,$2.16B,$22.84B,9.72%,$3.51B,$14.54B,25.38%,$5841,$3510,$2331,$0,$1312,$4822,$1019,$-181,$838,$254,$584,$584,$749,$1230,$1019,$751,757,$0.99,$0.98,$1592,$2105,$677,$8363,$3287,$0,$10806,$387,$14480,$22843,$5849,$4586,$2456,$7042,$12891,$477,$15869,$-426,$9952,$22843,$2217,$816,$-247,$569,$-341,$-160,$498,$-69,$309,$3292,$-524,$0,$-1997,$0,$0,$0,$4,$-2517,$-82,$398,$316,$-100,$-100,$-1009,$67,$-726,$32,$0,$-1009
33,2010-06-30,33.97,$12.08,2.81,$26.00,1.31,$7.94,4.28,$2.53,13.43,$9.96B,$7.26B,1.37,$4.59B,$9.09B,0.51,$19.71B,$7.88B,40.01%,$19.71B,$3.36B,17.07%,$19.71B,$3.36B,17.07%,$19.71B,$4.15B,21.08%,$19.71B,$2.70B,13.70%,$19.71B,$1.92B,9.75%,$1.92B,$9.09B,21.50%,$1.92B,$1.49B,165.50%,$1.92B,$22.96B,8.94%,$3.36B,$13.68B,25.17%,$5417,$3253,$2164,$0,$1168,$4421,$996,$-133,$863,$266,$597,$597,$585,$1199,$996,$751,758,$0.78,$0.77,$3424,$2114,$627,$9958,$3289,$0,$7596,$2115,$13000,$22958,$7257,$4586,$2026,$6612,$13869,$477,$15373,$-792,$9089,$22958,$1456,$605,$-209,$396,$-228,$-235,$307,$-67,$28,$2022,$-300,$0,$-1372,$0,$0,$0,$17,$-1655,$551,$1747,$2298,$-71,$-71,$-756,$109,$1580,$1864,$0,$-756
34,2010-03-31,38.88,$11.95,3.25,$25.60,1.52,$7.45,5.22,$2.27,17.13,$8.51B,$6.00B,1.42,$4.58B,$9.01B,0.51,$19.38B,$7.56B,39.00%,$19.38B,$3.12B,16.08%,$19.38B,$3.12B,16.08%,$19.38B,$3.89B,20.06%,$19.38B,$2.39B,12.33%,$19.38B,$1.72B,8.89%,$1.72B,$9.01B,19.52%,$1.72B,$1.38B,142.57%,$1.72B,$21.72B,8.27%,$3.12B,$13.59B,23.56%,$4953,$2990,$1963,$0,$1203,$4193,$760,$-159,$601,$180,$421,$421,$405,$966,$760,$751,757,$0.54,$0.53,$2159,$2075,$620,$8508,$3367,$0,$7630,$2215,$13212,$21720,$5999,$4581,$2135,$6716,$12715,$477,$15040,$-558,$9005,$21720,$855,$402,$0,$402,$-6,$-163,$160,$-17,$33,$1319,$-178,$0,$-1340,$0,$0,$0,$31,$-1487,$546,$725,$1271,$-24,$-24,$-504,$49,$792,$599,$0,$-504
35,2009-12-31,32.66,$11.88,2.75,$25.78,1.27,$6.66,4.9,$2.23,14.65,$8.06B,$5.81B,1.39,$4.56B,$8.94B,0.51,$19.52B,$7.43B,38.08%,$19.52B,$3.08B,15.76%,$19.52B,$3.08B,15.76%,$19.52B,$3.82B,19.58%,$19.52B,$2.35B,12.02%,$19.52B,$1.69B,8.67%,$1.69B,$8.94B,19.60%,$1.69B,$1.29B,133.81%,$1.69B,$21.49B,8.29%,$3.08B,$13.50B,24.01%,$4828,$2960,$1868,$0,$1134,$4094,$734,$-157,$577,$148,$429,$429,$425,$930,$734,$752,758,$0.56,$0.56,$1840,$1956,$617,$8063,$3475,$0,$7647,$2304,$13426,$21489,$5805,$4558,$2188,$6746,$12551,$477,$14888,$-466,$8938,$21489,$437,$196,$0,$196,$57,$-22,$-28,$-21,$15,$687,$-89,$0,$-1301,$0,$0,$0,$38,$-1352,$560,$662,$1222,$0,$0,$-251,$-15,$956,$280,$0,$-251
36,2009-09-30,30.48,$11.58,2.63,$26.46,1.15,$6.12,4.98,$2.38,12.81,$7.65B,$4.96B,1.54,$4.00B,$8.71B,0.46,$20.10B,$7.56B,37.61%,$20.10B,$3.14B,15.64%,$20.10B,$3.14B,15.64%,$20.10B,$3.87B,19.26%,$20.10B,$2.45B,12.19%,$20.10B,$1.72B,8.58%,$1.72B,$8.71B,20.29%,$1.72B,$0.48B,122.92%,$1.72B,$19.76B,8.56%,$3.14B,$12.70B,25.47%,$4509,$2620,$1889,$0,$1015,$3635,$874,$-216,$658,$147,$511,$511,$506,$1059,$874,$754,759,$0.67,$0.67,$1560,$1855,$615,$7653,$3500,$0,$8222,$388,$12110,$19763,$4956,$3998,$2103,$6101,$11057,$477,$14714,$-496,$8706,$19763,$1771,$727,$-303,$424,$1011,$580,$-709,$42,$620,$3086,$-531,$0,$-772,$0,$0,$0,$-6,$-1309,$568,$-684,$-116,$-718,$-718,$-998,$-116,$-1948,$-217,$0,$-998
37,2009-06-30,24.42,$11.52,2.12,$27.66,0.88,$6.02,4.06,$2.59,9.43,$7.72B,$4.99B,1.55,$4.46B,$8.66B,0.52,$21.23B,$7.94B,37.41%,$21.23B,$3.39B,15.94%,$21.23B,$3.39B,15.94%,$21.23B,$4.10B,19.33%,$21.23B,$2.85B,13.40%,$21.23B,$1.91B,8.98%,$1.91B,$8.66B,22.17%,$1.91B,$1.68B,99.31%,$1.91B,$20.32B,9.31%,$3.39B,$13.12B,27.59%,$5091,$3253,$1838,$0,$1089,$4342,$749,$-196,$553,$155,$398,$398,$387,$933,$749,$750,755,$0.52,$0.51,$1382,$2062,$554,$7718,$3475,$0,$6976,$2155,$12606,$20324,$4993,$4464,$2207,$6671,$11664,$477,$14471,$-133,$8660,$20324,$1251,$542,$-263,$279,$839,$328,$-800,$16,$69,$1734,$-388,$0,$-735,$0,$0,$0,$18,$-1105,$574,$40,$614,$-718,$-718,$-749,$-94,$-947,$-395,$0,$-749
38,2009-03-31,21.33,$10.93,1.95,$29.25,0.73,$6.18,3.45,$2.86,7.46,$8.13B,$5.95B,1.37,$3.70B,$8.21B,0.45,$22.71B,$8.52B,37.51%,$22.71B,$3.73B,16.42%,$22.71B,$3.73B,16.42%,$22.71B,$4.44B,19.56%,$22.71B,$3.24B,14.26%,$22.71B,$2.13B,9.38%,$2.13B,$8.21B,24.02%,$2.13B,$1.60B,94.35%,$2.13B,$19.99B,10.18%,$3.73B,$11.91B,30.43%,$5087,$3250,$1837,$0,$1119,$4369,$718,$-160,$558,$176,$382,$382,$373,$900,$718,$752,757,$0.50,$0.49,$1507,$2257,$611,$8132,$3447,$0,$6616,$1796,$11859,$19991,$5947,$3696,$2136,$5832,$11779,$477,$14331,$-430,$8212,$19991,$853,$358,$-148,$210,$620,$46,$-683,$-24,$-355,$818,$-272,$0,$-433,$0,$0,$0,$37,$-668,$62,$886,$948,$-718,$-718,$-502,$-43,$-315,$-270,$0,$-502
39,2008-12-31,27.05,$11.07,2.44,$30.14,0.9,$6.55,4.13,$3.06,8.84,$8.87B,$6.83B,1.3,$3.23B,$8.40B,0.39,$23.65B,$8.92B,37.74%,$23.65B,$4.00B,16.92%,$23.65B,$4.00B,16.92%,$23.65B,$4.71B,19.93%,$23.65B,$3.55B,15.03%,$23.65B,$2.31B,9.75%,$2.31B,$8.40B,25.09%,$2.31B,$1.85B,89.86%,$2.31B,$20.52B,10.82%,$4.00B,$11.64B,32.05%,$5415,$3419,$1996,$0,$1193,$4612,$803,$-122,$681,$210,$471,$471,$458,$979,$803,$763,768,$0.60,$0.60,$1668,$2470,$728,$8873,$3459,$0,$6556,$1634,$11649,$20522,$6828,$3234,$2058,$5292,$12120,$477,$14208,$-356,$8402,$20522,$471,$176,$0,$176,$439,$-164,$-424,$-85,$-316,$319,$-132,$0,$-271,$0,$0,$0,$-12,$-415,$-184,$968,$784,$-433,$-433,$-252,$-35,$64,$-109,$0,$-252
40,2008-09-30,29.82,$11.82,2.52,$30.02,0.99,$6.68,4.46,$3.06,9.75,$9.33B,$6.57B,1.42,$3.30B,$9.11B,0.36,$23.75B,$8.94B,37.63%,$23.75B,$4.02B,16.94%,$23.75B,$4.02B,16.94%,$23.75B,$4.73B,19.91%,$23.75B,$3.65B,15.35%,$23.75B,$2.41B,10.16%,$2.41B,$9.11B,25.71%,$2.41B,$2.55B,87.76%,$2.41B,$21.04B,11.28%,$4.02B,$12.41B,31.77%,$5640,$3367,$2273,$0,$1158,$4525,$1115,$-61,$1054,$298,$756,$756,$688,$1292,$1115,$780,789,$0.88,$0.88,$1777,$2348,$588,$9331,$3507,$0,$6562,$1640,$11709,$21040,$6573,$3297,$2057,$5354,$11927,$477,$14002,$141,$9113,$21040,$2486,$707,$-135,$572,$-293,$-90,$199,$19,$-22,$3293,$-714,$0,$-360,$0,$0,$0,$2,$-1072,$139,$521,$660,$-1120,$-1120,$-940,$-54,$-1454,$769,$0,$-940
41,2008-06-30,35.94,$12.53,2.87,$30.23,1.19,$6.32,5.69,$2.96,12.14,$10.09B,$7.04B,1.43,$3.30B,$9.75B,0.34,$24.03B,$8.90B,37.05%,$24.03B,$3.92B,16.30%,$24.03B,$3.92B,16.30%,$24.03B,$4.61B,19.19%,$24.03B,$3.49B,14.52%,$24.03B,$2.35B,9.77%,$2.35B,$9.75B,25.25%,$2.35B,$3.04B,86.91%,$2.35B,$22.20B,11.15%,$3.92B,$13.05B,31.09%,$6568,$4155,$2413,$0,$1321,$5476,$1092,$-146,$946,$299,$647,$647,$612,$1272,$1092,$779,788,$0.79,$0.78,$2057,$2562,$812,$10094,$3458,$0,$6713,$1931,$12102,$22196,$7043,$3298,$2101,$5399,$12442,$477,$13546,$823,$9754,$22196,$1724,$530,$-52,$478,$-197,$-205,$25,$-1,$-346,$1998,$-461,$0,$-412,$0,$0,$0,$142,$-731,$390,$774,$1164,$-727,$-727,$-708,$-45,$-316,$1049,$0,$-708
42,2008-03-31,37.0,$12.12,3.05,$29.09,1.27,$6.06,6.11,$2.90,12.76,$9.44B,$6.59B,1.43,$3.34B,$9.48B,0.35,$23.23B,$8.58B,36.95%,$23.23B,$3.77B,16.21%,$23.23B,$3.77B,16.21%,$23.23B,$4.44B,19.13%,$23.23B,$3.37B,14.49%,$23.23B,$2.31B,9.94%,$2.31B,$9.48B,25.56%,$2.31B,$2.82B,90.77%,$2.31B,$21.45B,11.26%,$3.77B,$12.82B,30.33%,$6023,$3781,$2242,$0,$1252,$5033,$990,$-118,$872,$274,$598,$598,$547,$1169,$990,$783,792,$0.70,$0.69,$1767,$2532,$762,$9438,$3413,$0,$6658,$1941,$12012,$21450,$6588,$3338,$2044,$5382,$11970,$477,$13169,$705,$9480,$21450,$1112,$350,$0,$350,$30,$-203,$-120,$56,$-319,$1171,$-306,$0,$-440,$0,$0,$0,$168,$-578,$398,$688,$1086,$-483,$-483,$-473,$-45,$85,$759,$0,$-473
43,2007-12-31,40.51,$11.65,3.48,$28.18,1.44,$5.71,7.1,$2.82,14.37,$8.99B,$6.41B,1.4,$3.20B,$9.17B,0.35,$22.60B,$8.28B,36.64%,$22.60B,$3.61B,15.95%,$22.60B,$3.61B,15.95%,$22.60B,$4.27B,18.90%,$22.60B,$3.23B,14.27%,$22.60B,$2.26B,9.98%,$2.26B,$9.17B,25.79%,$2.26B,$2.58B,95.40%,$2.26B,$20.85B,11.26%,$3.61B,$12.37B,29.69%,$5520,$3510,$2010,$0,$1184,$4694,$826,$-53,$773,$254,$519,$519,$565,$997,$826,$787,797,$0.72,$0.71,$1706,$2480,$512,$8994,$3435,$0,$6595,$1830,$11860,$20854,$6408,$3197,$2075,$5272,$11680,$477,$12858,$444,$9174,$20854,$565,$171,$0,$171,$143,$-170,$-244,$74,$-307,$423,$-127,$0,$-377,$0,$0,$0,$183,$-321,$0,$1050,$1050,$-194,$-194,$-237,$-61,$558,$698,$0,$-237
44,2007-09-30,37.85,$11.13,3.4,$27.50,1.38,$5.59,6.77,$2.66,14.23,$8.07B,$5.55B,1.45,$3.37B,$8.77B,0.38,$22.13B,$8.07B,36.44%,$22.13B,$3.50B,15.80%,$22.13B,$3.50B,15.80%,$22.13B,$4.15B,18.76%,$22.13B,$3.09B,13.98%,$22.13B,$2.14B,9.65%,$2.14B,$8.77B,25.11%,$2.14B,$2.36B,94.84%,$2.14B,$19.68B,10.90%,$3.50B,$12.14B,29.27%,$5914,$3678,$2236,$0,$1228,$4906,$1008,$-110,$898,$280,$618,$618,$623,$1173,$1008,$794,804,$0.79,$0.78,$1008,$2227,$570,$8065,$3431,$0,$6412,$1772,$11615,$19680,$5546,$3372,$1990,$5362,$10908,$477,$12536,$382,$8772,$19680,$2136,$656,$-136,$520,$-349,$96,$104,$36,$137,$3016,$-681,$0,$-295,$0,$0,$0,$106,$-870,$491,$-800,$-309,$-853,$-853,$-837,$5,$-1994,$198,$0,$-837
45,2007-06-30,33.09,$10.98,3.01,$26.35,1.26,$5.00,6.61,$2.53,13.11,$8.37B,$5.68B,1.47,$3.62B,$8.70B,0.42,$21.33B,$7.78B,36.44%,$21.33B,$3.35B,15.70%,$21.33B,$3.35B,15.70%,$21.33B,$3.99B,18.72%,$21.33B,$2.96B,13.87%,$21.33B,$2.04B,9.56%,$2.04B,$8.70B,24.41%,$2.04B,$2.41B,92.79%,$2.04B,$20.08B,10.54%,$3.35B,$12.33B,28.57%,$5772,$3677,$2095,$0,$1154,$4831,$941,$-119,$822,$249,$573,$573,$574,$1104,$941,$792,802,$0.72,$0.72,$1331,$2309,$648,$8371,$3279,$0,$6289,$2136,$11704,$20075,$5682,$3623,$2067,$5690,$11372,$477,$12121,$518,$8703,$20075,$1513,$491,$-100,$391,$-252,$-21,$-122,$-48,$-281,$1774,$-420,$0,$-187,$0,$0,$0,$72,$-535,$493,$9,$502,$-628,$-628,$-629,$7,$-748,$521,$0,$-629
46,2007-03-31,30.3,$10.49,2.89,$25.47,1.19,$4.69,6.46,$2.40,12.65,$7.99B,$5.79B,1.38,$3.38B,$8.35B,0.4,$20.78B,$7.54B,36.27%,$20.78B,$3.23B,15.53%,$20.78B,$3.23B,15.53%,$20.78B,$3.87B,18.62%,$20.78B,$2.85B,13.72%,$20.78B,$1.95B,9.39%,$1.95B,$8.35B,23.79%,$1.95B,$2.11B,92.17%,$1.95B,$19.53B,10.31%,$3.23B,$11.72B,28.18%,$5394,$3455,$1939,$0,$1109,$4564,$830,$-97,$733,$240,$493,$493,$494,$997,$830,$795,805,$0.62,$0.61,$1094,$2388,$619,$7989,$3259,$0,$6240,$2044,$11543,$19532,$5786,$3375,$2025,$5400,$11186,$477,$11755,$403,$8346,$19532,$939,$328,$0,$328,$-105,$-122,$-212,$-21,$-464,$875,$-276,$0,$-172,$0,$0,$0,$86,$-362,$245,$398,$643,$-478,$-478,$-421,$6,$-250,$284,$0,$-421
47,2006-12-31,30.83,$10.27,3.0,$24.62,1.25,$4.73,6.51,$2.31,13.34,$7.75B,$5.53B,1.4,$3.38B,$8.21B,0.41,$20.24B,$7.33B,36.23%,$20.24B,$3.13B,15.45%,$20.24B,$3.13B,15.45%,$20.24B,$3.75B,18.55%,$20.24B,$2.74B,13.55%,$20.24B,$1.89B,9.34%,$1.89B,$8.21B,23.34%,$1.89B,$2.13B,87.22%,$1.89B,$19.10B,10.31%,$3.13B,$11.58B,27.69%,$5051,$3256,$1795,$0,$1078,$4334,$717,$-77,$640,$195,$445,$445,$445,$878,$717,$799,809,$0.56,$0.55,$1090,$2410,$573,$7746,$3220,$0,$6077,$2060,$11357,$19103,$5526,$3375,$1996,$5371,$10897,$477,$11471,$376,$8206,$19103,$445,$161,$0,$161,$67,$-174,$-227,$6,$-327,$327,$-121,$0,$0,$0,$0,$0,$43,$-78,$247,$270,$517,$-283,$-283,$-211,$-6,$17,$280,$0,$-211
