,Date,Stock Price,Book Value per Share,Price to Book Ratio,TTM Sales per Share,Price to Sales Ratio,TTM FCF per Share,Price to FCF Ratio,TTM Net EPS,PE Ratio,Current Assets,Current Liabilities,Current Ratio,Long Term Debt,Shareholder's Equity_x,Debt to Equity Ratio,TTM Revenue_x,TTM Gross Profit,Gross Margin,TTM Revenue_y,TTM Operating Income,Operating Margin,TTM Revenue_x,TTM EBIT,EBIT Margin,TTM Revenue_y,TTM EBITDA,EBITDA Margin,TTM Revenue_x,TTM Pre-Tax Income,Pre-Tax Margin,TTM Revenue_y,TTM Net Income_x,Net Margin,TTM Net Income_y,Shareholder's Equity_y,Return on Equity,TTM Net Income_x,Tangible Equity,Return on Tangible Equity,TTM Net Income_y,Total Assets,Return on Assets,TTM Net Income,LT Investments & Debt,Return on Investment,revenue,cost-goods-sold,gross-profit,research-development-expenses,selling-general-administrative-expenses,operating-expenses,operating-income,total-non-operating-income-expense,pre-tax-income,total-provision-income-taxes,income-after-taxes,income-from-continuous-operations,net-income,ebitda,ebit,basic-shares-outstanding,shares-outstanding,eps-basic-net-earnings-per-share,eps-earnings-per-share-diluted,cash-on-hand,inventory,other-current-assets,total-current-assets,net-property-plant-equipment,long-term-investments,goodwill-intangible-assets-total,other-long-term-assets,total-long-term-assets,total-assets,total-current-liabilities,long-term-debt,other-non-current-liabilities,total-long-term-liabilities,total-liabilities,common-stock-net,retained-earnings-accumulated-deficit,comprehensive-income,total-share-holder-equity,total-liabilities-share-holders-equity,net-income-loss,total-depreciation-amortization-cash-flow,other-non-cash-items,total-non-cash-items,change-in-accounts-receivable,change-in-inventories,change-in-accounts-payable,change-in-assets-liabilities,total-change-in-assets-liabilities,cash-flow-from-operating-activities,net-change-in-property-plant-equipment,net-change-in-intangible-assets,net-acquisitions-divestitures,net-change-in-short-term-investments,net-change-in-long-term-investments,net-change-in-investments-total,investing-activities-other,cash-flow-from-investing-activities,net-long-term-debt,net-current-debt,debt-issuance-retirement-net-total,net-common-equity-issued-repurchased,net-total-equity-issued-repurchased,total-common-preferred-stock-dividends-paid,financial-activities-other,cash-flow-from-financial-activities,net-cash-flow,stock-based-compensation,common-stock-dividends-paid
0,2018-09-30,16.45,$29.65,0.55,$40.62,0.4,$-0.83,0.0,$1.33,12.37,$1.25B,$1.58B,0.79,$3.84B,$5.38B,0.71,$7.40B,$1.62B,21.90%,$7.40B,$0.44B,5.96%,$7.40B,$0.44B,5.96%,$7.40B,$1.02B,13.79%,$7.40B,$0.28B,3.72%,$7.40B,$0.25B,3.39%,$0.25B,$5.38B,4.60%,$0.25B,$2.43B,10.18%,$0.25B,$11.20B,2.33%,$0.44B,$9.21B,4.81%,$2114,$1697,$418,$0,$42,$2025,$90,$-41,$49,$4,$45,$45,$8,$228,$90,$181,183,$0.04,$0.04,$65,$0,$13,$1248,$6876,$85,$2947,$43,$9950,$11198,$1577,$3836,$42,$4246,$5823,$0,$0,$-2,$5375,$11198,$204,$434,$44,$478,$-292,$-93,$0,$0,$-143,$539,$-639,$0,$0,$0,$-0,$-0,$7,$-633,$792,$0,$792,$46,$46,$0,$-710,$128,$34,$32,$0
1,2018-06-30,16.18,$29.99,0.54,$36.73,0.44,$-1.02,0.0,$1.36,11.9,$0.92B,$1.36B,0.68,$3.59B,$5.43B,0.66,$6.68B,$1.55B,23.16%,$6.68B,$0.42B,6.33%,$6.68B,$0.42B,6.33%,$6.68B,$1.01B,15.09%,$6.68B,$0.25B,3.79%,$6.68B,$0.25B,3.73%,$0.25B,$5.43B,4.55%,$0.25B,$2.45B,10.16%,$0.25B,$10.78B,2.34%,$0.42B,$9.02B,4.65%,$1765,$1326,$439,$0,$30,$1616,$149,$-40,$109,$6,$102,$102,$28,$305,$149,$181,182,$0.15,$0.15,$37,$0,$4,$915,$6763,$86,$2978,$42,$9868,$10784,$1356,$3590,$45,$3997,$5353,$0,$0,$-2,$5431,$10784,$159,$295,$-11,$285,$-47,$-40,$0,$0,$-15,$429,$-404,$0,$0,$0,$-0,$-0,$3,$-402,$280,$0,$280,$0,$1,$0,$-303,$-22,$6,$15,$0
2,2018-03-31,14.16,$30.23,0.47,$33.99,0.42,$-1.94,0.0,$1.24,11.42,$0.85B,$0.90B,0.94,$3.84B,$5.47B,0.7,$6.18B,$1.44B,23.28%,$6.18B,$0.34B,5.55%,$6.18B,$0.34B,5.55%,$6.18B,$0.92B,14.92%,$6.18B,$0.17B,2.82%,$6.18B,$0.23B,3.67%,$0.23B,$5.47B,4.21%,$0.23B,$2.46B,9.69%,$0.23B,$10.62B,2.16%,$0.34B,$9.31B,3.79%,$1762,$1382,$380,$0,$28,$1656,$105,$-41,$64,$7,$57,$57,$12,$245,$105,$181,182,$0.07,$0.07,$17,$0,$4,$847,$6659,$86,$3009,$14,$9768,$10615,$904,$3839,$44,$4239,$5143,$0,$0,$-2,$5472,$10615,$57,$140,$15,$155,$-64,$9,$0,$0,$-19,$194,$-182,$0,$0,$0,$0,$0,$2,$-179,$122,$0,$122,$1,$1,$0,$-151,$-28,$-14,$5,$0
3,2017-12-31,16.77,$30.77,0.55,$31.64,0.53,$-2.45,0.0,$1.16,14.46,$0.81B,$1.04B,0.78,$3.54B,$5.56B,0.64,$5.74B,$1.38B,24.02%,$5.74B,$0.30B,5.14%,$5.74B,$0.30B,5.14%,$5.74B,$0.87B,15.14%,$5.74B,$0.12B,2.13%,$5.74B,$0.21B,3.71%,$0.21B,$5.56B,3.99%,$0.21B,$2.52B,9.49%,$0.21B,$10.54B,2.05%,$0.30B,$9.10B,3.31%,$1756,$1374,$383,$0,$30,$1659,$97,$-44,$53,$-206,$260,$260,$203,$243,$97,$181,182,$1.13,$1.12,$31,$0,$7,$809,$6587,$89,$3039,$13,$9729,$10538,$1040,$3542,$48,$3941,$4981,$0,$0,$-2,$5557,$10538,$320,$575,$-144,$431,$-189,$-24,$0,$0,$-51,$700,$-789,$0,$0,$0,$177,$177,$1,$-611,$8,$0,$8,$107,$501,$0,$-579,$-70,$20,$48,$0
4,2017-09-30,16.17,$30.10,0.54,$28.80,0.56,$-5.83,0.0,$0.03,539.15,$0.82B,$0.96B,0.85,$3.54B,$5.44B,0.65,$5.21B,$1.31B,25.19%,$5.21B,$0.24B,4.55%,$5.21B,$0.24B,4.55%,$5.21B,$0.81B,15.55%,$5.21B,$0.04B,0.73%,$5.21B,$0.01B,0.12%,$0.01B,$5.44B,0.11%,$0.01B,$2.37B,0.28%,$0.01B,$10.55B,0.06%,$0.24B,$8.98B,2.70%,$1398,$1053,$345,$0,$31,$1326,$72,$-45,$27,$3,$24,$24,$6,$216,$72,$181,182,$0.03,$0.03,$142,$0,$5,$816,$6569,$86,$3070,$7,$9732,$10548,$964,$3541,$53,$4148,$5112,$0,$0,$-2,$5436,$10548,$61,$429,$42,$471,$-57,$-48,$0,$0,$-3,$528,$-663,$0,$0,$0,$178,$178,$9,$-475,$258,$0,$258,$92,$486,$0,$-667,$77,$130,$39,$0
5,2017-06-30,16.27,$28.37,0.57,$27.21,0.6,$-4.57,0.0,0,0.0,$0.56B,$0.83B,0.67,$3.70B,$5.12B,0.72,$4.92B,$1.28B,26.10%,$4.92B,$0.23B,4.70%,$4.92B,$0.23B,4.70%,$4.92B,$0.80B,16.27%,$4.92B,$0.03B,0.61%,$4.92B,$0.00B,0.02%,$0.00B,$5.12B,0.02%,$0.00B,$2.02B,0.05%,$0.00B,$10.26B,0.01%,$0.23B,$8.82B,2.66%,$1264,$932,$331,$0,$31,$1195,$69,$-39,$30,$3,$27,$27,$6,$218,$69,$181,182,$0.03,$0.03,$11,$0,$4,$555,$6512,$84,$3101,$6,$9703,$10258,$830,$3697,$56,$4306,$5136,$0,$0,$-2,$5122,$10258,$36,$285,$22,$307,$56,$-34,$0,$0,$-14,$329,$-472,$0,$0,$0,$179,$179,$9,$-284,$165,$0,$165,$0,$72,$0,$-283,$-46,$-0,$29,$0
6,2017-03-31,17.69,$28.88,0.61,$25.97,0.68,$-3.70,0.0,$-0.02,0.0,$0.56B,$0.84B,0.67,$3.52B,$5.21B,0.68,$4.69B,$1.25B,26.74%,$4.69B,$0.21B,4.42%,$4.69B,$0.21B,4.42%,$4.69B,$0.77B,16.35%,$4.69B,$-0.00B,-0.02%,$4.69B,$-0.00B,-0.09%,$-0.00B,$5.21B,-0.08%,$-0.00B,$2.08B,-0.19%,$-0.00B,$10.18B,-0.04%,$0.21B,$8.74B,2.40%,$1322,$1002,$320,$0,$36,$1265,$57,$-44,$12,$3,$9,$9,$-2,$192,$57,$180,180,$-0.01,$-0.01,$15,$0,$360,$558,$6396,$85,$3137,$2,$9620,$10178,$837,$3521,$56,$4127,$4963,$0,$0,$0,$5214,$10178,$9,$136,$28,$163,$22,$2,$0,$0,$5,$178,$-256,$0,$0,$0,$184,$184,$3,$-69,$-24,$0,$-24,$55,$55,$0,$-136,$-105,$3,$19,$0
7,2016-12-31,17.12,$29.25,0.59,$23.61,0.73,$-7.39,0.0,$-2.57,0.0,$0.77B,$0.89B,0.87,$3.30B,$5.27B,0.63,$4.25B,$1.24B,29.09%,$4.25B,$-0.68B,-15.87%,$4.25B,$-0.68B,-15.87%,$4.25B,$-0.12B,-2.73%,$4.25B,$-0.88B,-20.79%,$4.25B,$-0.46B,-10.82%,$-0.46B,$5.27B,-8.65%,$-0.46B,$2.10B,-21.75%,$-0.46B,$10.28B,-4.52%,$-0.68B,$8.56B,-7.85%,$1225,$909,$316,$0,$28,$1186,$39,$-70,$-31,$-1,$-29,$-29,$-4,$184,$39,$180,180,$-0.01,$-0.01,$205,$0,$1,$773,$6257,$77,$3166,$2,$9503,$10276,$888,$3295,$280,$4123,$5010,$0,$0,$0,$5266,$10276,$-888,$557,$964,$1522,$-118,$19,$0,$0,$33,$666,$-1361,$0,$0,$0,$-74,$-74,$55,$-1380,$233,$0,$233,$168,$892,$0,$-417,$708,$-6,$30,$0
8,2016-09-30,14.81,$29.77,0.5,$23.29,0.64,$-6.36,0.0,$-3.73,0.0,$0.54B,$0.76B,0.71,$3.25B,$5.36B,0.61,$4.10B,$1.23B,30.04%,$4.10B,$-1.41B,-34.33%,$4.10B,$-1.41B,-34.33%,$4.10B,$-0.89B,-21.83%,$4.10B,$-1.57B,-38.39%,$4.10B,$-0.65B,-15.85%,$-0.65B,$5.36B,-12.12%,$-0.65B,$2.17B,-29.90%,$-0.65B,$10.20B,-6.50%,$-1.41B,$8.61B,-16.39%,$1105,$788,$316,$0,$29,$1039,$66,$-47,$19,$8,$11,$11,$1,$206,$66,$180,181,$0.00,$0.00,$60,$0,$4,$540,$6195,$266,$3193,$2,$9657,$10197,$763,$3245,$280,$4075,$4838,$0,$0,$0,$5360,$10197,$-859,$413,$915,$1328,$-18,$12,$0,$0,$43,$513,$-419,$0,$-792,$0,$-45,$-45,$52,$-1204,$180,$0,$180,$0,$724,$0,$-171,$733,$42,$23,$0
9,2016-06-30,13.83,$29.33,0.47,$24.32,0.57,$-8.64,0.0,$-4.91,0.0,$0.49B,$0.69B,0.71,$3.36B,$5.28B,0.64,$4.16B,$1.22B,29.39%,$4.16B,$-2.20B,-52.97%,$4.16B,$-2.20B,-52.97%,$4.16B,$-1.73B,-41.60%,$4.16B,$-2.35B,-56.40%,$4.16B,$-0.84B,-20.26%,$-0.84B,$5.28B,-15.11%,$-0.84B,$2.07B,-37.42%,$-0.84B,$10.16B,-8.42%,$-2.20B,$8.64B,-25.33%,$1033,$732,$301,$0,$30,$988,$45,$-46,$-1,$-2,$1,$1,$1,$184,$45,$180,181,$0.01,$0.01,$10,$0,$5,$492,$6160,$300,$3208,$2,$9670,$10162,$691,$3364,$281,$4191,$4882,$0,$0,$0,$5280,$10162,$-870,$273,$905,$1178,$-18,$12,$0,$0,$-3,$304,$-287,$0,$-791,$0,$-42,$-42,$15,$-1106,$296,$0,$296,$0,$724,$0,$-226,$794,$-8,$15,$0
10,2016-03-31,9.61,$29.77,0.32,$26.35,0.36,$-9.17,0.0,$-4.83,0.0,$0.44B,$0.68B,0.65,$3.20B,$5.36B,0.6,$4.40B,$1.23B,27.89%,$4.40B,$-2.18B,-49.47%,$4.40B,$-2.18B,-49.47%,$4.40B,$-1.75B,-39.65%,$4.40B,$-2.29B,-52.03%,$4.40B,$-0.83B,-18.83%,$-0.83B,$5.36B,-13.73%,$-0.83B,$2.12B,-34.95%,$-0.83B,$10.07B,-8.09%,$-2.18B,$8.56B,-24.13%,$890,$586,$304,$0,$35,$1715,$-825,$-46,$-871,$0,$-871,$-871,$-458,$-690,$-825,$179,179,$-2.56,$-2.56,$6,$0,$272,$440,$6117,$270,$3237,$3,$9627,$10066,$681,$3204,$277,$4026,$4706,$0,$0,$0,$5360,$10066,$-871,$135,$889,$1024,$32,$22,$0,$0,$42,$194,$-932,$0,$0,$0,$-7,$-7,$6,$-933,$137,$0,$137,$2,$727,$0,$-138,$726,$-12,$8,$0
11,2015-12-31,12.64,$33.03,0.38,$27.08,0.47,$-4.98,0.0,$-2.17,0.0,$0.49B,$0.43B,1.14,$3.07B,$5.43B,0.57,$4.45B,$1.21B,27.10%,$4.45B,$-1.30B,-29.25%,$4.45B,$-1.30B,-29.25%,$4.45B,$-0.91B,-20.52%,$4.45B,$-1.38B,-31.07%,$4.45B,$-0.36B,-7.97%,$-0.36B,$5.43B,-5.45%,$-0.36B,$2.32B,-14.19%,$-0.36B,$9.54B,-3.39%,$-1.30B,$8.49B,-13.98%,$1067,$758,$309,$0,$31,$1759,$-692,$-27,$-719,$5,$-723,$-723,$-193,$-594,$-692,$164,164,$-1.18,$-1.18,$18,$0,$17,$494,$5667,$274,$3104,$3,$9048,$9541,$432,$3066,$79,$3684,$4116,$0,$0,$0,$5425,$9541,$-1410,$388,$1631,$2019,$198,$-7,$0,$0,$19,$628,$-1096,$0,$0,$0,$-26,$-26,$24,$-1097,$1070,$0,$1070,$24,$24,$0,$-676,$419,$-50,$36,$0
12,2015-09-30,15.11,$38.09,0.4,$26.68,0.57,$-4.19,0.0,$-0.83,0.0,$0.66B,$0.54B,1.22,$2.85B,$6.26B,0.46,$4.39B,$1.20B,27.40%,$4.39B,$-0.51B,-11.58%,$4.39B,$-0.51B,-11.56%,$4.39B,$-0.13B,-2.99%,$4.39B,$-0.57B,-13.06%,$4.39B,$-0.13B,-3.05%,$-0.13B,$6.26B,-1.94%,$-0.13B,$2.50B,-5.08%,$-0.13B,$10.27B,-1.26%,$-0.51B,$9.11B,-5.36%,$1171,$862,$309,$0,$35,$1902,$-732,$-24,$-756,$0,$-756,$-756,$-193,$-631,$-732,$164,164,$-1.18,$-1.18,$83,$0,$16,$656,$5566,$264,$3760,$30,$9618,$10274,$537,$2852,$91,$3482,$4019,$0,$0,$0,$6255,$10274,$-688,$290,$855,$1145,$124,$-29,$0,$0,$35,$492,$-781,$0,$0,$0,$-8,$-8,$14,$-774,$829,$-13,$816,$13,$-158,$0,$-361,$297,$14,$0,$0
13,2015-06-30,25.47,$43.34,0.59,$24.76,1.03,$-3.53,0.0,$0.52,48.98,$0.72B,$0.54B,1.32,$2.83B,$7.12B,0.4,$4.07B,$1.15B,28.31%,$4.07B,$0.31B,7.64%,$4.07B,$0.31B,7.66%,$4.07B,$0.66B,16.25%,$4.07B,$0.27B,6.51%,$4.07B,$0.09B,2.11%,$0.09B,$7.12B,1.22%,$0.09B,$2.55B,3.28%,$0.09B,$11.13B,0.82%,$0.31B,$9.95B,3.34%,$1275,$968,$306,$0,$28,$1203,$71,$-17,$55,$10,$45,$45,$15,$169,$71,$164,165,$0.09,$0.09,$72,$0,$394,$715,$5551,$261,$4572,$30,$10414,$11129,$544,$2827,$96,$3466,$4010,$0,$0,$0,$7119,$11129,$70,$189,$43,$232,$57,$-27,$0,$0,$-25,$277,$-349,$0,$-325,$0,$0,$0,$9,$-665,$805,$-12,$792,$0,$0,$0,$-401,$392,$4,$22,$0
14,2015-03-31,26.47,$44.04,0.6,$22.66,1.17,$-4.67,0.0,$0.61,43.4,$0.69B,$0.53B,1.31,$2.49B,$7.23B,0.35,$3.73B,$1.11B,29.85%,$3.73B,$0.33B,8.86%,$3.73B,$0.33B,8.89%,$3.73B,$0.66B,17.66%,$3.73B,$0.29B,7.81%,$3.73B,$0.10B,2.68%,$0.10B,$7.23B,1.45%,$0.10B,$2.65B,3.86%,$0.10B,$10.89B,1.00%,$0.33B,$9.73B,3.70%,$941,$657,$283,$0,$43,$890,$51,$-15,$36,$11,$25,$25,$16,$142,$51,$164,165,$0.10,$0.10,$110,$0,$14,$687,$5323,$268,$4588,$26,$10205,$10893,$526,$2494,$97,$3134,$3660,$0,$0,$0,$7233,$10893,$25,$91,$19,$111,$122,$-16,$0,$0,$35,$171,$-161,$0,$-312,$0,$0,$0,$4,$-469,$471,$-13,$458,$2,$2,$0,$-121,$340,$41,$14,$0
15,2014-12-31,28.72,$43.12,0.67,$21.34,1.35,$-4.60,0.0,$0.55,52.21,$0.65B,$0.49B,1.34,$2.02B,$7.08B,0.29,$3.51B,$1.01B,28.89%,$3.51B,$0.35B,10.09%,$3.51B,$0.36B,10.12%,$3.51B,$0.64B,18.19%,$3.51B,$0.33B,9.32%,$3.51B,$0.09B,2.59%,$0.09B,$7.08B,1.35%,$0.09B,$2.86B,3.61%,$0.09B,$10.21B,0.95%,$0.35B,$9.10B,4.16%,$1000,$697,$304,$0,$31,$897,$104,$-12,$92,$17,$75,$75,$28,$189,$104,$164,164,$0.15,$0.16,$68,$0,$270,$648,$5043,$271,$4218,$28,$9559,$10207,$485,$2023,$98,$2647,$3132,$0,$0,$0,$7075,$10207,$250,$284,$49,$333,$-99,$-8,$0,$0,$-124,$459,$-796,$0,$-358,$0,$-6,$-6,$11,$-1149,$572,$10,$582,$0,$0,$0,$175,$758,$68,$20,$0
16,2014-09-30,33.18,$40.59,0.82,$15.25,2.18,$-2.55,0.0,$0.17,195.15,$0.48B,$0.42B,1.15,$1.85B,$6.66B,0.28,$3.11B,$0.86B,27.49%,$3.11B,$0.30B,9.52%,$3.11B,$0.30B,9.52%,$3.11B,$0.54B,17.43%,$3.11B,$0.28B,9.13%,$3.11B,$0.06B,2.03%,$0.06B,$6.66B,1.16%,$0.06B,$2.44B,2.93%,$0.06B,$9.53B,0.82%,$0.30B,$8.51B,4.42%,$857,$597,$260,$0,$24,$770,$87,$-6,$82,$17,$64,$64,$27,$162,$87,$164,164,$0.18,$0.17,$40,$0,$222,$481,$4523,$276,$4217,$30,$9047,$9528,$420,$1854,$100,$2450,$2870,$0,$0,$0,$6658,$9528,$174,$198,$56,$254,$26,$-27,$0,$0,$-68,$360,$-540,$0,$-150,$0,$-6,$-6,$8,$-689,$403,$-3,$401,$0,$72,$0,$-105,$368,$40,$13,$0
17,2014-06-30,33.25,$40.58,0.82,$10.03,3.31,$-1.45,0.0,$-0.23,0.0,$0.48B,$0.46B,1.05,$1.68B,$6.66B,0.25,$2.83B,$0.74B,26.07%,$2.83B,$0.26B,9.08%,$2.83B,$0.26B,9.08%,$2.83B,$0.48B,16.81%,$2.83B,$0.26B,9.04%,$2.83B,$0.04B,1.27%,$0.04B,$6.66B,0.89%,$0.04B,$2.43B,2.10%,$0.04B,$9.38B,0.61%,$0.26B,$8.33B,5.01%,$927,$662,$265,$0,$27,$837,$90,$-9,$81,$19,$62,$62,$29,$165,$90,$164,164,$0.18,$0.18,$16,$0,$255,$483,$4384,$279,$4227,$7,$8897,$9379,$458,$1675,$105,$2266,$2724,$0,$0,$0,$6655,$9379,$110,$123,$42,$165,$-11,$-15,$0,$0,$-72,$203,$-463,$0,$0,$0,$-6,$-6,$5,$-463,$241,$9,$249,$20,$20,$0,$7,$276,$16,$7,$0
18,2014-03-31,26.95,$40.25,0.67,$4.39,6.14,$0.13,214.41,$-0.51,0.0,$0.63B,$0.63B,0.99,$1.53B,$6.60B,0.23,$2.49B,$0.61B,24.56%,$2.49B,$0.21B,8.43%,$2.49B,$0.21B,8.43%,$2.49B,$0.40B,16.05%,$2.49B,$0.22B,8.87%,$2.49B,$0.01B,0.28%,$0.01B,$6.60B,0.26%,$0.01B,$2.35B,0.55%,$0.01B,$9.35B,0.16%,$0.21B,$8.14B,5.82%,$723,$539,$184,$0,$16,$649,$74,$-2,$72,$24,$48,$48,$7,$122,$74,$164,165,$0.04,$0.04,$221,$0,$255,$627,$4203,$271,$4247,$6,$8727,$9354,$634,$1534,$108,$2119,$2753,$0,$0,$0,$6601,$9354,$48,$48,$22,$70,$43,$-8,$0,$0,$1,$119,$-98,$0,$-50,$0,$0,$0,$3,$-146,$278,$-3,$276,$0,$0,$0,$-28,$248,$221,$1,$0
19,2013-12-31,28.71,$0.00,0.0,0,0.0,0,0.0,$-0.61,0.0,$0.08B,$0.08B,1.02,$0.00B,$1.78B,0.0,$2.30B,$0.56B,24.39%,$2.30B,$0.17B,7.49%,$2.30B,$0.17B,7.49%,$2.30B,$0.36B,15.59%,$2.30B,$0.19B,8.10%,$2.30B,0,0.00%,$0.00B,$1.78B,0.00%,$0.00B,$1.38B,0.00%,$0.00B,$2.31B,0.00%,$0.17B,$1.78B,8.17%,$603,$457,$146,$0,$13,$558,$45,$5,$49,$18,$32,$32,$0,$93,$45,$0,0,$0.00,$0.00,$0,$0,$73,$79,$1768,$61,$402,$0,$2231,$2310,$78,$0,$8,$449,$526,$0,$0,$0,$1784,$2310,$119,$188,$32,$219,$0,$1,$0,$0,$-8,$330,$-244,$0,$0,$0,$0,$0,$1,$-243,$0,$0,$0,$0,$0,$0,$-151,$-151,$-16,$0,$0
20,2013-09-30,16.52,$24.63,0.67,0,0.0,0,0.0,$-0.51,0.0,$0.24B,$0.26B,0.91,$1.10B,$1.18B,0.94,$2.39B,$0.60B,25.27%,$2.39B,$0.21B,8.87%,$2.39B,$0.21B,8.87%,$2.39B,$0.38B,15.90%,$2.39B,$0.28B,11.80%,$2.39B,$0.08B,3.47%,$0.08B,$1.18B,7.39%,$0.08B,$0.70B,14.35%,$0.08B,$2.69B,3.22%,$0.21B,$2.28B,9.84%,$578,$436,$143,$0,$11,$530,$48,$6,$54,$19,$35,$35,$0,$96,$48,$0,0,$0.00,$0.00,$14,$0,$123,$240,$1850,$100,$479,$24,$2453,$2693,$263,$1102,$28,$1254,$1517,$0,$-154,$0,$1176,$2693,$88,$139,$12,$150,$0,$-1,$0,$0,$7,$245,$-201,$0,$0,$0,$0,$0,$1,$-200,$0,$0,$0,$0,$0,$0,$-118,$-118,$-16,$0,$0
21,2013-06-30,15.53,$26.29,0.59,$9.39,1.65,$-6.31,0.0,$-0.37,0.0,$0.27B,$0.28B,0.98,$0.99B,$1.25B,0.79,$2.26B,$0.56B,24.86%,$2.26B,$0.17B,7.31%,$2.26B,$0.17B,7.31%,$2.26B,$0.33B,14.75%,$2.26B,$0.21B,9.39%,$2.26B,$0.08B,3.50%,$0.08B,$1.25B,7.33%,$0.08B,$0.70B,15.67%,$0.08B,$2.68B,3.17%,$0.17B,$2.24B,7.94%,$588,$449,$139,$0,$11,$545,$43,$3,$46,$17,$30,$30,$0,$89,$43,$0,0,$0.00,$0.00,$44,$0,$137,$271,$1721,$99,$556,$29,$2406,$2676,$276,$993,$29,$1149,$1425,$0,$-137,$0,$1252,$2676,$53,$91,$-9,$82,$0,$4,$0,$0,$15,$150,$-157,$0,$0,$0,$0,$0,$0,$-157,$0,$0,$0,$0,$0,$0,$2,$2,$-2,$0,$0
22,2013-03-31,15.04,$23.38,0.64,$17.71,0.85,$-7.12,0.0,$-0.30,0.0,$0.24B,$0.24B,0.99,$1.00B,$1.11B,0.9,$2.06B,$0.51B,24.82%,$2.06B,$0.14B,6.79%,$2.06B,$0.14B,6.79%,$2.06B,$0.30B,14.35%,$2.06B,$0.16B,7.90%,$2.06B,$0.08B,3.73%,$0.08B,$1.11B,7.67%,$0.08B,$0.55B,16.66%,$0.08B,$2.51B,3.23%,$0.14B,$2.11B,7.19%,$527,$395,$132,$0,$10,$491,$36,$1,$37,$13,$24,$24,$0,$80,$36,$0,0,$0.00,$0.00,$14,$0,$141,$239,$1579,$99,$566,$30,$2274,$2513,$241,$1000,$30,$1159,$1400,$0,$-126,$0,$1113,$2513,$24,$45,$-3,$41,$0,$1,$0,$0,$4,$69,$-100,$0,$0,$0,$0,$0,$0,$-100,$0,$0,$0,$0,$0,$0,$25,$25,$-16,$0,$0
23,2012-12-31,11.12,$20.04,0.55,$25.56,0.43,$-7.65,0.0,$-0.26,0.0,$0.26B,$0.28B,0.94,$1.04B,$0.95B,1.09,$1.91B,$0.48B,25.16%,$1.91B,$0.13B,6.60%,$1.91B,$0.13B,6.60%,$1.91B,$0.27B,14.26%,$1.91B,$0.13B,6.76%,$1.91B,$0.08B,3.98%,$0.08B,$0.95B,8.19%,$0.08B,$0.37B,18.15%,$0.08B,$2.43B,3.39%,$0.13B,$1.99B,6.87%,$697,$507,$190,$0,$-5,$612,$85,$60,$145,$49,$96,$96,$83,$115,$85,$0,0,$0.00,$0.00,$3,$0,$177,$260,$1472,$91,$578,$26,$2166,$2426,$276,$1036,$30,$1200,$1476,$0,$-118,$0,$950,$2426,$82,$146,$2,$148,$0,$-3,$0,$0,$-20,$210,$-337,$0,$0,$0,$-17,$-17,$2,$-352,$0,$-2,$-2,$0,$0,$0,$88,$86,$8,$0,$0
24,2012-09-30,10.78,$21.03,0.51,$35.76,0.3,$-6.71,0.0,$-0.17,0.0,$0.25B,$0.22B,1.13,$0.97B,$1.00B,0.97,$1.69B,$0.39B,22.93%,$1.69B,$0.06B,3.43%,$1.69B,$0.06B,3.43%,$1.69B,$0.21B,12.29%,$1.69B,$-0.02B,-1.06%,$1.69B,$-0.01B,-0.53%,$-0.01B,$1.00B,-1.00%,$-0.01B,$0.40B,-2.14%,$-0.01B,$2.35B,-0.42%,$0.06B,$1.97B,3.33%,$445,$345,$100,$0,$17,$444,$1,$-17,$-16,$-2,$-15,$-15,$-4,$49,$1,$47,47,$-0.09,$-0.09,$6,$0,$148,$245,$1396,$89,$597,$28,$2109,$2354,$217,$970,$32,$1140,$1357,$0,$-106,$0,$997,$2354,$-14,$116,$-7,$108,$-18,$-7,$0,$0,$-51,$43,$-342,$0,$0,$0,$-52,$-52,$0,$-394,$168,$4,$172,$233,$233,$-17,$-61,$327,$-24,$8,$-17
25,2012-06-30,10.67,$20.15,0.53,$37.34,0.29,$0.02,457.75,$-0.12,0.0,$0.42B,$0.43B,0.98,$0.76B,$0.96B,0.8,$1.76B,$0.38B,21.49%,$1.76B,$0.07B,4.14%,$1.76B,$0.07B,4.14%,$1.76B,$0.21B,11.79%,$1.76B,$-0.01B,-0.28%,$1.76B,$-0.01B,-0.40%,$-0.01B,$0.96B,-0.81%,$-0.01B,$0.53B,-1.68%,$-0.01B,$2.25B,-0.35%,$0.07B,$1.72B,4.39%,$394,$304,$90,$0,$14,$376,$18,$-21,$-3,$-1,$-2,$-2,$-2,$52,$18,$47,47,$-0.03,$-0.03,$253,$0,$110,$424,$1287,$87,$426,$25,$1825,$2248,$431,$762,$22,$863,$1294,$0,$-96,$0,$955,$2248,$1,$67,$-3,$64,$25,$-9,$0,$0,$-13,$51,$-89,$0,$0,$0,$-52,$-52,$0,$-142,$211,$-6,$205,$158,$158,$-11,$-284,$68,$-22,$5,$-11
26,2012-03-31,10.69,$17.15,0.62,$40.17,0.27,$1.13,9.46,$-0.11,0.0,$0.18B,$0.16B,1.11,$0.85B,$0.81B,1.05,$1.90B,$0.39B,20.36%,$1.90B,$0.08B,4.06%,$1.90B,$0.08B,4.06%,$1.90B,$0.21B,11.23%,$1.90B,$-0.00B,-0.05%,$1.90B,$-0.01B,-0.32%,$-0.01B,$0.81B,-0.71%,$-0.01B,$0.37B,-1.57%,$-0.01B,$1.93B,-0.31%,$0.08B,$1.67B,4.69%,$372,$272,$100,$0,$16,$350,$22,$-19,$3,$-0,$3,$3,$-1,$56,$22,$47,47,$-0.02,$-0.02,$27,$0,$1,$175,$1252,$40,$439,$24,$1755,$1931,$158,$853,$23,$961,$1119,$0,$-88,$-0,$812,$1931,$3,$34,$3,$37,$35,$-6,$0,$0,$-29,$11,$-36,$0,$0,$0,$-5,$-5,$0,$-41,$53,$-3,$51,$0,$0,$-5,$-19,$26,$-4,$3,$-5
27,2011-12-31,9.47,$17.57,0.54,$42.72,0.22,$1.24,7.65,$-0.12,0.0,$0.21B,$0.23B,0.93,$0.80B,$0.83B,0.96,$2.01B,$0.38B,18.67%,$2.01B,$0.07B,3.67%,$2.01B,$0.07B,3.67%,$2.01B,$0.21B,10.33%,$2.01B,$-0.00B,-0.20%,$2.01B,$-0.01B,-0.35%,$-0.01B,$0.83B,-0.82%,$-0.01B,$0.38B,-1.81%,$-0.01B,$1.96B,-0.35%,$0.07B,$1.63B,4.55%,$481,$383,$98,$0,$15,$464,$17,$-19,$-2,$-1,$-1,$-1,$-2,$51,$17,$47,47,$-0.03,$-0.03,$30,$0,$143,$209,$1243,$35,$451,$24,$1754,$1963,$226,$798,$24,$908,$1133,$0,$-82,$-0,$829,$1963,$-1,$134,$4,$138,$44,$-2,$0,$0,$5,$141,$-97,$0,$0,$0,$-35,$-35,$0,$-132,$75,$6,$81,$1,$1,$-18,$-65,$-2,$8,$8,$-18
28,2011-09-30,10.03,$17.98,0.56,$41.66,0.24,$2.43,4.13,$-0.13,0.0,$0.21B,$0.20B,1.02,$0.79B,$0.85B,0.93,$1.96B,$0.37B,18.72%,$1.96B,$0.07B,3.78%,$1.96B,$0.07B,3.78%,$1.96B,$0.21B,10.51%,$1.96B,$-0.01B,-0.26%,$1.96B,$-0.01B,-0.36%,$-0.01B,$0.85B,-0.80%,$-0.01B,$0.38B,-1.78%,$-0.01B,$1.95B,-0.35%,$0.07B,$1.64B,4.56%,$517,$427,$91,$0,$14,$502,$16,$-19,$-3,$-1,$-2,$-2,$-2,$49,$16,$47,47,$-0.04,$-0.04,$11,$0,$160,$207,$1219,$35,$464,$26,$1744,$1951,$203,$788,$25,$899,$1102,$0,$-76,$-0,$849,$1951,$-0,$100,$2,$102,$30,$-3,$0,$0,$-20,$82,$-62,$0,$0,$0,$-35,$-35,$0,$-97,$66,$-0,$66,$1,$1,$-13,$-50,$4,$-12,$6,$-13
29,2011-06-30,8.79,$18.42,0.48,$40.40,0.22,$3.66,2.4,$-0.13,0.0,$0.25B,$0.27B,0.93,$0.76B,$0.87B,0.88,$1.90B,$0.36B,18.97%,$1.90B,$0.07B,3.90%,$1.90B,$0.07B,3.90%,$1.90B,$0.20B,10.70%,$1.90B,$-0.01B,-0.32%,$1.90B,$-0.01B,-0.37%,$-0.01B,$0.87B,-0.78%,$-0.01B,$0.39B,-1.75%,$-0.01B,$2.01B,-0.35%,$0.07B,$1.63B,4.56%,$526,$429,$97,$0,$13,$503,$22,$-21,$1,$-0,$2,$2,$-1,$57,$22,$47,47,$-0.02,$-0.02,$7,$0,$204,$246,$1227,$35,$477,$27,$1765,$2011,$265,$764,$26,$877,$1142,$0,$-69,$-0,$869,$2011,$2,$66,$3,$69,$-11,$-5,$0,$0,$-7,$64,$-50,$0,$0,$0,$-35,$-35,$0,$-85,$43,$3,$47,$0,$0,$-8,$-34,$5,$-16,$4,$-8
30,2011-03-31,7.28,$18.78,0.39,$38.73,0.19,$4.59,1.59,$-0.16,0.0,$0.23B,$0.24B,0.97,$0.73B,$0.88B,0.82,$1.81B,$0.35B,19.13%,$1.81B,$0.07B,3.80%,$1.81B,$0.07B,3.80%,$1.81B,$0.19B,10.58%,$1.81B,$-0.01B,-0.55%,$1.81B,$-0.01B,-0.44%,$-0.01B,$0.88B,-0.88%,$-0.01B,$0.40B,-1.99%,$-0.01B,$1.97B,-0.40%,$0.07B,$1.61B,4.26%,$490,$400,$90,$0,$12,$471,$19,$-20,$-0,$-1,$0,$0,$-2,$51,$19,$47,47,$-0.03,$-0.03,$6,$0,$6,$230,$1222,$0,$488,$25,$1735,$1965,$238,$728,$27,$843,$1080,$0,$-64,$-0,$884,$1965,$0,$32,$3,$34,$4,$-2,$0,$0,$-33,$2,$-22,$0,$0,$0,$0,$0,$0,$-22,$15,$6,$22,$0,$0,$-4,$-15,$3,$-17,$2,$-4
31,2010-12-31,6.43,$19.22,0.33,$38.39,0.17,$5.13,1.25,$-0.25,0.0,$0.25B,$0.26B,0.95,$0.71B,$0.90B,0.79,$1.79B,$0.34B,18.85%,$1.79B,$0.07B,4.13%,$1.79B,$0.07B,4.13%,$1.79B,$0.19B,10.82%,$1.79B,$-0.03B,-1.56%,$1.79B,$-0.01B,-0.61%,$-0.01B,$0.90B,-1.20%,$-0.01B,$0.40B,-2.73%,$-0.01B,$1.99B,-0.55%,$0.07B,$1.61B,4.52%,$427,$338,$89,$0,$13,$410,$17,$-20,$-3,$-1,$-2,$-2,$-2,$49,$17,$47,47,$-0.04,$-0.04,$23,$0,$196,$248,$1216,$0,$499,$28,$1743,$1991,$261,$712,$28,$829,$1090,$0,$-58,$-0,$901,$1991,$-22,$120,$-40,$80,$5,$2,$0,$0,$26,$85,$15,$0,$0,$0,$0,$0,$0,$15,$-150,$-5,$-155,$1,$1,$-3,$70,$-87,$12,$10,$-3
32,2010-09-30,5.69,$19.55,0.29,$39.81,0.14,$12.86,0.44,$0.04,142.14,$0.21B,$0.22B,0.95,$0.71B,$0.92B,0.78,$1.86B,$0.33B,17.77%,$1.86B,$0.06B,3.23%,$1.86B,$0.06B,3.23%,$1.86B,$0.18B,9.75%,$1.86B,$-0.05B,-2.64%,$1.86B,$0.00B,0.16%,$0.00B,$0.92B,0.34%,$0.00B,$0.41B,0.80%,$0.00B,$1.97B,0.15%,$0.06B,$1.63B,3.64%,$455,$371,$84,$0,$12,$439,$16,$-20,$-4,$-2,$-3,$-3,$-2,$46,$16,$47,47,$-0.04,$-0.04,$17,$0,$6,$211,$1220,$0,$509,$30,$1759,$1970,$222,$711,$30,$831,$1054,$0,$-53,$-0,$917,$1970,$-20,$89,$-42,$47,$38,$0,$0,$0,$17,$44,$33,$0,$0,$0,$0,$0,$0,$33,$-149,$-5,$-154,$1,$1,$0,$82,$-71,$6,$7,$0
33,2010-06-30,4.61,$19.79,0.23,$38.48,0.12,$16.06,0.29,$0.41,11.25,$0.22B,$0.23B,0.94,$0.71B,$0.92B,0.77,$1.79B,$0.33B,18.36%,$1.79B,$0.05B,2.90%,$1.79B,$0.05B,2.90%,$1.79B,$0.18B,9.99%,$1.79B,$-0.07B,-3.63%,$1.79B,$0.02B,1.12%,$0.02B,$0.92B,2.34%,$0.02B,$0.41B,6.14%,$0.02B,$1.99B,0.97%,$0.05B,$1.63B,3.05%,$442,$358,$84,$0,$12,$425,$17,$-20,$-3,$-1,$-2,$-2,$-2,$46,$17,$47,47,$-0.05,$-0.05,$6,$0,$6,$216,$1220,$0,$518,$33,$1771,$1986,$229,$711,$32,$835,$1064,$0,$-51,$0,$923,$1986,$-17,$58,$-43,$16,$24,$1,$0,$0,$17,$16,$42,$0,$0,$0,$0,$0,$0,$42,$-148,$-2,$-150,$121,$121,$0,$-34,$-63,$-5,$5,$0
34,2010-03-31,6.26,$19.84,0.32,$36.51,0.17,$13.98,0.45,$0.39,16.05,$0.23B,$0.23B,0.98,$0.76B,$0.92B,0.82,$1.70B,$0.32B,19.07%,$1.70B,$0.04B,2.41%,$1.70B,$0.04B,2.41%,$1.70B,$0.18B,10.30%,$1.70B,$-0.08B,-4.53%,$1.70B,$0.02B,1.12%,$0.02B,$0.92B,2.38%,$0.02B,$0.40B,7.49%,$0.02B,$2.03B,0.87%,$0.04B,$1.68B,2.27%,$469,$387,$81,$0,$13,$445,$24,$-41,$-18,$-3,$-15,$-15,$-5,$53,$24,$47,47,$-0.11,$-0.11,$7,$0,$8,$229,$1239,$0,$526,$37,$1802,$2031,$234,$755,$26,$874,$1107,$0,$-49,$-0,$924,$2031,$-15,$30,$-42,$-13,$13,$2,$0,$0,$2,$-25,$31,$0,$0,$0,$0,$0,$0,$31,$-99,$-2,$-101,$121,$121,$0,$-30,$-10,$-4,$3,$0
35,2009-12-31,4.35,$17.54,0.25,$34.05,0.13,$13.34,0.33,$0.32,13.61,$0.25B,$0.29B,0.86,$0.85B,$0.82B,1.04,$1.58B,$0.31B,19.71%,$1.58B,$0.02B,1.26%,$1.58B,$0.02B,1.26%,$1.58B,$0.16B,10.17%,$1.58B,$-0.08B,-4.93%,$1.58B,$0.02B,0.95%,$0.02B,$0.82B,2.01%,$0.02B,$0.28B,8.17%,$0.02B,$2.08B,0.66%,$0.02B,$1.66B,1.05%,$491,$411,$81,$0,$17,$488,$3,$-27,$-24,$-4,$-21,$-21,$12,$36,$3,$46,47,$0.26,$0.26,$11,$0,$189,$249,$1280,$0,$535,$16,$1831,$2080,$291,$845,$33,$973,$1264,$0,$-43,$-1,$816,$2080,$86,$142,$-140,$1,$128,$-5,$0,$0,$-8,$79,$380,$0,$0,$0,$0,$0,$0,$380,$-418,$-16,$-435,$0,$0,$-4,$-23,$-462,$-3,$9,$-4
36,2009-09-30,3.8,$16.42,0.23,$40.62,0.09,$3.11,1.22,$-0.03,0.0,$0.20B,$0.22B,0.9,$1.09B,$0.76B,1.42,$1.86B,$0.32B,17.30%,$1.86B,$-0.03B,-1.34%,$1.86B,$-0.03B,-1.34%,$1.86B,$0.12B,6.39%,$1.86B,$-0.11B,-6.13%,$1.86B,$-0.01B,-0.27%,$-0.01B,$0.76B,-0.69%,$-0.01B,$0.22B,-3.37%,$-0.01B,$2.19B,-0.21%,$-0.03B,$1.85B,-1.26%,$390,$307,$83,$0,$17,$382,$8,$-27,$-20,$-2,$-17,$-17,$15,$44,$8,$46,47,$0.33,$0.33,$11,$0,$10,$202,$1240,$0,$544,$205,$1989,$2191,$224,$1086,$27,$1203,$1427,$0,$-55,$-1,$763,$2191,$37,$108,$-74,$34,$168,$-2,$0,$0,$-10,$61,$164,$0,$0,$0,$0,$0,$0,$164,$-184,$-18,$-202,$0,$0,$-4,$-22,$-228,$-3,$6,$-4
37,2009-06-30,3.0,$14.99,0.2,$50.58,0.06,$-1.70,0.0,$-0.35,0.0,$0.42B,$0.30B,1.4,$1.34B,$0.70B,1.93,$2.33B,$0.32B,13.67%,$2.33B,$-0.03B,-1.25%,$2.33B,$-0.03B,-1.25%,$2.33B,$0.11B,4.86%,$2.33B,$-0.11B,-4.51%,$2.33B,$-0.02B,-0.82%,$-0.02B,$0.70B,-3.20%,$-0.02B,$0.12B,1085.71%,$-0.02B,$2.44B,-0.74%,$-0.03B,$2.04B,-1.51%,$349,$270,$79,$0,$14,$343,$6,$-21,$-15,$-2,$-13,$-13,$-3,$42,$6,$46,46,$-0.07,$-0.07,$11,$0,$178,$416,$1417,$0,$579,$25,$2020,$2436,$297,$1343,$18,$1443,$1739,$0,$-71,$-1,$697,$2436,$-27,$72,$7,$79,$86,$-7,$0,$0,$-34,$18,$-56,$0,$0,$0,$0,$0,$0,$-56,$78,$-16,$62,$0,$0,$-4,$-21,$36,$-2,$4,$-4
38,2009-03-31,1.18,$15.20,0.08,$64.69,0.02,$-2.19,0.0,$0.09,13.11,$0.41B,$0.28B,1.48,$1.35B,$0.71B,1.91,$2.99B,$0.33B,11.09%,$2.99B,$-0.02B,-0.74%,$2.99B,$-0.02B,-0.74%,$2.99B,$0.12B,3.92%,$2.99B,$-0.08B,-2.65%,$2.99B,$0.00B,0.03%,$0.00B,$0.71B,0.21%,$0.00B,$0.12B,-0.79%,$0.00B,$2.44B,0.04%,$-0.02B,$2.06B,-1.24%,$353,$284,$69,$0,$15,$350,$3,$-22,$-19,$2,$-21,$-21,$-9,$39,$3,$46,46,$-0.19,$-0.19,$14,$0,$182,$407,$1416,$0,$589,$23,$2028,$2435,$275,$1350,$21,$1454,$1729,$0,$-68,$-0,$706,$2435,$-18,$36,$7,$44,$96,$3,$0,$0,$-16,$10,$-35,$0,$0,$0,$0,$0,$0,$-35,$72,$-22,$50,$0,$0,$-4,$-21,$25,$0,$2,$-4
39,2008-12-31,2.73,$15.93,0.17,$74.48,0.04,$-1.91,0.0,$0.51,5.35,$0.40B,$0.43B,0.95,$1.25B,$0.74B,1.7,$3.44B,$0.36B,10.31%,$3.44B,$-0.01B,-0.35%,$3.44B,$-0.01B,-0.35%,$3.44B,$0.12B,3.60%,$3.44B,$-0.06B,-1.86%,$3.44B,$0.02B,0.61%,$0.02B,$0.74B,5.79%,$0.02B,$0.14B,-8.33%,$0.02B,$2.55B,0.76%,$-0.01B,$1.99B,-0.73%,$769,$678,$91,$0,$21,$811,$-42,$-28,$-60,$0,$-61,$-61,$-8,$-6,$-42,$45,45,$-0.19,$-0.19,$14,$0,$320,$404,$1528,$0,$598,$16,$2143,$2547,$425,$1254,$47,$1384,$1808,$0,$-55,$1,$738,$2547,$15,$136,$7,$143,$156,$5,$0,$0,$13,$170,$-187,$0,$0,$0,$0,$0,$0,$-187,$64,$-7,$57,$1,$1,$-62,$27,$23,$6,$11,$-62
40,2008-09-30,16.73,$4.98,3.36,$81.98,0.2,$-8.32,0.0,$0.78,21.45,$0.64B,$0.59B,1.08,$1.35B,$0.23B,5.83,$3.76B,$0.38B,10.16%,$3.76B,$0.06B,1.60%,$3.76B,$0.06B,1.60%,$3.76B,$0.19B,5.08%,$3.76B,$0.01B,0.24%,$3.76B,$0.04B,0.98%,$0.04B,$0.23B,15.42%,$0.04B,$-0.38B,-9.62%,$0.04B,$2.79B,1.33%,$0.06B,$1.58B,3.97%,$855,$776,$79,$0,$17,$851,$4,$-14,$-11,$1,$-12,$-12,$1,$38,$4,$46,47,$0.01,$0.01,$110,$0,$48,$638,$1530,$0,$612,$12,$2154,$2792,$593,$1345,$542,$1969,$2562,$0,$-35,$-2,$231,$2792,$24,$101,$-1,$100,$39,$-5,$0,$0,$92,$216,$-214,$0,$0,$0,$0,$0,$0,$-214,$129,$-29,$100,$1,$1,$-47,$47,$101,$103,$8,$-47
41,2008-06-30,22.95,$5.20,4.41,$83.81,0.27,$-13.14,0.0,$0.82,27.98,$0.82B,$0.85B,0.96,$1.26B,$0.24B,5.23,$3.85B,$0.40B,10.40%,$3.85B,$0.08B,2.00%,$3.85B,$0.08B,2.00%,$3.85B,$0.20B,5.25%,$3.85B,$0.02B,0.52%,$3.85B,$0.04B,1.01%,$0.04B,$0.24B,15.90%,$0.04B,$-0.38B,-10.08%,$0.04B,$2.97B,1.45%,$0.08B,$1.50B,5.19%,$1008,$917,$92,$0,$18,$996,$13,$-2,$11,$11,$1,$16,$17,$46,$13,$46,47,$0.37,$0.37,$16,$0,$21,$818,$1523,$0,$621,$13,$2156,$2974,$848,$1259,$548,$1885,$2733,$0,$-18,$-9,$241,$2974,$31,$67,$-8,$59,$-249,$-19,$0,$0,$-4,$86,$-147,$0,$0,$0,$0,$0,$0,$-147,$43,$-11,$33,$1,$1,$-29,$65,$70,$8,$6,$-29
42,2008-03-31,22.25,$5.22,4.26,$83.69,0.27,$-15.67,0.0,$0.50,44.49,$0.61B,$0.65B,0.94,$1.28B,$0.24B,5.28,$3.84B,$0.40B,10.37%,$3.84B,$0.09B,2.21%,$3.84B,$0.09B,2.21%,$3.84B,$0.20B,5.29%,$3.84B,$0.01B,0.31%,$3.84B,$0.02B,0.63%,$0.02B,$0.24B,9.59%,$0.02B,$-0.39B,-6.17%,$0.02B,$2.73B,0.94%,$0.09B,$1.52B,5.84%,$811,$718,$93,$0,$16,$798,$13,$-17,$-4,$-4,$-0,$-0,$11,$46,$13,$46,47,$0.23,$0.23,$10,$0,$10,$612,$1474,$0,$629,$11,$2114,$2726,$654,$1275,$488,$1831,$2485,$0,$-18,$-6,$242,$2726,$7,$33,$8,$42,$-81,$3,$0,$0,$13,$61,$-73,$0,$0,$0,$0,$0,$0,$-73,$58,$-16,$42,$1,$1,$-12,$-16,$14,$3,$3,$-12
43,2007-12-31,24.21,$5.35,4.52,$84.06,0.29,$-17.77,0.0,$-0.09,0.0,$0.53B,$0.57B,0.93,$1.21B,$0.25B,4.93,$3.86B,$0.38B,9.81%,$3.86B,$0.08B,2.18%,$3.86B,$0.08B,2.18%,$3.86B,$0.19B,5.03%,$3.86B,$0.01B,0.26%,$3.86B,$0.01B,0.34%,$0.01B,$0.25B,5.06%,$0.01B,$-0.39B,-3.33%,$0.01B,$2.60B,0.53%,$0.08B,$1.46B,5.99%,$1086,$967,$118,$0,$19,$1055,$30,$-22,$13,$0,$12,$12,$8,$61,$30,$27,44,$0.31,$0.19,$8,$0,$452,$530,$1427,$0,$635,$11,$2073,$2603,$569,$1214,$502,$1787,$2356,$0,$-17,$-5,$246,$2603,$9,$112,$16,$127,$-121,$-5,$0,$1,$-24,$113,$-411,$0,$0,$0,$0,$0,$0,$-411,$240,$-19,$221,$2,$2,$-43,$116,$296,$-3,$12,$-43
44,2007-09-30,24.49,$5.47,4.47,$76.14,0.32,$-29.09,0.0,$-0.25,0.0,$0.45B,$0.50B,0.9,$1.21B,$0.25B,4.79,$3.48B,$0.32B,9.25%,$3.48B,$0.06B,1.64%,$3.48B,$0.06B,1.64%,$3.48B,$0.16B,4.62%,$3.48B,$-0.02B,-0.46%,$3.48B,$0.01B,0.14%,$0.01B,$0.25B,1.89%,$0.01B,$-0.39B,-1.29%,$0.01B,$2.48B,0.21%,$0.06B,$1.46B,4.22%,$940,$843,$97,$0,$17,$920,$21,$-20,$0,$0,$0,$3,$3,$49,$21,$46,47,$0.05,$0.05,$18,$0,$9,$448,$1374,$0,$643,$11,$2029,$2477,$497,$1207,$455,$1728,$2225,$0,$-13,$-2,$252,$2477,$4,$81,$3,$84,$-20,$-15,$0,$1,$14,$102,$-326,$0,$0,$0,$0,$0,$0,$-326,$229,$-38,$191,$2,$2,$-31,$69,$231,$8,$9,$-31
45,2007-06-30,18.41,$5.68,3.24,$74.37,0.25,$-39.23,0.0,$-0.27,0.0,$0.47B,$0.51B,0.92,$1.12B,$0.26B,4.31,$3.40B,$0.30B,8.80%,$3.40B,$0.05B,1.50%,$3.40B,$0.05B,1.50%,$3.40B,$0.15B,4.42%,$3.40B,$-0.02B,-0.47%,$3.40B,$0.00B,0.12%,$0.00B,$0.26B,1.46%,$0.00B,$-0.39B,-1.04%,$0.00B,$2.42B,0.18%,$0.05B,$1.39B,3.98%,$1002,$912,$90,$0,$16,$981,$21,$-18,$3,$1,$1,$2,$2,$47,$21,$46,47,$0.05,$0.05,$8,$0,$14,$466,$1295,$0,$651,$12,$1958,$2424,$507,$1124,$466,$1657,$2163,$0,$-5,$0,$261,$2424,$2,$52,$-3,$49,$-50,$-7,$0,$1,$-4,$47,$-227,$0,$0,$0,$0,$0,$0,$-227,$147,$-30,$116,$1,$1,$-21,$80,$177,$-2,$5,$-21
46,2007-03-31,18.29,$5.82,3.14,$72.02,0.25,$-51.10,0.0,$-0.27,0.0,$0.43B,$0.45B,0.97,$1.04B,$0.27B,3.88,$3.14B,$0.28B,8.76%,$3.14B,$0.04B,1.24%,$3.14B,$0.04B,1.24%,$3.14B,$0.13B,4.20%,$3.14B,$-0.02B,-0.64%,$3.14B,$0.00B,0.13%,$0.00B,$0.27B,1.42%,$0.00B,$-0.39B,-1.03%,$0.00B,$2.29B,0.19%,$0.04B,$1.31B,3.22%,$827,$754,$73,$0,$13,$815,$12,$-17,$-6,$0,$-6,$0,$0,$37,$12,$46,47,$0.00,$0.00,$9,$0,$11,$431,$1191,$0,$658,$13,$1861,$2293,$445,$1040,$475,$1579,$2025,$0,$3,$0,$268,$2293,$0,$26,$-5,$21,$-24,$-0,$0,$1,$-24,$-3,$-107,$0,$0,$0,$0,$0,$0,$-107,$63,$-35,$28,$1,$1,$-10,$90,$108,$-1,$2,$-10
47,2006-12-31,20.02,$6.08,3.29,$75.44,0.27,$-51.71,0.0,$0.07,286.47,$0.42B,$0.49B,0.86,$0.98B,$0.28B,3.5,$3.13B,$0.26B,8.34%,$3.13B,$0.04B,1.18%,$3.13B,$0.04B,1.18%,$3.13B,$0.12B,3.93%,$3.13B,$0.01B,0.22%,$3.13B,$0.02B,0.54%,$0.02B,$0.28B,6.95%,$0.02B,$-0.39B,-5.13%,$0.02B,$2.21B,0.89%,$0.04B,$1.26B,3.44%,$713,$651,$62,$0,$12,$710,$3,$-15,$-13,$-1,$-11,$-2,$0,$28,$3,$42,43,$-0.02,$-0.01,$11,$0,$354,$420,$1107,$0,$664,$15,$1786,$2207,$490,$977,$394,$1437,$1927,$0,$14,$2,$279,$2207,$16,$85,$-14,$72,$78,$13,$0,$0,$26,$114,$-886,$0,$0,$0,$0,$0,$0,$-886,$464,$18,$483,$183,$183,$-35,$139,$770,$-2,$9,$-35
