,Date,Stock Price,Book Value per Share,Price to Book Ratio,TTM Sales per Share,Price to Sales Ratio,TTM FCF per Share,Price to FCF Ratio,TTM Net EPS,PE Ratio,Current Assets,Current Liabilities,Current Ratio,Long Term Debt,Shareholder's Equity_x,Debt to Equity Ratio,TTM Revenue_x,TTM Gross Profit,Gross Margin,TTM Revenue_y,TTM Operating Income,Operating Margin,TTM Revenue_x,TTM EBIT,EBIT Margin,TTM Revenue_y,TTM EBITDA,EBITDA Margin,TTM Revenue_x,TTM Pre-Tax Income,Pre-Tax Margin,TTM Revenue_y,TTM Net Income_x,Net Margin,TTM Net Income_y,Shareholder's Equity_y,Return on Equity,TTM Net Income_x,Tangible Equity,Return on Tangible Equity,TTM Net Income_y,Total Assets,Return on Assets,TTM Net Income,LT Investments & Debt,Return on Investment,revenue,cost-goods-sold,gross-profit,research-development-expenses,selling-general-administrative-expenses,operating-expenses,operating-income,total-non-operating-income-expense,pre-tax-income,total-provision-income-taxes,income-after-taxes,income-from-continuous-operations,net-income,ebitda,ebit,basic-shares-outstanding,shares-outstanding,eps-basic-net-earnings-per-share,eps-earnings-per-share-diluted,cash-on-hand,inventory,other-current-assets,total-current-assets,net-property-plant-equipment,long-term-investments,goodwill-intangible-assets-total,other-long-term-assets,total-long-term-assets,total-assets,total-current-liabilities,long-term-debt,other-non-current-liabilities,total-long-term-liabilities,total-liabilities,common-stock-net,retained-earnings-accumulated-deficit,comprehensive-income,total-share-holder-equity,total-liabilities-share-holders-equity,net-income-loss,total-depreciation-amortization-cash-flow,other-non-cash-items,total-non-cash-items,change-in-accounts-receivable,change-in-inventories,change-in-accounts-payable,change-in-assets-liabilities,total-change-in-assets-liabilities,cash-flow-from-operating-activities,net-change-in-property-plant-equipment,net-change-in-intangible-assets,net-acquisitions-divestitures,net-change-in-short-term-investments,net-change-in-long-term-investments,net-change-in-investments-total,investing-activities-other,cash-flow-from-investing-activities,net-long-term-debt,net-current-debt,debt-issuance-retirement-net-total,net-common-equity-issued-repurchased,net-total-equity-issued-repurchased,total-common-preferred-stock-dividends-paid,financial-activities-other,cash-flow-from-financial-activities,net-cash-flow,stock-based-compensation,common-stock-dividends-paid
0,2018-09-30,18.64,$13.17,1.42,$21.06,0.89,$-0.40,0.0,$0.33,56.48,$1.25B,$1.47B,0.85,$3.84B,$3.39B,1.13,$7.40B,$1.62B,21.90%,$7.40B,$0.45B,6.06%,$7.40B,$0.45B,6.06%,$7.40B,$1.03B,13.87%,$7.40B,$0.29B,3.85%,$7.40B,$0.12B,1.65%,$0.12B,$4.67B,2.58%,$0.12B,$2.84B,4.27%,$0.12B,$10.07B,1.26%,$0.45B,$8.51B,5.33%,$2114,$1697,$418,$0,$154,$2022,$93,$-40,$53,$1,$52,$52,$5,$240,$93,$352,354,$0.01,$0.01,$64,$153,$13,$1245,$6876,$85,$1827,$41,$8828,$10074,$1474,$3836,$42,$3929,$5403,$2520,$0,$-2,$4671,$10074,$230,$433,$27,$460,$-292,$-93,$0,$0,$-146,$544,$-639,$0,$0,$0,$3,$3,$4,$-633,$515,$0,$515,$41,$41,$-557,$124,$122,$33,$32,$-497
1,2018-06-30,15.15,$13.37,1.13,$19.10,0.79,$-0.50,0.0,$0.31,48.87,$0.91B,$1.27B,0.72,$3.59B,$3.43B,1.05,$6.68B,$1.55B,23.16%,$6.68B,$0.43B,6.41%,$6.68B,$0.43B,6.41%,$6.68B,$1.00B,15.01%,$6.68B,$0.26B,3.91%,$6.68B,$0.11B,1.62%,$0.11B,$4.71B,2.26%,$0.11B,$2.85B,3.76%,$0.11B,$9.66B,1.14%,$0.43B,$8.30B,5.11%,$1765,$1326,$439,$0,$143,$1615,$150,$-39,$111,$-2,$113,$113,$59,$296,$150,$350,352,$0.17,$0.17,$37,$98,$4,$913,$6763,$86,$1858,$40,$8747,$9660,$1270,$3590,$45,$3684,$4954,$2603,$0,$-2,$4706,$9660,$178,$286,$-15,$270,$-47,$-40,$0,$0,$-18,$431,$-404,$0,$0,$0,$2,$2,$1,$-402,$270,$0,$270,$1,$1,$-374,$79,$-23,$6,$15,$-329
2,2018-03-31,12.98,$13.45,0.96,$17.72,0.73,$-0.98,0.0,$0.14,92.69,$0.85B,$0.83B,1.02,$3.84B,$3.46B,1.11,$6.18B,$1.44B,23.28%,$6.18B,$0.35B,5.63%,$6.18B,$0.35B,5.63%,$6.18B,$0.93B,15.00%,$6.18B,$0.18B,2.94%,$6.18B,$0.05B,0.78%,$0.05B,$4.73B,1.01%,$0.05B,$2.84B,1.71%,$0.05B,$9.49B,0.51%,$0.35B,$8.57B,4.17%,$1762,$1382,$380,$0,$135,$1655,$107,$-41,$66,$1,$65,$65,$22,$246,$107,$350,351,$0.06,$0.06,$17,$32,$4,$846,$6659,$86,$1889,$12,$8647,$9492,$826,$3839,$44,$3934,$4760,$2678,$0,$-2,$4732,$9492,$65,$140,$10,$149,$-63,$8,$0,$0,$-22,$193,$-182,$0,$0,$0,$1,$1,$1,$-179,$120,$0,$120,$1,$1,$-179,$31,$-27,$-14,$5,$-163
3,2017-12-31,14.28,$13.68,1.04,$16.55,0.86,$-1.25,0.0,$0.05,285.52,$0.81B,$1.04B,0.77,$3.47B,$3.55B,0.98,$5.74B,$1.38B,24.02%,$5.74B,$0.30B,5.21%,$5.74B,$0.30B,5.21%,$5.74B,$0.87B,15.23%,$5.74B,$0.13B,2.26%,$5.74B,$0.02B,0.30%,$0.02B,$4.81B,0.36%,$0.02B,$2.89B,0.62%,$0.02B,$9.41B,0.18%,$0.30B,$8.27B,3.64%,$1756,$1374,$383,$0,$139,$1658,$98,$-43,$55,$-25,$80,$80,$36,$244,$98,$347,348,$0.10,$0.10,$31,$40,$7,$807,$6587,$89,$1919,$12,$8607,$9414,$1042,$3468,$48,$3567,$4609,$2792,$0,$-2,$4806,$9414,$155,$574,$27,$601,$-190,$-24,$0,$0,$-49,$707,$-789,$0,$0,$0,$190,$190,$-12,$-611,$212,$0,$212,$107,$501,$-654,$-135,$-77,$19,$48,$-632
4,2017-09-30,15.18,$11.94,1.27,$15.18,1.0,$-0.74,0.0,$-0.23,0.0,$0.82B,$0.96B,0.85,$3.47B,$4.87B,0.71,$5.21B,$1.31B,25.19%,$5.21B,$0.24B,4.59%,$5.21B,$0.24B,4.59%,$5.21B,$0.81B,15.61%,$5.21B,$0.04B,0.84%,$5.21B,$-0.08B,-1.52%,$-0.08B,$4.87B,-1.69%,$-0.08B,$2.92B,-2.96%,$-0.08B,$9.43B,-0.86%,$0.24B,$8.33B,2.94%,$1398,$1053,$345,$0,$132,$1325,$73,$-44,$29,$1,$29,$29,$-9,$217,$73,$348,348,$-0.02,$-0.02,$142,$73,$5,$816,$6569,$86,$1950,$5,$8610,$9426,$963,$3467,$53,$3597,$4560,$2874,$0,$-2,$4866,$9426,$75,$429,$34,$463,$-57,$-49,$0,$0,$-4,$533,$-663,$0,$0,$0,$197,$197,$-10,$-475,$-38,$0,$-38,$87,$481,$-469,$99,$72,$130,$39,$-469
5,2017-06-30,15.01,$13.01,1.15,$14.44,1.04,$-0.10,0.0,$-0.24,0.0,$0.56B,$0.83B,0.67,$3.63B,$3.71B,0.98,$4.92B,$1.28B,26.10%,$4.92B,$0.23B,4.74%,$4.92B,$0.23B,4.74%,$4.92B,$0.80B,16.33%,$4.92B,$0.04B,0.71%,$4.92B,$-0.08B,-1.65%,$-0.08B,$4.54B,-1.75%,$-0.08B,$2.56B,-3.11%,$-0.08B,$9.14B,-0.89%,$0.23B,$8.17B,2.90%,$1264,$932,$331,$0,$132,$1193,$70,$-38,$32,$-0,$33,$33,$-1,$220,$70,$347,347,$-0.00,$-0.00,$11,$60,$4,$555,$6512,$84,$1982,$4,$8581,$9136,$829,$3632,$56,$3766,$4595,$2994,$0,$-2,$4541,$9136,$46,$285,$16,$301,$56,$-34,$0,$0,$-14,$332,$-472,$0,$0,$0,$197,$197,$-9,$-284,$128,$0,$128,$72,$72,$-309,$60,$-49,$-0,$29,$-309
6,2017-03-31,15.85,$13.25,1.2,$13.93,1.14,$0.34,46.11,$-0.31,0.0,$0.56B,$0.84B,0.67,$3.48B,$3.80B,0.92,$4.69B,$1.25B,26.74%,$4.69B,$0.21B,4.46%,$4.69B,$0.21B,4.46%,$4.69B,$0.77B,16.39%,$4.69B,$0.00B,0.09%,$4.69B,$-0.10B,-2.22%,$-0.10B,$4.61B,-2.23%,$-0.10B,$2.59B,-4.00%,$-0.10B,$9.06B,-1.15%,$0.21B,$8.09B,2.62%,$1322,$1002,$320,$0,$139,$1264,$58,$-44,$14,$1,$13,$13,$-9,$193,$58,$344,344,$-0.03,$-0.03,$15,$26,$2,$559,$6396,$85,$2017,$2,$8500,$9059,$836,$3478,$56,$3612,$4448,$3110,$0,$0,$4611,$9059,$13,$136,$25,$161,$17,$2,$0,$0,$0,$174,$-256,$0,$0,$0,$193,$193,$-6,$-69,$-40,$0,$-40,$55,$55,$-153,$36,$-102,$3,$19,$-153
7,2016-12-31,15.61,$13.47,1.16,$12.76,1.22,$0.74,20.96,$-2.02,0.0,$0.77B,$0.89B,0.87,$3.27B,$3.85B,0.85,$4.25B,$1.24B,29.09%,$4.25B,$-0.37B,-8.58%,$4.25B,$-0.37B,-8.58%,$4.25B,$0.19B,4.54%,$4.25B,$-0.57B,-13.45%,$4.25B,$-0.66B,-15.57%,$-0.66B,$4.64B,-14.14%,$-0.66B,$2.59B,-25.47%,$-0.66B,$9.15B,-7.31%,$-0.37B,$7.91B,-4.60%,$1225,$909,$316,$0,$131,$1187,$38,$-69,$-31,$0,$-31,$-31,$-60,$183,$38,$333,333,$-0.15,$-0.15,$205,$31,$1,$771,$6257,$77,$2047,$2,$8383,$9153,$887,$3268,$280,$3626,$4513,$3193,$0,$0,$4640,$9153,$-573,$557,$654,$1211,$-118,$10,$0,$0,$25,$663,$-570,$0,$-769,$0,$55,$55,$-74,$-1358,$205,$0,$205,$168,$892,$-589,$194,$701,$6,$30,$-589
8,2016-09-30,14.67,$13.87,1.06,$12.56,1.17,$0.71,20.7,$-4.01,0.0,$0.54B,$0.76B,0.71,$3.22B,$3.96B,0.81,$4.10B,$1.23B,30.04%,$4.10B,$-1.09B,-26.72%,$4.10B,$-1.09B,-26.72%,$4.10B,$-0.58B,-14.24%,$4.10B,$-1.26B,-30.72%,$4.10B,$-1.31B,-31.92%,$-1.31B,$4.73B,-28.24%,$-1.31B,$2.66B,-49.51%,$-1.31B,$9.08B,-14.87%,$-1.09B,$7.95B,-13.96%,$1105,$788,$316,$0,$126,$1038,$67,$-47,$20,$3,$18,$18,$-11,$207,$67,$337,337,$-0.03,$-0.03,$60,$38,$4,$539,$6195,$266,$2073,$2,$8537,$9076,$763,$3223,$280,$3582,$4345,$3326,$0,$0,$4731,$9076,$-542,$413,$604,$1016,$-18,$4,$0,$0,$35,$509,$-419,$0,$-769,$0,$52,$52,$-45,$-1181,$157,$0,$157,$109,$834,$-436,$172,$726,$54,$23,$-436
9,2016-06-30,13.46,$13.73,0.98,$12.85,1.05,$0.62,21.77,$-6.30,0.0,$0.49B,$0.69B,0.71,$3.35B,$3.89B,0.86,$4.16B,$1.22B,29.39%,$4.16B,$-1.89B,-45.47%,$4.16B,$-1.89B,-45.47%,$4.16B,$-1.42B,-34.13%,$4.16B,$-2.03B,-48.83%,$4.16B,$-2.04B,-49.05%,$-2.04B,$4.64B,-42.98%,$-2.04B,$2.55B,-75.73%,$-2.04B,$9.04B,-23.43%,$-1.89B,$7.99B,-24.06%,$1033,$732,$301,$0,$129,$987,$46,$-46,$1,$-2,$3,$3,$-24,$185,$46,$330,330,$-0.07,$-0.07,$10,$38,$5,$490,$6160,$300,$2088,$2,$8551,$9041,$691,$3350,$281,$3710,$4402,$3407,$0,$0,$4639,$9041,$-560,$273,$598,$870,$-18,$4,$0,$0,$-11,$300,$-287,$0,$-769,$0,$15,$15,$-42,$-1084,$281,$0,$281,$51,$775,$-287,$19,$788,$4,$15,$-287
10,2016-03-31,9.5,$14.09,0.67,$13.89,0.68,$0.40,24.04,$-6.11,0.0,$0.44B,$0.68B,0.64,$3.20B,$3.98B,0.8,$4.40B,$1.23B,27.89%,$4.40B,$-1.87B,-42.36%,$4.40B,$-1.87B,-42.36%,$4.40B,$-1.43B,-32.57%,$4.40B,$-1.98B,-44.90%,$4.40B,$-1.98B,-44.99%,$-1.98B,$4.71B,-38.78%,$-1.98B,$2.59B,-71.00%,$-1.98B,$8.95B,-22.37%,$-1.87B,$7.91B,-23.04%,$890,$586,$304,$0,$131,$1406,$-516,$-46,$-562,$1,$-563,$-563,$-567,$-382,$-516,$332,332,$-1.74,$-1.74,$6,$32,$11,$438,$6117,$270,$2117,$2,$8507,$8945,$681,$3196,$277,$3553,$4234,$3505,$0,$0,$4711,$8945,$-563,$134,$583,$717,$32,$15,$0,$0,$35,$189,$-135,$0,$-775,$0,$6,$6,$-7,$-911,$128,$0,$128,$1,$726,$-143,$11,$722,$-0,$8,$-143
11,2015-12-31,12.65,$13.29,0.95,$14.79,0.86,$0.27,46.25,$-4.34,0.0,$0.47B,$0.43B,1.09,$3.07B,$4.44B,0.69,$4.45B,$1.21B,27.10%,$4.45B,$-1.30B,-29.14%,$4.45B,$-1.30B,-29.14%,$4.45B,$-0.91B,-20.41%,$4.45B,$-1.38B,-30.94%,$4.45B,$-1.41B,-31.54%,$-1.41B,$4.44B,-25.66%,$-1.41B,$2.76B,-48.50%,$-1.41B,$8.09B,-15.68%,$-1.30B,$7.50B,-15.67%,$1067,$758,$309,$0,$137,$1757,$-691,$-27,$-718,$-3,$-714,$-714,$-705,$-593,$-691,$307,307,$-2.49,$-2.49,$6,$32,$17,$472,$5667,$274,$1677,$3,$7621,$8093,$432,$3067,$79,$3226,$3658,$4205,$0,$0,$4435,$8093,$-1378,$388,$1604,$1992,$197,$4,$0,$0,$32,$646,$-571,$0,$-524,$0,$21,$21,$-23,$-1097,$1070,$0,$1070,$74,$74,$-713,$16,$448,$-4,$36,$-713
12,2015-09-30,11.75,$15.79,0.74,$15.60,0.75,$-1.33,0.0,$-1.96,0.0,$0.58B,$0.54B,1.08,$2.85B,$5.21B,0.55,$4.39B,$1.20B,27.40%,$4.39B,$-0.50B,-11.49%,$4.39B,$-0.50B,-11.49%,$4.39B,$-0.13B,-2.87%,$4.39B,$-0.57B,-12.97%,$4.39B,$-0.65B,-14.82%,$-0.65B,$5.21B,-11.07%,$-0.65B,$2.88B,-21.55%,$-0.65B,$8.77B,-7.13%,$-0.50B,$8.06B,-5.98%,$1171,$862,$309,$0,$139,$1901,$-731,$-24,$-754,$1,$-755,$-755,$-745,$-630,$-731,$328,328,$-2.32,$-2.32,$25,$54,$16,$577,$5566,$264,$2333,$29,$8191,$8768,$537,$2852,$84,$3020,$3557,$4983,$0,$0,$5211,$8768,$-666,$290,$836,$1126,$124,$-18,$0,$0,$48,$508,$-450,$0,$-331,$0,$14,$14,$-8,$-774,$829,$-13,$816,$10,$10,$-576,$32,$282,$15,$29,$-576
13,2015-06-30,16.07,$18.44,0.87,$15.74,1.02,$-2.19,0.0,$0.54,29.77,$0.63B,$0.55B,1.16,$2.83B,$6.08B,0.47,$4.07B,$1.15B,28.31%,$4.07B,$0.32B,7.73%,$4.07B,$0.32B,7.73%,$4.07B,$0.67B,16.38%,$4.07B,$0.27B,6.58%,$4.07B,$0.14B,3.34%,$0.14B,$6.08B,2.28%,$0.14B,$2.93B,4.53%,$0.14B,$9.62B,1.53%,$0.32B,$8.90B,3.82%,$1275,$968,$306,$0,$136,$1202,$73,$-16,$56,$1,$55,$55,$36,$171,$73,$305,306,$0.12,$0.12,$8,$53,$14,$633,$5551,$261,$3145,$30,$8986,$9619,$545,$2827,$89,$3000,$3545,$5848,$0,$0,$6075,$9619,$91,$189,$25,$214,$57,$-18,$0,$0,$-13,$292,$-349,$0,$-325,$0,$0,$0,$9,$-665,$805,$-12,$792,$2,$2,$-449,$27,$371,$-2,$21,$-449
14,2015-03-31,17.84,$21.14,0.84,$15.60,1.14,$-2.51,0.0,$0.59,30.23,$0.59B,$0.52B,1.14,$2.49B,$6.18B,0.4,$3.73B,$1.11B,29.85%,$3.73B,$0.33B,8.94%,$3.73B,$0.33B,8.94%,$3.73B,$0.66B,17.77%,$3.73B,$0.30B,7.92%,$3.73B,$0.14B,3.70%,$0.14B,$6.18B,2.36%,$0.14B,$3.02B,4.63%,$0.14B,$9.37B,1.63%,$0.33B,$8.67B,4.27%,$941,$657,$283,$0,$140,$889,$52,$-15,$37,$1,$36,$36,$9,$143,$52,$263,263,$0.03,$0.03,$34,$51,$14,$594,$5323,$268,$3161,$25,$8777,$9371,$523,$2494,$92,$2667,$3191,$5524,$0,$0,$6180,$9371,$36,$91,$14,$105,$119,$-16,$0,$0,$31,$172,$-161,$0,$-312,$0,$0,$0,$4,$-469,$471,$-13,$458,$-0,$-0,$-145,$9,$322,$25,$14,$-145
15,2014-12-31,20.64,$24.39,0.85,$15.17,1.36,$-2.44,0.0,$0.59,34.99,$0.57B,$0.48B,1.18,$2.02B,$6.03B,0.34,$3.51B,$1.01B,28.89%,$3.51B,$0.36B,10.15%,$3.51B,$0.36B,10.15%,$3.51B,$0.64B,18.31%,$3.51B,$0.33B,9.44%,$3.51B,$0.14B,3.91%,$0.14B,$6.03B,2.40%,$0.14B,$3.24B,4.70%,$0.14B,$8.70B,1.70%,$0.36B,$8.05B,4.82%,$1000,$697,$304,$0,$114,$897,$103,$-12,$92,$1,$90,$90,$50,$190,$103,$233,233,$0.21,$0.21,$10,$31,$17,$571,$5043,$271,$2791,$27,$8131,$8702,$482,$2023,$98,$2194,$2676,$5833,$0,$0,$6026,$8702,$309,$284,$-3,$281,$-85,$-7,$0,$0,$-111,$479,$-796,$0,$-421,$0,$11,$11,$-6,$-1212,$647,$10,$657,$412,$412,$-421,$94,$742,$10,$19,$-421
16,2014-09-30,21.4,$24.09,0.89,$10.88,1.97,$-1.08,0.0,$0.00,0.0,$0.46B,$0.41B,1.13,$1.75B,$5.59B,0.31,$3.11B,$0.86B,27.49%,$3.11B,$0.30B,9.58%,$3.11B,$0.30B,9.58%,$3.11B,$0.55B,17.52%,$3.11B,$0.29B,9.26%,$3.11B,$0.09B,2.80%,$0.09B,$5.59B,1.87%,$0.09B,$2.83B,3.55%,$0.09B,$7.92B,1.35%,$0.30B,$7.34B,5.12%,$857,$597,$260,$0,$103,$769,$88,$-5,$83,$-0,$84,$84,$41,$163,$88,$231,231,$0.18,$0.18,$24,$56,$1,$462,$4391,$276,$2760,$29,$7455,$7918,$409,$1747,$99,$1919,$2327,$4454,$0,$0,$5590,$7918,$218,$197,$22,$219,$41,$-27,$0,$0,$-57,$380,$-540,$0,$-98,$0,$2,$2,$0,$-637,$398,$0,$398,$72,$72,$-280,$98,$287,$30,$13,$-280
17,2014-06-30,21.81,$24.14,0.9,$7.17,3.04,$-0.39,0.0,$-1.13,0.0,$0.46B,$0.45B,1.03,$1.56B,$5.60B,0.28,$2.83B,$0.74B,26.07%,$2.83B,$0.26B,9.11%,$2.83B,$0.26B,9.11%,$2.83B,$0.48B,16.88%,$2.83B,$0.26B,9.15%,$2.83B,$0.05B,1.62%,$0.05B,$5.60B,1.30%,$0.05B,$2.83B,2.38%,$0.05B,$7.78B,0.90%,$0.26B,$7.16B,5.66%,$927,$662,$265,$0,$100,$836,$91,$-8,$83,$1,$82,$82,$38,$166,$91,$230,230,$0.17,$0.17,$0,$46,$0,$464,$4266,$279,$2770,$6,$7320,$7784,$453,$1557,$104,$1733,$2186,$4446,$0,$0,$5598,$7784,$135,$123,$20,$143,$5,$-15,$0,$0,$-56,$221,$-337,$0,$-94,$0,$-1,$-1,$0,$-431,$221,$9,$230,$20,$20,$-130,$90,$211,$1,$7,$-130
18,2014-03-31,20.85,$24.21,0.86,$3.14,6.64,$0.11,194.35,$-1.53,0.0,$0.63B,$0.62B,1.02,$1.42B,$5.60B,0.25,$2.49B,$0.61B,24.56%,$2.49B,$0.21B,8.43%,$2.49B,$0.21B,8.43%,$2.49B,$0.40B,16.09%,$2.49B,$0.22B,8.91%,$2.49B,$0.01B,0.32%,$0.01B,$5.60B,0.32%,$0.01B,$2.77B,0.57%,$0.01B,$7.82B,0.21%,$0.21B,$7.01B,6.30%,$723,$539,$184,$0,$62,$649,$74,$-1,$73,$20,$54,$54,$8,$123,$74,$230,230,$0.03,$0.03,$218,$38,$1,$634,$4079,$271,$2827,$5,$7183,$7817,$624,$1416,$108,$1596,$2220,$4437,$0,$0,$5598,$7817,$54,$48,$17,$65,$46,$-7,$0,$0,$4,$123,$-98,$0,$-29,$0,$3,$3,$0,$-125,$250,$-3,$248,$0,$0,$-22,$-5,$221,$219,$1,$-22
19,2013-12-31,18.68,$0.00,0.0,0,0.0,0,0.0,$-1.71,0.0,$0.08B,$0.08B,1.02,$0.00B,$1.78B,0.0,$2.30B,$0.56B,24.39%,$2.30B,$0.17B,7.49%,$2.30B,$0.17B,7.49%,$2.30B,$0.36B,15.59%,$2.30B,$0.19B,8.10%,$2.30B,0,0.00%,$0.00B,$1.78B,0.00%,$0.00B,$1.38B,0.00%,$0.00B,$2.31B,0.00%,$0.17B,$1.78B,8.13%,$603,$457,$146,$0,$53,$558,$45,$5,$49,$18,$32,$32,$0,$93,$45,$0,0,$0.00,$0.00,$0,$6,$73,$79,$1768,$61,$402,$0,$2231,$2310,$78,$0,$8,$449,$526,$0,$0,$0,$1784,$2310,$119,$188,$32,$219,$0,$1,$0,$0,$-8,$330,$-244,$0,$0,$0,$1,$1,$0,$-243,$0,$0,$0,$0,$0,$-151,$0,$-151,$-16,$0,$-151
20,2013-09-30,13.11,$13.35,0.98,0,0.0,0,0.0,$-1.84,0.0,$0.23B,$0.26B,0.89,$1.04B,$1.05B,1.0,$2.39B,$0.60B,25.27%,$2.39B,$0.21B,8.79%,$2.39B,$0.21B,8.79%,$2.39B,$0.38B,15.82%,$2.39B,$0.28B,11.72%,$2.39B,0,0.00%,$0.00B,$1.23B,0.00%,$0.00B,$0.75B,0.00%,$0.00B,$2.62B,0.00%,$0.21B,$2.27B,9.62%,$578,$436,$143,$0,$47,$530,$48,$6,$54,$19,$35,$35,$0,$96,$48,$0,0,$0.00,$0.00,$0,$20,$1,$227,$1792,$100,$475,$23,$2389,$2616,$255,$1043,$28,$1137,$1392,$1028,$0,$-0,$1225,$2616,$88,$139,$12,$150,$0,$-1,$0,$0,$7,$245,$-201,$0,$0,$0,$0,$0,$1,$-200,$0,$0,$0,$0,$0,$-118,$0,$-118,$-16,$0,$-118
21,2013-06-30,13.17,$14.50,0.91,$7.17,1.84,$-1.37,0.0,$-1.23,0.0,$0.27B,$0.27B,0.99,$0.97B,$1.14B,0.85,$2.26B,$0.56B,24.86%,$2.26B,$0.16B,7.27%,$2.26B,$0.16B,7.27%,$2.26B,$0.33B,14.71%,$2.26B,$0.21B,9.35%,$2.26B,$-0.02B,-0.93%,$-0.02B,$1.31B,-1.85%,$-0.02B,$0.75B,-3.75%,$-0.02B,$2.64B,-0.85%,$0.16B,$2.27B,7.73%,$588,$449,$139,$0,$51,$545,$43,$3,$46,$17,$30,$30,$0,$89,$43,$0,0,$0.00,$0.00,$42,$23,$3,$269,$1691,$99,$556,$25,$2371,$2641,$273,$966,$29,$1061,$1334,$1116,$0,$1,$1307,$2641,$53,$91,$-9,$82,$0,$4,$0,$0,$15,$150,$-157,$0,$0,$0,$0,$0,$0,$-157,$0,$0,$0,$0,$0,$2,$0,$2,$-2,$0,$2
22,2013-03-31,11.33,$14.37,0.79,$14.22,0.8,$-2.03,0.0,$-1.13,0.0,$0.23B,$0.24B,0.94,$0.98B,$1.00B,0.97,$2.06B,$0.51B,24.82%,$2.06B,$0.14B,6.79%,$2.06B,$0.14B,6.79%,$2.06B,$0.30B,14.35%,$2.06B,$0.16B,7.90%,$2.06B,$-0.03B,-1.36%,$-0.03B,$1.17B,-2.63%,$-0.03B,$0.60B,-5.37%,$-0.03B,$2.48B,-1.18%,$0.14B,$2.14B,7.00%,$527,$395,$132,$0,$51,$491,$36,$1,$37,$13,$24,$24,$0,$80,$36,$0,0,$0.00,$0.00,$0,$14,$3,$226,$1567,$99,$566,$26,$2258,$2484,$240,$978,$30,$1079,$1319,$982,$0,$1,$1165,$2484,$24,$45,$-3,$41,$0,$1,$0,$0,$4,$69,$-100,$0,$0,$0,$0,$0,$0,$-100,$0,$0,$0,$25,$25,$0,$0,$25,$-16,$0,$0
23,2012-12-31,8.62,$14.77,0.58,$21.53,0.4,$-2.52,0.0,$-1.01,0.0,$0.26B,$0.28B,0.93,$1.04B,$0.86B,1.21,$1.91B,$0.48B,25.16%,$1.91B,$0.13B,6.66%,$1.91B,$0.13B,6.66%,$1.91B,$0.27B,14.31%,$1.91B,$0.13B,6.76%,$1.91B,$-0.03B,-1.57%,$-0.03B,$1.01B,-3.02%,$-0.03B,$0.43B,-6.21%,$-0.03B,$2.42B,-1.34%,$0.13B,$2.05B,6.69%,$697,$507,$190,$0,$53,$614,$83,$60,$143,$45,$98,$98,$0,$113,$83,$0,0,$0.00,$0.00,$0,$12,$26,$257,$1471,$91,$578,$26,$2165,$2423,$276,$1036,$30,$1138,$1414,$833,$0,$1,$1009,$2423,$82,$146,$2,$148,$0,$-3,$0,$0,$-20,$210,$-337,$0,$0,$0,$-17,$-17,$2,$-352,$0,$0,$0,$0,$0,$88,$-2,$86,$8,$0,$88
24,2012-09-30,8.75,$15.47,0.57,$31.03,0.28,$-1.60,0.0,$-0.62,0.0,$0.24B,$0.22B,1.11,$0.97B,$0.91B,1.07,$1.69B,$0.39B,22.93%,$1.69B,$0.06B,3.66%,$1.69B,$0.06B,3.66%,$1.69B,$0.21B,12.53%,$1.69B,$-0.02B,-0.89%,$1.69B,$-0.04B,-2.13%,$-0.04B,$1.06B,-3.73%,$-0.04B,$0.46B,-7.38%,$-0.04B,$2.35B,-1.70%,$0.06B,$2.03B,3.42%,$445,$345,$100,$0,$52,$443,$2,$-17,$-15,$1,$-16,$-16,$-21,$50,$2,$62,62,$-0.34,$-0.34,$3,$15,$27,$241,$1395,$89,$597,$28,$2108,$2349,$216,$970,$32,$1077,$1293,$881,$0,$1,$1056,$2349,$-16,$115,$-3,$112,$-18,$-7,$0,$0,$-52,$45,$-130,$0,$-213,$0,$-52,$-52,$0,$-394,$168,$4,$172,$236,$236,$-73,$-7,$328,$-22,$7,$-73
25,2012-06-30,8.96,$16.35,0.55,$34.08,0.26,$0.19,46.47,$-0.42,0.0,$0.42B,$0.43B,0.98,$0.76B,$0.88B,0.87,$1.76B,$0.38B,21.49%,$1.76B,$0.08B,4.31%,$1.76B,$0.08B,4.31%,$1.76B,$0.21B,12.02%,$1.76B,$-0.00B,-0.11%,$1.76B,$-0.02B,-1.25%,$-0.02B,$1.02B,-2.36%,$-0.02B,$0.60B,-4.52%,$-0.02B,$2.24B,-1.09%,$0.08B,$1.79B,4.39%,$394,$304,$90,$0,$44,$375,$19,$-21,$-2,$0,$-3,$-3,$-7,$53,$19,$56,56,$-0.13,$-0.13,$250,$23,$7,$420,$1286,$87,$426,$25,$1824,$2244,$430,$762,$22,$792,$1221,$847,$0,$2,$1023,$2244,$0,$67,$-2,$66,$25,$-9,$0,$0,$-14,$52,$-89,$0,$0,$0,$-52,$-52,$0,$-142,$211,$-6,$205,$161,$161,$-46,$-250,$70,$-19,$5,$-46
26,2012-03-31,9.0,$16.91,0.53,$37.43,0.24,$1.16,7.73,$-0.34,0.0,$0.17B,$0.16B,1.08,$0.85B,$0.74B,1.16,$1.90B,$0.39B,20.36%,$1.90B,$0.08B,4.22%,$1.90B,$0.08B,4.22%,$1.90B,$0.22B,11.45%,$1.90B,$0.00B,0.11%,$1.90B,$-0.02B,-0.95%,$-0.02B,$0.88B,-1.97%,$-0.02B,$0.44B,-3.96%,$-0.02B,$1.92B,-0.92%,$0.08B,$1.74B,4.67%,$372,$272,$100,$0,$43,$349,$23,$-19,$3,$0,$3,$3,$-2,$57,$23,$51,51,$-0.03,$-0.03,$21,$16,$1,$169,$1251,$40,$439,$24,$1754,$1923,$157,$853,$23,$883,$1040,$712,$0,$-0,$883,$1923,$3,$34,$3,$37,$35,$-6,$0,$0,$-29,$11,$-36,$0,$0,$0,$-5,$-5,$0,$-41,$53,$-3,$51,$-1,$-1,$-23,$-1,$26,$-4,$2,$-23
27,2011-12-31,8.23,$17.31,0.48,$39.83,0.21,$1.26,6.53,$-0.38,0.0,$0.20B,$0.23B,0.9,$0.80B,$0.75B,1.06,$2.01B,$0.38B,18.67%,$2.01B,$0.08B,3.82%,$2.01B,$0.08B,3.82%,$2.01B,$0.21B,10.53%,$2.01B,$-0.00B,-0.05%,$2.01B,$-0.02B,-0.99%,$-0.02B,$0.90B,-2.15%,$-0.02B,$0.45B,-4.34%,$-0.02B,$1.96B,-1.02%,$0.08B,$1.70B,4.53%,$481,$383,$98,$0,$45,$463,$18,$-19,$-1,$0,$-1,$-1,$-6,$52,$18,$51,51,$-0.12,$-0.12,$24,$10,$3,$203,$1242,$35,$451,$24,$1753,$1955,$225,$798,$24,$830,$1055,$730,$0,$-1,$900,$1955,$-2,$134,$8,$141,$44,$-2,$0,$0,$5,$144,$-97,$0,$0,$0,$-35,$-35,$0,$-132,$75,$6,$81,$-1,$-1,$-81,$-4,$-5,$6,$7,$-81
28,2011-09-30,7.92,$17.72,0.45,$38.87,0.2,$2.33,3.4,$-0.37,0.0,$0.20B,$0.20B,0.99,$0.79B,$0.77B,1.02,$1.96B,$0.37B,18.72%,$1.96B,$0.08B,3.93%,$1.96B,$0.08B,3.93%,$1.96B,$0.21B,10.66%,$1.96B,$-0.00B,-0.10%,$1.96B,$-0.02B,-0.97%,$-0.02B,$0.92B,-2.00%,$-0.02B,$0.46B,-4.06%,$-0.02B,$1.94B,-0.96%,$0.08B,$1.71B,4.53%,$517,$427,$91,$0,$42,$501,$16,$-19,$-2,$0,$-3,$-3,$-7,$50,$16,$51,51,$-0.14,$-0.14,$6,$12,$4,$202,$1218,$35,$464,$26,$1743,$1944,$203,$788,$25,$820,$1023,$751,$0,$-1,$921,$1944,$-1,$100,$6,$106,$30,$-3,$0,$0,$-21,$84,$-62,$0,$0,$0,$-35,$-35,$0,$-97,$66,$-0,$66,$-1,$-1,$-59,$-4,$1,$-12,$6,$-59
29,2011-06-30,8.55,$18.16,0.47,$37.72,0.23,$3.43,2.49,$-0.36,0.0,$0.24B,$0.26B,0.91,$0.76B,$0.80B,0.96,$1.90B,$0.36B,18.97%,$1.90B,$0.08B,4.11%,$1.90B,$0.08B,4.11%,$1.90B,$0.21B,10.85%,$1.90B,$-0.00B,-0.16%,$1.90B,$-0.02B,-0.95%,$-0.02B,$0.94B,-1.86%,$-0.02B,$0.47B,-3.79%,$-0.02B,$2.01B,-0.91%,$0.08B,$1.71B,4.60%,$526,$429,$97,$0,$41,$503,$23,$-21,$2,$0,$2,$2,$-3,$58,$23,$51,51,$-0.05,$-0.05,$2,$14,$5,$242,$1226,$35,$477,$27,$1764,$2005,$264,$764,$26,$798,$1062,$773,$0,$-1,$943,$2005,$2,$66,$5,$71,$-11,$-5,$0,$0,$-8,$65,$-50,$0,$0,$0,$-35,$-35,$0,$-85,$43,$3,$47,$-1,$-1,$-38,$-4,$4,$-15,$4,$-38
30,2011-03-31,7.74,$18.51,0.42,$36.20,0.21,$4.32,1.79,$-0.39,0.0,$0.23B,$0.24B,0.95,$0.73B,$0.81B,0.9,$1.81B,$0.35B,19.13%,$1.81B,$0.07B,4.02%,$1.81B,$0.07B,4.02%,$1.81B,$0.20B,10.75%,$1.81B,$-0.01B,-0.39%,$1.81B,$-0.02B,-1.05%,$-0.02B,$0.96B,-1.93%,$-0.02B,$0.47B,-3.96%,$-0.02B,$1.96B,-0.96%,$0.07B,$1.69B,4.30%,$490,$400,$90,$0,$37,$470,$20,$-20,$0,$0,$0,$0,$-4,$52,$20,$50,50,$-0.07,$-0.07,$1,$11,$6,$225,$1221,$0,$488,$25,$1734,$1959,$238,$728,$27,$762,$1000,$790,$0,$-2,$960,$1959,$0,$32,$4,$35,$3,$-2,$0,$0,$-34,$2,$-22,$0,$0,$0,$0,$0,$0,$-22,$15,$6,$22,$-1,$-1,$-18,$-0,$3,$-17,$2,$-18
31,2010-12-31,6.36,$18.94,0.34,$35.92,0.18,$4.82,1.32,$-1.15,0.0,$0.24B,$0.26B,0.93,$0.71B,$0.83B,0.86,$1.79B,$0.34B,18.85%,$1.79B,$0.08B,4.35%,$1.79B,$0.08B,4.35%,$1.79B,$0.20B,10.99%,$1.79B,$-0.02B,-1.34%,$1.79B,$-0.06B,-3.07%,$-0.06B,$0.98B,-5.54%,$-0.06B,$0.48B,-11.45%,$-0.06B,$1.99B,-2.77%,$0.08B,$1.69B,4.55%,$427,$338,$89,$0,$39,$409,$18,$-20,$-2,$0,$-2,$-2,$-5,$49,$18,$50,50,$-0.10,$-0.10,$18,$10,$6,$243,$1215,$0,$499,$28,$1742,$1985,$261,$712,$28,$747,$1008,$807,$0,$-1,$977,$1985,$-26,$120,$-33,$87,$5,$2,$0,$0,$26,$87,$12,$0,$0,$0,$0,$0,$3,$15,$-150,$-5,$-155,$1,$122,$-23,$-29,$-85,$17,$9,$-23
32,2010-09-30,5.41,$19.29,0.28,$37.30,0.15,$12.61,0.43,$0.03,180.48,$0.21B,$0.22B,0.93,$0.71B,$0.85B,0.84,$1.86B,$0.33B,17.77%,$1.86B,$0.06B,3.45%,$1.86B,$0.06B,3.45%,$1.86B,$0.19B,9.96%,$1.86B,$-0.05B,-2.48%,$1.86B,$0.01B,0.27%,$0.01B,$0.99B,0.51%,$0.01B,$0.49B,1.11%,$0.01B,$1.97B,0.25%,$0.06B,$1.71B,3.70%,$455,$371,$84,$0,$38,$438,$17,$-20,$-3,$0,$-4,$-4,$-6,$47,$17,$50,50,$-0.13,$-0.13,$12,$12,$6,$207,$1219,$0,$509,$30,$1758,$1965,$222,$711,$30,$749,$971,$824,$0,$-1,$994,$1965,$-23,$89,$-36,$53,$38,$0,$0,$0,$17,$46,$30,$0,$0,$0,$0,$0,$3,$33,$-149,$-5,$-154,$1,$122,$-7,$-29,$-68,$11,$7,$-7
33,2010-06-30,4.5,$19.56,0.23,$36.07,0.12,$15.45,0.29,$1.64,2.74,$0.21B,$0.23B,0.92,$0.71B,$0.85B,0.83,$1.79B,$0.33B,18.36%,$1.79B,$0.06B,3.07%,$1.79B,$0.06B,3.07%,$1.79B,$0.18B,10.21%,$1.79B,$-0.06B,-3.46%,$1.79B,$0.08B,4.58%,$0.08B,$1.00B,8.80%,$0.08B,$0.48B,20.42%,$0.08B,$1.98B,3.97%,$0.06B,$1.71B,3.10%,$442,$358,$84,$0,$37,$424,$18,$-20,$-2,$0,$-2,$-2,$-4,$47,$18,$50,50,$-0.08,$-0.08,$1,$12,$6,$210,$1219,$0,$518,$33,$1770,$1980,$229,$711,$32,$750,$979,$830,$0,$0,$1000,$1980,$-20,$58,$-38,$20,$24,$1,$0,$0,$18,$19,$41,$0,$0,$0,$0,$0,$1,$42,$-148,$-2,$-150,$1,$122,$-3,$-28,$-60,$0,$5,$-3
34,2010-03-31,4.59,$19.62,0.23,$34.31,0.13,$13.33,0.34,$1.53,3.0,$0.22B,$0.23B,0.96,$0.76B,$0.86B,0.88,$1.70B,$0.32B,19.07%,$1.70B,$0.04B,2.59%,$1.70B,$0.04B,2.59%,$1.70B,$0.18B,10.54%,$1.70B,$-0.07B,-4.36%,$1.70B,$0.08B,4.53%,$0.08B,$1.00B,8.84%,$0.08B,$0.48B,23.66%,$0.08B,$2.03B,3.54%,$0.04B,$1.76B,2.36%,$469,$387,$81,$0,$39,$444,$25,$-41,$-17,$1,$-17,$-17,$-40,$54,$25,$50,50,$-0.81,$-0.81,$1,$12,$8,$224,$1238,$0,$526,$37,$1801,$2025,$233,$755,$26,$789,$1023,$832,$0,$-1,$1002,$2025,$-17,$29,$-39,$-9,$12,$2,$0,$0,$3,$-24,$30,$0,$0,$0,$0,$0,$1,$31,$-99,$-2,$-100,$1,$122,$-0,$-28,$-7,$-0,$3,$-0
35,2009-12-31,3.67,$18.17,0.2,$32.68,0.11,$12.62,0.29,$2.04,1.8,$0.24B,$0.29B,0.83,$0.85B,$0.89B,0.95,$1.58B,$0.31B,19.71%,$1.58B,$0.02B,1.45%,$1.58B,$0.02B,1.45%,$1.58B,$0.17B,10.42%,$1.58B,$-0.08B,-4.80%,$1.58B,$0.07B,4.36%,$0.07B,$0.89B,8.49%,$0.07B,$0.36B,27.46%,$0.07B,$2.07B,3.03%,$0.02B,$1.74B,1.18%,$491,$411,$81,$0,$42,$488,$4,$-27,$-24,$1,$-24,$-24,$55,$37,$4,$48,49,$1.23,$1.21,$1,$15,$9,$239,$1279,$0,$535,$16,$1830,$2069,$290,$845,$33,$886,$1176,$874,$0,$-3,$893,$2069,$104,$142,$-156,$-15,$128,$-5,$0,$0,$-9,$81,$403,$0,$-35,$0,$0,$0,$12,$380,$-418,$-16,$-435,$-0,$-0,$-12,$-15,$-462,$-1,$9,$-12
36,2009-09-30,2.25,$16.64,0.14,$39.88,0.06,$2.55,0.88,$0.78,2.88,$0.19B,$0.22B,0.85,$1.06B,$0.83B,1.28,$1.86B,$0.32B,17.30%,$1.86B,$-0.01B,-0.70%,$1.86B,$-0.01B,-0.70%,$1.86B,$0.13B,7.04%,$1.86B,$-0.11B,-6.02%,$1.86B,$0.01B,0.32%,$0.01B,$0.83B,0.76%,$0.01B,$0.29B,2.83%,$0.01B,$2.18B,0.25%,$-0.01B,$1.90B,-0.64%,$390,$307,$83,$0,$45,$381,$8,$-27,$-19,$0,$-19,$-19,$71,$45,$8,$49,50,$1.46,$1.44,$1,$11,$10,$191,$1239,$0,$544,$205,$1988,$2179,$224,$1064,$49,$1121,$1345,$817,$0,$-4,$834,$2179,$49,$108,$-84,$24,$168,$-2,$0,$0,$-10,$63,$154,$0,$0,$0,$0,$0,$10,$164,$-184,$-18,$-202,$-0,$-0,$-12,$-14,$-228,$-1,$6,$-12
37,2009-06-30,1.33,$15.13,0.09,$51.10,0.03,$-1.74,0.0,$-0.95,0.0,$0.41B,$0.30B,1.36,$1.32B,$0.76B,1.74,$2.33B,$0.32B,13.67%,$2.33B,$-0.02B,-0.73%,$2.33B,$-0.02B,-0.73%,$2.33B,$0.12B,5.33%,$2.33B,$-0.10B,-4.43%,$2.33B,$-0.08B,-3.27%,$-0.08B,$0.76B,-9.68%,$-0.08B,$0.18B,-39.90%,$-0.08B,$2.42B,-2.99%,$-0.02B,$2.08B,-0.81%,$349,$270,$79,$0,$42,$342,$7,$-22,$-14,$0,$-15,$-15,$-9,$43,$7,$49,49,$-0.19,$-0.19,$1,$15,$178,$405,$1415,$0,$579,$25,$2019,$2424,$297,$1319,$43,$1370,$1667,$742,$0,$-4,$757,$2424,$-26,$72,$7,$79,$86,$-7,$0,$0,$-34,$19,$-64,$0,$0,$0,$0,$0,$8,$-56,$78,$-16,$62,$-0,$-0,$-12,$-13,$36,$-1,$4,$-12
38,2009-03-31,0.81,$15.35,0.05,$64.70,0.01,$-2.07,0.0,$-0.55,0.0,$0.40B,$0.28B,1.44,$1.33B,$0.77B,1.73,$2.99B,$0.33B,11.09%,$2.99B,$-0.01B,-0.34%,$2.99B,$-0.01B,-0.34%,$2.99B,$0.13B,4.29%,$2.99B,$-0.08B,-2.58%,$2.99B,$-0.06B,-1.91%,$-0.06B,$0.77B,-7.09%,$-0.06B,$0.18B,-28.61%,$-0.06B,$2.42B,-2.13%,$-0.01B,$2.09B,-0.48%,$353,$284,$69,$0,$42,$350,$4,$-22,$-19,$0,$-19,$-19,$-48,$40,$4,$45,45,$-1.06,$-1.06,$2,$6,$182,$395,$1415,$0,$589,$23,$2027,$2422,$275,$1325,$46,$1379,$1654,$750,$0,$-1,$768,$2422,$-15,$36,$5,$41,$96,$3,$0,$0,$-16,$11,$-38,$0,$0,$0,$0,$0,$3,$-35,$72,$-22,$50,$-0,$-0,$-12,$-13,$25,$1,$2,$-12
39,2008-12-31,1.66,$17.77,0.09,$80.08,0.02,$-1.79,0.0,$-3.89,0.0,$0.39B,$0.43B,0.92,$1.25B,$0.80B,1.57,$3.44B,$0.36B,10.31%,$3.44B,0,0.00%,$3.44B,0,0.00%,$3.44B,$0.14B,3.92%,$3.44B,$-0.06B,-1.80%,$3.44B,$-0.14B,-3.92%,$-0.14B,$0.80B,-16.84%,$-0.14B,$0.20B,-72.00%,$-0.14B,$2.53B,-4.91%,$0.00B,$2.05B,0.00%,$769,$678,$91,$0,$63,$801,$-32,$-28,$-60,$0,$-61,$-61,$-8,$3,$-32,$45,45,$-0.19,$-0.19,$2,$10,$27,$392,$1527,$0,$598,$16,$2141,$2533,$425,$1254,$47,$1311,$1735,$675,$0,$3,$798,$2533,$11,$136,$14,$150,$156,$5,$0,$0,$13,$174,$-187,$0,$0,$0,$0,$0,$0,$-187,$64,$-7,$57,$101,$101,$-139,$-5,$15,$1,$11,$-139
40,2008-09-30,6.2,$16.42,0.38,$87.59,0.07,$-8.23,0.0,$-3.51,0.0,$0.63B,$0.59B,1.05,$1.33B,$0.82B,1.62,$3.76B,$0.38B,10.16%,$3.76B,$0.07B,1.78%,$3.76B,$0.07B,1.78%,$3.76B,$0.20B,5.27%,$3.76B,$0.01B,0.29%,$3.76B,$-0.12B,-3.16%,$-0.12B,$0.82B,-14.90%,$-0.12B,$0.21B,-68.00%,$-0.12B,$2.78B,-4.31%,$0.07B,$2.14B,3.25%,$855,$776,$79,$0,$51,$851,$4,$-14,$-10,$2,$-11,$-11,$-11,$38,$4,$45,45,$-0.24,$-0.24,$97,$21,$48,$625,$1529,$0,$612,$12,$2152,$2777,$593,$1325,$28,$1367,$1960,$704,$0,$-11,$817,$2777,$20,$101,$5,$105,$38,$-5,$0,$0,$92,$218,$-214,$0,$0,$0,$0,$0,$0,$-214,$129,$-29,$100,$101,$101,$-108,$-0,$94,$97,$8,$-108
41,2008-06-30,9.3,$16.75,0.56,$103.73,0.09,$-16.58,0.0,$-3.36,0.0,$0.81B,$0.85B,0.95,$1.25B,$0.83B,1.49,$3.85B,$0.40B,10.40%,$3.85B,$0.08B,2.18%,$3.85B,$0.08B,2.18%,$3.85B,$0.21B,5.46%,$3.85B,$0.02B,0.57%,$3.85B,$-0.11B,-2.89%,$-0.11B,$0.83B,-14.22%,$-0.11B,$0.21B,-74.25%,$-0.11B,$2.96B,-4.13%,$0.08B,$2.08B,4.17%,$1008,$917,$92,$0,$51,$995,$14,$-2,$12,$0,$12,$12,$10,$47,$14,$45,49,$0.23,$0.21,$7,$34,$21,$809,$1522,$0,$620,$13,$2154,$2963,$848,$1245,$24,$1282,$2130,$742,$0,$-40,$833,$2963,$26,$67,$-1,$65,$-250,$-18,$0,$0,$-4,$87,$-147,$0,$0,$0,$0,$0,$0,$-147,$43,$-11,$33,$101,$101,$-66,$-0,$68,$7,$6,$-66
42,2008-03-31,9.6,$16.41,0.59,$120.55,0.08,$-22.02,0.0,$-3.63,0.0,$0.61B,$0.65B,0.93,$1.27B,$0.76B,1.67,$3.84B,$0.40B,10.37%,$3.84B,$0.09B,2.40%,$3.84B,$0.09B,2.40%,$3.84B,$0.21B,5.50%,$3.84B,$0.01B,0.34%,$3.84B,$-0.12B,-3.20%,$-0.12B,$0.76B,-16.08%,$-0.12B,$0.13B,-97.62%,$-0.12B,$2.72B,-4.83%,$0.09B,$2.03B,4.67%,$811,$718,$93,$0,$52,$797,$14,$-17,$-4,$0,$-4,$-4,$-126,$47,$14,$35,35,$-3.61,$-3.61,$5,$13,$10,$607,$1473,$0,$628,$11,$2112,$2719,$654,$1267,$25,$1305,$1959,$658,$0,$-27,$759,$2719,$4,$33,$12,$45,$-81,$3,$0,$0,$13,$62,$-73,$0,$0,$0,$0,$0,$0,$-73,$58,$-16,$42,$-1,$-1,$-25,$-0,$16,$5,$3,$-25
43,2007-12-31,9.33,$32.88,0.28,$128.40,0.07,$-25.84,0.0,$-0.33,0.0,$0.52B,$0.57B,0.92,$1.21B,$0.79B,1.55,$3.86B,$0.38B,9.81%,$3.86B,$0.09B,2.33%,$3.86B,$0.09B,2.33%,$3.86B,$0.20B,5.24%,$3.86B,$0.01B,0.31%,$3.86B,$-0.01B,-0.16%,$-0.01B,$0.79B,-0.78%,$-0.01B,$0.15B,-4.81%,$-0.01B,$2.59B,-0.25%,$0.09B,$2.00B,4.69%,$1086,$967,$118,$0,$56,$1051,$35,$-22,$13,$0,$12,$12,$8,$66,$35,$27,44,$0.31,$0.19,$0,$16,$9,$522,$1425,$0,$635,$11,$2071,$2593,$569,$1214,$13,$1239,$1808,$337,$0,$-21,$785,$2593,$14,$112,$13,$125,$-121,$-6,$0,$1,$-24,$115,$-411,$0,$0,$0,$0,$0,$0,$-411,$240,$-19,$221,$163,$163,$-87,$-1,$296,$-1,$12,$-87
44,2007-09-30,10.02,$16.83,0.6,$130.85,0.08,$-26.58,0.0,$-0.86,0.0,$0.44B,$0.50B,0.89,$1.21B,$0.75B,1.62,$3.48B,$0.32B,9.25%,$3.48B,$0.06B,1.67%,$3.48B,$0.06B,1.67%,$3.48B,$0.16B,4.71%,$3.48B,$-0.01B,-0.37%,$3.48B,$-0.03B,-0.89%,$-0.03B,$0.75B,-4.12%,$-0.03B,$0.10B,-31.16%,$-0.03B,$2.47B,-1.33%,$0.06B,$1.95B,3.15%,$940,$843,$97,$0,$48,$919,$21,$-20,$1,$0,$1,$1,$-3,$50,$21,$27,27,$-0.10,$-0.10,$10,$25,$9,$440,$1373,$0,$642,$11,$2026,$2466,$497,$1207,$4,$1224,$1720,$284,$0,$-7,$746,$2466,$-0,$80,$10,$90,$-20,$-15,$0,$1,$14,$104,$-326,$0,$0,$0,$0,$0,$0,$-326,$229,$-38,$191,$104,$104,$-64,$-1,$231,$9,$9,$-64
45,2007-06-30,9.95,$17.36,0.57,$127.80,0.08,$-23.05,0.0,$-0.88,0.0,$0.46B,$0.51B,0.9,$1.12B,$0.77B,1.46,$3.40B,$0.30B,8.83%,$3.40B,$0.05B,1.56%,$3.40B,$0.05B,1.56%,$3.40B,$0.15B,4.50%,$3.40B,$-0.01B,-0.38%,$3.40B,$-0.03B,-0.91%,$-0.03B,$0.77B,-4.13%,$-0.03B,$0.12B,-34.07%,$-0.03B,$2.41B,-1.39%,$0.05B,$1.89B,3.01%,$1002,$912,$90,$0,$45,$980,$22,$-18,$3,$0,$3,$3,$-2,$48,$22,$27,27,$-0.06,$-0.06,$0,$17,$14,$458,$1294,$0,$650,$12,$1956,$2414,$507,$1124,$2,$1138,$1645,$298,$0,$0,$769,$2414,$-2,$52,$3,$55,$-50,$-7,$0,$1,$-4,$49,$-227,$0,$0,$0,$0,$0,$0,$-227,$147,$-30,$116,$104,$104,$-42,$-0,$178,$-1,$5,$-42
46,2007-03-31,9.84,$17.71,0.56,$118.28,0.08,$-18.62,0.0,$-1.05,0.0,$0.42B,$0.45B,0.95,$1.04B,$0.78B,1.33,$3.14B,$0.28B,8.79%,$3.14B,$0.04B,1.31%,$3.14B,$0.04B,1.31%,$3.14B,$0.14B,4.30%,$3.14B,$-0.02B,-0.57%,$3.14B,$-0.04B,-1.11%,$-0.04B,$0.78B,-4.70%,$-0.04B,$0.13B,-47.30%,$-0.04B,$2.28B,-1.65%,$0.04B,$1.82B,2.45%,$827,$754,$73,$0,$39,$815,$12,$-17,$-5,$0,$-5,$-5,$-9,$38,$12,$27,27,$-0.36,$-0.36,$1,$11,$11,$424,$1190,$0,$657,$13,$1859,$2283,$445,$1040,$1,$1054,$1499,$310,$0,$0,$784,$2283,$-5,$26,$1,$27,$-25,$-0,$0,$1,$-25,$-4,$-107,$0,$0,$0,$0,$0,$0,$-107,$63,$-35,$28,$103,$103,$-21,$-0,$110,$-0,$2,$-21
47,2006-12-31,10.59,$18.05,0.59,$119.23,0.09,$-16.93,0.0,$-0.74,0.0,$0.41B,$0.49B,0.84,$0.98B,$0.71B,1.37,$3.13B,$0.26B,8.34%,$3.13B,$0.04B,1.25%,$3.13B,$0.04B,1.25%,$3.13B,$0.13B,3.99%,$3.13B,$-0.01B,-0.38%,$3.13B,$-0.03B,-0.89%,$-0.03B,$0.71B,-4.32%,$-0.03B,$0.05B,-38.62%,$-0.03B,$2.19B,-1.47%,$0.04B,$1.69B,2.64%,$713,$651,$62,$0,$38,$710,$3,$-16,$-12,$-0,$-12,$-12,$-17,$28,$3,$26,26,$-0.66,$-0.66,$1,$10,$23,$410,$1106,$0,$663,$15,$1784,$2194,$490,$977,$3,$992,$1483,$330,$0,$8,$712,$2194,$-4,$85,$7,$92,$77,$13,$0,$0,$25,$113,$-310,$0,$-576,$0,$0,$0,$0,$-886,$464,$18,$483,$372,$372,$-77,$-6,$772,$-1,$9,$-77
