,Date,Stock Price,Book Value per Share,Price to Book Ratio,TTM Sales per Share,Price to Sales Ratio,TTM FCF per Share,Price to FCF Ratio,TTM Net EPS,PE Ratio,Current Assets,Current Liabilities,Current Ratio,Long Term Debt,Shareholder's Equity_x,Debt to Equity Ratio,TTM Revenue_x,TTM Gross Profit,Gross Margin,TTM Revenue_y,TTM Operating Income,Operating Margin,TTM Revenue_x,TTM EBIT,EBIT Margin,TTM Revenue_y,TTM EBITDA,EBITDA Margin,TTM Revenue_x,TTM Pre-Tax Income,Pre-Tax Margin,TTM Revenue_y,TTM Net Income_x,Net Margin,TTM Net Income_y,Shareholder's Equity_y,Return on Equity,TTM Net Income_x,Tangible Equity,Return on Tangible Equity,TTM Net Income_y,Total Assets,Return on Assets,TTM Net Income,LT Investments & Debt,Return on Investment,revenue,cost-goods-sold,gross-profit,research-development-expenses,selling-general-administrative-expenses,operating-expenses,operating-income,total-non-operating-income-expense,pre-tax-income,total-provision-income-taxes,income-after-taxes,income-from-continuous-operations,net-income,ebitda,ebit,basic-shares-outstanding,shares-outstanding,eps-basic-net-earnings-per-share,eps-earnings-per-share-diluted,cash-on-hand,inventory,other-current-assets,total-current-assets,net-property-plant-equipment,long-term-investments,goodwill-intangible-assets-total,other-long-term-assets,total-long-term-assets,total-assets,total-current-liabilities,long-term-debt,other-non-current-liabilities,total-long-term-liabilities,total-liabilities,common-stock-net,retained-earnings-accumulated-deficit,comprehensive-income,total-share-holder-equity,total-liabilities-share-holders-equity,net-income-loss,total-depreciation-amortization-cash-flow,other-non-cash-items,total-non-cash-items,change-in-accounts-receivable,change-in-inventories,change-in-accounts-payable,change-in-assets-liabilities,total-change-in-assets-liabilities,cash-flow-from-operating-activities,net-change-in-property-plant-equipment,net-change-in-intangible-assets,net-acquisitions-divestitures,net-change-in-short-term-investments,net-change-in-long-term-investments,net-change-in-investments-total,investing-activities-other,cash-flow-from-investing-activities,net-long-term-debt,net-current-debt,debt-issuance-retirement-net-total,net-common-equity-issued-repurchased,net-total-equity-issued-repurchased,total-common-preferred-stock-dividends-paid,financial-activities-other,cash-flow-from-financial-activities,net-cash-flow,stock-based-compensation,common-stock-dividends-paid
0,2018-06-30,62.67,$0.80,78.37,$29.28,2.14,$10.71,5.85,$2.05,30.57,$1.09B,$0.60B,1.82,$0.98B,$0.05B,20.43,$1.81B,$0.84B,46.37%,$1.81B,$0.26B,14.63%,$1.81B,$0.26B,14.63%,$1.81B,$0.31B,17.23%,$1.81B,$0.22B,12.08%,$1.81B,$0.13B,6.98%,$0.13B,$0.05B,237.74%,$0.13B,$-0.40B,-31.78%,$0.13B,$1.81B,7.03%,$0.26B,$1.03B,25.61%,$457,$249,$208,$7,$138,$397,$60,$-53,$7,$5,$2,$2,$2,$45,$60,$60,61,$0.03,$0.02,$511,$308,$107,$1091,$167,$0,$444,$69,$714,$1805,$599,$977,$181,$1158,$1757,$1,$196,$-256,$48,$1805,$92,$34,$46,$80,$0,$0,$0,$16,$16,$188,$-11,$0,$0,$0,$0,$0,$0,$-11,$68,$0,$68,$-50,$-50,$-52,$-3,$-38,$133,$21,$-52
1,2018-03-31,59.0,$0.75,78.78,$28.80,2.05,$10.30,5.73,$2.06,28.64,$1.05B,$0.55B,1.9,$0.98B,$0.05B,21.86,$1.78B,$0.82B,45.91%,$1.78B,$0.28B,15.41%,$1.78B,$0.28B,15.41%,$1.78B,$0.32B,18.05%,$1.78B,$0.22B,12.16%,$1.78B,$0.13B,7.12%,$0.13B,$0.05B,202.39%,$0.13B,$-0.40B,-32.58%,$0.13B,$1.77B,7.11%,$0.28B,$1.02B,26.42%,$393,$217,$176,$5,$135,$360,$33,$-2,$32,$8,$24,$24,$24,$46,$33,$60,61,$0.40,$0.39,$490,$293,$100,$1048,$172,$0,$449,$71,$725,$1772,$552,$977,$198,$1175,$1728,$1,$191,$-234,$45,$1772,$68,$22,$59,$81,$0,$0,$0,$11,$11,$161,$-11,$0,$0,$0,$0,$0,$0,$-11,$-2,$43,$41,$-50,$-50,$-35,$-2,$-45,$112,$14,$-35
2,2017-12-31,47.26,$0.56,83.7,$28.39,1.66,$10.01,4.72,$2.68,17.63,$1.04B,$0.55B,1.9,$0.98B,$0.03B,29.02,$1.77B,$0.82B,46.24%,$1.77B,$0.29B,16.56%,$1.77B,$0.29B,16.56%,$1.77B,$0.34B,19.45%,$1.77B,$0.26B,14.58%,$1.77B,$0.17B,9.38%,$0.17B,$0.03B,243.22%,$0.17B,$-0.42B,-42.95%,$0.17B,$1.76B,9.36%,$0.29B,$1.01B,27.98%,$374,$206,$169,$5,$125,$339,$35,$-17,$18,$10,$8,$8,$8,$146,$35,$60,61,$0.13,$0.13,$454,$276,$94,$1039,$172,$0,$451,$68,$725,$1764,$547,$978,$206,$1184,$1730,$1,$180,$-228,$34,$1764,$60,$12,$52,$64,$0,$0,$0,$17,$17,$141,$-6,$0,$0,$0,$0,$0,$0,$-6,$-1,$7,$6,$-50,$-50,$-18,$-2,$-64,$76,$7,$-18
3,2017-09-30,45.07,$1.40,32.15,$27.97,1.61,$9.26,4.87,$3.22,14.0,$1.02B,$0.58B,1.75,$0.98B,$0.09B,11.5,$1.76B,$0.81B,46.24%,$1.76B,$0.31B,17.37%,$1.76B,$0.31B,17.37%,$1.76B,$0.35B,20.16%,$1.76B,$0.27B,15.55%,$1.76B,$0.20B,11.50%,$0.20B,$0.09B,315.63%,$0.20B,$-0.37B,-51.40%,$0.20B,$1.82B,11.52%,$0.31B,$1.06B,29.22%,$573,$295,$278,$5,$137,$440,$134,$-15,$119,$59,$60,$60,$60,$74,$134,$60,62,$1.00,$0.98,$378,$317,$95,$1020,$177,$0,$454,$125,$803,$1824,$582,$979,$178,$1157,$1739,$1,$199,$-239,$85,$1824,$202,$50,$-22,$28,$-44,$-31,$13,$29,$-33,$197,$2,$0,$0,$0,$0,$0,$0,$2,$-4,$37,$33,$-60,$-60,$-69,$-11,$-107,$91,$24,$-69
4,2017-06-30,46.69,$1.41,33.23,$27.46,1.7,$8.74,5.34,$3.01,15.51,$0.98B,$0.51B,1.94,$0.98B,$0.09B,11.26,$1.72B,$0.79B,45.56%,$1.72B,$0.28B,16.02%,$1.72B,$0.28B,16.02%,$1.72B,$0.32B,18.80%,$1.72B,$0.25B,14.57%,$1.72B,$0.19B,11.03%,$0.19B,$0.09B,539.01%,$0.19B,$-0.37B,-44.78%,$0.19B,$1.78B,10.98%,$0.28B,$1.07B,27.17%,$465,$251,$214,$6,$143,$403,$62,$-13,$49,$15,$34,$34,$34,$56,$62,$62,63,$0.56,$0.55,$404,$301,$102,$981,$178,$0,$456,$120,$799,$1780,$505,$979,$209,$1188,$1693,$1,$182,$-265,$87,$1780,$167,$38,$-13,$25,$0,$0,$0,$-47,$-47,$146,$10,$0,$0,$0,$0,$0,$0,$10,$38,$0,$38,$-9,$-9,$-52,$-9,$-33,$117,$18,$-52
5,2017-03-31,53.93,$1.08,49.92,$27.29,1.98,$8.27,6.52,$3.00,17.98,$0.92B,$0.47B,1.96,$0.98B,$0.07B,14.67,$1.71B,$0.78B,45.62%,$1.71B,$0.27B,15.65%,$1.71B,$0.27B,15.65%,$1.71B,$0.31B,18.22%,$1.71B,$0.24B,14.25%,$1.71B,$0.19B,11.04%,$0.19B,$0.07B,1482.35%,$0.19B,$-0.39B,-52.32%,$0.19B,$1.73B,11.22%,$0.27B,$1.05B,26.95%,$372,$214,$158,$5,$107,$328,$44,$-13,$31,$6,$25,$25,$25,$68,$44,$62,63,$0.40,$0.40,$372,$278,$116,$923,$182,$0,$458,$122,$805,$1728,$471,$980,$210,$1190,$1661,$1,$175,$-272,$67,$1728,$143,$26,$-22,$4,$0,$0,$0,$-23,$-23,$124,$11,$0,$0,$0,$0,$0,$0,$11,$-2,$16,$14,$-9,$-9,$-35,$-9,$-39,$85,$12,$-35
6,2016-12-31,42.93,$0.28,153.43,$26.93,1.59,$7.96,5.39,$2.51,17.1,$0.88B,$0.46B,1.91,$0.98B,$0.02B,56.71,$1.69B,$0.76B,44.75%,$1.69B,$0.25B,14.76%,$1.69B,$0.25B,14.76%,$1.69B,$0.29B,16.95%,$1.69B,$0.21B,12.21%,$1.69B,$0.16B,9.37%,$0.16B,$0.02B,-2430.77%,$0.16B,$-0.44B,-53.60%,$0.16B,$1.68B,9.58%,$0.25B,$1.00B,25.52%,$359,$191,$168,$5,$109,$306,$53,$6,$59,$12,$47,$47,$47,$156,$53,$62,63,$0.76,$0.75,$298,$232,$127,$875,$189,$0,$460,$118,$808,$1683,$458,$981,$226,$1207,$1665,$1,$146,$-286,$17,$1683,$96,$11,$8,$18,$0,$0,$0,$-22,$-22,$92,$-1,$0,$0,$0,$0,$0,$0,$-1,$-1,$-28,$-29,$-8,$-8,$-18,$-8,$-63,$10,$5,$-18
7,2016-09-30,47.77,$-0.49,-98.22,$26.17,1.83,$7.99,5.98,$2.04,23.42,$0.89B,$0.53B,1.67,$0.98B,$-0.03B,-32.72,$1.63B,$0.71B,43.64%,$1.63B,$0.21B,12.85%,$1.63B,$0.21B,12.85%,$1.63B,$0.25B,14.99%,$1.63B,$0.17B,10.22%,$1.63B,$0.13B,7.83%,$0.13B,$-0.03B,-673.68%,$0.13B,$-0.49B,-57.98%,$0.13B,$1.73B,7.84%,$0.21B,$0.95B,21.78%,$560,$288,$272,$6,$119,$414,$146,$-12,$134,$39,$96,$96,$96,$44,$146,$62,63,$1.55,$1.52,$287,$289,$122,$890,$202,$0,$464,$112,$842,$1732,$533,$982,$247,$1228,$1762,$1,$71,$-266,$-30,$1732,$128,$34,$21,$55,$-4,$12,$44,$-40,$11,$194,$-27,$0,$-344,$0,$0,$0,$0,$-371,$-3,$59,$56,$-32,$-32,$-63,$-7,$-45,$-215,$20,$-63
8,2016-06-30,48.99,$-0.05,-1083.85,$25.61,1.91,$7.48,6.55,$2.07,23.67,$1.06B,$0.41B,2.61,$0.98B,$-0.00B,-350.86,$1.60B,$0.71B,44.28%,$1.60B,$0.21B,13.30%,$1.60B,$0.21B,13.30%,$1.60B,$0.25B,15.37%,$1.60B,$0.17B,10.62%,$1.60B,$0.13B,8.06%,$0.13B,$-0.00B,-486.79%,$0.13B,$-0.12B,-91.49%,$0.13B,$1.60B,8.04%,$0.21B,$0.98B,22.26%,$432,$245,$187,$8,$139,$399,$34,$-7,$27,$5,$22,$22,$22,$44,$34,$62,63,$0.34,$0.34,$567,$232,$118,$1063,$197,$0,$114,$60,$534,$1597,$407,$982,$210,$1193,$1600,$1,$65,$-241,$-3,$1597,$106,$23,$3,$26,$0,$0,$0,$10,$10,$142,$-16,$0,$0,$0,$0,$0,$0,$-16,$-2,$5,$3,$-22,$-22,$-46,$-3,$-69,$65,$15,$-46
