,Date,Stock Price,Book Value per Share,Price to Book Ratio,TTM Sales per Share,Price to Sales Ratio,TTM FCF per Share,Price to FCF Ratio,TTM Net EPS,PE Ratio,Current Assets,Current Liabilities,Current Ratio,Long Term Debt,Shareholder's Equity_x,Debt to Equity Ratio,TTM Revenue_x,TTM Gross Profit,Gross Margin,TTM Revenue_y,TTM Operating Income,Operating Margin,TTM Revenue_x,TTM EBIT,EBIT Margin,TTM Revenue_y,TTM EBITDA,EBITDA Margin,TTM Revenue_x,TTM Pre-Tax Income,Pre-Tax Margin,TTM Revenue_y,TTM Net Income_x,Net Margin,TTM Net Income_y,Shareholder's Equity_y,Return on Equity,TTM Net Income_x,Tangible Equity,Return on Tangible Equity,TTM Net Income_y,Total Assets,Return on Assets,TTM Net Income,LT Investments & Debt,Return on Investment,revenue,cost-goods-sold,gross-profit,research-development-expenses,selling-general-administrative-expenses,operating-expenses,operating-income,total-non-operating-income-expense,pre-tax-income,total-provision-income-taxes,income-after-taxes,income-from-continuous-operations,net-income,ebitda,ebit,basic-shares-outstanding,shares-outstanding,eps-basic-net-earnings-per-share,eps-earnings-per-share-diluted,cash-on-hand,inventory,other-current-assets,total-current-assets,net-property-plant-equipment,long-term-investments,goodwill-intangible-assets-total,other-long-term-assets,total-long-term-assets,total-assets,total-current-liabilities,long-term-debt,other-non-current-liabilities,total-long-term-liabilities,total-liabilities,common-stock-net,retained-earnings-accumulated-deficit,comprehensive-income,total-share-holder-equity,total-liabilities-share-holders-equity,net-income-loss,total-depreciation-amortization-cash-flow,other-non-cash-items,total-non-cash-items,change-in-accounts-receivable,change-in-inventories,change-in-accounts-payable,change-in-assets-liabilities,total-change-in-assets-liabilities,cash-flow-from-operating-activities,net-change-in-property-plant-equipment,net-change-in-intangible-assets,net-acquisitions-divestitures,net-change-in-short-term-investments,net-change-in-long-term-investments,net-change-in-investments-total,investing-activities-other,cash-flow-from-investing-activities,net-long-term-debt,net-current-debt,debt-issuance-retirement-net-total,net-common-equity-issued-repurchased,net-total-equity-issued-repurchased,total-common-preferred-stock-dividends-paid,financial-activities-other,cash-flow-from-financial-activities,net-cash-flow,stock-based-compensation,common-stock-dividends-paid
0,2018-09-30,37.92,$10.96,3.46,$36.99,1.03,$2.43,15.6,$1.43,26.52,$0.35B,$0.25B,1.41,$0.25B,$0.57B,0.43,$1.99B,$0.26B,13.07%,$1.99B,$0.12B,6.03%,$1.99B,$0.12B,6.03%,$1.99B,$0.17B,8.64%,$1.99B,$0.11B,5.38%,$1.99B,$0.08B,3.87%,$0.08B,$0.57B,14.34%,$0.08B,$0.44B,19.31%,$0.08B,$1.14B,6.90%,$0.12B,$0.82B,14.79%,$514,$449,$66,$0,$25,$485,$29,$-4,$26,$5,$20,$20,$21,$45,$29,$52,55,$0.40,$0.38,$55,$0,$0,$348,$593,$0,$136,$54,$795,$1144,$248,$246,$55,$323,$571,$0,$321,$0,$572,$1144,$66,$39,$12,$51,$3,$0,$2,$0,$40,$157,$-93,$0,$-2,$0,$0,$0,$-1,$-95,$0,$-57,$-57,$6,$6,$-7,$-0,$-59,$3,$8,$-7
1,2018-06-30,35.82,$10.58,3.39,$36.50,0.98,$1.73,20.67,$1.32,27.14,$0.33B,$0.23B,1.42,$0.27B,$0.55B,0.49,$1.95B,$0.25B,12.83%,$1.95B,$0.12B,6.01%,$1.95B,$0.12B,6.01%,$1.95B,$0.16B,8.42%,$1.95B,$0.10B,5.29%,$1.95B,$0.07B,3.59%,$0.07B,$0.55B,13.57%,$0.07B,$0.41B,18.54%,$0.07B,$1.13B,6.38%,$0.12B,$0.82B,14.62%,$496,$431,$66,$0,$22,$465,$32,$-3,$28,$6,$22,$22,$22,$44,$32,$52,54,$0.42,$0.41,$40,$0,$0,$328,$592,$0,$139,$55,$798,$1126,$230,$268,$54,$345,$576,$0,$303,$0,$550,$1126,$46,$24,$7,$30,$13,$0,$-0,$-6,$25,$101,$-78,$0,$0,$0,$0,$0,$-3,$-81,$0,$-35,$-35,$5,$5,$-5,$-0,$-35,$-15,$5,$-5
2,2018-03-31,26.27,$10.16,2.59,$35.89,0.73,$1.36,19.34,$1.14,23.04,$0.35B,$0.21B,1.63,$0.28B,$0.53B,0.53,$1.90B,$0.23B,12.26%,$1.90B,$0.11B,5.63%,$1.90B,$0.11B,5.63%,$1.90B,$0.15B,8.05%,$1.90B,$0.09B,4.95%,$1.90B,$0.06B,3.16%,$0.06B,$0.53B,12.10%,$0.06B,$0.39B,16.69%,$0.06B,$1.09B,5.58%,$0.11B,$0.81B,13.63%,$492,$424,$68,$0,$25,$459,$33,$-3,$30,$7,$23,$23,$23,$45,$33,$52,54,$0.45,$0.43,$49,$0,$0,$345,$541,$0,$138,$56,$748,$1093,$211,$280,$52,$355,$567,$0,$285,$0,$526,$1093,$23,$12,$3,$14,$6,$0,$-7,$3,$3,$40,$-15,$0,$0,$0,$0,$0,$-10,$-25,$0,$-22,$-22,$3,$3,$-2,$-0,$-22,$-7,$2,$-2
3,2017-12-31,22.14,$9.74,2.27,$35.08,0.63,$1.04,21.24,$0.76,29.13,$0.37B,$0.23B,1.63,$0.30B,$0.50B,0.61,$1.85B,$0.22B,11.84%,$1.85B,$0.08B,4.43%,$1.85B,$0.08B,4.43%,$1.85B,$0.13B,6.81%,$1.85B,$0.07B,3.68%,$1.85B,$0.04B,2.16%,$0.04B,$0.50B,8.35%,$0.04B,$0.36B,11.55%,$0.04B,$1.10B,3.82%,$0.08B,$0.80B,10.75%,$488,$427,$60,$0,$23,$462,$26,$-3,$23,$12,$11,$11,$11,$38,$26,$51,53,$0.21,$0.22,$55,$0,$0,$368,$537,$0,$139,$45,$734,$1102,$226,$303,$50,$377,$602,$0,$265,$0,$500,$1102,$41,$45,$52,$97,$-52,$0,$3,$-13,$-65,$73,$-54,$0,$-90,$0,$0,$0,$37,$-107,$0,$32,$32,$-2,$-2,$-9,$-3,$18,$-15,$10,$-9
4,2017-09-30,22.48,$9.54,2.36,$34.16,0.66,$-0.69,0.0,$0.90,24.98,$0.34B,$0.22B,1.53,$0.29B,$0.49B,0.59,$1.80B,$0.20B,11.31%,$1.80B,$0.09B,5.13%,$1.80B,$0.09B,5.13%,$1.80B,$0.13B,7.47%,$1.80B,$0.08B,4.40%,$1.80B,$0.05B,2.62%,$0.05B,$0.49B,10.02%,$0.05B,$0.35B,13.79%,$0.05B,$1.07B,4.60%,$0.09B,$0.78B,12.34%,$472,$415,$56,$0,$19,$446,$26,$-3,$22,$8,$14,$14,$14,$37,$26,$51,53,$0.28,$0.27,$49,$0,$0,$340,$531,$0,$136,$42,$731,$1071,$222,$287,$50,$361,$584,$0,$256,$0,$487,$1071,$30,$33,$29,$63,$-33,$0,$2,$11,$-29,$63,$-38,$0,$-84,$0,$0,$0,$38,$-83,$0,$12,$12,$-3,$-3,$-7,$-0,$2,$-18,$7,$-7
5,2017-06-30,21.62,$9.27,2.33,$33.46,0.65,$-0.70,0.0,$0.84,25.74,$0.32B,$0.21B,1.58,$0.28B,$0.47B,0.6,$1.75B,$0.19B,11.02%,$1.75B,$0.09B,4.91%,$1.75B,$0.09B,4.91%,$1.75B,$0.13B,7.31%,$1.75B,$0.08B,4.28%,$1.75B,$0.04B,2.51%,$0.04B,$0.47B,9.63%,$0.04B,$0.34B,13.33%,$0.04B,$1.03B,4.55%,$0.09B,$0.76B,12.25%,$448,$400,$49,$0,$17,$426,$22,$-3,$19,$7,$12,$12,$12,$33,$22,$51,53,$0.24,$0.23,$47,$0,$0,$324,$490,$0,$132,$63,$708,$1032,$205,$284,$49,$357,$561,$0,$244,$0,$471,$1032,$15,$22,$19,$41,$-14,$0,$-4,$5,$-32,$25,$-22,$0,$-42,$0,$0,$0,$15,$-49,$0,$9,$9,$-5,$-5,$-4,$0,$-1,$-24,$5,$-4
6,2017-03-31,18.64,$9.05,2.06,$32.83,0.57,$-0.75,0.0,$0.83,22.45,$0.31B,$0.21B,1.46,$0.26B,$0.46B,0.56,$1.71B,$0.19B,11.26%,$1.71B,$0.08B,4.90%,$1.71B,$0.08B,4.90%,$1.71B,$0.13B,7.29%,$1.71B,$0.08B,4.38%,$1.71B,$0.04B,2.51%,$0.04B,$0.46B,9.66%,$0.04B,$0.33B,13.53%,$0.04B,$0.98B,4.68%,$0.08B,$0.72B,12.63%,$442,$387,$54,$0,$21,$434,$8,$-3,$4,$1,$3,$3,$3,$18,$8,$51,53,$0.06,$0.05,$41,$0,$0,$306,$491,$0,$124,$41,$679,$984,$210,$258,$47,$316,$526,$0,$236,$0,$458,$984,$3,$11,$10,$21,$-7,$0,$-4,$13,$-4,$20,$-12,$0,$-9,$0,$0,$0,$-1,$-21,$0,$-17,$-17,$-5,$-5,$-2,$0,$-24,$-26,$2,$-2
7,2016-12-31,21.97,$9.06,2.42,$31.76,0.69,$-1.01,0.0,$0.96,22.88,$0.33B,$0.21B,1.58,$0.28B,$0.46B,0.6,$1.66B,$0.19B,11.42%,$1.66B,$0.09B,5.56%,$1.66B,$0.09B,5.56%,$1.66B,$0.13B,7.98%,$1.66B,$0.09B,5.20%,$1.66B,$0.05B,2.96%,$0.05B,$0.46B,11.32%,$0.05B,$0.34B,15.77%,$0.05B,$1.00B,5.65%,$0.09B,$0.74B,14.72%,$433,$390,$44,$0,$15,$397,$36,$-2,$34,$13,$21,$21,$18,$46,$36,$51,52,$0.36,$0.35,$69,$0,$0,$334,$484,$0,$122,$38,$667,$1001,$212,$275,$44,$329,$541,$0,$235,$0,$460,$1001,$53,$40,$14,$53,$-64,$0,$1,$6,$-32,$74,$-146,$0,$-64,$0,$0,$0,$-1,$-211,$0,$184,$184,$-23,$-23,$-8,$-0,$153,$16,$9,$-8
8,2016-09-30,19.87,$8.64,2.3,$30.60,0.65,$-0.44,0.0,$0.87,22.84,$0.31B,$0.20B,1.55,$0.16B,$0.44B,0.37,$1.60B,$0.20B,12.23%,$1.60B,$0.08B,5.02%,$1.60B,$0.08B,5.02%,$1.60B,$0.12B,7.40%,$1.60B,$0.08B,4.76%,$1.60B,$0.05B,2.82%,$0.05B,$0.44B,10.59%,$0.05B,$0.31B,14.68%,$0.05B,$0.85B,5.60%,$0.08B,$0.60B,13.97%,$428,$382,$46,$0,$17,$408,$20,$-2,$18,$7,$11,$11,$11,$31,$20,$51,52,$0.22,$0.21,$48,$0,$8,$309,$350,$0,$129,$44,$545,$853,$199,$162,$46,$217,$416,$0,$219,$0,$438,$853,$32,$30,$22,$52,$-43,$0,$2,$7,$-12,$71,$-47,$0,$-64,$0,$0,$0,$-2,$-112,$0,$72,$72,$-24,$-24,$-6,$-1,$40,$-1,$7,$-6
9,2016-06-30,20.7,$8.41,2.46,$28.99,0.71,$-1.76,0.0,$0.92,22.62,$0.29B,$0.18B,1.61,$0.18B,$0.42B,0.43,$1.52B,$0.20B,12.85%,$1.52B,$0.08B,5.40%,$1.52B,$0.08B,5.40%,$1.52B,$0.12B,7.64%,$1.52B,$0.08B,5.20%,$1.52B,$0.05B,3.10%,$0.05B,$0.42B,11.24%,$0.05B,$0.29B,15.35%,$0.05B,$0.84B,6.17%,$0.08B,$0.61B,15.12%,$411,$361,$49,$0,$20,$391,$20,$-1,$19,$7,$11,$11,$11,$30,$20,$50,52,$0.23,$0.22,$37,$0,$0,$288,$347,$0,$134,$50,$552,$840,$179,$184,$43,$237,$416,$0,$210,$0,$424,$840,$21,$18,$16,$34,$-29,$0,$1,$10,$-18,$37,$-37,$0,$-56,$0,$0,$0,$-7,$-100,$0,$85,$85,$-26,$-26,$-4,$0,$55,$-8,$5,$-4
10,2016-03-31,22.26,$8.17,2.72,$26.97,0.83,$-2.47,0.0,$0.95,23.56,$0.29B,$0.17B,1.74,$0.15B,$0.41B,0.36,$1.42B,$0.19B,13.40%,$1.42B,$0.08B,5.92%,$1.42B,$0.08B,5.92%,$1.42B,$0.12B,8.11%,$1.42B,$0.08B,5.78%,$1.42B,$0.05B,3.46%,$0.05B,$0.41B,11.91%,$0.05B,$0.31B,15.76%,$0.05B,$0.77B,6.92%,$0.08B,$0.56B,16.73%,$383,$333,$50,$0,$17,$367,$16,$-1,$15,$6,$9,$9,$9,$25,$16,$51,52,$0.18,$0.18,$53,$0,$0,$293,$311,$0,$104,$44,$480,$774,$168,$146,$40,$195,$363,$0,$201,$0,$410,$774,$9,$8,$7,$16,$-14,$0,$-1,$9,$-12,$13,$-18,$0,$-0,$0,$0,$0,$-2,$-20,$0,$47,$47,$-27,$-27,$-2,$-1,$17,$10,$2,$-2
11,2015-12-31,22.21,$8.31,2.67,$25.82,0.86,$-2.51,0.0,$1.07,20.76,$0.28B,$0.18B,1.55,$0.10B,$0.43B,0.23,$1.34B,$0.19B,13.86%,$1.34B,$0.09B,6.93%,$1.34B,$0.09B,6.93%,$1.34B,$0.12B,9.09%,$1.34B,$0.09B,6.86%,$1.34B,$0.06B,4.10%,$0.06B,$0.43B,13.61%,$0.06B,$0.32B,17.81%,$0.06B,$0.75B,8.36%,$0.09B,$0.53B,20.25%,$373,$324,$50,$0,$17,$349,$24,$-1,$24,$9,$14,$14,$14,$32,$24,$50,52,$0.26,$0.25,$44,$0,$0,$280,$300,$0,$105,$43,$468,$748,$180,$99,$38,$141,$321,$0,$193,$0,$427,$748,$56,$29,$24,$53,$-100,$0,$2,$-21,$-76,$33,$-76,$0,$-111,$0,$0,$0,$18,$-169,$0,$20,$20,$117,$117,$-7,$-2,$126,$-9,$7,$-7
12,2015-09-30,20.89,$8.03,2.6,$24.67,0.85,$-1.19,0.0,$1.06,19.8,$0.27B,$0.16B,1.67,$0.07B,$0.41B,0.17,$1.25B,$0.17B,13.88%,$1.25B,$0.09B,7.14%,$1.25B,$0.09B,7.14%,$1.25B,$0.12B,9.23%,$1.25B,$0.09B,6.98%,$1.25B,$0.05B,4.25%,$0.05B,$0.41B,14.64%,$0.05B,$0.31B,19.40%,$0.05B,$0.68B,8.91%,$0.09B,$0.48B,21.75%,$351,$305,$46,$0,$17,$329,$22,$-1,$21,$8,$13,$13,$13,$29,$22,$51,53,$0.26,$0.25,$45,$0,$0,$270,$257,$0,$105,$41,$413,$683,$161,$69,$37,$110,$271,$0,$182,$0,$411,$683,$41,$21,$17,$37,$-76,$0,$1,$-17,$-66,$13,$-58,$0,$-80,$0,$0,$0,$17,$-121,$-234,$224,$-10,$116,$116,$-6,$-3,$97,$-10,$5,$-6
13,2015-06-30,24.97,$7.77,3.21,$23.68,1.05,$0.01,0.0,$0.99,25.22,$0.26B,$0.14B,1.78,$0.05B,$0.40B,0.12,$1.16B,$0.16B,13.84%,$1.16B,$0.08B,7.09%,$1.16B,$0.08B,7.09%,$1.16B,$0.11B,9.17%,$1.16B,$0.08B,7.01%,$1.16B,$0.05B,4.24%,$0.05B,$0.40B,15.30%,$0.05B,$0.31B,19.84%,$0.05B,$0.63B,9.34%,$0.08B,$0.45B,23.35%,$311,$267,$44,$0,$15,$289,$22,$-0,$22,$8,$13,$13,$13,$29,$22,$51,53,$0.26,$0.25,$55,$0,$1,$256,$244,$0,$88,$30,$373,$629,$144,$49,$36,$88,$232,$0,$170,$0,$397,$629,$28,$13,$10,$23,$-50,$0,$-1,$-4,$-45,$7,$-45,$0,$-61,$0,$0,$0,$16,$-89,$-25,$0,$-25,$115,$115,$-4,$-4,$83,$0,$3,$-4
14,2015-03-31,22.88,$7.50,3.05,$23.24,0.98,$0.66,34.74,$0.79,29.15,$0.26B,$0.15B,1.7,$0.00B,$0.38B,0.01,$1.10B,$0.16B,14.25%,$1.10B,$0.07B,6.76%,$1.10B,$0.07B,6.76%,$1.10B,$0.10B,9.04%,$1.10B,$0.06B,5.84%,$1.10B,$0.04B,3.47%,$0.04B,$0.38B,13.58%,$0.04B,$0.30B,17.37%,$0.04B,$0.57B,8.21%,$0.07B,$0.39B,24.79%,$307,$260,$46,$0,$14,$281,$25,$-1,$25,$10,$15,$15,$15,$32,$25,$48,50,$0.32,$0.31,$68,$0,$3,$256,$192,$0,$85,$29,$317,$573,$150,$3,$35,$41,$192,$0,$159,$0,$382,$573,$15,$7,$6,$12,$-37,$0,$4,$-4,$-22,$6,$-13,$0,$-39,$0,$0,$0,$15,$-36,$-94,$29,$-65,$114,$114,$-2,$-5,$43,$12,$1,$-2
15,2014-12-31,21.64,$11.41,1.9,$22.37,0.97,$0.71,30.69,$0.78,27.75,$0.21B,$0.13B,1.64,$0.07B,$0.26B,0.27,$1.03B,$0.16B,15.18%,$1.03B,$0.07B,7.10%,$1.03B,$0.07B,7.10%,$1.03B,$0.10B,9.73%,$1.03B,$0.06B,5.84%,$1.03B,$0.04B,3.60%,$0.04B,$0.26B,13.35%,$0.04B,$0.18B,16.23%,$0.04B,$0.49B,7.22%,$0.07B,$0.33B,20.41%,$277,$240,$37,$0,$13,$257,$20,$-0,$19,$9,$11,$11,$12,$25,$20,$45,46,$0.25,$0.25,$56,$0,$5,$214,$150,$0,$78,$41,$280,$494,$130,$68,$34,$106,$236,$0,$146,$0,$258,$494,$34,$27,$17,$44,$-32,$0,$8,$-1,$7,$85,$-62,$0,$-91,$0,$0,$0,$-21,$-173,$-331,$496,$164,$4,$4,$-6,$-89,$73,$-15,$5,$-6
16,2014-09-30,16.94,$5.45,3.11,$21.68,0.78,$0.39,43.06,$0.83,20.41,$0.19B,$0.12B,1.64,$0.00B,$0.24B,0.01,$0.99B,$0.17B,16.70%,$0.99B,$0.08B,7.89%,$0.99B,$0.08B,7.89%,$0.99B,$0.11B,11.13%,$0.99B,$0.06B,6.38%,$0.99B,$0.04B,3.85%,$0.04B,$0.24B,12.58%,$0.04B,$0.20B,14.45%,$0.04B,$0.40B,6.57%,$0.08B,$0.25B,18.20%,$261,$228,$33,$0,$13,$246,$15,$-0,$15,$7,$8,$8,$9,$20,$15,$45,46,$0.20,$0.19,$45,$0,$7,$194,$127,$0,$43,$27,$209,$403,$118,$3,$34,$40,$159,$0,$136,$0,$244,$403,$23,$22,$16,$38,$-19,$0,$4,$-1,$6,$67,$-50,$0,$-43,$0,$0,$0,$-6,$-99,$-301,$401,$100,$3,$3,$-5,$-91,$6,$-27,$4,$-5
17,2014-06-30,15.1,$5.26,2.87,$21.17,0.71,$0.84,18.01,$0.88,17.26,$0.18B,$0.11B,1.68,$0.00B,$0.24B,0.0,$0.96B,$0.17B,17.99%,$0.96B,$0.08B,8.68%,$0.96B,$0.08B,8.68%,$0.96B,$0.12B,12.45%,$0.96B,$0.07B,6.80%,$0.96B,$0.04B,4.08%,$0.04B,$0.24B,11.94%,$0.04B,$0.20B,13.53%,$0.04B,$0.38B,5.89%,$0.08B,$0.24B,16.49%,$250,$210,$40,$0,$18,$236,$14,$-9,$5,$4,$2,$2,$2,$22,$14,$45,46,$0.05,$0.05,$27,$0,$6,$184,$117,$0,$39,$30,$197,$381,$110,$0,$33,$36,$146,$0,$129,$0,$235,$381,$15,$17,$12,$29,$-20,$0,$4,$2,$-7,$37,$-40,$0,$-38,$0,$0,$0,$-9,$-87,$-241,$341,$100,$2,$2,$-3,$-92,$7,$-43,$2,$-3
18,2014-03-31,11.79,$8.37,1.41,$20.65,0.57,$1.21,9.71,$1.11,10.67,$0.20B,$0.11B,1.82,$0.25B,$0.37B,0.67,$0.93B,$0.17B,18.68%,$0.93B,$0.09B,9.94%,$0.93B,$0.09B,9.94%,$0.93B,$0.13B,13.93%,$0.93B,$0.08B,8.64%,$0.93B,$0.05B,5.29%,$0.05B,$0.37B,13.99%,$0.05B,$0.33B,15.68%,$0.05B,$0.77B,6.55%,$0.09B,$0.62B,15.90%,$240,$193,$46,$0,$13,$215,$24,$-3,$21,$8,$13,$13,$14,$33,$24,$44,45,$0.31,$0.30,$62,$0,$0,$203,$497,$0,$37,$30,$568,$771,$112,$250,$35,$288,$400,$0,$269,$-1,$372,$771,$13,$9,$4,$13,$-13,$0,$3,$0,$-5,$21,$-26,$0,$0,$0,$0,$0,$-3,$-28,$-2,$0,$-2,$1,$1,$-2,$1,$-2,$-8,$1,$-2
19,2013-12-31,11.94,$8.08,1.48,$20.36,0.59,$1.69,7.08,$0.57,21.13,$0.21B,$0.11B,1.88,$0.25B,$0.36B,0.71,$0.90B,$0.17B,18.36%,$0.90B,$0.06B,6.31%,$0.90B,$0.06B,6.31%,$0.90B,$0.09B,10.29%,$0.90B,$0.05B,4.98%,$0.90B,$0.02B,2.54%,$0.02B,$0.36B,6.84%,$0.02B,$0.32B,7.69%,$0.02B,$0.76B,3.14%,$0.06B,$0.61B,10.32%,$237,$191,$46,$0,$12,$212,$25,$-3,$22,$9,$13,$13,$13,$35,$25,$44,45,$0.31,$0.31,$71,$0,$0,$211,$480,$0,$37,$28,$549,$760,$112,$252,$35,$291,$403,$0,$258,$-1,$357,$760,$24,$35,$5,$41,$-27,$0,$-2,$-1,$-27,$37,$-29,$0,$-41,$0,$2,$2,$3,$-65,$51,$0,$51,$4,$4,$-4,$2,$53,$25,$4,$-4
20,2013-09-30,11.07,$7.78,1.42,$19.85,0.56,$2.23,4.97,$0.32,35.13,$0.19B,$0.15B,1.23,$0.21B,$0.34B,0.6,$0.88B,$0.16B,18.00%,$0.88B,$0.04B,4.56%,$0.88B,$0.04B,4.56%,$0.88B,$0.08B,8.66%,$0.88B,$0.03B,3.19%,$0.88B,$0.01B,1.37%,$0.01B,$0.34B,3.64%,$0.01B,$0.30B,4.09%,$0.01B,$0.74B,1.68%,$0.04B,$0.55B,7.52%,$229,$190,$40,$0,$11,$209,$20,$-3,$17,$7,$11,$11,$10,$29,$20,$44,45,$0.24,$0.24,$50,$0,$0,$185,$480,$0,$38,$31,$553,$738,$151,$205,$37,$246,$396,$0,$246,$-1,$342,$738,$11,$26,$46,$72,$-17,$0,$-3,$1,$-25,$57,$-21,$0,$-42,$0,$2,$2,$4,$-57,$5,$0,$5,$3,$3,$-3,$1,$5,$5,$3,$-3
21,2013-06-30,9.47,$7.54,1.26,$19.43,0.49,$1.73,5.47,$0.38,24.91,$0.17B,$0.15B,1.17,$0.21B,$0.33B,0.63,$0.86B,$0.16B,18.34%,$0.86B,$0.04B,5.14%,$0.86B,$0.04B,5.14%,$0.86B,$0.08B,9.11%,$0.86B,$0.03B,3.62%,$0.86B,$0.02B,1.75%,$0.02B,$0.33B,4.59%,$0.02B,$0.29B,5.16%,$0.02B,$0.72B,2.15%,$0.04B,$0.54B,8.37%,$220,$179,$41,$0,$9,$197,$23,$-3,$20,$8,$12,$12,$12,$32,$23,$44,45,$0.29,$0.28,$31,$0,$0,$169,$477,$0,$38,$36,$554,$724,$145,$207,$38,$248,$393,$0,$237,$-1,$330,$724,$-0,$17,$43,$60,$-19,$0,$-5,$1,$-33,$27,$-13,$0,$-36,$0,$2,$2,$-0,$-47,$6,$0,$6,$2,$2,$-1,$0,$7,$-13,$2,$-1
22,2013-03-31,8.96,$7.26,1.23,$19.16,0.47,$1.21,7.42,$0.39,22.98,$0.18B,$0.15B,1.14,$0.20B,$0.32B,0.63,$0.84B,$0.15B,18.33%,$0.84B,$0.04B,5.24%,$0.84B,$0.04B,5.24%,$0.84B,$0.08B,9.17%,$0.84B,$0.03B,3.69%,$0.84B,$0.02B,1.79%,$0.02B,$0.32B,4.64%,$0.02B,$0.28B,5.22%,$0.02B,$0.71B,2.21%,$0.04B,$0.52B,8.47%,$218,$179,$39,$0,$9,$229,$-11,$-3,$-14,$-3,$-11,$-11,$-12,$-3,$-11,$44,44,$-0.28,$-0.28,$46,$0,$0,$175,$451,$0,$37,$45,$537,$712,$154,$199,$39,$241,$395,$0,$226,$-2,$317,$712,$-13,$8,$40,$48,$-7,$0,$-5,$0,$-14,$22,$-5,$0,$-11,$0,$0,$0,$-3,$-19,$-2,$0,$-2,$1,$1,$0,$-0,$-1,$2,$1,$0
23,2012-12-31,7.27,$7.55,0.96,$18.79,0.39,$0.79,9.22,$0.93,7.86,$0.17B,$0.12B,1.38,$0.20B,$0.33B,0.61,$0.82B,$0.15B,18.57%,$0.82B,$0.08B,9.47%,$0.82B,$0.08B,9.47%,$0.82B,$0.11B,13.47%,$0.82B,$0.07B,8.01%,$0.82B,$0.04B,4.85%,$0.04B,$0.33B,12.63%,$0.04B,$0.30B,14.21%,$0.04B,$0.69B,6.08%,$0.08B,$0.53B,15.22%,$211,$172,$38,$0,$8,$203,$8,$-3,$5,$2,$3,$3,$2,$18,$8,$43,44,$0.04,$0.05,$46,$0,$0,$168,$448,$0,$31,$42,$523,$691,$121,$201,$38,$242,$363,$0,$239,$-2,$328,$691,$40,$32,$23,$55,$-16,$0,$3,$-6,$-12,$82,$-50,$0,$-32,$0,$0,$0,$-3,$-84,$20,$0,$20,$-1,$-1,$-7,$2,$14,$11,$5,$-7
24,2012-09-30,8.17,$7.67,1.07,$18.45,0.44,$0.27,29.97,$1.12,7.3,$0.16B,$0.10B,1.5,$0.19B,$0.33B,0.58,$0.81B,$0.15B,18.36%,$0.81B,$0.09B,11.04%,$0.81B,$0.09B,11.04%,$0.81B,$0.12B,14.76%,$0.81B,$0.08B,9.55%,$0.81B,$0.05B,5.96%,$0.05B,$0.33B,15.79%,$0.05B,$0.29B,17.68%,$0.05B,$0.67B,7.57%,$0.09B,$0.52B,17.97%,$207,$168,$39,$0,$8,$183,$24,$-3,$20,$8,$13,$13,$13,$31,$24,$43,44,$0.31,$0.30,$36,$0,$0,$156,$439,$0,$38,$31,$512,$668,$104,$192,$38,$234,$337,$0,$239,$-2,$331,$668,$38,$22,$8,$30,$-18,$0,$1,$-6,$-16,$52,$-38,$0,$-23,$0,$0,$0,$-1,$-62,$11,$0,$11,$4,$4,$-4,$1,$13,$2,$2,$-4
25,2012-06-30,7.54,$7.39,1.02,$18.31,0.41,$0.15,48.75,$1.09,6.91,$0.15B,$0.10B,1.59,$0.19B,$0.32B,0.61,$0.80B,$0.15B,18.36%,$0.80B,$0.09B,11.19%,$0.80B,$0.09B,11.19%,$0.80B,$0.12B,14.84%,$0.80B,$0.08B,9.56%,$0.80B,$0.05B,5.91%,$0.05B,$0.32B,16.33%,$0.05B,$0.28B,18.09%,$0.05B,$0.65B,7.72%,$0.09B,$0.51B,18.82%,$204,$165,$38,$0,$8,$181,$23,$-3,$20,$8,$12,$12,$12,$31,$23,$43,44,$0.29,$0.29,$38,$0,$0,$154,$420,$0,$38,$30,$493,$647,$97,$194,$36,$234,$330,$0,$227,$-2,$316,$647,$25,$14,$5,$19,$-14,$0,$-1,$-5,$-19,$25,$-34,$0,$0,$0,$0,$0,$-1,$-36,$13,$0,$13,$3,$3,$-3,$0,$14,$3,$2,$-3
26,2012-03-31,7.22,$6.86,1.05,$17.97,0.4,$0.41,17.69,$1.11,6.54,$0.14B,$0.09B,1.64,$0.20B,$0.29B,0.67,$0.78B,$0.15B,18.66%,$0.78B,$0.09B,11.58%,$0.78B,$0.09B,11.58%,$0.78B,$0.12B,15.06%,$0.78B,$0.08B,9.91%,$0.78B,$0.05B,6.18%,$0.05B,$0.29B,17.61%,$0.05B,$0.26B,19.24%,$0.05B,$0.63B,8.36%,$0.09B,$0.49B,20.30%,$202,$164,$38,$0,$8,$179,$23,$-3,$21,$8,$13,$13,$13,$31,$23,$43,44,$0.31,$0.30,$33,$0,$0,$143,$411,$0,$35,$32,$482,$625,$87,$196,$35,$246,$333,$0,$216,$-1,$292,$625,$13,$7,$4,$11,$-10,$0,$-6,$0,$-19,$5,$-7,$0,$-7,$0,$0,$0,$-4,$-18,$15,$0,$15,$2,$2,$-1,$0,$16,$3,$1,$-1
27,2011-12-31,6.5,$6.39,1.02,$17.58,0.37,$0.50,12.94,$1.11,5.88,$0.14B,$0.10B,1.4,$0.18B,$0.28B,0.65,$0.76B,$0.14B,18.87%,$0.76B,$0.09B,12.01%,$0.76B,$0.09B,12.01%,$0.76B,$0.12B,15.17%,$0.76B,$0.08B,10.16%,$0.76B,$0.05B,6.33%,$0.05B,$0.28B,18.46%,$0.05B,$0.26B,19.83%,$0.05B,$0.60B,8.84%,$0.09B,$0.46B,21.85%,$193,$160,$33,$0,$8,$174,$19,$-3,$16,$6,$10,$10,$10,$26,$19,$42,43,$0.25,$0.24,$30,$0,$0,$141,$404,$0,$21,$27,$456,$596,$100,$182,$34,$218,$319,$0,$204,$-1,$277,$596,$48,$24,$14,$38,$-25,$0,$3,$-1,$-13,$73,$-63,$0,$-107,$0,$0,$0,$14,$-156,$44,$0,$44,$3,$3,$-5,$-1,$41,$-43,$3,$-5
28,2011-09-30,6.12,$6.07,1.01,$17.20,0.36,$1.04,5.88,$1.14,5.37,$0.13B,$0.10B,1.36,$0.17B,$0.27B,0.63,$0.74B,$0.14B,19.38%,$0.74B,$0.09B,12.60%,$0.74B,$0.09B,12.60%,$0.74B,$0.12B,15.58%,$0.74B,$0.08B,10.84%,$0.74B,$0.05B,6.78%,$0.05B,$0.27B,20.18%,$0.05B,$0.25B,21.65%,$0.05B,$0.57B,9.73%,$0.09B,$0.43B,23.62%,$196,$159,$37,$0,$7,$172,$24,$-5,$19,$7,$12,$12,$12,$30,$24,$42,43,$0.28,$0.27,$26,$0,$0,$131,$373,$0,$20,$38,$436,$567,$96,$168,$34,$204,$301,$0,$195,$-1,$266,$567,$37,$17,$8,$26,$-18,$0,$4,$-2,$-10,$53,$-45,$0,$-87,$0,$0,$0,$5,$-127,$30,$0,$30,$2,$2,$-3,$-2,$27,$-46,$3,$-3
29,2011-06-30,8.03,$6.09,1.32,$16.54,0.49,$1.17,6.86,$1.11,7.26,$0.13B,$0.08B,1.64,$0.14B,$0.26B,0.54,$0.71B,$0.14B,19.24%,$0.71B,$0.09B,12.45%,$0.71B,$0.09B,12.45%,$0.71B,$0.11B,15.28%,$0.71B,$0.08B,10.89%,$0.71B,$0.05B,6.79%,$0.05B,$0.26B,20.40%,$0.05B,$0.24B,21.84%,$0.05B,$0.51B,10.03%,$0.09B,$0.39B,24.06%,$186,$149,$37,$0,$8,$162,$24,$-3,$21,$8,$13,$13,$13,$30,$24,$42,43,$0.31,$0.30,$38,$0,$0,$134,$322,$0,$17,$28,$374,$508,$82,$137,$31,$171,$253,$0,$185,$0,$255,$508,$26,$11,$3,$14,$-12,$0,$0,$-0,$-13,$27,$-26,$0,$-45,$0,$0,$0,$12,$-58,$-2,$0,$-2,$1,$1,$-2,$0,$-3,$-34,$2,$-2
30,2011-03-31,8.42,$5.79,1.45,$15.96,0.53,$1.16,7.27,$1.04,8.13,$0.14B,$0.09B,1.62,$0.14B,$0.24B,0.57,$0.68B,$0.13B,18.85%,$0.68B,$0.08B,12.08%,$0.68B,$0.08B,12.08%,$0.68B,$0.10B,14.73%,$0.68B,$0.07B,10.60%,$0.68B,$0.05B,6.63%,$0.05B,$0.24B,20.16%,$0.05B,$0.23B,21.63%,$0.05B,$0.50B,9.91%,$0.08B,$0.38B,23.70%,$183,$147,$36,$0,$7,$159,$24,$-3,$21,$8,$13,$13,$13,$29,$24,$42,43,$0.31,$0.30,$51,$0,$0,$144,$311,$0,$15,$24,$357,$501,$89,$139,$29,$170,$259,$0,$173,$0,$242,$501,$13,$5,$3,$8,$-9,$0,$1,$1,$-2,$19,$-16,$0,$-37,$0,$0,$0,$14,$-39,$-1,$0,$-1,$1,$1,$-1,$0,$-1,$-21,$1,$-1
31,2010-12-31,6.55,$5.48,1.19,$15.37,0.43,$1.20,5.47,$0.96,6.82,$0.16B,$0.08B,1.92,$0.14B,$0.23B,0.61,$0.65B,$0.12B,18.31%,$0.65B,$0.08B,11.69%,$0.65B,$0.08B,11.69%,$0.65B,$0.09B,14.31%,$0.65B,$0.07B,10.15%,$0.65B,$0.04B,6.31%,$0.04B,$0.23B,19.34%,$0.04B,$0.21B,20.73%,$0.04B,$0.48B,9.54%,$0.08B,$0.37B,23.26%,$173,$140,$33,$0,$7,$151,$21,$-2,$19,$7,$12,$12,$12,$26,$21,$41,42,$0.28,$0.28,$72,$0,$0,$160,$263,$0,$15,$37,$320,$480,$83,$139,$26,$168,$252,$0,$161,$0,$228,$480,$41,$17,$7,$24,$-13,$0,$-0,$-3,$-4,$61,$-29,$0,$-21,$0,$0,$0,$-7,$-57,$33,$0,$33,$1,$1,$-4,$0,$30,$33,$3,$-4
32,2010-09-30,4.71,$5.21,0.9,$14.79,0.32,$1.03,4.58,$0.89,5.3,$0.13B,$0.08B,1.71,$0.11B,$0.22B,0.49,$0.62B,$0.11B,17.79%,$0.62B,$0.07B,11.38%,$0.62B,$0.07B,11.38%,$0.62B,$0.09B,13.94%,$0.62B,$0.06B,9.78%,$0.62B,$0.04B,6.09%,$0.04B,$0.22B,18.81%,$0.04B,$0.20B,20.16%,$0.04B,$0.43B,9.33%,$0.07B,$0.32B,23.01%,$165,$135,$30,$0,$7,$146,$19,$-2,$16,$6,$10,$10,$10,$23,$19,$42,42,$0.24,$0.24,$37,$0,$0,$127,$254,$0,$15,$22,$298,$425,$75,$106,$25,$134,$209,$0,$151,$0,$216,$425,$29,$13,$2,$15,$-14,$0,$2,$-2,$-9,$34,$-21,$0,$-19,$0,$0,$0,$7,$-33,$-2,$0,$-2,$1,$1,$-3,$0,$-4,$-2,$2,$-3
33,2010-06-30,4.33,$4.98,0.87,$14.08,0.31,$1.00,4.31,$0.84,5.15,$0.12B,$0.07B,1.66,$0.11B,$0.21B,0.52,$0.59B,$0.10B,17.40%,$0.59B,$0.07B,11.15%,$0.59B,$0.07B,11.15%,$0.59B,$0.08B,13.68%,$0.59B,$0.06B,9.80%,$0.59B,$0.04B,6.08%,$0.04B,$0.21B,18.68%,$0.04B,$0.19B,19.94%,$0.04B,$0.41B,9.43%,$0.07B,$0.31B,22.96%,$158,$129,$29,$0,$6,$140,$18,$-2,$16,$6,$10,$10,$10,$22,$18,$41,42,$0.23,$0.23,$26,$0,$0,$116,$251,$0,$15,$21,$295,$411,$70,$106,$25,$134,$204,$0,$142,$0,$207,$411,$19,$8,$1,$9,$-13,$0,$1,$-2,$-13,$15,$-14,$0,$-19,$0,$0,$0,$7,$-25,$-1,$0,$-1,$1,$1,$-2,$0,$-2,$-13,$1,$-2
34,2010-03-31,4.51,$4.76,0.95,$13.50,0.33,$1.14,3.94,$0.81,5.6,$0.12B,$0.07B,1.73,$0.11B,$0.20B,0.54,$0.57B,$0.10B,17.14%,$0.57B,$0.06B,11.13%,$0.57B,$0.06B,11.13%,$0.57B,$0.08B,13.60%,$0.57B,$0.06B,9.72%,$0.57B,$0.03B,6.01%,$0.03B,$0.20B,18.50%,$0.03B,$0.19B,19.65%,$0.03B,$0.40B,9.50%,$0.06B,$0.30B,23.62%,$154,$127,$27,$0,$6,$136,$18,$-2,$15,$6,$9,$9,$9,$22,$18,$41,42,$0.23,$0.22,$41,$0,$0,$124,$241,$0,$12,$20,$279,$403,$72,$107,$24,$134,$206,$0,$133,$0,$197,$403,$9,$4,$1,$5,$-8,$0,$-0,$1,$-4,$10,$-6,$0,$-8,$0,$0,$0,$7,$-7,$-1,$0,$-1,$0,$0,$-1,$0,$-1,$3,$1,$-1
35,2009-12-31,4.0,$4.51,0.89,$12.96,0.31,$1.18,3.39,$0.78,5.16,$0.12B,$0.07B,1.64,$0.11B,$0.19B,0.57,$0.54B,$0.09B,16.97%,$0.54B,$0.06B,10.89%,$0.54B,$0.06B,10.89%,$0.54B,$0.07B,13.28%,$0.54B,$0.05B,9.78%,$0.54B,$0.03B,6.09%,$0.03B,$0.19B,18.80%,$0.03B,$0.18B,20.03%,$0.03B,$0.39B,9.88%,$0.06B,$0.30B,23.94%,$147,$121,$25,$0,$6,$131,$16,$-2,$14,$6,$9,$9,$9,$20,$16,$41,42,$0.21,$0.21,$39,$0,$0,$117,$231,$0,$12,$27,$274,$391,$72,$107,$22,$132,$204,$0,$125,$0,$188,$391,$32,$14,$6,$20,$-18,$0,$3,$-3,$-6,$46,$-22,$0,$-61,$0,$0,$0,$3,$-80,$36,$0,$36,$0,$0,$-4,$-1,$32,$-2,$2,$-4
36,2009-09-30,3.64,$4.34,0.84,$12.45,0.29,$0.80,4.57,$0.76,4.79,$0.09B,$0.06B,1.57,$0.06B,$0.18B,0.33,$0.52B,$0.09B,17.15%,$0.52B,$0.06B,10.98%,$0.52B,$0.06B,10.98%,$0.52B,$0.07B,13.29%,$0.52B,$0.05B,10.02%,$0.52B,$0.03B,6.17%,$0.03B,$0.18B,19.10%,$0.03B,$0.17B,20.22%,$0.03B,$0.32B,10.31%,$0.06B,$0.24B,25.14%,$133,$111,$22,$0,$5,$119,$14,$-1,$13,$5,$8,$8,$8,$17,$14,$41,42,$0.19,$0.19,$21,$0,$0,$90,$182,$0,$10,$36,$232,$322,$57,$59,$22,$85,$143,$0,$117,$0,$179,$322,$24,$10,$3,$13,$-6,$0,$0,$-5,$-8,$29,$-16,$0,$-22,$0,$0,$0,$-7,$-45,$-1,$0,$-1,$0,$0,$-3,$0,$-3,$-20,$2,$-3
37,2009-06-30,3.68,$4.04,0.91,$12.08,0.3,$0.79,4.65,$0.74,4.97,$0.10B,$0.06B,1.74,$0.06B,$0.17B,0.34,$0.50B,$0.09B,17.13%,$0.50B,$0.06B,10.96%,$0.50B,$0.06B,10.96%,$0.50B,$0.07B,13.15%,$0.50B,$0.05B,9.96%,$0.50B,$0.03B,6.18%,$0.03B,$0.17B,19.38%,$0.03B,$0.16B,20.50%,$0.03B,$0.32B,10.31%,$0.06B,$0.23B,25.09%,$132,$109,$23,$0,$5,$118,$15,$-1,$13,$5,$8,$8,$8,$18,$15,$41,42,$0.20,$0.20,$34,$0,$0,$103,$180,$0,$10,$18,$212,$315,$59,$59,$21,$84,$143,$0,$110,$0,$171,$315,$16,$6,$2,$8,$-6,$0,$2,$-2,$-5,$19,$-12,$0,$-22,$0,$0,$0,$10,$-24,$-1,$0,$-1,$0,$0,$-2,$-0,$-2,$-8,$1,$-2
38,2009-03-31,3.99,$3.85,1.03,$11.70,0.34,$0.75,5.28,$0.71,5.66,$0.10B,$0.06B,1.65,$0.06B,$0.16B,0.36,$0.49B,$0.08B,16.91%,$0.49B,$0.05B,10.72%,$0.49B,$0.05B,10.72%,$0.49B,$0.06B,12.78%,$0.49B,$0.05B,9.90%,$0.49B,$0.03B,6.19%,$0.03B,$0.16B,19.64%,$0.03B,$0.15B,20.73%,$0.03B,$0.31B,10.31%,$0.05B,$0.22B,24.50%,$130,$108,$22,$0,$5,$116,$14,$-1,$13,$5,$8,$8,$8,$17,$14,$41,42,$0.20,$0.19,$33,$0,$0,$101,$176,$0,$10,$17,$207,$308,$61,$59,$19,$83,$145,$0,$103,$0,$164,$308,$8,$3,$3,$6,$-7,$0,$2,$-0,$-3,$10,$-5,$0,$-22,$0,$0,$0,$9,$-18,$-0,$0,$-0,$0,$0,$-1,$0,$-1,$-8,$1,$-1
39,2008-12-31,4.3,$3.79,1.13,$11.34,0.38,$0.72,6.0,$0.67,6.43,$0.10B,$0.06B,1.81,$0.06B,$0.16B,0.38,$0.47B,$0.08B,16.63%,$0.47B,$0.05B,10.45%,$0.47B,$0.05B,10.45%,$0.47B,$0.06B,12.37%,$0.47B,$0.05B,9.81%,$0.47B,$0.03B,5.97%,$0.03B,$0.16B,19.21%,$0.03B,$0.15B,20.14%,$0.03B,$0.30B,9.95%,$0.05B,$0.22B,23.84%,$124,$102,$22,$0,$5,$110,$14,$-1,$13,$5,$8,$8,$8,$17,$14,$41,41,$0.19,$0.19,$41,$0,$0,$104,$157,$0,$6,$27,$192,$297,$58,$59,$19,$83,$141,$0,$96,$0,$156,$297,$28,$9,$5,$14,$-2,$0,$-2,$-3,$5,$47,$-38,$0,$-2,$0,$0,$0,$-11,$-51,$-3,$0,$-3,$0,$0,$-3,$-0,$-6,$-10,$2,$-3
40,2008-09-30,4.38,$3.51,1.25,$11.47,0.38,$0.03,145.63,$0.64,6.85,$0.12B,$0.05B,2.16,$0.06B,$0.15B,0.4,$0.45B,$0.07B,16.08%,$0.45B,$0.05B,10.13%,$0.45B,$0.05B,10.13%,$0.45B,$0.05B,11.89%,$0.45B,$0.04B,9.47%,$0.45B,$0.03B,5.73%,$0.03B,$0.15B,18.67%,$0.03B,$0.14B,19.62%,$0.03B,$0.28B,9.49%,$0.05B,$0.21B,23.12%,$116,$98,$19,$0,$5,$104,$12,$-1,$11,$4,$7,$7,$7,$14,$12,$41,42,$0.17,$0.17,$56,$0,$0,$115,$142,$0,$7,$15,$168,$283,$53,$60,$19,$81,$134,$0,$89,$0,$149,$283,$20,$7,$5,$12,$3,$0,$-2,$1,$4,$36,$-24,$0,$-2,$0,$0,$0,$-0,$-26,$-3,$0,$-3,$0,$0,$-2,$-0,$-5,$5,$1,$-2
