,Date,Stock Price,Book Value per Share,Price to Book Ratio,TTM Sales per Share,Price to Sales Ratio,TTM FCF per Share,Price to FCF Ratio,TTM Net EPS,PE Ratio,Current Assets,Current Liabilities,Current Ratio,Long Term Debt,Shareholder's Equity_x,Debt to Equity Ratio,TTM Revenue_x,TTM Gross Profit,Gross Margin,TTM Revenue_y,TTM Operating Income,Operating Margin,TTM Revenue_x,TTM EBIT,EBIT Margin,TTM Revenue_y,TTM EBITDA,EBITDA Margin,TTM Revenue_x,TTM Pre-Tax Income,Pre-Tax Margin,TTM Revenue_y,TTM Net Income_x,Net Margin,TTM Net Income_y,Shareholder's Equity_y,Return on Equity,TTM Net Income_x,Tangible Equity,Return on Tangible Equity,TTM Net Income_y,Total Assets,Return on Assets,TTM Net Income,LT Investments & Debt,Return on Investment,revenue,cost-goods-sold,gross-profit,research-development-expenses,selling-general-administrative-expenses,operating-expenses,operating-income,total-non-operating-income-expense,pre-tax-income,total-provision-income-taxes,income-after-taxes,income-from-continuous-operations,net-income,ebitda,ebit,basic-shares-outstanding,shares-outstanding,eps-basic-net-earnings-per-share,eps-earnings-per-share-diluted,cash-on-hand,inventory,other-current-assets,total-current-assets,net-property-plant-equipment,long-term-investments,goodwill-intangible-assets-total,other-long-term-assets,total-long-term-assets,total-assets,total-current-liabilities,long-term-debt,other-non-current-liabilities,total-long-term-liabilities,total-liabilities,common-stock-net,retained-earnings-accumulated-deficit,comprehensive-income,total-share-holder-equity,total-liabilities-share-holders-equity,net-income-loss,total-depreciation-amortization-cash-flow,other-non-cash-items,total-non-cash-items,change-in-accounts-receivable,change-in-inventories,change-in-accounts-payable,change-in-assets-liabilities,total-change-in-assets-liabilities,cash-flow-from-operating-activities,net-change-in-property-plant-equipment,net-change-in-intangible-assets,net-acquisitions-divestitures,net-change-in-short-term-investments,net-change-in-long-term-investments,net-change-in-investments-total,investing-activities-other,cash-flow-from-investing-activities,net-long-term-debt,net-current-debt,debt-issuance-retirement-net-total,net-common-equity-issued-repurchased,net-total-equity-issued-repurchased,total-common-preferred-stock-dividends-paid,financial-activities-other,cash-flow-from-financial-activities,net-cash-flow,stock-based-compensation,common-stock-dividends-paid
0,2018-09-30,2.82,$-1.31,-2.16,$7.16,0.39,$-3.54,0.0,$-2.90,0.0,$0.20B,$0.21B,0.98,$0.67B,$-0.12B,-5.56,$0.65B,$0.15B,23.37%,$0.65B,$-0.19B,-30.03%,$0.65B,$-0.19B,-30.03%,$0.65B,$0.01B,1.55%,$0.65B,$-0.28B,-42.57%,$0.65B,$-0.26B,-40.40%,$-0.26B,$-0.12B,403.09%,$-0.26B,$-0.38B,76.76%,$-0.26B,$0.79B,-30.40%,$-0.19B,$0.55B,-32.91%,$164,$129,$35,$7,$41,$186,$-22,$-19,$-40,$3,$-43,$-43,$-43,$7,$-22,$91,91,$-0.47,$-0.47,$33,$38,$17,$204,$183,$136,$259,$12,$590,$794,$208,$666,$31,$706,$914,$0,$-900,$-0,$-120,$794,$-127,$84,$13,$97,$8,$-14,$0,$2,$-38,$-69,$-34,$0,$0,$0,$0,$0,$0,$-34,$171,$-81,$91,$0,$0,$0,$-7,$84,$-19,$10,$0
1,2018-06-30,2.52,$-0.87,-2.91,$7.06,0.36,$-3.92,0.0,$-2.43,0.0,$0.22B,$0.23B,0.96,$0.63B,$-0.08B,-8.01,$0.63B,$0.16B,24.45%,$0.63B,$-0.20B,-32.18%,$0.63B,$-0.20B,-32.18%,$0.63B,$-0.00B,-0.47%,$0.63B,$-0.28B,-44.79%,$0.63B,$-0.27B,-42.74%,$-0.27B,$-0.08B,3188.24%,$-0.27B,$-0.35B,85.49%,$-0.27B,$0.82B,-29.85%,$-0.20B,$0.55B,-32.41%,$166,$127,$39,$10,$41,$187,$-22,$-21,$-42,$4,$-46,$-46,$-46,$9,$-22,$91,91,$-0.50,$-0.50,$43,$33,$21,$217,$191,$135,$269,$12,$607,$824,$226,$634,$34,$678,$904,$0,$-857,$-0,$-79,$824,$-84,$56,$4,$60,$5,$-7,$0,$-1,$-18,$-43,$-24,$0,$0,$0,$0,$0,$0,$-24,$143,$-78,$65,$0,$0,$0,$-7,$58,$-9,$6,$0
2,2018-03-31,1.47,$-0.39,-3.81,$7.06,0.21,$-4.38,0.0,$-1.93,0.0,$0.34B,$0.23B,1.46,$0.72B,$-0.04B,-20.53,$0.62B,$0.15B,24.68%,$0.62B,$-0.21B,-33.33%,$0.62B,$-0.21B,-33.33%,$0.62B,$0.07B,10.42%,$0.62B,$-0.28B,-45.19%,$0.62B,$-0.27B,-43.11%,$-0.27B,$-0.04B,-607.91%,$-0.27B,$-0.32B,90.34%,$-0.27B,$0.96B,-28.12%,$-0.21B,$0.68B,-31.13%,$156,$118,$38,$8,$48,$186,$-30,$-13,$-43,$-5,$-38,$-38,$-38,$-4,$-30,$91,91,$-0.42,$-0.42,$172,$33,$14,$335,$190,$138,$281,$10,$619,$955,$230,$719,$30,$760,$990,$0,$-811,$-0,$-35,$955,$-38,$26,$-4,$21,$10,$-5,$0,$7,$13,$-4,$-15,$0,$0,$0,$0,$0,$0,$-15,$-3,$0,$-3,$150,$150,$0,$-7,$140,$120,$3,$0
3,2017-12-31,2.29,$-0.28,-8.16,$7.13,0.32,$-4.82,0.0,$-1.51,0.0,$0.23B,$0.24B,0.95,$0.60B,$-0.03B,-23.51,$0.62B,$0.16B,25.44%,$0.62B,$-0.28B,-44.93%,$0.62B,$-0.28B,-44.93%,$0.62B,$-0.01B,-1.13%,$0.62B,$-0.36B,-58.29%,$0.62B,$-0.36B,-57.49%,$-0.36B,$-0.03B,-368.99%,$-0.36B,$-0.32B,127.96%,$-0.36B,$0.86B,-36.04%,$-0.28B,$0.57B,-40.51%,$160,$121,$39,$9,$49,$279,$-120,$-30,$-150,$0,$-139,$-139,$-134,$-2,$-120,$88,88,$-1.49,$-1.49,$52,$28,$21,$228,$195,$137,$291,$9,$632,$861,$239,$599,$30,$647,$886,$0,$-774,$-0,$-25,$861,$-357,$273,$30,$303,$4,$-6,$0,$-19,$3,$-54,$-75,$0,$0,$0,$0,$0,$2,$-73,$145,$0,$145,$0,$0,$0,$-21,$124,$-2,$8,$0
4,2017-09-30,3.42,$1.16,2.95,$7.24,0.47,$-4.47,0.0,$-1.10,0.0,$0.24B,$0.22B,1.06,$0.60B,$0.11B,5.72,$0.62B,$0.17B,26.70%,$0.62B,$-0.25B,-39.97%,$0.62B,$-0.25B,-39.97%,$0.62B,$0.00B,0.00%,$0.62B,$-0.30B,-48.87%,$0.62B,$-0.32B,-50.97%,$-0.32B,$0.11B,-177.22%,$-0.32B,$-0.29B,123.89%,$-0.32B,$0.99B,-30.00%,$-0.25B,$0.71B,-33.50%,$152,$113,$39,$11,$48,$184,$-32,$-16,$-49,$4,$-53,$-53,$-53,$-6,$-32,$89,89,$-0.59,$-0.59,$59,$30,$12,$235,$201,$155,$392,$9,$757,$992,$222,$602,$30,$665,$887,$0,$-639,$-0,$105,$992,$-223,$155,$23,$178,$3,$-8,$0,$-7,$-25,$-71,$-63,$0,$0,$0,$0,$0,$1,$-61,$142,$0,$142,$0,$0,$0,$-19,$123,$-10,$4,$0
5,2017-06-30,3.56,$1.54,2.31,$7.26,0.49,$-3.74,0.0,$-0.87,0.0,$0.25B,$0.25B,1.02,$0.58B,$0.13B,4.37,$0.61B,$0.17B,27.73%,$0.61B,$-0.24B,-39.64%,$0.61B,$-0.24B,-39.64%,$0.61B,$-0.00B,-0.49%,$0.61B,$-0.28B,-46.33%,$0.61B,$-0.24B,-39.64%,$-0.24B,$0.13B,-97.69%,$-0.24B,$-0.27B,101.78%,$-0.24B,$1.02B,-22.36%,$-0.24B,$0.71B,-31.64%,$156,$118,$38,$8,$45,$182,$-26,$-14,$-40,$4,$-44,$-44,$-44,$77,$-26,$85,85,$-0.52,$-0.52,$68,$27,$12,$251,$201,$154,$403,$9,$767,$1019,$248,$577,$29,$639,$887,$0,$-586,$-0,$132,$1019,$-170,$129,$22,$150,$-5,$-4,$0,$-5,$-39,$-60,$-43,$0,$0,$0,$0,$0,$1,$-42,$119,$0,$119,$0,$0,$0,$-19,$100,$-1,$3,$0
6,2017-03-31,3.19,$2.05,1.56,$6.88,0.46,$-2.75,0.0,$-1.36,0.0,$0.31B,$0.26B,1.2,$0.59B,$0.18B,3.37,$0.57B,$0.17B,29.70%,$0.57B,$-0.26B,-45.52%,$0.57B,$-0.26B,-45.52%,$0.57B,$-0.11B,-19.16%,$0.57B,$-0.28B,-49.38%,$0.57B,$-0.24B,-41.65%,$-0.24B,$0.18B,-80.75%,$-0.24B,$-0.24B,161.22%,$-0.24B,$1.09B,-24.04%,$-0.26B,$0.77B,-37.76%,$153,$111,$42,$8,$46,$254,$-101,$-21,$-123,$3,$-126,$-126,$-126,$-76,$-101,$85,85,$-1.47,$-1.47,$123,$30,$17,$313,$193,$156,$416,$13,$777,$1090,$261,$591,$29,$654,$915,$0,$-542,$-0,$175,$1090,$-126,$25,$94,$119,$-7,$-6,$0,$-6,$-29,$-35,$-20,$0,$0,$0,$0,$0,$0,$-20,$-363,$0,$-363,$485,$485,$0,$-12,$110,$55,$-1,$0
7,2016-12-31,6.46,$3.50,1.85,$6.54,0.99,$-2.12,0.0,$-1.38,0.0,$0.25B,$0.26B,0.97,$0.47B,$0.30B,1.57,$0.53B,$0.16B,30.94%,$0.53B,$-0.16B,-30.75%,$0.53B,$-0.16B,-30.75%,$0.53B,$-0.03B,-4.91%,$0.53B,$-0.16B,-29.62%,$0.53B,$-0.11B,-21.32%,$-0.11B,$0.30B,-33.43%,$-0.11B,$-0.22B,224.88%,$-0.11B,$1.10B,-12.94%,$-0.16B,$0.77B,-27.17%,$157,$110,$46,$13,$44,$244,$-88,$-3,$-90,$0,$-137,$-137,$-92,$5,$-88,$81,81,$-1.10,$-1.10,$69,$26,$21,$254,$166,$157,$516,$7,$846,$1099,$261,$468,$36,$539,$800,$0,$-416,$-0,$299,$1099,$-113,$136,$-52,$84,$-8,$2,$0,$-15,$-6,$-37,$-54,$0,$-92,$0,$0,$0,$-4,$-151,$24,$0,$24,$-6,$-6,$0,$-4,$14,$-173,$11,$0
8,2016-09-30,8.31,$4.56,1.82,$6.06,1.37,$-0.99,0.0,$-0.34,0.0,$0.26B,$0.22B,1.16,$0.44B,$0.39B,1.14,$0.49B,$0.16B,32.72%,$0.49B,$-0.08B,-15.84%,$0.49B,$-0.08B,-15.84%,$0.49B,$-0.01B,-1.44%,$0.49B,$-0.07B,-14.61%,$0.49B,$-0.03B,-5.14%,$-0.03B,$0.39B,-7.11%,$-0.03B,$-0.23B,-70.42%,$-0.03B,$1.14B,-3.30%,$-0.08B,$0.83B,-14.97%,$147,$103,$44,$8,$53,$175,$-28,$-3,$-31,$-50,$19,$19,$19,$-9,$-28,$83,85,$0.23,$0.23,$56,$31,$0,$256,$150,$105,$613,$17,$885,$1140,$221,$441,$43,$531,$752,$0,$-325,$-0,$389,$1140,$-21,$43,$-50,$-7,$-1,$-3,$0,$-5,$-8,$-36,$-29,$0,$-92,$0,$0,$0,$-4,$-125,$-1,$0,$-1,$-5,$-5,$0,$0,$-6,$-167,$8,$0
9,2016-06-30,6.64,$3.99,1.66,$5.74,1.16,$-0.26,0.0,$-0.66,0.0,$0.33B,$0.19B,1.77,$0.07B,$0.31B,0.22,$0.45B,$0.15B,34.30%,$0.45B,$-0.05B,-11.58%,$0.45B,$-0.05B,-11.58%,$0.45B,$0.01B,1.78%,$0.45B,$-0.05B,-10.47%,$0.45B,$-0.05B,-11.36%,$-0.05B,$0.31B,-14.89%,$-0.05B,$0.10B,-41.38%,$-0.05B,$0.62B,-8.03%,$-0.05B,$0.38B,-12.60%,$112,$75,$37,$8,$25,$154,$-42,$4,$-37,$1,$-38,$-38,$-38,$-29,$-42,$78,78,$-0.49,$-0.49,$197,$18,$0,$333,$49,$0,$216,$17,$282,$615,$188,$70,$20,$116,$304,$0,$-344,$-0,$311,$615,$-41,$25,$-9,$16,$5,$-3,$0,$-15,$26,$1,$-18,$0,$0,$0,$0,$0,$-4,$-22,$-0,$0,$-0,$-5,$-5,$0,$0,$-6,$-27,$4,$0
10,2016-03-31,8.52,$4.48,1.9,$5.61,1.52,$-0.05,0.0,$-0.19,0.0,$0.37B,$0.17B,2.14,$0.07B,$0.35B,0.2,$0.44B,$0.15B,34.85%,$0.44B,$-0.01B,-2.05%,$0.44B,$-0.01B,-2.05%,$0.44B,$0.05B,10.48%,$0.44B,$0.00B,0.91%,$0.44B,$-0.00B,0.00%,$-0.00B,$0.35B,0.00%,$-0.00B,$0.15B,0.00%,$-0.00B,$0.64B,0.00%,$-0.01B,$0.42B,-2.14%,$114,$77,$37,$9,$24,$119,$-5,$6,$1,$3,$-2,$-2,$-2,$7,$-5,$79,79,$-0.03,$-0.03,$219,$19,$16,$370,$44,$0,$207,$18,$269,$640,$173,$70,$17,$114,$287,$0,$-306,$-0,$353,$640,$-2,$12,$-5,$7,$4,$-4,$0,$-8,$-3,$2,$-3,$0,$0,$0,$0,$0,$-3,$-6,$-0,$0,$-0,$0,$0,$0,$0,$-0,$-4,$2,$0
11,2015-12-31,9.87,$4.50,2.19,$5.44,1.81,$-0.11,0.0,$-0.23,0.0,$0.36B,$0.17B,2.17,$0.07B,$0.35B,0.2,$0.43B,$0.15B,34.59%,$0.43B,$-0.01B,-1.88%,$0.43B,$-0.01B,-1.88%,$0.43B,$0.04B,10.12%,$0.43B,$-0.00B,-0.24%,$0.43B,$-0.00B,-0.47%,$-0.00B,$0.35B,-0.58%,$-0.00B,$0.13B,-1.31%,$-0.00B,$0.64B,-0.32%,$-0.01B,$0.42B,-1.92%,$113,$72,$41,$7,$28,$115,$-2,$-2,$-4,$0,$-3,$-3,$-4,$24,$-2,$78,78,$-0.07,$-0.01,$226,$15,$17,$359,$39,$0,$228,$12,$279,$638,$166,$70,$19,$118,$284,$0,$-303,$-0,$354,$638,$-2,$52,$-8,$43,$-6,$-2,$0,$-16,$-19,$22,$-21,$0,$-60,$0,$0,$0,$0,$-81,$80,$0,$80,$6,$6,$0,$-1,$85,$26,$8,$0
12,2015-09-30,11.48,$4.50,2.55,$5.32,2.16,$-0.55,0.0,$-0.50,0.0,$0.37B,$0.17B,2.22,$0.07B,$0.35B,0.2,$0.41B,$0.14B,33.41%,$0.41B,$-0.02B,-4.36%,$0.41B,$-0.02B,-4.36%,$0.41B,$0.03B,7.26%,$0.41B,$-0.02B,-4.12%,$0.41B,$-0.02B,-5.57%,$-0.02B,$0.35B,-6.87%,$-0.02B,$0.13B,-14.51%,$-0.02B,$0.65B,-3.81%,$-0.02B,$0.42B,-4.63%,$110,$71,$39,$8,$23,$113,$-3,$-3,$-7,$0,$-7,$-7,$-7,$6,$-3,$78,78,$-0.09,$-0.09,$218,$18,$12,$372,$35,$0,$226,$15,$276,$649,$168,$72,$24,$129,$296,$0,$-299,$-0,$352,$649,$3,$26,$-12,$14,$-6,$-4,$0,$5,$-5,$12,$-15,$0,$-55,$0,$-2,$-2,$-5,$-77,$81,$0,$81,$5,$5,$0,$-1,$85,$20,$6,$0
13,2015-06-30,13.02,$4.47,2.92,$5.32,2.45,$-0.77,0.0,$-0.62,0.0,$0.42B,$0.16B,2.57,$0.07B,$0.34B,0.21,$0.41B,$0.13B,31.53%,$0.41B,$-0.02B,-5.67%,$0.41B,$-0.02B,-5.67%,$0.41B,$0.02B,5.91%,$0.41B,$-0.02B,-5.91%,$0.41B,$-0.03B,-7.88%,$-0.03B,$0.34B,-9.68%,$-0.03B,$0.19B,-19.08%,$-0.03B,$0.61B,-5.55%,$-0.02B,$0.42B,-6.27%,$102,$66,$36,$6,$23,$102,$1,$14,$14,$1,$13,$13,$13,$9,$1,$77,79,$0.17,$-0.02,$282,$18,$9,$417,$26,$0,$153,$15,$194,$611,$162,$72,$15,$104,$266,$0,$-292,$-0,$344,$611,$10,$16,$-19,$-2,$-3,$-4,$0,$2,$-3,$5,$-5,$0,$0,$0,$0,$0,$0,$-5,$81,$0,$81,$6,$6,$0,$-1,$85,$85,$4,$0
14,2015-03-31,13.31,$4.27,3.11,$5.37,2.48,$-0.99,0.0,$-0.73,0.0,$0.42B,$0.18B,2.31,$0.07B,$0.33B,0.22,$0.40B,$0.12B,28.86%,$0.40B,$-0.03B,-7.96%,$0.40B,$-0.03B,-7.96%,$0.40B,$0.02B,3.98%,$0.40B,$-0.03B,-6.22%,$0.40B,$-0.03B,-8.21%,$-0.03B,$0.33B,-10.14%,$-0.03B,$0.17B,-21.12%,$-0.03B,$0.62B,-5.89%,$-0.03B,$0.40B,-9.30%,$100,$69,$31,$7,$21,$104,$-4,$-0,$-4,$-1,$-3,$-3,$-4,$4,$-4,$77,79,$-0.04,$-0.06,$277,$15,$9,$415,$24,$0,$159,$19,$203,$618,$180,$72,$15,$109,$288,$0,$-305,$-0,$330,$618,$-3,$8,$-2,$6,$-7,$1,$0,$-1,$-7,$-4,$-3,$0,$0,$0,$0,$0,$0,$-3,$81,$0,$81,$5,$5,$0,$-0,$86,$80,$2,$0
15,2014-12-31,13.61,$4.08,3.33,$5.29,2.57,$-0.98,0.0,$-1.14,0.0,$0.33B,$0.17B,1.89,$0.00B,$0.31B,0.01,$0.39B,$0.11B,27.32%,$0.39B,$-0.04B,-9.54%,$0.39B,$-0.04B,-9.54%,$0.39B,$0.01B,3.09%,$0.39B,$-0.05B,-11.86%,$0.39B,$-0.06B,-14.18%,$-0.06B,$0.31B,-16.86%,$-0.06B,$0.15B,-36.30%,$-0.06B,$0.53B,-10.02%,$-0.04B,$0.32B,-11.31%,$101,$69,$32,$7,$30,$113,$-12,$-8,$-20,$5,$-25,$-25,$-25,$11,$-12,$76,76,$-0.33,$-0.33,$198,$14,$10,$330,$24,$0,$166,$14,$204,$534,$174,$2,$14,$47,$221,$0,$-301,$0,$313,$534,$-57,$49,$17,$67,$-26,$-4,$0,$-23,$-33,$-23,$-9,$0,$-1,$0,$1,$1,$-1,$-10,$-8,$0,$-8,$-1,$2,$0,$-22,$-28,$-61,$8,$0
16,2014-09-30,11.22,$4.40,2.55,$5.33,2.11,$-1.68,0.0,$-2.00,0.0,$0.34B,$0.17B,1.97,$0.00B,$0.34B,0.0,$0.37B,$0.10B,25.89%,$0.37B,$-0.03B,-9.26%,$0.37B,$-0.03B,-9.26%,$0.37B,$0.00B,0.54%,$0.37B,$-0.10B,-25.89%,$0.37B,$-0.10B,-26.98%,$-0.10B,$0.34B,-29.38%,$-0.10B,$0.16B,-63.26%,$-0.10B,$0.54B,-17.68%,$-0.03B,$0.34B,-10.07%,$103,$74,$29,$7,$21,$111,$-8,$-6,$-14,$1,$-16,$-16,$-16,$0,$-8,$73,73,$-0.21,$-0.21,$210,$12,$8,$335,$23,$0,$172,$15,$209,$544,$170,$1,$7,$39,$209,$0,$-274,$-0,$335,$544,$-30,$26,$-1,$25,$-19,$-6,$0,$-3,$-8,$-12,$-6,$0,$-1,$0,$1,$1,$0,$-6,$-7,$0,$-7,$-1,$-1,$0,$-22,$-31,$-49,$6,$0
17,2014-06-30,12.4,$4.51,2.75,$5.27,2.35,$-2.68,0.0,$-1.89,0.0,$0.33B,$0.18B,1.83,$0.00B,$0.32B,0.0,$0.34B,$0.09B,25.66%,$0.34B,$-0.03B,-9.73%,$0.34B,$-0.03B,-9.73%,$0.34B,$0.00B,1.18%,$0.34B,$-0.09B,-25.07%,$0.34B,$-0.09B,-26.25%,$-0.09B,$0.32B,-29.23%,$-0.09B,$0.15B,-69.53%,$-0.09B,$0.55B,-17.11%,$-0.03B,$0.33B,-10.82%,$98,$75,$24,$4,$20,$106,$-8,$20,$13,$1,$12,$12,$12,$1,$-8,$72,72,$0.17,$-0.13,$215,$14,$7,$330,$22,$0,$179,$15,$216,$546,$180,$1,$8,$42,$221,$0,$-258,$-0,$324,$546,$-14,$18,$-3,$15,$-8,$-8,$0,$-6,$-14,$-13,$-4,$0,$0,$0,$1,$1,$0,$-3,$-7,$0,$-7,$-1,$-1,$0,$-18,$-27,$-44,$5,$0
18,2014-03-31,15.78,$4.62,3.41,$5.06,3.12,$-3.50,0.0,$-2.00,0.0,$0.35B,$0.20B,1.77,$0.00B,$0.33B,0.0,$0.30B,$0.08B,25.00%,$0.30B,$-0.03B,-10.53%,$0.30B,$-0.03B,-10.53%,$0.30B,$0.00B,0.66%,$0.30B,$-0.11B,-36.18%,$0.30B,$-0.11B,-37.50%,$-0.11B,$0.33B,-41.42%,$-0.11B,$0.15B,-104.59%,$-0.11B,$0.57B,-24.15%,$-0.03B,$0.33B,-11.62%,$86,$65,$21,$4,$20,$95,$-9,$-16,$-25,$1,$-26,$-26,$-26,$0,$-9,$72,72,$-0.37,$-0.37,$251,$13,$8,$354,$21,$0,$182,$13,$217,$571,$200,$0,$8,$38,$238,$0,$-270,$0,$333,$571,$-26,$9,$17,$26,$2,$-5,$0,$-4,$-3,$-3,$-2,$0,$0,$0,$0,$0,$0,$-2,$-3,$0,$-3,$0,$0,$0,$-0,$-3,$-8,$18,$0
19,2013-12-31,14.87,$4.95,3.0,$4.83,3.08,$-4.31,0.0,$-2.17,0.0,$0.36B,$0.18B,1.96,$0.00B,$0.36B,0.0,$0.26B,$0.06B,23.75%,$0.26B,$-0.05B,-17.24%,$0.26B,$-0.05B,-17.24%,$0.26B,$-0.02B,-5.75%,$0.26B,$-0.11B,-42.91%,$0.26B,$-0.12B,-44.06%,$-0.12B,$0.36B,-46.32%,$-0.12B,$0.17B,-126.03%,$-0.12B,$0.58B,-27.22%,$-0.05B,$0.36B,-18.05%,$80,$58,$21,$3,$19,$89,$-9,$-60,$-69,$0,$-69,$-69,$-69,$1,$-9,$58,58,$-1.19,$-1.19,$259,$15,$7,$359,$21,$0,$189,$10,$220,$579,$183,$1,$7,$40,$223,$0,$-244,$0,$356,$579,$-115,$31,$65,$96,$-3,$-3,$0,$-12,$-35,$-54,$-11,$0,$137,$0,$5,$5,$0,$130,$-6,$-1,$-7,$203,$203,$0,$-15,$181,$257,$5,$0
20,2013-09-30,9.34,$3.72,2.51,$4.16,2.25,$-5.36,0.0,$-1.57,0.0,$0.19B,$0.13B,1.46,$0.00B,$0.21B,0.0,$0.19B,$0.04B,19.07%,$0.19B,$-0.05B,-24.23%,$0.19B,$-0.05B,-24.23%,$0.19B,$-0.03B,-13.40%,$0.19B,$-0.06B,-29.38%,$0.19B,$-0.05B,-27.84%,$-0.05B,$0.21B,-33.86%,$-0.05B,$0.05B,-108.54%,$-0.05B,$0.39B,-18.95%,$-0.05B,$0.21B,-29.33%,$75,$54,$21,$2,$21,$81,$-7,$3,$-4,$1,$-5,$-5,$-6,$2,$-7,$55,55,$-0.10,$-0.10,$154,$14,$9,$189,$17,$0,$157,$23,$196,$385,$129,$0,$11,$51,$180,$0,$-174,$-1,$205,$385,$-45,$20,$11,$31,$-1,$-9,$0,$-3,$-34,$-49,$-21,$0,$181,$0,$5,$5,$0,$166,$-4,$0,$-4,$-2,$-2,$0,$-16,$-21,$96,$2,$0
21,2013-06-30,10.06,$3.99,2.52,$3.76,2.68,$-5.62,0.0,$-1.99,0.0,$0.19B,$0.11B,1.72,$0.00B,$0.21B,0.0,$0.14B,$0.01B,9.42%,$0.14B,$-0.05B,-34.78%,$0.14B,$-0.05B,-34.78%,$0.14B,$-0.04B,-26.09%,$0.14B,$-0.06B,-44.20%,$0.14B,$-0.06B,-42.75%,$-0.06B,$0.21B,-53.88%,$-0.06B,$0.07B,-152.26%,$-0.06B,$0.35B,-24.97%,$-0.05B,$0.21B,-43.54%,$63,$50,$13,$2,$15,$70,$-7,$-5,$-12,$1,$-13,$-13,$-13,$-1,$-7,$55,55,$-0.24,$-0.24,$110,$9,$11,$188,$14,$0,$138,$13,$165,$353,$109,$0,$7,$37,$146,$0,$-169,$-1,$207,$353,$-40,$12,$10,$21,$-2,$-6,$0,$-2,$-32,$-51,$-7,$0,$181,$0,$4,$4,$0,$179,$-4,$0,$-4,$-1,$-1,$0,$-16,$-20,$108,$2,$0
22,2013-03-31,9.8,$4.10,2.39,$3.44,2.85,$-5.60,0.0,$-2.51,0.0,$0.22B,$0.12B,1.85,$0.00B,$0.23B,0.02,$0.09B,$-0.00B,-2.17%,$0.09B,$-0.05B,-52.17%,$0.09B,$-0.05B,-52.17%,$0.09B,$-0.04B,-44.57%,$0.09B,$-0.06B,-68.48%,$0.09B,$-0.06B,-67.39%,$-0.06B,$0.23B,-105.08%,$-0.06B,$0.08B,-272.53%,$-0.06B,$0.37B,-31.71%,$-0.05B,$0.23B,-80.33%,$43,$36,$7,$1,$26,$65,$-22,$-5,$-27,$0,$-27,$-27,$-27,$-17,$-22,$44,44,$-0.61,$-0.61,$142,$8,$15,$220,$8,$0,$144,$1,$154,$373,$119,$3,$4,$30,$148,$0,$-155,$1,$225,$373,$-27,$5,$4,$9,$-3,$-1,$0,$-3,$-20,$-38,$-0,$0,$181,$0,$0,$0,$0,$181,$-0,$0,$-0,$0,$0,$0,$-10,$-10,$133,$1,$0
23,2012-12-31,9.97,$0.06,164.79,$3.44,2.9,$-5.19,0.0,$-2.29,0.0,$0.02B,$0.03B,0.85,$0.00B,$0.00B,0.0,$0.07B,$-0.01B,-11.59%,$0.07B,$-0.03B,-43.48%,$0.07B,$-0.03B,-43.48%,$0.07B,$-0.03B,-40.58%,$0.07B,$-0.04B,-62.32%,$0.07B,$-0.04B,-62.32%,$-0.04B,$0.00B,-1075.00%,$-0.04B,$0.00B,-1075.00%,$-0.04B,$0.03B,-28.71%,$-0.03B,$0.00B,-750.00%,$13,$17,$-4,$0,$6,$24,$-11,$-4,$-14,$0,$-14,$-14,$-8,$-10,$-11,$19,19,$-0.54,$-0.54,$2,$7,$0,$21,$5,$0,$0,$4,$8,$29,$25,$0,$0,$3,$28,$0,$-129,$0,$1,$29,$-43,$1,$18,$19,$-4,$-1,$0,$-3,$-16,$-39,$-2,$0,$0,$0,$0,$0,$0,$-2,$-0,$10,$10,$0,$25,$0,$0,$35,$-7,$5,$0
24,2012-09-30,9.95,$0.93,10.75,$2.74,3.63,$-3.34,0.0,$-1.70,0.0,$0.00B,$0.00B,0.19,$0.00B,$0.01B,0.0,$0.06B,$-0.00B,-7.14%,$0.06B,$-0.07B,-126.79%,$0.06B,$-0.04B,-66.07%,$0.06B,$-0.07B,-125.00%,$0.06B,$-0.05B,-83.93%,$0.06B,$-0.05B,-94.64%,$-0.05B,$0.01B,-1060.00%,$-0.05B,$0.01B,-1060.00%,$-0.05B,$0.19B,-27.89%,$-0.07B,$0.01B,-1420.00%,$19,$22,$-3,$1,$4,$27,$-8,$0,$-8,$0,$-8,$-8,$-11,$-8,$-8,$20,20,$-0.52,$-0.52,$0,$0,$0,$0,$0,$190,$0,$0,$190,$190,$1,$0,$184,$184,$185,$0,$-2,$0,$5,$190,$-29,$1,$11,$12,$-4,$0,$0,$-5,$-11,$-29,$-2,$0,$0,$0,$0,$0,$0,$-2,$10,$0,$10,$25,$25,$0,$0,$35,$4,$2,$0
25,2012-06-30,9.77,$0.93,10.49,$1.80,5.44,$-1.92,0.0,$-1.18,0.0,$0.00B,$0.00B,0.29,$0.00B,$0.01B,0.0,$0.04B,$-0.00B,-2.70%,$0.04B,$-0.06B,-170.27%,$0.04B,$-0.03B,-78.38%,$0.04B,$-0.06B,-167.57%,$0.04B,$-0.04B,-105.41%,$0.04B,$-0.04B,-113.51%,$-0.04B,$0.01B,-840.00%,$-0.04B,$0.01B,-840.00%,$-0.04B,$0.19B,-22.11%,$-0.06B,$0.01B,-1260.00%,$17,$19,$-2,$1,$4,$23,$-7,$-7,$-14,$0,$-14,$-14,$-16,$-6,$-7,$20,20,$-0.76,$-0.76,$0,$0,$0,$0,$0,$190,$0,$0,$190,$190,$0,$0,$184,$184,$185,$0,$-1,$0,$5,$190,$-21,$0,$11,$12,$-2,$-1,$0,$-4,$-10,$-19,$-2,$0,$0,$0,$0,$0,$0,$-2,$10,$0,$10,$0,$25,$0,$0,$35,$14,$2,$0
26,2012-03-31,9.72,$0.94,10.37,$0.97,10.04,$-0.94,0.0,$-0.42,0.0,$0.00B,$0.00B,0.97,$0.00B,$0.01B,0.0,$0.02B,$0.00B,5.00%,$0.02B,$-0.06B,-280.00%,$0.02B,$-0.02B,-110.00%,$0.02B,$-0.06B,-280.00%,$0.02B,$-0.03B,-125.00%,$0.02B,$-0.03B,-130.00%,$-0.03B,$0.01B,-520.00%,$-0.03B,$0.01B,-520.00%,$-0.03B,$0.19B,-13.67%,$-0.06B,$0.01B,-1120.00%,$20,$19,$1,$1,$4,$24,$-4,$-3,$-7,$0,$-7,$-7,$-8,$-4,$-4,$20,20,$-0.42,$-0.42,$0,$0,$0,$0,$0,$190,$0,$0,$190,$190,$0,$0,$185,$185,$185,$0,$-1,$0,$5,$190,$-7,$0,$4,$4,$-5,$0,$0,$-3,$-7,$-9,$-0,$0,$0,$0,$0,$0,$0,$-0,$10,$0,$10,$0,$0,$0,$0,$10,$0,$1,$0
