,Date,Stock Price,Book Value per Share,Price to Book Ratio,TTM Sales per Share,Price to Sales Ratio,TTM FCF per Share,Price to FCF Ratio,TTM Net EPS,PE Ratio,Current Assets,Current Liabilities,Current Ratio,Long Term Debt,Shareholder's Equity_x,Debt to Equity Ratio,TTM Revenue_x,TTM Gross Profit,Gross Margin,TTM Revenue_y,TTM Operating Income,Operating Margin,TTM Revenue_x,TTM EBIT,EBIT Margin,TTM Revenue_y,TTM EBITDA,EBITDA Margin,TTM Revenue_x,TTM Pre-Tax Income,Pre-Tax Margin,TTM Revenue_y,TTM Net Income_x,Net Margin,TTM Net Income_y,Shareholder's Equity_y,Return on Equity,TTM Net Income_x,Tangible Equity,Return on Tangible Equity,TTM Net Income_y,Total Assets,Return on Assets,TTM Net Income,LT Investments & Debt,Return on Investment,revenue,cost-goods-sold,gross-profit,research-development-expenses,selling-general-administrative-expenses,operating-expenses,operating-income,total-non-operating-income-expense,pre-tax-income,total-provision-income-taxes,income-after-taxes,income-from-continuous-operations,net-income,ebitda,ebit,basic-shares-outstanding,shares-outstanding,eps-basic-net-earnings-per-share,eps-earnings-per-share-diluted,cash-on-hand,inventory,other-current-assets,total-current-assets,net-property-plant-equipment,long-term-investments,goodwill-intangible-assets-total,other-long-term-assets,total-long-term-assets,total-assets,total-current-liabilities,long-term-debt,other-non-current-liabilities,total-long-term-liabilities,total-liabilities,common-stock-net,retained-earnings-accumulated-deficit,comprehensive-income,total-share-holder-equity,total-liabilities-share-holders-equity,net-income-loss,total-depreciation-amortization-cash-flow,other-non-cash-items,total-non-cash-items,change-in-accounts-receivable,change-in-inventories,change-in-accounts-payable,change-in-assets-liabilities,total-change-in-assets-liabilities,cash-flow-from-operating-activities,net-change-in-property-plant-equipment,net-change-in-intangible-assets,net-acquisitions-divestitures,net-change-in-short-term-investments,net-change-in-long-term-investments,net-change-in-investments-total,investing-activities-other,cash-flow-from-investing-activities,net-long-term-debt,net-current-debt,debt-issuance-retirement-net-total,net-common-equity-issued-repurchased,net-total-equity-issued-repurchased,total-common-preferred-stock-dividends-paid,financial-activities-other,cash-flow-from-financial-activities,net-cash-flow,stock-based-compensation,common-stock-dividends-paid
0,2018-09-30,28.95,$7.66,3.78,$10.46,2.77,$3.16,9.16,$0.92,31.47,$0.82B,$0.21B,3.89,$0.65B,$1.08B,0.6,$1.50B,$0.70B,46.93%,$1.50B,$0.29B,19.47%,$1.50B,$0.29B,19.47%,$1.50B,$0.42B,27.67%,$1.50B,$0.24B,15.73%,$1.50B,$0.13B,8.80%,$0.13B,$1.08B,12.71%,$0.13B,$0.22B,40.96%,$0.13B,$2.10B,6.51%,$0.29B,$1.73B,17.76%,$399,$217,$182,$30,$62,$331,$68,$-8,$59,$11,$48,$48,$48,$106,$68,$142,143,$0.34,$0.34,$295,$264,$24,$821,$394,$0,$866,$11,$1283,$2103,$211,$651,$0,$809,$1020,$1,$258,$-34,$1084,$2103,$160,$93,$22,$116,$-9,$-29,$0,$2,$-54,$221,$-75,$0,$-380,$0,$0,$0,$5,$-451,$-27,$0,$-27,$-27,$-27,$-30,$-13,$-97,$-331,$13,$-30
1,2018-06-30,33.83,$7.43,4.55,$10.08,3.36,$3.11,10.86,$0.86,39.34,$0.77B,$0.20B,3.79,$0.65B,$1.05B,0.62,$1.45B,$0.68B,46.79%,$1.45B,$0.29B,19.70%,$1.45B,$0.29B,19.70%,$1.45B,$0.40B,27.30%,$1.45B,$0.23B,15.69%,$1.45B,$0.13B,8.64%,$0.13B,$1.05B,12.23%,$0.13B,$0.16B,32.40%,$0.13B,$2.07B,6.44%,$0.29B,$1.70B,18.17%,$383,$201,$182,$30,$65,$308,$75,$-11,$64,$10,$54,$54,$54,$103,$75,$142,143,$0.38,$0.38,$257,$265,$30,$774,$380,$0,$891,$9,$1292,$2066,$204,$650,$0,$809,$1013,$1,$222,$-32,$1053,$2066,$112,$55,$11,$67,$3,$-22,$0,$1,$-42,$137,$-47,$0,$-380,$0,$0,$0,$2,$-426,$-27,$0,$-27,$-17,$-17,$-20,$-13,$-77,$-368,$9,$-20
2,2018-03-31,34.66,$7.22,4.8,$9.70,3.57,$3.02,11.48,$0.76,45.6,$1.01B,$0.27B,3.79,$0.55B,$1.02B,0.54,$1.39B,$0.65B,46.30%,$1.39B,$0.27B,19.31%,$1.39B,$0.27B,19.31%,$1.39B,$0.38B,27.06%,$1.39B,$0.21B,15.36%,$1.39B,$0.11B,7.97%,$0.11B,$1.02B,11.05%,$0.11B,$0.46B,24.64%,$0.11B,$1.96B,5.98%,$0.27B,$1.57B,17.97%,$367,$191,$176,$28,$58,$289,$78,$-7,$71,$14,$58,$58,$58,$106,$78,$142,144,$0.41,$0.40,$550,$214,$34,$1011,$364,$0,$566,$10,$950,$1961,$266,$550,$0,$670,$937,$1,$186,$-20,$1024,$1961,$58,$28,$5,$32,$-6,$-15,$0,$-3,$-51,$39,$-21,$0,$-38,$0,$0,$0,$0,$-59,$-25,$0,$-25,$-10,$-10,$-10,$-14,$-59,$-75,$4,$-10
3,2017-12-31,30.26,$7.03,4.31,$9.36,3.23,$2.97,10.18,$0.59,51.29,$1.06B,$0.29B,3.64,$0.57B,$0.99B,0.58,$1.34B,$0.61B,45.35%,$1.34B,$0.24B,18.02%,$1.34B,$0.24B,18.02%,$1.34B,$0.35B,25.84%,$1.34B,$0.19B,13.78%,$1.34B,$0.09B,6.40%,$0.09B,$0.99B,8.74%,$0.09B,$0.45B,19.87%,$0.09B,$1.98B,4.81%,$0.24B,$1.57B,16.63%,$351,$187,$164,$26,$55,$279,$71,$-29,$42,$70,$-28,$-28,$-28,$100,$71,$142,144,$-0.20,$-0.20,$625,$198,$33,$1058,$360,$0,$542,$8,$919,$1976,$291,$574,$0,$692,$983,$1,$147,$-24,$993,$1976,$85,$105,$63,$168,$-15,$-20,$0,$-5,$40,$293,$-94,$0,$-20,$0,$0,$0,$1,$-112,$90,$0,$90,$-22,$-22,$-10,$-30,$27,$219,$15,$-10
4,2017-09-30,28.61,$7.20,3.97,$9.09,3.15,$2.58,11.08,$0.97,29.49,$0.85B,$0.27B,3.14,$0.41B,$1.02B,0.4,$1.30B,$0.58B,44.35%,$1.30B,$0.22B,16.60%,$1.30B,$0.22B,16.60%,$1.30B,$0.32B,24.67%,$1.30B,$0.18B,13.68%,$1.30B,$0.14B,10.76%,$0.14B,$1.02B,14.57%,$0.14B,$0.47B,34.65%,$0.14B,$1.76B,8.14%,$0.22B,$1.43B,15.33%,$346,$190,$155,$26,$58,$285,$61,$-11,$50,$9,$41,$41,$41,$86,$61,$142,144,$0.29,$0.28,$435,$193,$21,$849,$347,$0,$547,$7,$909,$1758,$270,$411,$0,$470,$739,$1,$194,$-41,$1018,$1758,$113,$76,$36,$112,$-15,$-15,$0,$3,$-18,$208,$-68,$0,$-20,$0,$0,$0,$1,$-87,$-75,$0,$-75,$-14,$-14,$0,$-7,$-96,$29,$11,$0
5,2017-06-30,21.77,$6.93,3.14,$8.76,2.48,$2.35,9.27,$0.84,25.91,$0.81B,$0.25B,3.22,$0.44B,$0.98B,0.44,$1.25B,$0.55B,43.53%,$1.25B,$0.19B,15.18%,$1.25B,$0.19B,15.18%,$1.25B,$0.29B,23.48%,$1.25B,$0.15B,12.30%,$1.25B,$0.12B,9.66%,$0.12B,$0.98B,13.00%,$0.12B,$0.42B,33.15%,$0.12B,$1.73B,7.08%,$0.19B,$1.42B,13.54%,$329,$179,$150,$27,$53,$270,$59,$-8,$51,$11,$40,$40,$40,$85,$59,$142,144,$0.28,$0.28,$406,$194,$21,$809,$341,$0,$561,$7,$918,$1727,$251,$436,$0,$494,$745,$1,$160,$-42,$982,$1727,$73,$50,$21,$72,$-3,$-14,$0,$2,$-26,$119,$-42,$0,$-20,$0,$0,$0,$0,$-62,$-50,$0,$-50,$-5,$-5,$0,$-7,$-62,$-1,$8,$0
6,2017-03-31,23.21,$6.67,3.48,$8.61,2.7,$2.15,10.81,$0.79,29.37,$0.79B,$0.24B,3.35,$0.46B,$0.95B,0.49,$1.23B,$0.53B,43.56%,$1.23B,$0.18B,14.44%,$1.23B,$0.18B,14.44%,$1.23B,$0.28B,22.84%,$1.23B,$0.14B,11.50%,$1.23B,$0.11B,9.30%,$0.11B,$0.95B,12.66%,$0.11B,$0.39B,34.65%,$0.11B,$1.70B,6.70%,$0.18B,$1.41B,12.56%,$317,$178,$140,$27,$50,$266,$51,$-9,$42,$9,$33,$33,$33,$76,$51,$142,143,$0.23,$0.23,$391,$188,$19,$792,$331,$0,$558,$7,$904,$1696,$236,$460,$0,$515,$751,$1,$123,$-38,$945,$1696,$33,$25,$11,$36,$-8,$-5,$0,$3,$-35,$33,$-22,$0,$0,$0,$0,$0,$0,$-22,$-25,$0,$-25,$-3,$-3,$0,$-5,$-33,$-15,$4,$0
7,2016-12-31,17.75,$6.36,2.79,$8.28,2.14,$2.06,8.6,$0.67,26.49,$0.80B,$0.26B,3.06,$0.49B,$0.90B,0.54,$1.18B,$0.51B,43.28%,$1.18B,$0.16B,13.27%,$1.18B,$0.16B,13.27%,$1.18B,$0.26B,22.02%,$1.18B,$0.12B,10.20%,$1.18B,$0.10B,8.25%,$0.10B,$0.90B,11.15%,$0.10B,$0.34B,33.56%,$0.10B,$1.70B,5.74%,$0.16B,$1.38B,11.02%,$309,$177,$132,$27,$49,$264,$45,$-10,$35,$9,$26,$26,$26,$74,$45,$141,142,$0.18,$0.19,$406,$184,$24,$800,$322,$0,$563,$7,$899,$1700,$262,$485,$0,$539,$800,$1,$92,$-54,$899,$1700,$97,$104,$16,$120,$-25,$-20,$0,$1,$-10,$208,$-65,$0,$0,$2,$0,$2,$-3,$-67,$-75,$0,$-75,$-3,$-3,$0,$-4,$-82,$57,$13,$0
8,2016-09-30,17.28,$6.35,2.72,$8.00,2.16,$1.41,12.26,$0.61,28.32,$0.80B,$0.24B,3.37,$0.51B,$0.90B,0.57,$1.13B,$0.49B,42.86%,$1.13B,$0.13B,11.55%,$1.13B,$0.13B,11.55%,$1.13B,$0.23B,20.63%,$1.13B,$0.10B,8.73%,$1.13B,$0.09B,7.85%,$0.09B,$0.90B,10.52%,$0.09B,$0.32B,34.83%,$0.09B,$1.71B,5.31%,$0.13B,$1.41B,9.22%,$297,$174,$123,$26,$52,$262,$35,$-9,$26,$4,$22,$22,$22,$59,$35,$141,142,$0.16,$0.15,$412,$186,$18,$801,$316,$0,$581,$7,$913,$1714,$238,$509,$0,$579,$816,$1,$69,$-30,$897,$1714,$71,$75,$29,$104,$-22,$-17,$0,$-0,$-25,$150,$-45,$0,$0,$2,$0,$2,$-3,$-47,$-50,$0,$-50,$-1,$-1,$0,$-3,$-54,$62,$10,$0
9,2016-06-30,14.35,$6.10,2.35,$7.83,1.83,$0.76,18.81,$0.63,22.78,$0.77B,$0.19B,4.13,$0.58B,$0.86B,0.68,$1.11B,$0.48B,43.27%,$1.11B,$0.13B,11.47%,$1.11B,$0.13B,11.47%,$1.11B,$0.23B,20.87%,$1.11B,$0.10B,9.03%,$1.11B,$0.09B,8.13%,$0.09B,$0.86B,11.06%,$0.09B,$0.28B,41.62%,$0.09B,$1.70B,5.39%,$0.13B,$1.44B,8.96%,$303,$164,$139,$28,$54,$257,$46,$-8,$38,$6,$33,$33,$33,$71,$46,$141,142,$0.23,$0.23,$374,$181,$18,$772,$323,$0,$584,$8,$923,$1695,$187,$582,$0,$647,$834,$1,$47,$-41,$861,$1695,$49,$50,$15,$65,$-36,$-11,$0,$-2,$-35,$79,$-32,$0,$0,$2,$0,$2,$-3,$-34,$-25,$0,$-25,$-1,$-1,$0,$-2,$-28,$24,$6,$0
10,2016-03-31,13.51,$5.84,2.31,$7.68,1.76,$0.45,30.1,$0.57,23.7,$0.72B,$0.16B,4.45,$0.61B,$0.82B,0.74,$1.09B,$0.47B,43.13%,$1.09B,$0.12B,11.06%,$1.09B,$0.12B,11.06%,$1.09B,$0.23B,20.74%,$1.09B,$0.09B,8.57%,$1.09B,$0.08B,7.47%,$0.08B,$0.82B,10.21%,$0.08B,$0.23B,44.02%,$0.08B,$1.65B,4.85%,$0.12B,$1.43B,8.47%,$267,$152,$115,$26,$48,$237,$30,$-8,$21,$5,$16,$16,$16,$55,$30,$141,141,$0.12,$0.11,$346,$184,$22,$720,$323,$0,$595,$8,$934,$1654,$162,$607,$0,$670,$832,$1,$14,$-41,$822,$1654,$16,$25,$7,$32,$-7,$-13,$0,$-1,$-31,$17,$-18,$0,$0,$1,$0,$1,$-3,$-20,$0,$0,$0,$-4,$-4,$0,$-2,$-6,$-5,$3,$0
11,2015-12-31,13.16,$5.71,2.31,$7.67,1.72,$0.31,43.05,$0.57,23.09,$0.71B,$0.18B,4.04,$0.61B,$0.80B,0.76,$1.08B,$0.47B,43.48%,$1.08B,$0.12B,10.92%,$1.08B,$0.12B,10.92%,$1.08B,$0.22B,20.63%,$1.08B,$0.09B,8.51%,$1.08B,$0.08B,7.40%,$0.08B,$0.80B,10.30%,$0.08B,$0.20B,51.61%,$0.08B,$1.65B,4.74%,$0.12B,$1.41B,8.34%,$267,$157,$109,$27,$51,$247,$20,$-6,$14,$-5,$19,$18,$18,$49,$20,$140,141,$0.12,$0.12,$352,$173,$23,$709,$321,$0,$601,$8,$938,$1647,$176,$606,$0,$668,$844,$1,$-0,$-47,$803,$1647,$80,$105,$-20,$85,$5,$-27,$0,$1,$-45,$121,$-72,$0,$0,$8,$0,$8,$1,$-64,$-100,$0,$-100,$4,$4,$0,$3,$-93,$-40,$11,$0
12,2015-09-30,13.08,$5.48,2.39,$7.71,1.7,$0.45,29.11,$0.52,25.15,$0.72B,$0.21B,3.46,$0.62B,$0.77B,0.8,$1.09B,$0.48B,44.11%,$1.09B,$0.12B,10.96%,$1.09B,$0.12B,10.96%,$1.09B,$0.23B,20.90%,$1.09B,$0.09B,8.10%,$1.09B,$0.07B,6.54%,$0.07B,$0.77B,9.31%,$0.07B,$0.16B,54.93%,$0.07B,$1.68B,4.13%,$0.12B,$1.39B,8.40%,$270,$154,$116,$27,$47,$239,$31,$-4,$27,$4,$23,$23,$23,$56,$31,$141,141,$0.17,$0.17,$303,$188,$20,$724,$316,$0,$611,$22,$954,$1678,$209,$617,$0,$699,$908,$1,$-18,$-53,$770,$1678,$63,$76,$-1,$75,$-38,$-40,$0,$0,$-69,$69,$-56,$0,$0,$2,$0,$2,$0,$-53,$-100,$0,$-100,$3,$3,$0,$-2,$-99,$-89,$8,$0
13,2015-06-30,14.45,$5.54,2.61,$7.76,1.86,$0.70,20.77,$0.34,42.5,$0.73B,$0.17B,4.33,$0.67B,$0.78B,0.86,$1.09B,$0.46B,42.42%,$1.09B,$0.09B,8.54%,$1.09B,$0.09B,8.54%,$1.09B,$0.20B,18.73%,$1.09B,$0.06B,5.14%,$1.09B,$0.05B,4.32%,$0.05B,$0.78B,6.19%,$0.05B,$0.15B,41.05%,$0.05B,$1.70B,2.69%,$0.09B,$1.45B,6.38%,$281,$153,$128,$27,$50,$241,$39,$-9,$31,$6,$24,$24,$24,$65,$39,$140,141,$0.17,$0.17,$317,$185,$21,$727,$313,$0,$629,$23,$970,$1696,$168,$667,$0,$751,$919,$1,$-41,$-17,$778,$1696,$39,$51,$0,$51,$-29,$-29,$0,$12,$-54,$36,$-34,$0,$0,$2,$0,$2,$0,$-32,$-75,$0,$-75,$1,$1,$0,$-2,$-76,$-76,$5,$0
14,2015-03-31,13.58,$5.38,2.52,$7.58,1.79,$0.64,21.11,$0.06,226.27,$0.75B,$0.23B,3.27,$0.67B,$0.76B,0.88,$1.06B,$0.42B,39.91%,$1.06B,$0.03B,2.92%,$1.06B,$0.03B,2.92%,$1.06B,$0.14B,12.83%,$1.06B,$-0.01B,-1.13%,$1.06B,$0.01B,0.75%,$0.01B,$0.76B,1.06%,$0.01B,$0.11B,7.79%,$0.01B,$1.73B,0.45%,$0.03B,$1.42B,2.08%,$263,$147,$117,$26,$51,$236,$28,$-8,$20,$5,$15,$15,$15,$53,$28,$140,141,$0.11,$0.11,$345,$166,$20,$746,$313,$0,$644,$25,$986,$1733,$228,$667,$0,$750,$978,$1,$-66,$-12,$755,$1733,$15,$26,$2,$28,$-32,$-8,$0,$-0,$-43,$-0,$-20,$0,$0,$1,$0,$1,$0,$-19,$-25,$0,$-25,$1,$1,$0,$-2,$-26,$-48,$2,$0
15,2014-12-31,13.1,$5.35,2.45,$6.89,1.9,$0.78,16.8,$0.05,262.0,$0.77B,$0.26B,2.92,$0.67B,$0.75B,0.89,$0.96B,$0.38B,39.15%,$0.96B,$0.02B,2.28%,$0.96B,$0.02B,2.28%,$0.96B,$0.11B,11.63%,$0.96B,$-0.01B,-1.35%,$0.96B,$0.01B,0.73%,$0.01B,$0.75B,0.92%,$0.01B,$0.10B,2.72%,$0.01B,$1.76B,0.44%,$0.02B,$1.42B,1.66%,$272,$154,$118,$26,$59,$251,$21,$-11,$10,$0,$10,$9,$9,$53,$21,$139,140,$0.08,$0.08,$394,$163,$24,$766,$314,$0,$649,$29,$996,$1762,$263,$667,$0,$751,$1014,$1,$-81,$-3,$748,$1762,$8,$90,$19,$108,$-5,$-12,$0,$1,$10,$126,$-58,$0,$-809,$14,$0,$14,$-7,$-860,$767,$0,$767,$4,$4,$0,$-22,$748,$5,$9,$0
16,2014-09-30,11.4,$5.44,2.1,$6.29,1.81,$0.64,17.8,$0.15,76.03,$0.78B,$0.17B,4.52,$0.79B,$0.76B,1.04,$0.88B,$0.34B,38.54%,$0.88B,$0.03B,2.85%,$0.88B,$0.03B,2.85%,$0.88B,$0.09B,10.60%,$0.88B,$0.00B,0.11%,$0.88B,$0.02B,2.17%,$0.02B,$0.76B,2.49%,$0.02B,$0.10B,4.65%,$0.02B,$1.80B,1.40%,$0.03B,$1.55B,2.15%,$273,$174,$99,$24,$56,$268,$5,$-10,$-5,$-4,$-1,$-1,$-1,$33,$5,$139,139,$-0.01,$-0.01,$398,$165,$21,$783,$316,$0,$659,$35,$1012,$1795,$173,$788,$0,$864,$1037,$1,$-90,$21,$758,$1795,$-1,$58,$33,$91,$-21,$-8,$0,$6,$1,$91,$-44,$0,$-809,$9,$0,$9,$-7,$-851,$793,$0,$793,$2,$2,$0,$-22,$772,$6,$7,$0
17,2014-06-30,13.63,$5.49,2.48,$5.51,2.47,$0.49,28.04,$0.29,47.0,$0.81B,$0.17B,4.79,$0.81B,$0.77B,1.06,$0.77B,$0.31B,40.18%,$0.77B,$0.04B,5.72%,$0.77B,$0.04B,5.72%,$0.77B,$0.09B,12.09%,$0.77B,$0.03B,3.77%,$0.77B,$0.04B,4.94%,$0.04B,$0.77B,5.02%,$0.04B,$0.10B,6.84%,$0.04B,$1.86B,3.40%,$0.04B,$1.58B,4.58%,$252,$163,$89,$22,$82,$275,$-23,$-14,$-37,$-22,$-15,$-15,$-15,$-3,$-23,$139,139,$-0.11,$-0.11,$378,$191,$34,$805,$320,$0,$665,$37,$1058,$1864,$168,$813,$0,$930,$1098,$1,$-89,$30,$765,$1864,$-0,$31,$8,$38,$-24,$-7,$0,$3,$-15,$23,$-29,$0,$-809,$6,$0,$6,$-7,$-839,$818,$0,$818,$1,$1,$0,$-22,$796,$-17,$4,$0
18,2014-03-31,12.01,$5.55,2.17,$4.97,2.42,$0.58,20.58,$0.54,22.24,$0.62B,$0.09B,6.78,$0.00B,$0.77B,0.0,$0.70B,$0.30B,42.88%,$0.70B,$0.09B,13.38%,$0.70B,$0.09B,13.38%,$0.70B,$0.13B,18.99%,$0.70B,$0.09B,13.38%,$0.70B,$0.07B,10.50%,$0.07B,$0.77B,9.80%,$0.07B,$0.73B,10.47%,$0.07B,$0.88B,8.49%,$0.09B,$0.77B,12.49%,$166,$94,$71,$16,$35,$147,$19,$0,$19,$4,$14,$14,$14,$29,$19,$139,140,$0.10,$0.10,$382,$100,$10,$616,$189,$0,$41,$25,$267,$884,$91,$0,$0,$21,$112,$1,$-74,$25,$772,$884,$14,$10,$3,$13,$-7,$-8,$0,$2,$-15,$12,$-14,$0,$0,$0,$0,$0,$0,$-13,$0,$0,$0,$0,$0,$0,$-2,$-2,$-3,$2,$0
19,2013-12-31,11.49,$5.46,2.11,$4.96,2.31,$0.53,21.64,$0.56,20.52,$0.61B,$0.10B,6.28,$0.00B,$0.76B,0.0,$0.69B,$0.29B,42.36%,$0.69B,$0.09B,13.54%,$0.69B,$0.09B,13.54%,$0.69B,$0.13B,19.16%,$0.69B,$0.10B,13.83%,$0.69B,$0.08B,10.81%,$0.08B,$0.76B,10.31%,$0.08B,$0.70B,11.05%,$0.08B,$0.88B,8.93%,$0.09B,$0.76B,12.92%,$186,$107,$79,$16,$38,$163,$24,$1,$24,$4,$21,$21,$21,$34,$24,$139,140,$0.15,$0.14,$384,$94,$11,$612,$186,$0,$56,$9,$263,$875,$98,$0,$0,$21,$118,$1,$-89,$24,$757,$875,$75,$39,$15,$54,$-13,$-0,$0,$-4,$-19,$109,$-60,$0,$-13,$20,$0,$20,$7,$-47,$0,$0,$0,$-8,$-8,$0,$4,$-4,$54,$8,$0
20,2013-09-30,10.08,$5.29,1.9,$4.84,2.08,$0.65,15.47,$0.47,21.44,$0.59B,$0.09B,6.33,$0.00B,$0.73B,0.0,$0.68B,$0.28B,41.57%,$0.68B,$0.08B,12.43%,$0.68B,$0.08B,12.43%,$0.68B,$0.12B,18.05%,$0.68B,$0.09B,12.87%,$0.68B,$0.07B,9.62%,$0.07B,$0.73B,9.13%,$0.07B,$0.69B,9.77%,$0.07B,$0.85B,7.88%,$0.08B,$0.73B,11.80%,$165,$94,$70,$14,$32,$141,$24,$-1,$23,$5,$18,$18,$18,$33,$24,$139,139,$0.13,$0.13,$359,$97,$10,$586,$179,$0,$46,$21,$262,$848,$93,$0,$0,$21,$114,$1,$-109,$27,$734,$848,$54,$29,$6,$34,$-17,$-3,$0,$1,$-14,$75,$-49,$0,$-13,$20,$0,$20,$7,$-36,$0,$0,$0,$-8,$-8,$0,$1,$-7,$28,$6,$0
21,2013-06-30,9.31,$5.15,1.81,$5.00,1.86,$0.74,12.59,$0.47,19.8,$0.57B,$0.09B,6.1,$0.00B,$0.72B,0.0,$0.70B,$0.29B,42.16%,$0.70B,$0.09B,12.52%,$0.70B,$0.09B,12.52%,$0.70B,$0.13B,18.13%,$0.70B,$0.09B,12.95%,$0.70B,$0.07B,9.35%,$0.07B,$0.72B,9.30%,$0.07B,$0.67B,9.98%,$0.07B,$0.83B,8.01%,$0.09B,$0.72B,12.44%,$178,$100,$78,$13,$35,$151,$26,$1,$27,$8,$20,$20,$20,$36,$26,$139,140,$0.14,$0.14,$343,$98,$7,$570,$174,$0,$48,$23,$262,$832,$94,$0,$0,$22,$116,$1,$-125,$25,$716,$832,$36,$19,$7,$26,$-19,$-3,$0,$1,$-20,$42,$-34,$0,$-13,$20,$0,$20,$7,$-21,$0,$0,$0,$-3,$-3,$0,$1,$-2,$13,$4,$0
22,2013-03-31,9.78,$5.04,1.94,$5.09,1.92,$0.78,12.57,$0.49,19.96,$0.57B,$0.08B,6.95,$0.00B,$0.70B,0.0,$0.71B,$0.30B,42.27%,$0.71B,$0.09B,13.19%,$0.71B,$0.09B,13.19%,$0.71B,$0.13B,18.58%,$0.71B,$0.10B,13.48%,$0.71B,$0.07B,9.50%,$0.07B,$0.70B,9.81%,$0.07B,$0.66B,10.57%,$0.07B,$0.81B,8.42%,$0.09B,$0.70B,13.61%,$165,$98,$67,$12,$32,$145,$20,$1,$22,$5,$16,$16,$16,$30,$20,$139,140,$0.12,$0.12,$339,$100,$14,$570,$165,$0,$45,$10,$236,$806,$82,$0,$0,$21,$103,$1,$-142,$29,$703,$806,$16,$10,$4,$13,$-13,$-4,$0,$1,$-22,$7,$-16,$0,$0,$20,$0,$20,$0,$4,$0,$0,$0,$1,$1,$0,$1,$2,$8,$2,$0
23,2012-12-31,9.1,$5.02,1.81,$5.18,1.76,$0.77,11.88,$0.50,18.21,$0.58B,$0.09B,6.21,$0.00B,$0.70B,0.0,$0.72B,$0.31B,42.94%,$0.72B,$0.10B,13.99%,$0.72B,$0.10B,13.99%,$0.72B,$0.14B,19.16%,$0.72B,$0.10B,13.99%,$0.72B,$0.07B,9.65%,$0.07B,$0.70B,10.38%,$0.07B,$0.65B,11.26%,$0.07B,$0.81B,8.86%,$0.10B,$0.70B,15.05%,$168,$101,$66,$13,$37,$154,$14,$1,$15,$4,$11,$11,$11,$23,$14,$137,138,$0.08,$0.08,$350,$99,$16,$579,$157,$0,$47,$11,$232,$812,$93,$0,$0,$23,$117,$1,$-157,$41,$695,$812,$69,$38,$24,$61,$11,$-6,$0,$-15,$-15,$115,$-50,$0,$-3,$-20,$0,$-20,$0,$-72,$0,$0,$0,$7,$7,$0,$4,$11,$57,$10,$0
24,2012-09-30,8.06,$4.97,1.62,$5.17,1.56,$1.23,6.57,$0.72,11.2,$0.56B,$0.09B,6.11,$0.00B,$0.68B,0.0,$0.71B,$0.31B,43.46%,$0.71B,$0.11B,15.19%,$0.71B,$0.11B,15.19%,$0.71B,$0.15B,20.39%,$0.71B,$0.11B,15.05%,$0.71B,$0.10B,13.78%,$0.10B,$0.68B,15.25%,$0.10B,$0.63B,16.64%,$0.10B,$0.80B,12.95%,$0.11B,$0.68B,16.80%,$184,$103,$82,$13,$39,$157,$27,$-1,$26,$8,$18,$18,$18,$37,$27,$137,138,$0.13,$0.13,$316,$103,$14,$560,$151,$2,$51,$7,$238,$797,$92,$0,$0,$23,$114,$1,$-168,$47,$683,$797,$58,$28,$9,$37,$-4,$-10,$0,$-4,$-17,$77,$-39,$0,$-3,$-8,$0,$-8,$0,$-50,$0,$0,$0,$4,$4,$0,$1,$6,$34,$8,$0
25,2012-06-30,8.47,$4.74,1.79,$5.11,1.66,$1.61,5.28,$0.75,11.29,$0.54B,$0.09B,5.67,$0.00B,$0.65B,0.0,$0.70B,$0.30B,43.14%,$0.70B,$0.11B,15.43%,$0.70B,$0.11B,15.43%,$0.70B,$0.14B,20.57%,$0.70B,$0.11B,15.43%,$0.70B,$0.10B,14.57%,$0.10B,$0.65B,16.66%,$0.10B,$0.60B,18.33%,$0.10B,$0.77B,14.04%,$0.11B,$0.65B,17.64%,$188,$105,$83,$13,$36,$157,$32,$1,$32,$11,$22,$22,$22,$41,$32,$137,138,$0.16,$0.16,$287,$103,$13,$535,$147,$2,$53,$6,$234,$769,$94,$0,$0,$22,$117,$1,$-186,$40,$652,$769,$40,$18,$5,$24,$-10,$-11,$0,$-2,$-20,$44,$-30,$0,$-3,$0,$0,$0,$0,$-33,$0,$0,$0,$4,$4,$0,$1,$5,$13,$4,$0
26,2012-03-31,9.26,$4.58,2.02,$5.28,1.75,$1.87,4.97,$0.83,11.16,$0.52B,$0.09B,6.04,$0.00B,$0.63B,0.0,$0.72B,$0.31B,43.55%,$0.72B,$0.12B,16.23%,$0.72B,$0.12B,16.23%,$0.72B,$0.15B,21.22%,$0.72B,$0.12B,16.37%,$0.72B,$0.11B,15.67%,$0.11B,$0.63B,19.34%,$0.11B,$0.57B,21.46%,$0.11B,$0.74B,16.09%,$0.12B,$0.63B,20.03%,$175,$99,$76,$12,$35,$149,$27,$0,$27,$9,$18,$18,$18,$36,$27,$137,138,$0.13,$0.13,$267,$101,$14,$515,$133,$4,$54,$5,$221,$736,$85,$0,$0,$22,$107,$1,$-208,$41,$628,$736,$18,$9,$4,$13,$-13,$-8,$0,$-5,$-30,$0,$-11,$0,$0,$0,$0,$0,$0,$-11,$0,$0,$0,$3,$3,$0,$0,$4,$-7,$2,$0
27,2011-12-31,8.65,$4.48,1.93,$5.51,1.57,$1.97,4.39,$0.92,9.4,$0.50B,$0.09B,5.43,$0.00B,$0.61B,0.0,$0.75B,$0.33B,43.52%,$0.75B,$0.13B,16.96%,$0.75B,$0.13B,16.96%,$0.75B,$0.16B,21.90%,$0.75B,$0.13B,17.22%,$0.75B,$0.12B,16.56%,$0.12B,$0.61B,22.45%,$0.12B,$0.55B,25.19%,$0.12B,$0.73B,18.43%,$0.13B,$0.61B,23.00%,$164,$96,$68,$11,$32,$142,$22,$0,$22,$-18,$40,$40,$40,$31,$22,$135,136,$0.30,$0.29,$274,$94,$12,$503,$131,$0,$56,$10,$222,$725,$93,$0,$0,$24,$116,$1,$-226,$44,$608,$725,$124,$38,$-12,$26,$19,$4,$0,$-0,$7,$157,$-30,$0,$0,$-0,$0,$-0,$2,$-28,$0,$0,$0,$12,$12,$0,$-1,$11,$140,$8,$0
28,2011-09-30,6.33,$4.16,1.52,$5.67,1.12,$1.97,3.21,$0.82,7.72,$0.47B,$0.09B,5.16,$0.00B,$0.56B,0.0,$0.77B,$0.34B,44.20%,$0.77B,$0.13B,17.47%,$0.77B,$0.13B,17.47%,$0.77B,$0.17B,22.56%,$0.77B,$0.14B,17.73%,$0.77B,$0.11B,14.47%,$0.11B,$0.56B,21.50%,$0.11B,$0.50B,24.45%,$0.11B,$0.68B,17.30%,$0.13B,$0.56B,25.96%,$173,$98,$75,$12,$34,$146,$27,$-0,$27,$5,$22,$22,$22,$36,$27,$135,136,$0.16,$0.16,$229,$103,$13,$468,$130,$4,$59,$6,$209,$676,$91,$0,$0,$24,$115,$1,$-266,$45,$561,$676,$84,$28,$5,$33,$16,$-4,$0,$-0,$-5,$113,$-24,$0,$0,$0,$0,$0,$-1,$-25,$0,$0,$0,$6,$6,$0,$-1,$5,$93,$6,$0
29,2011-06-30,10.04,$4.00,2.51,$5.74,1.75,$1.99,5.05,$0.83,12.09,$0.46B,$0.10B,4.45,$0.00B,$0.54B,0.0,$0.77B,$0.34B,44.56%,$0.77B,$0.14B,17.62%,$0.77B,$0.14B,17.62%,$0.77B,$0.18B,22.80%,$0.77B,$0.14B,17.75%,$0.77B,$0.11B,14.38%,$0.11B,$0.54B,22.98%,$0.11B,$0.48B,26.52%,$0.11B,$0.67B,18.08%,$0.14B,$0.54B,28.16%,$209,$114,$95,$12,$39,$168,$41,$1,$42,$10,$32,$33,$33,$50,$41,$135,136,$0.24,$0.24,$191,$104,$13,$461,$129,$4,$62,$5,$211,$672,$104,$0,$0,$29,$133,$1,$-288,$48,$540,$672,$62,$19,$4,$22,$-10,$-2,$0,$-3,$-21,$63,$-15,$0,$0,$0,$0,$0,$-1,$-15,$0,$0,$0,$5,$5,$0,$-1,$4,$55,$4,$0
30,2011-03-31,8.71,$3.72,2.34,$5.47,1.59,$1.99,4.37,$0.73,11.93,$0.41B,$0.09B,4.6,$0.00B,$0.50B,0.0,$0.73B,$0.33B,44.60%,$0.73B,$0.12B,16.55%,$0.73B,$0.12B,16.55%,$0.73B,$0.16B,22.30%,$0.73B,$0.12B,16.28%,$0.73B,$0.10B,13.13%,$0.10B,$0.50B,21.52%,$0.10B,$0.44B,25.30%,$0.10B,$0.62B,16.59%,$0.12B,$0.50B,26.81%,$203,$115,$88,$13,$36,$166,$37,$0,$38,$8,$29,$30,$29,$47,$37,$134,135,$0.22,$0.22,$143,$100,$16,$406,$126,$7,$63,$4,$211,$618,$88,$0,$0,$29,$118,$1,$-320,$43,$500,$618,$30,$10,$2,$12,$-10,$1,$0,$-2,$-30,$11,$-7,$0,$0,$0,$0,$0,$-1,$-7,$0,$0,$0,$3,$3,$0,$0,$3,$9,$2,$0
31,2010-12-31,7.41,$3.49,2.12,$5.18,1.43,$2.15,3.45,$0.63,11.76,$0.39B,$0.11B,3.6,$0.00B,$0.46B,0.0,$0.69B,$0.31B,45.14%,$0.69B,$0.11B,15.38%,$0.69B,$0.11B,15.38%,$0.69B,$0.15B,21.63%,$0.69B,$0.10B,14.80%,$0.69B,$0.08B,12.19%,$0.08B,$0.46B,20.31%,$0.08B,$0.40B,24.40%,$0.08B,$0.60B,15.16%,$0.11B,$0.46B,24.78%,$182,$102,$81,$11,$38,$154,$29,$-0,$29,$-0,$29,$27,$27,$40,$29,$132,133,$0.20,$0.20,$134,$101,$16,$387,$127,$7,$65,$5,$214,$601,$108,$0,$0,$30,$137,$1,$-350,$42,$464,$601,$85,$43,$6,$49,$-27,$-14,$0,$0,$7,$141,$-17,$0,$0,$0,$0,$0,$5,$-12,$0,$-73,$-73,$7,$7,$0,$0,$-66,$65,$8,$0
32,2010-09-30,4.63,$3.24,1.43,$5.06,0.92,$1.14,4.07,$0.51,9.08,$0.34B,$0.11B,3.1,$0.00B,$0.43B,0.0,$0.65B,$0.29B,45.02%,$0.65B,$0.09B,14.09%,$0.65B,$0.09B,14.09%,$0.65B,$0.14B,20.83%,$0.65B,$0.08B,12.86%,$0.65B,$0.07B,10.26%,$0.07B,$0.43B,17.40%,$0.07B,$0.36B,21.46%,$0.07B,$0.57B,12.64%,$0.09B,$0.43B,22.32%,$178,$98,$80,$11,$36,$149,$29,$-2,$28,$5,$23,$23,$22,$39,$29,$132,133,$0.17,$0.17,$99,$98,$12,$344,$132,$8,$68,$5,$221,$565,$111,$0,$0,$26,$137,$1,$-377,$40,$428,$565,$58,$31,$7,$38,$-28,$-11,$0,$2,$4,$101,$-12,$0,$0,$0,$0,$0,$4,$-8,$0,$-66,$-66,$2,$2,$0,$-0,$-65,$30,$5,$0
33,2010-06-30,3.94,$2.97,1.32,$4.68,0.84,$0.31,12.71,$0.27,14.58,$0.31B,$0.09B,3.41,$0.02B,$0.39B,0.05,$0.59B,$0.26B,44.20%,$0.59B,$0.06B,10.75%,$0.59B,$0.06B,10.75%,$0.59B,$0.11B,18.77%,$0.59B,$0.05B,8.36%,$0.59B,$0.04B,6.31%,$0.04B,$0.39B,10.21%,$0.04B,$0.32B,12.94%,$0.04B,$0.53B,7.14%,$0.06B,$0.41B,15.44%,$168,$90,$77,$11,$37,$141,$26,$-2,$24,$5,$19,$19,$18,$37,$26,$132,133,$0.14,$0.14,$75,$91,$13,$308,$130,$7,$70,$5,$223,$531,$90,$20,$0,$49,$139,$1,$-399,$29,$392,$531,$35,$22,$4,$26,$-26,$-7,$0,$3,$-5,$56,$-8,$0,$0,$0,$0,$0,$4,$-4,$0,$-46,$-46,$2,$2,$0,$-0,$-44,$7,$4,$0
34,2010-03-31,4.99,$2.81,1.77,$4.15,1.2,$-0.20,0.0,$-0.07,0.0,$0.29B,$0.09B,3.36,$0.04B,$0.37B,0.1,$0.50B,$0.21B,41.12%,$0.50B,$0.02B,3.39%,$0.50B,$0.02B,3.39%,$0.50B,$0.07B,13.17%,$0.50B,$0.00B,0.20%,$0.50B,$-0.00B,-0.60%,$-0.00B,$0.37B,-0.90%,$-0.00B,$0.30B,-1.18%,$-0.00B,$0.52B,-0.59%,$0.02B,$0.41B,4.21%,$161,$87,$73,$11,$36,$138,$22,$-1,$21,$5,$17,$17,$17,$33,$22,$131,133,$0.13,$0.12,$73,$89,$14,$290,$132,$7,$74,$6,$230,$520,$86,$36,$0,$64,$150,$1,$-417,$28,$370,$520,$17,$11,$-1,$10,$-13,$-5,$0,$0,$1,$28,$-4,$0,$0,$0,$0,$0,$0,$-4,$0,$-20,$-20,$1,$1,$0,$0,$-20,$5,$2,$0
35,2009-12-31,5.24,$2.69,1.95,$3.47,1.51,$-0.54,0.0,$-0.53,0.0,$0.27B,$0.07B,3.62,$0.05B,$0.35B,0.15,$0.40B,$0.14B,34.59%,$0.40B,$-0.05B,-12.03%,$0.40B,$-0.05B,-12.03%,$0.40B,$0.00B,0.75%,$0.40B,$-0.06B,-15.04%,$0.40B,$-0.06B,-14.54%,$-0.06B,$0.35B,-18.55%,$-0.06B,$0.27B,-25.27%,$-0.06B,$0.51B,-11.23%,$-0.05B,$0.40B,-11.66%,$146,$82,$64,$10,$32,$132,$15,$-3,$11,$1,$10,$10,$10,$27,$15,$117,117,$0.12,$0.12,$69,$83,$13,$267,$135,$7,$78,$7,$237,$505,$74,$52,$0,$81,$155,$1,$-434,$28,$350,$505,$-58,$52,$19,$71,$-19,$11,$0,$0,$-9,$4,$-13,$0,$0,$0,$0,$0,$3,$-10,$0,$-95,$-95,$58,$58,$0,$-4,$-41,$-46,$8,$0
36,2009-09-30,4.91,$2.60,1.89,$3.22,1.52,$-0.11,0.0,$-1.79,0.0,$0.26B,$0.08B,3.23,$0.07B,$0.34B,0.22,$0.37B,$0.11B,28.96%,$0.37B,$-0.18B,-48.63%,$0.37B,$-0.18B,-48.63%,$0.37B,$-0.03B,-8.74%,$0.37B,$-0.20B,-54.64%,$0.37B,$-0.20B,-54.64%,$-0.20B,$0.34B,-64.67%,$-0.20B,$0.26B,-89.89%,$-0.20B,$0.52B,-37.07%,$-0.18B,$0.41B,-41.11%,$111,$66,$45,$9,$29,$111,$-0,$-7,$-7,$1,$-7,$-8,$-8,$13,$-0,$115,115,$-0.07,$-0.07,$78,$84,$7,$260,$147,$0,$83,$16,$258,$518,$81,$73,$0,$99,$180,$1,$-444,$28,$338,$518,$-68,$39,$14,$54,$-7,$11,$0,$0,$7,$-7,$-11,$0,$0,$0,$0,$0,$2,$-8,$0,$-75,$-75,$58,$58,$0,$-4,$-21,$-37,$6,$0
37,2009-06-30,2.7,$2.41,1.12,$3.56,0.76,$0.27,10.15,$-5.40,0.0,$0.25B,$0.08B,2.93,$0.12B,$0.27B,0.45,$0.40B,$0.12B,28.93%,$0.40B,$-0.56B,-138.65%,$0.40B,$-0.56B,-138.65%,$0.40B,$-0.03B,-7.98%,$0.40B,$-0.57B,-142.89%,$0.40B,$-0.59B,-145.89%,$-0.59B,$0.27B,-172.82%,$-0.59B,$0.19B,-260.87%,$-0.59B,$0.51B,-98.28%,$-0.56B,$0.40B,-117.42%,$83,$59,$24,$8,$26,$103,$-20,$-4,$-24,$-2,$-22,$-22,$-22,$-7,$-20,$113,113,$-0.20,$-0.20,$84,$82,$8,$245,$146,$0,$83,$20,$262,$507,$84,$124,$0,$149,$233,$1,$-436,$19,$274,$507,$-60,$27,$10,$37,$10,$11,$0,$-4,$17,$-6,$-10,$0,$0,$0,$0,$0,$0,$-10,$0,$-10,$-10,$1,$1,$0,$-4,$-13,$-31,$4,$0
38,2009-03-31,0.85,$2.55,0.34,$4.12,0.21,$0.58,1.47,$-5.16,0.0,$0.27B,$0.07B,3.63,$0.15B,$0.29B,0.51,$0.47B,$0.15B,32.62%,$0.47B,$-0.53B,-113.30%,$0.47B,$-0.53B,-113.30%,$0.47B,$-0.01B,-1.29%,$0.47B,$-0.54B,-116.09%,$0.47B,$-0.56B,-119.74%,$-0.56B,$0.29B,-115.41%,$-0.56B,$0.20B,-205.52%,$-0.56B,$0.54B,-77.53%,$-0.53B,$0.44B,-89.34%,$59,$54,$5,$9,$30,$102,$-43,$3,$-40,$-3,$-37,$-38,$-38,$-30,$-43,$112,112,$-0.34,$-0.34,$95,$93,$9,$266,$150,$0,$88,$20,$269,$535,$73,$147,$0,$173,$246,$1,$-414,$14,$289,$535,$-38,$14,$10,$24,$16,$2,$0,$-5,$4,$-10,$-8,$0,$0,$0,$0,$0,$0,$-8,$0,$4,$4,$1,$1,$0,$-3,$1,$-20,$2,$0
39,2008-12-31,2.17,$2.97,0.73,$4.88,0.44,$0.67,3.22,$-4.81,0.0,$0.31B,$0.08B,3.95,$0.15B,$0.34B,0.45,$0.56B,$0.21B,38.02%,$0.56B,$-0.48B,-86.49%,$0.56B,$-0.48B,-86.49%,$0.56B,$0.04B,7.21%,$0.56B,$-0.50B,-89.55%,$0.56B,$-0.52B,-93.15%,$-0.52B,$0.34B,-82.13%,$-0.52B,$0.24B,-162.45%,$-0.52B,$0.60B,-61.08%,$-0.48B,$0.49B,-68.04%,$113,$80,$32,$9,$32,$227,$-115,$-14,$-129,$3,$-131,$-132,$-132,$-8,$-115,$113,113,$-1.14,$-1.13,$115,$102,$11,$313,$160,$14,$93,$5,$285,$598,$79,$151,$0,$182,$262,$1,$-376,$26,$336,$598,$-517,$520,$56,$576,$53,$-3,$0,$11,$7,$66,$-26,$0,$-163,$0,$-11,$-11,$0,$-200,$0,$109,$109,$-26,$-26,$0,$-1,$83,$-46,$7,$0
40,2008-09-30,4.8,$4.04,1.19,$5.16,0.93,$1.17,4.12,$-3.54,0.0,$0.34B,$0.10B,3.29,$0.12B,$0.46B,0.26,$0.60B,$0.25B,40.80%,$0.60B,$-0.36B,-59.20%,$0.60B,$-0.36B,-59.20%,$0.60B,$0.07B,11.11%,$0.60B,$-0.36B,-59.54%,$0.60B,$-0.37B,-62.02%,$-0.37B,$0.46B,-49.31%,$-0.37B,$0.26B,-106.55%,$-0.37B,$0.74B,-39.13%,$-0.36B,$0.57B,-44.51%,$146,$90,$55,$10,$35,$524,$-378,$-2,$-380,$13,$-393,$-393,$-393,$13,$-378,$112,112,$-3.52,$-3.52,$74,$108,$7,$335,$154,$0,$192,$27,$406,$741,$102,$119,$0,$184,$286,$1,$-244,$12,$455,$741,$-385,$413,$30,$443,$14,$-1,$0,$3,$-16,$42,$-18,$0,$-162,$0,$-11,$-11,$0,$-191,$0,$85,$85,$-26,$-26,$0,$-1,$58,$-87,$6,$0
41,2008-06-30,6.5,$7.54,0.86,$5.16,1.26,$1.64,3.96,$0.21,30.93,$0.35B,$0.10B,3.45,$0.02B,$0.85B,0.02,$0.61B,$0.26B,42.20%,$0.61B,$0.03B,5.42%,$0.61B,$0.03B,5.42%,$0.61B,$0.08B,12.64%,$0.61B,$0.03B,5.42%,$0.61B,$0.03B,4.43%,$0.03B,$0.85B,3.15%,$0.03B,$0.38B,7.20%,$0.03B,$1.01B,2.64%,$0.03B,$0.87B,3.78%,$148,$88,$60,$10,$37,$140,$8,$-0,$8,$2,$6,$6,$5,$19,$8,$114,115,$0.04,$0.04,$132,$71,$8,$348,$119,$0,$474,$28,$657,$1005,$101,$15,$0,$51,$152,$1,$149,$16,$854,$1005,$8,$22,$10,$32,$8,$-0,$0,$-1,$-9,$30,$-11,$0,$0,$0,$-11,$-11,$0,$-22,$0,$-19,$-19,$-22,$-22,$0,$-1,$-42,$-28,$4,$0
42,2008-03-31,7.13,$7.65,0.93,$5.03,1.42,$1.93,3.69,$0.28,25.47,$0.37B,$0.11B,3.36,$0.02B,$0.87B,0.02,$0.62B,$0.26B,42.60%,$0.62B,$0.04B,5.85%,$0.62B,$0.04B,5.85%,$0.62B,$0.08B,13.01%,$0.62B,$0.05B,7.32%,$0.62B,$0.04B,6.02%,$0.04B,$0.87B,4.36%,$0.04B,$0.39B,9.91%,$0.04B,$1.04B,3.64%,$0.04B,$0.89B,4.17%,$148,$84,$64,$11,$43,$143,$5,$-1,$4,$1,$3,$3,$3,$16,$5,$114,115,$0.03,$0.02,$139,$76,$9,$371,$123,$0,$485,$27,$671,$1042,$110,$21,$0,$59,$169,$1,$145,$32,$873,$1042,$3,$11,$4,$15,$3,$-3,$0,$0,$-18,$-0,$-6,$0,$0,$0,$-8,$-8,$0,$-14,$0,$-5,$-5,$-10,$-10,$0,$-1,$-16,$-22,$2,$0
43,2007-12-31,8.56,$7.39,1.16,$4.92,1.74,$2.12,4.03,$0.35,24.45,$0.38B,$0.13B,3.04,$0.02B,$0.85B,0.02,$0.63B,$0.27B,42.58%,$0.63B,$0.04B,6.86%,$0.63B,$0.04B,6.86%,$0.63B,$0.09B,13.88%,$0.63B,$0.06B,8.93%,$0.63B,$0.04B,7.02%,$0.04B,$0.85B,4.93%,$0.04B,$0.37B,10.41%,$0.04B,$1.04B,4.20%,$0.04B,$0.87B,4.76%,$161,$95,$67,$10,$43,$153,$8,$1,$9,$-2,$11,$11,$11,$19,$8,$124,126,$0.10,$0.09,$161,$73,$9,$383,$121,$14,$478,$4,$653,$1035,$126,$20,$0,$57,$183,$1,$145,$4,$852,$1035,$44,$44,$-3,$41,$20,$17,$0,$-2,$47,$132,$-25,$0,$-45,$121,$0,$122,$-1,$51,$0,$43,$43,$-226,$-226,$0,$0,$-183,$6,$10,$0
44,2007-09-30,8.61,$7.34,1.17,$4.84,1.78,$1.77,4.86,$0.38,22.65,$0.37B,$0.11B,3.53,$0.01B,$0.85B,0.02,$0.63B,$0.27B,42.56%,$0.63B,$0.05B,8.54%,$0.63B,$0.05B,8.54%,$0.63B,$0.10B,15.35%,$0.63B,$0.07B,10.60%,$0.63B,$0.05B,7.75%,$0.05B,$0.85B,5.25%,$0.05B,$0.36B,10.48%,$0.05B,$1.01B,4.54%,$0.05B,$0.86B,5.75%,$152,$86,$66,$9,$39,$140,$12,$0,$12,$3,$9,$9,$8,$23,$12,$114,116,$0.07,$0.07,$126,$81,$7,$370,$125,$0,$489,$21,$642,$1012,$105,$13,$0,$60,$165,$1,$136,$5,$847,$1012,$34,$33,$3,$36,$26,$15,$0,$-0,$30,$99,$-19,$0,$-42,$121,$0,$122,$-5,$55,$0,$35,$35,$-223,$-223,$0,$3,$-186,$-29,$8,$0
45,2007-06-30,11.78,$7.14,1.65,$4.76,2.47,$1.30,9.08,$0.44,26.78,$0.38B,$0.10B,3.67,$0.00B,$0.83B,0.0,$0.65B,$0.28B,42.92%,$0.65B,$0.07B,10.00%,$0.65B,$0.07B,10.00%,$0.65B,$0.11B,16.46%,$0.65B,$0.08B,12.46%,$0.65B,$0.06B,9.08%,$0.06B,$0.83B,6.09%,$0.06B,$0.37B,11.68%,$0.06B,$0.98B,5.34%,$0.07B,$0.83B,6.69%,$154,$88,$65,$10,$40,$142,$11,$9,$20,$4,$16,$16,$15,$22,$11,$129,132,$0.11,$0.11,$139,$80,$7,$379,$123,$0,$453,$17,$598,$977,$103,$3,$0,$48,$151,$1,$131,$-5,$826,$977,$25,$22,$0,$22,$24,$13,$0,$0,$27,$74,$-13,$0,$0,$119,$1,$120,$-1,$106,$0,$25,$25,$-224,$-224,$0,$2,$-197,$-18,$6,$0
46,2007-03-31,10.61,$7.77,1.37,$4.88,2.18,$0.95,11.18,$0.46,23.07,$0.57B,$0.07B,7.78,$0.00B,$1.05B,0.0,$0.68B,$0.30B,44.59%,$0.68B,$0.08B,11.70%,$0.68B,$0.08B,11.70%,$0.68B,$0.12B,18.07%,$0.68B,$0.09B,13.19%,$0.68B,$0.06B,9.19%,$0.06B,$1.05B,6.03%,$0.06B,$0.59B,11.11%,$0.06B,$1.17B,5.34%,$0.08B,$1.05B,7.66%,$160,$91,$69,$11,$41,$148,$12,$3,$15,$4,$10,$10,$10,$23,$12,$132,135,$0.08,$0.08,$305,$89,$9,$565,$123,$0,$461,$13,$602,$1167,$73,$3,$0,$48,$121,$1,$240,$-0,$1046,$1167,$10,$11,$4,$14,$13,$6,$0,$0,$1,$25,$-8,$0,$0,$-52,$-2,$-54,$0,$-62,$0,$-0,$-0,$11,$11,$0,$1,$12,$-22,$3,$0
47,2006-12-31,10.73,$7.65,1.4,$4.82,2.23,$0.75,14.21,$0.46,23.33,$0.56B,$0.09B,6.0,$0.00B,$1.02B,0.0,$0.67B,$0.31B,45.32%,$0.67B,$0.08B,11.74%,$0.67B,$0.08B,11.74%,$0.67B,$0.12B,18.13%,$0.67B,$0.09B,13.22%,$0.67B,$0.06B,9.36%,$0.06B,$1.02B,6.14%,$0.06B,$0.55B,11.49%,$0.06B,$1.16B,5.43%,$0.08B,$1.02B,7.68%,$166,$97,$69,$9,$24,$147,$19,$2,$20,$4,$16,$17,$16,$29,$19,$135,138,$0.13,$0.12,$275,$93,$7,$556,$121,$8,$463,$4,$601,$1158,$93,$3,$0,$49,$142,$1,$229,$-2,$1016,$1158,$63,$43,$30,$73,$-17,$-24,$0,$3,$-41,$96,$-27,$0,$0,$11,$0,$11,$-2,$-17,$0,$-3,$-3,$-80,$-80,$0,$3,$-80,$12,$15,$0
