,Date,Stock Price,Book Value per Share,Price to Book Ratio,TTM Sales per Share,Price to Sales Ratio,TTM FCF per Share,Price to FCF Ratio,TTM Net EPS,PE Ratio,Current Assets,Current Liabilities,Current Ratio,Long Term Debt,Shareholder's Equity_x,Debt to Equity Ratio,TTM Revenue_x,TTM Gross Profit,Gross Margin,TTM Revenue_y,TTM Operating Income,Operating Margin,TTM Revenue_x,TTM EBIT,EBIT Margin,TTM Revenue_y,TTM EBITDA,EBITDA Margin,TTM Revenue_x,TTM Pre-Tax Income,Pre-Tax Margin,TTM Revenue_y,TTM Net Income_x,Net Margin,TTM Net Income_y,Shareholder's Equity_y,Return on Equity,TTM Net Income_x,Tangible Equity,Return on Tangible Equity,TTM Net Income_y,Total Assets,Return on Assets,TTM Net Income,LT Investments & Debt,Return on Investment,revenue,cost-goods-sold,gross-profit,research-development-expenses,selling-general-administrative-expenses,operating-expenses,operating-income,total-non-operating-income-expense,pre-tax-income,total-provision-income-taxes,income-after-taxes,income-from-continuous-operations,net-income,ebitda,ebit,basic-shares-outstanding,shares-outstanding,eps-basic-net-earnings-per-share,eps-earnings-per-share-diluted,cash-on-hand,inventory,other-current-assets,total-current-assets,net-property-plant-equipment,long-term-investments,goodwill-intangible-assets-total,other-long-term-assets,total-long-term-assets,total-assets,total-current-liabilities,long-term-debt,other-non-current-liabilities,total-long-term-liabilities,total-liabilities,common-stock-net,retained-earnings-accumulated-deficit,comprehensive-income,total-share-holder-equity,total-liabilities-share-holders-equity,net-income-loss,total-depreciation-amortization-cash-flow,other-non-cash-items,total-non-cash-items,change-in-accounts-receivable,change-in-inventories,change-in-accounts-payable,change-in-assets-liabilities,total-change-in-assets-liabilities,cash-flow-from-operating-activities,net-change-in-property-plant-equipment,net-change-in-intangible-assets,net-acquisitions-divestitures,net-change-in-short-term-investments,net-change-in-long-term-investments,net-change-in-investments-total,investing-activities-other,cash-flow-from-investing-activities,net-long-term-debt,net-current-debt,debt-issuance-retirement-net-total,net-common-equity-issued-repurchased,net-total-equity-issued-repurchased,total-common-preferred-stock-dividends-paid,financial-activities-other,cash-flow-from-financial-activities,net-cash-flow,stock-based-compensation,common-stock-dividends-paid
0,2018-09-30,60.95,$11.21,5.44,$17.10,3.56,$3.12,19.56,$0.43,141.74,$0.24B,$0.33B,0.73,$0.29B,$0.51B,0.57,$0.79B,$0.53B,67.64%,$0.79B,$0.02B,1.91%,$0.79B,$0.02B,1.91%,$0.79B,$0.09B,11.46%,$0.79B,$-0.01B,-0.76%,$0.79B,$0.02B,2.93%,$0.02B,$0.51B,4.83%,$0.02B,$-0.33B,-7.15%,$0.02B,$1.18B,2.15%,$0.02B,$0.80B,1.81%,$203,$65,$138,$0,$115,$200,$3,$-6,$-3,$-5,$3,$3,$3,$23,$3,$45,48,$0.06,$0.06,$154,$0,$0,$242,$45,$0,$838,$24,$941,$1183,$334,$292,$17,$337,$671,$0,$-59,$-2,$512,$1183,$5,$58,$23,$81,$0,$0,$4,$-13,$-3,$83,$-35,$0,$-195,$0,$0,$0,$0,$-230,$345,$-81,$264,$-13,$-13,$0,$-12,$239,$92,$30,$0
1,2018-06-30,54.95,$11.04,4.98,$16.81,3.27,$3.24,16.95,$0.40,137.38,$0.22B,$0.16B,1.41,$0.45B,$0.50B,0.9,$0.76B,$0.51B,67.68%,$0.76B,$0.02B,2.11%,$0.76B,$0.02B,2.11%,$0.76B,$0.09B,11.48%,$0.76B,$-0.00B,-0.40%,$0.76B,$0.02B,2.51%,$0.02B,$0.50B,4.21%,$0.02B,$-0.34B,-6.24%,$0.02B,$1.16B,1.92%,$0.02B,$0.95B,2.02%,$201,$68,$133,$0,$114,$201,$0,$-5,$-5,$1,$-6,$-6,$-6,$19,$0,$45,45,$-0.12,$-0.12,$134,$0,$0,$221,$40,$0,$841,$24,$934,$1155,$157,$452,$17,$497,$654,$0,$-62,$-1,$501,$1155,$2,$39,$11,$49,$0,$0,$4,$-9,$-10,$41,$-20,$0,$-188,$0,$0,$0,$0,$-209,$345,$-81,$264,$-12,$-12,$0,$-12,$240,$72,$19,$0
2,2018-03-31,57.3,$10.09,5.68,$16.19,3.54,$3.25,17.65,$0.37,154.86,$0.14B,$0.16B,0.86,$0.42B,$0.46B,0.93,$0.72B,$0.49B,67.96%,$0.72B,$0.02B,2.62%,$0.72B,$0.02B,2.62%,$0.72B,$0.09B,11.88%,$0.72B,0,0.00%,$0.72B,$0.02B,2.62%,$0.02B,$0.46B,4.45%,$0.02B,$-0.40B,-6.60%,$0.02B,$1.08B,2.08%,$0.02B,$0.88B,2.67%,$198,$63,$135,$0,$116,$199,$-1,$-5,$-6,$-14,$8,$8,$8,$19,$-1,$45,47,$0.18,$0.17,$44,$0,$0,$136,$40,$0,$857,$24,$947,$1082,$158,$422,$17,$468,$626,$0,$-57,$0,$456,$1082,$8,$20,$-5,$15,$0,$0,$2,$-8,$-24,$-1,$-10,$0,$-179,$0,$0,$0,$0,$-188,$0,$180,$180,$-7,$-7,$0,$0,$173,$-16,$8,$0
3,2017-12-31,49.85,$9.77,5.1,$15.62,3.19,$3.52,14.14,$-0.10,0.0,$0.13B,$0.14B,0.93,$0.24B,$0.44B,0.55,$0.68B,$0.47B,68.13%,$0.68B,$0.02B,2.49%,$0.68B,$0.02B,2.49%,$0.68B,$0.08B,11.55%,$0.68B,$-0.00B,-0.44%,$0.68B,$-0.00B,-0.29%,$-0.00B,$0.44B,-0.48%,$-0.00B,$-0.22B,0.77%,$-0.00B,$0.86B,-0.23%,$0.02B,$0.68B,2.62%,$183,$58,$125,$0,$96,$170,$13,$-4,$8,$-9,$18,$18,$18,$29,$13,$44,44,$0.40,$0.40,$60,$0,$0,$131,$36,$0,$656,$17,$731,$862,$140,$240,$16,$285,$425,$0,$-74,$1,$437,$862,$-3,$63,$40,$102,$0,$0,$-0,$-7,$9,$109,$-28,$0,$0,$0,$-1,$-1,$0,$-29,$-36,$-28,$-63,$-6,$-6,$0,$-3,$-72,$8,$31,$0
4,2017-09-30,51.0,$9.26,5.51,$15.07,3.38,$3.04,16.76,$-1.23,0.0,$0.12B,$0.14B,0.9,$0.26B,$0.41B,0.63,$0.66B,$0.45B,68.29%,$0.66B,$0.00B,0.15%,$0.66B,$0.00B,0.15%,$0.66B,$0.06B,9.30%,$0.66B,$-0.02B,-2.74%,$0.66B,$-0.05B,-8.08%,$-0.05B,$0.41B,-13.01%,$-0.05B,$-0.26B,19.31%,$-0.05B,$0.86B,-6.18%,$0.00B,$0.67B,0.15%,$176,$56,$120,$0,$100,$171,$4,$-4,$0,$2,$-1,$-1,$-1,$20,$4,$44,44,$-0.03,$-0.03,$49,$0,$0,$122,$35,$0,$666,$18,$740,$862,$137,$259,$15,$316,$453,$0,$-91,$0,$410,$862,$-21,$47,$41,$88,$0,$0,$1,$-11,$4,$71,$-21,$0,$-1,$0,$0,$0,$0,$-22,$-36,$-8,$-43,$-7,$-7,$0,$-3,$-53,$-4,$23,$0
5,2017-06-30,39.6,$9.16,4.32,$14.57,2.72,$2.74,14.45,$-1.29,0.0,$0.10B,$0.16B,0.61,$0.22B,$0.40B,0.55,$0.63B,$0.43B,68.36%,$0.63B,$-0.00B,-0.64%,$0.63B,$-0.00B,-0.64%,$0.63B,$0.06B,8.90%,$0.63B,$-0.02B,-3.82%,$0.63B,$-0.06B,-8.90%,$-0.06B,$0.40B,-13.53%,$-0.06B,$-0.27B,20.55%,$-0.06B,$0.84B,-6.52%,$-0.00B,$0.62B,-0.61%,$167,$56,$112,$0,$93,$165,$3,$-4,$-2,$5,$-6,$-6,$-6,$18,$3,$44,44,$-0.15,$-0.15,$28,$0,$0,$96,$35,$0,$677,$14,$743,$840,$158,$221,$16,$279,$436,$0,$-90,$0,$403,$840,$-20,$31,$28,$60,$0,$0,$-0,$-4,$-5,$35,$-15,$0,$0,$0,$0,$0,$0,$-15,$-36,$0,$-36,$-7,$-7,$0,$-3,$-46,$-25,$15,$0
6,2017-03-31,32.3,$9.22,3.5,$14.07,2.3,$2.70,11.95,$-1.33,0.0,$0.10B,$0.17B,0.61,$0.23B,$0.40B,0.56,$0.60B,$0.42B,68.71%,$0.60B,$-0.01B,-2.15%,$0.60B,$-0.01B,-2.15%,$0.60B,$0.05B,8.11%,$0.60B,$-0.03B,-5.46%,$0.60B,$-0.06B,-9.60%,$-0.06B,$0.40B,-13.78%,$-0.06B,$-0.28B,21.44%,$-0.06B,$0.85B,-6.71%,$-0.01B,$0.63B,-1.92%,$158,$49,$109,$0,$96,$161,$-3,$-5,$-9,$4,$-13,$-13,$-13,$12,$-3,$43,43,$-0.30,$-0.30,$39,$0,$0,$104,$34,$0,$687,$13,$750,$854,$172,$225,$17,$279,$450,$0,$-84,$0,$404,$854,$-13,$16,$14,$30,$0,$0,$1,$-0,$-8,$9,$-6,$0,$0,$0,$0,$0,$0,$-6,$-34,$25,$-9,$-5,$-5,$0,$-2,$-16,$-13,$7,$0
7,2016-12-31,35.25,$9.56,3.69,$13.53,2.61,$2.89,12.21,$-1.29,0.0,$0.11B,$0.16B,0.73,$0.25B,$0.41B,0.61,$0.58B,$0.40B,68.86%,$0.58B,$-0.02B,-3.98%,$0.58B,$-0.02B,-3.98%,$0.58B,$0.04B,6.92%,$0.58B,$-0.04B,-7.09%,$0.58B,$-0.06B,-9.69%,$-0.06B,$0.41B,-13.07%,$-0.06B,$-0.28B,20.78%,$-0.06B,$0.87B,-6.48%,$-0.02B,$0.67B,-3.29%,$155,$48,$107,$0,$96,$159,$-3,$-4,$-7,$26,$-33,$-33,$-33,$11,$-3,$43,43,$-0.76,$-0.76,$53,$0,$0,$113,$33,$0,$697,$14,$759,$872,$156,$253,$16,$303,$459,$0,$-71,$-0,$413,$872,$-56,$64,$52,$116,$0,$0,$-0,$4,$21,$81,$-23,$0,$-33,$0,$-2,$-2,$0,$-58,$-8,$0,$-8,$-7,$-7,$0,$-7,$-22,$1,$33,$0
8,2016-09-30,36.45,$10.15,3.59,$12.98,2.81,$2.23,16.36,$-0.64,0.0,$0.11B,$0.14B,0.83,$0.26B,$0.44B,0.59,$0.54B,$0.37B,68.39%,$0.54B,$-0.02B,-4.07%,$0.54B,$-0.02B,-4.07%,$0.54B,$0.04B,6.84%,$0.54B,$-0.04B,-7.39%,$0.54B,$-0.03B,-4.99%,$-0.03B,$0.44B,-6.20%,$-0.03B,$-0.25B,10.11%,$-0.03B,$0.87B,-3.12%,$-0.02B,$0.69B,-3.08%,$149,$47,$102,$0,$86,$150,$-1,$-4,$-6,$-2,$-4,$-4,$-4,$15,$-1,$43,43,$-0.09,$-0.09,$51,$0,$0,$113,$33,$0,$685,$13,$757,$870,$136,$258,$12,$299,$434,$0,$-38,$-0,$435,$870,$-23,$50,$25,$75,$0,$0,$0,$1,$2,$53,$-17,$0,$-20,$0,$-1,$-1,$0,$-38,$-6,$0,$-6,$-8,$-8,$0,$-3,$-17,$-1,$26,$0
9,2016-06-30,33.31,$10.09,3.3,$12.25,2.72,$1.79,18.66,$-0.46,0.0,$0.11B,$0.11B,1.04,$0.29B,$0.43B,0.66,$0.50B,$0.33B,66.67%,$0.50B,$-0.01B,-2.63%,$0.50B,$-0.01B,-2.63%,$0.50B,$0.04B,7.27%,$0.50B,$-0.03B,-5.66%,$0.50B,$-0.02B,-4.04%,$-0.02B,$0.43B,-5.15%,$-0.02B,$-0.27B,10.38%,$-0.02B,$0.86B,-2.59%,$-0.01B,$0.72B,-2.03%,$142,$45,$97,$0,$86,$148,$-6,$-5,$-11,$-3,$-8,$-8,$-8,$11,$-6,$43,43,$-0.19,$-0.19,$39,$0,$0,$112,$29,$0,$697,$12,$749,$861,$107,$285,$9,$322,$429,$0,$-34,$0,$432,$861,$-19,$33,$26,$60,$0,$0,$3,$-12,$-15,$26,$-8,$0,$-20,$0,$0,$0,$0,$-28,$-4,$0,$-4,$-8,$-8,$0,$0,$-12,$-13,$18,$0
10,2016-03-31,27.2,$10.17,2.67,$11.66,2.33,$1.29,21.04,$-0.20,0.0,$0.10B,$0.10B,0.93,$0.29B,$0.43B,0.66,$0.46B,$0.29B,64.25%,$0.46B,$-0.00B,-0.22%,$0.46B,$-0.00B,-0.22%,$0.46B,$0.04B,8.11%,$0.46B,$-0.01B,-2.85%,$0.46B,$-0.01B,-1.97%,$-0.01B,$0.43B,-2.65%,$-0.01B,$-0.28B,7.79%,$-0.01B,$0.86B,-1.33%,$-0.00B,$0.72B,-0.18%,$132,$40,$92,$0,$88,$145,$-13,$-4,$-17,$-6,$-11,$-11,$-11,$3,$-13,$43,43,$-0.26,$-0.26,$37,$0,$0,$95,$27,$0,$713,$11,$761,$856,$103,$285,$8,$320,$422,$0,$-26,$0,$434,$856,$-11,$16,$17,$33,$0,$0,$0,$3,$-9,$14,$-3,$0,$-20,$0,$0,$0,$0,$-23,$-2,$2,$0,$-6,$-6,$0,$0,$-6,$-15,$12,$0
11,2015-12-31,29.85,$10.48,2.85,$11.14,2.68,$0.89,33.5,$0.13,229.62,$0.11B,$0.12B,0.95,$0.29B,$0.44B,0.65,$0.42B,$0.26B,61.67%,$0.42B,$0.02B,4.52%,$0.42B,$0.02B,4.52%,$0.42B,$0.05B,10.95%,$0.42B,$0.01B,1.90%,$0.42B,$0.01B,1.19%,$0.01B,$0.44B,1.75%,$0.01B,$-0.27B,-15.38%,$0.01B,$0.88B,0.86%,$0.02B,$0.73B,4.06%,$118,$39,$79,$0,$72,$121,$-2,$-3,$-6,$-2,$-4,$-4,$-4,$8,$-2,$37,38,$-0.11,$-0.11,$52,$0,$0,$112,$29,$0,$714,$9,$765,$876,$118,$285,$8,$319,$436,$0,$-15,$0,$440,$876,$4,$28,$14,$42,$0,$0,$3,$7,$-4,$42,$-15,$0,$-328,$0,$-2,$-2,$0,$-345,$150,$0,$150,$2,$2,$0,$-7,$145,$-158,$15,$0
12,2015-09-30,29.97,$6.92,4.33,$10.68,2.81,$1.44,20.83,$0.33,90.82,$0.26B,$0.07B,3.71,$0.15B,$0.25B,0.6,$0.40B,$0.24B,59.65%,$0.40B,$0.03B,7.02%,$0.40B,$0.03B,7.02%,$0.40B,$0.05B,12.53%,$0.40B,$0.02B,5.01%,$0.40B,$0.01B,3.26%,$0.01B,$0.25B,5.75%,$0.01B,$0.05B,28.57%,$0.01B,$0.50B,2.76%,$0.03B,$0.40B,7.51%,$103,$41,$62,$0,$48,$95,$8,$-2,$6,$3,$3,$3,$3,$14,$8,$36,38,$0.09,$0.09,$208,$0,$0,$259,$18,$0,$200,$11,$238,$498,$70,$149,$10,$180,$250,$0,$-11,$0,$248,$498,$8,$17,$-3,$14,$0,$0,$0,$6,$4,$26,$-11,$0,$-27,$0,$-2,$-2,$0,$-40,$0,$0,$0,$2,$2,$0,$11,$12,$-1,$10,$0
13,2015-06-30,40.43,$6.67,6.06,$10.33,3.91,$1.76,22.91,$0.34,118.91,$0.25B,$0.07B,3.61,$0.15B,$0.24B,0.62,$0.39B,$0.23B,58.44%,$0.39B,$0.03B,6.75%,$0.39B,$0.03B,6.75%,$0.39B,$0.05B,11.95%,$0.39B,$0.02B,5.19%,$0.39B,$0.01B,3.64%,$0.01B,$0.24B,6.75%,$0.01B,$0.04B,28.43%,$0.01B,$0.49B,3.35%,$0.03B,$0.39B,8.20%,$103,$42,$60,$0,$47,$96,$6,$-2,$4,$2,$3,$3,$3,$12,$6,$36,38,$0.07,$0.07,$199,$0,$0,$253,$18,$0,$194,$12,$232,$486,$70,$148,$13,$178,$248,$0,$-14,$0,$238,$486,$5,$11,$-4,$7,$0,$0,$1,$-3,$-7,$5,$-7,$0,$-22,$0,$-2,$-2,$0,$-30,$0,$0,$0,$-1,$-1,$0,$15,$15,$-11,$7,$0
14,2015-03-31,56.08,$6.15,9.11,$9.91,5.66,$2.14,26.21,$0.37,151.57,$0.26B,$0.07B,4.0,$0.15B,$0.22B,0.68,$0.37B,$0.21B,57.77%,$0.37B,$0.02B,6.54%,$0.37B,$0.02B,6.54%,$0.37B,$0.04B,11.72%,$0.37B,$0.02B,5.99%,$0.37B,$0.02B,4.09%,$0.02B,$0.22B,7.94%,$0.02B,$0.05B,28.44%,$0.02B,$0.46B,4.21%,$0.02B,$0.36B,9.17%,$96,$39,$58,$0,$46,$90,$7,$-2,$4,$2,$3,$3,$3,$12,$7,$35,37,$0.07,$0.07,$210,$0,$0,$261,$17,$0,$163,$10,$198,$459,$65,$146,$13,$177,$242,$0,$-17,$0,$217,$459,$3,$5,$-5,$1,$0,$0,$0,$-3,$-6,$-3,$-3,$0,$-3,$0,$0,$0,$0,$-6,$0,$0,$0,$-3,$-3,$0,$11,$9,$0,$3,$0
15,2014-12-31,49.14,$5.85,8.4,$9.47,5.19,$2.39,20.53,$0.38,129.32,$0.24B,$0.07B,3.67,$0.15B,$0.20B,0.72,$0.35B,$0.20B,56.57%,$0.35B,$0.02B,6.00%,$0.35B,$0.02B,6.00%,$0.35B,$0.04B,11.14%,$0.35B,$0.02B,6.29%,$0.35B,$0.02B,4.29%,$0.02B,$0.20B,8.67%,$0.02B,$0.04B,29.56%,$0.02B,$0.44B,5.03%,$0.02B,$0.35B,10.04%,$97,$39,$58,$0,$46,$90,$7,$-1,$6,$3,$4,$4,$4,$12,$7,$35,37,$0.10,$0.10,$210,$0,$0,$237,$17,$0,$164,$10,$202,$439,$65,$145,$15,$173,$237,$0,$-19,$0,$202,$439,$14,$19,$-1,$18,$0,$0,$-1,$15,$24,$56,$-10,$0,$-60,$0,$0,$0,$0,$-69,$171,$0,$171,$5,$5,$0,$-3,$173,$160,$11,$0
16,2014-09-30,45.0,$5.05,8.91,$8.93,5.04,$1.68,26.73,$0.30,150.0,$0.14B,$0.09B,1.6,$0.00B,$0.17B,0.0,$0.33B,$0.18B,55.66%,$0.33B,$0.02B,4.59%,$0.33B,$0.02B,4.59%,$0.33B,$0.03B,10.40%,$0.33B,$0.02B,5.20%,$0.33B,$0.01B,3.67%,$0.01B,$0.17B,7.52%,$0.01B,$0.06B,23.65%,$0.01B,$0.29B,4.93%,$0.02B,$0.17B,9.40%,$89,$39,$49,$0,$39,$83,$6,$-0,$6,$2,$4,$4,$4,$10,$6,$35,37,$0.11,$0.10,$106,$0,$0,$141,$16,$0,$110,$5,$146,$288,$88,$0,$17,$26,$114,$0,$-23,$0,$173,$288,$10,$13,$4,$18,$0,$0,$2,$2,$7,$35,$-8,$0,$-1,$0,$0,$0,$0,$-9,$-2,$30,$29,$3,$3,$0,$-1,$30,$56,$8,$0
17,2014-06-30,48.92,$4.79,10.2,$8.49,5.76,$1.18,41.59,$0.24,203.83,$0.10B,$0.05B,1.88,$0.00B,$0.16B,0.0,$0.31B,$0.17B,56.17%,$0.31B,$0.01B,3.57%,$0.31B,$0.01B,3.57%,$0.31B,$0.03B,9.42%,$0.31B,$0.01B,4.22%,$0.31B,$0.01B,2.92%,$0.01B,$0.16B,5.92%,$0.01B,$0.06B,21.18%,$0.01B,$0.24B,4.02%,$0.01B,$0.16B,7.24%,$85,$38,$47,$0,$38,$81,$4,$2,$6,$2,$4,$4,$4,$9,$4,$35,37,$0.11,$0.10,$64,$0,$0,$100,$15,$0,$106,$5,$141,$240,$53,$0,$18,$24,$77,$0,$-27,$0,$164,$240,$7,$9,$4,$13,$0,$0,$1,$-1,$-2,$18,$-6,$0,$0,$0,$0,$0,$0,$-6,$0,$0,$0,$-0,$-0,$0,$3,$3,$15,$6,$0
18,2014-03-31,40.18,$4.49,8.96,$7.65,5.25,$1.07,37.68,$0.17,236.35,$0.08B,$0.05B,1.68,$0.00B,$0.15B,0.0,$0.28B,$0.16B,57.45%,$0.28B,$0.01B,3.27%,$0.28B,$0.01B,3.27%,$0.28B,$0.03B,9.09%,$0.28B,$0.01B,3.27%,$0.28B,$0.01B,2.18%,$0.01B,$0.15B,4.15%,$0.01B,$0.05B,15.19%,$0.01B,$0.23B,2.89%,$0.01B,$0.15B,6.22%,$79,$34,$44,$0,$36,$74,$4,$0,$4,$1,$3,$3,$3,$8,$4,$34,37,$0.09,$0.08,$53,$0,$0,$84,$13,$0,$108,$5,$141,$225,$50,$0,$17,$22,$72,$0,$-31,$0,$153,$225,$3,$4,$3,$7,$0,$0,$1,$-1,$-4,$6,$-3,$0,$0,$0,$0,$0,$0,$-3,$0,$0,$0,$-1,$-1,$0,$0,$-1,$3,$3,$0
19,2013-12-31,40.3,$4.36,9.24,$6.86,5.87,$1.04,38.7,$0.11,366.36,$0.08B,$0.05B,1.5,$0.00B,$0.15B,0.0,$0.24B,$0.14B,59.26%,$0.24B,$0.01B,2.47%,$0.24B,$0.01B,2.47%,$0.24B,$0.02B,8.64%,$0.24B,$0.01B,2.47%,$0.24B,$0.00B,1.65%,$0.00B,$0.15B,2.88%,$0.00B,$0.04B,10.67%,$0.00B,$0.22B,2.07%,$0.01B,$0.15B,4.32%,$74,$32,$42,$0,$36,$73,$1,$0,$1,$1,$1,$1,$1,$7,$1,$33,36,$0.02,$0.01,$50,$0,$0,$79,$13,$0,$110,$5,$142,$221,$53,$0,$17,$20,$73,$0,$-34,$0,$148,$221,$4,$15,$4,$19,$0,$0,$3,$-9,$6,$29,$-9,$0,$-9,$0,$0,$0,$0,$-18,$0,$0,$0,$6,$6,$0,$4,$9,$20,$9,$0
20,2013-09-30,31.0,$4.23,7.32,$6.11,5.08,$1.13,27.37,$0.11,281.82,$0.07B,$0.05B,1.41,$0.00B,$0.14B,0.0,$0.21B,$0.13B,61.03%,$0.21B,$0.01B,3.29%,$0.21B,$0.01B,3.29%,$0.21B,$0.02B,8.92%,$0.21B,$0.01B,3.29%,$0.21B,$0.00B,1.41%,$0.00B,$0.14B,2.25%,$0.00B,$0.03B,8.28%,$0.00B,$0.21B,1.68%,$0.01B,$0.14B,5.25%,$70,$30,$40,$0,$33,$68,$2,$0,$2,$0,$1,$1,$1,$5,$2,$34,36,$0.04,$0.04,$37,$0,$0,$66,$12,$0,$113,$5,$142,$209,$47,$0,$17,$19,$66,$0,$-34,$0,$143,$209,$3,$10,$3,$13,$0,$0,$2,$-11,$-1,$15,$-7,$0,$-9,$0,$0,$0,$0,$-16,$0,$0,$0,$5,$5,$0,$3,$8,$7,$6,$0
21,2013-06-30,24.6,$4.03,6.1,$5.43,4.53,$1.31,18.8,$0.09,273.33,$0.06B,$0.03B,1.77,$0.00B,$0.14B,0.0,$0.19B,$0.12B,63.24%,$0.19B,$0.01B,3.24%,$0.19B,$0.01B,3.24%,$0.19B,$0.02B,9.73%,$0.19B,$0.01B,3.24%,$0.19B,$0.00B,1.62%,$0.00B,$0.14B,2.33%,$0.00B,$0.05B,8.33%,$0.00B,$0.18B,1.81%,$0.01B,$0.14B,4.67%,$52,$20,$32,$0,$27,$50,$2,$0,$2,$1,$1,$1,$1,$5,$2,$33,35,$0.03,$0.03,$40,$0,$0,$60,$11,$0,$90,$4,$116,$176,$34,$0,$5,$8,$41,$0,$-36,$0,$135,$176,$2,$6,$2,$8,$0,$0,$1,$-5,$0,$10,$-3,$0,$0,$0,$0,$0,$0,$-3,$0,$0,$0,$2,$2,$0,$1,$3,$10,$4,$0
22,2013-03-31,17.51,$3.97,4.41,$5.14,3.41,$1.29,13.55,$0.04,437.75,$0.05B,$0.03B,1.63,$0.00B,$0.13B,0.0,$0.17B,$0.11B,63.74%,$0.17B,$0.00B,1.75%,$0.17B,$0.00B,1.75%,$0.17B,$0.02B,9.36%,$0.17B,$0.00B,1.75%,$0.17B,$0.00B,0.58%,$0.00B,$0.13B,0.80%,$0.00B,$0.04B,3.23%,$0.00B,$0.17B,0.63%,$0.00B,$0.13B,2.40%,$47,$17,$30,$0,$26,$46,$1,$0,$1,$0,$1,$1,$1,$4,$1,$32,34,$0.02,$0.02,$32,$0,$0,$48,$11,$0,$91,$4,$118,$166,$29,$0,$5,$8,$37,$0,$-37,$0,$129,$166,$1,$3,$2,$5,$0,$0,$-0,$-2,$-2,$4,$-1,$0,$0,$0,$0,$0,$0,$-1,$0,$0,$0,$-0,$-0,$0,$0,$-0,$2,$2,$0
23,2012-12-31,13.95,$3.89,3.58,$4.77,2.92,$1.37,10.18,$0.04,348.75,$0.04B,$0.03B,1.51,$0.00B,$0.13B,0.0,$0.16B,$0.10B,63.69%,$0.16B,$0.00B,1.91%,$0.16B,$0.00B,1.91%,$0.16B,$0.02B,10.19%,$0.16B,$0.00B,1.91%,$0.16B,$0.00B,0.64%,$0.00B,$0.13B,0.82%,$0.00B,$0.03B,2.33%,$0.00B,$0.16B,0.65%,$0.00B,$0.13B,2.45%,$44,$16,$28,$0,$23,$42,$2,$0,$2,$2,$-0,$-0,$-0,$5,$2,$32,33,$-0.01,$-0.01,$30,$0,$0,$44,$12,$0,$93,$4,$119,$162,$29,$0,$5,$7,$36,$0,$-37,$0,$126,$162,$0,$14,$3,$17,$0,$0,$1,$8,$11,$29,$-7,$0,$-62,$0,$0,$0,$-0,$-70,$0,$0,$0,$2,$2,$0,$4,$6,$-35,$4,$0
24,2012-09-30,11.7,$3.83,3.05,$4.37,2.68,$1.29,9.06,$0.08,146.25,$0.04B,$0.03B,1.32,$0.00B,$0.12B,0.0,$0.14B,$0.09B,63.89%,$0.14B,$0.00B,2.08%,$0.14B,$0.00B,2.08%,$0.14B,$0.02B,11.11%,$0.14B,$0.00B,1.39%,$0.14B,$0.00B,2.08%,$0.00B,$0.12B,2.50%,$0.00B,$0.03B,5.43%,$0.00B,$0.16B,2.04%,$0.00B,$0.12B,2.50%,$42,$15,$27,$0,$23,$41,$1,$0,$1,$0,$1,$1,$1,$4,$1,$32,33,$0.02,$0.02,$21,$0,$0,$35,$12,$0,$95,$4,$122,$158,$27,$0,$5,$7,$34,$0,$-37,$0,$124,$158,$1,$10,$3,$13,$0,$0,$1,$3,$6,$19,$-6,$0,$-61,$0,$0,$0,$-0,$-67,$0,$0,$0,$2,$2,$0,$3,$5,$-44,$3,$0
25,2012-06-30,12.0,$3.78,3.18,$4.08,2.94,$1.30,9.23,$0.12,100.0,$0.03B,$0.02B,1.22,$0.00B,$0.12B,0.0,$0.13B,$0.09B,64.18%,$0.13B,$0.01B,3.73%,$0.13B,$0.01B,3.73%,$0.13B,$0.02B,13.43%,$0.13B,$0.00B,2.99%,$0.13B,$0.00B,2.99%,$0.00B,$0.12B,3.41%,$0.00B,$0.03B,5.30%,$0.00B,$0.15B,2.74%,$0.01B,$0.12B,4.26%,$38,$14,$24,$0,$22,$39,$-1,$0,$-1,$-0,$-1,$-1,$-1,$3,$-1,$32,32,$-0.02,$-0.02,$13,$0,$0,$30,$12,$0,$97,$3,$123,$153,$24,$0,$5,$7,$31,$0,$-38,$0,$122,$153,$0,$7,$2,$8,$0,$0,$1,$1,$1,$10,$-4,$0,$-61,$0,$0,$0,$-0,$-66,$0,$0,$0,$1,$1,$0,$3,$4,$-52,$2,$0
26,2012-03-31,12.52,$3.69,3.39,$3.85,3.25,$1.39,9.02,$0.21,59.62,$0.08B,$0.02B,5.11,$0.00B,$0.12B,0.0,$0.13B,$0.08B,64.57%,$0.13B,$0.01B,7.09%,$0.13B,$0.01B,7.09%,$0.13B,$0.02B,16.54%,$0.13B,$0.01B,7.09%,$0.13B,$0.01B,5.51%,$0.01B,$0.12B,6.13%,$0.01B,$0.09B,7.29%,$0.01B,$0.14B,4.84%,$0.01B,$0.12B,7.88%,$33,$12,$21,$0,$17,$31,$1,$0,$1,$0,$1,$1,$1,$4,$1,$32,33,$0.02,$0.02,$71,$0,$0,$83,$11,$0,$33,$3,$57,$139,$16,$0,$3,$5,$21,$0,$-37,$0,$118,$139,$1,$2,$1,$3,$0,$0,$0,$3,$2,$6,$-1,$0,$0,$0,$0,$0,$0,$-1,$0,$0,$0,$1,$1,$0,$0,$1,$6,$1,$0
27,2011-12-31,11.96,$3.64,3.29,$3.74,3.19,$1.34,8.95,$0.23,52.0,$0.08B,$0.02B,4.79,$0.00B,$0.12B,0.0,$0.12B,$0.08B,65.04%,$0.12B,$0.01B,8.94%,$0.12B,$0.01B,8.94%,$0.12B,$0.02B,17.89%,$0.12B,$0.01B,8.13%,$0.12B,$0.01B,5.69%,$0.01B,$0.12B,6.29%,$0.01B,$0.08B,6.98%,$0.01B,$0.14B,4.79%,$0.01B,$0.12B,9.89%,$31,$10,$20,$0,$16,$28,$2,$-1,$1,$-1,$2,$2,$2,$5,$2,$32,33,$0.06,$0.06,$65,$0,$0,$82,$11,$0,$34,$3,$56,$138,$17,$0,$4,$5,$22,$0,$-38,$0,$116,$138,$8,$11,$7,$19,$0,$0,$0,$-3,$-2,$25,$-6,$0,$-24,$0,$0,$0,$-0,$-30,$0,$0,$0,$3,$3,$0,$0,$3,$-3,$3,$0
28,2011-09-30,10.0,$3.56,2.81,$4.14,2.41,$0.58,17.24,$0.20,50.0,$0.10B,$0.02B,5.71,$0.00B,$0.11B,0.0,$0.12B,$0.08B,65.00%,$0.12B,$0.01B,9.17%,$0.12B,$0.01B,9.17%,$0.12B,$0.02B,18.33%,$0.12B,$0.01B,9.17%,$0.12B,$0.01B,5.00%,$0.01B,$0.11B,5.57%,$0.01B,$0.11B,5.74%,$0.01B,$0.15B,4.08%,$0.01B,$0.11B,10.21%,$32,$11,$21,$0,$16,$29,$3,$-0,$3,$1,$2,$2,$2,$6,$3,$32,33,$0.06,$0.06,$84,$0,$0,$95,$11,$0,$3,$30,$58,$153,$17,$0,$22,$24,$40,$0,$-40,$0,$113,$153,$6,$9,$6,$15,$0,$0,$0,$-2,$-2,$19,$-5,$0,$0,$0,$0,$0,$-0,$-6,$0,$0,$0,$3,$3,$0,$0,$3,$16,$2,$0
29,2011-06-30,14.85,$3.47,4.28,$4.10,3.62,$-0.14,0.0,$0.16,92.81,$0.09B,$0.02B,5.61,$0.00B,$0.11B,0.0,$0.11B,$0.07B,65.49%,$0.11B,$0.01B,7.96%,$0.11B,$0.01B,7.96%,$0.11B,$0.02B,17.70%,$0.11B,$0.01B,7.96%,$0.11B,$0.00B,3.54%,$0.00B,$0.11B,3.82%,$0.00B,$0.11B,3.95%,$0.00B,$0.15B,2.80%,$0.01B,$0.11B,8.59%,$31,$11,$20,$0,$16,$28,$3,$1,$4,$2,$2,$2,$2,$6,$3,$32,33,$0.08,$0.07,$79,$0,$0,$90,$11,$0,$3,$30,$59,$149,$16,$0,$22,$23,$39,$0,$-41,$0,$110,$149,$4,$5,$4,$10,$0,$0,$0,$-1,$-1,$13,$-4,$0,$0,$0,$0,$0,$-0,$-4,$0,$0,$0,$2,$2,$0,$0,$2,$11,$2,$0
