,Date,Stock Price,Book Value per Share,Price to Book Ratio,TTM Sales per Share,Price to Sales Ratio,TTM FCF per Share,Price to FCF Ratio,TTM Net EPS,PE Ratio,Current Assets,Current Liabilities,Current Ratio,Long Term Debt,Shareholder's Equity_x,Debt to Equity Ratio,TTM Revenue_x,TTM Gross Profit,Gross Margin,TTM Revenue_y,TTM Operating Income,Operating Margin,TTM Revenue_x,TTM EBIT,EBIT Margin,TTM Revenue_y,TTM EBITDA,EBITDA Margin,TTM Revenue_x,TTM Pre-Tax Income,Pre-Tax Margin,TTM Revenue_y,TTM Net Income_x,Net Margin,TTM Net Income_y,Shareholder's Equity_y,Return on Equity,TTM Net Income_x,Tangible Equity,Return on Tangible Equity,TTM Net Income_y,Total Assets,Return on Assets,TTM Net Income,LT Investments & Debt,Return on Investment,revenue,cost-goods-sold,gross-profit,research-development-expenses,selling-general-administrative-expenses,operating-expenses,operating-income,total-non-operating-income-expense,pre-tax-income,total-provision-income-taxes,income-after-taxes,income-from-continuous-operations,net-income,ebitda,ebit,basic-shares-outstanding,shares-outstanding,eps-basic-net-earnings-per-share,eps-earnings-per-share-diluted,cash-on-hand,inventory,other-current-assets,total-current-assets,net-property-plant-equipment,long-term-investments,goodwill-intangible-assets-total,other-long-term-assets,total-long-term-assets,total-assets,total-current-liabilities,long-term-debt,other-non-current-liabilities,total-long-term-liabilities,total-liabilities,common-stock-net,retained-earnings-accumulated-deficit,comprehensive-income,total-share-holder-equity,total-liabilities-share-holders-equity,net-income-loss,total-depreciation-amortization-cash-flow,other-non-cash-items,total-non-cash-items,change-in-accounts-receivable,change-in-inventories,change-in-accounts-payable,change-in-assets-liabilities,total-change-in-assets-liabilities,cash-flow-from-operating-activities,net-change-in-property-plant-equipment,net-change-in-intangible-assets,net-acquisitions-divestitures,net-change-in-short-term-investments,net-change-in-long-term-investments,net-change-in-investments-total,investing-activities-other,cash-flow-from-investing-activities,net-long-term-debt,net-current-debt,debt-issuance-retirement-net-total,net-common-equity-issued-repurchased,net-total-equity-issued-repurchased,total-common-preferred-stock-dividends-paid,financial-activities-other,cash-flow-from-financial-activities,net-cash-flow,stock-based-compensation,common-stock-dividends-paid
0,2018-09-30,127.57,$31.97,3.99,$27.65,4.61,$3.06,41.63,$8.55,14.92,$4.82B,$4.43B,1.09,$5.17B,$18.54B,0.28,$16.04B,$16.04B,100.00%,$16.04B,$3.82B,23.83%,$16.04B,$3.82B,23.83%,$16.04B,$7.22B,45.01%,$16.04B,$3.57B,22.22%,$16.04B,$4.96B,30.90%,$4.96B,$18.54B,28.69%,$4.96B,$18.54B,28.69%,$4.96B,$33.64B,15.70%,$3.82B,$23.71B,16.70%,$4782,$0,$4782,$33,$2279,$3275,$1507,$-60,$1446,$255,$1191,$1191,$1191,$2425,$1507,$577,582,$2.06,$2.05,$1274,$767,$304,$4817,$27948,$0,$0,$856,$28821,$33638,$4425,$5172,$1302,$10674,$15099,$206,$12778,$-19,$18538,$33638,$2526,$2515,$989,$3504,$-554,$-287,$538,$-23,$-362,$5683,$-4763,$0,$0,$-96,$0,$-96,$-20,$-4878,$-5,$0,$-5,$-46,$-46,$-311,$0,$-363,$440,$116,$-311
1,2018-06-30,124.25,$30.13,4.12,$23.99,5.18,$1.59,78.23,$6.67,18.63,$4.23B,$4.30B,0.99,$5.17B,$17.45B,0.3,$13.90B,$13.90B,100.00%,$13.90B,$2.53B,18.20%,$13.90B,$2.53B,18.20%,$13.90B,$5.86B,42.12%,$13.90B,$2.27B,16.29%,$13.90B,$3.87B,27.81%,$3.87B,$17.45B,23.98%,$3.87B,$17.45B,23.98%,$3.87B,$32.09B,12.73%,$2.53B,$22.63B,11.48%,$4238,$0,$4238,$52,$2320,$3273,$965,$-72,$893,$196,$697,$697,$697,$1814,$965,$576,580,$1.21,$1.20,$1008,$671,$281,$4232,$27154,$0,$0,$690,$27861,$32092,$4297,$5172,$1305,$10343,$14640,$206,$11715,$-18,$17452,$32092,$1335,$1597,$728,$2325,$-310,$-192,$456,$-143,$-167,$3494,$-3117,$0,$0,$27,$0,$27,$0,$-3090,$-3,$0,$-3,$-21,$-21,$-204,$0,$-228,$174,$67,$-204
2,2018-03-31,104.94,$29.10,3.61,$21.21,4.95,$1.25,84.17,$5.51,19.05,$3.59B,$2.84B,1.26,$6.07B,$16.84B,0.36,$12.28B,$12.28B,100.00%,$12.28B,$1.69B,13.80%,$12.28B,$1.69B,13.80%,$12.28B,$5.04B,41.01%,$12.28B,$1.43B,11.68%,$12.28B,$3.19B,26.01%,$3.19B,$16.84B,20.96%,$3.19B,$16.84B,20.96%,$3.19B,$30.74B,10.77%,$1.69B,$22.91B,7.90%,$3681,$0,$3681,$35,$1959,$2807,$875,$-61,$813,$175,$639,$639,$639,$1623,$875,$576,580,$1.11,$1.10,$816,$585,$219,$3585,$26376,$0,$0,$762,$27155,$30741,$2837,$6072,$1302,$11063,$13900,$206,$11125,$-14,$16841,$30741,$639,$749,$324,$1072,$-110,$-107,$54,$-20,$-161,$1552,$-1438,$0,$0,$-18,$0,$-18,$0,$-1456,$-2,$0,$-2,$-15,$-15,$-97,$0,$-114,$-18,$35,$-97
3,2017-12-31,107.41,$28.15,3.82,$19.37,5.55,$1.05,102.53,$4.46,24.08,$3.28B,$2.73B,1.2,$6.03B,$16.28B,0.37,$11.21B,$11.21B,100.00%,$11.21B,$0.93B,8.27%,$11.21B,$0.93B,8.27%,$11.21B,$4.34B,38.69%,$11.21B,$0.66B,5.89%,$11.21B,$2.58B,23.05%,$2.58B,$16.28B,17.80%,$2.58B,$16.28B,17.80%,$2.58B,$29.83B,8.82%,$0.93B,$22.31B,4.42%,$3340,$0,$3340,$27,$1802,$2865,$476,$-63,$413,$-2017,$2430,$2430,$2430,$1358,$476,$575,579,$4.23,$4.20,$834,$484,$250,$3279,$25665,$0,$0,$871,$26554,$29833,$2726,$6031,$1275,$10824,$13550,$206,$10594,$-19,$16283,$29833,$2583,$3409,$-763,$2646,$-392,$-175,$324,$-658,$-965,$4265,$-3897,$0,$0,$-90,$0,$-90,$0,$-3987,$-607,$0,$-607,$-43,$-43,$-387,$-0,$-1036,$-766,$134,$-387
4,2017-09-30,96.13,$24.08,3.99,$17.94,5.36,$2.03,47.35,$0.01,9612.8,$2.76B,$2.18B,1.27,$6.38B,$13.92B,0.46,$10.27B,$10.27B,100.00%,$10.27B,$0.35B,3.37%,$10.27B,$0.35B,3.37%,$10.27B,$3.74B,36.37%,$10.27B,$0.05B,0.52%,$10.27B,$0.01B,0.11%,$0.01B,$13.92B,0.08%,$0.01B,$13.92B,0.08%,$0.01B,$28.81B,0.04%,$0.35B,$20.30B,1.68%,$2645,$0,$2645,$31,$1499,$2430,$215,$-69,$146,$45,$101,$101,$101,$1061,$215,$575,579,$0.17,$0.17,$846,$344,$203,$2764,$25725,$0,$0,$299,$26041,$28805,$2180,$6380,$1215,$12703,$14883,$206,$8260,$-17,$13922,$28805,$152,$2528,$516,$3044,$-25,$-18,$113,$-274,$-254,$2938,$-2876,$0,$0,$120,$0,$120,$0,$-2755,$-605,$0,$-605,$-39,$-39,$-289,$-0,$-933,$-754,$102,$-289
5,2017-06-30,89.78,$24.08,3.73,$17.24,5.21,$2.23,40.19,$-0.51,0.0,$3.38B,$2.72B,1.24,$6.38B,$13.90B,0.46,$9.74B,$9.74B,100.00%,$9.74B,$-0.06B,-0.64%,$9.74B,$-0.06B,-0.64%,$9.74B,$3.38B,34.69%,$9.74B,$-0.37B,-3.75%,$9.74B,$-0.28B,-2.87%,$-0.28B,$13.90B,-2.09%,$-0.28B,$13.90B,-2.09%,$-0.28B,$29.26B,-0.99%,$-0.06B,$20.28B,-0.31%,$2612,$0,$2612,$35,$1506,$2485,$128,$-65,$62,$39,$23,$23,$23,$993,$128,$574,578,$0.04,$0.04,$1649,$336,$192,$3383,$25580,$0,$0,$283,$25880,$29264,$2722,$6380,$1200,$12640,$15362,$206,$8256,$-17,$13902,$29264,$52,$1681,$315,$1997,$104,$-6,$77,$-207,$-72,$1976,$-1798,$0,$0,$79,$0,$79,$0,$-1719,$-3,$0,$-3,$-12,$-12,$-193,$0,$-208,$50,$58,$-193
6,2017-03-31,96.59,$24.13,4.0,$15.96,6.05,$1.67,57.89,$-1.08,0.0,$3.39B,$2.03B,1.67,$6.98B,$13.93B,0.5,$8.91B,$8.91B,100.00%,$8.91B,$-0.48B,-5.37%,$8.91B,$-0.48B,-5.37%,$8.91B,$2.96B,33.24%,$8.91B,$-0.81B,-9.06%,$8.91B,$-0.60B,-6.69%,$-0.60B,$13.93B,-4.61%,$-0.60B,$13.93B,-4.61%,$-0.60B,$29.21B,-2.17%,$-0.48B,$20.91B,-2.40%,$2611,$0,$2611,$57,$1437,$2503,$108,$-68,$39,$11,$29,$29,$29,$924,$108,$574,579,$0.05,$0.05,$1547,$314,$266,$3394,$25606,$0,$0,$195,$25818,$29212,$2032,$6980,$1248,$13252,$15284,$206,$8330,$-19,$13928,$29212,$29,$816,$181,$997,$29,$25,$20,$-159,$-124,$898,$-900,$0,$0,$63,$0,$63,$0,$-836,$-2,$0,$-2,$-16,$-16,$-97,$0,$-115,$-53,$30,$-97
7,2016-12-31,99.95,$24.24,4.12,$13.93,7.18,$1.17,85.54,$-1.99,0.0,$3.39B,$2.03B,1.67,$6.98B,$13.98B,0.5,$7.65B,$7.65B,100.00%,$7.65B,$-1.22B,-16.00%,$7.65B,$-1.22B,-16.00%,$7.65B,$2.33B,30.43%,$7.65B,$-1.56B,-20.35%,$7.65B,$-1.10B,-14.34%,$-1.10B,$13.98B,-8.73%,$-1.10B,$13.98B,-8.73%,$-1.10B,$29.30B,-4.10%,$-1.22B,$20.96B,-6.26%,$2402,$0,$2402,$39,$1308,$2508,$-105,$-89,$-194,$-52,$-142,$-142,$-142,$757,$-105,$553,553,$-0.24,$-0.24,$1600,$350,$207,$3385,$25707,$0,$0,$191,$25914,$29299,$2027,$6980,$1282,$13290,$15318,$206,$8398,$-19,$13982,$29299,$-1097,$3553,$148,$3701,$-233,$171,$-74,$-213,$-256,$2359,$-1464,$0,$55,$156,$0,$156,$0,$-1253,$421,$-260,$161,$-59,$-59,$-373,$28,$-243,$881,$128,$-373
8,2016-09-30,95.44,$21.40,4.46,$12.88,7.41,$-2.70,0.0,$-2.26,0.0,$2.74B,$1.73B,1.58,$6.98B,$11.80B,0.59,$7.05B,$7.05B,100.00%,$7.05B,$-1.45B,-20.56%,$7.05B,$-1.45B,-20.56%,$7.05B,$2.01B,28.54%,$7.05B,$-1.76B,-25.01%,$7.05B,$-1.24B,-17.58%,$-1.24B,$11.80B,-10.07%,$-1.24B,$11.80B,-10.07%,$-1.24B,$25.56B,-4.73%,$-1.45B,$18.78B,-7.55%,$2119,$0,$2119,$36,$1199,$2312,$-193,$-79,$-272,$-82,$-190,$-190,$-190,$706,$-193,$548,548,$-0.35,$-0.35,$1049,$430,$202,$2738,$22644,$0,$0,$173,$22817,$25555,$1733,$6980,$976,$12024,$13757,$206,$8642,$-25,$11798,$25555,$-954,$2691,$-133,$2558,$-12,$138,$-201,$-95,$-57,$1554,$-1384,$0,$0,$121,$0,$121,$0,$-1264,$586,$-260,$327,$-41,$-41,$-277,$20,$28,$330,$97,$-277
9,2016-06-30,82.16,$21.90,3.75,$12.99,6.32,$-4.92,0.0,$-9.38,0.0,$2.45B,$1.71B,1.43,$6.98B,$12.06B,0.58,$7.10B,$7.10B,100.00%,$7.10B,$-7.48B,-105.35%,$7.10B,$-7.48B,-105.35%,$7.10B,$-4.20B,-59.11%,$7.10B,$-7.77B,-109.38%,$7.10B,$-5.13B,-72.19%,$-5.13B,$12.06B,-40.44%,$-5.13B,$12.06B,-40.44%,$-5.13B,$25.83B,-19.26%,$-7.48B,$19.04B,-38.51%,$1776,$0,$1776,$30,$1098,$2064,$-288,$-92,$-380,$-88,$-293,$-293,$-293,$574,$-288,$547,547,$-0.53,$-0.53,$780,$496,$187,$2450,$23213,$0,$0,$168,$23380,$25831,$1712,$6979,$979,$12062,$13774,$206,$8924,$-25,$12057,$25831,$-764,$1791,$-114,$1677,$-23,$96,$-203,$-86,$-123,$795,$-936,$0,$0,$54,$0,$54,$0,$-881,$588,$-260,$328,$-18,$-18,$-184,$10,$136,$61,$59,$-184
10,2016-03-31,71.33,$22.55,3.16,$14.24,5.01,$-6.21,0.0,$-8.84,0.0,$2.37B,$1.55B,1.53,$6.98B,$12.41B,0.56,$7.79B,$7.79B,100.00%,$7.79B,$-7.15B,-91.76%,$7.79B,$-7.15B,-91.76%,$7.79B,$-3.82B,-49.03%,$7.79B,$-7.40B,-94.91%,$7.79B,$-4.83B,-61.94%,$-4.83B,$12.41B,-34.44%,$-4.83B,$12.41B,-34.44%,$-4.83B,$26.34B,-16.87%,$-7.15B,$19.39B,-34.68%,$1354,$0,$1354,$30,$962,$1992,$-638,$-73,$-711,$-239,$-472,$-472,$-472,$291,$-638,$547,547,$-0.86,$-0.86,$668,$539,$162,$2366,$23801,$0,$0,$171,$23973,$26338,$1548,$6979,$986,$12385,$13933,$206,$9308,$-31,$12405,$26338,$-472,$929,$-84,$845,$132,$58,$-290,$14,$-83,$292,$-567,$0,$0,$-2,$0,$-2,$0,$-569,$590,$-260,$330,$-10,$-10,$-92,$-2,$226,$-50,$32,$-92
11,2015-12-31,69.39,$23.54,2.95,$16.02,4.33,$-6.78,0.0,$-8.29,0.0,$2.59B,$1.82B,1.43,$6.65B,$12.94B,0.51,$8.76B,$8.76B,100.00%,$8.76B,$-6.69B,-76.34%,$8.76B,$-6.69B,-76.34%,$8.76B,$-3.37B,-38.50%,$8.76B,$-6.92B,-79.02%,$8.76B,$-4.53B,-51.67%,$-4.53B,$12.94B,-29.61%,$-4.53B,$12.94B,-29.61%,$-4.53B,$26.97B,-14.74%,$-6.69B,$19.59B,-30.76%,$1797,$0,$1797,$35,$1154,$2127,$-330,$-69,$-399,$-115,$-284,$-284,$-284,$440,$-330,$546,546,$-0.52,$-0.52,$719,$599,$156,$2592,$24211,$0,$0,$168,$24378,$26970,$1819,$6649,$971,$12208,$14027,$206,$9871,$-33,$12943,$26970,$-4525,$3314,$4939,$8253,$641,$58,$-1409,$552,$-146,$3595,$-4820,$0,$0,$-500,$0,$-500,$0,$-5320,$484,$260,$744,$-26,$-26,$-367,$20,$371,$-1369,$131,$-367
12,2015-09-30,71.22,$24.17,2.95,$21.20,3.36,$-2.76,0.0,$-6.96,0.0,$2.83B,$2.05B,1.38,$6.39B,$13.28B,0.48,$11.61B,$11.61B,100.00%,$11.61B,$-5.13B,-44.19%,$11.61B,$-5.13B,-44.19%,$11.61B,$-1.57B,-13.54%,$11.61B,$-5.37B,-46.30%,$11.61B,$-3.80B,-32.71%,$-3.80B,$13.28B,-23.04%,$-3.80B,$13.28B,-23.04%,$-3.80B,$27.28B,-11.62%,$-5.13B,$19.68B,-22.55%,$2172,$0,$2172,$32,$1334,$8395,$-6223,$-52,$-6275,$-2199,$-4076,$-4076,$-4076,$-5501,$-6223,$546,546,$-7.47,$-7.47,$743,$660,$205,$2825,$24275,$0,$0,$177,$24452,$27277,$2047,$6394,$970,$11946,$13993,$206,$10247,$-35,$13284,$27277,$-4240,$2544,$4773,$7318,$448,$27,$-1310,$650,$-107,$2979,$-4026,$0,$0,$-519,$0,$-519,$0,$-4545,$486,$30,$515,$-28,$-28,$-275,$18,$231,$-1345,$102,$-275
13,2015-06-30,85.48,$31.74,2.69,$26.53,3.22,$-0.14,0.0,$2.52,33.92,$3.74B,$2.28B,1.64,$6.39B,$17.43B,0.37,$14.55B,$14.55B,100.00%,$14.55B,$2.88B,19.79%,$14.55B,$2.88B,19.79%,$14.55B,$6.76B,46.42%,$14.55B,$2.62B,17.98%,$14.55B,$1.38B,9.51%,$1.38B,$17.43B,7.87%,$1.38B,$17.43B,7.87%,$1.38B,$33.88B,4.02%,$2.88B,$23.82B,12.14%,$2470,$0,$2470,$43,$1409,$2430,$40,$-51,$-11,$-17,$5,$5,$5,$949,$40,$546,550,$0.01,$0.01,$1367,$661,$316,$3738,$29975,$0,$0,$171,$30146,$33884,$2278,$6394,$987,$14179,$16457,$205,$14415,$-28,$17427,$33884,$-164,$1822,$587,$2409,$298,$38,$-1000,$197,$-403,$1848,$-2697,$0,$0,$-170,$0,$-170,$0,$-2867,$487,$0,$487,$-12,$-12,$-183,$15,$307,$-720,$62,$-183
14,2015-03-31,89.37,$31.83,2.81,$29.67,3.01,$1.68,53.15,$3.80,23.52,$4.79B,$3.10B,1.55,$6.39B,$17.47B,0.37,$16.27B,$16.27B,100.00%,$16.27B,$3.99B,24.49%,$16.27B,$3.99B,24.49%,$16.27B,$7.95B,48.85%,$16.27B,$3.73B,22.92%,$16.27B,$2.09B,12.81%,$2.09B,$17.47B,11.98%,$2.09B,$17.47B,11.98%,$2.09B,$34.69B,6.08%,$3.99B,$23.86B,17.01%,$2319,$0,$2319,$54,$1455,$2492,$-173,$-63,$-236,$-67,$-170,$-170,$-170,$740,$-173,$545,545,$-0.31,$-0.31,$2127,$764,$555,$4793,$29722,$0,$0,$177,$29899,$34692,$3095,$6394,$959,$14127,$17222,$205,$14502,$-36,$17471,$34692,$-170,$913,$301,$1214,$353,$-62,$-678,$300,$-85,$961,$-1544,$0,$0,$-260,$0,$-260,$0,$-1804,$989,$0,$989,$-11,$-11,$-92,$7,$893,$40,$33,$-92
15,2014-12-31,89.57,$32.30,2.77,$32.87,2.73,$3.46,25.92,$5.32,16.84,$5.42B,$3.38B,1.6,$5.90B,$17.71B,0.33,$18.04B,$18.04B,100.00%,$18.04B,$5.24B,29.06%,$18.04B,$5.24B,29.06%,$18.04B,$9.24B,51.23%,$18.04B,$5.00B,27.70%,$18.04B,$2.92B,16.17%,$2.92B,$17.71B,17.11%,$2.92B,$17.71B,17.11%,$2.92B,$34.76B,8.66%,$5.24B,$23.62B,22.84%,$4645,$0,$4645,$63,$1806,$3419,$1227,$-78,$1149,$704,$445,$445,$445,$2241,$1227,$543,549,$0.81,$0.81,$2087,$707,$752,$5416,$29173,$0,$0,$174,$29347,$34763,$3384,$5903,$939,$13666,$17050,$205,$14763,$-23,$17713,$34763,$2915,$3997,$1283,$5280,$85,$-162,$544,$-42,$441,$8649,$-7677,$0,$0,$104,$0,$104,$60,$-7514,$-10,$0,$-10,$-105,$-105,$-280,$67,$-328,$769,$145,$-280
16,2014-09-30,96.14,$32.34,2.97,$31.26,3.08,$3.57,26.94,$5.57,17.26,$4.89B,$3.38B,1.45,$5.90B,$17.72B,0.33,$17.14B,$17.14B,100.00%,$17.14B,$5.00B,29.14%,$17.14B,$5.00B,29.14%,$17.14B,$8.89B,51.89%,$17.14B,$4.77B,27.81%,$17.14B,$3.05B,17.80%,$3.05B,$17.72B,18.52%,$3.05B,$17.72B,18.52%,$3.05B,$34.50B,9.35%,$5.00B,$23.62B,22.33%,$5119,$0,$5119,$65,$2172,$3332,$1786,$-71,$1715,$612,$1104,$1104,$1104,$2826,$1786,$544,550,$2.03,$2.01,$1481,$673,$465,$4885,$29217,$0,$0,$399,$29616,$34501,$3379,$5903,$1084,$13402,$16781,$205,$14411,$388,$17720,$34501,$2471,$2983,$897,$3880,$-341,$-119,$567,$-104,$179,$6539,$-6149,$0,$0,$109,$0,$109,$-91,$-6131,$-8,$0,$-8,$-103,$-103,$-188,$55,$-244,$163,$104,$-188
17,2014-06-30,113.34,$30.52,3.71,$28.42,3.99,$3.88,29.19,$4.41,25.73,$4.73B,$3.54B,1.34,$5.90B,$16.71B,0.35,$15.56B,$15.56B,100.00%,$15.56B,$3.98B,25.57%,$15.56B,$3.98B,25.57%,$15.56B,$7.77B,49.91%,$15.56B,$3.77B,24.24%,$15.56B,$2.41B,15.48%,$2.41B,$16.71B,15.29%,$2.41B,$16.71B,15.29%,$2.41B,$33.30B,7.64%,$3.98B,$22.61B,18.37%,$4188,$0,$4188,$48,$1959,$3043,$1145,$-44,$1101,$394,$706,$706,$706,$2141,$1145,$543,549,$1.30,$1.29,$1230,$667,$415,$4725,$28195,$0,$0,$382,$28578,$33302,$3537,$5903,$991,$13057,$16594,$205,$13399,$427,$16708,$33302,$1367,$1943,$903,$2846,$-249,$-110,$348,$-116,$-12,$4202,$-4053,$0,$0,$32,$0,$32,$-91,$-4113,$-7,$0,$-7,$-79,$-79,$-120,$31,$-174,$-88,$65,$-120
18,2014-03-31,95.01,$29.34,3.24,$27.83,3.41,$4.46,21.32,$4.33,21.97,$4.82B,$3.40B,1.42,$5.90B,$16.03B,0.37,$15.21B,$15.21B,100.00%,$15.21B,$3.93B,25.81%,$15.21B,$3.93B,25.81%,$15.21B,$7.63B,50.14%,$15.21B,$3.71B,24.37%,$15.21B,$2.36B,15.53%,$2.36B,$16.03B,15.57%,$2.36B,$16.03B,15.57%,$2.36B,$32.14B,7.75%,$3.93B,$21.94B,18.62%,$4084,$0,$4084,$56,$1883,$2999,$1084,$-53,$1031,$370,$661,$661,$661,$2031,$1084,$542,548,$1.22,$1.21,$1667,$635,$288,$4822,$26998,$0,$0,$320,$27319,$32141,$3396,$5903,$923,$12712,$16108,$205,$12761,$403,$16033,$32141,$661,$946,$478,$1425,$-144,$-69,$362,$-106,$182,$2268,$-1883,$0,$0,$68,$0,$68,$-9,$-1824,$-5,$0,$-5,$-28,$-28,$-52,$-5,$-90,$349,$36,$-52
19,2013-12-31,81.2,$28.23,2.88,$26.54,3.06,$4.14,19.63,$4.03,20.17,$4.07B,$2.86B,1.42,$5.91B,$15.42B,0.38,$14.49B,$14.49B,100.00%,$14.49B,$3.68B,25.37%,$14.49B,$3.68B,25.37%,$14.49B,$7.28B,50.23%,$14.49B,$3.44B,23.72%,$14.49B,$2.20B,15.17%,$2.20B,$15.42B,15.04%,$2.20B,$15.42B,15.04%,$2.20B,$30.57B,7.45%,$3.68B,$21.33B,17.92%,$3749,$0,$3749,$46,$1698,$2769,$980,$-61,$919,$339,$580,$580,$580,$1896,$980,$540,546,$1.08,$1.05,$1318,$563,$282,$4072,$26149,$0,$0,$353,$26502,$30574,$2862,$5907,$865,$12294,$15156,$203,$12168,$416,$15418,$30574,$2197,$3601,$1411,$5012,$-24,$53,$179,$-163,$121,$7329,$-6300,$0,$0,$51,$0,$51,$-66,$-6315,$-406,$0,$-406,$-25,$-25,$-199,$56,$-574,$442,$134,$-199
20,2013-09-30,81.81,$27.23,3.0,$25.24,3.24,$0.76,107.72,$2.03,40.4,$4.19B,$3.35B,1.25,$5.91B,$14.86B,0.4,$13.75B,$13.75B,100.00%,$13.75B,$2.32B,16.85%,$13.75B,$2.32B,16.85%,$13.75B,$5.79B,42.10%,$13.75B,$2.07B,15.07%,$13.75B,$1.11B,8.09%,$1.11B,$14.86B,7.90%,$1.11B,$14.86B,7.90%,$1.11B,$30.15B,3.87%,$2.32B,$20.77B,11.60%,$3541,$0,$3541,$59,$1698,$2772,$770,$-48,$722,$259,$462,$462,$462,$1699,$770,$541,547,$0.85,$0.85,$1319,$566,$288,$4192,$25599,$0,$0,$356,$25955,$30147,$3347,$5906,$847,$11938,$15286,$203,$11639,$425,$14862,$30147,$1617,$2686,$1084,$3770,$-214,$61,$145,$-140,$-75,$5328,$-4768,$0,$0,$73,$0,$73,$-68,$-4763,$-4,$0,$-4,$-25,$-25,$-148,$50,$-127,$442,$103,$-148
21,2013-06-30,63.56,$26.41,2.41,$24.22,2.62,$-1.34,0.0,$1.84,34.64,$4.24B,$3.02B,1.4,$5.91B,$14.39B,0.41,$13.16B,$13.16B,100.00%,$13.16B,$2.15B,16.36%,$13.16B,$2.15B,16.36%,$13.16B,$5.52B,41.95%,$13.16B,$1.91B,14.51%,$13.16B,$1.01B,7.63%,$1.01B,$14.39B,7.28%,$1.01B,$14.39B,7.28%,$1.01B,$29.08B,3.57%,$2.15B,$20.29B,10.87%,$3840,$0,$3840,$83,$1717,$2748,$1092,$-57,$1035,$376,$660,$660,$660,$2003,$1092,$540,545,$1.22,$1.21,$1228,$657,$366,$4241,$24580,$0,$0,$256,$24836,$29077,$3020,$5906,$795,$11672,$14693,$203,$11228,$408,$14385,$29077,$1154,$1757,$537,$2293,$-165,$22,$141,$-163,$-140,$3316,$-2854,$0,$0,$19,$0,$19,$-52,$-2887,$-3,$0,$-3,$-0,$-0,$-97,$22,$-78,$352,$58,$-97
22,2013-03-31,61.72,$25.28,2.44,$22.57,2.74,$-2.89,0.0,$1.36,45.38,$4.08B,$3.08B,1.33,$5.91B,$13.76B,0.43,$12.23B,$12.23B,100.00%,$12.23B,$1.75B,14.33%,$12.23B,$1.75B,14.33%,$12.23B,$5.02B,41.04%,$12.23B,$1.52B,12.43%,$12.23B,$0.74B,6.06%,$0.74B,$13.76B,5.47%,$0.74B,$13.76B,5.47%,$0.74B,$28.23B,2.70%,$1.75B,$19.66B,9.07%,$3357,$0,$3357,$48,$1575,$2523,$833,$-72,$761,$266,$495,$495,$495,$1679,$833,$539,545,$0.92,$0.91,$1108,$697,$258,$4081,$23938,$0,$0,$214,$24152,$28233,$3075,$5906,$864,$11402,$14476,$203,$10619,$428,$13756,$28233,$495,$846,$293,$1139,$-237,$-15,$186,$-153,$-209,$1425,$-1217,$0,$0,$57,$0,$57,$0,$-1160,$-1,$0,$-1,$-3,$-3,$-46,$12,$-39,$232,$30,$-46
23,2012-12-31,58.13,$24.45,2.38,$21.59,2.69,$-4.23,0.0,$1.05,55.37,$3.59B,$2.92B,1.23,$5.91B,$13.29B,0.45,$11.68B,$11.68B,100.00%,$11.68B,$1.48B,12.67%,$11.68B,$1.48B,12.67%,$11.68B,$4.65B,39.80%,$11.68B,$1.28B,10.96%,$11.68B,$0.57B,4.88%,$0.57B,$13.29B,4.27%,$0.57B,$13.29B,4.27%,$0.57B,$27.34B,2.13%,$1.48B,$19.19B,7.82%,$3012,$0,$3012,$51,$1532,$3390,$-378,$-68,$-446,$59,$-505,$-505,$-505,$408,$-378,$535,542,$-0.95,$-0.94,$876,$683,$344,$3590,$23338,$0,$0,$409,$23747,$27337,$2924,$5906,$895,$11128,$14052,$203,$10176,$440,$13285,$27337,$570,$3170,$1765,$4935,$-179,$-157,$-17,$-8,$-283,$5237,$-6045,$0,$0,$-74,$0,$-74,$0,$-6119,$1231,$0,$1231,$24,$24,$-181,$65,$1140,$261,$128,$-181
24,2012-09-30,53.85,$25.46,2.11,$21.24,2.54,$-4.50,0.0,$2.22,24.31,$4.00B,$2.58B,1.55,$6.31B,$13.79B,0.46,$11.44B,$11.44B,100.00%,$11.44B,$2.16B,18.88%,$11.44B,$2.16B,18.88%,$11.44B,$5.24B,45.77%,$11.44B,$1.97B,17.20%,$11.44B,$1.20B,10.45%,$1.20B,$13.79B,9.06%,$1.20B,$13.79B,9.06%,$1.20B,$28.03B,4.58%,$2.16B,$20.10B,11.66%,$2955,$0,$2955,$48,$1413,$2349,$606,$-46,$560,$205,$355,$355,$355,$1432,$606,$536,542,$0.67,$0.66,$1113,$658,$475,$4000,$23686,$0,$0,$346,$24032,$28032,$2578,$6305,$842,$11661,$14239,$203,$10727,$451,$13793,$28032,$1075,$2383,$671,$3055,$-112,$-155,$84,$7,$-133,$4010,$-4591,$0,$0,$-88,$0,$-88,$0,$-4678,$1233,$0,$1233,$15,$15,$-134,$48,$1161,$497,$101,$-134
25,2012-06-30,43.22,$24.75,1.75,$21.15,2.04,$-4.42,0.0,$2.57,16.85,$2.95B,$2.68B,1.1,$5.01B,$13.36B,0.38,$11.38B,$11.38B,100.00%,$11.38B,$2.51B,22.02%,$11.38B,$2.51B,22.02%,$11.38B,$5.41B,47.54%,$11.38B,$2.31B,20.28%,$11.38B,$1.38B,12.15%,$1.38B,$13.36B,10.74%,$1.38B,$13.36B,10.74%,$1.38B,$26.00B,5.46%,$2.51B,$18.37B,14.01%,$2909,$0,$2909,$59,$1295,$2217,$692,$-46,$646,$250,$396,$396,$396,$1501,$692,$534,540,$0.74,$0.74,$280,$620,$644,$2948,$22690,$0,$0,$361,$23051,$25999,$2680,$5012,$791,$9963,$12643,$203,$10417,$400,$13355,$25999,$720,$1558,$311,$1868,$115,$-104,$176,$-227,$-25,$2573,$-2952,$0,$0,$98,$0,$98,$0,$-2855,$0,$0,$0,$10,$10,$-89,$22,$-57,$-335,$55,$-89
26,2012-03-31,53.21,$24.10,2.21,$20.53,2.59,$-4.55,0.0,$2.38,22.36,$3.04B,$2.77B,1.1,$5.01B,$12.99B,0.39,$11.04B,$11.04B,100.00%,$11.04B,$2.40B,21.76%,$11.04B,$2.40B,21.76%,$11.04B,$5.10B,46.19%,$11.04B,$2.20B,19.97%,$11.04B,$1.28B,11.62%,$1.28B,$12.99B,10.21%,$1.28B,$12.99B,10.21%,$1.28B,$25.56B,5.17%,$2.40B,$18.00B,13.67%,$2807,$0,$2807,$43,$1322,$2247,$560,$-40,$520,$196,$324,$324,$324,$1309,$560,$533,540,$0.61,$0.60,$294,$562,$618,$3042,$22134,$0,$0,$380,$22514,$25556,$2772,$5011,$790,$9791,$12564,$203,$10068,$429,$12992,$25556,$324,$749,$190,$939,$-90,$10,$237,$-338,$-186,$1078,$-1599,$0,$0,$224,$0,$224,$0,$-1375,$0,$0,$0,$0,$0,$-43,$16,$-27,$-322,$28,$-43
27,2011-12-31,47.1,$23.49,2.0,$19.00,2.48,$-4.49,0.0,$2.04,23.09,$3.25B,$2.52B,1.29,$5.01B,$12.64B,0.4,$10.13B,$10.13B,100.00%,$10.13B,$2.11B,20.87%,$10.13B,$2.11B,20.87%,$10.13B,$4.63B,45.72%,$10.13B,$1.91B,18.86%,$10.13B,$1.09B,10.78%,$1.09B,$12.64B,8.91%,$1.09B,$12.64B,8.91%,$1.09B,$24.84B,4.50%,$2.11B,$17.65B,12.24%,$2773,$0,$2773,$37,$1240,$2470,$303,$-61,$242,$121,$121,$121,$121,$996,$303,$525,533,$0.25,$0.24,$616,$591,$570,$3254,$21289,$0,$0,$296,$21585,$24839,$2522,$5009,$799,$9676,$12198,$203,$9789,$402,$12641,$24839,$1091,$2516,$774,$3290,$-340,$-177,$351,$244,$171,$4578,$-5518,$0,$0,$-237,$0,$-237,$0,$-5755,$-220,$0,$-220,$1400,$1400,$-167,$-5,$1009,$-173,$128,$-167
28,2011-09-30,33.89,$23.24,1.46,$17.31,1.96,$-7.05,0.0,$1.92,17.65,$3.74B,$2.67B,1.4,$5.01B,$12.49B,0.4,$9.14B,$9.14B,100.00%,$9.14B,$1.99B,21.71%,$9.14B,$1.99B,21.71%,$9.14B,$4.35B,47.60%,$9.14B,$1.81B,19.78%,$9.14B,$1.03B,11.21%,$1.03B,$12.49B,8.80%,$1.03B,$12.49B,8.80%,$1.03B,$24.80B,4.37%,$1.99B,$17.50B,11.92%,$2886,$0,$2886,$71,$1130,$1936,$950,$-51,$899,$358,$541,$541,$541,$1602,$950,$532,539,$1.02,$1.01,$1387,$580,$491,$3735,$20736,$0,$0,$323,$21059,$24795,$2666,$5008,$769,$9635,$12301,$203,$9711,$372,$12494,$24795,$970,$1823,$335,$2158,$-129,$-168,$245,$142,$192,$3342,$-3873,$0,$0,$-134,$0,$-134,$0,$-4007,$0,$0,$0,$1394,$1394,$-124,$0,$1270,$598,$95,$-124
29,2011-06-30,49.81,$22.49,2.22,$15.10,3.3,$-9.55,0.0,$0.78,64.27,$3.64B,$2.48B,1.47,$5.01B,$12.08B,0.42,$7.84B,$7.84B,100.00%,$7.84B,$1.02B,13.05%,$7.84B,$1.02B,13.05%,$7.84B,$3.24B,41.32%,$7.84B,$0.87B,11.10%,$7.84B,$0.41B,5.27%,$0.41B,$12.08B,3.74%,$0.41B,$12.08B,3.74%,$0.41B,$23.96B,1.85%,$1.02B,$17.08B,6.50%,$2570,$0,$2570,$43,$977,$1982,$588,$-45,$543,$248,$296,$296,$296,$1191,$588,$532,539,$0.56,$0.55,$1577,$540,$213,$3638,$19997,$0,$0,$325,$20321,$23959,$2476,$5006,$719,$9406,$11882,$203,$9213,$493,$12077,$23959,$430,$1171,$418,$1590,$-165,$-127,$189,$60,$51,$2069,$-2518,$0,$0,$-77,$0,$-77,$0,$-2595,$0,$0,$0,$1396,$1396,$-82,$0,$1315,$789,$53,$-82
30,2011-03-31,56.38,$21.96,2.57,$13.00,4.34,$-10.80,0.0,$0.35,163.42,$3.60B,$2.50B,1.44,$5.01B,$11.79B,0.43,$6.63B,$6.63B,100.00%,$6.63B,$0.58B,8.69%,$6.63B,$0.58B,8.69%,$6.63B,$2.65B,40.05%,$6.63B,$0.44B,6.60%,$6.63B,$0.18B,2.67%,$0.18B,$11.79B,1.67%,$0.18B,$11.79B,1.67%,$0.18B,$23.55B,0.84%,$0.58B,$16.79B,3.85%,$1897,$0,$1897,$74,$893,$1625,$272,$-47,$226,$92,$134,$134,$134,$841,$272,$510,518,$0.26,$0.26,$1668,$482,$160,$3598,$19641,$0,$0,$306,$19948,$23546,$2500,$5005,$681,$9257,$11757,$203,$8963,$485,$11788,$23546,$134,$568,$193,$762,$-114,$-68,$165,$-8,$56,$957,$-1428,$0,$0,$-0,$0,$-0,$0,$-1428,$0,$0,$0,$1391,$1391,$-39,$-2,$1350,$879,$27,$-39
31,2010-12-31,43.42,$20.13,2.16,$12.03,3.61,$-10.88,0.0,$0.32,137.84,$2.53B,$2.22B,1.14,$5.00B,$10.23B,0.49,$6.10B,$6.10B,100.00%,$6.10B,$0.52B,8.59%,$6.10B,$0.52B,8.59%,$6.10B,$2.47B,40.41%,$6.10B,$0.41B,6.69%,$6.10B,$0.16B,2.64%,$0.16B,$10.23B,1.58%,$0.16B,$10.23B,1.58%,$0.16B,$21.62B,0.81%,$0.52B,$15.24B,3.75%,$1789,$0,$1789,$66,$765,$1615,$175,$-35,$140,$86,$54,$54,$54,$718,$175,$502,509,$0.11,$0.11,$789,$416,$145,$2527,$18681,$0,$0,$416,$19097,$21624,$2220,$5003,$667,$9173,$11393,$203,$8870,$440,$10232,$21624,$161,$1942,$738,$2680,$-339,$-172,$655,$-222,$-131,$2709,$-4909,$0,$-210,$209,$0,$209,$7,$-4903,$2442,$0,$2442,$23,$23,$-153,$-8,$2303,$103,$107,$-153
32,2010-09-30,44.09,$19.93,2.21,$12.01,3.67,$-7.29,0.0,$1.00,44.09,$1.53B,$1.94B,0.79,$3.77B,$10.12B,0.37,$6.07B,$6.07B,100.00%,$6.07B,$1.00B,16.52%,$6.07B,$1.00B,16.52%,$6.07B,$2.80B,46.11%,$6.07B,$0.89B,14.72%,$6.07B,$0.51B,8.35%,$0.51B,$10.12B,5.02%,$0.51B,$10.12B,5.02%,$0.51B,$19.95B,2.67%,$1.00B,$13.89B,7.51%,$1582,$0,$1582,$50,$690,$1594,$-12,$-27,$-39,$32,$-71,$-71,$-71,$489,$-12,$502,502,$-0.14,$-0.14,$28,$381,$138,$1534,$18250,$0,$0,$161,$18410,$19945,$1938,$3769,$696,$7888,$9827,$203,$8856,$376,$10118,$19945,$107,$1398,$527,$1925,$-125,$-134,$527,$-188,$40,$2086,$-3838,$0,$0,$217,$0,$217,$-4,$-3625,$954,$34,$988,$14,$14,$-114,$-6,$882,$-658,$82,$-114
33,2010-06-30,46.59,$19.99,2.33,$10.86,4.29,$-4.62,0.0,$1.15,40.51,$1.92B,$1.56B,1.23,$3.73B,$10.13B,0.37,$5.50B,$5.50B,100.00%,$5.50B,$1.05B,19.10%,$5.50B,$1.05B,19.10%,$5.50B,$2.73B,49.70%,$5.50B,$0.94B,17.06%,$5.50B,$0.58B,10.59%,$0.58B,$10.13B,5.85%,$0.58B,$10.13B,5.85%,$0.58B,$19.47B,3.18%,$1.05B,$13.87B,8.10%,$1358,$0,$1358,$69,$602,$1217,$141,$-30,$110,$50,$60,$60,$60,$606,$141,$502,509,$0.12,$0.12,$650,$307,$117,$1916,$17424,$0,$0,$125,$17550,$19466,$1558,$3734,$619,$7777,$9335,$203,$8966,$315,$10131,$19466,$178,$897,$247,$1144,$-39,$-67,$255,$-171,$-29,$1301,$-2362,$0,$0,$136,$0,$136,$-4,$-2230,$954,$0,$954,$14,$14,$-75,$-1,$892,$-36,$45,$-75
34,2010-03-31,43.95,$20.09,2.19,$9.92,4.43,$-3.15,0.0,$1.00,44.17,$1.55B,$1.49B,1.04,$2.76B,$10.17B,0.27,$5.00B,$5.00B,100.00%,$5.00B,$0.91B,18.18%,$5.00B,$0.91B,18.18%,$5.00B,$2.50B,50.04%,$5.00B,$0.80B,16.08%,$5.00B,$0.51B,10.10%,$0.51B,$10.17B,5.19%,$0.51B,$10.17B,5.19%,$0.51B,$18.51B,2.86%,$0.91B,$12.93B,7.27%,$1371,$0,$1371,$74,$575,$1151,$220,$-23,$197,$79,$118,$118,$118,$652,$220,$501,508,$0.24,$0.23,$230,$313,$86,$1546,$16817,$0,$0,$146,$16963,$18509,$1493,$2760,$635,$6851,$8344,$203,$8946,$405,$10165,$18509,$118,$432,$167,$599,$-96,$-53,$148,$-91,$-96,$620,$-1121,$0,$0,$74,$0,$74,$7,$-1040,$0,$0,$0,$-0,$-0,$-36,$0,$-36,$-456,$22,$-36
35,2009-12-31,45.95,$19.80,2.32,$9.54,4.82,$-2.73,0.0,$1.08,42.54,$1.84B,$1.35B,1.37,$2.76B,$10.00B,0.28,$4.79B,$4.79B,100.00%,$4.79B,$0.97B,20.26%,$4.79B,$0.97B,20.26%,$4.79B,$2.52B,52.66%,$4.79B,$0.87B,18.22%,$4.79B,$0.55B,11.41%,$0.55B,$10.00B,5.76%,$0.55B,$10.00B,5.76%,$0.55B,$18.12B,3.21%,$0.97B,$12.76B,8.04%,$1761,$0,$1761,$52,$532,$1107,$654,$-28,$626,$226,$400,$400,$400,$1053,$654,$498,504,$0.81,$0.80,$686,$262,$84,$1840,$16139,$0,$0,$140,$16279,$18119,$1346,$2760,$633,$6775,$8121,$203,$8867,$340,$9998,$18119,$547,$1549,$868,$2417,$-48,$-50,$-154,$101,$-60,$2922,$-3291,$0,$0,$-118,$0,$-118,$-5,$-3415,$900,$0,$900,$9,$9,$-142,$67,$834,$354,$95,$-142
36,2009-09-30,39.37,$18.86,2.09,$9.30,4.23,$-2.35,0.0,$1.21,32.54,$1.83B,$1.20B,1.53,$2.76B,$9.52B,0.29,$4.66B,$4.66B,100.00%,$4.66B,$1.07B,22.90%,$4.66B,$1.07B,22.90%,$4.66B,$2.59B,55.52%,$4.66B,$0.98B,21.05%,$4.66B,$0.61B,13.03%,$0.61B,$9.52B,6.58%,$0.61B,$9.52B,6.58%,$0.61B,$17.22B,3.68%,$1.07B,$12.28B,9.20%,$1007,$0,$1007,$48,$469,$972,$35,$-31,$5,$0,$4,$4,$4,$421,$35,$499,505,$0.01,$0.01,$609,$240,$352,$1832,$15253,$0,$0,$137,$15390,$17221,$1201,$2760,$609,$6502,$7704,$203,$8503,$292,$9518,$17221,$146,$1150,$892,$2042,$119,$-24,$-362,$155,$-95,$2094,$-2506,$0,$0,$-147,$0,$-147,$1,$-2651,$900,$0,$900,$4,$4,$-106,$25,$823,$277,$75,$-106
37,2009-06-30,31.95,$18.54,1.72,$13.81,2.31,$-1.31,0.0,$4.30,7.43,$2.21B,$1.19B,1.86,$2.76B,$9.26B,0.3,$6.92B,$6.92B,100.00%,$6.92B,$3.42B,49.50%,$6.92B,$3.42B,49.50%,$6.92B,$4.90B,70.90%,$6.92B,$3.37B,48.72%,$6.92B,$2.16B,31.21%,$2.16B,$9.26B,23.78%,$2.16B,$9.26B,23.78%,$2.16B,$16.79B,13.38%,$3.42B,$12.02B,30.51%,$861,$0,$861,$68,$370,$861,$0,$-24,$-24,$-7,$-17,$-17,$-17,$376,$0,$496,496,$-0.04,$-0.04,$707,$244,$670,$2210,$14446,$0,$0,$137,$14582,$16793,$1190,$2760,$550,$6344,$7533,$203,$8536,$131,$9260,$16793,$142,$765,$516,$1280,$149,$-22,$-415,$137,$-147,$1277,$-1585,$0,$0,$-169,$0,$-169,$1,$-1752,$900,$0,$900,$2,$2,$-70,$13,$845,$376,$48,$-70
38,2009-03-31,25.7,$18.21,1.41,$14.26,1.8,$-0.54,0.0,$4.69,5.48,$1.81B,$1.28B,1.41,$2.11B,$9.12B,0.23,$7.15B,$7.15B,100.00%,$7.15B,$3.67B,51.27%,$7.15B,$3.67B,51.27%,$7.15B,$5.09B,71.11%,$7.15B,$3.64B,50.91%,$7.15B,$2.35B,32.91%,$2.35B,$9.12B,27.31%,$2.35B,$9.12B,27.31%,$2.35B,$15.98B,15.19%,$3.67B,$11.22B,35.39%,$1158,$0,$1158,$53,$369,$877,$281,$-17,$265,$106,$159,$159,$159,$671,$281,$496,500,$0.32,$0.32,$85,$243,$912,$1810,$14007,$0,$0,$167,$14174,$15984,$1283,$2105,$514,$5585,$6868,$203,$8589,$-22,$9116,$15984,$159,$389,$132,$522,$157,$-23,$-353,$122,$-77,$606,$-887,$0,$0,$-139,$0,$-139,$1,$-1025,$0,$208,$208,$-4,$-4,$-33,$5,$175,$-246,$26,$-33
39,2008-12-31,31.18,$18.06,1.73,$14.22,2.19,$0.28,111.67,$4.86,6.42,$2.11B,$1.77B,1.2,$1.86B,$9.01B,0.21,$7.13B,$7.13B,100.00%,$7.13B,$3.77B,52.85%,$7.13B,$3.77B,52.85%,$7.13B,$5.09B,71.45%,$7.13B,$3.75B,52.55%,$7.13B,$2.44B,34.18%,$2.44B,$9.01B,29.93%,$2.44B,$9.01B,29.93%,$2.44B,$15.95B,16.53%,$3.77B,$10.87B,39.03%,$1634,$0,$1634,$76,$360,$883,$751,$-16,$735,$274,$461,$461,$461,$1119,$751,$493,501,$0.94,$0.93,$331,$188,$839,$2108,$13657,$0,$0,$185,$13843,$15951,$1765,$1860,$498,$5172,$6937,$202,$8466,$28,$9014,$15951,$2437,$1327,$600,$1927,$95,$-92,$30,$151,$256,$4633,$-4812,$0,$0,$-152,$0,$-152,$-2,$-4967,$712,$0,$712,$55,$49,$-115,$-1,$645,$277,$97,$-115
40,2008-09-30,41.8,$17.87,2.34,$13.61,3.07,$-0.77,0.0,$4.66,8.98,$2.48B,$1.83B,1.35,$1.86B,$8.92B,0.21,$6.81B,$6.81B,100.00%,$6.81B,$3.54B,51.95%,$6.81B,$3.54B,51.95%,$6.81B,$4.78B,70.16%,$6.81B,$3.52B,51.74%,$6.81B,$2.33B,34.27%,$2.33B,$8.92B,30.57%,$2.33B,$8.92B,30.57%,$2.33B,$15.83B,16.94%,$3.54B,$10.78B,39.39%,$3264,$0,$3264,$51,$443,$872,$2392,$2,$2394,$838,$1556,$1556,$1556,$2738,$2392,$494,502,$3.15,$3.10,$886,$147,$387,$2477,$13132,$0,$0,$224,$13356,$15833,$1833,$1860,$512,$5080,$6913,$202,$8038,$315,$8920,$15833,$1975,$959,$567,$1526,$-220,$-45,$221,$-8,$84,$3600,$-3483,$0,$0,$-15,$0,$-15,$-1,$-3499,$712,$0,$712,$56,$51,$-81,$63,$745,$832,$76,$-81
41,2008-06-30,61.24,$14.92,4.1,$9.10,6.73,$-1.97,0.0,$1.97,31.17,$2.09B,$2.45B,0.85,$1.15B,$7.43B,0.15,$4.53B,$4.53B,100.00%,$4.53B,$1.47B,32.44%,$4.53B,$1.47B,32.44%,$4.53B,$2.64B,58.34%,$4.53B,$1.45B,31.95%,$4.53B,$0.98B,21.62%,$0.98B,$7.43B,13.87%,$0.98B,$7.43B,13.87%,$0.98B,$14.23B,7.72%,$1.47B,$8.57B,17.84%,$1096,$0,$1096,$66,$422,$852,$243,$4,$247,$69,$178,$178,$178,$558,$243,$493,502,$0.36,$0.36,$108,$110,$54,$2088,$11989,$0,$0,$148,$12137,$14225,$2445,$1147,$661,$4354,$6799,$202,$6516,$403,$7426,$14225,$419,$612,$1335,$1947,$-396,$-9,$255,$-71,$-313,$2063,$-1987,$0,$0,$1,$0,$1,$-20,$-2006,$-38,$0,$-38,$42,$36,$-52,$56,$2,$54,$45,$-52
42,2008-03-31,55.96,$14.49,3.86,$9.08,6.17,$-2.76,0.0,$2.23,25.09,$1.69B,$1.73B,0.98,$1.19B,$7.19B,0.17,$4.50B,$4.50B,100.00%,$4.50B,$1.69B,37.57%,$4.50B,$1.69B,37.57%,$4.50B,$2.81B,62.41%,$4.50B,$1.67B,37.01%,$4.50B,$1.11B,24.59%,$1.11B,$7.19B,16.34%,$1.11B,$7.19B,16.34%,$1.11B,$12.95B,9.41%,$1.69B,$8.38B,21.45%,$1134,$0,$1134,$56,$367,$753,$381,$-11,$370,$129,$241,$241,$241,$678,$381,$491,500,$0.49,$0.48,$205,$99,$53,$1690,$11145,$0,$0,$116,$11260,$12951,$1725,$1185,$463,$4035,$5760,$202,$6368,$389,$7191,$12951,$241,$297,$509,$806,$-178,$3,$93,$-19,$-129,$927,$-801,$0,$0,$-5,$0,$-5,$-1,$-807,$0,$0,$0,$24,$19,$-22,$35,$32,$151,$20,$-22
43,2007-12-31,41.58,$14.18,2.93,$8.57,4.85,$-3.40,0.0,$2.19,18.99,$1.29B,$1.47B,0.88,$1.19B,$6.99B,0.17,$4.24B,$4.24B,100.00%,$4.24B,$1.65B,38.89%,$4.24B,$1.65B,38.89%,$4.24B,$2.71B,64.04%,$4.24B,$1.63B,38.49%,$4.24B,$1.08B,25.55%,$1.08B,$6.99B,16.82%,$1.08B,$6.99B,16.82%,$1.08B,$12.09B,9.87%,$1.65B,$8.18B,22.10%,$1313,$0,$1313,$85,$366,$794,$520,$-9,$511,$150,$361,$361,$358,$802,$520,$487,495,$0.74,$0.72,$54,$102,$156,$1292,$10429,$0,$0,$368,$10797,$12089,$1474,$1185,$368,$3625,$5099,$202,$6157,$467,$6990,$12089,$1090,$1066,$577,$1642,$-85,$10,$228,$4,$145,$2901,$-3596,$0,$0,$144,$0,$144,$-4,$-3456,$452,$0,$452,$48,$-4,$-84,$22,$386,$-164,$67,$-84
44,2007-09-30,33.66,$13.48,2.5,$7.86,4.28,$-2.47,0.0,$1.95,17.26,$1.31B,$1.34B,0.98,$1.19B,$6.58B,0.18,$3.88B,$3.88B,100.00%,$3.88B,$1.49B,38.29%,$3.88B,$1.49B,38.29%,$3.88B,$2.50B,64.42%,$3.88B,$1.47B,37.95%,$3.88B,$0.96B,24.79%,$0.96B,$6.63B,15.79%,$0.96B,$6.63B,15.79%,$0.96B,$11.47B,9.34%,$1.49B,$7.81B,21.24%,$986,$0,$986,$85,$255,$661,$325,$-6,$319,$115,$204,$204,$202,$604,$325,$487,495,$0.42,$0.41,$302,$110,$127,$1310,$10034,$0,$0,$123,$10157,$11468,$1342,$1185,$353,$3499,$4841,$202,$5821,$451,$6627,$11468,$729,$783,$566,$1350,$78,$4,$43,$-49,$53,$2152,$-2633,$0,$0,$44,$0,$44,$-4,$-2593,$550,$0,$550,$26,$16,$-61,$13,$517,$84,$47,$-61
45,2007-06-30,33.96,$12.85,2.64,$7.84,4.33,$-1.41,0.0,$2.15,15.83,$1.06B,$1.16B,0.92,$0.88B,$6.24B,0.14,$3.86B,$3.86B,100.00%,$3.86B,$1.62B,42.00%,$3.86B,$1.62B,42.00%,$3.86B,$2.57B,66.61%,$3.86B,$1.62B,41.93%,$3.86B,$1.06B,27.36%,$1.06B,$6.29B,18.21%,$1.06B,$6.29B,18.21%,$1.06B,$10.52B,10.86%,$1.62B,$7.18B,24.63%,$1068,$0,$1068,$53,$269,$603,$465,$0,$466,$159,$307,$307,$306,$725,$465,$486,495,$0.63,$0.62,$59,$116,$107,$1064,$9340,$0,$0,$121,$9460,$10524,$1159,$884,$328,$3073,$4232,$202,$5641,$329,$6293,$10524,$525,$504,$364,$868,$21,$-2,$15,$-41,$18,$1427,$-1741,$0,$0,$20,$0,$20,$-2,$-1722,$-20,$170,$150,$9,$9,$-38,$11,$132,$-160,$30,$-38
46,2007-03-31,33.12,$11.96,2.77,$7.55,4.39,$-0.37,0.0,$2.20,15.09,$1.13B,$1.10B,1.03,$0.82B,$5.79B,0.14,$3.72B,$3.72B,100.00%,$3.72B,$1.61B,43.42%,$3.72B,$1.61B,43.42%,$3.72B,$2.50B,67.21%,$3.72B,$1.62B,43.55%,$3.72B,$1.08B,29.10%,$1.08B,$5.85B,19.59%,$1.08B,$5.85B,19.59%,$1.08B,$9.83B,11.68%,$1.61B,$6.67B,25.71%,$871,$0,$871,$43,$221,$533,$338,$-3,$335,$118,$218,$218,$217,$583,$338,$486,493,$0.45,$0.44,$142,$122,$78,$1128,$8581,$0,$0,$118,$8699,$9827,$1099,$820,$315,$2883,$3981,$202,$5357,$195,$5846,$9827,$218,$244,$251,$495,$23,$-9,$23,$-54,$-14,$698,$-890,$0,$0,$33,$0,$33,$-2,$-858,$-30,$117,$87,$5,$5,$-16,$7,$83,$-77,$14,$-16
47,2006-12-31,28.97,$11.22,2.58,$7.98,3.63,$0.43,67.96,$2.62,11.06,$1.35B,$1.26B,1.08,$0.73B,$5.55B,0.13,$3.93B,$3.93B,100.00%,$3.93B,$1.90B,48.43%,$3.93B,$1.90B,48.43%,$3.93B,$2.72B,69.23%,$3.93B,$1.91B,48.69%,$3.93B,$1.29B,32.81%,$1.29B,$5.60B,24.59%,$1.29B,$5.60B,24.59%,$1.29B,$9.40B,14.54%,$1.90B,$6.33B,31.74%,$956,$0,$956,$83,$244,$598,$358,$-6,$353,$110,$243,$243,$237,$588,$358,$484,492,$0.49,$0.48,$218,$114,$170,$1350,$7944,$0,$0,$108,$8052,$9402,$1255,$733,$301,$2547,$3802,$202,$5151,$177,$5600,$9402,$1300,$817,$486,$1303,$10,$-50,$222,$-103,$-28,$2596,$-2830,$0,$0,$124,$0,$124,$-4,$-2710,$-252,$0,$-252,$19,$-32,$-60,$27,$-316,$-426,$50,$-60
