,Date,Stock Price,Book Value per Share,Price to Book Ratio,TTM Sales per Share,Price to Sales Ratio,TTM FCF per Share,Price to FCF Ratio,TTM Net EPS,PE Ratio,Current Assets,Current Liabilities,Current Ratio,Long Term Debt,Shareholder's Equity_x,Debt to Equity Ratio,TTM Revenue_x,TTM Gross Profit,Gross Margin,TTM Revenue_y,TTM Operating Income,Operating Margin,TTM Revenue_x,TTM EBIT,EBIT Margin,TTM Revenue_y,TTM EBITDA,EBITDA Margin,TTM Revenue_x,TTM Pre-Tax Income,Pre-Tax Margin,TTM Revenue_y,TTM Net Income_x,Net Margin,TTM Net Income_y,Shareholder's Equity_y,Return on Equity,TTM Net Income_x,Tangible Equity,Return on Tangible Equity,TTM Net Income_y,Total Assets,Return on Assets,TTM Net Income,LT Investments & Debt,Return on Investment,revenue,cost-goods-sold,gross-profit,research-development-expenses,selling-general-administrative-expenses,operating-expenses,operating-income,total-non-operating-income-expense,pre-tax-income,total-provision-income-taxes,income-after-taxes,income-from-continuous-operations,net-income,ebitda,ebit,basic-shares-outstanding,shares-outstanding,eps-basic-net-earnings-per-share,eps-earnings-per-share-diluted,cash-on-hand,inventory,other-current-assets,total-current-assets,net-property-plant-equipment,long-term-investments,goodwill-intangible-assets-total,other-long-term-assets,total-long-term-assets,total-assets,total-current-liabilities,long-term-debt,other-non-current-liabilities,total-long-term-liabilities,total-liabilities,common-stock-net,retained-earnings-accumulated-deficit,comprehensive-income,total-share-holder-equity,total-liabilities-share-holders-equity,net-income-loss,total-depreciation-amortization-cash-flow,other-non-cash-items,total-non-cash-items,change-in-accounts-receivable,change-in-inventories,change-in-accounts-payable,change-in-assets-liabilities,total-change-in-assets-liabilities,cash-flow-from-operating-activities,net-change-in-property-plant-equipment,net-change-in-intangible-assets,net-acquisitions-divestitures,net-change-in-short-term-investments,net-change-in-long-term-investments,net-change-in-investments-total,investing-activities-other,cash-flow-from-investing-activities,net-long-term-debt,net-current-debt,debt-issuance-retirement-net-total,net-common-equity-issued-repurchased,net-total-equity-issued-repurchased,total-common-preferred-stock-dividends-paid,financial-activities-other,cash-flow-from-financial-activities,net-cash-flow,stock-based-compensation,common-stock-dividends-paid
0,2018-09-30,137.7,$22.15,6.22,$30.90,4.46,$6.28,21.94,$2.61,52.76,$1.13B,$0.22B,5.11,$0.03B,$1.20B,0.02,$1.74B,$0.62B,35.41%,$1.74B,$0.22B,12.67%,$1.74B,$0.22B,12.67%,$1.74B,$0.25B,14.62%,$1.74B,$0.22B,12.84%,$1.74B,$0.15B,8.58%,$0.15B,$1.20B,13.74%,$0.15B,$1.00B,16.70%,$0.15B,$1.50B,10.86%,$0.22B,$1.22B,19.82%,$468,$301,$167,$0,$92,$404,$65,$1,$66,$0,$66,$66,$66,$74,$65,$54,57,$1.22,$1.15,$685,$0,$0,$1129,$99,$0,$198,$14,$375,$1504,$221,$25,$62,$87,$308,$0,$700,$-34,$1196,$1504,$180,$26,$9,$35,$-58,$0,$6,$-2,$-46,$169,$-27,$0,$-50,$0,$0,$0,$-1,$-78,$-3,$0,$-3,$32,$32,$0,$-8,$21,$103,$47,$0
1,2018-06-30,124.33,$20.73,6.0,$29.51,4.21,$5.69,21.87,$2.23,55.75,$1.03B,$0.18B,5.65,$0.03B,$1.11B,0.02,$1.65B,$0.59B,35.58%,$1.65B,$0.20B,12.39%,$1.65B,$0.20B,12.39%,$1.65B,$0.24B,14.33%,$1.65B,$0.21B,12.63%,$1.65B,$0.13B,7.65%,$0.13B,$1.11B,12.21%,$0.13B,$0.91B,14.87%,$0.13B,$1.39B,9.77%,$0.20B,$1.14B,19.30%,$446,$289,$156,$0,$92,$391,$54,$3,$57,$7,$50,$50,$50,$63,$54,$54,57,$0.94,$0.89,$584,$0,$0,$1025,$98,$0,$200,$13,$368,$1392,$181,$25,$73,$98,$279,$0,$634,$-32,$1113,$1392,$115,$17,$3,$20,$-50,$0,$2,$-4,$-68,$67,$-19,$0,$-50,$0,$0,$0,$1,$-68,$-3,$0,$-3,$22,$22,$0,$-7,$12,$2,$31,$0
2,2018-03-31,114.52,$19.80,5.78,$28.00,4.09,$5.72,20.02,$2.02,56.69,$0.97B,$0.18B,5.39,$0.03B,$1.06B,0.02,$1.55B,$0.56B,36.06%,$1.55B,$0.19B,12.32%,$1.55B,$0.19B,12.32%,$1.55B,$0.22B,14.26%,$1.55B,$0.19B,12.52%,$1.55B,$0.11B,7.29%,$0.11B,$1.06B,11.49%,$0.11B,$0.85B,14.00%,$0.11B,$1.34B,9.33%,$0.19B,$1.08B,18.93%,$424,$278,$147,$0,$88,$375,$49,$-1,$48,$-17,$64,$64,$64,$57,$49,$53,56,$1.21,$1.15,$536,$0,$0,$970,$97,$0,$210,$17,$373,$1343,$180,$25,$83,$108,$288,$0,$584,$-14,$1055,$1343,$64,$8,$-8,$-0,$-36,$0,$14,$-8,$-57,$7,$-11,$0,$-50,$0,$0,$0,$0,$-60,$-3,$0,$-3,$8,$8,$0,$-0,$4,$-46,$17,$0
3,2017-12-31,107.43,$18.40,5.84,$26.48,4.06,$6.21,17.29,$1.31,82.01,$0.96B,$0.18B,5.31,$0.03B,$0.98B,0.03,$1.45B,$0.53B,36.46%,$1.45B,$0.17B,11.92%,$1.45B,$0.17B,11.92%,$1.45B,$0.20B,13.92%,$1.45B,$0.18B,12.06%,$1.45B,$0.07B,5.03%,$0.07B,$0.98B,7.86%,$0.07B,$0.81B,9.55%,$0.07B,$1.25B,6.50%,$0.17B,$1.00B,18.14%,$399,$254,$145,$0,$85,$347,$52,$0,$52,$83,$-31,$-31,$-31,$60,$52,$52,55,$-0.59,$-0.57,$583,$0,$0,$960,$86,$0,$164,$13,$290,$1250,$181,$25,$69,$94,$275,$0,$519,$-18,$975,$1250,$73,$29,$61,$90,$-81,$0,$3,$4,$33,$195,$-30,$0,$-7,$0,$0,$0,$0,$-36,$-0,$0,$-0,$54,$54,$0,$-4,$50,$221,$52,$0
4,2017-09-30,87.93,$18.68,4.71,$25.11,3.5,$5.75,15.3,$2.35,37.42,$0.88B,$0.16B,5.56,$0.03B,$0.99B,0.03,$1.37B,$0.50B,36.53%,$1.37B,$0.16B,11.57%,$1.37B,$0.16B,11.57%,$1.37B,$0.19B,13.62%,$1.37B,$0.16B,11.35%,$1.37B,$0.13B,9.44%,$0.13B,$0.99B,14.65%,$0.13B,$0.82B,17.99%,$0.13B,$1.17B,12.39%,$0.16B,$1.01B,17.45%,$378,$239,$138,$0,$81,$328,$49,$1,$51,$8,$43,$43,$43,$56,$49,$53,55,$0.81,$0.77,$513,$0,$0,$884,$78,$0,$166,$13,$289,$1173,$159,$25,$4,$29,$188,$0,$550,$-21,$985,$1173,$104,$21,$38,$59,$-67,$0,$8,$2,$-41,$122,$-17,$0,$-7,$0,$-0,$-0,$-0,$-24,$-0,$0,$-0,$44,$44,$0,$-4,$40,$148,$40,$0
5,2017-06-30,84.09,$17.53,4.8,$23.82,3.53,$5.55,15.16,$2.07,40.62,$0.79B,$0.13B,6.06,$0.03B,$0.92B,0.03,$1.29B,$0.47B,36.39%,$1.29B,$0.14B,11.12%,$1.29B,$0.14B,11.12%,$1.29B,$0.17B,13.22%,$1.29B,$0.14B,10.65%,$1.29B,$0.11B,8.71%,$0.11B,$0.92B,13.63%,$0.11B,$0.75B,17.01%,$0.11B,$1.08B,11.48%,$0.14B,$0.95B,16.85%,$349,$220,$129,$0,$80,$308,$41,$2,$43,$6,$37,$37,$37,$48,$41,$52,55,$0.72,$0.68,$447,$0,$0,$788,$77,$0,$166,$12,$291,$1079,$130,$25,$4,$29,$160,$0,$507,$-27,$920,$1079,$61,$14,$26,$40,$-49,$0,$5,$1,$-42,$59,$-11,$0,$-7,$0,$0,$0,$1,$-18,$-0,$0,$-0,$38,$38,$0,$-4,$34,$82,$29,$0
6,2017-03-31,75.52,$16.16,4.67,$22.78,3.31,$5.34,14.13,$1.85,40.82,$0.71B,$0.12B,5.76,$0.03B,$0.84B,0.03,$1.22B,$0.44B,36.20%,$1.22B,$0.13B,10.97%,$1.22B,$0.13B,10.97%,$1.22B,$0.16B,13.10%,$1.22B,$0.13B,10.24%,$1.22B,$0.10B,8.11%,$0.10B,$0.84B,12.88%,$0.10B,$0.68B,16.34%,$0.10B,$0.99B,10.80%,$0.13B,$0.86B,16.76%,$325,$208,$117,$0,$78,$294,$31,$-2,$29,$5,$24,$24,$24,$38,$31,$51,54,$0.46,$0.44,$399,$0,$0,$708,$76,$0,$160,$11,$279,$987,$123,$25,$4,$29,$152,$0,$470,$-31,$835,$987,$24,$7,$19,$25,$-15,$0,$9,$-2,$-20,$29,$-6,$0,$0,$0,$0,$0,$0,$-6,$-0,$0,$-0,$11,$11,$0,$-3,$8,$34,$16,$0
7,2016-12-31,64.31,$15.29,4.21,$21.76,2.96,$5.00,12.86,$1.86,34.58,$0.65B,$0.12B,5.56,$0.03B,$0.78B,0.03,$1.16B,$0.42B,36.38%,$1.16B,$0.13B,11.47%,$1.16B,$0.13B,11.47%,$1.16B,$0.16B,13.53%,$1.16B,$0.13B,10.86%,$1.16B,$0.10B,8.53%,$0.10B,$0.78B,13.66%,$0.10B,$0.62B,17.67%,$0.10B,$0.93B,11.36%,$0.13B,$0.81B,17.52%,$314,$198,$115,$0,$71,$276,$37,$-5,$32,$7,$25,$25,$25,$44,$37,$50,53,$0.49,$0.47,$362,$0,$0,$647,$74,$0,$161,$11,$279,$926,$116,$25,$3,$28,$144,$0,$444,$-38,$781,$926,$99,$23,$48,$72,$4,$0,$6,$-5,$-6,$165,$-29,$0,$-6,$0,$0,$0,$25,$-9,$-10,$0,$-10,$18,$18,$0,$3,$10,$163,$49,$0
8,2016-09-30,69.31,$14.70,4.71,$20.87,3.32,$3.67,18.9,$1.92,36.1,$0.64B,$0.12B,5.19,$0.03B,$0.75B,0.04,$1.11B,$0.41B,36.98%,$1.11B,$0.13B,11.57%,$1.11B,$0.13B,11.57%,$1.11B,$0.15B,13.56%,$1.11B,$0.13B,11.66%,$1.11B,$0.10B,9.22%,$0.10B,$0.75B,14.95%,$0.10B,$0.59B,19.71%,$0.10B,$0.91B,12.22%,$0.13B,$0.78B,17.79%,$298,$191,$107,$0,$67,$264,$34,$-1,$33,$7,$26,$26,$26,$40,$34,$51,54,$0.51,$0.49,$331,$0,$0,$636,$70,$0,$166,$8,$273,$909,$122,$33,$0,$37,$159,$0,$420,$-32,$750,$909,$75,$17,$36,$53,$1,$0,$10,$-1,$-17,$111,$-20,$0,$-4,$0,$0,$0,$28,$3,$-2,$0,$-2,$16,$16,$0,$3,$16,$131,$38,$0
9,2016-06-30,64.31,$13.94,4.61,$19.85,3.24,$3.03,21.26,$1.87,34.39,$0.57B,$0.09B,6.23,$0.04B,$0.71B,0.06,$1.04B,$0.39B,37.36%,$1.04B,$0.12B,11.69%,$1.04B,$0.12B,11.69%,$1.04B,$0.14B,13.60%,$1.04B,$0.13B,11.97%,$1.04B,$0.10B,9.48%,$0.10B,$0.71B,15.51%,$0.10B,$0.54B,20.45%,$0.10B,$0.84B,12.63%,$0.12B,$0.75B,18.19%,$284,$181,$103,$0,$64,$252,$32,$-1,$31,$6,$24,$24,$24,$38,$32,$50,53,$0.49,$0.46,$281,$0,$0,$574,$67,$0,$167,$8,$270,$844,$92,$40,$0,$43,$135,$0,$393,$-33,$709,$844,$48,$11,$22,$33,$-4,$0,$7,$0,$-32,$49,$-14,$0,$-3,$0,$0,$0,$28,$12,$5,$0,$5,$13,$13,$0,$2,$20,$81,$24,$0
10,2016-03-31,74.67,$13.01,5.74,$18.71,3.99,$2.42,30.79,$1.78,41.95,$0.55B,$0.11B,5.14,$0.04B,$0.66B,0.06,$0.98B,$0.37B,37.93%,$0.98B,$0.11B,11.66%,$0.98B,$0.11B,11.66%,$0.98B,$0.13B,13.50%,$0.98B,$0.12B,12.07%,$0.98B,$0.09B,9.61%,$0.09B,$0.66B,15.75%,$0.09B,$0.49B,20.46%,$0.09B,$0.81B,12.85%,$0.11B,$0.70B,18.40%,$264,$167,$97,$0,$61,$234,$30,$-0,$30,$6,$24,$24,$24,$35,$30,$50,53,$0.48,$0.45,$245,$0,$0,$552,$64,$0,$164,$5,$256,$808,$108,$40,$0,$43,$150,$0,$369,$-30,$658,$808,$24,$5,$9,$14,$-2,$0,$13,$-1,$-27,$11,$-6,$0,$0,$0,$0,$0,$30,$23,$5,$0,$5,$3,$3,$0,$2,$10,$45,$11,$0
11,2015-12-31,78.62,$12.22,6.43,$17.63,4.46,$2.43,32.3,$1.62,48.53,$0.53B,$0.13B,4.14,$0.04B,$0.61B,0.06,$0.91B,$0.35B,38.07%,$0.91B,$0.11B,11.71%,$0.91B,$0.11B,11.71%,$0.91B,$0.12B,13.57%,$0.91B,$0.11B,11.60%,$0.91B,$0.09B,9.30%,$0.09B,$0.61B,15.33%,$0.09B,$0.45B,19.64%,$0.09B,$0.78B,12.46%,$0.11B,$0.65B,18.87%,$260,$158,$102,$0,$64,$228,$32,$3,$35,$7,$28,$28,$28,$37,$32,$49,52,$0.55,$0.52,$230,$0,$0,$529,$60,$0,$163,$4,$250,$779,$128,$35,$2,$37,$165,$0,$345,$-35,$613,$779,$84,$17,$26,$44,$-86,$0,$-0,$-1,$-52,$76,$-13,$0,$-77,$0,$0,$0,$-35,$-125,$35,$0,$35,$21,$21,$0,$-22,$34,$-21,$46,$0
12,2015-09-30,74.52,$11.49,6.48,$16.69,4.46,$3.09,24.12,$1.47,50.69,$0.50B,$0.11B,4.45,$0.02B,$0.57B,0.03,$0.86B,$0.33B,38.20%,$0.86B,$0.10B,11.57%,$0.86B,$0.10B,11.57%,$0.86B,$0.11B,13.32%,$0.86B,$0.10B,11.21%,$0.86B,$0.08B,8.76%,$0.08B,$0.57B,14.50%,$0.08B,$0.45B,18.29%,$0.08B,$0.70B,11.79%,$0.10B,$0.59B,19.00%,$236,$148,$88,$0,$55,$208,$28,$1,$29,$6,$23,$23,$23,$32,$28,$49,52,$0.47,$0.44,$244,$0,$0,$500,$61,$0,$121,$4,$204,$704,$112,$15,$0,$18,$131,$0,$317,$-29,$573,$704,$57,$12,$34,$47,$-53,$0,$12,$-1,$-39,$65,$-10,$0,$-28,$0,$0,$0,$-36,$-73,$15,$0,$15,$18,$18,$0,$-27,$5,$-6,$33,$0
13,2015-06-30,71.23,$10.96,6.5,$16.05,4.44,$3.00,23.73,$1.41,50.52,$0.46B,$0.09B,5.08,$0.00B,$0.54B,0.0,$0.81B,$0.31B,38.01%,$0.81B,$0.09B,11.44%,$0.81B,$0.09B,11.44%,$0.81B,$0.11B,13.41%,$0.81B,$0.09B,10.95%,$0.81B,$0.07B,8.73%,$0.07B,$0.54B,14.62%,$0.07B,$0.44B,18.33%,$0.07B,$0.64B,11.81%,$0.09B,$0.54B,19.16%,$218,$134,$84,$0,$56,$194,$24,$1,$24,$5,$19,$19,$19,$28,$24,$49,52,$0.40,$0.37,$206,$0,$0,$457,$58,$0,$100,$4,$180,$636,$90,$0,$0,$2,$92,$0,$295,$-21,$544,$636,$34,$8,$22,$30,$-49,$0,$11,$-8,$-55,$9,$-5,$0,$-0,$0,$0,$0,$-34,$-39,$0,$0,$0,$14,$14,$0,$-28,$-14,$-45,$21,$0
14,2015-03-31,61.29,$10.02,6.12,$15.38,3.98,$3.51,17.48,$1.34,45.74,$0.43B,$0.12B,3.69,$0.00B,$0.49B,0.0,$0.77B,$0.29B,37.66%,$0.77B,$0.09B,11.30%,$0.77B,$0.09B,11.30%,$0.77B,$0.11B,13.64%,$0.77B,$0.08B,10.78%,$0.77B,$0.07B,8.70%,$0.07B,$0.49B,14.68%,$0.07B,$0.39B,18.61%,$0.07B,$0.61B,11.62%,$0.09B,$0.49B,19.07%,$200,$126,$74,$0,$47,$177,$23,$-5,$18,$4,$15,$15,$15,$27,$23,$48,51,$0.31,$0.29,$222,$0,$0,$434,$55,$0,$101,$4,$176,$610,$118,$0,$0,$4,$122,$0,$275,$-25,$488,$610,$15,$4,$14,$18,$-17,$0,$13,$0,$-26,$7,$-2,$0,$-0,$0,$0,$0,$-32,$-34,$0,$0,$0,$4,$4,$0,$-2,$1,$-28,$9,$0
15,2014-12-31,47.75,$9.61,4.97,$14.72,3.24,$3.69,12.93,$1.40,34.11,$0.42B,$0.13B,3.31,$0.00B,$0.46B,0.0,$0.73B,$0.27B,37.53%,$0.73B,$0.09B,11.78%,$0.73B,$0.09B,11.78%,$0.73B,$0.10B,14.25%,$0.73B,$0.09B,11.92%,$0.73B,$0.07B,9.45%,$0.07B,$0.46B,15.93%,$0.07B,$0.36B,19.56%,$0.07B,$0.59B,12.80%,$0.09B,$0.46B,19.85%,$202,$121,$81,$0,$50,$178,$24,$1,$25,$6,$18,$18,$18,$27,$24,$47,50,$0.40,$0.37,$221,$0,$0,$415,$55,$0,$105,$4,$179,$594,$125,$0,$0,$5,$130,$0,$261,$-22,$464,$594,$70,$17,$27,$45,$-42,$0,$5,$1,$-9,$105,$-12,$0,$-37,$0,$0,$0,$-4,$-53,$0,$0,$0,$11,$11,$0,$-0,$10,$51,$25,$0
16,2014-09-30,43.79,$9.35,4.69,$13.91,3.15,$2.75,15.91,$1.41,31.06,$0.40B,$0.08B,4.78,$0.00B,$0.45B,0.0,$0.69B,$0.25B,36.88%,$0.69B,$0.09B,12.39%,$0.69B,$0.09B,12.39%,$0.69B,$0.10B,15.16%,$0.69B,$0.09B,12.39%,$0.69B,$0.07B,10.20%,$0.07B,$0.45B,17.02%,$0.07B,$0.36B,20.11%,$0.07B,$0.57B,14.04%,$0.09B,$0.45B,20.67%,$193,$123,$70,$0,$43,$171,$22,$1,$22,$3,$19,$19,$19,$27,$22,$47,50,$0.40,$0.38,$192,$0,$0,$402,$55,$0,$85,$4,$163,$565,$84,$0,$32,$35,$119,$0,$242,$-11,$446,$565,$51,$15,$18,$32,$-44,$0,$7,$-2,$-28,$56,$-8,$0,$-26,$0,$0,$0,$-4,$-38,$0,$0,$0,$7,$7,$0,$3,$9,$22,$17,$0
17,2014-06-30,43.75,$8.98,4.87,$12.92,3.39,$1.81,24.21,$1.37,31.93,$0.38B,$0.08B,4.83,$0.00B,$0.43B,0.0,$0.63B,$0.24B,37.12%,$0.63B,$0.08B,13.11%,$0.63B,$0.08B,13.11%,$0.63B,$0.10B,15.96%,$0.63B,$0.08B,13.11%,$0.63B,$0.07B,10.58%,$0.07B,$0.43B,17.28%,$0.07B,$0.34B,19.90%,$0.07B,$0.54B,14.60%,$0.08B,$0.43B,21.41%,$175,$110,$65,$0,$39,$156,$18,$-0,$18,$4,$15,$15,$15,$24,$18,$47,50,$0.31,$0.30,$176,$0,$0,$375,$55,$0,$92,$3,$163,$538,$78,$0,$33,$34,$111,$0,$223,$-3,$427,$538,$32,$9,$10,$19,$-31,$0,$13,$1,$-19,$33,$-4,$0,$-26,$0,$0,$0,$-2,$-33,$0,$0,$0,$5,$5,$0,$2,$8,$6,$9,$0
18,2014-03-31,32.9,$8.44,3.9,$12.17,2.7,$0.96,34.11,$1.36,24.19,$0.35B,$0.06B,5.83,$0.00B,$0.40B,0.0,$0.59B,$0.22B,37.23%,$0.59B,$0.08B,14.04%,$0.59B,$0.08B,14.04%,$0.59B,$0.10B,16.58%,$0.59B,$0.08B,13.87%,$0.59B,$0.07B,11.17%,$0.07B,$0.40B,18.22%,$0.07B,$0.36B,20.31%,$0.07B,$0.46B,15.79%,$0.08B,$0.40B,22.91%,$160,$102,$58,$0,$32,$139,$22,$-0,$22,$4,$17,$17,$17,$26,$22,$47,49,$0.37,$0.35,$181,$0,$0,$352,$53,$0,$39,$5,$106,$459,$60,$0,$1,$2,$62,$0,$208,$-5,$396,$459,$17,$4,$3,$7,$-11,$0,$13,$1,$-8,$16,$-2,$0,$-2,$0,$0,$0,$-7,$-12,$0,$0,$0,$2,$2,$0,$1,$3,$5,$3,$0
19,2013-12-31,34.94,$8.07,4.33,$11.52,3.03,$0.37,93.85,$1.28,27.3,$0.33B,$0.06B,6.06,$0.00B,$0.38B,0.0,$0.56B,$0.21B,37.48%,$0.56B,$0.08B,13.87%,$0.56B,$0.08B,13.87%,$0.56B,$0.09B,16.40%,$0.56B,$0.08B,13.69%,$0.56B,$0.06B,11.17%,$0.06B,$0.38B,18.29%,$0.06B,$0.34B,20.53%,$0.06B,$0.43B,15.80%,$0.08B,$0.38B,22.71%,$158,$98,$60,$0,$33,$134,$23,$0,$23,$5,$19,$19,$19,$27,$23,$46,48,$0.40,$0.38,$171,$0,$0,$331,$53,$0,$36,$4,$102,$433,$55,$0,$1,$2,$57,$0,$191,$-2,$376,$433,$62,$15,$9,$24,$-27,$0,$-2,$-2,$-27,$58,$-13,$0,$-0,$0,$0,$0,$-8,$-22,$0,$0,$0,$9,$9,$0,$6,$16,$51,$13,$0
20,2013-09-30,34.5,$7.58,4.55,$11.12,3.1,$0.25,140.24,$1.22,28.28,$0.31B,$0.05B,5.86,$0.00B,$0.35B,0.0,$0.52B,$0.20B,37.48%,$0.52B,$0.07B,13.96%,$0.52B,$0.07B,13.96%,$0.52B,$0.09B,16.44%,$0.52B,$0.07B,13.77%,$0.52B,$0.06B,11.09%,$0.06B,$0.35B,18.33%,$0.06B,$0.32B,20.81%,$0.06B,$0.41B,15.59%,$0.07B,$0.35B,23.06%,$140,$89,$52,$0,$28,$120,$20,$0,$20,$4,$16,$16,$16,$24,$20,$46,49,$0.36,$0.34,$123,$0,$0,$305,$54,$0,$37,$1,$100,$405,$52,$0,$1,$2,$54,$0,$172,$-1,$352,$405,$43,$11,$8,$19,$-42,$0,$5,$-2,$-51,$12,$-11,$0,$-0,$0,$0,$0,$-8,$-19,$0,$0,$0,$8,$8,$0,$5,$13,$5,$10,$0
21,2013-06-30,27.18,$7.08,3.84,$10.61,2.56,$0.28,96.97,$1.18,23.03,$0.27B,$0.05B,5.78,$0.00B,$0.33B,0.0,$0.49B,$0.19B,37.53%,$0.49B,$0.07B,14.20%,$0.49B,$0.07B,14.20%,$0.49B,$0.08B,16.63%,$0.49B,$0.07B,14.00%,$0.49B,$0.06B,11.36%,$0.06B,$0.33B,19.00%,$0.06B,$0.29B,21.37%,$0.06B,$0.38B,16.05%,$0.07B,$0.33B,23.75%,$133,$84,$50,$0,$29,$116,$18,$-0,$17,$3,$14,$14,$14,$21,$18,$45,48,$0.31,$0.29,$109,$0,$0,$273,$55,$0,$37,$1,$101,$375,$47,$0,$1,$2,$49,$0,$156,$-4,$325,$375,$27,$7,$6,$13,$-31,$0,$5,$-2,$-44,$-4,$-9,$0,$-0,$0,$0,$0,$-5,$-14,$0,$0,$0,$0,$0,$0,$9,$9,$-11,$6,$0
22,2013-03-31,23.23,$6.71,3.46,$10.08,2.31,$0.44,52.38,$1.18,19.69,$0.26B,$0.05B,5.28,$0.00B,$0.30B,0.0,$0.46B,$0.18B,37.72%,$0.46B,$0.07B,14.87%,$0.46B,$0.07B,14.87%,$0.46B,$0.08B,17.24%,$0.46B,$0.07B,14.66%,$0.46B,$0.06B,11.85%,$0.06B,$0.30B,20.05%,$0.06B,$0.27B,22.36%,$0.06B,$0.36B,16.81%,$0.07B,$0.30B,25.16%,$124,$78,$46,$0,$27,$109,$16,$0,$16,$3,$13,$13,$13,$19,$16,$45,48,$0.28,$0.27,$104,$0,$0,$255,$53,$0,$39,$1,$101,$357,$48,$0,$1,$5,$53,$0,$142,$-3,$303,$357,$13,$4,$2,$6,$-17,$0,$6,$-2,$-30,$-12,$-3,$0,$0,$0,$0,$0,$-4,$-6,$0,$0,$0,$3,$3,$0,$2,$4,$-15,$3,$0
23,2012-12-31,18.1,$6.44,2.81,$10.25,1.77,$0.51,35.29,$1.18,15.34,$0.25B,$0.06B,4.23,$0.00B,$0.29B,0.0,$0.43B,$0.16B,37.56%,$0.43B,$0.07B,15.44%,$0.43B,$0.07B,15.44%,$0.43B,$0.08B,17.74%,$0.43B,$0.07B,15.21%,$0.43B,$0.05B,11.75%,$0.05B,$0.29B,20.00%,$0.05B,$0.25B,21.82%,$0.05B,$0.35B,16.63%,$0.07B,$0.29B,26.27%,$126,$77,$48,$0,$26,$107,$19,$0,$19,$4,$15,$15,$15,$22,$19,$40,44,$0.33,$0.31,$120,$0,$0,$251,$53,$0,$40,$1,$100,$351,$59,$0,$1,$5,$65,$0,$129,$-1,$286,$351,$54,$11,$1,$12,$-20,$0,$4,$-2,$-18,$48,$-13,$0,$-33,$0,$0,$0,$-13,$-60,$0,$0,$0,$37,$37,$0,$2,$39,$29,$7,$0
