,Date,Stock Price,Book Value per Share,Price to Book Ratio,TTM Sales per Share,Price to Sales Ratio,TTM FCF per Share,Price to FCF Ratio,TTM Net EPS,PE Ratio,Current Assets,Current Liabilities,Current Ratio,Long Term Debt,Shareholder's Equity_x,Debt to Equity Ratio,TTM Revenue_x,TTM Gross Profit,Gross Margin,TTM Revenue_y,TTM Operating Income,Operating Margin,TTM Revenue_x,TTM EBIT,EBIT Margin,TTM Revenue_y,TTM EBITDA,EBITDA Margin,TTM Revenue_x,TTM Pre-Tax Income,Pre-Tax Margin,TTM Revenue_y,TTM Net Income_x,Net Margin,TTM Net Income_y,Shareholder's Equity_y,Return on Equity,TTM Net Income_x,Tangible Equity,Return on Tangible Equity,TTM Net Income_y,Total Assets,Return on Assets,TTM Net Income,LT Investments & Debt,Return on Investment,revenue,cost-goods-sold,gross-profit,research-development-expenses,selling-general-administrative-expenses,operating-expenses,operating-income,total-non-operating-income-expense,pre-tax-income,total-provision-income-taxes,income-after-taxes,income-from-continuous-operations,net-income,ebitda,ebit,basic-shares-outstanding,shares-outstanding,eps-basic-net-earnings-per-share,eps-earnings-per-share-diluted,cash-on-hand,inventory,other-current-assets,total-current-assets,net-property-plant-equipment,long-term-investments,goodwill-intangible-assets-total,other-long-term-assets,total-long-term-assets,total-assets,total-current-liabilities,long-term-debt,other-non-current-liabilities,total-long-term-liabilities,total-liabilities,common-stock-net,retained-earnings-accumulated-deficit,comprehensive-income,total-share-holder-equity,total-liabilities-share-holders-equity,net-income-loss,total-depreciation-amortization-cash-flow,other-non-cash-items,total-non-cash-items,change-in-accounts-receivable,change-in-inventories,change-in-accounts-payable,change-in-assets-liabilities,total-change-in-assets-liabilities,cash-flow-from-operating-activities,net-change-in-property-plant-equipment,net-change-in-intangible-assets,net-acquisitions-divestitures,net-change-in-short-term-investments,net-change-in-long-term-investments,net-change-in-investments-total,investing-activities-other,cash-flow-from-investing-activities,net-long-term-debt,net-current-debt,debt-issuance-retirement-net-total,net-common-equity-issued-repurchased,net-total-equity-issued-repurchased,total-common-preferred-stock-dividends-paid,financial-activities-other,cash-flow-from-financial-activities,net-cash-flow,stock-based-compensation,common-stock-dividends-paid
0,2018-09-30,72.71,$8.64,8.41,$10.35,7.03,$2.17,33.48,$0.35,207.74,$0.19B,$0.11B,1.74,$0.11B,$0.35B,0.32,$0.40B,$0.23B,56.19%,$0.40B,$0.00B,0.99%,$0.40B,$0.00B,0.99%,$0.40B,$0.05B,12.38%,$0.40B,$0.00B,0.74%,$0.40B,$0.01B,2.97%,$0.01B,$0.35B,3.87%,$0.01B,$-0.02B,-20.08%,$0.01B,$0.62B,1.93%,$0.00B,$0.46B,0.89%,$102,$45,$57,$17,$37,$104,$-1,$-1,$-2,$-1,$-1,$-1,$-1,$10,$-1,$40,40,$-0.02,$-0.02,$90,$0,$0,$187,$29,$0,$368,$31,$428,$615,$108,$110,$20,$158,$266,$0,$-182,$-32,$349,$615,$-1,$11,$11,$22,$5,$0,$0,$-12,$-9,$12,$-8,$0,$-9,$0,$0,$0,$0,$-17,$-40,$-0,$-40,$2,$2,$0,$-1,$-39,$-45,$12,$0
1,2018-06-30,49.83,$7.97,6.25,$10.18,4.89,$2.14,23.34,$0.26,191.65,$0.23B,$0.12B,1.85,$0.15B,$0.31B,0.48,$0.39B,$0.22B,56.23%,$0.39B,$0.01B,1.27%,$0.39B,$0.01B,1.27%,$0.39B,$0.05B,13.74%,$0.39B,$0.00B,0.25%,$0.39B,$0.01B,2.29%,$0.01B,$0.31B,3.10%,$0.01B,$-0.05B,-11.36%,$0.01B,$0.64B,1.45%,$0.01B,$0.46B,1.24%,$106,$46,$61,$15,$37,$104,$3,$4,$7,$-4,$11,$11,$11,$14,$3,$38,39,$0.30,$0.30,$135,$0,$0,$229,$29,$0,$362,$17,$407,$636,$123,$150,$20,$202,$325,$0,$-207,$-31,$311,$636,$9,$49,$23,$71,$-10,$0,$0,$1,$-4,$76,$-21,$0,$-14,$0,$-4,$-4,$0,$-39,$-40,$-3,$-42,$4,$4,$0,$-0,$-39,$-3,$34,$0
2,2018-03-31,38.75,$7.73,5.01,$9.95,3.9,$1.61,24.0,$-0.21,0.0,$0.21B,$0.13B,1.67,$0.15B,$0.30B,0.5,$0.38B,$0.21B,54.86%,$0.38B,0,0.00%,$0.38B,0,0.00%,$0.38B,$0.05B,14.17%,$0.38B,$-0.01B,-3.41%,$0.38B,$-0.01B,-2.10%,$-0.01B,$0.30B,-2.88%,$-0.01B,$-0.08B,8.65%,$-0.01B,$0.64B,-1.30%,$0.00B,$0.45B,0.00%,$101,$46,$55,$14,$35,$101,$0,$-1,$-1,$0,$-1,$-1,$-1,$11,$0,$38,38,$-0.03,$-0.03,$105,$0,$0,$213,$28,$0,$375,$20,$422,$635,$128,$150,$22,$210,$337,$0,$-219,$-23,$298,$635,$-2,$38,$20,$57,$-23,$0,$0,$6,$-14,$41,$-15,$0,$-14,$0,$-8,$-8,$0,$-37,$-40,$-2,$-42,$3,$3,$0,$0,$-39,$-32,$25,$0
3,2017-12-31,34.68,$7.38,4.7,$9.58,3.62,$1.61,21.49,$-0.35,0.0,$0.17B,$0.10B,1.71,$0.15B,$0.28B,0.53,$0.37B,$0.20B,54.92%,$0.37B,$-0.00B,-0.55%,$0.37B,$-0.00B,-0.55%,$0.37B,$0.06B,15.03%,$0.37B,$-0.02B,-5.19%,$0.37B,$-0.01B,-3.83%,$-0.01B,$0.28B,-5.16%,$-0.01B,$-0.09B,15.73%,$-0.01B,$0.60B,-2.28%,$-0.00B,$0.43B,-0.65%,$95,$41,$54,$14,$32,$93,$2,$-4,$-1,$-4,$3,$3,$3,$15,$2,$38,39,$0.08,$0.08,$78,$0,$0,$174,$27,$0,$375,$18,$421,$595,$102,$150,$22,$211,$313,$0,$-218,$-30,$282,$595,$-1,$27,$12,$39,$-12,$0,$-0,$-13,$-28,$10,$-9,$0,$-14,$0,$-8,$-8,$0,$-31,$-40,$-2,$-42,$2,$2,$0,$0,$-40,$-61,$17,$0
4,2017-09-30,31.83,$7.10,4.48,$9.45,3.37,$1.66,19.2,$-0.70,0.0,$0.21B,$0.29B,0.73,$0.00B,$0.27B,0.0,$0.36B,$0.19B,54.19%,$0.36B,$-0.02B,-4.19%,$0.36B,$-0.02B,-4.19%,$0.36B,$0.05B,14.25%,$0.36B,$-0.03B,-9.22%,$0.36B,$-0.03B,-7.54%,$-0.03B,$0.27B,-10.07%,$-0.03B,$-0.10B,32.34%,$-0.03B,$0.62B,-4.38%,$-0.02B,$0.27B,-5.60%,$91,$41,$51,$14,$31,$91,$0,$-4,$-4,$0,$-4,$-4,$-4,$14,$0,$38,38,$-0.11,$-0.11,$128,$0,$0,$209,$26,$0,$365,$17,$408,$618,$288,$0,$23,$60,$348,$0,$-221,$-31,$269,$618,$-4,$14,$8,$22,$4,$0,$0,$-14,$-12,$6,$-4,$0,$-1,$0,$2,$2,$0,$-2,$0,$-2,$-2,$2,$2,$0,$0,$-0,$4,$8,$0
5,2017-06-30,25.69,$7.00,3.67,$9.22,2.78,$1.57,16.38,$-0.87,0.0,$0.21B,$0.30B,0.7,$0.00B,$0.26B,0.0,$0.35B,$0.19B,53.71%,$0.35B,$-0.02B,-6.00%,$0.35B,$-0.02B,-6.00%,$0.35B,$0.05B,12.86%,$0.35B,$-0.04B,-11.14%,$0.35B,$-0.03B,-9.71%,$-0.03B,$0.26B,-12.47%,$-0.03B,$-0.10B,43.73%,$-0.03B,$0.62B,-5.49%,$-0.02B,$0.26B,-6.65%,$94,$45,$49,$14,$31,$96,$-2,$-4,$-7,$-1,$-6,$-6,$-6,$14,$-2,$38,38,$-0.16,$-0.16,$127,$0,$0,$208,$26,$0,$366,$18,$410,$617,$296,$0,$22,$59,$355,$0,$-217,$-32,$262,$617,$-33,$66,$24,$89,$-2,$0,$0,$4,$5,$61,$-28,$0,$0,$0,$33,$33,$0,$5,$0,$0,$0,$-37,$-37,$0,$-2,$-39,$27,$32,$0
6,2017-03-31,23.65,$7.16,3.3,$9.08,2.61,$1.74,13.56,$-0.88,0.0,$0.22B,$0.29B,0.75,$0.00B,$0.27B,0.0,$0.34B,$0.19B,54.94%,$0.34B,$-0.02B,-6.10%,$0.34B,$-0.02B,-6.10%,$0.34B,$0.04B,12.50%,$0.34B,$-0.04B,-11.05%,$0.34B,$-0.03B,-9.88%,$-0.03B,$0.27B,-12.10%,$-0.03B,$-0.06B,48.75%,$-0.03B,$0.63B,-5.42%,$-0.02B,$0.27B,-5.73%,$86,$40,$47,$13,$30,$88,$-2,$-4,$-7,$-0,$-7,$-7,$-7,$12,$-2,$38,38,$-0.17,$-0.17,$141,$0,$0,$221,$54,$0,$336,$18,$408,$629,$293,$0,$27,$63,$356,$0,$-211,$-44,$273,$629,$-27,$49,$18,$67,$-1,$0,$0,$6,$6,$46,$-20,$0,$0,$0,$18,$18,$0,$-3,$0,$0,$0,$-12,$-12,$0,$-2,$-14,$27,$24,$0
7,2016-12-31,25.02,$7.09,3.53,$9.07,2.76,$1.91,13.12,$-0.82,0.0,$0.19B,$0.27B,0.71,$0.00B,$0.27B,0.0,$0.34B,$0.19B,55.52%,$0.34B,$-0.02B,-5.52%,$0.34B,$-0.02B,-5.52%,$0.34B,$0.05B,13.08%,$0.34B,$-0.04B,-10.17%,$0.34B,$-0.03B,-9.01%,$-0.03B,$0.27B,-10.51%,$-0.03B,$-0.07B,48.06%,$-0.03B,$0.60B,-4.85%,$-0.02B,$0.27B,-4.49%,$87,$40,$47,$13,$31,$97,$-11,$-4,$-15,$-4,$-10,$-10,$-10,$11,$-11,$38,38,$-0.27,$-0.27,$115,$0,$0,$190,$54,$0,$340,$18,$411,$601,$270,$0,$27,$64,$333,$0,$-204,$-47,$268,$601,$-21,$35,$12,$47,$3,$0,$-0,$-11,$-8,$18,$-15,$0,$0,$0,$19,$19,$0,$4,$0,$0,$0,$-14,$-14,$0,$-2,$-16,$2,$17,$0
8,2016-09-30,23.31,$7.59,3.07,$9.05,2.57,$2.23,10.45,$-0.69,0.0,$0.20B,$0.10B,1.99,$0.17B,$0.29B,0.6,$0.34B,$0.19B,56.56%,$0.34B,$-0.01B,-2.62%,$0.34B,$-0.01B,-2.62%,$0.34B,$0.05B,13.70%,$0.34B,$-0.03B,-7.29%,$0.34B,$-0.03B,-7.58%,$-0.03B,$0.29B,-8.43%,$-0.03B,$-0.07B,43.33%,$-0.03B,$0.63B,-3.98%,$-0.01B,$0.46B,-1.88%,$83,$38,$45,$13,$32,$89,$-6,$-4,$-10,$1,$-11,$-11,$-11,$8,$-6,$38,38,$-0.28,$-0.28,$128,$0,$0,$198,$54,$0,$360,$17,$431,$628,$99,$173,$28,$241,$341,$0,$-194,$-39,$288,$628,$-11,$14,$7,$21,$9,$0,$0,$-11,$-2,$9,$-10,$0,$0,$0,$6,$6,$0,$-4,$0,$0,$0,$-2,$-2,$0,$0,$-2,$2,$8,$0
9,2016-06-30,21.53,$7.80,2.76,$9.04,2.38,$2.40,8.97,$-0.52,0.0,$0.22B,$0.11B,1.93,$0.17B,$0.30B,0.58,$0.34B,$0.20B,57.43%,$0.34B,$-0.00B,-0.87%,$0.34B,$-0.00B,-0.87%,$0.34B,$0.05B,15.45%,$0.34B,$-0.02B,-5.54%,$0.34B,$-0.02B,-5.54%,$-0.02B,$0.30B,-5.97%,$-0.02B,$-0.07B,33.48%,$-0.02B,$0.65B,-2.88%,$-0.00B,$0.47B,-0.62%,$88,$38,$50,$12,$33,$91,$-2,$-4,$-6,$-0,$-6,$-6,$-6,$12,$-2,$38,38,$-0.16,$-0.16,$132,$0,$0,$217,$51,$0,$367,$17,$435,$651,$112,$170,$27,$244,$356,$0,$-184,$-38,$295,$651,$-20,$56,$28,$84,$-1,$0,$0,$3,$4,$67,$-28,$0,$-2,$0,$-16,$-16,$0,$-46,$0,$0,$0,$-40,$-40,$0,$0,$-40,$-24,$30,$0
10,2016-03-31,30.49,$8.59,3.55,$8.98,3.4,$2.40,12.72,$-0.93,0.0,$0.23B,$0.11B,2.1,$0.17B,$0.33B,0.51,$0.34B,$0.20B,57.65%,$0.34B,$-0.00B,-0.29%,$0.34B,$-0.00B,-0.29%,$0.34B,$0.06B,16.18%,$0.34B,$-0.02B,-5.00%,$0.34B,$-0.04B,-10.29%,$-0.04B,$0.33B,-10.56%,$-0.04B,$-0.04B,67.63%,$-0.04B,$0.68B,-5.23%,$-0.00B,$0.50B,-0.20%,$86,$37,$49,$12,$30,$87,$-0,$-4,$-4,$-0,$-4,$-4,$-4,$14,$-0,$38,38,$-0.11,$-0.11,$149,$0,$0,$231,$58,$0,$370,$19,$447,$679,$110,$169,$19,$240,$350,$0,$-178,$-22,$329,$679,$-14,$41,$20,$61,$2,$0,$0,$4,$5,$53,$-21,$0,$-1,$0,$-14,$-14,$0,$-36,$0,$0,$0,$-21,$-21,$0,$0,$-21,$-6,$23,$0
11,2015-12-31,29.73,$8.49,3.5,$8.89,3.35,$2.49,11.95,$-1.03,0.0,$0.21B,$0.10B,2.15,$0.17B,$0.32B,0.51,$0.34B,$0.19B,57.74%,$0.34B,$-0.00B,-1.19%,$0.34B,$-0.00B,-1.19%,$0.34B,$0.05B,15.48%,$0.34B,$-0.02B,-5.95%,$0.34B,$-0.04B,-11.61%,$-0.04B,$0.32B,-11.50%,$-0.04B,$-0.05B,76.10%,$-0.04B,$0.66B,-5.80%,$-0.00B,$0.49B,-0.80%,$86,$36,$50,$12,$32,$87,$-1,$-4,$-5,$1,$-5,$-5,$-5,$13,$-1,$38,38,$-0.14,$-0.14,$130,$0,$0,$211,$54,$0,$375,$16,$445,$656,$98,$166,$19,$236,$334,$0,$-173,$-24,$322,$656,$-9,$27,$14,$41,$1,$0,$-1,$-5,$-5,$27,$-13,$0,$-1,$0,$-4,$-4,$0,$-18,$0,$0,$0,$-22,$-22,$0,$0,$-22,$-15,$15,$0
12,2015-09-30,25.01,$8.63,2.9,$8.79,2.85,$2.53,9.9,$-0.94,0.0,$0.21B,$0.10B,2.16,$0.16B,$0.33B,0.5,$0.33B,$0.19B,57.83%,$0.33B,$-0.00B,-0.30%,$0.33B,$-0.00B,-0.30%,$0.33B,$0.05B,15.96%,$0.33B,$-0.02B,-5.12%,$0.33B,$-0.04B,-10.84%,$-0.04B,$0.33B,-10.29%,$-0.04B,$-0.06B,110.77%,$-0.04B,$0.66B,-5.35%,$-0.00B,$0.49B,-0.20%,$83,$35,$48,$11,$29,$83,$0,$-4,$-4,$1,$-4,$-4,$-4,$14,$0,$38,38,$-0.11,$-0.11,$128,$0,$0,$209,$50,$0,$386,$12,$447,$656,$97,$163,$19,$234,$331,$0,$-168,$-20,$326,$656,$-4,$14,$7,$21,$3,$0,$0,$-7,$-5,$11,$-6,$0,$0,$0,$-1,$-1,$0,$-7,$0,$0,$0,$-20,$-20,$0,$0,$-20,$-17,$8,$0
13,2015-06-30,27.81,$9.15,3.04,$8.77,3.17,$2.63,10.57,$-0.92,0.0,$0.23B,$0.11B,2.15,$0.16B,$0.35B,0.46,$0.33B,$0.19B,57.88%,$0.33B,0,0.00%,$0.33B,0,0.00%,$0.33B,$0.05B,15.76%,$0.33B,$-0.02B,-4.85%,$0.33B,$-0.04B,-10.61%,$-0.04B,$0.35B,-9.65%,$-0.04B,$-0.05B,318.18%,$-0.04B,$0.69B,-5.16%,$0.00B,$0.51B,0.00%,$85,$36,$49,$12,$30,$86,$-0,$-4,$-4,$18,$-22,$-22,$-22,$14,$-0,$38,38,$-0.57,$-0.57,$144,$0,$0,$229,$48,$0,$401,$11,$459,$688,$106,$160,$21,$234,$340,$0,$-164,$-14,$349,$688,$-35,$53,$39,$93,$-0,$0,$0,$9,$5,$63,$-23,$0,$-68,$0,$0,$0,$0,$-91,$0,$0,$0,$-11,$-11,$0,$0,$-11,$-47,$27,$0
14,2015-03-31,27.37,$9.49,2.88,$8.73,3.14,$2.67,10.27,$-0.39,0.0,$0.24B,$0.11B,2.18,$0.16B,$0.36B,0.44,$0.33B,$0.19B,57.49%,$0.33B,0,0.00%,$0.33B,0,0.00%,$0.33B,$0.05B,15.60%,$0.33B,$-0.02B,-4.59%,$0.33B,$-0.01B,-4.28%,$-0.01B,$0.36B,-3.76%,$-0.01B,$-0.04B,-243.48%,$-0.01B,$0.69B,-2.06%,$0.00B,$0.52B,0.00%,$82,$35,$47,$13,$29,$85,$-3,$-5,$-7,$0,$-8,$-8,$-8,$11,$-3,$38,38,$-0.21,$-0.21,$140,$0,$0,$236,$42,$0,$400,$11,$453,$689,$108,$157,$15,$220,$329,$0,$-142,$-18,$360,$689,$-13,$39,$16,$56,$-1,$0,$0,$11,$8,$51,$-16,$0,$-68,$0,$-0,$-0,$0,$-84,$0,$0,$0,$-9,$-9,$0,$0,$-9,$-51,$20,$0
15,2014-12-31,25.28,$9.65,2.62,$8.67,2.92,$2.58,9.79,$-0.30,0.0,$0.27B,$0.09B,2.97,$0.15B,$0.36B,0.42,$0.32B,$0.19B,57.59%,$0.32B,$0.00B,1.24%,$0.32B,$0.00B,1.24%,$0.32B,$0.05B,15.79%,$0.32B,$-0.01B,-3.41%,$0.32B,$-0.01B,-3.10%,$-0.01B,$0.36B,-2.65%,$-0.01B,$0.02B,-35.40%,$-0.01B,$0.66B,-1.47%,$0.00B,$0.52B,0.76%,$82,$34,$48,$11,$28,$80,$2,$-4,$-2,$0,$-2,$-2,$-2,$14,$2,$38,38,$-0.05,$-0.05,$187,$0,$0,$269,$39,$0,$341,$10,$391,$660,$91,$154,$13,$205,$296,$0,$-134,$-15,$364,$660,$-5,$25,$10,$36,$2,$0,$-3,$-1,$-4,$26,$-11,$0,$-4,$0,$-0,$-0,$0,$-15,$0,$0,$0,$-9,$-9,$0,$0,$-9,$-4,$12,$0
16,2014-09-30,27.59,$9.98,2.76,$8.49,3.25,$2.53,10.91,$-0.45,0.0,$0.28B,$0.09B,2.92,$0.15B,$0.38B,0.4,$0.31B,$0.18B,57.01%,$0.31B,$-0.00B,-0.32%,$0.31B,$-0.00B,-0.32%,$0.31B,$0.05B,15.29%,$0.31B,$-0.02B,-4.78%,$0.31B,$-0.02B,-4.78%,$-0.02B,$0.38B,-3.96%,$-0.02B,$0.03B,-45.45%,$-0.02B,$0.68B,-2.22%,$-0.00B,$0.53B,-0.19%,$81,$34,$47,$12,$27,$81,$1,$-4,$-3,$0,$-3,$-3,$-3,$13,$1,$38,38,$-0.09,$-0.09,$197,$0,$0,$275,$37,$0,$352,$11,$400,$675,$94,$151,$14,$203,$297,$0,$-132,$-7,$378,$675,$-3,$13,$5,$18,$7,$0,$-4,$-4,$0,$15,$-6,$0,$-1,$0,$-1,$-1,$0,$-8,$0,$0,$0,$1,$1,$0,$0,$1,$4,$6,$0
17,2014-06-30,29.92,$10.34,2.89,$8.19,3.65,$2.43,12.29,$-0.53,0.0,$0.28B,$0.11B,2.59,$0.15B,$0.39B,0.38,$0.30B,$0.17B,56.67%,$0.30B,$-0.00B,-1.00%,$0.30B,$-0.00B,-1.00%,$0.30B,$0.04B,14.67%,$0.30B,$-0.02B,-5.67%,$0.30B,$-0.02B,-6.00%,$-0.02B,$0.39B,-4.78%,$-0.02B,$0.02B,-51.80%,$-0.02B,$0.70B,-2.70%,$-0.00B,$0.54B,-0.58%,$82,$35,$46,$11,$27,$82,$0,$-4,$-3,$-2,$-1,$-1,$-1,$13,$0,$37,37,$-0.03,$-0.03,$191,$0,$0,$281,$36,$0,$372,$11,$420,$700,$108,$149,$16,$205,$313,$0,$-129,$7,$387,$700,$-19,$46,$17,$63,$-6,$0,$2,$15,$8,$52,$-13,$0,$-153,$0,$-15,$-15,$0,$-181,$0,$0,$0,$5,$5,$0,$1,$6,$-116,$23,$0
18,2014-03-31,35.15,$10.18,3.45,$7.80,4.5,$2.25,15.65,$-0.60,0.0,$0.30B,$0.10B,2.9,$0.15B,$0.38B,0.38,$0.28B,$0.16B,56.18%,$0.28B,$-0.01B,-1.77%,$0.28B,$-0.01B,-1.77%,$0.28B,$0.04B,13.78%,$0.28B,$-0.02B,-6.71%,$0.28B,$-0.02B,-7.42%,$-0.02B,$0.38B,-5.69%,$-0.02B,$0.05B,-29.07%,$-0.02B,$0.68B,-3.29%,$-0.01B,$0.53B,-0.98%,$78,$34,$45,$11,$28,$77,$1,$-4,$-3,$2,$-4,$-4,$-4,$11,$1,$37,37,$-0.12,$-0.12,$225,$0,$0,$301,$31,$0,$330,$14,$375,$677,$104,$146,$15,$193,$296,$0,$-128,$5,$380,$677,$-18,$33,$15,$49,$-6,$0,$0,$15,$9,$40,$-9,$0,$-111,$0,$-13,$-13,$0,$-133,$0,$0,$0,$5,$5,$0,$1,$5,$-81,$17,$0
19,2013-12-31,36.16,$10.06,3.59,$7.50,4.82,$2.04,17.73,$-0.58,0.0,$0.28B,$0.08B,3.26,$0.14B,$0.37B,0.39,$0.27B,$0.15B,55.02%,$0.27B,$-0.01B,-2.97%,$0.27B,$-0.01B,-2.97%,$0.27B,$0.04B,13.01%,$0.27B,$-0.02B,-7.81%,$0.27B,$-0.02B,-7.81%,$-0.02B,$0.37B,-5.79%,$-0.02B,$0.04B,-21.11%,$-0.02B,$0.65B,-3.42%,$-0.01B,$0.52B,-1.59%,$73,$32,$41,$9,$26,$76,$-3,$-3,$-6,$1,$-7,$-7,$-7,$11,$-3,$37,37,$-0.20,$-0.20,$206,$0,$0,$275,$29,$0,$330,$13,$372,$647,$84,$144,$14,$192,$276,$0,$-123,$3,$371,$647,$-13,$24,$9,$33,$1,$0,$0,$1,$-1,$19,$-5,$0,$-110,$0,$-14,$-14,$0,$-130,$0,$0,$0,$3,$3,$0,$0,$3,$-102,$11,$0
20,2013-09-30,27.88,$10.08,2.77,$7.30,3.82,$2.08,13.41,$-0.58,0.0,$0.27B,$0.09B,3.0,$0.14B,$0.37B,0.38,$0.26B,$0.14B,53.85%,$0.26B,$-0.01B,-3.08%,$0.26B,$-0.01B,-3.08%,$0.26B,$0.03B,11.15%,$0.26B,$-0.02B,-8.85%,$0.26B,$-0.02B,-8.08%,$-0.02B,$0.37B,-5.87%,$-0.02B,$0.03B,-16.80%,$-0.02B,$0.64B,-3.43%,$-0.01B,$0.51B,-1.57%,$67,$29,$38,$8,$25,$68,$-1,$-4,$-5,$1,$-6,$-6,$-6,$9,$-1,$36,36,$-0.17,$-0.17,$196,$0,$0,$266,$29,$0,$334,$14,$377,$643,$89,$141,$14,$187,$275,$0,$-116,$-1,$367,$643,$-6,$10,$4,$15,$3,$0,$0,$-2,$-0,$9,$-3,$0,$-109,$0,$-13,$-13,$0,$-125,$0,$0,$0,$2,$2,$0,$0,$2,$-110,$5,$0
21,2013-06-30,25.29,$9.90,2.56,$7.18,3.52,$2.17,11.67,$-0.41,0.0,$0.35B,$0.07B,4.89,$0.14B,$0.36B,0.39,$0.26B,$0.14B,52.94%,$0.26B,$-0.01B,-2.75%,$0.26B,$-0.01B,-2.75%,$0.26B,$0.03B,10.20%,$0.26B,$-0.02B,-7.06%,$0.26B,$-0.02B,-5.88%,$-0.02B,$0.36B,-4.33%,$-0.02B,$0.17B,-10.36%,$-0.02B,$0.59B,-2.71%,$-0.01B,$0.50B,-1.51%,$65,$30,$35,$8,$24,$67,$-2,$-3,$-5,$-1,$-4,$-4,$-4,$8,$-2,$35,35,$-0.11,$-0.11,$293,$0,$0,$353,$24,$0,$192,$17,$233,$586,$72,$139,$3,$157,$229,$0,$-110,$-10,$357,$586,$-14,$32,$14,$46,$2,$0,$0,$10,$10,$42,$-10,$0,$-30,$-3,$-9,$-12,$0,$-53,$190,$0,$190,$30,$30,$0,$-48,$172,$159,$18,$0
22,2013-03-31,28.51,$9.93,2.87,$7.08,4.02,$2.02,14.09,$-0.33,0.0,$0.35B,$0.07B,4.76,$0.14B,$0.36B,0.38,$0.25B,$0.13B,53.39%,$0.25B,$-0.01B,-2.39%,$0.25B,$-0.01B,-2.39%,$0.25B,$0.02B,9.56%,$0.25B,$-0.01B,-5.58%,$0.25B,$-0.01B,-4.78%,$-0.01B,$0.36B,-3.58%,$-0.01B,$0.16B,-8.73%,$-0.01B,$0.58B,-2.38%,$-0.01B,$0.49B,-1.43%,$64,$30,$34,$8,$23,$67,$-2,$-3,$-5,$-1,$-4,$-4,$-4,$7,$-2,$36,36,$-0.10,$-0.10,$284,$0,$0,$346,$23,$0,$197,$16,$235,$581,$73,$136,$3,$153,$225,$0,$-106,$-10,$356,$581,$-11,$23,$12,$35,$-0,$0,$-0,$7,$6,$30,$-8,$0,$-33,$0,$0,$0,$0,$-41,$190,$0,$190,$30,$30,$0,$-48,$171,$159,$14,$0
23,2012-12-31,26.39,$9.86,2.68,$6.88,3.83,$1.90,13.86,$-0.27,0.0,$0.35B,$0.07B,4.8,$0.20B,$0.35B,0.57,$0.24B,$0.13B,53.31%,$0.24B,$-0.00B,-1.65%,$0.24B,$-0.00B,-1.65%,$0.24B,$0.02B,9.09%,$0.24B,$-0.01B,-3.72%,$0.24B,$-0.01B,-3.72%,$-0.01B,$0.35B,-2.77%,$-0.01B,$0.14B,-6.91%,$-0.01B,$0.64B,-1.97%,$-0.00B,$0.55B,-1.07%,$64,$30,$33,$8,$22,$66,$-3,$-6,$-8,$-1,$-7,$-7,$-7,$5,$-3,$35,35,$-0.20,$-0.20,$281,$0,$0,$347,$22,$48,$207,$14,$291,$638,$72,$198,$3,$216,$288,$0,$-103,$-3,$350,$638,$-7,$14,$10,$24,$-1,$-0,$1,$5,$3,$20,$-5,$0,$-30,$0,$0,$0,$0,$-35,$190,$0,$190,$28,$28,$0,$-48,$170,$156,$9,$0
24,2012-09-30,24.69,$9.17,2.69,$6.65,3.71,$1.79,13.77,$0.00,0.0,$0.17B,$0.07B,2.43,$0.00B,$0.32B,0.0,$0.23B,$0.13B,54.51%,$0.23B,$0.00B,1.72%,$0.23B,$0.00B,1.72%,$0.23B,$0.03B,11.59%,$0.23B,$0.00B,1.72%,$0.23B,0,0.00%,$0.00B,$0.32B,0.00%,$0.00B,$0.11B,0.00%,$0.00B,$0.41B,0.00%,$0.00B,$0.32B,1.27%,$62,$28,$33,$8,$21,$62,$-0,$0,$-0,$-0,$0,$0,$0,$6,$-0,$35,36,$0.00,$0.00,$107,$0,$0,$170,$20,$0,$210,$8,$239,$409,$70,$0,$2,$17,$87,$0,$-96,$-4,$322,$409,$0,$6,$3,$9,$2,$0,$-0,$1,$1,$10,$-2,$0,$-28,$0,$0,$0,$0,$-30,$-0,$0,$-0,$1,$1,$0,$0,$1,$-18,$4,$0
25,2012-06-30,18.05,$9.04,2.0,$6.42,2.81,$1.64,10.97,$0.05,361.0,$0.19B,$0.07B,2.76,$0.00B,$0.31B,0.0,$0.22B,$0.12B,55.16%,$0.22B,$0.01B,3.14%,$0.22B,$0.01B,3.14%,$0.22B,$0.03B,13.00%,$0.22B,$0.01B,3.14%,$0.22B,$0.00B,0.90%,$0.00B,$0.31B,0.65%,$0.00B,$0.14B,1.48%,$0.00B,$0.39B,0.52%,$0.01B,$0.31B,2.27%,$61,$27,$34,$9,$21,$62,$-1,$0,$-1,$0,$-1,$-1,$-1,$6,$-1,$34,35,$-0.03,$-0.03,$125,$0,$0,$186,$20,$0,$178,$9,$207,$392,$67,$0,$2,$11,$78,$0,$-96,$-7,$314,$392,$2,$21,$11,$32,$-4,$0,$-0,$2,$1,$35,$-9,$0,$-27,$0,$0,$0,$0,$-37,$-0,$0,$-0,$13,$13,$0,$2,$15,$13,$14,$0
26,2012-03-31,27.94,$9.06,3.08,$6.30,4.43,$1.67,16.73,$0.95,29.41,$0.18B,$0.06B,2.94,$0.00B,$0.31B,0.0,$0.22B,$0.12B,54.63%,$0.22B,$0.01B,5.09%,$0.22B,$0.01B,5.09%,$0.22B,$0.03B,14.81%,$0.22B,$0.01B,5.09%,$0.22B,$0.03B,15.28%,$0.03B,$0.31B,10.94%,$0.03B,$0.13B,25.53%,$0.03B,$0.39B,8.78%,$0.01B,$0.31B,3.65%,$55,$26,$29,$7,$18,$55,$-0,$0,$0,$1,$-1,$-1,$-1,$5,$-0,$34,34,$-0.04,$-0.04,$118,$0,$15,$180,$18,$0,$184,$6,$208,$388,$61,$0,$2,$13,$74,$0,$-95,$-5,$314,$388,$3,$15,$10,$26,$-4,$-0,$-1,$1,$-5,$23,$-5,$0,$-27,$0,$0,$0,$0,$-33,$-0,$0,$-0,$15,$15,$0,$2,$16,$6,$10,$0
27,2011-12-31,23.17,$8.97,2.58,$6.13,3.78,$1.72,13.49,$1.02,22.72,$0.20B,$0.07B,2.92,$0.00B,$0.31B,0.0,$0.21B,$0.12B,54.76%,$0.21B,$0.01B,5.71%,$0.21B,$0.01B,5.71%,$0.21B,$0.03B,15.24%,$0.21B,$0.01B,5.71%,$0.21B,$0.04B,16.67%,$0.04B,$0.31B,12.25%,$0.04B,$0.14B,26.87%,$0.04B,$0.38B,9.74%,$0.01B,$0.31B,4.20%,$55,$25,$31,$6,$16,$50,$5,$0,$5,$2,$2,$2,$2,$10,$5,$34,35,$0.07,$0.07,$131,$0,$18,$196,$17,$0,$166,$3,$187,$383,$67,$0,$2,$8,$75,$0,$-93,$-7,$307,$383,$4,$10,$4,$14,$-5,$-0,$0,$3,$-4,$14,$-4,$0,$-3,$0,$0,$0,$0,$-7,$-0,$0,$-0,$11,$11,$0,$2,$13,$19,$7,$0
28,2011-09-30,20.14,$8.80,2.29,$5.89,3.42,$1.78,11.3,$1.01,19.94,$0.18B,$0.06B,2.93,$0.00B,$0.30B,0.0,$0.20B,$0.11B,54.77%,$0.20B,$0.01B,5.03%,$0.20B,$0.01B,5.03%,$0.20B,$0.03B,14.57%,$0.20B,$0.01B,5.03%,$0.20B,$0.04B,17.59%,$0.04B,$0.30B,13.05%,$0.04B,$0.13B,27.08%,$0.04B,$0.37B,10.31%,$0.01B,$0.30B,3.73%,$52,$23,$29,$6,$16,$49,$3,$-0,$3,$1,$2,$2,$2,$8,$3,$34,35,$0.05,$0.05,$125,$0,$19,$183,$17,$0,$166,$3,$187,$369,$62,$0,$2,$8,$70,$0,$-96,$-7,$300,$369,$2,$5,$2,$7,$2,$0,$0,$-2,$-4,$5,$-2,$0,$0,$0,$0,$0,$0,$-2,$-0,$0,$-0,$10,$10,$0,$1,$11,$13,$3,$0
29,2011-06-30,24.71,$8.72,2.83,$5.70,4.34,$1.87,13.19,$1.04,23.76,$0.17B,$0.07B,2.48,$0.00B,$0.29B,0.0,$0.19B,$0.10B,55.03%,$0.19B,$0.01B,4.76%,$0.19B,$0.01B,4.76%,$0.19B,$0.03B,14.29%,$0.19B,$0.01B,5.29%,$0.19B,$0.04B,19.05%,$0.04B,$0.29B,14.43%,$0.04B,$0.11B,28.02%,$0.04B,$0.36B,11.32%,$0.01B,$0.29B,3.61%,$54,$25,$29,$5,$17,$51,$3,$0,$3,$-27,$30,$30,$30,$9,$3,$32,33,$0.94,$0.90,$112,$0,$0,$169,$16,$0,$173,$5,$194,$363,$68,$0,$2,$9,$78,$0,$-97,$-5,$286,$363,$36,$18,$-17,$0,$-10,$-0,$0,$4,$-6,$31,$-5,$0,$-60,$0,$0,$0,$0,$-64,$-0,$0,$-0,$19,$19,$0,$1,$20,$-11,$11,$0
30,2011-03-31,25.11,$7.72,3.25,$5.63,4.46,$1.93,13.0,$0.21,119.57,$0.19B,$0.06B,3.02,$0.00B,$0.25B,0.0,$0.18B,$0.10B,55.68%,$0.18B,$0.01B,4.55%,$0.18B,$0.01B,4.55%,$0.18B,$0.02B,13.64%,$0.18B,$0.01B,5.11%,$0.18B,$0.01B,3.98%,$0.01B,$0.25B,3.04%,$0.01B,$0.13B,5.43%,$0.01B,$0.32B,2.38%,$0.01B,$0.25B,3.47%,$49,$23,$26,$6,$16,$48,$1,$0,$1,$0,$1,$1,$1,$5,$1,$32,34,$0.03,$0.03,$147,$0,$9,$193,$14,$0,$116,$1,$131,$323,$64,$0,$2,$9,$73,$0,$-127,$-4,$250,$323,$6,$12,$8,$20,$-7,$0,$0,$2,$-4,$22,$-3,$0,$-15,$0,$0,$0,$0,$-17,$-0,$0,$-0,$17,$17,$0,$1,$17,$25,$9,$0
31,2010-12-31,21.71,$7.46,2.91,$5.65,3.84,$1.92,11.33,$0.21,103.38,$0.19B,$0.06B,3.18,$0.00B,$0.24B,0.0,$0.17B,$0.09B,56.29%,$0.17B,$0.01B,5.39%,$0.17B,$0.01B,5.39%,$0.17B,$0.03B,14.97%,$0.17B,$0.01B,5.99%,$0.17B,$0.01B,4.19%,$0.01B,$0.24B,3.41%,$0.01B,$0.14B,6.50%,$0.01B,$0.30B,2.63%,$0.01B,$0.24B,4.38%,$44,$19,$25,$5,$14,$41,$3,$0,$3,$1,$2,$2,$2,$7,$3,$31,33,$0.07,$0.06,$144,$0,$8,$189,$14,$0,$99,$1,$114,$303,$59,$0,$2,$7,$67,$0,$-129,$-6,$237,$303,$5,$8,$4,$13,$-9,$-0,$0,$6,$-4,$14,$-2,$0,$-6,$0,$0,$0,$0,$-8,$-0,$0,$-0,$13,$13,$0,$0,$13,$21,$5,$0
32,2010-09-30,15.36,$7.26,2.11,$5.87,2.62,$2.02,7.6,$0.18,85.33,$0.17B,$0.05B,3.34,$0.00B,$0.23B,0.0,$0.16B,$0.09B,56.44%,$0.16B,$0.01B,4.29%,$0.16B,$0.01B,4.29%,$0.16B,$0.02B,14.72%,$0.16B,$0.01B,4.91%,$0.16B,$0.01B,3.68%,$0.01B,$0.23B,3.29%,$0.01B,$0.13B,7.12%,$0.01B,$0.28B,2.47%,$0.01B,$0.23B,3.84%,$42,$19,$24,$5,$13,$40,$2,$0,$3,$-0,$3,$3,$3,$6,$2,$31,32,$0.09,$0.08,$136,$0,$9,$172,$14,$0,$95,$1,$110,$283,$52,$0,$2,$6,$58,$0,$-131,$-6,$225,$283,$3,$4,$2,$6,$-0,$-0,$0,$-2,$-2,$6,$-1,$0,$0,$0,$0,$0,$0,$-1,$-0,$0,$-0,$6,$6,$0,$0,$6,$14,$3,$0
33,2010-06-30,13.03,$6.94,1.88,$6.03,2.16,$1.98,6.57,$0.15,86.87,$0.16B,$0.05B,2.97,$0.00B,$0.21B,0.0,$0.16B,$0.09B,56.33%,$0.16B,$0.01B,4.43%,$0.16B,$0.01B,4.43%,$0.16B,$0.02B,15.19%,$0.16B,$0.01B,4.43%,$0.16B,$0.00B,2.53%,$0.00B,$0.21B,2.50%,$0.00B,$0.12B,6.81%,$0.00B,$0.27B,1.81%,$0.01B,$0.21B,4.38%,$41,$18,$23,$5,$13,$39,$2,$-0,$2,$1,$1,$1,$1,$6,$2,$26,27,$0.03,$0.04,$123,$0,$0,$158,$15,$0,$95,$2,$112,$269,$53,$0,$2,$6,$59,$0,$-133,$-9,$210,$269,$4,$18,$9,$27,$-4,$0,$0,$-1,$-5,$27,$-4,$0,$-18,$0,$0,$0,$0,$-22,$-0,$0,$-0,$71,$71,$0,$0,$71,$73,$9,$0
34,2010-03-31,16.83,$5.73,2.93,$5.92,2.84,$2.05,8.23,$-0.04,0.0,$0.09B,$0.05B,1.84,$0.00B,$0.15B,0.0,$0.15B,$0.09B,56.58%,$0.15B,$0.00B,0.66%,$0.15B,$0.00B,0.66%,$0.15B,$0.02B,12.50%,$0.15B,$0.00B,0.66%,$0.15B,$-0.00B,-0.66%,$-0.00B,$0.15B,-0.73%,$-0.00B,$0.05B,-2.65%,$-0.00B,$0.21B,-0.50%,$0.00B,$0.15B,0.73%,$40,$18,$22,$5,$12,$38,$2,$0,$2,$1,$1,$1,$1,$6,$2,$26,27,$0.04,$0.03,$58,$0,$9,$93,$15,$0,$99,$2,$116,$209,$50,$0,$2,$10,$60,$0,$-134,$-9,$149,$209,$3,$13,$7,$20,$-2,$-0,$0,$-1,$-5,$18,$-3,$0,$-18,$0,$0,$0,$0,$-21,$-0,$0,$-0,$12,$12,$0,$0,$12,$8,$7,$0
35,2009-12-31,17.57,$5.72,3.07,$5.86,3.0,$2.13,8.23,$-0.15,0.0,$0.09B,$0.05B,1.85,$0.00B,$0.15B,0.0,$0.15B,$0.08B,57.24%,$0.15B,$-0.00B,-1.38%,$0.15B,$-0.00B,-1.38%,$0.15B,$0.02B,11.03%,$0.15B,$-0.00B,-1.38%,$0.15B,$-0.00B,-2.76%,$-0.00B,$0.15B,-3.10%,$-0.00B,$0.04B,-12.60%,$-0.00B,$0.21B,-2.11%,$-0.00B,$0.15B,-1.55%,$40,$17,$23,$5,$13,$39,$1,$-0,$1,$1,$1,$1,$1,$6,$1,$25,26,$0.03,$0.03,$55,$0,$7,$86,$15,$0,$104,$5,$124,$210,$47,$0,$2,$18,$64,$0,$-135,$-5,$146,$210,$2,$9,$4,$13,$-1,$-0,$0,$2,$-0,$15,$-3,$0,$-17,$0,$0,$0,$0,$-20,$-0,$0,$-0,$10,$10,$0,$0,$10,$5,$4,$0
36,2009-09-30,12.9,$5.48,2.36,$5.74,2.25,$2.02,6.4,$-0.30,0.0,$0.07B,$0.05B,1.51,$0.00B,$0.14B,0.0,$0.14B,$0.08B,56.83%,$0.14B,$-0.01B,-4.32%,$0.14B,$-0.01B,-4.32%,$0.14B,$0.01B,8.63%,$0.14B,$-0.01B,-3.60%,$0.14B,$-0.01B,-5.76%,$-0.01B,$0.14B,-6.60%,$-0.01B,$0.03B,-30.19%,$-0.01B,$0.19B,-4.44%,$-0.01B,$0.14B,-4.95%,$37,$15,$21,$4,$12,$35,$2,$0,$2,$1,$1,$1,$1,$6,$2,$24,25,$0.05,$0.05,$38,$0,$7,$67,$15,$0,$107,$5,$127,$194,$45,$0,$2,$15,$59,$0,$-136,$-6,$135,$194,$1,$4,$2,$6,$1,$0,$0,$-3,$-3,$5,$-1,$0,$-17,$0,$0,$0,$0,$-18,$-0,$0,$-0,$2,$2,$0,$-0,$2,$-12,$2,$0
37,2009-06-30,9.01,$4.96,1.82,$5.75,1.57,$1.82,4.94,$-0.51,0.0,$0.08B,$0.05B,1.64,$0.00B,$0.12B,0.0,$0.14B,$0.08B,55.80%,$0.14B,$-0.01B,-8.70%,$0.14B,$-0.01B,-8.70%,$0.14B,$0.01B,5.07%,$0.14B,$-0.01B,-7.97%,$0.14B,$-0.01B,-9.42%,$-0.01B,$0.12B,-10.88%,$-0.01B,$0.03B,-51.49%,$-0.01B,$0.18B,-7.30%,$-0.01B,$0.12B,-10.04%,$35,$15,$20,$5,$15,$38,$-4,$-0,$-4,$-0,$-4,$-4,$-4,$1,$-4,$24,24,$-0.15,$-0.15,$50,$0,$0,$79,$10,$0,$90,$5,$104,$183,$48,$0,$2,$14,$63,$0,$-137,$-5,$121,$183,$-12,$19,$10,$29,$4,$0,$0,$8,$8,$25,$-3,$0,$0,$0,$0,$0,$0,$-3,$-0,$0,$-0,$-2,$-2,$0,$-0,$-2,$15,$9,$0
38,2009-03-31,6.58,$4.72,1.39,$5.81,1.13,$1.40,4.68,$-0.50,0.0,$0.07B,$0.04B,1.56,$0.00B,$0.11B,0.0,$0.14B,$0.08B,54.68%,$0.14B,$-0.01B,-7.91%,$0.14B,$-0.01B,-7.91%,$0.14B,$0.01B,5.04%,$0.14B,$-0.01B,-7.19%,$0.14B,$-0.01B,-8.63%,$-0.01B,$0.11B,-9.70%,$-0.01B,$0.03B,-51.61%,$-0.01B,$0.17B,-6.59%,$-0.01B,$0.11B,-8.89%,$33,$14,$19,$5,$12,$35,$-1,$-0,$-1,$1,$-2,$-2,$-2,$3,$-1,$24,24,$-0.08,$-0.08,$41,$0,$5,$69,$10,$0,$89,$4,$102,$171,$44,$0,$2,$13,$57,$0,$-134,$-12,$114,$171,$-9,$15,$7,$22,$2,$-2,$0,$9,$5,$18,$-2,$0,$0,$0,$0,$0,$0,$-2,$-0,$0,$-0,$-2,$-2,$0,$-0,$-2,$6,$6,$0
39,2008-12-31,7.1,$4.82,1.47,$5.77,1.23,$1.35,5.26,$-0.43,0.0,$0.07B,$0.05B,1.42,$0.00B,$0.12B,0.0,$0.14B,$0.07B,53.62%,$0.14B,$-0.01B,-7.97%,$0.14B,$-0.01B,-7.97%,$0.14B,$0.01B,4.35%,$0.14B,$-0.01B,-6.52%,$0.14B,$-0.01B,-7.25%,$-0.01B,$0.12B,-7.66%,$-0.01B,$0.02B,-29.85%,$-0.01B,$0.17B,-5.37%,$-0.01B,$0.12B,-8.43%,$34,$15,$19,$5,$13,$37,$-3,$1,$-2,$1,$-3,$-3,$-3,$2,$-3,$24,24,$-0.12,$-0.12,$35,$0,$5,$66,$11,$0,$94,$3,$107,$173,$47,$0,$2,$11,$58,$0,$-132,$-11,$115,$173,$-7,$10,$4,$14,$-1,$-1,$0,$7,$3,$10,$-2,$0,$0,$0,$0,$0,$0,$-2,$-0,$0,$-0,$-2,$-2,$0,$-0,$-2,$-1,$4,$0
40,2008-09-30,10.4,$5.09,2.04,$5.67,1.83,$1.30,7.99,$-0.34,0.0,$0.07B,$0.05B,1.43,$0.00B,$0.13B,0.0,$0.14B,$0.07B,53.68%,$0.14B,$-0.01B,-6.62%,$0.14B,$-0.01B,-6.62%,$0.14B,$0.01B,4.41%,$0.14B,$-0.01B,-5.88%,$0.14B,$-0.01B,-5.88%,$-0.01B,$0.13B,-5.84%,$-0.01B,$0.02B,-18.39%,$-0.01B,$0.19B,-4.21%,$-0.01B,$0.13B,-6.57%,$36,$16,$19,$5,$14,$40,$-4,$0,$-4,$-0,$-4,$-4,$-4,$1,$-4,$24,24,$-0.16,$-0.16,$30,$0,$5,$66,$11,$0,$105,$2,$119,$185,$46,$0,$2,$11,$57,$0,$-129,$-0,$128,$185,$-4,$5,$2,$8,$-2,$-1,$0,$2,$-4,$-0,$-1,$0,$0,$0,$0,$0,$0,$-1,$-0,$0,$-0,$-1,$-1,$0,$0,$-1,$-5,$2,$0
41,2008-06-30,9.73,$5.78,1.68,$5.51,1.77,$1.37,7.1,$-0.21,0.0,$0.07B,$0.05B,1.39,$0.00B,$0.14B,0.0,$0.13B,$0.07B,54.20%,$0.13B,$-0.01B,-5.34%,$0.13B,$-0.01B,-5.34%,$0.13B,$0.01B,4.58%,$0.13B,$-0.01B,-3.82%,$0.13B,$-0.01B,-3.82%,$-0.01B,$0.14B,-3.57%,$-0.01B,$0.02B,-9.52%,$-0.01B,$0.20B,-2.62%,$-0.01B,$0.14B,-4.99%,$36,$17,$19,$5,$14,$39,$-3,$0,$-3,$0,$-3,$-3,$-3,$1,$-3,$24,24,$-0.15,$-0.15,$35,$1,$0,$70,$12,$0,$115,$1,$128,$199,$50,$0,$2,$10,$61,$0,$-125,$8,$138,$199,$-5,$15,$8,$22,$-2,$0,$0,$5,$-1,$16,$-5,$0,$-37,$0,$27,$27,$0,$-15,$-0,$0,$-0,$-5,$-5,$0,$0,$-5,$-4,$9,$0
42,2008-03-31,12.6,$5.66,2.23,$5.37,2.34,$1.26,10.04,$-0.14,0.0,$0.10B,$0.04B,2.63,$0.00B,$0.14B,0.0,$0.13B,$0.07B,54.33%,$0.13B,$-0.01B,-5.51%,$0.13B,$-0.01B,-5.51%,$0.13B,$0.01B,4.72%,$0.13B,$-0.00B,-3.15%,$0.13B,$-0.00B,-3.15%,$-0.00B,$0.14B,-2.84%,$-0.00B,$0.07B,-6.58%,$-0.00B,$0.19B,-2.12%,$-0.01B,$0.14B,-4.97%,$32,$15,$17,$4,$12,$33,$-1,$1,$-0,$0,$-0,$-0,$-0,$2,$-1,$24,24,$-0.01,$-0.01,$77,$0,$5,$101,$9,$0,$75,$3,$87,$188,$39,$0,$1,$8,$47,$0,$-122,$8,$141,$188,$-2,$10,$5,$16,$4,$1,$0,$0,$3,$17,$-3,$0,$0,$0,$27,$27,$0,$24,$-0,$0,$-0,$-3,$-3,$0,$0,$-3,$38,$6,$0
43,2007-12-31,14.0,$5.64,2.48,$5.36,2.61,$0.96,14.64,$-0.21,0.0,$0.10B,$0.04B,2.57,$0.00B,$0.14B,0.0,$0.13B,$0.07B,54.76%,$0.13B,$-0.01B,-7.14%,$0.13B,$-0.01B,-7.14%,$0.13B,$0.01B,3.97%,$0.13B,$-0.01B,-4.76%,$0.13B,$-0.01B,-4.76%,$-0.01B,$0.14B,-4.27%,$-0.01B,$0.06B,-10.43%,$-0.01B,$0.19B,-3.17%,$-0.01B,$0.14B,-6.41%,$32,$14,$18,$4,$13,$33,$-1,$1,$-1,$0,$-1,$-1,$-1,$2,$-1,$24,24,$-0.03,$-0.03,$71,$0,$4,$100,$8,$0,$78,$2,$88,$188,$39,$0,$1,$8,$47,$0,$-121,$8,$141,$188,$-1,$7,$3,$10,$-0,$1,$0,$0,$-0,$8,$-1,$0,$0,$0,$26,$26,$0,$25,$-0,$0,$-0,$-2,$-2,$0,$0,$-2,$31,$4,$0
44,2007-09-30,12.53,$5.68,2.21,$5.28,2.37,$0.79,15.89,$-0.27,0.0,$0.10B,$0.04B,2.47,$0.00B,$0.14B,0.0,$0.12B,$0.07B,54.84%,$0.12B,$-0.01B,-8.87%,$0.12B,$-0.01B,-8.87%,$0.12B,$0.00B,2.42%,$0.12B,$-0.01B,-5.65%,$0.12B,$-0.01B,-5.65%,$-0.01B,$0.14B,-4.96%,$-0.01B,$0.06B,-12.67%,$-0.01B,$0.19B,-3.68%,$-0.01B,$0.14B,-7.80%,$31,$15,$17,$4,$12,$33,$-2,$1,$-1,$-0,$-1,$-1,$-1,$1,$-2,$24,24,$-0.03,$-0.03,$65,$0,$5,$96,$8,$0,$82,$2,$92,$188,$39,$0,$1,$8,$47,$0,$-121,$9,$141,$188,$-1,$3,$1,$5,$-2,$0,$0,$0,$-3,$1,$-1,$0,$0,$0,$7,$7,$0,$7,$-0,$0,$-0,$-2,$-2,$0,$0,$-2,$6,$2,$0
45,2007-06-30,12.35,$5.90,2.09,$5.03,2.46,$0.86,14.39,$-0.30,0.0,$0.10B,$0.04B,2.38,$0.00B,$0.14B,0.0,$0.12B,$0.07B,55.08%,$0.12B,$-0.01B,-9.32%,$0.12B,$-0.01B,-9.32%,$0.12B,$0.00B,1.69%,$0.12B,$-0.01B,-5.93%,$0.12B,$-0.01B,-5.93%,$-0.01B,$0.14B,-5.00%,$-0.01B,$0.06B,-11.72%,$-0.01B,$0.19B,-3.74%,$-0.01B,$0.14B,-7.86%,$32,$15,$17,$4,$14,$35,$-3,$1,$-2,$-0,$-2,$-2,$-2,$1,$-3,$24,24,$-0.07,$-0.07,$66,$1,$0,$95,$8,$0,$84,$2,$94,$190,$40,$0,$0,$9,$49,$0,$-120,$8,$140,$190,$-7,$13,$7,$19,$0,$1,$0,$0,$-0,$12,$-4,$0,$-17,$0,$15,$15,$0,$-6,$-0,$0,$-0,$-7,$-7,$0,$0,$-7,$0,$8,$0
46,2007-03-31,10.9,$5.71,1.91,$4.79,2.27,$0.91,12.01,$-0.27,0.0,$0.09B,$0.04B,2.3,$0.00B,$0.14B,0.0,$0.11B,$0.06B,54.46%,$0.11B,$-0.01B,-8.93%,$0.11B,$-0.01B,-8.93%,$0.11B,$0.00B,0.89%,$0.11B,$-0.01B,-5.36%,$0.11B,$-0.01B,-5.36%,$-0.01B,$0.14B,-4.31%,$-0.01B,$0.05B,-9.27%,$-0.01B,$0.19B,-3.27%,$-0.01B,$0.14B,-7.18%,$31,$14,$17,$4,$13,$34,$-3,$1,$-2,$-0,$-2,$-2,$-2,$1,$-3,$24,24,$-0.08,$-0.08,$65,$0,$6,$93,$8,$0,$87,$2,$97,$190,$41,$0,$1,$9,$50,$0,$-118,$7,$140,$190,$-5,$9,$5,$14,$2,$0,$0,$0,$1,$9,$-2,$0,$-17,$0,$13,$13,$0,$-6,$-0,$0,$-0,$-6,$-6,$0,$0,$-6,$-2,$6,$0
47,2006-12-31,11.45,$5.80,1.97,$4.55,2.52,$0.93,12.37,$-0.28,0.0,$0.09B,$0.04B,2.35,$0.00B,$0.14B,0.0,$0.11B,$0.06B,53.77%,$0.11B,$-0.01B,-9.43%,$0.11B,$-0.01B,-9.43%,$0.11B,$-0.00B,-0.94%,$0.11B,$-0.01B,-5.66%,$0.11B,$-0.01B,-5.66%,$-0.01B,$0.14B,-4.36%,$-0.01B,$0.05B,-8.63%,$-0.01B,$0.19B,-3.35%,$-0.01B,$0.14B,-7.27%,$30,$13,$17,$4,$13,$33,$-3,$1,$-2,$-0,$-2,$-2,$-2,$-0,$-3,$24,24,$-0.09,$-0.09,$64,$0,$5,$93,$8,$0,$89,$2,$99,$192,$39,$0,$1,$10,$49,$0,$-116,$7,$143,$192,$-4,$5,$3,$9,$1,$1,$0,$0,$-1,$4,$-1,$0,$-17,$0,$10,$10,$0,$-8,$-0,$0,$-0,$-3,$-3,$0,$0,$-3,$-6,$4,$0
