,Date,Stock Price,Book Value per Share,Price to Book Ratio,TTM Sales per Share,Price to Sales Ratio,TTM FCF per Share,Price to FCF Ratio,TTM Net EPS,PE Ratio,Current Assets,Current Liabilities,Current Ratio,Long Term Debt,Shareholder's Equity_x,Debt to Equity Ratio,TTM Revenue_x,TTM Gross Profit,Gross Margin,TTM Revenue_y,TTM Operating Income,Operating Margin,TTM Revenue_x,TTM EBIT,EBIT Margin,TTM Revenue_y,TTM EBITDA,EBITDA Margin,TTM Revenue_x,TTM Pre-Tax Income,Pre-Tax Margin,TTM Revenue_y,TTM Net Income_x,Net Margin,TTM Net Income_y,Shareholder's Equity_y,Return on Equity,TTM Net Income_x,Tangible Equity,Return on Tangible Equity,TTM Net Income_y,Total Assets,Return on Assets,TTM Net Income,LT Investments & Debt,Return on Investment,revenue,cost-goods-sold,gross-profit,research-development-expenses,selling-general-administrative-expenses,operating-expenses,operating-income,total-non-operating-income-expense,pre-tax-income,total-provision-income-taxes,income-after-taxes,income-from-continuous-operations,net-income,ebitda,ebit,basic-shares-outstanding,shares-outstanding,eps-basic-net-earnings-per-share,eps-earnings-per-share-diluted,cash-on-hand,inventory,other-current-assets,total-current-assets,net-property-plant-equipment,long-term-investments,goodwill-intangible-assets-total,other-long-term-assets,total-long-term-assets,total-assets,total-current-liabilities,long-term-debt,other-non-current-liabilities,total-long-term-liabilities,total-liabilities,common-stock-net,retained-earnings-accumulated-deficit,comprehensive-income,total-share-holder-equity,total-liabilities-share-holders-equity,net-income-loss,total-depreciation-amortization-cash-flow,other-non-cash-items,total-non-cash-items,change-in-accounts-receivable,change-in-inventories,change-in-accounts-payable,change-in-assets-liabilities,total-change-in-assets-liabilities,cash-flow-from-operating-activities,net-change-in-property-plant-equipment,net-change-in-intangible-assets,net-acquisitions-divestitures,net-change-in-short-term-investments,net-change-in-long-term-investments,net-change-in-investments-total,investing-activities-other,cash-flow-from-investing-activities,net-long-term-debt,net-current-debt,debt-issuance-retirement-net-total,net-common-equity-issued-repurchased,net-total-equity-issued-repurchased,total-common-preferred-stock-dividends-paid,financial-activities-other,cash-flow-from-financial-activities,net-cash-flow,stock-based-compensation,common-stock-dividends-paid
0,2018-09-30,28.73,$10.77,2.67,$16.43,1.75,$1.80,15.93,$1.68,17.1,$7.69B,$10.92B,0.7,$22.51B,$23.51B,0.96,$35.78B,$4.59B,12.82%,$35.78B,$4.85B,13.55%,$35.78B,$4.85B,13.55%,$35.78B,$6.63B,18.54%,$35.78B,$3.77B,10.54%,$35.78B,$3.66B,10.23%,$3.66B,$23.51B,15.86%,$3.66B,$14.11B,26.83%,$3.66B,$57.75B,6.54%,$4.85B,$46.01B,10.62%,$9586,$8002,$1584,$0,$53,$7943,$1643,$-298,$1346,$11,$1335,$1335,$1313,$2115,$1643,$2180,2191,$0.60,$0.60,$279,$2336,$237,$7686,$37803,$2603,$9399,$261,$50066,$57752,$10922,$22509,$747,$23324,$34246,$23380,$0,$-307,$23506,$57752,$2933,$1361,$243,$1604,$123,$-474,$261,$-360,$-262,$4275,$-2980,$0,$-151,$0,$-95,$-95,$43,$-3183,$1344,$0,$1344,$449,$449,$-2783,$106,$-884,$209,$0,$-2783
1,2018-06-30,27.27,$10.61,2.57,$15.24,1.79,$1.54,17.71,$1.36,20.05,$7.00B,$9.45B,0.74,$23.02B,$23.09B,1.0,$33.08B,$3.81B,11.52%,$33.08B,$4.08B,12.34%,$33.08B,$4.08B,12.34%,$33.08B,$5.81B,17.56%,$33.08B,$3.05B,9.23%,$33.08B,$2.96B,8.94%,$2.96B,$23.09B,12.95%,$2.96B,$13.65B,22.11%,$2.96B,$56.31B,5.39%,$4.08B,$46.11B,9.03%,$8468,$7552,$916,$0,$51,$7481,$986,$-281,$706,$18,$687,$687,$674,$1445,$986,$2175,2185,$0.31,$0.31,$342,$1730,$165,$7003,$37055,$2582,$9441,$232,$49309,$56311,$9449,$23020,$682,$23772,$33221,$22795,$0,$-123,$23091,$56311,$1599,$889,$438,$1328,$18,$18,$109,$-418,$-229,$2698,$-1919,$0,$-150,$0,$-46,$-46,$25,$-2090,$1129,$0,$1129,$261,$261,$-1876,$148,$-337,$271,$0,$-1876
2,2018-03-31,23.74,$10.58,2.24,$14.44,1.64,$1.75,13.55,$1.35,17.59,$6.79B,$8.84B,0.77,$23.02B,$22.97B,1.0,$31.22B,$3.77B,12.08%,$31.22B,$4.04B,12.93%,$31.22B,$4.04B,12.93%,$31.22B,$5.71B,18.29%,$31.22B,$3.02B,9.68%,$31.22B,$2.94B,9.41%,$2.94B,$22.97B,12.90%,$2.94B,$13.48B,22.08%,$2.94B,$55.48B,5.48%,$4.04B,$45.98B,9.09%,$9299,$8223,$1076,$0,$53,$8160,$1139,$-222,$917,$5,$912,$912,$896,$1570,$1139,$2167,2177,$0.41,$0.41,$216,$1700,$79,$6791,$36416,$2583,$9482,$210,$48691,$55482,$8840,$23016,$603,$23678,$32517,$22915,$0,$-161,$22965,$55482,$912,$431,$-109,$322,$0,$0,$0,$0,$0,$1234,$-945,$0,$-150,$0,$-38,$-38,$14,$-1119,$839,$0,$839,$177,$177,$-934,$-51,$31,$145,$0,$-934
3,2017-12-31,25.33,$10.54,2.4,$13.60,1.86,$1.83,13.85,$1.30,19.48,$6.51B,$9.30B,0.7,$21.71B,$22.77B,0.95,$29.24B,$3.68B,12.59%,$29.24B,$3.93B,13.44%,$29.24B,$3.93B,13.44%,$29.24B,$5.57B,19.06%,$29.24B,$2.88B,9.86%,$29.24B,$2.80B,9.58%,$2.80B,$22.77B,12.31%,$2.80B,$13.34B,21.14%,$2.80B,$54.42B,5.32%,$3.93B,$44.49B,8.95%,$8427,$7414,$1012,$0,$44,$7347,$1079,$-277,$803,$6,$797,$797,$778,$1502,$1079,$2145,2154,$0.36,$0.36,$70,$1610,$153,$6506,$35620,$2659,$9436,$196,$47912,$54418,$9295,$21714,$578,$22351,$31646,$22719,$0,$-172,$22772,$54418,$2856,$1644,$167,$1811,$0,$0,$0,$0,$0,$4666,$-3108,$0,$-199,$0,$-51,$-51,$71,$-3286,$856,$0,$856,$1073,$1073,$-3619,$-38,$-1728,$-347,$0,$-3619
4,2017-09-30,24.49,$10.47,2.34,$12.78,1.92,$1.63,15.06,$1.25,19.59,$6.03B,$8.44B,0.72,$21.71B,$22.55B,0.96,$27.29B,$3.54B,12.97%,$27.29B,$3.77B,13.82%,$27.29B,$3.77B,13.82%,$27.29B,$5.39B,19.75%,$27.29B,$2.76B,10.11%,$27.29B,$2.68B,9.83%,$2.68B,$22.55B,11.86%,$2.68B,$13.06B,20.53%,$2.68B,$53.30B,5.15%,$3.77B,$44.26B,8.65%,$6887,$6080,$807,$0,$41,$6008,$879,$-253,$627,$5,$621,$621,$611,$1292,$879,$2151,2161,$0.28,$0.28,$100,$1983,$180,$6031,$34979,$2660,$9485,$145,$47270,$53301,$8439,$21711,$548,$22313,$30752,$22637,$0,$-307,$22549,$53301,$2058,$1221,$52,$1274,$-140,$-93,$41,$-286,$-512,$2820,$-2112,$0,$-199,$0,$-33,$-33,$40,$-2304,$1017,$0,$1017,$877,$877,$-2660,$-68,$-834,$-318,$0,$-2660
5,2017-06-30,25.05,$10.65,2.35,$12.41,2.02,$1.42,17.62,$1.27,19.73,$4.79B,$7.82B,0.61,$20.03B,$22.88B,0.88,$26.33B,$3.59B,13.63%,$26.33B,$3.80B,14.43%,$26.33B,$3.80B,14.43%,$26.33B,$5.40B,20.50%,$26.33B,$2.78B,10.56%,$26.33B,$2.70B,10.27%,$2.70B,$22.88B,12.02%,$2.70B,$13.35B,20.95%,$2.70B,$51.31B,5.24%,$3.80B,$42.91B,8.76%,$6608,$5730,$877,$0,$46,$5669,$939,$-264,$675,$9,$666,$666,$654,$1345,$939,$2145,2154,$0.30,$0.30,$64,$1604,$70,$4785,$34221,$2661,$9528,$119,$46529,$51313,$7819,$20027,$535,$20615,$28433,$22789,$0,$-129,$22880,$51313,$1437,$809,$7,$816,$601,$234,$38,$-96,$82,$2335,$-1110,$0,$-191,$0,$-24,$-24,$27,$-1299,$-332,$0,$-332,$757,$757,$-1781,$-35,$-1390,$-354,$0,$-1781
6,2017-03-31,25.16,$10.67,2.36,$12.03,2.09,$0.85,29.6,$1.24,20.29,$5.64B,$7.05B,0.8,$21.12B,$22.80B,0.93,$25.34B,$3.51B,13.85%,$25.34B,$3.70B,14.59%,$25.34B,$3.70B,14.59%,$25.34B,$5.27B,20.80%,$25.34B,$2.68B,10.56%,$25.34B,$2.61B,10.30%,$2.61B,$22.80B,11.72%,$2.61B,$13.23B,20.65%,$2.61B,$51.53B,5.06%,$3.70B,$43.92B,8.48%,$7320,$6333,$987,$0,$50,$6289,$1032,$-255,$777,$6,$771,$771,$757,$1434,$1032,$2126,2135,$0.36,$0.36,$107,$1922,$40,$5642,$33556,$2671,$9568,$92,$45888,$51530,$7048,$21123,$506,$21682,$28730,$22696,$0,$-116,$22800,$51530,$771,$402,$-298,$105,$0,$0,$0,$0,$0,$876,$-428,$0,$-16,$0,$-14,$-14,$14,$-444,$-281,$0,$-281,$449,$449,$-879,$-30,$-742,$-311,$0,$-879
7,2016-12-31,24.3,$10.51,2.31,$11.06,2.2,$0.59,40.9,$1.20,20.25,$6.53B,$8.25B,0.79,$21.12B,$22.27B,0.95,$23.02B,$3.38B,14.68%,$23.02B,$3.58B,15.55%,$23.02B,$3.58B,15.55%,$23.02B,$5.13B,22.30%,$23.02B,$2.58B,11.19%,$23.02B,$2.51B,10.92%,$2.51B,$22.27B,11.48%,$2.51B,$12.66B,20.55%,$2.51B,$52.19B,4.91%,$3.58B,$43.39B,8.25%,$6479,$5609,$870,$0,$39,$5556,$923,$-243,$680,$10,$670,$670,$662,$1320,$923,$2081,2089,$0.31,$0.31,$418,$1771,$541,$6528,$33293,$2677,$9609,$87,$45666,$52194,$8251,$21121,$504,$21678,$29928,$22327,$0,$-280,$22266,$52194,$2553,$1552,$-38,$1514,$0,$0,$0,$0,$0,$4067,$-2979,$0,$-1000,$0,$-139,$-139,$112,$-4006,$1141,$0,$1141,$2543,$2543,$-3348,$-15,$322,$383,$0,$-3348
8,2016-09-30,24.45,$10.48,2.33,$11.04,2.22,$0.96,25.36,$1.23,19.88,$5.74B,$7.57B,0.76,$21.12B,$22.04B,0.96,$22.70B,$3.42B,15.08%,$22.70B,$3.59B,15.83%,$22.70B,$3.59B,15.83%,$22.70B,$5.12B,22.54%,$22.70B,$2.58B,11.38%,$22.70B,$2.54B,11.18%,$2.54B,$22.04B,11.83%,$2.54B,$12.39B,21.62%,$2.54B,$51.26B,5.05%,$3.59B,$43.16B,8.38%,$5920,$5066,$855,$0,$42,$5015,$905,$-257,$648,$5,$643,$643,$631,$1297,$905,$2098,2106,$0.30,$0.30,$334,$1763,$241,$5742,$33119,$2687,$9652,$58,$45517,$51258,$7568,$21121,$479,$21651,$29220,$22128,$0,$-309,$22039,$51258,$1883,$1155,$-380,$776,$0,$0,$0,$0,$0,$2659,$-2400,$0,$-1000,$0,$-120,$-120,$-176,$-3696,$1407,$0,$1407,$2170,$2170,$-2428,$-75,$1075,$38,$0,$-2428
9,2016-06-30,25.53,$10.49,2.43,$11.36,2.25,$1.59,16.1,$1.25,20.43,$5.97B,$7.03B,0.85,$21.92B,$21.95B,1.0,$23.09B,$3.42B,14.82%,$23.09B,$3.60B,15.58%,$23.09B,$3.60B,15.58%,$23.09B,$5.10B,22.10%,$23.09B,$2.60B,11.26%,$23.09B,$2.56B,11.07%,$2.56B,$21.95B,12.15%,$2.56B,$12.25B,22.67%,$2.56B,$51.40B,5.15%,$3.60B,$43.87B,8.49%,$5618,$4822,$796,$0,$35,$4781,$837,$-267,$570,$-0,$570,$570,$559,$1218,$837,$2085,2093,$0.27,$0.27,$486,$1715,$281,$5970,$33012,$2669,$9694,$57,$45431,$51401,$7026,$21922,$456,$22429,$29455,$22031,$0,$-307,$21946,$51401,$1240,$763,$-158,$605,$0,$0,$0,$0,$0,$1845,$-1853,$0,$0,$0,$-92,$-92,$-294,$-2239,$249,$0,$249,$1888,$1888,$-1621,$-28,$488,$95,$0,$-1621
10,2016-03-31,21.18,$10.38,2.04,$12.22,1.73,$1.72,12.28,$1.26,16.81,$4.59B,$6.01B,0.76,$21.92B,$21.35B,1.03,$24.56B,$3.36B,13.68%,$24.56B,$3.56B,14.49%,$24.56B,$3.56B,14.49%,$24.56B,$5.09B,20.73%,$24.56B,$2.58B,10.50%,$24.56B,$2.55B,10.37%,$2.55B,$21.35B,12.34%,$2.55B,$11.61B,22.74%,$2.55B,$49.74B,5.22%,$3.56B,$43.27B,8.53%,$5005,$4147,$858,$0,$44,$4090,$916,$-237,$679,$8,$670,$670,$661,$1298,$916,$2034,2034,$0.32,$0.32,$298,$1232,$235,$4593,$32673,$2684,$9736,$51,$45145,$49737,$6013,$21920,$408,$22378,$28391,$21397,$0,$-269,$21346,$49737,$670,$382,$-152,$230,$0,$0,$0,$-0,$-0,$900,$-994,$0,$0,$0,$-70,$-70,$-100,$-1164,$203,$0,$203,$1012,$1012,$-797,$-12,$406,$142,$0,$-797
11,2015-12-31,21.62,$10.19,2.12,$13.56,1.59,$1.84,11.74,$1.26,17.16,$4.30B,$7.17B,0.6,$20.68B,$20.50B,1.01,$27.03B,$3.36B,12.43%,$27.03B,$3.54B,13.09%,$27.03B,$3.54B,13.10%,$27.03B,$5.06B,18.71%,$27.03B,$2.56B,9.46%,$27.03B,$2.52B,9.33%,$2.52B,$20.50B,12.41%,$2.52B,$10.72B,22.51%,$2.52B,$48.80B,5.25%,$3.54B,$41.18B,8.64%,$6155,$5242,$913,$0,$49,$5221,$935,$-248,$687,$-7,$694,$694,$687,$1303,$935,$1967,1999,$0.34,$0.34,$35,$1038,$259,$4298,$32035,$2629,$9782,$58,$44504,$48802,$7167,$20677,$412,$21135,$28301,$20514,$0,$-219,$20501,$48802,$2558,$1516,$-72,$1444,$0,$0,$0,$0,$0,$4002,$-2222,$0,$-1057,$0,$-163,$-163,$15,$-3426,$1214,$0,$1214,$1189,$1189,$-2992,$-27,$-616,$-40,$0,$-2992
12,2015-09-30,20.75,$10.15,2.04,$15.86,1.31,$1.62,12.8,$1.26,16.47,$4.66B,$6.88B,0.68,$20.84B,$20.35B,1.02,$31.06B,$3.35B,10.78%,$31.06B,$3.53B,11.35%,$31.06B,$3.53B,11.35%,$31.06B,$5.04B,16.23%,$31.06B,$2.55B,8.21%,$31.06B,$2.49B,8.03%,$2.49B,$20.35B,12.40%,$2.49B,$10.52B,22.08%,$2.49B,$48.53B,5.24%,$3.53B,$41.19B,8.73%,$6308,$5453,$855,$0,$49,$5399,$909,$-246,$663,$6,$658,$658,$649,$1282,$909,$1969,2011,$0.33,$0.32,$127,$1085,$242,$4660,$31214,$2625,$9831,$197,$43868,$48528,$6879,$20841,$402,$21296,$28175,$20393,$0,$-231,$20353,$48528,$1865,$1148,$-421,$726,$0,$0,$0,$0,$0,$2591,$-1093,$0,$-1045,$0,$-131,$-131,$-39,$-2308,$974,$0,$974,$1011,$1011,$-2218,$-45,$-277,$6,$0,$-2218
13,2015-06-30,24.59,$10.17,2.42,$19.27,1.28,$1.31,18.71,$1.31,18.77,$7.18B,$6.47B,1.11,$20.89B,$20.36B,1.03,$37.09B,$3.41B,9.19%,$37.09B,$3.56B,9.59%,$37.09B,$3.56B,9.59%,$37.09B,$5.04B,13.59%,$37.09B,$2.60B,7.00%,$37.09B,$2.54B,6.84%,$2.54B,$20.36B,13.33%,$2.54B,$11.97B,21.51%,$2.54B,$48.16B,5.49%,$3.56B,$41.26B,9.23%,$7093,$6358,$735,$0,$45,$6292,$800,$-252,$549,$-8,$557,$557,$551,$1208,$800,$1961,2002,$0.28,$0.28,$597,$1000,$1711,$7179,$29784,$2607,$8398,$191,$40981,$48159,$6466,$20893,$382,$21330,$27796,$20404,$0,$-279,$20363,$48159,$1207,$775,$-80,$695,$0,$0,$0,$-1,$-1,$1902,$-1632,$0,$0,$0,$-114,$-114,$-43,$-1789,$933,$0,$933,$944,$944,$-1466,$-48,$364,$477,$0,$-1466
14,2015-03-31,26.78,$10.04,2.67,$22.38,1.2,$1.54,17.34,$1.37,19.55,$4.44B,$5.88B,0.76,$20.19B,$20.06B,1.01,$42.51B,$3.56B,8.37%,$42.51B,$3.64B,8.56%,$42.51B,$3.64B,8.56%,$42.51B,$5.05B,11.87%,$42.51B,$2.70B,6.36%,$42.51B,$2.62B,6.17%,$2.62B,$20.06B,14.67%,$2.62B,$11.60B,22.08%,$2.62B,$46.51B,5.89%,$3.64B,$40.25B,9.99%,$7473,$6616,$856,$0,$49,$6577,$896,$-239,$657,$7,$651,$651,$634,$1263,$896,$1926,1967,$0.33,$0.32,$109,$855,$0,$4435,$30368,$3065,$8458,$180,$42071,$46505,$5876,$20192,$311,$20571,$26447,$20099,$0,$-263,$20058,$46505,$651,$367,$75,$442,$837,$161,$-131,$-81,$-139,$954,$-812,$0,$0,$0,$-68,$-68,$-9,$-889,$229,$0,$229,$468,$468,$-720,$-36,$-58,$7,$0,$-720
15,2014-12-31,29.06,$10.16,2.86,$25.46,1.14,$1.90,15.3,$1.48,19.7,$5.49B,$7.87B,0.7,$19.16B,$19.69B,0.97,$47.95B,$3.73B,7.78%,$47.95B,$3.78B,7.87%,$47.95B,$3.78B,7.87%,$47.95B,$5.14B,10.71%,$47.95B,$2.86B,5.96%,$47.95B,$2.79B,5.81%,$2.79B,$19.69B,16.61%,$2.79B,$11.09B,23.21%,$2.79B,$47.20B,6.46%,$3.78B,$38.85B,10.90%,$10190,$9286,$904,$0,$64,$9269,$921,$-239,$682,$1,$681,$681,$660,$1289,$921,$1849,1895,$0.34,$0.33,$74,$1014,$226,$5491,$29882,$3042,$8602,$184,$41710,$47201,$7874,$19157,$411,$19635,$27509,$18305,$0,$-242,$19692,$47201,$2834,$1361,$-32,$1329,$0,$0,$0,$0,$0,$4162,$-2893,$0,$-2417,$0,$-722,$-722,$234,$-5798,$4020,$0,$4020,$389,$389,$-2687,$-69,$1653,$18,$0,$-2687
16,2014-09-30,32.11,$8.50,3.78,$27.20,1.18,$1.63,19.7,$1.51,21.27,$8.37B,$8.97B,0.93,$17.71B,$15.98B,1.11,$50.86B,$3.75B,7.37%,$50.86B,$3.77B,7.41%,$50.86B,$3.77B,7.41%,$50.86B,$5.08B,9.98%,$50.86B,$2.89B,5.69%,$50.86B,$2.83B,5.56%,$2.83B,$15.98B,17.98%,$2.83B,$12.51B,23.14%,$2.83B,$42.91B,6.83%,$3.77B,$33.69B,11.48%,$12330,$11415,$915,$0,$50,$11393,$938,$-231,$707,$8,$699,$699,$691,$1279,$938,$1834,1883,$0.38,$0.37,$1068,$1590,$0,$8366,$27963,$2938,$3471,$167,$34540,$42906,$8972,$17707,$182,$17952,$26924,$16064,$0,$-306,$15982,$42906,$2152,$992,$-440,$552,$0,$0,$0,$0,$0,$2704,$-1880,$0,$0,$0,$-583,$-583,$195,$-2268,$2311,$0,$2311,$305,$305,$-1978,$-70,$568,$1005,$0,$-1978
17,2014-06-30,30.91,$8.41,3.67,$27.20,1.14,$1.31,23.68,$1.46,21.17,$7.47B,$8.47B,0.88,$17.06B,$15.80B,1.08,$50.63B,$3.66B,7.22%,$50.63B,$3.65B,7.22%,$50.63B,$3.65B,7.22%,$50.63B,$4.92B,9.72%,$50.63B,$2.80B,5.53%,$50.63B,$2.73B,5.39%,$2.73B,$15.80B,17.72%,$2.73B,$12.31B,22.99%,$2.73B,$41.57B,6.70%,$3.65B,$32.87B,11.34%,$12521,$11639,$882,$0,$48,$11637,$884,$-228,$657,$10,$647,$647,$638,$1215,$884,$1831,1880,$0.35,$0.34,$299,$1318,$0,$7472,$27555,$2879,$3495,$171,$34099,$41571,$8470,$17063,$175,$17299,$25769,$15931,$0,$-354,$15802,$41571,$1453,$651,$-34,$617,$37,$-235,$-69,$54,$-199,$1872,$-1186,$0,$14,$0,$-499,$-499,$116,$-1555,$1022,$0,$1022,$223,$223,$-1309,$-67,$-132,$185,$0,$-1309
18,2014-03-31,27.11,$8.36,3.24,$26.61,1.02,$0.99,27.49,$1.42,19.09,$7.33B,$7.62B,0.96,$17.47B,$15.66B,1.12,$49.25B,$3.56B,7.22%,$49.25B,$3.54B,7.19%,$49.25B,$3.54B,7.19%,$49.25B,$4.79B,9.72%,$49.25B,$2.72B,5.51%,$49.25B,$2.64B,5.37%,$2.64B,$15.66B,17.58%,$2.64B,$12.15B,23.02%,$2.64B,$40.99B,6.64%,$3.54B,$33.13B,11.18%,$12910,$11881,$1029,$0,$53,$11877,$1033,$-221,$812,$5,$807,$807,$799,$1353,$1033,$1828,1876,$0.44,$0.43,$1032,$978,$0,$7333,$27263,$2706,$3514,$174,$33657,$40991,$7622,$17468,$178,$17707,$25329,$15783,$0,$-344,$15662,$40991,$807,$320,$278,$597,$0,$0,$0,$0,$0,$1404,$-603,$0,$0,$0,$-285,$-285,$27,$-862,$1022,$0,$1022,$83,$83,$-639,$-76,$389,$932,$0,$-639
19,2013-12-31,25.64,$8.25,3.11,$25.98,0.99,$0.83,30.77,$1.41,18.18,$7.02B,$8.24B,0.85,$16.23B,$15.44B,1.05,$47.73B,$3.49B,7.31%,$47.73B,$3.47B,7.27%,$47.73B,$3.47B,7.27%,$47.73B,$4.69B,9.82%,$47.73B,$2.67B,5.58%,$47.73B,$2.60B,5.44%,$2.60B,$15.44B,17.77%,$2.60B,$11.90B,23.54%,$2.60B,$40.14B,6.65%,$3.47B,$31.67B,11.19%,$13101,$12178,$924,$0,$49,$12186,$916,$-199,$717,$11,$706,$706,$699,$1231,$916,$1788,1843,$0.39,$0.38,$123,$1093,$0,$7023,$26947,$2437,$3542,$189,$33115,$40139,$8239,$16227,$172,$16460,$24698,$15574,$0,$-359,$15440,$40139,$2607,$1218,$41,$1258,$0,$0,$0,$0,$0,$3866,$-3128,$0,$0,$0,$-1094,$-1094,$-36,$-4258,$1172,$0,$1172,$1792,$1792,$-2409,$-122,$433,$41,$0,$-2409
20,2013-09-30,23.35,$7.94,2.94,$25.07,0.93,$0.02,993.52,$1.38,16.98,$7.77B,$8.72B,0.89,$16.48B,$14.68B,1.12,$45.70B,$3.41B,7.45%,$45.70B,$3.38B,7.39%,$45.70B,$3.38B,7.39%,$45.70B,$4.56B,9.99%,$45.70B,$2.57B,5.63%,$45.70B,$2.51B,5.50%,$2.51B,$14.68B,17.85%,$2.51B,$11.12B,24.01%,$2.51B,$40.13B,6.61%,$3.38B,$31.16B,11.22%,$12093,$11274,$820,$0,$44,$11273,$820,$-208,$612,$19,$593,$593,$592,$1122,$820,$1793,1846,$0.33,$0.32,$46,$1862,$0,$7771,$26454,$2135,$3568,$198,$32354,$40125,$8724,$16482,$182,$16719,$25443,$14821,$0,$-349,$14682,$40125,$1901,$902,$76,$979,$-1140,$-674,$1442,$-10,$-514,$2366,$-2157,$0,$0,$0,$-768,$-768,$-12,$-2938,$1348,$0,$1348,$1135,$1135,$-1785,$-133,$565,$-7,$0,$-1785
21,2013-06-30,23.51,$7.80,3.01,$24.39,0.96,$-0.05,0.0,$1.39,16.98,$6.58B,$6.87B,0.96,$16.43B,$14.35B,1.15,$44.07B,$3.40B,7.70%,$44.07B,$3.34B,7.59%,$44.07B,$3.34B,7.59%,$44.07B,$4.51B,10.24%,$44.07B,$2.55B,5.79%,$44.07B,$2.51B,5.69%,$2.51B,$14.35B,18.35%,$2.51B,$10.76B,25.00%,$2.51B,$37.88B,6.82%,$3.34B,$30.78B,11.44%,$11149,$10367,$782,$0,$46,$10375,$774,$-201,$574,$20,$553,$553,$553,$1082,$774,$1778,1837,$0.31,$0.30,$72,$1411,$0,$6580,$25566,$1939,$3593,$199,$31297,$37877,$6873,$16430,$184,$16651,$23524,$14519,$0,$-363,$14353,$37877,$1309,$600,$32,$632,$-330,$-255,$50,$-73,$-409,$1531,$-1447,$0,$0,$0,$-548,$-548,$193,$-1803,$783,$0,$783,$835,$835,$-1177,$-141,$301,$29,$0,$-1177
22,2013-03-31,22.56,$7.64,2.95,$23.82,0.95,$0.29,79.08,$1.41,16.06,$7.37B,$7.52B,0.98,$16.39B,$13.99B,1.17,$42.71B,$3.39B,7.94%,$42.71B,$3.32B,7.77%,$42.71B,$3.32B,7.77%,$42.71B,$4.45B,10.42%,$42.71B,$2.55B,5.97%,$42.71B,$2.52B,5.90%,$2.52B,$13.99B,19.10%,$2.52B,$10.36B,26.45%,$2.52B,$38.10B,7.06%,$3.32B,$30.38B,11.86%,$11383,$10420,$963,$0,$50,$10425,$958,$-196,$762,$6,$755,$755,$754,$1250,$958,$1763,1822,$0.43,$0.42,$1348,$1159,$0,$7368,$25223,$1679,$3626,$206,$30733,$38101,$7519,$16394,$183,$16593,$24111,$14281,$0,$-398,$13990,$38101,$755,$292,$-39,$253,$-164,$84,$-67,$-8,$-8,$1000,$-501,$0,$0,$0,$-291,$-291,$-55,$-847,$1348,$0,$1348,$554,$554,$-2,$-788,$1112,$1264,$0,$-2
23,2012-12-31,18.52,$7.36,2.52,$23.90,0.77,$0.37,50.61,$1.36,13.67,$5.84B,$7.76B,0.75,$14.66B,$13.30B,1.1,$42.58B,$3.22B,7.55%,$42.58B,$3.11B,7.30%,$42.58B,$3.11B,7.30%,$42.58B,$4.22B,9.90%,$42.58B,$2.41B,5.66%,$42.58B,$2.42B,5.68%,$2.42B,$13.30B,18.89%,$2.42B,$9.64B,26.56%,$2.42B,$35.93B,6.97%,$3.11B,$27.95B,11.57%,$11072,$10231,$841,$0,$40,$10249,$823,$-199,$624,$6,$617,$617,$616,$1110,$823,$1724,1786,$0.35,$0.34,$20,$1088,$0,$5843,$24846,$1395,$3654,$197,$30091,$35934,$7756,$14655,$205,$14883,$22638,$13558,$0,$-370,$13296,$35934,$2428,$1105,$-60,$1045,$197,$-228,$-50,$-92,$-583,$2891,$-3622,$0,$0,$0,$-610,$-610,$1213,$-3019,$1687,$0,$1687,$817,$817,$-2192,$-187,$124,$-4,$0,$-2192
24,2012-09-30,19.47,$7.25,2.68,$24.44,0.8,$0.46,42.04,$1.43,13.66,$5.89B,$7.24B,0.81,$14.75B,$13.06B,1.13,$43.10B,$3.32B,7.69%,$43.10B,$3.20B,7.42%,$43.10B,$3.20B,7.42%,$43.10B,$4.28B,9.94%,$43.10B,$2.51B,5.83%,$43.10B,$2.53B,5.86%,$2.53B,$13.06B,20.14%,$2.53B,$9.37B,28.65%,$2.53B,$35.28B,7.37%,$3.20B,$27.81B,12.08%,$10469,$9660,$809,$0,$41,$9680,$789,$-198,$590,$2,$588,$588,$587,$1069,$789,$1719,1783,$0.34,$0.33,$33,$1069,$0,$5893,$24312,$1160,$3688,$224,$29385,$35278,$7236,$14747,$216,$14984,$22220,$13338,$0,$-388,$13058,$35278,$1811,$818,$-103,$715,$149,$-229,$-63,$-58,$-910,$1616,$-1549,$0,$0,$0,$-352,$-352,$6,$-1895,$1425,$0,$1425,$639,$639,$-1618,$-172,$274,$-5,$0,$-1618
25,2012-06-30,18.39,$7.02,2.62,$25.17,0.73,$0.35,52.04,$1.37,13.42,$5.07B,$7.62B,0.67,$13.35B,$12.48B,1.07,$43.96B,$3.23B,7.35%,$43.96B,$3.09B,7.03%,$43.96B,$3.09B,7.03%,$43.96B,$4.15B,9.44%,$43.96B,$2.42B,5.49%,$43.96B,$2.41B,5.48%,$2.41B,$12.48B,19.81%,$2.41B,$8.77B,28.63%,$2.41B,$33.67B,7.12%,$3.09B,$25.82B,11.91%,$9790,$9010,$780,$0,$43,$9041,$749,$-173,$576,$9,$567,$567,$566,$1021,$749,$1716,1780,$0.33,$0.32,$15,$893,$0,$5069,$23761,$913,$3712,$212,$28598,$33667,$7618,$13347,$202,$13573,$21191,$12685,$0,$-319,$12476,$33667,$1223,$538,$-142,$396,$821,$-21,$-187,$-15,$-280,$1338,$-656,$0,$0,$0,$-126,$-126,$32,$-750,$524,$0,$524,$42,$42,$-1077,$-83,$-594,$-5,$0,$-1077
26,2012-03-31,17.89,$6.97,2.57,$26.25,0.68,$0.14,127.91,$1.31,13.71,$6.10B,$7.70B,0.79,$13.57B,$12.39B,1.1,$45.38B,$3.13B,6.90%,$45.38B,$2.98B,6.57%,$45.38B,$2.98B,6.57%,$45.38B,$4.02B,8.85%,$45.38B,$2.30B,5.06%,$45.38B,$2.28B,5.02%,$2.28B,$12.39B,19.00%,$2.28B,$8.65B,27.76%,$2.28B,$33.89B,6.76%,$2.98B,$25.96B,11.56%,$11253,$10467,$785,$0,$46,$10504,$749,$-128,$621,$-34,$656,$656,$651,$1015,$749,$1713,1777,$0.38,$0.37,$170,$934,$0,$6097,$22910,$895,$3737,$253,$27796,$33893,$7697,$13571,$215,$13808,$21504,$12621,$0,$-342,$12388,$33893,$656,$266,$-317,$-51,$0,$0,$0,$0,$0,$605,$25,$0,$0,$0,$-51,$-51,$-10,$-36,$97,$0,$97,$33,$33,$-537,$-93,$-501,$69,$0,$-537
27,2011-12-31,16.24,$6.89,2.35,$25.91,0.63,$-0.11,0.0,$1.19,13.7,$6.07B,$7.43B,0.82,$14.03B,$12.22B,1.15,$44.31B,$2.99B,6.76%,$44.31B,$2.86B,6.45%,$44.31B,$2.86B,6.45%,$44.31B,$3.87B,8.72%,$44.31B,$2.12B,4.78%,$44.31B,$2.05B,4.62%,$2.05B,$12.22B,17.29%,$2.05B,$8.47B,25.54%,$2.05B,$34.13B,6.17%,$2.86B,$26.25B,11.18%,$11586,$10644,$942,$0,$44,$10677,$909,$-182,$727,$1,$726,$726,$721,$1177,$909,$1649,1720,$0.43,$0.42,$58,$1112,$0,$6069,$22192,$1860,$3749,$257,$28056,$34125,$7432,$14029,$353,$14473,$21906,$12465,$0,$-351,$12219,$34125,$2088,$1007,$-32,$975,$-716,$136,$849,$-37,$267,$3331,$-3868,$0,$0,$0,$-30,$-30,$1120,$-2778,$948,$0,$948,$543,$543,$-2035,$-55,$-599,$-46,$0,$-2035
28,2011-09-30,13.87,$6.60,2.1,$36.38,0.38,$0.86,16.22,$0.94,14.75,$6.35B,$7.64B,0.83,$14.11B,$11.55B,1.22,$42.31B,$2.59B,6.13%,$42.31B,$2.46B,5.80%,$42.31B,$2.46B,5.80%,$42.31B,$3.47B,8.20%,$42.31B,$1.68B,3.98%,$42.31B,$1.49B,3.51%,$1.49B,$11.55B,12.64%,$1.49B,$7.77B,18.85%,$1.49B,$33.72B,4.58%,$2.46B,$25.66B,9.70%,$11327,$10605,$722,$0,$50,$10646,$681,$-190,$491,$12,$480,$480,$471,$935,$681,$1644,1716,$0.29,$0.28,$108,$1389,$455,$6348,$21388,$1909,$3779,$301,$27376,$33724,$7644,$14109,$337,$14529,$22173,$11776,$0,$-337,$11552,$33724,$1363,$739,$65,$804,$-219,$-21,$193,$-108,$62,$2228,$-2352,$0,$0,$0,$-12,$-12,$25,$-2339,$1576,$0,$1576,$67,$67,$-1512,$-57,$74,$-36,$0,$-1512
29,2011-06-30,14.71,$6.92,2.12,$49.10,0.3,$1.23,11.92,$0.90,16.34,$5.94B,$7.36B,0.81,$13.55B,$11.78B,1.15,$39.05B,$2.48B,6.35%,$39.05B,$2.32B,5.93%,$39.05B,$2.32B,5.93%,$39.05B,$3.33B,8.54%,$39.05B,$1.55B,3.96%,$39.05B,$1.05B,2.69%,$1.05B,$11.78B,9.09%,$1.05B,$7.91B,13.71%,$1.05B,$32.98B,3.38%,$2.32B,$25.32B,9.35%,$11217,$10533,$683,$0,$50,$10573,$644,$-188,$456,$7,$449,$449,$434,$888,$644,$1630,1703,$0.27,$0.26,$225,$994,$0,$5939,$20799,$2086,$3864,$291,$27040,$32978,$7359,$13545,$219,$13844,$21203,$11360,$0,$-106,$11775,$32978,$883,$485,$387,$872,$0,$0,$0,$0,$0,$1755,$-1466,$0,$0,$0,$-12,$-12,$-15,$-1492,$758,$0,$758,$45,$45,$-1001,$-20,$-219,$44,$0,$-1001
30,2011-03-31,14.46,$6.94,2.08,$60.58,0.24,$1.54,9.4,$0.88,16.52,$5.45B,$6.46B,0.84,$13.27B,$11.80B,1.13,$35.38B,$2.37B,6.68%,$35.38B,$2.21B,6.26%,$35.38B,$2.21B,6.26%,$35.38B,$3.22B,9.10%,$35.38B,$1.45B,4.10%,$35.38B,$0.67B,1.90%,$0.67B,$11.80B,5.91%,$0.67B,$7.90B,9.03%,$0.67B,$31.82B,2.24%,$2.21B,$25.07B,9.11%,$10184,$9537,$647,$0,$38,$9559,$625,$-183,$442,$7,$435,$435,$421,$866,$625,$1628,1701,$0.26,$0.25,$342,$801,$0,$5447,$19893,$2270,$3902,$310,$26374,$31821,$6458,$13274,$211,$13563,$20021,$11377,$0,$-100,$11800,$31821,$435,$241,$127,$368,$0,$0,$0,$0,$0,$803,$-629,$0,$0,$0,$-4,$-4,$-93,$-726,$506,$0,$506,$21,$21,$-497,$-21,$9,$85,$0,$-497
31,2010-12-31,13.78,$7.05,1.95,$75.05,0.18,$2.32,5.93,$0.88,15.66,$5.51B,$5.88B,0.94,$13.28B,$11.90B,1.12,$33.74B,$2.29B,6.79%,$33.74B,$2.15B,6.36%,$33.74B,$2.15B,6.36%,$33.74B,$3.13B,9.29%,$33.74B,$1.41B,4.18%,$33.74B,$0.32B,0.95%,$0.32B,$11.90B,2.91%,$0.32B,$7.95B,4.40%,$0.32B,$31.36B,1.12%,$2.15B,$25.18B,9.20%,$9584,$9043,$541,$0,$54,$9078,$505,$-210,$295,$6,$289,$289,$160,$781,$505,$549,557,$0.20,$0.19,$164,$1134,$0,$5507,$19333,$2293,$3949,$278,$25854,$31361,$5880,$13281,$221,$13580,$19460,$11407,$0,$-33,$11901,$31361,$1384,$985,$122,$1107,$-681,$-438,$151,$-21,$-190,$2300,$-1935,$0,$-1314,$0,$-8,$-8,$5,$-3252,$1140,$0,$1140,$529,$529,$-1776,$1068,$961,$10,$0,$-1776
32,2010-09-30,12.96,$8.42,1.54,$78.16,0.17,$3.67,3.53,$1.02,12.77,$4.64B,$4.59B,1.01,$12.71B,$10.84B,1.17,$32.56B,$2.38B,7.31%,$32.56B,$2.28B,7.02%,$32.56B,$2.28B,7.02%,$32.56B,$3.21B,9.86%,$32.56B,$1.54B,4.72%,$32.56B,$-0.26B,-0.80%,$-0.26B,$10.84B,-2.44%,$-0.26B,$6.92B,-3.63%,$-0.26B,$28.47B,-0.94%,$2.28B,$23.54B,10.03%,$8068,$7460,$608,$0,$70,$7525,$543,$-191,$353,$5,$348,$348,$37,$799,$543,$418,418,$0.09,$0.09,$75,$1210,$0,$4643,$18810,$865,$3913,$242,$23829,$28473,$4591,$12705,$267,$13046,$17637,$10284,$0,$-185,$10836,$28473,$1094,$709,$52,$761,$87,$-521,$152,$-27,$-412,$1444,$-1316,$0,$-1233,$0,$-6,$-6,$53,$-2502,$1354,$0,$1354,$-3,$-3,$-1327,$1021,$1045,$-12,$0,$-1327
33,2010-06-30,11.38,$8.52,1.34,$66.15,0.17,$3.15,3.62,$0.96,11.86,$4.91B,$4.67B,1.05,$12.42B,$10.93B,1.14,$31.28B,$2.17B,6.93%,$31.28B,$2.10B,6.70%,$31.28B,$2.10B,6.70%,$31.28B,$2.98B,9.53%,$31.28B,$1.38B,4.42%,$31.28B,$-0.08B,-0.27%,$-0.08B,$10.93B,-0.86%,$-0.08B,$6.98B,-1.22%,$-0.08B,$28.29B,-0.33%,$2.10B,$23.34B,9.98%,$7543,$6974,$569,$0,$41,$7004,$540,$-179,$361,$7,$354,$354,$54,$775,$540,$418,418,$0.13,$0.13,$514,$1026,$0,$4906,$18332,$873,$3947,$232,$23384,$28290,$4667,$12417,$207,$12697,$17364,$10221,$0,$-33,$10925,$28290,$747,$454,$56,$510,$194,$-326,$136,$-77,$-336,$920,$-723,$0,$-1220,$0,$-10,$-10,$61,$-1892,$1337,$0,$1337,$-3,$-3,$-870,$948,$1413,$441,$0,$-870
34,2010-03-31,10.95,$8.32,1.32,$54.02,0.2,$2.46,4.46,$0.89,12.31,$4.61B,$4.94B,0.93,$10.92B,$10.41B,1.05,$29.17B,$2.01B,6.88%,$29.17B,$1.93B,6.62%,$29.17B,$1.93B,6.62%,$29.17B,$2.79B,9.55%,$29.17B,$1.24B,4.24%,$29.17B,$0.05B,0.17%,$0.05B,$10.41B,0.56%,$0.05B,$7.36B,0.76%,$0.05B,$26.50B,0.21%,$1.93B,$21.33B,10.06%,$8545,$7972,$573,$0,$40,$7986,$559,$-158,$401,$9,$392,$392,$70,$778,$559,$418,418,$0.17,$0.17,$237,$991,$0,$4607,$17735,$884,$3054,$222,$21894,$26501,$4941,$10916,$160,$11148,$16089,$9738,$0,$-55,$10412,$26501,$392,$219,$12,$231,$55,$-279,$96,$-47,$73,$696,$-326,$0,$-2,$0,$-8,$-8,$-35,$-371,$-238,$0,$-238,$-0,$-0,$-426,$417,$-246,$80,$0,$-426
35,2009-12-31,9.77,$25.08,0.39,$38.95,0.25,$1.41,6.92,$0.85,11.57,$4.25B,$4.55B,0.93,$12.43B,$10.47B,1.19,$25.51B,$1.95B,7.62%,$25.51B,$1.85B,7.27%,$25.51B,$1.85B,7.27%,$25.51B,$2.69B,10.55%,$25.51B,$1.17B,4.57%,$25.51B,$0.20B,0.80%,$0.20B,$10.47B,2.61%,$0.20B,$7.39B,3.45%,$0.20B,$27.69B,0.97%,$1.85B,$22.90B,10.38%,$8400,$7769,$631,$0,$50,$7758,$642,$-219,$423,$-2,$425,$425,$-421,$859,$642,$413,413,$-0.05,$-0.05,$119,$712,$0,$4250,$17689,$2416,$3083,$248,$23437,$27686,$4554,$12428,$160,$12659,$17213,$1972,$0,$-33,$10473,$27686,$1140,$837,$183,$1020,$-1062,$-317,$1,$48,$250,$2410,$-1581,$0,$-107,$0,$-20,$-20,$160,$-1548,$-273,$0,$-273,$-2,$-2,$-1589,$999,$-864,$-2,$0,$-1589
36,2009-09-30,8.64,$7.63,1.13,$65.03,0.13,$-3.17,0.0,$0.77,11.29,$3.15B,$2.70B,1.17,$9.20B,$7.30B,1.26,$34.26B,$2.09B,6.09%,$34.26B,$1.92B,5.62%,$34.26B,$1.92B,5.62%,$34.26B,$2.87B,8.38%,$34.26B,$1.15B,3.35%,$34.26B,$0.06B,0.18%,$0.06B,$7.30B,0.84%,$0.06B,$5.80B,1.13%,$0.06B,$19.36B,0.31%,$1.92B,$16.50B,11.08%,$6789,$6396,$394,$0,$52,$6433,$356,$-161,$196,$8,$188,$188,$213,$569,$356,$929,929,$0.18,$0.18,$177,$1148,$197,$3149,$13662,$901,$1500,$145,$16209,$19358,$2697,$9198,$96,$9364,$12061,$6705,$0,$-67,$7296,$19358,$716,$620,$131,$751,$-515,$-830,$16,$-37,$-575,$892,$-1098,$0,$-75,$0,$-14,$-14,$114,$-1072,$370,$0,$370,$876,$876,$-1182,$133,$197,$16,$0,$-1182
37,2009-06-30,7.46,$7.41,1.01,$64.91,0.11,$-3.53,0.0,$0.78,9.63,$2.87B,$2.81B,1.02,$9.22B,$6.82B,1.35,$33.77B,$2.02B,5.98%,$33.77B,$1.89B,5.59%,$33.77B,$1.89B,5.59%,$33.77B,$2.76B,8.18%,$33.77B,$1.17B,3.46%,$33.77B,$0.05B,0.16%,$0.05B,$6.82B,0.74%,$0.05B,$5.30B,1.01%,$0.05B,$19.02B,0.27%,$1.89B,$16.04B,11.19%,$5434,$5025,$410,$0,$46,$5061,$373,$-158,$216,$3,$213,$213,$187,$582,$373,$917,917,$0.16,$0.16,$249,$966,$229,$2869,$13582,$901,$1520,$149,$16154,$19023,$2812,$9224,$99,$9392,$12204,$6311,$0,$-131,$6819,$19023,$528,$408,$77,$485,$-199,$-658,$31,$-152,$-378,$635,$-834,$-1,$-74,$0,$-10,$-10,$31,$-887,$521,$0,$521,$399,$399,$-442,$-216,$262,$7,$0,$-442
38,2009-03-31,6.52,$7.35,0.89,$66.25,0.1,$-3.77,0.0,$0.88,7.45,$2.29B,$2.29B,1.0,$9.31B,$6.70B,1.39,$34.67B,$1.99B,5.73%,$34.67B,$1.89B,5.45%,$34.67B,$1.89B,5.45%,$34.67B,$2.69B,7.76%,$34.67B,$1.23B,3.56%,$34.67B,$0.13B,0.37%,$0.13B,$6.70B,1.82%,$0.13B,$5.15B,2.51%,$0.13B,$18.44B,0.65%,$1.89B,$16.00B,11.54%,$4887,$4377,$510,$0,$35,$4404,$483,$-151,$332,$16,$316,$316,$225,$682,$483,$905,905,$0.21,$0.21,$286,$520,$241,$2291,$13506,$936,$1541,$161,$16145,$18435,$2286,$9307,$80,$9454,$11740,$6317,$0,$-138,$6695,$18435,$316,$199,$3,$202,$164,$-157,$-27,$-25,$-146,$372,$-514,$-1,$0,$0,$-7,$-7,$-31,$-553,$248,$0,$248,$311,$311,$-385,$-2,$172,$-11,$0,$-385
39,2008-12-31,5.93,$10.58,0.56,$67.37,0.09,$-4.02,0.0,$0.93,6.41,$3.10B,$3.10B,1.0,$11.64B,$9.30B,1.25,$35.47B,$1.85B,5.22%,$35.47B,$1.77B,5.00%,$35.47B,$1.77B,5.00%,$35.47B,$2.51B,7.08%,$35.47B,$1.18B,3.32%,$35.47B,$0.16B,0.46%,$0.16B,$9.30B,2.36%,$0.16B,$6.09B,3.26%,$0.16B,$24.21B,0.84%,$1.77B,$20.93B,11.22%,$17148,$16376,$772,$0,$78,$16436,$712,$-308,$404,$14,$390,$390,$-562,$1039,$712,$370,370,$-0.26,$-0.26,$266,$405,$219,$3103,$16733,$912,$3203,$262,$21109,$24212,$3101,$11638,$111,$11815,$14916,$6063,$0,$-97,$9296,$24212,$1145,$740,$96,$836,$1334,$15,$-4,$-53,$-415,$1566,$-2517,$0,$-554,$0,$-65,$-65,$-111,$-3247,$2741,$0,$2741,$-1184,$-1184,$-213,$352,$1696,$15,$0,$-213
40,2008-09-30,7.21,$6.87,1.05,$38.32,0.19,$-2.19,0.0,$0.86,8.44,$2.98B,$3.17B,0.94,$8.46B,$6.02B,1.41,$33.39B,$1.73B,5.17%,$33.39B,$1.64B,4.92%,$33.39B,$1.64B,4.92%,$33.39B,$2.33B,6.98%,$33.39B,$1.23B,3.67%,$33.39B,$0.89B,2.66%,$0.89B,$6.02B,14.41%,$0.89B,$4.54B,19.02%,$0.89B,$18.15B,5.06%,$1.64B,$14.48B,11.88%,$6298,$5972,$326,$0,$22,$5979,$319,$-102,$218,$7,$211,$211,$203,$458,$319,$875,876,$0.19,$0.19,$239,$654,$0,$2983,$12694,$917,$1483,$69,$15166,$18149,$3170,$8458,$66,$8960,$12130,$6014,$0,$-118,$6019,$18149,$755,$414,$33,$446,$85,$-299,$-6,$-21,$-228,$973,$-1486,$-5,$-57,$0,$-72,$-72,$-89,$-1709,$1536,$0,$1536,$56,$56,$-810,$-31,$752,$16,$0,$-810
41,2008-06-30,8.12,$7.17,1.13,$35.86,0.23,$-2.46,0.0,$0.77,10.62,$3.33B,$3.63B,0.92,$7.77B,$6.27B,1.24,$31.20B,$1.62B,5.18%,$31.20B,$1.53B,4.92%,$31.20B,$1.53B,4.92%,$31.20B,$2.22B,7.12%,$31.20B,$1.14B,3.64%,$31.20B,$0.80B,2.57%,$0.80B,$6.27B,12.92%,$0.80B,$4.79B,17.05%,$0.80B,$18.18B,4.72%,$1.53B,$14.04B,11.40%,$6340,$5960,$380,$0,$24,$5965,$374,$-95,$279,$7,$272,$272,$263,$513,$374,$869,873,$0.26,$0.26,$25,$464,$0,$3330,$12407,$869,$1480,$92,$14851,$18181,$3629,$7769,$69,$8281,$11910,$6049,$0,$98,$6271,$18181,$544,$274,$35,$309,$-565,$-110,$68,$-52,$-157,$697,$-1091,$-5,$0,$0,$-25,$-25,$89,$-1032,$852,$0,$852,$37,$37,$-538,$-31,$320,$-15,$0,$-538
42,2008-03-31,8.03,$7.14,1.13,$33.45,0.24,$-2.67,0.0,$0.64,12.65,$2.60B,$2.93B,0.89,$7.52B,$6.22B,1.21,$29.08B,$1.49B,5.11%,$29.08B,$1.38B,4.73%,$29.08B,$1.38B,4.73%,$29.08B,$2.05B,7.04%,$29.08B,$1.00B,3.45%,$29.08B,$0.68B,2.35%,$0.68B,$6.22B,10.94%,$0.68B,$4.73B,14.47%,$0.68B,$17.19B,4.19%,$1.38B,$13.74B,10.50%,$5685,$5311,$373,$0,$21,$5318,$367,$-91,$276,$4,$272,$272,$260,$503,$367,$871,872,$0.26,$0.26,$66,$289,$0,$2604,$12108,$858,$1499,$121,$14588,$17192,$2928,$7518,$76,$8040,$10968,$6021,$0,$80,$6224,$17192,$272,$136,$14,$150,$-82,$65,$-117,$-33,$-157,$265,$-624,$0,$0,$0,$-7,$-7,$63,$-569,$573,$0,$573,$25,$25,$-268,$0,$330,$26,$0,$-268
43,2007-12-31,8.48,$7.04,1.2,$30.76,0.28,$-2.48,0.0,$0.48,17.67,$2.54B,$3.05B,0.83,$6.91B,$6.13B,1.13,$26.71B,$1.31B,4.91%,$26.71B,$1.20B,4.48%,$26.71B,$1.20B,4.48%,$26.71B,$1.85B,6.94%,$26.71B,$0.85B,3.19%,$26.71B,$0.53B,2.00%,$0.53B,$6.13B,8.51%,$0.53B,$4.62B,11.27%,$0.53B,$16.61B,3.42%,$1.20B,$13.04B,9.48%,$15066,$14421,$646,$0,$60,$14484,$582,$-128,$454,$7,$447,$466,$162,$858,$582,$868,869,$0.15,$0.15,$93,$354,$2,$2538,$11587,$858,$1509,$112,$14070,$16608,$3045,$6906,$74,$7432,$10476,$5993,$0,$16,$6132,$16608,$838,$658,$22,$681,$-1213,$-20,$192,$51,$435,$1954,$-2595,$-15,$-36,$0,$-237,$-237,$10,$-2872,$1830,$0,$1830,$69,$69,$-1286,$333,$946,$29,$0,$-1286
44,2007-09-30,7.93,$7.16,1.11,$17.46,0.45,$-1.94,0.0,$0.46,17.42,$2.38B,$2.48B,0.96,$6.77B,$6.23B,1.09,$15.00B,$0.88B,5.89%,$15.00B,$0.82B,5.47%,$15.00B,$0.82B,5.47%,$15.00B,$1.32B,8.79%,$15.00B,$0.55B,3.63%,$15.00B,$0.51B,3.37%,$0.51B,$6.23B,7.94%,$0.51B,$4.71B,10.51%,$0.51B,$16.01B,3.38%,$0.82B,$13.00B,6.66%,$4112,$3896,$216,$0,$19,$3901,$211,$-83,$127,$2,$125,$118,$118,$348,$211,$866,869,$0.10,$0.10,$108,$510,$0,$2376,$11133,$855,$1520,$120,$13630,$16006,$2476,$6772,$85,$7305,$9781,$6058,$0,$43,$6225,$16006,$372,$382,$74,$456,$-282,$-171,$61,$-15,$110,$938,$-1683,$0,$-1,$0,$-318,$-318,$-38,$-2039,$1467,$0,$1467,$354,$354,$-732,$34,$1123,$21,$0,$-732
45,2007-06-30,8.21,$7.31,1.12,$17.33,0.47,$-1.14,0.0,$0.57,14.4,$2.18B,$2.21B,0.99,$6.26B,$6.35B,0.99,$14.76B,$0.96B,6.47%,$14.76B,$0.88B,5.98%,$14.76B,$0.88B,5.98%,$14.76B,$1.36B,9.20%,$14.76B,$0.63B,4.28%,$14.76B,$0.60B,4.03%,$0.60B,$6.35B,9.23%,$0.60B,$4.80B,12.23%,$0.60B,$15.37B,4.14%,$0.88B,$12.61B,7.41%,$4213,$3961,$252,$0,$31,$3998,$215,$-69,$146,$-2,$148,$142,$142,$338,$215,$867,868,$0.13,$0.13,$87,$336,$0,$2179,$10734,$836,$1541,$78,$13191,$15370,$2205,$6260,$109,$6820,$9025,$6157,$0,$62,$6345,$15370,$254,$245,$57,$302,$-273,$2,$33,$-56,$-4,$552,$-1128,$0,$-1,$0,$-295,$-295,$36,$-1387,$985,$0,$985,$325,$325,$-467,$33,$876,$41,$0,$-467
46,2007-03-31,8.09,$7.38,1.1,$16.78,0.48,$-0.53,0.0,$0.57,14.32,$1.97B,$2.05B,0.96,$5.45B,$6.39B,0.85,$14.07B,$0.90B,6.38%,$14.07B,$0.85B,6.07%,$14.07B,$0.85B,6.07%,$14.07B,$1.32B,9.36%,$14.07B,$0.62B,4.40%,$14.07B,$0.58B,4.12%,$0.58B,$6.39B,9.11%,$0.58B,$4.82B,12.03%,$0.58B,$14.43B,4.19%,$0.85B,$11.84B,7.45%,$3323,$3124,$198,$0,$17,$3135,$188,$-61,$126,$9,$118,$112,$112,$309,$188,$865,867,$0.10,$0.10,$77,$461,$0,$1973,$10211,$599,$1572,$71,$12455,$14428,$2050,$5449,$86,$5984,$8034,$6231,$0,$36,$6393,$14428,$112,$121,$19,$140,$9,$-35,$-57,$-20,$169,$421,$-614,$0,$-0,$0,$-39,$-39,$38,$-615,$149,$0,$149,$317,$317,$-234,$-1,$231,$36,$0,$-234
47,2006-12-31,7.25,$7.47,0.97,$17.04,0.43,$-0.08,0.0,$0.61,11.99,$1.92B,$1.99B,0.97,$5.30B,$6.48B,0.82,$13.99B,$0.90B,6.45%,$13.99B,$0.86B,6.15%,$13.99B,$0.86B,6.15%,$13.99B,$1.31B,9.34%,$13.99B,$0.63B,4.50%,$13.99B,$0.60B,4.30%,$0.60B,$6.48B,9.58%,$0.60B,$4.89B,12.61%,$0.60B,$13.99B,4.53%,$0.86B,$11.78B,7.73%,$3351,$3134,$217,$0,$18,$3144,$206,$-60,$146,$9,$137,$133,$133,$323,$206,$829,830,$0.13,$0.13,$46,$424,$0,$1922,$9833,$565,$1594,$74,$12068,$13990,$1985,$5296,$86,$5525,$7509,$6330,$0,$21,$6480,$13990,$601,$448,$42,$490,$156,$-66,$-12,$58,$83,$1175,$-1337,$0,$-277,$0,$-138,$-138,$63,$-1689,$471,$0,$471,$857,$857,$-852,$19,$495,$-19,$0,$-852
