,Date,Stock Price,Book Value per Share,Price to Book Ratio,TTM Sales per Share,Price to Sales Ratio,TTM FCF per Share,Price to FCF Ratio,TTM Net EPS,PE Ratio,Current Assets,Current Liabilities,Current Ratio,Long Term Debt,Shareholder's Equity_x,Debt to Equity Ratio,TTM Revenue_x,TTM Gross Profit,Gross Margin,TTM Revenue_y,TTM Operating Income,Operating Margin,TTM Revenue_x,TTM EBIT,EBIT Margin,TTM Revenue_y,TTM EBITDA,EBITDA Margin,TTM Revenue_x,TTM Pre-Tax Income,Pre-Tax Margin,TTM Revenue_y,TTM Net Income_x,Net Margin,TTM Net Income_y,Shareholder's Equity_y,Return on Equity,TTM Net Income_x,Tangible Equity,Return on Tangible Equity,TTM Net Income_y,Total Assets,Return on Assets,TTM Net Income,LT Investments & Debt,Return on Investment,revenue,cost-goods-sold,gross-profit,research-development-expenses,selling-general-administrative-expenses,operating-expenses,operating-income,total-non-operating-income-expense,pre-tax-income,total-provision-income-taxes,income-after-taxes,income-from-continuous-operations,net-income,ebitda,ebit,basic-shares-outstanding,shares-outstanding,eps-basic-net-earnings-per-share,eps-earnings-per-share-diluted,cash-on-hand,inventory,other-current-assets,total-current-assets,net-property-plant-equipment,long-term-investments,goodwill-intangible-assets-total,other-long-term-assets,total-long-term-assets,total-assets,total-current-liabilities,long-term-debt,other-non-current-liabilities,total-long-term-liabilities,total-liabilities,common-stock-net,retained-earnings-accumulated-deficit,comprehensive-income,total-share-holder-equity,total-liabilities-share-holders-equity,net-income-loss,total-depreciation-amortization-cash-flow,other-non-cash-items,total-non-cash-items,change-in-accounts-receivable,change-in-inventories,change-in-accounts-payable,change-in-assets-liabilities,total-change-in-assets-liabilities,cash-flow-from-operating-activities,net-change-in-property-plant-equipment,net-change-in-intangible-assets,net-acquisitions-divestitures,net-change-in-short-term-investments,net-change-in-long-term-investments,net-change-in-investments-total,investing-activities-other,cash-flow-from-investing-activities,net-long-term-debt,net-current-debt,debt-issuance-retirement-net-total,net-common-equity-issued-repurchased,net-total-equity-issued-repurchased,total-common-preferred-stock-dividends-paid,financial-activities-other,cash-flow-from-financial-activities,net-cash-flow,stock-based-compensation,common-stock-dividends-paid
0,2018-06-30,3.79,$1.89,2.0,0.0,0.0,$-15.62,0.0,$-4.13,0.0,$0.02B,$0.00B,5.32,$0.00B,$0.01B,0.37,$0.00B,0,nan%,$0.00B,$-0.01B,inf%,$0.00B,$-0.01B,inf%,$0.00B,$-0.01B,inf%,$0.00B,$-0.01B,inf%,$0.00B,$-0.01B,inf%,$-0.01B,$0.01B,-314.29%,$-0.01B,$0.01B,-366.67%,$-0.01B,$0.02B,-88.00%,$-0.01B,$0.02B,-129.41%,$0,$0,$0,$1,$2,$3,$-3,$-0,$-3,$0,$-3,$-3,$-3,$-3,$-3,$6,6,$-0.50,$-0.50,$18,$0,$0,$18,$0,$0,$0,$0,$0,$19,$3,$4,$0,$4,$8,$40,$-42,$-2,$11,$19,$-9,$0,$2,$2,$-0,$0,$0,$1,$-0,$-8,$0,$0,$0,$0,$0,$0,$0,$0,$25,$0,$25,$0,$0,$0,$-3,$22,$14,$1,$0
1,2018-03-31,3.83,$2.32,1.65,0.0,0.0,$-23.49,0.0,$-1.23,0.0,$0.02B,$0.00B,5.29,$0.01B,$0.01B,0.35,$0.00B,0,nan%,$0.00B,$-0.01B,inf%,$0.00B,$-0.01B,inf%,$0.00B,$-0.01B,inf%,$0.00B,$-0.00B,inf%,$0.00B,$-0.00B,inf%,$-0.00B,$0.01B,-1600.00%,$-0.00B,$0.01B,1600.00%,$-0.00B,$0.02B,-41.03%,$-0.01B,$0.02B,-208.70%,$0,$0,$0,$2,$2,$4,$-4,$0,$-4,$0,$-4,$-4,$-4,$-4,$-4,$5,5,$-0.83,$-0.83,$22,$0,$0,$22,$0,$0,$0,$0,$0,$22,$4,$5,$0,$5,$9,$40,$-39,$-2,$13,$22,$-6,$0,$1,$1,$-0,$0,$0,$1,$0,$-5,$0,$0,$0,$0,$0,$0,$0,$0,$0,$0,$0,$0,$0,$0,$23,$23,$18,$0,$0
2,2017-12-31,4.39,$-4.34,-1.01,0.0,0.0,$-28.88,0.0,$-5.60,0.0,$0.00B,$0.00B,0.62,$0.01B,$-0.01B,-0.85,$0.00B,0,nan%,$0.00B,$-0.01B,inf%,$0.00B,$-0.01B,inf%,$0.00B,$-0.01B,inf%,$0.00B,$-0.01B,inf%,$0.00B,$-0.01B,inf%,$-0.01B,$-0.01B,177.78%,$-0.01B,$-0.01B,160.00%,$-0.01B,$0.00B,-103.23%,$-0.01B,$-0.00B,-800.00%,$0,$0,$0,$1,$1,$2,$-2,$0,$-2,$0,$-2,$-2,$-2,$-2,$-2,$1,1,$-1.40,$-1.40,$2,$0,$0,$3,$0,$0,$0,$0,$1,$3,$4,$5,$0,$5,$10,$26,$-35,$-2,$-6,$3,$-2,$0,$0,$0,$0,$0,$0,$0,$-0,$-2,$0,$0,$0,$0,$0,$0,$0,$0,$0,$0,$0,$0,$0,$0,$-0,$-0,$-2,$0,$0
3,2017-09-30,5.8,$-2.94,-1.98,0.0,0.0,$-31.66,0.0,$-3.20,0.0,$0.01B,$0.00B,1.34,$0.01B,$-0.00B,-1.39,$0.00B,0,nan%,$0.00B,$-0.01B,inf%,$0.00B,$-0.01B,inf%,$0.00B,$-0.01B,inf%,$0.00B,$-0.01B,inf%,$0.00B,$-0.01B,inf%,$-0.01B,$-0.00B,181.82%,$-0.01B,$-0.01B,166.67%,$-0.01B,$0.01B,-45.45%,$-0.01B,$0.00B,-275.00%,$0,$0,$0,$1,$1,$2,$-2,$1,$-2,$0,$-2,$-2,$-2,$-2,$-2,$1,1,$-1.44,$-1.29,$4,$0,$0,$5,$0,$0,$0,$0,$1,$6,$4,$6,$0,$6,$10,$26,$-33,$-2,$-4,$6,$-5,$0,$-11,$-11,$-0,$0,$0,$-0,$-2,$-17,$0,$0,$0,$0,$0,$0,$0,$0,$8,$0,$8,$0,$0,$0,$4,$12,$-5,$1,$0
4,2017-06-30,11.0,$-1.50,-7.35,0.0,0.0,$-31.11,0.0,$-4.80,0.0,$0.01B,$0.00B,2.32,$0.01B,$-0.00B,-2.99,$0.00B,0,nan%,$0.00B,$-0.01B,inf%,$0.00B,$-0.01B,inf%,$0.00B,$-0.01B,inf%,$0.00B,$-0.01B,inf%,$0.00B,$-0.01B,inf%,$-0.01B,$-0.00B,350.00%,$-0.01B,$-0.00B,350.00%,$-0.01B,$0.01B,-58.33%,$-0.01B,$0.00B,-430.77%,$0,$0,$0,$3,$1,$4,$-4,$8,$4,$0,$4,$4,$4,$-4,$-4,$1,2,$2.47,$2.32,$7,$0,$0,$8,$0,$0,$0,$0,$0,$8,$3,$7,$1,$7,$11,$26,$-31,$-2,$-2,$8,$-3,$0,$-11,$-11,$0,$0,$0,$0,$-1,$-14,$0,$0,$0,$0,$0,$0,$0,$0,$8,$0,$8,$0,$0,$0,$5,$13,$-2,$1,$0
5,2017-03-31,62.4,$0.00,0.0,0.0,0.0,$-30.06,0.0,$-9.80,0.0,$0.01B,$0.00B,3.61,$0.01B,$-0.01B,-1.21,$0.00B,0,nan%,$0.00B,$-0.02B,inf%,$0.00B,$-0.02B,inf%,$0.00B,$-0.02B,inf%,$0.00B,$-0.02B,inf%,$0.00B,$-0.02B,inf%,$-0.02B,$-0.01B,2000.00%,$-0.02B,$-0.01B,2000.00%,$-0.02B,$0.01B,-111.11%,$-0.02B,$0.00B,-500.00%,$0,$0,$0,$3,$1,$4,$-4,$-3,$-8,$0,$-8,$-8,$-8,$-4,$-4,$1,1,$-5.23,$-5.23,$13,$0,$0,$13,$0,$0,$0,$0,$0,$14,$4,$7,$9,$16,$20,$26,$-34,$-2,$-6,$14,$-6,$0,$-3,$-3,$-0,$0,$0,$0,$-0,$-9,$0,$0,$0,$0,$0,$0,$0,$0,$8,$0,$8,$0,$0,$0,$5,$13,$4,$1,$0
6,2016-12-31,43.8,$1.01,43.35,0.0,0.0,$-30.05,0.0,$-5.40,0.0,$0.02B,$0.00B,10.54,$0.01B,$0.00B,5.25,$0.00B,0,nan%,$0.00B,$-0.02B,inf%,$0.00B,$-0.02B,inf%,$0.00B,$-0.02B,inf%,$0.00B,$-0.01B,inf%,$0.00B,$-0.01B,inf%,$-0.01B,$0.00B,-320.00%,$-0.01B,$0.00B,-320.00%,$-0.01B,$0.02B,-56.14%,$-0.02B,$0.01B,-355.56%,$0,$0,$0,$-1,$1,$1,$-1,$2,$1,$-0,$1,$1,$1,$-1,$-1,$1,2,$1.00,$1.00,$11,$0,$0,$16,$0,$0,$0,$0,$0,$16,$1,$8,$5,$13,$15,$26,$-27,$-2,$1,$16,$1,$0,$-6,$-6,$-0,$0,$0,$0,$-2,$-7,$0,$0,$0,$0,$0,$0,$0,$0,$8,$0,$8,$0,$0,$0,$-0,$8,$2,$0,$0
7,2016-09-30,55.0,$-0.37,-149.05,0.0,0.0,$-28.23,0.0,$-10.00,0.0,$0.01B,$0.00B,2.76,$0.00B,$-0.00B,0.0,$0.00B,0,nan%,$0.00B,$-0.02B,inf%,$0.00B,$-0.02B,inf%,$0.00B,$-0.02B,inf%,$0.00B,$-0.01B,inf%,$0.00B,$-0.01B,inf%,$-0.01B,$-0.00B,-520.00%,$-0.01B,$-0.00B,-577.78%,$-0.01B,$0.01B,-113.04%,$-0.02B,$-0.00B,-760.00%,$0,$0,$0,$4,$1,$5,$-5,$1,$-4,$0,$-4,$-4,$-4,$-5,$-5,$1,1,$-2.80,$-2.80,$9,$0,$0,$10,$0,$0,$0,$0,$0,$10,$4,$0,$7,$7,$11,$26,$-28,$-2,$-1,$10,$-13,$0,$-5,$-4,$0,$0,$0,$1,$2,$-15,$-0,$0,$0,$0,$0,$0,$0,$-0,$0,$0,$0,$0,$0,$0,$23,$23,$7,$1,$0
8,2016-06-30,59.0,$2.24,26.3,0.0,0.0,$-31.58,0.0,$-6.60,0.0,$0.01B,$0.01B,1.28,$0.00B,$0.00B,0.0,$0.00B,0,nan%,$0.00B,$-0.02B,inf%,$0.00B,$-0.02B,inf%,$0.00B,$-0.02B,inf%,$0.00B,$-0.01B,inf%,$0.00B,$-0.01B,inf%,$-0.01B,$0.00B,-240.00%,$-0.01B,$0.00B,-257.14%,$-0.01B,$0.01B,-81.82%,$-0.02B,$0.00B,-400.00%,$0,$0,$0,$3,$1,$5,$-5,$1,$-4,$0,$-4,$-4,$-4,$-5,$-5,$1,1,$-2.60,$-2.60,$12,$0,$0,$13,$0,$0,$0,$0,$0,$14,$10,$0,$0,$0,$10,$26,$-24,$-2,$3,$14,$-9,$0,$-4,$-4,$0,$0,$0,$1,$1,$-12,$-0,$0,$0,$0,$0,$0,$0,$-0,$0,$0,$0,$0,$0,$0,$23,$23,$11,$1,$0
