,Date,Stock Price,Book Value per Share,Price to Book Ratio,TTM Sales per Share,Price to Sales Ratio,TTM FCF per Share,Price to FCF Ratio,TTM Net EPS,PE Ratio,Current Assets,Current Liabilities,Current Ratio,Long Term Debt,Shareholder's Equity_x,Debt to Equity Ratio,TTM Revenue_x,TTM Gross Profit,Gross Margin,TTM Revenue_y,TTM Operating Income,Operating Margin,TTM Revenue_x,TTM EBIT,EBIT Margin,TTM Revenue_y,TTM EBITDA,EBITDA Margin,TTM Revenue_x,TTM Pre-Tax Income,Pre-Tax Margin,TTM Revenue_y,TTM Net Income_x,Net Margin,TTM Net Income_y,Shareholder's Equity_y,Return on Equity,TTM Net Income_x,Tangible Equity,Return on Tangible Equity,TTM Net Income_y,Total Assets,Return on Assets,TTM Net Income,LT Investments & Debt,Return on Investment,revenue,cost-goods-sold,gross-profit,research-development-expenses,selling-general-administrative-expenses,operating-expenses,operating-income,total-non-operating-income-expense,pre-tax-income,total-provision-income-taxes,income-after-taxes,income-from-continuous-operations,net-income,ebitda,ebit,basic-shares-outstanding,shares-outstanding,eps-basic-net-earnings-per-share,eps-earnings-per-share-diluted,cash-on-hand,inventory,other-current-assets,total-current-assets,net-property-plant-equipment,long-term-investments,goodwill-intangible-assets-total,other-long-term-assets,total-long-term-assets,total-assets,total-current-liabilities,long-term-debt,other-non-current-liabilities,total-long-term-liabilities,total-liabilities,common-stock-net,retained-earnings-accumulated-deficit,comprehensive-income,total-share-holder-equity,total-liabilities-share-holders-equity,net-income-loss,total-depreciation-amortization-cash-flow,other-non-cash-items,total-non-cash-items,change-in-accounts-receivable,change-in-inventories,change-in-accounts-payable,change-in-assets-liabilities,total-change-in-assets-liabilities,cash-flow-from-operating-activities,net-change-in-property-plant-equipment,net-change-in-intangible-assets,net-acquisitions-divestitures,net-change-in-short-term-investments,net-change-in-long-term-investments,net-change-in-investments-total,investing-activities-other,cash-flow-from-investing-activities,net-long-term-debt,net-current-debt,debt-issuance-retirement-net-total,net-common-equity-issued-repurchased,net-total-equity-issued-repurchased,total-common-preferred-stock-dividends-paid,financial-activities-other,cash-flow-from-financial-activities,net-cash-flow,stock-based-compensation,common-stock-dividends-paid
0,2018-09-30,68.41,$38.97,1.76,$9.26,7.39,$-0.90,0.0,$3.36,20.36,$0.77B,$0.14B,5.57,$2.96B,$2.90B,1.02,$0.68B,$0.65B,94.87%,$0.68B,$0.40B,58.21%,$0.68B,$0.40B,58.21%,$0.68B,$0.55B,81.09%,$0.68B,$0.28B,41.20%,$0.68B,$0.25B,36.80%,$0.25B,$2.90B,8.67%,$0.25B,$2.90B,8.67%,$0.25B,$6.11B,4.07%,$0.40B,$5.85B,6.70%,$176,$7,$169,$0,$11,$58,$118,$-26,$92,$1,$92,$92,$86,$158,$118,$74,74,$1.15,$1.15,$96,$0,$0,$774,$4892,$0,$0,$448,$5340,$6114,$139,$2955,$123,$3078,$3217,$1,$-489,$19,$2897,$6114,$213,$118,$53,$171,$9,$0,$0,$-3,$17,$401,$-310,$0,$0,$0,$74,$74,$244,$8,$-72,$0,$-72,$-6,$-6,$-256,$-37,$-371,$37,$11,$-256
1,2018-06-30,64.44,$38.82,1.66,$8.94,7.21,$-4.93,0.0,$2.98,21.62,$0.75B,$0.12B,6.16,$2.98B,$2.89B,1.03,$0.66B,$0.62B,94.82%,$0.66B,$0.38B,57.23%,$0.66B,$0.38B,57.23%,$0.66B,$0.53B,80.37%,$0.66B,$0.25B,38.51%,$0.66B,$0.22B,33.79%,$0.22B,$2.89B,7.67%,$0.22B,$2.89B,7.67%,$0.22B,$6.10B,3.60%,$0.38B,$5.87B,6.34%,$203,$7,$196,$0,$13,$77,$126,$-34,$92,$1,$92,$92,$86,$165,$126,$74,74,$1.15,$1.15,$14,$0,$0,$754,$4853,$0,$0,$498,$5351,$6104,$122,$2984,$112,$3096,$3218,$1,$-495,$17,$2886,$6104,$121,$78,$57,$134,$-12,$0,$0,$7,$-6,$250,$-214,$0,$0,$0,$0,$0,$175,$-39,$-42,$0,$-42,$-7,$-7,$-170,$-37,$-255,$-45,$8,$-170
2,2018-03-31,54.13,$38.69,1.4,$8.23,6.57,$-6.34,0.0,$2.85,18.99,$0.95B,$0.12B,8.07,$3.13B,$2.88B,1.09,$0.60B,$0.57B,94.52%,$0.60B,$0.34B,55.98%,$0.60B,$0.34B,55.98%,$0.60B,$0.49B,80.56%,$0.60B,$0.24B,40.20%,$0.60B,$0.21B,35.05%,$0.21B,$2.88B,7.28%,$0.21B,$2.88B,7.28%,$0.21B,$6.24B,3.44%,$0.34B,$6.01B,5.73%,$155,$8,$147,$0,$12,$90,$65,$-34,$31,$1,$30,$30,$24,$104,$65,$74,74,$0.32,$0.32,$40,$0,$0,$949,$4815,$0,$0,$475,$5290,$6239,$118,$3131,$114,$3246,$3363,$1,$-500,$16,$2876,$6239,$30,$39,$36,$75,$-5,$0,$0,$9,$5,$109,$-95,$0,$0,$0,$0,$0,$-12,$-107,$98,$0,$98,$-7,$-7,$-84,$-29,$-21,$-19,$4,$-84
3,2017-12-31,62.76,$39.49,1.59,$8.16,7.69,$-7.30,0.0,$3.28,19.14,$1.12B,$0.14B,8.2,$3.03B,$2.93B,1.04,$0.58B,$0.55B,94.62%,$0.58B,$0.36B,61.81%,$0.58B,$0.36B,61.81%,$0.58B,$0.49B,85.76%,$0.58B,$0.27B,46.18%,$0.58B,$0.24B,40.80%,$0.24B,$2.93B,8.58%,$0.24B,$2.93B,8.58%,$0.24B,$6.19B,4.03%,$0.36B,$5.96B,6.36%,$148,$13,$135,$0,$10,$60,$88,$-22,$66,$0,$66,$66,$55,$126,$88,$71,71,$0.75,$0.75,$59,$0,$0,$1123,$4604,$0,$0,$464,$5068,$6191,$137,$3029,$98,$3127,$3264,$1,$-443,$12,$2927,$6191,$263,$139,$-16,$123,$14,$0,$0,$-4,$6,$391,$-591,$0,$0,$0,$0,$0,$-112,$-702,$548,$0,$548,$92,$112,$-312,$-14,$333,$23,$14,$-312
4,2017-09-30,65.86,$39.21,1.68,$8.15,8.08,$-9.28,0.0,$3.36,19.6,$1.11B,$0.14B,7.88,$2.99B,$2.89B,1.04,$0.56B,$0.54B,95.71%,$0.56B,$0.35B,62.79%,$0.56B,$0.35B,62.79%,$0.56B,$0.48B,86.05%,$0.56B,$0.26B,46.15%,$0.56B,$0.23B,41.50%,$0.23B,$2.89B,9.09%,$0.23B,$2.89B,9.09%,$0.23B,$6.13B,4.22%,$0.35B,$5.88B,6.65%,$151,$6,$145,$0,$12,$55,$97,$-33,$64,$1,$63,$63,$57,$133,$97,$74,74,$0.77,$0.77,$36,$0,$0,$1107,$4536,$0,$0,$490,$5026,$6133,$141,$2988,$116,$3104,$3245,$1,$-423,$11,$2888,$6133,$197,$100,$-7,$94,$35,$0,$0,$-3,$23,$315,$-522,$0,$0,$0,$0,$0,$-113,$-635,$508,$0,$508,$62,$62,$-229,$-14,$327,$7,$11,$-229
5,2017-06-30,66.9,$37.98,1.76,$8.06,8.3,$-10.08,0.0,$3.40,19.68,$1.14B,$0.14B,8.02,$2.79B,$2.90B,0.96,$0.53B,$0.51B,95.51%,$0.53B,$0.33B,62.55%,$0.53B,$0.33B,62.55%,$0.53B,$0.46B,85.58%,$0.53B,$0.25B,47.19%,$0.53B,$0.23B,42.51%,$0.23B,$2.90B,9.54%,$0.23B,$2.90B,9.54%,$0.23B,$5.94B,4.44%,$0.33B,$5.69B,6.80%,$148,$6,$142,$0,$11,$60,$87,$-6,$81,$0,$81,$81,$75,$122,$87,$73,73,$1.02,$1.02,$95,$0,$0,$1143,$4289,$0,$0,$507,$4796,$5939,$143,$2793,$102,$2895,$3038,$1,$-405,$10,$2901,$5939,$134,$64,$-9,$55,$-4,$0,$0,$8,$5,$195,$-263,$0,$0,$0,$0,$0,$-86,$-348,$313,$0,$313,$62,$62,$-148,$-7,$220,$66,$7,$-148
6,2017-03-31,67.58,$34.57,1.95,$7.90,8.56,$-11.67,0.0,$3.15,21.46,$0.81B,$0.10B,8.0,$2.62B,$2.24B,1.17,$0.50B,$0.48B,95.24%,$0.50B,$0.32B,64.09%,$0.50B,$0.32B,64.09%,$0.50B,$0.44B,86.90%,$0.50B,$0.23B,45.04%,$0.50B,$0.20B,39.88%,$0.20B,$2.24B,9.13%,$0.20B,$2.24B,9.13%,$0.20B,$5.05B,4.23%,$0.32B,$4.86B,7.08%,$129,$6,$123,$0,$11,$46,$84,$-29,$55,$1,$54,$54,$48,$113,$84,$64,64,$0.75,$0.75,$43,$0,$0,$811,$3673,$0,$0,$563,$4236,$5047,$101,$2616,$90,$2706,$2807,$1,$-404,$9,$2239,$5047,$54,$30,$3,$32,$-3,$0,$0,$11,$8,$94,$-143,$0,$0,$0,$0,$0,$-58,$-201,$130,$0,$130,$61,$61,$-70,$-0,$121,$14,$3,$-70
7,2016-12-31,64.98,$32.99,1.97,$7.78,8.35,$-11.34,0.0,$3.17,20.5,$0.74B,$0.12B,6.2,$2.49B,$2.19B,1.14,$0.49B,$0.47B,95.14%,$0.49B,$0.32B,63.97%,$0.49B,$0.32B,63.97%,$0.49B,$0.43B,86.84%,$0.49B,$0.23B,45.75%,$0.49B,$0.20B,40.69%,$0.20B,$2.19B,9.18%,$0.20B,$2.19B,9.18%,$0.20B,$4.87B,4.40%,$0.32B,$4.67B,7.19%,$131,$6,$125,$0,$10,$47,$83,$-25,$58,$-0,$58,$58,$52,$113,$83,$63,63,$0.82,$0.82,$29,$0,$0,$742,$3596,$0,$0,$527,$4123,$4865,$120,$2486,$74,$2559,$2679,$1,$-387,$8,$2186,$4865,$225,$113,$-0,$112,$-40,$0,$0,$-8,$-31,$306,$-609,$0,$0,$0,$21,$21,$-74,$-662,$515,$0,$515,$138,$138,$-266,$-16,$371,$15,$11,$-266
8,2016-09-30,70.33,$34.41,2.04,$7.64,9.21,$-11.07,0.0,$3.13,22.47,$0.55B,$0.10B,5.44,$2.25B,$2.19B,1.03,$0.48B,$0.45B,94.95%,$0.48B,$0.31B,64.21%,$0.48B,$0.31B,64.21%,$0.48B,$0.41B,87.16%,$0.48B,$0.22B,46.32%,$0.48B,$0.20B,41.26%,$0.20B,$2.19B,9.07%,$0.20B,$2.19B,9.07%,$0.20B,$4.62B,4.44%,$0.31B,$4.44B,7.19%,$126,$6,$120,$0,$9,$45,$80,$-22,$58,$0,$58,$58,$52,$109,$80,$64,64,$0.81,$0.81,$28,$0,$0,$550,$3491,$0,$0,$580,$4071,$4621,$101,$2249,$82,$2331,$2432,$1,$-378,$5,$2189,$4621,$167,$83,$1,$84,$-25,$0,$0,$-10,$-35,$216,$-446,$0,$0,$0,$1,$1,$30,$-415,$267,$0,$267,$138,$138,$-199,$-4,$203,$3,$8,$-199
9,2016-06-30,71.21,$34.49,2.06,$7.53,9.46,$-11.42,0.0,$3.08,23.12,$0.51B,$0.09B,5.62,$2.10B,$2.20B,0.96,$0.46B,$0.43B,94.97%,$0.46B,$0.30B,64.77%,$0.46B,$0.30B,64.77%,$0.46B,$0.40B,87.75%,$0.46B,$0.21B,46.61%,$0.46B,$0.19B,41.14%,$0.19B,$2.20B,8.90%,$0.19B,$2.20B,8.90%,$0.19B,$4.46B,4.37%,$0.30B,$4.29B,7.15%,$118,$6,$112,$0,$9,$42,$76,$-20,$56,$0,$55,$55,$49,$103,$76,$64,64,$0.77,$0.77,$25,$0,$0,$512,$3332,$0,$0,$616,$3948,$4460,$91,$2098,$76,$2174,$2266,$1,$-368,$3,$2195,$4460,$109,$54,$2,$56,$-4,$0,$0,$-8,$-13,$153,$-313,$0,$43,$0,$1,$1,$0,$-268,$115,$0,$115,$138,$138,$-132,$-1,$120,$4,$6,$-132
10,2016-03-31,58.01,$34.53,1.68,$7.43,7.8,$-11.27,0.0,$3.06,18.96,$0.55B,$0.08B,7.15,$2.00B,$2.19B,0.91,$0.44B,$0.42B,94.77%,$0.44B,$0.28B,63.86%,$0.44B,$0.28B,63.86%,$0.44B,$0.38B,86.82%,$0.44B,$0.20B,45.00%,$0.44B,$0.18B,41.36%,$0.18B,$2.19B,8.93%,$0.18B,$2.19B,8.93%,$0.18B,$4.34B,4.35%,$0.28B,$4.18B,6.98%,$119,$5,$113,$0,$9,$42,$77,$-23,$54,$-0,$54,$54,$48,$104,$77,$63,63,$0.77,$0.77,$34,$0,$0,$554,$3214,$0,$0,$575,$3789,$4344,$78,$1996,$83,$2079,$2157,$1,$-356,$4,$2187,$4344,$54,$27,$3,$30,$-9,$0,$0,$-6,$-15,$69,$-97,$0,$0,$0,$0,$0,$-34,$-131,$13,$0,$13,$121,$121,$-65,$-1,$68,$7,$3,$-65
11,2015-12-31,50.12,$34.10,1.47,$7.27,6.89,$-11.12,0.0,$2.93,17.11,$0.50B,$0.09B,5.4,$1.98B,$2.07B,0.96,$0.42B,$0.40B,94.52%,$0.42B,$0.25B,59.52%,$0.42B,$0.25B,59.52%,$0.42B,$0.34B,81.90%,$0.42B,$0.20B,46.43%,$0.42B,$0.17B,40.71%,$0.17B,$2.07B,8.69%,$0.17B,$2.07B,8.69%,$0.17B,$4.22B,4.19%,$0.25B,$4.06B,6.37%,$112,$6,$106,$0,$8,$40,$72,$-21,$52,$-1,$53,$53,$47,$98,$72,$58,58,$0.78,$0.78,$15,$0,$0,$498,$3025,$0,$0,$694,$3720,$4217,$92,$1982,$69,$2051,$2143,$1,$-344,$6,$2074,$4217,$195,$94,$-10,$84,$-5,$0,$0,$-1,$-1,$278,$-542,$0,$0,$0,$5,$5,$-32,$-569,$354,$0,$354,$182,$182,$-233,$-10,$292,$1,$15,$-233
12,2015-09-30,43.53,$33.62,1.29,$7.28,5.98,$-9.51,0.0,$2.96,14.7,$0.55B,$0.10B,5.55,$2.04B,$1.99B,1.02,$0.41B,$0.39B,94.19%,$0.41B,$0.25B,60.53%,$0.41B,$0.25B,60.53%,$0.41B,$0.34B,81.60%,$0.41B,$0.20B,47.46%,$0.41B,$0.17B,41.40%,$0.17B,$1.99B,8.85%,$0.17B,$1.99B,8.85%,$0.17B,$4.20B,4.33%,$0.25B,$4.03B,6.58%,$108,$5,$103,$0,$7,$37,$71,$-20,$51,$0,$50,$50,$44,$96,$71,$58,58,$0.76,$0.76,$37,$0,$0,$548,$2939,$0,$0,$690,$3653,$4201,$99,$2037,$76,$2113,$2212,$1,$-336,$5,$1989,$4201,$142,$68,$-11,$57,$-16,$0,$0,$2,$-14,$185,$-415,$0,$0,$0,$0,$0,$-57,$-472,$391,$0,$391,$92,$92,$-173,$-10,$299,$11,$13,$-173
13,2015-06-30,45.46,$33.24,1.37,$7.25,6.27,$-8.17,0.0,$2.88,15.78,$0.63B,$0.08B,7.82,$1.95B,$1.90B,1.02,$0.40B,$0.38B,93.81%,$0.40B,$0.24B,60.15%,$0.40B,$0.24B,60.15%,$0.40B,$0.32B,80.20%,$0.40B,$0.19B,46.78%,$0.40B,$0.16B,40.59%,$0.16B,$1.90B,8.56%,$0.16B,$1.90B,8.56%,$0.16B,$3.99B,4.30%,$0.24B,$3.85B,6.61%,$101,$6,$95,$0,$8,$40,$61,$-20,$41,$-8,$49,$49,$43,$84,$61,$57,57,$0.75,$0.75,$21,$0,$0,$632,$2537,$0,$0,$797,$3359,$3991,$81,$1946,$63,$2008,$2089,$1,$-327,$8,$1902,$3991,$92,$44,$-13,$31,$-12,$0,$0,$5,$-2,$120,$-256,$0,$0,$0,$5,$5,$-35,$-287,$299,$0,$299,$-8,$-8,$-115,$-7,$170,$3,$10,$-115
14,2015-03-31,49.04,$33.40,1.47,$7.19,6.82,$-7.26,0.0,$2.78,17.64,$0.71B,$0.08B,9.02,$1.85B,$1.91B,0.97,$0.40B,$0.37B,93.67%,$0.40B,$0.24B,61.77%,$0.40B,$0.24B,61.77%,$0.40B,$0.32B,80.76%,$0.40B,$0.19B,48.10%,$0.40B,$0.16B,39.49%,$0.16B,$1.91B,8.30%,$0.16B,$1.91B,8.30%,$0.16B,$3.90B,4.22%,$0.24B,$3.76B,6.84%,$99,$6,$93,$0,$8,$54,$46,$6,$51,$8,$43,$43,$37,$66,$46,$57,57,$0.65,$0.64,$125,$0,$0,$708,$2473,$0,$0,$699,$3195,$3903,$78,$1849,$66,$1915,$1994,$1,$-318,$9,$1910,$3903,$43,$20,$-8,$12,$-0,$0,$0,$3,$3,$58,$-75,$0,$0,$0,$0,$0,$-19,$-93,$203,$0,$203,$-8,$-8,$-57,$-3,$135,$99,$8,$-57
15,2014-12-31,46.39,$33.72,1.38,$7.17,6.47,$-7.35,0.0,$2.85,16.28,$0.57B,$0.08B,6.96,$1.63B,$1.93B,0.85,$0.39B,$0.36B,93.26%,$0.39B,$0.26B,66.84%,$0.39B,$0.26B,66.84%,$0.39B,$0.33B,85.49%,$0.39B,$0.18B,46.63%,$0.39B,$0.16B,40.67%,$0.16B,$1.93B,8.52%,$0.16B,$1.93B,8.52%,$0.16B,$3.69B,4.41%,$0.26B,$3.56B,7.50%,$105,$7,$98,$0,$6,$33,$72,$-19,$53,$1,$52,$52,$47,$91,$72,$54,54,$0.82,$0.82,$16,$0,$0,$572,$2452,$0,$0,$659,$3115,$3686,$82,$1630,$48,$1678,$1760,$1,$-303,$13,$1926,$3686,$180,$71,$9,$80,$-5,$0,$0,$-5,$-10,$250,$-408,$0,$0,$0,$52,$52,$-20,$-376,$69,$0,$69,$261,$261,$-208,$-1,$122,$-5,$9,$-208
16,2014-09-30,40.19,$33.73,1.19,$7.10,5.66,$-6.23,0.0,$3.16,12.72,$0.63B,$0.07B,8.75,$1.62B,$1.93B,0.84,$0.37B,$0.35B,93.24%,$0.37B,$0.25B,66.76%,$0.37B,$0.25B,66.76%,$0.37B,$0.32B,85.41%,$0.37B,$0.18B,47.30%,$0.37B,$0.17B,45.14%,$0.17B,$1.93B,9.37%,$0.17B,$1.93B,9.37%,$0.17B,$3.68B,4.83%,$0.25B,$3.55B,7.39%,$99,$6,$93,$0,$7,$34,$64,$-21,$44,$1,$43,$43,$37,$83,$64,$54,54,$0.68,$0.68,$35,$0,$0,$626,$2370,$0,$0,$662,$3053,$3679,$72,$1621,$59,$1680,$1752,$1,$-301,$14,$1928,$3679,$127,$52,$8,$61,$-13,$0,$0,$-6,$-19,$168,$-309,$0,$0,$0,$52,$52,$-62,$-319,$44,$0,$44,$261,$261,$-153,$-1,$152,$0,$7,$-153
17,2014-06-30,43.61,$32.76,1.33,$7.12,6.13,$-3.89,0.0,$3.27,13.34,$0.58B,$0.07B,8.28,$1.66B,$1.75B,0.95,$0.36B,$0.33B,92.76%,$0.36B,$0.24B,67.97%,$0.36B,$0.24B,67.97%,$0.36B,$0.31B,85.79%,$0.36B,$0.17B,47.91%,$0.36B,$0.17B,46.80%,$0.17B,$1.75B,10.04%,$0.17B,$1.75B,10.04%,$0.17B,$3.53B,5.06%,$0.24B,$3.41B,7.59%,$92,$6,$86,$0,$7,$30,$62,$-20,$42,$1,$41,$41,$35,$79,$62,$53,54,$0.65,$0.65,$31,$0,$0,$583,$2273,$0,$0,$655,$2950,$3533,$70,$1660,$51,$1710,$1781,$1,$-291,$14,$1752,$3533,$84,$34,$2,$35,$-1,$0,$0,$-4,$-5,$114,$-192,$0,$0,$0,$52,$52,$-26,$-167,$83,$0,$83,$77,$77,$-101,$-1,$58,$6,$5,$-101
18,2014-03-31,41.03,$32.94,1.25,$7.16,5.73,$-1.96,0.0,$3.18,12.9,$0.57B,$0.05B,12.05,$1.48B,$1.76B,0.84,$0.35B,$0.32B,92.57%,$0.35B,$0.23B,66.57%,$0.35B,$0.23B,66.57%,$0.35B,$0.30B,84.29%,$0.35B,$0.16B,46.29%,$0.35B,$0.16B,45.71%,$0.16B,$1.76B,10.00%,$0.16B,$1.76B,10.00%,$0.16B,$3.34B,5.01%,$0.23B,$3.24B,7.53%,$90,$6,$83,$0,$7,$30,$60,$-19,$41,$1,$40,$40,$38,$77,$60,$53,53,$0.72,$0.71,$40,$0,$0,$572,$2090,$0,$0,$654,$2767,$3339,$48,$1483,$48,$1531,$1579,$1,$-280,$15,$1761,$3339,$44,$16,$-1,$15,$0,$0,$0,$-3,$-17,$42,$-62,$0,$0,$0,$6,$6,$-7,$-63,$7,$0,$7,$77,$77,$-50,$-0,$34,$12,$2,$-50
19,2013-12-31,37.16,$32.68,1.14,$7.22,5.15,$-1.27,0.0,$3.22,11.54,$0.55B,$0.07B,7.56,$1.48B,$1.69B,0.87,$0.34B,$0.32B,92.42%,$0.34B,$0.23B,66.76%,$0.34B,$0.23B,66.76%,$0.34B,$0.29B,83.97%,$0.34B,$0.16B,47.23%,$0.34B,$0.16B,45.77%,$0.16B,$1.69B,10.31%,$0.16B,$1.69B,10.31%,$0.16B,$3.27B,5.07%,$0.23B,$3.16B,7.65%,$89,$6,$83,$0,$6,$29,$61,$-13,$48,$0,$62,$62,$57,$77,$61,$48,48,$1.16,$1.14,$18,$0,$0,$547,$2104,$0,$0,$598,$2726,$3272,$72,$1475,$37,$1512,$1584,$1,$-272,$17,$1688,$3272,$180,$58,$-17,$41,$0,$0,$0,$12,$13,$234,$-320,$0,$47,$0,$-5,$-5,$-59,$-336,$94,$0,$94,$218,$218,$-198,$-13,$100,$-3,$7,$-198
20,2013-09-30,36.27,$31.12,1.17,$7.10,5.11,$0.95,38.18,$2.50,14.51,$0.60B,$0.06B,10.24,$1.55B,$1.49B,1.04,$0.34B,$0.31B,92.24%,$0.34B,$0.23B,67.76%,$0.34B,$0.23B,67.76%,$0.34B,$0.28B,84.48%,$0.34B,$0.15B,45.67%,$0.34B,$0.12B,35.52%,$0.12B,$1.49B,8.11%,$0.12B,$1.49B,8.11%,$0.12B,$3.14B,3.95%,$0.23B,$3.04B,7.80%,$88,$7,$81,$0,$7,$27,$61,$-20,$41,$0,$41,$41,$38,$75,$61,$47,48,$0.79,$0.79,$42,$0,$0,$597,$1934,$0,$0,$581,$2539,$3135,$58,$1546,$38,$1584,$1642,$0,$-288,$18,$1493,$3135,$117,$42,$4,$46,$-6,$0,$0,$10,$-5,$158,$-171,$0,$46,$0,$-4,$-4,$-55,$-184,$164,$0,$164,$40,$40,$-152,$-13,$39,$13,$5,$-152
21,2013-06-30,36.83,$30.84,1.19,$6.98,5.28,$1.52,24.24,$2.31,15.94,$0.56B,$0.05B,10.8,$1.48B,$1.45B,1.01,$0.33B,$0.30B,92.40%,$0.33B,$0.22B,67.78%,$0.33B,$0.22B,67.78%,$0.33B,$0.28B,84.19%,$0.33B,$0.15B,45.29%,$0.33B,$0.11B,33.13%,$0.11B,$1.46B,7.47%,$0.11B,$1.46B,7.47%,$0.11B,$3.02B,3.69%,$0.22B,$2.93B,7.82%,$83,$6,$77,$0,$6,$32,$51,$-20,$32,$0,$32,$32,$27,$66,$51,$47,47,$0.56,$0.56,$37,$0,$0,$559,$1861,$0,$0,$576,$2458,$3016,$52,$1475,$35,$1510,$1562,$0,$-288,$20,$1455,$3016,$74,$28,$6,$34,$-2,$0,$0,$8,$5,$113,$-90,$0,$0,$0,$-4,$-4,$-4,$-98,$113,$0,$113,$2,$2,$-109,$-10,$-5,$9,$3,$-109
22,2013-03-31,37.57,$30.99,1.21,$6.88,5.46,$1.46,25.72,$2.40,15.65,$0.55B,$0.05B,11.53,$1.38B,$1.46B,0.95,$0.32B,$0.30B,92.28%,$0.32B,$0.23B,69.75%,$0.32B,$0.23B,69.75%,$0.32B,$0.28B,85.80%,$0.32B,$0.15B,47.22%,$0.32B,$0.11B,34.88%,$0.11B,$1.46B,7.72%,$0.11B,$1.46B,7.73%,$0.11B,$2.95B,3.88%,$0.23B,$2.84B,8.06%,$83,$7,$76,$0,$7,$27,$56,$-15,$41,$0,$41,$41,$35,$70,$56,$47,47,$0.75,$0.75,$44,$0,$0,$551,$1858,$0,$0,$524,$2401,$2952,$48,$1383,$63,$1446,$1494,$0,$-278,$20,$1458,$2952,$41,$14,$-2,$12,$-12,$0,$0,$-1,$-13,$40,$-26,$0,$24,$0,$-0,$-0,$-13,$-15,$21,$0,$21,$-3,$-3,$-41,$-1,$-24,$1,$2,$-41
23,2012-12-31,32.78,$31.14,1.05,$6.76,4.85,$1.09,30.11,$1.98,16.55,$0.53B,$0.07B,8.08,$1.37B,$1.46B,0.94,$0.32B,$0.29B,92.14%,$0.32B,$0.22B,68.55%,$0.32B,$0.22B,68.55%,$0.32B,$0.27B,84.59%,$0.32B,$0.14B,44.65%,$0.32B,$0.09B,29.25%,$0.09B,$1.46B,6.33%,$0.09B,$1.46B,6.34%,$0.09B,$2.95B,3.24%,$0.22B,$2.83B,7.87%,$81,$7,$75,$0,$5,$23,$59,$-19,$39,$0,$39,$39,$19,$72,$59,$47,47,$0.40,$0.40,$35,$0,$0,$529,$1885,$0,$0,$513,$2418,$2947,$65,$1369,$53,$1421,$1487,$0,$-276,$21,$1460,$2947,$122,$51,$41,$92,$1,$0,$0,$-7,$-6,$207,$-187,$0,$42,$0,$3,$3,$-114,$-256,$212,$0,$212,$-3,$3,$-163,$-8,$44,$-4,$6,$-163
24,2012-09-30,31.08,$31.32,0.99,$6.51,4.78,$2.46,12.65,$2.26,13.75,$0.50B,$0.05B,9.31,$1.34B,$1.47B,0.91,$0.31B,$0.28B,91.86%,$0.31B,$0.24B,77.20%,$0.31B,$0.24B,77.20%,$0.31B,$0.28B,92.18%,$0.31B,$0.17B,54.07%,$0.31B,$0.11B,34.53%,$0.11B,$1.47B,7.17%,$0.11B,$1.46B,7.18%,$0.11B,$2.92B,3.76%,$0.24B,$2.81B,8.69%,$82,$6,$76,$0,$5,$24,$57,$-20,$37,$0,$37,$38,$28,$69,$57,$47,47,$0.60,$0.60,$51,$0,$0,$504,$1892,$0,$4,$495,$2412,$2915,$54,$1339,$55,$1394,$1449,$0,$-259,$21,$1467,$2915,$92,$38,$28,$66,$-8,$0,$0,$-5,$-13,$145,$-131,$0,$13,$0,$3,$3,$-72,$-187,$182,$0,$182,$-3,$-3,$-121,$-6,$51,$10,$4,$-121
25,2012-06-30,28.28,$31.44,0.9,$6.40,4.42,$3.14,9.0,$2.21,12.8,$0.47B,$0.04B,12.64,$1.27B,$1.47B,0.86,$0.30B,$0.28B,91.69%,$0.30B,$0.23B,77.41%,$0.30B,$0.23B,77.41%,$0.30B,$0.28B,93.02%,$0.30B,$0.16B,54.49%,$0.30B,$0.10B,34.55%,$0.10B,$1.47B,7.00%,$0.10B,$1.47B,7.01%,$0.10B,$2.83B,3.75%,$0.23B,$2.74B,8.68%,$78,$6,$72,$0,$6,$24,$54,$-18,$36,$0,$36,$36,$31,$67,$54,$47,47,$0.66,$0.65,$32,$0,$0,$474,$1834,$0,$4,$504,$2360,$2834,$37,$1271,$53,$1324,$1361,$0,$-252,$21,$1473,$2834,$58,$26,$21,$47,$-3,$0,$0,$1,$-2,$103,$-84,$0,$13,$0,$-1,$-1,$-65,$-136,$116,$0,$116,$-3,$-3,$-80,$-3,$31,$-2,$3,$-80
26,2012-03-31,31.32,$31.56,0.99,$6.32,4.95,$3.48,9.01,$1.40,22.37,$0.44B,$0.03B,14.42,$1.23B,$1.48B,0.83,$0.30B,$0.27B,91.58%,$0.30B,$0.21B,69.02%,$0.30B,$0.21B,69.02%,$0.30B,$0.25B,84.51%,$0.30B,$0.14B,46.13%,$0.30B,$0.07B,21.89%,$0.07B,$1.48B,4.29%,$0.07B,$1.47B,4.30%,$0.07B,$2.79B,2.37%,$0.21B,$2.70B,7.72%,$77,$6,$70,$0,$6,$29,$48,$-18,$30,$0,$30,$30,$15,$61,$48,$47,47,$0.33,$0.33,$36,$0,$0,$441,$1831,$0,$4,$495,$2349,$2791,$31,$1225,$58,$1282,$1313,$0,$-248,$24,$1478,$2791,$21,$13,$14,$27,$-7,$0,$0,$0,$-7,$42,$-45,$0,$0,$0,$-0,$-0,$-24,$-70,$69,$0,$69,$-3,$-3,$-39,$-2,$25,$-3,$1,$-39
27,2011-12-31,29.05,$32.06,0.91,$6.26,4.64,$3.41,8.52,$1.80,16.14,$0.39B,$0.04B,10.94,$1.15B,$1.50B,0.77,$0.29B,$0.27B,91.50%,$0.29B,$0.20B,67.69%,$0.29B,$0.20B,67.69%,$0.29B,$0.25B,83.33%,$0.29B,$0.13B,44.22%,$0.29B,$0.08B,28.57%,$0.08B,$1.50B,5.42%,$0.08B,$1.50B,5.44%,$0.08B,$2.73B,3.07%,$0.20B,$2.65B,7.52%,$70,$6,$64,$0,$5,$-8,$78,$-14,$63,$0,$63,$61,$32,$86,$78,$47,47,$0.69,$0.68,$34,$0,$0,$394,$1819,$0,$0,$502,$2340,$2734,$36,$1154,$46,$1200,$1236,$0,$-228,$23,$1498,$2734,$115,$47,$35,$82,$4,$0,$0,$-6,$-1,$196,$-111,$0,$227,$0,$-6,$-6,$-20,$90,$-39,$0,$-39,$-3,$-83,$-158,$-3,$-282,$3,$6,$-158
28,2011-09-30,25.5,$32.03,0.8,$6.24,4.09,$2.58,9.9,$1.69,15.09,$0.40B,$0.04B,10.45,$1.14B,$1.50B,0.76,$0.29B,$0.27B,92.41%,$0.29B,$0.17B,58.28%,$0.29B,$0.17B,58.28%,$0.29B,$0.22B,74.83%,$0.29B,$0.10B,34.48%,$0.29B,$0.08B,27.24%,$0.08B,$1.50B,4.99%,$0.08B,$1.49B,5.03%,$0.08B,$2.73B,2.84%,$0.17B,$2.64B,6.28%,$76,$6,$70,$0,$5,$23,$53,$-18,$35,$0,$35,$36,$26,$66,$53,$47,47,$0.55,$0.55,$43,$0,$0,$397,$1799,$0,$5,$508,$2329,$2726,$38,$1139,$52,$1191,$1229,$0,$-227,$23,$1497,$2726,$77,$38,$26,$64,$-0,$0,$0,$-4,$-6,$135,$-89,$0,$225,$0,$-5,$-5,$-9,$121,$-51,$0,$-51,$-3,$-83,$-119,$-0,$-254,$3,$4,$-119
29,2011-06-30,30.01,$33.89,0.89,$6.21,4.84,$1.48,20.33,$1.72,17.45,$0.40B,$0.05B,8.03,$1.05B,$1.58B,0.66,$0.29B,$0.27B,92.36%,$0.29B,$0.17B,58.33%,$0.29B,$0.17B,58.33%,$0.29B,$0.22B,75.00%,$0.29B,$0.10B,34.03%,$0.29B,$0.08B,27.78%,$0.08B,$1.58B,4.96%,$0.08B,$1.58B,5.02%,$0.08B,$2.73B,2.82%,$0.17B,$2.63B,6.14%,$74,$7,$68,$0,$5,$49,$26,$-17,$9,$0,$9,$9,$-8,$38,$26,$47,47,$-0.16,$-0.16,$50,$0,$0,$401,$1816,$0,$5,$489,$2328,$2730,$50,$1048,$50,$1098,$1148,$0,$-221,$26,$1581,$2730,$42,$25,$24,$49,$1,$0,$0,$-3,$1,$92,$-57,$0,$212,$0,$-5,$-5,$-6,$144,$-150,$0,$-150,$-3,$-3,$-78,$-1,$-233,$4,$3,$-78
30,2011-03-31,29.64,$34.73,0.85,$6.19,4.79,$-0.45,0.0,$2.06,14.39,$0.40B,$0.04B,9.54,$1.05B,$1.62B,0.65,$0.29B,$0.26B,92.28%,$0.29B,$0.18B,63.16%,$0.29B,$0.18B,63.16%,$0.29B,$0.23B,80.00%,$0.29B,$0.11B,38.60%,$0.29B,$0.10B,33.68%,$0.10B,$1.62B,5.91%,$0.10B,$1.61B,6.02%,$0.10B,$2.76B,3.34%,$0.18B,$2.67B,6.46%,$74,$6,$67,$0,$5,$31,$42,$-19,$23,$0,$23,$24,$34,$55,$42,$47,47,$0.73,$0.73,$47,$0,$0,$397,$1867,$0,$6,$470,$2361,$2758,$42,$1051,$46,$1097,$1138,$0,$-180,$26,$1620,$2758,$42,$13,$-12,$1,$-1,$0,$0,$-2,$-8,$35,$-41,$0,$205,$0,$-5,$-5,$-2,$157,$-147,$0,$-147,$-3,$-3,$-38,$-1,$-189,$3,$1,$-38
31,2010-12-31,28.83,$35.05,0.82,$6.26,4.6,$0.44,66.02,$1.85,15.59,$0.38B,$0.06B,6.7,$1.19B,$1.63B,0.73,$0.28B,$0.26B,92.55%,$0.28B,$0.19B,65.60%,$0.28B,$0.19B,65.60%,$0.28B,$0.23B,82.27%,$0.28B,$0.12B,41.49%,$0.28B,$0.09B,30.14%,$0.09B,$1.63B,5.36%,$0.09B,$1.60B,5.49%,$0.09B,$2.92B,2.93%,$0.19B,$2.82B,6.58%,$66,$4,$63,$0,$4,$19,$48,$-15,$33,$0,$33,$31,$27,$58,$48,$45,46,$0.57,$0.58,$28,$0,$0,$378,$2020,$0,$36,$469,$2545,$2923,$56,$1191,$44,$1236,$1292,$0,$-182,$39,$1631,$2923,$113,$47,$23,$70,$7,$0,$0,$-10,$-3,$180,$-136,$0,$7,$0,$-69,$-69,$-123,$-320,$154,$0,$154,$139,$139,$-146,$-18,$128,$-11,$5,$-146
32,2010-09-30,26.55,$34.91,0.76,$6.48,4.1,$-0.70,0.0,$1.45,18.31,$0.38B,$0.05B,8.56,$1.20B,$1.62B,0.74,$0.28B,$0.26B,92.39%,$0.28B,$0.17B,62.32%,$0.28B,$0.17B,62.32%,$0.28B,$0.22B,79.71%,$0.28B,$0.11B,38.04%,$0.28B,$0.07B,23.55%,$0.07B,$1.62B,4.21%,$0.07B,$1.59B,4.29%,$0.07B,$2.92B,2.29%,$0.17B,$2.83B,6.23%,$74,$7,$68,$0,$4,$22,$52,$-20,$33,$0,$33,$33,$27,$65,$52,$47,47,$0.59,$0.58,$36,$0,$0,$383,$2020,$0,$36,$462,$2540,$2922,$45,$1202,$51,$1253,$1298,$0,$-178,$30,$1624,$2922,$79,$37,$18,$55,$-4,$0,$0,$-8,$-7,$127,$-132,$0,$6,$0,$-67,$-67,$-122,$-316,$168,$0,$168,$139,$139,$-109,$-19,$180,$-8,$4,$-109
33,2010-06-30,23.06,$34.80,0.66,$6.73,3.43,$2.00,11.53,$-1.02,0.0,$0.38B,$0.04B,10.32,$1.21B,$1.62B,0.75,$0.27B,$0.25B,92.51%,$0.27B,$0.10B,37.08%,$0.27B,$0.10B,37.08%,$0.27B,$0.15B,54.68%,$0.27B,$0.03B,12.73%,$0.27B,$-0.03B,-10.86%,$-0.03B,$1.62B,-1.98%,$-0.03B,$1.58B,-2.01%,$-0.03B,$2.91B,-1.05%,$0.10B,$2.83B,3.70%,$71,$6,$65,$0,$5,$33,$38,$-17,$21,$0,$21,$21,$8,$50,$38,$45,45,$0.18,$0.18,$36,$0,$0,$384,$2018,$0,$36,$452,$2527,$2911,$37,$1209,$47,$1256,$1293,$0,$-175,$21,$1618,$2911,$44,$24,$14,$38,$-3,$0,$0,$-4,$-7,$75,$-128,$0,$6,$0,$-59,$-59,$-123,$-304,$178,$0,$178,$139,$139,$-71,$-17,$229,$-3,$2,$-71
34,2010-03-31,24.5,$34.16,0.72,$6.98,3.51,$4.96,4.94,$-0.62,0.0,$0.51B,$0.05B,10.57,$1.31B,$1.47B,0.89,$0.26B,$0.24B,92.69%,$0.26B,$0.11B,40.38%,$0.26B,$0.11B,40.38%,$0.26B,$0.15B,56.92%,$0.26B,$0.04B,15.77%,$0.26B,$-0.02B,-6.54%,$-0.02B,$1.47B,-1.22%,$-0.02B,$1.43B,-1.23%,$-0.02B,$2.86B,-0.63%,$0.11B,$2.77B,4.02%,$71,$6,$65,$0,$5,$24,$47,$-17,$30,$0,$30,$31,$23,$59,$47,$43,43,$0.53,$0.52,$32,$0,$0,$511,$2045,$0,$38,$254,$2351,$2863,$48,$1309,$41,$1349,$1398,$0,$-153,$24,$1465,$2863,$29,$12,$-2,$10,$-5,$0,$0,$-2,$-6,$33,$-1,$0,$0,$0,$-44,$-44,$-112,$-158,$65,$0,$65,$-2,$-2,$-35,$93,$121,$-2,$1,$-35
35,2009-12-31,20.69,$34.22,0.6,$7.28,2.84,$5.05,4.1,$-0.62,0.0,$0.60B,$0.03B,21.03,$1.14B,$1.47B,0.78,$0.26B,$0.24B,91.80%,$0.26B,$0.10B,38.67%,$0.26B,$0.10B,38.67%,$0.26B,$0.14B,56.25%,$0.26B,$0.04B,13.67%,$0.26B,$-0.02B,-8.59%,$-0.02B,$1.47B,-1.62%,$-0.02B,$1.46B,-1.63%,$-0.02B,$2.68B,-0.84%,$0.10B,$2.61B,3.88%,$60,$4,$57,$0,$3,$25,$35,$-14,$21,$0,$21,$21,$7,$46,$35,$36,36,$0.18,$0.18,$36,$0,$0,$598,$1855,$0,$7,$210,$2083,$2681,$28,$1141,$43,$1184,$1213,$0,$-148,$19,$1468,$2681,$-12,$45,$125,$170,$-0,$0,$0,$-8,$-10,$149,$-155,$0,$0,$0,$-2,$-2,$-36,$-192,$-134,$0,$-134,$284,$284,$-127,$-7,$16,$-27,$4,$-127
36,2009-09-30,19.67,$35.53,0.55,$7.53,2.61,$4.21,4.67,$0.06,327.82,$0.59B,$0.03B,20.6,$1.18B,$1.30B,0.91,$0.26B,$0.24B,92.58%,$0.26B,$0.11B,43.36%,$0.26B,$0.11B,43.36%,$0.26B,$0.15B,59.77%,$0.26B,$0.05B,19.14%,$0.26B,$-0.00B,-0.39%,$-0.00B,$1.30B,-0.08%,$-0.00B,$1.29B,-0.08%,$-0.00B,$2.55B,-0.04%,$0.11B,$2.48B,4.38%,$65,$5,$60,$0,$4,$86,$-21,$-18,$-38,$0,$-38,$-38,$-67,$-9,$-21,$35,35,$-1.89,$-1.89,$27,$0,$0,$589,$1726,$0,$7,$218,$1964,$2554,$29,$1184,$44,$1228,$1256,$0,$-127,$17,$1297,$2554,$-25,$34,$112,$146,$1,$0,$0,$-7,$-8,$113,$-21,$0,$0,$0,$-0,$-0,$-33,$-54,$-90,$0,$-90,$93,$93,$-96,$-5,$-98,$-39,$3,$-96
37,2009-06-30,11.65,$38.51,0.3,$8.00,1.46,$-0.19,0.0,$2.84,4.1,$0.64B,$0.03B,23.69,$1.23B,$1.35B,0.91,$0.27B,$0.25B,92.11%,$0.27B,$0.19B,69.55%,$0.27B,$0.19B,69.55%,$0.27B,$0.23B,85.34%,$0.27B,$0.12B,45.86%,$0.27B,$0.10B,35.71%,$0.10B,$1.35B,7.19%,$0.10B,$1.34B,7.25%,$0.10B,$2.64B,3.62%,$0.19B,$2.57B,7.26%,$64,$5,$59,$0,$4,$20,$44,$-16,$28,$0,$28,$28,$20,$52,$44,$35,35,$0.58,$0.58,$31,$0,$0,$643,$1745,$0,$10,$230,$1999,$2642,$27,$1225,$43,$1268,$1296,$0,$-36,$10,$1346,$2642,$50,$22,$7,$30,$2,$0,$0,$-4,$-3,$77,$-15,$0,$0,$0,$-0,$-0,$-28,$-43,$-41,$0,$-41,$43,$43,$-66,$-5,$-68,$-34,$2,$-66
38,2009-03-31,8.64,$38.25,0.23,$8.40,1.03,$-4.78,0.0,$3.04,2.84,$0.61B,$0.03B,22.19,$1.20B,$1.34B,0.9,$0.27B,$0.25B,91.51%,$0.27B,$0.19B,69.74%,$0.27B,$0.19B,69.74%,$0.27B,$0.23B,86.35%,$0.27B,$0.13B,46.13%,$0.27B,$0.10B,36.53%,$0.10B,$1.34B,7.71%,$0.10B,$1.33B,7.79%,$0.10B,$2.60B,3.84%,$0.19B,$2.54B,7.56%,$67,$8,$59,$0,$4,$25,$41,$-17,$24,$0,$24,$24,$18,$55,$41,$34,34,$0.52,$0.52,$22,$0,$0,$614,$1727,$0,$11,$239,$1988,$2602,$28,$1201,$37,$1238,$1265,$0,$-34,$-2,$1337,$2602,$24,$13,$1,$14,$0,$0,$0,$-3,$-3,$35,$-6,$0,$0,$0,$0,$0,$-15,$-21,$-58,$0,$-58,$43,$43,$-35,$-0,$-51,$-37,$1,$-35
39,2008-12-31,15.69,$39.32,0.4,$8.78,1.79,$-5.00,0.0,$3.28,4.78,$0.64B,$0.04B,18.04,$1.26B,$1.29B,0.98,$0.27B,$0.25B,91.85%,$0.27B,$0.19B,70.74%,$0.27B,$0.19B,70.74%,$0.27B,$0.23B,86.30%,$0.27B,$0.13B,46.67%,$0.27B,$0.10B,38.15%,$0.10B,$1.29B,8.58%,$0.10B,$1.28B,8.68%,$0.10B,$2.63B,4.17%,$0.19B,$2.56B,7.98%,$60,$1,$59,$0,$3,$12,$47,$-12,$35,$0,$35,$36,$28,$55,$47,$31,31,$0.86,$0.85,$61,$0,$0,$643,$1735,$0,$12,$232,$1991,$2634,$36,$1262,$43,$1306,$1341,$0,$-28,$-6,$1293,$2634,$128,$42,$7,$49,$-23,$0,$0,$-6,$-31,$146,$-178,$0,$1,$0,$-124,$-124,$-191,$-492,$198,$0,$198,$223,$307,$-126,$2,$381,$35,$4,$-126
40,2008-09-30,27.94,$39.85,0.7,$9.27,3.02,$-3.31,0.0,$3.20,8.73,$0.61B,$0.02B,33.65,$1.22B,$1.31B,0.93,$0.28B,$0.25B,89.86%,$0.28B,$0.19B,67.75%,$0.28B,$0.19B,67.75%,$0.28B,$0.23B,84.06%,$0.28B,$0.12B,42.03%,$0.28B,$0.10B,35.14%,$0.10B,$1.31B,8.59%,$0.10B,$1.30B,8.71%,$0.10B,$2.61B,4.12%,$0.19B,$2.53B,8.22%,$75,$7,$68,$0,$4,$22,$53,$-18,$35,$0,$35,$36,$29,$65,$53,$32,32,$0.89,$0.88,$26,$0,$0,$606,$1759,$0,$14,$223,$2007,$2613,$18,$1218,$51,$1286,$1304,$0,$-29,$28,$1310,$2613,$93,$35,$3,$38,$-18,$0,$0,$-2,$-20,$110,$-169,$0,$1,$0,$-122,$-122,$-184,$-474,$144,$0,$144,$223,$307,$-90,$-1,$360,$-4,$3,$-90
41,2008-06-30,24.86,$39.08,0.64,$9.24,2.69,$-1.55,0.0,$3.08,8.07,$0.46B,$0.02B,21.35,$1.18B,$1.20B,0.99,$0.26B,$0.24B,89.73%,$0.26B,$0.18B,66.92%,$0.26B,$0.18B,66.92%,$0.26B,$0.22B,83.27%,$0.26B,$0.11B,40.30%,$0.26B,$0.09B,33.84%,$0.09B,$1.20B,8.61%,$0.09B,$1.18B,8.74%,$0.09B,$2.46B,4.01%,$0.18B,$2.38B,8.22%,$69,$6,$62,$0,$4,$21,$48,$-17,$31,$0,$31,$31,$24,$59,$48,$31,31,$0.78,$0.77,$27,$0,$0,$459,$1765,$0,$15,$213,$2003,$2462,$21,$1181,$45,$1243,$1265,$0,$-30,$31,$1197,$2462,$58,$23,$2,$25,$-14,$0,$0,$-5,$-19,$64,$-151,$0,$1,$0,$-122,$-122,$-35,$-306,$103,$0,$103,$111,$194,$-56,$-1,$240,$-3,$2,$-56
42,2008-03-31,24.39,$35.50,0.69,$9.16,2.66,$1.80,13.56,$3.08,7.92,$0.43B,$0.02B,21.01,$1.11B,$1.00B,1.11,$0.25B,$0.23B,89.68%,$0.25B,$0.17B,66.27%,$0.25B,$0.17B,66.27%,$0.25B,$0.21B,82.94%,$0.25B,$0.10B,39.29%,$0.25B,$0.09B,34.13%,$0.09B,$1.00B,8.91%,$0.09B,$0.99B,9.06%,$0.09B,$2.18B,4.11%,$0.17B,$2.11B,8.26%,$66,$7,$59,$0,$4,$23,$43,$-17,$25,$0,$25,$27,$22,$54,$43,$28,28,$0.76,$0.76,$21,$0,$0,$433,$1641,$0,$16,$81,$1748,$2181,$21,$1106,$35,$1159,$1180,$0,$-28,$30,$1001,$2181,$27,$11,$1,$13,$-8,$0,$0,$-5,$-13,$26,$-8,$0,$0,$0,$0,$0,$-22,$-31,$29,$0,$29,$-1,$-1,$-27,$-1,$0,$-5,$1,$-27
43,2007-12-31,22.84,$35.89,0.64,$8.73,2.62,$1.31,17.41,$2.99,7.64,$0.42B,$0.03B,15.63,$1.08B,$1.01B,1.07,$0.24B,$0.21B,89.87%,$0.24B,$0.16B,66.67%,$0.24B,$0.16B,66.67%,$0.24B,$0.20B,83.54%,$0.24B,$0.10B,40.93%,$0.24B,$0.08B,34.60%,$0.08B,$1.01B,8.84%,$0.08B,$0.99B,8.98%,$0.08B,$2.17B,4.19%,$0.16B,$2.09B,8.35%,$66,$7,$59,$0,$4,$23,$43,$-17,$25,$0,$25,$26,$22,$54,$43,$27,27,$0.76,$0.76,$28,$0,$0,$415,$1649,$0,$17,$82,$1757,$2172,$27,$1081,$38,$1137,$1164,$0,$-26,$36,$1008,$2172,$103,$40,$-0,$40,$-20,$0,$0,$2,$-12,$132,$-113,$0,$7,$0,$-71,$-71,$-244,$-421,$269,$0,$269,$73,$127,$-98,$-3,$294,$6,$3,$-98
44,2007-09-30,24.29,$34.84,0.7,$8.20,2.96,$-0.44,0.0,$2.90,8.38,$0.35B,$0.02B,14.97,$1.06B,$0.93B,1.14,$0.22B,$0.20B,90.05%,$0.22B,$0.17B,74.66%,$0.22B,$0.17B,74.66%,$0.22B,$0.20B,91.86%,$0.22B,$0.09B,41.63%,$0.22B,$0.08B,35.29%,$0.08B,$0.93B,8.77%,$0.08B,$0.91B,8.90%,$0.08B,$2.06B,4.32%,$0.17B,$1.99B,9.42%,$62,$6,$56,$0,$3,$20,$42,$-17,$25,$0,$25,$26,$21,$52,$42,$26,27,$0.78,$0.77,$21,$0,$0,$348,$1643,$0,$17,$43,$1714,$2062,$23,$1061,$30,$1109,$1133,$0,$-26,$33,$930,$2062,$78,$29,$-2,$28,$-10,$0,$0,$-1,$-12,$93,$-94,$0,$0,$0,$-31,$-31,$-194,$-319,$248,$0,$248,$-1,$53,$-72,$-2,$227,$1,$2,$-72
45,2007-06-30,25.34,$34.57,0.73,$7.71,3.28,$-1.00,0.0,$2.78,9.11,$0.31B,$0.01B,24.34,$0.98B,$0.92B,1.06,$0.21B,$0.19B,89.90%,$0.21B,$0.14B,68.75%,$0.21B,$0.14B,68.75%,$0.21B,$0.18B,86.54%,$0.21B,$0.09B,41.83%,$0.21B,$0.08B,36.06%,$0.08B,$0.92B,8.97%,$0.08B,$0.91B,9.09%,$0.08B,$1.96B,4.49%,$0.14B,$1.90B,8.80%,$58,$5,$52,$0,$3,$18,$39,$-15,$24,$0,$24,$24,$21,$49,$39,$26,27,$0.79,$0.78,$21,$0,$0,$312,$1583,$0,$17,$41,$1652,$1964,$13,$980,$30,$1029,$1042,$0,$-26,$26,$922,$1964,$51,$19,$-2,$17,$-8,$0,$0,$-3,$-11,$58,$-43,$0,$7,$0,$-31,$-31,$-170,$-237,$176,$0,$176,$-1,$53,$-47,$-2,$179,$-0,$2,$-47
46,2007-03-31,27.99,$31.96,0.88,$7.50,3.73,$-1.69,0.0,$2.67,10.48,$0.16B,$0.01B,20.11,$0.73B,$0.85B,0.86,$0.20B,$0.18B,90.55%,$0.20B,$0.14B,68.16%,$0.20B,$0.14B,68.16%,$0.20B,$0.17B,85.57%,$0.20B,$0.08B,41.79%,$0.20B,$0.07B,35.82%,$0.07B,$0.85B,9.16%,$0.07B,$0.84B,9.28%,$0.07B,$1.62B,4.64%,$0.14B,$1.59B,9.05%,$51,$5,$46,$0,$3,$17,$34,$-11,$23,$0,$23,$23,$18,$43,$34,$26,27,$0.69,$0.67,$14,$0,$0,$164,$1400,$0,$9,$41,$1460,$1624,$8,$734,$26,$764,$773,$0,$-27,$14,$852,$1624,$23,$9,$1,$10,$-3,$0,$0,$-2,$-5,$28,$-24,$0,$0,$0,$0,$0,$-41,$-65,$58,$0,$58,$-1,$-1,$-21,$-1,$35,$-3,$1,$-21
47,2006-12-31,26.8,$32.20,0.83,$7.38,3.63,$-2.59,0.0,$2.61,10.27,$0.12B,$0.02B,7.46,$0.68B,$0.85B,0.79,$0.20B,$0.18B,90.31%,$0.20B,$0.13B,67.86%,$0.20B,$0.13B,67.86%,$0.20B,$0.17B,85.20%,$0.20B,$0.08B,40.82%,$0.20B,$0.07B,35.71%,$0.07B,$0.85B,9.33%,$0.07B,$0.84B,9.46%,$0.07B,$1.57B,4.63%,$0.13B,$1.53B,9.02%,$50,$4,$45,$0,$2,$-0,$50,$-30,$20,$0,$20,$21,$18,$59,$50,$26,27,$0.69,$0.69,$17,$0,$0,$123,$1396,$0,$9,$33,$1448,$1571,$16,$675,$22,$702,$719,$0,$-25,$13,$853,$1571,$82,$34,$5,$39,$-14,$0,$0,$-3,$-15,$106,$-135,$0,$0,$0,$0,$0,$-27,$-162,$-33,$0,$-33,$46,$177,$-83,$-3,$59,$3,$5,$-83
