,Date,Stock Price,Book Value per Share,Price to Book Ratio,TTM Sales per Share,Price to Sales Ratio,TTM FCF per Share,Price to FCF Ratio,TTM Net EPS,PE Ratio,Current Assets,Current Liabilities,Current Ratio,Long Term Debt,Shareholder's Equity_x,Debt to Equity Ratio,TTM Revenue_x,TTM Gross Profit,Gross Margin,TTM Revenue_y,TTM Operating Income,Operating Margin,TTM Revenue_x,TTM EBIT,EBIT Margin,TTM Revenue_y,TTM EBITDA,EBITDA Margin,TTM Revenue_x,TTM Pre-Tax Income,Pre-Tax Margin,TTM Revenue_y,TTM Net Income_x,Net Margin,TTM Net Income_y,Shareholder's Equity_y,Return on Equity,TTM Net Income_x,Tangible Equity,Return on Tangible Equity,TTM Net Income_y,Total Assets,Return on Assets,TTM Net Income,LT Investments & Debt,Return on Investment,revenue,cost-goods-sold,gross-profit,research-development-expenses,selling-general-administrative-expenses,operating-expenses,operating-income,total-non-operating-income-expense,pre-tax-income,total-provision-income-taxes,income-after-taxes,income-from-continuous-operations,net-income,ebitda,ebit,basic-shares-outstanding,shares-outstanding,eps-basic-net-earnings-per-share,eps-earnings-per-share-diluted,cash-on-hand,inventory,other-current-assets,total-current-assets,net-property-plant-equipment,long-term-investments,goodwill-intangible-assets-total,other-long-term-assets,total-long-term-assets,total-assets,total-current-liabilities,long-term-debt,other-non-current-liabilities,total-long-term-liabilities,total-liabilities,common-stock-net,retained-earnings-accumulated-deficit,comprehensive-income,total-share-holder-equity,total-liabilities-share-holders-equity,net-income-loss,total-depreciation-amortization-cash-flow,other-non-cash-items,total-non-cash-items,change-in-accounts-receivable,change-in-inventories,change-in-accounts-payable,change-in-assets-liabilities,total-change-in-assets-liabilities,cash-flow-from-operating-activities,net-change-in-property-plant-equipment,net-change-in-intangible-assets,net-acquisitions-divestitures,net-change-in-short-term-investments,net-change-in-long-term-investments,net-change-in-investments-total,investing-activities-other,cash-flow-from-investing-activities,net-long-term-debt,net-current-debt,debt-issuance-retirement-net-total,net-common-equity-issued-repurchased,net-total-equity-issued-repurchased,total-common-preferred-stock-dividends-paid,financial-activities-other,cash-flow-from-financial-activities,net-cash-flow,stock-based-compensation,common-stock-dividends-paid
0,2018-09-30,10.6,$2.47,4.29,$0.17,61.38,$-4.75,0.0,$-1.97,0.0,$0.20B,$0.03B,7.48,$0.00B,$0.17B,0.0,$0.01B,$0.01B,100.00%,$0.01B,$-0.14B,-1175.00%,$0.01B,$-0.14B,-1175.00%,$0.01B,$-0.14B,-1175.00%,$0.01B,$-0.14B,-1141.67%,$0.01B,$-0.14B,-1133.33%,$-0.14B,$0.17B,-64.45%,$-0.14B,$0.17B,-64.45%,$-0.14B,$0.20B,-54.89%,$-0.14B,$0.17B,-66.82%,$0,$0,$0,$27,$12,$39,$-39,$1,$-37,$0,$-37,$-37,$-37,$-39,$-39,$70,70,$-0.54,$-0.54,$181,$0,$0,$200,$2,$0,$0,$1,$3,$203,$27,$0,$1,$5,$31,$0,$-564,$-0,$172,$203,$-101,$-0,$10,$9,$-12,$0,$-1,$2,$-8,$-99,$-0,$0,$0,$-64,$0,$-64,$0,$-64,$-0,$0,$-0,$3,$3,$0,$0,$2,$-160,$10,$0
1,2018-06-30,13.55,$2.96,4.58,$0.17,78.47,$-4.84,0.0,$-2.06,0.0,$0.24B,$0.03B,8.09,$0.00B,$0.21B,0.0,$0.01B,$0.01B,100.00%,$0.01B,$-0.14B,-1166.67%,$0.01B,$-0.14B,-1166.67%,$0.01B,$-0.14B,-1166.67%,$0.01B,$-0.14B,-1150.00%,$0.01B,$-0.14B,-1141.67%,$-0.14B,$0.21B,-58.30%,$-0.14B,$0.21B,-58.30%,$-0.14B,$0.24B,-49.41%,$-0.14B,$0.21B,-59.57%,$12,$0,$12,$31,$11,$42,$-30,$1,$-29,$0,$-29,$-29,$-29,$-30,$-30,$69,69,$-0.42,$-0.42,$216,$0,$12,$236,$2,$0,$0,$1,$3,$239,$29,$0,$1,$5,$34,$0,$-526,$-0,$206,$239,$-63,$0,$6,$6,$0,$0,$4,$-11,$-6,$-63,$-0,$0,$0,$-97,$0,$-97,$0,$-97,$-0,$0,$-0,$2,$2,$0,$0,$2,$-159,$6,$0
2,2018-03-31,17.75,$3.33,5.34,$0.17,103.62,$-4.82,0.0,$-2.12,0.0,$0.26B,$0.03B,10.43,$0.00B,$0.23B,0.0,$0.01B,$0.01B,100.00%,$0.01B,$-0.14B,-1380.00%,$0.01B,$-0.14B,-1380.00%,$0.01B,$-0.14B,-1380.00%,$0.01B,$-0.14B,-1370.00%,$0.01B,$-0.14B,-1360.00%,$-0.14B,$0.23B,-61.54%,$-0.14B,$0.23B,-61.54%,$-0.14B,$0.26B,-50.60%,$-0.14B,$0.23B,-62.44%,$0,$0,$0,$26,$9,$35,$-35,$1,$-34,$0,$-34,$-34,$-34,$-35,$-35,$69,69,$-0.49,$-0.49,$248,$0,$0,$257,$2,$0,$0,$1,$3,$260,$25,$0,$1,$4,$29,$0,$-497,$-0,$231,$260,$-34,$0,$3,$3,$0,$0,$0,$0,$1,$-30,$-0,$0,$0,$-68,$0,$-68,$0,$-68,$-0,$0,$-0,$2,$2,$0,$0,$2,$-96,$3,$0
3,2017-12-31,12.55,$3.40,3.7,$0.17,73.26,$-4.95,0.0,$-2.19,0.0,$0.29B,$0.03B,11.59,$0.00B,$0.24B,0.0,$0.01B,$0.01B,100.00%,$0.01B,$-0.14B,-1360.00%,$0.01B,$-0.14B,-1360.00%,$0.01B,$-0.14B,-1360.00%,$0.01B,$-0.14B,-1360.00%,$0.01B,$-0.14B,-1350.00%,$-0.14B,$0.24B,-65.22%,$-0.14B,$0.24B,-65.22%,$-0.14B,$0.29B,-51.97%,$-0.14B,$0.24B,-65.70%,$0,$0,$0,$29,$8,$37,$-37,$1,$-37,$0,$-36,$-36,$-36,$-37,$-37,$61,61,$-0.51,$-0.51,$276,$0,$0,$286,$3,$0,$0,$1,$4,$289,$25,$0,$1,$29,$54,$0,$-488,$-0,$235,$289,$-134,$2,$11,$13,$-0,$0,$2,$-2,$1,$-120,$-1,$0,$0,$114,$0,$114,$0,$113,$-1,$0,$-1,$157,$157,$0,$-0,$156,$149,$11,$0
4,2017-09-30,19.05,$3.87,4.92,$0.18,106.03,$-4.67,0.0,$-2.27,0.0,$0.32B,$0.02B,13.69,$0.00B,$0.27B,0.0,$0.01B,$0.01B,100.00%,$0.01B,$-0.13B,-1340.00%,$0.01B,$-0.13B,-1340.00%,$0.01B,$-0.13B,-1340.00%,$0.01B,$-0.13B,-1340.00%,$0.01B,$-0.13B,-1340.00%,$-0.13B,$0.27B,-67.42%,$-0.13B,$0.27B,-67.42%,$-0.13B,$0.32B,-53.49%,$-0.13B,$0.27B,-67.42%,$0,$0,$0,$29,$9,$38,$-38,$0,$-38,$0,$-38,$-38,$-38,$-38,$-38,$60,60,$-0.63,$-0.63,$307,$0,$0,$317,$3,$0,$0,$1,$3,$321,$23,$0,$0,$29,$52,$0,$-452,$-0,$268,$321,$-98,$1,$9,$10,$-0,$0,$0,$-3,$-2,$-90,$-1,$0,$0,$77,$0,$77,$0,$76,$-0,$0,$-0,$156,$156,$0,$0,$156,$142,$9,$0
5,2017-06-30,15.1,$2.57,5.88,$0.29,51.49,$-4.47,0.0,$-2.06,0.0,$0.20B,$0.03B,7.7,$0.00B,$0.15B,0.0,$0.02B,$0.02B,100.00%,$0.02B,$-0.12B,-711.76%,$0.02B,$-0.12B,-711.76%,$0.02B,$-0.12B,-705.88%,$0.02B,$-0.12B,-705.88%,$0.02B,$-0.12B,-705.88%,$-0.12B,$0.15B,-63.07%,$-0.12B,$0.15B,-63.07%,$-0.12B,$0.21B,-50.00%,$-0.12B,$0.15B,-63.60%,$10,$0,$10,$27,$11,$38,$-28,$0,$-28,$0,$-28,$-28,$-28,$-28,$-28,$58,58,$-0.48,$-0.48,$193,$0,$0,$202,$3,$0,$0,$1,$4,$205,$26,$0,$0,$29,$55,$0,$-414,$-0,$150,$205,$-61,$1,$6,$7,$-0,$0,$5,$-2,$3,$-51,$-1,$0,$0,$60,$0,$60,$0,$59,$-0,$0,$-0,$3,$3,$0,$0,$3,$11,$6,$0
6,2017-03-31,17.15,$2.99,5.73,$0.13,131.73,$-4.46,0.0,$-2.07,0.0,$0.22B,$0.02B,10.74,$0.00B,$0.18B,0.0,$0.01B,$0.01B,100.00%,$0.01B,$-0.12B,-1728.57%,$0.01B,$-0.12B,-1728.57%,$0.01B,$-0.12B,-1714.29%,$0.01B,$-0.12B,-1714.29%,$0.01B,$-0.12B,-1714.29%,$-0.12B,$0.18B,-55.43%,$-0.12B,$0.18B,-55.43%,$-0.12B,$0.22B,-45.45%,$-0.12B,$0.18B,-55.82%,$0,$0,$0,$25,$8,$33,$-33,$0,$-33,$0,$-33,$-33,$-33,$-33,$-33,$58,58,$-0.56,$-0.56,$211,$0,$0,$220,$3,$0,$0,$1,$4,$224,$20,$0,$0,$29,$49,$0,$-386,$-0,$175,$224,$-33,$0,$3,$3,$0,$0,$2,$-2,$-4,$-33,$-0,$0,$0,$17,$0,$17,$0,$17,$-0,$0,$-0,$3,$3,$0,$0,$2,$-14,$3,$0
7,2016-12-31,12.1,$3.47,3.48,$0.14,87.21,$-4.35,0.0,$-1.92,0.0,$0.25B,$0.02B,11.5,$0.00B,$0.20B,0.0,$0.01B,$0.01B,100.00%,$0.01B,$-0.11B,-1585.71%,$0.01B,$-0.11B,-1585.71%,$0.01B,$-0.11B,-1571.43%,$0.01B,$-0.11B,-1571.43%,$0.01B,$-0.11B,-1571.43%,$-0.11B,$0.20B,-45.36%,$-0.11B,$0.20B,-45.36%,$-0.11B,$0.25B,-38.10%,$-0.11B,$0.20B,-45.68%,$0,$0,$0,$28,$8,$36,$-35,$0,$-35,$0,$-35,$-35,$-35,$-35,$-35,$57,57,$-0.61,$-0.61,$242,$0,$0,$249,$3,$0,$0,$1,$4,$252,$22,$0,$0,$29,$51,$0,$-354,$-0,$202,$252,$-110,$2,$11,$12,$0,$0,$0,$-4,$2,$-96,$-1,$0,$0,$-165,$0,$-165,$0,$-165,$-1,$0,$-1,$132,$132,$0,$-0,$131,$-130,$11,$0
8,2016-09-30,9.84,$4.03,2.44,$0.14,68.19,$-4.49,0.0,$-1.85,0.0,$0.28B,$0.02B,17.35,$0.00B,$0.23B,0.0,$0.01B,$0.01B,100.00%,$0.01B,$-0.10B,-1225.00%,$0.01B,$-0.10B,-1225.00%,$0.01B,$-0.10B,-1212.50%,$0.01B,$-0.10B,-1212.50%,$0.01B,$-0.10B,-1212.50%,$-0.10B,$0.23B,-41.36%,$-0.10B,$0.23B,-41.36%,$-0.10B,$0.28B,-34.61%,$-0.10B,$0.23B,-41.70%,$7,$0,$7,$24,$8,$31,$-25,$0,$-24,$0,$-24,$-24,$-24,$-24,$-25,$58,58,$-0.42,$-0.42,$263,$0,$0,$275,$3,$0,$0,$1,$4,$279,$16,$0,$0,$29,$45,$0,$-319,$-0,$234,$279,$-75,$1,$8,$9,$-6,$0,$-1,$-2,$-9,$-75,$-0,$0,$0,$-198,$0,$-198,$0,$-198,$-0,$0,$-0,$132,$132,$0,$-0,$131,$-142,$8,$0
9,2016-06-30,10.24,$4.40,2.33,$0.04,260.09,$-4.42,0.0,$-1.99,0.0,$0.30B,$0.02B,18.35,$0.00B,$0.26B,0.0,$0.00B,$0.00B,100.00%,$0.00B,$-0.10B,-9600.00%,$0.00B,$-0.10B,-9600.00%,$0.00B,$-0.10B,-9600.00%,$0.00B,$-0.10B,-9600.00%,$0.00B,$-0.10B,-9600.00%,$-0.10B,$0.26B,-42.95%,$-0.10B,$0.26B,-42.95%,$-0.10B,$0.30B,-35.56%,$-0.10B,$0.26B,-42.86%,$0,$0,$0,$21,$7,$29,$-28,$0,$-28,$0,$-28,$-28,$-28,$-28,$-28,$57,57,$-0.49,$-0.49,$289,$0,$0,$297,$4,$0,$0,$1,$4,$301,$16,$0,$0,$30,$46,$0,$-294,$0,$255,$301,$-51,$1,$5,$6,$0,$0,$-1,$-4,$-5,$-50,$-0,$0,$0,$-199,$0,$-199,$0,$-200,$-0,$0,$-0,$132,$132,$0,$-0,$131,$-119,$5,$0
10,2016-03-31,12.12,$4.88,2.49,$0.05,247.16,$-4.61,0.0,$-2.13,0.0,$0.32B,$0.01B,22.79,$0.00B,$0.28B,0.0,$0.00B,$0.00B,100.00%,$0.00B,$-0.09B,-4700.00%,$0.00B,$-0.09B,-4700.00%,$0.00B,$-0.09B,-4650.00%,$0.00B,$-0.09B,-4700.00%,$0.00B,$-0.09B,-4700.00%,$-0.09B,$0.28B,-44.34%,$-0.09B,$0.28B,-44.34%,$-0.09B,$0.32B,-36.72%,$-0.09B,$0.28B,-44.24%,$0,$0,$0,$18,$6,$24,$-23,$0,$-23,$0,$-23,$-23,$-23,$-23,$-23,$55,55,$-0.41,$-0.41,$313,$0,$0,$318,$4,$0,$0,$1,$4,$323,$14,$1,$0,$30,$44,$0,$-266,$0,$279,$323,$-23,$0,$2,$3,$0,$0,$-2,$-1,$-5,$-25,$-0,$0,$0,$0,$0,$0,$0,$-0,$-0,$0,$-0,$130,$130,$0,$-0,$130,$104,$2,$0
11,2015-12-31,16.02,$4.06,3.95,$0.07,240.85,$-4.80,0.0,$-3.47,0.0,$0.21B,$0.02B,11.55,$0.00B,$0.17B,0.0,$0.00B,$0.00B,100.00%,$0.00B,$-0.13B,-4400.00%,$0.00B,$-0.13B,-4400.00%,$0.00B,$-0.13B,-4366.67%,$0.00B,$-0.13B,-4400.00%,$0.00B,$-0.13B,-4400.00%,$-0.13B,$0.17B,-67.09%,$-0.13B,$0.17B,-67.09%,$-0.13B,$0.22B,-55.35%,$-0.13B,$0.17B,-66.84%,$1,$0,$1,$17,$6,$23,$-22,$0,$-22,$0,$-22,$-22,$-22,$-22,$-22,$40,40,$-0.38,$-0.38,$208,$0,$0,$213,$4,$0,$0,$1,$5,$218,$18,$1,$0,$30,$48,$0,$-243,$0,$170,$218,$-132,$1,$50,$51,$2,$0,$-4,$6,$8,$-73,$-0,$0,$-40,$0,$0,$0,$0,$-40,$-0,$0,$-0,$132,$132,$0,$-0,$131,$18,$10,$0
12,2015-09-30,12.86,$4.55,2.83,$0.37,35.14,$-4.11,0.0,$-3.38,0.0,$0.23B,$0.02B,13.29,$0.00B,$0.19B,0.01,$0.01B,$0.01B,100.00%,$0.01B,$-0.13B,-1041.67%,$0.01B,$-0.13B,-1041.67%,$0.01B,$-0.12B,-1033.33%,$0.01B,$-0.13B,-1041.67%,$0.01B,$-0.13B,-1041.67%,$-0.13B,$0.19B,-64.35%,$-0.13B,$0.19B,-64.35%,$-0.13B,$0.24B,-53.48%,$-0.13B,$0.19B,-64.10%,$0,$0,$0,$17,$7,$23,$-23,$0,$-23,$0,$-23,$-23,$-23,$-23,$-23,$41,41,$-0.56,$-0.56,$230,$0,$0,$233,$4,$0,$0,$1,$5,$238,$18,$1,$0,$31,$48,$0,$-221,$0,$190,$238,$-110,$1,$48,$49,$2,$0,$-5,$8,$10,$-51,$-0,$0,$-40,$0,$0,$0,$0,$-40,$-0,$0,$-0,$132,$132,$0,$-0,$131,$40,$8,$0
13,2015-06-30,24.0,$5.07,4.74,$0.60,39.99,$-3.33,0.0,$-3.40,0.0,$0.24B,$0.01B,18.13,$0.00B,$0.21B,0.01,$0.02B,$0.02B,100.00%,$0.02B,$-0.12B,-610.00%,$0.02B,$-0.12B,-610.00%,$0.02B,$-0.12B,-605.00%,$0.02B,$-0.12B,-610.00%,$0.02B,$-0.12B,-610.00%,$-0.12B,$0.21B,-64.21%,$-0.12B,$0.21B,-64.21%,$-0.12B,$0.25B,-53.16%,$-0.12B,$0.21B,-63.96%,$1,$0,$1,$21,$6,$27,$-26,$0,$-26,$0,$-26,$-26,$-26,$-25,$-26,$41,41,$-0.63,$-0.63,$237,$0,$0,$239,$5,$0,$0,$1,$6,$245,$13,$1,$0,$23,$36,$0,$-198,$0,$209,$245,$-87,$1,$45,$46,$1,$0,$-5,$-1,$-2,$-44,$-0,$0,$-40,$0,$0,$0,$0,$-40,$-0,$0,$-0,$131,$131,$0,$-0,$131,$47,$5,$0
14,2015-03-31,18.78,$5.39,3.48,$0.87,21.62,$-2.14,0.0,$-3.17,0.0,$0.25B,$0.01B,20.83,$0.00B,$0.22B,0.01,$0.03B,$0.03B,100.00%,$0.03B,$-0.11B,-389.29%,$0.03B,$-0.11B,-389.29%,$0.03B,$-0.11B,-389.29%,$0.03B,$-0.11B,-389.29%,$0.03B,$-0.11B,-389.29%,$-0.11B,$0.22B,-58.84%,$-0.11B,$0.22B,-58.84%,$-0.11B,$0.25B,-47.86%,$-0.11B,$0.22B,-58.68%,$1,$0,$1,$57,$5,$62,$-61,$0,$-61,$0,$-61,$-61,$-61,$-61,$-61,$35,35,$-1.75,$-1.75,$245,$0,$0,$247,$5,$0,$0,$1,$6,$253,$12,$1,$0,$23,$35,$0,$-172,$0,$218,$253,$-61,$0,$42,$43,$2,$0,$-3,$-1,$-4,$-23,$-0,$0,$-40,$0,$0,$0,$0,$-40,$-0,$0,$-0,$117,$117,$0,$-0,$117,$54,$2,$0
15,2014-12-31,18.87,$4.66,4.05,$1.28,14.8,$-1.11,0.0,$-1.64,0.0,$0.20B,$0.02B,11.44,$0.00B,$0.16B,0.0,$0.04B,$0.04B,100.00%,$0.04B,$-0.06B,-137.50%,$0.04B,$-0.06B,-137.50%,$0.04B,$-0.06B,-137.50%,$0.04B,$-0.06B,-137.50%,$0.04B,$-0.06B,-137.50%,$-0.06B,$0.16B,-30.39%,$-0.06B,$0.16B,-30.39%,$-0.06B,$0.20B,-24.20%,$-0.06B,$0.16B,-30.39%,$10,$0,$10,$21,$5,$25,$-15,$0,$-15,$-0,$-15,$-15,$-15,$-15,$-15,$33,33,$-0.47,$-0.47,$190,$0,$0,$195,$4,$0,$0,$1,$4,$199,$17,$0,$0,$22,$39,$0,$-111,$0,$160,$199,$-55,$1,$7,$8,$32,$0,$4,$-24,$12,$-35,$-2,$0,$0,$0,$0,$0,$0,$-2,$0,$0,$0,$104,$104,$0,$-0,$104,$67,$7,$0
16,2014-09-30,27.11,$5.07,5.35,$3.09,8.77,$-3.16,0.0,$-0.68,0.0,$0.22B,$0.02B,9.13,$0.00B,$0.17B,0.0,$0.07B,$0.07B,100.00%,$0.07B,$-0.02B,-36.36%,$0.07B,$-0.02B,-36.36%,$0.07B,$-0.02B,-36.36%,$0.07B,$-0.02B,-36.36%,$0.07B,$-0.02B,-36.36%,$-0.02B,$0.17B,-14.37%,$-0.02B,$0.17B,-14.37%,$-0.02B,$0.22B,-11.00%,$-0.02B,$0.17B,-14.37%,$8,$0,$8,$22,$6,$28,$-20,$0,$-20,$0,$-20,$-20,$-20,$-20,$-20,$34,34,$-0.58,$-0.58,$212,$0,$0,$217,$3,$0,$0,$1,$4,$221,$24,$0,$0,$24,$48,$0,$-96,$0,$173,$221,$-40,$1,$5,$5,$32,$0,$1,$-14,$20,$-14,$-1,$0,$0,$0,$0,$0,$0,$-1,$0,$0,$0,$104,$104,$0,$-0,$104,$88,$5,$0
17,2014-06-30,31.12,$5.68,5.48,$3.15,9.89,$-4.05,0.0,$-0.44,0.0,$0.24B,$0.02B,9.87,$0.00B,$0.19B,0.0,$0.07B,$0.07B,100.00%,$0.07B,$-0.01B,-21.21%,$0.07B,$-0.01B,-21.21%,$0.07B,$-0.01B,-21.21%,$0.07B,$-0.01B,-21.21%,$0.07B,$-0.01B,-21.21%,$-0.01B,$0.19B,-9.62%,$-0.01B,$0.19B,-9.62%,$-0.01B,$0.24B,-7.01%,$-0.01B,$0.19B,-9.62%,$9,$0,$9,$17,$5,$23,$-13,$0,$-13,$0,$-13,$-13,$-13,$-13,$-13,$33,33,$-0.40,$-0.40,$230,$0,$0,$235,$3,$0,$0,$1,$4,$238,$24,$0,$0,$25,$49,$0,$-76,$0,$190,$238,$-20,$0,$3,$3,$31,$0,$-0,$-9,$21,$5,$-1,$0,$0,$0,$0,$0,$0,$-1,$0,$0,$0,$103,$103,$0,$-0,$102,$106,$3,$0
18,2014-03-31,22.77,$6.10,3.73,$4.48,5.08,$-7.43,0.0,$-0.29,0.0,$0.25B,$0.03B,10.02,$0.00B,$0.20B,0.0,$0.07B,$0.07B,100.00%,$0.07B,$-0.00B,-4.17%,$0.07B,$-0.00B,-4.17%,$0.07B,$-0.00B,-4.17%,$0.07B,$-0.00B,-4.17%,$0.07B,$-0.00B,-4.17%,$-0.00B,$0.20B,-2.46%,$-0.00B,$0.20B,-2.46%,$-0.00B,$0.25B,-1.66%,$-0.00B,$0.20B,-2.46%,$13,$0,$13,$15,$5,$20,$-7,$0,$-7,$0,$-7,$-7,$-7,$-7,$-7,$31,31,$-0.22,$-0.22,$237,$0,$0,$247,$3,$0,$0,$1,$4,$251,$25,$0,$0,$26,$50,$0,$-63,$0,$201,$251,$-7,$0,$1,$2,$26,$0,$-1,$-5,$17,$12,$-0,$0,$0,$0,$0,$0,$0,$-0,$0,$0,$0,$102,$102,$0,$-0,$102,$113,$1,$0
