,Date,Stock Price,Book Value per Share,Price to Book Ratio,TTM Sales per Share,Price to Sales Ratio,TTM FCF per Share,Price to FCF Ratio,TTM Net EPS,PE Ratio,Current Assets,Current Liabilities,Current Ratio,Long Term Debt,Shareholder's Equity_x,Debt to Equity Ratio,TTM Revenue_x,TTM Gross Profit,Gross Margin,TTM Revenue_y,TTM Operating Income,Operating Margin,TTM Revenue_x,TTM EBIT,EBIT Margin,TTM Revenue_y,TTM EBITDA,EBITDA Margin,TTM Revenue_x,TTM Pre-Tax Income,Pre-Tax Margin,TTM Revenue_y,TTM Net Income_x,Net Margin,TTM Net Income_y,Shareholder's Equity_y,Return on Equity,TTM Net Income_x,Tangible Equity,Return on Tangible Equity,TTM Net Income_y,Total Assets,Return on Assets,TTM Net Income,LT Investments & Debt,Return on Investment,revenue,cost-goods-sold,gross-profit,research-development-expenses,selling-general-administrative-expenses,operating-expenses,operating-income,total-non-operating-income-expense,pre-tax-income,total-provision-income-taxes,income-after-taxes,income-from-continuous-operations,net-income,ebitda,ebit,basic-shares-outstanding,shares-outstanding,eps-basic-net-earnings-per-share,eps-earnings-per-share-diluted,cash-on-hand,inventory,other-current-assets,total-current-assets,net-property-plant-equipment,long-term-investments,goodwill-intangible-assets-total,other-long-term-assets,total-long-term-assets,total-assets,total-current-liabilities,long-term-debt,other-non-current-liabilities,total-long-term-liabilities,total-liabilities,common-stock-net,retained-earnings-accumulated-deficit,comprehensive-income,total-share-holder-equity,total-liabilities-share-holders-equity,net-income-loss,total-depreciation-amortization-cash-flow,other-non-cash-items,total-non-cash-items,change-in-accounts-receivable,change-in-inventories,change-in-accounts-payable,change-in-assets-liabilities,total-change-in-assets-liabilities,cash-flow-from-operating-activities,net-change-in-property-plant-equipment,net-change-in-intangible-assets,net-acquisitions-divestitures,net-change-in-short-term-investments,net-change-in-long-term-investments,net-change-in-investments-total,investing-activities-other,cash-flow-from-investing-activities,net-long-term-debt,net-current-debt,debt-issuance-retirement-net-total,net-common-equity-issued-repurchased,net-total-equity-issued-repurchased,total-common-preferred-stock-dividends-paid,financial-activities-other,cash-flow-from-financial-activities,net-cash-flow,stock-based-compensation,common-stock-dividends-paid
0,2018-09-30,39.26,$28.07,1.4,$11.02,3.56,$1.68,23.44,$1.97,19.93,$2.68B,$2.86B,0.93,$0.61B,$0.44B,1.38,$0.16B,$0.14B,82.82%,$0.16B,$0.05B,31.29%,$0.16B,0,0.00%,$0.16B,0,0.00%,$0.16B,$0.04B,24.54%,$0.16B,$0.03B,18.40%,$0.03B,$0.44B,7.36%,$0.03B,$0.29B,10.88%,$0.03B,$3.93B,0.86%,$0.05B,$1.05B,5.72%,$48,$10,$38,$0,$23,$34,$14,$-1,$13,$3,$10,$10,$10,$0,$0,$16,16,$0.65,$0.64,$68,$0,$0,$2675,$80,$925,$154,$97,$1256,$3931,$2864,$610,$2,$611,$3488,$0,$91,$-7,$443,$3931,$26,$6,$-2,$4,$-29,$0,$1,$0,$-28,$2,$-6,$0,$20,$1,$-38,$-37,$-129,$-152,$227,$6,$233,$0,$0,$0,$-73,$159,$9,$2,$0
1,2018-06-30,41.48,$27.46,1.51,$10.31,4.02,$2.89,14.36,$1.74,23.84,$2.51B,$2.68B,0.94,$0.59B,$0.43B,1.36,$0.14B,$0.12B,84.03%,$0.14B,$0.05B,31.25%,$0.14B,0,0.00%,$0.14B,0,0.00%,$0.14B,$0.03B,23.61%,$0.14B,$0.03B,17.36%,$0.03B,$0.43B,6.76%,$0.03B,$0.29B,9.65%,$0.03B,$3.71B,0.80%,$0.05B,$1.02B,5.98%,$43,$8,$36,$0,$21,$29,$14,$-5,$9,$2,$7,$7,$7,$0,$0,$15,16,$0.45,$0.44,$55,$0,$0,$2514,$73,$882,$145,$97,$1198,$3712,$2676,$590,$2,$592,$3279,$0,$81,$-6,$433,$3712,$16,$4,$-2,$2,$-27,$0,$-1,$-0,$-28,$-11,$-1,$0,$11,$1,$-39,$-38,$-62,$-90,$225,$4,$229,$0,$0,$0,$-133,$96,$-5,$1,$0
2,2018-03-31,39.16,$26.11,1.5,$9.87,3.97,$4.51,8.69,$1.81,21.64,$2.19B,$2.41B,0.91,$0.37B,$0.38B,0.98,$0.13B,$0.11B,84.62%,$0.13B,$0.04B,31.54%,$0.13B,0,0.00%,$0.13B,0,0.00%,$0.13B,$0.03B,26.15%,$0.13B,$0.02B,18.46%,$0.02B,$0.38B,7.20%,$0.02B,$0.27B,9.96%,$0.02B,$3.18B,0.86%,$0.04B,$0.75B,6.44%,$38,$6,$32,$0,$20,$27,$12,$-1,$11,$3,$9,$9,$9,$0,$0,$15,15,$0.60,$0.58,$47,$0,$0,$2186,$63,$722,$114,$91,$990,$3176,$2410,$372,$2,$374,$2795,$0,$74,$-5,$381,$3176,$9,$2,$-0,$1,$5,$0,$-1,$1,$5,$15,$0,$0,$-0,$0,$-3,$-3,$-20,$-23,$8,$5,$13,$0,$0,$0,$-14,$-1,$-9,$1,$0
3,2017-12-31,35.41,$25.62,1.38,$9.49,3.73,$3.91,9.06,$1.63,21.72,$2.18B,$2.42B,0.9,$0.36B,$0.37B,0.97,$0.12B,$0.10B,84.87%,$0.12B,$0.04B,31.09%,$0.12B,0,0.00%,$0.12B,0,0.00%,$0.12B,$0.03B,25.21%,$0.12B,$0.02B,16.81%,$0.02B,$0.37B,6.50%,$0.02B,$0.26B,8.84%,$0.02B,$3.17B,0.77%,$0.04B,$0.74B,6.32%,$34,$5,$29,$0,$18,$23,$11,$-3,$7,$3,$4,$4,$4,$0,$0,$12,13,$0.31,$0.30,$56,$0,$0,$2179,$63,$722,$116,$90,$991,$3171,$2420,$364,$2,$366,$2796,$0,$66,$-3,$374,$3171,$21,$6,$-0,$6,$1,$0,$0,$-1,$0,$27,$-7,$0,$-3,$1,$-79,$-78,$-135,$-222,$80,$8,$88,$1,$1,$0,$123,$212,$17,$1,$0
4,2017-09-30,35.58,$23.86,1.49,$9.24,3.85,$3.78,9.41,$1.36,26.16,$1.58B,$1.90B,0.83,$0.20B,$0.29B,0.7,$0.11B,$0.09B,84.91%,$0.11B,$0.03B,30.19%,$0.11B,0,0.00%,$0.11B,0,0.00%,$0.11B,$0.02B,22.64%,$0.11B,$0.02B,15.09%,$0.02B,$0.29B,5.74%,$0.02B,$0.22B,7.61%,$0.02B,$2.41B,0.68%,$0.03B,$0.50B,6.00%,$29,$4,$24,$0,$16,$20,$8,$-1,$7,$2,$5,$5,$5,$0,$0,$12,12,$0.42,$0.41,$31,$0,$0,$1578,$56,$627,$70,$75,$827,$2405,$1900,$204,$2,$206,$2114,$0,$61,$-2,$292,$2405,$16,$5,$-2,$2,$0,$0,$0,$-2,$-2,$17,$-4,$0,$-7,$1,$-45,$-44,$-23,$-79,$-69,$11,$-59,$1,$1,$0,$112,$54,$-8,$1,$0
5,2017-06-30,30.64,$23.43,1.31,$8.95,3.42,$4.17,7.34,$1.27,24.13,$1.56B,$1.84B,0.85,$0.27B,$0.29B,0.95,$0.09B,$0.08B,86.17%,$0.09B,$0.03B,29.79%,$0.09B,0,0.00%,$0.09B,0,0.00%,$0.09B,$0.02B,22.34%,$0.09B,$0.01B,14.89%,$0.01B,$0.29B,5.69%,$0.01B,$0.22B,7.36%,$0.01B,$2.41B,0.65%,$0.03B,$0.56B,5.67%,$29,$4,$25,$0,$15,$20,$10,$-0,$9,$3,$6,$6,$6,$0,$0,$12,12,$0.52,$0.51,$28,$0,$0,$1563,$55,$644,$70,$76,$846,$2409,$1841,$271,$2,$273,$2123,$0,$56,$-2,$286,$2409,$11,$3,$-2,$1,$2,$0,$1,$-1,$2,$14,$-3,$0,$-7,$0,$-62,$-62,$-16,$-87,$-2,$0,$-2,$1,$1,$0,$63,$63,$-11,$1,$0
6,2017-03-31,31.77,$22.88,1.39,$8.64,3.68,$4.07,7.8,$1.10,28.88,$1.57B,$1.84B,0.85,$0.27B,$0.28B,0.97,$0.08B,$0.07B,86.59%,$0.08B,$0.02B,26.83%,$0.08B,0,0.00%,$0.08B,0,0.00%,$0.08B,$0.02B,19.51%,$0.08B,$0.01B,13.41%,$0.01B,$0.28B,5.14%,$0.01B,$0.21B,6.43%,$0.01B,$2.40B,0.57%,$0.02B,$0.55B,5.07%,$27,$3,$23,$0,$15,$19,$8,$-1,$7,$2,$5,$5,$5,$0,$0,$12,12,$0.41,$0.40,$40,$0,$0,$1565,$54,$638,$70,$73,$835,$2399,$1839,$271,$2,$273,$2120,$0,$49,$-2,$279,$2399,$5,$2,$-1,$1,$1,$0,$0,$-1,$1,$7,$-1,$0,$-7,$0,$-55,$-55,$-3,$-67,$-2,$-3,$-5,$1,$1,$0,$65,$61,$0,$0,$0
7,2016-12-31,33.64,$22.09,1.52,$8.55,3.93,$4.16,8.09,$1.11,30.31,$1.43B,$1.65B,0.87,$0.27B,$0.26B,1.06,$0.07B,$0.06B,86.30%,$0.07B,$0.02B,26.03%,$0.07B,0,0.00%,$0.07B,0,0.00%,$0.07B,$0.01B,19.18%,$0.07B,$0.01B,12.33%,$0.01B,$0.26B,4.92%,$0.01B,$0.19B,5.89%,$0.01B,$2.19B,0.53%,$0.02B,$0.53B,5.24%,$21,$3,$18,$0,$12,$15,$6,$-5,$1,$1,$0,$0,$0,$0,$0,$9,9,$0.00,$0.00,$39,$0,$0,$1428,$51,$578,$64,$72,$764,$2192,$1651,$273,$3,$276,$1934,$0,$44,$-3,$258,$2192,$9,$5,$2,$7,$-2,$0,$0,$1,$-1,$16,$-3,$0,$-3,$1,$-51,$-50,$-85,$-141,$62,$-4,$58,$24,$7,$-0,$39,$103,$-22,$1,$0
8,2016-09-30,25.94,$19.62,1.32,$8.85,2.93,$3.88,6.68,$1.41,18.4,$0.99B,$1.20B,0.82,$0.18B,$0.16B,1.11,$0.07B,$0.06B,87.14%,$0.07B,$0.02B,24.29%,$0.07B,0,0.00%,$0.07B,0,0.00%,$0.07B,$0.02B,22.86%,$0.07B,$0.01B,17.14%,$0.01B,$0.16B,7.49%,$0.01B,$0.14B,8.50%,$0.01B,$1.56B,0.77%,$0.02B,$0.34B,5.40%,$17,$2,$15,$0,$11,$13,$4,$-0,$4,$1,$3,$3,$3,$0,$0,$8,8,$0.32,$0.32,$27,$0,$0,$985,$40,$464,$19,$49,$572,$1557,$1203,$178,$3,$181,$1396,$0,$44,$-1,$161,$1557,$9,$4,$0,$4,$0,$0,$0,$0,$1,$13,$-2,$0,$0,$0,$-6,$-5,$4,$-3,$5,$5,$9,$0,$-16,$-0,$-38,$-45,$-35,$0,$0
