,Date,Stock Price,Book Value per Share,Price to Book Ratio,TTM Sales per Share,Price to Sales Ratio,TTM FCF per Share,Price to FCF Ratio,TTM Net EPS,PE Ratio,Current Assets,Current Liabilities,Current Ratio,Long Term Debt,Shareholder's Equity_x,Debt to Equity Ratio,TTM Revenue_x,TTM Gross Profit,Gross Margin,TTM Revenue_y,TTM Operating Income,Operating Margin,TTM Revenue_x,TTM EBIT,EBIT Margin,TTM Revenue_y,TTM EBITDA,EBITDA Margin,TTM Revenue_x,TTM Pre-Tax Income,Pre-Tax Margin,TTM Revenue_y,TTM Net Income_x,Net Margin,TTM Net Income_y,Shareholder's Equity_y,Return on Equity,TTM Net Income_x,Tangible Equity,Return on Tangible Equity,TTM Net Income_y,Total Assets,Return on Assets,TTM Net Income,LT Investments & Debt,Return on Investment,revenue,cost-goods-sold,gross-profit,research-development-expenses,selling-general-administrative-expenses,operating-expenses,operating-income,total-non-operating-income-expense,pre-tax-income,total-provision-income-taxes,income-after-taxes,income-from-continuous-operations,net-income,ebitda,ebit,basic-shares-outstanding,shares-outstanding,eps-basic-net-earnings-per-share,eps-earnings-per-share-diluted,cash-on-hand,inventory,other-current-assets,total-current-assets,net-property-plant-equipment,long-term-investments,goodwill-intangible-assets-total,other-long-term-assets,total-long-term-assets,total-assets,total-current-liabilities,long-term-debt,other-non-current-liabilities,total-long-term-liabilities,total-liabilities,common-stock-net,retained-earnings-accumulated-deficit,comprehensive-income,total-share-holder-equity,total-liabilities-share-holders-equity,net-income-loss,total-depreciation-amortization-cash-flow,other-non-cash-items,total-non-cash-items,change-in-accounts-receivable,change-in-inventories,change-in-accounts-payable,change-in-assets-liabilities,total-change-in-assets-liabilities,cash-flow-from-operating-activities,net-change-in-property-plant-equipment,net-change-in-intangible-assets,net-acquisitions-divestitures,net-change-in-short-term-investments,net-change-in-long-term-investments,net-change-in-investments-total,investing-activities-other,cash-flow-from-investing-activities,net-long-term-debt,net-current-debt,debt-issuance-retirement-net-total,net-common-equity-issued-repurchased,net-total-equity-issued-repurchased,total-common-preferred-stock-dividends-paid,financial-activities-other,cash-flow-from-financial-activities,net-cash-flow,stock-based-compensation,common-stock-dividends-paid
0,2018-09-30,432.89,$89.07,4.86,$62.56,6.92,$-5.06,0.0,$4.01,107.95,$1.81B,$1.46B,1.24,$11.03B,$7.16B,1.54,$4.96B,$2.41B,48.51%,$4.96B,$0.94B,18.92%,$4.96B,$0.94B,18.92%,$4.96B,$2.17B,43.69%,$4.96B,$0.39B,7.88%,$4.96B,$0.32B,6.47%,$0.32B,$7.16B,4.57%,$0.32B,$-0.08B,-1167.27%,$0.32B,$20.29B,1.63%,$0.94B,$18.19B,5.28%,$1284,$660,$623,$0,$365,$1018,$266,$-122,$143,$19,$125,$125,$125,$575,$266,$80,80,$1.56,$1.55,$886,$0,$259,$1807,$10683,$0,$7236,$562,$18481,$20288,$1461,$11033,$634,$11667,$13128,$0,$-2366,$-922,$7160,$20288,$255,$931,$191,$1122,$-85,$0,$0,$-8,$-121,$1257,$-1540,$0,$-829,$0,$19,$19,$0,$-2350,$835,$0,$835,$324,$324,$-555,$-33,$572,$-552,$140,$-555
1,2018-06-30,427.64,$87.09,4.91,$61.21,6.99,$-1.77,0.0,$3.48,122.88,$1.85B,$1.43B,1.29,$11.08B,$6.93B,1.6,$4.83B,$2.35B,48.74%,$4.83B,$0.90B,18.59%,$4.83B,$0.90B,18.59%,$4.83B,$2.10B,43.50%,$4.83B,$0.33B,6.83%,$4.83B,$0.28B,5.71%,$0.28B,$6.93B,4.02%,$0.28B,$-0.39B,-2083.02%,$0.28B,$20.07B,1.43%,$0.90B,$18.00B,5.18%,$1262,$652,$610,$0,$365,$1047,$215,$-141,$74,$6,$68,$68,$68,$526,$215,$79,80,$0.85,$0.85,$985,$0,$250,$1851,$10379,$4,$7310,$526,$18219,$20070,$1434,$11079,$633,$11712,$13146,$0,$-2305,$-878,$6925,$20070,$131,$622,$145,$767,$-38,$0,$0,$28,$-58,$840,$-912,$0,$-831,$0,$13,$13,$0,$-1730,$835,$0,$835,$33,$33,$-369,$-32,$468,$-448,$92,$-369
2,2018-03-31,413.49,$89.87,4.6,$58.97,7.01,$-1.79,0.0,$3.21,128.81,$2.94B,$1.25B,2.36,$10.95B,$7.14B,1.53,$4.63B,$2.29B,49.37%,$4.63B,$0.87B,18.73%,$4.63B,$0.87B,18.73%,$4.63B,$2.02B,43.57%,$4.63B,$0.31B,6.71%,$4.63B,$0.25B,5.48%,$0.25B,$7.14B,3.76%,$0.25B,$0.30B,408.03%,$0.25B,$19.94B,1.37%,$0.87B,$18.09B,5.18%,$1216,$622,$593,$0,$363,$990,$226,$-146,$80,$17,$63,$63,$63,$538,$226,$79,80,$0.79,$0.79,$2051,$0,$247,$2943,$9697,$12,$6842,$448,$16998,$19942,$1246,$10947,$608,$11555,$12801,$0,$-2189,$-718,$7141,$19942,$63,$312,$72,$383,$-71,$0,$0,$-24,$-145,$301,$-364,$0,$0,$29,$-29,$-0,$0,$-365,$867,$0,$867,$26,$26,$-187,$-32,$674,$618,$43,$-187
3,2017-12-31,445.6,$86.66,5.14,$56.64,7.87,$-1.32,0.0,$2.99,149.03,$2.25B,$1.24B,1.81,$9.94B,$6.85B,1.45,$4.37B,$2.18B,49.82%,$4.37B,$0.81B,18.52%,$4.37B,$0.81B,18.52%,$4.37B,$1.88B,42.97%,$4.37B,$0.29B,6.55%,$4.37B,$0.23B,5.33%,$0.23B,$6.85B,3.53%,$0.23B,$0.05B,34.47%,$0.23B,$18.69B,1.30%,$0.81B,$16.79B,5.03%,$1200,$620,$581,$0,$341,$968,$232,$-138,$94,$29,$65,$65,$65,$529,$232,$77,78,$0.84,$0.83,$1441,$0,$232,$2249,$9395,$9,$6797,$242,$16442,$18691,$1243,$9937,$662,$10599,$11842,$0,$-2340,$-785,$6850,$18691,$233,$1067,$236,$1303,$-162,$0,$0,$26,$-96,$1439,$-1426,$0,$-3963,$0,$-12,$-12,$0,$-5401,$2814,$0,$2814,$2523,$2523,$-621,$-108,$4608,$677,$176,$-621
4,2017-09-30,436.98,$83.62,5.23,$54.47,8.02,$8.81,49.61,$3.03,144.22,$2.44B,$1.16B,2.11,$9.88B,$6.54B,1.51,$4.11B,$2.07B,50.40%,$4.11B,$0.76B,18.51%,$4.11B,$0.76B,18.51%,$4.11B,$1.75B,42.52%,$4.11B,$0.28B,6.69%,$4.11B,$0.23B,5.59%,$0.23B,$6.54B,3.84%,$0.23B,$-0.02B,27.78%,$0.23B,$18.31B,1.40%,$0.76B,$16.42B,5.20%,$1152,$582,$570,$0,$343,$927,$225,$-143,$82,$2,$80,$80,$80,$508,$225,$78,79,$1.02,$1.02,$1630,$0,$217,$2444,$9006,$11,$6562,$286,$15865,$18309,$1157,$9881,$729,$10610,$11766,$0,$-2246,$-784,$6542,$18309,$168,$770,$182,$952,$-202,$0,$0,$35,$-176,$944,$-963,$0,$-3629,$0,$-25,$-25,$0,$-4617,$2886,$0,$2886,$2168,$2168,$-464,$-81,$4509,$863,$130,$-464
5,2017-06-30,418.34,$83.70,5.0,$52.70,7.94,$20.06,20.86,$2.73,153.24,$1.85B,$1.09B,1.7,$9.14B,$6.52B,1.4,$3.88B,$1.96B,50.36%,$3.88B,$0.71B,18.18%,$3.88B,$0.71B,18.18%,$3.88B,$1.63B,41.89%,$3.88B,$0.27B,6.82%,$3.88B,$0.20B,5.18%,$0.20B,$6.52B,3.65%,$0.20B,$-0.08B,19.94%,$0.20B,$17.47B,1.33%,$0.71B,$15.67B,5.32%,$1066,$522,$544,$0,$333,$882,$185,$-130,$55,$9,$46,$46,$46,$444,$185,$78,79,$0.59,$0.58,$1068,$0,$236,$1850,$8747,$6,$6608,$264,$15624,$17474,$1091,$9143,$716,$9859,$10950,$0,$-2167,$-811,$6524,$17474,$88,$488,$116,$603,$-152,$0,$0,$32,$-137,$554,$-627,$0,$-3630,$0,$3,$3,$0,$-4253,$2223,$0,$2223,$2146,$2146,$-304,$-53,$4012,$330,$84,$-304
6,2017-03-31,388.49,$83.66,4.64,$51.91,7.48,$20.00,19.43,$2.79,139.24,$5.57B,$1.02B,5.46,$9.00B,$6.52B,1.38,$3.72B,$1.86B,49.91%,$3.72B,$0.67B,18.10%,$3.72B,$0.67B,18.10%,$3.72B,$1.55B,41.73%,$3.72B,$0.26B,7.07%,$3.72B,$0.20B,5.38%,$0.20B,$6.52B,3.96%,$0.20B,$2.75B,16.52%,$0.20B,$17.19B,1.42%,$0.67B,$15.52B,5.55%,$950,$469,$481,$0,$310,$782,$167,$-112,$55,$13,$42,$42,$42,$396,$167,$73,73,$0.58,$0.57,$4938,$0,$206,$5574,$7606,$6,$3764,$235,$11611,$17185,$1020,$9001,$645,$9647,$10667,$0,$-2054,$-883,$6518,$17185,$42,$229,$52,$281,$-40,$0,$0,$50,$-75,$247,$-271,$0,$-36,$19,$-26,$-7,$0,$-314,$2272,$0,$2272,$2146,$2146,$-148,$-45,$4225,$4170,$38,$-148
7,2016-12-31,344.95,$61.14,5.64,$51.36,6.72,$19.05,18.11,$1.76,195.99,$1.47B,$1.03B,1.43,$6.59B,$4.37B,1.51,$3.61B,$1.79B,49.57%,$3.61B,$0.62B,17.13%,$3.61B,$0.62B,17.13%,$3.61B,$1.48B,40.82%,$3.61B,$0.16B,4.43%,$3.61B,$0.13B,3.52%,$0.13B,$4.37B,2.74%,$0.13B,$0.66B,18.79%,$0.13B,$12.61B,0.97%,$0.62B,$10.96B,5.59%,$943,$466,$477,$0,$292,$758,$184,$-101,$83,$19,$64,$64,$62,$400,$184,$70,71,$0.90,$0.89,$752,$0,$319,$1468,$7199,$10,$3705,$226,$11141,$12608,$1029,$6591,$623,$7214,$8243,$0,$-1951,$-949,$4366,$12608,$127,$856,$169,$1026,$-100,$0,$0,$-123,$-133,$1019,$-290,$0,$-1767,$0,$11,$11,$0,$-2046,$-409,$0,$-409,$34,$34,$-499,$-23,$-897,$-1945,$156,$-499
8,2016-09-30,345.85,$64.78,5.34,$50.54,6.84,$8.55,40.44,$1.08,320.23,$1.66B,$1.50B,1.11,$6.31B,$4.62B,1.37,$3.40B,$1.69B,49.76%,$3.40B,$0.57B,16.79%,$3.40B,$0.57B,16.79%,$3.40B,$1.36B,40.00%,$3.40B,$0.09B,2.53%,$3.40B,$0.08B,2.24%,$0.08B,$4.62B,1.80%,$0.08B,$0.70B,8.68%,$0.08B,$13.10B,0.61%,$0.57B,$10.94B,5.48%,$925,$470,$454,$0,$292,$755,$170,$-98,$72,$23,$49,$49,$51,$387,$170,$71,72,$0.73,$0.72,$1014,$0,$269,$1660,$7251,$15,$3922,$249,$11437,$13098,$1496,$6314,$664,$6978,$8474,$0,$-1886,$-714,$4624,$13098,$65,$641,$118,$759,$-73,$0,$0,$-22,$-105,$719,$73,$0,$-1767,$0,$10,$10,$0,$-1684,$-377,$0,$-377,$34,$34,$-374,$-22,$-739,$-1695,$116,$-374
9,2016-06-30,370.47,$66.20,5.6,$49.58,7.47,$-1.87,0.0,$1.07,346.23,$2.10B,$1.56B,1.34,$6.40B,$4.71B,1.36,$3.16B,$1.60B,50.57%,$3.16B,$0.54B,17.14%,$3.16B,$0.54B,17.14%,$3.16B,$1.25B,39.53%,$3.16B,$0.07B,2.12%,$3.16B,$0.07B,2.09%,$0.07B,$4.71B,1.92%,$0.07B,$0.73B,8.30%,$0.07B,$13.27B,0.59%,$0.54B,$11.10B,5.92%,$901,$457,$444,$0,$276,$749,$152,$-99,$53,$14,$39,$39,$45,$369,$152,$70,70,$0.64,$0.64,$490,$0,$1259,$2095,$6959,$8,$3979,$228,$11174,$13269,$1560,$6397,$607,$7004,$8564,$0,$-1810,$-644,$4705,$13269,$14,$424,$84,$508,$-42,$0,$0,$-61,$-138,$383,$-453,$0,$-1601,$0,$12,$12,$0,$-2042,$-317,$0,$-317,$18,$18,$-247,$-0,$-546,$-2222,$73,$-247
10,2016-03-31,314.39,$69.41,4.53,$48.35,6.5,$-0.26,0.0,$1.46,215.34,$2.17B,$1.58B,1.37,$6.50B,$4.82B,1.35,$2.93B,$1.51B,51.42%,$2.93B,$0.53B,18.07%,$2.93B,$0.53B,18.07%,$2.93B,$1.15B,39.32%,$2.93B,$0.08B,2.77%,$2.93B,$0.08B,2.73%,$0.08B,$4.82B,2.84%,$0.08B,$0.62B,9.10%,$0.08B,$13.50B,0.81%,$0.53B,$11.32B,6.57%,$844,$428,$416,$0,$272,$731,$113,$-161,$-48,$-11,$-37,$-37,$-31,$319,$113,$68,68,$-0.46,$-0.46,$650,$0,$1192,$2168,$6888,$4,$4205,$231,$11327,$13496,$1580,$6498,$598,$7097,$8677,$0,$-1731,$-417,$4819,$13496,$-31,$206,$36,$242,$-11,$0,$0,$-26,$-106,$105,$-191,$0,$-1601,$14,$-11,$3,$0,$-1789,$-268,$0,$-268,$16,$16,$-125,$-0,$-377,$-2071,$34,$-125
11,2015-12-31,285.8,$44.21,6.46,$47.20,6.05,$1.78,160.28,$2.10,136.09,$3.26B,$1.66B,1.97,$5.57B,$2.75B,2.03,$2.73B,$1.43B,52.60%,$2.73B,$0.57B,20.80%,$2.73B,$0.57B,20.80%,$2.73B,$1.11B,40.68%,$2.73B,$0.21B,7.78%,$2.73B,$0.19B,6.86%,$0.19B,$2.75B,8.70%,$0.19B,$1.46B,18.97%,$0.19B,$10.36B,2.23%,$0.57B,$8.31B,8.21%,$730,$352,$378,$0,$225,$595,$136,$-127,$9,$-2,$11,$11,$11,$285,$136,$58,58,$0.14,$0.13,$2721,$0,$246,$3259,$5606,$5,$1288,$199,$7097,$10357,$1656,$5565,$390,$5955,$7611,$0,$-1577,$-509,$2745,$10357,$188,$542,$154,$696,$-45,$0,$0,$56,$11,$895,$-906,$0,$-246,$0,$514,$514,$0,$-638,$1553,$0,$1553,$860,$860,$-521,$-18,$1873,$2090,$132,$-521
12,2015-09-30,246.97,$25.99,9.5,$46.90,5.27,$2.22,111.33,$-4.50,0.0,$1.24B,$1.46B,0.85,$4.40B,$1.49B,2.96,$2.63B,$1.38B,52.43%,$2.63B,$0.56B,21.22%,$2.63B,$0.56B,21.22%,$2.63B,$1.09B,41.31%,$2.63B,$0.15B,5.73%,$2.63B,$-0.18B,-6.80%,$-0.18B,$1.49B,-8.81%,$-0.18B,$0.38B,-19.86%,$-0.18B,$7.71B,-2.31%,$0.56B,$5.89B,8.55%,$687,$325,$361,$0,$207,$546,$141,$-88,$53,$12,$41,$41,$41,$277,$141,$57,58,$0.72,$0.71,$829,$0,$120,$1242,$5219,$4,$1107,$134,$6464,$7706,$1464,$4403,$350,$4753,$6217,$0,$-1481,$-488,$1489,$7706,$177,$393,$114,$507,$-42,$0,$0,$27,$-24,$660,$-626,$0,$-10,$0,$523,$523,$-493,$-606,$-60,$0,$-60,$30,$30,$-291,$1,$-320,$-275,$99,$-291
13,2015-06-30,227.94,$38.67,5.89,$46.23,4.93,$2.51,90.77,$-4.42,0.0,$1.33B,$0.82B,1.63,$4.47B,$2.20B,2.03,$2.57B,$1.34B,52.05%,$2.57B,$0.55B,21.54%,$2.57B,$0.55B,21.54%,$2.57B,$1.07B,41.68%,$2.57B,$0.17B,6.70%,$2.57B,$-0.18B,-6.90%,$-0.18B,$2.20B,-7.67%,$-0.18B,$1.06B,-15.26%,$-0.18B,$7.83B,-2.30%,$0.55B,$6.68B,8.27%,$666,$316,$350,$0,$201,$526,$139,$-72,$67,$7,$59,$59,$59,$270,$139,$57,57,$1.04,$1.03,$955,$0,$82,$1330,$5185,$4,$1139,$168,$6496,$7826,$818,$4474,$0,$4806,$5623,$0,$-782,$-423,$2203,$7826,$136,$257,$76,$332,$-42,$0,$0,$36,$-23,$445,$-410,$0,$-10,$0,$429,$429,$-508,$-498,$-42,$0,$-42,$17,$17,$-193,$0,$-218,$-275,$65,$-193
14,2015-03-31,207.65,$37.98,5.47,$46.37,4.48,$1.66,124.78,$-5.23,0.0,$1.44B,$0.67B,2.16,$4.59B,$2.16B,2.12,$2.51B,$1.30B,51.80%,$2.51B,$0.54B,21.51%,$2.51B,$0.54B,21.51%,$2.51B,$1.05B,41.70%,$2.51B,$0.11B,4.51%,$2.51B,$-0.23B,-8.98%,$-0.23B,$2.16B,-9.27%,$-0.23B,$1.04B,-17.89%,$-0.23B,$7.73B,-2.94%,$0.54B,$6.75B,8.10%,$643,$298,$345,$0,$192,$492,$151,$-69,$83,$6,$76,$76,$76,$277,$151,$57,57,$1.35,$1.34,$1059,$0,$103,$1440,$4991,$11,$1120,$166,$6288,$7728,$666,$4588,$312,$4900,$5566,$0,$-743,$-468,$2162,$7728,$76,$125,$36,$161,$-31,$0,$0,$9,$-5,$233,$-188,$0,$-10,$7,$-11,$-5,$4,$-200,$-19,$0,$-19,$16,$16,$-97,$0,$-99,$-74,$31,$-97
15,2014-12-31,200.73,$40.21,4.99,$46.00,4.36,$1.81,111.13,$-4.60,0.0,$1.49B,$0.64B,2.32,$4.56B,$2.27B,2.01,$2.44B,$1.25B,51.00%,$2.44B,$0.51B,20.88%,$2.44B,$0.51B,20.88%,$2.44B,$1.01B,41.34%,$2.44B,$0.09B,3.48%,$2.44B,$-0.26B,-10.64%,$-0.26B,$2.27B,-10.33%,$-0.26B,$1.12B,-19.68%,$-0.26B,$7.78B,-3.40%,$0.51B,$6.83B,7.67%,$638,$313,$325,$0,$195,$510,$128,$-180,$-52,$303,$-355,$-355,$-355,$264,$128,$52,52,$-6.82,$-6.78,$1143,$0,$85,$1491,$4998,$0,$1150,$143,$6291,$7782,$644,$4563,$305,$4868,$5512,$0,$-720,$-332,$2270,$7782,$-261,$500,$282,$783,$-102,$0,$0,$32,$167,$689,$-677,$0,$0,$786,$-546,$240,$2,$-436,$808,$0,$808,$-495,$-495,$-83,$-122,$107,$349,$118,$-83
16,2014-09-30,188.11,$48.72,3.86,$45.08,4.17,$0.73,258.25,$2.70,69.67,$0.86B,$0.67B,1.28,$3.91B,$2.60B,1.5,$2.37B,$1.22B,51.31%,$2.37B,$0.51B,21.39%,$2.37B,$0.51B,21.39%,$2.37B,$0.98B,41.52%,$2.37B,$0.18B,7.76%,$2.37B,$0.14B,5.91%,$0.14B,$2.60B,5.46%,$0.14B,$1.42B,10.38%,$0.14B,$7.46B,1.85%,$0.51B,$6.50B,7.71%,$620,$304,$316,$0,$182,$485,$135,$-62,$74,$31,$43,$43,$43,$259,$135,$53,55,$0.81,$0.79,$485,$0,$97,$858,$4983,$16,$1182,$423,$6604,$7462,$668,$3906,$290,$4196,$4864,$0,$59,$-237,$2598,$7462,$94,$365,$140,$505,$-104,$0,$0,$34,$-112,$487,$-439,$0,$0,$0,$621,$621,$1,$184,$-71,$0,$-71,$-496,$-496,$0,$-5,$-572,$92,$86,$0
17,2014-06-30,185.99,$50.44,3.69,$43.98,4.23,$-0.29,0.0,$2.63,70.72,$0.96B,$0.56B,1.69,$3.86B,$2.68B,1.44,$2.29B,$1.17B,51.20%,$2.29B,$0.49B,21.24%,$2.29B,$0.49B,21.24%,$2.29B,$0.96B,41.69%,$2.29B,$0.17B,7.20%,$2.29B,$0.14B,6.06%,$0.14B,$2.68B,5.50%,$0.14B,$1.46B,10.66%,$0.14B,$7.64B,1.84%,$0.49B,$6.55B,7.42%,$605,$293,$312,$0,$187,$480,$125,$-117,$8,$-2,$10,$10,$11,$245,$125,$51,52,$0.22,$0.22,$616,$0,$101,$955,$4924,$89,$1228,$444,$6685,$7640,$563,$3863,$303,$4393,$4957,$0,$16,$-78,$2683,$7640,$51,$241,$111,$352,$-54,$0,$0,$28,$-133,$271,$-283,$0,$0,$0,$472,$472,$1,$190,$-66,$0,$-66,$-240,$-240,$0,$-11,$-316,$146,$59,$0
18,2014-03-31,163.64,$50.52,3.24,$42.98,3.81,$0.55,300.26,$1.83,89.42,$1.09B,$0.60B,1.83,$4.21B,$2.52B,1.67,$2.22B,$1.12B,50.70%,$2.22B,$0.48B,21.56%,$2.22B,$0.48B,21.56%,$2.22B,$0.94B,42.49%,$2.22B,$0.12B,5.50%,$2.22B,$0.10B,4.60%,$0.10B,$2.52B,4.19%,$0.10B,$1.29B,8.37%,$0.10B,$7.73B,1.37%,$0.48B,$6.72B,7.40%,$580,$288,$293,$0,$171,$458,$122,$-67,$55,$14,$41,$41,$41,$242,$122,$50,53,$0.83,$0.81,$818,$0,$55,$1086,$4766,$224,$1224,$430,$6645,$7731,$595,$4207,$284,$4618,$5214,$0,$5,$-100,$2517,$7731,$41,$120,$20,$140,$-29,$0,$0,$26,$-10,$172,$-123,$0,$0,$0,$222,$222,$-0,$99,$-15,$0,$-15,$-33,$-33,$0,$10,$-37,$233,$25,$0
19,2013-12-31,157.1,$49.59,3.17,$41.76,3.76,$-0.21,0.0,$1.73,90.81,$0.89B,$0.55B,1.63,$4.09B,$2.46B,1.66,$2.15B,$1.09B,50.58%,$2.15B,$0.46B,21.41%,$2.15B,$0.46B,21.41%,$2.15B,$0.92B,42.64%,$2.15B,$0.11B,5.20%,$2.15B,$0.09B,4.37%,$0.09B,$2.46B,3.93%,$0.09B,$1.23B,7.98%,$0.09B,$7.49B,1.27%,$0.46B,$6.55B,7.33%,$565,$270,$295,$0,$166,$440,$125,$-78,$47,$2,$45,$45,$45,$238,$125,$49,50,$0.91,$0.93,$632,$0,$72,$889,$4592,$398,$1226,$387,$6604,$7492,$547,$4088,$275,$4487,$5033,$0,$-36,$-114,$2459,$7492,$96,$456,$197,$653,$-28,$0,$0,$-16,$-144,$605,$-647,$0,$-49,$276,$-755,$-479,$6,$-1169,$685,$0,$685,$-17,$-17,$0,$-94,$575,$10,$103,$0
20,2013-09-30,162.59,$49.28,3.3,$40.19,4.05,$-2.41,0.0,$1.73,93.98,$1.01B,$0.58B,1.73,$3.99B,$2.45B,1.63,$2.09B,$1.05B,50.00%,$2.09B,$0.43B,20.72%,$2.09B,$0.43B,20.72%,$2.09B,$0.89B,42.39%,$2.09B,$0.11B,5.36%,$2.09B,$0.09B,4.35%,$0.09B,$2.45B,3.86%,$0.09B,$1.23B,8.00%,$0.09B,$7.39B,1.29%,$0.43B,$6.44B,7.25%,$543,$269,$274,$0,$158,$428,$115,$-60,$55,$12,$43,$43,$42,$231,$115,$50,54,$0.86,$0.83,$746,$0,$59,$1005,$4381,$442,$1219,$343,$6384,$7389,$582,$3989,$263,$4354,$4936,$0,$-82,$-122,$2453,$7389,$51,$344,$147,$490,$-40,$0,$0,$-9,$-103,$438,$-445,$0,$1,$0,$-498,$-498,$6,$-936,$697,$0,$697,$28,$28,$0,$-80,$646,$148,$75,$0
21,2013-06-30,163.53,$46.78,3.5,$39.26,4.17,$-4.66,0.0,$1.59,102.85,$1.10B,$0.61B,1.81,$3.82B,$2.31B,1.65,$2.03B,$1.01B,49.46%,$2.03B,$0.41B,20.23%,$2.03B,$0.41B,20.23%,$2.03B,$0.86B,42.32%,$2.03B,$0.10B,4.72%,$2.03B,$0.08B,3.74%,$0.08B,$2.31B,3.30%,$0.08B,$1.12B,7.06%,$0.08B,$7.08B,1.13%,$0.41B,$6.13B,7.29%,$529,$267,$262,$0,$148,$413,$116,$-151,$-35,$-10,$-25,$-25,$-26,$231,$116,$49,49,$-0.52,$-0.52,$841,$0,$55,$1098,$4103,$376,$1197,$304,$5980,$7078,$608,$3816,$246,$4158,$4766,$0,$-103,$-200,$2312,$7078,$8,$228,$124,$352,$-44,$0,$0,$-10,$-128,$231,$-201,$0,$0,$0,$-409,$-409,$5,$-605,$710,$0,$710,$16,$16,$0,$-79,$647,$265,$48,$0
22,2013-03-31,191.5,$47.47,4.03,$37.28,5.14,$-5.67,0.0,$2.90,66.03,$2.01B,$1.27B,1.59,$3.71B,$2.34B,1.58,$1.96B,$0.98B,49.74%,$1.96B,$0.40B,20.26%,$1.96B,$0.40B,20.26%,$1.96B,$0.83B,42.45%,$1.96B,$0.19B,9.44%,$1.96B,$0.14B,7.04%,$0.14B,$2.34B,6.16%,$0.14B,$1.13B,12.97%,$0.14B,$7.61B,2.17%,$0.40B,$6.05B,7.45%,$516,$259,$258,$0,$149,$411,$105,$-60,$45,$11,$33,$33,$33,$218,$105,$49,53,$0.67,$0.65,$1762,$0,$59,$2006,$3890,$294,$1211,$212,$5607,$7613,$1266,$3710,$198,$4005,$5271,$0,$-75,$-174,$2342,$7613,$33,$113,$9,$122,$-25,$0,$0,$-16,$-71,$84,$-76,$0,$0,$37,$-270,$-233,$-834,$-1143,$1482,$0,$1482,$14,$14,$0,$-0,$1497,$433,$24,$0
23,2012-12-31,182.55,$47.43,3.85,$36.31,5.03,$-6.21,0.0,$2.90,62.95,$0.64B,$0.55B,1.17,$2.94B,$2.31B,1.27,$1.89B,$0.94B,49.97%,$1.89B,$0.39B,20.83%,$1.89B,$0.39B,20.83%,$1.89B,$0.82B,43.24%,$1.89B,$0.19B,9.96%,$1.89B,$0.14B,7.42%,$0.14B,$2.31B,6.46%,$0.14B,$1.07B,13.46%,$0.14B,$6.14B,2.36%,$0.39B,$5.26B,7.83%,$502,$251,$251,$0,$142,$405,$97,$-50,$47,$15,$32,$32,$42,$206,$97,$48,52,$0.86,$0.85,$419,$0,$58,$640,$3916,$128,$1244,$208,$5496,$6136,$549,$2943,$246,$3273,$3822,$0,$-131,$-101,$2313,$6136,$143,$422,$25,$447,$-27,$0,$0,$11,$42,$632,$-789,$0,$-233,$0,$499,$499,$80,$-443,$-329,$0,$-329,$43,$43,$0,$63,$-223,$-27,$83,$0
24,2012-09-30,182.42,$45.94,3.97,$34.96,5.22,$-5.81,0.0,$2.37,76.97,$0.73B,$0.61B,1.18,$2.89B,$2.23B,1.3,$1.78B,$0.89B,50.00%,$1.78B,$0.38B,21.19%,$1.78B,$0.38B,21.19%,$1.78B,$0.79B,44.51%,$1.78B,$0.17B,9.53%,$1.78B,$0.12B,6.56%,$0.12B,$2.23B,5.63%,$0.12B,$0.99B,11.62%,$0.12B,$5.99B,2.00%,$0.38B,$5.13B,7.75%,$485,$251,$234,$0,$137,$392,$93,$-54,$39,$12,$27,$27,$27,$205,$93,$48,53,$0.56,$0.54,$404,$0,$139,$725,$3791,$115,$1244,$115,$5266,$5991,$612,$2892,$174,$3145,$3757,$0,$-155,$-114,$2234,$5991,$97,$313,$24,$337,$-47,$0,$0,$13,$-5,$428,$-554,$0,$-278,$0,$514,$514,$79,$-239,$-316,$0,$-316,$37,$37,$0,$44,$-235,$-39,$61,$0
25,2012-06-30,155.5,$42.91,3.62,$34.27,4.54,$-5.91,0.0,$1.99,78.14,$1.01B,$0.49B,2.06,$2.81B,$2.07B,1.36,$1.71B,$0.85B,49.56%,$1.71B,$0.36B,21.21%,$1.71B,$0.36B,21.21%,$1.71B,$0.77B,44.82%,$1.71B,$0.16B,9.14%,$1.71B,$0.11B,6.44%,$0.11B,$2.07B,5.43%,$0.11B,$1.07B,10.89%,$0.11B,$5.73B,1.90%,$0.36B,$4.88B,7.56%,$457,$225,$232,$0,$128,$355,$102,$-48,$54,$17,$37,$37,$36,$203,$102,$48,52,$0.76,$0.73,$770,$0,$70,$1010,$3526,$53,$1001,$134,$4715,$5725,$491,$2808,$282,$3166,$3657,$0,$-184,$-156,$2068,$5725,$72,$201,$46,$247,$-35,$0,$0,$22,$1,$321,$-342,$0,$0,$0,$626,$626,$79,$363,$-324,$0,$-324,$23,$23,$0,$-8,$-309,$375,$40,$0
26,2012-03-31,139.39,$43.46,3.21,$33.33,4.18,$-8.07,0.0,$1.90,73.36,$1.17B,$0.72B,1.64,$2.75B,$2.06B,1.33,$1.65B,$0.79B,48.21%,$1.65B,$0.34B,20.36%,$1.65B,$0.34B,20.36%,$1.65B,$0.73B,44.38%,$1.65B,$0.14B,8.57%,$1.65B,$0.11B,6.38%,$0.11B,$2.06B,5.18%,$0.11B,$1.04B,10.56%,$0.11B,$5.88B,1.88%,$0.34B,$4.81B,7.32%,$443,$217,$226,$0,$125,$342,$101,$-52,$48,$14,$35,$35,$35,$202,$101,$47,51,$0.74,$0.71,$917,$0,$99,$1174,$3387,$166,$1025,$131,$4710,$5884,$718,$2746,$291,$3106,$3824,$0,$-221,$-110,$2060,$5884,$35,$101,$23,$124,$-20,$0,$0,$36,$-33,$126,$-145,$0,$0,$0,$346,$346,$69,$269,$-61,$0,$-61,$17,$17,$0,$0,$-44,$354,$19,$0
27,2011-12-31,89.77,$41.83,2.15,$32.34,2.78,$-9.22,0.0,$1.72,52.19,$1.24B,$0.73B,1.7,$2.75B,$1.95B,1.41,$1.57B,$0.74B,46.96%,$1.57B,$0.31B,19.49%,$1.57B,$0.31B,19.49%,$1.57B,$0.69B,43.77%,$1.57B,$0.13B,8.24%,$1.57B,$0.10B,6.07%,$0.10B,$1.95B,4.73%,$0.10B,$0.94B,9.52%,$0.10B,$5.79B,1.80%,$0.31B,$4.71B,6.94%,$399,$199,$200,$0,$116,$317,$82,$-53,$29,$13,$16,$16,$19,$184,$82,$47,48,$0.37,$0.37,$915,$0,$182,$1236,$3226,$162,$1015,$147,$4550,$5785,$725,$2754,$286,$3108,$3833,$0,$-255,$-144,$1952,$5785,$93,$380,$90,$470,$-23,$0,$0,$-17,$24,$587,$-713,$0,$-42,$0,$-647,$-647,$-97,$-1499,$812,$0,$812,$-48,$-48,$0,$-16,$749,$-164,$72,$0
28,2011-09-30,78.64,$42.70,1.84,$31.16,2.52,$-11.08,0.0,$1.66,47.37,$1.33B,$0.66B,2.03,$2.73B,$2.03B,1.35,$1.49B,$0.69B,46.07%,$1.49B,$0.28B,18.56%,$1.49B,$0.28B,18.56%,$1.49B,$0.64B,42.91%,$1.49B,$0.11B,7.40%,$1.49B,$0.09B,6.05%,$0.09B,$2.03B,4.52%,$0.09B,$1.00B,8.98%,$0.09B,$5.73B,1.82%,$0.28B,$4.76B,6.58%,$408,$220,$188,$0,$109,$331,$77,$-52,$25,$5,$20,$20,$20,$176,$77,$47,48,$0.21,$0.20,$1071,$0,$115,$1330,$3122,$99,$1021,$158,$4400,$5731,$656,$2730,$253,$3050,$3706,$0,$-273,$-120,$2025,$5731,$77,$278,$64,$342,$-26,$0,$0,$17,$-19,$400,$-520,$0,$-42,$105,$-753,$-648,$-95,$-1305,$833,$-21,$812,$36,$36,$0,$-16,$832,$-72,$53,$0
29,2011-06-30,89.43,$43.89,2.04,$29.73,3.01,$-12.15,0.0,$1.70,52.61,$0.65B,$0.62B,1.05,$1.98B,$2.06B,0.96,$1.41B,$0.64B,45.56%,$1.41B,$0.25B,17.81%,$1.41B,$0.25B,17.81%,$1.41B,$0.59B,42.16%,$1.41B,$0.10B,7.17%,$1.41B,$0.08B,5.75%,$0.08B,$2.06B,4.16%,$0.08B,$1.00B,8.25%,$0.08B,$4.97B,1.75%,$0.25B,$4.04B,6.28%,$395,$216,$179,$0,$103,$320,$75,$-36,$39,$8,$31,$31,$31,$168,$75,$47,51,$0.65,$0.64,$392,$0,$117,$649,$3085,$31,$1061,$143,$4320,$4969,$620,$1977,$239,$2285,$2905,$0,$-293,$-42,$2064,$4969,$56,$179,$41,$221,$-16,$0,$0,$7,$-18,$258,$-388,$0,$-42,$0,$29,$29,$-95,$-426,$63,$0,$63,$25,$25,$0,$-0,$88,$-145,$34,$0
30,2011-03-31,80.65,$42.46,1.9,$28.74,2.81,$-12.69,0.0,$1.01,79.85,$0.70B,$0.34B,2.03,$2.10B,$1.99B,1.06,$1.31B,$0.60B,45.57%,$1.31B,$0.22B,16.49%,$1.31B,$0.22B,16.49%,$1.31B,$0.54B,40.92%,$1.31B,$0.06B,4.73%,$1.31B,$0.05B,3.66%,$0.05B,$1.99B,2.57%,$0.05B,$1.05B,5.11%,$0.05B,$4.65B,1.07%,$0.22B,$4.08B,5.50%,$363,$195,$168,$0,$96,$292,$71,$-35,$36,$11,$25,$25,$25,$157,$71,$46,47,$0.54,$0.53,$455,$0,$126,$695,$2881,$2,$939,$136,$3958,$4653,$343,$2096,$226,$2322,$2665,$0,$-324,$-61,$1987,$4653,$25,$86,$19,$104,$3,$0,$0,$-1,$-12,$118,$-190,$0,$0,$0,$-2,$-2,$-94,$-286,$11,$0,$11,$16,$16,$0,$-0,$26,$-138,$16,$0
31,2010-12-31,71.94,$40.73,1.77,$27.15,2.65,$-12.23,0.0,$0.83,86.67,$0.78B,$0.32B,2.45,$2.02B,$1.88B,1.08,$1.20B,$0.55B,45.57%,$1.20B,$0.19B,16.14%,$1.20B,$0.19B,16.14%,$1.20B,$0.48B,40.22%,$1.20B,$0.05B,4.10%,$1.20B,$0.04B,3.09%,$0.04B,$1.88B,2.22%,$0.04B,$0.96B,4.24%,$0.04B,$4.45B,0.88%,$0.19B,$3.90B,5.19%,$321,$171,$150,$0,$96,$268,$53,$-43,$10,$-3,$13,$13,$14,$137,$53,$44,45,$0.29,$0.28,$590,$0,$72,$778,$2651,$3,$925,$91,$3670,$4448,$318,$2021,$229,$2249,$2567,$0,$-349,$-112,$1881,$4448,$37,$288,$92,$380,$-40,$0,$0,$-21,$-24,$393,$-594,$0,$-113,$0,$108,$108,$-1,$-601,$297,$0,$297,$40,$40,$0,$-28,$310,$97,$67,$0
32,2010-09-30,90.61,$40.31,2.25,$26.09,3.47,$-8.09,0.0,$0.98,92.46,$0.89B,$0.31B,2.87,$2.10B,$1.85B,1.13,$1.12B,$0.51B,45.62%,$1.12B,$0.19B,17.08%,$1.12B,$0.19B,17.08%,$1.12B,$0.44B,39.71%,$1.12B,$0.07B,5.90%,$1.12B,$0.04B,3.67%,$0.04B,$1.85B,2.75%,$0.04B,$0.92B,4.99%,$0.04B,$4.48B,1.06%,$0.19B,$3.96B,5.63%,$330,$185,$145,$0,$90,$278,$52,$-36,$16,$5,$11,$11,$11,$132,$52,$46,47,$0.24,$0.24,$712,$0,$64,$892,$2583,$3,$934,$69,$3589,$4481,$311,$2101,$214,$2316,$2627,$0,$-363,$-103,$1854,$4481,$23,$204,$66,$270,$-38,$0,$0,$-1,$-23,$270,$-436,$0,$-113,$25,$-93,$-68,$-1,$-619,$383,$0,$383,$36,$36,$0,$-23,$396,$43,$50,$0
33,2010-06-30,71.9,$38.39,1.87,$24.72,2.91,$-4.40,0.0,$1.21,59.43,$0.89B,$0.30B,2.97,$2.03B,$1.75B,1.16,$1.02B,$0.47B,45.96%,$1.02B,$0.19B,18.21%,$1.02B,$0.19B,18.21%,$1.02B,$0.41B,40.26%,$1.02B,$0.08B,7.48%,$1.02B,$0.05B,4.82%,$0.05B,$1.75B,3.73%,$0.05B,$0.83B,6.38%,$0.05B,$4.28B,1.40%,$0.19B,$3.78B,6.07%,$296,$163,$134,$0,$83,$256,$40,$-40,$0,$2,$-2,$-2,$-2,$110,$40,$44,44,$-0.05,$-0.05,$717,$0,$65,$888,$2401,$4,$917,$71,$3394,$4282,$300,$2029,$203,$2232,$2532,$0,$-374,$-165,$1750,$4282,$12,$124,$45,$169,$-32,$0,$0,$-11,$-24,$157,$-292,$0,$-113,$0,$47,$47,$-1,$-359,$379,$0,$379,$22,$22,$0,$-23,$378,$165,$33,$0
34,2010-03-31,86.18,$29.84,2.89,$23.34,3.69,$-1.65,0.0,$1.70,50.69,$1.31B,$0.32B,4.16,$2.05B,$1.19B,1.73,$0.93B,$0.43B,45.87%,$0.93B,$0.19B,19.94%,$0.93B,$0.19B,19.94%,$0.93B,$0.39B,41.59%,$0.93B,$0.10B,11.15%,$0.93B,$0.07B,7.29%,$0.07B,$1.19B,5.92%,$0.07B,$0.78B,9.40%,$0.07B,$3.67B,2.17%,$0.19B,$3.24B,6.83%,$249,$133,$116,$0,$63,$201,$48,$-25,$23,$9,$14,$14,$14,$102,$48,$40,41,$0.36,$0.35,$1180,$0,$64,$1314,$1874,$5,$406,$69,$2354,$3668,$316,$2049,$115,$2164,$2480,$0,$-372,$-132,$1187,$3668,$14,$54,$19,$74,$-6,$0,$0,$2,$12,$100,$-143,$0,$0,$2,$111,$112,$-0,$-32,$634,$0,$634,$11,$11,$0,$-15,$630,$693,$15,$0
35,2009-12-31,93.98,$30.08,3.12,$22.38,4.2,$-1.16,0.0,$1.75,53.7,$0.73B,$0.32B,2.31,$1.42B,$1.18B,1.2,$0.88B,$0.40B,45.19%,$0.88B,$0.18B,20.61%,$0.88B,$0.18B,20.61%,$0.88B,$0.37B,42.36%,$0.88B,$0.11B,12.23%,$0.88B,$0.07B,7.81%,$0.07B,$1.18B,6.36%,$0.07B,$0.75B,10.38%,$0.07B,$3.04B,2.45%,$0.18B,$2.60B,7.50%,$243,$127,$115,$0,$61,$192,$51,$-23,$27,$10,$18,$18,$18,$100,$51,$38,40,$0.44,$0.44,$595,$0,$22,$728,$1808,$10,$432,$55,$2310,$3038,$315,$1420,$95,$1540,$1856,$0,$-386,$-97,$1182,$3038,$69,$192,$80,$273,$2,$0,$0,$-12,$13,$355,$-370,$0,$-28,$0,$-173,$-173,$12,$-558,$347,$0,$347,$37,$37,$0,$-60,$324,$126,$53,$0
36,2009-09-30,81.45,$29.10,2.8,$20.86,3.91,$-5.12,0.0,$4.05,20.11,$0.71B,$0.28B,2.55,$1.44B,$1.13B,1.27,$0.83B,$0.37B,44.04%,$0.83B,$0.16B,18.77%,$0.83B,$0.16B,18.77%,$0.83B,$0.35B,41.52%,$0.83B,$0.09B,10.95%,$0.83B,$0.15B,17.93%,$0.15B,$1.13B,14.62%,$0.15B,$0.71B,24.50%,$0.15B,$2.96B,5.59%,$0.16B,$2.57B,6.82%,$228,$126,$102,$0,$55,$182,$46,$-19,$26,$7,$19,$19,$19,$97,$46,$39,40,$0.49,$0.47,$609,$0,$22,$714,$1703,$18,$430,$54,$2248,$2963,$280,$1437,$111,$1548,$1828,$0,$-404,$-99,$1134,$2963,$52,$143,$37,$181,$-0,$0,$0,$13,$41,$273,$-268,$0,$-28,$0,$-259,$-259,$12,$-542,$364,$0,$364,$23,$23,$0,$-61,$327,$63,$39,$0
37,2009-06-30,64.4,$28.30,2.28,$19.98,3.22,$-8.25,0.0,$3.77,17.08,$0.69B,$0.25B,2.73,$1.39B,$1.09B,1.28,$0.79B,$0.34B,42.95%,$0.79B,$0.13B,16.65%,$0.79B,$0.13B,16.65%,$0.79B,$0.31B,39.90%,$0.79B,$0.07B,9.02%,$0.79B,$0.14B,17.28%,$0.14B,$1.09B,14.39%,$0.14B,$0.66B,26.00%,$0.14B,$2.84B,5.45%,$0.13B,$2.49B,6.14%,$213,$119,$95,$0,$54,$172,$41,$-13,$28,$11,$17,$17,$17,$89,$41,$38,39,$0.46,$0.44,$581,$0,$22,$689,$1591,$22,$437,$61,$2154,$2843,$253,$1394,$104,$1498,$1751,$0,$-423,$-94,$1093,$2843,$33,$92,$23,$116,$-1,$0,$0,$5,$17,$165,$-180,$0,$0,$0,$-113,$-113,$10,$-282,$349,$0,$349,$9,$9,$0,$-60,$298,$185,$25,$0
38,2009-03-31,49.71,$24.59,2.02,$19.09,2.6,$-10.06,0.0,$3.39,14.66,$0.36B,$0.26B,1.39,$1.11B,$0.93B,1.19,$0.75B,$0.31B,41.96%,$0.75B,$0.10B,13.81%,$0.75B,$0.10B,13.81%,$0.75B,$0.28B,37.40%,$0.75B,$0.04B,5.76%,$0.75B,$0.12B,16.09%,$0.12B,$0.93B,13.46%,$0.12B,$0.55B,26.91%,$0.12B,$2.42B,5.07%,$0.10B,$2.05B,5.12%,$199,$112,$87,$0,$50,$156,$44,$-17,$27,$12,$15,$15,$15,$88,$44,$38,39,$0.41,$0.40,$252,$0,$18,$357,$1513,$32,$385,$49,$2060,$2417,$256,$1114,$113,$1227,$1484,$0,$-440,$-167,$933,$2417,$15,$44,$9,$53,$5,$0,$0,$7,$18,$87,$-109,$0,$0,$0,$24,$24,$7,$-78,$-7,$0,$-7,$4,$4,$0,$-0,$-4,$2,$12,$0
39,2008-12-31,47.09,$24.29,1.94,$18.20,2.59,$-11.17,0.0,$3.14,15.0,$0.38B,$0.29B,1.31,$1.13B,$0.92B,1.23,$0.71B,$0.29B,41.13%,$0.71B,$0.07B,10.35%,$0.71B,$0.07B,10.35%,$0.71B,$0.24B,34.47%,$0.71B,$0.02B,2.84%,$0.71B,$0.11B,15.46%,$0.11B,$0.92B,12.54%,$0.11B,$0.52B,28.24%,$0.11B,$2.44B,4.67%,$0.07B,$2.05B,3.68%,$191,$108,$82,$0,$55,$166,$25,$-15,$10,$-88,$98,$98,$98,$71,$25,$37,42,$2.64,$2.52,$262,$0,$15,$380,$1493,$46,$394,$58,$2055,$2435,$290,$1128,$100,$1228,$1518,$0,$-455,$-153,$917,$2435,$108,$171,$-32,$139,$-9,$0,$0,$20,$21,$268,$-447,$0,$-23,$-109,$114,$5,$-13,$-478,$139,$-19,$119,$26,$26,$0,$-0,$145,$-70,$55,$0
40,2008-09-30,61.49,$22.42,2.74,$17.87,3.44,$-18.38,0.0,$0.23,267.36,$0.34B,$0.24B,1.43,$1.12B,$0.84B,1.33,$0.65B,$0.25B,38.90%,$0.65B,$0.05B,7.50%,$0.65B,$0.05B,7.50%,$0.65B,$0.21B,32.77%,$0.65B,$-0.00B,-0.15%,$0.65B,$0.00B,0.00%,$0.00B,$0.84B,0.00%,$0.00B,$0.36B,0.00%,$0.00B,$2.29B,0.00%,$0.05B,$1.95B,2.52%,$184,$110,$74,$0,$52,$162,$21,$-16,$6,$0,$6,$6,$6,$66,$21,$37,38,$0.15,$0.15,$263,$0,$0,$343,$1347,$68,$473,$61,$1949,$2292,$239,$1116,$0,$1216,$1455,$0,$-544,$-65,$837,$2292,$10,$124,$44,$168,$-4,$0,$0,$12,$13,$191,$-306,$0,$-23,$0,$-76,$-76,$-30,$-435,$88,$0,$88,$26,$26,$0,$-1,$113,$-130,$42,$0
41,2008-06-30,78.99,$23.63,3.34,$16.17,4.89,$-24.74,0.0,$0.16,493.67,$0.29B,$0.24B,1.25,$1.12B,$0.88B,1.27,$0.57B,$0.22B,38.57%,$0.57B,$0.03B,5.93%,$0.57B,$0.03B,5.93%,$0.57B,$0.18B,31.06%,$0.57B,$-0.00B,-0.52%,$0.57B,$-0.00B,-0.35%,$-0.00B,$0.88B,-0.24%,$-0.00B,$0.35B,-0.63%,$-0.00B,$2.33B,-0.09%,$0.03B,$2.00B,1.77%,$172,$102,$70,$0,$57,$159,$13,$-13,$0,$-0,$1,$1,$1,$54,$13,$37,38,$0.02,$0.02,$216,$0,$0,$294,$1331,$109,$530,$67,$2037,$2331,$236,$1119,$0,$1217,$1452,$0,$-551,$4,$879,$2331,$5,$79,$29,$109,$-2,$0,$0,$10,$14,$128,$-210,$0,$-23,$0,$-79,$-79,$-40,$-352,$68,$0,$68,$19,$19,$0,$-1,$87,$-140,$29,$0
42,2008-03-31,58.86,$22.93,2.57,$14.45,4.07,$-28.85,0.0,$0.14,420.46,$0.37B,$0.25B,1.53,$1.10B,$0.84B,1.3,$0.49B,$0.19B,37.93%,$0.49B,$0.02B,4.67%,$0.49B,$0.02B,4.67%,$0.49B,$0.15B,30.22%,$0.49B,$-0.00B,-0.41%,$0.49B,$-0.00B,-0.41%,$-0.00B,$0.84B,-0.27%,$-0.00B,$0.31B,-0.59%,$-0.00B,$2.29B,-0.10%,$0.02B,$1.94B,1.38%,$158,$95,$64,$0,$50,$144,$14,$-10,$4,$0,$4,$4,$4,$52,$14,$36,37,$0.10,$0.10,$299,$0,$0,$374,$1284,$27,$534,$67,$1913,$2287,$245,$1098,$0,$1199,$1444,$0,$-553,$-0,$843,$2287,$4,$38,$13,$52,$3,$0,$0,$4,$8,$63,$-126,$0,$-23,$0,$29,$29,$-16,$-136,$38,$0,$38,$7,$7,$0,$-0,$45,$-30,$12,$0
43,2007-12-31,89.48,$22.28,4.02,$13.07,6.85,$-28.97,0.0,$-0.16,0.0,$0.43B,$0.19B,2.23,$1.09B,$0.81B,1.33,$0.42B,$0.16B,36.90%,$0.42B,$0.01B,2.38%,$0.42B,$0.01B,2.38%,$0.42B,$0.12B,28.10%,$0.42B,$-0.01B,-2.38%,$0.42B,$-0.01B,-2.38%,$-0.01B,$0.81B,-1.60%,$-0.01B,$0.30B,-2.75%,$-0.01B,$2.18B,-0.61%,$0.01B,$1.90B,0.71%,$139,$93,$46,$0,$47,$138,$1,$-12,$-11,$-0,$-11,$-11,$-11,$42,$1,$33,33,$-0.32,$-0.31,$354,$0,$0,$427,$1163,$30,$510,$46,$1755,$2182,$191,$1086,$90,$1176,$1367,$0,$-559,$-4,$814,$2182,$-10,$108,$36,$144,$-18,$0,$0,$10,$-15,$120,$-496,$0,$-542,$0,$-18,$-18,$1,$-1055,$791,$0,$791,$376,$376,$0,$-22,$1145,$208,$43,$0
44,2007-09-30,78.52,$22.45,3.5,$11.61,6.76,$-20.23,0.0,$0.32,245.37,$0.48B,$0.20B,2.44,$1.05B,$0.82B,1.29,$0.36B,$0.14B,38.23%,$0.36B,$0.02B,5.54%,$0.36B,$0.02B,5.54%,$0.36B,$0.11B,29.64%,$0.36B,$0.01B,2.77%,$0.36B,$0.01B,2.77%,$0.01B,$0.82B,1.96%,$0.01B,$0.31B,2.69%,$0.01B,$2.13B,0.78%,$0.02B,$1.87B,1.82%,$104,$63,$41,$0,$35,$98,$6,$-2,$4,$0,$4,$4,$4,$30,$6,$32,33,$0.13,$0.12,$407,$0,$0,$483,$1069,$29,$500,$49,$1647,$2131,$198,$1052,$20,$1118,$1316,$0,$-553,$11,$815,$2131,$1,$67,$31,$98,$-7,$0,$0,$-9,$7,$106,$-416,$0,$-542,$0,$-18,$-18,$25,$-951,$762,$0,$762,$368,$368,$0,$-22,$1107,$261,$31,$0
45,2007-06-30,80.98,$13.94,5.81,$11.04,7.34,$-13.06,0.0,$0.02,4048.96,$0.34B,$0.14B,2.49,$0.54B,$0.44B,1.22,$0.33B,$0.12B,36.86%,$0.33B,$0.01B,3.32%,$0.33B,$0.01B,3.32%,$0.33B,$0.09B,28.10%,$0.33B,$0.00B,0.30%,$0.33B,$0.00B,0.30%,$0.00B,$0.44B,0.26%,$0.00B,$0.43B,0.27%,$0.00B,$1.18B,0.11%,$0.01B,$0.98B,1.42%,$92,$56,$36,$0,$33,$89,$2,$-1,$1,$0,$1,$1,$1,$25,$2,$31,33,$0.04,$0.04,$302,$0,$0,$340,$760,$22,$17,$37,$835,$1175,$137,$539,$23,$596,$733,$0,$-557,$4,$443,$1175,$-3,$43,$22,$65,$-1,$0,$0,$-8,$-4,$58,$-262,$0,$0,$0,$-15,$-15,$47,$-230,$317,$0,$317,$17,$17,$0,$-11,$324,$152,$21,$0
46,2007-03-31,75.81,$13.52,5.61,$10.63,7.13,$-8.10,0.0,$-0.23,0.0,$0.42B,$0.09B,4.49,$0.50B,$0.43B,1.17,$0.31B,$0.11B,35.39%,$0.31B,$0.01B,1.95%,$0.31B,$0.01B,1.95%,$0.31B,$0.08B,26.62%,$0.31B,$-0.01B,-1.62%,$0.31B,$-0.01B,-1.62%,$-0.01B,$0.43B,-1.40%,$-0.01B,$0.41B,-1.49%,$-0.01B,$1.07B,-0.61%,$0.01B,$0.92B,0.90%,$85,$53,$32,$0,$32,$84,$1,$-5,$-4,$0,$-4,$-4,$-4,$21,$1,$30,30,$-0.15,$-0.15,$381,$0,$0,$419,$594,$11,$17,$33,$655,$1074,$93,$495,$25,$555,$649,$0,$-558,$4,$425,$1074,$-4,$21,$11,$32,$-1,$0,$0,$-4,$-7,$20,$-74,$0,$0,$0,$10,$10,$16,$-48,$274,$0,$274,$10,$10,$0,$-11,$273,$245,$10,$0
47,2006-12-31,66.95,$12.03,5.57,$10.10,6.63,$-6.78,0.0,$-0.26,0.0,$0.17B,$0.08B,2.12,$0.28B,$0.36B,0.78,$0.29B,$0.10B,34.38%,$0.29B,$0.00B,0.69%,$0.29B,$0.00B,0.69%,$0.29B,$0.08B,26.04%,$0.29B,$-0.01B,-2.08%,$0.29B,$-0.01B,-2.08%,$-0.01B,$0.36B,-1.84%,$-0.01B,$0.34B,-1.96%,$-0.01B,$0.77B,-0.84%,$0.00B,$0.63B,0.35%,$80,$50,$29,$0,$28,$69,$11,$-2,$9,$-0,$9,$9,$9,$31,$11,$29,29,$0.33,$0.33,$131,$0,$0,$166,$546,$25,$17,$17,$606,$772,$78,$276,$28,$338,$417,$0,$-553,$4,$355,$772,$-6,$73,$25,$99,$-10,$0,$0,$-12,$-17,$75,$-155,$0,$0,$0,$-4,$-4,$0,$-158,$37,$-30,$7,$39,$39,$0,$-0,$46,$-37,$31,$0
