,Date,Stock Price,Book Value per Share,Price to Book Ratio,TTM Sales per Share,Price to Sales Ratio,TTM FCF per Share,Price to FCF Ratio,TTM Net EPS,PE Ratio,Current Assets,Current Liabilities,Current Ratio,Long Term Debt,Shareholder's Equity_x,Debt to Equity Ratio,TTM Revenue_x,TTM Gross Profit,Gross Margin,TTM Revenue_y,TTM Operating Income,Operating Margin,TTM Revenue_x,TTM EBIT,EBIT Margin,TTM Revenue_y,TTM EBITDA,EBITDA Margin,TTM Revenue_x,TTM Pre-Tax Income,Pre-Tax Margin,TTM Revenue_y,TTM Net Income_x,Net Margin,TTM Net Income_y,Shareholder's Equity_y,Return on Equity,TTM Net Income_x,Tangible Equity,Return on Tangible Equity,TTM Net Income_y,Total Assets,Return on Assets,TTM Net Income,LT Investments & Debt,Return on Investment,revenue,cost-goods-sold,gross-profit,research-development-expenses,selling-general-administrative-expenses,operating-expenses,operating-income,total-non-operating-income-expense,pre-tax-income,total-provision-income-taxes,income-after-taxes,income-from-continuous-operations,net-income,ebitda,ebit,basic-shares-outstanding,shares-outstanding,eps-basic-net-earnings-per-share,eps-earnings-per-share-diluted,cash-on-hand,inventory,other-current-assets,total-current-assets,net-property-plant-equipment,long-term-investments,goodwill-intangible-assets-total,other-long-term-assets,total-long-term-assets,total-assets,total-current-liabilities,long-term-debt,other-non-current-liabilities,total-long-term-liabilities,total-liabilities,common-stock-net,retained-earnings-accumulated-deficit,comprehensive-income,total-share-holder-equity,total-liabilities-share-holders-equity,net-income-loss,total-depreciation-amortization-cash-flow,other-non-cash-items,total-non-cash-items,change-in-accounts-receivable,change-in-inventories,change-in-accounts-payable,change-in-assets-liabilities,total-change-in-assets-liabilities,cash-flow-from-operating-activities,net-change-in-property-plant-equipment,net-change-in-intangible-assets,net-acquisitions-divestitures,net-change-in-short-term-investments,net-change-in-long-term-investments,net-change-in-investments-total,investing-activities-other,cash-flow-from-investing-activities,net-long-term-debt,net-current-debt,debt-issuance-retirement-net-total,net-common-equity-issued-repurchased,net-total-equity-issued-repurchased,total-common-preferred-stock-dividends-paid,financial-activities-other,cash-flow-from-financial-activities,net-cash-flow,stock-based-compensation,common-stock-dividends-paid
0,2018-09-30,28.2,$0.00,0.0,$22.40,1.26,$6.46,4.37,$2.03,13.89,$27.24B,$20.00B,1.36,$24.17B,$41.93B,0.58,$74.27B,$37.16B,50.04%,$74.27B,$18.57B,25.01%,$74.27B,$18.57B,25.01%,$74.27B,$26.38B,35.52%,$74.27B,$17.45B,23.50%,$74.27B,$6.75B,9.08%,$6.75B,$41.93B,16.31%,$6.75B,$32.05B,21.11%,$6.75B,$116.04B,5.90%,$18.57B,$66.10B,28.32%,$19136,$9486,$9650,$239,$187,$14539,$4597,$-348,$4249,$2583,$1666,$1666,$1666,$6918,$4597,$3329,3329,$0.50,$0.50,$13791,$3449,$0,$27239,$67384,$6413,$9880,$1281,$88804,$116043,$20000,$24173,$17601,$54112,$74113,$1185,$36296,$0,$41930,$116043,$12307,$6519,$0,$6519,$0,$0,$0,$1758,$1758,$15494,$-8377,$0,$-3557,$0,$13,$13,$1401,$-10518,$-1121,$-1196,$-2317,$0,$0,$-1912,$0,$-4228,$529,$0,$-1912
1,2018-06-30,26.24,$0.00,0.0,$20.80,1.26,$6.07,4.33,$1.38,19.01,$25.46B,$19.58B,1.3,$23.85B,$41.04B,0.58,$68.74B,$34.65B,50.40%,$68.74B,$15.07B,21.92%,$68.74B,$15.07B,21.92%,$68.74B,$23.66B,34.42%,$68.74B,$14.15B,20.58%,$68.74B,$4.60B,6.69%,$4.60B,$41.04B,11.37%,$4.60B,$31.25B,14.72%,$4.60B,$114.38B,4.07%,$15.07B,$64.90B,23.06%,$18135,$9415,$8720,$475,$182,$14299,$3836,$-317,$3518,$2298,$1220,$1220,$1219,$5666,$3836,$3330,3330,$0.37,$0.37,$12468,$3426,$0,$25460,$67498,$6461,$9798,$1328,$88917,$114378,$19583,$23852,$17523,$53752,$73335,$1185,$35355,$0,$41043,$114378,$8059,$4198,$0,$4198,$0,$0,$0,$973,$973,$10077,$-4285,$0,$-3557,$0,$2770,$2770,$112,$-4961,$-2111,$224,$-1887,$0,$0,$-1147,$0,$-3033,$1617,$0,$-1147
2,2018-03-31,23.5,$0.00,0.0,$19.96,1.18,$6.00,3.92,$1.45,16.2,$26.88B,$19.30B,1.39,$24.61B,$42.62B,0.58,$65.54B,$34.00B,51.88%,$65.54B,$14.48B,22.09%,$65.54B,$14.48B,22.09%,$65.54B,$23.55B,35.93%,$65.54B,$13.92B,21.23%,$65.54B,$4.81B,7.34%,$4.81B,$42.62B,12.14%,$4.81B,$33.24B,15.73%,$4.81B,$115.45B,4.30%,$14.48B,$67.22B,22.18%,$19884,$9794,$10090,$249,$198,$14925,$4959,$-420,$4540,$3255,$1285,$1285,$1285,$7327,$4959,$3316,3316,$0.39,$0.39,$15113,$2832,$0,$26881,$66052,$7110,$9379,$2353,$88568,$115449,$19297,$24607,$16213,$53536,$72833,$1185,$35522,$0,$42616,$115449,$4540,$2368,$0,$2368,$0,$0,$0,$1334,$1334,$7075,$-2569,$0,$-1561,$0,$2578,$2578,$8,$-1545,$-851,$75,$-776,$0,$0,$-402,$0,$-1179,$4536,$0,$-402
3,2017-12-31,21.28,$0.00,0.0,$18.77,1.13,$5.75,3.7,$1.39,15.31,$25.82B,$19.02B,1.36,$24.18B,$39.89B,0.61,$61.19B,$32.98B,53.89%,$61.19B,$13.77B,22.51%,$61.19B,$13.77B,22.51%,$61.19B,$22.42B,36.63%,$61.19B,$13.42B,21.93%,$61.19B,$4.59B,7.50%,$4.59B,$39.89B,12.03%,$4.59B,$31.27B,15.75%,$4.59B,$111.10B,4.17%,$13.77B,$64.07B,21.36%,$17115,$8414,$8701,$-207,$163,$11934,$5181,$-39,$5144,$2568,$2576,$2576,$2576,$6473,$5181,$3268,3288,$0.78,$0.78,$12997,$3398,$0,$25820,$63637,$6995,$8621,$2281,$85281,$111100,$19016,$24183,$16457,$52198,$71213,$1180,$34406,$0,$39885,$111100,$13420,$8644,$0,$8644,$0,$0,$0,$-1529,$-1529,$14363,$-10349,$0,$0,$0,$592,$592,$79,$-9678,$-4775,$444,$-4331,$0,$0,$-1491,$0,$-5822,$-700,$0,$-1491
4,2017-09-30,19.96,$0.00,0.0,$17.54,1.14,$3.78,5.27,$-0.25,0.0,$28.29B,$18.42B,1.54,$27.04B,$38.24B,0.71,$56.83B,$30.74B,54.09%,$56.83B,$6.69B,11.77%,$56.83B,$6.69B,11.77%,$56.83B,$18.30B,32.21%,$56.83B,$5.54B,9.75%,$56.83B,$-0.78B,-1.37%,$-0.78B,$38.23B,-2.10%,$-0.78B,$29.23B,-2.79%,$-0.78B,$111.12B,-0.72%,$6.69B,$65.27B,10.42%,$13609,$6475,$7134,$727,$188,$12514,$1095,$-150,$944,$1422,$-478,$-478,$-481,$4192,$1095,$3279,3279,$-0.15,$-0.15,$18119,$2951,$0,$28289,$62334,$7303,$8999,$893,$82827,$111116,$18416,$27041,$15724,$54469,$72884,$1174,$32376,$0,$38233,$111116,$8276,$7352,$0,$7352,$0,$0,$0,$166,$166,$13082,$-7357,$0,$0,$0,$-2619,$-2619,$61,$-9916,$-1268,$-17,$-1285,$0,$0,$-1118,$0,$-2403,$1240,$0,$-1118
5,2017-06-30,16.42,$0.00,0.0,$17.17,0.96,$1.61,10.19,$-0.24,0.0,$28.73B,$19.36B,1.48,$26.67B,$37.91B,0.7,$55.33B,$29.92B,54.08%,$55.33B,$6.33B,11.45%,$55.33B,$6.33B,11.45%,$55.33B,$17.32B,31.30%,$55.33B,$5.26B,9.50%,$55.33B,$-0.73B,-1.31%,$-0.73B,$37.91B,-1.94%,$-0.73B,$28.64B,-2.56%,$-0.73B,$110.50B,-0.67%,$6.33B,$64.58B,9.73%,$14935,$6857,$8078,$312,$163,$11690,$3245,$44,$3288,$1852,$1436,$1436,$1433,$5557,$3245,$3238,3238,$0.44,$0.44,$18854,$2882,$0,$28727,$61616,$6827,$9271,$890,$81770,$110496,$19361,$26669,$15409,$53223,$72585,$1168,$33661,$0,$37911,$110496,$7332,$4255,$0,$4255,$0,$0,$0,$-361,$-361,$9769,$-4347,$0,$0,$0,$-4851,$-4851,$182,$-9015,$-11,$-260,$-271,$0,$0,$-728,$0,$-999,$-6,$0,$-728
6,2017-03-31,17.07,$0.00,0.0,$15.99,1.07,$-0.81,0.0,$-0.78,0.0,$27.67B,$18.19B,1.52,$27.29B,$36.65B,0.75,$51.29B,$27.49B,53.59%,$51.29B,$3.27B,6.37%,$51.29B,$3.27B,6.37%,$51.29B,$14.72B,28.71%,$51.29B,$2.18B,4.25%,$51.29B,$-2.47B,-4.81%,$-2.47B,$36.65B,-6.49%,$-2.47B,$27.41B,-8.50%,$-2.47B,$107.76B,-2.26%,$3.27B,$63.94B,4.92%,$15528,$6466,$9062,$227,$224,$11278,$4250,$-206,$4044,$2980,$1064,$1064,$1062,$6193,$4250,$3236,3236,$0.33,$0.33,$17507,$3150,$0,$27670,$60109,$6655,$9235,$907,$80087,$107757,$18188,$27289,$14965,$52922,$71110,$1156,$33693,$0,$36647,$107757,$4044,$1943,$0,$1943,$0,$0,$0,$96,$96,$5719,$-2126,$0,$0,$0,$-1846,$-1846,$304,$-3668,$-5,$-34,$-39,$0,$0,$0,$0,$-40,$2039,$0,$0
7,2016-12-31,18.12,$10.82,1.68,$14.37,1.26,$-2.11,0.0,$-0.92,0.0,$24.86B,$16.74B,1.49,$28.00B,$35.10B,0.8,$45.87B,$24.37B,53.12%,$45.87B,$0.08B,0.17%,$45.87B,$0.08B,0.17%,$45.87B,$11.63B,25.35%,$45.87B,$-0.18B,-0.39%,$45.87B,$-2.92B,-6.37%,$-2.92B,$35.10B,-7.42%,$-2.92B,$25.86B,-9.63%,$-2.92B,$104.53B,-2.64%,$0.08B,$63.10B,0.12%,$12757,$6291,$6466,$1436,$228,$14656,$-1899,$-838,$-2735,$49,$-2784,$-2784,$-2790,$2362,$-1899,$3195,3207,$-0.86,$-0.86,$13793,$3227,$0,$24859,$59556,$6408,$9243,$1430,$79671,$104530,$16744,$27999,$14880,$52686,$69431,$1156,$32573,$0,$35099,$104530,$-178,$11550,$0,$11550,$0,$0,$0,$763,$763,$9034,$-11430,$0,$0,$0,$877,$877,$107,$-10446,$250,$-333,$-83,$0,$0,$-1876,$0,$-1959,$-3523,$0,$-1876
8,2016-09-30,16.69,$0.00,0.0,$14.50,1.15,$-0.75,0.0,$-0.40,0.0,$26.55B,$17.28B,1.54,$28.60B,$40.09B,0.71,$46.21B,$25.02B,54.15%,$46.21B,$2.13B,4.62%,$46.21B,$2.13B,4.62%,$46.21B,$13.39B,28.98%,$46.21B,$2.08B,4.51%,$46.21B,$-1.26B,-2.72%,$-1.26B,$40.09B,-3.09%,$-1.26B,$31.68B,-3.99%,$-1.26B,$113.59B,-1.13%,$2.13B,$68.69B,3.03%,$12106,$5793,$6313,$656,$135,$11369,$737,$-76,$661,$1088,$-427,$-427,$-432,$3204,$737,$3199,3199,$-0.14,$-0.14,$17600,$2966,$0,$26553,$66409,$8293,$8406,$985,$87036,$113587,$17282,$28603,$16427,$56219,$73502,$1151,$36298,$0,$40086,$113587,$2557,$7289,$0,$7289,$0,$0,$0,$389,$389,$7007,$-8372,$0,$0,$0,$320,$320,$541,$-7511,$-180,$1390,$1210,$0,$0,$-1505,$0,$-295,$-599,$0,$-1505
9,2016-06-30,17.2,$0.00,0.0,$14.99,1.15,$0.52,33.15,$-0.37,0.0,$25.60B,$15.34B,1.67,$29.87B,$40.24B,0.74,$47.72B,$25.94B,54.35%,$47.72B,$2.28B,4.77%,$47.72B,$2.28B,4.77%,$47.72B,$13.39B,28.06%,$47.72B,$2.39B,5.00%,$47.72B,$-1.18B,-2.46%,$-1.18B,$40.24B,-2.82%,$-1.18B,$31.13B,-3.64%,$-1.18B,$111.04B,-1.04%,$2.28B,$70.11B,3.16%,$10895,$5251,$5644,$509,$152,$10715,$180,$31,$211,$513,$-302,$-302,$-307,$2963,$180,$3181,3181,$-0.10,$-0.10,$16355,$3351,$0,$25601,$63950,$7990,$9105,$1347,$85436,$111037,$15344,$29869,$15164,$55454,$70798,$1145,$37455,$0,$40239,$111037,$1896,$4822,$0,$4822,$0,$0,$0,$-655,$-655,$3349,$-5716,$0,$0,$0,$207,$207,$133,$-5376,$-171,$1266,$1095,$0,$0,$-1101,$0,$-6,$-1867,$0,$-1101
10,2016-03-31,15.46,$0.00,0.0,$17.05,0.91,$0.62,24.98,$0.14,110.42,$27.70B,$15.50B,1.79,$30.21B,$42.20B,0.72,$54.24B,$30.41B,56.05%,$54.24B,$5.73B,10.57%,$54.24B,$5.73B,10.57%,$54.24B,$17.15B,31.61%,$54.24B,$4.87B,8.98%,$54.24B,$-0.01B,-0.01%,$-0.01B,$42.20B,-0.02%,$-0.01B,$32.70B,-0.02%,$-0.01B,$112.80B,-0.01%,$5.73B,$72.41B,7.75%,$10115,$4170,$5945,$351,$247,$9054,$1061,$625,$1685,$1074,$611,$611,$607,$3100,$1061,$3180,3180,$0.19,$0.19,$18239,$2594,$0,$27700,$64576,$7166,$9494,$849,$85102,$112802,$15499,$30210,$14127,$55103,$70604,$1139,$39138,$0,$42198,$112802,$1685,$2039,$0,$2039,$0,$0,$0,$-252,$-252,$2205,$-2811,$0,$0,$0,$451,$451,$23,$-2337,$-3,$452,$449,$0,$0,$-697,$0,$-248,$-83,$0,$-697
11,2015-12-31,13.87,$12.68,1.09,$18.75,0.74,$0.89,15.57,$-1.54,0.0,$28.15B,$15.36B,1.83,$29.97B,$40.31B,0.74,$59.64B,$33.39B,55.98%,$59.64B,$1.37B,2.29%,$59.64B,$1.37B,2.29%,$59.64B,$18.08B,30.32%,$59.64B,$0.05B,0.09%,$59.64B,$-5.19B,-8.71%,$-5.19B,$40.31B,-11.77%,$-5.19B,$30.85B,-15.08%,$-5.19B,$109.74B,-4.31%,$1.37B,$70.27B,1.81%,$13093,$5973,$7120,$479,$269,$12938,$155,$-624,$-474,$649,$-1123,$-1123,$-1127,$4126,$155,$3179,3189,$-0.35,$-0.35,$18982,$2502,$0,$28154,$62006,$5857,$9452,$967,$81588,$109742,$15363,$29965,$13707,$54072,$69436,$1139,$38693,$0,$40307,$109743,$55,$16715,$0,$16715,$0,$0,$0,$3401,$3401,$13628,$-11667,$0,$0,$0,$-2813,$-2813,$-22,$-14501,$2808,$-701,$2107,$0,$0,$-2836,$0,$-729,$-2472,$0,$-2836
12,2015-09-30,14.46,$0.00,0.0,$21.61,0.67,$1.60,9.04,$-1.56,0.0,$32.45B,$16.93B,1.92,$32.23B,$43.63B,0.74,$68.78B,$37.71B,54.83%,$68.78B,$2.58B,3.74%,$68.78B,$2.58B,3.74%,$68.78B,$20.82B,30.28%,$68.78B,$1.74B,2.53%,$68.78B,$-5.31B,-7.71%,$-5.31B,$43.64B,-11.33%,$-5.31B,$34.33B,-14.46%,$-5.31B,$120.07B,-4.20%,$2.58B,$75.87B,3.31%,$13614,$6388,$7226,$1201,$219,$12732,$882,$80,$963,$1306,$-343,$-343,$-348,$3202,$882,$3179,3179,$-0.11,$-0.11,$21850,$2965,$0,$32452,$68296,$6551,$9309,$939,$87608,$120072,$16934,$32232,$15811,$59487,$76433,$976,$27365,$0,$43639,$120072,$528,$12744,$0,$12744,$0,$0,$0,$2414,$2414,$11410,$-8744,$0,$0,$0,$-5623,$-5623,$114,$-14253,$2811,$-477,$2334,$0,$0,$-2178,$0,$156,$-3364,$0,$-2178
13,2015-06-30,17.78,$0.00,0.0,$24.80,0.72,$1.92,9.26,$-1.67,0.0,$34.47B,$17.67B,1.95,$31.64B,$45.68B,0.69,$78.92B,$42.36B,53.68%,$78.92B,$4.42B,5.60%,$78.92B,$4.42B,5.60%,$78.92B,$24.50B,31.04%,$78.92B,$3.34B,4.23%,$78.92B,$-5.71B,-7.24%,$-5.71B,$45.68B,-11.29%,$-5.71B,$35.68B,-14.50%,$-5.71B,$122.63B,-4.29%,$4.42B,$77.32B,5.53%,$17422,$7307,$10115,$471,$189,$13787,$3635,$-940,$2695,$1829,$866,$866,$861,$6721,$3635,$3180,3180,$0.27,$0.27,$21418,$3408,$0,$34470,$68268,$6365,$9979,$942,$88175,$122632,$17674,$31642,$15711,$59283,$76969,$1033,$30209,$0,$45676,$122632,$-434,$10424,$0,$10424,$0,$0,$0,$1326,$1326,$6278,$-8326,$0,$0,$0,$-5313,$-5313,$3240,$-10399,$2818,$-794,$2024,$0,$0,$-1491,$0,$534,$-4098,$0,$-1491
14,2015-03-31,17.48,$0.00,0.0,$27.02,0.65,$3.63,4.81,$-1.48,0.0,$35.92B,$20.83B,1.72,$32.35B,$46.76B,0.69,$85.99B,$45.14B,52.49%,$85.99B,$6.13B,7.13%,$85.99B,$6.13B,7.13%,$85.99B,$26.77B,31.13%,$85.99B,$6.20B,7.21%,$85.99B,$-4.58B,-5.33%,$-4.58B,$46.76B,-8.41%,$-4.58B,$36.88B,-10.87%,$-4.58B,$129.35B,-3.27%,$6.13B,$79.11B,7.44%,$15513,$6586,$8927,$1721,$244,$18817,$-3304,$173,$-3129,$1441,$-4570,$-4570,$-4578,$4034,$-3304,$3180,3180,$-1.44,$-1.44,$22602,$3168,$0,$35920,$71723,$7732,$9879,$1021,$93445,$129352,$20830,$32351,$17132,$61767,$82597,$1034,$30217,$0,$46755,$129352,$-3129,$7338,$0,$7338,$0,$0,$0,$-641,$-641,$3740,$-3482,$0,$0,$0,$-4857,$-4857,$1,$-8338,$2835,$665,$3500,$0,$0,$-757,$0,$2742,$-2435,$0,$-757
15,2014-12-31,17.5,$16.08,1.09,$31.19,0.56,$5.06,3.46,$1.24,14.11,$34.27B,$24.09B,1.42,$27.59B,$51.28B,0.54,$99.26B,$51.28B,51.66%,$99.26B,$17.88B,18.01%,$99.26B,$17.88B,18.01%,$99.26B,$33.80B,34.05%,$99.26B,$17.90B,18.03%,$99.26B,$3.87B,3.90%,$3.87B,$51.28B,6.65%,$3.87B,$39.82B,8.66%,$3.87B,$132.70B,2.67%,$17.88B,$78.88B,21.20%,$22228,$10787,$11441,$2244,$340,$20867,$1362,$-135,$1211,$2452,$-1242,$-1242,$-1240,$6867,$1362,$3180,3189,$-0.39,$-0.40,$19867,$3193,$0,$34272,$75619,$7784,$11458,$766,$98431,$132702,$24085,$27593,$16377,$57335,$81420,$1139,$45677,$0,$51282,$132702,$17898,$15925,$0,$15925,$0,$0,$0,$918,$918,$20205,$-15983,$0,$0,$0,$-1919,$-1919,$128,$-17775,$1473,$-2,$1471,$0,$0,$-5499,$0,$-4028,$-2928,$0,$-5499
16,2014-09-30,26.98,$0.00,0.0,$32.39,0.83,$4.54,5.94,$2.36,11.43,$37.33B,$29.46B,1.27,$25.79B,$58.65B,0.44,$103.08B,$53.94B,52.33%,$103.08B,$23.77B,23.06%,$103.08B,$23.77B,23.06%,$103.08B,$37.56B,36.44%,$103.08B,$23.34B,22.65%,$103.08B,$7.65B,7.42%,$7.65B,$58.65B,12.63%,$7.65B,$45.17B,16.62%,$7.65B,$148.02B,5.11%,$23.77B,$84.45B,27.37%,$23756,$11878,$11878,$1363,$273,$21031,$2725,$-160,$2565,$3334,$-769,$-769,$-753,$6875,$2725,$3180,3180,$-0.24,$-0.24,$19364,$4825,$0,$37334,$85793,$8159,$13481,$1026,$110671,$148021,$29463,$25792,$18290,$59904,$89367,$1282,$45525,$0,$58654,$148021,$16254,$10420,$0,$10420,$305,$-80,$-721,$96,$-401,$15886,$-12199,$0,$0,$0,$289,$289,$-224,$-12151,$-593,$353,$-240,$0,$0,$-4488,$0,$-4729,$-1202,$0,$-4488
17,2014-06-30,30.63,$0.00,0.0,$33.83,0.91,$4.10,7.48,$3.34,9.17,$37.42B,$28.81B,1.3,$26.15B,$61.21B,0.43,$107.68B,$56.71B,52.67%,$107.68B,$27.61B,25.64%,$107.68B,$27.61B,25.64%,$107.68B,$40.87B,37.96%,$107.68B,$27.28B,25.33%,$107.68B,$10.79B,10.02%,$10.79B,$61.20B,17.96%,$10.79B,$46.72B,23.97%,$10.79B,$150.75B,7.33%,$27.61B,$87.35B,32.16%,$24495,$11604,$12891,$451,$268,$19144,$5350,$201,$5551,$3545,$2006,$2006,$1990,$8993,$5350,$3180,3180,$0.63,$0.63,$20917,$4364,$0,$37419,$87880,$8193,$14496,$920,$113328,$150748,$28809,$26150,$18409,$60727,$89536,$1338,$48906,$0,$61195,$150748,$14262,$6270,$0,$6270,$1822,$568,$-1538,$-117,$736,$12222,$-8828,$0,$0,$0,$-836,$-836,$-100,$-9748,$-518,$401,$-117,$0,$0,$-3729,$0,$-3829,$-1588,$0,$-3729
18,2014-03-31,28.04,$0.00,0.0,$34.14,0.82,$2.42,11.59,$2.97,9.44,$41.59B,$29.28B,1.42,$24.99B,$61.67B,0.41,$108.65B,$56.85B,52.33%,$108.65B,$28.15B,25.91%,$108.65B,$28.15B,25.91%,$108.65B,$40.48B,37.26%,$108.65B,$26.43B,24.33%,$108.65B,$9.54B,8.78%,$9.54B,$61.67B,16.20%,$9.54B,$47.11B,21.97%,$9.54B,$148.55B,6.61%,$28.15B,$86.67B,33.73%,$28784,$13711,$15074,$608,$279,$20344,$8440,$115,$8571,$4680,$3892,$3892,$3875,$11067,$8440,$3181,3181,$1.22,$1.22,$25648,$3497,$0,$41592,$81772,$7668,$14565,$1002,$106960,$148552,$29277,$24991,$16962,$57585,$86878,$1314,$50672,$0,$61674,$148552,$8571,$2627,$0,$2627,$1182,$1363,$-1658,$0,$887,$9031,$-4236,$0,$0,$0,$2972,$2972,$0,$-1281,$0,$197,$197,$0,$0,$0,$0,$197,$7635,$0,$0
19,2013-12-31,23.97,$19.02,1.26,$34.12,0.7,$1.52,15.77,$2.09,11.47,$40.69B,$28.44B,1.43,$28.20B,$60.66B,0.47,$108.61B,$56.22B,51.76%,$108.61B,$26.46B,24.36%,$108.61B,$26.46B,24.36%,$108.61B,$38.80B,35.72%,$108.61B,$23.58B,21.71%,$108.61B,$6.80B,6.26%,$6.80B,$60.66B,11.63%,$6.80B,$45.07B,16.00%,$6.80B,$150.91B,4.75%,$26.46B,$88.86B,32.50%,$26043,$11943,$14100,$827,$522,$18789,$7254,$-614,$6657,$4142,$2516,$2516,$2535,$10623,$7254,$3181,3189,$0.79,$0.79,$21709,$5044,$0,$40692,$83053,$7821,$15592,$1448,$110215,$150906,$28440,$28201,$17705,$61804,$90244,$1363,$48479,$0,$60662,$150906,$23583,$12337,$0,$12337,$-2028,$-187,$1653,$3493,$2931,$17262,$-14688,$0,$0,$0,$-3953,$-3953,$-187,$-18812,$9457,$-1244,$8213,$0,$0,$-3664,$0,$4533,$3476,$0,$-3664
20,2013-09-30,22.53,$0.00,0.0,$35.16,0.64,$3.17,7.11,$2.08,10.83,$32.73B,$27.36B,1.2,$23.85B,$56.70B,0.42,$111.83B,$57.80B,51.69%,$111.83B,$28.21B,25.23%,$111.83B,$28.21B,25.23%,$111.83B,$40.01B,35.78%,$111.83B,$25.01B,22.36%,$111.83B,$6.63B,5.93%,$6.63B,$56.70B,11.62%,$6.63B,$41.10B,16.08%,$6.63B,$138.81B,4.76%,$28.21B,$80.54B,36.50%,$28357,$13711,$14646,$985,$401,$21794,$6563,$-67,$6496,$4208,$2288,$2288,$2388,$10191,$6563,$3180,3180,$0.75,$0.75,$16984,$3991,$0,$32732,$78073,$8684,$15598,$1403,$106078,$138810,$27355,$23848,$14997,$54759,$82114,$1336,$45290,$0,$56697,$138810,$16466,$8968,$0,$8968,$-167,$785,$401,$1987,$3006,$14479,$-12208,$0,$0,$0,$-568,$-568,$-50,$-12826,$5043,$-1152,$3891,$0,$0,$-3591,$0,$301,$2255,$0,$-3591
21,2013-06-30,20.55,$0.00,0.0,$35.03,0.59,$2.86,7.17,$2.09,9.83,$29.72B,$28.54B,1.04,$21.22B,$56.47B,0.38,$111.45B,$56.40B,50.61%,$111.45B,$28.33B,25.42%,$111.45B,$28.33B,25.42%,$111.45B,$38.96B,34.96%,$111.45B,$25.94B,23.28%,$111.45B,$6.68B,5.99%,$6.68B,$56.47B,11.94%,$6.68B,$40.32B,16.59%,$6.68B,$138.87B,4.86%,$28.33B,$77.69B,38.15%,$25463,$12431,$13032,$704,$361,$19574,$5889,$-1185,$4705,$3966,$738,$738,$738,$8598,$5889,$3181,3181,$0.24,$0.24,$10216,$4670,$0,$29721,$80544,$8533,$16157,$1339,$109150,$138871,$28537,$21222,$16655,$53862,$82399,$1374,$44642,$0,$56472,$138871,$10250,$5340,$0,$5340,$-2627,$240,$2507,$2060,$2181,$7984,$-9924,$0,$0,$0,$1030,$1030,$-34,$-8928,$2472,$-1047,$1425,$0,$0,$-3692,$0,$-2266,$-2970,$0,$-3692
22,2013-03-31,23.55,$0.00,0.0,$37.41,0.63,$5.19,4.54,$3.22,7.31,$33.71B,$30.12B,1.12,$18.63B,$59.94B,0.31,$119.03B,$59.31B,49.83%,$119.03B,$31.90B,26.80%,$119.03B,$31.90B,26.80%,$119.03B,$42.43B,35.64%,$119.03B,$31.36B,26.34%,$119.03B,$10.29B,8.64%,$10.29B,$59.94B,18.80%,$10.29B,$43.47B,26.25%,$10.29B,$144.14B,7.59%,$31.90B,$78.57B,44.14%,$28750,$14313,$14437,$551,$284,$21994,$6756,$-1031,$5725,$4587,$1138,$1138,$1138,$9388,$6756,$3182,3182,$0.36,$0.36,$15753,$4143,$0,$33711,$81432,$9281,$16464,$889,$110432,$144143,$30119,$18633,$18402,$54087,$84206,$1422,$49286,$0,$59936,$144143,$5725,$2631,$0,$2631,$-1085,$925,$-356,$1476,$960,$6810,$-4872,$0,$0,$0,$-889,$-889,$-18,$-5779,$-516,$-605,$-1120,$0,$0,$0,$0,$-1120,$-53,$0,$0
23,2012-12-31,23.95,$0.00,0.0,$38.92,0.62,$4.96,4.83,$3.69,6.49,$31.48B,$28.12B,1.12,$17.37B,$55.02B,0.32,$123.84B,$61.39B,49.57%,$123.84B,$34.95B,28.22%,$123.84B,$34.95B,28.22%,$123.84B,$45.36B,36.63%,$123.84B,$35.55B,28.71%,$123.84B,$11.76B,9.49%,$11.76B,$55.02B,22.43%,$11.76B,$39.96B,31.66%,$11.76B,$134.92B,8.82%,$34.95B,$72.40B,49.99%,$29256,$13571,$15686,$824,$3087,$20253,$9003,$-2746,$8083,$5761,$2322,$2364,$2364,$11837,$9003,$3180,3180,$0.74,$0.74,$14396,$4352,$0,$31476,$171776,$9718,$15067,$2460,$199692,$134917,$28122,$17372,$20434,$51772,$79894,$1376,$46578,$0,$55023,$134917,$35552,$10406,$0,$10406,$0,$0,$0,$0,$-688,$22016,$-14207,$0,$0,$0,$0,$-2081,$-327,$-16615,$0,$2253,$-1823,$0,$0,$-3560,$0,$-3130,$1944,$0,$0
24,2012-09-30,24.66,$0.00,0.0,$39.71,0.62,$5.26,4.69,$4.34,5.68,$31.70B,$29.34B,1.08,$16.09B,$52.31B,0.31,$126.38B,$63.20B,50.01%,$126.38B,$36.57B,28.93%,$126.38B,$36.57B,28.93%,$126.38B,$46.46B,36.76%,$126.38B,$37.92B,30.01%,$126.38B,$13.82B,10.94%,$13.82B,$52.31B,26.90%,$13.82B,$37.27B,38.69%,$13.82B,$131.66B,10.33%,$36.57B,$68.40B,52.58%,$27979,$14734,$13245,$874,$3212,$21298,$6681,$749,$7429,$4969,$2460,$2436,$2436,$9138,$6681,$3184,3184,$0.77,$0.77,$15115,$4296,$0,$31704,$0,$3750,$15037,$7718,$27129,$131664,$29335,$16091,$20608,$50023,$79359,$1350,$43123,$0,$52306,$131664,$27227,$7572,$0,$7572,$0,$0,$0,$0,$-17862,$14231,$-12924,$0,$0,$0,$0,$0,$3643,$-9281,$0,$0,$-1575,$0,$-61,$-3502,$440,$-4698,$-39,$0,$0
25,2012-06-30,22.82,$0.00,0.0,$40.43,0.56,$7.51,3.04,$4.16,5.49,$32.39B,$28.63B,1.13,$18.08B,$51.65B,0.35,$128.65B,$64.13B,49.85%,$128.65B,$36.87B,28.66%,$128.65B,$36.87B,28.66%,$128.65B,$47.06B,36.58%,$128.65B,$38.19B,29.68%,$128.65B,$13.28B,10.32%,$13.28B,$51.65B,26.45%,$13.28B,$36.11B,37.02%,$13.28B,$131.83B,9.93%,$36.87B,$69.73B,53.44%,$33048,$17106,$15942,$876,$2963,$23585,$9463,$2003,$10119,$5601,$4519,$4351,$4351,$12062,$9463,$3182,3182,$1.37,$1.36,$15167,$4000,$98,$32393,$0,$9461,$15539,$2000,$27630,$131828,$28629,$18079,$20155,$51552,$80181,$1355,$40836,$0,$51647,$131828,$19879,$5114,$0,$5114,$0,$0,$0,$0,$-1837,$8235,$-2792,$0,$0,$0,$0,$0,$-1617,$-4409,$0,$175,$-795,$0,$-41,$-3516,$-63,$-4240,$-536,$0,$0
26,2012-03-31,24.96,$0.00,0.0,$39.27,0.64,$8.33,3.0,$4.36,5.72,$36.57B,$31.98B,1.14,$18.55B,$50.63B,0.37,$124.96B,$63.07B,50.48%,$124.96B,$36.94B,29.56%,$124.96B,$36.94B,29.56%,$124.96B,$46.70B,37.37%,$124.96B,$39.34B,31.48%,$124.96B,$13.88B,11.11%,$13.88B,$50.63B,28.65%,$13.88B,$35.16B,38.78%,$13.88B,$134.66B,10.60%,$36.94B,$69.17B,54.99%,$33560,$17043,$16517,$539,$3656,$23753,$9807,$12,$9921,$7267,$2653,$2604,$2604,$12322,$9807,$3182,3182,$0.82,$0.82,$15068,$4381,$1060,$36565,$0,$4238,$15464,$7069,$27405,$134657,$31975,$18545,$19908,$52055,$84030,$1378,$40380,$0,$50627,$134657,$9921,$2516,$0,$2516,$0,$0,$0,$0,$-8677,$3310,$-2098,$0,$0,$0,$0,$0,$-728,$-2826,$0,$-141,$-237,$0,$-21,$0,$2,$-397,$-57,$0,$0
27,2011-12-31,23.58,$0.00,0.0,$36.72,0.64,$8.11,2.91,$4.42,5.33,$35.40B,$30.58B,1.16,$19.95B,$50.96B,0.39,$116.85B,$59.73B,51.12%,$116.85B,$34.93B,29.89%,$116.85B,$34.93B,29.89%,$116.85B,$44.10B,37.74%,$116.85B,$38.21B,32.70%,$116.85B,$14.07B,12.04%,$14.07B,$50.96B,30.49%,$14.07B,$34.40B,39.62%,$14.07B,$137.35B,11.13%,$34.93B,$70.90B,54.16%,$31793,$14300,$17494,$1233,$3614,$21176,$10617,$-2931,$10455,$6024,$4431,$4433,$4433,$12940,$10617,$3181,3181,$1.39,$1.39,$11881,$4962,$0,$35398,$168479,$10244,$16561,$1292,$197595,$137350,$30581,$19945,$21121,$55812,$86393,$1425,$39049,$0,$50957,$137350,$38213,$9176,$0,$9176,$0,$0,$0,$0,$-3539,$19918,$-11148,$0,$-4597,$0,$0,$0,$-101,$-15845,$0,$800,$475,$0,$0,$-3555,$0,$-2279,$1737,$0,$0
28,2011-09-30,19.84,$0.00,0.0,$34.32,0.58,$5.99,3.31,$3.54,5.6,$39.52B,$32.00B,1.24,$18.66B,$47.53B,0.39,$109.23B,$54.93B,50.29%,$109.23B,$31.46B,28.80%,$109.23B,$31.46B,28.80%,$109.23B,$40.53B,37.10%,$109.23B,$34.08B,31.20%,$109.23B,$11.24B,10.29%,$11.24B,$47.53B,26.29%,$11.24B,$37.76B,32.46%,$11.24B,$130.69B,9.47%,$31.46B,$66.19B,52.18%,$30251,$16077,$14174,$596,$3450,$23266,$6985,$602,$7695,$5896,$1799,$1888,$1888,$9736,$6985,$3182,3182,$0.59,$0.59,$18251,$4861,$3562,$39518,$0,$9899,$9770,$2036,$22175,$130693,$31997,$18659,$18951,$51164,$83161,$1454,$36147,$0,$47532,$130693,$28033,$6854,$0,$6854,$0,$0,$0,$0,$-5796,$14189,$-5732,$0,$0,$0,$0,$0,$-335,$-6068,$0,$-873,$0,$0,$-55,$-3628,$891,$-3665,$4375,$0,$0
29,2011-06-30,23.43,$0.00,0.0,$31.25,0.75,$4.29,5.46,$3.65,6.42,$36.82B,$29.25B,1.26,$17.81B,$44.64B,0.4,$99.44B,$50.30B,50.58%,$99.44B,$28.85B,29.01%,$99.44B,$28.85B,29.01%,$99.44B,$37.24B,37.45%,$99.44B,$32.11B,32.29%,$99.44B,$11.59B,11.65%,$11.59B,$44.64B,29.39%,$11.59B,$35.82B,36.63%,$11.59B,$121.20B,10.43%,$28.85B,$62.45B,51.20%,$29356,$14467,$14889,$38,$3251,$19824,$9532,$1736,$11269,$6291,$4978,$4954,$4954,$11701,$9532,$3183,3183,$1.56,$1.56,$15142,$4889,$4563,$36816,$0,$8367,$8821,$2124,$19449,$121197,$29250,$17811,$17173,$47304,$76554,$1467,$34584,$0,$44643,$121197,$20516,$4103,$0,$4103,$0,$0,$0,$0,$-12243,$9868,$-1798,$0,$0,$0,$0,$0,$64,$-1734,$0,$-389,$0,$0,$-37,$0,$-3699,$-4125,$3678,$0,$0
30,2011-03-31,24.49,$0.00,0.0,$28.57,0.86,$2.62,9.36,$2.25,10.88,$31.33B,$26.65B,1.18,$17.03B,$41.37B,0.41,$90.92B,$45.78B,50.35%,$90.92B,$23.61B,25.96%,$90.92B,$23.61B,25.96%,$90.92B,$32.03B,35.23%,$90.92B,$25.00B,27.50%,$90.92B,$7.13B,7.84%,$7.13B,$41.37B,19.47%,$7.13B,$34.02B,25.08%,$7.13B,$116.26B,6.76%,$23.61B,$58.40B,44.59%,$25445,$12270,$13175,$607,$2843,$17654,$7791,$960,$8795,$5985,$2810,$2791,$2791,$9724,$7791,$3183,3183,$0.88,$0.88,$13639,$4761,$198,$31325,$0,$9955,$7351,$6257,$23951,$116263,$26649,$17027,$17579,$48241,$74890,$1395,$31640,$0,$41372,$116263,$8795,$1934,$0,$1934,$0,$0,$0,$0,$-6356,$3561,$-3039,$0,$0,$0,$0,$-164,$1674,$-1528,$0,$1034,$0,$0,$-17,$0,$-13,$1003,$2909,$0,$0
31,2010-12-31,21.06,$0.00,0.0,$27.54,0.76,$2.94,7.17,$1.97,10.69,$24.67B,$22.57B,1.09,$16.55B,$37.54B,0.44,$87.65B,$44.97B,51.31%,$87.65B,$22.59B,25.77%,$87.65B,$22.59B,25.77%,$87.65B,$30.98B,35.35%,$87.65B,$22.68B,25.88%,$87.65B,$6.24B,7.12%,$6.24B,$37.54B,17.60%,$6.24B,$30.96B,23.51%,$6.24B,$106.61B,6.15%,$22.59B,$54.08B,43.67%,$24174,$11479,$12696,$899,$2513,$17027,$7147,$-678,$6324,$4713,$1611,$1610,$1610,$9366,$7147,$3182,3182,$0.51,$0.51,$7945,$3917,$178,$24665,$0,$8258,$6581,$9063,$24214,$106611,$22571,$16546,$17016,$46503,$69074,$1322,$27346,$0,$37536,$106611,$22684,$8391,$0,$8391,$0,$0,$0,$0,$-2558,$13399,$-11397,$0,$0,$0,$0,$0,$-1240,$-12637,$0,$357,$2041,$0,$-49,$-3166,$910,$94,$931,$0,$0
32,2010-09-30,18.59,$0.00,0.0,$26.72,0.7,$2.60,7.15,$1.86,9.99,$21.76B,$21.46B,1.01,$16.34B,$34.13B,0.48,$85.06B,$44.29B,52.08%,$85.06B,$21.27B,25.01%,$85.06B,$21.27B,25.01%,$85.06B,$29.29B,34.44%,$85.06B,$21.97B,25.83%,$85.06B,$5.89B,6.92%,$5.89B,$34.13B,17.28%,$5.89B,$25.73B,23.90%,$5.89B,$100.16B,6.05%,$21.27B,$50.47B,42.50%,$20467,$10927,$9540,$589,$2528,$16088,$4379,$1404,$5721,$3487,$2235,$2232,$2232,$6449,$4379,$3183,3183,$0.70,$0.70,$8581,$3426,$98,$21759,$0,$8139,$8395,$3933,$20801,$100160,$21455,$16338,$15472,$44576,$66031,$1293,$25224,$0,$34129,$100160,$16056,$6172,$0,$6172,$0,$0,$0,$0,$-2330,$10933,$-7881,$0,$0,$0,$0,$0,$-901,$-8782,$0,$803,$1376,$0,$-31,$-3097,$18,$-932,$1268,$0,$0
33,2010-06-30,16.97,$0.00,0.0,$26.99,0.63,$2.24,7.57,$1.52,11.16,$19.29B,$21.67B,0.89,$15.46B,$33.36B,0.46,$85.90B,$46.31B,53.91%,$85.90B,$22.69B,26.42%,$85.90B,$22.69B,26.42%,$85.90B,$31.74B,36.95%,$85.90B,$21.40B,24.91%,$85.90B,$4.80B,5.59%,$4.80B,$33.36B,14.37%,$4.80B,$22.96B,20.17%,$4.80B,$98.66B,5.03%,$22.69B,$48.82B,46.31%,$20832,$10462,$10370,$576,$3199,$16544,$4288,$-122,$4161,$3669,$493,$493,$493,$6487,$4288,$3183,3183,$0.16,$0.16,$5073,$3648,$92,$19294,$0,$7566,$10405,$4205,$22468,$98660,$21668,$15459,$16138,$43629,$65297,$1285,$22847,$0,$33363,$98660,$10271,$4102,$0,$4102,$0,$0,$0,$0,$-585,$7725,$-4975,$0,$0,$0,$0,$0,$-765,$-5740,$0,$166,$-477,$0,$-26,$-3078,$11,$-3404,$-952,$0,$0
34,2010-03-31,19.88,$0.00,0.0,$25.50,0.78,$1.62,12.26,$1.36,14.62,$21.31B,$20.10B,1.06,$16.78B,$36.77B,0.46,$81.18B,$44.86B,55.26%,$81.18B,$22.04B,27.15%,$81.18B,$22.04B,27.15%,$81.18B,$30.96B,38.14%,$81.18B,$20.25B,24.94%,$81.18B,$4.32B,5.32%,$4.32B,$36.77B,13.31%,$4.32B,$26.52B,18.66%,$4.32B,$100.42B,4.68%,$22.04B,$53.55B,46.25%,$22181,$9814,$12368,$551,$3136,$15404,$6778,$-185,$6477,$4574,$1903,$1904,$1904,$8681,$6778,$3183,3183,$0.60,$0.60,$7267,$3587,$13,$21308,$0,$7325,$10250,$1890,$19730,$100418,$20098,$16779,$13662,$43548,$63645,$1362,$26868,$0,$36773,$100418,$6477,$1903,$0,$1903,$0,$0,$0,$0,$-4292,$4186,$-2647,$0,$0,$0,$0,$0,$-625,$-3272,$0,$-110,$-466,$0,$-16,$0,$13,$-580,$491,$0,$0
35,2009-12-31,21.23,$0.00,0.0,$23.70,0.9,$0.65,32.54,$0.94,22.59,$18.62B,$17.89B,1.04,$15.35B,$32.02B,0.48,$76.82B,$43.88B,57.12%,$76.82B,$21.81B,28.39%,$76.82B,$21.81B,28.39%,$76.82B,$30.46B,39.65%,$76.82B,$18.38B,23.93%,$76.82B,$3.04B,3.96%,$3.04B,$32.02B,9.80%,$3.04B,$23.34B,13.77%,$3.04B,$90.05B,3.45%,$21.81B,$47.37B,48.55%,$21575,$9560,$12015,$881,$3140,$15749,$5826,$8,$5607,$4442,$1165,$1260,$1260,$7676,$5826,$3183,3183,$0.40,$0.40,$5938,$3231,$29,$18621,$0,$6555,$8680,$1351,$16899,$90054,$17889,$15354,$12581,$40147,$58036,$1276,$23345,$0,$32019,$90054,$18382,$8649,$0,$8649,$0,$0,$0,$0,$-1353,$11680,$-10744,$0,$0,$0,$0,$0,$-1313,$-12057,$0,$-1138,$6626,$0,$-55,$-3694,$67,$1807,$974,$0,$0
36,2009-09-30,19.21,$0.00,0.0,$23.87,0.8,$2.46,7.83,$0.63,30.49,$23.56B,$21.30B,1.11,$14.78B,$31.46B,0.47,$77.42B,$43.12B,55.70%,$77.42B,$21.52B,27.79%,$77.42B,$21.52B,27.79%,$77.42B,$30.59B,39.51%,$77.42B,$15.62B,20.17%,$77.42B,$2.08B,2.69%,$2.08B,$31.46B,6.35%,$2.08B,$22.35B,9.04%,$2.08B,$92.76B,2.27%,$21.52B,$46.24B,47.55%,$21310,$9754,$11555,$339,$2543,$15510,$5800,$631,$5153,$4066,$1086,$1143,$1143,$8898,$5800,$3184,3184,$0.36,$0.36,$11612,$2552,$8,$23561,$0,$3904,$9108,$758,$14225,$92762,$21303,$14777,$12973,$40001,$61304,$1304,$22278,$0,$31458,$92762,$13518,$6799,$0,$6799,$0,$0,$0,$0,$-1962,$10013,$-8109,$0,$0,$0,$0,$0,$-1112,$-9221,$0,$-757,$5991,$0,$-42,$-3777,$53,$1468,$2030,$0,$0
37,2009-06-30,16.85,$0.00,0.0,$27.38,0.62,$4.18,4.03,$0.65,25.92,$20.29B,$19.17B,1.06,$13.91B,$29.51B,0.47,$88.61B,$46.49B,52.46%,$88.61B,$24.36B,27.49%,$88.61B,$24.36B,27.49%,$88.61B,$32.30B,36.44%,$88.61B,$17.44B,19.68%,$88.61B,$2.15B,2.43%,$2.15B,$29.51B,6.28%,$2.15B,$20.38B,8.76%,$2.15B,$85.52B,2.27%,$24.36B,$43.42B,53.91%,$16113,$7189,$8924,$682,$2631,$12480,$3633,$-648,$3010,$3006,$4,$12,$12,$5704,$3633,$3184,3184,$0.00,$0.00,$8233,$2890,$211,$20288,$0,$3847,$9128,$677,$13948,$85522,$19172,$13906,$11803,$36841,$56013,$1229,$19853,$0,$29509,$85522,$7885,$3701,$0,$3701,$0,$0,$0,$0,$-72,$5971,$-5187,$0,$0,$0,$0,$0,$-876,$-6063,$0,$-1000,$5655,$0,$-12,$-3560,$27,$1111,$897,$0,$0
38,2009-03-31,14.54,$0.00,0.0,$32.83,0.44,$5.39,2.7,$1.81,8.03,$22.84B,$20.58B,1.11,$11.42B,$31.22B,0.37,$106.21B,$55.16B,51.93%,$106.21B,$32.97B,31.04%,$106.21B,$32.97B,31.04%,$106.21B,$40.54B,38.17%,$106.21B,$26.66B,25.11%,$106.21B,$5.86B,5.52%,$5.86B,$31.22B,16.34%,$5.86B,$22.28B,22.31%,$5.86B,$84.22B,5.87%,$32.97B,$42.65B,73.02%,$17818,$6436,$11382,$767,$2434,$11268,$6550,$-568,$4612,$4033,$579,$627,$627,$8180,$6550,$3446,3446,$0.18,$0.18,$11077,$2153,$616,$22839,$0,$3983,$8948,$597,$13842,$84221,$20581,$11423,$10415,$32417,$52998,$1163,$22049,$0,$31223,$84221,$4612,$1630,$0,$1630,$0,$0,$0,$0,$-3175,$1198,$-2872,$0,$0,$0,$0,$0,$2,$-2870,$0,$-474,$3564,$0,$-13,$0,$7,$3084,$1276,$0,$0
39,2008-12-31,13.89,$0.00,0.0,$37.05,0.37,$6.68,2.08,$2.57,5.4,$26.05B,$28.73B,0.91,$9.82B,$38.87B,0.25,$118.38B,$59.16B,49.97%,$118.38B,$36.13B,30.52%,$118.38B,$36.13B,30.52%,$118.38B,$43.87B,37.06%,$118.38B,$32.47B,27.43%,$118.38B,$8.24B,6.96%,$8.24B,$38.87B,22.24%,$8.24B,$26.99B,29.71%,$8.24B,$104.06B,7.95%,$36.13B,$48.69B,79.79%,$22175,$10912,$11262,$596,$2951,$16642,$5533,$-1519,$2840,$2974,$-134,$297,$297,$7804,$5533,$3190,3190,$0.09,$0.09,$10055,$2726,$691,$26052,$0,$5665,$11880,$889,$18668,$104058,$28734,$9824,$14373,$36456,$65190,$1434,$26625,$0,$38868,$104058,$32466,$7735,$0,$7735,$0,$0,$0,$0,$-25799,$18446,$-11756,$0,$-2360,$0,$0,$0,$-1325,$-15442,$0,$0,$-48,$0,$-55,$-4872,$1912,$-3064,$67,$0,$0
40,2008-09-30,19.84,$0.00,0.0,$38.53,0.52,$5.96,3.33,$2.84,6.99,$36.41B,$35.02B,1.04,$8.41B,$37.57B,0.22,$123.06B,$62.26B,50.59%,$123.06B,$32.36B,26.29%,$123.06B,$32.36B,26.29%,$123.06B,$41.72B,33.90%,$123.06B,$40.87B,33.21%,$123.06B,$9.09B,7.39%,$9.09B,$37.57B,25.97%,$9.09B,$28.59B,33.99%,$9.09B,$105.77B,9.25%,$32.36B,$45.98B,75.83%,$32508,$17587,$14921,$869,$3272,$23864,$8644,$-1755,$6976,$5801,$1175,$1216,$1216,$10607,$8644,$3186,3186,$0.38,$0.38,$17512,$4746,$0,$36407,$0,$4986,$8984,$954,$15130,$105769,$35022,$8410,$12110,$33176,$68197,$1492,$29071,$0,$37572,$105769,$28968,$5464,$0,$5464,$0,$0,$0,$0,$-5329,$15579,$-8183,$0,$0,$0,$0,$0,$484,$-7700,$0,$0,$83,$0,$-42,$-5070,$142,$-4887,$3024,$0,$0
41,2008-06-30,31.17,$0.00,0.0,$37.18,0.84,$6.80,4.58,$3.32,9.39,$35.74B,$35.37B,1.01,$7.44B,$35.84B,0.21,$109.56B,$54.67B,49.90%,$109.56B,$27.93B,25.50%,$109.56B,$27.93B,25.50%,$109.56B,$36.37B,33.20%,$109.56B,$39.09B,35.68%,$109.56B,$9.73B,8.89%,$9.73B,$35.84B,31.28%,$9.73B,$27.25B,41.47%,$9.73B,$105.27B,11.19%,$27.93B,$43.28B,73.74%,$33707,$16113,$17594,$383,$3349,$21466,$12241,$-5,$12236,$8511,$3725,$3723,$3723,$13945,$12241,$3209,3209,$1.16,$1.16,$14881,$4356,$0,$35744,$0,$5182,$8597,$1029,$14942,$105274,$35366,$7441,$12377,$34065,$69431,$1570,$29299,$0,$35843,$105274,$23132,$3501,$0,$3501,$0,$0,$0,$0,$-6120,$10317,$-5637,$0,$0,$0,$0,$0,$587,$-5050,$0,$0,$-393,$0,$-30,$-5332,$860,$-4895,$362,$0,$0
42,2008-03-31,24.41,$0.00,0.0,$33.19,0.74,$6.29,3.88,$2.87,8.5,$34.59B,$31.00B,1.12,$7.19B,$35.98B,0.2,$97.04B,$47.32B,48.76%,$97.04B,$23.07B,23.77%,$97.04B,$23.07B,23.77%,$97.04B,$30.72B,31.66%,$97.04B,$31.57B,32.53%,$97.04B,$8.33B,8.58%,$8.33B,$35.98B,30.62%,$8.33B,$28.18B,41.48%,$8.33B,$99.61B,11.15%,$23.07B,$43.17B,69.16%,$29988,$14608,$15381,$795,$3076,$20276,$9712,$702,$10415,$7396,$3019,$3008,$3008,$11509,$9712,$3194,3194,$0.94,$0.94,$17549,$3012,$0,$34590,$0,$4685,$7802,$1036,$13699,$99609,$30999,$7186,$11903,$32628,$63627,$1500,$29569,$0,$35982,$99609,$10415,$1797,$0,$1797,$0,$0,$0,$0,$-7290,$5058,$-2507,$0,$0,$0,$0,$0,$402,$-2105,$0,$205,$-378,$0,$-8,$0,$-3,$-184,$2760,$0,$0
43,2007-12-31,24.94,$0.00,0.0,$31.32,0.8,$6.72,3.71,$2.51,9.93,$22.22B,$22.15B,1.0,$7.60B,$30.66B,0.25,$83.18B,$38.60B,46.41%,$83.18B,$17.17B,20.64%,$83.18B,$17.17B,20.64%,$83.18B,$23.90B,28.74%,$83.18B,$25.13B,30.22%,$83.18B,$6.58B,7.91%,$6.58B,$30.66B,27.99%,$6.58B,$22.98B,38.10%,$6.58B,$82.73B,10.36%,$17.17B,$38.25B,59.16%,$26860,$12498,$14362,$1241,$7349,$25099,$1761,$149,$11244,$8536,$2708,$1145,$1145,$5654,$1761,$3187,3187,$0.36,$0.36,$7313,$3030,$0,$22220,$0,$4159,$7678,$879,$12853,$82727,$22147,$7597,$10775,$29924,$52071,$1365,$24124,$0,$30656,$82727,$25105,$6733,$0,$6733,$0,$0,$0,$0,$106,$16080,$-11689,$0,$0,$0,$0,$-111,$-1059,$-12859,$0,$136,$-197,$0,$-37,$-4394,$3138,$-1354,$1838,$0,$0
44,2007-09-30,27.71,$0.00,0.0,$30.41,0.91,$6.72,4.12,$3.02,9.18,$16.08B,$18.39B,0.87,$4.83B,$21.99B,0.22,$72.51B,$31.32B,43.19%,$72.51B,$19.45B,26.83%,$72.51B,$19.45B,26.83%,$72.51B,$23.26B,32.08%,$72.51B,$18.41B,25.39%,$72.51B,$7.31B,10.08%,$7.31B,$21.99B,35.44%,$7.31B,$15.49B,44.84%,$7.31B,$60.33B,13.25%,$19.45B,$26.82B,76.55%,$19000,$11669,$7331,$313,$1831,$14782,$4218,$987,$5197,$3342,$1855,$1858,$1858,$5266,$4218,$2144,2144,$0.86,$0.86,$5235,$2694,$0,$16080,$0,$3730,$6504,$593,$10917,$60330,$18390,$4830,$6674,$19951,$38341,$932,$16832,$0,$21989,$60330,$14424,$2840,$0,$2840,$0,$0,$0,$0,$190,$11549,$-4753,$0,$-2560,$0,$0,$0,$-991,$-8304,$0,$1268,$-144,$0,$-26,$-3398,$-50,$-2350,$864,$0,$0
45,2007-06-30,25.34,$0.00,0.0,$29.10,0.87,$5.59,4.53,$2.77,9.15,$13.50B,$16.95B,0.8,$4.96B,$20.20B,0.25,$70.32B,$31.35B,44.58%,$70.32B,$19.98B,28.41%,$70.32B,$19.98B,28.41%,$70.32B,$23.50B,33.42%,$70.32B,$17.62B,25.06%,$70.32B,$6.81B,9.69%,$6.81B,$20.20B,34.54%,$6.81B,$13.68B,40.02%,$6.81B,$56.10B,12.79%,$19.98B,$25.16B,81.42%,$21195,$10946,$10249,$198,$1789,$13820,$7375,$413,$4714,$2892,$1822,$2319,$2319,$8292,$7375,$3257,3257,$0.71,$0.71,$2673,$3179,$0,$13495,$0,$3525,$6513,$617,$10710,$56104,$16949,$4962,$6322,$18959,$35907,$901,$14362,$0,$20197,$56104,$8839,$1792,$0,$1792,$0,$0,$0,$0,$912,$6147,$-3077,$0,$-1996,$0,$0,$0,$-981,$-6054,$0,$0,$-63,$0,$-14,$-3255,$2558,$-773,$-699,$0,$0
46,2007-03-31,21.43,$0.00,0.0,$30.48,0.7,$6.11,3.51,$2.78,7.71,$16.64B,$15.92B,1.05,$4.61B,$21.25B,0.22,$66.21B,$28.49B,43.03%,$66.21B,$17.44B,26.34%,$66.21B,$17.44B,26.34%,$66.21B,$20.91B,31.58%,$66.21B,$18.10B,27.34%,$66.21B,$6.06B,9.16%,$6.06B,$21.25B,32.11%,$6.06B,$16.96B,34.04%,$6.06B,$55.04B,11.82%,$17.44B,$25.86B,73.85%,$16127,$9467,$6660,$189,$1784,$12312,$3815,$200,$3979,$2721,$1257,$1261,$1261,$4691,$3815,$2145,2145,$0.58,$0.58,$6939,$2325,$0,$16637,$0,$3453,$4292,$657,$8464,$55040,$15920,$4611,$5809,$17868,$33788,$869,$15272,$0,$21251,$55040,$3991,$876,$0,$876,$0,$0,$0,$0,$-720,$4046,$-1404,$0,$0,$0,$0,$-9,$-1017,$-2430,$0,$7,$-119,$0,$-5,$0,$-14,$-132,$1482,$0,$0
47,2006-12-31,20.83,$0.00,0.0,$30.44,0.68,$5.65,3.69,$2.91,7.16,$12.04B,$12.15B,0.99,$4.73B,$19.09B,0.25,$66.33B,$28.91B,43.59%,$66.33B,$18.17B,27.40%,$66.33B,$18.17B,27.40%,$66.33B,$21.57B,32.52%,$66.33B,$19.01B,28.66%,$66.33B,$6.35B,9.57%,$6.35B,$19.09B,35.46%,$6.35B,$19.09B,35.46%,$6.35B,$49.28B,12.78%,$18.17B,$23.82B,80.15%,$16183,$9106,$7077,$298,$1738,$12136,$4046,$466,$4517,$2623,$1894,$1874,$1874,$5011,$4046,$2151,2151,$0.87,$0.87,$1312,$1854,$2427,$12040,$0,$768,$0,$3728,$4496,$49276,$12153,$4728,$6047,$18031,$30184,$846,$13787,$0,$19092,$49276,$6344,$3400,$0,$3400,$0,$0,$0,$0,$-1206,$9515,$-6551,$0,$0,$0,$0,$-24,$314,$-6261,$0,$47,$-208,$0,$-158,$-2889,$0,$-3208,$53,$0,$0
