,Date,Stock Price,Book Value per Share,Price to Book Ratio,TTM Sales per Share,Price to Sales Ratio,TTM FCF per Share,Price to FCF Ratio,TTM Net EPS,PE Ratio,Current Assets,Current Liabilities,Current Ratio,Long Term Debt,Shareholder's Equity_x,Debt to Equity Ratio,TTM Revenue_x,TTM Gross Profit,Gross Margin,TTM Revenue_y,TTM Operating Income,Operating Margin,TTM Revenue_x,TTM EBIT,EBIT Margin,TTM Revenue_y,TTM EBITDA,EBITDA Margin,TTM Revenue_x,TTM Pre-Tax Income,Pre-Tax Margin,TTM Revenue_y,TTM Net Income_x,Net Margin,TTM Net Income_y,Shareholder's Equity_y,Return on Equity,TTM Net Income_x,Tangible Equity,Return on Tangible Equity,TTM Net Income_y,Total Assets,Return on Assets,TTM Net Income,LT Investments & Debt,Return on Investment,revenue,cost-goods-sold,gross-profit,research-development-expenses,selling-general-administrative-expenses,operating-expenses,operating-income,total-non-operating-income-expense,pre-tax-income,total-provision-income-taxes,income-after-taxes,income-from-continuous-operations,net-income,ebitda,ebit,basic-shares-outstanding,shares-outstanding,eps-basic-net-earnings-per-share,eps-earnings-per-share-diluted,cash-on-hand,inventory,other-current-assets,total-current-assets,net-property-plant-equipment,long-term-investments,goodwill-intangible-assets-total,other-long-term-assets,total-long-term-assets,total-assets,total-current-liabilities,long-term-debt,other-non-current-liabilities,total-long-term-liabilities,total-liabilities,common-stock-net,retained-earnings-accumulated-deficit,comprehensive-income,total-share-holder-equity,total-liabilities-share-holders-equity,net-income-loss,total-depreciation-amortization-cash-flow,other-non-cash-items,total-non-cash-items,change-in-accounts-receivable,change-in-inventories,change-in-accounts-payable,change-in-assets-liabilities,total-change-in-assets-liabilities,cash-flow-from-operating-activities,net-change-in-property-plant-equipment,net-change-in-intangible-assets,net-acquisitions-divestitures,net-change-in-short-term-investments,net-change-in-long-term-investments,net-change-in-investments-total,investing-activities-other,cash-flow-from-investing-activities,net-long-term-debt,net-current-debt,debt-issuance-retirement-net-total,net-common-equity-issued-repurchased,net-total-equity-issued-repurchased,total-common-preferred-stock-dividends-paid,financial-activities-other,cash-flow-from-financial-activities,net-cash-flow,stock-based-compensation,common-stock-dividends-paid
0,2018-09-30,66.26,$28.41,2.33,$6.67,9.93,$6.81,9.74,$1.80,36.81,$0.03B,$0.25B,0.13,$8.82B,$10.43B,0.85,$2.56B,$1.69B,66.25%,$2.56B,$0.86B,33.44%,$2.56B,$0.86B,33.44%,$2.56B,$1.70B,66.29%,$2.56B,$0.43B,16.62%,$2.56B,$0.66B,25.93%,$0.66B,$10.47B,6.33%,$0.66B,$10.47B,6.33%,$0.66B,$20.54B,3.24%,$0.86B,$19.29B,4.43%,$653,$220,$433,$0,$13,$428,$225,$-114,$110,$0,$110,$224,$214,$446,$225,$368,384,$0.58,$0.58,$33,$0,$0,$33,$19931,$0,$0,$578,$20509,$20542,$252,$8824,$618,$9823,$10075,$4,$1345,$-51,$10467,$20542,$563,$631,$-205,$427,$0,$0,$0,$-15,$55,$1044,$-259,$0,$0,$0,$-5,$-5,$-5,$-269,$-178,$0,$-178,$9,$9,$-586,$-33,$-787,$-12,$22,$-583
1,2018-06-30,63.69,$28.35,2.25,$6.60,9.65,$6.02,10.58,$1.59,40.06,$0.04B,$0.21B,0.17,$8.77B,$10.40B,0.84,$2.53B,$1.68B,66.26%,$2.53B,$0.85B,33.54%,$2.53B,$0.85B,33.54%,$2.53B,$1.66B,65.63%,$2.53B,$0.44B,17.48%,$2.53B,$0.59B,23.18%,$0.59B,$10.44B,5.59%,$0.59B,$10.44B,5.59%,$0.59B,$20.41B,2.86%,$0.85B,$19.21B,4.39%,$640,$217,$423,$0,$13,$422,$218,$-99,$119,$0,$118,$118,$113,$420,$218,$368,383,$0.31,$0.31,$35,$0,$0,$35,$19827,$0,$0,$546,$20372,$20407,$210,$8773,$618,$9757,$9967,$4,$1330,$-67,$10440,$20407,$339,$410,$-99,$311,$0,$0,$0,$5,$35,$685,$-78,$0,$0,$0,$-3,$-3,$-3,$-84,$-186,$0,$-186,$5,$5,$-386,$-46,$-613,$-12,$17,$-384
2,2018-03-31,61.1,$28.58,2.14,$6.53,9.35,$5.83,10.48,$1.81,33.76,$0.04B,$0.24B,0.19,$8.66B,$10.49B,0.83,$2.50B,$1.66B,66.24%,$2.50B,$0.84B,33.64%,$2.50B,$0.84B,33.64%,$2.50B,$1.64B,65.48%,$2.50B,$0.44B,17.60%,$2.50B,$0.67B,26.72%,$0.67B,$10.53B,6.36%,$0.67B,$10.53B,6.36%,$0.67B,$20.38B,3.25%,$0.84B,$19.19B,4.34%,$633,$224,$409,$0,$16,$436,$197,$-117,$80,$0,$79,$221,$211,$404,$197,$368,383,$0.57,$0.57,$44,$0,$0,$44,$19786,$0,$0,$554,$20339,$20384,$237,$8659,$607,$9622,$9859,$4,$1416,$-78,$10525,$20384,$221,$207,$-107,$100,$0,$0,$0,$-20,$40,$361,$152,$0,$0,$0,$-3,$-3,$-2,$147,$-296,$0,$-296,$3,$3,$-186,$-36,$-514,$-6,$10,$-185
3,2017-12-31,62.65,$28.46,2.2,$6.46,9.7,$5.12,12.23,$1.63,38.44,$0.05B,$0.17B,0.29,$8.96B,$10.44B,0.86,$2.47B,$1.65B,66.57%,$2.47B,$0.85B,34.32%,$2.47B,$0.85B,34.32%,$2.47B,$1.63B,65.76%,$2.47B,$0.46B,18.41%,$2.47B,$0.60B,24.28%,$0.60B,$10.47B,5.71%,$0.60B,$10.47B,5.71%,$0.60B,$20.57B,2.91%,$0.85B,$19.43B,4.36%,$631,$202,$429,$0,$12,$416,$215,$-99,$116,$-0,$116,$130,$125,$425,$215,$367,383,$0.35,$0.34,$51,$0,$0,$51,$19987,$0,$0,$533,$20520,$20571,$173,$8957,$600,$9924,$10097,$4,$1404,$-89,$10474,$20571,$628,$778,$-128,$650,$0,$0,$0,$-22,$-13,$1266,$-562,$0,$0,$0,$-6,$-6,$-26,$-594,$-30,$0,$-30,$35,$35,$-742,$-53,$-790,$-118,$25,$-739
4,2017-09-30,64.26,$28.56,2.25,$6.40,10.05,$21.84,2.94,$2.04,31.5,$0.06B,$0.24B,0.24,$8.99B,$10.46B,0.86,$2.45B,$1.63B,66.58%,$2.45B,$0.86B,35.05%,$2.45B,$0.86B,35.05%,$2.45B,$1.61B,65.85%,$2.45B,$0.47B,19.18%,$2.45B,$0.75B,30.72%,$0.75B,$10.49B,7.15%,$0.75B,$10.49B,7.15%,$0.75B,$20.70B,3.63%,$0.86B,$19.49B,4.40%,$624,$210,$414,$0,$13,$406,$218,$-90,$127,$0,$127,$144,$137,$410,$218,$367,383,$0.37,$0.37,$47,$0,$0,$58,$20099,$0,$0,$541,$20640,$20698,$241,$8992,$590,$9963,$10204,$4,$1464,$-95,$10494,$20698,$498,$568,$-122,$446,$0,$0,$0,$-49,$26,$970,$-488,$0,$0,$0,$-5,$-5,$-23,$-516,$-6,$0,$-6,$16,$16,$-557,$-32,$-579,$-125,$20,$-554
5,2017-06-30,63.68,$28.66,2.22,$6.35,10.03,$37.88,1.68,$2.23,28.56,$0.06B,$0.19B,0.32,$8.96B,$10.49B,0.86,$2.43B,$1.62B,66.54%,$2.43B,$0.85B,34.94%,$2.43B,$0.85B,34.94%,$2.43B,$1.60B,65.80%,$2.43B,$0.46B,18.87%,$2.43B,$0.82B,33.87%,$0.82B,$10.53B,7.86%,$0.82B,$10.53B,7.86%,$0.82B,$20.64B,3.95%,$0.85B,$19.49B,4.39%,$612,$208,$404,$0,$14,$402,$211,$-93,$117,$0,$117,$204,$195,$398,$211,$367,383,$0.53,$0.53,$38,$0,$0,$59,$19818,$0,$0,$760,$20578,$20637,$187,$8964,$579,$9924,$10111,$4,$1512,$-101,$10526,$20637,$354,$376,$-112,$264,$0,$0,$0,$-71,$-59,$559,$-26,$0,$0,$0,$-2,$-2,$-17,$-45,$-292,$265,$-27,$10,$10,$-372,$-32,$-420,$94,$15,$-369
6,2017-03-31,59.74,$28.64,2.09,$6.31,9.47,$53.08,1.13,$2.29,26.09,$0.11B,$0.24B,0.46,$8.93B,$10.48B,0.85,$2.41B,$1.61B,66.85%,$2.41B,$0.84B,34.98%,$2.41B,$0.84B,34.98%,$2.41B,$1.59B,65.93%,$2.41B,$0.51B,21.29%,$2.41B,$0.85B,35.06%,$0.85B,$10.52B,7.91%,$0.85B,$10.52B,7.91%,$0.85B,$20.61B,4.03%,$0.84B,$19.45B,4.34%,$604,$207,$398,$0,$14,$400,$204,$-109,$95,$0,$95,$150,$143,$392,$204,$367,382,$0.39,$0.39,$42,$0,$0,$110,$19950,$0,$0,$549,$20498,$20608,$240,$8930,$563,$9853,$10093,$4,$1502,$-109,$10515,$20608,$150,$188,$-34,$154,$0,$0,$0,$-56,$0,$304,$-63,$0,$0,$0,$-2,$-2,$-8,$-73,$-59,$0,$-59,$5,$5,$-186,$-24,$-264,$-33,$8,$-184
7,2016-12-31,61.3,$28.59,2.14,$6.35,9.66,$68.56,0.89,$11.66,5.26,$0.08B,$0.21B,0.37,$8.99B,$10.42B,0.86,$2.43B,$1.62B,66.76%,$2.43B,$0.86B,35.30%,$2.43B,$0.86B,35.30%,$2.43B,$1.60B,66.06%,$2.43B,$0.42B,17.15%,$2.43B,$4.29B,176.87%,$4.29B,$10.46B,39.42%,$4.29B,$10.46B,39.42%,$4.29B,$20.70B,20.30%,$0.86B,$19.45B,4.38%,$605,$194,$412,$0,$10,$381,$224,$-94,$130,$0,$130,$302,$276,$410,$224,$365,382,$0.74,$0.77,$77,$0,$0,$77,$20026,$0,$0,$601,$20627,$20704,$208,$8987,$605,$10035,$10243,$4,$1544,$-114,$10461,$20704,$4480,$745,$-3971,$-3225,$0,$0,$0,$-10,$-41,$1214,$5874,$0,$0,$0,$68,$68,$-38,$5904,$-2045,$0,$-2045,$40,$40,$-4774,$-274,$-7054,$64,$31,$-4772
8,2016-09-30,60.79,$28.27,2.15,$6.61,9.2,$51.82,1.17,$11.46,5.3,$0.58B,$0.27B,2.16,$8.50B,$10.30B,0.83,$2.52B,$1.69B,66.94%,$2.52B,$0.92B,36.42%,$2.52B,$0.92B,36.42%,$2.52B,$1.67B,66.03%,$2.52B,$0.46B,18.23%,$2.52B,$4.22B,167.10%,$4.22B,$10.34B,38.55%,$4.22B,$10.34B,38.55%,$4.22B,$21.30B,19.40%,$0.92B,$18.84B,4.58%,$606,$205,$401,$0,$12,$397,$209,$-94,$116,$0,$115,$217,$208,$397,$209,$365,382,$0.57,$0.56,$518,$0,$0,$581,$20105,$0,$0,$612,$20717,$21298,$269,$8499,$1749,$10690,$10959,$4,$1451,$-119,$10339,$21298,$4178,$560,$-3920,$-3360,$0,$0,$0,$-24,$2,$819,$5795,$0,$0,$0,$69,$69,$-112,$5752,$-2459,$0,$-2459,$30,$30,$-3493,$-173,$-6096,$475,$26,$-3491
9,2016-06-30,61.73,$31.20,1.98,$6.85,9.01,$36.46,1.69,$11.43,5.4,$0.56B,$0.25B,2.29,$8.51B,$11.37B,0.75,$2.61B,$1.76B,67.24%,$2.61B,$0.97B,37.05%,$2.61B,$0.97B,37.05%,$2.61B,$1.73B,66.17%,$2.61B,$0.48B,18.52%,$2.61B,$4.20B,160.89%,$4.20B,$11.41B,38.12%,$4.20B,$11.41B,38.12%,$4.20B,$21.23B,18.97%,$0.97B,$19.92B,4.67%,$595,$195,$400,$0,$18,$389,$206,$-34,$172,$0,$172,$228,$218,$390,$206,$365,382,$0.60,$0.59,$498,$0,$0,$560,$20128,$0,$0,$542,$20670,$21230,$245,$8511,$589,$9579,$9823,$4,$2525,$-124,$11407,$21230,$3960,$372,$-3821,$-3449,$0,$0,$0,$-17,$-36,$475,$5864,$0,$0,$0,$67,$67,$-59,$5872,$-2449,$0,$-2449,$28,$28,$-3308,$-163,$-5892,$456,$21,$-3307
10,2016-03-31,66.73,$30.94,2.16,$7.08,9.42,$21.21,3.15,$11.62,5.74,$0.43B,$0.29B,1.5,$8.58B,$11.27B,0.76,$2.70B,$1.81B,67.22%,$2.70B,$1.01B,37.37%,$2.70B,$1.01B,37.37%,$2.70B,$1.79B,66.22%,$2.70B,$0.45B,16.69%,$2.70B,$4.27B,158.40%,$4.27B,$11.31B,39.23%,$4.27B,$11.31B,39.23%,$4.27B,$21.30B,18.88%,$1.01B,$19.89B,4.76%,$619,$213,$406,$0,$17,$402,$217,$-218,$-2,$0,$-2,$3732,$3587,$405,$217,$365,382,$9.84,$9.76,$368,$0,$0,$427,$20144,$0,$0,$730,$20874,$21301,$285,$8584,$602,$9707,$9993,$4,$2491,$-126,$11309,$21301,$3732,$188,$-3723,$-3534,$0,$0,$0,$-13,$4,$201,$5958,$0,$0,$0,$1,$1,$-207,$5751,$-2372,$0,$-2372,$22,$22,$-3123,$-153,$-5627,$326,$10,$-3123
11,2015-12-31,64.54,$29.32,2.2,$7.21,8.95,$5.88,10.98,$2.35,27.46,$0.10B,$0.27B,0.36,$10.92B,$10.66B,1.03,$2.74B,$1.84B,67.06%,$2.74B,$1.01B,36.77%,$2.74B,$1.01B,36.77%,$2.74B,$1.80B,65.52%,$2.74B,$0.56B,20.37%,$2.74B,$0.86B,31.49%,$0.86B,$10.70B,8.05%,$0.86B,$10.70B,8.05%,$0.86B,$23.11B,3.75%,$1.01B,$21.62B,4.67%,$703,$221,$482,$0,$14,$416,$287,$-113,$174,$0,$174,$214,$203,$474,$287,$363,381,$0.55,$0.56,$42,$0,$0,$99,$20277,$0,$0,$2734,$23011,$23110,$272,$10921,$653,$12142,$12414,$4,$2009,$-152,$10696,$23110,$908,$788,$-305,$482,$0,$0,$0,$-28,$-34,$1357,$-667,$0,$0,$0,$-20,$-20,$-9,$-696,$465,$-333,$132,$64,$48,$-788,$-58,$-666,$-5,$35,$-785
12,2015-09-30,59.02,$29.40,2.01,$7.13,8.28,$5.80,10.17,$2.39,24.69,$0.09B,$0.34B,0.27,$10.80B,$10.66B,1.01,$2.71B,$1.81B,66.78%,$2.71B,$0.97B,35.96%,$2.71B,$0.97B,35.96%,$2.71B,$1.77B,65.45%,$2.71B,$0.52B,19.29%,$2.71B,$0.88B,32.45%,$0.88B,$10.71B,8.18%,$0.88B,$10.71B,8.18%,$0.88B,$23.01B,3.81%,$0.97B,$21.51B,4.51%,$696,$227,$469,$0,$15,$439,$258,$-118,$140,$0,$139,$205,$196,$460,$258,$364,381,$0.54,$0.53,$37,$0,$0,$91,$22245,$0,$0,$616,$22917,$23009,$339,$10803,$639,$11965,$12304,$4,$2008,$-157,$10705,$23009,$694,$601,$-272,$329,$0,$0,$0,$-20,$40,$1063,$-325,$0,$0,$0,$-23,$-23,$-63,$-411,$291,$-333,$-42,$40,$28,$-586,$-55,$-655,$-3,$29,$-584
13,2015-06-30,54.71,$29.79,1.84,$7.05,7.76,$4.70,11.64,$2.47,22.15,$0.15B,$0.28B,0.52,$10.83B,$10.81B,1.0,$2.67B,$1.78B,66.64%,$2.67B,$0.96B,35.83%,$2.67B,$0.96B,35.83%,$2.67B,$1.75B,65.41%,$2.67B,$0.50B,18.70%,$2.67B,$0.90B,33.77%,$0.90B,$10.85B,8.41%,$0.90B,$10.85B,8.41%,$0.90B,$23.08B,3.92%,$0.96B,$21.67B,4.43%,$679,$223,$456,$0,$16,$433,$246,$-109,$138,$0,$137,$299,$286,$447,$246,$363,380,$0.79,$0.78,$92,$0,$0,$145,$22296,$0,$0,$581,$22937,$23082,$280,$10828,$641,$11957,$12237,$4,$2013,$-164,$10845,$23082,$489,$399,$-217,$182,$0,$0,$0,$-16,$4,$675,$-165,$0,$0,$0,$-4,$-4,$-36,$-206,$319,$-333,$-14,$37,$24,$-384,$-44,$-417,$52,$24,$-382
14,2015-03-31,60.24,$29.33,2.05,$7.00,8.61,$3.57,16.88,$2.00,30.12,$0.10B,$0.29B,0.35,$10.86B,$10.63B,1.02,$2.65B,$1.76B,66.39%,$2.65B,$0.94B,35.50%,$2.65B,$0.94B,35.50%,$2.65B,$1.73B,65.14%,$2.65B,$0.47B,17.82%,$2.65B,$0.73B,27.53%,$0.73B,$10.67B,6.82%,$0.73B,$10.67B,6.82%,$0.73B,$23.03B,3.17%,$0.94B,$21.53B,4.35%,$666,$234,$433,$0,$20,$448,$218,$-111,$107,$0,$107,$190,$179,$417,$218,$363,380,$0.49,$0.49,$49,$0,$0,$100,$22195,$0,$0,$678,$22929,$23029,$287,$10860,$667,$12069,$12355,$4,$1928,$-180,$10674,$23029,$190,$198,$-68,$130,$0,$0,$0,$-13,$28,$348,$-49,$0,$0,$0,$-2,$-2,$-128,$-179,$217,$-203,$14,$34,$22,$-182,$-12,$-159,$9,$14,$-181
15,2014-12-31,55.2,$29.51,1.87,$6.93,7.97,$2.87,19.23,$1.73,31.91,$0.09B,$0.24B,0.36,$10.85B,$10.66B,1.02,$2.62B,$1.73B,66.04%,$2.62B,$0.92B,35.22%,$2.62B,$0.92B,35.22%,$2.62B,$1.70B,64.89%,$2.62B,$0.45B,17.13%,$2.62B,$0.63B,24.02%,$0.63B,$10.71B,5.87%,$0.63B,$10.71B,5.87%,$0.63B,$22.95B,2.74%,$0.92B,$21.55B,4.25%,$665,$216,$449,$0,$9,$414,$251,$-113,$137,$0,$137,$227,$217,$447,$251,$361,378,$0.60,$0.59,$40,$0,$0,$88,$22243,$0,$0,$561,$22862,$22951,$243,$10845,$654,$12000,$12243,$4,$1951,$-172,$10708,$22951,$659,$776,$-174,$602,$0,$0,$0,$34,$63,$1324,$-669,$0,$-45,$0,$-16,$-16,$85,$-645,$-156,$218,$62,$84,$84,$-781,$-58,$-693,$-13,$28,$-777
16,2014-09-30,47.0,$29.59,1.59,$6.97,6.74,$14.67,3.2,$1.44,32.64,$0.08B,$0.29B,0.27,$10.96B,$10.67B,1.03,$2.59B,$1.70B,65.66%,$2.59B,$0.89B,34.53%,$2.59B,$0.89B,34.53%,$2.59B,$1.55B,59.75%,$2.59B,$0.38B,14.68%,$2.59B,$0.52B,20.12%,$0.52B,$10.72B,4.86%,$0.52B,$10.72B,4.86%,$0.52B,$23.01B,2.27%,$0.89B,$21.68B,4.13%,$664,$220,$444,$0,$10,$421,$243,$-125,$118,$0,$118,$231,$221,$438,$243,$361,378,$0.61,$0.61,$31,$0,$0,$77,$22261,$0,$0,$609,$22931,$23008,$290,$10958,$613,$12001,$12291,$4,$1915,$-165,$10717,$23008,$432,$580,$-89,$491,$0,$0,$0,$7,$92,$1014,$-696,$0,$0,$0,$-15,$-15,$60,$-651,$-128,$331,$203,$58,$58,$-599,$-47,$-386,$-22,$25,$-596
17,2014-06-30,47.7,$29.40,1.62,$6.96,6.85,$26.99,1.77,$1.88,25.37,$0.12B,$0.25B,0.49,$11.08B,$10.58B,1.05,$2.55B,$1.67B,65.36%,$2.55B,$0.77B,30.21%,$2.55B,$0.77B,30.21%,$2.55B,$1.50B,58.93%,$2.55B,$0.26B,9.99%,$2.55B,$0.68B,26.49%,$0.68B,$10.63B,6.27%,$0.68B,$10.63B,6.27%,$0.68B,$22.99B,2.92%,$0.77B,$21.71B,3.52%,$653,$220,$432,$0,$14,$424,$228,$-119,$110,$1,$109,$117,$112,$423,$228,$361,377,$0.31,$0.31,$76,$0,$0,$121,$22171,$0,$0,$636,$22870,$22991,$247,$11082,$594,$12116,$12363,$4,$1876,$-167,$10629,$22991,$200,$385,$19,$404,$0,$0,$0,$-24,$15,$619,$-541,$0,$0,$0,$-9,$-9,$61,$-490,$435,$-115,$320,$26,$26,$-417,$-37,$-107,$23,$22,$-415
18,2014-03-31,43.55,$29.68,1.47,$6.94,6.27,$37.51,1.16,$2.47,17.63,$0.08B,$0.24B,0.34,$10.94B,$10.67B,1.03,$2.52B,$1.64B,65.14%,$2.52B,$0.61B,24.13%,$2.52B,$0.61B,24.13%,$2.52B,$1.47B,58.35%,$2.52B,$0.08B,3.18%,$2.52B,$0.89B,35.29%,$0.89B,$10.72B,8.24%,$0.89B,$10.72B,8.24%,$0.89B,$22.89B,3.82%,$0.61B,$21.66B,2.75%,$633,$231,$402,$0,$18,$434,$199,$-116,$83,$0,$83,$82,$78,$389,$199,$360,376,$0.22,$0.22,$37,$0,$0,$81,$22072,$0,$0,$680,$22808,$22890,$240,$10943,$582,$11930,$12170,$4,$1945,$-163,$10720,$22890,$83,$190,$16,$206,$0,$0,$0,$-6,$49,$337,$-303,$0,$0,$0,$-6,$-6,$8,$-302,$-3,$183,$180,$16,$16,$-235,$-12,$-51,$-16,$13,$-234
19,2013-12-31,38.62,$30.09,1.28,$6.76,5.72,$46.48,0.83,$5.26,7.34,$0.10B,$0.20B,0.49,$10.77B,$10.80B,1.0,$2.39B,$1.55B,65.08%,$2.39B,$0.51B,21.44%,$2.39B,$0.51B,21.44%,$2.39B,$1.41B,59.13%,$2.39B,$-0.12B,-5.11%,$2.39B,$1.83B,76.51%,$1.83B,$10.85B,17.06%,$1.83B,$10.85B,17.06%,$1.83B,$22.84B,7.78%,$0.51B,$21.61B,2.30%,$639,$218,$422,$0,$15,$415,$224,$-154,$69,$-0,$70,$69,$110,$297,$224,$354,354,$0.20,$0.20,$54,$0,$0,$96,$21993,$0,$0,$687,$22738,$22835,$197,$10766,$663,$11792,$11989,$4,$2047,$-155,$10845,$22835,$1905,$900,$-1952,$-1052,$0,$0,$0,$18,$15,$869,$3926,$0,$-4001,$0,$-62,$-62,$130,$-7,$-797,$115,$-682,$21,$21,$-686,$-74,$-1421,$-559,$35,$-682
20,2013-09-30,39.39,$30.31,1.3,$6.21,6.35,$35.79,1.1,$6.13,6.43,$1.01B,$0.25B,4.02,$11.71B,$10.87B,1.08,$2.15B,$1.40B,65.02%,$2.15B,$0.42B,19.35%,$2.15B,$0.42B,19.35%,$2.15B,$1.42B,66.19%,$2.15B,$-0.11B,-5.12%,$2.15B,$2.08B,96.88%,$2.08B,$10.92B,21.08%,$2.08B,$10.92B,21.08%,$2.08B,$23.81B,9.44%,$0.42B,$22.63B,1.99%,$627,$215,$412,$0,$14,$506,$120,$-128,$-7,$0,$-8,$-13,$376,$395,$120,$360,360,$1.05,$1.05,$973,$0,$0,$1014,$22086,$0,$0,$645,$22798,$23811,$252,$11707,$553,$12636,$12889,$4,$2172,$-169,$10923,$23811,$1789,$826,$-1911,$-1085,$0,$0,$0,$-0,$63,$767,$3969,$0,$-4001,$0,$-59,$-59,$148,$58,$140,$0,$140,$19,$19,$-541,$-83,$-465,$360,$29,$-537
21,2013-06-30,42.39,$29.53,1.44,$5.88,7.21,$24.10,1.76,$5.80,7.31,$0.19B,$0.17B,1.14,$11.72B,$10.59B,1.11,$1.98B,$1.28B,64.71%,$1.98B,$0.44B,22.23%,$1.98B,$0.44B,22.23%,$1.98B,$1.34B,68.05%,$1.98B,$-0.01B,-0.56%,$1.98B,$1.93B,97.52%,$1.93B,$10.64B,22.13%,$1.93B,$10.64B,22.13%,$1.93B,$23.48B,9.49%,$0.44B,$22.36B,2.29%,$617,$214,$403,$0,$16,$553,$64,$-129,$-65,$0,$-65,$-59,$324,$387,$64,$360,360,$0.90,$0.90,$153,$0,$0,$194,$22442,$0,$0,$776,$23288,$23482,$171,$11724,$541,$12673,$12843,$4,$1940,$-167,$10639,$23482,$1398,$552,$-1523,$-971,$0,$0,$0,$-34,$-9,$418,$3441,$0,$-4001,$0,$-54,$-54,$51,$-563,$142,$0,$142,$16,$16,$-394,$-79,$-315,$-460,$22,$-393
22,2013-03-31,39.9,$28.98,1.38,$5.66,7.05,$14.19,2.81,$5.23,7.63,$0.10B,$0.19B,0.5,$12.16B,$10.39B,1.17,$1.81B,$1.16B,64.34%,$1.81B,$0.50B,27.91%,$1.81B,$0.50B,27.91%,$1.81B,$1.26B,69.99%,$1.81B,$0.06B,3.05%,$1.81B,$1.70B,94.24%,$1.70B,$10.44B,22.48%,$1.70B,$10.44B,22.48%,$1.70B,$23.80B,9.15%,$0.50B,$22.59B,2.89%,$505,$188,$317,$0,$16,$400,$104,$-223,$-119,$0,$-119,$-165,$1017,$333,$104,$338,338,$3.01,$3.01,$56,$0,$0,$96,$22929,$0,$0,$699,$23700,$23795,$193,$12155,$625,$13167,$13360,$4,$1760,$-183,$10435,$23795,$1061,$229,$-1140,$-911,$0,$0,$0,$-5,$43,$194,$2862,$0,$-4001,$0,$-0,$-0,$98,$-1042,$163,$395,$558,$9,$9,$-249,$-26,$292,$-557,$10,$-249
23,2012-12-31,40.76,$23.16,1.76,$5.66,7.2,$5.76,7.08,$2.69,15.15,$0.62B,$0.12B,5.43,$8.53B,$7.48B,1.14,$1.75B,$1.12B,64.17%,$1.75B,$0.51B,29.42%,$1.75B,$0.51B,29.42%,$1.75B,$1.23B,70.12%,$1.75B,$0.16B,9.22%,$1.75B,$0.83B,47.34%,$0.83B,$7.53B,12.79%,$0.83B,$7.53B,12.79%,$0.83B,$17.20B,4.93%,$0.51B,$16.06B,3.29%,$401,$135,$266,$0,$10,$273,$128,$-47,$81,$-0,$81,$81,$366,$308,$128,$303,320,$1.20,$1.18,$613,$0,$0,$622,$16096,$0,$0,$439,$16579,$17201,$115,$8529,$632,$9559,$9674,$3,$887,$-193,$7527,$17201,$881,$712,$-514,$199,$0,$0,$0,$-20,$-34,$1046,$-137,$0,$0,$0,$-5,$-5,$-119,$-261,$-1314,$0,$-1314,$1471,$1321,$-487,$-77,$-556,$229,$25,$-473
24,2012-09-30,40.82,$20.53,1.99,$4.69,8.7,$4.91,8.32,$1.85,22.06,$0.06B,$0.18B,0.3,$9.31B,$6.16B,1.51,$1.43B,$0.91B,63.31%,$1.43B,$0.39B,27.39%,$1.43B,$0.39B,27.39%,$1.43B,$1.10B,76.52%,$1.43B,$-0.03B,-2.03%,$1.43B,$0.56B,39.13%,$0.56B,$6.21B,9.26%,$0.56B,$6.21B,9.26%,$0.56B,$16.67B,3.37%,$0.39B,$15.52B,2.53%,$452,$159,$292,$0,$10,$309,$143,$-51,$92,$0,$92,$92,$219,$316,$143,$301,319,$0.73,$0.72,$46,$0,$0,$56,$16271,$0,$0,$303,$16612,$16669,$184,$9309,$547,$10270,$10455,$3,$771,$-198,$6214,$16669,$497,$532,$-280,$252,$0,$0,$0,$55,$113,$862,$-393,$0,$-0,$0,$-5,$-5,$18,$-381,$-545,$7,$-538,$272,$122,$-383,$-22,$-820,$-338,$21,$-371
25,2012-06-30,43.99,$20.28,2.17,$4.85,9.06,$7.20,6.11,$1.48,29.73,$0.05B,$0.16B,0.35,$9.39B,$5.90B,1.59,$1.47B,$0.93B,63.07%,$1.47B,$0.39B,26.75%,$1.47B,$0.39B,26.75%,$1.47B,$1.09B,74.27%,$1.47B,$-0.09B,-6.11%,$1.47B,$0.45B,30.21%,$0.45B,$6.10B,7.47%,$0.45B,$6.10B,7.47%,$0.45B,$16.71B,2.71%,$0.39B,$15.50B,2.58%,$448,$161,$287,$0,$13,$320,$129,$-128,$1,$0,$0,$0,$100,$307,$129,$300,300,$0.33,$0.33,$45,$0,$0,$54,$16246,$0,$0,$373,$16661,$16714,$155,$9394,$608,$10455,$10610,$3,$654,$-198,$6104,$16714,$260,$359,$-183,$175,$0,$0,$0,$119,$149,$585,$-339,$0,$-0,$0,$-5,$-5,$-48,$-393,$-460,$35,$-425,$188,$188,$-277,$-17,$-531,$-339,$17,$-270
26,2012-03-31,43.93,$20.03,2.19,$4.90,8.97,$9.52,4.62,$3.00,14.64,$0.23B,$0.16B,1.48,$9.41B,$5.82B,1.62,$1.51B,$0.95B,62.92%,$1.51B,$0.41B,26.91%,$1.51B,$0.41B,26.91%,$1.51B,$1.10B,72.76%,$1.51B,$-0.08B,-5.32%,$1.51B,$0.90B,59.60%,$0.90B,$6.02B,15.20%,$0.90B,$6.02B,15.20%,$0.90B,$16.48B,5.50%,$0.41B,$15.43B,2.66%,$446,$170,$276,$0,$14,$332,$114,$-128,$-13,$0,$-13,$-13,$142,$294,$114,$299,299,$0.47,$0.47,$220,$0,$0,$231,$15878,$0,$0,$326,$16250,$16481,$157,$9413,$436,$10306,$10462,$3,$656,$-190,$6019,$16481,$152,$180,$-123,$57,$0,$0,$0,$-8,$25,$234,$-47,$0,$0,$0,$-2,$-2,$-32,$-82,$-306,$0,$-306,$175,$175,$-172,$-14,$-317,$-164,$9,$-168
27,2011-12-31,39.79,$19.71,2.02,$5.00,7.96,$9.78,4.07,$2.95,13.49,$0.40B,$0.12B,3.2,$9.72B,$5.66B,1.72,$1.53B,$0.96B,62.75%,$1.53B,$0.41B,26.69%,$1.53B,$0.41B,26.69%,$1.53B,$1.09B,71.54%,$1.53B,$-0.08B,-4.98%,$1.53B,$0.88B,57.64%,$0.88B,$5.86B,15.29%,$0.88B,$5.86B,15.29%,$0.88B,$16.66B,5.42%,$0.41B,$15.58B,2.69%,$85,$34,$51,$0,$11,$79,$6,$-115,$-109,$0,$-109,$-109,$99,$178,$6,$295,295,$0.33,$0.36,$384,$0,$0,$395,$15868,$0,$0,$352,$16265,$16659,$123,$9721,$536,$10673,$10796,$3,$616,$-197,$5863,$16659,$935,$684,$-808,$-125,$0,$0,$0,$0,$-10,$800,$-213,$0,$16,$0,$3,$3,$-2,$-197,$-380,$0,$-380,$274,$274,$-445,$-100,$-651,$-47,$21,$-432
28,2011-09-30,35.82,$19.74,1.81,$5.80,6.18,$7.56,4.74,$3.27,10.95,$0.06B,$0.17B,0.34,$8.78B,$5.66B,1.55,$1.75B,$1.11B,63.33%,$1.75B,$0.43B,24.83%,$1.75B,$0.43B,24.83%,$1.75B,$1.12B,64.02%,$1.75B,$-0.05B,-2.86%,$1.75B,$0.97B,55.26%,$0.97B,$5.86B,17.29%,$0.97B,$5.86B,17.29%,$0.97B,$15.76B,6.00%,$0.43B,$14.63B,2.88%,$494,$179,$315,$0,$10,$349,$145,$-114,$31,$0,$30,$30,$104,$315,$145,$296,313,$0.35,$0.35,$46,$0,$0,$57,$15133,$0,$0,$530,$15700,$15757,$168,$8777,$578,$9734,$9902,$3,$685,$-185,$5855,$15757,$828,$512,$-747,$-235,$0,$0,$0,$-11,$21,$614,$563,$0,$16,$0,$4,$4,$-214,$368,$-1294,$26,$-1268,$253,$253,$-342,$-11,$-1368,$-385,$17,$-332
29,2011-06-30,41.2,$19.83,2.08,$5.83,7.07,$1.64,25.17,$3.01,13.69,$0.62B,$0.16B,3.81,$9.45B,$5.68B,1.67,$1.71B,$1.07B,62.41%,$1.71B,$0.39B,23.07%,$1.71B,$0.39B,23.07%,$1.71B,$1.09B,63.64%,$1.71B,$-0.10B,-6.03%,$1.71B,$0.89B,51.93%,$0.89B,$5.88B,16.62%,$0.89B,$5.88B,16.62%,$0.89B,$16.40B,5.48%,$0.39B,$15.32B,2.60%,$480,$175,$305,$0,$11,$341,$140,$-129,$11,$0,$11,$15,$552,$308,$140,$295,312,$1.88,$1.85,$605,$0,$0,$616,$15230,$0,$0,$517,$15782,$16398,$162,$9449,$474,$10361,$10522,$3,$681,$-81,$5876,$16398,$715,$341,$-668,$-327,$0,$0,$0,$-24,$5,$392,$586,$0,$-9,$0,$-0,$-0,$-173,$404,$-599,$0,$-599,$242,$242,$-239,$-27,$-623,$173,$12,$-232
30,2011-03-31,38.51,$18.34,2.1,$5.87,6.56,$-2.74,0.0,$1.18,32.64,$0.32B,$0.15B,2.09,$9.68B,$5.20B,1.86,$1.68B,$1.03B,61.73%,$1.68B,$0.35B,21.13%,$1.68B,$0.35B,21.13%,$1.68B,$1.06B,63.16%,$1.68B,$-0.13B,-7.70%,$1.68B,$0.34B,20.36%,$0.34B,$5.40B,6.66%,$0.34B,$5.40B,6.66%,$0.34B,$16.08B,2.13%,$0.35B,$15.08B,2.36%,$466,$181,$286,$0,$11,$350,$116,$-125,$-9,$0,$-9,$-9,$124,$290,$116,$293,293,$0.42,$0.42,$306,$0,$0,$318,$15272,$0,$0,$446,$15757,$16075,$152,$9677,$428,$10521,$10673,$3,$228,$-51,$5402,$16075,$133,$174,$-116,$58,$0,$0,$0,$-22,$-4,$188,$72,$0,$-1,$0,$-0,$-0,$-109,$-38,$-297,$0,$-297,$190,$190,$-136,$-31,$-275,$-125,$7,$-133
31,2010-12-31,35.25,$17.95,1.96,$5.94,5.94,$-4.69,0.0,$0.95,37.1,$0.44B,$0.14B,3.22,$9.95B,$5.01B,1.99,$1.67B,$1.02B,60.63%,$1.67B,$0.35B,20.79%,$1.67B,$0.35B,20.79%,$1.67B,$1.04B,61.83%,$1.67B,$-0.13B,-7.71%,$1.67B,$0.27B,16.07%,$0.27B,$5.21B,5.32%,$0.27B,$5.21B,5.32%,$0.27B,$16.18B,1.70%,$0.35B,$15.16B,2.34%,$308,$107,$201,$0,$9,$276,$33,$-116,$-83,$-0,$-83,$-83,$186,$206,$33,$283,283,$0.66,$0.66,$431,$0,$0,$444,$15365,$0,$0,$333,$15740,$16184,$138,$9948,$506,$10838,$10976,$3,$204,$-58,$5209,$16184,$296,$686,$-252,$434,$0,$0,$0,$5,$-4,$726,$-789,$0,$-31,$0,$25,$25,$156,$-639,$114,$0,$114,$404,$403,$-394,$28,$152,$238,$19,$-380
32,2010-09-30,31.98,$17.13,1.87,$5.57,5.75,$-1.08,0.0,$0.45,71.06,$0.06B,$0.18B,0.35,$10.18B,$4.66B,2.19,$1.56B,$0.96B,61.23%,$1.56B,$0.36B,23.03%,$1.56B,$0.36B,23.03%,$1.56B,$1.03B,65.83%,$1.56B,$-0.14B,-9.02%,$1.56B,$0.13B,8.00%,$0.13B,$4.86B,2.48%,$0.13B,$4.86B,2.48%,$0.13B,$16.09B,0.80%,$0.36B,$15.04B,2.44%,$454,$180,$274,$0,$10,$349,$105,$-127,$-22,$0,$-22,$-0,$25,$283,$105,$283,283,$0.09,$0.09,$44,$0,$0,$63,$15731,$0,$0,$248,$16024,$16087,$182,$10177,$506,$11041,$11223,$3,$150,$-116,$4864,$16087,$98,$513,$-77,$436,$0,$0,$0,$-8,$27,$561,$-1172,$0,$-29,$0,$25,$25,$263,$-913,$216,$146,$362,$134,$134,$-295,$2,$202,$-150,$15,$-284
33,2010-06-30,27.8,$17.63,1.58,$5.62,4.95,$4.12,6.76,$0.84,33.1,$0.07B,$0.18B,0.37,$9.66B,$4.79B,2.02,$1.59B,$0.97B,60.79%,$1.59B,$0.38B,24.17%,$1.59B,$0.38B,24.17%,$1.59B,$1.03B,64.76%,$1.59B,$-0.11B,-7.11%,$1.59B,$0.23B,14.60%,$0.23B,$5.00B,4.55%,$0.23B,$5.00B,4.55%,$0.23B,$15.63B,1.49%,$0.38B,$14.66B,2.61%,$447,$174,$273,$0,$10,$347,$100,$-115,$-15,$-0,$-15,$-10,$6,$279,$100,$282,282,$0.02,$0.02,$48,$0,$0,$66,$15267,$0,$0,$250,$15559,$15625,$179,$9659,$477,$10450,$10629,$3,$221,$-80,$4996,$15625,$68,$336,$-52,$284,$0,$0,$0,$-21,$5,$357,$-706,$0,$-27,$0,$25,$25,$222,$-487,$-303,$320,$17,$119,$119,$-196,$45,$-15,$-145,$11,$-189
34,2010-03-31,25.95,$18.23,1.42,$5.69,4.56,$6.93,3.75,$1.17,22.18,$0.08B,$0.16B,0.49,$9.50B,$4.94B,1.92,$1.62B,$0.99B,60.73%,$1.62B,$0.41B,25.34%,$1.62B,$0.41B,25.34%,$1.62B,$1.03B,63.63%,$1.62B,$-0.08B,-5.12%,$1.62B,$0.32B,19.91%,$0.32B,$5.15B,6.31%,$0.32B,$5.15B,6.31%,$0.32B,$15.52B,2.06%,$0.41B,$14.64B,2.78%,$465,$198,$267,$0,$11,$355,$110,$-119,$-9,$0,$-9,$-9,$52,$267,$110,$281,281,$0.18,$0.18,$60,$0,$0,$81,$15060,$0,$0,$334,$15438,$15518,$164,$9495,$417,$10207,$10371,$3,$310,$-8,$5147,$15518,$58,$157,$-53,$104,$0,$0,$0,$-16,$-10,$152,$-451,$0,$0,$0,$0,$0,$176,$-275,$-98,$91,$-7,$93,$93,$-97,$0,$-10,$-133,$6,$-93
35,2009-12-31,22.19,$18.48,1.2,$5.71,3.89,$8.57,2.59,$1.25,17.75,$0.21B,$0.16B,1.31,$9.39B,$4.97B,1.89,$1.64B,$1.00B,61.16%,$1.64B,$0.43B,26.40%,$1.64B,$0.43B,26.40%,$1.64B,$1.05B,64.21%,$1.64B,$-0.06B,-3.78%,$1.64B,$0.35B,21.22%,$0.35B,$5.18B,6.79%,$0.35B,$5.18B,6.79%,$0.35B,$15.42B,2.20%,$0.43B,$14.57B,2.90%,$197,$54,$143,$0,$9,$152,$45,$-139,$-95,$-0,$-95,$-91,$42,$200,$45,$274,274,$0.16,$0.16,$193,$0,$0,$211,$14588,$0,$0,$573,$15207,$15418,$160,$9393,$432,$10083,$10243,$3,$354,$5,$5175,$15418,$382,$620,$-297,$323,$0,$0,$0,$12,$-35,$671,$255,$0,$-11,$0,$138,$138,$-276,$105,$-1066,$0,$-1066,$99,$99,$-503,$-4,$-1474,$-698,$18,$-489
36,2009-09-30,19.96,$18.43,1.08,$6.32,3.16,$7.26,2.75,$0.97,20.57,$0.66B,$0.21B,3.21,$9.84B,$4.88B,2.02,$1.80B,$1.08B,59.62%,$1.80B,$0.37B,20.30%,$1.80B,$0.37B,20.30%,$1.80B,$0.99B,55.13%,$1.80B,$-0.09B,-5.21%,$1.80B,$0.27B,14.75%,$0.27B,$5.09B,5.22%,$0.27B,$5.09B,5.22%,$0.27B,$15.79B,1.66%,$0.37B,$14.93B,2.41%,$480,$198,$283,$0,$10,$352,$129,$-123,$6,$0,$5,$9,$132,$283,$129,$274,290,$0.48,$0.48,$638,$0,$0,$657,$14593,$0,$0,$491,$15135,$15791,$205,$9835,$425,$10496,$10701,$3,$405,$-22,$5090,$15791,$335,$465,$-261,$204,$0,$0,$0,$-1,$-6,$532,$348,$0,$-11,$0,$163,$163,$-270,$230,$-636,$0,$-636,$11,$11,$-407,$17,$-1015,$-253,$14,$-396
37,2009-06-30,14.3,$18.54,0.77,$6.42,2.23,$6.02,2.37,$1.13,12.65,$0.69B,$0.22B,3.09,$9.97B,$4.87B,2.05,$1.83B,$1.10B,59.71%,$1.83B,$0.39B,20.99%,$1.83B,$0.39B,20.99%,$1.83B,$1.02B,55.45%,$1.83B,$-0.08B,-4.14%,$1.83B,$0.31B,16.68%,$0.31B,$5.08B,5.99%,$0.31B,$5.08B,5.99%,$0.31B,$15.92B,1.89%,$0.39B,$15.05B,2.52%,$480,$189,$292,$0,$10,$353,$127,$-112,$15,$0,$14,$12,$97,$282,$127,$273,289,$0.35,$0.35,$667,$0,$0,$685,$14868,$0,$0,$316,$15238,$15923,$221,$9974,$463,$10623,$10844,$3,$366,$-22,$5079,$15923,$191,$311,$-132,$178,$0,$0,$0,$-12,$-4,$366,$90,$0,$-9,$0,$129,$129,$-46,$164,$-495,$0,$-495,$3,$3,$-271,$10,$-753,$-223,$10,$-264
38,2009-03-31,11.56,$18.80,0.62,$6.53,1.77,$5.06,2.29,$1.25,9.25,$0.45B,$0.20B,2.2,$10.08B,$4.94B,2.04,$1.87B,$1.11B,59.61%,$1.87B,$0.42B,22.28%,$1.87B,$0.42B,22.28%,$1.87B,$1.04B,55.92%,$1.87B,$-0.05B,-2.68%,$1.87B,$0.34B,18.00%,$0.34B,$5.15B,6.57%,$0.34B,$5.15B,6.57%,$0.34B,$16.04B,2.07%,$0.42B,$15.23B,2.73%,$483,$198,$285,$0,$10,$351,$132,$-121,$12,$2,$10,$12,$77,$288,$132,$272,289,$0.28,$0.28,$429,$0,$0,$448,$15025,$0,$0,$507,$15588,$16036,$203,$10083,$449,$10685,$10889,$3,$401,$-29,$5147,$16036,$85,$155,$-61,$94,$0,$0,$0,$-18,$-37,$142,$24,$0,$-3,$0,$-38,$-38,$-53,$-70,$-396,$0,$-396,$2,$2,$-135,$-4,$-534,$-462,$5,$-132
39,2008-12-31,18.37,$18.58,0.99,$6.60,2.78,$5.32,3.46,$1.49,12.33,$0.91B,$0.22B,4.1,$10.48B,$4.86B,2.16,$1.89B,$1.12B,59.41%,$1.89B,$0.42B,22.47%,$1.89B,$0.42B,22.47%,$1.89B,$1.05B,55.48%,$1.89B,$-0.04B,-2.17%,$1.89B,$0.39B,20.83%,$0.39B,$5.07B,7.71%,$0.39B,$5.07B,7.71%,$0.39B,$16.54B,2.42%,$0.42B,$15.55B,2.79%,$360,$145,$215,$0,$11,$382,$-22,$-104,$-127,$-1,$-126,$-123,$-40,$141,$-22,$270,270,$-0.15,$-0.13,$891,$0,$0,$911,$15129,$0,$0,$442,$15625,$16535,$222,$10484,$496,$11244,$11466,$3,$456,$-36,$5069,$16535,$436,$623,$-272,$351,$0,$0,$0,$-21,$-32,$755,$-194,$0,$-0,$0,$-158,$-158,$9,$-344,$1102,$-139,$963,$18,$18,$-537,$-16,$429,$840,$22,$-522
40,2008-09-30,26.9,$18.95,1.42,$6.53,4.12,$4.62,5.83,$2.06,13.06,$0.55B,$0.25B,2.18,$10.10B,$4.95B,2.04,$1.88B,$1.12B,59.69%,$1.88B,$0.55B,29.00%,$1.88B,$0.55B,29.00%,$1.88B,$1.17B,62.03%,$1.88B,$0.06B,3.24%,$1.88B,$0.54B,28.84%,$0.54B,$5.16B,10.66%,$0.54B,$5.16B,10.66%,$0.54B,$16.37B,3.39%,$0.55B,$15.26B,3.66%,$511,$208,$303,$0,$10,$363,$148,$-124,$24,$1,$23,$26,$172,$306,$148,$270,291,$0.64,$0.63,$530,$0,$0,$552,$15211,$0,$0,$550,$15815,$16367,$253,$10101,$519,$10958,$11211,$3,$648,$-27,$5156,$16367,$475,$460,$-349,$111,$0,$0,$0,$-36,$-15,$571,$-48,$0,$-0,$0,$0,$0,$-213,$-261,$717,$-139,$578,$11,$11,$-402,$-17,$169,$479,$17,$-391
41,2008-06-30,22.92,$18.79,1.22,$6.48,3.54,$3.90,5.87,$3.06,7.49,$0.29B,$0.27B,1.1,$9.87B,$4.88B,2.02,$1.87B,$1.12B,59.58%,$1.87B,$0.54B,28.62%,$1.87B,$0.54B,28.62%,$1.87B,$1.16B,61.72%,$1.87B,$0.05B,2.72%,$1.87B,$0.82B,43.67%,$0.82B,$5.09B,16.07%,$0.82B,$5.09B,16.07%,$0.82B,$16.08B,5.15%,$0.54B,$14.96B,3.63%,$513,$203,$310,$0,$12,$355,$158,$-117,$41,$2,$39,$39,$127,$309,$158,$270,290,$0.47,$0.46,$274,$0,$0,$293,$15364,$0,$0,$372,$15790,$16083,$266,$9870,$510,$10726,$10992,$3,$604,$-20,$5092,$16083,$288,$302,$-202,$100,$0,$0,$0,$-28,$2,$389,$-213,$0,$-0,$0,$0,$0,$-0,$-213,$475,$-139,$336,$0,$0,$-268,$-22,$47,$223,$12,$-260
42,2008-03-31,24.57,$18.75,1.31,$6.31,3.89,$2.44,10.09,$3.54,6.94,$0.52B,$0.23B,2.24,$9.86B,$4.86B,2.03,$1.85B,$1.10B,59.23%,$1.85B,$0.51B,27.75%,$1.85B,$0.51B,27.75%,$1.85B,$1.14B,61.77%,$1.85B,$0.02B,1.30%,$1.85B,$0.97B,52.16%,$0.97B,$5.07B,18.84%,$0.97B,$5.07B,18.84%,$0.97B,$16.01B,6.12%,$0.51B,$14.94B,3.50%,$503,$210,$293,$0,$12,$363,$140,$-118,$21,$3,$18,$18,$134,$291,$140,$269,289,$0.50,$0.50,$503,$0,$0,$523,$15090,$0,$0,$342,$15488,$16011,$233,$9863,$493,$10705,$10938,$3,$606,$-25,$5073,$16011,$148,$151,$-116,$35,$0,$0,$0,$-11,$-16,$166,$75,$0,$-0,$0,$0,$0,$20,$95,$489,$-139,$350,$-5,$-5,$-134,$-20,$190,$452,$6,$-130
43,2007-12-31,21.33,$18.78,1.14,$6.08,3.51,$0.44,48.81,$3.41,6.25,$0.07B,$0.23B,0.3,$9.51B,$4.85B,1.96,$1.83B,$1.07B,58.79%,$1.83B,$0.50B,27.12%,$1.83B,$0.50B,27.12%,$1.83B,$1.13B,61.92%,$1.83B,$0.01B,0.71%,$1.83B,$0.95B,52.11%,$0.95B,$5.06B,18.00%,$0.95B,$5.06B,18.00%,$0.95B,$15.69B,6.09%,$0.50B,$14.57B,3.42%,$356,$138,$218,$0,$14,$255,$100,$-125,$-25,$1,$-26,$-22,$110,$262,$100,$279,279,$0.38,$0.43,$51,$0,$0,$71,$15163,$0,$0,$399,$15619,$15690,$234,$9509,$526,$10393,$10627,$3,$600,$-16,$5063,$15690,$1047,$634,$-915,$-282,$0,$0,$0,$4,$27,$793,$-408,$0,$0,$0,$-0,$-0,$207,$-201,$1619,$-321,$1298,$-1186,$-1361,$-554,$-185,$-802,$-209,$22,$-526
44,2007-09-30,24.45,$18.96,1.29,$5.86,4.17,$1.81,13.5,$4.41,5.54,$0.09B,$0.24B,0.35,$9.53B,$4.93B,1.93,$1.78B,$1.03B,58.22%,$1.78B,$0.44B,24.89%,$1.78B,$0.44B,24.89%,$1.78B,$1.07B,60.08%,$1.78B,$0.00B,0.06%,$1.78B,$1.30B,73.14%,$1.30B,$5.14B,23.67%,$1.30B,$5.14B,23.67%,$1.30B,$15.79B,8.40%,$0.44B,$14.67B,3.08%,$501,$206,$295,$0,$12,$363,$138,$-124,$14,$1,$14,$17,$447,$294,$138,$272,294,$1.64,$1.62,$63,$0,$0,$86,$15038,$0,$0,$609,$15704,$15790,$244,$9528,$514,$10406,$10651,$3,$610,$-9,$5139,$15790,$866,$472,$-778,$-306,$0,$0,$0,$-12,$28,$589,$-270,$0,$0,$0,$-0,$-0,$36,$-235,$1169,$180,$1349,$-1120,$-1295,$-424,$-182,$-552,$-198,$15,$-401
45,2007-06-30,26.03,$18.88,1.38,$5.63,4.62,$0.32,81.89,$2.95,8.82,$0.09B,$0.21B,0.42,$9.33B,$4.85B,1.93,$1.74B,$1.01B,57.93%,$1.74B,$0.43B,24.66%,$1.74B,$0.43B,24.66%,$1.74B,$1.04B,59.89%,$1.74B,$0.01B,0.46%,$1.74B,$0.91B,52.18%,$0.91B,$5.23B,16.26%,$0.91B,$5.23B,16.28%,$0.91B,$15.67B,5.95%,$0.43B,$14.57B,3.04%,$492,$201,$291,$0,$11,$356,$136,$-122,$14,$0,$14,$17,$275,$297,$136,$284,308,$0.97,$0.95,$66,$0,$0,$87,$15019,$0,$0,$507,$15581,$15669,$206,$9332,$541,$10229,$10435,$3,$288,$-7,$5233,$15669,$409,$317,$-349,$-32,$0,$0,$0,$-31,$-21,$356,$-621,$0,$0,$0,$-0,$-0,$165,$-456,$882,$320,$1202,$-823,$-823,$-286,$-187,$-94,$-194,$10,$-271
46,2007-03-31,27.25,$19.59,1.39,$5.52,4.93,$1.89,14.38,$2.51,10.86,$0.20B,$0.19B,1.04,$8.47B,$5.31B,1.6,$1.72B,$0.99B,57.87%,$1.72B,$0.43B,24.88%,$1.72B,$0.43B,24.88%,$1.72B,$1.03B,60.08%,$1.72B,$0.03B,1.46%,$1.72B,$0.78B,45.63%,$0.78B,$5.70B,13.75%,$0.78B,$5.70B,13.79%,$0.78B,$15.32B,5.24%,$0.43B,$14.17B,3.09%,$476,$206,$269,$0,$9,$355,$121,$-110,$10,$1,$10,$9,$119,$277,$121,$292,316,$0.41,$0.40,$172,$0,$0,$195,$14754,$0,$0,$327,$15127,$15322,$189,$8474,$579,$9438,$9626,$3,$143,$-14,$5695,$15322,$126,$156,$-98,$58,$0,$0,$0,$-13,$-17,$167,$-535,$0,$0,$0,$0,$0,$212,$-323,$-108,$488,$379,$-132,$-132,$-143,$-36,$67,$-89,$5,$-136
47,2006-12-31,28.4,$20.04,1.42,$5.49,5.17,$4.46,6.37,$3.38,8.4,$0.29B,$0.19B,1.52,$8.06B,$5.50B,1.47,$1.70B,$0.99B,58.34%,$1.70B,$0.43B,25.38%,$1.70B,$0.43B,25.38%,$1.70B,$1.03B,60.40%,$1.70B,$0.04B,2.12%,$1.70B,$1.03B,60.63%,$1.03B,$5.88B,18.15%,$1.03B,$5.88B,18.23%,$1.03B,$15.06B,7.04%,$0.43B,$13.94B,3.19%,$307,$128,$179,$0,$8,$260,$47,$-83,$-37,$0,$-41,$-39,$458,$199,$47,$290,290,$1.58,$1.61,$260,$0,$0,$286,$14213,$0,$0,$520,$14776,$15062,$188,$8058,$521,$8990,$9178,$3,$160,$-14,$5884,$15062,$1073,$596,$-879,$-283,$0,$0,$0,$-45,$-35,$755,$43,$0,$1,$0,$3,$3,$-307,$-259,$750,$-309,$441,$-6,$-146,$-555,$-64,$-325,$171,$22,$-514
