,Date,Stock Price,Book Value per Share,Price to Book Ratio,TTM Sales per Share,Price to Sales Ratio,TTM FCF per Share,Price to FCF Ratio,TTM Net EPS,PE Ratio,Current Assets,Current Liabilities,Current Ratio,Long Term Debt,Shareholder's Equity_x,Debt to Equity Ratio,TTM Revenue_x,TTM Gross Profit,Gross Margin,TTM Revenue_y,TTM Operating Income,Operating Margin,TTM Revenue_x,TTM EBIT,EBIT Margin,TTM Revenue_y,TTM EBITDA,EBITDA Margin,TTM Revenue_x,TTM Pre-Tax Income,Pre-Tax Margin,TTM Revenue_y,TTM Net Income_x,Net Margin,TTM Net Income_y,Shareholder's Equity_y,Return on Equity,TTM Net Income_x,Tangible Equity,Return on Tangible Equity,TTM Net Income_y,Total Assets,Return on Assets,TTM Net Income,LT Investments & Debt,Return on Investment,revenue,cost-goods-sold,gross-profit,research-development-expenses,selling-general-administrative-expenses,operating-expenses,operating-income,total-non-operating-income-expense,pre-tax-income,total-provision-income-taxes,income-after-taxes,income-from-continuous-operations,net-income,ebitda,ebit,basic-shares-outstanding,shares-outstanding,eps-basic-net-earnings-per-share,eps-earnings-per-share-diluted,cash-on-hand,inventory,other-current-assets,total-current-assets,net-property-plant-equipment,long-term-investments,goodwill-intangible-assets-total,other-long-term-assets,total-long-term-assets,total-assets,total-current-liabilities,long-term-debt,other-non-current-liabilities,total-long-term-liabilities,total-liabilities,common-stock-net,retained-earnings-accumulated-deficit,comprehensive-income,total-share-holder-equity,total-liabilities-share-holders-equity,net-income-loss,total-depreciation-amortization-cash-flow,other-non-cash-items,total-non-cash-items,change-in-accounts-receivable,change-in-inventories,change-in-accounts-payable,change-in-assets-liabilities,total-change-in-assets-liabilities,cash-flow-from-operating-activities,net-change-in-property-plant-equipment,net-change-in-intangible-assets,net-acquisitions-divestitures,net-change-in-short-term-investments,net-change-in-long-term-investments,net-change-in-investments-total,investing-activities-other,cash-flow-from-investing-activities,net-long-term-debt,net-current-debt,debt-issuance-retirement-net-total,net-common-equity-issued-repurchased,net-total-equity-issued-repurchased,total-common-preferred-stock-dividends-paid,financial-activities-other,cash-flow-from-financial-activities,net-cash-flow,stock-based-compensation,common-stock-dividends-paid
0,2018-09-30,12.34,$5.50,2.24,$3.23,3.82,$0.57,21.51,$0.45,27.42,$0.46B,$0.39B,1.2,$0.46B,$1.35B,0.34,$0.81B,$0.57B,70.10%,$0.81B,$0.19B,23.95%,$0.81B,$0.19B,23.95%,$0.81B,$0.41B,50.50%,$0.81B,$0.16B,19.48%,$0.81B,$0.12B,14.39%,$0.12B,$1.35B,8.88%,$0.12B,$0.86B,14.36%,$0.12B,$2.33B,5.22%,$0.19B,$1.81B,10.75%,$245,$67,$178,$0,$38,$167,$78,$0,$78,$12,$67,$67,$67,$139,$78,$245,251,$0.27,$0.27,$266,$0,$3,$462,$954,$0,$493,$0,$1867,$2330,$386,$461,$133,$595,$981,$2612,$-1545,$229,$1349,$2330,$99,$167,$140,$308,$-56,$0,$44,$1,$-11,$396,$-364,$0,$0,$0,$0,$0,$0,$-364,$-22,$0,$-22,$0,$0,$-17,$0,$-39,$1,$14,$-17
1,2018-06-30,12.59,$5.41,2.33,$2.78,4.53,$0.60,21.08,$0.24,52.46,$0.46B,$0.37B,1.26,$0.48B,$1.32B,0.36,$0.69B,$0.47B,67.68%,$0.69B,$0.11B,16.52%,$0.69B,$0.11B,16.52%,$0.69B,$0.32B,46.67%,$0.69B,$0.09B,12.46%,$0.69B,$0.06B,8.99%,$0.06B,$1.32B,4.83%,$0.06B,$0.82B,7.93%,$0.06B,$2.29B,2.88%,$0.11B,$1.80B,6.38%,$183,$65,$119,$0,$37,$158,$25,$-13,$12,$3,$10,$10,$10,$81,$25,$245,250,$0.04,$0.04,$279,$0,$2,$462,$888,$0,$502,$0,$1831,$2293,$367,$475,$126,$601,$969,$2647,$-1625,$252,$1324,$2293,$33,$106,$112,$218,$-40,$0,$20,$2,$-17,$233,$-205,$0,$0,$0,$0,$0,$0,$-205,$-23,$0,$-23,$3,$3,$-11,$0,$-30,$11,$11,$-11
2,2018-03-31,11.23,$5.39,2.08,$2.82,3.98,$0.65,17.3,$0.59,19.03,$0.43B,$0.28B,1.53,$0.52B,$1.32B,0.4,$0.70B,$0.50B,70.82%,$0.70B,$0.16B,22.17%,$0.70B,$0.16B,22.17%,$0.70B,$0.35B,50.64%,$0.70B,$0.20B,28.61%,$0.70B,$0.15B,21.17%,$0.15B,$1.32B,11.80%,$0.15B,$0.81B,19.57%,$0.15B,$2.23B,7.18%,$0.16B,$1.84B,8.81%,$193,$55,$138,$0,$40,$146,$48,$-14,$33,$10,$23,$23,$23,$99,$48,$244,249,$0.10,$0.10,$314,$0,$5,$427,$804,$0,$509,$0,$1802,$2228,$279,$522,$107,$629,$909,$2699,$-1663,$235,$1320,$2228,$23,$51,$46,$97,$-5,$0,$10,$1,$6,$126,$-90,$0,$0,$0,$0,$0,$0,$-90,$0,$0,$0,$1,$1,$-6,$0,$-5,$39,$7,$-6
3,2017-12-31,9.74,$5.10,1.91,$2.92,3.34,$0.52,18.88,$0.73,13.35,$0.38B,$0.21B,1.79,$0.50B,$1.24B,0.4,$0.72B,$0.53B,72.99%,$0.72B,$0.19B,26.45%,$0.72B,$0.19B,26.45%,$0.72B,$0.39B,53.32%,$0.72B,$0.25B,34.07%,$0.72B,$0.18B,25.35%,$0.18B,$1.24B,15.09%,$0.18B,$0.74B,25.44%,$0.18B,$2.04B,9.14%,$0.19B,$1.73B,11.09%,$185,$55,$130,$0,$36,$143,$42,$-8,$34,$18,$16,$16,$16,$88,$42,$242,248,$0.07,$0.07,$267,$0,$8,$376,$694,$0,$493,$0,$1665,$2041,$210,$497,$98,$596,$806,$2613,$-1639,$203,$1235,$2041,$183,$193,$79,$272,$-52,$0,$25,$-0,$-27,$367,$-321,$0,$0,$0,$0,$0,$0,$-321,$-22,$-18,$-40,$0,$0,$-22,$0,$-63,$-36,$17,$-22
4,2017-09-30,9.8,$5.20,1.88,$2.77,3.54,$2.44,4.02,$3.25,3.01,$0.37B,$0.18B,2.04,$0.51B,$1.26B,0.41,$0.68B,$0.48B,71.41%,$0.68B,$0.11B,16.74%,$0.68B,$0.11B,16.74%,$0.68B,$0.31B,45.19%,$0.68B,$0.42B,62.52%,$0.68B,$0.80B,118.81%,$0.80B,$1.26B,67.99%,$0.80B,$0.75B,116.82%,$0.80B,$2.04B,40.29%,$0.11B,$1.77B,6.63%,$129,$49,$80,$0,$34,$130,$-1,$8,$7,$-6,$13,$13,$13,$54,$-1,$242,248,$0.06,$0.06,$279,$0,$17,$365,$654,$0,$509,$1,$1672,$2037,$179,$511,$88,$599,$778,$2702,$-1702,$203,$1259,$2037,$177,$148,$-9,$139,$23,$0,$0,$-5,$19,$272,$-235,$0,$0,$0,$0,$0,$312,$77,$-23,$-19,$-42,$0,$0,$-17,$0,$-59,$278,$12,$-17
5,2017-06-30,8.04,$4.97,1.62,$2.89,2.79,$3.43,2.34,$2.87,2.8,$0.39B,$0.16B,2.45,$0.49B,$1.20B,0.41,$0.70B,$0.51B,72.14%,$0.70B,$0.07B,9.29%,$0.70B,$0.07B,9.29%,$0.70B,$0.27B,38.71%,$0.70B,$0.36B,50.86%,$0.70B,$0.71B,101.71%,$0.71B,$1.20B,72.65%,$0.71B,$0.72B,145.23%,$0.71B,$1.94B,39.42%,$0.07B,$1.70B,4.30%,$192,$44,$147,$0,$33,$126,$66,$60,$126,$30,$96,$96,$96,$113,$66,$242,247,$0.39,$0.38,$286,$0,$30,$387,$579,$0,$480,$8,$1549,$1937,$158,$494,$82,$577,$735,$2519,$-1593,$228,$1202,$1937,$153,$93,$-17,$76,$13,$0,$-14,$-2,$-3,$168,$-127,$0,$0,$0,$0,$0,$295,$168,$-22,$-17,$-39,$0,$0,$-11,$0,$-50,$285,$9,$-11
6,2017-03-31,7.95,$4.77,1.67,$2.65,3.0,$4.39,1.81,$1.88,4.23,$0.38B,$0.18B,2.1,$0.54B,$1.15B,0.47,$0.63B,$0.42B,67.57%,$0.63B,$-0.15B,-23.96%,$0.63B,$-0.15B,-23.96%,$0.63B,$0.08B,12.46%,$0.63B,$0.14B,22.36%,$0.63B,$0.49B,77.48%,$0.49B,$1.15B,59.47%,$0.49B,$0.66B,151.21%,$0.49B,$2.00B,29.01%,$-0.15B,$1.69B,-11.04%,$216,$46,$170,$0,$40,$132,$84,$-4,$79,$22,$58,$58,$58,$130,$84,$241,246,$0.24,$0.23,$297,$0,$14,$382,$586,$0,$491,$6,$1612,$1995,$182,$540,$118,$658,$841,$2559,$-1710,$259,$1154,$1995,$58,$46,$-15,$31,$16,$0,$-5,$-3,$8,$97,$-94,$0,$0,$0,$0,$0,$22,$-72,$0,$-15,$-15,$0,$0,$-5,$0,$-20,$2,$6,$-5
7,2016-12-31,9.33,$4.60,2.03,$2.33,4.01,$5.12,1.82,$1.04,8.98,$0.39B,$0.19B,2.1,$0.56B,$1.10B,0.51,$0.52B,$0.31B,58.78%,$0.52B,$-0.31B,-59.92%,$0.52B,$-0.31B,-59.92%,$0.52B,$-0.07B,-12.40%,$0.52B,$0.12B,23.09%,$0.52B,$0.30B,57.25%,$0.30B,$1.10B,46.53%,$0.30B,$0.61B,193.24%,$0.30B,$1.99B,19.41%,$-0.31B,$1.66B,-25.44%,$138,$52,$85,$0,$42,$174,$-36,$246,$210,$-425,$635,$635,$635,$8,$-36,$227,231,$1.63,$1.61,$297,$0,$5,$389,$558,$0,$492,$0,$1604,$1993,$185,$558,$146,$705,$890,$2542,$-1762,$267,$1103,$1993,$300,$248,$98,$347,$13,$0,$-3,$2,$11,$236,$252,$0,$0,$0,$0,$0,$-333,$-81,$-253,$-42,$-296,$166,$166,$-27,$-3,$-159,$-5,$20,$-27
8,2016-09-30,6.29,$1.92,3.28,$2.75,2.29,$3.94,1.6,$-3.79,0.0,$0.13B,$0.16B,0.85,$0.54B,$0.46B,1.17,$0.60B,$0.39B,65.77%,$0.60B,$-1.06B,-178.19%,$0.60B,$-1.06B,-178.19%,$0.60B,$-0.77B,-128.69%,$0.60B,$-0.33B,-55.20%,$0.60B,$-0.81B,-135.57%,$-0.81B,$0.46B,-148.32%,$-0.81B,$-0.04B,-1632.32%,$-0.81B,$1.30B,-52.02%,$-1.06B,$1.00B,-86.01%,$154,$51,$103,$0,$35,$203,$-49,$-10,$-59,$18,$-77,$-77,$-77,$20,$-49,$240,240,$-0.32,$-0.32,$58,$0,$13,$134,$545,$0,$496,$0,$1167,$1300,$156,$537,$146,$683,$839,$2582,$-2428,$263,$461,$1300,$-340,$204,$453,$657,$38,$0,$-7,$3,$34,$182,$93,$0,$0,$0,$0,$0,$-48,$44,$-257,$-61,$-318,$169,$169,$-22,$-3,$-174,$52,$9,$-22
9,2016-06-30,6.43,$2.26,2.84,$3.26,1.97,$3.48,1.85,$-4.56,0.0,$0.14B,$0.16B,0.84,$0.54B,$0.54B,0.99,$0.68B,$0.45B,65.68%,$0.68B,$-1.25B,-183.80%,$0.68B,$-1.25B,-183.80%,$0.68B,$-0.93B,-137.56%,$0.68B,$-0.57B,-84.09%,$0.68B,$-0.96B,-140.65%,$-0.96B,$0.54B,-133.38%,$-0.96B,$0.04B,-433.60%,$-0.96B,$1.40B,-51.17%,$-1.25B,$1.08B,-82.98%,$118,$54,$65,$0,$34,$267,$-149,$59,$-90,$41,$-131,$-131,$-131,$-80,$-149,$218,218,$-0.60,$-0.60,$38,$0,$18,$136,$617,$0,$501,$0,$1262,$1399,$163,$539,$152,$691,$854,$2612,$-2373,$262,$544,$1399,$-266,$135,$390,$525,$23,$0,$-10,$-0,$13,$102,$144,$0,$0,$0,$0,$0,$-42,$102,$-260,$-61,$-322,$171,$171,$-16,$-3,$-170,$32,$7,$-16
10,2016-03-31,3.83,$2.28,1.68,$3.63,1.05,$2.15,1.78,$-5.19,0.0,$0.12B,$0.15B,0.78,$0.73B,$0.47B,1.54,$0.75B,$0.48B,64.53%,$0.75B,$-1.14B,-151.87%,$0.75B,$-1.14B,-151.87%,$0.75B,$-0.78B,-104.13%,$0.75B,$-0.92B,-122.13%,$0.75B,$-1.08B,-143.73%,$-1.08B,$0.47B,-116.51%,$-1.08B,$0.00B,-253.65%,$-1.08B,$1.49B,-48.54%,$-1.14B,$1.20B,-63.14%,$114,$58,$55,$0,$35,$194,$-80,$140,$60,$187,$-127,$-127,$-127,$-13,$-80,$207,207,$0.61,$0.61,$1,$0,$38,$117,$731,$0,$470,$0,$1373,$1491,$150,$725,$145,$870,$1019,$2291,$-2102,$245,$471,$1491,$-127,$67,$217,$283,$0,$0,$0,$0,$0,$51,$103,$0,$0,$0,$0,$0,$-31,$72,$-165,$52,$-113,$0,$0,$-11,$-3,$-127,$-5,$3,$-11
11,2015-12-31,3.28,$3.40,0.96,$3.90,0.84,$1.27,2.59,$-5.76,0.0,$0.17B,$0.20B,0.88,$0.96B,$0.70B,1.36,$0.81B,$0.50B,61.79%,$0.81B,$-1.13B,-140.20%,$0.81B,$-1.13B,-140.20%,$0.81B,$-0.73B,-90.82%,$0.81B,$-1.33B,-164.39%,$0.81B,$-1.19B,-148.14%,$-1.19B,$0.70B,-97.47%,$-1.19B,$0.19B,-167.46%,$-1.19B,$2.02B,-44.76%,$-1.13B,$1.66B,-52.34%,$210,$41,$169,$0,$61,$994,$-784,$597,$-240,$238,$-479,$-473,$-473,$-694,$-784,$206,206,$-2.30,$-2.30,$6,$0,$64,$173,$930,$0,$515,$0,$1849,$2023,$196,$959,$164,$1123,$1319,$2455,$-2111,$316,$703,$2023,$-1194,$398,$1160,$1558,$0,$0,$0,$0,$0,$365,$-173,$0,$0,$0,$0,$0,$-37,$-210,$-47,$5,$-42,$3,$3,$-103,$-10,$-152,$4,$15,$-103
12,2015-09-30,4.57,$5.56,0.82,$4.13,1.11,$0.12,37.39,$-2.92,0.0,$0.21B,$0.26B,0.81,$0.93B,$1.15B,0.81,$0.86B,$0.47B,54.85%,$0.86B,$-0.34B,-40.23%,$0.86B,$-0.34B,-40.23%,$0.86B,$0.07B,8.42%,$0.86B,$-0.90B,-105.50%,$0.86B,$-0.60B,-70.18%,$-0.60B,$1.15B,-38.64%,$-0.60B,$0.65B,-58.35%,$-0.60B,$2.55B,-19.44%,$-0.34B,$2.08B,-13.86%,$237,$80,$157,$0,$46,$472,$-235,$-66,$-301,$-77,$-224,$-224,$-224,$-147,$-235,$206,206,$-1.09,$-1.09,$2,$0,$92,$209,$1215,$0,$498,$7,$2345,$2553,$259,$929,$219,$1148,$1408,$2397,$-1566,$273,$1146,$2553,$-687,$307,$677,$985,$0,$0,$0,$0,$0,$297,$-157,$0,$0,$0,$0,$0,$-40,$-196,$-37,$26,$-12,$2,$2,$-84,$-6,$-99,$1,$13,$-84
13,2015-06-30,8.1,$0.00,0.0,$4.90,1.65,$-0.03,0.0,$-1.55,0.0,$0.21B,$0.31B,0.7,$0.90B,$1.38B,0.65,$1.02B,$0.61B,59.37%,$1.02B,$-0.00B,-0.29%,$1.02B,$-0.00B,-0.29%,$1.02B,$0.47B,46.32%,$1.02B,$-0.51B,-49.56%,$1.02B,$-0.32B,-31.11%,$-0.32B,$1.38B,-18.23%,$-0.32B,$0.86B,-26.49%,$-0.32B,$2.82B,-9.54%,$-0.00B,$2.28B,-0.11%,$189,$85,$103,$0,$31,$228,$-40,$-411,$-435,$-180,$-254,$-254,$-254,$73,$-40,$206,206,$-1.23,$-1.23,$1,$0,$143,$212,$0,$0,$518,$0,$1082,$2817,$305,$901,$230,$1131,$1436,$2543,$-1402,$0,$1381,$2817,$-493,$219,$0,$219,$0,$0,$0,$0,$2,$217,$-258,$0,$0,$0,$0,$0,$148,$-110,$0,$0,$-72,$0,$0,$-64,$29,$-107,$-1,$0,$0
14,2015-03-31,9.23,$0.00,0.0,$5.62,1.64,$-0.07,0.0,$-0.14,0.0,$0.28B,$0.42B,0.66,$0.95B,$1.67B,0.57,$1.17B,$0.75B,64.44%,$1.17B,$0.10B,8.21%,$1.17B,$0.10B,8.21%,$1.17B,$0.60B,50.94%,$1.17B,$-0.02B,-1.54%,$1.17B,$-0.03B,-2.22%,$-0.03B,$1.67B,-1.41%,$-0.03B,$1.15B,-2.02%,$-0.03B,$3.28B,-0.75%,$0.10B,$2.62B,3.47%,$170,$101,$69,$0,$33,$241,$-71,$-314,$-349,$-112,$-237,$-243,$-243,$36,$-71,$206,206,$-1.18,$-1.18,$2,$0,$156,$280,$0,$0,$518,$0,$912,$3278,$423,$946,$239,$1184,$1607,$2526,$-1115,$0,$1670,$3278,$-237,$107,$0,$107,$0,$0,$0,$0,$0,$106,$-136,$0,$0,$0,$0,$0,$4,$-132,$0,$37,$0,$0,$0,$-38,$28,$26,$0,$0,$0
15,2014-12-31,8.57,$0.00,0.0,$6.62,1.29,$0.20,42.05,$1.22,7.03,$0.39B,$0.48B,0.8,$0.94B,$2.01B,0.47,$1.38B,$0.97B,70.37%,$1.38B,$0.29B,20.84%,$1.38B,$0.29B,20.84%,$1.38B,$0.80B,58.10%,$1.38B,$0.40B,28.83%,$1.38B,$0.25B,18.45%,$0.25B,$2.01B,13.55%,$0.25B,$1.45B,19.37%,$0.25B,$3.70B,7.25%,$0.29B,$2.96B,10.31%,$259,$120,$140,$0,$28,$258,$2,$-56,$183,$47,$136,$121,$121,$110,$2,$205,208,$0.59,$0.58,$2,$0,$203,$386,$0,$0,$566,$0,$909,$3699,$480,$941,$262,$1204,$1685,$2827,$-942,$0,$2014,$3699,$271,$513,$0,$513,$0,$0,$0,$0,$-47,$713,$-758,$0,$0,$0,$0,$12,$169,$-577,$0,$0,$0,$0,$28,$-181,$13,$-140,$-1,$0,$0
16,2014-09-30,16.63,$0.00,0.0,$7.48,2.22,$-0.40,0.0,$0.80,20.79,$0.23B,$0.43B,0.54,$0.92B,$1.89B,0.49,$1.53B,$1.14B,74.38%,$1.53B,$0.31B,20.40%,$1.53B,$0.31B,20.40%,$1.53B,$0.91B,59.39%,$1.53B,$0.17B,11.28%,$1.53B,$0.17B,10.76%,$0.17B,$1.89B,8.97%,$0.17B,$1.32B,12.99%,$0.17B,$3.50B,4.75%,$0.31B,$2.81B,11.38%,$401,$107,$293,$0,$41,$295,$106,$43,$96,$34,$62,$59,$59,$253,$106,$205,209,$0.29,$0.28,$2,$0,$49,$233,$0,$0,$569,$0,$927,$3501,$432,$916,$264,$1180,$1611,$2864,$-1044,$0,$1890,$3501,$136,$405,$0,$405,$0,$0,$0,$0,$-61,$522,$-411,$0,$0,$0,$0,$12,$-21,$-420,$0,$-146,$149,$0,$25,$-132,$0,$-104,$-1,$0,$0
17,2014-06-30,21.58,$0.00,0.0,$7.66,2.82,$0.21,105.15,$0.68,31.73,$0.23B,$0.48B,0.48,$0.89B,$1.79B,0.5,$1.56B,$1.18B,75.90%,$1.56B,$0.38B,24.55%,$1.56B,$0.38B,24.55%,$1.56B,$0.96B,61.83%,$1.56B,$0.12B,7.84%,$1.56B,$0.14B,8.93%,$0.14B,$1.79B,6.58%,$0.14B,$1.23B,8.45%,$0.14B,$3.42B,3.57%,$0.38B,$2.68B,12.65%,$340,$88,$252,$0,$56,$280,$59,$-49,$52,$15,$37,$37,$37,$197,$59,$204,209,$0.18,$0.18,$2,$0,$43,$230,$0,$0,$560,$0,$910,$3423,$476,$894,$265,$1159,$1635,$2844,$-1052,$0,$1788,$3423,$73,$257,$0,$257,$0,$0,$0,$0,$0,$338,$-389,$0,$0,$0,$0,$0,$97,$-291,$0,$0,$0,$0,$18,$0,$-65,$-47,$-1,$0,$0
18,2014-03-31,16.97,$0.00,0.0,$7.98,2.13,$0.73,23.13,$0.75,22.63,$0.26B,$0.44B,0.58,$0.89B,$1.80B,0.49,$1.61B,$1.23B,76.57%,$1.61B,$0.47B,29.22%,$1.61B,$0.47B,29.22%,$1.61B,$1.04B,64.74%,$1.61B,$0.15B,9.22%,$1.61B,$0.15B,9.53%,$0.15B,$1.80B,6.30%,$0.15B,$1.25B,7.41%,$0.15B,$3.40B,3.48%,$0.47B,$2.69B,13.87%,$377,$93,$284,$0,$44,$257,$120,$-47,$66,$29,$36,$37,$37,$240,$120,$203,206,$0.18,$0.18,$5,$0,$71,$257,$0,$0,$559,$0,$890,$3395,$441,$886,$264,$1150,$1591,$2797,$-1028,$0,$1804,$3395,$36,$120,$0,$120,$0,$0,$0,$0,$-69,$127,$-101,$0,$0,$0,$0,$12,$22,$-66,$0,$-28,$0,$0,$6,$-38,$0,$-60,$2,$0,$0
19,2013-12-31,15.2,$0.00,0.0,$8.00,1.9,$0.53,28.95,$0.54,28.14,$0.23B,$0.47B,0.49,$0.95B,$1.88B,0.51,$1.60B,$1.23B,76.78%,$1.60B,$0.47B,29.66%,$1.60B,$0.47B,29.66%,$1.60B,$1.05B,65.71%,$1.60B,$0.08B,5.26%,$1.60B,$0.11B,6.95%,$0.11B,$1.88B,4.06%,$0.11B,$1.29B,4.49%,$0.11B,$3.58B,2.25%,$0.47B,$2.83B,12.69%,$416,$104,$312,$0,$96,$388,$28,$224,$-41,$-9,$-32,$32,$32,$221,$28,$197,197,$0.16,$0.16,$3,$0,$63,$227,$0,$13,$593,$0,$978,$3576,$467,$949,$283,$1232,$1699,$2974,$-1085,$0,$1877,$3576,$47,$576,$0,$576,$0,$0,$0,$0,$28,$745,$-906,$0,$0,$0,$0,$2,$414,$-490,$0,$-44,$-45,$0,$14,$-166,$-17,$-258,$-2,$0,$0
20,2013-09-30,13.66,$0.00,0.0,$7.72,1.77,$-0.01,0.0,$-0.42,0.0,$0.20B,$0.40B,0.5,$0.90B,$2.98B,0.3,$1.54B,$1.20B,77.45%,$1.54B,$0.57B,36.75%,$1.54B,$0.57B,36.75%,$1.54B,$1.08B,69.99%,$1.54B,$-0.09B,-5.70%,$1.54B,$-0.08B,-5.18%,$-0.08B,$2.98B,-2.64%,$-0.08B,$2.83B,-2.78%,$-0.08B,$5.17B,-1.49%,$0.57B,$3.88B,14.01%,$423,$91,$333,$0,$24,$249,$175,$-132,$45,$12,$33,$33,$33,$304,$175,$201,202,$0.16,$0.16,$18,$0,$33,$198,$0,$0,$151,$14,$178,$5173,$398,$901,$497,$1799,$2197,$3721,$-787,$0,$2976,$5173,$78,$383,$0,$383,$0,$0,$0,$0,$11,$553,$-324,$0,$0,$0,$0,$2,$20,$-301,$0,$-106,$0,$0,$12,$-124,$-17,$-235,$13,$0,$0
21,2013-06-30,11.99,$0.00,0.0,$7.30,1.64,$-3.28,0.0,$-0.90,0.0,$0.33B,$0.39B,0.86,$1.07B,$3.06B,0.35,$1.45B,$1.09B,75.26%,$1.45B,$0.47B,32.05%,$1.45B,$0.47B,32.05%,$1.45B,$0.99B,68.16%,$1.45B,$-0.24B,-16.26%,$1.45B,$-0.18B,-12.13%,$-0.18B,$3.06B,-5.69%,$-0.18B,$2.90B,-5.98%,$-0.18B,$5.46B,-3.19%,$0.47B,$4.13B,11.18%,$389,$90,$300,$0,$24,$243,$146,$-74,$78,$27,$51,$51,$51,$274,$146,$200,200,$0.25,$0.25,$57,$0,$107,$329,$0,$16,$156,$14,$186,$5457,$386,$1071,$533,$2012,$2397,$3754,$-779,$0,$3060,$5457,$46,$254,$0,$254,$0,$0,$0,$0,$-14,$349,$-291,$0,$0,$0,$0,$2,$20,$-269,$0,$69,$-35,$0,$0,$-84,$-17,$-68,$5,$0,$0
22,2013-03-31,11.63,$0.00,0.0,$7.00,1.66,$-5.26,0.0,$-0.64,0.0,$0.22B,$0.38B,0.57,$1.08B,$3.02B,0.36,$1.39B,$1.03B,74.37%,$1.39B,$0.41B,29.68%,$1.39B,$0.41B,29.68%,$1.39B,$0.93B,67.15%,$1.39B,$-0.17B,-12.27%,$1.39B,$-0.13B,-9.10%,$-0.13B,$3.02B,-3.97%,$-0.13B,$2.87B,-4.17%,$-0.13B,$5.49B,-2.24%,$0.41B,$4.11B,9.69%,$370,$88,$282,$0,$31,$245,$125,$-124,$2,$7,$-5,$-5,$-5,$251,$125,$199,199,$-0.03,$-0.03,$12,$0,$47,$215,$0,$0,$153,$11,$176,$5486,$378,$1084,$610,$2086,$2464,$3800,$-790,$0,$3022,$5486,$-5,$126,$0,$126,$0,$0,$0,$0,$-8,$160,$-176,$0,$0,$0,$0,$2,$11,$-163,$0,$55,$0,$0,$0,$-43,$0,$12,$7,$0,$0
23,2012-12-31,10.11,$0.00,0.0,$6.46,1.57,$-6.55,0.0,$-0.79,0.0,$0.23B,$0.36B,0.63,$1.03B,$3.05B,0.34,$1.27B,$0.92B,72.75%,$1.27B,$0.32B,24.88%,$1.27B,$0.32B,24.88%,$1.27B,$0.83B,65.32%,$1.27B,$-0.22B,-17.06%,$1.27B,$-0.16B,-12.24%,$-0.16B,$3.05B,-4.73%,$-0.16B,$2.90B,-4.95%,$-0.16B,$5.42B,-2.72%,$0.32B,$4.08B,7.34%,$361,$81,$280,$0,$24,$240,$121,$-348,$-213,$-57,$-156,$-159,$-159,$251,$121,$198,198,$-0.80,$-0.80,$5,$0,$69,$225,$0,$0,$151,$12,$171,$5415,$357,$1025,$600,$2007,$2364,$3820,$-737,$0,$3051,$5415,$-156,$511,$0,$511,$0,$0,$0,$0,$-89,$535,$-805,$0,$0,$0,$0,$147,$-90,$-748,$0,$152,$0,$0,$351,$-278,$-15,$211,$-0,$0,$0
24,2012-09-30,12.72,$0.00,0.0,$5.61,2.27,$-4.45,0.0,$-1.66,0.0,$0.20B,$0.36B,0.56,$1.08B,$3.24B,0.33,$1.08B,$0.73B,67.50%,$1.08B,$0.14B,13.24%,$1.08B,$0.14B,13.24%,$1.08B,$0.64B,59.63%,$1.08B,$-0.42B,-39.07%,$1.08B,$-0.30B,-27.41%,$-0.30B,$3.24B,-8.85%,$-0.30B,$3.09B,-9.27%,$-0.30B,$5.70B,-5.10%,$0.14B,$4.32B,3.31%,$331,$102,$230,$0,$24,$259,$73,$-178,$-103,$-40,$-64,$-63,$-63,$213,$73,$198,198,$-0.32,$-0.32,$0,$0,$72,$200,$0,$0,$150,$12,$170,$5696,$357,$1078,$582,$2098,$2455,$3826,$-527,$0,$3241,$5696,$3,$381,$0,$381,$0,$0,$0,$0,$-85,$347,$-769,$0,$0,$0,$0,$146,$-46,$-669,$0,$0,$229,$0,$353,$0,$-268,$313,$-6,$0,$0
25,2012-06-30,9.67,$0.00,0.0,$5.99,1.62,$-0.73,0.0,$-0.74,0.0,$0.25B,$0.40B,0.63,$1.09B,$3.38B,0.32,$1.12B,$0.79B,70.54%,$1.12B,$0.23B,20.54%,$1.12B,$0.23B,20.54%,$1.12B,$0.70B,62.50%,$1.12B,$-0.16B,-13.93%,$1.12B,$-0.12B,-11.07%,$-0.12B,$3.38B,-3.56%,$-0.12B,$3.23B,-3.73%,$-0.12B,$5.93B,-2.11%,$0.23B,$4.47B,5.27%,$323,$85,$238,$0,$21,$231,$92,$61,$144,$46,$98,$101,$101,$215,$92,$197,197,$0.51,$0.51,$7,$0,$132,$253,$0,$0,$152,$171,$332,$5927,$403,$1088,$569,$2140,$2543,$3715,$-398,$0,$3383,$5927,$65,$241,$0,$241,$0,$0,$0,$0,$-70,$221,$-553,$0,$0,$0,$0,$4,$-33,$-582,$0,$0,$238,$0,$343,$-185,$-32,$364,$2,$0,$0
26,2012-03-31,16.33,$0.00,0.0,$6.40,2.55,$3.59,4.54,$0.28,58.32,$0.15B,$0.49B,0.3,$0.86B,$3.45B,0.25,$1.17B,$0.85B,72.58%,$1.17B,$0.30B,25.71%,$1.17B,$0.30B,25.71%,$1.17B,$0.76B,64.78%,$1.17B,$0.12B,10.28%,$1.17B,$0.05B,4.37%,$0.05B,$3.45B,1.44%,$0.05B,$3.29B,1.50%,$0.05B,$5.79B,0.88%,$0.30B,$4.30B,7.03%,$251,$78,$173,$0,$25,$222,$29,$-167,$-44,$-10,$-34,$-34,$-34,$148,$29,$190,190,$-0.18,$-0.18,$1,$0,$25,$145,$0,$0,$152,$233,$391,$5789,$486,$857,$533,$1858,$2344,$3780,$-419,$0,$3445,$5789,$-34,$118,$0,$118,$0,$0,$0,$0,$-86,$69,$-329,$0,$0,$0,$0,$0,$15,$-315,$0,$-0,$0,$0,$343,$-106,$3,$240,$-4,$0,$0
27,2011-12-31,18.04,$0.00,0.0,$6.17,2.92,$4.78,3.77,$0.63,28.63,$0.15B,$0.54B,0.27,$0.87B,$3.32B,0.26,$1.11B,$0.81B,72.57%,$1.11B,$0.28B,24.91%,$1.11B,$0.28B,24.91%,$1.11B,$0.72B,64.30%,$1.11B,$0.14B,12.95%,$1.11B,$0.12B,10.43%,$0.12B,$3.32B,3.29%,$0.12B,$3.16B,3.44%,$0.12B,$5.79B,2.03%,$0.28B,$4.19B,6.53%,$175,$87,$88,$0,$20,$225,$-51,$-548,$-419,$-109,$-310,$-300,$-300,$68,$-51,$180,180,$-1.67,$-1.67,$6,$0,$17,$149,$0,$0,$157,$210,$374,$5792,$544,$871,$571,$1931,$2476,$3484,$-283,$0,$3316,$5792,$111,$439,$0,$439,$0,$0,$0,$0,$72,$631,$-497,$0,$0,$0,$0,$2,$39,$-456,$0,$169,$0,$0,$65,$-394,$-19,$-178,$-3,$0,$0
28,2011-09-30,17.14,$0.00,0.0,$6.49,2.64,$6.18,2.77,$2.29,7.48,$0.26B,$0.40B,0.66,$0.72B,$3.78B,0.19,$1.26B,$1.00B,79.62%,$1.26B,$0.41B,32.59%,$1.26B,$0.41B,32.59%,$1.26B,$0.88B,70.10%,$1.26B,$0.53B,42.35%,$1.26B,$0.42B,32.91%,$0.42B,$3.78B,11.37%,$0.42B,$3.62B,12.25%,$0.42B,$6.00B,7.29%,$0.41B,$4.49B,9.51%,$371,$80,$291,$0,$20,$211,$160,$49,$163,$49,$114,$109,$109,$269,$160,$180,181,$0.60,$0.60,$13,$0,$132,$263,$0,$0,$162,$217,$392,$5995,$398,$715,$493,$1818,$2217,$3506,$120,$0,$3778,$5995,$418,$320,$0,$320,$0,$0,$0,$0,$-23,$390,$-103,$0,$0,$0,$0,$0,$-13,$-116,$0,$31,$-35,$0,$51,$-298,$-20,$-271,$4,$0,$0
29,2011-06-30,21.64,$0.00,0.0,$6.12,3.53,$5.03,4.3,$1.78,12.16,$0.19B,$0.47B,0.4,$0.43B,$3.66B,0.12,$1.19B,$0.93B,78.25%,$1.19B,$0.29B,24.18%,$1.19B,$0.29B,24.18%,$1.19B,$0.81B,68.01%,$1.19B,$0.35B,29.72%,$1.19B,$0.32B,27.12%,$0.32B,$3.66B,8.79%,$0.32B,$3.51B,9.77%,$0.32B,$5.55B,5.77%,$0.29B,$4.10B,6.65%,$370,$75,$295,$0,$26,$208,$162,$257,$420,$143,$277,$276,$276,$271,$162,$180,180,$1.54,$1.53,$5,$0,$60,$185,$0,$0,$152,$219,$375,$5553,$468,$434,$402,$1422,$1889,$3525,$107,$0,$3664,$5553,$307,$210,$0,$210,$0,$0,$0,$0,$11,$306,$169,$0,$0,$0,$0,$0,$-31,$138,$0,$-228,$-35,$0,$35,$-200,$-20,$-448,$-4,$0,$0
30,2011-03-31,21.3,$0.00,0.0,$5.87,3.63,$2.37,8.99,$0.42,50.72,$0.19B,$0.51B,0.37,$0.82B,$3.36B,0.24,$1.14B,$0.88B,76.86%,$1.14B,$0.19B,16.83%,$1.14B,$0.19B,16.83%,$1.14B,$0.77B,67.13%,$1.14B,$-0.06B,-4.91%,$1.14B,$0.08B,6.84%,$0.08B,$3.36B,2.07%,$0.08B,$3.21B,2.38%,$0.08B,$5.55B,1.38%,$0.19B,$4.18B,4.29%,$196,$63,$133,$0,$26,$191,$6,$-158,$-20,$-50,$30,$31,$31,$107,$6,$179,179,$0.17,$0.17,$4,$0,$54,$186,$0,$0,$150,$156,$310,$5552,$507,$820,$378,$1681,$2188,$3438,$-68,$0,$3364,$5552,$30,$101,$0,$101,$0,$0,$0,$0,$-25,$134,$-167,$0,$0,$0,$0,$0,$-26,$-193,$0,$135,$0,$0,$16,$-98,$0,$53,$-5,$0,$0
31,2010-12-31,20.51,$0.00,0.0,$6.61,3.1,$2.84,7.21,$0.68,30.16,$0.20B,$0.43B,0.47,$0.71B,$3.79B,0.19,$1.27B,$0.99B,77.95%,$1.27B,$0.26B,20.47%,$1.27B,$0.26B,20.47%,$1.27B,$0.89B,69.76%,$1.27B,$0.04B,3.15%,$1.27B,$0.12B,9.76%,$0.12B,$3.79B,3.17%,$0.12B,$3.21B,3.72%,$0.12B,$5.67B,2.19%,$0.26B,$4.50B,5.72%,$324,$39,$285,$0,$49,$241,$83,$89,$-29,$-29,$-0,$-1,$-1,$237,$83,$252,252,$0.00,$-0.01,$8,$0,$71,$201,$0,$0,$582,$49,$632,$5666,$427,$711,$691,$1447,$1874,$5590,$-1667,$0,$3792,$5666,$123,$626,$0,$626,$0,$0,$0,$0,$-15,$683,$-142,$0,$0,$0,$0,$-1,$-441,$-584,$0,$229,$-35,$0,$34,$-373,$-17,$-162,$-63,$0,$0
32,2010-09-30,16.59,$0.00,0.0,$6.68,2.49,$2.21,7.52,$0.70,23.71,$0.18B,$0.30B,0.58,$0.66B,$3.87B,0.17,$1.19B,$0.88B,74.35%,$1.19B,$0.20B,16.62%,$1.19B,$0.20B,16.62%,$1.19B,$0.80B,67.68%,$1.19B,$0.06B,4.89%,$1.19B,$0.13B,10.72%,$0.13B,$3.87B,3.27%,$0.13B,$3.29B,3.83%,$0.13B,$5.62B,2.29%,$0.20B,$4.53B,4.42%,$301,$82,$219,$0,$20,$263,$37,$-54,$-17,$-33,$16,$17,$17,$195,$37,$178,178,$0.09,$0.09,$3,$0,$67,$175,$0,$0,$582,$94,$678,$5623,$302,$657,$751,$1447,$1749,$5526,$-1559,$0,$3874,$5623,$123,$472,$0,$472,$0,$0,$0,$0,$-2,$535,$-458,$0,$0,$0,$0,$-1,$-1,$-459,$0,$162,$-34,$0,$22,$-277,$-17,$-144,$-68,$0,$0
33,2010-06-30,13.38,$0.00,0.0,$6.60,2.03,$2.76,4.86,$0.83,16.12,$0.18B,$0.28B,0.65,$0.68B,$4.01B,0.17,$1.16B,$0.85B,73.70%,$1.16B,$0.19B,16.26%,$1.16B,$0.19B,16.26%,$1.16B,$0.80B,68.77%,$1.16B,$0.09B,7.53%,$1.16B,$0.15B,12.63%,$0.15B,$4.01B,3.75%,$0.15B,$3.42B,4.39%,$0.15B,$5.74B,2.66%,$0.19B,$4.69B,4.25%,$320,$81,$240,$0,$14,$255,$66,$-52,$10,$-20,$30,$31,$31,$227,$66,$178,178,$0.17,$0.17,$1,$0,$52,$182,$0,$0,$593,$49,$646,$5738,$281,$680,$727,$1445,$1726,$5580,$-1500,$0,$4012,$5738,$108,$315,$0,$315,$0,$0,$0,$0,$-14,$343,$-348,$0,$0,$0,$0,$-1,$-5,$-354,$0,$166,$-35,$0,$14,$-187,$-17,$-60,$-71,$0,$0
34,2010-03-31,14.26,$0.00,0.0,$6.54,2.18,$3.88,3.67,$0.64,22.29,$0.23B,$0.35B,0.65,$0.49B,$3.98B,0.12,$1.13B,$0.82B,73.07%,$1.13B,$0.17B,15.47%,$1.13B,$0.17B,15.47%,$1.13B,$0.74B,66.04%,$1.13B,$0.05B,4.18%,$1.13B,$0.11B,9.96%,$0.11B,$3.98B,2.96%,$0.11B,$3.40B,3.47%,$0.11B,$5.62B,2.10%,$0.17B,$4.46B,4.04%,$325,$79,$246,$0,$19,$251,$74,$-28,$76,$-0,$77,$77,$77,$227,$74,$177,178,$0.44,$0.43,$25,$0,$60,$227,$0,$0,$579,$48,$628,$5619,$349,$488,$749,$1293,$1642,$5500,$-1418,$0,$3977,$5619,$77,$153,$0,$153,$0,$0,$0,$0,$-7,$182,$-130,$0,$0,$0,$0,$-1,$-11,$-142,$0,$0,$0,$0,$6,$-92,$0,$-85,$-46,$0,$0
35,2009-12-31,13.59,$0.00,0.0,$6.31,2.15,$3.98,3.41,$0.48,28.31,$0.22B,$0.32B,0.68,$0.46B,$3.67B,0.13,$1.07B,$0.76B,70.83%,$1.07B,$0.11B,9.85%,$1.07B,$0.11B,9.85%,$1.07B,$0.68B,63.51%,$1.07B,$-0.00B,-0.28%,$1.07B,$0.08B,7.41%,$0.08B,$3.67B,2.06%,$0.08B,$3.14B,2.42%,$0.08B,$5.20B,1.46%,$0.11B,$4.13B,2.38%,$239,$63,$176,$0,$23,$219,$20,$-66,$-11,$-8,$-3,$2,$2,$153,$20,$177,177,$0.01,$0.01,$65,$0,$27,$217,$0,$0,$535,$44,$580,$5199,$320,$460,$697,$1205,$1525,$5031,$-1285,$0,$3673,$5199,$78,$573,$0,$573,$0,$0,$0,$0,$23,$683,$-417,$0,$0,$0,$0,$-4,$-40,$-461,$0,$-37,$0,$0,$209,$-324,$-8,$-160,$59,$0,$0
36,2009-09-30,13.14,$0.00,0.0,$7.49,1.75,$9.12,1.44,$1.62,8.11,$0.15B,$0.23B,0.66,$0.52B,$3.90B,0.13,$1.25B,$0.92B,73.90%,$1.25B,$0.27B,21.93%,$1.25B,$0.27B,21.93%,$1.25B,$0.86B,69.16%,$1.25B,$0.19B,15.50%,$1.25B,$0.27B,21.37%,$0.27B,$3.90B,6.76%,$0.27B,$3.34B,7.92%,$0.27B,$5.39B,4.77%,$0.27B,$4.42B,6.00%,$272,$82,$190,$0,$18,$244,$28,$-16,$12,$-22,$35,$36,$36,$188,$28,$169,169,$0.22,$0.22,$10,$0,$45,$148,$0,$0,$556,$43,$602,$5387,$225,$521,$705,$1267,$1492,$5195,$-1245,$0,$3895,$5387,$79,$440,$0,$440,$0,$0,$0,$0,$36,$535,$-369,$0,$0,$0,$0,$0,$-75,$-443,$0,$-347,$308,$0,$210,$-248,$-9,$-86,$3,$0,$0
37,2009-06-30,12.03,$0.00,0.0,$9.69,1.24,$14.62,0.82,$4.12,2.92,$0.18B,$0.18B,1.0,$0.61B,$3.58B,0.17,$1.60B,$1.27B,79.04%,$1.60B,$0.61B,38.18%,$1.60B,$0.61B,38.18%,$1.60B,$1.19B,74.05%,$1.60B,$0.64B,39.61%,$1.60B,$0.68B,42.30%,$0.68B,$3.58B,17.08%,$0.68B,$3.05B,20.03%,$0.68B,$5.10B,11.95%,$0.61B,$4.20B,13.36%,$289,$79,$210,$0,$18,$238,$52,$-60,$-30,$-27,$-3,$-3,$-3,$175,$52,$166,166,$-0.02,$-0.02,$0,$0,$79,$175,$0,$0,$536,$44,$580,$5098,$175,$612,$689,$1339,$1514,$4704,$-1125,$0,$3584,$5098,$41,$280,$0,$280,$0,$0,$0,$0,$5,$326,$-143,$0,$0,$0,$0,$0,$-80,$-223,$0,$0,$47,$0,$9,$-154,$-10,$-108,$-6,$0,$0
38,2009-03-31,8.94,$0.00,0.0,$12.41,0.72,$15.90,0.56,$4.82,1.86,$0.28B,$0.25B,1.09,$0.71B,$4.16B,0.17,$2.05B,$1.70B,82.96%,$2.05B,$1.01B,49.51%,$2.05B,$1.01B,49.51%,$2.05B,$1.64B,79.88%,$2.05B,$0.74B,36.23%,$2.05B,$0.79B,38.67%,$0.79B,$4.16B,19.61%,$0.79B,$3.55B,23.03%,$0.79B,$5.95B,13.15%,$1.01B,$4.87B,21.33%,$266,$87,$179,$0,$18,$261,$5,$-9,$26,$-24,$50,$44,$44,$161,$5,$166,166,$0.27,$0.27,$0,$0,$135,$275,$0,$0,$614,$45,$668,$5953,$252,$710,$203,$1538,$1789,$5264,$-1171,$0,$4163,$5953,$50,$156,$0,$156,$0,$0,$0,$0,$-8,$163,$-98,$0,$0,$0,$0,$0,$-45,$-142,$0,$0,$64,$0,$5,$-86,$-11,$-28,$-7,$0,$0
39,2008-12-31,10.51,$0.00,0.0,$14.35,0.73,$16.34,0.64,$5.37,1.96,$0.28B,$0.33B,0.86,$0.63B,$4.10B,0.15,$2.31B,$1.97B,85.25%,$2.31B,$1.30B,56.31%,$2.31B,$1.30B,56.31%,$2.31B,$1.90B,82.60%,$2.31B,$0.81B,35.18%,$2.31B,$0.87B,37.70%,$0.87B,$4.10B,21.81%,$0.87B,$3.50B,25.64%,$0.87B,$5.88B,14.07%,$1.30B,$4.72B,27.07%,$418,$77,$341,$0,$14,$231,$188,$86,$185,$26,$159,$189,$189,$337,$188,$165,165,$1.15,$1.15,$7,$0,$118,$279,$0,$0,$599,$44,$650,$5882,$325,$627,$196,$1460,$1786,$5165,$-1115,$0,$4096,$5882,$839,$605,$0,$605,$0,$0,$0,$0,$-19,$1192,$-93,$0,$0,$0,$0,$11,$-2,$-84,$0,$0,$-422,$0,$67,$-742,$-12,$-1110,$5,$0,$0
40,2008-09-30,19.1,$0.00,0.0,$14.67,1.3,$11.51,1.66,$5.00,3.82,$0.20B,$0.35B,0.56,$0.50B,$4.03B,0.13,$2.26B,$1.93B,85.51%,$2.26B,$1.30B,57.40%,$2.26B,$1.30B,57.40%,$2.26B,$1.85B,82.00%,$2.26B,$0.69B,30.59%,$2.26B,$0.78B,34.62%,$0.78B,$4.03B,21.82%,$0.78B,$3.45B,25.30%,$0.78B,$5.75B,13.67%,$1.30B,$4.54B,29.41%,$630,$93,$537,$0,$14,$262,$367,$87,$454,$6,$448,$448,$448,$514,$367,$165,165,$2.72,$2.72,$1,$0,$22,$198,$0,$0,$586,$55,$643,$5754,$353,$503,$196,$1369,$1722,$5253,$-1158,$0,$4032,$5754,$673,$456,$0,$456,$0,$0,$0,$0,$-26,$966,$103,$0,$0,$0,$0,$11,$-36,$78,$0,$0,$-530,$0,$58,$-596,$22,$-1046,$-1,$0,$0
41,2008-06-30,23.02,$0.00,0.0,$13.11,1.76,$6.22,3.7,$2.97,7.75,$0.34B,$0.64B,0.52,$1.02B,$3.86B,0.26,$1.92B,$1.61B,83.99%,$1.92B,$1.02B,53.13%,$1.92B,$1.02B,53.13%,$1.92B,$1.53B,79.61%,$1.92B,$0.32B,16.74%,$1.92B,$0.42B,22.00%,$0.42B,$3.86B,13.13%,$0.42B,$3.27B,14.95%,$0.42B,$6.50B,7.98%,$1.02B,$4.88B,25.04%,$734,$92,$642,$0,$17,$280,$454,$-377,$77,$-34,$111,$111,$111,$624,$454,$164,165,$0.68,$0.68,$1,$0,$94,$335,$0,$0,$597,$50,$647,$6499,$642,$1018,$201,$1995,$2637,$5386,$-1431,$0,$3862,$6499,$231,$309,$0,$309,$0,$0,$0,$0,$-68,$615,$-223,$0,$0,$0,$0,$18,$-40,$-245,$0,$0,$-36,$0,$40,$-391,$15,$-372,$-1,$0,$0
42,2008-03-31,21.04,$0.00,0.0,$11.40,1.85,$4.03,5.23,$2.57,8.19,$0.29B,$0.55B,0.52,$1.10B,$3.95B,0.28,$1.54B,$1.24B,80.94%,$1.54B,$0.71B,45.93%,$1.54B,$0.71B,45.93%,$1.54B,$1.18B,76.71%,$1.54B,$0.36B,23.29%,$1.54B,$0.35B,22.58%,$0.35B,$3.95B,12.03%,$0.35B,$3.35B,13.38%,$0.35B,$6.57B,7.47%,$0.71B,$5.04B,19.43%,$523,$78,$445,$0,$16,$234,$289,$-179,$95,$-26,$121,$121,$121,$429,$289,$147,148,$0.82,$0.82,$1,$0,$38,$286,$0,$0,$602,$50,$652,$6568,$550,$1095,$897,$2069,$2620,$5386,$-1349,$0,$3949,$6568,$121,$139,$0,$139,$0,$0,$0,$0,$32,$255,$-133,$0,$0,$0,$0,$18,$-10,$-125,$0,$32,$0,$0,$12,$-192,$14,$-133,$-0,$0,$0
43,2007-12-31,19.02,$0.00,0.0,$9.96,1.91,$3.32,5.72,$2.50,7.61,$0.16B,$0.35B,0.46,$0.68B,$2.47B,0.28,$1.27B,$1.00B,78.32%,$1.27B,$0.50B,39.20%,$1.27B,$0.50B,39.20%,$1.27B,$0.93B,73.29%,$1.27B,$0.34B,26.47%,$1.27B,$0.32B,24.98%,$0.32B,$2.47B,12.88%,$0.32B,$2.29B,13.93%,$0.32B,$4.03B,8.13%,$0.50B,$3.15B,16.10%,$369,$64,$305,$0,$15,$184,$185,$-121,$64,$-32,$97,$101,$101,$283,$185,$130,130,$0.78,$0.78,$2,$0,$26,$163,$0,$0,$183,$57,$239,$4028,$352,$680,$440,$1204,$1557,$3775,$-1202,$0,$2471,$4028,$318,$434,$0,$434,$0,$0,$0,$0,$122,$813,$-578,$0,$0,$0,$0,$13,$-20,$-585,$0,$139,$0,$0,$240,$-605,$3,$-224,$1,$0,$0
44,2007-09-30,21.36,$0.00,0.0,$9.76,2.19,$3.80,5.62,$2.51,8.51,$0.16B,$0.42B,0.38,$0.62B,$2.58B,0.24,$1.23B,$1.02B,82.75%,$1.23B,$0.64B,51.99%,$1.23B,$0.64B,51.99%,$1.23B,$0.98B,79.33%,$1.23B,$0.60B,48.66%,$1.23B,$0.31B,25.55%,$0.31B,$2.58B,12.79%,$0.31B,$2.39B,13.86%,$0.31B,$4.07B,8.20%,$0.64B,$3.20B,20.86%,$292,$73,$219,$0,$17,$201,$91,$-67,$85,$-4,$89,$89,$89,$191,$91,$129,129,$0.69,$0.69,$2,$0,$25,$157,$0,$0,$188,$56,$243,$4065,$418,$624,$119,$1070,$1488,$3843,$-1165,$0,$2577,$4065,$230,$336,$0,$336,$0,$0,$0,$0,$39,$634,$-479,$0,$0,$0,$0,$16,$-11,$-474,$0,$0,$69,$0,$235,$-462,$3,$-155,$2,$0,$0
45,2007-06-30,20.55,$0.00,0.0,$10.05,2.04,$2.60,7.9,$2.99,6.87,$0.15B,$0.35B,0.43,$0.60B,$2.54B,0.24,$1.25B,$1.11B,88.89%,$1.25B,$0.86B,68.90%,$1.25B,$0.86B,68.90%,$1.25B,$1.10B,87.77%,$1.25B,$0.83B,66.11%,$1.25B,$0.37B,29.50%,$0.37B,$2.54B,20.38%,$0.37B,$2.35B,22.13%,$0.37B,$3.93B,13.11%,$0.86B,$3.14B,38.09%,$353,$78,$275,$0,$17,$212,$141,$-62,$114,$74,$40,$36,$36,$276,$141,$128,128,$0.28,$0.28,$2,$0,$14,$149,$0,$0,$188,$52,$240,$3930,$350,$601,$113,$1043,$1393,$3643,$-1046,$0,$2538,$3930,$148,$236,$0,$236,$0,$0,$0,$0,$7,$431,$-407,$0,$0,$0,$0,$16,$-14,$-405,$0,$0,$64,$0,$231,$-320,$3,$-22,$2,$0,$0
