,Date,Stock Price,Book Value per Share,Price to Book Ratio,TTM Sales per Share,Price to Sales Ratio,TTM FCF per Share,Price to FCF Ratio,TTM Net EPS,PE Ratio,Current Assets,Current Liabilities,Current Ratio,Long Term Debt,Shareholder's Equity_x,Debt to Equity Ratio,TTM Revenue_x,TTM Gross Profit,Gross Margin,TTM Revenue_y,TTM Operating Income,Operating Margin,TTM Revenue_x,TTM EBIT,EBIT Margin,TTM Revenue_y,TTM EBITDA,EBITDA Margin,TTM Revenue_x,TTM Pre-Tax Income,Pre-Tax Margin,TTM Revenue_y,TTM Net Income_x,Net Margin,TTM Net Income_y,Shareholder's Equity_y,Return on Equity,TTM Net Income_x,Tangible Equity,Return on Tangible Equity,TTM Net Income_y,Total Assets,Return on Assets,TTM Net Income,LT Investments & Debt,Return on Investment,revenue,cost-goods-sold,gross-profit,research-development-expenses,selling-general-administrative-expenses,operating-expenses,operating-income,total-non-operating-income-expense,pre-tax-income,total-provision-income-taxes,income-after-taxes,income-from-continuous-operations,net-income,ebitda,ebit,basic-shares-outstanding,shares-outstanding,eps-basic-net-earnings-per-share,eps-earnings-per-share-diluted,cash-on-hand,inventory,other-current-assets,total-current-assets,net-property-plant-equipment,long-term-investments,goodwill-intangible-assets-total,other-long-term-assets,total-long-term-assets,total-assets,total-current-liabilities,long-term-debt,other-non-current-liabilities,total-long-term-liabilities,total-liabilities,common-stock-net,retained-earnings-accumulated-deficit,comprehensive-income,total-share-holder-equity,total-liabilities-share-holders-equity,net-income-loss,total-depreciation-amortization-cash-flow,other-non-cash-items,total-non-cash-items,change-in-accounts-receivable,change-in-inventories,change-in-accounts-payable,change-in-assets-liabilities,total-change-in-assets-liabilities,cash-flow-from-operating-activities,net-change-in-property-plant-equipment,net-change-in-intangible-assets,net-acquisitions-divestitures,net-change-in-short-term-investments,net-change-in-long-term-investments,net-change-in-investments-total,investing-activities-other,cash-flow-from-investing-activities,net-long-term-debt,net-current-debt,debt-issuance-retirement-net-total,net-common-equity-issued-repurchased,net-total-equity-issued-repurchased,total-common-preferred-stock-dividends-paid,financial-activities-other,cash-flow-from-financial-activities,net-cash-flow,stock-based-compensation,common-stock-dividends-paid
0,2018-09-30,8.8,$3.26,2.7,$7.30,1.21,$0.30,29.55,$-0.68,0.0,$17.47B,$11.53B,1.52,$3.49B,$0.00B,0.0,$23.99B,$7.46B,31.09%,$23.99B,$-2.02B,-8.41%,$23.99B,$-2.02B,-8.41%,$23.99B,$-0.11B,-0.47%,$23.99B,$-2.31B,-9.62%,$23.99B,$-2.26B,-9.42%,$-2.26B,$10.73B,-20.17%,$-2.26B,$6.38B,-33.39%,$-2.26B,$29.61B,-7.35%,$-2.02B,$14.21B,-13.60%,$6016,$3821,$2195,$1050,$741,$5654,$362,$-71,$291,$-16,$307,$307,$307,$559,$362,$3293,3293,$0.09,$0.09,$4768,$3425,$1654,$17465,$1432,$3518,$4352,$0,$12145,$29610,$11525,$3487,$881,$7358,$18882,$0,$0,$0,$10728,$29610,$25,$654,$-494,$160,$612,$-726,$180,$315,$380,$565,$-374,$0,$-146,$0,$352,$352,$-48,$-216,$0,$0,$0,$0,$0,$-368,$-25,$-393,$19,$0,$-368
1,2018-06-30,7.67,$3.28,2.34,$7.27,1.06,$0.03,233.84,$-0.94,0.0,$18.19B,$12.08B,1.51,$3.60B,$0.00B,0.0,$23.85B,$6.76B,28.32%,$23.85B,$-2.97B,-12.45%,$23.85B,$-2.97B,-12.45%,$23.85B,$-0.68B,-2.85%,$23.85B,$-3.23B,-13.53%,$23.85B,$-3.12B,-13.06%,$-3.12B,$10.81B,-25.79%,$-3.12B,$6.25B,-43.36%,$-3.12B,$30.65B,-9.87%,$-2.97B,$14.40B,-18.92%,$5753,$3751,$2002,$1130,$815,$5734,$19,$-94,$-74,$134,$-208,$-208,$-218,$243,$19,$3290,3290,$-0.07,$-0.07,$5238,$3471,$1439,$18186,$1489,$3529,$4561,$0,$12459,$30645,$12084,$3596,$851,$7754,$19839,$0,$0,$0,$10806,$30645,$-292,$457,$-311,$146,$1037,$-546,$76,$-73,$494,$348,$-255,$0,$-102,$0,$361,$361,$-27,$-24,$0,$0,$0,$0,$0,$-380,$-55,$-435,$135,$0,$-380
2,2018-03-31,6.27,$3.51,1.79,$7.25,0.87,$-0.16,0.0,$-0.90,0.0,$18.64B,$12.80B,1.46,$3.84B,$0.00B,0.0,$23.77B,$6.34B,26.66%,$23.77B,$-3.13B,-13.16%,$23.77B,$-3.13B,-13.16%,$23.77B,$-0.80B,-3.38%,$23.77B,$-3.29B,-13.83%,$23.77B,$-3.01B,-12.67%,$-3.01B,$11.53B,-23.36%,$-3.01B,$6.99B,-39.42%,$-3.01B,$32.17B,-9.50%,$-3.13B,$15.38B,-19.10%,$5357,$3523,$1833,$1120,$760,$5395,$-39,$-67,$-105,$-16,$-89,$-89,$-103,$195,$-39,$3286,3286,$-0.03,$-0.03,$5201,$3580,$0,$18635,$1593,$4224,$4548,$0,$13533,$32168,$12799,$3842,$665,$7835,$20634,$0,$0,$0,$11534,$32168,$-89,$233,$-174,$59,$-74,$-347,$903,$-257,$225,$194,$-122,$0,$-55,$0,$-66,$-66,$20,$-223,$0,$0,$0,$0,$0,$0,$-12,$-12,$100,$0,$0
3,2017-12-31,6.55,$3.52,1.86,$7.19,0.91,$-0.29,0.0,$-1.24,0.0,$18.16B,$11.45B,1.59,$3.58B,$11.75B,0.3,$23.61B,$5.23B,22.13%,$23.61B,$-4.47B,-18.94%,$23.61B,$-4.47B,-18.94%,$23.61B,$-1.77B,-7.51%,$23.61B,$-4.61B,-19.54%,$23.61B,$-4.13B,-17.49%,$-4.13B,$11.75B,-30.45%,$-4.13B,$7.46B,-52.31%,$-4.13B,$30.56B,-12.97%,$-4.47B,$15.33B,-26.51%,$6863,$5435,$1428,$1183,$1086,$9222,$-2359,$-61,$-2420,$-172,$-2248,$-2248,$-2246,$-1109,$-2359,$3277,3277,$-0.69,$-0.69,$4997,$2928,$0,$18160,$1508,$3860,$4288,$0,$12401,$30562,$11447,$3578,$747,$7364,$18811,$1956,$6819,$0,$11751,$30562,$-4113,$2698,$-518,$2180,$162,$469,$283,$2146,$3059,$1126,$-505,$0,$32,$0,$-1358,$-1358,$-54,$-1885,$1007,$0,$1007,$11,$11,$-402,$26,$643,$-127,$0,$-402
4,2017-09-30,5.64,$4.34,1.3,$7.30,0.77,$-0.34,0.0,$-0.61,0.0,$18.76B,$10.92B,1.72,$3.45B,$0.00B,0.0,$23.94B,$5.65B,23.60%,$23.94B,$-2.17B,-9.04%,$23.94B,$-2.17B,-9.04%,$23.94B,$-0.45B,-1.88%,$23.94B,$-2.32B,-9.70%,$23.94B,$-2.08B,-8.70%,$-2.08B,$14.23B,-14.14%,$-2.08B,$8.04B,-24.78%,$-2.08B,$32.87B,-6.41%,$-2.17B,$17.68B,-12.24%,$5879,$4386,$1493,$1294,$841,$6469,$-590,$-39,$-629,$-94,$-535,$-535,$-548,$-8,$-590,$3279,3279,$-0.17,$-0.17,$4027,$4029,$0,$18756,$1708,$3602,$6188,$0,$14115,$32871,$10916,$3449,$799,$7725,$18641,$0,$0,$0,$14230,$32871,$-1992,$1448,$-932,$516,$488,$-510,$-19,$1325,$1285,$-192,$-487,$0,$47,$0,$-1083,$-1083,$14,$-1510,$0,$0,$0,$0,$0,$-421,$840,$419,$-1323,$0,$-421
5,2017-06-30,7.03,$4.29,1.64,$7.36,0.95,$-0.60,0.0,$-0.46,0.0,$17.92B,$10.36B,1.73,$3.08B,$0.00B,0.0,$24.12B,$5.87B,24.35%,$24.12B,$-1.54B,-6.36%,$24.12B,$-1.54B,-6.36%,$24.12B,$-0.14B,-0.58%,$24.12B,$-1.72B,-7.14%,$24.12B,$-1.56B,-6.48%,$-1.56B,$14.06B,-10.32%,$-1.56B,$8.07B,-18.04%,$-1.56B,$31.23B,-4.82%,$-1.54B,$17.14B,-8.63%,$5673,$4090,$1583,$950,$801,$5813,$-140,$7,$-133,$-20,$-113,$-113,$-115,$118,$-140,$3275,3275,$-0.04,$-0.03,$3658,$3884,$0,$17924,$1849,$3230,$5985,$0,$13308,$31232,$10362,$3079,$840,$6811,$17174,$0,$0,$0,$14059,$31232,$-1346,$867,$-666,$201,$323,$-537,$76,$1109,$970,$-175,$-353,$0,$1,$0,$-1427,$-1427,$8,$-1771,$0,$0,$0,$0,$0,$-372,$598,$226,$-1763,$0,$-372
6,2017-03-31,6.51,$4.34,1.5,$7.63,0.85,$-0.75,0.0,$-0.37,0.0,$19.57B,$11.69B,1.67,$3.12B,$0.00B,0.0,$25.04B,$6.42B,25.64%,$25.04B,$-1.06B,-4.23%,$25.04B,$-1.06B,-4.23%,$25.04B,$0.34B,1.37%,$25.04B,$-1.32B,-5.26%,$25.04B,$-1.26B,-5.01%,$-1.26B,$14.22B,-7.94%,$-1.26B,$8.01B,-13.83%,$-1.26B,$32.76B,-3.79%,$-1.06B,$17.34B,-5.81%,$5198,$4476,$722,$1017,$1105,$6581,$-1383,$-48,$-1432,$-215,$-1217,$-1217,$-1222,$-774,$-1383,$3272,3313,$-0.37,$-0.37,$5213,$3804,$0,$19565,$1866,$2858,$6207,$0,$13191,$32756,$11694,$3119,$848,$6844,$18538,$0,$0,$0,$14219,$32756,$-1217,$609,$-429,$180,$269,$-402,$70,$927,$864,$-173,$-203,$0,$0,$0,$-1332,$-1332,$12,$-1523,$0,$0,$0,$0,$0,$-0,$1222,$1222,$-450,$0,$-0
7,2016-12-31,5.62,$4.86,1.16,$7.96,0.71,$-0.82,0.0,$0.07,80.26,$20.55B,$11.08B,1.86,$2.18B,$16.42B,0.13,$26.02B,$7.76B,29.81%,$26.02B,$0.74B,2.83%,$26.02B,$0.74B,2.83%,$26.02B,$1.78B,6.82%,$26.02B,$0.47B,1.81%,$26.02B,$0.20B,0.77%,$0.20B,$16.42B,1.21%,$0.20B,$9.50B,2.05%,$0.20B,$33.12B,0.60%,$0.74B,$18.60B,3.91%,$7193,$5340,$1853,$978,$973,$7245,$-52,$-76,$-128,$70,$-197,$-197,$-198,$215,$-52,$3263,3263,$-0.06,$-0.06,$5879,$3543,$0,$20548,$1956,$1634,$6922,$0,$12576,$33123,$11078,$2181,$417,$5622,$16700,$1947,$11506,$0,$16424,$33123,$222,$1039,$-324,$714,$694,$-72,$324,$-245,$702,$1638,$-1184,$0,$-73,$0,$640,$640,$-351,$-968,$53,$0,$53,$12,$12,$-1434,$-5,$-1373,$-381,$0,$-1434
8,2016-09-30,6.95,$4.87,1.43,$8.51,0.82,$-0.58,0.0,$0.37,18.78,$20.75B,$10.27B,2.02,$2.17B,$0.00B,0.0,$27.78B,$9.32B,33.55%,$27.78B,$2.37B,8.52%,$27.78B,$2.37B,8.52%,$27.78B,$3.45B,12.41%,$27.78B,$1.82B,6.56%,$27.78B,$1.24B,4.47%,$1.24B,$15.89B,7.38%,$1.24B,$9.08B,12.31%,$1.24B,$32.70B,3.72%,$2.37B,$18.06B,12.30%,$6058,$4343,$1715,$932,$740,$6017,$40,$-71,$-30,$-9,$-21,$-21,$-28,$301,$40,$3264,3264,$-0.01,$-0.01,$5107,$4049,$0,$20752,$2026,$806,$6818,$0,$11948,$32700,$10272,$2168,$272,$6534,$16806,$0,$0,$0,$15894,$32700,$414,$772,$-421,$351,$263,$-581,$-63,$-1025,$-1406,$-641,$-880,$0,$-68,$0,$828,$828,$-79,$-199,$0,$0,$0,$0,$0,$-1454,$185,$-1269,$-1877,$0,$-1454
9,2016-06-30,7.4,$5.10,1.45,$8.80,0.84,$-0.43,0.0,$0.49,15.1,$21.89B,$11.07B,1.98,$2.21B,$0.00B,0.0,$28.70B,$9.97B,34.74%,$28.70B,$2.93B,10.20%,$28.70B,$2.93B,10.20%,$28.70B,$4.03B,14.03%,$28.70B,$2.38B,8.28%,$28.70B,$1.63B,5.69%,$1.63B,$16.65B,9.65%,$1.63B,$9.71B,15.95%,$1.63B,$33.79B,4.89%,$2.93B,$18.86B,15.02%,$6590,$4459,$2131,$902,$866,$6254,$337,$-64,$272,$82,$191,$191,$193,$600,$337,$3261,3297,$0.06,$0.06,$5941,$4222,$0,$21891,$2053,$856,$6944,$0,$11895,$33786,$11071,$2212,$277,$6065,$17137,$0,$0,$0,$16649,$33786,$447,$512,$-356,$156,$346,$-716,$224,$-833,$-979,$-376,$-641,$0,$-72,$776,$0,$776,$-19,$45,$0,$0,$0,$0,$0,$-1474,$348,$-1126,$-1375,$0,$-1474
10,2016-03-31,9.23,$5.29,1.74,$9.00,1.03,$-0.40,0.0,$0.51,18.1,$22.07B,$9.80B,2.25,$2.62B,$0.00B,0.0,$29.32B,$10.23B,34.90%,$29.32B,$3.01B,10.27%,$29.32B,$3.01B,10.27%,$29.32B,$4.15B,14.16%,$29.32B,$2.47B,8.41%,$29.32B,$1.69B,5.76%,$1.69B,$17.24B,10.04%,$1.69B,$10.73B,16.47%,$1.69B,$33.19B,5.08%,$3.01B,$19.86B,15.45%,$6182,$4123,$2059,$886,$796,$5770,$411,$-55,$356,$107,$249,$249,$233,$660,$411,$3258,3258,$0.07,$0.07,$7224,$3819,$0,$22072,$1909,$821,$6520,$0,$11119,$33190,$9799,$2618,$236,$6147,$15946,$0,$0,$0,$17244,$33190,$249,$248,$-68,$181,$404,$-499,$-73,$-543,$-711,$-281,$-312,$0,$-13,$120,$0,$120,$87,$-118,$0,$0,$0,$0,$0,$-4,$11,$7,$-508,$0,$-4
11,2015-12-31,8.85,$5.29,1.67,$8.97,0.99,$-0.53,0.0,$0.49,18.05,$22.50B,$10.34B,2.18,$2.70B,$17.49B,0.15,$29.31B,$10.19B,34.76%,$29.31B,$2.59B,8.83%,$29.31B,$2.59B,8.83%,$29.31B,$3.80B,12.97%,$29.31B,$2.36B,8.05%,$29.31B,$1.61B,5.49%,$1.61B,$17.49B,9.46%,$1.61B,$10.86B,15.55%,$1.61B,$33.75B,4.72%,$2.59B,$20.19B,13.13%,$8946,$5531,$3415,$931,$924,$7367,$1579,$-87,$1223,$395,$828,$854,$844,$1886,$1579,$3249,3249,$0.25,$0.25,$7866,$3375,$0,$22497,$1887,$964,$6635,$0,$11257,$33754,$10338,$2700,$241,$5924,$16262,$1962,$12495,$0,$17492,$33754,$1623,$1213,$46,$1260,$831,$-43,$-318,$-907,$-438,$2445,$-1227,$0,$-261,$605,$0,$605,$-64,$-948,$-19,$0,$-19,$20,$20,$-1346,$73,$-1271,$-91,$0,$-1346
12,2015-09-30,9.0,$5.01,1.8,$8.71,1.03,$-0.35,0.0,$0.39,23.08,$21.76B,$10.32B,2.11,$2.70B,$0.00B,0.0,$28.53B,$9.00B,31.54%,$28.53B,$0.65B,2.27%,$28.53B,$0.65B,2.27%,$28.53B,$1.96B,6.87%,$28.53B,$1.96B,6.87%,$28.53B,$1.27B,4.45%,$1.27B,$16.28B,7.09%,$1.27B,$9.67B,11.61%,$1.27B,$32.85B,3.50%,$0.65B,$18.98B,3.11%,$6981,$4615,$2366,$1008,$754,$6382,$599,$-73,$526,$158,$368,$368,$363,$881,$599,$3251,3251,$0.11,$0.11,$6083,$3798,$0,$21755,$1861,$776,$6615,$0,$11093,$32849,$10318,$2702,$217,$6249,$16566,$0,$0,$0,$16282,$32849,$790,$907,$-124,$783,$501,$-456,$-420,$-1347,$-1722,$-149,$-886,$0,$-148,$1618,$0,$1618,$-15,$569,$0,$0,$0,$0,$0,$-1338,$153,$-1185,$-830,$0,$-1338
13,2015-06-30,9.61,$0.00,0.0,$8.99,1.07,$0.27,35.75,$0.39,24.64,$22.06B,$10.70B,2.06,$2.68B,$0.00B,0.0,$29.48B,$9.17B,31.12%,$29.48B,$0.22B,0.76%,$29.48B,$0.22B,0.76%,$29.48B,$1.58B,5.35%,$29.48B,$1.97B,6.69%,$29.48B,$1.27B,4.31%,$1.27B,$16.26B,6.68%,$1.27B,$9.76B,10.70%,$1.27B,$33.16B,3.35%,$0.22B,$18.94B,1.02%,$7214,$4820,$2394,$1177,$794,$6790,$423,$-63,$361,$108,$252,$249,$249,$726,$423,$3247,3280,$0.08,$0.08,$6393,$3844,$0,$22056,$0,$891,$6497,$228,$9287,$33163,$10704,$2681,$3164,$6203,$16907,$0,$0,$0,$16257,$33163,$425,$625,$0,$625,$0,$0,$0,$0,$-1114,$-336,$-568,$0,$-27,$0,$0,$1198,$-19,$584,$0,$0,$0,$0,$0,$-1315,$158,$-1157,$-954,$0,$0
14,2015-03-31,11.21,$0.00,0.0,$9.27,1.21,$0.99,11.37,$0.43,26.07,$24.71B,$12.16B,2.03,$2.83B,$0.00B,0.0,$30.30B,$9.52B,31.42%,$30.30B,$0.17B,0.57%,$30.30B,$0.17B,0.57%,$30.30B,$1.58B,5.22%,$30.30B,$2.19B,7.22%,$30.30B,$1.40B,4.62%,$1.40B,$17.93B,6.94%,$1.40B,$11.09B,10.93%,$1.40B,$36.45B,3.52%,$0.17B,$20.76B,0.75%,$6169,$4157,$2012,$1021,$1004,$6182,$-13,$-7,$250,$75,$175,$152,$152,$309,$-13,$3244,3305,$0.05,$0.05,$7950,$4049,$0,$24711,$0,$1098,$6845,$278,$9938,$36446,$12161,$2827,$3149,$6355,$18516,$0,$0,$0,$17931,$36446,$175,$323,$0,$323,$0,$0,$0,$0,$-1086,$-710,$-311,$0,$-7,$0,$0,$48,$14,$-256,$0,$0,$0,$0,$0,$-3,$108,$105,$-683,$0,$0
15,2014-12-31,10.81,$0.00,0.0,$9.62,1.12,$1.71,6.33,$0.48,22.51,$29.52B,$14.75B,2.0,$3.20B,$21.26B,0.15,$31.33B,$10.04B,32.03%,$31.33B,$0.44B,1.39%,$31.33B,$0.44B,1.39%,$31.33B,$1.89B,6.03%,$31.33B,$2.31B,7.38%,$31.33B,$1.57B,5.01%,$1.57B,$21.26B,7.39%,$1.57B,$13.30B,11.43%,$1.57B,$42.95B,3.83%,$0.44B,$24.46B,1.80%,$8169,$5942,$2226,$1315,$1273,$8530,$-362,$-21,$822,$235,$586,$507,$507,$44,$-362,$3241,3274,$0.16,$0.15,$10557,$4122,$0,$29522,$5979,$1358,$7964,$283,$17453,$42948,$14751,$3199,$3275,$6938,$21689,$2418,$15076,$0,$21259,$42948,$1630,$1452,$0,$1452,$0,$0,$0,$0,$-533,$2736,$-925,$0,$-643,$0,$0,$965,$-496,$-1099,$0,$0,$-1185,$0,$0,$-1440,$-41,$-2666,$-162,$0,$0
16,2014-09-30,11.24,$0.00,0.0,$10.32,1.09,$1.74,6.48,$0.64,17.57,$27.05B,$13.15B,2.06,$2.98B,$0.00B,0.0,$33.57B,$11.73B,34.95%,$33.57B,$2.27B,6.77%,$33.57B,$2.27B,6.77%,$33.57B,$3.75B,11.17%,$33.57B,$2.86B,8.53%,$33.57B,$2.06B,6.13%,$2.06B,$20.68B,9.64%,$2.06B,$13.43B,14.67%,$2.06B,$39.51B,5.07%,$2.27B,$23.65B,9.31%,$7929,$5388,$2542,$1338,$1029,$7755,$175,$-17,$540,$162,$378,$364,$364,$497,$175,$3238,3270,$0.11,$0.11,$9878,$4114,$2877,$27054,$0,$452,$7246,$1301,$10633,$39514,$13149,$2977,$2303,$5690,$18839,$0,$0,$0,$20675,$39514,$1006,$1046,$0,$1046,$0,$0,$0,$0,$-572,$1457,$-476,$0,$-382,$0,$0,$365,$-346,$-839,$0,$0,$0,$0,$0,$-1418,$-1262,$-2679,$-1450,$0,$0
17,2014-06-30,10.79,$0.00,0.0,$10.45,1.03,$1.42,7.58,$0.67,16.1,$27.79B,$13.75B,2.02,$2.96B,$0.00B,0.0,$33.97B,$12.02B,35.39%,$33.97B,$3.00B,8.82%,$33.97B,$3.00B,8.82%,$33.97B,$4.54B,13.36%,$33.97B,$2.98B,8.77%,$33.97B,$2.15B,6.34%,$2.15B,$20.91B,10.11%,$2.15B,$13.47B,15.46%,$2.15B,$40.26B,5.32%,$3.00B,$23.87B,12.25%,$8034,$5292,$2741,$1377,$992,$7661,$373,$-78,$576,$173,$404,$378,$378,$731,$373,$3235,3235,$0.12,$0.12,$10369,$4080,$302,$27785,$0,$430,$7442,$1144,$10665,$40257,$13747,$2957,$2241,$5596,$19343,$0,$0,$0,$20914,$40257,$660,$724,$0,$724,$0,$0,$0,$0,$357,$1737,$-307,$0,$-358,$0,$0,$-51,$-58,$-774,$0,$0,$0,$0,$0,$-1490,$-1131,$-2621,$-1365,$0,$0
18,2014-03-31,11.49,$0.00,0.0,$10.55,1.09,$0.93,12.33,$0.62,18.53,$29.21B,$13.91B,2.1,$2.93B,$0.00B,0.0,$34.33B,$11.97B,34.85%,$34.33B,$2.96B,8.61%,$34.33B,$2.96B,8.61%,$34.33B,$4.51B,13.13%,$34.33B,$2.73B,7.96%,$34.33B,$2.00B,5.82%,$2.00B,$22.08B,9.44%,$2.00B,$14.77B,14.44%,$2.00B,$41.36B,4.95%,$2.96B,$25.01B,12.10%,$7199,$4672,$2527,$1281,$996,$6949,$250,$-30,$374,$113,$262,$321,$321,$616,$250,$3233,3245,$0.10,$0.10,$12365,$3864,$263,$29212,$0,$658,$7309,$895,$10414,$41361,$13905,$2926,$2069,$5376,$19281,$0,$0,$0,$22080,$41361,$262,$365,$0,$365,$0,$0,$0,$0,$954,$1455,$-118,$0,$-131,$0,$0,$-1051,$-57,$-1357,$0,$0,$0,$0,$0,$0,$-785,$-785,$-619,$0,$0
19,2013-12-31,10.55,$0.00,0.0,$10.78,0.98,$0.32,32.66,$0.58,18.19,$29.32B,$14.03B,2.09,$3.39B,$21.75B,0.16,$35.03B,$11.84B,33.79%,$35.03B,$2.85B,8.13%,$35.03B,$2.85B,8.13%,$35.03B,$4.41B,12.58%,$35.03B,$2.63B,7.50%,$35.03B,$1.86B,5.31%,$1.86B,$21.75B,8.83%,$1.86B,$14.43B,13.61%,$1.86B,$41.35B,4.59%,$2.85B,$25.14B,11.61%,$10404,$6484,$3920,$1368,$1076,$8928,$1476,$-6,$1372,$380,$992,$995,$995,$1907,$1476,$3230,3261,$0.31,$0.31,$11841,$3496,$0,$29322,$5419,$1345,$7328,$199,$15688,$41348,$14030,$3389,$1767,$5564,$19594,$2538,$15198,$0,$21753,$41348,$1870,$1560,$0,$1560,$0,$0,$0,$0,$-709,$2671,$-774,$0,$-412,$0,$0,$-316,$-204,$-1706,$0,$0,$132,$0,$14,$-1406,$-201,$-1460,$-397,$0,$0
20,2013-09-30,11.51,$0.00,0.0,$10.83,1.06,$0.45,25.72,$-0.04,0.0,$26.88B,$12.84B,2.09,$3.32B,$0.00B,0.0,$35.17B,$11.53B,32.79%,$35.17B,$1.99B,5.65%,$35.17B,$1.99B,5.65%,$35.17B,$3.49B,9.92%,$35.17B,$0.68B,1.94%,$35.17B,$-0.15B,-0.43%,$-0.15B,$20.45B,-0.73%,$-0.15B,$13.05B,-1.13%,$-0.15B,$39.04B,-0.37%,$1.99B,$23.78B,8.20%,$8335,$5501,$2833,$1177,$759,$7438,$897,$5,$657,$197,$460,$460,$460,$1286,$897,$3227,3258,$0.14,$0.14,$9264,$4289,$335,$26883,$0,$488,$7401,$861,$10441,$39039,$12835,$3320,$1963,$5749,$18585,$0,$0,$0,$20454,$39039,$875,$1129,$0,$1129,$0,$0,$0,$0,$-1076,$425,$-466,$0,$-301,$0,$0,$836,$-21,$48,$0,$0,$0,$0,$0,$-1366,$-626,$-1992,$-1454,$0,$0
21,2013-06-30,9.72,$0.00,0.0,$10.75,0.9,$0.58,16.9,$-0.08,0.0,$27.49B,$13.47B,2.04,$3.43B,$0.00B,0.0,$34.98B,$11.22B,32.06%,$34.98B,$1.69B,4.83%,$34.98B,$1.69B,4.83%,$34.98B,$3.18B,9.08%,$34.98B,$0.50B,1.44%,$34.98B,$-0.28B,-0.81%,$-0.28B,$20.43B,-1.35%,$-0.28B,$13.11B,-2.08%,$-0.28B,$39.90B,-0.69%,$1.69B,$23.86B,6.89%,$8396,$5709,$2686,$1182,$1170,$8062,$334,$-52,$330,$99,$231,$223,$223,$699,$334,$3224,3256,$0.07,$0.07,$9891,$4530,$457,$27488,$0,$515,$7317,$903,$10612,$39896,$13469,$3429,$2063,$5999,$19468,$0,$0,$0,$20428,$39896,$415,$740,$0,$740,$0,$0,$0,$0,$-574,$202,$-362,$0,$-27,$0,$0,$969,$-61,$519,$0,$0,$0,$0,$0,$-1362,$-632,$-1994,$-947,$0,$0
22,2013-03-31,10.5,$0.00,0.0,$10.61,0.99,$0.49,21.31,$-0.10,0.0,$29.54B,$14.08B,2.1,$3.67B,$0.00B,0.0,$34.48B,$11.00B,31.91%,$34.48B,$1.75B,5.07%,$34.48B,$1.75B,5.07%,$34.48B,$3.21B,9.30%,$34.48B,$0.43B,1.24%,$34.48B,$-0.35B,-1.01%,$-0.35B,$21.63B,-1.65%,$-0.35B,$14.12B,-2.55%,$-0.35B,$42.04B,-0.85%,$1.75B,$25.30B,7.10%,$7897,$5500,$2397,$1224,$1032,$7757,$140,$-62,$267,$80,$187,$183,$183,$515,$140,$3222,3222,$0.06,$0.06,$11202,$4633,$601,$29537,$0,$495,$7509,$828,$10717,$42036,$14083,$3673,$2142,$6326,$20409,$0,$0,$0,$21627,$42036,$187,$375,$0,$375,$0,$0,$0,$0,$-710,$-462,$-172,$0,$-21,$0,$0,$-444,$2,$-635,$0,$0,$0,$0,$0,$-9,$14,$5,$-1125,$0,$0
23,2012-12-31,8.42,$0.00,0.0,$10.55,0.8,$0.66,12.74,$0.25,33.66,$28.56B,$14.40B,1.98,$3.53B,$20.47B,0.17,$34.13B,$11.12B,32.58%,$34.13B,$2.01B,5.90%,$34.13B,$2.01B,5.90%,$34.13B,$3.44B,10.08%,$34.13B,$1.51B,4.41%,$34.13B,$0.77B,2.26%,$0.77B,$20.47B,3.62%,$0.77B,$13.16B,5.58%,$0.77B,$40.64B,1.90%,$2.01B,$24.00B,8.12%,$10537,$6921,$3616,$1389,$1610,$9920,$617,$-695,$-571,$353,$-924,$-1017,$-1017,$990,$617,$3219,3251,$-0.32,$-0.31,$11337,$4257,$0,$28563,$5057,$1063,$7308,$191,$15440,$40644,$14396,$3532,$1787,$5780,$20177,$2443,$14134,$0,$20468,$40644,$878,$1428,$0,$1428,$0,$0,$0,$0,$446,$3256,$-961,$0,$-307,$0,$0,$318,$228,$-722,$0,$0,$-104,$0,$10,$-1276,$-17,$-1387,$888,$0,$0
24,2012-09-30,7.6,$0.00,0.0,$9.56,0.8,$0.15,49.8,$0.61,12.46,$28.04B,$13.28B,2.11,$3.40B,$0.00B,0.0,$33.02B,$10.27B,31.10%,$33.02B,$2.02B,6.12%,$33.02B,$2.02B,6.12%,$33.02B,$3.45B,10.45%,$33.02B,$2.33B,7.06%,$33.02B,$2.01B,6.09%,$2.01B,$21.45B,9.20%,$2.01B,$13.97B,13.91%,$2.01B,$40.51B,4.87%,$2.02B,$24.85B,7.99%,$8152,$5635,$2517,$1109,$810,$7553,$598,$-65,$477,$152,$324,$328,$328,$973,$598,$3285,3285,$0.10,$0.10,$10213,$4812,$3876,$28037,$0,$525,$7481,$747,$10757,$40509,$13278,$3400,$1846,$5781,$19059,$0,$0,$0,$21450,$40509,$1809,$1055,$0,$1055,$0,$0,$0,$0,$-855,$941,$-562,$0,$-326,$0,$0,$474,$17,$-397,$0,$0,$0,$0,$0,$-1281,$127,$-1154,$-865,$0,$0
25,2012-06-30,7.61,$0.00,0.0,$9.70,0.78,$0.10,77.54,$0.69,11.02,$27.22B,$13.35B,2.04,$3.32B,$0.00B,0.0,$33.28B,$10.57B,31.77%,$33.28B,$2.16B,6.48%,$33.28B,$2.16B,6.48%,$33.28B,$3.53B,10.61%,$33.28B,$2.77B,8.31%,$33.28B,$2.26B,6.80%,$2.26B,$21.02B,10.26%,$2.26B,$13.41B,15.29%,$2.26B,$40.04B,5.34%,$2.16B,$24.34B,8.43%,$7895,$5424,$2472,$1168,$912,$7503,$392,$-218,$256,$82,$174,$158,$158,$730,$392,$3215,3245,$0.05,$0.05,$9572,$4776,$3161,$27216,$0,$623,$7607,$904,$11176,$40041,$13348,$3321,$1817,$5676,$19024,$0,$0,$0,$21017,$40041,$1443,$680,$0,$680,$0,$0,$0,$0,$-1161,$-91,$-338,$0,$-265,$0,$0,$549,$-112,$-166,$0,$0,$0,$0,$0,$-1190,$-30,$-1220,$-1438,$0,$0
26,2012-03-31,8.37,$0.00,0.0,$9.89,0.85,$0.27,30.7,$0.79,10.59,$28.44B,$13.25B,2.15,$3.40B,$0.00B,0.0,$33.87B,$11.14B,32.89%,$33.87B,$2.30B,6.78%,$33.87B,$2.30B,6.78%,$33.87B,$3.69B,10.90%,$33.87B,$3.24B,9.58%,$33.87B,$2.59B,7.64%,$2.59B,$22.58B,11.49%,$2.59B,$14.87B,16.80%,$2.59B,$41.59B,5.96%,$2.30B,$25.98B,8.78%,$7549,$5033,$2516,$1187,$923,$7143,$406,$938,$1344,$40,$1304,$1304,$1304,$749,$406,$3157,3157,$0.41,$0.41,$11201,$4820,$3426,$28435,$0,$799,$7707,$1020,$11485,$41589,$13254,$3402,$1797,$5754,$19008,$0,$0,$0,$22581,$41589,$1304,$343,$0,$343,$0,$0,$0,$0,$-524,$108,$-198,$0,$-256,$0,$0,$-592,$-8,$-1055,$0,$0,$0,$0,$0,$0,$-195,$-195,$-1190,$0,$0
27,2011-12-31,8.22,$0.00,0.0,$10.19,0.81,$0.12,68.3,$0.59,13.94,$30.68B,$14.97B,2.05,$3.59B,$0.00B,0.0,$35.00B,$12.29B,35.11%,$35.00B,$3.33B,9.52%,$35.00B,$3.33B,9.52%,$35.00B,$4.73B,13.50%,$35.00B,$2.80B,7.99%,$35.00B,$1.96B,5.59%,$1.96B,$22.42B,8.67%,$1.96B,$15.62B,12.48%,$1.96B,$43.26B,4.48%,$3.33B,$26.00B,12.64%,$9421,$6658,$2763,$1297,$839,$8795,$626,$-450,$255,$44,$211,$222,$222,$997,$626,$4189,4189,$0.05,$0.05,$12428,$5103,$3191,$30677,$0,$1260,$6796,$851,$10916,$43258,$14972,$3588,$1936,$5871,$20843,$0,$0,$0,$22415,$43258,$1939,$1394,$0,$1394,$0,$0,$0,$0,$-2345,$1540,$-711,$0,$-483,$0,$0,$2267,$-373,$701,$0,$0,$0,$0,$0,$-1150,$148,$-1002,$1205,$0,$0
28,2011-09-30,7.75,$0.00,0.0,$10.85,0.71,$0.90,8.59,$0.74,10.48,$31.42B,$16.28B,1.93,$3.75B,$0.27B,13.98,$35.10B,$13.09B,37.28%,$35.10B,$4.08B,11.62%,$35.10B,$4.08B,11.62%,$35.10B,$5.43B,15.46%,$35.10B,$3.40B,9.69%,$35.10B,$2.40B,6.83%,$2.40B,$22.23B,10.90%,$2.40B,$15.29B,15.80%,$2.40B,$44.73B,5.62%,$4.08B,$25.98B,15.79%,$8414,$5591,$2823,$1212,$877,$7680,$733,$-10,$910,$324,$586,$579,$579,$1056,$733,$3207,3207,$0.18,$0.18,$11918,$5983,$3367,$31424,$0,$1544,$6941,$849,$11558,$44734,$16278,$3749,$2075,$6227,$22505,$0,$0,$0,$22229,$44734,$1716,$1024,$0,$1024,$0,$0,$0,$0,$-2123,$699,$-504,$0,$-448,$0,$0,$2513,$-255,$1306,$0,$0,$0,$0,$0,$-1154,$21,$-1133,$836,$0,$0
29,2011-06-30,11.67,$0.00,0.0,$10.44,1.12,$1.22,9.58,$0.73,15.99,$31.09B,$15.61B,1.99,$3.78B,$22.85B,0.17,$33.83B,$13.37B,39.51%,$33.83B,$4.68B,13.84%,$33.83B,$4.68B,13.84%,$33.83B,$6.05B,17.88%,$33.83B,$3.19B,9.43%,$33.83B,$2.36B,6.96%,$2.36B,$22.85B,11.12%,$2.36B,$15.84B,16.25%,$2.36B,$44.00B,5.77%,$4.68B,$26.63B,18.70%,$8484,$5447,$3037,$1296,$1211,$7955,$530,$-69,$734,$220,$514,$483,$483,$890,$530,$3204,3231,$0.15,$0.15,$12589,$5620,$3259,$31086,$0,$1336,$7014,$924,$11354,$44002,$15613,$3778,$1357,$5541,$21154,$0,$0,$0,$22848,$44002,$1167,$701,$0,$701,$0,$0,$0,$0,$-1347,$460,$-323,$0,$-154,$0,$0,$1104,$-99,$528,$0,$0,$0,$0,$0,$-1153,$23,$-1130,$-224,$0,$0
30,2011-03-31,10.14,$0.00,0.0,$9.84,1.03,$1.09,9.27,$0.67,15.13,$30.53B,$14.50B,2.11,$4.03B,$22.75B,0.18,$31.87B,$12.85B,40.32%,$31.87B,$4.77B,14.95%,$31.87B,$4.77B,14.95%,$31.87B,$6.06B,19.00%,$31.87B,$2.84B,8.91%,$31.87B,$2.15B,6.74%,$2.15B,$22.75B,10.72%,$2.15B,$15.94B,15.94%,$2.15B,$42.83B,5.52%,$4.77B,$26.78B,19.91%,$8681,$5017,$3664,$1231,$992,$7240,$1442,$-20,$897,$269,$628,$672,$672,$1782,$1442,$3229,3229,$0.21,$0.21,$12788,$4950,$418,$30533,$0,$1371,$6809,$687,$10883,$42828,$14498,$4034,$1176,$5584,$20082,$0,$0,$0,$22746,$42828,$628,$340,$0,$340,$0,$0,$0,$0,$-1412,$-448,$-136,$0,$-70,$0,$0,$571,$-14,$351,$0,$0,$0,$0,$0,$0,$191,$191,$-17,$0,$0
31,2010-12-31,9.09,$0.00,0.0,$9.10,1.0,$1.35,6.75,$0.51,17.82,$27.62B,$13.47B,2.05,$3.75B,$0.00B,0.0,$29.44B,$11.47B,38.96%,$29.44B,$3.59B,12.19%,$29.44B,$3.59B,12.19%,$29.44B,$4.97B,16.89%,$29.44B,$2.20B,7.46%,$29.44B,$1.65B,5.61%,$1.65B,$20.20B,8.59%,$1.65B,$13.68B,12.98%,$1.65B,$39.23B,4.40%,$3.59B,$23.95B,15.52%,$9523,$5962,$3561,$1262,$924,$8148,$1375,$-136,$862,$233,$629,$665,$665,$1699,$1375,$3245,3269,$0.20,$0.20,$12131,$4162,$2821,$27623,$0,$1395,$6517,$607,$10292,$39229,$13469,$3752,$1217,$5560,$19030,$0,$0,$0,$20199,$39229,$1564,$1385,$0,$1385,$0,$0,$0,$0,$398,$3700,$-496,$0,$-394,$0,$0,$-420,$-436,$-1746,$0,$0,$0,$0,$0,$-929,$140,$-789,$1123,$0,$0
32,2010-09-30,8.65,$0.00,0.0,$7.33,1.18,$0.76,11.33,$0.32,27.03,$25.51B,$12.13B,2.1,$3.86B,$0.00B,0.0,$27.97B,$10.37B,37.06%,$27.97B,$2.30B,8.21%,$27.97B,$2.30B,8.21%,$27.97B,$3.83B,13.69%,$27.97B,$1.55B,5.53%,$27.97B,$1.09B,3.88%,$1.09B,$18.92B,5.77%,$1.09B,$12.53B,8.79%,$1.09B,$37.07B,2.96%,$2.30B,$22.78B,10.09%,$7144,$4040,$3104,$1059,$710,$5808,$1335,$-31,$699,$210,$489,$535,$535,$1677,$1335,$3198,3224,$0.17,$0.17,$10489,$4173,$2886,$25511,$0,$1426,$6390,$511,$10283,$37074,$12125,$3858,$1606,$6029,$18154,$0,$0,$0,$18919,$37074,$944,$1061,$0,$1061,$0,$0,$0,$0,$-187,$1571,$-357,$0,$-345,$0,$0,$-174,$-289,$-1165,$0,$0,$0,$0,$0,$-914,$363,$-551,$-220,$0,$0
33,2010-06-30,8.69,$0.00,0.0,$7.23,1.2,$0.79,11.06,$0.19,45.73,$24.62B,$12.34B,2.0,$3.91B,$0.00B,0.0,$27.56B,$9.83B,35.65%,$27.56B,$1.68B,6.08%,$27.56B,$1.68B,6.08%,$27.56B,$3.36B,12.20%,$27.56B,$1.01B,3.65%,$27.56B,$0.66B,2.40%,$0.66B,$18.31B,3.52%,$0.66B,$11.76B,5.27%,$0.66B,$36.65B,1.81%,$1.68B,$22.22B,7.30%,$6524,$4003,$2521,$1026,$882,$5911,$613,$-57,$383,$115,$268,$276,$276,$897,$613,$3196,3221,$0.09,$0.09,$8949,$3892,$2590,$24618,$0,$1571,$6555,$485,$10736,$36652,$12337,$3905,$1497,$6004,$18340,$0,$0,$0,$18312,$36652,$437,$720,$0,$720,$0,$0,$0,$0,$-1113,$-55,$-210,$0,$-258,$0,$0,$279,$-127,$-316,$0,$0,$0,$0,$0,$-847,$195,$-652,$-952,$0,$0
34,2010-03-31,8.09,$0.00,0.0,$7.46,1.08,$1.04,7.77,$0.14,57.78,$25.36B,$11.68B,2.17,$4.07B,$0.00B,0.0,$27.97B,$9.85B,35.23%,$27.97B,$1.59B,5.69%,$27.97B,$1.59B,5.69%,$27.97B,$3.41B,12.17%,$27.97B,$0.77B,2.75%,$27.97B,$0.49B,1.76%,$0.49B,$19.50B,2.63%,$0.49B,$12.98B,3.88%,$0.49B,$37.23B,1.35%,$1.59B,$23.57B,6.91%,$6251,$3965,$2286,$1046,$974,$5985,$266,$-32,$253,$76,$177,$177,$177,$701,$266,$3195,3219,$0.06,$0.05,$10822,$3354,$2466,$25356,$0,$1602,$6524,$407,$10577,$37228,$11683,$4067,$1496,$6045,$17728,$0,$0,$0,$19500,$37228,$177,$435,$0,$435,$0,$0,$0,$0,$-254,$319,$-85,$0,$-150,$0,$0,$-534,$220,$-550,$0,$0,$0,$0,$0,$0,$-8,$-8,$-245,$0,$0
35,2009-12-31,7.12,$0.00,0.0,$7.44,0.96,$0.82,8.64,$0.16,44.5,$24.08B,$11.28B,2.13,$3.96B,$0.00B,0.0,$27.85B,$9.87B,35.42%,$27.85B,$1.95B,7.00%,$27.85B,$1.95B,7.00%,$27.85B,$3.55B,12.75%,$27.85B,$0.82B,2.96%,$27.85B,$0.54B,1.95%,$0.54B,$18.46B,2.98%,$0.54B,$12.10B,4.38%,$0.54B,$35.62B,1.53%,$1.95B,$22.42B,8.76%,$8051,$5596,$2455,$1315,$1060,$7970,$81,$-140,$213,$95,$118,$97,$97,$553,$81,$7000,7000,$0.01,$0.01,$10128,$2999,$0,$24082,$0,$1562,$6361,$450,$10264,$35615,$11284,$3959,$1456,$5868,$17152,$0,$0,$0,$18463,$35615,$545,$1600,$0,$1600,$0,$0,$0,$0,$461,$3231,$-458,$0,$-2311,$0,$0,$-2253,$77,$-4945,$0,$0,$0,$0,$0,$-834,$610,$-224,$-1982,$0,$0
36,2009-09-30,7.76,$0.00,0.0,$8.78,0.88,$1.44,5.38,$0.29,26.77,$25.78B,$11.21B,2.3,$4.73B,$0.00B,0.0,$27.84B,$9.29B,33.36%,$27.84B,$1.55B,5.55%,$27.84B,$1.55B,5.55%,$27.84B,$2.96B,10.62%,$27.84B,$1.54B,5.53%,$27.84B,$0.91B,3.28%,$0.91B,$18.96B,4.80%,$0.91B,$13.38B,7.07%,$0.91B,$36.75B,2.43%,$1.55B,$23.69B,6.70%,$6737,$4172,$2565,$1126,$723,$6021,$716,$-183,$157,$51,$106,$112,$112,$1213,$716,$3190,3190,$0.04,$0.04,$10931,$3668,$0,$25776,$0,$1722,$5579,$469,$9680,$36753,$11206,$4728,$1440,$6589,$17796,$0,$0,$0,$18958,$36753,$466,$1128,$0,$1128,$0,$0,$0,$0,$-246,$1637,$-364,$0,$-1269,$0,$0,$-2432,$262,$-3802,$0,$0,$0,$0,$0,$-819,$1428,$609,$-1662,$0,$0
37,2009-06-30,7.58,$0.00,0.0,$30.11,0.25,$8.16,0.93,$1.65,4.59,$24.49B,$11.36B,2.16,$4.57B,$0.00B,0.0,$28.92B,$9.52B,32.93%,$28.92B,$1.38B,4.77%,$28.92B,$1.38B,4.77%,$28.92B,$2.55B,8.83%,$28.92B,$2.04B,7.05%,$28.92B,$1.27B,4.38%,$1.27B,$17.99B,6.45%,$1.27B,$12.32B,9.71%,$1.27B,$35.73B,3.26%,$1.38B,$22.56B,5.89%,$6933,$4385,$2548,$1073,$945,$6404,$530,$-74,$145,$43,$101,$106,$106,$938,$530,$3077,3077,$0.04,$0.04,$9591,$3688,$274,$24490,$0,$1901,$5666,$642,$9946,$35727,$11363,$4566,$1324,$6373,$17736,$0,$0,$0,$17991,$35727,$334,$630,$0,$630,$0,$0,$0,$0,$-288,$797,$-263,$0,$0,$0,$0,$-1068,$-136,$-1466,$0,$0,$0,$0,$0,$-756,$1256,$499,$-108,$0,$0
38,2009-03-31,6.16,$0.00,0.0,$30.41,0.2,$8.61,0.72,$1.71,3.6,$22.55B,$11.60B,1.94,$3.01B,$0.00B,0.0,$30.09B,$9.87B,32.79%,$30.09B,$1.20B,3.99%,$30.09B,$1.20B,3.99%,$30.09B,$2.41B,7.99%,$30.09B,$2.38B,7.89%,$30.09B,$1.48B,4.92%,$1.48B,$17.45B,7.20%,$1.48B,$11.70B,10.97%,$1.48B,$33.90B,3.71%,$1.20B,$20.45B,5.02%,$6132,$3835,$2297,$850,$824,$5508,$624,$-131,$309,$89,$220,$227,$227,$846,$624,$3187,3187,$0.07,$0.07,$7687,$3684,$223,$22545,$0,$2017,$5742,$636,$10144,$33902,$11604,$3007,$1338,$4852,$16456,$0,$0,$0,$17446,$33902,$220,$222,$0,$222,$0,$0,$0,$0,$-847,$-343,$-119,$0,$-1139,$0,$0,$-51,$-195,$-1504,$0,$0,$0,$0,$0,$0,$225,$225,$-1616,$0,$0
39,2008-12-31,5.95,$0.00,0.0,$31.04,0.19,$8.99,0.66,$1.79,3.32,$30.57B,$16.03B,1.91,$3.84B,$0.00B,0.0,$30.98B,$10.25B,33.07%,$30.98B,$0.92B,2.97%,$30.98B,$0.92B,2.97%,$30.98B,$2.26B,7.28%,$30.98B,$2.65B,8.56%,$30.98B,$1.67B,5.37%,$1.67B,$21.69B,7.74%,$1.67B,$14.26B,11.88%,$1.67B,$44.00B,4.06%,$0.92B,$25.53B,3.69%,$8033,$6156,$1877,$1069,$1134,$8358,$-325,$61,$927,$355,$571,$468,$468,$-41,$-325,$3225,3225,$0.14,$0.14,$11551,$4287,$304,$30573,$0,$1278,$7430,$887,$11883,$43995,$16034,$3841,$1818,$6275,$22309,$0,$0,$0,$21687,$43995,$1797,$1336,$0,$1336,$0,$0,$0,$0,$-306,$3696,$-425,$0,$283,$0,$0,$-1102,$-72,$-1316,$0,$0,$0,$0,$0,$-1269,$159,$-1110,$1463,$0,$0
40,2008-09-30,7.19,$0.00,0.0,$31.21,0.23,$8.67,0.83,$1.93,3.73,$28.56B,$14.69B,1.94,$3.59B,$0.00B,0.0,$31.45B,$11.55B,36.71%,$31.45B,$2.09B,6.64%,$31.45B,$2.09B,6.64%,$31.45B,$2.26B,7.18%,$31.45B,$2.91B,9.25%,$31.45B,$2.07B,6.58%,$2.07B,$21.47B,9.84%,$2.07B,$13.98B,15.29%,$2.07B,$41.88B,5.30%,$2.09B,$25.06B,8.59%,$7822,$5021,$2802,$1250,$1002,$7273,$550,$108,$658,$191,$467,$467,$467,$810,$550,$334,334,$1.40,$1.40,$10432,$4720,$0,$28564,$0,$1563,$7491,$505,$11792,$41877,$14694,$3588,$1554,$5716,$20410,$0,$0,$0,$21467,$41877,$1209,$1052,$0,$1052,$0,$0,$0,$0,$49,$2709,$-332,$0,$115,$0,$0,$-308,$-152,$-678,$0,$0,$0,$0,$0,$-1304,$28,$-1276,$857,$0,$0
41,2008-06-30,7.92,$0.00,0.0,$9.79,0.81,$1.75,4.53,$0.72,11.01,$26.26B,$13.13B,2.0,$2.97B,$0.00B,0.0,$30.36B,$11.32B,37.29%,$30.36B,$2.34B,7.70%,$30.36B,$2.34B,7.70%,$30.36B,$2.55B,8.39%,$30.36B,$3.08B,10.14%,$30.36B,$2.22B,7.31%,$2.22B,$21.58B,10.84%,$2.22B,$14.01B,17.10%,$2.22B,$39.81B,5.98%,$2.34B,$24.56B,9.91%,$8100,$5211,$2889,$1492,$1047,$7750,$350,$127,$481,$139,$342,$317,$317,$790,$350,$3170,3170,$0.10,$0.10,$9537,$4439,$308,$26256,$0,$1801,$7574,$488,$12000,$39807,$13127,$2974,$1558,$5099,$18226,$0,$0,$0,$21581,$39807,$779,$792,$0,$792,$0,$0,$0,$0,$531,$2217,$-254,$0,$102,$0,$0,$445,$-90,$203,$0,$0,$0,$0,$0,$-1338,$-769,$-2108,$398,$0,$0
42,2008-03-31,7.13,$0.00,0.0,$9.40,0.76,$1.45,4.9,$0.92,7.75,$25.35B,$11.67B,2.17,$3.36B,$0.00B,0.0,$29.21B,$11.42B,39.09%,$29.21B,$3.07B,10.49%,$29.21B,$3.07B,10.49%,$29.21B,$3.15B,10.78%,$29.21B,$3.95B,13.53%,$29.21B,$2.86B,9.80%,$2.86B,$21.26B,14.56%,$2.86B,$13.80B,23.21%,$2.86B,$38.19B,8.03%,$3.07B,$24.61B,13.42%,$7028,$4350,$2678,$1362,$971,$6682,$345,$245,$587,$170,$416,$413,$413,$697,$345,$2756,2756,$0.15,$0.15,$9589,$3897,$310,$25348,$0,$1566,$7459,$528,$11396,$38194,$11670,$3355,$1383,$5267,$16937,$0,$0,$0,$21257,$38194,$416,$352,$0,$352,$0,$0,$0,$0,$-149,$752,$-117,$0,$1,$0,$0,$645,$-21,$509,$0,$0,$0,$0,$0,$-1,$-163,$-164,$1130,$0,$0
43,2007-12-31,8.47,$0.00,0.0,$8.67,0.98,$1.38,6.12,$1.02,8.3,$23.40B,$11.50B,2.04,$3.16B,$0.00B,0.0,$28.45B,$11.57B,40.67%,$28.45B,$3.87B,13.60%,$28.45B,$3.87B,13.60%,$28.45B,$3.87B,13.60%,$28.45B,$4.55B,15.98%,$28.45B,$3.31B,11.64%,$3.31B,$19.85B,17.55%,$3.31B,$12.38B,27.45%,$3.31B,$36.28B,9.69%,$3.87B,$23.00B,17.85%,$8502,$5326,$3176,$1224,$1110,$7659,$843,$478,$1184,$280,$904,$874,$874,$-39,$843,$3200,3200,$0.28,$0.28,$8542,$3326,$350,$23400,$0,$1723,$7466,$582,$11500,$36277,$11496,$3155,$1224,$4933,$16429,$0,$0,$0,$19849,$36277,$3276,$0,$0,$0,$0,$0,$0,$0,$-1494,$2843,$-617,$0,$-3879,$0,$0,$518,$-97,$-4075,$0,$2116,$0,$0,$14,$-1204,$0,$926,$-246,$0,$0
44,2007-09-30,14.43,$0.00,0.0,$6.25,2.31,$0.77,18.8,$0.79,18.26,$21.24B,$10.01B,2.12,$3.10B,$0.00B,0.0,$27.52B,$11.59B,42.10%,$27.52B,$4.39B,15.96%,$27.52B,$4.39B,15.96%,$27.52B,$5.27B,19.16%,$27.52B,$5.05B,18.37%,$27.52B,$3.82B,13.88%,$3.82B,$19.17B,21.23%,$3.82B,$11.72B,31.09%,$3.82B,$34.14B,11.79%,$4.39B,$22.27B,21.48%,$6730,$4151,$2579,$1070,$708,$5929,$801,$311,$826,$241,$585,$615,$615,$1098,$801,$3324,3324,$0.20,$0.20,$6504,$3789,$0,$21238,$0,$1812,$7444,$680,$11643,$34144,$10009,$3098,$1215,$4967,$14976,$0,$0,$0,$19168,$34144,$2414,$881,$0,$881,$0,$0,$0,$0,$-2471,$1064,$-381,$0,$-3908,$0,$0,$1368,$-133,$-3054,$0,$0,$0,$0,$0,$-1203,$1796,$594,$-1383,$0,$0
45,2007-06-30,14.46,$0.00,0.0,$6.02,2.4,$0.89,16.32,$0.87,16.72,$21.24B,$10.65B,2.0,$3.08B,$0.00B,0.0,$26.48B,$11.19B,42.25%,$26.48B,$4.01B,15.14%,$26.48B,$4.01B,15.14%,$26.48B,$4.59B,17.35%,$26.48B,$5.45B,20.59%,$26.48B,$4.06B,15.35%,$4.06B,$18.36B,23.79%,$4.06B,$11.43B,31.26%,$4.06B,$34.01B,13.07%,$4.01B,$21.44B,20.83%,$6950,$3966,$2984,$1052,$855,$5874,$1076,$277,$1356,$405,$950,$960,$960,$1394,$1076,$3200,3200,$0.30,$0.30,$7106,$3596,$0,$21240,$0,$1676,$6934,$443,$10909,$34013,$10649,$3082,$1210,$5005,$15654,$0,$0,$0,$18359,$34013,$1804,$584,$0,$584,$0,$0,$0,$0,$0,$1284,$-250,$0,$-3498,$0,$0,$1340,$-84,$-2492,$0,$0,$0,$0,$0,$-1160,$1737,$576,$-644,$0,$0
46,2007-03-31,13.2,$0.00,0.0,$5.74,2.3,$0.57,23.03,$0.81,16.3,$20.51B,$10.22B,2.01,$1.91B,$0.00B,0.0,$25.57B,$10.79B,42.18%,$25.57B,$3.88B,15.18%,$25.57B,$3.88B,15.18%,$25.57B,$4.15B,16.22%,$25.57B,$5.22B,20.40%,$25.57B,$3.88B,15.19%,$3.88B,$18.09B,24.15%,$3.88B,$12.71B,30.42%,$3.88B,$32.19B,13.25%,$3.88B,$20.00B,21.65%,$6270,$3437,$2833,$923,$761,$5121,$1149,$274,$1182,$345,$836,$862,$862,$1416,$1149,$3448,3448,$0.25,$0.25,$7393,$3442,$0,$20514,$0,$2066,$5374,$377,$9839,$32189,$10222,$1909,$1466,$3881,$14103,$0,$0,$0,$18086,$32189,$836,$266,$0,$266,$0,$0,$0,$0,$0,$654,$-104,$0,$-2245,$0,$0,$1076,$-40,$-1313,$0,$0,$0,$0,$0,$0,$82,$82,$-540,$0,$0
47,2006-12-31,14.31,$0.00,0.0,$5.52,2.6,$0.51,27.99,$0.75,19.21,$20.61B,$9.56B,2.16,$1.76B,$0.00B,0.0,$24.35B,$10.14B,41.65%,$24.35B,$3.43B,14.10%,$24.35B,$3.43B,14.10%,$24.35B,$3.43B,14.10%,$24.35B,$4.90B,20.10%,$24.35B,$3.62B,14.84%,$3.62B,$16.34B,24.08%,$3.62B,$13.28B,29.86%,$3.62B,$29.23B,12.82%,$3.43B,$18.09B,20.40%,$7569,$4380,$3189,$1024,$799,$6203,$1366,$356,$1690,$332,$1359,$1382,$1382,$1366,$1366,$31754,31754,$0.05,$0.05,$8470,$2920,$0,$20613,$0,$1639,$3056,$328,$6868,$29232,$9564,$1755,$1420,$3333,$12896,$0,$0,$0,$16335,$29232,$3570,$0,$0,$0,$0,$0,$0,$0,$0,$2515,$0,$0,$0,$0,$0,$840,$-2864,$-2023,$0,$0,$0,$0,$8,$-999,$-1109,$-2100,$-1601,$0,$0
