,Date,Stock Price,Book Value per Share,Price to Book Ratio,TTM Sales per Share,Price to Sales Ratio,TTM FCF per Share,Price to FCF Ratio,TTM Net EPS,PE Ratio,Current Assets,Current Liabilities,Current Ratio,Long Term Debt,Shareholder's Equity_x,Debt to Equity Ratio,TTM Revenue_x,TTM Gross Profit,Gross Margin,TTM Revenue_y,TTM Operating Income,Operating Margin,TTM Revenue_x,TTM EBIT,EBIT Margin,TTM Revenue_y,TTM EBITDA,EBITDA Margin,TTM Revenue_x,TTM Pre-Tax Income,Pre-Tax Margin,TTM Revenue_y,TTM Net Income_x,Net Margin,TTM Net Income_y,Shareholder's Equity_y,Return on Equity,TTM Net Income_x,Tangible Equity,Return on Tangible Equity,TTM Net Income_y,Total Assets,Return on Assets,TTM Net Income,LT Investments & Debt,Return on Investment,revenue,cost-goods-sold,gross-profit,research-development-expenses,selling-general-administrative-expenses,operating-expenses,operating-income,total-non-operating-income-expense,pre-tax-income,total-provision-income-taxes,income-after-taxes,income-from-continuous-operations,net-income,ebitda,ebit,basic-shares-outstanding,shares-outstanding,eps-basic-net-earnings-per-share,eps-earnings-per-share-diluted,cash-on-hand,inventory,other-current-assets,total-current-assets,net-property-plant-equipment,long-term-investments,goodwill-intangible-assets-total,other-long-term-assets,total-long-term-assets,total-assets,total-current-liabilities,long-term-debt,other-non-current-liabilities,total-long-term-liabilities,total-liabilities,common-stock-net,retained-earnings-accumulated-deficit,comprehensive-income,total-share-holder-equity,total-liabilities-share-holders-equity,net-income-loss,total-depreciation-amortization-cash-flow,other-non-cash-items,total-non-cash-items,change-in-accounts-receivable,change-in-inventories,change-in-accounts-payable,change-in-assets-liabilities,total-change-in-assets-liabilities,cash-flow-from-operating-activities,net-change-in-property-plant-equipment,net-change-in-intangible-assets,net-acquisitions-divestitures,net-change-in-short-term-investments,net-change-in-long-term-investments,net-change-in-investments-total,investing-activities-other,cash-flow-from-investing-activities,net-long-term-debt,net-current-debt,debt-issuance-retirement-net-total,net-common-equity-issued-repurchased,net-total-equity-issued-repurchased,total-common-preferred-stock-dividends-paid,financial-activities-other,cash-flow-from-financial-activities,net-cash-flow,stock-based-compensation,common-stock-dividends-paid
0,2018-09-30,8.95,$2.04,4.39,$1.35,6.63,$-0.13,0.0,$0.56,15.98,$0.12B,$0.03B,4.22,$0.01B,$0.11B,0.12,$0.08B,$0.05B,70.67%,$0.08B,$0.01B,9.33%,$0.08B,$0.01B,9.33%,$0.08B,$0.01B,14.67%,$0.08B,$0.01B,12.00%,$0.08B,$0.03B,37.33%,$0.03B,$0.11B,28.35%,$0.03B,$0.08B,36.13%,$0.03B,$0.18B,16.57%,$0.01B,$0.12B,6.60%,$22,$5,$17,$4,$7,$17,$6,$0,$6,$1,$5,$5,$5,$7,$6,$54,55,$0.09,$0.08,$99,$6,$3,$119,$16,$2,$26,$0,$63,$182,$28,$13,$31,$44,$72,$0,$-17,$-0,$110,$182,$20,$3,$-5,$-2,$4,$-1,$-2,$-7,$-8,$10,$-2,$0,$0,$2,$0,$2,$0,$-0,$-0,$0,$-0,$-6,$-6,$0,$-0,$-6,$3,$4,$0
1,2018-06-30,8.08,$1.75,4.62,$1.26,6.42,$-0.43,0.0,$0.51,15.84,$0.12B,$0.03B,4.51,$0.01B,$0.10B,0.13,$0.07B,$0.05B,70.00%,$0.07B,$0.01B,7.14%,$0.07B,$0.01B,7.14%,$0.07B,$0.01B,12.86%,$0.07B,$0.01B,10.00%,$0.07B,$0.03B,37.14%,$0.03B,$0.10B,29.46%,$0.03B,$0.08B,37.14%,$0.03B,$0.17B,16.17%,$0.01B,$0.12B,5.41%,$21,$6,$15,$4,$7,$17,$4,$0,$5,$-11,$16,$16,$16,$5,$4,$54,55,$0.29,$0.28,$89,$6,$6,$115,$13,$0,$26,$0,$59,$174,$25,$13,$33,$46,$72,$0,$-22,$-0,$102,$174,$15,$2,$-8,$-6,$1,$-1,$-2,$-16,$-11,$-2,$-2,$0,$0,$-2,$0,$-2,$0,$-4,$-0,$0,$-0,$-8,$-8,$0,$-0,$-8,$-13,$3,$0
2,2018-03-31,8.22,$1.69,4.85,$1.13,7.25,$-0.55,0.0,$0.22,37.36,$0.12B,$0.03B,4.61,$0.00B,$0.09B,0.01,$0.06B,$0.04B,69.84%,$0.06B,$0.00B,3.17%,$0.06B,$0.00B,3.17%,$0.06B,$0.01B,9.52%,$0.06B,$0.00B,4.76%,$0.06B,$0.01B,17.46%,$0.01B,$0.09B,13.88%,$0.01B,$0.08B,17.25%,$0.01B,$0.16B,7.15%,$0.00B,$0.09B,2.49%,$14,$3,$10,$4,$8,$15,$-1,$0,$-1,$-0,$-1,$-1,$-1,$-0,$-1,$54,54,$-0.01,$-0.01,$91,$7,$5,$118,$13,$0,$16,$0,$38,$156,$26,$1,$37,$39,$64,$0,$-37,$-0,$91,$156,$-1,$1,$2,$3,$-0,$-2,$-1,$-1,$-9,$-6,$-1,$0,$0,$12,$0,$12,$0,$11,$-0,$0,$-0,$-2,$-2,$0,$-0,$-2,$3,$2,$0
3,2017-12-31,8.75,$1.70,5.13,$1.14,7.7,$-0.52,0.0,$0.22,39.77,$0.13B,$0.03B,4.15,$0.00B,$0.09B,0.02,$0.06B,$0.04B,69.84%,$0.06B,$0.00B,4.76%,$0.06B,$0.00B,4.76%,$0.06B,$0.01B,11.11%,$0.06B,$0.00B,6.35%,$0.06B,$0.01B,19.05%,$0.01B,$0.09B,16.27%,$0.01B,$0.08B,20.51%,$0.01B,$0.16B,7.91%,$0.00B,$0.09B,4.04%,$18,$7,$11,$5,$8,$19,$-2,$0,$-1,$-9,$8,$8,$8,$-1,$-2,$54,56,$0.14,$0.13,$100,$6,$6,$126,$13,$0,$17,$0,$38,$164,$30,$2,$41,$42,$73,$0,$-37,$-0,$92,$164,$12,$4,$-5,$-0,$-2,$-1,$2,$-9,$-9,$3,$-7,$0,$0,$-32,$0,$-32,$2,$-37,$-0,$0,$-0,$1,$1,$0,$-0,$1,$-34,$4,$0
4,2017-09-30,7.9,$1.27,6.2,$1.14,6.92,$-0.37,0.0,$0.07,112.86,$0.12B,$0.02B,6.74,$0.00B,$0.07B,0.0,$0.06B,$0.05B,71.43%,$0.06B,$0.01B,12.70%,$0.06B,$0.01B,12.70%,$0.06B,$0.01B,19.05%,$0.06B,$0.01B,12.70%,$0.06B,$0.01B,11.11%,$0.01B,$0.07B,10.45%,$0.01B,$0.05B,13.40%,$0.01B,$0.15B,4.73%,$0.01B,$0.07B,11.94%,$17,$4,$13,$3,$6,$14,$4,$0,$4,$0,$3,$3,$3,$5,$4,$54,55,$0.06,$0.06,$94,$6,$4,$119,$14,$0,$14,$0,$30,$149,$18,$0,$0,$63,$81,$0,$-58,$-0,$68,$149,$5,$3,$3,$6,$-0,$-2,$2,$-11,$-13,$-2,$-7,$0,$0,$-34,$0,$-34,$0,$-40,$-0,$0,$-0,$-1,$-1,$0,$-0,$-1,$-43,$3,$0
5,2017-06-30,8.29,$1.22,6.78,$1.07,7.76,$-0.17,0.0,$0.03,276.33,$0.12B,$0.02B,7.37,$0.00B,$0.07B,0.0,$0.06B,$0.04B,68.97%,$0.06B,$0.00B,5.17%,$0.06B,$0.00B,5.17%,$0.06B,$0.01B,12.07%,$0.06B,$0.00B,5.17%,$0.06B,$0.00B,5.17%,$0.00B,$0.07B,4.65%,$0.00B,$0.05B,6.03%,$0.00B,$0.15B,2.05%,$0.00B,$0.07B,4.65%,$14,$4,$10,$3,$6,$13,$1,$0,$1,$0,$1,$1,$1,$2,$1,$54,56,$0.02,$0.02,$93,$6,$4,$118,$11,$0,$14,$1,$28,$146,$16,$0,$0,$64,$80,$0,$-59,$-0,$66,$146,$1,$2,$2,$4,$-1,$-2,$1,$-7,$-11,$-6,$-4,$0,$0,$-19,$0,$-19,$0,$-22,$-0,$0,$-0,$-1,$-1,$0,$-0,$-1,$-29,$2,$0
6,2017-03-31,8.32,$1.27,6.53,$1.05,7.89,$0.01,0.0,$0.05,166.4,$0.12B,$0.01B,8.71,$0.00B,$0.07B,0.0,$0.06B,$0.04B,68.42%,$0.06B,$0.00B,3.51%,$0.06B,$0.00B,3.51%,$0.06B,$0.01B,10.53%,$0.06B,$0.00B,5.26%,$0.06B,$0.00B,3.51%,$0.00B,$0.07B,3.20%,$0.00B,$0.05B,4.19%,$0.00B,$0.15B,1.38%,$0.00B,$0.07B,3.20%,$14,$5,$10,$3,$7,$14,$0,$0,$0,$0,$0,$0,$0,$1,$0,$54,56,$0.01,$0.01,$101,$5,$3,$122,$9,$0,$15,$2,$26,$148,$14,$0,$1,$66,$80,$0,$-59,$-0,$69,$148,$0,$1,$1,$2,$3,$-0,$0,$-6,$-7,$-5,$-1,$0,$0,$0,$0,$0,$0,$-0,$-0,$0,$-0,$3,$3,$0,$-0,$3,$-2,$1,$0
7,2016-12-31,10.35,$1.23,8.45,$1.01,10.22,$0.09,111.05,$0.02,517.5,$0.12B,$0.02B,7.13,$0.00B,$0.07B,0.0,$0.05B,$0.04B,68.52%,$0.05B,0,0.00%,$0.05B,0,0.00%,$0.05B,$0.00B,7.41%,$0.05B,$0.00B,1.85%,$0.05B,0,0.00%,$0.00B,$0.07B,0.00%,$0.00B,$0.05B,0.00%,$0.00B,$0.15B,0.00%,$0.00B,$0.07B,0.00%,$18,$6,$12,$3,$6,$15,$3,$0,$3,$-0,$3,$3,$3,$4,$3,$52,55,$0.06,$0.06,$103,$5,$2,$122,$9,$0,$15,$2,$27,$149,$17,$0,$1,$67,$84,$0,$-58,$-0,$65,$149,$1,$4,$2,$6,$1,$2,$-0,$-7,$-2,$5,$-1,$0,$0,$-39,$0,$-39,$-1,$-41,$-0,$0,$-0,$-3,$-3,$0,$0,$-3,$-39,$3,$0
8,2016-09-30,15.98,$1.12,14.31,$1.00,15.96,$1.34,11.95,$-0.03,0.0,$0.11B,$0.02B,7.51,$0.00B,$0.06B,0.0,$0.05B,$0.03B,65.38%,$0.05B,$-0.00B,-5.77%,$0.05B,$-0.00B,-5.77%,$0.05B,$0.00B,1.92%,$0.05B,$-0.00B,-3.85%,$0.05B,$-0.00B,-5.77%,$-0.00B,$0.06B,-5.00%,$-0.00B,$0.04B,-6.67%,$-0.00B,$0.14B,-2.07%,$-0.00B,$0.06B,-5.00%,$12,$4,$8,$2,$6,$13,$-1,$0,$-1,$0,$-1,$-1,$-1,$0,$-1,$52,52,$-0.01,$-0.01,$96,$6,$0,$113,$9,$0,$15,$3,$28,$142,$15,$0,$1,$68,$83,$0,$-61,$-0,$58,$142,$-2,$3,$2,$5,$4,$1,$-0,$-4,$-1,$2,$-1,$0,$0,$-15,$0,$-15,$-0,$-16,$-0,$0,$-0,$-6,$-6,$0,$0,$-6,$-19,$3,$0
9,2016-06-30,8.89,$1.11,7.98,$1.00,8.91,$1.15,7.72,$-0.03,0.0,$0.11B,$0.01B,8.03,$0.00B,$0.06B,0.0,$0.05B,$0.03B,63.46%,$0.05B,$-0.00B,-3.85%,$0.05B,$-0.00B,-3.85%,$0.05B,$0.00B,3.85%,$0.05B,$-0.00B,-1.92%,$0.05B,$-0.00B,-3.85%,$-0.00B,$0.06B,-3.28%,$-0.00B,$0.04B,-4.37%,$-0.00B,$0.14B,-1.57%,$-0.00B,$0.06B,-3.28%,$13,$4,$9,$2,$6,$13,$0,$0,$1,$0,$0,$0,$0,$1,$0,$52,56,$0.01,$0.01,$95,$6,$0,$113,$10,$0,$15,$3,$29,$141,$14,$0,$1,$69,$83,$0,$-61,$-0,$58,$141,$-2,$2,$2,$4,$3,$0,$-0,$-2,$-1,$1,$-1,$0,$0,$-15,$0,$-15,$-0,$-16,$-0,$0,$-0,$-6,$-6,$0,$0,$-6,$-21,$2,$0
10,2016-03-31,10.34,$1.15,8.96,$0.96,10.75,$0.99,10.49,$-0.10,0.0,$0.12B,$0.01B,8.56,$0.00B,$0.06B,0.0,$0.05B,$0.03B,61.22%,$0.05B,$-0.01B,-10.20%,$0.05B,$-0.01B,-10.20%,$0.05B,$-0.00B,-2.04%,$0.05B,$-0.01B,-10.20%,$0.05B,$-0.01B,-10.20%,$-0.01B,$0.06B,-8.06%,$-0.01B,$0.05B,-10.75%,$-0.01B,$0.15B,-4.50%,$-0.01B,$0.06B,-8.06%,$11,$4,$8,$3,$7,$13,$-2,$-0,$-2,$-0,$-2,$-2,$-2,$-1,$-2,$52,52,$-0.04,$-0.04,$98,$7,$0,$117,$10,$0,$15,$3,$28,$145,$14,$0,$1,$71,$84,$0,$-61,$-0,$60,$145,$-2,$1,$1,$2,$4,$-0,$1,$-2,$-0,$-0,$-0,$0,$0,$0,$0,$0,$-0,$-0,$-0,$0,$-0,$-3,$-3,$0,$0,$-3,$-3,$1,$0
11,2015-12-31,7.07,$1.21,5.83,$0.86,8.24,$0.97,7.28,$-0.22,0.0,$0.12B,$0.02B,7.71,$0.00B,$0.06B,0.0,$0.04B,$0.03B,56.82%,$0.04B,$-0.01B,-25.00%,$0.04B,$-0.01B,-25.00%,$0.04B,$-0.01B,-15.91%,$0.04B,$-0.01B,-25.00%,$0.04B,$-0.01B,-25.00%,$-0.01B,$0.06B,-17.53%,$-0.01B,$0.05B,-23.40%,$-0.01B,$0.15B,-11.64%,$-0.01B,$0.06B,-17.53%,$16,$7,$9,$2,$7,$16,$-0,$-0,$-0,$-1,$0,$0,$0,$1,$-0,$52,52,$0.01,$0.01,$102,$7,$0,$124,$11,$0,$15,$2,$28,$152,$16,$0,$1,$72,$88,$0,$-59,$-0,$64,$152,$-12,$4,$3,$7,$-1,$2,$0,$73,$73,$69,$-1,$0,$0,$13,$0,$13,$2,$14,$0,$0,$0,$1,$1,$0,$0,$1,$84,$4,$0
12,2015-09-30,2.14,$1.19,1.8,$0.83,2.57,$-0.46,0.0,$-0.32,0.0,$0.04B,$0.01B,5.42,$0.00B,$0.06B,0.0,$0.04B,$0.03B,58.14%,$0.04B,$-0.02B,-37.21%,$0.04B,$-0.02B,-37.21%,$0.04B,$-0.01B,-27.91%,$0.04B,$-0.02B,-37.21%,$0.04B,$-0.02B,-37.21%,$-0.02B,$0.06B,-24.90%,$-0.02B,$0.05B,-32.99%,$-0.02B,$0.07B,-20.51%,$-0.02B,$0.06B,-24.90%,$12,$5,$7,$1,$6,$12,$-0,$-0,$-0,$0,$-0,$-0,$-0,$1,$-0,$52,52,$-0.01,$-0.01,$24,$9,$0,$44,$11,$0,$15,$2,$29,$73,$8,$0,$1,$3,$11,$0,$-60,$-0,$62,$73,$-12,$3,$4,$7,$3,$-1,$-0,$-1,$-2,$-8,$-1,$0,$0,$12,$0,$12,$2,$13,$0,$0,$0,$1,$1,$0,$0,$1,$6,$4,$0
13,2015-06-30,2.74,$1.19,2.31,$0.70,3.9,$-0.35,0.0,$-0.42,0.0,$0.04B,$0.01B,4.74,$0.00B,$0.06B,0.0,$0.04B,$0.02B,55.56%,$0.04B,$-0.02B,-58.33%,$0.04B,$-0.02B,-58.33%,$0.04B,$-0.02B,-47.22%,$0.04B,$-0.02B,-58.33%,$0.04B,$-0.02B,-61.11%,$-0.02B,$0.06B,-32.71%,$-0.02B,$0.05B,-42.93%,$-0.02B,$0.07B,-27.08%,$-0.02B,$0.06B,-31.23%,$10,$5,$6,$1,$7,$14,$-3,$0,$-3,$0,$-3,$-3,$-3,$-2,$-3,$52,52,$-0.06,$-0.06,$24,$10,$0,$44,$12,$0,$16,$2,$30,$74,$9,$0,$1,$3,$12,$0,$-59,$-0,$62,$74,$-12,$2,$3,$5,$4,$-2,$1,$-1,$-2,$-8,$-0,$0,$0,$8,$0,$8,$2,$10,$0,$0,$0,$0,$0,$0,$0,$0,$3,$3,$0
14,2015-03-31,2.59,$1.21,2.14,$0.63,4.14,$-0.24,0.0,$-0.45,0.0,$0.05B,$0.01B,4.3,$0.00B,$0.06B,0.0,$0.03B,$0.02B,53.13%,$0.03B,$-0.02B,-71.88%,$0.03B,$-0.02B,-71.88%,$0.03B,$-0.02B,-56.25%,$0.03B,$-0.02B,-71.88%,$0.03B,$-0.02B,-75.00%,$-0.02B,$0.06B,-33.45%,$-0.02B,$0.05B,-43.05%,$-0.02B,$0.08B,-27.83%,$-0.02B,$0.06B,-32.06%,$6,$3,$3,$3,$9,$14,$-8,$-0,$-8,$0,$-8,$-8,$-8,$-7,$-8,$52,52,$-0.16,$-0.16,$31,$9,$0,$48,$13,$0,$16,$2,$31,$79,$11,$0,$3,$5,$16,$0,$-56,$-0,$63,$79,$-8,$1,$2,$3,$6,$-1,$0,$1,$4,$-1,$-0,$0,$0,$5,$0,$5,$1,$6,$0,$0,$0,$0,$0,$0,$0,$0,$5,$1,$0
15,2014-12-31,5.27,$1.35,3.91,$0.59,8.95,$-0.33,0.0,$-0.36,0.0,$0.05B,$0.01B,4.62,$0.00B,$0.07B,0.0,$0.03B,$0.02B,53.33%,$0.03B,$-0.02B,-63.33%,$0.03B,$-0.02B,-63.33%,$0.03B,$-0.01B,-46.67%,$0.03B,$-0.02B,-63.33%,$0.03B,$-0.02B,-66.67%,$-0.02B,$0.07B,-25.97%,$-0.02B,$0.05B,-32.92%,$-0.02B,$0.09B,-22.04%,$-0.02B,$0.07B,-24.68%,$15,$6,$9,$5,$9,$20,$-5,$-0,$-5,$0,$-5,$-5,$-5,$-4,$-5,$52,52,$-0.09,$-0.09,$31,$8,$0,$53,$13,$0,$16,$3,$33,$86,$12,$0,$2,$5,$16,$0,$-48,$-0,$70,$86,$-19,$4,$3,$8,$9,$-4,$1,$-1,$7,$-4,$-3,$0,$0,$6,$0,$6,$3,$6,$0,$0,$0,$-0,$-0,$0,$-1,$-2,$1,$2,$0
16,2014-09-30,3.54,$1.44,2.46,$0.76,4.67,$-0.17,0.0,$-0.14,0.0,$0.05B,$0.01B,6.24,$0.00B,$0.07B,0.0,$0.04B,$0.02B,57.89%,$0.04B,$-0.01B,-18.42%,$0.04B,$-0.01B,-18.42%,$0.04B,$-0.00B,-5.26%,$0.04B,$-0.01B,-18.42%,$0.04B,$-0.01B,-21.05%,$-0.01B,$0.07B,-9.85%,$-0.01B,$0.06B,-12.36%,$-0.01B,$0.09B,-8.44%,$-0.01B,$0.07B,-8.62%,$5,$3,$2,$2,$5,$11,$-5,$-0,$-5,$0,$-6,$-6,$-6,$-4,$-5,$52,52,$-0.11,$-0.11,$35,$10,$0,$53,$14,$1,$16,$2,$33,$86,$8,$0,$1,$3,$12,$0,$-43,$-0,$74,$86,$-14,$3,$2,$5,$17,$-5,$0,$-1,$8,$-0,$-2,$0,$0,$4,$0,$4,$3,$5,$0,$0,$0,$-0,$-0,$0,$-1,$-2,$3,$2,$0
17,2014-06-30,4.92,$1.56,3.16,$0.75,6.56,$-0.06,0.0,$-0.11,0.0,$0.06B,$0.01B,6.02,$0.00B,$0.08B,0.0,$0.04B,$0.02B,60.53%,$0.04B,$-0.01B,-15.79%,$0.04B,$-0.01B,-15.79%,$0.04B,$-0.00B,-2.63%,$0.04B,$-0.01B,-15.79%,$0.04B,$-0.01B,-15.79%,$-0.01B,$0.08B,-7.25%,$-0.01B,$0.06B,-9.09%,$-0.01B,$0.09B,-6.22%,$-0.01B,$0.08B,-7.25%,$6,$3,$3,$2,$6,$11,$-5,$0,$-5,$0,$-5,$-5,$-5,$-3,$-5,$52,52,$-0.09,$-0.09,$33,$10,$0,$55,$14,$5,$16,$3,$39,$94,$9,$0,$2,$4,$13,$0,$-37,$-0,$80,$94,$-8,$2,$1,$4,$11,$-5,$1,$-0,$4,$-0,$-2,$0,$0,$4,$0,$4,$-0,$2,$0,$0,$0,$1,$1,$0,$0,$1,$2,$1,$0
18,2014-03-31,5.32,$1.63,3.27,$0.79,6.7,$-0.09,0.0,$-0.05,0.0,$0.05B,$0.01B,6.27,$0.00B,$0.08B,0.0,$0.04B,$0.03B,60.98%,$0.04B,$-0.00B,-4.88%,$0.04B,$-0.00B,-4.88%,$0.04B,$0.00B,4.88%,$0.04B,$-0.00B,-4.88%,$0.04B,$-0.00B,-4.88%,$-0.00B,$0.08B,-2.40%,$-0.00B,$0.07B,-3.01%,$-0.00B,$0.10B,-2.06%,$-0.00B,$0.08B,-2.40%,$4,$2,$2,$1,$5,$8,$-4,$0,$-4,$0,$-4,$-4,$-4,$-3,$-4,$51,51,$-0.07,$-0.07,$25,$8,$0,$54,$13,$9,$17,$3,$43,$97,$9,$0,$2,$4,$13,$0,$-33,$-0,$84,$97,$-4,$1,$1,$2,$3,$-3,$0,$-1,$-4,$-6,$-0,$0,$0,$3,$0,$3,$0,$3,$0,$0,$0,$-0,$-0,$0,$0,$-0,$-3,$1,$0
19,2013-12-31,5.55,$1.69,3.28,$0.84,6.58,$-0.05,0.0,$-0.07,0.0,$0.05B,$0.01B,4.86,$0.00B,$0.09B,0.0,$0.04B,$0.03B,60.47%,$0.04B,$-0.00B,-4.65%,$0.04B,$-0.00B,-4.65%,$0.04B,$0.00B,4.65%,$0.04B,$-0.00B,-4.65%,$0.04B,$-0.00B,-6.98%,$-0.00B,$0.09B,-3.59%,$-0.00B,$0.07B,-4.53%,$-0.00B,$0.10B,-3.08%,$-0.00B,$0.09B,-2.40%,$23,$9,$15,$1,$6,$16,$7,$0,$7,$0,$7,$7,$7,$8,$7,$51,51,$0.14,$0.14,$25,$5,$0,$52,$14,$14,$17,$4,$50,$102,$11,$0,$2,$4,$15,$0,$-29,$-0,$87,$102,$-3,$4,$3,$7,$-3,$-0,$-1,$3,$-2,$2,$0,$0,$0,$-6,$0,$-6,$1,$-5,$-0,$0,$-0,$1,$1,$0,$0,$0,$-2,$2,$0
20,2013-09-30,7.24,$1.56,4.65,$0.68,10.62,$-0.24,0.0,$-0.24,0.0,$0.04B,$0.01B,4.78,$0.00B,$0.08B,0.0,$0.04B,$0.02B,48.57%,$0.04B,$-0.01B,-31.43%,$0.04B,$-0.01B,-31.43%,$0.04B,$-0.01B,-20.00%,$0.04B,$-0.01B,-31.43%,$0.04B,$-0.01B,-34.29%,$-0.01B,$0.08B,-14.37%,$-0.01B,$0.06B,-18.11%,$-0.01B,$0.09B,-12.24%,$-0.01B,$0.08B,-13.17%,$5,$2,$3,$1,$5,$9,$-4,$0,$-4,$0,$-4,$-4,$-4,$-3,$-4,$51,51,$-0.08,$-0.08,$26,$9,$0,$44,$15,$13,$17,$4,$49,$93,$9,$0,$2,$4,$13,$0,$-36,$-0,$80,$93,$-10,$3,$3,$6,$12,$-4,$-1,$3,$7,$3,$0,$0,$0,$-5,$0,$-5,$1,$-4,$-0,$0,$-0,$0,$0,$0,$0,$0,$-1,$2,$0
21,2013-06-30,4.13,$1.62,2.55,$0.79,5.21,$-0.37,0.0,$-0.20,0.0,$0.05B,$0.01B,5.81,$0.00B,$0.08B,0.0,$0.04B,$0.02B,50.00%,$0.04B,$-0.01B,-22.50%,$0.04B,$-0.01B,-22.50%,$0.04B,$-0.01B,-12.50%,$0.04B,$-0.01B,-22.50%,$0.04B,$-0.01B,-25.00%,$-0.01B,$0.08B,-11.66%,$-0.01B,$0.07B,-14.71%,$-0.01B,$0.10B,-9.90%,$-0.01B,$0.08B,-10.50%,$9,$3,$5,$1,$5,$10,$-1,$0,$-1,$0,$-1,$-1,$-1,$-0,$-1,$51,51,$-0.03,$-0.03,$24,$7,$1,$50,$15,$9,$17,$4,$46,$96,$9,$0,$2,$4,$13,$0,$-32,$-0,$83,$96,$-6,$2,$2,$4,$6,$-2,$-1,$-0,$-0,$-3,$-1,$0,$0,$-2,$0,$-2,$0,$-3,$-0,$0,$-0,$0,$0,$0,$0,$0,$-5,$1,$0
22,2013-03-31,3.7,$1.64,2.25,$0.86,4.3,$-0.37,0.0,$-0.16,0.0,$0.06B,$0.01B,5.66,$0.00B,$0.08B,0.0,$0.04B,$0.02B,51.16%,$0.04B,$-0.01B,-18.60%,$0.04B,$-0.01B,-18.60%,$0.04B,$-0.00B,-9.30%,$0.04B,$-0.01B,-18.60%,$0.04B,$-0.01B,-20.93%,$-0.01B,$0.08B,-10.29%,$-0.01B,$0.07B,-13.00%,$-0.01B,$0.10B,-8.74%,$-0.01B,$0.08B,-9.14%,$6,$3,$3,$1,$6,$11,$-4,$0,$-4,$0,$-5,$-5,$-5,$-3,$-4,$51,51,$-0.09,$-0.09,$27,$7,$1,$55,$16,$5,$17,$4,$43,$98,$10,$0,$2,$4,$14,$0,$-30,$-0,$84,$98,$-5,$1,$1,$2,$4,$-1,$-0,$-0,$-1,$-4,$-0,$0,$0,$1,$0,$1,$0,$0,$-0,$0,$-0,$0,$0,$0,$0,$0,$-3,$1,$0
23,2012-12-31,3.4,$1.72,1.98,$0.83,4.12,$-0.38,0.0,$-0.16,0.0,$0.06B,$0.01B,4.73,$0.00B,$0.09B,0.0,$0.04B,$0.02B,47.62%,$0.04B,$-0.01B,-21.43%,$0.04B,$-0.01B,-21.43%,$0.04B,$-0.01B,-11.90%,$0.04B,$-0.01B,-21.43%,$0.04B,$-0.01B,-21.43%,$-0.01B,$0.09B,-10.06%,$-0.01B,$0.07B,-12.68%,$-0.01B,$0.11B,-8.61%,$-0.01B,$0.09B,-10.06%,$15,$9,$6,$2,$6,$17,$-2,$0,$-2,$-0,$-2,$-2,$-2,$-1,$-2,$51,51,$-0.04,$-0.04,$31,$5,$1,$61,$16,$5,$18,$4,$44,$105,$13,$0,$2,$4,$17,$0,$-26,$-0,$87,$105,$-8,$4,$6,$10,$-12,$2,$1,$1,$-6,$-4,$-3,$0,$0,$8,$0,$8,$1,$7,$-0,$0,$-0,$-4,$-4,$0,$0,$-4,$-2,$3,$0
24,2012-09-30,2.95,$1.75,1.69,$0.65,4.54,$-0.41,0.0,$-0.31,0.0,$0.06B,$0.01B,5.09,$0.00B,$0.09B,0.0,$0.03B,$0.01B,42.42%,$0.03B,$-0.02B,-54.55%,$0.03B,$-0.02B,-54.55%,$0.03B,$-0.01B,-39.39%,$0.03B,$-0.02B,-51.52%,$0.03B,$-0.02B,-51.52%,$-0.02B,$0.09B,-18.48%,$-0.02B,$0.07B,-23.37%,$-0.02B,$0.11B,-16.04%,$-0.02B,$0.09B,-19.57%,$10,$5,$6,$1,$6,$12,$-2,$0,$-2,$0,$-2,$-2,$-2,$-1,$-2,$51,51,$-0.04,$-0.04,$35,$7,$1,$60,$17,$4,$19,$5,$45,$105,$12,$0,$2,$4,$16,$0,$-24,$-0,$89,$105,$-6,$3,$3,$6,$-5,$1,$0,$2,$-2,$-2,$-2,$0,$0,$7,$0,$7,$1,$6,$-0,$0,$-0,$-4,$-4,$0,$0,$-4,$-0,$2,$0
25,2012-06-30,2.4,$1.77,1.35,$0.54,4.47,$-0.45,0.0,$-0.49,0.0,$0.06B,$0.01B,6.35,$0.00B,$0.09B,0.0,$0.03B,$0.01B,32.14%,$0.03B,$-0.02B,-82.14%,$0.03B,$-0.02B,-82.14%,$0.03B,$-0.02B,-60.71%,$0.03B,$-0.02B,-78.57%,$0.03B,$-0.03B,-92.86%,$-0.03B,$0.09B,-27.01%,$-0.03B,$0.07B,-33.88%,$-0.03B,$0.10B,-23.80%,$-0.02B,$0.09B,-23.90%,$12,$6,$7,$1,$5,$12,$0,$-0,$0,$-0,$0,$0,$0,$1,$0,$51,52,$0.01,$0.01,$35,$7,$2,$58,$16,$4,$19,$5,$45,$104,$9,$0,$2,$4,$13,$0,$-22,$-0,$90,$104,$-4,$2,$2,$4,$-3,$1,$-0,$1,$-2,$-2,$-1,$0,$0,$6,$0,$6,$2,$6,$-0,$0,$-0,$-4,$-4,$0,$0,$-4,$0,$2,$0
26,2012-03-31,2.3,$1.76,1.3,$0.43,5.39,$-0.50,0.0,$-0.56,0.0,$0.06B,$0.01B,6.76,$0.00B,$0.09B,0.0,$0.02B,$0.00B,17.39%,$0.02B,$-0.03B,-121.74%,$0.02B,$-0.03B,-121.74%,$0.02B,$-0.02B,-95.65%,$0.02B,$-0.03B,-117.39%,$0.02B,$-0.03B,-126.09%,$-0.03B,$0.09B,-28.16%,$-0.03B,$0.07B,-34.83%,$-0.03B,$0.10B,-25.11%,$-0.03B,$0.09B,-27.18%,$5,$4,$1,$1,$5,$9,$-5,$0,$-5,$0,$-5,$-5,$-5,$-4,$-5,$53,53,$-0.09,$-0.09,$34,$8,$0,$55,$16,$7,$20,$7,$49,$104,$8,$0,$2,$4,$12,$0,$-22,$-0,$92,$104,$-5,$1,$1,$2,$0,$-1,$-0,$1,$-1,$-4,$-1,$0,$0,$3,$0,$3,$-1,$2,$-0,$0,$-0,$-1,$-1,$0,$0,$-1,$-3,$1,$0
27,2011-12-31,2.58,$1.84,1.4,$0.53,4.84,$-0.48,0.0,$-0.50,0.0,$0.06B,$0.01B,5.9,$0.00B,$0.10B,0.0,$0.03B,$0.01B,28.57%,$0.03B,$-0.03B,-92.86%,$0.03B,$-0.03B,-92.86%,$0.03B,$-0.02B,-71.43%,$0.03B,$-0.03B,-89.29%,$0.03B,$-0.03B,-92.86%,$-0.03B,$0.10B,-23.64%,$-0.03B,$0.08B,-28.97%,$-0.03B,$0.11B,-21.27%,$-0.03B,$0.10B,-23.64%,$6,$6,$0,$1,$6,$17,$-11,$0,$-10,$-0,$-10,$-10,$-10,$-9,$-11,$53,53,$-0.19,$-0.19,$36,$8,$2,$58,$16,$11,$20,$5,$52,$111,$10,$0,$2,$4,$14,$0,$-18,$-0,$97,$111,$-26,$5,$10,$15,$4,$1,$0,$-2,$4,$-8,$-1,$0,$0,$-23,$0,$-23,$-4,$-28,$-0,$0,$-0,$0,$0,$0,$0,$-0,$-37,$3,$0
28,2011-09-30,3.0,$2.02,1.48,$0.67,4.5,$-0.45,0.0,$-0.30,0.0,$0.07B,$0.01B,9.58,$0.00B,$0.11B,0.0,$0.04B,$0.01B,40.00%,$0.04B,$-0.02B,-42.86%,$0.04B,$-0.02B,-42.86%,$0.04B,$-0.01B,-25.71%,$0.04B,$-0.02B,-42.86%,$0.04B,$-0.02B,-45.71%,$-0.02B,$0.11B,-13.79%,$-0.02B,$0.09B,-16.75%,$-0.02B,$0.12B,-12.50%,$-0.02B,$0.11B,-12.93%,$5,$4,$1,$1,$6,$12,$-7,$-0,$-7,$5,$-11,$-11,$-11,$-5,$-7,$53,53,$-0.22,$-0.22,$52,$10,$0,$73,$21,$0,$20,$4,$45,$118,$8,$0,$2,$4,$12,$0,$-8,$-0,$106,$118,$-16,$4,$3,$6,$6,$-0,$0,$1,$6,$-5,$-1,$0,$0,$0,$0,$0,$-4,$-5,$-0,$0,$-0,$0,$0,$0,$0,$-0,$-10,$2,$0
29,2011-06-30,3.27,$2.22,1.47,$0.71,4.64,$-0.43,0.0,$-0.15,0.0,$0.09B,$0.01B,9.59,$0.00B,$0.12B,0.0,$0.04B,$0.02B,40.54%,$0.04B,$-0.01B,-35.14%,$0.04B,$-0.01B,-35.14%,$0.04B,$-0.01B,-18.92%,$0.04B,$-0.01B,-35.14%,$0.04B,$-0.01B,-24.32%,$-0.01B,$0.12B,-7.55%,$-0.01B,$0.10B,-9.14%,$-0.01B,$0.13B,-6.79%,$-0.01B,$0.12B,-10.88%,$7,$4,$2,$1,$6,$12,$-5,$0,$-5,$-2,$-3,$-3,$-3,$-4,$-5,$53,53,$-0.06,$-0.06,$55,$10,$0,$86,$21,$0,$20,$1,$43,$129,$9,$0,$2,$3,$12,$0,$4,$-0,$117,$129,$-5,$2,$2,$4,$-0,$0,$0,$-4,$-4,$-5,$-1,$0,$0,$0,$0,$0,$1,$1,$-0,$0,$-0,$0,$0,$0,$0,$-0,$-5,$1,$0
30,2011-03-31,3.18,$2.27,1.4,$0.83,3.81,$-0.47,0.0,$-0.10,0.0,$0.09B,$0.01B,10.27,$0.00B,$0.12B,0.0,$0.04B,$0.02B,46.51%,$0.04B,$-0.01B,-20.93%,$0.04B,$-0.01B,-20.93%,$0.04B,$-0.00B,-4.65%,$0.04B,$-0.01B,-20.93%,$0.04B,$-0.01B,-13.95%,$-0.01B,$0.12B,-4.97%,$-0.01B,$0.10B,-6.05%,$-0.01B,$0.13B,-4.41%,$-0.01B,$0.12B,-7.44%,$10,$6,$5,$1,$6,$13,$-3,$0,$-3,$-1,$-2,$-2,$-2,$-2,$-3,$53,53,$-0.03,$-0.03,$57,$9,$0,$87,$22,$0,$21,$1,$44,$131,$8,$0,$2,$3,$11,$0,$7,$-0,$120,$131,$-2,$1,$1,$2,$-1,$0,$-0,$-2,$-3,$-3,$-0,$0,$0,$0,$0,$0,$1,$1,$-0,$0,$-0,$0,$0,$0,$0,$-0,$-3,$1,$0
31,2010-12-31,3.66,$2.30,1.59,$0.87,4.2,$-0.57,0.0,$-0.07,0.0,$0.09B,$0.01B,8.52,$0.00B,$0.12B,0.0,$0.05B,$0.02B,47.83%,$0.05B,$-0.01B,-13.04%,$0.05B,$-0.01B,-13.04%,$0.05B,$0.00B,4.35%,$0.05B,$-0.01B,-13.04%,$0.05B,$-0.00B,-8.70%,$-0.00B,$0.12B,-3.30%,$-0.00B,$0.10B,-4.03%,$-0.00B,$0.13B,-2.87%,$-0.01B,$0.12B,-4.94%,$13,$7,$6,$1,$6,$13,$0,$-0,$0,$-0,$0,$0,$0,$2,$0,$52,52,$0.01,$0.01,$60,$10,$0,$88,$22,$0,$21,$2,$46,$134,$10,$0,$2,$3,$13,$0,$9,$-0,$121,$134,$-4,$6,$2,$8,$6,$-1,$-0,$-5,$-2,$2,$-9,$0,$0,$0,$0,$0,$4,$-6,$-1,$0,$-1,$1,$1,$0,$0,$0,$-4,$3,$0
32,2010-09-30,3.59,$2.27,1.58,$0.92,3.9,$-0.32,0.0,$-0.05,0.0,$0.09B,$0.01B,6.26,$0.00B,$0.12B,0.0,$0.05B,$0.03B,51.02%,$0.05B,$-0.00B,-6.12%,$0.05B,$-0.00B,-6.12%,$0.05B,$0.00B,8.16%,$0.05B,$-0.00B,-6.12%,$0.05B,$-0.00B,-4.08%,$-0.00B,$0.12B,-1.65%,$-0.00B,$0.10B,-2.03%,$-0.00B,$0.14B,-1.41%,$-0.00B,$0.12B,-2.46%,$7,$5,$2,$1,$5,$12,$-5,$0,$-5,$-1,$-4,$-4,$-4,$-3,$-5,$52,52,$-0.07,$-0.07,$62,$12,$0,$88,$23,$0,$22,$2,$47,$136,$14,$0,$2,$2,$16,$0,$8,$-0,$119,$136,$-4,$5,$2,$7,$10,$-3,$0,$-3,$1,$4,$-9,$0,$0,$0,$0,$0,$3,$-6,$-0,$0,$-0,$0,$0,$0,$0,$0,$-2,$2,$0
33,2010-06-30,4.0,$2.34,1.71,$0.97,4.12,$-0.21,0.0,$0.03,133.33,$0.09B,$0.02B,5.17,$0.00B,$0.12B,0.0,$0.05B,$0.03B,55.77%,$0.05B,$0.00B,5.77%,$0.05B,$0.00B,5.77%,$0.05B,$0.01B,15.38%,$0.05B,$0.00B,5.77%,$0.05B,$0.00B,5.77%,$0.00B,$0.12B,2.52%,$0.00B,$0.10B,2.95%,$0.00B,$0.14B,2.19%,$0.00B,$0.12B,2.51%,$13,$7,$7,$1,$6,$14,$-1,$-0,$-1,$-0,$-0,$-0,$-0,$1,$-1,$52,52,$-0.01,$-0.01,$60,$12,$0,$94,$23,$0,$22,$2,$49,$143,$18,$0,$2,$2,$20,$0,$12,$-0,$123,$143,$-0,$3,$2,$5,$-0,$-3,$1,$-2,$-6,$-2,$-7,$0,$0,$0,$0,$0,$1,$-6,$-0,$0,$-0,$0,$0,$0,$0,$0,$-7,$1,$0
34,2010-03-31,6.3,$2.38,2.65,$0.90,7.03,$0.05,118.2,$0.04,157.5,$0.09B,$0.02B,5.34,$0.00B,$0.12B,0.0,$0.05B,$0.03B,58.33%,$0.05B,$0.00B,8.33%,$0.05B,$0.00B,8.33%,$0.05B,$0.01B,14.58%,$0.05B,$0.00B,8.33%,$0.05B,$0.00B,6.25%,$0.00B,$0.12B,2.59%,$0.00B,$0.10B,2.88%,$0.00B,$0.14B,2.29%,$0.00B,$0.12B,3.43%,$13,$5,$7,$1,$6,$12,$0,$-0,$0,$0,$0,$0,$0,$2,$0,$51,54,$0.00,$0.00,$56,$13,$0,$94,$21,$0,$23,$6,$50,$144,$18,$1,$4,$4,$22,$0,$13,$-0,$122,$144,$0,$2,$1,$2,$-3,$-3,$1,$0,$-7,$-4,$-4,$0,$0,$0,$0,$0,$0,$-4,$-0,$0,$-0,$0,$0,$0,$0,$-0,$-9,$1,$0
35,2009-12-31,6.88,$2.36,2.91,$0.90,7.63,$0.30,23.16,$0.07,98.29,$0.10B,$0.02B,5.5,$0.00B,$0.12B,0.01,$0.05B,$0.03B,60.42%,$0.05B,$0.01B,14.58%,$0.05B,$0.01B,14.58%,$0.05B,$0.01B,16.67%,$0.05B,$0.01B,14.58%,$0.05B,$0.01B,10.42%,$0.01B,$0.12B,4.43%,$0.01B,$0.10B,4.68%,$0.01B,$0.14B,4.00%,$0.01B,$0.12B,6.17%,$16,$6,$9,$1,$5,$13,$3,$-0,$3,$1,$2,$2,$2,$4,$3,$50,53,$0.03,$0.03,$64,$10,$0,$96,$17,$0,$24,$6,$47,$143,$17,$1,$4,$5,$22,$0,$12,$-0,$121,$143,$4,$1,$2,$3,$10,$2,$-2,$-4,$6,$13,$-8,$0,$-14,$0,$0,$0,$-11,$-32,$-2,$0,$-2,$0,$0,$0,$0,$-1,$-20,$2,$0
36,2009-09-30,5.84,$2.22,2.63,$1.07,5.47,$0.21,27.25,$0.14,41.71,$0.11B,$0.01B,14.26,$0.00B,$0.11B,0.0,$0.05B,$0.03B,62.96%,$0.05B,$0.01B,22.22%,$0.05B,$0.01B,22.22%,$0.05B,$0.01B,22.22%,$0.05B,$0.01B,22.22%,$0.05B,$0.01B,14.81%,$0.01B,$0.11B,7.32%,$0.01B,$0.11B,7.32%,$0.01B,$0.12B,6.69%,$0.01B,$0.11B,10.93%,$10,$3,$6,$1,$5,$9,$1,$0,$1,$0,$1,$1,$1,$1,$1,$50,53,$0.01,$0.01,$78,$11,$0,$109,$7,$0,$0,$3,$10,$119,$8,$0,$0,$0,$8,$0,$11,$-0,$111,$119,$2,$1,$1,$2,$11,$-2,$-2,$-4,$1,$5,$-5,$0,$0,$0,$0,$0,$-5,$-10,$-0,$0,$-0,$0,$0,$0,$0,$0,$-5,$2,$0
37,2009-06-30,7.08,$2.19,3.23,$1.06,6.69,$0.22,31.92,$0.14,50.57,$0.11B,$0.01B,12.76,$0.00B,$0.11B,0.0,$0.05B,$0.03B,64.15%,$0.05B,$0.01B,22.64%,$0.05B,$0.01B,22.64%,$0.05B,$0.01B,22.64%,$0.05B,$0.01B,22.64%,$0.05B,$0.01B,15.09%,$0.01B,$0.11B,7.49%,$0.01B,$0.11B,7.49%,$0.01B,$0.12B,6.78%,$0.01B,$0.11B,11.19%,$9,$3,$6,$1,$5,$9,$-0,$0,$-0,$-0,$-0,$-0,$-0,$0,$-0,$50,50,$0.00,$0.00,$82,$11,$0,$110,$4,$0,$0,$4,$9,$119,$9,$0,$0,$0,$9,$0,$10,$-0,$110,$119,$1,$0,$1,$1,$14,$-3,$-0,$-3,$6,$8,$-3,$0,$0,$0,$0,$0,$-5,$-8,$-0,$0,$-0,$0,$0,$0,$0,$0,$0,$1,$0
