,Date,Stock Price,Book Value per Share,Price to Book Ratio,TTM Sales per Share,Price to Sales Ratio,TTM FCF per Share,Price to FCF Ratio,TTM Net EPS,PE Ratio,Current Assets,Current Liabilities,Current Ratio,Long Term Debt,Shareholder's Equity_x,Debt to Equity Ratio,TTM Revenue_x,TTM Gross Profit,Gross Margin,TTM Revenue_y,TTM Operating Income,Operating Margin,TTM Revenue_x,TTM EBIT,EBIT Margin,TTM Revenue_y,TTM EBITDA,EBITDA Margin,TTM Revenue_x,TTM Pre-Tax Income,Pre-Tax Margin,TTM Revenue_y,TTM Net Income_x,Net Margin,TTM Net Income_y,Shareholder's Equity_y,Return on Equity,TTM Net Income_x,Tangible Equity,Return on Tangible Equity,TTM Net Income_y,Total Assets,Return on Assets,TTM Net Income,LT Investments & Debt,Return on Investment,revenue,cost-goods-sold,gross-profit,research-development-expenses,selling-general-administrative-expenses,operating-expenses,operating-income,total-non-operating-income-expense,pre-tax-income,total-provision-income-taxes,income-after-taxes,income-from-continuous-operations,net-income,ebitda,ebit,basic-shares-outstanding,shares-outstanding,eps-basic-net-earnings-per-share,eps-earnings-per-share-diluted,cash-on-hand,inventory,other-current-assets,total-current-assets,net-property-plant-equipment,long-term-investments,goodwill-intangible-assets-total,other-long-term-assets,total-long-term-assets,total-assets,total-current-liabilities,long-term-debt,other-non-current-liabilities,total-long-term-liabilities,total-liabilities,common-stock-net,retained-earnings-accumulated-deficit,comprehensive-income,total-share-holder-equity,total-liabilities-share-holders-equity,net-income-loss,total-depreciation-amortization-cash-flow,other-non-cash-items,total-non-cash-items,change-in-accounts-receivable,change-in-inventories,change-in-accounts-payable,change-in-assets-liabilities,total-change-in-assets-liabilities,cash-flow-from-operating-activities,net-change-in-property-plant-equipment,net-change-in-intangible-assets,net-acquisitions-divestitures,net-change-in-short-term-investments,net-change-in-long-term-investments,net-change-in-investments-total,investing-activities-other,cash-flow-from-investing-activities,net-long-term-debt,net-current-debt,debt-issuance-retirement-net-total,net-common-equity-issued-repurchased,net-total-equity-issued-repurchased,total-common-preferred-stock-dividends-paid,financial-activities-other,cash-flow-from-financial-activities,net-cash-flow,stock-based-compensation,common-stock-dividends-paid
0,2018-09-30,12.85,$8.75,1.47,$12.02,1.07,$1.60,8.05,$1.69,7.6,$0.10B,$0.02B,4.71,$0.00B,$0.13B,0.0,$0.17B,$0.04B,25.29%,$0.17B,$0.01B,8.05%,$0.17B,$0.01B,8.05%,$0.17B,$0.02B,10.34%,$0.17B,$0.03B,15.52%,$0.17B,$0.02B,13.79%,$0.02B,$0.13B,20.25%,$0.02B,$0.09B,30.97%,$0.02B,$0.15B,16.00%,$0.01B,$0.13B,11.20%,$44,$32,$12,$0,$7,$39,$5,$-0,$5,$2,$4,$4,$4,$6,$5,$14,14,$0.25,$0.25,$11,$46,$0,$96,$13,$0,$40,$0,$54,$150,$20,$0,$1,$3,$23,$14,$112,$0,$126,$150,$17,$3,$-10,$-7,$0,$0,$0,$0,$0,$5,$-2,$0,$0,$0,$34,$34,$1,$33,$-23,$0,$-23,$0,$0,$-5,$0,$-28,$10,$0,$-5
1,2018-06-30,14.1,$8.63,1.63,$11.96,1.18,$1.81,7.81,$1.66,8.49,$0.09B,$0.02B,5.46,$0.00B,$0.13B,0.0,$0.17B,$0.04B,24.86%,$0.17B,$0.01B,7.51%,$0.17B,$0.01B,7.51%,$0.17B,$0.02B,9.83%,$0.17B,$0.03B,15.61%,$0.17B,$0.02B,13.29%,$0.02B,$0.13B,20.26%,$0.02B,$0.08B,31.83%,$0.02B,$0.14B,15.13%,$0.01B,$0.13B,10.30%,$49,$37,$11,$0,$9,$47,$2,$13,$15,$3,$12,$12,$12,$3,$2,$14,14,$0.84,$0.84,$16,$41,$0,$91,$13,$0,$40,$0,$53,$144,$17,$0,$1,$3,$20,$14,$110,$0,$125,$144,$13,$2,$-11,$-8,$0,$0,$0,$0,$0,$7,$-1,$0,$0,$0,$34,$34,$1,$34,$-23,$0,$-23,$0,$0,$-4,$0,$-27,$14,$0,$-4
2,2018-03-31,13.58,$7.71,1.76,$12.34,1.1,$1.93,7.05,$0.97,14.0,$0.08B,$0.03B,2.33,$0.00B,$0.11B,0.03,$0.18B,$0.05B,25.28%,$0.18B,$0.01B,7.87%,$0.18B,$0.01B,7.87%,$0.18B,$0.02B,10.67%,$0.18B,$0.02B,8.43%,$0.18B,$0.01B,7.30%,$0.01B,$0.11B,12.01%,$0.01B,$0.07B,19.48%,$0.01B,$0.15B,8.47%,$0.01B,$0.12B,11.07%,$32,$23,$9,$0,$7,$30,$2,$-0,$1,$0,$1,$1,$1,$3,$2,$14,14,$0.09,$0.08,$3,$40,$0,$75,$14,$20,$41,$0,$75,$150,$32,$4,$1,$7,$39,$14,$99,$-3,$111,$150,$1,$1,$0,$1,$0,$0,$0,$0,$0,$4,$-0,$0,$0,$0,$0,$0,$0,$-0,$-0,$0,$-0,$0,$0,$-2,$0,$-2,$1,$0,$-2
3,2017-12-31,12.08,$7.77,1.55,$12.33,0.98,$2.08,5.8,$0.99,12.2,$0.08B,$0.02B,4.11,$0.02B,$0.11B,0.2,$0.18B,$0.04B,24.72%,$0.18B,$0.01B,7.87%,$0.18B,$0.01B,7.87%,$0.18B,$0.02B,10.67%,$0.18B,$0.02B,8.99%,$0.18B,$0.01B,7.30%,$0.01B,$0.11B,12.26%,$0.01B,$0.07B,20.23%,$0.01B,$0.16B,8.54%,$0.01B,$0.13B,10.85%,$49,$37,$12,$0,$6,$44,$5,$1,$6,$-2,$7,$7,$7,$6,$5,$14,14,$0.52,$0.52,$2,$35,$0,$80,$14,$20,$41,$0,$76,$156,$20,$22,$1,$25,$44,$14,$100,$-3,$112,$156,$14,$4,$-2,$2,$-3,$-0,$0,$-1,$-2,$13,$-3,$0,$-1,$0,$0,$0,$0,$-4,$-2,$0,$-2,$0,$0,$-7,$0,$-9,$1,$1,$-7
4,2017-09-30,13.24,$7.38,1.79,$12.43,1.07,$2.19,6.06,$0.71,18.65,$0.08B,$0.02B,3.76,$0.03B,$0.11B,0.23,$0.18B,$0.04B,23.46%,$0.18B,$0.01B,7.26%,$0.18B,$0.01B,7.26%,$0.18B,$0.02B,10.06%,$0.18B,$0.01B,7.82%,$0.18B,$0.01B,5.03%,$0.01B,$0.11B,8.70%,$0.01B,$0.07B,14.63%,$0.01B,$0.16B,5.96%,$0.01B,$0.13B,10.24%,$43,$32,$11,$0,$7,$39,$4,$0,$5,$1,$3,$3,$3,$5,$4,$14,14,$0.22,$0.22,$2,$42,$0,$83,$14,$20,$42,$0,$75,$158,$22,$25,$0,$30,$52,$14,$94,$-2,$106,$158,$7,$3,$2,$5,$0,$0,$0,$0,$0,$8,$-2,$0,$-1,$0,$0,$0,$0,$-4,$1,$0,$1,$0,$0,$-5,$0,$-4,$1,$0,$-5
5,2017-06-30,12.64,$7.24,1.74,$12.15,1.04,$1.92,6.59,$0.79,15.99,$0.08B,$0.02B,4.08,$0.02B,$0.10B,0.22,$0.18B,$0.04B,23.43%,$0.18B,$0.01B,8.00%,$0.18B,$0.01B,8.00%,$0.18B,$0.02B,10.86%,$0.18B,$0.02B,8.57%,$0.18B,$0.01B,5.71%,$0.01B,$0.10B,9.78%,$0.01B,$0.06B,16.74%,$0.01B,$0.15B,6.55%,$0.01B,$0.13B,10.89%,$54,$41,$13,$0,$9,$51,$3,$-0,$3,$1,$2,$2,$2,$5,$3,$14,14,$0.15,$0.15,$2,$37,$0,$76,$14,$19,$42,$0,$74,$150,$19,$22,$0,$28,$46,$14,$92,$-3,$104,$150,$3,$2,$2,$4,$0,$0,$0,$0,$0,$9,$-1,$0,$-1,$0,$0,$0,$0,$-3,$-2,$0,$-2,$0,$0,$-3,$0,$-5,$1,$0,$-3
6,2017-03-31,12.32,$7.12,1.73,$11.78,1.05,$1.59,7.77,$0.79,15.6,$0.07B,$0.02B,4.77,$0.02B,$0.10B,0.23,$0.17B,$0.04B,24.26%,$0.17B,$0.01B,8.28%,$0.17B,$0.01B,8.28%,$0.17B,$0.02B,11.24%,$0.17B,$0.02B,8.88%,$0.17B,$0.01B,5.92%,$0.01B,$0.10B,9.93%,$0.01B,$0.06B,17.24%,$0.01B,$0.15B,6.49%,$0.01B,$0.13B,10.81%,$32,$24,$8,$0,$6,$30,$2,$0,$2,$1,$1,$1,$1,$3,$2,$14,14,$0.10,$0.10,$3,$37,$0,$72,$14,$17,$42,$0,$73,$145,$15,$23,$0,$28,$43,$14,$92,$-4,$102,$145,$1,$1,$2,$3,$0,$0,$0,$0,$0,$6,$-0,$0,$-1,$0,$0,$0,$0,$-2,$-1,$0,$-1,$0,$0,$-2,$0,$-3,$2,$0,$-2
7,2016-12-31,12.5,$7.11,1.76,$11.98,1.04,$1.28,9.73,$0.81,15.43,$0.08B,$0.02B,4.11,$0.02B,$0.10B,0.24,$0.17B,$0.04B,25.58%,$0.17B,$0.01B,8.14%,$0.17B,$0.01B,8.14%,$0.17B,$0.02B,11.63%,$0.17B,$0.02B,8.72%,$0.17B,$0.01B,6.40%,$0.01B,$0.10B,11.03%,$0.01B,$0.06B,19.47%,$0.01B,$0.15B,7.03%,$0.01B,$0.13B,10.71%,$50,$40,$10,$0,$6,$46,$4,$1,$4,$1,$3,$3,$3,$5,$4,$14,14,$0.24,$0.23,$1,$34,$0,$76,$14,$19,$42,$0,$75,$151,$18,$24,$0,$31,$49,$14,$92,$-4,$102,$151,$11,$5,$-3,$2,$4,$-7,$0,$1,$-2,$12,$-0,$0,$-10,$-0,$0,$-0,$0,$-10,$2,$0,$2,$0,$1,$-6,$0,$-3,$-1,$0,$-6
8,2016-09-30,11.98,$7.04,1.7,$11.85,1.01,$1.17,10.24,$0.77,15.56,$0.09B,$0.02B,4.17,$0.04B,$0.10B,0.36,$0.17B,$0.04B,25.88%,$0.17B,$0.01B,7.65%,$0.17B,$0.01B,7.65%,$0.17B,$0.02B,11.18%,$0.17B,$0.01B,8.24%,$0.17B,$0.01B,6.47%,$0.01B,$0.10B,11.20%,$0.01B,$0.06B,19.38%,$0.01B,$0.17B,7.11%,$0.01B,$0.14B,10.10%,$39,$29,$10,$0,$5,$33,$5,$0,$6,$1,$4,$4,$4,$6,$5,$14,14,$0.30,$0.30,$4,$43,$0,$90,$14,$19,$43,$0,$76,$165,$21,$36,$0,$43,$65,$14,$90,$-3,$101,$165,$8,$4,$-1,$4,$0,$0,$0,$0,$0,$2,$0,$0,$-10,$0,$-0,$-0,$0,$-10,$14,$0,$14,$0,$1,$-5,$0,$10,$2,$0,$-5
9,2016-06-30,9.53,$6.85,1.39,$11.56,0.82,$1.15,8.31,$0.61,15.63,$0.08B,$0.02B,4.45,$0.03B,$0.10B,0.33,$0.17B,$0.04B,25.90%,$0.17B,$0.01B,6.02%,$0.17B,$0.01B,6.02%,$0.17B,$0.02B,9.64%,$0.17B,$0.01B,6.63%,$0.17B,$0.01B,5.42%,$0.01B,$0.10B,9.33%,$0.01B,$0.06B,16.00%,$0.01B,$0.16B,5.96%,$0.01B,$0.13B,8.44%,$48,$36,$13,$0,$9,$45,$3,$-0,$3,$1,$2,$2,$2,$5,$3,$14,14,$0.15,$0.15,$3,$38,$0,$79,$14,$19,$43,$0,$76,$155,$18,$32,$0,$40,$57,$14,$87,$-3,$98,$155,$4,$3,$1,$5,$0,$0,$0,$0,$0,$4,$-2,$0,$-9,$0,$0,$0,$0,$-11,$11,$0,$11,$0,$0,$-3,$0,$8,$1,$0,$-3
10,2016-03-31,10.84,$6.86,1.58,$11.25,0.96,$1.57,6.9,$0.69,15.71,$0.08B,$0.02B,4.29,$0.03B,$0.10B,0.33,$0.16B,$0.04B,26.54%,$0.16B,$0.01B,6.79%,$0.16B,$0.01B,6.79%,$0.16B,$0.02B,10.49%,$0.16B,$0.01B,8.02%,$0.16B,$0.01B,6.17%,$0.01B,$0.10B,10.50%,$0.01B,$0.05B,16.95%,$0.01B,$0.16B,6.97%,$0.01B,$0.13B,10.02%,$35,$24,$11,$0,$8,$32,$2,$-0,$2,$1,$2,$2,$2,$4,$2,$14,14,$0.12,$0.12,$3,$37,$0,$78,$14,$19,$44,$0,$77,$155,$18,$32,$0,$39,$58,$14,$86,$-2,$98,$155,$2,$2,$1,$3,$0,$0,$0,$0,$0,$2,$-0,$0,$-9,$0,$0,$0,$0,$-10,$11,$0,$11,$0,$0,$-2,$-0,$9,$1,$0,$-2
11,2015-12-31,12.1,$6.80,1.78,$11.18,1.08,$1.65,7.35,$0.82,14.76,$0.07B,$0.02B,3.93,$0.02B,$0.10B,0.22,$0.16B,$0.04B,26.88%,$0.16B,$0.01B,8.13%,$0.16B,$0.01B,8.13%,$0.16B,$0.02B,11.25%,$0.16B,$0.02B,10.00%,$0.16B,$0.01B,6.88%,$0.01B,$0.10B,11.80%,$0.01B,$0.06B,17.96%,$0.01B,$0.14B,8.09%,$0.01B,$0.12B,12.94%,$48,$38,$10,$0,$7,$45,$3,$1,$3,$0,$3,$3,$3,$4,$3,$14,14,$0.20,$0.20,$2,$26,$0,$73,$14,$20,$37,$0,$71,$144,$19,$22,$0,$29,$47,$14,$85,$-3,$96,$144,$12,$5,$0,$6,$-6,$-1,$0,$3,$-2,$15,$-5,$0,$-11,$0,$0,$0,$1,$-14,$5,$-3,$2,$0,$1,$-6,$1,$-2,$-1,$1,$-6
12,2015-09-30,14.29,$6.65,2.15,$10.72,1.33,$2.10,6.8,$0.91,15.7,$0.08B,$0.05B,1.62,$0.00B,$0.09B,0.02,$0.15B,$0.04B,28.76%,$0.15B,$0.01B,9.15%,$0.15B,$0.01B,9.15%,$0.15B,$0.02B,12.42%,$0.15B,$0.02B,12.42%,$0.15B,$0.01B,7.84%,$0.01B,$0.09B,13.08%,$0.01B,$0.06B,19.51%,$0.01B,$0.15B,9.09%,$0.01B,$0.10B,14.85%,$35,$25,$9,$0,$7,$33,$2,$1,$3,$1,$2,$2,$2,$3,$2,$14,14,$0.14,$0.14,$3,$40,$0,$79,$14,$19,$38,$0,$70,$150,$49,$2,$0,$7,$56,$14,$83,$-3,$94,$150,$9,$4,$1,$5,$0,$0,$0,$0,$0,$6,$-4,$0,$-10,$0,$0,$0,$1,$-13,$-2,$12,$10,$0,$1,$-5,$0,$6,$-1,$0,$-5
13,2015-06-30,16.53,$6.59,2.51,$10.53,1.57,$2.49,6.63,$1.73,9.55,$0.07B,$0.03B,2.53,$0.00B,$0.09B,0.02,$0.15B,$0.05B,30.00%,$0.15B,$0.02B,10.67%,$0.15B,$0.02B,10.67%,$0.15B,$0.02B,14.00%,$0.15B,$0.02B,14.67%,$0.15B,$0.02B,16.00%,$0.02B,$0.09B,26.59%,$0.02B,$0.07B,37.65%,$0.02B,$0.13B,18.86%,$0.02B,$0.10B,17.20%,$44,$31,$13,$0,$8,$40,$4,$0,$5,$1,$3,$3,$3,$6,$4,$14,14,$0.23,$0.23,$3,$32,$0,$68,$13,$18,$27,$0,$57,$125,$27,$2,$0,$5,$32,$14,$82,$-3,$93,$125,$7,$3,$1,$4,$0,$0,$0,$0,$0,$11,$-2,$0,$0,$0,$0,$0,$1,$-2,$-1,$-7,$-8,$0,$1,$-3,$0,$-10,$-1,$0,$-3
14,2015-03-31,15.53,$6.43,2.41,$10.15,1.53,$2.65,5.86,$0.93,16.7,$0.07B,$0.03B,2.36,$0.00B,$0.09B,0.03,$0.14B,$0.04B,30.56%,$0.14B,$0.02B,11.11%,$0.14B,$0.02B,11.11%,$0.14B,$0.02B,13.89%,$0.14B,$0.02B,14.58%,$0.14B,$0.01B,9.03%,$0.01B,$0.09B,14.94%,$0.01B,$0.06B,21.14%,$0.01B,$0.13B,10.34%,$0.02B,$0.09B,17.73%,$33,$23,$11,$0,$6,$29,$4,$1,$5,$1,$3,$3,$3,$5,$4,$14,14,$0.25,$0.25,$3,$30,$0,$68,$12,$18,$28,$0,$57,$125,$29,$3,$0,$6,$35,$14,$80,$-4,$90,$125,$3,$1,$0,$1,$0,$0,$0,$0,$0,$3,$-0,$0,$0,$0,$0,$0,$0,$-0,$-0,$-2,$-3,$0,$0,$-1,$0,$-4,$-2,$0,$-1
15,2014-12-31,13.4,$6.41,2.09,$9.79,1.37,$3.15,4.26,$0.84,15.95,$0.07B,$0.03B,2.17,$0.00B,$0.09B,0.04,$0.14B,$0.04B,30.22%,$0.14B,$0.02B,10.79%,$0.14B,$0.02B,10.79%,$0.14B,$0.02B,13.67%,$0.14B,$0.02B,13.67%,$0.14B,$0.01B,8.63%,$0.01B,$0.09B,13.79%,$0.01B,$0.06B,19.20%,$0.01B,$0.13B,9.38%,$0.02B,$0.09B,16.53%,$41,$30,$11,$0,$6,$37,$4,$2,$6,$2,$4,$4,$4,$5,$4,$14,14,$0.29,$0.30,$5,$24,$0,$69,$12,$19,$28,$0,$59,$128,$32,$3,$0,$6,$38,$14,$78,$-2,$90,$128,$12,$4,$3,$7,$6,$-2,$0,$-5,$1,$19,$-3,$0,$-11,$0,$0,$0,$7,$-7,$-7,$0,$-7,$1,$1,$-5,$0,$-11,$1,$1,$-5
16,2014-09-30,10.63,$6.29,1.69,$9.22,1.15,$2.47,4.31,$0.77,13.81,$0.08B,$0.03B,2.3,$0.00B,$0.09B,0.04,$0.13B,$0.04B,29.23%,$0.13B,$0.01B,10.77%,$0.13B,$0.01B,10.77%,$0.13B,$0.02B,13.85%,$0.13B,$0.02B,13.85%,$0.13B,$0.01B,8.46%,$0.01B,$0.09B,12.72%,$0.01B,$0.07B,17.39%,$0.01B,$0.13B,8.37%,$0.01B,$0.09B,15.43%,$32,$22,$10,$0,$5,$27,$4,$2,$6,$2,$4,$4,$14,$5,$4,$14,14,$0.98,$0.96,$3,$33,$0,$79,$11,$19,$22,$0,$52,$131,$34,$3,$0,$9,$43,$14,$75,$-1,$88,$131,$8,$3,$3,$6,$0,$0,$0,$0,$0,$9,$-2,$0,$-0,$-2,$0,$-2,$7,$3,$-2,$-6,$-8,$0,$1,$-4,$0,$-10,$-2,$0,$-4
17,2014-06-30,14.13,$5.78,2.44,$9.30,1.52,$2.15,6.57,$-0.01,0.0,$0.07B,$0.03B,2.27,$0.00B,$0.08B,0.05,$0.13B,$0.04B,29.23%,$0.13B,$0.01B,10.77%,$0.13B,$0.01B,10.77%,$0.13B,$0.02B,13.85%,$0.13B,$0.02B,13.08%,$0.13B,0,0.00%,$0.00B,$0.08B,0.00%,$0.00B,$0.06B,0.00%,$0.00B,$0.12B,0.00%,$0.01B,$0.08B,15.43%,$38,$26,$12,$0,$7,$34,$4,$0,$4,$1,$3,$3,$-8,$5,$4,$14,14,$-0.58,$-0.58,$3,$26,$4,$67,$11,$18,$23,$0,$52,$119,$30,$4,$0,$9,$39,$14,$62,$4,$80,$119,$-6,$2,$12,$14,$0,$0,$0,$0,$0,$12,$-1,$0,$-0,$-1,$0,$-1,$5,$4,$-1,$-13,$-14,$0,$1,$-2,$0,$-16,$0,$0,$-2
18,2014-03-31,11.66,$6.53,1.79,$9.40,1.24,$1.68,6.94,$0.75,15.55,$0.07B,$0.03B,2.18,$0.01B,$0.09B,0.05,$0.13B,$0.04B,30.00%,$0.13B,$0.02B,12.31%,$0.13B,$0.02B,12.31%,$0.13B,$0.02B,15.38%,$0.13B,$0.02B,14.62%,$0.13B,$0.01B,8.46%,$0.01B,$0.09B,12.72%,$0.01B,$0.07B,17.19%,$0.01B,$0.13B,8.09%,$0.02B,$0.10B,17.53%,$28,$19,$9,$0,$5,$24,$3,$0,$3,$1,$2,$2,$2,$4,$3,$14,14,$0.16,$0.16,$3,$23,$16,$73,$10,$20,$24,$6,$60,$134,$34,$5,$0,$10,$44,$14,$71,$5,$90,$134,$2,$1,$1,$2,$0,$0,$0,$0,$0,$10,$-0,$0,$0,$0,$0,$0,$0,$-0,$-0,$-8,$-8,$0,$1,$-1,$0,$-9,$1,$0,$-1
19,2013-12-31,10.17,$6.44,1.58,$9.75,1.04,$1.33,7.67,$0.71,14.32,$0.08B,$0.04B,1.86,$0.01B,$0.09B,0.06,$0.13B,$0.04B,30.60%,$0.13B,$0.02B,11.94%,$0.13B,$0.02B,11.94%,$0.13B,$0.02B,14.93%,$0.13B,$0.02B,14.18%,$0.13B,$0.01B,8.21%,$0.01B,$0.09B,13.06%,$0.01B,$0.06B,17.89%,$0.01B,$0.14B,8.21%,$0.02B,$0.09B,17.98%,$32,$25,$7,$0,$3,$28,$3,$2,$5,$1,$4,$4,$3,$4,$3,$14,14,$0.23,$0.23,$3,$19,$17,$81,$11,$19,$24,$7,$61,$142,$44,$5,$0,$10,$54,$14,$69,$5,$88,$142,$10,$4,$2,$6,$-10,$3,$0,$-1,$-7,$9,$-2,$0,$-6,$0,$0,$0,$-1,$-9,$0,$2,$2,$1,$1,$-5,$1,$-0,$-0,$1,$-5
20,2013-09-30,7.38,$6.31,1.17,$7.86,0.94,$1.13,6.54,$0.78,9.46,$0.08B,$0.04B,1.86,$0.01B,$0.09B,0.06,$0.11B,$0.03B,30.56%,$0.11B,$0.03B,27.78%,$0.11B,$0.03B,27.78%,$0.11B,$0.02B,18.52%,$0.11B,$0.03B,30.56%,$0.11B,$0.01B,11.11%,$0.01B,$0.09B,14.59%,$0.01B,$0.06B,20.17%,$0.01B,$0.14B,9.23%,$0.03B,$0.09B,34.58%,$32,$22,$10,$0,$5,$28,$4,$1,$5,$1,$3,$3,$3,$5,$4,$14,14,$0.19,$0.18,$3,$30,$18,$82,$10,$18,$22,$7,$57,$139,$44,$5,$0,$9,$53,$14,$67,$5,$85,$139,$7,$3,$2,$5,$0,$0,$0,$0,$0,$5,$-2,$0,$0,$-2,$0,$-2,$1,$-3,$-2,$2,$-0,$0,$0,$-3,$1,$-2,$-1,$0,$-3
21,2013-06-30,5.25,$6.13,0.86,$8.08,0.65,$1.32,3.97,$-0.25,0.0,$0.07B,$0.04B,1.88,$0.00B,$0.08B,0.04,$0.11B,$0.03B,30.91%,$0.11B,$0.02B,14.55%,$0.11B,$0.02B,14.55%,$0.11B,$0.02B,17.27%,$0.11B,$0.02B,16.36%,$0.11B,$-0.00B,-2.73%,$-0.00B,$0.08B,-3.74%,$-0.00B,$0.06B,-5.29%,$-0.00B,$0.13B,-2.38%,$0.02B,$0.09B,18.99%,$38,$25,$13,$0,$6,$32,$6,$-0,$6,$2,$4,$4,$3,$7,$6,$13,14,$0.19,$0.19,$3,$27,$19,$74,$10,$16,$22,$7,$55,$129,$40,$3,$0,$7,$47,$13,$65,$4,$83,$129,$4,$2,$0,$2,$0,$0,$0,$0,$0,$5,$-1,$0,$0,$-1,$0,$-1,$0,$-2,$-2,$-0,$-2,$0,$0,$-2,$0,$-4,$-1,$0,$-2
22,2013-03-31,5.17,$6.03,0.86,$8.42,0.61,$1.29,4.0,$-0.36,0.0,$0.07B,$0.04B,1.9,$0.01B,$0.08B,0.06,$0.11B,$0.03B,28.95%,$0.11B,$0.01B,11.40%,$0.11B,$0.01B,11.40%,$0.11B,$0.02B,14.04%,$0.11B,$0.02B,13.16%,$0.11B,$-0.01B,-4.39%,$-0.01B,$0.08B,-6.13%,$-0.01B,$0.06B,-9.26%,$-0.01B,$0.13B,-3.96%,$0.01B,$0.09B,15.16%,$32,$21,$11,$0,$7,$29,$3,$-0,$3,$1,$2,$2,$2,$4,$3,$13,14,$0.12,$0.12,$4,$37,$0,$70,$14,$17,$24,$0,$56,$126,$37,$5,$0,$8,$45,$13,$64,$4,$81,$126,$2,$1,$0,$1,$0,$0,$0,$0,$0,$4,$-0,$0,$0,$-1,$0,$-1,$0,$-1,$-1,$-2,$-3,$0,$0,$-1,$0,$-4,$-1,$0,$-1
23,2012-12-31,4.31,$5.99,0.72,$8.36,0.52,$0.95,4.53,$-0.36,0.0,$0.07B,$0.04B,1.85,$0.00B,$0.08B,0.04,$0.11B,$0.03B,29.20%,$0.11B,$0.01B,11.50%,$0.11B,$0.01B,11.50%,$0.11B,$0.02B,14.16%,$0.11B,$0.02B,13.27%,$0.11B,$-0.01B,-4.42%,$-0.01B,$0.08B,-5.99%,$-0.01B,$0.06B,-9.57%,$-0.01B,$0.13B,-3.92%,$0.01B,$0.08B,14.81%,$6,$7,$-1,$0,$-5,$-11,$17,$2,$19,$-0,$20,$20,$4,$4,$17,$13,13,$0.29,$0.29,$4,$31,$0,$71,$12,$17,$25,$0,$55,$126,$38,$4,$0,$7,$45,$13,$63,$4,$80,$126,$-5,$3,$15,$18,$-6,$-3,$0,$-0,$-7,$6,$-2,$0,$-1,$0,$0,$0,$-0,$-3,$-2,$2,$1,$0,$0,$-5,$0,$-4,$-1,$1,$-5
24,2012-09-30,4.34,$5.76,0.75,$10.66,0.41,$0.90,4.85,$-0.49,0.0,$0.07B,$0.04B,1.78,$0.00B,$0.08B,0.05,$0.14B,$0.04B,30.56%,$0.14B,$-0.00B,-2.78%,$0.14B,$-0.00B,-2.78%,$0.14B,$0.02B,10.42%,$0.14B,$-0.00B,-1.39%,$0.14B,$-0.01B,-4.86%,$-0.01B,$0.08B,-8.19%,$-0.01B,$0.05B,-13.93%,$-0.01B,$0.12B,-5.45%,$-0.00B,$0.08B,-4.44%,$34,$23,$11,$0,$7,$45,$-10,$0,$-10,$2,$-12,$-12,$-12,$4,$-10,$13,14,$-0.86,$-0.86,$4,$38,$0,$72,$12,$16,$24,$0,$52,$124,$41,$4,$0,$6,$47,$13,$60,$4,$77,$124,$-9,$17,$1,$18,$0,$0,$0,$0,$0,$7,$-2,$0,$0,$-0,$0,$-0,$0,$-2,$-2,$-1,$-2,$0,$0,$-4,$0,$-6,$-1,$0,$-4
25,2012-06-30,4.53,$6.57,0.69,$10.28,0.44,$0.57,8.01,$0.33,13.74,$0.07B,$0.03B,1.91,$0.00B,$0.09B,0.05,$0.14B,$0.04B,29.50%,$0.14B,$0.01B,3.60%,$0.14B,$0.01B,3.60%,$0.14B,$0.01B,9.35%,$0.14B,$0.01B,5.76%,$0.14B,$0.01B,3.60%,$0.01B,$0.09B,5.68%,$0.01B,$0.05B,10.26%,$0.01B,$0.13B,3.81%,$0.01B,$0.09B,5.39%,$42,$30,$12,$0,$9,$39,$3,$0,$3,$2,$1,$1,$1,$4,$3,$13,13,$0.08,$0.08,$3,$35,$0,$65,$12,$14,$38,$0,$64,$129,$34,$4,$0,$7,$41,$13,$72,$2,$88,$129,$3,$2,$0,$3,$0,$0,$0,$0,$0,$5,$-1,$0,$0,$-0,$0,$-0,$0,$-2,$-1,$-2,$-3,$0,$0,$-3,$0,$-6,$-2,$0,$-3
26,2012-03-31,4.63,$6.89,0.67,$10.23,0.45,$0.23,20.14,$0.36,12.85,$0.07B,$0.03B,1.89,$0.01B,$0.09B,0.06,$0.14B,$0.04B,30.43%,$0.14B,$0.01B,3.62%,$0.14B,$0.01B,3.62%,$0.14B,$0.01B,9.42%,$0.14B,$0.01B,5.80%,$0.14B,$0.01B,3.62%,$0.01B,$0.09B,5.62%,$0.01B,$0.05B,10.20%,$0.01B,$0.13B,3.77%,$0.01B,$0.09B,5.31%,$31,$20,$11,$0,$7,$28,$3,$0,$3,$1,$2,$2,$2,$4,$3,$13,13,$0.12,$0.12,$3,$31,$0,$65,$12,$15,$39,$0,$66,$131,$34,$5,$0,$8,$42,$13,$72,$4,$89,$131,$2,$1,$0,$1,$0,$0,$0,$0,$0,$0,$-1,$0,$0,$0,$0,$0,$0,$-0,$0,$-1,$-1,$0,$0,$0,$0,$-1,$-1,$0,$0
27,2011-12-31,3.46,$6.80,0.51,$10.05,0.34,$0.03,136.26,$0.33,10.49,$0.06B,$0.04B,1.85,$0.01B,$0.09B,0.06,$0.14B,$0.04B,30.37%,$0.14B,$0.00B,2.96%,$0.14B,$0.00B,2.96%,$0.14B,$0.01B,8.89%,$0.14B,$0.01B,5.19%,$0.14B,$0.00B,2.96%,$0.00B,$0.09B,4.48%,$0.00B,$0.05B,8.21%,$0.00B,$0.13B,3.00%,$0.00B,$0.09B,4.21%,$37,$26,$10,$0,$10,$36,$0,$2,$2,$-0,$2,$2,$2,$3,$0,$13,13,$0.17,$0.16,$5,$29,$0,$64,$12,$14,$39,$0,$66,$130,$35,$5,$0,$8,$43,$13,$71,$3,$88,$130,$4,$9,$-2,$7,$-1,$-6,$0,$-0,$-9,$2,$1,$0,$0,$0,$0,$0,$1,$2,$-3,$4,$1,$0,$0,$-3,$0,$-1,$2,$1,$-3
28,2011-09-30,3.81,$6.75,0.57,$9.67,0.39,$0.31,12.16,$0.34,11.22,$0.07B,$0.04B,1.68,$0.01B,$0.09B,0.06,$0.13B,$0.04B,30.23%,$0.13B,$0.01B,3.88%,$0.13B,$0.01B,3.88%,$0.13B,$0.01B,8.53%,$0.13B,$0.01B,5.43%,$0.13B,$0.00B,3.10%,$0.00B,$0.09B,4.49%,$0.00B,$0.05B,8.29%,$0.00B,$0.14B,3.01%,$0.01B,$0.09B,5.24%,$29,$20,$8,$0,$9,$30,$-1,$1,$0,$0,$-0,$-0,$-0,$2,$-1,$13,13,$-0.03,$-0.03,$6,$36,$0,$68,$14,$13,$40,$0,$67,$135,$40,$6,$0,$8,$48,$13,$70,$4,$87,$135,$2,$6,$-0,$6,$0,$0,$0,$0,$0,$-1,$2,$0,$0,$0,$0,$0,$0,$2,$-2,$7,$5,$0,$0,$-3,$0,$2,$3,$0,$-3
29,2011-06-30,4.44,$7.19,0.62,$9.68,0.46,$0.54,8.21,$0.46,9.66,$0.06B,$0.04B,1.78,$0.01B,$0.09B,0.07,$0.13B,$0.04B,31.01%,$0.13B,$0.01B,6.20%,$0.13B,$0.01B,6.20%,$0.13B,$0.01B,9.30%,$0.13B,$0.01B,6.98%,$0.13B,$0.01B,3.88%,$0.01B,$0.09B,5.62%,$0.01B,$0.05B,10.47%,$0.01B,$0.14B,3.82%,$0.01B,$0.10B,8.31%,$41,$28,$13,$0,$10,$38,$3,$0,$3,$2,$1,$1,$1,$4,$3,$13,13,$0.12,$0.11,$3,$33,$0,$62,$20,$13,$41,$0,$74,$135,$35,$6,$0,$8,$43,$13,$73,$6,$92,$135,$3,$2,$0,$3,$0,$0,$0,$0,$0,$0,$-1,$0,$0,$0,$0,$0,$0,$-1,$-2,$3,$1,$0,$0,$0,$0,$1,$1,$0,$0
30,2011-03-31,4.08,$7.05,0.58,$9.30,0.44,$0.82,4.99,$0.49,8.33,$0.06B,$0.03B,1.76,$0.01B,$0.09B,0.08,$0.12B,$0.04B,31.45%,$0.12B,$0.01B,6.45%,$0.12B,$0.01B,6.45%,$0.12B,$0.01B,10.48%,$0.12B,$0.01B,7.26%,$0.12B,$0.01B,4.84%,$0.01B,$0.09B,6.92%,$0.01B,$0.05B,13.19%,$0.01B,$0.13B,4.68%,$0.01B,$0.10B,8.47%,$28,$18,$10,$0,$8,$26,$2,$-0,$2,$1,$1,$1,$1,$3,$2,$13,13,$0.09,$0.09,$3,$29,$0,$59,$20,$13,$42,$0,$74,$133,$34,$7,$0,$9,$43,$13,$72,$6,$90,$133,$1,$1,$0,$1,$0,$0,$0,$0,$0,$-3,$-0,$0,$0,$0,$0,$0,$0,$0,$-1,$4,$3,$0,$0,$0,$0,$3,$0,$0,$0
31,2010-12-31,4.69,$6.81,0.69,$9.12,0.51,$1.32,3.57,$0.46,10.2,$0.06B,$0.03B,1.78,$0.01B,$0.09B,0.09,$0.12B,$0.04B,31.40%,$0.12B,$0.01B,5.79%,$0.12B,$0.01B,5.79%,$0.12B,$0.01B,9.92%,$0.12B,$0.01B,6.61%,$0.12B,$0.01B,4.96%,$0.01B,$0.09B,7.06%,$0.01B,$0.05B,13.87%,$0.01B,$0.13B,4.77%,$0.01B,$0.10B,7.69%,$31,$24,$8,$0,$6,$30,$1,$1,$2,$0,$2,$2,$2,$2,$1,$13,13,$0.18,$0.17,$3,$23,$0,$55,$20,$12,$41,$0,$73,$128,$31,$8,$0,$10,$41,$13,$70,$4,$87,$128,$6,$4,$-0,$4,$-2,$-2,$0,$0,$-1,$9,$-2,$0,$0,$0,$0,$0,$-1,$-2,$-1,$-7,$-7,$-0,$0,$-1,$0,$-8,$-2,$0,$-1
32,2010-09-30,3.47,$6.82,0.51,$9.02,0.38,$2.08,1.67,$0.37,9.38,$0.06B,$0.03B,1.68,$0.01B,$0.09B,0.09,$0.12B,$0.04B,31.09%,$0.12B,$0.01B,5.88%,$0.12B,$0.01B,5.88%,$0.12B,$0.01B,10.08%,$0.12B,$0.01B,6.72%,$0.12B,$0.01B,4.20%,$0.01B,$0.09B,5.95%,$0.01B,$0.05B,12.05%,$0.01B,$0.13B,3.98%,$0.01B,$0.10B,7.95%,$29,$19,$9,$0,$6,$26,$2,$0,$2,$1,$1,$1,$1,$3,$2,$13,13,$0.09,$0.09,$4,$26,$0,$55,$20,$10,$42,$0,$72,$128,$33,$8,$0,$8,$40,$13,$69,$5,$87,$128,$4,$3,$0,$4,$0,$0,$0,$0,$0,$5,$-1,$0,$0,$-1,$0,$-1,$0,$-2,$-1,$-4,$-4,$-0,$0,$0,$0,$-4,$-1,$0,$0
33,2010-06-30,3.54,$6.56,0.54,$8.90,0.4,$2.56,1.39,$0.33,10.74,$0.05B,$0.03B,1.64,$0.01B,$0.08B,0.1,$0.12B,$0.04B,31.03%,$0.12B,$0.01B,5.17%,$0.12B,$0.01B,5.17%,$0.12B,$0.01B,9.48%,$0.12B,$0.01B,6.03%,$0.12B,$0.01B,4.31%,$0.01B,$0.08B,6.04%,$0.01B,$0.04B,12.50%,$0.01B,$0.12B,3.91%,$0.01B,$0.09B,7.08%,$36,$24,$12,$0,$8,$32,$3,$-0,$3,$1,$2,$2,$2,$5,$3,$13,13,$0.15,$0.14,$4,$26,$0,$53,$20,$9,$41,$0,$71,$124,$33,$8,$0,$8,$41,$13,$68,$3,$83,$124,$3,$2,$0,$2,$0,$0,$0,$0,$0,$4,$-1,$0,$0,$0,$0,$0,$-1,$-1,$0,$-3,$-3,$-0,$0,$0,$0,$-3,$-1,$0,$0
34,2010-03-31,1.91,$6.53,0.29,$8.98,0.21,$2.85,0.67,$0.22,8.66,$0.05B,$0.04B,1.25,$0.00B,$0.08B,0.0,$0.12B,$0.04B,30.17%,$0.12B,$0.00B,3.45%,$0.12B,$0.00B,3.45%,$0.12B,$0.01B,7.76%,$0.12B,$0.01B,4.31%,$0.12B,$0.00B,2.59%,$0.00B,$0.08B,3.66%,$0.00B,$0.04B,7.74%,$0.00B,$0.12B,2.27%,$0.00B,$0.08B,4.88%,$25,$17,$9,$0,$7,$24,$1,$-0,$1,$1,$1,$1,$1,$2,$1,$13,13,$0.06,$0.06,$4,$23,$0,$50,$21,$9,$42,$0,$73,$123,$40,$0,$0,$0,$40,$0,$66,$4,$83,$123,$1,$1,$0,$1,$0,$0,$0,$0,$0,$4,$-0,$0,$0,$0,$0,$0,$0,$-0,$0,$-4,$-4,$0,$0,$0,$0,$-4,$0,$0,$0
35,2009-12-31,1.79,$6.54,0.27,$9.02,0.2,$2.66,0.67,$0.13,13.77,$0.05B,$0.04B,1.22,$0.00B,$0.08B,0.0,$0.12B,$0.03B,29.31%,$0.12B,$0.00B,1.72%,$0.12B,$0.00B,1.72%,$0.12B,$0.01B,6.90%,$0.12B,$0.00B,2.59%,$0.12B,$0.00B,1.72%,$0.00B,$0.08B,2.47%,$0.00B,$0.04B,5.33%,$0.00B,$0.13B,1.45%,$0.00B,$0.08B,2.16%,$29,$22,$7,$0,$6,$28,$1,$1,$2,$0,$1,$1,$1,$2,$1,$13,13,$0.08,$0.08,$4,$21,$0,$53,$21,$9,$43,$0,$74,$127,$43,$0,$0,$1,$44,$13,$65,$5,$83,$127,$2,$6,$1,$7,$4,$9,$0,$-0,$10,$18,$-2,$0,$0,$-1,$2,$1,$0,$-1,$0,$-19,$-19,$0,$0,$0,$0,$-19,$-1,$1,$0
36,2009-09-30,1.82,$6.53,0.28,$9.36,0.19,$0.47,3.86,$-0.31,0.0,$0.07B,$0.06B,1.18,$0.00B,$0.08B,0.0,$0.12B,$0.03B,27.50%,$0.12B,$-0.01B,-4.17%,$0.12B,$-0.01B,-4.17%,$0.12B,$0.00B,0.83%,$0.12B,$-0.01B,-5.00%,$0.12B,$-0.00B,-3.33%,$-0.00B,$0.08B,-5.00%,$-0.00B,$0.04B,-11.03%,$-0.00B,$0.14B,-2.80%,$-0.01B,$0.08B,-5.46%,$26,$19,$8,$0,$7,$26,$1,$0,$1,$0,$1,$1,$1,$2,$1,$13,13,$0.05,$0.05,$6,$27,$3,$65,$19,$9,$44,$1,$74,$138,$55,$0,$1,$1,$56,$13,$64,$6,$82,$138,$1,$5,$-0,$5,$0,$0,$0,$0,$0,$11,$-1,$0,$0,$0,$2,$2,$0,$0,$0,$-10,$-10,$0,$0,$0,$0,$-10,$2,$0,$0
37,2009-06-30,0.61,$6.37,0.1,$10.56,0.06,$-1.52,0.0,$-0.47,0.0,$0.07B,$0.06B,1.13,$0.00B,$0.08B,0.0,$0.14B,$0.03B,25.19%,$0.14B,$-0.01B,-4.44%,$0.14B,$-0.01B,-4.44%,$0.14B,$0.00B,0.74%,$0.14B,$-0.01B,-5.93%,$0.14B,$-0.01B,-4.44%,$-0.01B,$0.08B,-7.48%,$-0.01B,$0.04B,-16.55%,$-0.01B,$0.14B,-4.03%,$-0.01B,$0.08B,-6.49%,$36,$25,$11,$0,$9,$34,$1,$-1,$1,$0,$0,$0,$0,$3,$1,$13,13,$0.03,$0.03,$4,$28,$3,$66,$19,$9,$44,$1,$74,$140,$58,$0,$1,$1,$59,$13,$63,$5,$80,$140,$-0,$3,$1,$4,$0,$0,$0,$0,$0,$8,$-1,$0,$0,$0,$0,$0,$0,$-1,$0,$-6,$-6,$0,$0,$0,$0,$-6,$1,$0,$0
38,2009-03-31,0.46,$6.24,0.07,$11.40,0.04,$-3.38,0.0,$-0.56,0.0,$0.07B,$0.02B,3.64,$0.05B,$0.08B,0.59,$0.15B,$0.04B,24.83%,$0.15B,$-0.01B,-5.52%,$0.15B,$-0.01B,-5.52%,$0.15B,$-0.00B,-1.38%,$0.15B,$-0.01B,-6.90%,$0.15B,$-0.01B,-4.83%,$-0.01B,$0.08B,-8.51%,$-0.01B,$0.04B,-18.79%,$-0.01B,$0.15B,-4.49%,$-0.01B,$0.13B,-8.40%,$25,$17,$8,$0,$8,$26,$-1,$-0,$-1,$-0,$-0,$-0,$-0,$1,$-1,$13,13,$-0.03,$-0.03,$5,$31,$3,$70,$20,$9,$44,$1,$75,$146,$19,$46,$1,$47,$67,$13,$63,$3,$79,$146,$-0,$1,$0,$1,$0,$0,$0,$0,$0,$2,$-1,$0,$0,$0,$0,$0,$0,$-1,$0,$-0,$-0,$0,$0,$0,$0,$-0,$1,$0,$0
39,2008-12-31,0.54,$6.24,0.09,$11.74,0.05,$-3.84,0.0,$-0.60,0.0,$0.07B,$0.07B,1.07,$0.00B,$0.08B,0.0,$0.15B,$0.04B,24.16%,$0.15B,$-0.01B,-5.37%,$0.15B,$-0.01B,-5.37%,$0.15B,$-0.00B,-2.01%,$0.15B,$-0.01B,-6.71%,$0.15B,$-0.01B,-5.37%,$-0.01B,$0.08B,-9.44%,$-0.01B,$0.03B,-20.51%,$-0.01B,$0.15B,-5.06%,$-0.01B,$0.08B,-8.56%,$33,$27,$6,$0,$10,$39,$-6,$-1,$-7,$-2,$-5,$-5,$-5,$-5,$-6,$13,13,$-0.35,$-0.35,$4,$30,$3,$73,$20,$8,$45,$1,$75,$148,$68,$0,$1,$1,$69,$13,$63,$3,$79,$148,$-7,$6,$3,$8,$4,$3,$0,$2,$-3,$-2,$-9,$0,$-0,$0,$2,$2,$0,$-8,$-19,$33,$14,$-1,$-1,$-3,$0,$11,$1,$1,$-3
40,2008-09-30,2.17,$6.62,0.33,$12.31,0.18,$-2.00,0.0,$-0.04,0.0,$0.08B,$0.07B,1.11,$0.00B,$0.08B,0.03,$0.16B,$0.04B,26.11%,$0.16B,0,0.00%,$0.16B,0,0.00%,$0.16B,$0.01B,3.18%,$0.16B,0,0.00%,$0.16B,0,0.00%,$0.00B,$0.08B,0.00%,$0.00B,$0.04B,0.00%,$0.00B,$0.16B,0.00%,$0.00B,$0.09B,0.00%,$41,$32,$9,$0,$9,$41,$0,$-1,$-1,$1,$-1,$-1,$-1,$2,$0,$13,13,$-0.11,$-0.11,$3,$36,$0,$81,$24,$10,$45,$1,$81,$162,$73,$3,$2,$6,$78,$13,$67,$4,$83,$162,$-3,$4,$1,$5,$0,$0,$0,$0,$0,$-9,$-7,$-1,$0,$0,$0,$0,$0,$-7,$0,$20,$20,$-1,$-1,$-3,$0,$16,$1,$1,$-3
41,2008-06-30,3.9,$6.96,0.56,$13.79,0.28,$-1.23,0.0,$0.31,12.6,$0.08B,$0.08B,1.11,$0.00B,$0.09B,0.03,$0.18B,$0.05B,27.12%,$0.18B,$0.01B,3.39%,$0.18B,$0.01B,3.39%,$0.18B,$0.01B,5.65%,$0.18B,$0.01B,3.95%,$0.18B,$0.00B,2.26%,$0.00B,$0.09B,4.48%,$0.00B,$0.04B,9.41%,$0.00B,$0.17B,2.45%,$0.01B,$0.09B,5.50%,$46,$33,$13,$0,$13,$47,$-1,$-1,$-1,$-1,$-1,$-1,$-1,$0,$-1,$13,13,$-0.06,$-0.06,$4,$39,$0,$83,$24,$12,$47,$1,$84,$168,$75,$3,$1,$5,$80,$13,$68,$7,$88,$168,$-2,$2,$0,$3,$0,$0,$0,$0,$0,$-13,$-4,$-0,$0,$0,$0,$0,$0,$-5,$0,$23,$23,$-1,$-1,$-3,$0,$19,$2,$0,$-3
42,2008-03-31,6.49,$6.99,0.93,$14.06,0.46,$-0.33,0.0,$0.56,11.59,$0.07B,$0.04B,2.04,$0.03B,$0.09B,0.33,$0.18B,$0.05B,28.57%,$0.18B,$0.01B,6.04%,$0.18B,$0.01B,6.04%,$0.18B,$0.02B,8.79%,$0.18B,$0.01B,6.59%,$0.18B,$0.01B,3.85%,$0.01B,$0.09B,7.87%,$0.01B,$0.04B,16.57%,$0.01B,$0.16B,4.35%,$0.01B,$0.12B,9.48%,$29,$21,$8,$0,$9,$30,$-1,$-0,$-1,$-1,$-1,$-1,$-1,$0,$-1,$13,13,$-0.07,$-0.07,$4,$38,$0,$72,$22,$12,$47,$2,$83,$155,$35,$29,$1,$31,$66,$13,$69,$7,$89,$155,$-1,$1,$0,$1,$0,$0,$0,$0,$0,$-3,$-2,$0,$0,$0,$0,$0,$0,$-2,$0,$9,$9,$-0,$0,$-3,$0,$6,$1,$0,$-3
43,2007-12-31,6.41,$7.24,0.89,$14.33,0.45,$-0.30,0.0,$0.71,9.03,$0.07B,$0.04B,1.8,$0.02B,$0.09B,0.21,$0.19B,$0.06B,29.57%,$0.19B,$0.01B,7.53%,$0.19B,$0.01B,7.53%,$0.19B,$0.02B,10.22%,$0.19B,$0.01B,7.53%,$0.19B,$0.01B,4.84%,$0.01B,$0.09B,10.26%,$0.01B,$0.05B,22.09%,$0.01B,$0.15B,5.63%,$0.01B,$0.11B,12.15%,$41,$30,$11,$0,$8,$39,$2,$2,$3,$1,$3,$3,$3,$3,$2,$13,13,$0.21,$0.21,$3,$33,$0,$71,$20,$12,$47,$2,$81,$152,$39,$19,$1,$21,$60,$13,$73,$6,$92,$152,$9,$6,$1,$7,$4,$1,$0,$-2,$-2,$14,$-2,$0,$-4,$0,$0,$0,$0,$-6,$0,$-1,$-1,$-3,$-3,$-3,$0,$-7,$-1,$1,$-3
44,2007-09-30,6.95,$6.94,1.0,$14.54,0.48,$0.09,73.96,$0.71,9.78,$0.10B,$0.06B,1.64,$0.03B,$0.09B,0.32,$0.19B,$0.06B,29.10%,$0.19B,$0.01B,6.88%,$0.19B,$0.01B,6.88%,$0.19B,$0.02B,9.52%,$0.19B,$0.01B,7.41%,$0.19B,$0.01B,4.76%,$0.01B,$0.09B,10.43%,$0.01B,$0.04B,22.78%,$0.01B,$0.18B,5.63%,$0.01B,$0.12B,11.35%,$61,$45,$16,$0,$9,$55,$6,$0,$6,$3,$3,$3,$3,$7,$6,$13,13,$0.24,$0.24,$10,$39,$0,$99,$20,$10,$46,$1,$78,$177,$60,$28,$1,$29,$89,$13,$71,$5,$88,$177,$7,$4,$0,$4,$0,$0,$0,$0,$0,$-5,$-1,$-4,$0,$0,$0,$0,$0,$-5,$0,$22,$22,$-3,$-3,$-3,$0,$16,$6,$0,$-3
45,2007-06-30,6.56,$6.70,0.98,$14.86,0.44,$0.19,34.41,$0.70,9.37,$0.08B,$0.04B,2.08,$0.03B,$0.09B,0.37,$0.19B,$0.06B,28.87%,$0.19B,$0.01B,6.70%,$0.19B,$0.01B,6.70%,$0.19B,$0.02B,9.79%,$0.19B,$0.01B,6.70%,$0.19B,$0.01B,4.64%,$0.01B,$0.09B,10.62%,$0.01B,$0.04B,23.68%,$0.01B,$0.16B,5.69%,$0.01B,$0.12B,11.50%,$51,$33,$17,$0,$12,$47,$4,$-0,$4,$1,$2,$2,$2,$6,$4,$13,13,$0.19,$0.19,$2,$41,$0,$81,$21,$11,$47,$0,$79,$159,$39,$32,$1,$33,$72,$13,$69,$5,$87,$159,$4,$3,$0,$3,$0,$0,$0,$0,$0,$-5,$-1,$-4,$0,$0,$0,$0,$0,$-4,$0,$11,$11,$-1,$-1,$-3,$0,$8,$-2,$0,$-3
46,2007-03-31,6.58,$6.42,1.02,$14.71,0.45,$0.46,14.45,$0.59,11.15,$0.07B,$0.04B,2.07,$0.03B,$0.08B,0.38,$0.19B,$0.05B,28.13%,$0.19B,$0.01B,6.25%,$0.19B,$0.01B,6.25%,$0.19B,$0.02B,9.38%,$0.19B,$0.01B,5.73%,$0.19B,$0.01B,4.17%,$0.01B,$0.08B,9.70%,$0.01B,$0.04B,22.22%,$0.01B,$0.15B,5.06%,$0.01B,$0.12B,10.81%,$33,$22,$11,$0,$9,$32,$2,$-0,$1,$0,$1,$1,$1,$3,$2,$13,13,$0.08,$0.08,$0,$36,$0,$73,$21,$10,$48,$0,$79,$152,$35,$32,$1,$33,$68,$13,$67,$4,$84,$152,$1,$1,$0,$1,$0,$0,$0,$0,$0,$-4,$-0,$-4,$0,$0,$-1,$-1,$0,$-5,$0,$9,$9,$-0,$-0,$-3,$0,$5,$-4,$0,$-3
47,2006-12-31,7.36,$6.57,1.12,$14.66,0.5,$0.87,8.42,$0.61,12.07,$0.07B,$0.04B,1.8,$0.02B,$0.09B,0.26,$0.19B,$0.05B,28.13%,$0.19B,$0.01B,6.25%,$0.19B,$0.01B,6.25%,$0.19B,$0.02B,9.38%,$0.19B,$0.01B,6.25%,$0.19B,$0.01B,4.69%,$0.01B,$0.09B,11.18%,$0.01B,$0.04B,23.08%,$0.01B,$0.15B,5.91%,$0.01B,$0.11B,11.14%,$44,$33,$11,$0,$8,$44,$1,$2,$3,$0,$3,$3,$3,$2,$1,$13,13,$0.20,$0.20,$4,$32,$0,$74,$21,$9,$46,$1,$76,$151,$41,$23,$1,$24,$65,$13,$69,$3,$86,$151,$8,$6,$1,$6,$2,$6,$0,$-1,$5,$20,$-3,$0,$-29,$0,$1,$1,$1,$-30,$0,$13,$13,$-0,$-0,$-3,$0,$10,$1,$0,$-3
