,Date,Stock Price,Book Value per Share,Price to Book Ratio,TTM Sales per Share,Price to Sales Ratio,TTM FCF per Share,Price to FCF Ratio,TTM Net EPS,PE Ratio,Current Assets,Current Liabilities,Current Ratio,Long Term Debt,Shareholder's Equity_x,Debt to Equity Ratio,TTM Revenue_x,TTM Gross Profit,Gross Margin,TTM Revenue_y,TTM Operating Income,Operating Margin,TTM Revenue_x,TTM EBIT,EBIT Margin,TTM Revenue_y,TTM EBITDA,EBITDA Margin,TTM Revenue_x,TTM Pre-Tax Income,Pre-Tax Margin,TTM Revenue_y,TTM Net Income_x,Net Margin,TTM Net Income_y,Shareholder's Equity_y,Return on Equity,TTM Net Income_x,Tangible Equity,Return on Tangible Equity,TTM Net Income_y,Total Assets,Return on Assets,TTM Net Income,LT Investments & Debt,Return on Investment,revenue,cost-goods-sold,gross-profit,research-development-expenses,selling-general-administrative-expenses,operating-expenses,operating-income,total-non-operating-income-expense,pre-tax-income,total-provision-income-taxes,income-after-taxes,income-from-continuous-operations,net-income,ebitda,ebit,basic-shares-outstanding,shares-outstanding,eps-basic-net-earnings-per-share,eps-earnings-per-share-diluted,cash-on-hand,inventory,other-current-assets,total-current-assets,net-property-plant-equipment,long-term-investments,goodwill-intangible-assets-total,other-long-term-assets,total-long-term-assets,total-assets,total-current-liabilities,long-term-debt,other-non-current-liabilities,total-long-term-liabilities,total-liabilities,common-stock-net,retained-earnings-accumulated-deficit,comprehensive-income,total-share-holder-equity,total-liabilities-share-holders-equity,net-income-loss,total-depreciation-amortization-cash-flow,other-non-cash-items,total-non-cash-items,change-in-accounts-receivable,change-in-inventories,change-in-accounts-payable,change-in-assets-liabilities,total-change-in-assets-liabilities,cash-flow-from-operating-activities,net-change-in-property-plant-equipment,net-change-in-intangible-assets,net-acquisitions-divestitures,net-change-in-short-term-investments,net-change-in-long-term-investments,net-change-in-investments-total,investing-activities-other,cash-flow-from-investing-activities,net-long-term-debt,net-current-debt,debt-issuance-retirement-net-total,net-common-equity-issued-repurchased,net-total-equity-issued-repurchased,total-common-preferred-stock-dividends-paid,financial-activities-other,cash-flow-from-financial-activities,net-cash-flow,stock-based-compensation,common-stock-dividends-paid
0,2018-06-30,57.62,$28.07,2.05,$28.72,2.01,$3.53,16.31,$3.18,18.12,$0.41B,$0.20B,2.05,$0.24B,$0.73B,0.33,$0.75B,$0.27B,36.14%,$0.75B,$0.09B,11.78%,$0.75B,$0.09B,11.78%,$0.75B,$0.13B,16.73%,$0.75B,$0.08B,10.71%,$0.75B,$0.08B,11.11%,$0.08B,$0.73B,11.75%,$0.08B,$0.00B,-377.27%,$0.08B,$1.28B,6.58%,$0.09B,$0.97B,9.24%,$231,$143,$88,$0,$40,$188,$43,$-5,$38,$10,$28,$28,$28,$34,$43,$0,26,$0.00,$1.09,$43,$146,$57,$410,$135,$0,$727,$7,$869,$1279,$200,$242,$24,$352,$552,$0,$574,$-30,$727,$1279,$64,$28,$-29,$-0,$0,$0,$0,$-9,$-9,$54,$-23,$0,$-11,$0,$0,$0,$0,$-34,$-13,$0,$-13,$0,$0,$-6,$-3,$-22,$-2,$4,$-6
1,2018-03-31,58.39,$27.84,2.1,$27.92,2.09,$2.54,22.99,$2.94,19.86,$0.39B,$0.19B,2.11,$0.25B,$0.72B,0.34,$0.73B,$0.26B,36.23%,$0.73B,$0.08B,11.43%,$0.73B,$0.08B,11.43%,$0.73B,$0.12B,16.39%,$0.73B,$0.07B,10.19%,$0.73B,$0.08B,10.61%,$0.08B,$0.72B,11.22%,$0.08B,$-0.01B,-223.19%,$0.08B,$1.27B,6.19%,$0.08B,$0.97B,8.90%,$192,$123,$69,$0,$40,$167,$25,$-2,$23,$4,$19,$19,$19,$27,$25,$26,26,$0.73,$0.73,$43,$137,$59,$392,$135,$0,$732,$7,$874,$1265,$186,$245,$25,$360,$546,$0,$557,$-23,$720,$1265,$45,$19,$-24,$-6,$0,$0,$0,$-6,$-6,$33,$-15,$0,$-11,$0,$0,$0,$0,$-26,$-10,$0,$-10,$0,$0,$-4,$1,$-14,$-3,$3,$-4
2,2017-12-31,60.0,$27.37,2.19,$27.41,2.19,$2.50,23.97,$2.99,20.07,$0.37B,$0.18B,2.1,$0.24B,$0.71B,0.34,$0.71B,$0.26B,36.10%,$0.71B,$0.08B,11.66%,$0.71B,$0.08B,11.66%,$0.71B,$0.12B,16.43%,$0.71B,$0.08B,10.81%,$0.71B,$0.08B,10.96%,$0.08B,$0.71B,11.74%,$0.08B,$-0.02B,-278.57%,$0.08B,$1.24B,6.51%,$0.08B,$0.95B,9.36%,$175,$112,$62,$0,$41,$158,$17,$-4,$14,$4,$10,$10,$10,$24,$17,$26,26,$0.39,$0.38,$42,$131,$52,$373,$133,$0,$726,$6,$865,$1238,$178,$240,$25,$353,$531,$0,$549,$-26,$707,$1238,$35,$9,$-28,$-18,$0,$0,$0,$1,$1,$18,$-6,$0,$-0,$0,$0,$0,$0,$-6,$-15,$0,$-15,$0,$0,$-2,$0,$-17,$-4,$1,$-2
3,2017-09-30,59.63,$26.01,2.29,$26.40,2.26,$2.32,25.69,$2.07,28.8,$0.39B,$0.20B,2.02,$0.26B,$0.67B,0.38,$0.69B,$0.25B,36.20%,$0.69B,$0.08B,12.26%,$0.69B,$0.08B,12.26%,$0.69B,$0.12B,16.93%,$0.69B,$0.08B,11.68%,$0.69B,$0.05B,7.88%,$0.05B,$0.67B,8.40%,$0.05B,$-0.06B,-234.78%,$0.05B,$1.26B,4.67%,$0.08B,$0.93B,9.93%,$173,$112,$62,$0,$42,$158,$15,$-2,$13,$-22,$35,$35,$35,$40,$15,$26,26,$1.34,$1.33,$46,$125,$62,$393,$133,$0,$729,$6,$868,$1260,$195,$255,$22,$394,$589,$0,$517,$-27,$672,$1260,$54,$32,$4,$36,$-24,$4,$9,$-13,$-18,$67,$-38,$0,$-199,$0,$0,$0,$2,$-234,$165,$0,$165,$0,$0,$-8,$0,$157,$-8,$5,$-8
4,2017-06-30,59.33,$24.95,2.38,$24.57,2.41,$3.15,18.82,$1.98,29.96,$0.38B,$0.18B,2.17,$0.25B,$0.65B,0.38,$0.64B,$0.23B,36.68%,$0.64B,$0.08B,12.38%,$0.64B,$0.08B,12.38%,$0.64B,$0.11B,16.93%,$0.64B,$0.07B,11.60%,$0.64B,$0.05B,8.15%,$0.05B,$0.65B,8.27%,$0.05B,$-0.05B,832.00%,$0.05B,$1.21B,4.79%,$0.08B,$0.89B,10.00%,$207,$130,$77,$0,$41,$176,$31,$-1,$30,$11,$19,$19,$19,$28,$31,$26,26,$0.74,$0.74,$49,$131,$66,$381,$130,$0,$695,$6,$831,$1211,$176,$245,$23,$391,$567,$0,$500,$-36,$645,$1211,$35,$23,$1,$24,$0,$0,$0,$-20,$-20,$33,$-28,$0,$-162,$0,$0,$0,$2,$-188,$155,$0,$155,$0,$0,$-6,$-0,$149,$-5,$4,$-6
5,2017-03-31,57.71,$24.63,2.34,$23.45,2.46,$3.69,15.64,$1.93,29.9,$0.34B,$0.16B,2.12,$0.15B,$0.63B,0.24,$0.61B,$0.23B,37.23%,$0.61B,$0.08B,12.85%,$0.61B,$0.08B,12.85%,$0.61B,$0.11B,17.30%,$0.61B,$0.08B,12.36%,$0.61B,$0.05B,8.40%,$0.05B,$0.63B,8.25%,$0.05B,$0.01B,120.00%,$0.05B,$1.09B,5.02%,$0.08B,$0.78B,10.62%,$171,$109,$62,$0,$38,$151,$20,$-2,$17,$5,$13,$13,$13,$25,$20,$26,26,$0.49,$0.49,$54,$118,$53,$344,$117,$0,$619,$5,$742,$1085,$162,$150,$15,$289,$451,$0,$489,$-41,$634,$1085,$22,$15,$1,$16,$0,$0,$0,$-1,$-1,$37,$-19,$0,$-75,$0,$0,$0,$2,$-92,$60,$0,$60,$0,$0,$-4,$-0,$56,$-0,$3,$-4
6,2016-12-31,56.19,$24.13,2.33,$22.58,2.49,$3.01,18.68,$1.83,30.71,$0.33B,$0.15B,2.23,$0.16B,$0.62B,0.26,$0.59B,$0.22B,37.78%,$0.59B,$0.08B,12.99%,$0.59B,$0.08B,12.99%,$0.59B,$0.10B,17.26%,$0.59B,$0.07B,12.31%,$0.59B,$0.05B,8.38%,$0.05B,$0.62B,8.04%,$0.05B,$0.00B,80.66%,$0.05B,$1.07B,5.02%,$0.08B,$0.78B,10.74%,$161,$105,$56,$0,$35,$144,$17,$-0,$17,$6,$11,$11,$11,$23,$17,$26,26,$0.43,$0.43,$52,$117,$37,$333,$112,$0,$620,$5,$737,$1069,$149,$160,$15,$299,$449,$0,$480,$-44,$621,$1069,$11,$7,$0,$7,$0,$0,$0,$-2,$-2,$16,$-8,$0,$-75,$0,$0,$0,$0,$-83,$70,$0,$70,$0,$0,$-2,$-0,$68,$-2,$1,$-2
7,2016-09-30,45.98,$23.92,1.92,$22.05,2.09,$2.61,17.64,$1.76,26.12,$0.32B,$0.16B,2.05,$0.09B,$0.62B,0.15,$0.57B,$0.22B,38.64%,$0.57B,$0.08B,13.46%,$0.57B,$0.08B,13.46%,$0.57B,$0.10B,17.48%,$0.57B,$0.07B,12.06%,$0.57B,$0.05B,8.22%,$0.05B,$0.62B,7.81%,$0.05B,$0.06B,54.65%,$0.05B,$0.98B,5.06%,$0.08B,$0.71B,11.45%,$146,$93,$53,$0,$34,$130,$16,$0,$16,$5,$11,$11,$11,$32,$16,$26,26,$0.42,$0.41,$54,$106,$43,$323,$92,$0,$555,$7,$655,$978,$158,$90,$6,$205,$363,$0,$471,$-39,$615,$978,$46,$24,$2,$25,$-9,$1,$-2,$8,$2,$74,$-23,$0,$-82,$0,$0,$0,$0,$-105,$60,$0,$60,$-4,$-4,$-8,$-1,$46,$14,$5,$-8
8,2016-06-30,39.49,$23.50,1.68,$21.76,1.82,$2.40,16.49,$1.11,35.58,$0.32B,$0.14B,2.24,$0.07B,$0.60B,0.11,$0.57B,$0.21B,37.46%,$0.57B,$0.07B,12.72%,$0.57B,$0.07B,12.72%,$0.57B,$0.09B,16.61%,$0.57B,$0.07B,11.48%,$0.57B,$0.04B,7.60%,$0.04B,$0.60B,7.24%,$0.04B,$0.10B,44.56%,$0.04B,$0.93B,4.78%,$0.07B,$0.67B,11.08%,$160,$96,$63,$0,$34,$133,$26,$-2,$24,$7,$17,$17,$17,$25,$26,$26,26,$0.66,$0.66,$41,$106,$44,$322,$89,$0,$510,$8,$606,$928,$144,$65,$5,$180,$324,$0,$456,$-34,$604,$928,$29,$17,$5,$22,$0,$0,$0,$-18,$-18,$33,$-14,$0,$-41,$0,$0,$0,$0,$-55,$36,$0,$36,$-4,$-4,$-6,$-1,$25,$1,$4,$-6
9,2016-03-31,38.47,$23.21,1.66,$21.43,1.79,$2.28,16.84,$1.12,34.34,$0.32B,$0.14B,2.31,$0.08B,$0.60B,0.13,$0.56B,$0.21B,37.32%,$0.56B,$0.07B,12.32%,$0.56B,$0.07B,12.32%,$0.56B,$0.09B,16.07%,$0.56B,$0.06B,11.25%,$0.56B,$0.04B,7.68%,$0.04B,$0.60B,7.28%,$0.04B,$0.09B,42.89%,$0.04B,$0.93B,4.86%,$0.07B,$0.68B,10.75%,$140,$87,$54,$0,$31,$121,$19,$-2,$18,$6,$12,$12,$12,$21,$19,$26,26,$0.45,$0.44,$39,$103,$39,$321,$90,$0,$510,$8,$608,$929,$139,$78,$5,$192,$331,$0,$447,$-32,$597,$929,$17,$11,$4,$16,$0,$0,$0,$-25,$-25,$9,$-9,$0,$-41,$0,$0,$0,$0,$-50,$49,$0,$49,$-3,$-3,$-4,$-1,$41,$-1,$3,$-4
10,2015-12-31,35.59,$22.89,1.55,$21.00,1.69,$2.49,14.3,$1.11,32.06,$0.30B,$0.13B,2.34,$0.05B,$0.59B,0.09,$0.55B,$0.21B,37.45%,$0.55B,$0.07B,12.18%,$0.55B,$0.07B,12.18%,$0.55B,$0.09B,15.64%,$0.55B,$0.06B,11.27%,$0.55B,$0.04B,7.64%,$0.04B,$0.59B,7.15%,$0.04B,$0.10B,40.58%,$0.04B,$0.88B,4.84%,$0.07B,$0.64B,10.61%,$139,$88,$51,$0,$33,$124,$15,$-2,$14,$5,$9,$9,$9,$22,$15,$26,26,$0.33,$0.33,$40,$104,$40,$301,$81,$0,$489,$8,$578,$878,$129,$50,$2,$159,$287,$0,$440,$-34,$591,$878,$9,$5,$3,$8,$0,$0,$0,$-16,$-16,$1,$-4,$0,$-12,$0,$0,$0,$0,$-17,$20,$0,$20,$0,$0,$-2,$-1,$17,$0,$1,$-2
11,2015-09-30,35.28,$22.63,1.56,$20.47,1.72,$2.38,14.84,$1.18,29.9,$0.30B,$0.14B,2.08,$0.03B,$0.58B,0.05,$0.54B,$0.20B,37.55%,$0.54B,$0.06B,11.90%,$0.54B,$0.06B,11.90%,$0.54B,$0.08B,15.24%,$0.54B,$0.06B,11.71%,$0.54B,$0.04B,7.99%,$0.04B,$0.58B,7.35%,$0.04B,$0.10B,40.09%,$0.04B,$0.86B,5.02%,$0.06B,$0.61B,10.21%,$133,$80,$53,$0,$33,$116,$17,$-4,$13,$4,$9,$9,$9,$26,$17,$26,26,$0.34,$0.34,$39,$100,$41,$298,$77,$0,$482,$7,$566,$864,$143,$30,$2,$137,$280,$0,$434,$-33,$584,$864,$43,$19,$6,$24,$4,$-5,$-2,$10,$-1,$66,$-19,$0,$-21,$0,$0,$0,$0,$-40,$10,$0,$10,$-18,$-18,$-8,$-0,$-17,$4,$5,$-8
12,2015-06-30,36.68,$22.69,1.62,$20.30,1.81,$1.44,25.47,$1.61,22.78,$0.30B,$0.13B,2.28,$0.05B,$0.59B,0.08,$0.54B,$0.21B,38.69%,$0.54B,$0.06B,11.96%,$0.54B,$0.06B,11.96%,$0.54B,$0.08B,15.33%,$0.54B,$0.06B,11.78%,$0.54B,$0.04B,7.66%,$0.04B,$0.59B,7.02%,$0.04B,$0.11B,37.02%,$0.04B,$0.87B,4.81%,$0.06B,$0.64B,10.26%,$154,$99,$54,$0,$31,$133,$21,$-1,$20,$7,$13,$13,$13,$21,$21,$26,26,$0.49,$0.50,$37,$110,$38,$302,$78,$0,$482,$6,$566,$868,$132,$45,$2,$143,$276,$0,$424,$-24,$592,$868,$30,$14,$7,$20,$0,$0,$0,$-17,$-17,$32,$-15,$0,$-21,$0,$0,$0,$0,$-35,$25,$0,$25,$-10,$-10,$-6,$0,$9,$2,$4,$-6
13,2015-03-31,38.14,$22.37,1.71,$20.06,1.9,$1.05,36.25,$1.59,23.99,$0.29B,$0.13B,2.28,$0.05B,$0.58B,0.09,$0.53B,$0.21B,38.98%,$0.53B,$0.06B,12.05%,$0.53B,$0.06B,12.05%,$0.53B,$0.08B,15.25%,$0.53B,$0.06B,11.68%,$0.53B,$0.04B,7.72%,$0.04B,$0.58B,7.05%,$0.04B,$0.10B,36.44%,$0.04B,$0.86B,4.86%,$0.06B,$0.64B,10.38%,$134,$83,$51,$0,$33,$118,$16,$-1,$16,$5,$11,$11,$12,$17,$16,$26,26,$0.46,$0.45,$35,$108,$35,$292,$78,$0,$482,$9,$569,$861,$128,$53,$2,$151,$279,$0,$414,$-25,$582,$861,$18,$9,$2,$11,$0,$0,$0,$-13,$-13,$16,$-11,$0,$-21,$0,$0,$0,$0,$-31,$33,$0,$33,$-10,$-10,$-4,$-0,$19,$-0,$3,$-4
14,2014-12-31,36.03,$22.28,1.62,$19.81,1.82,$1.04,34.61,$0.01,0.0,$0.28B,$0.11B,2.49,$0.04B,$0.58B,0.07,$0.53B,$0.21B,39.09%,$0.53B,$0.07B,12.33%,$0.53B,$0.07B,12.33%,$0.53B,$0.08B,15.56%,$0.53B,$0.06B,11.76%,$0.53B,$-0.00B,-0.19%,$-0.00B,$0.58B,-0.17%,$-0.00B,$0.12B,-0.87%,$-0.00B,$0.83B,-0.12%,$0.07B,$0.62B,10.80%,$129,$81,$48,$0,$33,$116,$13,$0,$13,$5,$8,$8,$8,$18,$13,$26,26,$0.30,$0.29,$39,$101,$37,$284,$76,$0,$465,$9,$550,$834,$114,$40,$2,$138,$252,$0,$408,$-22,$582,$834,$10,$4,$1,$6,$0,$0,$0,$-17,$-17,$-1,$-5,$0,$0,$0,$0,$0,$0,$-5,$20,$0,$20,$-6,$-6,$-2,$-0,$11,$3,$1,$-2
15,2014-09-30,33.89,$22.14,1.53,$19.89,1.7,$0.87,38.76,$0.02,1694.26,$0.30B,$0.15B,2.01,$0.02B,$0.58B,0.03,$0.53B,$0.21B,39.06%,$0.53B,$0.07B,12.45%,$0.53B,$0.07B,12.45%,$0.53B,$0.08B,15.66%,$0.53B,$0.06B,11.70%,$0.53B,$-0.00B,0.00%,$-0.00B,$0.58B,0.00%,$-0.00B,$0.12B,0.00%,$-0.00B,$0.85B,0.00%,$0.07B,$0.60B,10.46%,$121,$72,$49,$0,$34,$107,$14,$0,$14,$4,$10,$10,$10,$26,$14,$26,26,$0.38,$0.38,$35,$94,$41,$296,$76,$0,$464,$9,$550,$846,$147,$20,$2,$119,$266,$0,$399,$-19,$580,$846,$0,$16,$40,$57,$-13,$-4,$2,$-3,$-11,$43,$-21,$0,$0,$0,$0,$0,$124,$102,$-132,$0,$-132,$-12,$-12,$-8,$-0,$-152,$-8,$5,$-8
16,2014-06-30,33.59,$22.01,1.53,$19.61,1.71,$0.97,34.52,$0.11,305.4,$0.29B,$0.13B,2.25,$0.03B,$0.58B,0.05,$0.52B,$0.21B,39.31%,$0.52B,$0.07B,12.98%,$0.52B,$0.07B,12.98%,$0.52B,$0.08B,16.03%,$0.52B,$0.06B,11.83%,$0.52B,$-0.04B,-8.21%,$-0.04B,$0.58B,-7.25%,$-0.04B,$0.12B,-33.40%,$-0.04B,$0.84B,-4.48%,$0.07B,$0.61B,10.27%,$151,$93,$59,$0,$36,$130,$21,$-1,$20,$7,$13,$13,$11,$20,$21,$26,27,$0.42,$0.43,$40,$94,$41,$287,$75,$0,$465,$9,$549,$836,$128,$28,$2,$126,$254,$0,$390,$-15,$582,$836,$-11,$12,$41,$53,$0,$0,$0,$-19,$-19,$21,$-14,$0,$0,$0,$0,$0,$124,$109,$-124,$0,$-124,$-4,$-4,$-6,$0,$-134,$-3,$4,$-6
17,2014-03-31,33.97,$21.75,1.56,$19.09,1.78,$0.59,57.4,$-0.14,0.0,$0.28B,$0.15B,1.82,$0.00B,$0.58B,0.0,$0.51B,$0.20B,39.53%,$0.51B,$0.07B,12.92%,$0.51B,$0.07B,12.92%,$0.51B,$0.08B,16.05%,$0.51B,$0.06B,11.35%,$0.51B,$-0.05B,-9.78%,$-0.05B,$0.58B,-8.29%,$-0.05B,$0.11B,-35.65%,$-0.05B,$0.83B,-4.85%,$0.07B,$0.58B,9.43%,$130,$80,$51,$0,$33,$115,$16,$-0,$15,$4,$12,$12,$12,$18,$16,$27,27,$0.44,$0.43,$36,$92,$40,$277,$75,$0,$465,$9,$548,$825,$152,$0,$3,$97,$249,$0,$381,$-16,$576,$825,$-22,$8,$41,$50,$0,$0,$0,$-10,$-10,$15,$-10,$0,$0,$0,$0,$0,$124,$114,$-132,$0,$-132,$0,$0,$-4,$0,$-136,$-6,$3,$-4
18,2013-12-31,33.15,$23.07,1.44,$18.83,1.76,$0.05,705.31,$1.18,28.09,$0.38B,$0.21B,1.85,$0.13B,$0.61B,0.21,$0.50B,$0.20B,39.68%,$0.50B,$0.06B,12.70%,$0.50B,$0.06B,12.70%,$0.50B,$0.08B,15.87%,$0.50B,$0.06B,11.11%,$0.50B,$-0.01B,-2.78%,$-0.01B,$0.61B,-2.28%,$-0.01B,$0.15B,-12.79%,$-0.01B,$1.08B,-1.27%,$0.06B,$0.74B,8.62%,$125,$77,$47,$0,$32,$111,$14,$-1,$13,$4,$9,$9,$-34,$19,$14,$26,27,$-1.27,$-1.27,$34,$94,$143,$384,$75,$0,$464,$161,$700,$1084,$207,$127,$18,$266,$473,$0,$417,$-16,$611,$1084,$11,$4,$-11,$-7,$0,$0,$0,$-9,$-9,$-7,$-4,$0,$0,$0,$0,$0,$-2,$-6,$6,$0,$6,$0,$0,$-2,$0,$3,$-8,$1,$-2
19,2013-09-30,32.0,$22.76,1.41,$18.32,1.75,$0.28,115.44,$0.77,41.56,$0.39B,$0.23B,1.71,$0.12B,$0.60B,0.2,$0.49B,$0.19B,39.51%,$0.49B,$0.06B,11.81%,$0.49B,$0.06B,11.81%,$0.49B,$0.07B,14.87%,$0.49B,$0.05B,10.18%,$0.49B,$-0.03B,-5.09%,$-0.03B,$0.60B,-4.05%,$-0.03B,$0.14B,-35.84%,$-0.03B,$1.09B,-2.27%,$0.06B,$0.72B,7.82%,$124,$74,$50,$0,$34,$110,$15,$-1,$14,$5,$9,$9,$11,$27,$15,$26,27,$0.42,$0.42,$43,$90,$146,$394,$76,$0,$463,$160,$698,$1092,$230,$122,$19,$260,$491,$0,$408,$-17,$602,$1092,$-26,$15,$78,$92,$-6,$-5,$3,$-16,$-23,$47,$-22,$0,$-19,$0,$0,$0,$-35,$-77,$57,$0,$57,$-8,$-8,$-8,$1,$42,$13,$5,$-8
20,2013-06-30,31.11,$23.66,1.31,$14.17,2.2,$0.72,43.29,$0.90,34.56,$0.38B,$0.21B,1.78,$0.14B,$0.63B,0.22,$0.38B,$0.15B,38.26%,$0.38B,$0.05B,12.40%,$0.38B,$0.05B,12.40%,$0.38B,$0.06B,16.36%,$0.38B,$0.04B,11.08%,$0.38B,$0.03B,6.60%,$0.03B,$0.63B,4.00%,$0.03B,$0.16B,31.75%,$0.03B,$1.12B,2.31%,$0.05B,$0.76B,6.40%,$145,$87,$58,$0,$33,$121,$23,$-3,$20,$7,$14,$14,$-32,$18,$23,$26,27,$-1.23,$-1.22,$32,$94,$147,$377,$75,$0,$462,$206,$742,$1119,$211,$137,$42,$282,$493,$0,$442,$-26,$625,$1119,$7,$12,$28,$39,$0,$0,$0,$-34,$-34,$12,$-16,$0,$-19,$0,$0,$0,$-32,$-68,$72,$0,$72,$-8,$-8,$-6,$0,$58,$1,$3,$-6
21,2013-03-31,39.17,$23.51,1.67,$14.18,2.76,$1.70,23.01,$1.23,31.85,$0.37B,$0.21B,1.77,$0.13B,$0.62B,0.2,$0.38B,$0.15B,38.16%,$0.38B,$0.05B,12.11%,$0.38B,$0.05B,12.11%,$0.38B,$0.06B,14.74%,$0.38B,$0.05B,12.37%,$0.38B,$0.03B,8.95%,$0.03B,$0.62B,5.45%,$0.03B,$-0.01B,74.73%,$0.03B,$1.11B,3.21%,$0.05B,$0.75B,6.41%,$117,$70,$47,$0,$32,$103,$14,$-4,$11,$4,$7,$7,$5,$16,$14,$26,27,$0.19,$0.18,$36,$117,$54,$371,$81,$0,$632,$21,$734,$1106,$209,$126,$22,$275,$484,$0,$439,$-26,$621,$1106,$2,$8,$27,$35,$0,$0,$0,$-35,$-35,$2,$-11,$0,$-3,$0,$0,$0,$-31,$-46,$63,$0,$63,$-8,$-8,$-4,$-0,$50,$6,$2,$-4
22,2012-12-31,35.79,$23.54,1.52,$16.21,2.21,$1.98,18.12,$1.55,23.09,$0.34B,$0.20B,1.76,$0.11B,$0.62B,0.18,$0.44B,$0.17B,38.53%,$0.44B,$0.05B,11.70%,$0.44B,$0.05B,11.70%,$0.44B,$0.06B,14.45%,$0.44B,$0.05B,12.16%,$0.44B,$0.04B,9.63%,$0.04B,$0.62B,6.76%,$0.04B,$-0.01B,79.25%,$0.04B,$1.08B,4.06%,$0.05B,$0.73B,7.46%,$118,$73,$45,$0,$32,$106,$12,$-2,$11,$5,$6,$6,$2,$12,$12,$26,27,$0.06,$0.06,$33,$119,$36,$344,$80,$0,$633,$23,$735,$1079,$195,$113,$24,$263,$458,$0,$440,$-25,$621,$1079,$0,$4,$16,$19,$0,$0,$0,$-19,$-19,$2,$-6,$0,$-3,$0,$0,$0,$-28,$-38,$50,$0,$50,$-9,$-9,$-2,$-0,$38,$3,$1,$-2
23,2012-09-30,37.09,$23.74,1.56,$17.76,2.09,$1.90,19.53,$1.73,21.44,$0.34B,$0.20B,1.68,$0.07B,$0.63B,0.1,$0.48B,$0.18B,38.49%,$0.48B,$0.05B,10.46%,$0.48B,$0.05B,10.46%,$0.48B,$0.07B,13.60%,$0.48B,$0.05B,11.09%,$0.48B,$0.05B,9.83%,$0.05B,$0.63B,7.61%,$0.05B,$0.18B,80.34%,$0.05B,$1.03B,4.63%,$0.05B,$0.70B,7.68%,$111,$67,$44,$0,$34,$102,$9,$-1,$8,$3,$5,$5,$0,$16,$9,$26,27,$0.01,$0.01,$30,$82,$125,$343,$63,$0,$456,$172,$690,$1034,$204,$65,$9,$198,$402,$0,$442,$-25,$631,$1034,$47,$14,$-9,$6,$9,$-9,$-2,$3,$-1,$53,$-16,$0,$0,$0,$0,$0,$-14,$-30,$-10,$0,$-10,$-6,$-6,$-9,$-1,$-25,$-4,$4,$-9
24,2012-06-30,34.72,$23.30,1.49,$23.61,1.47,$2.68,12.96,$1.65,21.04,$0.33B,$0.20B,1.66,$0.07B,$0.62B,0.11,$0.64B,$0.24B,38.05%,$0.64B,$0.05B,8.49%,$0.64B,$0.05B,8.49%,$0.64B,$0.06B,9.75%,$0.64B,$0.06B,9.59%,$0.64B,$0.04B,6.92%,$0.04B,$0.62B,7.22%,$0.04B,$0.03B,266.67%,$0.04B,$1.02B,4.36%,$0.05B,$0.69B,8.36%,$33,$24,$9,$0,$-1,$21,$12,$-0,$12,$4,$8,$8,$18,$12,$12,$27,27,$0.66,$0.68,$32,$116,$31,$330,$75,$0,$593,$20,$687,$1017,$199,$70,$8,$196,$395,$0,$426,$-22,$623,$1017,$29,$11,$11,$21,$0,$0,$0,$-16,$-16,$35,$-12,$0,$0,$0,$0,$0,$-10,$-22,$-5,$0,$-5,$-0,$-0,$-6,$0,$-12,$-2,$3,$-6
25,2012-03-31,34.95,$22.92,1.53,$25.78,1.36,$2.87,12.18,$1.63,21.44,$0.33B,$0.27B,1.21,$0.00B,$0.61B,0.0,$0.69B,$0.27B,38.33%,$0.69B,$0.06B,8.79%,$0.69B,$0.06B,8.79%,$0.69B,$0.08B,10.95%,$0.69B,$0.07B,9.37%,$0.69B,$0.04B,6.20%,$0.04B,$0.61B,7.14%,$0.04B,$0.02B,491.43%,$0.04B,$1.01B,4.27%,$0.06B,$0.61B,9.48%,$118,$72,$47,$0,$32,$105,$13,$2,$16,$4,$12,$12,$14,$23,$13,$27,27,$0.52,$0.51,$27,$112,$32,$328,$73,$0,$594,$18,$685,$1012,$270,$0,$12,$130,$400,$0,$414,$-20,$612,$1012,$15,$12,$1,$13,$0,$0,$0,$-18,$-18,$11,$-13,$0,$-1,$0,$0,$0,$0,$-14,$1,$0,$1,$-0,$-0,$-4,$0,$-3,$-7,$2,$-4
26,2011-12-31,27.28,$22.59,1.21,$25.54,1.07,$3.78,7.22,$1.74,15.68,$0.32B,$0.27B,1.2,$0.00B,$0.60B,0.0,$0.69B,$0.27B,38.72%,$0.69B,$0.07B,9.61%,$0.69B,$0.07B,9.61%,$0.69B,$0.08B,11.79%,$0.69B,$0.07B,10.04%,$0.69B,$0.05B,6.70%,$0.05B,$0.60B,7.74%,$0.05B,$0.01B,6133.33%,$0.05B,$1.00B,4.59%,$0.07B,$0.60B,10.03%,$174,$106,$68,$0,$48,$157,$17,$-0,$17,$6,$10,$10,$10,$14,$17,$27,27,$0.38,$0.38,$29,$107,$35,$318,$73,$0,$593,$16,$682,$1000,$265,$0,$13,$132,$397,$0,$406,$-21,$603,$1000,$5,$6,$2,$8,$0,$0,$0,$-14,$-14,$-1,$-6,$0,$0,$0,$0,$0,$0,$-6,$5,$0,$5,$0,$0,$-2,$0,$3,$-6,$1,$-2
27,2011-09-30,24.1,$22.55,1.07,$25.81,0.93,$4.54,5.31,$1.95,12.36,$0.33B,$0.21B,1.6,$0.08B,$0.60B,0.13,$0.69B,$0.27B,38.62%,$0.69B,$0.07B,10.66%,$0.69B,$0.07B,10.66%,$0.69B,$0.09B,12.68%,$0.69B,$0.08B,11.10%,$0.69B,$0.05B,7.49%,$0.05B,$0.60B,8.90%,$0.05B,$0.01B,-770.37%,$0.05B,$1.01B,5.23%,$0.07B,$0.68B,11.01%,$153,$93,$60,$0,$49,$145,$8,$-0,$8,$3,$5,$5,$5,$13,$8,$27,27,$0.20,$0.19,$34,$97,$32,$328,$73,$0,$594,$17,$683,$1012,$206,$75,$12,$205,$411,$0,$403,$-19,$601,$1012,$53,$13,$13,$26,$-14,$-13,$0,$16,$-6,$75,$-17,$0,$-4,$0,$0,$0,$-10,$-30,$-29,$0,$-29,$1,$1,$-9,$0,$-36,$8,$4,$-9
28,2011-06-30,34.71,$22.29,1.56,$26.50,1.31,$4.06,8.54,$2.27,15.29,$0.32B,$0.20B,1.6,$0.09B,$0.59B,0.15,$0.71B,$0.29B,40.23%,$0.71B,$0.10B,13.64%,$0.71B,$0.10B,13.64%,$0.71B,$0.12B,16.74%,$0.71B,$0.09B,13.22%,$0.71B,$0.06B,8.58%,$0.06B,$0.59B,10.64%,$0.06B,$-0.00B,-387.30%,$0.06B,$1.01B,6.20%,$0.10B,$0.68B,14.52%,$191,$123,$67,$0,$48,$174,$16,$3,$20,$5,$15,$15,$15,$26,$16,$27,27,$0.58,$0.57,$32,$102,$22,$319,$74,$0,$594,$19,$687,$1006,$200,$89,$18,$213,$413,$0,$390,$-12,$593,$1006,$37,$17,$-5,$13,$0,$0,$0,$-1,$-1,$48,$-20,$0,$-5,$0,$0,$0,$0,$-25,$-15,$0,$-15,$0,$0,$-6,$1,$-20,$5,$4,$-6
29,2011-03-31,35.9,$21.78,1.65,$25.85,1.39,$3.01,11.93,$2.33,15.41,$0.31B,$0.20B,1.56,$0.09B,$0.58B,0.16,$0.69B,$0.28B,40.55%,$0.69B,$0.10B,14.72%,$0.69B,$0.10B,14.72%,$0.69B,$0.12B,17.75%,$0.69B,$0.10B,14.00%,$0.69B,$0.06B,9.09%,$0.06B,$0.58B,11.30%,$0.06B,$-0.01B,-315.00%,$0.06B,$0.99B,6.55%,$0.10B,$0.67B,15.48%,$176,$106,$71,$0,$48,$156,$20,$-0,$20,$7,$13,$13,$13,$28,$20,$27,27,$0.49,$0.49,$33,$95,$28,$309,$73,$0,$593,$19,$685,$994,$198,$92,$19,$217,$415,$0,$379,$-14,$579,$994,$24,$11,$-2,$9,$0,$0,$0,$4,$4,$36,$-14,$0,$-4,$0,$0,$0,$0,$-17,$-10,$0,$-10,$0,$0,$-4,$1,$-14,$6,$2,$-4
30,2010-12-31,35.54,$21.28,1.67,$24.49,1.45,$1.86,19.1,$2.06,17.25,$0.29B,$0.18B,1.6,$0.09B,$0.57B,0.17,$0.66B,$0.26B,40.15%,$0.66B,$0.09B,13.74%,$0.66B,$0.09B,13.74%,$0.66B,$0.11B,16.95%,$0.66B,$0.09B,12.98%,$0.66B,$0.06B,8.55%,$0.06B,$0.57B,10.31%,$0.06B,$-0.02B,-230.93%,$0.06B,$0.96B,5.97%,$0.09B,$0.66B,13.82%,$167,$99,$68,$0,$43,$145,$22,$-1,$21,$8,$13,$13,$13,$21,$22,$27,27,$0.50,$0.49,$30,$88,$21,$286,$72,$0,$585,$19,$677,$963,$178,$94,$18,$219,$398,$0,$368,$-15,$565,$963,$11,$6,$-2,$4,$0,$0,$0,$3,$3,$19,$-5,$0,$0,$0,$0,$0,$0,$-5,$-8,$0,$-8,$0,$0,$-2,$0,$-10,$3,$1,$-2
31,2010-09-30,31.16,$20.98,1.49,$22.74,1.37,$1.35,23.08,$1.68,18.55,$0.30B,$0.19B,1.59,$0.10B,$0.56B,0.19,$0.61B,$0.25B,40.46%,$0.61B,$0.08B,12.66%,$0.61B,$0.08B,12.66%,$0.61B,$0.10B,16.28%,$0.61B,$0.07B,11.51%,$0.61B,$0.05B,7.40%,$0.05B,$0.56B,8.47%,$0.05B,$-0.03B,-166.67%,$0.05B,$0.97B,4.89%,$0.08B,$0.66B,11.91%,$160,$97,$62,$0,$44,$144,$16,$-0,$16,$5,$11,$11,$11,$44,$16,$27,27,$0.41,$0.40,$27,$83,$30,$296,$73,$0,$585,$20,$678,$974,$187,$104,$18,$231,$418,$0,$359,$-15,$556,$974,$45,$22,$-2,$20,$0,$0,$0,$1,$1,$67,$-22,$0,$-32,$0,$0,$0,$2,$-53,$-26,$0,$-26,$0,$0,$-6,$2,$-31,$-18,$5,$-6
32,2010-06-30,24.04,$20.08,1.2,$21.35,1.13,$2.06,11.66,$1.61,14.93,$0.27B,$0.16B,1.69,$0.11B,$0.53B,0.22,$0.57B,$0.23B,40.60%,$0.57B,$0.07B,11.42%,$0.57B,$0.07B,11.42%,$0.57B,$0.09B,15.82%,$0.57B,$0.06B,10.02%,$0.57B,$0.04B,7.56%,$0.04B,$0.53B,8.24%,$0.04B,$-0.02B,-150.88%,$0.04B,$0.92B,4.74%,$0.07B,$0.65B,10.10%,$208,$123,$85,$0,$43,$169,$39,$-2,$37,$13,$24,$24,$24,$30,$39,$26,27,$0.90,$0.89,$20,$84,$26,$274,$71,$0,$549,$21,$641,$916,$163,$114,$5,$222,$384,$0,$337,$-16,$531,$916,$21,$17,$-1,$16,$0,$0,$0,$-22,$-22,$16,$-16,$0,$-1,$0,$0,$0,$0,$-18,$-16,$0,$-16,$0,$0,$-4,$1,$-19,$-24,$3,$-4
33,2010-03-31,29.7,$19.67,1.51,$21.01,1.41,$3.09,9.63,$1.49,19.94,$0.26B,$0.15B,1.74,$0.12B,$0.52B,0.23,$0.56B,$0.23B,40.25%,$0.56B,$0.06B,10.55%,$0.56B,$0.06B,10.55%,$0.56B,$0.09B,15.38%,$0.56B,$0.05B,8.59%,$0.56B,$0.04B,6.98%,$0.04B,$0.52B,7.58%,$0.04B,$-0.03B,-104.00%,$0.04B,$0.90B,4.30%,$0.06B,$0.64B,9.14%,$158,$92,$66,$0,$38,$133,$25,$-1,$23,$9,$15,$15,$15,$16,$25,$26,27,$0.55,$0.55,$23,$89,$26,$255,$70,$0,$550,$22,$642,$897,$147,$120,$5,$230,$377,$0,$325,$-13,$520,$897,$6,$11,$-0,$11,$0,$0,$0,$-15,$-15,$3,$-11,$0,$0,$0,$0,$0,$0,$-11,$-10,$0,$-10,$0,$0,$-2,$1,$-11,$-22,$2,$-2
34,2009-12-31,33.39,$19.65,1.7,$21.99,1.52,$3.93,8.49,$1.66,20.12,$0.25B,$0.14B,1.77,$0.12B,$0.52B,0.23,$0.58B,$0.24B,40.58%,$0.58B,$0.07B,11.64%,$0.58B,$0.07B,11.64%,$0.58B,$0.10B,16.44%,$0.58B,$0.06B,9.59%,$0.58B,$0.04B,7.36%,$0.04B,$0.52B,8.51%,$0.04B,$-0.03B,-88.21%,$0.04B,$0.89B,4.72%,$0.07B,$0.64B,10.51%,$129,$79,$50,$0,$37,$119,$10,$-1,$9,$3,$6,$6,$6,$9,$10,$26,27,$0.23,$0.22,$35,$88,$21,$251,$71,$0,$551,$22,$643,$894,$142,$120,$6,$233,$375,$0,$323,$-11,$519,$894,$0,$6,$-0,$5,$0,$0,$0,$-0,$-0,$5,$-5,$0,$0,$0,$0,$0,$0,$-5,$-10,$0,$-10,$0,$0,$0,$1,$-9,$-9,$1,$0
35,2009-09-30,36.62,$19.59,1.87,$23.35,1.57,$4.62,7.93,$1.86,19.69,$0.28B,$0.16B,1.71,$0.13B,$0.52B,0.25,$0.62B,$0.25B,39.97%,$0.62B,$0.08B,12.30%,$0.62B,$0.08B,12.30%,$0.62B,$0.11B,16.99%,$0.62B,$0.06B,10.19%,$0.62B,$0.05B,7.93%,$0.05B,$0.52B,9.93%,$0.05B,$-0.04B,-76.86%,$0.05B,$0.92B,5.37%,$0.08B,$0.65B,11.75%,$113,$67,$45,$0,$39,$110,$3,$-3,$1,$0,$0,$0,$0,$35,$3,$26,27,$0.02,$0.02,$45,$82,$25,$280,$70,$0,$552,$22,$643,$924,$164,$130,$6,$242,$406,$0,$323,$-12,$517,$924,$49,$31,$0,$31,$26,$-17,$-2,$-11,$-2,$78,$-14,$0,$-3,$0,$0,$0,$2,$-15,$-53,$0,$-53,$7,$7,$0,$1,$-46,$16,$5,$0
36,2009-06-30,41.64,$19.05,2.19,$24.30,1.71,$4.08,10.2,$1.97,21.14,$0.27B,$0.16B,1.74,$0.15B,$0.50B,0.31,$0.64B,$0.25B,39.56%,$0.64B,$0.08B,13.08%,$0.64B,$0.08B,13.08%,$0.64B,$0.11B,17.45%,$0.64B,$0.07B,11.06%,$0.64B,$0.05B,8.10%,$0.05B,$0.50B,10.81%,$0.05B,$-0.05B,-65.62%,$0.05B,$0.92B,5.69%,$0.08B,$0.65B,12.97%,$169,$99,$70,$0,$38,$143,$27,$-3,$24,$2,$22,$22,$22,$26,$27,$26,27,$0.82,$0.82,$29,$87,$26,$272,$70,$0,$554,$19,$643,$915,$156,$152,$13,$258,$414,$0,$301,$-1,$501,$915,$28,$23,$-1,$21,$0,$0,$0,$-12,$-12,$37,$-10,$0,$2,$0,$0,$0,$0,$-8,$-31,$0,$-31,$3,$3,$0,$1,$-27,$1,$3,$0
37,2009-03-31,35.97,$18.42,1.95,$24.46,1.47,$3.98,9.05,$2.04,17.63,$0.27B,$0.16B,1.7,$0.17B,$0.48B,0.34,$0.65B,$0.26B,39.69%,$0.65B,$0.08B,13.02%,$0.65B,$0.08B,13.02%,$0.65B,$0.11B,17.36%,$0.65B,$0.07B,11.32%,$0.65B,$0.05B,8.37%,$0.05B,$0.48B,11.54%,$0.05B,$-0.08B,-57.91%,$0.05B,$0.91B,5.95%,$0.08B,$0.65B,12.99%,$148,$88,$60,$0,$37,$129,$19,$-4,$14,$3,$11,$11,$11,$26,$19,$26,27,$0.44,$0.43,$27,$82,$21,$266,$70,$0,$557,$18,$645,$910,$157,$166,$10,$271,$428,$0,$290,$-5,$483,$910,$16,$15,$-0,$15,$0,$0,$0,$-11,$-11,$20,$-6,$0,$3,$0,$0,$0,$0,$-3,$-18,$0,$-18,$1,$1,$0,$1,$-16,$-2,$2,$0
38,2008-12-31,38.06,$18.08,2.11,$23.76,1.6,$3.96,9.62,$1.88,20.24,$0.25B,$0.16B,1.59,$0.17B,$0.47B,0.35,$0.63B,$0.25B,40.16%,$0.63B,$0.08B,12.64%,$0.63B,$0.08B,12.64%,$0.63B,$0.11B,16.96%,$0.63B,$0.07B,10.56%,$0.63B,$0.05B,8.00%,$0.05B,$0.47B,11.01%,$0.05B,$-0.09B,-46.73%,$0.05B,$0.90B,5.54%,$0.08B,$0.64B,12.14%,$154,$92,$62,$0,$38,$135,$19,$-2,$17,$6,$11,$11,$10,$18,$19,$26,26,$0.40,$0.39,$28,$76,$20,$247,$72,$0,$563,$18,$653,$900,$155,$166,$10,$272,$427,$0,$279,$-3,$472,$900,$6,$7,$-2,$6,$0,$0,$0,$11,$11,$21,$-3,$0,$0,$0,$0,$0,$0,$-3,$-18,$0,$-18,$0,$0,$0,$0,$-17,$-0,$1,$0
39,2008-09-30,44.77,$17.95,2.49,$23.33,1.92,$3.01,14.85,$1.77,25.29,$0.27B,$0.17B,1.6,$0.18B,$0.47B,0.39,$0.61B,$0.25B,40.29%,$0.61B,$0.08B,13.38%,$0.61B,$0.08B,13.38%,$0.61B,$0.11B,17.62%,$0.61B,$0.07B,11.58%,$0.61B,$0.05B,7.67%,$0.05B,$0.47B,10.64%,$0.05B,$-0.10B,-40.60%,$0.05B,$0.93B,5.25%,$0.08B,$0.65B,12.51%,$147,$93,$55,$0,$39,$136,$11,$-3,$8,$3,$6,$6,$6,$42,$11,$26,26,$0.22,$0.22,$29,$65,$24,$271,$72,$0,$565,$18,$657,$928,$169,$184,$12,$291,$460,$0,$273,$1,$468,$928,$47,$27,$17,$44,$-33,$0,$1,$10,$-13,$77,$-28,$0,$-271,$5,$0,$5,$-7,$-301,$233,$-3,$230,$6,$6,$0,$-2,$235,$10,$4,$0
40,2008-06-30,43.61,$17.19,2.54,$21.03,2.07,$0.96,45.41,$1.48,29.47,$0.25B,$0.14B,1.82,$0.20B,$0.45B,0.45,$0.55B,$0.22B,39.42%,$0.55B,$0.07B,12.12%,$0.55B,$0.07B,12.12%,$0.55B,$0.09B,16.27%,$0.55B,$0.06B,10.49%,$0.55B,$0.04B,7.05%,$0.04B,$0.45B,9.10%,$0.04B,$-0.11B,-104.00%,$0.04B,$0.89B,4.83%,$0.07B,$0.65B,11.24%,$193,$116,$77,$0,$37,$158,$35,$-3,$32,$11,$21,$21,$25,$26,$35,$26,26,$0.94,$0.94,$23,$71,$24,$246,$74,$0,$557,$14,$646,$892,$135,$200,$9,$309,$444,$0,$249,$7,$448,$892,$22,$19,$11,$31,$0,$0,$0,$-7,$-7,$47,$-23,$0,$-256,$5,$0,$5,$0,$-274,$230,$-3,$228,$5,$5,$0,$-3,$230,$4,$3,$0
41,2008-03-31,36.92,$16.57,2.23,$19.65,1.88,$-0.47,0.0,$1.31,28.18,$0.24B,$0.12B,2.1,$0.24B,$0.43B,0.55,$0.52B,$0.20B,38.88%,$0.52B,$0.06B,11.99%,$0.52B,$0.06B,11.99%,$0.52B,$0.08B,15.86%,$0.52B,$0.05B,10.44%,$0.52B,$0.04B,6.77%,$0.04B,$0.43B,8.42%,$0.04B,$-0.13B,100.00%,$0.04B,$0.89B,4.84%,$0.06B,$0.66B,11.63%,$151,$90,$62,$0,$38,$132,$19,$-3,$16,$4,$12,$12,$13,$20,$19,$26,26,$0.51,$0.50,$31,$72,$25,$244,$73,$0,$559,$14,$646,$890,$116,$235,$9,$345,$461,$0,$236,$6,$429,$890,$9,$12,$8,$21,$0,$0,$0,$3,$3,$31,$-18,$0,$-254,$5,$0,$5,$0,$-267,$250,$-3,$248,$2,$2,$0,$-3,$247,$12,$2,$0
42,2007-12-31,37.12,$16.35,2.27,$18.64,1.99,$-1.34,0.0,$1.44,25.78,$0.24B,$0.12B,1.99,$0.24B,$0.42B,0.56,$0.49B,$0.19B,37.80%,$0.49B,$0.06B,11.99%,$0.49B,$0.06B,11.99%,$0.49B,$0.08B,15.65%,$0.49B,$0.06B,11.18%,$0.49B,$0.04B,7.93%,$0.04B,$0.42B,9.61%,$0.04B,$-0.13B,34.82%,$0.04B,$0.87B,6.16%,$0.06B,$0.66B,12.70%,$134,$78,$57,$0,$39,$121,$14,$-3,$10,$4,$7,$7,$6,$20,$14,$26,26,$0.24,$0.23,$24,$73,$25,$238,$71,$0,$548,$15,$634,$872,$120,$235,$9,$331,$451,$0,$230,$7,$422,$872,$3,$6,$9,$14,$0,$0,$0,$-13,$-13,$5,$-11,$0,$-254,$5,$0,$5,$0,$-261,$265,$-3,$262,$0,$0,$0,$-2,$260,$5,$1,$0
43,2007-09-30,30.89,$16.14,1.91,$16.60,1.86,$-1.44,0.0,$1.28,24.14,$0.26B,$0.12B,2.18,$0.00B,$0.42B,0.0,$0.44B,$0.16B,36.53%,$0.44B,$0.04B,9.36%,$0.44B,$0.04B,9.36%,$0.44B,$0.06B,12.79%,$0.44B,$0.04B,8.90%,$0.44B,$0.04B,7.99%,$0.04B,$0.42B,8.87%,$0.04B,$0.22B,18.77%,$0.04B,$0.58B,6.55%,$0.04B,$0.42B,10.39%,$135,$84,$51,$0,$34,$121,$14,$-1,$13,$5,$8,$8,$3,$24,$14,$26,26,$0.11,$0.11,$19,$56,$40,$260,$50,$0,$199,$10,$316,$576,$119,$0,$8,$41,$161,$0,$227,$6,$415,$576,$34,$16,$13,$29,$-15,$-12,$13,$-11,$-18,$43,$-48,$0,$-8,$0,$0,$0,$0,$-56,$0,$3,$3,$-8,$-8,$0,$-0,$-5,$-18,$5,$0
44,2007-06-30,33.7,$15.35,2.2,$13.29,2.54,$-0.50,0.0,$1.04,32.4,$0.25B,$0.11B,2.38,$0.00B,$0.40B,0.0,$0.35B,$0.14B,40.00%,$0.35B,$0.03B,8.57%,$0.35B,$0.03B,8.57%,$0.35B,$0.04B,11.43%,$0.35B,$0.03B,8.29%,$0.35B,$0.03B,8.29%,$0.03B,$0.40B,7.54%,$0.03B,$0.18B,16.48%,$0.03B,$0.55B,5.65%,$0.03B,$0.40B,7.80%,$133,$85,$48,$0,$25,$113,$20,$-1,$19,$4,$15,$15,$17,$18,$20,$26,26,$0.64,$0.64,$22,$68,$25,$253,$75,$0,$217,$10,$301,$554,$106,$0,$11,$50,$157,$0,$210,$0,$397,$554,$17,$12,$10,$23,$0,$0,$0,$-17,$-17,$22,$-36,$0,$-1,$0,$0,$0,$0,$-37,$0,$1,$1,$2,$2,$0,$-2,$0,$-15,$4,$0
45,2007-03-31,41.66,$15.03,2.77,$13.61,3.06,$0.70,59.27,$1.13,36.86,$0.24B,$0.09B,2.56,$0.00B,$0.39B,0.0,$0.36B,$0.14B,39.28%,$0.36B,$0.03B,8.91%,$0.36B,$0.03B,8.91%,$0.36B,$0.04B,11.98%,$0.36B,$0.03B,9.19%,$0.36B,$0.03B,8.64%,$0.03B,$0.39B,8.26%,$0.03B,$0.18B,16.78%,$0.03B,$0.53B,6.25%,$0.03B,$0.39B,8.53%,$115,$71,$45,$0,$28,$101,$14,$-2,$12,$4,$8,$8,$9,$15,$14,$26,26,$0.34,$0.33,$28,$59,$19,$237,$71,$0,$212,$9,$292,$529,$92,$0,$12,$47,$140,$0,$201,$-0,$389,$529,$8,$8,$6,$14,$0,$0,$0,$-9,$-9,$13,$-23,$0,$-1,$0,$0,$0,$0,$-24,$0,$0,$0,$0,$0,$0,$2,$2,$-9,$3,$0
46,2006-12-31,42.23,$14.58,2.9,$14.15,2.98,$1.20,35.2,$1.05,40.22,$0.20B,$0.07B,2.78,$0.00B,$0.38B,0.0,$0.37B,$0.14B,37.80%,$0.37B,$0.04B,9.38%,$0.37B,$0.04B,9.38%,$0.37B,$0.05B,12.33%,$0.37B,$0.04B,10.19%,$0.37B,$0.03B,7.51%,$0.03B,$0.38B,7.68%,$0.03B,$0.17B,14.64%,$0.03B,$0.48B,5.82%,$0.04B,$0.38B,9.60%,$109,$67,$42,$0,$29,$98,$11,$0,$11,$2,$9,$9,$10,$-1,$11,$26,26,$0.37,$0.36,$28,$55,$13,$196,$69,$0,$205,$9,$283,$480,$71,$0,$15,$32,$102,$0,$192,$-1,$377,$480,$-1,$3,$1,$4,$0,$0,$0,$-0,$-0,$2,$-11,$0,$0,$0,$0,$0,$0,$-11,$0,$0,$0,$0,$0,$0,$0,$0,$-9,$1,$0
