,Date,Stock Price,Book Value per Share,Price to Book Ratio,TTM Sales per Share,Price to Sales Ratio,TTM FCF per Share,Price to FCF Ratio,TTM Net EPS,PE Ratio,Current Assets,Current Liabilities,Current Ratio,Long Term Debt,Shareholder's Equity_x,Debt to Equity Ratio,TTM Revenue_x,TTM Gross Profit,Gross Margin,TTM Revenue_y,TTM Operating Income,Operating Margin,TTM Revenue_x,TTM EBIT,EBIT Margin,TTM Revenue_y,TTM EBITDA,EBITDA Margin,TTM Revenue_x,TTM Pre-Tax Income,Pre-Tax Margin,TTM Revenue_y,TTM Net Income_x,Net Margin,TTM Net Income_y,Shareholder's Equity_y,Return on Equity,TTM Net Income_x,Tangible Equity,Return on Tangible Equity,TTM Net Income_y,Total Assets,Return on Assets,TTM Net Income,LT Investments & Debt,Return on Investment,revenue,cost-goods-sold,gross-profit,research-development-expenses,selling-general-administrative-expenses,operating-expenses,operating-income,total-non-operating-income-expense,pre-tax-income,total-provision-income-taxes,income-after-taxes,income-from-continuous-operations,net-income,ebitda,ebit,basic-shares-outstanding,shares-outstanding,eps-basic-net-earnings-per-share,eps-earnings-per-share-diluted,cash-on-hand,inventory,other-current-assets,total-current-assets,net-property-plant-equipment,long-term-investments,goodwill-intangible-assets-total,other-long-term-assets,total-long-term-assets,total-assets,total-current-liabilities,long-term-debt,other-non-current-liabilities,total-long-term-liabilities,total-liabilities,common-stock-net,retained-earnings-accumulated-deficit,comprehensive-income,total-share-holder-equity,total-liabilities-share-holders-equity,net-income-loss,total-depreciation-amortization-cash-flow,other-non-cash-items,total-non-cash-items,change-in-accounts-receivable,change-in-inventories,change-in-accounts-payable,change-in-assets-liabilities,total-change-in-assets-liabilities,cash-flow-from-operating-activities,net-change-in-property-plant-equipment,net-change-in-intangible-assets,net-acquisitions-divestitures,net-change-in-short-term-investments,net-change-in-long-term-investments,net-change-in-investments-total,investing-activities-other,cash-flow-from-investing-activities,net-long-term-debt,net-current-debt,debt-issuance-retirement-net-total,net-common-equity-issued-repurchased,net-total-equity-issued-repurchased,total-common-preferred-stock-dividends-paid,financial-activities-other,cash-flow-from-financial-activities,net-cash-flow,stock-based-compensation,common-stock-dividends-paid
0,2016-06-30,1.14,$12.84,0.09,$4.93,0.23,$-4.00,0.0,$-3.61,0.0,$0.01B,$0.02B,0.61,$0.04B,$0.07B,0.59,$0.03B,$0.01B,23.53%,$0.03B,$-0.01B,-29.41%,$0.03B,$-0.01B,-29.41%,$0.03B,$-0.00B,-2.94%,$0.03B,$-0.03B,-79.41%,$0.03B,$-0.03B,-85.29%,$-0.03B,$0.11B,-23.82%,$-0.03B,$0.11B,-23.82%,$-0.03B,$0.16B,-16.55%,$-0.01B,$0.15B,-6.36%,$8,$6,$2,$0,$1,$9,$-0,$-1,$-1,$0,$-1,$-1,$0,$-2,$-0,$11,11,$0.02,$0.02,$6,$1,$0,$9,$0,$10,$0,$7,$154,$163,$15,$42,$0,$43,$58,$0,$-207,$0,$105,$163,$-22,$5,$16,$20,$0,$0,$0,$2,$2,$0,$-19,$0,$0,$0,$0,$0,$0,$-19,$13,$0,$13,$0,$0,$0,$-1,$13,$-6,$0,$0
1,2016-03-31,1.14,$15.17,0.07,$5.65,0.2,$-2.98,0.0,$-1.83,0.0,$0.01B,$0.02B,0.62,$0.04B,$0.09B,0.45,$0.04B,$0.01B,25.00%,$0.04B,$-0.01B,-25.00%,$0.04B,$-0.01B,-25.00%,$0.04B,$0.00B,2.78%,$0.04B,$-0.01B,-30.56%,$0.04B,$-0.01B,-36.11%,$-0.01B,$0.12B,-10.32%,$-0.01B,$0.12B,-10.32%,$-0.01B,$0.18B,-7.26%,$-0.01B,$0.17B,-5.68%,$16,$8,$8,$0,$3,$12,$4,$-1,$3,$0,$3,$3,$2,$-0,$4,$11,11,$0.20,$0.20,$7,$1,$0,$10,$0,$24,$0,$6,$172,$182,$16,$41,$0,$41,$58,$0,$-187,$0,$124,$182,$-3,$2,$0,$2,$0,$0,$0,$1,$1,$0,$-21,$0,$0,$0,$0,$0,$0,$-21,$14,$0,$14,$0,$0,$0,$-1,$14,$-7,$0,$0
2,2015-12-31,1.56,$15.51,0.1,$6.25,0.25,$-0.70,0.0,$-2.43,0.0,$0.02B,$0.02B,1.12,$0.03B,$0.10B,0.27,$0.04B,$0.01B,21.62%,$0.04B,$-0.01B,-32.43%,$0.04B,$-0.01B,-32.43%,$0.04B,$-0.00B,-2.70%,$0.04B,$-0.01B,-35.14%,$0.04B,$-0.02B,-43.24%,$-0.02B,$0.13B,-12.67%,$-0.02B,$0.13B,-12.67%,$-0.02B,$0.17B,-8.93%,$-0.01B,$0.15B,-7.68%,$13,$11,$2,$0,$2,$15,$-2,$-1,$-3,$0,$-3,$-3,$-4,$-1,$-2,$11,11,$-0.33,$-0.33,$15,$1,$0,$22,$0,$24,$0,$5,$151,$172,$19,$26,$0,$26,$45,$0,$-184,$0,$127,$172,$-14,$11,$2,$14,$0,$0,$-1,$-0,$-2,$-2,$7,$0,$0,$0,$-16,$-16,$-2,$-11,$-14,$0,$-14,$11,$11,$0,$-1,$-4,$-17,$0,$0
3,2015-09-30,2.84,$16.12,0.18,$6.99,0.41,$-5.56,0.0,$-3.23,0.0,$0.03B,$0.02B,1.17,$0.03B,$0.10B,0.32,$0.04B,$0.01B,22.50%,$0.04B,$-0.02B,-37.50%,$0.04B,$-0.02B,-37.50%,$0.04B,$-0.00B,-7.50%,$0.04B,$-0.02B,-40.00%,$0.04B,$-0.02B,-47.50%,$-0.02B,$0.13B,-14.93%,$-0.02B,$0.13B,-14.93%,$-0.02B,$0.18B,-10.33%,$-0.02B,$0.16B,-9.42%,$19,$10,$9,$0,$3,$10,$8,$-6,$3,$0,$3,$3,$1,$2,$8,$11,11,$0.14,$0.14,$21,$1,$0,$25,$0,$24,$0,$5,$159,$184,$22,$32,$0,$32,$53,$0,$-180,$0,$131,$184,$-10,$9,$1,$10,$0,$0,$0,$1,$1,$0,$0,$0,$0,$0,$-11,$-11,$2,$-9,$-6,$0,$-6,$11,$11,$0,$-0,$4,$-5,$0,$0
4,2015-06-30,4.64,$21.12,0.22,$6.88,0.67,$-5.35,0.0,$-3.64,0.0,$0.02B,$0.02B,0.81,$0.03B,$0.09B,0.34,$0.04B,$0.01B,17.95%,$0.04B,$-0.02B,-43.59%,$0.04B,$-0.02B,-43.59%,$0.04B,$-0.01B,-12.82%,$0.04B,$-0.02B,-48.72%,$0.04B,$-0.02B,-53.85%,$-0.02B,$0.12B,-16.28%,$-0.02B,$0.12B,-16.28%,$-0.02B,$0.18B,-11.11%,$-0.02B,$0.15B,-10.38%,$6,$4,$2,$0,$1,$11,$-5,$-0,$-5,$0,$-5,$-5,$-5,$0,$-5,$11,11,$-0.48,$-0.48,$16,$1,$0,$20,$0,$24,$0,$5,$158,$178,$24,$31,$0,$31,$56,$0,$-178,$0,$122,$178,$-9,$6,$-0,$6,$0,$0,$0,$1,$1,$-1,$-7,$0,$0,$0,$0,$0,$3,$-4,$-4,$0,$-4,$0,$0,$0,$-0,$-5,$-10,$0,$0
5,2015-03-31,4.35,$21.67,0.2,$6.96,0.63,$-3.53,0.0,$-3.90,0.0,$0.02B,$0.03B,0.75,$0.03B,$0.10B,0.32,$0.04B,$0.01B,15.00%,$0.04B,$-0.02B,-45.00%,$0.04B,$-0.02B,-45.00%,$0.04B,$-0.01B,-15.00%,$0.04B,$-0.02B,-52.50%,$0.04B,$-0.02B,-55.00%,$-0.02B,$0.13B,-16.45%,$-0.02B,$0.13B,-16.45%,$-0.02B,$0.18B,-11.17%,$-0.02B,$0.16B,-10.47%,$10,$6,$4,$0,$2,$10,$-0,$-1,$-1,$0,$-1,$-1,$-1,$-2,$-0,$11,11,$-0.13,$-0.13,$16,$1,$0,$20,$0,$25,$0,$8,$163,$183,$27,$30,$0,$31,$58,$2,$-174,$0,$125,$183,$-5,$3,$0,$3,$0,$0,$0,$1,$1,$-1,$0,$0,$0,$0,$-6,$-6,$-0,$-7,$-2,$0,$-2,$0,$0,$0,$0,$-2,$-10,$0,$0
6,2014-12-31,4.64,$22.86,0.2,$7.52,0.62,$-3.33,0.0,$-3.40,0.0,$0.03B,$0.03B,1.23,$0.04B,$0.10B,0.35,$0.04B,$0.01B,21.95%,$0.04B,$-0.02B,-36.59%,$0.04B,$-0.02B,-36.59%,$0.04B,$-0.00B,-7.32%,$0.04B,$-0.02B,-43.90%,$0.04B,$-0.02B,-43.90%,$-0.02B,$0.13B,-12.95%,$-0.02B,$0.13B,-12.95%,$-0.02B,$0.19B,-8.90%,$-0.02B,$0.17B,-8.38%,$8,$6,$2,$0,$2,$10,$-1,$-1,$-2,$0,$-2,$-2,$-3,$-3,$-1,$11,11,$-0.24,$-0.24,$26,$2,$0,$31,$0,$25,$0,$8,$160,$191,$25,$35,$0,$35,$60,$0,$-168,$0,$131,$191,$-18,$12,$5,$17,$0,$-0,$0,$-0,$0,$-1,$-21,$0,$0,$0,$-16,$-16,$-0,$-37,$9,$0,$9,$14,$44,$-0,$-1,$52,$14,$1,$-0
7,2014-09-30,6.84,$24.10,0.28,$7.55,0.91,$1.88,3.65,$-21.00,0.0,$0.04B,$0.02B,1.72,$0.04B,$0.11B,0.4,$0.04B,$0.01B,23.08%,$0.04B,$-0.09B,-241.03%,$0.04B,$-0.09B,-241.03%,$0.04B,$-0.08B,-200.00%,$0.04B,$-0.10B,-248.72%,$0.04B,$-0.10B,-248.72%,$-0.10B,$0.14B,-73.21%,$-0.10B,$0.14B,-73.21%,$-0.10B,$0.20B,-50.06%,$-0.09B,$0.18B,-54.65%,$7,$5,$2,$0,$2,$13,$-6,$-12,$-18,$0,$-18,$-18,$-18,$0,$-6,$8,8,$-2.20,$-2.20,$34,$3,$0,$40,$0,$25,$0,$8,$164,$204,$23,$43,$0,$43,$66,$2,$-161,$0,$138,$204,$-11,$9,$1,$10,$0,$0,$0,$2,$2,$1,$0,$0,$0,$0,$-34,$-34,$-1,$-35,$12,$0,$12,$15,$44,$0,$-1,$55,$22,$0,$0
8,2014-06-30,7.09,$24.83,0.29,$7.78,0.91,$3.82,1.85,$-21.10,0.0,$0.04B,$0.02B,1.82,$0.05B,$0.11B,0.4,$0.04B,$0.01B,23.68%,$0.04B,$-0.09B,-247.37%,$0.04B,$-0.09B,-247.37%,$0.04B,$-0.08B,-202.63%,$0.04B,$-0.10B,-255.26%,$0.04B,$-0.10B,-255.26%,$-0.10B,$0.14B,-66.55%,$-0.10B,$0.14B,-66.55%,$-0.10B,$0.21B,-47.37%,$-0.09B,$0.19B,-51.30%,$0,$0,$0,$0,$0,$0,$0,$0,$0,$0,$0,$0,$0,$-1,$0,$0,0,$0.00,$0.00,$39,$2,$0,$43,$0,$26,$0,$8,$167,$210,$23,$45,$0,$45,$68,$2,$-157,$0,$141,$210,$-7,$6,$1,$7,$0,$0,$0,$4,$4,$3,$0,$0,$0,$0,$-33,$-33,$-0,$-33,$14,$0,$14,$15,$44,$0,$-1,$57,$27,$0,$0
9,2014-03-31,7.64,$25.69,0.3,$8.20,0.93,$4.73,1.61,$-22.20,0.0,$0.06B,$0.02B,3.1,$0.04B,$0.15B,0.26,$0.04B,$0.01B,23.68%,$0.04B,$-0.10B,-257.89%,$0.04B,$-0.10B,-257.89%,$0.04B,$-0.08B,-210.53%,$0.04B,$-0.10B,-265.79%,$0.04B,$-0.10B,-265.79%,$-0.10B,$0.15B,-63.42%,$-0.10B,$0.15B,-63.42%,$-0.10B,$0.20B,-46.71%,$-0.10B,$0.18B,-50.32%,$7,$6,$1,$0,$2,$12,$-4,$-15,$-19,$0,$-19,$-19,$-20,$1,$-4,$8,8,$-2.42,$-2.42,$55,$1,$2,$60,$0,$26,$0,$7,$144,$204,$19,$38,$0,$38,$58,$2,$-151,$0,$146,$204,$-2,$3,$0,$3,$0,$0,$0,$-1,$-1,$-0,$0,$0,$0,$0,$-8,$-8,$-1,$-9,$7,$0,$7,$15,$44,$0,$-0,$51,$42,$0,$0
10,2013-12-31,8.86,$22.90,0.39,$8.63,1.03,$5.14,1.73,$-22.70,0.0,$0.02B,$0.02B,0.9,$0.03B,$0.11B,0.31,$0.04B,$0.01B,22.50%,$0.04B,$-0.10B,-250.00%,$0.04B,$-0.10B,-250.00%,$0.04B,$-0.08B,-202.50%,$0.04B,$-0.10B,-260.00%,$0.04B,$-0.10B,-260.00%,$-0.10B,$0.11B,-59.77%,$-0.10B,$0.11B,-59.77%,$-0.10B,$0.16B,-44.59%,$-0.10B,$0.14B,-47.39%,$7,$5,$1,$0,$2,$9,$-2,$-0,$-3,$0,$-3,$-3,$-3,$-78,$-2,$8,8,$-0.40,$-0.40,$12,$1,$0,$17,$0,$26,$0,$7,$140,$157,$19,$33,$0,$33,$52,$1,$-149,$0,$105,$157,$-103,$20,$81,$101,$0,$0,$-0,$-0,$6,$4,$1,$0,$0,$0,$-5,$-5,$-4,$-8,$-16,$0,$-16,$0,$0,$-2,$-0,$-18,$-22,$1,$-2
11,2013-09-30,9.23,$41.91,0.22,$9.68,0.95,$7.23,1.28,$-4.20,0.0,$0.03B,$0.02B,1.18,$0.04B,$0.19B,0.19,$0.04B,$0.01B,26.19%,$0.04B,$-0.02B,-38.10%,$0.04B,$-0.02B,-38.10%,$0.04B,0,0.00%,$0.04B,$-0.02B,-47.62%,$0.04B,$-0.02B,-47.62%,$-0.02B,$0.19B,-9.99%,$-0.02B,$0.19B,-9.99%,$-0.02B,$0.25B,-7.59%,$-0.02B,$0.23B,-6.65%,$9,$7,$2,$0,$2,$12,$-3,$-1,$-4,$0,$-4,$-4,$-4,$1,$-3,$6,6,$-0.52,$-0.52,$20,$2,$0,$26,$0,$22,$0,$9,$222,$248,$22,$35,$0,$36,$58,$1,$-63,$0,$191,$248,$-17,$13,$3,$15,$0,$0,$0,$5,$5,$3,$7,$0,$0,$0,$-6,$-6,$-7,$-6,$-10,$0,$-10,$0,$0,$-2,$0,$-12,$-15,$0,$-2
12,2013-06-30,6.28,$43.06,0.15,$10.66,0.59,$7.42,0.85,$-3.60,0.0,$0.03B,$0.02B,1.29,$0.04B,$0.20B,0.19,$0.05B,$0.02B,34.78%,$0.05B,$-0.01B,-28.26%,$0.05B,$-0.01B,-28.26%,$0.05B,$0.00B,8.70%,$0.05B,$-0.02B,-36.96%,$0.05B,$-0.02B,-36.96%,$-0.02B,$0.20B,-8.27%,$-0.02B,$0.20B,-8.27%,$-0.02B,$0.26B,-6.23%,$-0.01B,$0.23B,-5.22%,$11,$7,$4,$0,$2,$12,$-1,$-1,$-1,$0,$-1,$-1,$-2,$-4,$-1,$6,6,$-0.29,$-0.29,$24,$2,$1,$31,$0,$22,$0,$10,$225,$256,$24,$37,$0,$37,$61,$1,$-58,$0,$195,$256,$-14,$9,$4,$12,$0,$0,$0,$4,$4,$3,$4,$0,$0,$0,$-1,$-1,$-7,$-4,$-7,$0,$-7,$0,$0,$-1,$0,$-9,$-10,$0,$-1
13,2013-03-31,6.85,$45.13,0.15,$12.40,0.55,$9.13,0.75,$-2.00,0.0,$0.04B,$0.02B,1.68,$0.04B,$0.21B,0.22,$0.05B,$0.02B,42.86%,$0.05B,$-0.01B,-12.24%,$0.05B,$-0.01B,-12.24%,$0.05B,$0.01B,24.49%,$0.05B,$-0.01B,-18.37%,$0.05B,$-0.01B,-18.37%,$-0.01B,$0.21B,-4.28%,$-0.01B,$0.21B,-4.28%,$-0.01B,$0.27B,-3.20%,$-0.01B,$0.25B,-2.32%,$9,$7,$2,$0,$2,$12,$-3,$-1,$-3,$0,$-3,$-3,$-4,$0,$-3,$6,6,$-0.64,$-0.64,$27,$2,$2,$37,$0,$23,$0,$9,$235,$272,$22,$44,$1,$45,$67,$1,$-49,$0,$205,$272,$-5,$4,$0,$5,$0,$0,$0,$2,$2,$2,$0,$0,$0,$0,$0,$0,$-7,$-7,$-2,$0,$-2,$0,$0,$-1,$0,$-3,$-8,$0,$-1
14,2012-12-31,5.34,$46.25,0.12,$14.36,0.37,$10.95,0.49,$-3.90,0.0,$0.05B,$0.02B,2.02,$0.05B,$0.21B,0.22,$0.05B,$0.03B,48.08%,$0.05B,$-0.01B,-19.23%,$0.05B,$-0.01B,-19.23%,$0.05B,$0.01B,15.38%,$0.05B,$-0.01B,-25.00%,$0.05B,$-0.01B,-25.00%,$-0.01B,$0.21B,-6.21%,$-0.01B,$0.21B,-6.21%,$-0.01B,$0.28B,-4.59%,$-0.01B,$0.26B,-3.83%,$8,$8,$0,$0,$2,$13,$-5,$-1,$-5,$0,$-5,$-5,$-6,$3,$-5,$6,6,$-1.00,$-1.00,$34,$2,$5,$45,$0,$17,$0,$9,$233,$278,$22,$46,$1,$46,$69,$1,$-43,$0,$210,$278,$-13,$18,$9,$27,$-0,$1,$0,$-1,$-5,$9,$4,$0,$0,$0,$0,$0,$-8,$-4,$-13,$0,$-13,$15,$15,$-4,$-0,$-3,$2,$1,$-4
15,2012-09-30,6.47,$0.00,0.0,$16.10,0.4,$13.23,0.49,$-3.10,0.0,$0.05B,$0.02B,2.12,$0.05B,$0.21B,0.23,$0.06B,$0.03B,50.91%,$0.06B,$-0.01B,-12.73%,$0.06B,$-0.01B,-12.73%,$0.06B,$0.01B,20.00%,$0.06B,$-0.01B,-18.18%,$0.06B,$-0.01B,-18.18%,$-0.01B,$0.21B,-4.76%,$-0.01B,$0.21B,-4.76%,$-0.01B,$0.29B,-3.47%,$-0.01B,$0.26B,-2.63%,$12,$9,$3,$0,$2,$18,$-6,$-1,$-7,$0,$-7,$-7,$-7,$5,$-6,$5,5,$-1.36,$-1.36,$37,$2,$4,$48,$0,$17,$0,$8,$237,$285,$23,$49,$1,$50,$73,$1,$-41,$0,$212,$285,$-11,$13,$9,$22,$0,$0,$0,$-5,$-5,$6,$4,$0,$0,$0,$0,$0,$-7,$-3,$-10,$0,$-10,$15,$15,$-4,$-0,$1,$5,$1,$-4
16,2012-06-30,6.7,$47.47,0.14,$18.23,0.37,$14.11,0.47,$-2.70,0.0,$0.05B,$0.02B,2.34,$0.05B,$0.21B,0.25,$0.06B,$0.03B,50.00%,$0.06B,$-0.01B,-8.62%,$0.06B,$-0.01B,-8.62%,$0.06B,$0.01B,22.41%,$0.06B,$-0.01B,-13.79%,$0.06B,$-0.01B,-13.79%,$-0.01B,$0.21B,-3.80%,$-0.01B,$0.21B,-3.80%,$-0.01B,$0.29B,-2.74%,$-0.01B,$0.27B,-1.85%,$10,$8,$2,$0,$2,$13,$-3,$-1,$-4,$0,$-4,$-4,$-4,$4,$-3,$6,6,$-0.72,$-0.72,$40,$2,$2,$48,$0,$18,$0,$8,$242,$290,$21,$54,$1,$55,$76,$1,$-39,$0,$214,$290,$-10,$9,$9,$18,$0,$0,$0,$-1,$-1,$6,$4,$0,$0,$0,$0,$0,$-7,$-3,$-8,$0,$-8,$15,$15,$-3,$0,$5,$8,$0,$-3
17,2012-03-31,12.53,$64.68,0.19,$19.27,0.65,$12.71,0.99,$-2.30,0.0,$0.04B,$0.02B,2.12,$0.06B,$0.20B,0.3,$0.06B,$0.03B,50.82%,$0.06B,$-0.00B,-4.92%,$0.06B,$-0.00B,-4.92%,$0.06B,$0.01B,22.95%,$0.06B,$-0.01B,-11.48%,$0.06B,$-0.01B,-11.48%,$-0.01B,$0.20B,-3.33%,$-0.01B,$0.20B,-3.33%,$-0.01B,$0.28B,-2.36%,$-0.00B,$0.26B,-1.10%,$10,$9,$1,$0,$2,$14,$-4,$-1,$-5,$0,$-5,$-5,$-5,$-4,$-4,$6,6,$-0.95,$-0.95,$31,$2,$2,$40,$0,$16,$0,$5,$241,$281,$19,$59,$1,$61,$79,$1,$-36,$0,$202,$281,$-9,$5,$9,$13,$0,$0,$0,$-1,$-1,$3,$4,$0,$0,$0,$0,$0,$-2,$2,$-5,$0,$-5,$0,$0,$-2,$0,$-6,$-1,$0,$-2
18,2011-12-31,12.69,$68.00,0.19,$19.50,0.65,$11.78,1.08,$0.40,31.72,$0.04B,$0.02B,1.84,$0.06B,$0.21B,0.29,$0.06B,$0.03B,49.18%,$0.06B,$0.01B,8.20%,$0.06B,$0.01B,8.20%,$0.06B,$0.02B,36.07%,$0.06B,$0.00B,1.64%,$0.06B,$0.00B,1.64%,$0.00B,$0.21B,0.47%,$0.00B,$0.21B,0.47%,$0.00B,$0.30B,0.33%,$0.01B,$0.27B,1.78%,$9,$6,$3,$0,$2,$11,$-2,$-1,$-2,$0,$-2,$-2,$-2,$6,$-2,$5,5,$-0.50,$-0.50,$32,$3,$0,$39,$0,$14,$0,$5,$257,$296,$21,$62,$2,$63,$84,$1,$-26,$0,$212,$296,$1,$17,$1,$17,$3,$-1,$-2,$-0,$-2,$17,$0,$0,$0,$0,$0,$0,$2,$2,$-13,$0,$-13,$0,$0,$-8,$-0,$-22,$-3,$1,$-8
19,2011-09-30,16.65,$0.00,0.0,$18.70,0.89,$5.13,3.24,$-0.30,0.0,$0.04B,$0.02B,1.79,$0.07B,$0.21B,0.31,$0.06B,$0.03B,42.37%,$0.06B,$0.00B,1.69%,$0.06B,$0.00B,1.69%,$0.06B,$0.02B,30.51%,$0.06B,$-0.00B,-1.69%,$0.06B,$-0.00B,-1.69%,$-0.00B,$0.21B,-0.46%,$-0.00B,$0.21B,-0.46%,$-0.00B,$0.30B,-0.32%,$0.00B,$0.28B,0.35%,$10,$7,$3,$0,$2,$95,$-85,$-1,$-86,$0,$-86,$-86,$-86,$7,$-85,$5,5,$-18.96,$-18.96,$31,$2,$3,$41,$0,$14,$0,$5,$20,$303,$23,$65,$2,$67,$90,$1,$-25,$0,$213,$303,$0,$13,$2,$14,$0,$0,$0,$-4,$-4,$10,$0,$0,$0,$0,$0,$0,$1,$1,$-10,$0,$-10,$0,$0,$-6,$-0,$-16,$-5,$0,$-6
20,2011-06-30,22.54,$0.00,0.0,$17.57,1.28,$0.20,113.99,$-1.50,0.0,$0.04B,$0.02B,1.77,$0.07B,$0.21B,0.31,$0.06B,$0.02B,40.00%,$0.06B,$-0.00B,-3.64%,$0.06B,$-0.00B,-3.64%,$0.06B,$0.01B,23.64%,$0.06B,$-0.01B,-9.09%,$0.06B,$-0.01B,-9.09%,$-0.01B,$0.21B,-2.30%,$-0.01B,$0.21B,-2.30%,$-0.01B,$0.31B,-1.61%,$-0.00B,$0.28B,-0.71%,$9,$7,$2,$0,$2,$12,$-3,$-1,$-4,$0,$-4,$-4,$-4,$5,$-3,$5,5,$-0.80,$-0.80,$31,$2,$2,$39,$0,$14,$0,$5,$20,$305,$22,$67,$2,$69,$91,$1,$-23,$0,$214,$305,$-1,$8,$0,$8,$0,$0,$0,$-2,$-2,$6,$0,$0,$0,$0,$0,$0,$2,$2,$-8,$0,$-8,$0,$0,$-4,$-0,$-12,$-5,$0,$-4
21,2011-03-31,24.6,$0.00,0.0,$17.09,1.44,$-3.63,0.0,$-1.30,0.0,$0.04B,$0.03B,1.72,$0.07B,$0.22B,0.33,$0.05B,$0.02B,39.62%,$0.05B,$-0.00B,-3.77%,$0.05B,$-0.00B,-3.77%,$0.05B,$0.01B,24.53%,$0.05B,$-0.00B,-7.55%,$0.05B,$-0.00B,-7.55%,$-0.00B,$0.22B,-1.81%,$-0.00B,$0.22B,-1.81%,$-0.00B,$0.31B,-1.29%,$-0.00B,$0.29B,-0.71%,$10,$8,$1,$0,$2,$18,$-8,$-1,$-9,$0,$-9,$-9,$-9,$4,$-8,$5,5,$-2.00,$-2.00,$36,$2,$1,$42,$0,$15,$0,$5,$20,$313,$25,$70,$2,$72,$97,$1,$-21,$0,$216,$313,$-1,$4,$-0,$4,$0,$0,$0,$1,$1,$4,$0,$0,$0,$0,$0,$0,$0,$0,$-3,$0,$-3,$0,$0,$-2,$-0,$-5,$-1,$0,$-2
22,2010-12-31,18.52,$70.54,0.26,$16.97,1.09,$-3.99,0.0,$-2.10,0.0,$0.05B,$0.03B,1.84,$0.08B,$0.22B,0.34,$0.05B,$0.02B,43.40%,$0.05B,$-0.00B,-1.89%,$0.05B,$-0.00B,-1.89%,$0.05B,$0.02B,28.30%,$0.05B,$-0.01B,-11.32%,$0.05B,$-0.01B,-11.32%,$-0.01B,$0.22B,-2.69%,$-0.01B,$0.22B,-2.69%,$-0.01B,$0.32B,-1.93%,$-0.00B,$0.29B,-0.36%,$11,$8,$3,$0,$2,$15,$-4,$-1,$-5,$0,$-5,$-5,$-5,$2,$-4,$5,5,$-1.00,$-1.00,$36,$2,$1,$46,$0,$14,$0,$5,$20,$322,$25,$75,$3,$78,$103,$1,$-19,$0,$219,$322,$-7,$16,$-7,$16,$-6,$0,$2,$13,$10,$13,$-16,$0,$0,$0,$0,$-15,$2,$-29,$17,$0,$17,$0,$0,$-7,$-0,$10,$-7,$1,$-7
23,2010-09-30,19.71,$0.00,0.0,$18.18,1.08,$-15.14,0.0,$-7.10,0.0,$0.03B,$0.02B,1.2,$0.05B,$0.22B,0.23,$0.06B,$0.03B,51.79%,$0.06B,$-0.01B,-8.93%,$0.06B,$-0.01B,-8.93%,$0.06B,$0.01B,21.43%,$0.06B,$-0.02B,-37.50%,$0.06B,$-0.02B,-37.50%,$-0.02B,$0.22B,-9.28%,$-0.02B,$0.22B,-9.28%,$-0.02B,$0.30B,-6.75%,$-0.01B,$0.27B,-1.79%,$12,$7,$5,$0,$2,$14,$-1,$-1,$-2,$0,$-2,$-2,$-2,$2,$-1,$4,4,$0.00,$0.00,$19,$2,$4,$28,$0,$6,$0,$5,$11,$299,$24,$50,$4,$54,$78,$1,$-16,$0,$221,$299,$-6,$12,$0,$12,$0,$0,$0,$0,$8,$11,$-16,$0,$0,$0,$0,$-6,$2,$-21,$0,$0,$-9,$0,$0,$-5,$-0,$-14,$-24,$0,$0
24,2010-06-30,17.12,$0.00,0.0,$19.83,0.86,$-28.03,0.0,$-5.40,0.0,$0.04B,$0.03B,1.41,$0.05B,$0.23B,0.23,$0.06B,$0.03B,55.74%,$0.06B,$-0.00B,-3.28%,$0.06B,$-0.00B,-3.28%,$0.06B,$0.02B,27.87%,$0.06B,$-0.02B,-26.23%,$0.06B,$-0.02B,-26.23%,$-0.02B,$0.23B,-6.86%,$-0.02B,$0.23B,-6.86%,$-0.02B,$0.31B,-4.95%,$-0.00B,$0.28B,-0.69%,$13,$7,$7,$0,$2,$13,$0,$-1,$-1,$0,$-1,$-1,$-1,$5,$0,$5,5,$-0.20,$-0.20,$26,$2,$7,$37,$0,$0,$0,$7,$7,$308,$26,$52,$4,$56,$82,$1,$-11,$0,$226,$308,$-2,$9,$0,$9,$0,$0,$0,$0,$8,$9,$-16,$0,$0,$0,$0,$0,$-0,$-16,$0,$0,$-6,$0,$0,$-3,$-0,$-9,$-16,$0,$0
25,2010-03-31,18.42,$0.00,0.0,$20.26,0.91,$-33.93,0.0,$-7.40,0.0,$0.06B,$0.03B,1.88,$0.06B,$0.23B,0.24,$0.06B,$0.04B,58.06%,$0.06B,$-0.00B,-1.61%,$0.06B,$-0.00B,-1.61%,$0.06B,$0.02B,29.03%,$0.06B,$-0.02B,-35.48%,$0.06B,$-0.02B,-35.48%,$-0.02B,$0.23B,-9.20%,$-0.02B,$0.23B,-9.20%,$-0.02B,$0.32B,-6.64%,$-0.00B,$0.28B,-0.34%,$13,$7,$6,$0,$2,$13,$-1,$-1,$-1,$0,$-1,$-1,$-1,$6,$-1,$3,3,$-0.40,$-0.40,$40,$2,$11,$56,$0,$0,$0,$7,$7,$315,$30,$55,$4,$59,$88,$1,$-10,$0,$227,$315,$-3,$4,$0,$4,$0,$0,$0,$0,$2,$3,$0,$0,$0,$0,$0,$0,$0,$0,$0,$0,$-3,$0,$0,$-2,$-0,$-5,$-2,$0,$0
26,2009-12-31,18.53,$0.00,0.0,$20.79,0.89,$-42.09,0.0,$-5.10,0.0,$0.06B,$0.03B,1.94,$0.06B,$0.23B,0.25,$0.06B,$0.04B,58.73%,$0.06B,0,0.00%,$0.06B,0,0.00%,$0.06B,$0.02B,28.57%,$0.06B,$-0.02B,-23.81%,$0.06B,$-0.02B,-23.81%,$-0.02B,$0.23B,-6.07%,$-0.02B,$0.23B,-6.07%,$-0.02B,$0.32B,-4.45%,$0.00B,$0.29B,0.00%,$14,$7,$7,$0,$2,$22,$-8,$-1,$-9,$0,$-9,$-9,$-9,$-1,$-8,$3,3,$-2.80,$-2.80,$43,$2,$13,$59,$0,$0,$0,$7,$7,$323,$30,$57,$4,$62,$92,$1,$-5,$0,$231,$323,$-16,$19,$18,$19,$0,$0,$-0,$-16,$-10,$8,$-46,$0,$0,$0,$0,$0,$-0,$-46,$16,$0,$16,$1,$1,$-11,$-0,$5,$-33,$1,$-11
27,2009-09-30,20.14,$0.00,0.0,$23.42,0.86,$-20.39,0.0,$-7.20,0.0,$0.06B,$0.02B,2.37,$0.07B,$0.25B,0.26,$0.07B,$0.05B,63.38%,$0.07B,$0.02B,22.54%,$0.07B,$0.02B,22.54%,$0.07B,$0.04B,52.11%,$0.07B,$-0.02B,-30.99%,$0.07B,$-0.02B,-30.99%,$-0.02B,$0.25B,-8.62%,$-0.02B,$0.25B,-8.62%,$-0.02B,$0.35B,-6.44%,$0.02B,$0.32B,5.13%,$15,$7,$8,$0,$2,$14,$2,$-0,$1,$0,$1,$1,$1,$7,$2,$3,3,$0.40,$0.40,$47,$2,$7,$57,$0,$0,$0,$7,$7,$346,$24,$66,$7,$73,$97,$1,$13,$0,$249,$346,$1,$14,$0,$14,$0,$0,$0,$0,$-6,$11,$-56,$0,$0,$0,$0,$0,$-1,$-57,$0,$0,$23,$0,$1,$-9,$-0,$14,$-31,$0,$0
28,2009-06-30,21.91,$0.00,0.0,$29.43,0.74,$-0.24,0.0,$-2.90,0.0,$0.07B,$0.03B,2.8,$0.06B,$0.25B,0.23,$0.09B,$0.06B,70.79%,$0.09B,$0.03B,34.83%,$0.09B,$0.03B,34.83%,$0.09B,$0.06B,67.42%,$0.09B,$-0.01B,-10.11%,$0.09B,$-0.01B,-10.11%,$-0.01B,$0.25B,-3.38%,$-0.01B,$0.25B,-3.38%,$-0.01B,$0.34B,-2.58%,$0.03B,$0.31B,9.75%,$16,$8,$8,$0,$2,$14,$2,$-2,$1,$0,$1,$1,$1,$6,$2,$3,3,$0.20,$0.20,$62,$2,$6,$72,$0,$0,$0,$7,$8,$341,$26,$57,$8,$66,$91,$1,$14,$0,$250,$341,$-2,$9,$0,$9,$0,$0,$0,$0,$-6,$7,$-31,$0,$0,$0,$0,$0,$-0,$-32,$0,$0,$0,$0,$14,$-6,$-0,$7,$-18,$0,$0
29,2009-03-31,17.33,$0.00,0.0,$36.35,0.48,$6.57,2.64,$4.00,4.33,$0.07B,$0.02B,3.21,$0.06B,$0.26B,0.23,$0.11B,$0.08B,74.55%,$0.11B,$0.04B,40.00%,$0.11B,$0.04B,40.00%,$0.11B,$0.07B,66.36%,$0.11B,$0.01B,10.91%,$0.11B,$0.01B,10.91%,$0.01B,$0.26B,4.36%,$0.01B,$0.26B,4.36%,$0.01B,$0.34B,3.37%,$0.04B,$0.32B,13.53%,$16,$8,$8,$0,$2,$14,$1,$-1,$0,$0,$0,$0,$0,$6,$1,$3,3,$0.00,$0.00,$60,$2,$4,$67,$0,$0,$0,$8,$8,$339,$21,$60,$0,$60,$81,$1,$22,$0,$258,$339,$4,$5,$0,$5,$0,$0,$0,$0,$-0,$6,$-29,$0,$0,$0,$0,$0,$1,$-28,$0,$0,$7,$0,$0,$-3,$-0,$4,$-18,$0,$0
30,2008-12-31,18.91,$0.00,0.0,$42.16,0.45,$21.05,0.9,$7.70,2.46,$0.09B,$0.02B,4.48,$0.04B,$0.26B,0.17,$0.13B,$0.10B,76.56%,$0.13B,$0.06B,42.97%,$0.13B,$0.06B,42.97%,$0.13B,$0.09B,68.75%,$0.13B,$0.02B,17.97%,$0.13B,$0.02B,17.97%,$0.02B,$0.26B,8.19%,$0.02B,$0.26B,8.19%,$0.02B,$0.34B,6.31%,$0.06B,$0.31B,16.72%,$14,$8,$6,$0,$2,$15,$-0,$-0,$-1,$0,$-1,$-1,$-1,$18,$-0,$3,3,$-0.20,$-0.20,$77,$2,$11,$93,$0,$0,$0,$7,$14,$340,$21,$44,$11,$55,$76,$1,$29,$0,$264,$340,$24,$33,$0,$33,$0,$0,$0,$0,$-9,$74,$-45,$0,$0,$0,$0,$0,$-1,$-46,$0,$0,$-26,$0,$2,$-35,$-0,$-58,$-30,$0,$0
31,2008-09-30,33.7,$0.00,0.0,$45.54,0.74,$-24.65,0.0,$20.60,1.64,$0.09B,$0.02B,3.76,$0.05B,$0.29B,0.16,$0.14B,$0.11B,77.94%,$0.14B,$0.06B,44.85%,$0.14B,$0.06B,44.85%,$0.14B,$0.09B,66.91%,$0.14B,$0.06B,44.85%,$0.14B,$0.06B,44.85%,$0.06B,$0.29B,21.55%,$0.06B,$0.29B,21.55%,$0.06B,$0.37B,16.40%,$0.06B,$0.34B,18.26%,$13,$10,$3,$0,$-0,$14,$-2,$1,$-1,$0,$-1,$-1,$-1,$30,$-2,$3,3,$-0.30,$-0.30,$79,$2,$5,$89,$0,$0,$0,$7,$15,$373,$24,$47,$10,$56,$80,$1,$57,$0,$293,$373,$46,$25,$0,$25,$0,$0,$0,$0,$-7,$61,$-44,$0,$0,$0,$0,$0,$-1,$-45,$0,$0,$-19,$0,$2,$-28,$-0,$-46,$-30,$0,$0
32,2008-06-30,53.44,$0.00,0.0,$42.86,1.25,$-54.97,0.0,$19.50,2.74,$0.08B,$0.03B,3.26,$0.05B,$0.29B,0.17,$0.12B,$0.09B,77.05%,$0.12B,$0.05B,44.26%,$0.12B,$0.05B,44.26%,$0.12B,$0.08B,62.30%,$0.12B,$0.06B,45.08%,$0.12B,$0.06B,45.08%,$0.06B,$0.29B,21.85%,$0.06B,$0.29B,21.85%,$0.06B,$0.37B,16.15%,$0.05B,$0.34B,17.73%,$12,$7,$5,$0,$2,$13,$-1,$-2,$-3,$0,$-3,$-3,$-3,$19,$-1,$3,3,$-1.00,$-1.00,$73,$2,$4,$81,$0,$0,$0,$8,$15,$373,$25,$50,$12,$62,$87,$1,$52,$0,$287,$373,$31,$12,$0,$12,$0,$0,$0,$0,$-4,$40,$-44,$0,$0,$0,$0,$0,$-0,$-44,$0,$0,$-14,$0,$2,$-19,$0,$-31,$-35,$0,$0
33,2008-03-31,48.47,$0.00,0.0,$39.51,1.23,$-70.90,0.0,$17.90,2.71,$0.13B,$0.03B,3.78,$0.05B,$0.28B,0.19,$0.10B,$0.08B,76.47%,$0.10B,$0.05B,45.10%,$0.10B,$0.05B,45.10%,$0.10B,$0.07B,66.67%,$0.10B,$0.05B,44.12%,$0.10B,$0.05B,44.12%,$0.05B,$0.28B,22.22%,$0.05B,$0.28B,22.22%,$0.05B,$0.37B,15.50%,$0.05B,$0.33B,17.90%,$14,$6,$7,$0,$2,$13,$1,$-0,$1,$0,$1,$1,$1,$21,$1,$3,3,$0.20,$0.20,$115,$2,$6,$125,$0,$0,$0,$8,$15,$371,$33,$53,$5,$58,$91,$1,$46,$0,$280,$371,$15,$8,$0,$8,$0,$0,$0,$0,$2,$23,$-1,$0,$0,$0,$0,$0,$0,$-1,$0,$0,$-6,$0,$2,$-9,$0,$-13,$9,$0,$0
34,2007-12-31,49.04,$0.00,0.0,$36.94,1.33,$-78.75,0.0,$18.70,2.62,$0.12B,$0.04B,3.36,$0.06B,$0.27B,0.21,$0.08B,$0.06B,75.90%,$0.08B,$0.04B,48.19%,$0.08B,$0.04B,48.19%,$0.08B,$0.06B,68.67%,$0.08B,$0.04B,46.99%,$0.08B,$0.04B,46.99%,$0.04B,$0.27B,25.24%,$0.04B,$0.27B,25.24%,$0.04B,$0.37B,16.35%,$0.04B,$0.33B,19.14%,$14,$6,$8,$0,$2,$13,$1,$-4,$-3,$0,$-3,$-3,$-3,$21,$1,$3,3,$-1.00,$-1.00,$106,$2,$9,$118,$0,$0,$0,$9,$15,$371,$35,$56,$8,$64,$99,$1,$40,$0,$272,$371,$41,$19,$0,$19,$0,$0,$0,$0,$-5,$49,$-150,$0,$0,$0,$0,$0,$3,$-147,$0,$7,$0,$0,$214,$-20,$-2,$199,$101,$0,$0
35,2007-09-30,56.59,$0.00,0.0,$35.01,1.62,$-61.30,0.0,$17.00,3.33,$0.05B,$0.03B,1.95,$0.05B,$0.17B,0.32,$0.06B,$0.05B,74.60%,$0.06B,$0.03B,47.62%,$0.06B,$0.03B,47.62%,$0.06B,$0.04B,69.84%,$0.06B,$0.03B,46.03%,$0.06B,$0.03B,46.03%,$0.03B,$0.17B,30.21%,$0.03B,$0.17B,30.21%,$0.03B,$0.25B,16.55%,$0.03B,$0.22B,19.90%,$16,$7,$9,$0,$10,$22,$-6,$-10,$-16,$0,$-16,$-16,$-16,$15,$-6,$3,3,$-5.30,$-5.30,$44,$1,$5,$50,$0,$0,$0,$12,$15,$247,$26,$53,$1,$53,$79,$1,$31,$0,$168,$247,$25,$13,$0,$13,$0,$0,$0,$0,$-1,$33,$-93,$0,$0,$0,$0,$0,$-1,$-94,$0,$0,$-4,$0,$119,$-13,$-1,$101,$40,$0,$0
36,2007-06-30,54.49,$0.00,0.0,$33.45,1.63,$-44.12,0.0,$17.40,3.13,$0.01B,$0.03B,0.44,$0.06B,$0.09B,0.62,$0.05B,$0.04B,74.51%,$0.05B,$0.02B,47.06%,$0.05B,$0.02B,47.06%,$0.05B,$0.03B,64.71%,$0.05B,$0.03B,49.02%,$0.05B,$0.03B,49.02%,$0.03B,$0.09B,39.68%,$0.03B,$0.09B,39.68%,$0.03B,$0.17B,18.08%,$0.02B,$0.15B,20.78%,$17,$7,$10,$0,$3,$15,$2,$-1,$2,$0,$2,$2,$2,$11,$2,$3,3,$0.70,$0.70,$9,$1,$1,$11,$0,$0,$0,$9,$13,$172,$26,$56,$1,$56,$82,$1,$28,$0,$90,$172,$16,$7,$0,$7,$0,$0,$0,$0,$1,$21,$-53,$0,$0,$0,$0,$0,$-1,$-54,$0,$0,$1,$0,$44,$-7,$-1,$37,$4,$0,$0
37,2007-03-31,37.47,$0.00,0.0,$33.09,1.13,$-27.00,0.0,$19.10,1.96,$0.05B,$0.02B,2.12,$0.05B,$0.09B,0.6,$0.05B,$0.03B,73.33%,$0.05B,$0.02B,48.89%,$0.05B,$0.02B,48.89%,$0.05B,$0.03B,60.00%,$0.05B,$0.03B,57.78%,$0.05B,$0.03B,57.78%,$0.03B,$0.09B,53.61%,$0.03B,$0.09B,53.61%,$0.03B,$0.16B,22.32%,$0.02B,$0.14B,23.04%,$15,$6,$9,$0,$2,$13,$2,$-7,$-5,$0,$-5,$-5,$-5,$10,$2,$3,3,$-1.80,$-1.80,$41,$1,$3,$46,$0,$0,$0,$10,$12,$164,$22,$53,$1,$54,$75,$1,$26,$0,$88,$164,$9,$3,$0,$3,$0,$0,$0,$0,$-1,$9,$-10,$0,$0,$0,$0,$0,$-0,$-10,$0,$0,$-4,$0,$44,$-3,$-1,$37,$35,$0,$0
