,Date,Stock Price,Book Value per Share,Price to Book Ratio,TTM Sales per Share,Price to Sales Ratio,TTM FCF per Share,Price to FCF Ratio,TTM Net EPS,PE Ratio,Current Assets,Current Liabilities,Current Ratio,Long Term Debt,Shareholder's Equity_x,Debt to Equity Ratio,TTM Revenue_x,TTM Gross Profit,Gross Margin,TTM Revenue_y,TTM Operating Income,Operating Margin,TTM Revenue_x,TTM EBIT,EBIT Margin,TTM Revenue_y,TTM EBITDA,EBITDA Margin,TTM Revenue_x,TTM Pre-Tax Income,Pre-Tax Margin,TTM Revenue_y,TTM Net Income_x,Net Margin,TTM Net Income_y,Shareholder's Equity_y,Return on Equity,TTM Net Income_x,Tangible Equity,Return on Tangible Equity,TTM Net Income_y,Total Assets,Return on Assets,TTM Net Income,LT Investments & Debt,Return on Investment,revenue,cost-goods-sold,gross-profit,research-development-expenses,selling-general-administrative-expenses,operating-expenses,operating-income,total-non-operating-income-expense,pre-tax-income,total-provision-income-taxes,income-after-taxes,income-from-continuous-operations,net-income,ebitda,ebit,basic-shares-outstanding,shares-outstanding,eps-basic-net-earnings-per-share,eps-earnings-per-share-diluted,cash-on-hand,inventory,other-current-assets,total-current-assets,net-property-plant-equipment,long-term-investments,goodwill-intangible-assets-total,other-long-term-assets,total-long-term-assets,total-assets,total-current-liabilities,long-term-debt,other-non-current-liabilities,total-long-term-liabilities,total-liabilities,common-stock-net,retained-earnings-accumulated-deficit,comprehensive-income,total-share-holder-equity,total-liabilities-share-holders-equity,net-income-loss,total-depreciation-amortization-cash-flow,other-non-cash-items,total-non-cash-items,change-in-accounts-receivable,change-in-inventories,change-in-accounts-payable,change-in-assets-liabilities,total-change-in-assets-liabilities,cash-flow-from-operating-activities,net-change-in-property-plant-equipment,net-change-in-intangible-assets,net-acquisitions-divestitures,net-change-in-short-term-investments,net-change-in-long-term-investments,net-change-in-investments-total,investing-activities-other,cash-flow-from-investing-activities,net-long-term-debt,net-current-debt,debt-issuance-retirement-net-total,net-common-equity-issued-repurchased,net-total-equity-issued-repurchased,total-common-preferred-stock-dividends-paid,financial-activities-other,cash-flow-from-financial-activities,net-cash-flow,stock-based-compensation,common-stock-dividends-paid
0,2018-09-30,208.5,$182.60,1.14,$47.34,4.4,$-22.60,0.0,$4.05,51.48,$3.77B,$9.77B,0.39,$0.39B,$3.52B,0.11,$0.97B,$0.67B,69.32%,$0.97B,$0.09B,8.88%,$0.97B,$0.09B,8.88%,$0.97B,$0.11B,11.78%,$0.97B,$0.05B,5.58%,$0.97B,$0.08B,8.16%,$0.08B,$3.92B,2.24%,$0.08B,$3.70B,2.38%,$0.08B,$15.12B,0.53%,$0.09B,$4.31B,2.09%,$295,$154,$141,$0,$103,$311,$-15,$-6,$-22,$1,$-22,$-22,$-16,$-8,$-15,$21,22,$-0.74,$-0.74,$1028,$0,$0,$3770,$0,$8875,$219,$2118,$11352,$15121,$9767,$394,$570,$1438,$11206,$21,$2083,$9,$3916,$15121,$-63,$25,$379,$404,$-305,$0,$145,$26,$-135,$91,$0,$0,$2,$39,$340,$379,$-792,$-411,$-249,$0,$-249,$0,$389,$-5,$0,$135,$-185,$0,$0
1,2018-06-30,207.3,$183.51,1.13,$46.05,4.5,$-51.46,0.0,$6.78,30.58,$3.95B,$9.83B,0.4,$0.44B,$3.53B,0.13,$0.91B,$0.70B,76.15%,$0.91B,$0.14B,14.77%,$0.91B,$0.14B,14.77%,$0.91B,$0.17B,18.16%,$0.91B,$0.10B,10.72%,$0.91B,$0.13B,14.66%,$0.13B,$3.93B,4.06%,$0.13B,$3.71B,4.30%,$0.13B,$15.20B,0.91%,$0.14B,$4.37B,3.41%,$256,$93,$163,$0,$103,$249,$7,$-3,$4,$4,$-0,$-0,$8,$18,$7,$20,21,$0.40,$0.40,$1184,$0,$0,$3948,$0,$8756,$220,$2137,$11255,$15203,$9825,$440,$525,$1451,$11276,$21,$2098,$11,$3927,$15203,$-41,$18,$333,$351,$-340,$0,$118,$-66,$-289,$-113,$0,$0,$6,$35,$325,$360,$-470,$-105,$-204,$0,$-204,$0,$389,$0,$0,$186,$-29,$0,$0
2,2018-03-31,210.25,$160.13,1.31,$48.37,4.35,$-59.47,0.0,$11.00,19.11,$4.34B,$10.17B,0.43,$0.86B,$3.11B,0.28,$0.94B,$0.81B,85.81%,$0.94B,$0.26B,27.33%,$0.94B,$0.26B,27.33%,$0.94B,$0.29B,30.51%,$0.94B,$0.21B,21.72%,$0.94B,$0.22B,22.88%,$0.22B,$3.11B,7.05%,$0.22B,$2.93B,7.49%,$0.22B,$15.61B,1.47%,$0.26B,$3.97B,6.85%,$118,$20,$99,$0,$95,$145,$-26,$-14,$-40,$0,$-40,$-40,$-41,$-20,$-26,$19,20,$-2.12,$-2.12,$1136,$0,$0,$4336,$0,$8136,$179,$2863,$11276,$15612,$10172,$861,$975,$2331,$12502,$19,$2090,$11,$3109,$15612,$-40,$7,$248,$254,$-348,$0,$120,$576,$348,$-74,$0,$0,$0,$18,$32,$50,$-280,$-230,$212,$0,$212,$0,$0,$0,$0,$213,$-77,$0,$0
3,2017-12-31,200.75,$162.10,1.24,$56.69,3.54,$-60.51,0.0,$15.92,12.61,$3.91B,$8.34B,0.47,$0.65B,$3.15B,0.21,$1.11B,$0.91B,82.55%,$1.11B,$0.36B,32.82%,$1.11B,$0.36B,32.82%,$1.11B,$0.40B,35.80%,$1.11B,$0.31B,28.39%,$1.11B,$0.31B,28.21%,$0.31B,$3.15B,10.38%,$0.31B,$2.97B,11.05%,$0.31B,$13.61B,2.15%,$0.36B,$3.79B,9.88%,$299,$30,$268,$0,$127,$178,$120,$-8,$112,$-10,$122,$122,$128,$124,$120,$19,20,$6.58,$6.54,$1213,$0,$0,$3905,$0,$7232,$181,$2211,$9702,$13606,$8335,$647,$984,$2125,$10460,$19,$2133,$10,$3146,$13606,$332,$32,$-79,$-47,$-531,$0,$-158,$339,$-349,$-343,$0,$0,$122,$72,$233,$304,$-134,$293,$-38,$0,$-38,$0,$0,$-27,$0,$-65,$-106,$0,$-27
4,2017-09-30,222.35,$156.31,1.42,$52.13,4.27,$-53.36,0.0,$10.57,21.04,$3.72B,$8.56B,0.44,$0.65B,$3.03B,0.22,$1.02B,$0.85B,83.96%,$1.02B,$0.28B,27.46%,$1.02B,$0.28B,27.46%,$1.02B,$0.32B,31.10%,$1.02B,$0.24B,23.33%,$1.02B,$0.21B,20.37%,$0.21B,$3.03B,7.08%,$0.21B,$2.85B,7.56%,$0.21B,$14.76B,1.44%,$0.28B,$3.69B,7.76%,$241,$76,$166,$0,$100,$207,$34,$-12,$22,$1,$21,$21,$39,$44,$34,$19,20,$2.01,$1.99,$949,$0,$0,$3722,$0,$7431,$182,$3335,$11038,$14759,$8557,$653,$2054,$3171,$11728,$19,$2037,$-5,$3032,$14759,$198,$29,$-39,$-10,$-629,$0,$-140,$306,$-463,$-482,$0,$0,$19,$58,$203,$260,$-115,$164,$-30,$0,$-30,$0,$0,$-27,$0,$-58,$-369,$0,$-27
5,2017-06-30,198.65,$153.25,1.3,$56.75,3.5,$-33.61,0.0,$16.60,11.97,$3.83B,$8.81B,0.43,$0.64B,$2.97B,0.22,$1.11B,$1.02B,92.67%,$1.11B,$0.43B,38.82%,$1.11B,$0.43B,38.82%,$1.11B,$0.46B,41.99%,$1.11B,$0.39B,35.29%,$1.11B,$0.32B,29.32%,$0.32B,$2.97B,11.33%,$0.32B,$2.79B,12.11%,$0.32B,$14.83B,2.35%,$0.43B,$3.61B,12.21%,$286,$10,$277,$0,$106,$156,$130,$-19,$111,$5,$107,$107,$90,$140,$130,$19,20,$4.65,$4.62,$1105,$0,$0,$3828,$0,$7326,$183,$3404,$11003,$14831,$8814,$641,$1924,$3045,$11859,$19,$1996,$-19,$2972,$14831,$174,$19,$-4,$15,$-571,$0,$76,$256,$-239,$-263,$0,$0,$0,$46,$153,$198,$-77,$121,$-39,$0,$-39,$0,$0,$-27,$0,$-67,$-214,$0,$-27
6,2017-03-31,191.3,$148.26,1.29,$57.61,3.32,$-29.63,0.0,$14.07,13.6,$3.98B,$8.88B,0.45,$0.73B,$2.87B,0.25,$1.12B,$0.95B,84.92%,$1.12B,$0.36B,31.76%,$1.12B,$0.36B,31.76%,$1.12B,$0.39B,34.70%,$1.12B,$0.33B,29.79%,$1.12B,$0.28B,24.53%,$0.28B,$2.87B,9.92%,$0.28B,$2.69B,10.64%,$0.28B,$14.88B,2.08%,$0.36B,$3.61B,10.41%,$280,$78,$202,$0,$102,$201,$79,$-10,$69,$-3,$72,$72,$55,$88,$79,$19,20,$2.82,$2.80,$1314,$0,$0,$3980,$0,$7264,$184,$3371,$10903,$14883,$8882,$731,$1900,$3127,$12009,$19,$1906,$-22,$2874,$14883,$72,$9,$-24,$-14,$-541,$0,$37,$574,$69,$-94,$0,$0,$0,$18,$69,$87,$-43,$44,$56,$0,$56,$0,$0,$0,$0,$56,$-5,$0,$0
7,2016-12-31,197.7,$145.10,1.36,$58.20,3.4,$-32.60,0.0,$13.62,14.52,$3.41B,$7.04B,0.48,$0.67B,$2.81B,0.24,$1.13B,$0.96B,84.62%,$1.13B,$0.35B,30.59%,$1.13B,$0.35B,30.59%,$1.13B,$0.38B,33.69%,$1.13B,$0.33B,28.91%,$1.13B,$0.27B,23.52%,$0.27B,$2.81B,9.86%,$0.27B,$2.63B,10.59%,$0.27B,$12.87B,2.09%,$0.35B,$3.48B,10.46%,$209,$1,$208,$0,$123,$172,$36,$-1,$35,$11,$24,$24,$23,$44,$36,$19,19,$1.17,$1.16,$1319,$0,$0,$3405,$0,$6043,$185,$3164,$9461,$12866,$7042,$674,$1856,$3013,$10055,$19,$1848,$-24,$2811,$12866,$304,$35,$-77,$-42,$-22,$0,$121,$404,$502,$-203,$0,$0,$-18,$29,$245,$274,$-99,$157,$78,$0,$78,$0,$0,$0,$6,$83,$23,$0,$0
8,2016-09-30,164.47,$144.07,1.14,$52.24,3.15,$-35.84,0.0,$18.21,9.03,$3.10B,$8.25B,0.38,$0.57B,$2.78B,0.21,$1.02B,$0.91B,89.26%,$1.02B,$0.33B,32.12%,$1.02B,$0.33B,32.12%,$1.02B,$0.35B,34.58%,$1.02B,$0.37B,36.55%,$1.02B,$0.36B,34.98%,$0.36B,$2.78B,13.52%,$0.36B,$2.60B,14.56%,$0.36B,$12.47B,2.85%,$0.33B,$3.35B,10.13%,$330,$-7,$337,$0,$103,$146,$184,$-9,$175,$8,$166,$166,$156,$192,$184,$19,19,$8.09,$8.02,$1287,$0,$0,$3100,$0,$7454,$186,$1515,$9371,$12471,$8247,$571,$323,$1443,$9690,$19,$1817,$-17,$2781,$12471,$275,$28,$-135,$-108,$197,$0,$-2,$574,$769,$-95,$0,$0,$10,$12,$92,$104,$-50,$64,$-32,$0,$-32,$0,$0,$0,$0,$-32,$-67,$0,$0
9,2016-06-30,161.99,$135.74,1.19,$49.08,3.3,$-58.62,0.0,$12.72,12.74,$3.15B,$8.62B,0.37,$0.61B,$2.62B,0.23,$0.95B,$0.81B,84.47%,$0.95B,$0.23B,23.92%,$0.95B,$0.23B,23.92%,$0.95B,$0.26B,27.18%,$0.95B,$0.25B,26.65%,$0.95B,$0.25B,26.02%,$0.25B,$2.62B,9.74%,$0.25B,$2.43B,10.53%,$0.25B,$12.66B,2.01%,$0.23B,$3.23B,7.18%,$302,$96,$205,$0,$104,$245,$57,$-2,$55,$8,$47,$47,$41,$65,$57,$19,19,$2.10,$2.09,$1247,$0,$0,$3154,$0,$7365,$188,$1735,$9505,$12659,$8615,$614,$276,$1425,$10040,$19,$1663,$-22,$2619,$12659,$104,$19,$-38,$-20,$132,$0,$43,$638,$813,$-184,$0,$0,$10,$8,$78,$86,$-20,$76,$14,$0,$14,$0,$0,$0,$0,$14,$-94,$0,$0
10,2016-03-31,162.58,$136.68,1.19,$46.77,3.48,$-73.81,0.0,$11.38,14.29,$3.22B,$8.79B,0.37,$0.58B,$2.58B,0.23,$0.91B,$0.79B,87.10%,$0.91B,$0.23B,25.36%,$0.91B,$0.23B,25.36%,$0.91B,$0.27B,29.55%,$0.91B,$0.22B,24.59%,$0.91B,$0.22B,24.48%,$0.22B,$2.58B,8.88%,$0.22B,$2.39B,9.63%,$0.22B,$12.85B,1.81%,$0.23B,$3.16B,7.33%,$290,$83,$207,$0,$93,$221,$69,$-7,$62,$7,$54,$54,$46,$80,$69,$19,19,$2.36,$2.35,$1253,$0,$0,$3217,$0,$7483,$188,$1745,$9633,$12850,$8793,$581,$373,$1475,$10269,$22,$1623,$-19,$2582,$12850,$55,$11,$-14,$-3,$72,$0,$12,$799,$883,$-151,$0,$0,$0,$22,$63,$85,$2,$87,$-21,$0,$-21,$0,$0,$0,$0,$-21,$-80,$0,$0
11,2015-12-31,150.04,$130.85,1.15,$46.67,3.21,$-77.36,0.0,$11.35,13.22,$3.25B,$6.66B,0.49,$0.60B,$2.52B,0.24,$0.90B,$0.80B,88.50%,$0.90B,$0.25B,27.32%,$0.90B,$0.25B,27.32%,$0.90B,$0.29B,31.86%,$0.90B,$0.23B,24.89%,$0.90B,$0.22B,24.45%,$0.22B,$2.52B,8.87%,$0.22B,$2.33B,9.63%,$0.22B,$11.77B,1.85%,$0.25B,$3.12B,7.99%,$93,$-64,$157,$0,$98,$76,$16,$62,$79,$-16,$95,$95,$112,$14,$16,$19,19,$5.80,$5.75,$1295,$0,$0,$3250,$0,$6341,$191,$1871,$8523,$11773,$6661,$600,$1540,$2591,$9252,$22,$1578,$-35,$2521,$11773,$210,$41,$21,$62,$391,$0,$-21,$-940,$-570,$-265,$0,$0,$131,$41,$166,$206,$-317,$20,$280,$0,$280,$-150,$-150,$-17,$16,$129,$-134,$0,$-17
12,2015-09-30,150.0,$110.59,1.36,$45.84,3.27,$-34.57,0.0,$11.22,13.37,$3.73B,$8.08B,0.46,$0.73B,$2.46B,0.3,$0.89B,$0.77B,87.34%,$0.89B,$0.25B,28.02%,$0.89B,$0.25B,28.02%,$0.89B,$0.29B,32.66%,$0.89B,$0.24B,27.46%,$0.89B,$0.22B,24.29%,$0.22B,$2.46B,8.63%,$0.22B,$2.27B,9.38%,$0.22B,$12.05B,1.88%,$0.25B,$3.19B,8.20%,$268,$32,$236,$0,$100,$183,$86,$-27,$58,$12,$46,$46,$49,$100,$86,$19,19,$2.55,$2.53,$1510,$0,$0,$3725,$0,$7319,$193,$649,$8328,$12054,$8083,$731,$398,$1512,$9595,$22,$1504,$-36,$2459,$12054,$118,$43,$-3224,$-3181,$252,$0,$61,$2189,$2501,$-537,$0,$0,$56,$48,$69,$117,$178,$352,$409,$0,$409,$0,$0,$-17,$-134,$258,$63,$0,$-17
13,2015-06-30,154.95,$109.46,1.42,$43.01,3.6,$15.76,9.83,$10.06,15.4,$4.08B,$8.47B,0.48,$0.65B,$2.43B,0.27,$0.83B,$0.73B,88.30%,$0.83B,$0.23B,27.14%,$0.83B,$0.23B,27.14%,$0.83B,$0.27B,32.21%,$0.83B,$0.21B,25.57%,$0.83B,$0.19B,23.16%,$0.19B,$2.43B,7.72%,$0.19B,$2.24B,8.40%,$0.19B,$12.33B,1.74%,$0.23B,$3.08B,7.72%,$256,$66,$190,$0,$94,$197,$59,$-35,$24,$6,$18,$18,$15,$74,$59,$19,19,$0.76,$0.75,$1689,$0,$0,$4080,$0,$7445,$198,$450,$8252,$12332,$8473,$651,$314,$1427,$9899,$22,$1455,$-21,$2433,$12332,$72,$28,$-2297,$-2269,$210,$0,$34,$1454,$1699,$-478,$0,$0,$56,$49,$48,$97,$107,$260,$329,$0,$329,$0,$0,$-7,$16,$338,$114,$0,$-7
14,2015-03-31,141.86,$132.42,1.07,$45.13,3.14,$57.20,2.48,$11.99,11.83,$4.05B,$7.98B,0.51,$0.43B,$2.55B,0.17,$0.87B,$0.78B,89.64%,$0.87B,$0.26B,29.80%,$0.87B,$0.26B,29.80%,$0.87B,$0.30B,34.98%,$0.87B,$0.25B,28.88%,$0.87B,$0.23B,26.35%,$0.23B,$2.55B,9.19%,$0.23B,$2.35B,10.00%,$0.23B,$11.51B,2.16%,$0.26B,$2.98B,9.07%,$287,$70,$217,$0,$97,$201,$86,$-22,$64,$11,$53,$53,$45,$100,$86,$19,19,$2.33,$2.32,$1493,$0,$0,$4047,$0,$6957,$200,$156,$7462,$11509,$7983,$430,$104,$977,$8960,$22,$1440,$-30,$2549,$11509,$53,$14,$-1188,$-1174,$37,$0,$21,$826,$883,$-219,$0,$0,$140,$25,$19,$44,$-39,$145,$109,$0,$109,$0,$0,$0,$0,$109,$19,$0,$0
15,2014-12-31,152.89,$131.39,1.16,$37.91,4.03,$66.69,2.29,$11.44,13.36,$3.34B,$6.48B,0.52,$0.32B,$2.52B,0.13,$0.71B,$0.70B,98.87%,$0.71B,$0.25B,34.65%,$0.71B,$0.25B,34.65%,$0.71B,$0.29B,40.85%,$0.71B,$0.23B,32.11%,$0.71B,$0.21B,30.14%,$0.21B,$2.52B,9.08%,$0.21B,$2.32B,9.87%,$0.21B,$9.94B,2.17%,$0.25B,$2.84B,8.99%,$74,$-56,$130,$0,$95,$57,$17,$80,$97,$-16,$113,$113,$106,$15,$17,$18,19,$5.66,$5.62,$1498,$0,$0,$3335,$0,$6004,$201,$284,$6602,$9937,$6476,$320,$200,$938,$7414,$22,$1395,$-13,$2523,$9937,$227,$44,$-47,$-3,$429,$0,$-190,$-33,$205,$544,$0,$0,$60,$-7,$105,$98,$-346,$-187,$-129,$0,$-129,$0,$0,$-18,$279,$132,$471,$0,$-18
16,2014-09-30,136.32,$109.95,1.24,$41.95,3.25,$33.83,4.03,$14.05,9.7,$3.58B,$6.99B,0.51,$0.32B,$2.44B,0.13,$0.77B,$0.83B,108.06%,$0.77B,$0.42B,54.36%,$0.77B,$0.42B,54.36%,$0.77B,$0.48B,62.29%,$0.77B,$0.30B,38.36%,$0.77B,$0.25B,31.86%,$0.25B,$2.44B,11.03%,$0.25B,$2.24B,11.98%,$0.25B,$10.25B,2.57%,$0.42B,$2.76B,15.88%,$212,$18,$195,$0,$96,$149,$63,$-36,$27,$6,$21,$21,$26,$78,$63,$19,19,$1.38,$1.37,$1424,$0,$0,$3579,$0,$6221,$203,$177,$6671,$10249,$6993,$320,$63,$818,$7811,$22,$1289,$4,$2438,$10249,$109,$46,$665,$710,$288,$0,$-78,$-693,$-482,$438,$0,$0,$38,$1,$36,$37,$-359,$-285,$-129,$0,$-129,$0,$0,$-14,$281,$138,$278,$0,$-14
17,2014-06-30,150.73,$128.10,1.18,$38.33,3.93,$3.67,41.1,$15.07,10.0,$3.81B,$7.27B,0.52,$0.39B,$2.46B,0.16,$0.68B,$0.78B,114.56%,$0.68B,$0.43B,63.68%,$0.68B,$0.43B,63.68%,$0.68B,$0.49B,72.50%,$0.68B,$0.31B,46.03%,$0.68B,$0.26B,38.09%,$0.26B,$2.46B,12.49%,$0.26B,$2.25B,13.34%,$0.26B,$10.62B,2.85%,$0.43B,$2.84B,17.37%,$296,$60,$237,$0,$93,$203,$93,$-31,$63,$8,$54,$54,$52,$111,$93,$19,19,$2.78,$2.68,$1543,$0,$0,$3809,$0,$6342,$205,$190,$6809,$10618,$7271,$386,$74,$890,$8160,$22,$1263,$19,$2458,$10618,$88,$30,$437,$468,$-128,$0,$230,$-435,$-333,$324,$0,$0,$38,$8,$11,$19,$-215,$-158,$-63,$0,$-63,$0,$0,$0,$280,$217,$384,$0,$0
18,2014-03-31,136.31,$102.99,1.32,$27.65,4.93,$-13.79,0.0,$13.54,10.07,$2.75B,$5.71B,0.48,$0.49B,$2.01B,0.24,$0.46B,$0.65B,140.04%,$0.46B,$0.39B,84.42%,$0.46B,$0.39B,84.42%,$0.46B,$0.45B,96.75%,$0.46B,$0.28B,60.61%,$0.46B,$0.23B,48.92%,$0.23B,$2.01B,11.86%,$0.23B,$1.86B,12.41%,$0.23B,$8.71B,2.69%,$0.39B,$2.50B,16.84%,$128,$-12,$140,$0,$54,$55,$73,$-32,$41,$7,$33,$33,$30,$86,$73,$17,17,$1.79,$1.77,$1253,$0,$0,$2754,$0,$5522,$149,$252,$5955,$8709,$5711,$485,$68,$984,$6695,$20,$1211,$15,$2013,$8709,$33,$13,$43,$56,$108,$0,$-41,$-222,$-155,$-31,$0,$0,$0,$6,$3,$9,$-273,$-264,$35,$0,$35,$0,$0,$0,$261,$296,$2,$0,$0
19,2013-12-31,138.91,$119.64,1.16,$24.94,5.57,$-11.30,0.0,$12.49,11.12,$2.64B,$5.94B,0.44,$0.45B,$1.98B,0.23,$0.42B,$0.58B,139.18%,$0.42B,$0.35B,82.93%,$0.42B,$0.35B,82.93%,$0.42B,$0.40B,95.67%,$0.42B,$0.26B,62.50%,$0.42B,$0.21B,50.00%,$0.21B,$1.98B,11.25%,$0.21B,$1.83B,11.59%,$0.21B,$8.62B,2.53%,$0.35B,$2.43B,15.51%,$133,$-126,$259,$0,$65,$-56,$189,$-25,$164,$22,$142,$142,$137,$204,$189,$17,17,$8.32,$8.23,$1041,$0,$0,$2637,$0,$5520,$150,$279,$5983,$8620,$5942,$452,$70,$701,$6643,$20,$1181,$14,$1978,$8620,$224,$53,$2542,$2595,$431,$0,$-166,$-3321,$-3056,$-62,$0,$0,$-410,$181,$47,$228,$-184,$-366,$330,$0,$330,$0,$0,$-4,$97,$423,$-11,$0,$-4
20,2013-09-30,136.6,$111.54,1.22,$19.33,7.07,$-18.82,0.0,$8.48,16.11,$2.57B,$6.01B,0.43,$0.36B,$1.84B,0.19,$0.32B,$0.44B,135.71%,$0.32B,$0.25B,77.02%,$0.32B,$0.25B,77.02%,$0.32B,$0.29B,90.68%,$0.32B,$0.19B,59.01%,$0.32B,$0.14B,43.79%,$0.14B,$1.84B,7.84%,$0.14B,$1.82B,7.93%,$0.14B,$8.34B,1.87%,$0.25B,$2.20B,11.88%,$123,$-20,$143,$0,$59,$45,$78,$-34,$45,$1,$43,$43,$40,$92,$78,$17,17,$2.42,$2.39,$907,$0,$0,$2570,$0,$5457,$21,$253,$5772,$8342,$6010,$356,$81,$489,$6499,$20,$1044,$15,$1843,$8342,$82,$38,$-231,$-193,$213,$0,$-70,$-161,$-18,$-126,$0,$0,$-309,$181,$19,$200,$-155,$-264,$235,$0,$235,$0,$0,$-2,$32,$266,$-134,$0,$-2
21,2013-06-30,132.98,$108.33,1.23,$15.01,8.86,$-26.67,0.0,$8.95,14.86,$2.35B,$5.62B,0.42,$0.35B,$1.79B,0.19,$0.25B,$0.42B,166.40%,$0.25B,$0.24B,97.60%,$0.25B,$0.24B,97.60%,$0.25B,$0.28B,112.40%,$0.25B,$0.22B,86.00%,$0.25B,$0.15B,59.60%,$0.15B,$1.79B,8.40%,$0.15B,$1.77B,8.50%,$0.15B,$7.88B,2.15%,$0.24B,$2.14B,12.17%,$78,$-27,$105,$0,$46,$28,$50,$-20,$30,$5,$25,$25,$19,$65,$50,$17,17,$1.16,$1.15,$1024,$0,$0,$2354,$0,$5210,$21,$247,$5520,$7875,$5615,$348,$94,$470,$6085,$19,$1004,$7,$1790,$7875,$38,$24,$-0,$24,$60,$0,$-70,$-254,$-264,$-11,$0,$0,$-284,$160,$0,$160,$-131,$-255,$227,$0,$227,$0,$0,$-2,$0,$225,$-38,$0,$-2
22,2013-03-31,124.29,$107.99,1.15,$11.86,10.48,$-37.17,0.0,$10.24,12.14,$2.34B,$5.76B,0.41,$0.35B,$1.78B,0.19,$0.20B,$0.41B,206.60%,$0.20B,$0.25B,126.40%,$0.20B,$0.25B,126.40%,$0.20B,$0.28B,141.62%,$0.20B,$0.24B,120.81%,$0.20B,$0.17B,86.80%,$0.17B,$1.78B,9.79%,$0.17B,$1.76B,9.90%,$0.17B,$8.04B,2.64%,$0.25B,$2.13B,12.94%,$82,$10,$72,$0,$42,$54,$28,$-8,$21,$8,$13,$13,$12,$37,$28,$17,17,$0.72,$0.72,$987,$0,$0,$2342,$0,$5253,$21,$427,$5701,$8044,$5760,$347,$125,$500,$6259,$19,$985,$22,$1784,$8044,$13,$9,$-26,$-17,$-2,$0,$21,$-5,$13,$11,$0,$0,$-284,$60,$0,$60,$-46,$-271,$227,$0,$227,$0,$0,$-2,$0,$225,$-15,$0,$-2
23,2012-12-31,111.98,$107.73,1.04,$9.81,11.42,$-38.65,0.0,$10.10,11.09,$2.13B,$3.88B,0.55,$0.11B,$1.78B,0.06,$0.16B,$0.40B,246.01%,$0.16B,$0.25B,150.31%,$0.16B,$0.25B,150.31%,$0.16B,$0.28B,168.71%,$0.16B,$0.24B,144.79%,$0.16B,$0.17B,103.68%,$0.17B,$1.78B,9.84%,$0.17B,$1.75B,9.96%,$0.17B,$5.88B,2.78%,$0.25B,$1.88B,13.11%,$39,$-78,$117,$0,$44,$-53,$92,$2,$94,$14,$80,$80,$70,$98,$92,$16,17,$4.25,$4.22,$955,$0,$0,$2125,$0,$3353,$21,$371,$3754,$5878,$3878,$107,$85,$225,$4103,$19,$973,$24,$1775,$5878,$192,$30,$-49,$-19,$667,$0,$-69,$-700,$-101,$-187,$0,$0,$0,$354,$17,$371,$-142,$229,$-135,$0,$-135,$0,$0,$-69,$-30,$-234,$-196,$0,$-69
24,2012-09-30,99.65,$106.10,0.94,$9.65,10.32,$-91.41,0.0,$14.59,6.83,$2.24B,$3.91B,0.57,$0.13B,$1.74B,0.07,$0.16B,$0.54B,346.45%,$0.16B,$0.34B,221.29%,$0.16B,$0.34B,221.29%,$0.16B,$0.38B,241.94%,$0.16B,$0.33B,211.61%,$0.16B,$0.23B,147.10%,$0.23B,$1.74B,13.45%,$0.23B,$1.72B,13.62%,$0.23B,$5.91B,3.65%,$0.34B,$1.87B,18.25%,$51,$-71,$122,$0,$40,$-23,$74,$-4,$70,$15,$55,$55,$48,$81,$74,$16,17,$2.90,$2.86,$933,$0,$0,$2241,$0,$3544,$21,$102,$3667,$5908,$3913,$127,$107,$251,$4164,$19,$903,$27,$1744,$5908,$112,$24,$-2048,$-2024,$543,$0,$-39,$1148,$1653,$-256,$0,$0,$0,$297,$0,$297,$-99,$197,$-116,$0,$-116,$0,$0,$-19,$-7,$-142,$-206,$0,$-19
25,2012-06-30,98.94,$102.63,0.96,$7.41,13.35,$-123.00,0.0,$12.39,7.99,$2.43B,$4.10B,0.59,$0.13B,$1.69B,0.08,$0.12B,$0.49B,418.97%,$0.12B,$0.29B,249.14%,$0.12B,$0.29B,249.14%,$0.12B,$0.32B,277.59%,$0.12B,$0.28B,244.83%,$0.12B,$0.19B,165.52%,$0.19B,$1.69B,12.05%,$0.19B,$1.67B,12.21%,$0.19B,$6.03B,2.97%,$0.29B,$1.81B,15.84%,$25,$-71,$96,$0,$39,$-30,$55,$-2,$53,$12,$41,$41,$41,$63,$55,$16,17,$2.48,$2.44,$956,$0,$0,$2433,$0,$3466,$21,$110,$3597,$6031,$4095,$126,$113,$249,$4344,$19,$855,$26,$1687,$6031,$56,$17,$-16,$1,$-46,$0,$400,$-600,$-246,$-187,$0,$0,$0,$184,$0,$184,$-37,$147,$0,$0,$0,$0,$0,$0,$0,$-142,$-178,$0,$0
26,2012-03-31,98.99,$121.49,0.81,$8.01,12.36,$-144.91,0.0,$10.61,9.33,$2.94B,$4.41B,0.67,$0.24B,$1.67B,0.15,$0.12B,$0.46B,381.82%,$0.12B,$0.25B,209.92%,$0.12B,$0.25B,209.92%,$0.12B,$0.28B,233.88%,$0.12B,$0.25B,204.13%,$0.12B,$0.16B,132.23%,$0.16B,$1.67B,10.61%,$0.16B,$1.64B,10.76%,$0.16B,$6.46B,2.56%,$0.25B,$1.91B,14.43%,$48,$-18,$66,$0,$35,$24,$24,$-4,$19,$4,$15,$15,$10,$33,$24,$16,17,$0.59,$0.58,$1239,$0,$0,$2942,$0,$3364,$21,$133,$3518,$6460,$4411,$243,$122,$384,$4794,$19,$815,$31,$1666,$6460,$15,$9,$-20,$-11,$148,$0,$-41,$-128,$-20,$-14,$0,$0,$0,$90,$0,$90,$-115,$-25,$0,$0,$0,$0,$0,$-11,$0,$-11,$-58,$0,$-11
27,2011-12-31,98.2,$102.71,0.96,$8.08,12.15,$-166.03,0.0,$10.30,9.53,$3.10B,$4.57B,0.68,$0.24B,$1.68B,0.14,$0.11B,$0.45B,400.89%,$0.11B,$0.25B,218.75%,$0.11B,$0.25B,218.75%,$0.11B,$0.27B,241.07%,$0.11B,$0.23B,208.93%,$0.11B,$0.15B,137.50%,$0.15B,$1.68B,11.04%,$0.15B,$1.66B,11.21%,$0.15B,$6.61B,2.59%,$0.25B,$1.93B,14.97%,$31,$-222,$253,$0,$47,$-158,$190,$-4,$186,$19,$166,$166,$129,$198,$190,$14,14,$9.24,$9.06,$1224,$0,$0,$3101,$0,$3335,$21,$149,$3505,$6606,$4567,$243,$96,$355,$4923,$19,$805,$27,$1683,$6606,$208,$27,$1435,$1461,$239,$0,$-43,$-2944,$-2748,$-910,$0,$0,$-89,$445,$67,$512,$268,$692,$-3,$0,$-3,$287,$287,$-8,$-16,$260,$51,$0,$-8
28,2011-09-30,95.23,$98.92,0.96,$8.66,10.99,$-146.31,0.0,$10.68,8.92,$3.22B,$4.99B,0.65,$0.32B,$1.34B,0.24,$0.12B,$0.52B,434.45%,$0.12B,$0.27B,225.21%,$0.12B,$0.27B,225.21%,$0.12B,$0.29B,242.86%,$0.12B,$0.26B,219.33%,$0.12B,$0.15B,125.21%,$0.15B,$1.34B,11.66%,$0.15B,$1.32B,11.85%,$0.15B,$6.78B,2.66%,$0.27B,$1.65B,17.62%,$12,$-59,$71,$0,$42,$-8,$20,$6,$26,$4,$22,$22,$12,$28,$20,$14,15,$0.85,$0.83,$1215,$0,$0,$3221,$0,$3297,$21,$237,$3555,$6776,$4992,$315,$125,$446,$5438,$17,$676,$25,$1338,$6776,$42,$18,$-21,$-3,$88,$0,$-75,$-741,$-728,$-684,$0,$0,$-89,$333,$67,$399,$185,$496,$67,$0,$67,$106,$106,$0,$-16,$157,$-37,$0,$0
29,2011-06-30,104.49,$99.57,1.05,$10.21,10.23,$-144.30,0.0,$11.55,9.05,$2.32B,$3.53B,0.66,$0.21B,$1.35B,0.15,$0.14B,$0.51B,365.00%,$0.14B,$0.28B,197.14%,$0.14B,$0.28B,197.14%,$0.14B,$0.29B,210.00%,$0.14B,$0.26B,185.71%,$0.14B,$0.16B,112.86%,$0.16B,$1.35B,12.77%,$0.16B,$1.33B,12.99%,$0.16B,$5.20B,3.06%,$0.28B,$1.55B,19.00%,$30,$-41,$72,$0,$45,$11,$20,$-4,$16,$1,$15,$15,$9,$24,$20,$14,14,$0.67,$0.66,$1273,$0,$0,$2322,$0,$2592,$21,$265,$2879,$5201,$3534,$206,$110,$321,$3855,$17,$664,$50,$1346,$5201,$20,$10,$-28,$-18,$-40,$0,$-60,$-374,$-474,$-473,$0,$0,$-8,$262,$13,$275,$120,$386,$-39,$0,$-39,$106,$106,$0,$-16,$50,$-39,$0,$0
30,2011-03-31,99.88,$93.46,1.07,$9.68,10.31,$-160.83,0.0,$11.78,8.48,$2.26B,$3.63B,0.62,$0.20B,$1.21B,0.17,$0.13B,$0.50B,381.82%,$0.13B,$0.29B,220.45%,$0.13B,$0.29B,220.45%,$0.13B,$0.31B,231.82%,$0.13B,$0.28B,212.88%,$0.13B,$0.16B,121.97%,$0.16B,$1.21B,13.66%,$0.16B,$1.19B,13.91%,$0.16B,$5.23B,3.21%,$0.29B,$1.42B,20.63%,$39,$-14,$53,$0,$28,$24,$15,$-9,$6,$1,$5,$5,$4,$20,$15,$13,13,$0.27,$0.26,$1201,$0,$0,$2258,$0,$2643,$21,$308,$2973,$5231,$3628,$204,$157,$390,$4018,$16,$655,$42,$1213,$5231,$5,$5,$-667,$-662,$-44,$0,$-91,$503,$368,$-290,$0,$0,$-8,$101,$10,$111,$81,$184,$-41,$0,$-41,$0,$0,$0,$-16,$-57,$-169,$0,$0
31,2010-12-31,84.58,$93.96,0.9,$9.80,8.63,$-149.20,0.0,$12.66,6.68,$2.47B,$3.62B,0.68,$0.25B,$1.22B,0.2,$0.14B,$0.50B,372.59%,$0.14B,$0.30B,223.70%,$0.14B,$0.30B,223.70%,$0.14B,$0.31B,231.85%,$0.14B,$0.29B,215.56%,$0.14B,$0.17B,128.15%,$0.17B,$1.22B,15.05%,$0.17B,$1.20B,15.33%,$0.17B,$5.24B,3.56%,$0.30B,$1.46B,21.67%,$38,$-283,$321,$0,$59,$-175,$213,$-0,$213,$64,$149,$149,$124,$217,$213,$13,14,$9.27,$9.09,$1455,$0,$0,$2470,$0,$2429,$21,$316,$2766,$5236,$3617,$245,$108,$403,$4020,$16,$651,$35,$1216,$5236,$216,$12,$4,$16,$-14,$0,$38,$-658,$-635,$-609,$0,$0,$174,$1134,$-749,$385,$-305,$253,$-65,$0,$-65,$0,$0,$-49,$-11,$-125,$-467,$2,$-49
32,2010-09-30,72.6,$85.56,0.85,$9.02,8.05,$-119.31,0.0,$9.36,7.76,$2.18B,$3.52B,0.62,$0.21B,$1.17B,0.18,$0.13B,$0.38B,306.40%,$0.13B,$0.25B,200.80%,$0.13B,$0.25B,200.80%,$0.13B,$0.26B,207.20%,$0.13B,$0.21B,164.00%,$0.13B,$0.13B,103.20%,$0.13B,$1.17B,11.57%,$0.13B,$1.15B,11.80%,$0.13B,$5.01B,2.81%,$0.25B,$1.38B,18.44%,$33,$-32,$65,$0,$31,$5,$28,$-2,$25,$1,$24,$26,$21,$33,$28,$14,14,$1.56,$1.53,$1220,$0,$0,$2180,$0,$2598,$21,$214,$2833,$5013,$3523,$207,$84,$317,$3840,$17,$527,$34,$1173,$5013,$67,$8,$-8,$-0,$-19,$0,$5,$-683,$-696,$-630,$0,$0,$155,$57,$37,$95,$-17,$234,$-47,$0,$-47,$0,$0,$-7,$-4,$-58,$-443,$0,$-7
33,2010-06-30,66.44,$81.07,0.82,$8.96,7.41,$-72.60,0.0,$10.36,6.41,$1.95B,$3.12B,0.63,$0.27B,$1.11B,0.24,$0.12B,$0.39B,316.13%,$0.12B,$0.27B,216.13%,$0.12B,$0.27B,216.13%,$0.12B,$0.27B,219.35%,$0.12B,$0.23B,183.87%,$0.12B,$0.14B,115.32%,$0.14B,$1.11B,13.48%,$0.14B,$1.09B,13.76%,$0.14B,$4.60B,3.23%,$0.27B,$1.38B,20.06%,$22,$-42,$65,$0,$30,$-12,$35,$3,$37,$16,$21,$23,$12,$36,$35,$14,14,$0.91,$0.89,$1106,$0,$0,$1948,$0,$2442,$21,$193,$2656,$4604,$3119,$271,$80,$374,$3493,$17,$505,$-6,$1111,$4604,$41,$3,$7,$9,$-68,$0,$-13,$-663,$-745,$-696,$0,$0,$157,$55,$-117,$-63,$21,$116,$21,$0,$21,$0,$0,$-7,$15,$30,$-543,$0,$-7
34,2010-03-31,69.16,$80.12,0.86,$9.39,7.37,$-20.87,0.0,$10.10,6.85,$2.50B,$3.12B,0.8,$0.26B,$1.10B,0.23,$0.13B,$0.37B,286.15%,$0.13B,$0.26B,196.15%,$0.13B,$0.26B,196.15%,$0.13B,$0.26B,200.77%,$0.13B,$0.21B,161.54%,$0.13B,$0.14B,107.69%,$0.14B,$1.10B,13.84%,$0.14B,$1.08B,14.14%,$0.14B,$4.59B,3.20%,$0.26B,$1.35B,19.50%,$42,$-10,$52,$0,$26,$16,$26,$-10,$16,$6,$10,$18,$16,$27,$26,$14,14,$1.17,$1.15,$1587,$0,$0,$2498,$0,$1952,$21,$120,$2094,$4592,$3115,$255,$87,$379,$3495,$17,$493,$11,$1098,$4592,$18,$1,$-14,$-13,$-150,$0,$-15,$19,$-146,$-143,$0,$0,$157,$41,$-215,$-174,$-59,$-75,$0,$0,$0,$0,$0,$0,$-6,$-6,$-205,$0,$0
35,2009-12-31,73.02,$79.24,0.92,$7.39,9.89,$-10.31,0.0,$9.79,7.46,$2.38B,$2.70B,0.88,$0.26B,$1.08B,0.24,$0.10B,$0.36B,350.49%,$0.10B,$0.25B,238.83%,$0.10B,$0.25B,238.83%,$0.10B,$0.25B,245.63%,$0.10B,$0.20B,198.06%,$0.10B,$0.14B,132.04%,$0.14B,$1.08B,14.28%,$0.14B,$1.06B,14.61%,$0.14B,$4.17B,3.15%,$0.25B,$1.33B,19.18%,$28,$-173,$201,$0,$39,$-134,$162,$-35,$127,$26,$102,$101,$80,$163,$162,$14,14,$5.92,$5.84,$1700,$0,$0,$2375,$0,$1642,$21,$132,$1795,$4171,$2703,$255,$85,$392,$3095,$17,$477,$9,$1076,$4171,$177,$7,$14,$21,$70,$0,$-17,$-457,$-403,$-198,$0,$0,$68,$465,$-688,$-222,$-105,$-260,$-163,$0,$-163,$3,$3,$0,$-39,$-200,$-600,$0,$0
36,2009-09-30,62.13,$70.58,0.88,$5.73,10.84,$16.26,3.82,$11.13,5.58,$2.45B,$2.96B,0.83,$0.32B,$0.96B,0.33,$0.08B,$0.38B,472.50%,$0.08B,$0.26B,325.00%,$0.08B,$0.26B,325.00%,$0.08B,$0.27B,331.25%,$0.08B,$0.25B,315.00%,$0.08B,$0.15B,188.75%,$0.15B,$0.96B,16.76%,$0.15B,$0.94B,17.16%,$0.15B,$4.34B,3.46%,$0.26B,$1.28B,20.54%,$32,$-43,$74,$0,$29,$-13,$45,$3,$48,$3,$45,$45,$35,$46,$45,$14,14,$2.58,$2.53,$1753,$0,$0,$2454,$0,$1752,$21,$113,$1887,$4341,$2956,$319,$80,$426,$3382,$17,$397,$-10,$958,$4341,$76,$6,$14,$21,$24,$0,$53,$-153,$-76,$24,$0,$0,$9,$245,$-641,$-395,$-136,$-522,$-98,$0,$-98,$3,$3,$0,$-33,$-128,$-566,$0,$0
37,2009-06-30,58.85,$67.31,0.87,$4.50,13.08,$35.26,1.67,$5.86,10.04,$2.75B,$3.03B,0.91,$0.36B,$0.91B,0.39,$0.06B,$0.32B,519.35%,$0.06B,$0.22B,348.39%,$0.06B,$0.22B,348.39%,$0.06B,$0.22B,350.00%,$0.06B,$0.17B,277.42%,$0.06B,$0.08B,129.03%,$0.08B,$0.91B,10.03%,$0.08B,$0.89B,10.31%,$0.08B,$4.40B,1.91%,$0.22B,$1.27B,18.70%,$28,$-17,$45,$0,$23,$5,$22,$-3,$19,$-0,$19,$19,$9,$25,$22,$14,14,$0.65,$0.63,$2012,$0,$0,$2751,$0,$1511,$21,$115,$1647,$4398,$3026,$355,$79,$458,$3484,$17,$362,$-18,$914,$4398,$30,$5,$16,$22,$-19,$0,$29,$-38,$-27,$29,$0,$0,$9,$10,$-185,$-175,$-145,$-312,$-58,$0,$-58,$3,$3,$-1,$-19,$-75,$-318,$0,$-1
38,2009-03-31,56.32,$63.98,0.88,$4.59,12.26,$60.46,0.93,$6.14,9.17,$2.74B,$3.03B,0.9,$0.39B,$0.86B,0.46,$0.06B,$0.33B,546.67%,$0.06B,$0.22B,361.67%,$0.06B,$0.22B,361.67%,$0.06B,$0.22B,365.00%,$0.06B,$0.17B,290.00%,$0.06B,$0.08B,136.67%,$0.08B,$0.86B,11.92%,$0.08B,$0.84B,12.30%,$0.08B,$4.37B,2.06%,$0.22B,$1.25B,20.90%,$15,$-27,$41,$0,$25,$-2,$17,$-7,$10,$-1,$11,$11,$12,$19,$17,$13,14,$0.86,$0.84,$1980,$0,$0,$2742,$0,$1498,$21,$109,$1629,$4371,$3034,$393,$70,$477,$3510,$16,$353,$-39,$861,$4371,$11,$3,$11,$14,$-51,$0,$20,$3,$-27,$3,$0,$0,$9,$-122,$-82,$-204,$-88,$-283,$0,$0,$0,$1,$1,$-1,$-19,$-19,$-302,$0,$-1
39,2008-12-31,59.14,$65.34,0.91,$3.99,14.81,$91.62,0.65,$6.28,9.42,$2.92B,$3.02B,0.97,$0.39B,$0.87B,0.45,$0.05B,$0.29B,572.55%,$0.05B,$0.18B,356.86%,$0.05B,$0.18B,356.86%,$0.05B,$0.18B,356.86%,$0.05B,$0.14B,282.35%,$0.05B,$0.08B,160.78%,$0.08B,$0.87B,13.92%,$0.08B,$0.85B,14.44%,$0.08B,$4.36B,2.11%,$0.18B,$1.26B,19.70%,$5,$-214,$218,$0,$42,$-172,$176,$-1,$175,$33,$142,$142,$95,$175,$176,$13,13,$7.28,$7.16,$2210,$0,$0,$2920,$0,$1299,$21,$118,$1438,$4358,$3018,$392,$59,$469,$3487,$16,$342,$-31,$871,$4358,$147,$-0,$244,$244,$24,$0,$-85,$-181,$-242,$157,$0,$0,$255,$51,$115,$166,$-175,$245,$372,$0,$372,$115,$115,$0,$137,$625,$871,$1,$0
40,2008-09-30,97.36,$40.75,2.39,$5.99,16.27,$85.59,1.14,$2.06,47.26,$2.83B,$2.56B,1.1,$0.29B,$0.54B,0.54,$0.07B,$0.13B,172.97%,$0.07B,$0.04B,51.35%,$0.07B,$0.04B,51.35%,$0.07B,$0.04B,54.05%,$0.07B,$0.00B,2.70%,$0.07B,$0.02B,29.73%,$0.02B,$0.54B,4.55%,$0.02B,$0.52B,4.76%,$0.02B,$3.66B,0.65%,$0.04B,$0.84B,5.16%,$14,$-3,$18,$0,$16,$13,$1,$-33,$-32,$10,$-42,$-42,$-36,$-2,$1,$13,13,$-2.74,$-2.74,$2193,$0,$0,$2826,$0,$730,$21,$84,$835,$3661,$2563,$292,$61,$555,$3118,$16,$247,$-7,$543,$3661,$6,$0,$213,$213,$-28,$0,$-89,$167,$50,$276,$0,$0,$220,$53,$108,$161,$-249,$133,$245,$0,$245,$117,$117,$0,$111,$472,$811,$0,$0
41,2008-06-30,87.5,$39.85,2.2,$6.74,12.97,$76.04,1.15,$5.01,17.47,$2.52B,$2.49B,1.01,$0.33B,$0.48B,0.69,$0.08B,$0.13B,160.98%,$0.08B,$0.04B,48.78%,$0.08B,$0.04B,48.78%,$0.08B,$0.05B,54.88%,$0.08B,$0.04B,48.78%,$0.08B,$0.06B,74.39%,$0.06B,$0.48B,13.48%,$0.06B,$0.46B,14.16%,$0.06B,$3.54B,1.96%,$0.04B,$0.80B,6.12%,$26,$-25,$51,$0,$28,$2,$23,$-3,$21,$3,$17,$17,$11,$27,$23,$12,12,$0.93,$0.91,$1870,$0,$0,$2522,$0,$904,$21,$97,$1022,$3544,$2488,$326,$68,$580,$3067,$15,$283,$6,$477,$3544,$48,$3,$183,$186,$-53,$0,$-67,$216,$96,$334,$0,$0,$7,$-33,$96,$62,$-266,$-197,$248,$0,$248,$0,$0,$0,$86,$334,$490,$0,$0
42,2008-03-31,111.27,$38.91,2.86,$6.33,17.58,$59.88,1.86,$4.99,22.3,$2.61B,$2.95B,0.89,$0.33B,$0.47B,0.71,$0.08B,$0.10B,132.47%,$0.08B,$0.02B,25.97%,$0.08B,$0.02B,25.97%,$0.08B,$0.02B,27.27%,$0.08B,$0.02B,31.17%,$0.08B,$0.06B,79.22%,$0.06B,$0.47B,13.98%,$0.06B,$0.44B,14.71%,$0.06B,$4.00B,2.14%,$0.02B,$0.80B,3.49%,$6,$1,$5,$0,$23,$24,$-18,$-2,$-20,$-0,$-20,$-20,$12,$-18,$-18,$12,12,$0.98,$0.98,$1798,$0,$0,$2613,$0,$1218,$21,$143,$1382,$3995,$2953,$330,$78,$577,$3530,$15,$272,$6,$465,$3995,$30,$0,$-27,$-27,$-161,$0,$10,$520,$369,$374,$0,$0,$7,$-142,$62,$-80,$-170,$-243,$268,$0,$268,$0,$0,$0,$86,$354,$485,$0,$0
43,2007-12-31,122.42,$37.80,3.24,$8.12,15.08,$39.58,3.09,$5.18,23.63,$1.66B,$1.80B,0.92,$0.06B,$0.45B,0.13,$0.10B,$0.12B,125.00%,$0.10B,$0.04B,43.75%,$0.10B,$0.04B,43.75%,$0.10B,$0.04B,44.79%,$0.10B,$0.05B,46.88%,$0.10B,$0.06B,64.58%,$0.06B,$0.45B,14.75%,$0.06B,$0.43B,15.55%,$0.06B,$2.42B,2.51%,$0.04B,$0.51B,8.53%,$28,$-26,$54,$0,$22,$-4,$32,$1,$33,$-1,$35,$42,$35,$33,$32,$12,12,$2.93,$2.85,$1163,$0,$0,$1662,$0,$637,$21,$97,$755,$2417,$1803,$60,$40,$164,$1967,$15,$260,$6,$451,$2417,$69,$1,$91,$92,$119,$0,$-80,$-131,$-92,$74,$0,$0,$6,$337,$200,$537,$-68,$475,$11,$0,$11,$-17,$-17,$0,$1,$-4,$544,$2,$0
44,2007-09-30,126.75,$34.95,3.63,$8.52,14.87,$33.86,3.74,$4.08,31.07,$1.61B,$1.91B,0.84,$0.09B,$0.42B,0.21,$0.10B,$0.12B,119.79%,$0.10B,$0.03B,35.42%,$0.10B,$0.03B,35.42%,$0.10B,$0.04B,36.46%,$0.10B,$0.04B,38.54%,$0.10B,$0.07B,77.08%,$0.07B,$0.42B,19.11%,$0.07B,$0.40B,20.23%,$0.07B,$2.52B,3.20%,$0.03B,$0.50B,7.39%,$22,$-0,$22,$0,$20,$19,$3,$3,$6,$1,$5,$3,$3,$3,$3,$12,12,$0.22,$0.21,$1075,$0,$0,$1612,$0,$792,$21,$98,$912,$2523,$1912,$87,$45,$194,$2107,$15,$225,$7,$417,$2523,$27,$-0,$123,$123,$72,$0,$-51,$-38,$-17,$137,$0,$0,$6,$195,$160,$354,$-69,$290,$39,$0,$39,$-17,$-17,$0,$0,$22,$450,$2,$0
45,2007-06-30,120.71,$34.55,3.49,$8.92,13.54,$25.02,4.82,$4.24,28.47,$1.42B,$1.86B,0.76,$0.07B,$0.41B,0.17,$0.10B,$0.12B,123.96%,$0.10B,$0.05B,46.88%,$0.10B,$0.05B,46.88%,$0.10B,$0.05B,47.92%,$0.10B,$0.05B,46.88%,$0.10B,$0.08B,85.42%,$0.08B,$0.41B,25.02%,$0.08B,$0.39B,26.30%,$0.08B,$2.46B,4.74%,$0.05B,$0.48B,11.88%,$21,$-1,$21,$0,$18,$17,$3,$2,$5,$-8,$13,$11,$11,$3,$3,$12,12,$0.92,$0.89,$903,$0,$0,$1418,$0,$920,$21,$97,$1039,$2457,$1858,$71,$56,$187,$2045,$15,$223,$5,$412,$2457,$24,$0,$123,$124,$66,$0,$-55,$-24,$-13,$136,$0,$0,$30,$95,$75,$170,$-70,$130,$24,$0,$24,$-17,$-17,$0,$0,$7,$273,$2,$0
46,2007-03-31,98.64,$33.81,2.92,$8.86,11.13,$15.42,6.4,$3.54,27.86,$1.37B,$1.89B,0.72,$0.07B,$0.40B,0.18,$0.09B,$0.12B,130.77%,$0.09B,$0.05B,56.04%,$0.09B,$0.05B,56.04%,$0.09B,$0.05B,58.24%,$0.09B,$0.06B,61.54%,$0.09B,$0.08B,91.21%,$0.08B,$0.40B,30.86%,$0.08B,$0.38B,32.14%,$0.08B,$2.49B,7.13%,$0.05B,$0.47B,16.87%,$25,$3,$23,$0,$18,$21,$4,$-3,$1,$1,$-0,$-2,$13,$4,$4,$11,11,$1.20,$1.20,$809,$0,$0,$1365,$0,$1009,$21,$95,$1125,$2489,$1890,$72,$69,$199,$2089,$15,$212,$5,$401,$2489,$13,$0,$104,$104,$29,$0,$-18,$-6,$6,$124,$0,$0,$23,$80,$17,$96,$-42,$77,$26,$0,$26,$-17,$-17,$0,$0,$10,$210,$2,$0
47,2006-12-31,93.3,$16.87,5.53,$8.22,11.35,$4.24,22.0,$2.83,32.97,$0.95B,$1.31B,0.73,$0.06B,$0.32B,0.2,$0.08B,$0.11B,139.02%,$0.08B,$0.05B,65.85%,$0.08B,$0.05B,65.85%,$0.08B,$0.06B,69.51%,$0.08B,$0.06B,76.83%,$0.08B,$0.08B,100.00%,$0.08B,$0.32B,38.91%,$0.08B,$0.30B,39.95%,$0.08B,$1.77B,13.90%,$0.05B,$0.38B,23.87%,$28,$-21,$49,$0,$24,$3,$24,$1,$25,$-1,$26,$20,$47,$25,$24,$10,10,$4.78,$4.73,$514,$0,$0,$947,$0,$766,$21,$41,$827,$1774,$1306,$62,$30,$149,$1456,$0,$203,$5,$319,$1774,$82,$2,$17,$19,$-52,$0,$-18,$-15,$-85,$4,$0,$0,$5,$205,$-28,$177,$-2,$179,$40,$0,$40,$-23,$-23,$-42,$11,$-14,$171,$22,$-42
