,Date,Stock Price,Book Value per Share,Price to Book Ratio,TTM Sales per Share,Price to Sales Ratio,TTM FCF per Share,Price to FCF Ratio,TTM Net EPS,PE Ratio,Current Assets,Current Liabilities,Current Ratio,Long Term Debt,Shareholder's Equity_x,Debt to Equity Ratio,TTM Revenue_x,TTM Gross Profit,Gross Margin,TTM Revenue_y,TTM Operating Income,Operating Margin,TTM Revenue_x,TTM EBIT,EBIT Margin,TTM Revenue_y,TTM EBITDA,EBITDA Margin,TTM Revenue_x,TTM Pre-Tax Income,Pre-Tax Margin,TTM Revenue_y,TTM Net Income_x,Net Margin,TTM Net Income_y,Shareholder's Equity_y,Return on Equity,TTM Net Income_x,Tangible Equity,Return on Tangible Equity,TTM Net Income_y,Total Assets,Return on Assets,TTM Net Income,LT Investments & Debt,Return on Investment,revenue,cost-goods-sold,gross-profit,research-development-expenses,selling-general-administrative-expenses,operating-expenses,operating-income,total-non-operating-income-expense,pre-tax-income,total-provision-income-taxes,income-after-taxes,income-from-continuous-operations,net-income,ebitda,ebit,basic-shares-outstanding,shares-outstanding,eps-basic-net-earnings-per-share,eps-earnings-per-share-diluted,cash-on-hand,inventory,other-current-assets,total-current-assets,net-property-plant-equipment,long-term-investments,goodwill-intangible-assets-total,other-long-term-assets,total-long-term-assets,total-assets,total-current-liabilities,long-term-debt,other-non-current-liabilities,total-long-term-liabilities,total-liabilities,common-stock-net,retained-earnings-accumulated-deficit,comprehensive-income,total-share-holder-equity,total-liabilities-share-holders-equity,net-income-loss,total-depreciation-amortization-cash-flow,other-non-cash-items,total-non-cash-items,change-in-accounts-receivable,change-in-inventories,change-in-accounts-payable,change-in-assets-liabilities,total-change-in-assets-liabilities,cash-flow-from-operating-activities,net-change-in-property-plant-equipment,net-change-in-intangible-assets,net-acquisitions-divestitures,net-change-in-short-term-investments,net-change-in-long-term-investments,net-change-in-investments-total,investing-activities-other,cash-flow-from-investing-activities,net-long-term-debt,net-current-debt,debt-issuance-retirement-net-total,net-common-equity-issued-repurchased,net-total-equity-issued-repurchased,total-common-preferred-stock-dividends-paid,financial-activities-other,cash-flow-from-financial-activities,net-cash-flow,stock-based-compensation,common-stock-dividends-paid
0,2018-09-30,17.45,$9.12,1.91,$11.73,1.49,$4.63,3.77,$4.38,3.98,$0.30B,$0.05B,5.67,$0.01B,$0.32B,0.04,$0.42B,$0.20B,47.51%,$0.42B,$0.12B,28.50%,$0.42B,$0.12B,28.50%,$0.42B,$0.13B,30.88%,$0.42B,$0.12B,28.50%,$0.42B,$0.16B,37.29%,$0.16B,$0.32B,58.69%,$0.16B,$0.31B,60.33%,$0.16B,$0.39B,42.75%,$0.12B,$0.33B,42.78%,$86,$47,$39,$9,$11,$67,$19,$0,$19,$3,$17,$17,$17,$22,$19,$35,36,$0.49,$0.47,$178,$81,$6,$304,$25,$0,$7,$13,$89,$393,$54,$13,$10,$23,$76,$214,$103,$-1,$316,$393,$48,$4,$3,$7,$24,$3,$0,$4,$5,$61,$-5,$0,$0,$0,$-65,$-65,$0,$-70,$-0,$0,$-0,$1,$1,$0,$-1,$0,$-11,$3,$0
1,2018-06-30,15.77,$8.61,1.83,$11.38,1.39,$3.78,4.17,$4.03,3.91,$0.31B,$0.07B,4.22,$0.01B,$0.30B,0.04,$0.41B,$0.19B,46.31%,$0.41B,$0.11B,25.86%,$0.41B,$0.11B,25.86%,$0.41B,$0.11B,28.08%,$0.41B,$0.11B,25.86%,$0.41B,$0.14B,35.47%,$0.14B,$0.30B,63.44%,$0.14B,$0.29B,65.68%,$0.14B,$0.40B,43.50%,$0.11B,$0.31B,43.75%,$111,$57,$53,$10,$10,$78,$33,$0,$33,$2,$31,$31,$31,$35,$33,$34,36,$0.90,$0.87,$130,$94,$7,$312,$23,$0,$7,$11,$85,$397,$74,$13,$13,$26,$99,$212,$86,$-1,$297,$397,$31,$2,$2,$4,$-18,$-6,$0,$3,$-25,$10,$-3,$0,$0,$0,$-8,$-8,$1,$-10,$-0,$0,$-0,$0,$0,$0,$-1,$-1,$-2,$1,$0
2,2018-03-31,19.33,$7.75,2.5,$10.42,1.86,$3.79,5.1,$3.24,5.97,$0.29B,$0.08B,3.49,$0.01B,$0.27B,0.05,$0.37B,$0.16B,43.75%,$0.37B,$0.08B,20.38%,$0.37B,$0.08B,20.38%,$0.37B,$0.09B,23.10%,$0.37B,$0.08B,20.38%,$0.37B,$0.12B,31.52%,$0.12B,$0.27B,61.13%,$0.12B,$0.26B,63.82%,$0.12B,$0.37B,39.90%,$0.08B,$0.28B,36.95%,$113,$59,$55,$9,$11,$79,$35,$-0,$34,$-41,$75,$75,$75,$37,$35,$34,36,$2.21,$2.13,$124,$88,$10,$285,$22,$0,$8,$15,$88,$373,$82,$13,$12,$25,$107,$211,$55,$1,$266,$373,$116,$9,$-24,$-14,$-22,$-37,$0,$-3,$-34,$67,$-5,$0,$0,$0,$-40,$-40,$-2,$-47,$-0,$0,$-0,$3,$3,$0,$-4,$-1,$20,$5,$0
3,2017-12-31,21.43,$5.56,3.85,$8.76,2.45,$1.88,11.39,$0.60,35.72,$0.26B,$0.09B,2.86,$0.01B,$0.19B,0.07,$0.31B,$0.12B,40.66%,$0.31B,$0.02B,7.21%,$0.31B,$0.02B,7.21%,$0.31B,$0.04B,13.11%,$0.31B,$0.02B,7.54%,$0.31B,$0.02B,7.54%,$0.02B,$0.19B,14.42%,$0.02B,$0.18B,15.26%,$0.02B,$0.31B,9.06%,$0.02B,$0.20B,12.74%,$111,$58,$53,$8,$11,$78,$33,$1,$34,$0,$34,$34,$34,$36,$33,$34,36,$0.99,$0.94,$99,$75,$11,$260,$20,$0,$8,$17,$46,$306,$91,$13,$12,$25,$115,$211,$-20,$-0,$191,$306,$41,$7,$17,$24,$-35,$-24,$0,$-1,$-24,$41,$-0,$0,$0,$0,$-32,$-32,$-5,$-36,$-0,$0,$-0,$3,$3,$0,$-2,$1,$6,$4,$0
4,2017-09-30,13.92,$4.51,3.09,$6.71,2.07,$0.66,21.18,$-0.63,0.0,$0.20B,$0.07B,2.81,$0.01B,$0.15B,0.09,$0.23B,$0.08B,35.96%,$0.23B,$-0.02B,-9.21%,$0.23B,$-0.02B,-9.21%,$0.23B,$-0.00B,-1.75%,$0.23B,$-0.02B,-9.21%,$0.23B,$-0.02B,-9.21%,$-0.02B,$0.15B,-13.84%,$-0.02B,$0.15B,-14.97%,$-0.02B,$0.25B,-9.16%,$-0.02B,$0.17B,-12.98%,$71,$44,$27,$8,$12,$67,$4,$-0,$4,$-0,$4,$4,$4,$6,$4,$34,35,$0.13,$0.12,$81,$61,$13,$203,$19,$0,$9,$18,$45,$248,$72,$13,$9,$22,$94,$209,$-54,$-1,$154,$248,$7,$4,$17,$21,$-7,$-8,$0,$-0,$-3,$26,$-1,$0,$0,$0,$-27,$-27,$-5,$-33,$-0,$0,$-0,$1,$1,$0,$-2,$-1,$-9,$3,$0
5,2017-06-30,8.24,$4.41,1.87,$5.59,1.47,0,0.0,$-1.05,0.0,$0.19B,$0.06B,2.96,$0.01B,$0.15B,0.09,$0.19B,$0.07B,35.29%,$0.19B,$-0.04B,-18.72%,$0.19B,$-0.04B,-18.72%,$0.19B,$-0.02B,-9.63%,$0.19B,$-0.04B,-18.72%,$0.19B,$-0.04B,-18.72%,$-0.04B,$0.15B,-22.54%,$-0.04B,$0.14B,-24.82%,$-0.04B,$0.24B,-15.80%,$-0.04B,$0.16B,-21.60%,$73,$46,$26,$9,$13,$69,$3,$-0,$3,$0,$3,$3,$3,$6,$3,$33,34,$0.09,$0.08,$69,$62,$12,$191,$20,$0,$9,$15,$45,$236,$64,$13,$9,$23,$87,$208,$-59,$-1,$148,$236,$3,$2,$8,$10,$-9,$-4,$0,$0,$-6,$7,$-0,$0,$0,$0,$-4,$-4,$-0,$-5,$-0,$0,$-0,$0,$0,$0,$-1,$-1,$2,$1,$0
6,2017-03-31,6.97,$4.35,1.6,$4.97,1.4,$0.11,63.77,$-1.13,0.0,$0.17B,$0.06B,2.99,$0.01B,$0.15B,0.09,$0.16B,$0.06B,37.65%,$0.16B,$-0.04B,-23.46%,$0.16B,$-0.04B,-23.46%,$0.16B,$-0.02B,-13.58%,$0.16B,$-0.04B,-23.46%,$0.16B,$-0.04B,-23.46%,$-0.04B,$0.15B,-23.60%,$-0.04B,$0.14B,-26.21%,$-0.04B,$0.23B,-17.41%,$-0.04B,$0.16B,-23.14%,$50,$32,$18,$8,$14,$68,$-18,$0,$-18,$-0,$-18,$-18,$-18,$-8,$-18,$33,33,$-0.56,$-0.56,$62,$59,$12,$174,$22,$0,$10,$19,$51,$225,$58,$13,$9,$22,$80,$207,$-61,$-1,$145,$225,$-37,$17,$13,$29,$3,$-6,$0,$3,$8,$-1,$-4,$0,$-2,$0,$9,$9,$-0,$3,$14,$0,$14,$1,$1,$0,$-1,$14,$15,$7,$0
7,2016-12-31,5.92,$4.81,1.23,$5.08,1.17,$0.30,19.85,$-0.53,0.0,$0.15B,$0.04B,3.58,$0.00B,$0.16B,0.0,$0.16B,$0.06B,39.26%,$0.16B,$-0.02B,-11.66%,$0.16B,$-0.02B,-11.66%,$0.16B,$-0.01B,-6.75%,$0.16B,$-0.02B,-11.66%,$0.16B,$-0.02B,-11.04%,$-0.02B,$0.16B,-10.76%,$-0.02B,$0.14B,-12.00%,$-0.02B,$0.21B,-8.29%,$-0.02B,$0.16B,-11.36%,$34,$22,$11,$8,$13,$44,$-10,$0,$-10,$-0,$-10,$-10,$-10,$-8,$-10,$33,33,$-0.29,$-0.29,$51,$59,$10,$148,$24,$0,$19,$17,$60,$208,$41,$0,$7,$7,$49,$205,$-43,$-2,$160,$208,$-19,$6,$6,$12,$15,$-3,$0,$1,$8,$0,$-3,$0,$-2,$0,$8,$8,$-0,$3,$0,$0,$0,$1,$1,$0,$-1,$0,$2,$5,$0
8,2016-09-30,5.64,$5.08,1.11,$5.43,1.04,$0.56,10.08,$-0.38,0.0,$0.16B,$0.04B,3.77,$0.00B,$0.17B,0.0,$0.17B,$0.07B,41.28%,$0.17B,$-0.01B,-7.56%,$0.17B,$-0.01B,-7.56%,$0.17B,$-0.01B,-2.91%,$0.17B,$-0.01B,-7.56%,$0.17B,$-0.01B,-7.56%,$-0.01B,$0.17B,-7.69%,$-0.01B,$0.15B,-8.52%,$-0.01B,$0.22B,-5.93%,$-0.01B,$0.17B,-7.69%,$30,$19,$11,$8,$13,$40,$-10,$0,$-10,$0,$-10,$-10,$-10,$-8,$-10,$32,32,$-0.30,$-0.30,$56,$62,$9,$157,$25,$0,$19,$15,$60,$217,$42,$0,$8,$8,$50,$202,$-34,$-1,$168,$217,$-10,$4,$4,$8,$13,$-4,$0,$2,$5,$4,$-3,$0,$-2,$0,$11,$11,$-0,$7,$0,$0,$0,$1,$1,$0,$-1,$-0,$10,$3,$0
9,2016-06-30,5.84,$5.31,1.1,$5.99,0.97,$0.59,9.83,$-0.18,0.0,$0.17B,$0.04B,3.93,$0.00B,$0.17B,0.0,$0.19B,$0.08B,41.49%,$0.19B,$-0.01B,-3.19%,$0.19B,$-0.01B,-3.19%,$0.19B,$0.00B,1.06%,$0.19B,$-0.01B,-3.19%,$0.19B,$-0.01B,-3.19%,$-0.01B,$0.17B,-3.54%,$-0.01B,$0.16B,-3.90%,$-0.01B,$0.22B,-2.71%,$-0.01B,$0.17B,-3.54%,$48,$27,$21,$8,$13,$47,$0,$-0,$0,$0,$-0,$-0,$-0,$2,$0,$32,32,$0.00,$0.00,$67,$60,$8,$168,$25,$0,$14,$15,$55,$223,$43,$0,$9,$9,$52,$196,$-24,$-1,$171,$223,$-0,$2,$3,$5,$8,$-2,$0,$1,$7,$11,$-1,$0,$0,$0,$10,$10,$-0,$9,$0,$0,$0,$0,$0,$0,$-1,$-0,$20,$1,$0
10,2016-03-31,7.15,$5.38,1.33,$5.88,1.22,$0.31,22.95,$-0.38,0.0,$0.17B,$0.04B,4.11,$0.00B,$0.17B,0.0,$0.18B,$0.07B,39.34%,$0.18B,$-0.01B,-6.56%,$0.18B,$-0.01B,-6.56%,$0.18B,$-0.00B,-2.19%,$0.18B,$-0.01B,-6.56%,$0.18B,$-0.01B,-6.56%,$-0.01B,$0.17B,-7.07%,$-0.01B,$0.16B,-7.79%,$-0.01B,$0.22B,-5.41%,$-0.01B,$0.17B,-7.07%,$51,$30,$21,$8,$12,$50,$1,$0,$1,$-1,$2,$2,$2,$3,$1,$31,31,$0.06,$0.06,$58,$60,$7,$167,$25,$0,$15,$13,$53,$220,$41,$0,$9,$9,$50,$195,$-24,$-1,$170,$220,$-12,$9,$5,$14,$3,$-7,$0,$-2,$3,$5,$-3,$0,$0,$0,$-11,$-11,$1,$-14,$0,$0,$0,$1,$1,$0,$-1,$1,$-9,$5,$0
11,2015-12-31,5.19,$5.29,0.98,$5.47,0.95,$-0.80,0.0,$-0.92,0.0,$0.17B,$0.05B,3.69,$0.00B,$0.17B,0.0,$0.17B,$0.06B,37.65%,$0.17B,$-0.03B,-18.82%,$0.17B,$-0.03B,-18.82%,$0.17B,$-0.02B,-9.41%,$0.17B,$-0.04B,-21.18%,$0.17B,$-0.04B,-21.76%,$-0.04B,$0.17B,-21.57%,$-0.04B,$0.15B,-23.79%,$-0.04B,$0.22B,-16.65%,$-0.03B,$0.17B,-18.66%,$43,$26,$18,$8,$12,$48,$-4,$0,$-4,$0,$-5,$-5,$-5,$-2,$-4,$31,31,$-0.15,$-0.15,$63,$61,$6,$167,$24,$0,$15,$11,$50,$217,$45,$0,$5,$5,$50,$194,$-26,$-1,$167,$217,$-14,$7,$5,$11,$9,$-7,$0,$-1,$11,$8,$-3,$0,$0,$0,$-14,$-14,$-0,$-17,$0,$0,$0,$1,$1,$0,$-1,$0,$-9,$4,$0
12,2015-09-30,4.64,$5.40,0.86,$5.52,0.84,$-1.62,0.0,$-0.99,0.0,$0.17B,$0.05B,3.4,$0.00B,$0.17B,0.0,$0.17B,$0.06B,35.67%,$0.17B,$-0.03B,-19.88%,$0.17B,$-0.03B,-19.88%,$0.17B,$-0.02B,-10.53%,$0.17B,$-0.04B,-22.22%,$0.17B,$-0.04B,-22.22%,$-0.04B,$0.17B,-21.26%,$-0.04B,$0.15B,-23.24%,$-0.04B,$0.23B,-16.68%,$-0.03B,$0.17B,-19.02%,$46,$28,$18,$8,$13,$49,$-3,$0,$-3,$0,$-3,$-3,$-3,$-1,$-3,$31,31,$-0.10,$-0.10,$60,$58,$6,$173,$25,$0,$16,$11,$52,$225,$51,$0,$4,$4,$55,$192,$-21,$-1,$170,$225,$-10,$5,$3,$7,$-4,$-3,$0,$3,$7,$4,$-2,$0,$0,$0,$-10,$-10,$0,$-12,$0,$0,$0,$1,$1,$0,$-1,$0,$-7,$3,$0
13,2015-06-30,5.27,$5.50,0.96,$5.44,0.97,$-1.86,0.0,$-1.09,0.0,$0.17B,$0.05B,3.43,$0.00B,$0.17B,0.0,$0.17B,$0.06B,34.52%,$0.17B,$-0.04B,-22.02%,$0.17B,$-0.04B,-22.02%,$0.17B,$-0.02B,-11.90%,$0.17B,$-0.04B,-24.40%,$0.17B,$-0.04B,-24.40%,$-0.04B,$0.17B,-21.87%,$-0.04B,$0.16B,-23.73%,$-0.04B,$0.23B,-17.41%,$-0.04B,$0.17B,-19.73%,$43,$28,$15,$9,$13,$49,$-6,$-0,$-6,$0,$-6,$-6,$-6,$-4,$-6,$31,31,$-0.20,$-0.20,$58,$57,$7,$173,$25,$0,$16,$12,$54,$226,$50,$0,$3,$4,$54,$190,$-18,$-0,$172,$226,$-6,$2,$1,$4,$-5,$-1,$0,$4,$5,$2,$-1,$0,$0,$0,$2,$2,$-0,$0,$0,$0,$0,$0,$0,$0,$-1,$-0,$3,$1,$0
14,2015-03-31,6.18,$5.78,1.07,$5.21,1.19,$-1.91,0.0,$-1.16,0.0,$0.17B,$0.04B,4.06,$0.00B,$0.18B,0.0,$0.16B,$0.06B,34.38%,$0.16B,$-0.04B,-25.00%,$0.16B,$-0.04B,-25.00%,$0.16B,$-0.02B,-14.38%,$0.16B,$-0.04B,-27.50%,$0.16B,$-0.04B,-26.88%,$-0.04B,$0.18B,-21.77%,$-0.04B,$0.16B,-23.47%,$-0.04B,$0.22B,-17.60%,$-0.04B,$0.18B,-20.25%,$38,$25,$13,$9,$12,$57,$-19,$-4,$-23,$0,$-23,$-23,$-23,$-9,$-19,$31,31,$-0.75,$-0.75,$58,$57,$9,$165,$26,$0,$17,$13,$56,$221,$41,$0,$3,$3,$44,$189,$-12,$-0,$177,$221,$-44,$17,$9,$26,$-8,$1,$0,$1,$-10,$-27,$-5,$0,$-8,$0,$36,$36,$-3,$20,$0,$0,$0,$0,$0,$-7,$-2,$-9,$-17,$5,$-7
15,2014-12-31,7.76,$6.41,1.21,$5.21,1.49,$-1.60,0.0,$-1.60,0.0,$0.18B,$0.04B,4.44,$0.00B,$0.20B,0.0,$0.16B,$0.05B,28.93%,$0.16B,$-0.04B,-27.04%,$0.16B,$-0.04B,-27.04%,$0.16B,$-0.03B,-20.75%,$0.16B,$-0.05B,-30.82%,$0.16B,$-0.05B,-30.19%,$-0.05B,$0.20B,-22.97%,$-0.05B,$0.18B,-24.62%,$-0.05B,$0.24B,-18.71%,$-0.04B,$0.20B,-20.57%,$44,$29,$15,$8,$12,$50,$-6,$0,$-6,$0,$-6,$-6,$-6,$-4,$-6,$31,31,$-0.21,$-0.21,$80,$59,$5,$184,$27,$0,$14,$13,$55,$239,$42,$0,$1,$1,$43,$185,$11,$0,$196,$239,$-21,$7,$3,$10,$-3,$-2,$0,$-1,$-6,$-17,$-3,$0,$0,$0,$33,$33,$-1,$28,$0,$0,$0,$-0,$-0,$-7,$-2,$-9,$2,$3,$-7
16,2014-09-30,6.72,$6.68,1.01,$5.06,1.33,$-1.14,0.0,$-1.54,0.0,$0.20B,$0.05B,4.02,$0.00B,$0.21B,0.0,$0.15B,$0.05B,30.72%,$0.15B,$-0.04B,-27.45%,$0.15B,$-0.04B,-27.45%,$0.15B,$-0.03B,-20.26%,$0.15B,$-0.05B,-30.72%,$0.15B,$-0.05B,-30.72%,$-0.05B,$0.21B,-21.08%,$-0.05B,$0.19B,-22.57%,$-0.05B,$0.26B,-17.30%,$-0.04B,$0.21B,-18.83%,$43,$28,$15,$8,$12,$48,$-6,$-0,$-6,$0,$-6,$-6,$-6,$-3,$-6,$31,31,$-0.20,$-0.20,$98,$56,$9,$202,$27,$0,$14,$12,$54,$256,$50,$0,$1,$1,$52,$184,$20,$1,$205,$256,$-14,$5,$2,$7,$-2,$3,$0,$3,$4,$-3,$-2,$0,$0,$0,$24,$24,$-1,$21,$0,$0,$0,$-1,$-1,$-5,$-1,$-7,$11,$2,$-5
17,2014-06-30,6.66,$6.95,0.96,$5.65,1.18,$-1.14,0.0,$-1.43,0.0,$0.21B,$0.05B,4.3,$0.00B,$0.21B,0.0,$0.17B,$0.06B,33.53%,$0.17B,$-0.04B,-20.59%,$0.17B,$-0.04B,-20.59%,$0.17B,$-0.03B,-14.71%,$0.17B,$-0.04B,-25.88%,$0.17B,$-0.04B,-25.88%,$-0.04B,$0.21B,-18.64%,$-0.04B,$0.20B,-19.93%,$-0.04B,$0.26B,-15.44%,$-0.04B,$0.21B,-14.83%,$35,$23,$12,$9,$12,$44,$-9,$0,$-9,$-1,$-8,$-8,$-8,$-7,$-9,$30,30,$-0.27,$-0.27,$106,$60,$7,$207,$27,$0,$14,$12,$54,$261,$48,$0,$1,$1,$49,$182,$29,$1,$212,$261,$-8,$2,$1,$4,$5,$-2,$0,$1,$5,$1,$-1,$0,$0,$0,$19,$19,$-0,$17,$0,$0,$0,$-1,$-1,$-2,$-1,$-4,$14,$1,$-2
18,2014-03-31,9.53,$7.39,1.29,$6.05,1.58,$-1.46,0.0,$-1.27,0.0,$0.21B,$0.05B,4.61,$0.00B,$0.22B,0.0,$0.18B,$0.06B,35.36%,$0.18B,$-0.03B,-16.02%,$0.18B,$-0.03B,-16.02%,$0.18B,$-0.02B,-10.50%,$0.18B,$-0.04B,-20.99%,$0.18B,$-0.04B,-21.55%,$-0.04B,$0.22B,-15.73%,$-0.04B,$0.21B,-16.81%,$-0.04B,$0.27B,-13.03%,$-0.03B,$0.22B,-11.69%,$37,$33,$4,$10,$15,$59,$-22,$-6,$-28,$-0,$-28,$-28,$-28,$-19,$-22,$30,30,$-0.92,$-0.92,$107,$59,$7,$211,$28,$4,$15,$12,$60,$270,$46,$0,$2,$2,$47,$183,$39,$0,$223,$270,$-38,$11,$14,$25,$-2,$8,$0,$-2,$-6,$-19,$-4,$0,$-10,$0,$21,$21,$0,$8,$0,$0,$0,$2,$2,$-10,$-2,$-9,$-20,$6,$-10
19,2013-12-31,10.03,$8.36,1.2,$6.16,1.63,$-0.26,0.0,$-2.58,0.0,$0.23B,$0.04B,5.43,$0.00B,$0.25B,0.0,$0.18B,$0.05B,29.35%,$0.18B,$-0.04B,-20.65%,$0.18B,$-0.04B,-20.65%,$0.18B,$-0.03B,-13.59%,$0.18B,$-0.04B,-22.28%,$0.18B,$-0.08B,-41.85%,$-0.08B,$0.25B,-29.82%,$-0.08B,$0.24B,-31.85%,$-0.08B,$0.30B,-24.66%,$-0.04B,$0.25B,-14.71%,$38,$22,$16,$10,$12,$43,$-5,$0,$-4,$0,$-5,$-5,$-5,$-2,$-5,$30,30,$-0.15,$-0.15,$123,$69,$6,$227,$28,$6,$16,$19,$72,$300,$42,$0,$6,$6,$48,$182,$69,$0,$252,$300,$-11,$8,$7,$14,$8,$-1,$0,$-5,$-8,$-4,$-2,$0,$-10,$0,$11,$11,$-0,$-1,$0,$0,$0,$2,$2,$-7,$-2,$-7,$-12,$5,$-7
20,2013-09-30,11.12,$8.56,1.3,$6.14,1.81,$0.74,15.08,$-2.20,0.0,$0.23B,$0.05B,5.12,$0.00B,$0.26B,0.0,$0.18B,$0.05B,27.72%,$0.18B,$-0.02B,-13.04%,$0.18B,$-0.02B,-13.04%,$0.18B,$-0.01B,-5.98%,$0.18B,$-0.03B,-15.22%,$0.18B,$-0.07B,-35.33%,$-0.07B,$0.26B,-23.40%,$-0.07B,$0.24B,-24.98%,$-0.07B,$0.31B,-19.53%,$-0.02B,$0.26B,-8.64%,$60,$35,$25,$10,$14,$59,$1,$-4,$-3,$-0,$-3,$-3,$-3,$3,$1,$30,30,$-0.09,$-0.09,$122,$70,$5,$234,$28,$10,$16,$17,$75,$309,$46,$0,$6,$6,$52,$180,$76,$0,$257,$309,$-6,$5,$7,$12,$1,$-0,$0,$-3,$-9,$-3,$-2,$0,$-10,$0,$3,$3,$-0,$-9,$0,$0,$0,$-0,$-0,$-5,$0,$-5,$-17,$4,$-5
21,2013-06-30,10.16,$8.70,1.17,$6.83,1.49,$0.84,12.12,$-1.94,0.0,$0.24B,$0.05B,4.65,$0.00B,$0.26B,0.0,$0.20B,$0.06B,29.41%,$0.20B,$-0.02B,-8.33%,$0.20B,$-0.02B,-8.33%,$0.20B,$-0.00B,-1.47%,$0.20B,$-0.02B,-8.33%,$0.20B,$-0.06B,-27.94%,$-0.06B,$0.26B,-18.45%,$-0.06B,$0.24B,-19.62%,$-0.06B,$0.32B,-15.38%,$-0.02B,$0.26B,-5.50%,$46,$27,$19,$8,$15,$49,$-3,$-0,$-3,$0,$-3,$-3,$-3,$-1,$-3,$30,30,$-0.11,$-0.11,$124,$74,$6,$244,$28,$12,$17,$14,$75,$318,$52,$0,$6,$6,$58,$178,$82,$0,$260,$318,$-3,$2,$2,$4,$-3,$-3,$0,$-2,$-10,$-9,$-1,$0,$-8,$0,$6,$6,$0,$-3,$0,$0,$0,$-1,$-1,$-2,$0,$-3,$-15,$3,$-2
22,2013-03-31,10.36,$8.93,1.16,$7.30,1.42,$1.53,6.78,$-1.86,0.0,$0.25B,$0.05B,4.73,$0.00B,$0.26B,0.0,$0.22B,$0.07B,29.95%,$0.22B,$-0.02B,-7.37%,$0.22B,$-0.02B,-7.37%,$0.22B,$-0.00B,-0.46%,$0.22B,$-0.02B,-7.37%,$0.22B,$-0.06B,-25.35%,$-0.06B,$0.26B,-16.25%,$-0.06B,$0.25B,-17.25%,$-0.06B,$0.32B,-13.72%,$-0.02B,$0.26B,-4.73%,$40,$46,$-6,$8,$14,$70,$-31,$0,$-31,$35,$-66,$-66,$-66,$-25,$-31,$30,30,$-2.23,$-2.23,$145,$63,$5,$246,$28,$12,$17,$15,$76,$322,$52,$0,$6,$6,$58,$177,$87,$0,$264,$322,$-55,$15,$50,$64,$1,$4,$0,$0,$8,$17,$-4,$0,$-9,$0,$62,$62,$23,$71,$0,$0,$0,$3,$3,$-68,$-2,$-67,$19,$8,$-68
23,2012-12-31,9.26,$11.19,0.83,$7.51,1.23,$1.41,6.57,$0.11,84.22,$0.28B,$0.04B,6.55,$0.00B,$0.33B,0.0,$0.22B,$0.09B,39.64%,$0.22B,$0.01B,2.25%,$0.22B,$0.01B,2.25%,$0.22B,$0.02B,8.11%,$0.22B,$0.01B,2.25%,$0.22B,$0.00B,1.35%,$0.00B,$0.33B,0.82%,$0.00B,$0.31B,0.86%,$0.00B,$0.38B,0.70%,$0.01B,$0.33B,1.36%,$38,$25,$13,$9,$12,$29,$9,$-0,$9,$3,$7,$7,$7,$12,$9,$29,30,$0.23,$0.23,$165,$80,$5,$278,$30,$6,$20,$15,$104,$382,$42,$0,$10,$10,$52,$174,$155,$1,$330,$382,$11,$9,$9,$18,$14,$-12,$0,$-3,$-2,$28,$-3,$0,$-9,$0,$28,$28,$0,$16,$0,$0,$0,$0,$0,$-66,$0,$-66,$-23,$6,$-66
24,2012-09-30,9.45,$13.01,0.73,$7.97,1.19,$1.04,9.11,$-0.19,0.0,$0.35B,$0.07B,5.11,$0.00B,$0.38B,0.0,$0.23B,$0.10B,41.03%,$0.23B,$-0.01B,-3.42%,$0.23B,$-0.01B,-3.42%,$0.23B,$0.01B,2.14%,$0.23B,$-0.01B,-3.42%,$0.23B,$-0.01B,-2.56%,$-0.01B,$0.38B,-1.58%,$-0.01B,$0.36B,-1.65%,$-0.01B,$0.46B,-1.36%,$-0.01B,$0.38B,-2.10%,$80,$47,$34,$11,$15,$72,$8,$0,$8,$3,$5,$5,$5,$11,$8,$29,30,$0.18,$0.17,$195,$79,$5,$346,$31,$11,$21,$16,$113,$460,$68,$0,$9,$9,$77,$172,$210,$1,$382,$460,$4,$6,$7,$13,$-25,$-12,$0,$-0,$-17,$0,$-3,$0,$-9,$0,$18,$18,$-0,$6,$0,$0,$0,$-0,$-0,$-5,$0,$-5,$1,$5,$-5
25,2012-06-30,9.08,$12.92,0.7,$8.08,1.12,$1.53,5.95,$-0.07,0.0,$0.32B,$0.05B,6.17,$0.00B,$0.38B,0.0,$0.24B,$0.10B,41.53%,$0.24B,$-0.01B,-2.54%,$0.24B,$-0.01B,-2.54%,$0.24B,$0.01B,2.97%,$0.24B,$-0.01B,-2.54%,$0.24B,$-0.00B,-0.85%,$-0.00B,$0.38B,-0.52%,$-0.00B,$0.36B,-0.55%,$-0.00B,$0.44B,-0.46%,$-0.01B,$0.38B,-1.57%,$59,$35,$24,$10,$16,$61,$-2,$-0,$-2,$-1,$-1,$-1,$-1,$1,$-2,$29,29,$-0.03,$-0.03,$207,$70,$5,$321,$31,$13,$22,$15,$119,$439,$52,$0,$9,$9,$61,$171,$207,$1,$378,$439,$-1,$3,$1,$4,$5,$-2,$0,$1,$8,$11,$-1,$0,$-9,$0,$16,$16,$0,$6,$0,$0,$0,$-1,$-1,$-2,$0,$-3,$15,$3,$-2
26,2012-03-31,11.45,$13.07,0.88,$8.69,1.32,$0.74,15.58,$0.16,71.58,$0.32B,$0.05B,6.93,$0.00B,$0.38B,0.0,$0.25B,$0.11B,42.52%,$0.25B,$0.00B,0.39%,$0.25B,$0.00B,0.39%,$0.25B,$0.02B,5.91%,$0.25B,$0.00B,1.57%,$0.25B,$0.01B,1.97%,$0.01B,$0.38B,1.32%,$0.01B,$0.37B,1.36%,$0.01B,$0.43B,1.14%,$0.00B,$0.38B,0.26%,$45,$29,$17,$10,$13,$56,$-10,$0,$-10,$-3,$-8,$-8,$-8,$-6,$-10,$29,29,$-0.27,$-0.25,$199,$68,$5,$315,$32,$23,$12,$14,$118,$433,$45,$0,$9,$9,$55,$168,$210,$1,$379,$433,$5,$14,$4,$18,$11,$-4,$0,$1,$-9,$14,$-5,$0,$0,$0,$-46,$-46,$-12,$-62,$0,$0,$0,$3,$3,$-2,$1,$1,$-47,$11,$-2
27,2011-12-31,11.0,$13.29,0.83,$9.64,1.14,$1.96,5.62,$0.63,17.45,$0.33B,$0.04B,7.98,$0.00B,$0.38B,0.0,$0.28B,$0.12B,43.42%,$0.28B,$0.02B,6.05%,$0.28B,$0.02B,6.05%,$0.28B,$0.03B,10.68%,$0.28B,$0.02B,7.12%,$0.28B,$0.02B,6.76%,$0.02B,$0.38B,5.06%,$0.02B,$0.37B,5.24%,$0.02B,$0.44B,4.31%,$0.02B,$0.38B,4.52%,$50,$29,$21,$10,$14,$54,$-4,$0,$-4,$-2,$-2,$-2,$-2,$-1,$-4,$29,29,$-0.07,$-0.07,$215,$73,$5,$330,$36,$13,$13,$13,$105,$435,$41,$0,$10,$10,$51,$166,$218,$1,$384,$435,$13,$9,$5,$14,$19,$-6,$0,$-1,$-10,$17,$-4,$0,$0,$0,$-54,$-54,$-11,$-69,$0,$0,$0,$2,$2,$0,$1,$3,$-49,$10,$0
28,2011-09-30,9.03,$13.36,0.68,$10.26,0.88,$2.10,4.3,$0.78,11.57,$0.32B,$0.05B,7.14,$0.00B,$0.39B,0.0,$0.30B,$0.13B,43.96%,$0.30B,$0.02B,8.05%,$0.30B,$0.02B,8.05%,$0.30B,$0.04B,12.42%,$0.30B,$0.03B,8.72%,$0.30B,$0.02B,7.72%,$0.02B,$0.39B,6.24%,$0.02B,$0.37B,6.48%,$0.02B,$0.44B,5.26%,$0.02B,$0.39B,6.51%,$82,$46,$36,$11,$15,$72,$10,$-0,$10,$1,$9,$9,$9,$13,$10,$29,29,$0.30,$0.29,$203,$76,$6,$324,$39,$23,$13,$12,$116,$440,$45,$0,$10,$10,$55,$163,$222,$1,$385,$440,$14,$6,$7,$13,$15,$-10,$0,$-0,$-12,$16,$-3,$0,$0,$0,$-36,$-36,$-11,$-51,$0,$0,$0,$2,$2,$0,$1,$2,$-32,$7,$0
29,2011-06-30,14.66,$13.01,1.13,$9.61,1.53,$2.06,7.12,$0.47,31.18,$0.35B,$0.07B,5.29,$0.00B,$0.37B,0.0,$0.28B,$0.12B,43.84%,$0.28B,$0.02B,5.43%,$0.28B,$0.02B,5.43%,$0.28B,$0.03B,10.14%,$0.28B,$0.02B,6.16%,$0.28B,$0.01B,4.71%,$0.01B,$0.37B,3.62%,$0.01B,$0.36B,3.77%,$0.01B,$0.45B,3.01%,$0.02B,$0.37B,4.17%,$77,$43,$34,$11,$16,$72,$5,$3,$8,$2,$6,$6,$6,$9,$5,$28,29,$0.21,$0.20,$199,$72,$13,$354,$40,$0,$14,$12,$95,$449,$67,$0,$10,$10,$77,$158,$213,$1,$372,$449,$6,$3,$3,$6,$-16,$-4,$0,$5,$-23,$-11,$-2,$0,$0,$0,$-5,$-5,$-12,$-18,$0,$0,$0,$-0,$-0,$0,$0,$0,$-28,$5,$0
30,2011-03-31,13.18,$12.80,1.03,$9.05,1.46,$2.97,4.43,$0.28,47.08,$0.33B,$0.07B,4.81,$0.00B,$0.36B,0.0,$0.26B,$0.11B,42.02%,$0.26B,$0.01B,3.11%,$0.26B,$0.01B,3.11%,$0.26B,$0.02B,8.17%,$0.26B,$0.01B,2.72%,$0.26B,$0.01B,2.72%,$0.01B,$0.36B,1.98%,$0.01B,$0.35B,2.06%,$0.01B,$0.44B,1.67%,$0.01B,$0.36B,2.27%,$72,$40,$31,$10,$15,$66,$6,$1,$6,$0,$6,$6,$6,$9,$6,$28,29,$0.21,$0.21,$196,$65,$12,$328,$40,$13,$14,$15,$112,$440,$68,$0,$10,$10,$78,$153,$207,$2,$362,$440,$8,$12,$7,$19,$-6,$3,$0,$4,$24,$51,$-7,$0,$-8,$0,$38,$38,$1,$24,$0,$0,$0,$1,$1,$0,$0,$2,$77,$9,$0
31,2010-12-31,12.17,$12.59,0.97,$8.71,1.4,$1.42,8.57,$0.15,81.15,$0.30B,$0.06B,5.29,$0.00B,$0.36B,0.0,$0.25B,$0.10B,42.04%,$0.25B,$0.00B,1.63%,$0.25B,$0.00B,1.63%,$0.25B,$0.02B,7.35%,$0.25B,$0.00B,0.82%,$0.25B,$0.00B,1.22%,$0.00B,$0.36B,0.86%,$0.00B,$0.34B,0.89%,$0.00B,$0.42B,0.74%,$0.00B,$0.36B,1.15%,$67,$37,$30,$10,$15,$65,$3,$-0,$2,$0,$2,$2,$2,$6,$3,$28,29,$0.08,$0.08,$163,$70,$13,$299,$39,$21,$14,$14,$122,$421,$57,$0,$10,$10,$66,$150,$201,$3,$355,$421,$2,$9,$3,$12,$-6,$0,$0,$-1,$7,$21,$-4,$0,$-8,$0,$-3,$-3,$0,$-15,$0,$0,$0,$1,$1,$0,$0,$1,$8,$7,$0
32,2010-09-30,8.44,$12.42,0.68,$7.79,1.08,$0.72,11.69,$-0.02,0.0,$0.31B,$0.06B,5.23,$0.00B,$0.35B,0.0,$0.22B,$0.09B,40.55%,$0.22B,$-0.01B,-2.30%,$0.22B,$-0.01B,-2.30%,$0.22B,$0.01B,4.15%,$0.22B,$-0.01B,-2.76%,$0.22B,$-0.00B,-0.46%,$-0.00B,$0.35B,-0.29%,$-0.00B,$0.33B,-0.30%,$-0.00B,$0.42B,-0.25%,$-0.01B,$0.35B,-1.45%,$60,$34,$26,$10,$15,$59,$1,$0,$1,$2,$-1,$-1,$-1,$4,$1,$28,28,$-0.02,$-0.02,$170,$73,$15,$311,$40,$5,$15,$13,$106,$417,$59,$0,$9,$9,$69,$148,$199,$2,$349,$417,$-0,$6,$3,$9,$-8,$-2,$0,$2,$4,$13,$-3,$0,$-8,$0,$-2,$-2,$0,$-13,$0,$0,$0,$0,$0,$0,$0,$0,$1,$5,$0
33,2010-06-30,10.14,$12.38,0.82,$6.67,1.52,$0.24,42.62,$-0.22,0.0,$0.30B,$0.05B,6.73,$0.00B,$0.35B,0.0,$0.19B,$0.07B,38.38%,$0.19B,$-0.02B,-8.11%,$0.19B,$-0.02B,-8.11%,$0.19B,$-0.00B,-0.54%,$0.19B,$-0.02B,-8.65%,$0.19B,$-0.01B,-3.24%,$-0.01B,$0.35B,-1.75%,$-0.01B,$0.34B,-1.80%,$-0.01B,$0.40B,-1.53%,$-0.02B,$0.35B,-4.39%,$58,$37,$21,$10,$13,$60,$-2,$0,$-2,$-2,$0,$0,$0,$2,$-2,$28,28,$0.01,$0.01,$180,$70,$12,$302,$40,$5,$8,$11,$97,$400,$45,$0,$9,$9,$54,$145,$200,$1,$346,$400,$0,$3,$-0,$3,$5,$4,$0,$-2,$12,$15,$-1,$0,$0,$0,$1,$1,$-0,$-0,$0,$0,$0,$-0,$-0,$0,$0,$0,$15,$3,$0
34,2010-03-31,9.73,$12.39,0.79,$5.43,1.79,$-0.29,0.0,$-0.43,0.0,$0.30B,$0.04B,6.94,$0.00B,$0.34B,0.0,$0.15B,$0.06B,37.33%,$0.15B,$-0.02B,-14.67%,$0.15B,$-0.02B,-14.67%,$0.15B,$-0.01B,-6.00%,$0.15B,$-0.02B,-15.33%,$0.15B,$-0.01B,-8.00%,$-0.01B,$0.34B,-3.52%,$-0.01B,$0.33B,-3.61%,$-0.01B,$0.39B,-3.10%,$-0.02B,$0.34B,-6.45%,$60,$34,$26,$10,$13,$57,$2,$-1,$1,$-1,$2,$2,$2,$6,$2,$27,27,$0.07,$0.07,$166,$72,$13,$296,$41,$5,$8,$13,$98,$394,$43,$0,$9,$9,$52,$142,$199,$1,$343,$394,$-12,$12,$-1,$11,$-19,$12,$0,$2,$4,$3,$-3,$0,$0,$0,$-113,$-113,$-3,$-119,$0,$0,$0,$1,$1,$0,$0,$1,$-114,$8,$0
35,2009-12-31,8.22,$12.31,0.67,$3.93,2.09,$0.18,44.97,$-1.06,0.0,$0.29B,$0.04B,7.23,$0.00B,$0.34B,0.0,$0.11B,$0.04B,32.41%,$0.11B,$-0.05B,-42.59%,$0.11B,$-0.05B,-42.59%,$0.11B,$-0.03B,-30.56%,$0.11B,$-0.05B,-43.52%,$0.11B,$-0.03B,-26.85%,$-0.03B,$0.34B,-8.50%,$-0.03B,$0.33B,-8.73%,$-0.03B,$0.39B,-7.55%,$-0.05B,$0.34B,-13.48%,$39,$24,$15,$9,$12,$45,$-6,$0,$-6,$-3,$-2,$-2,$-2,$-3,$-6,$28,28,$-0.09,$-0.09,$163,$79,$15,$287,$40,$7,$9,$13,$100,$388,$40,$0,$9,$9,$49,$140,$197,$2,$339,$388,$-14,$9,$-6,$3,$-3,$8,$0,$-6,$9,$-1,$-2,$0,$0,$0,$-96,$-96,$-3,$-101,$0,$0,$0,$0,$0,$0,$0,$0,$-101,$6,$0
36,2009-09-30,10.17,$12.39,0.82,$3.45,2.94,$1.10,9.26,$-2.05,0.0,$0.28B,$0.03B,8.17,$0.00B,$0.34B,0.0,$0.10B,$0.03B,28.42%,$0.10B,$-0.07B,-73.68%,$0.10B,$-0.07B,-73.68%,$0.10B,$-0.04B,-42.11%,$0.10B,$-0.07B,-75.79%,$0.10B,$-0.06B,-58.95%,$-0.06B,$0.34B,-16.20%,$-0.06B,$0.33B,-16.62%,$-0.06B,$0.38B,-14.45%,$-0.07B,$0.34B,-20.25%,$28,$18,$9,$7,$11,$37,$-9,$0,$-9,$-3,$-6,$-6,$-6,$-6,$-9,$27,27,$-0.22,$-0.22,$154,$77,$15,$275,$41,$9,$9,$20,$108,$383,$34,$0,$9,$9,$43,$138,$200,$2,$340,$383,$-12,$6,$-2,$4,$-3,$9,$0,$-1,$6,$-2,$-1,$0,$0,$0,$-65,$-65,$-2,$-67,$0,$0,$0,$-0,$-0,$0,$0,$-0,$-68,$4,$0
37,2009-06-30,8.52,$12.53,0.68,$4.28,1.99,$1.71,4.99,$-1.85,0.0,$0.27B,$0.03B,9.19,$0.00B,$0.34B,0.0,$0.12B,$0.04B,33.33%,$0.12B,$-0.06B,-53.85%,$0.12B,$-0.06B,-53.85%,$0.12B,$-0.03B,-28.21%,$0.12B,$-0.07B,-59.83%,$0.12B,$-0.05B,-46.15%,$-0.05B,$0.34B,-15.12%,$-0.05B,$0.33B,-15.64%,$-0.05B,$0.38B,-13.46%,$-0.06B,$0.34B,-17.63%,$23,$17,$6,$7,$12,$32,$-9,$0,$-9,$-3,$-6,$-6,$-6,$-6,$-9,$27,27,$-0.20,$-0.20,$155,$79,$13,$273,$42,$7,$7,$25,$107,$381,$30,$0,$9,$9,$39,$136,$206,$0,$342,$381,$-6,$3,$-1,$2,$-1,$6,$0,$0,$3,$-1,$-0,$0,$0,$0,$-29,$-29,$0,$-29,$0,$0,$0,$-0,$-0,$0,$0,$-0,$-29,$2,$0
38,2009-03-31,4.5,$12.64,0.36,$5.81,0.77,$1.76,2.55,$-1.75,0.0,$0.28B,$0.03B,8.79,$0.00B,$0.34B,0.0,$0.16B,$0.06B,36.71%,$0.16B,$-0.05B,-34.18%,$0.16B,$-0.05B,-34.18%,$0.16B,$-0.02B,-15.19%,$0.16B,$-0.07B,-41.14%,$0.16B,$-0.05B,-32.28%,$-0.05B,$0.34B,-13.80%,$-0.05B,$0.33B,-14.41%,$-0.05B,$0.38B,-12.25%,$-0.05B,$0.34B,-14.61%,$18,$13,$5,$12,$10,$40,$-22,$-1,$-23,$-8,$-15,$-15,$-15,$-18,$-22,$27,27,$-0.56,$-0.56,$156,$85,$13,$279,$43,$6,$10,$24,$106,$384,$32,$0,$9,$9,$41,$134,$211,$-1,$344,$384,$-51,$30,$7,$38,$39,$17,$0,$-4,$31,$18,$-5,$0,$0,$0,$4,$4,$1,$0,$0,$0,$0,$-2,$-2,$0,$0,$-2,$12,$4,$0
39,2008-12-31,5.16,$13.19,0.39,$5.70,0.9,$1.63,3.17,$-1.09,0.0,$0.31B,$0.04B,8.7,$0.00B,$0.36B,0.0,$0.16B,$0.06B,37.82%,$0.16B,$-0.04B,-24.36%,$0.16B,$-0.04B,-24.36%,$0.16B,$-0.01B,-5.13%,$0.16B,$-0.05B,-30.77%,$0.16B,$-0.04B,-25.64%,$-0.04B,$0.36B,-10.48%,$-0.04B,$0.35B,-11.02%,$-0.04B,$0.40B,-9.21%,$-0.04B,$0.36B,-9.96%,$26,$18,$7,$8,$12,$56,$-30,$-1,$-31,$-2,$-29,$-29,$-29,$-10,$-30,$27,27,$-1.08,$-1.08,$159,$90,$18,$310,$44,$7,$8,$27,$92,$402,$36,$0,$9,$9,$45,$132,$226,$-1,$357,$402,$-36,$27,$9,$36,$34,$9,$0,$-2,$25,$25,$-3,$0,$-1,$0,$-18,$-18,$1,$-21,$0,$0,$0,$-2,$-2,$0,$0,$-2,$-2,$3,$0
40,2008-09-30,10.8,$14.30,0.75,$7.49,1.44,$1.21,8.95,$0.23,46.95,$0.32B,$0.04B,7.34,$0.00B,$0.39B,0.0,$0.21B,$0.09B,42.51%,$0.21B,0,0.00%,$0.21B,0,0.00%,$0.21B,$0.01B,6.76%,$0.21B,$-0.01B,-3.38%,$0.21B,$-0.00B,-1.93%,$-0.00B,$0.39B,-1.02%,$-0.00B,$0.36B,-1.08%,$-0.00B,$0.44B,-0.88%,$0.00B,$0.39B,0.00%,$50,$29,$21,$8,$14,$52,$-2,$-4,$-7,$-2,$-4,$-4,$-4,$1,$-2,$27,27,$-0.15,$-0.15,$152,$92,$9,$317,$46,$9,$22,$36,$120,$438,$43,$0,$8,$8,$52,$131,$255,$-0,$386,$438,$-7,$6,$7,$13,$9,$9,$0,$-0,$9,$16,$-3,$0,$0,$0,$-3,$-3,$1,$-5,$0,$0,$0,$-3,$-3,$0,$0,$-3,$6,$3,$0
41,2008-06-30,10.76,$14.48,0.74,$8.53,1.26,$0.93,11.52,$0.44,24.45,$0.32B,$0.04B,7.58,$0.00B,$0.39B,0.0,$0.24B,$0.10B,43.51%,$0.24B,$0.01B,4.18%,$0.24B,$0.01B,4.18%,$0.24B,$0.02B,8.79%,$0.24B,$0.01B,4.18%,$0.24B,$0.01B,2.51%,$0.01B,$0.39B,1.52%,$0.01B,$0.37B,1.61%,$0.01B,$0.44B,1.31%,$0.01B,$0.39B,2.53%,$64,$39,$25,$10,$15,$64,$-0,$-4,$-4,$-2,$-3,$-3,$-3,$3,$-0,$27,27,$-0.10,$-0.10,$138,$93,$1,$315,$48,$17,$22,$38,$126,$441,$42,$0,$8,$8,$50,$131,$259,$1,$391,$441,$-3,$3,$6,$9,$0,$6,$0,$0,$-5,$2,$-1,$0,$0,$0,$-3,$-3,$0,$-5,$0,$0,$0,$-2,$-2,$0,$0,$-2,$-6,$1,$0
42,2008-03-31,12.51,$14.47,0.86,$8.61,1.45,$1.10,11.37,$0.54,23.17,$0.33B,$0.06B,5.95,$0.00B,$0.39B,0.0,$0.25B,$0.11B,45.34%,$0.25B,$0.03B,10.12%,$0.25B,$0.03B,10.12%,$0.25B,$0.03B,12.55%,$0.25B,$0.03B,10.93%,$0.25B,$0.02B,6.88%,$0.02B,$0.39B,4.26%,$0.02B,$0.37B,4.45%,$0.02B,$0.46B,3.65%,$0.03B,$0.39B,6.26%,$16,$9,$6,$4,$8,$22,$-6,$-0,$-6,$-3,$-4,$-4,$-4,$-2,$-6,$28,28,$-0.12,$-0.11,$143,$102,$10,$330,$48,$18,$23,$36,$125,$456,$55,$0,$8,$8,$63,$131,$262,$-1,$392,$456,$17,$10,$10,$20,$1,$-18,$0,$-1,$-21,$15,$-6,$0,$-36,$0,$105,$105,$-3,$60,$0,$0,$0,$-36,$-36,$0,$0,$-36,$41,$4,$0
43,2007-12-31,15.07,$14.45,1.04,$10.06,1.5,$0.87,17.25,$0.43,35.05,$0.34B,$0.06B,5.35,$0.00B,$0.40B,0.0,$0.29B,$0.13B,45.17%,$0.29B,$0.04B,12.07%,$0.29B,$0.04B,12.07%,$0.29B,$0.04B,14.83%,$0.29B,$0.04B,13.79%,$0.29B,$0.03B,9.31%,$0.03B,$0.40B,6.69%,$0.03B,$0.38B,6.90%,$0.03B,$0.47B,5.78%,$0.04B,$0.40B,8.67%,$77,$42,$36,$12,$16,$69,$8,$2,$10,$3,$7,$7,$7,$12,$8,$28,28,$0.24,$0.24,$161,$89,$10,$339,$46,$22,$23,$36,$134,$473,$63,$0,$8,$8,$71,$143,$259,$1,$402,$473,$12,$6,$5,$11,$-3,$-0,$0,$4,$-9,$14,$-3,$0,$-36,$0,$76,$76,$1,$38,$0,$0,$0,$-18,$-18,$0,$1,$-17,$34,$2,$0
44,2007-09-30,18.19,$14.19,1.28,$9.33,1.95,$0.32,57.47,$0.19,95.76,$0.33B,$0.06B,5.19,$0.00B,$0.40B,0.0,$0.27B,$0.12B,43.75%,$0.27B,$0.03B,10.66%,$0.27B,$0.03B,10.66%,$0.27B,$0.04B,12.87%,$0.27B,$0.04B,13.24%,$0.27B,$0.02B,8.82%,$0.02B,$0.40B,5.95%,$0.02B,$0.37B,6.05%,$0.02B,$0.47B,5.18%,$0.03B,$0.40B,7.19%,$82,$46,$37,$11,$15,$75,$8,$2,$10,$4,$6,$6,$6,$8,$8,$28,29,$0.20,$0.19,$156,$92,$7,$331,$47,$23,$25,$33,$136,$467,$64,$0,$8,$8,$72,$142,$252,$0,$395,$467,$6,$3,$4,$7,$1,$0,$0,$2,$-4,$8,$-2,$0,$-36,$0,$29,$29,$1,$-8,$0,$0,$0,$-17,$-17,$0,$1,$-16,$-16,$1,$0
45,2007-05-31,15.68,$14.19,1.1,$8.52,1.84,$-0.37,0.0,0,0.0,$0.38B,$0.05B,7.35,$0.00B,$0.41B,0.0,$0.25B,$0.11B,43.20%,$0.25B,$0.03B,10.00%,$0.25B,$0.03B,10.00%,$0.25B,$0.03B,10.40%,$0.25B,$0.04B,14.00%,$0.25B,$0.02B,9.60%,$0.02B,$0.41B,5.94%,$0.02B,$0.41B,5.95%,$0.02B,$0.47B,5.24%,$0.03B,$0.41B,6.19%,$72,$38,$33,$10,$13,$57,$15,$3,$13,$5,$8,$8,$8,$13,$15,$29,29,$0.28,$0.27,$225,$81,$2,$379,$44,$4,$1,$27,$87,$466,$52,$0,$6,$6,$57,$163,$246,$0,$408,$466,$24,$8,$6,$15,$-8,$-16,$0,$1,$-15,$23,$-8,$0,$0,$0,$11,$11,$1,$3,$0,$0,$0,$-6,$-6,$0,$0,$-6,$21,$3,$0
46,2007-02-28,16.34,$14.01,1.17,$8.07,2.02,$-0.20,0.0,0,0.0,$0.37B,$0.05B,6.84,$0.00B,$0.41B,0.0,$0.24B,$0.10B,42.80%,$0.24B,$0.01B,5.93%,$0.24B,$0.01B,5.93%,$0.24B,$0.02B,8.90%,$0.24B,$0.03B,12.29%,$0.24B,$0.02B,9.32%,$0.02B,$0.41B,5.52%,$0.02B,$0.41B,5.52%,$0.02B,$0.46B,4.88%,$0.01B,$0.41B,3.51%,$59,$34,$25,$9,$12,$55,$4,$3,$7,$1,$6,$6,$6,$10,$4,$29,30,$0.19,$0.19,$219,$76,$2,$371,$44,$7,$0,$30,$93,$464,$54,$0,$0,$0,$54,$172,$238,$0,$409,$464,$16,$6,$3,$9,$-6,$-14,$0,$-0,$-15,$10,$-7,$0,$0,$0,$7,$7,$1,$1,$0,$0,$0,$2,$2,$0,$0,$3,$14,$2,$0
47,2006-11-30,15.07,$13.80,1.09,$7.98,1.89,$-0.05,0.0,0,0.0,$0.37B,$0.05B,6.98,$0.00B,$0.40B,0.0,$0.23B,$0.10B,43.35%,$0.23B,$0.02B,6.44%,$0.23B,$0.02B,6.44%,$0.23B,$0.02B,9.44%,$0.23B,$0.03B,12.45%,$0.23B,$0.03B,11.16%,$0.03B,$0.40B,6.64%,$0.03B,$0.40B,6.64%,$0.03B,$0.46B,5.89%,$0.02B,$0.40B,3.83%,$59,$35,$24,$10,$12,$58,$2,$2,$6,$2,$4,$4,$4,$4,$2,$29,30,$0.13,$0.13,$214,$72,$3,$365,$45,$3,$0,$32,$90,$455,$52,$0,$0,$0,$52,$169,$233,$0,$402,$455,$10,$4,$3,$7,$-5,$-12,$0,$-2,$-17,$1,$-6,$0,$0,$0,$11,$11,$2,$7,$0,$0,$0,$1,$1,$0,$0,$1,$9,$1,$0
