,Date,Stock Price,Book Value per Share,Price to Book Ratio,TTM Sales per Share,Price to Sales Ratio,TTM FCF per Share,Price to FCF Ratio,TTM Net EPS,PE Ratio,Current Assets,Current Liabilities,Current Ratio,Long Term Debt,Shareholder's Equity_x,Debt to Equity Ratio,TTM Revenue_x,TTM Gross Profit,Gross Margin,TTM Revenue_y,TTM Operating Income,Operating Margin,TTM Revenue_x,TTM EBIT,EBIT Margin,TTM Revenue_y,TTM EBITDA,EBITDA Margin,TTM Revenue_x,TTM Pre-Tax Income,Pre-Tax Margin,TTM Revenue_y,TTM Net Income_x,Net Margin,TTM Net Income_y,Shareholder's Equity_y,Return on Equity,TTM Net Income_x,Tangible Equity,Return on Tangible Equity,TTM Net Income_y,Total Assets,Return on Assets,TTM Net Income,LT Investments & Debt,Return on Investment,revenue,cost-goods-sold,gross-profit,research-development-expenses,selling-general-administrative-expenses,operating-expenses,operating-income,total-non-operating-income-expense,pre-tax-income,total-provision-income-taxes,income-after-taxes,income-from-continuous-operations,net-income,ebitda,ebit,basic-shares-outstanding,shares-outstanding,eps-basic-net-earnings-per-share,eps-earnings-per-share-diluted,cash-on-hand,inventory,other-current-assets,total-current-assets,net-property-plant-equipment,long-term-investments,goodwill-intangible-assets-total,other-long-term-assets,total-long-term-assets,total-assets,total-current-liabilities,long-term-debt,other-non-current-liabilities,total-long-term-liabilities,total-liabilities,common-stock-net,retained-earnings-accumulated-deficit,comprehensive-income,total-share-holder-equity,total-liabilities-share-holders-equity,net-income-loss,total-depreciation-amortization-cash-flow,other-non-cash-items,total-non-cash-items,change-in-accounts-receivable,change-in-inventories,change-in-accounts-payable,change-in-assets-liabilities,total-change-in-assets-liabilities,cash-flow-from-operating-activities,net-change-in-property-plant-equipment,net-change-in-intangible-assets,net-acquisitions-divestitures,net-change-in-short-term-investments,net-change-in-long-term-investments,net-change-in-investments-total,investing-activities-other,cash-flow-from-investing-activities,net-long-term-debt,net-current-debt,debt-issuance-retirement-net-total,net-common-equity-issued-repurchased,net-total-equity-issued-repurchased,total-common-preferred-stock-dividends-paid,financial-activities-other,cash-flow-from-financial-activities,net-cash-flow,stock-based-compensation,common-stock-dividends-paid
0,2018-09-30,90.95,$62.58,1.45,$68.45,1.33,$11.91,7.64,$0.60,151.58,$1.30B,$0.40B,3.24,$0.66B,$1.84B,0.36,$2.04B,$0.67B,32.73%,$2.04B,$0.18B,8.99%,$2.04B,$0.18B,8.99%,$2.04B,$0.29B,14.25%,$2.04B,$0.15B,7.52%,$2.04B,$0.07B,3.44%,$0.07B,$1.84B,3.88%,$0.07B,$0.51B,16.30%,$0.07B,$3.04B,2.27%,$0.18B,$2.50B,7.22%,$535,$351,$184,$17,$87,$462,$74,$-7,$67,$17,$50 ,$49,$53,$101,$74,$30,30,$1.76,$1.77,$372,$457,$3,$1304,$315,$0,$1337,$33,$1733,$3037,$403,$655,$49,$791,$1194,$7,$1732,$-306,$1843,$3037,$70,$107,$5,$112,$-27,$-4,$14,$9,$32,$214,$-52,$0,$50,$0,$0,$0,$0,$-2,$-98,$0,$-98,$-41,$-41,$0,$-0,$-139,$65,$10,$0
1,2018-06-30,73.8,$60.32,1.22,$68.07,1.08,$10.98,6.72,$1.78,41.46,$1.28B,$0.38B,3.39,$0.72B,$1.78B,0.41,$2.03B,$0.65B,31.94%,$2.03B,$0.16B,7.79%,$2.03B,$0.16B,7.79%,$2.03B,$0.27B,13.06%,$2.03B,$0.13B,6.31%,$2.03B,$0.05B,2.32%,$0.05B,$1.78B,2.61%,$0.05B,$0.43B,11.50%,$0.05B,$3.03B,1.52%,$0.16B,$2.50B,6.17%,$500,$330,$170,$23,$99,$452,$48,$-7,$41,$11,$30 ,$30,$28,$74,$48,$29,30,$0.95,$0.94,$351,$479,$5,$1283,$317,$0,$1349,$17,$1752,$3034,$378,$721,$56,$881,$1259,$7,$1672,$-312,$1776,$3034,$17,$80,$15,$95,$17,$-26,$-1,$-9,$-2,$119,$-39,$0,$48,$0,$0,$0,$0,$9,$-36,$0,$-36,$-40,$-40,$0,$-0,$-76,$43,$9,$0
2,2018-03-31,73.15,$61.31,1.19,$67.92,1.08,$11.47,6.38,$1.85,39.54,$1.32B,$0.40B,3.29,$0.77B,$1.80B,0.43,$2.03B,$0.65B,32.07%,$2.03B,$0.16B,7.87%,$2.03B,$0.16B,7.87%,$2.03B,$0.27B,13.13%,$2.03B,$0.13B,6.39%,$2.03B,$0.05B,2.46%,$0.05B,$1.80B,2.79%,$0.05B,$0.40B,12.80%,$0.05B,$3.14B,1.61%,$0.16B,$2.57B,6.24%,$518,$354,$164,$25,$102,$484,$34,$-8,$26,$2,$24 ,$24,$24,$62,$34,$30,30,$0.81,$0.80,$368,$491,$11,$1321,$329,$0,$1402,$17,$1819,$3140,$402,$766,$56,$933,$1335,$7,$1644,$-253,$1804,$3140,$-11,$54,$11,$66,$23,$-25,$10,$-6,$29,$90,$-27,$0,$48,$0,$0,$0,$0,$21,$-12,$0,$-12,$-41,$-41,$0,$-0,$-54,$60,$7,$0
3,2017-12-31,74.7,$60.28,1.24,$67.50,1.11,$11.45,6.53,$2.22,33.65,$1.28B,$0.37B,3.43,$0.78B,$1.79B,0.44,$2.02B,$0.67B,32.86%,$2.02B,$0.18B,8.94%,$2.02B,$0.18B,8.94%,$2.02B,$0.29B,14.13%,$2.02B,$0.15B,7.51%,$2.02B,$0.06B,2.96%,$0.06B,$1.79B,3.42%,$0.06B,$0.38B,16.54%,$0.06B,$3.12B,1.96%,$0.18B,$2.57B,7.17%,$482,$334,$148,$26,$99,$455,$27,$-7,$19,$54,($34),$-34,$-35,$53,$27,$30,30,$-1.17,$-1.17,$355,$497,$14,$1275,$347,$0,$1408,$20,$1840,$3115,$372,$782,$57,$951,$1323,$7,$1620,$-260,$1792,$3115,$-35,$26,$10,$37,$61,$-16,$-6,$-5,$57,$62,$-13,$0,$0,$0,$0,$0,$0,$-13,$16,$0,$16,$-19,$-19,$0,$-0,$-3,$47,$4,$0
4,2017-09-30,90.15,$61.21,1.47,$66.75,1.35,$10.82,8.33,$3.90,23.12,$1.27B,$0.39B,3.22,$0.76B,$1.84B,0.41,$2.00B,$0.66B,33.00%,$2.00B,$0.18B,9.15%,$2.00B,$0.18B,9.15%,$2.00B,$0.29B,14.35%,$2.00B,$0.15B,7.70%,$2.00B,$0.11B,5.55%,$0.11B,$1.84B,6.51%,$0.11B,$0.42B,34.31%,$0.11B,$3.12B,3.69%,$0.18B,$2.60B,7.37%,$529,$362,$166,$29,$88,$480,$49,$-7,$42,$10,$32 ,$31,$30,$76,$49,$30,30,$1.02,$1.01,$308,$478,$14,$1269,$349,$0,$1413,$20,$1851,$3120,$394,$759,$19,$891,$1285,$7,$1655,$-267,$1835,$3120,$113,$104,$7,$111,$-3,$-16,$7,$14,$-30,$193,$-58,$0,$1,$0,$0,$0,$0,$-57,$-121,$0,$-121,$28,$28,$0,$-1,$-94,$49,$9,$0
5,2017-06-30,94.8,$58.33,1.63,$67.42,1.41,$9.62,9.85,$4.48,21.16,$1.21B,$0.38B,3.22,$0.77B,$1.75B,0.44,$2.02B,$0.69B,34.13%,$2.02B,$0.20B,9.97%,$2.02B,$0.20B,9.97%,$2.02B,$0.31B,15.13%,$2.02B,$0.17B,8.48%,$2.02B,$0.13B,6.45%,$0.13B,$1.75B,7.89%,$0.13B,$0.35B,49.10%,$0.13B,$3.05B,4.35%,$0.20B,$2.51B,8.21%,$504,$330,$174,$30,$94,$454,$50,$-7,$43,$11,$32 ,$32,$31,$76,$50,$30,30,$1.04,$1.03,$279,$488,$10,$1210,$343,$0,$1394,$17,$1840,$3050,$376,$766,$19,$926,$1302,$7,$1631,$-328,$1748,$3050,$82,$77,$-1,$76,$23,$-31,$3,$-2,$-28,$139,$-42,$0,$1,$0,$0,$0,$0,$-42,$-103,$0,$-103,$27,$27,$0,$-1,$-77,$21,$8,$0
6,2017-03-31,86.05,$55.45,1.55,$68.13,1.26,$8.44,10.2,$4.46,19.29,$1.15B,$0.38B,3.07,$0.76B,$1.65B,0.46,$2.03B,$0.69B,33.91%,$2.03B,$0.21B,10.10%,$2.03B,$0.21B,10.10%,$2.03B,$0.31B,15.18%,$2.03B,$0.17B,8.58%,$2.03B,$0.13B,6.31%,$0.13B,$1.65B,7.98%,$0.13B,$0.29B,60.31%,$0.13B,$2.95B,4.30%,$0.21B,$2.42B,8.44%,$509,$332,$177,$29,$98,$454,$55,$-7,$48,$13,$35 ,$34,$34,$81,$55,$30,30,$1.16,$1.15,$253,$466,$5,$1154,$334,$0,$1360,$14,$1792,$2946,$377,$764,$20,$919,$1296,$7,$1601,$-384,$1651,$2946,$51,$51,$2,$53,$19,$-25,$2,$-3,$-19,$91,$-29,$0,$1,$0,$0,$0,$0,$-28,$-74,$0,$-74,$17,$17,$0,$-1,$-59,$-5,$7,$0
7,2016-12-31,89.2,$53.45,1.67,$67.57,1.32,$7.60,11.74,$3.79,23.54,$1.14B,$0.37B,3.11,$0.82B,$1.59B,0.52,$2.01B,$0.67B,33.18%,$2.01B,$0.18B,8.86%,$2.01B,$0.18B,8.86%,$2.01B,$0.28B,13.88%,$2.01B,$0.15B,7.31%,$2.01B,$0.11B,5.42%,$0.11B,$1.59B,6.88%,$0.11B,$0.23B,65.76%,$0.11B,$2.93B,3.64%,$0.18B,$2.41B,7.31%,$458,$316,$143,$22,$95,$430,$29,$-8,$21,$-0,$21 ,$21,$16,$54,$29,$30,30,$0.53,$0.53,$278,$454,$5,$1140,$331,$0,$1360,$12,$1787,$2928,$367,$821,$22,$975,$1342,$7,$1566,$-405,$1586,$2928,$16,$26,$-0,$25,$48,$-17,$-9,$-2,$3,$46,$-15,$0,$0,$0,$0,$0,$0,$-15,$-8,$0,$-8,$11,$11,$0,$-1,$2,$20,$4,$0
8,2016-09-30,76.04,$54.58,1.39,$66.95,1.14,$7.44,10.22,$3.42,22.23,$1.17B,$0.40B,2.94,$0.85B,$1.61B,0.53,$1.99B,$0.66B,33.22%,$1.99B,$0.17B,8.33%,$1.99B,$0.17B,8.33%,$1.99B,$0.27B,13.35%,$1.99B,$0.14B,6.82%,$1.99B,$0.10B,4.92%,$0.10B,$1.61B,6.25%,$0.10B,$0.19B,77.47%,$0.10B,$3.03B,3.28%,$0.17B,$2.46B,6.86%,$545,$350,$194,$27,$103,$478,$67,$-8,$59,$10,$48 ,$48,$49,$94,$67,$29,30,$1.64,$1.63,$260,$447,$5,$1173,$338,$0,$1418,$14,$1857,$3029,$400,$854,$23,$1024,$1424,$7,$1543,$-349,$1606,$3029,$99,$100,$0,$100,$-44,$-2,$5,$0,$-32,$167,$-68,$0,$4,$0,$0,$0,$-1,$-66,$-17,$0,$-17,$-13,$-13,$0,$1,$-29,$67,$14,$0
9,2016-06-30,62.04,$53.66,1.16,$66.33,0.94,$8.61,7.21,$1.66,37.37,$1.15B,$0.41B,2.8,$0.86B,$1.58B,0.54,$2.00B,$0.68B,33.80%,$2.00B,$0.16B,8.15%,$2.00B,$0.17B,8.25%,$2.00B,$0.26B,13.15%,$2.00B,$0.12B,6.15%,$2.00B,$0.08B,3.95%,$0.08B,$1.58B,5.09%,$0.08B,$0.14B,84.95%,$0.08B,$3.00B,2.65%,$0.16B,$2.44B,6.77%,$517,$344,$174,$22,$97,$463,$54,$-8,$46,$8,$38 ,$38,$29,$79,$54,$29,30,$1.00,$0.99,$239,$467,$5,$1149,$327,$0,$1433,$15,$1856,$3004,$411,$859,$25,$1016,$1427,$7,$1497,$-328,$1577,$3004,$50,$73,$1,$75,$-14,$-18,$10,$3,$-21,$119,$-59,$0,$4,$0,$0,$0,$-1,$-56,$1,$0,$1,$-14,$-14,$0,$0,$-13,$46,$12,$0
10,2016-03-31,64.07,$53.39,1.2,$64.91,0.99,$8.73,7.34,$0.67,95.63,$1.11B,$0.41B,2.69,$0.86B,$1.57B,0.55,$1.98B,$0.67B,33.96%,$1.98B,$0.16B,7.88%,$1.98B,$0.16B,7.98%,$1.98B,$0.26B,13.19%,$1.98B,$0.11B,5.76%,$1.98B,$0.08B,3.94%,$0.08B,$1.57B,5.04%,$0.08B,$0.11B,110.64%,$0.08B,$3.01B,2.60%,$0.16B,$2.44B,6.46%,$490,$334,$156,$25,$102,$462,$28,$-7,$21,$3,$17 ,$17,$15,$52,$28,$30,30,$0.51,$0.50,$220,$461,$6,$1114,$327,$0,$1468,$16,$1898,$3012,$414,$864,$24,$1026,$1440,$6,$1467,$-304,$1572,$3012,$20,$49,$1,$49,$8,$-7,$1,$0,$2,$79,$-43,$0,$0,$0,$0,$0,$-1,$-44,$-1,$0,$-1,$-8,$-8,$0,$0,$-9,$28,$8,$0
11,2015-12-31,81.0,$51.23,1.58,$63.95,1.27,$10.07,8.04,$1.09,74.31,$1.10B,$0.40B,2.76,$0.83B,$1.52B,0.55,$1.97B,$0.68B,34.50%,$1.97B,$0.17B,8.81%,$1.97B,$0.18B,8.92%,$1.97B,$0.28B,14.24%,$1.97B,$0.13B,6.48%,$1.97B,$0.09B,4.61%,$0.09B,$1.52B,7.88%,$0.09B,$0.07B,205.65%,$0.09B,$2.92B,4.04%,$0.17B,$2.35B,9.63%,$441,$304,$138,$26,$94,$424,$17,$-7,$10,$-0,$10 ,$10,$5,$41,$17,$30,30,$0.17,$0.17,$201,$447,$7,$1099,$308,$0,$1449,$14,$1821,$2919,$399,$831,$31,$1003,$1402,$6,$1452,$-350,$1517,$2919,$5,$24,$-1,$24,$32,$-8,$-0,$-2,$7,$41,$-15,$0,$0,$0,$0,$0,$0,$-15,$-13,$0,$-13,$3,$3,$0,$-1,$-11,$10,$3,$0
12,2015-09-30,71.89,$52.38,1.37,$65.07,1.1,$10.23,7.02,$0.92,78.14,$1.13B,$0.41B,2.75,$0.86B,$1.55B,0.56,$2.03B,$0.71B,34.78%,$2.03B,$0.19B,9.44%,$2.03B,$0.19B,9.54%,$2.03B,$0.30B,14.81%,$2.03B,$0.14B,7.08%,$2.03B,$0.11B,5.21%,$0.11B,$1.55B,8.86%,$0.11B,$0.05B,178.15%,$0.11B,$3.00B,4.58%,$0.19B,$2.41B,10.38%,$552,$344,$208,$28,$97,$488,$64,$-19,$46,$1,$30 ,$50,$30,$91,$66,$31,31,$0.96,$0.70,$191,$447,$5,$1129,$309,$0,$1494,$14,$1872,$3000,$411,$861,$29,$1042,$1453,$6,$1447,$-309,$1548,$3000,$87,$103,$13,$116,$-13,$10,$8,$-0,$-3,$194,$-54,$0,$-126,$0,$0,$0,$0,$-180,$238,$0,$238,$-253,$-253,$0,$-3,$-18,$-22,$12,$0
13,2015-07-31,88.66,$52.64,1.68,$62.17,1.43,$6.56,13.52,$1.55,57.2,$1.14B,$0.40B,2.88,$0.91B,$1.56B,0.59,$1.95B,$0.65B,33.30%,$1.95B,$0.17B,8.47%,$1.95B,$0.17B,8.47%,$1.95B,$0.27B,13.70%,$1.95B,$0.13B,6.62%,$1.95B,$0.09B,4.41%,$0.09B,$1.56B,10.63%,$0.09B,$0.05B,186.96%,$0.09B,$3.09B,5.49%,$0.17B,$2.47B,13.23%,$496,$326,$170,$29,$92,$449,$47,$-10,$37,$6,$22 ,$30,$28,$77,$47,$30,31,$0.94,$0.92,$188,$470,$17,$1139,$306,$0,$1500,$22,$1947,$3086,$396,$913,$31,$1135,$1531,$6,$1444,$-296,$1555,$3086,$57,$77,$1,$78,$18,$-18,$-17,$1,$-32,$104,$-38,$0,$-139,$0,$0,$0,$0,$-177,$293,$0,$293,$-246,$-246,$0,$-6,$40,$-50,$9,$0
14,2015-06-30,95.34,$0.00,0.0,$60.00,1.59,$4.17,22.89,$1.55,61.51,$0.00B,$0.00B,0.0,$0.00B,$0.00B,0.0,$1.90B,$0.62B,32.86%,$1.90B,$0.16B,8.27%,$1.90B,$0.16B,8.27%,$1.90B,$0.25B,13.11%,$1.90B,$0.13B,6.58%,$1.90B,$0.07B,3.48%,$0.07B,$0.00B,7.87%,$0.07B,$0.00B,71.16%,$0.07B,$0.00B,4.22%,$0.16B,$0.00B,12.61%,$485,$319,$165,$26,$92,$439,$46,$-11,$35,$7,$25 ,$28,$28,$72,$46,$31,31,$0.90,$0.88,$0,$0,$0,$0,$0,$0,$0,$0,$0,$0,$0,$0,$0,$0,$0,$0,$0,$0,$0,$0,$67,$76,$-7,$69,$-1,$-15,$-4,$0,$-2,$117,$-36,$0,$-161,$0,$0,$0,$0,$-198,$225,$0,$225,$-170,$-170,$0,$2,$58,$-37,$9,$0
15,2015-04-30,111.29,$54.44,2.04,$60.11,1.85,$2.96,37.63,$0.89,125.04,$1.17B,$0.41B,2.86,$0.84B,$1.68B,0.5,$1.92B,$0.64B,33.19%,$1.92B,$0.16B,8.55%,$1.92B,$0.16B,8.55%,$1.92B,$0.26B,13.55%,$1.92B,$0.14B,7.09%,$1.92B,$0.07B,3.49%,$0.07B,$1.68B,7.99%,$0.07B,$0.13B,72.24%,$0.07B,$3.18B,4.28%,$0.16B,$2.52B,13.18%,$500,$336,$164,$27,$101,$465,$35,$-9,$26,$5,$52 ,$22,$20,$61,$35,$31,32,$0.64,$0.63,$173,$480,$4,$1167,$307,$0,$1550,$22,$2010,$3176,$408,$843,$30,$1088,$1496,$6,$1416,$-266,$1680,$3176,$28,$50,$-2,$48,$12,$-24,$-3,$-3,$-29,$56,$-23,$0,$-171,$0,$0,$0,$0,$-195,$212,$0,$212,$-118,$-118,$0,$-6,$88,$-65,$6,$0
16,2015-03-31,114.42,$0.00,0.0,$61.14,1.87,$1.93,59.14,$0.89,128.56,$0.00B,$0.00B,0.0,$0.00B,$0.00B,0.0,$1.97B,$0.67B,33.91%,$1.97B,$0.20B,10.27%,$1.97B,$0.20B,10.27%,$1.97B,$0.20B,10.12%,$1.97B,$0.18B,8.90%,$1.97B,$0.04B,2.24%,$0.04B,$0.00B,4.93%,$0.04B,$0.00B,29.53%,$0.04B,$0.00B,2.80%,$0.20B,$0.00B,16.28%,$468,$318,$150,$25,$99,$432,$37,$-6,$31,$6,$40 ,$25,$10,$57,$37,$31,32,$0.33,$0.33,$0,$0,$0,$0,$0,$0,$0,$0,$0,$0,$0,$0,$0,$0,$0,$0,$0,$0,$0,$0,$39,$50,$-4,$46,$-21,$-9,$9,$1,$-23,$51,$-25,$0,$-171,$0,$0,$0,$0,$-196,$193,$0,$193,$-117,$-117,$0,$2,$78,$-82,$6,$0
17,2015-01-31,112.09,$53.80,2.08,$62.59,1.79,$6.41,17.5,$0.15,747.27,$1.20B,$0.38B,3.17,$0.78B,$1.67B,0.47,$2.03B,$0.71B,34.81%,$2.03B,$0.24B,11.65%,$2.03B,$0.24B,11.65%,$2.03B,$0.27B,13.33%,$2.03B,$0.21B,10.22%,$2.03B,$0.03B,1.53%,$0.03B,$1.67B,3.47%,$0.03B,$0.24B,20.81%,$0.03B,$3.08B,1.98%,$0.24B,$2.46B,19.02%,$446,$301,$145,$22,$94,$407,$39,$-6,$33,$8,$41 ,$25,$8,$59,$39,$32,32,$0.26,$0.26,$308,$426,$2,$1204,$303,$0,$1433,$21,$1880,$3083,$379,$782,$34,$1030,$1410,$6,$1396,$-280,$1674,$3083,$8,$25,$-0,$25,$20,$-20,$-2,$-2,$-26,$5,$-13,$0,$0,$0,$0,$0,$-180,$-193,$178,$0,$178,$-88,$-88,$0,$1,$92,$-110,$3,$0
18,2014-12-31,109.68,$0.00,0.0,$64.24,1.71,$9.71,11.29,$0.15,731.2,$0.00B,$0.00B,0.0,$0.00B,$0.00B,0.0,$2.09B,$0.74B,35.35%,$2.09B,$0.26B,12.37%,$2.09B,$0.26B,12.37%,$2.09B,$0.36B,17.22%,$2.09B,$0.23B,10.84%,$2.09B,$0.06B,2.97%,$0.06B,$0.00B,6.34%,$0.06B,$0.00B,36.90%,$0.06B,$0.00B,3.81%,$0.26B,$0.00B,20.05%,$505,$326,$178,$24,$98,$451,$53,$-8,$46,$11,$34 ,$35,$29,$83,$53,$32,32,$0.90,$0.88,$0,$0,$0,$0,$0,$0,$0,$0,$0,$0,$0,$0,$0,$0,$0,$0,$0,$0,$0,$0,$29,$30,$-3,$27,$-15,$-6,$14,$-1,$2,$60,$-15,$0,$0,$0,$0,$0,$0,$-15,$21,$0,$21,$-44,$-44,$0,$1,$-22,$14,$3,$0
19,2014-10-31,117.11,$0.00,0.0,$64.38,1.82,$10.28,11.39,$-0.11,0.0,$1.17B,$0.41B,2.87,$0.61B,$1.90B,0.32,$2.09B,$0.74B,35.29%,$2.09B,$0.27B,12.67%,$2.09B,$0.27B,12.67%,$2.09B,$0.37B,17.46%,$2.09B,$0.23B,11.05%,$2.09B,$0.07B,3.35%,$0.07B,$1.90B,4.75%,$0.07B,$0.36B,29.88%,$0.07B,$3.19B,2.85%,$0.27B,$2.51B,13.61%,$548,$354,$194,$23,$94,$476,$73,$-8,$65,$13,$72 ,$52,$-3,$0,$73,$32,32,$-0.11,$-0.10,$238,$434,$2,$1170,$319,$0,$1543,$14,$2024,$3193,$408,$610,$47,$887,$1295,$6,$1388,$-132,$1898,$3193,$103,$116,$51,$167,$-17,$-21,$1,$-16,$-51,$216,$-45,$0,$-45,$0,$0,$0,$0,$-90,$-62,$0,$-62,$1,$1,$-1,$7,$-55,$59,$13,$-1
20,2014-09-30,111.27,$0.00,0.0,$62.57,1.78,$11.47,9.7,$-0.11,0.0,$0.00B,$0.00B,0.0,$0.00B,$0.00B,0.0,$2.03B,$0.72B,35.24%,$2.03B,$0.24B,11.98%,$2.03B,$0.24B,11.98%,$2.03B,$0.36B,17.64%,$2.03B,$0.21B,10.30%,$2.03B,$0.10B,5.08%,$0.10B,$0.00B,6.99%,$0.10B,$0.00B,53.86%,$0.10B,$0.00B,4.16%,$0.24B,$0.00B,12.37%,$526,$339,$188,$22,$91,$455,$71,$-8,$63,$12,$39 ,$51,$-3,$128,$71,$32,32,$-0.11,$-0.10,$0,$0,$0,$0,$0,$0,$0,$0,$0,$0,$0,$0,$0,$0,$0,$0,$0,$0,$0,$0,$103,$116,$51,$167,$-17,$-21,$1,$-16,$-51,$216,$-45,$0,$-45,$0,$0,$0,$0,$-90,$-62,$0,$-62,$1,$1,$-1,$7,$-55,$59,$13,$-1
21,2014-07-31,108.55,$62.93,1.72,$60.62,1.79,$6.20,17.52,0,0.0,$1.15B,$0.38B,3.03,$0.63B,$2.01B,0.31,$1.96B,$0.71B,36.35%,$1.96B,$0.27B,13.96%,$1.96B,$0.27B,13.96%,$1.96B,$0.23B,11.76%,$1.96B,$0.24B,12.22%,$1.96B,$0.17B,8.79%,$0.17B,$2.01B,8.84%,$0.17B,$0.32B,73.19%,$0.17B,$3.31B,5.23%,$0.27B,$2.64B,10.49%,$506,$329,$177,$24,$89,$446,$61,$-8,$52,$12,$36 ,$40,$39,$148,$61,$32,33,$1.22,$1.19,$210,$494,$4,$1154,$363,$0,$1694,$25,$2155,$3308,$381,$628,$47,$917,$1298,$6,$1391,$-42,$2011,$3308,$106,$87,$-3,$84,$23,$-42,$-5,$-8,$-56,$135,$-35,$0,$-45,$0,$0,$0,$0,$-80,$-46,$0,$-46,$18,$18,$-1,$6,$-22,$31,$10,$-1
22,2014-04-30,109.02,$62.30,1.75,$60.09,1.81,$8.14,13.4,0,0.0,$1.14B,$0.39B,2.93,$0.65B,$1.99B,0.33,$1.93B,$0.71B,36.98%,$1.93B,$0.26B,13.59%,$1.93B,$0.26B,13.59%,$1.93B,$0.22B,11.36%,$1.93B,$0.23B,11.83%,$1.93B,$0.17B,8.87%,$0.17B,$1.99B,9.11%,$0.17B,$0.27B,102.70%,$0.17B,$3.33B,5.23%,$0.26B,$2.64B,10.24%,$511,$332,$179,$26,$92,$451,$60,$-8,$51,$10,$26 ,$41,$37,$89,$60,$32,32,$1.16,$1.14,$207,$489,$6,$1139,$366,$0,$1725,$19,$2187,$3325,$388,$649,$49,$947,$1335,$6,$1352,$-20,$1990,$3325,$67,$59,$-2,$58,$33,$-33,$-11,$-10,$-38,$84,$-21,$0,$-44,$0,$0,$0,$0,$-65,$-19,$0,$-19,$23,$23,$-1,$5,$8,$28,$7,$-1
23,2014-01-31,102.95,$59.64,1.73,$60.12,1.71,$9.29,11.08,0,0.0,$1.10B,$0.38B,2.86,$0.69B,$1.90B,0.36,$1.92B,$0.72B,37.30%,$1.92B,$0.26B,13.51%,$1.92B,$0.26B,13.51%,$1.92B,$0.22B,11.27%,$1.92B,$0.22B,11.58%,$1.92B,$0.17B,8.87%,$0.17B,$1.90B,9.45%,$0.17B,$0.18B,178.95%,$0.17B,$3.27B,5.25%,$0.26B,$2.58B,10.32%,$486,$315,$171,$26,$89,$435,$51,$-9,$43,$9,$63 ,$34,$30,$-7,$51,$32,32,$0.95,$0.93,$212,$475,$4,$1096,$366,$0,$1712,$19,$2174,$3270,$384,$685,$55,$992,$1375,$6,$1315,$-63,$1895,$3270,$30,$30,$2,$32,$56,$-25,$-11,$-6,$-6,$50,$-12,$0,$-45,$0,$0,$0,$0,$-56,$21,$0,$21,$15,$15,$-1,$3,$39,$29,$4,$-1
24,2013-10-31,80.16,$0.00,0.0,$59.61,1.34,$10.47,7.66,0,0.0,$1.09B,$0.41B,2.68,$0.67B,$1.89B,0.35,$1.89B,$0.70B,37.27%,$1.89B,$0.25B,13.08%,$1.89B,$0.25B,13.08%,$1.89B,$0.20B,10.69%,$1.89B,$0.21B,10.96%,$1.89B,$0.17B,8.73%,$0.17B,$1.89B,9.47%,$0.17B,$0.18B,420.38%,$0.17B,$3.26B,5.11%,$0.25B,$2.55B,9.95%,$453,$269,$184,$17,$68,$352,$101,$-9,$93,$21,($17),$71,$66,$0,$101,$31,32,$2.11,$2.07,$183,$448,$5,$1092,$371,$0,$1710,$11,$2170,$3262,$408,$668,$40,$969,$1377,$6,$1285,$-22,$1885,$3262,$166,$112,$-11,$101,$5,$-28,$9,$-6,$-20,$251,$-53,$0,$-41,$0,$0,$0,$0,$-94,$-165,$0,$-165,$23,$23,$-1,$3,$-141,$19,$10,$-1
25,2013-07-31,81.44,$55.29,1.47,$58.64,1.39,$15.13,5.38,0,0.0,$1.06B,$0.40B,2.65,$0.73B,$1.74B,0.42,$1.85B,$0.68B,36.88%,$1.85B,$0.23B,12.26%,$1.85B,$0.23B,12.26%,$1.85B,$0.34B,18.14%,$1.85B,$0.18B,9.94%,$1.85B,$0.16B,8.69%,$0.16B,$1.74B,9.61%,$0.16B,$0.04B,-613.33%,$0.16B,$3.23B,5.00%,$0.23B,$2.47B,9.23%,$478,$299,$179,$24,$102,$429,$50,$-9,$41,$1,$45 ,$39,$38,$137,$50,$31,32,$1.22,$1.20,$203,$446,$4,$1063,$363,$0,$1691,$8,$2162,$3225,$401,$732,$33,$1090,$1490,$6,$1219,$-101,$1735,$3225,$100,$88,$-2,$86,$51,$-33,$5,$-11,$11,$196,$-37,$0,$-41,$0,$0,$0,$0,$-78,$-99,$0,$-99,$20,$20,$-1,$2,$-78,$39,$8,$-1
26,2013-04-30,75.04,$53.80,1.39,$59.40,1.26,$13.79,5.44,0,0.0,$1.02B,$0.38B,2.7,$0.76B,$1.68B,0.45,$1.86B,$0.68B,36.34%,$1.86B,$0.18B,9.62%,$1.86B,$0.18B,9.62%,$1.86B,$0.28B,15.05%,$1.86B,$0.13B,7.15%,$1.86B,$0.11B,5.70%,$0.11B,$1.68B,6.51%,$0.11B,$-0.02B,-145.21%,$0.11B,$3.19B,3.30%,$0.18B,$2.44B,7.28%,$500,$318,$181,$26,$98,$442,$57,$-12,$45,$9,$23 ,$36,$36,$86,$57,$31,32,$1.14,$1.12,$173,$430,$4,$1024,$352,$0,$1703,$8,$2164,$3188,$379,$759,$34,$1127,$1506,$6,$1181,$-108,$1682,$3188,$62,$56,$-1,$56,$42,$-18,$0,$-5,$2,$123,$-24,$0,$-41,$0,$0,$0,$0,$-65,$-62,$0,$-62,$15,$15,$-1,$1,$-47,$9,$6,$-1
27,2013-01-31,66.39,$53.79,1.23,$59.76,1.11,$12.59,5.27,0,0.0,$1.05B,$0.38B,2.73,$0.80B,$1.67B,0.48,$1.87B,$0.68B,36.46%,$1.87B,$0.19B,10.19%,$1.87B,$0.19B,10.19%,$1.87B,$0.29B,15.60%,$1.87B,$0.15B,7.77%,$1.87B,$0.12B,6.17%,$0.12B,$1.67B,7.14%,$0.12B,$-0.04B,-102.91%,$0.12B,$3.24B,3.54%,$0.19B,$2.47B,7.63%,$458,$298,$160,$23,$99,$419,$39,$-10,$28,$2,$20 ,$25,$25,$-21,$39,$31,31,$0.81,$0.80,$208,$422,$6,$1048,$357,$0,$1705,$19,$2187,$3235,$383,$803,$36,$1187,$1570,$6,$1145,$-74,$1665,$3235,$26,$28,$0,$28,$54,$-9,$-7,$2,$31,$87,$-12,$0,$0,$0,$0,$0,$0,$-12,$-36,$0,$-36,$4,$4,$-1,$0,$-32,$42,$4,$-1
28,2012-10-31,57.79,$52.50,1.1,$60.30,0.96,$11.33,5.1,0,0.0,$1.04B,$0.40B,2.61,$0.84B,$1.62B,0.52,$1.88B,$0.68B,36.10%,$1.88B,$0.19B,10.01%,$1.88B,$0.19B,10.01%,$1.88B,$0.30B,15.76%,$1.88B,$0.14B,7.61%,$1.88B,$0.11B,6.02%,$0.11B,$1.62B,7.16%,$0.11B,$-0.09B,-68.80%,$0.11B,$3.23B,3.46%,$0.19B,$2.46B,7.50%,$416,$253,$163,$18,$65,$335,$81,$-11,$70,$7,$38 ,$62,$62,$134,$81,$31,31,$2.00,$1.98,$166,$410,$5,$1036,$356,$0,$1708,$20,$2191,$3227,$396,$838,$35,$1210,$1607,$6,$1120,$-85,$1621,$3227,$114,$108,$28,$135,$-22,$-19,$-6,$-18,$-59,$194,$-49,$0,$0,$0,$0,$0,$0,$-49,$-176,$0,$-176,$8,$8,$0,$0,$-168,$-24,$10,$0
29,2012-07-31,58.72,$49.94,1.18,$63.12,0.93,$11.56,5.08,0,0.0,$1.05B,$0.41B,2.56,$0.92B,$1.54B,0.6,$1.96B,$0.67B,34.01%,$1.96B,$0.14B,7.18%,$1.96B,$0.14B,7.18%,$1.96B,$0.24B,12.37%,$1.96B,$0.10B,4.84%,$1.96B,$0.07B,3.56%,$0.07B,$1.54B,4.47%,$0.07B,$-0.14B,-32.79%,$0.07B,$3.20B,2.12%,$0.14B,$2.46B,5.55%,$486,$314,$172,$27,$92,$484,$2,$-12,$-10,$7,$46 ,$-17,$-17,$81,$2,$31,31,$-0.55,$-0.55,$218,$411,$3,$1045,$355,$0,$1685,$19,$2157,$3202,$409,$920,$34,$1252,$1661,$6,$1059,$-100,$1541,$3202,$52,$79,$27,$106,$21,$-27,$-2,$-20,$-10,$151,$-38,$0,$0,$0,$0,$0,$0,$-38,$-27,$-60,$-87,$7,$7,$0,$0,$-79,$28,$8,$0
30,2012-04-30,68.49,$52.70,1.3,$60.46,1.13,$11.86,5.77,0,0.0,$1.06B,$0.40B,2.62,$0.96B,$1.62B,0.59,$1.89B,$0.64B,33.90%,$1.89B,$0.19B,10.01%,$1.89B,$0.19B,10.01%,$1.89B,$0.27B,14.25%,$1.89B,$0.15B,7.73%,$1.89B,$0.13B,6.62%,$0.13B,$1.62B,7.90%,$0.13B,$-0.18B,-48.59%,$0.13B,$3.33B,3.71%,$0.19B,$2.58B,7.29%,$505,$320,$185,$30,$99,$437,$68,$-11,$57,$11,$30 ,$45,$45,$97,$68,$31,31,$1.47,$1.44,$196,$414,$5,$1057,$364,$0,$1794,$20,$2271,$3328,$404,$961,$14,$1306,$1710,$6,$1076,$-36,$1618,$3328,$68,$55,$-21,$33,$2,$-17,$-2,$-11,$-19,$85,$-26,$0,$0,$0,$0,$0,$0,$-26,$6,$-60,$-54,$4,$4,$0,$0,$-50,$6,$6,$0
31,2012-01-31,61.15,$50.13,1.22,$58.31,1.05,$12.03,5.08,0,0.0,$1.02B,$0.41B,2.52,$0.99B,$1.54B,0.65,$1.82B,$0.62B,33.88%,$1.82B,$0.19B,10.34%,$1.82B,$0.19B,10.34%,$1.82B,$0.26B,14.25%,$1.82B,$0.15B,8.09%,$1.82B,$0.13B,6.93%,$0.13B,$1.54B,8.00%,$0.13B,$-0.25B,-90.16%,$0.13B,$3.29B,3.88%,$0.19B,$2.53B,7.62%,$471,$313,$158,$26,$95,$434,$37,$-11,$26,$3,$49 ,$23,$23,$-16,$37,$31,31,$0.74,$0.73,$198,$395,$3,$1024,$360,$0,$1786,$24,$2264,$3288,$406,$991,$21,$1346,$1752,$6,$1031,$-67,$1536,$3288,$23,$26,$-5,$21,$11,$-2,$-4,$-2,$5,$47,$-12,$0,$0,$0,$0,$0,$-0,$-12,$-23,$0,$-23,$1,$1,$0,$0,$-22,$8,$3,$0
32,2011-10-31,55.9,$51.41,1.09,$55.15,1.01,$12.07,4.63,0,0.0,$1.04B,$0.42B,2.48,$1.02B,$1.57B,0.65,$1.72B,$0.59B,34.34%,$1.72B,$0.20B,11.47%,$1.72B,$0.20B,11.47%,$1.72B,$0.28B,16.41%,$1.72B,$0.16B,9.25%,$1.72B,$0.13B,7.74%,$0.13B,$1.57B,8.56%,$0.13B,$-0.28B,-492.59%,$0.13B,$3.38B,4.31%,$0.20B,$2.59B,8.39%,$502,$349,$153,$31,$89,$469,$34,$-12,$22,$3,$39 ,$19,$19,$81,$34,$31,31,$0.63,$0.62,$190,$403,$7,$1039,$368,$0,$1858,$23,$2339,$3379,$418,$1020,$20,$1386,$1805,$6,$1008,$-3,$1574,$3379,$133,$85,$-14,$71,$24,$0,$-3,$-25,$-15,$192,$-40,$0,$-815,$0,$0,$0,$-14,$-869,$427,$0,$427,$13,$13,$-0,$-4,$436,$-237,$8,$-0
33,2011-07-31,76.37,$52.28,1.46,$53.15,1.44,$11.61,6.58,0,0.0,$1.11B,$0.46B,2.41,$1.07B,$1.60B,0.67,$1.65B,$0.60B,36.15%,$1.65B,$0.23B,14.22%,$1.65B,$0.23B,14.22%,$1.65B,$0.31B,18.65%,$1.65B,$0.20B,11.97%,$1.65B,$0.17B,10.57%,$0.17B,$1.60B,11.49%,$0.17B,$-0.32B,150.32%,$0.17B,$3.50B,6.02%,$0.23B,$2.67B,10.62%,$410,$266,$144,$23,$76,$359,$50,$-10,$41,$3,$29 ,$38,$38,$107,$50,$31,31,$1.23,$1.21,$213,$445,$14,$1114,$340,$0,$1919,$21,$2385,$3499,$462,$1070,$20,$1437,$1899,$6,$988,$52,$1601,$3499,$114,$57,$7,$63,$35,$-35,$0,$-23,$-18,$158,$-34,$0,$-812,$0,$0,$0,$-14,$-860,$77,$395,$472,$13,$13,$-0,$-4,$481,$-214,$6,$-0
34,2011-04-30,71.8,$51.95,1.38,$52.43,1.37,$10.84,6.62,0,0.0,$1.11B,$0.44B,2.5,$0.50B,$1.59B,0.31,$1.61B,$0.58B,35.94%,$1.61B,$0.23B,14.37%,$1.61B,$0.23B,14.37%,$1.61B,$0.30B,18.71%,$1.61B,$0.20B,12.21%,$1.61B,$0.18B,10.90%,$0.18B,$1.59B,12.16%,$0.18B,$0.29B,71.18%,$0.18B,$2.82B,6.73%,$0.23B,$2.08B,11.59%,$435,$274,$161,$21,$72,$368,$67,$-9,$58,$12,$12 ,$46,$46,$87,$67,$30,31,$1.51,$1.47,$397,$316,$19,$1108,$288,$0,$1292,$22,$1707,$2815,$443,$496,$28,$786,$1229,$6,$951,$83,$1586,$2815,$76,$37,$2,$39,$21,$-27,$-3,$-1,$-25,$89,$-25,$0,$-104,$0,$0,$0,$-14,$-143,$-111,$110,$-1,$9,$9,$0,$-2,$7,$-31,$4,$0
35,2011-01-31,71.18,$47.75,1.49,$51.04,1.39,$10.29,6.92,0,0.0,$1.02B,$0.33B,3.09,$0.59B,$1.45B,0.41,$1.56B,$0.55B,34.98%,$1.56B,$0.21B,13.45%,$1.56B,$0.21B,13.45%,$1.56B,$0.28B,17.75%,$1.56B,$0.18B,11.27%,$1.56B,$0.16B,10.25%,$0.16B,$1.45B,11.66%,$0.16B,$0.20B,74.94%,$0.16B,$2.66B,6.40%,$0.21B,$2.05B,10.85%,$371,$239,$132,$20,$66,$324,$46,$-9,$38,$8,$36 ,$30,$30,$7,$46,$30,31,$0.99,$0.97,$365,$304,$11,$1021,$280,$0,$1254,$11,$1641,$2662,$330,$594,$26,$877,$1207,$6,$905,$2,$1454,$2662,$30,$18,$4,$21,$54,$-24,$-8,$1,$1,$50,$-14,$0,$-104,$0,$0,$0,$-14,$-132,$4,$0,$4,$7,$7,$0,$1,$11,$-71,$2,$0
36,2010-10-31,60.44,$46.75,1.29,$50.18,1.2,$9.69,6.24,0,0.0,$1.08B,$0.32B,3.32,$0.60B,$1.42B,0.42,$1.53B,$0.52B,33.90%,$1.53B,$0.19B,12.39%,$1.53B,$0.19B,12.39%,$1.53B,$0.26B,16.98%,$1.53B,$0.16B,10.16%,$1.53B,$0.14B,9.38%,$0.14B,$1.42B,10.82%,$0.14B,$0.29B,75.07%,$0.14B,$2.59B,5.95%,$0.19B,$2.01B,10.12%,$430,$273,$158,$18,$70,$360,$71,$-11,$60,$10,$33 ,$49,$60,$106,$71,$30,30,$1.98,$1.96,$422,$262,$11,$1077,$274,$0,$1129,$13,$1511,$2588,$324,$599,$16,$848,$1172,$6,$875,$3,$1415,$2588,$142,$72,$-17,$55,$-39,$11,$1,$-4,$-17,$180,$-45,$0,$24,$0,$0,$0,$0,$-21,$76,$-4,$72,$14,$14,$-0,$-1,$84,$245,$7,$-0
37,2010-07-31,51.33,$44.33,1.16,$48.64,1.06,$8.56,6.0,0,0.0,$0.90B,$0.30B,2.98,$0.53B,$1.33B,0.4,$1.47B,$0.48B,32.61%,$1.47B,$0.17B,11.35%,$1.47B,$0.17B,11.35%,$1.47B,$0.24B,16.44%,$1.47B,$0.13B,9.10%,$1.47B,$0.12B,8.02%,$0.12B,$1.33B,9.20%,$0.12B,$0.21B,82.52%,$0.12B,$2.40B,5.05%,$0.17B,$1.87B,9.23%,$378,$249,$129,$17,$63,$330,$48,$-8,$41,$1,$25 ,$39,$40,$102,$48,$30,31,$1.33,$1.30,$283,$267,$13,$903,$274,$0,$1126,$10,$1500,$2402,$303,$532,$18,$766,$1069,$6,$815,$-10,$1333,$2402,$82,$54,$-5,$49,$-5,$3,$-1,$-4,$2,$134,$-36,$0,$-1,$0,$0,$0,$0,$-37,$6,$-4,$3,$8,$8,$-0,$2,$13,$106,$5,$-0
38,2010-04-30,55.78,$42.94,1.3,$48.36,1.15,$7.79,7.16,0,0.0,$0.84B,$0.28B,2.96,$0.53B,$1.29B,0.41,$1.46B,$0.47B,32.16%,$1.46B,$0.16B,11.07%,$1.46B,$0.16B,11.07%,$1.46B,$0.23B,15.95%,$1.46B,$0.13B,8.87%,$1.46B,$0.11B,7.63%,$0.11B,$1.29B,8.81%,$0.11B,$0.16B,103.98%,$0.11B,$2.34B,4.81%,$0.16B,$1.82B,9.04%,$382,$256,$127,$18,$64,$338,$45,$-7,$37,$8,$12 ,$29,$30,$62,$45,$30,30,$0.99,$0.98,$224,$263,$15,$841,$273,$0,$1130,$13,$1503,$2344,$284,$529,$24,$771,$1055,$6,$775,$-11,$1289,$2344,$42,$36,$-5,$31,$-8,$9,$-4,$1,$-5,$72,$-25,$0,$-1,$0,$0,$0,$0,$-26,$-0,$-2,$-2,$6,$6,$0,$1,$6,$47,$3,$0
39,2010-01-31,37.76,$41.93,0.9,$47.83,0.79,$6.93,5.45,0,0.0,$0.77B,$0.27B,2.92,$0.53B,$1.25B,0.42,$1.43B,$0.45B,31.68%,$1.43B,$0.15B,10.68%,$1.43B,$0.15B,10.68%,$1.43B,$0.22B,15.63%,$1.43B,$0.12B,8.51%,$1.43B,$0.11B,7.47%,$0.11B,$1.25B,8.84%,$0.11B,$0.11B,163.98%,$0.11B,$2.28B,4.74%,$0.15B,$1.78B,8.86%,$335,$233,$103,$17,$61,$311,$25,$-8,$17,$5,$39 ,$12,$13,$-11,$25,$30,30,$0.43,$0.42,$187,$272,$12,$774,$270,$0,$1141,$12,$1510,$2284,$265,$526,$22,$769,$1034,$6,$746,$-11,$1250,$2284,$13,$19,$0,$19,$23,$-0,$-4,$-0,$-3,$30,$-14,$0,$-1,$0,$0,$0,$0,$-15,$-0,$-4,$-5,$1,$1,$0,$0,$-3,$10,$1,$0
40,2009-10-31,42.11,$42.18,1.0,$47.10,0.89,$6.28,6.7,0,0.0,$0.80B,$0.29B,2.71,$0.52B,$1.26B,0.41,$1.41B,$0.45B,32.17%,$1.41B,$0.15B,10.87%,$1.41B,$0.15B,10.87%,$1.41B,$0.23B,15.98%,$1.41B,$0.12B,8.45%,$1.41B,$0.12B,8.59%,$0.12B,$1.26B,10.47%,$0.12B,$0.10B,474.51%,$0.12B,$2.31B,5.49%,$0.15B,$1.78B,9.35%,$377,$255,$121,$14,$61,$328,$49,$-10,$39,$3,$18 ,$36,$35,$89,$49,$30,30,$1.15,$1.15,$177,$275,$17,$797,$263,$0,$1159,$9,$1518,$2314,$294,$520,$20,$764,$1058,$6,$733,$10,$1256,$2314,$120,$72,$-31,$41,$55,$6,$-19,$-27,$4,$157,$-58,$0,$-192,$0,$0,$0,$0,$-250,$91,$0,$91,$3,$3,$-0,$10,$104,$16,$7,$-0
41,2009-07-31,28.43,$41.73,0.68,$47.34,0.6,$5.64,5.04,0,0.0,$0.78B,$0.30B,2.6,$0.51B,$1.24B,0.41,$1.41B,$0.46B,32.67%,$1.41B,$0.16B,11.39%,$1.41B,$0.16B,11.39%,$1.41B,$0.23B,16.05%,$1.41B,$0.13B,9.26%,$1.41B,$0.13B,9.19%,$0.13B,$1.24B,11.84%,$0.13B,$0.06B,317.07%,$0.13B,$2.28B,6.17%,$0.16B,$1.75B,10.41%,$361,$244,$117,$15,$60,$319,$42,$-7,$36,$3,$24 ,$32,$33,$92,$42,$30,30,$1.10,$1.09,$149,$296,$19,$776,$244,$0,$1179,$9,$1505,$2281,$299,$510,$19,$740,$1039,$6,$698,$35,$1242,$2281,$85,$50,$-33,$16,$74,$-15,$-29,$-11,$19,$115,$-42,$0,$-192,$0,$0,$0,$0,$-234,$100,$-2,$99,$3,$3,$0,$-1,$100,$-12,$6,$0
42,2009-04-30,26.35,$36.81,0.72,$47.36,0.56,$5.31,4.96,0,0.0,$0.73B,$0.30B,2.44,$0.51B,$1.09B,0.47,$1.42B,$0.46B,32.34%,$1.42B,$0.15B,10.59%,$1.42B,$0.15B,10.59%,$1.42B,$0.22B,15.18%,$1.42B,$0.12B,8.47%,$1.42B,$0.12B,8.26%,$0.12B,$1.09B,10.80%,$0.12B,$-0.01B,158.64%,$0.12B,$2.16B,5.71%,$0.15B,$1.61B,9.99%,$360,$247,$113,$18,$55,$323,$37,$-7,$30,$4,$30 ,$25,$26,$54,$37,$30,30,$0.87,$0.86,$115,$286,$0,$727,$220,$0,$1101,$38,$1427,$2155,$298,$514,$49,$762,$1061,$6,$666,$-78,$1094,$2155,$53,$31,$-28,$3,$42,$-18,$-20,$7,$-11,$40,$-21,$0,$-188,$0,$0,$0,$0,$-208,$124,$-3,$121,$2,$2,$0,$-1,$122,$-45,$4,$0
43,2009-01-31,36.09,$34.72,1.04,$47.29,0.76,$5.94,6.07,0,0.0,$0.68B,$0.42B,1.63,$0.38B,$1.03B,0.37,$1.41B,$0.47B,32.96%,$1.41B,$0.15B,10.75%,$1.41B,$0.15B,10.75%,$1.41B,$0.22B,15.28%,$1.41B,$0.12B,8.63%,$1.41B,$0.12B,8.20%,$0.12B,$1.03B,10.55%,$0.12B,$-0.05B,100.43%,$0.12B,$2.07B,5.77%,$0.15B,$1.41B,10.21%,$310,$208,$102,$17,$60,$285,$25,$-11,$14,$2,$16 ,$11,$27,$-10,$25,$30,30,$0.91,$0.90,$81,$275,$0,$682,$202,$0,$1081,$36,$1385,$2066,$419,$382,$30,$617,$1036,$6,$640,$-113,$1031,$2066,$27,$14,$-26,$-11,$32,$-13,$-15,$3,$-5,$4,$-7,$0,$-188,$0,$0,$0,$0,$-195,$-1,$114,$112,$2,$2,$0,$0,$114,$-79,$2,$0
44,2008-10-31,36.05,$34.63,1.04,$48.90,0.74,$6.93,5.2,0,0.0,$0.78B,$0.32B,2.42,$0.39B,$1.03B,0.38,$1.46B,$0.48B,32.79%,$1.46B,$0.16B,11.02%,$1.46B,$0.16B,11.02%,$1.46B,$0.23B,15.54%,$1.46B,$0.14B,9.38%,$1.46B,$0.12B,8.21%,$0.12B,$1.03B,10.67%,$0.12B,$0.16B,75.59%,$0.12B,$1.92B,6.03%,$0.16B,$1.42B,10.61%,$383,$253,$130,$17,$56,$326,$57,$-6,$51,$11,$39 ,$39,$44,$91,$57,$30,30,$1.48,$1.47,$161,$262,$1,$777,$204,$0,$867,$10,$1145,$1922,$321,$388,$16,$575,$896,$6,$613,$-87,$1026,$1922,$121,$66,$-14,$52,$-55,$-28,$13,$-3,$-58,$119,$-40,$0,$9,$0,$0,$0,$0,$-30,$-70,$-2,$-72,$8,$8,$-1,$2,$-63,$14,$9,$-1
45,2008-07-31,48.78,$39.95,1.22,$47.94,1.02,$7.87,6.2,0,0.0,$0.76B,$0.30B,2.53,$0.39B,$1.18B,0.33,$1.39B,$0.45B,32.33%,$1.39B,$0.14B,9.72%,$1.39B,$0.14B,9.72%,$1.39B,$0.20B,14.25%,$1.39B,$0.11B,7.70%,$1.39B,$0.10B,6.98%,$0.10B,$1.18B,8.45%,$0.10B,$0.19B,67.36%,$0.10B,$2.05B,4.81%,$0.14B,$1.57B,8.67%,$363,$250,$113,$21,$61,$333,$31,$-6,$25,$6,$20 ,$18,$20,$80,$31,$30,30,$0.69,$0.68,$163,$298,$0,$764,$216,$0,$991,$26,$1286,$2050,$302,$390,$54,$565,$867,$6,$569,$117,$1183,$2050,$77,$49,$-13,$37,$12,$-41,$-2,$-5,$-23,$94,$-30,$0,$12,$0,$0,$0,$0,$-18,$-68,$-0,$-68,$7,$7,$-1,$2,$-59,$15,$7,$-1
46,2008-04-30,55.66,$39.26,1.42,$48.31,1.15,$9.20,6.05,0,0.0,$0.72B,$0.28B,2.56,$0.39B,$1.16B,0.34,$1.35B,$0.44B,32.25%,$1.35B,$0.13B,9.69%,$1.35B,$0.13B,9.69%,$1.35B,$0.19B,13.68%,$1.35B,$0.13B,9.76%,$1.35B,$0.12B,8.58%,$0.12B,$1.16B,10.88%,$0.12B,$0.16B,175.76%,$0.12B,$2.01B,5.88%,$0.13B,$1.55B,8.64%,$358,$237,$121,$25,$58,$319,$39,$-6,$32,$8,$13 ,$24,$25,$55,$39,$29,30,$0.86,$0.84,$122,$290,$0,$715,$217,$0,$998,$27,$1294,$2009,$279,$394,$53,$572,$851,$6,$549,$119,$1158,$2009,$56,$32,$-8,$24,$12,$-32,$3,$-6,$-20,$59,$-21,$0,$0,$-12,$0,$-12,$0,$-33,$-66,$-2,$-68,$4,$4,$0,$1,$-63,$-37,$4,$0
47,2008-01-31,46.5,$38.44,1.21,$46.73,0.99,$9.34,4.98,0,0.0,$0.67B,$0.27B,2.52,$0.40B,$1.13B,0.35,$1.31B,$0.41B,31.70%,$1.31B,$0.12B,9.26%,$1.31B,$0.12B,9.26%,$1.31B,$0.17B,13.25%,$1.31B,$0.12B,9.49%,$1.31B,$0.11B,8.50%,$0.11B,$1.13B,11.39%,$0.11B,$0.12B,-693.75%,$0.11B,$1.97B,5.76%,$0.12B,$1.53B,8.25%,$357,$242,$115,$22,$59,$323,$34,$-5,$29,$-0,$16 ,$30,$31,$1,$34,$29,30,$1.05,$1.04,$107,$274,$0,$672,$215,$0,$1007,$26,$1301,$1973,$267,$397,$51,$576,$843,$6,$524,$122,$1130,$1973,$31,$16,$-3,$13,$28,$-18,$-2,$-3,$-9,$36,$-9,$0,$0,$0,$0,$0,$0,$-9,$-64,$-3,$-67,$2,$2,$0,$0,$-65,$-41,$2,$0
48,2007-10-31,54.78,$38.20,1.43,$44.67,1.23,$8.57,6.39,0,0.0,$0.73B,$0.31B,2.34,$0.46B,$1.12B,0.41,$1.21B,$0.37B,31.01%,$1.21B,$0.11B,8.79%,$1.21B,$0.11B,8.79%,$1.21B,$0.16B,13.43%,$1.21B,$0.11B,9.12%,$1.21B,$0.09B,7.71%,$0.09B,$1.12B,10.62%,$0.09B,$0.10B,-572.31%,$0.09B,$2.04B,5.29%,$0.11B,$1.58B,7.92%,$311,$211,$100,$17,$52,$280,$31,$-10,$21,$4,$12 ,$16,$21,$62,$31,$26,26,$0.79,$0.78,$147,$258,$0,$729,$217,$0,$1022,$28,$1310,$2039,$311,$455,$37,$606,$917,$6,$493,$147,$1122,$2039,$92,$56,$-8,$47,$-8,$-12,$8,$-5,$-16,$122,$-27,$0,$-355,$0,$0,$0,$0,$-382,$169,$0,$169,$197,$197,$-1,$-4,$362,$104,$7,$-1
49,2007-07-31,46.29,$33.19,1.39,$41.28,1.12,$5.39,8.58,0,0.0,$0.63B,$0.30B,2.12,$0.56B,$0.86B,0.65,$1.11B,$0.34B,30.73%,$1.11B,$0.10B,8.81%,$1.11B,$0.10B,8.81%,$1.11B,$0.15B,13.12%,$1.11B,$0.11B,10.06%,$1.11B,$0.09B,8.09%,$0.09B,$0.86B,11.65%,$0.09B,$-0.12B,-553.85%,$0.09B,$1.87B,5.72%,$0.10B,$1.41B,8.22%,$326,$227,$100,$17,$55,$299,$27,$23,$50,$11,$18 ,$39,$39,$67,$27,$26,26,$1.51,$1.49,$84,$252,$0,$625,$215,$0,$975,$31,$1248,$1873,$295,$555,$43,$722,$1017,$5,$472,$95,$856,$1873,$71,$40,$-2,$37,$22,$-14,$4,$-4,$7,$111,$-21,$0,$-344,$0,$0,$0,$0,$-366,$271,$20,$292,$8,$8,$-1,$-5,$294,$41,$5,$-1
50,2007-04-30,41.73,$30.81,1.35,$38.39,1.09,$2.33,17.9,0,0.0,$0.60B,$0.32B,1.91,$0.56B,$0.79B,0.71,$1.04B,$0.32B,30.63%,$1.04B,$0.09B,8.70%,$1.04B,$0.09B,8.70%,$1.04B,$0.13B,12.46%,$1.04B,$0.08B,7.34%,$1.04B,$0.06B,5.99%,$0.06B,$0.79B,8.50%,$0.06B,$-0.17B,190.77%,$0.06B,$1.83B,4.37%,$0.09B,$1.35B,8.33%,$312,$213,$99,$19,$50,$283,$29,$-5,$24,$4,$8 ,$20,$20,$43,$29,$30,30,$0.77,$0.76,$62,$242,$0,$601,$214,$0,$957,$29,$1224,$1826,$315,$559,$44,$722,$1037,$5,$434,$73,$789,$1826,$33,$25,$1,$26,$5,$-6,$1,$-1,$4,$57,$-14,$0,$-338,$0,$0,$0,$0,$-352,$273,$41,$314,$3,$3,$-0,$-5,$312,$18,$3,$-0
51,2007-01-31,39.97,$28.77,1.39,$37.59,1.06,$1.12,35.77,0,0.0,$0.47B,$0.18B,2.62,$0.28B,$0.74B,0.39,$0.97B,$0.30B,30.79%,$0.97B,$0.09B,9.06%,$0.97B,$0.09B,9.06%,$0.97B,$0.12B,12.67%,$0.97B,$0.07B,7.62%,$0.97B,$0.06B,6.18%,$0.06B,$0.74B,8.61%,$0.06B,$0.12B,67.99%,$0.06B,$1.30B,4.71%,$0.09B,$1.02B,8.99%,$257,$183,$75,$14,$42,$239,$19,$-3,$15,$2,$16 ,$13,$13,$-10,$19,$26,26,$0.50,$0.49,$53,$190,$0,$468,$172,$0,$614,$27,$832,$1300,$178,$283,$24,$385,$564,$5,$414,$43,$736,$1300,$13,$11,$-0,$11,$19,$-3,$-7,$-2,$-13,$10,$-7,$0,$0,$0,$0,$0,$0,$-7,$-0,$-0,$-0,$2,$2,$-0,$0,$2,$6,$0,$-0
52,2006-10-31,37.7,$27.78,1.36,$35.66,1.06,$0.73,51.68,0,0.0,$0.47B,$0.20B,2.34,$0.28B,$0.71B,0.4,$0.92B,$0.29B,31.20%,$0.92B,$0.09B,9.35%,$0.92B,$0.09B,9.35%,$0.92B,$0.13B,13.91%,$0.92B,$0.07B,7.61%,$0.92B,$0.06B,5.98%,$0.06B,$0.71B,8.19%,$0.06B,$0.10B,69.84%,$0.06B,$1.29B,4.45%,$0.09B,$0.99B,9.28%,$218,$150,$68,$11,$34,$195,$23,$-0,$23,$6,$12 ,$16,$18,$46,$23,$25,26,$0.72,$0.72,$47,$186,$0,$468,$170,$0,$608,$24,$822,$1290,$201,$282,$24,$382,$582,$5,$401,$32,$708,$1290,$56,$43,$4,$47,$-17,$-39,$8,$-3,$-64,$37,$-26,$0,$-190,$63,$0,$63,$0,$-153,$29,$6,$35,$4,$4,$0,$1,$39,$-76,$5,$0
