,Date,Stock Price,Book Value per Share,Price to Book Ratio,TTM Sales per Share,Price to Sales Ratio,TTM FCF per Share,Price to FCF Ratio,TTM Net EPS,PE Ratio,Current Assets,Current Liabilities,Current Ratio,Long Term Debt,Shareholder's Equity_x,Debt to Equity Ratio,TTM Revenue_x,TTM Gross Profit,Gross Margin,TTM Revenue_y,TTM Operating Income,Operating Margin,TTM Revenue_x,TTM EBIT,EBIT Margin,TTM Revenue_y,TTM EBITDA,EBITDA Margin,TTM Revenue_x,TTM Pre-Tax Income,Pre-Tax Margin,TTM Revenue_y,TTM Net Income_x,Net Margin,TTM Net Income_y,Shareholder's Equity_y,Return on Equity,TTM Net Income_x,Tangible Equity,Return on Tangible Equity,TTM Net Income_y,Total Assets,Return on Assets,TTM Net Income,LT Investments & Debt,Return on Investment,revenue,cost-goods-sold,gross-profit,research-development-expenses,selling-general-administrative-expenses,operating-expenses,operating-income,total-non-operating-income-expense,pre-tax-income,total-provision-income-taxes,income-after-taxes,income-from-continuous-operations,net-income,ebitda,ebit,basic-shares-outstanding,shares-outstanding,eps-basic-net-earnings-per-share,eps-earnings-per-share-diluted,cash-on-hand,inventory,other-current-assets,total-current-assets,net-property-plant-equipment,long-term-investments,goodwill-intangible-assets-total,other-long-term-assets,total-long-term-assets,total-assets,total-current-liabilities,long-term-debt,other-non-current-liabilities,total-long-term-liabilities,total-liabilities,common-stock-net,retained-earnings-accumulated-deficit,comprehensive-income,total-share-holder-equity,total-liabilities-share-holders-equity,net-income-loss,total-depreciation-amortization-cash-flow,other-non-cash-items,total-non-cash-items,change-in-accounts-receivable,change-in-inventories,change-in-accounts-payable,change-in-assets-liabilities,total-change-in-assets-liabilities,cash-flow-from-operating-activities,net-change-in-property-plant-equipment,net-change-in-intangible-assets,net-acquisitions-divestitures,net-change-in-short-term-investments,net-change-in-long-term-investments,net-change-in-investments-total,investing-activities-other,cash-flow-from-investing-activities,net-long-term-debt,net-current-debt,debt-issuance-retirement-net-total,net-common-equity-issued-repurchased,net-total-equity-issued-repurchased,total-common-preferred-stock-dividends-paid,financial-activities-other,cash-flow-from-financial-activities,net-cash-flow,stock-based-compensation,common-stock-dividends-paid
0,2018-09-30,12.82,$11.51,1.11,$135.20,0.09,$4.05,3.17,$-1.56,0.0,$1.51B,$0.77B,1.96,$0.51B,$0.43B,1.18,$4.99B,$0.65B,12.95%,$4.99B,$-0.04B,-0.76%,$4.99B,$-0.04B,-0.76%,$4.99B,$0.01B,0.12%,$4.99B,$-0.07B,-1.38%,$4.99B,$-0.06B,-1.14%,$-0.06B,$0.43B,-12.61%,$-0.06B,$0.35B,-15.45%,$-0.06B,$1.79B,-3.24%,$-0.04B,$0.95B,-3.94%,$1295,$1113,$181,$0,$174,$1291,$3,$-9,$-5,$-1,$-4,$-4,$-4,$14,$3,$37,37,$-0.12,$-0.12,$31,$753,$53,$1505,$129,$0,$80,$77,$286,$1791,$768,$512,$76,$590,$1358,$7,$1147,$-47,$433,$1791,$-56,$33,$-6,$26,$-49,$69,$46,$-19,$77,$47,$-24,$0,$0,$0,$-22,$-22,$0,$-46,$-5,$24,$19,$-1,$-1,$-16,$-1,$2,$3,$7,$-16
1,2018-06-30,13.22,$11.65,1.13,$135.85,0.1,$8.34,1.59,$-3.67,0.0,$1.48B,$0.73B,2.03,$0.52B,$0.44B,1.18,$5.00B,$0.64B,12.74%,$5.00B,$-0.12B,-2.46%,$5.00B,$-0.12B,-2.46%,$5.00B,$0.01B,0.14%,$5.00B,$-0.15B,-3.06%,$5.00B,$-0.14B,-2.70%,$-0.14B,$0.44B,-28.65%,$-0.14B,$0.36B,-34.97%,$-0.14B,$1.76B,-7.69%,$-0.12B,$0.96B,-12.68%,$1254,$1081,$173,$0,$157,$1246,$9,$-9,$-0,$-0,$-0,$-0,$-0,$20,$9,$37,37,$0.00,$0.00,$32,$743,$64,$1479,$130,$0,$82,$73,$285,$1763,$728,$519,$77,$596,$1324,$7,$1157,$-49,$439,$1763,$-52,$22,$-6,$16,$-21,$78,$25,$-32,$59,$24,$-16,$0,$0,$0,$-19,$-19,$0,$-35,$-3,$29,$26,$0,$0,$-10,$-1,$14,$3,$4,$-10
2,2018-03-31,7.72,$11.72,0.66,$136.07,0.06,$11.17,0.69,$-3.53,0.0,$1.45B,$0.66B,2.19,$0.53B,$0.44B,1.2,$5.01B,$0.64B,12.82%,$5.01B,$-0.12B,-2.30%,$5.01B,$-0.12B,-2.30%,$5.01B,$0.02B,0.30%,$5.01B,$-0.14B,-2.86%,$5.01B,$-0.13B,-2.60%,$-0.13B,$0.44B,-25.49%,$-0.13B,$0.36B,-32.46%,$-0.13B,$1.71B,-7.28%,$-0.12B,$0.97B,-11.44%,$1240,$1119,$121,$0,$166,$1299,$-58,$-8,$-67,$-15,$-51,$-51,$-51,$-47,$-58,$37,37,$-1.40,$-1.40,$31,$704,$70,$1446,$129,$0,$84,$52,$266,$1712,$662,$530,$78,$609,$1271,$7,$1162,$-49,$441,$1712,$-51,$11,$-4,$7,$-23,$117,$-31,$-41,$23,$-21,$-8,$0,$0,$0,$0,$0,$0,$-8,$-2,$39,$38,$-0,$-0,$-5,$-1,$32,$2,$2,$-5
3,2017-12-31,9.01,$13.15,0.69,$137.07,0.07,$13.18,0.68,$-7.28,0.0,$1.51B,$0.70B,2.17,$0.49B,$0.50B,0.99,$5.04B,$0.71B,14.04%,$5.04B,$-0.24B,-4.80%,$5.04B,$-0.24B,-4.80%,$5.04B,$0.09B,1.73%,$5.04B,$-0.27B,-5.34%,$5.04B,$-0.27B,-5.32%,$-0.27B,$0.50B,-48.95%,$-0.27B,$0.41B,-64.73%,$-0.27B,$1.77B,-14.59%,$-0.24B,$0.99B,-23.02%,$1198,$1027,$171,$0,$163,$1191,$8,$-4,$3,$5,$-2,$-2,$-2,$19,$8,$37,37,$-0.03,$-0.03,$29,$822,$43,$1513,$133,$0,$87,$42,$262,$1774,$697,$492,$89,$582,$1279,$7,$1219,$-51,$495,$1774,$-267,$330,$-7,$323,$59,$56,$16,$-6,$130,$186,$-38,$0,$0,$0,$0,$0,$0,$-38,$-127,$21,$-106,$-1,$-1,$-21,$-12,$-140,$7,$7,$-21
4,2017-09-30,12.6,$13.55,0.93,$138.43,0.09,$12.62,1.0,$-7.30,0.0,$1.51B,$0.74B,2.04,$0.45B,$0.51B,0.89,$5.09B,$0.70B,13.76%,$5.09B,$-0.25B,-4.95%,$5.09B,$-0.25B,-4.95%,$5.09B,$0.08B,1.53%,$5.09B,$-0.28B,-5.46%,$5.09B,$-0.27B,-5.26%,$-0.27B,$0.51B,-43.30%,$-0.27B,$0.42B,-65.05%,$-0.27B,$1.78B,-13.86%,$-0.25B,$0.96B,-21.88%,$1309,$1137,$172,$0,$168,$1391,$-82,$-7,$-89,$-7,$-82,$-82,$-82,$15,$-82,$37,37,$-2.23,$-2.23,$29,$754,$39,$1511,$130,$0,$89,$47,$266,$1777,$741,$453,$72,$527,$1268,$7,$1226,$-42,$510,$1777,$-265,$319,$-15,$304,$-11,$124,$61,$-10,$167,$205,$-24,$0,$0,$0,$0,$0,$0,$-24,$-125,$-19,$-145,$-1,$-1,$-16,$-12,$-173,$8,$6,$-16
5,2017-06-30,14.03,$15.84,0.89,$140.92,0.1,$10.73,1.31,$-4.08,0.0,$1.53B,$0.70B,2.17,$0.51B,$0.59B,0.85,$5.19B,$0.73B,14.02%,$5.19B,$-0.11B,-2.12%,$5.19B,$-0.11B,-2.12%,$5.19B,$0.14B,2.60%,$5.19B,$-0.14B,-2.60%,$5.19B,$-0.15B,-2.87%,$-0.15B,$0.59B,-21.68%,$-0.15B,$0.42B,-36.68%,$-0.15B,$1.88B,-7.27%,$-0.11B,$1.10B,-8.72%,$1261,$1083,$178,$0,$161,$1244,$17,$-7,$10,$4,$5,$5,$5,$28,$17,$37,37,$0.14,$0.14,$24,$800,$37,$1525,$127,$0,$178,$46,$351,$1876,$704,$505,$72,$578,$1282,$7,$1313,$-44,$594,$1876,$-183,$221,$3,$224,$14,$77,$24,$-11,$85,$126,$-14,$0,$0,$0,$0,$0,$0,$-14,$-124,$31,$-93,$0,$0,$-10,$-7,$-110,$3,$4,$-10
6,2017-03-31,14.21,$15.75,0.9,$143.43,0.1,$6.81,2.09,$-3.87,0.0,$1.57B,$0.68B,2.31,$0.57B,$0.59B,0.96,$5.29B,$0.75B,14.11%,$5.29B,$-0.10B,-1.91%,$5.29B,$-0.10B,-1.91%,$5.29B,$0.15B,2.74%,$5.29B,$-0.12B,-2.35%,$5.29B,$-0.14B,-2.67%,$-0.14B,$0.59B,-19.39%,$-0.14B,$0.41B,-35.83%,$-0.14B,$1.92B,-6.50%,$-0.10B,$1.16B,-7.40%,$1269,$1084,$186,$0,$172,$1455,$-185,$-7,$-193,$-4,$-189,$-189,$-189,$25,$-185,$37,37,$-5.15,$-5.15,$23,$826,$41,$1570,$125,$0,$180,$45,$350,$1920,$681,$565,$82,$649,$1330,$7,$1313,$-45,$591,$1920,$-189,$210,$6,$217,$-2,$51,$3,$-11,$25,$53,$-8,$0,$0,$0,$0,$0,$0,$-8,$-122,$90,$-32,$-0,$-0,$-5,$-6,$-43,$1,$2,$-5
7,2016-12-31,19.41,$20.84,0.93,$145.46,0.13,$5.03,3.86,$1.73,11.22,$1.61B,$0.68B,2.36,$0.61B,$0.78B,0.78,$5.37B,$0.76B,14.15%,$5.37B,$0.12B,2.16%,$5.37B,$0.12B,2.16%,$5.37B,$0.16B,3.05%,$5.37B,$0.10B,1.79%,$5.37B,$0.07B,1.21%,$0.07B,$0.78B,8.52%,$0.07B,$0.40B,17.28%,$0.07B,$2.16B,2.87%,$0.12B,$1.39B,8.01%,$1255,$1090,$165,$0,$166,$1256,$-2,$-5,$-6,$-4,$-2,$-2,$-2,$10,$-2,$37,37,$-0.05,$-0.06,$21,$877,$32,$1608,$128,$0,$382,$45,$555,$2164,$682,$609,$85,$700,$1382,$7,$1507,$-46,$781,$2164,$64,$46,$-8,$38,$38,$47,$-47,$-27,$29,$131,$-4,$0,$0,$0,$0,$0,$0,$-4,$0,$-108,$-108,$-6,$-6,$-20,$-1,$-136,$-9,$10,$-20
8,2016-09-30,18.93,$20.89,0.91,$146.11,0.13,$5.18,3.65,$-0.82,0.0,$1.67B,$0.73B,2.28,$0.62B,$0.78B,0.79,$5.41B,$0.80B,14.71%,$5.41B,$0.04B,0.72%,$5.41B,$0.04B,0.72%,$5.41B,$0.09B,1.61%,$5.41B,$0.02B,0.33%,$5.41B,$-0.03B,-0.54%,$-0.03B,$0.78B,-3.87%,$-0.03B,$0.40B,-8.09%,$-0.03B,$2.24B,-1.27%,$0.04B,$1.40B,2.67%,$1408,$1209,$199,$0,$138,$1347,$60,$-6,$54,$17,$37,$37,$37,$72,$60,$37,37,$1.00,$0.99,$23,$850,$45,$1670,$126,$0,$385,$55,$567,$2237,$733,$620,$93,$721,$1454,$7,$1515,$-49,$783,$2237,$66,$35,$-8,$27,$-35,$74,$9,$-48,$13,$106,$6,$0,$0,$0,$0,$0,$0,$6,$0,$-97,$-97,$-6,$-6,$-15,$-1,$-119,$-7,$7,$-15
9,2016-06-30,27.99,$20.30,1.38,$145.01,0.19,$6.56,4.26,$-1.07,0.0,$1.79B,$0.74B,2.41,$0.76B,$0.75B,1.01,$5.40B,$0.82B,15.23%,$5.40B,$0.03B,0.59%,$5.40B,$0.03B,0.59%,$5.40B,$0.08B,1.48%,$5.40B,$0.01B,0.22%,$5.40B,$-0.04B,-0.70%,$-0.04B,$0.75B,-4.99%,$-0.04B,$0.37B,-11.24%,$-0.04B,$2.36B,-1.64%,$0.03B,$1.51B,2.15%,$1355,$1159,$196,$0,$158,$1328,$26,$-6,$21,$8,$13,$13,$13,$38,$26,$37,37,$0.35,$0.35,$26,$968,$49,$1788,$133,$0,$389,$52,$574,$2362,$742,$761,$94,$866,$1608,$7,$1483,$-47,$754,$2362,$29,$23,$14,$37,$-28,$-44,$43,$-42,$-83,$-16,$-17,$0,$0,$0,$0,$0,$0,$-17,$0,$44,$44,$-6,$-6,$-10,$-0,$28,$-4,$6,$-10
10,2016-03-31,29.11,$19.79,1.47,$143.52,0.2,$10.30,2.83,$-0.63,0.0,$1.71B,$0.70B,2.44,$0.75B,$0.74B,1.03,$5.38B,$0.84B,15.53%,$5.38B,$0.06B,1.10%,$5.38B,$0.06B,1.10%,$5.38B,$0.11B,1.99%,$5.38B,$0.04B,0.72%,$5.38B,$-0.02B,-0.39%,$-0.02B,$0.74B,-2.68%,$-0.02B,$0.34B,-6.29%,$-0.02B,$2.29B,-0.92%,$0.06B,$1.49B,3.98%,$1352,$1152,$200,$0,$168,$1320,$32,$-6,$27,$10,$17,$17,$17,$44,$32,$37,37,$0.45,$0.45,$35,$894,$35,$1707,$132,$0,$393,$54,$579,$2286,$700,$754,$90,$851,$1551,$7,$1475,$-55,$735,$2286,$17,$12,$1,$13,$-25,$28,$-11,$-35,$-40,$-11,$-10,$0,$0,$0,$0,$0,$0,$-10,$0,$37,$37,$-7,$-7,$-5,$-0,$26,$5,$3,$-5
11,2015-12-31,29.5,$19.43,1.52,$141.81,0.21,$12.36,2.39,$-1.18,0.0,$1.70B,$0.71B,2.39,$0.72B,$0.72B,0.99,$5.36B,$0.84B,15.59%,$5.36B,$0.03B,0.56%,$5.36B,$0.03B,0.56%,$5.36B,$0.08B,1.45%,$5.36B,$0.01B,0.19%,$5.36B,$-0.04B,-0.82%,$-0.04B,$0.72B,-5.46%,$-0.04B,$0.33B,-13.22%,$-0.04B,$2.26B,-1.92%,$0.03B,$1.44B,2.02%,$1297,$1096,$201,$0,$149,$1377,$-79,$-5,$-84,$12,$-96,$-96,$-96,$-67,$-79,$37,37,$-2.55,$-2.54,$30,$922,$27,$1696,$134,$0,$396,$37,$567,$2263,$709,$716,$101,$830,$1539,$7,$1464,$-58,$724,$2263,$-44,$50,$142,$191,$-10,$-12,$41,$-4,$16,$163,$-28,$0,$-40,$0,$1,$1,$0,$-68,$0,$5,$5,$-69,$-69,$-21,$0,$-85,$9,$8,$-21
12,2015-09-30,29.3,$22.17,1.32,$141.24,0.21,$10.17,2.88,$2.10,13.95,$1.66B,$0.73B,2.28,$0.67B,$0.83B,0.8,$5.40B,$0.83B,15.45%,$5.40B,$0.14B,2.67%,$5.40B,$0.14B,2.67%,$5.40B,$0.19B,3.56%,$5.40B,$0.13B,2.32%,$5.40B,$0.07B,1.28%,$0.07B,$0.83B,8.25%,$0.07B,$0.32B,20.64%,$0.07B,$2.34B,2.98%,$0.14B,$1.50B,9.49%,$1392,$1166,$225,$0,$172,$1339,$53,$-5,$48,$20,$28,$28,$28,$65,$53,$37,38,$0.74,$0.74,$28,$860,$32,$1658,$130,$0,$516,$36,$682,$2340,$728,$666,$99,$780,$1508,$7,$1565,$-58,$833,$2340,$51,$37,$27,$64,$-31,$54,$50,$-12,$68,$184,$-18,$0,$-40,$0,$1,$1,$0,$-58,$0,$-45,$-45,$-57,$-57,$-16,$0,$-118,$7,$6,$-16
13,2015-06-30,35.32,$22.06,1.6,$140.75,0.25,$7.80,4.53,$2.34,15.09,$1.61B,$0.66B,2.43,$0.66B,$0.84B,0.79,$5.43B,$0.83B,15.22%,$5.43B,$0.16B,2.93%,$5.43B,$0.16B,2.93%,$5.43B,$0.21B,3.78%,$5.43B,$0.14B,2.60%,$5.43B,$0.08B,1.49%,$0.08B,$0.84B,9.60%,$0.08B,$0.35B,22.67%,$0.08B,$2.28B,3.56%,$0.16B,$1.50B,10.64%,$1342,$1132,$210,$0,$157,$1289,$53,$-5,$48,$19,$30,$30,$30,$65,$53,$38,38,$0.79,$0.78,$30,$875,$37,$1610,$130,$0,$491,$48,$670,$2280,$663,$661,$103,$776,$1439,$7,$1557,$-66,$840,$2280,$24,$25,$19,$43,$28,$49,$3,$-30,$54,$121,$-12,$0,$-1,$0,$0,$0,$0,$-12,$0,$-53,$-53,$-32,$-32,$-11,$0,$-95,$9,$3,$-11
14,2015-03-31,36.75,$21.60,1.7,$139.19,0.26,$6.71,5.48,$2.40,15.31,$1.61B,$0.65B,2.47,$0.68B,$0.83B,0.83,$5.41B,$0.82B,15.08%,$5.41B,$0.16B,3.02%,$5.41B,$0.16B,3.02%,$5.41B,$0.21B,3.83%,$5.41B,$0.15B,2.70%,$5.41B,$0.08B,1.55%,$0.08B,$0.83B,9.95%,$0.08B,$0.34B,22.95%,$0.08B,$2.28B,3.74%,$0.16B,$1.51B,11.13%,$1332,$1132,$200,$0,$198,$1330,$3,$-5,$-2,$4,$-6,$-6,$-6,$15,$3,$38,38,$-0.16,$-0.16,$24,$871,$47,$1607,$134,$0,$491,$49,$674,$2281,$650,$684,$104,$803,$1453,$7,$1532,$-67,$828,$2281,$-6,$12,$25,$37,$26,$46,$1,$-24,$32,$63,$-5,$0,$0,$0,$0,$0,$0,$-5,$0,$-30,$-30,$-17,$-17,$-5,$0,$-52,$3,$3,$-5
15,2014-12-31,37.67,$21.79,1.73,$135.86,0.28,$5.10,7.39,$3.05,12.35,$1.66B,$0.67B,2.47,$0.71B,$0.84B,0.84,$5.33B,$0.80B,15.06%,$5.33B,$0.20B,3.72%,$5.33B,$0.20B,3.72%,$5.33B,$0.24B,4.51%,$5.33B,$0.18B,3.44%,$5.33B,$0.11B,2.10%,$0.11B,$0.84B,13.25%,$0.11B,$0.33B,29.15%,$0.11B,$2.35B,5.12%,$0.20B,$1.55B,13.80%,$1333,$1134,$199,$0,$156,$1298,$35,$-5,$31,$14,$17,$17,$17,$47,$35,$39,39,$0.43,$0.44,$21,$906,$31,$1660,$138,$0,$510,$39,$687,$2347,$672,$710,$104,$832,$1504,$7,$1529,$-63,$844,$2347,$112,$42,$5,$47,$-17,$-19,$-41,$-8,$-82,$77,$-22,$0,$-161,$0,$0,$0,$0,$-184,$24,$156,$180,$-53,$-53,$-22,$0,$106,$-2,$8,$-22
16,2014-09-30,33.45,$22.22,1.51,$132.21,0.25,$4.80,6.97,$3.23,10.36,$1.59B,$0.71B,2.26,$0.55B,$0.86B,0.63,$5.22B,$0.80B,15.25%,$5.22B,$0.22B,4.20%,$5.22B,$0.22B,4.20%,$5.22B,$0.26B,4.96%,$5.22B,$0.21B,3.93%,$5.22B,$0.13B,2.45%,$0.13B,$0.86B,15.23%,$0.13B,$0.41B,31.88%,$0.13B,$2.20B,6.01%,$0.22B,$1.41B,15.80%,$1420,$1203,$217,$0,$149,$1352,$68,$-4,$64,$24,$40,$40,$40,$78,$68,$38,39,$1.05,$1.03,$25,$796,$21,$1591,$133,$0,$454,$24,$612,$2203,$705,$545,$61,$634,$1339,$7,$1521,$-40,$864,$2203,$90,$30,$-4,$26,$-105,$52,$25,$3,$-22,$94,$-15,$0,$-27,$0,$0,$0,$0,$-41,$24,$-12,$12,$-46,$-46,$-16,$1,$-50,$3,$6,$-16
17,2014-06-30,36.8,$21.57,1.71,$129.08,0.29,$4.27,8.63,$3.26,11.29,$1.53B,$0.68B,2.27,$0.54B,$0.84B,0.64,$5.14B,$0.78B,15.25%,$5.14B,$0.22B,4.25%,$5.14B,$0.22B,4.25%,$5.14B,$0.26B,5.02%,$5.14B,$0.21B,4.01%,$5.14B,$0.13B,2.51%,$0.13B,$0.84B,15.66%,$0.13B,$0.38B,32.85%,$0.13B,$2.15B,6.16%,$0.22B,$1.38B,16.04%,$1320,$1121,$199,$0,$142,$1263,$57,$-4,$53,$20,$33,$33,$33,$67,$57,$39,39,$0.86,$0.85,$31,$804,$31,$1530,$136,$0,$458,$26,$620,$2150,$675,$542,$63,$633,$1308,$7,$1488,$-39,$842,$2150,$55,$20,$-2,$18,$-18,$39,$22,$-37,$5,$79,$-9,$0,$-26,$0,$0,$0,$0,$-36,$24,$-14,$10,$-33,$-33,$-11,$0,$-34,$9,$4,$-11
18,2014-03-31,36.32,$21.03,1.73,$127.03,0.29,$3.28,11.06,$3.27,11.11,$1.46B,$0.58B,2.54,$0.56B,$0.83B,0.68,$5.09B,$0.79B,15.45%,$5.09B,$0.22B,4.32%,$5.09B,$0.22B,4.32%,$5.09B,$0.26B,5.11%,$5.09B,$0.21B,4.11%,$5.09B,$0.13B,2.57%,$0.13B,$0.83B,16.31%,$0.13B,$0.41B,34.38%,$0.13B,$2.05B,6.35%,$0.22B,$1.39B,16.51%,$1254,$1067,$187,$0,$149,$1216,$38,$-3,$35,$13,$22,$22,$22,$48,$38,$39,40,$0.56,$0.55,$27,$748,$29,$1463,$139,$0,$420,$27,$587,$2049,$575,$562,$56,$644,$1219,$7,$1461,$-40,$830,$2049,$22,$10,$0,$10,$-16,$82,$-47,$-36,$-30,$1,$-6,$0,$0,$0,$0,$0,$0,$-6,$24,$5,$29,$-14,$-14,$-6,$-0,$9,$5,$3,$-6
19,2013-12-31,40.44,$20.78,1.95,$126.18,0.32,$2.84,14.22,$3.06,13.22,$1.53B,$0.67B,2.28,$0.53B,$0.83B,0.65,$5.09B,$0.79B,15.50%,$5.09B,$0.21B,4.07%,$5.09B,$0.21B,4.07%,$5.09B,$0.25B,4.86%,$5.09B,$0.20B,3.85%,$5.09B,$0.12B,2.42%,$0.12B,$0.83B,15.68%,$0.12B,$0.40B,34.02%,$0.12B,$2.12B,6.00%,$0.21B,$1.36B,15.83%,$1224,$1030,$193,$0,$136,$1168,$56,$-3,$53,$20,$33,$33,$33,$66,$56,$40,40,$0.83,$0.82,$22,$830,$29,$1525,$143,$0,$422,$26,$591,$2116,$668,$533,$60,$623,$1291,$7,$1444,$-40,$826,$2116,$122,$40,$3,$43,$15,$-65,$-41,$4,$-91,$75,$-30,$0,$0,$0,$0,$0,$0,$-30,$41,$-31,$9,$-42,$-42,$-22,$2,$-53,$-9,$11,$-22
20,2013-09-30,38.16,$19.91,1.92,$126.12,0.3,$5.59,6.83,$3.02,12.63,$1.47B,$0.65B,2.26,$0.51B,$0.80B,0.64,$5.11B,$0.80B,15.61%,$5.11B,$0.21B,4.04%,$5.11B,$0.21B,4.04%,$5.11B,$0.25B,4.82%,$5.11B,$0.19B,3.80%,$5.11B,$0.12B,2.41%,$0.12B,$0.80B,16.13%,$0.12B,$0.37B,36.26%,$0.12B,$2.06B,6.03%,$0.21B,$1.30B,16.05%,$1337,$1133,$204,$0,$136,$1269,$67,$-3,$65,$24,$41,$41,$41,$77,$67,$39,40,$1.03,$1.01,$30,$723,$26,$1474,$136,$0,$422,$26,$584,$2058,$652,$506,$82,$610,$1262,$7,$1416,$-49,$796,$2058,$89,$30,$-4,$26,$-37,$41,$-25,$-7,$-36,$79,$-19,$0,$0,$0,$0,$0,$0,$-19,$50,$-67,$-17,$-29,$-29,$-17,$2,$-61,$-1,$8,$-17
21,2013-06-30,29.37,$19.09,1.54,$124.53,0.24,$7.43,3.95,$2.92,10.06,$1.44B,$0.65B,2.21,$0.52B,$0.76B,0.68,$5.06B,$0.80B,15.76%,$5.06B,$0.20B,4.01%,$5.06B,$0.20B,4.01%,$5.06B,$0.24B,4.79%,$5.06B,$0.19B,3.72%,$5.06B,$0.12B,2.35%,$0.12B,$0.76B,16.05%,$0.12B,$0.34B,36.25%,$0.12B,$2.03B,5.95%,$0.20B,$1.28B,16.62%,$1274,$1073,$202,$0,$143,$1216,$59,$-3,$56,$21,$35,$35,$35,$69,$59,$40,40,$0.87,$0.86,$21,$732,$26,$1442,$139,$0,$423,$27,$589,$2030,$653,$517,$83,$617,$1270,$7,$1381,$-49,$761,$2030,$49,$20,$-3,$16,$-4,$32,$-36,$10,$-20,$45,$-14,$0,$0,$0,$0,$0,$0,$-14,$50,$-56,$-6,$-25,$-25,$-11,$1,$-41,$-10,$6,$-11
22,2013-03-31,33.69,$18.57,1.81,$124.13,0.27,$7.58,4.45,$2.72,12.39,$1.41B,$0.61B,2.33,$0.54B,$0.76B,0.71,$5.06B,$0.78B,15.48%,$5.06B,$0.19B,3.83%,$5.06B,$0.19B,3.83%,$5.06B,$0.23B,4.59%,$5.06B,$0.18B,3.46%,$5.06B,$0.11B,2.19%,$0.11B,$0.76B,15.35%,$0.11B,$0.33B,34.61%,$0.11B,$2.00B,5.63%,$0.19B,$1.29B,16.25%,$1250,$1062,$189,$0,$163,$1225,$25,$-3,$22,$8,$14,$14,$14,$35,$25,$40,41,$0.35,$0.34,$21,$726,$33,$1412,$139,$0,$423,$22,$585,$1997,$606,$536,$84,$636,$1242,$7,$1352,$-52,$755,$1997,$14,$10,$-1,$9,$26,$41,$-77,$2,$-36,$-13,$-9,$0,$0,$0,$0,$0,$0,$-9,$50,$-37,$13,$4,$4,$-6,$1,$12,$-10,$2,$-6
23,2012-12-31,26.91,$18.31,1.47,$123.32,0.22,$8.68,3.1,$2.74,9.82,$1.49B,$0.70B,2.12,$0.52B,$0.74B,0.71,$5.08B,$0.78B,15.25%,$5.08B,$0.20B,3.96%,$5.08B,$0.20B,3.96%,$5.08B,$0.24B,4.66%,$5.08B,$0.18B,3.48%,$5.08B,$0.11B,2.20%,$0.11B,$0.74B,15.88%,$0.11B,$0.31B,35.81%,$0.11B,$2.08B,5.76%,$0.20B,$1.26B,17.37%,$1244,$1042,$202,$0,$146,$1189,$55,$-4,$51,$18,$33,$33,$33,$65,$55,$40,41,$0.82,$0.80,$31,$767,$30,$1487,$144,$0,$424,$20,$588,$2075,$701,$524,$94,$637,$1337,$7,$1343,$-54,$738,$2075,$112,$37,$2,$39,$22,$10,$16,$-9,$39,$190,$-32,$0,$-75,$0,$0,$0,$0,$-107,$150,$-124,$26,$-69,$-69,$-21,$1,$-63,$19,$9,$-21
24,2012-09-30,22.54,$17.64,1.28,$119.66,0.19,$7.11,3.17,$2.58,8.74,$1.36B,$0.75B,1.83,$0.35B,$0.71B,0.49,$5.04B,$0.75B,14.83%,$5.04B,$0.19B,3.81%,$5.04B,$0.19B,3.81%,$5.04B,$0.23B,4.49%,$5.04B,$0.17B,3.31%,$5.04B,$0.11B,2.12%,$0.11B,$0.71B,15.35%,$0.11B,$0.33B,34.05%,$0.11B,$1.89B,5.56%,$0.19B,$1.06B,16.81%,$1289,$1085,$204,$0,$140,$1225,$64,$-5,$59,$22,$37,$37,$37,$73,$64,$40,41,$0.92,$0.91,$21,$644,$30,$1363,$127,$0,$381,$21,$528,$1892,$745,$345,$75,$436,$1181,$7,$1316,$-50,$711,$1892,$79,$27,$1,$28,$-9,$99,$-47,$3,$49,$156,$-20,$0,$0,$0,$0,$0,$0,$-20,$-42,$0,$-42,$-69,$-69,$-16,$0,$-126,$9,$5,$-16
25,2012-06-30,23.19,$17.00,1.36,$117.51,0.2,$5.54,4.18,$2.48,9.35,$1.39B,$0.67B,2.08,$0.48B,$0.69B,0.69,$5.06B,$0.74B,14.69%,$5.06B,$0.19B,3.81%,$5.06B,$0.19B,3.81%,$5.06B,$0.23B,4.47%,$5.06B,$0.17B,3.28%,$5.06B,$0.11B,2.10%,$0.11B,$0.69B,15.15%,$0.11B,$0.31B,33.57%,$0.11B,$1.92B,5.51%,$0.19B,$1.17B,16.37%,$1276,$1087,$188,$0,$138,$1225,$50,$-7,$43,$16,$27,$27,$27,$59,$50,$40,41,$0.67,$0.66,$15,$693,$31,$1393,$125,$0,$382,$22,$528,$1922,$669,$477,$73,$564,$1233,$7,$1285,$-51,$689,$1922,$42,$18,$-0,$17,$4,$49,$-32,$-18,$-11,$48,$-10,$0,$0,$0,$0,$0,$0,$-10,$30,$0,$30,$-55,$-55,$-11,$0,$-35,$3,$3,$-11
26,2012-03-31,26.56,$16.60,1.6,$113.42,0.23,$5.84,4.54,$2.36,11.25,$1.36B,$0.66B,2.07,$0.46B,$0.68B,0.68,$5.04B,$0.74B,14.66%,$5.04B,$0.19B,3.79%,$5.04B,$0.19B,3.79%,$5.04B,$0.22B,4.44%,$5.04B,$0.16B,3.25%,$5.04B,$0.10B,2.06%,$0.10B,$0.68B,14.54%,$0.10B,$0.30B,31.47%,$0.10B,$1.89B,5.43%,$0.19B,$1.15B,16.12%,$1272,$1091,$181,$0,$149,$1240,$32,$-7,$24,$9,$15,$15,$15,$40,$32,$42,42,$0.36,$0.36,$11,$672,$31,$1357,$127,$0,$383,$22,$532,$1888,$657,$462,$72,$549,$1206,$7,$1263,$-53,$683,$1888,$15,$9,$-1,$8,$18,$70,$-64,$-0,$4,$28,$-4,$0,$0,$0,$0,$0,$0,$-4,$15,$0,$15,$-35,$-35,$-5,$0,$-24,$-1,$2,$-5
27,2011-12-31,27.75,$16.72,1.66,$109.97,0.25,$5.96,4.66,$2.44,11.37,$1.46B,$0.69B,2.11,$0.50B,$0.71B,0.71,$5.01B,$0.74B,14.79%,$5.01B,$0.20B,3.98%,$5.01B,$0.20B,3.98%,$5.01B,$0.23B,4.66%,$5.01B,$0.17B,3.46%,$5.01B,$0.11B,2.18%,$0.11B,$0.71B,14.78%,$0.11B,$0.32B,31.05%,$0.11B,$2.00B,5.69%,$0.20B,$1.20B,16.59%,$1201,$1028,$174,$0,$128,$1156,$46,$-5,$41,$13,$28,$28,$28,$54,$46,$44,45,$0.66,$0.63,$12,$742,$48,$1461,$129,$0,$384,$21,$534,$1995,$693,$497,$86,$597,$1290,$7,$1253,$-56,$705,$1995,$109,$35,$31,$67,$-32,$-58,$89,$-43,$-45,$130,$-28,$0,$0,$0,$0,$0,$0,$-28,$-37,$92,$55,$-153,$-153,$-18,$4,$-112,$-10,$16,$-18
28,2011-09-30,23.1,$16.93,1.36,$107.85,0.21,$5.50,4.2,$2.45,9.45,$1.35B,$0.59B,2.28,$0.48B,$0.72B,0.67,$4.99B,$0.76B,15.15%,$4.99B,$0.21B,4.23%,$4.99B,$0.21B,4.23%,$4.99B,$0.25B,4.95%,$4.99B,$0.18B,3.67%,$4.99B,$0.11B,2.24%,$0.11B,$0.72B,14.91%,$0.11B,$0.34B,30.81%,$0.11B,$1.89B,5.91%,$0.21B,$1.20B,17.61%,$1310,$1110,$200,$0,$135,$1245,$65,$-7,$58,$22,$36,$36,$36,$73,$65,$43,44,$0.83,$0.81,$10,$616,$27,$1352,$127,$0,$386,$20,$533,$1885,$592,$483,$68,$572,$1164,$7,$1231,$-39,$721,$1885,$81,$27,$16,$42,$-72,$68,$12,$-27,$-24,$99,$-21,$0,$0,$0,$0,$0,$0,$-21,$48,$0,$48,$-126,$-126,$-12,$1,$-90,$-11,$13,$-12
29,2011-06-30,29.93,$16.81,1.78,$104.94,0.29,$5.74,5.21,$2.40,12.47,$1.35B,$0.61B,2.21,$0.44B,$0.75B,0.58,$4.95B,$0.75B,15.17%,$4.95B,$0.21B,4.28%,$4.95B,$0.21B,4.28%,$4.95B,$0.25B,5.03%,$4.95B,$0.18B,3.72%,$4.95B,$0.11B,2.26%,$0.11B,$0.75B,14.85%,$0.11B,$0.37B,30.68%,$0.11B,$1.89B,5.92%,$0.21B,$1.19B,17.80%,$1257,$1072,$184,$0,$136,$1209,$48,$-7,$41,$16,$25,$25,$25,$57,$48,$45,46,$0.55,$0.54,$19,$632,$33,$1354,$129,$0,$387,$20,$535,$1889,$612,$435,$72,$524,$1136,$7,$1200,$-38,$753,$1889,$45,$18,$8,$26,$-41,$52,$71,$-61,$2,$73,$-16,$0,$0,$0,$0,$0,$0,$-16,$0,$0,$0,$-56,$-56,$-6,$2,$-60,$-3,$10,$-6
30,2011-03-31,29.9,$8.36,3.58,$102.60,0.29,$5.41,5.53,$2.41,12.41,$1.36B,$0.59B,2.3,$0.44B,$0.77B,0.57,$4.92B,$0.75B,15.18%,$4.92B,$0.21B,4.35%,$4.92B,$0.21B,4.35%,$4.92B,$0.25B,5.13%,$4.92B,$0.19B,3.80%,$4.92B,$0.11B,2.32%,$0.11B,$0.77B,15.33%,$0.11B,$0.38B,32.29%,$0.11B,$1.89B,6.05%,$0.21B,$1.21B,18.06%,$1237,$1055,$182,$0,$142,$1197,$40,$-7,$33,$13,$20,$20,$20,$49,$40,$45,47,$0.45,$0.44,$40,$636,$31,$1355,$131,$0,$388,$18,$537,$1892,$590,$435,$82,$531,$1122,$7,$1182,$-40,$770,$1892,$20,$9,$2,$11,$-20,$48,$50,$-49,$10,$41,$-10,$0,$0,$0,$0,$0,$0,$-10,$0,$0,$0,$-15,$-15,$0,$2,$-13,$18,$4,$0
31,2010-12-31,26.75,$16.45,1.63,$87.70,0.3,$5.52,4.85,$2.34,11.45,$1.37B,$0.62B,2.22,$0.44B,$0.76B,0.57,$4.83B,$0.73B,15.13%,$4.83B,$0.21B,4.35%,$4.83B,$0.21B,4.35%,$4.83B,$0.25B,5.13%,$4.83B,$0.18B,3.81%,$4.83B,$0.11B,2.32%,$0.11B,$0.76B,15.26%,$0.11B,$0.37B,32.77%,$0.11B,$1.91B,5.95%,$0.21B,$1.20B,17.85%,$1186,$997,$190,$0,$131,$1128,$58,$-7,$51,$20,$31,$31,$31,$68,$58,$46,48,$0.90,$0.84,$21,$684,$32,$1365,$135,$0,$390,$18,$543,$1909,$615,$435,$85,$534,$1149,$7,$1167,$-43,$760,$1909,$113,$38,$22,$59,$14,$-92,$35,$-19,$-57,$115,$-27,$0,$-16,$0,$0,$0,$0,$-43,$0,$0,$0,$-75,$-75,$0,$5,$-69,$3,$14,$0
32,2010-09-30,22.43,$15.82,1.42,$87.68,0.26,$8.36,2.68,$2.35,9.56,$1.34B,$0.61B,2.2,$0.44B,$0.73B,0.6,$4.83B,$0.72B,14.89%,$4.83B,$0.21B,4.37%,$4.83B,$0.21B,4.37%,$4.83B,$0.25B,5.16%,$4.83B,$0.19B,3.83%,$4.83B,$0.11B,2.36%,$0.11B,$0.73B,15.82%,$0.11B,$0.34B,34.39%,$0.11B,$1.88B,6.14%,$0.21B,$1.18B,18.11%,$1271,$1076,$195,$0,$129,$1205,$66,$-7,$59,$22,$36,$36,$36,$75,$66,$47,48,$0.78,$0.77,$39,$617,$31,$1343,$129,$0,$391,$18,$538,$1881,$611,$442,$89,$537,$1148,$4,$1140,$-45,$733,$1881,$82,$28,$13,$41,$-13,$-26,$87,$-67,$-8,$114,$-18,$0,$-16,$0,$0,$0,$0,$-33,$0,$0,$0,$-64,$-64,$0,$4,$-61,$20,$10,$0
33,2010-06-30,22.83,$15.21,1.5,$86.69,0.26,$12.23,1.87,$2.27,10.06,$1.32B,$0.61B,2.17,$0.45B,$0.71B,0.64,$4.81B,$0.71B,14.76%,$4.81B,$0.20B,4.25%,$4.81B,$0.20B,4.25%,$4.81B,$0.24B,5.06%,$4.81B,$0.18B,3.70%,$4.81B,$0.11B,2.31%,$0.11B,$0.71B,15.83%,$0.11B,$0.32B,35.21%,$0.11B,$1.86B,6.03%,$0.20B,$1.16B,17.81%,$1221,$1042,$179,$0,$129,$1170,$50,$-6,$44,$17,$27,$27,$27,$60,$50,$48,49,$0.56,$0.55,$13,$639,$28,$1324,$129,$0,$392,$16,$538,$1861,$609,$453,$88,$542,$1151,$4,$1103,$-45,$711,$1861,$45,$19,$1,$19,$-1,$-48,$104,$-58,$-10,$55,$-11,$0,$-16,$0,$0,$0,$0,$-26,$12,$0,$12,$-49,$-49,$0,$3,$-34,$-5,$7,$0
34,2010-03-31,24.67,$15.13,1.63,$86.11,0.29,$16.31,1.51,$2.16,11.42,$1.34B,$0.60B,2.23,$0.44B,$0.73B,0.61,$4.74B,$0.69B,14.61%,$4.74B,$0.20B,4.11%,$4.74B,$0.20B,4.11%,$4.74B,$0.24B,4.95%,$4.74B,$0.17B,3.54%,$4.74B,$0.11B,2.21%,$0.11B,$0.73B,15.48%,$0.11B,$0.34B,35.50%,$0.11B,$1.88B,5.81%,$0.20B,$1.17B,17.29%,$1154,$987,$167,$0,$131,$1119,$36,$-6,$30,$11,$18,$18,$18,$45,$36,$95,99,$0.19,$0.19,$92,$610,$33,$1342,$131,$0,$394,$12,$536,$1878,$603,$442,$100,$544,$1147,$4,$1076,$-42,$731,$1878,$18,$9,$-2,$8,$36,$-18,$95,$-52,$57,$83,$-6,$0,$-11,$0,$0,$0,$0,$-16,$0,$0,$0,$3,$3,$0,$3,$7,$74,$3,$0
35,2009-12-31,23.84,$14.73,1.62,$98.03,0.24,$17.92,1.33,$2.08,11.46,$1.28B,$0.56B,2.28,$0.44B,$0.71B,0.63,$4.71B,$0.69B,14.65%,$4.71B,$0.19B,3.99%,$4.71B,$0.19B,3.99%,$4.71B,$0.23B,4.88%,$4.71B,$0.16B,3.40%,$4.71B,$0.10B,2.14%,$0.10B,$0.71B,15.71%,$0.10B,$0.33B,38.29%,$0.10B,$1.81B,5.71%,$0.19B,$1.15B,16.79%,$1183,$1005,$178,$0,$119,$1124,$59,$-7,$52,$20,$33,$33,$33,$69,$59,$47,48,$0.71,$0.69,$19,$591,$33,$1284,$135,$0,$377,$12,$525,$1809,$562,$442,$94,$540,$1102,$4,$1058,$-42,$707,$1809,$101,$42,$2,$43,$-31,$90,$1,$54,$95,$239,$-15,$0,$0,$0,$0,$0,$0,$-15,$0,$-221,$-221,$5,$5,$0,$-0,$-217,$8,$12,$0
36,2009-09-30,19.96,$13.72,1.45,$97.50,0.2,$10.27,1.94,$1.89,10.56,$1.29B,$0.61B,2.11,$0.44B,$0.66B,0.67,$4.67B,$0.69B,14.73%,$4.67B,$0.17B,3.68%,$4.67B,$0.17B,3.68%,$4.67B,$0.22B,4.60%,$4.67B,$0.14B,3.04%,$4.67B,$0.09B,1.95%,$0.09B,$0.66B,14.98%,$0.09B,$0.28B,40.04%,$0.09B,$1.82B,5.10%,$0.17B,$1.10B,15.09%,$1247,$1062,$185,$0,$126,$1188,$59,$-7,$52,$19,$33,$33,$33,$69,$59,$47,48,$0.72,$0.69,$75,$534,$32,$1287,$137,$0,$379,$14,$530,$1817,$610,$442,$111,$553,$1162,$4,$1025,$-54,$655,$1817,$68,$32,$-5,$27,$-36,$147,$95,$3,$199,$294,$-9,$0,$0,$0,$0,$0,$0,$-9,$0,$-221,$-221,$1,$1,$0,$-1,$-221,$65,$10,$0
37,2009-06-30,14.62,$13.07,1.12,$99.96,0.15,$5.59,2.62,$1.90,7.72,$1.20B,$0.53B,2.27,$0.47B,$0.62B,0.76,$4.76B,$0.70B,14.72%,$4.76B,$0.18B,3.67%,$4.76B,$0.18B,3.67%,$4.76B,$0.22B,4.58%,$4.76B,$0.14B,3.00%,$4.76B,$0.09B,1.91%,$0.09B,$0.62B,15.38%,$0.09B,$0.24B,43.49%,$0.09B,$1.73B,5.07%,$0.18B,$1.09B,15.40%,$1159,$996,$163,$0,$122,$1118,$41,$-7,$34,$13,$21,$21,$21,$52,$41,$47,48,$0.46,$0.44,$58,$519,$24,$1197,$138,$0,$380,$11,$530,$1726,$527,$472,$104,$580,$1106,$4,$992,$-51,$620,$1726,$35,$21,$-2,$20,$15,$162,$44,$-1,$189,$243,$-5,$0,$0,$0,$0,$0,$0,$-5,$0,$-191,$-191,$0,$0,$0,$0,$-191,$47,$6,$0
38,2009-03-31,11.77,$12.43,0.95,$102.20,0.12,$1.73,6.79,$1.91,6.16,$1.18B,$0.46B,2.56,$0.55B,$0.59B,0.94,$4.86B,$0.72B,14.83%,$4.86B,$0.18B,3.65%,$4.86B,$0.18B,3.65%,$4.86B,$0.22B,4.55%,$4.86B,$0.14B,2.97%,$4.86B,$0.09B,1.87%,$0.09B,$0.59B,15.80%,$0.09B,$0.21B,47.03%,$0.09B,$1.72B,5.09%,$0.18B,$1.14B,15.81%,$1121,$957,$164,$0,$135,$1092,$29,$-7,$22,$8,$14,$14,$14,$40,$29,$47,48,$0.29,$0.29,$14,$572,$22,$1181,$145,$0,$381,$11,$537,$1718,$461,$553,$112,$667,$1128,$4,$971,$-58,$589,$1718,$14,$11,$-0,$11,$36,$108,$-14,$3,$92,$116,$-2,$0,$0,$0,$0,$0,$0,$-2,$0,$-111,$-111,$0,$0,$0,$-0,$-111,$3,$3,$0
39,2008-12-31,14.04,$12.02,1.17,$104.41,0.13,$-1.19,0.0,$2.07,6.8,$1.34B,$0.53B,2.53,$0.66B,$0.57B,1.17,$4.99B,$0.74B,14.84%,$4.99B,$0.19B,3.85%,$4.99B,$0.19B,3.85%,$4.99B,$0.24B,4.75%,$4.99B,$0.16B,3.15%,$4.99B,$0.10B,1.97%,$0.10B,$0.57B,17.52%,$0.10B,$0.18B,55.52%,$0.10B,$1.88B,5.50%,$0.19B,$1.23B,17.45%,$1145,$969,$176,$0,$133,$1102,$43,$-9,$34,$11,$23,$23,$23,$54,$43,$47,48,$0.48,$0.48,$11,$681,$34,$1335,$153,$0,$382,$11,$546,$1882,$528,$663,$125,$788,$1316,$4,$957,$-65,$566,$1882,$98,$44,$6,$51,$-186,$40,$-76,$-42,$-278,$-129,$-13,$0,$-15,$0,$0,$0,$0,$-28,$0,$212,$212,$-65,$-65,$0,$-0,$146,$-11,$9,$0
40,2008-09-30,20.05,$12.56,1.6,$100.42,0.2,$5.37,3.73,$2.15,9.33,$1.30B,$0.69B,1.87,$0.49B,$0.59B,0.83,$4.96B,$0.75B,15.02%,$4.96B,$0.20B,4.05%,$4.96B,$0.20B,4.05%,$4.96B,$0.25B,4.96%,$4.96B,$0.17B,3.37%,$4.96B,$0.10B,2.08%,$0.10B,$0.59B,18.34%,$0.10B,$0.21B,57.78%,$0.10B,$1.86B,5.87%,$0.20B,$1.08B,19.15%,$1338,$1140,$198,$0,$136,$1276,$62,$-8,$53,$20,$33,$33,$33,$72,$62,$47,47,$0.71,$0.70,$42,$691,$36,$1300,$156,$0,$386,$13,$555,$1855,$694,$492,$51,$570,$1264,$4,$935,$-14,$591,$1855,$76,$34,$-0,$34,$-106,$29,$85,$-40,$-44,$65,$-8,$0,$-13,$0,$0,$0,$0,$-21,$0,$41,$41,$-66,$-66,$0,$-0,$-25,$20,$7,$0
41,2008-06-30,15.49,$11.93,1.3,$93.81,0.17,$8.44,1.84,$1.96,7.92,$1.14B,$0.60B,1.91,$0.47B,$0.56B,0.84,$4.82B,$0.72B,15.02%,$4.82B,$0.19B,3.97%,$4.82B,$0.19B,3.97%,$4.82B,$0.24B,4.92%,$4.82B,$0.16B,3.32%,$4.82B,$0.10B,2.04%,$0.10B,$0.56B,17.33%,$0.10B,$0.18B,45.37%,$0.10B,$1.70B,5.89%,$0.19B,$1.03B,19.73%,$1251,$1069,$182,$0,$139,$1208,$43,$-8,$35,$13,$21,$21,$21,$55,$43,$47,47,$0.46,$0.46,$25,$643,$35,$1143,$161,$0,$381,$16,$557,$1701,$597,$467,$49,$545,$1143,$4,$901,$-12,$558,$1701,$43,$23,$3,$26,$-24,$72,$10,$-28,$-6,$63,$-10,$0,$0,$0,$0,$0,$0,$-10,$0,$16,$16,$-66,$-66,$0,$0,$-51,$3,$4,$0
42,2008-03-31,19.99,$11.18,1.79,$87.18,0.23,$8.94,2.24,$1.92,10.41,$1.12B,$0.53B,2.13,$0.54B,$0.52B,1.04,$4.71B,$0.71B,15.11%,$4.71B,$0.20B,4.14%,$4.71B,$0.20B,4.14%,$4.71B,$0.24B,5.10%,$4.71B,$0.17B,3.51%,$4.71B,$0.10B,2.15%,$0.10B,$0.52B,16.58%,$0.10B,$0.14B,34.56%,$0.10B,$1.69B,6.29%,$0.20B,$1.07B,20.94%,$1252,$1068,$184,$0,$140,$1208,$44,$-10,$35,$14,$21,$21,$21,$56,$44,$48,49,$0.45,$0.44,$21,$640,$30,$1123,$174,$0,$382,$15,$571,$1694,$526,$542,$78,$644,$1170,$4,$880,$-23,$523,$1694,$21,$12,$-4,$7,$-15,$75,$-50,$-14,$-46,$-18,$-8,$0,$0,$0,$0,$0,$0,$-8,$0,$91,$91,$-66,$-66,$0,$0,$25,$-1,$2,$0
43,2007-12-31,19.37,$11.69,1.66,$81.18,0.24,$10.90,1.78,$1.93,10.04,$1.19B,$0.65B,1.84,$0.45B,$0.57B,0.79,$4.65B,$0.71B,15.22%,$4.65B,$0.20B,4.37%,$4.65B,$0.20B,4.37%,$4.65B,$0.25B,5.34%,$4.65B,$0.18B,3.77%,$4.65B,$0.11B,2.30%,$0.11B,$0.57B,16.17%,$0.11B,$0.19B,28.36%,$0.11B,$1.77B,6.88%,$0.20B,$1.03B,23.16%,$1120,$939,$181,$0,$129,$1068,$52,$-8,$44,$16,$28,$28,$28,$63,$52,$55,56,$0.56,$0.55,$22,$715,$39,$1192,$173,$0,$384,$16,$574,$1766,$649,$451,$62,$543,$1191,$4,$859,$-15,$574,$1766,$107,$43,$-4,$40,$-4,$14,$70,$-31,$71,$218,$-19,$0,$-179,$0,$0,$0,$0,$-198,$335,$-1,$334,$-383,$-383,$0,$36,$-13,$7,$9,$0
44,2007-09-30,23.27,$10.10,2.3,$78.91,0.29,$7.04,3.3,$1.92,12.12,$1.06B,$0.67B,1.59,$0.15B,$0.61B,0.25,$4.64B,$0.72B,15.58%,$4.64B,$0.21B,4.61%,$4.64B,$0.21B,4.61%,$4.64B,$0.26B,5.58%,$4.64B,$0.18B,3.94%,$4.64B,$0.11B,2.44%,$0.11B,$0.61B,15.73%,$0.11B,$0.36B,24.21%,$0.11B,$1.50B,7.52%,$0.21B,$0.76B,25.18%,$1192,$1016,$176,$0,$124,$1140,$52,$-6,$46,$19,$28,$28,$28,$63,$52,$54,55,$0.51,$0.50,$12,$576,$37,$1064,$164,$0,$251,$16,$431,$1495,$670,$151,$55,$218,$888,$4,$831,$-16,$607,$1495,$79,$33,$-3,$30,$-59,$98,$121,$-36,$141,$249,$-13,$0,$1,$0,$0,$0,$0,$-12,$0,$33,$33,$-279,$-279,$0,$5,$-241,$-3,$7,$0
45,2007-06-30,27.93,$13.08,2.14,$76.21,0.37,$2.07,13.47,$2.05,13.63,$1.03B,$0.53B,1.96,$0.14B,$0.73B,0.2,$4.62B,$0.74B,15.99%,$4.62B,$0.23B,5.00%,$4.62B,$0.23B,5.00%,$4.62B,$0.28B,5.95%,$4.62B,$0.20B,4.35%,$4.62B,$0.12B,2.68%,$0.12B,$0.73B,16.23%,$0.12B,$0.48B,24.25%,$0.12B,$1.47B,8.17%,$0.23B,$0.88B,26.04%,$1141,$972,$170,$0,$123,$1094,$47,$-7,$40,$16,$24,$24,$24,$58,$47,$56,58,$0.43,$0.42,$11,$607,$37,$1031,$169,$0,$251,$17,$438,$1469,$525,$144,$54,$210,$735,$4,$803,$-15,$733,$1469,$51,$22,$-5,$17,$5,$67,$29,$-59,$32,$100,$-7,$0,$1,$0,$0,$0,$0,$-6,$0,$26,$26,$-130,$-130,$0,$5,$-99,$-4,$4,$0
46,2007-03-31,25.12,$12.91,1.95,$73.69,0.34,$0.65,38.77,$2.28,11.04,$1.05B,$0.56B,1.86,$0.11B,$0.73B,0.15,$4.59B,$0.76B,16.53%,$4.59B,$0.26B,5.55%,$4.59B,$0.26B,5.55%,$4.59B,$0.30B,6.49%,$4.59B,$0.23B,4.97%,$4.59B,$0.14B,3.07%,$0.14B,$0.73B,18.31%,$0.14B,$0.48B,27.31%,$0.14B,$1.49B,9.21%,$0.26B,$0.85B,29.23%,$1193,$1013,$180,$0,$128,$1141,$52,$-7,$45,$18,$27,$27,$27,$64,$52,$59,60,$0.46,$0.45,$14,$631,$30,$1045,$174,$0,$252,$18,$444,$1489,$561,$113,$69,$196,$756,$4,$779,$-16,$733,$1489,$27,$11,$-4,$8,$11,$42,$23,$-13,$55,$90,$-3,$0,$0,$0,$0,$0,$0,$-3,$0,$-4,$-4,$-86,$-86,$0,$3,$-87,$-1,$2,$0
47,2006-12-31,19.57,$13.33,1.47,$71.71,0.27,$-0.33,0.0,$2.11,9.3,$1.11B,$0.56B,1.98,$0.12B,$0.80B,0.15,$4.55B,$0.75B,16.58%,$4.55B,$0.24B,5.21%,$4.55B,$0.24B,5.21%,$4.55B,$0.28B,6.09%,$4.55B,$0.22B,4.77%,$4.55B,$0.13B,2.90%,$0.13B,$0.80B,16.93%,$0.13B,$0.55B,25.14%,$0.13B,$1.56B,8.60%,$0.24B,$0.92B,27.70%,$1114,$917,$197,$0,$134,$1051,$63,$-11,$52,$18,$34,$34,$34,$74,$63,$62,63,$0.55,$0.55,$15,$681,$37,$1114,$181,$0,$253,$12,$447,$1560,$562,$117,$63,$197,$759,$4,$750,$-15,$801,$1560,$132,$39,$-6,$33,$-37,$-7,$-20,$-41,$-151,$14,$-32,$0,$13,$0,$0,$0,$0,$-19,$0,$96,$96,$-125,$-125,$0,$31,$2,$-2,$8,$0
