,Date,Stock Price,Book Value per Share,Price to Book Ratio,TTM Sales per Share,Price to Sales Ratio,TTM FCF per Share,Price to FCF Ratio,TTM Net EPS,PE Ratio,Current Assets,Current Liabilities,Current Ratio,Long Term Debt,Shareholder's Equity_x,Debt to Equity Ratio,TTM Revenue_x,TTM Gross Profit,Gross Margin,TTM Revenue_y,TTM Operating Income,Operating Margin,TTM Revenue_x,TTM EBIT,EBIT Margin,TTM Revenue_y,TTM EBITDA,EBITDA Margin,TTM Revenue_x,TTM Pre-Tax Income,Pre-Tax Margin,TTM Revenue_y,TTM Net Income_x,Net Margin,TTM Net Income_y,Shareholder's Equity_y,Return on Equity,TTM Net Income_x,Tangible Equity,Return on Tangible Equity,TTM Net Income_y,Total Assets,Return on Assets,TTM Net Income,LT Investments & Debt,Return on Investment,revenue,cost-goods-sold,gross-profit,research-development-expenses,selling-general-administrative-expenses,operating-expenses,operating-income,total-non-operating-income-expense,pre-tax-income,total-provision-income-taxes,income-after-taxes,income-from-continuous-operations,net-income,ebitda,ebit,basic-shares-outstanding,shares-outstanding,eps-basic-net-earnings-per-share,eps-earnings-per-share-diluted,cash-on-hand,inventory,other-current-assets,total-current-assets,net-property-plant-equipment,long-term-investments,goodwill-intangible-assets-total,other-long-term-assets,total-long-term-assets,total-assets,total-current-liabilities,long-term-debt,other-non-current-liabilities,total-long-term-liabilities,total-liabilities,common-stock-net,retained-earnings-accumulated-deficit,comprehensive-income,total-share-holder-equity,total-liabilities-share-holders-equity,net-income-loss,total-depreciation-amortization-cash-flow,other-non-cash-items,total-non-cash-items,change-in-accounts-receivable,change-in-inventories,change-in-accounts-payable,change-in-assets-liabilities,total-change-in-assets-liabilities,cash-flow-from-operating-activities,net-change-in-property-plant-equipment,net-change-in-intangible-assets,net-acquisitions-divestitures,net-change-in-short-term-investments,net-change-in-long-term-investments,net-change-in-investments-total,investing-activities-other,cash-flow-from-investing-activities,net-long-term-debt,net-current-debt,debt-issuance-retirement-net-total,net-common-equity-issued-repurchased,net-total-equity-issued-repurchased,total-common-preferred-stock-dividends-paid,financial-activities-other,cash-flow-from-financial-activities,net-cash-flow,stock-based-compensation,common-stock-dividends-paid
0,2018-09-30,16.61,$11.76,1.41,$2.41,6.88,$0.07,225.07,$0.37,44.89,$0.91B,$0.13B,7.1,$1.92B,$1.99B,0.96,$0.72B,$0.54B,75.35%,$0.72B,$0.19B,26.04%,$0.72B,$0.19B,26.04%,$0.72B,$0.36B,49.58%,$0.72B,$0.12B,16.16%,$0.72B,$0.06B,8.36%,$0.06B,$1.99B,3.03%,$0.06B,$1.50B,4.03%,$0.06B,$4.17B,1.46%,$0.19B,$3.91B,4.87%,$186,$45,$141,$0,$13,$138,$49,$-17,$31,$2,$29,$29,$16,$93,$49,$168,297,$0.10,$0.10,$684,$0,$0,$911,$2107,$0,$491,$362,$3256,$4167,$128,$1919,$130,$2049,$2177,$2,$37,$-2,$1989,$4167,$77,$128,$-3,$126,$-3,$0,$0,$-12,$-16,$187,$-170,$0,$0,$-400,$0,$-400,$-0,$-570,$229,$0,$229,$5,$5,$-53,$-45,$136,$-246,$14,$-53
1,2018-06-30,17.1,$11.83,1.45,$2.41,7.08,$0.07,237.83,$0.39,43.85,$0.92B,$0.13B,7.1,$1.92B,$1.98B,0.97,$0.72B,$0.54B,75.52%,$0.72B,$0.19B,26.98%,$0.72B,$0.19B,26.98%,$0.72B,$0.36B,49.79%,$0.72B,$0.12B,17.11%,$0.72B,$0.06B,8.76%,$0.06B,$1.98B,3.19%,$0.06B,$1.49B,4.24%,$0.06B,$4.16B,1.57%,$0.19B,$3.90B,5.17%,$179,$42,$137,$0,$13,$129,$50,$-18,$32,$1,$30,$30,$17,$92,$50,$165,297,$0.10,$0.10,$711,$0,$0,$923,$2073,$0,$491,$364,$3240,$4163,$130,$1918,$131,$2050,$2180,$2,$38,$-5,$1983,$4163,$48,$84,$-2,$81,$7,$0,$0,$-24,$-20,$110,$-99,$0,$0,$-400,$0,$-400,$-0,$-499,$230,$0,$230,$5,$5,$-35,$-31,$169,$-220,$9,$-35
2,2018-03-31,16.69,$12.01,1.39,$2.40,6.94,$-0.00,0.0,$0.39,42.79,$0.96B,$0.11B,9.01,$1.92B,$1.97B,0.97,$0.72B,$0.54B,75.56%,$0.72B,$0.20B,27.23%,$0.72B,$0.20B,27.23%,$0.72B,$0.36B,50.00%,$0.72B,$0.13B,17.46%,$0.72B,$0.06B,8.80%,$0.06B,$1.97B,3.20%,$0.06B,$1.48B,4.26%,$0.06B,$4.14B,1.60%,$0.20B,$3.89B,5.32%,$168,$47,$122,$0,$13,$133,$35,$-18,$18,$-0,$18,$18,$10,$77,$35,$163,297,$0.06,$0.06,$752,$0,$0,$962,$2027,$0,$491,$366,$3180,$4142,$107,$1918,$143,$2062,$2168,$2,$39,$-6,$1973,$4142,$18,$42,$-1,$40,$3,$0,$0,$11,$10,$69,$-44,$0,$0,$0,$0,$0,$0,$-44,$231,$0,$231,$0,$0,$-17,$-16,$198,$222,$5,$-17
3,2017-12-31,20.28,$12.25,1.66,$2.39,8.48,$-0.04,0.0,$0.39,52.0,$0.74B,$0.11B,6.65,$1.69B,$1.98B,0.85,$0.71B,$0.54B,75.60%,$0.71B,$0.20B,27.63%,$0.71B,$0.20B,27.63%,$0.71B,$0.36B,50.35%,$0.71B,$0.13B,17.67%,$0.71B,$0.06B,8.84%,$0.06B,$1.98B,3.20%,$0.06B,$1.49B,4.26%,$0.06B,$3.93B,1.63%,$0.20B,$3.67B,5.49%,$185,$44,$141,$0,$14,$132,$53,$-18,$35,$2,$32,$32,$17,$94,$53,$158,298,$0.12,$0.11,$530,$0,$0,$737,$2011,$0,$491,$368,$3194,$3931,$111,$1689,$154,$1843,$1954,$2,$47,$-9,$1978,$3931,$118,$164,$-26,$138,$-6,$0,$0,$-34,$-65,$191,$-223,$0,$0,$0,$0,$0,$-2,$-225,$83,$0,$83,$0,$0,$-67,$-73,$-57,$-90,$14,$-67
4,2017-09-30,20.19,$12.36,1.63,$2.42,8.35,$0.20,101.54,$0.39,51.76,$0.70B,$0.14B,4.93,$1.58B,$1.97B,0.8,$0.71B,$0.54B,75.81%,$0.71B,$0.20B,27.86%,$0.71B,$0.20B,27.86%,$0.71B,$0.36B,50.50%,$0.71B,$0.13B,17.82%,$0.71B,$0.06B,8.91%,$0.06B,$1.97B,3.19%,$0.06B,$1.48B,4.25%,$0.06B,$3.85B,1.63%,$0.20B,$3.55B,5.52%,$187,$44,$143,$0,$13,$131,$56,$-18,$38,$2,$35,$35,$19,$95,$56,$158,298,$0.12,$0.12,$496,$0,$0,$703,$1976,$0,$491,$370,$3145,$3849,$143,$1577,$159,$1736,$1879,$2,$46,$-10,$1970,$3849,$86,$123,$-14,$109,$-12,$0,$0,$1,$-20,$175,$-158,$0,$0,$0,$0,$0,$-0,$-158,$-30,$0,$-30,$0,$0,$-50,$-58,$-137,$-120,$11,$-50
5,2017-06-30,20.31,$12.39,1.64,$2.42,8.4,$0.29,70.17,$0.39,52.07,$0.70B,$0.14B,5.11,$1.58B,$1.96B,0.8,$0.70B,$0.53B,75.86%,$0.70B,$0.20B,28.02%,$0.70B,$0.20B,28.02%,$0.70B,$0.35B,50.86%,$0.70B,$0.12B,17.82%,$0.70B,$0.06B,8.62%,$0.06B,$1.96B,3.05%,$0.06B,$1.47B,4.06%,$0.06B,$3.83B,1.55%,$0.20B,$3.54B,5.46%,$176,$41,$135,$0,$13,$126,$51,$-17,$34,$3,$31,$31,$17,$92,$51,$158,298,$0.10,$0.10,$509,$0,$0,$698,$1951,$0,$491,$372,$3133,$3831,$137,$1579,$151,$1731,$1867,$2,$44,$-10,$1964,$3831,$51,$83,$-12,$71,$-1,$0,$0,$-17,$-29,$92,$-104,$0,$0,$0,$0,$0,$-0,$-104,$-28,$0,$-28,$0,$0,$-33,$-35,$-96,$-107,$7,$-33
6,2017-03-31,20.08,$12.52,1.6,$2.45,8.2,$0.38,53.19,$0.38,52.84,$0.77B,$0.13B,6.14,$1.61B,$1.98B,0.82,$0.69B,$0.52B,75.66%,$0.69B,$0.19B,27.41%,$0.69B,$0.19B,27.41%,$0.69B,$0.35B,50.44%,$0.69B,$0.12B,17.06%,$0.69B,$0.05B,7.87%,$0.05B,$1.98B,2.98%,$0.05B,$1.48B,4.09%,$0.05B,$3.87B,1.45%,$0.19B,$3.58B,5.49%,$165,$45,$120,$0,$11,$128,$37,$-18,$19,$-0,$19,$19,$10,$78,$37,$156,298,$0.06,$0.06,$595,$0,$0,$773,$1920,$0,$491,$374,$3093,$3866,$126,$1609,$157,$1765,$1891,$2,$44,$-2,$1975,$3866,$19,$42,$-3,$39,$2,$0,$0,$9,$3,$61,$-47,$0,$0,$0,$0,$0,$-0,$-47,$-3,$0,$-3,$0,$0,$-16,$-15,$-35,$-21,$3,$-16
7,2016-12-31,19.54,$12.72,1.54,$2.48,7.87,$0.45,43.78,$0.38,51.43,$0.79B,$0.13B,5.9,$1.61B,$1.98B,0.81,$0.68B,$0.52B,75.96%,$0.68B,$0.19B,27.29%,$0.68B,$0.19B,27.29%,$0.68B,$0.34B,50.00%,$0.68B,$0.11B,16.81%,$0.68B,$0.05B,7.52%,$0.05B,$1.98B,3.08%,$0.05B,$1.49B,4.38%,$0.05B,$3.89B,1.42%,$0.19B,$3.60B,5.65%,$179,$41,$138,$0,$13,$127,$53,$-18,$35,$2,$33,$33,$17,$92,$53,$134,278,$0.11,$0.11,$616,$0,$0,$791,$1902,$0,$491,$376,$3100,$3891,$134,$1612,$162,$1774,$1908,$2,$51,$-3,$1983,$3891,$107,$155,$-20,$135,$-4,$0,$0,$-23,$-24,$219,$-182,$0,$0,$0,$0,$0,$0,$-182,$18,$-40,$-22,$611,$611,$-56,$-62,$471,$508,$10,$-56
8,2016-09-30,20.17,$12.61,1.6,$2.46,8.21,$0.55,37.02,$0.34,59.33,$0.82B,$0.16B,5.29,$1.62B,$1.95B,0.83,$0.66B,$0.50B,75.60%,$0.66B,$0.17B,25.45%,$0.66B,$0.17B,25.45%,$0.66B,$0.33B,49.25%,$0.66B,$0.10B,14.91%,$0.66B,$0.04B,6.33%,$0.04B,$1.95B,2.79%,$0.04B,$1.46B,4.15%,$0.04B,$3.88B,1.22%,$0.17B,$3.57B,5.42%,$176,$41,$135,$0,$12,$122,$54,$-18,$36,$3,$33,$33,$16,$92,$54,$137,281,$0.12,$0.12,$655,$0,$0,$818,$1874,$0,$491,$378,$3064,$3883,$155,$1616,$159,$1775,$1930,$2,$50,$-15,$1953,$3883,$74,$115,$-14,$102,$-1,$0,$0,$-6,$-14,$162,$-120,$0,$0,$0,$0,$0,$0,$-120,$21,$-40,$-19,$611,$611,$-39,$-47,$506,$548,$7,$-39
9,2016-06-30,18.19,$10.79,1.69,$2.49,7.3,$0.61,30.01,$0.32,56.86,$0.24B,$0.18B,1.33,$1.62B,$1.34B,1.21,$0.66B,$0.50B,75.15%,$0.66B,$0.16B,24.10%,$0.66B,$0.16B,24.10%,$0.66B,$0.32B,48.64%,$0.66B,$0.09B,13.86%,$0.66B,$0.04B,5.57%,$0.04B,$1.34B,2.72%,$0.04B,$0.85B,4.27%,$0.04B,$3.30B,1.12%,$0.16B,$2.96B,5.39%,$166,$40,$126,$0,$13,$122,$44,$-17,$27,$2,$25,$25,$11,$84,$44,$123,266,$0.09,$0.09,$95,$0,$0,$243,$1846,$0,$491,$380,$3059,$3302,$183,$1619,$162,$1782,$1965,$1,$51,$-15,$1337,$3302,$41,$77,$-7,$70,$4,$0,$0,$-16,$-19,$92,$-79,$0,$0,$0,$0,$0,$5,$-74,$24,$0,$24,$0,$0,$-23,$-30,$-29,$-11,$5,$-23
10,2016-03-31,16.7,$11.08,1.51,$2.49,6.71,$0.61,27.27,$0.33,50.62,$0.25B,$0.12B,2.07,$1.62B,$1.35B,1.2,$0.66B,$0.50B,75.11%,$0.66B,$0.16B,24.28%,$0.66B,$0.16B,24.28%,$0.66B,$0.32B,48.42%,$0.66B,$0.09B,13.88%,$0.66B,$0.04B,5.58%,$0.04B,$1.35B,2.71%,$0.04B,$0.86B,4.23%,$0.04B,$3.26B,1.12%,$0.16B,$2.97B,5.53%,$157,$41,$116,$0,$11,$123,$34,$-18,$16,$-1,$17,$17,$7,$71,$34,$121,267,$0.06,$0.06,$105,$0,$0,$247,$1808,$0,$491,$382,$3017,$3263,$119,$1623,$173,$1795,$1914,$1,$52,$-10,$1349,$3263,$17,$37,$-3,$34,$4,$0,$0,$11,$9,$60,$-29,$0,$0,$0,$0,$0,$5,$-24,$27,$-40,$-13,$0,$0,$-10,$-14,$-38,$-2,$2,$-10
11,2015-12-31,17.13,$11.44,1.5,$2.47,6.93,$0.57,30.0,$0.30,57.1,$0.25B,$0.15B,1.73,$1.60B,$1.37B,1.16,$0.66B,$0.49B,74.01%,$0.66B,$0.15B,22.95%,$0.66B,$0.15B,22.95%,$0.66B,$0.31B,47.57%,$0.66B,$0.08B,12.77%,$0.66B,$0.03B,5.02%,$0.03B,$1.37B,2.41%,$0.03B,$0.88B,4.07%,$0.03B,$3.30B,1.00%,$0.15B,$2.97B,5.26%,$165,$41,$125,$0,$10,$128,$37,$-17,$20,$1,$19,$19,$8,$80,$37,$114,267,$0.07,$0.06,$113,$0,$0,$253,$1811,$0,$491,$384,$3047,$3301,$146,$1597,$184,$1782,$1928,$1,$55,$-1,$1373,$3301,$80,$162,$-14,$148,$5,$0,$0,$-27,$-25,$203,$-142,$0,$0,$0,$0,$0,$-1,$-142,$-2,$40,$38,$0,$0,$-39,$-59,$-60,$1,$5,$-39
12,2015-09-30,16.07,$11.64,1.38,$2.52,6.37,$-0.33,0.0,$0.27,59.51,$0.26B,$0.13B,2.05,$1.61B,$1.37B,1.17,$0.66B,$0.49B,73.15%,$0.66B,$0.15B,21.87%,$0.66B,$0.15B,21.87%,$0.66B,$0.31B,46.91%,$0.66B,$0.08B,11.31%,$0.66B,$0.03B,4.37%,$0.03B,$1.37B,2.11%,$0.03B,$0.88B,3.56%,$0.03B,$3.31B,0.88%,$0.15B,$2.98B,5.05%,$176,$43,$132,$0,$10,$130,$45,$-17,$29,$3,$26,$26,$11,$88,$45,$116,266,$0.10,$0.10,$111,$0,$0,$260,$1799,$0,$491,$386,$3049,$3309,$127,$1609,$200,$1809,$1936,$1,$57,$-2,$1373,$3309,$61,$119,$-11,$108,$-9,$0,$0,$4,$-9,$160,$-104,$0,$0,$0,$0,$0,$-1,$-105,$1,$20,$21,$0,$0,$-29,$-46,$-54,$1,$4,$-29
13,2015-06-30,16.01,$12.01,1.33,$2.50,6.39,$-1.17,0.0,$0.26,61.59,$0.23B,$0.39B,0.6,$1.35B,$1.37B,0.98,$0.66B,$0.48B,72.56%,$0.66B,$0.14B,21.80%,$0.66B,$0.14B,21.80%,$0.66B,$0.30B,46.19%,$0.66B,$0.07B,10.98%,$0.66B,$0.03B,3.96%,$0.03B,$1.37B,1.89%,$0.03B,$0.88B,3.51%,$0.03B,$3.29B,0.79%,$0.14B,$2.72B,4.97%,$165,$40,$125,$0,$9,$120,$45,$-18,$27,$1,$27,$27,$11,$82,$45,$113,266,$0.10,$0.10,$104,$0,$0,$232,$1782,$0,$491,$388,$3062,$3294,$387,$1348,$186,$1535,$1921,$1,$56,$0,$1373,$3294,$34,$77,$-7,$70,$7,$0,$0,$-33,$-27,$77,$-62,$0,$0,$0,$0,$0,$-1,$-63,$-261,$285,$24,$0,$0,$-19,$-30,$-25,$-12,$3,$-19
14,2015-03-31,17.57,$12.24,1.44,$2.52,6.97,$-1.25,0.0,$0.26,67.59,$0.22B,$0.27B,0.81,$1.44B,$1.37B,1.06,$0.65B,$0.46B,70.90%,$0.65B,$0.14B,21.83%,$0.65B,$0.14B,21.83%,$0.65B,$0.29B,45.05%,$0.65B,$0.07B,11.30%,$0.65B,$0.03B,3.87%,$0.03B,$1.37B,1.94%,$0.03B,$0.60B,4.23%,$0.03B,$3.27B,0.81%,$0.14B,$2.81B,5.12%,$152,$47,$105,$0,$9,$128,$24,$-16,$8,$-0,$8,$8,$3,$63,$24,$109,266,$0.03,$0.03,$97,$0,$0,$216,$1776,$0,$765,$390,$3057,$3273,$267,$1443,$195,$1638,$1905,$1,$54,$0,$1368,$3273,$8,$39,$-2,$37,$11,$0,$0,$-2,$3,$47,$-28,$0,$0,$0,$0,$0,$-0,$-28,$-167,$165,$-2,$0,$0,$-9,$-17,$-29,$-9,$2,$-9
15,2014-12-31,16.34,$12.88,1.27,$2.52,6.48,$-1.30,0.0,$0.28,58.37,$0.23B,$0.10B,2.4,$1.60B,$1.38B,1.16,$0.63B,$0.44B,69.87%,$0.63B,$0.14B,22.24%,$0.63B,$0.14B,22.24%,$0.63B,$0.28B,44.32%,$0.63B,$0.08B,11.83%,$0.63B,$0.03B,4.10%,$0.03B,$1.38B,2.18%,$0.03B,$0.89B,5.13%,$0.03B,$3.28B,0.90%,$0.14B,$2.98B,5.42%,$170,$47,$123,$0,$9,$139,$31,$-20,$11,$1,$11,$11,$4,$78,$31,$98,255,$0.03,$0.03,$106,$0,$0,$232,$1762,$0,$491,$392,$3052,$3283,$97,$1599,$207,$1806,$1902,$1,$61,$0,$1381,$3283,$70,$140,$-36,$104,$3,$0,$0,$-24,$-36,$139,$-308,$0,$0,$0,$0,$0,$9,$-299,$238,$0,$238,$0,$0,$-34,$-59,$145,$-15,$4,$-34
16,2014-09-30,13.9,$14.18,0.98,$2.46,5.64,$-1.34,0.0,$0.24,57.9,$0.24B,$0.10B,2.48,$1.60B,$1.39B,1.15,$0.61B,$0.43B,69.82%,$0.61B,$0.01B,1.63%,$0.61B,$0.01B,1.63%,$0.61B,$0.14B,22.19%,$0.61B,$0.21B,34.58%,$0.61B,$0.02B,3.59%,$0.02B,$1.39B,2.00%,$0.02B,$0.59B,6.29%,$0.02B,$3.30B,0.82%,$0.01B,$2.99B,0.42%,$169,$46,$123,$0,$10,$126,$43,$-18,$26,$3,$23,$23,$8,$80,$43,$98,263,$0.09,$0.09,$117,$0,$0,$241,$1753,$0,$803,$393,$3061,$3302,$97,$1598,$213,$1812,$1909,$1,$66,$0,$1393,$3302,$59,$93,$-29,$64,$-2,$0,$0,$-6,$-22,$102,$-269,$0,$0,$0,$0,$0,$5,$-265,$223,$0,$223,$0,$0,$-25,$-43,$155,$-8,$3,$-25
