,Date,Stock Price,Book Value per Share,Price to Book Ratio,TTM Sales per Share,Price to Sales Ratio,TTM FCF per Share,Price to FCF Ratio,TTM Net EPS,PE Ratio,Current Assets,Current Liabilities,Current Ratio,Long Term Debt,Shareholder's Equity_x,Debt to Equity Ratio,TTM Revenue_x,TTM Gross Profit,Gross Margin,TTM Revenue_y,TTM Operating Income,Operating Margin,TTM Revenue_x,TTM EBIT,EBIT Margin,TTM Revenue_y,TTM EBITDA,EBITDA Margin,TTM Revenue_x,TTM Pre-Tax Income,Pre-Tax Margin,TTM Revenue_y,TTM Net Income_x,Net Margin,TTM Net Income_y,Shareholder's Equity_y,Return on Equity,TTM Net Income_x,Tangible Equity,Return on Tangible Equity,TTM Net Income_y,Total Assets,Return on Assets,TTM Net Income,LT Investments & Debt,Return on Investment,revenue,cost-goods-sold,gross-profit,research-development-expenses,selling-general-administrative-expenses,operating-expenses,operating-income,total-non-operating-income-expense,pre-tax-income,total-provision-income-taxes,income-after-taxes,income-from-continuous-operations,net-income,ebitda,ebit,basic-shares-outstanding,shares-outstanding,eps-basic-net-earnings-per-share,eps-earnings-per-share-diluted,cash-on-hand,inventory,other-current-assets,total-current-assets,net-property-plant-equipment,long-term-investments,goodwill-intangible-assets-total,other-long-term-assets,total-long-term-assets,total-assets,total-current-liabilities,long-term-debt,other-non-current-liabilities,total-long-term-liabilities,total-liabilities,common-stock-net,retained-earnings-accumulated-deficit,comprehensive-income,total-share-holder-equity,total-liabilities-share-holders-equity,net-income-loss,total-depreciation-amortization-cash-flow,other-non-cash-items,total-non-cash-items,change-in-accounts-receivable,change-in-inventories,change-in-accounts-payable,change-in-assets-liabilities,total-change-in-assets-liabilities,cash-flow-from-operating-activities,net-change-in-property-plant-equipment,net-change-in-intangible-assets,net-acquisitions-divestitures,net-change-in-short-term-investments,net-change-in-long-term-investments,net-change-in-investments-total,investing-activities-other,cash-flow-from-investing-activities,net-long-term-debt,net-current-debt,debt-issuance-retirement-net-total,net-common-equity-issued-repurchased,net-total-equity-issued-repurchased,total-common-preferred-stock-dividends-paid,financial-activities-other,cash-flow-from-financial-activities,net-cash-flow,stock-based-compensation,common-stock-dividends-paid
0,2018-09-30,246.71,$97.43,2.53,$21.08,11.71,$23.90,10.32,$5.69,43.36,$0.24B,$0.19B,1.32,$5.63B,$6.44B,0.88,$1.39B,$0.96B,68.68%,$1.39B,$0.45B,32.54%,$1.39B,$0.45B,32.54%,$1.39B,$0.91B,65.52%,$1.39B,$0.40B,28.66%,$1.39B,$0.38B,27.01%,$0.38B,$6.44B,5.83%,$0.38B,$6.44B,5.83%,$0.38B,$12.52B,3.00%,$0.45B,$12.07B,3.73%,$351,$106,$245,$0,$11,$237,$114,$-28,$86,$0,$86,$86,$81,$230,$114,$66,66,$1.23,$1.22,$175,$0,$0,$244,$12013,$0,$0,$262,$12274,$12518,$185,$5634,$226,$5897,$6082,$0,$-808,$-9,$6436,$12518,$289,$344,$-5,$340,$0,$0,$0,$-3,$52,$681,$-118,$0,$0,$-7,$0,$-7,$-11,$-136,$-43,$0,$-43,$-2,$-2,$-383,$-4,$-432,$114,$7,$-383
1,2018-06-30,239.07,$98.03,2.44,$20.98,11.4,$20.89,11.45,$5.68,42.09,$0.25B,$0.13B,1.85,$5.69B,$6.48B,0.88,$1.39B,$0.95B,68.66%,$1.39B,$0.45B,32.64%,$1.39B,$0.45B,32.64%,$1.39B,$0.91B,65.49%,$1.39B,$0.40B,28.74%,$1.39B,$0.38B,27.08%,$0.38B,$6.48B,5.83%,$0.38B,$6.48B,5.83%,$0.38B,$12.56B,2.99%,$0.45B,$12.17B,3.73%,$349,$102,$247,$0,$11,$232,$116,$-10,$106,$0,$106,$106,$100,$231,$116,$66,66,$1.52,$1.52,$178,$0,$0,$246,$12046,$0,$0,$264,$12310,$12556,$133,$5691,$221,$5948,$6081,$0,$-766,$-11,$6475,$12556,$203,$229,$-5,$223,$0,$0,$0,$-5,$-3,$424,$-17,$0,$0,$-9,$0,$-9,$-32,$-59,$12,$0,$12,$-2,$-2,$-254,$-4,$-248,$116,$6,$-254
2,2018-03-31,238.79,$98.30,2.43,$20.85,11.45,$17.82,13.4,$5.24,45.57,$0.21B,$0.18B,1.17,$5.72B,$6.49B,0.88,$1.38B,$0.95B,68.73%,$1.38B,$0.45B,32.58%,$1.38B,$0.45B,32.58%,$1.38B,$0.90B,65.53%,$1.38B,$0.37B,26.76%,$1.38B,$0.35B,25.16%,$0.35B,$6.49B,5.38%,$0.35B,$6.49B,5.38%,$0.35B,$12.64B,2.76%,$0.45B,$12.21B,3.70%,$347,$103,$245,$0,$15,$237,$111,$-14,$97,$0,$97,$97,$91,$225,$111,$66,66,$1.38,$1.38,$139,$0,$0,$210,$12175,$0,$0,$258,$12433,$12643,$180,$5719,$211,$5971,$6151,$0,$-744,$-15,$6492,$12643,$97,$114,$9,$123,$0,$0,$0,$-3,$49,$268,$-72,$0,$0,$-4,$0,$-4,$-23,$-99,$36,$0,$36,$-3,$-3,$-122,$-3,$-91,$78,$2,$-122
3,2017-12-31,237.63,$96.84,2.45,$20.69,11.48,$16.56,14.35,$6.58,36.11,$0.16B,$0.13B,1.27,$5.69B,$6.40B,0.89,$1.36B,$0.94B,68.67%,$1.36B,$0.45B,32.72%,$1.36B,$0.45B,32.72%,$1.36B,$0.89B,65.59%,$1.36B,$0.46B,33.68%,$1.36B,$0.43B,31.84%,$0.43B,$6.40B,6.78%,$0.43B,$6.40B,6.78%,$0.43B,$12.50B,3.47%,$0.45B,$12.09B,3.70%,$345,$126,$219,$0,$11,$233,$112,$-3,$110,$0,$110,$110,$104,$226,$112,$66,66,$1.56,$1.56,$61,$0,$0,$162,$12105,$0,$0,$229,$12334,$12496,$128,$5689,$243,$5971,$6099,$0,$-834,$-18,$6397,$12496,$458,$448,$-116,$332,$0,$0,$0,$-9,$-24,$766,$-353,$0,$0,$-32,$0,$-32,$-92,$-477,$91,$0,$91,$116,$116,$-477,$-39,$-309,$-20,$9,$-477
4,2017-09-30,248.3,$96.72,2.57,$20.47,12.13,$16.64,14.93,$7.99,31.08,$0.19B,$0.22B,0.83,$5.62B,$6.38B,0.88,$1.35B,$0.95B,70.30%,$1.35B,$0.44B,32.67%,$1.35B,$0.44B,32.67%,$1.35B,$0.88B,65.18%,$1.35B,$0.55B,41.13%,$1.35B,$0.53B,39.05%,$0.53B,$6.38B,8.25%,$0.53B,$6.38B,8.25%,$0.53B,$12.51B,4.23%,$0.44B,$12.00B,3.67%,$344,$104,$240,$0,$10,$232,$113,$-28,$85,$0,$85,$85,$80,$225,$113,$66,66,$1.21,$1.21,$63,$0,$0,$185,$12092,$0,$0,$236,$12328,$12513,$222,$5615,$251,$5907,$6129,$0,$-822,$-25,$6384,$12513,$348,$335,$-108,$227,$0,$0,$0,$-2,$48,$624,$-260,$0,$0,$-32,$0,$-32,$-193,$-485,$16,$0,$16,$104,$104,$-356,$-10,$-245,$-107,$5,$-356
5,2017-06-30,249.74,$97.56,2.56,$20.28,12.32,$16.36,15.27,$7.78,32.1,$0.26B,$0.14B,1.83,$5.66B,$6.44B,0.88,$1.33B,$0.94B,70.35%,$1.33B,$0.44B,32.73%,$1.33B,$0.44B,32.73%,$1.33B,$0.87B,65.02%,$1.33B,$0.54B,40.47%,$1.33B,$0.51B,38.44%,$0.51B,$6.44B,8.09%,$0.51B,$6.44B,8.09%,$0.51B,$12.53B,4.15%,$0.44B,$12.10B,3.65%,$339,$98,$241,$0,$10,$227,$112,$-36,$76,$0,$76,$76,$71,$225,$112,$66,66,$1.08,$1.08,$200,$0,$0,$255,$12068,$0,$0,$202,$12270,$12525,$139,$5663,$239,$5948,$6087,$0,$-786,$-28,$6438,$12525,$263,$222,$-108,$113,$0,$0,$0,$-1,$-4,$373,$-170,$0,$0,$-5,$0,$-5,$-89,$-264,$60,$0,$60,$103,$103,$-234,$-8,$-79,$30,$3,$-234
6,2017-03-31,223.25,$97.44,2.29,$20.03,11.15,$16.00,13.95,$7.80,28.62,$0.15B,$0.19B,0.82,$5.60B,$6.39B,0.88,$1.32B,$0.92B,70.11%,$1.32B,$0.43B,32.70%,$1.32B,$0.43B,32.70%,$1.32B,$0.85B,64.56%,$1.32B,$0.54B,41.06%,$1.32B,$0.51B,39.01%,$0.51B,$6.39B,8.18%,$0.51B,$6.39B,8.18%,$0.51B,$12.45B,4.18%,$0.43B,$11.99B,3.62%,$335,$100,$236,$0,$11,$226,$109,$78,$188,$0,$188,$188,$179,$218,$109,$66,66,$2.73,$2.72,$100,$0,$0,$151,$12104,$0,$0,$193,$12296,$12447,$185,$5603,$226,$5874,$6058,$0,$-741,$-30,$6389,$12447,$188,$109,$-112,$-4,$0,$0,$0,$-3,$39,$223,$-110,$0,$0,$4,$0,$4,$-74,$-180,$-7,$0,$-7,$6,$6,$-110,$-2,$-113,$-70,$1,$-110
7,2016-12-31,222.5,$96.02,2.32,$19.73,11.28,$15.59,14.27,$6.27,35.49,$0.21B,$0.14B,1.53,$5.56B,$6.29B,0.88,$1.29B,$0.91B,70.02%,$1.29B,$0.42B,32.53%,$1.29B,$0.42B,32.53%,$1.29B,$0.83B,64.37%,$1.29B,$0.44B,33.93%,$1.29B,$0.41B,31.84%,$0.41B,$6.29B,6.61%,$0.41B,$6.29B,6.61%,$0.41B,$12.22B,3.39%,$0.42B,$11.86B,3.58%,$329,$99,$230,$0,$12,$224,$106,$99,$205,$0,$205,$205,$196,$210,$106,$65,66,$2.99,$2.98,$170,$0,$0,$211,$11819,$0,$0,$188,$12006,$12217,$138,$5563,$179,$5787,$5925,$0,$-805,$-32,$6292,$12217,$438,$412,$-138,$274,$0,$0,$0,$-3,$-1,$712,$-296,$0,$0,$12,$0,$12,$-136,$-420,$247,$0,$247,$18,$-56,$-436,$-11,$-256,$35,$10,$-436
8,2016-09-30,211.64,$94.38,2.24,$19.49,10.86,$10.89,19.43,$4.51,46.93,$0.23B,$0.19B,1.26,$5.59B,$6.18B,0.9,$1.28B,$0.90B,70.14%,$1.28B,$0.41B,31.90%,$1.28B,$0.41B,31.90%,$1.28B,$0.82B,64.58%,$1.28B,$0.32B,25.08%,$1.28B,$0.30B,23.20%,$0.30B,$6.18B,4.74%,$0.30B,$6.18B,4.74%,$0.30B,$12.18B,2.44%,$0.41B,$11.77B,3.47%,$329,$99,$230,$0,$10,$220,$109,$-39,$70,$0,$70,$70,$66,$213,$109,$66,66,$1.00,$1.00,$211,$0,$0,$234,$11738,$0,$0,$205,$11943,$12177,$185,$5585,$179,$5808,$5993,$0,$-896,$-40,$6184,$12177,$234,$308,$-12,$296,$0,$0,$0,$1,$51,$580,$-238,$0,$0,$-4,$0,$-4,$-23,$-265,$240,$0,$240,$17,$-56,$-326,$-8,$-150,$165,$4,$-326
9,2016-06-30,215.25,$94.92,2.27,$19.14,11.25,$5.47,39.33,$4.16,51.74,$0.24B,$0.15B,1.62,$5.62B,$6.22B,0.9,$1.25B,$0.88B,69.97%,$1.25B,$0.38B,30.43%,$1.25B,$0.38B,30.43%,$1.25B,$0.80B,64.14%,$1.25B,$0.30B,23.72%,$1.25B,$0.27B,21.73%,$0.27B,$6.22B,4.33%,$0.27B,$6.22B,4.33%,$0.27B,$12.21B,2.25%,$0.38B,$11.83B,3.26%,$322,$96,$226,$0,$10,$216,$106,$-29,$77,$0,$77,$77,$72,$208,$106,$65,66,$1.10,$1.10,$215,$0,$0,$236,$11772,$0,$0,$199,$11971,$12207,$145,$5618,$184,$5846,$5992,$0,$-857,$-43,$6215,$12207,$164,$204,$-24,$180,$0,$0,$0,$-3,$7,$350,$-172,$0,$0,$-5,$0,$-5,$-4,$-181,$267,$0,$267,$11,$-62,$-214,$-7,$-16,$153,$3,$-214
10,2016-03-31,219.12,$95.39,2.3,$18.79,11.66,$0.56,388.99,$3.76,58.28,$0.10B,$0.17B,0.58,$5.35B,$6.24B,0.86,$1.23B,$0.86B,69.82%,$1.23B,$0.36B,29.04%,$1.23B,$0.36B,29.04%,$1.23B,$0.78B,63.78%,$1.23B,$0.27B,22.10%,$1.23B,$0.25B,20.07%,$0.25B,$6.24B,3.90%,$0.25B,$6.24B,3.90%,$0.25B,$12.07B,2.04%,$0.36B,$11.59B,3.05%,$314,$94,$220,$0,$9,$214,$100,$-13,$87,$0,$87,$87,$78,$202,$100,$65,66,$1.19,$1.19,$80,$0,$0,$99,$11790,$0,$0,$179,$11969,$12067,$170,$5353,$183,$5656,$5826,$0,$-824,$-44,$6241,$12067,$87,$102,$-25,$77,$0,$0,$0,$1,$36,$201,$-115,$0,$0,$4,$0,$4,$30,$-81,$-4,$0,$-4,$5,$5,$-100,$-2,$-101,$18,$1,$-100
11,2015-12-31,222.79,$96.93,2.3,$18.39,12.11,$-2.12,0.0,$3.49,63.84,$0.14B,$0.13B,1.08,$5.32B,$6.26B,0.85,$1.20B,$0.83B,69.62%,$1.20B,$0.33B,27.70%,$1.20B,$0.33B,27.70%,$1.20B,$0.75B,63.01%,$1.20B,$0.25B,20.84%,$1.20B,$0.23B,19.00%,$0.23B,$6.34B,3.59%,$0.23B,$6.34B,3.60%,$0.23B,$12.01B,1.89%,$0.33B,$11.66B,2.83%,$311,$92,$219,$0,$9,$219,$92,$-6,$86,$0,$86,$86,$80,$201,$92,$65,65,$1.23,$1.22,$123,$0,$0,$142,$11687,$0,$0,$179,$11866,$12008,$131,$5319,$176,$5540,$5671,$0,$-797,$-42,$6337,$12008,$248,$422,$-45,$377,$0,$0,$0,$2,$-7,$618,$-511,$0,$0,$-5,$0,$-5,$-209,$-726,$149,$0,$149,$359,$359,$-388,$-11,$107,$4,$6,$-388
12,2015-09-30,206.69,$97.06,2.13,$18.54,11.15,$-4.93,0.0,$2.90,71.27,$0.10B,$0.18B,0.53,$5.32B,$6.26B,0.85,$1.16B,$0.80B,69.13%,$1.16B,$0.30B,25.97%,$1.16B,$0.30B,25.97%,$1.16B,$0.71B,61.05%,$1.16B,$0.21B,17.88%,$1.16B,$0.19B,16.08%,$0.19B,$6.33B,2.98%,$0.19B,$6.32B,2.99%,$0.19B,$12.01B,1.57%,$0.30B,$11.65B,2.61%,$305,$94,$211,$0,$11,$222,$83,$-36,$47,$0,$47,$47,$42,$192,$83,$65,65,$0.65,$0.65,$72,$0,$0,$95,$11734,$0,$13,$171,$11918,$12013,$178,$5317,$161,$5503,$5681,$0,$-783,$-50,$6332,$12013,$162,$313,$-24,$289,$0,$0,$0,$-0,$36,$488,$-501,$0,$0,$-7,$0,$-7,$-153,$-660,$143,$0,$143,$330,$330,$-288,$-7,$178,$10,$6,$-288
13,2015-06-30,195.28,$97.55,2.0,$18.17,10.75,$-7.97,0.0,$3.10,62.99,$0.09B,$0.15B,0.62,$5.37B,$6.27B,0.86,$1.13B,$0.78B,68.73%,$1.13B,$0.28B,25.16%,$1.13B,$0.28B,25.16%,$1.13B,$0.68B,60.14%,$1.13B,$0.22B,19.49%,$1.13B,$0.20B,17.63%,$0.20B,$6.35B,3.20%,$0.20B,$6.32B,3.21%,$0.20B,$12.05B,1.68%,$0.28B,$11.71B,2.47%,$296,$90,$206,$0,$10,$215,$81,$-30,$51,$0,$51,$51,$46,$187,$81,$65,65,$0.70,$0.70,$65,$0,$0,$91,$11776,$0,$26,$152,$11954,$12045,$146,$5369,$161,$5554,$5700,$0,$-731,$-50,$6345,$12045,$115,$204,$-32,$172,$0,$0,$0,$-5,$-0,$287,$-429,$0,$0,$-5,$0,$-5,$-141,$-575,$193,$0,$193,$291,$291,$-188,$-7,$289,$5,$3,$-188
14,2015-03-31,209.86,$97.51,2.15,$17.80,11.79,$-5.94,0.0,$2.48,84.62,$0.28B,$0.16B,1.75,$5.44B,$6.23B,0.87,$1.09B,$0.75B,68.25%,$1.09B,$0.24B,22.05%,$1.09B,$0.24B,22.05%,$1.09B,$0.63B,57.27%,$1.09B,$0.17B,15.92%,$1.09B,$0.15B,14.09%,$0.15B,$6.30B,2.51%,$0.15B,$6.26B,2.52%,$0.15B,$12.09B,1.32%,$0.24B,$11.74B,2.13%,$283,$87,$196,$0,$11,$208,$75,$-11,$65,$0,$65,$65,$59,$173,$75,$64,64,$0.92,$0.92,$255,$0,$0,$284,$11576,$0,$38,$154,$11801,$12085,$162,$5436,$161,$5622,$5784,$0,$-684,$-51,$6301,$12085,$65,$98,$-25,$72,$0,$0,$0,$4,$26,$163,$-251,$0,$0,$-7,$11,$5,$-40,$-287,$220,$0,$220,$190,$190,$-87,$-7,$316,$194,$1,$-87
15,2014-12-31,187.43,$96.35,1.95,$17.65,10.62,$-3.53,0.0,$2.14,87.58,$0.12B,$0.14B,0.89,$5.08B,$6.06B,0.84,$0.97B,$0.66B,67.87%,$0.97B,$0.20B,20.70%,$0.97B,$0.20B,20.70%,$0.97B,$0.54B,55.51%,$0.97B,$0.14B,13.90%,$0.97B,$0.12B,12.05%,$0.12B,$6.14B,2.15%,$0.12B,$6.09B,2.16%,$0.12B,$11.53B,1.14%,$0.20B,$11.22B,2.01%,$279,$89,$191,$0,$12,$216,$63,$-19,$45,$0,$45,$45,$40,$158,$63,$57,57,$0.62,$0.61,$96,$0,$0,$121,$11208,$0,$48,$151,$11406,$11527,$135,$5081,$152,$5256,$5391,$0,$-651,$-51,$6136,$11527,$134,$337,$-19,$317,$0,$0,$0,$17,$42,$493,$-559,$0,$0,$-12,$0,$-12,$-576,$-1147,$279,$0,$279,$542,$542,$-278,$-23,$521,$7,$9,$-278
16,2014-09-30,161.17,$96.37,1.67,$16.95,9.51,$-5.05,0.0,$2.36,68.29,$0.11B,$0.17B,0.66,$5.23B,$6.02B,0.87,$0.85B,$0.57B,67.41%,$0.85B,$0.18B,21.53%,$0.85B,$0.18B,21.53%,$0.85B,$0.48B,56.12%,$0.85B,$0.11B,12.94%,$0.85B,$0.11B,12.82%,$0.11B,$6.09B,2.47%,$0.11B,$6.09B,2.47%,$0.11B,$11.67B,1.25%,$0.18B,$11.32B,2.16%,$271,$88,$183,$0,$11,$206,$65,$-7,$59,$0,$59,$59,$54,$161,$65,$63,63,$0.85,$0.85,$88,$0,$0,$111,$11318,$0,$0,$207,$11556,$11667,$167,$5226,$158,$5406,$5573,$0,$-608,$-51,$6093,$11667,$90,$242,$-28,$214,$0,$0,$0,$10,$54,$358,$-562,$0,$0,$-9,$14,$5,$-595,$-1152,$409,$0,$409,$456,$456,$-191,$-22,$653,$-1,$5,$-191
17,2014-06-30,165.53,$95.86,1.73,$16.77,9.87,$-2.77,0.0,$3.35,49.41,$0.11B,$0.13B,0.86,$5.07B,$5.90B,0.86,$0.73B,$0.49B,67.39%,$0.73B,$0.17B,22.78%,$0.73B,$0.17B,22.78%,$0.73B,$0.42B,56.62%,$0.73B,$0.11B,15.55%,$0.73B,$0.12B,16.92%,$0.12B,$5.97B,3.66%,$0.12B,$5.97B,3.67%,$0.12B,$11.35B,1.76%,$0.17B,$11.04B,2.43%,$260,$84,$176,$0,$10,$221,$38,$-34,$5,$0,$5,$5,$1,$134,$38,$62,62,$0.02,$0.02,$48,$0,$0,$114,$10983,$0,$0,$220,$11234,$11348,$132,$5066,$154,$5244,$5376,$0,$-576,$-54,$5972,$11348,$31,$147,$-1,$146,$0,$0,$0,$3,$12,$189,$-199,$0,$0,$-9,$14,$5,$-542,$-736,$244,$0,$244,$284,$284,$-102,$-19,$406,$-1,$4,$-102
18,2014-03-31,151.16,$92.77,1.63,$16.62,9.1,$-4.38,0.0,$3.94,38.36,$0.09B,$0.08B,1.02,$2.95B,$3.48B,0.85,$0.62B,$0.42B,67.47%,$0.62B,$0.18B,28.37%,$0.62B,$0.18B,28.37%,$0.62B,$0.38B,60.74%,$0.62B,$0.14B,22.12%,$0.62B,$0.15B,23.72%,$0.15B,$3.56B,6.21%,$0.15B,$3.56B,6.21%,$0.15B,$6.63B,2.70%,$0.18B,$6.52B,3.31%,$161,$52,$109,$0,$8,$126,$35,$-8,$26,$0,$26,$26,$22,$86,$35,$38,38,$0.58,$0.58,$49,$0,$0,$85,$6365,$0,$0,$154,$6548,$6633,$83,$2954,$34,$2988,$3071,$0,$-498,$-56,$3562,$6633,$26,$51,$-4,$47,$0,$0,$0,$3,$18,$92,$-53,$0,$0,$-6,$0,$-6,$-2,$-61,$-79,$0,$-79,$159,$159,$-100,$-9,$-30,$1,$1,$-100
19,2013-12-31,126.64,$53.52,2.37,$16.36,7.74,$-8.08,0.0,$4.04,31.35,$0.12B,$0.07B,1.82,$3.03B,$1.92B,1.58,$0.61B,$0.41B,67.43%,$0.61B,$0.19B,30.93%,$0.61B,$0.19B,30.93%,$0.61B,$0.39B,63.34%,$0.61B,$0.14B,23.08%,$0.61B,$0.15B,24.71%,$0.15B,$2.00B,7.58%,$0.15B,$2.00B,7.59%,$0.15B,$5.19B,2.98%,$0.19B,$5.04B,3.85%,$158,$52,$105,$0,$8,$113,$45,$-25,$20,$0,$20,$20,$32,$96,$45,$37,37,$0.86,$0.85,$54,$0,$0,$122,$4916,$0,$5,$119,$5065,$5187,$67,$3034,$84,$3117,$3184,$0,$-474,$-60,$2003,$5187,$172,$198,$-64,$134,$0,$0,$0,$-2,$-1,$305,$-405,$0,$0,$8,$0,$8,$-56,$-454,$218,$0,$218,$143,$143,$-199,$-13,$149,$-0,$5,$-199
20,2013-09-30,129.25,$53.53,2.41,$16.04,8.06,$-11.65,0.0,$4.41,29.31,$0.12B,$0.08B,1.47,$2.92B,$1.92B,1.52,$0.59B,$0.40B,67.80%,$0.59B,$0.19B,31.69%,$0.59B,$0.19B,31.69%,$0.59B,$0.38B,64.58%,$0.59B,$0.17B,28.64%,$0.59B,$0.16B,27.63%,$0.16B,$2.00B,8.31%,$0.16B,$2.00B,8.31%,$0.16B,$5.09B,3.27%,$0.19B,$4.92B,3.88%,$154,$50,$104,$0,$6,$105,$49,$14,$63,$0,$63,$63,$69,$99,$49,$37,37,$1.84,$1.84,$56,$0,$0,$124,$4801,$0,$0,$139,$4962,$5086,$84,$2921,$83,$3004,$3088,$0,$-461,$-63,$1998,$5086,$135,$147,$-57,$90,$0,$0,$0,$-19,$-0,$225,$-261,$0,$0,$6,$0,$6,$-54,$-309,$105,$0,$105,$128,$128,$-148,$-10,$75,$-9,$3,$-148
21,2013-06-30,137.95,$52.91,2.61,$15.78,8.74,$-10.42,0.0,$3.02,45.68,$0.16B,$0.08B,2.04,$2.93B,$1.90B,1.54,$0.57B,$0.39B,67.42%,$0.57B,$0.18B,31.53%,$0.57B,$0.18B,31.53%,$0.57B,$0.37B,64.29%,$0.57B,$0.13B,21.95%,$0.57B,$0.11B,19.16%,$0.11B,$1.97B,5.77%,$0.11B,$1.97B,5.77%,$0.11B,$5.06B,2.27%,$0.18B,$4.90B,3.86%,$151,$48,$103,$0,$7,$103,$48,$-19,$29,$0,$29,$29,$25,$98,$48,$37,37,$0.67,$0.67,$45,$0,$0,$156,$4763,$0,$0,$117,$4903,$5059,$76,$2926,$83,$3008,$3085,$0,$-485,$-63,$1974,$5059,$59,$97,$-5,$93,$0,$0,$0,$1,$-1,$151,$-217,$0,$0,$6,$0,$6,$-71,$-282,$109,$0,$109,$127,$127,$-97,$-6,$133,$2,$2,$-97
22,2013-03-31,129.71,$53.35,2.43,$15.57,8.33,$-7.79,0.0,$3.42,37.93,$0.07B,$0.09B,0.78,$2.77B,$1.91B,1.45,$0.56B,$0.37B,67.09%,$0.56B,$0.17B,31.29%,$0.56B,$0.17B,31.29%,$0.56B,$0.36B,63.85%,$0.56B,$0.14B,25.00%,$0.56B,$0.12B,21.94%,$0.12B,$1.99B,6.62%,$0.12B,$1.99B,6.62%,$0.12B,$4.94B,2.62%,$0.17B,$4.76B,3.86%,$148,$48,$100,$0,$6,$101,$47,$-17,$29,$0,$29,$29,$25,$94,$47,$37,37,$0.68,$0.68,$56,$0,$0,$67,$4740,$0,$0,$109,$4869,$4936,$86,$2774,$88,$2861,$2948,$0,$-464,$-68,$1989,$4936,$30,$48,$-3,$45,$0,$0,$0,$2,$11,$86,$-184,$0,$0,$14,$0,$14,$65,$-106,$-45,$0,$-45,$124,$124,$-45,$-2,$32,$12,$1,$-45
23,2012-12-31,125.31,$51.71,2.42,$15.32,8.18,$-4.21,0.0,$3.41,36.75,$0.11B,$0.07B,1.67,$2.82B,$1.81B,1.56,$0.54B,$0.36B,66.98%,$0.54B,$0.17B,31.16%,$0.54B,$0.17B,31.16%,$0.54B,$0.34B,63.99%,$0.54B,$0.13B,23.69%,$0.54B,$0.12B,22.39%,$0.12B,$1.88B,6.89%,$0.12B,$1.88B,6.89%,$0.12B,$4.85B,2.70%,$0.17B,$4.70B,3.88%,$137,$45,$93,$0,$8,$94,$43,$5,$48,$0,$48,$48,$44,$90,$43,$35,35,$1.22,$1.22,$42,$0,$0,$108,$4590,$0,$0,$128,$4739,$4847,$65,$2819,$79,$2898,$2963,$0,$-444,$-69,$1884,$4847,$140,$175,$-52,$123,$0,$0,$0,$-8,$5,$267,$-487,$0,$0,$-12,$0,$-12,$-313,$-812,$375,$0,$375,$360,$360,$-173,$-12,$550,$6,$4,$-173
24,2012-09-30,125.73,$49.99,2.51,$15.08,8.34,$2.28,55.18,$2.61,48.17,$0.08B,$0.08B,1.01,$2.60B,$1.71B,1.52,$0.52B,$0.35B,66.67%,$0.52B,$0.16B,30.83%,$0.52B,$0.16B,30.83%,$0.52B,$0.33B,63.58%,$0.52B,$0.09B,17.73%,$0.52B,$0.09B,17.34%,$0.09B,$1.79B,5.42%,$0.09B,$1.79B,5.42%,$0.09B,$4.54B,2.12%,$0.16B,$4.38B,3.90%,$138,$47,$91,$0,$5,$95,$43,$-23,$20,$0,$20,$20,$16,$87,$43,$36,36,$0.46,$0.45,$27,$0,$0,$77,$4258,$0,$0,$178,$4457,$4535,$77,$2596,$77,$2672,$2749,$0,$-448,$-76,$1785,$4535,$90,$129,$-23,$107,$0,$0,$0,$-3,$23,$219,$-210,$0,$0,$-67,$0,$-67,$-241,$-518,$151,$0,$151,$271,$271,$-128,$-6,$288,$-11,$3,$-128
25,2012-06-30,129.58,$48.89,2.65,$14.82,8.75,$2.32,55.89,$2.39,54.22,$0.08B,$0.06B,1.26,$2.49B,$1.64B,1.52,$0.50B,$0.33B,66.40%,$0.50B,$0.15B,30.20%,$0.50B,$0.15B,30.20%,$0.50B,$0.32B,63.40%,$0.50B,$0.08B,16.80%,$0.50B,$0.08B,16.40%,$0.08B,$1.72B,5.16%,$0.08B,$1.72B,5.16%,$0.08B,$4.34B,2.01%,$0.15B,$4.20B,3.82%,$133,$44,$89,$0,$6,$92,$41,$2,$42,$0,$42,$42,$37,$84,$41,$35,35,$1.07,$1.07,$28,$0,$0,$79,$4101,$0,$0,$141,$4260,$4339,$63,$2488,$74,$2562,$2624,$0,$-425,$-73,$1715,$4339,$70,$85,$-26,$59,$0,$0,$0,$-4,$1,$129,$-99,$0,$0,$-29,$0,$-29,$-188,$-316,$91,$0,$91,$172,$172,$-85,$-1,$178,$-9,$2,$-85
26,2012-03-31,126.62,$46.23,2.74,$14.62,8.66,$0.79,160.71,$1.64,77.21,$0.09B,$0.06B,1.38,$2.34B,$1.50B,1.56,$0.48B,$0.32B,65.84%,$0.48B,$0.14B,29.61%,$0.48B,$0.14B,29.61%,$0.48B,$0.30B,62.94%,$0.48B,$0.05B,10.97%,$0.48B,$0.06B,11.39%,$0.06B,$1.58B,3.61%,$0.06B,$1.58B,3.61%,$0.06B,$4.05B,1.39%,$0.14B,$3.92B,3.73%,$128,$42,$86,$0,$5,$88,$40,$-23,$17,$0,$17,$17,$23,$82,$40,$34,34,$0.67,$0.67,$37,$0,$0,$85,$3836,$0,$0,$113,$3966,$4051,$62,$2343,$69,$2411,$2474,$0,$-423,$-71,$1578,$4051,$27,$42,$-9,$33,$0,$0,$0,$-3,$12,$72,$-41,$0,$0,$-4,$0,$-4,$1,$-44,$-19,$0,$-19,$33,$33,$-40,$-1,$-27,$1,$1,$-40
27,2011-12-31,116.56,$45.98,2.54,$14.44,8.08,$-0.80,0.0,$1.24,94.0,$0.10B,$0.05B,2.11,$2.36B,$1.48B,1.6,$0.47B,$0.31B,65.31%,$0.47B,$0.13B,28.69%,$0.47B,$0.13B,28.69%,$0.47B,$0.29B,62.53%,$0.47B,$0.05B,10.28%,$0.47B,$0.04B,8.57%,$0.04B,$1.56B,2.72%,$0.04B,$1.56B,2.72%,$0.04B,$4.04B,1.02%,$0.13B,$3.92B,3.54%,$120,$40,$80,$0,$5,$83,$36,$-24,$13,$0,$13,$13,$14,$77,$36,$33,33,$0.42,$0.42,$35,$0,$0,$102,$3821,$0,$0,$97,$3935,$4037,$48,$2361,$70,$2431,$2479,$0,$-408,$-73,$1558,$4037,$58,$157,$-2,$155,$0,$0,$0,$0,$4,$217,$-209,$0,$0,$25,$0,$25,$-242,$-426,$80,$0,$80,$331,$298,$-156,$-14,$208,$-1,$3,$-156
28,2011-09-30,98.85,$45.25,2.18,$14.29,6.92,$-11.49,0.0,$0.98,100.87,$0.09B,$0.06B,1.34,$2.26B,$1.43B,1.58,$0.45B,$0.29B,64.82%,$0.45B,$0.12B,27.43%,$0.45B,$0.12B,27.43%,$0.45B,$0.28B,61.50%,$0.45B,$0.04B,9.29%,$0.45B,$0.03B,6.86%,$0.03B,$1.51B,2.18%,$0.03B,$1.51B,2.18%,$0.03B,$3.91B,0.81%,$0.12B,$3.77B,3.34%,$119,$42,$77,$0,$5,$85,$34,$-23,$12,$0,$12,$12,$8,$74,$34,$33,33,$0.23,$0.23,$33,$0,$0,$85,$3705,$0,$0,$98,$3821,$3905,$63,$2260,$71,$2332,$2395,$0,$-387,$-75,$1511,$3905,$40,$117,$-3,$113,$0,$0,$0,$-1,$18,$171,$-161,$0,$0,$20,$0,$20,$-118,$-259,$-20,$0,$-20,$264,$231,$-116,$-12,$83,$-5,$2,$-116
29,2011-06-30,110.45,$44.34,2.49,$14.21,7.77,$-11.59,0.0,$0.96,115.06,$0.08B,$0.05B,1.67,$2.25B,$1.37B,1.64,$0.44B,$0.28B,64.76%,$0.44B,$0.12B,26.54%,$0.44B,$0.12B,26.54%,$0.44B,$0.26B,59.04%,$0.44B,$0.04B,9.15%,$0.44B,$0.03B,6.64%,$0.03B,$1.45B,2.14%,$0.03B,$1.45B,2.14%,$0.03B,$3.83B,0.78%,$0.12B,$3.71B,3.23%,$116,$41,$75,$0,$5,$83,$33,$-22,$11,$0,$11,$11,$10,$71,$33,$32,32,$0.32,$0.32,$33,$0,$0,$83,$3626,$0,$0,$101,$3743,$3826,$50,$2254,$71,$2325,$2375,$0,$-360,$-75,$1451,$3826,$29,$77,$-7,$70,$0,$0,$0,$1,$6,$104,$-126,$0,$0,$21,$0,$21,$-46,$-150,$-16,$0,$-16,$175,$142,$-77,$-8,$41,$-5,$1,$-77
30,2011-03-31,100.46,$43.30,2.32,$13.99,7.18,$-10.34,0.0,$0.96,104.64,$0.17B,$0.05B,3.13,$2.37B,$1.34B,1.77,$0.42B,$0.27B,64.85%,$0.42B,$0.11B,26.13%,$0.42B,$0.11B,26.13%,$0.42B,$0.21B,50.83%,$0.42B,$0.04B,10.21%,$0.42B,$0.03B,6.65%,$0.03B,$1.37B,2.15%,$0.03B,$1.37B,2.15%,$0.03B,$3.87B,0.78%,$0.11B,$3.74B,3.18%,$112,$39,$73,$0,$5,$81,$31,$-19,$12,$0,$12,$12,$8,$70,$31,$31,32,$0.27,$0.27,$121,$0,$0,$170,$3583,$0,$0,$98,$3697,$3867,$54,$2370,$70,$2441,$2495,$0,$-338,$-78,$1372,$3867,$13,$38,$-3,$36,$0,$0,$0,$-0,$9,$57,$-79,$0,$0,$20,$0,$20,$-25,$-84,$113,$0,$113,$40,$40,$-38,$-4,$111,$84,$0,$-38
31,2010-12-31,91.74,$43.40,2.11,$13.92,6.59,$-9.02,0.0,$1.14,80.48,$0.09B,$0.05B,1.9,$2.26B,$1.33B,1.7,$0.41B,$0.27B,65.12%,$0.41B,$0.11B,26.83%,$0.41B,$0.11B,26.83%,$0.41B,$0.18B,42.68%,$0.41B,$0.05B,11.95%,$0.41B,$0.03B,8.05%,$0.03B,$1.36B,2.58%,$0.03B,$1.36B,2.58%,$0.03B,$3.73B,0.95%,$0.11B,$3.62B,3.33%,$105,$36,$68,$0,$5,$78,$26,$-19,$7,$0,$7,$7,$5,$63,$26,$30,30,$0.16,$0.16,$36,$0,$0,$85,$3514,$0,$0,$117,$3648,$3733,$45,$2259,$70,$2329,$2374,$0,$-313,$-77,$1359,$3733,$51,$126,$-5,$121,$0,$0,$0,$-0,$4,$176,$-486,$0,$0,$52,$0,$52,$-77,$-511,$326,$0,$326,$256,$256,$-148,$-106,$328,$-7,$3,$-148
32,2010-09-30,87.11,$41.53,2.1,$13.71,6.35,$2.08,41.98,$1.22,71.41,$0.09B,$0.06B,1.61,$2.06B,$1.22B,1.69,$0.40B,$0.26B,65.01%,$0.40B,$0.11B,26.30%,$0.40B,$0.11B,26.30%,$0.40B,$0.13B,33.25%,$0.40B,$0.05B,12.16%,$0.40B,$0.04B,8.68%,$0.04B,$1.25B,2.78%,$0.04B,$1.25B,2.78%,$0.04B,$3.50B,1.05%,$0.11B,$3.31B,3.33%,$104,$38,$67,$0,$6,$78,$26,$-16,$10,$0,$10,$10,$6,$54,$26,$30,30,$0.21,$0.21,$36,$0,$0,$92,$3279,$0,$0,$119,$3412,$3504,$57,$2062,$135,$2197,$2254,$0,$-286,$-80,$1249,$3504,$42,$90,$-6,$84,$0,$0,$0,$3,$22,$148,$-142,$0,$-97,$48,$0,$48,$-60,$-252,$127,$0,$127,$120,$120,$-112,$-38,$97,$-6,$2,$-112
33,2010-06-30,76.91,$41.86,1.84,$13.59,5.66,$4.29,17.92,$1.75,43.95,$0.08B,$0.04B,2.0,$1.91B,$1.21B,1.58,$0.40B,$0.26B,65.09%,$0.40B,$0.10B,24.69%,$0.40B,$0.10B,24.69%,$0.40B,$0.10B,24.69%,$0.40B,$0.04B,9.73%,$0.40B,$0.05B,12.72%,$0.05B,$1.24B,4.05%,$0.05B,$1.24B,4.05%,$0.05B,$3.32B,1.55%,$0.10B,$3.14B,3.16%,$100,$35,$65,$0,$6,$73,$27,$-13,$14,$0,$14,$14,$9,$27,$27,$29,29,$0.32,$0.32,$28,$0,$0,$83,$3109,$0,$0,$118,$3241,$3324,$41,$1907,$138,$2046,$2087,$0,$-261,$-69,$1237,$3324,$32,$61,$-7,$54,$0,$0,$0,$0,$3,$89,$-72,$0,$-7,$48,$0,$48,$-92,$-123,$47,$0,$47,$65,$65,$-73,$-18,$21,$-12,$2,$-73
34,2010-03-31,70.23,$43.66,1.61,$14.04,5.0,$5.29,13.29,$1.86,37.76,$0.08B,$0.05B,1.59,$1.89B,$1.24B,1.52,$0.41B,$0.27B,65.68%,$0.41B,$0.11B,26.42%,$0.41B,$0.11B,26.42%,$0.41B,$0.11B,26.42%,$0.41B,$0.04B,10.37%,$0.41B,$0.05B,13.09%,$0.05B,$1.27B,4.18%,$0.05B,$1.27B,4.18%,$0.05B,$3.31B,1.62%,$0.11B,$3.16B,3.43%,$101,$34,$67,$0,$6,$70,$31,$-13,$18,$0,$18,$18,$13,$31,$31,$29,29,$0.45,$0.45,$40,$0,$0,$76,$3082,$0,$0,$136,$3233,$3308,$48,$1888,$102,$1990,$2038,$0,$-240,$-35,$1271,$3308,$0,$0,$0,$0,$0,$0,$0,$0,$0,$53,$-34,$0,$0,$24,$0,$24,$-67,$-77,$40,$0,$40,$18,$18,$-35,$3,$26,$2,$0,$-35
35,2009-12-31,64.55,$44.29,1.46,$14.21,4.54,$5.70,11.33,$2.94,21.96,$0.07B,$0.04B,1.93,$1.85B,$1.25B,1.48,$0.41B,$0.27B,66.26%,$0.41B,$0.11B,26.16%,$0.41B,$0.11B,26.16%,$0.41B,$0.11B,26.16%,$0.41B,$0.05B,11.00%,$0.41B,$0.08B,20.05%,$0.08B,$1.28B,6.58%,$0.08B,$1.28B,6.58%,$0.08B,$3.26B,2.54%,$0.11B,$3.13B,3.47%,$98,$36,$63,$0,$10,$76,$22,$-15,$7,$0,$7,$7,$7,$22,$22,$27,30,$0.18,$0.21,$38,$0,$0,$74,$3009,$0,$0,$156,$3180,$3255,$39,$1847,$91,$1938,$1977,$0,$-223,$-24,$1278,$3255,$54,$120,$5,$124,$0,$0,$0,$-2,$-4,$174,$-154,$0,$0,$-93,$0,$-93,$29,$-219,$93,$0,$93,$179,$87,$-139,$-17,$24,$-21,$3,$-139
36,2009-09-30,60.68,$44.13,1.38,$14.99,4.05,$2.68,22.66,$3.40,17.85,$0.15B,$0.05B,2.77,$1.86B,$1.22B,1.52,$0.42B,$0.28B,66.99%,$0.42B,$0.12B,28.67%,$0.42B,$0.12B,28.67%,$0.42B,$0.12B,28.67%,$0.42B,$0.06B,14.46%,$0.42B,$0.09B,22.41%,$0.09B,$1.25B,7.53%,$0.09B,$1.25B,7.53%,$0.09B,$3.27B,2.90%,$0.12B,$3.11B,3.90%,$102,$36,$66,$0,$6,$83,$19,$-19,$0,$0,$0,$0,$22,$19,$19,$28,30,$0.79,$0.74,$99,$0,$0,$145,$2956,$0,$0,$149,$3120,$3265,$52,$1857,$105,$1962,$2014,$0,$-200,$-39,$1251,$3265,$0,$0,$0,$0,$0,$0,$0,$0,$0,$148,$-75,$0,$0,$-91,$0,$-91,$23,$-144,$103,$0,$103,$140,$50,$-104,$-13,$36,$40,$0,$-104
37,2009-06-30,46.86,$46.73,1.0,$15.67,2.99,$-1.74,0.0,$3.15,14.88,$0.13B,$0.05B,2.59,$1.83B,$1.16B,1.58,$0.42B,$0.28B,67.55%,$0.42B,$0.14B,32.45%,$0.42B,$0.14B,32.45%,$0.42B,$0.14B,32.45%,$0.42B,$0.08B,19.23%,$0.42B,$0.08B,19.71%,$0.08B,$1.27B,6.98%,$0.08B,$1.27B,6.98%,$0.08B,$3.24B,2.58%,$0.14B,$3.10B,4.57%,$104,$34,$70,$0,$6,$69,$35,$-18,$17,$0,$17,$17,$11,$35,$35,$27,27,$0.43,$0.43,$80,$0,$0,$127,$2962,$0,$0,$134,$3112,$3239,$49,$1829,$89,$1918,$1968,$0,$-168,$-32,$1271,$3239,$0,$0,$0,$0,$0,$0,$0,$0,$0,$89,$-47,$0,$0,$-73,$0,$-73,$26,$-95,$76,$0,$76,$56,$24,$-68,$-2,$29,$24,$0,$-68
38,2009-03-31,42.47,$45.41,0.94,$15.84,2.68,$-3.87,0.0,$3.10,13.7,$0.13B,$0.05B,2.56,$1.81B,$1.07B,1.69,$0.41B,$0.28B,67.63%,$0.41B,$0.14B,32.61%,$0.41B,$0.14B,32.61%,$0.41B,$0.14B,32.61%,$0.41B,$0.08B,19.32%,$0.41B,$0.08B,19.32%,$0.08B,$1.18B,7.39%,$0.08B,$1.18B,7.39%,$0.08B,$3.16B,2.55%,$0.14B,$3.00B,4.74%,$105,$33,$72,$0,$6,$74,$31,$-10,$21,$0,$21,$21,$42,$31,$31,$26,29,$1.61,$1.53,$79,$0,$0,$125,$2973,$0,$0,$49,$3037,$3162,$49,$1812,$118,$1930,$1979,$0,$-152,$-59,$1183,$3162,$0,$0,$0,$0,$0,$0,$0,$0,$0,$55,$-25,$0,$0,$-5,$0,$-5,$26,$-4,$59,$0,$59,$-20,$-52,$-35,$-0,$-28,$23,$0,$-35
39,2008-12-31,55.84,$46.67,1.2,$16.20,3.45,$-4.28,0.0,$2.20,25.38,$0.10B,$0.04B,2.68,$1.75B,$1.06B,1.65,$0.41B,$0.28B,67.48%,$0.41B,$0.14B,33.99%,$0.41B,$0.14B,33.99%,$0.41B,$0.14B,33.99%,$0.41B,$0.08B,20.05%,$0.41B,$0.05B,12.96%,$0.05B,$1.23B,5.23%,$0.05B,$1.23B,5.23%,$0.05B,$3.17B,1.71%,$0.14B,$2.99B,5.06%,$104,$34,$70,$0,$8,$70,$34,$-12,$22,$0,$22,$22,$18,$34,$34,$25,25,$0.70,$0.70,$55,$0,$0,$102,$2988,$0,$0,$63,$3062,$3165,$38,$1754,$140,$1895,$1933,$0,$-141,$-75,$1232,$3165,$84,$120,$-15,$105,$0,$0,$0,$-1,$-8,$181,$-241,$0,$0,$-22,$0,$-22,$-21,$-285,$165,$0,$165,$134,$124,$-134,$-20,$136,$32,$4,$-134
40,2008-09-30,84.93,$40.72,2.09,$15.78,5.38,$-7.80,0.0,$3.52,24.13,$0.09B,$0.07B,1.43,$1.73B,$0.85B,2.05,$0.40B,$0.27B,67.51%,$0.40B,$0.13B,33.75%,$0.40B,$0.13B,33.75%,$0.40B,$0.13B,33.75%,$0.40B,$0.08B,20.15%,$0.40B,$0.08B,20.91%,$0.08B,$1.02B,8.84%,$0.08B,$1.02B,8.84%,$0.08B,$3.16B,2.72%,$0.13B,$2.75B,5.06%,$103,$34,$69,$0,$7,$68,$35,$-16,$20,$0,$20,$20,$11,$35,$35,$25,25,$0.45,$0.45,$46,$0,$0,$93,$2973,$0,$0,$82,$3067,$3159,$65,$1730,$69,$2079,$2144,$0,$-122,$-16,$1016,$3159,$0,$0,$0,$0,$0,$0,$0,$0,$0,$143,$-194,$0,$0,$-57,$0,$-57,$6,$-244,$115,$0,$115,$125,$125,$-99,$-16,$124,$23,$0,$-99
41,2008-06-30,75.79,$36.26,2.09,$15.50,4.89,$-13.60,0.0,$3.42,22.16,$0.08B,$0.05B,1.54,$1.77B,$0.73B,2.43,$0.39B,$0.26B,67.69%,$0.39B,$0.13B,34.10%,$0.39B,$0.13B,34.10%,$0.39B,$0.13B,34.10%,$0.39B,$0.07B,18.46%,$0.39B,$0.08B,21.03%,$0.08B,$0.90B,8.84%,$0.08B,$0.90B,8.84%,$0.08B,$3.06B,2.73%,$0.13B,$2.66B,5.09%,$102,$33,$69,$0,$7,$67,$35,$-18,$17,$0,$17,$17,$9,$35,$35,$25,25,$0.35,$0.35,$33,$0,$0,$78,$2951,$0,$0,$24,$2986,$3064,$50,$1765,$69,$2115,$2165,$0,$-108,$-11,$899,$3064,$0,$0,$0,$0,$0,$0,$0,$0,$0,$90,$-104,$0,$0,$-0,$0,$-0,$8,$-96,$108,$0,$108,$-11,$-11,$-65,$-14,$17,$11,$0,$-65
42,2008-03-31,80.35,$36.53,2.2,$15.27,5.26,$-17.04,0.0,$3.43,23.43,$0.07B,$0.07B,1.07,$1.69B,$0.73B,2.3,$0.38B,$0.26B,67.71%,$0.38B,$0.13B,34.11%,$0.38B,$0.13B,34.11%,$0.38B,$0.13B,34.11%,$0.38B,$0.07B,17.19%,$0.38B,$0.08B,21.61%,$0.08B,$0.90B,8.73%,$0.08B,$0.90B,8.73%,$0.08B,$3.00B,2.83%,$0.13B,$2.59B,5.12%,$100,$32,$68,$0,$7,$65,$35,$-12,$23,$0,$23,$23,$15,$35,$35,$25,25,$0.60,$0.59,$23,$0,$0,$71,$2893,$0,$0,$26,$2930,$3001,$66,$1685,$67,$2031,$2097,$0,$-92,$-19,$904,$3001,$0,$0,$0,$0,$0,$0,$0,$0,$0,$47,$-31,$0,$0,$-2,$0,$-2,$7,$-26,$28,$0,$28,$-17,$-17,$-31,$-0,$-21,$0,$0,$-31
43,2007-12-31,68.11,$37.63,1.81,$14.99,4.54,$-15.86,0.0,$4.26,15.99,$0.07B,$0.05B,1.63,$1.66B,$0.77B,2.17,$0.38B,$0.25B,67.47%,$0.38B,$0.13B,34.40%,$0.38B,$0.13B,34.40%,$0.38B,$0.13B,34.40%,$0.38B,$0.06B,15.20%,$0.38B,$0.10B,27.47%,$0.10B,$0.94B,11.21%,$0.10B,$0.94B,11.21%,$0.10B,$2.98B,3.65%,$0.13B,$2.59B,5.21%,$92,$30,$62,$0,$8,$63,$29,$-9,$20,$0,$20,$20,$48,$29,$29,$25,25,$1.88,$1.86,$22,$0,$0,$73,$2873,$0,$0,$22,$2907,$2980,$45,$1658,$60,$1999,$2044,$0,$-83,$-9,$936,$2980,$203,$109,$-133,$-24,$0,$0,$0,$4,$12,$191,$-339,$0,$0,$-2,$0,$-2,$-37,$-378,$188,$0,$188,$176,$176,$-180,$4,$187,$0,$0,$-180
44,2007-09-30,81.37,$38.54,2.11,$14.62,5.56,$-15.24,0.0,$2.87,28.35,$0.06B,$0.06B,1.06,$1.63B,$0.80B,2.03,$0.36B,$0.25B,67.87%,$0.36B,$0.13B,35.46%,$0.36B,$0.13B,35.46%,$0.36B,$0.13B,35.46%,$0.36B,$0.05B,12.47%,$0.36B,$0.07B,19.39%,$0.07B,$0.97B,8.00%,$0.07B,$0.97B,8.00%,$0.07B,$2.95B,2.59%,$0.13B,$2.60B,5.40%,$96,$31,$65,$0,$6,$62,$34,$-22,$12,$0,$12,$12,$10,$34,$34,$25,26,$0.40,$0.39,$22,$0,$0,$58,$2853,$0,$0,$31,$2896,$2954,$55,$1626,$47,$1929,$1984,$0,$-111,$5,$970,$2954,$0,$0,$0,$0,$0,$0,$0,$0,$0,$158,$-357,$0,$0,$-6,$0,$-6,$-23,$-386,$171,$0,$171,$206,$206,$-149,$-0,$228,$1,$0,$-149
45,2007-06-30,79.86,$39.46,2.02,$14.60,5.47,$-11.32,0.0,$2.93,27.25,$0.05B,$0.04B,1.34,$1.46B,$0.82B,1.78,$0.35B,$0.24B,67.51%,$0.35B,$0.13B,35.88%,$0.35B,$0.13B,35.88%,$0.35B,$0.13B,35.88%,$0.35B,$0.04B,12.43%,$0.35B,$0.07B,20.06%,$0.07B,$0.99B,8.69%,$0.07B,$0.99B,8.69%,$0.07B,$2.79B,2.75%,$0.13B,$2.46B,5.63%,$96,$31,$65,$0,$6,$62,$33,$-22,$11,$0,$11,$11,$10,$33,$33,$24,25,$0.40,$0.39,$24,$0,$0,$52,$2691,$0,$0,$38,$2742,$2793,$38,$1464,$47,$1763,$1801,$0,$-98,$14,$992,$2793,$0,$0,$0,$0,$0,$0,$0,$0,$0,$100,$-200,$0,$0,$-4,$0,$-4,$-12,$-216,$30,$0,$30,$215,$215,$-117,$-8,$119,$3,$0,$-117
46,2007-03-31,88.21,$33.13,2.66,$14.44,6.11,$-8.31,0.0,$3.49,25.28,$0.05B,$0.05B,1.13,$1.48B,$0.61B,2.43,$0.34B,$0.23B,67.06%,$0.34B,$0.12B,36.15%,$0.34B,$0.12B,36.15%,$0.34B,$0.12B,36.15%,$0.34B,$0.04B,11.66%,$0.34B,$0.08B,24.20%,$0.08B,$0.78B,11.54%,$0.08B,$0.78B,11.54%,$0.08B,$2.58B,3.37%,$0.12B,$2.25B,5.78%,$91,$30,$61,$0,$6,$58,$33,$-19,$14,$0,$14,$14,$35,$33,$33,$23,24,$1.51,$1.46,$26,$0,$0,$54,$2481,$0,$0,$29,$2523,$2576,$48,$1476,$45,$1751,$1799,$0,$-84,$0,$778,$2576,$0,$0,$0,$0,$0,$0,$0,$0,$0,$60,$-16,$0,$0,$-6,$0,$-6,$-4,$-26,$65,$0,$65,$-6,$-6,$-87,$-0,$-29,$5,$0,$-87
47,2006-12-31,87.42,$32.38,2.7,$14.29,6.12,$-11.17,0.0,$2.46,35.54,$0.04B,$0.04B,1.11,$1.41B,$0.59B,2.4,$0.34B,$0.22B,66.57%,$0.34B,$0.12B,35.52%,$0.34B,$0.12B,35.52%,$0.34B,$0.12B,35.52%,$0.34B,$0.03B,9.85%,$0.34B,$0.06B,17.31%,$0.06B,$0.76B,8.67%,$0.06B,$0.76B,8.67%,$0.06B,$2.49B,2.42%,$0.12B,$2.17B,5.72%,$78,$24,$54,$0,$7,$49,$28,$-20,$8,$0,$8,$8,$15,$28,$28,$23,24,$0.65,$0.62,$24,$0,$0,$43,$2409,$0,$0,$21,$2443,$2486,$39,$1412,$41,$1689,$1728,$0,$-97,$-2,$758,$2486,$63,$86,$3,$89,$0,$0,$0,$2,$8,$160,$-284,$0,$0,$0,$0,$0,$-29,$-313,$57,$0,$57,$53,$194,$-102,$-1,$148,$-5,$0,$-102
