,Date,Stock Price,Book Value per Share,Price to Book Ratio,TTM Sales per Share,Price to Sales Ratio,TTM FCF per Share,Price to FCF Ratio,TTM Net EPS,PE Ratio,Current Assets,Current Liabilities,Current Ratio,Long Term Debt,Shareholder's Equity_x,Debt to Equity Ratio,TTM Revenue_x,TTM Gross Profit,Gross Margin,TTM Revenue_y,TTM Operating Income,Operating Margin,TTM Revenue_x,TTM EBIT,EBIT Margin,TTM Revenue_y,TTM EBITDA,EBITDA Margin,TTM Revenue_x,TTM Pre-Tax Income,Pre-Tax Margin,TTM Revenue_y,TTM Net Income_x,Net Margin,TTM Net Income_y,Shareholder's Equity_y,Return on Equity,TTM Net Income_x,Tangible Equity,Return on Tangible Equity,TTM Net Income_y,Total Assets,Return on Assets,TTM Net Income,LT Investments & Debt,Return on Investment,revenue,cost-goods-sold,gross-profit,research-development-expenses,selling-general-administrative-expenses,operating-expenses,operating-income,total-non-operating-income-expense,pre-tax-income,total-provision-income-taxes,income-after-taxes,income-from-continuous-operations,net-income,ebitda,ebit,basic-shares-outstanding,shares-outstanding,eps-basic-net-earnings-per-share,eps-earnings-per-share-diluted,cash-on-hand,inventory,other-current-assets,total-current-assets,net-property-plant-equipment,long-term-investments,goodwill-intangible-assets-total,other-long-term-assets,total-long-term-assets,total-assets,total-current-liabilities,long-term-debt,other-non-current-liabilities,total-long-term-liabilities,total-liabilities,common-stock-net,retained-earnings-accumulated-deficit,comprehensive-income,total-share-holder-equity,total-liabilities-share-holders-equity,net-income-loss,total-depreciation-amortization-cash-flow,other-non-cash-items,total-non-cash-items,change-in-accounts-receivable,change-in-inventories,change-in-accounts-payable,change-in-assets-liabilities,total-change-in-assets-liabilities,cash-flow-from-operating-activities,net-change-in-property-plant-equipment,net-change-in-intangible-assets,net-acquisitions-divestitures,net-change-in-short-term-investments,net-change-in-long-term-investments,net-change-in-investments-total,investing-activities-other,cash-flow-from-investing-activities,net-long-term-debt,net-current-debt,debt-issuance-retirement-net-total,net-common-equity-issued-repurchased,net-total-equity-issued-repurchased,total-common-preferred-stock-dividends-paid,financial-activities-other,cash-flow-from-financial-activities,net-cash-flow,stock-based-compensation,common-stock-dividends-paid
0,2018-06-30,15.83,$15.17,1.04,$6.59,2.4,$4.97,3.19,$0.51,31.04,$1.34B,$1.49B,0.9,$0.13B,$0.18B,0.73,$0.07B,$0.06B,78.87%,$0.07B,$0.01B,15.49%,$0.07B,0,0.00%,$0.07B,0,0.00%,$0.07B,$0.01B,15.49%,$0.07B,$0.01B,7.04%,$0.01B,$0.18B,2.77%,$0.01B,$0.16B,3.03%,$0.01B,$1.83B,0.28%,$0.01B,$0.31B,3.28%,$19,$4,$14,$0,$11,$15,$3,$0,$3,$1,$3,$3,$3,$0,$0,$11,11,$0.26,$0.26,$38,$0,$0,$1340,$15,$388,$15,$61,$487,$1827,$1490,$131,$27,$159,$1648,$0,$92,$-8,$179,$1827,$3,$4,$8,$11,$-0,$0,$0,$0,$-0,$18,$-0,$0,$0,$0,$5,$5,$-70,$-65,$-43,$83,$40,$2,$2,$-3,$5,$43,$-4,$1,$-3
1,2018-03-31,14.59,$15.12,0.96,$6.43,2.27,$4.63,3.15,$0.41,35.58,$1.33B,$1.48B,0.9,$0.14B,$0.18B,0.79,$0.07B,$0.06B,79.71%,$0.07B,$0.01B,14.49%,$0.07B,0,0.00%,$0.07B,0,0.00%,$0.07B,$0.01B,14.49%,$0.07B,$0.00B,5.80%,$0.00B,$0.18B,2.21%,$0.00B,$0.16B,2.42%,$0.00B,$1.82B,0.22%,$0.01B,$0.32B,2.84%,$18,$4,$14,$0,$11,$15,$3,$0,$3,$1,$2,$2,$2,$0,$0,$11,11,$0.21,$0.21,$35,$0,$0,$1327,$16,$395,$15,$60,$494,$1821,$1481,$139,$23,$163,$1644,$0,$90,$-7,$177,$1821,$1,$3,$6,$9,$-0,$0,$0,$0,$-0,$11,$-0,$0,$0,$0,$0,$0,$-58,$-58,$-35,$104,$69,$1,$1,$-2,$-28,$40,$-7,$1,$-2
2,2017-12-31,15.49,$15.76,0.98,$6.29,2.46,$4.74,3.27,$0.35,44.24,$1.28B,$1.41B,0.91,$0.17B,$0.18B,0.95,$0.07B,$0.05B,80.60%,$0.07B,$0.01B,13.43%,$0.07B,0,0.00%,$0.07B,0,0.00%,$0.07B,$0.01B,13.43%,$0.07B,$0.00B,5.97%,$0.00B,$0.18B,2.20%,$0.00B,$0.17B,2.42%,$0.00B,$1.79B,0.23%,$0.01B,$0.36B,2.45%,$17,$4,$14,$0,$11,$15,$2,$0,$2,$4,$-2,$-2,$-2,$0,$0,$11,11,$-0.15,$-0.15,$42,$0,$0,$1279,$16,$404,$16,$60,$506,$1785,$1412,$174,$16,$190,$1602,$0,$91,$-1,$183,$1785,$-2,$1,$5,$6,$-0,$0,$0,$0,$-0,$6,$0,$0,$0,$0,$-6,$-6,$-41,$-47,$-19,$77,$57,$0,$0,$-1,$-18,$39,$-3,$0,$-1
3,2017-09-30,15.43,$15.76,0.98,$6.23,2.48,$4.67,3.3,$0.68,22.69,$1.28B,$1.41B,0.91,$0.17B,$0.18B,0.95,$0.07B,$0.05B,79.10%,$0.07B,$0.01B,13.43%,$0.07B,0,0.00%,$0.07B,0,0.00%,$0.07B,$0.01B,13.43%,$0.07B,$0.01B,11.94%,$0.01B,$0.18B,4.48%,$0.01B,$0.17B,4.92%,$0.01B,$1.79B,0.45%,$0.01B,$0.36B,2.40%,$17,$3,$14,$0,$11,$15,$3,$0,$3,$1,$2,$2,$2,$0,$0,$11,11,$0.20,$0.20,$42,$0,$0,$1279,$16,$404,$16,$60,$506,$1785,$1412,$174,$16,$190,$1602,$0,$91,$-1,$183,$1785,$7,$5,$5,$10,$-0,$0,$-0,$0,$-0,$19,$-1,$0,$0,$0,$-9,$-9,$-21,$-30,$-56,$8,$-48,$1,$1,$-4,$60,$9,$-2,$1,$-4
4,2017-06-30,14.38,$15.57,0.92,$6.23,2.31,$4.53,3.18,$0.63,22.82,$1.26B,$1.36B,0.92,$0.20B,$0.18B,1.1,$0.07B,$0.05B,79.10%,$0.07B,$0.01B,11.94%,$0.07B,0,0.00%,$0.07B,0,0.00%,$0.07B,$0.01B,11.94%,$0.07B,$0.01B,11.94%,$0.01B,$0.18B,4.53%,$0.01B,$0.17B,4.98%,$0.01B,$1.76B,0.45%,$0.01B,$0.38B,2.06%,$17,$3,$13,$0,$11,$14,$2,$0,$2,$0,$2,$2,$2,$0,$0,$11,11,$0.16,$0.16,$35,$0,$0,$1259,$16,$403,$16,$59,$505,$1764,$1362,$198,$23,$221,$1583,$0,$90,$-2,$181,$1764,$5,$4,$2,$6,$-0,$0,$0,$0,$0,$15,$-0,$0,$0,$0,$-6,$-6,$-9,$-15,$-32,$16,$-16,$1,$1,$-3,$9,$-9,$-10,$1,$-3
5,2017-03-31,14.16,$15.44,0.92,$6.30,2.25,$4.45,3.18,$0.67,21.13,$1.25B,$1.36B,0.92,$0.20B,$0.18B,1.11,$0.07B,$0.05B,80.60%,$0.07B,$0.01B,13.43%,$0.07B,0,0.00%,$0.07B,0,0.00%,$0.07B,$0.01B,13.43%,$0.07B,$0.01B,11.94%,$0.01B,$0.18B,4.55%,$0.01B,$0.16B,5.01%,$0.01B,$1.76B,0.45%,$0.01B,$0.38B,2.26%,$16,$3,$13,$0,$11,$14,$2,$0,$2,$0,$2,$2,$2,$0,$0,$11,11,$0.15,$0.15,$37,$0,$0,$1246,$17,$409,$16,$59,$513,$1759,$1359,$199,$21,$221,$1580,$0,$89,$-2,$179,$1759,$4,$3,$2,$5,$-0,$0,$-0,$0,$-0,$12,$-0,$0,$0,$0,$-13,$-13,$8,$-6,$-31,$-9,$-40,$1,$1,$-2,$28,$-13,$-7,$0,$-2
6,2016-12-31,15.17,$14.95,1.01,$6.45,2.35,$4.06,3.73,$0.72,21.07,$1.27B,$1.37B,0.93,$0.22B,$0.17B,1.26,$0.07B,$0.06B,82.35%,$0.07B,$0.01B,14.71%,$0.07B,0,0.00%,$0.07B,0,0.00%,$0.07B,$0.01B,14.71%,$0.07B,$0.01B,11.76%,$0.01B,$0.17B,4.58%,$0.01B,$0.16B,5.05%,$0.01B,$1.78B,0.45%,$0.01B,$0.39B,2.47%,$17,$3,$13,$0,$11,$14,$2,$0,$2,$0,$2,$2,$2,$0,$0,$10,11,$0.18,$0.18,$41,$0,$0,$1265,$17,$409,$16,$57,$514,$1779,$1368,$216,$24,$239,$1607,$0,$89,$-8,$171,$1779,$2,$1,$1,$2,$-0,$0,$-0,$0,$0,$5,$-0,$0,$0,$0,$-14,$-14,$-6,$-20,$-15,$45,$30,$0,$0,$-1,$-19,$10,$-4,$0,$-1
7,2016-09-30,13.28,$15.48,0.86,$6.38,2.08,$3.86,3.44,$0.73,18.19,$1.26B,$1.34B,0.94,$0.23B,$0.18B,1.31,$0.07B,$0.06B,83.58%,$0.07B,$0.01B,16.42%,$0.07B,0,0.00%,$0.07B,0,0.00%,$0.07B,$0.01B,16.42%,$0.07B,$0.01B,11.94%,$0.01B,$0.18B,4.58%,$0.01B,$0.16B,5.06%,$0.01B,$1.77B,0.45%,$0.01B,$0.41B,2.67%,$17,$3,$14,$0,$12,$15,$2,$0,$2,$0,$2,$2,$2,$0,$0,$10,11,$0.15,$0.14,$45,$0,$0,$1264,$17,$406,$16,$57,$508,$1772,$1344,$231,$21,$252,$1596,$0,$88,$-2,$176,$1772,$8,$5,$3,$8,$-1,$0,$0,$0,$0,$18,$-1,$0,$-16,$0,$25,$25,$-3,$5,$2,$38,$40,$-0,$-0,$-4,$-34,$2,$25,$1,$-4
8,2016-06-30,12.78,$15.59,0.82,$6.23,2.05,$3.98,3.21,$0.81,15.78,$1.26B,$1.32B,0.95,$0.24B,$0.18B,1.36,$0.07B,$0.06B,83.33%,$0.07B,$0.01B,18.18%,$0.07B,0,0.00%,$0.07B,0,0.00%,$0.07B,$0.01B,18.18%,$0.07B,$0.01B,12.12%,$0.01B,$0.18B,4.62%,$0.01B,$0.16B,5.07%,$0.01B,$1.77B,0.46%,$0.01B,$0.42B,2.92%,$17,$3,$14,$0,$11,$14,$3,$0,$3,$1,$2,$2,$2,$0,$0,$10,11,$0.20,$0.20,$27,$0,$0,$1261,$17,$410,$16,$52,$506,$1767,$1323,$241,$26,$267,$1589,$0,$87,$-0,$177,$1767,$6,$3,$2,$5,$-1,$0,$0,$0,$-0,$14,$-1,$0,$-16,$0,$23,$23,$-11,$-5,$12,$62,$73,$-0,$-0,$-3,$-72,$-1,$7,$1,$-3
9,2016-03-31,12.78,$15.36,0.83,$6.08,2.1,$4.02,3.18,$0.84,15.21,$1.26B,$1.34B,0.94,$0.23B,$0.18B,1.32,$0.07B,$0.05B,83.08%,$0.07B,$0.01B,18.46%,$0.07B,0,0.00%,$0.07B,0,0.00%,$0.07B,$0.01B,18.46%,$0.07B,$0.01B,12.31%,$0.01B,$0.18B,4.66%,$0.01B,$0.16B,5.09%,$0.01B,$1.76B,0.48%,$0.01B,$0.41B,2.99%,$17,$3,$15,$0,$11,$15,$3,$0,$3,$1,$2,$2,$2,$0,$0,$10,11,$0.20,$0.20,$25,$0,$0,$1261,$17,$405,$17,$52,$502,$1763,$1336,$231,$22,$252,$1589,$0,$86,$-1,$175,$1763,$4,$2,$2,$4,$-0,$0,$0,$0,$0,$8,$-1,$0,$-16,$0,$26,$26,$-12,$-3,$2,$35,$36,$-0,$-0,$-2,$-35,$-0,$5,$0,$-2
10,2015-12-31,12.87,$15.01,0.86,$5.90,2.18,$4.07,3.16,$0.85,15.15,$1.26B,$1.32B,0.95,$0.25B,$0.17B,1.47,$0.06B,$0.05B,82.54%,$0.06B,$0.01B,19.05%,$0.06B,0,0.00%,$0.06B,0,0.00%,$0.06B,$0.01B,19.05%,$0.06B,$0.01B,12.70%,$0.01B,$0.17B,4.67%,$0.01B,$0.15B,5.07%,$0.01B,$1.76B,0.49%,$0.01B,$0.42B,3.09%,$16,$3,$13,$0,$10,$13,$3,$-0,$3,$1,$2,$2,$2,$0,$0,$10,11,$0.19,$0.19,$27,$0,$0,$1255,$18,$408,$17,$52,$508,$1763,$1324,$249,$20,$269,$1593,$0,$85,$-5,$170,$1763,$2,$1,$1,$2,$-0,$0,$0,$0,$0,$3,$-0,$0,$-16,$0,$18,$18,$-4,$-2,$20,$-7,$13,$-0,$-0,$-1,$-6,$5,$7,$0,$-1
11,2015-09-30,12.11,$15.09,0.8,$5.89,2.06,$4.10,2.95,$0.91,13.31,$1.12B,$1.19B,0.95,$0.23B,$0.17B,1.34,$0.06B,$0.05B,82.54%,$0.06B,$0.01B,19.05%,$0.06B,0,0.00%,$0.06B,0,0.00%,$0.06B,$0.01B,19.05%,$0.06B,$0.01B,14.29%,$0.01B,$0.17B,5.26%,$0.01B,$0.16B,5.67%,$0.01B,$1.61B,0.57%,$0.01B,$0.40B,3.27%,$16,$3,$13,$0,$10,$12,$3,$0,$3,$1,$2,$2,$2,$0,$0,$10,11,$0.22,$0.22,$21,$0,$0,$1123,$17,$393,$12,$51,$484,$1607,$1188,$229,$18,$247,$1435,$0,$84,$-2,$171,$1607,$10,$3,$3,$6,$-0,$0,$0,$0,$0,$19,$-1,$0,$0,$-0,$7,$7,$-46,$-40,$78,$-17,$61,$-3,$-3,$-4,$-37,$17,$-4,$1,$-4
12,2015-06-30,11.94,$15.00,0.8,$5.82,2.05,$3.62,3.3,$0.91,13.12,$1.11B,$1.20B,0.93,$0.21B,$0.17B,1.22,$0.06B,$0.05B,83.87%,$0.06B,$0.01B,19.35%,$0.06B,0,0.00%,$0.06B,0,0.00%,$0.06B,$0.01B,19.35%,$0.06B,$0.01B,14.52%,$0.01B,$0.17B,5.29%,$0.01B,$0.16B,5.71%,$0.01B,$1.60B,0.57%,$0.01B,$0.38B,3.46%,$16,$3,$13,$0,$10,$12,$3,$0,$3,$1,$2,$2,$2,$0,$0,$10,11,$0.24,$0.23,$19,$0,$0,$1112,$17,$396,$12,$51,$487,$1599,$1196,$209,$22,$231,$1427,$0,$82,$-2,$171,$1599,$7,$1,$1,$2,$-0,$0,$0,$0,$0,$14,$-1,$0,$0,$0,$2,$2,$-35,$-33,$58,$13,$70,$-2,$-2,$-3,$-51,$15,$-5,$0,$-3
13,2015-03-31,11.82,$15.09,0.78,$5.82,2.03,$3.29,3.59,$0.92,12.85,$1.10B,$1.21B,0.9,$0.18B,$0.17B,1.04,$0.06B,$0.05B,83.87%,$0.06B,$0.01B,20.97%,$0.06B,0,0.00%,$0.06B,0,0.00%,$0.06B,$0.01B,20.97%,$0.06B,$0.01B,16.13%,$0.01B,$0.17B,5.88%,$0.01B,$0.16B,6.35%,$0.01B,$1.59B,0.64%,$0.01B,$0.35B,3.93%,$15,$3,$13,$0,$9,$12,$3,$0,$3,$1,$2,$2,$2,$0,$0,$10,11,$0.23,$0.23,$18,$0,$0,$1097,$17,$397,$12,$52,$488,$1585,$1214,$180,$18,$198,$1412,$0,$81,$1,$173,$1585,$5,$0,$1,$1,$0,$0,$-0,$0,$0,$9,$-0,$0,$0,$0,$5,$5,$-20,$-16,$29,$2,$31,$-2,$-2,$-2,$-26,$2,$-6,$0,$-2
14,2014-12-31,10.98,$14.81,0.74,$5.57,1.97,$3.15,3.48,$0.85,12.92,$1.08B,$1.22B,0.89,$0.17B,$0.17B,0.98,$0.06B,$0.05B,83.33%,$0.06B,$0.01B,20.00%,$0.06B,0,0.00%,$0.06B,0,0.00%,$0.06B,$0.01B,20.00%,$0.06B,$0.01B,16.67%,$0.01B,$0.17B,5.93%,$0.01B,$0.16B,6.40%,$0.01B,$1.57B,0.66%,$0.01B,$0.34B,3.74%,$16,$3,$13,$0,$9,$12,$3,$0,$3,$1,$3,$3,$3,$0,$0,$11,11,$0.25,$0.25,$22,$0,$0,$1081,$17,$394,$12,$53,$486,$1568,$1217,$165,$16,$181,$1398,$0,$79,$-1,$169,$1568,$3,$0,$0,$0,$0,$0,$0,$0,$0,$4,$-0,$0,$0,$0,$6,$6,$-1,$5,$14,$3,$17,$-2,$-2,$-1,$-24,$-10,$-2,$0,$-1
15,2014-09-30,10.28,$14.44,0.71,$5.36,1.92,$3.13,3.29,$0.78,13.18,$1.08B,$1.24B,0.87,$0.15B,$0.17B,0.9,$0.06B,$0.05B,82.76%,$0.06B,$0.01B,20.69%,$0.06B,0,0.00%,$0.06B,0,0.00%,$0.06B,$0.01B,20.69%,$0.06B,$0.01B,15.52%,$0.01B,$0.17B,5.35%,$0.01B,$0.16B,5.77%,$0.01B,$1.58B,0.61%,$0.01B,$0.32B,3.81%,$15,$3,$13,$0,$9,$12,$3,$0,$3,$1,$2,$2,$2,$0,$0,$11,11,$0.23,$0.23,$24,$0,$0,$1082,$17,$397,$13,$53,$492,$1575,$1242,$151,$14,$166,$1408,$0,$77,$-3,$167,$1575,$9,$2,$4,$6,$-1,$0,$-0,$0,$-1,$14,$-1,$0,$-15,$0,$-15,$-15,$21,$-10,$-8,$85,$77,$-4,$-4,$-3,$-79,$-9,$-4,$1,$-3
16,2014-06-30,10.06,$14.49,0.69,$5.14,1.96,$3.80,2.65,$0.75,13.42,$1.08B,$1.22B,0.88,$0.15B,$0.17B,0.85,$0.06B,$0.05B,80.70%,$0.06B,$0.01B,19.30%,$0.06B,0,0.00%,$0.06B,0,0.00%,$0.06B,$0.01B,19.30%,$0.06B,$0.01B,15.79%,$0.01B,$0.17B,5.36%,$0.01B,$0.16B,5.77%,$0.01B,$1.56B,0.64%,$0.01B,$0.32B,3.55%,$16,$3,$13,$0,$9,$12,$4,$-0,$4,$1,$3,$3,$3,$0,$0,$11,11,$0.24,$0.24,$25,$0,$0,$1075,$17,$388,$13,$55,$484,$1559,$1222,$146,$20,$166,$1388,$0,$76,$0,$171,$1559,$6,$2,$2,$3,$-1,$0,$0,$0,$-0,$11,$-0,$0,$-15,$0,$-4,$-4,$29,$10,$-14,$56,$42,$-1,$-1,$-2,$-62,$-23,$-3,$1,$-2
17,2014-03-31,9.77,$14.11,0.69,$4.93,1.98,$4.48,2.18,$0.67,14.58,$0.95B,$1.04B,0.92,$0.15B,$0.17B,0.87,$0.06B,$0.05B,81.82%,$0.06B,$0.01B,16.36%,$0.06B,0,0.00%,$0.06B,0,0.00%,$0.06B,$0.01B,16.36%,$0.06B,$0.01B,14.55%,$0.01B,$0.17B,4.80%,$0.01B,$0.16B,5.16%,$0.01B,$1.37B,0.59%,$0.01B,$0.31B,2.92%,$13,$3,$11,$0,$8,$11,$2,$-0,$2,$1,$2,$2,$2,$0,$0,$11,11,$0.14,$0.14,$42,$0,$0,$949,$17,$325,$12,$51,$417,$1365,$1036,$146,$16,$161,$1198,$0,$74,$-2,$168,$1365,$4,$1,$2,$3,$0,$0,$-0,$0,$0,$7,$-0,$0,$5,$0,$-1,$-1,$21,$25,$16,$15,$31,$-1,$-1,$-1,$-47,$-18,$14,$0,$-1
18,2013-12-31,10.32,$13.96,0.74,$4.99,2.07,$4.85,2.13,$0.70,14.74,$0.94B,$1.03B,0.91,$0.15B,$0.17B,0.88,$0.06B,$0.05B,80.70%,$0.06B,$0.01B,17.54%,$0.06B,0,0.00%,$0.06B,0,0.00%,$0.06B,$0.01B,17.54%,$0.06B,$0.01B,14.04%,$0.01B,$0.17B,4.78%,$0.01B,$0.16B,5.12%,$0.01B,$1.36B,0.58%,$0.01B,$0.31B,3.21%,$14,$3,$11,$0,$8,$11,$3,$-0,$3,$1,$2,$2,$2,$0,$0,$11,11,$0.18,$0.18,$17,$0,$0,$939,$16,$326,$11,$52,$416,$1355,$1029,$146,$13,$159,$1189,$0,$73,$-3,$167,$1355,$2,$0,$1,$1,$0,$0,$0,$0,$0,$3,$-0,$0,$0,$0,$-3,$-3,$5,$2,$17,$10,$27,$-0,$-0,$-1,$-42,$-17,$-12,$0,$-1
19,2013-09-30,9.26,$13.93,0.66,$5.05,1.83,$5.05,1.83,$0.76,12.19,$0.96B,$1.06B,0.9,$0.13B,$0.17B,0.78,$0.06B,$0.05B,81.36%,$0.06B,$0.01B,18.64%,$0.06B,0,0.00%,$0.06B,0,0.00%,$0.06B,$0.01B,18.64%,$0.06B,$0.01B,15.25%,$0.01B,$0.17B,5.29%,$0.01B,$0.16B,5.67%,$0.01B,$1.37B,0.65%,$0.01B,$0.30B,3.46%,$14,$3,$11,$0,$9,$11,$2,$0,$2,$0,$2,$2,$2,$0,$0,$12,12,$0.19,$0.19,$28,$0,$0,$957,$16,$325,$11,$52,$416,$1372,$1064,$129,$13,$142,$1206,$0,$72,$-1,$166,$1372,$9,$2,$6,$8,$1,$0,$-0,$2,$7,$23,$-1,$0,$0,$-1,$16,$16,$20,$34,$-62,$-20,$-82,$-15,$-15,$-2,$53,$-46,$11,$2,$-2
20,2013-06-30,9.69,$13.51,0.72,$5.21,1.86,$3.53,2.75,$0.39,24.86,$0.97B,$1.04B,0.93,$0.15B,$0.17B,0.88,$0.06B,$0.05B,80.00%,$0.06B,$0.01B,11.67%,$0.06B,0,0.00%,$0.06B,0,0.00%,$0.06B,$0.01B,10.00%,$0.06B,$0.01B,8.33%,$0.01B,$0.17B,2.90%,$0.01B,$0.15B,3.11%,$0.01B,$1.38B,0.36%,$0.01B,$0.31B,2.08%,$14,$3,$12,$0,$9,$12,$2,$0,$2,$1,$2,$2,$2,$0,$0,$11,11,$0.16,$0.16,$22,$0,$0,$965,$16,$323,$12,$50,$414,$1378,$1043,$145,$25,$171,$1213,$0,$70,$-4,$165,$1378,$7,$2,$5,$7,$1,$0,$-0,$2,$3,$19,$-1,$0,$0,$-1,$19,$18,$6,$23,$-46,$-11,$-57,$-11,$-11,$-2,$33,$-38,$5,$2,$-2
21,2013-03-31,9.54,$13.64,0.7,$5.07,1.88,$2.71,3.52,$0.30,31.81,$0.97B,$1.04B,0.93,$0.16B,$0.17B,0.92,$0.06B,$0.04B,75.86%,$0.06B,$0.01B,10.34%,$0.06B,0,0.00%,$0.06B,0,0.00%,$0.06B,$0.01B,8.62%,$0.06B,$0.00B,6.90%,$0.00B,$0.17B,2.33%,$0.00B,$0.16B,2.46%,$0.00B,$1.39B,0.30%,$0.01B,$0.33B,1.68%,$15,$3,$12,$0,$9,$12,$3,$0,$3,$1,$2,$2,$2,$0,$0,$12,12,$0.17,$0.17,$26,$0,$0,$965,$16,$331,$11,$51,$421,$1386,$1037,$158,$19,$177,$1214,$0,$69,$0,$172,$1386,$5,$1,$3,$4,$1,$0,$-0,$0,$1,$12,$-1,$0,$0,$-1,$17,$17,$11,$27,$-33,$-10,$-44,$-7,$-7,$-1,$20,$-32,$8,$1,$-1
22,2012-12-31,9.55,$13.44,0.71,$4.93,1.94,$2.27,4.2,$0.19,50.24,$0.96B,$1.05B,0.92,$0.16B,$0.18B,0.9,$0.06B,$0.04B,72.73%,$0.06B,$0.00B,7.27%,$0.06B,0,0.00%,$0.06B,0,0.00%,$0.06B,$0.00B,5.45%,$0.06B,$0.00B,5.45%,$0.00B,$0.18B,1.77%,$0.00B,$0.17B,1.84%,$0.00B,$1.41B,0.24%,$0.00B,$0.34B,1.05%,$16,$3,$13,$0,$8,$12,$4,$0,$4,$1,$3,$3,$3,$0,$0,$12,12,$0.24,$0.24,$22,$0,$0,$964,$16,$351,$12,$52,$442,$1406,$1052,$159,$16,$176,$1228,$0,$67,$1,$177,$1406,$3,$1,$2,$2,$-1,$0,$-0,$0,$-1,$6,$-0,$0,$0,$-1,$-0,$-1,$9,$8,$-32,$41,$9,$-0,$-0,$-1,$-18,$-10,$4,$1,$-1
23,2012-09-30,9.06,$13.26,0.68,$4.77,1.9,$2.13,4.25,$0.03,302.07,$0.97B,$1.04B,0.93,$0.19B,$0.18B,1.09,$0.05B,$0.04B,67.31%,$0.05B,$0.00B,1.92%,$0.05B,0,0.00%,$0.05B,0,0.00%,$0.05B,0,0.00%,$0.05B,$0.00B,1.92%,$0.00B,$0.18B,0.60%,$0.00B,$0.16B,0.62%,$0.00B,$1.42B,0.08%,$0.00B,$0.37B,0.25%,$15,$4,$11,$0,$13,$17,$-2,$-1,$-3,$-1,$-2,$-2,$-2,$0,$0,$11,11,$-0.19,$-0.19,$17,$0,$0,$967,$16,$351,$12,$61,$452,$1419,$1039,$191,$13,$204,$1243,$0,$65,$2,$175,$1419,$0,$2,$7,$9,$0,$0,$-1,$-1,$-2,$5,$-1,$0,$55,$-1,$24,$23,$-2,$75,$-154,$39,$-115,$-0,$-0,$-2,$11,$-107,$-26,$3,$-2
24,2012-06-30,9.37,$13.55,0.69,$4.62,2.03,$2.58,3.64,$0.37,25.33,$0.76B,$0.70B,1.09,$0.23B,$0.16B,1.43,$0.05B,$0.03B,64.71%,$0.05B,$0.01B,9.80%,$0.05B,0,0.00%,$0.05B,0,0.00%,$0.05B,$0.01B,9.80%,$0.05B,$0.01B,9.80%,$0.01B,$0.16B,3.08%,$0.01B,$0.16B,3.12%,$0.01B,$1.11B,0.45%,$0.01B,$0.40B,1.18%,$12,$4,$8,$0,$7,$11,$1,$-0,$1,$0,$1,$1,$1,$0,$0,$11,11,$0.07,$0.07,$23,$0,$0,$764,$11,$291,$2,$45,$349,$1113,$700,$234,$15,$249,$949,$0,$68,$0,$164,$1113,$2,$1,$5,$6,$0,$0,$0,$0,$1,$10,$-1,$0,$0,$0,$-35,$-35,$-4,$-40,$-50,$7,$-43,$-0,$-0,$-2,$57,$12,$-19,$2,$-2
25,2012-03-31,8.46,$13.38,0.63,$4.68,1.81,$2.35,3.61,$0.41,20.64,$0.77B,$0.69B,1.12,$0.25B,$0.16B,1.56,$0.05B,$0.03B,65.38%,$0.05B,$0.01B,11.54%,$0.05B,0,0.00%,$0.05B,0,0.00%,$0.05B,$0.01B,11.54%,$0.05B,$0.01B,9.62%,$0.01B,$0.16B,3.07%,$0.01B,$0.16B,3.11%,$0.01B,$1.11B,0.45%,$0.01B,$0.42B,1.39%,$12,$4,$8,$0,$7,$11,$1,$-0,$1,$0,$1,$1,$1,$0,$0,$11,11,$0.06,$0.06,$23,$0,$0,$765,$11,$293,$2,$44,$350,$1114,$686,$253,$13,$266,$952,$0,$68,$-1,$162,$1114,$2,$1,$3,$4,$0,$0,$-0,$0,$0,$7,$-0,$0,$0,$0,$-36,$-36,$-4,$-40,$-32,$6,$-26,$0,$0,$-1,$42,$15,$-19,$1,$-1
26,2011-12-31,9.0,$13.34,0.67,$4.67,1.93,$2.19,4.1,$0.45,19.99,$0.77B,$0.65B,1.19,$0.27B,$0.16B,1.69,$0.05B,$0.04B,66.04%,$0.05B,$0.01B,13.21%,$0.05B,0,0.00%,$0.05B,0,0.00%,$0.05B,$0.01B,13.21%,$0.05B,$0.01B,9.43%,$0.01B,$0.16B,3.07%,$0.01B,$0.16B,3.10%,$0.01B,$1.10B,0.46%,$0.01B,$0.44B,1.59%,$13,$4,$8,$0,$7,$11,$1,$0,$1,$0,$1,$1,$1,$0,$0,$11,11,$0.08,$0.08,$29,$0,$0,$771,$11,$271,$2,$42,$326,$1097,$650,$273,$12,$285,$936,$0,$68,$-1,$162,$1097,$1,$1,$2,$2,$0,$0,$0,$0,$1,$4,$-0,$0,$0,$0,$-12,$-12,$-4,$-16,$-11,$6,$-5,$0,$0,$-1,$5,$-1,$-13,$1,$-1
27,2011-09-30,8.99,$13.35,0.67,$4.62,1.95,$2.12,4.24,$0.46,19.54,$0.78B,$0.64B,1.22,$0.28B,$0.16B,1.76,$0.05B,$0.04B,66.04%,$0.05B,$0.01B,13.21%,$0.05B,0,0.00%,$0.05B,0,0.00%,$0.05B,$0.01B,13.21%,$0.05B,$0.01B,9.43%,$0.01B,$0.16B,3.05%,$0.01B,$0.16B,3.07%,$0.01B,$1.10B,0.46%,$0.01B,$0.45B,1.55%,$14,$5,$9,$0,$7,$11,$2,$0,$2,$1,$2,$2,$2,$0,$0,$11,11,$0.16,$0.16,$42,$0,$0,$780,$11,$262,$2,$39,$317,$1097,$642,$284,$9,$294,$936,$0,$67,$1,$162,$1097,$5,$1,$4,$6,$0,$0,$-0,$1,$1,$10,$-0,$0,$0,$0,$23,$23,$-19,$4,$-51,$-11,$-62,$-17,$-17,$-2,$97,$17,$31,$3,$-2
28,2011-06-30,10.57,$13.02,0.81,$4.53,2.34,$1.62,6.51,$0.39,27.11,$0.76B,$0.66B,1.17,$0.27B,$0.17B,1.64,$0.05B,$0.04B,66.04%,$0.05B,$0.01B,13.21%,$0.05B,0,0.00%,$0.05B,0,0.00%,$0.05B,$0.01B,13.21%,$0.05B,$0.00B,7.55%,$0.00B,$0.17B,2.40%,$0.00B,$0.16B,2.41%,$0.00B,$1.10B,0.37%,$0.01B,$0.43B,1.50%,$13,$4,$9,$0,$7,$12,$2,$0,$2,$1,$1,$1,$1,$0,$0,$11,11,$0.11,$0.11,$22,$0,$0,$764,$12,$283,$2,$42,$339,$1103,$655,$270,$13,$283,$938,$0,$66,$-1,$165,$1103,$3,$1,$3,$4,$0,$0,$0,$1,$-0,$7,$-0,$0,$0,$0,$-1,$-1,$-22,$-23,$-66,$-15,$-80,$-11,$-11,$-2,$120,$27,$11,$2,$-2
29,2011-03-31,11.19,$12.68,0.88,$4.45,2.51,$1.18,9.5,$0.37,30.24,$0.76B,$0.63B,1.21,$0.29B,$0.16B,1.76,$0.05B,$0.03B,62.96%,$0.05B,$0.01B,11.11%,$0.05B,0,0.00%,$0.05B,0,0.00%,$0.05B,$0.01B,11.11%,$0.05B,$0.00B,7.41%,$0.00B,$0.16B,2.36%,$0.00B,$0.16B,2.36%,$0.00B,$1.09B,0.37%,$0.01B,$0.45B,1.22%,$13,$5,$9,$0,$7,$12,$2,$0,$2,$0,$1,$1,$1,$0,$0,$12,12,$0.10,$0.10,$20,$0,$0,$764,$12,$281,$0,$37,$330,$1094,$632,$287,$12,$299,$931,$0,$65,$-4,$163,$1094,$2,$1,$2,$3,$0,$0,$-0,$0,$0,$5,$-0,$0,$0,$0,$0,$0,$-18,$-18,$-49,$-15,$-63,$-8,$-8,$-1,$95,$22,$9,$1,$-1
30,2010-12-31,11.16,$12.61,0.89,$4.41,2.53,$0.86,12.95,$0.39,28.62,$0.76B,$0.59B,1.27,$0.31B,$0.17B,1.87,$0.06B,$0.03B,61.82%,$0.06B,$0.01B,10.91%,$0.06B,0,0.00%,$0.06B,0,0.00%,$0.06B,$0.01B,10.91%,$0.06B,$0.01B,9.09%,$0.01B,$0.17B,2.88%,$0.01B,$0.17B,2.88%,$0.01B,$1.08B,0.47%,$0.01B,$0.48B,1.16%,$13,$5,$8,$0,$7,$12,$1,$0,$1,$0,$1,$1,$1,$0,$0,$12,12,$0.09,$0.09,$7,$0,$0,$755,$12,$281,$0,$33,$326,$1081,$593,$311,$11,$322,$915,$0,$65,$-3,$166,$1081,$1,$0,$1,$2,$0,$0,$0,$0,$1,$3,$-0,$0,$0,$0,$1,$1,$-18,$-17,$-25,$-3,$-28,$-4,$-4,$-1,$43,$11,$-4,$1,$-1
31,2010-09-30,9.96,$12.73,0.78,$4.38,2.28,$0.63,15.92,$0.36,27.66,$0.74B,$0.56B,1.34,$0.34B,$0.17B,1.95,$0.06B,$0.04B,62.50%,$0.06B,$0.01B,10.71%,$0.06B,0,0.00%,$0.06B,0,0.00%,$0.06B,$0.01B,10.71%,$0.06B,$0.01B,8.93%,$0.01B,$0.17B,2.82%,$0.01B,$0.17B,2.82%,$0.01B,$1.07B,0.47%,$0.01B,$0.51B,1.11%,$14,$5,$9,$0,$7,$12,$2,$0,$2,$1,$1,$1,$1,$0,$0,$13,13,$0.09,$0.09,$11,$0,$0,$742,$12,$286,$0,$32,$330,$1072,$555,$335,$10,$345,$900,$0,$64,$-1,$172,$1072,$5,$1,$5,$6,$0,$0,$-0,$-1,$-1,$7,$-3,$0,$0,$5,$-41,$-36,$0,$-39,$-55,$-33,$-89,$-17,$-17,$-3,$132,$24,$-8,$3,$-3
32,2010-06-30,10.31,$12.73,0.81,$4.30,2.4,$0.88,11.68,$0.38,27.13,$0.76B,$0.52B,1.47,$0.36B,$0.18B,2.05,$0.06B,$0.04B,62.50%,$0.06B,$0.01B,10.71%,$0.06B,0,0.00%,$0.06B,0,0.00%,$0.06B,$0.01B,10.71%,$0.06B,$0.01B,8.93%,$0.01B,$0.18B,2.76%,$0.01B,$0.18B,2.76%,$0.01B,$1.07B,0.48%,$0.01B,$0.54B,1.08%,$14,$5,$8,$0,$7,$12,$1,$0,$1,$0,$1,$1,$1,$0,$0,$13,13,$0.09,$0.09,$28,$0,$0,$758,$13,$265,$0,$31,$309,$1067,$516,$362,$12,$375,$890,$0,$64,$1,$177,$1067,$3,$0,$5,$5,$0,$0,$0,$-1,$-2,$5,$-3,$0,$0,$3,$-20,$-17,$1,$-19,$-28,$-48,$-76,$-12,$-12,$-2,$112,$21,$7,$2,$-2
33,2010-03-31,10.46,$12.58,0.83,$4.32,2.42,$1.18,8.83,$0.42,24.9,$0.76B,$0.50B,1.52,$0.37B,$0.18B,2.07,$0.06B,$0.04B,63.16%,$0.06B,$0.01B,14.04%,$0.06B,0,0.00%,$0.06B,0,0.00%,$0.06B,$0.01B,14.04%,$0.06B,$0.01B,10.53%,$0.01B,$0.18B,3.28%,$0.01B,$0.18B,3.28%,$0.01B,$1.06B,0.57%,$0.01B,$0.55B,1.42%,$14,$5,$9,$0,$7,$12,$2,$0,$2,$1,$2,$2,$2,$0,$0,$13,13,$0.12,$0.12,$28,$0,$0,$757,$12,$259,$0,$31,$302,$1059,$498,$371,$11,$382,$880,$0,$63,$-0,$179,$1059,$2,$0,$4,$4,$0,$0,$-0,$-2,$-2,$3,$-2,$0,$0,$3,$-15,$-12,$3,$-11,$-20,$-33,$-53,$-8,$-8,$-1,$77,$15,$7,$1,$-1
34,2009-12-31,9.72,$12.49,0.78,$4.26,2.28,$1.44,6.75,$0.41,23.71,$0.75B,$0.46B,1.63,$0.38B,$0.18B,2.09,$0.06B,$0.04B,60.34%,$0.06B,$0.01B,13.79%,$0.06B,0,0.00%,$0.06B,0,0.00%,$0.06B,$0.01B,13.79%,$0.06B,$0.01B,10.34%,$0.01B,$0.18B,3.23%,$0.01B,$0.18B,3.23%,$0.01B,$1.03B,0.57%,$0.01B,$0.56B,1.40%,$14,$5,$9,$0,$8,$13,$1,$0,$1,$0,$1,$1,$1,$0,$0,$13,13,$0.06,$0.06,$22,$0,$0,$752,$11,$241,$0,$30,$282,$1034,$461,$381,$10,$391,$852,$0,$62,$0,$182,$1034,$1,$0,$3,$3,$0,$0,$0,$-2,$-2,$1,$-1,$0,$0,$2,$3,$4,$3,$6,$-10,$13,$3,$-4,$-4,$-1,$-7,$-8,$-1,$1,$-1
35,2009-09-30,10.93,$12.47,0.88,$4.18,2.61,$1.57,6.97,$0.48,22.77,$0.76B,$0.46B,1.66,$0.39B,$0.19B,2.11,$0.06B,$0.03B,57.63%,$0.06B,$0.01B,15.25%,$0.06B,0,0.00%,$0.06B,0,0.00%,$0.06B,$0.01B,15.25%,$0.06B,$0.01B,11.86%,$0.01B,$0.19B,3.71%,$0.01B,$0.19B,3.71%,$0.01B,$1.04B,0.67%,$0.01B,$0.58B,1.56%,$14,$6,$9,$0,$7,$12,$2,$0,$2,$1,$1,$1,$1,$0,$0,$14,14,$0.10,$0.10,$24,$0,$0,$758,$11,$245,$0,$29,$285,$1042,$457,$391,$9,$400,$857,$0,$62,$1,$186,$1042,$7,$-0,$4,$4,$-0,$0,$0,$-0,$0,$10,$-1,$0,$0,$-1,$-6,$-7,$-30,$-39,$17,$9,$26,$-26,$-26,$-2,$38,$35,$6,$3,$-2
36,2009-06-30,11.27,$12.35,0.91,$4.01,2.81,$1.58,7.13,$0.42,26.83,$0.75B,$0.47B,1.6,$0.39B,$0.19B,2.09,$0.06B,$0.03B,55.93%,$0.06B,$0.01B,13.56%,$0.06B,0,0.00%,$0.06B,0,0.00%,$0.06B,$0.01B,13.56%,$0.06B,$0.01B,11.86%,$0.01B,$0.19B,3.64%,$0.01B,$0.19B,3.64%,$0.01B,$1.05B,0.68%,$0.01B,$0.57B,1.39%,$15,$6,$9,$0,$7,$12,$3,$0,$3,$1,$2,$2,$2,$0,$0,$13,13,$0.13,$0.13,$14,$0,$0,$751,$11,$263,$0,$29,$302,$1053,$469,$387,$12,$398,$868,$0,$62,$0,$185,$1053,$5,$-0,$3,$3,$-0,$0,$0,$0,$-1,$7,$-1,$0,$0,$1,$-26,$-25,$-33,$-60,$13,$29,$42,$-24,$-24,$-2,$35,$51,$-2,$2,$-2
37,2009-03-31,10.94,$12.24,0.89,$3.80,2.88,$1.62,6.76,$0.41,26.68,$0.77B,$0.46B,1.67,$0.39B,$0.19B,2.05,$0.06B,$0.03B,54.24%,$0.06B,$0.01B,13.56%,$0.06B,0,0.00%,$0.06B,0,0.00%,$0.06B,$0.01B,13.56%,$0.06B,$0.01B,11.86%,$0.01B,$0.19B,3.54%,$0.01B,$0.19B,3.54%,$0.01B,$1.05B,0.69%,$0.01B,$0.58B,1.40%,$15,$6,$8,$0,$6,$12,$2,$0,$2,$1,$2,$2,$2,$0,$0,$14,14,$0.11,$0.11,$22,$0,$0,$768,$10,$244,$0,$28,$283,$1051,$461,$389,$11,$400,$861,$0,$60,$-0,$190,$1051,$3,$-0,$2,$2,$0,$0,$0,$0,$0,$5,$-0,$0,$0,$-1,$-5,$-6,$-44,$-51,$16,$22,$38,$-17,$-17,$-1,$31,$50,$5,$1,$-1
38,2008-12-31,11.57,$12.05,0.96,$3.67,3.15,$1.51,7.66,$0.41,28.23,$0.75B,$0.45B,1.67,$0.38B,$0.19B,1.96,$0.06B,$0.03B,55.17%,$0.06B,$0.01B,13.79%,$0.06B,0,0.00%,$0.06B,0,0.00%,$0.06B,$0.01B,13.79%,$0.06B,$0.01B,12.07%,$0.01B,$0.19B,3.45%,$0.01B,$0.19B,3.45%,$0.01B,$1.03B,0.70%,$0.01B,$0.58B,1.41%,$15,$6,$8,$0,$6,$12,$2,$0,$2,$0,$2,$2,$2,$0,$0,$15,15,$0.13,$0.13,$26,$0,$0,$745,$11,$251,$0,$26,$288,$1033,$447,$381,$10,$392,$839,$0,$59,$-2,$194,$1033,$2,$-0,$1,$1,$0,$0,$-0,$0,$0,$3,$-0,$0,$0,$-3,$-15,$-18,$-14,$-32,$8,$34,$42,$-10,$-10,$-1,$5,$36,$7,$1,$-1
39,2008-09-30,11.35,$11.93,0.95,$3.59,3.16,$1.50,7.54,$0.39,29.11,$0.72B,$0.41B,1.76,$0.37B,$0.20B,1.87,$0.06B,$0.03B,56.14%,$0.06B,$0.01B,14.04%,$0.06B,0,0.00%,$0.06B,0,0.00%,$0.06B,$0.01B,14.04%,$0.06B,$0.01B,12.28%,$0.01B,$0.20B,3.40%,$0.01B,$0.20B,3.40%,$0.01B,$0.99B,0.72%,$0.01B,$0.57B,1.45%,$14,$6,$8,$0,$6,$12,$1,$0,$1,$1,$1,$1,$1,$0,$0,$16,16,$0.04,$0.04,$16,$0,$0,$723,$11,$235,$0,$24,$270,$993,$410,$373,$10,$383,$793,$0,$58,$-3,$200,$993,$6,$-0,$3,$3,$0,$0,$-0,$-0,$1,$11,$-1,$0,$0,$-4,$3,$-1,$-88,$-89,$94,$5,$99,$-9,$-9,$-1,$-14,$75,$-4,$1,$-1
40,2008-06-30,10.2,$12.38,0.82,$3.62,2.82,$1.10,9.28,$0.45,22.66,$0.71B,$0.42B,1.71,$0.35B,$0.21B,1.68,$0.06B,$0.03B,56.14%,$0.06B,$0.01B,17.54%,$0.06B,0,0.00%,$0.06B,0,0.00%,$0.06B,$0.01B,17.54%,$0.06B,$0.01B,14.04%,$0.01B,$0.21B,3.86%,$0.01B,$0.21B,3.86%,$0.01B,$0.99B,0.84%,$0.01B,$0.56B,1.89%,$15,$6,$8,$0,$5,$12,$3,$0,$3,$1,$2,$2,$2,$0,$0,$16,16,$0.13,$0.12,$24,$0,$0,$710,$11,$240,$0,$23,$275,$985,$415,$349,$13,$362,$777,$0,$58,$-2,$208,$985,$5,$-0,$2,$1,$0,$0,$-0,$0,$1,$8,$-1,$0,$0,$-4,$-1,$-5,$-67,$-72,$69,$10,$79,$-2,$-2,$-1,$-9,$67,$3,$1,$-1
41,2008-03-31,9.54,$12.33,0.77,$3.58,2.66,$0.14,69.93,$0.33,28.9,$0.68B,$0.40B,1.71,$0.35B,$0.21B,1.67,$0.06B,$0.03B,57.14%,$0.06B,$-0.00B,-5.36%,$0.06B,0,0.00%,$0.06B,0,0.00%,$0.06B,$-0.00B,-5.36%,$0.06B,$-0.00B,-5.36%,$-0.00B,$0.21B,-1.45%,$-0.00B,$0.21B,-1.45%,$-0.00B,$0.97B,-0.32%,$-0.00B,$0.56B,-0.60%,$14,$7,$8,$0,$5,$12,$2,$0,$2,$1,$2,$2,$2,$0,$0,$16,16,$0.11,$0.11,$23,$0,$0,$684,$11,$250,$0,$23,$284,$968,$400,$349,$9,$358,$758,$0,$57,$-1,$209,$968,$3,$-0,$1,$1,$0,$0,$-0,$0,$0,$4,$-1,$0,$0,$-4,$-10,$-14,$-41,$-55,$69,$-4,$66,$0,$0,$0,$-13,$53,$2,$0,$0
