,Date,Stock Price,Book Value per Share,Price to Book Ratio,TTM Sales per Share,Price to Sales Ratio,TTM FCF per Share,Price to FCF Ratio,TTM Net EPS,PE Ratio,Current Assets,Current Liabilities,Current Ratio,Long Term Debt,Shareholder's Equity_x,Debt to Equity Ratio,TTM Revenue_x,TTM Gross Profit,Gross Margin,TTM Revenue_y,TTM Operating Income,Operating Margin,TTM Revenue_x,TTM EBIT,EBIT Margin,TTM Revenue_y,TTM EBITDA,EBITDA Margin,TTM Revenue_x,TTM Pre-Tax Income,Pre-Tax Margin,TTM Revenue_y,TTM Net Income_x,Net Margin,TTM Net Income_y,Shareholder's Equity_y,Return on Equity,TTM Net Income_x,Tangible Equity,Return on Tangible Equity,TTM Net Income_y,Total Assets,Return on Assets,TTM Net Income,LT Investments & Debt,Return on Investment,revenue,cost-goods-sold,gross-profit,research-development-expenses,selling-general-administrative-expenses,operating-expenses,operating-income,total-non-operating-income-expense,pre-tax-income,total-provision-income-taxes,income-after-taxes,income-from-continuous-operations,net-income,ebitda,ebit,basic-shares-outstanding,shares-outstanding,eps-basic-net-earnings-per-share,eps-earnings-per-share-diluted,cash-on-hand,inventory,other-current-assets,total-current-assets,net-property-plant-equipment,long-term-investments,goodwill-intangible-assets-total,other-long-term-assets,total-long-term-assets,total-assets,total-current-liabilities,long-term-debt,other-non-current-liabilities,total-long-term-liabilities,total-liabilities,common-stock-net,retained-earnings-accumulated-deficit,comprehensive-income,total-share-holder-equity,total-liabilities-share-holders-equity,net-income-loss,total-depreciation-amortization-cash-flow,other-non-cash-items,total-non-cash-items,change-in-accounts-receivable,change-in-inventories,change-in-accounts-payable,change-in-assets-liabilities,total-change-in-assets-liabilities,cash-flow-from-operating-activities,net-change-in-property-plant-equipment,net-change-in-intangible-assets,net-acquisitions-divestitures,net-change-in-short-term-investments,net-change-in-long-term-investments,net-change-in-investments-total,investing-activities-other,cash-flow-from-investing-activities,net-long-term-debt,net-current-debt,debt-issuance-retirement-net-total,net-common-equity-issued-repurchased,net-total-equity-issued-repurchased,total-common-preferred-stock-dividends-paid,financial-activities-other,cash-flow-from-financial-activities,net-cash-flow,stock-based-compensation,common-stock-dividends-paid
0,2018-09-30,86.73,$38.74,2.24,$48.50,1.79,$9.82,8.83,$4.87,17.81,$7.87B,$5.27B,1.49,$6.74B,$0.04B,192.49,$21.36B,$6.99B,32.71%,$21.36B,$2.55B,11.96%,$21.36B,$2.55B,11.96%,$21.36B,$3.46B,16.21%,$21.36B,$2.33B,10.92%,$21.36B,$2.15B,10.05%,$2.15B,$16.79B,12.62%,$2.15B,$-1.55B,-133.35%,$2.15B,$31.63B,6.67%,$2.55B,$23.53B,10.69%,$5412,$3597,$1815,$138,$889,$4899,$513,$-74,$439,$23,$416,$416,$416,$736,$513,$434,436,$0.96,$0.95,$505,$2835,$0,$7867,$3446,$0,$18334,$1740,$23761,$31628,$5267,$6737,$984,$9572,$14839,$0,$0,$0,$16789,$31628,$1514,$680,$-114,$566,$0,$0,$0,$62,$62,$1838,$-411,$0,$0,$329,$0,$329,$-174,$-256,$-406,$0,$-406,$-572,$-572,$-864,$-26,$-1868,$-234,$0,$-864
1,2018-06-30,74.14,$38.60,1.92,$47.80,1.55,$9.77,7.59,$7.06,10.5,$7.91B,$5.39B,1.47,$6.75B,$0.04B,192.94,$21.16B,$6.92B,32.69%,$21.16B,$2.74B,12.93%,$21.16B,$2.74B,12.93%,$21.16B,$3.66B,17.27%,$21.16B,$3.59B,16.95%,$21.16B,$3.13B,14.80%,$3.13B,$16.73B,18.44%,$3.13B,$-1.75B,-175.00%,$3.13B,$31.87B,9.65%,$2.74B,$23.48B,11.41%,$5487,$3671,$1816,$145,$901,$4717,$770,$-76,$694,$83,$611,$611,$610,$997,$770,$435,437,$1.40,$1.39,$492,$2753,$0,$7913,$3462,$0,$18477,$1717,$23952,$31865,$5387,$6753,$986,$9753,$15140,$0,$0,$0,$16725,$31865,$1098,$457,$-39,$418,$0,$0,$0,$-482,$-482,$838,$-280,$0,$0,$284,$0,$284,$-41,$-37,$14,$0,$14,$-579,$-579,$-578,$-25,$-1168,$-305,$0,$-578
2,2018-03-31,78.56,$39.56,1.99,$46.70,1.68,$10.26,7.66,$6.82,11.52,$8.13B,$5.40B,1.51,$6.85B,$0.04B,180.13,$20.81B,$6.79B,32.61%,$20.81B,$2.61B,12.54%,$20.81B,$2.61B,12.54%,$20.81B,$3.53B,16.96%,$20.81B,$3.47B,16.66%,$20.81B,$3.04B,14.61%,$3.04B,$17.30B,18.19%,$3.04B,$-1.60B,-139.68%,$3.04B,$32.67B,9.40%,$2.61B,$24.15B,11.06%,$5251,$3573,$1678,$156,$889,$4618,$633,$-68,$565,$78,$487,$487,$488,$863,$633,$439,442,$1.11,$1.10,$827,$2745,$0,$8129,$3543,$0,$18904,$1736,$24539,$32668,$5396,$6845,$985,$9971,$15367,$0,$0,$0,$17301,$32668,$487,$230,$26,$256,$0,$0,$0,$-459,$-459,$339,$-131,$0,$0,$31,$0,$31,$-37,$-137,$146,$0,$146,$-281,$-281,$-284,$-24,$-443,$-244,$0,$-284
3,2017-12-31,77.06,$39.30,1.96,$45.56,1.69,$10.56,7.3,$6.68,11.54,$8.34B,$5.08B,1.64,$7.17B,$0.04B,193.7,$20.40B,$6.65B,32.58%,$20.40B,$2.50B,12.25%,$20.40B,$2.50B,12.25%,$20.40B,$3.41B,16.73%,$20.40B,$3.37B,16.51%,$20.40B,$2.99B,14.63%,$2.99B,$17.29B,18.45%,$2.99B,$-1.54B,-112.24%,$2.99B,$32.62B,9.38%,$2.50B,$24.46B,10.85%,$5213,$3535,$1678,$144,$896,$4575,$638,$-3,$635,$1,$634,$634,$634,$867,$638,$445,447,$1.42,$1.43,$1095,$2620,$0,$8337,$3502,$0,$18833,$1698,$24286,$32623,$5075,$7167,$965,$10258,$15333,$0,$0,$0,$17290,$32623,$2986,$914,$-861,$53,$-231,$-202,$388,$-201,$-191,$2666,$-520,$0,$607,$-298,$0,$-298,$-6,$-217,$-554,$0,$-554,$-784,$-784,$-1068,$-36,$-2442,$18,$0,$-1068
4,2017-09-30,74.33,$37.76,1.97,$44.56,1.67,$10.30,7.22,$6.37,11.67,$8.45B,$5.90B,1.43,$7.27B,$0.04B,169.14,$20.06B,$6.51B,32.45%,$20.06B,$2.39B,11.93%,$20.06B,$2.39B,11.93%,$20.06B,$3.31B,16.48%,$20.06B,$3.28B,16.37%,$20.06B,$2.85B,14.20%,$2.85B,$16.64B,18.25%,$2.85B,$-2.26B,-88.95%,$2.85B,$32.73B,9.10%,$2.39B,$23.91B,10.71%,$5211,$3466,$1745,$147,$902,$4515,$696,$998,$1694,$293,$1401,$1401,$1401,$928,$696,$443,445,$3.16,$3.14,$1634,$2457,$0,$8449,$3486,$0,$18899,$1627,$24276,$32725,$5900,$7273,$895,$10189,$16089,$0,$0,$0,$16636,$32725,$2352,$685,$-874,$-189,$0,$0,$0,$-152,$-152,$1787,$-351,$0,$600,$-621,$0,$-621,$-63,$-435,$447,$0,$447,$-730,$-730,$-803,$-29,$-1115,$248,$0,$-803
5,2017-06-30,74.73,$35.06,2.13,$43.80,1.71,$10.55,7.08,$4.38,17.06,$7.49B,$6.31B,1.19,$6.26B,$0.04B,149.14,$19.83B,$6.38B,32.17%,$19.83B,$2.31B,11.66%,$19.83B,$2.31B,11.66%,$19.83B,$3.23B,16.28%,$19.83B,$2.16B,10.90%,$19.83B,$1.97B,9.94%,$1.97B,$15.59B,12.87%,$1.97B,$-3.29B,-55.42%,$1.97B,$31.36B,6.37%,$2.31B,$21.86B,10.42%,$5132,$3448,$1684,$150,$891,$4489,$643,$-71,$572,$55,$517,$517,$516,$871,$643,$446,449,$1.16,$1.15,$837,$2393,$0,$7487,$3530,$0,$18888,$1007,$23868,$31355,$6309,$6264,$930,$9452,$15761,$0,$0,$0,$15594,$31355,$951,$453,$-12,$441,$0,$0,$0,$-381,$-381,$1037,$-246,$0,$0,$-309,$0,$-309,$-31,$-586,$289,$0,$289,$-416,$-416,$-537,$-25,$-689,$-231,$0,$-537
6,2017-03-31,70.65,$33.98,2.08,$43.44,1.63,$10.73,6.59,$4.30,16.43,$6.98B,$5.56B,1.26,$6.68B,$0.04B,158.98,$19.78B,$6.36B,32.14%,$19.78B,$2.29B,11.55%,$19.78B,$2.29B,11.55%,$19.78B,$3.21B,16.21%,$19.78B,$2.14B,10.83%,$19.78B,$1.95B,9.84%,$1.95B,$15.20B,12.76%,$1.95B,$-3.54B,-52.55%,$1.95B,$30.61B,6.30%,$2.29B,$21.88B,10.17%,$4848,$3307,$1541,$143,$876,$4326,$522,$-55,$467,$33,$434,$434,$434,$747,$522,$449,451,$0.97,$0.96,$523,$2344,$0,$6975,$3481,$0,$18737,$979,$23636,$30611,$5557,$6677,$940,$9855,$15412,$0,$0,$0,$15199,$30611,$434,$225,$8,$233,$0,$0,$0,$-166,$-166,$463,$-116,$0,$0,$-93,$0,$-93,$-20,$-229,$-60,$0,$-60,$-217,$-217,$-263,$-23,$-563,$-321,$0,$-263
7,2016-12-31,63.39,$33.37,1.9,$43.16,1.47,$10.56,6.0,$4.22,15.02,$7.03B,$5.49B,1.28,$6.71B,$15.00B,0.45,$19.75B,$6.34B,32.10%,$19.75B,$2.24B,11.36%,$19.75B,$2.24B,11.36%,$19.75B,$3.17B,16.07%,$19.75B,$2.12B,10.73%,$19.75B,$1.92B,9.70%,$1.92B,$15.00B,12.49%,$1.92B,$-3.72B,-50.27%,$1.92B,$30.48B,6.16%,$2.24B,$21.71B,9.85%,$4867,$3328,$1539,$145,$863,$4336,$531,$19,$550,$48,$502,$502,$498,$760,$531,$455,457,$1.10,$1.10,$746,$2346,$0,$7033,$3443,$0,$18715,$960,$23443,$30476,$5485,$6711,$934,$9993,$15478,$5,$7555,$-4448,$14998,$30476,$1919,$929,$122,$1051,$-170,$34,$0,$-65,$-151,$2570,$-497,$0,$1,$-40,$0,$-40,$7,$-529,$-22,$0,$-22,$-656,$-656,$-1037,$-23,$-1738,$275,$0,$-1037
8,2016-09-30,61.5,$34.20,1.8,$43.32,1.42,$10.09,6.09,$4.25,14.47,$7.09B,$4.60B,1.54,$7.88B,$0.04B,187.64,$19.94B,$6.42B,32.19%,$19.94B,$2.31B,11.56%,$19.94B,$2.31B,11.56%,$19.94B,$3.24B,16.24%,$19.94B,$2.11B,10.59%,$19.94B,$1.94B,9.75%,$1.94B,$15.45B,12.62%,$1.94B,$-3.68B,-49.21%,$1.94B,$31.24B,6.22%,$2.31B,$23.33B,9.98%,$4987,$3371,$1616,$146,$853,$4370,$617,$-44,$573,$51,$522,$522,$523,$850,$617,$454,456,$1.15,$1.15,$707,$2328,$0,$7087,$3506,$0,$19123,$1109,$24150,$31237,$4595,$7881,$988,$11196,$15791,$0,$0,$0,$15446,$31237,$1417,$700,$46,$746,$0,$0,$0,$-206,$-206,$1932,$-346,$0,$1,$-29,$0,$-29,$3,$-371,$-33,$0,$-33,$-507,$-507,$-780,$-23,$-1343,$226,$0,$-780
9,2016-06-30,55.41,$33.79,1.64,$43.53,1.27,$9.32,5.95,$4.06,13.65,$6.83B,$4.82B,1.42,$7.61B,$0.04B,172.84,$20.15B,$6.41B,31.79%,$20.15B,$2.23B,11.07%,$20.15B,$2.23B,11.07%,$20.15B,$3.16B,15.69%,$20.15B,$2.03B,10.05%,$20.15B,$1.87B,9.26%,$1.87B,$15.36B,12.12%,$1.87B,$-3.88B,-45.56%,$1.87B,$31.15B,5.93%,$2.23B,$22.97B,9.67%,$5080,$3419,$1661,$149,$897,$4465,$615,$-62,$553,$61,$492,$492,$491,$849,$615,$457,458,$1.08,$1.07,$469,$2323,$0,$6826,$3551,$0,$19245,$1119,$24328,$31154,$4816,$7605,$1017,$10974,$15790,$0,$0,$0,$15364,$31154,$895,$467,$24,$491,$0,$0,$0,$-256,$-256,$1133,$-246,$0,$1,$38,$0,$38,$3,$-204,$-89,$0,$-89,$-258,$-258,$-521,$-14,$-882,$55,$0,$-521
10,2016-03-31,57.5,$33.98,1.69,$43.90,1.31,$8.25,6.97,$4.13,13.92,$7.01B,$5.02B,1.4,$7.57B,$0.04B,172.09,$20.45B,$6.44B,31.51%,$20.45B,$2.25B,11.02%,$20.45B,$2.25B,11.02%,$20.45B,$3.19B,15.58%,$20.45B,$2.07B,10.12%,$20.45B,$1.91B,9.34%,$1.91B,$15.56B,12.32%,$1.91B,$-3.97B,-45.81%,$1.91B,$31.58B,6.00%,$2.25B,$23.14B,9.70%,$4813,$3291,$1522,$149,$892,$4332,$481,$-39,$442,$39,$403,$403,$404,$714,$481,$459,460,$0.88,$0.88,$573,$2391,$0,$7013,$3583,$0,$19535,$1072,$24570,$31583,$5022,$7572,$1008,$10998,$16020,$0,$0,$0,$15563,$31583,$403,$233,$35,$268,$0,$0,$0,$-296,$-296,$388,$-111,$0,$1,$-53,$0,$-53,$4,$-159,$177,$0,$177,$-83,$-83,$-256,$-15,$-177,$65,$0,$-256
11,2015-12-31,47.36,$33.20,1.43,$44.54,1.06,$7.59,6.24,$4.24,11.17,$6.62B,$4.63B,1.43,$7.75B,$15.23B,0.51,$20.86B,$6.55B,31.41%,$20.86B,$2.33B,11.17%,$20.86B,$2.33B,11.17%,$20.86B,$3.26B,15.61%,$20.86B,$2.13B,10.23%,$20.86B,$1.97B,9.46%,$1.97B,$15.23B,12.78%,$1.97B,$-4.26B,-45.58%,$1.97B,$31.00B,6.14%,$2.33B,$22.98B,10.03%,$5057,$3439,$1618,$153,$873,$4465,$592,$-49,$543,$16,$527,$527,$525,$825,$592,$466,467,$1.13,$1.13,$445,$2323,$0,$6616,$3565,$0,$19493,$960,$24380,$30996,$4625,$7746,$978,$11140,$15765,$5,$7346,$-3863,$15231,$30996,$1974,$925,$187,$1112,$5,$-8,$-120,$-31,$-191,$2409,$-506,$0,$-71,$37,$0,$37,$-35,$-575,$-602,$0,$-602,$-630,$-630,$-1026,$-47,$-2305,$-513,$0,$-1026
12,2015-09-30,46.24,$33.30,1.39,$45.39,1.02,$6.13,7.54,$4.32,10.7,$7.58B,$5.10B,1.49,$7.83B,$0.05B,166.6,$21.36B,$6.65B,31.13%,$21.36B,$2.40B,11.23%,$21.36B,$2.40B,11.23%,$21.36B,$3.33B,15.59%,$21.36B,$2.20B,10.29%,$21.36B,$2.03B,9.49%,$2.03B,$15.41B,13.02%,$2.03B,$-4.27B,-45.95%,$2.03B,$32.20B,6.19%,$2.40B,$23.24B,10.23%,$5203,$3597,$1606,$156,$907,$4660,$543,$-56,$487,$42,$445,$445,$446,$775,$543,$465,466,$0.96,$0.96,$568,$2395,$0,$7579,$3590,$0,$19679,$1107,$24622,$32201,$5100,$7830,$997,$11688,$16788,$0,$0,$0,$15413,$32201,$1447,$692,$119,$811,$0,$0,$0,$-184,$-184,$1629,$-368,$0,$-37,$76,$0,$76,$-44,$-373,$-404,$0,$-404,$-406,$-406,$-771,$-8,$-1589,$-363,$0,$-771
13,2015-06-30,60.3,$33.80,1.78,$46.24,1.3,$4.59,13.13,$4.62,13.05,$7.64B,$5.06B,1.51,$7.77B,$0.05B,155.4,$21.89B,$6.86B,31.33%,$21.89B,$2.54B,11.62%,$21.89B,$2.54B,11.62%,$21.89B,$3.49B,15.94%,$21.89B,$2.35B,10.75%,$21.89B,$2.18B,9.98%,$2.18B,$15.80B,13.75%,$2.18B,$-4.18B,-49.72%,$2.18B,$32.58B,6.57%,$2.54B,$23.57B,10.63%,$5372,$3675,$1697,$158,$901,$4734,$638,$-40,$598,$63,$535,$535,$535,$872,$638,$468,469,$1.14,$1.14,$430,$2439,$0,$7644,$3680,$0,$19980,$1025,$24935,$32579,$5056,$7770,$1015,$11720,$16776,$0,$0,$0,$15803,$32579,$1002,$460,$113,$573,$0,$0,$0,$-506,$-506,$656,$-246,$0,$-37,$109,$0,$109,$-33,$-207,$-267,$0,$-267,$-124,$-124,$-514,$-7,$-912,$-478,$0,$-514
14,2015-03-31,60.22,$32.68,1.84,$46.84,1.29,$4.57,13.17,$3.84,15.68,$7.94B,$5.67B,1.4,$7.83B,$0.05B,144.98,$22.28B,$6.90B,30.97%,$22.28B,$1.85B,8.31%,$22.28B,$1.85B,8.31%,$22.28B,$2.81B,12.62%,$22.28B,$1.81B,8.14%,$22.28B,$1.82B,8.17%,$1.82B,$15.26B,11.24%,$1.82B,$-4.60B,-41.12%,$1.82B,$32.70B,5.36%,$1.85B,$23.09B,7.57%,$5223,$3593,$1630,$158,$915,$4666,$557,$-52,$505,$38,$467,$467,$466,$783,$557,$468,470,$1.00,$0.99,$802,$2424,$0,$7940,$3634,$0,$19865,$1037,$24756,$32696,$5666,$7829,$1020,$11766,$17432,$0,$0,$0,$15264,$32696,$467,$226,$81,$307,$0,$0,$0,$-372,$-372,$77,$-105,$0,$-38,$99,$0,$99,$-9,$-53,$263,$0,$263,$-137,$-137,$-251,$-2,$-127,$-118,$0,$-251
15,2014-12-31,59.76,$33.85,1.77,$47.20,1.27,$4.43,13.49,$3.77,15.85,$8.10B,$5.36B,1.51,$8.02B,$15.84B,0.51,$22.55B,$6.91B,30.62%,$22.55B,$1.81B,8.00%,$22.55B,$1.81B,8.00%,$22.55B,$2.79B,12.36%,$22.55B,$1.76B,7.81%,$22.55B,$1.79B,7.95%,$1.79B,$15.84B,10.76%,$1.79B,$-4.61B,-40.94%,$1.79B,$33.53B,5.19%,$1.81B,$23.86B,7.16%,$5565,$3847,$1718,$154,$903,$4904,$661,$-52,$609,$24,$585,$585,$581,$901,$661,$474,477,$1.23,$1.22,$1026,$2428,$0,$8100,$3750,$0,$20449,$1002,$25429,$33529,$5355,$8024,$1085,$12335,$17690,$5,$7078,$-2899,$15839,$33529,$1803,$983,$-217,$766,$-205,$-152,$49,$81,$-332,$1878,$-632,$0,$284,$522,$0,$522,$-31,$143,$-582,$0,$-582,$-596,$-596,$-929,$-23,$-2130,$-134,$0,$-929
16,2014-09-30,55.32,$35.07,1.58,$47.12,1.17,$5.32,10.4,$3.54,15.63,$8.43B,$4.99B,1.69,$8.59B,$0.06B,148.05,$22.51B,$6.83B,30.35%,$22.51B,$1.62B,7.21%,$22.51B,$1.62B,7.21%,$22.51B,$2.62B,11.65%,$22.51B,$1.58B,7.02%,$22.51B,$1.69B,7.51%,$1.69B,$16.65B,10.00%,$1.69B,$-4.18B,-38.15%,$1.69B,$34.24B,4.82%,$1.62B,$25.23B,6.32%,$5728,$3916,$1812,$163,$961,$5040,$688,$-46,$642,$37,$605,$605,$602,$932,$688,$475,477,$1.27,$1.26,$990,$2498,$0,$8431,$3702,$0,$20827,$1038,$25808,$34239,$4986,$8587,$1141,$12608,$17594,$0,$0,$0,$16645,$34239,$1218,$743,$-152,$591,$0,$0,$0,$-391,$-391,$934,$-378,$0,$282,$445,$0,$445,$-56,$293,$-580,$0,$-580,$-217,$-217,$-700,$17,$-1480,$-260,$0,$-700
17,2014-06-30,66.9,$35.81,1.87,$46.87,1.43,$6.34,10.56,$3.35,19.97,$8.84B,$5.54B,1.59,$8.62B,$0.06B,143.58,$22.39B,$6.75B,30.13%,$22.39B,$1.53B,6.82%,$22.39B,$1.53B,6.82%,$22.39B,$2.53B,11.31%,$22.39B,$1.46B,6.52%,$22.39B,$1.60B,7.14%,$1.60B,$17.04B,9.53%,$1.60B,$-4.31B,-33.78%,$1.60B,$35.26B,4.53%,$1.53B,$25.66B,5.95%,$5767,$4025,$1742,$168,$984,$5821,$-54,$111,$57,$-115,$172,$172,$171,$196,$-54,$476,479,$0.36,$0.36,$1265,$2534,$0,$8838,$3793,$0,$21353,$1032,$26420,$35258,$5543,$8615,$1121,$12673,$18216,$0,$0,$0,$17042,$35258,$613,$499,$-189,$310,$0,$0,$0,$116,$116,$645,$-236,$0,$273,$162,$0,$162,$-51,$148,$-576,$0,$-576,$-55,$-55,$-467,$20,$-1078,$-284,$0,$-467
18,2014-03-31,64.68,$35.89,1.8,$46.58,1.39,$6.44,10.04,$4.03,16.05,$8.68B,$4.81B,1.81,$8.99B,$0.07B,121.5,$22.23B,$6.74B,30.30%,$22.23B,$2.19B,9.86%,$22.23B,$2.19B,9.86%,$22.23B,$3.19B,14.36%,$22.23B,$1.94B,8.71%,$22.23B,$1.92B,8.65%,$1.92B,$17.11B,11.73%,$1.92B,$-4.42B,-37.63%,$1.92B,$35.26B,5.44%,$2.19B,$26.10B,8.63%,$5492,$3858,$1634,$162,$962,$4982,$510,$-57,$453,$12,$441,$441,$439,$759,$510,$476,479,$0.92,$0.92,$1144,$2532,$0,$8683,$3806,$0,$21528,$988,$26579,$35262,$4805,$8991,$1165,$13346,$18151,$0,$0,$0,$17111,$35262,$441,$249,$43,$292,$0,$0,$0,$-370,$-370,$12,$-110,$0,$3,$431,$0,$431,$-20,$304,$-257,$0,$-257,$23,$23,$-229,$20,$-443,$-131,$0,$-229
19,2013-12-31,65.12,$35.49,1.83,$46.28,1.41,$6.60,9.86,$3.90,16.7,$8.73B,$4.91B,1.78,$8.97B,$16.86B,0.53,$22.05B,$6.68B,30.29%,$22.05B,$2.15B,9.74%,$22.05B,$2.15B,9.74%,$22.05B,$3.14B,14.26%,$22.05B,$1.88B,8.55%,$22.05B,$1.86B,8.44%,$1.86B,$16.86B,11.70%,$1.86B,$-4.82B,-34.24%,$1.86B,$35.49B,5.28%,$2.15B,$25.83B,8.57%,$5527,$3881,$1646,$165,$1001,$5047,$480,$-51,$429,$-53,$482,$482,$479,$737,$480,$474,477,$1.01,$1.00,$1709,$2382,$0,$8731,$3833,$0,$21681,$1006,$26760,$35491,$4914,$8969,$1299,$13714,$18628,$5,$6866,$-1560,$16863,$35491,$1873,$997,$-20,$977,$-231,$-92,$86,$-88,$-324,$2285,$-614,$0,$768,$-288,$0,$-288,$-68,$-202,$-1087,$0,$-1087,$121,$121,$-796,$26,$-1736,$338,$0,$-796
20,2013-09-30,58.54,$33.97,1.72,$47.04,1.24,$6.15,9.52,$3.36,17.42,$8.77B,$5.05B,1.73,$9.03B,$0.05B,196.28,$20.85B,$6.23B,29.89%,$20.85B,$1.93B,9.24%,$20.85B,$1.93B,9.24%,$20.85B,$2.85B,13.65%,$20.85B,$1.54B,7.40%,$20.85B,$1.56B,7.49%,$1.56B,$16.12B,10.08%,$1.56B,$-5.39B,-26.27%,$1.56B,$35.31B,4.42%,$1.93B,$25.15B,7.76%,$5607,$3883,$1724,$166,$967,$5016,$591,$-70,$521,$7,$514,$514,$510,$841,$591,$474,477,$1.08,$1.07,$1340,$2403,$0,$8766,$3757,$0,$21507,$954,$26546,$35312,$5054,$9029,$1065,$14141,$19195,$0,$0,$0,$16117,$35312,$1391,$740,$263,$1003,$0,$0,$0,$-813,$-813,$1413,$-372,$0,$761,$-185,$0,$-185,$-61,$143,$-1006,$0,$-1006,$98,$98,$-597,$20,$-1485,$65,$0,$-597
21,2013-06-30,55.63,$32.56,1.71,$46.91,1.19,$5.79,9.6,$3.31,16.81,$8.23B,$4.98B,1.65,$9.07B,$0.04B,210.91,$19.20B,$5.71B,29.75%,$19.20B,$1.75B,9.12%,$19.20B,$1.75B,9.12%,$19.20B,$2.56B,13.34%,$19.20B,$1.40B,7.28%,$19.20B,$1.40B,7.27%,$1.40B,$15.43B,10.33%,$1.40B,$-5.80B,-30.64%,$1.40B,$35.26B,4.47%,$1.75B,$24.50B,8.13%,$5602,$3870,$1732,$161,$960,$4991,$611,$-77,$534,$37,$497,$497,$494,$856,$611,$473,476,$1.04,$1.04,$996,$2405,$0,$8229,$3749,$0,$21235,$875,$27028,$35257,$4981,$9069,$934,$14845,$19826,$0,$0,$0,$15431,$35257,$877,$490,$156,$646,$0,$0,$0,$-647,$-647,$709,$-251,$0,$761,$148,$0,$148,$-52,$606,$-949,$0,$-949,$78,$78,$-397,$18,$-1250,$51,$0,$-397
22,2013-03-31,51.41,$32.15,1.6,$47.13,1.09,$5.24,9.81,$3.39,15.17,$8.20B,$4.90B,1.67,$9.47B,$0.04B,220.3,$17.66B,$5.23B,29.62%,$17.66B,$1.60B,9.04%,$17.66B,$1.60B,9.04%,$17.66B,$2.30B,13.02%,$17.66B,$1.28B,7.26%,$17.66B,$1.28B,7.27%,$1.28B,$15.21B,11.02%,$1.28B,$-5.73B,-41.65%,$1.28B,$34.98B,4.75%,$1.60B,$24.68B,8.72%,$5310,$3735,$1575,$152,$958,$4845,$465,$-65,$400,$20,$380,$380,$378,$710,$465,$472,475,$0.80,$0.79,$1036,$2394,$0,$8196,$3841,$0,$20939,$898,$26781,$34977,$4903,$9473,$862,$14864,$19767,$0,$0,$0,$15210,$34977,$380,$245,$175,$420,$0,$0,$0,$-546,$-546,$100,$-122,$0,$761,$132,$0,$132,$2,$773,$-687,$0,$-687,$56,$56,$-194,$15,$-810,$62,$0,$-194
23,2012-12-31,45.17,$32.25,1.4,$47.61,0.95,$4.69,9.63,$3.51,12.87,$7.90B,$5.52B,1.43,$9.77B,$15.18B,0.64,$16.31B,$4.86B,29.81%,$16.31B,$1.53B,9.38%,$16.31B,$1.53B,9.38%,$16.31B,$2.13B,13.05%,$16.31B,$1.25B,7.67%,$16.31B,$1.22B,7.46%,$1.22B,$15.18B,12.38%,$1.22B,$-6.85B,-75.52%,$1.22B,$35.81B,5.34%,$1.53B,$24.94B,10.23%,$4333,$3132,$1201,$126,$815,$4073,$260,$-172,$88,$-92,$180,$180,$179,$439,$260,$348,351,$0.46,$0.41,$1104,$2336,$0,$7900,$3786,$0,$22023,$1748,$27910,$35810,$5515,$9765,$1059,$15117,$20632,$5,$5805,$-1964,$15178,$35810,$1220,$598,$117,$715,$108,$166,$-220,$147,$63,$1664,$-593,$0,$-6933,$603,$0,$603,$-49,$-6972,$5832,$0,$5832,$254,$254,$-512,$-94,$5480,$192,$0,$-512
24,2012-09-30,39.09,$24.39,1.6,$47.03,0.83,$3.62,10.79,$4.12,9.49,$6.20B,$3.71B,1.67,$3.69B,$0.02B,167.73,$16.01B,$4.88B,30.47%,$16.01B,$1.68B,10.48%,$16.01B,$1.68B,10.48%,$16.01B,$2.23B,13.95%,$16.01B,$1.55B,9.70%,$16.01B,$1.40B,8.74%,$1.40B,$8.24B,17.70%,$1.40B,$0.15B,3456.79%,$1.40B,$18.80B,7.65%,$1.68B,$11.93B,14.68%,$3950,$2747,$1203,$102,$687,$3536,$414,$-38,$376,$29,$347,$347,$345,$555,$414,$338,340,$1.02,$1.02,$1045,$1801,$704,$6195,$2794,$0,$8091,$656,$12605,$18800,$3708,$3690,$437,$6850,$10558,$0,$0,$0,$8242,$18800,$1040,$419,$171,$590,$0,$0,$0,$-318,$-318,$977,$-357,$0,$-551,$89,$0,$89,$-38,$-857,$279,$0,$279,$54,$54,$-384,$-45,$-96,$40,$0,$-384
25,2012-06-30,32.49,$23.57,1.38,$47.46,0.68,$2.69,12.07,$4.17,7.79,$6.37B,$3.83B,1.66,$3.68B,$0.02B,175.14,$16.18B,$4.90B,30.26%,$16.18B,$1.72B,10.60%,$16.18B,$1.72B,10.60%,$16.18B,$2.27B,14.02%,$16.18B,$1.61B,9.94%,$16.18B,$1.42B,8.77%,$1.42B,$7.96B,18.23%,$1.42B,$0.09B,-8477.61%,$1.42B,$18.55B,7.88%,$1.72B,$11.64B,15.28%,$4068,$2815,$1253,$106,$690,$3611,$457,$-38,$419,$37,$382,$382,$382,$595,$457,$337,340,$1.13,$1.12,$1177,$1756,$750,$6366,$2675,$0,$7867,$622,$12188,$18554,$3830,$3678,$546,$6766,$10596,$0,$0,$0,$7958,$18554,$693,$278,$101,$379,$0,$0,$0,$-444,$-444,$371,$-231,$0,$-362,$35,$0,$35,$-24,$-582,$582,$0,$582,$44,$44,$-255,$-26,$345,$140,$0,$-255
26,2012-03-31,40.52,$23.64,1.71,$47.31,0.86,$1.78,22.83,$4.02,10.08,$5.88B,$3.57B,1.65,$3.35B,$0.02B,159.29,$16.21B,$4.87B,30.07%,$16.21B,$1.68B,10.37%,$16.21B,$1.68B,10.37%,$16.21B,$2.24B,13.81%,$16.21B,$1.59B,9.79%,$16.21B,$1.37B,8.48%,$1.37B,$7.95B,17.51%,$1.37B,$0.16B,-10177.78%,$1.37B,$17.99B,7.67%,$1.68B,$11.30B,14.91%,$3960,$2754,$1206,$105,$702,$3561,$399,$-31,$368,$57,$311,$311,$311,$539,$399,$335,340,$0.93,$0.91,$811,$1779,$704,$5882,$2660,$0,$7797,$597,$12111,$17993,$3565,$3345,$528,$6474,$10039,$0,$0,$0,$7954,$17993,$311,$140,$-261,$-121,$0,$0,$0,$-388,$-388,$-98,$-105,$0,$0,$262,$0,$262,$-16,$141,$-1,$0,$-1,$43,$43,$-127,$16,$-69,$-18,$0,$-127
27,2011-12-31,35.12,$22.40,1.57,$46.66,0.75,$1.24,28.36,$3.94,8.91,$5.83B,$3.64B,1.6,$3.37B,$7.49B,0.45,$16.05B,$4.79B,29.83%,$16.05B,$1.63B,10.18%,$16.05B,$1.63B,10.18%,$16.05B,$2.19B,13.64%,$16.05B,$1.55B,9.68%,$16.05B,$1.35B,8.41%,$1.35B,$7.49B,17.28%,$1.35B,$-0.24B,-2076.92%,$1.35B,$17.87B,7.61%,$1.63B,$10.86B,14.52%,$4033,$2817,$1216,$101,$707,$3625,$408,$-18,$390,$29,$361,$361,$362,$545,$408,$338,343,$1.08,$1.06,$1084,$1701,$0,$5826,$2602,$0,$7729,$582,$12047,$17873,$3637,$3366,$501,$6744,$10381,$167,$5103,$-1964,$7492,$17873,$1352,$556,$-98,$458,$-219,$-113,$92,$-19,$-174,$1248,$-568,$0,$-310,$103,$0,$103,$-25,$-800,$303,$0,$303,$-272,$-272,$-462,$50,$-381,$52,$0,$-462
28,2011-09-30,28.44,$23.18,1.23,$45.68,0.62,$1.87,15.2,$3.69,7.72,$5.73B,$3.78B,1.52,$3.37B,$0.02B,146.44,$15.68B,$4.67B,29.79%,$15.68B,$1.56B,9.96%,$15.68B,$1.56B,9.96%,$15.68B,$2.12B,13.51%,$15.68B,$1.46B,9.29%,$15.68B,$1.27B,8.09%,$1.27B,$7.75B,16.28%,$1.27B,$-0.08B,-1465.90%,$1.27B,$17.63B,7.21%,$1.56B,$11.11B,13.91%,$4123,$2900,$1223,$104,$668,$3672,$451,$-19,$432,$65,$367,$367,$365,$590,$451,$338,342,$1.07,$1.07,$814,$1769,$601,$5733,$2537,$0,$7824,$562,$11894,$17627,$3780,$3368,$461,$6101,$9881,$0,$0,$0,$7746,$17627,$991,$419,$20,$439,$0,$0,$0,$-290,$-290,$689,$-384,$0,$-298,$272,$0,$272,$1,$-409,$338,$-38,$300,$-277,$-277,$-348,$-4,$-329,$-55,$0,$-348
29,2011-06-30,40.88,$24.00,1.7,$44.11,0.93,$2.51,16.32,$3.40,12.02,$5.92B,$3.40B,1.74,$3.65B,$0.04B,104.29,$15.13B,$4.54B,30.00%,$15.13B,$1.45B,9.57%,$15.13B,$1.45B,9.57%,$15.13B,$2.00B,13.23%,$15.13B,$1.33B,8.79%,$15.13B,$1.17B,7.74%,$1.17B,$8.19B,15.28%,$1.17B,$0.10B,-571.92%,$1.17B,$18.12B,6.72%,$1.45B,$11.84B,13.02%,$4090,$2862,$1228,$107,$698,$3667,$423,$-27,$396,$58,$338,$338,$336,$564,$423,$341,346,$0.99,$0.97,$883,$1766,$643,$5917,$2589,$0,$8083,$571,$12204,$18121,$3403,$3650,$521,$6531,$9934,$0,$0,$0,$8187,$18121,$624,$280,$-132,$148,$0,$0,$0,$-472,$-472,$47,$-221,$0,$-212,$251,$0,$251,$7,$-175,$290,$18,$308,$-6,$-6,$-232,$-5,$65,$-51,$0,$-232
30,2011-03-31,43.76,$22.93,1.91,$42.20,1.04,$3.61,12.11,$3.10,14.14,$5.47B,$3.20B,1.71,$3.35B,$0.04B,81.81,$14.42B,$4.30B,29.84%,$14.42B,$1.31B,9.07%,$14.42B,$1.31B,9.07%,$14.42B,$1.86B,12.88%,$14.42B,$1.18B,8.21%,$14.42B,$1.06B,7.36%,$1.06B,$7.82B,14.59%,$1.06B,$-0.05B,-258.62%,$1.06B,$17.34B,6.28%,$1.31B,$11.18B,12.28%,$3803,$2682,$1121,$105,$665,$3452,$351,$-16,$335,$49,$286,$286,$287,$490,$351,$340,346,$0.84,$0.83,$697,$1667,$640,$5470,$2523,$0,$7873,$511,$11867,$17337,$3201,$3354,$515,$6312,$9513,$0,$0,$0,$7824,$17337,$286,$139,$-16,$123,$0,$0,$0,$-418,$-418,$-304,$-88,$0,$0,$348,$0,$348,$6,$266,$-12,$19,$7,$3,$3,$-116,$0,$-106,$-132,$0,$-116
31,2010-12-31,39.82,$21.78,1.83,$40.35,0.99,$4.16,9.58,$2.72,14.64,$5.51B,$3.23B,1.7,$3.38B,$7.40B,0.46,$13.72B,$4.08B,29.76%,$13.72B,$1.17B,8.54%,$13.72B,$1.17B,8.54%,$13.72B,$1.72B,12.56%,$13.72B,$1.04B,7.55%,$13.72B,$0.93B,6.77%,$0.93B,$7.40B,13.28%,$0.93B,$-0.32B,-148.22%,$0.93B,$17.25B,5.63%,$1.17B,$10.79B,11.29%,$3663,$2565,$1098,$117,$644,$3326,$337,$-44,$293,$10,$283,$283,$280,$475,$337,$336,340,$0.83,$0.83,$1171,$1564,$0,$5506,$2477,$0,$7726,$542,$11746,$17252,$3233,$3382,$575,$6616,$9849,$170,$4455,$-1348,$7403,$17252,$937,$551,$123,$674,$-305,$-219,$322,$-24,$-34,$1282,$-394,$0,$-222,$-392,$0,$-392,$-4,$-1012,$-47,$0,$-47,$0,$0,$-363,$149,$-261,$-7,$0,$-363
32,2010-09-30,32.16,$21.54,1.49,$38.88,0.83,$5.15,6.24,$2.53,12.71,$5.35B,$3.31B,1.62,$3.41B,$0.04B,81.1,$13.18B,$3.87B,29.39%,$13.18B,$1.03B,7.84%,$13.18B,$1.03B,7.84%,$13.18B,$1.59B,12.07%,$13.18B,$0.91B,6.93%,$13.18B,$0.86B,6.52%,$0.86B,$7.25B,12.56%,$0.86B,$-0.55B,-106.11%,$0.86B,$17.02B,5.29%,$1.03B,$10.66B,10.12%,$3571,$2480,$1091,$104,$651,$3235,$336,$-31,$305,$36,$269,$269,$268,$472,$336,$335,341,$0.80,$0.78,$888,$1533,$0,$5353,$2381,$0,$7800,$0,$11662,$17015,$3313,$3406,$0,$6453,$9766,$0,$0,$0,$7249,$17015,$654,$413,$-61,$352,$0,$0,$0,$-70,$-70,$727,$-207,$0,$-172,$-47,$0,$-47,$-6,$-432,$-4,$-19,$-23,$60,$60,$-265,$2,$-226,$55,$0,$-265
33,2010-06-30,25.33,$19.70,1.29,$37.34,0.68,$5.89,4.3,$2.32,10.94,$4.86B,$3.00B,1.62,$3.38B,$0.04B,84.45,$12.64B,$3.63B,28.74%,$12.64B,$0.90B,7.09%,$12.64B,$0.90B,7.09%,$12.64B,$1.47B,11.59%,$12.64B,$0.77B,6.12%,$12.64B,$0.79B,6.21%,$0.79B,$6.61B,11.56%,$0.79B,$-0.72B,-85.84%,$0.79B,$15.93B,4.86%,$0.90B,$9.99B,8.82%,$3378,$2387,$991,$103,$604,$3094,$284,$-33,$251,$22,$229,$229,$226,$420,$284,$335,340,$0.67,$0.66,$787,$1386,$0,$4862,$2270,$0,$7328,$0,$11065,$15927,$2998,$3378,$0,$6319,$9317,$0,$0,$0,$6610,$15927,$385,$277,$-39,$238,$0,$0,$0,$-121,$-121,$307,$-101,$0,$0,$-121,$0,$-121,$6,$-216,$28,$-48,$-20,$36,$36,$-168,$2,$-150,$-91,$0,$-168
34,2010-03-31,29.12,$20.05,1.45,$36.07,0.81,$6.32,4.6,$1.74,16.78,$4.48B,$2.77B,1.62,$3.35B,$0.04B,85.82,$12.16B,$3.35B,27.58%,$12.16B,$0.68B,5.55%,$12.16B,$0.68B,5.55%,$12.16B,$1.25B,10.28%,$12.16B,$0.55B,4.55%,$12.16B,$0.59B,4.83%,$0.59B,$6.72B,8.63%,$0.59B,$-0.92B,-57.28%,$0.59B,$15.85B,3.63%,$0.68B,$10.07B,6.63%,$3103,$2201,$902,$101,$587,$2889,$214,$-27,$187,$31,$156,$156,$155,$355,$214,$334,339,$0.46,$0.46,$489,$1374,$0,$4480,$2349,$0,$7637,$0,$11367,$15847,$2770,$3347,$0,$6355,$9125,$0,$0,$0,$6722,$15847,$156,$141,$0,$141,$0,$0,$0,$-172,$-172,$-162,$-38,$0,$0,$96,$0,$96,$8,$66,$24,$-47,$-23,$23,$23,$-84,$2,$-82,$-189,$0,$-84
35,2009-12-31,24.25,$10.26,2.36,$35.39,0.69,$7.06,3.44,$1.13,21.46,$4.52B,$2.69B,1.68,$3.35B,$6.82B,0.49,$11.87B,$3.09B,26.03%,$11.87B,$0.44B,3.74%,$11.87B,$0.44B,3.74%,$11.87B,$1.02B,8.57%,$11.87B,$0.30B,2.55%,$11.87B,$0.38B,3.23%,$0.38B,$6.82B,5.75%,$0.38B,$-1.06B,-32.44%,$0.38B,$16.28B,2.36%,$0.44B,$10.17B,4.39%,$3131,$2241,$890,$103,$587,$2931,$200,$-30,$170,$-42,$212,$212,$211,$344,$200,$333,336,$0.65,$0.64,$773,$1326,$149,$4524,$2445,$0,$7876,$464,$11758,$16282,$2689,$3349,$536,$6775,$9464,$166,$3893,$-1208,$6818,$16282,$385,$573,$-12,$561,$440,$292,$-73,$106,$749,$1408,$-195,$0,$-10,$-64,$0,$-64,$44,$-225,$-329,$-424,$-753,$27,$27,$-334,$-1,$-1061,$152,$0,$-334
36,2009-09-30,21.41,$21.13,1.01,$31.44,0.68,$4.97,4.3,$1.00,21.52,$4.59B,$3.01B,1.52,$3.39B,$0.05B,73.72,$12.23B,$3.06B,25.04%,$12.23B,$0.41B,3.33%,$12.23B,$0.41B,3.33%,$12.23B,$0.97B,7.95%,$12.23B,$0.27B,2.20%,$12.23B,$0.34B,2.74%,$0.34B,$7.01B,5.12%,$0.34B,$-0.97B,-26.53%,$0.34B,$16.50B,2.05%,$0.41B,$10.40B,4.08%,$3028,$2178,$850,$99,$553,$2830,$198,$-32,$166,$-28,$194,$194,$193,$346,$198,$334,338,$0.58,$0.57,$665,$1359,$0,$4588,$2528,$0,$7974,$0,$11907,$16495,$3013,$3391,$1094,$6475,$9488,$0,$0,$0,$7007,$16495,$173,$429,$59,$488,$0,$0,$0,$553,$553,$903,$-136,$0,$-102,$0,$0,$0,$4,$-234,$-40,$-425,$-465,$0,$0,$-250,$14,$-701,$4,$0,$-250
37,2009-06-30,16.71,$20.20,0.83,$34.71,0.48,$4.07,4.11,$1.36,12.29,$4.48B,$3.06B,1.46,$3.40B,$0.04B,77.25,$13.32B,$3.36B,25.25%,$13.32B,$0.58B,4.38%,$13.32B,$0.58B,4.38%,$13.32B,$1.16B,8.67%,$13.32B,$0.46B,3.45%,$13.32B,$0.46B,3.43%,$0.46B,$6.69B,6.99%,$0.46B,$-1.17B,-37.28%,$0.46B,$16.19B,2.78%,$0.58B,$10.09B,5.92%,$2901,$2189,$712,$95,$554,$2838,$63,$-33,$30,$-1,$31,$31,$29,$205,$63,$334,335,$0.09,$0.09,$581,$1373,$0,$4477,$2542,$0,$7857,$0,$11714,$16191,$3059,$3399,$1011,$6441,$9500,$0,$0,$0,$6691,$16191,$-21,$281,$174,$455,$0,$0,$0,$251,$251,$443,$-96,$0,$-67,$0,$0,$0,$-2,$-165,$242,$-424,$-182,$9,$9,$-167,$-3,$-343,$-40,$0,$-167
38,2009-03-31,13.65,$18.44,0.74,$39.13,0.35,$3.48,3.93,$2.29,5.96,$4.43B,$2.93B,1.51,$3.71B,$0.04B,88.26,$14.69B,$3.86B,26.27%,$14.69B,$0.92B,6.23%,$14.69B,$0.92B,6.23%,$14.69B,$1.50B,10.20%,$14.69B,$0.79B,5.36%,$14.69B,$0.76B,5.18%,$0.76B,$6.11B,11.34%,$0.76B,$-1.53B,-66.59%,$0.76B,$16.00B,4.51%,$0.92B,$9.81B,9.19%,$2813,$2174,$639,$98,$558,$2830,$-17,$-46,$-63,$-11,$-52,$-52,$-50,$122,$-17,$332,332,$-0.15,$-0.15,$434,$1490,$0,$4427,$2525,$0,$7639,$0,$11574,$16001,$2930,$3707,$943,$6964,$9894,$0,$0,$0,$6107,$16001,$-52,$139,$0,$139,$0,$0,$0,$40,$40,$95,$-48,$0,$0,$53,$0,$53,$-17,$-12,$255,$-318,$-63,$0,$0,$-83,$8,$-138,$-43,$0,$-83
39,2008-12-31,18.21,$19.29,0.94,$42.28,0.43,$3.00,6.06,$3.26,5.58,$4.80B,$3.75B,1.28,$3.19B,$6.37B,0.5,$15.38B,$4.19B,27.22%,$15.38B,$1.26B,8.16%,$15.38B,$1.26B,8.16%,$15.38B,$1.83B,11.88%,$15.38B,$1.14B,7.41%,$15.38B,$1.06B,6.88%,$1.06B,$6.37B,16.13%,$1.06B,$-1.39B,-116.65%,$1.06B,$16.66B,6.39%,$1.26B,$9.56B,13.14%,$3487,$2626,$861,$100,$598,$3324,$163,$-27,$136,$-29,$165,$165,$163,$299,$163,$641,649,$-1.17,$-1.14,$530,$1554,$177,$4795,$2639,$0,$7750,$500,$11860,$16655,$3745,$3190,$459,$6545,$10290,$82,$3917,$-1538,$6365,$16655,$1070,$571,$-10,$561,$128,$118,$-208,$0,$38,$1441,$-448,$0,$-2807,$100,$0,$100,$-35,$-3190,$672,$-5,$667,$1469,$1469,$-320,$-1,$1815,$46,$0,$-320
40,2008-09-30,20.36,$21.16,0.96,$48.13,0.42,$4.15,4.91,$3.63,5.62,$5.59B,$4.50B,1.24,$2.92B,$0.00B,0.0,$15.26B,$4.27B,27.98%,$15.26B,$1.38B,9.04%,$15.26B,$1.38B,9.04%,$15.26B,$1.91B,12.51%,$15.26B,$1.28B,8.37%,$15.26B,$1.15B,7.54%,$1.15B,$6.98B,18.38%,$1.15B,$-0.82B,-176.40%,$1.15B,$16.97B,7.31%,$1.38B,$9.90B,15.22%,$4114,$2964,$1150,$117,$659,$3740,$374,$-17,$357,$39,$318,$318,$315,$529,$374,$332,337,$0.95,$0.94,$463,$1795,$0,$5587,$2585,$0,$7799,$0,$11380,$16967,$4502,$2921,$926,$5486,$9988,$0,$0,$0,$6979,$16967,$905,$435,$-123,$312,$0,$0,$0,$-364,$-364,$797,$-338,$0,$-2707,$181,$0,$181,$-40,$-2904,$555,$359,$914,$1423,$1423,$-238,$47,$2146,$39,$0,$-238
41,2008-06-30,30.57,$22.24,1.37,$46.88,0.65,$4.46,6.85,$3.55,8.62,$6.06B,$4.68B,1.3,$3.16B,$0.00B,0.0,$14.45B,$4.04B,27.94%,$14.45B,$1.31B,9.05%,$14.45B,$1.31B,9.05%,$14.45B,$1.80B,12.45%,$14.45B,$1.18B,8.19%,$14.45B,$1.09B,7.57%,$1.09B,$7.39B,19.19%,$1.09B,$-0.83B,-227.44%,$1.09B,$17.92B,7.45%,$1.31B,$10.55B,15.54%,$4279,$3069,$1210,$111,$704,$3884,$395,$-37,$358,$21,$337,$337,$333,$549,$395,$322,327,$1.04,$1.02,$718,$1844,$0,$6063,$2699,$0,$8228,$0,$11860,$17923,$4675,$3155,$986,$5854,$10529,$0,$0,$0,$7394,$17923,$587,$280,$0,$280,$0,$0,$0,$-356,$-356,$362,$-217,$0,$-2694,$28,$0,$28,$-4,$-2887,$381,$808,$1189,$1564,$1564,$-156,$5,$2602,$77,$0,$-156
42,2008-03-31,28.51,$18.69,1.52,$44.61,0.64,$4.34,6.57,$3.35,8.51,$5.25B,$4.26B,1.23,$2.70B,$0.00B,0.0,$13.42B,$3.73B,27.80%,$13.42B,$1.20B,8.95%,$13.42B,$1.20B,8.95%,$13.42B,$1.66B,12.35%,$13.42B,$1.08B,8.06%,$13.42B,$1.01B,7.51%,$1.01B,$5.50B,20.28%,$1.01B,$-0.59B,-267.29%,$1.01B,$14.65B,7.57%,$1.20B,$8.20B,15.98%,$3496,$2532,$964,$89,$552,$3173,$323,$-34,$289,$42,$247,$247,$247,$449,$323,$295,301,$0.84,$0.82,$583,$1634,$0,$5249,$2473,$0,$6089,$0,$9397,$14646,$4262,$2704,$707,$4884,$9146,$0,$0,$0,$5500,$14646,$247,$126,$0,$126,$0,$0,$0,$-283,$-283,$-17,$-83,$0,$-634,$137,$0,$137,$-28,$-608,$13,$670,$683,$24,$24,$-73,$6,$640,$15,$0,$-73
43,2007-12-31,34.48,$17.71,1.95,$43.37,0.79,$4.07,8.48,$3.31,10.42,$4.77B,$3.66B,1.3,$2.43B,$5.17B,0.47,$13.03B,$3.65B,28.01%,$13.03B,$1.18B,9.03%,$13.03B,$1.18B,9.03%,$13.03B,$1.62B,12.40%,$13.03B,$1.06B,8.09%,$13.03B,$0.99B,7.63%,$0.99B,$5.17B,21.33%,$0.99B,$-0.37B,-274.21%,$0.99B,$13.43B,7.82%,$1.18B,$7.60B,16.41%,$3374,$2428,$946,$84,$574,$3086,$288,$-15,$273,$7,$266,$266,$256,$383,$288,$295,301,$0.87,$0.86,$646,$1483,$139,$4767,$2333,$0,$5539,$293,$8663,$13430,$3659,$2432,$490,$4599,$8258,$73,$3257,$-423,$5172,$13430,$1008,$439,$8,$447,$-72,$-79,$27,$-4,$-169,$1158,$-354,$0,$-1314,$247,$0,$247,$-35,$-1456,$673,$62,$735,$-199,$-199,$-251,$35,$320,$28,$0,$-251
44,2007-09-30,35.06,$16.27,2.16,$42.06,0.83,$4.89,7.16,$3.25,10.79,$4.83B,$3.15B,1.53,$2.55B,$0.00B,0.0,$12.69B,$3.49B,27.49%,$12.69B,$1.10B,8.70%,$12.69B,$1.10B,8.70%,$12.69B,$1.56B,12.29%,$12.69B,$1.01B,7.96%,$12.69B,$0.98B,7.71%,$0.98B,$4.74B,22.28%,$0.98B,$-0.13B,-399.59%,$0.98B,$12.74B,8.02%,$1.10B,$7.29B,16.38%,$3298,$2381,$917,$86,$530,$2997,$301,$-38,$263,$25,$238,$238,$258,$418,$301,$294,301,$0.88,$0.86,$739,$1399,$0,$4826,$2252,$0,$4877,$0,$7913,$12739,$3153,$2547,$661,$4843,$7996,$0,$0,$0,$4743,$12739,$738,$344,$109,$453,$0,$0,$0,$-185,$-185,$733,$-228,$0,$-675,$162,$0,$162,$-30,$-771,$423,$31,$454,$-210,$-210,$-188,$39,$95,$57,$0,$-188
45,2007-06-30,32.78,$15.26,2.15,$41.18,0.8,$5.81,5.64,$3.21,10.23,$4.54B,$3.17B,1.43,$2.52B,$0.00B,0.0,$12.48B,$3.37B,26.98%,$12.48B,$1.05B,8.38%,$12.48B,$1.05B,8.38%,$12.48B,$1.49B,11.97%,$12.48B,$0.97B,7.76%,$12.48B,$0.97B,7.77%,$0.97B,$4.45B,22.51%,$0.97B,$-0.42B,-867.11%,$0.97B,$12.42B,8.19%,$1.05B,$6.97B,16.20%,$3248,$2346,$902,$85,$528,$2959,$289,$-33,$256,$16,$240,$240,$246,$407,$289,$295,301,$0.84,$0.82,$494,$1382,$0,$4535,$2270,$0,$4864,$0,$7884,$12419,$3169,$2518,$666,$4803,$7972,$0,$0,$0,$4447,$12419,$480,$227,$106,$333,$0,$0,$0,$-389,$-389,$238,$-143,$0,$-794,$322,$0,$322,$-6,$-621,$457,$216,$673,$-198,$-198,$-126,$32,$381,$-2,$0,$-126
46,2007-03-31,29.31,$14.60,2.01,$40.50,0.72,$6.88,4.26,$3.21,9.15,$4.41B,$3.14B,1.41,$2.55B,$0.00B,0.0,$12.35B,$3.33B,26.93%,$12.35B,$1.05B,8.46%,$12.35B,$1.05B,8.46%,$12.35B,$1.48B,12.00%,$12.35B,$0.98B,7.94%,$12.35B,$0.98B,7.90%,$0.98B,$4.28B,22.94%,$0.98B,$-0.53B,1288.45%,$0.98B,$12.24B,8.52%,$1.05B,$6.83B,16.97%,$3113,$2227,$886,$80,$507,$2814,$299,$-36,$263,$34,$229,$229,$234,$408,$299,$295,300,$0.80,$0.78,$419,$1389,$0,$4405,$2275,$0,$4810,$0,$7835,$12240,$3135,$2553,$680,$4827,$7962,$0,$0,$0,$4278,$12240,$234,$109,$47,$156,$0,$0,$0,$-359,$-359,$-114,$-67,$0,$-733,$383,$0,$383,$-29,$-446,$847,$-164,$683,$-93,$-93,$-63,$25,$552,$-8,$0,$-63
47,2006-12-31,26.21,$14.03,1.87,$39.89,0.66,$7.70,3.41,$3.11,8.44,$4.41B,$3.29B,1.34,$1.77B,$4.11B,0.43,$12.23B,$3.28B,26.84%,$12.23B,$1.03B,8.41%,$12.23B,$1.03B,8.41%,$12.23B,$1.46B,11.96%,$12.23B,$0.97B,7.92%,$12.23B,$0.95B,7.77%,$0.95B,$4.11B,22.63%,$0.95B,$0.10B,385.40%,$0.95B,$11.42B,8.59%,$1.03B,$5.88B,17.58%,$3033,$2249,$784,$71,$498,$2818,$215,$13,$228,$-5,$233,$233,$241,$327,$215,$300,306,$0.81,$0.80,$785,$1293,$135,$4408,$2271,$0,$4003,$0,$7009,$11417,$3290,$1774,$539,$4021,$7311,$73,$2796,$-849,$4106,$11417,$950,$434,$94,$528,$-40,$-129,$207,$134,$23,$1431,$-360,$0,$-191,$-418,$0,$-418,$-42,$-1011,$89,$-35,$54,$-278,$-278,$-220,$28,$-416,$4,$0,$-220
