,Date,Stock Price,Book Value per Share,Price to Book Ratio,TTM Sales per Share,Price to Sales Ratio,TTM FCF per Share,Price to FCF Ratio,TTM Net EPS,PE Ratio,Current Assets,Current Liabilities,Current Ratio,Long Term Debt,Shareholder's Equity_x,Debt to Equity Ratio,TTM Revenue_x,TTM Gross Profit,Gross Margin,TTM Revenue_y,TTM Operating Income,Operating Margin,TTM Revenue_x,TTM EBIT,EBIT Margin,TTM Revenue_y,TTM EBITDA,EBITDA Margin,TTM Revenue_x,TTM Pre-Tax Income,Pre-Tax Margin,TTM Revenue_y,TTM Net Income_x,Net Margin,TTM Net Income_y,Shareholder's Equity_y,Return on Equity,TTM Net Income_x,Tangible Equity,Return on Tangible Equity,TTM Net Income_y,Total Assets,Return on Assets,TTM Net Income,LT Investments & Debt,Return on Investment,revenue,cost-goods-sold,gross-profit,research-development-expenses,selling-general-administrative-expenses,operating-expenses,operating-income,total-non-operating-income-expense,pre-tax-income,total-provision-income-taxes,income-after-taxes,income-from-continuous-operations,net-income,ebitda,ebit,basic-shares-outstanding,shares-outstanding,eps-basic-net-earnings-per-share,eps-earnings-per-share-diluted,cash-on-hand,inventory,other-current-assets,total-current-assets,net-property-plant-equipment,long-term-investments,goodwill-intangible-assets-total,other-long-term-assets,total-long-term-assets,total-assets,total-current-liabilities,long-term-debt,other-non-current-liabilities,total-long-term-liabilities,total-liabilities,common-stock-net,retained-earnings-accumulated-deficit,comprehensive-income,total-share-holder-equity,total-liabilities-share-holders-equity,net-income-loss,total-depreciation-amortization-cash-flow,other-non-cash-items,total-non-cash-items,change-in-accounts-receivable,change-in-inventories,change-in-accounts-payable,change-in-assets-liabilities,total-change-in-assets-liabilities,cash-flow-from-operating-activities,net-change-in-property-plant-equipment,net-change-in-intangible-assets,net-acquisitions-divestitures,net-change-in-short-term-investments,net-change-in-long-term-investments,net-change-in-investments-total,investing-activities-other,cash-flow-from-investing-activities,net-long-term-debt,net-current-debt,debt-issuance-retirement-net-total,net-common-equity-issued-repurchased,net-total-equity-issued-repurchased,total-common-preferred-stock-dividends-paid,financial-activities-other,cash-flow-from-financial-activities,net-cash-flow,stock-based-compensation,common-stock-dividends-paid
0,2018-09-30,81.13,$47.54,1.71,$61.03,1.33,$-16.64,0.0,$2.33,34.82,$3.70B,$5.75B,0.64,$15.80B,$8.41B,1.88,$11.12B,$7.42B,66.72%,$11.12B,$0.84B,7.51%,$11.12B,$0.84B,7.51%,$11.12B,$2.87B,25.80%,$11.12B,$0.56B,5.03%,$11.12B,$0.44B,3.91%,$0.44B,$8.61B,5.24%,$0.44B,$8.23B,5.49%,$0.44B,$48.47B,0.92%,$0.84B,$24.41B,3.56%,$3104,$1169,$1936,$0,$1054,$2833,$271,$-14,$257,$-283,$540,$540,$536,$761,$271,$181,184,$2.96,$2.92,$988,$881,$61,$3695,$31093,$0,$377,$873,$44777,$48471,$5751,$15802,$11088,$34110,$39861,$3,$8954,$-632,$8610,$48471,$925,$1517,$293,$1810,$-154,$50,$80,$-635,$-625,$1860,$-2860,$0,$0,$0,$-87,$-87,$-54,$-3000,$1422,$368,$1791,$25,$25,$-493,$26,$1348,$207,$0,$-483
1,2018-06-30,79.93,$45.46,1.76,$62.11,1.29,$-15.53,0.0,$1.62,49.34,$3.53B,$6.23B,0.57,$14.88B,$8.02B,1.86,$11.26B,$7.71B,68.44%,$11.26B,$1.32B,11.75%,$11.26B,$1.32B,11.75%,$11.26B,$3.39B,30.07%,$11.26B,$0.95B,8.39%,$11.26B,$0.30B,2.64%,$0.30B,$8.22B,3.57%,$0.30B,$7.84B,3.74%,$0.30B,$47.62B,0.63%,$1.32B,$23.10B,5.75%,$2669,$883,$1786,$0,$1034,$2577,$92,$-123,$-32,$-281,$249,$249,$245,$594,$92,$181,183,$1.36,$1.34,$813,$927,$114,$3534,$30512,$0,$377,$461,$44088,$47623,$6232,$14879,$10902,$33170,$39402,$3,$8578,$-614,$8220,$47623,$385,$1028,$168,$1195,$-46,$9,$97,$-589,$-539,$1080,$-1866,$0,$0,$-11,$-55,$-66,$2,$-1930,$790,$406,$1196,$4,$4,$-329,$10,$881,$32,$0,$-322
2,2018-03-31,77.06,$45.20,1.7,$62.05,1.24,$-15.53,0.0,$2.55,30.22,$3.66B,$5.23B,0.7,$15.61B,$7.98B,1.96,$11.21B,$7.73B,68.92%,$11.21B,$1.40B,12.49%,$11.21B,$1.40B,12.49%,$11.21B,$3.47B,30.97%,$11.21B,$1.05B,9.39%,$11.21B,$0.46B,4.12%,$0.46B,$8.17B,5.50%,$0.46B,$7.80B,5.75%,$0.46B,$47.28B,0.99%,$1.40B,$23.79B,6.09%,$2724,$839,$1885,$0,$992,$2388,$336,$-156,$180,$44,$136,$136,$133,$861,$336,$181,181,$0.73,$0.73,$1206,$941,$83,$3656,$30103,$0,$377,$484,$43626,$47282,$5233,$15613,$10772,$33876,$39109,$3,$8494,$-561,$8173,$47282,$136,$525,$141,$666,$131,$-16,$-69,$-149,$-169,$557,$-930,$0,$0,$-0,$-36,$-36,$-8,$-974,$1772,$-773,$999,$2,$2,$-164,$5,$841,$424,$0,$-161
3,2017-12-31,78.65,$45.37,1.73,$61.43,1.28,$-14.28,0.0,$2.28,34.5,$3.29B,$5.04B,0.65,$14.34B,$7.99B,1.79,$11.08B,$7.66B,69.12%,$11.08B,$1.26B,11.37%,$11.08B,$1.26B,11.37%,$11.08B,$3.34B,30.14%,$11.08B,$0.97B,8.73%,$11.08B,$0.41B,3.72%,$0.41B,$8.19B,4.89%,$0.41B,$7.81B,5.12%,$0.41B,$46.71B,0.89%,$1.26B,$22.53B,5.57%,$2624,$811,$1813,$0,$1199,$2487,$136,$18,$154,$630,$-476,$-476,$-479,$653,$136,$180,181,$-2.67,$-2.66,$781,$906,$96,$3285,$29664,$0,$377,$815,$43422,$46707,$5036,$14337,$11547,$33481,$38517,$3,$7978,$-24,$8190,$46707,$425,$2079,$867,$2945,$-98,$-3,$102,$-233,$-197,$2624,$-3498,$0,$0,$1,$-379,$-378,$35,$-3841,$224,$1163,$1387,$81,$61,$-629,$-8,$811,$-407,$0,$-629
4,2017-09-30,73.04,$48.38,1.51,$61.70,1.18,$-13.40,0.0,$-4.94,0.0,$3.47B,$4.46B,0.78,$14.00B,$8.69B,1.61,$11.10B,$7.69B,69.26%,$11.10B,$-1.48B,-13.30%,$11.10B,$-1.48B,-13.30%,$11.10B,$0.66B,5.95%,$11.10B,$-1.92B,-17.29%,$11.10B,$-0.88B,-7.91%,$-0.88B,$8.69B,-10.39%,$-0.88B,$8.31B,-10.87%,$-0.88B,$46.40B,-1.91%,$-1.48B,$22.69B,-6.52%,$3244,$1021,$2223,$0,$978,$2485,$759,$-116,$643,$242,$402,$402,$398,$1278,$759,$180,180,$2.22,$2.21,$546,$879,$185,$3471,$28961,$0,$377,$829,$42927,$46398,$4461,$14000,$8592,$33247,$37708,$3,$8618,$112,$8690,$46398,$901,$1562,$135,$1697,$-198,$21,$-76,$-424,$-617,$1713,$-2496,$0,$0,$0,$-245,$-245,$-86,$-2828,$-0,$938,$937,$15,$15,$-479,$-0,$473,$-642,$0,$-468
5,2017-06-30,72.61,$47.76,1.52,$61.09,1.19,$-12.95,0.0,$-4.99,0.0,$3.60B,$4.24B,0.85,$14.33B,$8.37B,1.71,$10.98B,$7.75B,70.61%,$10.98B,$-1.46B,-13.32%,$10.98B,$-1.46B,-13.32%,$10.98B,$0.69B,6.28%,$10.98B,$-1.91B,-17.40%,$10.98B,$-0.89B,-8.09%,$-0.89B,$8.57B,-10.03%,$-0.89B,$8.20B,-10.47%,$-0.89B,$46.01B,-1.92%,$-1.46B,$22.91B,-6.36%,$2619,$812,$1806,$0,$987,$2450,$169,$-93,$76,$-337,$413,$413,$410,$680,$169,$179,180,$2.28,$2.27,$934,$869,$194,$3599,$28567,$0,$377,$843,$42408,$46007,$4241,$14331,$8533,$33192,$37433,$3,$8376,$53,$8574,$46007,$499,$1043,$-127,$916,$6,$6,$10,$-345,$-330,$820,$-1594,$0,$0,$2,$-222,$-220,$43,$-1770,$170,$834,$1004,$8,$8,$-319,$4,$697,$-253,$0,$-312
6,2017-03-31,71.03,$46.04,1.54,$60.28,1.18,$-14.18,0.0,$-4.10,0.0,$3.40B,$3.88B,0.88,$13.95B,$8.06B,1.73,$10.83B,$7.79B,71.93%,$10.83B,$-1.19B,-10.99%,$10.83B,$-1.19B,-10.99%,$10.83B,$0.97B,8.91%,$10.83B,$-1.66B,-15.36%,$10.83B,$-0.73B,-6.75%,$-0.73B,$8.26B,-7.92%,$-0.73B,$7.88B,-8.26%,$-0.73B,$45.32B,-1.58%,$-1.19B,$22.21B,-5.15%,$2588,$775,$1813,$0,$1046,$2393,$195,$-102,$94,$8,$86,$86,$83,$727,$195,$179,180,$0.46,$0.46,$1083,$854,$118,$3397,$28173,$0,$377,$863,$41921,$45318,$3879,$13951,$8489,$33179,$37058,$3,$8122,$11,$8260,$45318,$86,$531,$141,$673,$156,$6,$-48,$-72,$-30,$529,$-674,$0,$0,$-10,$-161,$-171,$33,$-812,$-575,$908,$333,$2,$2,$-160,$2,$178,$-105,$0,$-156
7,2016-12-31,67.86,$46.25,1.47,$60.47,1.12,$-19.25,0.0,$-3.28,0.0,$3.68B,$3.20B,1.15,$14.49B,$8.08B,1.79,$10.85B,$7.82B,72.06%,$10.85B,$-0.89B,-8.18%,$10.85B,$-0.89B,-8.18%,$10.85B,$1.24B,11.39%,$10.85B,$-1.38B,-12.74%,$10.85B,$-0.58B,-5.38%,$-0.58B,$8.29B,-6.09%,$-0.58B,$7.91B,-6.34%,$-0.58B,$45.90B,-1.26%,$-0.89B,$22.78B,-3.80%,$2649,$802,$1846,$0,$1170,$5248,$-2599,$-133,$-2732,$-966,$-1766,$-1766,$-1769,$-2025,$-2599,$179,179,$-9.89,$-9.86,$1188,$878,$108,$3684,$27921,$0,$377,$2309,$42220,$45904,$3200,$14492,$9169,$34419,$37619,$3,$8196,$-35,$8285,$45904,$-565,$2123,$2020,$4144,$-97,$38,$174,$-238,$-159,$2999,$-3709,$0,$0,$9,$-322,$-313,$172,$-3850,$1489,$-79,$1410,$33,$-103,$-612,$-7,$688,$-163,$0,$-612
8,2016-09-30,70.03,$57.51,1.22,$59.66,1.17,$-8.01,0.0,$7.16,9.78,$4.34B,$3.45B,1.26,$13.89B,$10.07B,1.38,$10.71B,$7.67B,71.64%,$10.71B,$1.46B,13.62%,$10.71B,$1.46B,13.62%,$10.71B,$3.51B,32.79%,$10.71B,$0.93B,8.68%,$10.71B,$1.29B,12.00%,$1.29B,$10.30B,12.97%,$1.29B,$9.93B,13.48%,$1.29B,$47.74B,2.79%,$1.46B,$24.19B,6.25%,$3125,$836,$2289,$0,$1039,$2353,$772,$-121,$651,$258,$393,$393,$388,$1308,$772,$179,180,$2.17,$2.16,$1307,$1107,$42,$4340,$29329,$1,$377,$2340,$43398,$47738,$3452,$13887,$8473,$33984,$37436,$3,$10123,$38,$10302,$47738,$1201,$1549,$156,$1704,$-271,$29,$100,$-268,$-394,$2252,$-2953,$0,$0,$12,$-159,$-147,$117,$-2982,$1279,$-61,$1218,$33,$-52,$-473,$-6,$687,$-44,$0,$-456
9,2016-06-30,73.45,$56.32,1.3,$61.12,1.2,$-0.51,0.0,$0.96,76.51,$3.85B,$4.02B,0.96,$13.14B,$9.76B,1.35,$10.95B,$7.56B,69.05%,$10.95B,$-0.28B,-2.55%,$10.95B,$-0.28B,-2.55%,$10.95B,$1.78B,16.26%,$10.95B,$-0.81B,-7.38%,$10.95B,$0.17B,1.59%,$0.17B,$10.08B,1.81%,$0.17B,$9.70B,1.88%,$0.17B,$45.88B,0.38%,$-0.28B,$23.21B,-1.22%,$2463,$624,$1838,$0,$956,$2020,$442,$-119,$324,$-249,$573,$573,$567,$955,$442,$179,180,$3.17,$3.16,$996,$1112,$32,$3852,$29070,$5,$377,$1283,$42025,$45877,$4022,$13138,$7211,$31779,$35801,$3,$9887,$-9,$10076,$45877,$808,$1013,$-156,$857,$-58,$10,$45,$-105,$-110,$1252,$-2242,$0,$0,$0,$-126,$-126,$102,$-2266,$437,$531,$967,$17,$17,$-314,$-10,$659,$-355,$0,$-304
10,2016-03-31,70.79,$54.16,1.31,$62.46,1.13,$6.36,11.13,$-1.37,0.0,$4.00B,$3.84B,1.04,$13.53B,$9.36B,1.45,$11.20B,$7.57B,67.54%,$11.20B,$-0.34B,-3.07%,$11.20B,$-0.34B,-3.07%,$11.20B,$1.75B,15.59%,$11.20B,$-0.88B,-7.84%,$11.20B,$-0.24B,-2.18%,$-0.24B,$9.68B,-2.52%,$-0.24B,$9.30B,-2.63%,$-0.24B,$45.93B,-0.54%,$-0.34B,$23.21B,-1.52%,$2610,$767,$1843,$0,$933,$2112,$498,$-123,$375,$140,$235,$235,$230,$998,$498,$179,179,$1.29,$1.28,$1092,$1101,$28,$4001,$28982,$5,$377,$1332,$41933,$45934,$3839,$13526,$7092,$32415,$36255,$3,$9472,$30,$9679,$45934,$235,$500,$83,$583,$77,$-9,$-67,$-16,$-59,$533,$-1584,$0,$0,$-197,$-96,$-292,$-2,$-1878,$966,$272,$1238,$6,$1,$-152,$-1,$1086,$-259,$0,$-152
11,2015-12-31,60.31,$53.67,1.12,$64.06,0.94,$12.66,4.76,$-1.00,0.0,$4.07B,$3.09B,1.32,$13.14B,$9.26B,1.42,$11.51B,$7.67B,66.63%,$11.51B,$-0.30B,-2.60%,$11.51B,$-0.30B,-2.60%,$11.51B,$1.82B,15.79%,$11.51B,$-0.80B,-6.95%,$11.51B,$-0.18B,-1.53%,$-0.18B,$9.58B,-1.80%,$-0.18B,$9.20B,-1.87%,$-0.18B,$44.65B,-0.39%,$-0.30B,$22.71B,-1.33%,$2509,$809,$1700,$0,$1103,$2763,$-254,$-166,$-421,$-526,$105,$105,$100,$250,$-254,$179,179,$0.56,$0.57,$1351,$1091,$0,$4067,$27824,$4,$377,$1250,$40580,$44648,$3090,$13139,$7116,$31983,$35073,$3,$9394,$9,$9575,$44648,$-157,$2117,$1173,$3290,$38,$-12,$-135,$62,$23,$3291,$-1989,$0,$-71,$1,$-499,$-498,$-51,$-2609,$41,$-104,$-63,$-75,$-82,$-599,$-9,$-753,$-71,$0,$-599
12,2015-09-30,56.7,$51.33,1.1,$65.77,0.86,$15.27,3.71,$-0.90,0.0,$4.12B,$3.45B,1.19,$13.08B,$9.16B,1.43,$11.84B,$7.82B,66.07%,$11.84B,$0.28B,2.32%,$11.84B,$0.28B,2.32%,$11.84B,$2.43B,20.53%,$11.84B,$-0.17B,-1.45%,$11.84B,$-0.16B,-1.32%,$-0.16B,$9.16B,-1.57%,$-0.16B,$8.78B,-1.63%,$-0.16B,$45.04B,-0.34%,$0.28B,$22.24B,1.23%,$3371,$1189,$2182,$0,$1079,$4336,$-965,$-121,$-1086,$-368,$-718,$-718,$-723,$-422,$-965,$179,179,$-4.04,$-4.04,$1041,$1095,$54,$4117,$27987,$37,$377,$1430,$40924,$45042,$3454,$13080,$6865,$32431,$35884,$3,$9446,$-118,$9157,$45042,$-262,$1613,$1429,$3042,$-222,$-8,$-90,$-215,$-462,$2350,$-1702,$0,$-71,$-15,$-334,$-349,$-65,$-2186,$-89,$184,$94,$-76,$-170,$-462,$-7,$-545,$-381,$0,$-447
13,2015-06-30,60.67,$57.11,1.06,$66.10,0.92,$19.38,3.13,$4.41,13.76,$4.09B,$4.00B,1.02,$12.12B,$10.16B,1.19,$11.92B,$7.77B,65.18%,$11.92B,$1.73B,14.54%,$11.92B,$1.73B,14.54%,$11.92B,$3.89B,32.61%,$11.92B,$1.31B,11.00%,$11.92B,$0.80B,6.69%,$0.80B,$10.25B,7.81%,$0.80B,$9.88B,8.11%,$0.80B,$46.27B,1.74%,$1.73B,$22.37B,7.76%,$2713,$873,$1841,$0,$1051,$2336,$377,$-124,$254,$100,$154,$154,$149,$921,$377,$180,180,$0.83,$0.83,$910,$1151,$98,$4085,$28858,$35,$377,$1576,$42181,$46266,$3998,$12120,$6722,$32015,$36013,$3,$10318,$-47,$10252,$46266,$457,$1070,$180,$1250,$-100,$-4,$-105,$-66,$-312,$1338,$-1096,$0,$0,$-54,$-165,$-219,$-55,$-1370,$-519,$342,$-177,$-1,$-1,$-308,$7,$-480,$-512,$0,$-298
14,2015-03-31,65.95,$56.98,1.16,$67.68,0.97,$21.41,3.08,$4.63,14.24,$4.14B,$3.77B,1.1,$12.34B,$10.13B,1.22,$12.21B,$7.81B,63.94%,$12.21B,$1.81B,14.83%,$12.21B,$1.81B,14.83%,$12.21B,$3.95B,32.34%,$12.21B,$1.38B,11.31%,$12.21B,$0.84B,6.86%,$0.84B,$10.23B,8.22%,$0.84B,$9.85B,8.54%,$0.84B,$46.38B,1.84%,$1.81B,$22.57B,8.12%,$2920,$972,$1948,$0,$993,$2377,$543,$-89,$453,$150,$303,$303,$298,$1069,$543,$180,180,$1.66,$1.65,$1181,$1158,$128,$4140,$28808,$35,$377,$1591,$42238,$46378,$3765,$12337,$6842,$32384,$36150,$3,$10318,$-60,$10228,$46378,$303,$526,$97,$623,$22,$-23,$-154,$47,$-217,$611,$-533,$0,$-71,$0,$-107,$-107,$11,$-700,$-197,$210,$13,$-2,$-2,$-154,$-9,$-153,$-241,$0,$-149
15,2014-12-31,73.7,$56.36,1.31,$69.42,1.06,$22.77,3.24,$5.22,14.12,$4.39B,$3.85B,1.14,$12.42B,$10.01B,1.24,$12.50B,$7.95B,63.60%,$12.50B,$2.01B,16.06%,$12.50B,$2.01B,16.06%,$12.50B,$4.13B,33.09%,$12.50B,$1.55B,12.40%,$12.50B,$0.94B,7.52%,$0.94B,$10.10B,9.27%,$0.94B,$9.73B,9.63%,$0.94B,$46.41B,2.10%,$2.01B,$22.52B,9.04%,$2831,$984,$1848,$0,$1126,$2512,$320,$-113,$207,$82,$125,$125,$120,$862,$320,$180,180,$0.66,$0.66,$1422,$1124,$155,$4390,$28723,$36,$377,$1426,$42025,$46414,$3849,$12416,$6818,$32464,$36313,$3,$10170,$-42,$10102,$46414,$960,$2128,$720,$2848,$98,$4,$-13,$678,$729,$3890,$-2109,$0,$0,$47,$-587,$-540,$-306,$-2954,$777,$-448,$328,$12,$12,$-616,$24,$-252,$683,$0,$-596
16,2014-09-30,64.51,$57.02,1.13,$68.80,0.94,$18.68,3.45,$5.38,11.99,$4.27B,$4.45B,0.96,$11.67B,$10.15B,1.15,$12.36B,$7.86B,63.61%,$12.36B,$1.91B,15.48%,$12.36B,$1.91B,15.48%,$12.36B,$4.04B,32.67%,$12.36B,$1.51B,12.19%,$12.36B,$0.97B,7.83%,$0.97B,$10.24B,9.63%,$0.97B,$9.87B,10.01%,$0.97B,$44.54B,2.20%,$1.91B,$21.91B,8.68%,$3458,$1324,$2134,$0,$1073,$2965,$493,$-96,$397,$162,$235,$235,$230,$1036,$493,$180,181,$1.28,$1.27,$1069,$1109,$206,$4265,$28289,$40,$377,$1514,$40277,$44542,$4454,$11665,$6605,$29845,$34299,$3,$10199,$20,$10243,$44542,$835,$1586,$875,$2460,$-119,$30,$-40,$-231,$-345,$2891,$-1497,$0,$-72,$37,$-391,$-354,$-246,$-2168,$132,$-155,$-24,$70,$70,$-461,$21,$-394,$329,$0,$-446
17,2014-06-30,67.69,$56.57,1.2,$68.40,0.99,$13.29,5.09,$5.45,12.42,$4.25B,$4.13B,1.03,$11.97B,$10.06B,1.19,$12.25B,$7.87B,64.22%,$12.25B,$1.81B,14.77%,$12.25B,$1.81B,14.77%,$12.25B,$3.91B,31.95%,$12.25B,$1.38B,11.25%,$12.25B,$0.98B,7.98%,$0.98B,$10.16B,9.91%,$0.98B,$9.78B,10.31%,$0.98B,$44.15B,2.24%,$1.81B,$22.12B,8.21%,$2997,$1122,$1875,$0,$1034,$2542,$454,$-131,$323,$129,$194,$194,$189,$980,$454,$179,180,$1.06,$1.05,$650,$1110,$311,$4245,$28109,$38,$377,$1284,$39906,$44151,$4128,$11967,$6236,$29866,$33994,$3,$10118,$31,$10156,$44151,$600,$1042,$362,$1404,$-47,$32,$47,$-366,$-372,$1529,$-921,$0,$-72,$0,$-260,$-260,$-137,$-1391,$7,$-8,$-0,$63,$63,$-307,$17,$-227,$-89,$0,$-297
18,2014-03-31,54.51,$56.06,0.97,$67.09,0.81,$9.20,5.93,$5.32,10.25,$4.19B,$3.92B,1.07,$12.23B,$9.95B,1.23,$11.99B,$7.76B,64.67%,$11.99B,$1.70B,14.19%,$11.99B,$1.70B,14.19%,$11.99B,$3.76B,31.33%,$11.99B,$1.30B,10.81%,$11.99B,$0.95B,7.94%,$0.95B,$10.04B,9.86%,$0.95B,$9.67B,10.26%,$0.95B,$43.88B,2.19%,$1.70B,$22.27B,7.78%,$3209,$1118,$2090,$0,$950,$2469,$740,$-117,$623,$217,$406,$406,$401,$1256,$740,$179,179,$2.24,$2.24,$908,$1119,$241,$4193,$28009,$39,$377,$1328,$39683,$43877,$3917,$12230,$6054,$29917,$33834,$3,$10078,$-5,$10042,$43877,$406,$516,$237,$754,$49,$16,$33,$-284,$-291,$767,$-445,$0,$-72,$18,$-153,$-134,$-4,$-656,$17,$158,$175,$36,$31,$-148,$0,$58,$169,$0,$-148
19,2013-12-31,50.92,$54.53,0.93,$63.79,0.8,$6.91,7.37,$3.98,12.79,$3.93B,$4.06B,0.97,$12.17B,$9.63B,1.26,$11.39B,$7.39B,64.88%,$11.39B,$1.36B,11.90%,$11.39B,$1.36B,11.90%,$11.39B,$3.37B,29.57%,$11.39B,$0.96B,8.40%,$11.39B,$0.71B,6.25%,$0.71B,$9.73B,7.51%,$0.71B,$9.35B,7.83%,$0.71B,$43.41B,1.65%,$1.36B,$21.90B,6.29%,$2692,$931,$1761,$0,$1106,$2466,$226,$-62,$163,$12,$151,$151,$147,$765,$226,$178,179,$0.81,$0.83,$739,$1124,$116,$3930,$27882,$40,$377,$1297,$39477,$43406,$4061,$12171,$5928,$29619,$33680,$3,$9825,$-29,$9726,$43406,$731,$2012,$610,$2622,$-181,$5,$94,$-250,$-478,$3189,$-2157,$0,$0,$0,$-647,$-647,$202,$-2602,$-69,$251,$182,$25,$49,$-612,$0,$-381,$207,$0,$-593
20,2013-09-30,50.2,$53.29,0.94,$62.42,0.8,$0.05,936.57,$4.82,10.41,$3.49B,$3.44B,1.02,$12.31B,$9.41B,1.31,$11.14B,$7.31B,65.67%,$11.14B,$1.45B,13.06%,$11.14B,$1.45B,13.06%,$11.14B,$3.41B,30.58%,$11.14B,$1.02B,9.13%,$11.14B,$0.86B,7.73%,$0.86B,$9.50B,9.19%,$0.86B,$9.13B,9.58%,$0.86B,$43.32B,2.00%,$1.45B,$21.81B,6.79%,$3352,$1211,$2141,$0,$1061,$2963,$389,$-120,$269,$25,$244,$244,$240,$913,$389,$178,179,$1.35,$1.34,$415,$1104,$126,$3490,$27567,$44,$377,$1369,$39835,$43324,$3439,$12308,$5571,$30383,$33822,$3,$9826,$-244,$9502,$43324,$579,$1473,$218,$1691,$-274,$16,$-81,$291,$-79,$2199,$-1781,$0,$-72,$-44,$-433,$-477,$272,$-2058,$-180,$310,$130,$21,$6,$-445,$0,$-309,$-167,$0,$-445
21,2013-06-30,54.68,$52.56,1.04,$60.31,0.91,$-0.32,0.0,$5.37,10.18,$3.59B,$3.98B,0.9,$12.13B,$9.28B,1.31,$10.75B,$7.20B,67.01%,$10.75B,$1.76B,16.34%,$10.75B,$1.76B,16.34%,$10.75B,$3.64B,33.91%,$10.75B,$1.32B,12.31%,$10.75B,$0.96B,8.91%,$0.96B,$9.37B,10.29%,$0.96B,$8.99B,10.72%,$0.96B,$43.26B,2.24%,$1.76B,$21.50B,8.28%,$2738,$975,$1763,$0,$1056,$2392,$347,$-105,$241,$73,$168,$168,$164,$823,$347,$178,179,$0.92,$0.92,$348,$1143,$173,$3592,$27572,$41,$377,$1409,$39671,$43262,$3984,$12128,$5233,$29910,$33894,$3,$9734,$-274,$9369,$43262,$335,$949,$-88,$861,$-218,$6,$152,$105,$-16,$1116,$-1245,$0,$-72,$0,$-236,$-236,$247,$-1305,$-36,$294,$258,$-280,$-291,$0,$0,$-33,$-221,$0,$0
22,2013-03-31,49.03,$52.26,0.94,$59.17,0.83,$0.04,1307.51,$6.51,7.53,$3.32B,$3.90B,0.85,$11.76B,$9.21B,1.28,$10.53B,$7.18B,68.15%,$10.53B,$1.75B,16.64%,$10.53B,$1.75B,16.64%,$10.53B,$3.55B,33.69%,$10.53B,$1.33B,12.63%,$10.53B,$1.16B,11.01%,$1.16B,$9.31B,12.53%,$1.16B,$8.93B,13.06%,$1.16B,$42.79B,2.74%,$1.75B,$21.07B,8.29%,$2609,$883,$1725,$0,$966,$2215,$394,$-111,$284,$117,$167,$167,$161,$867,$394,$178,178,$0.91,$0.90,$307,$1147,$101,$3323,$27309,$46,$377,$1432,$39470,$42793,$3896,$11763,$5263,$29589,$33486,$3,$9718,$-304,$9307,$42793,$167,$473,$99,$572,$-30,$-5,$-41,$-52,$-194,$544,$-632,$0,$0,$-44,$-166,$-210,$180,$-662,$-285,$278,$-7,$8,$8,$-153,$0,$-153,$-270,$0,$-148
23,2012-12-31,48.79,$52.25,0.93,$57.98,0.84,$0.74,66.08,$4.75,10.27,$3.68B,$4.11B,0.9,$11.96B,$9.20B,1.3,$10.30B,$7.01B,68.04%,$10.30B,$1.30B,12.63%,$10.30B,$1.30B,12.63%,$10.30B,$3.07B,29.83%,$10.30B,$0.90B,8.73%,$10.30B,$0.85B,8.21%,$0.85B,$9.29B,9.22%,$0.85B,$8.91B,9.61%,$0.85B,$43.20B,2.03%,$1.30B,$21.25B,6.15%,$2436,$754,$1683,$0,$980,$2112,$324,$-102,$223,$-79,$302,$302,$296,$802,$324,$177,178,$1.67,$1.67,$579,$1142,$167,$3683,$27299,$47,$377,$1629,$39519,$43203,$4106,$11955,$5352,$29805,$33911,$3,$9705,$-293,$9291,$43203,$868,$1772,$329,$2101,$-14,$-12,$-7,$139,$163,$2940,$-3131,$0,$0,$0,$-584,$-584,$75,$-3640,$348,$688,$1036,$63,$114,$-612,$0,$538,$-162,$0,$-589
24,2012-09-30,52.39,$52.26,1.0,$58.23,0.9,$4.29,12.2,$3.96,13.23,$3.81B,$3.92B,0.97,$11.78B,$9.19B,1.28,$10.36B,$6.97B,67.29%,$10.36B,$1.32B,12.75%,$10.36B,$1.32B,12.75%,$10.36B,$3.04B,29.38%,$10.36B,$0.93B,8.94%,$10.36B,$0.70B,6.80%,$0.70B,$9.29B,7.72%,$0.70B,$8.91B,8.05%,$0.70B,$42.02B,1.71%,$1.32B,$21.07B,6.40%,$2964,$933,$2031,$0,$977,$2273,$691,$-116,$575,$233,$343,$343,$337,$1152,$691,$178,178,$1.90,$1.89,$802,$1136,$110,$3808,$26432,$48,$377,$1635,$38216,$42024,$3924,$11784,$5343,$28815,$32739,$3,$9556,$-137,$9285,$42024,$567,$1294,$449,$1743,$-162,$-9,$144,$40,$33,$2220,$-1869,$0,$-72,$-70,$-430,$-500,$118,$-2323,$260,$248,$508,$57,$108,$-457,$0,$159,$55,$0,$-441
25,2012-06-30,50.74,$51.49,0.99,$60.68,0.84,$4.40,11.52,$5.60,9.06,$3.20B,$3.04B,1.05,$12.01B,$9.03B,1.33,$10.79B,$7.01B,64.96%,$10.79B,$1.23B,11.40%,$10.79B,$1.23B,11.40%,$10.79B,$2.96B,27.40%,$10.79B,$0.87B,8.02%,$10.79B,$1.00B,9.22%,$1.00B,$9.12B,10.98%,$1.00B,$8.75B,11.46%,$1.00B,$40.92B,2.46%,$1.23B,$21.13B,6.09%,$2519,$782,$1736,$0,$969,$2176,$343,$-95,$248,$-122,$371,$371,$365,$726,$343,$177,178,$2.06,$2.06,$321,$1134,$103,$3204,$25996,$45,$377,$1326,$37714,$40918,$3042,$12005,$5219,$28752,$31794,$3,$9366,$-76,$9124,$40918,$224,$833,$214,$1046,$-52,$-19,$8,$-23,$-106,$1188,$-1253,$0,$-72,$37,$-240,$-203,$28,$-1500,$125,$-5,$121,$-259,$-208,$-11,$0,$-99,$-411,$0,$0
26,2012-03-31,49.58,$50.85,0.97,$62.17,0.8,$3.02,16.44,$5.30,9.35,$3.48B,$2.91B,1.19,$12.16B,$8.91B,1.36,$11.07B,$7.06B,63.77%,$11.07B,$1.45B,13.06%,$11.07B,$1.45B,13.06%,$11.07B,$3.22B,29.06%,$11.07B,$1.09B,9.84%,$11.07B,$0.95B,8.54%,$0.95B,$9.01B,10.57%,$0.95B,$8.63B,11.03%,$0.95B,$40.93B,2.37%,$1.45B,$21.17B,7.19%,$2384,$824,$1560,$0,$923,$2441,$-57,$-90,$-147,$-0,$-147,$-147,$-152,$393,$-57,$177,177,$-0.86,$-0.86,$734,$222,$1003,$3476,$25587,$46,$377,$1388,$37454,$40930,$2911,$12159,$5094,$29011,$31922,$3,$9148,$34,$9008,$40930,$-147,$450,$394,$844,$156,$-20,$-146,$84,$-48,$601,$-564,$0,$0,$94,$-208,$-114,$-72,$-749,$175,$33,$208,$33,$84,$-152,$0,$140,$-9,$0,$-147
27,2011-12-31,53.25,$51.35,1.04,$62.84,0.85,$1.90,28.02,$7.54,7.06,$3.62B,$4.95B,0.73,$10.08B,$8.96B,1.13,$11.23B,$7.17B,63.87%,$11.23B,$2.01B,17.94%,$11.23B,$2.01B,17.94%,$11.23B,$3.76B,33.47%,$11.23B,$1.65B,14.73%,$11.23B,$1.35B,12.00%,$1.35B,$9.06B,15.21%,$1.35B,$8.68B,15.88%,$1.35B,$40.70B,3.42%,$2.01B,$19.14B,10.13%,$2489,$847,$1642,$0,$984,$2146,$343,$-92,$250,$90,$160,$160,$154,$772,$343,$177,178,$0.88,$0.88,$745,$1097,$247,$3623,$25609,$45,$377,$1633,$37079,$40702,$4951,$10082,$4912,$26696,$31646,$3,$9447,$-168,$9055,$40702,$1367,$1745,$-280,$1465,$28,$5,$-132,$453,$901,$3129,$-2686,$0,$7,$-12,$-670,$-682,$-86,$-3447,$554,$-7,$547,$-188,$-219,$-611,$0,$-282,$-600,$0,$-590
28,2011-09-30,47.75,$51.45,0.93,$62.37,0.77,$9.81,4.87,$7.93,6.02,$4.15B,$4.16B,1.0,$10.28B,$8.97B,1.15,$11.27B,$7.20B,63.87%,$11.27B,$2.07B,18.32%,$11.27B,$2.07B,18.32%,$11.27B,$3.83B,33.94%,$11.27B,$1.72B,15.24%,$11.27B,$1.42B,12.61%,$1.42B,$9.06B,16.25%,$1.42B,$8.68B,16.99%,$1.42B,$39.16B,3.65%,$2.07B,$19.34B,10.28%,$3396,$1325,$2070,$0,$925,$2795,$601,$-87,$514,$-119,$633,$633,$628,$1065,$601,$177,178,$3.55,$3.53,$1031,$1075,$277,$4154,$24799,$44,$377,$1552,$35007,$39162,$4161,$10281,$4859,$25941,$30102,$3,$9439,$-138,$9059,$39162,$1207,$1316,$-6,$1310,$-214,$13,$-239,$-180,$-428,$2130,$-1760,$0,$7,$0,$-564,$-564,$-77,$-2396,$588,$30,$618,$-202,$-202,$-458,$0,$-42,$-307,$0,$-443
29,2011-06-30,48.52,$49.15,0.99,$61.01,0.8,$17.12,2.83,$7.02,6.91,$3.86B,$2.24B,1.72,$12.10B,$8.60B,1.41,$11.21B,$7.23B,64.49%,$11.21B,$2.24B,19.94%,$11.21B,$2.24B,19.94%,$11.21B,$3.96B,35.32%,$11.21B,$1.89B,16.83%,$11.21B,$1.29B,11.47%,$1.29B,$8.69B,14.81%,$1.29B,$8.31B,15.48%,$1.29B,$39.13B,3.32%,$2.24B,$20.79B,11.00%,$2803,$1015,$1789,$0,$905,$2245,$559,$-87,$472,$151,$321,$321,$316,$988,$559,$178,179,$1.77,$1.76,$564,$1082,$178,$3863,$24639,$44,$377,$1600,$35267,$39130,$2242,$12098,$4787,$28196,$30438,$3,$8958,$-75,$8692,$39130,$574,$852,$305,$1157,$-168,$-5,$-77,$-452,$-745,$977,$-1291,$0,$0,$0,$-471,$-471,$-66,$-1828,$519,$16,$535,$-143,$-143,$-306,$0,$86,$-765,$0,$-296
30,2011-03-31,47.19,$48.41,0.97,$60.36,0.78,$21.75,2.17,$6.91,6.83,$3.78B,$2.31B,1.64,$11.62B,$8.54B,1.36,$11.27B,$7.26B,64.38%,$11.27B,$2.30B,20.43%,$11.27B,$2.30B,20.43%,$11.27B,$4.01B,35.55%,$11.27B,$1.94B,17.21%,$11.27B,$1.29B,11.40%,$1.29B,$8.63B,14.72%,$1.29B,$8.25B,15.39%,$1.29B,$38.60B,3.34%,$2.30B,$20.25B,11.45%,$2541,$870,$1671,$0,$845,$2030,$511,$-93,$418,$164,$254,$254,$249,$933,$511,$179,180,$1.39,$1.38,$763,$1087,$104,$3778,$24196,$40,$377,$1621,$34821,$38599,$2311,$11623,$4787,$27659,$29969,$3,$8790,$-67,$8629,$38599,$254,$422,$173,$595,$103,$-13,$-154,$-311,$-507,$323,$-487,$0,$-72,$-21,$-322,$-343,$5,$-897,$133,$68,$202,$-191,$-191,$-5,$0,$6,$-568,$0,$0
31,2010-12-31,49.17,$48.06,1.02,$60.67,0.81,$23.84,2.06,$6.65,7.39,$4.34B,$2.78B,1.56,$11.36B,$8.50B,1.34,$11.49B,$7.31B,63.64%,$11.49B,$2.27B,19.74%,$11.49B,$2.27B,19.74%,$11.49B,$3.97B,34.59%,$11.49B,$1.89B,16.43%,$11.49B,$1.25B,10.88%,$1.25B,$8.59B,14.19%,$1.25B,$8.21B,14.82%,$1.25B,$38.69B,3.26%,$2.27B,$19.95B,11.30%,$2533,$863,$1670,$0,$956,$2139,$394,$-79,$314,$81,$233,$233,$228,$840,$394,$186,188,$1.27,$1.27,$1338,$1074,$117,$4339,$23848,$41,$377,$1574,$34346,$38685,$2776,$11359,$4701,$27319,$30095,$3,$8689,$-38,$8590,$38685,$1270,$1705,$719,$2424,$-100,$-11,$217,$372,$379,$3926,$-1974,$0,$228,$25,$-472,$-447,$-381,$-2574,$-307,$-9,$-316,$-827,$-827,$-624,$0,$-1767,$-415,$0,$-604
32,2010-09-30,52.54,$48.62,1.08,$59.94,0.88,$18.57,2.83,$7.03,7.47,$5.05B,$2.91B,1.73,$11.49B,$8.73B,1.32,$11.45B,$7.40B,64.57%,$11.45B,$2.38B,20.75%,$11.45B,$2.38B,20.75%,$11.45B,$4.02B,35.09%,$11.45B,$1.99B,17.38%,$11.45B,$1.34B,11.67%,$1.34B,$8.83B,15.12%,$1.34B,$8.45B,15.79%,$1.34B,$38.67B,3.51%,$2.38B,$20.31B,11.87%,$3332,$1234,$2099,$0,$1012,$2562,$771,$-88,$683,$185,$498,$498,$493,$1198,$771,$186,188,$2.65,$2.62,$1967,$1046,$92,$5047,$23570,$38,$377,$1685,$33621,$38668,$2914,$11487,$4670,$26928,$29842,$3,$8611,$73,$8826,$38668,$1037,$1260,$1266,$2526,$-243,$3,$44,$-370,$-532,$3165,$-1403,$0,$-62,$118,$-339,$-221,$-308,$-1995,$158,$-19,$139,$-620,$-620,$-469,$0,$-949,$221,$0,$-454
33,2010-06-30,48.66,$47.28,1.03,$57.19,0.85,$12.75,3.82,$6.73,7.23,$4.36B,$2.81B,1.55,$11.06B,$8.77B,1.26,$11.06B,$7.29B,65.89%,$11.06B,$2.41B,21.76%,$11.06B,$2.41B,21.76%,$11.06B,$4.00B,36.17%,$11.06B,$2.05B,18.52%,$11.06B,$1.30B,11.74%,$1.30B,$8.87B,14.79%,$1.30B,$8.49B,15.45%,$1.30B,$37.75B,3.47%,$2.41B,$19.92B,12.22%,$2863,$1048,$1815,$0,$891,$2237,$626,$-102,$524,$204,$320,$320,$315,$1035,$626,$189,191,$1.67,$1.65,$1371,$1038,$43,$4363,$23492,$38,$377,$1406,$33390,$37752,$2807,$11056,$4323,$26081,$28887,$3,$8273,$-31,$8865,$37752,$539,$832,$312,$1144,$-177,$5,$23,$-226,$-394,$1468,$-919,$0,$-62,$55,$-232,$-176,$-16,$-1173,$-249,$17,$-232,$-129,$-129,$-309,$0,$-670,$-374,$0,$-299
34,2010-03-31,54.68,$47.31,1.16,$54.89,1.0,$10.30,5.31,$6.22,8.79,$4.73B,$3.06B,1.55,$11.17B,$8.86B,1.26,$10.72B,$7.15B,66.70%,$10.72B,$2.25B,21.03%,$10.72B,$2.25B,21.03%,$10.72B,$3.79B,35.35%,$10.72B,$1.85B,17.23%,$10.72B,$1.21B,11.29%,$1.21B,$8.95B,13.79%,$1.21B,$8.58B,14.41%,$1.21B,$38.11B,3.26%,$2.25B,$20.13B,11.53%,$2759,$1034,$1726,$0,$900,$2283,$477,$-110,$366,$148,$219,$219,$214,$900,$477,$189,191,$1.13,$1.12,$1692,$1037,$95,$4733,$23539,$40,$377,$1480,$33377,$38109,$3060,$11173,$4295,$26096,$29155,$3,$8115,$85,$8954,$38109,$219,$423,$98,$521,$44,$-6,$-79,$-72,$-165,$674,$-447,$0,$-62,$88,$-80,$8,$-14,$-515,$-58,$-13,$-71,$6,$6,$-147,$0,$-212,$-53,$0,$-142
35,2009-12-31,54.47,$46.04,1.18,$54.55,1.0,$8.70,6.26,$6.30,8.65,$4.53B,$3.19B,1.42,$11.06B,$8.61B,1.28,$10.75B,$7.04B,65.53%,$10.75B,$2.28B,21.25%,$10.75B,$2.28B,21.25%,$10.75B,$3.74B,34.83%,$10.75B,$1.88B,17.52%,$10.75B,$1.23B,11.46%,$1.23B,$8.71B,14.12%,$1.23B,$8.33B,14.76%,$1.23B,$37.56B,3.35%,$2.28B,$19.77B,11.72%,$2499,$744,$1755,$0,$909,$1995,$503,$-86,$417,$99,$319,$319,$314,$886,$503,$193,196,$1.66,$1.64,$1723,$1023,$197,$4534,$23389,$40,$377,$1374,$33028,$37562,$3194,$11060,$4171,$25661,$28855,$3,$8043,$-75,$8707,$37562,$1251,$1459,$853,$2312,$116,$19,$-14,$-314,$-448,$2933,$-1931,$0,$-32,$100,$-278,$-178,$47,$-2094,$160,$-25,$135,$-585,$-587,$-597,$0,$-1048,$-211,$0,$-577
36,2009-09-30,52.65,$45.41,1.16,$56.72,0.93,$8.44,6.24,$5.55,9.49,$3.97B,$3.37B,1.18,$10.35B,$8.48B,1.22,$11.25B,$6.89B,61.25%,$11.25B,$2.14B,19.01%,$11.25B,$2.14B,19.01%,$11.25B,$3.71B,32.97%,$11.25B,$1.70B,15.11%,$11.25B,$1.09B,9.67%,$1.09B,$8.58B,12.72%,$1.09B,$8.20B,13.30%,$1.09B,$36.17B,2.98%,$2.14B,$18.92B,10.99%,$2937,$947,$1990,$0,$872,$2137,$800,$-60,$741,$280,$460,$460,$455,$1179,$800,$193,196,$2.35,$2.32,$1151,$1022,$226,$3967,$22966,$69,$377,$1359,$32204,$36170,$3374,$10346,$4062,$24219,$27593,$3,$7871,$-18,$8577,$36170,$932,$1076,$472,$1548,$15,$10,$-190,$-307,$-437,$2009,$-1310,$0,$-33,$30,$-121,$-91,$-14,$-1448,$-303,$0,$-303,$-596,$-598,$-450,$0,$-1351,$-790,$0,$-435
37,2009-06-30,50.62,$45.18,1.12,$62.06,0.82,$10.51,4.82,$5.64,8.97,$4.43B,$3.50B,1.27,$10.49B,$8.77B,1.2,$12.28B,$6.83B,55.63%,$12.28B,$2.09B,17.03%,$12.28B,$2.09B,17.03%,$12.28B,$3.59B,29.26%,$12.28B,$1.60B,13.06%,$12.28B,$1.10B,8.99%,$1.10B,$8.86B,13.12%,$1.10B,$8.48B,13.74%,$1.10B,$36.49B,3.02%,$2.09B,$19.35B,10.57%,$2521,$844,$1677,$0,$879,$2046,$474,$-152,$322,$91,$232,$232,$227,$823,$474,$196,198,$1.16,$1.14,$1290,$1019,$359,$4430,$22819,$68,$377,$1436,$32055,$36485,$3501,$10485,$4009,$24124,$27625,$3,$7563,$-11,$8860,$36485,$472,$697,$213,$910,$2,$-4,$-58,$-392,$-484,$1016,$-932,$0,$-63,$17,$-144,$-127,$3,$-1119,$-239,$0,$-239,$3,$3,$-299,$0,$-536,$-640,$0,$-289
38,2009-03-31,44.01,$44.49,0.99,$65.84,0.67,$10.80,4.07,$5.87,7.5,$4.87B,$3.25B,1.5,$11.22B,$8.63B,1.3,$13.02B,$6.94B,53.32%,$13.02B,$2.18B,16.78%,$13.02B,$2.18B,16.78%,$13.02B,$3.63B,27.90%,$13.02B,$1.74B,13.37%,$13.02B,$1.15B,8.81%,$1.15B,$8.72B,14.30%,$1.15B,$8.35B,15.01%,$1.15B,$36.61B,3.18%,$2.18B,$19.94B,11.18%,$2789,$1170,$1620,$0,$836,$2283,$507,$-103,$403,$163,$240,$240,$235,$855,$507,$193,198,$1.22,$1.20,$1823,$1016,$414,$4865,$22620,$64,$377,$1489,$31747,$36613,$3254,$11216,$3926,$24634,$27888,$3,$7482,$-58,$8724,$36613,$240,$348,$128,$476,$102,$-18,$-134,$-322,$-421,$375,$-456,$0,$-72,$7,$-119,$-111,$-8,$-647,$275,$25,$300,$1,$1,$-147,$0,$154,$-118,$0,$-142
39,2008-12-31,53.18,$42.57,1.25,$66.20,0.8,$11.30,4.7,$6.23,8.54,$5.16B,$3.77B,1.37,$11.52B,$7.97B,1.45,$13.09B,$7.03B,53.65%,$13.09B,$2.28B,17.44%,$13.09B,$2.28B,17.44%,$13.09B,$3.67B,28.06%,$13.09B,$1.84B,14.08%,$13.09B,$1.22B,9.32%,$1.22B,$8.06B,15.74%,$1.22B,$7.68B,16.54%,$1.22B,$36.62B,3.45%,$2.28B,$19.58B,12.01%,$3001,$1399,$1602,$0,$962,$2644,$357,$-122,$234,$59,$176,$176,$171,$851,$357,$191,201,$0.90,$0.86,$1933,$992,$561,$5160,$22429,$66,$377,$1387,$31456,$36617,$3766,$11517,$3987,$24790,$28556,$2,$7383,$-113,$8061,$36617,$1241,$1392,$346,$1738,$79,$-8,$-23,$346,$516,$3324,$-2349,$0,$-41,$-66,$-134,$-200,$1,$-2590,$970,$30,$1000,$-478,$-478,$-593,$0,$-71,$667,$0,$-573
40,2008-09-30,56.42,$42.02,1.34,$64.75,0.87,$9.64,5.85,$6.30,8.95,$5.89B,$3.32B,1.77,$12.26B,$7.98B,1.54,$12.83B,$6.99B,54.51%,$12.83B,$2.26B,17.58%,$12.83B,$2.26B,17.58%,$12.83B,$3.45B,26.90%,$12.83B,$1.86B,14.50%,$12.83B,$1.24B,9.70%,$1.24B,$7.98B,16.14%,$1.24B,$7.60B,16.97%,$1.24B,$36.46B,3.59%,$2.26B,$20.24B,12.14%,$3964,$2034,$1930,$0,$836,$3212,$752,$-109,$644,$168,$475,$475,$470,$1063,$752,$190,195,$2.47,$2.41,$2577,$984,$451,$5887,$22052,$78,$377,$1458,$30571,$36458,$3319,$12261,$4356,$25162,$28481,$2,$7354,$-111,$7977,$36458,$1065,$897,$893,$1790,$-265,$-20,$127,$236,$69,$2693,$-1592,$0,$-41,$-228,$-79,$-307,$-2,$-1943,$1429,$0,$1429,$-432,$-432,$-446,$0,$551,$1302,$0,$-431
41,2008-06-30,75.81,$38.43,1.97,$60.82,1.25,$5.44,13.94,$6.19,12.25,$4.74B,$3.45B,1.37,$11.04B,$7.32B,1.51,$12.15B,$7.02B,57.78%,$12.15B,$2.31B,19.04%,$12.15B,$2.31B,19.04%,$12.15B,$3.48B,28.64%,$12.15B,$1.91B,15.70%,$12.15B,$1.24B,10.16%,$1.24B,$7.32B,16.02%,$1.24B,$6.95B,16.85%,$1.24B,$34.69B,3.64%,$2.31B,$18.37B,12.79%,$3264,$1475,$1789,$0,$892,$2696,$568,$-109,$459,$183,$276,$276,$271,$863,$568,$191,198,$1.42,$1.37,$1097,$946,$839,$4738,$21294,$77,$377,$1336,$29955,$34693,$3452,$11043,$4623,$23918,$27371,$2,$7028,$-511,$7323,$34693,$590,$586,$446,$1032,$-217,$-12,$358,$-733,$-654,$914,$-772,$0,$-41,$-95,$-108,$-203,$9,$-1008,$417,$150,$567,$-342,$-342,$-298,$0,$-73,$-167,$0,$-288
42,2008-03-31,68.19,$39.99,1.71,$57.93,1.18,$4.69,14.54,$6.14,11.11,$3.95B,$3.21B,1.23,$10.20B,$7.67B,1.33,$11.66B,$6.80B,58.38%,$11.66B,$2.22B,19.07%,$11.66B,$2.22B,19.07%,$11.66B,$3.38B,28.97%,$11.66B,$1.82B,15.64%,$11.66B,$1.23B,10.57%,$1.23B,$7.67B,15.75%,$1.23B,$7.30B,16.55%,$1.23B,$33.77B,3.66%,$2.22B,$17.88B,12.31%,$2865,$1161,$1704,$0,$771,$2259,$606,$-99,$507,$193,$314,$314,$309,$897,$606,$193,198,$1.60,$1.56,$943,$936,$409,$3946,$21191,$76,$377,$1249,$29819,$33765,$3206,$10203,$4286,$22885,$26092,$2,$6900,$-207,$7673,$33765,$314,$291,$135,$426,$-9,$-23,$10,$-336,$-393,$448,$-430,$0,$-72,$8,$-86,$-78,$-8,$-588,$107,$0,$107,$-154,$-154,$-152,$0,$-199,$-338,$0,$-145
43,2007-12-31,74.18,$40.71,1.82,$56.56,1.31,$5.52,13.44,$5.61,13.22,$3.96B,$3.26B,1.22,$9.95B,$7.86B,1.27,$11.48B,$6.56B,57.14%,$11.48B,$2.06B,17.90%,$11.48B,$2.06B,17.90%,$11.48B,$3.19B,27.76%,$11.48B,$1.67B,14.58%,$11.48B,$1.14B,9.88%,$1.14B,$7.86B,14.43%,$1.14B,$7.49B,15.16%,$1.14B,$33.64B,3.44%,$2.06B,$17.81B,11.48%,$2732,$1164,$1568,$0,$948,$2402,$329,$-79,$250,$31,$219,$219,$194,$627,$329,$197,203,$0.98,$0.95,$1273,$901,$268,$3958,$20974,$79,$377,$1211,$29685,$33643,$3257,$9949,$4179,$22524,$25780,$2,$6736,$8,$7863,$33643,$1160,$1132,$453,$1585,$-63,$-10,$-103,$126,$-226,$2560,$-1914,$0,$13,$22,$-322,$-300,$83,$-2118,$1496,$0,$1496,$-1137,$-1185,$-533,$0,$-222,$238,$0,$-507
44,2007-09-30,66.79,$41.03,1.63,$54.82,1.22,$10.50,6.36,$5.92,11.28,$4.24B,$2.72B,1.56,$10.32B,$7.97B,1.3,$11.23B,$6.33B,56.34%,$11.23B,$2.01B,17.86%,$11.23B,$2.01B,17.86%,$11.23B,$3.11B,27.68%,$11.23B,$1.70B,15.14%,$11.23B,$1.21B,10.76%,$1.21B,$7.97B,15.21%,$1.21B,$7.59B,15.97%,$1.21B,$33.76B,3.74%,$2.01B,$18.29B,11.30%,$3289,$1330,$1959,$0,$841,$2479,$810,$-118,$692,$231,$461,$461,$461,$1093,$810,$195,201,$2.37,$2.30,$1467,$881,$143,$4238,$20577,$79,$377,$1219,$29520,$33759,$2724,$10324,$4284,$23065,$25789,$2,$6688,$8,$7970,$33759,$941,$834,$576,$1409,$-317,$0,$-156,$-19,$-661,$1627,$-1337,$0,$13,$72,$-199,$-127,$0,$-1451,$1547,$60,$1607,$-965,$-968,$-381,$0,$258,$451,$0,$-362
45,2007-06-30,65.73,$39.72,1.65,$53.74,1.22,$13.46,4.88,$5.45,12.06,$4.04B,$2.49B,1.62,$10.48B,$7.79B,1.35,$11.20B,$6.03B,53.84%,$11.20B,$1.84B,16.43%,$11.20B,$1.84B,16.43%,$11.20B,$2.93B,26.15%,$11.20B,$1.60B,14.30%,$11.20B,$1.14B,10.15%,$1.14B,$7.79B,14.04%,$1.14B,$7.41B,14.73%,$1.14B,$33.42B,3.60%,$1.84B,$18.27B,10.51%,$2769,$1197,$1573,$0,$801,$2291,$478,$-104,$374,$106,$268,$268,$268,$759,$478,$197,203,$1.36,$1.32,$1320,$875,$216,$4037,$20835,$79,$377,$1248,$29378,$33415,$2490,$10478,$4300,$23137,$25627,$2,$6373,$-42,$7788,$33415,$480,$551,$607,$1158,$-123,$-11,$-137,$1,$-488,$964,$-971,$0,$13,$74,$-132,$-58,$0,$-1016,$1342,$0,$1342,$-772,$-774,$-229,$0,$339,$304,$0,$-215
46,2007-03-31,63.95,$39.63,1.61,$52.55,1.22,$15.62,4.09,$5.46,11.71,$3.30B,$2.09B,1.58,$9.42B,$7.84B,1.2,$11.06B,$5.85B,52.85%,$11.06B,$1.85B,16.72%,$11.06B,$1.85B,16.72%,$11.06B,$2.91B,26.33%,$11.06B,$1.62B,14.64%,$11.06B,$1.15B,10.41%,$1.15B,$7.84B,14.03%,$1.15B,$7.46B,14.71%,$1.15B,$31.15B,3.73%,$1.85B,$17.26B,10.70%,$2694,$1232,$1462,$0,$730,$2255,$439,$-80,$358,$146,$212,$212,$212,$709,$439,$201,206,$1.06,$1.03,$1080,$815,$0,$3296,$19538,$234,$377,$1212,$27851,$31147,$2088,$9415,$3515,$21219,$23308,$2,$6212,$-55,$7839,$31147,$212,$270,$401,$671,$66,$0,$-282,$116,$-312,$493,$-303,$0,$13,$106,$-83,$23,$0,$-267,$485,$0,$485,$-527,$-530,$-115,$0,$-159,$84,$0,$-109
47,2006-12-31,55.97,$40.45,1.38,$51.63,1.08,$15.93,3.51,$5.35,10.46,$3.33B,$2.47B,1.35,$8.99B,$8.20B,1.1,$10.93B,$5.65B,51.67%,$10.93B,$1.81B,16.51%,$10.93B,$1.81B,16.51%,$10.93B,$2.84B,25.98%,$10.93B,$1.58B,14.42%,$10.93B,$1.13B,10.36%,$1.13B,$8.20B,13.73%,$1.13B,$7.82B,14.39%,$1.13B,$31.08B,3.69%,$1.81B,$17.18B,10.46%,$2481,$1146,$1335,$0,$784,$2202,$279,$-1,$277,$-1,$279,$279,$268,$548,$279,$207,211,$1.31,$1.28,$1016,$798,$0,$3325,$19438,$229,$377,$1159,$27757,$31083,$2465,$8986,$3488,$20420,$22885,$2,$6113,$-101,$8198,$31083,$1133,$1035,$697,$1732,$408,$13,$-84,$526,$869,$3448,$-1721,$0,$77,$-6,$-296,$-302,$19,$-1928,$33,$-15,$18,$-514,$-624,$-478,$0,$-1084,$433,$0,$-449
