,Date,Stock Price,Book Value per Share,Price to Book Ratio,TTM Sales per Share,Price to Sales Ratio,TTM FCF per Share,Price to FCF Ratio,TTM Net EPS,PE Ratio,Current Assets,Current Liabilities,Current Ratio,Long Term Debt,Shareholder's Equity_x,Debt to Equity Ratio,TTM Revenue_x,TTM Gross Profit,Gross Margin,TTM Revenue_y,TTM Operating Income,Operating Margin,TTM Revenue_x,TTM EBIT,EBIT Margin,TTM Revenue_y,TTM EBITDA,EBITDA Margin,TTM Revenue_x,TTM Pre-Tax Income,Pre-Tax Margin,TTM Revenue_y,TTM Net Income_x,Net Margin,TTM Net Income_y,Shareholder's Equity_y,Return on Equity,TTM Net Income_x,Tangible Equity,Return on Tangible Equity,TTM Net Income_y,Total Assets,Return on Assets,TTM Net Income,LT Investments & Debt,Return on Investment,revenue,cost-goods-sold,gross-profit,research-development-expenses,selling-general-administrative-expenses,operating-expenses,operating-income,total-non-operating-income-expense,pre-tax-income,total-provision-income-taxes,income-after-taxes,income-from-continuous-operations,net-income,ebitda,ebit,basic-shares-outstanding,shares-outstanding,eps-basic-net-earnings-per-share,eps-earnings-per-share-diluted,cash-on-hand,inventory,other-current-assets,total-current-assets,net-property-plant-equipment,long-term-investments,goodwill-intangible-assets-total,other-long-term-assets,total-long-term-assets,total-assets,total-current-liabilities,long-term-debt,other-non-current-liabilities,total-long-term-liabilities,total-liabilities,common-stock-net,retained-earnings-accumulated-deficit,comprehensive-income,total-share-holder-equity,total-liabilities-share-holders-equity,net-income-loss,total-depreciation-amortization-cash-flow,other-non-cash-items,total-non-cash-items,change-in-accounts-receivable,change-in-inventories,change-in-accounts-payable,change-in-assets-liabilities,total-change-in-assets-liabilities,cash-flow-from-operating-activities,net-change-in-property-plant-equipment,net-change-in-intangible-assets,net-acquisitions-divestitures,net-change-in-short-term-investments,net-change-in-long-term-investments,net-change-in-investments-total,investing-activities-other,cash-flow-from-investing-activities,net-long-term-debt,net-current-debt,debt-issuance-retirement-net-total,net-common-equity-issued-repurchased,net-total-equity-issued-repurchased,total-common-preferred-stock-dividends-paid,financial-activities-other,cash-flow-from-financial-activities,net-cash-flow,stock-based-compensation,common-stock-dividends-paid
0,2018-07-31,53.13,$9.34,5.69,$13.74,3.87,$1.07,49.64,$2.93,18.13,$2.53B,$0.30B,8.35,$1.26B,$1.11B,1.14,$1.67B,$1.67B,100.00%,$1.67B,$0.55B,32.83%,$1.67B,$0.55B,32.83%,$1.67B,$0.59B,35.29%,$1.67B,$0.54B,32.24%,$1.67B,$0.36B,21.47%,$0.36B,$1.11B,33.31%,$0.36B,$0.76B,49.06%,$0.36B,$3.09B,13.93%,$0.55B,$2.37B,28.93%,$431,$0,$431,$0,$188,$288,$142,$-0,$142,$37,$105,$108,$102,$153,$142,$115,123,$0.89,$0.83,$2312,$0,$0,$2531,$51,$0,$343,$68,$555,$3086,$303,$1262,$106,$1677,$1980,$0,$1086,$-50,$1106,$3086,$293,$32,$78,$110,$-19,$-210,$15,$-38,$-252,$151,$-13,$0,$0,$0,$-22,$-22,$-117,$-153,$133,$3,$136,$-124,$-124,$-110,$53,$-45,$-48,$67,$-110
1,2018-04-30,54.07,$9.14,5.92,$13.60,3.98,$0.72,75.52,$2.68,20.18,$1.94B,$0.24B,8.05,$0.73B,$1.09B,0.67,$1.64B,$1.64B,100.00%,$1.64B,$0.53B,32.29%,$1.64B,$0.53B,32.29%,$1.64B,$0.57B,34.62%,$1.64B,$0.51B,31.31%,$1.64B,$0.32B,19.82%,$0.32B,$1.09B,31.56%,$0.32B,$0.75B,47.75%,$0.32B,$2.50B,13.94%,$0.53B,$1.82B,31.33%,$414,$0,$414,$0,$183,$282,$133,$-5,$127,$34,$93,$96,$97,$144,$133,$116,124,$0.84,$0.78,$1738,$0,$0,$1944,$50,$0,$345,$73,$554,$2498,$241,$728,$101,$1163,$1405,$0,$1021,$-44,$1093,$2498,$185,$21,$85,$106,$-5,$-185,$8,$-101,$-283,$8,$-8,$0,$0,$0,$-13,$-13,$-83,$-104,$77,$3,$80,$-56,$-56,$-74,$47,$-3,$-99,$45,$-74
2,2018-01-31,57.14,$9.13,6.26,$13.48,4.24,$0.85,67.62,$2.52,22.68,$1.85B,$0.20B,9.4,$0.66B,$1.10B,0.6,$1.60B,$1.60B,100.00%,$1.60B,$0.51B,32.14%,$1.60B,$0.51B,32.14%,$1.60B,$0.55B,34.46%,$1.60B,$0.50B,31.58%,$1.60B,$0.30B,18.73%,$0.30B,$1.10B,31.46%,$0.30B,$0.75B,49.81%,$0.30B,$2.40B,13.33%,$0.51B,$1.76B,31.19%,$421,$0,$421,$0,$191,$286,$136,$-2,$134,$49,$85,$89,$78,$145,$136,$115,124,$0.68,$0.63,$1640,$0,$0,$1854,$50,$0,$347,$65,$543,$2397,$197,$656,$140,$1100,$1297,$0,$961,$-35,$1100,$2397,$89,$10,$58,$68,$-13,$-93,$5,$-115,$-217,$-60,$-3,$0,$0,$0,$-20,$-20,$-24,$-47,$24,$1,$25,$8,$8,$-37,$31,$26,$-77,$24,$-37
3,2017-10-31,49.63,$8.54,5.81,$13.17,3.77,$1.04,47.82,$2.42,20.51,$1.74B,$0.32B,5.44,$0.63B,$1.01B,0.62,$1.53B,$1.53B,100.00%,$1.53B,$0.48B,31.50%,$1.53B,$0.48B,31.50%,$1.53B,$0.52B,33.92%,$1.53B,$0.47B,30.65%,$1.53B,$0.28B,18.43%,$0.28B,$1.01B,32.73%,$0.28B,$0.66B,55.11%,$0.28B,$2.33B,13.54%,$0.48B,$1.64B,31.41%,$406,$0,$406,$0,$174,$267,$138,$-2,$136,$50,$87,$90,$82,$148,$138,$111,116,$0.73,$0.69,$1540,$0,$0,$1741,$49,$0,$349,$83,$590,$2331,$320,$631,$116,$999,$1319,$0,$921,$-47,$1012,$2331,$306,$35,$101,$136,$-14,$-397,$7,$26,$-378,$65,$-13,$0,$-64,$0,$16,$16,$-31,$-91,$56,$5,$61,$85,$85,$-126,$191,$210,$186,$80,$-126
4,2017-07-31,47.98,$7.74,6.2,$12.73,3.77,$3.48,13.77,$2.30,20.86,$1.50B,$0.26B,5.74,$0.62B,$0.90B,0.69,$1.47B,$1.47B,100.00%,$1.47B,$0.46B,30.93%,$1.47B,$0.46B,30.93%,$1.47B,$0.49B,33.38%,$1.47B,$0.44B,29.78%,$1.47B,$0.27B,18.01%,$0.27B,$0.90B,33.77%,$0.27B,$0.55B,59.09%,$0.27B,$2.07B,13.71%,$0.46B,$1.52B,31.54%,$394,$0,$394,$0,$179,$273,$121,$-6,$115,$42,$73,$75,$67,$129,$121,$111,117,$0.61,$0.58,$1300,$0,$0,$1502,$47,$0,$352,$69,$572,$2074,$262,$619,$103,$910,$1172,$0,$876,$-42,$902,$2074,$217,$26,$79,$105,$-15,$-222,$10,$4,$-223,$99,$-8,$0,$-64,$0,$11,$11,$0,$-61,$44,$3,$47,$5,$5,$-94,$127,$84,$126,$60,$-94
5,2017-04-30,41.72,$6.83,6.11,$12.37,3.37,$5.06,8.24,$2.27,18.38,$1.61B,$0.20B,7.92,$0.87B,$0.79B,1.1,$1.42B,$1.42B,100.00%,$1.42B,$0.44B,31.10%,$1.42B,$0.44B,31.10%,$1.42B,$0.48B,33.64%,$1.42B,$0.43B,30.04%,$1.42B,$0.26B,18.41%,$0.26B,$0.79B,36.49%,$0.26B,$0.44B,66.45%,$0.26B,$2.17B,13.64%,$0.44B,$1.66B,30.12%,$375,$0,$375,$0,$167,$257,$118,$1,$119,$45,$74,$78,$72,$128,$118,$111,116,$0.65,$0.62,$1414,$0,$0,$1605,$46,$0,$354,$56,$562,$2167,$203,$868,$108,$1176,$1379,$0,$841,$-60,$788,$2167,$142,$18,$47,$65,$-5,$-163,$5,$-23,$-187,$21,$-6,$0,$-64,$0,$6,$6,$0,$-64,$299,$3,$302,$-34,$-34,$-63,$77,$282,$239,$39,$-63
6,2017-01-31,40.49,$6.46,6.27,$11.98,3.38,$6.42,6.31,$2.13,19.01,$1.21B,$0.17B,7.13,$0.57B,$0.74B,0.77,$1.37B,$1.37B,100.00%,$1.37B,$0.42B,30.67%,$1.37B,$0.42B,30.67%,$1.37B,$0.45B,33.24%,$1.37B,$0.41B,30.01%,$1.37B,$0.24B,17.86%,$0.24B,$0.74B,36.30%,$0.24B,$0.40B,67.22%,$0.24B,$1.76B,13.17%,$0.42B,$1.32B,28.99%,$355,$0,$355,$0,$166,$250,$105,$-7,$99,$37,$62,$64,$61,$114,$105,$110,115,$0.55,$0.53,$1025,$0,$0,$1212,$45,$0,$345,$55,$547,$1759,$170,$572,$123,$845,$1015,$0,$801,$-51,$744,$1759,$64,$8,$36,$44,$-0,$-113,$8,$-36,$-142,$-33,$-2,$0,$-52,$0,$4,$4,$0,$-50,$0,$2,$2,$-26,$-26,$-32,$34,$-21,$-104,$20,$-32
7,2016-10-31,33.63,$6.18,5.44,$11.78,2.86,$7.46,4.51,$2.10,16.01,$1.20B,$0.27B,4.45,$0.57B,$0.71B,0.81,$1.34B,$1.34B,100.00%,$1.34B,$0.42B,30.90%,$1.34B,$0.42B,30.90%,$1.34B,$0.45B,33.51%,$1.34B,$0.41B,30.45%,$1.34B,$0.24B,17.94%,$0.24B,$0.71B,38.00%,$0.24B,$0.41B,71.20%,$0.24B,$1.73B,12.78%,$0.42B,$1.28B,27.46%,$347,$0,$347,$0,$155,$236,$111,$-7,$105,$41,$64,$66,$65,$120,$111,$110,114,$0.61,$0.59,$1014,$0,$0,$1200,$44,$0,$295,$86,$530,$1730,$270,$572,$75,$756,$1026,$0,$773,$-58,$705,$1730,$265,$36,$168,$204,$1,$-93,$-5,$-31,$-129,$341,$-11,$-0,$-10,$0,$0,$0,$-88,$-108,$0,$3,$3,$-142,$-142,$-119,$-12,$-270,$-41,$71,$-119
8,2016-07-31,35.99,$5.51,6.53,$11.62,3.1,$6.33,5.68,$2.06,17.47,$1.54B,$0.23B,6.74,$0.98B,$0.62B,1.58,$1.34B,$1.34B,100.00%,$1.34B,$0.42B,31.04%,$1.34B,$0.42B,31.04%,$1.34B,$0.45B,33.66%,$1.34B,$0.40B,29.99%,$1.34B,$0.24B,17.95%,$0.24B,$0.62B,39.12%,$0.24B,$0.33B,75.41%,$0.24B,$2.00B,12.11%,$0.42B,$1.61B,25.80%,$341,$0,$341,$0,$153,$234,$107,$-4,$103,$40,$63,$66,$63,$115,$107,$110,114,$0.57,$0.55,$1340,$0,$22,$1544,$45,$0,$297,$56,$455,$1999,$229,$984,$72,$1146,$1376,$0,$681,$-50,$624,$1999,$198,$27,$137,$164,$5,$-48,$2,$-45,$-86,$276,$-9,$-0,$-10,$0,$-8,$-8,$-82,$-109,$0,$2,$2,$-151,$-151,$-90,$-15,$-253,$-87,$54,$-90
9,2016-04-30,32.63,$5.41,6.04,$11.63,2.81,$5.25,6.22,$2.08,15.69,$1.46B,$0.18B,7.92,$0.97B,$0.62B,1.57,$1.35B,$1.35B,100.00%,$1.35B,$0.43B,31.43%,$1.35B,$0.43B,31.43%,$1.35B,$0.46B,34.10%,$1.35B,$0.41B,30.10%,$1.35B,$0.25B,18.12%,$0.25B,$0.62B,40.00%,$0.25B,$0.32B,77.17%,$0.25B,$1.92B,12.97%,$0.43B,$1.58B,28.22%,$323,$0,$323,$0,$150,$228,$96,$7,$103,$36,$67,$69,$55,$105,$96,$110,114,$0.50,$0.48,$1285,$0,$3,$1457,$46,$0,$299,$56,$464,$1921,$184,$966,$67,$1121,$1305,$0,$665,$-41,$616,$1921,$133,$18,$120,$138,$18,$-24,$-4,$-87,$-97,$174,$-5,$-0,$-10,$0,$9,$9,$-90,$-97,$0,$1,$1,$-118,$-118,$-60,$-15,$-192,$-114,$37,$-60
10,2016-01-31,26.89,$5.14,5.23,$11.73,2.29,$3.88,6.92,$2.18,12.33,$1.44B,$0.16B,8.95,$0.99B,$0.59B,1.67,$1.38B,$1.38B,100.00%,$1.38B,$0.45B,32.66%,$1.38B,$0.45B,32.66%,$1.38B,$0.49B,35.26%,$1.38B,$0.42B,30.49%,$1.38B,$0.26B,18.83%,$0.26B,$0.59B,42.11%,$0.26B,$0.30B,80.50%,$0.26B,$1.89B,14.04%,$0.45B,$1.58B,31.22%,$332,$0,$332,$0,$151,$231,$101,$-3,$98,$37,$61,$63,$58,$110,$101,$112,115,$0.52,$0.50,$1264,$0,$4,$1440,$45,$0,$291,$50,$453,$1893,$161,$987,$67,$1140,$1301,$0,$664,$-63,$592,$1893,$63,$9,$106,$116,$15,$-24,$2,$-85,$-92,$87,$-3,$0,$0,$0,$3,$3,$-83,$-82,$0,$1,$1,$-66,$-66,$-30,$-14,$-109,$-107,$18,$-30
11,2015-10-31,33.56,$5.37,6.25,$11.80,2.84,$2.58,13.02,$1.92,17.48,$1.63B,$0.28B,5.87,$1.04B,$0.62B,1.68,$1.40B,$1.40B,100.00%,$1.40B,$0.40B,28.56%,$1.40B,$0.40B,28.56%,$1.40B,$0.44B,31.13%,$1.40B,$0.37B,26.28%,$1.40B,$0.23B,16.38%,$0.23B,$0.62B,37.02%,$0.23B,$0.33B,70.39%,$0.23B,$2.12B,12.77%,$0.40B,$1.66B,29.06%,$341,$0,$341,$0,$150,$231,$111,$-14,$97,$39,$58,$61,$64,$120,$111,$113,118,$0.54,$0.53,$1440,$0,$0,$1627,$45,$0,$293,$83,$489,$2116,$277,$1042,$87,$1217,$1495,$0,$680,$-49,$622,$2116,$238,$37,$-57,$-20,$-1,$1,$1,$1,$2,$220,$-11,$0,$-9,$0,$59,$59,$45,$84,$104,$2,$106,$-194,$-194,$-116,$-18,$-221,$80,$69,$-116
12,2015-07-31,35.4,$5.32,6.66,$11.94,2.96,$1.56,22.63,$2.05,17.27,$1.14B,$0.23B,4.93,$0.58B,$0.62B,0.93,$1.43B,$1.43B,100.00%,$1.43B,$0.43B,29.98%,$1.43B,$0.43B,29.98%,$1.43B,$0.47B,32.56%,$1.43B,$0.40B,28.02%,$1.43B,$0.24B,16.77%,$0.24B,$0.62B,38.10%,$0.24B,$0.32B,71.59%,$0.24B,$1.63B,13.81%,$0.43B,$1.20B,32.75%,$356,$0,$356,$0,$156,$239,$117,$-8,$109,$43,$66,$69,$68,$126,$117,$113,118,$0.60,$0.57,$958,$0,$4,$1142,$45,$0,$296,$76,$484,$1626,$231,$578,$85,$774,$1006,$0,$674,$-47,$620,$1626,$177,$28,$68,$96,$6,$-107,$0,$-14,$-115,$158,$-8,$0,$-9,$0,$40,$40,$142,$165,$-144,$2,$-143,$-146,$-146,$-87,$-12,$-387,$-66,$53,$-87
13,2015-04-30,37.66,$5.39,6.98,$11.97,3.15,$0.22,172.84,$2.11,17.85,$1.28B,$0.19B,6.78,$0.70B,$0.64B,1.1,$1.44B,$1.44B,100.00%,$1.44B,$0.44B,30.70%,$1.44B,$0.44B,30.70%,$1.44B,$0.48B,33.26%,$1.44B,$0.42B,28.97%,$1.44B,$0.25B,17.33%,$0.25B,$0.64B,38.93%,$0.25B,$0.34B,71.94%,$0.25B,$1.77B,13.97%,$0.44B,$1.34B,32.41%,$352,$0,$352,$0,$150,$229,$122,$-5,$117,$44,$73,$76,$70,$131,$122,$114,120,$0.61,$0.58,$1092,$0,$0,$1275,$46,$0,$298,$93,$497,$1773,$188,$700,$113,$948,$1136,$0,$676,$-32,$636,$1773,$108,$18,$46,$64,$4,$-87,$1,$-71,$-153,$19,$-5,$0,$-9,$0,$35,$35,$22,$43,$-26,$1,$-25,$-88,$-88,$-58,$-12,$-183,$-122,$34,$-58
14,2015-01-31,36.68,$5.13,7.15,$11.91,3.08,$-1.20,0.0,$2.12,17.3,$1.20B,$0.17B,7.14,$0.71B,$0.61B,1.18,$1.45B,$1.45B,100.00%,$1.45B,$0.45B,30.87%,$1.45B,$0.45B,30.87%,$1.45B,$0.48B,33.49%,$1.45B,$0.42B,29.00%,$1.45B,$0.25B,17.51%,$0.25B,$0.61B,38.67%,$0.25B,$0.32B,70.38%,$0.25B,$1.69B,13.20%,$0.45B,$1.32B,29.64%,$355,$0,$355,$0,$226,$304,$51,$-4,$46,$17,$29,$33,$28,$60,$51,$115,120,$0.25,$0.24,$1014,$0,$1,$1197,$44,$0,$292,$96,$493,$1691,$168,$714,$98,$916,$1083,$0,$656,$-42,$607,$1691,$33,$10,$15,$25,$4,$-38,$11,$-101,$-124,$-67,$-2,$0,$0,$0,$17,$17,$18,$34,$-11,$0,$-11,$-47,$-47,$-29,$-16,$-103,$-138,$17,$-29
15,2014-10-31,33.35,$5.56,6.0,$11.84,2.82,$-2.01,0.0,$2.44,13.67,$1.35B,$0.28B,4.91,$0.73B,$0.66B,1.1,$1.45B,$1.45B,100.00%,$1.45B,$0.52B,35.79%,$1.45B,$0.52B,35.79%,$1.45B,$0.56B,38.55%,$1.45B,$0.49B,33.86%,$1.45B,$0.30B,20.41%,$0.30B,$0.66B,43.59%,$0.30B,$0.36B,77.54%,$0.30B,$1.86B,14.32%,$0.52B,$1.38B,34.73%,$368,$0,$368,$0,$146,$229,$139,$-11,$129,$48,$81,$85,$74,$149,$139,$116,122,$0.68,$0.66,$1166,$0,$0,$1353,$46,$0,$294,$104,$507,$1860,$276,$726,$93,$927,$1203,$0,$682,$-18,$657,$1860,$321,$39,$-40,$-1,$-16,$-187,$6,$-24,$-221,$99,$-8,$0,$0,$0,$68,$68,$125,$185,$53,$2,$55,$-234,$-294,$-106,$-15,$-359,$-77,$60,$-106
16,2014-07-31,31.6,$5.64,5.61,$11.72,2.69,$-1.86,0.0,$2.23,14.17,$1.37B,$0.24B,5.74,$0.76B,$0.67B,1.13,$1.44B,$1.44B,100.00%,$1.44B,$0.51B,35.09%,$1.44B,$0.51B,35.09%,$1.44B,$0.55B,37.94%,$1.44B,$0.47B,32.87%,$1.44B,$0.28B,19.39%,$0.28B,$0.67B,40.86%,$0.28B,$0.37B,72.85%,$0.28B,$1.84B,12.66%,$0.51B,$1.43B,31.12%,$368,$0,$368,$0,$153,$236,$131,$-5,$126,$49,$77,$81,$78,$140,$131,$116,121,$0.66,$0.63,$1192,$0,$2,$1365,$46,$0,$296,$58,$471,$1836,$238,$757,$72,$929,$1167,$0,$679,$-5,$669,$1836,$236,$29,$-73,$-44,$-1,$-182,$11,$-24,$-196,$-4,$-6,$0,$0,$0,$56,$56,$108,$158,$84,$2,$86,$-184,$-244,$-80,$-16,$-254,$-100,$46,$-80
17,2014-04-30,32.25,$5.67,5.69,$11.52,2.8,$-1.82,0.0,$1.78,18.12,$1.81B,$0.19B,9.47,$1.20B,$0.68B,1.76,$1.42B,$1.42B,100.00%,$1.42B,$0.49B,34.69%,$1.42B,$0.49B,34.69%,$1.42B,$0.54B,37.86%,$1.42B,$0.40B,27.80%,$1.42B,$0.22B,15.69%,$0.22B,$0.68B,32.84%,$0.22B,$0.39B,59.19%,$0.22B,$2.28B,10.03%,$0.49B,$1.89B,31.34%,$354,$0,$354,$0,$149,$229,$125,$-7,$118,$45,$73,$78,$73,$135,$125,$118,123,$0.62,$0.59,$1629,$0,$9,$1809,$47,$0,$299,$56,$473,$2281,$191,$1203,$81,$1406,$1597,$0,$643,$-6,$684,$2281,$155,$20,$-101,$-80,$-2,$-179,$9,$-58,$-230,$-155,$-4,$0,$0,$0,$43,$43,$85,$124,$118,$2,$120,$-103,$-163,$-54,$-21,$-118,$-150,$29,$-54
18,2014-01-31,33.82,$5.75,5.88,$11.33,2.99,$-0.96,0.0,$1.69,20.01,$1.81B,$0.18B,10.19,$0.57B,$0.71B,0.81,$1.40B,$1.40B,100.00%,$1.40B,$0.48B,34.02%,$1.40B,$0.48B,34.02%,$1.40B,$0.52B,37.31%,$1.40B,$0.38B,27.38%,$1.40B,$0.21B,15.15%,$0.21B,$0.71B,31.58%,$0.21B,$0.41B,57.84%,$0.21B,$2.29B,9.98%,$0.48B,$1.28B,34.26%,$360,$0,$360,$0,$154,$236,$124,$-6,$118,$45,$73,$77,$71,$135,$124,$118,124,$0.59,$0.56,$1641,$0,$3,$1812,$47,$0,$301,$69,$481,$2293,$178,$574,$718,$1409,$1587,$0,$596,$-9,$706,$2293,$77,$11,$-101,$-91,$1,$-71,$9,$-97,$-157,$-171,$-2,$0,$0,$0,$-3,$-3,$46,$42,$152,$1,$153,$-17,$-77,$-27,$-19,$30,$-100,$15,$-27
19,2013-10-31,36.94,$5.52,6.69,$11.11,3.33,$-0.19,0.0,$1.51,24.46,$1.90B,$0.26B,7.43,$1.23B,$0.67B,1.82,$1.36B,$1.36B,100.00%,$1.36B,$0.45B,33.36%,$1.36B,$0.45B,33.36%,$1.36B,$0.50B,36.67%,$1.36B,$0.36B,26.51%,$1.36B,$0.19B,13.70%,$0.19B,$0.67B,29.11%,$0.19B,$0.37B,55.98%,$0.19B,$2.41B,9.29%,$0.45B,$1.90B,33.84%,$357,$0,$357,$0,$148,$232,$125,$-14,$111,$45,$67,$72,$57,$136,$125,$117,122,$0.49,$0.47,$1721,$0,$6,$1897,$49,$0,$303,$79,$511,$2407,$255,$1225,$116,$1480,$1736,$0,$552,$-0,$672,$2407,$230,$45,$127,$172,$-31,$-251,$-5,$1,$-286,$116,$-6,$-0,$-86,$0,$100,$100,$170,$177,$-157,$2,$-155,$46,$46,$-216,$31,$-293,$-0,$59,$-216
20,2013-07-31,35.57,$5.39,6.6,$10.88,3.27,$0.43,83.34,$1.51,23.55,$1.39B,$0.22B,6.43,$0.57B,$0.65B,0.88,$1.31B,$1.31B,100.00%,$1.31B,$0.43B,33.10%,$1.31B,$0.43B,33.10%,$1.31B,$0.48B,36.61%,$1.31B,$0.36B,27.38%,$1.31B,$0.18B,13.81%,$0.18B,$0.65B,28.98%,$0.18B,$0.35B,53.20%,$0.18B,$1.91B,9.55%,$0.43B,$1.23B,34.59%,$350,$0,$350,$0,$151,$232,$119,$-71,$48,$25,$22,$25,$22,$132,$119,$118,124,$0.19,$0.18,$1229,$0,$2,$1393,$50,$0,$306,$86,$518,$1910,$217,$573,$369,$1040,$1256,$0,$524,$1,$654,$1910,$158,$34,$74,$108,$-22,$-194,$-5,$-46,$-266,$-0,$-4,$-0,$-86,$0,$71,$71,$185,$165,$-139,$2,$-137,$53,$53,$-191,$29,$-247,$-83,$40,$-191
21,2013-04-30,34.88,$5.38,6.49,$10.66,3.27,$1.70,20.51,$1.77,19.7,$1.40B,$0.17B,8.16,$0.50B,$0.65B,0.77,$1.26B,$1.26B,100.00%,$1.26B,$0.41B,32.54%,$1.26B,$0.41B,32.54%,$1.26B,$0.45B,36.03%,$1.26B,$0.41B,32.38%,$1.26B,$0.21B,16.51%,$0.21B,$0.65B,34.71%,$0.21B,$0.35B,61.63%,$0.21B,$1.89B,10.96%,$0.41B,$1.15B,33.86%,$332,$0,$332,$0,$145,$224,$108,$-2,$106,$38,$68,$71,$62,$119,$108,$117,123,$0.53,$0.50,$1243,$0,$6,$1401,$52,$0,$308,$52,$486,$1887,$172,$500,$442,$1063,$1234,$0,$528,$1,$653,$1887,$133,$21,$-6,$15,$-14,$-127,$-3,$-56,$-201,$-52,$-2,$-0,$-86,$0,$63,$63,$114,$88,$-84,$2,$-82,$65,$65,$-167,$7,$-177,$-142,$27,$-167
22,2013-01-31,31.5,$4.79,6.57,$10.60,2.97,$2.54,12.42,$1.71,18.42,$1.28B,$0.13B,10.2,$0.50B,$0.58B,0.87,$1.23B,$1.23B,100.00%,$1.23B,$0.40B,32.52%,$1.23B,$0.40B,32.52%,$1.23B,$0.45B,36.17%,$1.23B,$0.40B,32.44%,$1.23B,$0.20B,15.98%,$0.20B,$0.58B,34.87%,$0.20B,$0.27B,60.43%,$0.20B,$1.80B,10.34%,$0.40B,$1.08B,34.08%,$319,$0,$319,$0,$143,$218,$101,$-6,$95,$36,$59,$62,$45,$111,$101,$115,119,$0.39,$0.38,$1130,$0,$1,$1279,$53,$0,$309,$91,$524,$1804,$125,$500,$511,$1101,$1226,$0,$488,$2,$577,$1804,$62,$11,$-0,$10,$-9,$-41,$-2,$-92,$-145,$-72,$-1,$0,$-81,$0,$44,$44,$51,$12,$-39,$1,$-38,$47,$47,$-167,$-26,$-184,$-244,$14,$-167
23,2012-10-31,23.57,$5.28,4.47,$10.50,2.24,$3.07,7.69,$1.73,13.63,$1.55B,$0.23B,6.8,$0.95B,$0.61B,1.54,$1.21B,$1.21B,100.00%,$1.21B,$0.39B,32.48%,$1.21B,$0.39B,32.48%,$1.21B,$0.44B,36.36%,$1.21B,$0.40B,33.39%,$1.21B,$0.20B,16.36%,$0.20B,$0.61B,36.67%,$0.20B,$0.40B,60.64%,$0.20B,$1.98B,10.35%,$0.39B,$1.56B,34.12%,$310,$0,$310,$0,$129,$204,$106,$4,$110,$38,$73,$74,$52,$118,$106,$112,115,$0.45,$0.45,$1416,$0,$1,$1551,$55,$0,$214,$89,$428,$1979,$228,$947,$92,$1138,$1366,$0,$585,$4,$614,$1979,$265,$47,$-6,$41,$-3,$-143,$8,$11,$-127,$179,$-4,$-0,$-12,$0,$-127,$-127,$53,$-91,$-29,$1,$-28,$-51,$-51,$-88,$30,$-137,$-49,$56,$-88
24,2012-07-31,22.07,$4.80,4.6,$10.29,2.15,$2.90,7.62,$1.68,13.14,$1.51B,$0.19B,7.97,$0.50B,$0.55B,0.91,$1.20B,$1.20B,100.00%,$1.20B,$0.39B,32.75%,$1.20B,$0.39B,32.75%,$1.20B,$0.44B,36.84%,$1.20B,$0.38B,31.50%,$1.20B,$0.19B,15.96%,$0.19B,$0.55B,38.07%,$0.19B,$0.34B,65.98%,$0.19B,$1.92B,10.18%,$0.39B,$1.05B,34.92%,$299,$0,$299,$0,$127,$204,$95,$2,$97,$34,$63,$63,$49,$106,$95,$112,115,$0.44,$0.43,$1378,$0,$1,$1506,$58,$0,$216,$76,$417,$1924,$189,$500,$569,$1182,$1371,$0,$553,$3,$553,$1924,$190,$35,$0,$35,$3,$-72,$6,$-18,$-81,$145,$-3,$-0,$-12,$0,$51,$51,$20,$55,$0,$1,$1,$-54,$-54,$-66,$8,$-111,$89,$43,$-66
25,2012-04-30,21.73,$4.47,4.86,$10.39,2.09,$2.61,8.32,$1.79,12.14,$1.46B,$0.15B,9.65,$0.50B,$0.52B,0.97,$1.23B,$1.23B,100.00%,$1.23B,$0.41B,33.63%,$1.23B,$0.41B,33.63%,$1.23B,$0.47B,37.96%,$1.23B,$0.39B,32.00%,$1.23B,$0.21B,17.06%,$0.21B,$0.52B,43.00%,$0.21B,$0.30B,76.07%,$0.21B,$1.92B,11.27%,$0.41B,$1.02B,33.46%,$305,$0,$305,$0,$131,$206,$99,$-1,$98,$35,$63,$63,$51,$111,$99,$112,116,$0.46,$0.44,$1324,$0,$6,$1459,$61,$0,$218,$111,$457,$1916,$151,$500,$614,$1249,$1400,$0,$516,$3,$516,$1916,$128,$24,$23,$47,$2,$-59,$2,$-71,$-126,$48,$-2,$-0,$-12,$0,$41,$41,$-7,$19,$0,$0,$0,$-40,$-40,$-44,$20,$-64,$4,$29,$-44
26,2012-01-31,21.07,$4.12,5.11,$10.34,2.04,$2.60,8.12,$1.85,11.39,$1.43B,$0.13B,10.76,$0.50B,$0.48B,1.05,$1.24B,$1.24B,100.00%,$1.24B,$0.42B,33.98%,$1.24B,$0.42B,33.98%,$1.24B,$0.48B,38.59%,$1.24B,$0.39B,31.39%,$1.24B,$0.22B,17.72%,$0.22B,$0.48B,45.98%,$0.22B,$0.27B,82.33%,$0.22B,$1.84B,11.99%,$0.42B,$0.98B,31.25%,$296,$0,$296,$0,$129,$203,$93,$6,$99,$35,$63,$65,$46,$105,$93,$113,115,$0.41,$0.40,$1299,$0,$1,$1427,$64,$0,$208,$67,$408,$1835,$133,$500,$606,$1225,$1357,$0,$478,$2,$477,$1835,$65,$12,$12,$24,$4,$-70,$10,$-40,$-97,$-8,$-1,$0,$0,$0,$8,$8,$-3,$4,$0,$0,$0,$-29,$-29,$-22,$19,$-32,$-36,$16,$-22
27,2011-10-31,21.41,$3.99,5.37,$10.30,2.08,$3.13,6.84,$1.75,12.23,$1.41B,$0.21B,6.7,$0.98B,$0.46B,2.13,$1.25B,$1.25B,100.00%,$1.25B,$0.43B,34.11%,$1.25B,$0.43B,34.11%,$1.25B,$0.49B,39.07%,$1.25B,$0.38B,30.58%,$1.25B,$0.21B,16.89%,$0.21B,$0.46B,44.61%,$0.21B,$0.25B,80.38%,$0.21B,$1.83B,11.64%,$0.43B,$1.44B,29.28%,$297,$0,$297,$0,$114,$193,$105,$-22,$83,$38,$45,$46,$45,$119,$105,$115,120,$0.40,$0.40,$1278,$0,$3,$1411,$67,$0,$210,$74,$420,$1831,$211,$983,$76,$1159,$1370,$0,$463,$1,$461,$1831,$228,$61,$125,$186,$0,$-215,$-7,$-20,$-242,$172,$-11,$-2,$-12,$0,$157,$157,$1,$134,$0,$1,$1,$-138,$-138,$-85,$119,$-103,$203,$52,$-85
28,2011-07-31,21.69,$4.17,5.2,$10.25,2.12,$2.46,8.8,$1.76,12.32,$1.43B,$0.20B,7.14,$1.00B,$0.49B,2.04,$1.25B,$1.25B,100.00%,$1.25B,$0.42B,33.68%,$1.25B,$0.42B,33.68%,$1.25B,$0.49B,38.88%,$1.25B,$0.40B,31.68%,$1.25B,$0.21B,17.12%,$0.21B,$0.49B,46.47%,$0.21B,$0.28B,85.60%,$0.21B,$1.84B,12.81%,$0.42B,$1.49B,31.85%,$327,$0,$327,$0,$128,$212,$115,$-3,$112,$43,$69,$69,$67,$130,$115,$116,121,$0.58,$0.55,$1284,$0,$12,$1433,$70,$0,$212,$59,$402,$1835,$201,$998,$58,$1145,$1346,$0,$478,$2,$490,$1835,$182,$47,$104,$151,$-8,$-173,$9,$-37,$-209,$124,$-9,$-2,$-12,$0,$119,$119,$9,$106,$0,$1,$1,$-82,$-82,$-64,$110,$-35,$194,$40,$-64
29,2011-04-30,27.12,$4.02,6.74,$9.76,2.78,$3.00,9.04,$1.55,17.5,$1.40B,$0.16B,9.04,$0.99B,$0.48B,2.07,$1.20B,$1.20B,100.00%,$1.20B,$0.39B,32.19%,$1.20B,$0.39B,32.19%,$1.20B,$0.45B,37.63%,$1.20B,$0.36B,29.77%,$1.20B,$0.19B,15.80%,$0.19B,$0.48B,43.55%,$0.19B,$0.26B,84.38%,$0.19B,$1.81B,12.55%,$0.39B,$1.47B,32.88%,$316,$0,$316,$0,$131,$209,$107,$-13,$94,$41,$53,$54,$61,$123,$107,$116,122,$0.53,$0.50,$1264,$0,$2,$1398,$73,$0,$214,$66,$408,$1806,$155,$990,$67,$1175,$1329,$0,$434,$3,$477,$1806,$113,$32,$115,$147,$-2,$-127,$-2,$-76,$-207,$52,$-6,$-2,$-12,$0,$84,$84,$-4,$61,$0,$1,$1,$-39,$-39,$-43,$97,$16,$130,$28,$-43
30,2011-01-31,24.21,$3.90,6.21,$9.39,2.58,$3.27,7.39,$1.34,18.06,$1.39B,$0.16B,8.87,$0.96B,$0.46B,2.06,$1.15B,$1.15B,100.00%,$1.15B,$0.36B,31.14%,$1.15B,$0.36B,31.14%,$1.15B,$0.42B,36.69%,$1.15B,$0.34B,29.23%,$1.15B,$0.16B,14.22%,$0.16B,$0.46B,40.39%,$0.16B,$0.26B,83.57%,$0.16B,$1.78B,12.27%,$0.36B,$1.42B,35.19%,$309,$0,$309,$0,$130,$209,$99,$-7,$93,$35,$58,$59,$38,$116,$99,$117,122,$0.31,$0.30,$1248,$0,$3,$1385,$74,$0,$208,$57,$395,$1780,$156,$957,$81,$1160,$1316,$0,$411,$1,$464,$1780,$59,$16,$100,$116,$-4,$-41,$4,$-76,$-117,$58,$-3,$0,$-1,$0,$58,$58,$5,$59,$0,$1,$1,$-13,$-13,$-21,$58,$25,$142,$15,$-21
31,2010-10-31,22.85,$3.47,6.58,$9.08,2.52,$3.26,7.02,$1.41,16.21,$0.77B,$0.21B,3.72,$0.50B,$0.41B,1.22,$1.12B,$1.12B,100.00%,$1.12B,$0.35B,31.09%,$1.12B,$0.35B,31.09%,$1.12B,$0.41B,36.56%,$1.12B,$0.33B,29.21%,$1.12B,$0.17B,15.41%,$0.17B,$0.41B,45.81%,$0.17B,$0.20B,104.72%,$0.17B,$1.26B,14.71%,$0.35B,$0.91B,39.63%,$298,$0,$298,$0,$120,$198,$100,$-3,$97,$37,$60,$60,$48,$117,$100,$116,123,$0.43,$0.40,$642,$0,$0,$772,$71,$0,$209,$61,$487,$1259,$207,$500,$73,$640,$848,$0,$363,$-0,$411,$1259,$201,$60,$25,$85,$-22,$-209,$10,$30,$-190,$96,$-12,$0,$-9,$0,$-1,$-1,$8,$-14,$0,$2,$2,$-55,$-55,$-76,$45,$-84,$-3,$48,$-76
32,2010-07-31,23.65,$3.25,7.27,$8.76,2.7,$3.55,6.66,$1.39,17.02,$0.51B,$0.20B,2.52,$0.50B,$0.38B,1.3,$1.07B,$1.07B,100.00%,$1.07B,$0.32B,30.22%,$1.07B,$0.32B,30.22%,$1.07B,$0.38B,35.45%,$1.07B,$0.30B,27.99%,$1.07B,$0.17B,16.04%,$0.17B,$0.38B,49.21%,$0.17B,$0.17B,126.24%,$0.17B,$1.18B,15.32%,$0.32B,$0.88B,38.14%,$273,$0,$273,$0,$120,$194,$79,$-6,$72,$29,$43,$43,$42,$94,$79,$117,123,$0.35,$0.34,$385,$0,$12,$510,$72,$206,$211,$4,$666,$1177,$202,$500,$44,$590,$792,$0,$334,$-1,$384,$1177,$141,$44,$9,$53,$-6,$-6,$11,$-3,$-3,$190,$-8,$0,$-9,$0,$-10,$-10,$8,$-19,$0,$1,$1,$-34,$-34,$-57,$-7,$-97,$74,$37,$-57
33,2010-04-30,27.67,$3.08,8.98,$8.41,3.29,$2.62,10.55,$1.31,21.12,$0.49B,$0.17B,2.93,$0.50B,$0.37B,1.37,$1.03B,$1.03B,100.00%,$1.03B,$0.30B,29.60%,$1.03B,$0.30B,29.60%,$1.03B,$0.36B,34.96%,$1.03B,$0.28B,27.46%,$1.03B,$0.16B,15.68%,$0.16B,$0.37B,48.31%,$0.16B,$0.15B,136.44%,$0.16B,$1.13B,14.84%,$0.30B,$0.87B,36.48%,$273,$0,$273,$0,$119,$192,$81,$-6,$75,$29,$46,$46,$36,$96,$81,$117,124,$0.30,$0.29,$324,$0,$41,$485,$73,$191,$213,$4,$645,$1130,$166,$500,$44,$599,$765,$0,$311,$-1,$365,$1130,$98,$28,$8,$36,$-9,$9,$6,$-53,$-47,$87,$-6,$0,$-9,$0,$-11,$-11,$6,$-20,$0,$1,$1,$-18,$-18,$-38,$1,$-53,$13,$25,$-38
34,2010-01-31,22.52,$2.89,7.79,$7.86,2.87,$2.02,11.17,$1.24,18.16,$0.53B,$0.19B,2.87,$0.50B,$0.34B,1.46,$0.95B,$0.95B,100.00%,$0.95B,$0.27B,28.15%,$0.95B,$0.27B,28.15%,$0.95B,$0.33B,34.14%,$0.95B,$0.25B,25.74%,$0.95B,$0.15B,15.86%,$0.15B,$0.34B,48.05%,$0.15B,$0.13B,149.50%,$0.15B,$1.11B,14.46%,$0.27B,$0.84B,32.91%,$272,$0,$272,$0,$116,$185,$87,$-5,$82,$32,$51,$52,$46,$101,$87,$117,123,$0.39,$0.37,$399,$0,$12,$529,$73,$132,$215,$4,$580,$1110,$185,$500,$36,$583,$767,$0,$294,$-2,$342,$1110,$52,$13,$2,$16,$-7,$-11,$8,$-39,$-11,$56,$-3,$0,$0,$0,$6,$6,$6,$9,$0,$0,$0,$-7,$-7,$-19,$-1,$-26,$38,$13,$-19
35,2009-10-31,22.07,$2.61,8.45,$7.41,2.98,$1.56,14.13,$1.08,20.44,$0.49B,$0.19B,2.59,$0.50B,$0.31B,1.63,$0.89B,$0.89B,100.00%,$0.89B,$0.23B,26.21%,$0.89B,$0.23B,26.21%,$0.89B,$0.29B,32.62%,$0.89B,$0.21B,23.28%,$0.89B,$0.13B,14.62%,$0.13B,$0.31B,44.03%,$0.13B,$0.09B,154.76%,$0.13B,$1.08B,12.90%,$0.23B,$0.81B,29.30%,$254,$0,$254,$0,$106,$177,$77,$-6,$71,$21,$50,$50,$48,$89,$77,$116,121,$0.41,$0.40,$361,$0,$20,$488,$75,$134,$217,$5,$587,$1075,$188,$500,$36,$580,$768,$0,$266,$-1,$307,$1075,$136,$57,$4,$61,$3,$-13,$1,$-24,$-32,$164,$-46,$0,$-31,$0,$117,$117,$2,$41,$0,$3,$3,$-12,$-12,$-72,$-11,$-92,$114,$41,$-72
36,2009-07-31,22.13,$2.72,8.15,$7.31,3.03,$1.61,13.77,$0.97,22.82,$0.45B,$0.17B,2.69,$0.50B,$0.32B,1.57,$0.89B,$0.89B,100.00%,$0.89B,$0.23B,26.21%,$0.89B,$0.23B,26.21%,$0.89B,$0.29B,32.99%,$0.89B,$0.19B,21.24%,$0.89B,$0.12B,13.22%,$0.12B,$0.32B,42.01%,$0.12B,$0.10B,144.44%,$0.12B,$1.03B,11.93%,$0.23B,$0.82B,29.80%,$228,$0,$228,$0,$103,$169,$59,$-5,$54,$22,$33,$33,$31,$73,$59,$116,122,$0.27,$0.25,$333,$0,$11,$454,$77,$122,$219,$5,$571,$1025,$169,$500,$34,$538,$706,$0,$324,$-2,$319,$1025,$85,$45,$28,$72,$17,$-38,$-0,$-22,$-47,$110,$-42,$0,$-29,$0,$113,$113,$-5,$37,$0,$3,$3,$3,$3,$-54,$-12,$-60,$87,$31,$-54
37,2009-04-30,21.04,$2.46,8.54,$7.69,2.74,$1.90,11.07,$1.11,18.96,$0.43B,$0.13B,3.42,$0.50B,$0.29B,1.73,$0.94B,$0.94B,100.00%,$0.94B,$0.27B,28.19%,$0.94B,$0.27B,28.19%,$0.94B,$0.33B,34.68%,$0.94B,$0.22B,23.30%,$0.94B,$0.14B,14.47%,$0.14B,$0.29B,53.23%,$0.14B,$0.09B,188.89%,$0.14B,$0.97B,14.24%,$0.27B,$0.79B,35.08%,$198,$0,$198,$0,$89,$153,$45,$-7,$38,$11,$27,$27,$26,$62,$45,$116,119,$0.22,$0.21,$309,$0,$11,$427,$76,$108,$204,$4,$540,$966,$125,$500,$49,$553,$678,$0,$296,$-5,$289,$966,$52,$30,$30,$60,$20,$-28,$-8,$-47,$-71,$42,$-36,$0,$-30,$0,$120,$120,$-5,$48,$0,$2,$2,$1,$1,$-36,$6,$-27,$63,$21,$-36
38,2009-01-31,14.63,$2.27,6.44,$8.25,1.77,$2.13,6.87,$1.32,11.08,$0.44B,$0.15B,2.97,$0.50B,$0.27B,1.88,$1.02B,$1.02B,100.00%,$1.02B,$0.32B,31.13%,$1.02B,$0.32B,31.13%,$1.02B,$0.38B,37.14%,$1.02B,$0.27B,26.80%,$1.02B,$0.16B,16.06%,$0.16B,$0.27B,71.10%,$0.16B,$0.06B,260.80%,$0.16B,$0.97B,17.62%,$0.32B,$0.77B,43.33%,$209,$0,$209,$0,$92,$157,$52,$-8,$44,$17,$27,$25,$25,$66,$52,$116,119,$0.21,$0.21,$318,$0,$7,$438,$67,$106,$206,$5,$527,$965,$147,$500,$48,$552,$700,$0,$275,$-7,$266,$965,$25,$14,$19,$32,$14,$-17,$5,$-61,$-41,$17,$-20,$0,$-30,$0,$121,$121,$-5,$65,$0,$1,$1,$-1,$-1,$-18,$7,$-11,$71,$11,$-18
39,2008-10-31,16.69,$2.07,8.05,$8.76,1.9,$2.14,7.8,$1.57,10.63,$0.49B,$0.19B,2.53,$0.50B,$0.24B,2.08,$1.10B,$1.10B,100.00%,$1.10B,$0.36B,33.12%,$1.10B,$0.36B,33.12%,$1.10B,$0.43B,38.96%,$1.10B,$0.32B,29.47%,$1.10B,$0.20B,17.88%,$0.20B,$0.24B,98.74%,$0.20B,$0.08B,402.05%,$0.20B,$0.97B,21.99%,$0.36B,$0.74B,51.97%,$250,$0,$250,$0,$95,$173,$76,$-24,$52,$20,$32,$42,$35,$91,$76,$116,124,$0.30,$0.28,$367,$0,$9,$485,$51,$116,$162,$5,$484,$968,$191,$500,$26,$537,$728,$0,$250,$-5,$240,$968,$203,$63,$42,$104,$25,$-123,$-62,$8,$-155,$152,$-25,$0,$0,$0,$-114,$-114,$-10,$-149,$0,$1,$1,$-148,$-148,$-70,$-24,$-241,$-238,$39,$-70
40,2008-07-31,27.96,$1.96,14.27,$8.93,3.13,$2.99,9.35,$1.76,15.89,$0.50B,$0.19B,2.69,$0.50B,$0.23B,2.2,$1.14B,$1.14B,100.00%,$1.14B,$0.39B,34.47%,$1.14B,$0.39B,34.47%,$1.14B,$0.46B,40.61%,$1.14B,$0.37B,32.72%,$1.14B,$0.22B,19.47%,$0.22B,$0.23B,113.41%,$0.22B,$0.07B,428.99%,$0.22B,$0.92B,24.91%,$0.39B,$0.73B,56.49%,$283,$0,$283,$0,$111,$191,$92,$-7,$85,$35,$51,$50,$50,$107,$92,$116,125,$0.43,$0.40,$381,$0,$9,$497,$31,$106,$163,$5,$425,$922,$185,$500,$1,$510,$695,$0,$232,$-0,$227,$922,$161,$48,$10,$58,$5,$-53,$-13,$-17,$-105,$114,$-7,$0,$0,$0,$5,$5,$-26,$-29,$0,$1,$1,$-142,$-142,$-53,$3,$-190,$-105,$30,$-53
41,2008-04-30,27.44,$1.59,17.25,$8.78,3.12,$3.28,8.37,$1.77,15.51,$0.47B,$0.15B,3.09,$0.50B,$0.18B,2.71,$1.14B,$1.14B,100.00%,$1.14B,$0.39B,34.09%,$1.14B,$0.39B,34.09%,$1.14B,$0.46B,40.30%,$1.14B,$0.38B,33.22%,$1.14B,$0.23B,19.93%,$0.23B,$0.18B,94.41%,$0.23B,$0.05B,220.82%,$0.23B,$0.85B,28.01%,$0.39B,$0.68B,63.26%,$273,$0,$273,$0,$105,$177,$96,$-5,$91,$34,$57,$53,$53,$113,$96,$115,123,$0.46,$0.43,$351,$0,$6,$466,$26,$94,$138,$5,$379,$845,$151,$500,$1,$510,$661,$0,$188,$1,$184,$845,$111,$33,$3,$37,$8,$-26,$-23,$-45,$-108,$40,$-6,$0,$0,$0,$5,$5,$0,$-1,$0,$0,$0,$-141,$-141,$-35,$2,$-174,$-135,$21,$-35
42,2008-01-31,27.82,$1.24,22.52,$8.49,3.28,$3.22,8.64,$1.51,18.42,$0.47B,$0.18B,2.59,$0.50B,$0.14B,3.5,$1.13B,$1.13B,100.00%,$1.13B,$0.33B,29.18%,$1.13B,$0.33B,29.18%,$1.13B,$0.40B,35.28%,$1.13B,$0.33B,29.00%,$1.13B,$0.20B,17.51%,$0.20B,$0.14B,63.21%,$0.20B,$0.01B,112.02%,$0.20B,$0.83B,26.12%,$0.33B,$0.64B,58.59%,$290,$0,$290,$0,$115,$191,$99,$-5,$95,$37,$58,$58,$58,$116,$99,$116,127,$0.50,$0.46,$346,$0,$6,$466,$26,$84,$138,$5,$365,$831,$180,$500,$1,$509,$689,$0,$145,$1,$143,$831,$58,$17,$1,$17,$4,$-19,$-12,$-75,$-75,$-0,$-2,$0,$0,$0,$12,$12,$0,$10,$0,$0,$0,$-136,$-136,$-18,$4,$-150,$-140,$12,$-18
43,2007-10-31,37.21,$1.94,19.19,$8.02,4.64,$2.92,12.73,$1.07,34.77,$0.61B,$0.21B,2.85,$0.50B,$0.23B,2.18,$1.08B,$1.08B,100.00%,$1.08B,$0.23B,21.49%,$1.08B,$0.23B,21.49%,$1.08B,$0.30B,27.95%,$1.08B,$0.24B,21.96%,$1.08B,$0.14B,13.19%,$0.14B,$0.23B,35.84%,$0.14B,$0.09B,54.12%,$0.14B,$0.97B,20.39%,$0.23B,$0.73B,44.47%,$294,$0,$294,$0,$113,$188,$106,$-4,$102,$40,$61,$61,$61,$127,$106,$125,135,$0.50,$0.46,$485,$0,$8,$610,$26,$86,$139,$6,$357,$967,$214,$500,$4,$523,$738,$0,$228,$3,$229,$967,$143,$71,$27,$98,$-22,$-27,$33,$24,$26,$266,$-13,$-1,$0,$0,$-53,$-53,$-9,$-75,$500,$1,$501,$-400,$-400,$-60,$-4,$37,$228,$43,$-60
44,2007-07-31,31.03,$3.32,9.35,$7.51,4.13,$2.87,10.8,$0.89,34.87,$0.26B,$0.18B,1.46,$0.00B,$0.41B,0.0,$1.02B,$1.02B,100.00%,$1.02B,$0.20B,19.57%,$1.02B,$0.20B,19.57%,$1.02B,$0.27B,26.16%,$1.02B,$0.20B,19.57%,$1.02B,$0.12B,11.90%,$0.12B,$0.41B,25.98%,$0.12B,$0.27B,36.34%,$0.12B,$0.61B,19.31%,$0.20B,$0.41B,42.73%,$287,$0,$287,$0,$125,$198,$89,$4,$92,$36,$57,$56,$56,$105,$89,$125,136,$0.45,$0.41,$136,$0,$8,$257,$23,$88,$139,$1,$356,$613,$176,$0,$0,$27,$203,$0,$406,$6,$410,$613,$81,$50,$44,$93,$-18,$-29,$18,$-6,$-13,$162,$-7,$0,$0,$0,$-9,$-9,$-9,$-25,$0,$1,$1,$-167,$-167,$-45,$4,$-208,$-71,$33,$-45
45,2007-04-30,28.25,$3.75,7.54,$6.98,4.05,$2.28,12.4,$0.79,35.76,$0.28B,$0.12B,2.31,$0.00B,$0.47B,0.0,$0.95B,$0.95B,100.00%,$0.95B,$0.18B,18.80%,$0.95B,$0.18B,18.80%,$0.95B,$0.24B,25.55%,$0.95B,$0.18B,18.59%,$0.95B,$0.11B,11.30%,$0.11B,$0.47B,21.95%,$0.11B,$0.34B,29.99%,$0.11B,$0.62B,16.37%,$0.18B,$0.47B,36.51%,$260,$0,$260,$0,$157,$224,$36,$3,$39,$15,$24,$23,$23,$51,$36,$126,135,$0.18,$0.17,$155,$0,$8,$275,$22,$84,$130,$1,$346,$621,$119,$0,$0,$31,$150,$0,$466,$7,$471,$621,$26,$33,$39,$72,$-18,$-29,$2,$-26,$-64,$33,$-4,$0,$0,$0,$-3,$-3,$0,$-6,$0,$0,$0,$-51,$-51,$-30,$2,$-79,$-52,$22,$-30
46,2007-01-31,25.27,$3.84,6.58,$6.58,3.84,$2.08,12.15,$0.91,27.77,$0.26B,$0.09B,3.02,$0.00B,$0.49B,0.0,$0.90B,$0.90B,100.00%,$0.90B,$0.20B,22.58%,$0.90B,$0.20B,22.58%,$0.90B,$0.28B,30.59%,$0.90B,$0.20B,22.47%,$0.90B,$0.12B,13.79%,$0.12B,$0.49B,25.20%,$0.12B,$0.36B,34.11%,$0.12B,$0.60B,18.45%,$0.20B,$0.49B,39.73%,$243,$0,$243,$0,$177,$241,$2,$3,$5,$2,$3,$3,$3,$20,$2,$126,134,$0.02,$0.02,$151,$0,$9,$263,$22,$77,$131,$1,$341,$604,$87,$0,$0,$31,$118,$0,$482,$6,$486,$604,$3,$18,$29,$47,$-9,$-29,$-3,$-51,$-90,$-40,$-2,$0,$0,$0,$-2,$-2,$0,$-4,$0,$0,$0,$-16,$-16,$-15,$1,$-30,$-74,$14,$-15
47,2006-10-31,22.61,$3.93,5.76,$6.25,3.62,$2.51,9.0,$1.17,19.33,$0.33B,$0.14B,2.36,$0.00B,$0.50B,0.0,$0.86B,$0.86B,100.00%,$0.86B,$0.27B,30.71%,$0.86B,$0.27B,30.71%,$0.86B,$0.33B,38.70%,$0.86B,$0.26B,30.36%,$0.86B,$0.16B,18.54%,$0.16B,$0.50B,32.39%,$0.16B,$0.37B,43.78%,$0.16B,$0.67B,23.15%,$0.27B,$0.50B,49.81%,$227,$0,$227,$0,$91,$155,$72,$-9,$63,$25,$38,$39,$39,$90,$72,$128,137,$0.31,$0.30,$227,$0,$7,$329,$21,$73,$131,$1,$339,$668,$140,$0,$0,$32,$172,$0,$493,$4,$496,$668,$159,$71,$178,$249,$-11,$-160,$6,$20,$-145,$263,$-13,$-2,$0,$0,$-1,$-1,$-11,$-26,$-76,$1,$-75,$-52,$-52,$-51,$2,$-176,$60,$36,$-51
