,Date,Stock Price,Book Value per Share,Price to Book Ratio,TTM Sales per Share,Price to Sales Ratio,TTM FCF per Share,Price to FCF Ratio,TTM Net EPS,PE Ratio,Current Assets,Current Liabilities,Current Ratio,Long Term Debt,Shareholder's Equity_x,Debt to Equity Ratio,TTM Revenue_x,TTM Gross Profit,Gross Margin,TTM Revenue_y,TTM Operating Income,Operating Margin,TTM Revenue_x,TTM EBIT,EBIT Margin,TTM Revenue_y,TTM EBITDA,EBITDA Margin,TTM Revenue_x,TTM Pre-Tax Income,Pre-Tax Margin,TTM Revenue_y,TTM Net Income_x,Net Margin,TTM Net Income_y,Shareholder's Equity_y,Return on Equity,TTM Net Income_x,Tangible Equity,Return on Tangible Equity,TTM Net Income_y,Total Assets,Return on Assets,TTM Net Income,LT Investments & Debt,Return on Investment,revenue,cost-goods-sold,gross-profit,research-development-expenses,selling-general-administrative-expenses,operating-expenses,operating-income,total-non-operating-income-expense,pre-tax-income,total-provision-income-taxes,income-after-taxes,income-from-continuous-operations,net-income,ebitda,ebit,basic-shares-outstanding,shares-outstanding,eps-basic-net-earnings-per-share,eps-earnings-per-share-diluted,cash-on-hand,inventory,other-current-assets,total-current-assets,net-property-plant-equipment,long-term-investments,goodwill-intangible-assets-total,other-long-term-assets,total-long-term-assets,total-assets,total-current-liabilities,long-term-debt,other-non-current-liabilities,total-long-term-liabilities,total-liabilities,common-stock-net,retained-earnings-accumulated-deficit,comprehensive-income,total-share-holder-equity,total-liabilities-share-holders-equity,net-income-loss,total-depreciation-amortization-cash-flow,other-non-cash-items,total-non-cash-items,change-in-accounts-receivable,change-in-inventories,change-in-accounts-payable,change-in-assets-liabilities,total-change-in-assets-liabilities,cash-flow-from-operating-activities,net-change-in-property-plant-equipment,net-change-in-intangible-assets,net-acquisitions-divestitures,net-change-in-short-term-investments,net-change-in-long-term-investments,net-change-in-investments-total,investing-activities-other,cash-flow-from-investing-activities,net-long-term-debt,net-current-debt,debt-issuance-retirement-net-total,net-common-equity-issued-repurchased,net-total-equity-issued-repurchased,total-common-preferred-stock-dividends-paid,financial-activities-other,cash-flow-from-financial-activities,net-cash-flow,stock-based-compensation,common-stock-dividends-paid
0,2018-09-30,2.35,$2.86,0.82,$2.72,0.86,$0.91,2.59,$0.02,117.5,$0.02B,$0.01B,1.56,$0.00B,$0.04B,0.1,$0.03B,$0.02B,65.63%,$0.03B,$0.00B,9.38%,$0.03B,$0.00B,9.38%,$0.03B,$0.00B,12.50%,$0.03B,$0.00B,6.25%,$0.03B,$0.00B,3.13%,$0.00B,$0.04B,2.86%,$0.00B,$0.01B,22.22%,$0.00B,$0.05B,1.79%,$0.00B,$0.04B,7.59%,$7,$2,$5,$0,$4,$7,$1,$0,$1,$0,$1,$1,$1,$1,$1,$12,12,$0.05,$0.05,$9,$4,$0,$22,$0,$0,$30,$0,$30,$52,$14,$3,$0,$3,$17,$0,$-53,$-10,$35,$52,$1,$1,$1,$2,$2,$1,$0,$-0,$0,$3,$-0,$0,$0,$0,$0,$0,$0,$-0,$-2,$0,$-2,$0,$0,$0,$0,$-2,$1,$1,$0
1,2018-06-30,2.85,$2.86,1.0,$2.74,1.04,$0.89,3.19,$0.08,35.63,$0.03B,$0.02B,1.47,$0.00B,$0.04B,0.12,$0.03B,$0.02B,63.64%,$0.03B,$0.00B,9.09%,$0.03B,$0.00B,9.09%,$0.03B,$0.00B,12.12%,$0.03B,$0.00B,6.06%,$0.03B,$0.00B,3.03%,$0.00B,$0.04B,2.88%,$0.00B,$0.00B,25.00%,$0.00B,$0.06B,1.73%,$0.00B,$0.04B,7.45%,$8,$3,$5,$0,$5,$8,$0,$0,$0,$0,$0,$0,$0,$1,$0,$12,12,$0.01,$0.01,$9,$5,$0,$25,$0,$0,$30,$0,$31,$56,$17,$4,$0,$4,$21,$0,$-54,$-9,$35,$56,$1,$1,$1,$2,$1,$0,$0,$1,$1,$3,$-0,$0,$0,$0,$0,$0,$0,$-0,$-1,$0,$-1,$0,$0,$0,$0,$-1,$2,$0,$0
2,2018-03-31,4.81,$2.97,1.62,$2.58,1.86,$0.67,7.19,$0.16,30.09,$0.03B,$0.02B,1.51,$0.01B,$0.04B,0.14,$0.03B,$0.02B,67.74%,$0.03B,$0.01B,16.13%,$0.03B,$0.01B,16.13%,$0.03B,$0.01B,16.13%,$0.03B,$0.00B,9.68%,$0.03B,$0.00B,6.45%,$0.00B,$0.04B,5.84%,$0.00B,$0.01B,40.00%,$0.00B,$0.06B,3.60%,$0.01B,$0.04B,12.66%,$8,$3,$5,$1,$3,$7,$1,$-0,$1,$0,$0,$0,$0,$1,$1,$12,12,$0.04,$0.04,$9,$6,$0,$27,$0,$0,$31,$0,$32,$59,$18,$5,$0,$5,$23,$0,$-54,$-7,$36,$59,$0,$0,$0,$1,$-1,$0,$0,$2,$1,$2,$-0,$0,$0,$0,$0,$0,$0,$-0,$-1,$0,$-1,$0,$0,$0,$0,$-1,$1,$0,$0
3,2017-12-31,4.7,$2.88,1.63,$2.41,1.95,$0.54,8.65,$0.20,23.5,$0.03B,$0.02B,1.54,$0.01B,$0.03B,0.17,$0.03B,$0.02B,68.97%,$0.03B,$0.01B,20.69%,$0.03B,$0.01B,20.69%,$0.03B,$0.01B,20.69%,$0.03B,$0.00B,10.34%,$0.03B,$0.00B,10.34%,$0.00B,$0.03B,9.09%,$0.00B,$0.00B,57.14%,$0.00B,$0.06B,5.80%,$0.01B,$0.04B,15.89%,$9,$3,$6,$0,$5,$8,$1,$-1,$0,$1,$-0,$-0,$-0,$1,$1,$12,12,$-0.02,$-0.02,$8,$6,$0,$26,$0,$0,$31,$0,$31,$57,$17,$6,$0,$6,$23,$0,$-55,$-8,$34,$57,$3,$1,$2,$3,$-3,$-1,$0,$3,$-2,$3,$-0,$0,$-6,$0,$0,$0,$0,$-6,$3,$0,$3,$0,$0,$0,$0,$3,$-0,$1,$0
4,2017-09-30,4.85,$2.86,1.7,$2.15,2.25,$0.83,5.82,$0.34,14.26,$0.03B,$0.02B,1.57,$0.01B,$0.03B,0.21,$0.03B,$0.02B,73.08%,$0.03B,$0.01B,26.92%,$0.03B,$0.01B,26.92%,$0.03B,$0.01B,26.92%,$0.03B,$0.01B,19.23%,$0.03B,$0.00B,15.38%,$0.00B,$0.03B,12.60%,$0.00B,$0.00B,72.73%,$0.00B,$0.06B,8.25%,$0.01B,$0.04B,19.44%,$8,$3,$5,$0,$3,$6,$1,$-0,$1,$0,$1,$1,$1,$1,$1,$12,12,$0.06,$0.06,$8,$6,$0,$28,$0,$0,$31,$0,$31,$59,$18,$7,$0,$7,$25,$0,$-54,$-9,$34,$59,$3,$1,$1,$2,$-2,$-1,$0,$3,$-2,$3,$-0,$0,$-6,$0,$0,$0,$0,$-6,$3,$0,$3,$0,$0,$0,$-0,$3,$-0,$0,$0
5,2017-06-30,5.15,$2.75,1.87,$2.03,2.53,$1.08,4.78,$0.36,14.31,$0.02B,$0.01B,1.9,$0.00B,$0.03B,0.09,$0.02B,$0.02B,79.17%,$0.02B,$0.01B,33.33%,$0.02B,$0.01B,33.33%,$0.02B,$0.01B,33.33%,$0.02B,$0.01B,20.83%,$0.02B,$0.00B,16.67%,$0.00B,$0.03B,13.11%,$0.00B,$0.01B,69.57%,$0.00B,$0.05B,8.94%,$0.01B,$0.04B,23.36%,$6,$2,$5,$0,$3,$4,$2,$-0,$1,$0,$1,$1,$1,$2,$2,$12,12,$0.09,$0.09,$7,$5,$0,$22,$0,$0,$25,$0,$26,$47,$12,$3,$0,$3,$15,$0,$-55,$-9,$33,$47,$2,$1,$0,$1,$-2,$-1,$0,$-0,$-3,$0,$-0,$0,$0,$0,$0,$0,$0,$-0,$-1,$0,$-1,$0,$0,$0,$0,$-1,$-1,$0,$0
6,2017-03-31,4.85,$2.58,1.88,$2.02,2.4,$1.31,3.7,$0.34,14.26,$0.02B,$0.01B,1.9,$0.00B,$0.03B,0.11,$0.02B,$0.02B,79.17%,$0.02B,$0.01B,33.33%,$0.02B,$0.01B,33.33%,$0.02B,$0.01B,33.33%,$0.02B,$0.01B,20.83%,$0.02B,$0.00B,16.67%,$0.00B,$0.03B,13.56%,$0.00B,$0.01B,88.89%,$0.00B,$0.04B,9.04%,$0.01B,$0.03B,23.70%,$6,$2,$4,$0,$2,$4,$2,$-0,$1,$0,$1,$1,$1,$2,$2,$12,12,$0.08,$0.08,$8,$5,$0,$19,$1,$0,$25,$0,$25,$44,$10,$4,$0,$4,$13,$0,$-56,$-10,$31,$44,$1,$0,$0,$0,$1,$-1,$0,$-1,$-1,$0,$-0,$0,$0,$0,$0,$0,$0,$-0,$-1,$0,$-1,$0,$0,$0,$-0,$-1,$-0,$0,$0
7,2016-12-31,4.1,$2.46,1.66,$2.07,1.98,$1.23,3.33,$0.30,13.67,$0.02B,$0.01B,1.77,$0.00B,$0.03B,0.14,$0.02B,$0.02B,83.33%,$0.02B,$0.01B,29.17%,$0.02B,$0.01B,29.17%,$0.02B,$0.01B,29.17%,$0.02B,$0.01B,20.83%,$0.02B,$0.00B,12.50%,$0.00B,$0.03B,10.17%,$0.00B,$0.01B,80.00%,$0.00B,$0.04B,6.67%,$0.01B,$0.03B,20.44%,$6,$1,$5,$0,$3,$4,$2,$0,$2,$1,$1,$1,$1,$2,$2,$12,12,$0.10,$0.10,$8,$3,$0,$18,$1,$0,$25,$0,$25,$44,$10,$4,$0,$4,$14,$0,$-57,$-10,$29,$44,$3,$1,$1,$2,$1,$0,$0,$1,$2,$7,$-0,$0,$0,$0,$0,$0,$0,$-0,$-4,$0,$-4,$0,$0,$-3,$0,$-7,$-1,$0,$-3
8,2016-09-30,4.35,$2.45,1.77,$2.15,2.02,$0.83,5.25,$0.28,15.54,$0.02B,$0.01B,1.72,$0.01B,$0.03B,0.15,$0.03B,$0.02B,80.00%,$0.03B,$0.01B,24.00%,$0.03B,$0.01B,24.00%,$0.03B,$0.01B,24.00%,$0.03B,$0.00B,16.00%,$0.03B,$0.00B,12.00%,$0.00B,$0.03B,9.92%,$0.00B,$0.00B,85.71%,$0.00B,$0.04B,6.45%,$0.01B,$0.03B,17.65%,$6,$1,$5,$0,$3,$4,$2,$-0,$1,$0,$1,$1,$1,$2,$2,$12,12,$0.08,$0.08,$7,$4,$0,$18,$0,$0,$26,$0,$26,$44,$11,$5,$0,$5,$15,$0,$-58,$-9,$29,$44,$2,$1,$1,$2,$1,$0,$0,$1,$2,$6,$-0,$0,$0,$0,$0,$0,$0,$-0,$-4,$0,$-4,$0,$0,$-3,$0,$-7,$-1,$0,$-3
9,2016-06-30,5.17,$2.45,2.11,$2.13,2.43,$0.60,8.68,$0.25,20.68,$0.02B,$0.01B,1.64,$0.01B,$0.03B,0.17,$0.03B,$0.02B,76.00%,$0.03B,$0.01B,20.00%,$0.03B,$0.01B,20.00%,$0.03B,$0.01B,20.00%,$0.03B,$0.00B,16.00%,$0.03B,$0.00B,12.00%,$0.00B,$0.03B,9.68%,$0.00B,$0.00B,92.31%,$0.00B,$0.05B,6.12%,$0.01B,$0.03B,13.89%,$6,$1,$5,$0,$3,$4,$2,$-1,$1,$0,$1,$1,$1,$2,$2,$12,12,$0.07,$0.07,$6,$4,$0,$18,$0,$0,$26,$0,$27,$45,$11,$5,$0,$5,$16,$0,$-59,$-8,$29,$45,$1,$1,$0,$1,$0,$0,$0,$1,$1,$3,$-0,$0,$0,$0,$0,$0,$0,$-0,$-4,$0,$-4,$0,$0,$-1,$0,$-5,$-2,$0,$-1
10,2016-03-31,5.62,$2.61,2.15,$2.13,2.64,$0.59,9.5,$0.25,22.49,$0.02B,$0.01B,1.79,$0.01B,$0.03B,0.18,$0.03B,$0.02B,76.00%,$0.03B,$0.00B,16.00%,$0.03B,$0.00B,16.00%,$0.03B,$0.00B,16.00%,$0.03B,$0.00B,16.00%,$0.03B,$0.00B,12.00%,$0.00B,$0.03B,9.38%,$0.00B,$0.00B,46.15%,$0.00B,$0.05B,6.22%,$0.00B,$0.04B,11.19%,$6,$1,$5,$0,$3,$6,$1,$0,$1,$0,$0,$0,$0,$1,$1,$12,12,$0.04,$0.04,$4,$5,$0,$19,$0,$0,$27,$0,$28,$47,$11,$6,$0,$6,$16,$0,$-59,$-7,$31,$47,$0,$0,$-0,$0,$-1,$-1,$0,$1,$-1,$-1,$0,$0,$0,$0,$0,$0,$0,$0,$-4,$0,$-4,$0,$0,$0,$-0,$-4,$-5,$0,$0
11,2015-12-31,5.28,$2.73,1.94,$2.14,2.47,$0.88,6.02,$0.28,18.87,$0.02B,$0.02B,1.19,$0.00B,$0.03B,0.0,$0.03B,$0.02B,73.08%,$0.03B,$0.00B,15.38%,$0.03B,$0.00B,15.38%,$0.03B,$0.01B,19.23%,$0.03B,$0.00B,15.38%,$0.03B,$0.00B,15.38%,$0.00B,$0.03B,12.31%,$0.00B,$0.00B,41.03%,$0.00B,$0.05B,8.51%,$0.00B,$0.03B,11.43%,$7,$2,$5,$0,$3,$6,$1,$0,$1,$0,$1,$1,$1,$1,$1,$12,12,$0.09,$0.09,$8,$4,$0,$22,$1,$0,$28,$0,$29,$50,$18,$0,$0,$0,$18,$0,$-58,$-6,$32,$50,$3,$1,$-1,$-0,$2,$1,$0,$-2,$-1,$2,$-0,$0,$-9,$0,$0,$0,$0,$-9,$10,$0,$10,$0,$0,$-5,$1,$6,$-1,$0,$-5
12,2015-09-30,5.65,$2.72,2.08,$2.19,2.58,$0.63,9.03,$0.32,17.66,$0.02B,$0.01B,2.31,$0.01B,$0.03B,0.31,$0.03B,$0.02B,74.07%,$0.03B,$0.01B,18.52%,$0.03B,$0.01B,18.52%,$0.03B,$0.01B,25.93%,$0.03B,$0.01B,18.52%,$0.03B,$0.01B,18.52%,$0.01B,$0.03B,15.15%,$0.01B,$0.00B,39.22%,$0.01B,$0.05B,10.99%,$0.01B,$0.04B,14.08%,$6,$1,$4,$0,$3,$5,$1,$-0,$1,$0,$1,$1,$1,$1,$1,$12,12,$0.05,$0.05,$9,$3,$0,$24,$1,$0,$29,$0,$29,$54,$11,$10,$0,$11,$22,$0,$-58,$-5,$32,$54,$2,$0,$0,$1,$-0,$2,$0,$-1,$-0,$3,$-0,$0,$-9,$0,$0,$0,$0,$-9,$10,$0,$10,$0,$0,$-4,$0,$6,$-0,$0,$-4
13,2015-06-30,8.29,$2.87,2.89,$2.34,3.55,$0.35,23.42,$0.41,20.22,$0.02B,$0.01B,2.79,$0.00B,$0.03B,0.0,$0.03B,$0.02B,75.86%,$0.03B,$0.01B,20.69%,$0.03B,$0.01B,20.69%,$0.03B,$0.01B,27.59%,$0.03B,$0.01B,24.14%,$0.03B,$0.01B,20.69%,$0.01B,$0.03B,17.91%,$0.01B,$0.02B,37.50%,$0.01B,$0.04B,14.04%,$0.01B,$0.03B,17.91%,$6,$2,$5,$0,$4,$5,$1,$0,$1,$0,$1,$1,$1,$1,$1,$12,12,$0.07,$0.07,$10,$5,$0,$23,$1,$0,$18,$0,$19,$42,$8,$0,$0,$0,$9,$0,$-57,$-4,$33,$42,$2,$0,$0,$0,$3,$0,$0,$-1,$1,$3,$-0,$0,$0,$0,$0,$0,$0,$-0,$-0,$0,$-0,$0,$0,$-3,$0,$-2,$0,$0,$-3
14,2015-03-31,8.06,$2.79,2.89,$2.50,3.23,$0.09,87.02,$0.48,16.79,$0.02B,$0.01B,2.71,$0.00B,$0.03B,0.0,$0.03B,$0.02B,74.19%,$0.03B,$0.01B,25.81%,$0.03B,$0.01B,25.81%,$0.03B,$0.01B,32.26%,$0.03B,$0.01B,29.03%,$0.03B,$0.01B,22.58%,$0.01B,$0.03B,20.74%,$0.01B,$0.02B,44.44%,$0.01B,$0.04B,16.18%,$0.01B,$0.03B,23.70%,$7,$2,$5,$0,$4,$5,$1,$-0,$1,$0,$1,$1,$1,$2,$1,$12,12,$0.07,$0.07,$11,$6,$0,$24,$1,$0,$17,$0,$18,$42,$9,$0,$0,$0,$9,$0,$-57,$-6,$33,$42,$1,$0,$0,$0,$4,$-1,$0,$1,$2,$3,$-0,$0,$0,$0,$0,$0,$0,$-0,$-0,$0,$-0,$0,$0,$-1,$0,$-1,$1,$0,$-1
15,2014-12-31,8.45,$2.92,2.9,$2.49,3.4,$-0.17,0.0,$0.46,18.38,$0.03B,$0.01B,2.65,$0.00B,$0.03B,0.0,$0.03B,$0.02B,74.19%,$0.03B,$0.01B,25.81%,$0.03B,$0.01B,25.81%,$0.03B,$0.01B,29.03%,$0.03B,$0.01B,29.03%,$0.03B,$0.01B,22.58%,$0.01B,$0.03B,20.74%,$0.01B,$0.02B,45.90%,$0.01B,$0.04B,16.18%,$0.01B,$0.03B,23.70%,$8,$2,$6,$0,$3,$5,$2,$-0,$2,$1,$2,$2,$2,$3,$2,$12,12,$0.14,$0.14,$10,$5,$0,$25,$1,$0,$18,$0,$19,$44,$10,$0,$0,$1,$10,$0,$-56,$-5,$34,$44,$6,$0,$0,$0,$-3,$-3,$0,$-1,$-6,$-0,$-1,$0,$0,$0,$0,$0,$0,$-1,$-0,$0,$-0,$0,$0,$-5,$1,$-3,$-4,$0,$-5
16,2014-09-30,8.18,$2.93,2.79,$2.41,3.39,$0.62,13.2,$0.40,20.44,$0.02B,$0.01B,3.02,$0.00B,$0.03B,0.0,$0.03B,$0.02B,73.33%,$0.03B,$0.01B,23.33%,$0.03B,$0.01B,23.33%,$0.03B,$0.01B,23.33%,$0.03B,$0.01B,26.67%,$0.03B,$0.01B,20.00%,$0.01B,$0.03B,17.91%,$0.01B,$0.02B,40.68%,$0.01B,$0.04B,13.95%,$0.01B,$0.03B,20.90%,$8,$2,$6,$0,$3,$5,$2,$0,$3,$1,$2,$2,$2,$2,$2,$12,12,$0.14,$0.14,$11,$6,$0,$24,$1,$0,$18,$0,$19,$43,$8,$0,$0,$1,$9,$0,$-57,$-3,$34,$43,$4,$0,$0,$1,$1,$-4,$0,$-1,$-5,$-0,$-0,$0,$0,$0,$0,$0,$0,$-0,$-0,$0,$-0,$0,$0,$-4,$1,$-3,$-3,$0,$-4
17,2014-06-30,7.56,$2.95,2.56,$2.29,3.29,$1.26,5.98,$0.34,22.23,$0.02B,$0.01B,2.7,$0.00B,$0.03B,0.0,$0.03B,$0.02B,71.43%,$0.03B,$0.01B,21.43%,$0.03B,$0.01B,21.43%,$0.03B,$0.01B,25.00%,$0.03B,$0.01B,21.43%,$0.03B,$0.01B,17.86%,$0.01B,$0.03B,15.15%,$0.01B,$0.02B,34.48%,$0.01B,$0.04B,11.90%,$0.01B,$0.03B,18.18%,$8,$2,$6,$0,$3,$5,$3,$-0,$3,$1,$2,$2,$2,$3,$3,$12,12,$0.14,$0.14,$12,$4,$0,$24,$0,$0,$19,$0,$20,$44,$9,$0,$0,$1,$10,$0,$-57,$-2,$34,$44,$2,$0,$0,$1,$0,$-2,$0,$-0,$-3,$0,$-0,$0,$0,$0,$0,$0,$0,$-0,$-0,$0,$-0,$0,$0,$-2,$0,$-2,$-1,$0,$-2
18,2014-03-31,7.86,$2.82,2.79,$2.12,3.7,$1.73,4.55,$0.28,28.06,$0.02B,$0.01B,2.74,$0.00B,$0.03B,0.0,$0.03B,$0.02B,69.23%,$0.03B,$0.00B,15.38%,$0.03B,$0.00B,15.38%,$0.03B,$0.01B,19.23%,$0.03B,$0.00B,15.38%,$0.03B,$0.00B,15.38%,$0.00B,$0.03B,12.50%,$0.00B,$0.01B,27.59%,$0.00B,$0.04B,9.88%,$0.00B,$0.03B,12.50%,$7,$2,$5,$0,$3,$6,$1,$-0,$1,$0,$1,$1,$1,$1,$1,$12,12,$0.06,$0.05,$12,$3,$0,$23,$0,$0,$19,$0,$19,$42,$8,$0,$0,$1,$9,$0,$-57,$-3,$33,$42,$1,$0,$0,$0,$0,$-1,$0,$-0,$-1,$-0,$-0,$0,$0,$0,$0,$0,$0,$-0,$-0,$0,$-0,$0,$0,$-1,$0,$-1,$-1,$0,$-1
19,2013-12-31,8.4,$2.82,2.98,$2.14,3.93,$2.00,4.21,$0.33,25.46,$0.02B,$0.01B,2.59,$0.00B,$0.03B,0.0,$0.03B,$0.02B,69.23%,$0.03B,$0.01B,19.23%,$0.03B,$0.01B,19.23%,$0.03B,$0.01B,23.08%,$0.03B,$0.01B,19.23%,$0.03B,$0.00B,15.38%,$0.00B,$0.03B,12.80%,$0.00B,$0.01B,27.59%,$0.00B,$0.04B,10.19%,$0.01B,$0.03B,16.00%,$7,$2,$5,$0,$3,$6,$1,$0,$1,$-0,$1,$1,$1,$1,$1,$11,12,$0.07,$0.06,$14,$2,$0,$24,$0,$0,$19,$0,$19,$43,$9,$0,$0,$1,$10,$0,$-57,$-3,$33,$43,$4,$0,$0,$1,$-2,$2,$0,$4,$4,$9,$-0,$0,$-0,$0,$0,$0,$0,$-1,$-0,$0,$-0,$0,$0,$-4,$0,$-3,$5,$0,$-4
20,2013-09-30,8.21,$2.75,2.99,$2.18,3.77,$1.27,6.48,$0.38,21.6,$0.02B,$0.01B,3.05,$0.00B,$0.03B,0.0,$0.03B,$0.02B,69.23%,$0.03B,$0.01B,23.08%,$0.03B,$0.01B,23.08%,$0.03B,$0.01B,26.92%,$0.03B,$0.01B,23.08%,$0.03B,$0.00B,15.38%,$0.00B,$0.03B,13.01%,$0.00B,$0.02B,27.59%,$0.00B,$0.04B,10.60%,$0.01B,$0.03B,19.51%,$6,$2,$4,$0,$3,$5,$1,$-0,$1,$0,$1,$1,$1,$2,$1,$11,12,$0.08,$0.08,$14,$2,$0,$22,$0,$0,$16,$0,$17,$39,$7,$0,$0,$0,$8,$0,$-57,$-4,$32,$39,$3,$0,$0,$1,$-1,$3,$0,$2,$4,$7,$-0,$0,$0,$0,$0,$0,$0,$-0,$-0,$0,$-0,$0,$0,$-3,$0,$-2,$5,$0,$-3
21,2013-06-30,5.6,$2.64,2.12,$2.25,2.49,$0.80,6.96,$0.41,13.65,$0.02B,$0.01B,2.93,$0.00B,$0.03B,0.0,$0.03B,$0.02B,70.37%,$0.03B,$0.01B,25.93%,$0.03B,$0.01B,25.93%,$0.03B,$0.01B,25.93%,$0.03B,$0.01B,25.93%,$0.03B,$0.00B,14.81%,$0.00B,$0.03B,13.11%,$0.00B,$0.02B,28.07%,$0.00B,$0.04B,10.53%,$0.01B,$0.03B,22.95%,$6,$2,$4,$0,$3,$5,$1,$0,$1,$1,$1,$1,$1,$1,$1,$11,12,$0.08,$0.08,$13,$2,$0,$22,$0,$0,$16,$0,$16,$38,$8,$0,$0,$0,$8,$0,$-56,$-5,$30,$38,$2,$0,$0,$0,$-1,$3,$0,$2,$3,$5,$-0,$0,$0,$0,$0,$0,$0,$-0,$-0,$0,$-0,$0,$0,$-1,$0,$-1,$5,$0,$-1
22,2013-03-31,5.29,$2.63,2.01,$2.33,2.27,$0.32,16.29,$0.52,10.17,$0.02B,$0.01B,3.03,$0.00B,$0.03B,0.0,$0.03B,$0.02B,71.43%,$0.03B,$0.01B,28.57%,$0.03B,$0.01B,28.57%,$0.03B,$0.01B,28.57%,$0.03B,$0.01B,32.14%,$0.03B,$0.01B,17.86%,$0.01B,$0.03B,16.53%,$0.01B,$0.01B,37.04%,$0.01B,$0.04B,13.33%,$0.01B,$0.03B,26.45%,$7,$2,$5,$0,$3,$5,$2,$-0,$2,$1,$1,$1,$1,$2,$2,$11,12,$0.10,$0.10,$12,$4,$0,$21,$0,$0,$16,$0,$16,$37,$7,$0,$0,$0,$7,$0,$-56,$-4,$30,$37,$1,$0,$0,$0,$-1,$1,$0,$1,$1,$3,$-0,$0,$0,$0,$0,$0,$0,$-0,$-0,$0,$-0,$0,$0,$0,$0,$0,$3,$0,$0
23,2012-12-31,4.91,$2.71,1.81,$2.28,2.15,$0.22,22.17,$0.49,10.02,$0.02B,$0.01B,3.42,$0.00B,$0.03B,0.0,$0.03B,$0.02B,70.37%,$0.03B,$0.01B,25.93%,$0.03B,$0.01B,25.93%,$0.03B,$0.01B,25.93%,$0.03B,$0.01B,29.63%,$0.03B,$0.01B,18.52%,$0.01B,$0.03B,14.60%,$0.01B,$0.01B,28.57%,$0.01B,$0.04B,11.90%,$0.01B,$0.03B,20.44%,$7,$2,$5,$0,$3,$5,$2,$0,$2,$0,$1,$1,$1,$2,$2,$11,12,$0.12,$0.11,$9,$5,$0,$20,$0,$0,$17,$0,$17,$37,$6,$0,$0,$0,$6,$0,$-57,$-3,$31,$37,$6,$1,$-1,$0,$-0,$-4,$0,$-1,$-6,$-0,$-0,$0,$0,$0,$18,$18,$0,$18,$-0,$0,$-0,$1,$1,$-45,$1,$-43,$-25,$0,$-45
24,2012-09-30,4.91,$2.72,1.8,$2.13,2.31,$0.67,7.3,$0.50,9.83,$0.02B,$0.01B,2.76,$0.00B,$0.03B,0.0,$0.03B,$0.02B,68.00%,$0.03B,$0.00B,16.00%,$0.03B,$0.00B,16.00%,$0.03B,$0.01B,20.00%,$0.03B,$0.01B,24.00%,$0.03B,$0.01B,24.00%,$0.01B,$0.03B,15.89%,$0.01B,$0.01B,28.57%,$0.01B,$0.04B,11.65%,$0.00B,$0.03B,10.60%,$7,$2,$5,$0,$3,$5,$2,$-0,$2,$0,$1,$1,$1,$2,$2,$11,12,$0.11,$0.11,$12,$4,$0,$22,$0,$0,$17,$0,$17,$40,$8,$0,$0,$1,$9,$0,$-56,$-3,$31,$40,$4,$1,$0,$1,$-0,$-3,$0,$-0,$-3,$2,$-0,$0,$0,$18,$0,$18,$0,$18,$-0,$0,$-0,$0,$0,$-42,$0,$-42,$-22,$0,$-42
25,2012-06-30,4.35,$2.55,1.71,$1.92,2.27,$1.00,4.34,$2.02,2.15,$0.02B,$0.01B,2.87,$0.00B,$0.03B,0.0,$0.02B,$0.02B,68.18%,$0.02B,$0.00B,4.55%,$0.02B,$0.00B,4.55%,$0.02B,$0.00B,13.64%,$0.02B,$0.00B,18.18%,$0.02B,$0.02B,104.55%,$0.02B,$0.03B,49.46%,$0.02B,$0.01B,77.31%,$0.02B,$0.04B,38.33%,$0.00B,$0.03B,2.15%,$7,$2,$5,$0,$3,$5,$2,$1,$3,$1,$2,$2,$2,$2,$2,$11,12,$0.19,$0.19,$10,$3,$0,$19,$0,$0,$16,$0,$17,$36,$7,$0,$0,$0,$7,$0,$-56,$-4,$29,$36,$3,$0,$-0,$-0,$-1,$-2,$0,$-1,$-3,$-0,$-0,$0,$0,$18,$0,$18,$0,$18,$-0,$0,$-0,$0,$0,$-42,$0,$-42,$-24,$0,$-42
26,2012-03-31,3.38,$4.14,0.82,$1.74,1.95,$1.65,2.06,$3.20,1.06,$0.02B,$0.01B,2.55,$0.00B,$0.05B,0.0,$0.02B,$0.01B,68.42%,$0.02B,$-0.00B,-10.53%,$0.02B,$-0.00B,-10.53%,$0.02B,0,0.00%,$0.02B,0,0.00%,$0.02B,$0.03B,168.42%,$0.03B,$0.05B,62.44%,$0.03B,$0.03B,92.75%,$0.03B,$0.06B,48.48%,$-0.00B,$0.05B,-3.90%,$6,$2,$4,$0,$3,$5,$1,$0,$1,$0,$1,$1,$1,$1,$1,$11,11,$0.07,$0.07,$14,$2,$0,$21,$0,$17,$17,$0,$34,$55,$8,$0,$0,$0,$9,$0,$-39,$-3,$46,$55,$1,$0,$0,$0,$2,$-0,$0,$-1,$0,$2,$0,$0,$0,$0,$0,$0,$0,$0,$-0,$0,$-0,$0,$0,$-22,$0,$-22,$-21,$0,$-22
27,2011-12-31,3.31,$4.02,0.83,$1.70,1.95,$2.10,1.58,$3.21,1.03,$0.04B,$0.03B,1.39,$0.00B,$0.05B,0.0,$0.02B,$0.01B,66.67%,$0.02B,$-0.00B,-16.67%,$0.02B,$-0.00B,-16.67%,$0.02B,$-0.00B,-5.56%,$0.02B,$-0.00B,-5.56%,$0.02B,$0.03B,177.78%,$0.03B,$0.05B,65.31%,$0.03B,$0.03B,104.92%,$0.03B,$0.08B,49.04%,$-0.00B,$0.05B,-6.12%,$5,$2,$3,$0,$3,$6,$-1,$1,$0,$-0,$0,$0,$2,$-0,$-1,$11,11,$0.16,$0.15,$34,$1,$0,$42,$0,$16,$16,$0,$33,$75,$30,$0,$0,$0,$30,$0,$-40,$-5,$45,$75,$32,$1,$-28,$-27,$1,$0,$0,$0,$-1,$5,$-0,$0,$38,$-17,$0,$-17,$-1,$20,$-0,$0,$-0,$1,$1,$-2,$-0,$-1,$23,$1,$-2
28,2011-09-30,2.83,$6.04,0.47,$1.41,2.0,$2.17,1.3,$3.18,0.89,$0.04B,$0.01B,4.26,$0.00B,$0.07B,0.0,$0.02B,$0.01B,60.00%,$0.02B,$-0.00B,-26.67%,$0.02B,$-0.00B,-26.67%,$0.02B,$-0.00B,-20.00%,$0.02B,$-0.00B,-20.00%,$0.02B,$0.03B,206.67%,$0.03B,$0.07B,66.31%,$0.03B,$0.05B,109.73%,$0.03B,$0.07B,52.54%,$-0.00B,$0.07B,-8.56%,$4,$2,$3,$0,$3,$5,$-1,$0,$-0,$-0,$-0,$-0,$18,$-0,$-1,$11,11,$1.67,$1.63,$30,$2,$0,$36,$0,$21,$17,$0,$38,$74,$9,$0,$0,$0,$9,$0,$-19,$-4,$66,$74,$31,$1,$-26,$-26,$3,$-0,$0,$-2,$0,$5,$-0,$0,$38,$-21,$0,$-21,$-1,$15,$-0,$0,$-0,$-0,$-0,$-2,$-0,$-2,$19,$0,$-2
29,2011-06-30,3.16,$4.41,0.72,$1.54,2.06,$2.29,1.38,$1.70,1.86,$0.04B,$0.01B,2.95,$0.00B,$0.05B,0.0,$0.02B,$0.01B,56.25%,$0.02B,$-0.00B,-18.75%,$0.02B,$-0.00B,-18.75%,$0.02B,$-0.00B,-18.75%,$0.02B,$-0.00B,-18.75%,$0.02B,$0.02B,93.75%,$0.02B,$0.05B,38.71%,$0.02B,$0.03B,81.08%,$0.02B,$0.06B,28.99%,$-0.00B,$0.05B,-7.74%,$4,$2,$3,$0,$3,$6,$-1,$0,$-1,$-0,$-1,$-1,$11,$-1,$-1,$11,11,$1.05,$1.02,$16,$1,$0,$36,$1,$0,$17,$0,$24,$60,$12,$0,$0,$0,$12,$0,$-37,$-3,$48,$60,$12,$1,$-8,$-8,$3,$0,$0,$-1,$2,$7,$-0,$0,$0,$0,$0,$0,$-0,$-0,$-0,$0,$-0,$-0,$-0,$-1,$-0,$-1,$5,$0,$-1
30,2011-03-31,3.17,$3.45,0.92,$1.70,1.87,$2.16,1.47,$0.46,6.9,$0.03B,$0.02B,1.86,$0.00B,$0.04B,0.0,$0.02B,$0.01B,55.56%,$0.02B,$-0.00B,-11.11%,$0.02B,$-0.00B,-11.11%,$0.02B,$-0.00B,-11.11%,$0.02B,$-0.00B,-11.11%,$0.02B,$0.01B,27.78%,$0.01B,$0.04B,14.49%,$0.01B,$0.01B,39.22%,$0.01B,$0.05B,10.53%,$-0.00B,$0.04B,-5.80%,$5,$2,$3,$0,$4,$6,$-0,$0,$-0,$-0,$-0,$-0,$1,$-0,$-0,$11,11,$0.09,$0.08,$17,$3,$0,$27,$1,$0,$23,$0,$25,$52,$15,$0,$0,$0,$15,$0,$-48,$-3,$37,$52,$1,$0,$4,$5,$2,$-0,$0,$-1,$1,$7,$-0,$0,$0,$0,$0,$0,$-0,$-0,$-0,$0,$-0,$0,$0,$-1,$-0,$-0,$6,$0,$-1
31,2010-12-31,3.62,$3.36,1.08,$2.13,1.7,$2.00,1.81,$0.49,7.39,$0.03B,$0.02B,1.81,$0.00B,$0.04B,0.0,$0.02B,$0.01B,56.52%,$0.02B,$-0.00B,-4.35%,$0.02B,$-0.00B,-4.35%,$0.02B,0,0.00%,$0.02B,$-0.00B,-4.35%,$0.02B,$0.01B,21.74%,$0.01B,$0.04B,15.38%,$0.01B,$0.02B,46.51%,$0.01B,$0.05B,10.99%,$-0.00B,$0.04B,-3.08%,$2,$1,$0,$0,$2,$3,$-2,$-0,$-2,$-1,$-1,$-1,$1,$-2,$-2,$10,11,$0.11,$0.10,$11,$2,$0,$26,$1,$0,$17,$0,$24,$50,$15,$0,$0,$0,$15,$0,$-48,$-4,$36,$50,$5,$1,$1,$2,$-1,$0,$0,$-0,$-1,$6,$-0,$0,$0,$0,$0,$0,$-0,$-0,$-2,$0,$-2,$3,$3,$-1,$-0,$0,$5,$1,$-1
32,2010-09-30,3.25,$3.29,0.99,$2.91,1.11,$1.81,1.8,$0.53,6.12,$0.02B,$0.01B,1.8,$0.00B,$0.03B,0.0,$0.03B,$0.02B,64.52%,$0.03B,$0.00B,9.68%,$0.03B,$0.00B,9.68%,$0.03B,$0.00B,12.90%,$0.03B,$0.00B,9.68%,$0.03B,$0.01B,16.13%,$0.01B,$0.03B,16.39%,$0.01B,$0.01B,71.43%,$0.01B,$0.05B,11.24%,$0.00B,$0.03B,9.68%,$5,$2,$3,$0,$3,$6,$-0,$0,$-0,$-0,$-0,$-0,$2,$0,$-0,$10,11,$0.16,$0.15,$11,$4,$0,$20,$1,$0,$23,$0,$25,$45,$11,$0,$0,$0,$11,$0,$-49,$-3,$34,$45,$4,$1,$2,$3,$2,$-1,$0,$-1,$-0,$7,$-0,$0,$0,$0,$0,$0,$-0,$-0,$-2,$0,$-2,$1,$1,$-1,$-0,$-1,$5,$1,$-1
33,2010-06-30,3.09,$3.03,1.02,$3.37,0.92,$1.39,2.23,$0.51,6.07,$0.02B,$0.01B,1.55,$0.00B,$0.03B,0.0,$0.04B,$0.02B,63.89%,$0.04B,$0.01B,13.89%,$0.04B,$0.01B,13.89%,$0.04B,$0.01B,16.67%,$0.04B,$0.01B,13.89%,$0.04B,$0.00B,11.11%,$0.00B,$0.03B,14.04%,$0.00B,$0.01B,80.00%,$0.00B,$0.04B,9.09%,$0.01B,$0.03B,16.81%,$6,$2,$4,$0,$3,$6,$0,$-0,$0,$0,$0,$0,$1,$0,$0,$10,11,$0.14,$0.13,$9,$4,$0,$19,$1,$0,$23,$0,$24,$43,$12,$0,$0,$0,$12,$0,$-50,$-4,$31,$43,$3,$1,$4,$5,$1,$-2,$0,$-1,$-2,$5,$-0,$0,$0,$0,$0,$0,$-0,$-0,$-2,$0,$-2,$1,$1,$0,$-0,$-1,$4,$0,$0
34,2010-03-31,2.94,$2.91,1.01,$3.78,0.78,$1.04,2.83,$0.49,6.01,$0.02B,$0.02B,1.33,$0.00B,$0.03B,0.0,$0.04B,$0.03B,62.50%,$0.04B,$0.01B,17.50%,$0.04B,$0.01B,17.50%,$0.04B,$0.01B,20.00%,$0.04B,$0.01B,15.00%,$0.04B,$0.00B,10.00%,$0.00B,$0.03B,14.81%,$0.00B,$0.01B,133.33%,$0.00B,$0.04B,8.99%,$0.01B,$0.03B,24.14%,$10,$3,$6,$0,$5,$8,$1,$-0,$1,$0,$1,$1,$1,$2,$1,$10,11,$0.12,$0.11,$9,$3,$0,$20,$1,$0,$23,$0,$24,$44,$15,$0,$0,$0,$15,$0,$-51,$-4,$29,$44,$1,$0,$0,$1,$4,$-1,$0,$0,$3,$5,$-0,$0,$0,$0,$0,$0,$0,$-0,$-1,$0,$-1,$0,$0,$0,$0,$-1,$3,$0,$0
35,2009-12-31,2.67,$2.87,0.93,$3.76,0.71,$0.95,2.79,$0.48,5.56,$0.02B,$0.02B,1.31,$0.00B,$0.03B,0.05,$0.04B,$0.03B,64.10%,$0.04B,$0.01B,17.95%,$0.04B,$0.01B,17.95%,$0.04B,$0.01B,20.51%,$0.04B,$0.01B,15.38%,$0.04B,$0.00B,10.26%,$0.00B,$0.03B,16.00%,$0.00B,$0.00B,400.00%,$0.00B,$0.05B,9.09%,$0.01B,$0.03B,25.00%,$10,$3,$7,$0,$4,$8,$2,$-0,$2,$0,$1,$1,$1,$2,$2,$10,11,$0.14,$0.14,$5,$2,$0,$20,$1,$0,$24,$0,$25,$46,$16,$2,$0,$2,$17,$0,$-52,$-3,$28,$46,$5,$1,$2,$3,$-1,$0,$0,$-3,$-4,$4,$-0,$0,$0,$0,$0,$0,$-0,$-0,$-5,$0,$-5,$1,$1,$0,$-0,$-4,$-0,$1,$0
36,2009-09-30,2.97,$2.66,1.11,$3.84,0.77,$1.12,2.65,$0.52,5.7,$0.02B,$0.01B,1.31,$0.00B,$0.03B,0.12,$0.04B,$0.03B,64.10%,$0.04B,$0.01B,17.95%,$0.04B,$0.01B,17.95%,$0.04B,$0.01B,20.51%,$0.04B,$0.01B,15.38%,$0.04B,$0.01B,12.82%,$0.01B,$0.03B,21.74%,$0.01B,$0.00B,-666.67%,$0.01B,$0.04B,11.43%,$0.01B,$0.03B,26.17%,$10,$3,$6,$0,$4,$8,$2,$0,$2,$0,$1,$1,$1,$2,$2,$10,10,$0.14,$0.13,$5,$2,$0,$17,$1,$0,$24,$0,$26,$43,$13,$3,$0,$4,$17,$0,$-53,$-3,$26,$43,$3,$1,$1,$2,$3,$-0,$0,$-6,$-3,$2,$-0,$0,$0,$0,$0,$0,$0,$-0,$-3,$0,$-3,$0,$0,$0,$0,$-3,$-1,$1,$0
37,2009-06-30,2.22,$2.58,0.86,$3.79,0.59,$1.23,1.8,$0.45,4.93,$0.02B,$0.02B,1.13,$0.00B,$0.03B,0.12,$0.04B,$0.02B,63.16%,$0.04B,$0.01B,15.79%,$0.04B,$0.01B,15.79%,$0.04B,$0.01B,18.42%,$0.04B,$0.01B,13.16%,$0.04B,$0.01B,13.16%,$0.01B,$0.03B,22.47%,$0.01B,$0.00B,-200.00%,$0.01B,$0.05B,11.43%,$0.01B,$0.03B,22.64%,$10,$3,$6,$0,$4,$8,$2,$-1,$1,$0,$1,$1,$1,$2,$2,$10,10,$0.11,$0.11,$5,$2,$0,$18,$1,$0,$25,$0,$27,$45,$16,$3,$0,$4,$19,$0,$-55,$-3,$25,$45,$2,$1,$1,$2,$2,$-0,$0,$-3,$-2,$2,$-0,$0,$0,$0,$0,$0,$0,$-0,$-3,$0,$-3,$0,$0,$0,$0,$-3,$-1,$0,$0
38,2009-03-31,1.12,$2.12,0.53,$3.80,0.29,$1.46,0.77,$0.42,2.66,$0.02B,$0.02B,1.05,$0.00B,$0.02B,0.19,$0.04B,$0.02B,63.16%,$0.04B,$0.01B,13.16%,$0.04B,$0.01B,13.16%,$0.04B,$0.01B,18.42%,$0.04B,$0.01B,13.16%,$0.04B,$0.01B,13.16%,$0.01B,$0.02B,22.73%,$0.01B,$-0.00B,-125.00%,$0.01B,$0.04B,11.24%,$0.01B,$0.03B,18.52%,$9,$3,$6,$0,$4,$7,$1,$-0,$1,$0,$1,$1,$1,$2,$1,$10,10,$0.10,$0.10,$8,$2,$0,$18,$1,$0,$23,$0,$24,$42,$17,$4,$0,$5,$21,$0,$-56,$-6,$21,$42,$1,$0,$0,$1,$5,$-0,$0,$-2,$2,$4,$-0,$0,$0,$0,$0,$0,$0,$-0,$-1,$0,$-1,$0,$0,$0,$0,$-1,$2,$0,$0
39,2008-12-31,0.68,$2.04,0.33,$3.84,0.18,$1.36,0.5,$0.30,2.28,$0.02B,$0.02B,1.1,$0.01B,$0.02B,0.25,$0.04B,$0.02B,60.53%,$0.04B,$0.00B,10.53%,$0.04B,$0.00B,10.53%,$0.04B,$0.01B,15.79%,$0.04B,$0.00B,10.53%,$0.04B,$0.00B,10.53%,$0.00B,$0.02B,17.58%,$0.00B,$-0.00B,-76.19%,$0.00B,$0.05B,8.65%,$0.00B,$0.03B,14.16%,$10,$3,$7,$0,$5,$8,$2,$0,$2,$0,$2,$2,$2,$2,$2,$10,10,$0.18,$0.18,$6,$2,$0,$20,$1,$0,$23,$0,$25,$45,$19,$5,$1,$7,$25,$0,$-57,$-5,$20,$45,$3,$2,$0,$3,$-1,$-1,$0,$2,$-0,$6,$-1,$0,$0,$0,$0,$0,$0,$-1,$-4,$0,$-4,$0,$0,$0,$-0,$-5,$-1,$1,$0
40,2008-09-30,1.31,$2.35,0.56,$3.75,0.35,$1.32,1.0,$0.14,9.39,$0.01B,$0.01B,1.04,$0.01B,$0.02B,0.24,$0.04B,$0.02B,59.46%,$0.04B,$0.00B,8.11%,$0.04B,$0.00B,8.11%,$0.04B,$0.01B,13.51%,$0.04B,$0.00B,5.41%,$0.04B,$0.00B,5.41%,$0.00B,$0.02B,8.99%,$0.00B,$-0.01B,-25.81%,$0.00B,$0.04B,4.12%,$0.00B,$0.03B,10.43%,$9,$4,$5,$0,$4,$8,$1,$-0,$1,$0,$1,$1,$1,$1,$1,$10,10,$0.06,$0.06,$6,$2,$0,$14,$1,$0,$28,$0,$30,$43,$13,$5,$1,$7,$20,$0,$-58,$-0,$23,$43,$1,$2,$0,$2,$6,$-1,$0,$-5,$0,$4,$-1,$0,$0,$0,$0,$0,$0,$-1,$-4,$0,$-4,$0,$0,$0,$-0,$-4,$-2,$1,$0
41,2008-06-30,1.94,$2.52,0.77,$3.79,0.51,$1.44,1.34,$0.14,13.84,$0.02B,$0.02B,1.0,$0.01B,$0.02B,0.24,$0.04B,$0.02B,62.16%,$0.04B,$0.00B,8.11%,$0.04B,$0.00B,8.11%,$0.04B,$0.01B,16.22%,$0.04B,$0.00B,5.41%,$0.04B,$0.00B,5.41%,$0.00B,$0.02B,9.52%,$0.00B,$-0.01B,-20.00%,$0.00B,$0.05B,3.98%,$0.00B,$0.03B,10.53%,$10,$4,$6,$0,$4,$9,$1,$-0,$1,$0,$1,$1,$1,$2,$1,$10,10,$0.08,$0.08,$7,$1,$0,$16,$2,$0,$30,$0,$32,$48,$16,$6,$1,$8,$24,$0,$-59,$2,$24,$48,$1,$1,$0,$2,$5,$-0,$0,$-3,$2,$4,$-0,$0,$0,$0,$0,$0,$0,$-0,$-3,$0,$-3,$0,$0,$0,$-0,$-4,$-0,$0,$0
42,2008-03-31,1.67,$2.43,0.69,$3.75,0.45,$1.68,1.0,$0.06,27.88,$0.02B,$0.02B,0.93,$0.01B,$0.02B,0.28,$0.04B,$0.02B,61.11%,$0.04B,$0.00B,8.33%,$0.04B,$0.00B,8.33%,$0.04B,$0.01B,13.89%,$0.04B,$0.00B,2.78%,$0.04B,$0.00B,2.78%,$0.00B,$0.02B,5.26%,$0.00B,$-0.01B,-8.00%,$0.00B,$0.05B,1.96%,$0.00B,$0.03B,10.91%,$9,$4,$5,$0,$5,$9,$0,$-0,$-0,$-0,$-0,$-0,$-0,$1,$0,$10,10,$-0.02,$-0.02,$7,$2,$0,$16,$2,$0,$31,$0,$33,$49,$18,$6,$1,$8,$26,$0,$-60,$2,$24,$49,$-0,$1,$0,$1,$5,$-1,$0,$-2,$2,$3,$-0,$0,$0,$0,$0,$0,$0,$-0,$-3,$0,$-3,$0,$0,$0,$-0,$-3,$-1,$0,$0
43,2007-12-31,2.54,$2.00,1.27,$3.69,0.69,$1.80,1.42,$0.04,63.58,$0.02B,$0.02B,1.07,$0.01B,$0.02B,0.49,$0.04B,$0.02B,62.86%,$0.04B,$0.00B,8.57%,$0.04B,$0.00B,8.57%,$0.04B,$0.01B,14.29%,$0.04B,$0.00B,2.86%,$0.04B,$0.00B,2.86%,$0.00B,$0.02B,5.97%,$0.00B,$-0.01B,-6.67%,$0.00B,$0.05B,1.94%,$0.00B,$0.03B,11.32%,$9,$4,$6,$0,$4,$9,$1,$-0,$0,$-0,$0,$0,$0,$1,$1,$10,10,$0.04,$0.04,$7,$1,$0,$20,$2,$0,$31,$0,$33,$54,$19,$9,$1,$17,$36,$0,$-60,$2,$18,$54,$1,$3,$0,$3,$-1,$0,$0,$2,$1,$5,$-1,$0,$-0,$0,$0,$0,$0,$-0,$-2,$0,$-2,$0,$0,$0,$0,$-2,$2,$1,$0
44,2007-09-30,1.45,$2.01,0.72,$3.69,0.39,$1.67,0.87,$0.12,12.09,$0.02B,$0.01B,1.13,$0.01B,$0.02B,0.53,$0.04B,$0.02B,62.86%,$0.04B,$0.00B,8.57%,$0.04B,$0.00B,8.57%,$0.04B,$0.01B,17.14%,$0.04B,$0.00B,5.71%,$0.04B,$0.00B,5.71%,$0.00B,$0.02B,13.56%,$0.00B,$-0.01B,-11.59%,$0.00B,$0.05B,3.94%,$0.00B,$0.03B,11.88%,$9,$4,$6,$0,$4,$8,$1,$-0,$1,$0,$1,$1,$1,$2,$1,$10,10,$0.06,$0.06,$8,$2,$0,$16,$1,$0,$32,$0,$34,$50,$14,$9,$1,$18,$32,$0,$-60,$3,$18,$50,$0,$2,$0,$2,$5,$-1,$0,$-2,$2,$4,$-0,$0,$-0,$0,$0,$0,$0,$-0,$-2,$0,$-2,$0,$0,$0,$0,$-2,$3,$1,$0
45,2007-06-30,1.93,$1.86,1.04,$3.63,0.53,$1.51,1.28,$0.06,32.14,$0.02B,$0.02B,1.07,$0.01B,$0.02B,0.61,$0.04B,$0.02B,60.00%,$0.04B,$0.00B,8.57%,$0.04B,$0.00B,8.57%,$0.04B,$0.01B,14.29%,$0.04B,$0.00B,2.86%,$0.04B,$0.00B,2.86%,$0.00B,$0.02B,8.16%,$0.00B,$-0.02B,-5.06%,$0.00B,$0.05B,2.00%,$0.00B,$0.03B,12.77%,$9,$4,$5,$0,$4,$8,$1,$-0,$0,$0,$0,$0,$0,$1,$1,$10,10,$0.00,$0.00,$10,$1,$0,$17,$1,$0,$32,$0,$33,$51,$16,$10,$1,$18,$34,$0,$-60,$2,$16,$51,$-0,$1,$0,$2,$5,$0,$0,$-0,$4,$6,$-0,$0,$-0,$0,$0,$0,$0,$-0,$-1,$0,$-1,$0,$0,$0,$0,$-1,$5,$0,$0
46,2007-03-31,1.68,$1.74,0.96,$3.57,0.47,$1.23,1.36,$-1.64,0.0,$0.02B,$0.02B,1.04,$0.01B,$0.02B,0.69,$0.03B,$0.02B,61.76%,$0.03B,$-0.02B,-44.12%,$0.03B,$-0.02B,-44.12%,$0.03B,$0.01B,14.71%,$0.03B,$-0.02B,-50.00%,$0.03B,$-0.02B,-44.12%,$-0.02B,$0.02B,-150.00%,$-0.02B,$-0.02B,68.97%,$-0.02B,$0.05B,-30.30%,$-0.02B,$0.03B,-68.97%,$8,$3,$5,$0,$4,$8,$0,$-0,$-0,$0,$-0,$-0,$-0,$1,$0,$10,10,$-0.04,$-0.04,$8,$0,$0,$18,$1,$0,$32,$0,$33,$51,$17,$11,$1,$19,$36,$0,$-60,$2,$15,$51,$-0,$1,$0,$1,$1,$1,$0,$1,$3,$4,$-0,$0,$-0,$0,$0,$0,$0,$-0,$-1,$0,$-1,$0,$0,$0,$0,$-1,$3,$0,$0
47,2006-12-31,1.0,$1.25,0.8,$3.53,0.28,$1.09,0.91,$-1.78,0.0,$0.02B,$0.02B,1.05,$0.01B,$0.01B,1.12,$0.03B,$0.02B,61.76%,$0.03B,$-0.02B,-47.06%,$0.03B,$-0.02B,-47.06%,$0.03B,$0.00B,11.76%,$0.03B,$-0.02B,-55.88%,$0.03B,$-0.02B,-50.00%,$-0.02B,$0.01B,-147.83%,$-0.02B,$-0.02B,70.83%,$-0.02B,$0.05B,-32.08%,$-0.02B,$0.02B,-66.67%,$9,$3,$6,$0,$4,$8,$1,$-0,$1,$-0,$1,$1,$1,$2,$1,$10,10,$0.12,$0.12,$5,$1,$0,$17,$1,$0,$32,$0,$34,$51,$17,$11,$1,$25,$41,$0,$-60,$1,$10,$51,$-17,$20,$-1,$19,$2,$0,$0,$0,$1,$3,$-0,$0,$-0,$0,$0,$0,$0,$-1,$-2,$0,$-2,$0,$0,$0,$0,$-2,$1,$1,$0
