,Date,Stock Price,Book Value per Share,Price to Book Ratio,TTM Sales per Share,Price to Sales Ratio,TTM FCF per Share,Price to FCF Ratio,TTM Net EPS,PE Ratio,Current Assets,Current Liabilities,Current Ratio,Long Term Debt,Shareholder's Equity_x,Debt to Equity Ratio,TTM Revenue_x,TTM Gross Profit,Gross Margin,TTM Revenue_y,TTM Operating Income,Operating Margin,TTM Revenue_x,TTM EBIT,EBIT Margin,TTM Revenue_y,TTM EBITDA,EBITDA Margin,TTM Revenue_x,TTM Pre-Tax Income,Pre-Tax Margin,TTM Revenue_y,TTM Net Income_x,Net Margin,TTM Net Income_y,Shareholder's Equity_y,Return on Equity,TTM Net Income_x,Tangible Equity,Return on Tangible Equity,TTM Net Income_y,Total Assets,Return on Assets,TTM Net Income,LT Investments & Debt,Return on Investment,revenue,cost-goods-sold,gross-profit,research-development-expenses,selling-general-administrative-expenses,operating-expenses,operating-income,total-non-operating-income-expense,pre-tax-income,total-provision-income-taxes,income-after-taxes,income-from-continuous-operations,net-income,ebitda,ebit,basic-shares-outstanding,shares-outstanding,eps-basic-net-earnings-per-share,eps-earnings-per-share-diluted,cash-on-hand,inventory,other-current-assets,total-current-assets,net-property-plant-equipment,long-term-investments,goodwill-intangible-assets-total,other-long-term-assets,total-long-term-assets,total-assets,total-current-liabilities,long-term-debt,other-non-current-liabilities,total-long-term-liabilities,total-liabilities,common-stock-net,retained-earnings-accumulated-deficit,comprehensive-income,total-share-holder-equity,total-liabilities-share-holders-equity,net-income-loss,total-depreciation-amortization-cash-flow,other-non-cash-items,total-non-cash-items,change-in-accounts-receivable,change-in-inventories,change-in-accounts-payable,change-in-assets-liabilities,total-change-in-assets-liabilities,cash-flow-from-operating-activities,net-change-in-property-plant-equipment,net-change-in-intangible-assets,net-acquisitions-divestitures,net-change-in-short-term-investments,net-change-in-long-term-investments,net-change-in-investments-total,investing-activities-other,cash-flow-from-investing-activities,net-long-term-debt,net-current-debt,debt-issuance-retirement-net-total,net-common-equity-issued-repurchased,net-total-equity-issued-repurchased,total-common-preferred-stock-dividends-paid,financial-activities-other,cash-flow-from-financial-activities,net-cash-flow,stock-based-compensation,common-stock-dividends-paid
0,2018-09-30,100.55,$22.05,4.56,$40.87,2.46,$20.05,5.02,$4.20,23.94,$1.09B,$0.46B,2.35,$0.17B,$0.90B,0.19,$1.85B,$1.84B,99.57%,$1.85B,$0.50B,27.21%,$1.85B,$0.50B,27.21%,$1.85B,$0.53B,28.78%,$1.85B,$0.49B,26.24%,$1.85B,$0.20B,10.53%,$0.20B,$0.90B,23.49%,$0.20B,$0.75B,28.69%,$0.20B,$1.71B,12.34%,$0.50B,$1.07B,50.37%,$385,$3,$382,$0,$288,$305,$81,$-4,$77,$18,$59,$59,$49,$89,$81,$41,46,$1.21,$1.08,$451,$311,$68,$1087,$69,$89,$146,$88,$619,$1706,$463,$169,$175,$343,$806,$1,$225,$-29,$899,$1706,$251,$21,$213,$234,$-58,$0,$8,$-113,$-174,$311,$-12,$0,$0,$-179,$-0,$-179,$2,$-189,$-7,$0,$-7,$0,$0,$-57,$-242,$-306,$-183,$209,$-57
1,2018-06-30,105.45,$20.78,5.07,$41.82,2.52,$20.37,5.18,$4.16,25.35,$1.00B,$0.43B,2.32,$0.17B,$0.85B,0.2,$1.88B,$1.87B,99.57%,$1.88B,$0.52B,27.46%,$1.88B,$0.52B,27.46%,$1.88B,$0.54B,28.95%,$1.88B,$0.50B,26.50%,$1.88B,$0.19B,10.22%,$0.19B,$0.85B,24.39%,$0.19B,$0.70B,30.26%,$0.19B,$1.61B,12.43%,$0.52B,$1.02B,53.79%,$454,$2,$452,$0,$329,$344,$110,$-3,$107,$26,$82,$82,$69,$117,$110,$41,45,$1.69,$1.52,$433,$250,$19,$997,$67,$90,$148,$84,$616,$1613,$429,$168,$164,$332,$762,$1,$199,$-31,$851,$1613,$191,$14,$147,$160,$-96,$0,$20,$-90,$-177,$175,$-7,$0,$0,$-121,$-0,$-121,$2,$-126,$-7,$0,$-7,$-185,$-185,$-37,$-20,$-249,$-202,$141,$-37
2,2018-03-31,86.81,$18.91,4.59,$40.20,2.16,$19.79,4.39,$3.05,28.46,$0.81B,$0.32B,2.49,$0.17B,$0.77B,0.22,$1.80B,$1.79B,99.50%,$1.80B,$0.48B,26.61%,$1.80B,$0.48B,26.61%,$1.80B,$0.51B,28.11%,$1.80B,$0.44B,24.39%,$1.80B,$0.14B,7.83%,$0.14B,$0.77B,18.82%,$0.14B,$0.62B,23.72%,$0.14B,$1.42B,9.38%,$0.48B,$0.94B,51.90%,$468,$3,$465,$0,$332,$349,$119,$-4,$115,$5,$110,$110,$96,$126,$119,$40,45,$2.36,$2.10,$440,$96,$29,$809,$68,$98,$154,$69,$609,$1418,$324,$169,$151,$319,$643,$1,$154,$-26,$774,$1418,$110,$7,$68,$74,$-41,$-0,$16,$-188,$-225,$-41,$-4,$0,$0,$32,$0,$32,$0,$28,$-7,$0,$-7,$-156,$-156,$-17,$-13,$-192,$-201,$68,$-17
3,2017-12-31,89.21,$20.37,4.38,$38.44,2.32,$18.87,4.73,$2.71,32.92,$1.00B,$0.46B,2.16,$0.18B,$0.80B,0.22,$1.72B,$1.71B,99.42%,$1.72B,$0.48B,27.61%,$1.72B,$0.48B,27.61%,$1.72B,$0.50B,29.12%,$1.72B,$0.44B,25.35%,$1.72B,$0.13B,7.31%,$0.13B,$0.80B,16.76%,$0.13B,$0.64B,21.44%,$0.13B,$1.59B,8.36%,$0.48B,$0.97B,51.29%,$545,$0,$545,$0,$337,$351,$194,$-6,$187,$189,$-1,$-1,$-19,$201,$194,$40,45,$-0.47,$-0.41,$640,$129,$30,$1000,$69,$98,$154,$65,$585,$1585,$464,$175,$149,$324,$789,$1,$79,$-31,$796,$1585,$179,$26,$333,$359,$45,$1,$4,$-61,$-22,$517,$-31,$0,$34,$-59,$-1,$-60,$2,$-55,$-10,$0,$-10,$-304,$-304,$-57,$-49,$-419,$51,$230,$-57
4,2017-09-30,79.18,$18.86,4.2,$36.47,2.17,$17.16,4.61,$4.19,18.9,$0.86B,$0.42B,2.04,$0.18B,$0.73B,0.24,$1.63B,$1.62B,99.39%,$1.63B,$0.39B,24.06%,$1.63B,$0.39B,24.06%,$1.63B,$0.42B,25.60%,$1.63B,$0.35B,21.49%,$1.63B,$0.19B,11.54%,$0.19B,$0.73B,25.12%,$0.19B,$0.57B,32.68%,$0.19B,$1.56B,12.31%,$0.39B,$0.90B,42.29%,$412,$3,$409,$0,$302,$319,$93,$-4,$89,$29,$60,$60,$46,$100,$93,$39,44,$1.18,$1.04,$474,$116,$50,$863,$68,$99,$156,$65,$698,$1561,$423,$175,$235,$410,$833,$1,$117,$-45,$728,$1561,$181,$18,$187,$206,$21,$1,$0,$-64,$-60,$326,$-25,$0,$0,$-47,$-1,$-48,$1,$-72,$-10,$0,$-10,$0,$0,$-41,$-327,$-378,$-118,$163,$-41
5,2017-06-30,69.24,$17.81,3.89,$36.06,1.92,$15.85,4.37,$3.94,17.57,$0.76B,$0.35B,2.15,$0.18B,$0.70B,0.25,$1.61B,$1.60B,99.56%,$1.61B,$0.39B,24.19%,$1.61B,$0.39B,24.19%,$1.61B,$0.41B,25.68%,$1.61B,$0.35B,21.58%,$1.61B,$0.18B,11.01%,$0.18B,$0.70B,23.87%,$0.18B,$0.54B,31.71%,$0.18B,$1.45B,11.78%,$0.39B,$0.87B,42.17%,$375,$4,$372,$0,$287,$302,$73,$-25,$48,$22,$26,$26,$18,$79,$73,$40,45,$0.45,$0.41,$447,$59,$53,$755,$63,$97,$156,$65,$696,$1451,$352,$175,$225,$401,$752,$1,$85,$-49,$699,$1451,$121,$12,$119,$131,$48,$0,$10,$-135,$-96,$156,$-17,$0,$0,$8,$-0,$8,$1,$-8,$-10,$0,$-10,$-240,$-240,$-30,$-16,$-295,$-148,$99,$-30
6,2017-03-31,76.14,$19.05,4.0,$35.81,2.13,$12.93,5.89,$4.08,18.66,$0.69B,$0.25B,2.72,$0.18B,$0.78B,0.23,$1.59B,$1.58B,99.75%,$1.59B,$0.38B,24.12%,$1.59B,$0.38B,24.12%,$1.59B,$0.41B,25.63%,$1.59B,$0.36B,22.86%,$1.59B,$0.18B,11.52%,$0.18B,$0.78B,25.15%,$0.18B,$0.59B,34.30%,$0.18B,$1.43B,12.48%,$0.38B,$0.96B,42.04%,$392,$4,$388,$0,$261,$276,$116,$-3,$113,$18,$95,$95,$81,$122,$116,$40,46,$2.00,$1.76,$387,$63,$22,$691,$56,$116,$192,$69,$742,$1433,$254,$179,$215,$394,$648,$1,$83,$-50,$784,$1433,$95,$6,$26,$32,$27,$0,$6,$-223,$-208,$-81,$-6,$0,$0,$5,$-0,$5,$0,$-1,$-6,$0,$-6,$-93,$-93,$-16,$-9,$-124,$-207,$29,$-16
7,2016-12-31,66.87,$19.99,3.35,$33.07,2.02,$12.28,5.45,$2.44,27.4,$0.93B,$0.46B,2.0,$0.19B,$0.78B,0.24,$1.46B,$1.46B,100.00%,$1.46B,$0.29B,19.64%,$1.46B,$0.29B,19.64%,$1.46B,$0.31B,21.29%,$1.46B,$0.27B,18.34%,$1.46B,$0.11B,7.35%,$0.11B,$0.78B,15.48%,$0.11B,$0.59B,21.63%,$0.11B,$1.66B,7.49%,$0.29B,$0.97B,32.59%,$450,$0,$450,$0,$322,$340,$110,$-10,$100,$40,$60,$60,$43,$116,$110,$39,44,$1.11,$0.97,$590,$66,$24,$926,$52,$117,$190,$73,$737,$1662,$463,$185,$231,$416,$879,$1,$20,$-50,$783,$1662,$149,$25,$282,$308,$-59,$1,$-12,$26,$-35,$422,$-18,$0,$-3,$-23,$-2,$-25,$-2,$-49,$44,$0,$44,$-174,$-174,$-52,$-56,$-238,$110,$258,$-52
8,2016-09-30,49.88,$17.99,2.77,$32.30,1.54,$11.20,4.45,$1.91,26.12,$0.73B,$0.35B,2.1,$0.19B,$0.70B,0.26,$1.42B,$1.42B,100.00%,$1.42B,$0.26B,18.63%,$1.42B,$0.26B,18.63%,$1.42B,$0.29B,20.40%,$1.42B,$0.24B,17.22%,$1.42B,$0.09B,6.00%,$0.09B,$0.70B,12.64%,$0.09B,$0.50B,18.03%,$0.09B,$1.46B,6.14%,$0.26B,$0.89B,31.14%,$391,$0,$391,$0,$282,$301,$90,$-4,$86,$39,$47,$47,$35,$96,$90,$39,44,$0.89,$0.79,$477,$66,$19,$728,$46,$122,$196,$62,$734,$1462,$347,$185,$230,$414,$762,$1,$-7,$-45,$700,$1462,$89,$19,$185,$204,$25,$1,$-12,$-67,$-42,$250,$-9,$0,$-3,$-23,$-2,$-25,$-5,$-42,$44,$0,$44,$-168,$-168,$-38,$-32,$-194,$-3,$178,$-38
9,2016-06-30,42.53,$16.59,2.56,$30.43,1.4,$8.60,4.94,$1.28,33.23,$0.58B,$0.25B,2.37,$0.19B,$0.64B,0.29,$1.34B,$1.34B,100.00%,$1.34B,$0.22B,16.36%,$1.34B,$0.22B,16.36%,$1.34B,$0.25B,18.45%,$1.34B,$0.17B,12.77%,$1.34B,$0.06B,4.26%,$0.06B,$0.64B,8.52%,$0.06B,$0.44B,12.55%,$0.06B,$1.31B,4.22%,$0.22B,$0.83B,26.37%,$355,$0,$355,$0,$271,$288,$67,$-3,$64,$31,$34,$34,$24,$73,$67,$39,44,$0.61,$0.55,$282,$0,$91,$580,$45,$123,$199,$56,$727,$1307,$245,$185,$234,$419,$664,$1,$-27,$-42,$643,$1307,$41,$13,$128,$141,$-15,$0,$-3,$-145,$-169,$14,$-6,$0,$0,$-26,$-2,$-27,$0,$-33,$44,$0,$44,$-166,$-166,$-24,$-23,$-170,$-201,$124,$-24
10,2016-03-31,49.51,$16.10,3.08,$28.76,1.72,$9.34,5.3,$0.99,50.01,$0.55B,$0.23B,2.46,$0.19B,$0.64B,0.3,$1.26B,$1.26B,100.00%,$1.26B,$0.19B,15.04%,$1.26B,$0.19B,15.04%,$1.26B,$0.22B,17.34%,$1.26B,$0.14B,11.14%,$1.26B,$0.04B,3.50%,$0.04B,$0.64B,6.48%,$0.04B,$0.44B,9.90%,$0.04B,$1.29B,3.26%,$0.19B,$0.83B,22.86%,$260,$0,$260,$0,$225,$242,$19,$-1,$17,$10,$8,$8,$5,$25,$19,$40,45,$0.13,$0.12,$327,$0,$61,$554,$48,$125,$200,$59,$731,$1285,$225,$190,$230,$421,$646,$1,$-37,$-36,$639,$1285,$8,$6,$71,$77,$30,$0,$-8,$-211,$-197,$-113,$-2,$0,$0,$-3,$-0,$-3,$0,$-6,$50,$50,$100,$-115,$-115,$-12,$-9,$-36,$-157,$67,$-12
11,2015-12-31,51.38,$17.85,2.88,$28.62,1.79,$10.00,5.14,$0.97,52.97,$0.75B,$0.41B,1.84,$0.14B,$0.71B,0.2,$1.24B,$1.24B,100.00%,$1.24B,$0.19B,15.50%,$1.24B,$0.19B,15.50%,$1.24B,$0.22B,17.92%,$1.24B,$0.14B,10.90%,$1.24B,$0.04B,3.47%,$0.04B,$0.71B,6.25%,$0.04B,$0.50B,9.94%,$0.04B,$1.48B,3.19%,$0.19B,$0.85B,23.43%,$411,$0,$411,$0,$306,$323,$88,$-12,$77,$47,$30,$30,$21,$95,$88,$37,44,$0.53,$0.46,$493,$44,$16,$749,$48,$127,$207,$49,$730,$1479,$408,$142,$222,$364,$772,$1,$-28,$-35,$707,$1479,$58,$30,$242,$272,$-50,$0,$14,$45,$38,$368,$-16,$0,$-6,$-7,$-1,$-8,$3,$-26,$0,$0,$0,$-154,$-154,$-46,$-34,$-235,$97,$208,$-46
12,2015-09-30,47.47,$18.87,2.52,$27.00,1.76,$6.80,6.98,$1.18,40.23,$0.60B,$0.28B,2.14,$0.13B,$0.69B,0.19,$1.15B,$1.15B,100.00%,$1.15B,$0.18B,15.42%,$1.15B,$0.18B,15.42%,$1.15B,$0.21B,17.94%,$1.15B,$0.13B,11.09%,$1.15B,$0.05B,4.33%,$0.05B,$0.69B,7.26%,$0.05B,$0.44B,12.09%,$0.05B,$1.33B,3.73%,$0.18B,$0.82B,21.78%,$313,$0,$313,$0,$244,$269,$45,$-32,$13,$7,$5,$5,$7,$54,$45,$37,44,$0.20,$0.16,$330,$42,$29,$597,$48,$111,$252,$42,$734,$1330,$279,$129,$233,$365,$644,$0,$-34,$-28,$687,$1330,$28,$23,$188,$211,$-32,$0,$11,$-77,$-96,$143,$-13,$0,$-3,$-6,$-0,$-6,$3,$-19,$0,$0,$0,$-153,$-153,$-34,$-5,$-191,$-74,$155,$-34
13,2015-06-30,50.71,$18.92,2.68,$25.45,1.99,$5.76,8.81,$1.60,31.7,$0.55B,$0.26B,2.09,$0.13B,$0.68B,0.19,$1.07B,$1.07B,100.00%,$1.07B,$0.18B,17.16%,$1.07B,$0.18B,17.16%,$1.07B,$0.21B,19.50%,$1.07B,$0.16B,14.46%,$1.07B,$0.07B,6.25%,$0.07B,$0.68B,10.03%,$0.07B,$0.41B,16.71%,$0.07B,$1.30B,5.10%,$0.18B,$0.81B,23.28%,$273,$0,$273,$0,$221,$236,$37,$-4,$33,$17,$16,$16,$11,$44,$37,$36,42,$0.30,$0.26,$330,$32,$32,$549,$45,$113,$279,$50,$750,$1300,$263,$129,$220,$352,$615,$0,$-29,$-23,$684,$1300,$22,$14,$121,$135,$10,$0,$11,$-133,$-111,$46,$-8,$0,$0,$5,$-0,$4,$3,$-0,$0,$0,$0,$-124,$-124,$-23,$-1,$-147,$-102,$106,$-23
14,2015-03-31,48.28,$18.30,2.64,$24.27,1.99,$4.39,10.99,$1.92,25.15,$0.54B,$0.27B,2.01,$0.13B,$0.67B,0.19,$1.02B,$1.02B,100.00%,$1.02B,$0.20B,19.10%,$1.02B,$0.20B,19.10%,$1.02B,$0.22B,21.25%,$1.02B,$0.17B,16.36%,$1.02B,$0.08B,7.84%,$0.08B,$0.67B,12.32%,$0.08B,$0.39B,20.09%,$0.08B,$1.29B,6.26%,$0.20B,$0.80B,25.47%,$242,$0,$242,$0,$207,$221,$22,$-9,$12,$6,$6,$6,$4,$29,$22,$37,43,$0.12,$0.10,$320,$32,$28,$539,$41,$111,$281,$52,$750,$1289,$269,$128,$217,$349,$618,$0,$-27,$-24,$672,$1289,$6,$7,$70,$77,$6,$0,$10,$-177,$-162,$-79,$-2,$0,$0,$4,$-0,$4,$3,$5,$0,$45,$45,$-88,$-88,$-12,$4,$-51,$-126,$57,$-12
15,2014-12-31,48.68,$19.65,2.48,$22.27,2.19,$3.45,14.1,$2.07,23.52,$0.68B,$0.39B,1.77,$0.13B,$0.71B,0.18,$0.93B,$0.93B,100.00%,$0.93B,$0.20B,21.16%,$0.93B,$0.20B,21.16%,$0.93B,$0.22B,23.20%,$0.93B,$0.18B,18.90%,$0.93B,$0.09B,9.34%,$0.09B,$0.71B,14.07%,$0.09B,$0.42B,22.66%,$0.09B,$1.45B,7.15%,$0.20B,$0.84B,27.03%,$326,$0,$326,$0,$238,$252,$74,$-4,$70,$31,$39,$39,$28,$80,$74,$36,42,$0.77,$0.67,$459,$38,$20,$683,$43,$127,$288,$41,$764,$1447,$385,$128,$217,$349,$734,$0,$-18,$-20,$712,$1447,$107,$19,$129,$148,$-58,$1,$4,$17,$-39,$216,$-14,$0,$43,$6,$-11,$-5,$1,$25,$0,$0,$0,$-156,$-156,$-39,$15,$-180,$54,$112,$-39
16,2014-09-30,43.45,$16.77,2.59,$20.25,2.15,$3.66,11.87,$1.83,23.75,$0.55B,$0.28B,1.98,$0.11B,$0.60B,0.17,$0.83B,$0.83B,100.00%,$0.83B,$0.17B,20.68%,$0.83B,$0.17B,20.68%,$0.83B,$0.19B,22.73%,$0.83B,$0.16B,18.86%,$0.83B,$0.08B,9.19%,$0.08B,$0.60B,13.08%,$0.08B,$0.39B,20.84%,$0.08B,$1.22B,6.61%,$0.17B,$0.71B,24.95%,$231,$0,$231,$0,$171,$180,$51,$-11,$40,$15,$25,$25,$24,$56,$51,$37,42,$0.67,$0.58,$338,$31,$48,$546,$32,$126,$218,$36,$678,$1224,$276,$105,$224,$344,$620,$0,$-33,$-13,$603,$1224,$68,$13,$105,$118,$-28,$0,$5,$-70,$-97,$89,$-10,$0,$0,$15,$-11,$5,$0,$-5,$0,$0,$0,$-137,$-137,$-28,$24,$-141,$-59,$83,$-28
17,2014-06-30,53.03,$17.14,3.09,$19.71,2.69,$4.81,11.01,$1.61,32.94,$0.47B,$0.22B,2.21,$0.10B,$0.61B,0.17,$0.79B,$0.79B,100.00%,$0.79B,$0.16B,19.82%,$0.79B,$0.16B,19.82%,$0.79B,$0.17B,21.86%,$0.79B,$0.15B,18.81%,$0.79B,$0.07B,8.39%,$0.07B,$0.61B,11.86%,$0.07B,$0.39B,19.41%,$0.07B,$1.15B,5.90%,$0.16B,$0.72B,23.65%,$222,$0,$222,$0,$165,$174,$48,$-3,$45,$15,$30,$30,$24,$52,$48,$36,42,$0.68,$0.58,$270,$36,$44,$474,$31,$126,$217,$39,$674,$1148,$215,$104,$214,$322,$537,$0,$-46,$-8,$611,$1148,$43,$8,$73,$82,$-17,$0,$4,$-124,$-137,$-13,$-6,$0,$0,$9,$-8,$1,$0,$-5,$0,$0,$0,$-94,$-94,$-18,$23,$-89,$-105,$58,$-18
18,2014-03-31,50.6,$15.72,3.22,$20.01,2.53,$5.07,9.98,$1.47,34.42,$0.39B,$0.14B,2.75,$0.10B,$0.55B,0.19,$0.78B,$0.78B,100.00%,$0.78B,$0.15B,19.23%,$0.78B,$0.15B,19.23%,$0.78B,$0.17B,21.29%,$0.78B,$0.14B,18.32%,$0.78B,$0.06B,7.48%,$0.06B,$0.55B,11.12%,$0.06B,$0.33B,19.08%,$0.06B,$1.05B,5.32%,$0.15B,$0.65B,23.86%,$152,$0,$152,$0,$120,$128,$24,$-3,$21,$8,$13,$13,$11,$28,$24,$35,42,$0.30,$0.25,$203,$43,$35,$394,$28,$107,$215,$38,$651,$1045,$143,$104,$211,$354,$497,$0,$-60,$-10,$548,$1045,$13,$4,$43,$47,$-8,$0,$-7,$-160,$-177,$-116,$-2,$0,$0,$2,$-0,$2,$0,$1,$0,$0,$0,$-63,$-63,$-9,$14,$-58,$-174,$28,$-9
19,2013-12-31,54.51,$17.03,3.2,$20.49,2.66,$5.64,9.67,$1.38,39.5,$0.54B,$0.28B,1.89,$0.10B,$0.56B,0.18,$0.78B,$0.78B,100.00%,$0.78B,$0.15B,18.61%,$0.78B,$0.15B,18.61%,$0.78B,$0.16B,20.67%,$0.78B,$0.14B,17.72%,$0.78B,$0.05B,6.80%,$0.05B,$0.56B,10.43%,$0.05B,$0.35B,18.40%,$0.05B,$1.18B,4.94%,$0.15B,$0.67B,23.76%,$222,$0,$222,$0,$165,$175,$48,$2,$50,$26,$23,$23,$17,$52,$48,$32,38,$0.51,$0.42,$374,$43,$17,$538,$28,$114,$216,$33,$643,$1181,$284,$103,$193,$333,$618,$0,$-60,$-11,$563,$1181,$72,$17,$133,$150,$-3,$0,$5,$-9,$-23,$199,$-4,$0,$0,$-3,$-3,$-6,$1,$-9,$0,$0,$0,$0,$0,$-30,$-120,$-150,$39,$122,$-30
20,2013-09-30,44.69,$15.88,2.81,$21.41,2.09,$5.08,8.8,$1.52,29.4,$0.48B,$0.25B,1.89,$0.10B,$0.50B,0.2,$0.78B,$0.78B,100.00%,$0.78B,$0.14B,18.58%,$0.78B,$0.14B,18.58%,$0.78B,$0.16B,20.65%,$0.78B,$0.13B,17.03%,$0.78B,$0.06B,7.10%,$0.06B,$0.50B,11.22%,$0.06B,$0.29B,20.52%,$0.06B,$1.10B,5.17%,$0.14B,$0.61B,24.33%,$191,$0,$191,$0,$148,$155,$36,$-3,$32,$12,$20,$20,$14,$40,$36,$32,38,$0.43,$0.36,$336,$41,$23,$478,$28,$110,$217,$28,$626,$1103,$252,$103,$195,$348,$600,$0,$-66,$-10,$504,$1103,$49,$12,$96,$108,$23,$0,$2,$-51,$-38,$119,$-2,$0,$0,$-2,$-2,$-5,$1,$-5,$0,$0,$0,$-100,$-100,$-21,$-6,$-127,$-16,$92,$-21
21,2013-06-30,35.3,$15.39,2.29,$21.42,1.65,$3.16,11.18,$1.33,26.54,$0.41B,$0.22B,1.84,$0.10B,$0.47B,0.22,$0.74B,$0.74B,100.00%,$0.74B,$0.13B,17.00%,$0.74B,$0.13B,17.00%,$0.74B,$0.14B,19.30%,$0.74B,$0.12B,15.52%,$0.74B,$0.05B,6.21%,$0.05B,$0.47B,9.55%,$0.05B,$0.25B,17.68%,$0.05B,$1.03B,4.40%,$0.13B,$0.57B,21.61%,$210,$0,$210,$0,$160,$169,$41,$-2,$39,$17,$22,$22,$16,$45,$41,$32,38,$0.52,$0.44,$230,$36,$8,$408,$28,$109,$222,$26,$625,$1033,$222,$102,$188,$339,$561,$0,$-72,$-11,$472,$1033,$30,$8,$62,$70,$-34,$0,$7,$-67,$-106,$-6,$-2,$0,$0,$2,$-1,$1,$0,$-0,$0,$0,$0,$-88,$-88,$-14,$-2,$-104,$-112,$64,$-14
22,2013-03-31,37.18,$15.51,2.4,$21.39,1.74,$3.13,11.87,$1.14,32.62,$0.35B,$0.15B,2.43,$0.10B,$0.49B,0.21,$0.71B,$0.71B,100.00%,$0.71B,$0.11B,15.56%,$0.71B,$0.11B,15.56%,$0.71B,$0.13B,18.10%,$0.71B,$0.10B,13.86%,$0.71B,$0.04B,5.37%,$0.04B,$0.49B,7.91%,$0.04B,$0.27B,14.57%,$0.04B,$0.98B,3.69%,$0.11B,$0.60B,18.92%,$156,$0,$156,$0,$129,$136,$20,$-3,$17,$8,$9,$9,$6,$24,$20,$32,38,$0.19,$0.16,$210,$34,$9,$352,$28,$108,$224,$26,$624,$976,$145,$102,$187,$338,$483,$0,$-80,$-9,$493,$976,$8,$4,$31,$35,$6,$-0,$1,$-120,$-128,$-85,$-0,$0,$0,$3,$-1,$2,$0,$2,$0,$0,$0,$-30,$-30,$-7,$-2,$-39,$-122,$32,$-7
23,2012-12-31,26.84,$16.59,1.62,$20.92,1.28,$2.08,12.88,$0.86,31.2,$0.53B,$0.32B,1.64,$0.10B,$0.49B,0.21,$0.66B,$0.66B,100.00%,$0.66B,$0.08B,12.46%,$0.66B,$0.08B,12.46%,$0.66B,$0.10B,15.35%,$0.66B,$0.07B,10.79%,$0.66B,$0.03B,4.41%,$0.03B,$0.49B,6.11%,$0.03B,$0.27B,11.30%,$0.03B,$1.15B,2.84%,$0.08B,$0.59B,14.24%,$218,$0,$218,$0,$162,$171,$47,$-3,$44,$19,$25,$25,$19,$51,$47,$29,33,$0.65,$0.59,$380,$37,$7,$527,$30,$111,$224,$24,$618,$1145,$321,$101,$182,$334,$654,$0,$-77,$-9,$491,$1145,$39,$19,$108,$126,$-34,$1,$-2,$17,$-6,$160,$-14,$0,$-7,$44,$-2,$42,$3,$25,$-1,$0,$-1,$-67,$-67,$-24,$-18,$-110,$77,$116,$-24
24,2012-09-30,23.81,$16.18,1.47,$18.19,1.31,$2.32,10.24,$0.28,85.04,$0.45B,$0.27B,1.69,$0.10B,$0.47B,0.22,$0.56B,$0.56B,100.00%,$0.56B,$0.04B,7.18%,$0.56B,$0.04B,7.18%,$0.56B,$0.06B,11.31%,$0.56B,$0.03B,4.67%,$0.56B,$0.01B,1.62%,$0.01B,$0.47B,1.92%,$0.01B,$0.26B,3.57%,$0.01B,$1.03B,0.90%,$0.04B,$0.57B,7.03%,$157,$0,$157,$0,$131,$139,$18,$-4,$15,$7,$7,$7,$5,$23,$18,$29,31,$0.18,$0.17,$303,$43,$18,$450,$29,$110,$215,$22,$579,$1029,$266,$101,$168,$293,$559,$0,$-88,$-10,$470,$1029,$14,$14,$85,$99,$-18,$1,$-4,$-45,$-66,$47,$-12,$0,$0,$38,$-1,$37,$3,$28,$0,$0,$0,$-65,$-65,$-18,$-14,$-97,$-21,$87,$-18
25,2012-06-30,20.46,$16.48,1.24,$18.56,1.1,$4.65,4.4,$0.17,120.37,$0.41B,$0.23B,1.84,$0.10B,$0.47B,0.22,$0.57B,$0.57B,100.00%,$0.57B,$0.04B,7.75%,$0.57B,$0.04B,7.75%,$0.57B,$0.07B,11.97%,$0.57B,$0.03B,4.40%,$0.57B,$0.01B,1.06%,$0.01B,$0.47B,1.29%,$0.01B,$0.25B,2.43%,$0.01B,$0.97B,0.60%,$0.04B,$0.57B,7.77%,$176,$0,$176,$0,$142,$151,$25,$-4,$22,$10,$12,$12,$8,$30,$25,$29,32,$0.27,$0.25,$272,$47,$26,$414,$28,$109,$215,$19,$560,$974,$225,$101,$158,$281,$506,$0,$-86,$-12,$467,$974,$7,$10,$60,$70,$-1,$0,$-3,$-69,$-74,$3,$-10,$0,$0,$33,$-1,$32,$3,$26,$0,$0,$0,$-41,$-41,$-12,$-8,$-60,$-32,$58,$-12
26,2012-03-31,25.23,$16.25,1.55,$18.37,1.37,$5.09,4.96,$0.00,0.0,$0.38B,$0.19B,1.99,$0.10B,$0.47B,0.21,$0.54B,$0.54B,100.00%,$0.54B,$0.04B,6.86%,$0.54B,$0.04B,6.86%,$0.54B,$0.06B,10.95%,$0.54B,$0.02B,2.78%,$0.54B,0,0.00%,$0.00B,$0.47B,0.00%,$0.00B,$0.25B,0.00%,$0.00B,$0.94B,0.00%,$0.04B,$0.57B,6.52%,$107,$0,$107,$0,$106,$115,$-8,$-1,$-10,$-5,$-5,$-5,$-3,$-3,$-8,$29,29,$-0.12,$-0.12,$225,$47,$32,$377,$27,$112,$219,$22,$565,$942,$189,$100,$159,$281,$470,$0,$-87,$-8,$472,$942,$-5,$6,$31,$36,$-3,$0,$-0,$-116,$-121,$-89,$-7,$0,$0,$35,$-0,$35,$1,$29,$0,$0,$0,$-15,$-15,$-6,$-2,$-22,$-82,$30,$-6
27,2011-12-31,22.94,$16.67,1.38,$18.96,1.21,$6.94,3.3,$0.26,88.22,$0.49B,$0.30B,1.6,$0.10B,$0.47B,0.21,$0.54B,$0.54B,100.00%,$0.54B,$0.06B,11.40%,$0.54B,$0.06B,11.40%,$0.54B,$0.08B,15.26%,$0.54B,$0.04B,6.80%,$0.54B,$0.01B,1.29%,$0.01B,$0.47B,1.58%,$0.01B,$0.25B,2.93%,$0.01B,$1.04B,0.69%,$0.06B,$0.57B,11.44%,$117,$0,$117,$0,$100,$111,$5,$-6,$-1,$1,$-2,$-2,$-1,$13,$5,$26,29,$-0.05,$-0.05,$312,$81,$24,$486,$21,$109,$219,$22,$558,$1044,$303,$100,$153,$275,$578,$0,$-77,$-12,$466,$1044,$11,$20,$102,$122,$-2,$1,$-6,$23,$15,$148,$-9,$0,$-30,$9,$-49,$-39,$1,$-77,$-8,$0,$-8,$28,$28,$-19,$-25,$-25,$42,$94,$-19
28,2011-09-30,19.49,$16.79,1.16,$19.55,1.0,$3.79,5.14,$0.41,47.53,$0.57B,$0.33B,1.72,$0.10B,$0.46B,0.22,$0.53B,$0.53B,100.00%,$0.53B,$0.07B,13.91%,$0.53B,$0.07B,13.91%,$0.53B,$0.09B,17.11%,$0.53B,$0.05B,9.21%,$0.53B,$0.01B,2.07%,$0.01B,$0.46B,2.63%,$0.01B,$0.24B,4.95%,$0.01B,$1.07B,1.13%,$0.07B,$0.56B,14.31%,$168,$0,$168,$0,$136,$146,$22,$-8,$14,$11,$2,$2,$2,$28,$22,$29,31,$0.06,$0.06,$402,$63,$23,$566,$15,$64,$224,$19,$504,$1070,$329,$99,$159,$280,$609,$0,$-69,$-11,$461,$1070,$14,$13,$72,$85,$-14,$1,$-0,$27,$11,$110,$-3,$0,$-30,$27,$-1,$26,$1,$-5,$-8,$0,$-8,$38,$38,$-14,$-16,$0,$103,$68,$-14
29,2011-06-30,28.27,$17.97,1.57,$20.32,1.39,$1.50,18.79,$0.52,54.37,$0.57B,$0.28B,2.01,$0.10B,$0.47B,0.21,$0.49B,$0.49B,100.00%,$0.49B,$0.08B,15.38%,$0.49B,$0.08B,15.38%,$0.49B,$0.09B,18.42%,$0.49B,$0.05B,10.73%,$0.49B,$0.01B,2.63%,$0.01B,$0.47B,3.37%,$0.01B,$0.29B,6.57%,$0.01B,$1.04B,1.33%,$0.08B,$0.57B,15.69%,$147,$0,$147,$0,$121,$129,$18,$-6,$12,$6,$6,$6,$2,$21,$18,$24,27,$0.09,$0.08,$388,$73,$17,$573,$15,$67,$186,$19,$469,$1042,$284,$99,$159,$283,$568,$0,$-65,$-3,$474,$1042,$13,$7,$46,$53,$-34,$0,$2,$-24,$-58,$8,$-2,$0,$-0,$20,$-0,$20,$1,$20,$-0,$0,$-0,$55,$55,$-8,$-11,$36,$63,$49,$-8
30,2011-03-31,28.95,$17.75,1.63,$18.12,1.6,$0.57,51.18,$0.44,65.8,$0.48B,$0.28B,1.7,$0.10B,$0.37B,0.27,$0.42B,$0.42B,100.00%,$0.42B,$0.06B,14.83%,$0.42B,$0.06B,14.83%,$0.42B,$0.08B,18.18%,$0.42B,$0.04B,9.09%,$0.42B,$0.01B,2.63%,$0.01B,$0.37B,3.17%,$0.01B,$0.18B,6.90%,$0.01B,$0.90B,1.17%,$0.06B,$0.47B,13.92%,$112,$0,$112,$0,$89,$95,$17,$-5,$12,$4,$8,$8,$4,$21,$17,$23,26,$0.16,$0.14,$327,$71,$12,$482,$15,$62,$188,$19,$419,$901,$284,$98,$122,$246,$529,$0,$-63,$-3,$371,$901,$7,$3,$20,$24,$-13,$0,$3,$-56,$-69,$-38,$-1,$0,$-0,$22,$-0,$22,$1,$22,$-0,$0,$-0,$-14,$-14,$-4,$-4,$-22,$-38,$19,$-4
31,2010-12-31,28.55,$18.38,1.55,$18.06,1.58,$-0.19,0.0,$0.39,73.21,$0.48B,$0.29B,1.68,$0.10B,$0.37B,0.27,$0.40B,$0.40B,100.00%,$0.40B,$0.06B,15.75%,$0.40B,$0.06B,15.75%,$0.40B,$0.08B,18.75%,$0.40B,$0.04B,9.25%,$0.40B,$0.01B,2.25%,$0.01B,$0.37B,2.74%,$0.01B,$0.18B,5.22%,$0.01B,$0.90B,0.97%,$0.06B,$0.47B,14.76%,$105,$0,$105,$0,$82,$87,$17,$-6,$11,$5,$7,$7,$3,$21,$17,$20,23,$0.15,$0.13,$320,$93,$10,$481,$15,$61,$188,$19,$417,$898,$287,$98,$120,$244,$531,$0,$-62,$-4,$367,$898,$18,$12,$55,$66,$-17,$-1,$-2,$-20,$-39,$45,$-9,$0,$-70,$50,$-17,$33,$2,$-44,$-0,$0,$-0,$-37,$-37,$-12,$-18,$-67,$-65,$56,$-12
32,2010-09-30,23.88,$17.45,1.37,$20.81,1.15,$3.74,6.38,$0.33,72.37,$0.70B,$0.51B,1.37,$0.10B,$0.33B,0.3,$0.41B,$0.41B,100.00%,$0.41B,$0.08B,19.07%,$0.41B,$0.08B,19.07%,$0.41B,$0.09B,21.27%,$0.41B,$0.05B,11.49%,$0.41B,$0.01B,1.96%,$0.01B,$0.33B,2.57%,$0.01B,$0.14B,4.27%,$0.01B,$1.08B,0.86%,$0.08B,$0.43B,19.09%,$130,$0,$130,$0,$99,$106,$24,$-6,$18,$9,$9,$9,$4,$28,$24,$19,21,$0.18,$0.17,$566,$74,$13,$698,$10,$36,$191,$19,$382,$1080,$508,$98,$118,$241,$749,$0,$-61,$-5,$331,$1080,$13,$8,$40,$48,$-6,$0,$7,$-35,$-34,$27,$-3,$0,$-70,$70,$-3,$66,$-1,$-8,$-0,$0,$-0,$-36,$-36,$-8,$-12,$-57,$-38,$42,$-8
33,2010-06-30,19.38,$19.12,1.01,$19.44,1.0,$3.38,5.73,$0.23,84.24,$0.55B,$0.36B,1.54,$0.10B,$0.32B,0.3,$0.37B,$0.37B,100.00%,$0.37B,$0.07B,19.35%,$0.37B,$0.07B,19.35%,$0.37B,$0.08B,20.98%,$0.37B,$0.04B,11.17%,$0.37B,$0.01B,1.91%,$0.01B,$0.32B,2.34%,$0.01B,$0.14B,3.35%,$0.01B,$0.89B,0.81%,$0.07B,$0.42B,17.93%,$71,$0,$71,$0,$62,$67,$4,$-7,$-3,$-2,$-2,$-2,$0,$6,$4,$19,22,$0.01,$0.00,$415,$78,$18,$551,$8,$33,$185,$18,$339,$891,$359,$97,$89,$211,$570,$0,$-61,$-6,$320,$891,$4,$4,$27,$31,$-1,$0,$3,$-53,$-51,$-15,$-1,$0,$-69,$65,$-2,$63,$-1,$-7,$-0,$0,$-0,$-26,$-26,$-6,$-7,$-38,$-62,$28,$-6
34,2010-03-31,24.77,$17.44,1.42,$21.82,1.14,$3.49,7.09,$-0.20,0.0,$0.64B,$0.35B,1.8,$0.10B,$0.30B,0.33,$0.37B,$0.37B,100.00%,$0.37B,$0.08B,20.64%,$0.37B,$0.08B,20.64%,$0.37B,$0.08B,21.98%,$0.37B,$0.03B,8.31%,$0.37B,$0.00B,0.27%,$0.00B,$0.30B,0.35%,$0.00B,$0.24B,0.44%,$0.00B,$0.85B,0.12%,$0.08B,$0.40B,20.18%,$94,$0,$94,$0,$72,$76,$18,$-7,$11,$5,$6,$6,$2,$20,$18,$19,22,$0.11,$0.09,$462,$120,$12,$636,$8,$36,$62,$17,$215,$851,$353,$97,$87,$200,$553,$0,$-58,$-3,$298,$851,$6,$2,$17,$19,$-9,$-0,$3,$-69,$-74,$-49,$-0,$0,$-1,$22,$-2,$20,$-0,$19,$-0,$0,$-0,$-10,$-10,$-3,$-5,$-19,$-50,$15,$-3
35,2009-12-31,24.98,$18.09,1.38,$21.79,1.15,$1.99,12.55,$-0.28,0.0,$0.70B,$0.42B,1.67,$0.10B,$0.30B,0.33,$0.34B,$0.34B,100.00%,$0.34B,$0.07B,20.47%,$0.34B,$0.07B,20.47%,$0.34B,$0.07B,21.96%,$0.34B,$0.02B,6.23%,$0.34B,$-0.00B,-0.30%,$-0.00B,$0.30B,-0.37%,$-0.00B,$0.24B,-0.46%,$-0.00B,$0.89B,-0.13%,$0.07B,$0.39B,18.93%,$114,$0,$114,$0,$78,$82,$32,$-10,$21,$13,$9,$9,$2,$33,$32,$16,16,$0.16,$0.18,$513,$0,$150,$697,$8,$19,$57,$17,$194,$891,$416,$97,$82,$179,$595,$0,$-57,$-4,$296,$891,$0,$6,$73,$79,$-1,$-0,$-1,$14,$9,$88,$-2,$0,$-9,$-32,$-4,$-36,$5,$-43,$-0,$0,$-0,$-5,$-5,$-8,$-2,$-15,$31,$60,$-8
36,2009-09-30,23.9,$17.36,1.38,$17.69,1.35,$-2.22,0.0,$-0.74,0.0,$0.61B,$0.35B,1.75,$0.10B,$0.28B,0.34,$0.27B,$0.27B,100.00%,$0.27B,$0.03B,11.70%,$0.27B,$0.03B,11.70%,$0.27B,$0.04B,13.58%,$0.27B,$-0.02B,-6.42%,$0.27B,$-0.01B,-3.02%,$-0.01B,$0.28B,-3.17%,$-0.01B,$0.23B,-3.91%,$-0.01B,$0.81B,-1.06%,$0.03B,$0.38B,8.90%,$88,$0,$88,$0,$68,$71,$17,$-4,$12,$5,$8,$8,$3,$18,$17,$16,18,$0.16,$0.14,$446,$104,$7,$608,$8,$17,$57,$17,$200,$808,$349,$96,$80,$176,$525,$0,$-55,$-3,$283,$808,$-6,$4,$43,$47,$-20,$-0,$2,$-11,$-25,$16,$-1,$0,$-9,$5,$-2,$3,$0,$-7,$-0,$0,$-0,$-4,$-4,$-5,$10,$-0,$8,$41,$-5
37,2009-06-30,15.99,$21.37,0.75,$17.93,0.89,$-2.34,0.0,$-0.82,0.0,$0.58B,$0.33B,1.74,$0.10B,$0.26B,0.36,$0.24B,$0.24B,100.00%,$0.24B,$0.03B,10.70%,$0.24B,$0.03B,10.70%,$0.24B,$0.03B,13.17%,$0.24B,$-0.03B,-11.11%,$0.24B,$-0.01B,-4.53%,$-0.01B,$0.26B,-4.65%,$-0.01B,$0.21B,-5.77%,$-0.01B,$0.74B,-1.44%,$0.03B,$0.36B,7.84%,$77,$0,$77,$0,$64,$67,$10,$-23,$-13,$1,$-14,$-14,$-6,$11,$10,$14,14,$-0.43,$-0.43,$439,$104,$8,$578,$8,$18,$59,$17,$166,$744,$332,$96,$52,$148,$480,$0,$-56,$-3,$264,$744,$-14,$3,$31,$34,$5,$-0,$1,$-35,$-28,$-8,$-1,$0,$-9,$2,$-2,$0,$0,$-10,$-0,$0,$-0,$-3,$-3,$-3,$14,$7,$-9,$30,$-3
38,2009-03-31,12.49,$18.86,0.66,$17.49,0.71,$-3.17,0.0,$-0.22,0.0,$0.60B,$0.37B,1.63,$0.10B,$0.23B,0.41,$0.23B,$0.23B,100.00%,$0.23B,$0.03B,13.73%,$0.23B,$0.03B,13.73%,$0.23B,$0.04B,16.31%,$0.23B,$-0.01B,-2.58%,$0.23B,$-0.00B,-1.29%,$-0.00B,$0.23B,-1.37%,$-0.00B,$0.20B,-1.72%,$-0.00B,$0.74B,-0.39%,$0.03B,$0.33B,11.04%,$58,$0,$58,$0,$45,$48,$10,$-9,$1,$1,$0,$0,$0,$12,$10,$14,14,$0.01,$0.01,$449,$101,$10,$602,$8,$24,$36,$6,$140,$742,$369,$96,$47,$142,$511,$0,$-48,$-6,$231,$742,$0,$1,$6,$7,$-15,$-0,$-1,$-44,$-59,$-52,$-0,$0,$0,$2,$-2,$0,$0,$-0,$-0,$0,$-0,$-2,$-2,$-2,$-1,$-5,$-58,$7,$-2
39,2008-12-31,10.0,$19.21,0.52,$17.29,0.58,$-4.20,0.0,$-0.31,0.0,$0.61B,$0.37B,1.66,$0.10B,$0.23B,0.41,$0.23B,$0.23B,100.00%,$0.23B,$0.03B,12.00%,$0.23B,$0.03B,12.00%,$0.23B,$0.03B,14.22%,$0.23B,$-0.01B,-4.44%,$0.23B,$-0.00B,-1.78%,$-0.00B,$0.23B,-1.93%,$-0.00B,$0.19B,-2.50%,$-0.00B,$0.74B,-0.53%,$0.03B,$0.33B,10.59%,$42,$0,$42,$0,$46,$48,$-6,$-10,$-17,$-3,$-13,$-13,$-5,$-5,$-6,$13,13,$-0.40,$-0.40,$460,$0,$117,$605,$8,$25,$38,$1,$133,$739,$365,$95,$47,$142,$507,$0,$-47,$-5,$232,$739,$-10,$5,$39,$44,$26,$0,$-7,$-32,$-16,$18,$-1,$0,$0,$-100,$-15,$-115,$4,$-112,$120,$0,$120,$-7,$-7,$-6,$-17,$90,$-18,$29,$-6
40,2008-09-30,14.19,$18.62,0.76,$23.93,0.59,$8.13,1.74,$0.08,177.34,$0.69B,$0.44B,1.58,$0.10B,$0.22B,0.43,$0.28B,$0.28B,100.00%,$0.28B,$0.05B,19.01%,$0.28B,$0.05B,19.01%,$0.28B,$0.06B,21.83%,$0.28B,$0.02B,7.39%,$0.28B,$0.00B,1.41%,$0.00B,$0.22B,2.07%,$0.00B,$0.17B,2.81%,$0.00B,$0.84B,0.54%,$0.05B,$0.31B,24.94%,$66,$0,$66,$0,$51,$53,$12,$-11,$2,$1,$0,$0,$-0,$14,$12,$13,13,$-0.04,$-0.04,$650,$3,$11,$691,$8,$29,$50,$2,$146,$838,$438,$95,$46,$182,$619,$0,$-40,$-0,$219,$838,$3,$3,$31,$34,$27,$0,$-5,$-50,$-28,$9,$-1,$0,$0,$0,$-13,$-13,$2,$-11,$120,$0,$120,$-6,$-6,$-5,$-14,$95,$91,$21,$-5
41,2008-06-30,7.43,$16.64,0.45,$25.20,0.29,$17.21,0.43,$0.09,82.53,$0.61B,$0.47B,1.31,$0.00B,$0.19B,0.0,$0.30B,$0.30B,100.00%,$0.30B,$0.06B,19.59%,$0.30B,$0.06B,19.59%,$0.30B,$0.07B,23.31%,$0.30B,$0.03B,9.80%,$0.30B,$0.01B,2.03%,$0.01B,$0.19B,3.34%,$0.01B,$0.14B,4.67%,$0.01B,$0.75B,0.85%,$0.06B,$0.19B,32.27%,$67,$0,$67,$0,$48,$51,$16,$-8,$8,$2,$5,$5,$2,$17,$16,$13,13,$0.16,$0.16,$561,$5,$10,$607,$9,$21,$50,$2,$141,$747,$465,$0,$46,$91,$556,$0,$-38,$1,$192,$747,$3,$2,$21,$23,$24,$-0,$-6,$-65,$-44,$-18,$-0,$0,$0,$0,$-3,$-3,$0,$-4,$-0,$0,$-0,$-5,$-5,$-3,$-9,$-17,$-38,$13,$-3
42,2008-03-31,13.76,$16.10,0.85,$27.47,0.5,$26.18,0.53,$-0.08,0.0,$0.53B,$0.39B,1.37,$0.00B,$0.19B,0.0,$0.30B,$0.30B,100.00%,$0.30B,$-0.06B,-19.46%,$0.30B,$-0.06B,-19.46%,$0.30B,$-0.04B,-14.77%,$0.30B,$-0.08B,-27.85%,$0.30B,$-0.04B,-13.42%,$-0.04B,$0.19B,-23.32%,$-0.04B,$0.14B,-33.76%,$-0.04B,$0.67B,-6.28%,$-0.06B,$0.19B,-33.82%,$50,$0,$50,$0,$43,$46,$5,$-7,$-3,$-0,$-2,$-2,$-1,$6,$5,$13,13,$-0.08,$-0.08,$480,$7,$16,$531,$10,$20,$51,$2,$137,$668,$388,$0,$46,$92,$480,$0,$-38,$1,$188,$668,$-2,$1,$14,$15,$27,$-0,$-4,$-97,$-73,$-60,$-0,$0,$0,$0,$-3,$-3,$0,$-3,$-0,$0,$-0,$-1,$-1,$-1,$-3,$-6,$-69,$6,$-1
43,2007-12-31,16.61,$15.40,1.08,$37.45,0.44,$36.38,0.46,0,0.0,$0.56B,$0.42B,1.32,$0.00B,$0.17B,0.0,$0.34B,$0.34B,100.00%,$0.34B,$-0.04B,-10.88%,$0.34B,$-0.04B,-10.88%,$0.34B,$-0.02B,-5.59%,$0.34B,$-0.06B,-16.47%,$0.34B,$-0.04B,-10.29%,$-0.04B,$0.17B,-22.69%,$-0.04B,$0.12B,-35.09%,$-0.04B,$0.69B,-6.37%,$-0.04B,$0.17B,-23.99%,$101,$0,$101,$0,$74,$80,$21,$-7,$14,$4,$11,$3,$3,$25,$21,$10,10,$0.47,$0.47,$479,$0,$22,$555,$10,$16,$51,$2,$134,$689,$420,$0,$47,$97,$516,$0,$-36,$1,$173,$689,$-67,$17,$133,$151,$5,$0,$1,$58,$63,$146,$-7,$0,$-0,$0,$-2,$-2,$1,$-8,$-0,$0,$-0,$41,$41,$-5,$-47,$-11,$128,$141,$-5
44,2007-09-30,20.16,$14.91,1.35,$44.21,0.46,$33.14,0.61,0,0.0,$0.59B,$0.46B,1.27,$0.00B,$0.17B,0.0,$0.32B,$0.32B,100.00%,$0.32B,$-0.03B,-9.03%,$0.32B,$-0.03B,-9.03%,$0.32B,$-0.01B,-4.05%,$0.32B,$-0.05B,-14.33%,$0.32B,$-0.04B,-10.90%,$-0.04B,$0.17B,-25.18%,$-0.04B,$0.11B,-42.68%,$-0.04B,$0.72B,-7.73%,$-0.03B,$0.17B,-20.86%,$78,$0,$78,$0,$56,$62,$16,$-6,$10,$3,$7,$2,$2,$21,$16,$12,12,$0.19,$0.19,$552,$5,$4,$586,$9,$20,$53,$2,$135,$721,$462,$0,$43,$93,$555,$0,$-37,$1,$166,$721,$-38,$13,$85,$99,$37,$0,$-1,$30,$65,$126,$-5,$0,$-0,$0,$-2,$-2,$0,$-7,$-0,$0,$-0,$42,$42,$-3,$-40,$-1,$120,$135,$-3
45,2007-06-30,22.7,$14.29,1.59,$47.31,0.48,$34.38,0.66,0,0.0,$0.33B,$0.22B,1.55,$0.00B,$0.16B,0.0,$0.29B,$0.29B,100.00%,$0.29B,$-0.02B,-8.33%,$0.29B,$-0.02B,-8.33%,$0.29B,$-0.01B,-3.82%,$0.29B,$-0.04B,-13.19%,$0.29B,$-0.02B,-7.29%,$-0.02B,$0.16B,-17.61%,$-0.02B,$0.10B,-31.34%,$-0.02B,$0.47B,-5.33%,$-0.02B,$0.16B,-20.13%,$69,$0,$69,$0,$164,$170,$-100,$-4,$-104,$1,$-104,$-44,$-44,$-96,$-100,$9,9,$-4.68,$-4.68,$291,$6,$4,$334,$8,$20,$57,$2,$137,$471,$216,$0,$42,$96,$312,$0,$-38,$0,$159,$471,$-40,$9,$75,$84,$28,$0,$-2,$5,$30,$74,$-3,$0,$-0,$0,$-2,$-2,$0,$-5,$-0,$0,$-0,$42,$42,$-2,$-30,$10,$79,$129,$-2
