,Date,Stock Price,Book Value per Share,Price to Book Ratio,TTM Sales per Share,Price to Sales Ratio,TTM FCF per Share,Price to FCF Ratio,TTM Net EPS,PE Ratio,Current Assets,Current Liabilities,Current Ratio,Long Term Debt,Shareholder's Equity_x,Debt to Equity Ratio,TTM Revenue_x,TTM Gross Profit,Gross Margin,TTM Revenue_y,TTM Operating Income,Operating Margin,TTM Revenue_x,TTM EBIT,EBIT Margin,TTM Revenue_y,TTM EBITDA,EBITDA Margin,TTM Revenue_x,TTM Pre-Tax Income,Pre-Tax Margin,TTM Revenue_y,TTM Net Income_x,Net Margin,TTM Net Income_y,Shareholder's Equity_y,Return on Equity,TTM Net Income_x,Tangible Equity,Return on Tangible Equity,TTM Net Income_y,Total Assets,Return on Assets,TTM Net Income,LT Investments & Debt,Return on Investment,revenue,cost-goods-sold,gross-profit,research-development-expenses,selling-general-administrative-expenses,operating-expenses,operating-income,total-non-operating-income-expense,pre-tax-income,total-provision-income-taxes,income-after-taxes,income-from-continuous-operations,net-income,ebitda,ebit,basic-shares-outstanding,shares-outstanding,eps-basic-net-earnings-per-share,eps-earnings-per-share-diluted,cash-on-hand,inventory,other-current-assets,total-current-assets,net-property-plant-equipment,long-term-investments,goodwill-intangible-assets-total,other-long-term-assets,total-long-term-assets,total-assets,total-current-liabilities,long-term-debt,other-non-current-liabilities,total-long-term-liabilities,total-liabilities,common-stock-net,retained-earnings-accumulated-deficit,comprehensive-income,total-share-holder-equity,total-liabilities-share-holders-equity,net-income-loss,total-depreciation-amortization-cash-flow,other-non-cash-items,total-non-cash-items,change-in-accounts-receivable,change-in-inventories,change-in-accounts-payable,change-in-assets-liabilities,total-change-in-assets-liabilities,cash-flow-from-operating-activities,net-change-in-property-plant-equipment,net-change-in-intangible-assets,net-acquisitions-divestitures,net-change-in-short-term-investments,net-change-in-long-term-investments,net-change-in-investments-total,investing-activities-other,cash-flow-from-investing-activities,net-long-term-debt,net-current-debt,debt-issuance-retirement-net-total,net-common-equity-issued-repurchased,net-total-equity-issued-repurchased,total-common-preferred-stock-dividends-paid,financial-activities-other,cash-flow-from-financial-activities,net-cash-flow,stock-based-compensation,common-stock-dividends-paid
0,2018-09-30,174.1,$16.08,10.83,$16.94,10.28,$7.40,23.54,$3.51,49.6,$2.91B,$1.26B,2.31,$0.59B,$3.36B,0.18,$3.64B,$2.69B,74.11%,$3.64B,$1.02B,28.09%,$3.64B,$1.02B,28.09%,$3.64B,$1.10B,30.23%,$3.64B,$1.09B,29.93%,$3.64B,$0.71B,19.61%,$0.71B,$3.36B,22.41%,$0.71B,$1.77B,45.03%,$0.71B,$5.96B,12.33%,$1.02B,$3.96B,27.58%,$907,$225,$682,$162,$270,$650,$257,$-8,$249,$23,$226,$226,$226,$276,$257,$209,213,$1.08,$1.06,$1596,$584,$150,$2913,$826,$479,$1590,$35,$3046,$5958,$1261,$594,$742,$1336,$2597,$215,$2688,$-139,$3361,$5958,$715,$58,$96,$154,$-0,$-44,$0,$13,$-235,$634,$-181,$0,$0,$0,$276,$276,$-24,$71,$-524,$686,$162,$-404,$-404,$0,$-15,$-257,$443,$55,$0
1,2018-06-30,145.57,$15.13,9.62,$16.48,8.83,$7.68,18.95,$3.24,44.93,$2.70B,$1.45B,1.86,$0.59B,$3.16B,0.19,$3.55B,$2.62B,73.80%,$3.55B,$0.99B,27.94%,$3.55B,$0.99B,27.94%,$3.55B,$1.07B,30.17%,$3.55B,$1.05B,29.61%,$3.55B,$0.66B,18.51%,$0.66B,$3.16B,20.98%,$0.66B,$1.58B,41.52%,$0.66B,$5.69B,11.59%,$0.99B,$3.76B,26.36%,$944,$246,$698,$154,$275,$686,$258,$-7,$251,$-32,$283,$283,$283,$277,$258,$210,214,$1.35,$1.32,$1401,$568,$137,$2696,$770,$470,$1585,$35,$2990,$5686,$1447,$594,$482,$1075,$2522,$214,$2462,$-151,$3164,$5686,$489,$38,$73,$112,$3,$-21,$0,$-13,$-309,$292,$-96,$0,$0,$-5,$434,$430,$-9,$325,$164,$0,$164,$-266,$-266,$0,$-97,$-200,$408,$38,$0
2,2018-03-31,139.52,$15.40,9.06,$15.98,8.73,$7.94,17.58,$2.78,50.19,$2.72B,$1.32B,2.07,$0.46B,$3.25B,0.14,$3.45B,$2.55B,74.04%,$3.45B,$0.98B,28.51%,$3.45B,$0.98B,28.51%,$3.45B,$1.06B,30.80%,$3.45B,$1.01B,29.18%,$3.45B,$0.56B,16.24%,$0.56B,$3.25B,18.20%,$0.56B,$1.62B,35.47%,$0.56B,$5.83B,10.13%,$0.98B,$3.70B,25.78%,$895,$234,$661,$143,$256,$637,$258,$5,$264,$57,$207,$207,$207,$277,$258,$210,215,$0.98,$0.96,$1499,$574,$119,$2717,$712,$532,$1625,$58,$3108,$5825,$1315,$456,$809,$1265,$2579,$213,$2179,$-121,$3246,$5825,$207,$19,$54,$73,$30,$-3,$0,$-31,$-129,$151,$-43,$0,$0,$-3,$276,$273,$-9,$220,$0,$0,$0,$43,$43,$0,$-2,$41,$409,$18,$0
3,2017-12-31,112.71,$14.10,8.0,$15.90,7.09,$7.95,14.17,$2.88,39.14,$2.55B,$1.42B,1.8,$0.44B,$2.96B,0.15,$3.44B,$2.56B,74.48%,$3.44B,$1.03B,30.08%,$3.44B,$1.03B,30.08%,$3.44B,$1.12B,32.44%,$3.44B,$1.04B,30.14%,$3.44B,$0.58B,16.96%,$0.58B,$2.96B,19.76%,$0.58B,$1.36B,38.29%,$0.58B,$5.67B,11.07%,$1.03B,$3.40B,27.32%,$889,$235,$653,$147,$267,$641,$248,$76,$324,$327,$-3,$-3,$-3,$269,$248,$211,216,$-0.01,$-0.01,$1338,$555,$117,$2549,$680,$567,$1595,$109,$3117,$5666,$1420,$438,$852,$1290,$2710,$212,$1962,$-133,$2956,$5666,$584,$82,$94,$176,$-4,$-124,$0,$5,$241,$1001,$-168,$0,$-193,$-13,$-230,$-243,$-43,$-647,$176,$0,$176,$-650,$-650,$0,$0,$-473,$-112,$62,$0
4,2017-09-30,109.31,$14.95,7.31,$15.31,7.14,$6.52,16.76,$3.44,31.78,$2.57B,$0.74B,3.49,$1.03B,$3.16B,0.33,$3.32B,$2.46B,74.22%,$3.32B,$0.99B,29.92%,$3.32B,$0.99B,29.92%,$3.32B,$1.07B,32.30%,$3.32B,$0.91B,27.50%,$3.32B,$0.75B,22.47%,$0.75B,$3.16B,25.99%,$0.75B,$1.77B,45.73%,$0.75B,$5.49B,14.96%,$0.99B,$4.20B,26.13%,$822,$213,$608,$143,$245,$594,$228,$-16,$212,$42,$170,$170,$170,$248,$228,$211,216,$0.81,$0.79,$1403,$538,$97,$2566,$650,$568,$1395,$112,$2922,$5488,$735,$1034,$557,$1591,$2326,$212,$1965,$-143,$3163,$5488,$586,$61,$113,$174,$-21,$-110,$0,$7,$-124,$637,$-116,$0,$-85,$0,$-481,$-481,$-15,$-697,$-813,$989,$177,$-421,$-421,$0,$0,$-244,$-300,$46,$0
5,2017-06-30,118.24,$13.93,8.49,$14.90,7.94,$5.90,20.03,$3.30,35.83,$2.28B,$0.56B,4.06,$1.02B,$2.94B,0.35,$3.23B,$2.39B,73.96%,$3.23B,$0.96B,29.66%,$3.23B,$0.96B,29.66%,$3.23B,$1.04B,32.08%,$3.23B,$0.89B,27.37%,$3.23B,$0.72B,22.15%,$0.72B,$2.94B,26.05%,$0.72B,$1.57B,43.37%,$0.72B,$5.14B,15.26%,$0.96B,$3.96B,26.86%,$842,$211,$631,$134,$244,$593,$249,$-43,$206,$20,$186,$186,$186,$268,$249,$211,216,$0.88,$0.86,$1132,$492,$95,$2283,$628,$552,$1374,$117,$2855,$5139,$563,$1017,$620,$1636,$2199,$245,$4332,$-158,$2940,$5139,$416,$40,$108,$148,$-75,$-72,$0,$14,$-239,$326,$-74,$0,$-85,$-6,$-323,$-328,$0,$-487,$177,$0,$177,$-443,$-443,$0,$1,$-265,$-422,$31,$0
6,2017-03-31,94.07,$13.04,7.22,$14.49,6.49,$5.81,16.2,$3.02,31.15,$2.02B,$0.59B,3.45,$0.85B,$2.74B,0.31,$3.15B,$2.32B,73.56%,$3.15B,$0.93B,29.37%,$3.15B,$0.93B,29.37%,$3.15B,$1.00B,31.81%,$3.15B,$0.85B,26.92%,$3.15B,$0.66B,20.86%,$0.66B,$2.74B,24.97%,$0.66B,$1.40B,39.39%,$0.66B,$4.78B,14.86%,$0.93B,$3.59B,27.62%,$884,$216,$668,$129,$230,$575,$309,$-15,$294,$63,$230,$230,$230,$330,$309,$211,216,$1.09,$1.06,$918,$431,$106,$2018,$589,$519,$1347,$128,$2762,$4780,$585,$848,$605,$1453,$2038,$243,$4146,$-182,$2743,$4780,$230,$21,$52,$73,$-82,$-24,$0,$6,$-175,$128,$-16,$0,$-82,$-4,$253,$249,$1,$151,$24,$0,$24,$-414,$-414,$0,$-1,$-391,$-111,$15,$0
7,2016-12-31,93.7,$12.38,7.57,$13.61,6.88,$5.65,16.58,$2.62,35.76,$2.24B,$0.53B,4.21,$0.82B,$2.62B,0.31,$2.96B,$2.17B,73.10%,$2.96B,$0.82B,27.61%,$2.96B,$0.82B,27.61%,$2.96B,$0.89B,30.04%,$2.96B,$0.74B,24.87%,$2.96B,$0.57B,19.24%,$0.57B,$2.62B,22.62%,$0.57B,$1.79B,33.82%,$0.57B,$4.51B,13.61%,$0.82B,$3.44B,25.75%,$768,$213,$555,$115,$234,$562,$206,$-6,$200,$42,$159,$159,$159,$225,$206,$213,218,$0.74,$0.72,$1271,$397,$112,$2240,$580,$532,$831,$123,$2270,$4510,$533,$822,$536,$1359,$1891,$243,$3906,$-198,$2619,$4510,$570,$71,$-36,$35,$-57,$-66,$0,$43,$100,$704,$-176,$0,$0,$-10,$-27,$-37,$1,$-212,$222,$0,$222,$-559,$-559,$0,$68,$-269,$212,$57,$0
8,2016-09-30,120.56,$12.60,9.57,$13.13,9.18,$5.25,22.95,$2.53,47.65,$2.17B,$0.53B,4.08,$0.60B,$2.69B,0.22,$2.87B,$2.11B,73.52%,$2.87B,$0.79B,27.46%,$2.87B,$0.79B,27.46%,$2.87B,$0.85B,29.80%,$2.87B,$0.70B,24.56%,$2.87B,$0.55B,19.26%,$0.55B,$2.69B,22.16%,$0.55B,$1.86B,33.34%,$0.55B,$4.34B,13.55%,$0.79B,$3.29B,25.45%,$739,$201,$538,$113,$230,$544,$195,$-10,$185,$44,$141,$141,$141,$214,$195,$213,218,$0.66,$0.65,$1200,$401,$66,$2171,$544,$468,$837,$125,$2168,$4339,$533,$601,$514,$1114,$1647,$242,$3748,$-171,$2692,$4339,$411,$52,$-11,$41,$-55,$-43,$0,$35,$51,$503,$-113,$0,$0,$-7,$-173,$-180,$1,$-292,$-1,$0,$-1,$-298,$-298,$0,$26,$-274,$-73,$43,$0
9,2016-06-30,99.73,$11.62,8.58,$12.54,7.95,$5.20,19.2,$2.42,41.3,$1.99B,$0.48B,4.15,$0.60B,$2.47B,0.24,$2.74B,$2.04B,74.30%,$2.74B,$0.75B,27.27%,$2.74B,$0.75B,27.27%,$2.74B,$0.81B,29.68%,$2.74B,$0.67B,24.43%,$2.74B,$0.53B,19.29%,$0.53B,$2.47B,21.83%,$0.53B,$1.63B,33.27%,$0.53B,$4.05B,13.36%,$0.75B,$3.07B,24.72%,$759,$203,$557,$113,$229,$544,$215,$-46,$169,$42,$127,$127,$127,$233,$215,$212,217,$0.60,$0.58,$1060,$368,$82,$1985,$516,$392,$838,$126,$2066,$4051,$478,$603,$500,$1102,$1580,$241,$3606,$-179,$2471,$4051,$270,$34,$-6,$28,$-65,$-15,$0,$31,$-1,$297,$-65,$0,$0,$-112,$-123,$-236,$5,$-296,$-3,$0,$-3,$-336,$-336,$0,$2,$-337,$-349,$29,$0
10,2016-03-31,88.21,$10.85,8.13,$11.85,7.44,$5.05,17.46,$2.35,37.62,$1.82B,$0.46B,3.97,$0.60B,$2.30B,0.26,$2.60B,$1.94B,74.55%,$2.60B,$0.68B,26.14%,$2.60B,$0.68B,26.14%,$2.60B,$0.75B,28.64%,$2.60B,$0.64B,24.72%,$2.60B,$0.52B,19.80%,$0.52B,$2.30B,21.66%,$0.52B,$1.47B,31.09%,$0.52B,$3.85B,13.38%,$0.68B,$2.90B,22.82%,$697,$180,$517,$102,$213,$495,$202,$-19,$183,$40,$143,$143,$143,$218,$202,$213,218,$0.67,$0.66,$952,$357,$74,$1819,$497,$369,$835,$131,$2035,$3854,$458,$602,$494,$1096,$1555,$240,$3480,$-173,$2299,$3854,$143,$16,$4,$20,$-32,$-5,$0,$3,$-56,$107,$-28,$0,$0,$99,$-28,$71,$4,$47,$0,$0,$0,$-325,$-325,$0,$-45,$-369,$-217,$14,$0
11,2015-12-31,78.98,$11.62,6.8,$11.33,6.97,$4.93,16.03,$2.25,35.18,$2.05B,$0.48B,4.3,$0.60B,$2.50B,0.24,$2.49B,$1.88B,75.22%,$2.49B,$0.64B,25.78%,$2.49B,$0.64B,25.78%,$2.49B,$0.71B,28.39%,$2.49B,$0.62B,24.98%,$2.49B,$0.50B,19.85%,$0.50B,$2.50B,21.00%,$0.50B,$1.67B,28.34%,$0.50B,$4.06B,13.17%,$0.64B,$3.10B,21.74%,$671,$176,$495,$98,$222,$496,$175,$-8,$167,$26,$141,$141,$141,$189,$175,$216,220,$0.66,$0.64,$1225,$340,$66,$2048,$483,$380,$834,$132,$2008,$4056,$476,$597,$480,$1077,$1553,$239,$3337,$-183,$2503,$4056,$495,$66,$-75,$-9,$-38,$-68,$0,$6,$64,$550,$-103,$0,$-332,$-9,$125,$116,$2,$-316,$2,$0,$2,$-193,$-193,$0,$32,$-159,$65,$50,$0
12,2015-09-30,71.09,$11.24,6.32,$11.13,6.39,$7.24,9.82,$2.11,33.77,$2.15B,$0.53B,4.03,$0.61B,$2.42B,0.25,$2.44B,$1.84B,75.34%,$2.44B,$0.62B,25.32%,$2.44B,$0.62B,25.32%,$2.44B,$0.69B,28.19%,$2.44B,$0.59B,24.13%,$2.44B,$0.46B,18.97%,$0.46B,$2.42B,20.32%,$0.46B,$1.59B,26.05%,$0.46B,$3.88B,12.78%,$0.62B,$3.03B,21.45%,$616,$147,$469,$101,$212,$460,$156,$-5,$151,$33,$118,$118,$118,$174,$156,$215,220,$0.55,$0.54,$1251,$334,$97,$2146,$455,$366,$829,$55,$1731,$3877,$533,$605,$318,$923,$1455,$130,$3196,$-169,$2421,$3877,$354,$51,$16,$68,$-28,$-56,$0,$9,$24,$446,$-65,$0,$-320,$225,$-182,$44,$-2,$-343,$-19,$21,$2,$-120,$-120,$0,$19,$-99,$-8,$37,$0
13,2015-06-30,71.22,$10.65,6.68,$11.13,6.4,$9.57,7.44,$2.01,35.52,$2.30B,$0.45B,5.16,$0.60B,$2.29B,0.26,$2.43B,$1.81B,74.38%,$2.43B,$0.59B,24.34%,$2.43B,$0.59B,24.34%,$2.43B,$0.66B,27.22%,$2.43B,$0.56B,22.99%,$2.43B,$0.44B,18.09%,$0.44B,$2.29B,20.14%,$0.44B,$1.90B,24.60%,$0.44B,$3.61B,12.60%,$0.59B,$2.89B,21.26%,$617,$159,$458,$98,$214,$470,$147,$-5,$142,$30,$113,$113,$113,$164,$147,$215,220,$0.52,$0.51,$1409,$313,$112,$2297,$451,$325,$390,$58,$1311,$3608,$445,$600,$274,$875,$1320,$130,$3078,$-147,$2289,$3608,$236,$33,$6,$39,$-40,$-32,$0,$15,$-32,$243,$-39,$0,$0,$4,$-128,$-124,$-5,$-168,$-1,$0,$-1,$-137,$-137,$0,$16,$-123,$-56,$24,$0
14,2015-03-31,71.23,$10.30,6.92,$11.00,6.47,$12.77,5.58,$4.04,17.63,$2.26B,$0.41B,5.56,$0.60B,$2.21B,0.27,$2.39B,$1.78B,74.27%,$2.39B,$0.56B,23.60%,$2.39B,$0.56B,23.60%,$2.39B,$0.63B,26.49%,$2.39B,$1.23B,51.46%,$2.39B,$0.87B,36.57%,$0.87B,$2.21B,41.80%,$0.87B,$1.83B,51.74%,$0.87B,$3.49B,25.54%,$0.56B,$2.82B,20.97%,$590,$136,$454,$86,$203,$425,$165,$-3,$163,$39,$123,$123,$123,$181,$165,$216,221,$0.57,$0.56,$1371,$299,$138,$2255,$445,$256,$389,$53,$1234,$3488,$405,$603,$267,$869,$1275,$129,$2965,$-148,$2214,$3488,$123,$16,$7,$23,$-37,$-19,$0,$15,$-73,$73,$-21,$0,$0,$-93,$-67,$-160,$0,$-180,$-1,$0,$-1,$-78,$-78,$0,$6,$-72,$-197,$14,$0
15,2014-12-31,63.69,$20.33,3.13,$10.73,5.93,$13.11,4.86,$3.76,16.94,$2.23B,$0.43B,5.24,$0.60B,$2.19B,0.27,$2.32B,$1.70B,73.13%,$2.32B,$0.49B,21.23%,$2.32B,$0.49B,21.23%,$2.32B,$0.56B,24.20%,$2.32B,$1.14B,49.27%,$2.32B,$0.81B,34.93%,$0.81B,$2.19B,43.31%,$0.81B,$1.79B,55.40%,$0.81B,$3.52B,25.24%,$0.49B,$2.79B,19.70%,$618,$160,$458,$84,$223,$468,$151,$-18,$133,$24,$109,$109,$109,$169,$151,$213,217,$0.49,$0.48,$1439,$297,$122,$2231,$443,$241,$399,$49,$1292,$3523,$426,$598,$307,$906,$1332,$129,$2842,$-101,$2191,$3523,$811,$69,$-58,$10,$-27,$-31,$0,$17,$201,$1022,$-80,$0,$-15,$-360,$-179,$-538,$0,$-633,$-13,$0,$-13,$-188,$-188,$0,$47,$-153,$233,$48,$0
16,2014-09-30,51.08,$9.56,5.34,$10.24,4.99,$10.37,4.92,$3.60,14.19,$2.31B,$0.43B,5.4,$0.60B,$2.04B,0.29,$2.24B,$1.63B,72.86%,$2.24B,$0.47B,21.03%,$2.24B,$0.47B,21.03%,$2.24B,$0.54B,24.02%,$2.24B,$1.11B,49.60%,$2.24B,$0.78B,34.69%,$0.78B,$2.04B,45.42%,$0.78B,$1.64B,59.88%,$0.78B,$3.35B,25.82%,$0.47B,$2.64B,20.13%,$607,$168,$439,$88,$222,$478,$130,$-9,$121,$26,$95,$95,$95,$148,$130,$213,217,$0.45,$0.44,$1515,$304,$90,$2309,$429,$92,$405,$38,$1041,$3350,$428,$596,$282,$879,$1307,$128,$2733,$-71,$2043,$3350,$702,$50,$6,$56,$-11,$-19,$0,$-3,$171,$929,$-48,$0,$0,$-699,$1,$-698,$2,$-745,$1,$0,$1,$-229,$-229,$0,$29,$-199,$-16,$36,$0
17,2014-06-30,42.92,$9.03,4.75,$9.63,4.45,$7.52,5.71,$3.51,12.25,$2.28B,$0.54B,4.22,$0.60B,$1.92B,0.31,$2.13B,$1.56B,73.27%,$2.13B,$0.45B,21.00%,$2.13B,$0.45B,21.00%,$2.13B,$0.51B,24.10%,$2.13B,$1.09B,51.20%,$2.13B,$0.76B,35.65%,$0.76B,$1.92B,48.68%,$0.76B,$1.50B,66.84%,$0.76B,$3.33B,27.06%,$0.45B,$2.51B,20.58%,$575,$151,$424,$89,$216,$456,$119,$694,$813,$266,$547,$547,$547,$135,$119,$211,215,$2.59,$2.55,$1484,$317,$60,$2278,$423,$99,$414,$36,$1049,$3327,$541,$598,$273,$871,$1412,$127,$2638,$-41,$1915,$3327,$607,$32,$4,$37,$-0,$-12,$0,$-4,$273,$917,$-30,$0,$0,$-563,$1,$-561,$1,$-590,$1,$0,$1,$-268,$-268,$0,$19,$-248,$78,$24,$0
18,2014-03-31,37.09,$6.37,5.82,$9.21,4.03,$4.10,9.05,$1.37,27.07,$1.60B,$0.36B,4.5,$0.73B,$1.34B,0.54,$2.07B,$1.53B,73.88%,$2.07B,$0.46B,21.97%,$2.07B,$0.46B,21.97%,$2.07B,$0.52B,25.06%,$2.07B,$0.40B,19.22%,$2.07B,$0.31B,14.73%,$0.31B,$1.34B,20.67%,$0.31B,$0.92B,29.22%,$0.31B,$2.65B,11.92%,$0.46B,$2.07B,22.80%,$522,$146,$377,$86,$197,$429,$94,$-16,$77,$17,$60,$60,$60,$110,$94,$213,217,$0.29,$0.28,$832,$308,$77,$1603,$419,$95,$417,$35,$1048,$2652,$356,$725,$229,$955,$1311,$126,$2091,$-32,$1341,$2652,$60,$16,$3,$20,$23,$-1,$0,$1,$59,$139,$-14,$0,$0,$-105,$-1,$-106,$1,$-120,$130,$0,$130,$-286,$-286,$0,$12,$-144,$-125,$12,$0
19,2013-12-31,32.88,$7.07,4.65,$8.94,3.68,$3.80,8.65,$1.71,19.23,$1.73B,$0.35B,4.99,$0.59B,$1.54B,0.38,$2.05B,$1.53B,74.73%,$2.05B,$0.47B,23.12%,$2.05B,$0.47B,23.12%,$2.05B,$0.54B,26.15%,$2.05B,$0.51B,25.02%,$2.05B,$0.39B,19.01%,$0.39B,$1.54B,25.29%,$0.39B,$1.13B,35.39%,$0.39B,$2.71B,15.75%,$0.47B,$2.14B,24.57%,$536,$144,$392,$79,$187,$408,$128,$-28,$100,$25,$75,$75,$75,$145,$128,$223,228,$0.35,$0.35,$937,$309,$72,$1726,$422,$22,$419,$35,$984,$2710,$346,$593,$227,$820,$1166,$126,$2031,$-28,$1544,$2710,$389,$63,$-32,$31,$9,$-44,$0,$8,$53,$473,$-107,$0,$0,$-298,$-4,$-302,$-4,$-413,$410,$0,$410,$-451,$-451,$0,$77,$35,$110,$47,$0
20,2013-09-30,34.82,$6.57,5.3,$8.74,3.98,$3.28,10.63,$1.76,19.84,$1.57B,$0.34B,4.69,$0.53B,$1.44B,0.37,$2.02B,$1.53B,75.50%,$2.02B,$0.49B,24.16%,$2.02B,$0.49B,24.16%,$2.02B,$0.55B,26.98%,$2.02B,$0.53B,26.29%,$2.02B,$0.40B,19.95%,$0.40B,$1.44B,26.48%,$0.40B,$0.99B,37.50%,$0.40B,$2.53B,17.17%,$0.49B,$1.97B,26.99%,$496,$128,$367,$84,$178,$390,$106,$-6,$100,$23,$77,$77,$77,$123,$106,$222,226,$0.35,$0.34,$758,$314,$83,$1570,$409,$21,$447,$31,$960,$2531,$335,$532,$226,$758,$1093,$126,$1970,$-43,$1437,$2531,$314,$46,$-25,$21,$9,$-41,$0,$25,$27,$361,$-89,$0,$0,$-72,$-2,$-73,$-4,$-166,$345,$0,$345,$-437,$-437,$0,$46,$-46,$160,$36,$0
21,2013-06-30,33.6,$7.04,4.77,$8.43,3.99,$2.85,11.81,$1.71,19.71,$1.39B,$0.31B,4.43,$0.23B,$1.58B,0.14,$1.97B,$1.49B,75.76%,$1.97B,$0.48B,24.19%,$1.97B,$0.48B,24.19%,$1.97B,$0.53B,26.93%,$1.97B,$0.52B,26.57%,$1.97B,$0.40B,20.03%,$0.40B,$1.58B,25.54%,$0.40B,$1.13B,35.63%,$0.40B,$2.34B,17.45%,$0.48B,$1.81B,27.36%,$517,$124,$394,$81,$187,$391,$127,$-6,$121,$27,$93,$93,$93,$141,$127,$225,229,$0.42,$0.41,$575,$300,$98,$1391,$399,$22,$446,$25,$949,$2340,$314,$227,$218,$446,$760,$125,$1893,$-48,$1580,$2340,$237,$29,$-34,$-5,$-9,$-32,$0,$26,$-3,$229,$-66,$0,$0,$9,$-2,$7,$-0,$-59,$40,$0,$40,$-219,$-219,$0,$65,$-114,$62,$24,$0
22,2013-03-31,41.08,$7.01,5.86,$8.21,5.01,$2.46,16.69,$1.58,26.0,$1.36B,$0.30B,4.53,$0.19B,$1.59B,0.12,$1.94B,$1.45B,74.96%,$1.94B,$0.45B,23.03%,$1.94B,$0.45B,23.03%,$1.94B,$0.50B,25.81%,$1.94B,$0.49B,25.45%,$1.94B,$0.37B,19.10%,$0.37B,$1.59B,24.50%,$0.37B,$1.15B,34.23%,$0.37B,$2.30B,16.84%,$0.45B,$1.79B,26.29%,$497,$121,$376,$80,$182,$384,$112,$78,$191,$47,$144,$144,$144,$126,$112,$228,233,$0.63,$0.62,$558,$289,$107,$1361,$385,$23,$446,$26,$936,$2297,$300,$193,$212,$404,$705,$125,$1799,$-52,$1592,$2297,$144,$14,$-50,$-36,$5,$-19,$0,$29,$-7,$101,$-37,$0,$0,$52,$-2,$51,$-0,$14,$6,$0,$6,$-94,$-94,$0,$64,$-25,$91,$11,$0
23,2012-12-31,45.09,$6.47,6.97,$8.02,5.62,$1.98,22.79,$1.24,36.51,$1.29B,$0.35B,3.72,$0.19B,$1.48B,0.13,$1.90B,$1.41B,74.14%,$1.90B,$0.42B,22.12%,$1.90B,$0.42B,22.12%,$1.90B,$0.47B,24.96%,$1.90B,$0.39B,20.43%,$1.90B,$0.29B,15.32%,$0.29B,$1.48B,19.93%,$0.29B,$1.03B,28.03%,$0.29B,$2.22B,13.70%,$0.42B,$1.67B,25.57%,$511,$122,$388,$75,$170,$367,$143,$-24,$119,$30,$89,$89,$89,$155,$143,$230,237,$0.39,$0.38,$521,$281,$57,$1292,$373,$21,$452,$26,$930,$2222,$347,$189,$206,$395,$742,$124,$1654,$-38,$1479,$2222,$292,$54,$-38,$16,$-27,$-22,$0,$20,$55,$362,$-106,$0,$-37,$69,$-6,$63,$1,$-79,$40,$0,$40,$-244,$-244,$0,$49,$-156,$140,$42,$0
24,2012-09-30,53.69,$6.62,8.11,$7.66,7.0,$1.88,28.52,$1.12,48.15,$1.39B,$0.30B,4.65,$0.18B,$1.54B,0.11,$1.82B,$1.33B,73.17%,$1.82B,$0.36B,20.01%,$1.82B,$0.36B,20.01%,$1.82B,$0.42B,23.09%,$1.82B,$0.34B,18.58%,$1.82B,$0.27B,14.57%,$0.27B,$1.54B,18.60%,$0.27B,$1.13B,26.20%,$0.27B,$2.20B,12.84%,$0.36B,$1.71B,22.79%,$448,$112,$336,$74,$168,$353,$95,$-1,$93,$24,$69,$69,$69,$109,$95,$231,238,$0.30,$0.29,$623,$286,$69,$1388,$329,$23,$409,$26,$808,$2196,$299,$175,$186,$361,$660,$124,$1563,$-37,$1536,$2196,$202,$42,$1,$43,$-4,$-24,$0,$23,$2,$247,$-62,$0,$0,$-38,$-7,$-45,$1,$-106,$26,$0,$26,$-77,$-77,$0,$42,$-9,$135,$31,$0
25,2012-06-30,51.65,$6.22,8.3,$7.52,6.87,$1.81,28.52,$1.04,49.66,$1.28B,$0.28B,4.5,$0.19B,$1.44B,0.13,$1.78B,$1.28B,71.86%,$1.78B,$0.33B,18.44%,$1.78B,$0.33B,18.44%,$1.78B,$0.39B,21.58%,$1.78B,$0.30B,16.98%,$1.78B,$0.25B,13.90%,$0.25B,$1.44B,17.98%,$0.25B,$1.02B,25.74%,$0.25B,$2.08B,12.33%,$0.33B,$1.62B,21.20%,$482,$130,$352,$74,$182,$386,$96,$-6,$90,$22,$68,$68,$68,$110,$96,$230,237,$0.30,$0.29,$506,$265,$96,$1279,$316,$22,$412,$26,$796,$2075,$284,$185,$171,$356,$641,$123,$1494,$-51,$1435,$2075,$133,$28,$-15,$12,$-22,$-11,$0,$20,$-29,$116,$-39,$0,$0,$69,$-5,$64,$1,$26,$36,$0,$36,$-79,$-79,$0,$35,$-8,$133,$20,$0
26,2012-03-31,36.37,$6.10,5.96,$7.28,5.0,$1.77,20.54,$1.00,36.55,$1.19B,$0.27B,4.48,$0.18B,$1.39B,0.13,$1.73B,$1.23B,71.15%,$1.73B,$0.31B,17.77%,$1.73B,$0.31B,17.77%,$1.73B,$0.37B,21.06%,$1.73B,$0.29B,16.50%,$1.73B,$0.24B,13.73%,$0.24B,$1.39B,17.41%,$0.24B,$0.98B,25.10%,$0.24B,$2.00B,11.94%,$0.31B,$1.57B,20.04%,$459,$127,$332,$69,$177,$373,$86,$-1,$86,$21,$65,$65,$65,$100,$86,$228,236,$0.29,$0.28,$410,$268,$90,$1188,$308,$22,$415,$26,$816,$2004,$265,$179,$169,$349,$614,$121,$1426,$-25,$1390,$2004,$65,$14,$-28,$-14,$-25,$-8,$0,$4,$-81,$-31,$-18,$0,$0,$84,$2,$86,$0,$68,$31,$0,$31,$-65,$-65,$0,$30,$-3,$42,$9,$0
27,2011-12-31,35.35,$5.86,6.03,$7.01,5.04,$1.98,17.84,$0.99,35.89,$1.17B,$0.34B,3.49,$0.15B,$1.34B,0.11,$1.68B,$1.19B,70.82%,$1.68B,$0.30B,17.87%,$1.68B,$0.30B,17.87%,$1.68B,$0.36B,21.32%,$1.68B,$0.29B,16.97%,$1.68B,$0.24B,14.12%,$0.24B,$1.34B,17.44%,$0.24B,$0.92B,25.28%,$0.24B,$1.98B,12.00%,$0.30B,$1.49B,20.22%,$430,$120,$311,$61,$163,$344,$87,$-18,$69,$6,$63,$63,$63,$101,$87,$229,239,$0.28,$0.27,$451,$261,$57,$1169,$304,$22,$417,$25,$812,$1981,$335,$150,$157,$307,$643,$120,$1361,$-38,$1338,$1981,$237,$58,$50,$108,$-54,$-57,$0,$19,$-36,$308,$-73,$0,$-43,$-290,$-1,$-291,$0,$-407,$104,$0,$104,$-244,$-244,$0,$4,$-135,$-225,$35,$0
28,2011-09-30,35.64,$5.93,6.01,$6.86,5.2,$1.82,19.6,$0.99,36.0,$1.18B,$0.30B,3.91,$0.18B,$1.36B,0.13,$1.64B,$1.16B,70.51%,$1.64B,$0.29B,17.92%,$1.64B,$0.29B,17.92%,$1.64B,$0.35B,21.51%,$1.64B,$0.29B,17.43%,$1.64B,$0.24B,14.56%,$0.24B,$1.36B,17.68%,$0.24B,$0.94B,25.46%,$0.24B,$1.98B,12.44%,$0.29B,$1.53B,20.43%,$413,$126,$287,$62,$166,$353,$60,$-2,$58,$6,$52,$52,$52,$74,$60,$229,238,$0.23,$0.22,$451,$248,$68,$1182,$286,$21,$420,$25,$801,$1983,$302,$175,$151,$326,$628,$120,$1298,$-23,$1355,$1983,$174,$43,$27,$71,$-39,$-38,$0,$4,$-29,$215,$-47,$0,$-43,$-214,$5,$-209,$0,$-298,$129,$0,$129,$-215,$-215,$0,$4,$-82,$-152,$26,$0
29,2011-06-30,43.59,$6.03,7.23,$6.59,6.62,$1.63,26.8,$0.98,44.71,$1.22B,$0.31B,3.88,$0.18B,$1.39B,0.13,$1.58B,$1.12B,71.21%,$1.58B,$0.30B,19.09%,$1.58B,$0.30B,19.09%,$1.58B,$0.36B,22.83%,$1.58B,$0.29B,18.64%,$1.58B,$0.24B,14.90%,$0.24B,$1.39B,17.79%,$0.24B,$0.96B,25.63%,$0.24B,$2.00B,12.66%,$0.30B,$1.56B,22.05%,$431,$128,$303,$65,$163,$356,$75,$-3,$73,$15,$58,$58,$58,$90,$75,$230,240,$0.26,$0.24,$468,$229,$53,$1217,$281,$25,$423,$12,$786,$2002,$313,$175,$129,$304,$617,$119,$1246,$-10,$1385,$2002,$122,$29,$8,$37,$-48,$-15,$0,$-11,$-60,$99,$-31,$0,$-39,$-286,$3,$-284,$0,$-354,$129,$0,$129,$-126,$-126,$0,$12,$16,$-221,$16,$0
30,2011-03-31,43.5,$5.91,7.36,$6.33,6.87,$1.51,28.73,$0.98,44.62,$1.15B,$0.45B,2.58,$0.00B,$1.36B,0.0,$1.51B,$1.09B,71.81%,$1.51B,$0.30B,19.85%,$1.51B,$0.30B,19.85%,$1.51B,$0.36B,23.63%,$1.51B,$0.29B,18.99%,$1.51B,$0.24B,15.55%,$0.24B,$1.36B,18.73%,$0.24B,$0.93B,27.38%,$0.24B,$1.93B,13.31%,$0.30B,$1.36B,23.10%,$405,$117,$288,$59,$150,$326,$78,$6,$85,$21,$64,$64,$64,$93,$78,$230,241,$0.28,$0.27,$434,$218,$46,$1150,$274,$27,$426,$12,$781,$1931,$445,$0,$128,$128,$573,$118,$1188,$-16,$1358,$1931,$64,$15,$-11,$4,$-35,$-6,$0,$-3,$-53,$15,$-14,$0,$-43,$-106,$5,$-102,$0,$-158,$105,$0,$105,$-63,$-63,$0,$17,$60,$-71,$8,$0
31,2010-12-31,40.42,$5.69,7.11,$6.08,6.65,$1.54,26.25,$0.91,44.42,$1.03B,$0.34B,3.06,$0.00B,$1.31B,0.0,$1.45B,$1.04B,71.80%,$1.45B,$0.29B,19.70%,$1.45B,$0.29B,19.70%,$1.45B,$0.34B,23.57%,$1.45B,$0.27B,18.52%,$1.45B,$0.22B,15.13%,$0.22B,$1.31B,18.20%,$0.22B,$0.93B,26.92%,$0.22B,$1.77B,13.00%,$0.29B,$1.31B,22.27%,$392,$114,$279,$56,$142,$312,$81,$-11,$70,$5,$65,$65,$65,$96,$81,$227,238,$0.29,$0.28,$396,$204,$63,$1033,$270,$25,$382,$13,$735,$1767,$338,$0,$121,$121,$459,$117,$1124,$-42,$1308,$1767,$218,$57,$-22,$35,$-34,$-37,$0,$6,$-1,$251,$-55,$0,$0,$-0,$-6,$-6,$0,$-62,$-48,$0,$-48,$-108,$-108,$0,$52,$-104,$62,$29,$0
32,2010-09-30,33.53,$5.41,6.2,$5.91,5.67,$1.56,21.43,$0.84,39.91,$0.99B,$0.38B,2.6,$0.00B,$1.23B,0.0,$1.40B,$1.01B,71.68%,$1.40B,$0.27B,19.19%,$1.40B,$0.27B,19.19%,$1.40B,$0.32B,23.11%,$1.40B,$0.26B,18.54%,$1.40B,$0.20B,14.41%,$0.20B,$1.23B,17.33%,$0.20B,$0.85B,26.20%,$0.20B,$1.73B,12.27%,$0.27B,$1.23B,21.27%,$349,$96,$253,$53,$133,$282,$67,$-1,$66,$18,$48,$48,$48,$81,$67,$227,238,$0.21,$0.20,$361,$212,$27,$992,$260,$22,$387,$12,$733,$1725,$382,$0,$110,$110,$492,$116,$1059,$-24,$1234,$1725,$153,$41,$-10,$31,$-32,$-44,$0,$-17,$-27,$157,$-35,$0,$0,$-0,$-3,$-3,$0,$-38,$9,$0,$9,$-126,$-126,$0,$40,$-77,$27,$22,$0
33,2010-06-30,28.01,$4.94,5.67,$5.83,4.81,$1.69,16.53,$0.95,29.41,$0.92B,$0.25B,3.71,$0.18B,$1.12B,0.16,$1.38B,$0.98B,70.99%,$1.38B,$0.26B,18.78%,$1.38B,$0.26B,18.78%,$1.38B,$0.32B,22.84%,$1.38B,$0.29B,20.88%,$1.38B,$0.23B,16.53%,$0.23B,$1.12B,20.19%,$0.23B,$0.73B,31.22%,$0.23B,$1.64B,14.11%,$0.26B,$1.30B,20.65%,$365,$100,$265,$51,$141,$292,$74,$-7,$66,$9,$58,$58,$58,$87,$74,$227,238,$0.26,$0.24,$320,$182,$36,$919,$250,$22,$390,$12,$723,$1642,$248,$178,$99,$276,$524,$115,$1011,$-53,$1118,$1642,$105,$28,$-17,$11,$-41,$-28,$0,$-13,$-55,$61,$-20,$0,$0,$-1,$-2,$-3,$0,$-23,$89,$0,$89,$-146,$-146,$0,$36,$-21,$-14,$14,$0
34,2010-03-31,24.72,$5.07,4.88,$5.73,4.32,$1.65,14.97,$0.92,27.02,$0.87B,$0.24B,3.6,$0.13B,$1.15B,0.11,$1.35B,$0.95B,70.22%,$1.35B,$0.25B,18.37%,$1.35B,$0.25B,18.37%,$1.35B,$0.31B,22.59%,$1.35B,$0.29B,21.11%,$1.35B,$0.22B,16.15%,$0.22B,$1.15B,19.80%,$0.22B,$0.75B,31.27%,$0.22B,$1.60B,13.87%,$0.25B,$1.28B,20.50%,$341,$99,$242,$45,$134,$278,$63,$3,$66,$18,$48,$48,$48,$77,$63,$226,238,$0.21,$0.20,$321,$175,$22,$873,$247,$22,$399,$12,$732,$1604,$242,$129,$81,$211,$453,$77,$954,$-25,$1152,$1604,$48,$14,$-12,$2,$-16,$-13,$0,$7,$-37,$13,$-6,$0,$0,$-1,$0,$-1,$0,$-7,$40,$0,$40,$-65,$-65,$0,$18,$-6,$-13,$8,$0
35,2009-12-31,21.71,$10.19,2.13,$5.63,3.85,$1.54,14.14,$0.97,22.33,$0.89B,$0.29B,3.06,$0.09B,$1.16B,0.08,$1.32B,$0.92B,69.77%,$1.32B,$0.24B,18.07%,$1.32B,$0.24B,18.07%,$1.32B,$0.30B,22.45%,$1.32B,$0.30B,22.98%,$1.32B,$0.23B,17.46%,$0.23B,$1.16B,22.03%,$0.23B,$0.76B,35.94%,$0.23B,$1.62B,15.29%,$0.24B,$1.25B,20.67%,$347,$102,$245,$88,$132,$282,$65,$-2,$62,$15,$48,$48,$48,$79,$65,$225,235,$0.22,$0.20,$334,$166,$35,$889,$252,$22,$402,$13,$726,$1616,$291,$90,$77,$167,$458,$76,$906,$-8,$1158,$1616,$229,$59,$-68,$-10,$-52,$-13,$0,$8,$-54,$165,$34,$0,$0,$10,$-4,$6,$0,$40,$-85,$0,$-85,$-29,$-29,$0,$22,$-92,$115,$28,$0
36,2009-09-30,17.48,$4.83,3.62,$5.46,3.2,$1.53,11.46,$0.94,18.64,$0.88B,$0.30B,2.96,$0.10B,$1.09B,0.09,$1.29B,$0.89B,69.13%,$1.29B,$0.23B,17.96%,$1.29B,$0.23B,17.96%,$1.29B,$0.29B,22.47%,$1.29B,$0.28B,21.46%,$1.29B,$0.22B,17.19%,$0.22B,$1.09B,22.58%,$0.22B,$0.68B,38.75%,$0.22B,$1.60B,15.17%,$0.23B,$1.19B,20.86%,$326,$99,$227,$45,$126,$269,$57,$38,$94,$21,$74,$74,$74,$72,$57,$225,235,$0.33,$0.32,$290,$169,$53,$877,$241,$25,$406,$14,$725,$1602,$296,$102,$113,$215,$512,$75,$858,$-7,$1090,$1602,$182,$45,$-66,$-22,$-52,$-14,$0,$-1,$-61,$99,$52,$0,$0,$-1,$5,$4,$0,$56,$-73,$0,$-73,$-36,$-36,$0,$13,$-96,$69,$21,$0
37,2009-06-30,17.01,$4.45,3.83,$5.36,3.17,$1.36,12.48,$0.77,22.23,$0.75B,$0.25B,3.04,$0.11B,$1.00B,0.11,$1.26B,$0.86B,68.12%,$1.26B,$0.22B,17.17%,$1.26B,$0.22B,17.17%,$1.26B,$0.27B,21.68%,$1.26B,$0.23B,17.88%,$1.26B,$0.18B,14.24%,$0.18B,$1.00B,19.46%,$0.18B,$0.60B,35.16%,$0.18B,$1.47B,12.85%,$0.22B,$1.12B,20.12%,$336,$102,$234,$43,$129,$273,$63,$0,$63,$15,$48,$48,$48,$77,$63,$225,234,$0.21,$0.21,$188,$161,$39,$746,$239,$20,$407,$17,$720,$1465,$245,$114,$103,$217,$462,$75,$785,$-24,$1003,$1465,$108,$29,$-21,$8,$-62,$-8,$0,$-5,$-88,$28,$2,$0,$0,$-0,$1,$0,$0,$3,$-58,$0,$-58,$-21,$-21,$0,$10,$-69,$-36,$13,$0
38,2009-03-31,15.16,$4.21,3.6,$5.29,2.87,$1.70,8.92,$0.73,20.76,$0.65B,$0.20B,3.24,$0.12B,$0.94B,0.13,$1.26B,$0.84B,67.04%,$1.26B,$0.21B,16.40%,$1.26B,$0.21B,16.40%,$1.26B,$0.26B,20.94%,$1.26B,$0.22B,17.12%,$1.26B,$0.17B,13.69%,$0.17B,$0.94B,19.14%,$0.17B,$0.54B,35.76%,$0.17B,$1.36B,12.54%,$0.21B,$1.07B,19.45%,$314,$97,$217,$0,$122,$259,$54,$31,$85,$25,$61,$61,$61,$69,$54,$224,234,$0.27,$0.26,$150,$146,$26,$649,$230,$17,$408,$18,$710,$1359,$200,$123,$92,$215,$416,$74,$737,$-34,$943,$1359,$61,$14,$-16,$-2,$-52,$1,$0,$-1,$-95,$-36,$16,$0,$0,$-0,$2,$1,$0,$17,$-48,$0,$-48,$-10,$-10,$0,$4,$-54,$-72,$7,$0
39,2008-12-31,13.74,$3.93,3.5,$5.21,2.63,$2.19,6.27,$0.55,24.98,$0.69B,$0.26B,2.68,$0.18B,$0.88B,0.2,$1.24B,$0.82B,66.10%,$1.24B,$0.20B,15.98%,$1.24B,$0.20B,15.98%,$1.24B,$0.25B,20.50%,$1.24B,$0.17B,13.32%,$1.24B,$0.13B,10.41%,$0.13B,$0.88B,15.05%,$0.13B,$0.47B,29.67%,$0.13B,$1.40B,9.49%,$0.20B,$1.05B,19.75%,$310,$99,$211,$36,$120,$253,$57,$-23,$34,$-4,$38,$38,$38,$71,$57,$223,238,$0.17,$0.17,$227,$152,$36,$692,$230,$15,$413,$13,$708,$1400,$259,$176,$87,$263,$521,$74,$677,$-35,$879,$1400,$129,$56,$4,$59,$-69,$-18,$0,$-1,$-35,$153,$46,$0,$0,$35,$-23,$12,$0,$59,$94,$0,$94,$-243,$-243,$0,$14,$-134,$77,$29,$0
40,2008-09-30,14.44,$3.91,3.69,$5.08,2.84,$2.00,7.2,$0.45,31.91,$0.68B,$0.23B,2.94,$0.20B,$0.88B,0.23,$1.22B,$0.80B,65.55%,$1.22B,$0.19B,15.22%,$1.22B,$0.19B,15.22%,$1.22B,$0.24B,19.80%,$1.22B,$0.15B,12.36%,$1.22B,$0.11B,8.76%,$0.11B,$0.88B,12.64%,$0.11B,$0.45B,26.18%,$0.11B,$1.38B,7.94%,$0.19B,$1.08B,19.30%,$304,$105,$199,$35,$119,$260,$43,$0,$44,$11,$33,$33,$33,$57,$43,$224,236,$0.15,$0.14,$215,$144,$39,$676,$224,$20,$424,$17,$705,$1381,$230,$203,$74,$277,$507,$73,$639,$5,$875,$1381,$91,$41,$28,$70,$-69,$-11,$0,$-7,$-88,$73,$41,$0,$0,$-1,$35,$35,$0,$76,$-62,$196,$134,$-235,$-235,$0,$12,$-89,$61,$21,$0
41,2008-06-30,15.51,$3.97,3.91,$4.84,3.2,$1.91,8.13,$0.43,35.86,$0.64B,$0.23B,2.8,$0.14B,$0.90B,0.16,$1.18B,$0.77B,65.56%,$1.18B,$0.18B,15.27%,$1.18B,$0.18B,15.27%,$1.18B,$0.24B,20.02%,$1.18B,$0.15B,12.38%,$1.18B,$0.10B,8.74%,$0.10B,$0.90B,12.36%,$0.10B,$0.47B,26.36%,$0.10B,$1.35B,7.76%,$0.18B,$1.04B,19.66%,$328,$113,$215,$35,$127,$276,$52,$0,$52,$12,$40,$40,$40,$66,$52,$222,241,$0.18,$0.17,$208,$137,$45,$635,$225,$27,$425,$19,$713,$1348,$227,$142,$83,$224,$451,$73,$607,$19,$897,$1348,$58,$28,$23,$51,$-20,$0,$0,$-11,$-50,$59,$53,$0,$0,$-0,$25,$25,$0,$78,$75,$0,$75,$-180,$-180,$0,$9,$-96,$46,$13,$0
42,2008-03-31,11.14,$3.56,3.13,$4.57,2.44,$1.64,6.8,$0.41,27.33,$0.59B,$0.39B,1.51,$0.06B,$0.78B,0.08,$1.12B,$0.74B,65.48%,$1.12B,$0.18B,15.57%,$1.12B,$0.18B,15.57%,$1.12B,$0.23B,20.55%,$1.12B,$0.14B,12.54%,$1.12B,$0.10B,8.72%,$0.10B,$0.78B,12.08%,$0.10B,$0.35B,26.98%,$0.10B,$1.31B,7.52%,$0.18B,$0.84B,20.07%,$297,$103,$194,$33,$115,$250,$46,$-12,$35,$17,$18,$18,$18,$60,$46,$224,234,$0.08,$0.08,$190,$140,$42,$592,$224,$28,$428,$20,$719,$1310,$392,$63,$78,$141,$533,$69,$567,$17,$778,$1310,$18,$14,$14,$28,$-3,$-0,$0,$1,$-16,$30,$65,$0,$0,$0,$18,$18,$0,$83,$-7,$0,$-7,$-94,$-94,$0,$2,$-99,$21,$7,$0
43,2007-12-31,11.5,$3.69,3.12,$4.34,2.65,$1.32,8.69,$0.47,24.73,$0.59B,$0.38B,1.54,$0.06B,$0.84B,0.07,$1.09B,$0.71B,65.35%,$1.09B,$0.17B,15.86%,$1.09B,$0.17B,15.86%,$1.09B,$0.23B,20.90%,$1.09B,$0.15B,13.84%,$1.09B,$0.11B,10.36%,$0.11B,$0.84B,13.90%,$0.11B,$0.36B,31.37%,$0.11B,$1.35B,8.77%,$0.17B,$0.90B,18.92%,$293,$100,$193,$34,$115,$248,$45,$-26,$20,$4,$16,$16,$16,$59,$45,$229,251,$0.07,$0.07,$191,$153,$42,$586,$228,$34,$473,$14,$763,$1350,$380,$62,$73,$135,$515,$69,$549,$8,$835,$1350,$113,$55,$40,$94,$5,$-9,$0,$-5,$6,$213,$-50,$0,$-37,$-52,$-8,$-60,$-1,$-147,$-28,$0,$-28,$-92,$-92,$0,$12,$-108,$-41,$28,$0
44,2007-09-30,12.33,$3.62,3.41,$4.21,2.93,$1.44,8.54,$0.48,25.55,$0.57B,$0.35B,1.62,$0.06B,$0.82B,0.07,$1.06B,$0.69B,64.66%,$1.06B,$0.17B,16.17%,$1.06B,$0.17B,16.17%,$1.06B,$0.23B,21.33%,$1.06B,$0.16B,14.57%,$1.06B,$0.12B,11.09%,$0.12B,$0.82B,14.91%,$0.12B,$0.38B,34.33%,$0.12B,$1.30B,9.35%,$0.17B,$0.89B,18.37%,$261,$91,$171,$31,$103,$225,$37,$2,$39,$10,$29,$29,$29,$51,$37,$228,250,$0.13,$0.12,$176,$158,$0,$565,$228,$37,$445,$18,$735,$1300,$349,$61,$66,$127,$476,$68,$533,$3,$824,$1300,$97,$41,$19,$60,$1,$-12,$0,$-5,$-24,$134,$-38,$0,$-10,$-1,$-4,$-5,$-1,$-53,$44,$-71,$-27,$-75,$-75,$0,$12,$-90,$-7,$21,$0
45,2007-06-30,12.34,$3.52,3.51,$4.13,2.98,$1.53,8.04,$0.48,25.97,$0.54B,$0.32B,1.67,$0.06B,$0.81B,0.07,$1.05B,$0.68B,64.48%,$1.05B,$0.18B,16.67%,$1.05B,$0.18B,16.67%,$1.05B,$0.23B,21.90%,$1.05B,$0.15B,14.57%,$1.05B,$0.12B,11.14%,$0.12B,$0.81B,15.24%,$0.12B,$0.36B,37.05%,$0.12B,$1.25B,9.38%,$0.18B,$0.87B,18.22%,$273,$95,$178,$29,$102,$226,$47,$-0,$47,$12,$35,$35,$35,$61,$47,$230,252,$0.15,$0.14,$165,$144,$0,$541,$220,$25,$445,$15,$711,$1252,$324,$58,$63,$121,$444,$68,$504,$-9,$808,$1252,$68,$27,$16,$43,$-4,$-1,$0,$-8,$-37,$75,$-25,$0,$-10,$-1,$-3,$-3,$0,$-38,$-26,$0,$-26,$-39,$-39,$0,$11,$-54,$-18,$13,$0
46,2007-03-31,12.68,$3.40,3.73,$4.09,3.1,$1.69,7.49,$0.48,26.54,$0.54B,$0.18B,3.02,$0.23B,$0.79B,0.29,$1.04B,$0.67B,64.27%,$1.04B,$0.17B,16.67%,$1.04B,$0.17B,16.67%,$1.04B,$0.23B,21.93%,$1.04B,$0.15B,14.56%,$1.04B,$0.12B,11.30%,$0.12B,$0.79B,15.82%,$0.12B,$0.34B,40.76%,$0.12B,$1.25B,9.45%,$0.17B,$1.01B,17.50%,$264,$93,$171,$29,$99,$221,$44,$1,$45,$11,$33,$33,$33,$57,$44,$232,254,$0.14,$0.14,$180,$142,$0,$542,$217,$22,$447,$15,$707,$1249,$179,$225,$60,$285,$464,$68,$469,$-14,$785,$1249,$33,$13,$8,$21,$3,$1,$0,$-6,$-18,$36,$-14,$0,$-10,$-0,$-1,$-1,$2,$-22,$-12,$0,$-12,$-13,$-13,$0,$8,$-17,$-3,$7,$0
47,2006-12-31,11.76,$3.25,3.62,$4.05,2.91,$1.83,6.43,$0.52,22.62,$0.53B,$0.23B,2.35,$0.24B,$0.75B,0.32,$1.04B,$0.66B,64.03%,$1.04B,$0.17B,16.78%,$1.04B,$0.17B,16.78%,$1.04B,$0.23B,22.18%,$1.04B,$0.17B,16.68%,$1.04B,$0.13B,12.63%,$0.13B,$0.75B,17.93%,$0.13B,$0.30B,48.84%,$0.13B,$1.25B,10.51%,$0.17B,$0.99B,17.49%,$266,$97,$168,$30,$95,$222,$44,$-20,$24,$3,$21,$21,$21,$58,$44,$234,256,$0.09,$0.09,$183,$142,$32,$532,$213,$20,$454,$14,$715,$1247,$226,$236,$35,$271,$497,$67,$434,$-16,$749,$1247,$131,$57,$58,$114,$3,$-13,$0,$1,$-12,$233,$-35,$0,$0,$-2,$-3,$-5,$3,$-38,$-86,$0,$-86,$-112,$-112,$0,$5,$-194,$4,$27,$0
