,Date,Stock Price,Book Value per Share,Price to Book Ratio,TTM Sales per Share,Price to Sales Ratio,TTM FCF per Share,Price to FCF Ratio,TTM Net EPS,PE Ratio,Current Assets,Current Liabilities,Current Ratio,Long Term Debt,Shareholder's Equity_x,Debt to Equity Ratio,TTM Revenue_x,TTM Gross Profit,Gross Margin,TTM Revenue_y,TTM Operating Income,Operating Margin,TTM Revenue_x,TTM EBIT,EBIT Margin,TTM Revenue_y,TTM EBITDA,EBITDA Margin,TTM Revenue_x,TTM Pre-Tax Income,Pre-Tax Margin,TTM Revenue_y,TTM Net Income_x,Net Margin,TTM Net Income_y,Shareholder's Equity_y,Return on Equity,TTM Net Income_x,Tangible Equity,Return on Tangible Equity,TTM Net Income_y,Total Assets,Return on Assets,TTM Net Income,LT Investments & Debt,Return on Investment,revenue,cost-goods-sold,gross-profit,research-development-expenses,selling-general-administrative-expenses,operating-expenses,operating-income,total-non-operating-income-expense,pre-tax-income,total-provision-income-taxes,income-after-taxes,income-from-continuous-operations,net-income,ebitda,ebit,basic-shares-outstanding,shares-outstanding,eps-basic-net-earnings-per-share,eps-earnings-per-share-diluted,cash-on-hand,inventory,other-current-assets,total-current-assets,net-property-plant-equipment,long-term-investments,goodwill-intangible-assets-total,other-long-term-assets,total-long-term-assets,total-assets,total-current-liabilities,long-term-debt,other-non-current-liabilities,total-long-term-liabilities,total-liabilities,common-stock-net,retained-earnings-accumulated-deficit,comprehensive-income,total-share-holder-equity,total-liabilities-share-holders-equity,net-income-loss,total-depreciation-amortization-cash-flow,other-non-cash-items,total-non-cash-items,change-in-accounts-receivable,change-in-inventories,change-in-accounts-payable,change-in-assets-liabilities,total-change-in-assets-liabilities,cash-flow-from-operating-activities,net-change-in-property-plant-equipment,net-change-in-intangible-assets,net-acquisitions-divestitures,net-change-in-short-term-investments,net-change-in-long-term-investments,net-change-in-investments-total,investing-activities-other,cash-flow-from-investing-activities,net-long-term-debt,net-current-debt,debt-issuance-retirement-net-total,net-common-equity-issued-repurchased,net-total-equity-issued-repurchased,total-common-preferred-stock-dividends-paid,financial-activities-other,cash-flow-from-financial-activities,net-cash-flow,stock-based-compensation,common-stock-dividends-paid
0,2018-09-30,60.37,$29.29,2.06,$12.12,4.98,$14.59,4.14,$4.21,14.34,$34.56B,$34.35B,1.01,$0.48B,$4.25B,0.11,$1.77B,$1.55B,87.68%,$1.77B,$0.79B,44.52%,$1.77B,0,0.00%,$1.77B,0,0.00%,$1.77B,$0.79B,44.52%,$1.77B,$0.62B,34.75%,$0.62B,$4.25B,15.20%,$0.62B,$3.78B,17.19%,$0.62B,$39.07B,1.62%,$0.79B,$4.73B,17.38%,$469,$73,$395,$0,$170,$264,$205,$0,$205,$34,$171,$171,$171,$0,$0,$145,146,$1.18,$1.17,$3655,$0,$0,$34558,$120,$3131,$466,$799,$4515,$39073,$34346,$482,$0,$482,$34828,$0,$3021,$-90,$4245,$39073,$531,$81,$35,$116,$-44,$0,$0,$0,$48,$693,$-9,$0,$-504,$-10,$117,$107,$-2248,$-2654,$-15,$63,$48,$-14,$-14,$-93,$2092,$2033,$44,$24,$-93
1,2018-06-30,64.97,$28.39,2.29,$11.58,5.61,$15.21,4.27,$3.95,16.45,$33.58B,$33.47B,1.0,$0.49B,$4.11B,0.12,$1.69B,$1.51B,89.35%,$1.69B,$0.76B,44.85%,$1.69B,0,0.00%,$1.69B,0,0.00%,$1.69B,$0.76B,44.85%,$1.69B,$0.58B,34.14%,$0.58B,$4.11B,14.68%,$0.58B,$3.65B,16.67%,$0.58B,$38.07B,1.55%,$0.76B,$4.60B,17.14%,$449,$59,$390,$0,$172,$252,$197,$0,$197,$25,$172,$172,$172,$0,$0,$145,146,$1.19,$1.18,$3633,$0,$0,$33577,$122,$3176,$466,$732,$4496,$38073,$33472,$487,$0,$487,$33959,$0,$2883,$-71,$4114,$38073,$359,$52,$16,$69,$-37,$0,$0,$0,$7,$435,$-8,$0,$-504,$104,$193,$297,$-1261,$-1476,$-10,$60,$50,$-14,$-14,$-59,$1196,$1173,$123,$13,$-59
2,2018-03-31,62.13,$27.46,2.26,$11.05,5.62,$15.68,3.96,$3.58,17.36,$33.15B,$33.22B,1.0,$0.49B,$3.98B,0.12,$1.61B,$1.46B,90.44%,$1.61B,$0.72B,44.63%,$1.61B,0,0.00%,$1.61B,0,0.00%,$1.61B,$0.72B,44.63%,$1.61B,$0.52B,32.46%,$0.52B,$3.98B,13.70%,$0.52B,$3.51B,15.61%,$0.52B,$37.69B,1.42%,$0.72B,$4.47B,16.66%,$446,$45,$401,$0,$172,$235,$212,$0,$212,$25,$187,$187,$187,$0,$0,$145,146,$1.29,$1.28,$3844,$0,$0,$33148,$120,$3292,$466,$668,$4546,$37693,$33223,$491,$0,$491,$33714,$0,$2740,$-56,$3979,$37693,$187,$27,$-7,$20,$11,$0,$0,$0,$10,$218,$-2,$0,$-504,$-71,$122,$51,$-586,$-1040,$-5,$30,$25,$-15,$-15,$-30,$964,$944,$140,$6,$-30
3,2017-12-31,60.25,$26.58,2.27,$10.86,5.55,$16.26,3.7,$3.46,17.41,$32.31B,$32.81B,0.99,$0.50B,$3.84B,0.13,$1.58B,$1.44B,91.22%,$1.58B,$0.74B,46.43%,$1.58B,0,0.00%,$1.58B,0,0.00%,$1.58B,$0.74B,46.43%,$1.58B,$0.51B,31.96%,$0.51B,$3.84B,13.62%,$0.51B,$3.37B,15.59%,$0.51B,$37.15B,1.40%,$0.74B,$4.34B,17.44%,$406,$40,$366,$0,$163,$232,$174,$0,$174,$89,$85,$85,$85,$0,$0,$144,146,$0.58,$0.59,$3623,$0,$0,$32312,$121,$3478,$469,$770,$4839,$37150,$32813,$495,$0,$495,$33308,$0,$2576,$-38,$3842,$37150,$506,$143,$15,$157,$38,$0,$0,$0,$36,$697,$106,$0,$4,$587,$256,$843,$-3453,$-2500,$-15,$-62,$-77,$-11,$-11,$-117,$2273,$2068,$296,$25,$-117
4,2017-09-30,59.01,$26.17,2.25,$10.50,5.62,$15.15,3.89,$3.64,16.21,$31.63B,$32.03B,0.99,$0.50B,$3.78B,0.13,$1.53B,$1.40B,91.62%,$1.53B,$0.72B,47.25%,$1.53B,0,0.00%,$1.53B,0,0.00%,$1.53B,$0.72B,47.25%,$1.53B,$0.53B,34.82%,$0.53B,$3.78B,14.73%,$0.53B,$3.31B,16.93%,$0.53B,$36.31B,1.49%,$0.72B,$4.28B,17.55%,$389,$37,$353,$0,$154,$214,$175,$0,$175,$43,$133,$133,$133,$0,$0,$144,146,$0.92,$0.91,$3392,$0,$0,$31631,$131,$3412,$469,$664,$4677,$36308,$32026,$500,$0,$500,$32526,$0,$2521,$-32,$3782,$36308,$421,$104,$-50,$53,$99,$0,$0,$0,$195,$669,$104,$0,$4,$376,$375,$750,$-2929,$-2071,$-10,$-37,$-47,$-12,$-12,$-88,$1386,$1239,$-142,$16,$-88
5,2017-06-30,57.62,$25.40,2.27,$10.10,5.71,$12.71,4.53,$3.49,16.51,$31.30B,$31.75B,0.99,$0.50B,$3.67B,0.14,$1.47B,$1.35B,91.90%,$1.47B,$0.67B,45.61%,$1.47B,0,0.00%,$1.47B,0,0.00%,$1.47B,$0.67B,45.61%,$1.47B,$0.51B,34.65%,$0.51B,$3.67B,14.50%,$0.51B,$3.20B,16.74%,$0.51B,$35.92B,1.46%,$0.67B,$4.17B,16.68%,$370,$33,$337,$0,$152,$212,$158,$0,$158,$39,$118,$118,$118,$0,$0,$144,146,$0.82,$0.81,$4349,$0,$0,$31295,$128,$3376,$469,$649,$4622,$35918,$31748,$499,$0,$499,$32247,$0,$2417,$-34,$3670,$35918,$288,$66,$-45,$20,$90,$0,$0,$0,$75,$383,$111,$0,$0,$431,$453,$884,$-1642,$-646,$-10,$-37,$-47,$-11,$-11,$-59,$1245,$1129,$874,$10,$-59
6,2017-03-31,50.59,$24.68,2.05,$9.79,5.17,$11.20,4.52,$3.39,14.92,$30.56B,$31.27B,0.98,$0.50B,$3.57B,0.14,$1.42B,$1.31B,92.19%,$1.42B,$0.66B,46.06%,$1.42B,0,0.00%,$1.42B,0,0.00%,$1.42B,$0.66B,46.06%,$1.42B,$0.49B,34.74%,$0.49B,$3.57B,14.46%,$0.49B,$3.10B,16.76%,$0.49B,$35.34B,1.45%,$0.66B,$4.07B,16.68%,$418,$31,$388,$0,$146,$190,$228,$0,$228,$58,$170,$170,$170,$0,$0,$144,146,$1.18,$1.16,$4334,$0,$0,$30562,$128,$3522,$469,$662,$4781,$35342,$31273,$504,$0,$504,$31776,$0,$2328,$-44,$3566,$35342,$170,$28,$-60,$-32,$91,$0,$0,$0,$54,$186,$115,$0,$0,$275,$338,$614,$-942,$-213,$-5,$-19,$-24,$-12,$-12,$-30,$646,$580,$556,$5,$-30
7,2016-12-31,49.63,$23.78,2.09,$9.10,5.45,$10.38,4.78,$2.97,16.71,$29.47B,$30.85B,0.96,$0.51B,$3.43B,0.15,$1.32B,$1.22B,92.05%,$1.32B,$0.57B,43.30%,$1.32B,0,0.00%,$1.32B,0,0.00%,$1.32B,$0.57B,43.30%,$1.32B,$0.43B,32.70%,$0.43B,$3.43B,12.97%,$0.43B,$2.96B,15.10%,$0.43B,$34.79B,1.29%,$0.57B,$3.94B,14.88%,$351,$29,$322,$0,$136,$190,$161,$0,$161,$50,$111,$111,$111,$0,$0,$144,145,$0.77,$0.76,$4202,$0,$0,$29467,$160,$3910,$469,$782,$5321,$34789,$30853,$508,$0,$508,$31361,$0,$2188,$-48,$3428,$34789,$432,$112,$62,$174,$23,$0,$0,$0,$38,$642,$-4,$0,$0,$-88,$295,$206,$-1995,$-1793,$-720,$63,$-657,$-0,$-0,$-116,$2454,$1680,$518,$22,$-116
8,2016-09-30,35.66,$23.44,1.52,$8.86,4.02,$9.24,3.86,$2.84,12.56,$28.00B,$29.37B,0.95,$0.51B,$3.38B,0.15,$1.29B,$1.19B,92.22%,$1.29B,$0.57B,44.12%,$1.29B,0,0.00%,$1.29B,0,0.00%,$1.29B,$0.56B,43.50%,$1.29B,$0.41B,32.14%,$0.41B,$3.38B,12.69%,$0.41B,$2.91B,14.83%,$0.41B,$33.26B,1.25%,$0.57B,$3.89B,14.36%,$330,$26,$303,$0,$145,$206,$123,$0,$123,$13,$110,$110,$110,$0,$0,$144,145,$0.76,$0.76,$3474,$0,$0,$27998,$162,$3637,$469,$988,$5257,$33255,$29365,$512,$0,$512,$29877,$0,$2106,$-7,$3378,$33255,$321,$61,$23,$84,$-5,$0,$0,$0,$14,$418,$-2,$0,$0,$287,$491,$777,$-1248,$-473,$-715,$38,$-677,$-1,$-1,$-87,$1131,$366,$306,$14,$-87
9,2016-06-30,33.01,$22.88,1.44,$8.80,3.75,$9.30,3.55,$2.73,12.09,$27.69B,$29.14B,0.95,$0.52B,$3.30B,0.16,$1.27B,$1.18B,92.31%,$1.27B,$0.58B,45.76%,$1.27B,0,0.00%,$1.27B,0,0.00%,$1.27B,$0.58B,45.13%,$1.27B,$0.40B,31.16%,$0.40B,$3.30B,12.50%,$0.40B,$2.83B,14.66%,$0.40B,$32.95B,1.23%,$0.58B,$3.81B,15.04%,$323,$25,$298,$0,$139,$180,$143,$0,$143,$40,$103,$103,$103,$0,$0,$144,145,$0.72,$0.71,$3673,$0,$0,$27694,$163,$3653,$469,$973,$5259,$32952,$29139,$517,$0,$517,$29655,$0,$2025,$-2,$3297,$32952,$211,$25,$12,$37,$-9,$0,$32,$0,$23,$271,$1,$0,$0,$15,$570,$585,$-636,$-50,$-710,$30,$-680,$-2,$-2,$-58,$754,$14,$232,$9,$-58
10,2016-03-31,31.21,$22.33,1.4,$8.62,3.62,$9.44,3.31,$2.70,11.56,$27.89B,$29.37B,0.95,$0.52B,$3.22B,0.16,$1.25B,$1.15B,91.90%,$1.25B,$0.58B,46.83%,$1.25B,0,0.00%,$1.25B,0,0.00%,$1.25B,$0.58B,46.19%,$1.25B,$0.39B,31.52%,$0.39B,$3.22B,12.66%,$0.39B,$2.75B,14.92%,$0.39B,$33.11B,1.24%,$0.58B,$3.74B,15.34%,$317,$24,$293,$0,$132,$172,$145,$0,$145,$37,$108,$108,$108,$0,$0,$144,145,$0.75,$0.74,$4371,$0,$0,$27894,$165,$3626,$469,$955,$5215,$33109,$29371,$521,$0,$521,$29892,$0,$1951,$-2,$3217,$33109,$108,$13,$6,$18,$1,$0,$0,$0,$59,$184,$-2,$0,$0,$-4,$579,$575,$-242,$331,$-705,$10,$-695,$-3,$-3,$-29,$1117,$390,$904,$5,$0
11,2015-12-31,39.68,$21.70,1.83,$8.56,4.63,$9.05,4.38,$2.65,14.97,$26.67B,$28.00B,0.95,$1.23B,$3.12B,0.39,$1.24B,$1.13B,91.59%,$1.24B,$0.59B,47.37%,$1.24B,0,0.00%,$1.24B,0,0.00%,$1.24B,$0.58B,46.73%,$1.24B,$0.39B,31.12%,$0.39B,$3.12B,12.69%,$0.39B,$2.65B,15.01%,$0.39B,$32.35B,1.25%,$0.59B,$4.35B,15.66%,$315,$24,$291,$0,$119,$159,$156,$0,$148,$57,$92,$92,$92,$0,$0,$144,145,$0.63,$0.64,$3261,$0,$0,$26672,$167,$4238,$469,$805,$5679,$32351,$28002,$1226,$0,$1226,$29228,$0,$1873,$-15,$3123,$32351,$385,$44,$126,$169,$-139,$0,$0,$38,$-85,$470,$1,$0,$0,$-595,$-1238,$-1833,$-1796,$-3628,$680,$-567,$113,$-3,$-3,$-116,$3496,$3490,$321,$17,$-116
12,2015-09-30,36.51,$21.35,1.71,$8.44,4.33,$8.54,4.28,$2.67,13.67,$26.26B,$27.52B,0.95,$0.53B,$3.07B,0.17,$1.22B,$1.11B,91.13%,$1.22B,$0.55B,45.44%,$1.22B,0,0.00%,$1.22B,0,0.00%,$1.22B,$0.55B,45.44%,$1.22B,$0.39B,31.88%,$0.39B,$3.07B,13.07%,$0.39B,$2.60B,15.53%,$0.39B,$31.12B,1.30%,$0.55B,$3.60B,15.78%,$319,$24,$294,$0,$141,$180,$139,$0,$139,$45,$94,$94,$94,$0,$0,$144,145,$0.65,$0.65,$3534,$0,$0,$26264,$170,$3195,$469,$1021,$4855,$31120,$27519,$530,$0,$530,$28049,$0,$1810,$2,$3071,$31120,$293,$5,$112,$117,$-47,$0,$0,$19,$11,$422,$0,$0,$0,$-199,$-352,$-551,$-1126,$-1677,$-15,$-564,$-579,$-4,$-4,$-87,$2769,$2100,$836,$12,$-87
13,2015-06-30,42.4,$20.89,2.03,$8.29,5.11,$7.31,5.8,$2.64,16.06,$25.15B,$26.53B,0.95,$0.53B,$3.01B,0.18,$1.19B,$1.08B,90.62%,$1.19B,$0.50B,41.79%,$1.19B,0,0.00%,$1.19B,0,0.00%,$1.19B,$0.50B,41.79%,$1.19B,$0.39B,32.33%,$0.39B,$3.01B,13.35%,$0.39B,$2.54B,15.99%,$0.39B,$30.06B,1.32%,$0.50B,$3.54B,14.54%,$296,$28,$268,$0,$118,$152,$144,$0,$144,$46,$99,$99,$99,$0,$0,$144,144,$0.69,$0.68,$3253,$0,$0,$25146,$173,$3232,$469,$1044,$4918,$30064,$26525,$534,$0,$534,$27059,$0,$1745,$5,$3005,$30064,$199,$1,$9,$11,$63,$0,$0,$15,$81,$289,$2,$0,$0,$-106,$-371,$-477,$-323,$-799,$-10,$-103,$-113,$-4,$-4,$-58,$1523,$1347,$838,$8,$0
14,2015-03-31,38.09,$20.43,1.86,$8.19,4.65,$5.63,6.77,$2.54,15.0,$25.08B,$26.43B,0.95,$0.54B,$2.94B,0.18,$1.18B,$1.07B,90.57%,$1.18B,$0.48B,40.61%,$1.18B,0,0.00%,$1.18B,0,0.00%,$1.18B,$0.48B,40.61%,$1.18B,$0.37B,31.52%,$0.37B,$2.94B,13.17%,$0.37B,$2.47B,15.94%,$0.37B,$29.91B,1.29%,$0.48B,$3.48B,14.22%,$307,$28,$280,$0,$124,$161,$147,$0,$147,$47,$100,$100,$100,$0,$0,$144,144,$0.70,$0.69,$3762,$0,$0,$25075,$176,$3107,$469,$1079,$4832,$29907,$26429,$539,$0,$539,$26968,$0,$1675,$14,$2939,$29907,$100,$-1,$-4,$-5,$-3,$0,$0,$8,$32,$126,$0,$0,$0,$-412,$-217,$-628,$231,$-397,$-5,$0,$-5,$-5,$-5,$-29,$1157,$1118,$846,$4,$-29
15,2014-12-31,36.24,$19.89,1.82,$7.96,4.55,$5.09,7.11,$2.39,15.17,$24.12B,$25.34B,0.95,$0.54B,$2.86B,0.19,$1.14B,$1.03B,90.18%,$1.14B,$0.45B,39.18%,$1.14B,0,0.00%,$1.14B,0,0.00%,$1.14B,$0.45B,39.18%,$1.14B,$0.35B,30.24%,$0.35B,$2.86B,12.60%,$0.35B,$2.39B,15.41%,$0.35B,$28.74B,1.23%,$0.45B,$3.40B,13.60%,$295,$28,$267,$0,$132,$172,$123,$0,$123,$27,$96,$96,$95,$0,$0,$143,144,$0.67,$0.66,$2604,$0,$0,$24118,$181,$2891,$469,$1084,$4626,$28744,$25344,$543,$0,$543,$25887,$0,$1604,$4,$2856,$28744,$346,$-67,$-111,$-178,$68,$0,$0,$201,$231,$393,$0,$0,$138,$-206,$201,$-5,$-2493,$-2360,$-40,$-25,$-65,$-4,$-4,$-104,$2284,$2111,$144,$14,$-104
16,2014-09-30,31.68,$19.30,1.64,$7.75,4.09,$4.78,6.63,$2.29,13.83,$24.02B,$25.17B,0.96,$0.55B,$2.77B,0.2,$1.10B,$0.99B,89.76%,$1.10B,$0.44B,40.16%,$1.10B,0,0.00%,$1.10B,0,0.00%,$1.10B,$0.44B,40.25%,$1.10B,$0.32B,29.19%,$0.32B,$2.77B,12.32%,$0.32B,$2.26B,15.07%,$0.32B,$28.48B,1.19%,$0.44B,$3.32B,14.00%,$296,$29,$267,$0,$153,$211,$85,$0,$85,$-7,$92,$92,$92,$0,$0,$143,144,$0.64,$0.64,$2927,$0,$0,$24022,$182,$2861,$506,$910,$4460,$28481,$25166,$547,$0,$547,$25713,$0,$1532,$-2,$2768,$28481,$250,$-76,$10,$-67,$-97,$0,$0,$151,$58,$243,$0,$0,$138,$-454,$212,$-242,$-1870,$-1973,$-35,$-15,$-50,$-6,$-6,$-78,$2084,$1950,$220,$10,$-78
17,2014-06-30,32.43,$18.84,1.72,$7.43,4.36,$4.57,7.1,$2.20,14.74,$23.21B,$24.30B,0.96,$0.55B,$2.70B,0.2,$1.05B,$0.94B,89.40%,$1.05B,$0.47B,44.60%,$1.05B,0,0.00%,$1.05B,0,0.00%,$1.05B,$0.47B,44.70%,$1.05B,$0.30B,28.94%,$0.30B,$2.70B,12.12%,$0.30B,$2.19B,14.76%,$0.30B,$27.56B,1.16%,$0.47B,$3.25B,15.37%,$279,$28,$252,$0,$120,$157,$123,$0,$123,$39,$84,$84,$84,$0,$0,$143,144,$0.59,$0.59,$2807,$0,$0,$23214,$183,$2804,$509,$847,$4343,$27557,$24304,$552,$0,$552,$24856,$0,$1469,$-3,$2701,$27557,$158,$-75,$12,$-63,$-103,$0,$0,$111,$-48,$48,$0,$0,$138,$-4,$293,$289,$-1169,$-741,$-30,$-15,$-45,$-6,$-6,$-52,$1147,$1044,$350,$7,$-52
18,2014-03-31,33.65,$18.30,1.84,$7.25,4.64,$5.31,6.34,$2.14,15.73,$23.19B,$24.22B,0.96,$0.56B,$2.62B,0.21,$1.01B,$0.90B,88.92%,$1.01B,$0.46B,45.10%,$1.01B,0,0.00%,$1.01B,0,0.00%,$1.01B,$0.46B,45.20%,$1.01B,$0.29B,28.78%,$0.29B,$2.62B,12.18%,$0.29B,$2.11B,14.76%,$0.29B,$27.40B,1.16%,$0.46B,$3.18B,15.71%,$271,$28,$243,$0,$123,$155,$116,$0,$116,$42,$74,$74,$74,$0,$0,$142,143,$0.52,$0.52,$3408,$0,$0,$23193,$185,$2767,$511,$745,$4208,$27401,$24221,$556,$0,$556,$24777,$0,$1411,$-17,$2624,$27401,$74,$-39,$0,$-39,$22,$0,$0,$54,$12,$48,$0,$0,$138,$34,$329,$363,$-587,$-86,$-25,$-15,$-40,$-7,$-7,$-26,$1100,$1027,$989,$3,$-26
19,2013-12-31,32.08,$17.18,1.87,$7.00,4.58,$5.53,5.8,$2.10,15.27,$20.26B,$21.82B,0.93,$0.54B,$2.36B,0.23,$0.98B,$0.86B,88.42%,$0.98B,$0.45B,45.80%,$0.98B,0,0.00%,$0.98B,0,0.00%,$0.98B,$0.45B,45.90%,$0.98B,$0.29B,29.41%,$0.29B,$2.36B,12.37%,$0.29B,$1.98B,14.86%,$0.29B,$24.73B,1.20%,$0.45B,$2.91B,15.93%,$257,$28,$228,$0,$116,$138,$119,$0,$120,$46,$74,$74,$72,$0,$0,$137,140,$0.54,$0.54,$2453,$0,$0,$20259,$178,$3009,$384,$900,$4471,$24730,$21824,$542,$0,$542,$22366,$0,$1360,$-30,$2364,$24730,$293,$-166,$21,$-145,$-9,$0,$0,$229,$277,$426,$-88,$0,$0,$-341,$394,$53,$-2699,$-2735,$90,$-20,$70,$-211,$-211,$-86,$2109,$1882,$-427,$14,$-86
20,2013-09-30,29.18,$16.78,1.74,$6.91,4.22,$5.13,5.69,$2.04,14.3,$19.99B,$21.69B,0.92,$0.50B,$2.31B,0.22,$0.98B,$0.86B,88.13%,$0.98B,$0.46B,46.98%,$0.98B,0,0.00%,$0.98B,0,0.00%,$0.98B,$0.44B,44.63%,$0.98B,$0.29B,29.27%,$0.29B,$2.31B,12.31%,$0.29B,$1.93B,14.79%,$0.29B,$24.50B,1.22%,$0.46B,$2.81B,16.44%,$240,$27,$213,$0,$97,$131,$109,$0,$109,$36,$73,$73,$73,$0,$0,$137,137,$0.53,$0.53,$2915,$0,$0,$19986,$185,$3188,$387,$753,$4513,$24499,$21685,$502,$0,$502,$22187,$0,$1305,$-25,$2312,$24499,$219,$-110,$88,$-23,$-10,$0,$0,$154,$97,$291,$-87,$0,$0,$223,$-345,$-122,$-1893,$-2103,$50,$-20,$30,$-207,$-207,$-66,$2053,$1811,$-1,$9,$-66
21,2013-06-30,24.99,$16.40,1.52,$6.93,3.61,$4.94,5.06,$1.99,12.56,$18.98B,$20.60B,0.92,$0.45B,$2.26B,0.2,$0.99B,$0.87B,87.83%,$0.99B,$0.46B,45.77%,$0.99B,0,0.00%,$0.99B,0,0.00%,$0.99B,$0.43B,43.46%,$0.99B,$0.28B,28.37%,$0.28B,$2.26B,12.13%,$0.28B,$1.87B,14.59%,$0.28B,$23.31B,1.24%,$0.46B,$2.71B,16.29%,$243,$28,$215,$0,$96,$131,$112,$0,$112,$38,$74,$74,$72,$0,$0,$138,138,$0.52,$0.52,$2831,$0,$0,$18976,$112,$2978,$389,$854,$4333,$23308,$20599,$451,$0,$451,$21050,$0,$1253,$-22,$2258,$23308,$146,$-57,$45,$-13,$-10,$0,$0,$80,$26,$158,$-10,$0,$0,$36,$-107,$-71,$-1052,$-1134,$0,$-20,$-20,$-208,$-208,$-45,$976,$703,$-273,$6,$0
22,2013-03-31,23.18,$17.16,1.35,$6.89,3.36,$4.28,5.42,$1.94,11.95,$18.74B,$20.31B,0.92,$0.45B,$2.26B,0.2,$1.01B,$0.88B,87.48%,$1.01B,$0.45B,44.43%,$1.01B,0,0.00%,$1.01B,0,0.00%,$1.01B,$0.42B,42.15%,$1.01B,$0.28B,27.63%,$0.28B,$2.34B,11.91%,$0.28B,$1.95B,14.33%,$0.28B,$23.10B,1.25%,$0.45B,$2.79B,15.77%,$236,$29,$207,$0,$94,$130,$107,$0,$107,$34,$72,$72,$70,$0,$0,$138,144,$0.51,$0.50,$3516,$0,$0,$18741,$109,$2916,$391,$945,$4361,$23102,$20308,$451,$0,$451,$20759,$0,$1201,$6,$2343,$23102,$72,$-24,$31,$6,$-50,$0,$0,$32,$3,$80,$0,$0,$0,$37,$19,$56,$-214,$-158,$0,$-20,$-20,$-95,$-95,$-23,$629,$491,$414,$3,$-23
23,2012-12-31,19.29,$16.98,1.14,$7.06,2.73,$4.36,4.43,$1.89,10.2,$18.08B,$19.68B,0.92,$0.47B,$2.30B,0.2,$1.05B,$0.91B,87.38%,$1.05B,$0.45B,42.83%,$1.05B,0,0.00%,$1.05B,0,0.00%,$1.05B,$0.43B,40.63%,$1.05B,$0.27B,26.20%,$0.27B,$2.38B,11.81%,$0.27B,$1.99B,14.26%,$0.27B,$22.54B,1.25%,$0.45B,$2.85B,15.68%,$258,$32,$226,$0,$88,$128,$131,$0,$108,$36,$72,$72,$71,$0,$0,$141,147,$0.49,$0.49,$3139,$0,$0,$18083,$108,$2948,$394,$1004,$4453,$22536,$19684,$470,$0,$470,$20154,$0,$1152,$5,$2382,$22536,$282,$-151,$129,$-22,$-113,$0,$0,$122,$25,$288,$9,$0,$0,$-968,$485,$-483,$-285,$-759,$-224,$-5,$-229,$-199,$-199,$-64,$857,$364,$-108,$13,$-64
24,2012-09-30,18.86,$16.52,1.14,$7.06,2.67,$4.00,4.71,$1.83,10.31,$17.66B,$19.00B,0.93,$0.50B,$2.24B,0.22,$1.06B,$0.92B,86.77%,$1.06B,$0.42B,39.70%,$1.06B,0,0.00%,$1.06B,0,0.00%,$1.06B,$0.42B,39.70%,$1.06B,$0.27B,25.24%,$0.27B,$2.32B,11.60%,$0.27B,$1.92B,14.04%,$0.27B,$21.81B,1.23%,$0.42B,$2.82B,14.54%,$257,$32,$225,$0,$113,$152,$105,$0,$105,$34,$71,$71,$69,$0,$0,$140,145,$0.49,$0.48,$3283,$0,$0,$17655,$115,$2417,$396,$1230,$4158,$21813,$18995,$500,$0,$500,$19495,$0,$1096,$-2,$2318,$21813,$210,$-93,$155,$61,$-130,$0,$0,$73,$-73,$194,$-6,$0,$0,$-619,$853,$234,$193,$422,$-170,$-25,$-196,$-197,$-197,$-48,$211,$-230,$385,$12,$-48
25,2012-06-30,20.86,$16.09,1.3,$7.05,2.96,$4.02,5.19,$1.76,11.85,$17.62B,$18.66B,0.94,$0.58B,$2.21B,0.26,$1.07B,$0.92B,85.70%,$1.07B,$0.41B,38.60%,$1.07B,0,0.00%,$1.07B,0,0.00%,$1.07B,$0.41B,38.60%,$1.07B,$0.26B,24.21%,$0.26B,$2.30B,11.32%,$0.26B,$1.90B,13.74%,$0.26B,$21.53B,1.19%,$0.41B,$2.87B,14.15%,$255,$33,$222,$0,$110,$150,$104,$0,$104,$34,$71,$71,$68,$0,$0,$142,148,$0.48,$0.47,$3389,$0,$0,$17617,$116,$2056,$399,$1339,$3909,$21526,$18656,$575,$0,$575,$19231,$0,$1041,$-16,$2295,$21526,$139,$-57,$84,$27,$-103,$0,$0,$46,$-100,$63,$-3,$0,$0,$-111,$1200,$1089,$262,$1348,$-95,$-25,$-121,$-147,$-147,$-33,$-112,$-412,$998,$8,$-33
26,2012-03-31,20.44,$15.76,1.3,$7.20,2.84,$5.87,3.48,$1.68,12.16,$17.00B,$18.86B,0.9,$0.61B,$2.20B,0.28,$1.10B,$0.94B,84.85%,$1.10B,$0.41B,36.75%,$1.10B,0,0.00%,$1.10B,0,0.00%,$1.10B,$0.41B,36.75%,$1.10B,$0.25B,22.69%,$0.25B,$2.28B,11.01%,$0.25B,$1.88B,13.40%,$0.25B,$21.75B,1.14%,$0.41B,$2.89B,13.74%,$276,$35,$241,$0,$126,$168,$108,$0,$108,$40,$68,$68,$66,$0,$0,$145,152,$0.46,$0.45,$2493,$0,$0,$16998,$116,$2867,$402,$1366,$4752,$21750,$18860,$607,$0,$607,$19466,$0,$986,$-17,$2283,$21750,$68,$-15,$43,$27,$-43,$0,$0,$5,$3,$98,$0,$0,$0,$-9,$379,$370,$54,$424,$-61,$-25,$-86,$-99,$-99,$-16,$-115,$-317,$205,$4,$-16
27,2011-12-31,17.4,$15.48,1.12,$7.11,2.45,$6.26,2.78,$1.60,10.88,$16.83B,$18.99B,0.89,$0.67B,$2.23B,0.3,$1.09B,$0.91B,83.78%,$1.09B,$0.38B,35.20%,$1.09B,0,0.00%,$1.09B,0,0.00%,$1.09B,$0.38B,35.20%,$1.09B,$0.24B,21.81%,$0.24B,$2.31B,10.63%,$0.24B,$1.91B,13.00%,$0.24B,$21.97B,1.10%,$0.38B,$2.98B,12.71%,$270,$40,$230,$0,$121,$167,$103,$0,$103,$37,$66,$66,$64,$0,$0,$147,153,$0.44,$0.43,$2279,$0,$0,$16831,$119,$3401,$405,$1212,$5137,$21969,$18990,$667,$0,$667,$19657,$0,$935,$-34,$2312,$21969,$245,$-143,$468,$324,$-178,$0,$0,$100,$-312,$255,$-1,$0,$0,$-205,$-232,$-436,$-634,$-1071,$-795,$-63,$-859,$-9,$-9,$-31,$1813,$914,$97,$14,$-31
28,2011-09-30,13.11,$15.18,0.86,$7.23,1.81,$9.90,1.32,$1.39,9.43,$16.44B,$18.88B,0.87,$0.67B,$2.18B,0.31,$1.10B,$0.91B,83.30%,$1.10B,$0.37B,33.49%,$1.10B,0,0.00%,$1.10B,0,0.00%,$1.10B,$0.37B,33.49%,$1.10B,$0.21B,18.80%,$0.21B,$2.26B,9.40%,$0.21B,$1.85B,11.58%,$0.21B,$21.81B,0.96%,$0.37B,$2.93B,11.59%,$269,$45,$224,$0,$118,$172,$98,$0,$98,$35,$62,$62,$61,$0,$0,$147,153,$0.41,$0.41,$2154,$0,$0,$16443,$119,$3452,$408,$1392,$5370,$21813,$18881,$671,$0,$671,$19552,$0,$878,$-22,$2261,$21813,$179,$-113,$302,$188,$-145,$0,$0,$80,$-165,$199,$2,$0,$0,$-404,$-417,$-821,$-396,$-1215,$-788,$-59,$-847,$-11,$-11,$-22,$1668,$789,$-228,$10,$-22
29,2011-06-30,17.71,$14.99,1.18,$7.24,2.44,$12.64,1.4,$1.25,14.17,$16.58B,$18.89B,0.88,$0.76B,$2.15B,0.35,$1.09B,$0.90B,82.81%,$1.09B,$0.34B,31.53%,$1.09B,0,0.00%,$1.09B,0,0.00%,$1.09B,$0.34B,31.53%,$1.09B,$0.19B,17.00%,$0.19B,$2.23B,8.33%,$0.19B,$1.82B,10.24%,$0.19B,$21.87B,0.88%,$0.34B,$2.99B,10.26%,$287,$47,$240,$0,$136,$191,$96,$0,$96,$35,$61,$61,$59,$0,$0,$147,153,$0.40,$0.39,$2496,$0,$0,$16584,$117,$3384,$411,$1377,$5288,$21873,$18885,$758,$0,$758,$19643,$0,$824,$4,$2229,$21873,$117,$-71,$232,$161,$-128,$0,$0,$36,$64,$340,$7,$0,$0,$-254,$-301,$-555,$-292,$-840,$-700,$-6,$-706,$-11,$-11,$-12,$1495,$766,$265,$6,$-12
30,2011-03-31,19.2,$14.52,1.32,$7.34,2.62,$13.29,1.44,$1.07,17.94,$16.02B,$17.96B,0.89,$1.03B,$2.08B,0.5,$1.09B,$0.90B,82.57%,$1.09B,$0.31B,28.07%,$1.09B,0,0.00%,$1.09B,0,0.00%,$1.09B,$0.31B,28.07%,$1.09B,$0.16B,14.31%,$0.16B,$2.16B,6.94%,$0.16B,$1.74B,8.52%,$0.16B,$21.15B,0.76%,$0.31B,$3.19B,8.75%,$265,$46,$220,$0,$126,$179,$87,$0,$87,$31,$56,$56,$54,$0,$0,$147,153,$0.37,$0.37,$2402,$0,$0,$16022,$134,$3093,$414,$1484,$5125,$21147,$17960,$1029,$0,$1029,$18989,$0,$773,$-10,$2158,$21147,$56,$-30,$103,$73,$27,$0,$0,$17,$30,$158,$0,$0,$0,$-265,$-51,$-317,$-37,$-354,$-421,$-3,$-423,$-13,$-13,$-3,$795,$356,$159,$2,$-3
31,2010-12-31,17.08,$14.23,1.2,$7.72,2.21,$13.49,1.27,$0.83,20.58,$15.59B,$17.14B,0.91,$1.45B,$2.03B,0.71,$1.14B,$0.93B,82.20%,$1.14B,$0.26B,22.64%,$1.14B,0,0.00%,$1.14B,0,0.00%,$1.14B,$0.26B,22.64%,$1.14B,$0.12B,10.66%,$0.12B,$2.11B,5.29%,$0.12B,$1.70B,6.49%,$0.12B,$20.70B,0.59%,$0.26B,$3.56B,6.80%,$275,$46,$229,$0,$137,$189,$86,$0,$86,$29,$56,$56,$32,$0,$0,$137,147,$0.23,$0.22,$1978,$0,$0,$15585,$136,$3241,$417,$1322,$5116,$20701,$17137,$1450,$0,$1450,$18587,$0,$720,$-12,$2114,$20701,$165,$-178,$558,$380,$86,$0,$0,$83,$327,$869,$-91,$0,$67,$-167,$-325,$-491,$608,$93,$-692,$40,$-652,$4,$-302,$-30,$254,$-730,$235,$9,$-30
32,2010-09-30,14.22,$16.12,0.88,$14.12,1.01,$10.04,1.42,$2.57,5.53,$15.10B,$16.78B,0.9,$1.25B,$2.01B,0.62,$1.56B,$1.34B,86.02%,$1.56B,$0.58B,37.20%,$1.56B,0,0.00%,$1.56B,0,0.00%,$1.56B,$0.58B,37.20%,$1.56B,$0.34B,22.00%,$0.34B,$2.39B,14.73%,$0.34B,$1.97B,18.01%,$0.34B,$20.42B,1.69%,$0.58B,$3.64B,14.62%,$261,$49,$212,$0,$134,$187,$74,$0,$74,$27,$47,$47,$40,$0,$0,$146,147,$0.27,$0.27,$1666,$0,$0,$15096,$138,$3060,$420,$1702,$5321,$20417,$16779,$1254,$0,$1254,$18032,$0,$689,$5,$2385,$20417,$108,$-111,$442,$330,$28,$0,$0,$47,$237,$687,$-90,$0,$67,$-100,$-331,$-431,$734,$280,$-873,$2,$-871,$3,$3,$-21,$-88,$-977,$-9,$6,$-21
33,2010-06-30,13.31,$15.81,0.84,$13.92,0.96,$8.15,1.63,$1.39,9.57,$15.44B,$16.37B,0.94,$1.26B,$1.97B,0.64,$1.43B,$1.21B,84.59%,$1.43B,$0.39B,26.85%,$1.43B,0,0.00%,$1.43B,0,0.00%,$1.43B,$0.39B,26.85%,$1.43B,$0.22B,15.62%,$0.22B,$2.34B,10.60%,$0.22B,$1.92B,13.14%,$0.22B,$19.97B,1.22%,$0.39B,$3.60B,10.33%,$289,$50,$239,$0,$175,$230,$59,$0,$59,$22,$36,$36,$30,$0,$0,$146,147,$0.21,$0.21,$1863,$0,$0,$15440,$134,$2198,$424,$1771,$4527,$19967,$16371,$1258,$0,$1258,$17628,$0,$651,$2,$2339,$19967,$61,$-107,$327,$220,$8,$0,$152,$59,$220,$511,$-82,$0,$67,$9,$508,$517,$619,$1121,$-866,$8,$-858,$2,$2,$-14,$-465,$-1335,$296,$4,$0
34,2010-03-31,15.19,$15.59,0.97,$13.86,1.1,$7.80,1.95,$-0.65,0.0,$15.62B,$15.99B,0.98,$2.01B,$1.94B,1.04,$1.27B,$1.04B,81.90%,$1.27B,$0.18B,14.15%,$1.27B,0,0.00%,$1.27B,0,0.00%,$1.27B,$0.18B,14.15%,$1.27B,$0.08B,6.17%,$0.08B,$2.31B,4.11%,$0.08B,$1.88B,5.18%,$0.08B,$20.30B,0.47%,$0.18B,$4.31B,5.04%,$310,$57,$253,$0,$209,$272,$38,$0,$38,$13,$25,$25,$19,$0,$0,$110,147,$0.17,$0.13,$2018,$0,$0,$15620,$135,$2293,$424,$1827,$4680,$20299,$15988,$2005,$0,$2005,$17993,$0,$622,$2,$2306,$20299,$25,$-81,$74,$-7,$53,$0,$0,$44,$239,$261,$-80,$0,$0,$-161,$361,$200,$335,$455,$-39,$-9,$-48,$1,$1,$-7,$-381,$-435,$281,$1,$-1
35,2009-12-31,13.77,$20.78,0.66,$14.26,0.97,$7.19,1.92,$-1.28,0.0,$15.54B,$16.23B,0.96,$2.04B,$1.59B,1.28,$1.11B,$0.88B,78.64%,$1.11B,$0.11B,9.43%,$1.11B,0,0.00%,$1.11B,0,0.00%,$1.11B,$0.11B,9.43%,$1.11B,$0.03B,2.51%,$0.03B,$2.29B,1.64%,$0.03B,$1.86B,2.10%,$0.03B,$20.56B,0.19%,$0.11B,$4.33B,3.26%,$699,$62,$637,$0,$223,$290,$409,$0,$409,$150,$260,$260,$254,$0,$0,$79,85,$3.59,$3.57,$1573,$0,$0,$15541,$59,$2866,$427,$1666,$5018,$20559,$16234,$2041,$0,$2041,$18275,$0,$604,$1,$2285,$20559,$77,$-35,$302,$267,$-172,$0,$0,$23,$-188,$155,$-0,$0,$599,$-48,$580,$531,$318,$1448,$-52,$-2215,$-2267,$274,$609,$-30,$304,$-1383,$220,$6,$-30
36,2009-09-30,7.23,$16.60,0.44,$8.37,0.86,$8.21,0.88,$-3.29,0.0,$9.38B,$9.81B,0.96,$1.16B,$1.15B,1.0,$0.56B,$0.32B,55.85%,$0.56B,$-0.32B,-55.85%,$0.56B,0,0.00%,$0.56B,0,0.00%,$0.56B,$-0.32B,-55.85%,$0.56B,$-0.23B,-40.60%,$-0.23B,$1.52B,-15.05%,$-0.23B,$1.17B,-19.67%,$-0.23B,$12.49B,-1.82%,$-0.32B,$2.68B,-10.76%,$136,$52,$84,$0,$203,$257,$-121,$0,$-121,$-53,$-69,$-69,$-79,$0,$0,$87,87,$-0.91,$-0.91,$989,$0,$0,$9375,$55,$2422,$355,$122,$3111,$12486,$9805,$1159,$0,$1159,$10964,$0,$352,$-23,$1522,$12486,$-183,$17,$464,$481,$-12,$0,$0,$0,$-109,$188,$-0,$0,$0,$-117,$-644,$-761,$125,$-636,$-439,$-4,$-443,$108,$108,$-23,$520,$162,$-286,$4,$-23
37,2009-06-30,5.65,$23.06,0.24,$8.66,0.65,$8.29,0.68,$-2.94,0.0,$9.67B,$9.83B,0.98,$1.41B,$1.00B,1.41,$0.54B,$0.27B,50.37%,$0.54B,$-0.24B,-44.67%,$0.54B,0,0.00%,$0.54B,0,0.00%,$0.54B,$-0.24B,-44.67%,$0.54B,$-0.19B,-34.01%,$-0.19B,$1.48B,-12.70%,$-0.19B,$1.12B,-16.84%,$-0.19B,$12.72B,-1.50%,$-0.24B,$2.89B,-8.05%,$120,$58,$62,$0,$207,$267,$-147,$0,$-147,$-61,$-87,$-87,$-116,$0,$0,$63,63,$-1.83,$-1.83,$1202,$0,$0,$9671,$57,$2348,$356,$124,$3048,$12720,$9834,$1409,$0,$1409,$11243,$0,$432,$-40,$1477,$12720,$-115,$12,$285,$296,$-6,$0,$0,$0,$-20,$162,$-0,$0,$0,$-351,$-590,$-941,$165,$-777,$-185,$-6,$-191,$0,$0,$-16,$516,$309,$-306,$3,$-16
38,2009-03-31,3.97,$24.00,0.17,$9.49,0.42,$7.35,0.54,$-1.52,0.0,$8.93B,$9.56B,0.93,$1.47B,$1.06B,1.38,$0.60B,$0.31B,51.76%,$0.60B,$-0.14B,-23.70%,$0.60B,0,0.00%,$0.60B,0,0.00%,$0.60B,$-0.14B,-23.70%,$0.60B,$-0.10B,-15.97%,$-0.10B,$1.54B,-6.76%,$-0.10B,$1.18B,-9.08%,$-0.10B,$12.57B,-0.78%,$-0.14B,$3.00B,-4.61%,$159,$65,$93,$0,$127,$195,$-36,$0,$-36,$-13,$-22,$-22,$-31,$0,$0,$63,63,$-0.50,$-0.50,$920,$0,$0,$8929,$58,$2902,$358,$134,$3635,$12565,$9560,$1469,$0,$1469,$11029,$0,$548,$-80,$1535,$12565,$-22,$6,$80,$86,$-1,$0,$0,$0,$-23,$40,$-0,$0,$0,$-101,$-546,$-647,$115,$-532,$-120,$-30,$-150,$-0,$-0,$-8,$312,$154,$-338,$1,$-8
39,2008-12-31,13.85,$24.33,0.57,$10.20,1.36,$7.85,1.76,$-0.94,0.0,$9.28B,$9.28B,1.0,$1.59B,$1.08B,1.47,$0.64B,$0.33B,51.80%,$0.64B,$-0.10B,-15.18%,$0.64B,0,0.00%,$0.64B,0,0.00%,$0.64B,$-0.10B,-15.18%,$0.64B,$-0.06B,-9.23%,$-0.06B,$1.55B,-4.55%,$-0.06B,$1.19B,-6.30%,$-0.06B,$12.42B,-0.49%,$-0.10B,$3.14B,-3.17%,$149,$73,$76,$0,$85,$160,$-11,$0,$-11,$-14,$2,$2,$-3,$0,$0,$63,63,$-0.05,$-0.05,$1157,$0,$0,$9278,$0,$2211,$359,$575,$3144,$12423,$9283,$1589,$0,$1589,$10872,$0,$572,$-86,$1551,$12423,$-50,$19,$221,$240,$15,$0,$0,$0,$-8,$182,$-4,$0,$-1,$-128,$-416,$-544,$416,$-133,$-116,$-547,$-664,$2,$503,$-33,$863,$669,$719,$6,$-25
40,2008-09-30,11.81,$19.88,0.59,$11.27,1.05,$8.52,1.38,$-0.30,0.0,$8.81B,$8.68B,1.02,$1.77B,$1.27B,1.4,$0.70B,$0.37B,53.13%,$0.70B,$-0.03B,-3.84%,$0.70B,0,0.00%,$0.70B,0,0.00%,$0.70B,$-0.03B,-3.84%,$0.70B,$-0.02B,-2.70%,$-0.02B,$1.27B,-1.58%,$-0.02B,$0.91B,-2.26%,$-0.02B,$11.72B,-0.16%,$-0.03B,$3.04B,-0.88%,$116,$73,$43,$0,$88,$165,$-49,$0,$-49,$-17,$-31,$-31,$-35,$0,$0,$63,63,$-0.56,$-0.56,$578,$0,$0,$8811,$62,$2203,$360,$111,$2911,$11722,$8684,$1774,$0,$1774,$10457,$0,$582,$-73,$1265,$11722,$-52,$14,$162,$176,$26,$0,$-5,$0,$21,$144,$-3,$0,$-1,$100,$-273,$-173,$442,$264,$80,$-551,$-471,$2,$196,$-23,$257,$-42,$367,$5,$-23
41,2008-06-30,6.04,$20.05,0.3,$12.83,0.47,$8.79,0.69,$0.93,6.49,$9.09B,$8.73B,1.04,$1.78B,$1.27B,1.4,$0.80B,$0.45B,56.00%,$0.80B,$0.09B,11.25%,$0.80B,0,0.00%,$0.80B,0,0.00%,$0.80B,$0.09B,11.25%,$0.80B,$0.06B,7.13%,$0.06B,$1.27B,4.84%,$0.06B,$0.91B,6.99%,$0.06B,$11.79B,0.48%,$0.09B,$3.05B,2.97%,$171,$76,$96,$0,$136,$216,$-45,$0,$-45,$-19,$-26,$-26,$-26,$0,$0,$63,63,$-0.41,$-0.41,$475,$0,$0,$9094,$62,$1990,$361,$108,$2691,$11785,$8734,$1779,$0,$1779,$10513,$0,$623,$-105,$1272,$11785,$-21,$11,$93,$104,$26,$0,$-7,$0,$19,$103,$-2,$0,$-1,$99,$-65,$34,$115,$146,$85,$-493,$-408,$2,$196,$-13,$240,$15,$264,$3,$-13
42,2008-03-31,15.08,$17.42,0.87,$13.32,1.13,$8.11,1.86,$2.00,7.54,$9.18B,$8.77B,1.05,$1.89B,$1.10B,1.71,$0.83B,$0.46B,55.86%,$0.83B,$0.20B,24.30%,$0.83B,0,0.00%,$0.83B,0,0.00%,$0.83B,$0.20B,24.30%,$0.83B,$0.12B,14.87%,$0.12B,$1.10B,10.94%,$0.12B,$0.74B,15.65%,$0.12B,$11.76B,1.07%,$0.20B,$2.99B,7.00%,$203,$88,$116,$0,$103,$195,$8,$0,$8,$3,$5,$5,$5,$0,$0,$62,63,$0.08,$0.08,$315,$0,$0,$9181,$64,$1911,$363,$104,$2579,$11760,$8767,$1889,$0,$1889,$10656,$0,$655,$-109,$1104,$11760,$5,$6,$37,$43,$18,$0,$7,$0,$25,$73,$-2,$0,$0,$100,$13,$113,$-43,$69,$195,$-499,$-304,$0,$0,$-6,$273,$-37,$105,$2,$-6
43,2007-12-31,20.5,$18.56,1.1,$13.32,1.54,$7.80,2.63,$2.60,7.88,$9.23B,$8.64B,1.07,$2.04B,$1.17B,1.74,$0.82B,$0.46B,55.53%,$0.82B,$0.26B,31.83%,$0.82B,0,0.00%,$0.82B,0,0.00%,$0.82B,$0.26B,31.83%,$0.82B,$0.16B,19.44%,$0.16B,$1.17B,14.44%,$0.16B,$0.81B,20.14%,$0.16B,$11.85B,1.42%,$0.26B,$3.22B,9.88%,$214,$95,$119,$0,$56,$155,$59,$0,$59,$22,$37,$37,$37,$0,$0,$61,62,$0.59,$0.59,$310,$0,$0,$9229,$65,$2038,$364,$90,$2623,$11852,$8636,$2044,$0,$2044,$10680,$0,$657,$-39,$1172,$11852,$161,$14,$-22,$-8,$65,$0,$0,$0,$71,$224,$-5,$0,$-7,$-49,$888,$839,$-1346,$-519,$597,$190,$787,$-44,$-44,$-25,$-455,$263,$-32,$7,$-25
44,2007-09-30,30.33,$18.53,1.64,$13.07,2.32,$6.14,4.94,$2.64,11.49,$8.96B,$8.79B,1.02,$1.69B,$1.17B,1.45,$0.80B,$0.44B,55.22%,$0.80B,$0.27B,33.21%,$0.80B,0,0.00%,$0.80B,0,0.00%,$0.80B,$0.27B,33.21%,$0.80B,$0.16B,20.15%,$0.16B,$1.17B,15.14%,$0.16B,$0.80B,20.74%,$0.16B,$11.64B,1.47%,$0.27B,$2.86B,10.98%,$212,$95,$117,$0,$47,$145,$68,$0,$68,$26,$41,$41,$41,$0,$0,$61,62,$0.68,$0.67,$317,$0,$0,$8963,$66,$2097,$365,$103,$2677,$11640,$8785,$1689,$0,$1689,$10474,$0,$626,$-11,$1167,$11640,$124,$10,$-26,$-16,$33,$0,$20,$0,$53,$161,$-4,$0,$-7,$-49,$757,$708,$-941,$-244,$342,$35,$376,$-44,$-44,$-18,$-256,$58,$-25,$5,$-18
45,2007-06-30,32.7,$17.34,1.89,$12.65,2.58,$4.77,6.85,$2.55,12.82,$8.49B,$8.41B,1.01,$1.37B,$1.06B,1.3,$0.78B,$0.43B,55.47%,$0.78B,$0.26B,33.08%,$0.78B,0,0.00%,$0.78B,0,0.00%,$0.78B,$0.26B,33.08%,$0.78B,$0.16B,20.21%,$0.16B,$1.06B,15.34%,$0.16B,$0.79B,20.66%,$0.16B,$10.83B,1.46%,$0.26B,$2.43B,10.78%,$198,$88,$110,$0,$41,$132,$66,$0,$66,$26,$40,$40,$40,$0,$0,$60,61,$0.67,$0.66,$391,$0,$0,$8487,$44,$1903,$262,$97,$2342,$10829,$8405,$1370,$0,$1370,$9774,$0,$591,$-9,$1055,$10829,$83,$8,$-15,$-7,$-18,$0,$3,$0,$-15,$61,$-4,$0,$0,$-102,$609,$507,$-482,$21,$48,$3,$51,$-41,$-41,$-12,$-82,$-84,$-2,$3,$-12
46,2007-03-31,30.85,$17.03,1.81,$12.14,2.54,$4.74,6.51,$2.48,12.44,$8.42B,$8.55B,0.99,$1.07B,$1.04B,1.03,$0.75B,$0.42B,56.43%,$0.75B,$0.25B,33.65%,$0.75B,0,0.00%,$0.75B,0,0.00%,$0.75B,$0.25B,33.65%,$0.75B,$0.15B,20.64%,$0.15B,$1.04B,15.49%,$0.15B,$0.78B,21.13%,$0.15B,$10.66B,1.46%,$0.25B,$2.11B,11.06%,$199,$88,$111,$0,$40,$130,$69,$0,$69,$27,$42,$42,$42,$0,$0,$61,62,$0.69,$0.68,$347,$0,$0,$8419,$46,$1803,$263,$92,$2236,$10655,$8546,$1072,$0,$1072,$9617,$0,$557,$2,$1038,$10655,$42,$3,$-6,$-3,$-6,$0,$22,$0,$16,$55,$-4,$0,$0,$-100,$398,$298,$-152,$143,$-250,$-47,$-297,$-28,$-28,$-6,$88,$-243,$-46,$1,$-6
47,2006-12-31,29.64,$16.59,1.79,$11.43,2.59,$4.32,6.87,$2.35,12.61,$8.60B,$8.48B,1.01,$1.32B,$1.02B,1.3,$0.69B,$0.40B,58.01%,$0.69B,$0.23B,33.77%,$0.69B,0,0.00%,$0.69B,0,0.00%,$0.69B,$0.23B,33.77%,$0.69B,$0.14B,20.78%,$0.14B,$1.02B,14.99%,$0.14B,$0.76B,20.76%,$0.14B,$10.82B,1.41%,$0.23B,$2.34B,10.64%,$195,$89,$106,$0,$39,$131,$64,$0,$64,$25,$39,$39,$39,$0,$0,$60,61,$0.64,$0.63,$293,$0,$0,$8604,$44,$1779,$265,$93,$2220,$10824,$8483,$1321,$0,$1321,$9804,$0,$525,$-10,$1019,$10824,$143,$8,$-20,$-12,$-45,$0,$0,$0,$-9,$122,$-9,$0,$98,$-49,$-22,$-71,$-1536,$-1518,$1179,$1,$1180,$9,$9,$-12,$260,$1437,$41,$6,$-12
