,Date,Stock Price,Book Value per Share,Price to Book Ratio,TTM Sales per Share,Price to Sales Ratio,TTM FCF per Share,Price to FCF Ratio,TTM Net EPS,PE Ratio,Current Assets,Current Liabilities,Current Ratio,Long Term Debt,Shareholder's Equity_x,Debt to Equity Ratio,TTM Revenue_x,TTM Gross Profit,Gross Margin,TTM Revenue_y,TTM Operating Income,Operating Margin,TTM Revenue_x,TTM EBIT,EBIT Margin,TTM Revenue_y,TTM EBITDA,EBITDA Margin,TTM Revenue_x,TTM Pre-Tax Income,Pre-Tax Margin,TTM Revenue_y,TTM Net Income_x,Net Margin,TTM Net Income_y,Shareholder's Equity_y,Return on Equity,TTM Net Income_x,Tangible Equity,Return on Tangible Equity,TTM Net Income_y,Total Assets,Return on Assets,TTM Net Income,LT Investments & Debt,Return on Investment,revenue,cost-goods-sold,gross-profit,research-development-expenses,selling-general-administrative-expenses,operating-expenses,operating-income,total-non-operating-income-expense,pre-tax-income,total-provision-income-taxes,income-after-taxes,income-from-continuous-operations,net-income,ebitda,ebit,basic-shares-outstanding,shares-outstanding,eps-basic-net-earnings-per-share,eps-earnings-per-share-diluted,cash-on-hand,inventory,other-current-assets,total-current-assets,net-property-plant-equipment,long-term-investments,goodwill-intangible-assets-total,other-long-term-assets,total-long-term-assets,total-assets,total-current-liabilities,long-term-debt,other-non-current-liabilities,total-long-term-liabilities,total-liabilities,common-stock-net,retained-earnings-accumulated-deficit,comprehensive-income,total-share-holder-equity,total-liabilities-share-holders-equity,net-income-loss,total-depreciation-amortization-cash-flow,other-non-cash-items,total-non-cash-items,change-in-accounts-receivable,change-in-inventories,change-in-accounts-payable,change-in-assets-liabilities,total-change-in-assets-liabilities,cash-flow-from-operating-activities,net-change-in-property-plant-equipment,net-change-in-intangible-assets,net-acquisitions-divestitures,net-change-in-short-term-investments,net-change-in-long-term-investments,net-change-in-investments-total,investing-activities-other,cash-flow-from-investing-activities,net-long-term-debt,net-current-debt,debt-issuance-retirement-net-total,net-common-equity-issued-repurchased,net-total-equity-issued-repurchased,total-common-preferred-stock-dividends-paid,financial-activities-other,cash-flow-from-financial-activities,net-cash-flow,stock-based-compensation,common-stock-dividends-paid
0,2018-09-30,78.92,$5.83,13.53,$3.31,23.85,$-3.73,0.0,$-1.18,0.0,$1.29B,$0.11B,12.08,$0.67B,$0.72B,0.94,$0.40B,$0.30B,74.12%,$0.40B,$-0.13B,-33.67%,$0.40B,$-0.13B,-33.67%,$0.40B,$-0.10B,-24.37%,$0.40B,$-0.14B,-35.68%,$0.40B,$-0.14B,-35.68%,$-0.14B,$0.72B,-21.29%,$-0.14B,$0.69B,-22.05%,$-0.14B,$1.51B,-11.71%,$-0.13B,$1.39B,-11.95%,$118,$30,$88,$18,$112,$159,$-41,$-4,$-45,$0,$-45,$-45,$-45,$-28,$-41,$123,123,$-0.37,$-0.37,$1185,$39,$0,$1290,$188,$0,$22,$9,$220,$1510,$107,$673,$13,$686,$793,$1,$-982,$-1,$717,$1510,$-121,$32,$46,$78,$-15,$0,$17,$-26,$-25,$-68,$-98,$-0,$0,$-674,$0,$-674,$0,$-772,$892,$0,$892,$9,$9,$0,$24,$925,$84,$45,$0
1,2018-06-30,59.79,$6.07,9.85,$2.95,20.25,$-3.17,0.0,$-1.04,0.0,$1.31B,$0.08B,15.79,$0.65B,$0.74B,0.87,$0.35B,$0.26B,73.37%,$0.35B,$-0.12B,-34.28%,$0.35B,$-0.12B,-34.28%,$0.35B,$-0.09B,-26.63%,$0.35B,$-0.12B,-35.13%,$0.35B,$-0.12B,-35.13%,$-0.12B,$0.74B,-20.02%,$-0.12B,$0.72B,-20.59%,$-0.12B,$1.48B,-12.63%,$-0.12B,$1.39B,-13.34%,$103,$27,$76,$15,$94,$136,$-33,$-4,$-36,$0,$-36,$-36,$-36,$-22,$-33,$122,122,$-0.30,$-0.30,$1222,$35,$0,$1310,$140,$0,$23,$9,$172,$1483,$83,$649,$7,$655,$738,$1,$-936,$-2,$744,$1483,$-76,$19,$29,$48,$-10,$0,$-5,$-16,$-36,$-64,$-44,$-0,$0,$-649,$0,$-649,$0,$-694,$896,$0,$896,$8,$8,$0,$1,$906,$148,$28,$0
2,2018-03-31,40.33,$5.64,7.15,$2.62,15.39,$-2.94,0.0,$-1.01,0.0,$1.12B,$0.07B,15.3,$0.49B,$0.69B,0.72,$0.31B,$0.22B,72.40%,$0.31B,$-0.12B,-38.64%,$0.31B,$-0.12B,-38.64%,$0.31B,$-0.10B,-32.47%,$0.31B,$-0.12B,-38.64%,$0.31B,$-0.12B,-38.64%,$-0.12B,$0.69B,-20.92%,$-0.12B,$0.67B,-21.35%,$-0.12B,$1.26B,-15.73%,$-0.12B,$1.18B,-17.12%,$90,$23,$67,$15,$89,$127,$-37,$-3,$-39,$0,$-39,$-39,$-39,$-28,$-37,$121,121,$-0.33,$-0.33,$1042,$32,$0,$1122,$103,$0,$22,$10,$135,$1257,$73,$491,$6,$497,$570,$1,$-900,$-2,$687,$1257,$-39,$9,$12,$21,$-8,$0,$-4,$-9,$-20,$-39,$-15,$-0,$0,$-547,$0,$-547,$0,$-563,$671,$0,$671,$1,$1,$0,$0,$672,$71,$12,$0
3,2017-12-31,52.54,$4.32,12.17,$2.31,22.72,$-2.83,0.0,$-1.00,0.0,$0.49B,$0.07B,7.15,$0.00B,$0.52B,0.01,$0.27B,$0.19B,70.30%,$0.27B,$-0.12B,-43.98%,$0.27B,$-0.12B,-43.98%,$0.27B,$-0.11B,-39.47%,$0.27B,$-0.12B,-43.23%,$0.27B,$-0.12B,-43.23%,$-0.12B,$0.52B,-24.24%,$-0.12B,$0.50B,-24.55%,$-0.12B,$0.60B,-21.71%,$-0.12B,$0.53B,-24.40%,$87,$23,$64,$13,$74,$110,$-23,$1,$-22,$0,$-22,$-22,$-22,$-19,$-23,$116,116,$-0.17,$-0.17,$425,$26,$0,$487,$80,$0,$24,$7,$111,$599,$68,$4,$6,$10,$78,$1,$-861,$-1,$520,$599,$-114,$14,$36,$50,$-18,$0,$15,$-20,$-7,$-72,$-48,$-21,$-3,$-86,$-3,$-89,$0,$-161,$-0,$0,$-0,$261,$261,$0,$-0,$261,$29,$36,$0
4,2017-09-30,47.12,$4.41,10.69,$1.90,24.78,$-3.20,0.0,$-1.16,0.0,$0.51B,$0.05B,10.34,$0.01B,$0.53B,0.01,$0.21B,$0.14B,67.29%,$0.21B,$-0.13B,-61.68%,$0.21B,$-0.13B,-61.68%,$0.21B,$-0.12B,-56.54%,$0.21B,$-0.13B,-60.75%,$0.21B,$-0.13B,-60.75%,$-0.13B,$0.53B,-30.36%,$-0.13B,$0.53B,-30.37%,$-0.13B,$0.59B,-27.41%,$-0.13B,$0.53B,-30.45%,$73,$21,$52,$12,$69,$101,$-28,$1,$-27,$-0,$-27,$-27,$-27,$-25,$-28,$119,119,$-0.23,$-0.23,$463,$18,$0,$514,$56,$0,$0,$18,$73,$587,$50,$5,$6,$10,$60,$1,$-839,$-0,$527,$587,$-93,$10,$23,$33,$-16,$0,$8,$-13,$-11,$-71,$-24,$-8,$-3,$-150,$0,$-150,$0,$-185,$-0,$0,$-0,$258,$258,$0,$0,$258,$2,$23,$0
5,2017-06-30,35.37,$4.54,7.79,$1.56,22.66,$-3.50,0.0,$-1.29,0.0,$0.53B,$0.03B,16.81,$0.01B,$0.54B,0.01,$0.17B,$0.11B,63.91%,$0.17B,$-0.14B,-84.02%,$0.17B,$-0.14B,-84.02%,$0.17B,$-0.13B,-77.51%,$0.17B,$-0.14B,-83.43%,$0.17B,$-0.14B,-83.43%,$-0.14B,$0.54B,-36.43%,$-0.14B,$0.54B,-36.46%,$-0.14B,$0.58B,-32.92%,$-0.14B,$0.55B,-36.18%,$58,$18,$40,$10,$61,$89,$-31,$1,$-31,$0,$-31,$-31,$-31,$-28,$-31,$113,113,$-0.27,$-0.27,$484,$12,$0,$526,$42,$0,$0,$14,$56,$583,$31,$5,$6,$11,$42,$1,$-812,$-0,$541,$583,$-66,$6,$12,$18,$-14,$0,$2,$-5,$-18,$-66,$-9,$-8,$0,$-42,$0,$-42,$0,$-59,$-0,$0,$-0,$256,$256,$0,$0,$256,$131,$12,$0
6,2017-03-31,23.62,$2.78,8.49,$1.27,18.65,$-3.71,0.0,$-1.48,0.0,$0.31B,$0.03B,10.23,$0.01B,$0.31B,0.02,$0.13B,$0.08B,59.85%,$0.13B,$-0.16B,-118.18%,$0.13B,$-0.16B,-118.18%,$0.13B,$-0.15B,-109.85%,$0.13B,$-0.16B,-117.42%,$0.13B,$-0.16B,-117.42%,$-0.16B,$0.31B,-49.36%,$-0.16B,$0.31B,-49.40%,$-0.16B,$0.35B,-43.69%,$-0.16B,$0.32B,-48.79%,$48,$17,$31,$8,$59,$84,$-35,$1,$-35,$0,$-35,$-35,$-35,$-33,$-35,$111,111,$-0.32,$-0.32,$275,$8,$0,$306,$38,$0,$0,$6,$44,$350,$30,$5,$6,$11,$41,$1,$-781,$-0,$310,$350,$-35,$3,$6,$9,$-8,$0,$0,$-2,$-8,$-34,$-3,$0,$0,$27,$0,$27,$0,$24,$-0,$0,$-0,$0,$0,$0,$0,$0,$-10,$6,$0
7,2016-12-31,13.36,$3.04,4.39,$0.98,13.61,$-3.84,0.0,$-1.65,0.0,$0.33B,$0.03B,10.87,$0.01B,$0.34B,0.02,$0.10B,$0.05B,54.55%,$0.10B,$-0.17B,-170.71%,$0.10B,$-0.17B,-170.71%,$0.10B,$-0.16B,-158.59%,$0.10B,$-0.17B,-168.69%,$0.10B,$-0.17B,-168.69%,$-0.17B,$0.34B,-54.13%,$-0.17B,$0.33B,-54.18%,$-0.17B,$0.38B,-47.95%,$-0.17B,$0.34B,-53.74%,$35,$14,$21,$7,$52,$73,$-38,$1,$-37,$0,$-37,$-37,$-37,$-35,$-38,$102,102,$-0.32,$-0.32,$311,$7,$0,$334,$38,$0,$2,$4,$43,$377,$31,$5,$6,$11,$42,$1,$-746,$-0,$335,$377,$-167,$11,$24,$35,$-4,$0,$-3,$1,$2,$-130,$-15,$0,$0,$3,$0,$3,$0,$-12,$-0,$0,$-0,$150,$150,$0,$0,$150,$8,$24,$0
8,2016-09-30,18.57,$3.34,5.56,$0.79,23.4,$-4.09,0.0,$-1.72,0.0,$0.36B,$0.03B,11.94,$0.01B,$0.36B,0.02,$0.08B,$0.04B,51.28%,$0.08B,$-0.17B,-219.23%,$0.08B,$-0.17B,-219.23%,$0.08B,$-0.16B,-205.13%,$0.08B,$-0.17B,-217.95%,$0.08B,$-0.17B,-217.95%,$-0.17B,$0.36B,-55.46%,$-0.17B,$0.36B,-55.46%,$-0.17B,$0.40B,-49.28%,$-0.17B,$0.37B,-54.72%,$28,$12,$16,$8,$47,$66,$-38,$0,$-38,$0,$-38,$-38,$-38,$-35,$-38,$105,105,$-0.36,$-0.36,$338,$8,$0,$359,$38,$0,$0,$6,$44,$403,$30,$6,$5,$11,$41,$1,$-709,$-0,$362,$403,$-130,$8,$17,$25,$-3,$0,$-1,$1,$2,$-103,$-12,$0,$0,$-9,$0,$-9,$0,$-21,$-0,$0,$-0,$146,$146,$0,$0,$146,$22,$17,$0
9,2016-06-30,12.25,$2.54,4.83,$0.66,18.58,$-4.24,0.0,$-1.81,0.0,$0.25B,$0.03B,8.71,$0.01B,$0.25B,0.02,$0.06B,$0.03B,46.03%,$0.06B,$-0.18B,-279.37%,$0.06B,$-0.18B,-279.37%,$0.06B,$-0.17B,-263.49%,$0.06B,$-0.18B,-277.78%,$0.06B,$-0.18B,-277.78%,$-0.18B,$0.25B,-57.14%,$-0.18B,$0.25B,-57.14%,$-0.18B,$0.29B,-51.06%,$-0.18B,$0.26B,-56.41%,$21,$10,$11,$9,$48,$66,$-45,$0,$-45,$0,$-45,$-45,$-45,$-42,$-45,$98,98,$-0.46,$-0.46,$224,$8,$0,$247,$36,$0,$0,$5,$41,$289,$28,$6,$5,$11,$39,$1,$-671,$-0,$249,$289,$-92,$5,$11,$16,$-3,$0,$-0,$-2,$-2,$-78,$-6,$0,$0,$91,$0,$91,$0,$84,$-0,$0,$-0,$2,$2,$0,$0,$2,$8,$11,$0
10,2016-03-31,6.74,$2.95,2.28,$0.53,12.62,$-4.24,0.0,$-1.79,0.0,$0.28B,$0.03B,11.51,$0.01B,$0.29B,0.02,$0.05B,$0.02B,42.00%,$0.05B,$-0.17B,-340.00%,$0.05B,$-0.17B,-340.00%,$0.05B,$-0.16B,-322.00%,$0.05B,$-0.17B,-338.00%,$0.05B,$-0.17B,-338.00%,$-0.17B,$0.29B,-56.29%,$-0.17B,$0.29B,-56.29%,$-0.17B,$0.32B,-50.64%,$-0.17B,$0.29B,-55.60%,$15,$9,$6,$10,$44,$63,$-48,$0,$-47,$0,$-47,$-47,$-47,$-45,$-48,$97,97,$-0.49,$-0.49,$263,$8,$0,$284,$35,$0,$0,$5,$40,$324,$25,$6,$5,$11,$35,$1,$-626,$-0,$288,$324,$-47,$3,$6,$9,$-1,$0,$-0,$-2,$-4,$-42,$-2,$0,$0,$56,$0,$56,$0,$53,$-0,$0,$-0,$0,$0,$0,$0,$0,$11,$6,$0
11,2015-12-31,9.23,$3.38,2.73,$0.43,21.48,$-4.20,0.0,$-1.70,0.0,$0.33B,$0.03B,12.19,$0.01B,$0.33B,0.02,$0.04B,$0.02B,38.46%,$0.04B,$-0.16B,-405.13%,$0.04B,$-0.16B,-405.13%,$0.04B,$-0.15B,-384.62%,$0.04B,$-0.16B,-405.13%,$0.04B,$-0.16B,-405.13%,$-0.16B,$0.33B,-53.97%,$-0.16B,$0.33B,-53.97%,$-0.16B,$0.36B,-48.99%,$-0.16B,$0.33B,-53.11%,$14,$8,$7,$9,$38,$55,$-40,$0,$-40,$0,$-40,$-40,$-40,$-38,$-40,$92,92,$-0.42,$-0.42,$307,$7,$0,$326,$34,$0,$0,$4,$38,$364,$27,$6,$5,$10,$37,$1,$-579,$-0,$327,$364,$-158,$9,$17,$25,$-4,$0,$1,$-6,$-1,$-134,$-20,$-2,$0,$-43,$0,$-43,$0,$-65,$5,$0,$5,$177,$177,$0,$0,$182,$-17,$18,$0
12,2015-09-30,17.99,$3.75,4.8,$0.29,61.63,$-3.70,0.0,$-1.67,0.0,$0.36B,$0.02B,15.28,$0.01B,$0.36B,0.01,$0.03B,$0.01B,22.22%,$0.03B,$-0.15B,-559.26%,$0.03B,$-0.15B,-559.26%,$0.03B,$-0.14B,-529.63%,$0.03B,$-0.15B,-555.56%,$0.03B,$-0.15B,-555.56%,$-0.15B,$0.36B,-52.96%,$-0.15B,$0.36B,-52.96%,$-0.15B,$0.39B,-48.43%,$-0.15B,$0.37B,-52.57%,$13,$8,$5,$10,$39,$56,$-43,$0,$-43,$0,$-43,$-43,$-43,$-41,$-43,$94,94,$-0.45,$-0.45,$344,$6,$0,$359,$32,$0,$0,$3,$35,$394,$24,$5,$4,$9,$33,$1,$-539,$0,$361,$394,$-118,$6,$12,$18,$-3,$0,$-1,$-4,$-4,$-104,$-14,$0,$0,$-88,$0,$-88,$0,$-102,$3,$0,$3,$176,$176,$0,$0,$179,$-27,$13,$0
13,2015-06-30,29.74,$2.52,11.78,$0.16,188.03,$-3.17,0.0,$-1.61,0.0,$0.22B,$0.02B,11.92,$0.01B,$0.23B,0.02,$0.01B,0,0.00%,$0.01B,$-0.14B,-1000.00%,$0.01B,$-0.14B,-1000.00%,$0.01B,$-0.13B,-950.00%,$0.01B,$-0.14B,-992.86%,$0.01B,$-0.14B,-992.86%,$-0.14B,$0.23B,-56.33%,$-0.14B,$0.23B,-56.33%,$-0.14B,$0.25B,-51.48%,$-0.14B,$0.23B,-55.94%,$8,$5,$3,$8,$34,$47,$-39,$0,$-39,$0,$-39,$-39,$-39,$-37,$-39,$89,89,$-0.44,$-0.44,$211,$6,$0,$223,$27,$0,$0,$2,$30,$253,$19,$5,$5,$9,$28,$1,$-496,$-0,$225,$253,$-75,$4,$7,$11,$-1,$0,$-1,$-3,$-3,$-67,$-10,$0,$0,$47,$0,$47,$0,$37,$3,$0,$3,$2,$2,$0,$0,$5,$-24,$8,$0
14,2015-03-31,22.02,$2.90,7.58,$0.07,329.34,$-2.75,0.0,$-1.41,0.0,$0.26B,$0.01B,17.69,$0.00B,$0.26B,0.01,$0.01B,$-0.00B,-50.00%,$0.01B,$-0.12B,-2016.67%,$0.01B,$-0.12B,-2016.67%,$0.01B,$-0.12B,-1916.67%,$0.01B,$-0.12B,-1983.33%,$0.01B,$-0.12B,-1983.33%,$-0.12B,$0.26B,-47.36%,$-0.12B,$0.26B,-47.36%,$-0.12B,$0.28B,-43.95%,$-0.12B,$0.26B,-47.59%,$4,$4,$0,$7,$29,$40,$-36,$0,$-36,$0,$-36,$-36,$-36,$-34,$-36,$89,89,$-0.40,$-0.40,$245,$5,$0,$256,$22,$0,$0,$1,$23,$279,$14,$2,$4,$6,$21,$1,$-457,$0,$258,$279,$-36,$2,$3,$5,$-0,$0,$-1,$-2,$-5,$-35,$-2,$0,$0,$20,$0,$20,$0,$18,$-0,$0,$-0,$0,$0,$0,$0,$0,$-17,$4,$0
15,2014-12-31,27.44,$3.26,8.42,$0.02,1198.92,$-2.56,0.0,$-1.24,0.0,$0.29B,$0.02B,16.65,$0.00B,$0.29B,0.01,$0.00B,$-0.00B,-150.00%,$0.00B,$-0.10B,-5050.00%,$0.00B,$-0.10B,-5050.00%,$0.00B,$-0.10B,-4850.00%,$0.00B,$-0.10B,-4950.00%,$0.00B,$-0.10B,-4950.00%,$-0.10B,$0.29B,-45.57%,$-0.10B,$0.29B,-45.57%,$-0.10B,$0.31B,-42.22%,$-0.10B,$0.29B,-45.86%,$2,$3,$-2,$5,$26,$34,$-33,$0,$-32,$0,$-32,$-32,$-32,$-31,$-33,$80,80,$-0.39,$-0.39,$283,$4,$0,$292,$20,$0,$0,$1,$21,$313,$18,$3,$4,$6,$24,$1,$-421,$-0,$289,$313,$-100,$4,$11,$15,$-1,$0,$2,$-5,$3,$-81,$-12,$0,$0,$-105,$0,$-105,$0,$-117,$-0,$0,$-0,$242,$242,$0,$2,$244,$45,$12,$0
16,2014-09-30,19.38,$2.59,7.49,$0.02,994.29,$-2.12,0.0,$-1.03,0.0,$0.22B,$0.02B,12.91,$0.00B,$0.22B,0.01,$0.00B,0,0.00%,$0.00B,$-0.08B,-8000.00%,$0.00B,$-0.08B,-8000.00%,$0.00B,$-0.08B,-7900.00%,$0.00B,$-0.08B,-7900.00%,$0.00B,$-0.08B,-7900.00%,$-0.08B,$0.22B,-44.20%,$-0.08B,$0.22B,-44.20%,$-0.08B,$0.24B,-40.93%,$-0.08B,$0.22B,-43.96%,$0,$1,$-1,$9,$22,$32,$-32,$0,$-32,$0,$-32,$-32,$-32,$-31,$-32,$83,83,$-0.39,$-0.39,$211,$3,$0,$216,$18,$0,$0,$0,$18,$235,$17,$3,$0,$3,$20,$1,$-388,$-0,$215,$235,$-68,$3,$8,$11,$0,$0,$4,$-3,$7,$-50,$-10,$0,$0,$-64,$0,$-64,$0,$-73,$-0,$0,$-0,$138,$138,$0,$0,$138,$15,$9,$0
17,2014-06-30,17.03,$2.93,5.81,$0.03,498.33,$-1.89,0.0,$-0.80,0.0,$0.24B,$0.01B,24.32,$0.00B,$0.24B,0.01,$0.00B,$0.00B,100.00%,$0.00B,$-0.06B,-2950.00%,$0.00B,$-0.06B,-2950.00%,$0.00B,$-0.06B,-3000.00%,$0.00B,$-0.06B,-2900.00%,$0.00B,$-0.06B,-2900.00%,$-0.06B,$0.24B,-35.97%,$-0.06B,$0.24B,-35.97%,$-0.06B,$0.26B,-33.53%,$-0.06B,$0.25B,-35.92%,$0,$0,$0,$7,$12,$20,$-20,$0,$-19,$0,$-19,$-19,$-19,$-19,$-20,$82,82,$-0.24,$-0.24,$235,$0,$0,$239,$17,$0,$0,$0,$17,$256,$10,$3,$0,$3,$13,$1,$-356,$0,$243,$256,$-36,$1,$4,$6,$0,$0,$-0,$-2,$1,$-29,$-7,$0,$0,$-94,$0,$-94,$0,$-101,$-0,$0,$-0,$138,$138,$0,$0,$138,$8,$4,$0
18,2014-03-31,14.17,$1.71,8.29,$0.05,282.35,$-1.82,0.0,$-0.75,0.0,$0.12B,$0.01B,13.16,$0.00B,$0.12B,0.03,$0.00B,$0.00B,100.00%,$0.00B,$-0.05B,-1700.00%,$0.00B,$-0.05B,-1700.00%,$0.00B,$-0.05B,-1800.00%,$0.00B,$-0.05B,-1700.00%,$0.00B,$-0.05B,-1700.00%,$-0.05B,$0.12B,-36.69%,$-0.05B,$0.12B,-36.69%,$-0.05B,$0.13B,-34.06%,$-0.05B,$0.13B,-36.04%,$0,$0,$0,$7,$9,$16,$-16,$0,$-16,$0,$-16,$-16,$-16,$-16,$-16,$71,71,$-0.23,$-0.23,$116,$0,$0,$119,$15,$0,$0,$0,$15,$134,$9,$3,$0,$3,$12,$1,$-337,$0,$122,$134,$-16,$1,$2,$2,$0,$0,$1,$-1,$1,$-12,$-5,$0,$0,$22,$0,$22,$0,$17,$-0,$0,$-0,$0,$0,$0,$0,$0,$5,$2,$0
19,2013-12-31,11.75,$1.90,6.17,$0.06,188.68,$-1.78,0.0,$-0.69,0.0,$0.14B,$0.01B,17.47,$0.00B,$0.14B,0.03,$0.00B,$0.00B,100.00%,$0.00B,$-0.05B,-1150.00%,$0.00B,$-0.05B,-1150.00%,$0.00B,$-0.05B,-1225.00%,$0.00B,$-0.05B,-1150.00%,$0.00B,$-0.05B,-1150.00%,$-0.05B,$0.14B,-35.18%,$-0.05B,$0.14B,-35.18%,$-0.05B,$0.15B,-32.57%,$-0.05B,$0.14B,-34.59%,$1,$0,$1,$7,$7,$13,$-12,$0,$-12,$0,$-12,$-12,$-12,$-13,$-12,$67,67,$-0.17,$-0.17,$133,$0,$0,$135,$11,$0,$0,$0,$11,$147,$8,$3,$0,$4,$11,$1,$-321,$0,$135,$147,$-47,$-2,$10,$8,$0,$0,$-3,$-2,$-2,$-40,$-9,$0,$0,$-26,$0,$-26,$0,$-35,$-0,$0,$-0,$75,$75,$0,$0,$75,$-0,$8,$0
20,2013-09-30,11.8,$2.05,5.77,$0.06,183.4,$-1.81,0.0,$-0.74,0.0,$0.15B,$0.01B,17.5,$0.00B,$0.15B,0.01,$0.00B,$0.00B,100.00%,$0.00B,$-0.05B,-1200.00%,$0.00B,$-0.05B,-1200.00%,$0.00B,$-0.05B,-1275.00%,$0.00B,$-0.05B,-1200.00%,$0.00B,$-0.05B,-1200.00%,$-0.05B,$0.15B,-39.43%,$-0.05B,$0.15B,-39.43%,$-0.05B,$0.16B,-36.23%,$-0.05B,$0.15B,-38.95%,$1,$0,$1,$7,$5,$12,$-11,$0,$-11,$0,$-11,$-11,$-11,$-12,$-11,$71,71,$-0.16,$-0.16,$148,$0,$0,$149,$7,$0,$0,$0,$7,$155,$9,$2,$0,$2,$10,$1,$-309,$0,$145,$155,$-34,$-2,$7,$5,$0,$0,$-3,$-0,$-1,$-30,$-4,$0,$0,$-44,$0,$-44,$0,$-48,$-0,$0,$-0,$75,$75,$0,$0,$75,$-4,$6,$0
21,2013-06-30,13.91,$2.17,6.4,$0.07,208.31,$-1.89,0.0,$-0.79,0.0,$0.16B,$0.01B,19.81,$0.00B,$0.15B,0.01,$0.00B,$0.00B,100.00%,$0.00B,$-0.05B,-1250.00%,$0.00B,$-0.05B,-1250.00%,$0.00B,$-0.05B,-1325.00%,$0.00B,$-0.05B,-1250.00%,$0.00B,$-0.05B,-1250.00%,$-0.05B,$0.15B,-44.15%,$-0.05B,$0.15B,-44.15%,$-0.05B,$0.16B,-40.16%,$-0.05B,$0.16B,-43.67%,$1,$0,$1,$6,$7,$13,$-12,$0,$-12,$0,$-12,$-12,$-12,$-13,$-12,$65,65,$-0.19,$-0.19,$158,$0,$0,$159,$4,$0,$0,$0,$4,$163,$8,$2,$0,$2,$10,$1,$-297,$0,$154,$163,$-23,$-1,$4,$3,$0,$0,$-3,$-0,$-2,$-22,$-2,$0,$0,$-42,$0,$-42,$0,$-43,$-0,$0,$-0,$74,$74,$0,$0,$74,$8,$4,$0
22,2013-03-31,9.8,$1.39,7.05,$0.07,142.18,$-1.95,0.0,$-0.86,0.0,$0.10B,$0.01B,10.54,$0.00B,$0.09B,0.02,$0.00B,$0.00B,100.00%,$0.00B,$-0.05B,-1325.00%,$0.00B,$-0.05B,-1325.00%,$0.00B,$-0.06B,-1400.00%,$0.00B,$-0.05B,-1325.00%,$0.00B,$-0.05B,-1325.00%,$-0.05B,$0.09B,-58.40%,$-0.05B,$0.09B,-58.40%,$-0.05B,$0.10B,-51.58%,$-0.05B,$0.09B,-57.61%,$1,$0,$1,$8,$4,$12,$-11,$0,$-11,$0,$-11,$-11,$-11,$-11,$-11,$64,64,$-0.17,$-0.17,$95,$0,$0,$97,$3,$0,$0,$0,$3,$100,$9,$2,$0,$2,$11,$1,$-285,$0,$89,$100,$-11,$-1,$1,$0,$0,$0,$-2,$-0,$-2,$-12,$-0,$0,$0,$7,$0,$7,$0,$7,$-0,$0,$-0,$0,$0,$0,$0,$0,$-5,$1,$0
23,2012-12-31,10.59,$1.54,6.86,$0.07,149.23,$-1.95,0.0,$-0.88,0.0,$0.11B,$0.01B,9.49,$0.00B,$0.10B,0.02,$0.00B,$0.00B,100.00%,$0.00B,$-0.05B,-1325.00%,$0.00B,$-0.05B,-1325.00%,$0.00B,$-0.06B,-1400.00%,$0.00B,$-0.05B,-1325.00%,$0.00B,$-0.05B,-1325.00%,$-0.05B,$0.10B,-60.57%,$-0.05B,$0.10B,-60.57%,$-0.05B,$0.11B,-53.13%,$-0.05B,$0.10B,-59.89%,$1,$0,$1,$10,$5,$15,$-14,$0,$-14,$0,$-14,$-14,$-14,$-15,$-14,$59,59,$-0.22,$-0.22,$108,$0,$0,$109,$3,$0,$0,$0,$3,$112,$11,$2,$0,$2,$14,$1,$-274,$0,$99,$112,$-52,$-3,$7,$4,$0,$0,$3,$0,$4,$-45,$-1,$0,$0,$-38,$0,$-38,$0,$-38,$-0,$0,$-0,$61,$61,$0,$0,$60,$-22,$5,$0
24,2012-09-30,11.0,$1.74,6.34,$0.07,149.89,$-1.76,0.0,$-0.84,0.0,$0.12B,$0.01B,12.47,$0.00B,$0.11B,0.02,$0.00B,$0.00B,100.00%,$0.00B,$-0.05B,-1225.00%,$0.00B,$-0.05B,-1225.00%,$0.00B,$-0.05B,-1300.00%,$0.00B,$-0.05B,-1225.00%,$0.00B,$-0.05B,-1225.00%,$-0.05B,$0.11B,-58.68%,$-0.05B,$0.11B,-58.68%,$-0.05B,$0.12B,-51.04%,$-0.05B,$0.11B,-57.99%,$1,$0,$1,$10,$4,$14,$-13,$0,$-13,$0,$-13,$-13,$-13,$-14,$-13,$61,61,$-0.21,$-0.21,$119,$0,$0,$120,$4,$0,$0,$0,$4,$123,$10,$2,$0,$3,$13,$1,$-260,$0,$111,$123,$-38,$-2,$5,$3,$0,$0,$0,$-0,$2,$-34,$-1,$0,$0,$-49,$0,$-49,$0,$-49,$0,$0,$0,$60,$60,$0,$0,$60,$-23,$4,$0
25,2012-06-30,10.72,$1.12,9.6,$0.08,140.9,$-1.57,0.0,$-0.78,0.0,$0.07B,$0.01B,8.48,$0.00B,$0.06B,0.02,$0.00B,$0.00B,100.00%,$0.00B,$-0.04B,-1100.00%,$0.00B,$-0.04B,-1100.00%,$0.00B,$-0.05B,-1175.00%,$0.00B,$-0.04B,-1100.00%,$0.00B,$-0.04B,-1100.00%,$-0.04B,$0.06B,-61.11%,$-0.04B,$0.06B,-61.11%,$-0.04B,$0.08B,-51.92%,$-0.04B,$0.07B,-60.27%,$1,$0,$1,$12,$4,$16,$-15,$0,$-15,$0,$-15,$-15,$-15,$-16,$-15,$57,57,$-0.26,$-0.26,$71,$0,$0,$73,$3,$0,$0,$0,$3,$76,$9,$1,$0,$3,$12,$1,$-247,$0,$64,$76,$-25,$-1,$4,$2,$0,$0,$0,$-1,$-0,$-23,$-1,$0,$0,$-7,$0,$-7,$0,$-8,$0,$0,$0,$2,$2,$0,$0,$2,$-30,$2,$0
26,2012-03-31,11.16,$1.33,8.4,$0.08,143.16,$-1.38,0.0,$-0.65,0.0,$0.09B,$0.01B,11.11,$0.00B,$0.08B,0.01,$0.00B,$0.00B,100.00%,$0.00B,$-0.04B,-900.00%,$0.00B,$-0.04B,-900.00%,$0.00B,$-0.04B,-975.00%,$0.00B,$-0.04B,-900.00%,$0.00B,$-0.04B,-900.00%,$-0.04B,$0.08B,-48.81%,$-0.04B,$0.08B,-48.81%,$-0.04B,$0.09B,-41.38%,$-0.04B,$0.08B,-48.16%,$1,$0,$1,$9,$3,$12,$-11,$0,$-11,$0,$-11,$-11,$-11,$-11,$-11,$57,57,$-0.19,$-0.19,$84,$0,$0,$85,$3,$0,$0,$0,$3,$88,$8,$1,$0,$4,$12,$1,$-232,$0,$76,$88,$-11,$-1,$1,$0,$0,$0,$0,$-1,$-1,$-11,$-0,$0,$0,$-14,$0,$-14,$0,$-14,$0,$0,$0,$2,$2,$0,$0,$2,$-23,$1,$0
27,2011-12-31,8.12,$1.47,5.51,$0.08,101.86,$-1.29,0.0,$-0.54,0.0,$0.09B,$0.01B,11.83,$0.00B,$0.08B,0.01,$0.00B,$0.00B,100.00%,$0.00B,$-0.03B,-725.00%,$0.00B,$-0.03B,-725.00%,$0.00B,$-0.03B,-825.00%,$0.00B,$-0.03B,-725.00%,$0.00B,$-0.03B,-725.00%,$-0.03B,$0.08B,-39.32%,$-0.03B,$0.08B,-39.32%,$-0.03B,$0.10B,-33.05%,$-0.03B,$0.08B,-38.80%,$1,$0,$1,$8,$3,$11,$-10,$0,$-10,$0,$-10,$-10,$-10,$-11,$-10,$53,53,$-0.18,$-0.18,$93,$0,$0,$94,$3,$0,$0,$0,$3,$97,$8,$1,$0,$5,$13,$1,$-222,$-0,$83,$97,$-29,$-3,$4,$1,$0,$0,$-0,$-1,$1,$-27,$-2,$0,$0,$-41,$0,$-41,$0,$-43,$0,$0,$0,$28,$28,$0,$0,$28,$-43,$4,$0
28,2011-09-30,6.63,$1.22,5.43,$0.09,70.64,$-1.08,0.0,$-0.44,0.0,$0.08B,$0.01B,10.33,$0.00B,$0.07B,0.02,$0.00B,$0.00B,100.00%,$0.00B,$-0.02B,-575.00%,$0.00B,$-0.02B,-575.00%,$0.00B,$-0.03B,-675.00%,$0.00B,$-0.02B,-575.00%,$0.00B,$-0.02B,-575.00%,$-0.02B,$0.07B,-31.51%,$-0.02B,$0.07B,-31.51%,$-0.02B,$0.08B,-26.21%,$-0.02B,$0.07B,-31.08%,$1,$0,$1,$6,$3,$9,$-8,$0,$-8,$0,$-8,$-8,$-8,$-9,$-8,$52,52,$-0.15,$-0.15,$75,$0,$0,$76,$2,$0,$0,$0,$2,$78,$7,$1,$0,$7,$14,$1,$-212,$-0,$65,$78,$-19,$-3,$3,$0,$0,$0,$-0,$-1,$-0,$-19,$-2,$0,$0,$-54,$0,$-54,$0,$-56,$0,$0,$0,$1,$1,$0,$0,$1,$-74,$3,$0
29,2011-06-30,8.6,$1.35,6.37,$0.11,79.76,$-0.93,0.0,$-0.37,0.0,$0.08B,$0.01B,11.9,$0.00B,$0.07B,0.01,$0.00B,$0.00B,100.00%,$0.00B,$-0.02B,-450.00%,$0.00B,$-0.02B,-450.00%,$0.00B,$-0.02B,-575.00%,$0.00B,$-0.02B,-450.00%,$0.00B,$-0.02B,-450.00%,$-0.02B,$0.07B,-29.39%,$-0.02B,$0.07B,-29.39%,$-0.02B,$0.09B,-23.30%,$-0.02B,$0.07B,-28.92%,$1,$0,$1,$5,$2,$8,$-7,$0,$-7,$0,$-7,$-7,$-7,$-8,$-7,$52,52,$-0.13,$-0.13,$83,$0,$0,$84,$1,$0,$0,$0,$1,$85,$7,$1,$0,$8,$15,$1,$-204,$-0,$71,$85,$-11,$-2,$2,$-0,$0,$0,$0,$-0,$-0,$-11,$-1,$0,$0,$-29,$0,$-29,$0,$-29,$0,$0,$0,$0,$0,$0,$0,$0,$-40,$2,$0
30,2011-03-31,7.34,$1.46,5.02,$0.12,60.45,$-0.85,0.0,$-0.30,0.0,$0.09B,$0.01B,14.13,$0.00B,$0.08B,0.01,$0.00B,$0.00B,100.00%,$0.00B,$-0.01B,-325.00%,$0.00B,$-0.01B,-325.00%,$0.00B,$-0.02B,-500.00%,$0.00B,$-0.01B,-325.00%,$0.00B,$-0.01B,-325.00%,$-0.01B,$0.08B,-26.67%,$-0.01B,$0.08B,-26.67%,$-0.01B,$0.09B,-19.77%,$-0.01B,$0.08B,-26.13%,$1,$0,$1,$3,$2,$5,$-4,$0,$-4,$0,$-4,$-4,$-4,$-5,$-4,$52,52,$-0.08,$-0.08,$90,$0,$0,$90,$1,$0,$0,$0,$1,$91,$6,$1,$0,$9,$15,$1,$-198,$0,$76,$91,$-4,$-1,$1,$-0,$0,$0,$-0,$-0,$-1,$-5,$-0,$0,$0,$-1,$0,$-1,$0,$-1,$0,$0,$0,$0,$0,$0,$0,$0,$-7,$1,$0
31,2010-12-31,5.98,$1.53,3.91,$0.14,43.37,$-0.83,0.0,$-0.28,0.0,$0.10B,$0.01B,13.36,$0.00B,$0.08B,0.01,$0.00B,$0.00B,100.00%,$0.00B,$-0.01B,-275.00%,$0.00B,$-0.01B,-275.00%,$0.00B,$-0.02B,-425.00%,$0.00B,$-0.01B,-275.00%,$0.00B,$-0.01B,-275.00%,$-0.01B,$0.08B,-35.48%,$-0.01B,$0.08B,-35.48%,$-0.01B,$0.10B,-22.45%,$-0.01B,$0.08B,-34.38%,$1,$0,$1,$2,$3,$5,$-4,$0,$-4,$0,$-4,$-4,$-4,$-5,$-4,$40,40,$-0.09,$-0.09,$95,$0,$0,$96,$1,$0,$0,$0,$1,$97,$7,$1,$0,$10,$17,$1,$-193,$0,$80,$97,$-12,$-5,$2,$-3,$0,$0,$1,$-1,$1,$-13,$-1,$0,$0,$-14,$0,$-14,$0,$-15,$0,$2,$2,$83,$83,$0,$1,$85,$57,$2,$0
32,2010-09-30,7.24,$0.44,16.47,$0.14,51.05,$-0.88,0.0,$-0.25,0.0,$0.04B,$0.01B,4.67,$0.00B,$0.02B,0.06,$0.00B,$0.00B,100.00%,$0.00B,$-0.01B,-225.00%,$0.00B,$-0.01B,-225.00%,$0.00B,$-0.02B,-375.00%,$0.00B,$-0.01B,-225.00%,$0.00B,$-0.01B,-225.00%,$-0.01B,$0.02B,-72.00%,$-0.01B,$0.02B,-72.00%,$-0.01B,$0.04B,-28.80%,$-0.01B,$0.02B,-66.67%,$1,$0,$1,$3,$2,$5,$-3,$0,$-3,$0,$-3,$-3,$-3,$-5,$-3,$40,40,$-0.08,$-0.08,$35,$0,$0,$35,$1,$0,$0,$0,$1,$36,$8,$1,$0,$11,$18,$0,$-190,$-0,$18,$36,$-8,$-4,$2,$-2,$0,$0,$0,$0,$1,$-9,$-1,$0,$0,$-12,$0,$-12,$0,$-12,$0,$2,$2,$18,$18,$0,$1,$20,$-1,$2,$0
33,2010-06-30,4.4,$0.51,8.61,$0.14,30.55,$-0.91,0.0,$-0.20,0.0,$0.04B,$0.01B,5.06,$0.00B,$0.02B,0.05,$0.00B,$0.00B,100.00%,$0.00B,$-0.01B,-175.00%,$0.00B,$-0.01B,-175.00%,$0.00B,$-0.01B,-300.00%,$0.00B,$-0.01B,-175.00%,$0.00B,$-0.01B,-175.00%,$-0.01B,$0.02B,-71.79%,$-0.01B,$0.02B,-71.79%,$-0.01B,$0.04B,-23.93%,$-0.01B,$0.02B,-66.67%,$1,$0,$1,$2,$2,$4,$-2,$0,$-2,$0,$-2,$-2,$-2,$-5,$-2,$39,39,$-0.06,$-0.06,$38,$0,$0,$38,$1,$0,$0,$0,$1,$39,$8,$1,$0,$11,$19,$0,$-186,$-0,$21,$39,$-5,$-2,$1,$-1,$0,$0,$0,$-0,$1,$-5,$-0,$0,$0,$-11,$0,$-11,$0,$-11,$0,$1,$1,$18,$18,$0,$0,$19,$2,$1,$0
34,2010-03-31,4.45,$0.13,33.66,$0.15,29.55,$-1.01,0.0,$-0.22,0.0,$0.02B,$0.01B,3.17,$0.00B,$0.01B,0.21,$0.00B,$0.00B,100.00%,$0.00B,$-0.01B,-175.00%,$0.00B,$-0.01B,-175.00%,$0.00B,$-0.01B,-275.00%,$0.00B,$-0.01B,-175.00%,$0.00B,$-0.01B,-175.00%,$-0.01B,$0.01B,-112.00%,$-0.01B,$0.01B,-112.00%,$-0.01B,$0.02B,-26.17%,$-0.01B,$0.01B,-103.70%,$1,$0,$1,$2,$2,$3,$-2,$-0,$-2,$0,$-2,$-2,$-2,$-2,$-2,$36,36,$-0.06,$-0.06,$23,$0,$0,$23,$1,$0,$0,$0,$1,$24,$7,$1,$0,$12,$19,$0,$-184,$0,$5,$24,$-2,$0,$1,$1,$0,$0,$0,$-1,$-1,$-3,$-0,$0,$0,$-2,$0,$-2,$0,$-2,$0,$1,$1,$0,$0,$0,$0,$1,$-4,$1,$0
35,2009-12-31,3.39,$0.17,19.76,$0.15,23.03,$-1.15,0.0,$-0.29,0.0,$0.03B,$0.01B,3.88,$0.00B,$0.01B,0.16,$0.00B,$0.00B,100.00%,$0.00B,$-0.01B,-225.00%,$0.00B,$-0.01B,-225.00%,$0.00B,$-0.01B,-350.00%,$0.00B,$-0.01B,-225.00%,$0.00B,$-0.01B,-225.00%,$-0.01B,$0.01B,-189.47%,$-0.01B,$0.01B,-189.47%,$-0.01B,$0.03B,-34.29%,$-0.01B,$0.01B,-180.00%,$1,$0,$1,$1,$2,$3,$-2,$0,$-2,$0,$-2,$-2,$-2,$-3,$-2,$33,33,$-0.04,$-0.04,$25,$0,$0,$25,$0,$0,$0,$0,$0,$26,$7,$1,$1,$13,$20,$0,$-182,$-0,$6,$26,$-9,$-5,$4,$-0,$0,$0,$-1,$-3,$-3,$-13,$-0,$0,$0,$-2,$0,$-2,$0,$-3,$1,$17,$18,$15,$15,$0,$0,$32,$17,$3,$0
36,2009-09-30,2.78,$0.20,13.62,$0.11,26.41,$-1.04,0.0,$-0.32,0.0,$0.03B,$0.01B,3.72,$0.00B,$0.01B,0.0,$0.00B,$0.00B,100.00%,$0.00B,$-0.01B,-300.00%,$0.00B,$-0.01B,-300.00%,$0.00B,$-0.01B,-433.33%,$0.00B,$-0.01B,-300.00%,$0.00B,$-0.01B,-300.00%,$-0.01B,$0.01B,-327.27%,$-0.01B,$0.01B,-360.00%,$-0.01B,$0.03B,-42.35%,$-0.01B,$0.01B,-327.27%,$1,$0,$1,$1,$1,$2,$-1,$0,$-1,$0,$-1,$-1,$-1,$-2,$-1,$35,35,$-0.03,$-0.03,$27,$0,$0,$27,$0,$0,$0,$1,$1,$28,$7,$0,$1,$13,$21,$0,$-180,$0,$7,$28,$-7,$-3,$4,$0,$0,$0,$-0,$-2,$-2,$-9,$-0,$0,$0,$-4,$0,$-4,$0,$-4,$0,$17,$17,$15,$15,$0,$0,$31,$18,$2,$0
37,2009-06-30,2.65,$0.20,13.38,$0.04,58.96,$-1.00,0.0,$-0.40,0.0,$0.03B,$0.01B,3.84,$0.00B,$0.01B,0.0,$0.00B,$0.00B,100.00%,$0.00B,$-0.01B,-1100.00%,$0.00B,$-0.01B,-1100.00%,$0.00B,$-0.01B,-1400.00%,$0.00B,$-0.01B,-1100.00%,$0.00B,$-0.01B,-1100.00%,$-0.01B,$0.01B,-1466.67%,$-0.01B,$0.01B,-2200.00%,$-0.01B,$0.03B,-68.75%,$-0.01B,$0.01B,-1466.67%,$1,$0,$1,$2,$2,$4,$-2,$0,$-2,$0,$-2,$-2,$-2,$-4,$-2,$31,31,$-0.08,$-0.08,$28,$0,$0,$28,$0,$0,$0,$1,$1,$29,$7,$0,$1,$15,$22,$0,$-179,$0,$7,$29,$-6,$-2,$3,$1,$0,$0,$-0,$-2,$-3,$-8,$-0,$0,$0,$-15,$0,$-15,$0,$-16,$0,$17,$17,$14,$14,$0,$-0,$31,$7,$1,$0
38,2009-03-31,1.25,$-0.04,-33.6,$-0.00,0.0,$-0.93,0.0,$-0.40,0.0,$0.02B,$0.01B,2.94,$0.00B,$-0.00B,0.0,$0.00B,0,nan%,$0.00B,$-0.01B,inf%,$0.00B,$-0.01B,inf%,$0.00B,$-0.01B,inf%,$0.00B,$-0.01B,inf%,$0.00B,$-0.01B,inf%,$-0.01B,$-0.00B,2200.00%,$-0.01B,$-0.00B,1466.67%,$-0.01B,$0.02B,-97.78%,$-0.01B,$-0.00B,2200.00%,$1,$0,$1,$0,$5,$5,$-4,$0,$-4,$0,$-4,$-4,$-4,$-5,$-4,$30,30,$-0.13,$-0.13,$21,$0,$0,$21,$0,$0,$0,$1,$1,$22,$7,$0,$1,$16,$23,$0,$-176,$0,$-1,$22,$-4,$-1,$1,$-0,$0,$0,$-1,$-2,$-3,$-7,$-0,$0,$0,$-17,$0,$-17,$0,$-17,$0,$17,$17,$6,$6,$0,$0,$23,$-1,$1,$0
39,2008-12-31,0.57,$-0.09,-6.43,$-0.03,0.0,$-0.81,0.0,$-0.36,0.0,$0.01B,$0.01B,1.02,$0.00B,$-0.00B,0.0,$-0.00B,$-0.00B,100.00%,$-0.00B,$-0.01B,1000.00%,$-0.00B,$-0.01B,1000.00%,$-0.00B,$-0.01B,1100.00%,$-0.00B,$-0.01B,1000.00%,$-0.00B,$-0.01B,1000.00%,$-0.01B,$-0.00B,-1333.33%,$-0.01B,$-0.00B,-2000.00%,$-0.01B,$0.01B,-114.29%,$-0.01B,$-0.00B,-1333.33%,$-0,$0,$-0,$0,$2,$2,$-2,$0,$-2,$0,$-2,$-2,$-2,$-2,$-2,$27,27,$-0.08,$-0.08,$5,$0,$0,$5,$0,$0,$0,$1,$1,$6,$5,$0,$2,$3,$8,$0,$-172,$0,$-2,$6,$-10,$-1,$1,$0,$0,$0,$0,$2,$1,$-8,$0,$-0,$0,$8,$0,$8,$0,$8,$0,$0,$0,$0,$0,$0,$0,$0,$0,$1,$0
40,2008-09-30,0.87,$-0.02,-46.77,$-0.05,0.0,$-0.85,0.0,$-0.43,0.0,$0.01B,$0.01B,1.04,$0.00B,$-0.00B,0.0,$-0.00B,$-0.00B,100.00%,$-0.00B,$-0.01B,600.00%,$-0.00B,$-0.01B,600.00%,$-0.00B,$-0.01B,650.00%,$-0.00B,$-0.01B,600.00%,$-0.00B,$-0.01B,600.00%,$-0.01B,$-0.00B,-436.36%,$-0.01B,$-0.00B,-436.36%,$-0.01B,$0.01B,-109.09%,$-0.01B,$-0.00B,-436.36%,$-1,$0,$-1,$1,$1,$2,$-3,$0,$-3,$0,$-3,$-3,$-3,$-3,$-3,$27,27,$-0.11,$-0.11,$6,$0,$0,$6,$0,$0,$0,$1,$1,$7,$6,$0,$0,$2,$8,$0,$-170,$0,$-1,$7,$-8,$-1,$1,$1,$0,$0,$-0,$2,$1,$-6,$-0,$-0,$0,$8,$0,$8,$0,$8,$0,$0,$0,$0,$0,$0,$0,$0,$2,$1,$0
41,2008-06-30,1.8,$0.08,21.82,$-0.02,0.0,$-0.85,0.0,$-0.48,0.0,$0.01B,$0.01B,1.55,$0.00B,$0.00B,0.0,$-0.00B,$-0.00B,100.00%,$-0.00B,$-0.01B,1300.00%,$-0.00B,$-0.01B,1300.00%,$-0.00B,$-0.02B,1500.00%,$-0.00B,$-0.01B,1300.00%,$-0.00B,$-0.01B,1300.00%,$-0.01B,$0.00B,-236.36%,$-0.01B,$0.00B,-247.62%,$-0.01B,$0.01B,-96.30%,$-0.01B,$0.00B,-236.36%,$-0,$0,$-0,$1,$1,$2,$-2,$0,$-2,$0,$-2,$-2,$-2,$-3,$-2,$27,27,$-0.08,$-0.08,$8,$0,$0,$8,$0,$0,$0,$1,$1,$10,$5,$0,$0,$2,$7,$0,$-167,$0,$2,$10,$-5,$-1,$1,$-0,$0,$0,$0,$1,$-0,$-5,$0,$-0,$0,$6,$0,$6,$0,$6,$0,$0,$0,$0,$0,$0,$0,$0,$1,$1,$0
42,2008-03-31,2.91,$0.15,19.54,$0.03,115.14,$-0.83,0.0,$-0.47,0.0,$0.01B,$0.01B,1.9,$0.00B,$0.00B,0.0,$0.00B,0,nan%,$0.00B,$-0.01B,inf%,$0.00B,$-0.01B,inf%,$0.00B,$-0.02B,inf%,$0.00B,$-0.01B,inf%,$0.00B,$-0.01B,inf%,$-0.01B,$0.00B,-157.58%,$-0.01B,$0.00B,-167.74%,$-0.01B,$0.01B,-82.54%,$-0.01B,$0.00B,-157.58%,$0,$0,$0,$1,$2,$3,$-3,$0,$-3,$0,$-3,$-3,$-3,$-3,$-3,$27,27,$-0.09,$-0.09,$9,$0,$0,$10,$1,$0,$0,$1,$2,$12,$5,$0,$0,$2,$8,$0,$-165,$0,$4,$12,$-3,$-0,$0,$0,$0,$0,$0,$0,$-1,$-3,$0,$-0,$0,$3,$0,$3,$0,$3,$0,$0,$0,$0,$0,$0,$0,$0,$-0,$0,$0
43,2007-12-31,3.22,$0.23,13.9,$0.07,48.01,$-0.81,0.0,$-0.45,0.0,$0.01B,$0.00B,2.92,$0.00B,$0.01B,0.0,$0.00B,$0.00B,100.00%,$0.00B,$-0.01B,-1200.00%,$0.00B,$-0.01B,-1200.00%,$0.00B,$-0.02B,-1500.00%,$0.00B,$-0.01B,-1200.00%,$0.00B,$-0.01B,-1200.00%,$-0.01B,$0.01B,-111.63%,$-0.01B,$0.01B,-120.00%,$-0.01B,$0.02B,-66.67%,$-0.01B,$0.01B,-111.63%,$-1,$0,$-1,$1,$2,$4,$-4,$0,$-4,$0,$-4,$-4,$-4,$-4,$-4,$27,27,$-0.14,$-0.14,$13,$0,$0,$13,$1,$0,$0,$1,$2,$15,$4,$0,$1,$4,$8,$0,$-163,$0,$6,$15,$-12,$-2,$3,$1,$0,$0,$0,$1,$3,$-9,$-0,$-0,$0,$8,$0,$8,$0,$8,$0,$0,$0,$0,$0,$0,$0,$0,$-0,$3,$0
44,2007-09-30,3.39,$0.36,9.41,$0.13,25.33,$-0.95,0.0,$-0.39,0.0,$0.02B,$0.00B,3.92,$0.00B,$0.01B,0.0,$0.00B,$0.00B,100.00%,$0.00B,$-0.01B,-366.67%,$0.00B,$-0.01B,-366.67%,$0.00B,$-0.02B,-500.00%,$0.00B,$-0.01B,-333.33%,$0.00B,$-0.01B,-333.33%,$-0.01B,$0.01B,-76.92%,$-0.01B,$0.01B,-83.33%,$-0.01B,$0.02B,-49.38%,$-0.01B,$0.01B,-84.62%,$0,$0,$0,$1,$3,$5,$-4,$0,$-4,$0,$-4,$-4,$-4,$-5,$-4,$27,27,$-0.16,$-0.16,$15,$0,$0,$15,$1,$0,$0,$1,$2,$17,$4,$0,$0,$3,$7,$0,$-159,$0,$10,$17,$-8,$-2,$3,$1,$0,$0,$0,$0,$1,$-6,$0,$-0,$0,$9,$0,$9,$0,$9,$0,$0,$0,$0,$0,$0,$0,$0,$2,$3,$0
45,2007-06-30,2.89,$0.47,6.21,$0.17,16.69,$-1.08,0.0,$-0.35,0.0,$0.02B,$0.00B,4.99,$0.00B,$0.01B,0.0,$0.00B,$0.00B,100.00%,$0.00B,$-0.01B,-250.00%,$0.00B,$-0.01B,-250.00%,$0.00B,$-0.01B,-350.00%,$0.00B,$-0.01B,-225.00%,$0.00B,$-0.01B,-225.00%,$-0.01B,$0.01B,-61.02%,$-0.01B,$0.01B,-65.45%,$-0.01B,$0.02B,-39.56%,$-0.01B,$0.01B,-67.80%,$1,$0,$1,$1,$2,$3,$-2,$0,$-2,$0,$-2,$-2,$-2,$-3,$-2,$27,27,$-0.07,$-0.07,$17,$0,$0,$17,$1,$0,$1,$1,$2,$19,$3,$0,$0,$3,$7,$0,$-155,$0,$13,$19,$-4,$-2,$1,$-1,$0,$0,$0,$0,$0,$-4,$-0,$-0,$0,$3,$0,$3,$0,$3,$0,$0,$0,$0,$0,$0,$0,$0,$-1,$1,$0
46,2007-03-31,2.68,$0.51,5.3,$0.18,15.06,$-1.19,0.0,$-0.40,0.0,$0.02B,$0.01B,3.05,$0.00B,$0.01B,0.0,$0.00B,$0.00B,100.00%,$0.00B,$-0.01B,-300.00%,$0.00B,$-0.01B,-300.00%,$0.00B,$-0.02B,-375.00%,$0.00B,$-0.01B,-250.00%,$0.00B,$-0.01B,-250.00%,$-0.01B,$0.01B,-61.54%,$-0.01B,$0.01B,-65.57%,$-0.01B,$0.02B,-39.22%,$-0.01B,$0.01B,-73.85%,$1,$0,$1,$1,$2,$3,$-2,$0,$-2,$0,$-2,$-2,$-2,$-3,$-2,$27,27,$-0.07,$-0.07,$19,$0,$0,$19,$1,$0,$1,$1,$2,$21,$6,$0,$0,$1,$8,$0,$-153,$0,$14,$21,$-2,$-1,$0,$-0,$0,$0,$-0,$-0,$-0,$-3,$-0,$-0,$0,$2,$0,$2,$0,$2,$0,$0,$0,$0,$0,$0,$0,$0,$-1,$0,$0
47,2006-12-31,2.83,$0.56,5.07,$0.18,15.77,$-1.26,0.0,$-0.49,0.0,$0.02B,$0.01B,3.37,$0.00B,$0.02B,0.0,$0.00B,$0.00B,100.00%,$0.00B,$-0.01B,-350.00%,$0.00B,$-0.01B,-350.00%,$0.00B,$-0.02B,-425.00%,$0.00B,$-0.01B,-300.00%,$0.00B,$-0.01B,-300.00%,$-0.01B,$0.02B,-65.75%,$-0.01B,$0.01B,-70.59%,$-0.01B,$0.02B,-42.11%,$-0.01B,$0.02B,-76.71%,$1,$0,$1,$1,$2,$4,$-3,$0,$-2,$0,$-2,$-2,$-2,$-4,$-3,$27,27,$-0.09,$-0.09,$21,$0,$0,$21,$1,$0,$1,$1,$2,$24,$6,$0,$0,$3,$9,$0,$-151,$0,$15,$24,$-13,$-3,$3,$-0,$0,$0,$-0,$1,$1,$-12,$-0,$-0,$0,$5,$0,$5,$0,$5,$0,$0,$0,$0,$0,$0,$0,$0,$-7,$3,$0
