,Date,Stock Price,Book Value per Share,Price to Book Ratio,TTM Sales per Share,Price to Sales Ratio,TTM FCF per Share,Price to FCF Ratio,TTM Net EPS,PE Ratio,Current Assets,Current Liabilities,Current Ratio,Long Term Debt,Shareholder's Equity_x,Debt to Equity Ratio,TTM Revenue_x,TTM Gross Profit,Gross Margin,TTM Revenue_y,TTM Operating Income,Operating Margin,TTM Revenue_x,TTM EBIT,EBIT Margin,TTM Revenue_y,TTM EBITDA,EBITDA Margin,TTM Revenue_x,TTM Pre-Tax Income,Pre-Tax Margin,TTM Revenue_y,TTM Net Income_x,Net Margin,TTM Net Income_y,Shareholder's Equity_y,Return on Equity,TTM Net Income_x,Tangible Equity,Return on Tangible Equity,TTM Net Income_y,Total Assets,Return on Assets,TTM Net Income,LT Investments & Debt,Return on Investment,revenue,cost-goods-sold,gross-profit,research-development-expenses,selling-general-administrative-expenses,operating-expenses,operating-income,total-non-operating-income-expense,pre-tax-income,total-provision-income-taxes,income-after-taxes,income-from-continuous-operations,net-income,ebitda,ebit,basic-shares-outstanding,shares-outstanding,eps-basic-net-earnings-per-share,eps-earnings-per-share-diluted,cash-on-hand,inventory,other-current-assets,total-current-assets,net-property-plant-equipment,long-term-investments,goodwill-intangible-assets-total,other-long-term-assets,total-long-term-assets,total-assets,total-current-liabilities,long-term-debt,other-non-current-liabilities,total-long-term-liabilities,total-liabilities,common-stock-net,retained-earnings-accumulated-deficit,comprehensive-income,total-share-holder-equity,total-liabilities-share-holders-equity,net-income-loss,total-depreciation-amortization-cash-flow,other-non-cash-items,total-non-cash-items,change-in-accounts-receivable,change-in-inventories,change-in-accounts-payable,change-in-assets-liabilities,total-change-in-assets-liabilities,cash-flow-from-operating-activities,net-change-in-property-plant-equipment,net-change-in-intangible-assets,net-acquisitions-divestitures,net-change-in-short-term-investments,net-change-in-long-term-investments,net-change-in-investments-total,investing-activities-other,cash-flow-from-investing-activities,net-long-term-debt,net-current-debt,debt-issuance-retirement-net-total,net-common-equity-issued-repurchased,net-total-equity-issued-repurchased,total-common-preferred-stock-dividends-paid,financial-activities-other,cash-flow-from-financial-activities,net-cash-flow,stock-based-compensation,common-stock-dividends-paid
0,2018-09-30,17.72,$3.06,5.78,$2.38,7.45,$2.00,8.84,$1.18,15.02,$0.79B,$0.09B,8.66,$0.01B,$0.92B,0.01,$0.74B,$0.72B,97.04%,$0.74B,$0.36B,48.99%,$0.74B,$0.36B,48.99%,$0.74B,$0.37B,49.66%,$0.74B,$0.37B,50.34%,$0.74B,$0.37B,49.53%,$0.37B,$0.92B,55.63%,$0.37B,$0.85B,61.59%,$0.37B,$1.02B,43.74%,$0.36B,$0.93B,54.47%,$225,$7,$218,$45,$48,$100,$125,$4,$129,$2,$127,$127,$127,$127,$125,$298,312,$0.42,$0.41,$635,$10,$24,$787,$51,$114,$64,$9,$237,$1024,$91,$13,$3,$17,$108,$0,$-1240,$-1,$916,$1024,$330,$3,$31,$34,$-16,$-4,$0,$-36,$-52,$311,$-30,$0,$0,$-137,$12,$-125,$0,$-155,$0,$0,$0,$14,$14,$0,$-3,$11,$167,$28,$0
1,2018-06-30,21.52,$2.60,8.27,$2.15,10.03,$1.45,14.83,$1.03,20.89,$0.69B,$0.10B,6.87,$0.00B,$0.78B,0.0,$0.67B,$0.65B,97.02%,$0.67B,$0.32B,47.69%,$0.67B,$0.32B,47.69%,$0.67B,$0.32B,48.14%,$0.67B,$0.33B,49.18%,$0.67B,$0.32B,47.99%,$0.32B,$0.78B,65.41%,$0.32B,$0.71B,75.19%,$0.32B,$0.91B,43.65%,$0.32B,$0.78B,64.55%,$186,$6,$180,$42,$52,$100,$86,$3,$88,$1,$87,$87,$87,$87,$86,$297,312,$0.29,$0.28,$500,$8,$0,$686,$65,$94,$64,$2,$225,$911,$100,$0,$24,$36,$136,$0,$-1367,$-1,$775,$911,$203,$1,$21,$22,$-86,$-2,$0,$13,$-79,$147,$-15,$0,$0,$-87,$10,$-77,$0,$-92,$0,$0,$0,$10,$10,$0,$-3,$7,$62,$19,$0
2,2018-03-31,22.15,$2.26,9.81,$1.87,11.86,$1.26,17.54,$0.81,27.35,$0.57B,$0.09B,6.67,$0.00B,$0.67B,0.0,$0.58B,$0.57B,97.09%,$0.58B,$0.26B,44.69%,$0.58B,$0.26B,44.69%,$0.58B,$0.26B,45.03%,$0.58B,$0.26B,44.52%,$0.58B,$0.25B,43.32%,$0.25B,$0.67B,75.35%,$0.25B,$0.61B,93.10%,$0.25B,$0.78B,39.58%,$0.26B,$0.67B,76.93%,$212,$6,$207,$38,$53,$96,$116,$2,$118,$3,$116,$116,$116,$117,$116,$296,314,$0.39,$0.37,$427,$8,$32,$566,$45,$97,$64,$3,$209,$775,$85,$0,$17,$20,$105,$0,$-1455,$-1,$670,$775,$116,$0,$9,$9,$-11,$-1,$0,$-39,$-55,$72,$-3,$0,$0,$-29,$6,$-23,$0,$-26,$0,$0,$0,$2,$2,$0,$-2,$-0,$46,$9,$0
3,2017-12-31,30.4,$0.96,31.6,$1.45,20.94,$1.26,24.07,$0.49,62.04,$0.49B,$0.12B,4.21,$0.02B,$0.29B,0.05,$0.45B,$0.44B,96.69%,$0.45B,$0.17B,36.42%,$0.45B,$0.17B,36.42%,$0.45B,$0.17B,36.87%,$0.45B,$0.16B,35.10%,$0.45B,$0.15B,34.00%,$0.15B,$0.29B,77.68%,$0.15B,$0.22B,114.71%,$0.15B,$0.66B,26.00%,$0.17B,$0.30B,81.78%,$120,$4,$116,$32,$46,$83,$37,$1,$39,$0,$38,$38,$38,$38,$37,$294,312,$0.12,$0.12,$388,$7,$0,$485,$26,$64,$64,$17,$170,$655,$115,$15,$2,$255,$370,$0,$-1829,$-0,$285,$655,$154,$1,$15,$17,$-41,$-3,$0,$33,$-7,$166,$-21,$0,$3,$18,$37,$55,$-1,$36,$-186,$0,$-186,$22,$22,$0,$-7,$-170,$31,$24,$0
4,2017-09-30,24.23,$0.81,30.01,$1.38,17.6,$1.63,14.84,$0.49,49.45,$0.47B,$0.11B,4.32,$0.00B,$0.24B,0.0,$0.41B,$0.40B,96.84%,$0.41B,$0.17B,40.63%,$0.41B,$0.17B,40.63%,$0.41B,$0.17B,40.88%,$0.41B,$0.16B,37.71%,$0.41B,$0.15B,36.74%,$0.15B,$0.24B,101.17%,$0.15B,$0.18B,176.61%,$0.15B,$0.61B,26.15%,$0.17B,$0.24B,111.89%,$153,$5,$148,$29,$38,$71,$81,$3,$85,$3,$81,$81,$81,$81,$81,$294,313,$0.28,$0.26,$367,$6,$0,$471,$19,$51,$64,$5,$139,$610,$109,$0,$16,$262,$371,$0,$-1868,$-0,$239,$610,$116,$1,$8,$9,$-49,$-2,$0,$38,$-12,$112,$-3,$0,$0,$18,$40,$59,$0,$55,$-186,$0,$-186,$20,$20,$0,$-3,$-169,$-2,$15,$0
5,2017-06-30,24.63,$0.51,48.71,$1.13,21.76,$1.77,13.92,$0.19,129.63,$0.40B,$0.10B,4.12,$0.00B,$0.15B,0.0,$0.32B,$0.31B,96.88%,$0.32B,$0.09B,29.06%,$0.32B,$0.09B,29.06%,$0.32B,$0.10B,30.00%,$0.32B,$0.06B,18.44%,$0.32B,$0.06B,18.44%,$0.06B,$0.15B,60.51%,$0.06B,$0.09B,174.81%,$0.06B,$0.52B,10.50%,$0.09B,$0.15B,78.81%,$99,$3,$96,$28,$41,$72,$27,$-9,$18,$1,$18,$18,$18,$27,$27,$293,311,$0.06,$0.06,$349,$5,$0,$402,$19,$26,$64,$6,$114,$517,$98,$0,$17,$270,$368,$0,$-1949,$-0,$149,$517,$34,$1,$5,$5,$-3,$-2,$0,$43,$35,$74,$-2,$0,$0,$46,$38,$84,$0,$82,$-186,$0,$-186,$16,$16,$0,$-2,$-172,$-16,$10,$0
6,2017-03-31,21.67,$0.41,52.89,$0.97,22.3,$2.11,10.29,$-0.03,0.0,$0.47B,$0.20B,2.31,$0.00B,$0.12B,0.0,$0.26B,$0.25B,96.89%,$0.26B,$0.04B,15.95%,$0.26B,$0.04B,15.95%,$0.26B,$0.05B,18.29%,$0.26B,$0.01B,2.33%,$0.26B,$0.01B,2.33%,$0.01B,$0.12B,43.64%,$0.01B,$0.06B,-12.00%,$0.01B,$0.59B,1.09%,$0.04B,$0.12B,38.59%,$81,$3,$78,$23,$34,$61,$20,$-3,$17,$0,$17,$17,$17,$21,$20,$291,310,$0.06,$0.05,$424,$3,$0,$468,$3,$47,$64,$5,$119,$587,$202,$0,$4,$265,$467,$0,$-1967,$-0,$120,$587,$17,$0,$7,$7,$7,$0,$0,$45,$44,$69,$-1,$0,$0,$-2,$37,$35,$0,$35,$-80,$0,$-80,$10,$10,$0,$-2,$-72,$31,$5,$0
7,2016-12-31,14.91,$0.31,48.39,$0.78,19.17,$2.57,5.8,$-0.35,0.0,$0.47B,$0.27B,1.75,$0.00B,$0.09B,0.0,$0.19B,$0.19B,97.38%,$0.19B,$-0.03B,-14.66%,$0.19B,$-0.03B,-14.66%,$0.19B,$-0.02B,-10.47%,$0.19B,$-0.07B,-36.65%,$0.19B,$-0.07B,-36.65%,$-0.07B,$0.09B,126.70%,$-0.07B,$0.03B,58.82%,$-0.07B,$0.60B,-13.25%,$-0.03B,$0.09B,-21.92%,$78,$2,$76,$24,$13,$39,$39,$-4,$35,$0,$35,$35,$35,$39,$39,$251,251,$0.17,$0.17,$420,$3,$0,$469,$2,$56,$64,$5,$127,$596,$269,$0,$1,$238,$506,$0,$-1983,$-0,$89,$596,$-70,$9,$42,$52,$-35,$-1,$0,$246,$227,$210,$-2,$0,$2,$-218,$2,$-215,$-2,$-216,$-8,$0,$-8,$28,$28,$0,$-4,$16,$10,$23,$0
8,2016-09-30,12.79,$0.11,114.3,$0.52,24.8,$1.07,11.99,$-0.66,0.0,$0.42B,$0.20B,2.09,$0.08B,$0.03B,2.55,$0.12B,$0.12B,96.75%,$0.12B,$-0.10B,-80.49%,$0.12B,$-0.10B,-80.49%,$0.12B,$-0.07B,-59.35%,$0.12B,$-0.14B,-116.26%,$0.12B,$-0.14B,-116.26%,$-0.14B,$0.03B,126.83%,$-0.14B,$-0.03B,81.02%,$-0.14B,$0.55B,-30.92%,$-0.10B,$0.11B,-56.65%,$62,$2,$60,$20,$32,$55,$7,$-19,$-11,$0,$-11,$-11,$-11,$9,$7,$256,256,$-0.04,$-0.04,$320,$3,$0,$421,$2,$56,$64,$6,$127,$548,$202,$81,$1,$315,$516,$0,$-2018,$-0,$32,$548,$-105,$9,$36,$45,$-85,$-1,$0,$260,$185,$125,$-1,$0,$0,$-158,$5,$-153,$-2,$-156,$-7,$0,$-7,$10,$10,$0,$-3,$-0,$-30,$18,$0
9,2016-06-30,7.81,$-0.81,-9.66,$0.32,24.53,$0.10,78.57,$-0.84,0.0,$0.35B,$0.19B,1.83,$0.29B,$-0.19B,-1.55,$0.07B,$0.07B,94.37%,$0.07B,$-0.14B,-200.00%,$0.07B,$-0.14B,-200.00%,$0.07B,$-0.12B,-164.79%,$0.07B,$-0.18B,-250.70%,$0.07B,$-0.18B,-250.70%,$-0.18B,$-0.19B,127.83%,$-0.18B,$-0.25B,87.68%,$-0.18B,$0.48B,-42.76%,$-0.14B,$0.10B,-63.82%,$36,$2,$35,$23,$36,$61,$-25,$-10,$-35,$0,$-35,$-35,$-35,$-22,$-25,$229,229,$-0.15,$-0.15,$328,$3,$0,$353,$2,$52,$64,$6,$124,$477,$193,$289,$1,$470,$663,$0,$-2035,$0,$-186,$477,$-94,$7,$19,$26,$-12,$-0,$0,$205,$199,$131,$-1,$0,$0,$58,$-199,$-141,$-2,$-144,$0,$0,$0,$3,$3,$0,$-2,$1,$-12,$15,$0
10,2016-03-31,4.0,$-0.68,-5.87,$0.20,19.89,$-0.83,0.0,$-0.90,0.0,$0.34B,$0.10B,3.36,$0.36B,$-0.16B,-2.32,$0.04B,$0.04B,90.70%,$0.04B,$-0.15B,-344.19%,$0.04B,$-0.15B,-344.19%,$0.04B,$-0.13B,-293.02%,$0.04B,$-0.19B,-432.56%,$0.04B,$-0.19B,-432.56%,$-0.19B,$-0.16B,133.09%,$-0.19B,$-0.22B,91.40%,$-0.19B,$0.49B,-51.77%,$-0.15B,$0.21B,-60.78%,$15,$1,$15,$29,$35,$65,$-49,$-10,$-59,$0,$-59,$-59,$-59,$-46,$-49,$228,228,$-0.26,$-0.26,$322,$2,$0,$339,$2,$83,$64,$5,$153,$493,$101,$362,$1,$547,$648,$0,$-1998,$-0,$-156,$493,$-59,$3,$13,$17,$-5,$0,$0,$202,$199,$157,$-1,$0,$0,$-19,$0,$-19,$0,$-20,$0,$0,$0,$0,$0,$0,$-2,$-2,$135,$11,$0
11,2015-12-31,5.64,$-0.62,-9.13,$0.18,31.08,$-1.74,0.0,$-0.81,0.0,$0.18B,$0.05B,3.42,$0.42B,$-0.14B,-2.97,$0.04B,$0.03B,89.19%,$0.04B,$-0.12B,-329.73%,$0.04B,$-0.12B,-329.73%,$0.04B,$-0.10B,-275.68%,$0.04B,$-0.16B,-437.84%,$0.04B,$-0.16B,-437.84%,$-0.16B,$-0.14B,117.82%,$-0.16B,$-0.20B,80.60%,$-0.16B,$0.33B,-52.81%,$-0.12B,$0.28B,-49.34%,$10,$1,$9,$23,$17,$42,$-32,$-6,$-38,$0,$-38,$-38,$-38,$-14,$-32,$209,209,$-0.16,$-0.16,$167,$3,$0,$179,$1,$84,$64,$5,$154,$332,$52,$418,$3,$421,$473,$0,$-1913,$-0,$-141,$332,$-162,$18,$26,$45,$-1,$-0,$0,$-25,$-26,$-141,$1,$0,$0,$35,$0,$35,$14,$50,$-4,$0,$-4,$157,$157,$0,$-1,$152,$61,$22,$0
12,2015-09-30,5.61,$-0.33,-17.09,$0.17,32.66,$-2.28,0.0,$-0.92,0.0,$0.21B,$0.06B,3.71,$0.38B,$-0.07B,-5.12,$0.03B,$0.03B,91.18%,$0.03B,$-0.14B,-400.00%,$0.03B,$-0.14B,-400.00%,$0.03B,$-0.11B,-332.35%,$0.03B,$-0.18B,-514.71%,$0.03B,$-0.18B,-514.71%,$-0.18B,$-0.07B,133.59%,$-0.18B,$-0.14B,89.86%,$-0.18B,$0.36B,-57.47%,$-0.14B,$0.31B,-63.18%,$10,$1,$8,$26,$18,$46,$-36,$-10,$-46,$0,$-46,$-46,$-46,$-35,$-36,$218,218,$-0.21,$-0.21,$198,$2,$0,$207,$1,$82,$64,$9,$156,$363,$56,$380,$2,$382,$437,$0,$-1893,$-0,$-74,$363,$-120,$1,$32,$33,$1,$0,$0,$-7,$-20,$-106,$1,$0,$0,$11,$0,$11,$14,$26,$-4,$0,$-4,$150,$150,$0,$0,$145,$65,$15,$0
13,2015-06-30,3.76,$-0.96,-3.92,$0.16,23.69,$-2.75,0.0,$-1.02,0.0,$0.09B,$0.06B,1.52,$0.37B,$-0.19B,-1.99,$0.03B,$0.03B,96.67%,$0.03B,$-0.15B,-506.67%,$0.03B,$-0.15B,-506.67%,$0.03B,$-0.13B,-426.67%,$0.03B,$-0.19B,-640.00%,$0.03B,$-0.19B,-640.00%,$-0.19B,$-0.19B,150.88%,$-0.19B,$-0.25B,100.66%,$-0.19B,$0.25B,-61.99%,$-0.15B,$0.19B,-79.89%,$8,$1,$7,$25,$13,$39,$-31,$-12,$-43,$0,$-43,$-43,$-43,$-31,$-31,$196,196,$-0.22,$-0.22,$83,$3,$0,$92,$2,$82,$64,$10,$157,$249,$60,$374,$2,$377,$437,$0,$-1846,$-0,$-188,$249,$-79,$1,$19,$19,$1,$-0,$0,$-8,$-14,$-72,$1,$0,$0,$48,$0,$48,$8,$58,$-4,$0,$-4,$0,$0,$0,$0,$-4,$-18,$3,$0
14,2015-03-31,2.57,$-0.75,-3.43,$0.15,16.94,$-3.04,0.0,$-1.18,0.0,$0.13B,$0.06B,2.13,$0.37B,$-0.15B,-2.51,$0.03B,$0.03B,96.55%,$0.03B,$-0.18B,-631.03%,$0.03B,$-0.18B,-631.03%,$0.03B,$-0.16B,-544.83%,$0.03B,$-0.22B,-765.52%,$0.03B,$-0.22B,-765.52%,$-0.22B,$-0.15B,279.25%,$-0.22B,$-0.21B,155.52%,$-0.22B,$0.28B,-62.05%,$-0.18B,$0.22B,-87.25%,$9,$1,$9,$22,$10,$32,$-23,$-12,$-35,$0,$-35,$-35,$-35,$-22,$-23,$196,196,$-0.18,$-0.18,$113,$3,$0,$125,$2,$82,$64,$10,$158,$283,$59,$368,$3,$371,$430,$0,$-1802,$-0,$-147,$283,$-35,$0,$10,$10,$1,$-0,$0,$-18,$-21,$-45,$1,$0,$0,$54,$-13,$41,$8,$50,$-0,$0,$-0,$0,$0,$0,$0,$-0,$5,$2,$0
15,2014-12-31,1.44,$-0.59,-2.46,$0.13,11.13,$-3.19,0.0,$-1.39,0.0,$0.17B,$0.17B,0.98,$0.26B,$-0.12B,-2.3,$0.03B,$0.02B,96.00%,$0.03B,$-0.23B,-900.00%,$0.03B,$-0.23B,-900.00%,$0.03B,$-0.20B,-800.00%,$0.03B,$-0.26B,-1048.00%,$0.03B,$-0.26B,-1048.00%,$-0.26B,$-0.12B,1048.00%,$-0.26B,$-0.18B,296.88%,$-0.26B,$0.32B,-63.67%,$-0.23B,$0.15B,-86.62%,$7,$1,$7,$40,$10,$54,$-46,$-5,$-51,$0,$-51,$-51,$-51,$-25,$-46,$194,194,$-0.25,$-0.25,$156,$2,$0,$167,$2,$82,$64,$8,$156,$323,$170,$264,$4,$268,$438,$0,$-1767,$-0,$-115,$323,$-261,$25,$7,$32,$-1,$1,$0,$3,$-10,$-235,$-0,$0,$1,$133,$0,$133,$12,$146,$-12,$0,$-12,$77,$77,$0,$0,$65,$-24,$10,$0
16,2014-09-30,1.53,$-0.30,-5.1,$0.12,13.29,$-3.07,0.0,$-1.47,0.0,$0.22B,$0.17B,1.27,$0.26B,$-0.06B,-4.5,$0.02B,$0.02B,95.45%,$0.02B,$-0.24B,-1086.36%,$0.02B,$-0.24B,-1086.36%,$0.02B,$-0.23B,-1063.64%,$0.02B,$-0.28B,-1281.82%,$0.02B,$-0.28B,-1281.82%,$-0.28B,$-0.06B,-1392.59%,$-0.28B,$-0.12B,659.65%,$-0.28B,$0.38B,-61.77%,$-0.24B,$0.21B,-73.48%,$6,$1,$6,$44,$10,$58,$-52,$-11,$-63,$0,$-63,$-63,$-63,$-50,$-52,$195,195,$-0.32,$-0.32,$204,$4,$0,$221,$3,$85,$64,$12,$163,$384,$174,$263,$5,$268,$442,$0,$-1709,$0,$-59,$384,$-211,$3,$28,$31,$-1,$-1,$0,$4,$-10,$-185,$1,$0,$0,$103,$0,$103,$12,$116,$-11,$0,$-11,$77,$77,$0,$0,$65,$-4,$8,$0
17,2014-06-30,3.39,$0.02,204.22,$0.11,30.12,$-2.96,0.0,$-1.51,0.0,$0.26B,$0.17B,1.51,$0.26B,$0.00B,80.31,$0.02B,$0.02B,95.24%,$0.02B,$-0.24B,-1157.14%,$0.02B,$-0.24B,-1157.14%,$0.02B,$-0.24B,-1138.10%,$0.02B,$-0.29B,-1361.90%,$0.02B,$-0.29B,-1361.90%,$-0.29B,$0.00B,-419.05%,$-0.29B,$-0.06B,-5720.00%,$-0.29B,$0.44B,-57.26%,$-0.24B,$0.26B,-61.99%,$7,$0,$6,$51,$16,$68,$-62,$-12,$-73,$0,$-73,$-73,$-73,$-61,$-62,$195,195,$-0.38,$-0.38,$246,$3,$0,$259,$4,$96,$64,$19,$182,$441,$172,$260,$5,$266,$437,$0,$-1647,$0,$3,$441,$-148,$1,$20,$21,$-1,$-0,$0,$3,$-3,$-127,$-0,$0,$0,$99,$0,$99,$6,$105,$-11,$0,$-11,$77,$77,$0,$0,$66,$43,$8,$0
18,2014-03-31,3.54,$0.37,9.64,$0.14,24.7,$-2.82,0.0,$-1.47,0.0,$0.30B,$0.07B,4.2,$0.35B,$0.07B,4.89,$0.03B,$0.03B,100.00%,$0.03B,$-0.23B,-892.31%,$0.03B,$-0.23B,-892.31%,$0.03B,$-0.23B,-880.77%,$0.03B,$-0.28B,-1057.69%,$0.03B,$-0.28B,-1057.69%,$-0.28B,$0.07B,-236.05%,$-0.28B,$0.01B,-516.43%,$-0.28B,$0.50B,-50.71%,$-0.23B,$0.42B,-50.54%,$5,$0,$5,$55,$15,$70,$-65,$-10,$-75,$0,$-75,$-75,$-75,$-64,$-65,$192,192,$-0.39,$-0.39,$286,$3,$0,$298,$5,$111,$64,$20,$199,$498,$71,$350,$5,$355,$426,$0,$-1573,$0,$71,$498,$-75,$0,$9,$10,$-1,$0,$0,$2,$-8,$-72,$-0,$0,$0,$54,$0,$54,$6,$60,$-10,$0,$-10,$76,$76,$0,$0,$65,$54,$4,$0
19,2013-12-31,6.13,$0.36,17.08,$0.17,35.98,$-2.75,0.0,$-1.32,0.0,$0.27B,$0.09B,3.04,$0.35B,$0.07B,5.2,$0.03B,$0.03B,96.77%,$0.03B,$-0.20B,-648.39%,$0.03B,$-0.20B,-648.39%,$0.03B,$-0.20B,-638.71%,$0.03B,$-0.25B,-790.32%,$0.03B,$-0.25B,-790.32%,$-0.25B,$0.07B,-150.77%,$-0.25B,$0.00B,-247.47%,$-0.25B,$0.50B,-42.04%,$-0.20B,$0.41B,-40.18%,$4,$0,$4,$50,$14,$64,$-60,$-11,$-71,$0,$-71,$-71,$-71,$-59,$-60,$184,184,$-0.39,$-0.39,$255,$3,$0,$267,$5,$144,$64,$24,$237,$503,$88,$345,$5,$349,$437,$0,$-1499,$0,$66,$503,$-245,$3,$38,$41,$-1,$-3,$0,$-7,$-2,$-199,$-2,$0,$0,$135,$0,$135,$11,$144,$-13,$0,$-13,$2,$2,$0,$0,$-12,$-66,$12,$0
20,2013-09-30,5.82,$0.72,8.07,$0.20,29.76,$-2.43,0.0,$-1.22,0.0,$0.31B,$0.08B,3.93,$0.34B,$0.13B,2.56,$0.04B,$0.03B,97.14%,$0.04B,$-0.18B,-522.86%,$0.04B,$-0.18B,-522.86%,$0.04B,$-0.18B,-514.29%,$0.04B,$-0.23B,-645.71%,$0.04B,$-0.23B,-645.71%,$-0.23B,$0.13B,-102.73%,$-0.23B,$0.07B,-144.41%,$-0.23B,$0.56B,-35.46%,$-0.18B,$0.47B,-32.93%,$5,$0,$5,$47,$14,$61,$-56,$-11,$-67,$0,$-67,$-67,$-67,$-55,$-56,$184,184,$-0.36,$-0.36,$291,$2,$0,$306,$6,$157,$64,$23,$250,$556,$78,$340,$6,$345,$423,$0,$-1428,$0,$133,$556,$-174,$2,$28,$30,$-2,$-2,$0,$-8,$-13,$-151,$-2,$0,$0,$75,$0,$75,$12,$85,$-12,$0,$-12,$1,$1,$0,$0,$-11,$-78,$9,$0
21,2013-06-30,4.54,$1.07,4.26,$0.25,18.46,$-2.11,0.0,$-1.06,0.0,$0.38B,$0.08B,5.03,$0.34B,$0.20B,1.71,$0.04B,$0.04B,97.67%,$0.04B,$-0.15B,-353.49%,$0.04B,$-0.15B,-353.49%,$0.04B,$-0.15B,-346.51%,$0.04B,$-0.19B,-446.51%,$0.04B,$-0.19B,-446.51%,$-0.19B,$0.20B,-70.59%,$-0.19B,$0.13B,-92.09%,$-0.19B,$0.61B,-27.87%,$-0.15B,$0.53B,-25.12%,$12,$0,$12,$49,$13,$63,$-51,$-11,$-62,$0,$-62,$-62,$-62,$-51,$-51,$184,184,$-0.34,$-0.34,$364,$1,$0,$375,$6,$138,$64,$30,$237,$612,$75,$335,$6,$341,$416,$0,$-1361,$-0,$196,$612,$-107,$2,$18,$20,$-1,$-1,$0,$-9,$-11,$-94,$-1,$0,$0,$62,$0,$62,$6,$67,$-12,$0,$-12,$1,$1,$0,$0,$-11,$-38,$6,$0
22,2013-03-31,4.62,$1.39,3.33,$0.23,19.74,$-1.92,0.0,$-0.97,0.0,$0.38B,$0.07B,5.66,$0.33B,$0.26B,1.3,$0.04B,$0.04B,97.44%,$0.04B,$-0.13B,-343.59%,$0.04B,$-0.13B,-343.59%,$0.04B,$-0.13B,-330.77%,$0.04B,$-0.17B,-425.64%,$0.04B,$-0.17B,-425.64%,$-0.17B,$0.26B,-67.00%,$-0.17B,$0.19B,-90.22%,$-0.17B,$0.66B,-26.37%,$-0.13B,$0.59B,-24.77%,$10,$0,$9,$33,$11,$44,$-34,$-11,$-45,$0,$-45,$-45,$-45,$-33,$-34,$184,184,$-0.24,$-0.24,$369,$0,$0,$384,$6,$176,$64,$30,$276,$660,$68,$331,$6,$337,$405,$0,$-1299,$0,$255,$660,$-45,$1,$9,$10,$-1,$-0,$0,$-15,$-21,$-54,$-1,$0,$0,$61,$0,$61,$6,$66,$-11,$0,$-11,$0,$0,$0,$0,$-11,$1,$3,$0
23,2012-12-31,4.57,$1.61,2.83,$0.31,14.66,$-1.72,0.0,$-0.91,0.0,$0.43B,$0.08B,5.29,$0.34B,$0.30B,1.14,$0.05B,$0.05B,100.00%,$0.05B,$-0.12B,-254.17%,$0.05B,$-0.12B,-254.17%,$0.05B,$-0.12B,-243.75%,$0.05B,$-0.15B,-306.25%,$0.05B,$-0.15B,-306.25%,$-0.15B,$0.30B,-67.74%,$-0.15B,$0.23B,-95.77%,$-0.15B,$0.72B,-25.89%,$-0.12B,$0.63B,-25.86%,$8,$0,$8,$32,$10,$50,$-42,$-10,$-52,$0,$-52,$-52,$-52,$-41,$-42,$160,160,$-0.29,$-0.29,$424,$0,$0,$433,$6,$182,$64,$37,$289,$721,$82,$337,$6,$343,$425,$0,$-1254,$-0,$296,$721,$-148,$6,$24,$29,$27,$0,$0,$-41,$-9,$-123,$-1,$0,$0,$-223,$0,$-223,$-36,$-259,$273,$0,$273,$206,$206,$0,$0,$478,$96,$9,$0
24,2012-09-30,4.83,$1.86,2.6,$0.98,4.93,$-2.16,0.0,$-0.28,0.0,$0.49B,$0.09B,5.78,$0.33B,$0.34B,0.96,$0.13B,$0.13B,100.00%,$0.13B,$-0.03B,-21.05%,$0.13B,$-0.03B,-21.05%,$0.13B,$-0.02B,-17.29%,$0.13B,$-0.05B,-35.34%,$0.13B,$-0.05B,-36.84%,$-0.05B,$0.34B,-29.56%,$-0.05B,$0.28B,-48.04%,$-0.05B,$0.76B,-10.09%,$-0.03B,$0.67B,-7.32%,$13,$0,$13,$31,$7,$39,$-25,$-7,$-33,$0,$-33,$-33,$-33,$-24,$-25,$166,166,$-0.20,$-0.20,$485,$0,$0,$493,$6,$162,$64,$37,$269,$763,$85,$329,$8,$336,$422,$0,$-1202,$-0,$341,$763,$-95,$4,$15,$19,$27,$0,$0,$-40,$-11,$-84,$-1,$0,$0,$-123,$0,$-123,$-36,$-160,$274,$0,$274,$205,$205,$0,$0,$479,$235,$6,$0
25,2012-06-30,5.53,$0.67,8.31,$1.87,2.95,$-2.65,0.0,$0.51,10.84,$0.21B,$0.09B,2.37,$0.18B,$0.10B,1.79,$0.25B,$0.25B,100.00%,$0.25B,$0.08B,31.05%,$0.25B,$0.08B,31.05%,$0.25B,$0.08B,33.06%,$0.25B,$0.06B,25.81%,$0.25B,$0.06B,25.00%,$0.06B,$0.10B,76.31%,$0.06B,$0.04B,354.29%,$0.06B,$0.37B,15.58%,$0.08B,$0.28B,29.39%,$8,$0,$8,$33,$7,$41,$-33,$-4,$-36,$0,$-36,$-36,$-36,$-31,$-33,$149,149,$-0.25,$-0.25,$207,$0,$0,$214,$6,$84,$64,$7,$161,$374,$90,$177,$8,$185,$275,$0,$-1169,$0,$99,$374,$-63,$3,$9,$11,$28,$0,$0,$-27,$-1,$-50,$0,$0,$0,$-19,$0,$-19,$0,$-19,$0,$-3,$-3,$66,$66,$0,$0,$63,$-6,$4,$0
26,2012-03-31,5.18,$0.89,5.81,$2.07,2.5,$-2.99,0.0,$0.60,8.63,$0.25B,$0.09B,2.86,$0.18B,$0.13B,1.33,$0.27B,$0.27B,100.00%,$0.27B,$0.09B,33.82%,$0.27B,$0.09B,33.82%,$0.27B,$0.10B,35.66%,$0.27B,$0.08B,29.04%,$0.27B,$0.08B,28.31%,$0.08B,$0.13B,213.89%,$0.08B,$0.07B,-280.00%,$0.08B,$0.41B,18.42%,$0.09B,$0.31B,42.20%,$19,$0,$19,$33,$8,$41,$-22,$-4,$-26,$0,$-26,$-26,$-26,$-21,$-22,$142,142,$-0.18,$-0.18,$243,$0,$0,$250,$7,$84,$64,$7,$163,$413,$87,$177,$8,$193,$280,$0,$-1133,$0,$132,$413,$-26,$1,$4,$6,$28,$0,$0,$-21,$4,$-15,$1,$0,$0,$-53,$0,$-53,$0,$-52,$0,$-2,$-2,$65,$65,$0,$0,$63,$-4,$2,$0
27,2011-12-31,4.74,$0.67,7.08,$2.26,2.1,$-3.28,0.0,$0.54,8.77,$0.23B,$0.09B,2.48,$0.19B,$0.09B,2.05,$0.29B,$0.29B,100.00%,$0.29B,$0.09B,31.14%,$0.29B,$0.09B,31.14%,$0.29B,$0.10B,33.22%,$0.29B,$0.08B,26.99%,$0.29B,$0.08B,26.30%,$0.08B,$0.09B,-533.33%,$0.08B,$0.03B,-97.75%,$0.08B,$0.39B,17.32%,$0.09B,$0.28B,53.41%,$93,$0,$93,$31,$7,$42,$52,$-4,$48,$0,$46,$46,$46,$53,$52,$126,130,$0.40,$0.39,$194,$0,$0,$229,$9,$85,$64,$7,$164,$393,$92,$186,$8,$210,$303,$0,$-1106,$-0,$91,$393,$76,$7,$18,$25,$-24,$0,$0,$-226,$-265,$-159,$1,$0,$3,$-112,$55,$-57,$2,$-51,$-6,$0,$-6,$194,$194,$0,$0,$188,$-23,$12,$0
28,2011-09-30,5.46,$0.02,232.34,$1.92,2.84,$-3.01,0.0,$0.03,182.0,$0.25B,$0.17B,1.47,$0.18B,$0.00B,59.84,$0.24B,$0.24B,100.00%,$0.24B,$0.02B,10.13%,$0.24B,$0.02B,10.13%,$0.24B,$0.03B,13.08%,$0.24B,$0.01B,5.06%,$0.24B,$0.01B,5.06%,$0.01B,$0.00B,-12.77%,$0.01B,$-0.06B,-7.62%,$0.01B,$0.41B,2.79%,$0.02B,$0.19B,27.75%,$128,$0,$128,$37,$8,$49,$80,$-2,$78,$0,$78,$78,$78,$81,$80,$129,131,$0.60,$0.59,$223,$0,$0,$245,$10,$86,$64,$7,$167,$412,$167,$183,$8,$242,$409,$0,$-1153,$-0,$3,$412,$29,$5,$13,$19,$1,$0,$0,$-181,$-182,$-130,$-1,$0,$3,$-93,$0,$-93,$2,$-89,$0,$-4,$-4,$192,$192,$0,$0,$188,$-31,$9,$0
29,2011-06-30,8.96,$-0.63,-14.12,$1.44,6.2,$-3.15,0.0,$-0.64,0.0,$0.28B,$0.19B,1.47,$0.18B,$-0.08B,-2.22,$0.16B,$0.16B,100.00%,$0.16B,$-0.06B,-36.81%,$0.16B,$-0.06B,-36.81%,$0.16B,$-0.05B,-31.90%,$0.16B,$-0.08B,-46.01%,$0.16B,$-0.08B,-46.01%,$-0.08B,$-0.08B,50.25%,$-0.08B,$-0.15B,35.29%,$-0.08B,$0.45B,-17.81%,$-0.06B,$0.10B,-171.43%,$32,$0,$32,$43,$9,$50,$-18,$-3,$-21,$0,$-21,$-21,$-21,$-16,$-18,$128,128,$-0.16,$-0.16,$263,$0,$0,$284,$12,$87,$64,$8,$170,$454,$194,$181,$8,$342,$536,$0,$-1231,$-0,$-82,$454,$-48,$4,$11,$15,$-0,$0,$0,$-55,$-55,$-87,$-1,$0,$0,$-123,$0,$-123,$2,$-121,$0,$-2,$-2,$188,$188,$0,$0,$186,$-22,$6,$0
30,2011-03-31,11.33,$-0.54,-21.07,$1.63,6.94,$-3.20,0.0,$-0.69,0.0,$0.32B,$0.20B,1.64,$0.18B,$-0.07B,-2.62,$0.18B,$0.18B,100.00%,$0.18B,$-0.07B,-37.99%,$0.18B,$-0.07B,-37.99%,$0.18B,$-0.06B,-32.96%,$0.18B,$-0.08B,-43.02%,$0.18B,$-0.08B,-43.02%,$-0.08B,$-0.07B,42.19%,$-0.08B,$-0.13B,31.33%,$-0.08B,$0.50B,-18.67%,$-0.07B,$0.11B,-1133.33%,$36,$0,$36,$46,$9,$60,$-24,$-4,$-27,$0,$-27,$-27,$-27,$-22,$-24,$113,113,$-0.24,$-0.24,$302,$0,$0,$324,$14,$86,$64,$8,$172,$496,$198,$180,$9,$366,$564,$0,$-1210,$-0,$-69,$496,$-27,$2,$6,$8,$0,$0,$0,$-28,$-24,$-43,$-0,$0,$0,$-33,$0,$-33,$2,$-32,$0,$-4,$-4,$183,$183,$0,$0,$179,$105,$4,$0
31,2010-12-31,8.21,$-2.09,-3.93,$1.71,4.81,$-3.31,0.0,$-0.85,0.0,$0.18B,$0.20B,0.92,$0.18B,$-0.23B,-0.78,$0.19B,$0.19B,100.00%,$0.19B,$-0.09B,-49.19%,$0.19B,$-0.09B,-49.19%,$0.19B,$-0.08B,-43.78%,$0.19B,$-0.09B,-50.27%,$0.19B,$-0.09B,-50.27%,$-0.09B,$-0.23B,43.26%,$-0.09B,$-0.29B,33.39%,$-0.09B,$0.36B,-25.87%,$-0.09B,$-0.05B,146.77%,$41,$0,$41,$42,$6,$55,$-14,$-4,$-18,$0,$-18,$-18,$-18,$-12,$-14,$109,109,$-0.16,$-0.16,$163,$0,$0,$183,$16,$87,$64,$10,$177,$361,$200,$178,$9,$389,$589,$0,$-1182,$0,$-228,$361,$-92,$11,$20,$30,$6,$0,$0,$-39,$-42,$-101,$-2,$0,$9,$-27,$0,$-27,$0,$-20,$0,$125,$125,$6,$6,$0,$0,$131,$11,$21,$0
32,2010-09-30,3.92,$-2.00,-1.96,$1.74,2.25,$-2.56,0.0,$-0.96,0.0,$0.19B,$0.20B,0.94,$0.20B,$-0.22B,-0.91,$0.19B,$0.19B,100.00%,$0.19B,$-0.11B,-56.91%,$0.19B,$-0.11B,-56.91%,$0.19B,$-0.10B,-51.06%,$0.19B,$-0.11B,-59.04%,$0.19B,$-0.10B,-55.32%,$-0.10B,$-0.22B,52.26%,$-0.10B,$-0.28B,39.66%,$-0.10B,$0.37B,-29.30%,$-0.11B,$-0.02B,133.75%,$54,$0,$54,$49,$9,$59,$-4,$-4,$-9,$-0,$-9,$-9,$-9,$-2,$-4,$109,109,$-0.08,$-0.08,$167,$0,$0,$192,$19,$87,$64,$11,$181,$373,$204,$198,$23,$387,$590,$0,$-1164,$0,$-218,$373,$-74,$8,$13,$21,$5,$0,$0,$-75,$-72,$-122,$-1,$0,$9,$-33,$0,$-33,$0,$-26,$0,$154,$154,$3,$3,$0,$0,$157,$9,$17,$0
33,2010-06-30,3.47,$-1.98,-1.76,$1.75,1.98,$-1.10,0.0,$-1.12,0.0,$0.24B,$0.22B,1.06,$0.20B,$-0.22B,-0.92,$0.19B,$0.19B,100.00%,$0.19B,$-0.12B,-63.49%,$0.19B,$-0.12B,-63.49%,$0.19B,$-0.11B,-57.14%,$0.19B,$-0.12B,-64.02%,$0.19B,$-0.12B,-63.49%,$-0.12B,$-0.22B,66.57%,$-0.12B,$-0.28B,49.28%,$-0.12B,$0.42B,-32.70%,$-0.12B,$-0.02B,127.66%,$48,$0,$48,$54,$10,$73,$-26,$3,$-23,$0,$-23,$-23,$-23,$-23,$-26,$108,108,$-0.21,$-0.21,$213,$0,$0,$235,$21,$89,$64,$11,$185,$420,$222,$198,$24,$412,$634,$0,$-1156,$0,$-215,$420,$-66,$6,$6,$12,$6,$0,$0,$-28,$-26,$-78,$-1,$0,$9,$-19,$0,$-19,$0,$-11,$0,$157,$157,$3,$3,$0,$0,$160,$70,$11,$0
34,2010-03-31,6.07,$-1.84,-3.31,$1.57,3.86,$-0.89,0.0,$-1.33,0.0,$0.18B,$0.21B,0.84,$0.04B,$-0.20B,-0.19,$0.17B,$0.17B,100.00%,$0.17B,$-0.13B,-78.57%,$0.17B,$-0.13B,-78.57%,$0.17B,$-0.12B,-71.43%,$0.17B,$-0.15B,-86.90%,$0.17B,$-0.14B,-84.52%,$-0.14B,$-0.20B,90.16%,$-0.14B,$-0.26B,64.33%,$-0.14B,$0.28B,-41.13%,$-0.13B,$-0.16B,127.54%,$42,$0,$42,$65,$9,$90,$-47,$4,$-43,$0,$-43,$-43,$-43,$-44,$-47,$108,108,$-0.40,$-0.40,$153,$0,$0,$178,$24,$10,$64,$9,$107,$284,$210,$38,$17,$273,$484,$0,$-1133,$0,$-199,$284,$-43,$3,$5,$8,$5,$0,$0,$-19,$-19,$-54,$-0,$0,$5,$23,$0,$23,$0,$28,$0,$-3,$-3,$1,$1,$0,$0,$-2,$-29,$7,$0
35,2009-12-31,7.37,$-1.52,-4.86,$1.42,5.2,$-0.79,0.0,$-1.27,0.0,$0.23B,$0.21B,1.11,$0.04B,$-0.16B,-0.25,$0.15B,$0.15B,100.00%,$0.15B,$-0.12B,-80.79%,$0.15B,$-0.12B,-80.79%,$0.15B,$-0.11B,-72.19%,$0.15B,$-0.14B,-93.38%,$0.15B,$-0.14B,-89.40%,$-0.14B,$-0.16B,103.85%,$-0.14B,$-0.23B,69.86%,$-0.14B,$0.34B,-37.19%,$-0.12B,$-0.12B,180.74%,$44,$0,$44,$64,$8,$74,$-30,$-6,$-36,$-7,$-29,$-29,$-29,$-27,$-30,$107,107,$-0.26,$-0.26,$203,$0,$0,$230,$29,$11,$64,$9,$113,$343,$207,$40,$17,$300,$507,$0,$-1090,$0,$-164,$343,$-140,$13,$31,$43,$-9,$0,$0,$80,$80,$-15,$-6,$0,$2,$-111,$4,$-106,$-2,$-112,$0,$-38,$-38,$4,$4,$0,$-0,$-34,$-161,$23,$0
36,2009-09-30,6.38,$-1.33,-4.8,$1.29,4.96,$-0.83,0.0,$-1.36,0.0,$0.31B,$0.22B,1.43,$0.07B,$-0.14B,-0.47,$0.14B,$0.14B,100.00%,$0.14B,$-0.13B,-95.62%,$0.14B,$-0.13B,-95.62%,$0.14B,$-0.12B,-86.13%,$0.14B,$-0.15B,-106.57%,$0.14B,$-0.14B,-105.11%,$-0.14B,$-0.14B,139.81%,$-0.14B,$-0.21B,86.49%,$-0.14B,$0.42B,-38.12%,$-0.13B,$-0.08B,406.20%,$55,$0,$55,$60,$9,$72,$-17,$-2,$-19,$7,$-25,$-25,$-25,$-14,$-17,$107,107,$-0.24,$-0.24,$286,$0,$0,$307,$28,$10,$64,$12,$115,$421,$215,$67,$24,$349,$564,$0,$-1061,$0,$-143,$421,$-111,$10,$27,$37,$-8,$0,$0,$116,$109,$36,$-2,$0,$2,$-108,$4,$-104,$-1,$-104,$0,$-11,$-11,$2,$2,$0,$-0,$-9,$-77,$18,$0
37,2009-06-30,4.87,$-1.15,-4.23,$1.06,4.6,$-2.75,0.0,$-1.48,0.0,$0.21B,$0.18B,1.16,$0.07B,$-0.12B,-0.56,$0.11B,$0.11B,100.00%,$0.11B,$-0.16B,-141.96%,$0.11B,$-0.16B,-141.96%,$0.11B,$-0.15B,-129.46%,$0.11B,$-0.17B,-150.00%,$0.11B,$-0.16B,-141.07%,$-0.16B,$-0.12B,213.51%,$-0.16B,$-0.19B,114.70%,$-0.16B,$0.33B,-46.99%,$-0.16B,$-0.05B,-2446.15%,$27,$0,$27,$55,$9,$65,$-38,$-10,$-48,$-1,$-47,$-47,$-45,$-35,$-38,$107,107,$-0.42,$-0.42,$196,$0,$0,$214,$31,$12,$64,$13,$120,$333,$184,$69,$24,$272,$457,$0,$-1035,$0,$-124,$333,$-85,$6,$20,$26,$-4,$0,$0,$11,$4,$-55,$-1,$0,$0,$-38,$4,$-33,$-1,$-35,$0,$-8,$-8,$2,$2,$0,$-0,$-5,$-95,$12,$0
38,2009-03-31,4.6,$-0.84,-5.51,$1.09,4.22,$-3.36,0.0,$-1.49,0.0,$0.23B,$0.18B,1.31,$0.07B,$-0.09B,-0.81,$0.12B,$0.12B,100.00%,$0.12B,$-0.17B,-147.83%,$0.12B,$-0.17B,-147.83%,$0.12B,$-0.16B,-134.78%,$0.12B,$-0.17B,-146.09%,$0.12B,$-0.16B,-137.39%,$-0.16B,$-0.09B,380.72%,$-0.16B,$-0.15B,149.76%,$-0.16B,$0.36B,-47.55%,$-0.17B,$-0.02B,-346.94%,$25,$0,$25,$55,$9,$62,$-37,$-2,$-38,$0,$-38,$-38,$-36,$-33,$-37,$106,106,$-0.34,$-0.34,$218,$0,$0,$230,$33,$15,$64,$13,$125,$355,$176,$72,$23,$268,$444,$0,$-991,$0,$-89,$355,$-38,$3,$5,$8,$-2,$0,$0,$-3,$-13,$-42,$-0,$0,$0,$-1,$2,$1,$-1,$-0,$0,$-4,$-4,$0,$0,$0,$0,$-4,$-46,$5,$0
39,2008-12-31,5.02,$-0.53,-9.49,$1.12,4.49,$-3.38,0.0,$-1.54,0.0,$0.27B,$0.19B,1.43,$0.08B,$-0.06B,-1.33,$0.12B,$0.12B,100.00%,$0.12B,$-0.18B,-152.54%,$0.12B,$-0.18B,-152.54%,$0.12B,$-0.17B,-139.83%,$0.12B,$-0.18B,-148.31%,$0.12B,$-0.16B,-138.14%,$-0.16B,$-0.06B,1762.16%,$-0.16B,$-0.12B,222.53%,$-0.16B,$0.40B,-48.48%,$-0.18B,$0.02B,-202.25%,$30,$0,$30,$57,$9,$69,$-39,$-1,$-41,$0,$-41,$-45,$-38,$-36,$-39,$105,105,$-0.36,$-0.36,$262,$0,$0,$272,$36,$18,$64,$12,$130,$402,$190,$75,$23,$268,$458,$0,$-955,$0,$-56,$402,$-176,$13,$18,$32,$0,$0,$0,$126,$133,$-10,$-15,$0,$9,$108,$16,$124,$3,$121,$0,$-4,$-4,$4,$4,$0,$0,$1,$112,$23,$0
40,2008-09-30,6.08,$-0.26,-23.82,$1.13,5.36,$-4.02,0.0,$-1.37,0.0,$0.12B,$0.12B,0.99,$0.11B,$-0.03B,-3.95,$0.12B,$0.12B,100.00%,$0.12B,$-0.18B,-157.26%,$0.12B,$-0.18B,-157.26%,$0.12B,$-0.17B,-144.44%,$0.12B,$-0.16B,-133.33%,$0.12B,$-0.15B,-123.93%,$-0.15B,$-0.03B,-637.36%,$-0.15B,$-0.09B,351.52%,$-0.15B,$0.26B,-42.80%,$-0.18B,$0.08B,-142.64%,$30,$0,$30,$66,$9,$75,$-45,$3,$-41,$0,$-41,$-41,$-39,$-41,$-45,$106,106,$-0.36,$-0.36,$109,$0,$0,$117,$39,$21,$64,$14,$137,$255,$119,$106,$27,$163,$282,$0,$-917,$0,$-27,$255,$-135,$10,$13,$22,$-0,$0,$0,$-58,$-52,$-164,$-5,$0,$0,$78,$12,$91,$2,$88,$0,$2,$2,$2,$2,$0,$0,$4,$-71,$17,$0
41,2008-06-30,5.0,$0.06,89.93,$1.12,4.46,$-2.83,0.0,$-1.15,0.0,$0.17B,$0.13B,1.3,$0.11B,$0.01B,18.77,$0.11B,$0.11B,100.00%,$0.11B,$-0.18B,-159.65%,$0.11B,$-0.18B,-159.65%,$0.11B,$-0.17B,-147.37%,$0.11B,$-0.14B,-120.18%,$0.11B,$-0.12B,-105.26%,$-0.12B,$0.01B,-236.45%,$-0.12B,$-0.06B,857.14%,$-0.12B,$0.32B,-31.58%,$-0.18B,$0.12B,-117.04%,$30,$0,$30,$69,$10,$79,$-49,$0,$-48,$0,$-48,$-48,$-45,$-45,$-49,$105,105,$-0.43,$-0.43,$159,$0,$0,$174,$39,$25,$64,$15,$143,$317,$134,$110,$26,$177,$311,$0,$-878,$1,$6,$317,$-94,$7,$11,$18,$-0,$0,$0,$-34,$-32,$-107,$-12,$0,$0,$39,$9,$48,$2,$38,$0,$6,$6,$2,$2,$0,$0,$9,$-60,$11,$0
42,2008-03-31,6.95,$0.38,18.33,$1.14,6.12,$-1.84,0.0,$-1.01,0.0,$0.25B,$0.13B,1.85,$0.10B,$0.04B,2.58,$0.11B,$0.11B,100.00%,$0.11B,$-0.17B,-151.33%,$0.11B,$-0.17B,-151.33%,$0.11B,$-0.16B,-140.71%,$0.11B,$-0.13B,-110.62%,$0.11B,$-0.10B,-92.04%,$-0.10B,$0.04B,-191.71%,$-0.10B,$-0.02B,866.67%,$-0.10B,$0.37B,-26.41%,$-0.17B,$0.14B,-108.92%,$28,$0,$28,$66,$9,$75,$-47,$2,$-45,$0,$-45,$-41,$-41,$-43,$-47,$105,105,$-0.39,$-0.39,$229,$0,$0,$246,$36,$18,$64,$7,$125,$371,$133,$103,$26,$198,$331,$0,$-833,$1,$40,$371,$-45,$3,$6,$9,$-3,$0,$0,$-2,$-3,$-39,$-5,$0,$0,$29,$3,$33,$2,$29,$0,$-4,$-4,$0,$0,$0,$0,$-4,$-14,$6,$0
43,2007-12-31,8.63,$0.69,12.54,$1.16,7.43,$-0.99,0.0,$-0.87,0.0,$0.28B,$0.13B,2.14,$0.11B,$0.07B,1.47,$0.11B,$0.11B,100.00%,$0.11B,$-0.16B,-138.94%,$0.11B,$-0.16B,-138.94%,$0.11B,$-0.15B,-130.09%,$0.11B,$-0.11B,-98.23%,$0.11B,$-0.09B,-76.99%,$-0.09B,$0.07B,-161.86%,$-0.09B,$0.01B,621.43%,$-0.09B,$0.41B,-21.42%,$-0.16B,$0.18B,-99.84%,$29,$0,$29,$60,$12,$72,$-43,$20,$-22,$0,$-22,$-45,$-20,$-40,$-43,$99,99,$-0.19,$-0.19,$272,$0,$0,$284,$35,$21,$64,$9,$128,$412,$133,$106,$25,$207,$340,$0,$-792,$0,$72,$412,$-111,$11,$-17,$-5,$18,$0,$0,$5,$47,$-68,$-18,$0,$35,$-47,$24,$-23,$2,$-3,$0,$0,$0,$84,$84,$0,$0,$84,$12,$20,$0
44,2007-09-30,10.59,$0.81,13.05,$1.21,8.76,$-0.78,0.0,$-0.95,0.0,$0.29B,$0.12B,2.44,$0.10B,$0.09B,1.18,$0.11B,$0.11B,100.00%,$0.11B,$-0.15B,-129.82%,$0.11B,$-0.15B,-129.82%,$0.11B,$-0.14B,-120.18%,$0.11B,$-0.12B,-106.14%,$0.11B,$-0.09B,-80.70%,$-0.09B,$0.09B,-187.76%,$-0.09B,$0.02B,454.32%,$-0.09B,$0.42B,-22.89%,$-0.15B,$0.19B,-96.73%,$27,$0,$27,$59,$11,$69,$-43,$21,$-22,$0,$-22,$-14,$-14,$-40,$-43,$99,99,$-0.14,$-0.14,$276,$0,$0,$294,$36,$14,$66,$10,$126,$420,$120,$100,$24,$215,$335,$0,$-772,$1,$85,$420,$-66,$8,$-26,$-18,$18,$0,$0,$4,$40,$-44,$4,$0,$0,$-32,$16,$-16,$2,$-10,$0,$-9,$-9,$81,$81,$0,$0,$72,$18,$15,$0
45,2007-06-30,12.1,$0.20,59.58,$1.22,9.94,$-1.13,0.0,$-1.11,0.0,$0.24B,$0.12B,2.08,$0.10B,$0.02B,5.19,$0.11B,$0.11B,100.00%,$0.11B,$-0.14B,-123.42%,$0.11B,$-0.14B,-123.42%,$0.11B,$-0.12B,-111.71%,$0.11B,$-0.13B,-117.12%,$0.11B,$-0.10B,-92.79%,$-0.10B,$0.02B,-452.75%,$-0.10B,$-0.05B,217.99%,$-0.10B,$0.37B,-28.24%,$-0.14B,$0.12B,-107.87%,$29,$0,$29,$56,$11,$68,$-38,$2,$-36,$0,$-36,$-29,$-29,$-36,$-38,$97,97,$-0.29,$-0.29,$229,$0,$0,$241,$35,$16,$70,$11,$131,$372,$116,$103,$23,$236,$352,$0,$-758,$1,$20,$372,$-53,$5,$-4,$1,$19,$0,$0,$17,$47,$-4,$-9,$0,$0,$-17,$10,$-6,$1,$-15,$0,$-6,$-6,$8,$8,$0,$0,$2,$-18,$10,$0
46,2007-03-31,9.94,$0.39,25.32,$1.24,8.02,$-1.32,0.0,$-1.11,0.0,$0.29B,$0.13B,2.3,$0.11B,$0.04B,2.78,$0.11B,$0.11B,100.00%,$0.11B,$-0.13B,-118.35%,$0.11B,$-0.13B,-118.35%,$0.11B,$-0.11B,-104.59%,$0.11B,$-0.12B,-113.76%,$0.11B,$-0.10B,-89.91%,$-0.10B,$0.04B,-544.44%,$-0.10B,$-0.03B,188.46%,$-0.10B,$0.42B,-28.14%,$-0.13B,$0.14B,-105.31%,$28,$0,$28,$50,$11,$61,$-33,$3,$-31,$0,$-31,$-24,$-24,$-31,$-33,$96,96,$-0.25,$-0.25,$278,$0,$0,$289,$32,$18,$70,$11,$131,$421,$126,$106,$22,$257,$383,$0,$-729,$1,$38,$421,$-24,$3,$-2,$1,$18,$0,$0,$43,$68,$45,$-4,$0,$0,$-25,$4,$-21,$-0,$-25,$0,$-2,$-2,$3,$3,$0,$0,$1,$20,$5,$0
47,2006-12-31,9.0,$0.55,16.44,$1.16,7.73,$-1.65,0.0,$-1.18,0.0,$0.26B,$0.11B,2.35,$0.11B,$0.05B,2.06,$0.10B,$0.10B,100.00%,$0.10B,$-0.13B,-128.28%,$0.10B,$-0.13B,-128.28%,$0.10B,$-0.11B,-110.10%,$0.10B,$-0.12B,-125.25%,$0.10B,$-0.10B,-102.02%,$-0.10B,$0.05B,-841.67%,$-0.10B,$-0.02B,174.14%,$-0.10B,$0.40B,-30.84%,$-0.13B,$0.16B,-108.78%,$30,$0,$30,$52,$11,$64,$-34,$2,$-32,$0,$-32,$-25,$-25,$-30,$-34,$87,87,$-0.26,$-0.26,$234,$0,$0,$262,$32,$20,$70,$11,$133,$395,$111,$108,$20,$231,$343,$0,$-705,$1,$53,$395,$-101,$17,$-4,$13,$-15,$0,$0,$45,$43,$-45,$-12,$0,$0,$8,$-21,$-13,$3,$-22,$-0,$-27,$-27,$97,$97,$0,$40,$109,$42,$18,$0
