,Date,Stock Price,Book Value per Share,Price to Book Ratio,TTM Sales per Share,Price to Sales Ratio,TTM FCF per Share,Price to FCF Ratio,TTM Net EPS,PE Ratio,Current Assets,Current Liabilities,Current Ratio,Long Term Debt,Shareholder's Equity_x,Debt to Equity Ratio,TTM Revenue_x,TTM Gross Profit,Gross Margin,TTM Revenue_y,TTM Operating Income,Operating Margin,TTM Revenue_x,TTM EBIT,EBIT Margin,TTM Revenue_y,TTM EBITDA,EBITDA Margin,TTM Revenue_x,TTM Pre-Tax Income,Pre-Tax Margin,TTM Revenue_y,TTM Net Income_x,Net Margin,TTM Net Income_y,Shareholder's Equity_y,Return on Equity,TTM Net Income_x,Tangible Equity,Return on Tangible Equity,TTM Net Income_y,Total Assets,Return on Assets,TTM Net Income,LT Investments & Debt,Return on Investment,revenue,cost-goods-sold,gross-profit,research-development-expenses,selling-general-administrative-expenses,operating-expenses,operating-income,total-non-operating-income-expense,pre-tax-income,total-provision-income-taxes,income-after-taxes,income-from-continuous-operations,net-income,ebitda,ebit,basic-shares-outstanding,shares-outstanding,eps-basic-net-earnings-per-share,eps-earnings-per-share-diluted,cash-on-hand,inventory,other-current-assets,total-current-assets,net-property-plant-equipment,long-term-investments,goodwill-intangible-assets-total,other-long-term-assets,total-long-term-assets,total-assets,total-current-liabilities,long-term-debt,other-non-current-liabilities,total-long-term-liabilities,total-liabilities,common-stock-net,retained-earnings-accumulated-deficit,comprehensive-income,total-share-holder-equity,total-liabilities-share-holders-equity,net-income-loss,total-depreciation-amortization-cash-flow,other-non-cash-items,total-non-cash-items,change-in-accounts-receivable,change-in-inventories,change-in-accounts-payable,change-in-assets-liabilities,total-change-in-assets-liabilities,cash-flow-from-operating-activities,net-change-in-property-plant-equipment,net-change-in-intangible-assets,net-acquisitions-divestitures,net-change-in-short-term-investments,net-change-in-long-term-investments,net-change-in-investments-total,investing-activities-other,cash-flow-from-investing-activities,net-long-term-debt,net-current-debt,debt-issuance-retirement-net-total,net-common-equity-issued-repurchased,net-total-equity-issued-repurchased,total-common-preferred-stock-dividends-paid,financial-activities-other,cash-flow-from-financial-activities,net-cash-flow,stock-based-compensation,common-stock-dividends-paid
0,2018-09-30,2.31,$1.12,2.06,$1.24,1.87,$-0.42,0.0,$-0.04,0.0,$0.08B,$0.02B,3.66,$0.00B,$0.15B,0.0,$0.16B,$0.05B,33.33%,$0.16B,$-0.01B,-6.29%,$0.16B,$-0.01B,-6.29%,$0.16B,$0.03B,16.35%,$0.16B,$-0.01B,-6.92%,$0.16B,$-0.01B,-3.77%,$-0.01B,$0.15B,-4.08%,$-0.01B,$0.15B,-4.08%,$-0.01B,$0.18B,-3.38%,$-0.01B,$0.15B,-6.80%,$38,$28,$10,$4,$1,$48,$-10,$2,$-8,$-3,$-5,$-5,$-5,$3,$-10,$129,129,$-0.04,$-0.04,$29,$12,$0,$79,$90,$0,$0,$1,$97,$176,$22,$0,$8,$9,$31,$457,$-320,$0,$145,$176,$-9,$31,$-0,$31,$-2,$-3,$0,$0,$-5,$17,$-33,$0,$0,$0,$0,$0,$0,$-33,$0,$0,$0,$6,$6,$0,$0,$6,$-10,$2,$0
1,2018-06-30,3.12,$1.14,2.73,$1.26,2.48,$-0.46,0.0,$0.01,312.0,$0.08B,$0.02B,3.68,$0.00B,$0.15B,0.0,$0.16B,$0.06B,34.16%,$0.16B,$0.00B,1.24%,$0.16B,$0.00B,1.24%,$0.16B,$0.03B,18.63%,$0.16B,$-0.00B,-1.24%,$0.16B,0,0.00%,$0.00B,$0.15B,0.00%,$0.00B,$0.15B,0.00%,$0.00B,$0.18B,0.00%,$0.00B,$0.15B,1.37%,$39,$24,$15,$4,$3,$42,$-3,$-3,$-6,$-0,$-6,$-6,$-6,$5,$-3,$128,128,$-0.04,$-0.04,$31,$13,$0,$81,$92,$0,$0,$1,$97,$178,$22,$0,$8,$9,$31,$453,$-315,$0,$147,$178,$-3,$18,$1,$19,$-1,$-1,$0,$-0,$-3,$12,$-23,$0,$0,$0,$0,$0,$0,$-23,$0,$0,$0,$2,$2,$0,$1,$3,$-7,$1,$0
2,2018-03-31,2.43,$1.17,2.08,$1.21,2.01,$-0.50,0.0,$0.05,48.6,$0.09B,$0.02B,4.39,$0.00B,$0.15B,0.0,$0.16B,$0.05B,31.61%,$0.16B,$0.00B,2.58%,$0.16B,$0.00B,2.58%,$0.16B,$0.03B,18.06%,$0.16B,$0.00B,2.58%,$0.16B,$0.01B,3.87%,$0.01B,$0.15B,4.13%,$0.01B,$0.15B,4.13%,$0.01B,$0.18B,3.34%,$0.00B,$0.15B,2.75%,$40,$26,$15,$2,$2,$41,$-1,$2,$1,$-1,$2,$2,$2,$9,$-1,$127,128,$0.02,$0.02,$37,$12,$0,$86,$90,$0,$0,$1,$92,$178,$20,$0,$8,$9,$29,$451,$-311,$0,$149,$178,$2,$10,$-1,$9,$-1,$0,$0,$-0,$-4,$8,$-11,$0,$0,$0,$0,$0,$0,$-11,$0,$0,$0,$0,$0,$0,$1,$1,$-2,$0,$0
3,2017-12-31,2.39,$1.15,2.08,$1.18,2.03,$-0.48,0.0,$0.08,29.88,$0.09B,$0.02B,3.98,$0.00B,$0.15B,0.0,$0.15B,$0.05B,30.46%,$0.15B,$0.01B,5.30%,$0.15B,$0.01B,5.30%,$0.15B,$0.03B,17.22%,$0.15B,$0.01B,5.30%,$0.15B,$0.01B,6.62%,$0.01B,$0.15B,6.99%,$0.01B,$0.15B,6.99%,$0.01B,$0.18B,5.52%,$0.01B,$0.15B,5.59%,$42,$28,$13,$2,$2,$38,$4,$-2,$2,$-1,$3,$3,$3,$9,$4,$127,128,$0.02,$0.02,$39,$13,$0,$88,$89,$0,$0,$1,$90,$179,$22,$0,$8,$10,$32,$451,$-313,$0,$147,$179,$10,$17,$-3,$14,$-9,$1,$0,$0,$-8,$16,$-40,$0,$0,$0,$0,$0,$0,$-40,$0,$-9,$-9,$0,$0,$0,$-1,$-9,$-34,$3,$0
4,2017-09-30,2.38,$1.12,2.12,$1.09,2.18,$-0.26,0.0,$0.02,119.0,$0.09B,$0.02B,3.92,$0.00B,$0.14B,0.0,$0.14B,$0.04B,29.71%,$0.14B,$0.00B,1.45%,$0.14B,$0.00B,1.45%,$0.14B,$0.02B,12.32%,$0.14B,$0.00B,1.45%,$0.14B,$0.00B,1.45%,$0.00B,$0.14B,1.43%,$0.00B,$0.14B,1.43%,$0.00B,$0.18B,1.10%,$0.00B,$0.14B,1.43%,$40,$27,$12,$3,$2,$38,$2,$-1,$1,$0,$1,$1,$1,$7,$2,$127,128,$0.01,$0.01,$44,$14,$0,$94,$85,$0,$0,$1,$87,$181,$24,$0,$8,$14,$38,$451,$-316,$0,$143,$181,$7,$12,$-0,$12,$-10,$0,$0,$1,$-9,$10,$-32,$0,$0,$0,$0,$0,$0,$-32,$0,$-8,$-8,$0,$0,$0,$-0,$-8,$-29,$2,$0
5,2017-06-30,3.05,$1.11,2.75,$1.11,2.75,$-0.00,0.0,$0.05,61.0,$0.10B,$0.02B,4.08,$0.00B,$0.14B,0.0,$0.14B,$0.05B,33.57%,$0.14B,$0.01B,7.14%,$0.14B,$0.01B,7.14%,$0.14B,$0.02B,16.43%,$0.14B,$0.01B,6.43%,$0.14B,$0.01B,5.00%,$0.01B,$0.14B,5.11%,$0.01B,$0.14B,5.11%,$0.01B,$0.18B,3.87%,$0.01B,$0.14B,7.29%,$33,$23,$9,$4,$3,$33,$-1,$1,$0,$0,$-0,$-0,$-0,$3,$-1,$127,127,$0.00,$0.00,$52,$15,$0,$100,$79,$0,$0,$1,$80,$180,$24,$0,$8,$14,$38,$451,$-317,$0,$142,$180,$6,$8,$-0,$7,$-5,$-1,$0,$0,$-8,$5,$-21,$0,$0,$0,$0,$0,$0,$-21,$0,$-5,$-5,$0,$0,$0,$-0,$-5,$-20,$2,$0
6,2017-03-31,3.18,$1.10,2.89,$1.24,2.56,$0.12,27.06,$0.06,53.0,$0.11B,$0.03B,3.72,$0.00B,$0.14B,0.0,$0.15B,$0.06B,36.84%,$0.15B,$0.02B,12.50%,$0.15B,$0.02B,12.50%,$0.15B,$0.03B,21.05%,$0.15B,$0.02B,9.87%,$0.15B,$0.01B,5.92%,$0.01B,$0.14B,7.02%,$0.01B,$0.14B,7.02%,$0.01B,$0.18B,5.14%,$0.02B,$0.14B,14.67%,$36,$24,$12,$3,$2,$34,$3,$2,$5,$-1,$6,$6,$6,$7,$3,$127,129,$0.05,$0.05,$71,$13,$0,$112,$71,$0,$0,$1,$73,$184,$30,$0,$8,$15,$45,$450,$-317,$0,$140,$184,$6,$4,$-1,$3,$-1,$1,$0,$0,$1,$10,$-9,$0,$0,$0,$0,$0,$0,$-9,$0,$-3,$-3,$0,$0,$0,$-0,$-3,$-2,$0,$0
7,2016-12-31,3.52,$1.05,3.36,$1.35,2.6,$0.06,59.76,$0.03,117.33,$0.11B,$0.03B,3.56,$0.00B,$0.13B,0.0,$0.16B,$0.06B,35.44%,$0.16B,$0.02B,12.03%,$0.16B,$0.02B,12.03%,$0.16B,$0.03B,20.89%,$0.16B,$0.01B,8.23%,$0.16B,$0.01B,3.16%,$0.01B,$0.13B,4.60%,$0.01B,$0.13B,4.60%,$0.01B,$0.18B,3.16%,$0.02B,$0.13B,17.27%,$29,$21,$8,$5,$1,$30,$-2,$-2,$-4,$1,$-5,$-5,$-5,$0,$-2,$118,119,$-0.04,$-0.04,$72,$13,$0,$113,$66,$0,$0,$1,$67,$181,$32,$0,$8,$15,$47,$450,$-323,$0,$133,$181,$4,$14,$6,$20,$-2,$3,$0,$0,$-1,$23,$-20,$0,$0,$0,$1,$1,$0,$-19,$0,$-14,$-14,$66,$66,$0,$-3,$48,$52,$3,$0
8,2016-09-30,5.13,$1.06,4.86,$1.53,3.35,$0.00,0.0,$-1.26,0.0,$0.12B,$0.03B,4.01,$0.00B,$0.13B,0.01,$0.17B,$0.06B,34.30%,$0.17B,$0.02B,9.88%,$0.17B,$0.02B,9.88%,$0.17B,$0.04B,23.26%,$0.17B,$-0.12B,-71.51%,$0.17B,$-0.13B,-73.26%,$-0.13B,$0.13B,-142.78%,$-0.13B,$0.13B,-142.78%,$-0.13B,$0.18B,-89.20%,$0.02B,$0.13B,18.99%,$42,$24,$18,$2,$3,$32,$10,$-2,$8,$2,$6,$6,$6,$13,$10,$125,127,$0.04,$0.04,$83,$12,$0,$122,$56,$0,$0,$1,$57,$179,$31,$2,$8,$16,$47,$444,$-318,$0,$133,$179,$9,$12,$4,$16,$-2,$4,$0,$1,$-1,$24,$-13,$0,$0,$0,$1,$1,$0,$-12,$0,$-11,$-11,$66,$66,$0,$-3,$52,$63,$3,$0
9,2016-06-30,3.95,$0.89,4.45,$1.62,2.44,$-0.08,0.0,$-1.44,0.0,$0.10B,$0.03B,3.39,$0.00B,$0.11B,0.04,$0.17B,$0.05B,30.64%,$0.17B,$0.01B,3.47%,$0.17B,$0.01B,3.47%,$0.17B,$0.04B,20.81%,$0.17B,$-0.14B,-80.92%,$0.17B,$-0.15B,-84.39%,$-0.15B,$0.11B,-143.84%,$-0.15B,$0.11B,-143.84%,$-0.15B,$0.16B,-91.97%,$0.01B,$0.11B,5.85%,$45,$27,$18,$2,$3,$37,$8,$-2,$6,$4,$2,$2,$2,$12,$8,$113,115,$0.01,$0.01,$57,$13,$0,$102,$53,$0,$0,$1,$54,$157,$30,$4,$8,$19,$49,$422,$-323,$0,$107,$157,$4,$9,$4,$13,$-7,$4,$0,$1,$-9,$7,$-7,$0,$0,$0,$1,$1,$0,$-7,$0,$-8,$-8,$46,$46,$0,$-2,$36,$36,$2,$0
10,2016-03-31,2.46,$0.58,4.28,$1.70,1.45,$-0.03,0.0,$-1.46,0.0,$0.07B,$0.04B,1.77,$0.00B,$0.06B,0.0,$0.18B,$0.05B,29.55%,$0.18B,0,0.00%,$0.18B,0,0.00%,$0.18B,$0.04B,19.89%,$0.18B,$-0.15B,-82.39%,$0.18B,$-0.15B,-84.66%,$-0.15B,$0.06B,-120.65%,$-0.15B,$0.06B,-120.65%,$-0.15B,$0.12B,-80.54%,$0.00B,$0.06B,0.00%,$42,$30,$12,$1,$2,$38,$3,$0,$3,$1,$2,$2,$2,$8,$3,$105,105,$0.02,$0.02,$20,$16,$0,$67,$47,$0,$0,$1,$48,$115,$38,$0,$8,$15,$53,$378,$-326,$0,$62,$115,$2,$5,$0,$6,$-4,$0,$0,$-0,$-10,$-3,$-3,$0,$0,$0,$1,$1,$0,$-3,$0,$-3,$-3,$9,$9,$0,$-1,$5,$-0,$0,$0
11,2015-12-31,1.42,$0.50,2.87,$1.81,0.79,$-0.02,0.0,$-1.47,0.0,$0.07B,$0.05B,1.36,$0.00B,$0.05B,0.0,$0.19B,$0.06B,32.43%,$0.19B,$0.00B,1.62%,$0.19B,$0.00B,1.62%,$0.19B,$0.04B,23.78%,$0.19B,$-0.14B,-76.76%,$0.19B,$-0.15B,-81.08%,$-0.15B,$0.05B,-95.69%,$-0.15B,$0.05B,-95.69%,$-0.15B,$0.11B,-67.64%,$0.00B,$0.05B,1.91%,$43,$32,$11,$2,$2,$46,$-4,$-135,$-140,$-3,$-136,$-136,$-136,$7,$-4,$102,102,$-1.33,$-1.33,$21,$17,$0,$65,$48,$0,$0,$1,$49,$114,$48,$0,$8,$15,$63,$369,$-327,$-0,$51,$114,$-150,$41,$145,$41,$-5,$3,$0,$0,$-3,$33,$-36,$0,$0,$0,$0,$0,$0,$-36,$0,$-7,$0,$1,$1,$0,$-1,$-7,$-11,$3,$0
12,2015-09-30,1.55,$0.00,0.0,$1.87,0.83,$-0.02,0.0,$-0.81,0.0,$0.06B,$0.04B,1.5,$0.00B,$0.19B,0.0,$0.19B,$0.06B,32.98%,$0.19B,$0.00B,1.57%,$0.19B,$0.00B,1.57%,$0.19B,$0.04B,23.04%,$0.19B,$-0.09B,-46.60%,$0.19B,$-0.08B,-42.41%,$-0.08B,$0.19B,-42.19%,$-0.08B,$0.19B,-42.19%,$-0.08B,$0.25B,-31.18%,$0.00B,$0.19B,1.56%,$43,$30,$12,$1,$2,$44,$-1,$-8,$-9,$5,$-14,$-14,$-14,$9,$-1,$102,102,$-0.14,$-0.14,$24,$19,$2,$61,$0,$0,$0,$1,$5,$249,$41,$0,$7,$22,$63,$368,$-191,$0,$186,$249,$-14,$30,$13,$43,$3,$2,$0,$1,$-2,$27,$-27,$0,$0,$0,$0,$0,$0,$-27,$0,$-7,$-7,$0,$0,$0,$-1,$-8,$-8,$2,$0
13,2015-06-30,1.99,$0.00,0.0,$1.84,1.08,$-0.04,0.0,$-0.78,0.0,$0.07B,$0.05B,1.6,$0.00B,$0.20B,0.0,$0.19B,$0.06B,33.51%,$0.19B,$-0.01B,-3.19%,$0.19B,$-0.01B,-3.19%,$0.19B,$0.04B,21.28%,$0.19B,$-0.09B,-49.47%,$0.19B,$-0.08B,-41.49%,$-0.08B,$0.20B,-37.19%,$-0.08B,$0.20B,-37.19%,$-0.08B,$0.26B,-27.25%,$-0.01B,$0.20B,-2.86%,$48,$31,$17,$2,$3,$46,$2,$-1,$1,$2,$-1,$-1,$-1,$11,$2,$102,102,$-0.01,$-0.01,$33,$19,$2,$71,$0,$0,$0,$1,$8,$262,$45,$0,$7,$22,$67,$368,$-177,$0,$195,$262,$0,$20,$4,$24,$3,$2,$0,$0,$-1,$23,$-18,$0,$0,$0,$0,$0,$0,$-18,$0,$-4,$-4,$-0,$-0,$0,$0,$-4,$1,$2,$0
14,2015-03-31,1.9,$0.00,0.0,$1.91,0.99,$0.01,188.12,$-0.77,0.0,$0.07B,$0.05B,1.55,$0.00B,$0.20B,0.0,$0.20B,$0.07B,33.85%,$0.20B,$-0.01B,-4.62%,$0.20B,$-0.01B,-4.62%,$0.20B,$0.04B,21.54%,$0.20B,$-0.10B,-49.23%,$0.20B,$-0.08B,-39.49%,$-0.08B,$0.20B,-33.77%,$-0.08B,$0.20B,-33.77%,$-0.08B,$0.26B,-24.60%,$-0.01B,$0.20B,-3.95%,$51,$31,$20,$1,$2,$45,$6,$-1,$6,$4,$1,$1,$1,$17,$6,$102,102,$0.01,$0.01,$27,$19,$2,$72,$0,$0,$0,$1,$8,$262,$47,$0,$7,$20,$67,$368,$-178,$0,$195,$262,$1,$11,$2,$12,$-3,$2,$0,$0,$-10,$4,$-9,$0,$0,$0,$0,$0,$0,$-9,$0,$0,$0,$0,$0,$0,$-0,$-0,$-5,$0,$0
15,2014-12-31,2.16,$1.89,1.15,$1.93,1.12,$0.13,16.53,$-0.74,0.0,$0.08B,$0.06B,1.39,$0.00B,$0.19B,0.0,$0.20B,$0.07B,36.55%,$0.20B,$-0.01B,-4.06%,$0.20B,$-0.01B,-4.06%,$0.20B,$0.05B,23.35%,$0.20B,$-0.10B,-49.24%,$0.20B,$-0.07B,-37.56%,$-0.07B,$0.19B,-30.11%,$-0.07B,$0.19B,-30.11%,$-0.07B,$0.27B,-21.76%,$-0.01B,$0.19B,-3.26%,$49,$34,$14,$3,$5,$53,$-4,$-83,$-87,$-20,$-67,$-67,$-67,$7,$-4,$102,102,$-0.67,$-0.67,$32,$22,$3,$76,$564,$0,$0,$1,$571,$266,$55,$0,$6,$19,$74,$368,$-179,$-5,$192,$266,$-75,$55,$49,$55,$3,$1,$0,$1,$9,$39,$-42,$0,$0,$0,$-0,$0,$-0,$-42,$0,$0,$-4,$4,$4,$0,$-1,$-1,$-4,$4,$0
16,2014-09-30,4.37,$0.00,0.0,$2.14,2.04,$0.04,109.52,$-1.23,0.0,$0.09B,$0.05B,1.8,$0.00B,$0.26B,0.0,$0.22B,$0.09B,39.35%,$0.22B,$0.00B,0.93%,$0.22B,$0.00B,0.93%,$0.22B,$0.06B,28.24%,$0.22B,$-0.14B,-66.67%,$0.22B,$-0.12B,-56.94%,$-0.12B,$0.26B,-46.99%,$-0.12B,$0.26B,-46.99%,$-0.12B,$0.36B,-33.68%,$0.00B,$0.26B,0.76%,$40,$29,$12,$5,$2,$50,$-10,$-3,$-13,$-1,$-11,$-11,$-11,$5,$-10,$102,102,$-0.11,$-0.11,$30,$27,$3,$90,$0,$0,$0,$1,$1,$355,$50,$0,$7,$48,$97,$366,$-121,$0,$257,$355,$-8,$43,$0,$43,$0,$0,$0,$0,$-7,$28,$-30,$0,$0,$0,$0,$0,$-0,$-30,$0,$-6,$0,$0,$3,$0,$-1,$-3,$-6,$0,$0
17,2014-06-30,5.46,$0.00,0.0,$2.41,2.26,$-0.21,0.0,$-1.00,0.0,$0.10B,$0.05B,1.89,$0.00B,$0.27B,0.0,$0.24B,$0.11B,43.03%,$0.24B,$0.03B,11.07%,$0.24B,$0.03B,11.07%,$0.24B,$0.08B,34.43%,$0.24B,$-0.12B,-47.13%,$0.24B,$-0.10B,-40.98%,$-0.10B,$0.27B,-34.60%,$-0.10B,$0.27B,-35.81%,$-0.10B,$0.37B,-24.75%,$0.03B,$0.27B,9.34%,$55,$35,$20,$3,$4,$56,$-1,$-0,$-2,$-1,$-0,$-0,$-0,$13,$-1,$101,102,$0.00,$0.00,$46,$24,$2,$99,$0,$0,$0,$1,$1,$369,$52,$0,$7,$49,$101,$365,$-109,$0,$268,$369,$4,$29,$0,$29,$0,$0,$0,$0,$0,$31,$-20,$0,$0,$0,$0,$0,$0,$-20,$0,$-4,$0,$0,$0,$0,$3,$-1,$9,$0,$0
18,2014-03-31,4.31,$0.00,0.0,$2.59,1.66,$-0.63,0.0,$-1.00,0.0,$0.10B,$0.05B,1.92,$0.00B,$0.27B,0.0,$0.26B,$0.11B,43.08%,$0.26B,$0.03B,12.31%,$0.26B,$0.03B,12.31%,$0.26B,$0.09B,34.23%,$0.26B,$-0.11B,-42.31%,$0.26B,$-0.10B,-38.46%,$-0.10B,$0.27B,-32.23%,$-0.10B,$0.27B,-34.42%,$-0.10B,$0.37B,-22.86%,$0.03B,$0.27B,10.31%,$53,$27,$26,$2,$3,$46,$7,$-2,$5,$1,$4,$4,$4,$21,$7,$100,101,$0.04,$0.04,$46,$27,$2,$97,$0,$0,$0,$1,$1,$370,$50,$0,$7,$54,$104,$365,$-109,$0,$266,$370,$4,$14,$0,$14,$0,$0,$0,$0,$-1,$17,$-9,$0,$0,$0,$0,$0,$0,$-9,$0,$0,$-1,$0,$3,$0,$-0,$1,$9,$0,$0
19,2013-12-31,3.63,$0.00,0.0,$2.76,1.32,$-0.90,0.0,$-0.91,0.0,$0.09B,$0.06B,1.59,$0.00B,$0.26B,0.0,$0.28B,$0.12B,42.96%,$0.28B,$0.04B,14.08%,$0.28B,$0.04B,14.08%,$0.28B,$0.09B,33.94%,$0.28B,$-0.10B,-34.66%,$0.28B,$-0.09B,-32.49%,$-0.09B,$0.26B,-27.11%,$-0.09B,$0.26B,-29.78%,$-0.09B,$0.37B,-19.02%,$0.04B,$0.26B,11.75%,$68,$41,$27,$2,$2,$62,$6,$-140,$-134,$-18,$-116,$-116,$-116,$22,$6,$100,100,$-1.16,$-1.16,$36,$24,$3,$87,$0,$0,$0,$1,$1,$367,$55,$0,$7,$56,$111,$358,$-113,$0,$256,$367,$-89,$54,$0,$54,$0,$0,$0,$0,$-5,$77,$-89,$0,$0,$0,$0,$5,$-0,$-83,$0,$24,$0,$0,$1,$0,$-1,$23,$16,$0,$0
20,2013-09-30,4.3,$0.00,0.0,$2.75,1.56,$-0.68,0.0,$0.40,10.75,$0.09B,$0.06B,1.42,$0.00B,$0.37B,0.0,$0.28B,$0.12B,44.93%,$0.28B,$0.05B,16.30%,$0.28B,$0.05B,16.30%,$0.28B,$0.10B,34.42%,$0.28B,$0.06B,19.93%,$0.28B,$0.04B,14.86%,$0.04B,$0.37B,11.61%,$0.04B,$0.33B,13.08%,$0.04B,$0.51B,8.18%,$0.05B,$0.37B,12.75%,$68,$36,$32,$2,$3,$53,$15,$1,$16,$4,$12,$12,$12,$28,$15,$100,101,$0.12,$0.12,$27,$32,$3,$91,$0,$0,$39,$1,$40,$510,$64,$0,$7,$79,$144,$358,$3,$0,$366,$510,$26,$38,$0,$38,$0,$0,$0,$0,$-12,$51,$-79,$0,$0,$0,$0,$5,$-0,$-74,$0,$30,$0,$0,$0,$0,$-1,$30,$7,$0,$0
21,2013-06-30,3.43,$0.00,0.0,$2.60,1.32,$-0.23,0.0,$0.28,12.25,$0.09B,$0.07B,1.23,$0.00B,$0.35B,0.0,$0.26B,$0.12B,45.77%,$0.26B,$0.05B,17.31%,$0.26B,$0.05B,17.31%,$0.26B,$0.09B,33.85%,$0.26B,$0.05B,17.31%,$0.26B,$0.03B,11.15%,$0.03B,$0.35B,8.45%,$0.03B,$0.31B,9.26%,$0.03B,$0.50B,6.05%,$0.05B,$0.35B,13.12%,$71,$45,$27,$5,$4,$67,$4,$-2,$3,$3,$-0,$-0,$-0,$18,$4,$100,100,$0.00,$0.00,$24,$28,$8,$90,$0,$0,$39,$1,$40,$503,$73,$0,$7,$78,$151,$358,$-10,$0,$353,$503,$14,$25,$0,$25,$0,$0,$0,$0,$-9,$29,$-60,$0,$0,$0,$0,$5,$0,$-56,$0,$30,$0,$0,$0,$0,$-0,$30,$4,$0,$0
22,2013-03-31,6.22,$0.00,0.0,$2.33,2.67,$0.30,21.01,$0.34,18.29,$0.12B,$0.08B,1.55,$0.00B,$0.35B,0.0,$0.23B,$0.12B,51.09%,$0.23B,$0.06B,24.02%,$0.23B,$0.06B,24.02%,$0.23B,$0.09B,38.43%,$0.23B,$0.05B,23.58%,$0.23B,$0.04B,16.16%,$0.04B,$0.35B,11.82%,$0.04B,$0.31B,12.62%,$0.04B,$0.51B,8.72%,$0.06B,$0.35B,17.57%,$70,$37,$33,$4,$3,$56,$14,$5,$19,$4,$14,$14,$14,$26,$14,$100,102,$0.14,$0.13,$31,$40,$15,$118,$0,$0,$39,$1,$40,$513,$76,$0,$13,$84,$161,$358,$-9,$0,$353,$513,$14,$12,$0,$12,$0,$0,$0,$0,$-16,$10,$-29,$0,$0,$0,$0,$5,$0,$-24,$0,$0,$0,$0,$0,$0,$24,$24,$10,$0,$0
23,2012-12-31,7.89,$0.00,0.0,$2.18,3.62,$0.70,11.29,$0.43,18.35,$0.10B,$0.05B,2.07,$0.00B,$0.34B,0.0,$0.21B,$0.12B,55.77%,$0.21B,$0.06B,28.85%,$0.21B,$0.06B,28.85%,$0.21B,$0.09B,43.27%,$0.21B,$0.06B,28.85%,$0.21B,$0.04B,20.67%,$0.04B,$0.34B,15.32%,$0.04B,$0.30B,15.87%,$0.04B,$0.48B,11.81%,$0.06B,$0.34B,21.37%,$67,$35,$32,$4,$6,$55,$12,$5,$17,$2,$15,$15,$15,$23,$12,$99,99,$0.15,$0.15,$27,$41,$10,$98,$0,$0,$39,$1,$41,$478,$47,$0,$20,$90,$137,$357,$-25,$0,$340,$478,$42,$30,$0,$30,$0,$0,$0,$0,$-7,$76,$-66,$0,$0,$0,$0,$22,$-100,$-144,$0,$0,$-1,$0,$2,$0,$9,$10,$-57,$0,$0
24,2012-09-30,9.98,$0.00,0.0,$1.78,5.61,$0.63,15.87,$0.25,39.92,$0.10B,$0.03B,2.85,$0.00B,$0.33B,0.0,$0.16B,$0.10B,60.38%,$0.16B,$0.05B,30.19%,$0.16B,$0.05B,30.19%,$0.16B,$0.07B,44.65%,$0.16B,$0.04B,26.42%,$0.16B,$0.03B,16.35%,$0.03B,$0.33B,10.58%,$0.03B,$0.33B,10.58%,$0.03B,$0.42B,8.47%,$0.05B,$0.33B,19.53%,$52,$24,$27,$3,$3,$37,$15,$-9,$6,$6,$0,$0,$0,$21,$15,$98,99,$0.00,$0.00,$27,$43,$5,$95,$0,$0,$0,$2,$2,$424,$33,$0,$26,$65,$98,$357,$-39,$0,$326,$424,$27,$19,$0,$19,$0,$0,$0,$0,$-6,$56,$-40,$0,$-100,$0,$0,$22,$0,$-118,$0,$0,$0,$0,$3,$0,$-0,$2,$-58,$0,$0
25,2012-06-30,8.12,$0.00,0.0,$1.70,4.77,$0.69,11.8,$0.29,28.0,$0.18B,$0.02B,11.24,$0.00B,$0.23B,0.0,$0.15B,$0.10B,66.44%,$0.15B,$0.05B,33.56%,$0.15B,$0.05B,33.56%,$0.15B,$0.07B,48.63%,$0.15B,$0.05B,30.82%,$0.15B,$0.03B,19.86%,$0.03B,$0.23B,13.73%,$0.03B,$0.23B,13.73%,$0.03B,$0.28B,11.07%,$0.05B,$0.23B,23.20%,$40,$16,$25,$2,$4,$27,$14,$-2,$12,$5,$8,$8,$8,$18,$14,$88,91,$0.09,$0.06,$128,$33,$5,$175,$0,$0,$0,$1,$1,$282,$16,$0,$9,$33,$49,$266,$-39,$0,$233,$282,$27,$13,$0,$13,$0,$0,$0,$0,$-2,$41,$-21,$0,$0,$0,$0,$19,$0,$-3,$0,$0,$0,$0,$1,$0,$0,$1,$40,$0,$0
26,2012-03-31,9.48,$0.00,0.0,$1.67,5.69,$0.66,14.41,$0.43,22.05,$0.17B,$0.02B,11.76,$0.00B,$0.22B,0.0,$0.14B,$0.10B,67.61%,$0.14B,$0.05B,34.51%,$0.14B,$0.05B,34.51%,$0.14B,$0.07B,50.00%,$0.14B,$0.06B,39.44%,$0.14B,$0.04B,26.76%,$0.04B,$0.22B,19.41%,$0.04B,$0.22B,19.41%,$0.04B,$0.27B,15.28%,$0.05B,$0.22B,25.03%,$49,$17,$32,$2,$3,$30,$19,$6,$25,$5,$20,$20,$20,$28,$19,$88,91,$0.23,$0.22,$132,$33,$5,$173,$0,$0,$0,$1,$1,$273,$15,$0,$13,$34,$49,$263,$-47,$0,$224,$273,$20,$9,$0,$9,$0,$0,$0,$0,$2,$29,$-9,$0,$0,$0,$0,$5,$-0,$-5,$0,$0,$0,$0,$1,$0,$0,$1,$26,$0,$0
27,2011-12-31,9.71,$0.00,0.0,$1.55,6.27,$0.53,18.28,$0.22,44.14,$0.16B,$0.01B,12.33,$0.00B,$0.20B,0.0,$0.13B,$0.09B,69.53%,$0.13B,$0.05B,37.50%,$0.13B,$0.05B,37.50%,$0.13B,$0.07B,50.78%,$0.13B,$0.04B,28.13%,$0.13B,$0.02B,14.06%,$0.02B,$0.20B,10.34%,$0.02B,$0.20B,10.34%,$0.02B,$0.25B,7.72%,$0.05B,$0.20B,27.59%,$18,$6,$12,$3,$4,$17,$0,$-1,$-1,$1,$-2,$-2,$-2,$4,$0,$64,64,$-0.03,$-0.03,$110,$34,$4,$155,$0,$0,$0,$1,$1,$249,$13,$0,$16,$37,$49,$259,$-67,$0,$200,$249,$19,$17,$0,$17,$0,$0,$0,$0,$-15,$49,$-47,$0,$0,$0,$0,$-13,$0,$-60,$0,$0,$0,$0,$20,$0,$-0,$20,$7,$0,$0
28,2011-09-30,8.98,$0.00,0.0,$1.68,5.35,$0.54,16.71,$0.33,27.21,$0.16B,$0.01B,11.6,$0.00B,$0.19B,0.0,$0.14B,$0.09B,68.12%,$0.14B,$0.06B,40.58%,$0.14B,$0.06B,40.58%,$0.14B,$0.07B,53.62%,$0.14B,$0.05B,33.33%,$0.14B,$0.03B,18.84%,$0.03B,$0.19B,15.88%,$0.03B,$0.19B,15.88%,$0.03B,$0.24B,11.93%,$0.06B,$0.19B,34.20%,$39,$11,$28,$3,$4,$23,$16,$-7,$9,$6,$3,$3,$3,$21,$16,$85,88,$0.04,$0.04,$123,$21,$0,$159,$0,$0,$0,$1,$1,$244,$14,$0,$23,$43,$57,$247,$-66,$0,$188,$244,$21,$13,$0,$13,$0,$0,$0,$0,$-8,$50,$-30,$0,$0,$0,$0,$-8,$0,$-38,$0,$0,$0,$0,$15,$0,$0,$15,$27,$0,$0
29,2011-06-30,8.4,$0.00,0.0,$1.54,5.44,$0.13,63.54,$0.29,28.97,$0.15B,$0.02B,9.9,$0.00B,$0.17B,0.0,$0.12B,$0.08B,63.03%,$0.12B,$0.04B,35.29%,$0.12B,$0.04B,35.29%,$0.12B,$0.06B,49.58%,$0.12B,$0.04B,32.77%,$0.12B,$0.02B,19.33%,$0.02B,$0.17B,16.28%,$0.02B,$0.17B,16.28%,$0.02B,$0.23B,12.25%,$0.04B,$0.17B,29.73%,$36,$12,$24,$3,$4,$23,$14,$9,$23,$6,$17,$17,$17,$18,$14,$84,89,$0.20,$0.20,$119,$18,$0,$149,$0,$0,$0,$1,$1,$229,$15,$0,$26,$43,$58,$232,$-69,$0,$171,$229,$17,$8,$0,$8,$0,$0,$0,$0,$-6,$36,$-19,$0,$0,$0,$0,$-18,$0,$-37,$0,$0,$0,$0,$9,$0,$0,$9,$10,$0,$0
30,2011-03-31,9.82,$0.00,0.0,$1.45,6.77,$-0.16,0.0,$0.08,122.75,$0.14B,$0.02B,9.17,$0.00B,$0.14B,0.0,$0.10B,$0.06B,58.25%,$0.10B,$0.03B,29.13%,$0.10B,$0.03B,29.13%,$0.10B,$0.05B,44.66%,$0.10B,$0.02B,16.50%,$0.10B,$0.01B,5.83%,$0.01B,$0.14B,4.97%,$0.01B,$0.14B,4.97%,$0.01B,$0.21B,3.75%,$0.03B,$0.14B,24.49%,$35,$10,$25,$1,$2,$18,$18,$-12,$5,$5,$0,$0,$0,$22,$18,$81,83,$0.01,$0.01,$106,$15,$0,$136,$0,$0,$0,$1,$1,$211,$15,$0,$44,$59,$74,$214,$-86,$0,$137,$211,$0,$4,$0,$4,$0,$0,$0,$0,$-5,$15,$-7,$0,$0,$0,$0,$-14,$0,$-21,$0,$0,$0,$0,$5,$0,$0,$5,$-0,$0,$0
31,2010-12-31,7.34,$0.00,0.0,$1.32,5.54,$-0.29,0.0,$0.10,73.4,$0.12B,$0.01B,8.89,$0.00B,$0.16B,0.0,$0.09B,$0.04B,51.16%,$0.09B,$0.02B,17.44%,$0.09B,$0.02B,17.44%,$0.09B,$0.03B,34.88%,$0.09B,$0.02B,17.44%,$0.09B,$0.01B,9.30%,$0.01B,$0.16B,7.41%,$0.01B,$0.16B,7.41%,$0.01B,$0.19B,5.91%,$0.02B,$0.16B,13.42%,$28,$11,$17,$1,$3,$20,$8,$1,$9,$4,$6,$6,$6,$13,$8,$63,71,$0.09,$0.08,$88,$13,$0,$115,$0,$0,$0,$1,$1,$188,$13,$0,$16,$16,$29,$183,$-40,$0,$159,$188,$7,$15,$0,$15,$0,$0,$0,$0,$-1,$33,$-30,$0,$0,$0,$0,$-18,$0,$-48,$0,$0,$0,$0,$57,$0,$-1,$56,$41,$0,$0
32,2010-09-30,4.03,$0.00,0.0,$1.39,2.91,$-0.42,0.0,$0.08,50.38,$0.05B,$0.01B,5.62,$0.00B,$0.10B,0.0,$0.08B,$0.04B,48.78%,$0.08B,$0.01B,14.63%,$0.08B,$0.01B,14.63%,$0.08B,$0.03B,31.71%,$0.08B,$0.01B,15.85%,$0.08B,$0.01B,6.10%,$0.01B,$0.10B,5.65%,$0.01B,$0.10B,5.65%,$0.01B,$0.12B,4.36%,$0.01B,$0.10B,12.70%,$20,$11,$9,$1,$2,$18,$2,$1,$2,$2,$0,$0,$0,$6,$2,$66,66,$0.00,$0.00,$20,$11,$0,$52,$0,$0,$0,$1,$1,$123,$9,$0,$16,$16,$25,$128,$-45,$0,$98,$123,$1,$10,$0,$10,$0,$0,$0,$0,$-10,$11,$-23,$0,$0,$0,$0,$2,$-0,$-21,$0,$0,$0,$0,$3,$0,$-1,$2,$-7,$0,$0
33,2010-06-30,3.38,$0.00,0.0,$1.27,2.67,$-0.43,0.0,$0.05,67.6,$0.05B,$0.01B,5.61,$0.01B,$0.09B,0.08,$0.07B,$0.03B,47.22%,$0.07B,$0.01B,12.50%,$0.07B,$0.01B,12.50%,$0.07B,$0.02B,29.17%,$0.07B,$0.01B,12.50%,$0.07B,$0.00B,5.56%,$0.00B,$0.09B,5.11%,$0.00B,$0.09B,5.11%,$0.00B,$0.12B,3.86%,$0.01B,$0.10B,10.43%,$20,$10,$9,$1,$3,$18,$2,$-1,$1,$2,$-0,$-0,$-0,$5,$2,$62,62,$-0.01,$-0.01,$23,$9,$0,$52,$0,$0,$0,$4,$4,$118,$9,$7,$13,$20,$29,$117,$-45,$0,$89,$118,$1,$6,$0,$6,$0,$0,$0,$0,$-8,$6,$-13,$0,$0,$0,$0,$0,$0,$-13,$0,$0,$0,$0,$2,$0,$-1,$1,$-5,$0,$0
34,2010-03-31,3.21,$0.00,0.0,$1.11,2.89,$-0.45,0.0,$0.02,160.5,$0.05B,$0.01B,7.62,$0.01B,$0.09B,0.09,$0.06B,$0.03B,46.67%,$0.06B,$0.01B,8.33%,$0.06B,$0.01B,8.33%,$0.06B,$0.02B,28.33%,$0.06B,$0.01B,11.67%,$0.06B,$0.00B,3.33%,$0.00B,$0.09B,2.85%,$0.00B,$0.09B,2.85%,$0.00B,$0.11B,2.14%,$0.01B,$0.09B,6.37%,$18,$9,$9,$1,$2,$15,$3,$0,$3,$2,$2,$2,$2,$6,$3,$61,61,$0.03,$0.03,$27,$8,$0,$49,$0,$0,$0,$4,$4,$112,$6,$8,$12,$20,$26,$115,$-45,$0,$86,$112,$2,$3,$0,$3,$0,$0,$0,$0,$-5,$3,$-6,$0,$0,$0,$0,$-1,$0,$-7,$0,$0,$0,$0,$1,$0,$-0,$1,$-3,$0,$0
35,2009-12-31,3.64,$0.00,0.0,$0.98,3.71,$-0.53,0.0,$-0.04,0.0,$0.05B,$0.01B,7.19,$0.01B,$0.08B,0.1,$0.05B,$0.02B,44.00%,$0.05B,$0.00B,2.00%,$0.05B,$0.00B,2.00%,$0.05B,$0.01B,24.00%,$0.05B,$0.00B,4.00%,$0.05B,$-0.00B,-4.00%,$-0.00B,$0.08B,-3.16%,$-0.00B,$0.08B,-3.16%,$-0.00B,$0.11B,-2.38%,$0.00B,$0.09B,1.44%,$24,$11,$13,$1,$2,$19,$5,$2,$7,$4,$3,$3,$3,$9,$5,$52,52,$0.06,$0.06,$29,$6,$0,$45,$0,$0,$0,$4,$4,$106,$6,$8,$10,$18,$25,$112,$-47,$0,$81,$106,$-2,$11,$0,$11,$0,$0,$0,$0,$-3,$12,$-17,$0,$0,$0,$0,$-2,$-0,$-19,$0,$0,$11,$0,$22,$0,$-4,$30,$23,$0,$0
36,2009-09-30,2.8,$0.00,0.0,$0.52,5.42,$-0.44,0.0,$-0.10,0.0,$0.02B,$0.01B,2.52,$0.01B,$0.06B,0.14,$0.03B,$0.01B,29.41%,$0.03B,$-0.01B,-23.53%,$0.03B,$-0.01B,-23.53%,$0.03B,$0.00B,5.88%,$0.03B,$-0.01B,-32.35%,$0.03B,$-0.01B,-29.41%,$-0.01B,$0.06B,-17.54%,$-0.01B,$0.06B,-17.54%,$-0.01B,$0.08B,-13.47%,$-0.01B,$0.07B,-13.11%,$10,$7,$3,$1,$1,$10,$-1,$-1,$-2,$-0,$-1,$-1,$-1,$1,$-1,$52,52,$-0.03,$-0.03,$4,$9,$0,$20,$0,$2,$0,$1,$3,$78,$8,$8,$5,$13,$21,$92,$-50,$0,$57,$78,$-5,$7,$0,$7,$0,$0,$0,$0,$-2,$2,$-11,$0,$0,$0,$0,$-1,$-0,$-12,$0,$0,$11,$0,$0,$0,$-2,$10,$-0,$0,$0
37,2009-06-30,1.72,$0.00,0.0,$0.54,3.16,$-0.54,0.0,$-0.22,0.0,$0.02B,$0.01B,3.04,$0.01B,$0.06B,0.15,$0.04B,$0.01B,28.57%,$0.04B,$-0.01B,-34.29%,$0.04B,$-0.01B,-34.29%,$0.04B,$-0.00B,-2.86%,$0.04B,$-0.02B,-45.71%,$0.04B,$-0.02B,-45.71%,$-0.02B,$0.06B,-27.83%,$-0.02B,$0.06B,-27.83%,$-0.02B,$0.08B,-21.84%,$-0.01B,$0.07B,-20.17%,$8,$6,$3,$0,$1,$10,$-2,$0,$-1,$0,$-2,$-2,$-2,$1,$-2,$52,52,$-0.04,$-0.04,$7,$6,$0,$20,$0,$2,$0,$1,$3,$77,$7,$8,$5,$13,$20,$91,$-48,$0,$57,$77,$-4,$5,$0,$5,$0,$0,$0,$0,$-2,$-1,$-6,$0,$0,$0,$0,$0,$-0,$-6,$0,$0,$11,$0,$0,$0,$-1,$10,$3,$0,$0
38,2009-03-31,1.55,$0.00,0.0,$0.59,2.62,$-0.61,0.0,$-0.25,0.0,$0.02B,$0.01B,4.14,$0.00B,$0.06B,0.0,$0.04B,$0.01B,29.73%,$0.04B,$-0.01B,-35.14%,$0.04B,$-0.01B,-35.14%,$0.04B,$-0.00B,-8.11%,$0.04B,$-0.02B,-45.95%,$0.04B,$-0.02B,-45.95%,$-0.02B,$0.06B,-28.45%,$-0.02B,$0.06B,-28.45%,$-0.02B,$0.08B,-22.90%,$-0.01B,$0.06B,-21.76%,$8,$6,$3,$0,$1,$10,$-1,$-1,$-2,$-0,$-2,$-2,$-2,$1,$-1,$50,50,$-0.03,$-0.03,$8,$4,$0,$21,$0,$2,$0,$1,$3,$75,$5,$0,$12,$12,$17,$90,$-46,$0,$58,$75,$-2,$2,$0,$2,$0,$0,$0,$0,$-4,$-3,$-2,$0,$0,$0,$0,$0,$-0,$-2,$0,$0,$11,$0,$0,$0,$-1,$10,$4,$0,$0
39,2008-12-31,1.02,$0.00,0.0,$0.42,2.42,$-0.49,0.0,$-0.22,0.0,$0.01B,$0.01B,2.46,$0.00B,$0.06B,0.0,$0.04B,$0.01B,30.00%,$0.04B,$-0.01B,-35.00%,$0.04B,$-0.01B,-35.00%,$0.04B,$-0.00B,-10.00%,$0.04B,$-0.02B,-40.00%,$0.04B,$-0.02B,-42.50%,$-0.02B,$0.06B,-27.20%,$-0.02B,$0.06B,-27.20%,$-0.02B,$0.07B,-22.37%,$-0.01B,$0.06B,-22.40%,$8,$7,$1,$1,$1,$12,$-4,$-3,$-6,$-1,$-5,$-5,$-5,$-1,$-4,$0,0,$0.00,$0.00,$4,$3,$0,$13,$0,$2,$0,$1,$3,$67,$5,$0,$5,$5,$11,$88,$-45,$0,$56,$67,$-18,$8,$0,$8,$0,$0,$0,$0,$-0,$-5,$-13,$0,$0,$0,$0,$2,$-0,$-11,$0,$0,$0,$0,$2,$0,$0,$2,$-13,$0,$0
40,2008-09-30,2.1,$0.00,0.0,$0.66,3.2,$-0.89,0.0,$-0.31,0.0,$0.02B,$0.01B,2.6,$0.00B,$0.06B,0.0,$0.04B,$0.01B,30.23%,$0.04B,$-0.01B,-30.23%,$0.04B,$-0.01B,-30.23%,$0.04B,$-0.00B,-9.30%,$0.04B,$-0.02B,-34.88%,$0.04B,$-0.02B,-37.21%,$-0.02B,$0.06B,-24.24%,$-0.02B,$0.06B,-24.24%,$-0.02B,$0.07B,-20.06%,$-0.01B,$0.06B,-19.70%,$11,$8,$3,$3,$2,$15,$-5,$-2,$-7,$0,$-7,$-7,$-7,$-2,$-5,$49,49,$-0.15,$-0.15,$6,$3,$0,$18,$0,$3,$0,$1,$3,$74,$7,$0,$8,$8,$14,$88,$-40,$0,$59,$74,$-13,$6,$0,$6,$0,$0,$0,$0,$-0,$-3,$-11,$0,$0,$0,$0,$1,$-0,$-11,$0,$0,$0,$0,$0,$0,$0,$0,$-13,$0,$0
41,2008-06-30,3.12,$0.00,0.0,$0.44,7.1,$-0.61,0.0,$-0.16,0.0,$0.02B,$0.01B,3.22,$0.00B,$0.07B,0.0,$0.04B,$0.01B,27.50%,$0.04B,$-0.01B,-27.50%,$0.04B,$-0.01B,-27.50%,$0.04B,$-0.00B,-7.50%,$0.04B,$-0.01B,-25.00%,$0.04B,$-0.01B,-32.50%,$-0.01B,$0.07B,-18.71%,$-0.01B,$0.07B,-18.71%,$-0.01B,$0.08B,-15.81%,$-0.01B,$0.07B,-15.83%,$10,$6,$4,$3,$2,$13,$-3,$0,$-2,$1,$-3,$-3,$-3,$-1,$-3,$49,49,$-0.07,$-0.07,$11,$3,$0,$24,$0,$4,$0,$1,$5,$81,$8,$0,$8,$8,$15,$88,$-32,$0,$66,$81,$-5,$3,$0,$3,$0,$0,$0,$0,$-1,$-2,$-8,$0,$0,$0,$0,$2,$-0,$-7,$0,$0,$0,$0,$0,$0,$0,$0,$-8,$0,$0
42,2008-03-31,3.4,$0.00,0.0,$0.23,14.52,$-0.40,0.0,$-0.09,0.0,$0.03B,$0.01B,4.5,$0.00B,$0.07B,0.0,$0.04B,$0.01B,22.22%,$0.04B,$-0.01B,-38.89%,$0.04B,$-0.01B,-38.89%,$0.04B,$-0.01B,-19.44%,$0.04B,$-0.01B,-33.33%,$0.04B,$-0.01B,-33.33%,$-0.01B,$0.07B,-16.84%,$-0.01B,$0.07B,-16.84%,$-0.01B,$0.08B,-14.63%,$-0.01B,$0.07B,-19.65%,$11,$7,$4,$2,$2,$13,$-2,$0,$-1,$1,$-2,$-2,$-2,$-0,$-2,$0,0,$0.00,$0.00,$17,$2,$0,$28,$0,$4,$0,$1,$5,$82,$6,$0,$7,$7,$13,$88,$-29,$0,$69,$82,$2,$2,$0,$2,$0,$0,$0,$0,$1,$5,$-4,$0,$0,$0,$0,$2,$0,$-2,$0,$0,$0,$0,$0,$0,$0,$0,$-2,$0,$0
43,2007-12-31,3.97,$0.00,0.0,$0.23,16.96,$-0.40,0.0,$-0.09,0.0,$0.03B,$0.01B,5.96,$0.00B,$0.07B,0.0,$0.03B,$0.01B,25.00%,$0.03B,$-0.01B,-40.63%,$0.03B,$-0.01B,-40.63%,$0.03B,$-0.01B,-21.88%,$0.03B,$-0.01B,-34.38%,$0.03B,$-0.01B,-37.50%,$-0.01B,$0.07B,-17.58%,$-0.01B,$0.07B,-17.58%,$-0.01B,$0.08B,-15.29%,$-0.01B,$0.07B,-19.05%,$11,$9,$2,$2,$2,$14,$-3,$-2,$-5,$1,$-6,$-4,$-4,$-1,$-3,$47,47,$-0.09,$-0.09,$20,$3,$0,$30,$0,$4,$0,$1,$5,$82,$5,$0,$7,$7,$12,$87,$-27,$0,$70,$82,$-12,$5,$0,$5,$0,$0,$0,$0,$-2,$-2,$-17,$0,$0,$0,$0,$-5,$-1,$-23,$0,$0,$0,$0,$10,$0,$-0,$10,$-15,$0,$0
44,2007-09-30,3.33,$0.00,0.0,0,0.0,0,0.0,0,0.0,$0.04B,$0.01B,7.19,$0.00B,$0.07B,0.0,$0.03B,$0.01B,29.63%,$0.03B,$-0.01B,-40.74%,$0.03B,$-0.01B,-40.74%,$0.03B,$-0.01B,-22.22%,$0.03B,$-0.01B,-22.22%,$0.03B,$-0.01B,-33.33%,$-0.01B,$0.07B,-13.90%,$-0.01B,$0.07B,-13.90%,$-0.01B,$0.08B,-12.12%,$-0.01B,$0.07B,-16.99%,$8,$7,$1,$1,$1,$10,$-3,$0,$-2,$2,$-4,$-4,$-4,$-1,$-3,$0,0,$0.00,$0.00,$29,$4,$0,$39,$0,$0,$0,$1,$1,$84,$5,$0,$6,$6,$11,$85,$-22,$0,$73,$84,$-8,$3,$0,$3,$0,$0,$0,$0,$-1,$-0,$-14,$0,$0,$0,$0,$-5,$-1,$-20,$0,$0,$0,$0,$8,$0,$0,$8,$-12,$0,$0
45,2007-06-30,4.51,$0.00,0.0,0,0.0,0,0.0,0,0.0,$0.04B,$0.00B,12.05,$0.00B,$0.07B,0.0,$0.02B,$0.01B,36.36%,$0.02B,$-0.01B,-36.36%,$0.02B,$-0.01B,-36.36%,$0.02B,$-0.01B,-22.73%,$0.02B,$-0.00B,-13.64%,$0.02B,$-0.01B,-22.73%,$-0.01B,$0.07B,-8.26%,$-0.01B,$0.07B,-8.26%,$-0.01B,$0.08B,-7.25%,$-0.01B,$0.07B,-13.22%,$6,$5,$1,$1,$5,$12,$-6,$2,$-4,$-2,$-2,$-2,$-2,$-5,$-6,$0,0,$0.00,$0.00,$28,$4,$0,$39,$0,$0,$0,$1,$1,$80,$3,$0,$4,$4,$7,$82,$-18,$0,$73,$80,$-4,$2,$0,$2,$0,$0,$0,$0,$-5,$-4,$-8,$0,$0,$0,$0,$0,$-1,$-9,$0,$0,$0,$0,$5,$0,$0,$5,$-8,$0,$0
46,2007-03-31,4.51,$0.00,0.0,0,0.0,0,0.0,0,0.0,$0.04B,$0.00B,9.99,$0.00B,$0.06B,0.0,$0.02B,$0.01B,47.62%,$0.02B,$-0.00B,-9.52%,$0.02B,$-0.00B,-9.52%,$0.02B,$0.00B,4.76%,$0.02B,$0.00B,4.76%,$0.02B,$-0.00B,-19.05%,$-0.00B,$0.06B,-7.34%,$-0.00B,$0.06B,-7.34%,$-0.00B,$0.07B,-6.43%,$-0.00B,$0.06B,-3.67%,$7,$4,$4,$2,$2,$8,$-1,$0,$-0,$0,$-1,$-2,$-2,$0,$-1,$0,0,$0.00,$0.00,$35,$3,$0,$42,$0,$0,$0,$0,$0,$68,$4,$0,$4,$6,$11,$68,$-16,$0,$57,$68,$-2,$1,$0,$1,$0,$0,$0,$0,$1,$1,$-5,$0,$0,$0,$0,$0,$0,$-5,$0,$0,$0,$0,$3,$0,$0,$3,$-1,$0,$0
