,Date,Stock Price,Book Value per Share,Price to Book Ratio,TTM Sales per Share,Price to Sales Ratio,TTM FCF per Share,Price to FCF Ratio,TTM Net EPS,PE Ratio,Current Assets,Current Liabilities,Current Ratio,Long Term Debt,Shareholder's Equity_x,Debt to Equity Ratio,TTM Revenue_x,TTM Gross Profit,Gross Margin,TTM Revenue_y,TTM Operating Income,Operating Margin,TTM Revenue_x,TTM EBIT,EBIT Margin,TTM Revenue_y,TTM EBITDA,EBITDA Margin,TTM Revenue_x,TTM Pre-Tax Income,Pre-Tax Margin,TTM Revenue_y,TTM Net Income_x,Net Margin,TTM Net Income_y,Shareholder's Equity_y,Return on Equity,TTM Net Income_x,Tangible Equity,Return on Tangible Equity,TTM Net Income_y,Total Assets,Return on Assets,TTM Net Income,LT Investments & Debt,Return on Investment,revenue,cost-goods-sold,gross-profit,research-development-expenses,selling-general-administrative-expenses,operating-expenses,operating-income,total-non-operating-income-expense,pre-tax-income,total-provision-income-taxes,income-after-taxes,income-from-continuous-operations,net-income,ebitda,ebit,basic-shares-outstanding,shares-outstanding,eps-basic-net-earnings-per-share,eps-earnings-per-share-diluted,cash-on-hand,inventory,other-current-assets,total-current-assets,net-property-plant-equipment,long-term-investments,goodwill-intangible-assets-total,other-long-term-assets,total-long-term-assets,total-assets,total-current-liabilities,long-term-debt,other-non-current-liabilities,total-long-term-liabilities,total-liabilities,common-stock-net,retained-earnings-accumulated-deficit,comprehensive-income,total-share-holder-equity,total-liabilities-share-holders-equity,net-income-loss,total-depreciation-amortization-cash-flow,other-non-cash-items,total-non-cash-items,change-in-accounts-receivable,change-in-inventories,change-in-accounts-payable,change-in-assets-liabilities,total-change-in-assets-liabilities,cash-flow-from-operating-activities,net-change-in-property-plant-equipment,net-change-in-intangible-assets,net-acquisitions-divestitures,net-change-in-short-term-investments,net-change-in-long-term-investments,net-change-in-investments-total,investing-activities-other,cash-flow-from-investing-activities,net-long-term-debt,net-current-debt,debt-issuance-retirement-net-total,net-common-equity-issued-repurchased,net-total-equity-issued-repurchased,total-common-preferred-stock-dividends-paid,financial-activities-other,cash-flow-from-financial-activities,net-cash-flow,stock-based-compensation,common-stock-dividends-paid
0,2018-09-30,66.2,$16.77,3.95,$24.04,2.75,$1.96,33.86,$1.23,53.82,$0.45B,$0.14B,3.29,$0.29B,$0.57B,0.5,$0.85B,$0.29B,33.81%,$0.85B,$0.07B,8.04%,$0.85B,$0.07B,8.04%,$0.85B,$0.11B,13.48%,$0.85B,$0.08B,9.46%,$0.85B,$0.04B,5.08%,$0.04B,$0.57B,7.29%,$0.04B,$0.10B,15.01%,$0.04B,$1.05B,4.97%,$0.07B,$0.86B,9.62%,$231,$152,$79,$0,$45,$211,$20,$1,$21,$6,$15,$15,$15,$34,$20,$34,35,$0.44,$0.43,$247,$0,$24,$454,$68,$3,$472,$36,$591,$1045,$138,$289,$31,$333,$471,$0,$480,$-114,$574,$1045,$53,$35,$-4,$32,$-9,$0,$-1,$-15,$-38,$47,$-30,$0,$-232,$22,$0,$22,$0,$-240,$240,$0,$240,$-32,$-32,$0,$0,$208,$12,$17,$0
1,2018-06-30,56.61,$17.08,3.32,$22.97,2.46,$2.72,20.78,$1.40,40.44,$0.43B,$0.12B,3.57,$0.06B,$0.59B,0.1,$0.81B,$0.28B,34.20%,$0.81B,$0.07B,8.55%,$0.81B,$0.07B,8.55%,$0.81B,$0.11B,13.75%,$0.81B,$0.08B,10.29%,$0.81B,$0.05B,6.07%,$0.05B,$0.59B,8.22%,$0.05B,$0.34B,13.91%,$0.05B,$0.79B,6.16%,$0.07B,$0.64B,10.60%,$210,$140,$70,$0,$43,$193,$17,$3,$20,$6,$15,$14,$14,$28,$17,$35,35,$0.42,$0.41,$235,$0,$23,$427,$66,$3,$242,$40,$364,$790,$120,$58,$28,$85,$205,$0,$465,$-88,$585,$790,$38,$21,$0,$22,$-12,$0,$-1,$-7,$-46,$14,$-19,$0,$-0,$20,$0,$20,$0,$0,$7,$0,$7,$-23,$-23,$0,$0,$-16,$-4,$12,$0
2,2018-03-31,55.77,$17.47,3.19,$22.39,2.49,$3.59,15.56,$1.57,35.52,$0.44B,$0.11B,4.15,$0.07B,$0.60B,0.11,$0.79B,$0.27B,34.48%,$0.79B,$0.07B,8.91%,$0.79B,$0.07B,8.91%,$0.79B,$0.11B,14.12%,$0.79B,$0.08B,10.69%,$0.79B,$0.06B,7.00%,$0.06B,$0.60B,9.25%,$0.06B,$0.35B,15.59%,$0.06B,$0.80B,7.01%,$0.07B,$0.67B,10.87%,$207,$138,$69,$0,$43,$192,$15,$4,$19,$-4,$23,$23,$23,$26,$15,$34,35,$0.67,$0.66,$242,$0,$28,$436,$68,$3,$247,$38,$362,$798,$105,$68,$24,$92,$197,$0,$451,$-60,$602,$798,$23,$11,$2,$12,$-1,$0,$-2,$-3,$-44,$-8,$-13,$0,$-0,$10,$0,$10,$0,$-3,$7,$0,$7,$-13,$-13,$0,$0,$-6,$-18,$5,$0
3,2017-12-31,60.35,$17.71,3.41,$21.74,2.78,$4.05,14.88,$1.39,43.42,$0.45B,$0.14B,3.14,$0.05B,$0.60B,0.09,$0.76B,$0.27B,34.91%,$0.76B,$0.07B,9.45%,$0.76B,$0.07B,9.45%,$0.76B,$0.11B,14.70%,$0.76B,$0.09B,11.15%,$0.76B,$0.05B,6.43%,$0.05B,$0.60B,8.38%,$0.05B,$0.35B,14.19%,$0.05B,$0.83B,6.39%,$0.07B,$0.65B,11.49%,$198,$130,$68,$0,$42,$182,$16,$4,$20,$29,$-9,$-9,$-9,$26,$16,$34,35,$-0.28,$-0.27,$269,$0,$30,$453,$67,$3,$253,$40,$372,$825,$144,$51,$30,$80,$225,$0,$427,$-46,$600,$825,$49,$39,$28,$67,$-20,$0,$2,$-9,$-3,$113,$-35,$0,$-23,$-161,$-3,$-164,$0,$-223,$15,$0,$15,$-35,$-35,$0,$-1,$-20,$-126,$23,$0
4,2017-09-30,58.32,$17.64,3.31,$21.23,2.75,$3.99,14.63,$2.11,27.64,$0.42B,$0.11B,3.81,$0.05B,$0.60B,0.08,$0.74B,$0.26B,34.95%,$0.74B,$0.07B,9.45%,$0.74B,$0.07B,9.45%,$0.74B,$0.11B,14.84%,$0.74B,$0.08B,11.34%,$0.74B,$0.07B,9.85%,$0.07B,$0.60B,12.86%,$0.07B,$0.37B,22.02%,$0.07B,$0.77B,9.90%,$0.07B,$0.64B,11.56%,$192,$123,$69,$0,$39,$171,$21,$3,$24,$3,$21,$21,$21,$31,$21,$34,35,$0.62,$0.60,$251,$0,$22,$423,$64,$0,$232,$34,$346,$769,$111,$45,$16,$62,$173,$0,$436,$-59,$596,$769,$58,$29,$10,$39,$-22,$0,$0,$-2,$-27,$70,$-27,$0,$-1,$-144,$0,$-144,$0,$-171,$-0,$0,$-0,$-28,$-28,$0,$0,$-28,$-127,$17,$0
5,2017-06-30,55.58,$17.21,3.23,$20.68,2.69,$3.77,14.74,$1.97,28.21,$0.40B,$0.12B,3.44,$0.04B,$0.58B,0.06,$0.72B,$0.25B,34.58%,$0.72B,$0.07B,9.17%,$0.72B,$0.07B,9.17%,$0.72B,$0.11B,14.58%,$0.72B,$0.08B,11.39%,$0.72B,$0.07B,9.44%,$0.07B,$0.58B,12.40%,$0.07B,$0.35B,21.73%,$0.07B,$0.75B,9.54%,$0.07B,$0.62B,11.29%,$189,$124,$65,$0,$38,$171,$18,$3,$21,$1,$20,$20,$20,$28,$18,$34,35,$0.60,$0.58,$239,$0,$19,$399,$64,$0,$235,$36,$349,$747,$116,$35,$16,$51,$168,$0,$415,$-55,$580,$747,$37,$19,$7,$26,$-10,$0,$5,$5,$-19,$45,$-20,$0,$0,$-130,$0,$-130,$0,$-150,$-0,$0,$-0,$-22,$-22,$0,$0,$-22,$-125,$11,$0
6,2017-03-31,47.36,$16.66,2.84,$20.22,2.34,$3.42,13.87,$1.86,25.46,$0.38B,$0.11B,3.46,$0.04B,$0.56B,0.06,$0.70B,$0.24B,34.52%,$0.70B,$0.06B,9.13%,$0.70B,$0.06B,9.13%,$0.70B,$0.10B,14.55%,$0.70B,$0.08B,11.98%,$0.70B,$0.06B,9.13%,$0.06B,$0.56B,12.13%,$0.06B,$0.32B,21.59%,$0.06B,$0.73B,9.31%,$0.06B,$0.60B,11.35%,$183,$119,$64,$0,$37,$166,$17,$3,$20,$4,$17,$17,$17,$27,$17,$34,35,$0.50,$0.48,$221,$0,$26,$383,$59,$0,$238,$29,$343,$727,$111,$35,$18,$53,$164,$0,$395,$-57,$563,$727,$17,$9,$4,$13,$-6,$0,$2,$2,$-24,$6,$-10,$0,$0,$-107,$0,$-107,$0,$-117,$-0,$0,$-0,$-12,$-12,$0,$0,$-12,$-122,$6,$0
7,2016-12-31,50.44,$15.83,3.19,$19.87,2.54,$2.98,16.92,$1.78,28.34,$0.38B,$0.12B,3.05,$0.04B,$0.53B,0.07,$0.69B,$0.24B,34.60%,$0.69B,$0.06B,9.20%,$0.69B,$0.06B,9.20%,$0.69B,$0.10B,14.60%,$0.69B,$0.08B,12.26%,$0.69B,$0.06B,8.91%,$0.06B,$0.53B,12.01%,$0.06B,$0.29B,21.71%,$0.06B,$0.71B,9.16%,$0.06B,$0.57B,11.48%,$177,$116,$61,$0,$38,$163,$14,$5,$19,$4,$15,$15,$15,$24,$14,$34,35,$0.46,$0.46,$230,$0,$21,$379,$49,$0,$241,$23,$328,$707,$124,$35,$15,$50,$174,$0,$383,$-75,$532,$707,$62,$35,$7,$41,$-18,$0,$-3,$3,$-3,$100,$-26,$0,$-29,$-0,$0,$-0,$0,$-55,$-25,$0,$-25,$-12,$-12,$0,$4,$-33,$8,$20,$0
8,2016-09-30,49.84,$15.45,3.22,$19.59,2.54,$2.91,17.13,$1.76,28.32,$0.36B,$0.10B,3.68,$0.04B,$0.52B,0.08,$0.67B,$0.24B,35.01%,$0.67B,$0.07B,9.94%,$0.67B,$0.07B,9.94%,$0.67B,$0.10B,15.13%,$0.67B,$0.09B,12.61%,$0.67B,$0.06B,9.05%,$0.06B,$0.52B,12.42%,$0.06B,$0.29B,22.72%,$0.06B,$0.67B,9.35%,$0.07B,$0.56B,12.44%,$171,$112,$59,$0,$33,$154,$17,$4,$22,$6,$16,$16,$16,$26,$17,$34,35,$0.48,$0.46,$216,$0,$19,$358,$49,$0,$227,$28,$311,$669,$97,$40,$13,$53,$151,$0,$367,$-67,$518,$669,$46,$25,$10,$35,$-17,$0,$-3,$-3,$-25,$56,$-20,$0,$-9,$-96,$0,$-96,$0,$-126,$-25,$0,$-25,$-9,$-9,$0,$0,$-34,$-107,$15,$0
9,2016-06-30,52.41,$14.85,3.53,$19.44,2.7,$2.86,18.34,$1.74,30.12,$0.34B,$0.10B,3.42,$0.04B,$0.50B,0.07,$0.67B,$0.24B,35.53%,$0.67B,$0.07B,10.64%,$0.67B,$0.07B,10.64%,$0.67B,$0.11B,15.74%,$0.67B,$0.09B,12.89%,$0.67B,$0.06B,9.00%,$0.06B,$0.50B,12.67%,$0.06B,$0.28B,23.93%,$0.06B,$0.65B,9.38%,$0.07B,$0.53B,13.49%,$170,$112,$58,$0,$34,$154,$16,$7,$23,$7,$16,$16,$16,$25,$16,$34,35,$0.49,$0.47,$202,$0,$17,$344,$50,$0,$218,$25,$303,$647,$100,$35,$14,$49,$150,$0,$351,$-71,$497,$647,$30,$16,$7,$23,$-20,$0,$-1,$4,$-26,$27,$-15,$0,$0,$-91,$0,$-91,$0,$-106,$-25,$0,$-25,$-6,$-6,$0,$0,$-31,$-112,$10,$0
10,2016-03-31,51.8,$14.48,3.58,$19.05,2.72,$2.88,17.97,$1.62,31.98,$0.34B,$0.09B,3.77,$0.06B,$0.48B,0.11,$0.65B,$0.23B,35.83%,$0.65B,$0.07B,10.72%,$0.65B,$0.07B,10.72%,$0.65B,$0.10B,15.77%,$0.65B,$0.08B,12.40%,$0.65B,$0.06B,8.58%,$0.06B,$0.48B,12.17%,$0.06B,$0.26B,23.86%,$0.06B,$0.64B,8.86%,$0.07B,$0.54B,13.47%,$167,$108,$59,$0,$34,$151,$16,$3,$20,$6,$14,$14,$14,$25,$16,$33,34,$0.41,$0.40,$196,$0,$20,$338,$48,$0,$222,$26,$305,$642,$90,$55,$0,$69,$158,$0,$335,$-64,$484,$642,$14,$8,$7,$15,$-14,$0,$-3,$-2,$-39,$-10,$-8,$0,$0,$-81,$0,$-81,$0,$-90,$-5,$0,$-5,$-5,$-5,$0,$0,$-10,$-110,$6,$0
11,2015-12-31,44.93,$14.08,3.19,$18.40,2.44,$3.18,14.14,$1.50,29.95,$0.34B,$0.11B,3.17,$0.06B,$0.47B,0.13,$0.63B,$0.23B,35.71%,$0.63B,$0.07B,10.63%,$0.63B,$0.07B,10.63%,$0.63B,$0.10B,15.71%,$0.63B,$0.08B,12.22%,$0.63B,$0.05B,8.25%,$0.05B,$0.47B,11.59%,$0.05B,$0.24B,23.58%,$0.05B,$0.65B,8.33%,$0.07B,$0.53B,13.07%,$166,$106,$60,$0,$34,$148,$18,$2,$20,$5,$15,$15,$15,$26,$18,$33,34,$0.44,$0.44,$221,$0,$15,$339,$48,$0,$224,$26,$312,$651,$107,$60,$0,$78,$185,$0,$321,$-67,$466,$651,$52,$31,$13,$44,$-9,$0,$0,$-3,$1,$97,$-26,$0,$-44,$-4,$0,$-4,$0,$-74,$19,$0,$19,$-11,$-11,$0,$2,$10,$29,$16,$0
12,2015-09-30,36.93,$13.52,2.73,$17.57,2.1,$2.25,16.38,$1.29,28.63,$0.31B,$0.09B,3.35,$0.06B,$0.45B,0.14,$0.60B,$0.21B,34.89%,$0.60B,$0.06B,9.35%,$0.60B,$0.06B,9.35%,$0.60B,$0.09B,14.69%,$0.60B,$0.07B,10.85%,$0.60B,$0.04B,7.35%,$0.04B,$0.45B,10.07%,$0.04B,$0.22B,20.16%,$0.04B,$0.62B,7.28%,$0.06B,$0.51B,11.23%,$164,$103,$60,$0,$31,$143,$21,$2,$23,$8,$15,$15,$15,$29,$21,$33,34,$0.46,$0.44,$186,$0,$13,$312,$47,$0,$227,$25,$308,$620,$93,$60,$19,$79,$173,$0,$306,$-66,$447,$620,$37,$23,$11,$34,$-15,$0,$-2,$-2,$-16,$55,$-21,$0,$-44,$-81,$0,$-81,$0,$-146,$19,$0,$19,$-10,$-10,$0,$-0,$10,$-86,$12,$0
13,2015-06-30,34.58,$13.38,2.58,$16.42,2.11,$1.89,18.33,$1.03,33.57,$0.30B,$0.10B,3.18,$0.06B,$0.44B,0.14,$0.56B,$0.19B,33.39%,$0.56B,$0.04B,7.18%,$0.56B,$0.04B,7.18%,$0.56B,$0.07B,12.75%,$0.56B,$0.05B,8.80%,$0.56B,$0.04B,6.28%,$0.04B,$0.44B,8.19%,$0.04B,$0.22B,15.23%,$0.04B,$0.61B,6.09%,$0.04B,$0.51B,8.43%,$156,$100,$55,$0,$32,$140,$15,$2,$18,$6,$12,$12,$12,$23,$15,$33,34,$0.36,$0.35,$175,$0,$14,$302,$48,$0,$229,$27,$312,$614,$95,$60,$14,$74,$169,$0,$291,$-57,$444,$614,$22,$15,$9,$24,$-10,$0,$-0,$-0,$-18,$27,$-14,$0,$-44,$-66,$0,$-66,$0,$-125,$20,$0,$20,$-3,$-3,$0,$-0,$17,$-82,$8,$0
14,2015-03-31,37.2,$13.12,2.83,$15.43,2.41,$1.84,20.18,$0.91,40.88,$0.30B,$0.09B,3.48,$0.08B,$0.44B,0.17,$0.52B,$0.17B,32.44%,$0.52B,$0.03B,5.95%,$0.52B,$0.03B,5.95%,$0.52B,$0.06B,11.71%,$0.52B,$0.04B,7.29%,$0.52B,$0.03B,5.95%,$0.03B,$0.44B,7.41%,$0.03B,$0.21B,12.73%,$0.03B,$0.61B,5.69%,$0.03B,$0.51B,6.88%,$144,$93,$50,$0,$30,$130,$13,$2,$16,$6,$10,$10,$10,$21,$13,$33,34,$0.29,$0.28,$168,$0,$13,$295,$47,$0,$232,$28,$316,$611,$85,$75,$14,$89,$174,$0,$279,$-53,$437,$611,$10,$7,$7,$14,$-6,$0,$-1,$-1,$-24,$0,$-9,$0,$-44,$-3,$0,$-3,$0,$-56,$30,$0,$30,$1,$1,$0,$-0,$31,$-25,$4,$0
15,2014-12-31,28.71,$12.74,2.25,$14.86,1.93,$1.93,14.89,$0.96,29.91,$0.30B,$0.09B,3.28,$0.05B,$0.42B,0.12,$0.50B,$0.17B,33.27%,$0.50B,$0.03B,6.61%,$0.50B,$0.03B,6.61%,$0.50B,$0.06B,12.42%,$0.50B,$0.04B,7.62%,$0.50B,$0.03B,6.41%,$0.03B,$0.42B,7.84%,$0.03B,$0.23B,12.51%,$0.03B,$0.57B,6.26%,$0.03B,$0.47B,7.83%,$135,$91,$44,$0,$29,$128,$7,$1,$8,$1,$7,$7,$7,$15,$7,$33,34,$0.23,$0.22,$189,$0,$13,$298,$45,$0,$187,$27,$276,$574,$91,$51,$13,$63,$154,$0,$269,$-56,$419,$574,$32,$28,$10,$38,$3,$0,$-0,$-7,$-4,$67,$-28,$0,$-58,$-2,$0,$-2,$0,$-88,$49,$0,$49,$3,$3,$0,$1,$53,$28,$11,$0
16,2014-09-30,24.41,$12.48,1.96,$14.50,1.68,$2.75,8.89,$1.21,20.17,$0.27B,$0.07B,3.69,$0.00B,$0.41B,0.0,$0.49B,$0.17B,35.66%,$0.49B,$0.05B,10.04%,$0.49B,$0.05B,10.04%,$0.49B,$0.08B,15.57%,$0.49B,$0.05B,10.66%,$0.49B,$0.04B,8.40%,$0.04B,$0.41B,10.39%,$0.04B,$0.27B,16.16%,$0.04B,$0.50B,8.48%,$0.05B,$0.41B,12.37%,$122,$85,$37,$0,$25,$117,$5,$2,$7,$1,$6,$6,$6,$12,$5,$33,34,$0.18,$0.18,$169,$0,$12,$273,$45,$0,$143,$26,$225,$499,$74,$1,$15,$15,$89,$0,$262,$-53,$409,$499,$25,$20,$10,$30,$1,$0,$-1,$-5,$-11,$44,$-24,$0,$-6,$-1,$0,$-1,$0,$-31,$-1,$0,$-1,$2,$2,$0,$0,$1,$13,$9,$0
17,2014-06-30,29.45,$12.50,2.36,$14.47,2.04,$3.09,9.52,$1.42,20.74,$0.27B,$0.07B,3.92,$0.00B,$0.41B,0.0,$0.49B,$0.19B,38.32%,$0.49B,$0.06B,13.11%,$0.49B,$0.06B,13.11%,$0.49B,$0.09B,18.44%,$0.49B,$0.06B,12.70%,$0.49B,$0.05B,9.84%,$0.05B,$0.41B,12.55%,$0.05B,$0.27B,19.88%,$0.05B,$0.49B,10.20%,$0.06B,$0.41B,16.68%,$120,$81,$38,$0,$26,$114,$6,$1,$7,$-1,$8,$8,$8,$13,$6,$33,34,$0.24,$0.23,$169,$0,$11,$273,$46,$0,$139,$28,$221,$494,$70,$1,$14,$15,$85,$0,$256,$-45,$409,$494,$19,$13,$11,$24,$2,$0,$0,$-3,$-15,$28,$-17,$0,$0,$-1,$0,$-1,$0,$-18,$-1,$0,$-1,$2,$2,$0,$0,$2,$13,$6,$0
18,2014-03-31,30.91,$12.09,2.56,$14.34,2.16,$3.21,9.63,$1.46,21.17,$0.26B,$0.06B,4.1,$0.00B,$0.40B,0.0,$0.48B,$0.19B,39.46%,$0.48B,$0.07B,14.67%,$0.48B,$0.07B,14.67%,$0.48B,$0.10B,19.83%,$0.48B,$0.07B,14.05%,$0.48B,$0.05B,10.12%,$0.05B,$0.40B,13.30%,$0.05B,$0.25B,21.71%,$0.05B,$0.48B,10.75%,$0.07B,$0.40B,19.19%,$122,$75,$47,$0,$25,$106,$15,$0,$16,$4,$11,$11,$11,$22,$15,$33,33,$0.34,$0.33,$152,$0,$13,$258,$44,$0,$141,$25,$220,$478,$63,$1,$19,$20,$83,$0,$248,$-49,$395,$478,$11,$6,$8,$14,$-2,$0,$-0,$-4,$-20,$5,$-11,$0,$0,$-1,$0,$-1,$0,$-12,$-0,$0,$-0,$1,$1,$0,$0,$1,$-4,$4,$0
19,2013-12-31,27.62,$11.38,2.43,$14.13,1.95,$3.38,8.17,$1.42,19.45,$0.25B,$0.08B,3.32,$0.00B,$0.37B,0.0,$0.48B,$0.19B,39.12%,$0.48B,$0.07B,14.23%,$0.48B,$0.07B,14.23%,$0.48B,$0.09B,19.46%,$0.48B,$0.07B,13.60%,$0.48B,$0.05B,10.04%,$0.05B,$0.37B,13.31%,$0.05B,$0.23B,22.25%,$0.05B,$0.46B,10.76%,$0.07B,$0.37B,18.76%,$124,$72,$52,$0,$23,$101,$23,$-1,$22,$6,$16,$16,$16,$29,$23,$33,34,$0.49,$0.47,$154,$0,$8,$253,$35,$0,$142,$22,$211,$463,$76,$1,$20,$21,$97,$0,$237,$-61,$366,$463,$48,$25,$7,$32,$-6,$0,$-0,$-2,$3,$83,$-16,$0,$-1,$-0,$0,$-0,$0,$-18,$-2,$0,$-2,$-16,$-16,$0,$2,$-16,$45,$12,$0
20,2013-09-30,28.48,$10.94,2.6,$14.01,2.03,$2.82,10.1,$1.31,21.74,$0.24B,$0.07B,3.54,$0.00B,$0.36B,0.0,$0.47B,$0.18B,38.56%,$0.47B,$0.06B,12.92%,$0.47B,$0.06B,12.92%,$0.47B,$0.09B,18.22%,$0.47B,$0.06B,12.50%,$0.47B,$0.04B,9.32%,$0.04B,$0.36B,12.38%,$0.04B,$0.22B,21.18%,$0.04B,$0.45B,10.02%,$0.06B,$0.36B,17.07%,$122,$72,$50,$0,$25,$103,$20,$-2,$17,$4,$13,$13,$13,$26,$20,$33,34,$0.40,$0.39,$139,$0,$12,$238,$32,$0,$143,$21,$209,$447,$67,$2,$18,$20,$87,$0,$221,$-67,$360,$447,$32,$19,$4,$23,$-1,$0,$-1,$-5,$-11,$44,$-12,$0,$-1,$-1,$0,$-1,$0,$-14,$-1,$0,$-1,$4,$4,$0,$-0,$3,$29,$9,$0
21,2013-06-30,29.56,$10.79,2.74,$13.79,2.14,$2.65,11.14,$1.27,23.28,$0.22B,$0.07B,3.33,$0.00B,$0.35B,0.01,$0.46B,$0.18B,38.01%,$0.46B,$0.06B,12.53%,$0.46B,$0.06B,12.53%,$0.46B,$0.08B,17.93%,$0.46B,$0.06B,12.53%,$0.46B,$0.04B,9.29%,$0.04B,$0.35B,12.31%,$0.04B,$0.21B,20.87%,$0.04B,$0.44B,9.97%,$0.06B,$0.36B,16.50%,$116,$74,$42,$0,$23,$103,$13,$0,$13,$4,$9,$9,$9,$19,$13,$33,34,$0.28,$0.27,$121,$0,$8,$217,$36,$0,$146,$22,$219,$436,$65,$2,$16,$18,$83,$0,$208,$-56,$353,$436,$19,$13,$4,$17,$-4,$0,$-1,$-2,$-11,$25,$-10,$0,$-1,$0,$0,$0,$0,$-11,$-1,$0,$-1,$2,$2,$0,$0,$1,$12,$7,$0
22,2013-03-31,32.88,$11.14,2.95,$13.64,2.41,$2.40,13.72,$1.27,25.89,$0.21B,$0.06B,3.62,$0.00B,$0.36B,0.01,$0.46B,$0.18B,38.68%,$0.46B,$0.06B,12.97%,$0.46B,$0.06B,12.97%,$0.46B,$0.08B,18.46%,$0.46B,$0.06B,12.75%,$0.46B,$0.04B,9.45%,$0.04B,$0.36B,12.77%,$0.04B,$0.21B,21.64%,$0.04B,$0.44B,10.25%,$0.06B,$0.37B,17.39%,$116,$73,$43,$0,$24,$104,$12,$1,$13,$3,$10,$10,$10,$19,$12,$33,34,$0.30,$0.29,$109,$0,$10,$211,$39,$0,$149,$25,$227,$438,$58,$2,$14,$16,$74,$0,$199,$-33,$364,$438,$10,$7,$6,$12,$-3,$0,$-0,$-2,$-15,$7,$-7,$0,$-1,$-0,$0,$-0,$0,$-8,$-0,$0,$-0,$1,$1,$0,$0,$1,$-1,$4,$0
23,2012-12-31,26.5,$10.70,2.48,$13.39,1.98,$2.25,11.8,$1.25,21.2,$0.21B,$0.07B,2.77,$0.00B,$0.35B,0.01,$0.44B,$0.17B,38.51%,$0.44B,$0.06B,12.84%,$0.44B,$0.06B,12.84%,$0.44B,$0.08B,18.47%,$0.44B,$0.06B,12.84%,$0.44B,$0.04B,9.46%,$0.04B,$0.35B,13.03%,$0.04B,$0.19B,22.16%,$0.04B,$0.44B,10.35%,$0.06B,$0.35B,17.52%,$118,$71,$47,$0,$25,$102,$16,$1,$16,$4,$12,$12,$12,$22,$16,$32,33,$0.39,$0.37,$110,$0,$7,$206,$39,$0,$152,$25,$230,$436,$74,$3,$14,$17,$91,$0,$189,$-37,$345,$436,$42,$26,$11,$37,$-8,$0,$3,$-6,$-13,$66,$-19,$0,$-38,$1,$0,$1,$0,$-55,$-2,$0,$-2,$9,$9,$0,$2,$10,$21,$9,$0
24,2012-09-30,29.5,$10.43,2.83,$13.09,2.25,$2.00,14.78,$1.18,25.0,$0.21B,$0.06B,3.38,$0.00B,$0.34B,0.01,$0.43B,$0.17B,38.46%,$0.43B,$0.05B,12.59%,$0.43B,$0.05B,12.59%,$0.43B,$0.08B,18.41%,$0.43B,$0.05B,12.59%,$0.43B,$0.04B,9.32%,$0.04B,$0.34B,13.09%,$0.04B,$0.21B,22.38%,$0.04B,$0.42B,10.23%,$0.05B,$0.34B,17.46%,$113,$69,$44,$0,$21,$96,$17,$-1,$16,$4,$12,$12,$12,$23,$17,$32,33,$0.36,$0.35,$126,$0,$11,$214,$41,$0,$125,$26,$202,$416,$63,$3,$14,$17,$81,$0,$177,$-29,$335,$416,$30,$19,$10,$29,$-10,$0,$-0,$-6,$-15,$43,$-17,$0,$0,$1,$0,$1,$0,$-16,$-1,$0,$-1,$9,$9,$0,$0,$7,$36,$7,$0
25,2012-06-30,24.64,$9.47,2.6,$12.87,1.91,$2.09,11.76,$1.10,22.4,$0.18B,$0.06B,3.01,$0.00B,$0.30B,0.01,$0.42B,$0.16B,38.22%,$0.42B,$0.05B,11.78%,$0.42B,$0.05B,11.78%,$0.42B,$0.07B,17.79%,$0.42B,$0.05B,12.26%,$0.42B,$0.04B,8.65%,$0.04B,$0.30B,12.24%,$0.04B,$0.18B,21.82%,$0.04B,$0.39B,9.46%,$0.05B,$0.31B,16.43%,$108,$66,$42,$0,$22,$94,$14,$-2,$13,$4,$9,$9,$9,$20,$14,$32,33,$0.28,$0.27,$102,$0,$9,$184,$41,$0,$125,$23,$204,$388,$61,$3,$21,$25,$86,$0,$165,$-46,$303,$388,$18,$12,$2,$15,$-6,$0,$-1,$-4,$-13,$19,$-13,$0,$0,$1,$0,$1,$0,$-12,$-1,$0,$-1,$7,$7,$0,$0,$6,$12,$5,$0
26,2012-03-31,27.44,$9.68,2.83,$12.35,2.22,$2.49,11.01,$1.10,24.95,$0.17B,$0.06B,3.06,$0.00B,$0.31B,0.01,$0.39B,$0.15B,38.17%,$0.39B,$0.04B,11.20%,$0.39B,$0.04B,11.20%,$0.39B,$0.07B,17.56%,$0.39B,$0.05B,12.72%,$0.39B,$0.04B,8.91%,$0.04B,$0.31B,12.21%,$0.04B,$0.18B,22.69%,$0.04B,$0.38B,9.22%,$0.04B,$0.31B,15.09%,$105,$67,$38,$0,$21,$94,$10,$2,$12,$3,$9,$9,$9,$17,$10,$31,33,$0.28,$0.27,$90,$0,$8,$171,$45,$0,$129,$25,$213,$383,$56,$4,$0,$22,$78,$0,$156,$-27,$306,$383,$9,$6,$5,$12,$-3,$0,$1,$-3,$-16,$4,$-9,$0,$0,$1,$0,$1,$0,$-8,$-0,$0,$-0,$3,$3,$0,$0,$2,$-0,$3,$0
27,2011-12-31,22.37,$8.93,2.5,$11.52,1.94,$2.66,8.41,$1.10,20.34,$0.17B,$0.07B,2.31,$0.00B,$0.28B,0.02,$0.36B,$0.14B,39.06%,$0.36B,$0.04B,11.63%,$0.36B,$0.04B,11.63%,$0.36B,$0.06B,17.73%,$0.36B,$0.05B,13.02%,$0.36B,$0.03B,9.42%,$0.03B,$0.28B,12.35%,$0.03B,$0.15B,21.28%,$0.03B,$0.38B,9.40%,$0.04B,$0.28B,15.04%,$103,$62,$41,$0,$21,$90,$13,$0,$13,$3,$10,$10,$10,$19,$13,$30,32,$0.31,$0.29,$91,$0,$6,$167,$42,$0,$129,$23,$211,$377,$72,$4,$22,$27,$99,$0,$147,$-40,$278,$377,$35,$23,$-0,$23,$-5,$0,$-1,$-5,$-1,$56,$-19,$0,$-81,$-5,$0,$-5,$0,$-106,$-1,$-0,$-1,$25,$25,$0,$1,$25,$-29,$9,$0
28,2011-09-30,22.0,$9.28,2.37,$10.57,2.08,$2.04,10.77,$1.08,20.37,$0.16B,$0.07B,2.27,$0.01B,$0.29B,0.02,$0.33B,$0.13B,39.02%,$0.33B,$0.04B,11.28%,$0.33B,$0.04B,11.28%,$0.33B,$0.06B,17.38%,$0.33B,$0.04B,13.41%,$0.33B,$0.03B,9.76%,$0.03B,$0.29B,11.94%,$0.03B,$0.16B,18.93%,$0.03B,$0.37B,9.30%,$0.04B,$0.29B,13.67%,$100,$62,$38,$0,$20,$88,$12,$1,$13,$4,$8,$8,$8,$18,$12,$30,32,$0.28,$0.27,$83,$0,$8,$160,$41,$0,$134,$23,$214,$374,$70,$5,$10,$14,$85,$0,$137,$-17,$289,$374,$25,$16,$2,$18,$-8,$0,$-0,$-2,$-3,$41,$-12,$0,$-81,$-7,$0,$-7,$0,$-101,$-1,$-0,$-1,$26,$26,$0,$-1,$24,$-38,$7,$0
29,2011-06-30,23.1,$9.13,2.53,$9.63,2.4,$1.44,16.0,$1.07,21.59,$0.16B,$0.10B,1.62,$0.01B,$0.27B,0.02,$0.30B,$0.12B,39.53%,$0.30B,$0.03B,10.81%,$0.30B,$0.03B,10.81%,$0.30B,$0.05B,16.89%,$0.30B,$0.04B,13.18%,$0.30B,$0.03B,10.81%,$0.03B,$0.27B,12.56%,$0.03B,$0.14B,18.42%,$0.03B,$0.39B,9.94%,$0.03B,$0.28B,12.49%,$85,$52,$33,$0,$19,$76,$9,$2,$12,$3,$8,$8,$8,$15,$9,$30,31,$0.28,$0.27,$84,$0,$8,$158,$46,$0,$139,$26,$228,$385,$97,$6,$9,$14,$112,$0,$129,$2,$274,$385,$17,$10,$5,$15,$-5,$0,$0,$1,$-5,$27,$-9,$0,$-80,$-1,$0,$-1,$0,$-90,$-0,$30,$30,$2,$2,$0,$-0,$31,$-32,$5,$0
30,2011-03-31,21.15,$8.80,2.4,$8.90,2.38,$0.76,27.89,$0.96,22.03,$0.18B,$0.04B,3.99,$0.00B,$0.26B,0.0,$0.27B,$0.11B,39.34%,$0.27B,$0.03B,10.29%,$0.27B,$0.03B,10.29%,$0.27B,$0.04B,16.18%,$0.27B,$0.03B,12.13%,$0.27B,$0.03B,10.66%,$0.03B,$0.26B,12.02%,$0.03B,$0.20B,16.20%,$0.03B,$0.31B,9.92%,$0.03B,$0.26B,11.59%,$73,$44,$29,$0,$16,$65,$8,$2,$9,$1,$8,$8,$8,$12,$8,$30,31,$0.28,$0.27,$116,$0,$5,$177,$38,$0,$61,$20,$134,$311,$44,$0,$0,$7,$51,$0,$121,$2,$260,$311,$8,$5,$1,$6,$-1,$0,$-1,$1,$-6,$8,$-7,$0,$0,$-0,$0,$-0,$0,$-7,$-0,$0,$-0,$1,$1,$0,$0,$1,$1,$2,$0
31,2010-12-31,21.48,$8.44,2.54,$8.34,2.57,$0.53,40.35,$0.88,24.41,$0.17B,$0.05B,3.64,$0.00B,$0.25B,0.0,$0.25B,$0.10B,39.92%,$0.25B,$0.03B,10.28%,$0.25B,$0.03B,10.28%,$0.25B,$0.04B,16.60%,$0.25B,$0.03B,12.65%,$0.25B,$0.03B,10.67%,$0.03B,$0.25B,11.70%,$0.03B,$0.19B,15.79%,$0.03B,$0.31B,9.69%,$0.03B,$0.25B,11.27%,$70,$42,$28,$0,$16,$62,$8,$2,$10,$2,$8,$8,$8,$12,$8,$29,30,$0.28,$0.27,$114,$0,$5,$174,$35,$0,$62,$20,$131,$306,$48,$0,$9,$9,$57,$0,$112,$1,$249,$306,$27,$16,$7,$23,$-8,$0,$-0,$-8,$-13,$37,$-20,$0,$-42,$1,$0,$1,$0,$-61,$-0,$0,$-0,$3,$3,$0,$0,$3,$-21,$9,$0
32,2010-09-30,19.45,$8.07,2.41,$8.06,2.41,$0.81,24.02,$0.86,22.62,$0.16B,$0.04B,3.73,$0.00B,$0.24B,0.0,$0.24B,$0.10B,42.15%,$0.24B,$0.03B,12.40%,$0.24B,$0.03B,12.40%,$0.24B,$0.05B,18.60%,$0.24B,$0.03B,13.64%,$0.24B,$0.03B,11.16%,$0.03B,$0.24B,12.27%,$0.03B,$0.17B,15.84%,$0.03B,$0.29B,10.20%,$0.03B,$0.24B,13.64%,$68,$41,$27,$0,$16,$61,$7,$1,$8,$0,$8,$8,$8,$11,$7,$29,30,$0.27,$0.26,$105,$0,$0,$161,$31,$0,$63,$20,$124,$286,$43,$0,$6,$6,$49,$0,$104,$1,$236,$286,$18,$11,$4,$16,$-6,$0,$-1,$-6,$-10,$24,$-15,$0,$-42,$2,$0,$2,$0,$-55,$-0,$0,$-0,$1,$1,$0,$0,$1,$-30,$6,$0
33,2010-06-30,17.17,$7.54,2.28,$7.48,2.3,$0.76,22.63,$0.74,23.2,$0.15B,$0.04B,3.76,$0.00B,$0.22B,0.0,$0.22B,$0.09B,42.34%,$0.22B,$0.03B,12.61%,$0.22B,$0.03B,12.61%,$0.22B,$0.04B,18.92%,$0.22B,$0.03B,12.61%,$0.22B,$0.02B,10.36%,$0.02B,$0.22B,11.02%,$0.02B,$0.16B,13.55%,$0.02B,$0.27B,9.23%,$0.03B,$0.22B,13.41%,$61,$37,$23,$0,$14,$55,$5,$1,$6,$2,$5,$5,$5,$9,$5,$29,30,$0.17,$0.16,$92,$0,$0,$146,$29,$0,$65,$19,$121,$266,$39,$0,$7,$7,$46,$0,$96,$-4,$220,$266,$10,$7,$2,$9,$-6,$0,$0,$-4,$-12,$7,$-10,$0,$-42,$2,$0,$2,$0,$-51,$-0,$0,$-0,$1,$1,$0,$0,$1,$-43,$4,$0
34,2010-03-31,16.68,$7.50,2.22,$6.92,2.41,$0.85,19.55,$0.62,26.9,$0.15B,$0.03B,4.76,$0.00B,$0.22B,0.0,$0.20B,$0.09B,43.35%,$0.20B,$0.03B,12.81%,$0.20B,$0.03B,12.81%,$0.20B,$0.04B,19.21%,$0.20B,$0.02B,11.33%,$0.20B,$0.02B,9.36%,$0.02B,$0.22B,9.54%,$0.02B,$0.17B,11.05%,$0.02B,$0.26B,8.05%,$0.03B,$0.22B,13.05%,$54,$31,$23,$0,$13,$48,$6,$1,$8,$2,$6,$6,$6,$10,$6,$29,30,$0.19,$0.19,$102,$0,$0,$150,$28,$0,$51,$21,$107,$257,$31,$0,$7,$7,$39,$0,$91,$1,$218,$257,$6,$3,$1,$5,$-0,$0,$-0,$-5,$-11,$-1,$-5,$0,$-29,$2,$0,$2,$0,$-33,$-0,$0,$-0,$0,$0,$0,$0,$0,$-33,$2,$0
35,2009-12-31,18.15,$7.09,2.56,$6.52,2.78,$0.84,21.48,$0.53,34.25,$0.18B,$0.04B,4.64,$0.00B,$0.21B,0.0,$0.19B,$0.08B,43.16%,$0.19B,$0.02B,12.63%,$0.19B,$0.02B,12.63%,$0.19B,$0.04B,18.95%,$0.19B,$0.02B,9.47%,$0.19B,$0.02B,8.42%,$0.02B,$0.21B,8.53%,$0.02B,$0.19B,9.48%,$0.02B,$0.25B,7.19%,$0.02B,$0.21B,12.80%,$59,$30,$29,$0,$14,$47,$12,$-1,$11,$4,$8,$8,$8,$15,$12,$29,29,$0.26,$0.25,$136,$0,$3,$178,$24,$0,$20,$15,$72,$250,$38,$0,$5,$6,$44,$0,$86,$-4,$206,$250,$16,$11,$-1,$11,$-0,$0,$1,$2,$9,$36,$-11,$0,$-2,$-4,$0,$-4,$0,$-17,$-0,$0,$-0,$1,$1,$0,$-0,$0,$20,$7,$0
36,2009-09-30,14.86,$6.54,2.27,$6.00,2.48,$0.69,21.59,$0.40,37.15,$0.16B,$0.03B,5.32,$0.00B,$0.19B,0.0,$0.18B,$0.07B,40.57%,$0.18B,$0.02B,9.71%,$0.18B,$0.02B,9.71%,$0.18B,$0.03B,14.29%,$0.18B,$0.01B,5.71%,$0.18B,$0.01B,6.29%,$0.01B,$0.19B,6.15%,$0.01B,$0.17B,6.83%,$0.01B,$0.22B,5.16%,$0.02B,$0.19B,9.50%,$48,$29,$19,$0,$11,$43,$5,$-2,$3,$-1,$4,$4,$4,$8,$5,$29,29,$0.14,$0.14,$120,$0,$4,$159,$23,$0,$20,$14,$65,$224,$30,$0,$0,$3,$33,$0,$78,$-9,$191,$224,$8,$8,$-2,$6,$3,$0,$0,$-0,$2,$16,$-9,$0,$-2,$-1,$0,$-1,$0,$-12,$-0,$0,$-0,$0,$0,$0,$0,$0,$5,$5,$0
37,2009-06-30,11.21,$6.26,1.79,$5.96,1.88,$0.64,17.52,$0.22,50.95,$0.16B,$0.03B,5.32,$0.00B,$0.18B,0.0,$0.17B,$0.07B,40.80%,$0.17B,$0.02B,9.77%,$0.17B,$0.02B,9.77%,$0.17B,$0.03B,17.24%,$0.17B,$0.01B,4.02%,$0.17B,$0.01B,3.45%,$0.01B,$0.18B,3.49%,$0.01B,$0.17B,3.88%,$0.01B,$0.21B,2.87%,$0.02B,$0.18B,9.87%,$42,$26,$17,$0,$11,$40,$3,$-1,$1,$0,$1,$1,$1,$6,$3,$29,29,$0.04,$0.04,$114,$0,$4,$156,$23,$0,$18,$13,$56,$213,$29,$0,$0,$1,$30,$0,$74,$-11,$182,$213,$4,$5,$2,$7,$3,$0,$0,$-0,$-4,$7,$-7,$0,$1,$0,$0,$0,$0,$-5,$-0,$0,$-0,$0,$0,$0,$0,$0,$2,$4,$0
38,2009-03-31,8.62,$5.88,1.47,$6.11,1.41,$0.57,15.02,$0.36,23.94,$0.15B,$0.03B,5.09,$0.00B,$0.17B,0.0,$0.18B,$0.07B,39.66%,$0.18B,$0.02B,8.94%,$0.18B,$0.02B,8.94%,$0.18B,$0.03B,15.64%,$0.18B,$0.01B,4.47%,$0.18B,$0.01B,5.59%,$0.01B,$0.17B,5.95%,$0.01B,$0.15B,6.63%,$0.01B,$0.20B,4.80%,$0.02B,$0.17B,9.50%,$41,$24,$17,$0,$10,$37,$4,$-1,$3,$0,$3,$3,$3,$7,$4,$29,29,$0.10,$0.10,$107,$0,$0,$149,$24,$0,$18,$10,$54,$203,$29,$0,$2,$2,$31,$0,$73,$-19,$171,$203,$3,$2,$1,$3,$2,$0,$0,$0,$-7,$-1,$-5,$0,$1,$0,$0,$0,$0,$-4,$-0,$0,$-0,$-0,$-0,$0,$0,$-0,$-6,$2,$0
39,2008-12-31,8.57,$5.95,1.44,$6.21,1.38,$0.28,30.31,$0.49,17.49,$0.16B,$0.04B,4.04,$0.00B,$0.17B,0.0,$0.18B,$0.07B,38.46%,$0.18B,$0.02B,8.24%,$0.18B,$0.02B,8.24%,$0.18B,$0.03B,14.84%,$0.18B,$0.01B,5.49%,$0.18B,$0.01B,7.69%,$0.01B,$0.17B,8.26%,$0.01B,$0.15B,9.21%,$0.01B,$0.21B,6.67%,$0.02B,$0.17B,8.82%,$44,$26,$18,$0,$10,$38,$5,$-2,$3,$-0,$3,$3,$3,$4,$5,$29,29,$0.12,$0.12,$113,$0,$3,$158,$25,$0,$18,$9,$54,$212,$39,$0,$1,$2,$41,$0,$70,$-14,$171,$212,$14,$11,$7,$19,$6,$0,$-2,$-7,$1,$34,$-15,$0,$-1,$0,$0,$0,$-0,$-16,$-0,$0,$-0,$0,$0,$0,$-0,$-0,$10,$6,$0
40,2008-09-30,8.78,$5.68,1.55,$5.73,1.53,$0.12,71.97,$0.70,12.54,$0.15B,$0.04B,3.85,$0.00B,$0.16B,0.0,$0.17B,$0.06B,36.31%,$0.17B,$0.01B,2.98%,$0.17B,$0.01B,2.98%,$0.17B,$0.02B,13.10%,$0.17B,$0.01B,3.57%,$0.17B,$0.02B,12.50%,$0.02B,$0.16B,12.33%,$0.02B,$0.15B,13.75%,$0.02B,$0.21B,9.94%,$0.01B,$0.16B,2.93%,$47,$28,$19,$0,$10,$41,$5,$-5,$-0,$-1,$0,$0,$-1,$13,$5,$29,29,$-0.04,$-0.04,$102,$0,$3,$153,$24,$0,$18,$9,$54,$207,$40,$0,$3,$3,$43,$0,$67,$-18,$164,$207,$11,$13,$6,$19,$-4,$0,$-2,$-6,$-11,$18,$-13,$0,$-1,$0,$0,$0,$-0,$-14,$-0,$0,$-0,$0,$0,$0,$0,$0,$-0,$0,$0
41,2008-06-30,14.03,$5.78,2.43,$5.49,2.55,$0.08,176.26,$0.95,14.77,$0.15B,$0.04B,3.83,$0.00B,$0.17B,0.0,$0.16B,$0.06B,34.78%,$0.16B,$0.00B,1.24%,$0.16B,$0.00B,1.24%,$0.16B,$0.01B,8.70%,$0.16B,$0.01B,6.83%,$0.16B,$0.03B,17.39%,$0.03B,$0.17B,16.47%,$0.03B,$0.15B,18.33%,$0.03B,$0.21B,13.43%,$0.00B,$0.17B,1.17%,$47,$30,$17,$0,$11,$45,$2,$-0,$2,$-0,$3,$3,$5,$4,$2,$29,29,$0.18,$0.18,$98,$0,$2,$151,$28,$0,$18,$10,$61,$212,$39,$0,$6,$6,$45,$0,$68,$-15,$166,$212,$12,$5,$4,$10,$-5,$0,$-3,$-4,$-14,$8,$-10,$0,$-2,$0,$0,$0,$-0,$-12,$-0,$0,$-0,$0,$0,$0,$0,$0,$-5,$0,$0
42,2008-03-31,22.96,$6.15,3.73,$5.36,4.28,$0.02,972.88,$0.96,23.92,$0.15B,$0.03B,5.08,$0.00B,$0.18B,0.0,$0.16B,$0.05B,33.76%,$0.16B,$0.00B,1.91%,$0.16B,$0.00B,1.91%,$0.16B,$0.02B,10.19%,$0.16B,$0.02B,9.55%,$0.16B,$0.03B,18.47%,$0.03B,$0.18B,17.37%,$0.03B,$0.16B,19.40%,$0.03B,$0.21B,14.43%,$0.00B,$0.18B,1.80%,$44,$29,$16,$0,$11,$42,$3,$2,$5,$-0,$5,$5,$7,$6,$3,$29,29,$0.24,$0.23,$87,$0,$4,$145,$29,$0,$18,$11,$63,$208,$29,$0,$2,$2,$31,$0,$62,$3,$177,$208,$7,$4,$-1,$3,$-8,$0,$-1,$-2,$-17,$-8,$-7,$0,$-2,$0,$0,$0,$-0,$-9,$0,$0,$0,$0,$0,$0,$0,$0,$-17,$0,$0
43,2007-12-31,23.08,$6.06,3.81,$5.22,4.43,$0.14,165.57,$0.92,25.09,$0.16B,$0.04B,3.74,$0.00B,$0.17B,0.0,$0.15B,$0.05B,33.99%,$0.15B,$0.01B,3.27%,$0.15B,$0.01B,3.27%,$0.15B,$0.02B,11.76%,$0.15B,$0.02B,10.46%,$0.15B,$0.03B,17.65%,$0.03B,$0.17B,17.09%,$0.03B,$0.16B,19.22%,$0.03B,$0.22B,14.17%,$0.01B,$0.17B,3.16%,$30,$21,$9,$0,$12,$34,$-5,$4,$-1,$-3,$3,$3,$10,$-1,$-5,$28,29,$0.34,$0.34,$102,$0,$7,$163,$24,$0,$17,$8,$55,$218,$44,$0,$0,$1,$44,$0,$56,$8,$174,$218,$27,$14,$-4,$10,$-12,$0,$1,$-4,$-13,$23,$-9,$0,$0,$-0,$0,$-0,$-0,$-9,$-0,$0,$-0,$1,$1,$0,$1,$2,$17,$1,$0
44,2007-09-30,21.26,$5.69,3.74,$5.89,3.61,$-0.74,0.0,$0.81,26.25,$0.15B,$0.03B,4.49,$0.00B,$0.16B,0.0,$0.16B,$0.07B,43.83%,$0.16B,$0.05B,28.40%,$0.16B,$0.05B,28.40%,$0.16B,$0.06B,35.19%,$0.16B,$0.05B,32.72%,$0.16B,$0.05B,32.72%,$0.05B,$0.16B,36.24%,$0.05B,$0.15B,41.25%,$0.05B,$0.20B,29.90%,$0.05B,$0.16B,31.45%,$40,$26,$14,$0,$9,$38,$2,$3,$5,$1,$4,$4,$6,$5,$2,$29,29,$0.22,$0.21,$92,$0,$8,$145,$24,$0,$17,$7,$51,$196,$32,$0,$0,$1,$33,$0,$46,$8,$163,$196,$17,$10,$-1,$9,$-13,$0,$-1,$-4,$-15,$11,$-7,$0,$0,$0,$0,$0,$-0,$-7,$-0,$0,$-0,$1,$1,$0,$1,$1,$6,$0,$0
