,Date,Stock Price,Book Value per Share,Price to Book Ratio,TTM Sales per Share,Price to Sales Ratio,TTM FCF per Share,Price to FCF Ratio,TTM Net EPS,PE Ratio,Current Assets,Current Liabilities,Current Ratio,Long Term Debt,Shareholder's Equity_x,Debt to Equity Ratio,TTM Revenue_x,TTM Gross Profit,Gross Margin,TTM Revenue_y,TTM Operating Income,Operating Margin,TTM Revenue_x,TTM EBIT,EBIT Margin,TTM Revenue_y,TTM EBITDA,EBITDA Margin,TTM Revenue_x,TTM Pre-Tax Income,Pre-Tax Margin,TTM Revenue_y,TTM Net Income_x,Net Margin,TTM Net Income_y,Shareholder's Equity_y,Return on Equity,TTM Net Income_x,Tangible Equity,Return on Tangible Equity,TTM Net Income_y,Total Assets,Return on Assets,TTM Net Income,LT Investments & Debt,Return on Investment,revenue,cost-goods-sold,gross-profit,research-development-expenses,selling-general-administrative-expenses,operating-expenses,operating-income,total-non-operating-income-expense,pre-tax-income,total-provision-income-taxes,income-after-taxes,income-from-continuous-operations,net-income,ebitda,ebit,basic-shares-outstanding,shares-outstanding,eps-basic-net-earnings-per-share,eps-earnings-per-share-diluted,cash-on-hand,inventory,other-current-assets,total-current-assets,net-property-plant-equipment,long-term-investments,goodwill-intangible-assets-total,other-long-term-assets,total-long-term-assets,total-assets,total-current-liabilities,long-term-debt,other-non-current-liabilities,total-long-term-liabilities,total-liabilities,common-stock-net,retained-earnings-accumulated-deficit,comprehensive-income,total-share-holder-equity,total-liabilities-share-holders-equity,net-income-loss,total-depreciation-amortization-cash-flow,other-non-cash-items,total-non-cash-items,change-in-accounts-receivable,change-in-inventories,change-in-accounts-payable,change-in-assets-liabilities,total-change-in-assets-liabilities,cash-flow-from-operating-activities,net-change-in-property-plant-equipment,net-change-in-intangible-assets,net-acquisitions-divestitures,net-change-in-short-term-investments,net-change-in-long-term-investments,net-change-in-investments-total,investing-activities-other,cash-flow-from-investing-activities,net-long-term-debt,net-current-debt,debt-issuance-retirement-net-total,net-common-equity-issued-repurchased,net-total-equity-issued-repurchased,total-common-preferred-stock-dividends-paid,financial-activities-other,cash-flow-from-financial-activities,net-cash-flow,stock-based-compensation,common-stock-dividends-paid
0,2018-09-30,53.6,$6.35,8.44,$6.94,7.72,$2.10,25.53,$0.97,55.54,$0.34B,$0.09B,3.82,$0.00B,$0.33B,0.0,$0.38B,$0.35B,94.13%,$0.38B,$0.08B,22.13%,$0.38B,$0.08B,22.13%,$0.38B,$0.09B,23.47%,$0.38B,$0.09B,24.53%,$0.38B,$0.05B,13.60%,$0.05B,$0.33B,16.37%,$0.05B,$0.32B,16.86%,$0.05B,$0.48B,11.23%,$0.08B,$0.33B,26.65%,$95,$7,$89,$0,$60,$75,$21,$3,$24,$7,$17,$17,$17,$22,$21,$53,54,$0.33,$0.32,$202,$0,$0,$337,$44,$0,$9,$59,$144,$481,$88,$0,$3,$62,$150,$0,$333,$-3,$331,$481,$56,$5,$12,$17,$-14,$0,$0,$-8,$-26,$47,$-12,$0,$0,$-10,$0,$-10,$0,$-22,$0,$0,$0,$1,$1,$-20,$-9,$-28,$-4,$14,$-20
1,2018-06-30,48.3,$6.13,7.88,$6.81,7.09,$1.90,25.43,$0.92,52.79,$0.32B,$0.08B,4.13,$0.00B,$0.32B,0.0,$0.37B,$0.35B,94.02%,$0.37B,$0.08B,22.01%,$0.37B,$0.08B,22.01%,$0.37B,$0.09B,23.64%,$0.37B,$0.09B,24.46%,$0.37B,$0.05B,13.32%,$0.05B,$0.32B,16.13%,$0.05B,$0.31B,16.62%,$0.05B,$0.46B,11.06%,$0.08B,$0.32B,26.67%,$96,$6,$90,$0,$60,$73,$22,$2,$25,$6,$18,$18,$18,$24,$22,$53,54,$0.35,$0.34,$193,$0,$0,$319,$41,$0,$9,$55,$137,$456,$77,$0,$3,$60,$137,$0,$322,$-3,$319,$456,$39,$3,$9,$12,$-7,$0,$0,$-5,$-23,$28,$-9,$0,$0,$-4,$0,$-4,$0,$-13,$0,$0,$0,$1,$1,$-14,$-9,$-22,$-7,$10,$-14
2,2018-03-31,39.23,$5.90,6.65,$6.67,5.88,$1.82,21.54,$0.83,47.26,$0.31B,$0.07B,4.39,$0.00B,$0.31B,0.0,$0.36B,$0.34B,94.44%,$0.36B,$0.08B,21.94%,$0.36B,$0.08B,21.94%,$0.36B,$0.09B,23.61%,$0.36B,$0.09B,24.17%,$0.36B,$0.05B,12.50%,$0.05B,$0.31B,15.19%,$0.05B,$0.30B,15.65%,$0.05B,$0.44B,10.43%,$0.08B,$0.31B,26.67%,$96,$6,$91,$0,$62,$75,$22,$1,$22,$2,$20,$20,$20,$23,$22,$53,54,$0.39,$0.38,$179,$0,$0,$305,$40,$0,$9,$55,$135,$440,$70,$0,$3,$64,$134,$0,$311,$-1,$307,$440,$20,$2,$6,$8,$-8,$0,$0,$-6,$-24,$4,$-7,$0,$0,$-4,$0,$-4,$0,$-11,$0,$0,$0,$0,$0,$-7,$-9,$-15,$-22,$6,$-7
3,2017-12-31,35.34,$5.61,6.3,$6.45,5.48,$1.82,19.4,$0.76,46.5,$0.32B,$0.09B,3.39,$0.00B,$0.29B,0.0,$0.35B,$0.33B,94.54%,$0.35B,$0.07B,20.69%,$0.35B,$0.07B,20.69%,$0.35B,$0.08B,22.41%,$0.35B,$0.08B,23.56%,$0.35B,$0.04B,12.07%,$0.04B,$0.29B,14.45%,$0.04B,$0.28B,14.89%,$0.04B,$0.44B,9.98%,$0.07B,$0.29B,24.76%,$88,$6,$83,$0,$57,$70,$18,$3,$21,$24,$-4,$-4,$-4,$19,$18,$53,54,$-0.07,$-0.07,$196,$0,$0,$316,$35,$0,$9,$50,$124,$440,$93,$0,$3,$57,$151,$0,$304,$-2,$289,$440,$41,$6,$30,$36,$-25,$0,$0,$4,$-10,$68,$-5,$0,$0,$-13,$0,$-13,$0,$-18,$0,$0,$0,$-10,$-10,$-22,$-10,$-41,$10,$16,$-22
4,2017-09-30,36.63,$5.81,6.3,$6.23,5.88,$1.62,22.61,$1.03,35.74,$0.30B,$0.08B,3.7,$0.00B,$0.30B,0.0,$0.34B,$0.32B,94.66%,$0.34B,$0.07B,20.47%,$0.34B,$0.07B,20.47%,$0.34B,$0.08B,22.55%,$0.34B,$0.08B,23.15%,$0.34B,$0.06B,16.62%,$0.06B,$0.30B,19.53%,$0.06B,$0.29B,20.13%,$0.06B,$0.44B,13.59%,$0.07B,$0.30B,24.06%,$88,$5,$82,$0,$56,$68,$19,$3,$22,$7,$15,$15,$15,$21,$19,$53,54,$0.28,$0.27,$166,$0,$0,$301,$35,$0,$9,$48,$135,$436,$81,$0,$2,$54,$136,$0,$313,$-2,$300,$436,$45,$5,$14,$18,$-39,$0,$0,$1,$-36,$27,$-3,$0,$0,$-17,$0,$-17,$0,$-20,$0,$0,$0,$-7,$-7,$-16,$-10,$-33,$-25,$13,$-16
5,2017-06-30,28.81,$5.61,5.13,$6.03,4.78,$1.63,17.71,$0.97,29.85,$0.28B,$0.07B,4.09,$0.00B,$0.29B,0.0,$0.33B,$0.31B,95.11%,$0.33B,$0.07B,20.18%,$0.33B,$0.07B,20.18%,$0.33B,$0.07B,22.02%,$0.33B,$0.07B,22.63%,$0.33B,$0.05B,15.90%,$0.05B,$0.29B,18.67%,$0.05B,$0.28B,19.26%,$0.05B,$0.41B,13.02%,$0.07B,$0.29B,23.70%,$88,$4,$84,$0,$57,$68,$20,$2,$22,$9,$14,$14,$14,$22,$20,$53,54,$0.26,$0.26,$162,$0,$0,$279,$36,$0,$9,$46,$131,$410,$68,$0,$2,$52,$120,$0,$304,$-3,$289,$410,$30,$3,$11,$14,$-21,$0,$0,$2,$-27,$17,$-3,$0,$0,$-13,$0,$-13,$0,$-16,$0,$0,$0,$-6,$-6,$-11,$-10,$-27,$-25,$9,$-11
6,2017-03-31,29.32,$5.50,5.33,$5.82,5.04,$1.56,18.8,$0.90,32.58,$0.26B,$0.06B,4.59,$0.00B,$0.29B,0.0,$0.32B,$0.30B,94.94%,$0.32B,$0.06B,19.30%,$0.32B,$0.06B,19.30%,$0.32B,$0.07B,20.89%,$0.32B,$0.07B,21.84%,$0.32B,$0.05B,15.19%,$0.05B,$0.29B,17.39%,$0.05B,$0.28B,17.96%,$0.05B,$0.40B,12.19%,$0.06B,$0.29B,22.10%,$84,$4,$80,$0,$59,$69,$15,$3,$17,$1,$17,$17,$17,$16,$15,$53,54,$0.32,$0.31,$155,$0,$0,$264,$37,$0,$9,$48,$135,$398,$57,$0,$2,$56,$113,$0,$296,$-3,$285,$398,$17,$2,$6,$8,$-9,$0,$0,$-4,$-26,$-2,$-1,$0,$0,$-9,$0,$-9,$0,$-10,$0,$0,$0,$-1,$-1,$-5,$-10,$-16,$-28,$6,$-5
7,2016-12-31,29.58,$5.34,5.54,$5.79,5.11,$1.60,18.55,$0.88,33.81,$0.27B,$0.08B,3.42,$0.00B,$0.27B,0.0,$0.32B,$0.30B,94.92%,$0.32B,$0.06B,19.68%,$0.32B,$0.06B,19.68%,$0.32B,$0.07B,21.59%,$0.32B,$0.07B,22.22%,$0.32B,$0.05B,14.60%,$0.05B,$0.27B,16.85%,$0.05B,$0.27B,17.41%,$0.05B,$0.40B,11.84%,$0.06B,$0.27B,22.71%,$77,$4,$73,$0,$51,$62,$15,$2,$17,$6,$10,$10,$10,$17,$15,$53,54,$0.20,$0.20,$174,$0,$0,$274,$37,$0,$9,$42,$130,$404,$80,$0,$2,$50,$130,$0,$291,$-3,$273,$404,$47,$6,$13,$19,$-1,$0,$0,$-1,$0,$67,$-14,$0,$0,$-13,$0,$-13,$0,$-27,$0,$0,$0,$-23,$-23,$-19,$-8,$-49,$-11,$13,$-19
8,2016-09-30,24.98,$5.21,4.79,$5.72,4.37,$1.64,15.26,$0.86,29.04,$0.26B,$0.07B,3.72,$0.00B,$0.27B,0.0,$0.31B,$0.30B,94.87%,$0.31B,$0.06B,19.55%,$0.31B,$0.06B,19.55%,$0.31B,$0.07B,21.47%,$0.31B,$0.07B,22.12%,$0.31B,$0.05B,14.74%,$0.05B,$0.27B,17.01%,$0.05B,$0.26B,17.59%,$0.05B,$0.39B,11.96%,$0.06B,$0.27B,22.55%,$78,$3,$74,$0,$52,$62,$16,$2,$18,$7,$11,$11,$11,$17,$16,$53,54,$0.22,$0.21,$150,$0,$0,$257,$37,$0,$9,$41,$128,$385,$69,$0,$2,$49,$119,$0,$286,$-2,$267,$385,$37,$5,$11,$15,$-7,$0,$0,$-3,$-15,$37,$-13,$0,$0,$-6,$0,$-6,$0,$-19,$0,$0,$0,$-23,$-23,$-14,$-8,$-45,$-27,$11,$-14
9,2016-06-30,28.47,$5.37,5.3,$5.74,4.96,$1.74,16.34,$0.87,32.91,$0.27B,$0.06B,4.4,$0.00B,$0.28B,0.0,$0.31B,$0.30B,94.89%,$0.31B,$0.07B,21.09%,$0.31B,$0.07B,21.09%,$0.31B,$0.07B,23.00%,$0.31B,$0.07B,22.36%,$0.31B,$0.05B,15.02%,$0.05B,$0.28B,17.54%,$0.05B,$0.27B,18.15%,$0.05B,$0.39B,12.35%,$0.07B,$0.28B,24.63%,$77,$4,$73,$0,$51,$62,$15,$2,$17,$6,$10,$10,$10,$16,$15,$53,55,$0.20,$0.19,$162,$0,$0,$273,$29,$0,$9,$39,$116,$388,$62,$0,$2,$47,$109,$0,$279,$-2,$279,$388,$26,$3,$9,$12,$-5,$0,$0,$-7,$-23,$15,$-3,$0,$0,$-3,$0,$-3,$0,$-6,$0,$0,$0,$-3,$-3,$-10,$-8,$-20,$-12,$8,$-10
10,2016-03-31,24.78,$5.25,4.72,$5.78,4.29,$1.78,13.95,$0.89,27.85,$0.26B,$0.06B,4.78,$0.00B,$0.27B,0.0,$0.32B,$0.30B,94.62%,$0.32B,$0.07B,22.15%,$0.32B,$0.07B,22.15%,$0.32B,$0.08B,24.05%,$0.32B,$0.07B,22.78%,$0.32B,$0.05B,15.51%,$0.05B,$0.27B,18.61%,$0.05B,$0.26B,19.27%,$0.05B,$0.38B,13.05%,$0.07B,$0.27B,26.59%,$83,$4,$79,$0,$56,$67,$16,$1,$18,$2,$15,$15,$15,$18,$16,$53,54,$0.29,$0.28,$155,$0,$0,$262,$28,$0,$9,$39,$116,$377,$55,$0,$2,$50,$105,$0,$274,$-2,$273,$377,$15,$1,$5,$7,$-7,$0,$0,$-1,$-22,$0,$-1,$0,$0,$-11,$0,$-11,$0,$-12,$0,$0,$0,$-3,$-3,$-5,$-8,$-15,$-27,$5,$-5
11,2015-12-31,24.18,$5.11,4.73,$5.72,4.22,$1.82,13.3,$0.80,30.32,$0.27B,$0.08B,3.39,$0.00B,$0.26B,0.0,$0.31B,$0.30B,94.57%,$0.31B,$0.07B,22.04%,$0.31B,$0.07B,22.04%,$0.31B,$0.08B,23.96%,$0.31B,$0.07B,22.68%,$0.31B,$0.04B,14.06%,$0.04B,$0.26B,17.02%,$0.04B,$0.25B,17.64%,$0.04B,$0.39B,11.88%,$0.07B,$0.26B,26.69%,$74,$4,$70,$0,$49,$59,$14,$2,$16,$6,$10,$10,$10,$16,$14,$53,55,$0.19,$0.18,$172,$0,$0,$273,$28,$0,$9,$38,$115,$388,$80,$0,$2,$44,$125,$0,$269,$-2,$263,$388,$44,$6,$4,$10,$-3,$0,$0,$-0,$7,$60,$-5,$0,$0,$-22,$0,$-22,$0,$-27,$0,$0,$0,$-20,$-20,$-16,$-1,$-37,$-4,$13,$-16
12,2015-09-30,21.51,$5.00,4.3,$5.70,3.77,$1.59,13.52,$0.79,27.31,$0.27B,$0.07B,3.87,$0.00B,$0.26B,0.0,$0.31B,$0.30B,94.57%,$0.31B,$0.07B,22.04%,$0.31B,$0.07B,22.04%,$0.31B,$0.08B,23.96%,$0.31B,$0.07B,22.68%,$0.31B,$0.04B,13.74%,$0.04B,$0.26B,16.95%,$0.04B,$0.25B,17.55%,$0.04B,$0.37B,11.79%,$0.07B,$0.26B,27.19%,$79,$4,$75,$0,$47,$58,$21,$-2,$19,$7,$12,$12,$12,$22,$21,$53,55,$0.22,$0.22,$151,$0,$0,$269,$29,$0,$9,$36,$100,$369,$70,$0,$2,$43,$112,$0,$263,$-1,$257,$369,$34,$5,$5,$10,$-9,$0,$0,$-1,$-9,$34,$-4,$0,$0,$-2,$0,$-2,$0,$-7,$0,$0,$0,$-18,$-18,$-12,$-2,$-32,$-5,$11,$-12
13,2015-06-30,21.54,$5.01,4.3,$5.68,3.79,$1.44,14.93,$0.77,27.88,$0.27B,$0.07B,4.17,$0.00B,$0.26B,0.0,$0.31B,$0.30B,94.25%,$0.31B,$0.07B,21.41%,$0.31B,$0.07B,21.41%,$0.31B,$0.07B,23.64%,$0.31B,$0.07B,22.36%,$0.31B,$0.04B,13.42%,$0.04B,$0.26B,16.82%,$0.04B,$0.25B,17.43%,$0.04B,$0.37B,11.65%,$0.07B,$0.26B,26.83%,$80,$5,$75,$0,$50,$61,$19,$1,$19,$8,$12,$12,$12,$20,$19,$53,55,$0.22,$0.22,$150,$0,$0,$269,$27,$0,$9,$38,$99,$368,$65,$0,$2,$44,$108,$0,$256,$-1,$260,$368,$22,$3,$3,$6,$-8,$0,$0,$-1,$-13,$15,$-2,$0,$0,$7,$0,$7,$0,$5,$0,$0,$0,$-6,$-6,$-8,$-3,$-17,$2,$8,$-8
14,2015-03-31,21.3,$4.88,4.36,$5.60,3.81,$1.36,15.65,$0.76,28.03,$0.26B,$0.06B,4.68,$0.00B,$0.25B,0.0,$0.31B,$0.29B,94.19%,$0.31B,$0.06B,20.65%,$0.31B,$0.06B,20.65%,$0.31B,$0.07B,23.23%,$0.31B,$0.07B,22.26%,$0.31B,$0.04B,13.23%,$0.04B,$0.25B,16.65%,$0.04B,$0.25B,17.26%,$0.04B,$0.36B,11.51%,$0.06B,$0.25B,25.99%,$80,$4,$76,$0,$55,$65,$15,$2,$17,$7,$10,$10,$10,$17,$15,$53,55,$0.20,$0.19,$145,$0,$0,$257,$28,$0,$9,$38,$100,$357,$55,$0,$2,$49,$103,$0,$248,$-1,$254,$357,$10,$2,$-1,$1,$-2,$0,$0,$0,$-9,$2,$-1,$0,$0,$3,$0,$3,$0,$3,$0,$0,$0,$-3,$-3,$-4,$-3,$-10,$-6,$5,$-4
15,2014-12-31,19.7,$4.74,4.15,$5.49,3.59,$1.22,16.21,$0.74,26.71,$0.26B,$0.08B,3.22,$0.00B,$0.24B,0.0,$0.31B,$0.29B,94.44%,$0.31B,$0.06B,20.59%,$0.31B,$0.06B,20.59%,$0.31B,$0.07B,23.20%,$0.31B,$0.07B,21.90%,$0.31B,$0.04B,13.07%,$0.04B,$0.24B,16.44%,$0.04B,$0.24B,17.06%,$0.04B,$0.37B,11.35%,$0.06B,$0.24B,25.90%,$74,$4,$70,$0,$49,$59,$14,$2,$16,$7,$9,$9,$9,$16,$14,$54,55,$0.17,$0.17,$154,$0,$0,$255,$28,$0,$9,$37,$110,$365,$79,$0,$2,$42,$121,$0,$247,$-1,$244,$365,$41,$6,$3,$10,$-11,$0,$0,$-4,$-2,$48,$-5,$0,$0,$7,$0,$7,$0,$2,$0,$0,$0,$-29,$-29,$-13,$-1,$-43,$7,$13,$-13
16,2014-09-30,16.87,$4.66,3.62,$5.46,3.09,$1.42,11.86,$0.73,23.27,$0.25B,$0.07B,3.57,$0.00B,$0.24B,0.0,$0.31B,$0.29B,94.43%,$0.31B,$0.06B,20.00%,$0.31B,$0.06B,20.00%,$0.31B,$0.07B,22.62%,$0.31B,$0.07B,21.64%,$0.31B,$0.04B,13.11%,$0.04B,$0.24B,16.60%,$0.04B,$0.23B,17.24%,$0.04B,$0.35B,11.52%,$0.06B,$0.24B,25.31%,$79,$4,$74,$0,$48,$59,$19,$-1,$18,$7,$11,$11,$11,$21,$19,$54,55,$0.21,$0.20,$142,$0,$0,$254,$29,$0,$9,$36,$98,$352,$71,$0,$2,$40,$112,$0,$241,$-0,$241,$352,$31,$5,$0,$5,$-13,$0,$0,$-4,$-10,$26,$-4,$0,$0,$7,$0,$7,$0,$3,$0,$0,$0,$-25,$-25,$-10,$-1,$-36,$-7,$11,$-10
17,2014-06-30,17.58,$4.70,3.74,$5.38,3.27,$1.54,11.39,$0.72,24.34,$0.26B,$0.07B,3.96,$0.00B,$0.25B,0.0,$0.30B,$0.28B,94.35%,$0.30B,$0.06B,18.94%,$0.30B,$0.06B,18.94%,$0.30B,$0.06B,21.26%,$0.30B,$0.07B,21.93%,$0.30B,$0.04B,13.29%,$0.04B,$0.25B,16.77%,$0.04B,$0.24B,17.43%,$0.04B,$0.35B,11.76%,$0.06B,$0.25B,23.90%,$77,$4,$72,$0,$50,$60,$16,$2,$18,$7,$11,$11,$11,$18,$16,$54,55,$0.21,$0.21,$145,$0,$0,$255,$29,$0,$9,$36,$96,$351,$65,$0,$2,$41,$105,$0,$233,$1,$246,$351,$20,$3,$-0,$3,$-10,$0,$0,$-3,$-12,$11,$-2,$0,$0,$1,$0,$1,$0,$-1,$0,$0,$0,$-13,$-13,$-7,$-1,$-21,$-10,$8,$-7
18,2014-03-31,17.74,$4.60,3.86,$5.35,3.32,$1.61,11.0,$0.71,24.91,$0.25B,$0.06B,4.0,$0.00B,$0.24B,0.0,$0.30B,$0.28B,94.67%,$0.30B,$0.06B,19.67%,$0.30B,$0.06B,19.67%,$0.30B,$0.07B,21.67%,$0.30B,$0.07B,22.00%,$0.30B,$0.04B,13.33%,$0.04B,$0.24B,17.19%,$0.04B,$0.23B,17.86%,$0.04B,$0.34B,12.08%,$0.06B,$0.24B,25.35%,$76,$3,$73,$0,$53,$62,$14,$1,$15,$6,$9,$9,$9,$16,$14,$54,56,$0.17,$0.17,$137,$0,$0,$250,$28,$0,$9,$33,$92,$342,$62,$0,$1,$38,$100,$0,$226,$0,$242,$342,$9,$2,$-2,$-1,$-8,$0,$0,$-5,$-14,$-6,$-1,$0,$0,$1,$0,$1,$0,$0,$0,$0,$0,$-7,$-7,$-3,$-2,$-12,$-17,$5,$-3
19,2013-12-31,18.21,$4.50,4.05,$5.27,3.45,$1.61,11.29,$0.69,26.48,$0.25B,$0.07B,3.49,$0.00B,$0.24B,0.0,$0.30B,$0.28B,94.28%,$0.30B,$0.06B,18.86%,$0.30B,$0.06B,18.86%,$0.30B,$0.06B,20.54%,$0.30B,$0.07B,21.89%,$0.30B,$0.04B,13.13%,$0.04B,$0.24B,17.20%,$0.04B,$0.23B,17.87%,$0.04B,$0.34B,12.22%,$0.06B,$0.24B,24.70%,$73,$4,$69,$0,$50,$60,$12,$2,$15,$6,$9,$9,$9,$14,$12,$54,56,$0.16,$0.16,$156,$0,$0,$252,$29,$0,$9,$34,$92,$344,$72,$0,$1,$37,$109,$0,$226,$0,$235,$344,$39,$5,$8,$13,$7,$0,$0,$-4,$10,$62,$-6,$0,$0,$-13,$0,$-13,$0,$-19,$0,$0,$0,$-24,$-24,$-8,$-2,$-34,$10,$13,$-8
20,2013-09-30,16.89,$4.40,3.84,$5.25,3.22,$1.38,12.2,$0.68,24.84,$0.24B,$0.06B,3.99,$0.00B,$0.23B,0.0,$0.30B,$0.28B,92.93%,$0.30B,$0.06B,19.53%,$0.30B,$0.06B,19.53%,$0.30B,$0.06B,20.88%,$0.30B,$0.06B,21.55%,$0.30B,$0.04B,12.79%,$0.04B,$0.23B,17.12%,$0.04B,$0.22B,17.78%,$0.04B,$0.32B,12.18%,$0.06B,$0.23B,26.13%,$75,$5,$70,$0,$48,$60,$15,$2,$18,$6,$11,$11,$11,$16,$15,$54,56,$0.21,$0.20,$135,$0,$0,$235,$28,$0,$9,$32,$89,$324,$59,$0,$1,$35,$94,$0,$219,$-0,$231,$324,$30,$4,$6,$10,$2,$0,$0,$-4,$-6,$34,$-5,$0,$0,$7,$0,$7,$0,$3,$0,$0,$0,$-20,$-20,$-6,$-2,$-28,$8,$11,$-6
21,2013-06-30,13.87,$4.25,3.26,$5.20,2.67,$1.18,11.72,$0.66,20.93,$0.23B,$0.06B,3.91,$0.00B,$0.22B,0.0,$0.30B,$0.27B,92.54%,$0.30B,$0.06B,19.66%,$0.30B,$0.06B,19.66%,$0.30B,$0.06B,21.02%,$0.30B,$0.06B,21.02%,$0.30B,$0.04B,12.54%,$0.04B,$0.22B,17.11%,$0.04B,$0.22B,17.77%,$0.04B,$0.31B,12.15%,$0.06B,$0.22B,26.82%,$76,$4,$72,$0,$48,$58,$18,$1,$18,$7,$11,$11,$11,$19,$18,$55,56,$0.20,$0.19,$123,$0,$0,$228,$29,$0,$9,$30,$86,$314,$58,$0,$1,$33,$91,$0,$211,$-1,$223,$314,$19,$3,$4,$7,$-2,$0,$0,$-2,$-9,$16,$-4,$0,$0,$14,$0,$14,$0,$11,$0,$0,$0,$-17,$-17,$-4,$-2,$-23,$3,$8,$-4
22,2013-03-31,12.62,$4.13,3.06,$5.15,2.45,$1.26,10.0,$0.65,19.42,$0.21B,$0.04B,4.82,$0.00B,$0.22B,0.0,$0.29B,$0.27B,91.81%,$0.29B,$0.06B,19.45%,$0.29B,$0.06B,19.45%,$0.29B,$0.06B,21.16%,$0.29B,$0.06B,20.82%,$0.29B,$0.04B,12.29%,$0.04B,$0.22B,17.16%,$0.04B,$0.21B,17.87%,$0.04B,$0.30B,12.19%,$0.06B,$0.22B,27.18%,$73,$4,$69,$0,$52,$62,$11,$3,$14,$6,$8,$8,$8,$12,$11,$55,57,$0.15,$0.14,$111,$0,$0,$207,$28,$0,$9,$32,$88,$295,$43,$0,$1,$34,$77,$0,$202,$-1,$218,$295,$8,$1,$0,$2,$5,$0,$0,$-4,$-15,$-5,$-2,$0,$0,$11,$0,$11,$0,$9,$0,$0,$0,$-11,$-11,$-2,$-2,$-15,$-12,$5,$-2
23,2012-12-31,13.03,$4.10,3.18,$5.11,2.55,$1.34,9.71,$0.65,19.96,$0.24B,$0.07B,3.28,$0.00B,$0.22B,0.0,$0.29B,$0.27B,91.10%,$0.29B,$0.06B,19.86%,$0.29B,$0.06B,19.86%,$0.29B,$0.06B,21.58%,$0.29B,$0.06B,20.89%,$0.29B,$0.04B,12.33%,$0.04B,$0.22B,17.56%,$0.04B,$0.21B,18.30%,$0.04B,$0.32B,12.49%,$0.06B,$0.22B,28.29%,$73,$8,$65,$0,$45,$59,$14,$1,$14,$6,$8,$8,$8,$15,$14,$55,57,$0.15,$0.15,$134,$0,$0,$235,$27,$0,$9,$26,$80,$315,$72,$0,$1,$27,$99,$0,$206,$-0,$216,$315,$37,$5,$6,$11,$-14,$0,$0,$-3,$0,$49,$-5,$0,$0,$4,$0,$4,$0,$-1,$0,$0,$0,$-19,$-19,$0,$0,$-19,$29,$12,$0
24,2012-09-30,13.32,$3.95,3.38,$4.99,2.67,$1.30,10.22,$0.64,20.9,$0.22B,$0.06B,3.68,$0.00B,$0.21B,0.0,$0.29B,$0.26B,91.29%,$0.29B,$0.06B,19.16%,$0.29B,$0.06B,19.16%,$0.29B,$0.06B,20.91%,$0.29B,$0.06B,20.91%,$0.29B,$0.04B,12.54%,$0.04B,$0.21B,18.20%,$0.04B,$0.20B,19.02%,$0.04B,$0.29B,13.01%,$0.06B,$0.21B,27.81%,$73,$7,$67,$0,$46,$59,$15,$2,$16,$6,$10,$10,$10,$16,$15,$55,57,$0.19,$0.18,$110,$0,$0,$215,$27,$0,$9,$25,$78,$294,$59,$0,$1,$27,$85,$0,$199,$-0,$208,$294,$29,$4,$5,$9,$-17,$0,$0,$-5,$-16,$22,$-3,$0,$0,$3,$0,$3,$0,$-1,$0,$0,$0,$-17,$-17,$0,$-1,$-18,$3,$10,$0
25,2012-06-30,12.33,$3.73,3.3,$4.83,2.55,$1.37,8.97,$0.61,20.29,$0.20B,$0.06B,3.69,$0.00B,$0.20B,0.0,$0.28B,$0.26B,91.43%,$0.28B,$0.06B,20.36%,$0.28B,$0.06B,20.36%,$0.28B,$0.06B,22.14%,$0.28B,$0.06B,20.71%,$0.28B,$0.04B,12.50%,$0.04B,$0.20B,18.40%,$0.04B,$0.19B,19.26%,$0.04B,$0.28B,13.20%,$0.06B,$0.20B,29.96%,$74,$6,$68,$0,$45,$57,$17,$-0,$17,$7,$10,$10,$10,$19,$17,$55,57,$0.19,$0.18,$109,$0,$0,$202,$27,$0,$9,$24,$74,$277,$55,$0,$1,$25,$80,$0,$189,$-1,$197,$277,$19,$3,$3,$6,$-6,$0,$0,$2,$-5,$19,$-2,$0,$0,$0,$0,$0,$0,$-2,$0,$0,$0,$-17,$-17,$0,$-1,$-18,$0,$7,$0
26,2012-03-31,11.32,$3.71,3.06,$4.62,2.45,$1.26,8.96,$0.57,20.04,$0.19B,$0.04B,4.67,$0.00B,$0.20B,0.0,$0.27B,$0.25B,91.88%,$0.27B,$0.05B,19.56%,$0.27B,$0.05B,19.56%,$0.27B,$0.06B,21.40%,$0.27B,$0.06B,20.30%,$0.27B,$0.03B,12.18%,$0.03B,$0.20B,17.62%,$0.03B,$0.19B,18.46%,$0.03B,$0.27B,12.68%,$0.05B,$0.20B,28.30%,$72,$5,$66,$0,$49,$60,$12,$2,$14,$6,$8,$8,$8,$13,$12,$55,58,$0.15,$0.14,$104,$0,$0,$191,$27,$0,$9,$25,$76,$267,$41,$0,$1,$27,$68,$0,$179,$-0,$199,$267,$8,$1,$2,$3,$-1,$0,$0,$1,$-13,$-1,$-1,$0,$0,$0,$0,$0,$0,$-1,$0,$0,$0,$-2,$-2,$0,$-1,$-3,$-6,$4,$0
27,2011-12-31,10.73,$3.51,3.06,$4.58,2.34,$1.20,8.95,$0.56,19.33,$0.20B,$0.06B,3.27,$0.00B,$0.19B,0.0,$0.27B,$0.25B,90.81%,$0.27B,$0.05B,19.49%,$0.27B,$0.05B,19.49%,$0.27B,$0.06B,21.32%,$0.27B,$0.05B,19.85%,$0.27B,$0.03B,12.13%,$0.03B,$0.19B,17.81%,$0.03B,$0.18B,18.67%,$0.03B,$0.27B,12.85%,$0.05B,$0.19B,28.61%,$68,$7,$61,$0,$43,$57,$11,$2,$13,$5,$8,$8,$8,$12,$11,$57,59,$0.14,$0.14,$110,$0,$0,$199,$27,$0,$9,$20,$70,$269,$61,$0,$1,$21,$82,$0,$179,$-0,$187,$269,$33,$5,$6,$11,$-3,$0,$0,$-2,$3,$47,$-4,$0,$0,$-26,$0,$-26,$0,$-29,$0,$0,$0,$-38,$-38,$0,$-1,$-39,$-22,$10,$0
28,2011-09-30,9.64,$3.36,2.87,$4.47,2.16,$1.03,9.35,$0.52,18.46,$0.18B,$0.05B,3.62,$0.00B,$0.18B,0.0,$0.27B,$0.24B,90.26%,$0.27B,$0.05B,19.10%,$0.27B,$0.05B,19.10%,$0.27B,$0.06B,20.97%,$0.27B,$0.05B,19.48%,$0.27B,$0.03B,11.61%,$0.03B,$0.18B,16.80%,$0.03B,$0.17B,17.61%,$0.03B,$0.25B,12.19%,$0.05B,$0.18B,27.64%,$66,$5,$61,$0,$39,$49,$17,$-2,$14,$6,$9,$9,$9,$18,$17,$56,58,$0.16,$0.15,$91,$0,$0,$179,$27,$0,$9,$18,$69,$248,$49,$0,$1,$20,$70,$0,$172,$-0,$178,$248,$25,$3,$3,$7,$-2,$0,$0,$-3,$-6,$25,$-3,$0,$0,$-26,$0,$-26,$0,$-28,$0,$0,$0,$-37,$-37,$0,$-1,$-39,$-41,$8,$0
29,2011-06-30,10.15,$3.38,3.0,$4.44,2.29,$0.99,10.25,$0.50,20.2,$0.19B,$0.05B,3.74,$0.00B,$0.19B,0.0,$0.27B,$0.24B,88.76%,$0.27B,$0.05B,17.23%,$0.27B,$0.05B,17.23%,$0.27B,$0.05B,19.10%,$0.27B,$0.05B,19.10%,$0.27B,$0.03B,11.24%,$0.03B,$0.19B,16.33%,$0.03B,$0.18B,17.14%,$0.03B,$0.26B,11.95%,$0.05B,$0.19B,25.03%,$65,$5,$61,$0,$41,$52,$13,$1,$14,$6,$8,$8,$8,$15,$13,$58,60,$0.14,$0.14,$95,$0,$0,$187,$28,$0,$9,$20,$70,$257,$50,$0,$1,$22,$72,$0,$164,$-0,$185,$257,$16,$2,$2,$4,$-5,$0,$0,$2,$-7,$13,$-2,$0,$0,$-26,$0,$-26,$0,$-27,$0,$0,$0,$-22,$-22,$0,$-1,$-23,$-37,$6,$0
30,2011-03-31,10.41,$3.41,3.06,$4.36,2.39,$0.88,11.79,$0.49,21.46,$0.18B,$0.04B,4.61,$0.00B,$0.19B,0.0,$0.26B,$0.23B,88.17%,$0.26B,$0.05B,17.56%,$0.26B,$0.05B,17.56%,$0.26B,$0.05B,19.08%,$0.26B,$0.05B,18.70%,$0.26B,$0.03B,11.07%,$0.03B,$0.19B,16.20%,$0.03B,$0.18B,17.03%,$0.03B,$0.25B,11.93%,$0.05B,$0.19B,25.70%,$73,$9,$64,$0,$46,$61,$12,$1,$13,$5,$8,$8,$8,$13,$12,$58,61,$0.14,$0.13,$92,$0,$0,$184,$27,$0,$9,$20,$69,$253,$40,$0,$0,$22,$62,$0,$156,$-0,$191,$253,$8,$1,$0,$1,$-9,$0,$0,$6,$-15,$-6,$-1,$0,$0,$-2,$0,$-2,$0,$-3,$0,$0,$0,$-6,$-6,$0,$-1,$-8,$-17,$4,$0
31,2010-12-31,8.76,$3.28,2.67,$4.14,2.12,$1.01,8.7,$0.46,19.15,$0.20B,$0.06B,3.37,$0.00B,$0.18B,0.0,$0.25B,$0.22B,89.52%,$0.25B,$0.04B,17.74%,$0.25B,$0.04B,17.74%,$0.25B,$0.05B,19.35%,$0.25B,$0.05B,18.95%,$0.25B,$0.03B,10.89%,$0.03B,$0.18B,15.79%,$0.03B,$0.18B,16.67%,$0.03B,$0.26B,11.68%,$0.04B,$0.18B,25.73%,$63,$8,$55,$0,$40,$53,$9,$1,$11,$5,$6,$6,$6,$10,$9,$57,60,$0.11,$0.10,$107,$0,$0,$195,$27,$0,$9,$15,$64,$259,$58,$0,$0,$17,$75,$0,$156,$-0,$184,$259,$28,$4,$4,$9,$-11,$0,$0,$-7,$-0,$36,$-2,$0,$0,$7,$0,$7,$0,$5,$0,$0,$0,$-4,$-4,$0,$2,$-2,$39,$9,$0
32,2010-09-30,7.84,$3.15,2.49,$3.96,1.98,$0.86,9.09,$0.43,18.23,$0.17B,$0.04B,3.89,$0.00B,$0.18B,0.0,$0.24B,$0.22B,90.72%,$0.24B,$0.04B,17.72%,$0.24B,$0.04B,17.72%,$0.24B,$0.05B,19.41%,$0.24B,$0.04B,18.57%,$0.24B,$0.03B,10.97%,$0.03B,$0.18B,16.00%,$0.03B,$0.17B,16.94%,$0.03B,$0.24B,11.93%,$0.04B,$0.18B,25.85%,$66,$9,$57,$0,$40,$55,$12,$2,$13,$5,$8,$8,$8,$13,$12,$58,60,$0.14,$0.13,$92,$0,$0,$172,$28,$0,$9,$14,$63,$235,$44,$0,$0,$16,$61,$0,$153,$-0,$175,$235,$21,$3,$5,$8,$-10,$0,$0,$-1,$-6,$23,$-2,$0,$0,$7,$0,$7,$0,$5,$0,$0,$0,$-5,$-5,$0,$0,$-4,$24,$7,$0
33,2010-06-30,7.63,$2.99,2.55,$3.78,2.02,$0.59,12.84,$0.40,19.21,$0.16B,$0.04B,3.74,$0.00B,$0.17B,0.0,$0.23B,$0.21B,92.48%,$0.23B,$0.04B,16.81%,$0.23B,$0.04B,16.81%,$0.23B,$0.04B,19.03%,$0.23B,$0.04B,18.14%,$0.23B,$0.02B,10.62%,$0.02B,$0.17B,15.46%,$0.02B,$0.16B,16.38%,$0.02B,$0.23B,11.52%,$0.04B,$0.17B,24.48%,$60,$5,$55,$0,$37,$48,$13,$-0,$12,$5,$7,$7,$7,$14,$13,$58,60,$0.13,$0.12,$76,$0,$0,$164,$28,$0,$9,$13,$61,$225,$44,$0,$0,$15,$59,$0,$145,$-1,$166,$225,$14,$2,$3,$5,$-10,$0,$0,$-6,$-12,$7,$-1,$0,$0,$5,$0,$5,$0,$4,$0,$0,$0,$-4,$-4,$0,$0,$-4,$6,$5,$0
34,2010-03-31,6.65,$2.87,2.32,$3.79,1.76,$0.47,14.03,$0.38,17.63,$0.15B,$0.03B,4.4,$0.00B,$0.16B,0.0,$0.23B,$0.21B,90.75%,$0.23B,$0.03B,14.98%,$0.23B,$0.03B,14.98%,$0.23B,$0.04B,17.18%,$0.23B,$0.04B,17.18%,$0.23B,$0.02B,10.13%,$0.02B,$0.16B,15.41%,$0.02B,$0.15B,16.37%,$0.02B,$0.21B,11.47%,$0.03B,$0.16B,22.78%,$59,$4,$55,$0,$40,$50,$10,$1,$11,$4,$6,$6,$6,$11,$10,$57,60,$0.11,$0.11,$73,$0,$0,$145,$29,$0,$9,$13,$61,$206,$33,$0,$0,$15,$48,$0,$141,$-1,$159,$206,$6,$1,$1,$2,$-1,$0,$0,$-1,$-7,$1,$-1,$0,$0,$3,$0,$3,$0,$2,$0,$0,$0,$-3,$-3,$0,$-0,$-3,$0,$3,$0
35,2009-12-31,6.5,$2.73,2.38,$3.80,1.71,$0.35,18.64,$0.37,17.68,$0.15B,$0.05B,3.29,$0.00B,$0.15B,0.0,$0.23B,$0.21B,90.35%,$0.23B,$0.03B,14.47%,$0.23B,$0.03B,14.47%,$0.23B,$0.04B,16.67%,$0.23B,$0.04B,16.67%,$0.23B,$0.02B,10.09%,$0.02B,$0.15B,16.08%,$0.02B,$0.14B,17.13%,$0.02B,$0.21B,11.87%,$0.03B,$0.15B,23.08%,$52,$4,$48,$0,$36,$45,$7,$1,$8,$3,$5,$5,$5,$8,$7,$57,60,$0.08,$0.08,$75,$0,$0,$148,$29,$0,$9,$10,$58,$206,$45,$0,$0,$11,$56,$0,$140,$-0,$150,$206,$22,$5,$4,$9,$-4,$0,$0,$-1,$-4,$27,$-2,$0,$0,$18,$0,$18,$0,$16,$0,$0,$0,$-9,$-9,$0,$1,$-8,$35,$8,$0
36,2009-09-30,6.57,$2.66,2.47,$3.87,1.7,$0.42,15.49,$0.38,17.41,$0.14B,$0.04B,3.55,$0.00B,$0.15B,0.0,$0.24B,$0.21B,89.36%,$0.24B,$0.03B,14.47%,$0.24B,$0.03B,14.47%,$0.24B,$0.04B,16.60%,$0.24B,$0.04B,16.17%,$0.24B,$0.02B,9.79%,$0.02B,$0.15B,16.73%,$0.02B,$0.14B,17.86%,$0.02B,$0.20B,12.23%,$0.03B,$0.15B,24.73%,$55,$5,$51,$0,$37,$47,$8,$1,$10,$4,$6,$6,$6,$10,$8,$57,60,$0.10,$0.10,$57,$0,$0,$139,$30,$0,$9,$9,$57,$196,$39,$0,$0,$11,$50,$0,$136,$-0,$146,$196,$18,$3,$3,$6,$-10,$0,$0,$-3,$-17,$7,$-2,$0,$0,$17,$0,$17,$0,$15,$0,$0,$0,$-7,$-7,$0,$1,$-6,$16,$6,$0
37,2009-06-30,5.72,$2.58,2.22,$3.88,1.47,$0.53,10.89,$0.38,15.25,$0.14B,$0.04B,3.26,$0.00B,$0.14B,0.0,$0.24B,$0.21B,88.28%,$0.24B,$0.04B,15.06%,$0.24B,$0.04B,15.06%,$0.24B,$0.04B,16.74%,$0.24B,$0.04B,15.90%,$0.24B,$0.02B,9.62%,$0.02B,$0.14B,17.07%,$0.02B,$0.13B,18.25%,$0.02B,$0.19B,12.42%,$0.04B,$0.14B,26.72%,$61,$8,$52,$0,$38,$52,$9,$1,$10,$4,$6,$6,$6,$10,$9,$57,60,$0.11,$0.10,$52,$0,$0,$139,$30,$0,$9,$8,$55,$194,$43,$0,$0,$9,$52,$0,$133,$-0,$142,$194,$12,$2,$3,$5,$-13,$0,$0,$-1,$-18,$-1,$-1,$0,$0,$13,$0,$13,$0,$12,$0,$0,$0,$-4,$-4,$0,$0,$-4,$7,$5,$0
38,2009-03-31,5.91,$2.45,2.41,$3.72,1.59,$0.68,8.72,$0.37,16.19,$0.12B,$0.04B,3.4,$0.00B,$0.13B,0.0,$0.23B,$0.21B,90.13%,$0.23B,$0.04B,15.45%,$0.23B,$0.04B,15.45%,$0.23B,$0.04B,17.17%,$0.23B,$0.04B,16.31%,$0.23B,$0.02B,9.87%,$0.02B,$0.13B,17.16%,$0.02B,$0.13B,18.33%,$0.02B,$0.18B,12.50%,$0.04B,$0.13B,26.87%,$60,$5,$55,$0,$40,$51,$9,$0,$10,$4,$6,$6,$6,$10,$9,$56,60,$0.10,$0.10,$45,$0,$0,$124,$31,$0,$9,$8,$55,$179,$37,$0,$1,$9,$45,$0,$129,$-0,$134,$179,$6,$1,$2,$3,$-7,$0,$0,$2,$-15,$-6,$-0,$0,$0,$2,$0,$2,$0,$2,$0,$0,$0,$-5,$-5,$0,$-1,$-6,$-10,$3,$0
39,2008-12-31,7.02,$2.34,3.0,$3.60,1.95,$0.77,9.13,$0.37,18.97,$0.13B,$0.05B,2.7,$0.00B,$0.13B,0.0,$0.23B,$0.21B,90.39%,$0.23B,$0.04B,16.16%,$0.23B,$0.04B,16.16%,$0.23B,$0.04B,17.90%,$0.23B,$0.04B,17.03%,$0.23B,$0.02B,10.04%,$0.02B,$0.13B,16.85%,$0.02B,$0.12B,17.97%,$0.02B,$0.18B,12.42%,$0.04B,$0.13B,27.11%,$59,$7,$52,$0,$38,$51,$8,$0,$8,$3,$5,$5,$5,$9,$8,$59,63,$0.09,$0.08,$57,$0,$0,$130,$31,$0,$9,$6,$53,$183,$48,$0,$1,$7,$55,$0,$127,$-0,$128,$183,$23,$5,$4,$8,$-5,$0,$0,$-1,$5,$36,$-6,$0,$0,$27,$0,$27,$0,$21,$0,$0,$0,$-38,$-38,$0,$4,$-34,$22,$8,$0
40,2008-09-30,7.72,$2.40,3.22,$3.54,2.18,$0.64,12.13,$0.37,21.01,$0.13B,$0.04B,3.1,$0.00B,$0.14B,0.0,$0.23B,$0.20B,88.99%,$0.23B,$0.04B,16.30%,$0.23B,$0.04B,16.30%,$0.23B,$0.04B,18.06%,$0.23B,$0.04B,17.62%,$0.23B,$0.02B,10.13%,$0.02B,$0.14B,16.73%,$0.02B,$0.13B,17.83%,$0.02B,$0.19B,12.43%,$0.04B,$0.14B,26.91%,$59,$7,$52,$0,$36,$49,$10,$0,$10,$4,$6,$6,$6,$11,$10,$59,63,$0.10,$0.10,$52,$0,$0,$131,$31,$0,$9,$14,$54,$185,$42,$0,$0,$7,$49,$0,$122,$0,$135,$185,$18,$4,$1,$4,$-11,$0,$0,$-1,$-6,$16,$-4,$0,$0,$18,$0,$18,$0,$14,$0,$0,$0,$-25,$-25,$0,$4,$-21,$8,$6,$0
41,2008-06-30,7.33,$2.42,3.03,$3.36,2.18,$0.56,13.03,$0.35,20.94,$0.14B,$0.04B,3.15,$0.00B,$0.14B,0.0,$0.22B,$0.20B,89.86%,$0.22B,$0.03B,15.67%,$0.22B,$0.03B,15.67%,$0.22B,$0.04B,17.97%,$0.22B,$0.04B,17.51%,$0.22B,$0.02B,10.14%,$0.02B,$0.14B,16.15%,$0.02B,$0.13B,17.22%,$0.02B,$0.19B,12.07%,$0.03B,$0.14B,24.95%,$55,$4,$51,$0,$36,$46,$9,$1,$10,$4,$6,$6,$6,$10,$9,$60,64,$0.10,$0.09,$60,$0,$0,$136,$31,$0,$9,$14,$53,$189,$43,$0,$0,$7,$50,$0,$118,$1,$139,$189,$12,$2,$-1,$2,$-7,$0,$0,$-2,$-4,$10,$-3,$0,$0,$-1,$0,$-1,$0,$-4,$0,$0,$0,$-13,$-13,$0,$3,$-10,$-3,$5,$0
42,2008-03-31,7.66,$2.44,3.14,$3.27,2.34,$0.47,16.21,$0.34,22.87,$0.13B,$0.03B,3.92,$0.00B,$0.14B,0.0,$0.21B,$0.19B,89.20%,$0.21B,$0.03B,15.02%,$0.21B,$0.03B,15.02%,$0.21B,$0.04B,17.37%,$0.21B,$0.04B,16.90%,$0.21B,$0.02B,9.86%,$0.02B,$0.14B,15.67%,$0.02B,$0.14B,16.77%,$0.02B,$0.18B,11.81%,$0.03B,$0.14B,23.88%,$56,$4,$52,$0,$36,$46,$10,$0,$11,$4,$6,$6,$6,$11,$10,$59,64,$0.11,$0.10,$61,$0,$0,$133,$30,$0,$9,$13,$51,$184,$34,$0,$0,$6,$40,$0,$112,$1,$144,$184,$6,$1,$-2,$-1,$-4,$0,$0,$0,$-6,$-0,$-1,$0,$0,$3,$0,$3,$0,$2,$0,$0,$0,$-3,$-3,$0,$2,$-1,$1,$3,$0
43,2007-12-31,6.31,$2.30,2.75,$3.14,2.01,$0.49,13.01,$0.31,20.19,$0.13B,$0.04B,3.02,$0.00B,$0.13B,0.0,$0.21B,$0.18B,88.83%,$0.21B,$0.03B,14.08%,$0.21B,$0.03B,14.08%,$0.21B,$0.04B,16.99%,$0.21B,$0.03B,16.02%,$0.21B,$0.02B,9.71%,$0.02B,$0.13B,15.30%,$0.02B,$0.12B,16.36%,$0.02B,$0.18B,11.53%,$0.03B,$0.13B,22.18%,$57,$10,$47,$0,$33,$49,$8,$1,$9,$3,$5,$5,$5,$9,$8,$60,65,$0.09,$0.08,$64,$0,$0,$133,$29,$0,$9,$6,$50,$182,$44,$0,$0,$7,$50,$0,$113,$0,$132,$182,$20,$5,$3,$7,$-14,$0,$0,$1,$-1,$27,$-4,$0,$0,$-0,$0,$-0,$0,$-4,$0,$0,$0,$-22,$-22,$0,$4,$-18,$5,$6,$0
44,2007-09-30,5.85,$2.25,2.6,$2.87,2.04,$0.37,15.97,$0.28,21.29,$0.13B,$0.04B,3.33,$0.00B,$0.13B,0.0,$0.19B,$0.17B,91.58%,$0.19B,$0.03B,13.16%,$0.19B,$0.03B,13.16%,$0.19B,$0.03B,16.32%,$0.19B,$0.03B,15.26%,$0.19B,$0.02B,9.47%,$0.02B,$0.13B,13.98%,$0.02B,$0.12B,14.94%,$0.02B,$0.17B,10.70%,$0.03B,$0.13B,19.42%,$49,$4,$45,$0,$32,$41,$7,$1,$8,$3,$5,$5,$5,$9,$7,$60,65,$0.09,$0.08,$53,$2,$0,$125,$29,$0,$9,$11,$49,$174,$38,$0,$0,$6,$44,$0,$109,$0,$130,$174,$15,$4,$1,$5,$-16,$0,$0,$-2,$-10,$9,$-2,$0,$0,$10,$0,$10,$0,$8,$-0,$0,$-0,$-17,$-17,$0,$3,$-14,$3,$5,$0
45,2007-06-30,5.22,$2.22,2.35,$2.76,1.89,$0.36,14.39,$0.25,20.67,$0.12B,$0.04B,3.5,$0.00B,$0.13B,0.0,$0.18B,$0.17B,91.85%,$0.18B,$0.02B,13.04%,$0.18B,$0.02B,13.04%,$0.18B,$0.03B,15.76%,$0.18B,$0.03B,14.67%,$0.18B,$0.02B,9.24%,$0.02B,$0.13B,13.33%,$0.02B,$0.12B,14.26%,$0.02B,$0.17B,10.33%,$0.02B,$0.13B,18.82%,$51,$5,$46,$0,$33,$44,$7,$1,$8,$3,$5,$5,$5,$8,$7,$61,66,$0.08,$0.08,$52,$0,$0,$122,$29,$0,$9,$11,$48,$171,$35,$0,$0,$6,$41,$0,$106,$0,$130,$171,$10,$2,$1,$4,$-14,$0,$0,$0,$-10,$4,$-2,$0,$0,$7,$0,$7,$0,$5,$-0,$0,$-0,$-10,$-10,$0,$2,$-8,$1,$3,$0
46,2007-03-31,4.65,$2.22,2.09,$2.58,1.8,$0.36,12.84,$0.23,20.24,$0.12B,$0.03B,3.84,$0.00B,$0.13B,0.0,$0.18B,$0.16B,92.57%,$0.18B,$0.02B,12.57%,$0.18B,$0.02B,12.57%,$0.18B,$0.03B,15.43%,$0.18B,$0.03B,14.29%,$0.18B,$0.02B,9.14%,$0.02B,$0.13B,12.45%,$0.02B,$0.12B,13.31%,$0.02B,$0.17B,9.82%,$0.02B,$0.13B,17.12%,$49,$3,$45,$0,$33,$41,$7,$1,$8,$3,$5,$5,$5,$9,$7,$60,66,$0.09,$0.08,$56,$0,$0,$119,$29,$0,$9,$10,$48,$167,$31,$0,$0,$5,$36,$0,$104,$0,$131,$167,$5,$1,$0,$2,$-9,$0,$0,$0,$-7,$0,$-1,$0,$0,$3,$0,$3,$0,$2,$-0,$0,$-0,$-3,$-3,$0,$1,$-2,$1,$2,$0
47,2006-12-31,4.35,$2.11,2.06,$2.43,1.79,$0.38,11.44,$0.21,21.1,$0.11B,$0.03B,3.65,$0.00B,$0.12B,0.0,$0.17B,$0.16B,93.45%,$0.17B,$0.02B,11.90%,$0.17B,$0.02B,11.90%,$0.17B,$0.02B,14.29%,$0.17B,$0.02B,13.69%,$0.17B,$0.02B,8.93%,$0.02B,$0.12B,11.45%,$0.02B,$0.12B,12.24%,$0.02B,$0.16B,9.17%,$0.02B,$0.12B,15.27%,$41,$3,$38,$0,$29,$38,$4,$1,$5,$2,$3,$3,$3,$5,$4,$64,69,$0.05,$0.05,$58,$0,$0,$112,$30,$0,$9,$6,$49,$161,$31,$0,$0,$6,$37,$0,$101,$0,$124,$161,$14,$4,$1,$5,$-4,$0,$0,$1,$-0,$20,$-3,$0,$0,$2,$0,$2,$0,$-1,$-0,$0,$-0,$-28,$-28,$0,$1,$-27,$-8,$3,$0
