,Date,Stock Price,Book Value per Share,Price to Book Ratio,TTM Sales per Share,Price to Sales Ratio,TTM FCF per Share,Price to FCF Ratio,TTM Net EPS,PE Ratio,Current Assets,Current Liabilities,Current Ratio,Long Term Debt,Shareholder's Equity_x,Debt to Equity Ratio,TTM Revenue_x,TTM Gross Profit,Gross Margin,TTM Revenue_y,TTM Operating Income,Operating Margin,TTM Revenue_x,TTM EBIT,EBIT Margin,TTM Revenue_y,TTM EBITDA,EBITDA Margin,TTM Revenue_x,TTM Pre-Tax Income,Pre-Tax Margin,TTM Revenue_y,TTM Net Income_x,Net Margin,TTM Net Income_y,Shareholder's Equity_y,Return on Equity,TTM Net Income_x,Tangible Equity,Return on Tangible Equity,TTM Net Income_y,Total Assets,Return on Assets,TTM Net Income,LT Investments & Debt,Return on Investment,revenue,cost-goods-sold,gross-profit,research-development-expenses,selling-general-administrative-expenses,operating-expenses,operating-income,total-non-operating-income-expense,pre-tax-income,total-provision-income-taxes,income-after-taxes,income-from-continuous-operations,net-income,ebitda,ebit,basic-shares-outstanding,shares-outstanding,eps-basic-net-earnings-per-share,eps-earnings-per-share-diluted,cash-on-hand,inventory,other-current-assets,total-current-assets,net-property-plant-equipment,long-term-investments,goodwill-intangible-assets-total,other-long-term-assets,total-long-term-assets,total-assets,total-current-liabilities,long-term-debt,other-non-current-liabilities,total-long-term-liabilities,total-liabilities,common-stock-net,retained-earnings-accumulated-deficit,comprehensive-income,total-share-holder-equity,total-liabilities-share-holders-equity,net-income-loss,total-depreciation-amortization-cash-flow,other-non-cash-items,total-non-cash-items,change-in-accounts-receivable,change-in-inventories,change-in-accounts-payable,change-in-assets-liabilities,total-change-in-assets-liabilities,cash-flow-from-operating-activities,net-change-in-property-plant-equipment,net-change-in-intangible-assets,net-acquisitions-divestitures,net-change-in-short-term-investments,net-change-in-long-term-investments,net-change-in-investments-total,investing-activities-other,cash-flow-from-investing-activities,net-long-term-debt,net-current-debt,debt-issuance-retirement-net-total,net-common-equity-issued-repurchased,net-total-equity-issued-repurchased,total-common-preferred-stock-dividends-paid,financial-activities-other,cash-flow-from-financial-activities,net-cash-flow,stock-based-compensation,common-stock-dividends-paid
0,2018-07-31,9.63,$8.50,1.13,$27.90,0.35,$0.29,33.51,$0.49,19.65,$0.53B,$0.27B,1.96,$0.00B,$0.62B,0.0,$2.16B,$0.63B,29.31%,$2.16B,$0.06B,2.69%,$2.16B,$0.06B,2.69%,$2.16B,$0.15B,6.77%,$2.16B,$0.06B,2.69%,$2.16B,$0.04B,1.72%,$0.04B,$0.62B,5.82%,$0.04B,$0.43B,8.43%,$0.04B,$1.13B,3.14%,$0.06B,$0.62B,9.12%,$494,$353,$140,$0,$138,$491,$3,$1,$3,$1,$2,$2,$2,$24,$3,$74,75,$0.03,$0.03,$191,$270,$24,$527,$381,$0,$198,$13,$599,$1126,$269,$0,$101,$234,$503,$1,$707,$0,$624,$1126,$3,$42,$1,$44,$1,$-10,$0,$1,$-38,$8,$-17,$0,$0,$0,$0,$0,$0,$-17,$-1,$0,$-1,$-35,$-35,$0,$0,$-36,$-45,$7,$0
1,2018-04-30,7.84,$8.45,0.93,$27.40,0.29,$0.16,48.54,$0.31,25.29,$0.53B,$0.27B,1.96,$0.00B,$0.63B,0.0,$2.14B,$0.63B,29.21%,$2.14B,$0.04B,1.82%,$2.14B,$0.04B,1.82%,$2.14B,$0.13B,5.97%,$2.14B,$0.04B,1.82%,$2.14B,$0.02B,1.07%,$0.02B,$0.63B,3.61%,$0.02B,$0.44B,5.23%,$0.02B,$1.14B,1.94%,$0.04B,$0.63B,6.12%,$479,$336,$143,$0,$141,$477,$3,$-0,$3,$2,$1,$1,$1,$24,$3,$75,76,$0.01,$0.01,$185,$278,$26,$529,$394,$0,$198,$13,$612,$1141,$270,$0,$102,$237,$507,$1,$705,$0,$634,$1141,$1,$21,$1,$22,$1,$-17,$0,$-2,$-48,$-25,$-8,$0,$0,$0,$0,$0,$0,$-8,$-1,$0,$-1,$-18,$-18,$0,$0,$-19,$-52,$4,$0
2,2018-01-31,6.98,$8.45,0.83,$27.15,0.26,$0.42,16.75,$0.24,29.08,$0.56B,$0.30B,1.9,$0.00B,$0.65B,0.0,$2.14B,$0.62B,28.77%,$2.14B,$0.03B,1.36%,$2.14B,$0.03B,1.36%,$2.14B,$0.12B,5.61%,$2.14B,$0.03B,1.31%,$2.14B,$0.02B,0.89%,$0.02B,$0.65B,2.98%,$0.02B,$0.45B,4.32%,$0.02B,$1.19B,1.58%,$0.03B,$0.65B,4.55%,$684,$484,$200,$0,$158,$643,$41,$-0,$41,$14,$28,$28,$28,$64,$41,$79,79,$0.35,$0.35,$236,$261,$24,$564,$405,$0,$198,$13,$623,$1187,$297,$0,$104,$241,$539,$1,$704,$0,$648,$1187,$19,$90,$23,$113,$3,$-29,$0,$25,$-14,$119,$-57,$0,$0,$0,$0,$0,$-9,$-67,$-4,$0,$-4,$-19,$-19,$0,$0,$-23,$29,$14,$0
3,2017-10-31,6.77,$8.11,0.83,$27.06,0.25,$0.75,8.97,$0.16,42.31,$0.62B,$0.37B,1.67,$0.00B,$0.64B,0.0,$2.13B,$0.61B,28.50%,$2.13B,$0.03B,1.27%,$2.13B,$0.03B,1.27%,$2.13B,$0.12B,5.53%,$2.13B,$0.03B,1.17%,$2.13B,$0.01B,0.66%,$0.01B,$0.64B,2.21%,$0.01B,$0.44B,3.21%,$0.01B,$1.26B,1.16%,$0.03B,$0.64B,4.26%,$499,$350,$149,$0,$138,$487,$11,$-1,$11,$4,$6,$6,$6,$34,$11,$79,79,$0.08,$0.08,$198,$343,$29,$617,$421,$0,$198,$13,$640,$1257,$369,$0,$109,$249,$618,$1,$681,$0,$639,$1257,$-10,$68,$20,$87,$-1,$-105,$0,$15,$-30,$48,$-42,$0,$0,$0,$0,$0,$-9,$-51,$-3,$0,$-3,$-2,$-2,$0,$0,$-5,$-9,$11,$0
4,2017-07-31,6.06,$7.98,0.76,$27.18,0.22,$0.42,14.5,$0.23,26.35,$0.51B,$0.30B,1.69,$0.00B,$0.63B,0.0,$2.14B,$0.61B,28.55%,$2.14B,$0.03B,1.45%,$2.14B,$0.03B,1.45%,$2.14B,$0.12B,5.70%,$2.14B,$0.03B,1.31%,$2.14B,$0.02B,0.93%,$0.02B,$0.63B,3.19%,$0.02B,$0.43B,4.66%,$0.02B,$1.16B,1.68%,$0.03B,$0.63B,4.94%,$481,$347,$134,$0,$134,$497,$-16,$-0,$-16,$-4,$-12,$-12,$-12,$6,$-16,$79,79,$-0.15,$-0.15,$173,$261,$31,$511,$432,$0,$198,$13,$650,$1161,$302,$0,$90,$230,$532,$1,$674,$0,$629,$1161,$-15,$45,$20,$65,$0,$-24,$0,$-9,$-41,$10,$-30,$0,$0,$0,$0,$0,$-9,$-39,$-3,$0,$-3,$-2,$-2,$0,$0,$-4,$-34,$7,$0
5,2017-04-30,8.63,$8.04,1.07,$27.46,0.31,$0.62,13.97,$0.51,16.92,$0.55B,$0.34B,1.63,$0.00B,$0.63B,0.0,$2.16B,$0.63B,29.02%,$2.16B,$0.07B,3.00%,$2.16B,$0.07B,3.00%,$2.16B,$0.15B,7.07%,$2.16B,$0.06B,2.82%,$2.16B,$0.04B,1.94%,$0.04B,$0.63B,6.79%,$0.04B,$0.44B,9.96%,$0.04B,$1.21B,3.54%,$0.07B,$0.63B,10.50%,$474,$342,$132,$0,$132,$481,$-7,$-1,$-8,$-5,$-3,$-3,$-3,$16,$-7,$78,78,$-0.03,$-0.03,$191,$287,$22,$548,$440,$0,$198,$13,$659,$1207,$335,$0,$91,$238,$573,$1,$686,$-4,$633,$1207,$-3,$23,$9,$32,$-0,$-44,$0,$-2,$-28,$1,$-15,$0,$0,$0,$0,$0,$0,$-15,$-1,$0,$-1,$-2,$-2,$0,$0,$-2,$-16,$4,$0
6,2017-01-31,10.63,$8.11,1.31,$27.71,0.38,$0.37,28.89,$0.73,14.56,$0.51B,$0.28B,1.82,$0.00B,$0.64B,0.0,$2.19B,$0.66B,30.28%,$2.19B,$0.10B,4.74%,$2.19B,$0.10B,4.74%,$2.19B,$0.20B,8.98%,$2.19B,$0.09B,4.10%,$2.19B,$0.06B,2.64%,$0.06B,$0.64B,9.52%,$0.06B,$0.44B,14.09%,$0.06B,$1.19B,4.97%,$0.10B,$0.64B,17.07%,$679,$486,$193,$0,$154,$640,$39,$-1,$38,$15,$23,$23,$23,$62,$39,$79,79,$0.29,$0.29,$207,$241,$18,$514,$451,$0,$198,$14,$671,$1185,$282,$0,$121,$267,$550,$1,$691,$-4,$636,$1185,$57,$93,$28,$121,$6,$14,$0,$3,$8,$187,$-99,$-0,$0,$0,$-10,$-10,$0,$-109,$-5,$0,$-5,$-53,$-53,$0,$0,$-58,$20,$13,$0
7,2016-10-31,12.02,$7.79,1.54,$28.18,0.43,$0.61,19.85,$1.11,10.83,$0.51B,$0.42B,1.24,$0.00B,$0.61B,0.0,$2.28B,$0.73B,32.11%,$2.28B,$0.16B,6.93%,$2.28B,$0.16B,6.93%,$2.28B,$0.25B,10.83%,$2.28B,$0.14B,6.27%,$2.28B,$0.09B,3.99%,$0.09B,$0.61B,15.05%,$0.09B,$0.41B,22.36%,$0.09B,$1.21B,7.81%,$0.16B,$0.61B,26.13%,$506,$354,$152,$0,$137,$491,$15,$-1,$14,$3,$12,$12,$12,$38,$15,$78,79,$0.15,$0.15,$102,$342,$22,$513,$467,$0,$198,$13,$698,$1212,$415,$0,$40,$186,$601,$1,$668,$-4,$611,$1212,$35,$70,$4,$74,$6,$-86,$0,$3,$-49,$60,$-81,$-0,$0,$0,$-10,$-10,$0,$-91,$-1,$0,$-1,$-53,$-53,$0,$0,$-54,$-85,$11,$0
8,2016-07-31,14.96,$7.61,1.97,$28.18,0.53,$0.53,28.4,$1.27,11.78,$0.45B,$0.35B,1.28,$0.00B,$0.60B,0.0,$2.32B,$0.77B,33.22%,$2.32B,$0.19B,8.10%,$2.32B,$0.19B,8.10%,$2.32B,$0.27B,11.76%,$2.32B,$0.17B,7.41%,$2.32B,$0.11B,4.52%,$0.11B,$0.60B,17.40%,$0.11B,$0.40B,25.86%,$0.11B,$1.14B,9.04%,$0.19B,$0.60B,31.15%,$505,$354,$151,$0,$133,$487,$18,$-1,$17,$7,$10,$10,$10,$37,$18,$79,79,$0.13,$0.13,$120,$257,$27,$450,$462,$0,$198,$12,$693,$1143,$352,$0,$50,$195,$546,$1,$656,$-4,$596,$1143,$23,$48,$4,$52,$7,$-1,$0,$3,$-28,$46,$-50,$-0,$0,$0,$-10,$-10,$0,$-61,$-1,$0,$-1,$-53,$-53,$0,$0,$-54,$-67,$8,$0
9,2016-04-30,18.18,$7.51,2.42,$28.07,0.65,$0.73,24.98,$1.39,13.08,$0.46B,$0.34B,1.34,$0.00B,$0.59B,0.0,$2.35B,$0.80B,33.89%,$2.35B,$0.21B,8.76%,$2.35B,$0.21B,8.76%,$2.35B,$0.29B,12.33%,$2.35B,$0.19B,8.04%,$2.35B,$0.12B,4.93%,$0.12B,$0.59B,19.21%,$0.12B,$0.40B,28.55%,$0.12B,$1.13B,9.98%,$0.21B,$0.59B,34.11%,$503,$335,$168,$0,$136,$471,$32,$-11,$21,$8,$13,$13,$13,$60,$32,$79,80,$0.16,$0.16,$111,$281,$20,$459,$447,$0,$198,$2,$668,$1128,$343,$0,$49,$191,$534,$1,$646,$-3,$594,$1128,$13,$28,$2,$30,$6,$-26,$0,$4,$-59,$-16,$-18,$0,$0,$0,$0,$0,$0,$-18,$-0,$0,$-0,$-43,$-43,$0,$0,$-44,$-76,$4,$0
10,2016-01-31,16.96,$7.64,2.22,$27.69,0.61,$0.94,17.99,$1.38,12.29,$0.51B,$0.31B,1.67,$0.00B,$0.62B,0.0,$2.35B,$0.80B,33.82%,$2.35B,$0.21B,8.85%,$2.35B,$0.21B,8.85%,$2.35B,$0.28B,12.04%,$2.35B,$0.19B,8.08%,$2.35B,$0.12B,4.93%,$0.12B,$0.62B,19.39%,$0.12B,$0.42B,28.95%,$0.12B,$1.18B,10.07%,$0.21B,$0.62B,34.77%,$766,$505,$261,$0,$167,$673,$93,$-2,$91,$35,$56,$56,$56,$112,$93,$84,85,$0.68,$0.67,$187,$255,$18,$513,$444,$0,$198,$2,$665,$1179,$307,$0,$114,$253,$561,$1,$633,$-5,$618,$1179,$117,$75,$1,$76,$1,$-15,$0,$33,$37,$230,$-115,$-0,$0,$0,$0,$0,$0,$-115,$-200,$0,$-200,$-72,$-72,$0,$-1,$-272,$-159,$18,$0
11,2015-10-31,19.3,$7.25,2.66,$27.22,0.71,$0.08,233.37,$1.20,16.08,$0.54B,$0.34B,1.6,$0.00B,$0.61B,0.0,$2.31B,$0.76B,33.06%,$2.31B,$0.19B,8.26%,$2.31B,$0.19B,8.26%,$2.31B,$0.27B,11.51%,$2.31B,$0.17B,7.27%,$2.31B,$0.10B,4.41%,$0.10B,$0.61B,17.50%,$0.10B,$0.41B,26.46%,$0.10B,$1.20B,8.67%,$0.19B,$0.61B,30.19%,$547,$356,$191,$0,$147,$502,$45,$-1,$43,$17,$26,$26,$26,$64,$45,$84,85,$0.31,$0.31,$91,$365,$29,$541,$444,$0,$198,$3,$656,$1197,$339,$0,$113,$252,$591,$1,$577,$-4,$606,$1197,$60,$56,$3,$59,$-3,$-124,$0,$20,$-63,$56,$-85,$-0,$0,$0,$0,$0,$0,$-85,$-199,$0,$-199,$-25,$-25,$0,$-1,$-225,$-255,$15,$0
12,2015-07-31,19.04,$7.06,2.7,$26.66,0.71,$-0.62,0.0,$1.06,17.96,$0.51B,$0.31B,1.63,$0.00B,$0.60B,0.0,$2.26B,$0.73B,32.32%,$2.26B,$0.18B,7.82%,$2.26B,$0.18B,7.82%,$2.26B,$0.25B,11.10%,$2.26B,$0.15B,6.59%,$2.26B,$0.09B,4.02%,$0.09B,$0.60B,16.27%,$0.09B,$0.40B,25.16%,$0.09B,$1.15B,7.61%,$0.18B,$0.60B,26.86%,$536,$358,$177,$0,$141,$500,$36,$-2,$34,$13,$21,$21,$21,$54,$36,$85,85,$0.25,$0.25,$156,$272,$28,$507,$427,$0,$198,$3,$640,$1147,$312,$0,$105,$238,$550,$1,$551,$-4,$598,$1147,$34,$37,$9,$46,$1,$-31,$0,$0,$-16,$63,$-51,$-0,$0,$0,$0,$0,$0,$-51,$-199,$0,$-199,$-3,$-3,$0,$-1,$-203,$-191,$11,$0
13,2015-04-30,16.3,$6.75,2.41,$26.08,0.63,$-1.41,0.0,$0.89,18.31,$0.46B,$0.28B,1.65,$0.00B,$0.57B,0.0,$2.21B,$0.69B,31.26%,$2.21B,$0.16B,7.07%,$2.21B,$0.16B,7.07%,$2.21B,$0.23B,10.47%,$2.21B,$0.12B,5.62%,$2.21B,$0.08B,3.49%,$0.08B,$0.57B,14.44%,$0.08B,$0.37B,22.93%,$0.08B,$1.08B,6.37%,$0.16B,$0.57B,22.85%,$502,$336,$166,$0,$133,$468,$34,$-12,$22,$9,$13,$13,$13,$53,$34,$84,85,$0.15,$0.15,$128,$266,$15,$457,$414,$0,$198,$2,$626,$1083,$278,$0,$105,$234,$512,$1,$530,$-2,$571,$1083,$13,$19,$4,$23,$5,$-25,$0,$2,$-30,$5,$-23,$0,$0,$0,$0,$0,$0,$-23,$-198,$0,$-198,$-3,$-3,$0,$0,$-201,$-218,$4,$0
14,2015-01-31,13.08,$6.60,1.98,$25.62,0.51,$-1.89,0.0,$0.80,16.35,$0.65B,$0.29B,2.28,$0.20B,$0.56B,0.36,$2.17B,$0.66B,30.52%,$2.17B,$0.14B,6.33%,$2.17B,$0.14B,6.33%,$2.17B,$0.21B,9.79%,$2.17B,$0.11B,5.12%,$2.17B,$0.07B,3.19%,$0.07B,$0.56B,13.50%,$0.07B,$0.36B,22.01%,$0.07B,$1.28B,5.60%,$0.14B,$0.76B,19.28%,$726,$496,$230,$0,$153,$649,$76,$-7,$69,$28,$42,$42,$42,$95,$76,$84,85,$0.50,$0.50,$346,$241,$14,$654,$408,$0,$198,$6,$624,$1278,$287,$200,$106,$434,$722,$1,$517,$-3,$556,$1278,$68,$76,$26,$103,$-6,$-29,$0,$21,$-14,$157,$-115,$-1,$0,$0,$0,$0,$0,$-116,$-1,$0,$-1,$-4,$-4,$0,$0,$-5,$34,$19,$0
15,2014-10-31,14.97,$6.07,2.47,$25.45,0.59,$-1.33,0.0,$0.88,17.01,$0.64B,$0.33B,1.92,$0.20B,$0.51B,0.39,$2.16B,$0.66B,30.61%,$2.16B,$0.15B,6.77%,$2.16B,$0.15B,6.77%,$2.16B,$0.22B,10.20%,$2.16B,$0.12B,5.66%,$2.16B,$0.08B,3.48%,$0.08B,$0.51B,15.27%,$0.08B,$0.31B,25.60%,$0.08B,$1.28B,6.21%,$0.15B,$0.71B,21.16%,$498,$340,$158,$0,$127,$467,$31,$-6,$24,$10,$15,$15,$15,$49,$31,$84,85,$0.17,$0.17,$218,$350,$22,$640,$416,$0,$198,$7,$638,$1278,$333,$199,$106,$433,$766,$1,$475,$-1,$512,$1278,$27,$58,$12,$70,$-3,$-138,$0,$9,$-99,$-2,$-87,$-1,$0,$0,$0,$0,$0,$-88,$-1,$0,$-1,$-3,$-3,$0,$0,$-5,$-94,$14,$0
16,2014-07-31,15.56,$5.86,2.66,$25.53,0.61,$-0.77,0.0,$0.94,16.55,$0.57B,$0.28B,2.05,$0.20B,$0.49B,0.4,$2.16B,$0.67B,30.85%,$2.16B,$0.15B,7.03%,$2.16B,$0.15B,7.03%,$2.16B,$0.23B,10.41%,$2.16B,$0.13B,6.01%,$2.16B,$0.08B,3.65%,$0.08B,$0.49B,16.86%,$0.08B,$0.30B,29.21%,$0.08B,$1.20B,6.69%,$0.15B,$0.69B,22.77%,$481,$345,$136,$0,$122,$467,$15,$-6,$9,$2,$7,$7,$7,$34,$15,$84,84,$0.08,$0.08,$253,$240,$25,$567,$410,$0,$198,$7,$632,$1199,$277,$199,$106,$428,$705,$1,$460,$-0,$494,$1199,$12,$39,$7,$46,$-3,$-27,$0,$-2,$-54,$5,$-59,$-0,$0,$0,$0,$0,$0,$-59,$-1,$0,$-1,$-3,$-3,$0,$0,$-4,$-59,$10,$0
17,2014-04-30,14.57,$5.73,2.54,$25.55,0.57,$-0.23,0.0,$1.06,13.75,$0.55B,$0.27B,2.09,$0.20B,$0.48B,0.41,$2.17B,$0.68B,31.51%,$2.17B,$0.17B,7.83%,$2.17B,$0.17B,7.83%,$2.17B,$0.24B,11.15%,$2.17B,$0.15B,6.86%,$2.17B,$0.09B,4.10%,$0.09B,$0.48B,19.80%,$0.09B,$0.29B,35.39%,$0.09B,$1.17B,7.71%,$0.17B,$0.68B,26.21%,$461,$323,$137,$0,$123,$446,$15,$-6,$9,$4,$5,$5,$5,$34,$15,$84,84,$0.06,$0.06,$250,$235,$20,$554,$395,$0,$198,$7,$618,$1172,$265,$199,$107,$424,$689,$1,$454,$-0,$483,$1172,$5,$19,$4,$24,$-3,$-22,$0,$-1,$-60,$-31,$-27,$0,$0,$0,$0,$0,$0,$-27,$-0,$0,$-0,$-3,$-3,$0,$0,$-4,$-62,$6,$0
18,2014-01-31,17.32,$5.65,3.06,$26.06,0.66,$0.33,52.69,$1.38,12.55,$0.58B,$0.30B,1.95,$0.20B,$0.48B,0.42,$2.22B,$0.72B,32.36%,$2.22B,$0.21B,9.64%,$2.22B,$0.21B,9.64%,$2.22B,$0.28B,12.80%,$2.22B,$0.19B,8.74%,$2.22B,$0.12B,5.23%,$0.12B,$0.48B,26.93%,$0.12B,$0.28B,49.84%,$0.12B,$1.18B,10.35%,$0.21B,$0.67B,33.98%,$716,$487,$229,$0,$144,$630,$85,$-6,$80,$32,$48,$48,$48,$103,$85,$84,85,$0.57,$0.56,$312,$213,$13,$583,$376,$0,$198,$8,$599,$1183,$299,$199,$95,$409,$708,$1,$448,$-1,$475,$1183,$117,$70,$12,$81,$-7,$2,$0,$31,$-3,$195,$-105,$-0,$0,$0,$0,$0,$0,$-105,$-0,$0,$-0,$-33,$-33,$0,$0,$-33,$56,$21,$0
19,2013-10-31,23.21,$5.03,4.62,$26.10,0.89,$1.22,19.02,$1.56,14.88,$0.59B,$0.35B,1.69,$0.20B,$0.42B,0.47,$2.24B,$0.75B,33.24%,$2.24B,$0.24B,10.71%,$2.24B,$0.24B,10.71%,$2.24B,$0.31B,13.79%,$2.24B,$0.22B,9.82%,$2.24B,$0.13B,5.89%,$0.13B,$0.42B,32.61%,$0.13B,$0.22B,63.85%,$0.13B,$1.17B,12.23%,$0.24B,$0.62B,39.75%,$504,$339,$165,$0,$128,$467,$37,$-5,$32,$12,$19,$19,$19,$54,$37,$84,85,$0.23,$0.23,$182,$343,$25,$593,$355,$0,$198,$8,$576,$1169,$351,$199,$196,$395,$747,$1,$401,$0,$422,$1169,$69,$52,$10,$62,$-6,$-128,$0,$16,$-93,$38,$-79,$-0,$0,$0,$0,$0,$0,$-79,$-0,$0,$-0,$-33,$-33,$0,$0,$-33,$-75,$16,$0
20,2013-07-31,22.55,$4.93,4.58,$25.58,0.88,$1.89,11.94,$1.53,14.74,$0.55B,$0.30B,1.82,$0.20B,$0.42B,0.48,$2.21B,$0.73B,33.18%,$2.21B,$0.24B,10.74%,$2.21B,$0.24B,10.74%,$2.21B,$0.31B,13.87%,$2.21B,$0.22B,9.88%,$2.21B,$0.13B,5.89%,$0.13B,$0.42B,34.67%,$0.13B,$0.22B,73.45%,$0.13B,$1.09B,12.68%,$0.24B,$0.62B,41.29%,$490,$338,$153,$0,$119,$457,$33,$-5,$28,$11,$17,$17,$17,$51,$33,$85,86,$0.20,$0.20,$234,$242,$32,$548,$322,$0,$198,$9,$546,$1094,$302,$199,$175,$374,$676,$1,$381,$0,$418,$1094,$49,$35,$7,$41,$-2,$-27,$0,$-4,$-54,$37,$-46,$-0,$0,$0,$0,$0,$0,$-46,$-0,$0,$-0,$-13,$-13,$0,$0,$-13,$-22,$11,$0
21,2013-04-30,18.21,$4.77,3.81,$25.02,0.73,$2.32,7.85,$1.51,12.06,$0.52B,$0.28B,1.87,$0.20B,$0.41B,0.49,$2.17B,$0.73B,33.44%,$2.17B,$0.24B,10.82%,$2.17B,$0.24B,10.82%,$2.17B,$0.30B,13.96%,$2.17B,$0.22B,9.95%,$2.17B,$0.13B,5.94%,$0.13B,$0.41B,37.42%,$0.13B,$0.21B,87.76%,$0.13B,$1.04B,13.29%,$0.24B,$0.61B,43.22%,$509,$339,$171,$0,$113,$451,$59,$-5,$54,$21,$32,$32,$32,$76,$59,$85,85,$0.38,$0.38,$244,$226,$10,$517,$296,$0,$198,$10,$520,$1037,$276,$199,$154,$353,$629,$1,$364,$0,$408,$1037,$32,$17,$3,$20,$0,$-11,$0,$8,$-47,$5,$-17,$0,$0,$0,$0,$0,$0,$-17,$-0,$0,$-0,$-1,$-1,$0,$0,$-1,$-12,$5,$0
22,2013-01-31,18.38,$4.36,4.22,$24.62,0.75,$2.78,6.62,$1.60,11.49,$0.52B,$0.31B,1.65,$0.20B,$0.37B,0.54,$2.16B,$0.74B,34.48%,$2.16B,$0.25B,11.63%,$2.16B,$0.25B,11.63%,$2.16B,$0.32B,14.78%,$2.16B,$0.23B,10.75%,$2.16B,$0.14B,6.44%,$0.14B,$0.37B,42.84%,$0.14B,$0.17B,109.66%,$0.14B,$1.02B,14.93%,$0.25B,$0.57B,47.97%,$738,$482,$256,$0,$144,$626,$111,$-5,$106,$42,$64,$64,$64,$128,$111,$87,87,$0.75,$0.75,$256,$215,$8,$516,$278,$0,$198,$10,$503,$1019,$313,$199,$45,$335,$648,$1,$332,$-0,$371,$1019,$139,$68,$12,$80,$-2,$-2,$0,$37,$51,$269,$-100,$-0,$0,$0,$0,$0,$0,$-100,$-0,$0,$-0,$-66,$-66,$0,$0,$-66,$104,$16,$0
23,2012-10-31,11.13,$3.54,3.14,$23.81,0.47,$2.35,4.73,$1.53,7.27,$0.45B,$0.31B,1.44,$0.20B,$0.30B,0.66,$2.10B,$0.74B,35.14%,$2.10B,$0.25B,11.86%,$2.10B,$0.25B,11.86%,$2.10B,$0.32B,15.10%,$2.10B,$0.23B,10.81%,$2.10B,$0.14B,6.43%,$0.14B,$0.30B,44.70%,$0.14B,$0.11B,129.19%,$0.14B,$0.95B,15.12%,$0.25B,$0.50B,49.73%,$469,$317,$152,$0,$118,$434,$34,$-5,$30,$12,$17,$17,$17,$51,$34,$86,86,$0.20,$0.20,$102,$287,$29,$452,$281,$0,$198,$11,$499,$951,$314,$199,$136,$335,$648,$1,$268,$-0,$303,$951,$75,$51,$16,$66,$-2,$-77,$0,$7,$-52,$89,$-73,$-0,$0,$0,$0,$0,$0,$-74,$-0,$0,$-0,$-66,$-66,$0,$0,$-66,$-50,$12,$0
24,2012-07-31,16.1,$3.43,4.7,$23.85,0.68,$2.26,7.11,$1.70,9.47,$0.40B,$0.27B,1.48,$0.20B,$0.30B,0.67,$2.12B,$0.76B,35.98%,$2.12B,$0.28B,13.03%,$2.12B,$0.28B,13.03%,$2.12B,$0.34B,16.24%,$2.12B,$0.25B,11.90%,$2.12B,$0.15B,7.13%,$0.15B,$0.30B,53.78%,$0.15B,$0.10B,180.84%,$0.15B,$0.88B,17.01%,$0.28B,$0.50B,54.22%,$455,$308,$147,$0,$115,$424,$31,$-5,$26,$10,$16,$16,$16,$48,$31,$88,88,$0.18,$0.18,$130,$210,$25,$401,$252,$0,$198,$12,$474,$875,$271,$199,$108,$307,$578,$1,$251,$-0,$297,$875,$58,$34,$8,$42,$-5,$-0,$0,$5,$-26,$74,$-46,$-0,$0,$0,$0,$0,$0,$-46,$-0,$0,$-0,$-51,$-51,$0,$0,$-51,$-22,$9,$0
25,2012-04-30,23.62,$3.65,6.47,$23.70,1.0,$2.03,11.66,$1.66,14.23,$0.43B,$0.26B,1.65,$0.20B,$0.33B,0.61,$2.11B,$0.77B,36.27%,$2.11B,$0.28B,13.13%,$2.11B,$0.28B,13.13%,$2.11B,$0.35B,16.36%,$2.11B,$0.25B,11.71%,$2.11B,$0.15B,7.02%,$0.15B,$0.33B,58.67%,$0.15B,$0.13B,270.32%,$0.15B,$0.88B,16.76%,$0.28B,$0.53B,54.31%,$496,$307,$189,$0,$114,$421,$75,$-5,$70,$28,$42,$42,$42,$92,$75,$89,89,$0.47,$0.47,$180,$196,$18,$427,$230,$0,$198,$12,$452,$879,$259,$199,$95,$294,$553,$1,$235,$-0,$327,$879,$42,$17,$3,$20,$-0,$12,$0,$3,$-17,$46,$-17,$-0,$0,$0,$0,$0,$0,$-17,$-0,$0,$-0,$-1,$-1,$0,$0,$-0,$28,$4,$0
26,2012-01-31,21.64,$3.16,6.84,$23.41,0.92,$1.91,11.32,$1.58,13.7,$0.42B,$0.30B,1.41,$0.20B,$0.28B,0.71,$2.08B,$0.75B,36.25%,$2.08B,$0.27B,13.03%,$2.08B,$0.27B,13.03%,$2.08B,$0.34B,16.35%,$2.08B,$0.24B,11.30%,$2.08B,$0.14B,6.78%,$0.14B,$0.28B,66.43%,$0.14B,$0.08B,940.00%,$0.14B,$0.87B,16.18%,$0.27B,$0.48B,53.56%,$680,$430,$250,$0,$142,$571,$109,$-8,$101,$41,$60,$60,$60,$126,$109,$89,89,$0.68,$0.68,$152,$213,$18,$416,$227,$0,$198,$13,$450,$866,$295,$199,$91,$290,$585,$1,$193,$-0,$281,$866,$141,$68,$9,$77,$1,$-28,$0,$22,$-5,$213,$-77,$-0,$0,$0,$0,$0,$0,$-77,$-170,$0,$-170,$0,$0,$0,$-1,$-171,$-35,$10,$0
27,2011-10-31,22.59,$2.45,9.21,$22.98,0.98,$2.31,9.79,$1.45,15.58,$0.49B,$0.31B,1.58,$0.32B,$0.22B,1.45,$2.02B,$0.73B,36.17%,$2.02B,$0.25B,12.52%,$2.02B,$0.25B,12.52%,$2.02B,$0.32B,15.93%,$2.02B,$0.22B,10.74%,$2.02B,$0.13B,6.38%,$0.13B,$0.22B,73.93%,$0.13B,$0.02B,-567.03%,$0.13B,$0.93B,14.82%,$0.25B,$0.54B,49.61%,$487,$311,$176,$0,$115,$426,$61,$-6,$55,$22,$33,$33,$33,$78,$61,$89,89,$0.37,$0.37,$145,$279,$35,$489,$224,$0,$197,$16,$441,$930,$309,$317,$87,$403,$712,$1,$132,$0,$218,$930,$80,$51,$8,$59,$2,$-93,$0,$6,$-75,$64,$-56,$-0,$0,$0,$0,$0,$0,$-56,$-50,$0,$-50,$0,$0,$0,$-1,$-51,$-43,$7,$0
28,2011-07-31,22.44,$2.06,10.9,$22.59,0.99,$2.31,9.7,$1.38,16.26,$0.42B,$0.28B,1.5,$0.32B,$0.18B,1.74,$1.99B,$0.72B,36.22%,$1.99B,$0.24B,12.29%,$1.99B,$0.24B,12.29%,$1.99B,$0.31B,15.77%,$1.99B,$0.21B,10.43%,$1.99B,$0.12B,6.15%,$0.12B,$0.18B,80.00%,$0.12B,$-0.02B,-272.63%,$0.12B,$0.86B,14.42%,$0.24B,$0.50B,48.75%,$446,$296,$150,$0,$118,$414,$32,$-11,$21,$9,$13,$13,$13,$49,$32,$89,89,$0.14,$0.14,$145,$207,$34,$417,$219,$0,$197,$17,$439,$857,$279,$317,$78,$395,$674,$1,$100,$-0,$183,$857,$48,$35,$8,$42,$1,$-22,$0,$-5,$-48,$41,$-34,$-0,$0,$0,$0,$0,$0,$-34,$-50,$0,$-50,$0,$0,$0,$-1,$-51,$-43,$5,$0
29,2011-04-30,21.61,$1.89,11.45,$22.16,0.98,$2.38,9.08,$1.49,14.5,$0.40B,$0.26B,1.58,$0.34B,$0.17B,2.04,$1.95B,$0.70B,35.92%,$1.95B,$0.22B,11.15%,$1.95B,$0.22B,11.15%,$1.95B,$0.29B,14.70%,$1.95B,$0.17B,8.68%,$1.95B,$0.13B,6.73%,$0.13B,$0.17B,98.87%,$0.13B,$-0.03B,-203.10%,$0.13B,$0.83B,15.82%,$0.22B,$0.51B,44.02%,$467,$289,$178,$0,$109,$398,$69,$-11,$58,$23,$35,$35,$35,$87,$69,$88,89,$0.40,$0.39,$181,$173,$21,$403,$208,$0,$197,$19,$429,$832,$256,$341,$68,$409,$665,$1,$87,$0,$167,$832,$35,$17,$3,$21,$4,$12,$0,$-2,$-25,$31,$-12,$-0,$0,$0,$0,$0,$0,$-12,$-25,$0,$-25,$0,$0,$0,$0,$-25,$-7,$2,$0
