,Date,Stock Price,Book Value per Share,Price to Book Ratio,TTM Sales per Share,Price to Sales Ratio,TTM FCF per Share,Price to FCF Ratio,TTM Net EPS,PE Ratio,Current Assets,Current Liabilities,Current Ratio,Long Term Debt,Shareholder's Equity_x,Debt to Equity Ratio,TTM Revenue_x,TTM Gross Profit,Gross Margin,TTM Revenue_y,TTM Operating Income,Operating Margin,TTM Revenue_x,TTM EBIT,EBIT Margin,TTM Revenue_y,TTM EBITDA,EBITDA Margin,TTM Revenue_x,TTM Pre-Tax Income,Pre-Tax Margin,TTM Revenue_y,TTM Net Income_x,Net Margin,TTM Net Income_y,Shareholder's Equity_y,Return on Equity,TTM Net Income_x,Tangible Equity,Return on Tangible Equity,TTM Net Income_y,Total Assets,Return on Assets,TTM Net Income,LT Investments & Debt,Return on Investment,revenue,cost-goods-sold,gross-profit,research-development-expenses,selling-general-administrative-expenses,operating-expenses,operating-income,total-non-operating-income-expense,pre-tax-income,total-provision-income-taxes,income-after-taxes,income-from-continuous-operations,net-income,ebitda,ebit,basic-shares-outstanding,shares-outstanding,eps-basic-net-earnings-per-share,eps-earnings-per-share-diluted,cash-on-hand,inventory,other-current-assets,total-current-assets,net-property-plant-equipment,long-term-investments,goodwill-intangible-assets-total,other-long-term-assets,total-long-term-assets,total-assets,total-current-liabilities,long-term-debt,other-non-current-liabilities,total-long-term-liabilities,total-liabilities,common-stock-net,retained-earnings-accumulated-deficit,comprehensive-income,total-share-holder-equity,total-liabilities-share-holders-equity,net-income-loss,total-depreciation-amortization-cash-flow,other-non-cash-items,total-non-cash-items,change-in-accounts-receivable,change-in-inventories,change-in-accounts-payable,change-in-assets-liabilities,total-change-in-assets-liabilities,cash-flow-from-operating-activities,net-change-in-property-plant-equipment,net-change-in-intangible-assets,net-acquisitions-divestitures,net-change-in-short-term-investments,net-change-in-long-term-investments,net-change-in-investments-total,investing-activities-other,cash-flow-from-investing-activities,net-long-term-debt,net-current-debt,debt-issuance-retirement-net-total,net-common-equity-issued-repurchased,net-total-equity-issued-repurchased,total-common-preferred-stock-dividends-paid,financial-activities-other,cash-flow-from-financial-activities,net-cash-flow,stock-based-compensation,common-stock-dividends-paid
0,2018-09-30,86.64,$21.90,3.96,$8.77,9.87,$4.32,20.04,$4.16,20.83,$0.07B,$0.13B,0.53,$4.76B,$2.77B,1.72,$1.17B,$0.86B,73.44%,$1.17B,$0.57B,49.02%,$1.17B,$0.57B,49.02%,$1.17B,$0.79B,67.55%,$1.17B,$0.55B,47.14%,$1.17B,$0.53B,45.18%,$0.53B,$2.77B,19.36%,$0.53B,$2.77B,19.36%,$0.53B,$7.80B,6.95%,$0.57B,$7.53B,7.78%,$307,$81,$226,$0,$20,$153,$154,$-11,$142,$3,$140,$140,$130,$209,$154,$126,134,$1.03,$1.02,$67,$0,$0,$67,$7426,$0,$0,$306,$7732,$7799,$127,$4761,$141,$4902,$5029,$1,$-255,$68,$2770,$7799,$338,$165,$-14,$152,$0,$0,$0,$12,$40,$529,$-324,$0,$-5,$11,$0,$11,$0,$-317,$84,$0,$84,$35,$35,$-316,$-34,$-231,$-19,$8,$-316
1,2018-06-30,99.81,$21.53,4.64,$8.62,11.57,$5.22,19.12,$3.88,25.72,$0.07B,$0.11B,0.64,$4.77B,$2.72B,1.76,$1.15B,$0.84B,73.26%,$1.15B,$0.56B,48.78%,$1.15B,$0.56B,48.78%,$1.15B,$0.77B,67.33%,$1.15B,$0.51B,44.77%,$1.15B,$0.49B,42.94%,$0.49B,$2.72B,18.38%,$0.49B,$2.72B,18.38%,$0.49B,$7.72B,6.63%,$0.56B,$7.48B,7.76%,$297,$79,$218,$0,$22,$152,$145,$-43,$101,$2,$99,$103,$95,$200,$145,$126,133,$0.75,$0.75,$69,$0,$0,$69,$7390,$0,$0,$263,$7653,$7722,$107,$4767,$131,$4899,$5006,$1,$-277,$63,$2716,$7722,$198,$110,$12,$122,$0,$0,$0,$12,$20,$340,$-268,$0,$13,$25,$0,$25,$0,$-229,$100,$0,$100,$1,$1,$-207,$-22,$-128,$-17,$6,$-207
2,2018-03-31,86.6,$21.55,4.02,$8.47,10.23,$6.18,14.01,$3.82,22.67,$0.05B,$0.11B,0.5,$4.51B,$2.72B,1.66,$1.13B,$0.83B,73.47%,$1.13B,$0.55B,48.89%,$1.13B,$0.55B,48.89%,$1.13B,$0.76B,67.35%,$1.13B,$0.51B,44.90%,$1.13B,$0.49B,43.03%,$0.49B,$2.72B,18.31%,$0.49B,$2.72B,18.31%,$0.49B,$7.47B,6.68%,$0.55B,$7.23B,7.80%,$285,$78,$207,$0,$21,$152,$134,$-41,$93,$1,$92,$95,$88,$189,$134,$126,133,$0.70,$0.70,$54,$0,$0,$54,$7172,$0,$0,$245,$7417,$7471,$109,$4514,$131,$4645,$4754,$1,$-263,$55,$2717,$7471,$95,$55,$5,$60,$0,$0,$0,$6,$16,$172,$-88,$0,$48,$9,$-0,$9,$0,$-31,$-65,$0,$-65,$1,$1,$-98,$-10,$-173,$-32,$3,$-98
3,2017-12-31,85.91,$21.62,3.97,$8.30,10.35,$6.06,14.18,$3.76,22.85,$0.09B,$0.10B,0.9,$4.55B,$2.72B,1.67,$1.11B,$0.81B,73.57%,$1.11B,$0.54B,48.96%,$1.11B,$0.54B,48.96%,$1.11B,$0.75B,67.60%,$1.11B,$0.50B,45.43%,$1.11B,$0.48B,43.35%,$0.48B,$2.72B,18.31%,$0.48B,$2.72B,18.31%,$0.48B,$7.46B,6.69%,$0.54B,$7.28B,7.75%,$282,$73,$209,$0,$19,$141,$141,$75,$216,$-6,$221,$229,$216,$193,$141,$126,134,$1.71,$1.69,$86,$0,$0,$86,$7132,$0,$0,$242,$7375,$7461,$96,$4554,$87,$4641,$4737,$1,$-253,$33,$2724,$7461,$514,$206,$-94,$112,$2,$0,$0,$-20,$-29,$597,$-381,$0,$-17,$28,$0,$28,$0,$-370,$217,$0,$217,$1,$1,$-393,$-41,$-216,$12,$10,$-393
4,2017-09-30,77.81,$20.43,3.81,$8.27,9.41,$0.36,218.75,$2.72,28.61,$0.09B,$0.11B,0.75,$4.31B,$2.57B,1.68,$1.08B,$0.80B,73.62%,$1.08B,$0.52B,48.25%,$1.08B,$0.52B,48.25%,$1.08B,$0.73B,67.34%,$1.08B,$0.30B,27.58%,$1.08B,$0.35B,31.83%,$0.35B,$2.57B,13.35%,$0.35B,$2.57B,13.35%,$0.35B,$7.09B,4.89%,$0.52B,$6.89B,7.60%,$284,$77,$207,$0,$19,$144,$140,$-36,$104,$3,$101,$101,$94,$191,$140,$126,133,$0.74,$0.74,$81,$0,$0,$86,$6770,$0,$0,$231,$7001,$7087,$114,$4313,$86,$4399,$4513,$1,$-371,$18,$2574,$7087,$285,$153,$21,$174,$0,$0,$0,$-16,$-9,$450,$-127,$0,$-2,$45,$0,$45,$0,$-84,$-17,$0,$-17,$1,$1,$-295,$-32,$-342,$23,$7,$-295
5,2017-06-30,75.19,$20.47,3.67,$8.06,9.33,$-4.62,0.0,$2.91,25.84,$0.05B,$0.09B,0.57,$4.29B,$2.58B,1.66,$1.06B,$0.78B,73.98%,$1.06B,$0.51B,47.87%,$1.06B,$0.51B,47.87%,$1.06B,$0.71B,67.36%,$1.06B,$0.33B,30.94%,$1.06B,$0.37B,34.91%,$0.37B,$2.58B,14.34%,$0.37B,$2.58B,14.34%,$0.37B,$7.04B,5.29%,$0.51B,$6.87B,7.45%,$276,$71,$205,$0,$22,$140,$136,$-43,$93,$3,$90,$94,$87,$186,$136,$126,133,$0.69,$0.69,$48,$0,$0,$53,$6783,$0,$0,$202,$6984,$7037,$93,$4289,$77,$4366,$4459,$1,$-366,$17,$2579,$7037,$184,$102,$16,$118,$0,$0,$0,$5,$-13,$289,$-89,$0,$-2,$45,$0,$45,$0,$-46,$-34,$0,$-34,$0,$0,$-196,$-22,$-252,$-9,$5,$-196
6,2017-03-31,70.98,$20.54,3.46,$7.83,9.07,$-7.61,0.0,$2.88,24.64,$0.05B,$0.08B,0.62,$4.29B,$2.59B,1.66,$1.03B,$0.76B,73.66%,$1.03B,$0.48B,46.83%,$1.03B,$0.48B,46.83%,$1.03B,$0.68B,66.63%,$1.03B,$0.33B,32.00%,$1.03B,$0.37B,35.61%,$0.37B,$2.59B,14.38%,$0.37B,$2.59B,14.38%,$0.37B,$7.03B,5.34%,$0.48B,$6.88B,7.23%,$263,$71,$192,$0,$19,$139,$124,$-35,$89,$3,$86,$90,$82,$177,$124,$126,133,$0.65,$0.64,$42,$0,$0,$48,$6771,$0,$0,$216,$6987,$7034,$77,$4291,$80,$4371,$4449,$1,$-355,$23,$2586,$7034,$90,$53,$4,$57,$0,$0,$0,$-3,$-34,$113,$-46,$0,$1,$45,$-2,$43,$0,$-2,$-19,$0,$-19,$0,$0,$-98,$-10,$-128,$-16,$2,$-98
7,2016-12-31,72.92,$20.62,3.54,$7.58,9.62,$-9.23,0.0,$2.90,25.14,$0.07B,$0.10B,0.73,$4.31B,$2.60B,1.66,$0.99B,$0.72B,72.96%,$0.99B,$0.45B,45.41%,$0.99B,$0.45B,45.41%,$0.99B,$0.65B,65.09%,$0.99B,$0.33B,33.40%,$0.99B,$0.37B,36.93%,$0.37B,$2.60B,14.65%,$0.37B,$2.60B,14.65%,$0.37B,$7.09B,5.51%,$0.45B,$6.90B,6.98%,$261,$67,$194,$0,$18,$138,$123,$-110,$13,$5,$8,$90,$82,$176,$123,$125,126,$0.66,$0.66,$58,$0,$0,$74,$6770,$0,$0,$247,$7017,$7091,$101,$4306,$88,$4394,$4495,$1,$-339,$17,$2596,$7091,$397,$195,$-62,$134,$1,$0,$0,$-3,$9,$539,$-1054,$0,$-11,$33,$0,$33,$0,$-1032,$756,$0,$756,$125,$125,$-368,$-52,$461,$-32,$8,$-368
8,2016-09-30,74.17,$20.11,3.69,$7.29,10.17,$-5.27,0.0,$2.32,31.97,$0.04B,$0.10B,0.43,$3.99B,$2.53B,1.58,$0.96B,$0.69B,72.38%,$0.96B,$0.37B,38.39%,$0.96B,$0.37B,38.39%,$0.96B,$0.55B,57.85%,$0.96B,$0.32B,33.26%,$0.96B,$0.29B,30.65%,$0.29B,$2.53B,12.00%,$0.29B,$2.53B,12.00%,$0.29B,$6.74B,4.58%,$0.37B,$6.52B,5.92%,$257,$66,$191,$0,$20,$134,$123,$9,$132,$4,$127,$127,$118,$173,$123,$126,134,$0.94,$0.93,$35,$0,$0,$44,$6459,$0,$0,$239,$6698,$6742,$102,$3992,$118,$4110,$4213,$1,$-323,$-41,$2529,$6742,$307,$143,$-62,$81,$1,$0,$0,$-13,$-1,$386,$-728,$0,$-14,$56,$0,$56,$-19,$-704,$439,$0,$439,$124,$124,$-270,$-32,$261,$-57,$6,$-270
9,2016-06-30,85.56,$19.51,4.39,$6.88,12.43,$-2.68,0.0,$1.97,43.43,$0.06B,$0.09B,0.62,$3.80B,$2.44B,1.55,$0.90B,$0.65B,72.10%,$0.90B,$0.34B,38.06%,$0.90B,$0.34B,38.06%,$0.90B,$0.51B,56.92%,$0.90B,$0.27B,29.91%,$0.90B,$0.25B,27.57%,$0.25B,$2.44B,10.26%,$0.25B,$2.44B,10.26%,$0.25B,$6.46B,3.98%,$0.34B,$6.24B,5.66%,$244,$66,$178,$0,$21,$134,$110,$-16,$94,$4,$90,$90,$83,$157,$110,$125,132,$0.66,$0.66,$56,$0,$0,$57,$6165,$0,$0,$237,$6402,$6459,$91,$3797,$128,$3925,$4016,$1,$-343,$-54,$2443,$6459,$179,$92,$-29,$64,$2,$0,$0,$-5,$-3,$240,$-434,$0,$1,$57,$-19,$38,$-11,$-406,$248,$0,$248,$74,$74,$-172,$-18,$132,$-35,$4,$-172
10,2016-03-31,85.64,$19.38,4.42,$6.52,13.13,$-1.77,0.0,$1.78,48.11,$0.10B,$0.08B,1.26,$3.68B,$2.43B,1.52,$0.84B,$0.60B,71.36%,$0.84B,$0.31B,37.35%,$0.84B,$0.31B,37.35%,$0.84B,$0.47B,55.85%,$0.84B,$0.24B,28.28%,$0.84B,$0.22B,26.13%,$0.22B,$2.43B,9.12%,$0.22B,$2.43B,9.12%,$0.22B,$6.29B,3.78%,$0.31B,$6.11B,5.54%,$229,$69,$160,$0,$23,$136,$94,$-1,$92,$3,$89,$89,$83,$139,$94,$125,132,$0.66,$0.66,$82,$0,$0,$97,$5934,$0,$0,$260,$6194,$6291,$77,$3682,$107,$3789,$3866,$1,$-329,$-36,$2425,$6291,$89,$46,$-25,$21,$-3,$0,$0,$-6,$-15,$95,$-242,$0,$0,$-1,$-5,$-6,$-11,$-259,$143,$0,$143,$74,$74,$-74,$-6,$137,$-26,$2,$-74
11,2015-12-31,80.29,$19.12,4.2,$6.20,12.95,$-0.61,0.0,$1.58,50.82,$0.11B,$0.08B,1.32,$3.54B,$2.37B,1.49,$0.78B,$0.56B,71.61%,$0.78B,$0.29B,37.60%,$0.78B,$0.29B,37.60%,$0.78B,$0.44B,55.75%,$0.78B,$0.21B,26.34%,$0.78B,$0.19B,24.30%,$0.19B,$2.37B,8.36%,$0.19B,$2.37B,8.36%,$0.19B,$6.07B,3.56%,$0.29B,$5.91B,5.65%,$226,$63,$163,$0,$18,$185,$40,$-41,$-0,$3,$-3,$12,$9,$84,$40,$120,127,$0.07,$0.05,$107,$0,$0,$109,$5689,$0,$0,$273,$5963,$6071,$83,$3536,$80,$3616,$3699,$1,$-338,$-6,$2373,$6071,$210,$141,$7,$148,$-1,$0,$0,$11,$9,$367,$-383,$0,$-1159,$-83,$0,$-83,$0,$-1626,$1145,$0,$1145,$448,$448,$-269,$-37,$1286,$28,$6,$-269
12,2015-09-30,69.75,$19.36,3.6,$5.78,12.07,$-2.08,0.0,$1.90,36.71,$1.35B,$0.08B,17.66,$3.47B,$2.39B,1.45,$0.72B,$0.51B,70.74%,$0.72B,$0.32B,44.94%,$0.72B,$0.32B,44.94%,$0.72B,$0.45B,62.83%,$0.72B,$0.25B,34.12%,$0.72B,$0.23B,31.35%,$0.23B,$2.39B,10.48%,$0.23B,$2.39B,10.48%,$0.23B,$6.00B,4.59%,$0.32B,$5.86B,6.76%,$197,$53,$145,$0,$17,$100,$97,$-16,$82,$4,$78,$78,$72,$130,$97,$123,130,$0.58,$0.58,$1344,$0,$0,$1347,$4452,$0,$0,$203,$4656,$6003,$76,$3468,$71,$3539,$3615,$1,$-273,$-21,$2387,$6003,$198,$98,$4,$102,$-2,$0,$0,$-22,$-13,$286,$-283,$0,$-0,$-203,$0,$-203,$0,$-486,$1039,$0,$1039,$448,$448,$-196,$-23,$1268,$1068,$4,$-196
13,2015-06-30,58.48,$19.73,2.96,$5.65,10.35,$-2.82,0.0,$1.79,32.67,$0.20B,$0.07B,2.93,$2.29B,$2.42B,0.94,$0.69B,$0.49B,70.27%,$0.69B,$0.30B,43.87%,$0.69B,$0.30B,43.87%,$0.69B,$0.43B,62.19%,$0.69B,$0.22B,32.03%,$0.69B,$0.21B,30.01%,$0.21B,$2.42B,10.18%,$0.21B,$2.42B,10.18%,$0.21B,$4.83B,4.65%,$0.30B,$4.71B,6.98%,$186,$56,$130,$0,$17,$104,$82,$-18,$63,$2,$61,$61,$55,$115,$82,$117,124,$0.47,$0.47,$201,$0,$0,$203,$4452,$0,$0,$178,$4630,$4834,$69,$2288,$53,$2341,$2410,$1,$-272,$-2,$2423,$4834,$120,$65,$3,$68,$-1,$0,$0,$-7,$-4,$183,$-253,$0,$0,$-0,$0,$-0,$0,$-253,$-82,$0,$-82,$418,$418,$-123,$-15,$198,$128,$3,$-123
14,2015-03-31,60.06,$16.38,3.67,$5.48,10.95,$-3.40,0.0,$1.68,35.75,$0.08B,$0.07B,1.17,$2.43B,$1.91B,1.28,$0.67B,$0.47B,70.51%,$0.67B,$0.29B,43.86%,$0.67B,$0.29B,43.86%,$0.67B,$0.42B,62.43%,$0.67B,$0.21B,31.29%,$0.67B,$0.20B,29.19%,$0.20B,$1.91B,10.15%,$0.20B,$1.91B,10.15%,$0.20B,$4.46B,4.51%,$0.29B,$4.34B,6.97%,$173,$51,$122,$0,$16,$98,$75,$-15,$61,$2,$59,$59,$54,$107,$75,$116,123,$0.46,$0.46,$81,$0,$0,$84,$4198,$0,$0,$183,$4380,$4464,$72,$2432,$54,$2486,$2557,$1,$-259,$-8,$1907,$4464,$59,$32,$1,$33,$-2,$0,$0,$-8,$-4,$87,$-81,$0,$0,$-10,$0,$-10,$0,$-92,$62,$0,$62,$1,$1,$-55,$-6,$2,$-2,$1,$-55
15,2014-12-31,51.75,$16.43,3.15,$5.33,9.7,$-5.04,0.0,$1.53,33.82,$0.09B,$0.07B,1.29,$2.35B,$1.91B,1.23,$0.65B,$0.45B,69.91%,$0.65B,$0.28B,42.90%,$0.65B,$0.28B,42.90%,$0.65B,$0.40B,61.73%,$0.65B,$0.19B,29.32%,$0.65B,$0.18B,27.47%,$0.18B,$1.91B,9.25%,$0.18B,$1.91B,9.25%,$0.18B,$4.38B,4.20%,$0.28B,$4.26B,6.74%,$165,$52,$113,$0,$14,$95,$70,$-30,$40,$2,$37,$49,$45,$101,$70,$116,121,$0.39,$0.38,$73,$0,$0,$85,$4136,$0,$0,$162,$4297,$4382,$66,$2350,$55,$2404,$2470,$1,$-258,$-1,$1912,$4382,$196,$122,$10,$132,$0,$0,$0,$5,$10,$338,$-532,$0,$0,$-4,$0,$-4,$-29,$-565,$385,$0,$385,$3,$3,$-210,$-29,$148,$-79,$5,$-210
16,2014-09-30,45.15,$16.66,2.71,$5.23,8.63,$-4.19,0.0,$1.80,25.08,$0.09B,$0.07B,1.19,$2.18B,$1.93B,1.13,$0.63B,$0.44B,69.92%,$0.63B,$0.27B,42.40%,$0.63B,$0.27B,42.40%,$0.63B,$0.38B,61.44%,$0.63B,$0.24B,38.40%,$0.63B,$0.21B,33.60%,$0.21B,$1.93B,10.88%,$0.21B,$1.93B,10.88%,$0.21B,$4.23B,5.08%,$0.27B,$4.11B,6.58%,$169,$47,$122,$0,$16,$92,$77,$-19,$58,$-1,$59,$59,$54,$108,$77,$116,122,$0.47,$0.47,$75,$0,$0,$88,$3955,$0,$0,$183,$4138,$4226,$74,$2179,$40,$2219,$2292,$1,$-248,$4,$1934,$4226,$146,$91,$7,$97,$-0,$0,$0,$0,$13,$257,$-343,$0,$0,$-14,$0,$-14,$0,$-357,$194,$0,$194,$3,$3,$-155,$-18,$23,$-78,$4,$-155
17,2014-06-30,46.21,$16.64,2.78,$4.99,9.25,$-2.53,0.0,$1.59,29.06,$0.09B,$0.07B,1.33,$2.16B,$1.93B,1.12,$0.59B,$0.41B,69.27%,$0.59B,$0.24B,41.43%,$0.59B,$0.24B,41.43%,$0.59B,$0.36B,60.61%,$0.59B,$0.22B,36.84%,$0.59B,$0.19B,31.41%,$0.19B,$1.93B,9.97%,$0.19B,$1.93B,9.97%,$0.19B,$4.21B,4.68%,$0.24B,$4.09B,6.34%,$161,$46,$114,$0,$15,$90,$71,$-21,$50,$4,$46,$46,$42,$101,$71,$116,121,$0.36,$0.36,$75,$0,$0,$87,$3941,$0,$0,$181,$4122,$4209,$66,$2164,$49,$2213,$2278,$1,$-248,$2,$1931,$4209,$87,$60,$10,$70,$-1,$0,$0,$6,$10,$168,$-305,$0,$0,$-8,$0,$-8,$0,$-313,$184,$0,$184,$3,$3,$-101,$-12,$73,$-73,$3,$-101
18,2014-03-31,41.73,$16.60,2.51,$4.78,8.74,$-0.83,0.0,$1.54,27.1,$0.08B,$0.05B,1.44,$2.11B,$1.92B,1.1,$0.55B,$0.38B,69.31%,$0.55B,$0.23B,40.79%,$0.55B,$0.23B,40.79%,$0.55B,$0.33B,60.29%,$0.55B,$0.21B,37.36%,$0.55B,$0.18B,31.95%,$0.18B,$1.92B,10.00%,$0.18B,$1.92B,10.00%,$0.18B,$4.12B,4.70%,$0.23B,$4.03B,6.17%,$153,$48,$104,$0,$16,$92,$60,$-19,$42,$3,$39,$41,$37,$90,$60,$115,121,$0.32,$0.32,$67,$0,$0,$76,$3863,$0,$0,$185,$4047,$4123,$53,$2110,$38,$2147,$2200,$1,$-235,$8,$1923,$4123,$41,$30,$2,$32,$-1,$0,$0,$1,$-9,$65,$-258,$0,$0,$1,$0,$1,$0,$-257,$163,$0,$163,$1,$1,$-46,$-6,$112,$-80,$1,$-46
19,2013-12-31,35.95,$16.69,2.15,$4.55,7.89,$1.04,34.53,$1.51,23.81,$0.16B,$0.06B,2.57,$1.95B,$1.93B,1.01,$0.52B,$0.36B,69.81%,$0.52B,$0.21B,40.96%,$0.52B,$0.21B,40.96%,$0.52B,$0.32B,60.58%,$0.52B,$0.20B,37.69%,$0.52B,$0.17B,32.88%,$0.17B,$1.93B,10.19%,$0.17B,$1.93B,10.19%,$0.17B,$3.98B,4.83%,$0.21B,$3.88B,6.19%,$142,$45,$97,$0,$14,$85,$57,$33,$90,$3,$87,$82,$77,$85,$57,$111,113,$0.69,$0.68,$148,$0,$0,$156,$3637,$0,$0,$185,$3821,$3977,$61,$1947,$38,$1985,$2045,$1,$-226,$10,$1932,$3977,$186,$101,$-28,$73,$1,$0,$0,$3,$12,$271,$-356,$0,$-2,$-9,$0,$-9,$0,$-367,$164,$0,$164,$212,$212,$-163,$-21,$192,$96,$5,$-163
20,2013-09-30,38.66,$14.70,2.63,$4.39,8.8,$-2.00,0.0,$1.19,32.48,$0.11B,$0.06B,1.93,$1.76B,$1.64B,1.08,$0.49B,$0.34B,69.72%,$0.49B,$0.20B,40.45%,$0.49B,$0.20B,40.45%,$0.49B,$0.30B,60.16%,$0.49B,$0.17B,35.16%,$0.49B,$0.13B,26.42%,$0.13B,$1.64B,8.22%,$0.13B,$1.64B,8.22%,$0.13B,$3.52B,3.88%,$0.20B,$3.39B,6.12%,$133,$40,$93,$0,$14,$77,$56,$-21,$35,$2,$32,$32,$29,$81,$56,$111,115,$0.26,$0.26,$105,$0,$0,$112,$3224,$0,$0,$182,$3406,$3518,$58,$1757,$34,$1825,$1883,$1,$-257,$3,$1635,$3518,$103,$73,$14,$87,$1,$0,$0,$1,$8,$199,$-88,$0,$-1,$-11,$0,$-11,$0,$-100,$79,$0,$79,$6,$6,$-117,$-15,$-47,$51,$4,$-117
21,2013-06-30,35.1,$14.29,2.46,$4.25,8.26,$-4.95,0.0,$1.30,27.0,$0.23B,$0.05B,4.91,$1.76B,$1.59B,1.11,$0.47B,$0.33B,69.51%,$0.47B,$0.19B,39.66%,$0.47B,$0.19B,39.66%,$0.47B,$0.28B,59.70%,$0.47B,$0.17B,35.18%,$0.47B,$0.14B,29.85%,$0.14B,$1.59B,9.31%,$0.14B,$1.59B,9.31%,$0.14B,$3.43B,4.34%,$0.19B,$3.35B,5.94%,$126,$36,$90,$0,$14,$73,$53,$-13,$40,$3,$37,$37,$34,$78,$53,$111,114,$0.31,$0.31,$227,$0,$0,$231,$3028,$0,$0,$174,$3202,$3433,$47,$1764,$32,$1796,$1843,$1,$-241,$5,$1590,$3433,$71,$49,$1,$50,$6,$0,$0,$5,$5,$127,$-63,$0,$-1,$-4,$0,$-4,$0,$-67,$194,$0,$194,$6,$6,$-72,$-11,$117,$176,$3,$-72
22,2013-03-31,32.56,$14.00,2.33,$4.03,8.07,$-5.09,0.0,$1.21,26.91,$0.07B,$0.05B,1.43,$1.58B,$1.55B,1.02,$0.44B,$0.30B,69.18%,$0.44B,$0.17B,39.04%,$0.44B,$0.17B,39.04%,$0.44B,$0.26B,58.90%,$0.44B,$0.15B,34.02%,$0.44B,$0.13B,29.22%,$0.13B,$1.55B,8.92%,$0.13B,$1.55B,8.92%,$0.13B,$3.23B,4.21%,$0.17B,$3.14B,5.80%,$119,$37,$83,$0,$13,$73,$47,$-16,$31,$2,$29,$34,$31,$71,$47,$110,115,$0.28,$0.28,$56,$0,$0,$65,$2996,$0,$0,$169,$3164,$3229,$45,$1584,$47,$1631,$1676,$1,$-231,$-13,$1553,$3229,$34,$25,$-1,$24,$-0,$0,$0,$1,$-6,$51,$-20,$0,$-1,$-3,$0,$-3,$0,$-23,$7,$0,$7,$2,$2,$-28,$-4,$-23,$5,$1,$-28
23,2012-12-31,29.98,$13.96,2.15,$3.91,7.67,$-5.15,0.0,$1.14,26.29,$0.06B,$0.05B,1.13,$1.58B,$1.55B,1.02,$0.41B,$0.28B,68.78%,$0.41B,$0.16B,38.29%,$0.41B,$0.16B,38.29%,$0.41B,$0.24B,58.29%,$0.41B,$0.13B,32.68%,$0.41B,$0.12B,28.54%,$0.12B,$1.55B,8.89%,$0.12B,$1.55B,8.89%,$0.12B,$3.22B,4.08%,$0.16B,$3.12B,5.65%,$114,$36,$77,$0,$13,$71,$43,$24,$67,$1,$66,$39,$36,$66,$43,$102,104,$0.35,$0.34,$48,$0,$0,$59,$2992,$0,$0,$173,$3165,$3223,$52,$1578,$48,$1626,$1678,$1,$-235,$-14,$1545,$3223,$128,$80,$-18,$63,$7,$0,$0,$11,$25,$216,$-609,$0,$1,$1,$0,$1,$0,$-607,$65,$0,$65,$440,$440,$-88,$-21,$395,$4,$4,$-88
24,2012-09-30,27.2,$12.75,2.13,$3.81,7.15,$-2.03,0.0,$0.97,28.04,$0.08B,$0.05B,1.57,$1.59B,$1.33B,1.2,$0.39B,$0.27B,69.67%,$0.39B,$0.15B,38.05%,$0.39B,$0.15B,38.05%,$0.39B,$0.23B,57.84%,$0.39B,$0.09B,21.85%,$0.39B,$0.10B,24.94%,$0.10B,$1.33B,8.09%,$0.10B,$1.33B,8.09%,$0.10B,$3.01B,3.61%,$0.15B,$2.92B,5.67%,$110,$34,$76,$0,$13,$66,$43,$-17,$27,$2,$25,$42,$39,$65,$43,$104,109,$0.37,$0.37,$67,$0,$0,$78,$2742,$0,$0,$193,$2935,$3013,$50,$1590,$43,$1633,$1683,$1,$-244,$-15,$1330,$3013,$89,$58,$-9,$49,$8,$0,$0,$3,$15,$153,$-370,$0,$1,$-5,$0,$-5,$0,$-375,$80,$0,$80,$236,$236,$-61,$-15,$239,$17,$3,$-61
25,2012-06-30,24.74,$12.59,1.97,$3.65,6.78,$-0.22,0.0,$0.76,32.55,$0.24B,$0.05B,5.07,$1.31B,$1.31B,1.0,$0.36B,$0.25B,69.70%,$0.36B,$0.14B,37.47%,$0.36B,$0.14B,37.47%,$0.36B,$0.21B,57.02%,$0.36B,$0.07B,20.11%,$0.36B,$0.07B,20.11%,$0.07B,$1.31B,6.45%,$0.07B,$1.31B,6.45%,$0.07B,$2.71B,2.88%,$0.14B,$2.62B,5.54%,$95,$28,$67,$0,$13,$57,$38,$-14,$24,$2,$22,$25,$22,$56,$38,$102,107,$0.22,$0.22,$223,$0,$0,$239,$2278,$0,$0,$191,$2470,$2708,$47,$1312,$39,$1351,$1398,$1,$-261,$-12,$1311,$2708,$47,$37,$2,$39,$3,$0,$0,$2,$7,$93,$-48,$0,$1,$-19,$0,$-19,$0,$-66,$-51,$0,$-51,$233,$233,$-40,$-9,$132,$159,$2,$-40
26,2012-03-31,23.11,$11.36,2.03,$3.57,6.48,$-0.90,0.0,$0.65,35.56,$0.08B,$0.04B,2.03,$1.37B,$1.08B,1.27,$0.35B,$0.24B,68.79%,$0.35B,$0.12B,35.84%,$0.35B,$0.12B,35.84%,$0.35B,$0.19B,55.49%,$0.35B,$0.06B,17.34%,$0.35B,$0.06B,17.92%,$0.06B,$1.08B,5.80%,$0.06B,$1.08B,5.80%,$0.06B,$2.52B,2.55%,$0.12B,$2.45B,5.25%,$91,$29,$62,$0,$13,$58,$33,$-17,$16,$1,$15,$23,$20,$52,$33,$95,100,$0.21,$0.21,$62,$0,$0,$77,$2267,$0,$0,$179,$2446,$2523,$38,$1372,$33,$1405,$1443,$1,$-263,$-8,$1080,$2523,$23,$19,$2,$20,$3,$0,$0,$-0,$-2,$41,$-19,$0,$1,$1,$0,$1,$0,$-16,$9,$0,$9,$2,$2,$-19,$-6,$-13,$11,$1,$-19
27,2011-12-31,19.31,$11.33,1.7,$3.46,5.58,$-0.88,0.0,$0.53,36.43,$0.07B,$0.05B,1.53,$1.36B,$1.07B,1.27,$0.33B,$0.23B,68.39%,$0.33B,$0.12B,34.95%,$0.33B,$0.12B,34.95%,$0.33B,$0.18B,54.41%,$0.33B,$0.05B,16.11%,$0.33B,$0.05B,15.20%,$0.05B,$1.07B,4.83%,$0.05B,$1.07B,4.83%,$0.05B,$2.52B,2.12%,$0.12B,$2.44B,5.01%,$93,$27,$66,$0,$13,$59,$34,$-17,$18,$1,$17,$18,$16,$52,$34,$91,94,$0.18,$0.17,$52,$0,$0,$71,$2264,$0,$0,$183,$2447,$2518,$46,$1364,$34,$1397,$1444,$1,$-264,$-8,$1074,$2518,$58,$64,$15,$78,$-9,$0,$0,$6,$8,$144,$-207,$0,$1,$-45,$0,$-45,$0,$-252,$23,$0,$23,$131,$131,$-52,$-15,$87,$-20,$6,$-52
28,2011-09-30,14.76,$11.26,1.31,$3.26,4.53,$-0.06,0.0,$0.46,32.09,$0.13B,$0.04B,3.14,$1.24B,$1.06B,1.17,$0.31B,$0.21B,66.99%,$0.31B,$0.11B,33.98%,$0.31B,$0.11B,33.98%,$0.31B,$0.17B,53.40%,$0.31B,$0.04B,13.27%,$0.31B,$0.04B,13.92%,$0.04B,$1.06B,4.29%,$0.04B,$1.06B,4.29%,$0.04B,$2.37B,1.87%,$0.11B,$2.30B,4.70%,$84,$26,$58,$0,$12,$53,$31,$-16,$15,$-0,$15,$17,$15,$47,$31,$94,99,$0.16,$0.16,$64,$0,$0,$125,$2060,$0,$0,$189,$2249,$2374,$40,$1242,$30,$1272,$1312,$1,$-267,$-8,$1062,$2374,$40,$46,$10,$56,$-0,$0,$0,$-0,$5,$101,$-119,$0,$1,$-51,$0,$-51,$0,$-169,$-19,$0,$-19,$124,$124,$-39,$-11,$56,$-13,$4,$-39
29,2011-06-30,16.79,$11.24,1.49,$3.19,5.26,$0.51,32.72,$0.39,43.04,$0.08B,$0.03B,2.34,$1.19B,$1.06B,1.12,$0.30B,$0.20B,66.67%,$0.30B,$0.10B,33.00%,$0.30B,$0.10B,33.00%,$0.30B,$0.16B,52.19%,$0.30B,$0.04B,12.46%,$0.30B,$0.04B,12.12%,$0.04B,$1.06B,3.71%,$0.04B,$1.06B,3.71%,$0.04B,$2.31B,1.60%,$0.10B,$2.25B,4.49%,$78,$26,$52,$0,$12,$52,$26,$-15,$11,$0,$10,$13,$11,$41,$26,$91,96,$0.12,$0.12,$68,$0,$0,$76,$2046,$0,$0,$189,$2234,$2311,$33,$1190,$29,$1219,$1252,$1,$-269,$-6,$1059,$2311,$23,$30,$9,$39,$1,$0,$0,$4,$4,$65,$-90,$0,$-3,$-2,$0,$-2,$0,$-96,$-71,$0,$-71,$123,$123,$-26,$-8,$19,$-12,$3,$-26
30,2011-03-31,16.19,$10.70,1.51,$3.12,5.18,$1.05,15.37,$0.35,46.24,$0.09B,$0.03B,2.69,$1.25B,$0.95B,1.32,$0.29B,$0.19B,66.67%,$0.29B,$0.10B,32.99%,$0.29B,$0.10B,32.99%,$0.29B,$0.15B,52.08%,$0.29B,$0.04B,12.15%,$0.29B,$0.03B,10.76%,$0.03B,$0.95B,3.30%,$0.03B,$0.95B,3.30%,$0.03B,$2.25B,1.40%,$0.10B,$2.19B,4.42%,$74,$25,$49,$0,$12,$50,$24,$-15,$9,$0,$8,$10,$8,$39,$24,$88,93,$0.09,$0.09,$83,$0,$0,$92,$1971,$0,$0,$189,$2161,$2253,$34,$1246,$26,$1272,$1306,$1,$-267,$-5,$947,$2253,$10,$15,$3,$18,$1,$0,$0,$2,$2,$30,$-8,$0,$-3,$-10,$0,$-10,$0,$-21,$-6,$0,$-6,$9,$9,$-12,$-4,$-14,$-4,$1,$-12
31,2010-12-31,13.5,$10.72,1.26,$3.06,4.42,$1.06,12.76,$0.30,45.01,$0.09B,$0.04B,2.48,$1.25B,$0.94B,1.33,$0.28B,$0.19B,66.31%,$0.28B,$0.09B,32.62%,$0.28B,$0.09B,32.62%,$0.28B,$0.15B,51.77%,$0.28B,$0.03B,10.99%,$0.28B,$0.03B,9.57%,$0.03B,$0.94B,2.88%,$0.03B,$0.94B,2.88%,$0.03B,$2.25B,1.22%,$0.09B,$2.19B,4.28%,$73,$25,$48,$0,$12,$50,$24,$-17,$6,$1,$6,$11,$9,$38,$24,$87,92,$0.10,$0.10,$77,$0,$0,$87,$1972,$0,$0,$190,$2163,$2250,$35,$1247,$29,$1276,$1311,$1,$-263,$-6,$939,$2250,$33,$55,$15,$70,$3,$0,$0,$-3,$2,$105,$-92,$0,$-1,$9,$0,$9,$0,$-84,$-61,$0,$-61,$6,$6,$-35,$-16,$-106,$-85,$5,$-35
32,2010-09-30,12.37,$10.67,1.16,$3.04,4.07,$0.69,17.97,$0.27,45.83,$0.08B,$0.04B,2.12,$1.17B,$0.93B,1.25,$0.28B,$0.19B,66.79%,$0.28B,$0.09B,32.86%,$0.28B,$0.09B,32.86%,$0.28B,$0.15B,52.50%,$0.28B,$0.03B,9.64%,$0.28B,$0.02B,8.57%,$0.02B,$0.93B,2.55%,$0.02B,$0.93B,2.55%,$0.02B,$2.18B,1.07%,$0.09B,$2.11B,4.20%,$72,$23,$49,$0,$11,$48,$24,$-13,$11,$1,$9,$9,$8,$37,$24,$87,92,$0.09,$0.09,$55,$0,$0,$79,$1903,$0,$0,$193,$2096,$2175,$37,$1171,$32,$1204,$1241,$1,$-263,$-9,$934,$2175,$23,$40,$12,$52,$-1,$0,$0,$-1,$0,$75,$-39,$0,$-2,$6,$0,$6,$0,$-34,$-117,$0,$-117,$5,$5,$-26,$-12,$-150,$-110,$3,$-26
33,2010-06-30,10.66,$10.75,0.99,$3.04,3.51,$0.13,80.68,$0.25,42.63,$0.08B,$0.03B,2.57,$1.18B,$0.94B,1.26,$0.28B,$0.19B,66.31%,$0.28B,$0.09B,32.62%,$0.28B,$0.09B,32.62%,$0.28B,$0.15B,53.05%,$0.28B,$0.02B,8.60%,$0.28B,$0.02B,7.89%,$0.02B,$0.94B,2.33%,$0.02B,$0.94B,2.33%,$0.02B,$2.18B,0.96%,$0.09B,$2.12B,4.06%,$69,$23,$46,$0,$11,$46,$23,$-14,$9,$1,$8,$8,$6,$36,$23,$87,92,$0.07,$0.07,$62,$0,$0,$83,$1896,$0,$0,$200,$2096,$2179,$32,$1181,$25,$1206,$1238,$1,$-262,$-5,$941,$2179,$13,$27,$6,$33,$3,$0,$0,$-2,$-0,$46,$-20,$0,$-9,$6,$0,$6,$0,$-24,$-107,$0,$-107,$4,$4,$-17,$-6,$-126,$-104,$2,$-17
34,2010-03-31,9.66,$10.80,0.89,$3.04,3.17,$-0.30,0.0,$0.09,107.29,$0.17B,$0.03B,4.86,$1.24B,$0.94B,1.32,$0.28B,$0.17B,59.50%,$0.28B,$0.07B,25.09%,$0.28B,$0.07B,25.09%,$0.28B,$0.13B,45.88%,$0.28B,$0.01B,3.23%,$0.28B,$0.01B,2.87%,$0.01B,$0.94B,0.85%,$0.01B,$0.94B,0.85%,$0.01B,$2.24B,0.34%,$0.07B,$2.18B,3.06%,$68,$23,$44,$0,$11,$47,$21,$-16,$5,$1,$4,$5,$4,$35,$21,$87,92,$0.04,$0.04,$142,$0,$0,$165,$1876,$0,$0,$197,$2073,$2237,$34,$1240,$23,$1263,$1297,$1,$-259,$-2,$940,$2237,$5,$14,$3,$16,$0,$0,$0,$-6,$-6,$16,$7,$0,$-1,$6,$0,$6,$0,$12,$-41,$0,$-41,$0,$0,$-9,$-2,$-51,$-23,$1,$-9
35,2009-12-31,8.73,$10.91,0.8,$3.07,2.85,$-0.75,0.0,$0.37,23.58,$0.18B,$0.03B,5.28,$1.40B,$0.95B,1.48,$0.28B,$0.17B,59.64%,$0.28B,$0.07B,25.36%,$0.28B,$0.07B,25.36%,$0.28B,$0.13B,45.71%,$0.28B,$0.04B,12.50%,$0.28B,$0.03B,11.43%,$0.03B,$0.95B,3.37%,$0.03B,$0.95B,3.37%,$0.03B,$2.41B,1.35%,$0.07B,$2.35B,3.08%,$71,$23,$48,$0,$9,$46,$24,$-22,$2,$2,$0,$7,$6,$39,$24,$86,91,$0.07,$0.07,$171,$0,$0,$176,$2050,$0,$0,$181,$2231,$2408,$33,$1403,$25,$1428,$1461,$1,$-254,$-1,$946,$2408,$39,$56,$3,$59,$-12,$0,$0,$-3,$-17,$81,$-102,$0,$-2,$-0,$0,$-0,$0,$-104,$142,$0,$142,$0,$0,$-33,$-18,$91,$68,$4,$-33
36,2009-09-30,7.88,$10.98,0.72,$3.14,2.51,$-1.70,0.0,$0.51,15.45,$0.15B,$0.04B,3.6,$1.36B,$0.95B,1.43,$0.28B,$0.17B,59.50%,$0.28B,$0.07B,25.45%,$0.28B,$0.07B,25.45%,$0.28B,$0.13B,45.88%,$0.28B,$0.05B,16.13%,$0.28B,$0.04B,14.34%,$0.04B,$0.95B,4.22%,$0.04B,$0.95B,4.22%,$0.04B,$2.37B,1.71%,$0.07B,$2.30B,3.12%,$71,$24,$47,$0,$10,$48,$23,$-15,$8,$1,$8,$8,$6,$38,$23,$86,92,$0.07,$0.07,$143,$0,$0,$146,$2043,$0,$0,$180,$2223,$2369,$41,$1355,$25,$1380,$1420,$1,$-249,$-2,$949,$2369,$32,$42,$2,$44,$-11,$0,$0,$-3,$-10,$66,$-81,$0,$-3,$-3,$0,$-3,$0,$-87,$94,$0,$94,$0,$0,$-22,$-14,$58,$37,$3,$-22
37,2009-06-30,6.23,$10.94,0.57,$3.16,1.97,$-1.80,0.0,$0.59,10.57,$0.18B,$0.03B,5.17,$1.38B,$0.95B,1.45,$0.28B,$0.17B,59.71%,$0.28B,$0.07B,25.90%,$0.28B,$0.07B,25.90%,$0.28B,$0.13B,46.04%,$0.28B,$0.05B,17.63%,$0.28B,$0.04B,15.83%,$0.04B,$0.95B,4.79%,$0.04B,$0.95B,4.79%,$0.04B,$2.38B,1.91%,$0.07B,$2.32B,3.22%,$69,$42,$27,$0,$11,$67,$2,$-8,$-6,$1,$-7,$-7,$-8,$16,$2,$86,92,$-0.09,$-0.09,$172,$0,$0,$178,$2030,$0,$0,$175,$2204,$2382,$34,$1375,$27,$1402,$1436,$1,$-255,$0,$946,$2382,$24,$27,$-1,$27,$-4,$0,$0,$4,$-2,$49,$-63,$0,$-1,$-2,$0,$-2,$0,$-67,$115,$0,$115,$0,$0,$-22,$-9,$85,$68,$2,$-22
38,2009-03-31,4.11,$11.07,0.37,$3.25,1.27,$-1.89,0.0,$0.80,5.14,$0.09B,$0.03B,2.83,$1.30B,$0.95B,1.36,$0.28B,$0.18B,66.30%,$0.28B,$0.09B,33.33%,$0.28B,$0.09B,33.33%,$0.28B,$0.15B,52.90%,$0.28B,$0.06B,22.83%,$0.28B,$0.06B,21.01%,$0.06B,$0.95B,6.51%,$0.06B,$0.95B,6.51%,$0.06B,$2.30B,2.55%,$0.09B,$2.25B,4.21%,$69,$24,$45,$0,$11,$47,$22,$9,$31,$1,$31,$31,$28,$35,$22,$86,91,$0.32,$0.32,$89,$0,$0,$94,$2033,$0,$0,$177,$2209,$2304,$33,$1295,$22,$1317,$1351,$1,$-239,$-1,$953,$2304,$31,$13,$-19,$-6,$-4,$0,$0,$-1,$-6,$19,$-37,$0,$-0,$4,$0,$4,$0,$-34,$31,$0,$31,$0,$0,$-22,$-4,$6,$-9,$1,$-22
39,2008-12-31,7.35,$11.04,0.67,$3.41,2.16,$-1.67,0.0,$0.58,12.67,$0.11B,$0.04B,3.25,$1.29B,$0.95B,1.36,$0.27B,$0.18B,66.67%,$0.27B,$0.09B,33.70%,$0.27B,$0.09B,33.70%,$0.27B,$0.15B,53.11%,$0.27B,$0.04B,13.55%,$0.27B,$0.04B,13.19%,$0.04B,$0.95B,4.47%,$0.04B,$0.95B,4.47%,$0.04B,$2.29B,1.63%,$0.09B,$2.23B,4.36%,$70,$23,$47,$0,$9,$45,$24,$-12,$12,$1,$11,$17,$14,$39,$24,$77,82,$0.15,$0.15,$103,$0,$0,$114,$1998,$0,$0,$179,$2177,$2291,$35,$1287,$22,$1309,$1344,$1,$-253,$0,$947,$2291,$43,$53,$10,$63,$-6,$0,$0,$-5,$-8,$98,$-195,$0,$-47,$-4,$22,$18,$0,$-224,$-16,$0,$-16,$279,$279,$-79,$-11,$173,$47,$4,$-79
40,2008-09-30,10.62,$10.07,1.06,$3.47,3.06,$-2.29,0.0,$0.52,20.42,$0.16B,$0.04B,4.44,$1.30B,$0.83B,1.57,$0.27B,$0.18B,66.79%,$0.27B,$0.09B,34.33%,$0.27B,$0.09B,34.33%,$0.27B,$0.14B,52.99%,$0.27B,$0.03B,11.57%,$0.27B,$0.03B,10.07%,$0.03B,$0.83B,3.73%,$0.03B,$0.83B,3.73%,$0.03B,$2.24B,1.26%,$0.09B,$2.13B,4.52%,$70,$23,$47,$0,$10,$46,$24,$-12,$12,$0,$12,$12,$10,$38,$24,$82,88,$0.13,$0.13,$150,$0,$0,$162,$1905,$0,$0,$176,$2082,$2244,$36,$1300,$19,$1378,$1415,$1,$-235,$0,$829,$2244,$26,$38,$13,$51,$-4,$0,$0,$-2,$-2,$76,$-100,$0,$-49,$-4,$22,$18,$0,$-131,$-20,$0,$-20,$235,$235,$-66,$0,$149,$95,$3,$-66
41,2008-06-30,10.45,$10.20,1.03,$3.58,2.92,$-3.38,0.0,$0.52,20.1,$0.23B,$0.03B,6.91,$1.30B,$0.84B,1.56,$0.26B,$0.18B,66.79%,$0.26B,$0.09B,34.73%,$0.26B,$0.09B,34.73%,$0.26B,$0.14B,52.67%,$0.26B,$0.03B,11.45%,$0.26B,$0.03B,10.31%,$0.03B,$0.84B,4.01%,$0.03B,$0.84B,4.01%,$0.03B,$2.25B,1.29%,$0.09B,$2.14B,4.58%,$67,$24,$44,$0,$10,$46,$22,$-14,$8,$-0,$8,$8,$6,$34,$22,$74,80,$0.09,$0.09,$223,$0,$0,$232,$1885,$0,$0,$132,$2017,$2249,$34,$1301,$19,$1380,$1414,$1,$-227,$0,$835,$2249,$14,$25,$9,$34,$-2,$0,$0,$1,$1,$50,$-69,$0,$-3,$-3,$22,$19,$0,$-53,$-20,$0,$-20,$234,$234,$-42,$-1,$171,$168,$2,$-42
42,2008-03-31,10.84,$9.23,1.18,$3.55,3.05,$-4.10,0.0,$0.53,20.46,$0.07B,$0.04B,1.86,$1.32B,$0.61B,2.16,$0.25B,$0.17B,67.06%,$0.25B,$0.09B,35.32%,$0.25B,$0.09B,35.32%,$0.25B,$0.13B,53.17%,$0.25B,$0.03B,11.90%,$0.25B,$0.03B,11.90%,$0.03B,$0.61B,4.82%,$0.03B,$0.61B,4.82%,$0.03B,$2.05B,1.48%,$0.09B,$1.93B,4.63%,$66,$22,$44,$0,$10,$44,$22,$-17,$5,$0,$5,$6,$6,$34,$22,$66,72,$0.09,$0.09,$55,$0,$0,$65,$1853,$0,$0,$131,$1985,$2049,$35,$1321,$18,$1402,$1436,$1,$-215,$0,$613,$2049,$6,$12,$4,$17,$-2,$0,$0,$-0,$1,$24,$-23,$0,$-1,$0,$22,$22,$0,$-2,$0,$0,$0,$1,$1,$-19,$-0,$-19,$4,$1,$-19
43,2007-12-31,9.42,$9.42,1.0,$3.42,2.76,$-4.35,0.0,$0.52,18.12,$0.06B,$0.03B,1.89,$1.32B,$0.62B,2.13,$0.24B,$0.16B,67.08%,$0.24B,$0.09B,35.42%,$0.24B,$0.09B,35.42%,$0.24B,$0.13B,52.92%,$0.24B,$0.03B,12.92%,$0.24B,$0.03B,12.50%,$0.03B,$0.62B,4.77%,$0.03B,$0.62B,4.77%,$0.03B,$2.05B,1.50%,$0.09B,$1.94B,4.45%,$65,$21,$44,$0,$9,$41,$24,$-18,$6,$0,$6,$9,$5,$36,$24,$65,71,$0.09,$0.08,$52,$0,$0,$59,$1841,$0,$0,$154,$1995,$2054,$31,$1320,$18,$1403,$1434,$1,$-205,$-1,$620,$2054,$35,$43,$10,$53,$6,$0,$6,$2,$14,$102,$-229,$0,$-11,$-15,$0,$-15,$0,$-254,$275,$0,$275,$2,$2,$-68,$-110,$99,$-53,$2,$-68
44,2007-09-30,9.97,$9.61,1.04,$3.38,2.95,$-4.79,0.0,$0.47,21.21,$0.14B,$0.03B,4.04,$1.30B,$0.63B,2.08,$0.23B,$0.15B,67.40%,$0.23B,$0.08B,34.36%,$0.23B,$0.08B,34.36%,$0.23B,$0.12B,51.98%,$0.23B,$0.03B,13.66%,$0.23B,$0.03B,14.10%,$0.03B,$0.63B,5.04%,$0.03B,$0.63B,5.04%,$0.03B,$2.02B,1.68%,$0.08B,$1.93B,4.28%,$64,$21,$43,$0,$9,$41,$23,$-12,$11,$0,$11,$11,$10,$34,$23,$65,71,$0.15,$0.15,$128,$0,$0,$137,$1757,$0,$0,$125,$1882,$2020,$34,$1303,$18,$1358,$1392,$1,$-198,$0,$627,$2020,$27,$31,$6,$37,$5,$0,$0,$3,$16,$79,$-175,$0,$-5,$-42,$0,$-42,$0,$-221,$269,$0,$269,$1,$1,$-49,$-109,$113,$-29,$2,$-49
45,2007-06-30,10.52,$9.74,1.08,$3.38,3.12,$-5.08,0.0,$0.39,26.98,$0.18B,$0.03B,7.1,$1.26B,$0.63B,2.0,$0.21B,$0.14B,67.29%,$0.21B,$0.07B,33.64%,$0.21B,$0.07B,33.64%,$0.21B,$0.11B,51.40%,$0.21B,$0.02B,10.75%,$0.21B,$0.03B,12.15%,$0.03B,$0.63B,4.06%,$0.03B,$0.63B,4.06%,$0.03B,$1.98B,1.43%,$0.07B,$1.89B,4.14%,$57,$19,$38,$0,$9,$37,$20,$-12,$8,$0,$8,$9,$9,$30,$20,$64,69,$0.13,$0.13,$172,$0,$0,$180,$1677,$0,$0,$127,$1804,$1984,$25,$1261,$23,$1327,$1353,$1,$-193,$0,$631,$1984,$15,$19,$4,$24,$8,$0,$0,$6,$13,$52,$-118,$0,$-6,$-82,$0,$-82,$0,$-206,$266,$0,$266,$1,$1,$-31,$-107,$129,$-25,$1,$-31
46,2007-03-31,11.92,$9.90,1.2,$3.43,3.48,$-5.32,0.0,$0.32,37.24,$0.37B,$0.01B,53.82,$1.24B,$0.64B,1.95,$0.21B,$0.14B,67.48%,$0.21B,$0.07B,32.52%,$0.21B,$0.07B,32.52%,$0.21B,$0.11B,50.97%,$0.21B,$0.02B,8.25%,$0.21B,$0.02B,9.71%,$0.02B,$0.64B,3.34%,$0.02B,$0.64B,3.34%,$0.02B,$1.95B,1.18%,$0.07B,$1.88B,4.14%,$54,$18,$36,$0,$9,$36,$18,$-12,$6,$0,$6,$6,$6,$27,$18,$64,69,$0.10,$0.10,$368,$0,$0,$374,$1451,$0,$0,$127,$1578,$1952,$7,$1243,$30,$1308,$1315,$1,$-187,$0,$637,$1952,$6,$9,$2,$11,$10,$0,$0,$2,$8,$26,$-42,$0,$-6,$-288,$0,$-288,$0,$-336,$295,$0,$295,$1,$1,$-16,$-6,$274,$-36,$0,$-16
47,2006-12-31,11.36,$10.03,1.13,$3.46,3.28,$-5.68,0.0,$0.24,47.32,$0.13B,$0.03B,5.1,$0.95B,$0.64B,1.47,$0.20B,$0.13B,67.51%,$0.20B,$0.06B,30.46%,$0.20B,$0.06B,30.46%,$0.20B,$0.10B,50.25%,$0.20B,$0.01B,5.58%,$0.20B,$0.02B,7.61%,$0.02B,$0.64B,2.70%,$0.02B,$0.64B,2.70%,$0.02B,$1.67B,0.96%,$0.06B,$1.59B,4.03%,$52,$16,$36,$0,$9,$35,$17,$-11,$6,$0,$6,$7,$7,$27,$17,$55,59,$0.12,$0.12,$115,$0,$0,$131,$1417,$0,$0,$121,$1539,$1670,$26,$948,$17,$1001,$1026,$1,$-179,$0,$644,$1670,$15,$40,$8,$48,$8,$0,$-2,$9,$14,$77,$-210,$0,$-6,$-24,$0,$-24,$0,$-240,$67,$0,$67,$195,$195,$-53,$-3,$205,$42,$2,$-53
