,Date,Stock Price,Book Value per Share,Price to Book Ratio,TTM Sales per Share,Price to Sales Ratio,TTM FCF per Share,Price to FCF Ratio,TTM Net EPS,PE Ratio,Current Assets,Current Liabilities,Current Ratio,Long Term Debt,Shareholder's Equity_x,Debt to Equity Ratio,TTM Revenue_x,TTM Gross Profit,Gross Margin,TTM Revenue_y,TTM Operating Income,Operating Margin,TTM Revenue_x,TTM EBIT,EBIT Margin,TTM Revenue_y,TTM EBITDA,EBITDA Margin,TTM Revenue_x,TTM Pre-Tax Income,Pre-Tax Margin,TTM Revenue_y,TTM Net Income_x,Net Margin,TTM Net Income_y,Shareholder's Equity_y,Return on Equity,TTM Net Income_x,Tangible Equity,Return on Tangible Equity,TTM Net Income_y,Total Assets,Return on Assets,TTM Net Income,LT Investments & Debt,Return on Investment,revenue,cost-goods-sold,gross-profit,research-development-expenses,selling-general-administrative-expenses,operating-expenses,operating-income,total-non-operating-income-expense,pre-tax-income,total-provision-income-taxes,income-after-taxes,income-from-continuous-operations,net-income,ebitda,ebit,basic-shares-outstanding,shares-outstanding,eps-basic-net-earnings-per-share,eps-earnings-per-share-diluted,cash-on-hand,inventory,other-current-assets,total-current-assets,net-property-plant-equipment,long-term-investments,goodwill-intangible-assets-total,other-long-term-assets,total-long-term-assets,total-assets,total-current-liabilities,long-term-debt,other-non-current-liabilities,total-long-term-liabilities,total-liabilities,common-stock-net,retained-earnings-accumulated-deficit,comprehensive-income,total-share-holder-equity,total-liabilities-share-holders-equity,net-income-loss,total-depreciation-amortization-cash-flow,other-non-cash-items,total-non-cash-items,change-in-accounts-receivable,change-in-inventories,change-in-accounts-payable,change-in-assets-liabilities,total-change-in-assets-liabilities,cash-flow-from-operating-activities,net-change-in-property-plant-equipment,net-change-in-intangible-assets,net-acquisitions-divestitures,net-change-in-short-term-investments,net-change-in-long-term-investments,net-change-in-investments-total,investing-activities-other,cash-flow-from-investing-activities,net-long-term-debt,net-current-debt,debt-issuance-retirement-net-total,net-common-equity-issued-repurchased,net-total-equity-issued-repurchased,total-common-preferred-stock-dividends-paid,financial-activities-other,cash-flow-from-financial-activities,net-cash-flow,stock-based-compensation,common-stock-dividends-paid
0,2018-09-30,26.53,$15.32,1.73,$38.67,0.69,$-4.02,0.0,$0.48,55.27,$0.55B,$0.40B,1.37,$0.42B,$0.55B,0.76,$1.37B,$0.38B,28.04%,$1.37B,$0.08B,5.86%,$1.37B,$0.08B,5.86%,$1.37B,$0.20B,14.93%,$1.37B,$0.03B,2.42%,$1.37B,$0.02B,1.24%,$0.02B,$0.55B,3.08%,$0.02B,$0.47B,3.69%,$0.02B,$1.51B,1.14%,$0.08B,$0.97B,8.46%,$335,$238,$97,$0,$45,$314,$21,$-9,$11,$8,$3,$3,$5,$52,$21,$35,36,$0.15,$0.15,$38,$142,$112,$548,$861,$0,$87,$0,$964,$1512,$399,$419,$129,$560,$959,$0,$-223,$36,$553,$1512,$11,$94,$12,$107,$14,$-51,$29,$-20,$-27,$90,$-150,$0,$5,$0,$0,$0,$0,$-145,$50,$0,$50,$-3,$-3,$0,$-0,$46,$-12,$11,$0
1,2018-06-30,25.04,$15.14,1.65,$38.21,0.66,$-1.01,0.0,$0.42,59.62,$0.56B,$0.43B,1.3,$0.40B,$0.55B,0.73,$1.35B,$0.37B,27.73%,$1.35B,$0.07B,5.50%,$1.35B,$0.07B,5.50%,$1.35B,$0.20B,14.50%,$1.35B,$0.03B,2.38%,$1.35B,$0.02B,1.12%,$0.02B,$0.55B,2.72%,$0.02B,$0.45B,3.24%,$0.02B,$1.51B,1.01%,$0.07B,$0.95B,7.95%,$343,$248,$96,$0,$44,$323,$20,$-12,$8,$10,$-1,$-1,$0,$51,$20,$35,35,$0.00,$0.00,$19,$161,$102,$559,$838,$0,$101,$0,$954,$1513,$429,$401,$124,$537,$966,$0,$-228,$38,$547,$1513,$5,$63,$9,$72,$-4,$-70,$40,$-14,$-48,$29,$-92,$0,$5,$0,$0,$0,$0,$-87,$32,$0,$32,$-3,$-3,$0,$-0,$29,$-31,$7,$0
2,2018-03-31,26.7,$15.26,1.75,$37.57,0.71,$1.34,19.89,$0.52,51.35,$0.54B,$0.42B,1.31,$0.39B,$0.55B,0.7,$1.32B,$0.37B,27.65%,$1.32B,$0.07B,5.45%,$1.32B,$0.07B,5.45%,$1.32B,$0.19B,14.39%,$1.32B,$0.03B,2.05%,$1.32B,$0.02B,1.44%,$0.02B,$0.55B,3.46%,$0.02B,$0.45B,4.05%,$0.02B,$1.50B,1.30%,$0.07B,$0.94B,7.81%,$350,$255,$96,$0,$44,$331,$20,$-10,$9,$5,$4,$4,$5,$52,$20,$35,35,$0.15,$0.15,$18,$141,$129,$543,$838,$0,$98,$4,$957,$1500,$415,$387,$131,$533,$948,$0,$-228,$46,$551,$1500,$5,$32,$0,$32,$21,$-34,$6,$-29,$-36,$1,$-47,$0,$0,$0,$0,$0,$0,$-47,$18,$0,$18,$-3,$-3,$0,$-0,$15,$-32,$4,$0
3,2017-12-31,31.44,$15.52,2.03,$34.71,0.91,$3.13,10.04,$0.93,33.81,$0.54B,$0.41B,1.33,$0.37B,$0.56B,0.66,$1.22B,$0.35B,28.56%,$1.22B,$0.06B,4.69%,$1.22B,$0.06B,4.69%,$1.22B,$0.17B,13.91%,$1.22B,$0.02B,1.48%,$1.22B,$0.03B,2.80%,$0.03B,$0.56B,6.16%,$0.03B,$0.48B,7.05%,$0.03B,$1.46B,2.38%,$0.06B,$0.92B,6.29%,$338,$244,$94,$0,$44,$319,$19,$-14,$5,$3,$2,$2,$7,$49,$19,$35,35,$0.20,$0.20,$50,$108,$95,$543,$822,$0,$77,$5,$918,$1461,$409,$368,$20,$498,$906,$0,$-224,$46,$555,$1461,$34,$113,$-26,$86,$-65,$21,$62,$11,$29,$149,$-123,$0,$1,$0,$0,$0,$20,$-102,$25,$0,$25,$-4,$-4,$0,$-53,$-32,$13,$15,$0
4,2017-09-30,31.61,$15.33,2.06,$28.16,1.12,$7.97,3.97,$-0.02,0.0,$0.56B,$0.40B,1.39,$0.37B,$0.55B,0.67,$0.98B,$0.33B,33.03%,$0.98B,$0.06B,5.59%,$0.98B,$0.06B,5.59%,$0.98B,$0.16B,16.67%,$0.98B,$0.01B,1.32%,$0.98B,$0.00B,0.00%,$0.00B,$0.55B,0.00%,$0.00B,$0.47B,0.00%,$0.00B,$1.46B,0.00%,$0.06B,$0.92B,6.09%,$314,$227,$87,$0,$43,$299,$15,$-5,$10,$8,$1,$1,$3,$43,$15,$35,35,$0.09,$0.09,$72,$139,$83,$559,$813,$0,$77,$0,$899,$1457,$403,$368,$24,$506,$909,$0,$-230,$48,$549,$1457,$27,$82,$-31,$52,$-55,$10,$41,$45,$40,$119,$-73,$0,$1,$0,$0,$0,$19,$-52,$24,$0,$24,$-3,$-3,$0,$-53,$-31,$35,$12,$0
5,2017-06-30,26.7,$15.11,1.77,$25.82,1.03,$11.37,2.35,$-0.48,0.0,$0.54B,$0.36B,1.5,$0.37B,$0.54B,0.68,$0.90B,$0.31B,34.82%,$0.90B,$0.03B,3.78%,$0.90B,$0.03B,3.78%,$0.90B,$0.15B,16.13%,$0.90B,$-0.01B,-1.45%,$0.90B,$-0.02B,-1.78%,$-0.02B,$0.54B,-2.85%,$-0.02B,$0.47B,-3.20%,$-0.02B,$1.41B,-1.15%,$0.03B,$0.91B,3.72%,$318,$230,$88,$0,$45,$300,$18,$-15,$3,$-1,$3,$3,$4,$46,$18,$35,35,$0.10,$0.10,$46,$150,$92,$542,$787,$0,$68,$0,$865,$1407,$362,$368,$25,$503,$866,$0,$-234,$46,$541,$1407,$24,$54,$-29,$25,$-41,$6,$23,$21,$9,$58,$-38,$0,$1,$0,$0,$0,$19,$-18,$24,$0,$24,$-2,$-2,$0,$-52,$-31,$10,$9,$0
6,2017-03-31,31.45,$15.70,2.0,$24.34,1.29,$14.87,2.11,$-3.34,0.0,$0.54B,$0.37B,1.45,$0.32B,$0.56B,0.56,$0.84B,$0.30B,36.06%,$0.84B,$0.01B,0.95%,$0.84B,$0.01B,0.95%,$0.84B,$0.12B,14.23%,$0.84B,$-0.02B,-2.61%,$0.84B,$-0.12B,-13.76%,$-0.12B,$0.56B,-20.15%,$-0.12B,$0.51B,-22.47%,$-0.12B,$1.40B,-8.26%,$0.01B,$0.88B,0.86%,$245,$167,$78,$0,$44,$241,$5,$-5,$-0,$12,$-12,$-12,$20,$31,$5,$35,35,$0.58,$0.58,$19,$163,$89,$538,$798,$0,$56,$0,$860,$1397,$370,$317,$24,$466,$835,$0,$-237,$49,$562,$1397,$20,$26,$-23,$3,$-43,$-6,$7,$54,$11,$35,$-18,$0,$1,$0,$0,$0,$19,$2,$-33,$0,$-33,$-2,$-2,$0,$-20,$-55,$-18,$5,$0
7,2016-12-31,23.9,$15.71,1.52,$26.20,0.91,$17.54,1.36,$-6.60,0.0,$0.51B,$0.33B,1.53,$0.35B,$0.56B,0.63,$0.91B,$0.31B,34.25%,$0.91B,$-0.02B,-2.43%,$0.91B,$-0.02B,-2.43%,$0.91B,$0.12B,12.82%,$0.91B,$-0.05B,-5.19%,$0.91B,$-0.23B,-25.30%,$-0.23B,$0.56B,-37.33%,$-0.23B,$0.50B,-41.24%,$-0.23B,$1.38B,-15.71%,$-0.02B,$0.91B,-2.20%,$107,$36,$72,$0,$33,$91,$17,$-17,$-0,$4,$-4,$-4,$-27,$44,$17,$35,35,$-0.76,$-0.76,$36,$157,$73,$512,$791,$0,$57,$0,$863,$1375,$334,$349,$17,$484,$818,$0,$-257,$48,$557,$1375,$-228,$137,$135,$272,$126,$50,$2,$41,$219,$264,$-71,$0,$0,$0,$0,$0,$47,$-24,$-180,$0,$-180,$-1,$-1,$0,$-50,$-231,$7,$11,$0
8,2016-09-30,15.68,$16.50,0.95,$31.70,0.49,$11.47,1.37,$-5.95,0.0,$0.53B,$0.31B,1.73,$0.37B,$0.59B,0.64,$1.09B,$0.38B,34.95%,$1.09B,$0.01B,1.10%,$1.09B,$0.01B,1.10%,$1.09B,$0.16B,14.64%,$1.09B,$-0.01B,-0.46%,$1.09B,$-0.21B,-18.85%,$-0.21B,$0.59B,-30.48%,$-0.21B,$0.52B,-33.28%,$-0.21B,$1.40B,-13.20%,$0.01B,$0.96B,1.08%,$229,$154,$75,$0,$38,$235,$-6,$-10,$-16,$16,$-32,$-32,$-13,$24,$-6,$35,35,$-0.37,$-0.37,$33,$164,$93,$528,$808,$0,$63,$0,$875,$1404,$306,$373,$23,$512,$818,$0,$-230,$50,$586,$1404,$-201,$110,$100,$210,$128,$45,$-26,$55,$201,$211,$-47,$0,$0,$0,$0,$0,$47,$0,$-155,$0,$-155,$-1,$-1,$0,$-50,$-206,$3,$10,$0
