,Date,Stock Price,Book Value per Share,Price to Book Ratio,TTM Sales per Share,Price to Sales Ratio,TTM FCF per Share,Price to FCF Ratio,TTM Net EPS,PE Ratio,Current Assets,Current Liabilities,Current Ratio,Long Term Debt,Shareholder's Equity_x,Debt to Equity Ratio,TTM Revenue_x,TTM Gross Profit,Gross Margin,TTM Revenue_y,TTM Operating Income,Operating Margin,TTM Revenue_x,TTM EBIT,EBIT Margin,TTM Revenue_y,TTM EBITDA,EBITDA Margin,TTM Revenue_x,TTM Pre-Tax Income,Pre-Tax Margin,TTM Revenue_y,TTM Net Income_x,Net Margin,TTM Net Income_y,Shareholder's Equity_y,Return on Equity,TTM Net Income_x,Tangible Equity,Return on Tangible Equity,TTM Net Income_y,Total Assets,Return on Assets,TTM Net Income,LT Investments & Debt,Return on Investment,revenue,cost-goods-sold,gross-profit,research-development-expenses,selling-general-administrative-expenses,operating-expenses,operating-income,total-non-operating-income-expense,pre-tax-income,total-provision-income-taxes,income-after-taxes,income-from-continuous-operations,net-income,ebitda,ebit,basic-shares-outstanding,shares-outstanding,eps-basic-net-earnings-per-share,eps-earnings-per-share-diluted,cash-on-hand,inventory,other-current-assets,total-current-assets,net-property-plant-equipment,long-term-investments,goodwill-intangible-assets-total,other-long-term-assets,total-long-term-assets,total-assets,total-current-liabilities,long-term-debt,other-non-current-liabilities,total-long-term-liabilities,total-liabilities,common-stock-net,retained-earnings-accumulated-deficit,comprehensive-income,total-share-holder-equity,total-liabilities-share-holders-equity,net-income-loss,total-depreciation-amortization-cash-flow,other-non-cash-items,total-non-cash-items,change-in-accounts-receivable,change-in-inventories,change-in-accounts-payable,change-in-assets-liabilities,total-change-in-assets-liabilities,cash-flow-from-operating-activities,net-change-in-property-plant-equipment,net-change-in-intangible-assets,net-acquisitions-divestitures,net-change-in-short-term-investments,net-change-in-long-term-investments,net-change-in-investments-total,investing-activities-other,cash-flow-from-investing-activities,net-long-term-debt,net-current-debt,debt-issuance-retirement-net-total,net-common-equity-issued-repurchased,net-total-equity-issued-repurchased,total-common-preferred-stock-dividends-paid,financial-activities-other,cash-flow-from-financial-activities,net-cash-flow,stock-based-compensation,common-stock-dividends-paid
0,2018-09-30,5.48,$0.99,5.53,$8.79,0.62,$-0.16,0.0,$-0.53,0.0,$0.40B,$0.32B,1.23,$0.18B,$0.12B,1.51,$1.01B,$0.55B,54.80%,$1.01B,$-0.05B,-4.65%,$1.01B,$-0.05B,-4.65%,$1.01B,$0.01B,0.79%,$1.01B,$-0.06B,-6.03%,$1.01B,$-0.06B,-6.03%,$-0.06B,$0.12B,-53.63%,$-0.06B,$-0.09B,59.66%,$-0.06B,$0.73B,-8.22%,$-0.05B,$0.29B,-16.58%,$240,$108,$132,$51,$80,$245,$-5,$-3,$-8,$1,$-9,$-9,$-9,$9,$-5,$117,117,$-0.08,$-0.08,$140,$56,$0,$396,$76,$0,$209,$51,$336,$732,$322,$176,$64,$293,$615,$0,$-837,$-3,$117,$732,$-9,$14,$8,$22,$47,$8,$-31,$12,$22,$34,$-7,$0,$0,$0,$1,$1,$0,$-7,$-12,$0,$-12,$7,$7,$0,$-3,$-8,$19,$7,$0
1,2018-06-30,7.96,$0.97,8.2,$8.54,0.93,$-0.29,0.0,$-0.41,0.0,$0.43B,$0.36B,1.19,$0.19B,$0.11B,1.67,$0.98B,$0.53B,54.32%,$0.98B,$-0.04B,-3.87%,$0.98B,$-0.04B,-3.87%,$0.98B,$0.01B,1.12%,$0.98B,$-0.05B,-4.78%,$0.98B,$-0.05B,-4.88%,$-0.05B,$0.11B,-40.59%,$-0.05B,$-0.10B,52.32%,$-0.05B,$0.77B,-6.77%,$-0.04B,$0.30B,-13.51%,$278,$128,$150,$53,$89,$282,$-3,$-4,$-7,$-2,$-6,$-6,$-6,$12,$-3,$114,114,$-0.05,$-0.05,$121,$64,$0,$428,$79,$0,$216,$48,$342,$770,$360,$189,$59,$298,$658,$0,$-828,$-2,$113,$770,$-47,$49,$23,$72,$-70,$17,$19,$22,$-6,$19,$-40,$0,$-98,$0,$6,$6,$0,$-132,$106,$0,$106,$3,$3,$0,$-5,$105,$-9,$28,$0
2,2018-03-31,11.07,$0.98,11.35,$7.75,1.43,$0.35,31.84,$-0.25,0.0,$0.40B,$0.36B,1.09,$0.15B,$0.11B,1.36,$0.88B,$0.49B,55.09%,$0.88B,$-0.02B,-2.15%,$0.88B,$-0.02B,-2.15%,$0.88B,$0.02B,2.26%,$0.88B,$-0.03B,-2.94%,$0.88B,$-0.03B,-3.28%,$-0.03B,$0.11B,-23.87%,$-0.03B,$-0.10B,47.54%,$-0.03B,$0.74B,-4.59%,$-0.02B,$0.27B,-7.38%,$262,$119,$143,$51,$84,$270,$-8,$-4,$-12,$2,$-14,$-14,$-14,$6,$-8,$115,115,$-0.12,$-0.12,$103,$78,$0,$396,$86,$0,$215,$43,$344,$740,$364,$154,$65,$264,$628,$0,$-822,$-0,$113,$740,$-41,$33,$13,$46,$-45,$5,$29,$9,$-7,$-2,$-22,$0,$-98,$0,$5,$5,$0,$-115,$87,$0,$87,$5,$5,$0,$-2,$89,$-27,$20,$0
3,2017-12-31,12.52,$0.98,12.77,$6.84,1.83,$0.88,14.15,$-0.18,0.0,$0.39B,$0.35B,1.13,$0.16B,$0.11B,1.44,$0.77B,$0.43B,55.38%,$0.77B,$-0.01B,-1.82%,$0.77B,$-0.01B,-1.82%,$0.77B,$0.02B,2.08%,$0.77B,$-0.02B,-2.33%,$0.77B,$-0.02B,-2.59%,$-0.02B,$0.11B,-17.35%,$-0.02B,$-0.11B,48.48%,$-0.02B,$0.73B,-3.57%,$-0.01B,$0.27B,-5.99%,$231,$102,$129,$46,$77,$262,$-31,$-2,$-34,$-2,$-32,$-32,$-32,$-19,$-31,$114,114,$-0.28,$-0.28,$127,$83,$0,$390,$69,$0,$224,$44,$337,$727,$346,$161,$64,$269,$615,$0,$-809,$-1,$112,$727,$-28,$19,$4,$23,$-11,$-0,$18,$9,$19,$14,$-13,$0,$-98,$0,$5,$5,$0,$-106,$91,$0,$91,$-2,$-2,$0,$-1,$88,$-3,$12,$0
4,2017-09-30,11.89,$1.20,9.95,$6.26,1.9,$1.01,11.74,$0.02,594.5,$0.35B,$0.26B,1.31,$0.15B,$0.14B,1.11,$0.70B,$0.38B,54.31%,$0.70B,$0.01B,2.01%,$0.70B,$0.01B,2.01%,$0.70B,$0.04B,5.46%,$0.70B,$0.01B,1.87%,$0.70B,$0.01B,1.15%,$0.01B,$0.14B,7.36%,$0.01B,$-0.05B,-41.03%,$0.01B,$0.60B,1.63%,$0.01B,$0.29B,6.70%,$212,$99,$112,$34,$68,$207,$4,$2,$6,$2,$4,$4,$4,$12,$4,$112,118,$0.04,$0.04,$153,$58,$0,$346,$39,$0,$186,$28,$252,$598,$264,$150,$13,$199,$462,$0,$-777,$-2,$135,$598,$4,$7,$3,$10,$-6,$6,$9,$0,$4,$19,$-7,$0,$-68,$0,$5,$5,$0,$-71,$76,$0,$76,$0,$0,$0,$-1,$74,$23,$5,$0
5,2017-06-30,9.22,$1.13,8.14,$5.63,1.64,$0.99,9.28,$-0.08,0.0,$0.30B,$0.21B,1.4,$0.08B,$0.13B,0.64,$0.61B,$0.33B,54.70%,$0.61B,$0.01B,0.99%,$0.61B,$0.01B,0.99%,$0.61B,$0.03B,5.27%,$0.61B,$0.00B,0.33%,$0.61B,$-0.00B,-0.33%,$-0.00B,$0.13B,-2.05%,$-0.00B,$0.02B,40.00%,$-0.00B,$0.46B,-0.46%,$0.01B,$0.21B,3.56%,$179,$76,$103,$27,$57,$163,$16,$-1,$14,$1,$13,$13,$13,$21,$16,$108,108,$0.12,$0.12,$130,$47,$0,$299,$30,$0,$106,$25,$161,$460,$213,$80,$9,$121,$334,$0,$-781,$-2,$126,$460,$-2,$26,$17,$44,$-14,$7,$2,$9,$17,$59,$-10,$0,$-61,$0,$0,$0,$0,$-72,$38,$0,$38,$12,$12,$0,$-1,$49,$36,$13,$0
6,2017-03-31,7.51,$0.80,9.41,$5.25,1.43,$0.78,9.57,$-0.21,0.0,$0.29B,$0.25B,1.19,$0.08B,$0.09B,0.95,$0.56B,$0.30B,52.95%,$0.56B,$-0.02B,-2.68%,$0.56B,$-0.02B,-2.68%,$0.56B,$0.02B,2.86%,$0.56B,$-0.02B,-3.04%,$0.56B,$-0.02B,-3.94%,$-0.02B,$0.09B,-24.79%,$-0.02B,$-0.02B,220.00%,$-0.02B,$0.46B,-5.35%,$-0.02B,$0.17B,-10.07%,$149,$66,$83,$25,$48,$152,$-3,$-1,$-4,$1,$-5,$-5,$-5,$2,$-3,$109,109,$-0.05,$-0.05,$117,$48,$0,$292,$30,$0,$110,$23,$164,$457,$245,$84,$10,$124,$369,$0,$-812,$-3,$88,$457,$-15,$21,$14,$35,$7,$5,$5,$8,$24,$44,$-8,$0,$-61,$0,$0,$0,$0,$-69,$40,$0,$40,$9,$9,$0,$-1,$48,$23,$9,$0
7,2016-12-31,5.03,$0.79,6.33,$5.08,0.99,$0.61,8.26,$-0.26,0.0,$0.28B,$0.24B,1.19,$0.09B,$0.09B,1.02,$0.54B,$0.28B,51.59%,$0.54B,$-0.02B,-3.93%,$0.54B,$-0.02B,-3.93%,$0.54B,$0.02B,2.99%,$0.54B,$-0.02B,-4.30%,$0.54B,$-0.03B,-5.23%,$-0.03B,$0.09B,-31.37%,$-0.03B,$-0.03B,448.00%,$-0.03B,$0.45B,-7.20%,$-0.02B,$0.17B,-15.08%,$156,$77,$80,$24,$50,$159,$-3,$-0,$-3,$1,$-4,$-4,$-4,$3,$-3,$107,107,$-0.04,$-0.04,$104,$47,$0,$284,$31,$0,$111,$25,$166,$450,$238,$87,$9,$126,$364,$0,$-807,$-4,$86,$450,$-10,$16,$9,$26,$-8,$4,$-4,$12,$3,$19,$-5,$0,$-51,$0,$0,$0,$0,$-56,$43,$0,$43,$5,$5,$0,$-1,$46,$10,$7,$0
8,2016-09-30,4.49,$0.85,5.29,$4.99,0.9,$0.60,7.54,$-0.25,0.0,$0.23B,$0.20B,1.1,$0.03B,$0.09B,0.36,$0.52B,$0.27B,51.35%,$0.52B,$-0.02B,-4.44%,$0.52B,$-0.02B,-4.44%,$0.52B,$0.02B,3.47%,$0.52B,$-0.03B,-5.02%,$0.52B,$-0.03B,-5.98%,$-0.03B,$0.09B,-33.88%,$-0.03B,$0.01B,1127.27%,$-0.03B,$0.36B,-8.27%,$-0.02B,$0.12B,-17.46%,$123,$57,$66,$18,$45,$127,$-4,$-1,$-5,$1,$-6,$-6,$-6,$6,$-4,$106,106,$-0.05,$-0.05,$102,$43,$0,$225,$30,$0,$83,$25,$138,$363,$204,$33,$9,$68,$272,$0,$-798,$-3,$91,$363,$-6,$10,$4,$14,$17,$-3,$-3,$-2,$1,$10,$-2,$0,$0,$0,$0,$0,$0,$-2,$-3,$0,$-3,$3,$3,$0,$0,$0,$8,$3,$0
9,2016-06-30,3.39,$0.86,3.94,$5.07,0.67,$0.58,5.86,$-0.30,0.0,$0.23B,$0.21B,1.08,$0.04B,$0.09B,0.42,$0.52B,$0.27B,50.96%,$0.52B,$-0.03B,-5.77%,$0.52B,$-0.03B,-5.77%,$0.52B,$0.01B,2.50%,$0.52B,$-0.03B,-6.15%,$0.52B,$-0.04B,-7.12%,$-0.04B,$0.09B,-39.68%,$-0.04B,$0.00B,422.86%,$-0.04B,$0.37B,-9.68%,$-0.03B,$0.13B,-21.62%,$131,$64,$67,$19,$48,$136,$-5,$-0,$-5,$1,$-7,$-7,$-7,$5,$-5,$103,103,$-0.07,$-0.07,$94,$41,$0,$229,$30,$0,$91,$25,$145,$374,$212,$37,$9,$73,$284,$0,$-792,$-3,$90,$374,$-36,$43,$21,$65,$1,$18,$-10,$-9,$2,$30,$-5,$0,$0,$0,$0,$0,$0,$-5,$-11,$0,$-11,$5,$5,$0,$0,$-7,$18,$15,$0
10,2016-03-31,3.11,$0.86,3.61,$5.31,0.59,$0.64,4.85,$-0.44,0.0,$0.21B,$0.20B,1.06,$0.04B,$0.09B,0.47,$0.54B,$0.27B,50.83%,$0.54B,$-0.04B,-7.05%,$0.54B,$-0.04B,-7.05%,$0.54B,$0.01B,1.30%,$0.54B,$-0.04B,-7.61%,$0.54B,$-0.05B,-8.53%,$-0.05B,$0.09B,-47.55%,$-0.05B,$-0.01B,340.74%,$-0.05B,$0.37B,-11.62%,$-0.04B,$0.13B,-25.89%,$125,$62,$63,$19,$47,$134,$-9,$-1,$-10,$1,$-11,$-11,$-11,$2,$-9,$104,104,$-0.10,$-0.10,$88,$53,$0,$214,$30,$0,$98,$26,$155,$369,$201,$43,$9,$77,$279,$0,$-789,$-2,$90,$369,$-30,$33,$18,$51,$27,$5,$-20,$-13,$-2,$19,$-3,$0,$0,$0,$0,$0,$0,$-3,$-8,$0,$-8,$4,$4,$0,$0,$-4,$12,$12,$0
11,2015-12-31,4.08,$0.92,4.43,$5.31,0.77,$0.77,5.32,$-0.58,0.0,$0.23B,$0.22B,1.04,$0.05B,$0.10B,0.5,$0.53B,$0.27B,50.37%,$0.53B,$-0.05B,-9.36%,$0.53B,$-0.05B,-9.36%,$0.53B,$-0.00B,-0.75%,$0.53B,$-0.05B,-9.93%,$0.53B,$-0.06B,-11.05%,$-0.06B,$0.10B,-57.14%,$-0.06B,$-0.01B,380.65%,$-0.06B,$0.39B,-14.34%,$-0.05B,$0.14B,-31.80%,$139,$69,$70,$21,$47,$145,$-5,$-1,$-6,$1,$-7,$-7,$-7,$5,$-5,$102,102,$-0.07,$-0.07,$86,$57,$0,$226,$33,$0,$106,$28,$167,$393,$217,$47,$9,$81,$298,$0,$-779,$-3,$95,$393,$-19,$22,$14,$36,$15,$1,$-15,$-9,$-3,$14,$-1,$0,$0,$0,$0,$0,$0,$-1,$-5,$0,$-5,$2,$2,$0,$0,$-3,$10,$9,$0
12,2015-09-30,3.36,$0.97,3.46,$5.44,0.62,$1.02,3.28,$-0.64,0.0,$0.22B,$0.21B,1.03,$0.05B,$0.10B,0.53,$0.54B,$0.27B,50.55%,$0.54B,$-0.06B,-10.33%,$0.54B,$-0.06B,-10.33%,$0.54B,$-0.01B,-1.48%,$0.54B,$-0.06B,-10.89%,$0.54B,$-0.07B,-11.99%,$-0.07B,$0.10B,-57.52%,$-0.07B,$-0.02B,448.28%,$-0.07B,$0.39B,-15.05%,$-0.06B,$0.15B,-31.95%,$125,$59,$65,$20,$45,$135,$-11,$0,$-11,$1,$-12,$-12,$-12,$1,$-11,$101,101,$-0.11,$-0.11,$82,$62,$0,$215,$36,$0,$114,$29,$178,$393,$209,$52,$9,$86,$295,$0,$-771,$-2,$98,$393,$-12,$12,$6,$18,$32,$-4,$-10,$-14,$-0,$7,$-1,$0,$0,$0,$0,$0,$0,$-1,$-2,$0,$-2,$2,$2,$0,$0,$0,$6,$5,$0
13,2015-06-30,2.69,$1.04,2.59,$5.60,0.48,$0.95,2.82,$-0.73,0.0,$0.24B,$0.24B,1.01,$0.06B,$0.10B,0.53,$0.55B,$0.28B,50.63%,$0.55B,$-0.06B,-11.21%,$0.55B,$-0.06B,-11.21%,$0.55B,$-0.01B,-2.53%,$0.55B,$-0.07B,-11.93%,$0.55B,$-0.07B,-13.02%,$-0.07B,$0.10B,-57.95%,$-0.07B,$-0.02B,600.00%,$-0.07B,$0.43B,-15.79%,$-0.06B,$0.16B,-31.67%,$150,$74,$76,$22,$52,$163,$-13,$-1,$-14,$1,$-16,$-16,$-16,$-1,$-13,$99,99,$-0.15,$-0.15,$76,$58,$0,$238,$40,$0,$123,$28,$191,$429,$235,$56,$7,$89,$324,$0,$-760,$-1,$104,$429,$-72,$49,$24,$73,$28,$-1,$3,$8,$36,$37,$-7,$-1,$0,$0,$29,$29,$0,$22,$-55,$0,$-55,$2,$2,$0,$0,$-52,$3,$18,$0
14,2015-03-31,3.16,$1.16,2.73,$5.72,0.55,$0.13,23.78,$-0.74,0.0,$0.23B,$0.22B,1.04,$0.06B,$0.12B,0.51,$0.56B,$0.29B,51.43%,$0.56B,$-0.06B,-11.11%,$0.56B,$-0.06B,-11.11%,$0.56B,$-0.01B,-2.51%,$0.56B,$-0.07B,-11.83%,$0.56B,$-0.07B,-12.90%,$-0.07B,$0.12B,-52.36%,$-0.07B,$-0.02B,929.03%,$-0.07B,$0.43B,-14.99%,$-0.06B,$0.18B,-28.44%,$120,$62,$58,$24,$49,$141,$-21,$-1,$-22,$1,$-24,$-24,$-24,$-9,$-21,$100,100,$-0.24,$-0.24,$76,$67,$0,$232,$42,$0,$132,$25,$199,$431,$223,$59,$8,$92,$316,$0,$-744,$-2,$116,$431,$-56,$37,$19,$56,$42,$-10,$9,$-1,$34,$34,$-6,$-1,$0,$-3,$31,$28,$0,$22,$-53,$0,$-53,$2,$2,$0,$0,$-51,$1,$14,$0
15,2014-12-31,3.53,$1.35,2.61,$5.99,0.59,$-0.65,0.0,$-0.76,0.0,$0.27B,$0.23B,1.2,$0.08B,$0.13B,0.6,$0.58B,$0.30B,51.72%,$0.58B,$-0.06B,-11.03%,$0.58B,$-0.06B,-11.03%,$0.58B,$-0.01B,-2.24%,$0.58B,$-0.07B,-11.72%,$0.58B,$-0.07B,-12.59%,$-0.07B,$0.13B,-48.67%,$-0.07B,$-0.01B,2654.55%,$-0.07B,$0.48B,-14.61%,$-0.06B,$0.22B,-26.78%,$147,$72,$75,$24,$54,$158,$-11,$-1,$-12,$1,$-13,$-13,$-13,$1,$-11,$99,99,$-0.13,$-0.13,$109,$54,$0,$270,$44,$0,$141,$21,$205,$475,$226,$81,$11,$116,$341,$0,$-721,$-2,$134,$475,$-32,$24,$13,$37,$29,$3,$8,$2,$37,$41,$-4,$-0,$0,$0,$12,$12,$0,$8,$-32,$0,$-32,$2,$2,$0,$0,$-31,$16,$10,$0
16,2014-09-30,4.79,$1.47,3.26,$6.04,0.79,$-1.21,0.0,$-0.80,0.0,$0.27B,$0.23B,1.22,$0.09B,$0.14B,0.63,$0.58B,$0.30B,50.86%,$0.58B,$-0.07B,-11.55%,$0.58B,$-0.07B,-11.55%,$0.58B,$-0.02B,-3.10%,$0.58B,$-0.07B,-12.24%,$0.58B,$-0.08B,-13.10%,$-0.08B,$0.14B,-46.77%,$-0.08B,$-0.01B,-2338.46%,$-0.08B,$0.49B,-14.90%,$-0.07B,$0.23B,-26.25%,$136,$66,$71,$23,$56,$153,$-17,$-1,$-18,$1,$-19,$-19,$-19,$-5,$-17,$97,97,$-0.20,$-0.20,$104,$55,$0,$274,$46,$0,$150,$19,$215,$489,$225,$90,$9,$121,$346,$0,$-708,$-1,$143,$489,$-19,$12,$6,$18,$24,$2,$-7,$-11,$3,$2,$-3,$-0,$0,$0,$2,$2,$0,$-1,$-1,$0,$-1,$2,$2,$0,$0,$1,$1,$5,$0
17,2014-06-30,4.44,$1.62,2.75,$5.45,0.81,$-1.28,0.0,$-0.60,0.0,$0.30B,$0.25B,1.23,$0.09B,$0.16B,0.59,$0.52B,$0.27B,51.54%,$0.52B,$-0.05B,-9.62%,$0.52B,$-0.05B,-9.62%,$0.52B,$-0.01B,-2.12%,$0.52B,$-0.05B,-10.19%,$0.52B,$-0.06B,-10.96%,$-0.06B,$0.16B,-32.57%,$-0.06B,$-0.00B,-109.62%,$-0.06B,$0.53B,-12.19%,$-0.05B,$0.25B,-20.39%,$155,$72,$83,$24,$60,$169,$-13,$-1,$-14,$2,$-16,$-16,$-16,$-1,$-13,$96,96,$-0.17,$-0.17,$106,$57,$0,$303,$47,$0,$158,$19,$224,$526,$246,$92,$7,$123,$370,$0,$-688,$-0,$157,$526,$-57,$39,$22,$61,$-56,$-7,$-4,$37,$-31,$-27,$-22,$-0,$-180,$0,$76,$76,$0,$-126,$122,$0,$122,$8,$8,$0,$0,$130,$-23,$16,$0
18,2014-03-31,5.8,$1.72,3.38,$4.66,1.25,$-0.56,0.0,$-0.40,0.0,$0.28B,$0.22B,1.27,$0.09B,$0.17B,0.57,$0.44B,$0.23B,51.58%,$0.44B,$-0.03B,-7.66%,$0.44B,$-0.03B,-7.66%,$0.44B,$-0.01B,-1.35%,$0.44B,$-0.04B,-8.11%,$0.44B,$-0.04B,-8.56%,$-0.04B,$0.17B,-20.77%,$-0.04B,$0.00B,-38.48%,$-0.04B,$0.51B,-9.18%,$-0.03B,$0.26B,-14.77%,$142,$71,$71,$24,$56,$165,$-23,$-1,$-24,$1,$-25,$-25,$-25,$-8,$-23,$96,96,$-0.26,$-0.26,$106,$63,$0,$281,$47,$0,$162,$18,$227,$508,$221,$94,$9,$122,$342,$0,$-672,$-0,$166,$508,$-41,$27,$13,$40,$-24,$-13,$-5,$15,$-29,$-31,$-17,$0,$-180,$0,$74,$74,$0,$-123,$122,$0,$122,$6,$6,$0,$0,$129,$-24,$10,$0
19,2013-12-31,6.98,$1.93,3.62,$3.92,1.78,$-0.03,0.0,$-0.16,0.0,$0.29B,$0.21B,1.36,$0.10B,$0.18B,0.52,$0.37B,$0.20B,52.97%,$0.37B,$-0.01B,-3.51%,$0.37B,$-0.01B,-3.51%,$0.37B,$0.00B,0.54%,$0.37B,$-0.01B,-3.78%,$0.37B,$-0.02B,-4.05%,$-0.02B,$0.18B,-8.00%,$-0.02B,$0.02B,-10.51%,$-0.02B,$0.52B,-4.21%,$-0.01B,$0.28B,-6.15%,$147,$77,$70,$19,$52,$160,$-14,$-1,$-15,$1,$-16,$-16,$-16,$-4,$-14,$95,95,$-0.17,$-0.17,$112,$63,$0,$285,$49,$0,$167,$16,$232,$517,$210,$95,$10,$123,$333,$0,$-647,$0,$184,$517,$-16,$11,$7,$18,$-21,$-13,$13,$15,$-7,$-5,$-13,$0,$-180,$0,$66,$66,$0,$-127,$99,$0,$99,$5,$5,$0,$0,$104,$-27,$5,$0
20,2013-09-30,5.22,$2.04,2.55,$3.18,1.64,$0.20,25.77,$-0.03,0.0,$0.28B,$0.11B,2.53,$0.00B,$0.19B,0.0,$0.30B,$0.17B,55.85%,$0.30B,$-0.00B,-1.00%,$0.30B,$-0.00B,-1.00%,$0.30B,$0.00B,1.34%,$0.30B,$-0.00B,-1.00%,$0.30B,$-0.00B,-1.00%,$-0.00B,$0.19B,-1.59%,$-0.00B,$0.19B,-1.63%,$-0.00B,$0.32B,-1.01%,$-0.00B,$0.19B,-1.59%,$76,$32,$44,$10,$30,$76,$0,$0,$0,$0,$-0,$-0,$-0,$2,$0,$94,94,$0.00,$0.00,$199,$30,$0,$281,$26,$0,$4,$8,$38,$319,$111,$0,$7,$15,$126,$0,$-631,$-1,$193,$319,$-0,$2,$2,$3,$9,$-14,$1,$4,$-1,$2,$-10,$0,$0,$0,$13,$13,$0,$3,$0,$0,$0,$2,$2,$0,$0,$2,$7,$2,$0
21,2013-06-30,3.44,$2.02,1.7,$3.17,1.09,$0.34,10.0,$0.11,31.27,$0.21B,$0.11B,1.86,$0.00B,$0.19B,0.0,$0.30B,$0.16B,54.52%,$0.30B,$0.01B,3.68%,$0.30B,$0.01B,3.68%,$0.30B,$0.02B,5.69%,$0.30B,$0.01B,3.34%,$0.30B,$0.01B,3.34%,$0.01B,$0.19B,5.28%,$0.01B,$0.19B,5.40%,$0.01B,$0.31B,3.44%,$0.01B,$0.19B,5.80%,$79,$35,$44,$10,$31,$77,$3,$1,$3,$0,$3,$3,$3,$4,$3,$94,95,$0.02,$0.02,$139,$16,$0,$209,$24,$67,$4,$8,$103,$311,$113,$0,$2,$10,$122,$0,$-631,$-1,$189,$311,$10,$6,$-2,$4,$-6,$10,$8,$6,$19,$32,$-13,$-1,$43,$0,$-13,$-13,$0,$16,$0,$0,$0,$-7,$-7,$0,$0,$-7,$41,$7,$0
22,2013-03-31,3.37,$1.98,1.7,$3.26,1.03,$0.23,14.68,$0.16,21.06,$0.19B,$0.09B,2.19,$0.00B,$0.18B,0.0,$0.31B,$0.17B,54.55%,$0.31B,$0.01B,4.22%,$0.31B,$0.01B,4.22%,$0.31B,$0.02B,6.49%,$0.31B,$0.02B,4.87%,$0.31B,$0.02B,4.87%,$0.02B,$0.18B,8.01%,$0.02B,$0.18B,8.21%,$0.02B,$0.28B,5.27%,$0.01B,$0.18B,6.94%,$68,$30,$38,$9,$27,$70,$-2,$0,$-2,$0,$-2,$-2,$-2,$-0,$-2,$93,93,$-0.02,$-0.02,$120,$16,$0,$185,$11,$69,$4,$9,$93,$278,$85,$0,$1,$9,$94,$0,$-634,$-0,$184,$278,$6,$5,$-5,$-1,$-2,$11,$-9,$4,$1,$7,$-4,$-0,$43,$0,$-14,$-14,$0,$24,$0,$0,$0,$-8,$-8,$0,$0,$-8,$23,$6,$0
23,2012-12-31,3.64,$2.01,1.81,$3.30,1.1,$0.22,16.34,$0.21,17.33,$0.19B,$0.09B,2.17,$0.00B,$0.19B,0.0,$0.31B,$0.17B,54.63%,$0.31B,$0.02B,5.75%,$0.31B,$0.02B,5.75%,$0.31B,$0.02B,7.67%,$0.31B,$0.02B,6.39%,$0.31B,$0.02B,6.07%,$0.02B,$0.19B,10.30%,$0.02B,$0.18B,10.56%,$0.02B,$0.29B,6.67%,$0.02B,$0.19B,9.76%,$76,$35,$41,$11,$29,$79,$-4,$-0,$-4,$0,$-4,$-4,$-4,$-2,$-4,$95,95,$-0.04,$-0.04,$125,$18,$0,$191,$10,$71,$5,$9,$94,$285,$88,$0,$1,$9,$97,$0,$-632,$0,$188,$285,$9,$3,$-7,$-4,$-1,$9,$-8,$6,$3,$8,$-3,$-0,$43,$0,$-8,$-8,$0,$31,$0,$0,$0,$-5,$-5,$0,$0,$-5,$35,$4,$0
24,2012-09-30,3.35,$2.07,1.62,$3.38,0.99,$0.19,17.64,$0.29,11.55,$0.20B,$0.09B,2.37,$0.00B,$0.20B,0.0,$0.32B,$0.18B,55.00%,$0.32B,$0.03B,8.13%,$0.32B,$0.03B,8.13%,$0.32B,$0.03B,10.00%,$0.32B,$0.03B,8.75%,$0.32B,$0.03B,8.44%,$0.03B,$0.20B,15.02%,$0.03B,$0.19B,15.41%,$0.03B,$0.29B,9.63%,$0.03B,$0.20B,14.46%,$76,$36,$40,$11,$27,$63,$14,$-0,$13,$1,$13,$13,$13,$15,$14,$95,95,$0.14,$0.14,$138,$23,$0,$201,$9,$65,$5,$9,$89,$290,$85,$0,$1,$8,$93,$0,$-628,$0,$197,$290,$13,$2,$-9,$-7,$7,$4,$-8,$0,$1,$7,$-2,$0,$43,$0,$-7,$-7,$0,$34,$0,$0,$0,$1,$1,$0,$0,$1,$42,$2,$0
25,2012-06-30,3.44,$1.90,1.81,$3.42,1.01,$0.08,41.7,$0.17,20.24,$0.17B,$0.10B,1.75,$0.00B,$0.18B,0.0,$0.32B,$0.18B,55.73%,$0.32B,$0.01B,4.33%,$0.32B,$0.01B,4.33%,$0.32B,$0.02B,6.50%,$0.32B,$0.02B,5.26%,$0.32B,$0.02B,4.95%,$0.02B,$0.18B,9.33%,$0.02B,$0.18B,9.57%,$0.02B,$0.29B,5.88%,$0.01B,$0.18B,8.16%,$88,$39,$49,$12,$32,$82,$5,$2,$8,$-0,$8,$8,$8,$7,$5,$93,94,$0.08,$0.08,$78,$27,$17,$169,$25,$76,$5,$10,$115,$285,$97,$0,$1,$8,$105,$0,$-641,$-1,$180,$285,$16,$7,$6,$14,$-8,$-5,$4,$3,$-16,$14,$-5,$-0,$0,$0,$-5,$-5,$0,$-10,$0,$0,$0,$1,$1,$0,$1,$2,$5,$6,$0
26,2012-03-31,3.83,$1.84,2.08,$3.46,1.11,$0.11,34.47,$0.07,54.71,$0.17B,$0.10B,1.73,$0.00B,$0.17B,0.0,$0.33B,$0.18B,55.38%,$0.33B,$0.01B,2.15%,$0.33B,$0.01B,2.15%,$0.33B,$0.01B,4.31%,$0.33B,$0.01B,2.15%,$0.33B,$0.01B,1.85%,$0.01B,$0.17B,3.60%,$0.01B,$0.17B,3.69%,$0.01B,$0.28B,2.23%,$0.01B,$0.17B,4.20%,$73,$32,$41,$10,$28,$71,$3,$0,$3,$1,$2,$2,$2,$4,$3,$94,95,$0.03,$0.03,$76,$23,$17,$168,$25,$72,$4,$10,$111,$279,$97,$0,$1,$9,$106,$0,$-648,$2,$173,$279,$8,$5,$6,$12,$-12,$-1,$4,$-1,$-13,$6,$-4,$-0,$0,$0,$1,$1,$0,$-4,$0,$0,$0,$1,$1,$0,$1,$2,$3,$5,$0
27,2011-12-31,2.92,$1.81,1.62,$3.51,0.83,$0.21,13.67,$-0.03,0.0,$0.17B,$0.09B,1.83,$0.00B,$0.17B,0.0,$0.33B,$0.18B,53.66%,$0.33B,$-0.00B,-0.91%,$0.33B,$-0.00B,-0.91%,$0.33B,$0.01B,1.83%,$0.33B,$-0.00B,-0.61%,$0.33B,$-0.00B,-0.91%,$-0.00B,$0.17B,-1.83%,$-0.00B,$0.17B,-1.87%,$-0.00B,$0.27B,-1.13%,$-0.00B,$0.17B,-1.83%,$83,$37,$46,$11,$31,$79,$4,$0,$4,$0,$4,$4,$4,$6,$4,$93,94,$0.04,$0.04,$84,$21,$17,$166,$25,$63,$4,$10,$102,$268,$91,$0,$1,$9,$99,$0,$-651,$2,$169,$268,$6,$4,$4,$8,$-5,$0,$1,$-4,$-9,$4,$-2,$0,$0,$0,$-2,$-2,$0,$-4,$0,$0,$0,$1,$1,$0,$0,$1,$-1,$3,$0
28,2011-09-30,2.65,$1.77,1.5,$3.57,0.74,$0.27,9.75,$0.03,88.33,$0.14B,$0.08B,1.64,$0.00B,$0.16B,0.0,$0.33B,$0.18B,53.94%,$0.33B,$0.00B,0.61%,$0.33B,$0.00B,0.61%,$0.33B,$0.01B,3.33%,$0.33B,$0.00B,1.21%,$0.33B,$0.00B,0.61%,$0.00B,$0.16B,1.23%,$0.00B,$0.16B,1.25%,$0.00B,$0.26B,0.74%,$0.00B,$0.16B,1.23%,$79,$35,$44,$12,$28,$77,$2,$0,$2,$1,$2,$2,$2,$4,$2,$93,94,$0.02,$0.02,$76,$23,$0,$135,$42,$65,$4,$11,$121,$256,$82,$0,$2,$10,$92,$0,$-655,$2,$164,$256,$2,$2,$3,$4,$5,$-1,$-3,$-8,$-10,$-4,$-1,$0,$0,$0,$-1,$-1,$0,$-2,$0,$0,$0,$1,$1,$0,$0,$1,$-6,$2,$0
29,2011-06-30,3.24,$1.74,1.86,$3.65,0.89,$0.32,10.14,$0.04,81.0,$0.16B,$0.10B,1.58,$0.00B,$0.16B,0.0,$0.34B,$0.18B,54.03%,$0.34B,$0.00B,0.60%,$0.34B,$0.00B,0.60%,$0.34B,$0.01B,3.58%,$0.34B,$0.01B,1.49%,$0.34B,$0.00B,0.90%,$0.00B,$0.16B,1.87%,$0.00B,$0.16B,1.88%,$0.00B,$0.27B,1.12%,$0.00B,$0.16B,1.24%,$90,$41,$49,$13,$35,$92,$-2,$0,$-2,$0,$-2,$-2,$-2,$0,$-2,$91,93,$-0.03,$-0.03,$91,$22,$0,$157,$42,$56,$5,$11,$114,$271,$100,$0,$2,$10,$110,$0,$-656,$4,$161,$271,$3,$9,$7,$16,$8,$0,$-3,$-12,$-2,$17,$-6,$0,$0,$0,$-16,$-16,$0,$-22,$0,$0,$0,$2,$2,$0,$1,$3,$-2,$5,$0
30,2011-03-31,3.5,$1.76,1.99,$3.64,0.96,$0.27,13.2,$0.10,35.0,$0.16B,$0.10B,1.59,$0.00B,$0.16B,0.0,$0.33B,$0.18B,54.85%,$0.33B,$0.01B,2.12%,$0.33B,$0.01B,2.12%,$0.33B,$0.02B,5.15%,$0.33B,$0.01B,3.03%,$0.33B,$0.01B,2.42%,$0.01B,$0.16B,5.07%,$0.01B,$0.16B,5.11%,$0.01B,$0.27B,3.00%,$0.01B,$0.16B,4.44%,$76,$39,$37,$11,$31,$82,$-7,$0,$-6,$0,$-7,$-7,$-7,$-4,$-7,$92,92,$-0.07,$-0.07,$95,$19,$0,$158,$42,$51,$0,$16,$110,$268,$99,$0,$1,$7,$107,$0,$-654,$3,$161,$268,$5,$7,$4,$10,$7,$3,$-5,$-13,$0,$15,$-4,$0,$0,$0,$-15,$-15,$0,$-19,$0,$0,$0,$1,$1,$0,$1,$2,$-2,$4,$0
31,2010-12-31,3.09,$1.81,1.71,$3.68,0.84,$0.13,24.24,$0.21,14.71,$0.17B,$0.11B,1.59,$0.00B,$0.17B,0.0,$0.33B,$0.19B,56.93%,$0.33B,$0.02B,5.12%,$0.33B,$0.02B,5.12%,$0.33B,$0.03B,7.53%,$0.33B,$0.02B,5.72%,$0.33B,$0.02B,5.72%,$0.02B,$0.17B,12.36%,$0.02B,$0.17B,12.46%,$0.02B,$0.28B,7.24%,$0.02B,$0.17B,11.06%,$85,$37,$48,$12,$31,$76,$9,$0,$10,$1,$9,$9,$9,$11,$9,$91,91,$0.10,$0.10,$91,$24,$0,$170,$43,$51,$0,$16,$109,$279,$107,$0,$0,$7,$114,$0,$-648,$2,$165,$279,$12,$4,$2,$7,$-5,$-2,$-2,$-7,$-9,$10,$-2,$0,$0,$0,$-13,$-13,$0,$-15,$0,$0,$0,$0,$0,$0,$0,$0,$-5,$2,$0
32,2010-09-30,3.11,$1.72,1.81,$3.64,0.86,$0.13,24.49,$0.09,34.56,$0.16B,$0.09B,1.69,$0.00B,$0.16B,0.0,$0.33B,$0.19B,57.36%,$0.33B,$0.01B,1.84%,$0.33B,$0.01B,1.84%,$0.33B,$0.01B,3.99%,$0.33B,$0.01B,2.15%,$0.33B,$0.01B,2.76%,$0.01B,$0.16B,6.11%,$0.01B,$0.16B,6.16%,$0.01B,$0.26B,3.51%,$0.01B,$0.16B,4.07%,$84,$37,$47,$13,$31,$81,$2,$0,$3,$-0,$3,$3,$3,$5,$2,$90,91,$0.03,$0.03,$93,$20,$0,$158,$43,$40,$0,$16,$99,$257,$94,$0,$0,$8,$102,$0,$-656,$3,$156,$257,$3,$2,$1,$3,$2,$1,$-1,$-9,$-4,$1,$-1,$0,$0,$0,$-5,$-5,$0,$-6,$0,$0,$0,$0,$0,$0,$0,$0,$-4,$2,$0
33,2010-06-30,2.7,$1.65,1.63,$3.46,0.78,$0.16,16.67,0,0.0,$0.19B,$0.10B,1.81,$0.00B,$0.15B,0.0,$0.31B,$0.18B,57.47%,$0.31B,$-0.00B,-0.32%,$0.31B,$-0.00B,-0.32%,$0.31B,$0.00B,1.30%,$0.31B,$-0.00B,-0.32%,$0.31B,$0.00B,0.32%,$0.00B,$0.15B,0.70%,$0.00B,$0.14B,0.71%,$0.00B,$0.26B,0.39%,$-0.00B,$0.15B,-0.70%,$85,$37,$49,$12,$33,$83,$3,$0,$3,$-0,$3,$3,$3,$5,$3,$89,89,$0.04,$0.04,$117,$22,$0,$185,$44,$19,$5,$10,$78,$263,$102,$0,$3,$11,$114,$0,$-659,$1,$149,$263,$0,$7,$8,$15,$-4,$-9,$6,$4,$-4,$11,$-5,$0,$0,$0,$-4,$-4,$0,$-9,$0,$0,$0,$1,$1,$0,$0,$1,$3,$6,$0
34,2010-03-31,3.07,$1.61,1.91,$3.36,0.91,$0.04,74.51,$-0.03,0.0,$0.17B,$0.10B,1.73,$0.00B,$0.15B,0.0,$0.30B,$0.17B,57.24%,$0.30B,$-0.00B,-0.33%,$0.30B,$-0.00B,-0.33%,$0.30B,$0.01B,1.64%,$0.30B,$-0.00B,-0.99%,$0.30B,$-0.00B,-0.33%,$-0.00B,$0.15B,-0.71%,$-0.00B,$0.15B,-0.71%,$-0.00B,$0.25B,-0.40%,$-0.00B,$0.15B,-0.71%,$78,$33,$45,$11,$31,$75,$3,$0,$3,$-0,$4,$4,$4,$4,$3,$90,91,$0.04,$0.04,$104,$24,$0,$167,$43,$24,$0,$15,$83,$250,$97,$0,$1,$9,$106,$0,$-663,$2,$145,$250,$-3,$4,$4,$9,$1,$-11,$6,$1,$-3,$2,$-4,$0,$0,$23,$-28,$-6,$0,$-9,$0,$0,$0,$1,$1,$0,$0,$1,$-6,$5,$0
35,2009-12-31,2.87,$1.56,1.84,$3.37,0.85,$-0.04,0.0,$-0.10,0.0,$0.17B,$0.11B,1.6,$0.00B,$0.14B,0.0,$0.30B,$0.17B,57.10%,$0.30B,$-0.01B,-2.31%,$0.30B,$-0.01B,-2.31%,$0.30B,0,0.00%,$0.30B,$-0.01B,-2.64%,$0.30B,$-0.01B,-2.31%,$-0.01B,$0.14B,-5.03%,$-0.01B,$0.14B,-5.03%,$-0.01B,$0.26B,-2.81%,$-0.01B,$0.14B,-5.03%,$79,$34,$46,$12,$31,$81,$-2,$0,$-2,$-0,$-1,$-1,$-1,$-1,$-2,$89,89,$-0.02,$-0.02,$109,$17,$0,$169,$44,$26,$0,$16,$86,$255,$106,$0,$2,$10,$116,$0,$-666,$2,$139,$255,$-7,$3,$7,$10,$-3,$-4,$9,$3,$7,$10,$-3,$0,$0,$0,$-4,$-4,$0,$-6,$0,$0,$0,$0,$0,$0,$0,$0,$4,$3,$0
36,2009-09-30,2.8,$1.56,1.8,$3.47,0.81,$0.05,57.26,$-0.05,0.0,$0.16B,$0.10B,1.52,$0.00B,$0.14B,0.0,$0.31B,$0.18B,56.41%,$0.31B,$-0.00B,-0.96%,$0.31B,$-0.00B,-0.96%,$0.31B,$0.00B,1.28%,$0.31B,$-0.00B,-0.96%,$0.31B,$-0.00B,-1.28%,$-0.00B,$0.14B,-2.87%,$-0.00B,$0.14B,-2.87%,$-0.00B,$0.25B,-1.58%,$-0.00B,$0.14B,-2.15%,$66,$30,$37,$14,$29,$72,$-5,$0,$-5,$0,$-5,$-5,$-5,$-4,$-5,$89,89,$-0.06,$-0.06,$97,$16,$0,$159,$44,$34,$0,$17,$94,$253,$104,$0,$3,$11,$115,$0,$-665,$2,$138,$253,$-5,$2,$1,$2,$2,$-4,$4,$-1,$7,$4,$-1,$0,$0,$0,$-10,$-10,$0,$-11,$0,$0,$0,$0,$0,$0,$0,$0,$-7,$1,$0
37,2009-06-30,2.0,$1.59,1.26,$3.53,0.57,$0.18,11.22,$0.02,100.0,$0.11B,$0.09B,1.27,$0.00B,$0.14B,0.0,$0.34B,$0.19B,56.55%,$0.34B,$0.00B,0.89%,$0.34B,$0.00B,0.89%,$0.34B,$0.01B,2.98%,$0.34B,$0.00B,1.19%,$0.34B,$0.00B,0.89%,$0.00B,$0.14B,2.17%,$0.00B,$0.14B,2.17%,$0.00B,$0.24B,1.16%,$0.00B,$0.14B,2.17%,$81,$35,$46,$14,$29,$78,$3,$-1,$1,$1,$1,$1,$1,$6,$3,$94,94,$0.01,$0.01,$55,$12,$0,$110,$44,$72,$0,$14,$130,$240,$86,$0,$4,$12,$98,$0,$-659,$1,$142,$240,$3,$8,$5,$13,$20,$2,$-4,$-14,$-14,$2,$-7,$0,$0,$0,$80,$80,$0,$73,$0,$0,$0,$-99,$-99,$0,$0,$-99,$-25,$4,$0
38,2009-03-31,1.52,$1.56,0.98,$3.51,0.43,$0.31,4.95,$0.02,76.0,$0.12B,$0.10B,1.17,$0.00B,$0.14B,0.0,$0.35B,$0.20B,56.66%,$0.35B,$-0.00B,-0.28%,$0.35B,$-0.00B,-0.28%,$0.35B,$0.01B,1.42%,$0.35B,$0.01B,1.42%,$0.35B,$0.00B,0.85%,$0.00B,$0.14B,1.87%,$0.00B,$0.14B,1.87%,$0.00B,$0.25B,1.03%,$-0.00B,$0.14B,-0.62%,$77,$33,$44,$14,$31,$80,$-3,$1,$-2,$0,$-2,$-2,$-2,$-1,$-3,$89,89,$-0.02,$-0.02,$43,$23,$0,$115,$43,$78,$0,$13,$134,$249,$98,$0,$5,$13,$111,$0,$-660,$0,$138,$249,$2,$4,$5,$9,$17,$-9,$-2,$-5,$-15,$-4,$-4,$0,$0,$0,$76,$76,$0,$72,$0,$0,$0,$-99,$-99,$0,$0,$-99,$-32,$3,$0
39,2008-12-31,2.34,$1.58,1.48,$3.35,0.7,$0.49,4.73,$0.05,46.8,$0.12B,$0.12B,0.99,$0.00B,$0.14B,0.0,$0.36B,$0.20B,56.70%,$0.36B,0,0.00%,$0.36B,0,0.00%,$0.36B,$0.01B,1.68%,$0.36B,$0.01B,1.96%,$0.36B,$0.01B,1.40%,$0.01B,$0.14B,2.71%,$0.01B,$0.14B,2.71%,$0.01B,$0.27B,1.59%,$0.00B,$0.14B,0.00%,$88,$39,$49,$14,$33,$86,$2,$2,$3,$1,$2,$2,$2,$3,$2,$88,88,$0.03,$0.03,$46,$22,$0,$117,$44,$98,$0,$14,$156,$273,$119,$0,$6,$15,$133,$946,$-658,$1,$140,$273,$4,$3,$2,$4,$20,$-8,$11,$-1,$9,$18,$-3,$0,$0,$0,$49,$49,$0,$46,$0,$0,$0,$-100,$-100,$0,$0,$-100,$-36,$1,$0
40,2008-09-30,3.37,$1.50,2.25,$3.16,1.07,$0.39,8.58,$0.06,56.17,$0.13B,$0.13B,1.06,$0.00B,$0.13B,0.0,$0.36B,$0.21B,57.02%,$0.36B,0,0.00%,$0.36B,0,0.00%,$0.36B,$0.01B,1.93%,$0.36B,$0.01B,2.48%,$0.36B,$0.01B,1.93%,$0.01B,$0.13B,3.39%,$0.01B,$0.13B,3.39%,$0.01B,$0.27B,2.10%,$0.00B,$0.13B,0.00%,$90,$38,$51,$17,$34,$89,$1,$2,$2,$1,$2,$2,$2,$2,$1,$111,111,$0.01,$0.01,$58,$16,$0,$133,$44,$85,$0,$12,$141,$273,$125,$0,$7,$16,$141,$945,$-661,$-2,$132,$273,$2,$2,$1,$2,$11,$-2,$7,$9,$17,$21,$-3,$0,$0,$0,$57,$57,$0,$55,$0,$0,$0,$-100,$-100,$0,$0,$-100,$-25,$0,$0
41,2008-06-30,2.84,$2.00,1.42,$3.13,0.91,$0.29,9.82,$0.08,35.5,$0.20B,$0.12B,1.69,$0.00B,$0.23B,0.0,$0.36B,$0.21B,56.63%,$0.36B,$0.00B,0.28%,$0.36B,$0.00B,0.28%,$0.36B,$0.01B,2.76%,$0.36B,$0.01B,3.04%,$0.36B,$0.01B,2.49%,$0.01B,$0.23B,3.92%,$0.01B,$0.23B,3.92%,$0.01B,$0.37B,2.56%,$0.00B,$0.23B,0.44%,$98,$42,$56,$16,$40,$99,$-1,$2,$2,$1,$1,$1,$1,$1,$-1,$115,116,$0.00,$0.00,$113,$14,$0,$197,$43,$112,$0,$13,$169,$366,$116,$0,$8,$17,$134,$0,$-662,$-1,$232,$366,$8,$9,$2,$10,$-18,$8,$-4,$5,$-3,$16,$-8,$0,$0,$0,$-13,$-13,$0,$-21,$0,$0,$0,$4,$4,$0,$0,$4,$-1,$5,$0
42,2008-03-31,3.1,$2.01,1.55,$3.04,1.02,$0.17,17.92,$0.03,103.33,$0.18B,$0.10B,1.88,$0.00B,$0.23B,0.0,$0.35B,$0.20B,56.13%,$0.35B,$-0.01B,-1.42%,$0.35B,$-0.01B,-1.42%,$0.35B,$0.01B,1.42%,$0.35B,$0.01B,1.42%,$0.35B,$0.00B,0.85%,$0.00B,$0.23B,1.33%,$0.00B,$0.23B,1.33%,$0.00B,$0.35B,0.86%,$-0.01B,$0.23B,-2.21%,$82,$35,$47,$16,$34,$84,$-2,$3,$0,$0,$-0,$-0,$-0,$-0,$-2,$116,116,$0.00,$0.00,$120,$20,$0,$178,$42,$111,$0,$15,$167,$345,$95,$0,$8,$17,$112,$942,$-663,$3,$233,$345,$8,$7,$-0,$6,$-2,$7,$-10,$4,$1,$15,$-4,$0,$0,$0,$-14,$-14,$0,$-18,$0,$0,$0,$3,$3,$0,$0,$3,$0,$4,$0
43,2007-12-31,3.54,$1.99,1.78,$3.08,1.15,$0.02,145.68,$0.01,354.0,$0.23B,$0.10B,2.25,$0.00B,$0.23B,0.0,$0.35B,$0.20B,55.93%,$0.35B,$-0.01B,-1.98%,$0.35B,$-0.01B,-1.98%,$0.35B,$0.00B,1.13%,$0.35B,$0.00B,0.85%,$0.35B,$0.00B,0.28%,$0.00B,$0.23B,0.45%,$0.00B,$0.23B,0.45%,$0.00B,$0.35B,0.29%,$-0.01B,$0.23B,-3.15%,$93,$40,$53,$17,$34,$90,$2,$3,$5,$1,$4,$4,$4,$4,$2,$115,116,$0.04,$0.04,$160,$22,$0,$226,$42,$67,$0,$16,$124,$350,$100,$0,$9,$19,$120,$940,$-663,$2,$230,$350,$8,$5,$2,$8,$-7,$4,$-5,$-1,$-6,$9,$-2,$0,$0,$0,$-35,$-35,$0,$-38,$0,$0,$0,$3,$3,$0,$0,$3,$-26,$2,$0
44,2007-09-30,3.84,$1.94,1.98,$3.05,1.26,$-0.18,0.0,$-0.05,0.0,$0.23B,$0.10B,2.3,$0.00B,$0.22B,0.0,$0.35B,$0.19B,54.89%,$0.35B,$-0.01B,-3.74%,$0.35B,$-0.01B,-3.74%,$0.35B,$-0.00B,-0.29%,$0.35B,$-0.00B,-0.86%,$0.35B,$-0.01B,-1.44%,$-0.01B,$0.22B,-2.27%,$-0.01B,$0.22B,-2.27%,$-0.01B,$0.34B,-1.45%,$-0.01B,$0.22B,-5.90%,$89,$40,$49,$16,$31,$87,$2,$3,$4,$0,$4,$4,$4,$5,$2,$114,115,$0.03,$0.03,$169,$25,$0,$227,$42,$56,$0,$18,$116,$343,$99,$0,$10,$20,$119,$937,$-667,$1,$224,$343,$4,$3,$1,$4,$6,$1,$-5,$-5,$-0,$7,$-0,$0,$0,$0,$-33,$-33,$0,$-34,$0,$0,$0,$2,$2,$0,$0,$2,$-25,$1,$0
45,2007-06-30,4.05,$1.90,2.14,$3.00,1.35,$-0.24,0.0,$-0.12,0.0,$0.24B,$0.12B,2.05,$0.00B,$0.22B,0.0,$0.34B,$0.19B,53.94%,$0.34B,$-0.02B,-6.41%,$0.34B,$-0.02B,-6.41%,$0.34B,$-0.01B,-2.92%,$0.34B,$-0.01B,-3.21%,$0.34B,$-0.01B,-4.08%,$-0.01B,$0.22B,-6.36%,$-0.01B,$0.22B,-6.36%,$-0.01B,$0.35B,-3.53%,$-0.02B,$0.22B,-9.99%,$87,$39,$48,$17,$34,$94,$-7,$2,$-4,$1,$-5,$-5,$-5,$-4,$-7,$114,114,$-0.04,$-0.04,$163,$22,$0,$238,$43,$53,$0,$20,$116,$354,$116,$0,$10,$21,$137,$935,$-671,$1,$216,$354,$-14,$12,$3,$15,$-1,$-6,$1,$-2,$-1,$-0,$-5,$0,$0,$0,$198,$198,$0,$193,$0,$0,$0,$-214,$-214,$0,$0,$-214,$-21,$6,$0
46,2007-03-31,4.23,$1.93,2.19,$2.91,1.45,$-0.04,0.0,$-0.10,0.0,$0.25B,$0.10B,2.48,$0.00B,$0.22B,0.0,$0.34B,$0.18B,53.55%,$0.34B,$-0.02B,-6.21%,$0.34B,$-0.02B,-6.21%,$0.34B,$-0.01B,-2.66%,$0.34B,$-0.01B,-3.55%,$0.34B,$-0.01B,-3.85%,$-0.01B,$0.22B,-5.77%,$-0.01B,$0.22B,-5.77%,$-0.01B,$0.34B,-2.91%,$-0.02B,$0.22B,-9.32%,$85,$37,$48,$18,$34,$89,$-4,$2,$-2,$0,$-2,$-2,$-2,$-1,$-4,$114,114,$-0.02,$-0.02,$185,$22,$0,$245,$44,$30,$0,$23,$97,$342,$99,$0,$12,$23,$122,$933,$-666,$1,$220,$342,$-9,$9,$6,$16,$3,$-3,$-1,$-14,$-9,$-2,$-4,$0,$0,$0,$212,$212,$0,$208,$-200,$0,$-200,$-14,$-14,$0,$0,$-214,$-8,$5,$0
47,2006-12-31,4.19,$1.94,2.16,$2.85,1.47,$0.18,23.25,$-0.06,0.0,$0.24B,$0.09B,2.6,$0.00B,$0.22B,0.0,$0.34B,$0.18B,52.96%,$0.34B,$-0.02B,-4.44%,$0.34B,$-0.02B,-4.44%,$0.34B,$-0.00B,-0.59%,$0.34B,$-0.01B,-2.07%,$0.34B,$-0.01B,-2.37%,$-0.01B,$0.22B,-3.44%,$-0.01B,$0.22B,-3.44%,$-0.01B,$0.34B,-1.58%,$-0.02B,$0.22B,-6.44%,$87,$40,$46,$16,$35,$90,$-4,$2,$-1,$1,$-2,$-2,$-2,$-1,$-4,$114,114,$-0.02,$-0.02,$177,$23,$0,$242,$45,$27,$0,$24,$96,$338,$93,$0,$13,$24,$117,$932,$-663,$0,$221,$338,$-7,$6,$5,$11,$-3,$-4,$-3,$-11,$-18,$-14,$-3,$0,$0,$0,$203,$203,$0,$200,$-200,$0,$-200,$-14,$-14,$0,$0,$-214,$-28,$4,$0
