,Date,Stock Price,Book Value per Share,Price to Book Ratio,TTM Sales per Share,Price to Sales Ratio,TTM FCF per Share,Price to FCF Ratio,TTM Net EPS,PE Ratio,Current Assets,Current Liabilities,Current Ratio,Long Term Debt,Shareholder's Equity_x,Debt to Equity Ratio,TTM Revenue_x,TTM Gross Profit,Gross Margin,TTM Revenue_y,TTM Operating Income,Operating Margin,TTM Revenue_x,TTM EBIT,EBIT Margin,TTM Revenue_y,TTM EBITDA,EBITDA Margin,TTM Revenue_x,TTM Pre-Tax Income,Pre-Tax Margin,TTM Revenue_y,TTM Net Income_x,Net Margin,TTM Net Income_y,Shareholder's Equity_y,Return on Equity,TTM Net Income_x,Tangible Equity,Return on Tangible Equity,TTM Net Income_y,Total Assets,Return on Assets,TTM Net Income,LT Investments & Debt,Return on Investment,revenue,cost-goods-sold,gross-profit,research-development-expenses,selling-general-administrative-expenses,operating-expenses,operating-income,total-non-operating-income-expense,pre-tax-income,total-provision-income-taxes,income-after-taxes,income-from-continuous-operations,net-income,ebitda,ebit,basic-shares-outstanding,shares-outstanding,eps-basic-net-earnings-per-share,eps-earnings-per-share-diluted,cash-on-hand,inventory,other-current-assets,total-current-assets,net-property-plant-equipment,long-term-investments,goodwill-intangible-assets-total,other-long-term-assets,total-long-term-assets,total-assets,total-current-liabilities,long-term-debt,other-non-current-liabilities,total-long-term-liabilities,total-liabilities,common-stock-net,retained-earnings-accumulated-deficit,comprehensive-income,total-share-holder-equity,total-liabilities-share-holders-equity,net-income-loss,total-depreciation-amortization-cash-flow,other-non-cash-items,total-non-cash-items,change-in-accounts-receivable,change-in-inventories,change-in-accounts-payable,change-in-assets-liabilities,total-change-in-assets-liabilities,cash-flow-from-operating-activities,net-change-in-property-plant-equipment,net-change-in-intangible-assets,net-acquisitions-divestitures,net-change-in-short-term-investments,net-change-in-long-term-investments,net-change-in-investments-total,investing-activities-other,cash-flow-from-investing-activities,net-long-term-debt,net-current-debt,debt-issuance-retirement-net-total,net-common-equity-issued-repurchased,net-total-equity-issued-repurchased,total-common-preferred-stock-dividends-paid,financial-activities-other,cash-flow-from-financial-activities,net-cash-flow,stock-based-compensation,common-stock-dividends-paid
0,2018-09-30,9.25,$9.00,1.03,$39.98,0.23,$6.40,1.45,$1.55,5.97,$114.84B,$94.75B,1.21,$102.67B,$36.62B,2.8,$159.87B,$24.34B,15.23%,$159.87B,$12.47B,7.80%,$159.87B,$12.47B,7.80%,$159.87B,$12.47B,7.80%,$159.87B,$6.22B,3.89%,$159.87B,$6.18B,3.87%,$6.18B,$36.62B,17.04%,$6.18B,$36.62B,17.04%,$6.18B,$258.97B,2.37%,$12.47B,$139.29B,8.95%,$37666,$31568,$6098,$0,$5234,$36802,$864,$230,$1094,$101,$993,$993,$991,$864,$864,$3976,4000,$0.25,$0.25,$36342,$12810,$3629,$114843,$35762,$32398,$0,$8367,$144123,$258966,$94750,$102668,$24228,$127597,$222347,$41,$23384,$-7429,$36619,$258966,$0,$0,$0,$0,$0,$0,$0,$0,$0,$13665,$-5669,$0,$0,$0,$2794,$2794,$-9720,$-12595,$3276,$-1268,$2008,$-164,$-164,$-2308,$-184,$-648,$117,$0,$-2308
1,2018-06-30,10.92,$8.96,1.22,$39.69,0.28,$6.90,1.58,$1.69,6.46,$115.03B,$94.86B,1.21,$101.96B,$36.47B,2.8,$158.66B,$24.42B,15.39%,$158.66B,$12.61B,7.95%,$158.66B,$12.61B,7.95%,$158.66B,$12.61B,7.95%,$158.66B,$6.90B,4.35%,$158.66B,$6.77B,4.26%,$6.77B,$36.47B,19.09%,$6.77B,$36.47B,19.09%,$6.77B,$258.08B,2.61%,$12.61B,$138.43B,9.17%,$38920,$33194,$5726,$0,$5140,$38334,$586,$763,$1349,$280,$1069,$1069,$1066,$586,$586,$3977,3999,$0.27,$0.27,$36476,$12565,$3604,$115025,$35580,$32452,$0,$8300,$143054,$258079,$94861,$101959,$24107,$126749,$221610,$41,$22993,$-7204,$36469,$258079,$0,$0,$0,$0,$0,$0,$0,$0,$0,$8486,$-3688,$0,$0,$0,$1031,$1031,$-6365,$-9022,$2836,$-1735,$1101,$-89,$-89,$-1711,$-93,$-792,$-1617,$0,$-1711
2,2018-03-31,10.78,$8.95,1.2,$39.93,0.27,$7.38,1.46,$1.93,5.58,$123.26B,$99.88B,1.23,$105.35B,$36.44B,2.89,$159.59B,$25.20B,15.79%,$159.59B,$13.57B,8.51%,$159.59B,$13.57B,8.51%,$159.59B,$13.57B,8.51%,$159.59B,$7.82B,4.90%,$159.59B,$7.75B,4.85%,$7.75B,$36.44B,22.52%,$7.75B,$36.44B,22.52%,$7.75B,$267.23B,3.02%,$13.57B,$141.79B,10.08%,$41959,$35753,$6206,$0,$2747,$40838,$1121,$798,$1919,$174,$1745,$1745,$1736,$1121,$1121,$3974,3997,$0.44,$0.43,$40071,$12371,$3756,$123264,$36118,$31544,$0,$8546,$143966,$267230,$99878,$105351,$24845,$130916,$230794,$41,$22529,$-6669,$36436,$267230,$0,$0,$0,$0,$0,$0,$0,$0,$0,$3514,$-1779,$0,$-15683,$0,$-1827,$-1827,$12745,$-6544,$4593,$-909,$3684,$-89,$-89,$-1113,$-68,$2414,$-501,$0,$-1113
3,2017-12-31,11.85,$8.75,1.35,$39.22,0.3,$7.60,1.56,$1.90,6.24,$116.80B,$94.60B,1.24,$102.67B,$35.61B,2.88,$156.78B,$25.44B,16.23%,$156.78B,$13.92B,8.88%,$156.78B,$13.92B,8.88%,$156.78B,$13.92B,8.88%,$156.78B,$8.15B,5.20%,$156.78B,$7.60B,4.85%,$7.60B,$35.61B,23.08%,$7.60B,$35.61B,23.08%,$7.60B,$258.50B,3.04%,$13.92B,$138.27B,10.62%,$41326,$35015,$6311,$0,$-1374,$31423,$9903,$-8042,$1861,$-534,$2395,$2395,$2391,$9903,$9903,$3975,3998,$0.60,$0.60,$38927,$11176,$3889,$116801,$35327,$31320,$0,$8104,$141695,$258496,$94600,$102666,$24711,$128290,$222890,$41,$21906,$-6959,$35606,$258496,$7628,$8453,$-883,$7570,$-2297,$-959,$6089,$65,$2898,$18096,$-7049,$0,$0,$0,$2331,$2331,$-14674,$-19392,$5031,$1229,$6260,$-131,$-131,$-2584,$-151,$3394,$2587,$246,$-2584
4,2017-09-30,11.22,$8.20,1.37,$38.55,0.29,$8.05,1.39,$1.10,10.2,$112.73B,$94.35B,1.2,$97.94B,$33.26B,2.94,$154.10B,$25.31B,16.42%,$154.10B,$7.35B,4.77%,$154.10B,$7.35B,4.77%,$154.10B,$7.35B,4.77%,$154.10B,$5.17B,3.35%,$154.10B,$4.43B,2.87%,$4.43B,$33.26B,14.13%,$4.43B,$33.26B,14.13%,$4.43B,$251.27B,1.81%,$7.35B,$131.20B,5.78%,$36451,$30275,$6176,$0,$5178,$35453,$998,$772,$1770,$191,$1579,$1579,$1572,$998,$998,$3972,3996,$0.40,$0.39,$38081,$11263,$3570,$112732,$34760,$32058,$0,$7041,$138541,$251273,$94352,$97938,$24819,$123658,$218010,$41,$19405,$-6759,$33263,$251273,$0,$0,$0,$0,$0,$0,$0,$0,$0,$14949,$-4936,$0,$0,$0,$2403,$2403,$-9992,$-12525,$-821,$1899,$1078,$-131,$-131,$-1988,$-124,$-1165,$1701,$0,$-1988
5,2017-06-30,10.35,$7.95,1.3,$38.41,0.27,$8.58,1.21,$0.95,10.9,$113.54B,$94.30B,1.2,$95.24B,$32.26B,2.95,$153.60B,$24.41B,15.89%,$153.60B,$8.97B,5.84%,$153.60B,$8.97B,5.84%,$153.60B,$8.97B,5.84%,$153.60B,$4.79B,3.12%,$153.60B,$3.81B,2.48%,$3.81B,$32.26B,12.34%,$3.81B,$32.26B,12.34%,$3.81B,$247.47B,1.58%,$8.97B,$127.50B,7.19%,$39853,$33342,$6511,$0,$4959,$38301,$1552,$714,$2266,$211,$2055,$2055,$2047,$1552,$1552,$3977,3996,$0.51,$0.51,$39109,$11092,$3291,$113539,$33794,$31838,$0,$6602,$133930,$247469,$94299,$95236,$24840,$120908,$215207,$41,$18437,$-6716,$32262,$247469,$0,$0,$0,$0,$0,$0,$0,$0,$0,$9951,$-3264,$0,$0,$0,$-25,$-25,$-5573,$-8862,$515,$72,$587,$-131,$-131,$-1392,$-102,$-1038,$318,$0,$-1392
6,2017-03-31,10.63,$7.56,1.41,$38.32,0.28,$9.08,1.17,$0.93,11.43,$113.23B,$91.30B,1.24,$96.72B,$30.64B,3.16,$153.23B,$24.86B,16.23%,$153.23B,$11.60B,7.57%,$153.23B,$11.60B,7.57%,$153.23B,$11.60B,7.57%,$153.23B,$5.40B,3.52%,$153.23B,$3.74B,2.44%,$3.74B,$30.64B,12.20%,$3.74B,$30.64B,12.20%,$3.74B,$244.09B,1.56%,$11.60B,$127.36B,9.32%,$39146,$32700,$6446,$0,$2764,$37682,$1464,$787,$2251,$652,$1599,$1599,$1592,$1464,$1464,$3976,3999,$0.40,$0.40,$39989,$10535,$3414,$113228,$32668,$31556,$0,$5893,$130866,$244094,$91304,$96720,$24583,$122149,$213453,$41,$16992,$-6929,$30641,$244094,$0,$0,$0,$0,$0,$0,$0,$0,$0,$4336,$-1706,$0,$-13467,$0,$673,$673,$10848,$-3652,$1342,$658,$2000,$0,$0,$-795,$-85,$1120,$1905,$0,$-795
7,2016-12-31,10.9,$7.19,1.52,$37.97,0.29,$9.08,1.2,$1.14,9.56,$108.46B,$90.28B,1.2,$93.30B,$29.19B,3.2,$151.80B,$25.62B,16.88%,$151.80B,$14.65B,9.65%,$151.80B,$14.65B,9.65%,$151.80B,$14.65B,9.65%,$151.80B,$6.80B,4.48%,$151.80B,$4.60B,3.03%,$4.60B,$29.19B,15.14%,$4.60B,$29.19B,15.14%,$4.60B,$237.95B,1.94%,$14.65B,$122.49B,10.83%,$38654,$32476,$6178,$0,$2841,$35317,$3337,$-4454,$-1117,$-336,$-781,$-781,$-783,$3337,$3337,$3973,3999,$-0.20,$-0.19,$38827,$8898,$3368,$108461,$32072,$32133,$0,$5656,$129490,$237951,$90281,$93301,$24395,$118483,$208764,$41,$15634,$-7013,$29187,$237951,$4607,$8717,$3544,$12261,$-2855,$-815,$6595,$57,$2982,$19850,$-6992,$0,$0,$0,$-2074,$-2074,$-16286,$-25352,$7164,$3864,$11028,$-145,$-145,$-3376,$-107,$7400,$1633,$210,$-3376
8,2016-09-30,10.71,$7.78,1.38,$38.36,0.28,$8.12,1.32,$1.81,5.92,$103.52B,$89.19B,1.16,$89.95B,$31.50B,2.86,$153.40B,$25.26B,16.46%,$153.40B,$14.83B,9.67%,$153.40B,$14.83B,9.67%,$153.40B,$14.83B,9.67%,$153.40B,$9.81B,6.39%,$153.40B,$7.25B,4.72%,$7.25B,$31.50B,23.97%,$7.25B,$31.50B,23.97%,$7.25B,$234.96B,3.09%,$14.83B,$121.45B,11.05%,$35943,$30668,$5275,$0,$2657,$33325,$2618,$-1231,$1387,$426,$961,$961,$957,$2618,$2618,$3974,4000,$0.24,$0.24,$34165,$10219,$3552,$103515,$32257,$32991,$0,$7111,$131448,$234963,$89188,$89951,$23652,$114276,$203464,$41,$17013,$-6046,$31499,$234963,$0,$0,$0,$0,$0,$0,$0,$0,$0,$17052,$-4912,$0,$0,$0,$-27,$-27,$-13119,$-18058,$1937,$1200,$3137,$-145,$-145,$-2780,$-102,$110,$-932,$0,$-2780
9,2016-06-30,11.03,$7.70,1.43,$38.91,0.28,$7.27,1.52,$2.05,5.38,$110.77B,$89.41B,1.24,$95.05B,$31.15B,3.05,$155.60B,$26.91B,17.30%,$155.60B,$16.76B,10.77%,$155.60B,$16.76B,10.77%,$155.60B,$16.76B,10.77%,$155.60B,$11.71B,7.53%,$155.60B,$8.48B,5.45%,$8.48B,$31.15B,29.02%,$8.48B,$31.15B,29.02%,$8.48B,$239.68B,3.68%,$16.76B,$126.21B,11.77%,$39485,$32522,$6963,$0,$2784,$35306,$4179,$-1304,$2875,$903,$1972,$1972,$1970,$4179,$4179,$3973,3997,$0.50,$0.49,$39297,$9829,$3053,$110767,$31940,$32817,$0,$6905,$128911,$239678,$89408,$95053,$23416,$119116,$208524,$41,$16652,$-5976,$31154,$239678,$0,$0,$0,$0,$0,$0,$0,$0,$0,$11891,$-3206,$0,$0,$0,$-1266,$-1266,$-7637,$-12109,$4470,$934,$5404,$-145,$-145,$-2184,$-87,$2988,$2791,$0,$-2184
10,2016-03-31,11.72,$7.32,1.6,$38.33,0.31,$6.12,1.92,$2.03,5.77,$154.78B,$22.07B,7.01,$141.00B,$29.62B,4.76,$153.38B,$26.89B,17.53%,$153.38B,$16.97B,11.06%,$153.38B,$16.97B,11.06%,$153.38B,$16.97B,11.06%,$153.38B,$12.12B,7.90%,$153.38B,$8.67B,5.65%,$8.67B,$29.62B,30.94%,$8.67B,$29.62B,30.94%,$8.67B,$237.29B,3.86%,$16.97B,$170.62B,11.45%,$37718,$30517,$7201,$0,$2690,$33207,$4511,$-860,$3651,$1196,$2455,$2455,$2452,$4511,$4511,$3970,3996,$0.62,$0.61,$39473,$9770,$0,$154775,$31164,$32054,$0,$8716,$82513,$237288,$22072,$140995,$43949,$185595,$207667,$41,$15278,$-6046,$29621,$237288,$0,$0,$0,$0,$0,$0,$0,$0,$0,$4149,$-1511,$0,$0,$0,$-2552,$-2552,$-2912,$-6975,$6192,$-121,$6071,$-145,$-145,$-1588,$-59,$4279,$1645,$0,$-1588
11,2015-12-31,11.83,$7.08,1.67,$37.37,0.32,$5.61,2.11,$1.65,7.17,$102.59B,$82.34B,1.25,$89.88B,$28.66B,3.14,$149.56B,$25.11B,16.79%,$149.56B,$14.35B,9.59%,$149.56B,$14.35B,9.59%,$149.56B,$14.35B,9.59%,$149.56B,$10.25B,6.85%,$149.56B,$7.37B,4.93%,$7.37B,$28.66B,27.44%,$7.37B,$28.66B,27.44%,$7.37B,$224.93B,3.38%,$14.35B,$118.54B,10.07%,$40251,$34435,$5816,$0,$2368,$36730,$3521,$-1625,$1896,$32,$1864,$1864,$1868,$3521,$3521,$3969,4002,$0.48,$0.46,$35176,$8319,$2913,$102587,$30163,$30317,$0,$4795,$122338,$224925,$82336,$89879,$23457,$113932,$196268,$41,$14414,$-6257,$28657,$224925,$7371,$7966,$-1506,$6460,$-3563,$-1155,$7758,$-645,$2395,$16226,$-7196,$0,$0,$0,$-513,$-513,$-18453,$-26162,$15502,$1646,$17148,$-129,$-129,$-2380,$-373,$14266,$3515,$199,$-2380
12,2015-09-30,11.28,$6.92,1.63,$36.37,0.31,$5.13,2.2,$1.19,9.48,$139.92B,$22.39B,6.25,$126.43B,$27.48B,4.6,$145.18B,$22.61B,15.57%,$145.18B,$12.85B,8.85%,$145.18B,$12.85B,8.85%,$145.18B,$12.85B,8.85%,$145.18B,$5.19B,3.58%,$145.18B,$3.60B,2.48%,$3.60B,$27.48B,13.95%,$3.60B,$27.48B,13.95%,$3.60B,$219.43B,1.68%,$12.85B,$153.91B,8.63%,$38144,$31213,$6931,$0,$2386,$33599,$4545,$-1254,$3291,$1099,$2192,$2192,$2192,$4545,$4545,$3969,3999,$0.55,$0.55,$31847,$9496,$0,$139924,$30137,$30412,$0,$7524,$79507,$219431,$22386,$126425,$42513,$169561,$191947,$41,$27489,$-20442,$27484,$219431,$0,$0,$0,$0,$0,$0,$0,$0,$0,$14078,$-5358,$0,$0,$0,$3381,$3381,$-14687,$-16664,$8510,$844,$9354,$-129,$-129,$-1785,$-303,$7137,$3929,$0,$-1785
13,2015-06-30,12.36,$6.64,1.86,$35.54,0.35,$4.71,2.63,$0.92,13.44,$136.23B,$21.84B,6.24,$123.53B,$26.36B,4.69,$141.95B,$20.40B,14.37%,$141.95B,$9.47B,6.67%,$141.95B,$9.47B,6.67%,$141.95B,$9.47B,6.67%,$141.95B,$2.92B,2.06%,$141.95B,$2.24B,1.58%,$2.24B,$26.36B,8.80%,$2.24B,$26.36B,8.80%,$2.24B,$216.05B,1.06%,$9.47B,$149.88B,6.45%,$37263,$30326,$6937,$0,$2544,$32870,$4393,$-1107,$3286,$1125,$2161,$2161,$2160,$4393,$4393,$3974,4007,$0.54,$0.54,$31302,$9438,$0,$136227,$30750,$29617,$0,$6954,$79818,$216045,$21844,$123526,$43649,$167846,$189690,$41,$26175,$-20260,$26355,$216045,$0,$0,$0,$0,$0,$0,$0,$0,$0,$7623,$-3533,$0,$0,$0,$1940,$1940,$-7357,$-8950,$5125,$176,$5301,$-91,$-91,$-1190,$-279,$3741,$2140,$0,$-1190
14,2015-03-31,13.17,$6.28,2.1,$35.40,0.37,$4.55,2.89,$0.77,17.1,$134.79B,$22.37B,6.03,$122.78B,$24.97B,4.92,$142.10B,$19.63B,13.81%,$142.10B,$7.66B,5.39%,$142.10B,$7.66B,5.39%,$142.10B,$7.66B,5.39%,$142.10B,$1.75B,1.23%,$142.10B,$1.40B,0.98%,$1.40B,$24.97B,5.45%,$1.40B,$24.97B,5.45%,$1.40B,$212.37B,0.66%,$7.66B,$147.75B,5.26%,$33900,$28472,$5428,$0,$3465,$32010,$1890,$-111,$1779,$625,$1154,$1154,$1153,$1890,$1890,$3963,4001,$0.29,$0.29,$33100,$9519,$0,$134791,$29612,$27542,$0,$7490,$77583,$212374,$22366,$122776,$41644,$165034,$187400,$41,$24887,$-20406,$24974,$212374,$0,$0,$0,$0,$0,$0,$0,$0,$0,$2413,$-1800,$0,$0,$0,$-384,$-384,$-2776,$-4960,$4938,$488,$5426,$0,$0,$-593,$-249,$4584,$1611,$0,$-593
15,2014-12-31,12.52,$6.18,2.02,$35.69,0.35,$4.57,2.74,$0.78,16.05,$131.84B,$20.04B,6.58,$119.17B,$24.47B,4.87,$144.08B,$19.05B,13.22%,$144.08B,$7.21B,5.00%,$144.08B,$7.21B,5.00%,$144.08B,$7.21B,5.00%,$144.08B,$1.23B,0.86%,$144.08B,$1.23B,0.85%,$1.23B,$24.47B,4.72%,$1.23B,$24.47B,4.72%,$1.23B,$208.62B,0.59%,$7.21B,$143.64B,4.99%,$35870,$32560,$3310,$0,$1510,$33853,$2017,$-5181,$-3164,$-1257,$-1907,$-1907,$-1904,$2017,$2017,$3912,3958,$-0.49,$-0.46,$31150,$7870,$0,$131839,$30126,$26574,$0,$6052,$76776,$208615,$20035,$119171,$44032,$164115,$184150,$40,$9422,$-5265,$24465,$208615,$1230,$7423,$4424,$11847,$-2896,$-936,$5729,$-467,$1430,$14507,$-7463,$0,$0,$0,$1570,$1570,$-15231,$-21124,$11184,$-3870,$7314,$-1964,$-1964,$-1952,$25,$3423,$-3711,$180,$-1952
16,2014-09-30,11.84,$6.80,1.74,$35.82,0.33,$3.73,3.17,$1.51,7.84,$134.28B,$21.16B,6.35,$119.19B,$26.17B,4.56,$145.78B,$25.68B,17.62%,$145.78B,$13.78B,9.45%,$145.78B,$13.78B,9.45%,$145.78B,$13.78B,9.45%,$145.78B,$12.74B,8.74%,$145.78B,$10.97B,7.53%,$10.97B,$26.17B,41.43%,$10.97B,$26.17B,41.43%,$10.97B,$208.84B,5.29%,$13.78B,$145.36B,9.57%,$34920,$30197,$4723,$0,$3484,$33755,$1165,$-144,$1021,$188,$833,$833,$835,$1165,$1165,$3861,4010,$0.22,$0.21,$33963,$9296,$0,$134284,$30048,$26113,$0,$6078,$74551,$208835,$21155,$119193,$41407,$161515,$182670,$40,$25051,$-18165,$26165,$208835,$0,$0,$0,$0,$0,$0,$0,$0,$0,$12339,$-5309,$0,$0,$0,$1365,$1365,$-11650,$-15594,$8603,$-2792,$5811,$-1964,$-1964,$-1470,$36,$2413,$-1148,$0,$-1470
17,2014-06-30,13.7,$6.91,1.98,$35.84,0.38,$3.32,4.13,$1.61,8.51,$137.91B,$22.06B,6.25,$118.71B,$26.81B,4.43,$146.63B,$26.70B,18.21%,$146.63B,$15.07B,10.28%,$146.63B,$15.07B,10.28%,$146.63B,$15.07B,10.28%,$146.63B,$13.81B,9.42%,$146.63B,$11.41B,7.78%,$11.41B,$26.81B,45.51%,$11.41B,$26.81B,45.55%,$11.41B,$210.95B,5.56%,$15.07B,$145.51B,10.74%,$37411,$31247,$6164,$0,$3476,$34827,$2584,$-466,$2118,$803,$1315,$1315,$1311,$2584,$2584,$3940,4088,$0.33,$0.32,$35669,$9365,$0,$137913,$29294,$25425,$0,$5717,$73032,$210945,$22062,$118707,$42444,$162076,$184138,$40,$24699,$-18107,$26807,$210945,$0,$0,$0,$0,$0,$0,$0,$0,$0,$6970,$-3428,$0,$0,$0,$-2071,$-2071,$-6186,$-11685,$6830,$-3188,$3642,$-862,$-862,$-987,$9,$1802,$-2895,$0,$-987
18,2014-03-31,12.3,$6.78,1.81,$35.98,0.34,$3.24,3.8,$1.59,7.74,$135.26B,$22.21B,6.09,$117.00B,$26.81B,4.37,$147.14B,$25.94B,17.63%,$147.14B,$14.63B,9.94%,$147.14B,$14.63B,9.94%,$147.14B,$14.63B,9.94%,$147.14B,$13.51B,9.18%,$147.14B,$11.33B,7.70%,$11.33B,$26.81B,48.90%,$11.33B,$26.81B,48.99%,$11.33B,$207.08B,5.62%,$14.63B,$143.81B,10.78%,$35876,$31021,$4855,$0,$3372,$34432,$1444,$-185,$1259,$270,$989,$989,$989,$1444,$1444,$3946,4094,$0.25,$0.24,$36529,$8874,$0,$135264,$28447,$24006,$0,$6231,$71818,$207082,$22209,$117004,$40141,$158066,$180275,$40,$23882,$-18190,$26807,$207082,$0,$0,$0,$0,$0,$0,$0,$0,$0,$2220,$-1516,$0,$0,$0,$-1511,$-1511,$-2635,$-5662,$3486,$-1023,$2463,$0,$0,$-493,$18,$1988,$-1485,$0,$-493
19,2013-12-31,12.07,$6.63,1.82,$35.97,0.34,$2.75,4.39,$1.75,6.9,$131.59B,$19.53B,6.74,$114.69B,$26.15B,4.39,$146.92B,$26.73B,18.19%,$146.92B,$15.67B,10.67%,$146.92B,$15.67B,10.67%,$146.92B,$15.67B,10.67%,$146.92B,$14.37B,9.78%,$146.92B,$11.95B,8.14%,$11.95B,$26.15B,57.25%,$11.95B,$26.15B,57.42%,$11.95B,$202.18B,6.03%,$15.67B,$140.83B,11.96%,$37570,$27631,$9939,$0,$1288,$28988,$8582,$-244,$8338,$511,$7827,$7827,$7837,$8582,$8582,$3935,4087,$2.00,$1.93,$36568,$7708,$0,$131585,$27616,$23663,$0,$5847,$70594,$202179,$19531,$114688,$40886,$156503,$176034,$40,$23386,$-18230,$26145,$202179,$11946,$6544,$-6222,$322,$-1913,$-437,$1232,$-706,$-1824,$10444,$-6597,$0,$0,$0,$-1746,$-1746,$-11388,$-19731,$12590,$-2927,$9663,$-213,$-213,$-1574,$257,$8133,$-1191,$159,$-1574
20,2013-09-30,13.12,$5.20,2.52,$35.67,0.37,$2.70,4.87,$1.41,9.3,$131.55B,$68.97B,1.91,$110.62B,$20.51B,5.39,$145.08B,$20.93B,14.43%,$145.08B,$8.42B,5.81%,$145.08B,$8.42B,5.81%,$145.08B,$8.42B,5.81%,$145.08B,$7.79B,5.37%,$145.08B,$5.66B,3.90%,$5.66B,$20.51B,30.87%,$5.66B,$20.42B,30.98%,$5.66B,$201.07B,2.90%,$8.42B,$131.13B,6.68%,$35775,$30030,$5745,$0,$3235,$33311,$2464,$-373,$2091,$818,$1273,$1273,$1272,$2464,$2464,$3942,4096,$0.32,$0.31,$37642,$8799,$0,$131552,$26836,$24425,$86,$5051,$69519,$201071,$68973,$110622,$0,$111588,$180561,$40,$21014,$-21509,$20510,$201071,$0,$0,$0,$0,$0,$0,$0,$0,$0,$10129,$-4659,$0,$0,$0,$-2550,$-2550,$-8111,$-15320,$8658,$-3227,$5431,$-164,$-164,$-1179,$254,$4342,$-907,$0,$-1179
21,2013-06-30,11.96,$4.88,2.45,$35.04,0.34,$2.82,4.24,$1.51,7.92,$128.26B,$68.13B,1.88,$107.86B,$19.22B,5.61,$141.48B,$20.71B,14.64%,$141.48B,$8.51B,6.01%,$141.48B,$8.51B,6.01%,$141.48B,$8.51B,6.01%,$141.48B,$7.95B,5.62%,$141.48B,$6.02B,4.26%,$6.02B,$19.22B,33.57%,$6.02B,$19.14B,33.69%,$6.02B,$196.21B,3.16%,$8.51B,$127.08B,6.91%,$37923,$32524,$5399,$0,$3203,$35780,$2143,$-324,$1819,$585,$1234,$1234,$1233,$2143,$2143,$3933,4084,$0.31,$0.30,$36706,$8192,$0,$128255,$25863,$23074,$82,$4978,$67955,$196210,$68128,$107857,$0,$108860,$176988,$40,$20136,$-21837,$19222,$196210,$0,$0,$0,$0,$0,$0,$0,$0,$0,$6289,$-3077,$0,$0,$0,$-3046,$-3046,$-4940,$-11063,$7585,$-4188,$3397,$-87,$-87,$-785,$150,$2675,$-2297,$0,$-785
22,2013-03-31,10.09,$4.49,2.25,$34.03,0.3,$2.96,3.41,$1.47,6.86,$125.97B,$67.05B,1.88,$107.36B,$17.64B,6.09,$136.76B,$20.65B,15.10%,$136.76B,$8.75B,6.39%,$136.76B,$8.75B,6.39%,$136.76B,$8.75B,6.39%,$136.76B,$7.72B,5.65%,$136.76B,$5.83B,4.26%,$5.83B,$17.64B,33.50%,$5.83B,$17.55B,33.63%,$5.83B,$193.01B,3.12%,$8.75B,$124.99B,7.25%,$35649,$30005,$5644,$0,$3124,$33169,$2480,$-357,$2123,$511,$1612,$1612,$1611,$2480,$2480,$3923,4072,$0.41,$0.40,$34341,$8423,$0,$125971,$25795,$20556,$84,$5554,$67039,$193010,$67054,$107356,$0,$108318,$175372,$40,$19296,$-22533,$17638,$193010,$0,$0,$0,$0,$0,$0,$0,$0,$0,$211,$-1483,$0,$0,$0,$-192,$-192,$-2176,$-3851,$3694,$-1428,$2266,$-10,$-10,$-392,$103,$1967,$-1839,$0,$-392
23,2012-12-31,9.86,$4.08,2.42,$33.27,0.3,$3.51,2.81,$1.42,6.95,$125.17B,$19.31B,6.48,$105.06B,$15.99B,6.57,$133.56B,$20.52B,15.36%,$133.56B,$8.91B,6.67%,$133.56B,$8.91B,6.67%,$133.56B,$8.91B,6.67%,$133.56B,$7.64B,5.72%,$133.56B,$5.61B,4.20%,$5.61B,$15.99B,32.73%,$5.61B,$15.99B,32.86%,$5.61B,$189.41B,3.04%,$8.91B,$121.05B,7.51%,$35731,$31585,$4146,$0,$2749,$34395,$1336,$423,$1759,$216,$1543,$1543,$1546,$1336,$1336,$3815,4015,$0.40,$0.39,$35943,$7362,$0,$125174,$24942,$18549,$0,$5556,$64232,$189406,$19308,$105058,$48259,$154109,$173417,$40,$18077,$-22854,$15989,$189406,$5612,$5300,$1669,$6969,$-2508,$-1401,$599,$-226,$-3536,$9045,$-5488,$0,$0,$0,$-1386,$-1386,$-7416,$-14290,$3226,$1208,$4434,$-125,$-125,$-763,$159,$3705,$-1489,$140,$-763
24,2012-09-30,7.48,$4.95,1.51,$32.63,0.23,$3.96,1.89,$4.42,1.69,$122.81B,$64.28B,1.91,$100.60B,$18.89B,5.33,$131.75B,$20.33B,15.43%,$131.75B,$9.16B,6.95%,$131.75B,$9.16B,6.95%,$131.75B,$9.16B,6.95%,$131.75B,$7.33B,5.57%,$131.75B,$17.68B,13.42%,$17.68B,$18.89B,104.49%,$17.68B,$18.80B,105.09%,$17.68B,$184.68B,9.74%,$9.16B,$119.49B,7.82%,$32172,$26650,$5522,$0,$2919,$29624,$2548,$-302,$2246,$613,$1633,$1633,$1631,$2548,$2548,$3814,3972,$0.43,$0.41,$35535,$8208,$0,$122812,$24347,$18833,$89,$5073,$61868,$184680,$64277,$100604,$0,$101517,$165794,$39,$16670,$-18541,$18886,$184680,$0,$0,$0,$0,$0,$0,$0,$0,$0,$9406,$-3603,$0,$65,$0,$-3113,$-3113,$-5972,$-12623,$2231,$-2111,$120,$-92,$-92,$-572,$162,$-382,$-3609,$0,$-572
25,2012-06-30,7.23,$4.48,1.62,$32.72,0.22,$4.21,1.72,$4.42,1.64,$121.14B,$63.67B,1.9,$99.90B,$17.08B,5.85,$132.62B,$20.23B,15.26%,$132.62B,$9.17B,6.92%,$132.62B,$9.17B,6.92%,$132.62B,$9.17B,6.92%,$132.62B,$6.93B,5.23%,$132.62B,$17.70B,13.35%,$17.70B,$17.08B,129.14%,$17.70B,$16.98B,130.07%,$17.70B,$181.24B,10.05%,$9.17B,$116.98B,8.16%,$33211,$27870,$5341,$0,$2983,$30830,$2381,$-786,$1595,$557,$1038,$1038,$1040,$2381,$2381,$3815,4014,$0.27,$0.26,$35600,$7289,$0,$121143,$22808,$18115,$95,$5011,$60093,$181236,$63665,$99897,$0,$100492,$164157,$39,$15230,$-18928,$17079,$181236,$0,$0,$0,$0,$0,$0,$0,$0,$0,$5979,$-2284,$0,$64,$0,$-1926,$-1926,$-3403,$-7549,$3058,$-3013,$45,$-59,$-59,$-381,$48,$-347,$-2047,$0,$-381
26,2012-03-31,9.37,$4.36,2.15,$33.11,0.28,$4.31,2.17,$4.75,1.97,$122.86B,$64.35B,1.91,$100.49B,$16.65B,6.04,$134.94B,$21.17B,15.69%,$134.94B,$10.14B,7.51%,$134.94B,$10.14B,7.51%,$134.94B,$10.14B,7.51%,$134.94B,$7.94B,5.89%,$134.94B,$19.06B,14.12%,$19.06B,$16.65B,176.88%,$19.06B,$16.55B,178.54%,$19.06B,$182.08B,11.03%,$10.14B,$117.14B,9.28%,$32445,$26934,$5511,$0,$2878,$29796,$2649,$-611,$2038,$640,$1398,$1398,$1396,$2649,$2649,$3803,4055,$0.37,$0.35,$36027,$7031,$0,$122859,$23150,$16440,$97,$4994,$59216,$182075,$64352,$100490,$0,$101073,$165425,$39,$14190,$-18314,$16650,$182075,$0,$0,$0,$0,$0,$0,$0,$0,$0,$2075,$-1093,$0,$5,$0,$-2112,$-2112,$-1311,$-4511,$2154,$-1651,$503,$-27,$-27,$-190,$84,$370,$-1904,$0,$-190
27,2011-12-31,8.05,$3.82,2.11,$32.87,0.24,$4.44,1.81,$5.01,1.61,$135.33B,$63.09B,2.15,$99.49B,$15.07B,6.6,$135.61B,$21.99B,16.22%,$135.61B,$11.15B,8.22%,$135.61B,$11.15B,8.22%,$135.61B,$11.15B,8.22%,$135.61B,$8.68B,6.40%,$135.61B,$20.21B,14.91%,$20.21B,$15.07B,279.65%,$20.21B,$14.97B,283.58%,$20.21B,$178.35B,11.95%,$11.15B,$114.56B,10.52%,$33917,$29965,$3952,$0,$2382,$32339,$1578,$-125,$1453,$-12161,$13614,$13614,$13615,$1578,$1578,$3793,4111,$3.59,$3.33,$35766,$5901,$0,$135333,$22371,$15774,$100,$4770,$43015,$178348,$63093,$99488,$0,$100184,$163277,$38,$12985,$-18734,$15071,$178348,$20213,$4256,$-11353,$-7097,$-1942,$-367,$-1599,$576,$-3332,$9784,$-4293,$0,$333,$0,$2072,$2072,$-1153,$-3041,$-7174,$2841,$-4333,$0,$0,$0,$92,$-4241,$2343,$171,$0
28,2011-09-30,7.23,$1.59,4.56,$32.38,0.22,$4.87,1.49,$1.66,4.36,$117.23B,$60.37B,1.94,$95.13B,$6.03B,15.79,$134.12B,$23.22B,17.31%,$134.12B,$11.72B,8.74%,$134.12B,$11.72B,8.74%,$134.12B,$11.72B,8.74%,$134.12B,$7.51B,5.60%,$134.12B,$6.79B,5.06%,$6.79B,$6.03B,205.71%,$6.79B,$5.93B,212.19%,$6.79B,$162.74B,4.10%,$11.72B,$101.16B,11.37%,$33047,$27617,$5430,$0,$2861,$30483,$2564,$-718,$1846,$194,$1652,$1652,$1649,$2564,$2564,$3800,4031,$0.43,$0.41,$33192,$7212,$0,$117229,$22304,$14934,$100,$5977,$45511,$162740,$60365,$95131,$0,$96349,$156714,$38,$-440,$-14269,$6026,$162740,$0,$0,$0,$0,$0,$0,$0,$0,$0,$10019,$-3135,$0,$150,$0,$4075,$4075,$-99,$991,$-10845,$1552,$-9293,$0,$0,$0,$79,$-9214,$1724,$0,$0
29,2011-06-30,10.31,$1.41,7.32,$31.35,0.33,$4.91,2.1,$1.68,6.14,$123.16B,$62.69B,1.97,$98.55B,$5.35B,18.42,$130.96B,$23.45B,17.91%,$130.96B,$12.20B,9.32%,$130.96B,$12.20B,9.32%,$130.96B,$12.20B,9.32%,$130.96B,$7.55B,5.76%,$130.96B,$6.83B,5.21%,$6.83B,$5.35B,502.56%,$6.83B,$5.25B,545.32%,$6.83B,$168.09B,4.03%,$12.20B,$103.90B,11.45%,$35527,$29253,$6274,$0,$2907,$32181,$3346,$-740,$2606,$206,$2400,$2400,$2398,$3346,$3346,$3799,4102,$0.63,$0.59,$33521,$7036,$0,$123156,$23263,$14748,$103,$6397,$44930,$168086,$62686,$98550,$0,$100050,$162736,$38,$-2089,$-13236,$5350,$168086,$0,$0,$0,$0,$0,$0,$0,$0,$0,$6226,$-2022,$0,$144,$0,$4919,$4919,$-218,$2823,$-7779,$662,$-7117,$0,$0,$0,$112,$-7005,$2676,$0,$0
30,2011-03-31,11.15,$0.65,17.18,$30.29,0.37,$4.84,2.3,$1.70,6.56,$121.98B,$62.08B,1.97,$101.64B,$2.47B,41.23,$130.50B,$24.41B,18.71%,$130.50B,$13.09B,10.03%,$130.50B,$13.09B,10.03%,$130.50B,$13.09B,10.03%,$130.50B,$7.79B,5.97%,$130.50B,$7.03B,5.38%,$7.03B,$2.47B,-812.84%,$7.03B,$2.37B,-709.08%,$7.03B,$167.39B,4.08%,$13.09B,$104.10B,12.00%,$33114,$26776,$6338,$0,$2734,$29456,$3658,$-882,$2776,$220,$2556,$2556,$2551,$3658,$3658,$3771,4266,$0.68,$0.61,$34866,$7414,$0,$121983,$23407,$13764,$98,$6177,$45408,$167391,$62076,$101638,$0,$102850,$164926,$38,$-4487,$-13684,$2465,$167391,$0,$0,$0,$0,$0,$0,$0,$0,$0,$2497,$-929,$0,$0,$0,$7285,$7285,$538,$6894,$-3931,$561,$-3370,$0,$0,$0,$88,$-3282,$6513,$0,$0
31,2010-12-31,12.56,$-0.17,-74.34,$29.44,0.43,$4.83,2.6,$1.59,7.9,$119.94B,$60.21B,1.99,$103.99B,$-0.64B,-161.98,$128.95B,$24.50B,19.00%,$128.95B,$12.81B,9.93%,$128.95B,$12.81B,9.93%,$128.95B,$12.81B,9.93%,$128.95B,$7.15B,5.54%,$128.95B,$6.56B,5.09%,$6.56B,$-0.64B,-231.02%,$6.56B,$-0.74B,-219.43%,$6.56B,$164.69B,3.68%,$12.81B,$103.35B,11.22%,$32428,$27251,$5177,$0,$3029,$30272,$2156,$-1876,$280,$92,$188,$188,$190,$2156,$2156,$3449,4178,$0.03,$0.12,$35570,$5917,$0,$119938,$23179,$14244,$102,$5221,$44749,$164687,$60206,$103988,$0,$105123,$165329,$38,$-7038,$-14313,$-642,$164687,$6561,$5584,$1562,$7146,$695,$-903,$-836,$-1186,$-2230,$11477,$-4092,$0,$862,$0,$927,$927,$9211,$6908,$-16804,$-1754,$-18558,$1339,$1339,$0,$-7202,$-24421,$-6089,$34,$0
32,2010-09-30,9.15,$-0.50,-18.27,$32.19,0.28,$6.51,1.41,$1.79,5.11,$129.86B,$61.10B,2.13,$116.69B,$-1.74B,-67.06,$131.34B,$24.85B,18.92%,$131.34B,$12.87B,9.80%,$131.34B,$12.87B,9.80%,$131.34B,$12.87B,9.80%,$131.34B,$7.78B,5.92%,$131.34B,$7.26B,5.53%,$7.26B,$-1.74B,-156.91%,$7.26B,$-1.86B,-151.48%,$7.26B,$177.08B,3.92%,$12.87B,$114.95B,10.78%,$29893,$24233,$5660,$0,$2654,$26851,$3042,$-1155,$1887,$199,$1688,$1688,$1687,$3042,$3042,$3446,4174,$0.49,$0.43,$44148,$6855,$0,$129857,$22956,$15686,$123,$6255,$47221,$177078,$61100,$116691,$0,$117718,$178818,$35,$-7228,$-12609,$-1740,$177078,$0,$0,$0,$0,$0,$0,$0,$0,$0,$10238,$-2946,$0,$862,$0,$-4469,$-4469,$7173,$620,$-13897,$-908,$-14805,$1230,$1230,$0,$5,$-13570,$-2902,$0,$0
33,2010-06-30,7.54,$-1.03,-7.32,$33.47,0.23,$8.13,0.93,$1.65,4.57,$124.76B,$59.67B,2.09,$117.39B,$-3.54B,-33.15,$131.72B,$24.64B,18.71%,$131.72B,$12.15B,9.23%,$131.72B,$12.15B,9.23%,$131.72B,$12.15B,9.23%,$131.72B,$7.00B,5.32%,$131.72B,$6.57B,4.99%,$6.57B,$-3.54B,-109.31%,$6.57B,$-3.72B,-105.94%,$6.57B,$179.75B,3.43%,$12.15B,$113.84B,9.98%,$35067,$27828,$7239,$0,$3137,$30834,$4233,$-1386,$2847,$251,$2596,$2596,$2599,$4233,$4233,$3411,4610,$0.76,$0.61,$39726,$6076,$0,$124762,$22210,$17246,$183,$5740,$54988,$179750,$59674,$117385,$0,$123617,$183291,$35,$-8915,$-12277,$-3541,$179750,$0,$0,$0,$0,$0,$0,$0,$0,$0,$6457,$-2027,$0,$0,$0,$-21,$-21,$4892,$2844,$-11354,$-700,$-12054,$842,$842,$0,$39,$-11173,$-2572,$0,$0
34,2010-03-31,9.4,$-1.60,-5.89,$33.86,0.28,$9.36,1.0,$1.73,5.43,$136.15B,$60.06B,2.27,$130.11B,$-5.44B,-23.93,$123.46B,$20.87B,16.90%,$123.46B,$7.85B,6.36%,$123.46B,$7.85B,6.36%,$123.46B,$7.85B,6.36%,$123.46B,$6.40B,5.18%,$123.46B,$6.23B,5.05%,$6.23B,$-5.44B,-83.31%,$6.23B,$-5.63B,-81.10%,$6.23B,$191.97B,3.16%,$7.85B,$124.67B,6.32%,$31566,$25139,$6427,$0,$3089,$28187,$3379,$-1244,$2135,$50,$2085,$2085,$2085,$3379,$3379,$3365,4569,$0.62,$0.50,$46239,$6292,$0,$136154,$22826,$18362,$192,$6358,$55814,$191968,$60056,$130105,$0,$137349,$197405,$34,$-11514,$-11199,$-5437,$191968,$0,$0,$0,$0,$0,$0,$0,$0,$0,$2683,$-1068,$0,$0,$0,$-354,$-354,$2589,$1167,$321,$-1042,$-721,$530,$530,$0,$79,$-112,$3462,$0,$0
35,2009-12-31,7.48,$-2.31,-3.24,$37.12,0.2,$10.23,0.73,$0.63,11.87,$130.41B,$60.45B,2.16,$131.64B,$-7.78B,-16.92,$116.28B,$17.42B,14.98%,$116.28B,$3.36B,2.89%,$116.28B,$3.36B,2.89%,$116.28B,$3.36B,2.89%,$116.28B,$2.60B,2.24%,$116.28B,$2.72B,2.34%,$2.72B,$-7.78B,-26.54%,$2.72B,$-7.95B,-26.00%,$2.72B,$192.04B,1.36%,$3.36B,$123.85B,2.68%,$34811,$29290,$5521,$0,$3222,$32596,$2215,$-1307,$908,$30,$878,$878,$886,$2215,$2215,$2991,3312,$0.45,$0.48,$42281,$5041,$0,$130408,$22637,$19637,$165,$8096,$61632,$192040,$60445,$131635,$0,$139377,$199822,$34,$-10864,$-13599,$-7782,$192040,$2717,$6580,$3244,$9824,$2612,$2201,$-2832,$955,$2936,$15477,$-4059,$0,$382,$0,$-3856,$-3856,$14152,$6619,$-15829,$-5881,$-21710,$2450,$2450,$0,$-3570,$-22830,$-910,$29,$0
36,2009-09-30,5.39,$-2.20,-2.45,$38.69,0.14,$3.81,1.41,$-2.08,0.0,$141.50B,$70.36B,2.01,$132.02B,$-7.27B,-18.16,$108.92B,$13.17B,12.09%,$108.92B,$-2.21B,-2.03%,$108.92B,$-2.21B,-2.03%,$108.92B,$-2.21B,-2.03%,$108.92B,$-3.86B,-3.54%,$108.92B,$-4.15B,-3.81%,$-4.15B,$-7.27B,34.78%,$-4.15B,$-7.50B,34.11%,$-4.15B,$203.11B,-2.01%,$-2.21B,$124.75B,-1.71%,$30272,$24817,$5455,$0,$3005,$27947,$2325,$-1213,$1112,$99,$1013,$1013,$997,$2325,$2325,$3259,3587,$0.31,$0.29,$48366,$6560,$0,$141499,$24812,$20347,$225,$7200,$61607,$203106,$70360,$132017,$0,$140016,$210376,$33,$-14524,$-8704,$-7270,$203106,$0,$0,$0,$0,$0,$0,$0,$0,$0,$15081,$-2990,$0,$380,$0,$-4503,$-4503,$9985,$2872,$-10357,$-5586,$-15943,$2270,$2270,$0,$-780,$-14453,$3373,$0,$0
37,2009-06-30,4.54,$-2.92,-1.55,$44.18,0.1,$-0.26,0.0,$-2.43,0.0,$134.68B,$69.77B,1.93,$133.07B,$-9.42B,-14.13,$110.39B,$14.46B,13.10%,$110.39B,$-2.76B,-2.50%,$110.39B,$-2.76B,-2.50%,$110.39B,$-2.76B,-2.50%,$110.39B,$-5.54B,-5.02%,$110.39B,$-5.31B,-4.81%,$-5.31B,$-9.42B,50.03%,$-5.31B,$-9.65B,47.24%,$-5.31B,$200.19B,-2.46%,$-2.76B,$123.65B,-2.02%,$26810,$23346,$3464,$0,$3110,$26875,$-65,$2306,$2241,$-15,$2256,$2256,$2261,$-65,$-65,$3001,3352,$0.75,$0.69,$41134,$6603,$0,$134676,$24801,$22550,$235,$7383,$65514,$200190,$69769,$133066,$0,$139839,$209608,$33,$-15521,$-9005,$-9418,$200190,$0,$0,$0,$0,$0,$0,$0,$0,$0,$9367,$-2046,$0,$171,$0,$707,$707,$6864,$5696,$-8628,$-5597,$-14225,$1651,$1651,$0,$-557,$-13131,$1598,$0,$0
38,2009-03-31,1.97,$-6.81,-0.29,$54.56,0.04,$-2.88,0.0,$-7.00,0.0,$137.43B,$67.31B,2.04,$145.59B,$-16.48B,-8.84,$124.68B,$12.11B,9.71%,$124.68B,$-9.49B,-7.61%,$124.68B,$-9.49B,-7.61%,$124.68B,$-9.49B,-7.61%,$124.68B,$-16.84B,-13.51%,$124.68B,$-16.26B,-13.04%,$-16.26B,$-16.48B,187.60%,$-16.26B,$-16.70B,166.81%,$-16.26B,$203.13B,-7.00%,$-9.49B,$129.11B,-6.47%,$24390,$21413,$2977,$0,$3692,$25507,$-1117,$-545,$-1662,$-227,$-1435,$-1435,$-1427,$-1117,$-1117,$2397,2397,$-0.60,$-0.60,$41456,$6575,$0,$137429,$23779,$23648,$227,$7960,$65705,$203134,$67311,$145586,$0,$152300,$219611,$24,$-17782,$-10624,$-16477,$203134,$0,$0,$0,$0,$0,$0,$0,$0,$0,$4016,$-1069,$0,$166,$0,$-2931,$-2931,$4499,$665,$-945,$-3869,$-4814,$0,$0,$0,$-87,$-4901,$-1160,$0,$0
39,2008-12-31,1.71,$-6.06,-0.28,$63.99,0.03,$-4.32,0.0,$-6.35,0.0,$148.71B,$72.67B,2.05,$152.58B,$-14.53B,-10.5,$143.58B,$16.96B,11.81%,$143.58B,$-5.98B,-4.16%,$143.58B,$-5.98B,-4.16%,$143.58B,$-5.98B,-4.16%,$143.58B,$-14.90B,-10.37%,$143.58B,$-14.77B,-10.28%,$-14.77B,$-14.53B,532.68%,$-14.77B,$-14.77B,342.46%,$-14.77B,$218.30B,-5.86%,$-5.98B,$138.05B,-3.77%,$27444,$26169,$1275,$0,$4091,$30793,$-3349,$-2200,$-5549,$749,$-6298,$-6298,$-5978,$-3349,$-3349,$2272,2272,$-2.57,$-2.57,$39460,$6988,$0,$148714,$24143,$26849,$246,$9734,$69584,$218298,$72671,$152577,$0,$160154,$232825,$24,$-16316,$-10124,$-14527,$218298,$-14766,$12255,$13308,$25563,$973,$-137,$-12299,$403,$-11060,$-263,$-6492,$0,$5913,$0,$-2708,$-2708,$348,$-2939,$-4085,$-5240,$-9325,$756,$756,$0,$-603,$-9172,$-13088,$35,$0
40,2008-09-30,3.89,$-0.83,-4.67,$73.27,0.05,$4.24,0.92,$-5.19,0.0,$162.26B,$83.29B,1.95,$156.79B,$-1.99B,-78.83,$158.39B,$19.49B,12.30%,$158.39B,$-6.87B,-4.34%,$158.39B,$-6.87B,-4.34%,$158.39B,$-6.87B,-4.34%,$158.39B,$-13.93B,-8.79%,$158.39B,$-11.67B,-7.37%,$-11.67B,$-1.99B,-514.88%,$-11.67B,$-3.79B,-4302.67%,$-11.67B,$242.07B,-4.36%,$-6.87B,$154.80B,-4.10%,$31746,$25001,$6745,$0,$4575,$29975,$1771,$-2344,$-573,$-463,$-110,$-110,$-161,$1771,$1771,$2279,2279,$-0.07,$-0.07,$41801,$12048,$0,$162261,$30253,$32244,$1805,$12316,$79804,$242065,$83289,$156793,$0,$160765,$244054,$24,$-10169,$-571,$-1989,$242065,$0,$0,$0,$0,$0,$0,$0,$0,$0,$3269,$-4875,$0,$5355,$0,$-2029,$-2029,$-2480,$-4029,$-5203,$-4422,$-9625,$663,$663,$0,$-531,$-9493,$-10389,$0,$0
41,2008-06-30,3.6,$-0.74,-4.83,$79.85,0.05,$9.45,0.38,$-5.32,0.0,$178.82B,$96.60B,1.85,$166.03B,$-1.68B,-98.65,$167.72B,$20.58B,12.27%,$167.72B,$-5.90B,-3.52%,$167.72B,$-5.90B,-3.52%,$167.72B,$-5.90B,-3.52%,$167.72B,$-13.51B,-8.06%,$167.72B,$-11.89B,-7.09%,$-11.89B,$-1.68B,-389.23%,$-11.89B,$-3.73B,10687.64%,$-11.89B,$265.30B,-4.31%,$-5.90B,$164.34B,-3.48%,$41102,$39994,$1108,$0,$7305,$47897,$-6795,$-2264,$-9059,$-443,$-8616,$-8616,$-8697,$-6795,$-6795,$2237,2237,$-3.89,$-3.89,$49938,$12987,$0,$178817,$32149,$34263,$2044,$14365,$86480,$265297,$96597,$166025,$0,$170383,$266980,$23,$-10040,$131,$-1683,$265297,$0,$0,$0,$0,$0,$0,$0,$0,$0,$2161,$-3128,$0,$5212,$0,$-4625,$-4625,$-1464,$-4005,$-2670,$-1049,$-3719,$144,$144,$0,$-267,$-3842,$-5217,$0,$0
42,2008-03-31,4.28,$3.17,1.35,$77.70,0.06,$10.83,0.39,$-1.13,0.0,$181.09B,$96.82B,1.87,$169.21B,$7.11B,23.8,$170.86B,$27.53B,16.11%,$170.86B,$3.88B,2.27%,$170.86B,$3.88B,2.27%,$170.86B,$3.88B,2.27%,$170.86B,$-3.53B,-2.06%,$170.86B,$-2.44B,-1.43%,$-2.44B,$7.11B,-81.73%,$-2.44B,$5.05B,195.13%,$-2.44B,$282.91B,-0.87%,$3.88B,$176.32B,2.27%,$43292,$35456,$7836,$0,$5094,$40894,$2398,$-2112,$286,$95,$191,$191,$70,$2398,$2398,$2188,2208,$0.03,$0.03,$49090,$11721,$0,$181089,$37007,$35613,$2064,$16664,$101824,$282913,$96822,$169205,$0,$178980,$275802,$22,$-1372,$657,$7111,$282913,$0,$0,$0,$0,$0,$0,$0,$0,$0,$1027,$-1490,$0,$44,$0,$-4,$-4,$-315,$-1765,$43,$-678,$-635,$63,$63,$0,$-129,$-701,$-1532,$0,$0
43,2007-12-31,5.03,$2.55,1.97,$80.83,0.06,$10.88,0.46,$-1.33,0.0,$178.18B,$95.57B,1.86,$168.79B,$5.63B,29.99,$170.57B,$27.99B,16.41%,$170.57B,$3.75B,2.20%,$170.57B,$3.75B,2.20%,$170.57B,$3.75B,2.20%,$170.57B,$-3.86B,-2.26%,$170.57B,$-2.80B,-1.64%,$-2.80B,$5.63B,-985.02%,$-2.80B,$3.56B,55.70%,$-2.80B,$279.26B,-1.01%,$3.75B,$174.42B,2.24%,$42247,$38451,$3796,$0,$5349,$46495,$-4248,$-333,$-4581,$-1799,$-2782,$-2577,$-2883,$-4248,$-4248,$1978,1978,$-1.47,$-1.38,$50798,$10121,$0,$178182,$36239,$36108,$2069,$14976,$101082,$279264,$95570,$168787,$0,$178066,$273636,$22,$-1485,$-558,$5628,$279264,$-2795,$16247,$-3595,$12652,$45,$371,$1348,$5453,$7217,$17074,$-6022,$0,$1153,$0,$7237,$7237,$-8825,$-6457,$-6318,$919,$-5399,$219,$219,$0,$-88,$-5268,$6389,$75,$0
44,2007-09-30,6.35,$0.55,11.52,$80.94,0.08,$6.77,0.94,$-3.08,0.0,$183.66B,$107.23B,1.71,$163.21B,$1.16B,140.34,$168.63B,$25.96B,15.40%,$168.63B,$4.28B,2.54%,$168.63B,$4.28B,2.54%,$168.63B,$4.28B,2.54%,$168.63B,$-4.97B,-2.95%,$168.63B,$-5.54B,-3.28%,$-5.54B,$1.16B,278.31%,$-5.54B,$-5.32B,72.12%,$-5.54B,$276.16B,-2.00%,$4.28B,$164.38B,2.58%,$41078,$33238,$7840,$0,$4904,$38336,$2742,$-2898,$-156,$162,$-318,$-380,$-380,$2742,$2742,$2003,2003,$-0.19,$-0.19,$46972,$12886,$0,$183656,$37831,$36378,$6487,$11051,$92507,$276163,$107228,$163213,$0,$167772,$275000,$22,$1326,$-7272,$1163,$276163,$0,$0,$0,$0,$0,$0,$0,$0,$0,$13242,$-4215,$0,$1153,$0,$5720,$5720,$-6712,$-4054,$-8439,$-2558,$-10997,$121,$121,$0,$151,$-10725,$-1457,$0,$0
45,2007-06-30,7.04,$-0.93,-7.6,$80.14,0.09,$8.50,0.83,$-5.97,0.0,$185.38B,$106.47B,1.74,$170.04B,$-1.95B,-87.38,$164.65B,$17.67B,10.73%,$164.65B,$-3.50B,-2.13%,$164.65B,$-3.50B,-2.13%,$164.65B,$-3.50B,-2.13%,$164.65B,$-11.18B,-6.79%,$164.65B,$-10.41B,-6.32%,$-10.41B,$-1.95B,-99095.24%,$-10.41B,$-8.29B,184.02%,$-10.41B,$279.22B,-3.79%,$-3.50B,$168.09B,-2.11%,$44242,$36182,$8060,$0,$4952,$41255,$2987,$-2061,$926,$123,$803,$718,$750,$2987,$2987,$1895,2726,$0.40,$0.31,$53194,$12614,$0,$185382,$37303,$35824,$6344,$9078,$93836,$279218,$106466,$170036,$0,$174698,$281164,$19,$1707,$-8146,$-1946,$279218,$0,$0,$0,$0,$0,$0,$0,$0,$0,$5227,$-2637,$0,$918,$0,$7368,$7368,$-3809,$1840,$-2603,$-1396,$-3999,$20,$20,$0,$-61,$-4040,$3114,$0,$0
46,2007-03-31,5.9,$-1.97,-2.99,$86.25,0.07,$10.91,0.54,$-6.45,0.0,$179.32B,$104.10B,1.72,$167.18B,$-3.71B,-45.06,$162.28B,$15.35B,9.46%,$162.28B,$-5.42B,-3.34%,$162.28B,$-5.42B,-3.34%,$162.28B,$-5.42B,-3.34%,$162.28B,$-12.77B,-7.87%,$162.28B,$-11.47B,-7.07%,$-11.47B,$-3.71B,-276.32%,$-11.47B,$-10.02B,752.26%,$-11.47B,$272.21B,-4.19%,$-5.42B,$163.47B,-3.27%,$43005,$34716,$8289,$0,$5964,$40738,$2267,$-2313,$-46,$181,$-227,$-285,$-282,$2267,$2267,$1892,1892,$-0.15,$-0.15,$50020,$12525,$0,$179320,$37638,$33221,$6308,$9738,$92890,$272210,$104098,$167179,$0,$171822,$275920,$19,$956,$-9106,$-3710,$272210,$0,$0,$0,$0,$0,$0,$0,$0,$0,$979,$-1296,$0,$33,$0,$4539,$4539,$-681,$2595,$-5478,$389,$-5089,$-4,$-4,$0,$-51,$-5144,$-2016,$0,$0
47,2006-12-31,5.62,$-1.83,-3.07,$85.41,0.07,$10.08,0.56,$-6.94,0.0,$179.57B,$101.27B,1.77,$171.83B,$-3.47B,-49.59,$160.07B,$11.20B,7.00%,$160.07B,$-8.19B,-5.12%,$160.07B,$-8.19B,-5.12%,$160.07B,$-8.19B,-5.12%,$160.07B,$-15.07B,-9.42%,$160.07B,$-12.61B,-7.88%,$-12.61B,$-3.47B,-155.88%,$-12.61B,$-7.08B,-509.87%,$-12.61B,$279.20B,-4.62%,$-8.19B,$168.37B,-4.94%,$40303,$38528,$1775,$0,$5442,$44018,$-3715,$-1979,$-5694,$-149,$-5545,$-5629,$-5625,$-3715,$-3715,$1877,1877,$-3.00,$-3.00,$55624,$10017,$0,$179571,$36055,$32577,$3611,$13255,$99625,$279196,$101272,$171832,$0,$181389,$282661,$19,$-17,$-7846,$-3465,$279196,$-12613,$12719,$7904,$20623,$2279,$-695,$6534,$-6506,$1612,$9622,$-6848,$0,$52,$0,$-5222,$-5222,$-12846,$-24864,$21657,$-5825,$15832,$248,$248,$-468,$-339,$15273,$484,$77,$-468
