,Date,Stock Price,Book Value per Share,Price to Book Ratio,TTM Sales per Share,Price to Sales Ratio,TTM FCF per Share,Price to FCF Ratio,TTM Net EPS,PE Ratio,Current Assets,Current Liabilities,Current Ratio,Long Term Debt,Shareholder's Equity_x,Debt to Equity Ratio,TTM Revenue_x,TTM Gross Profit,Gross Margin,TTM Revenue_y,TTM Operating Income,Operating Margin,TTM Revenue_x,TTM EBIT,EBIT Margin,TTM Revenue_y,TTM EBITDA,EBITDA Margin,TTM Revenue_x,TTM Pre-Tax Income,Pre-Tax Margin,TTM Revenue_y,TTM Net Income_x,Net Margin,TTM Net Income_y,Shareholder's Equity_y,Return on Equity,TTM Net Income_x,Tangible Equity,Return on Tangible Equity,TTM Net Income_y,Total Assets,Return on Assets,TTM Net Income,LT Investments & Debt,Return on Investment,revenue,cost-goods-sold,gross-profit,research-development-expenses,selling-general-administrative-expenses,operating-expenses,operating-income,total-non-operating-income-expense,pre-tax-income,total-provision-income-taxes,income-after-taxes,income-from-continuous-operations,net-income,ebitda,ebit,basic-shares-outstanding,shares-outstanding,eps-basic-net-earnings-per-share,eps-earnings-per-share-diluted,cash-on-hand,inventory,other-current-assets,total-current-assets,net-property-plant-equipment,long-term-investments,goodwill-intangible-assets-total,other-long-term-assets,total-long-term-assets,total-assets,total-current-liabilities,long-term-debt,other-non-current-liabilities,total-long-term-liabilities,total-liabilities,common-stock-net,retained-earnings-accumulated-deficit,comprehensive-income,total-share-holder-equity,total-liabilities-share-holders-equity,net-income-loss,total-depreciation-amortization-cash-flow,other-non-cash-items,total-non-cash-items,change-in-accounts-receivable,change-in-inventories,change-in-accounts-payable,change-in-assets-liabilities,total-change-in-assets-liabilities,cash-flow-from-operating-activities,net-change-in-property-plant-equipment,net-change-in-intangible-assets,net-acquisitions-divestitures,net-change-in-short-term-investments,net-change-in-long-term-investments,net-change-in-investments-total,investing-activities-other,cash-flow-from-investing-activities,net-long-term-debt,net-current-debt,debt-issuance-retirement-net-total,net-common-equity-issued-repurchased,net-total-equity-issued-repurchased,total-common-preferred-stock-dividends-paid,financial-activities-other,cash-flow-from-financial-activities,net-cash-flow,stock-based-compensation,common-stock-dividends-paid
0,2018-09-30,51.59,$32.88,1.57,$51.44,1.0,$10.00,5.16,$5.34,9.66,$2.70B,$2.59B,1.04,$0.00B,$3.68B,0.0,$5.81B,$5.81B,100.00%,$5.81B,$0.76B,13.04%,$5.81B,$0.76B,13.04%,$5.81B,$0.91B,15.66%,$5.81B,$0.65B,11.19%,$5.81B,$0.60B,10.38%,$0.60B,$3.68B,16.98%,$0.60B,$2.42B,26.13%,$0.60B,$11.38B,5.96%,$0.76B,$3.68B,21.35%,$1542,$0,$1542,$0,$450,$1317,$225,$-30,$196,$44,$151,$151,$151,$264,$225,$113,113,$1.34,$1.34,$2205,$0,$0,$2703,$458,$6139,$1257,$801,$8677,$11380,$2589,$0,$4890,$5115,$7704,$0,$1600,$-193,$3676,$11380,$383,$113,$358,$471,$-51,$0,$-12,$-318,$-368,$485,$-86,$0,$0,$0,$-841,$-841,$-88,$-1015,$13,$0,$13,$0,$0,$-132,$1470,$1351,$818,$34,$-132
1,2018-06-30,51.72,$31.98,1.62,$51.33,1.01,$9.70,5.33,$4.19,12.34,$1.71B,$2.53B,0.68,$0.00B,$3.57B,0.0,$5.79B,$5.79B,100.00%,$5.79B,$0.58B,10.02%,$5.79B,$0.58B,10.02%,$5.79B,$0.74B,12.73%,$5.79B,$0.47B,8.15%,$5.79B,$0.47B,8.17%,$0.47B,$3.57B,13.69%,$0.47B,$2.30B,21.28%,$0.47B,$9.96B,4.92%,$0.58B,$3.57B,16.78%,$1491,$0,$1491,$0,$449,$1262,$229,$-27,$202,$47,$155,$155,$155,$267,$229,$113,113,$1.38,$1.37,$1227,$0,$0,$1707,$446,$5716,$1271,$796,$8252,$9959,$2530,$0,$3634,$3858,$6388,$0,$1497,$-181,$3571,$9959,$231,$74,$241,$315,$-37,$0,$-60,$-216,$-292,$254,$-54,$0,$0,$0,$-413,$-413,$-101,$-568,$24,$0,$24,$0,$0,$-85,$215,$154,$-161,$27,$-85
2,2018-03-31,58.26,$31.13,1.87,$51.11,1.14,$9.48,6.14,$3.91,14.9,$1.52B,$2.46B,0.62,$0.00B,$3.47B,0.0,$5.75B,$5.75B,100.00%,$5.75B,$0.56B,9.75%,$5.75B,$0.56B,9.75%,$5.75B,$0.72B,12.48%,$5.75B,$0.45B,7.89%,$5.75B,$0.44B,7.65%,$0.44B,$3.47B,13.08%,$0.44B,$2.24B,20.28%,$0.44B,$9.55B,4.66%,$0.56B,$3.47B,16.68%,$1297,$0,$1297,$0,$414,$1179,$118,$-25,$93,$17,$76,$76,$76,$155,$118,$112,113,$0.68,$0.67,$1177,$0,$0,$1521,$436,$5549,$1229,$789,$8026,$9547,$2462,$0,$3388,$3612,$6074,$0,$1385,$-158,$3472,$9547,$76,$36,$126,$163,$5,$0,$-96,$-117,$-196,$43,$-21,$0,$0,$0,$-245,$-245,$-22,$-289,$-1,$0,$-1,$0,$0,$-42,$78,$34,$-211,$20,$-42
3,2017-12-31,55.27,$31.40,1.76,$51.41,1.08,$9.07,6.09,$3.76,14.7,$1.74B,$2.56B,0.68,$0.00B,$3.48B,0.0,$5.77B,$5.77B,100.00%,$5.77B,$0.55B,9.55%,$5.77B,$0.55B,9.55%,$5.77B,$0.71B,12.32%,$5.77B,$0.45B,7.71%,$5.77B,$0.42B,7.31%,$0.42B,$3.48B,12.93%,$0.42B,$2.27B,20.05%,$0.42B,$9.57B,4.55%,$0.55B,$3.48B,16.88%,$1481,$0,$1481,$0,$611,$1296,$186,$-26,$159,$-61,$221,$221,$221,$224,$186,$112,112,$1.98,$1.96,$1387,$0,$0,$1737,$440,$5378,$1213,$783,$7836,$9573,$2555,$0,$3311,$3535,$6090,$0,$1311,$-68,$3483,$9573,$422,$159,$473,$632,$12,$0,$128,$-459,$-422,$632,$-124,$0,$0,$0,$-162,$-162,$-101,$-387,$-6,$0,$-6,$3,$3,$-159,$290,$128,$381,$37,$-159
4,2017-09-30,48.95,$29.76,1.64,$51.77,0.95,$7.85,6.23,$2.53,19.35,$1.49B,$2.50B,0.6,$0.00B,$3.30B,0.0,$5.80B,$5.80B,100.00%,$5.80B,$0.47B,8.16%,$5.80B,$0.47B,8.16%,$5.80B,$0.63B,10.89%,$5.80B,$0.37B,6.33%,$5.80B,$0.28B,4.87%,$0.28B,$3.30B,8.96%,$0.28B,$2.08B,13.98%,$0.28B,$9.35B,3.10%,$0.47B,$3.30B,15.03%,$1520,$0,$1520,$0,$444,$1473,$47,$-29,$18,$-3,$21,$21,$21,$91,$47,$112,113,$0.19,$0.19,$1142,$0,$0,$1494,$438,$5391,$1221,$783,$7853,$9347,$2497,$0,$3216,$3551,$6049,$0,$1129,$-62,$3298,$9347,$201,$121,$350,$471,$-12,$0,$95,$-334,$-217,$456,$-93,$0,$0,$0,$-217,$-217,$-82,$-392,$-4,$0,$-4,$0,$0,$-117,$186,$65,$136,$31,$-117
5,2017-06-30,43.43,$28.88,1.5,$51.83,0.84,$6.05,7.18,$3.30,13.16,$1.50B,$2.45B,0.61,$0.00B,$3.20B,0.0,$5.78B,$5.78B,100.00%,$5.78B,$0.62B,10.70%,$5.78B,$0.62B,10.70%,$5.78B,$0.77B,13.23%,$5.78B,$0.52B,8.92%,$5.78B,$0.37B,6.36%,$0.37B,$3.20B,11.95%,$0.37B,$2.09B,18.52%,$0.37B,$9.31B,4.06%,$0.62B,$3.20B,20.10%,$1454,$0,$1454,$0,$436,$1244,$210,$-26,$184,$62,$122,$122,$122,$248,$210,$112,112,$1.10,$1.09,$1167,$0,$0,$1498,$433,$5459,$1110,$795,$7816,$9314,$2449,$0,$3331,$3667,$6116,$0,$1151,$-173,$3198,$9314,$180,$77,$217,$294,$-18,$0,$-93,$-233,$-239,$235,$-61,$0,$0,$0,$-251,$-251,$-4,$-316,$-3,$0,$-3,$0,$0,$-75,$315,$238,$161,$25,$-75
6,2017-03-31,37.87,$27.84,1.36,$51.14,0.74,$5.35,7.08,$3.13,12.1,$1.36B,$2.43B,0.56,$0.00B,$3.08B,0.0,$5.69B,$5.69B,100.00%,$5.69B,$0.59B,10.30%,$5.69B,$0.59B,10.30%,$5.69B,$0.73B,12.74%,$5.69B,$0.49B,8.54%,$5.69B,$0.35B,6.11%,$0.35B,$3.08B,11.54%,$0.35B,$1.98B,17.91%,$0.35B,$8.87B,3.89%,$0.59B,$3.08B,19.43%,$1317,$0,$1317,$0,$407,$1209,$108,$-24,$84,$26,$58,$58,$58,$148,$108,$111,112,$0.52,$0.52,$1047,$0,$0,$1358,$429,$5183,$1096,$789,$7516,$8874,$2425,$0,$3100,$3372,$5797,$0,$1067,$-198,$3078,$8874,$58,$40,$118,$157,$1,$0,$-137,$-137,$-209,$6,$-30,$0,$0,$0,$6,$6,$0,$-24,$-1,$0,$-1,$0,$0,$-37,$97,$58,$41,$17,$-37
7,2016-12-31,35.0,$27.42,1.28,$50.22,0.7,$4.86,7.2,$3.08,11.37,$1.37B,$2.56B,0.54,$0.00B,$3.01B,0.0,$5.58B,$5.58B,100.00%,$5.58B,$0.58B,10.33%,$5.58B,$0.58B,10.33%,$5.58B,$0.70B,12.63%,$5.58B,$0.48B,8.57%,$5.58B,$0.34B,6.15%,$0.34B,$3.01B,11.59%,$0.34B,$1.92B,18.01%,$0.34B,$8.83B,3.90%,$0.58B,$3.01B,19.47%,$1504,$0,$1504,$0,$518,$1396,$108,$-26,$81,$0,$81,$81,$81,$144,$108,$111,111,$0.73,$0.74,$1006,$0,$0,$1374,$434,$5141,$1096,$767,$7458,$8832,$2557,$0,$3008,$3261,$5817,$0,$1047,$-230,$3014,$8832,$343,$127,$488,$615,$-10,$0,$-29,$-448,$-470,$489,$-123,$0,$0,$0,$-381,$-381,$-106,$-610,$155,$0,$155,$1,$1,$-132,$83,$107,$-21,$34,$-132
8,2016-09-30,37.19,$27.58,1.35,$49.04,0.76,$5.62,6.62,$3.09,12.04,$1.77B,$2.57B,0.69,$0.00B,$3.03B,0.0,$5.43B,$5.43B,100.00%,$5.43B,$0.61B,11.22%,$5.43B,$0.61B,11.22%,$5.43B,$0.73B,13.45%,$5.43B,$0.51B,9.47%,$5.43B,$0.34B,6.32%,$0.34B,$3.03B,11.86%,$0.34B,$1.96B,18.44%,$0.34B,$9.25B,3.97%,$0.61B,$3.03B,21.05%,$1508,$0,$1508,$0,$439,$1315,$193,$-26,$167,$60,$107,$107,$107,$225,$193,$111,111,$0.97,$0.96,$1443,$0,$0,$1773,$431,$5160,$1066,$795,$7473,$9246,$2570,$0,$3449,$3648,$6218,$0,$1012,$-173,$3029,$9246,$263,$91,$363,$454,$-43,$0,$-100,$-342,$-464,$252,$-95,$0,$0,$0,$-249,$-249,$-73,$-416,$156,$0,$156,$-0,$-0,$-94,$521,$582,$416,$28,$-94
9,2016-06-30,37.78,$26.84,1.41,$48.06,0.79,$6.72,5.62,$2.82,13.4,$1.53B,$2.40B,0.64,$0.00B,$2.94B,0.0,$5.31B,$5.31B,100.00%,$5.31B,$0.56B,10.48%,$5.31B,$0.56B,10.48%,$5.31B,$0.67B,12.70%,$5.31B,$0.46B,8.71%,$5.31B,$0.31B,5.88%,$0.31B,$2.94B,11.11%,$0.31B,$1.91B,17.44%,$0.31B,$8.84B,3.73%,$0.56B,$2.94B,19.79%,$1362,$0,$1362,$0,$418,$1184,$177,$-24,$154,$51,$102,$102,$102,$208,$177,$110,111,$0.92,$0.92,$1242,$0,$0,$1531,$413,$5087,$1034,$750,$7306,$8837,$2399,$0,$3312,$3493,$5893,$0,$943,$-176,$2944,$8837,$155,$59,$232,$292,$-25,$0,$-61,$-222,$-300,$146,$-52,$0,$0,$0,$-201,$-201,$-17,$-271,$-2,$0,$-2,$-0,$-0,$-57,$401,$341,$214,$22,$-57
10,2016-03-31,35.55,$25.98,1.37,$47.85,0.74,$6.98,5.09,$2.75,12.93,$1.26B,$2.33B,0.54,$0.00B,$2.85B,0.0,$5.27B,$5.27B,100.00%,$5.27B,$0.54B,10.33%,$5.27B,$0.54B,10.33%,$5.27B,$0.66B,12.53%,$5.27B,$0.45B,8.54%,$5.27B,$0.30B,5.75%,$0.30B,$2.85B,11.07%,$0.30B,$1.83B,17.62%,$0.30B,$8.28B,3.67%,$0.54B,$2.85B,19.87%,$1202,$0,$1202,$0,$383,$1104,$98,$-22,$76,$23,$53,$53,$53,$127,$98,$110,111,$0.48,$0.47,$976,$0,$0,$1255,$410,$4840,$1017,$735,$7024,$8279,$2325,$0,$2956,$3109,$5433,$0,$870,$-192,$2846,$8279,$53,$29,$114,$143,$-1,$0,$-123,$-118,$-252,$-56,$-21,$0,$0,$0,$-2,$-2,$-0,$-24,$-1,$0,$-1,$-0,$-0,$-28,$57,$27,$-51,$16,$-28
11,2015-12-31,33.26,$25.24,1.32,$47.14,0.71,$6.82,4.88,$2.62,12.7,$1.29B,$2.44B,0.53,$0.00B,$2.75B,0.0,$5.18B,$5.18B,100.00%,$5.18B,$0.53B,10.16%,$5.18B,$0.53B,10.16%,$5.18B,$0.64B,12.36%,$5.18B,$0.43B,8.37%,$5.18B,$0.29B,5.56%,$0.29B,$2.75B,10.75%,$0.29B,$1.74B,17.40%,$0.29B,$8.24B,3.54%,$0.53B,$2.75B,19.64%,$1357,$0,$1357,$0,$410,$1215,$141,$-25,$117,$35,$82,$82,$81,$170,$141,$108,110,$0.75,$0.74,$1027,$0,$0,$1285,$410,$4790,$1012,$717,$6952,$8237,$2441,$0,$2907,$3043,$5484,$0,$838,$-239,$2753,$8237,$289,$114,$505,$619,$-7,$0,$37,$-438,$-356,$551,$-107,$0,$0,$0,$-837,$-837,$-31,$-974,$-5,$0,$-5,$5,$5,$-109,$375,$266,$-163,$24,$-109
12,2015-09-30,35.97,$24.77,1.45,$46.34,0.78,$5.30,6.78,$2.62,13.73,$1.18B,$2.45B,0.48,$0.00B,$2.69B,0.0,$5.07B,$5.07B,100.00%,$5.07B,$0.53B,10.43%,$5.07B,$0.53B,10.43%,$5.07B,$0.64B,12.67%,$5.07B,$0.44B,8.65%,$5.07B,$0.29B,5.66%,$0.29B,$2.69B,10.90%,$0.29B,$1.67B,17.83%,$0.29B,$8.12B,3.59%,$0.53B,$2.69B,20.09%,$1384,$0,$1384,$0,$412,$1244,$140,$-25,$115,$40,$76,$76,$76,$169,$140,$109,110,$0.69,$0.69,$894,$0,$0,$1177,$399,$4766,$1019,$740,$6944,$8121,$2451,$0,$2836,$2977,$5428,$0,$786,$-234,$2693,$8121,$207,$85,$368,$453,$-32,$0,$-7,$-325,$-308,$352,$-75,$0,$0,$0,$-752,$-752,$-24,$-851,$-4,$0,$-4,$0,$0,$-81,$295,$209,$-296,$20,$-81
13,2015-06-30,34.03,$24.48,1.39,$45.33,0.75,$3.83,8.88,$2.67,12.75,$1.55B,$2.40B,0.64,$0.00B,$2.66B,0.0,$4.95B,$4.95B,100.00%,$4.95B,$0.53B,10.61%,$4.95B,$0.53B,10.61%,$4.95B,$0.64B,12.93%,$4.95B,$0.44B,8.89%,$4.95B,$0.29B,5.90%,$0.29B,$2.66B,11.21%,$0.29B,$1.64B,18.45%,$0.29B,$8.35B,3.74%,$0.53B,$2.66B,20.15%,$1324,$0,$1324,$0,$407,$1159,$165,$-23,$142,$48,$94,$94,$93,$194,$165,$108,110,$0.86,$0.85,$1270,$0,$0,$1547,$394,$4628,$1024,$741,$6807,$8354,$2402,$0,$3167,$3292,$5694,$0,$738,$-212,$2659,$8354,$131,$56,$224,$280,$-21,$0,$-26,$-235,$-245,$167,$-45,$0,$0,$0,$-595,$-595,$-23,$-664,$-3,$0,$-3,$0,$0,$-54,$636,$579,$80,$16,$-54
14,2015-03-31,32.4,$24.05,1.35,$43.86,0.74,$2.77,11.71,$2.29,14.15,$1.14B,$2.31B,0.49,$0.00B,$2.61B,0.0,$4.78B,$4.78B,100.00%,$4.78B,$0.46B,9.53%,$4.78B,$0.46B,9.53%,$4.78B,$0.57B,11.85%,$4.78B,$0.37B,7.83%,$4.78B,$0.25B,5.21%,$0.25B,$2.61B,9.66%,$0.25B,$1.57B,16.07%,$0.25B,$7.82B,3.33%,$0.46B,$2.61B,17.65%,$1111,$0,$1111,$0,$366,$1031,$80,$-21,$59,$21,$38,$38,$38,$107,$80,$108,109,$0.35,$0.34,$878,$0,$0,$1140,$396,$4501,$1036,$725,$6679,$7819,$2314,$0,$2802,$2898,$5213,$0,$672,$-193,$2607,$7819,$38,$28,$107,$134,$-1,$0,$-99,$-132,$-238,$-66,$-28,$0,$0,$0,$-445,$-445,$-23,$-495,$-1,$0,$-1,$0,$0,$-27,$282,$254,$-312,$11,$-27
15,2014-12-31,30.56,$23.95,1.28,$43.06,0.71,$2.46,12.4,$2.15,14.22,$1.47B,$2.45B,0.6,$0.00B,$2.58B,0.0,$4.68B,$4.68B,100.00%,$4.68B,$0.43B,9.11%,$4.68B,$0.43B,9.11%,$4.68B,$0.54B,11.48%,$4.68B,$0.35B,7.48%,$4.68B,$0.23B,4.98%,$0.23B,$2.58B,9.17%,$0.23B,$1.56B,15.42%,$0.23B,$7.67B,3.25%,$0.43B,$2.58B,16.76%,$1255,$0,$1255,$0,$390,$1111,$144,$-21,$123,$42,$81,$81,$80,$173,$144,$107,109,$0.76,$0.74,$1190,$0,$0,$1472,$395,$4034,$1016,$729,$6194,$7666,$2453,$0,$2535,$2637,$5090,$0,$662,$-199,$2576,$7666,$234,$110,$449,$559,$-10,$0,$-15,$-454,$-433,$361,$-85,$0,$0,$0,$-659,$-659,$-93,$-837,$269,$0,$269,$4,$4,$-90,$654,$837,$355,$19,$-90
16,2014-09-30,24.27,$24.06,1.01,$42.69,0.57,$2.65,9.15,$1.89,12.84,$1.54B,$2.16B,0.71,$0.00B,$2.58B,0.0,$4.64B,$4.64B,100.00%,$4.64B,$0.39B,8.29%,$4.64B,$0.39B,8.29%,$4.64B,$0.50B,10.66%,$4.64B,$0.31B,6.72%,$4.64B,$0.21B,4.42%,$0.21B,$2.58B,8.16%,$0.21B,$1.56B,13.56%,$0.21B,$7.39B,2.97%,$0.39B,$2.58B,15.33%,$1260,$0,$1260,$0,$365,$1124,$136,$-20,$116,$35,$81,$81,$81,$166,$136,$107,109,$0.75,$0.74,$1204,$0,$0,$1541,$388,$3693,$1017,$722,$5847,$7388,$2164,$0,$2501,$2643,$4807,$0,$608,$-132,$2581,$7388,$153,$82,$323,$405,$-23,$0,$-74,$-350,$-392,$166,$-52,$0,$0,$0,$-294,$-294,$-140,$-487,$139,$0,$139,$0,$0,$-64,$613,$687,$369,$16,$-64
17,2014-06-30,24.66,$23.78,1.04,$43.12,0.57,$3.36,7.34,$1.74,14.17,$1.39B,$2.21B,0.63,$0.00B,$2.55B,0.0,$4.68B,$4.68B,100.00%,$4.68B,$0.38B,8.03%,$4.68B,$0.38B,8.03%,$4.68B,$0.48B,10.27%,$4.68B,$0.30B,6.47%,$4.68B,$0.19B,4.01%,$0.19B,$2.55B,7.64%,$0.19B,$1.50B,12.60%,$0.19B,$7.02B,2.82%,$0.38B,$2.55B,15.28%,$1150,$0,$1150,$0,$354,$1055,$95,$-19,$76,$26,$51,$51,$50,$120,$95,$107,109,$0.47,$0.47,$1041,$0,$0,$1392,$369,$3464,$1044,$720,$5624,$7016,$2208,$0,$2150,$2262,$4469,$0,$554,$-106,$2547,$7016,$73,$52,$218,$270,$-11,$0,$-74,$-245,$-297,$45,$-40,$0,$0,$0,$-31,$-31,$-152,$-222,$144,$0,$144,$0,$0,$-38,$274,$380,$206,$13,$-38
18,2014-03-31,23.36,$23.08,1.01,$44.21,0.53,$4.45,5.25,$1.58,14.78,$1.11B,$2.13B,0.52,$0.00B,$2.46B,0.0,$4.82B,$4.82B,100.00%,$4.82B,$0.36B,7.45%,$4.82B,$0.36B,7.45%,$4.82B,$0.46B,9.60%,$4.82B,$0.29B,5.93%,$4.82B,$0.17B,3.59%,$0.17B,$2.46B,7.18%,$0.17B,$1.42B,11.69%,$0.17B,$6.63B,2.66%,$0.36B,$2.46B,14.89%,$1013,$0,$1013,$0,$327,$961,$51,$-16,$35,$13,$22,$22,$22,$78,$51,$106,108,$0.20,$0.20,$770,$0,$0,$1107,$370,$3376,$1045,$704,$5523,$6630,$2128,$0,$1941,$2038,$4166,$0,$504,$-135,$2463,$6630,$22,$27,$95,$121,$4,$0,$-134,$-128,$-248,$-105,$-21,$0,$0,$0,$16,$16,$-161,$-166,$147,$0,$147,$0,$0,$-13,$72,$206,$-64,$9,$-13
19,2013-12-31,24.7,$23.19,1.06,$45.28,0.55,$5.02,4.92,$1.71,14.44,$1.18B,$2.12B,0.56,$0.00B,$2.46B,0.0,$4.96B,$4.96B,100.00%,$4.96B,$0.38B,7.73%,$4.96B,$0.38B,7.73%,$4.96B,$0.48B,9.77%,$4.96B,$0.31B,6.28%,$4.96B,$0.19B,3.77%,$0.19B,$2.46B,7.82%,$0.19B,$1.56B,12.49%,$0.19B,$6.56B,2.93%,$0.38B,$2.46B,16.02%,$1220,$0,$1220,$0,$402,$1117,$103,$-18,$85,$33,$52,$52,$52,$131,$103,$107,109,$0.48,$0.48,$835,$0,$0,$1183,$361,$3385,$892,$710,$5376,$6559,$2124,$0,$1885,$1978,$4103,$0,$521,$-146,$2456,$6559,$187,$102,$532,$634,$24,$0,$5,$-474,$-442,$378,$-81,$0,$0,$0,$-416,$-416,$33,$-465,$81,$0,$81,$-63,$-63,$-51,$286,$253,$164,$22,$-51
20,2013-09-30,21.23,$22.48,0.94,$45.87,0.46,$5.55,3.82,$2.08,10.21,$1.20B,$2.12B,0.56,$0.00B,$2.38B,0.0,$5.01B,$5.01B,100.00%,$5.01B,$0.44B,8.86%,$5.01B,$0.44B,8.86%,$5.01B,$0.55B,11.05%,$5.01B,$0.37B,7.46%,$5.01B,$0.23B,4.55%,$0.23B,$2.38B,9.64%,$0.23B,$1.48B,15.53%,$0.23B,$6.50B,3.64%,$0.44B,$2.38B,18.78%,$1301,$0,$1301,$0,$378,$1174,$127,$-20,$107,$43,$64,$64,$64,$152,$127,$106,108,$0.60,$0.59,$834,$0,$0,$1198,$362,$3350,$891,$700,$5303,$6501,$2124,$0,$1964,$2001,$4125,$0,$482,$-180,$2376,$6501,$135,$74,$424,$498,$4,$0,$-55,$-340,$-388,$246,$-56,$0,$0,$0,$-316,$-316,$30,$-342,$82,$0,$82,$-65,$-65,$-39,$316,$295,$197,$19,$-39
21,2013-06-30,19.11,$21.79,0.88,$44.99,0.42,$5.66,3.38,$2.44,7.83,$1.23B,$2.11B,0.58,$0.00B,$2.35B,0.0,$4.92B,$4.92B,100.00%,$4.92B,$0.49B,9.92%,$4.92B,$0.49B,9.92%,$4.92B,$0.59B,12.03%,$4.92B,$0.42B,8.60%,$4.92B,$0.27B,5.43%,$0.27B,$2.35B,11.40%,$0.27B,$1.45B,18.48%,$0.27B,$6.30B,4.35%,$0.49B,$2.35B,20.84%,$1288,$0,$1288,$0,$365,$1211,$78,$-19,$59,$24,$35,$35,$35,$102,$78,$108,110,$0.32,$0.31,$862,$0,$0,$1225,$348,$3145,$891,$693,$5078,$6303,$2112,$0,$1809,$1846,$3957,$0,$431,$-200,$2346,$6303,$71,$48,$303,$351,$-9,$0,$-56,$-228,$-264,$158,$-34,$0,$0,$0,$-142,$-142,$20,$-155,$85,$0,$85,$-17,$-17,$-26,$172,$214,$211,$14,$-26
22,2013-03-31,22.05,$22.04,1.0,$43.40,0.51,$5.17,4.26,$2.81,7.85,$1.16B,$1.99B,0.58,$0.00B,$2.38B,0.0,$4.72B,$4.72B,100.00%,$4.72B,$0.54B,11.37%,$4.72B,$0.54B,11.37%,$4.72B,$0.64B,13.45%,$4.72B,$0.48B,10.08%,$4.72B,$0.31B,6.46%,$0.31B,$2.38B,13.28%,$0.31B,$1.49B,21.77%,$0.31B,$6.18B,5.08%,$0.54B,$2.38B,23.38%,$1147,$0,$1147,$0,$345,$1072,$75,$-15,$60,$23,$36,$36,$36,$99,$75,$108,110,$0.34,$0.33,$815,$0,$0,$1160,$345,$3094,$898,$685,$5022,$6182,$1986,$0,$1775,$1812,$3798,$0,$410,$-153,$2384,$6182,$36,$24,$110,$134,$12,$0,$-123,$-120,$-221,$-51,$-14,$0,$0,$0,$10,$10,$16,$12,$88,$0,$88,$0,$0,$-13,$149,$224,$183,$10,$-13
23,2012-12-31,20.68,$21.93,0.94,$41.97,0.49,$5.53,3.74,$2.77,7.46,$1.05B,$2.08B,0.51,$0.00B,$2.35B,0.0,$4.54B,$4.54B,100.00%,$4.54B,$0.53B,11.60%,$4.54B,$0.53B,11.60%,$4.54B,$0.62B,13.63%,$4.54B,$0.47B,10.30%,$4.54B,$0.30B,6.61%,$0.30B,$2.35B,13.49%,$0.30B,$1.45B,22.56%,$0.30B,$6.05B,5.11%,$0.53B,$2.35B,23.70%,$1277,$0,$1277,$0,$363,$1113,$164,$-16,$148,$54,$93,$93,$93,$201,$164,$106,109,$0.87,$0.85,$671,$0,$0,$1052,$343,$3070,$903,$682,$4999,$6051,$2080,$0,$1582,$1619,$3699,$0,$387,$-151,$2352,$6051,$302,$92,$340,$432,$-29,$0,$84,$-423,$-304,$430,$-76,$0,$0,$0,$-343,$-343,$2,$-418,$-70,$0,$-70,$13,$13,$-45,$316,$214,$226,$15,$-45
24,2012-09-30,18.51,$21.45,0.86,$39.53,0.47,$2.98,6.21,$2.30,8.05,$1.12B,$1.99B,0.56,$0.00B,$2.29B,0.0,$4.26B,$4.26B,100.00%,$4.26B,$0.44B,10.39%,$4.26B,$0.44B,10.39%,$4.26B,$0.53B,12.41%,$4.26B,$0.39B,9.06%,$4.26B,$0.25B,5.80%,$0.25B,$2.29B,11.52%,$0.25B,$1.39B,19.65%,$0.25B,$6.00B,4.33%,$0.44B,$2.29B,20.66%,$1208,$0,$1208,$0,$344,$1037,$171,$-15,$156,$52,$104,$104,$103,$190,$171,$106,109,$0.97,$0.95,$745,$0,$0,$1123,$340,$2915,$895,$682,$4876,$5999,$1989,$0,$1627,$1724,$3713,$0,$306,$-123,$2286,$5999,$209,$55,$239,$294,$-33,$0,$15,$-314,$-251,$251,$-49,$0,$0,$0,$-120,$-120,$-30,$-199,$-28,$0,$-28,$3,$3,$-23,$321,$273,$327,$12,$-23
25,2012-06-30,14.43,$20.35,0.71,$37.43,0.39,$1.08,13.36,$1.55,9.31,$1.18B,$1.99B,0.59,$0.00B,$2.16B,0.0,$4.02B,$4.02B,100.00%,$4.02B,$0.33B,8.19%,$4.02B,$0.33B,8.19%,$4.02B,$0.42B,10.33%,$4.02B,$0.27B,6.67%,$4.02B,$0.17B,4.11%,$0.17B,$2.16B,7.98%,$0.17B,$1.28B,13.90%,$0.17B,$5.79B,2.95%,$0.33B,$2.16B,15.90%,$1090,$0,$1090,$0,$322,$963,$127,$-15,$112,$39,$74,$74,$73,$145,$127,$106,108,$0.69,$0.68,$796,$0,$0,$1181,$337,$2660,$886,$682,$4610,$5791,$1992,$0,$1585,$1635,$3627,$0,$212,$-146,$2164,$5791,$105,$37,$182,$218,$-31,$0,$-14,$-223,$-219,$104,$-35,$0,$0,$0,$58,$58,$-3,$21,$-26,$0,$-26,$0,$0,$-15,$294,$252,$378,$9,$-15
26,2012-03-31,14.08,$19.73,0.71,$36.01,0.39,$-0.08,0.0,$1.17,12.04,$1.04B,$1.96B,0.53,$0.00B,$2.09B,0.0,$3.86B,$3.86B,100.00%,$3.86B,$0.26B,6.82%,$3.86B,$0.26B,6.82%,$3.86B,$0.35B,9.08%,$3.86B,$0.21B,5.32%,$3.86B,$0.12B,3.22%,$0.12B,$2.09B,6.09%,$0.12B,$1.20B,10.74%,$0.12B,$5.65B,2.22%,$0.26B,$2.09B,12.93%,$967,$0,$967,$0,$305,$901,$65,$-14,$52,$20,$31,$31,$31,$83,$65,$106,107,$0.30,$0.29,$673,$0,$0,$1040,$339,$2670,$890,$670,$4613,$5653,$1960,$0,$1576,$1601,$3561,$0,$147,$-147,$2092,$5653,$31,$18,$93,$111,$-8,$0,$-55,$-115,$-150,$-8,$-17,$0,$0,$0,$30,$30,$-15,$-3,$-24,$0,$-24,$-1,$-1,$-6,$293,$262,$254,$6,$-6
27,2011-12-31,10.68,$19.31,0.55,$35.92,0.3,$-0.45,0.0,$0.73,14.63,$0.80B,$2.04B,0.39,$0.00B,$2.04B,0.0,$3.82B,$3.82B,100.00%,$3.82B,$0.19B,4.89%,$3.82B,$0.19B,4.89%,$3.82B,$0.28B,7.22%,$3.82B,$0.13B,3.40%,$3.82B,$0.08B,2.04%,$0.08B,$2.04B,3.88%,$0.08B,$1.16B,6.90%,$0.08B,$5.36B,1.38%,$0.19B,$2.04B,9.31%,$997,$0,$997,$0,$310,$916,$80,$-14,$66,$26,$40,$40,$40,$111,$80,$105,107,$0.38,$0.38,$418,$0,$0,$798,$338,$2643,$878,$666,$4565,$5362,$2042,$0,$1285,$1285,$3327,$0,$125,$-177,$2035,$5362,$79,$88,$435,$523,$5,$0,$-13,$-479,$-465,$137,$-60,$0,$0,$0,$-8,$-8,$55,$-14,$1,$0,$1,$-1,$-1,$-25,$-393,$-418,$-298,$15,$-25
28,2011-09-30,10.74,$18.81,0.57,$36.25,0.3,$-0.44,0.0,$0.79,13.59,$1.04B,$2.01B,0.52,$0.00B,$1.98B,0.0,$3.85B,$3.85B,100.00%,$3.85B,$0.20B,5.09%,$3.85B,$0.20B,5.09%,$3.85B,$0.28B,7.14%,$3.85B,$0.14B,3.61%,$3.85B,$0.09B,2.21%,$0.09B,$1.98B,4.25%,$0.09B,$1.11B,7.59%,$0.09B,$5.56B,1.47%,$0.20B,$1.98B,9.81%,$965,$0,$965,$0,$292,$908,$57,$-19,$38,$17,$21,$21,$21,$76,$57,$105,107,$0.20,$0.20,$631,$0,$0,$1035,$331,$2568,$874,$672,$4521,$5556,$2006,$0,$1567,$1567,$3572,$0,$91,$-193,$1984,$5556,$38,$57,$331,$388,$-12,$0,$-66,$-309,$-390,$36,$-40,$0,$0,$0,$46,$46,$28,$34,$-14,$0,$-14,$-0,$-0,$-19,$-128,$-161,$-98,$12,$-19
29,2011-06-30,13.07,$19.26,0.68,$36.69,0.36,$-0.54,0.0,$0.90,14.52,$1.00B,$2.05B,0.49,$0.00B,$2.03B,0.0,$3.89B,$3.89B,100.00%,$3.89B,$0.21B,5.38%,$3.89B,$0.21B,5.38%,$3.89B,$0.29B,7.41%,$3.89B,$0.16B,4.04%,$3.89B,$0.10B,2.49%,$0.10B,$2.03B,4.88%,$0.10B,$1.15B,8.74%,$0.10B,$5.78B,1.67%,$0.21B,$2.03B,10.51%,$927,$0,$927,$0,$293,$866,$61,$-12,$49,$17,$32,$32,$32,$80,$61,$105,107,$0.31,$0.30,$601,$0,$0,$999,$338,$2768,$878,$705,$4786,$5784,$2047,$0,$1708,$1708,$3756,$0,$76,$-132,$2028,$5784,$17,$38,$216,$254,$-5,$0,$-80,$-206,$-300,$-29,$-26,$0,$0,$0,$-88,$-88,$5,$-109,$-8,$0,$-8,$0,$0,$-13,$28,$8,$-128,$9,$-13
30,2011-03-31,13.72,$18.90,0.73,$37.15,0.37,$-0.63,0.0,$0.92,14.92,$1.17B,$2.09B,0.56,$0.00B,$1.99B,0.0,$3.93B,$3.93B,100.00%,$3.93B,$0.22B,5.55%,$3.93B,$0.22B,5.55%,$3.93B,$0.30B,7.58%,$3.93B,$0.17B,4.20%,$3.93B,$0.10B,2.52%,$0.10B,$1.99B,5.07%,$0.10B,$1.11B,9.22%,$0.10B,$5.91B,1.73%,$0.22B,$1.99B,11.17%,$932,$0,$932,$0,$283,$942,$-11,$-13,$-23,$-8,$-15,$-15,$-15,$9,$-11,$105,105,$-0.15,$-0.15,$755,$0,$0,$1170,$342,$2713,$880,$705,$4737,$5906,$2086,$0,$1832,$1832,$3918,$0,$50,$-141,$1988,$5906,$-15,$19,$134,$153,$-4,$0,$-58,$-106,$-189,$-51,$-12,$0,$0,$0,$-50,$-50,$-8,$-71,$-3,$0,$-3,$-2,$-2,$-6,$159,$147,$27,$5,$-6
