,Date,Stock Price,Book Value per Share,Price to Book Ratio,TTM Sales per Share,Price to Sales Ratio,TTM FCF per Share,Price to FCF Ratio,TTM Net EPS,PE Ratio,Current Assets,Current Liabilities,Current Ratio,Long Term Debt,Shareholder's Equity_x,Debt to Equity Ratio,TTM Revenue_x,TTM Gross Profit,Gross Margin,TTM Revenue_y,TTM Operating Income,Operating Margin,TTM Revenue_x,TTM EBIT,EBIT Margin,TTM Revenue_y,TTM EBITDA,EBITDA Margin,TTM Revenue_x,TTM Pre-Tax Income,Pre-Tax Margin,TTM Revenue_y,TTM Net Income_x,Net Margin,TTM Net Income_y,Shareholder's Equity_y,Return on Equity,TTM Net Income_x,Tangible Equity,Return on Tangible Equity,TTM Net Income_y,Total Assets,Return on Assets,TTM Net Income,LT Investments & Debt,Return on Investment,revenue,cost-goods-sold,gross-profit,research-development-expenses,selling-general-administrative-expenses,operating-expenses,operating-income,total-non-operating-income-expense,pre-tax-income,total-provision-income-taxes,income-after-taxes,income-from-continuous-operations,net-income,ebitda,ebit,basic-shares-outstanding,shares-outstanding,eps-basic-net-earnings-per-share,eps-earnings-per-share-diluted,cash-on-hand,inventory,other-current-assets,total-current-assets,net-property-plant-equipment,long-term-investments,goodwill-intangible-assets-total,other-long-term-assets,total-long-term-assets,total-assets,total-current-liabilities,long-term-debt,other-non-current-liabilities,total-long-term-liabilities,total-liabilities,common-stock-net,retained-earnings-accumulated-deficit,comprehensive-income,total-share-holder-equity,total-liabilities-share-holders-equity,net-income-loss,total-depreciation-amortization-cash-flow,other-non-cash-items,total-non-cash-items,change-in-accounts-receivable,change-in-inventories,change-in-accounts-payable,change-in-assets-liabilities,total-change-in-assets-liabilities,cash-flow-from-operating-activities,net-change-in-property-plant-equipment,net-change-in-intangible-assets,net-acquisitions-divestitures,net-change-in-short-term-investments,net-change-in-long-term-investments,net-change-in-investments-total,investing-activities-other,cash-flow-from-investing-activities,net-long-term-debt,net-current-debt,debt-issuance-retirement-net-total,net-common-equity-issued-repurchased,net-total-equity-issued-repurchased,total-common-preferred-stock-dividends-paid,financial-activities-other,cash-flow-from-financial-activities,net-cash-flow,stock-based-compensation,common-stock-dividends-paid
0,2017-12-31,21.29,$9.43,2.26,$10.09,2.11,$0.77,27.54,$1.06,20.08,$0.64B,$0.10B,6.24,$0.00B,$0.61B,0.0,$0.63B,$0.16B,25.16%,$0.63B,$0.04B,6.85%,$0.63B,$0.04B,6.85%,$0.63B,$0.05B,7.64%,$0.63B,$0.08B,12.42%,$0.63B,$0.07B,10.99%,$0.07B,$0.61B,12.20%,$0.07B,$0.59B,12.72%,$0.07B,$0.73B,9.74%,$0.04B,$0.61B,7.60%,$114,$70,$44,$0,$26,$96,$18,$13,$31,$10,$22,$29,$28,$11,$18,$65,65,$0.44,$0.44,$452,$0,$7,$635,$4,$62,$20,$7,$93,$728,$102,$0,$11,$13,$115,$1,$226,$-14,$613,$728,$69,$7,$-41,$-34,$-22,$0,$21,$-12,$-12,$23,$-3,$0,$-3,$73,$0,$73,$-70,$-4,$0,$0,$0,$41,$41,$-21,$-12,$7,$25,$0,$-21
1,2017-09-30,12.27,$0.00,0.0,$11.71,1.05,$0.63,19.36,$0.94,13.05,$0.67B,$0.16B,4.23,$0.00B,$0.59B,0.0,$0.72B,$0.17B,23.02%,$0.72B,$0.04B,5.27%,$0.72B,$0.04B,5.27%,$0.72B,$0.04B,6.10%,$0.72B,$0.07B,9.85%,$0.72B,$0.06B,8.04%,$0.06B,$0.59B,10.85%,$0.06B,$0.56B,11.37%,$0.06B,$0.76B,8.55%,$0.04B,$0.59B,7.11%,$147,$102,$45,$0,$26,$128,$19,$8,$27,$9,$19,$26,$26,$14,$19,$65,65,$0.40,$0.40,$414,$0,$50,$668,$5,$52,$23,$4,$90,$758,$158,$0,$11,$14,$172,$1,$203,$-13,$586,$758,$48,$6,$-28,$-22,$0,$0,$0,$-12,$-12,$14,$-2,$0,$2,$101,$0,$101,$-111,$-10,$0,$0,$0,$32,$32,$-5,$3,$30,$32,$0,$-5
2,2017-06-30,8.35,$0.00,0.0,$12.07,0.69,$0.37,22.71,$0.75,11.14,$0.61B,$0.12B,4.91,$0.00B,$0.56B,0.0,$0.74B,$0.17B,22.36%,$0.74B,$0.03B,3.52%,$0.74B,$0.03B,3.52%,$0.74B,$0.03B,4.47%,$0.74B,$0.05B,7.32%,$0.74B,$0.05B,6.23%,$0.05B,$0.56B,8.97%,$0.05B,$0.54B,9.45%,$0.05B,$0.70B,7.19%,$0.03B,$0.56B,5.07%,$104,$65,$39,$0,$29,$94,$10,$9,$19,$7,$12,$21,$21,$12,$10,$62,63,$0.35,$0.37,$456,$0,$70,$610,$5,$48,$24,$4,$86,$696,$124,$0,$11,$13,$137,$1,$183,$-11,$559,$696,$30,$4,$-18,$-14,$0,$0,$0,$1,$1,$17,$-1,$0,$2,$76,$0,$76,$-59,$18,$0,$0,$0,$5,$5,$-5,$30,$29,$64,$0,$-5
3,2017-03-31,8.3,$0.00,0.0,$12.38,0.67,$-0.03,0.0,$0.51,16.27,$0.57B,$0.13B,4.26,$0.00B,$0.50B,0.0,$0.75B,$0.16B,21.63%,$0.75B,$0.01B,1.87%,$0.75B,$0.01B,1.87%,$0.75B,$0.02B,2.67%,$0.75B,$0.03B,4.14%,$0.75B,$0.03B,4.01%,$0.03B,$0.50B,6.04%,$0.03B,$0.48B,6.39%,$0.03B,$0.65B,4.84%,$0.01B,$0.50B,2.82%,$162,$119,$43,$0,$30,$149,$13,$9,$21,$8,$13,$17,$17,$11,$13,$62,62,$0.27,$0.27,$443,$0,$14,$571,$4,$45,$25,$4,$80,$651,$134,$0,$11,$13,$146,$1,$160,$-10,$504,$651,$9,$2,$-3,$-1,$0,$0,$0,$-7,$-7,$1,$-0,$0,$-1,$23,$0,$23,$-4,$17,$0,$0,$0,$1,$1,$0,$0,$1,$19,$0,$0
4,2016-12-31,7.96,$8.42,0.95,$11.21,0.71,$0.01,0.0,$0.39,20.41,$0.53B,$0.11B,4.95,$0.00B,$0.49B,0.0,$0.68B,$0.16B,23.19%,$0.68B,$0.00B,0.30%,$0.68B,$0.00B,0.30%,$0.68B,$0.01B,1.03%,$0.68B,$0.02B,3.10%,$0.68B,$0.02B,3.40%,$0.02B,$0.49B,4.56%,$0.02B,$0.46B,4.82%,$0.02B,$0.61B,3.74%,$0.00B,$0.49B,0.40%,$149,$110,$40,$0,$29,$139,$11,$16,$27,$7,$19,$21,$21,$7,$11,$62,64,$0.34,$0.32,$442,$0,$10,$532,$5,$42,$26,$4,$78,$610,$108,$0,$10,$13,$120,$1,$147,$-9,$490,$610,$24,$5,$-20,$-15,$-39,$0,$18,$24,$4,$13,$-2,$-9,$4,$-99,$0,$-99,$-2,$-108,$0,$0,$0,$0,$0,$0,$-31,$-31,$-126,$1,$0
5,2016-09-30,7.4,$0.00,0.0,$10.13,0.73,$0.52,14.13,$0.35,21.15,$0.52B,$0.09B,5.69,$0.00B,$0.50B,0.0,$0.61B,$0.15B,24.80%,$0.61B,$0.01B,2.12%,$0.61B,$0.01B,2.12%,$0.61B,$0.02B,2.77%,$0.61B,$0.02B,3.10%,$0.61B,$0.02B,3.59%,$0.02B,$0.50B,4.28%,$0.02B,$0.47B,4.51%,$0.02B,$0.60B,3.56%,$0.01B,$0.50B,2.53%,$213,$177,$36,$0,$27,$204,$9,$2,$11,$4,$7,$9,$10,$3,$9,$58,61,$0.17,$0.17,$437,$0,$10,$521,$5,$42,$29,$4,$81,$602,$92,$0,$11,$13,$104,$1,$143,$-12,$498,$602,$13,$3,$-10,$-7,$0,$0,$0,$-10,$-10,$-4,$-1,$-9,$4,$-89,$0,$-89,$-1,$-97,$0,$0,$0,$0,$0,$0,$-32,$-32,$-133,$1,$0
6,2016-06-30,6.84,$0.00,0.0,$9.06,0.75,$0.88,7.77,$0.38,17.99,$0.53B,$0.11B,4.96,$0.00B,$0.50B,0.0,$0.55B,$0.14B,25.05%,$0.55B,$0.02B,2.93%,$0.55B,$0.02B,2.93%,$0.55B,$0.02B,3.29%,$0.55B,$0.02B,4.20%,$0.55B,$0.02B,4.39%,$0.02B,$0.50B,4.61%,$0.02B,$0.47B,4.84%,$0.02B,$0.62B,3.89%,$0.02B,$0.50B,3.07%,$197,$150,$47,$0,$42,$192,$5,$7,$12,$3,$9,$11,$10,$-1,$5,$58,60,$0.18,$0.16,$459,$0,$11,$533,$5,$42,$30,$4,$82,$616,$108,$0,$11,$13,$120,$1,$139,$-11,$495,$616,$8,$1,$-6,$-5,$0,$0,$0,$-11,$-11,$-8,$-1,$-3,$4,$-92,$0,$-92,$-1,$-92,$0,$0,$0,$0,$0,$0,$-11,$-11,$-111,$1,$0
7,2016-03-31,7.71,$0.00,0.0,$8.20,0.94,$1.16,6.65,$0.51,15.12,$0.56B,$0.09B,6.46,$0.00B,$0.53B,0.0,$0.50B,$0.13B,25.25%,$0.50B,$0.02B,4.24%,$0.50B,$0.02B,4.24%,$0.50B,$0.02B,4.85%,$0.50B,$0.03B,6.26%,$0.50B,$0.03B,6.46%,$0.03B,$0.53B,6.04%,$0.03B,$0.51B,6.32%,$0.03B,$0.63B,5.20%,$0.02B,$0.53B,3.96%,$179,$137,$42,$0,$41,$178,$1,$3,$4,$1,$3,$5,$5,$-2,$1,$58,61,$0.08,$0.08,$495,$0,$9,$559,$5,$43,$22,$4,$75,$634,$87,$0,$11,$13,$100,$1,$138,$-11,$534,$634,$2,$1,$-3,$-2,$0,$0,$0,$3,$3,$4,$-0,$0,$1,$-83,$0,$-83,$-0,$-83,$0,$0,$0,$0,$0,$0,$-0,$-0,$-79,$0,$0
8,2015-12-31,8.92,$0.00,0.0,$7.42,1.2,$1.10,8.14,$0.55,16.22,$0.54B,$0.08B,7.19,$0.00B,$0.53B,0.0,$0.45B,$0.12B,25.73%,$0.45B,$0.02B,5.37%,$0.45B,$0.02B,5.37%,$0.45B,$0.03B,6.04%,$0.45B,$0.03B,7.61%,$0.45B,$0.03B,7.61%,$0.03B,$0.53B,6.45%,$0.03B,$0.51B,6.76%,$0.03B,$0.62B,5.62%,$0.02B,$0.53B,4.55%,$160,$123,$37,$0,$38,$162,$-1,$5,$4,$0,$3,$5,$5,$17,$-1,$58,60,$0.08,$0.08,$488,$0,$9,$542,$0,$44,$24,$4,$72,$620,$75,$0,$11,$14,$90,$1,$135,$0,$530,$620,$33,$5,$0,$5,$0,$0,$0,$0,$11,$43,$-1,$0,$2,$0,$0,$-205,$29,$-175,$0,$0,$0,$0,$-1,$-0,$-21,$-22,$-152,$0,$0
9,2015-09-30,7.36,$0.00,0.0,$7.20,1.02,$1.19,6.18,$0.50,14.71,$0.53B,$0.06B,8.63,$0.00B,$0.53B,0.0,$0.42B,$0.10B,23.56%,$0.42B,$0.01B,2.16%,$0.42B,$0.01B,2.16%,$0.42B,$0.01B,3.37%,$0.42B,$0.03B,6.97%,$0.42B,$0.03B,6.97%,$0.03B,$0.53B,5.48%,$0.03B,$0.50B,5.75%,$0.03B,$0.60B,4.83%,$0.01B,$0.53B,1.70%,$141,$110,$31,$0,$34,$144,$-3,$4,$1,$0,$1,$2,$3,$4,$-3,$58,60,$0.05,$0.05,$457,$0,$3,$528,$0,$38,$24,$4,$67,$601,$61,$0,$10,$14,$75,$1,$145,$0,$525,$601,$24,$4,$0,$4,$0,$0,$0,$0,$-5,$17,$-1,$0,$2,$0,$0,$105,$-194,$-88,$0,$0,$0,$0,$-1,$-0,$-21,$-23,$-93,$0,$0
10,2015-06-30,8.49,$0.00,0.0,$7.08,1.2,$1.51,5.61,$0.50,16.98,$0.53B,$0.06B,8.48,$0.00B,$0.53B,0.0,$0.39B,$0.09B,23.27%,$0.39B,$0.01B,1.28%,$0.39B,$0.01B,1.28%,$0.39B,$0.01B,2.56%,$0.39B,$0.03B,6.65%,$0.39B,$0.03B,7.16%,$0.03B,$0.53B,5.26%,$0.03B,$0.51B,5.53%,$0.03B,$0.61B,4.66%,$0.01B,$0.53B,0.94%,$133,$91,$42,$0,$26,$117,$16,$5,$10,$1,$8,$9,$9,$5,$16,$57,61,$0.15,$0.14,$458,$0,$24,$533,$0,$39,$25,$2,$67,$607,$63,$0,$10,$14,$77,$1,$142,$0,$530,$607,$17,$3,$0,$3,$0,$0,$0,$0,$-6,$8,$-0,$0,$0,$0,$0,$-89,$55,$-34,$0,$0,$0,$0,$0,$-0,$-17,$-18,$-43,$0,$0
11,2015-03-31,8.3,$0.00,0.0,$6.91,1.2,$1.80,4.62,$0.47,17.66,$0.52B,$0.05B,9.77,$0.00B,$0.53B,0.0,$0.37B,$0.09B,23.84%,$0.37B,$0.00B,1.10%,$0.37B,$0.00B,1.10%,$0.37B,$0.01B,2.74%,$0.37B,$0.02B,6.30%,$0.37B,$0.02B,6.58%,$0.02B,$0.53B,4.52%,$0.02B,$0.50B,4.76%,$0.02B,$0.59B,4.01%,$0.00B,$0.53B,0.75%,$113,$86,$27,$0,$24,$109,$4,$4,$8,$1,$7,$7,$7,$1,$4,$58,60,$0.11,$0.11,$427,$0,$43,$519,$0,$37,$26,$2,$65,$592,$53,$0,$9,$13,$66,$1,$129,$0,$525,$592,$5,$1,$0,$1,$0,$0,$0,$0,$0,$-1,$0,$0,$0,$0,$0,$-3,$0,$-3,$0,$0,$0,$0,$0,$0,$-18,$-18,$-21,$0,$0
12,2014-12-31,6.37,$0.00,0.0,$6.85,0.93,$1.96,3.25,$0.52,12.26,$0.53B,$0.05B,9.84,$0.00B,$0.54B,0.0,$0.35B,$0.09B,24.78%,$0.35B,$0.01B,1.73%,$0.35B,$0.01B,1.73%,$0.35B,$0.01B,3.75%,$0.35B,$0.03B,7.49%,$0.35B,$0.03B,7.49%,$0.03B,$0.54B,4.92%,$0.03B,$0.51B,5.16%,$0.03B,$0.60B,4.36%,$0.01B,$0.54B,1.13%,$108,$83,$25,$0,$22,$105,$4,$8,$12,$2,$10,$13,$13,$4,$4,$58,60,$0.22,$0.21,$451,$0,$37,$532,$0,$35,$27,$2,$64,$604,$54,$0,$9,$13,$67,$1,$123,$0,$537,$604,$27,$7,$0,$7,$0,$0,$0,$0,$0,$42,$-1,$0,$-10,$0,$0,$-69,$8,$-72,$0,$0,$0,$0,$1,$0,$-2,$-1,$-30,$0,$0
13,2014-09-30,5.29,$0.00,0.0,$6.56,0.81,$1.64,3.22,$0.51,10.37,$0.53B,$0.05B,10.03,$0.00B,$0.54B,0.0,$0.33B,$0.08B,24.92%,$0.33B,$0.00B,1.22%,$0.33B,$0.00B,1.22%,$0.33B,$0.01B,3.04%,$0.33B,$0.03B,8.21%,$0.33B,$0.03B,7.90%,$0.03B,$0.54B,4.96%,$0.03B,$0.51B,5.18%,$0.03B,$0.60B,4.40%,$0.00B,$0.54B,0.76%,$93,$72,$21,$0,$21,$93,$0,$4,$4,$1,$3,$5,$5,$0,$0,$58,60,$0.09,$0.09,$446,$0,$37,$529,$0,$34,$28,$2,$65,$602,$53,$0,$8,$13,$65,$1,$123,$0,$537,$602,$22,$4,$0,$4,$0,$0,$0,$0,$0,$31,$-1,$0,$0,$0,$0,$-86,$11,$-76,$0,$0,$0,$0,$1,$0,$-2,$-1,$-46,$0,$0
14,2014-06-30,6.6,$0.00,0.0,$6.21,1.06,$1.22,5.38,$0.49,13.46,$0.53B,$0.06B,8.56,$0.00B,$0.53B,0.0,$0.31B,$0.08B,26.05%,$0.31B,$0.00B,1.29%,$0.31B,$0.00B,1.29%,$0.31B,$0.01B,3.86%,$0.31B,$0.03B,8.36%,$0.31B,$0.03B,8.04%,$0.03B,$0.53B,4.83%,$0.03B,$0.50B,5.03%,$0.03B,$0.60B,4.30%,$0.00B,$0.53B,0.77%,$102,$76,$25,$0,$25,$101,$1,$5,$5,$1,$4,$4,$4,$5,$1,$51,52,$0.09,$0.09,$422,$0,$39,$526,$0,$33,$28,$2,$63,$599,$62,$0,$8,$12,$73,$1,$116,$0,$525,$599,$16,$4,$0,$4,$0,$0,$0,$0,$0,$21,$-0,$0,$0,$0,$0,$-58,$-10,$-68,$0,$0,$0,$0,$1,$0,$0,$1,$-45,$0,$0
15,2014-03-31,7.21,$0.00,0.0,$5.95,1.21,$0.84,8.57,$0.38,18.98,$0.52B,$0.06B,9.55,$0.00B,$0.52B,0.0,$0.30B,$0.08B,26.17%,$0.30B,$0.00B,0.34%,$0.30B,$0.00B,0.34%,$0.30B,$0.01B,3.02%,$0.30B,$0.02B,7.05%,$0.30B,$0.02B,6.38%,$0.02B,$0.52B,3.72%,$0.02B,$0.50B,3.85%,$0.02B,$0.58B,3.33%,$0.00B,$0.52B,0.20%,$88,$68,$20,$0,$20,$88,$0,$5,$5,$1,$4,$6,$6,$4,$0,$50,50,$0.11,$0.11,$409,$0,$51,$521,$0,$31,$17,$2,$51,$582,$55,$0,$8,$12,$67,$1,$107,$0,$516,$582,$7,$2,$0,$2,$0,$0,$0,$0,$-1,$8,$-0,$0,$0,$0,$0,$-8,$-12,$-21,$0,$0,$0,$0,$0,$0,$0,$0,$-11,$0,$0
16,2013-12-31,5.81,$0.00,0.0,$5.74,1.01,$0.64,9.01,$0.31,18.73,$0.52B,$0.05B,10.48,$0.00B,$0.52B,0.0,$0.29B,$0.08B,26.04%,$0.29B,$-0.00B,-0.35%,$0.29B,$-0.00B,-0.35%,$0.29B,$0.01B,2.43%,$0.29B,$0.02B,6.25%,$0.29B,$0.02B,5.21%,$0.02B,$0.52B,2.97%,$0.02B,$0.50B,3.08%,$0.02B,$0.58B,2.67%,$-0.00B,$0.52B,-0.20%,$82,$61,$21,$0,$18,$79,$3,$6,$9,$1,$8,$9,$9,$1,$3,$50,50,$0.18,$0.18,$422,$0,$64,$518,$0,$31,$18,$2,$52,$582,$49,$0,$8,$12,$62,$1,$102,$0,$520,$582,$17,$7,$0,$7,$0,$0,$0,$0,$1,$30,$-6,$0,$-0,$0,$0,$-42,$-20,$-68,$0,$0,$0,$0,$0,$0,$1,$1,$-39,$0,$0
17,2013-09-30,5.05,$0.00,0.0,$5.46,0.92,$0.64,7.92,$0.29,17.41,$0.50B,$0.04B,11.53,$0.00B,$0.51B,0.0,$0.27B,$0.07B,26.28%,$0.27B,$-0.00B,-0.36%,$0.27B,$-0.00B,-0.36%,$0.27B,$0.01B,2.19%,$0.27B,$0.02B,6.20%,$0.27B,$0.01B,5.11%,$0.01B,$0.51B,2.83%,$0.01B,$0.49B,2.94%,$0.01B,$0.56B,2.53%,$-0.00B,$0.51B,-0.20%,$75,$55,$20,$0,$18,$73,$2,$5,$7,$1,$6,$7,$7,$2,$2,$50,50,$0.14,$0.14,$409,$0,$42,$499,$0,$30,$18,$3,$53,$564,$43,$0,$8,$12,$56,$1,$98,$0,$508,$564,$12,$6,$0,$6,$0,$0,$0,$0,$-6,$15,$-6,$0,$0,$0,$0,$-36,$-14,$-56,$0,$0,$0,$0,$1,$0,$0,$1,$-42,$0,$0
18,2013-06-30,5.8,$0.00,0.0,$5.33,1.09,$0.87,6.7,$0.27,21.47,$0.49B,$0.04B,11.86,$0.00B,$0.50B,0.0,$0.27B,$0.07B,26.12%,$0.27B,$-0.00B,-0.37%,$0.27B,$-0.00B,-0.37%,$0.27B,$0.01B,2.24%,$0.27B,$0.02B,6.72%,$0.27B,$0.01B,4.85%,$0.01B,$0.50B,2.65%,$0.01B,$0.48B,2.76%,$0.01B,$0.56B,2.37%,$-0.00B,$0.50B,-0.20%,$84,$63,$21,$0,$21,$84,$-1,$3,$6,$2,$4,$4,$4,$2,$-1,$50,50,$0.08,$0.08,$417,$0,$26,$490,$0,$29,$19,$3,$52,$555,$41,$0,$8,$12,$54,$1,$93,$0,$501,$555,$7,$4,$0,$4,$0,$0,$0,$0,$-6,$7,$-5,$0,$0,$0,$0,$-38,$2,$-41,$0,$0,$0,$0,$0,$0,$0,$0,$-34,$0,$0
19,2013-03-31,5.8,$0.00,0.0,$5.24,1.11,$1.05,5.54,$0.30,19.33,$0.48B,$0.05B,10.76,$0.00B,$0.49B,0.0,$0.26B,$0.08B,28.41%,$0.26B,$0.00B,0.76%,$0.26B,$0.00B,0.76%,$0.26B,$0.01B,3.03%,$0.26B,$0.02B,7.95%,$0.26B,$0.02B,5.68%,$0.02B,$0.49B,3.10%,$0.02B,$0.47B,3.24%,$0.02B,$0.55B,2.77%,$0.00B,$0.49B,0.41%,$70,$52,$19,$0,$18,$70,$0,$4,$4,$1,$4,$5,$5,$2,$0,$50,50,$0.09,$0.09,$413,$0,$22,$482,$0,$28,$19,$3,$51,$547,$45,$0,$8,$12,$57,$1,$88,$0,$490,$547,$4,$2,$0,$2,$0,$0,$0,$0,$-8,$-1,$-1,$0,$0,$0,$0,$-15,$6,$-10,$0,$0,$0,$0,$0,$0,$0,$0,$-11,$0,$0
20,2012-12-31,6.3,$0.00,0.0,$5.02,1.26,$1.09,5.77,$0.40,15.75,$0.48B,$0.05B,9.4,$0.00B,$0.48B,0.0,$0.25B,$0.08B,30.83%,$0.25B,$0.01B,3.16%,$0.25B,$0.01B,3.16%,$0.25B,$0.01B,5.53%,$0.25B,$0.03B,10.67%,$0.25B,$0.02B,8.30%,$0.02B,$0.48B,4.40%,$0.02B,$0.46B,4.59%,$0.02B,$0.55B,3.92%,$0.01B,$0.48B,1.68%,$69,$51,$18,$0,$18,$69,$0,$4,$4,$1,$3,$3,$3,$0,$0,$50,50,$0.07,$0.07,$407,$0,$42,$481,$0,$27,$19,$3,$50,$546,$51,$0,$8,$12,$63,$1,$85,$0,$483,$546,$20,$7,$0,$7,$0,$0,$0,$0,$-11,$25,$-2,$0,$0,$0,$0,$5,$35,$38,$0,$0,$0,$0,$-1,$0,$-12,$-14,$49,$0,$0
21,2012-09-30,5.58,$0.00,0.0,$4.95,1.13,$2.12,2.63,$-1.94,0.0,$0.49B,$0.05B,10.27,$0.00B,$0.49B,0.0,$0.25B,$0.09B,34.00%,$0.25B,$0.01B,5.20%,$0.25B,$0.01B,5.20%,$0.25B,$0.02B,8.00%,$0.25B,$-0.13B,-53.20%,$0.25B,$-0.10B,-38.40%,$-0.10B,$0.49B,-20.38%,$-0.10B,$0.47B,-21.31%,$-0.10B,$0.54B,-18.12%,$0.01B,$0.49B,2.76%,$65,$48,$17,$0,$17,$64,$0,$3,$4,$1,$3,$3,$3,$2,$0,$50,50,$0.07,$0.07,$429,$0,$25,$485,$0,$27,$20,$1,$48,$544,$47,$0,$8,$12,$59,$1,$83,$0,$485,$544,$17,$5,$0,$5,$0,$0,$0,$0,$-7,$22,$-1,$0,$0,$0,$0,$5,$50,$54,$0,$0,$0,$0,$0,$0,$-1,$-1,$74,$0,$0
22,2012-06-30,6.58,$0.00,0.0,$4.86,1.35,$2.66,2.47,$-1.77,0.0,$0.47B,$0.04B,10.75,$0.00B,$0.48B,0.0,$0.25B,$0.10B,39.84%,$0.25B,$0.02B,9.76%,$0.25B,$0.02B,9.76%,$0.25B,$0.03B,13.01%,$0.25B,$-0.12B,-50.00%,$0.25B,$-0.09B,-35.77%,$-0.09B,$0.48B,-17.51%,$-0.09B,$0.46B,-19.97%,$-0.09B,$0.53B,-15.77%,$0.02B,$0.48B,4.78%,$70,$52,$18,$0,$20,$71,$-1,$4,$5,$2,$3,$3,$3,$4,$-1,$50,50,$0.06,$0.06,$393,$0,$48,$471,$0,$26,$20,$1,$47,$531,$44,$0,$7,$12,$56,$1,$78,$0,$475,$531,$14,$3,$0,$3,$0,$0,$0,$0,$-11,$12,$-1,$0,$-0,$0,$0,$5,$27,$31,$0,$0,$0,$0,$0,$0,$-1,$-1,$41,$0,$0
23,2012-03-31,6.01,$0.00,0.0,$4.81,1.25,$3.17,1.9,$-1.57,0.0,$0.46B,$0.04B,10.48,$0.00B,$0.47B,0.0,$0.24B,$0.11B,43.21%,$0.24B,$0.04B,15.23%,$0.24B,$0.04B,15.23%,$0.24B,$0.05B,18.93%,$0.24B,$-0.11B,-46.09%,$0.24B,$-0.08B,-31.69%,$-0.08B,$0.47B,-14.48%,$-0.08B,$0.45B,-17.89%,$-0.08B,$0.52B,-13.17%,$0.04B,$0.47B,6.96%,$64,$47,$17,$0,$17,$64,$0,$4,$5,$2,$3,$4,$4,$8,$0,$50,50,$0.07,$0.07,$377,$0,$58,$463,$0,$25,$21,$1,$47,$523,$44,$0,$7,$12,$56,$1,$74,$0,$467,$523,$8,$2,$0,$2,$0,$0,$0,$0,$-10,$0,$-0,$0,$0,$0,$0,$2,$17,$19,$0,$0,$0,$0,$0,$0,$1,$1,$20,$0,$0
24,2011-12-31,6.65,$0.00,0.0,$4.68,1.42,$3.51,1.89,$-1.02,0.0,$0.46B,$0.05B,8.83,$0.00B,$0.46B,0.0,$0.24B,$0.11B,45.99%,$0.24B,$0.05B,18.99%,$0.24B,$0.05B,18.99%,$0.24B,$0.05B,22.78%,$0.24B,$-0.11B,-45.15%,$0.24B,$-0.05B,-20.68%,$-0.05B,$0.46B,-8.79%,$-0.05B,$0.44B,-11.75%,$-0.05B,$0.52B,-8.09%,$0.05B,$0.46B,8.08%,$65,$42,$23,$0,$20,$62,$3,$4,$7,$2,$4,$5,$5,$6,$3,$50,50,$0.10,$0.10,$360,$0,$74,$461,$0,$24,$22,$1,$47,$521,$52,$0,$7,$12,$64,$1,$65,$0,$457,$521,$-98,$9,$0,$9,$0,$0,$0,$0,$14,$78,$-3,$0,$54,$0,$0,$-5,$-53,$-7,$0,$0,$0,$0,$-1,$0,$-19,$-21,$47,$0,$0
25,2011-09-30,6.73,$0.00,0.0,$4.72,1.43,$3.06,2.2,$1.63,4.13,$0.43B,$0.04B,11.34,$0.00B,$0.61B,0.0,$0.24B,$0.07B,30.25%,$0.24B,$0.06B,24.37%,$0.24B,$0.06B,24.37%,$0.24B,$0.07B,27.31%,$0.24B,$0.07B,29.83%,$0.24B,$0.08B,34.87%,$0.08B,$0.61B,14.40%,$0.08B,$0.43B,21.17%,$0.08B,$0.66B,13.35%,$0.06B,$0.61B,10.07%,$54,$34,$20,$0,$14,$47,$6,$4,$10,$2,$8,$9,$9,$14,$6,$50,50,$0.17,$0.17,$390,$0,$3,$433,$0,$23,$185,$1,$210,$657,$38,$0,$2,$8,$46,$1,$203,$0,$611,$657,$64,$6,$0,$6,$0,$0,$0,$0,$7,$51,$-3,$0,$54,$0,$0,$-5,$-0,$46,$0,$0,$0,$0,$-1,$0,$-12,$-14,$81,$0,$0
26,2011-06-30,14.16,$0.00,0.0,$4.66,3.04,$2.11,6.71,$1.71,8.28,$0.42B,$0.04B,11.28,$0.00B,$0.59B,0.0,$0.24B,$0.07B,30.93%,$0.24B,$0.07B,27.54%,$0.24B,$0.07B,27.54%,$0.24B,$0.07B,29.24%,$0.24B,$0.08B,31.78%,$0.24B,$0.09B,36.86%,$0.09B,$0.59B,15.85%,$0.09B,$0.41B,23.56%,$0.09B,$0.64B,14.61%,$0.07B,$0.59B,11.85%,$67,$41,$25,$0,$22,$63,$4,$-163,$-155,$3,$-158,$-109,$-114,$18,$4,$50,50,$-2.28,$-2.28,$382,$0,$3,$421,$0,$22,$179,$1,$202,$637,$37,$0,$2,$7,$45,$1,$188,$0,$592,$637,$52,$4,$0,$4,$0,$0,$0,$0,$11,$38,$-2,$0,$61,$0,$0,$-2,$0,$57,$0,$0,$0,$0,$-0,$0,$-12,$-13,$81,$0,$0
27,2011-03-31,12.46,$0.00,0.0,$4.56,2.73,$1.39,8.96,$1.77,7.04,$0.40B,$0.03B,12.44,$0.00B,$0.57B,0.0,$0.23B,$0.10B,42.54%,$0.23B,$0.07B,28.51%,$0.23B,$0.07B,28.51%,$0.23B,$0.07B,29.39%,$0.23B,$0.08B,34.21%,$0.23B,$0.09B,38.60%,$0.09B,$0.57B,17.86%,$0.09B,$0.39B,27.65%,$0.09B,$0.61B,16.23%,$0.07B,$0.57B,13.19%,$60,$30,$30,$0,$19,$49,$11,$4,$15,$3,$12,$12,$12,$16,$11,$50,51,$0.25,$0.24,$360,$0,$2,$395,$0,$22,$177,$1,$200,$608,$32,$0,$1,$7,$39,$1,$170,$0,$569,$608,$36,$2,$0,$2,$0,$0,$0,$0,$8,$18,$-0,$0,$0,$0,$0,$-7,$60,$53,$0,$0,$0,$0,$-1,$0,$-12,$-13,$58,$0,$0
28,2010-12-31,16.62,$0.00,0.0,$4.50,3.69,$1.05,15.89,$1.26,13.19,$0.35B,$0.04B,7.99,$0.00B,$0.53B,0.0,$0.22B,$0.11B,51.58%,$0.22B,$0.06B,28.05%,$0.22B,$0.06B,28.05%,$0.22B,$0.06B,28.05%,$0.22B,$0.08B,34.39%,$0.22B,$0.06B,27.60%,$0.06B,$0.53B,14.02%,$0.06B,$0.34B,21.96%,$0.06B,$0.58B,12.60%,$0.06B,$0.53B,14.25%,$62,$32,$30,$0,$14,$46,$16,$2,$18,$4,$15,$16,$16,$17,$16,$50,50,$0.31,$0.30,$293,$0,$19,$349,$0,$21,$197,$1,$220,$584,$44,$0,$1,$7,$51,$1,$112,$0,$533,$584,$63,$8,$0,$8,$0,$0,$0,$0,$-12,$56,$-3,$0,$-47,$0,$0,$-6,$-4,$-61,$0,$0,$0,$0,$109,$-12,$-19,$77,$71,$0,$0
29,2010-09-30,22.35,$0.00,0.0,$4.32,5.17,$0.71,31.31,$1.18,18.94,$0.35B,$0.05B,7.75,$0.00B,$0.50B,0.0,$0.21B,$0.15B,74.15%,$0.21B,$0.06B,29.76%,$0.21B,$0.06B,29.76%,$0.21B,$0.06B,29.76%,$0.21B,$0.07B,34.15%,$0.21B,$0.06B,27.32%,$0.06B,$0.50B,14.67%,$0.06B,$0.34B,22.29%,$0.06B,$0.55B,12.99%,$0.06B,$0.50B,15.98%,$48,$23,$24,$0,$11,$34,$14,$1,$15,$3,$12,$13,$37,$18,$14,$50,51,$0.73,$0.72,$299,$0,$7,$350,$0,$20,$166,$0,$187,$553,$45,$0,$1,$7,$52,$1,$112,$0,$501,$553,$0,$0,$0,$0,$0,$0,$0,$0,$0,$0,$0,$0,$0,$0,$0,$0,$0,$0,$0,$0,$0,$0,$0,$0,$0,$0,$0,$0,$0
30,2010-06-30,24.94,$0.00,0.0,$4.15,6.01,$0.71,34.95,$1.10,22.67,$0.24B,$0.05B,4.79,$0.00B,$0.37B,0.0,$0.19B,$0.14B,75.39%,$0.19B,$0.06B,29.32%,$0.19B,$0.06B,29.32%,$0.19B,$0.06B,29.32%,$0.19B,$0.07B,34.03%,$0.19B,$0.05B,26.70%,$0.05B,$0.37B,15.33%,$0.05B,$0.21B,22.30%,$0.05B,$0.42B,13.49%,$0.06B,$0.37B,16.83%,$68,$80,$-12,$0,$-30,$51,$17,$2,$23,$4,$19,$18,$18,$16,$17,$48,50,$0.38,$0.37,$190,$0,$13,$235,$0,$14,$158,$0,$173,$424,$49,$0,$1,$6,$56,$1,$79,$0,$368,$424,$0,$0,$0,$0,$0,$0,$0,$0,$0,$0,$0,$0,$0,$0,$0,$0,$0,$0,$0,$0,$0,$0,$0,$0,$0,$0,$0,$0,$0
31,2010-03-31,25.34,$0.00,0.0,$3.93,6.44,$0.92,27.47,$1.01,25.09,$0.24B,$0.03B,7.29,$0.00B,$0.34B,0.0,$0.18B,$0.11B,62.01%,$0.18B,$0.05B,29.05%,$0.18B,$0.05B,29.05%,$0.18B,$0.05B,29.05%,$0.18B,$0.06B,32.96%,$0.18B,$0.05B,25.70%,$0.05B,$0.34B,14.97%,$0.05B,$0.23B,20.20%,$0.05B,$0.38B,12.70%,$0.05B,$0.34B,16.92%,$58,$27,$31,$0,$13,$40,$18,$1,$19,$3,$16,$16,$16,$11,$18,$50,52,$0.33,$0.32,$199,$0,$6,$237,$0,$13,$108,$0,$122,$375,$33,$0,$0,$4,$37,$1,$76,$0,$338,$375,$0,$0,$0,$0,$0,$0,$0,$0,$0,$0,$0,$0,$0,$0,$0,$0,$0,$0,$0,$0,$0,$0,$0,$0,$0,$0,$0,$0,$0
32,2009-12-31,19.12,$0.00,0.0,$3.74,5.11,$0.92,20.73,$0.95,20.13,$0.25B,$0.05B,5.12,$0.00B,$0.32B,0.0,$0.17B,$0.08B,49.41%,$0.17B,$0.05B,28.24%,$0.17B,$0.05B,28.24%,$0.17B,$0.05B,28.24%,$0.17B,$0.05B,31.76%,$0.17B,$0.04B,25.29%,$0.04B,$0.32B,14.90%,$0.04B,$0.23B,18.53%,$0.04B,$0.37B,12.50%,$0.05B,$0.32B,16.64%,$54,$0,$54,$0,$38,$38,$16,$5,$21,$4,$17,$17,$17,$16,$16,$46,48,$0.38,$0.36,$214,$0,$13,$253,$0,$13,$90,$0,$104,$373,$49,$0,$0,$3,$53,$1,$51,$0,$320,$373,$41,$4,$0,$4,$0,$0,$0,$0,$-6,$38,$-7,$0,$-48,$0,$0,$-10,$27,$-38,$0,$0,$0,$0,$0,$-10,$2,$-8,$-8,$0,$0
33,2009-09-30,21.87,$0.00,0.0,$3.47,6.31,$0.87,25.26,$0.80,27.33,$0.26B,$0.03B,8.48,$0.00B,$0.31B,0.0,$0.16B,$0.04B,22.01%,$0.16B,$0.04B,24.53%,$0.16B,$0.04B,24.53%,$0.16B,$0.04B,24.53%,$0.16B,$0.05B,28.93%,$0.16B,$0.04B,22.64%,$0.04B,$0.31B,13.20%,$0.04B,$0.25B,15.30%,$0.04B,$0.34B,11.05%,$0.04B,$0.31B,14.30%,$41,$0,$41,$0,$31,$31,$11,$2,$13,$3,$10,$10,$10,$13,$11,$46,47,$0.22,$0.21,$230,$0,$12,$264,$0,$0,$60,$0,$61,$340,$31,$0,$0,$3,$34,$1,$42,$0,$305,$340,$0,$0,$0,$0,$0,$0,$0,$0,$0,$0,$0,$0,$0,$0,$0,$0,$0,$0,$0,$0,$0,$0,$0,$0,$0,$0,$0,$0,$0
34,2009-06-30,12.77,$0.00,0.0,$3.19,4.0,$0.87,14.75,$0.73,17.49,$0.29B,$0.06B,4.73,$0.00B,$0.27B,0.0,$0.15B,$0.04B,29.45%,$0.15B,$0.03B,23.29%,$0.15B,$0.03B,23.29%,$0.15B,$0.03B,23.29%,$0.15B,$0.04B,28.77%,$0.15B,$0.03B,22.60%,$0.03B,$0.27B,12.78%,$0.03B,$0.21B,14.16%,$0.03B,$0.36B,10.63%,$0.03B,$0.27B,13.17%,$52,$26,$26,$0,$10,$36,$16,$1,$17,$4,$13,$13,$13,$12,$16,$44,44,$0.30,$0.29,$256,$0,$11,$285,$0,$0,$60,$0,$61,$361,$60,$0,$4,$34,$95,$1,$31,$0,$266,$361,$17,$2,$0,$2,$0,$0,$0,$0,$-3,$14,$-5,$0,$-3,$0,$0,$0,$27,$19,$0,$0,$0,$0,$0,$0,$1,$1,$35,$0,$0
35,2009-03-31,6.91,$0.00,0.0,$2.95,2.34,$0.66,10.53,$0.65,10.64,$0.27B,$0.02B,11.39,$0.00B,$0.26B,0.0,$0.14B,$0.05B,39.26%,$0.14B,$0.03B,23.70%,$0.14B,$0.03B,23.70%,$0.14B,$0.03B,23.70%,$0.14B,$0.04B,28.89%,$0.14B,$0.03B,22.22%,$0.03B,$0.26B,11.95%,$0.03B,$0.25B,12.61%,$0.03B,$0.30B,10.42%,$0.03B,$0.26B,12.75%,$44,$20,$23,$0,$10,$31,$13,$1,$14,$3,$11,$11,$11,$7,$13,$46,46,$0.25,$0.24,$251,$0,$11,$273,$0,$0,$16,$1,$17,$302,$24,$0,$0,$15,$39,$1,$18,$0,$263,$302,$0,$0,$0,$0,$0,$0,$0,$0,$0,$0,$0,$0,$0,$0,$0,$0,$0,$0,$0,$0,$0,$0,$0,$0,$0,$0,$0,$0,$0
36,2008-12-31,8.25,$0.00,0.0,$2.69,3.06,$0.66,12.56,$0.61,13.52,$0.28B,$0.03B,9.87,$0.00B,$0.26B,0.0,$0.12B,$0.06B,47.54%,$0.12B,$0.03B,24.59%,$0.12B,$0.03B,24.59%,$0.12B,$0.03B,24.59%,$0.12B,$0.04B,31.15%,$0.12B,$0.03B,22.95%,$0.03B,$0.26B,11.61%,$0.03B,$0.24B,12.10%,$0.03B,$0.30B,10.24%,$0.03B,$0.26B,12.44%,$42,$21,$21,$0,$9,$30,$12,$3,$15,$4,$11,$12,$12,$7,$12,$46,46,$0.27,$0.27,$222,$0,$31,$275,$0,$0,$13,$0,$14,$300,$28,$0,$0,$15,$43,$1,$22,$0,$257,$300,$28,$1,$0,$1,$0,$0,$0,$0,$1,$37,$-7,$0,$-3,$0,$0,$0,$-27,$-38,$0,$-0,$0,$0,$0,$0,$3,$3,$-5,$0,$0
37,2008-09-30,8.44,$0.00,0.0,$2.31,3.65,$0.53,16.06,$0.65,12.99,$0.26B,$0.02B,12.04,$0.00B,$0.25B,0.0,$0.10B,$0.10B,100.00%,$0.10B,$0.05B,43.69%,$0.10B,$0.05B,43.69%,$0.10B,$0.05B,43.69%,$0.10B,$0.05B,49.51%,$0.10B,$0.03B,28.16%,$0.03B,$0.25B,12.57%,$0.03B,$0.24B,12.95%,$0.03B,$0.28B,11.38%,$0.05B,$0.25B,19.50%,$32,$18,$14,$0,$7,$25,$7,$2,$8,$2,$6,$7,$7,$8,$7,$46,46,$0.15,$0.15,$239,$0,$1,$259,$0,$0,$10,$1,$12,$279,$22,$0,$0,$11,$32,$1,$16,$0,$247,$279,$0,$0,$0,$0,$0,$0,$0,$0,$0,$0,$0,$0,$0,$0,$0,$0,$0,$0,$0,$0,$0,$0,$0,$0,$0,$0,$0,$0,$0
