,Date,Stock Price,Book Value per Share,Price to Book Ratio,TTM Sales per Share,Price to Sales Ratio,TTM FCF per Share,Price to FCF Ratio,TTM Net EPS,PE Ratio,Current Assets,Current Liabilities,Current Ratio,Long Term Debt,Shareholder's Equity_x,Debt to Equity Ratio,TTM Revenue_x,TTM Gross Profit,Gross Margin,TTM Revenue_y,TTM Operating Income,Operating Margin,TTM Revenue_x,TTM EBIT,EBIT Margin,TTM Revenue_y,TTM EBITDA,EBITDA Margin,TTM Revenue_x,TTM Pre-Tax Income,Pre-Tax Margin,TTM Revenue_y,TTM Net Income_x,Net Margin,TTM Net Income_y,Shareholder's Equity_y,Return on Equity,TTM Net Income_x,Tangible Equity,Return on Tangible Equity,TTM Net Income_y,Total Assets,Return on Assets,TTM Net Income,LT Investments & Debt,Return on Investment,revenue,cost-goods-sold,gross-profit,research-development-expenses,selling-general-administrative-expenses,operating-expenses,operating-income,total-non-operating-income-expense,pre-tax-income,total-provision-income-taxes,income-after-taxes,income-from-continuous-operations,net-income,ebitda,ebit,basic-shares-outstanding,shares-outstanding,eps-basic-net-earnings-per-share,eps-earnings-per-share-diluted,cash-on-hand,inventory,other-current-assets,total-current-assets,net-property-plant-equipment,long-term-investments,goodwill-intangible-assets-total,other-long-term-assets,total-long-term-assets,total-assets,total-current-liabilities,long-term-debt,other-non-current-liabilities,total-long-term-liabilities,total-liabilities,common-stock-net,retained-earnings-accumulated-deficit,comprehensive-income,total-share-holder-equity,total-liabilities-share-holders-equity,net-income-loss,total-depreciation-amortization-cash-flow,other-non-cash-items,total-non-cash-items,change-in-accounts-receivable,change-in-inventories,change-in-accounts-payable,change-in-assets-liabilities,total-change-in-assets-liabilities,cash-flow-from-operating-activities,net-change-in-property-plant-equipment,net-change-in-intangible-assets,net-acquisitions-divestitures,net-change-in-short-term-investments,net-change-in-long-term-investments,net-change-in-investments-total,investing-activities-other,cash-flow-from-investing-activities,net-long-term-debt,net-current-debt,debt-issuance-retirement-net-total,net-common-equity-issued-repurchased,net-total-equity-issued-repurchased,total-common-preferred-stock-dividends-paid,financial-activities-other,cash-flow-from-financial-activities,net-cash-flow,stock-based-compensation,common-stock-dividends-paid
0,2018-09-30,26.4,$13.11,2.01,$37.06,0.71,$-4.05,0.0,$-1.55,0.0,$0.19B,$0.21B,0.91,$0.00B,$0.22B,0.0,$0.62B,$0.21B,33.76%,$0.62B,$-0.00B,-0.48%,$0.62B,$-0.00B,-0.48%,$0.62B,$0.03B,4.66%,$0.62B,$-0.01B,-1.13%,$0.62B,$-0.02B,-3.70%,$-0.02B,$0.22B,-10.60%,$-0.02B,$0.16B,-15.54%,$-0.02B,$0.50B,-4.87%,$-0.00B,$0.22B,-1.38%,$147,$99,$48,$0,$46,$150,$-2,$-2,$-4,$-1,$-3,$-3,$-3,$6,$-2,$17,17,$-0.18,$-0.18,$8,$116,$0,$194,$191,$0,$67,$9,$309,$503,$213,$0,$7,$68,$281,$17,$217,$-67,$223,$503,$-3,$8,$7,$15,$-5,$-11,$13,$-7,$-11,$1,$-8,$0,$0,$0,$0,$0,$0,$-8,$12,$0,$12,$0,$0,$0,$0,$12,$6,$1,$0
1,2018-06-30,30.55,$13.51,2.26,$36.16,0.84,$-3.70,0.0,$-1.43,0.0,$0.17B,$0.18B,0.97,$0.00B,$0.23B,0.0,$0.61B,$0.21B,34.27%,$0.61B,$0.00B,0.16%,$0.61B,$0.00B,0.16%,$0.61B,$0.03B,5.27%,$0.61B,$-0.00B,-0.33%,$0.61B,$-0.02B,-3.13%,$-0.02B,$0.23B,-8.82%,$-0.02B,$0.16B,-12.20%,$-0.02B,$0.48B,-4.25%,$0.00B,$0.23B,0.46%,$150,$113,$37,$0,$36,$150,$-0,$-1,$-1,$-4,$4,$4,$3,$7,$-0,$17,17,$0.21,$0.21,$2,$104,$0,$174,$187,$0,$68,$8,$302,$476,$178,$0,$7,$68,$246,$17,$220,$-62,$229,$476,$-18,$30,$24,$55,$-5,$-16,$4,$-13,$-28,$9,$-35,$0,$-40,$0,$0,$0,$0,$-75,$61,$0,$61,$1,$1,$0,$-1,$62,$-4,$4,$0
2,2018-03-31,30.2,$12.19,2.48,$35.24,0.86,$-4.45,0.0,$-1.36,0.0,$0.15B,$0.18B,0.87,$0.00B,$0.21B,0.0,$0.59B,$0.20B,33.50%,$0.59B,0,0.00%,$0.59B,0,0.00%,$0.59B,$0.03B,5.08%,$0.59B,$-0.00B,-0.51%,$0.59B,$-0.02B,-3.89%,$-0.02B,$0.21B,-10.66%,$-0.02B,$0.14B,-13.90%,$-0.02B,$0.46B,-5.35%,$0.00B,$0.21B,0.00%,$158,$99,$59,$0,$59,$161,$-3,$-1,$-4,$0,$-4,$-4,$-4,$5,$-3,$17,17,$-0.24,$-0.24,$7,$75,$0,$153,$184,$0,$69,$7,$305,$458,$175,$0,$8,$77,$252,$17,$199,$-63,$206,$458,$-24,$23,$28,$51,$-8,$-10,$8,$-9,$-19,$8,$-26,$0,$-40,$0,$0,$0,$0,$-66,$57,$0,$57,$1,$1,$0,$-1,$58,$1,$3,$0
3,2017-12-31,32.15,$12.43,2.59,$34.08,0.94,$-6.25,0.0,$-1.02,0.0,$0.15B,$0.17B,0.91,$0.00B,$0.21B,0.0,$0.57B,$0.19B,33.80%,$0.57B,$0.01B,0.88%,$0.57B,$0.01B,0.88%,$0.57B,$0.03B,5.95%,$0.57B,$0.00B,0.70%,$0.57B,$-0.02B,-2.98%,$-0.02B,$0.21B,-7.86%,$-0.02B,$0.14B,-9.67%,$-0.02B,$0.45B,-4.03%,$0.01B,$0.21B,2.31%,$167,$102,$66,$0,$63,$165,$2,$-0,$2,$21,$-19,$-19,$-19,$11,$2,$17,17,$-1.13,$-1.13,$5,$73,$0,$150,$178,$0,$73,$7,$304,$454,$166,$0,$9,$78,$244,$17,$203,$-61,$210,$454,$-20,$15,$21,$36,$-8,$-8,$1,$-5,$-18,$-2,$-16,$0,$-40,$0,$0,$0,$0,$-56,$56,$0,$56,$1,$1,$0,$-0,$56,$-1,$2,$0
4,2017-09-30,32.85,$12.86,2.56,$32.40,1.01,$-7.23,0.0,$1.31,25.08,$0.13B,$0.11B,1.2,$0.00B,$0.22B,0.0,$0.54B,$0.18B,33.52%,$0.54B,$0.04B,7.18%,$0.54B,$0.04B,7.18%,$0.54B,$0.06B,11.79%,$0.54B,$0.04B,6.45%,$0.54B,$0.02B,4.05%,$0.02B,$0.22B,10.22%,$0.02B,$0.19B,11.66%,$0.02B,$0.40B,5.38%,$0.04B,$0.22B,18.12%,$132,$86,$46,$0,$44,$130,$2,$-0,$1,$1,$1,$1,$1,$9,$2,$17,17,$0.05,$0.05,$8,$65,$0,$128,$173,$0,$29,$7,$275,$402,$107,$0,$9,$79,$186,$17,$222,$-61,$217,$402,$1,$7,$-0,$7,$-0,$-10,$10,$-2,$-1,$7,$-8,$0,$-1,$0,$0,$0,$0,$-8,$2,$0,$2,$0,$0,$0,$0,$2,$1,$1,$0
5,2017-06-30,30.25,$13.63,2.22,$32.38,0.93,$-8.31,0.0,$1.47,20.58,$0.14B,$0.10B,1.45,$0.00B,$0.23B,0.0,$0.54B,$0.19B,34.57%,$0.54B,$0.04B,7.39%,$0.54B,$0.04B,7.39%,$0.54B,$0.06B,11.65%,$0.54B,$0.04B,6.84%,$0.54B,$0.02B,4.25%,$0.02B,$0.23B,11.08%,$0.02B,$0.20B,12.30%,$0.02B,$0.41B,5.67%,$0.04B,$0.23B,19.25%,$134,$107,$27,$0,$26,$135,$-1,$-1,$-2,$-1,$-1,$-1,$-1,$5,$-1,$17,17,$-0.06,$-0.06,$7,$80,$0,$141,$176,$0,$30,$7,$266,$407,$97,$0,$9,$80,$178,$17,$237,$-61,$230,$407,$23,$23,$-17,$6,$-0,$-8,$9,$16,$13,$42,$-81,$0,$-26,$0,$0,$0,$0,$-107,$26,$23,$49,$1,$1,$0,$-0,$50,$-15,$4,$0
6,2017-03-31,35.35,$12.35,2.86,$32.48,1.09,$-6.72,0.0,$6.45,5.48,$0.15B,$0.12B,1.28,$0.00B,$0.21B,0.0,$0.54B,$0.18B,32.35%,$0.54B,$0.03B,6.28%,$0.54B,$0.03B,6.28%,$0.54B,$0.06B,10.35%,$0.54B,$0.03B,6.10%,$0.54B,$0.09B,16.64%,$0.09B,$0.21B,45.98%,$0.09B,$0.18B,49.72%,$0.09B,$0.42B,22.71%,$0.03B,$0.21B,17.32%,$138,$84,$54,$0,$50,$136,$2,$1,$3,$1,$2,$2,$2,$9,$2,$17,17,$0.10,$0.10,$32,$61,$0,$148,$172,$0,$29,$7,$274,$423,$116,$0,$11,$99,$215,$17,$220,$-65,$208,$423,$23,$17,$-17,$-1,$-4,$-13,$11,$-0,$-12,$11,$-58,$0,$-26,$0,$0,$0,$0,$-84,$43,$14,$57,$1,$1,$0,$-0,$58,$-15,$3,$0
7,2016-12-31,36.7,$12.22,3.0,$32.29,1.14,$-4.73,0.0,$6.42,5.72,$0.15B,$0.10B,1.48,$0.00B,$0.21B,0.0,$0.54B,$0.17B,32.40%,$0.54B,$0.03B,5.96%,$0.54B,$0.03B,5.96%,$0.54B,$0.05B,9.87%,$0.54B,$0.03B,5.77%,$0.54B,$0.09B,16.57%,$0.09B,$0.21B,52.20%,$0.09B,$0.19B,55.19%,$0.09B,$0.40B,24.86%,$0.03B,$0.21B,18.69%,$139,$84,$55,$0,$53,$103,$36,$-2,$33,$13,$20,$20,$20,$41,$36,$17,17,$1.21,$1.20,$35,$57,$0,$146,$165,$0,$17,$7,$256,$403,$99,$0,$10,$99,$197,$17,$218,$-65,$206,$403,$22,$10,$-19,$-9,$-5,$-10,$18,$0,$-1,$11,$-45,$0,$-11,$0,$0,$0,$0,$-56,$18,$14,$32,$0,$0,$0,$0,$33,$-13,$2,$0
8,2016-09-30,35.55,$11.07,3.21,$32.62,1.09,$-3.14,0.0,$5.56,6.39,$0.16B,$0.10B,1.5,$0.00B,$0.19B,0.0,$0.54B,$0.17B,31.85%,$0.54B,$0.00B,0.19%,$0.54B,$0.00B,0.19%,$0.54B,$0.02B,4.26%,$0.54B,$0.00B,0.74%,$0.54B,$0.08B,13.89%,$0.08B,$0.19B,51.81%,$0.08B,$0.18B,54.35%,$0.08B,$0.39B,23.38%,$0.00B,$0.19B,0.69%,$130,$79,$51,$0,$47,$128,$3,$0,$3,$1,$2,$2,$2,$8,$3,$17,17,$0.10,$0.10,$46,$51,$7,$156,$141,$0,$6,$8,$234,$390,$104,$1,$12,$100,$204,$17,$198,$-63,$186,$390,$2,$5,$3,$8,$-3,$-5,$7,$2,$-5,$4,$-23,$0,$0,$0,$0,$0,$0,$-23,$-0,$14,$14,$0,$0,$0,$0,$14,$-5,$1,$0
9,2016-06-30,32.06,$10.88,2.95,$33.00,0.97,$-1.52,0.0,$5.39,5.95,$0.15B,$0.06B,2.7,$0.00B,$0.18B,0.01,$0.54B,$0.17B,31.68%,$0.54B,$-0.00B,-0.55%,$0.54B,$-0.00B,-0.55%,$0.54B,$0.02B,3.68%,$0.54B,0,0.00%,$0.54B,$0.07B,13.26%,$0.07B,$0.18B,59.50%,$0.07B,$0.18B,63.16%,$0.07B,$0.37B,25.07%,$-0.00B,$0.18B,-2.45%,$134,$119,$15,$0,$23,$141,$-7,$1,$-6,$-73,$66,$66,$66,$-2,$-7,$17,17,$4.01,$3.98,$51,$46,$7,$153,$118,$0,$6,$10,$216,$369,$57,$1,$40,$130,$186,$17,$197,$-64,$183,$369,$72,$21,$-63,$-42,$-3,$10,$-3,$-12,$-2,$28,$-40,$0,$0,$0,$0,$0,$0,$-40,$-3,$19,$16,$2,$2,$0,$-0,$18,$6,$4,$0
10,2016-03-31,27.87,$6.35,4.39,$33.08,0.84,$-0.31,0.0,$0.21,132.71,$0.15B,$0.06B,2.55,$0.00B,$0.11B,0.01,$0.54B,$0.21B,38.01%,$0.54B,$0.00B,0.55%,$0.54B,$0.00B,0.55%,$0.54B,$0.03B,4.80%,$0.54B,$0.00B,0.74%,$0.54B,$0.00B,0.74%,$0.00B,$0.11B,4.09%,$0.00B,$0.10B,4.41%,$0.00B,$0.27B,1.57%,$0.00B,$0.11B,3.02%,$134,$82,$53,$0,$49,$134,$0,$1,$1,$0,$1,$1,$1,$6,$0,$17,17,$0.07,$0.07,$39,$55,$9,$154,$101,$0,$7,$8,$116,$270,$61,$1,$31,$103,$164,$17,$113,$-54,$107,$270,$6,$16,$8,$24,$-7,$-4,$-1,$-11,$-20,$9,$-24,$0,$0,$0,$0,$0,$0,$-24,$-2,$13,$11,$2,$2,$0,$-0,$12,$-2,$3,$0
11,2015-12-31,32.27,$6.14,5.26,$33.17,0.97,$0.00,0.0,$-0.02,0.0,$0.14B,$0.06B,2.4,$0.00B,$0.10B,0.02,$0.54B,$0.20B,36.97%,$0.54B,$0.00B,0.37%,$0.54B,$0.00B,0.37%,$0.54B,$0.03B,4.62%,$0.54B,0,0.00%,$0.54B,0,0.00%,$0.00B,$0.10B,0.00%,$0.00B,$0.10B,0.00%,$0.00B,$0.25B,0.00%,$0.00B,$0.10B,2.03%,$142,$89,$53,$0,$47,$137,$5,$1,$6,$0,$6,$6,$6,$11,$5,$16,16,$0.34,$0.34,$37,$53,$0,$141,$99,$0,$7,$7,$113,$254,$59,$2,$20,$93,$152,$17,$111,$-56,$103,$254,$4,$10,$11,$21,$-6,$-3,$-1,$-8,$-22,$4,$-11,$0,$0,$0,$0,$0,$0,$-11,$-2,$6,$4,$1,$1,$0,$-0,$5,$-2,$3,$0
12,2015-09-30,27.25,$5.45,5.0,$33.47,0.81,$0.03,1056.2,$-0.18,0.0,$0.15B,$0.08B,1.96,$0.00B,$0.09B,0.02,$0.54B,$0.20B,36.76%,$0.54B,$0.00B,0.18%,$0.54B,$0.00B,0.18%,$0.54B,$0.02B,4.41%,$0.54B,$-0.00B,-0.55%,$0.54B,$-0.00B,-0.55%,$-0.00B,$0.09B,-3.05%,$-0.00B,$0.08B,-3.26%,$-0.00B,$0.26B,-1.20%,$0.00B,$0.09B,1.00%,$133,$83,$51,$0,$46,$134,$-1,$-1,$-1,$-0,$-1,$-1,$-1,$5,$-1,$16,16,$-0.07,$-0.07,$47,$57,$0,$151,$90,$0,$7,$8,$105,$256,$77,$2,$15,$89,$166,$17,$106,$-60,$91,$256,$-1,$5,$10,$15,$-2,$-6,$11,$-4,$-3,$11,$-3,$0,$0,$0,$0,$0,$0,$-3,$-1,$0,$-1,$0,$0,$0,$-0,$-1,$8,$1,$0
13,2015-06-30,23.5,$5.40,4.35,$33.70,0.7,$-1.01,0.0,$0.05,470.0,$0.14B,$0.07B,2.09,$0.00B,$0.09B,0.03,$0.55B,$0.20B,36.01%,$0.55B,$0.01B,0.91%,$0.55B,$0.01B,0.91%,$0.55B,$0.03B,5.12%,$0.55B,$0.00B,0.18%,$0.55B,$0.00B,0.18%,$0.00B,$0.09B,0.95%,$0.00B,$0.08B,1.01%,$0.00B,$0.24B,0.40%,$0.01B,$0.09B,4.68%,$133,$83,$49,$0,$44,$134,$-1,$-1,$-2,$0,$-2,$-2,$-2,$4,$-1,$16,16,$-0.14,$-0.14,$40,$51,$0,$136,$90,$0,$7,$8,$105,$241,$65,$3,$11,$86,$151,$17,$107,$-60,$90,$241,$1,$24,$12,$36,$2,$20,$-17,$-11,$-10,$27,$-19,$0,$-1,$0,$0,$0,$0,$-20,$-4,$0,$-4,$2,$2,$0,$-1,$-4,$3,$6,$0
14,2015-03-31,24.75,$6.13,4.04,$33.67,0.73,$0.50,49.03,$0.37,66.89,$0.15B,$0.08B,1.9,$0.00B,$0.10B,0.03,$0.54B,$0.19B,35.48%,$0.54B,$0.01B,1.47%,$0.54B,$0.01B,1.47%,$0.54B,$0.03B,5.88%,$0.54B,$0.01B,1.10%,$0.54B,$0.01B,1.10%,$0.01B,$0.10B,5.38%,$0.01B,$0.10B,5.69%,$0.01B,$0.25B,2.33%,$0.01B,$0.11B,7.03%,$133,$86,$47,$0,$44,$134,$-1,$-1,$-3,$-0,$-3,$-3,$-3,$5,$-1,$16,16,$-0.16,$-0.16,$41,$57,$0,$147,$90,$0,$7,$6,$104,$250,$77,$3,$8,$71,$148,$17,$109,$-49,$102,$250,$3,$19,$1,$19,$-2,$14,$-15,$-7,$-17,$5,$-13,$0,$-1,$0,$0,$0,$0,$-15,$7,$0,$7,$1,$1,$0,$-0,$7,$-3,$4,$0
15,2014-12-31,29.45,$6.71,4.39,$33.31,0.88,$1.98,14.91,$0.69,42.68,$0.15B,$0.07B,2.1,$0.00B,$0.11B,0.0,$0.54B,$0.19B,36.13%,$0.54B,$0.01B,1.30%,$0.54B,$0.01B,1.30%,$0.54B,$0.03B,5.96%,$0.54B,$0.01B,2.23%,$0.54B,$0.01B,2.23%,$0.01B,$0.11B,10.26%,$0.01B,$0.11B,10.79%,$0.01B,$0.26B,4.57%,$0.01B,$0.11B,5.83%,$145,$92,$53,$0,$49,$141,$4,$-0,$3,$0,$3,$3,$3,$10,$4,$16,16,$0.18,$0.18,$29,$71,$0,$151,$92,$0,$6,$6,$104,$255,$72,$0,$12,$72,$144,$17,$112,$-40,$111,$255,$5,$12,$-6,$7,$-4,$0,$-7,$3,$-10,$2,$-9,$0,$0,$0,$0,$0,$0,$-9,$-1,$0,$-1,$1,$1,$0,$-0,$-0,$-7,$3,$0
16,2014-09-30,28.95,$7.10,4.08,$33.33,0.87,$2.94,9.85,$0.80,36.19,$0.15B,$0.07B,2.24,$0.00B,$0.12B,0.0,$0.54B,$0.20B,36.45%,$0.54B,$0.01B,1.68%,$0.54B,$0.01B,1.68%,$0.54B,$0.04B,6.54%,$0.54B,$0.01B,2.62%,$0.54B,$0.01B,2.62%,$0.01B,$0.12B,12.50%,$0.01B,$0.11B,13.21%,$0.01B,$0.26B,5.34%,$0.01B,$0.12B,7.66%,$136,$88,$48,$0,$45,$133,$3,$0,$3,$0,$3,$3,$3,$9,$3,$16,16,$0.16,$0.16,$30,$72,$0,$152,$94,$0,$6,$7,$107,$259,$68,$0,$13,$73,$141,$17,$109,$-29,$118,$259,$3,$6,$-3,$3,$-4,$-1,$-4,$6,$-9,$-4,$-5,$0,$0,$0,$0,$0,$0,$-5,$1,$0,$1,$1,$1,$0,$0,$1,$-7,$1,$0
17,2014-06-30,21.61,$6.94,3.12,$33.11,0.65,$3.65,5.92,$0.75,28.81,$0.16B,$0.08B,2.05,$0.01B,$0.12B,0.05,$0.53B,$0.20B,36.86%,$0.53B,$0.01B,1.70%,$0.53B,$0.01B,1.70%,$0.53B,$0.04B,6.81%,$0.53B,$0.01B,2.46%,$0.53B,$0.01B,2.46%,$0.01B,$0.12B,12.56%,$0.01B,$0.11B,13.33%,$0.01B,$0.27B,5.01%,$0.01B,$0.12B,8.07%,$130,$85,$45,$0,$47,$128,$2,$1,$3,$-0,$3,$3,$3,$8,$2,$16,16,$0.19,$0.20,$40,$71,$0,$157,$96,$0,$6,$7,$109,$266,$77,$6,$8,$74,$151,$17,$106,$-28,$115,$266,$12,$27,$-3,$24,$2,$-14,$18,$9,$17,$53,$-21,$0,$0,$0,$0,$0,$0,$-21,$-24,$0,$-24,$1,$1,$0,$0,$-23,$9,$5,$0
18,2014-03-31,19.7,$7.47,2.64,$33.48,0.59,$2.39,8.23,$0.37,53.24,$0.16B,$0.07B,2.22,$0.01B,$0.12B,0.06,$0.53B,$0.19B,36.28%,$0.53B,$0.01B,1.50%,$0.53B,$0.01B,1.50%,$0.53B,$0.04B,6.77%,$0.53B,$0.01B,1.13%,$0.53B,$0.01B,1.32%,$0.01B,$0.12B,7.35%,$0.01B,$0.12B,7.84%,$0.01B,$0.27B,2.76%,$0.01B,$0.13B,7.67%,$126,$77,$48,$0,$50,$128,$-2,$5,$3,$0,$3,$3,$3,$5,$-2,$16,16,$0.16,$0.16,$45,$67,$0,$161,$96,$0,$6,$8,$110,$271,$72,$7,$8,$74,$147,$17,$103,$-15,$124,$271,$9,$21,$8,$29,$-1,$-10,$7,$0,$-4,$34,$-19,$0,$0,$0,$0,$0,$0,$-19,$-14,$0,$-14,$1,$1,$0,$0,$-12,$2,$3,$0
19,2013-12-31,23.26,$5.54,4.2,$33.78,0.69,$2.32,10.03,$0.12,193.83,$0.15B,$0.08B,1.92,$0.01B,$0.09B,0.11,$0.53B,$0.19B,36.28%,$0.53B,$0.01B,2.07%,$0.53B,$0.01B,2.07%,$0.53B,$0.04B,7.52%,$0.53B,$0.00B,0.38%,$0.53B,$0.00B,0.56%,$0.00B,$0.09B,3.70%,$0.00B,$0.09B,4.01%,$0.00B,$0.25B,1.21%,$0.01B,$0.10B,12.09%,$143,$89,$54,$0,$49,$137,$6,$-1,$5,$0,$5,$5,$5,$13,$6,$16,16,$0.30,$0.29,$32,$63,$0,$145,$95,$0,$6,$7,$108,$252,$75,$10,$16,$86,$161,$16,$101,$-42,$91,$252,$7,$14,$4,$19,$-2,$-6,$2,$3,$-5,$20,$-12,$0,$0,$0,$0,$0,$0,$-12,$-4,$0,$-4,$0,$0,$0,$0,$-3,$5,$2,$0
20,2013-09-30,15.06,$5.08,2.96,$33.54,0.45,$2.27,6.64,$-0.64,0.0,$0.15B,$0.08B,1.84,$0.01B,$0.08B,0.12,$0.53B,$0.19B,36.00%,$0.53B,$0.01B,1.14%,$0.53B,$0.01B,1.14%,$0.53B,$0.04B,6.86%,$0.53B,$-0.01B,-1.90%,$0.53B,$-0.01B,-1.71%,$-0.01B,$0.08B,-12.04%,$-0.01B,$0.08B,-13.19%,$-0.01B,$0.25B,-3.64%,$0.01B,$0.09B,7.08%,$130,$82,$48,$0,$45,$127,$3,$-1,$2,$0,$2,$2,$2,$10,$3,$16,16,$0.11,$0.11,$32,$69,$0,$146,$90,$0,$6,$5,$102,$248,$79,$10,$14,$85,$165,$16,$96,$-43,$84,$248,$2,$7,$5,$12,$1,$-8,$2,$1,$-7,$7,$-4,$0,$0,$0,$0,$0,$0,$-4,$-1,$0,$-1,$0,$0,$0,$0,$-1,$2,$1,$0
21,2013-06-30,14.06,$4.97,2.83,$33.02,0.43,$2.34,6.01,$-0.56,0.0,$0.14B,$0.08B,1.83,$0.01B,$0.08B,0.12,$0.51B,$0.19B,36.19%,$0.51B,$0.00B,0.39%,$0.51B,$0.00B,0.39%,$0.51B,$0.03B,6.42%,$0.51B,$-0.01B,-1.75%,$0.51B,$-0.01B,-1.56%,$-0.01B,$0.08B,-11.15%,$-0.01B,$0.08B,-12.31%,$-0.01B,$0.24B,-3.22%,$0.00B,$0.09B,2.52%,$133,$90,$43,$0,$45,$132,$1,$-5,$-4,$-1,$-3,$-3,$-3,$8,$1,$16,16,$-0.19,$-0.19,$31,$61,$0,$140,$92,$0,$6,$5,$104,$244,$77,$10,$15,$86,$162,$16,$94,$-43,$82,$244,$-8,$33,$10,$42,$-2,$5,$2,$-8,$-12,$22,$-10,$0,$0,$0,$0,$0,$0,$-10,$-14,$0,$-14,$1,$1,$0,$0,$-13,$-1,$4,$0
22,2013-03-31,14.7,$4.06,3.62,$32.54,0.45,$1.83,8.05,$-1.14,0.0,$0.14B,$0.08B,1.81,$0.01B,$0.07B,0.15,$0.51B,$0.18B,36.04%,$0.51B,$-0.01B,-1.19%,$0.51B,$-0.01B,-1.19%,$0.51B,$0.03B,5.15%,$0.51B,$-0.02B,-2.97%,$0.51B,$-0.01B,-2.77%,$-0.01B,$0.07B,-19.38%,$-0.01B,$0.06B,-21.54%,$-0.01B,$0.25B,-5.55%,$-0.01B,$0.08B,-7.77%,$126,$79,$48,$0,$48,$126,$1,$-2,$-1,$-0,$-1,$-1,$-1,$9,$1,$16,16,$-0.08,$-0.08,$30,$67,$0,$143,$94,$0,$7,$3,$104,$247,$79,$10,$14,$102,$181,$16,$95,$-57,$67,$247,$-5,$25,$7,$32,$-1,$-1,$4,$-4,$-8,$18,$-5,$0,$0,$0,$0,$0,$0,$-5,$-13,$0,$-13,$1,$1,$0,$0,$-12,$2,$3,$0
23,2012-12-31,14.43,$4.05,3.56,$32.23,0.45,$1.14,12.63,$-1.40,0.0,$0.14B,$0.08B,1.73,$0.01B,$0.07B,0.15,$0.50B,$0.18B,35.33%,$0.50B,$-0.01B,-2.20%,$0.50B,$-0.01B,-2.20%,$0.50B,$0.02B,4.19%,$0.50B,$-0.02B,-3.99%,$0.50B,$-0.02B,-3.79%,$-0.02B,$0.07B,-22.69%,$-0.02B,$0.06B,-25.33%,$-0.02B,$0.25B,-7.39%,$-0.01B,$0.08B,-12.75%,$136,$85,$50,$0,$50,$135,$1,$-8,$-7,$-0,$-7,$-7,$-7,$9,$1,$16,16,$-0.46,$-0.46,$26,$68,$0,$141,$98,$0,$7,$3,$109,$250,$82,$10,$15,$102,$184,$16,$96,$-57,$66,$250,$-4,$17,$5,$21,$-2,$-2,$4,$-3,$-7,$10,$-2,$0,$0,$0,$0,$0,$0,$-2,$-6,$0,$-6,$0,$0,$0,$0,$-6,$1,$2,$0
24,2012-09-30,9.51,$4.44,2.14,$32.15,0.3,$0.99,9.62,$-1.20,0.0,$0.14B,$0.09B,1.57,$0.00B,$0.07B,0.0,$0.50B,$0.17B,34.61%,$0.50B,$-0.02B,-3.62%,$0.50B,$-0.02B,-3.62%,$0.50B,$0.01B,2.82%,$0.50B,$-0.02B,-3.42%,$0.50B,$-0.02B,-3.22%,$-0.02B,$0.07B,-16.54%,$-0.02B,$0.07B,-18.55%,$-0.02B,$0.25B,-6.09%,$-0.02B,$0.07B,-18.60%,$119,$75,$45,$0,$46,$121,$-1,$5,$3,$0,$3,$3,$3,$7,$-1,$15,15,$0.19,$0.19,$23,$70,$0,$140,$103,$0,$7,$3,$115,$254,$89,$0,$15,$93,$182,$16,$103,$-57,$72,$254,$3,$8,$-4,$4,$-1,$-4,$2,$1,$-4,$4,$0,$0,$0,$0,$0,$0,$0,$0,$-5,$0,$-5,$0,$0,$0,$0,$-5,$-1,$1,$0
25,2012-06-30,7.96,$5.12,1.55,$32.44,0.25,$0.56,14.26,$-1.89,0.0,$0.14B,$0.09B,1.57,$0.00B,$0.08B,0.0,$0.50B,$0.17B,33.47%,$0.50B,$-0.02B,-4.41%,$0.50B,$-0.02B,-4.41%,$0.50B,$0.01B,2.00%,$0.50B,$-0.03B,-5.41%,$0.50B,$-0.03B,-5.41%,$-0.03B,$0.08B,-24.77%,$-0.03B,$0.08B,-27.91%,$-0.03B,$0.26B,-10.05%,$-0.02B,$0.08B,-20.18%,$124,$85,$39,$0,$41,$132,$-7,$-2,$-10,$-0,$-9,$-9,$-9,$1,$-7,$15,15,$-0.60,$-0.60,$25,$66,$0,$136,$108,$0,$8,$5,$122,$258,$87,$0,$16,$88,$174,$16,$103,$-44,$84,$258,$-27,$32,$14,$46,$4,$13,$-13,$-0,$-1,$18,$-14,$0,$0,$0,$0,$0,$0,$-14,$-6,$0,$-6,$0,$0,$0,$0,$-6,$-2,$3,$0
26,2012-03-31,10.89,$6.97,1.56,$32.33,0.34,$1.42,7.67,$-2.59,0.0,$0.14B,$0.09B,1.55,$0.00B,$0.11B,0.0,$0.49B,$0.16B,31.38%,$0.49B,$-0.05B,-9.72%,$0.49B,$-0.05B,-9.72%,$0.49B,$-0.02B,-3.24%,$0.49B,$-0.05B,-10.32%,$0.49B,$-0.04B,-7.69%,$-0.04B,$0.11B,-31.67%,$-0.04B,$0.10B,-35.85%,$-0.04B,$0.27B,-13.73%,$-0.05B,$0.11B,-40.00%,$122,$78,$43,$0,$47,$126,$-4,$-2,$-6,$-1,$-6,$-6,$-6,$4,$-4,$16,16,$-0.35,$-0.35,$22,$76,$0,$143,$107,$0,$14,$3,$124,$267,$92,$0,$14,$61,$154,$16,$113,$-24,$113,$267,$-17,$24,$7,$31,$1,$4,$-9,$1,$-3,$11,$-8,$0,$0,$0,$0,$0,$0,$-8,$-5,$0,$-5,$0,$0,$0,$0,$-5,$-3,$3,$0
27,2011-12-31,7.64,$7.25,1.05,$32.27,0.24,$2.16,3.53,$-3.11,0.0,$0.15B,$0.10B,1.57,$0.00B,$0.12B,0.0,$0.49B,$0.15B,31.49%,$0.49B,$-0.06B,-11.86%,$0.49B,$-0.06B,-11.86%,$0.49B,$-0.03B,-5.32%,$0.49B,$-0.06B,-11.86%,$0.49B,$-0.05B,-9.20%,$-0.05B,$0.12B,-35.93%,$-0.05B,$0.10B,-41.28%,$-0.05B,$0.27B,-15.63%,$-0.06B,$0.12B,-45.58%,$132,$87,$45,$0,$46,$137,$-6,$2,$-4,$0,$-4,$-4,$-4,$2,$-6,$15,15,$-0.27,$-0.27,$23,$78,$0,$149,$105,$0,$14,$3,$123,$272,$95,$0,$10,$59,$154,$16,$118,$-24,$118,$272,$-12,$16,$4,$20,$-2,$1,$-2,$4,$2,$10,$-5,$0,$0,$0,$0,$0,$0,$-5,$-7,$0,$-7,$0,$0,$0,$0,$-7,$-2,$1,$0
28,2011-09-30,5.51,$7.50,0.74,$31.53,0.17,$2.58,2.14,$-3.43,0.0,$0.15B,$0.10B,1.49,$0.00B,$0.12B,0.0,$0.48B,$0.15B,32.35%,$0.48B,$-0.06B,-13.24%,$0.48B,$-0.06B,-13.24%,$0.48B,$-0.03B,-6.51%,$0.48B,$-0.06B,-13.24%,$0.48B,$-0.05B,-10.50%,$-0.05B,$0.12B,-37.81%,$-0.05B,$0.11B,-43.96%,$-0.05B,$0.28B,-16.64%,$-0.06B,$0.12B,-46.24%,$121,$82,$40,$0,$44,$126,$-5,$-3,$-7,$0,$-8,$-8,$-8,$3,$-5,$15,15,$-0.50,$-0.50,$21,$83,$0,$151,$109,$0,$14,$3,$127,$278,$101,$0,$10,$55,$157,$16,$122,$-24,$121,$278,$-8,$8,$4,$12,$-2,$-3,$-4,$4,$-4,$-0,$-3,$0,$0,$0,$0,$0,$0,$-3,$1,$0,$1,$0,$0,$0,$0,$1,$-2,$1,$0
29,2011-06-30,10.14,$7.92,1.28,$30.81,0.33,$3.28,3.09,$-3.59,0.0,$0.16B,$0.10B,1.52,$0.00B,$0.13B,0.0,$0.46B,$0.16B,34.05%,$0.46B,$-0.07B,-15.09%,$0.46B,$-0.07B,-15.09%,$0.46B,$-0.04B,-8.41%,$0.46B,$-0.07B,-14.22%,$0.46B,$-0.05B,-11.21%,$-0.05B,$0.13B,-36.94%,$-0.05B,$0.11B,-43.42%,$-0.05B,$0.29B,-16.68%,$-0.07B,$0.13B,-47.86%,$119,$93,$27,$0,$52,$153,$-33,$-1,$-34,$-14,$-20,$-20,$-20,$-25,$-33,$15,15,$-1.33,$-1.33,$31,$80,$0,$157,$114,$0,$15,$3,$133,$290,$103,$0,$11,$58,$162,$16,$130,$-24,$128,$290,$-52,$32,$13,$45,$-3,$4,$12,$20,$41,$34,$-17,$0,$0,$0,$0,$0,$0,$-17,$-10,$0,$-10,$0,$0,$-5,$0,$-15,$2,$4,$-5
30,2011-03-31,12.12,$8.27,1.47,$30.09,0.4,$0.22,54.01,$-3.52,0.0,$0.17B,$0.09B,1.8,$0.01B,$0.13B,0.06,$0.45B,$0.17B,38.50%,$0.45B,$-0.06B,-13.05%,$0.45B,$-0.06B,-13.05%,$0.45B,$-0.03B,-6.42%,$0.45B,$-0.05B,-11.73%,$0.45B,$-0.05B,-11.73%,$-0.05B,$0.13B,-35.27%,$-0.05B,$0.11B,-41.73%,$-0.05B,$0.31B,-16.36%,$-0.06B,$0.14B,-37.88%,$117,$75,$42,$0,$56,$131,$-14,$1,$-13,$0,$-13,$-13,$-13,$-6,$-14,$15,15,$-0.87,$-0.87,$31,$88,$0,$167,$119,$0,$23,$2,$145,$312,$93,$7,$4,$85,$178,$16,$152,$-40,$134,$312,$-32,$24,$-0,$23,$-3,$-4,$4,$33,$36,$28,$-14,$0,$0,$0,$0,$0,$0,$-14,$-10,$0,$-10,$0,$0,$-5,$0,$-14,$-0,$3,$-5
31,2010-12-31,17.72,$9.02,1.96,$29.82,0.59,$-2.51,0.0,$-3.09,0.0,$0.17B,$0.09B,1.91,$0.01B,$0.15B,0.05,$0.45B,$0.18B,40.58%,$0.45B,$-0.05B,-12.11%,$0.45B,$-0.05B,-12.11%,$0.45B,$-0.03B,-5.61%,$0.45B,$-0.05B,-10.54%,$0.45B,$-0.05B,-10.54%,$-0.05B,$0.15B,-28.53%,$-0.05B,$0.12B,-33.45%,$-0.05B,$0.32B,-14.10%,$-0.05B,$0.15B,-32.10%,$119,$74,$45,$0,$56,$130,$-11,$2,$-9,$0,$-9,$-9,$-9,$-3,$-11,$15,15,$-0.59,$-0.59,$38,$89,$0,$174,$121,$0,$23,$2,$148,$322,$91,$7,$4,$85,$176,$16,$165,$-40,$146,$322,$-19,$15,$0,$16,$-1,$-6,$1,$23,$24,$21,$-10,$0,$0,$0,$0,$0,$0,$-10,$-8,$0,$-8,$0,$0,$-4,$0,$-12,$-1,$2,$-4
32,2010-09-30,15.82,$9.59,1.65,$30.08,0.53,$-4.67,0.0,$-2.40,0.0,$0.17B,$0.09B,1.98,$0.01B,$0.16B,0.04,$0.45B,$0.19B,41.83%,$0.45B,$-0.05B,-10.74%,$0.45B,$-0.05B,-10.74%,$0.45B,$-0.02B,-4.70%,$0.45B,$-0.04B,-8.72%,$0.45B,$-0.04B,-8.28%,$-0.04B,$0.16B,-20.79%,$-0.04B,$0.13B,-24.22%,$-0.04B,$0.32B,-10.92%,$-0.05B,$0.16B,-26.74%,$109,$65,$44,$0,$56,$121,$-12,$3,$-10,$0,$-10,$-10,$-10,$-5,$-12,$15,15,$-0.66,$-0.66,$48,$80,$0,$172,$123,$0,$24,$2,$150,$323,$87,$6,$4,$80,$168,$16,$175,$-40,$155,$323,$-10,$7,$-0,$7,$-0,$4,$-9,$15,$16,$13,$-6,$0,$0,$0,$0,$0,$0,$-6,$-6,$0,$-6,$0,$0,$-2,$0,$-8,$-0,$1,$-2
33,2010-06-30,14.8,$10.24,1.44,$30.42,0.49,$-5.75,0.0,$-1.59,0.0,$0.19B,$0.10B,1.93,$0.00B,$0.17B,0.0,$0.45B,$0.20B,43.78%,$0.45B,$-0.04B,-8.44%,$0.45B,$-0.04B,-8.44%,$0.45B,$-0.01B,-2.89%,$0.45B,$-0.03B,-5.78%,$0.45B,$-0.03B,-5.56%,$-0.03B,$0.17B,-13.25%,$-0.03B,$0.14B,-15.38%,$-0.03B,$0.34B,-7.36%,$-0.04B,$0.17B,-20.13%,$107,$64,$43,$0,$65,$129,$-22,$1,$-21,$0,$-21,$-21,$-21,$-15,$-22,$15,15,$-1.42,$-1.42,$55,$84,$0,$190,$122,$0,$24,$2,$149,$339,$99,$0,$8,$75,$174,$16,$187,$-40,$166,$339,$-24,$27,$-0,$27,$-0,$-15,$-1,$11,$-4,$-1,$-28,$0,$0,$0,$0,$0,$0,$-28,$20,$0,$20,$0,$0,$-7,$0,$13,$-16,$5,$-7
34,2010-03-31,18.27,$11.89,1.54,$31.02,0.59,$-0.42,0.0,$-2.19,0.0,$0.21B,$0.09B,2.2,$0.00B,$0.19B,0.0,$0.46B,$0.20B,44.52%,$0.46B,$-0.03B,-5.70%,$0.46B,$-0.03B,-5.70%,$0.46B,$-0.00B,-0.44%,$0.46B,$-0.01B,-1.97%,$0.46B,$-0.03B,-6.58%,$-0.03B,$0.19B,-15.29%,$-0.03B,$0.17B,-17.75%,$-0.03B,$0.35B,-8.89%,$-0.03B,$0.19B,-13.25%,$111,$62,$49,$0,$59,$120,$-9,$3,$-7,$-0,$-7,$-7,$-7,$-2,$-9,$15,15,$-0.44,$-0.44,$59,$84,$0,$206,$115,$0,$26,$2,$143,$349,$94,$0,$0,$63,$157,$16,$210,$-35,$192,$349,$-3,$19,$-5,$14,$-5,$-15,$-2,$2,$-19,$-8,$-20,$0,$0,$0,$0,$0,$0,$-20,$16,$0,$16,$0,$0,$-5,$0,$11,$-16,$4,$-5
35,2009-12-31,19.13,$12.34,1.55,$29.45,0.65,$4.32,4.43,$-1.85,0.0,$0.20B,$0.08B,2.4,$0.00B,$0.20B,0.0,$0.43B,$0.20B,45.71%,$0.43B,$-0.02B,-4.41%,$0.43B,$-0.02B,-4.41%,$0.43B,$0.00B,0.93%,$0.43B,$-0.01B,-1.16%,$0.43B,$-0.02B,-5.57%,$-0.02B,$0.20B,-11.28%,$-0.02B,$0.17B,-12.99%,$-0.02B,$0.34B,-7.11%,$-0.02B,$0.20B,-8.93%,$120,$69,$51,$0,$56,$125,$-5,$4,$-1,$-3,$1,$1,$1,$1,$-5,$15,15,$0.10,$0.10,$54,$80,$0,$198,$116,$0,$27,$2,$145,$344,$83,$0,$0,$61,$144,$16,$218,$-35,$199,$344,$4,$12,$-4,$8,$-5,$-11,$0,$-0,$-18,$-6,$-15,$0,$0,$0,$0,$0,$0,$-15,$6,$0,$6,$0,$0,$-3,$0,$2,$-18,$3,$-3
36,2009-09-30,19.95,$12.34,1.62,$26.57,0.75,$8.10,2.46,$-1.96,0.0,$0.18B,$0.07B,2.6,$0.00B,$0.20B,0.0,$0.39B,$0.18B,47.16%,$0.39B,$-0.01B,-3.61%,$0.39B,$-0.01B,-3.61%,$0.39B,$0.01B,1.80%,$0.39B,$-0.00B,-0.77%,$0.39B,$-0.03B,-6.44%,$-0.03B,$0.20B,-10.98%,$-0.03B,$0.17B,-12.35%,$-0.03B,$0.33B,-7.63%,$-0.01B,$0.20B,-6.15%,$112,$58,$54,$0,$57,$115,$-2,$5,$3,$0,$2,$2,$2,$3,$-2,$15,15,$0.15,$0.15,$52,$79,$0,$182,$115,$0,$28,$2,$146,$327,$70,$0,$0,$59,$129,$16,$218,$-35,$198,$327,$2,$6,$-3,$3,$3,$-10,$-1,$-0,$-6,$-0,$-8,$0,$0,$0,$0,$0,$0,$-8,$-8,$0,$-8,$0,$0,$-2,$0,$-10,$-19,$2,$-2
37,2009-06-30,21.94,$12.22,1.8,$23.58,0.93,$11.42,1.92,$-2.53,0.0,$0.19B,$0.08B,2.5,$0.00B,$0.20B,0.0,$0.34B,$0.16B,46.65%,$0.34B,$-0.02B,-4.66%,$0.34B,$-0.02B,-4.66%,$0.34B,$0.00B,0.87%,$0.34B,$-0.02B,-5.54%,$0.34B,$-0.03B,-9.62%,$-0.03B,$0.20B,-13.57%,$-0.03B,$0.17B,-14.95%,$-0.03B,$0.33B,-10.22%,$-0.02B,$0.20B,-6.58%,$113,$64,$49,$0,$59,$123,$-10,$5,$-4,$21,$-26,$-26,$-26,$-4,$-10,$15,15,$-1.76,$-1.76,$63,$69,$0,$187,$112,$0,$29,$2,$143,$330,$75,$0,$5,$59,$134,$16,$218,$-35,$196,$330,$-33,$18,$31,$49,$-27,$2,$22,$71,$71,$87,$-38,$0,$-48,$0,$0,$0,$0,$-87,$16,$0,$16,$0,$0,$-7,$0,$9,$10,$5,$-7
38,2009-03-31,16.97,$16.02,1.06,$20.47,0.83,$8.33,2.04,$-0.81,0.0,$0.20B,$0.07B,2.77,$0.00B,$0.26B,0.0,$0.30B,$0.14B,46.13%,$0.30B,$-0.01B,-4.71%,$0.30B,$-0.01B,-4.71%,$0.30B,$0.00B,0.34%,$0.30B,$-0.02B,-7.41%,$0.30B,$-0.01B,-3.70%,$-0.01B,$0.26B,-4.22%,$-0.01B,$0.23B,-4.56%,$-0.01B,$0.35B,-3.45%,$-0.01B,$0.26B,-5.37%,$86,$43,$43,$0,$44,$87,$-2,$-1,$-3,$-1,$-1,$-1,$-1,$4,$-2,$15,15,$-0.10,$-0.10,$64,$73,$0,$195,$107,$0,$29,$2,$153,$349,$71,$0,$3,$20,$91,$16,$245,$1,$258,$349,$-8,$12,$10,$23,$-20,$-2,$11,$65,$58,$73,$-31,$0,$-48,$0,$0,$0,$0,$-79,$26,$0,$26,$0,$0,$-5,$0,$21,$15,$4,$-5
39,2008-12-31,23.65,$16.14,1.47,$19.28,1.23,$6.83,3.46,$-0.90,0.0,$0.19B,$0.03B,7.43,$0.00B,$0.26B,0.0,$0.28B,$0.13B,44.96%,$0.28B,$-0.01B,-4.68%,$0.28B,$-0.01B,-4.68%,$0.28B,$-0.00B,-0.36%,$0.28B,$-0.02B,-7.91%,$0.28B,$-0.01B,-4.68%,$-0.01B,$0.26B,-4.89%,$-0.01B,$0.24B,-5.21%,$-0.01B,$0.31B,-4.15%,$-0.01B,$0.26B,-4.89%,$77,$39,$37,$0,$37,$76,$0,$1,$1,$1,$-0,$-0,$-0,$4,$0,$14,14,$-0.01,$-0.01,$85,$56,$0,$193,$85,$0,$16,$3,$113,$305,$26,$0,$2,$20,$46,$16,$248,$1,$259,$305,$-6,$7,$9,$16,$-5,$-2,$-4,$57,$47,$57,$-23,$0,$0,$0,$0,$0,$0,$-23,$0,$0,$0,$0,$0,$-4,$0,$-4,$31,$3,$-4
40,2008-09-30,23.46,$16.17,1.45,$19.00,1.23,$4.49,5.23,$-0.91,0.0,$0.20B,$0.03B,6.68,$0.00B,$0.26B,0.0,$0.27B,$0.12B,44.85%,$0.27B,$-0.01B,-4.41%,$0.27B,$-0.01B,-4.41%,$0.27B,$-0.00B,-1.10%,$0.27B,$-0.03B,-9.19%,$0.27B,$-0.01B,-4.78%,$-0.01B,$0.26B,-4.87%,$-0.01B,$0.24B,-5.18%,$-0.01B,$0.31B,-4.05%,$-0.01B,$0.26B,-4.49%,$67,$36,$31,$0,$35,$71,$-4,$-8,$-13,$-6,$-6,$-6,$-6,$-1,$-4,$14,14,$-0.42,$-0.42,$98,$57,$0,$197,$79,$0,$17,$0,$110,$307,$29,$0,$0,$18,$47,$16,$250,$1,$260,$307,$-6,$3,$5,$9,$-1,$-3,$-1,$54,$50,$53,$-13,$0,$0,$0,$0,$0,$0,$-13,$0,$0,$0,$0,$0,$-2,$0,$-2,$38,$1,$-2
41,2008-06-30,19.86,$16.57,1.2,$18.68,1.06,$3.19,6.23,$-0.56,0.0,$0.22B,$0.03B,7.53,$0.00B,$0.27B,0.0,$0.27B,$0.12B,45.11%,$0.27B,$-0.01B,-4.14%,$0.27B,$-0.01B,-4.14%,$0.27B,$-0.00B,-0.38%,$0.27B,$-0.02B,-5.64%,$0.27B,$-0.01B,-3.01%,$-0.01B,$0.27B,-2.98%,$-0.01B,$0.25B,-3.17%,$-0.01B,$0.31B,-2.43%,$-0.01B,$0.27B,-4.10%,$67,$41,$26,$0,$34,$75,$-8,$1,$-7,$-3,$-4,$-4,$-4,$-6,$-8,$14,14,$-0.27,$-0.27,$123,$54,$0,$218,$69,$0,$18,$1,$95,$313,$29,$0,$0,$18,$47,$16,$258,$1,$266,$313,$-8,$10,$19,$29,$-3,$-9,$3,$19,$6,$27,$-23,$0,$0,$0,$0,$0,$0,$-23,$0,$0,$0,$0,$0,$-7,$0,$-7,$-3,$6,$-7
42,2008-03-31,21.63,$17.30,1.25,$18.12,1.19,$5.49,3.94,$-0.19,0.0,$0.23B,$0.03B,7.43,$0.00B,$0.28B,0.0,$0.26B,$0.11B,42.80%,$0.26B,$-0.00B,-1.17%,$0.26B,$-0.00B,-1.17%,$0.26B,$0.01B,2.72%,$0.26B,$-0.01B,-2.72%,$0.26B,$-0.00B,-1.17%,$-0.00B,$0.28B,-1.12%,$-0.00B,$0.26B,-1.19%,$-0.00B,$0.33B,-0.90%,$-0.00B,$0.28B,-1.12%,$67,$37,$31,$0,$32,$68,$-1,$-2,$-3,$-0,$-3,$-3,$-3,$2,$-1,$14,14,$-0.19,$-0.19,$142,$59,$0,$228,$59,$0,$15,$0,$100,$328,$31,$0,$0,$19,$50,$16,$264,$8,$278,$328,$-4,$8,$16,$24,$-2,$-14,$2,$19,$12,$32,$-11,$0,$0,$0,$0,$0,$0,$-11,$0,$0,$0,$0,$0,$-5,$0,$-5,$15,$4,$-5
43,2007-12-31,21.38,$16.44,1.3,$17.27,1.24,$4.63,4.62,$0.11,194.37,$0.23B,$0.03B,8.55,$0.00B,$0.26B,0.0,$0.24B,$0.11B,45.49%,$0.24B,$-0.00B,-1.64%,$0.24B,$-0.00B,-1.64%,$0.24B,$0.01B,2.05%,$0.24B,$-0.00B,-1.23%,$0.24B,$0.00B,0.82%,$0.00B,$0.26B,0.75%,$0.00B,$0.25B,0.78%,$0.00B,$0.34B,0.60%,$-0.00B,$0.26B,-1.50%,$71,$37,$34,$0,$33,$71,$1,$-3,$-2,$-2,$-0,$-0,$-0,$2,$1,$14,14,$-0.02,$-0.02,$149,$54,$0,$231,$55,$0,$15,$0,$106,$337,$27,$0,$0,$46,$73,$16,$268,$-9,$264,$337,$-1,$5,$11,$16,$-3,$-9,$1,$9,$-8,$7,$-6,$0,$0,$0,$0,$0,$0,$-6,$0,$0,$0,$0,$0,$-3,$0,$-3,$-3,$3,$-3
44,2007-09-30,23.03,$16.47,1.4,$16.20,1.42,$4.82,4.77,$0.34,67.75,$0.23B,$0.03B,8.57,$0.00B,$0.27B,0.0,$0.23B,$0.11B,47.81%,$0.23B,$-0.00B,-1.75%,$0.23B,$-0.00B,-1.75%,$0.23B,$0.01B,2.63%,$0.23B,$0.00B,1.32%,$0.23B,$0.01B,2.19%,$0.01B,$0.27B,1.86%,$0.01B,$0.25B,1.92%,$0.01B,$0.34B,1.50%,$-0.00B,$0.27B,-1.49%,$61,$32,$29,$0,$31,$63,$-3,$-1,$-3,$-2,$-1,$-1,$-1,$1,$-3,$14,14,$-0.07,$-0.07,$157,$50,$0,$232,$56,$0,$16,$15,$105,$337,$27,$0,$0,$45,$72,$16,$270,$-9,$265,$337,$-1,$4,$4,$8,$-1,$-5,$1,$28,$19,$26,$-5,$0,$0,$0,$0,$0,$0,$-5,$0,$0,$0,$0,$0,$-2,$0,$-2,$19,$1,$-2
45,2007-06-30,20.84,$16.56,1.26,$15.35,1.36,$3.54,5.88,$0.48,43.42,$0.24B,$0.03B,8.83,$0.00B,$0.27B,0.0,$0.22B,$0.11B,50.23%,$0.22B,$-0.00B,-1.86%,$0.22B,$-0.00B,-1.86%,$0.22B,$0.01B,2.33%,$0.22B,$0.01B,3.26%,$0.22B,$0.01B,3.26%,$0.01B,$0.27B,2.59%,$0.01B,$0.25B,2.63%,$0.01B,$0.34B,2.13%,$-0.00B,$0.27B,-1.48%,$58,$42,$16,$0,$16,$58,$-0,$2,$1,$0,$1,$1,$1,$2,$-0,$14,14,$0.09,$0.09,$171,$45,$0,$239,$53,$0,$17,$13,$98,$338,$27,$0,$0,$44,$71,$16,$272,$-9,$266,$338,$7,$9,$-4,$5,$-1,$4,$-1,$28,$37,$49,$-12,$0,$-23,$0,$0,$0,$0,$-35,$0,$0,$0,$0,$0,$-6,$0,$-6,$7,$5,$-6
46,2007-03-31,20.81,$17.04,1.22,$14.87,1.4,$1.05,19.86,$0.33,63.06,$0.26B,$0.02B,11.13,$0.00B,$0.27B,0.0,$0.21B,$0.11B,50.48%,$0.21B,$-0.01B,-4.33%,$0.21B,$-0.01B,-4.33%,$0.21B,0,0.00%,$0.21B,$0.00B,0.96%,$0.21B,$0.01B,2.40%,$0.01B,$0.27B,1.84%,$0.01B,$0.27B,1.84%,$0.01B,$0.33B,1.55%,$-0.01B,$0.27B,-3.32%,$54,$23,$32,$0,$34,$57,$-2,$3,$1,$-1,$2,$2,$2,$0,$-2,$14,14,$0.11,$0.11,$188,$45,$0,$258,$50,$0,$0,$17,$74,$331,$23,$0,$0,$34,$57,$16,$273,$0,$274,$331,$5,$7,$2,$9,$-3,$0,$4,$-0,$3,$18,$-10,$0,$0,$0,$0,$0,$0,$-10,$0,$0,$0,$0,$0,$-5,$0,$-5,$3,$4,$-5
47,2006-12-31,19.47,$16.95,1.15,$14.87,1.31,$1.06,18.3,$0.40,48.66,$0.25B,$0.02B,13.43,$0.00B,$0.27B,0.0,$0.21B,$0.11B,50.48%,$0.21B,$-0.01B,-3.37%,$0.21B,$-0.01B,-3.37%,$0.21B,$0.00B,0.96%,$0.21B,$0.00B,1.92%,$0.21B,$0.01B,2.40%,$0.01B,$0.27B,1.85%,$0.01B,$0.27B,1.85%,$0.01B,$0.32B,1.56%,$-0.01B,$0.27B,-2.59%,$55,$23,$32,$0,$31,$54,$1,$3,$4,$1,$3,$3,$3,$3,$1,$14,14,$0.21,$0.21,$184,$46,$0,$253,$48,$0,$0,$17,$72,$324,$19,$0,$0,$33,$52,$16,$273,$0,$272,$324,$4,$5,$1,$5,$-2,$-1,$1,$1,$-0,$9,$-6,$0,$0,$0,$0,$0,$0,$-6,$0,$0,$0,$0,$0,$-3,$0,$-3,$0,$2,$-3
