,Date,Stock Price,Book Value per Share,Price to Book Ratio,TTM Sales per Share,Price to Sales Ratio,TTM FCF per Share,Price to FCF Ratio,TTM Net EPS,PE Ratio,Current Assets,Current Liabilities,Current Ratio,Long Term Debt,Shareholder's Equity_x,Debt to Equity Ratio,TTM Revenue_x,TTM Gross Profit,Gross Margin,TTM Revenue_y,TTM Operating Income,Operating Margin,TTM Revenue_x,TTM EBIT,EBIT Margin,TTM Revenue_y,TTM EBITDA,EBITDA Margin,TTM Revenue_x,TTM Pre-Tax Income,Pre-Tax Margin,TTM Revenue_y,TTM Net Income_x,Net Margin,TTM Net Income_y,Shareholder's Equity_y,Return on Equity,TTM Net Income_x,Tangible Equity,Return on Tangible Equity,TTM Net Income_y,Total Assets,Return on Assets,TTM Net Income,LT Investments & Debt,Return on Investment,revenue,cost-goods-sold,gross-profit,research-development-expenses,selling-general-administrative-expenses,operating-expenses,operating-income,total-non-operating-income-expense,pre-tax-income,total-provision-income-taxes,income-after-taxes,income-from-continuous-operations,net-income,ebitda,ebit,basic-shares-outstanding,shares-outstanding,eps-basic-net-earnings-per-share,eps-earnings-per-share-diluted,cash-on-hand,inventory,other-current-assets,total-current-assets,net-property-plant-equipment,long-term-investments,goodwill-intangible-assets-total,other-long-term-assets,total-long-term-assets,total-assets,total-current-liabilities,long-term-debt,other-non-current-liabilities,total-long-term-liabilities,total-liabilities,common-stock-net,retained-earnings-accumulated-deficit,comprehensive-income,total-share-holder-equity,total-liabilities-share-holders-equity,net-income-loss,total-depreciation-amortization-cash-flow,other-non-cash-items,total-non-cash-items,change-in-accounts-receivable,change-in-inventories,change-in-accounts-payable,change-in-assets-liabilities,total-change-in-assets-liabilities,cash-flow-from-operating-activities,net-change-in-property-plant-equipment,net-change-in-intangible-assets,net-acquisitions-divestitures,net-change-in-short-term-investments,net-change-in-long-term-investments,net-change-in-investments-total,investing-activities-other,cash-flow-from-investing-activities,net-long-term-debt,net-current-debt,debt-issuance-retirement-net-total,net-common-equity-issued-repurchased,net-total-equity-issued-repurchased,total-common-preferred-stock-dividends-paid,financial-activities-other,cash-flow-from-financial-activities,net-cash-flow,stock-based-compensation,common-stock-dividends-paid
0,2018-09-30,64.35,$21.50,2.99,$23.30,2.76,$-0.70,0.0,$-0.71,0.0,$0.30B,$0.08B,3.71,$0.00B,$0.37B,0.0,$0.40B,$0.23B,56.93%,$0.40B,$0.01B,2.27%,$0.40B,$0.01B,2.27%,$0.40B,$0.03B,6.80%,$0.40B,$0.01B,2.52%,$0.40B,$-0.01B,-3.02%,$-0.01B,$0.37B,-3.30%,$-0.01B,$0.27B,-4.29%,$-0.01B,$0.48B,-2.56%,$0.01B,$0.37B,2.48%,$100,$47,$52,$10,$40,$102,$-3,$-0,$-3,$-0,$-2,$-2,$-2,$2,$-3,$17,17,$-0.15,$-0.15,$135,$62,$0,$295,$31,$0,$102,$5,$189,$483,$80,$0,$18,$33,$112,$0,$170,$-17,$371,$483,$-1,$13,$12,$25,$-2,$-12,$0,$-1,$-19,$5,$-7,$-2,$-28,$0,$-9,$-9,$-2,$-47,$-0,$0,$-0,$21,$21,$0,$-1,$20,$-26,$6,$0
1,2018-06-30,54.35,$21.36,2.54,$22.85,2.38,$-0.99,0.0,$-0.46,0.0,$0.30B,$0.07B,4.16,$0.00B,$0.36B,0.0,$0.39B,$0.23B,58.40%,$0.39B,$0.01B,3.62%,$0.39B,$0.01B,3.62%,$0.39B,$0.03B,8.27%,$0.39B,$0.02B,4.13%,$0.39B,$-0.01B,-2.07%,$-0.01B,$0.36B,-2.22%,$-0.01B,$0.29B,-2.83%,$-0.01B,$0.46B,-1.74%,$0.01B,$0.36B,3.89%,$98,$41,$58,$10,$41,$96,$2,$-0,$2,$0,$1,$1,$1,$6,$2,$17,17,$0.07,$0.07,$145,$60,$0,$298,$31,$0,$77,$5,$167,$464,$72,$0,$16,$30,$102,$0,$173,$-12,$363,$464,$2,$9,$4,$13,$0,$-7,$0,$-1,$-14,$0,$-5,$-1,$-4,$0,$0,$0,$-2,$-12,$-0,$0,$-0,$7,$7,$0,$0,$7,$-7,$3,$0
2,2018-03-31,58.4,$21.72,2.69,$22.11,2.64,$-1.17,0.0,$-0.75,0.0,$0.30B,$0.07B,4.21,$0.00B,$0.37B,0.0,$0.37B,$0.22B,57.80%,$0.37B,$0.01B,2.15%,$0.37B,$0.01B,2.15%,$0.37B,$0.03B,6.99%,$0.37B,$0.01B,2.42%,$0.37B,$-0.01B,-3.49%,$-0.01B,$0.37B,-3.65%,$-0.01B,$0.29B,-4.64%,$-0.01B,$0.47B,-2.88%,$0.01B,$0.37B,2.24%,$93,$39,$54,$9,$39,$92,$1,$-0,$1,$0,$0,$0,$0,$5,$1,$17,17,$0.03,$0.03,$150,$58,$0,$299,$32,$0,$80,$3,$172,$471,$71,$0,$18,$31,$102,$0,$171,$-3,$368,$471,$0,$4,$2,$6,$2,$-5,$0,$0,$-11,$-4,$-2,$-1,$-4,$0,$0,$0,$0,$-7,$-0,$0,$-0,$7,$7,$0,$0,$7,$-2,$2,$0
3,2017-12-31,47.0,$20.96,2.24,$21.58,2.18,$-0.93,0.0,$-0.87,0.0,$0.29B,$0.08B,3.88,$0.00B,$0.35B,0.0,$0.36B,$0.21B,56.79%,$0.36B,$0.01B,1.39%,$0.36B,$0.01B,1.39%,$0.36B,$0.02B,6.37%,$0.36B,$0.01B,1.66%,$0.36B,$-0.01B,-3.88%,$-0.01B,$0.35B,-3.99%,$-0.01B,$0.28B,-5.05%,$-0.01B,$0.46B,-3.18%,$0.01B,$0.35B,1.43%,$106,$44,$62,$9,$40,$97,$9,$1,$10,$21,$-11,$-11,$-11,$14,$9,$17,17,$-0.66,$-0.66,$152,$54,$0,$294,$32,$0,$75,$2,$164,$459,$76,$0,$18,$31,$107,$0,$169,$-8,$352,$459,$-15,$17,$7,$24,$-7,$-11,$0,$-2,$1,$10,$-9,$-2,$-6,$0,$32,$32,$0,$15,$-0,$0,$-0,$4,$4,$0,$-1,$3,$35,$6,$0
4,2017-09-30,38.25,$21.35,1.79,$20.71,1.85,$0.78,49.05,0,0.0,$0.28B,$0.07B,4.22,$0.00B,$0.36B,0.0,$0.35B,$0.19B,55.33%,$0.35B,0,0.00%,$0.35B,0,0.00%,$0.35B,$0.02B,4.90%,$0.35B,0,0.00%,$0.35B,$0.00B,0.29%,$0.00B,$0.36B,0.29%,$0.00B,$0.28B,0.36%,$0.00B,$0.44B,0.23%,$0.00B,$0.36B,0.00%,$90,$38,$52,$9,$36,$88,$2,$0,$3,$1,$2,$2,$2,$7,$2,$17,17,$0.10,$0.10,$141,$59,$0,$281,$32,$0,$76,$1,$159,$440,$67,$0,$2,$17,$83,$0,$180,$-9,$357,$440,$-3,$12,$7,$19,$4,$-11,$0,$-5,$-16,$-1,$-6,$-1,$-5,$0,$32,$32,$0,$19,$-0,$0,$-0,$0,$0,$0,$-1,$-0,$24,$5,$0
5,2017-06-30,37.8,$20.92,1.81,$20.10,1.88,$2.58,14.68,$-0.03,0.0,$0.28B,$0.07B,3.96,$0.00B,$0.35B,0.0,$0.34B,$0.18B,54.30%,$0.34B,$-0.00B,-0.30%,$0.34B,$-0.00B,-0.30%,$0.34B,$0.01B,4.15%,$0.34B,$-0.00B,-0.59%,$0.34B,0,0.00%,$0.00B,$0.35B,0.00%,$0.00B,$0.28B,0.00%,$0.00B,$0.44B,0.00%,$-0.00B,$0.35B,-0.29%,$83,$36,$47,$9,$38,$87,$-4,$-0,$-5,$-1,$-4,$-4,$-4,$-0,$-4,$17,17,$-0.22,$-0.22,$140,$58,$0,$279,$32,$0,$75,$1,$158,$437,$71,$0,$3,$17,$88,$0,$178,$-13,$349,$437,$-5,$8,$4,$12,$5,$-10,$0,$-7,$-11,$-4,$-4,$-1,$-5,$21,$0,$21,$0,$11,$-0,$0,$-0,$0,$0,$0,$0,$0,$11,$3,$0
6,2017-03-31,35.75,$20.62,1.73,$19.86,1.8,$4.56,7.83,$0.39,91.67,$0.28B,$0.07B,4.27,$0.00B,$0.34B,0.0,$0.33B,$0.18B,54.05%,$0.33B,$0.01B,2.10%,$0.33B,$0.01B,2.10%,$0.33B,$0.02B,6.61%,$0.33B,$0.01B,2.10%,$0.33B,$0.01B,2.10%,$0.01B,$0.34B,2.04%,$0.01B,$0.28B,2.48%,$0.01B,$0.43B,1.64%,$0.01B,$0.34B,2.04%,$82,$38,$44,$8,$34,$84,$-2,$0,$-2,$-0,$-1,$-1,$-1,$2,$-2,$17,17,$-0.09,$-0.09,$149,$53,$0,$280,$31,$0,$69,$1,$147,$427,$66,$0,$3,$17,$83,$0,$182,$-20,$344,$427,$-1,$4,$2,$6,$2,$-2,$0,$-1,$-5,$-0,$-2,$-0,$0,$0,$0,$0,$0,$-2,$-0,$0,$-0,$0,$0,$0,$0,$0,$-0,$1,$0
7,2016-12-31,36.0,$20.36,1.77,$19.53,1.84,$5.35,6.73,$0.67,53.73,$0.28B,$0.07B,4.18,$0.00B,$0.34B,0.0,$0.33B,$0.18B,54.74%,$0.33B,$0.01B,3.98%,$0.33B,$0.01B,3.98%,$0.33B,$0.03B,8.26%,$0.33B,$0.01B,3.98%,$0.33B,$0.01B,3.36%,$0.01B,$0.34B,3.22%,$0.01B,$0.27B,3.83%,$0.01B,$0.42B,2.59%,$0.01B,$0.34B,3.80%,$92,$43,$49,$8,$33,$88,$4,$0,$4,$0,$4,$4,$4,$8,$4,$17,17,$0.21,$0.21,$149,$52,$0,$279,$32,$0,$69,$1,$145,$424,$67,$0,$2,$17,$84,$0,$183,$-25,$340,$424,$11,$14,$9,$23,$7,$-7,$0,$3,$4,$38,$-8,$-2,$-28,$0,$0,$0,$0,$-37,$-0,$0,$-0,$1,$1,$0,$-0,$0,$-1,$5,$0
8,2016-09-30,35.95,$20.73,1.73,$19.28,1.86,$4.36,8.25,$0.98,36.68,$0.30B,$0.07B,4.48,$0.00B,$0.35B,0.0,$0.33B,$0.18B,54.60%,$0.33B,$0.02B,4.91%,$0.33B,$0.02B,4.91%,$0.33B,$0.03B,8.90%,$0.33B,$0.02B,5.21%,$0.33B,$0.02B,4.91%,$0.02B,$0.35B,4.72%,$0.02B,$0.28B,5.51%,$0.02B,$0.43B,3.81%,$0.02B,$0.35B,4.72%,$80,$37,$43,$8,$31,$79,$1,$0,$1,$-0,$1,$1,$1,$4,$1,$17,17,$0.07,$0.07,$153,$55,$0,$295,$33,$0,$64,$1,$136,$431,$66,$0,$2,$19,$85,$0,$180,$-14,$346,$431,$8,$10,$7,$17,$13,$-9,$0,$-2,$4,$28,$-5,$-1,$-21,$0,$11,$11,$0,$-17,$-0,$0,$-0,$1,$1,$0,$-0,$0,$14,$4,$0
9,2016-06-30,33.83,$20.49,1.65,$18.68,1.81,$2.94,11.52,$0.86,39.34,$0.31B,$0.06B,4.98,$0.00B,$0.34B,0.0,$0.32B,$0.17B,53.29%,$0.32B,$0.01B,4.39%,$0.32B,$0.01B,4.39%,$0.32B,$0.03B,8.46%,$0.32B,$0.02B,4.70%,$0.32B,$0.01B,4.39%,$0.01B,$0.34B,4.13%,$0.01B,$0.30B,4.73%,$0.01B,$0.42B,3.35%,$0.01B,$0.34B,4.13%,$79,$35,$44,$7,$29,$74,$4,$-0,$4,$1,$3,$3,$3,$8,$4,$17,17,$0.20,$0.20,$177,$52,$0,$309,$33,$0,$43,$1,$114,$423,$62,$0,$3,$20,$82,$0,$179,$-15,$342,$423,$6,$6,$5,$11,$14,$-5,$0,$2,$10,$28,$-3,$-1,$0,$0,$0,$0,$0,$-3,$-0,$0,$-0,$1,$1,$0,$0,$1,$26,$3,$0
10,2016-03-31,32.21,$20.38,1.58,$18.76,1.72,$0.99,32.51,$0.90,35.79,$0.30B,$0.06B,5.12,$0.00B,$0.34B,0.0,$0.32B,$0.17B,52.78%,$0.32B,$0.02B,4.63%,$0.32B,$0.02B,4.63%,$0.32B,$0.03B,8.33%,$0.32B,$0.02B,4.94%,$0.32B,$0.02B,4.63%,$0.02B,$0.34B,4.41%,$0.02B,$0.30B,5.04%,$0.02B,$0.42B,3.59%,$0.02B,$0.34B,4.41%,$76,$33,$43,$7,$28,$71,$4,$-1,$4,$1,$3,$3,$3,$7,$4,$17,17,$0.19,$0.19,$163,$49,$0,$299,$36,$0,$43,$1,$119,$418,$58,$0,$3,$20,$79,$0,$175,$-13,$339,$418,$3,$3,$2,$5,$11,$-2,$0,$-0,$5,$13,$-2,$-0,$0,$0,$0,$0,$0,$-2,$-0,$0,$-0,$0,$0,$0,$0,$1,$13,$1,$0
11,2015-12-31,29.52,$19.75,1.49,$18.20,1.62,$0.23,127.85,$0.75,39.36,$0.29B,$0.06B,4.64,$0.00B,$0.33B,0.0,$0.32B,$0.17B,52.83%,$0.32B,$0.01B,4.09%,$0.32B,$0.01B,4.09%,$0.32B,$0.02B,7.55%,$0.32B,$0.01B,4.09%,$0.32B,$0.01B,4.09%,$0.01B,$0.33B,3.81%,$0.01B,$0.29B,4.36%,$0.01B,$0.41B,3.12%,$0.01B,$0.33B,3.81%,$91,$43,$48,$7,$31,$85,$7,$1,$8,$-1,$9,$9,$9,$10,$7,$17,17,$0.51,$0.51,$150,$46,$0,$292,$36,$0,$42,$1,$117,$409,$63,$0,$3,$19,$82,$0,$172,$-20,$328,$409,$13,$11,$16,$27,$10,$-18,$0,$3,$-12,$28,$-14,$-2,$-12,$0,$22,$22,$0,$-6,$-0,$0,$-0,$-20,$-20,$0,$0,$-20,$-2,$4,$0
12,2015-09-30,35.0,$19.89,1.76,$18.93,1.85,$-1.32,0.0,$0.87,40.23,$0.31B,$0.06B,5.21,$0.00B,$0.35B,0.0,$0.33B,$0.18B,53.47%,$0.33B,$0.02B,5.74%,$0.33B,$0.02B,5.74%,$0.33B,$0.03B,8.76%,$0.33B,$0.02B,5.44%,$0.33B,$0.02B,4.53%,$0.02B,$0.35B,4.35%,$0.02B,$0.30B,4.90%,$0.02B,$0.42B,3.56%,$0.02B,$0.35B,5.51%,$73,$38,$35,$6,$27,$73,$-1,$-0,$-1,$-0,$-1,$-1,$-1,$2,$-1,$17,17,$-0.05,$-0.05,$161,$55,$0,$307,$34,$0,$43,$0,$116,$423,$59,$0,$3,$18,$77,$0,$163,$-15,$346,$423,$4,$8,$15,$23,$17,$-22,$0,$-6,$-19,$8,$-8,$-2,$-12,$0,$0,$0,$0,$-22,$-0,$0,$-0,$2,$2,$0,$0,$3,$-13,$4,$0
13,2015-06-30,46.7,$20.06,2.33,$19.48,2.4,$-1.62,0.0,$1.56,29.94,$0.32B,$0.05B,5.88,$0.00B,$0.35B,0.0,$0.34B,$0.19B,55.29%,$0.34B,$0.03B,8.53%,$0.34B,$0.03B,8.53%,$0.34B,$0.04B,11.18%,$0.34B,$0.03B,8.24%,$0.34B,$0.03B,7.94%,$0.03B,$0.35B,7.88%,$0.03B,$0.31B,8.78%,$0.03B,$0.42B,6.46%,$0.03B,$0.35B,8.46%,$84,$39,$45,$7,$29,$78,$5,$-0,$5,$1,$4,$4,$4,$8,$5,$17,18,$0.24,$0.24,$156,$69,$0,$319,$31,$0,$43,$0,$103,$422,$54,$0,$3,$19,$73,$0,$164,$-11,$349,$422,$5,$5,$5,$11,$12,$-15,$0,$-2,$-17,$-2,$-6,$-1,$-12,$0,$0,$0,$0,$-19,$-0,$0,$-0,$2,$2,$0,$0,$2,$-19,$2,$0
14,2015-03-31,62.13,$19.64,3.16,$19.43,3.2,$-0.89,0.0,$1.68,36.98,$0.31B,$0.06B,5.65,$0.00B,$0.34B,0.0,$0.34B,$0.19B,55.92%,$0.34B,$0.03B,9.47%,$0.34B,$0.03B,9.47%,$0.34B,$0.04B,11.83%,$0.34B,$0.03B,9.47%,$0.34B,$0.03B,8.58%,$0.03B,$0.34B,8.57%,$0.03B,$0.30B,9.45%,$0.03B,$0.41B,7.00%,$0.03B,$0.34B,9.46%,$70,$30,$40,$6,$29,$68,$2,$-1,$1,$-0,$1,$1,$1,$4,$2,$17,18,$0.04,$0.04,$161,$67,$0,$314,$30,$0,$43,$0,$101,$414,$56,$0,$2,$18,$73,$0,$160,$-13,$341,$414,$1,$2,$5,$7,$18,$-14,$0,$-2,$-7,$1,$-2,$-0,$-12,$0,$0,$0,$0,$-15,$-0,$0,$-0,$2,$2,$0,$0,$2,$-13,$1,$0
15,2014-12-31,62.68,$19.86,3.16,$19.66,3.19,$-0.97,0.0,$1.93,32.48,$0.32B,$0.07B,4.81,$0.00B,$0.34B,0.0,$0.34B,$0.19B,55.43%,$0.34B,$0.04B,10.85%,$0.34B,$0.04B,10.85%,$0.34B,$0.05B,13.20%,$0.34B,$0.04B,11.14%,$0.34B,$0.03B,9.68%,$0.03B,$0.34B,9.88%,$0.03B,$0.32B,10.78%,$0.03B,$0.43B,8.08%,$0.04B,$0.34B,11.08%,$104,$47,$57,$8,$34,$91,$13,$0,$13,$2,$11,$11,$11,$15,$13,$17,17,$0.64,$0.64,$174,$43,$0,$323,$29,$0,$28,$1,$102,$425,$67,$0,$1,$14,$82,$0,$160,$-7,$344,$425,$34,$7,$3,$10,$-25,$-22,$0,$1,$-38,$6,$-19,$-1,$-1,$0,$0,$0,$0,$-21,$-0,$0,$-0,$3,$3,$0,$0,$4,$-15,$5,$0
16,2014-09-30,50.75,$19.51,2.6,$18.90,2.69,$1.52,33.45,$1.77,28.67,$0.33B,$0.06B,5.73,$0.00B,$0.34B,0.0,$0.33B,$0.18B,55.35%,$0.33B,$0.04B,10.70%,$0.33B,$0.04B,10.70%,$0.33B,$0.04B,13.15%,$0.33B,$0.04B,11.01%,$0.33B,$0.03B,9.17%,$0.03B,$0.34B,9.17%,$0.03B,$0.31B,10.03%,$0.03B,$0.41B,7.50%,$0.04B,$0.34B,10.70%,$82,$36,$46,$7,$28,$73,$9,$0,$9,$-2,$11,$11,$11,$11,$9,$17,17,$0.65,$0.64,$182,$56,$0,$329,$22,$0,$28,$0,$81,$410,$57,$0,$0,$15,$73,$0,$148,$-1,$337,$410,$23,$6,$1,$7,$-5,$-17,$0,$-2,$-25,$4,$-10,$-1,$-1,$0,$0,$0,$0,$-12,$-0,$0,$-0,$3,$3,$0,$0,$3,$-8,$4,$0
17,2014-06-30,49.12,$19.22,2.56,$18.14,2.71,$3.15,15.59,$1.42,34.59,$0.34B,$0.06B,5.58,$0.00B,$0.33B,0.0,$0.31B,$0.17B,55.59%,$0.31B,$0.03B,10.86%,$0.31B,$0.03B,10.86%,$0.31B,$0.04B,13.10%,$0.31B,$0.03B,10.86%,$0.31B,$0.02B,7.67%,$0.02B,$0.33B,7.53%,$0.02B,$0.30B,8.24%,$0.02B,$0.41B,6.17%,$0.03B,$0.33B,10.67%,$82,$37,$46,$7,$29,$74,$8,$0,$9,$2,$6,$6,$6,$10,$8,$17,17,$0.37,$0.36,$195,$53,$0,$335,$18,$0,$28,$0,$72,$407,$60,$0,$0,$15,$75,$0,$137,$7,$331,$407,$11,$4,$4,$7,$0,$-9,$0,$2,$-9,$10,$-5,$-1,$0,$0,$0,$0,$0,$-5,$-0,$0,$-0,$2,$2,$0,$0,$2,$5,$2,$0
18,2014-03-31,53.0,$18.79,2.82,$17.39,3.05,$3.88,13.67,$1.27,41.73,$0.32B,$0.05B,6.02,$0.00B,$0.32B,0.0,$0.30B,$0.17B,55.18%,$0.30B,$0.03B,10.37%,$0.30B,$0.03B,10.37%,$0.30B,$0.04B,12.71%,$0.30B,$0.03B,10.03%,$0.30B,$0.02B,7.36%,$0.02B,$0.32B,7.11%,$0.02B,$0.30B,7.79%,$0.02B,$0.39B,5.85%,$0.03B,$0.32B,10.02%,$73,$33,$40,$5,$26,$66,$7,$-0,$7,$2,$5,$5,$5,$9,$7,$17,17,$0.29,$0.29,$188,$50,$0,$323,$17,$0,$28,$0,$69,$392,$54,$0,$0,$15,$68,$0,$131,$7,$324,$392,$5,$2,$2,$4,$2,$-4,$0,$0,$-10,$-1,$-2,$-0,$0,$0,$0,$0,$0,$-3,$-0,$0,$-0,$2,$2,$0,$0,$2,$-2,$1,$0
19,2013-12-31,58.3,$18.38,3.17,$16.97,3.44,$4.63,12.6,$1.25,46.64,$0.32B,$0.06B,5.32,$0.00B,$0.32B,0.0,$0.29B,$0.16B,55.67%,$0.29B,$0.03B,10.31%,$0.29B,$0.03B,10.31%,$0.29B,$0.04B,12.71%,$0.29B,$0.03B,9.97%,$0.29B,$0.02B,7.56%,$0.02B,$0.32B,7.32%,$0.02B,$0.29B,8.03%,$0.02B,$0.39B,6.01%,$0.03B,$0.32B,9.98%,$90,$41,$49,$6,$30,$79,$11,$0,$11,$3,$8,$8,$8,$13,$11,$17,17,$0.49,$0.48,$190,$49,$0,$324,$16,$0,$27,$0,$67,$391,$61,$0,$0,$15,$76,$0,$126,$7,$316,$391,$22,$7,$6,$13,$-4,$-1,$0,$1,$-0,$34,$-4,$-2,$0,$0,$0,$0,$0,$-7,$-0,$0,$-0,$5,$5,$0,$1,$6,$31,$4,$0
20,2013-09-30,42.17,$17.76,2.37,$16.46,2.56,$4.30,9.82,$1.23,34.28,$0.31B,$0.05B,6.11,$0.00B,$0.30B,0.0,$0.28B,$0.16B,55.32%,$0.28B,$0.03B,10.64%,$0.28B,$0.03B,10.64%,$0.28B,$0.04B,13.12%,$0.28B,$0.03B,10.28%,$0.28B,$0.02B,7.80%,$0.02B,$0.30B,7.52%,$0.02B,$0.28B,8.26%,$0.02B,$0.37B,6.18%,$0.03B,$0.30B,10.26%,$68,$29,$39,$6,$24,$61,$8,$-1,$7,$2,$5,$5,$5,$9,$8,$17,17,$0.29,$0.29,$182,$49,$0,$305,$14,$0,$27,$0,$62,$367,$50,$0,$0,$13,$63,$0,$118,$7,$304,$367,$13,$5,$4,$9,$9,$1,$0,$-3,$2,$24,$-2,$-2,$0,$0,$0,$0,$0,$-4,$-0,$0,$-0,$3,$3,$0,$1,$4,$24,$3,$0
21,2013-06-30,33.82,$17.18,1.97,$16.05,2.11,$3.59,9.42,$1.15,29.41,$0.29B,$0.05B,6.19,$0.00B,$0.29B,0.0,$0.28B,$0.15B,54.18%,$0.28B,$0.03B,9.82%,$0.28B,$0.03B,9.82%,$0.28B,$0.04B,12.73%,$0.28B,$0.03B,9.82%,$0.28B,$0.02B,7.64%,$0.02B,$0.29B,7.37%,$0.02B,$0.27B,8.11%,$0.02B,$0.35B,6.06%,$0.03B,$0.29B,9.48%,$68,$31,$37,$5,$25,$63,$5,$-0,$5,$1,$4,$4,$4,$7,$5,$17,17,$0.21,$0.21,$176,$48,$0,$294,$14,$0,$26,$0,$60,$354,$47,$0,$0,$13,$60,$0,$113,$3,$294,$354,$8,$4,$3,$6,$10,$1,$0,$0,$4,$18,$-1,$-1,$0,$0,$0,$0,$0,$-2,$-0,$0,$-0,$3,$3,$0,$1,$4,$18,$2,$0
22,2013-03-31,43.39,$16.90,2.57,$15.96,2.72,$2.82,15.37,$1.22,35.57,$0.29B,$0.05B,5.62,$0.00B,$0.29B,0.0,$0.27B,$0.15B,54.38%,$0.27B,$0.03B,10.58%,$0.27B,$0.03B,10.58%,$0.27B,$0.04B,13.50%,$0.27B,$0.03B,10.22%,$0.27B,$0.02B,8.03%,$0.02B,$0.29B,7.92%,$0.02B,$0.26B,8.72%,$0.02B,$0.35B,6.48%,$0.03B,$0.29B,10.44%,$65,$29,$37,$5,$24,$60,$6,$-0,$6,$1,$5,$5,$5,$8,$6,$17,17,$0.27,$0.27,$170,$50,$0,$292,$14,$0,$26,$0,$61,$353,$52,$0,$0,$12,$65,$0,$109,$3,$289,$353,$5,$2,$2,$3,$8,$-1,$0,$-2,$2,$10,$-0,$-0,$0,$0,$0,$0,$0,$-1,$-0,$0,$-0,$3,$3,$0,$1,$4,$11,$1,$0
23,2012-12-31,35.68,$16.66,2.14,$15.96,2.24,$2.45,14.56,$1.34,26.63,$0.29B,$0.06B,5.17,$0.00B,$0.28B,0.0,$0.27B,$0.15B,54.38%,$0.27B,$0.03B,11.31%,$0.27B,$0.03B,11.31%,$0.27B,$0.04B,14.23%,$0.27B,$0.03B,11.31%,$0.27B,$0.02B,8.76%,$0.02B,$0.28B,8.85%,$0.02B,$0.26B,9.77%,$0.02B,$0.35B,7.23%,$0.03B,$0.28B,11.43%,$81,$38,$43,$5,$25,$69,$11,$-1,$11,$3,$8,$8,$8,$13,$11,$17,17,$0.46,$0.46,$158,$49,$0,$288,$15,$0,$26,$0,$63,$351,$56,$0,$0,$12,$68,$0,$104,$6,$283,$351,$23,$7,$3,$10,$-5,$-3,$0,$2,$-5,$28,$-4,$-1,$0,$0,$0,$0,$0,$-5,$-0,$0,$-0,$6,$6,$0,$1,$7,$29,$4,$0
24,2012-09-30,41.32,$16.08,2.57,$15.82,2.61,$1.30,31.84,$1.44,28.69,$0.27B,$0.05B,5.87,$0.00B,$0.27B,0.0,$0.27B,$0.15B,55.56%,$0.27B,$0.03B,12.22%,$0.27B,$0.03B,12.22%,$0.27B,$0.04B,15.19%,$0.27B,$0.03B,11.85%,$0.27B,$0.03B,9.26%,$0.03B,$0.27B,9.52%,$0.03B,$0.25B,10.55%,$0.03B,$0.33B,7.75%,$0.03B,$0.27B,12.57%,$61,$28,$32,$4,$21,$56,$5,$0,$5,$1,$4,$4,$4,$7,$5,$17,17,$0.22,$0.21,$145,$53,$0,$266,$16,$0,$25,$0,$63,$329,$45,$0,$0,$11,$56,$0,$97,$5,$273,$329,$15,$5,$1,$6,$6,$-6,$0,$-1,$-8,$13,$-3,$-1,$0,$0,$0,$0,$0,$-4,$-0,$0,$-0,$6,$6,$0,$1,$7,$16,$3,$0
25,2012-06-30,42.08,$15.71,2.68,$16.11,2.61,$0.42,99.79,$1.61,26.14,$0.26B,$0.05B,5.44,$0.00B,$0.27B,0.0,$0.27B,$0.15B,56.20%,$0.27B,$0.04B,13.87%,$0.27B,$0.04B,13.87%,$0.27B,$0.05B,16.79%,$0.27B,$0.04B,13.14%,$0.27B,$0.03B,9.85%,$0.03B,$0.27B,10.64%,$0.03B,$0.24B,11.84%,$0.03B,$0.33B,8.60%,$0.04B,$0.27B,14.98%,$67,$30,$37,$5,$24,$60,$7,$-0,$6,$2,$5,$5,$5,$9,$7,$17,17,$0.28,$0.28,$140,$54,$0,$264,$16,$0,$25,$0,$62,$325,$49,$0,$0,$11,$59,$0,$93,$4,$266,$325,$11,$3,$-0,$3,$4,$-6,$0,$-0,$-8,$7,$-3,$-0,$0,$0,$0,$0,$0,$-3,$-0,$0,$-0,$6,$6,$0,$1,$7,$10,$2,$0
26,2012-03-31,58.33,$15.55,3.75,$15.76,3.7,$0.15,386.55,$1.58,36.92,$0.26B,$0.05B,5.35,$0.00B,$0.26B,0.0,$0.27B,$0.15B,56.55%,$0.27B,$0.04B,13.86%,$0.27B,$0.04B,13.86%,$0.27B,$0.04B,16.48%,$0.27B,$0.04B,13.48%,$0.27B,$0.03B,9.74%,$0.03B,$0.26B,10.57%,$0.03B,$0.24B,11.85%,$0.03B,$0.32B,8.52%,$0.04B,$0.26B,15.04%,$65,$28,$37,$4,$23,$57,$8,$0,$9,$2,$7,$7,$7,$10,$8,$17,17,$0.40,$0.39,$139,$56,$0,$260,$16,$0,$26,$0,$63,$323,$49,$0,$0,$11,$60,$0,$88,$7,$263,$323,$7,$2,$1,$2,$9,$-6,$0,$-2,$-5,$4,$-1,$-0,$0,$0,$0,$0,$0,$-1,$-0,$0,$-0,$5,$5,$0,$1,$6,$9,$1,$0
27,2011-12-31,46.0,$14.84,3.1,$15.13,3.04,$0.00,0.0,$1.39,33.09,$0.25B,$0.05B,4.66,$0.00B,$0.25B,0.0,$0.26B,$0.14B,56.47%,$0.26B,$0.03B,12.94%,$0.26B,$0.03B,12.94%,$0.26B,$0.04B,15.69%,$0.26B,$0.03B,12.16%,$0.26B,$0.02B,8.63%,$0.02B,$0.25B,9.33%,$0.02B,$0.22B,10.53%,$0.02B,$0.31B,7.50%,$0.03B,$0.25B,14.00%,$77,$34,$44,$4,$25,$64,$13,$-0,$12,$3,$9,$9,$9,$15,$13,$17,17,$0.57,$0.56,$130,$50,$0,$251,$16,$0,$25,$0,$61,$313,$54,$0,$0,$11,$65,$0,$81,$6,$248,$313,$23,$7,$3,$9,$-9,$-27,$0,$5,$-24,$9,$-4,$-1,$0,$0,$0,$0,$0,$-5,$-0,$0,$-0,$9,$9,$0,$2,$11,$14,$3,$0
28,2011-09-30,31.55,$14.33,2.2,$14.13,2.23,$0.42,75.1,$1.12,28.17,$0.23B,$0.05B,5.07,$0.00B,$0.24B,0.0,$0.24B,$0.14B,56.96%,$0.24B,$0.03B,10.97%,$0.24B,$0.03B,10.97%,$0.24B,$0.03B,13.92%,$0.24B,$0.02B,10.13%,$0.24B,$0.02B,7.59%,$0.02B,$0.24B,7.94%,$0.02B,$0.21B,9.00%,$0.02B,$0.30B,6.39%,$0.03B,$0.24B,11.45%,$65,$28,$36,$4,$21,$55,$10,$-1,$9,$3,$6,$6,$6,$12,$10,$17,17,$0.39,$0.38,$119,$49,$0,$234,$16,$0,$26,$0,$60,$295,$46,$0,$0,$10,$56,$0,$72,$8,$238,$295,$14,$5,$2,$7,$-0,$-24,$0,$-0,$-23,$-1,$-3,$-1,$0,$0,$0,$0,$0,$-4,$-0,$0,$-0,$8,$8,$0,$1,$9,$4,$2,$0
29,2011-06-30,43.8,$14.15,3.1,$13.07,3.35,$1.15,38.14,$0.88,49.77,$0.23B,$0.05B,5.04,$0.00B,$0.24B,0.0,$0.22B,$0.13B,57.60%,$0.22B,$0.02B,8.76%,$0.22B,$0.02B,8.76%,$0.22B,$0.03B,11.98%,$0.22B,$0.02B,8.29%,$0.22B,$0.01B,6.45%,$0.01B,$0.24B,6.40%,$0.01B,$0.21B,7.30%,$0.01B,$0.29B,5.17%,$0.02B,$0.24B,8.68%,$60,$26,$34,$4,$22,$54,$6,$-0,$6,$1,$4,$4,$4,$7,$6,$16,17,$0.26,$0.25,$122,$45,$0,$229,$16,$0,$27,$0,$61,$290,$45,$0,$0,$10,$55,$0,$65,$13,$235,$290,$7,$3,$1,$5,$6,$-15,$0,$-2,$-10,$2,$-3,$-0,$0,$0,$0,$0,$0,$-3,$-0,$0,$-0,$7,$7,$0,$1,$8,$7,$1,$0
30,2011-03-31,40.0,$13.57,2.95,$12.33,3.25,$1.46,27.46,$0.74,54.05,$0.22B,$0.04B,4.86,$0.00B,$0.22B,0.0,$0.20B,$0.12B,58.13%,$0.20B,$0.02B,8.87%,$0.20B,$0.02B,8.87%,$0.20B,$0.03B,12.32%,$0.20B,$0.02B,7.39%,$0.20B,$0.01B,5.91%,$0.01B,$0.22B,5.73%,$0.01B,$0.20B,6.56%,$0.01B,$0.28B,4.65%,$0.02B,$0.22B,8.58%,$53,$22,$30,$4,$21,$48,$4,$0,$4,$1,$3,$3,$3,$6,$4,$16,17,$0.20,$0.20,$118,$37,$0,$216,$16,$0,$27,$0,$59,$275,$44,$0,$0,$9,$53,$0,$61,$10,$222,$275,$3,$2,$1,$3,$5,$-8,$0,$2,$-4,$2,$-1,$-0,$0,$0,$0,$0,$0,$-1,$-0,$0,$-0,$3,$3,$0,$0,$3,$3,$1,$0
31,2010-12-31,32.84,$13.10,2.51,$11.76,2.79,$1.42,23.13,$0.67,49.01,$0.21B,$0.05B,4.58,$0.00B,$0.21B,0.0,$0.19B,$0.11B,58.85%,$0.19B,$0.02B,8.85%,$0.19B,$0.02B,8.85%,$0.19B,$0.02B,12.50%,$0.19B,$0.01B,7.29%,$0.19B,$0.01B,5.73%,$0.01B,$0.21B,5.42%,$0.01B,$0.19B,6.22%,$0.01B,$0.27B,4.41%,$0.02B,$0.21B,8.35%,$59,$24,$35,$4,$23,$52,$6,$-1,$5,$0,$5,$5,$5,$8,$6,$16,16,$0.31,$0.30,$116,$28,$0,$208,$15,$0,$26,$0,$58,$266,$45,$0,$0,$8,$54,$0,$58,$7,$212,$266,$11,$6,$4,$10,$-13,$-6,$0,$2,$-7,$15,$-4,$-1,$0,$0,$0,$0,$0,$-5,$-0,$0,$-0,$1,$1,$0,$0,$1,$16,$2,$0
32,2010-09-30,21.81,$12.75,1.71,$11.04,1.98,$1.10,19.87,$0.34,64.15,$0.20B,$0.04B,5.35,$0.00B,$0.21B,0.0,$0.18B,$0.10B,57.54%,$0.18B,$0.01B,7.26%,$0.18B,$0.01B,7.26%,$0.18B,$0.02B,11.17%,$0.18B,$0.01B,6.70%,$0.18B,$0.01B,2.79%,$0.01B,$0.21B,2.51%,$0.01B,$0.18B,2.90%,$0.01B,$0.25B,2.07%,$0.01B,$0.21B,6.52%,$45,$19,$26,$3,$19,$42,$3,$1,$3,$1,$2,$2,$2,$5,$3,$16,16,$0.14,$0.14,$110,$28,$0,$196,$15,$0,$27,$0,$56,$252,$37,$0,$0,$9,$46,$0,$53,$7,$206,$252,$6,$5,$5,$9,$-3,$-5,$0,$-2,$-6,$10,$-3,$-1,$0,$0,$0,$0,$0,$-3,$-0,$0,$-0,$0,$0,$0,$0,$0,$10,$2,$0
33,2010-06-30,18.71,$12.23,1.53,$10.47,1.79,$0.49,38.0,$0.12,155.92,$0.19B,$0.04B,5.32,$0.00B,$0.20B,0.0,$0.17B,$0.10B,57.06%,$0.17B,$0.01B,4.71%,$0.17B,$0.01B,4.71%,$0.17B,$0.01B,8.24%,$0.17B,$0.01B,4.12%,$0.17B,$0.00B,1.18%,$0.00B,$0.20B,1.02%,$0.00B,$0.17B,1.18%,$0.00B,$0.24B,0.85%,$0.01B,$0.20B,4.06%,$46,$19,$27,$3,$18,$41,$5,$-2,$3,$1,$2,$2,$2,$6,$5,$16,16,$0.11,$0.11,$107,$27,$0,$186,$14,$0,$25,$0,$54,$240,$35,$0,$0,$7,$42,$0,$51,$2,$198,$240,$4,$3,$2,$5,$-1,$-5,$0,$-1,$-3,$6,$-1,$-0,$0,$0,$0,$0,$0,$-2,$-0,$0,$-0,$0,$0,$0,$0,$0,$7,$1,$0
34,2010-03-31,25.75,$12.17,2.12,$9.82,2.62,$-0.00,0.0,$-0.12,0.0,$0.18B,$0.04B,5.17,$0.00B,$0.20B,0.0,$0.16B,$0.09B,55.97%,$0.16B,$-0.00B,-0.63%,$0.16B,$-0.00B,-0.63%,$0.16B,$0.01B,3.77%,$0.16B,$0.00B,0.63%,$0.16B,$-0.00B,-1.26%,$-0.00B,$0.20B,-1.02%,$-0.00B,$0.17B,-1.18%,$-0.00B,$0.24B,-0.86%,$-0.00B,$0.20B,-0.51%,$42,$17,$25,$3,$17,$39,$3,$-1,$3,$1,$2,$2,$2,$5,$3,$16,16,$0.13,$0.13,$103,$26,$0,$183,$15,$0,$27,$0,$56,$239,$35,$0,$0,$7,$42,$0,$49,$3,$196,$239,$2,$2,$1,$2,$1,$-3,$0,$-3,$-4,$1,$-1,$-0,$0,$0,$0,$0,$0,$-1,$-0,$2,$2,$0,$0,$0,$0,$3,$3,$1,$0
35,2009-12-31,21.44,$12.20,1.76,$9.16,2.34,$-0.13,0.0,$-0.66,0.0,$0.18B,$0.03B,5.65,$0.00B,$0.20B,0.0,$0.15B,$0.08B,54.05%,$0.15B,$-0.01B,-8.11%,$0.15B,$-0.01B,-8.11%,$0.15B,$-0.01B,-3.38%,$0.15B,$-0.01B,-6.76%,$0.15B,$-0.01B,-7.43%,$-0.01B,$0.20B,-5.61%,$-0.01B,$0.17B,-6.53%,$-0.01B,$0.24B,-4.76%,$-0.01B,$0.20B,-6.11%,$46,$21,$25,$3,$19,$44,$2,$0,$3,$3,$-1,$-1,$-1,$4,$2,$16,16,$-0.04,$-0.04,$100,$27,$0,$180,$14,$0,$28,$0,$56,$236,$32,$0,$0,$7,$39,$0,$47,$6,$197,$236,$-11,$6,$6,$12,$6,$8,$0,$3,$8,$9,$-3,$-1,$0,$17,$0,$17,$0,$13,$-0,$0,$-0,$-9,$-9,$0,$0,$-9,$12,$2,$0
36,2009-09-30,17.18,$12.24,1.4,$9.67,1.78,$-0.27,0.0,$-0.49,0.0,$0.17B,$0.03B,6.65,$0.00B,$0.20B,0.0,$0.16B,$0.09B,55.06%,$0.16B,$-0.01B,-5.70%,$0.16B,$-0.01B,-5.70%,$0.16B,$-0.01B,-3.16%,$0.16B,$-0.01B,-5.70%,$0.16B,$-0.01B,-5.06%,$-0.01B,$0.20B,-4.01%,$-0.01B,$0.17B,-4.64%,$-0.01B,$0.23B,-3.38%,$-0.01B,$0.20B,-4.49%,$36,$16,$20,$3,$18,$38,$-2,$0,$-2,$-1,$-1,$-1,$-1,$-1,$-2,$16,16,$-0.08,$-0.08,$92,$28,$0,$173,$14,$0,$28,$0,$57,$230,$26,$0,$0,$7,$33,$0,$48,$7,$197,$230,$-10,$4,$5,$9,$14,$6,$0,$-6,$2,$0,$-3,$-1,$0,$17,$0,$17,$0,$14,$-0,$0,$-0,$-9,$-9,$0,$0,$-9,$4,$2,$0
37,2009-06-30,15.53,$12.14,1.28,$10.39,1.5,$0.05,332.55,$-0.29,0.0,$0.17B,$0.03B,6.84,$0.00B,$0.20B,0.0,$0.17B,$0.10B,56.14%,$0.17B,$-0.00B,-2.34%,$0.17B,$-0.00B,-2.34%,$0.17B,0,0.00%,$0.17B,$-0.00B,-2.34%,$0.17B,$-0.01B,-2.92%,$-0.01B,$0.20B,-2.47%,$-0.01B,$0.17B,-2.85%,$-0.01B,$0.23B,-2.06%,$-0.00B,$0.20B,-1.97%,$35,$15,$19,$3,$18,$38,$-4,$1,$-3,$-1,$-2,$-2,$-2,$-2,$-4,$16,16,$-0.13,$-0.13,$92,$30,$0,$171,$15,$0,$27,$0,$57,$228,$25,$0,$0,$7,$32,$0,$49,$5,$195,$228,$-9,$3,$2,$5,$16,$4,$0,$-3,$3,$-1,$-3,$-0,$0,$17,$0,$17,$0,$14,$-0,$0,$-0,$-9,$-9,$0,$0,$-9,$3,$1,$0
38,2009-03-31,13.44,$12.15,1.11,$11.68,1.15,$-0.04,0.0,$0.22,61.09,$0.17B,$0.03B,6.33,$0.00B,$0.20B,0.0,$0.19B,$0.11B,58.25%,$0.19B,$0.01B,4.12%,$0.19B,$0.01B,4.12%,$0.19B,$0.01B,6.19%,$0.19B,$0.01B,3.61%,$0.19B,$0.00B,1.55%,$0.00B,$0.20B,1.45%,$0.00B,$0.17B,1.68%,$0.00B,$0.23B,1.21%,$0.01B,$0.20B,3.86%,$31,$15,$16,$3,$19,$39,$-8,$-1,$-8,$-2,$-7,$-7,$-7,$-6,$-8,$16,16,$-0.41,$-0.41,$94,$34,$0,$174,$15,$0,$27,$0,$56,$230,$27,$0,$0,$7,$35,$0,$51,$3,$195,$230,$-7,$1,$1,$2,$18,$-1,$0,$-2,$4,$-0,$-2,$-0,$0,$49,$0,$49,$0,$47,$-0,$0,$-0,$-9,$-9,$0,$0,$-9,$38,$1,$0
39,2008-12-31,16.86,$12.74,1.32,$12.49,1.35,$0.04,420.45,$0.83,20.31,$0.20B,$0.04B,5.2,$0.00B,$0.21B,0.0,$0.21B,$0.13B,59.81%,$0.21B,$0.02B,9.57%,$0.21B,$0.02B,9.57%,$0.21B,$0.02B,11.00%,$0.21B,$0.02B,9.09%,$0.21B,$0.01B,6.22%,$0.01B,$0.21B,6.24%,$0.01B,$0.19B,7.18%,$0.01B,$0.26B,5.13%,$0.02B,$0.21B,9.57%,$56,$24,$32,$4,$23,$52,$5,$-1,$4,$1,$2,$2,$2,$4,$5,$17,17,$0.14,$0.13,$105,$33,$0,$202,$14,$0,$28,$0,$57,$259,$39,$0,$0,$8,$47,$0,$57,$6,$212,$259,$14,$5,$1,$6,$3,$-6,$0,$3,$-7,$13,$-10,$-4,$0,$-5,$0,$-5,$0,$-18,$-0,$0,$-0,$-0,$-0,$0,$0,$0,$-2,$2,$0
40,2008-09-30,20.37,$12.60,1.62,$12.90,1.58,$1.01,20.08,$1.20,16.98,$0.20B,$0.04B,5.64,$0.00B,$0.21B,0.0,$0.21B,$0.13B,60.85%,$0.21B,$0.02B,10.85%,$0.21B,$0.02B,10.85%,$0.21B,$0.03B,13.21%,$0.21B,$0.03B,11.79%,$0.21B,$0.02B,8.96%,$0.02B,$0.21B,9.31%,$0.02B,$0.18B,10.73%,$0.02B,$0.25B,7.61%,$0.02B,$0.21B,11.25%,$49,$20,$29,$3,$22,$46,$3,$-0,$3,$1,$2,$2,$2,$4,$3,$17,17,$0.12,$0.12,$103,$37,$0,$200,$10,$0,$28,$0,$53,$253,$35,$0,$0,$8,$43,$0,$55,$5,$209,$253,$12,$5,$-1,$4,$9,$-10,$0,$0,$-9,$7,$-4,$-4,$0,$-5,$0,$-5,$0,$-13,$-0,$0,$-0,$0,$0,$0,$0,$0,$-6,$0,$0
41,2008-06-30,25.17,$12.58,2.0,$12.75,1.97,$1.44,17.45,$1.12,22.47,$0.20B,$0.03B,5.95,$0.00B,$0.21B,0.0,$0.21B,$0.13B,60.58%,$0.21B,$0.02B,10.10%,$0.21B,$0.02B,10.10%,$0.21B,$0.03B,12.50%,$0.21B,$0.02B,11.54%,$0.21B,$0.02B,8.65%,$0.02B,$0.21B,9.08%,$0.02B,$0.18B,10.45%,$0.02B,$0.25B,7.42%,$0.02B,$0.21B,10.58%,$58,$22,$36,$3,$24,$50,$8,$0,$8,$2,$6,$6,$6,$10,$8,$17,17,$0.38,$0.38,$95,$38,$0,$200,$8,$0,$29,$0,$52,$252,$34,$0,$0,$8,$42,$0,$53,$9,$210,$252,$10,$3,$-1,$2,$4,$-9,$0,$0,$-15,$-3,$-2,$-3,$0,$-0,$0,$-0,$0,$-6,$-0,$0,$-0,$0,$0,$0,$0,$0,$-9,$0,$0
42,2008-03-31,31.18,$12.19,2.56,$12.48,2.5,$2.06,15.16,$1.13,27.59,$0.20B,$0.04B,5.29,$0.00B,$0.20B,0.0,$0.20B,$0.12B,60.10%,$0.20B,$0.02B,9.60%,$0.20B,$0.02B,9.60%,$0.20B,$0.02B,12.12%,$0.20B,$0.02B,11.62%,$0.20B,$0.02B,9.09%,$0.02B,$0.20B,10.14%,$0.02B,$0.18B,11.78%,$0.02B,$0.25B,8.19%,$0.02B,$0.20B,10.69%,$46,$18,$28,$3,$20,$42,$4,$0,$4,$1,$3,$3,$3,$5,$4,$17,17,$0.20,$0.20,$103,$37,$0,$201,$8,$0,$26,$0,$48,$250,$38,$0,$0,$8,$46,$0,$47,$9,$203,$250,$3,$1,$1,$2,$9,$-7,$0,$-2,$-5,$0,$-1,$-0,$0,$-6,$0,$-6,$0,$-7,$-0,$0,$-0,$0,$0,$0,$0,$0,$-6,$0,$0
43,2007-12-31,27.18,$11.67,2.33,$12.47,2.18,$2.06,13.19,$1.15,23.63,$0.20B,$0.04B,4.75,$0.00B,$0.19B,0.0,$0.19B,$0.12B,59.90%,$0.19B,$0.02B,9.38%,$0.19B,$0.02B,9.38%,$0.19B,$0.02B,12.50%,$0.19B,$0.02B,11.98%,$0.19B,$0.02B,9.38%,$0.02B,$0.19B,11.52%,$0.02B,$0.17B,13.64%,$0.02B,$0.24B,9.30%,$0.02B,$0.20B,11.50%,$59,$24,$36,$3,$23,$51,$8,$1,$10,$1,$8,$8,$8,$9,$8,$15,16,$0.52,$0.50,$103,$29,$0,$198,$8,$0,$25,$0,$46,$244,$42,$0,$0,$7,$49,$0,$44,$5,$194,$244,$18,$5,$-0,$5,$-9,$-7,$0,$5,$-2,$22,$-3,$-0,$0,$-62,$0,$-62,$0,$-65,$-0,$0,$-0,$58,$58,$0,$1,$59,$10,$0,$0
44,2007-09-30,44.15,$11.19,3.95,$11.72,3.77,$1.31,33.62,$0.90,49.06,$0.18B,$0.03B,5.59,$0.00B,$0.19B,0.0,$0.18B,$0.11B,59.32%,$0.18B,$0.01B,7.91%,$0.18B,$0.01B,7.91%,$0.18B,$0.02B,11.30%,$0.18B,$0.02B,9.60%,$0.18B,$0.01B,7.91%,$0.01B,$0.19B,10.33%,$0.01B,$0.16B,12.53%,$0.01B,$0.23B,8.31%,$0.01B,$0.19B,10.33%,$45,$18,$26,$3,$22,$44,$1,$1,$2,$2,$1,$1,$1,$2,$1,$16,16,$0.04,$0.04,$98,$26,$0,$179,$7,$0,$24,$0,$46,$225,$32,$0,$0,$6,$38,$0,$35,$3,$186,$225,$10,$4,$-0,$4,$-0,$-5,$0,$4,$-2,$11,$-2,$-0,$0,$-57,$0,$-57,$0,$-59,$-0,$0,$-0,$58,$58,$0,$3,$61,$10,$0,$0
45,2007-06-30,31.86,$8.52,3.74,$11.58,2.75,$0.74,43.34,$1.08,29.5,$0.12B,$0.03B,4.25,$0.00B,$0.13B,0.0,$0.17B,$0.10B,59.41%,$0.17B,$0.02B,9.41%,$0.17B,$0.02B,9.41%,$0.17B,$0.02B,12.94%,$0.17B,$0.02B,11.18%,$0.17B,$0.02B,9.41%,$0.02B,$0.13B,13.85%,$0.02B,$0.10B,17.44%,$0.02B,$0.16B,10.98%,$0.02B,$0.13B,13.85%,$48,$18,$29,$2,$20,$41,$6,$1,$7,$1,$6,$6,$6,$8,$6,$15,15,$0.39,$0.39,$40,$22,$0,$116,$7,$0,$24,$0,$44,$160,$27,$0,$0,$6,$33,$0,$34,$1,$127,$160,$9,$3,$-0,$2,$-2,$-1,$0,$2,$-5,$6,$-1,$-0,$0,$-5,$0,$-5,$0,$-7,$-0,$0,$-0,$3,$3,$0,$2,$6,$4,$0,$0
46,2007-03-31,28.87,$7.97,3.62,$11.03,2.62,$0.25,117.12,$0.75,38.49,$0.10B,$0.02B,4.52,$0.00B,$0.12B,0.0,$0.16B,$0.10B,59.38%,$0.16B,$0.01B,6.88%,$0.16B,$0.01B,6.88%,$0.16B,$0.02B,10.00%,$0.16B,$0.01B,8.13%,$0.16B,$0.01B,6.88%,$0.01B,$0.12B,10.05%,$0.01B,$0.09B,12.79%,$0.01B,$0.15B,7.99%,$0.01B,$0.12B,10.05%,$40,$16,$24,$2,$17,$37,$3,$1,$4,$1,$3,$3,$3,$5,$3,$15,15,$0.22,$0.22,$33,$22,$0,$103,$7,$0,$24,$0,$42,$145,$23,$0,$0,$5,$28,$0,$29,$1,$118,$145,$3,$1,$-1,$0,$3,$1,$0,$-0,$-3,$0,$-1,$-0,$0,$0,$0,$0,$0,$-1,$0,$0,$0,$1,$1,$0,$1,$3,$2,$0,$0
47,2006-12-31,24.04,$7.68,3.13,$10.50,2.29,$0.06,427.0,$0.56,42.93,$0.10B,$0.03B,3.54,$0.00B,$0.11B,0.0,$0.15B,$0.09B,59.21%,$0.15B,$0.01B,5.26%,$0.15B,$0.01B,5.26%,$0.15B,$0.01B,7.89%,$0.15B,$0.01B,6.58%,$0.15B,$0.01B,5.26%,$0.01B,$0.11B,7.62%,$0.01B,$0.09B,9.79%,$0.01B,$0.14B,6.08%,$0.01B,$0.11B,7.62%,$44,$18,$26,$2,$19,$40,$4,$1,$4,$1,$4,$4,$4,$5,$4,$14,15,$0.26,$0.25,$31,$23,$0,$103,$7,$0,$23,$0,$42,$144,$29,$0,$0,$4,$33,$0,$25,$1,$111,$144,$8,$5,$0,$5,$-12,$3,$0,$3,$-3,$10,$-3,$-1,$0,$1,$0,$1,$0,$-3,$-0,$0,$-0,$0,$0,$0,$0,$0,$6,$0,$0
