,Date,Stock Price,Book Value per Share,Price to Book Ratio,TTM Sales per Share,Price to Sales Ratio,TTM FCF per Share,Price to FCF Ratio,TTM Net EPS,PE Ratio,Current Assets,Current Liabilities,Current Ratio,Long Term Debt,Shareholder's Equity_x,Debt to Equity Ratio,TTM Revenue_x,TTM Gross Profit,Gross Margin,TTM Revenue_y,TTM Operating Income,Operating Margin,TTM Revenue_x,TTM EBIT,EBIT Margin,TTM Revenue_y,TTM EBITDA,EBITDA Margin,TTM Revenue_x,TTM Pre-Tax Income,Pre-Tax Margin,TTM Revenue_y,TTM Net Income_x,Net Margin,TTM Net Income_y,Shareholder's Equity_y,Return on Equity,TTM Net Income_x,Tangible Equity,Return on Tangible Equity,TTM Net Income_y,Total Assets,Return on Assets,TTM Net Income,LT Investments & Debt,Return on Investment,revenue,cost-goods-sold,gross-profit,research-development-expenses,selling-general-administrative-expenses,operating-expenses,operating-income,total-non-operating-income-expense,pre-tax-income,total-provision-income-taxes,income-after-taxes,income-from-continuous-operations,net-income,ebitda,ebit,basic-shares-outstanding,shares-outstanding,eps-basic-net-earnings-per-share,eps-earnings-per-share-diluted,cash-on-hand,inventory,other-current-assets,total-current-assets,net-property-plant-equipment,long-term-investments,goodwill-intangible-assets-total,other-long-term-assets,total-long-term-assets,total-assets,total-current-liabilities,long-term-debt,other-non-current-liabilities,total-long-term-liabilities,total-liabilities,common-stock-net,retained-earnings-accumulated-deficit,comprehensive-income,total-share-holder-equity,total-liabilities-share-holders-equity,net-income-loss,total-depreciation-amortization-cash-flow,other-non-cash-items,total-non-cash-items,change-in-accounts-receivable,change-in-inventories,change-in-accounts-payable,change-in-assets-liabilities,total-change-in-assets-liabilities,cash-flow-from-operating-activities,net-change-in-property-plant-equipment,net-change-in-intangible-assets,net-acquisitions-divestitures,net-change-in-short-term-investments,net-change-in-long-term-investments,net-change-in-investments-total,investing-activities-other,cash-flow-from-investing-activities,net-long-term-debt,net-current-debt,debt-issuance-retirement-net-total,net-common-equity-issued-repurchased,net-total-equity-issued-repurchased,total-common-preferred-stock-dividends-paid,financial-activities-other,cash-flow-from-financial-activities,net-cash-flow,stock-based-compensation,common-stock-dividends-paid
0,2018-09-30,31.47,$26.34,1.19,$19.13,1.64,$-1073.87,0.0,$0.66,47.68,$14.24B,$11.59B,1.23,$4.97B,$1.52B,3.28,$1.12B,$0.92B,82.24%,$1.12B,$0.21B,18.39%,$1.12B,0,0.00%,$1.12B,0,0.00%,$1.12B,$0.22B,19.46%,$1.12B,$0.09B,7.89%,$0.09B,$1.52B,6.05%,$0.09B,$1.14B,7.85%,$0.09B,$18.70B,0.49%,$0.21B,$6.49B,2.88%,$290,$59,$231,$0,$171,$230,$60,$0,$60,$12,$48,$48,$48,$0,$0,$58,58,$0.84,$0.83,$264,$0,$0,$14236,$360,$2884,$383,$723,$4461,$18697,$11589,$4974,$616,$5590,$17179,$1,$40,$-42,$1518,$18697,$0,$0,$0,$0,$0,$0,$0,$0,$0,$-19002,$-50,$267,$0,$0,$18538,$18538,$-705,$18050,$-125,$-1061,$-1186,$0,$0,$0,$2199,$1013,$61,$0,$0
1,2018-06-30,34.26,$25.61,1.34,$18.80,1.82,$-1079.64,0.0,$1.36,25.19,$13.70B,$10.59B,1.29,$5.61B,$1.48B,3.81,$1.10B,$0.92B,83.93%,$1.10B,$0.21B,18.72%,$1.10B,0,0.00%,$1.10B,0,0.00%,$1.10B,$0.22B,19.82%,$1.10B,$0.08B,7.31%,$0.08B,$1.48B,5.56%,$0.08B,$1.15B,7.03%,$0.08B,$18.13B,0.46%,$0.21B,$7.09B,2.80%,$290,$52,$238,$0,$176,$228,$62,$0,$62,$12,$50,$50,$50,$0,$0,$57,58,$0.86,$0.85,$359,$0,$0,$13695,$355,$2922,$328,$711,$4435,$18130,$10588,$5614,$453,$6067,$16655,$1,$-8,$-32,$1475,$18130,$0,$0,$0,$0,$0,$0,$0,$0,$0,$-11849,$-33,$218,$0,$0,$11941,$11941,$-643,$11483,$-125,$-420,$-545,$0,$0,$0,$1064,$519,$153,$0,$0
2,2018-03-31,35.4,$24.86,1.42,$18.04,1.96,$-1082.59,0.0,$1.22,29.02,$13.27B,$9.99B,1.33,$5.93B,$1.43B,4.15,$1.05B,$0.89B,85.14%,$1.05B,$0.20B,19.33%,$1.05B,0,0.00%,$1.05B,0,0.00%,$1.05B,$0.22B,20.48%,$1.05B,$0.07B,6.76%,$0.07B,$1.43B,5.00%,$0.07B,$1.12B,6.13%,$0.07B,$17.74B,0.42%,$0.20B,$7.35B,2.80%,$263,$46,$217,$0,$173,$219,$44,$0,$44,$9,$35,$35,$35,$0,$0,$57,58,$0.61,$0.60,$243,$0,$0,$13267,$348,$2992,$311,$688,$4469,$17736,$9986,$5927,$396,$6323,$16309,$1,$-58,$-30,$1427,$17736,$0,$0,$0,$0,$0,$0,$0,$0,$0,$-6220,$-15,$136,$0,$0,$5803,$5803,$132,$6056,$-232,$0,$-232,$0,$0,$0,$433,$201,$37,$0,$0
3,2017-12-31,37.42,$24.41,1.53,$17.15,2.18,$-1066.21,0.0,$1.08,34.65,$12.37B,$8.93B,1.38,$6.16B,$1.40B,4.4,$1.00B,$0.86B,86.26%,$1.00B,$0.20B,19.96%,$1.00B,0,0.00%,$1.00B,0,0.00%,$1.00B,$0.21B,21.16%,$1.00B,$0.06B,6.32%,$0.06B,$1.40B,4.48%,$0.06B,$1.09B,5.49%,$0.06B,$16.91B,0.39%,$0.20B,$7.56B,2.85%,$272,$41,$231,$0,$192,$233,$39,$0,$51,$96,$-45,$-45,$-45,$0,$0,$57,58,$-0.79,$-0.78,$204,$0,$0,$12369,$330,$3095,$312,$670,$4543,$16912,$8934,$6159,$420,$6579,$15513,$1,$-98,$-16,$1399,$16912,$63,$40,$-405,$-365,$-25001,$0,$0,$12,$-24989,$-25291,$-97,$309,$0,$0,$23991,$23991,$-1709,$22494,$205,$2480,$2685,$0,$0,$0,$158,$2843,$46,$0,$0
4,2017-09-30,35.48,$25.38,1.4,$16.10,2.2,$-914.76,0.0,$2.36,15.03,$12.49B,$9.16B,1.36,$5.86B,$1.45B,4.04,$0.93B,$0.81B,87.15%,$0.93B,$0.20B,21.63%,$0.93B,0,0.00%,$0.93B,0,0.00%,$0.93B,$0.20B,21.63%,$0.93B,$0.13B,14.35%,$0.13B,$1.45B,9.63%,$0.13B,$1.21B,11.90%,$0.13B,$16.88B,0.86%,$0.20B,$7.31B,3.21%,$270,$37,$233,$0,$173,$210,$60,$0,$60,$20,$40,$40,$40,$0,$0,$57,58,$0.71,$0.70,$233,$0,$0,$12488,$314,$2878,$246,$706,$4392,$16880,$9161,$5858,$410,$6268,$15429,$1,$-53,$-8,$1451,$16880,$0,$0,$0,$0,$0,$0,$0,$0,$0,$-19266,$-74,$252,$0,$0,$17546,$17546,$-1199,$16525,$100,$2285,$2385,$0,$0,$0,$404,$2789,$48,$0,$0
5,2017-06-30,30.82,$24.63,1.25,$15.98,1.93,$-757.96,0.0,$2.62,11.76,$11.60B,$8.70B,1.33,$5.36B,$1.41B,3.81,$0.93B,$0.82B,88.23%,$0.93B,$0.23B,24.73%,$0.93B,0,0.00%,$0.93B,0,0.00%,$0.93B,$0.23B,24.73%,$0.93B,$0.15B,16.31%,$0.15B,$1.41B,11.18%,$0.15B,$1.22B,14.10%,$0.15B,$15.97B,1.01%,$0.23B,$6.77B,4.15%,$245,$32,$213,$0,$153,$185,$60,$0,$60,$19,$41,$41,$41,$0,$0,$57,58,$0.72,$0.71,$183,$0,$0,$11603,$299,$2888,$184,$725,$4362,$15965,$8695,$5363,$499,$5862,$14557,$1,$-93,$-9,$1408,$15965,$0,$0,$0,$0,$0,$0,$0,$0,$0,$-11981,$-48,$217,$0,$0,$10608,$10608,$-721,$10056,$0,$1890,$1890,$0,$0,$0,$37,$1927,$2,$0,$0
6,2017-03-31,28.19,$24.03,1.17,$15.70,1.8,$-640.72,0.0,$2.57,10.97,$10.84B,$8.65B,1.25,$4.88B,$1.37B,3.56,$0.91B,$0.81B,89.10%,$0.91B,$0.24B,26.21%,$0.91B,0,0.00%,$0.91B,0,0.00%,$0.91B,$0.24B,26.21%,$0.91B,$0.15B,16.41%,$0.15B,$1.37B,10.66%,$0.15B,$1.08B,13.67%,$0.15B,$15.36B,1.04%,$0.24B,$6.25B,4.81%,$210,$27,$183,$0,$143,$170,$40,$0,$40,$13,$27,$27,$27,$0,$0,$57,58,$0.47,$0.46,$161,$0,$0,$10844,$277,$2899,$295,$773,$4517,$15361,$8645,$4879,$466,$5345,$13990,$1,$-134,$-6,$1371,$15361,$0,$0,$0,$0,$0,$0,$0,$0,$0,$-5241,$-17,$50,$0,$0,$3835,$3835,$1,$3869,$1406,$0,$1406,$0,$0,$0,$-48,$1358,$-14,$0,$0
7,2016-12-31,26.94,$23.51,1.15,$15.66,1.72,$-582.92,0.0,$2.65,10.17,$9.62B,$8.80B,1.09,$3.47B,$1.34B,2.6,$0.90B,$0.81B,89.60%,$0.90B,$0.26B,28.54%,$0.90B,0,0.00%,$0.90B,0,0.00%,$0.90B,$0.26B,28.54%,$0.90B,$0.15B,16.92%,$0.15B,$1.34B,10.59%,$0.15B,$1.00B,13.42%,$0.15B,$14.05B,1.10%,$0.26B,$4.81B,5.66%,$209,$24,$185,$0,$143,$167,$42,$0,$42,$14,$28,$28,$26,$0,$0,$57,58,$0.50,$0.50,$158,$0,$0,$9623,$275,$2753,$335,$781,$4430,$14053,$8800,$3473,$444,$3917,$12717,$1,$-161,$-7,$1336,$14053,$171,$32,$-431,$-399,$-16128,$0,$0,$-4,$-16132,$-16360,$-52,$69,$0,$0,$17094,$17094,$-910,$16201,$20,$-336,$-316,$0,$-267,$-105,$797,$109,$-50,$0,$0
8,2016-09-30,27.75,$22.72,1.22,$15.39,1.8,$-465.80,0.0,$2.60,10.67,$10.12B,$9.37B,1.08,$2.98B,$1.29B,2.31,$0.89B,$0.80B,89.97%,$0.89B,$0.23B,25.93%,$0.89B,0,0.00%,$0.89B,0,0.00%,$0.89B,$0.26B,29.43%,$0.89B,$0.15B,17.14%,$0.15B,$1.29B,10.18%,$0.15B,$0.98B,12.69%,$0.15B,$14.27B,1.10%,$0.23B,$4.26B,4.91%,$262,$26,$236,$0,$149,$175,$87,$0,$87,$30,$57,$57,$57,$0,$0,$57,58,$0.98,$0.96,$174,$0,$0,$10118,$271,$2443,$302,$834,$4155,$14273,$9371,$2975,$641,$3616,$12987,$1,$-189,$-20,$1286,$14273,$0,$0,$0,$0,$0,$0,$0,$0,$0,$-10128,$-44,$35,$0,$0,$10898,$10898,$-1140,$9749,$395,$-1211,$-816,$0,$-267,$-105,$1533,$345,$-34,$0,$0
9,2016-06-30,24.41,$28.26,0.86,$14.69,1.66,$-414.24,0.0,$2.33,10.48,$9.38B,$8.57B,1.1,$2.89B,$1.33B,2.17,$0.84B,$0.76B,90.40%,$0.84B,$0.21B,25.36%,$0.84B,0,0.00%,$0.84B,0,0.00%,$0.84B,$0.25B,29.03%,$0.84B,$0.13B,15.88%,$0.13B,$1.60B,8.66%,$0.13B,$1.30B,10.68%,$0.13B,$13.72B,1.00%,$0.21B,$4.49B,4.68%,$227,$22,$205,$0,$136,$158,$69,$0,$69,$22,$47,$47,$39,$0,$0,$57,58,$0.67,$0.66,$184,$0,$0,$9382,$259,$2528,$301,$920,$4341,$13723,$8571,$2893,$660,$3553,$12124,$1,$-141,$-19,$1599,$13723,$0,$0,$0,$0,$0,$0,$0,$0,$0,$-5153,$-25,$21,$0,$0,$5998,$5998,$-660,$5334,$150,$-1047,$-897,$0,$0,$0,$692,$-205,$-24,$0,$0
10,2016-03-31,21.46,$27.55,0.78,$14.54,1.48,$-413.18,0.0,$2.35,9.13,$9.26B,$8.47B,1.09,$3.12B,$1.29B,2.42,$0.83B,$0.76B,90.88%,$0.83B,$0.22B,26.29%,$0.83B,0,0.00%,$0.83B,0,0.00%,$0.83B,$0.25B,30.01%,$0.83B,$0.13B,16.09%,$0.13B,$1.56B,8.87%,$0.13B,$1.28B,11.04%,$0.13B,$13.74B,1.03%,$0.22B,$4.68B,4.94%,$206,$22,$184,$0,$124,$146,$60,$0,$60,$21,$39,$39,$31,$0,$0,$57,58,$0.56,$0.54,$724,$0,$0,$9255,$256,$2739,$281,$854,$4482,$13737,$8469,$3122,$588,$3710,$12179,$1,$-188,$-11,$1558,$13737,$0,$0,$0,$0,$0,$0,$0,$0,$0,$-1874,$-12,$1,$0,$0,$2688,$2688,$-193,$2484,$-666,$0,$-666,$0,$0,$0,$572,$-94,$516,$0,$0
11,2015-12-31,23.11,$27.07,0.85,$14.45,1.6,$-440.59,0.0,$2.24,10.32,$9.43B,$7.94B,1.19,$3.79B,$1.26B,3.0,$0.83B,$0.76B,91.76%,$0.83B,$0.21B,25.33%,$0.83B,0,0.00%,$0.83B,0,0.00%,$0.83B,$0.24B,29.09%,$0.83B,$0.13B,15.52%,$0.13B,$1.53B,8.67%,$0.13B,$1.23B,10.85%,$0.13B,$13.72B,1.03%,$0.21B,$5.32B,5.09%,$192,$19,$173,$0,$159,$178,$14,$0,$45,$12,$33,$33,$25,$0,$0,$56,57,$0.45,$0.44,$208,$0,$0,$9434,$250,$2732,$296,$639,$4281,$13715,$7935,$3788,$463,$4251,$12186,$1,$-227,$2,$1529,$13715,$158,$24,$-380,$-356,$-9549,$0,$0,$200,$-9349,$-9547,$-46,$245,$0,$0,$8021,$8021,$-2335,$5885,$1037,$1902,$2939,$0,$0,$0,$795,$3734,$72,$0,$0
12,2015-09-30,20.56,$26.65,0.77,$14.32,1.44,$-418.17,0.0,$1.87,10.99,$8.43B,$8.14B,1.04,$2.30B,$1.24B,1.86,$0.82B,$0.76B,92.64%,$0.82B,$0.17B,20.49%,$0.82B,0,0.00%,$0.82B,0,0.00%,$0.82B,$0.21B,25.77%,$0.82B,$0.11B,13.25%,$0.11B,$1.50B,7.52%,$0.11B,$1.21B,9.39%,$0.11B,$12.52B,0.94%,$0.17B,$3.81B,5.02%,$219,$18,$201,$0,$130,$148,$71,$0,$71,$24,$47,$47,$39,$0,$0,$56,57,$0.70,$0.69,$195,$0,$0,$8429,$243,$2371,$294,$810,$4090,$12519,$8137,$2303,$575,$2878,$11015,$1,$-260,$12,$1504,$12519,$125,$17,$-435,$-418,$-6939,$0,$0,$165,$-6774,$-7067,$-28,$183,$0,$0,$6075,$6075,$-1617,$4613,$1455,$0,$1455,$0,$0,$0,$1058,$2513,$59,$0,$0
13,2015-06-30,18.48,$25.71,0.72,$13.34,1.39,$-400.55,0.0,$0.57,32.42,$7.99B,$7.65B,1.05,$2.48B,$1.18B,2.1,$0.76B,$0.70B,92.99%,$0.76B,$0.06B,7.67%,$0.76B,0,0.00%,$0.76B,0,0.00%,$0.76B,$0.10B,13.36%,$0.76B,$0.03B,4.50%,$0.03B,$1.45B,2.43%,$0.03B,$1.13B,3.05%,$0.03B,$12.14B,0.31%,$0.06B,$3.93B,2.04%,$216,$17,$199,$0,$125,$142,$74,$0,$74,$28,$46,$46,$39,$0,$0,$56,57,$0.69,$0.68,$246,$0,$0,$7989,$240,$2385,$317,$808,$4150,$12139,$7648,$2481,$559,$3040,$10688,$1,$-307,$8,$1451,$12139,$78,$11,$-486,$-475,$-4698,$0,$0,$49,$-4649,$-5046,$-19,$100,$0,$0,$3850,$3850,$-994,$2937,$1634,$0,$1634,$0,$0,$0,$585,$2219,$110,$0,$0
14,2015-03-31,14.51,$25.16,0.58,$12.64,1.15,$-377.03,0.0,$0.22,65.95,$7.42B,$7.55B,0.98,$1.94B,$1.15B,1.68,$0.72B,$0.67B,93.71%,$0.72B,$0.02B,3.08%,$0.72B,0,0.00%,$0.72B,0,0.00%,$0.72B,$0.07B,9.09%,$0.72B,$0.01B,1.96%,$0.01B,$1.42B,1.01%,$0.01B,$1.14B,1.27%,$0.01B,$11.57B,0.14%,$0.02B,$3.36B,0.86%,$198,$14,$184,$0,$134,$148,$50,$0,$50,$18,$32,$32,$25,$0,$0,$56,57,$0.43,$0.43,$241,$0,$0,$7420,$241,$2450,$279,$765,$4151,$11571,$7549,$1942,$660,$2602,$10151,$1,$-354,$23,$1420,$11571,$32,$6,$-233,$-227,$-3220,$0,$0,$4,$-3216,$-3411,$-4,$32,$0,$0,$2385,$2385,$-589,$1824,$1095,$0,$1095,$0,$0,$0,$597,$1692,$105,$0,$0
15,2014-12-31,15.73,$24.37,0.65,$11.67,1.35,$-349.96,0.0,$-1.72,0.0,$6.66B,$7.07B,0.94,$0.85B,$1.11B,0.76,$0.66B,$0.62B,94.07%,$0.66B,$-0.15B,-22.19%,$0.66B,0,0.00%,$0.66B,0,0.00%,$0.66B,$-0.10B,-15.65%,$0.66B,$-0.10B,-14.59%,$-0.10B,$1.37B,-7.03%,$-0.10B,$1.12B,-8.91%,$-0.10B,$9.84B,-0.98%,$-0.15B,$2.22B,-6.05%,$182,$11,$171,$0,$199,$210,$-28,$0,$15,$4,$11,$11,$5,$0,$0,$56,56,$0.07,$0.07,$136,$0,$0,$6659,$238,$1827,$258,$416,$3181,$9840,$7069,$845,$553,$1398,$8467,$1,$-385,$8,$1373,$9840,$-69,$24,$-384,$-360,$-7677,$0,$0,$-39,$-7716,$-8145,$-33,$226,$0,$0,$8127,$8127,$-811,$7509,$271,$-774,$-503,$0,$0,$0,$994,$491,$-145,$0,$0
16,2014-09-30,16.83,$24.02,0.7,$11.71,1.44,$-232.84,0.0,$0.98,17.17,$6.65B,$7.23B,0.92,$0.49B,$1.09B,0.45,$0.66B,$0.60B,91.07%,$0.66B,$-0.37B,-55.37%,$0.66B,0,0.00%,$0.66B,0,0.00%,$0.66B,$-0.37B,-55.37%,$0.66B,$0.06B,8.47%,$0.06B,$1.35B,4.06%,$0.06B,$1.07B,5.17%,$0.06B,$9.63B,0.58%,$-0.37B,$1.84B,-14.36%,$160,$11,$149,$0,$187,$198,$-38,$0,$-38,$-10,$-28,$-28,$-35,$0,$0,$56,56,$-0.61,$-0.61,$107,$0,$0,$6651,$238,$1588,$285,$413,$2974,$9625,$7234,$490,$550,$1039,$8274,$1,$-396,$-0,$1352,$9625,$-80,$18,$-42,$-24,$-5790,$0,$0,$-65,$-5855,$-5959,$-26,$168,$0,$0,$5894,$5894,$-531,$5505,$-857,$0,$-857,$0,$0,$0,$1137,$280,$-174,$0,$0
17,2014-06-30,18.1,$24.64,0.73,$12.64,1.43,$-76.84,0.0,$1.75,10.34,$6.82B,$6.64B,1.03,$1.38B,$1.12B,1.23,$0.71B,$0.63B,88.24%,$0.71B,$-0.31B,-43.98%,$0.71B,0,0.00%,$0.71B,0,0.00%,$0.71B,$-0.31B,-43.98%,$0.71B,$0.10B,14.01%,$0.10B,$1.39B,7.36%,$0.10B,$1.10B,10.69%,$0.10B,$9.93B,0.98%,$-0.31B,$2.76B,-9.74%,$175,$9,$166,$0,$128,$137,$38,$0,$38,$12,$26,$26,$19,$0,$0,$56,57,$0.33,$0.33,$203,$0,$0,$6816,$235,$1816,$289,$342,$3117,$9933,$6644,$1377,$527,$1904,$8547,$1,$-369,$7,$1386,$9933,$-52,$0,$-371,$-371,$-3252,$0,$0,$-7,$-3259,$-3682,$-16,$104,$0,$0,$3568,$3568,$-623,$3033,$33,$0,$33,$0,$0,$0,$538,$571,$-78,$0,$0
18,2014-03-31,22.22,$24.04,0.92,$14.96,1.48,$23.74,0.94,$2.52,8.82,$5.61B,$6.31B,0.89,$1.47B,$1.09B,1.36,$0.84B,$0.73B,86.61%,$0.84B,$-0.29B,-34.48%,$0.84B,0,0.00%,$0.84B,0,0.00%,$0.84B,$-0.29B,-34.48%,$0.84B,$0.14B,16.94%,$0.14B,$1.35B,10.79%,$0.14B,$1.03B,18.03%,$0.14B,$9.61B,1.31%,$-0.29B,$2.83B,-7.94%,$141,$8,$133,$0,$252,$260,$-118,$0,$-118,$-40,$-78,$-78,$-85,$0,$0,$56,56,$-1.51,$-1.51,$219,$0,$0,$5606,$233,$1417,$320,$1584,$4006,$9611,$6310,$1474,$476,$1950,$8260,$1,$-394,$-1,$1351,$9611,$-78,$6,$-99,$-93,$-1657,$0,$0,$-33,$-1690,$-1862,$2,$12,$0,$0,$1769,$1769,$-313,$1471,$132,$0,$132,$0,$0,$0,$198,$330,$-61,$0,$0
19,2013-12-31,19.62,$25.40,0.77,$17.41,1.13,$81.74,0.24,$4.36,4.5,$6.92B,$6.14B,1.13,$1.34B,$1.16B,1.16,$0.98B,$0.84B,85.35%,$0.98B,$-0.15B,-15.16%,$0.98B,0,0.00%,$0.98B,0,0.00%,$0.98B,$-0.15B,-15.16%,$0.98B,$0.25B,25.13%,$0.25B,$1.43B,19.24%,$0.25B,$1.14B,38.03%,$0.25B,$9.41B,2.10%,$-0.15B,$2.77B,-3.69%,$185,$31,$154,$0,$403,$433,$-248,$0,$-248,$-410,$162,$162,$157,$0,$0,$56,57,$2.80,$2.78,$281,$0,$0,$6918,$231,$1255,$285,$304,$2490,$9407,$6140,$1341,$500,$1841,$7981,$1,$-315,$-5,$1426,$9407,$267,$23,$-1090,$-1067,$-751,$170,$0,$-181,$-762,$-1562,$-36,$851,$0,$0,$2502,$2502,$2217,$5534,$-2212,$0,$-2212,$0,$0,$0,$-2432,$-4644,$-672,$0,$0
20,2013-09-30,14.76,$22.67,0.65,$21.28,0.69,$102.46,0.14,$-0.16,0.0,$8.29B,$6.65B,1.25,$3.27B,$1.01B,3.24,$1.20B,$1.05B,87.16%,$1.20B,$0.01B,0.83%,$1.20B,0,0.00%,$1.20B,0,0.00%,$1.20B,$0.01B,0.83%,$1.20B,$-0.01B,-0.67%,$-0.01B,$1.27B,-0.66%,$-0.01B,$0.48B,-1.68%,$-0.01B,$11.81B,-0.06%,$0.01B,$4.54B,0.22%,$213,$36,$177,$0,$162,$199,$14,$0,$14,$0,$14,$14,$9,$0,$0,$56,57,$0.16,$0.16,$2601,$0,$0,$8287,$229,$797,$797,$1698,$3521,$11808,$6649,$3268,$618,$3886,$10535,$1,$-476,$4,$1272,$11808,$105,$17,$-64,$-47,$2888,$120,$0,$-178,$2773,$2831,$-27,$223,$0,$0,$-391,$-391,$1163,$968,$-285,$0,$-285,$0,$0,$0,$-1917,$-2201,$1598,$0,$0
21,2013-06-30,13.96,$22.36,0.62,$24.51,0.57,$36.73,0.38,$1.10,12.69,$9.33B,$7.47B,1.25,$3.27B,$0.99B,3.3,$1.38B,$1.22B,88.11%,$1.38B,$0.06B,4.13%,$1.38B,0,0.00%,$1.38B,0,0.00%,$1.38B,$0.06B,4.13%,$1.38B,$0.06B,4.28%,$0.06B,$1.25B,4.87%,$0.06B,$0.53B,11.83%,$0.06B,$12.74B,0.43%,$0.06B,$4.52B,1.26%,$305,$38,$267,$0,$206,$244,$61,$0,$61,$-6,$67,$67,$62,$0,$0,$56,56,$1.11,$1.10,$2754,$0,$0,$9334,$228,$395,$729,$2049,$3401,$12735,$7470,$3267,$744,$4011,$11481,$1,$-489,$1,$1254,$12735,$91,$11,$-69,$-58,$2044,$120,$0,$-148,$1989,$2023,$-20,$223,$0,$0,$8,$8,$881,$1092,$-280,$0,$-280,$0,$0,$0,$-1083,$-1363,$1752,$0,$0
22,2013-03-31,13.93,$21.13,0.66,$25.56,0.54,$-1.79,0.0,$1.50,9.29,$9.61B,$7.86B,1.22,$3.15B,$0.92B,3.41,$1.44B,$1.26B,87.96%,$1.44B,$0.08B,5.85%,$1.44B,0,0.00%,$1.44B,0,0.00%,$1.44B,$0.08B,5.85%,$1.44B,$0.08B,5.57%,$0.08B,$1.18B,6.71%,$0.08B,$0.46B,15.93%,$0.08B,$13.09B,0.57%,$0.08B,$4.33B,1.83%,$280,$39,$241,$0,$217,$256,$24,$0,$24,$0,$24,$24,$19,$0,$0,$56,56,$0.33,$0.33,$2401,$0,$0,$9612,$223,$472,$727,$2060,$3482,$13094,$7863,$3147,$900,$4047,$11910,$1,$-554,$-1,$1184,$13094,$24,$5,$2,$7,$1337,$-0,$0,$61,$1384,$1415,$-9,$90,$0,$0,$15,$15,$725,$821,$-280,$0,$-280,$0,$0,$0,$-678,$-958,$1278,$0,$0
23,2012-12-31,19.4,$20.75,0.93,$26.79,0.72,$-35.82,0.0,$0.97,20.0,$10.20B,$8.29B,1.23,$3.43B,$0.90B,3.81,$1.50B,$1.32B,87.87%,$1.50B,$0.05B,3.53%,$1.50B,0,0.00%,$1.50B,0,0.00%,$1.50B,$0.05B,3.53%,$1.50B,$0.05B,3.26%,$0.05B,$1.16B,4.19%,$0.05B,$0.45B,9.59%,$0.05B,$14.08B,0.34%,$0.05B,$4.59B,1.12%,$401,$41,$360,$0,$448,$490,$-89,$0,$-89,$4,$-93,$-93,$-98,$0,$0,$56,56,$-1.75,$-1.74,$1123,$0,$0,$10196,$219,$486,$711,$2470,$3886,$14082,$8294,$3427,$1201,$4628,$12923,$1,$-576,$-2,$1159,$14082,$68,$20,$-2143,$-2123,$1188,$141,$0,$335,$1665,$-390,$-35,$128,$0,$0,$303,$303,$156,$552,$-774,$0,$-774,$0,$0,$0,$834,$60,$222,$5,$0
24,2012-09-30,11.0,$22.40,0.49,$24.06,0.46,$-17.35,0.0,$1.42,7.75,$10.78B,$9.50B,1.13,$3.34B,$0.99B,3.37,$1.35B,$1.15B,85.72%,$1.35B,$0.07B,4.98%,$1.35B,0,0.00%,$1.35B,0,0.00%,$1.35B,$0.07B,4.98%,$1.35B,$0.07B,5.13%,$0.07B,$1.25B,6.01%,$0.07B,$0.56B,12.76%,$0.07B,$14.90B,0.48%,$0.07B,$4.59B,1.37%,$393,$47,$347,$0,$286,$333,$61,$0,$61,$-20,$81,$81,$76,$0,$0,$56,56,$1.37,$1.36,$1173,$0,$0,$10779,$212,$501,$687,$2721,$4120,$14899,$9502,$3337,$810,$4147,$13649,$6,$-482,$-2,$1251,$14899,$161,$15,$233,$248,$-1589,$141,$0,$180,$-1294,$-885,$-22,$25,$0,$0,$288,$288,$-1,$290,$-865,$0,$-865,$0,$0,$0,$1732,$867,$272,$0,$0
25,2012-06-30,8.4,$21.13,0.4,$21.26,0.4,$6.60,1.27,$-0.30,0.0,$10.27B,$8.94B,1.15,$3.65B,$0.92B,3.96,$1.19B,$0.98B,83.04%,$1.19B,$-0.00B,-0.25%,$1.19B,0,0.00%,$1.19B,0,0.00%,$1.19B,$-0.00B,-0.25%,$1.19B,$-0.02B,-1.77%,$-0.02B,$1.18B,-1.87%,$-0.02B,$0.54B,-3.62%,$-0.02B,$14.37B,-0.15%,$-0.00B,$4.83B,-0.06%,$363,$47,$316,$0,$228,$275,$88,$0,$88,$1,$87,$87,$83,$0,$0,$56,56,$1.48,$1.47,$1440,$0,$0,$10267,$209,$727,$639,$2527,$4101,$14368,$8935,$3649,$606,$4255,$13190,$6,$-562,$8,$1178,$14368,$80,$10,$197,$207,$-617,$141,$0,$34,$-442,$-155,$-15,$16,$0,$0,$70,$70,$25,$97,$-553,$0,$-553,$0,$0,$0,$1151,$598,$539,$0,$0
26,2012-03-31,9.2,$19.52,0.47,$17.79,0.52,$17.80,0.52,$-3.20,0.0,$10.05B,$8.61B,1.17,$3.84B,$0.83B,4.62,$0.99B,$0.78B,78.64%,$0.99B,$-0.16B,-16.30%,$0.99B,0,0.00%,$0.99B,0,0.00%,$0.99B,$-0.16B,-16.30%,$0.99B,$-0.18B,-18.12%,$-0.18B,$1.09B,-15.91%,$-0.18B,$0.49B,-30.10%,$-0.18B,$14.04B,-1.32%,$-0.16B,$4.93B,-3.21%,$344,$48,$296,$0,$303,$352,$-7,$0,$-7,$0,$-7,$-7,$-12,$0,$0,$56,56,$-0.22,$-0.22,$1065,$0,$0,$10045,$207,$750,$597,$2444,$3998,$14042,$8609,$3840,$506,$4346,$12955,$6,$-648,$6,$1087,$14042,$-7,$4,$83,$88,$-615,$6,$1,$58,$-580,$-500,$-7,$16,$0,$0,$46,$46,$46,$101,$-362,$0,$-362,$0,$0,$0,$788,$426,$27,$1,$0
27,2011-12-31,5.1,$19.43,0.26,$15.36,0.33,$41.19,0.12,$-3.60,0.0,$9.67B,$7.70B,1.26,$4.20B,$0.83B,5.09,$0.85B,$0.63B,74.03%,$0.85B,$-0.18B,-21.27%,$0.85B,0,0.00%,$0.85B,0,0.00%,$0.85B,$-0.18B,-21.27%,$0.85B,$-0.20B,-23.38%,$-0.20B,$1.08B,-17.12%,$-0.20B,$0.57B,-31.97%,$-0.20B,$13.64B,-1.50%,$-0.18B,$5.28B,-3.62%,$245,$50,$194,$0,$269,$320,$-75,$0,$-75,$0,$-75,$-75,$-78,$0,$0,$55,55,$-1.36,$-1.36,$1044,$0,$0,$9671,$204,$783,$510,$2469,$3966,$13637,$7699,$4202,$657,$4859,$12558,$1,$-639,$-8,$1080,$13637,$-182,$16,$310,$326,$399,$-153,$0,$196,$448,$592,$13,$80,$-652,$0,$13,$13,$-940,$-1484,$228,$0,$228,$0,$0,$-12,$454,$670,$-222,$5,$0
28,2011-09-30,4.9,$20.89,0.23,$27.81,0.18,$-30.01,0.0,$-9.70,0.0,$9.94B,$8.14B,1.22,$3.86B,$0.91B,4.26,$0.88B,$0.65B,73.38%,$0.88B,$-0.29B,-33.11%,$0.88B,0,0.00%,$0.88B,0,0.00%,$0.88B,$-0.29B,-33.11%,$0.88B,$-0.31B,-35.61%,$-0.31B,$1.16B,-25.92%,$-0.31B,$0.72B,-48.15%,$-0.31B,$13.73B,-2.36%,$-0.29B,$5.02B,-5.83%,$233,$54,$178,$0,$187,$242,$-9,$0,$-9,$0,$-9,$-9,$-14,$0,$0,$55,55,$-0.26,$-0.26,$1216,$0,$0,$9937,$251,$823,$437,$2286,$3797,$13734,$8137,$3864,$574,$4438,$12575,$6,$-561,$-4,$1159,$13734,$-107,$11,$205,$216,$404,$-152,$-5,$110,$353,$463,$-29,$83,$0,$0,$-15,$-15,$-661,$-622,$-110,$0,$-110,$0,$0,$-10,$229,$109,$-51,$4,$0
29,2011-06-30,11.9,$21.19,0.56,$41.75,0.29,$-67.99,0.0,$-10.90,0.0,$8.85B,$7.42B,1.19,$3.66B,$0.92B,3.96,$0.92B,$0.66B,71.75%,$0.92B,$-0.30B,-32.47%,$0.92B,0,0.00%,$0.92B,0,0.00%,$0.92B,$-0.30B,-32.47%,$0.92B,$-0.32B,-34.85%,$-0.32B,$1.17B,-27.22%,$-0.32B,$0.60B,-51.69%,$-0.32B,$12.66B,-2.42%,$-0.30B,$4.83B,-6.10%,$166,$57,$109,$0,$179,$236,$-70,$0,$-70,$0,$-70,$-70,$-75,$0,$0,$55,55,$-1.40,$-1.40,$1050,$0,$0,$8846,$245,$853,$577,$2142,$3817,$12663,$7416,$3655,$417,$4072,$11488,$6,$-547,$-0,$1174,$12663,$-97,$7,$119,$127,$539,$-132,$-2,$45,$443,$472,$-19,$45,$0,$0,$-40,$-40,$235,$220,$-319,$0,$-319,$0,$0,$-7,$-563,$-888,$-196,$3,$0
30,2011-03-31,15.0,$22.34,0.67,$54.24,0.28,$-114.41,0.0,$-15.80,0.0,$9.00B,$7.76B,1.16,$3.65B,$0.99B,3.7,$1.00B,$0.70B,70.68%,$1.00B,$-0.32B,-32.33%,$1.00B,0,0.00%,$1.00B,0,0.00%,$1.00B,$-0.32B,-32.33%,$1.00B,$-0.34B,-34.54%,$-0.34B,$1.24B,-29.69%,$-0.34B,$0.60B,-55.11%,$-0.34B,$13.02B,-2.54%,$-0.32B,$4.89B,-6.50%,$207,$59,$149,$0,$176,$234,$-27,$0,$-27,$0,$-27,$-27,$-32,$0,$0,$55,55,$-0.60,$-0.60,$1876,$0,$0,$9003,$234,$790,$635,$2355,$4013,$13017,$7759,$3649,$372,$4021,$11780,$6,$-472,$-10,$1237,$13017,$-27,$4,$29,$33,$911,$0,$-3,$-99,$790,$796,$-5,$0,$0,$0,$29,$29,$521,$545,$-325,$0,$-325,$0,$0,$-3,$-251,$-580,$761,$1,$0
31,2010-12-31,16.3,$22.77,0.72,$76.01,0.21,$-127.81,0.0,$-26.20,0.0,$9.82B,$8.01B,1.23,$3.97B,$1.01B,3.93,$0.99B,$0.67B,67.38%,$0.99B,$-0.37B,-37.69%,$0.99B,0,0.00%,$0.99B,0,0.00%,$0.99B,$-0.37B,-37.69%,$0.99B,$-0.39B,-39.92%,$-0.39B,$1.26B,-35.01%,$-0.39B,$0.68B,-64.17%,$-0.39B,$13.64B,-2.84%,$-0.37B,$5.23B,-7.36%,$273,$64,$209,$0,$394,$458,$-185,$0,$-185,$0,$-187,$-187,$-192,$0,$0,$16,16,$-6.06,$-6.06,$1114,$0,$0,$9815,$232,$812,$580,$2204,$3829,$13644,$8011,$3974,$399,$4373,$12384,$6,$-440,$-16,$1260,$13644,$-375,$18,$540,$558,$-1596,$168,$-13,$183,$-1147,$-963,$-11,$131,$0,$0,$403,$403,$450,$973,$-175,$-108,$-283,$688,$963,$-13,$-805,$-139,$-129,$6,$0
32,2010-09-30,18.2,$69.10,0.26,$149.95,0.12,$-337.45,0.0,$-33.80,0.0,$9.99B,$8.58B,1.17,$3.65B,$0.81B,4.49,$1.00B,$0.64B,64.07%,$1.00B,$-0.15B,-14.97%,$1.00B,0,0.00%,$1.00B,0,0.00%,$1.00B,$-0.25B,-25.35%,$1.00B,$-0.27B,-27.35%,$-0.27B,$1.06B,-28.55%,$-0.27B,$0.61B,-63.68%,$-0.27B,$13.84B,-1.96%,$-0.15B,$4.71B,-3.03%,$278,$82,$196,$0,$214,$296,$-18,$0,$-18,$0,$-18,$-18,$-23,$0,$0,$15,15,$-1.50,$-1.50,$1174,$0,$0,$9993,$233,$877,$447,$2286,$3843,$13837,$8580,$3649,$547,$4196,$12776,$2,$-248,$-19,$1061,$13837,$-187,$14,$354,$367,$-1017,$168,$-8,$87,$-635,$-455,$-7,$125,$0,$0,$309,$309,$130,$556,$-500,$-108,$-608,$578,$578,$-10,$-129,$-170,$-69,$5,$0
33,2010-06-30,31.4,$70.20,0.45,$181.62,0.17,$-600.49,0.0,$-96.30,0.0,$9.97B,$8.28B,1.2,$3.90B,$0.83B,4.7,$0.96B,$0.56B,58.52%,$0.96B,$-0.31B,-32.50%,$0.96B,0,0.00%,$0.96B,0,0.00%,$0.96B,$-0.42B,-43.36%,$0.96B,$-0.55B,-57.37%,$-0.55B,$1.08B,-63.73%,$-0.55B,$0.60B,-181.94%,$-0.55B,$13.69B,-3.86%,$-0.31B,$4.98B,-5.97%,$238,$88,$150,$0,$242,$330,$-92,$0,$-92,$0,$-92,$-92,$-97,$0,$0,$15,15,$-6.30,$-6.30,$1242,$0,$0,$9970,$235,$920,$475,$2094,$3724,$13694,$8279,$3899,$440,$4338,$12617,$2,$-226,$-23,$1076,$13694,$-170,$9,$321,$330,$-149,$-159,$-1,$-555,$-742,$-582,$-4,$113,$0,$0,$262,$262,$177,$548,$-250,$-108,$-358,$577,$577,$-7,$-505,$-293,$-327,$4,$0
34,2010-03-31,60.0,$75.15,0.8,$300.78,0.2,$-1554.56,0.0,$-122.00,0.0,$10.83B,$8.28B,1.31,$4.20B,$0.86B,4.89,$1.04B,$0.61B,58.12%,$1.04B,$-0.32B,-30.93%,$1.04B,0,0.00%,$1.04B,0,0.00%,$1.04B,$-0.43B,-40.92%,$1.04B,$-0.53B,-50.82%,$-0.53B,$1.11B,-64.39%,$-0.53B,$0.56B,-247.20%,$-0.53B,$14.33B,-3.55%,$-0.32B,$5.31B,-5.79%,$198,$89,$110,$0,$187,$275,$-77,$0,$-77,$0,$-77,$-77,$-82,$0,$0,$8,8,$-10.50,$-10.50,$1864,$0,$0,$10834,$238,$1112,$543,$1606,$3499,$14333,$8275,$4200,$752,$4953,$13228,$15,$-129,$-40,$1105,$14333,$-77,$5,$118,$123,$145,$-565,$-4,$-113,$-96,$10,$-3,$113,$0,$0,$-110,$-110,$-16,$-16,$0,$0,$0,$577,$577,$-3,$-619,$-45,$-111,$3,$0
35,2009-12-31,60.0,$127.30,0.47,$701.45,0.09,$-4885.35,0.0,$-187.00,0.0,$10.62B,$8.91B,1.19,$4.20B,$0.35B,11.9,$1.22B,$0.74B,60.95%,$1.22B,$-0.34B,-27.73%,$1.22B,0,0.00%,$1.22B,0,0.00%,$1.22B,$-0.44B,-36.26%,$1.22B,$-0.51B,-42.17%,$-0.51B,$0.60B,-66.07%,$-0.51B,$-0.06B,-292.46%,$-0.51B,$14.01B,-3.31%,$-0.34B,$4.80B,-5.80%,$288,$102,$186,$0,$149,$251,$37,$0,$-67,$0,$-67,$-67,$-72,$0,$0,$3,3,$9.90,$9.90,$1413,$0,$0,$10618,$239,$995,$652,$1509,$3395,$14013,$8913,$4200,$304,$4504,$13417,$5,$-47,$-48,$597,$14013,$-497,$22,$609,$631,$-1926,$1009,$-10,$-17,$-980,$-846,$-12,$120,$0,$0,$287,$287,$845,$1240,$-1250,$0,$-1250,$7,$551,$-11,$891,$181,$576,$1,$0
36,2009-09-30,103.0,$142.49,0.72,$751.77,0.14,$-8738.18,0.0,$-412.00,0.0,$11.58B,$8.67B,1.34,$5.10B,$0.43B,12.0,$1.03B,$0.53B,51.02%,$1.03B,$-0.66B,-63.60%,$1.03B,0,0.00%,$1.03B,0,0.00%,$1.03B,$-0.71B,-68.83%,$1.03B,$-0.66B,-63.89%,$-0.66B,$0.67B,-88.38%,$-0.66B,$0.10B,-371.31%,$-0.66B,$14.82B,-4.24%,$-0.66B,$5.77B,-10.75%,$233,$120,$114,$0,$292,$412,$-179,$0,$-179,$115,$-294,$-294,$-298,$0,$0,$5,5,$-63.60,$-63.60,$1848,$0,$0,$11575,$242,$1232,$568,$1204,$3246,$14821,$8667,$5100,$386,$5486,$14153,$5,$25,$-48,$668,$14821,$-430,$17,$597,$614,$-1368,$328,$-11,$-461,$-1549,$-1364,$-10,$120,$0,$0,$41,$41,$625,$776,$-350,$0,$-350,$7,$551,$-7,$723,$917,$329,$1,$0
37,2009-06-30,68.0,$195.40,0.35,$1010.27,0.07,$-11531.33,0.0,$-427.00,0.0,$13.54B,$9.62B,1.41,$5.45B,$0.67B,8.08,$1.04B,$0.53B,50.48%,$1.04B,$-0.57B,-55.09%,$1.04B,0,0.00%,$1.04B,0,0.00%,$1.04B,$-0.63B,-60.27%,$1.04B,$-0.42B,-40.69%,$-0.42B,$0.92B,-56.63%,$-0.42B,$0.25B,-305.59%,$-0.42B,$16.42B,-2.75%,$-0.57B,$6.37B,-9.17%,$322,$128,$195,$0,$297,$425,$-103,$0,$-103,$-31,$-72,$-72,$-77,$0,$0,$2,2,$-32.00,$-32.00,$2528,$0,$0,$13537,$244,$1148,$664,$830,$2886,$16423,$9615,$5452,$441,$5893,$15508,$5,$323,$-96,$916,$16423,$-136,$12,$339,$350,$-1712,$-768,$0,$-92,$-2582,$-2368,$-8,$28,$0,$0,$53,$53,$478,$552,$2,$0,$2,$7,$551,$-4,$1685,$2234,$417,$0,$0
38,2009-03-31,75.0,$1029.81,0.07,$1294.91,0.06,$-12634.37,0.0,$-373.00,0.0,$14.21B,$9.92B,1.43,$5.45B,$0.42B,12.99,$1.02B,$0.49B,48.29%,$1.02B,$-0.45B,-43.78%,$1.02B,0,0.00%,$1.02B,0,0.00%,$1.02B,$-0.50B,-49.07%,$1.02B,$-0.33B,-32.42%,$-0.33B,$0.93B,-45.96%,$-0.33B,$0.41B,-305.77%,$-0.33B,$16.81B,-2.21%,$-0.45B,$6.38B,-7.03%,$376,$128,$248,$0,$341,$469,$-93,$0,$-93,$-29,$-64,$-64,$-67,$0,$0,$1,1,$-76.00,$-76.00,$2003,$0,$0,$14206,$246,$1186,$523,$649,$2604,$16810,$9923,$5449,$507,$5956,$15879,$1,$400,$-105,$931,$16810,$-64,$6,$261,$267,$-2806,$-337,$-7,$20,$-3135,$-2933,$-5,$2,$0,$0,$40,$40,$81,$118,$0,$0,$0,$5,$550,$0,$2067,$2617,$-197,$0,$0
39,2008-12-31,71.0,$564.76,0.13,$1302.51,0.05,$-9858.36,0.0,$-314.00,0.0,$11.30B,$7.99B,1.42,$5.45B,$0.47B,11.54,$0.91B,$0.35B,38.72%,$0.91B,$-0.37B,-40.70%,$0.91B,0,0.00%,$0.91B,0,0.00%,$0.91B,$-0.42B,-46.64%,$0.91B,$-0.28B,-30.25%,$-0.28B,$0.47B,-41.45%,$-0.28B,$-0.05B,-476.19%,$-0.28B,$14.20B,-1.87%,$-0.37B,$5.92B,-5.64%,$102,$132,$-30,$0,$252,$384,$-282,$0,$-336,$-118,$-218,$-218,$-218,$0,$0,$1,1,$-308.70,$-306.70,$1049,$0,$0,$11296,$246,$1526,$521,$614,$2907,$14204,$7985,$5449,$298,$5746,$13731,$1,$434,$-82,$472,$14204,$-275,$25,$425,$450,$-2925,$-12,$-11,$-86,$-3120,$-2945,$-29,$46,$0,$0,$1128,$1128,$3295,$4439,$-1101,$0,$-1101,$50,$96,$0,$-322,$-1327,$167,$1,$0
40,2008-09-30,298.0,$808.91,0.37,$1560.32,0.19,$-8081.23,0.0,$-124.00,0.0,$11.30B,$7.56B,1.5,$5.69B,$0.68B,8.41,$1.05B,$0.45B,43.16%,$1.05B,$-0.12B,-11.41%,$1.05B,0,0.00%,$1.05B,0,0.00%,$1.05B,$-0.13B,-12.74%,$1.05B,$-0.09B,-8.27%,$-0.09B,$0.68B,-12.10%,$-0.09B,$-0.06B,-62.37%,$-0.09B,$14.16B,-0.58%,$-0.12B,$6.36B,-1.74%,$242,$129,$113,$0,$209,$337,$-96,$0,$-96,$-33,$-62,$-62,$-62,$0,$0,$1,1,$-79.00,$-79.00,$371,$0,$0,$11297,$246,$1447,$732,$438,$2863,$14159,$7556,$5687,$240,$5927,$13483,$1,$653,$-96,$676,$14159,$-57,$19,$222,$241,$-2449,$26,$-20,$-41,$-2582,$-2398,$-24,$0,$0,$0,$1114,$1114,$2865,$3955,$-863,$0,$-863,$50,$96,$0,$-782,$-1550,$8,$1,$0
41,2008-06-30,301.0,$1108.37,0.27,$1645.19,0.18,$-10300.83,0.0,$-98.00,0.0,$11.90B,$7.63B,1.56,$5.99B,$0.80B,7.46,$1.05B,$0.40B,37.79%,$1.05B,$-0.07B,-6.87%,$1.05B,0,0.00%,$1.05B,0,0.00%,$1.05B,$-0.09B,-8.21%,$1.05B,$-0.06B,-5.44%,$-0.06B,$0.80B,-7.79%,$-0.06B,$0.13B,-22.75%,$-0.06B,$14.61B,-0.36%,$-0.07B,$6.79B,-1.01%,$301,$139,$162,$0,$138,$277,$24,$0,$24,$8,$16,$16,$16,$0,$0,$1,1,$24.00,$22.00,$206,$0,$0,$11902,$245,$1381,$672,$406,$2704,$14606,$7629,$5985,$191,$6175,$13804,$1,$715,$-32,$802,$14606,$5,$13,$119,$132,$-1452,$14,$-4,$-147,$-1623,$-1486,$-17,$0,$0,$0,$1067,$1067,$1489,$2539,$-565,$0,$-565,$50,$96,$0,$-751,$-1221,$-167,$1,$0
42,2008-03-31,722.0,$1166.44,0.62,$1682.10,0.43,$-11988.85,0.0,$-95.00,0.0,$12.03B,$8.58B,1.4,$6.46B,$0.70B,9.18,$1.03B,$0.34B,33.24%,$1.03B,$-0.07B,-7.02%,$1.03B,0,0.00%,$1.03B,0,0.00%,$1.03B,$-0.09B,-8.38%,$1.03B,$-0.06B,-5.65%,$-0.06B,$0.70B,-8.01%,$-0.06B,$0.21B,-16.85%,$-0.06B,$15.92B,-0.36%,$-0.07B,$7.16B,-1.02%,$264,$156,$107,$0,$123,$279,$-16,$0,$-16,$-5,$-11,$-11,$-11,$0,$0,$1,1,$-18.00,$-18.00,$384,$0,$0,$12030,$243,$2741,$498,$412,$3893,$15923,$8576,$6456,$188,$6644,$15220,$1,$699,$-19,$704,$15923,$-11,$6,$82,$89,$-279,$9,$-7,$-114,$-405,$-327,$-10,$0,$0,$0,$115,$115,$119,$225,$-94,$0,$-94,$0,$0,$0,$203,$109,$8,$0,$0
43,2007-12-31,697.0,$1149.77,0.61,$1654.36,0.42,$-12831.32,0.0,$-66.00,0.0,$11.95B,$8.39B,1.42,$6.55B,$0.69B,9.45,$1.02B,$0.33B,31.90%,$1.02B,$-0.04B,-4.31%,$1.02B,0,0.00%,$1.02B,0,0.00%,$1.02B,$-0.06B,-5.68%,$1.02B,$-0.04B,-3.82%,$-0.04B,$0.69B,-5.22%,$-0.04B,$0.28B,-8.96%,$-0.04B,$15.79B,-0.24%,$-0.04B,$7.24B,-0.63%,$245,$173,$72,$0,$104,$277,$-32,$0,$-46,$-16,$-30,$-30,$-30,$0,$0,$1,1,$-48.00,$-48.00,$354,$0,$0,$11953,$238,$2940,$414,$246,$3838,$15791,$8392,$6550,$157,$6706,$15098,$1,$681,$-11,$693,$15791,$-39,$103,$107,$210,$-1259,$0,$1,$-276,$-1575,$-1404,$-39,$34,$0,$0,$729,$729,$107,$831,$934,$-883,$51,$-42,$-42,$-21,$648,$636,$63,$1,$0
44,2007-09-30,959.12,$1145.05,0.84,$1651.81,0.58,$-11224.53,0.0,$-5.00,0.0,$12.87B,$9.02B,1.43,$6.64B,$0.73B,9.11,$1.03B,$0.35B,33.91%,$1.03B,$-0.00B,-0.10%,$1.03B,0,0.00%,$1.03B,0,0.00%,$1.03B,$-0.00B,-0.10%,$1.03B,$-0.00B,-0.19%,$-0.00B,$0.73B,-0.26%,$-0.00B,$0.39B,-0.38%,$-0.00B,$16.57B,-0.01%,$-0.00B,$7.37B,-0.01%,$238,$183,$55,$0,$103,$287,$-48,$0,$-48,$-16,$-32,$-32,$-32,$0,$0,$1,1,$-53.00,$-53.00,$248,$0,$0,$12873,$229,$2916,$341,$206,$3692,$16565,$9018,$6641,$177,$6818,$15836,$1,$714,$-8,$729,$16565,$-9,$72,$44,$115,$-3033,$-2,$-250,$9,$-3298,$-3191,$-26,$34,$0,$0,$319,$319,$1472,$1798,$1025,$-522,$503,$-42,$-42,$-18,$899,$1342,$-52,$1,$-18
45,2007-06-30,1168.26,$1210.21,0.97,$1662.83,0.7,$-7805.07,0.0,$80.00,14.6,$13.06B,$9.49B,1.38,$5.76B,$0.77B,7.48,$1.05B,$0.40B,38.24%,$1.05B,$0.08B,7.50%,$1.05B,0,0.00%,$1.05B,0,0.00%,$1.05B,$0.08B,7.50%,$1.05B,$0.05B,4.84%,$0.05B,$0.77B,6.38%,$0.05B,$0.50B,8.58%,$0.05B,$16.18B,0.33%,$0.08B,$6.53B,1.26%,$279,$171,$107,$0,$84,$255,$24,$0,$24,$9,$15,$15,$15,$0,$0,$1,1,$25.00,$25.00,$295,$0,$0,$13064,$223,$2396,$267,$229,$3115,$16179,$9487,$5762,$160,$5922,$15409,$1,$752,$-5,$770,$16179,$23,$46,$12,$58,$-2100,$0,$-248,$-28,$-2378,$-2297,$-15,$33,$0,$0,$97,$97,$1267,$1383,$147,$715,$862,$-42,$-42,$-12,$105,$912,$-2,$1,$-12
46,2007-03-31,1140.42,$1253.31,0.91,$1601.07,0.71,$-5456.90,0.0,$99.00,11.52,$12.30B,$8.68B,1.42,$5.81B,$0.80B,7.29,$1.03B,$0.41B,39.65%,$1.03B,$0.10B,9.62%,$1.03B,0,0.00%,$1.03B,0,0.00%,$1.03B,$0.10B,9.62%,$1.03B,$0.07B,6.32%,$0.07B,$0.80B,8.05%,$0.07B,$0.57B,10.63%,$0.07B,$15.43B,0.42%,$0.10B,$6.61B,1.66%,$260,$168,$92,$0,$80,$248,$12,$0,$12,$4,$8,$8,$8,$0,$0,$1,1,$12.00,$12.00,$526,$0,$0,$12301,$222,$2493,$227,$189,$3131,$15432,$8682,$5811,$141,$5952,$14634,$1,$743,$7,$798,$15432,$8,$21,$7,$28,$-688,$0,$-247,$7,$-922,$-886,$-8,$0,$0,$0,$-6,$-6,$957,$944,$197,$-365,$-168,$-17,$-17,$-6,$366,$175,$233,$0,$-6
47,2006-12-31,1393.41,$1277.00,1.09,$1559.49,0.89,$-4148.52,0.0,$116.00,12.01,$12.41B,$8.91B,1.39,$5.61B,$0.81B,6.91,$1.00B,$0.42B,41.58%,$1.00B,$0.12B,11.57%,$1.00B,0,0.00%,$1.00B,0,0.00%,$1.00B,$0.12B,11.57%,$1.00B,$0.08B,7.58%,$0.08B,$0.81B,9.46%,$0.08B,$0.64B,13.00%,$0.08B,$15.50B,0.50%,$0.12B,$6.43B,2.10%,$255,$159,$96,$0,$85,$244,$11,$0,$11,$4,$7,$7,$7,$0,$0,$1,1,$10.00,$12.00,$277,$0,$0,$12413,$219,$2484,$173,$208,$3085,$15497,$8910,$5614,$160,$5775,$14685,$1,$743,$5,$812,$15497,$75,$101,$-61,$40,$-815,$0,$5,$310,$-545,$-430,$-45,$389,$0,$0,$-276,$-276,$295,$362,$1182,$-69,$1113,$2,$2,$-38,$-933,$144,$76,$3,$-38
