,Date,Stock Price,Book Value per Share,Price to Book Ratio,TTM Sales per Share,Price to Sales Ratio,TTM FCF per Share,Price to FCF Ratio,TTM Net EPS,PE Ratio,Current Assets,Current Liabilities,Current Ratio,Long Term Debt,Shareholder's Equity_x,Debt to Equity Ratio,TTM Revenue_x,TTM Gross Profit,Gross Margin,TTM Revenue_y,TTM Operating Income,Operating Margin,TTM Revenue_x,TTM EBIT,EBIT Margin,TTM Revenue_y,TTM EBITDA,EBITDA Margin,TTM Revenue_x,TTM Pre-Tax Income,Pre-Tax Margin,TTM Revenue_y,TTM Net Income_x,Net Margin,TTM Net Income_y,Shareholder's Equity_y,Return on Equity,TTM Net Income_x,Tangible Equity,Return on Tangible Equity,TTM Net Income_y,Total Assets,Return on Assets,TTM Net Income,LT Investments & Debt,Return on Investment,revenue,cost-goods-sold,gross-profit,research-development-expenses,selling-general-administrative-expenses,operating-expenses,operating-income,total-non-operating-income-expense,pre-tax-income,total-provision-income-taxes,income-after-taxes,income-from-continuous-operations,net-income,ebitda,ebit,basic-shares-outstanding,shares-outstanding,eps-basic-net-earnings-per-share,eps-earnings-per-share-diluted,cash-on-hand,inventory,other-current-assets,total-current-assets,net-property-plant-equipment,long-term-investments,goodwill-intangible-assets-total,other-long-term-assets,total-long-term-assets,total-assets,total-current-liabilities,long-term-debt,other-non-current-liabilities,total-long-term-liabilities,total-liabilities,common-stock-net,retained-earnings-accumulated-deficit,comprehensive-income,total-share-holder-equity,total-liabilities-share-holders-equity,net-income-loss,total-depreciation-amortization-cash-flow,other-non-cash-items,total-non-cash-items,change-in-accounts-receivable,change-in-inventories,change-in-accounts-payable,change-in-assets-liabilities,total-change-in-assets-liabilities,cash-flow-from-operating-activities,net-change-in-property-plant-equipment,net-change-in-intangible-assets,net-acquisitions-divestitures,net-change-in-short-term-investments,net-change-in-long-term-investments,net-change-in-investments-total,investing-activities-other,cash-flow-from-investing-activities,net-long-term-debt,net-current-debt,debt-issuance-retirement-net-total,net-common-equity-issued-repurchased,net-total-equity-issued-repurchased,total-common-preferred-stock-dividends-paid,financial-activities-other,cash-flow-from-financial-activities,net-cash-flow,stock-based-compensation,common-stock-dividends-paid
0,2018-09-30,39.05,$22.09,1.77,$8.73,4.47,$3.67,10.65,$0.97,40.26,$1.87B,$2.05B,0.92,$0.16B,$0.29B,0.56,$0.11B,$0.09B,88.57%,$0.11B,$0.03B,28.57%,$0.11B,0,0.00%,$0.11B,0,0.00%,$0.11B,$0.03B,23.81%,$0.11B,$0.02B,15.24%,$0.02B,$0.29B,6.06%,$0.02B,$0.23B,7.28%,$0.02B,$2.51B,0.70%,$0.03B,$0.45B,8.24%,$31,$4,$27,$0,$16,$20,$11,$-4,$7,$1,$5,$5,$5,$0,$0,$13,13,$0.39,$0.39,$122,$0,$0,$1874,$62,$444,$54,$74,$635,$2509,$2047,$161,$12,$173,$2220,$13,$66,$-6,$289,$2509,$14,$3,$2,$6,$-0,$0,$0,$-1,$-1,$23,$-3,$0,$30,$0,$0,$0,$-85,$-58,$1,$0,$1,$-0,$-0,$-2,$66,$66,$30,$1,$-2
1,2018-06-30,35.9,$21.88,1.64,$8.61,4.17,$3.45,10.4,$1.48,24.26,$1.84B,$2.10B,0.88,$0.09B,$0.29B,0.3,$0.09B,$0.09B,90.43%,$0.09B,$0.03B,27.66%,$0.09B,0,0.00%,$0.09B,0,0.00%,$0.09B,$0.03B,26.60%,$0.09B,$0.02B,17.02%,$0.02B,$0.29B,6.85%,$0.02B,$0.23B,8.08%,$0.02B,$2.48B,0.76%,$0.03B,$0.37B,8.13%,$31,$3,$27,$0,$17,$20,$11,$-4,$7,$1,$5,$5,$5,$0,$0,$13,13,$0.40,$0.40,$120,$0,$0,$1836,$62,$453,$55,$76,$646,$2482,$2098,$86,$12,$97,$2196,$13,$61,$-4,$286,$2482,$9,$2,$2,$4,$-1,$0,$1,$-0,$-1,$12,$-2,$0,$0,$0,$-6,$-6,$-17,$-26,$-74,$0,$-74,$0,$0,$-1,$117,$42,$29,$1,$-1
2,2018-03-31,32.16,$20.95,1.53,$8.48,3.79,$3.26,9.87,$1.34,24.0,$1.68B,$1.99B,0.84,$0.04B,$0.26B,0.15,$0.08B,$0.08B,92.77%,$0.08B,$0.02B,25.30%,$0.08B,0,0.00%,$0.08B,0,0.00%,$0.08B,$0.02B,25.30%,$0.08B,$0.01B,15.66%,$0.01B,$0.26B,6.41%,$0.01B,$0.21B,7.39%,$0.01B,$2.30B,0.68%,$0.02B,$0.30B,7.37%,$22,$2,$20,$0,$13,$15,$7,$-2,$5,$1,$4,$4,$4,$0,$0,$12,12,$0.34,$0.34,$163,$0,$0,$1681,$57,$442,$48,$71,$618,$2299,$1992,$39,$9,$49,$2041,$12,$57,$-4,$259,$2299,$4,$1,$1,$2,$3,$0,$0,$-0,$2,$-3,$-1,$0,$21,$0,$-7,$-7,$-21,$-8,$-82,$0,$-82,$0,$0,$-1,$164,$81,$71,$0,$-1
3,2017-12-31,34.05,$19.92,1.71,$8.65,3.93,$3.69,9.22,$1.12,30.4,$1.32B,$1.47B,0.9,$0.11B,$0.22B,0.51,$0.08B,$0.08B,93.75%,$0.08B,$0.02B,23.75%,$0.08B,0,0.00%,$0.08B,0,0.00%,$0.08B,$0.02B,21.25%,$0.08B,$0.01B,12.50%,$0.01B,$0.22B,5.63%,$0.01B,$0.20B,6.33%,$0.01B,$1.81B,0.56%,$0.02B,$0.34B,7.23%,$21,$2,$19,$0,$18,$20,$1,$0,$6,$4,$2,$2,$2,$0,$0,$9,10,$0.22,$0.22,$92,$0,$0,$1320,$46,$373,$20,$54,$493,$1813,$1471,$114,$5,$120,$1591,$11,$54,$-0,$222,$1813,$11,$5,$9,$13,$0,$0,$0,$-3,$-2,$22,$-5,$0,$4,$0,$-26,$-26,$-115,$-141,$20,$0,$20,$55,$55,$-1,$76,$150,$30,$1,$-1
4,2017-09-30,29.98,$18.24,1.64,$8.82,3.4,$2.77,10.82,$1.15,26.07,$1.29B,$1.51B,0.86,$0.11B,$0.17B,0.63,$0.07B,$0.07B,93.24%,$0.07B,$0.02B,29.73%,$0.07B,0,0.00%,$0.07B,0,0.00%,$0.07B,$0.01B,18.92%,$0.07B,$0.01B,13.51%,$0.01B,$0.17B,6.21%,$0.01B,$0.15B,7.02%,$0.01B,$1.79B,0.60%,$0.02B,$0.27B,9.28%,$20,$2,$19,$0,$12,$14,$7,$-0,$7,$2,$5,$5,$5,$0,$0,$9,9,$0.52,$0.51,$93,$0,$0,$1294,$46,$369,$20,$59,$494,$1788,$1508,$105,$8,$113,$1621,$9,$52,$2,$167,$1788,$8,$3,$2,$5,$2,$0,$-0,$-1,$1,$16,$-4,$0,$3,$0,$-18,$-18,$-89,$-107,$10,$0,$10,$-0,$-0,$-1,$113,$122,$31,$1,$-1
5,2017-06-30,27.41,$17.80,1.54,$9.23,2.97,$1.77,15.46,$1.09,25.15,$1.28B,$1.55B,0.83,$0.07B,$0.16B,0.43,$0.07B,$0.06B,92.65%,$0.07B,$0.02B,27.94%,$0.07B,0,0.00%,$0.07B,0,0.00%,$0.07B,$0.01B,16.18%,$0.07B,$0.01B,10.29%,$0.01B,$0.16B,4.75%,$0.01B,$0.14B,5.36%,$0.01B,$1.79B,0.46%,$0.02B,$0.23B,8.77%,$20,$2,$19,$0,$13,$14,$6,$-3,$3,$1,$2,$2,$2,$0,$0,$9,9,$0.26,$0.26,$93,$0,$0,$1284,$45,$382,$20,$58,$505,$1790,$1551,$70,$6,$76,$1627,$9,$47,$2,$163,$1790,$3,$2,$1,$3,$0,$0,$-0,$-0,$-0,$7,$-2,$0,$0,$0,$-30,$-30,$-75,$-107,$-25,$0,$-25,$-0,$-0,$-1,$156,$131,$30,$0,$-1
6,2017-03-31,28.27,$17.39,1.63,$9.55,2.96,$1.49,19.01,$1.30,21.74,$1.29B,$1.57B,0.82,$0.05B,$0.16B,0.31,$0.06B,$0.06B,91.94%,$0.06B,$0.02B,27.42%,$0.06B,0,0.00%,$0.06B,0,0.00%,$0.06B,$0.01B,19.35%,$0.06B,$0.01B,12.90%,$0.01B,$0.16B,5.96%,$0.01B,$0.14B,6.72%,$0.01B,$1.78B,0.58%,$0.02B,$0.21B,8.26%,$19,$2,$18,$0,$13,$14,$5,$-4,$1,$0,$1,$1,$1,$0,$0,$9,9,$0.12,$0.12,$149,$0,$0,$1292,$45,$366,$20,$59,$491,$1783,$1569,$50,$6,$55,$1624,$9,$45,$0,$159,$1783,$1,$1,$0,$1,$1,$0,$-0,$-0,$1,$3,$-2,$0,$4,$0,$-16,$-16,$-31,$-45,$-44,$0,$-44,$-0,$-0,$-0,$174,$129,$86,$0,$-0
7,2016-12-31,27.24,$17.19,1.58,$9.86,2.76,$1.66,16.38,$1.64,16.61,$0.93B,$1.04B,0.9,$0.08B,$0.16B,0.51,$0.06B,$0.05B,91.07%,$0.06B,$0.02B,28.57%,$0.06B,0,0.00%,$0.06B,0,0.00%,$0.06B,$0.02B,26.79%,$0.06B,$0.01B,17.86%,$0.01B,$0.16B,8.25%,$0.01B,$0.14B,9.30%,$0.01B,$1.28B,0.80%,$0.02B,$0.23B,7.90%,$15,$1,$13,$0,$9,$10,$4,$0,$3,$1,$2,$2,$2,$0,$0,$5,6,$0.38,$0.19,$62,$0,$0,$932,$35,$256,$14,$41,$345,$1277,$1039,$79,$4,$83,$1123,$9,$44,$-1,$155,$1277,$10,$3,$2,$4,$-2,$0,$0,$-4,$-7,$8,$-3,$0,$0,$0,$-5,$-5,$-103,$-111,$-41,$0,$-41,$60,$44,$-1,$122,$124,$21,$1,$-1
8,2016-09-30,18.89,$20.76,0.91,$9.79,1.93,$2.15,8.78,$1.80,10.49,$0.93B,$1.07B,0.87,$0.08B,$0.10B,0.82,$0.05B,$0.05B,94.34%,$0.05B,$0.02B,30.19%,$0.05B,0,0.00%,$0.05B,0,0.00%,$0.05B,$0.02B,28.30%,$0.05B,$0.01B,18.87%,$0.01B,$0.11B,9.24%,$0.01B,$0.10B,10.55%,$0.01B,$1.27B,0.82%,$0.02B,$0.19B,8.00%,$14,$1,$13,$0,$10,$11,$4,$0,$4,$1,$3,$3,$2,$0,$0,$5,5,$0.46,$0.45,$70,$0,$0,$930,$33,$252,$14,$37,$336,$1267,$1072,$78,$4,$82,$1154,$5,$43,$3,$113,$1267,$8,$3,$1,$4,$-6,$0,$0,$-0,$-6,$3,$-1,$0,$0,$0,$5,$5,$-90,$-86,$-42,$0,$-42,$-0,$-0,$-1,$155,$112,$29,$1,$-1
9,2016-06-30,17.04,$20.31,0.84,$9.39,1.82,$3.24,5.25,$1.74,9.79,$0.89B,$1.03B,0.86,$0.08B,$0.09B,0.84,$0.05B,$0.05B,94.12%,$0.05B,$0.02B,29.41%,$0.05B,0,0.00%,$0.05B,0,0.00%,$0.05B,$0.01B,27.45%,$0.05B,$0.01B,19.61%,$0.01B,$0.11B,9.48%,$0.01B,$0.10B,10.84%,$0.01B,$1.23B,0.84%,$0.02B,$0.19B,7.69%,$14,$1,$13,$0,$9,$10,$4,$0,$4,$1,$3,$3,$3,$0,$0,$5,5,$0.47,$0.47,$55,$0,$0,$885,$34,$258,$14,$35,$340,$1225,$1033,$78,$4,$82,$1115,$5,$40,$3,$110,$1225,$5,$2,$1,$2,$-5,$0,$-0,$-0,$-5,$2,$-1,$0,$0,$0,$-1,$-1,$-59,$-61,$-42,$0,$-42,$-0,$-0,$-1,$116,$73,$14,$0,$-0
10,2016-03-31,15.39,$19.73,0.78,$9.05,1.7,$3.55,4.33,$1.66,9.27,$0.90B,$1.04B,0.86,$0.09B,$0.09B,0.99,$0.05B,$0.05B,93.88%,$0.05B,$0.01B,28.57%,$0.05B,0,0.00%,$0.05B,0,0.00%,$0.05B,$0.01B,26.53%,$0.05B,$0.01B,18.37%,$0.01B,$0.11B,8.78%,$0.01B,$0.09B,10.06%,$0.01B,$1.24B,0.78%,$0.01B,$0.20B,7.53%,$13,$1,$12,$0,$9,$10,$4,$0,$4,$1,$3,$3,$3,$0,$0,$5,5,$0.47,$0.46,$96,$0,$0,$897,$33,$270,$14,$28,$345,$1242,$1041,$89,$4,$93,$1135,$5,$38,$2,$107,$1242,$3,$1,$0,$1,$-2,$0,$-0,$-0,$-3,$2,$0,$0,$0,$0,$-13,$-13,$-27,$-39,$-31,$0,$-31,$-0,$-0,$-0,$124,$93,$55,$0,$-0
11,2015-12-31,18.02,$19.24,0.94,$8.80,2.05,$3.70,4.88,$1.56,11.55,$0.82B,$0.92B,0.89,$0.12B,$0.09B,1.4,$0.05B,$0.05B,93.75%,$0.05B,$0.01B,27.08%,$0.05B,0,0.00%,$0.05B,0,0.00%,$0.05B,$0.01B,25.00%,$0.05B,$0.01B,16.67%,$0.01B,$0.10B,7.96%,$0.01B,$0.09B,9.12%,$0.01B,$1.15B,0.70%,$0.01B,$0.22B,7.36%,$12,$1,$12,$0,$7,$8,$4,$0,$3,$1,$2,$2,$2,$0,$0,$5,5,$0.42,$0.41,$41,$0,$0,$815,$34,$255,$14,$28,$330,$1145,$917,$121,$4,$125,$1042,$5,$36,$1,$103,$1145,$9,$3,$2,$5,$-2,$0,$-0,$-4,$-6,$8,$-0,$0,$-1,$0,$13,$13,$-66,$-54,$21,$0,$21,$-0,$-0,$-1,$24,$43,$-3,$1,$-1
12,2015-09-30,17.12,$18.90,0.91,$8.76,1.96,$3.53,4.86,$1.50,11.42,$0.81B,$0.96B,0.84,$0.07B,$0.08B,0.82,$0.05B,$0.04B,91.67%,$0.05B,$0.01B,27.08%,$0.05B,0,0.00%,$0.05B,0,0.00%,$0.05B,$0.01B,25.00%,$0.05B,$0.01B,16.67%,$0.01B,$0.10B,8.10%,$0.01B,$0.09B,9.28%,$0.01B,$1.14B,0.71%,$0.01B,$0.17B,7.66%,$12,$1,$11,$0,$8,$9,$3,$0,$3,$1,$2,$2,$2,$0,$0,$5,5,$0.40,$0.39,$65,$0,$0,$810,$34,$253,$12,$29,$328,$1138,$964,$69,$3,$72,$1036,$5,$34,$2,$102,$1138,$6,$2,$1,$3,$1,$0,$-0,$-0,$1,$7,$0,$0,$0,$0,$16,$16,$-42,$-26,$-30,$0,$-30,$-0,$-0,$-1,$71,$39,$21,$1,$-1
13,2015-06-30,16.29,$18.32,0.89,$8.73,1.87,$3.64,4.47,$1.38,11.8,$0.79B,$0.96B,0.82,$0.05B,$0.08B,0.67,$0.05B,$0.04B,91.67%,$0.05B,$0.01B,25.00%,$0.05B,0,0.00%,$0.05B,0,0.00%,$0.05B,$0.01B,22.92%,$0.05B,$0.01B,14.58%,$0.01B,$0.10B,7.24%,$0.01B,$0.09B,8.28%,$0.01B,$1.12B,0.63%,$0.01B,$0.15B,7.26%,$12,$1,$11,$0,$8,$9,$3,$0,$3,$1,$2,$2,$2,$0,$0,$5,5,$0.39,$0.39,$62,$0,$0,$792,$34,$250,$12,$30,$326,$1118,$962,$54,$3,$57,$1019,$5,$32,$0,$98,$1118,$4,$2,$1,$2,$0,$0,$-0,$-0,$-0,$2,$1,$0,$0,$0,$18,$18,$-27,$-8,$-45,$0,$-45,$-0,$-0,$-1,$69,$23,$17,$0,$-0
14,2015-03-31,15.87,$18.38,0.86,$8.59,1.85,$3.86,4.11,$1.28,12.4,$0.81B,$0.99B,0.82,$0.06B,$0.08B,0.73,$0.05B,$0.04B,91.49%,$0.05B,$0.01B,23.40%,$0.05B,0,0.00%,$0.05B,0,0.00%,$0.05B,$0.01B,21.28%,$0.05B,$0.01B,14.89%,$0.01B,$0.10B,7.39%,$0.01B,$0.09B,8.46%,$0.01B,$1.15B,0.65%,$0.01B,$0.16B,7.07%,$12,$1,$11,$0,$8,$9,$3,$0,$3,$1,$2,$2,$2,$0,$0,$5,5,$0.36,$0.36,$94,$0,$0,$811,$34,$262,$12,$28,$336,$1146,$985,$60,$3,$62,$1047,$5,$30,$3,$99,$1146,$2,$1,$0,$1,$0,$0,$-0,$-0,$0,$2,$1,$0,$0,$0,$9,$9,$-13,$-3,$-40,$0,$-40,$-0,$-0,$-0,$92,$52,$50,$0,$-0
15,2014-12-31,14.12,$18.01,0.78,$8.41,1.68,$4.15,3.4,$1.17,12.07,$0.75B,$0.89B,0.84,$0.10B,$0.08B,1.26,$0.05B,$0.04B,91.11%,$0.05B,$0.01B,22.22%,$0.05B,0,0.00%,$0.05B,0,0.00%,$0.05B,$0.01B,20.00%,$0.05B,$0.01B,13.33%,$0.01B,$0.10B,6.54%,$0.01B,$0.08B,7.45%,$0.01B,$1.09B,0.58%,$0.01B,$0.20B,6.94%,$12,$1,$11,$0,$7,$8,$4,$0,$3,$1,$2,$2,$2,$0,$0,$5,5,$0.37,$0.38,$45,$0,$0,$749,$35,$270,$12,$28,$345,$1094,$893,$100,$5,$104,$998,$5,$28,$2,$96,$1094,$7,$3,$2,$5,$2,$0,$-0,$-6,$-5,$7,$-1,$0,$4,$0,$15,$15,$-97,$-79,$24,$0,$24,$-0,$-0,$-1,$54,$77,$5,$1,$-1
16,2014-09-30,14.03,$17.62,0.8,$8.49,1.65,$6.93,2.03,$1.08,12.99,$0.72B,$0.91B,0.79,$0.06B,$0.08B,0.78,$0.04B,$0.04B,90.70%,$0.04B,$0.01B,20.93%,$0.04B,0,0.00%,$0.04B,0,0.00%,$0.04B,$0.01B,18.60%,$0.04B,$0.01B,11.63%,$0.01B,$0.09B,5.62%,$0.01B,$0.08B,6.41%,$0.01B,$1.07B,0.50%,$0.01B,$0.15B,6.83%,$12,$1,$11,$0,$9,$10,$2,$0,$2,$1,$2,$2,$1,$0,$0,$5,5,$0.27,$0.27,$50,$0,$0,$720,$35,$277,$12,$29,$352,$1072,$908,$60,$11,$71,$978,$5,$26,$1,$94,$1072,$5,$2,$2,$3,$-0,$0,$-0,$-0,$-1,$8,$-0,$0,$4,$0,$3,$3,$-57,$-49,$-16,$0,$-16,$0,$0,$-1,$69,$52,$11,$0,$-1
17,2014-06-30,13.75,$17.42,0.79,$8.29,1.66,$8.46,1.63,$1.00,13.75,$0.66B,$0.88B,0.75,$0.02B,$0.07B,0.33,$0.04B,$0.04B,92.68%,$0.04B,$0.01B,21.95%,$0.04B,0,0.00%,$0.04B,0,0.00%,$0.04B,$0.01B,19.51%,$0.04B,$0.01B,12.20%,$0.01B,$0.09B,5.78%,$0.01B,$0.08B,6.60%,$0.01B,$1.01B,0.51%,$0.01B,$0.11B,7.23%,$11,$1,$10,$0,$8,$8,$2,$0,$2,$1,$2,$2,$2,$0,$0,$5,5,$0.30,$0.29,$55,$0,$0,$663,$31,$276,$11,$28,$346,$1009,$884,$24,$12,$35,$920,$5,$25,$1,$90,$1009,$3,$1,$1,$2,$0,$0,$-0,$-0,$0,$4,$-0,$0,$0,$0,$-16,$-16,$-36,$-53,$-39,$0,$-39,$-0,$-0,$-1,$104,$65,$16,$0,$-0
18,2014-03-31,14.0,$16.99,0.82,$8.62,1.62,$9.92,1.41,$0.89,15.73,$0.67B,$0.86B,0.78,$0.03B,$0.07B,0.36,$0.04B,$0.04B,94.87%,$0.04B,$0.01B,20.51%,$0.04B,0,0.00%,$0.04B,0,0.00%,$0.04B,$0.01B,17.95%,$0.04B,$0.00B,10.26%,$0.00B,$0.09B,4.72%,$0.00B,$0.08B,5.41%,$0.00B,$0.99B,0.42%,$0.01B,$0.11B,6.49%,$10,$1,$9,$0,$8,$8,$2,$0,$2,$0,$1,$1,$1,$0,$0,$5,5,$0.26,$0.25,$82,$0,$0,$673,$31,$251,$11,$22,$315,$989,$864,$25,$12,$37,$901,$5,$24,$-0,$87,$989,$1,$1,$1,$1,$1,$0,$-0,$-0,$1,$3,$0,$0,$0,$0,$8,$8,$-15,$-7,$-37,$0,$-37,$-0,$-0,$-0,$84,$46,$43,$0,$-0
19,2013-12-31,13.51,$16.61,0.81,$9.39,1.44,$10.89,1.24,$0.99,13.64,$0.62B,$0.78B,0.8,$0.06B,$0.07B,0.92,$0.04B,$0.04B,94.74%,$0.04B,$0.01B,21.05%,$0.04B,0,0.00%,$0.04B,0,0.00%,$0.04B,$0.01B,18.42%,$0.04B,$0.00B,10.53%,$0.00B,$0.09B,4.72%,$0.00B,$0.07B,5.39%,$0.00B,$0.94B,0.44%,$0.01B,$0.15B,6.48%,$10,$1,$9,$0,$7,$7,$3,$0,$2,$1,$1,$1,$1,$0,$0,$4,4,$0.24,$0.24,$39,$0,$0,$620,$32,$258,$11,$20,$321,$941,$780,$62,$13,$75,$856,$5,$23,$-1,$85,$941,$5,$2,$4,$6,$3,$0,$-0,$5,$8,$18,$-1,$0,$43,$0,$-33,$-33,$-50,$-41,$15,$0,$15,$19,$19,$-1,$-2,$31,$8,$0,$-1
20,2013-09-30,13.45,$16.40,0.82,$9.77,1.38,$10.07,1.34,$1.06,12.69,$0.62B,$0.81B,0.76,$0.04B,$0.07B,0.61,$0.04B,$0.04B,97.22%,$0.04B,$0.01B,19.44%,$0.04B,0,0.00%,$0.04B,0,0.00%,$0.04B,$0.01B,16.67%,$0.04B,$0.00B,11.11%,$0.00B,$0.08B,5.00%,$0.00B,$0.07B,5.71%,$0.00B,$0.95B,0.47%,$0.01B,$0.12B,6.09%,$10,$1,$10,$0,$8,$9,$2,$0,$2,$0,$1,$1,$1,$0,$0,$5,5,$0.20,$0.19,$52,$0,$0,$622,$33,$265,$11,$22,$330,$952,$814,$40,$13,$54,$868,$5,$21,$-1,$84,$952,$3,$1,$2,$3,$5,$0,$-0,$-0,$5,$16,$-1,$0,$43,$0,$-40,$-40,$-41,$-39,$-7,$0,$-7,$19,$19,$-1,$32,$43,$21,$0,$-0
21,2013-06-30,12.36,$16.22,0.76,$10.33,1.2,$9.13,1.35,$1.11,11.14,$0.64B,$0.84B,0.76,$0.03B,$0.07B,0.41,$0.03B,$0.03B,94.12%,$0.03B,$0.01B,17.65%,$0.03B,0,0.00%,$0.03B,0,0.00%,$0.03B,$0.01B,14.71%,$0.03B,$0.00B,11.76%,$0.00B,$0.08B,5.32%,$0.00B,$0.07B,6.08%,$0.00B,$0.97B,0.50%,$0.01B,$0.11B,5.61%,$9,$1,$9,$0,$8,$8,$1,$0,$1,$0,$1,$1,$1,$0,$0,$4,4,$0.18,$0.18,$82,$0,$0,$637,$33,$261,$11,$24,$328,$965,$844,$27,$12,$39,$883,$5,$21,$-2,$83,$965,$2,$1,$1,$2,$4,$0,$-0,$-0,$3,$9,$-0,$0,$43,$0,$-36,$-36,$-25,$-18,$-20,$0,$-20,$19,$19,$-0,$61,$59,$51,$0,$-0
22,2013-03-31,11.14,$27.71,0.4,$10.55,1.06,$8.53,1.31,$1.23,9.06,$0.52B,$0.66B,0.78,$0.03B,$0.05B,0.54,$0.03B,$0.03B,90.91%,$0.03B,$0.01B,18.18%,$0.03B,0,0.00%,$0.03B,0,0.00%,$0.03B,$0.01B,15.15%,$0.03B,$0.00B,12.12%,$0.00B,$0.09B,5.69%,$0.00B,$0.08B,6.53%,$0.00B,$0.79B,0.54%,$0.01B,$0.11B,5.70%,$9,$1,$8,$0,$6,$7,$2,$0,$2,$0,$1,$1,$1,$0,$0,$3,3,$0.36,$0.35,$91,$0,$0,$515,$22,$224,$9,$19,$274,$789,$663,$27,$11,$38,$702,$3,$21,$3,$87,$789,$1,$0,$0,$1,$2,$0,$-0,$-0,$2,$6,$-0,$0,$0,$0,$3,$3,$-14,$-12,$-20,$0,$-20,$0,$20,$-0,$67,$66,$61,$0,$-0
23,2012-12-31,8.97,$21.02,0.43,$10.46,0.86,$8.31,1.08,$1.16,7.73,$0.44B,$0.60B,0.74,$0.05B,$0.05B,0.96,$0.03B,$0.03B,90.63%,$0.03B,$0.01B,15.63%,$0.03B,0,0.00%,$0.03B,0,0.00%,$0.03B,$0.00B,12.50%,$0.03B,$0.00B,12.50%,$0.00B,$0.07B,6.25%,$0.00B,$0.06B,7.31%,$0.00B,$0.72B,0.56%,$0.01B,$0.11B,4.93%,$8,$1,$8,$0,$6,$6,$2,$0,$1,$0,$1,$1,$1,$0,$0,$3,3,$0.34,$0.34,$31,$0,$0,$443,$22,$226,$9,$21,$279,$721,$597,$47,$12,$59,$656,$3,$20,$3,$66,$721,$4,$3,$2,$4,$-3,$0,$-0,$5,$2,$10,$-0,$0,$0,$0,$-4,$-4,$-30,$-35,$10,$0,$10,$-0,$-0,$-1,$23,$32,$8,$0,$-0
24,2012-09-30,9.01,$21.03,0.43,$10.49,0.86,$7.06,1.28,$1.10,8.19,$0.43B,$0.62B,0.69,$0.03B,$0.05B,0.56,$0.03B,$0.03B,87.50%,$0.03B,$0.01B,15.63%,$0.03B,0,0.00%,$0.03B,0,0.00%,$0.03B,$0.00B,12.50%,$0.03B,$0.00B,12.50%,$0.00B,$0.07B,6.40%,$0.00B,$0.06B,7.51%,$0.00B,$0.73B,0.57%,$0.01B,$0.09B,5.12%,$8,$1,$7,$0,$6,$7,$1,$0,$1,$0,$1,$1,$1,$0,$0,$3,3,$0.25,$0.24,$37,$0,$0,$428,$23,$245,$9,$21,$297,$726,$622,$27,$11,$38,$660,$3,$19,$3,$65,$726,$3,$2,$1,$3,$-2,$0,$-0,$-0,$-2,$7,$-0,$0,$0,$0,$-21,$-21,$-10,$-31,$-10,$0,$-10,$0,$0,$-1,$48,$38,$14,$0,$-0
25,2012-06-30,8.7,$20.36,0.43,$10.25,0.85,$6.07,1.43,$1.07,8.13,$0.41B,$0.59B,0.69,$0.04B,$0.05B,0.83,$0.03B,$0.03B,87.10%,$0.03B,$0.01B,16.13%,$0.03B,0,0.00%,$0.03B,0,0.00%,$0.03B,$0.00B,12.90%,$0.03B,$0.00B,12.90%,$0.00B,$0.06B,6.53%,$0.00B,$0.05B,7.73%,$0.00B,$0.70B,0.57%,$0.01B,$0.10B,5.05%,$8,$1,$7,$0,$6,$7,$1,$0,$1,$0,$1,$1,$1,$0,$0,$3,3,$0.30,$0.30,$23,$0,$0,$407,$23,$241,$9,$20,$293,$701,$588,$39,$10,$49,$637,$3,$18,$2,$63,$701,$2,$1,$1,$2,$-1,$0,$-0,$-0,$-1,$5,$-0,$0,$0,$0,$-19,$-19,$-2,$-21,$1,$0,$1,$0,$0,$-0,$15,$15,$-0,$0,$-0
26,2012-03-31,8.71,$19.81,0.44,$9.93,0.88,$4.93,1.77,$0.96,9.07,$0.43B,$0.61B,0.7,$0.04B,$0.05B,0.83,$0.03B,$0.03B,86.67%,$0.03B,$0.01B,16.67%,$0.03B,0,0.00%,$0.03B,0,0.00%,$0.03B,$0.00B,13.33%,$0.03B,$0.00B,13.33%,$0.00B,$0.06B,6.64%,$0.00B,$0.05B,7.58%,$0.00B,$0.72B,0.60%,$0.01B,$0.10B,5.09%,$8,$1,$7,$0,$6,$7,$1,$0,$1,$0,$1,$1,$1,$0,$0,$3,3,$0.28,$0.28,$47,$0,$0,$428,$23,$242,$9,$20,$294,$722,$612,$37,$12,$49,$661,$3,$18,$1,$62,$722,$1,$1,$0,$1,$0,$0,$-0,$-0,$0,$5,$-0,$0,$0,$0,$-20,$-20,$2,$-18,$-0,$0,$-0,$0,$0,$-0,$38,$37,$24,$0,$-0
27,2011-12-31,7.14,$19.54,0.37,$9.47,0.75,$3.89,1.83,$0.82,8.71,$0.41B,$0.57B,0.71,$0.04B,$0.04B,0.86,$0.03B,$0.02B,82.76%,$0.03B,$0.00B,13.79%,$0.03B,0,0.00%,$0.03B,0,0.00%,$0.03B,$0.00B,10.34%,$0.03B,$0.00B,10.34%,$0.00B,$0.06B,5.06%,$0.00B,$0.05B,5.56%,$0.00B,$0.68B,0.49%,$0.00B,$0.10B,4.08%,$8,$1,$7,$0,$5,$7,$2,$0,$1,$0,$1,$1,$1,$0,$0,$3,3,$0.28,$0.28,$23,$0,$0,$409,$23,$221,$9,$19,$272,$681,$574,$37,$10,$47,$621,$3,$17,$1,$60,$681,$3,$1,$2,$4,$-1,$0,$-0,$2,$1,$7,$-1,$0,$116,$0,$-113,$-113,$-14,$-12,$-3,$0,$-3,$0,$0,$-1,$-2,$-6,$-11,$0,$-0
28,2011-09-30,7.99,$19.43,0.41,$8.99,0.89,$4.89,1.63,$0.76,10.52,$0.52B,$0.60B,0.87,$0.04B,$0.04B,0.88,$0.03B,$0.02B,78.57%,$0.03B,$0.00B,14.29%,$0.03B,0,0.00%,$0.03B,0,0.00%,$0.03B,$0.00B,10.71%,$0.03B,$0.00B,10.71%,$0.00B,$0.06B,5.13%,$0.00B,$0.05B,5.43%,$0.00B,$0.71B,0.52%,$0.00B,$0.10B,4.08%,$7,$1,$6,$0,$5,$6,$1,$0,$1,$0,$1,$1,$1,$0,$0,$3,3,$0.22,$0.21,$134,$0,$0,$522,$23,$136,$9,$20,$188,$710,$602,$37,$11,$48,$650,$3,$16,$0,$60,$710,$2,$1,$1,$2,$-1,$0,$-0,$-0,$-2,$5,$-1,$0,$116,$0,$-28,$-28,$-14,$73,$-3,$0,$-3,$0,$0,$-1,$26,$23,$100,$0,$-0
29,2011-06-30,9.22,$19.26,0.48,$8.97,1.03,$4.23,2.18,$0.73,12.63,$0.37B,$0.43B,0.86,$0.04B,$0.04B,0.96,$0.03B,$0.02B,75.00%,$0.03B,$0.00B,14.29%,$0.03B,0,0.00%,$0.03B,0,0.00%,$0.03B,$0.00B,10.71%,$0.03B,$0.00B,10.71%,$0.00B,$0.06B,5.19%,$0.00B,$0.06B,5.29%,$0.00B,$0.54B,0.57%,$0.00B,$0.10B,4.07%,$7,$1,$6,$0,$5,$6,$1,$0,$1,$0,$1,$1,$1,$0,$0,$3,3,$0.19,$0.19,$29,$0,$0,$374,$15,$134,$1,$17,$167,$541,$434,$40,$8,$48,$482,$3,$15,$1,$59,$541,$1,$1,$1,$1,$0,$0,$-0,$-0,$0,$2,$-1,$0,$0,$0,$-26,$-26,$-17,$-44,$-0,$0,$-0,$0,$0,$-0,$37,$37,$-5,$0,$-0
30,2011-03-31,7.95,$18.79,0.42,$9.00,0.88,$3.79,2.1,$0.73,10.89,$0.40B,$0.44B,0.92,$0.04B,$0.04B,0.99,$0.03B,$0.02B,71.43%,$0.03B,$0.00B,14.29%,$0.03B,0,0.00%,$0.03B,0,0.00%,$0.03B,$0.00B,10.71%,$0.03B,$0.00B,10.71%,$0.00B,$0.06B,5.56%,$0.00B,$0.06B,5.63%,$0.00B,$0.54B,0.59%,$0.00B,$0.10B,4.21%,$7,$1,$5,$0,$5,$6,$0,$0,$0,$-0,$1,$1,$0,$0,$0,$3,3,$0.14,$0.14,$64,$0,$0,$399,$15,$110,$1,$16,$143,$541,$435,$40,$8,$49,$484,$3,$15,$-0,$58,$541,$1,$0,$0,$1,$1,$0,$-0,$-0,$1,$2,$-1,$0,$0,$0,$-3,$-3,$-6,$-10,$-0,$0,$-0,$0,$0,$-0,$38,$38,$30,$0,$-0
31,2010-12-31,7.83,$18.67,0.42,$9.05,0.86,$3.91,2.0,$0.74,10.58,$0.36B,$0.40B,0.92,$0.04B,$0.04B,1.01,$0.03B,$0.02B,71.43%,$0.03B,$0.01B,17.86%,$0.03B,0,0.00%,$0.03B,0,0.00%,$0.03B,$0.00B,14.29%,$0.03B,$0.00B,10.71%,$0.00B,$0.06B,5.94%,$0.00B,$0.06B,6.00%,$0.00B,$0.50B,0.60%,$0.01B,$0.10B,5.42%,$7,$2,$5,$0,$3,$5,$2,$0,$1,$0,$1,$1,$1,$0,$0,$3,3,$0.22,$0.22,$34,$0,$0,$364,$15,$107,$1,$16,$139,$503,$397,$40,$9,$49,$446,$3,$15,$-1,$57,$503,$3,$1,$2,$3,$1,$0,$-0,$4,$5,$10,$-1,$0,$0,$0,$6,$6,$-19,$-14,$-2,$0,$-2,$0,$12,$-1,$13,$22,$18,$0,$-0
32,2010-09-30,9.19,$18.93,0.49,$9.21,1.0,$2.94,3.13,$0.69,13.32,$0.37B,$0.40B,0.94,$0.04B,$0.04B,1.02,$0.03B,$0.02B,71.43%,$0.03B,$0.01B,17.86%,$0.03B,0,0.00%,$0.03B,0,0.00%,$0.03B,$0.00B,14.29%,$0.03B,$0.00B,10.71%,$0.00B,$0.06B,6.35%,$0.00B,$0.06B,6.42%,$0.00B,$0.51B,0.60%,$0.01B,$0.10B,5.60%,$7,$2,$5,$0,$4,$6,$1,$0,$1,$0,$1,$1,$1,$0,$0,$3,3,$0.18,$0.18,$40,$0,$0,$374,$15,$97,$1,$19,$131,$505,$398,$41,$9,$50,$448,$3,$14,$0,$57,$505,$2,$1,$1,$2,$-2,$0,$-0,$-0,$-3,$2,$-1,$0,$0,$0,$18,$18,$-19,$-2,$-1,$0,$-1,$0,$12,$-1,$14,$24,$24,$0,$-0
33,2010-06-30,6.73,$14.71,0.46,$9.32,0.72,$4.58,1.47,$0.74,9.09,$0.36B,$0.41B,0.88,$0.04B,$0.04B,1.04,$0.03B,$0.02B,71.43%,$0.03B,$0.01B,17.86%,$0.03B,0,0.00%,$0.03B,0,0.00%,$0.03B,$0.00B,14.29%,$0.03B,$0.00B,10.71%,$0.00B,$0.04B,6.86%,$0.00B,$0.04B,6.94%,$0.00B,$0.50B,0.61%,$0.01B,$0.09B,5.80%,$7,$2,$5,$0,$4,$6,$1,$0,$1,$0,$1,$1,$1,$0,$0,$3,3,$0.19,$0.19,$28,$0,$0,$358,$14,$108,$1,$16,$139,$497,$406,$41,$6,$47,$453,$3,$14,$-0,$44,$497,$1,$1,$1,$1,$-1,$0,$-0,$-0,$-2,$1,$-1,$0,$0,$0,$7,$7,$-14,$-8,$-1,$0,$-1,$0,$0,$-0,$21,$20,$12,$0,$-0
34,2010-03-31,8.63,$14.68,0.59,$9.42,0.92,$5.83,1.48,$0.58,14.88,$0.37B,$0.42B,0.88,$0.04B,$0.04B,1.07,$0.03B,$0.02B,71.43%,$0.03B,$0.00B,14.29%,$0.03B,0,0.00%,$0.03B,0,0.00%,$0.03B,$0.00B,10.71%,$0.03B,$0.00B,7.14%,$0.00B,$0.04B,4.62%,$0.00B,$0.04B,4.71%,$0.00B,$0.51B,0.41%,$0.00B,$0.09B,4.61%,$7,$2,$5,$0,$4,$6,$1,$0,$1,$0,$1,$1,$0,$0,$0,$3,3,$0.15,$0.15,$39,$0,$0,$368,$14,$112,$1,$16,$144,$511,$420,$42,$5,$47,$467,$3,$13,$0,$44,$511,$1,$0,$0,$1,$2,$0,$-0,$-0,$2,$2,$-0,$0,$0,$0,$3,$3,$-17,$-14,$-0,$0,$-0,$0,$0,$-0,$35,$35,$23,$0,$-0
35,2009-12-31,6.36,$14.32,0.44,$9.63,0.66,$5.59,1.14,$0.48,13.25,$0.33B,$0.38B,0.87,$0.04B,$0.04B,1.09,$0.03B,$0.02B,71.43%,$0.03B,$0.00B,10.71%,$0.03B,0,0.00%,$0.03B,0,0.00%,$0.03B,$0.00B,7.14%,$0.03B,$0.00B,7.14%,$0.00B,$0.04B,4.68%,$0.00B,$0.04B,4.76%,$0.00B,$0.48B,0.41%,$0.00B,$0.09B,3.45%,$7,$2,$5,$0,$3,$6,$2,$0,$1,$0,$1,$1,$1,$0,$0,$3,3,$0.18,$0.18,$16,$0,$0,$332,$14,$115,$1,$16,$145,$478,$384,$42,$7,$50,$434,$3,$13,$-0,$44,$478,$2,$1,$1,$3,$-0,$0,$-0,$2,$1,$5,$0,$0,$0,$0,$-12,$-12,$1,$-11,$-14,$0,$-14,$0,$5,$-0,$6,$-3,$-9,$0,$0
36,2009-09-30,5.09,$14.30,0.36,$9.83,0.52,$7.33,0.7,$0.44,11.57,$0.34B,$0.39B,0.86,$0.04B,$0.04B,1.1,$0.03B,$0.02B,68.97%,$0.03B,$0.00B,6.90%,$0.03B,0,0.00%,$0.03B,0,0.00%,$0.03B,$0.00B,3.45%,$0.03B,$0.00B,3.45%,$0.00B,$0.04B,2.44%,$0.00B,$0.04B,2.48%,$0.00B,$0.49B,0.21%,$0.00B,$0.09B,2.25%,$7,$2,$5,$0,$4,$6,$1,$0,$1,$0,$1,$1,$1,$0,$0,$3,3,$0.23,$0.23,$19,$0,$0,$338,$14,$122,$1,$12,$148,$486,$394,$42,$6,$49,$443,$3,$12,$0,$43,$486,$1,$1,$1,$2,$-1,$0,$-0,$-0,$-1,$6,$0,$0,$0,$0,$-19,$-19,$0,$-19,$-14,$0,$-14,$0,$5,$-0,$15,$7,$-6,$0,$0
37,2009-06-30,6.8,$13.96,0.49,$10.21,0.67,$7.65,0.89,$0.32,21.24,$0.35B,$0.39B,0.88,$0.05B,$0.04B,1.22,$0.03B,$0.02B,66.67%,$0.03B,$0.00B,3.33%,$0.03B,0,0.00%,$0.03B,0,0.00%,$0.03B,0,0.00%,$0.03B,0,0.00%,$0.00B,$0.04B,0.00%,$0.00B,$0.04B,0.00%,$0.00B,$0.49B,0.00%,$0.00B,$0.09B,1.10%,$7,$3,$5,$0,$4,$7,$0,$0,$0,$0,$0,$0,$0,$0,$0,$3,3,$0.03,$0.03,$26,$0,$0,$345,$15,$115,$1,$10,$140,$485,$393,$46,$5,$50,$443,$3,$12,$-0,$42,$485,$0,$1,$1,$2,$-1,$0,$-0,$-0,$-1,$4,$0,$0,$0,$0,$-13,$-13,$2,$-11,$-11,$0,$-11,$0,$5,$-0,$14,$8,$1,$0,$0
38,2009-03-31,8.9,$14.11,0.63,$10.78,0.83,$8.33,1.07,$0.40,22.24,$0.36B,$0.39B,0.92,$0.05B,$0.04B,1.22,$0.03B,$0.02B,62.50%,$0.03B,$0.00B,3.13%,$0.03B,0,0.00%,$0.03B,0,0.00%,$0.03B,0,0.00%,$0.03B,0,0.00%,$0.00B,$0.04B,0.00%,$0.00B,$0.04B,0.00%,$0.00B,$0.48B,0.00%,$0.00B,$0.09B,1.11%,$7,$3,$5,$0,$4,$7,$0,$0,$0,$0,$0,$0,$0,$0,$0,$3,3,$0.05,$0.05,$43,$0,$0,$359,$15,$98,$1,$10,$124,$483,$391,$46,$4,$49,$441,$3,$12,$0,$42,$483,$0,$0,$1,$1,$-1,$0,$-0,$-0,$-1,$1,$-0,$0,$0,$0,$5,$5,$5,$10,$-11,$0,$-11,$0,$5,$0,$13,$7,$18,$0,$0
39,2008-12-31,8.19,$12.12,0.68,$11.42,0.72,$9.68,0.85,$0.61,13.43,$0.35B,$0.38B,0.91,$0.06B,$0.04B,1.54,$0.03B,$0.02B,58.82%,$0.03B,$0.00B,5.88%,$0.03B,0,0.00%,$0.03B,0,0.00%,$0.03B,$0.00B,2.94%,$0.03B,$0.00B,2.94%,$0.00B,$0.04B,2.74%,$0.00B,$0.04B,2.78%,$0.00B,$0.48B,0.20%,$0.00B,$0.09B,2.16%,$8,$3,$5,$0,$4,$7,$1,$0,$0,$0,$0,$0,$0,$0,$0,$3,3,$0.14,$0.13,$25,$0,$0,$346,$15,$102,$1,$11,$129,$475,$379,$56,$3,$59,$438,$3,$11,$-0,$37,$475,$2,$1,$2,$3,$3,$0,$0,$3,$7,$12,$-0,$0,$0,$0,$-16,$-16,$42,$26,$-15,$0,$-15,$0,$0,$-1,$-8,$-23,$14,$-0,$-1
40,2008-09-30,10.91,$12.03,0.91,$11.96,0.91,$5.34,2.04,$0.71,15.36,$0.37B,$0.39B,0.93,$0.06B,$0.04B,1.6,$0.04B,$0.02B,55.56%,$0.04B,$0.00B,5.56%,$0.04B,0,0.00%,$0.04B,0,0.00%,$0.04B,$0.00B,5.56%,$0.04B,$0.00B,5.56%,$0.00B,$0.04B,5.52%,$0.00B,$0.04B,5.56%,$0.00B,$0.49B,0.39%,$0.00B,$0.09B,2.08%,$8,$3,$5,$0,$5,$8,$0,$0,$0,$0,$0,$0,$0,$0,$0,$3,3,$0.11,$0.11,$31,$0,$0,$366,$16,$96,$1,$11,$124,$489,$393,$58,$3,$61,$453,$3,$11,$-1,$36,$489,$1,$1,$2,$2,$2,$0,$-0,$-0,$2,$8,$-1,$0,$0,$0,$-10,$-10,$31,$21,$-14,$0,$-14,$0,$0,$-1,$6,$-8,$20,$0,$-1
41,2008-06-30,16.24,$12.21,1.33,$12.41,1.31,$3.76,4.32,$1.02,15.92,$0.39B,$0.43B,0.91,$0.05B,$0.04B,1.37,$0.04B,$0.02B,55.26%,$0.04B,$0.00B,10.53%,$0.04B,0,0.00%,$0.04B,0,0.00%,$0.04B,$0.00B,10.53%,$0.04B,$0.00B,7.89%,$0.00B,$0.04B,8.33%,$0.00B,$0.04B,8.33%,$0.00B,$0.51B,0.59%,$0.00B,$0.09B,4.13%,$9,$4,$5,$0,$5,$9,$0,$0,$0,$0,$0,$0,$0,$0,$0,$3,3,$0.11,$0.11,$35,$0,$0,$385,$16,$102,$1,$10,$128,$513,$425,$50,$2,$52,$477,$3,$11,$0,$36,$513,$1,$1,$1,$2,$2,$0,$-0,$-0,$2,$7,$-1,$0,$0,$0,$-15,$-15,$17,$1,$-21,$0,$-21,$0,$0,$-0,$37,$16,$24,$0,$-0
42,2008-03-31,18.7,$12.54,1.49,$12.36,1.51,$0.89,21.09,$1.27,14.72,$0.42B,$0.43B,0.96,$0.06B,$0.04B,1.6,$0.04B,$0.02B,55.26%,$0.04B,$0.01B,13.16%,$0.04B,0,0.00%,$0.04B,0,0.00%,$0.04B,$0.01B,13.16%,$0.04B,$0.00B,10.53%,$0.00B,$0.04B,11.35%,$0.00B,$0.04B,11.35%,$0.00B,$0.53B,0.80%,$0.01B,$0.10B,5.41%,$9,$4,$5,$0,$4,$8,$1,$0,$1,$0,$1,$1,$1,$0,$0,$3,3,$0.26,$0.26,$53,$0,$0,$417,$16,$90,$1,$9,$116,$533,$433,$60,$2,$62,$495,$3,$11,$1,$37,$533,$1,$0,$0,$1,$2,$0,$0,$-0,$2,$6,$-0,$0,$0,$0,$-2,$-2,$4,$2,$-11,$0,$-11,$0,$0,$-0,$46,$34,$42,$0,$-0
43,2007-12-31,19.26,$12.14,1.59,$11.96,1.61,$-1.22,0.0,$1.24,15.53,$0.38B,$0.39B,0.99,$0.07B,$0.04B,1.96,$0.04B,$0.02B,56.76%,$0.04B,$0.01B,13.51%,$0.04B,0,0.00%,$0.04B,0,0.00%,$0.04B,$0.01B,13.51%,$0.04B,$0.00B,10.81%,$0.00B,$0.04B,11.68%,$0.00B,$0.04B,11.68%,$0.00B,$0.50B,0.84%,$0.01B,$0.11B,6.08%,$10,$4,$5,$0,$4,$9,$1,$0,$1,$0,$1,$1,$1,$0,$0,$3,3,$0.24,$0.24,$11,$0,$0,$382,$16,$87,$1,$11,$114,$496,$387,$71,$1,$72,$460,$3,$10,$0,$36,$496,$4,$1,$1,$2,$-2,$0,$0,$0,$-2,$4,$-6,$0,$0,$0,$5,$5,$-84,$-85,$39,$0,$39,$1,$1,$-2,$35,$73,$-8,$0,$-2
44,2007-09-30,19.23,$11.63,1.65,$11.85,1.62,$0.05,406.54,$1.31,14.68,$0.38B,$0.39B,0.96,$0.06B,$0.04B,1.77,$0.04B,$0.02B,60.00%,$0.04B,$0.01B,14.29%,$0.04B,0,0.00%,$0.04B,0,0.00%,$0.04B,$0.01B,14.29%,$0.04B,$0.00B,11.43%,$0.00B,$0.04B,12.03%,$0.00B,$0.04B,12.03%,$0.00B,$0.49B,0.87%,$0.01B,$0.10B,6.97%,$10,$4,$6,$0,$4,$8,$2,$0,$2,$0,$1,$1,$1,$0,$0,$3,3,$0.43,$0.42,$12,$0,$0,$380,$12,$88,$0,$11,$111,$492,$394,$62,$1,$63,$457,$3,$9,$-0,$35,$492,$3,$1,$1,$1,$1,$0,$0,$-0,$2,$5,$-3,$0,$0,$0,$4,$4,$-84,$-83,$30,$0,$30,$1,$1,$-1,$41,$70,$-7,$0,$-1
45,2007-06-30,22.24,$11.09,2.01,$11.22,1.98,$-0.97,0.0,$1.18,18.84,$0.36B,$0.40B,0.89,$0.04B,$0.03B,1.09,$0.03B,$0.02B,59.38%,$0.03B,$0.00B,12.50%,$0.03B,0,0.00%,$0.03B,0,0.00%,$0.03B,$0.00B,12.50%,$0.03B,$0.00B,12.50%,$0.00B,$0.03B,13.45%,$0.00B,$0.03B,13.45%,$0.00B,$0.47B,0.94%,$0.00B,$0.07B,6.43%,$9,$4,$5,$0,$4,$7,$1,$0,$1,$0,$1,$1,$1,$0,$0,$3,3,$0.37,$0.36,$12,$0,$0,$360,$11,$92,$0,$11,$114,$474,$404,$36,$0,$36,$440,$3,$8,$-1,$33,$474,$2,$1,$1,$1,$-2,$0,$-0,$-0,$-3,$-1,$-1,$0,$0,$0,$-0,$-0,$-59,$-61,$4,$0,$4,$1,$1,$-1,$52,$55,$-7,$0,$-1
46,2007-03-31,20.95,$11.04,1.9,$10.76,1.95,$-0.82,0.0,$1.21,17.32,$0.32B,$0.39B,0.83,$0.02B,$0.03B,0.73,$0.03B,$0.02B,62.07%,$0.03B,$0.00B,13.79%,$0.03B,0,0.00%,$0.03B,0,0.00%,$0.03B,$0.00B,13.79%,$0.03B,$0.00B,13.79%,$0.00B,$0.03B,15.24%,$0.00B,$0.03B,15.24%,$0.00B,$0.45B,1.03%,$0.00B,$0.06B,6.67%,$8,$3,$5,$0,$4,$7,$1,$0,$1,$0,$1,$1,$1,$0,$0,$3,3,$0.24,$0.23,$14,$0,$0,$321,$10,$104,$0,$10,$124,$445,$387,$24,$0,$24,$412,$3,$7,$0,$33,$445,$1,$0,$0,$1,$-3,$0,$0,$-0,$-2,$-1,$-0,$0,$0,$0,$-12,$-12,$-17,$-30,$-8,$0,$-8,$1,$1,$-1,$34,$26,$-5,$0,$-1
47,2006-12-31,26.56,$11.32,2.35,$10.17,2.61,$-0.32,0.0,$1.28,20.75,$0.31B,$0.35B,0.87,$0.03B,$0.03B,0.99,$0.03B,$0.02B,61.54%,$0.03B,$0.00B,15.38%,$0.03B,0,0.00%,$0.03B,0,0.00%,$0.03B,$0.00B,15.38%,$0.03B,$0.00B,15.38%,$0.00B,$0.03B,17.58%,$0.00B,$0.03B,17.58%,$0.00B,$0.42B,1.13%,$0.00B,$0.07B,6.84%,$8,$3,$5,$0,$4,$7,$1,$0,$1,$0,$1,$1,$1,$0,$0,$2,3,$0.30,$0.29,$19,$0,$0,$306,$10,$92,$1,$9,$112,$418,$353,$32,$0,$33,$385,$3,$8,$-0,$32,$418,$3,$1,$1,$1,$-1,$0,$0,$-1,$-2,$3,$-1,$0,$2,$0,$-17,$-17,$-69,$-85,$-1,$0,$-1,$8,$8,$-0,$66,$73,$-10,$0,$-0
