,Date,Stock Price,Book Value per Share,Price to Book Ratio,TTM Sales per Share,Price to Sales Ratio,TTM FCF per Share,Price to FCF Ratio,TTM Net EPS,PE Ratio,Current Assets,Current Liabilities,Current Ratio,Long Term Debt,Shareholder's Equity_x,Debt to Equity Ratio,TTM Revenue_x,TTM Gross Profit,Gross Margin,TTM Revenue_y,TTM Operating Income,Operating Margin,TTM Revenue_x,TTM EBIT,EBIT Margin,TTM Revenue_y,TTM EBITDA,EBITDA Margin,TTM Revenue_x,TTM Pre-Tax Income,Pre-Tax Margin,TTM Revenue_y,TTM Net Income_x,Net Margin,TTM Net Income_y,Shareholder's Equity_y,Return on Equity,TTM Net Income_x,Tangible Equity,Return on Tangible Equity,TTM Net Income_y,Total Assets,Return on Assets,TTM Net Income,LT Investments & Debt,Return on Investment,revenue,cost-goods-sold,gross-profit,research-development-expenses,selling-general-administrative-expenses,operating-expenses,operating-income,total-non-operating-income-expense,pre-tax-income,total-provision-income-taxes,income-after-taxes,income-from-continuous-operations,net-income,ebitda,ebit,basic-shares-outstanding,shares-outstanding,eps-basic-net-earnings-per-share,eps-earnings-per-share-diluted,cash-on-hand,inventory,other-current-assets,total-current-assets,net-property-plant-equipment,long-term-investments,goodwill-intangible-assets-total,other-long-term-assets,total-long-term-assets,total-assets,total-current-liabilities,long-term-debt,other-non-current-liabilities,total-long-term-liabilities,total-liabilities,common-stock-net,retained-earnings-accumulated-deficit,comprehensive-income,total-share-holder-equity,total-liabilities-share-holders-equity,net-income-loss,total-depreciation-amortization-cash-flow,other-non-cash-items,total-non-cash-items,change-in-accounts-receivable,change-in-inventories,change-in-accounts-payable,change-in-assets-liabilities,total-change-in-assets-liabilities,cash-flow-from-operating-activities,net-change-in-property-plant-equipment,net-change-in-intangible-assets,net-acquisitions-divestitures,net-change-in-short-term-investments,net-change-in-long-term-investments,net-change-in-investments-total,investing-activities-other,cash-flow-from-investing-activities,net-long-term-debt,net-current-debt,debt-issuance-retirement-net-total,net-common-equity-issued-repurchased,net-total-equity-issued-repurchased,total-common-preferred-stock-dividends-paid,financial-activities-other,cash-flow-from-financial-activities,net-cash-flow,stock-based-compensation,common-stock-dividends-paid
0,2018-09-30,25.31,$15.44,1.64,$8.46,2.99,$2.91,8.7,$0.64,39.55,$0.55B,$0.57B,0.96,$0.03B,$0.06B,0.58,$0.03B,$0.03B,90.63%,$0.03B,$0.01B,21.88%,$0.03B,0,0.00%,$0.03B,0,0.00%,$0.03B,$0.01B,21.88%,$0.03B,$0.00B,12.50%,$0.00B,$0.06B,6.99%,$0.00B,$0.06B,6.99%,$0.00B,$0.67B,0.60%,$0.01B,$0.09B,8.46%,$8,$1,$7,$0,$6,$7,$1,$0,$1,$0,$1,$1,$1,$0,$0,$4,4,$0.35,$0.35,$21,$0,$0,$551,$18,$75,$0,$26,$119,$670,$571,$34,$7,$40,$612,$16,$44,$-1,$58,$670,$5,$1,$-1,$1,$0,$0,$0,$-1,$-1,$4,$-1,$0,$0,$0,$-3,$-3,$-31,$-35,$22,$5,$27,$-0,$-0,$-1,$-4,$22,$-8,$0,$-1
1,2018-06-30,21.2,$15.29,1.39,$8.27,2.56,$2.75,7.72,$0.98,21.63,$0.53B,$0.57B,0.93,$0.01B,$0.06B,0.25,$0.03B,$0.03B,93.55%,$0.03B,$0.01B,25.81%,$0.03B,0,0.00%,$0.03B,0,0.00%,$0.03B,$0.01B,25.81%,$0.03B,$0.00B,12.90%,$0.00B,$0.06B,7.02%,$0.00B,$0.06B,7.02%,$0.00B,$0.65B,0.61%,$0.01B,$0.07B,10.39%,$8,$1,$7,$0,$6,$6,$2,$0,$2,$0,$2,$2,$2,$0,$0,$4,4,$0.44,$0.44,$25,$0,$0,$533,$19,$75,$0,$26,$119,$652,$574,$14,$6,$20,$594,$16,$43,$-1,$58,$652,$3,$1,$-1,$0,$-0,$0,$0,$-2,$-2,$1,$-1,$0,$0,$0,$-2,$-2,$-8,$-11,$2,$8,$10,$-0,$-0,$-1,$-4,$5,$-5,$0,$-1
2,2018-03-31,20.9,$15.01,1.39,$8.00,2.61,$2.97,7.04,$0.80,26.13,$0.57B,$0.58B,0.98,$0.04B,$0.06B,0.74,$0.03B,$0.03B,96.67%,$0.03B,$0.01B,23.33%,$0.03B,0,0.00%,$0.03B,0,0.00%,$0.03B,$0.01B,23.33%,$0.03B,$0.00B,10.00%,$0.00B,$0.06B,5.31%,$0.00B,$0.06B,5.31%,$0.00B,$0.68B,0.46%,$0.01B,$0.10B,9.21%,$8,$1,$8,$0,$6,$6,$2,$0,$2,$0,$2,$2,$2,$0,$0,$4,4,$0.42,$0.42,$67,$0,$0,$567,$18,$73,$0,$24,$115,$682,$577,$42,$6,$48,$625,$16,$42,$-1,$57,$682,$2,$0,$-0,$0,$-0,$0,$0,$-0,$-1,$1,$-0,$0,$0,$0,$1,$1,$-0,$0,$30,$0,$30,$-0,$-0,$-0,$7,$37,$38,$0,$-0
3,2017-12-31,21.65,$14.92,1.45,$7.63,2.84,$2.93,7.39,$0.66,32.81,$0.53B,$0.57B,0.93,$0.01B,$0.06B,0.21,$0.03B,$0.03B,93.10%,$0.03B,$0.01B,20.69%,$0.03B,0,0.00%,$0.03B,0,0.00%,$0.03B,$0.01B,20.69%,$0.03B,$0.00B,6.90%,$0.00B,$0.06B,3.57%,$0.00B,$0.06B,3.57%,$0.00B,$0.65B,0.31%,$0.01B,$0.07B,8.66%,$8,$1,$7,$0,$5,$6,$2,$0,$2,$2,$-1,$-1,$-1,$0,$0,$4,4,$-0.14,$-0.14,$29,$0,$0,$529,$19,$74,$0,$23,$116,$645,$570,$12,$6,$18,$588,$16,$40,$0,$56,$645,$2,$2,$2,$3,$0,$0,$0,$0,$0,$6,$-1,$0,$0,$0,$-21,$-21,$-40,$-61,$-5,$0,$-5,$-0,$-0,$-2,$24,$17,$-39,$0,$-2
4,2017-09-30,19.52,$15.20,1.28,$7.44,2.62,$3.22,6.05,$1.02,19.14,$0.52B,$0.56B,0.93,$0.01B,$0.06B,0.21,$0.03B,$0.03B,92.86%,$0.03B,$0.01B,17.86%,$0.03B,0,0.00%,$0.03B,0,0.00%,$0.03B,$0.01B,17.86%,$0.03B,$0.00B,14.29%,$0.00B,$0.06B,7.21%,$0.00B,$0.06B,7.21%,$0.00B,$0.63B,0.63%,$0.01B,$0.07B,7.12%,$7,$1,$7,$0,$5,$6,$2,$0,$2,$0,$1,$1,$1,$0,$0,$4,4,$0.34,$0.34,$32,$0,$0,$520,$19,$69,$0,$25,$112,$632,$556,$12,$6,$18,$575,$12,$45,$0,$57,$632,$3,$1,$0,$1,$-0,$0,$0,$-0,$-1,$4,$-0,$0,$0,$0,$-16,$-16,$-27,$-43,$-5,$0,$-5,$-0,$-0,$-1,$10,$4,$-36,$0,$-1
5,2017-06-30,18.57,$14.93,1.24,$7.30,2.54,$3.33,5.57,$0.87,21.34,$0.54B,$0.57B,0.94,$0.01B,$0.06B,0.21,$0.03B,$0.03B,89.29%,$0.03B,$0.00B,14.29%,$0.03B,0,0.00%,$0.03B,0,0.00%,$0.03B,$0.00B,14.29%,$0.03B,$0.00B,14.29%,$0.00B,$0.06B,7.31%,$0.00B,$0.06B,7.31%,$0.00B,$0.65B,0.63%,$0.00B,$0.07B,5.65%,$7,$1,$7,$0,$5,$6,$1,$0,$1,$0,$1,$1,$1,$0,$0,$4,4,$0.26,$0.26,$72,$0,$0,$537,$19,$66,$0,$25,$109,$646,$572,$12,$6,$18,$590,$12,$44,$0,$56,$646,$2,$1,$0,$1,$0,$0,$0,$-1,$-1,$2,$-0,$0,$0,$0,$-13,$-13,$-5,$-18,$-5,$0,$-5,$-0,$-0,$-1,$26,$20,$4,$0,$-1
6,2017-03-31,17.62,$14.66,1.2,$7.18,2.45,$3.45,5.11,$1.03,17.11,$0.53B,$0.55B,0.96,$0.02B,$0.06B,0.31,$0.03B,$0.02B,85.71%,$0.03B,$0.01B,17.86%,$0.03B,0,0.00%,$0.03B,0,0.00%,$0.03B,$0.01B,17.86%,$0.03B,$0.01B,17.86%,$0.01B,$0.06B,9.22%,$0.01B,$0.06B,9.22%,$0.01B,$0.63B,0.80%,$0.01B,$0.07B,6.99%,$7,$0,$6,$0,$5,$6,$1,$0,$1,$0,$1,$1,$1,$0,$0,$4,4,$0.20,$0.20,$75,$0,$0,$527,$19,$58,$0,$25,$103,$630,$551,$17,$7,$24,$575,$12,$44,$-0,$55,$630,$1,$0,$0,$0,$0,$0,$0,$-0,$-0,$1,$-0,$0,$0,$0,$-6,$-6,$7,$1,$-0,$0,$-0,$-0,$-0,$-0,$5,$4,$7,$0,$-0
7,2016-12-31,16.06,$14.50,1.11,$7.14,2.25,$3.48,4.62,$0.99,16.22,$0.53B,$0.55B,0.97,$0.02B,$0.05B,0.31,$0.03B,$0.02B,85.71%,$0.03B,$0.01B,17.86%,$0.03B,0,0.00%,$0.03B,0,0.00%,$0.03B,$0.01B,17.86%,$0.03B,$0.01B,17.86%,$0.01B,$0.05B,9.30%,$0.01B,$0.05B,9.30%,$0.01B,$0.62B,0.81%,$0.01B,$0.07B,7.14%,$7,$0,$6,$0,$5,$6,$1,$0,$1,$0,$1,$1,$1,$0,$0,$4,4,$0.21,$0.21,$68,$0,$0,$528,$19,$52,$0,$25,$96,$624,$546,$17,$7,$24,$570,$15,$40,$-1,$54,$624,$4,$2,$-1,$1,$0,$0,$0,$2,$2,$7,$-0,$0,$0,$0,$4,$4,$-15,$-12,$-0,$0,$-0,$-0,$-0,$-2,$22,$20,$15,$0,$-2
8,2016-09-30,13.85,$14.46,0.96,$7.19,1.93,$3.36,4.13,$-0.23,0.0,$0.53B,$0.55B,0.97,$0.02B,$0.05B,0.32,$0.03B,$0.03B,89.29%,$0.03B,$-0.00B,-7.14%,$0.03B,0,0.00%,$0.03B,0,0.00%,$0.03B,$-0.00B,-7.14%,$0.03B,0,0.00%,$0.00B,$0.05B,0.00%,$0.00B,$0.05B,0.00%,$0.00B,$0.62B,0.00%,$-0.00B,$0.07B,-2.88%,$7,$0,$6,$0,$5,$6,$1,$0,$1,$0,$1,$1,$1,$0,$0,$4,4,$0.19,$0.19,$75,$0,$0,$530,$20,$48,$0,$26,$94,$624,$545,$17,$7,$24,$570,$12,$43,$-1,$54,$624,$3,$1,$-1,$1,$0,$0,$0,$0,$0,$4,$-0,$0,$0,$0,$9,$9,$-10,$-1,$-0,$0,$-0,$-0,$-0,$-1,$21,$20,$22,$0,$-1
9,2016-06-30,13.8,$14.36,0.96,$7.36,1.88,$3.62,3.81,$-0.06,0.0,$0.52B,$0.54B,0.96,$0.02B,$0.05B,0.32,$0.03B,$0.03B,92.86%,$0.03B,$-0.00B,-3.57%,$0.03B,0,0.00%,$0.03B,0,0.00%,$0.03B,$-0.00B,-3.57%,$0.03B,0,0.00%,$0.00B,$0.05B,0.00%,$0.00B,$0.05B,0.00%,$0.00B,$0.62B,0.00%,$-0.00B,$0.07B,-1.44%,$7,$0,$6,$0,$4,$5,$2,$0,$2,$1,$2,$2,$2,$0,$0,$4,4,$0.42,$0.42,$67,$0,$0,$520,$20,$52,$0,$27,$99,$619,$540,$17,$8,$25,$565,$12,$43,$-1,$54,$619,$2,$1,$-1,$-0,$0,$0,$0,$1,$1,$3,$-0,$0,$0,$0,$4,$4,$-7,$-4,$-0,$0,$-0,$-0,$-0,$-1,$16,$15,$14,$0,$-1
10,2016-03-31,14.2,$14.11,1.01,$7.48,1.9,$3.58,3.97,$-0.20,0.0,$0.50B,$0.53B,0.96,$0.01B,$0.05B,0.25,$0.03B,$0.03B,96.43%,$0.03B,$-0.00B,-7.14%,$0.03B,0,0.00%,$0.03B,0,0.00%,$0.03B,$-0.00B,-7.14%,$0.03B,$-0.00B,-3.57%,$-0.00B,$0.05B,-1.83%,$-0.00B,$0.05B,-1.83%,$-0.00B,$0.60B,-0.17%,$-0.00B,$0.07B,-2.91%,$7,$0,$6,$0,$6,$6,$1,$0,$1,$0,$1,$1,$1,$0,$0,$4,4,$0.16,$0.16,$56,$0,$0,$502,$20,$54,$0,$27,$102,$604,$526,$13,$12,$25,$551,$12,$42,$-0,$53,$604,$1,$0,$0,$1,$0,$0,$0,$-0,$-0,$1,$-0,$0,$0,$0,$2,$2,$-2,$-0,$-0,$0,$-0,$0,$0,$-0,$2,$1,$2,$0,$-0
11,2015-12-31,14.26,$14.05,1.01,$7.49,1.9,$3.47,4.11,$-0.16,0.0,$0.50B,$0.52B,0.95,$0.02B,$0.05B,0.33,$0.03B,$0.03B,96.43%,$0.03B,$-0.00B,-7.14%,$0.03B,0,0.00%,$0.03B,0,0.00%,$0.03B,$-0.00B,-7.14%,$0.03B,$-0.00B,-3.57%,$-0.00B,$0.05B,-1.80%,$-0.00B,$0.05B,-1.80%,$-0.00B,$0.60B,-0.17%,$-0.00B,$0.07B,-2.88%,$7,$0,$7,$0,$12,$13,$-6,$0,$-6,$-2,$-4,$-4,$-4,$0,$0,$4,4,$-1.00,$-1.00,$53,$0,$0,$497,$20,$57,$0,$27,$104,$601,$524,$17,$7,$24,$549,$12,$41,$-0,$53,$601,$-1,$1,$6,$8,$0,$0,$0,$-0,$-0,$7,$-1,$0,$0,$0,$2,$2,$-16,$-15,$-0,$0,$-0,$0,$0,$-2,$-1,$-3,$-11,$0,$-2
12,2015-09-30,12.99,$15.24,0.85,$7.48,1.74,$1.84,7.06,$1.14,11.39,$0.49B,$0.51B,0.96,$0.01B,$0.06B,0.23,$0.03B,$0.03B,92.86%,$0.03B,$0.01B,17.86%,$0.03B,0,0.00%,$0.03B,0,0.00%,$0.03B,$0.01B,17.86%,$0.03B,$0.00B,14.29%,$0.00B,$0.06B,7.14%,$0.00B,$0.06B,7.14%,$0.00B,$0.59B,0.67%,$0.01B,$0.07B,7.25%,$7,$0,$7,$0,$5,$6,$2,$0,$2,$0,$1,$1,$1,$0,$0,$4,4,$0.36,$0.36,$29,$0,$0,$492,$21,$57,$0,$25,$103,$594,$511,$13,$13,$26,$537,$12,$46,$-0,$57,$594,$3,$1,$0,$2,$0,$0,$0,$1,$1,$5,$-1,$0,$0,$0,$2,$2,$-26,$-25,$-0,$0,$-0,$0,$0,$-1,$-14,$-16,$-35,$0,$-1
13,2015-06-30,14.62,$14.97,0.98,$7.52,1.94,$0.29,50.05,$1.16,12.61,$0.49B,$0.52B,0.95,$0.01B,$0.06B,0.23,$0.03B,$0.03B,92.86%,$0.03B,$0.01B,17.86%,$0.03B,0,0.00%,$0.03B,0,0.00%,$0.03B,$0.01B,17.86%,$0.03B,$0.00B,14.29%,$0.00B,$0.06B,7.21%,$0.00B,$0.06B,7.21%,$0.00B,$0.60B,0.67%,$0.01B,$0.07B,7.30%,$7,$1,$7,$0,$5,$6,$1,$0,$1,$0,$1,$1,$1,$0,$0,$4,4,$0.28,$0.28,$43,$0,$0,$492,$21,$59,$0,$26,$106,$598,$516,$13,$12,$25,$542,$12,$45,$-0,$56,$598,$2,$1,$0,$1,$0,$0,$0,$-0,$-0,$2,$-0,$0,$0,$0,$-0,$-0,$-13,$-14,$-0,$0,$-0,$0,$0,$-1,$-9,$-10,$-21,$0,$-1
14,2015-03-31,15.26,$14.87,1.03,$7.54,2.02,$-0.83,0.0,$1.21,12.61,$0.49B,$0.52B,0.96,$0.01B,$0.06B,0.23,$0.03B,$0.03B,92.86%,$0.03B,$0.01B,21.43%,$0.03B,0,0.00%,$0.03B,0,0.00%,$0.03B,$0.01B,21.43%,$0.03B,$0.00B,14.29%,$0.00B,$0.06B,7.27%,$0.00B,$0.06B,7.27%,$0.00B,$0.60B,0.67%,$0.01B,$0.07B,8.82%,$7,$1,$6,$0,$5,$6,$1,$0,$1,$0,$1,$1,$1,$0,$0,$4,4,$0.20,$0.20,$53,$0,$0,$494,$21,$57,$0,$25,$103,$597,$516,$13,$12,$26,$542,$12,$44,$0,$56,$597,$1,$0,$0,$1,$0,$0,$0,$-0,$-0,$1,$-0,$0,$0,$0,$2,$2,$-4,$-2,$-0,$0,$-0,$0,$0,$-0,$-9,$-10,$-11,$0,$-0
15,2014-12-31,16.75,$14.78,1.13,$7.62,2.2,$-1.83,0.0,$1.28,13.08,$0.50B,$0.53B,0.95,$0.01B,$0.06B,0.24,$0.03B,$0.03B,92.86%,$0.03B,$0.01B,21.43%,$0.03B,0,0.00%,$0.03B,0,0.00%,$0.03B,$0.01B,21.43%,$0.03B,$0.00B,14.29%,$0.00B,$0.06B,7.37%,$0.00B,$0.06B,7.37%,$0.00B,$0.61B,0.67%,$0.01B,$0.07B,8.92%,$7,$1,$6,$0,$5,$6,$1,$0,$1,$0,$1,$1,$1,$0,$0,$4,4,$0.31,$0.30,$64,$0,$0,$501,$21,$59,$0,$26,$105,$606,$525,$13,$13,$26,$551,$12,$44,$-0,$55,$606,$5,$2,$-0,$1,$0,$0,$0,$1,$1,$7,$-7,$0,$0,$0,$-2,$-2,$13,$3,$-0,$0,$-0,$0,$0,$-2,$-15,$-17,$-7,$0,$-2
16,2014-09-30,14.63,$14.62,1.0,$7.79,1.88,$0.10,140.03,$1.35,10.84,$0.49B,$0.51B,0.96,$0.01B,$0.06B,0.24,$0.03B,$0.03B,93.10%,$0.03B,$0.01B,24.14%,$0.03B,0,0.00%,$0.03B,0,0.00%,$0.03B,$0.01B,24.14%,$0.03B,$0.00B,13.79%,$0.00B,$0.06B,7.51%,$0.00B,$0.06B,7.51%,$0.00B,$0.59B,0.66%,$0.01B,$0.07B,10.57%,$7,$1,$7,$0,$5,$6,$2,$0,$2,$0,$1,$1,$1,$0,$0,$4,4,$0.38,$0.38,$52,$0,$0,$485,$21,$56,$0,$26,$103,$588,$508,$13,$13,$26,$534,$12,$43,$-0,$55,$588,$4,$1,$0,$1,$0,$0,$0,$1,$1,$5,$-7,$0,$0,$0,$-0,$-0,$16,$9,$-0,$0,$-0,$0,$0,$-1,$-32,$-34,$-19,$0,$-1
17,2014-06-30,14.24,$14.34,0.99,$7.82,1.82,$1.82,7.83,$1.28,11.12,$0.50B,$0.52B,0.95,$0.01B,$0.05B,0.25,$0.03B,$0.03B,90.00%,$0.03B,$0.01B,23.33%,$0.03B,0,0.00%,$0.03B,0,0.00%,$0.03B,$0.01B,23.33%,$0.03B,$0.00B,13.33%,$0.00B,$0.05B,7.73%,$0.00B,$0.05B,7.73%,$0.00B,$0.60B,0.66%,$0.01B,$0.07B,10.81%,$7,$1,$7,$0,$5,$6,$2,$0,$2,$0,$1,$1,$1,$0,$0,$4,4,$0.33,$0.33,$59,$0,$0,$497,$20,$59,$0,$25,$104,$601,$523,$13,$11,$25,$547,$12,$42,$-0,$54,$601,$2,$1,$0,$1,$0,$0,$0,$0,$0,$3,$-5,$0,$0,$0,$-3,$-3,$11,$3,$-0,$0,$-0,$0,$0,$-1,$-17,$-18,$-12,$0,$-1
18,2014-03-31,13.05,$14.09,0.93,$7.91,1.65,$3.13,4.17,$1.17,11.16,$0.50B,$0.53B,0.95,$0.01B,$0.05B,0.25,$0.03B,$0.03B,90.00%,$0.03B,$0.01B,20.00%,$0.03B,0,0.00%,$0.03B,0,0.00%,$0.03B,$0.01B,20.00%,$0.03B,$0.00B,13.33%,$0.00B,$0.05B,7.96%,$0.00B,$0.05B,7.96%,$0.00B,$0.61B,0.66%,$0.01B,$0.07B,9.49%,$7,$1,$6,$0,$5,$6,$1,$0,$1,$0,$1,$1,$1,$0,$0,$4,4,$0.27,$0.27,$62,$0,$0,$503,$20,$57,$0,$25,$102,$605,$528,$13,$11,$24,$552,$12,$41,$-0,$53,$605,$1,$0,$-0,$0,$0,$0,$0,$0,$0,$1,$-5,$0,$0,$0,$-1,$-1,$9,$3,$-0,$0,$-0,$0,$0,$-0,$-12,$-13,$-9,$0,$-0
19,2013-12-31,12.05,$13.80,0.87,$7.98,1.51,$4.29,2.81,$1.16,10.39,$0.52B,$0.54B,0.96,$0.01B,$0.05B,0.26,$0.03B,$0.03B,90.00%,$0.03B,$0.01B,20.00%,$0.03B,0,0.00%,$0.03B,0,0.00%,$0.03B,$0.01B,20.00%,$0.03B,$0.00B,13.33%,$0.00B,$0.05B,8.16%,$0.00B,$0.05B,8.16%,$0.00B,$0.62B,0.67%,$0.01B,$0.06B,9.13%,$8,$1,$7,$0,$5,$6,$2,$0,$2,$0,$1,$1,$1,$0,$0,$4,4,$0.38,$0.37,$71,$0,$0,$517,$15,$55,$0,$28,$98,$616,$540,$13,$11,$24,$565,$12,$41,$-1,$51,$616,$4,$2,$1,$3,$0,$0,$0,$1,$1,$9,$-2,$0,$0,$0,$-4,$-4,$-4,$-10,$-15,$0,$-15,$0,$0,$-2,$25,$8,$7,$0,$-2
20,2013-09-30,11.12,$13.17,0.84,$7.94,1.4,$3.75,2.97,$0.91,12.22,$0.50B,$0.52B,0.96,$0.01B,$0.05B,0.27,$0.03B,$0.03B,89.66%,$0.03B,$0.00B,13.79%,$0.03B,0,0.00%,$0.03B,0,0.00%,$0.03B,$0.00B,13.79%,$0.03B,$0.00B,10.34%,$0.00B,$0.05B,6.22%,$0.00B,$0.05B,6.22%,$0.00B,$0.60B,0.50%,$0.00B,$0.06B,5.82%,$8,$1,$7,$0,$5,$6,$2,$0,$2,$0,$1,$1,$1,$0,$0,$4,4,$0.31,$0.31,$54,$0,$0,$504,$15,$52,$0,$25,$92,$595,$523,$13,$11,$24,$547,$12,$40,$-2,$49,$595,$3,$1,$1,$2,$0,$0,$0,$1,$1,$6,$-1,$0,$0,$0,$-2,$-2,$-5,$-8,$-15,$0,$-15,$0,$0,$-1,$8,$-9,$-11,$0,$-1
21,2013-06-30,10.48,$12.96,0.81,$8.03,1.3,$3.20,3.28,$0.93,11.27,$0.50B,$0.52B,0.96,$0.01B,$0.05B,0.27,$0.03B,$0.03B,89.66%,$0.03B,$0.00B,13.79%,$0.03B,0,0.00%,$0.03B,0,0.00%,$0.03B,$0.00B,13.79%,$0.03B,$0.00B,10.34%,$0.00B,$0.05B,6.25%,$0.00B,$0.05B,6.25%,$0.00B,$0.59B,0.51%,$0.00B,$0.06B,5.59%,$7,$1,$7,$0,$6,$6,$1,$0,$1,$0,$1,$1,$1,$0,$0,$4,4,$0.22,$0.22,$63,$0,$0,$500,$15,$50,$0,$26,$91,$591,$519,$13,$10,$23,$543,$12,$39,$-2,$48,$591,$2,$1,$1,$2,$0,$0,$0,$0,$0,$4,$-1,$0,$0,$0,$-1,$-1,$8,$6,$-15,$0,$-15,$0,$0,$-1,$4,$-12,$-2,$0,$-1
22,2013-03-31,10.26,$12.98,0.79,$8.22,1.25,$2.81,3.65,$0.73,14.06,$0.51B,$0.51B,1.0,$0.03B,$0.05B,0.59,$0.03B,$0.03B,86.67%,$0.03B,$0.00B,10.00%,$0.03B,0,0.00%,$0.03B,0,0.00%,$0.03B,$0.00B,10.00%,$0.03B,$0.00B,6.67%,$0.00B,$0.05B,4.17%,$0.00B,$0.05B,4.17%,$0.00B,$0.60B,0.34%,$0.00B,$0.08B,4.03%,$7,$1,$6,$0,$5,$6,$1,$0,$1,$0,$1,$1,$1,$0,$0,$4,4,$0.26,$0.26,$63,$0,$0,$508,$15,$48,$0,$26,$88,$597,$510,$28,$11,$39,$549,$12,$38,$-2,$48,$597,$1,$0,$0,$0,$0,$0,$0,$-0,$-0,$1,$-0,$0,$0,$0,$2,$2,$1,$4,$0,$0,$0,$0,$0,$-0,$-6,$-6,$-1,$0,$-0
23,2012-12-31,10.15,$12.92,0.79,$8.45,1.2,$2.48,4.09,$0.73,13.9,$0.51B,$0.52B,0.99,$0.03B,$0.05B,0.59,$0.03B,$0.03B,87.10%,$0.03B,$0.00B,9.68%,$0.03B,0,0.00%,$0.03B,0,0.00%,$0.03B,$0.00B,9.68%,$0.03B,$0.00B,6.45%,$0.00B,$0.05B,4.17%,$0.00B,$0.05B,4.17%,$0.00B,$0.60B,0.34%,$0.00B,$0.08B,4.07%,$7,$1,$6,$0,$7,$8,$-0,$0,$-0,$-0,$-0,$-0,$-0,$0,$0,$4,4,$-0.05,$-0.06,$64,$0,$0,$511,$15,$50,$0,$25,$91,$601,$515,$28,$10,$39,$554,$11,$38,$-2,$48,$601,$2,$1,$6,$7,$0,$0,$0,$-3,$-3,$6,$-1,$0,$0,$0,$-0,$-0,$1,$0,$3,$0,$3,$0,$0,$-2,$-15,$-14,$-8,$0,$-2
24,2012-09-30,10.66,$13.11,0.81,$8.75,1.22,$3.56,2.99,$0.86,12.4,$0.48B,$0.49B,0.98,$0.03B,$0.05B,0.52,$0.03B,$0.03B,87.50%,$0.03B,$0.00B,12.50%,$0.03B,0,0.00%,$0.03B,0,0.00%,$0.03B,$0.00B,12.50%,$0.03B,$0.00B,9.38%,$0.00B,$0.05B,6.25%,$0.00B,$0.05B,6.25%,$0.00B,$0.58B,0.51%,$0.00B,$0.07B,5.48%,$8,$1,$7,$0,$5,$6,$2,$0,$2,$0,$1,$1,$1,$0,$0,$4,4,$0.33,$0.33,$34,$0,$0,$480,$15,$55,$0,$25,$95,$576,$492,$25,$10,$35,$527,$11,$39,$-2,$48,$576,$2,$1,$4,$5,$0,$0,$0,$-3,$-3,$4,$-1,$0,$0,$0,$-5,$-5,$3,$-3,$0,$0,$0,$0,$0,$-1,$-39,$-40,$-39,$0,$-1
25,2012-06-30,11.04,$12.86,0.86,$8.94,1.24,$4.64,2.38,$0.84,13.15,$0.48B,$0.50B,0.97,$0.03B,$0.05B,0.53,$0.03B,$0.03B,84.85%,$0.03B,$0.00B,12.12%,$0.03B,0,0.00%,$0.03B,0,0.00%,$0.03B,$0.00B,12.12%,$0.03B,$0.00B,9.09%,$0.00B,$0.05B,6.28%,$0.00B,$0.05B,6.28%,$0.00B,$0.58B,0.50%,$0.00B,$0.07B,5.50%,$8,$1,$7,$0,$7,$8,$-0,$0,$-0,$-0,$0,$0,$0,$0,$0,$4,4,$0.02,$0.02,$31,$0,$0,$483,$15,$60,$0,$25,$100,$583,$500,$25,$10,$35,$535,$11,$38,$-2,$48,$583,$1,$1,$3,$4,$0,$0,$0,$-2,$-2,$2,$-1,$0,$0,$0,$-10,$-10,$-1,$-12,$0,$0,$0,$0,$0,$-1,$-30,$-31,$-41,$0,$-1
26,2012-03-31,10.25,$13.01,0.79,$9.00,1.14,$5.29,1.94,$1.13,9.07,$0.50B,$0.51B,0.97,$0.03B,$0.05B,0.52,$0.03B,$0.03B,84.85%,$0.03B,$0.01B,18.18%,$0.03B,0,0.00%,$0.03B,0,0.00%,$0.03B,$0.01B,18.18%,$0.03B,$0.00B,12.12%,$0.00B,$0.05B,8.47%,$0.00B,$0.05B,8.47%,$0.00B,$0.59B,0.66%,$0.01B,$0.07B,8.30%,$8,$1,$7,$0,$6,$7,$1,$0,$1,$0,$1,$1,$1,$0,$0,$4,4,$0.26,$0.26,$45,$0,$0,$496,$15,$59,$0,$24,$98,$594,$511,$25,$10,$35,$546,$11,$38,$-2,$48,$594,$1,$0,$0,$1,$0,$0,$0,$-1,$-1,$0,$-1,$0,$0,$0,$-9,$-9,$1,$-8,$0,$0,$0,$0,$0,$-0,$-19,$-20,$-27,$0,$-0
27,2011-12-31,8.85,$12.96,0.68,$9.04,0.98,$5.73,1.54,$1.12,7.9,$0.53B,$0.53B,0.99,$0.03B,$0.05B,0.53,$0.03B,$0.03B,84.85%,$0.03B,$0.01B,18.18%,$0.03B,0,0.00%,$0.03B,0,0.00%,$0.03B,$0.01B,18.18%,$0.03B,$0.00B,12.12%,$0.00B,$0.05B,8.60%,$0.00B,$0.05B,8.60%,$0.00B,$0.61B,0.66%,$0.01B,$0.07B,8.39%,$8,$1,$7,$0,$6,$7,$1,$0,$1,$0,$1,$1,$1,$0,$0,$4,4,$0.25,$0.25,$72,$0,$0,$526,$15,$50,$0,$23,$88,$614,$531,$25,$11,$36,$567,$11,$38,$-1,$48,$614,$4,$1,$3,$4,$0,$0,$0,$2,$2,$11,$-2,$0,$0,$0,$1,$1,$6,$5,$0,$0,$0,$0,$0,$-2,$11,$9,$25,$0,$-2
28,2011-09-30,9.18,$12.81,0.72,$8.98,1.02,$4.88,1.88,$1.11,8.27,$0.51B,$0.52B,0.98,$0.03B,$0.05B,0.53,$0.03B,$0.03B,84.85%,$0.03B,$0.01B,18.18%,$0.03B,0,0.00%,$0.03B,0,0.00%,$0.03B,$0.01B,18.18%,$0.03B,$0.00B,12.12%,$0.00B,$0.05B,8.79%,$0.00B,$0.05B,8.79%,$0.00B,$0.61B,0.67%,$0.01B,$0.07B,8.51%,$9,$1,$7,$0,$6,$7,$2,$0,$2,$0,$1,$1,$1,$0,$0,$4,4,$0.31,$0.31,$64,$0,$0,$514,$14,$52,$0,$25,$91,$605,$522,$25,$10,$35,$558,$11,$37,$-1,$47,$605,$3,$1,$2,$3,$0,$0,$0,$1,$1,$8,$-1,$0,$0,$0,$-1,$-1,$10,$8,$0,$0,$0,$0,$0,$-1,$2,$1,$17,$0,$-1
29,2011-06-30,9.73,$12.58,0.77,$9.04,1.08,$4.10,2.37,$1.07,9.09,$0.51B,$0.52B,0.98,$0.03B,$0.05B,0.54,$0.03B,$0.03B,84.85%,$0.03B,$0.01B,15.15%,$0.03B,0,0.00%,$0.03B,0,0.00%,$0.03B,$0.01B,15.15%,$0.03B,$0.00B,12.12%,$0.00B,$0.05B,8.94%,$0.00B,$0.05B,8.94%,$0.00B,$0.60B,0.66%,$0.01B,$0.07B,7.17%,$8,$1,$7,$0,$6,$7,$2,$0,$2,$0,$1,$1,$1,$0,$0,$4,4,$0.31,$0.31,$58,$0,$0,$507,$14,$53,$0,$25,$92,$599,$519,$25,$9,$34,$553,$11,$36,$-1,$46,$599,$2,$1,$1,$2,$0,$0,$0,$0,$0,$4,$-1,$0,$0,$0,$-2,$-2,$11,$8,$0,$0,$0,$0,$0,$-1,$-1,$-2,$11,$0,$-1
30,2011-03-31,10.94,$12.27,0.89,$9.12,1.2,$3.73,2.93,$1.04,10.52,$0.50B,$0.52B,0.98,$0.03B,$0.05B,0.56,$0.03B,$0.03B,84.85%,$0.03B,$0.00B,12.12%,$0.03B,0,0.00%,$0.03B,0,0.00%,$0.03B,$0.00B,12.12%,$0.03B,$0.00B,12.12%,$0.00B,$0.05B,9.04%,$0.00B,$0.05B,9.04%,$0.00B,$0.59B,0.67%,$0.00B,$0.07B,5.48%,$8,$1,$7,$0,$6,$7,$1,$0,$1,$0,$1,$1,$1,$0,$0,$4,4,$0.25,$0.25,$46,$0,$0,$502,$14,$52,$0,$25,$91,$594,$515,$25,$9,$34,$549,$11,$36,$-2,$45,$594,$1,$0,$1,$1,$0,$0,$0,$-0,$-0,$2,$-0,$0,$0,$0,$-2,$-2,$5,$2,$0,$0,$0,$0,$0,$-0,$-6,$-6,$-2,$0,$-0
31,2010-12-31,10.14,$12.13,0.84,$9.11,1.11,$3.55,2.86,$1.01,10.04,$0.51B,$0.52B,0.98,$0.03B,$0.04B,0.57,$0.03B,$0.03B,81.82%,$0.03B,$0.00B,12.12%,$0.03B,0,0.00%,$0.03B,0,0.00%,$0.03B,$0.00B,12.12%,$0.03B,$0.00B,12.12%,$0.00B,$0.04B,9.14%,$0.00B,$0.04B,9.14%,$0.00B,$0.60B,0.67%,$0.00B,$0.07B,5.08%,$8,$1,$7,$0,$6,$7,$1,$0,$1,$0,$1,$1,$1,$0,$0,$4,4,$0.24,$0.24,$47,$0,$0,$509,$14,$50,$0,$25,$89,$598,$520,$25,$9,$34,$554,$11,$35,$-2,$44,$598,$4,$2,$2,$4,$0,$0,$0,$-0,$-0,$7,$-2,$0,$0,$0,$-11,$-11,$-0,$-13,$-25,$0,$-25,$0,$0,$-3,$54,$27,$21,$0,$-3
32,2010-09-30,10.09,$12.13,0.83,$9.19,1.1,$1.39,7.25,$1.00,10.09,$0.54B,$0.55B,0.98,$0.03B,$0.04B,0.57,$0.03B,$0.03B,81.82%,$0.03B,$0.00B,12.12%,$0.03B,0,0.00%,$0.03B,0,0.00%,$0.03B,$0.00B,12.12%,$0.03B,$0.00B,12.12%,$0.00B,$0.04B,9.20%,$0.00B,$0.04B,9.20%,$0.00B,$0.62B,0.68%,$0.00B,$0.07B,4.72%,$9,$2,$7,$0,$6,$7,$1,$0,$1,$0,$1,$1,$1,$0,$0,$4,4,$0.27,$0.27,$74,$0,$0,$535,$14,$51,$0,$24,$89,$624,$545,$25,$10,$35,$580,$11,$34,$-2,$44,$624,$3,$1,$2,$3,$0,$0,$0,$-1,$-1,$6,$-1,$0,$0,$0,$-10,$-10,$1,$-10,$-25,$0,$-25,$0,$0,$-2,$79,$52,$48,$0,$-2
33,2010-06-30,11.86,$12.07,0.98,$9.11,1.3,$0.42,28.49,$0.99,11.98,$0.50B,$0.49B,1.02,$0.04B,$0.04B,0.91,$0.03B,$0.03B,84.38%,$0.03B,$0.00B,12.50%,$0.03B,0,0.00%,$0.03B,0,0.00%,$0.03B,$0.00B,12.50%,$0.03B,$0.00B,12.50%,$0.00B,$0.04B,9.25%,$0.00B,$0.04B,9.25%,$0.00B,$0.59B,0.70%,$0.00B,$0.08B,4.41%,$8,$2,$7,$0,$6,$7,$1,$0,$1,$0,$1,$1,$1,$0,$0,$4,4,$0.28,$0.28,$39,$0,$0,$503,$15,$45,$0,$24,$83,$586,$493,$40,$10,$50,$542,$11,$34,$-2,$44,$586,$2,$1,$1,$2,$0,$0,$0,$-0,$-0,$3,$-1,$0,$0,$0,$-5,$-5,$-1,$-7,$0,$0,$0,$0,$0,$-1,$27,$26,$23,$0,$-1
34,2010-03-31,11.24,$11.97,0.94,$9.03,1.24,$-0.06,0.0,$0.91,12.35,$0.49B,$0.47B,1.05,$0.05B,$0.04B,1.15,$0.03B,$0.03B,81.25%,$0.03B,$0.00B,12.50%,$0.03B,0,0.00%,$0.03B,0,0.00%,$0.03B,$0.00B,12.50%,$0.03B,$0.00B,12.50%,$0.00B,$0.04B,9.41%,$0.00B,$0.04B,9.41%,$0.00B,$0.57B,0.72%,$0.00B,$0.09B,4.38%,$8,$2,$6,$0,$5,$7,$1,$0,$1,$0,$1,$1,$1,$0,$0,$4,4,$0.22,$0.22,$23,$0,$0,$493,$14,$41,$0,$23,$78,$571,$468,$50,$9,$59,$527,$11,$34,$-2,$43,$571,$1,$1,$1,$1,$0,$0,$0,$-0,$-0,$2,$-1,$0,$0,$0,$-0,$-0,$-5,$-6,$0,$0,$0,$0,$0,$-1,$2,$1,$-3,$0,$-1
35,2009-12-31,9.2,$11.86,0.78,$9.07,1.01,$0.14,65.89,$0.95,9.69,$0.49B,$0.47B,1.05,$0.05B,$0.04B,1.17,$0.03B,$0.03B,81.25%,$0.03B,$0.00B,12.50%,$0.03B,0,0.00%,$0.03B,0,0.00%,$0.03B,$0.00B,12.50%,$0.03B,$0.00B,12.50%,$0.00B,$0.04B,9.52%,$0.00B,$0.04B,9.52%,$0.00B,$0.57B,0.74%,$0.00B,$0.09B,4.29%,$8,$2,$7,$0,$6,$7,$1,$0,$1,$0,$1,$1,$1,$0,$0,$4,4,$0.22,$0.23,$26,$0,$0,$490,$14,$40,$0,$24,$78,$568,$466,$50,$10,$60,$526,$11,$33,$-2,$43,$568,$3,$1,$2,$3,$0,$0,$0,$-2,$-2,$4,$-6,$0,$0,$0,$-3,$-3,$-29,$-38,$5,$-18,$-13,$0,$0,$-3,$66,$50,$15,$0,$-3
36,2009-09-30,10.64,$11.84,0.9,$9.13,1.17,$2.09,5.08,$0.94,11.32,$0.48B,$0.45B,1.07,$0.05B,$0.04B,1.17,$0.03B,$0.03B,78.13%,$0.03B,$0.00B,12.50%,$0.03B,0,0.00%,$0.03B,0,0.00%,$0.03B,$0.00B,12.50%,$0.03B,$0.00B,12.50%,$0.00B,$0.04B,9.64%,$0.00B,$0.04B,9.64%,$0.00B,$0.55B,0.75%,$0.00B,$0.09B,4.37%,$8,$2,$7,$0,$5,$7,$1,$0,$1,$0,$1,$1,$1,$0,$0,$4,4,$0.27,$0.26,$20,$0,$0,$477,$13,$38,$0,$20,$71,$548,$446,$50,$10,$60,$506,$11,$33,$-2,$43,$548,$3,$1,$1,$2,$0,$0,$0,$1,$1,$5,$-5,$0,$0,$0,$-0,$-0,$-21,$-26,$5,$-8,$-3,$0,$0,$-2,$35,$30,$9,$0,$-2
37,2009-06-30,10.43,$11.51,0.91,$9.22,1.13,$2.96,3.53,$0.94,11.1,$0.46B,$0.43B,1.07,$0.05B,$0.04B,1.09,$0.03B,$0.02B,75.00%,$0.03B,$0.00B,12.50%,$0.03B,0,0.00%,$0.03B,0,0.00%,$0.03B,$0.00B,12.50%,$0.03B,$0.00B,12.50%,$0.00B,$0.04B,9.76%,$0.00B,$0.04B,9.76%,$0.00B,$0.53B,0.77%,$0.00B,$0.09B,4.46%,$8,$2,$6,$0,$5,$7,$1,$0,$1,$0,$1,$1,$1,$0,$0,$4,4,$0.20,$0.20,$9,$0,$0,$463,$11,$36,$0,$20,$68,$531,$434,$45,$10,$55,$489,$11,$33,$-3,$41,$531,$2,$1,$1,$1,$0,$0,$0,$0,$0,$3,$-3,$0,$0,$0,$1,$1,$-18,$-19,$0,$4,$4,$0,$0,$-1,$12,$14,$-2,$0,$-1
38,2009-03-31,7.85,$11.35,0.69,$9.42,0.83,$3.24,2.42,$1.00,7.85,$0.46B,$0.42B,1.11,$0.06B,$0.04B,1.47,$0.03B,$0.03B,75.76%,$0.03B,$0.00B,12.12%,$0.03B,0,0.00%,$0.03B,0,0.00%,$0.03B,$0.00B,12.12%,$0.03B,$0.00B,12.12%,$0.00B,$0.04B,9.70%,$0.00B,$0.04B,9.70%,$0.00B,$0.53B,0.78%,$0.00B,$0.10B,4.21%,$8,$2,$6,$0,$5,$7,$1,$0,$1,$0,$1,$1,$1,$0,$0,$4,4,$0.26,$0.26,$18,$0,$0,$463,$9,$35,$0,$20,$64,$527,$416,$60,$10,$70,$486,$11,$33,$-3,$41,$527,$1,$0,$0,$1,$0,$0,$0,$1,$1,$2,$-1,$0,$0,$0,$1,$1,$-8,$-8,$15,$-18,$-3,$0,$0,$-1,$16,$12,$7,$0,$-1
39,2008-12-31,8.94,$11.64,0.77,$9.68,0.92,$2.77,3.23,$1.02,8.76,$0.45B,$0.42B,1.07,$0.05B,$0.04B,1.09,$0.03B,$0.03B,73.53%,$0.03B,$0.00B,11.76%,$0.03B,0,0.00%,$0.03B,0,0.00%,$0.03B,$0.00B,11.76%,$0.03B,$0.00B,11.76%,$0.00B,$0.04B,9.64%,$0.00B,$0.04B,9.64%,$0.00B,$0.52B,0.80%,$0.00B,$0.09B,4.37%,$8,$2,$6,$0,$5,$8,$1,$0,$1,$0,$1,$1,$1,$0,$0,$4,4,$0.22,$0.23,$11,$0,$0,$447,$9,$38,$0,$21,$67,$515,$419,$45,$9,$54,$473,$11,$33,$-2,$41,$515,$4,$1,$3,$4,$0,$0,$0,$-1,$-1,$7,$-2,$0,$0,$0,$-3,$-3,$-32,$-37,$10,$18,$28,$0,$0,$-3,$-4,$21,$-9,$0,$-3
40,2008-09-30,10.69,$11.38,0.94,$9.92,1.08,$3.27,3.26,$1.16,9.21,$0.44B,$0.41B,1.08,$0.05B,$0.04B,1.11,$0.04B,$0.03B,71.43%,$0.04B,$0.01B,14.29%,$0.04B,0,0.00%,$0.04B,0,0.00%,$0.04B,$0.01B,14.29%,$0.04B,$0.00B,11.43%,$0.00B,$0.04B,9.58%,$0.00B,$0.04B,9.58%,$0.00B,$0.50B,0.81%,$0.01B,$0.09B,5.60%,$8,$2,$6,$0,$5,$7,$1,$0,$1,$0,$1,$1,$1,$0,$0,$4,4,$0.26,$0.26,$15,$0,$0,$440,$8,$35,$0,$16,$60,$500,$406,$45,$9,$54,$459,$11,$33,$-3,$41,$500,$3,$1,$2,$3,$0,$0,$0,$-0,$-0,$5,$-2,$0,$0,$0,$-2,$-2,$-16,$-19,$10,$0,$10,$0,$0,$-2,$1,$9,$-5,$0,$-2
41,2008-06-30,11.25,$11.70,0.96,$10.15,1.11,$3.60,3.12,$1.24,9.08,$0.44B,$0.39B,1.13,$0.07B,$0.04B,1.56,$0.04B,$0.03B,69.44%,$0.04B,$0.01B,16.67%,$0.04B,0,0.00%,$0.04B,0,0.00%,$0.04B,$0.01B,16.67%,$0.04B,$0.00B,11.11%,$0.00B,$0.04B,9.58%,$0.00B,$0.04B,9.58%,$0.00B,$0.50B,0.81%,$0.01B,$0.11B,6.92%,$9,$2,$7,$0,$5,$7,$1,$0,$1,$0,$1,$1,$1,$0,$0,$4,4,$0.27,$0.26,$12,$0,$0,$439,$8,$40,$0,$15,$64,$503,$388,$65,$8,$73,$461,$11,$32,$-2,$42,$503,$2,$1,$1,$2,$0,$0,$0,$-1,$-1,$3,$-2,$0,$0,$0,$-4,$-4,$-17,$-23,$30,$0,$30,$0,$0,$-1,$-16,$12,$-7,$0,$-1
42,2008-03-31,12.14,$11.88,1.02,$10.28,1.18,$3.96,3.06,$1.34,9.06,$0.43B,$0.40B,1.08,$0.05B,$0.04B,1.06,$0.04B,$0.02B,66.67%,$0.04B,$0.01B,19.44%,$0.04B,0,0.00%,$0.04B,0,0.00%,$0.04B,$0.01B,19.44%,$0.04B,$0.00B,11.11%,$0.00B,$0.04B,9.70%,$0.00B,$0.04B,9.70%,$0.00B,$0.49B,0.82%,$0.01B,$0.09B,9.09%,$9,$3,$6,$0,$5,$7,$1,$0,$1,$0,$1,$1,$1,$0,$0,$4,4,$0.29,$0.28,$15,$0,$0,$428,$9,$39,$0,$15,$62,$490,$395,$45,$8,$53,$448,$11,$32,$-1,$42,$490,$1,$0,$0,$1,$0,$0,$0,$-0,$-0,$2,$-2,$0,$0,$0,$-1,$-1,$-3,$-6,$10,$5,$15,$0,$0,$-1,$-14,$-0,$-5,$0,$-1
43,2007-12-31,11.37,$11.83,0.96,$10.35,1.1,$4.52,2.51,$1.38,8.24,$0.43B,$0.41B,1.06,$0.04B,$0.04B,0.84,$0.04B,$0.02B,66.67%,$0.04B,$0.01B,22.22%,$0.04B,0,0.00%,$0.04B,0,0.00%,$0.04B,$0.01B,22.22%,$0.04B,$0.00B,11.11%,$0.00B,$0.04B,9.82%,$0.00B,$0.04B,9.82%,$0.00B,$0.49B,0.81%,$0.01B,$0.08B,10.53%,$9,$3,$6,$0,$5,$7,$2,$0,$2,$0,$1,$1,$1,$0,$0,$4,4,$0.38,$0.36,$20,$0,$0,$430,$7,$37,$0,$15,$59,$490,$405,$35,$9,$44,$448,$11,$32,$-1,$42,$490,$5,$1,$-0,$1,$0,$0,$0,$1,$1,$7,$-1,$0,$0,$0,$3,$3,$6,$9,$-24,$0,$-24,$0,$0,$-3,$-12,$-38,$-22,$0,$-3
44,2007-09-30,13.48,$11.50,1.17,$10.37,1.3,$4.47,3.01,$1.42,9.49,$0.43B,$0.40B,1.05,$0.04B,$0.04B,0.86,$0.04B,$0.02B,66.67%,$0.04B,$0.01B,22.22%,$0.04B,0,0.00%,$0.04B,0,0.00%,$0.04B,$0.01B,22.22%,$0.04B,$0.00B,11.11%,$0.00B,$0.04B,10.00%,$0.00B,$0.04B,10.00%,$0.00B,$0.49B,0.80%,$0.01B,$0.08B,9.97%,$9,$3,$6,$0,$4,$8,$2,$0,$2,$1,$1,$1,$1,$0,$0,$4,4,$0.34,$0.34,$16,$0,$0,$425,$7,$41,$0,$14,$62,$486,$403,$35,$8,$43,$446,$11,$31,$-1,$41,$486,$4,$1,$0,$1,$0,$0,$0,$0,$0,$5,$-0,$0,$0,$0,$0,$0,$9,$9,$-24,$4,$-20,$0,$0,$-2,$-18,$-39,$-25,$0,$-2
45,2007-06-30,14.82,$11.65,1.27,$10.37,1.43,$4.73,3.14,$2.24,6.61,$0.43B,$0.41B,1.04,$0.03B,$0.04B,0.7,$0.04B,$0.02B,66.67%,$0.04B,$0.01B,22.22%,$0.04B,0,0.00%,$0.04B,0,0.00%,$0.04B,$0.01B,22.22%,$0.04B,$0.00B,11.11%,$0.00B,$0.04B,10.19%,$0.00B,$0.04B,10.19%,$0.00B,$0.49B,0.80%,$0.01B,$0.07B,9.67%,$9,$3,$6,$0,$4,$7,$2,$0,$2,$1,$1,$1,$1,$0,$0,$4,4,$0.36,$0.36,$19,$0,$0,$426,$7,$38,$0,$14,$60,$486,$410,$28,$8,$36,$446,$11,$30,$-1,$40,$486,$2,$1,$0,$1,$0,$0,$0,$-0,$-0,$3,$-0,$0,$0,$0,$2,$2,$11,$12,$-31,$0,$-31,$0,$0,$-1,$-6,$-38,$-23,$0,$-1
46,2007-03-31,16.18,$11.23,1.44,$10.25,1.58,$5.01,3.23,$2.24,7.23,$0.45B,$0.42B,1.07,$0.04B,$0.04B,1.08,$0.04B,$0.02B,66.67%,$0.04B,$0.01B,22.22%,$0.04B,0,0.00%,$0.04B,0,0.00%,$0.04B,$0.01B,22.22%,$0.04B,$0.00B,11.11%,$0.00B,$0.04B,10.39%,$0.00B,$0.04B,10.39%,$0.00B,$0.51B,0.79%,$0.01B,$0.08B,9.67%,$9,$3,$6,$0,$4,$7,$2,$0,$2,$1,$1,$1,$1,$0,$0,$4,4,$0.33,$0.33,$35,$0,$0,$448,$7,$39,$0,$14,$60,$508,$418,$43,$7,$50,$469,$11,$30,$-1,$40,$508,$1,$0,$0,$0,$0,$0,$0,$0,$0,$2,$-0,$0,$0,$0,$2,$2,$4,$6,$-16,$14,$-2,$0,$0,$0,$-13,$-14,$-6,$0,$0
47,2006-12-31,16.06,$11.08,1.45,$10.05,1.6,$5.16,3.11,$2.31,6.95,$0.46B,$0.42B,1.1,$0.06B,$0.04B,1.43,$0.04B,$0.02B,68.57%,$0.04B,$0.01B,22.86%,$0.04B,0,0.00%,$0.04B,0,0.00%,$0.04B,$0.01B,22.86%,$0.04B,$0.00B,11.43%,$0.00B,$0.04B,10.60%,$0.00B,$0.04B,10.60%,$0.00B,$0.52B,0.80%,$0.01B,$0.09B,10.03%,$9,$3,$6,$0,$4,$7,$2,$0,$2,$1,$1,$1,$1,$0,$0,$3,4,$0.41,$0.40,$42,$0,$0,$460,$8,$40,$0,$14,$62,$522,$416,$55,$12,$67,$483,$11,$29,$-1,$39,$522,$6,$1,$0,$2,$0,$0,$0,$-0,$-0,$7,$-1,$0,$0,$0,$8,$8,$-35,$-27,$17,$-5,$12,$0,$0,$-3,$24,$34,$14,$0,$-3
