,Date,Stock Price,Book Value per Share,Price to Book Ratio,TTM Sales per Share,Price to Sales Ratio,TTM FCF per Share,Price to FCF Ratio,TTM Net EPS,PE Ratio,Current Assets,Current Liabilities,Current Ratio,Long Term Debt,Shareholder's Equity_x,Debt to Equity Ratio,TTM Revenue_x,TTM Gross Profit,Gross Margin,TTM Revenue_y,TTM Operating Income,Operating Margin,TTM Revenue_x,TTM EBIT,EBIT Margin,TTM Revenue_y,TTM EBITDA,EBITDA Margin,TTM Revenue_x,TTM Pre-Tax Income,Pre-Tax Margin,TTM Revenue_y,TTM Net Income_x,Net Margin,TTM Net Income_y,Shareholder's Equity_y,Return on Equity,TTM Net Income_x,Tangible Equity,Return on Tangible Equity,TTM Net Income_y,Total Assets,Return on Assets,TTM Net Income,LT Investments & Debt,Return on Investment,revenue,cost-goods-sold,gross-profit,research-development-expenses,selling-general-administrative-expenses,operating-expenses,operating-income,total-non-operating-income-expense,pre-tax-income,total-provision-income-taxes,income-after-taxes,income-from-continuous-operations,net-income,ebitda,ebit,basic-shares-outstanding,shares-outstanding,eps-basic-net-earnings-per-share,eps-earnings-per-share-diluted,cash-on-hand,inventory,other-current-assets,total-current-assets,net-property-plant-equipment,long-term-investments,goodwill-intangible-assets-total,other-long-term-assets,total-long-term-assets,total-assets,total-current-liabilities,long-term-debt,other-non-current-liabilities,total-long-term-liabilities,total-liabilities,common-stock-net,retained-earnings-accumulated-deficit,comprehensive-income,total-share-holder-equity,total-liabilities-share-holders-equity,net-income-loss,total-depreciation-amortization-cash-flow,other-non-cash-items,total-non-cash-items,change-in-accounts-receivable,change-in-inventories,change-in-accounts-payable,change-in-assets-liabilities,total-change-in-assets-liabilities,cash-flow-from-operating-activities,net-change-in-property-plant-equipment,net-change-in-intangible-assets,net-acquisitions-divestitures,net-change-in-short-term-investments,net-change-in-long-term-investments,net-change-in-investments-total,investing-activities-other,cash-flow-from-investing-activities,net-long-term-debt,net-current-debt,debt-issuance-retirement-net-total,net-common-equity-issued-repurchased,net-total-equity-issued-repurchased,total-common-preferred-stock-dividends-paid,financial-activities-other,cash-flow-from-financial-activities,net-cash-flow,stock-based-compensation,common-stock-dividends-paid
0,2018-08-31,25.6,$5.79,4.42,$15.16,1.69,$1.37,18.73,$-0.55,0.0,$0.10B,$0.10B,1.06,$0.03B,$0.08B,0.41,$0.21B,$0.15B,70.95%,$0.21B,$-0.00B,-1.43%,$0.21B,$-0.00B,-1.43%,$0.21B,$0.01B,5.71%,$0.21B,$-0.01B,-2.86%,$0.21B,$-0.01B,-2.86%,$-0.01B,$0.08B,-7.48%,$-0.01B,$0.00B,-266.67%,$-0.01B,$0.21B,-2.98%,$-0.00B,$0.11B,-2.51%,$65,$17,$48,$0,$37,$57,$8,$-1,$7,$5,$2,$2,$2,$12,$8,$14,14,$0.12,$0.12,$10,$3,$11,$100,$21,$0,$76,$13,$114,$214,$95,$33,$6,$39,$133,$1,$64,$0,$81,$214,$-6,$16,$1,$17,$-5,$0,$0,$9,$6,$17,$-7,$-3,$-1,$0,$0,$0,$0,$-11,$-10,$7,$-3,$-1,$-1,$0,$0,$-5,$1,$3,$0
1,2018-05-31,28.05,$5.64,4.97,$14.79,1.9,$1.36,20.68,$-0.22,0.0,$0.08B,$0.07B,1.09,$0.04B,$0.08B,0.56,$0.21B,$0.14B,69.76%,$0.21B,$-0.00B,-1.95%,$0.21B,$-0.00B,-1.95%,$0.21B,$0.01B,5.37%,$0.21B,$-0.01B,-2.93%,$0.21B,$-0.00B,-1.46%,$-0.00B,$0.08B,-3.69%,$-0.00B,$0.00B,-133.33%,$-0.00B,$0.20B,-1.49%,$-0.00B,$0.12B,-3.28%,$50,$16,$35,$0,$35,$53,$-3,$-1,$-3,$-1,$-3,$-3,$-3,$1,$-3,$14,14,$-0.18,$-0.18,$12,$4,$0,$80,$22,$0,$77,$13,$120,$200,$73,$44,$5,$48,$121,$1,$62,$1,$78,$200,$-8,$12,$-4,$8,$16,$-0,$0,$-2,$8,$9,$-5,$-2,$-1,$0,$0,$0,$0,$-9,$-6,$11,$5,$-1,$-1,$0,$-1,$3,$3,$2,$0
2,2018-02-28,25.9,$5.79,4.47,$14.32,1.81,$1.57,16.51,$-0.37,0.0,$0.08B,$0.07B,1.05,$0.04B,$0.08B,0.49,$0.20B,$0.14B,67.84%,$0.20B,$-0.01B,-3.52%,$0.20B,$-0.01B,-3.52%,$0.20B,$0.01B,3.02%,$0.20B,$-0.01B,-5.03%,$0.20B,$-0.01B,-2.51%,$-0.01B,$0.08B,-6.04%,$-0.01B,$0.00B,-111.11%,$-0.01B,$0.20B,-2.56%,$-0.01B,$0.12B,-5.81%,$47,$14,$33,$0,$35,$52,$-5,$-1,$-6,$-3,$-3,$-3,$-3,$-1,$-5,$14,14,$-0.20,$-0.20,$11,$4,$0,$76,$21,$0,$79,$15,$121,$197,$72,$40,$4,$44,$117,$1,$64,$1,$80,$197,$-5,$8,$-3,$5,$19,$-0,$0,$-6,$10,$9,$-4,$-2,$-1,$0,$0,$0,$0,$-8,$-4,$6,$1,$-2,$-2,$0,$0,$-0,$2,$2,$0
3,2017-11-30,20.1,$5.93,3.39,$14.01,1.43,$1.41,14.28,$-0.41,0.0,$0.08B,$0.07B,1.14,$0.04B,$0.08B,0.5,$0.19B,$0.13B,67.01%,$0.19B,$-0.01B,-3.09%,$0.19B,$-0.01B,-3.09%,$0.19B,$0.01B,2.58%,$0.19B,$-0.01B,-4.64%,$0.19B,$-0.01B,-2.58%,$-0.01B,$0.08B,-5.92%,$-0.01B,$0.00B,-58.82%,$-0.01B,$0.20B,-2.64%,$-0.01B,$0.12B,-4.97%,$48,$15,$33,$0,$34,$51,$-3,$-0,$-4,$-1,$-2,$-2,$-2,$0,$-3,$14,14,$-0.17,$-0.17,$8,$3,$0,$76,$21,$0,$80,$17,$119,$195,$66,$41,$6,$47,$113,$1,$67,$1,$82,$195,$-2,$4,$-1,$3,$16,$0,$0,$-6,$2,$2,$-2,$-1,$-1,$0,$0,$0,$0,$-4,$-2,$5,$3,$-2,$-2,$0,$0,$1,$-1,$1,$0
4,2017-08-31,18.8,$6.24,3.01,$13.41,1.4,$1.06,17.79,$-0.53,0.0,$0.09B,$0.08B,1.14,$0.04B,$0.09B,0.45,$0.19B,$0.12B,65.59%,$0.19B,$-0.01B,-4.30%,$0.19B,$-0.01B,-4.30%,$0.19B,$0.00B,1.08%,$0.19B,$-0.01B,-5.91%,$0.19B,$-0.01B,-3.76%,$-0.01B,$0.09B,-8.09%,$-0.01B,$0.00B,-52.83%,$-0.01B,$0.21B,-3.76%,$-0.01B,$0.12B,-6.58%,$60,$18,$42,$0,$32,$52,$7,$-0,$7,$2,$5,$5,$5,$11,$7,$14,14,$0.34,$0.34,$9,$3,$9,$92,$20,$0,$82,$16,$119,$211,$81,$38,$6,$45,$126,$1,$69,$1,$85,$211,$-7,$11,$-4,$7,$2,$2,$0,$14,$17,$17,$-7,$-6,$-7,$0,$0,$0,$-1,$-22,$3,$4,$8,$-5,$-5,$0,$0,$3,$-2,$4,$0
5,2017-05-31,19.75,$6.07,3.25,$13.40,1.47,$2.22,8.89,$-0.31,0.0,$0.07B,$0.06B,1.19,$0.03B,$0.08B,0.39,$0.19B,$0.13B,65.97%,$0.19B,$-0.00B,-0.52%,$0.19B,$-0.00B,-0.52%,$0.19B,$0.01B,3.66%,$0.19B,$-0.01B,-2.62%,$0.19B,$-0.00B,-2.09%,$-0.00B,$0.08B,-4.51%,$-0.00B,$0.01B,-21.92%,$-0.00B,$0.18B,-2.21%,$-0.00B,$0.12B,-0.82%,$44,$16,$27,$0,$31,$50,$-6,$-1,$-7,$-2,$-5,$-5,$-5,$-4,$-6,$14,14,$-0.33,$-0.33,$8,$3,$0,$71,$19,$0,$74,$14,$107,$178,$60,$32,$2,$34,$95,$1,$65,$1,$84,$178,$-12,$8,$-4,$3,$19,$1,$0,$5,$20,$12,$-5,$-4,$-4,$0,$0,$0,$0,$-13,$0,$1,$1,$-2,$-2,$0,$0,$-1,$-3,$4,$0
6,2017-02-28,17.95,$6.33,2.84,$13.37,1.34,$3.10,5.79,$-0.05,0.0,$0.07B,$0.05B,1.45,$0.03B,$0.09B,0.39,$0.19B,$0.13B,67.19%,$0.19B,$0.00B,2.08%,$0.19B,$0.00B,2.08%,$0.19B,$0.01B,6.25%,$0.19B,$-0.00B,0.00%,$0.19B,0,0.00%,$0.00B,$0.09B,0.00%,$0.00B,$0.02B,0.00%,$0.00B,$0.17B,0.00%,$0.00B,$0.12B,3.20%,$42,$14,$28,$0,$29,$47,$-4,$-1,$-5,$-2,$-3,$-3,$-3,$-2,$-4,$14,14,$-0.24,$-0.24,$11,$5,$0,$72,$18,$0,$69,$14,$102,$174,$50,$34,$1,$37,$87,$1,$69,$1,$87,$174,$-7,$5,$-3,$2,$19,$0,$0,$-1,$12,$7,$-4,$-2,$0,$0,$0,$0,$0,$-6,$2,$0,$2,$-1,$-1,$0,$0,$0,$0,$3,$0
7,2016-11-30,20.8,$6.59,3.16,$13.28,1.57,$3.88,5.36,$0.16,130.0,$0.08B,$0.05B,1.68,$0.04B,$0.09B,0.39,$0.20B,$0.13B,67.18%,$0.20B,$0.01B,4.10%,$0.20B,$0.01B,4.10%,$0.20B,$0.02B,8.21%,$0.20B,$0.00B,2.05%,$0.20B,$0.00B,1.54%,$0.00B,$0.09B,3.26%,$0.00B,$0.02B,13.95%,$0.00B,$0.18B,1.67%,$0.01B,$0.13B,6.32%,$40,$14,$25,$0,$29,$45,$-5,$-1,$-6,$-2,$-4,$-4,$-4,$-3,$-5,$14,14,$-0.29,$-0.29,$8,$5,$0,$80,$17,$0,$69,$13,$101,$181,$48,$35,$1,$43,$91,$1,$73,$1,$90,$181,$-4,$3,$0,$3,$11,$-0,$0,$-3,$-2,$-3,$-2,$-1,$0,$0,$0,$0,$0,$-3,$3,$0,$3,$0,$0,$0,$0,$3,$-3,$1,$0
8,2016-08-31,16.24,$6.83,2.38,$13.16,1.23,$4.64,3.5,$0.50,32.48,$0.09B,$0.05B,1.66,$0.03B,$0.09B,0.36,$0.20B,$0.14B,68.00%,$0.20B,$0.02B,7.50%,$0.20B,$0.02B,7.50%,$0.20B,$0.02B,11.50%,$0.20B,$0.01B,5.50%,$0.20B,$0.01B,4.00%,$0.01B,$0.09B,7.90%,$0.01B,$0.02B,26.67%,$0.01B,$0.19B,4.40%,$0.02B,$0.13B,11.30%,$65,$19,$46,$0,$30,$51,$14,$-1,$13,$5,$8,$8,$8,$16,$14,$15,15,$0.52,$0.52,$10,$5,$3,$90,$16,$0,$70,$14,$101,$191,$54,$33,$3,$43,$97,$1,$77,$1,$94,$191,$7,$11,$7,$17,$0,$-1,$0,$7,$8,$33,$-4,$-2,$0,$0,$0,$0,$0,$-6,$10,$0,$10,$-43,$-43,$0,$-0,$-33,$-6,$3,$0
9,2016-05-31,15.3,$6.47,2.37,$12.85,1.19,$4.14,3.7,$0.41,37.32,$0.07B,$0.04B,1.94,$0.04B,$0.09B,0.38,$0.20B,$0.14B,67.82%,$0.20B,$0.01B,6.93%,$0.20B,$0.01B,6.93%,$0.20B,$0.02B,11.39%,$0.20B,$0.01B,5.45%,$0.20B,$0.01B,3.96%,$0.01B,$0.09B,7.32%,$0.01B,$0.02B,21.62%,$0.01B,$0.17B,4.34%,$0.01B,$0.13B,10.11%,$45,$15,$30,$0,$29,$46,$-1,$-0,$-2,$-1,$-1,$-1,$-1,$1,$-1,$14,14,$-0.07,$-0.07,$9,$5,$0,$73,$15,$0,$71,$13,$101,$174,$38,$35,$3,$45,$83,$1,$69,$1,$91,$174,$-1,$8,$4,$12,$20,$-1,$0,$0,$10,$22,$-3,$-2,$0,$0,$0,$0,$0,$-4,$12,$0,$12,$-37,$-37,$0,$0,$-25,$-7,$3,$0
10,2016-02-29,17.27,$6.52,2.65,$12.57,1.37,$3.60,4.79,$0.55,31.4,$0.07B,$0.03B,2.19,$0.03B,$0.09B,0.37,$0.21B,$0.14B,66.83%,$0.21B,$0.02B,7.80%,$0.21B,$0.02B,7.80%,$0.21B,$0.03B,12.68%,$0.21B,$0.01B,6.83%,$0.21B,$0.01B,4.88%,$0.01B,$0.09B,8.53%,$0.01B,$0.02B,22.60%,$0.01B,$0.17B,5.33%,$0.02B,$0.13B,11.11%,$45,$15,$30,$0,$28,$46,$-0,$-0,$-1,$-0,$-0,$-0,$-0,$2,$-0,$15,15,$-0.03,$-0.03,$5,$4,$0,$70,$16,$0,$72,$13,$101,$171,$32,$34,$5,$46,$78,$1,$70,$0,$93,$171,$0,$5,$3,$9,$18,$-0,$0,$-3,$8,$17,$-2,$-0,$0,$0,$0,$0,$0,$-2,$9,$0,$9,$-35,$-35,$0,$0,$-26,$-11,$2,$0
11,2015-11-30,15.33,$7.86,1.95,$12.32,1.24,$3.27,4.68,$0.60,25.55,$0.09B,$0.03B,3.02,$0.02B,$0.13B,0.19,$0.21B,$0.14B,66.50%,$0.21B,$0.02B,8.25%,$0.21B,$0.02B,8.25%,$0.21B,$0.03B,13.59%,$0.21B,$0.02B,7.77%,$0.21B,$0.01B,4.85%,$0.01B,$0.13B,7.94%,$0.01B,$0.06B,19.23%,$0.01B,$0.19B,5.19%,$0.02B,$0.15B,11.30%,$45,$15,$30,$0,$26,$43,$2,$-0,$1,$1,$1,$1,$1,$4,$2,$16,16,$0.05,$0.05,$22,$4,$0,$88,$15,$0,$72,$14,$104,$192,$29,$24,$4,$35,$64,$1,$70,$0,$127,$192,$1,$3,$1,$4,$15,$-0,$0,$-3,$3,$7,$-1,$-0,$0,$0,$0,$0,$0,$-1,$-0,$0,$-0,$0,$0,$0,$0,$-0,$6,$1,$0
12,2015-08-31,16.73,$7.77,2.15,$12.36,1.35,$2.74,6.11,$0.66,25.35,$0.10B,$0.04B,2.41,$0.03B,$0.13B,0.2,$0.21B,$0.14B,66.03%,$0.21B,$0.02B,9.09%,$0.21B,$0.02B,9.09%,$0.21B,$0.03B,14.35%,$0.21B,$0.02B,8.61%,$0.21B,$0.01B,5.26%,$0.01B,$0.13B,8.71%,$0.01B,$0.05B,21.36%,$0.01B,$0.20B,5.71%,$0.02B,$0.15B,12.56%,$67,$21,$47,$0,$30,$54,$13,$-0,$13,$5,$8,$8,$8,$16,$13,$17,17,$0.45,$0.46,$16,$4,$3,$95,$15,$0,$73,$15,$105,$201,$40,$25,$4,$36,$75,$1,$70,$0,$126,$201,$11,$12,$7,$19,$-4,$2,$0,$0,$-4,$26,$-2,$-2,$-0,$0,$0,$0,$0,$-5,$-1,$0,$-1,$-14,$-14,$0,$0,$-15,$6,$3,$0
13,2015-05-31,19.99,$7.48,2.67,$12.39,1.61,$2.20,9.09,$0.93,21.49,$0.08B,$0.03B,2.87,$0.03B,$0.12B,0.2,$0.21B,$0.14B,65.71%,$0.21B,$0.02B,9.52%,$0.21B,$0.02B,9.52%,$0.21B,$0.03B,14.76%,$0.21B,$0.02B,8.57%,$0.21B,$0.02B,7.14%,$0.02B,$0.12B,11.86%,$0.02B,$0.05B,29.41%,$0.02B,$0.19B,7.75%,$0.02B,$0.15B,13.16%,$48,$18,$30,$0,$26,$47,$1,$-1,$1,$-0,$1,$1,$1,$4,$1,$17,17,$0.07,$0.07,$14,$5,$0,$81,$16,$0,$74,$13,$104,$186,$28,$25,$4,$34,$62,$1,$62,$1,$123,$186,$3,$9,$3,$12,$12,$1,$0,$0,$0,$15,$-2,$-2,$-0,$0,$0,$0,$0,$-4,$-1,$0,$-1,$-7,$-7,$0,$0,$-8,$3,$2,$0
14,2015-02-28,17.9,$7.60,2.35,$12.31,1.45,$1.79,9.98,$0.97,18.45,$0.08B,$0.03B,2.95,$0.03B,$0.13B,0.2,$0.21B,$0.14B,66.03%,$0.21B,$0.02B,10.53%,$0.21B,$0.02B,10.53%,$0.21B,$0.03B,15.79%,$0.21B,$0.02B,9.09%,$0.21B,$0.02B,7.66%,$0.02B,$0.13B,12.93%,$0.02B,$0.05B,33.86%,$0.02B,$0.19B,8.29%,$0.02B,$0.15B,14.69%,$46,$16,$30,$0,$27,$45,$1,$-0,$1,$0,$0,$0,$0,$4,$1,$17,17,$0.03,$0.02,$19,$6,$0,$84,$16,$0,$75,$13,$107,$191,$28,$25,$4,$35,$64,$1,$61,$1,$128,$191,$2,$6,$2,$8,$14,$1,$0,$0,$2,$12,$-1,$-1,$-0,$0,$0,$0,$0,$-2,$-1,$0,$-1,$-2,$-2,$0,$0,$-2,$8,$1,$0
15,2014-11-30,18.88,$7.64,2.47,$12.35,1.53,$1.53,12.37,$1.07,17.64,$0.08B,$0.03B,2.9,$0.03B,$0.13B,0.2,$0.21B,$0.14B,66.19%,$0.21B,$0.03B,11.90%,$0.21B,$0.03B,11.90%,$0.21B,$0.04B,16.67%,$0.21B,$0.02B,10.00%,$0.21B,$0.02B,8.57%,$0.02B,$0.13B,15.13%,$0.02B,$0.05B,42.11%,$0.02B,$0.19B,9.47%,$0.03B,$0.15B,17.18%,$48,$17,$31,$0,$26,$44,$4,$-1,$3,$1,$2,$2,$2,$6,$4,$17,17,$0.11,$0.11,$8,$6,$0,$82,$17,$0,$76,$14,$110,$192,$28,$26,$4,$36,$64,$1,$60,$1,$128,$192,$2,$3,$1,$4,$7,$-0,$0,$-0,$-8,$-2,$-1,$-0,$0,$0,$0,$0,$0,$-1,$-0,$0,$-0,$0,$0,$0,$0,$-0,$-3,$0,$0
16,2014-08-31,19.07,$7.55,2.53,$12.13,1.57,$1.48,12.87,$1.06,17.99,$0.09B,$0.04B,2.17,$0.03B,$0.13B,0.21,$0.21B,$0.14B,67.32%,$0.21B,$0.03B,12.20%,$0.21B,$0.03B,12.20%,$0.21B,$0.04B,17.07%,$0.21B,$0.02B,10.24%,$0.21B,$0.02B,8.78%,$0.02B,$0.13B,15.86%,$0.02B,$0.05B,48.32%,$0.02B,$0.21B,9.70%,$0.03B,$0.15B,17.83%,$68,$21,$47,$0,$30,$54,$14,$-1,$13,$1,$12,$12,$12,$17,$14,$17,17,$0.75,$0.74,$10,$6,$3,$93,$17,$0,$77,$15,$112,$205,$43,$26,$4,$36,$78,$1,$58,$1,$127,$205,$18,$10,$-1,$9,$-7,$-2,$0,$1,$-9,$18,$-3,$-8,$-6,$0,$0,$0,$0,$-17,$-1,$0,$-1,$-4,$-4,$0,$2,$-2,$-2,$4,$0
17,2014-05-31,21.75,$6.72,3.24,$11.53,1.89,$1.36,15.99,$0.80,27.19,$0.07B,$0.03B,2.19,$0.03B,$0.11B,0.24,$0.20B,$0.13B,67.34%,$0.20B,$0.02B,10.05%,$0.20B,$0.02B,10.05%,$0.20B,$0.03B,14.57%,$0.20B,$0.02B,8.54%,$0.20B,$0.01B,7.04%,$0.01B,$0.11B,12.90%,$0.01B,$0.03B,43.41%,$0.01B,$0.18B,7.71%,$0.02B,$0.14B,14.76%,$47,$17,$30,$0,$25,$44,$3,$-1,$2,$0,$2,$2,$2,$6,$3,$17,17,$0.11,$0.11,$5,$5,$0,$69,$17,$0,$78,$14,$115,$184,$32,$26,$5,$40,$71,$1,$46,$2,$112,$184,$6,$7,$4,$12,$9,$-1,$0,$-1,$-8,$9,$-2,$-6,$-6,$0,$0,$0,$0,$-15,$-1,$3,$2,$-3,$-3,$0,$0,$-1,$-7,$3,$0
18,2014-02-28,20.95,$6.56,3.19,$11.48,1.82,$1.38,15.18,$0.82,25.55,$0.07B,$0.03B,2.27,$0.03B,$0.11B,0.24,$0.20B,$0.13B,67.51%,$0.20B,$0.02B,10.66%,$0.20B,$0.02B,10.66%,$0.20B,$0.03B,14.72%,$0.20B,$0.02B,9.64%,$0.20B,$0.01B,7.11%,$0.01B,$0.11B,13.37%,$0.01B,$0.03B,49.12%,$0.01B,$0.18B,7.88%,$0.02B,$0.14B,15.94%,$47,$15,$31,$0,$26,$43,$4,$-1,$3,$1,$2,$2,$2,$6,$4,$17,17,$0.12,$0.12,$7,$5,$0,$67,$17,$0,$75,$14,$112,$179,$29,$27,$6,$40,$69,$1,$44,$2,$109,$179,$4,$5,$3,$7,$10,$-1,$0,$-0,$-3,$8,$-2,$-6,$-2,$0,$0,$0,$0,$-10,$-1,$0,$-1,$-3,$-3,$0,$0,$-4,$-5,$2,$0
19,2013-11-30,20.35,$6.39,3.18,$10.78,1.89,$1.44,14.18,$0.78,26.09,$0.07B,$0.03B,2.27,$0.03B,$0.11B,0.26,$0.19B,$0.13B,67.89%,$0.19B,$0.02B,10.53%,$0.19B,$0.02B,10.53%,$0.19B,$0.03B,14.74%,$0.19B,$0.02B,10.00%,$0.19B,$0.01B,7.37%,$0.01B,$0.11B,13.86%,$0.01B,$0.03B,52.34%,$0.01B,$0.17B,8.12%,$0.02B,$0.13B,15.59%,$43,$13,$30,$0,$25,$40,$4,$-1,$3,$1,$2,$2,$2,$6,$4,$17,17,$0.10,$0.10,$2,$5,$0,$65,$17,$0,$76,$12,$110,$174,$28,$27,$6,$40,$68,$1,$42,$2,$106,$174,$2,$2,$1,$3,$7,$-1,$0,$-0,$-7,$-2,$-1,$-3,$-1,$0,$0,$0,$0,$-5,$-0,$0,$-0,$-3,$-3,$0,$0,$-3,$-10,$1,$0
20,2013-08-31,15.71,$6.54,2.4,$10.50,1.5,$1.55,10.12,$0.83,18.93,$0.08B,$0.04B,1.89,$0.03B,$0.11B,0.26,$0.19B,$0.13B,67.54%,$0.19B,$0.02B,10.99%,$0.19B,$0.02B,10.99%,$0.19B,$0.03B,15.18%,$0.19B,$0.02B,10.99%,$0.19B,$0.02B,7.85%,$0.02B,$0.11B,15.35%,$0.02B,$0.03B,59.41%,$0.02B,$0.19B,8.92%,$0.02B,$0.13B,16.77%,$62,$19,$43,$0,$32,$53,$9,$-0,$9,$1,$8,$8,$8,$11,$9,$17,18,$0.45,$0.44,$12,$4,$0,$81,$17,$0,$77,$10,$108,$189,$43,$27,$6,$40,$83,$1,$40,$2,$107,$189,$14,$8,$1,$9,$-16,$-0,$0,$1,$-8,$16,$-2,$-3,$-4,$0,$0,$0,$0,$-10,$-1,$-3,$-4,$-1,$-1,$0,$1,$-4,$1,$4,$0
21,2013-05-31,13.79,$5.93,2.32,$9.85,1.4,$1.53,9.0,$0.54,25.54,$0.06B,$0.03B,1.89,$0.03B,$0.10B,0.29,$0.18B,$0.12B,67.22%,$0.18B,$0.02B,11.11%,$0.18B,$0.02B,11.11%,$0.18B,$0.03B,15.56%,$0.18B,$0.02B,10.00%,$0.18B,$0.01B,5.56%,$0.01B,$0.10B,10.67%,$0.01B,$0.02B,43.01%,$0.01B,$0.17B,6.17%,$0.02B,$0.12B,16.46%,$45,$15,$29,$0,$24,$41,$4,$-1,$4,$1,$2,$2,$2,$6,$4,$16,16,$0.13,$0.13,$9,$4,$0,$61,$18,$0,$77,$9,$108,$169,$32,$28,$6,$41,$73,$1,$33,$2,$97,$169,$7,$6,$2,$8,$0,$-0,$0,$-0,$-6,$9,$-2,$-2,$-3,$0,$0,$0,$0,$-7,$-1,$-2,$-3,$-1,$-1,$0,$-0,$-4,$-2,$2,$0
22,2013-02-28,13.82,$5.82,2.38,$9.37,1.48,$1.50,9.23,$0.50,27.64,$0.06B,$0.03B,2.19,$0.03B,$0.09B,0.3,$0.18B,$0.12B,67.05%,$0.18B,$0.02B,10.80%,$0.18B,$0.02B,10.80%,$0.18B,$0.03B,15.34%,$0.18B,$0.02B,9.66%,$0.18B,$0.01B,5.68%,$0.01B,$0.09B,10.96%,$0.01B,$0.03B,43.48%,$0.01B,$0.16B,6.34%,$0.02B,$0.12B,15.87%,$40,$13,$27,$0,$23,$37,$3,$-1,$3,$1,$2,$2,$2,$5,$3,$19,20,$0.09,$0.08,$16,$4,$0,$60,$18,$0,$67,$9,$98,$158,$27,$28,$2,$36,$64,$1,$31,$2,$94,$158,$4,$4,$1,$5,$8,$0,$0,$-0,$1,$10,$-1,$-1,$0,$0,$0,$0,$0,$-2,$-1,$-1,$-2,$-1,$-1,$0,$0,$-3,$5,$1,$0
23,2012-11-30,12.33,$5.10,2.42,$9.43,1.31,$1.50,8.22,$0.48,25.69,$0.06B,$0.03B,2.08,$0.03B,$0.09B,0.31,$0.18B,$0.12B,66.29%,$0.18B,$0.02B,10.86%,$0.18B,$0.02B,10.86%,$0.18B,$0.03B,15.43%,$0.18B,$0.02B,9.14%,$0.18B,$0.01B,5.14%,$0.01B,$0.09B,10.14%,$0.01B,$0.03B,45.00%,$0.01B,$0.16B,5.78%,$0.02B,$0.12B,16.10%,$44,$15,$30,$0,$23,$39,$5,$-1,$5,$2,$3,$3,$3,$7,$5,$18,19,$0.16,$0.15,$7,$4,$0,$58,$18,$0,$68,$10,$99,$157,$28,$28,$2,$37,$65,$1,$29,$3,$93,$157,$3,$2,$0,$2,$2,$0,$0,$-0,$-5,$-0,$-1,$-0,$0,$0,$0,$0,$0,$-1,$-0,$-1,$-1,$-1,$-1,$0,$0,$-2,$-4,$0,$0
24,2012-08-31,10.35,$5.12,2.02,$9.34,1.11,$1.57,6.59,$0.42,24.64,$0.06B,$0.04B,1.75,$0.03B,$0.09B,0.32,$0.17B,$0.11B,66.08%,$0.17B,$0.02B,10.53%,$0.17B,$0.02B,10.53%,$0.17B,$0.03B,15.20%,$0.17B,$0.01B,8.19%,$0.17B,$0.01B,4.68%,$0.01B,$0.09B,9.30%,$0.01B,$0.02B,47.76%,$0.01B,$0.16B,5.20%,$0.02B,$0.12B,15.52%,$51,$16,$35,$0,$26,$43,$8,$-2,$6,$2,$3,$3,$3,$10,$8,$18,18,$0.19,$0.19,$11,$4,$0,$64,$18,$0,$68,$10,$100,$164,$37,$29,$1,$37,$74,$1,$26,$3,$91,$164,$8,$8,$7,$14,$-7,$0,$0,$0,$-6,$16,$-2,$-2,$0,$0,$0,$0,$0,$-4,$-1,$-2,$-3,$-0,$-0,$0,$0,$-3,$8,$4,$0
25,2012-05-31,9.23,$4.90,1.88,$9.13,1.01,$1.60,5.75,$0.40,23.08,$0.06B,$0.03B,1.91,$0.03B,$0.09B,0.34,$0.17B,$0.11B,65.45%,$0.17B,$0.01B,7.88%,$0.17B,$0.01B,7.88%,$0.17B,$0.02B,12.73%,$0.17B,$0.01B,6.67%,$0.17B,$0.01B,4.85%,$0.01B,$0.09B,9.64%,$0.01B,$0.02B,60.38%,$0.01B,$0.15B,5.32%,$0.01B,$0.12B,11.38%,$41,$15,$26,$0,$21,$38,$3,$-1,$3,$1,$2,$2,$2,$5,$3,$18,18,$0.09,$0.09,$6,$4,$0,$55,$18,$0,$69,$9,$97,$152,$29,$30,$0,$36,$65,$1,$23,$3,$87,$152,$4,$6,$5,$11,$0,$0,$0,$-0,$-6,$9,$-1,$-2,$0,$0,$0,$0,$0,$-3,$-1,$-2,$-2,$0,$0,$0,$0,$-2,$3,$3,$0
26,2012-02-29,8.8,$4.75,1.85,$9.23,0.95,$1.46,6.05,$0.35,25.14,$0.05B,$0.03B,1.74,$0.03B,$0.08B,0.36,$0.17B,$0.11B,65.45%,$0.17B,$0.01B,7.88%,$0.17B,$0.01B,7.88%,$0.17B,$0.02B,12.73%,$0.17B,$0.01B,6.06%,$0.17B,$0.01B,4.24%,$0.01B,$0.08B,8.75%,$0.01B,$0.02B,73.68%,$0.01B,$0.15B,4.67%,$0.01B,$0.12B,11.63%,$39,$14,$25,$0,$21,$36,$3,$-1,$2,$1,$1,$1,$1,$5,$3,$18,18,$0.07,$0.06,$8,$4,$0,$52,$19,$0,$70,$10,$98,$150,$30,$30,$0,$36,$66,$1,$21,$3,$84,$150,$3,$4,$3,$7,$5,$0,$0,$-1,$-1,$9,$-1,$-2,$0,$0,$0,$0,$0,$-3,$-0,$-1,$-1,$0,$0,$0,$0,$-1,$5,$2,$0
27,2011-11-30,9.37,$4.64,2.02,$9.16,1.02,$1.44,6.5,$0.31,30.23,$0.05B,$0.03B,1.62,$0.03B,$0.08B,0.38,$0.16B,$0.11B,65.84%,$0.16B,$0.01B,6.83%,$0.16B,$0.01B,6.83%,$0.16B,$0.02B,12.42%,$0.16B,$0.01B,5.59%,$0.16B,$0.01B,3.73%,$0.01B,$0.08B,7.77%,$0.01B,$0.01B,82.76%,$0.01B,$0.15B,4.08%,$0.01B,$0.11B,10.11%,$40,$13,$27,$0,$21,$36,$4,$-1,$3,$1,$2,$2,$2,$6,$4,$18,18,$0.09,$0.09,$3,$5,$0,$50,$19,$0,$70,$10,$99,$149,$31,$31,$0,$36,$67,$1,$20,$3,$82,$149,$2,$2,$2,$4,$3,$-0,$0,$-1,$-5,$1,$-1,$-1,$0,$0,$0,$0,$0,$-2,$-0,$1,$1,$0,$0,$0,$0,$1,$-0,$1,$0
28,2011-08-31,9.52,$4.49,2.12,$9.27,1.03,$1.29,7.36,$0.27,35.26,$0.05B,$0.04B,1.47,$0.03B,$0.08B,0.41,$0.16B,$0.10B,65.00%,$0.16B,$0.01B,6.25%,$0.16B,$0.01B,6.25%,$0.16B,$0.02B,12.50%,$0.16B,$0.01B,5.63%,$0.16B,$0.01B,3.13%,$0.01B,$0.08B,6.69%,$0.01B,$0.01B,95.24%,$0.01B,$0.15B,3.40%,$0.01B,$0.11B,9.43%,$45,$16,$30,$0,$25,$42,$3,$-1,$3,$-0,$3,$3,$3,$5,$3,$17,18,$0.17,$0.16,$3,$4,$0,$52,$19,$0,$71,$9,$99,$151,$35,$32,$0,$37,$72,$1,$18,$4,$79,$151,$5,$9,$5,$14,$-2,$0,$0,$2,$-3,$16,$-2,$-3,$-5,$0,$0,$0,$0,$-11,$-1,$-5,$-5,$0,$0,$0,$0,$-5,$-0,$3,$0
29,2011-05-31,9.14,$4.38,2.09,$10.01,0.91,$0.95,9.6,$0.07,130.57,$0.05B,$0.04B,1.3,$0.03B,$0.08B,0.43,$0.16B,$0.10B,65.00%,$0.16B,$0.01B,6.88%,$0.16B,$0.01B,6.88%,$0.16B,$0.02B,13.13%,$0.16B,$0.01B,5.63%,$0.16B,$0.00B,0.63%,$0.00B,$0.08B,1.37%,$0.00B,$0.00B,26.67%,$0.00B,$0.15B,0.68%,$0.01B,$0.11B,10.65%,$41,$15,$26,$0,$21,$38,$3,$-1,$2,$1,$1,$1,$1,$5,$3,$17,17,$0.04,$0.04,$1,$5,$0,$50,$19,$0,$72,$9,$100,$150,$39,$32,$0,$37,$76,$1,$15,$3,$75,$150,$2,$7,$4,$11,$-4,$-0,$0,$2,$-6,$6,$-2,$-2,$-5,$0,$0,$0,$0,$-9,$-0,$1,$1,$0,$0,$0,$0,$1,$-2,$1,$0
30,2011-02-28,8.13,$4.31,1.89,$9.44,0.86,$0.98,8.33,$0.04,203.25,$0.04B,$0.03B,1.35,$0.03B,$0.07B,0.41,$0.15B,$0.10B,65.10%,$0.15B,$0.01B,5.37%,$0.15B,$0.01B,5.37%,$0.15B,$0.02B,12.08%,$0.15B,$0.01B,4.03%,$0.15B,0,0.00%,$0.00B,$0.07B,0.00%,$0.00B,$0.01B,0.00%,$0.00B,$0.14B,0.00%,$0.01B,$0.10B,7.86%,$35,$12,$23,$0,$20,$34,$1,$-1,$1,$1,$0,$0,$0,$4,$1,$17,17,$0.02,$0.02,$1,$4,$0,$42,$19,$0,$67,$9,$96,$138,$31,$30,$0,$34,$65,$1,$15,$3,$73,$138,$1,$4,$2,$7,$3,$0,$0,$2,$0,$8,$-1,$-1,$0,$0,$0,$0,$0,$-2,$-0,$-8,$-8,$0,$0,$0,$0,$-8,$-2,$1,$0
31,2010-11-30,8.03,$4.24,1.89,$9.60,0.84,$0.80,10.08,$-0.01,0.0,$0.05B,$0.04B,1.18,$0.03B,$0.07B,0.42,$0.14B,$0.09B,64.58%,$0.14B,$0.01B,4.17%,$0.14B,$0.01B,4.17%,$0.14B,$0.02B,10.42%,$0.14B,$0.00B,2.08%,$0.14B,0,0.00%,$0.00B,$0.07B,0.00%,$0.00B,$0.00B,0.00%,$0.00B,$0.15B,0.00%,$0.01B,$0.10B,5.94%,$39,$14,$25,$0,$20,$36,$3,$-1,$3,$2,$1,$1,$1,$6,$3,$17,17,$0.05,$0.05,$2,$4,$0,$52,$20,$0,$68,$10,$98,$149,$44,$30,$0,$33,$77,$1,$14,$3,$72,$149,$1,$2,$2,$4,$-5,$1,$0,$0,$-7,$-2,$-0,$-1,$0,$0,$0,$0,$0,$-1,$-0,$2,$2,$0,$0,$0,$0,$2,$-2,$0,$0
32,2010-08-31,6.1,$4.17,1.46,$9.17,0.67,$1.03,5.94,$-0.05,0.0,$0.05B,$0.05B,1.1,$0.03B,$0.07B,0.43,$0.14B,$0.09B,64.96%,$0.14B,$0.00B,2.92%,$0.14B,$0.00B,2.92%,$0.14B,$0.01B,9.49%,$0.14B,$0.00B,0.73%,$0.14B,$-0.00B,-0.73%,$-0.00B,$0.07B,-1.42%,$-0.00B,$0.00B,-66.67%,$-0.00B,$0.15B,-0.69%,$0.00B,$0.10B,3.97%,$45,$15,$30,$0,$24,$41,$4,$-1,$3,$5,$-1,$-1,$-1,$6,$4,$14,14,$-0.03,$-0.03,$3,$4,$0,$50,$20,$0,$69,$9,$99,$149,$46,$30,$0,$32,$78,$1,$13,$3,$71,$149,$-1,$10,$2,$12,$-11,$1,$0,$-0,$-4,$7,$-1,$-1,$0,$0,$0,$0,$0,$-2,$-1,$-3,$-4,$0,$0,$0,$0,$-4,$2,$1,$0
33,2010-05-31,6.93,$4.13,1.68,$8.01,0.87,$0.97,7.16,$-0.35,0.0,$0.04B,$0.04B,0.99,$0.03B,$0.07B,0.44,$0.12B,$0.08B,64.46%,$0.12B,$-0.01B,-5.79%,$0.12B,$-0.01B,-5.79%,$0.12B,$0.00B,2.48%,$0.12B,$-0.01B,-8.26%,$0.12B,$-0.01B,-4.13%,$-0.01B,$0.07B,-7.17%,$-0.01B,$0.00B,-500.00%,$-0.01B,$0.14B,-3.49%,$-0.01B,$0.10B,-6.97%,$30,$11,$19,$0,$18,$31,$-0,$-1,$-1,$-1,$0,$0,$0,$2,$-0,$17,17,$0.01,$0.01,$2,$4,$2,$40,$21,$0,$70,$11,$101,$142,$41,$31,$0,$31,$71,$1,$14,$2,$70,$142,$0,$7,$0,$8,$2,$1,$0,$-1,$-2,$5,$-1,$-0,$-1,$0,$0,$0,$0,$-2,$-0,$-3,$-4,$0,$0,$0,$0,$-3,$1,$1,$0
34,2010-02-28,5.85,$4.10,1.43,$8.41,0.7,$0.75,7.79,$-0.74,0.0,$0.04B,$0.04B,1.04,$0.03B,$0.07B,0.44,$0.12B,$0.08B,65.00%,$0.12B,$-0.01B,-6.67%,$0.12B,$-0.01B,-6.67%,$0.12B,$0.00B,2.50%,$0.12B,$-0.01B,-9.17%,$0.12B,$-0.01B,-8.33%,$-0.01B,$0.07B,-14.18%,$-0.01B,$0.00B,-666.67%,$-0.01B,$0.14B,-6.90%,$-0.01B,$0.10B,-7.90%,$30,$10,$19,$0,$18,$31,$-1,$-1,$-2,$-1,$-0,$-0,$-0,$1,$-1,$13,13,$-0.03,$-0.03,$3,$6,$0,$43,$21,$0,$68,$10,$99,$142,$41,$31,$1,$31,$73,$1,$14,$2,$70,$142,$-0,$5,$0,$5,$1,$1,$0,$-2,$-1,$4,$-0,$-0,$0,$0,$0,$0,$0,$-1,$-0,$-1,$-2,$0,$0,$0,$0,$-2,$1,$0,$0
35,2009-11-30,5.39,$4.13,1.31,$8.44,0.64,$0.57,9.46,$-0.76,0.0,$0.04B,$0.04B,1.01,$0.03B,$0.07B,0.44,$0.12B,$0.08B,65.00%,$0.12B,$-0.01B,-8.33%,$0.12B,$-0.01B,-8.33%,$0.12B,$0.00B,0.83%,$0.12B,$-0.01B,-10.83%,$0.12B,$-0.01B,-9.17%,$-0.01B,$0.07B,-15.22%,$-0.01B,$0.00B,-440.00%,$-0.01B,$0.15B,-7.37%,$-0.01B,$0.10B,-9.66%,$32,$11,$21,$0,$17,$31,$1,$-1,$1,$1,$0,$0,$0,$4,$1,$17,17,$0.01,$0.01,$1,$7,$0,$44,$22,$0,$69,$11,$101,$145,$43,$31,$1,$31,$75,$1,$14,$3,$70,$145,$0,$3,$1,$3,$-1,$0,$0,$-3,$-2,$2,$-0,$-0,$0,$0,$0,$0,$0,$-0,$-0,$-2,$-2,$0,$0,$0,$0,$-2,$-1,$0,$0
36,2009-08-31,5.54,$4.06,1.36,$9.19,0.6,$0.31,17.72,$-0.81,0.0,$0.04B,$0.04B,0.93,$0.03B,$0.07B,0.45,$0.12B,$0.08B,64.23%,$0.12B,$-0.01B,-9.76%,$0.12B,$-0.01B,-9.76%,$0.12B,$-0.00B,-0.81%,$0.12B,$-0.02B,-12.20%,$0.12B,$-0.01B,-9.76%,$-0.01B,$0.07B,-16.16%,$-0.01B,$0.00B,-342.86%,$-0.01B,$0.14B,-7.80%,$-0.01B,$0.10B,-11.35%,$29,$10,$19,$0,$18,$35,$-7,$-1,$-8,$-3,$-4,$-4,$-5,$-4,$-7,$13,13,$-0.34,$-0.34,$2,$7,$0,$40,$23,$0,$69,$12,$104,$144,$43,$31,$0,$32,$75,$1,$14,$2,$69,$144,$-11,$10,$1,$11,$5,$2,$0,$4,$5,$5,$-0,$-2,$-1,$0,$0,$0,$0,$-3,$-1,$13,$12,$0,$0,$0,$-28,$-16,$-14,$0,$0
37,2009-05-31,5.65,$4.29,1.32,$9.28,0.61,$0.14,39.32,$-0.36,0.0,$0.04B,$0.04B,0.92,$0.03B,$0.07B,0.43,$0.14B,$0.09B,64.49%,$0.14B,$-0.00B,-1.45%,$0.14B,$-0.00B,-1.45%,$0.14B,$0.01B,7.25%,$0.14B,$-0.00B,-2.90%,$0.14B,$-0.01B,-3.62%,$-0.01B,$0.07B,-6.54%,$-0.01B,$0.00B,-100.00%,$-0.01B,$0.15B,-3.08%,$-0.00B,$0.10B,-1.85%,$29,$11,$19,$0,$17,$30,$-1,$-1,$-2,$4,$-6,$-6,$-5,$2,$-1,$13,13,$-0.38,$-0.38,$1,$7,$2,$40,$24,$0,$70,$11,$109,$149,$43,$31,$1,$33,$77,$1,$19,$1,$73,$149,$-6,$7,$-3,$4,$8,$1,$0,$2,$5,$3,$-2,$-1,$-1,$0,$0,$0,$0,$-5,$-1,$16,$16,$-28,$-28,$0,$0,$-13,$-15,$0,$0
38,2009-02-28,4.13,$4.56,0.91,$10.74,0.38,$0.66,6.29,$-0.07,0.0,$0.05B,$0.05B,1.1,$0.03B,$0.08B,0.41,$0.17B,$0.11B,63.10%,$0.17B,$-0.00B,-1.19%,$0.17B,$-0.00B,-1.19%,$0.17B,$0.01B,5.95%,$0.17B,$-0.00B,-1.79%,$0.17B,$-0.00B,-0.60%,$-0.00B,$0.08B,-1.19%,$-0.00B,$0.01B,-8.16%,$-0.00B,$0.16B,-0.58%,$-0.00B,$0.11B,-1.72%,$30,$11,$19,$0,$20,$33,$-3,$-1,$-4,$-3,$-1,$-1,$-1,$-1,$-3,$13,13,$-0.05,$-0.05,$4,$8,$2,$51,$25,$0,$71,$12,$108,$159,$46,$31,$1,$36,$82,$1,$24,$1,$77,$159,$-1,$5,$-1,$3,$7,$1,$0,$3,$1,$3,$-2,$-1,$-1,$0,$0,$0,$0,$-4,$-0,$18,$17,$-28,$-28,$0,$0,$-11,$-12,$0,$0
39,2008-11-30,5.03,$3.94,1.28,$12.30,0.41,$1.20,4.18,$0.14,35.93,$0.05B,$0.05B,1.11,$0.03B,$0.08B,0.41,$0.21B,$0.13B,62.91%,$0.21B,$0.01B,3.76%,$0.21B,$0.01B,3.76%,$0.21B,$0.02B,9.39%,$0.21B,$0.01B,3.29%,$0.21B,$0.00B,1.41%,$0.00B,$0.08B,3.28%,$0.00B,$0.01B,16.00%,$0.00B,$0.16B,1.66%,$0.01B,$0.11B,6.45%,$35,$13,$22,$0,$21,$36,$-1,$-1,$-1,$-1,$-1,$-1,$-1,$2,$-1,$13,13,$-0.04,$-0.04,$3,$8,$0,$54,$27,$0,$71,$11,$110,$163,$48,$32,$1,$37,$85,$1,$24,$1,$78,$163,$-1,$2,$-0,$2,$1,$1,$0,$1,$-3,$-2,$-1,$-0,$0,$0,$0,$0,$0,$-1,$-0,$19,$19,$-28,$-28,$0,$0,$-9,$-12,$0,$0
40,2008-08-31,8.95,$4.64,1.93,$13.40,0.67,$1.59,5.62,$0.28,31.96,$0.07B,$0.06B,1.09,$0.03B,$0.08B,0.41,$0.25B,$0.16B,62.70%,$0.25B,$0.01B,5.56%,$0.25B,$0.01B,5.56%,$0.25B,$0.03B,9.92%,$0.25B,$0.01B,4.76%,$0.25B,$0.01B,2.38%,$0.01B,$0.08B,6.14%,$0.01B,$0.01B,24.74%,$0.01B,$0.18B,3.15%,$0.01B,$0.11B,10.75%,$44,$16,$29,$0,$29,$41,$3,$-1,$3,$2,$1,$1,$2,$7,$3,$20,20,$0.11,$0.12,$16,$8,$0,$67,$27,$0,$72,$12,$111,$178,$61,$32,$1,$38,$100,$1,$25,$1,$78,$178,$6,$12,$-1,$10,$-6,$3,$0,$-3,$-8,$8,$-4,$-4,$29,$0,$-3,$-3,$0,$19,$-1,$-16,$-17,$0,$0,$0,$0,$-16,$10,$-0,$0
41,2008-05-31,8.12,$5.27,1.54,$14.56,0.56,$1.75,4.65,$0.20,40.6,$0.08B,$0.05B,1.55,$0.03B,$0.10B,0.31,$0.28B,$0.17B,61.82%,$0.28B,$0.01B,4.73%,$0.28B,$0.01B,4.73%,$0.28B,$0.02B,8.73%,$0.28B,$0.01B,3.64%,$0.28B,$0.00B,1.45%,$0.00B,$0.10B,3.86%,$0.00B,$0.03B,13.79%,$0.00B,$0.19B,2.05%,$0.01B,$0.14B,9.54%,$59,$23,$36,$0,$34,$60,$-1,$-1,$-1,$-0,$-1,$-1,$-1,$2,$-1,$16,16,$-0.09,$-0.09,$5,$7,$31,$76,$26,$0,$73,$17,$116,$192,$49,$33,$2,$39,$87,$1,$23,$1,$104,$192,$4,$8,$2,$10,$-2,$3,$0,$1,$-2,$12,$-3,$-3,$1,$0,$0,$0,$0,$-4,$-0,$-8,$-8,$0,$0,$0,$0,$-8,$-1,$-1,$0
42,2008-02-29,7.72,$5.37,1.44,$14.16,0.55,$1.35,5.7,$0.32,24.13,$0.07B,$0.05B,1.46,$0.03B,$0.11B,0.31,$0.28B,$0.17B,61.92%,$0.28B,$0.02B,5.69%,$0.28B,$0.02B,5.69%,$0.28B,$0.03B,9.61%,$0.28B,$0.01B,4.63%,$0.28B,$0.01B,2.14%,$0.01B,$0.11B,5.87%,$0.01B,$0.03B,22.22%,$0.01B,$0.19B,3.05%,$0.02B,$0.14B,11.83%,$75,$28,$47,$0,$38,$68,$7,$-1,$6,$3,$3,$3,$3,$9,$7,$20,20,$0.16,$0.15,$5,$21,$0,$68,$35,$0,$74,$15,$124,$192,$46,$33,$2,$39,$86,$1,$25,$2,$106,$192,$5,$5,$3,$8,$-2,$4,$0,$1,$1,$14,$-2,$-2,$1,$0,$0,$0,$0,$-3,$-0,$-12,$-12,$0,$0,$0,$0,$-12,$-1,$-1,$0
43,2007-11-30,6.99,$5.19,1.35,$14.24,0.49,$1.02,6.84,$0.35,19.97,$0.08B,$0.06B,1.23,$0.03B,$0.10B,0.32,$0.28B,$0.17B,61.48%,$0.28B,$0.02B,6.36%,$0.28B,$0.02B,6.36%,$0.28B,$0.03B,10.60%,$0.28B,$0.02B,5.65%,$0.28B,$0.01B,2.47%,$0.01B,$0.10B,6.38%,$0.01B,$0.03B,20.90%,$0.01B,$0.20B,3.47%,$0.02B,$0.14B,12.61%,$74,$28,$46,$0,$39,$69,$5,$-1,$4,$2,$2,$2,$2,$7,$5,$19,20,$0.10,$0.10,$9,$24,$0,$76,$36,$0,$75,$15,$126,$201,$61,$33,$2,$37,$99,$1,$22,$1,$103,$201,$2,$2,$1,$3,$-3,$0,$0,$-0,$0,$6,$-1,$-1,$1,$0,$0,$0,$0,$-1,$-0,$-1,$-1,$0,$0,$0,$0,$-1,$3,$-1,$0
44,2007-08-31,7.49,$5.11,1.47,$14.26,0.53,$0.50,14.93,$0.27,27.74,$0.07B,$0.06B,1.15,$0.03B,$0.10B,0.33,$0.29B,$0.17B,61.05%,$0.29B,$0.02B,5.96%,$0.29B,$0.02B,5.96%,$0.29B,$0.03B,10.18%,$0.29B,$0.02B,5.26%,$0.29B,$0.01B,1.75%,$0.01B,$0.10B,4.26%,$0.01B,$0.03B,12.42%,$0.01B,$0.20B,2.44%,$0.02B,$0.13B,11.28%,$67,$26,$41,$0,$36,$65,$2,$-1,$1,$1,$0,$0,$0,$6,$2,$20,20,$0.03,$0.02,$6,$24,$0,$70,$36,$0,$76,$15,$127,$197,$61,$33,$1,$35,$96,$1,$19,$1,$101,$197,$7,$11,$5,$17,$-4,$-2,$0,$-1,$-11,$13,$-7,$-5,$0,$0,$0,$0,$0,$-11,$-1,$16,$15,$-2,$-40,$-2,$0,$-26,$-24,$1,$0
45,2007-05-31,7.49,$5.04,1.49,$14.03,0.53,$0.78,9.6,$0.94,7.97,$0.07B,$0.06B,1.12,$0.03B,$0.10B,0.34,$0.28B,$0.17B,60.78%,$0.28B,$0.02B,5.65%,$0.28B,$0.02B,5.65%,$0.28B,$0.03B,9.19%,$0.28B,$0.01B,4.95%,$0.28B,$0.02B,6.71%,$0.02B,$0.10B,15.14%,$0.02B,$0.02B,40.00%,$0.02B,$0.20B,9.04%,$0.02B,$0.13B,10.06%,$65,$25,$40,$0,$35,$62,$2,$-1,$2,$1,$1,$1,$1,$5,$2,$19,20,$0.03,$0.03,$5,$24,$8,$70,$36,$0,$77,$14,$127,$196,$62,$33,$1,$34,$97,$1,$19,$1,$99,$196,$7,$8,$4,$12,$-4,$-3,$0,$1,$-10,$9,$-5,$-4,$0,$0,$0,$0,$0,$-9,$-0,$18,$17,$-2,$-40,$-2,$0,$-24,$-25,$1,$0
46,2007-02-28,7.88,$6.91,1.14,$13.81,0.57,$0.92,8.52,$0.91,8.66,$0.09B,$0.04B,1.98,$0.03B,$0.10B,0.34,$0.28B,$0.17B,59.79%,$0.28B,$0.01B,4.63%,$0.28B,$0.01B,4.63%,$0.28B,$0.02B,7.83%,$0.28B,$0.01B,3.56%,$0.28B,$0.02B,6.41%,$0.02B,$0.14B,13.77%,$0.02B,$0.06B,34.78%,$0.02B,$0.21B,8.40%,$0.01B,$0.17B,7.91%,$77,$30,$47,$0,$37,$67,$9,$-0,$9,$4,$5,$5,$4,$12,$9,$20,20,$0.19,$0.19,$29,$23,$6,$87,$35,$0,$78,$14,$127,$214,$44,$33,$1,$34,$78,$1,$18,$1,$136,$214,$6,$5,$4,$9,$-0,$-2,$0,$1,$-6,$9,$-3,$-3,$0,$0,$0,$0,$0,$-6,$-0,$0,$-0,$-2,$-2,$-2,$0,$-5,$-2,$1,$0
47,2006-11-30,5.85,$6.71,0.87,$13.74,0.43,$1.07,5.49,$1.11,5.27,$0.09B,$0.05B,1.87,$0.03B,$0.10B,0.35,$0.28B,$0.17B,59.93%,$0.28B,$0.02B,5.32%,$0.28B,$0.02B,5.32%,$0.28B,$0.02B,8.16%,$0.28B,$0.01B,4.26%,$0.28B,$0.02B,7.80%,$0.02B,$0.13B,17.32%,$0.02B,$0.06B,46.56%,$0.02B,$0.21B,10.22%,$0.02B,$0.17B,9.33%,$76,$29,$46,$0,$41,$72,$4,$-0,$3,$2,$1,$1,$0,$6,$4,$20,20,$0.02,$0.02,$23,$23,$7,$86,$34,$0,$79,$13,$129,$214,$46,$33,$1,$35,$80,$1,$15,$1,$134,$214,$1,$2,$1,$3,$-4,$-1,$0,$-1,$-9,$-4,$-2,$-1,$0,$0,$0,$0,$0,$-3,$-0,$0,$-0,$0,$0,$-1,$0,$-1,$-8,$0,$0
