,Date,Stock Price,Book Value per Share,Price to Book Ratio,TTM Sales per Share,Price to Sales Ratio,TTM FCF per Share,Price to FCF Ratio,TTM Net EPS,PE Ratio,Current Assets,Current Liabilities,Current Ratio,Long Term Debt,Shareholder's Equity_x,Debt to Equity Ratio,TTM Revenue_x,TTM Gross Profit,Gross Margin,TTM Revenue_y,TTM Operating Income,Operating Margin,TTM Revenue_x,TTM EBIT,EBIT Margin,TTM Revenue_y,TTM EBITDA,EBITDA Margin,TTM Revenue_x,TTM Pre-Tax Income,Pre-Tax Margin,TTM Revenue_y,TTM Net Income_x,Net Margin,TTM Net Income_y,Shareholder's Equity_y,Return on Equity,TTM Net Income_x,Tangible Equity,Return on Tangible Equity,TTM Net Income_y,Total Assets,Return on Assets,TTM Net Income,LT Investments & Debt,Return on Investment,revenue,cost-goods-sold,gross-profit,research-development-expenses,selling-general-administrative-expenses,operating-expenses,operating-income,total-non-operating-income-expense,pre-tax-income,total-provision-income-taxes,income-after-taxes,income-from-continuous-operations,net-income,ebitda,ebit,basic-shares-outstanding,shares-outstanding,eps-basic-net-earnings-per-share,eps-earnings-per-share-diluted,cash-on-hand,inventory,other-current-assets,total-current-assets,net-property-plant-equipment,long-term-investments,goodwill-intangible-assets-total,other-long-term-assets,total-long-term-assets,total-assets,total-current-liabilities,long-term-debt,other-non-current-liabilities,total-long-term-liabilities,total-liabilities,common-stock-net,retained-earnings-accumulated-deficit,comprehensive-income,total-share-holder-equity,total-liabilities-share-holders-equity,net-income-loss,total-depreciation-amortization-cash-flow,other-non-cash-items,total-non-cash-items,change-in-accounts-receivable,change-in-inventories,change-in-accounts-payable,change-in-assets-liabilities,total-change-in-assets-liabilities,cash-flow-from-operating-activities,net-change-in-property-plant-equipment,net-change-in-intangible-assets,net-acquisitions-divestitures,net-change-in-short-term-investments,net-change-in-long-term-investments,net-change-in-investments-total,investing-activities-other,cash-flow-from-investing-activities,net-long-term-debt,net-current-debt,debt-issuance-retirement-net-total,net-common-equity-issued-repurchased,net-total-equity-issued-repurchased,total-common-preferred-stock-dividends-paid,financial-activities-other,cash-flow-from-financial-activities,net-cash-flow,stock-based-compensation,common-stock-dividends-paid
0,2018-09-30,38.33,$21.62,1.77,$10.39,3.69,$9.56,4.01,$1.75,21.9,$0.49B,$0.71B,0.69,$0.00B,$0.08B,0.0,$0.03B,$0.03B,97.06%,$0.03B,$0.01B,29.41%,$0.03B,0,0.00%,$0.03B,0,0.00%,$0.03B,$0.01B,29.41%,$0.03B,$0.01B,26.47%,$0.01B,$0.08B,11.21%,$0.01B,$0.07B,12.33%,$0.01B,$0.79B,1.16%,$0.01B,$0.08B,12.08%,$9,$0,$9,$0,$6,$6,$3,$0,$3,$1,$3,$3,$3,$0,$0,$3,3,$0.76,$0.76,$59,$0,$0,$493,$14,$255,$7,$21,$298,$791,$709,$0,$0,$0,$709,$0,$56,$-6,$81,$791,$7,$2,$1,$4,$0,$0,$0,$-0,$-0,$10,$-0,$0,$0,$0,$9,$9,$-21,$-11,$-10,$0,$-10,$-0,$-0,$-2,$38,$25,$24,$0,$-2
1,2018-06-30,41.55,$23.95,1.73,$10.20,4.07,$9.67,4.3,$2.38,17.46,$0.49B,$0.71B,0.7,$0.00B,$0.08B,0.0,$0.03B,$0.03B,96.97%,$0.03B,$0.01B,30.30%,$0.03B,0,0.00%,$0.03B,0,0.00%,$0.03B,$0.01B,30.30%,$0.03B,$0.01B,24.24%,$0.01B,$0.08B,9.97%,$0.01B,$0.07B,10.96%,$0.01B,$0.79B,1.04%,$0.01B,$0.08B,11.94%,$9,$0,$8,$0,$6,$6,$2,$0,$2,$0,$2,$2,$2,$0,$0,$3,3,$0.63,$0.63,$70,$0,$0,$494,$15,$253,$8,$19,$294,$788,$708,$0,$0,$0,$708,$0,$55,$-5,$80,$788,$4,$2,$1,$2,$1,$0,$0,$-1,$-0,$6,$-0,$0,$0,$0,$16,$16,$-12,$4,$-10,$0,$-10,$0,$0,$-2,$37,$26,$36,$0,$-2
2,2018-03-31,40.0,$23.67,1.69,$10.09,3.96,$9.75,4.1,$2.41,16.6,$0.46B,$0.69B,0.67,$0.00B,$0.08B,0.0,$0.03B,$0.03B,100.00%,$0.03B,$0.01B,34.38%,$0.03B,0,0.00%,$0.03B,0,0.00%,$0.03B,$0.01B,34.38%,$0.03B,$0.01B,25.00%,$0.01B,$0.08B,9.97%,$0.01B,$0.07B,10.96%,$0.01B,$0.77B,1.05%,$0.01B,$0.08B,13.13%,$8,$0,$8,$0,$5,$6,$2,$0,$2,$0,$2,$2,$2,$0,$0,$3,3,$0.64,$0.64,$48,$0,$0,$460,$15,$267,$8,$19,$308,$767,$688,$0,$0,$0,$688,$0,$53,$-5,$79,$767,$2,$1,$0,$1,$1,$0,$-0,$-0,$0,$3,$-0,$0,$0,$0,$3,$3,$1,$4,$-10,$0,$-10,$0,$0,$-1,$17,$6,$14,$0,$-1
3,2017-12-31,36.54,$24.29,1.5,$9.94,3.68,$10.09,3.62,$2.23,16.39,$0.45B,$0.67B,0.67,$0.01B,$0.08B,0.12,$0.03B,$0.03B,96.88%,$0.03B,$0.01B,34.38%,$0.03B,0,0.00%,$0.03B,0,0.00%,$0.03B,$0.01B,34.38%,$0.03B,$0.01B,25.00%,$0.01B,$0.08B,10.03%,$0.01B,$0.07B,11.07%,$0.01B,$0.76B,1.05%,$0.01B,$0.09B,13.21%,$8,$0,$8,$0,$6,$6,$3,$0,$3,$1,$2,$2,$2,$0,$0,$3,3,$0.49,$0.48,$35,$0,$0,$450,$15,$273,$8,$13,$309,$759,$668,$10,$0,$10,$678,$0,$52,$-2,$81,$759,$7,$3,$2,$4,$2,$0,$-0,$-0,$1,$13,$-1,$0,$0,$5,$-17,$-11,$-28,$-40,$10,$0,$10,$-0,$-0,$-3,$-0,$7,$-20,$0,$-3
4,2017-09-30,35.09,$24.39,1.44,$9.71,3.62,$8.32,4.22,$2.27,15.46,$0.44B,$0.67B,0.66,$0.00B,$0.08B,0.05,$0.03B,$0.03B,93.75%,$0.03B,$0.01B,31.25%,$0.03B,0,0.00%,$0.03B,0,0.00%,$0.03B,$0.01B,31.25%,$0.03B,$0.01B,25.00%,$0.01B,$0.08B,10.19%,$0.01B,$0.07B,11.27%,$0.01B,$0.75B,1.06%,$0.01B,$0.09B,12.58%,$8,$0,$8,$0,$5,$6,$3,$0,$3,$1,$2,$2,$2,$0,$0,$3,3,$0.63,$0.63,$35,$0,$0,$439,$15,$279,$8,$13,$315,$754,$669,$4,$0,$4,$673,$0,$51,$-1,$81,$754,$6,$2,$1,$3,$3,$0,$-0,$-1,$3,$12,$-1,$0,$0,$0,$-15,$-15,$-19,$-35,$4,$0,$4,$-0,$-0,$-2,$1,$3,$-21,$0,$-2
5,2017-06-30,30.61,$24.04,1.27,$9.54,3.21,$7.26,4.22,$2.17,14.11,$0.45B,$0.68B,0.66,$0.00B,$0.08B,0.0,$0.03B,$0.03B,93.75%,$0.03B,$0.01B,28.13%,$0.03B,0,0.00%,$0.03B,0,0.00%,$0.03B,$0.01B,28.13%,$0.03B,$0.01B,25.00%,$0.01B,$0.08B,10.26%,$0.01B,$0.07B,11.39%,$0.01B,$0.76B,1.06%,$0.01B,$0.08B,11.54%,$8,$0,$8,$0,$5,$5,$3,$0,$3,$1,$2,$2,$2,$0,$0,$3,3,$0.66,$0.66,$50,$0,$0,$449,$15,$279,$8,$12,$315,$763,$683,$0,$0,$0,$683,$0,$49,$-0,$80,$763,$4,$1,$0,$2,$2,$0,$-0,$-1,$2,$7,$-1,$0,$0,$-1,$-17,$-18,$-12,$-31,$0,$0,$0,$0,$0,$-1,$16,$14,$-9,$0,$-1
6,2017-03-31,32.93,$23.12,1.42,$9.37,3.51,$6.88,4.79,$2.52,13.07,$0.45B,$0.69B,0.66,$0.00B,$0.08B,0.0,$0.03B,$0.03B,90.63%,$0.03B,$0.01B,25.00%,$0.03B,0,0.00%,$0.03B,0,0.00%,$0.03B,$0.01B,25.00%,$0.03B,$0.01B,25.00%,$0.01B,$0.08B,10.32%,$0.01B,$0.07B,11.51%,$0.01B,$0.76B,1.07%,$0.01B,$0.08B,10.32%,$8,$0,$7,$0,$5,$6,$2,$0,$2,$1,$2,$2,$2,$0,$0,$3,3,$0.46,$0.46,$61,$0,$0,$451,$15,$274,$8,$14,$311,$762,$685,$0,$0,$0,$685,$0,$48,$-2,$77,$762,$2,$1,$1,$1,$2,$0,$-0,$0,$2,$5,$-0,$0,$0,$0,$-15,$-15,$-4,$-19,$0,$0,$0,$0,$0,$-1,$17,$16,$2,$0,$-1
7,2016-12-31,31.43,$22.72,1.38,$9.35,3.36,$6.24,5.04,$2.53,12.42,$0.45B,$0.67B,0.67,$0.00B,$0.08B,0.0,$0.03B,$0.03B,90.63%,$0.03B,$0.01B,25.00%,$0.03B,0,0.00%,$0.03B,0,0.00%,$0.03B,$0.01B,25.00%,$0.03B,$0.01B,25.00%,$0.01B,$0.08B,10.36%,$0.01B,$0.07B,11.55%,$0.01B,$0.74B,1.08%,$0.01B,$0.08B,10.36%,$8,$0,$7,$0,$5,$5,$2,$0,$2,$1,$2,$2,$2,$0,$0,$3,3,$0.52,$0.52,$61,$0,$0,$449,$15,$257,$8,$15,$295,$744,$668,$0,$0,$0,$668,$0,$47,$-2,$76,$744,$7,$2,$1,$3,$-2,$0,$-0,$-0,$-2,$8,$-2,$0,$0,$2,$-74,$-72,$-22,$-96,$0,$0,$0,$-0,$-0,$-3,$27,$25,$-63,$0,$-3
8,2016-09-30,30.6,$23.58,1.3,$9.37,3.27,$6.13,4.99,$2.39,12.8,$0.46B,$0.66B,0.69,$0.00B,$0.08B,0.0,$0.03B,$0.03B,93.33%,$0.03B,$0.01B,30.00%,$0.03B,0,0.00%,$0.03B,0,0.00%,$0.03B,$0.01B,26.67%,$0.03B,$0.01B,23.33%,$0.01B,$0.08B,9.09%,$0.01B,$0.07B,10.14%,$0.01B,$0.74B,0.95%,$0.01B,$0.08B,11.69%,$8,$0,$8,$0,$5,$6,$2,$0,$2,$1,$2,$2,$2,$0,$0,$3,3,$0.53,$0.53,$86,$0,$0,$457,$15,$249,$8,$14,$285,$742,$663,$0,$0,$0,$663,$0,$46,$2,$79,$742,$5,$2,$1,$3,$0,$0,$-0,$0,$1,$8,$-1,$0,$0,$0,$-58,$-58,$-7,$-67,$0,$0,$0,$-0,$-0,$-2,$22,$19,$-39,$0,$-2
9,2016-06-30,32.38,$23.37,1.39,$9.09,3.56,$6.27,5.16,$2.37,13.66,$0.45B,$0.66B,0.68,$0.00B,$0.08B,0.0,$0.03B,$0.03B,92.86%,$0.03B,$0.01B,32.14%,$0.03B,0,0.00%,$0.03B,0,0.00%,$0.03B,$0.01B,28.57%,$0.03B,$0.01B,21.43%,$0.01B,$0.08B,8.30%,$0.01B,$0.07B,9.27%,$0.01B,$0.74B,0.90%,$0.01B,$0.08B,12.46%,$8,$0,$7,$0,$5,$5,$2,$0,$2,$1,$2,$2,$2,$0,$0,$3,3,$0.53,$0.53,$87,$0,$0,$452,$14,$251,$8,$14,$287,$739,$661,$0,$0,$0,$661,$0,$45,$2,$78,$739,$3,$1,$0,$1,$2,$0,$-0,$-0,$1,$6,$-1,$0,$0,$-0,$-60,$-60,$-3,$-64,$0,$0,$0,$-0,$-0,$-1,$20,$19,$-39,$0,$-1
10,2016-03-31,26.1,$22.78,1.15,$8.83,2.96,$5.59,4.67,$1.81,14.42,$0.49B,$0.66B,0.74,$0.00B,$0.08B,0.0,$0.03B,$0.03B,96.15%,$0.03B,$0.01B,34.62%,$0.03B,0,0.00%,$0.03B,0,0.00%,$0.03B,$0.01B,30.77%,$0.03B,$0.01B,19.23%,$0.01B,$0.08B,7.43%,$0.01B,$0.07B,8.26%,$0.01B,$0.74B,0.84%,$0.01B,$0.08B,13.38%,$8,$1,$7,$0,$5,$6,$2,$0,$2,$1,$2,$2,$2,$0,$0,$3,3,$0.47,$0.47,$125,$0,$0,$487,$14,$212,$8,$15,$249,$736,$660,$0,$0,$0,$660,$0,$44,$1,$76,$736,$2,$0,$0,$1,$1,$0,$-0,$-1,$0,$3,$-1,$0,$0,$0,$-23,$-23,$2,$-22,$0,$0,$0,$0,$0,$-1,$19,$18,$-0,$0,$-1
11,2015-12-31,24.59,$22.31,1.1,$8.66,2.84,$6.33,3.88,$1.87,13.15,$0.49B,$0.64B,0.77,$0.00B,$0.08B,0.0,$0.02B,$0.02B,100.00%,$0.02B,$0.01B,37.50%,$0.02B,0,0.00%,$0.02B,0,0.00%,$0.02B,$0.01B,33.33%,$0.02B,$0.00B,16.67%,$0.00B,$0.08B,6.37%,$0.00B,$0.07B,7.05%,$0.00B,$0.72B,0.75%,$0.01B,$0.08B,14.34%,$6,$0,$6,$0,$3,$4,$3,$0,$2,$1,$1,$1,$1,$0,$0,$3,3,$0.38,$0.38,$126,$0,$0,$490,$14,$188,$8,$15,$226,$716,$641,$0,$0,$0,$641,$0,$43,$0,$75,$716,$5,$1,$1,$2,$-1,$0,$-0,$-0,$-2,$6,$-1,$0,$19,$-3,$44,$41,$-3,$55,$0,$0,$0,$-0,$-0,$-2,$15,$13,$74,$0,$-2
12,2015-09-30,24.63,$21.60,1.14,$8.46,2.91,$6.86,3.59,$1.95,12.63,$0.34B,$0.41B,0.85,$0.00B,$0.06B,0.0,$0.02B,$0.02B,100.00%,$0.02B,$0.01B,33.33%,$0.02B,0,0.00%,$0.02B,0,0.00%,$0.02B,$0.01B,33.33%,$0.02B,$0.00B,16.67%,$0.00B,$0.06B,6.87%,$0.00B,$0.05B,7.55%,$0.00B,$0.47B,0.85%,$0.01B,$0.06B,13.73%,$6,$0,$6,$0,$4,$4,$2,$0,$2,$1,$1,$1,$1,$0,$0,$3,3,$0.51,$0.51,$36,$0,$0,$343,$10,$97,$5,$10,$122,$465,$406,$0,$0,$0,$406,$0,$43,$1,$60,$465,$4,$1,$0,$2,$1,$0,$-0,$-0,$1,$7,$-1,$0,$0,$0,$2,$2,$-5,$-4,$0,$0,$0,$-0,$-0,$-2,$-10,$-12,$-9,$0,$-2
13,2015-06-30,25.1,$21.17,1.19,$8.57,2.93,$6.53,3.84,$2.00,12.55,$0.35B,$0.42B,0.84,$0.00B,$0.06B,0.0,$0.02B,$0.02B,100.00%,$0.02B,$0.01B,33.33%,$0.02B,0,0.00%,$0.02B,0,0.00%,$0.02B,$0.01B,33.33%,$0.02B,$0.01B,20.83%,$0.01B,$0.06B,8.73%,$0.01B,$0.05B,9.57%,$0.01B,$0.48B,1.06%,$0.01B,$0.06B,13.97%,$6,$0,$6,$0,$4,$4,$2,$0,$2,$0,$1,$1,$1,$0,$0,$3,3,$0.45,$0.45,$49,$0,$0,$351,$10,$100,$5,$10,$126,$477,$419,$0,$0,$0,$419,$0,$42,$0,$58,$477,$3,$1,$0,$1,$-0,$0,$-0,$-1,$-1,$3,$-0,$0,$0,$-1,$2,$0,$1,$1,$0,$0,$0,$0,$0,$-1,$4,$2,$6,$0,$-1
14,2015-03-31,22.23,$21.16,1.05,$8.63,2.58,$5.76,3.86,$2.10,10.59,$0.35B,$0.42B,0.84,$0.00B,$0.06B,0.0,$0.02B,$0.02B,100.00%,$0.02B,$0.01B,33.33%,$0.02B,0,0.00%,$0.02B,0,0.00%,$0.02B,$0.01B,33.33%,$0.02B,$0.01B,25.00%,$0.01B,$0.06B,10.62%,$0.01B,$0.05B,11.65%,$0.01B,$0.47B,1.29%,$0.01B,$0.06B,13.85%,$6,$0,$6,$0,$4,$4,$2,$0,$2,$0,$1,$1,$1,$0,$0,$3,3,$0.53,$0.53,$48,$0,$0,$346,$10,$102,$5,$9,$127,$473,$415,$0,$0,$0,$415,$0,$41,$1,$58,$473,$1,$0,$0,$1,$1,$0,$-0,$1,$2,$4,$-0,$0,$0,$0,$0,$0,$3,$3,$0,$0,$0,$0,$0,$-1,$-1,$-2,$5,$0,$-1
15,2014-12-31,22.19,$20.88,1.06,$8.46,2.62,$5.28,4.2,$2.04,10.88,$0.35B,$0.42B,0.83,$0.00B,$0.06B,0.0,$0.02B,$0.02B,100.00%,$0.02B,$0.01B,34.78%,$0.02B,0,0.00%,$0.02B,0,0.00%,$0.02B,$0.01B,34.78%,$0.02B,$0.01B,26.09%,$0.01B,$0.06B,10.76%,$0.01B,$0.05B,11.88%,$0.01B,$0.47B,1.30%,$0.01B,$0.06B,14.04%,$6,$0,$6,$0,$4,$4,$2,$0,$2,$0,$1,$1,$1,$0,$0,$3,3,$0.45,$0.45,$42,$0,$0,$345,$10,$102,$5,$9,$127,$473,$416,$0,$0,$0,$416,$0,$40,$1,$57,$473,$6,$1,$0,$2,$0,$0,$-0,$-0,$-0,$7,$-1,$0,$0,$0,$7,$7,$-12,$-6,$-6,$-9,$-15,$-1,$-1,$-2,$39,$21,$22,$0,$-2
16,2014-09-30,21.19,$20.54,1.03,$8.40,2.52,$6.39,3.31,$2.03,10.44,$0.33B,$0.40B,0.82,$0.00B,$0.06B,0.0,$0.02B,$0.02B,95.65%,$0.02B,$0.01B,34.78%,$0.02B,0,0.00%,$0.02B,0,0.00%,$0.02B,$0.01B,34.78%,$0.02B,$0.01B,26.09%,$0.01B,$0.06B,10.96%,$0.01B,$0.05B,12.12%,$0.01B,$0.46B,1.32%,$0.01B,$0.06B,13.91%,$6,$0,$6,$0,$4,$4,$2,$0,$2,$1,$2,$2,$2,$0,$0,$3,3,$0.56,$0.56,$27,$0,$0,$332,$10,$103,$5,$10,$129,$460,$404,$0,$0,$0,$404,$0,$40,$1,$56,$460,$4,$1,$-0,$1,$1,$0,$-0,$-0,$0,$6,$-1,$0,$0,$0,$8,$8,$-14,$-6,$-6,$-9,$-15,$-1,$-1,$-2,$27,$10,$9,$0,$-2
17,2014-06-30,18.9,$20.13,0.94,$8.28,2.28,$7.71,2.45,$1.98,9.55,$0.33B,$0.40B,0.81,$0.01B,$0.06B,0.09,$0.02B,$0.02B,91.30%,$0.02B,$0.01B,34.78%,$0.02B,0,0.00%,$0.02B,0,0.00%,$0.02B,$0.01B,34.78%,$0.02B,$0.01B,21.74%,$0.01B,$0.06B,9.26%,$0.01B,$0.05B,10.26%,$0.01B,$0.46B,1.11%,$0.01B,$0.06B,13.79%,$6,$0,$6,$0,$3,$4,$2,$0,$2,$1,$2,$2,$2,$0,$0,$3,3,$0.55,$0.55,$21,$0,$0,$325,$10,$110,$5,$9,$135,$460,$399,$5,$0,$5,$404,$0,$39,$0,$55,$460,$3,$1,$-0,$1,$-2,$0,$-0,$-1,$-3,$1,$-0,$0,$0,$-1,$3,$1,$-9,$-8,$-1,$1,$1,$-1,$-1,$-1,$13,$12,$4,$0,$-1
18,2014-03-31,18.26,$19.63,0.93,$8.19,2.23,$9.87,1.85,$1.86,9.81,$0.31B,$0.39B,0.79,$0.00B,$0.06B,0.0,$0.02B,$0.02B,86.96%,$0.02B,$0.01B,34.78%,$0.02B,0,0.00%,$0.02B,0,0.00%,$0.02B,$0.01B,34.78%,$0.02B,$0.00B,17.39%,$0.00B,$0.06B,7.48%,$0.00B,$0.05B,8.33%,$0.00B,$0.45B,0.89%,$0.01B,$0.06B,13.91%,$5,$0,$5,$0,$3,$4,$2,$0,$2,$1,$1,$1,$1,$0,$0,$3,3,$0.47,$0.47,$23,$0,$0,$313,$10,$111,$5,$9,$136,$449,$394,$0,$0,$0,$394,$0,$38,$-0,$55,$449,$1,$0,$-0,$0,$1,$0,$-0,$0,$1,$3,$-0,$0,$0,$0,$1,$1,$1,$2,$-6,$-0,$-6,$0,$0,$-1,$9,$3,$8,$0,$-1
19,2013-12-31,18.66,$19.16,0.97,$8.28,2.25,$9.07,2.06,$1.82,10.25,$0.31B,$0.39B,0.8,$0.01B,$0.05B,0.1,$0.02B,$0.02B,83.33%,$0.02B,$0.01B,33.33%,$0.02B,0,0.00%,$0.02B,0,0.00%,$0.02B,$0.01B,33.33%,$0.02B,$0.00B,16.67%,$0.00B,$0.05B,7.55%,$0.00B,$0.05B,8.38%,$0.00B,$0.44B,0.88%,$0.01B,$0.06B,13.73%,$6,$0,$5,$0,$4,$4,$2,$0,$2,$1,$1,$1,$1,$0,$0,$3,3,$0.45,$0.45,$16,$0,$0,$307,$10,$112,$5,$10,$137,$444,$386,$6,$0,$6,$391,$0,$37,$-1,$53,$444,$5,$2,$1,$3,$2,$0,$-0,$0,$2,$10,$-0,$0,$0,$0,$6,$6,$-9,$-3,$0,$-5,$-4,$-0,$-0,$-2,$-11,$-17,$-11,$0,$-2
20,2013-09-30,18.55,$18.99,0.98,$8.35,2.22,$8.01,2.31,$1.82,10.19,$0.31B,$0.39B,0.79,$0.01B,$0.05B,0.1,$0.02B,$0.02B,83.33%,$0.02B,$0.01B,33.33%,$0.02B,0,0.00%,$0.02B,0,0.00%,$0.02B,$0.01B,33.33%,$0.02B,$0.00B,16.67%,$0.00B,$0.05B,7.55%,$0.00B,$0.05B,8.38%,$0.00B,$0.45B,0.88%,$0.01B,$0.06B,13.79%,$6,$0,$5,$0,$3,$4,$2,$0,$2,$1,$1,$1,$1,$0,$0,$3,3,$0.51,$0.51,$17,$0,$0,$308,$10,$115,$5,$9,$140,$448,$390,$5,$0,$5,$395,$0,$36,$-0,$53,$448,$4,$1,$1,$2,$3,$0,$-0,$1,$4,$9,$-0,$0,$0,$0,$6,$6,$-9,$-4,$-0,$-4,$-4,$-0,$-0,$-2,$-7,$-13,$-7,$0,$-2
21,2013-06-30,17.71,$18.85,0.94,$8.35,2.12,$7.01,2.53,$1.57,11.28,$0.32B,$0.40B,0.79,$0.01B,$0.05B,0.1,$0.02B,$0.02B,83.33%,$0.02B,$0.01B,29.17%,$0.02B,0,0.00%,$0.02B,0,0.00%,$0.02B,$0.01B,29.17%,$0.02B,$0.00B,16.67%,$0.00B,$0.05B,7.58%,$0.00B,$0.05B,8.42%,$0.00B,$0.46B,0.87%,$0.01B,$0.06B,11.86%,$6,$0,$5,$0,$4,$4,$2,$0,$2,$1,$1,$1,$1,$0,$0,$3,3,$0.43,$0.43,$34,$0,$0,$320,$11,$116,$5,$8,$141,$461,$403,$5,$0,$5,$408,$0,$35,$-0,$53,$461,$2,$1,$1,$1,$2,$0,$-0,$0,$3,$6,$-0,$0,$0,$0,$6,$6,$-3,$2,$-0,$-3,$-3,$0,$0,$-1,$5,$1,$10,$0,$-1
22,2013-03-31,17.37,$19.13,0.91,$8.36,2.08,$6.42,2.7,$1.51,11.5,$0.31B,$0.40B,0.78,$0.01B,$0.05B,0.1,$0.02B,$0.02B,83.33%,$0.02B,$0.01B,25.00%,$0.02B,0,0.00%,$0.02B,0,0.00%,$0.02B,$0.01B,25.00%,$0.02B,$0.00B,16.67%,$0.00B,$0.05B,7.62%,$0.00B,$0.05B,8.42%,$0.00B,$0.46B,0.88%,$0.01B,$0.06B,9.96%,$6,$0,$5,$0,$4,$4,$2,$0,$2,$1,$1,$1,$1,$0,$0,$3,3,$0.43,$0.43,$29,$0,$0,$311,$11,$119,$5,$9,$144,$456,$397,$5,$0,$5,$402,$0,$35,$1,$53,$456,$1,$0,$0,$1,$-1,$0,$-0,$-0,$-1,$1,$-0,$0,$0,$0,$5,$5,$4,$9,$0,$-4,$-4,$0,$0,$-1,$-0,$-4,$5,$0,$-1
23,2012-12-31,16.44,$19.01,0.86,$8.38,1.96,$7.49,2.2,$1.41,11.66,$0.31B,$0.40B,0.77,$0.01B,$0.05B,0.1,$0.02B,$0.02B,83.33%,$0.02B,$0.01B,20.83%,$0.02B,0,0.00%,$0.02B,0,0.00%,$0.02B,$0.01B,20.83%,$0.02B,$0.00B,16.67%,$0.00B,$0.05B,7.69%,$0.00B,$0.05B,8.51%,$0.00B,$0.46B,0.88%,$0.01B,$0.06B,8.16%,$6,$1,$5,$0,$4,$4,$2,$0,$2,$1,$1,$1,$1,$0,$0,$3,3,$0.45,$0.45,$23,$0,$0,$309,$11,$126,$5,$8,$150,$459,$401,$5,$0,$5,$406,$0,$34,$2,$53,$459,$4,$2,$1,$3,$-1,$0,$-0,$1,$1,$7,$-1,$0,$0,$0,$-14,$-14,$-6,$-20,$-7,$5,$-2,$-0,$-0,$-2,$20,$16,$3,$0,$-2
24,2012-09-30,16.31,$18.75,0.87,$8.42,1.94,$8.24,1.98,$1.33,12.26,$0.31B,$0.40B,0.78,$0.01B,$0.05B,0.19,$0.02B,$0.02B,83.33%,$0.02B,$0.00B,16.67%,$0.02B,0,0.00%,$0.02B,0,0.00%,$0.02B,$0.00B,16.67%,$0.02B,$0.00B,16.67%,$0.00B,$0.05B,7.77%,$0.00B,$0.05B,8.60%,$0.00B,$0.46B,0.89%,$0.00B,$0.06B,6.40%,$6,$1,$5,$0,$4,$5,$1,$0,$1,$0,$1,$1,$1,$0,$0,$3,3,$0.26,$0.26,$23,$0,$0,$308,$11,$126,$5,$8,$151,$458,$396,$10,$0,$10,$406,$0,$33,$2,$52,$458,$3,$1,$1,$2,$1,$0,$-0,$2,$2,$7,$-0,$0,$0,$0,$-12,$-12,$-6,$-19,$-2,$-0,$-2,$-0,$-0,$-2,$20,$16,$4,$0,$-2
25,2012-06-30,17.2,$18.66,0.92,$8.53,2.02,$9.24,1.86,$1.46,11.78,$0.30B,$0.39B,0.77,$0.01B,$0.05B,0.21,$0.02B,$0.02B,83.33%,$0.02B,$0.01B,20.83%,$0.02B,0,0.00%,$0.02B,0,0.00%,$0.02B,$0.01B,20.83%,$0.02B,$0.00B,16.67%,$0.00B,$0.05B,7.80%,$0.00B,$0.05B,8.70%,$0.00B,$0.45B,0.90%,$0.01B,$0.06B,7.94%,$6,$1,$5,$0,$4,$4,$1,$0,$1,$0,$1,$1,$1,$0,$0,$3,3,$0.37,$0.37,$24,$0,$0,$302,$11,$128,$5,$8,$152,$454,$391,$11,$0,$11,$402,$0,$33,$2,$52,$454,$2,$1,$1,$2,$1,$0,$-0,$0,$1,$5,$-0,$0,$0,$0,$-14,$-14,$1,$-13,$-2,$0,$-2,$-0,$-0,$-1,$16,$13,$5,$0,$-1
26,2012-03-31,17.37,$18.34,0.95,$8.65,2.01,$10.14,1.71,$1.43,12.15,$0.31B,$0.38B,0.81,$0.01B,$0.05B,0.21,$0.02B,$0.02B,83.33%,$0.02B,$0.01B,20.83%,$0.02B,0,0.00%,$0.02B,0,0.00%,$0.02B,$0.01B,20.83%,$0.02B,$0.00B,16.67%,$0.00B,$0.05B,7.88%,$0.00B,$0.05B,8.84%,$0.00B,$0.44B,0.91%,$0.01B,$0.06B,7.87%,$6,$1,$5,$0,$4,$5,$1,$0,$1,$0,$1,$1,$1,$0,$0,$3,3,$0.33,$0.33,$30,$0,$0,$306,$11,$111,$5,$8,$136,$441,$379,$11,$0,$11,$390,$0,$33,$1,$51,$441,$1,$0,$1,$1,$1,$0,$0,$0,$2,$3,$-0,$0,$0,$0,$2,$2,$4,$6,$-1,$-0,$-1,$0,$0,$-1,$4,$2,$11,$0,$-1
27,2011-12-31,15.07,$18.32,0.82,$8.73,1.73,$10.89,1.38,$1.42,10.61,$0.30B,$0.38B,0.8,$0.01B,$0.05B,0.24,$0.02B,$0.02B,83.33%,$0.02B,$0.01B,20.83%,$0.02B,0,0.00%,$0.02B,0,0.00%,$0.02B,$0.01B,20.83%,$0.02B,$0.00B,16.67%,$0.00B,$0.05B,8.00%,$0.00B,$0.05B,8.99%,$0.00B,$0.44B,0.90%,$0.01B,$0.06B,7.81%,$6,$1,$5,$0,$4,$5,$1,$0,$1,$0,$1,$1,$1,$0,$0,$3,3,$0.38,$0.38,$19,$0,$0,$300,$11,$114,$5,$9,$139,$439,$375,$12,$0,$12,$388,$0,$32,$2,$51,$439,$4,$2,$2,$4,$2,$0,$-0,$-0,$1,$9,$-1,$0,$0,$0,$-9,$-9,$17,$7,$-3,$0,$-3,$-0,$-0,$-2,$-14,$-19,$-3,$0,$-2
28,2011-09-30,14.89,$18.17,0.82,$8.85,1.68,$9.70,1.54,$1.40,10.63,$0.30B,$0.37B,0.81,$0.01B,$0.05B,0.26,$0.02B,$0.02B,83.33%,$0.02B,$0.01B,20.83%,$0.02B,0,0.00%,$0.02B,0,0.00%,$0.02B,$0.01B,20.83%,$0.02B,$0.00B,16.67%,$0.00B,$0.05B,8.12%,$0.00B,$0.05B,9.14%,$0.00B,$0.44B,0.90%,$0.01B,$0.06B,7.78%,$6,$1,$5,$0,$4,$5,$2,$0,$2,$0,$1,$1,$1,$0,$0,$3,3,$0.39,$0.39,$15,$0,$0,$303,$11,$110,$5,$8,$134,$437,$373,$13,$0,$13,$387,$0,$32,$2,$51,$437,$3,$1,$1,$3,$4,$0,$-0,$0,$4,$9,$-0,$0,$0,$0,$-4,$-4,$8,$3,$-2,$0,$-2,$-0,$-0,$-2,$-16,$-19,$-7,$0,$-2
29,2011-06-30,14.26,$17.81,0.8,$8.96,1.59,$7.90,1.8,$1.34,10.64,$0.31B,$0.38B,0.8,$0.02B,$0.05B,0.31,$0.03B,$0.02B,80.00%,$0.03B,$0.00B,16.00%,$0.03B,0,0.00%,$0.03B,0,0.00%,$0.03B,$0.00B,16.00%,$0.03B,$0.00B,16.00%,$0.00B,$0.05B,8.21%,$0.00B,$0.04B,9.25%,$0.00B,$0.45B,0.89%,$0.00B,$0.07B,6.06%,$6,$1,$5,$0,$4,$5,$1,$0,$1,$0,$1,$1,$1,$0,$0,$3,3,$0.34,$0.34,$14,$0,$0,$306,$11,$114,$5,$9,$139,$445,$380,$15,$0,$15,$395,$0,$31,$1,$50,$445,$2,$1,$1,$2,$4,$0,$-0,$-0,$4,$7,$-0,$0,$0,$0,$-9,$-9,$4,$-5,$-0,$1,$0,$-0,$-0,$-1,$-9,$-10,$-7,$0,$-1
30,2011-03-31,12.81,$17.35,0.74,$9.13,1.4,$6.24,2.05,$1.35,9.49,$0.32B,$0.39B,0.83,$0.02B,$0.05B,0.32,$0.03B,$0.02B,76.92%,$0.03B,$0.00B,15.38%,$0.03B,0,0.00%,$0.03B,0,0.00%,$0.03B,$0.00B,15.38%,$0.03B,$0.00B,15.38%,$0.00B,$0.05B,8.29%,$0.00B,$0.04B,9.36%,$0.00B,$0.45B,0.88%,$0.00B,$0.06B,5.80%,$6,$1,$5,$0,$4,$5,$1,$0,$1,$0,$1,$1,$1,$0,$0,$3,3,$0.32,$0.32,$28,$0,$0,$318,$11,$106,$5,$10,$131,$449,$385,$16,$0,$16,$401,$0,$31,$0,$48,$449,$1,$0,$1,$1,$4,$0,$-0,$0,$4,$6,$-0,$0,$0,$0,$-2,$-2,$7,$5,$-0,$0,$-0,$0,$0,$-1,$-3,$-4,$6,$0,$-1
31,2010-12-31,12.95,$17.22,0.75,$9.24,1.4,$5.32,2.43,$1.39,9.31,$0.32B,$0.39B,0.83,$0.02B,$0.05B,0.33,$0.03B,$0.02B,76.92%,$0.03B,$0.00B,15.38%,$0.03B,0,0.00%,$0.03B,0,0.00%,$0.03B,$0.00B,15.38%,$0.03B,$0.00B,15.38%,$0.00B,$0.05B,8.33%,$0.00B,$0.04B,9.41%,$0.00B,$0.45B,0.88%,$0.00B,$0.06B,5.65%,$6,$1,$5,$0,$4,$5,$1,$0,$1,$0,$1,$1,$1,$0,$0,$3,3,$0.35,$0.35,$22,$0,$0,$322,$11,$104,$5,$9,$130,$452,$389,$16,$0,$16,$404,$0,$30,$0,$48,$452,$4,$2,$2,$4,$-3,$0,$-0,$1,$-2,$6,$-0,$0,$0,$0,$-8,$-8,$15,$7,$-9,$1,$-8,$0,$0,$-2,$4,$-7,$6,$0,$-2
32,2010-09-30,11.72,$17.45,0.67,$9.28,1.26,$3.92,2.99,$1.17,10.02,$0.33B,$0.38B,0.86,$0.02B,$0.05B,0.47,$0.03B,$0.02B,73.08%,$0.03B,$0.00B,15.38%,$0.03B,0,0.00%,$0.03B,0,0.00%,$0.03B,$0.00B,11.54%,$0.03B,$0.00B,11.54%,$0.00B,$0.05B,6.32%,$0.00B,$0.04B,7.19%,$0.00B,$0.45B,0.66%,$0.00B,$0.07B,5.52%,$7,$1,$5,$0,$4,$5,$1,$0,$1,$0,$1,$1,$1,$0,$0,$3,3,$0.33,$0.33,$22,$0,$0,$328,$11,$98,$6,$10,$125,$452,$381,$23,$0,$23,$404,$0,$30,$1,$49,$452,$3,$1,$2,$3,$-2,$0,$-0,$1,$-2,$4,$-0,$0,$0,$0,$-0,$-0,$9,$8,$-2,$1,$-1,$0,$0,$-2,$-5,$-7,$6,$0,$-2
33,2010-06-30,11.39,$17.17,0.66,$9.31,1.22,$3.55,3.21,$0.84,13.56,$0.32B,$0.38B,0.85,$0.03B,$0.05B,0.61,$0.03B,$0.02B,73.08%,$0.03B,$0.00B,11.54%,$0.03B,0,0.00%,$0.03B,0,0.00%,$0.03B,$0.00B,7.69%,$0.03B,$0.00B,7.69%,$0.00B,$0.05B,4.26%,$0.00B,$0.04B,4.85%,$0.00B,$0.46B,0.44%,$0.00B,$0.08B,4.01%,$7,$1,$5,$0,$4,$5,$1,$0,$1,$0,$1,$1,$1,$0,$0,$3,3,$0.35,$0.35,$13,$0,$0,$324,$11,$108,$6,$10,$134,$458,$381,$29,$0,$29,$410,$0,$30,$1,$48,$458,$2,$1,$1,$2,$-1,$0,$-0,$-0,$-1,$3,$-0,$0,$0,$0,$-10,$-10,$4,$-6,$4,$0,$5,$0,$0,$-1,$-4,$0,$-3,$0,$-1
34,2010-03-31,10.95,$16.89,0.65,$9.31,1.18,$2.38,4.6,$0.63,17.38,$0.33B,$0.39B,0.84,$0.02B,$0.05B,0.5,$0.03B,$0.02B,73.08%,$0.03B,$0.00B,3.85%,$0.03B,0,0.00%,$0.03B,0,0.00%,$0.03B,0,0.00%,$0.03B,$0.00B,3.85%,$0.00B,$0.05B,2.14%,$0.00B,$0.04B,2.44%,$0.00B,$0.46B,0.22%,$0.00B,$0.07B,1.28%,$6,$2,$5,$0,$3,$5,$1,$0,$1,$0,$1,$1,$1,$0,$0,$3,3,$0.36,$0.36,$21,$0,$0,$330,$11,$105,$6,$10,$132,$463,$392,$24,$0,$24,$416,$0,$29,$1,$47,$463,$1,$0,$0,$1,$1,$0,$-0,$1,$1,$3,$-0,$0,$0,$0,$-8,$-8,$3,$-4,$-1,$-1,$-2,$0,$0,$-1,$8,$6,$5,$0,$-1
35,2009-12-31,11.26,$16.67,0.68,$9.45,1.19,$1.67,6.73,$0.56,20.1,$0.33B,$0.39B,0.86,$0.03B,$0.05B,0.54,$0.03B,$0.02B,70.37%,$0.03B,$0.00B,3.70%,$0.03B,0,0.00%,$0.03B,0,0.00%,$0.03B,0,0.00%,$0.03B,$0.00B,3.70%,$0.00B,$0.05B,2.13%,$0.00B,$0.04B,2.44%,$0.00B,$0.46B,0.22%,$0.00B,$0.07B,1.20%,$6,$2,$4,$0,$3,$5,$1,$0,$0,$-0,$0,$0,$0,$0,$0,$3,3,$0.14,$0.14,$16,$0,$0,$330,$12,$97,$6,$11,$125,$456,$385,$25,$0,$25,$409,$0,$29,$0,$46,$456,$1,$2,$3,$5,$0,$0,$-0,$-3,$-3,$3,$-1,$0,$0,$0,$-11,$-11,$7,$-5,$-23,$3,$-20,$-1,$-0,$-2,$19,$-4,$-6,$0,$-2
36,2009-09-30,12.81,$16.94,0.76,$9.62,1.33,$2.37,5.4,$0.78,16.42,$0.34B,$0.38B,0.9,$0.03B,$0.05B,0.7,$0.03B,$0.02B,71.43%,$0.03B,$0.00B,7.14%,$0.03B,0,0.00%,$0.03B,0,0.00%,$0.03B,$0.00B,3.57%,$0.03B,$0.00B,7.14%,$0.00B,$0.05B,4.21%,$0.00B,$0.04B,4.82%,$0.00B,$0.46B,0.44%,$0.00B,$0.08B,2.24%,$7,$2,$5,$0,$5,$7,$-0,$0,$-0,$-0,$0,$0,$0,$0,$0,$3,3,$0.00,$0.00,$17,$0,$0,$339,$12,$92,$6,$8,$117,$457,$377,$33,$0,$33,$410,$0,$29,$1,$47,$457,$0,$1,$3,$4,$0,$0,$-0,$-0,$-0,$4,$-1,$0,$0,$0,$-5,$-5,$-0,$-6,$-15,$1,$-14,$-1,$-0,$-2,$13,$-3,$-5,$0,$-2
37,2009-06-30,12.56,$16.85,0.75,$9.86,1.27,$2.60,4.84,$1.07,11.74,$0.34B,$0.36B,0.94,$0.04B,$0.05B,0.92,$0.03B,$0.02B,71.43%,$0.03B,$0.00B,10.71%,$0.03B,0,0.00%,$0.03B,0,0.00%,$0.03B,$0.00B,7.14%,$0.03B,$0.00B,10.71%,$0.00B,$0.05B,6.35%,$0.00B,$0.04B,7.23%,$0.00B,$0.45B,0.66%,$0.00B,$0.09B,3.18%,$7,$2,$5,$0,$5,$7,$-1,$0,$-1,$-0,$-0,$-0,$-0,$0,$0,$3,3,$-0.15,$-0.15,$14,$0,$0,$337,$12,$87,$6,$8,$112,$449,$360,$43,$0,$43,$403,$0,$29,$0,$47,$449,$0,$1,$2,$2,$-2,$0,$-0,$-0,$-3,$0,$-1,$0,$0,$0,$-1,$-1,$3,$2,$-5,$-1,$-6,$-0,$-0,$-1,$-3,$-9,$-8,$0,$-1
38,2009-03-31,10.67,$17.16,0.62,$10.13,1.05,$3.43,3.11,$1.25,8.54,$0.34B,$0.36B,0.95,$0.05B,$0.05B,0.94,$0.03B,$0.02B,71.43%,$0.03B,$0.01B,17.86%,$0.03B,0,0.00%,$0.03B,0,0.00%,$0.03B,$0.00B,14.29%,$0.03B,$0.00B,14.29%,$0.00B,$0.05B,8.51%,$0.00B,$0.04B,9.64%,$0.00B,$0.45B,0.88%,$0.01B,$0.09B,5.21%,$7,$2,$5,$0,$3,$6,$1,$0,$1,$0,$1,$1,$1,$0,$0,$3,3,$0.29,$0.29,$23,$0,$0,$342,$12,$87,$6,$7,$112,$454,$362,$45,$0,$45,$406,$0,$30,$0,$48,$454,$1,$0,$0,$1,$0,$0,$-0,$-0,$-0,$1,$-0,$0,$0,$0,$-1,$-1,$6,$4,$-3,$1,$-2,$-0,$-0,$-1,$-2,$-5,$0,$0,$-1
39,2008-12-31,10.8,$17.00,0.64,$10.38,1.04,$2.99,3.62,$1.28,8.44,$0.35B,$0.36B,0.96,$0.05B,$0.05B,1.01,$0.03B,$0.02B,65.52%,$0.03B,$0.01B,17.24%,$0.03B,0,0.00%,$0.03B,0,0.00%,$0.03B,$0.00B,13.79%,$0.03B,$0.00B,13.79%,$0.00B,$0.05B,8.56%,$0.00B,$0.04B,9.70%,$0.00B,$0.46B,0.88%,$0.01B,$0.10B,5.06%,$7,$2,$5,$0,$3,$5,$2,$0,$1,$0,$1,$1,$1,$0,$0,$3,3,$0.34,$0.34,$22,$0,$0,$348,$11,$86,$6,$7,$111,$459,$363,$48,$0,$48,$411,$0,$30,$0,$48,$459,$4,$1,$2,$3,$-1,$0,$-0,$-0,$-1,$5,$-2,$0,$0,$0,$-8,$-8,$10,$1,$-13,$-11,$-24,$-0,$-0,$-2,$28,$2,$7,$0,$-2
40,2008-09-30,10.72,$16.58,0.65,$10.61,1.01,$3.24,3.31,$1.25,8.58,$0.35B,$0.35B,1.01,$0.05B,$0.05B,1.16,$0.03B,$0.02B,60.00%,$0.03B,$0.00B,13.33%,$0.03B,0,0.00%,$0.03B,0,0.00%,$0.03B,$0.00B,13.33%,$0.03B,$0.00B,13.33%,$0.00B,$0.05B,8.65%,$0.00B,$0.04B,9.82%,$0.00B,$0.45B,0.89%,$0.00B,$0.10B,3.94%,$7,$3,$5,$0,$4,$6,$1,$0,$1,$0,$1,$1,$1,$0,$0,$3,3,$0.29,$0.29,$18,$0,$0,$347,$11,$74,$6,$8,$99,$445,$345,$54,$0,$54,$399,$0,$29,$-0,$46,$445,$3,$1,$1,$2,$0,$0,$-1,$0,$0,$5,$-1,$0,$0,$0,$3,$3,$7,$9,$-7,$-8,$-15,$-0,$-0,$-1,$7,$-10,$3,$0,$-1
41,2008-06-30,10.14,$16.49,0.62,$10.71,0.95,$3.51,2.89,$1.28,7.92,$0.35B,$0.36B,0.99,$0.05B,$0.05B,1.1,$0.03B,$0.02B,54.84%,$0.03B,$0.00B,12.90%,$0.03B,0,0.00%,$0.03B,0,0.00%,$0.03B,$0.00B,12.90%,$0.03B,$0.00B,12.90%,$0.00B,$0.05B,8.70%,$0.00B,$0.04B,9.94%,$0.00B,$0.45B,0.88%,$0.00B,$0.10B,3.84%,$7,$3,$5,$0,$3,$6,$1,$0,$1,$0,$1,$1,$1,$0,$0,$3,3,$0.32,$0.32,$20,$0,$0,$352,$11,$77,$6,$7,$101,$452,$355,$51,$0,$51,$406,$0,$29,$-0,$46,$452,$2,$0,$1,$1,$-1,$0,$-0,$-0,$-1,$2,$-0,$0,$0,$0,$0,$0,$5,$5,$-10,$-2,$-11,$-0,$-0,$-1,$10,$-2,$5,$0,$-1
42,2008-03-31,11.07,$16.62,0.67,$10.78,1.03,$4.29,2.58,$1.27,8.72,$0.36B,$0.35B,1.01,$0.06B,$0.05B,1.21,$0.03B,$0.02B,50.00%,$0.03B,$0.00B,12.50%,$0.03B,0,0.00%,$0.03B,0,0.00%,$0.03B,$0.00B,12.50%,$0.03B,$0.00B,12.50%,$0.00B,$0.05B,8.79%,$0.00B,$0.04B,10.06%,$0.00B,$0.46B,0.89%,$0.00B,$0.10B,3.78%,$8,$3,$4,$0,$3,$6,$1,$0,$1,$0,$1,$1,$1,$0,$0,$3,3,$0.32,$0.32,$25,$0,$0,$356,$11,$76,$6,$7,$100,$456,$352,$57,$0,$57,$409,$0,$29,$1,$47,$456,$1,$0,$0,$0,$-1,$0,$-0,$0,$-1,$0,$-0,$0,$0,$0,$2,$2,$7,$9,$-4,$2,$-2,$-0,$-0,$-0,$4,$1,$10,$0,$-0
43,2007-12-31,11.12,$16.25,0.68,$10.78,1.03,$5.09,2.19,$1.21,9.19,$0.35B,$0.35B,1.02,$0.06B,$0.05B,1.33,$0.03B,$0.02B,50.00%,$0.03B,$0.00B,12.50%,$0.03B,0,0.00%,$0.03B,0,0.00%,$0.03B,$0.00B,12.50%,$0.03B,$0.00B,12.50%,$0.00B,$0.05B,8.94%,$0.00B,$0.04B,10.19%,$0.00B,$0.45B,0.89%,$0.00B,$0.11B,3.80%,$8,$3,$4,$0,$3,$6,$1,$0,$1,$0,$1,$1,$1,$0,$0,$3,3,$0.31,$0.31,$15,$0,$0,$352,$11,$78,$6,$7,$101,$453,$347,$61,$0,$61,$407,$0,$28,$-0,$46,$453,$3,$1,$1,$1,$2,$0,$0,$-1,$1,$6,$-2,$0,$0,$0,$-1,$-1,$-5,$-8,$1,$-4,$-2,$-1,$-1,$-2,$-3,$-8,$-9,$0,$-2
44,2007-09-30,11.33,$15.98,0.71,$10.83,1.05,$4.68,2.42,$1.24,9.14,$0.35B,$0.34B,1.03,$0.07B,$0.05B,1.45,$0.03B,$0.02B,50.00%,$0.03B,$0.01B,15.63%,$0.03B,0,0.00%,$0.03B,0,0.00%,$0.03B,$0.01B,15.63%,$0.03B,$0.00B,12.50%,$0.00B,$0.05B,9.04%,$0.00B,$0.04B,10.32%,$0.00B,$0.45B,0.89%,$0.01B,$0.11B,4.77%,$8,$3,$4,$0,$3,$6,$1,$0,$1,$0,$1,$1,$1,$0,$0,$3,3,$0.32,$0.32,$12,$0,$0,$348,$10,$77,$6,$7,$99,$447,$336,$65,$0,$65,$402,$0,$28,$-0,$45,$447,$3,$1,$0,$1,$2,$0,$-0,$-0,$2,$5,$-1,$0,$0,$0,$-1,$-1,$-3,$-4,$6,$-11,$-5,$-0,$-0,$-1,$-7,$-13,$-12,$0,$-1
45,2007-06-30,11.88,$15.64,0.76,$10.74,1.11,$4.16,2.86,$1.22,9.74,$0.35B,$0.34B,1.01,$0.06B,$0.04B,1.34,$0.03B,$0.02B,51.61%,$0.03B,$0.01B,16.13%,$0.03B,0,0.00%,$0.03B,0,0.00%,$0.03B,$0.01B,16.13%,$0.03B,$0.00B,12.90%,$0.00B,$0.04B,9.09%,$0.00B,$0.04B,10.39%,$0.00B,$0.45B,0.89%,$0.01B,$0.10B,4.84%,$8,$3,$4,$0,$3,$6,$1,$0,$1,$0,$1,$1,$1,$0,$0,$3,3,$0.31,$0.31,$11,$0,$0,$346,$9,$78,$6,$7,$100,$445,$342,$59,$0,$59,$401,$0,$27,$-1,$44,$445,$2,$0,$0,$1,$2,$0,$0,$-0,$2,$4,$-0,$0,$0,$0,$-2,$-2,$-2,$-5,$-0,$-3,$-4,$-0,$-0,$-1,$-8,$-13,$-13,$0,$-1
46,2007-03-31,11.76,$15.65,0.75,$10.61,1.11,$3.34,3.52,$1.24,9.48,$0.35B,$0.35B,1.01,$0.06B,$0.04B,1.27,$0.03B,$0.02B,53.33%,$0.03B,$0.01B,16.67%,$0.03B,0,0.00%,$0.03B,0,0.00%,$0.03B,$0.01B,16.67%,$0.03B,$0.00B,13.33%,$0.00B,$0.04B,9.14%,$0.00B,$0.04B,10.53%,$0.00B,$0.45B,0.88%,$0.01B,$0.10B,4.89%,$8,$3,$4,$0,$3,$6,$1,$0,$1,$0,$1,$1,$1,$0,$0,$3,3,$0.27,$0.26,$21,$0,$0,$353,$9,$79,$6,$3,$98,$451,$350,$56,$0,$56,$406,$0,$27,$-0,$44,$451,$1,$0,$0,$0,$1,$0,$-0,$-0,$1,$2,$-0,$0,$0,$0,$-3,$-3,$5,$2,$-3,$-3,$-6,$-0,$-0,$-0,$-1,$-8,$-3,$0,$-0
47,2006-12-31,12.02,$15.51,0.77,$10.42,1.15,$3.18,3.77,$1.31,9.19,$0.36B,$0.35B,1.03,$0.06B,$0.04B,1.35,$0.03B,$0.02B,55.17%,$0.03B,$0.01B,17.24%,$0.03B,0,0.00%,$0.03B,0,0.00%,$0.03B,$0.01B,17.24%,$0.03B,$0.00B,13.79%,$0.00B,$0.04B,9.25%,$0.00B,$0.04B,10.67%,$0.00B,$0.46B,0.89%,$0.01B,$0.10B,4.91%,$8,$4,$4,$0,$3,$6,$2,$0,$2,$1,$1,$1,$1,$0,$0,$3,3,$0.35,$0.34,$24,$0,$0,$363,$9,$76,$6,$3,$94,$457,$354,$59,$0,$59,$413,$0,$27,$-1,$44,$457,$4,$1,$1,$2,$-2,$0,$0,$0,$-2,$4,$-1,$0,$0,$0,$5,$5,$-12,$-8,$-6,$9,$2,$-0,$-0,$-2,$14,$14,$10,$0,$-2
