,Date,Stock Price,Book Value per Share,Price to Book Ratio,TTM Sales per Share,Price to Sales Ratio,TTM FCF per Share,Price to FCF Ratio,TTM Net EPS,PE Ratio,Current Assets,Current Liabilities,Current Ratio,Long Term Debt,Shareholder's Equity_x,Debt to Equity Ratio,TTM Revenue_x,TTM Gross Profit,Gross Margin,TTM Revenue_y,TTM Operating Income,Operating Margin,TTM Revenue_x,TTM EBIT,EBIT Margin,TTM Revenue_y,TTM EBITDA,EBITDA Margin,TTM Revenue_x,TTM Pre-Tax Income,Pre-Tax Margin,TTM Revenue_y,TTM Net Income_x,Net Margin,TTM Net Income_y,Shareholder's Equity_y,Return on Equity,TTM Net Income_x,Tangible Equity,Return on Tangible Equity,TTM Net Income_y,Total Assets,Return on Assets,TTM Net Income,LT Investments & Debt,Return on Investment,revenue,cost-goods-sold,gross-profit,research-development-expenses,selling-general-administrative-expenses,operating-expenses,operating-income,total-non-operating-income-expense,pre-tax-income,total-provision-income-taxes,income-after-taxes,income-from-continuous-operations,net-income,ebitda,ebit,basic-shares-outstanding,shares-outstanding,eps-basic-net-earnings-per-share,eps-earnings-per-share-diluted,cash-on-hand,inventory,other-current-assets,total-current-assets,net-property-plant-equipment,long-term-investments,goodwill-intangible-assets-total,other-long-term-assets,total-long-term-assets,total-assets,total-current-liabilities,long-term-debt,other-non-current-liabilities,total-long-term-liabilities,total-liabilities,common-stock-net,retained-earnings-accumulated-deficit,comprehensive-income,total-share-holder-equity,total-liabilities-share-holders-equity,net-income-loss,total-depreciation-amortization-cash-flow,other-non-cash-items,total-non-cash-items,change-in-accounts-receivable,change-in-inventories,change-in-accounts-payable,change-in-assets-liabilities,total-change-in-assets-liabilities,cash-flow-from-operating-activities,net-change-in-property-plant-equipment,net-change-in-intangible-assets,net-acquisitions-divestitures,net-change-in-short-term-investments,net-change-in-long-term-investments,net-change-in-investments-total,investing-activities-other,cash-flow-from-investing-activities,net-long-term-debt,net-current-debt,debt-issuance-retirement-net-total,net-common-equity-issued-repurchased,net-total-equity-issued-repurchased,total-common-preferred-stock-dividends-paid,financial-activities-other,cash-flow-from-financial-activities,net-cash-flow,stock-based-compensation,common-stock-dividends-paid
0,2018-09-30,33.88,$20.65,1.64,$7.47,4.54,$6.66,5.08,$1.68,20.17,$1.85B,$1.91B,0.97,$0.00B,$0.34B,0.0,$0.13B,$0.12B,93.65%,$0.13B,$0.05B,37.30%,$0.13B,0,0.00%,$0.13B,0,0.00%,$0.13B,$0.05B,35.71%,$0.13B,$0.03B,22.22%,$0.03B,$0.34B,8.18%,$0.03B,$0.24B,11.59%,$0.03B,$2.27B,1.19%,$0.05B,$0.34B,12.37%,$31,$2,$29,$0,$17,$19,$12,$-1,$10,$1,$9,$9,$9,$0,$0,$17,17,$0.55,$0.55,$74,$0,$0,$1852,$46,$189,$100,$84,$418,$2270,$1906,$0,$25,$25,$1931,$21,$190,$-3,$338,$2270,$27,$6,$1,$7,$0,$0,$0,$0,$0,$37,$0,$0,$0,$0,$-3,$-3,$24,$21,$-50,$0,$-50,$-21,$-21,$-18,$-54,$-143,$-84,$1,$-18
1,2018-06-30,31.66,$20.45,1.55,$7.41,4.27,$5.77,5.49,$1.58,20.04,$1.89B,$1.93B,0.98,$0.05B,$0.34B,0.15,$0.13B,$0.12B,93.65%,$0.13B,$0.05B,37.30%,$0.13B,0,0.00%,$0.13B,0,0.00%,$0.13B,$0.05B,37.30%,$0.13B,$0.03B,21.43%,$0.03B,$0.34B,7.80%,$0.03B,$0.24B,11.05%,$0.03B,$2.35B,1.13%,$0.05B,$0.39B,11.86%,$31,$2,$29,$0,$17,$20,$12,$0,$12,$3,$9,$9,$9,$0,$0,$17,17,$0.54,$0.54,$108,$0,$0,$1893,$46,$222,$101,$87,$455,$2348,$1933,$50,$26,$76,$2009,$21,$184,$-3,$339,$2348,$18,$3,$-0,$3,$0,$0,$0,$0,$0,$21,$1,$0,$0,$0,$-33,$-33,$17,$-15,$-2,$0,$-2,$-15,$-15,$-14,$-25,$-56,$-50,$1,$-14
2,2018-03-31,29.49,$20.30,1.45,$7.26,4.06,$5.32,5.54,$1.42,20.77,$1.98B,$2.01B,0.99,$0.05B,$0.34B,0.15,$0.12B,$0.12B,93.55%,$0.12B,$0.04B,35.48%,$0.12B,0,0.00%,$0.12B,0,0.00%,$0.12B,$0.04B,35.48%,$0.12B,$0.02B,19.35%,$0.02B,$0.34B,6.88%,$0.02B,$0.24B,9.75%,$0.02B,$2.43B,1.00%,$0.04B,$0.39B,11.03%,$31,$2,$29,$0,$17,$19,$11,$0,$11,$3,$9,$9,$9,$0,$0,$17,17,$0.52,$0.52,$205,$0,$0,$1984,$46,$189,$102,$107,$444,$2428,$2010,$50,$27,$77,$2086,$21,$178,$-2,$342,$2428,$9,$2,$-1,$1,$1,$0,$0,$0,$1,$11,$1,$0,$0,$0,$-21,$-21,$23,$3,$-1,$0,$-1,$-5,$-5,$-11,$51,$33,$47,$1,$-11
3,2017-12-31,27.74,$20.63,1.34,$7.12,3.9,$5.26,5.28,$1.26,22.02,$1.96B,$1.96B,1.0,$0.05B,$0.35B,0.14,$0.12B,$0.11B,93.39%,$0.12B,$0.04B,34.71%,$0.12B,0,0.00%,$0.12B,0,0.00%,$0.12B,$0.04B,34.71%,$0.12B,$0.02B,17.36%,$0.02B,$0.35B,6.02%,$0.02B,$0.25B,8.52%,$0.02B,$2.39B,0.88%,$0.04B,$0.40B,10.42%,$33,$2,$31,$0,$19,$21,$12,$0,$12,$11,$1,$1,$1,$0,$0,$17,17,$0.07,$0.07,$158,$0,$0,$1962,$48,$191,$102,$86,$427,$2388,$1960,$50,$28,$78,$2038,$21,$181,$-1,$351,$2388,$21,$8,$0,$8,$0,$0,$0,$0,$0,$39,$2,$0,$0,$0,$24,$24,$39,$65,$-99,$0,$-99,$-1,$-1,$-12,$89,$-23,$82,$1,$-12
4,2017-09-30,27.94,$20.76,1.35,$6.88,4.06,$5.70,4.9,$1.57,17.8,$1.93B,$1.95B,0.99,$0.05B,$0.35B,0.14,$0.12B,$0.11B,92.37%,$0.12B,$0.04B,33.90%,$0.12B,0,0.00%,$0.12B,0,0.00%,$0.12B,$0.04B,33.90%,$0.12B,$0.03B,22.03%,$0.03B,$0.35B,7.51%,$0.03B,$0.25B,10.69%,$0.03B,$2.38B,1.09%,$0.04B,$0.40B,9.81%,$31,$2,$29,$0,$17,$19,$12,$0,$12,$4,$8,$8,$8,$0,$0,$17,17,$0.45,$0.45,$105,$0,$0,$1929,$49,$200,$102,$95,$446,$2375,$1948,$50,$25,$75,$2022,$21,$182,$-0,$353,$2375,$20,$7,$0,$7,$0,$0,$0,$0,$0,$23,$0,$0,$0,$0,$16,$16,$22,$38,$-45,$0,$-45,$-1,$-1,$-9,$22,$-32,$29,$1,$-9
5,2017-06-30,26.08,$20.50,1.27,$6.81,3.83,$6.61,3.95,$1.49,17.5,$1.94B,$1.94B,1.0,$0.05B,$0.35B,0.14,$0.12B,$0.11B,91.45%,$0.12B,$0.04B,32.48%,$0.12B,0,0.00%,$0.12B,0,0.00%,$0.12B,$0.04B,32.48%,$0.12B,$0.02B,20.51%,$0.02B,$0.35B,7.01%,$0.02B,$0.25B,10.09%,$0.02B,$2.37B,1.00%,$0.04B,$0.40B,9.10%,$29,$2,$27,$0,$18,$20,$9,$0,$9,$3,$6,$6,$6,$0,$0,$17,17,$0.38,$0.38,$107,$0,$0,$1935,$50,$183,$102,$96,$432,$2367,$1943,$50,$24,$74,$2018,$21,$178,$-0,$349,$2367,$13,$5,$0,$6,$0,$0,$0,$0,$0,$14,$0,$0,$0,$0,$33,$33,$15,$48,$-43,$0,$-43,$-0,$-0,$-5,$16,$-32,$30,$1,$-5
6,2017-03-31,23.66,$20.18,1.17,$6.88,3.44,$7.24,3.27,$1.47,16.1,$1.98B,$2.00B,0.99,$0.07B,$0.34B,0.19,$0.12B,$0.11B,91.60%,$0.12B,$0.04B,32.77%,$0.12B,0,0.00%,$0.12B,0,0.00%,$0.12B,$0.04B,31.93%,$0.12B,$0.02B,20.17%,$0.02B,$0.34B,7.09%,$0.02B,$0.24B,10.28%,$0.02B,$2.43B,0.98%,$0.04B,$0.41B,8.85%,$28,$2,$26,$0,$17,$19,$9,$0,$9,$3,$6,$6,$6,$0,$0,$17,17,$0.36,$0.36,$153,$0,$0,$1975,$50,$206,$103,$97,$455,$2431,$1997,$65,$25,$90,$2087,$21,$174,$-1,$343,$2431,$6,$3,$0,$3,$0,$0,$0,$0,$0,$11,$-0,$0,$0,$0,$8,$8,$19,$26,$-23,$0,$-23,$-0,$-0,$-3,$65,$40,$77,$0,$-3
7,2016-12-31,28.4,$17.85,1.59,$6.98,4.07,$7.43,3.82,$1.45,19.59,$1.92B,$1.94B,0.99,$0.08B,$0.34B,0.24,$0.12B,$0.11B,91.80%,$0.12B,$0.04B,31.97%,$0.12B,0,0.00%,$0.12B,0,0.00%,$0.12B,$0.04B,31.15%,$0.12B,$0.02B,19.67%,$0.02B,$0.34B,7.12%,$0.02B,$0.24B,10.38%,$0.02B,$2.39B,0.98%,$0.04B,$0.42B,8.81%,$30,$2,$27,$0,$17,$20,$10,$-0,$10,$4,$6,$6,$6,$0,$0,$17,17,$0.38,$0.38,$76,$0,$0,$1917,$50,$213,$103,$104,$470,$2386,$1939,$81,$27,$108,$2047,$21,$170,$-2,$339,$2386,$25,$11,$-0,$11,$0,$0,$0,$0,$0,$43,$6,$0,$30,$0,$229,$229,$-155,$110,$-41,$0,$-41,$-23,$-23,$-10,$-55,$-129,$25,$1,$-10
8,2016-09-30,23.2,$19.87,1.17,$6.93,3.35,$8.00,2.9,$1.41,16.45,$1.89B,$1.98B,0.95,$0.11B,$0.34B,0.31,$0.12B,$0.11B,92.68%,$0.12B,$0.04B,30.89%,$0.12B,0,0.00%,$0.12B,0,0.00%,$0.12B,$0.04B,30.08%,$0.12B,$0.02B,19.51%,$0.02B,$0.34B,7.10%,$0.02B,$0.23B,10.37%,$0.02B,$2.45B,0.97%,$0.04B,$0.44B,8.56%,$30,$3,$27,$0,$17,$20,$10,$-0,$10,$3,$6,$6,$6,$0,$0,$17,17,$0.37,$0.37,$66,$0,$0,$1888,$51,$293,$110,$109,$562,$2450,$1980,$106,$27,$132,$2113,$21,$167,$0,$338,$2450,$19,$10,$1,$11,$1,$0,$0,$4,$5,$35,$4,$0,$25,$0,$146,$146,$-135,$40,$5,$0,$5,$-23,$-23,$-8,$-34,$-60,$14,$0,$-8
9,2016-06-30,20.85,$19.48,1.07,$6.90,3.02,$8.60,2.42,$1.38,15.11,$1.85B,$1.98B,0.93,$0.16B,$0.33B,0.47,$0.12B,$0.12B,93.55%,$0.12B,$0.04B,29.84%,$0.12B,0,0.00%,$0.12B,0,0.00%,$0.12B,$0.04B,29.03%,$0.12B,$0.02B,19.35%,$0.02B,$0.33B,7.06%,$0.02B,$0.23B,10.26%,$0.02B,$2.50B,0.97%,$0.04B,$0.49B,8.42%,$31,$2,$29,$0,$19,$21,$10,$-0,$9,$3,$6,$6,$6,$0,$0,$17,17,$0.36,$0.36,$44,$0,$0,$1848,$50,$395,$105,$97,$648,$2495,$1980,$156,$26,$181,$2161,$21,$163,$-3,$334,$2495,$12,$7,$1,$8,$-0,$0,$0,$0,$-0,$22,$4,$0,$0,$0,$40,$40,$-93,$-49,$50,$42,$92,$-19,$-19,$-5,$-49,$19,$-7,$0,$0
10,2016-03-31,18.31,$19.15,0.96,$6.82,2.68,$8.79,2.08,$1.35,13.56,$1.79B,$2.03B,0.88,$0.08B,$0.34B,0.24,$0.13B,$0.12B,92.80%,$0.13B,$0.04B,28.80%,$0.13B,0,0.00%,$0.13B,0,0.00%,$0.13B,$0.04B,28.80%,$0.13B,$0.02B,19.20%,$0.02B,$0.34B,7.00%,$0.02B,$0.23B,10.16%,$0.02B,$2.47B,0.97%,$0.04B,$0.42B,8.50%,$31,$2,$29,$0,$20,$22,$9,$-0,$9,$3,$6,$6,$6,$0,$0,$18,18,$0.34,$0.34,$40,$0,$0,$1788,$51,$411,$105,$116,$683,$2470,$2027,$81,$25,$105,$2133,$21,$159,$-6,$338,$2470,$6,$3,$1,$4,$0,$0,$0,$0,$0,$11,$3,$0,$0,$0,$25,$25,$-56,$-27,$-4,$18,$14,$-9,$-9,$-3,$1,$4,$-12,$0,$-3
11,2015-12-31,17.06,$18.95,0.9,$6.66,2.56,$8.95,1.91,$1.32,12.92,$1.74B,$2.01B,0.87,$0.08B,$0.34B,0.24,$0.13B,$0.12B,92.00%,$0.13B,$0.04B,28.80%,$0.13B,0,0.00%,$0.13B,0,0.00%,$0.13B,$0.04B,28.80%,$0.13B,$0.02B,19.20%,$0.02B,$0.34B,6.95%,$0.02B,$0.24B,10.06%,$0.02B,$2.46B,0.96%,$0.04B,$0.42B,8.32%,$31,$3,$29,$0,$19,$22,$9,$0,$9,$3,$6,$6,$6,$0,$0,$19,19,$0.34,$0.33,$52,$0,$0,$1744,$53,$439,$106,$121,$718,$2462,$2012,$81,$27,$107,$2119,$21,$156,$-5,$343,$2462,$25,$13,$0,$13,$2,$0,$0,$0,$2,$59,$5,$0,$-0,$0,$-54,$-54,$-22,$-71,$-12,$0,$-12,$-21,$-24,$-10,$-127,$-174,$-186,$0,$-10
12,2015-09-30,16.27,$18.83,0.86,$6.83,2.38,$8.16,1.99,$1.27,12.81,$1.74B,$2.03B,0.86,$0.08B,$0.35B,0.24,$0.13B,$0.12B,90.77%,$0.13B,$0.04B,28.46%,$0.13B,0,0.00%,$0.13B,0,0.00%,$0.13B,$0.04B,27.69%,$0.13B,$0.02B,17.69%,$0.02B,$0.35B,6.62%,$0.02B,$0.24B,9.57%,$0.02B,$2.48B,0.91%,$0.04B,$0.43B,8.39%,$31,$3,$29,$0,$19,$22,$9,$0,$9,$3,$6,$6,$6,$0,$0,$18,19,$0.34,$0.34,$62,$0,$0,$1739,$53,$455,$106,$125,$739,$2478,$2027,$81,$25,$106,$2133,$21,$152,$-4,$345,$2478,$18,$15,$1,$16,$2,$0,$0,$0,$2,$49,$4,$0,$-0,$0,$-72,$-72,$-5,$-73,$-26,$0,$-26,$-17,$-20,$-8,$-98,$-152,$-176,$0,$-7
13,2015-06-30,16.44,$18.48,0.89,$6.85,2.4,$7.76,2.12,$1.29,12.74,$1.75B,$2.04B,0.86,$0.08B,$0.35B,0.24,$0.13B,$0.12B,90.15%,$0.13B,$0.04B,29.55%,$0.13B,0,0.00%,$0.13B,0,0.00%,$0.13B,$0.04B,28.79%,$0.13B,$0.02B,18.18%,$0.02B,$0.35B,6.90%,$0.02B,$0.24B,9.98%,$0.02B,$2.49B,0.94%,$0.04B,$0.43B,8.59%,$32,$3,$29,$0,$20,$23,$9,$0,$9,$2,$6,$6,$6,$0,$0,$19,19,$0.33,$0.33,$93,$0,$0,$1747,$54,$449,$107,$136,$745,$2492,$2042,$81,$24,$105,$2147,$21,$148,$-6,$345,$2492,$12,$12,$4,$16,$1,$0,$0,$0,$1,$29,$2,$0,$-0,$0,$-70,$-70,$19,$-48,$-27,$0,$-27,$-11,$-14,$-5,$-81,$-126,$-145,$0,$-5
14,2015-03-31,15.69,$18.36,0.85,$6.88,2.28,$7.74,2.03,$1.32,11.89,$1.87B,$2.11B,0.89,$0.11B,$0.35B,0.3,$0.13B,$0.12B,89.55%,$0.13B,$0.04B,29.85%,$0.13B,0,0.00%,$0.13B,0,0.00%,$0.13B,$0.04B,29.10%,$0.13B,$0.03B,18.66%,$0.03B,$0.35B,7.20%,$0.03B,$0.24B,10.44%,$0.03B,$2.59B,0.97%,$0.04B,$0.45B,8.42%,$31,$3,$28,$0,$19,$22,$9,$-0,$9,$3,$6,$6,$6,$0,$0,$19,19,$0.31,$0.31,$207,$0,$0,$1865,$55,$424,$107,$134,$721,$2586,$2107,$106,$24,$130,$2238,$21,$145,$-5,$348,$2586,$6,$3,$2,$5,$1,$0,$0,$0,$1,$18,$1,$0,$-0,$0,$-39,$-39,$17,$-21,$-2,$-5,$-7,$-6,$-8,$-3,$-10,$-28,$-31,$0,$-2
15,2014-12-31,14.62,$19.09,0.77,$6.99,2.09,$7.52,1.95,$1.30,11.25,$1.92B,$2.12B,0.9,$0.11B,$0.34B,0.32,$0.14B,$0.12B,88.97%,$0.14B,$0.04B,28.68%,$0.14B,0,0.00%,$0.14B,0,0.00%,$0.14B,$0.04B,27.94%,$0.14B,$0.02B,17.65%,$0.02B,$0.35B,6.99%,$0.02B,$0.24B,10.18%,$0.02B,$2.61B,0.93%,$0.04B,$0.46B,8.02%,$36,$3,$32,$0,$22,$26,$10,$-1,$9,$3,$6,$6,$5,$0,$0,$18,19,$0.30,$0.30,$238,$0,$0,$1915,$56,$384,$107,$146,$693,$2608,$2123,$108,$26,$134,$2257,$21,$141,$-6,$351,$2608,$25,$10,$0,$10,$0,$0,$0,$0,$0,$42,$10,$0,$179,$0,$152,$152,$-59,$281,$-63,$-13,$-76,$-2,$-2,$-10,$-54,$-142,$181,$0,$-9
16,2014-09-30,12.59,$18.87,0.67,$6.79,1.85,$7.22,1.74,$1.27,9.91,$1.86B,$2.05B,0.91,$0.13B,$0.33B,0.4,$0.13B,$0.12B,88.81%,$0.13B,$0.04B,27.61%,$0.13B,0,0.00%,$0.13B,0,0.00%,$0.13B,$0.04B,27.61%,$0.13B,$0.02B,17.91%,$0.02B,$0.35B,7.10%,$0.02B,$0.24B,10.45%,$0.02B,$2.55B,0.93%,$0.04B,$0.48B,7.47%,$33,$4,$30,$0,$19,$22,$11,$-0,$11,$4,$7,$7,$7,$0,$0,$18,19,$0.37,$0.36,$106,$0,$0,$1855,$59,$383,$108,$145,$695,$2550,$2047,$131,$25,$156,$2203,$21,$138,$-6,$347,$2550,$20,$11,$7,$18,$1,$0,$0,$0,$1,$41,$7,$0,$-0,$0,$149,$149,$-61,$94,$-42,$-16,$-58,$-2,$-2,$-7,$-18,$-86,$49,$0,$-7
17,2014-06-30,12.51,$18.61,0.67,$6.72,1.86,$6.22,2.01,$1.17,10.69,$1.84B,$2.04B,0.9,$0.17B,$0.33B,0.51,$0.14B,$0.12B,87.50%,$0.14B,$0.03B,25.00%,$0.14B,0,0.00%,$0.14B,0,0.00%,$0.14B,$0.03B,25.00%,$0.14B,$0.02B,16.18%,$0.02B,$0.34B,6.49%,$0.02B,$0.23B,9.53%,$0.02B,$2.58B,0.84%,$0.03B,$0.51B,6.73%,$34,$4,$30,$0,$19,$23,$10,$0,$10,$3,$7,$7,$7,$0,$0,$18,19,$0.37,$0.36,$97,$0,$0,$1839,$59,$418,$108,$151,$736,$2575,$2043,$166,$24,$190,$2233,$21,$134,$-7,$342,$2575,$13,$8,$5,$13,$2,$0,$0,$0,$2,$26,$6,$0,$-0,$0,$113,$113,$-56,$63,$-0,$-14,$-14,$-2,$-2,$-5,$-28,$-49,$40,$0,$-4
18,2014-03-31,14.16,$18.16,0.78,$6.61,2.14,$5.31,2.67,$1.06,13.36,$1.80B,$2.09B,0.86,$0.17B,$0.32B,0.52,$0.14B,$0.12B,87.50%,$0.14B,$0.03B,23.53%,$0.14B,0,0.00%,$0.14B,0,0.00%,$0.14B,$0.03B,23.53%,$0.14B,$0.02B,14.71%,$0.02B,$0.33B,5.86%,$0.02B,$0.23B,8.57%,$0.02B,$2.61B,0.76%,$0.03B,$0.50B,6.31%,$33,$4,$29,$0,$21,$25,$8,$0,$8,$3,$6,$6,$5,$0,$0,$18,20,$0.30,$0.29,$79,$0,$0,$1795,$60,$492,$108,$155,$815,$2610,$2087,$166,$23,$189,$2276,$21,$129,$-11,$334,$2610,$6,$4,$3,$7,$0,$0,$0,$0,$0,$13,$2,$0,$0,$0,$35,$35,$-25,$12,$-6,$-16,$-22,$-2,$-2,$-2,$24,$-3,$22,$0,$-2
19,2013-12-31,14.35,$17.75,0.81,$6.59,2.18,$4.82,2.98,$1.10,13.04,$1.75B,$2.09B,0.84,$0.17B,$0.31B,0.53,$0.14B,$0.12B,87.05%,$0.14B,$0.04B,25.18%,$0.14B,0,0.00%,$0.14B,0,0.00%,$0.14B,$0.04B,25.18%,$0.14B,$0.02B,15.83%,$0.02B,$0.33B,6.33%,$0.02B,$0.22B,9.19%,$0.02B,$2.60B,0.83%,$0.04B,$0.50B,6.81%,$34,$4,$30,$0,$22,$27,$8,$0,$8,$2,$5,$5,$5,$0,$0,$20,21,$0.27,$0.25,$57,$0,$0,$1752,$61,$520,$108,$161,$851,$2603,$2085,$166,$23,$189,$2274,$20,$126,$-15,$329,$2603,$23,$12,$11,$23,$6,$0,$0,$0,$6,$45,$4,$0,$-1,$0,$-7,$-7,$3,$-1,$-12,$-2,$-13,$-28,$-28,$-10,$-79,$-132,$-88,$1,$-9
20,2013-09-30,13.95,$17.65,0.79,$6.93,2.01,$5.32,2.62,$1.23,11.34,$1.77B,$2.11B,0.84,$0.17B,$0.34B,0.49,$0.15B,$0.13B,86.90%,$0.15B,$0.04B,27.59%,$0.15B,0,0.00%,$0.15B,0,0.00%,$0.15B,$0.04B,26.90%,$0.15B,$0.03B,17.24%,$0.03B,$0.35B,7.05%,$0.03B,$0.24B,10.14%,$0.03B,$2.65B,0.93%,$0.04B,$0.52B,7.64%,$35,$4,$30,$0,$22,$27,$8,$0,$8,$3,$5,$5,$5,$0,$0,$20,21,$0.26,$0.26,$93,$0,$0,$1773,$64,$546,$108,$162,$880,$2653,$2111,$166,$25,$190,$2302,$20,$123,$-13,$351,$2653,$18,$5,$12,$17,$4,$0,$0,$0,$4,$29,$3,$0,$-0,$0,$-28,$-28,$24,$-1,$-33,$0,$-33,$-5,$-5,$-8,$-34,$-80,$-52,$0,$-7
21,2013-06-30,13.27,$17.54,0.76,$7.29,1.82,$6.22,2.13,$1.44,9.22,$1.76B,$2.11B,0.84,$0.17B,$0.34B,0.49,$0.15B,$0.13B,87.58%,$0.15B,$0.05B,31.37%,$0.15B,0,0.00%,$0.15B,0,0.00%,$0.15B,$0.05B,30.07%,$0.15B,$0.03B,19.61%,$0.03B,$0.35B,8.46%,$0.03B,$0.24B,12.16%,$0.03B,$2.65B,1.10%,$0.05B,$0.52B,9.12%,$34,$5,$30,$0,$22,$26,$8,$-0,$8,$3,$5,$5,$5,$0,$0,$20,21,$0.26,$0.26,$82,$0,$0,$1763,$64,$551,$108,$165,$888,$2651,$2110,$166,$23,$189,$2299,$20,$120,$-12,$352,$2651,$13,$3,$8,$11,$2,$0,$0,$0,$2,$14,$2,$0,$-0,$0,$-30,$-30,$27,$-2,$-12,$-15,$-26,$-2,$-2,$-5,$-41,$-75,$-63,$0,$-5
22,2013-03-31,13.31,$17.95,0.74,$7.30,1.82,$6.99,1.9,$1.39,9.58,$1.89B,$2.17B,0.87,$0.17B,$0.34B,0.49,$0.15B,$0.13B,86.84%,$0.15B,$0.05B,32.24%,$0.15B,0,0.00%,$0.15B,0,0.00%,$0.15B,$0.04B,28.95%,$0.15B,$0.03B,19.08%,$0.03B,$0.36B,8.23%,$0.03B,$0.25B,11.82%,$0.03B,$2.72B,1.05%,$0.05B,$0.53B,9.24%,$36,$5,$31,$0,$20,$25,$11,$-0,$11,$3,$7,$7,$7,$0,$0,$20,21,$0.34,$0.34,$167,$0,$0,$1888,$65,$538,$108,$121,$832,$2720,$2169,$166,$27,$193,$2362,$20,$117,$-3,$359,$2720,$7,$1,$3,$4,$4,$0,$0,$0,$4,$6,$-0,$0,$0,$0,$-3,$-3,$32,$29,$-26,$0,$-26,$-1,$-1,$-3,$17,$-13,$22,$0,$-2
23,2012-12-31,13.31,$17.77,0.75,$7.22,1.84,$7.82,1.7,$1.37,9.71,$1.86B,$2.17B,0.86,$0.18B,$0.34B,0.52,$0.15B,$0.13B,86.39%,$0.15B,$0.05B,31.97%,$0.15B,0,0.00%,$0.15B,0,0.00%,$0.15B,$0.04B,28.57%,$0.15B,$0.03B,19.05%,$0.03B,$0.36B,8.24%,$0.03B,$0.25B,11.75%,$0.03B,$2.73B,1.07%,$0.05B,$0.53B,9.07%,$40,$5,$35,$0,$22,$27,$13,$-1,$12,$4,$8,$8,$8,$0,$0,$19,20,$0.43,$0.42,$145,$0,$0,$1858,$65,$535,$108,$162,$871,$2729,$2166,$177,$29,$206,$2373,$20,$113,$-2,$356,$2729,$29,$7,$7,$14,$2,$0,$0,$0,$2,$57,$1,$0,$152,$0,$21,$21,$78,$252,$-26,$-13,$-39,$-1,$-1,$-9,$-162,$-212,$98,$0,$-8
24,2012-09-30,12.62,$17.52,0.72,$6.83,1.85,$8.08,1.56,$1.15,10.98,$1.96B,$2.21B,0.89,$0.18B,$0.33B,0.53,$0.14B,$0.12B,85.40%,$0.14B,$0.04B,28.47%,$0.14B,0,0.00%,$0.14B,0,0.00%,$0.14B,$0.04B,25.55%,$0.14B,$0.02B,16.79%,$0.02B,$0.35B,7.02%,$0.02B,$0.24B,9.97%,$0.02B,$2.77B,0.92%,$0.04B,$0.53B,7.76%,$43,$5,$38,$0,$21,$27,$16,$-1,$15,$5,$10,$10,$10,$0,$0,$20,21,$0.49,$0.47,$165,$0,$0,$1963,$62,$518,$108,$119,$807,$2770,$2211,$177,$30,$207,$2418,$20,$107,$-1,$352,$2770,$20,$5,$8,$13,$4,$0,$0,$0,$4,$48,$3,$0,$153,$0,$39,$39,$39,$234,$-28,$0,$-28,$0,$0,$-7,$-129,$-163,$118,$0,$-6
25,2012-06-30,11.85,$17.08,0.69,$6.45,1.84,$7.74,1.53,$0.96,12.34,$2.00B,$2.25B,0.89,$0.19B,$0.32B,0.6,$0.13B,$0.11B,84.00%,$0.13B,$0.03B,24.80%,$0.13B,0,0.00%,$0.13B,0,0.00%,$0.13B,$0.03B,22.40%,$0.13B,$0.02B,14.40%,$0.02B,$0.34B,5.71%,$0.02B,$0.24B,8.04%,$0.02B,$2.81B,0.77%,$0.03B,$0.53B,6.35%,$33,$5,$28,$0,$18,$23,$9,$-3,$6,$2,$4,$4,$4,$0,$0,$19,20,$0.20,$0.20,$156,$0,$0,$1999,$61,$528,$103,$120,$812,$2810,$2254,$193,$22,$215,$2469,$20,$99,$-4,$342,$2810,$10,$3,$3,$7,$4,$0,$0,$0,$4,$28,$2,$0,$153,$0,$26,$26,$4,$184,$-12,$0,$-12,$0,$0,$-4,$-87,$-103,$109,$0,$-4
26,2012-03-31,10.88,$17.37,0.63,$6.69,1.63,$7.68,1.42,$1.07,10.17,$1.48B,$1.70B,0.87,$0.17B,$0.29B,0.57,$0.13B,$0.11B,83.46%,$0.13B,$0.03B,23.62%,$0.13B,0,0.00%,$0.13B,0,0.00%,$0.13B,$0.03B,23.62%,$0.13B,$0.02B,15.75%,$0.02B,$0.31B,6.55%,$0.02B,$0.22B,9.21%,$0.02B,$2.20B,0.91%,$0.03B,$0.48B,6.36%,$31,$5,$26,$0,$17,$22,$9,$-0,$9,$3,$6,$6,$6,$0,$0,$18,19,$0.32,$0.31,$110,$0,$0,$1480,$55,$481,$87,$101,$724,$2203,$1704,$166,$23,$189,$1893,$18,$98,$-7,$310,$2203,$6,$2,$2,$3,$3,$0,$0,$0,$3,$20,$1,$0,$0,$0,$4,$4,$8,$13,$-5,$0,$-5,$0,$0,$-2,$36,$29,$62,$0,$-2
27,2011-12-31,10.08,$17.13,0.59,$6.99,1.44,$7.27,1.39,$1.08,9.34,$1.43B,$1.67B,0.85,$0.17B,$0.29B,0.58,$0.13B,$0.11B,83.08%,$0.13B,$0.03B,22.31%,$0.13B,0,0.00%,$0.13B,0,0.00%,$0.13B,$0.03B,22.31%,$0.13B,$0.02B,15.38%,$0.02B,$0.31B,6.72%,$0.02B,$0.22B,9.60%,$0.02B,$2.17B,0.91%,$0.03B,$0.47B,6.26%,$30,$5,$25,$0,$18,$24,$5,$0,$5,$2,$3,$3,$3,$0,$0,$18,19,$0.17,$0.16,$47,$0,$0,$1429,$55,$486,$87,$108,$736,$2165,$1673,$166,$20,$186,$1859,$18,$94,$-7,$306,$2165,$20,$8,$11,$19,$0,$0,$0,$0,$0,$54,$4,$0,$1,$0,$10,$10,$-29,$-14,$-37,$0,$-37,$-1,$18,$-8,$-77,$-105,$-65,$0,$-7
28,2011-09-30,8.18,$17.02,0.48,$7.48,1.09,$7.52,1.09,$1.18,6.93,$1.51B,$1.73B,0.87,$0.17B,$0.29B,0.58,$0.14B,$0.11B,82.48%,$0.14B,$0.03B,22.63%,$0.14B,0,0.00%,$0.14B,0,0.00%,$0.14B,$0.03B,22.63%,$0.14B,$0.02B,16.06%,$0.02B,$0.30B,7.63%,$0.02B,$0.22B,11.08%,$0.02B,$2.22B,0.99%,$0.03B,$0.47B,6.73%,$31,$5,$26,$0,$18,$23,$8,$0,$8,$3,$5,$5,$5,$0,$0,$18,19,$0.28,$0.28,$148,$0,$0,$1506,$55,$453,$88,$118,$714,$2220,$1730,$166,$20,$186,$1916,$18,$92,$-8,$304,$2220,$17,$5,$7,$12,$3,$0,$0,$0,$3,$36,$3,$0,$2,$0,$43,$43,$-3,$45,$-27,$0,$-27,$-0,$18,$-6,$-30,$-45,$36,$0,$-5
29,2011-06-30,11.11,$16.87,0.66,$7.92,1.4,$8.08,1.37,$1.27,8.75,$1.59B,$1.72B,0.92,$0.17B,$0.28B,0.59,$0.14B,$0.12B,81.82%,$0.14B,$0.03B,21.68%,$0.14B,0,0.00%,$0.14B,0,0.00%,$0.14B,$0.03B,21.68%,$0.14B,$0.02B,16.78%,$0.02B,$0.30B,8.54%,$0.02B,$0.21B,12.61%,$0.02B,$2.21B,1.07%,$0.03B,$0.47B,6.75%,$35,$6,$29,$0,$21,$26,$8,$0,$8,$3,$6,$6,$6,$0,$0,$18,19,$0.31,$0.31,$231,$0,$0,$1585,$56,$354,$90,$121,$621,$2206,$1717,$166,$21,$187,$1904,$18,$89,$-7,$302,$2206,$11,$3,$6,$9,$5,$0,$0,$0,$5,$26,$2,$0,$0,$0,$143,$143,$3,$147,$-29,$0,$-29,$0,$19,$-4,$-41,$-55,$118,$0,$-4
30,2011-03-31,11.18,$15.53,0.72,$8.02,1.39,$8.74,1.28,$1.25,8.94,$1.54B,$1.78B,0.86,$0.17B,$0.28B,0.6,$0.14B,$0.12B,80.42%,$0.14B,$0.03B,20.98%,$0.14B,0,0.00%,$0.14B,0,0.00%,$0.14B,$0.03B,20.98%,$0.14B,$0.02B,16.08%,$0.02B,$0.28B,8.44%,$0.02B,$0.19B,12.67%,$0.02B,$2.24B,1.02%,$0.03B,$0.44B,6.54%,$34,$6,$28,$0,$19,$26,$8,$0,$8,$2,$6,$6,$6,$0,$0,$18,18,$0.32,$0.32,$175,$0,$0,$1535,$56,$435,$90,$124,$706,$2241,$1776,$166,$20,$187,$1963,$18,$85,$-9,$278,$2241,$6,$2,$1,$3,$2,$0,$0,$0,$2,$13,$-1,$0,$0,$0,$56,$56,$8,$63,$-25,$-1,$-27,$0,$0,$-2,$16,$-13,$63,$0,$-2
31,2010-12-31,11.69,$15.11,0.77,$8.09,1.45,$9.26,1.26,$1.23,9.5,$1.48B,$1.76B,0.84,$0.19B,$0.27B,0.71,$0.14B,$0.11B,79.17%,$0.14B,$0.03B,20.14%,$0.14B,0,0.00%,$0.14B,0,0.00%,$0.14B,$0.03B,20.14%,$0.14B,$0.02B,15.28%,$0.02B,$0.27B,8.19%,$0.02B,$0.18B,12.38%,$0.02B,$2.24B,0.97%,$0.03B,$0.46B,6.27%,$37,$7,$30,$0,$22,$30,$7,$0,$7,$2,$5,$5,$5,$0,$0,$18,18,$0.27,$0.27,$112,$0,$0,$1484,$56,$485,$91,$128,$760,$2244,$1762,$191,$21,$213,$1974,$18,$81,$-12,$270,$2244,$22,$7,$22,$29,$8,$0,$0,$0,$8,$58,$1,$0,$-1,$0,$17,$17,$-12,$6,$-21,$0,$-21,$0,$0,$-7,$-25,$-53,$11,$0,$-7
32,2010-09-30,10.02,$15.37,0.65,$4.49,2.23,$6.67,1.5,$-0.99,0.0,$1.52B,$1.81B,0.84,$0.19B,$0.27B,0.7,$0.08B,$0.05B,63.10%,$0.08B,$-0.03B,-40.48%,$0.08B,0,0.00%,$0.08B,0,0.00%,$0.08B,$-0.03B,-40.48%,$0.08B,$-0.02B,-21.43%,$-0.02B,$0.27B,-6.81%,$-0.02B,$0.18B,-10.39%,$-0.02B,$2.30B,-0.79%,$-0.03B,$0.47B,-7.40%,$37,$7,$30,$0,$21,$28,$8,$0,$8,$2,$7,$7,$7,$0,$0,$18,18,$0.37,$0.37,$132,$0,$0,$1515,$56,$487,$91,$149,$783,$2297,$1811,$191,$21,$213,$2023,$18,$78,$-4,$274,$2297,$17,$4,$6,$10,$9,$0,$0,$0,$9,$49,$-2,$0,$-1,$0,$1,$1,$-14,$-16,$-8,$-0,$-8,$0,$0,$-5,$11,$-2,$30,$0,$-5
33,2010-06-30,11.33,$15.05,0.75,$2.99,3.78,$5.19,2.18,$-2.07,0.0,$1.46B,$1.76B,0.83,$0.20B,$0.27B,0.73,$0.06B,$0.02B,40.35%,$0.06B,$-0.06B,-108.77%,$0.06B,0,0.00%,$0.06B,0,0.00%,$0.06B,$-0.06B,-110.53%,$0.06B,$-0.04B,-66.67%,$-0.04B,$0.27B,-14.49%,$-0.04B,$0.18B,-22.19%,$-0.04B,$2.25B,-1.67%,$-0.06B,$0.46B,-13.49%,$35,$8,$27,$0,$20,$28,$7,$0,$7,$2,$5,$5,$5,$0,$0,$18,18,$0.29,$0.29,$77,$0,$0,$1461,$56,$509,$91,$129,$785,$2247,$1761,$196,$22,$218,$1979,$18,$74,$-5,$268,$2247,$10,$3,$6,$9,$10,$0,$0,$0,$10,$39,$-1,$0,$0,$0,$-2,$-2,$-15,$-19,$-3,$-6,$-9,$0,$0,$-4,$-33,$-45,$-25,$0,$-4
34,2010-03-31,9.49,$14.78,0.64,$3.51,2.7,$4.33,2.19,$-2.13,0.0,$1.47B,$1.80B,0.82,$0.20B,$0.26B,0.75,$0.05B,$0.02B,33.33%,$0.05B,$-0.07B,-122.22%,$0.05B,0,0.00%,$0.05B,0,0.00%,$0.05B,$-0.07B,-124.07%,$0.05B,$-0.04B,-75.93%,$-0.04B,$0.26B,-15.40%,$-0.04B,$0.17B,-23.36%,$-0.04B,$2.28B,-1.81%,$-0.07B,$0.46B,-14.29%,$35,$8,$27,$0,$19,$28,$7,$0,$7,$2,$5,$5,$5,$0,$0,$18,18,$0.30,$0.30,$88,$0,$0,$1467,$57,$531,$91,$135,$814,$2281,$1800,$196,$22,$218,$2018,$18,$72,$-8,$263,$2281,$5,$1,$4,$5,$10,$0,$0,$0,$10,$22,$-1,$0,$0,$0,$-30,$-30,$-1,$-31,$-3,$-9,$-12,$0,$0,$-2,$10,$-4,$-14,$0,$-2
35,2009-12-31,9.16,$14.20,0.65,$4.57,2.0,$3.92,2.34,$-2.03,0.0,$1.49B,$1.80B,0.83,$0.20B,$0.25B,0.79,$0.05B,$0.02B,29.63%,$0.05B,$-0.07B,-120.37%,$0.05B,0,0.00%,$0.05B,0,0.00%,$0.05B,$-0.07B,-122.22%,$0.05B,$-0.04B,-75.93%,$-0.04B,$0.25B,-16.08%,$-0.04B,$0.16B,-24.92%,$-0.04B,$2.27B,-1.83%,$-0.07B,$0.45B,-14.26%,$-23,$9,$-31,$0,$25,$34,$-56,$-0,$-56,$-22,$-35,$-35,$-35,$0,$0,$15,15,$-2.57,$-2.57,$101,$0,$0,$1491,$57,$494,$91,$141,$782,$2273,$1800,$199,$22,$221,$2021,$18,$67,$-14,$252,$2273,$-39,$6,$74,$80,$-6,$0,$0,$0,$-6,$15,$-4,$0,$22,$0,$27,$27,$19,$63,$-25,$-12,$-37,$62,$20,$-6,$-0,$-24,$55,$0,$-5
36,2009-09-30,9.52,$15.02,0.63,$6.53,1.46,$5.65,1.68,$-1.37,0.0,$1.45B,$1.81B,0.8,$0.20B,$0.27B,0.75,$0.08B,$0.04B,50.00%,$0.08B,$-0.03B,-41.46%,$0.08B,0,0.00%,$0.08B,0,0.00%,$0.08B,$-0.04B,-42.68%,$0.08B,$-0.02B,-25.61%,$-0.02B,$0.27B,-8.50%,$-0.02B,$0.18B,-13.38%,$-0.02B,$2.30B,-0.95%,$-0.03B,$0.46B,-7.52%,$10,$10,$0,$0,$20,$30,$-20,$-2,$-21,$-10,$-12,$-12,$-13,$0,$0,$17,17,$-0.72,$-0.72,$55,$0,$0,$1448,$58,$583,$90,$119,$850,$2298,$1809,$199,$24,$223,$2033,$18,$103,$-35,$266,$2298,$-4,$5,$18,$23,$1,$0,$0,$0,$1,$23,$-4,$0,$21,$0,$-40,$-40,$20,$-3,$-25,$-19,$-44,$62,$20,$-4,$16,$-12,$9,$0,$-3
37,2009-06-30,9.61,$16.77,0.57,$9.08,1.06,$6.60,1.45,$-0.25,0.0,$1.41B,$1.70B,0.83,$0.19B,$0.24B,0.79,$0.11B,$0.07B,61.32%,$0.11B,$-0.01B,-7.55%,$0.11B,0,0.00%,$0.11B,0,0.00%,$0.11B,$-0.01B,-7.55%,$0.11B,$-0.00B,-2.83%,$-0.00B,$0.28B,-1.34%,$-0.00B,$0.19B,-2.17%,$-0.00B,$2.20B,-0.14%,$-0.01B,$0.47B,-1.85%,$32,$10,$22,$0,$18,$28,$3,$-0,$3,$1,$2,$2,$2,$0,$0,$13,13,$0.14,$0.14,$144,$0,$0,$1407,$55,$530,$90,$122,$796,$2203,$1701,$191,$28,$218,$1920,$17,$117,$-62,$284,$2203,$8,$3,$6,$9,$1,$0,$0,$0,$1,$18,$-2,$0,$0,$0,$-6,$-6,$22,$14,$-25,$-12,$-37,$62,$62,$-2,$44,$66,$98,$0,$-1
38,2009-03-31,8.66,$18.77,0.46,$9.77,0.89,$6.36,1.36,$0.08,108.25,$1.37B,$1.74B,0.79,$0.22B,$0.18B,1.22,$0.11B,$0.07B,61.47%,$0.11B,$-0.00B,-1.83%,$0.11B,0,0.00%,$0.11B,0,0.00%,$0.11B,$-0.00B,-1.83%,$0.11B,$0.00B,0.92%,$0.00B,$0.22B,0.50%,$0.00B,$0.13B,0.83%,$0.00B,$2.20B,0.05%,$-0.00B,$0.43B,-0.48%,$35,$10,$25,$0,$17,$28,$8,$-0,$8,$2,$5,$5,$5,$0,$0,$12,12,$0.40,$0.40,$101,$0,$0,$1371,$55,$558,$89,$125,$828,$2199,$1737,$216,$28,$244,$1981,$12,$118,$-66,$218,$2199,$5,$2,$2,$3,$1,$0,$0,$0,$1,$10,$-1,$0,$0,$0,$-40,$-40,$18,$-23,$-0,$-12,$-12,$0,$0,$-1,$80,$67,$55,$0,$0
39,2008-12-31,25.88,$19.05,1.36,$10.22,2.53,$6.33,4.09,$0.25,103.5,$1.34B,$1.67B,0.8,$0.22B,$0.18B,1.2,$0.11B,$0.07B,60.18%,$0.11B,$-0.00B,-0.88%,$0.11B,0,0.00%,$0.11B,0,0.00%,$0.11B,$-0.00B,-0.88%,$0.11B,$0.00B,1.77%,$0.00B,$0.22B,1.00%,$0.00B,$0.13B,1.62%,$0.00B,$2.13B,0.10%,$-0.00B,$0.44B,-0.23%,$5,$11,$-6,$0,$19,$30,$-25,$0,$-25,$-10,$-15,$-15,$-15,$0,$0,$11,11,$-1.41,$-1.39,$46,$0,$0,$1340,$55,$529,$90,$120,$794,$2133,$1670,$216,$27,$243,$1913,$12,$107,$-53,$220,$2133,$2,$4,$27,$31,$3,$0,$0,$-3,$0,$34,$-6,$0,$-5,$0,$52,$52,$58,$100,$-76,$-60,$-136,$-4,$38,$-12,$-29,$-140,$-6,$0,$-12
40,2008-09-30,27.58,$15.58,1.77,$13.34,2.07,$5.81,4.75,$2.23,12.37,$1.22B,$1.56B,0.78,$0.22B,$0.17B,1.27,$0.15B,$0.10B,66.89%,$0.15B,$0.04B,24.32%,$0.15B,0,0.00%,$0.15B,0,0.00%,$0.15B,$0.04B,23.65%,$0.15B,$0.03B,16.89%,$0.03B,$0.17B,12.59%,$0.03B,$0.10B,19.65%,$0.03B,$1.97B,1.21%,$0.04B,$0.39B,8.06%,$34,$10,$24,$0,$18,$28,$6,$0,$6,$2,$5,$5,$5,$0,$0,$11,11,$0.42,$0.41,$54,$0,$0,$1217,$51,$522,$72,$106,$750,$1967,$1559,$217,$20,$237,$1797,$11,$125,$-57,$171,$1967,$17,$3,$2,$5,$4,$0,$0,$0,$4,$29,$-6,$0,$0,$0,$73,$73,$55,$122,$-75,$-16,$-91,$-4,$-4,$-9,$-45,$-150,$1,$0,$-9
41,2008-06-30,20.55,$17.95,1.14,$13.67,1.5,$4.60,4.47,$2.47,8.32,$1.24B,$1.62B,0.76,$0.22B,$0.20B,1.1,$0.15B,$0.10B,64.05%,$0.15B,$0.04B,26.14%,$0.15B,0,0.00%,$0.15B,0,0.00%,$0.15B,$0.04B,25.49%,$0.15B,$0.03B,17.65%,$0.03B,$0.20B,12.86%,$0.03B,$0.13B,19.35%,$0.03B,$2.05B,1.28%,$0.04B,$0.41B,8.39%,$35,$11,$24,$0,$16,$27,$9,$0,$9,$2,$6,$6,$6,$0,$0,$11,11,$0.57,$0.56,$55,$0,$0,$1235,$50,$609,$71,$89,$819,$2054,$1622,$217,$19,$236,$1857,$11,$123,$-30,$197,$2054,$13,$2,$-1,$1,$2,$0,$0,$0,$2,$15,$-4,$0,$0,$0,$32,$32,$44,$73,$-75,$56,$-19,$-4,$-4,$-6,$-56,$-85,$3,$0,$-6
42,2008-03-31,26.3,$18.98,1.39,$13.81,1.9,$3.94,6.68,$2.57,10.23,$1.26B,$1.57B,0.8,$0.27B,$0.21B,1.28,$0.16B,$0.10B,62.18%,$0.16B,$0.04B,26.28%,$0.16B,0,0.00%,$0.16B,0,0.00%,$0.16B,$0.04B,25.64%,$0.16B,$0.03B,17.95%,$0.03B,$0.21B,13.04%,$0.03B,$0.14B,19.08%,$0.03B,$2.07B,1.31%,$0.04B,$0.48B,8.19%,$39,$13,$26,$0,$16,$30,$9,$0,$9,$3,$6,$6,$6,$0,$0,$11,11,$0.57,$0.57,$77,$0,$0,$1256,$49,$611,$71,$78,$809,$2065,$1567,$267,$22,$289,$1856,$11,$120,$-16,$209,$2065,$6,$1,$-2,$-1,$1,$0,$0,$0,$1,$10,$-2,$0,$0,$0,$54,$54,$46,$98,$-27,$-18,$-45,$-2,$-2,$-3,$-34,$-84,$24,$0,$-3
43,2007-12-31,22.85,$19.61,1.17,$13.49,1.69,$3.67,6.23,$2.63,8.69,$1.28B,$1.62B,0.79,$0.29B,$0.22B,1.35,$0.15B,$0.09B,60.78%,$0.15B,$0.04B,27.45%,$0.15B,0,0.00%,$0.15B,0,0.00%,$0.15B,$0.04B,26.80%,$0.15B,$0.03B,18.95%,$0.03B,$0.22B,13.36%,$0.03B,$0.15B,19.17%,$0.03B,$2.15B,1.35%,$0.04B,$0.51B,8.68%,$40,$15,$25,$0,$13,$28,$12,$0,$11,$3,$8,$8,$8,$0,$0,$11,11,$0.70,$0.68,$53,$0,$0,$1279,$48,$676,$70,$77,$871,$2150,$1619,$292,$21,$313,$1933,$11,$118,$-7,$217,$2150,$30,$4,$1,$5,$-0,$0,$0,$3,$2,$37,$-15,$0,$-5,$0,$-167,$-167,$57,$-130,$93,$17,$110,$-8,$-8,$-12,$-1,$89,$-5,$0,$-12
44,2007-09-30,25.75,$19.43,1.33,$13.16,1.96,$4.36,5.91,$2.62,9.83,$1.30B,$1.65B,0.79,$0.29B,$0.22B,1.34,$0.15B,$0.09B,61.07%,$0.15B,$0.04B,26.85%,$0.15B,0,0.00%,$0.15B,0,0.00%,$0.15B,$0.04B,27.52%,$0.15B,$0.03B,19.46%,$0.03B,$0.22B,13.43%,$0.03B,$0.15B,19.05%,$0.03B,$2.18B,1.37%,$0.04B,$0.51B,8.71%,$39,$16,$23,$0,$13,$28,$10,$0,$10,$3,$7,$7,$7,$0,$0,$11,11,$0.65,$0.65,$59,$0,$0,$1301,$47,$684,$69,$74,$874,$2175,$1645,$292,$20,$312,$1957,$11,$113,$-6,$217,$2175,$22,$3,$0,$3,$-3,$0,$0,$0,$-3,$22,$-12,$0,$-5,$0,$-170,$-170,$44,$-142,$94,$33,$127,$-4,$-4,$-9,$8,$122,$2,$0,$-9
45,2007-06-30,21.99,$19.25,1.14,$12.85,1.71,$5.40,4.07,$2.61,8.42,$1.32B,$1.64B,0.8,$0.29B,$0.22B,1.35,$0.15B,$0.09B,62.76%,$0.15B,$0.04B,27.59%,$0.15B,0,0.00%,$0.15B,0,0.00%,$0.15B,$0.04B,28.28%,$0.15B,$0.03B,20.00%,$0.03B,$0.22B,13.60%,$0.03B,$0.15B,19.14%,$0.03B,$2.17B,1.39%,$0.04B,$0.51B,9.24%,$38,$15,$23,$0,$12,$27,$10,$0,$10,$3,$7,$7,$7,$0,$0,$11,11,$0.66,$0.66,$74,$0,$0,$1318,$42,$672,$62,$74,$850,$2169,$1640,$291,$21,$312,$1952,$11,$109,$-4,$216,$2169,$15,$2,$-0,$2,$-2,$0,$0,$0,$-2,$11,$-7,$0,$0,$0,$-152,$-152,$41,$-118,$94,$9,$103,$-1,$-1,$-6,$27,$123,$17,$0,$-6
46,2007-03-31,27.25,$19.33,1.41,$12.69,2.15,$6.38,4.27,$2.60,10.48,$1.32B,$1.69B,0.78,$0.19B,$0.22B,0.88,$0.14B,$0.09B,64.34%,$0.14B,$0.04B,27.97%,$0.14B,0,0.00%,$0.14B,0,0.00%,$0.14B,$0.04B,28.67%,$0.14B,$0.03B,20.28%,$0.03B,$0.22B,13.89%,$0.03B,$0.16B,19.69%,$0.03B,$2.12B,1.43%,$0.04B,$0.41B,9.84%,$36,$14,$22,$0,$12,$26,$10,$0,$10,$3,$7,$7,$7,$0,$0,$11,11,$0.63,$0.63,$59,$0,$0,$1317,$38,$632,$62,$66,$799,$2116,$1685,$193,$21,$213,$1898,$11,$104,$0,$218,$2116,$7,$1,$0,$1,$0,$0,$0,$0,$0,$8,$-2,$0,$0,$0,$-103,$-103,$26,$-80,$-5,$56,$51,$0,$0,$-3,$25,$74,$2,$0,$-3
47,2006-12-31,27.43,$18.92,1.45,$12.54,2.19,$6.67,4.11,$2.58,10.63,$1.34B,$1.60B,0.84,$0.20B,$0.21B,0.93,$0.14B,$0.09B,65.96%,$0.14B,$0.04B,27.66%,$0.14B,0,0.00%,$0.14B,0,0.00%,$0.14B,$0.04B,28.37%,$0.14B,$0.03B,20.57%,$0.03B,$0.21B,14.27%,$0.03B,$0.15B,20.42%,$0.03B,$2.03B,1.45%,$0.04B,$0.41B,9.65%,$36,$13,$23,$0,$13,$26,$10,$0,$11,$3,$8,$8,$8,$0,$0,$11,11,$0.68,$0.67,$58,$0,$0,$1341,$37,$528,$62,$65,$693,$2034,$1604,$198,$20,$217,$1821,$11,$100,$0,$213,$2034,$29,$4,$2,$7,$-1,$0,$0,$1,$-0,$35,$-5,$0,$-22,$0,$-98,$-98,$16,$-109,$68,$3,$71,$-3,$-3,$-12,$19,$75,$0,$0,$-12
