,Date,Stock Price,Book Value per Share,Price to Book Ratio,TTM Sales per Share,Price to Sales Ratio,TTM FCF per Share,Price to FCF Ratio,TTM Net EPS,PE Ratio,Current Assets,Current Liabilities,Current Ratio,Long Term Debt,Shareholder's Equity_x,Debt to Equity Ratio,TTM Revenue_x,TTM Gross Profit,Gross Margin,TTM Revenue_y,TTM Operating Income,Operating Margin,TTM Revenue_x,TTM EBIT,EBIT Margin,TTM Revenue_y,TTM EBITDA,EBITDA Margin,TTM Revenue_x,TTM Pre-Tax Income,Pre-Tax Margin,TTM Revenue_y,TTM Net Income_x,Net Margin,TTM Net Income_y,Shareholder's Equity_y,Return on Equity,TTM Net Income_x,Tangible Equity,Return on Tangible Equity,TTM Net Income_y,Total Assets,Return on Assets,TTM Net Income,LT Investments & Debt,Return on Investment,revenue,cost-goods-sold,gross-profit,research-development-expenses,selling-general-administrative-expenses,operating-expenses,operating-income,total-non-operating-income-expense,pre-tax-income,total-provision-income-taxes,income-after-taxes,income-from-continuous-operations,net-income,ebitda,ebit,basic-shares-outstanding,shares-outstanding,eps-basic-net-earnings-per-share,eps-earnings-per-share-diluted,cash-on-hand,inventory,other-current-assets,total-current-assets,net-property-plant-equipment,long-term-investments,goodwill-intangible-assets-total,other-long-term-assets,total-long-term-assets,total-assets,total-current-liabilities,long-term-debt,other-non-current-liabilities,total-long-term-liabilities,total-liabilities,common-stock-net,retained-earnings-accumulated-deficit,comprehensive-income,total-share-holder-equity,total-liabilities-share-holders-equity,net-income-loss,total-depreciation-amortization-cash-flow,other-non-cash-items,total-non-cash-items,change-in-accounts-receivable,change-in-inventories,change-in-accounts-payable,change-in-assets-liabilities,total-change-in-assets-liabilities,cash-flow-from-operating-activities,net-change-in-property-plant-equipment,net-change-in-intangible-assets,net-acquisitions-divestitures,net-change-in-short-term-investments,net-change-in-long-term-investments,net-change-in-investments-total,investing-activities-other,cash-flow-from-investing-activities,net-long-term-debt,net-current-debt,debt-issuance-retirement-net-total,net-common-equity-issued-repurchased,net-total-equity-issued-repurchased,total-common-preferred-stock-dividends-paid,financial-activities-other,cash-flow-from-financial-activities,net-cash-flow,stock-based-compensation,common-stock-dividends-paid
0,2018-06-30,25.0,$14.07,1.78,$6.34,3.95,$4.98,5.02,$1.09,22.93,$0.73B,$0.96B,0.76,$0.02B,$0.11B,0.14,$0.05B,$0.04B,95.65%,$0.05B,$0.01B,28.26%,$0.05B,0,0.00%,$0.05B,0,0.00%,$0.05B,$0.01B,26.09%,$0.05B,$0.01B,19.57%,$0.01B,$0.11B,8.89%,$0.01B,$0.09B,10.34%,$0.01B,$1.09B,0.87%,$0.01B,$0.12B,10.46%,$13,$1,$12,$0,$8,$9,$4,$0,$4,$1,$3,$3,$3,$0,$0,$8,8,$0.40,$0.39,$45,$0,$0,$730,$35,$274,$17,$37,$362,$1092,$962,$15,$8,$24,$985,$8,$8,$-4,$107,$1092,$6,$2,$0,$2,$-2,$0,$0,$1,$-2,$7,$1,$0,$0,$1,$5,$5,$-37,$-31,$-14,$9,$-5,$0,$0,$-2,$45,$39,$14,$0,$-2
1,2018-03-31,22.71,$13.88,1.64,$6.21,3.66,$5.29,4.29,$0.94,24.16,$0.71B,$0.94B,0.75,$0.02B,$0.11B,0.14,$0.04B,$0.04B,97.67%,$0.04B,$0.01B,25.58%,$0.04B,0,0.00%,$0.04B,0,0.00%,$0.04B,$0.01B,23.26%,$0.04B,$0.01B,18.60%,$0.01B,$0.11B,8.36%,$0.01B,$0.09B,9.50%,$0.01B,$1.07B,0.81%,$0.01B,$0.12B,8.92%,$12,$1,$11,$0,$8,$9,$3,$0,$3,$1,$3,$3,$3,$0,$0,$8,8,$0.36,$0.35,$39,$0,$0,$709,$35,$273,$17,$37,$361,$1071,$942,$15,$8,$23,$965,$8,$6,$-3,$105,$1071,$3,$1,$0,$1,$-3,$0,$0,$-0,$-3,$1,$1,$0,$0,$0,$8,$8,$-22,$-13,$-14,$3,$-11,$0,$0,$-1,$32,$20,$8,$0,$-1
2,2017-12-31,22.31,$13.93,1.6,$6.09,3.66,$6.11,3.65,$0.85,26.25,$0.68B,$0.91B,0.75,$0.03B,$0.11B,0.28,$0.04B,$0.04B,97.56%,$0.04B,$0.01B,24.39%,$0.04B,0,0.00%,$0.04B,0,0.00%,$0.04B,$0.01B,21.95%,$0.04B,$0.01B,17.07%,$0.01B,$0.11B,7.76%,$0.01B,$0.09B,8.59%,$0.01B,$1.05B,0.74%,$0.01B,$0.14B,8.23%,$11,$1,$11,$0,$8,$9,$3,$-1,$2,$2,$1,$1,$1,$0,$0,$7,7,$0.05,$0.05,$31,$0,$0,$677,$36,$284,$17,$36,$374,$1051,$908,$29,$8,$37,$945,$8,$4,$-0,$106,$1051,$6,$5,$0,$6,$0,$0,$0,$6,$7,$18,$-3,$0,$22,$0,$30,$30,$-41,$9,$-10,$-1,$-11,$-0,$-0,$-2,$-5,$-19,$9,$0,$-2
3,2017-09-30,20.11,$12.91,1.56,$5.90,3.41,$4.50,4.47,$1.04,19.33,$0.60B,$0.79B,0.76,$0.03B,$0.09B,0.37,$0.04B,$0.04B,95.00%,$0.04B,$0.01B,22.50%,$0.04B,0,0.00%,$0.04B,0,0.00%,$0.04B,$0.01B,22.50%,$0.04B,$0.01B,20.00%,$0.01B,$0.09B,9.50%,$0.01B,$0.08B,10.22%,$0.01B,$0.91B,0.87%,$0.01B,$0.12B,7.63%,$10,$1,$10,$0,$7,$8,$3,$-0,$3,$1,$2,$2,$2,$0,$0,$7,7,$0.28,$0.28,$27,$0,$0,$596,$31,$249,$6,$32,$318,$914,$788,$32,$8,$40,$828,$7,$4,$-0,$87,$914,$5,$4,$0,$4,$-0,$0,$0,$4,$4,$13,$-3,$0,$0,$0,$24,$24,$-21,$-0,$-7,$-2,$-9,$-0,$-0,$-2,$3,$-8,$5,$0,$-2
4,2017-06-30,20.56,$12.69,1.62,$5.83,3.53,$4.00,5.13,$1.01,20.36,$0.59B,$0.79B,0.75,$0.03B,$0.09B,0.39,$0.04B,$0.04B,92.50%,$0.04B,$0.01B,20.00%,$0.04B,0,0.00%,$0.04B,0,0.00%,$0.04B,$0.01B,20.00%,$0.04B,$0.01B,20.00%,$0.01B,$0.09B,9.58%,$0.01B,$0.08B,10.32%,$0.01B,$0.92B,0.87%,$0.01B,$0.12B,6.77%,$10,$1,$10,$0,$7,$8,$2,$-0,$2,$1,$2,$2,$2,$0,$0,$7,7,$0.25,$0.24,$34,$0,$0,$589,$31,$259,$6,$31,$326,$915,$790,$33,$7,$40,$830,$7,$3,$-0,$85,$915,$3,$3,$0,$3,$-1,$0,$0,$5,$4,$10,$-2,$0,$0,$0,$14,$14,$-6,$6,$-6,$-2,$-9,$-0,$-0,$-1,$7,$-3,$12,$0,$-1
5,2017-03-31,21.44,$12.41,1.73,$5.74,3.73,$2.71,7.91,$1.03,20.82,$0.58B,$0.80B,0.74,$0.03B,$0.08B,0.37,$0.04B,$0.04B,90.00%,$0.04B,$0.01B,20.00%,$0.04B,0,0.00%,$0.04B,0,0.00%,$0.04B,$0.01B,20.00%,$0.04B,$0.01B,20.00%,$0.01B,$0.08B,9.61%,$0.01B,$0.08B,10.36%,$0.01B,$0.92B,0.88%,$0.01B,$0.11B,6.57%,$10,$1,$9,$0,$7,$8,$2,$0,$2,$0,$2,$2,$2,$0,$0,$7,7,$0.27,$0.26,$30,$0,$0,$584,$31,$263,$6,$31,$331,$915,$795,$31,$6,$37,$832,$7,$2,$-1,$83,$915,$2,$1,$0,$2,$1,$0,$0,$4,$6,$9,$-1,$0,$0,$0,$10,$10,$-9,$-0,$-9,$-0,$-9,$-0,$-0,$-1,$9,$-1,$8,$0,$-1
6,2016-12-31,17.52,$12.20,1.44,$5.68,3.08,$1.93,9.08,$0.99,17.69,$0.57B,$0.79B,0.72,$0.04B,$0.08B,0.48,$0.04B,$0.04B,89.74%,$0.04B,$0.01B,20.51%,$0.04B,0,0.00%,$0.04B,0,0.00%,$0.04B,$0.01B,20.51%,$0.04B,$0.01B,17.95%,$0.01B,$0.08B,8.43%,$0.01B,$0.08B,9.12%,$0.01B,$0.92B,0.78%,$0.01B,$0.12B,6.48%,$10,$1,$9,$0,$7,$7,$2,$0,$2,$0,$2,$2,$2,$0,$0,$7,7,$0.26,$0.25,$22,$0,$0,$569,$30,$272,$6,$37,$346,$915,$786,$39,$8,$47,$833,$7,$1,$-1,$82,$915,$7,$6,$1,$6,$-4,$0,$1,$-5,$-8,$5,$-1,$0,$0,$0,$5,$5,$-56,$-52,$-1,$-2,$-3,$-0,$-0,$-2,$50,$45,$-1,$0,$-2
7,2016-09-30,15.21,$12.56,1.21,$5.63,2.7,$3.12,4.88,$0.97,15.68,$0.56B,$0.79B,0.71,$0.04B,$0.08B,0.43,$0.04B,$0.03B,89.47%,$0.04B,$0.01B,21.05%,$0.04B,0,0.00%,$0.04B,0,0.00%,$0.04B,$0.01B,21.05%,$0.04B,$0.01B,18.42%,$0.01B,$0.08B,8.51%,$0.01B,$0.08B,9.21%,$0.01B,$0.92B,0.79%,$0.01B,$0.12B,6.50%,$10,$1,$9,$0,$7,$8,$2,$0,$2,$1,$2,$2,$2,$0,$0,$7,7,$0.26,$0.25,$39,$0,$0,$561,$30,$288,$6,$30,$354,$915,$788,$36,$7,$43,$831,$7,$-1,$3,$84,$915,$5,$4,$1,$5,$-2,$0,$0,$0,$-2,$8,$-1,$0,$0,$0,$-4,$-4,$-32,$-37,$-4,$1,$-3,$-0,$-0,$-2,$50,$45,$16,$0,$-2
8,2016-06-30,13.43,$12.57,1.07,$5.58,2.41,$3.32,4.04,$0.97,13.85,$0.54B,$0.75B,0.72,$0.05B,$0.08B,0.56,$0.04B,$0.03B,91.89%,$0.04B,$0.01B,21.62%,$0.04B,0,0.00%,$0.04B,0,0.00%,$0.04B,$0.01B,21.62%,$0.04B,$0.01B,18.92%,$0.01B,$0.08B,8.67%,$0.01B,$0.08B,9.40%,$0.01B,$0.89B,0.81%,$0.01B,$0.13B,6.49%,$10,$1,$9,$0,$6,$7,$2,$0,$2,$1,$2,$2,$2,$0,$0,$7,7,$0.27,$0.26,$22,$0,$0,$536,$30,$287,$6,$29,$352,$889,$751,$47,$6,$54,$805,$7,$-2,$4,$84,$889,$3,$3,$0,$3,$-5,$0,$0,$-0,$-6,$1,$-1,$0,$0,$0,$0,$0,$-20,$-21,$8,$0,$8,$-0,$-0,$-1,$13,$20,$-1,$0,$-1
9,2016-03-31,13.77,$12.19,1.13,$5.58,2.47,$3.56,3.86,$0.93,14.81,$0.52B,$0.74B,0.7,$0.04B,$0.08B,0.48,$0.04B,$0.03B,91.89%,$0.04B,$0.01B,21.62%,$0.04B,0,0.00%,$0.04B,0,0.00%,$0.04B,$0.01B,21.62%,$0.04B,$0.01B,16.22%,$0.01B,$0.08B,7.62%,$0.01B,$0.08B,8.28%,$0.01B,$0.87B,0.70%,$0.01B,$0.12B,6.56%,$9,$1,$8,$0,$6,$7,$2,$0,$2,$0,$1,$1,$1,$0,$0,$7,7,$0.22,$0.22,$26,$0,$0,$518,$30,$286,$6,$30,$353,$870,$743,$39,$6,$46,$789,$7,$-3,$3,$82,$870,$1,$1,$0,$1,$0,$0,$0,$-0,$-0,$3,$-1,$0,$0,$0,$-0,$-0,$-4,$-5,$-0,$-0,$-1,$-0,$-0,$-1,$6,$5,$3,$0,$-1
10,2015-12-31,14.17,$11.81,1.2,$5.60,2.53,$3.23,4.39,$0.92,15.4,$0.51B,$0.74B,0.69,$0.04B,$0.08B,0.5,$0.04B,$0.03B,91.89%,$0.04B,$0.01B,21.62%,$0.04B,0,0.00%,$0.04B,0,0.00%,$0.04B,$0.01B,21.62%,$0.04B,$0.01B,16.22%,$0.01B,$0.08B,7.74%,$0.01B,$0.07B,8.42%,$0.01B,$0.86B,0.71%,$0.01B,$0.12B,6.57%,$9,$1,$8,$0,$6,$7,$2,$0,$2,$1,$2,$2,$2,$0,$0,$7,7,$0.23,$0.23,$23,$0,$0,$510,$30,$284,$6,$32,$352,$863,$737,$40,$7,$47,$784,$7,$-4,$1,$79,$863,$6,$6,$1,$7,$0,$0,$0,$1,$1,$15,$-3,$0,$0,$0,$-5,$-5,$-50,$-58,$-5,$4,$-1,$0,$0,$-2,$47,$44,$0,$0,$-2
11,2015-09-30,11.69,$11.74,1.0,$5.62,2.08,$2.80,4.18,$0.90,12.99,$0.52B,$0.72B,0.71,$0.04B,$0.08B,0.55,$0.04B,$0.03B,91.89%,$0.04B,$0.01B,21.62%,$0.04B,0,0.00%,$0.04B,0,0.00%,$0.04B,$0.01B,21.62%,$0.04B,$0.01B,16.22%,$0.01B,$0.08B,7.84%,$0.01B,$0.07B,8.57%,$0.01B,$0.85B,0.72%,$0.01B,$0.12B,6.57%,$9,$1,$9,$0,$6,$7,$2,$0,$2,$1,$2,$2,$2,$0,$0,$7,7,$0.26,$0.25,$33,$0,$0,$516,$30,$274,$7,$26,$336,$852,$724,$43,$7,$50,$774,$7,$-5,$2,$78,$852,$5,$4,$2,$6,$-0,$0,$0,$1,$1,$11,$-3,$0,$0,$0,$7,$7,$-40,$-35,$-1,$3,$1,$0,$0,$-1,$35,$35,$10,$0,$-1
12,2015-06-30,11.45,$11.44,1.0,$5.60,2.05,$2.51,4.56,$0.88,13.01,$0.50B,$0.70B,0.71,$0.05B,$0.08B,0.67,$0.04B,$0.03B,89.19%,$0.04B,$0.01B,21.62%,$0.04B,0,0.00%,$0.04B,0,0.00%,$0.04B,$0.01B,21.62%,$0.04B,$0.01B,16.22%,$0.01B,$0.08B,7.97%,$0.01B,$0.07B,8.76%,$0.01B,$0.84B,0.72%,$0.01B,$0.13B,6.58%,$10,$1,$9,$0,$7,$8,$2,$0,$2,$1,$1,$1,$1,$0,$0,$7,7,$0.22,$0.22,$26,$0,$0,$502,$30,$271,$7,$27,$334,$836,$703,$51,$5,$57,$760,$7,$-6,$1,$76,$836,$3,$3,$1,$4,$-3,$0,$0,$-0,$-3,$3,$-2,$0,$0,$0,$10,$10,$-30,$-22,$7,$2,$9,$0,$0,$-1,$15,$22,$3,$0,$-1
13,2015-03-31,10.89,$11.45,0.95,$5.51,1.97,$2.94,3.71,$0.84,12.96,$0.50B,$0.71B,0.7,$0.04B,$0.08B,0.56,$0.04B,$0.03B,88.89%,$0.04B,$0.01B,22.22%,$0.04B,0,0.00%,$0.04B,0,0.00%,$0.04B,$0.01B,22.22%,$0.04B,$0.01B,16.67%,$0.01B,$0.08B,8.11%,$0.01B,$0.07B,8.89%,$0.01B,$0.84B,0.73%,$0.01B,$0.12B,6.63%,$9,$1,$8,$0,$6,$7,$2,$0,$2,$1,$1,$1,$1,$0,$0,$7,7,$0.22,$0.21,$44,$0,$0,$500,$29,$274,$7,$26,$336,$836,$711,$43,$5,$48,$759,$7,$-7,$2,$77,$836,$1,$1,$0,$2,$-2,$0,$0,$-0,$-2,$1,$-1,$0,$0,$0,$9,$9,$-10,$-2,$-1,$-1,$-2,$0,$0,$-0,$25,$23,$22,$0,$-0
14,2014-12-31,10.5,$11.18,0.94,$5.45,1.92,$3.16,3.32,$0.77,13.63,$0.47B,$0.69B,0.68,$0.04B,$0.08B,0.59,$0.04B,$0.03B,88.57%,$0.04B,$0.01B,22.86%,$0.04B,0,0.00%,$0.04B,0,0.00%,$0.04B,$0.01B,20.00%,$0.04B,$0.01B,17.14%,$0.01B,$0.08B,8.33%,$0.01B,$0.07B,9.13%,$0.01B,$0.81B,0.74%,$0.01B,$0.12B,6.64%,$9,$1,$8,$0,$6,$7,$2,$-0,$2,$1,$2,$2,$2,$0,$0,$7,7,$0.23,$0.23,$23,$0,$0,$466,$29,$283,$7,$28,$346,$812,$687,$44,$7,$51,$738,$7,$-8,$1,$75,$812,$5,$5,$1,$6,$-0,$0,$0,$1,$1,$12,$-3,$0,$-11,$0,$-30,$-30,$9,$-35,$-24,$-1,$-25,$0,$0,$-1,$58,$32,$8,$0,$-1
15,2014-09-30,9.82,$10.90,0.9,$5.47,1.8,$4.26,2.31,$0.71,13.83,$0.50B,$0.71B,0.72,$0.05B,$0.07B,0.66,$0.03B,$0.03B,88.24%,$0.03B,$0.01B,20.59%,$0.03B,0,0.00%,$0.03B,0,0.00%,$0.03B,$0.01B,17.65%,$0.03B,$0.01B,14.71%,$0.01B,$0.07B,7.52%,$0.01B,$0.07B,8.10%,$0.01B,$0.83B,0.66%,$0.01B,$0.12B,5.91%,$9,$1,$8,$0,$6,$7,$2,$-0,$2,$1,$2,$2,$2,$0,$0,$7,7,$0.23,$0.23,$56,$0,$0,$504,$30,$264,$6,$27,$327,$831,$705,$48,$6,$54,$758,$7,$-9,$1,$73,$831,$4,$4,$1,$5,$0,$0,$0,$1,$1,$9,$-3,$0,$-11,$0,$-11,$-11,$5,$-21,$-20,$-1,$-21,$0,$0,$-1,$75,$53,$42,$0,$-1
16,2014-06-30,9.77,$10.67,0.92,$5.48,1.78,$6.55,1.49,$0.68,14.37,$0.47B,$0.66B,0.72,$0.05B,$0.07B,0.75,$0.03B,$0.03B,90.63%,$0.03B,$0.01B,18.75%,$0.03B,0,0.00%,$0.03B,0,0.00%,$0.03B,$0.01B,15.63%,$0.03B,$0.00B,12.50%,$0.00B,$0.07B,6.50%,$0.00B,$0.07B,6.87%,$0.00B,$0.79B,0.56%,$0.01B,$0.12B,5.25%,$9,$1,$8,$0,$6,$7,$2,$-0,$2,$0,$1,$1,$1,$0,$0,$6,6,$0.18,$0.18,$30,$0,$0,$473,$29,$251,$5,$28,$313,$787,$656,$53,$6,$59,$716,$7,$-11,$0,$71,$787,$2,$2,$1,$3,$1,$0,$0,$1,$1,$7,$-2,$0,$-11,$0,$2,$2,$9,$-3,$-14,$-2,$-16,$0,$0,$-1,$29,$12,$16,$0,$-1
17,2014-03-31,10.2,$10.34,0.99,$5.57,1.83,$7.58,1.35,$0.73,13.98,$0.48B,$0.67B,0.71,$0.05B,$0.07B,0.72,$0.03B,$0.03B,90.32%,$0.03B,$0.01B,19.35%,$0.03B,0,0.00%,$0.03B,0,0.00%,$0.03B,$0.01B,16.13%,$0.03B,$0.00B,12.90%,$0.00B,$0.07B,7.02%,$0.00B,$0.06B,7.31%,$0.00B,$0.80B,0.59%,$0.01B,$0.12B,5.50%,$8,$1,$7,$0,$6,$7,$2,$-0,$1,$0,$1,$1,$1,$0,$0,$6,6,$0.14,$0.14,$37,$0,$0,$481,$28,$255,$6,$28,$317,$798,$674,$50,$5,$55,$729,$7,$-11,$-1,$69,$798,$1,$1,$0,$1,$-0,$0,$0,$-0,$-0,$2,$-1,$0,$-11,$0,$-3,$-3,$10,$-5,$-18,$1,$-17,$0,$0,$-0,$43,$26,$23,$0,$-0
18,2013-12-31,9.44,$9.93,0.95,$5.63,1.68,$8.73,1.08,$0.79,11.95,$0.36B,$0.52B,0.7,$0.06B,$0.05B,1.12,$0.03B,$0.03B,90.00%,$0.03B,$0.01B,16.67%,$0.03B,0,0.00%,$0.03B,0,0.00%,$0.03B,$0.01B,16.67%,$0.03B,$0.00B,13.33%,$0.00B,$0.05B,7.48%,$0.00B,$0.05B,7.62%,$0.00B,$0.63B,0.63%,$0.01B,$0.11B,4.72%,$8,$1,$7,$0,$5,$6,$1,$-1,$1,$-0,$1,$1,$1,$0,$0,$5,5,$0.15,$0.15,$14,$0,$0,$361,$19,$227,$1,$25,$272,$633,$516,$59,$6,$65,$581,$5,$-12,$-3,$53,$633,$4,$5,$1,$6,$6,$0,$0,$0,$6,$16,$-3,$0,$0,$0,$-32,$-32,$-16,$-51,$7,$3,$10,$0,$0,$-1,$22,$31,$-5,$0,$-1
19,2013-09-30,9.41,$9.98,0.94,$6.06,1.55,$7.55,1.25,$0.82,11.48,$0.36B,$0.53B,0.69,$0.05B,$0.05B,0.94,$0.03B,$0.03B,90.00%,$0.03B,$0.01B,16.67%,$0.03B,0,0.00%,$0.03B,0,0.00%,$0.03B,$0.01B,16.67%,$0.03B,$0.00B,13.33%,$0.00B,$0.05B,7.44%,$0.00B,$0.05B,7.58%,$0.00B,$0.64B,0.64%,$0.01B,$0.10B,4.77%,$7,$1,$7,$0,$5,$6,$1,$-0,$1,$0,$1,$1,$1,$0,$0,$5,5,$0.20,$0.20,$21,$0,$0,$364,$17,$231,$1,$23,$272,$636,$526,$50,$8,$57,$583,$5,$-12,$-2,$53,$636,$3,$4,$1,$5,$7,$0,$0,$3,$10,$18,$-1,$0,$0,$0,$-34,$-34,$-13,$-48,$-2,$1,$-1,$0,$0,$-1,$34,$32,$2,$0,$-1
20,2013-06-30,8.25,$9.98,0.83,$6.38,1.29,$4.86,1.7,$0.81,10.19,$0.37B,$0.53B,0.7,$0.05B,$0.05B,0.94,$0.03B,$0.03B,87.10%,$0.03B,$0.01B,19.35%,$0.03B,0,0.00%,$0.03B,0,0.00%,$0.03B,$0.01B,19.35%,$0.03B,$0.00B,12.90%,$0.00B,$0.05B,7.41%,$0.00B,$0.05B,7.55%,$0.00B,$0.63B,0.65%,$0.01B,$0.10B,5.62%,$8,$1,$7,$0,$5,$6,$2,$0,$2,$0,$1,$1,$1,$0,$0,$5,5,$0.23,$0.23,$24,$0,$0,$367,$17,$226,$1,$23,$266,$633,$525,$50,$5,$55,$580,$5,$-13,$-1,$53,$633,$2,$3,$0,$3,$4,$0,$0,$0,$4,$9,$-0,$0,$0,$0,$-27,$-27,$-8,$-36,$-2,$-0,$-2,$0,$0,$-1,$35,$32,$6,$0,$-1
21,2013-03-31,7.99,$10.35,0.77,$7.23,1.11,$4.40,1.82,$0.81,9.87,$0.37B,$0.51B,0.71,$0.05B,$0.06B,0.95,$0.03B,$0.03B,83.87%,$0.03B,$0.01B,16.13%,$0.03B,0,0.00%,$0.03B,0,0.00%,$0.03B,$0.01B,16.13%,$0.03B,$0.00B,12.90%,$0.00B,$0.06B,7.55%,$0.00B,$0.05B,7.69%,$0.00B,$0.63B,0.66%,$0.01B,$0.11B,4.65%,$7,$1,$6,$0,$5,$6,$1,$0,$1,$0,$1,$1,$1,$0,$0,$5,5,$0.20,$0.20,$32,$0,$0,$365,$17,$221,$1,$22,$261,$626,$514,$52,$5,$57,$571,$5,$-14,$2,$55,$626,$1,$1,$0,$1,$5,$0,$0,$-0,$5,$7,$-0,$0,$0,$0,$-16,$-16,$-1,$-17,$-0,$1,$1,$0,$0,$-0,$22,$23,$13,$0,$-0
22,2012-12-31,7.44,$10.37,0.72,$8.10,0.92,$3.45,2.15,$0.80,9.3,$0.36B,$0.49B,0.73,$0.05B,$0.05B,0.96,$0.03B,$0.03B,81.25%,$0.03B,$0.01B,15.63%,$0.03B,0,0.00%,$0.03B,0,0.00%,$0.03B,$0.01B,15.63%,$0.03B,$0.00B,12.50%,$0.00B,$0.05B,7.77%,$0.00B,$0.05B,7.92%,$0.00B,$0.60B,0.66%,$0.01B,$0.11B,4.66%,$8,$1,$7,$0,$5,$6,$1,$0,$1,$0,$1,$1,$1,$0,$0,$4,4,$0.18,$0.18,$19,$0,$0,$356,$17,$206,$1,$23,$247,$603,$491,$52,$6,$58,$549,$5,$-15,$2,$54,$603,$4,$4,$2,$6,$-6,$0,$0,$2,$-4,$6,$-1,$0,$0,$0,$-1,$-1,$-6,$-7,$-10,$2,$-8,$13,$2,$-1,$10,$4,$2,$0,$-1
23,2012-09-30,7.44,$10.39,0.72,$8.74,0.85,$4.10,1.81,$0.88,8.46,$0.35B,$0.49B,0.71,$0.06B,$0.05B,1.05,$0.03B,$0.03B,81.25%,$0.03B,$0.01B,18.75%,$0.03B,0,0.00%,$0.03B,0,0.00%,$0.03B,$0.01B,18.75%,$0.03B,$0.00B,12.50%,$0.00B,$0.05B,8.00%,$0.00B,$0.05B,8.16%,$0.00B,$0.61B,0.67%,$0.01B,$0.11B,5.54%,$8,$1,$7,$0,$5,$6,$2,$0,$2,$1,$1,$1,$1,$0,$0,$5,5,$0.19,$0.19,$20,$0,$0,$348,$17,$215,$1,$25,$258,$606,$490,$56,$6,$62,$552,$5,$-16,$2,$54,$606,$3,$3,$1,$4,$-5,$0,$0,$1,$-4,$3,$-0,$0,$0,$0,$-9,$-9,$2,$-8,$-5,$2,$-3,$14,$3,$-1,$10,$9,$4,$0,$-0
24,2012-06-30,7.03,$14.73,0.48,$9.49,0.74,$5.62,1.25,$0.93,7.56,$0.35B,$0.49B,0.73,$0.06B,$0.04B,1.48,$0.03B,$0.03B,78.13%,$0.03B,$0.01B,15.63%,$0.03B,0,0.00%,$0.03B,0,0.00%,$0.03B,$0.01B,15.63%,$0.03B,$0.00B,12.50%,$0.00B,$0.05B,8.29%,$0.00B,$0.05B,8.47%,$0.00B,$0.60B,0.67%,$0.01B,$0.11B,4.62%,$8,$1,$6,$0,$5,$6,$1,$0,$1,$0,$1,$1,$1,$0,$0,$3,3,$0.23,$0.23,$29,$0,$0,$353,$17,$201,$1,$25,$245,$598,$487,$56,$5,$62,$549,$3,$-16,$1,$49,$598,$2,$2,$1,$3,$-1,$0,$0,$1,$0,$4,$-0,$0,$0,$0,$4,$4,$1,$5,$-5,$-1,$-6,$0,$0,$-1,$9,$3,$12,$0,$-0
25,2012-03-31,6.76,$14.89,0.45,$9.54,0.71,$5.60,1.21,$0.87,7.77,$0.35B,$0.49B,0.72,$0.06B,$0.04B,1.49,$0.03B,$0.03B,78.13%,$0.03B,$0.01B,15.63%,$0.03B,0,0.00%,$0.03B,0,0.00%,$0.03B,$0.01B,15.63%,$0.03B,$0.00B,12.50%,$0.00B,$0.05B,8.51%,$0.00B,$0.05B,8.70%,$0.00B,$0.60B,0.66%,$0.01B,$0.11B,4.54%,$8,$2,$6,$0,$5,$6,$1,$0,$1,$0,$1,$1,$1,$0,$0,$3,3,$0.19,$0.19,$24,$0,$0,$354,$17,$203,$1,$26,$247,$602,$490,$57,$5,$62,$552,$3,$-17,$2,$49,$602,$1,$1,$1,$1,$-0,$0,$0,$-1,$-1,$2,$-0,$0,$0,$0,$5,$5,$-5,$-1,$-5,$-0,$-5,$0,$0,$-0,$12,$7,$8,$0,$-0
26,2011-12-31,5.39,$14.48,0.37,$9.69,0.56,$5.53,0.97,$0.80,6.73,$0.34B,$0.48B,0.71,$0.06B,$0.04B,1.68,$0.03B,$0.03B,78.13%,$0.03B,$0.01B,15.63%,$0.03B,0,0.00%,$0.03B,0,0.00%,$0.03B,$0.01B,15.63%,$0.03B,$0.00B,9.38%,$0.00B,$0.05B,6.59%,$0.00B,$0.05B,6.74%,$0.00B,$0.59B,0.50%,$0.01B,$0.11B,4.37%,$8,$2,$7,$0,$5,$7,$2,$0,$2,$0,$1,$1,$1,$0,$0,$3,3,$0.28,$0.28,$16,$0,$0,$340,$17,$207,$1,$29,$254,$594,$478,$62,$6,$68,$546,$3,$-18,$1,$48,$594,$3,$3,$2,$5,$-4,$0,$0,$1,$-2,$7,$-0,$0,$0,$0,$-7,$-7,$3,$-4,$-22,$1,$-21,$0,$0,$-1,$9,$-13,$-10,$0,$-1
27,2011-09-30,5.04,$14.13,0.36,$9.59,0.53,$6.51,0.77,$0.60,8.4,$0.34B,$0.49B,0.7,$0.06B,$0.04B,1.81,$0.03B,$0.02B,75.00%,$0.03B,$0.00B,9.38%,$0.03B,0,0.00%,$0.03B,0,0.00%,$0.03B,$0.00B,9.38%,$0.03B,$0.00B,6.25%,$0.00B,$0.05B,4.55%,$0.00B,$0.05B,4.65%,$0.00B,$0.61B,0.33%,$0.00B,$0.11B,2.54%,$8,$2,$6,$0,$5,$7,$1,$0,$1,$0,$1,$1,$1,$0,$0,$3,3,$0.24,$0.24,$18,$0,$0,$343,$18,$215,$1,$31,$264,$607,$490,$64,$6,$70,$560,$3,$-18,$1,$47,$607,$2,$2,$2,$4,$0,$0,$0,$1,$1,$7,$-0,$0,$0,$0,$-15,$-15,$-2,$-17,$-19,$4,$-15,$0,$0,$-1,$18,$2,$-8,$0,$-0
28,2011-06-30,5.96,$13.40,0.44,$9.51,0.63,$6.31,0.94,$0.43,13.86,$0.34B,$0.49B,0.71,$0.07B,$0.03B,2.13,$0.03B,$0.02B,71.88%,$0.03B,$0.00B,9.38%,$0.03B,0,0.00%,$0.03B,0,0.00%,$0.03B,$0.00B,9.38%,$0.03B,$0.00B,3.13%,$0.00B,$0.04B,2.31%,$0.00B,$0.04B,2.37%,$0.00B,$0.61B,0.17%,$0.00B,$0.11B,2.45%,$8,$2,$6,$0,$5,$7,$1,$0,$1,$0,$1,$1,$1,$0,$0,$3,3,$0.17,$0.17,$22,$0,$0,$343,$18,$211,$1,$33,$262,$605,$486,$70,$5,$75,$561,$3,$-19,$-1,$44,$605,$1,$2,$1,$3,$0,$0,$0,$0,$0,$4,$-0,$0,$0,$0,$-13,$-13,$0,$-13,$-14,$3,$-11,$0,$0,$-1,$16,$4,$-5,$0,$-0
29,2011-03-31,5.75,$12.99,0.44,$9.58,0.6,$6.31,0.91,$0.36,15.97,$0.36B,$0.48B,0.75,$0.08B,$0.03B,2.56,$0.03B,$0.02B,68.75%,$0.03B,$0.00B,9.38%,$0.03B,0,0.00%,$0.03B,0,0.00%,$0.03B,$0.00B,9.38%,$0.03B,0,0.00%,$0.00B,$0.04B,0.00%,$0.00B,$0.04B,0.00%,$0.00B,$0.61B,0.00%,$0.00B,$0.12B,2.39%,$8,$2,$6,$0,$5,$7,$1,$0,$1,$0,$1,$1,$0,$0,$0,$3,3,$0.12,$0.12,$29,$0,$0,$359,$18,$198,$1,$32,$249,$607,$480,$80,$4,$84,$565,$3,$-19,$-2,$43,$607,$1,$1,$0,$1,$0,$0,$0,$-0,$-0,$1,$-0,$0,$0,$0,$-1,$-1,$-6,$-7,$-3,$2,$-2,$0,$0,$-0,$11,$9,$3,$0,$-0
30,2010-12-31,4.91,$12.78,0.38,$9.64,0.51,$6.48,0.76,$0.37,13.27,$0.35B,$0.47B,0.75,$0.08B,$0.03B,2.72,$0.03B,$0.02B,68.75%,$0.03B,$0.00B,9.38%,$0.03B,0,0.00%,$0.03B,0,0.00%,$0.03B,$0.00B,9.38%,$0.03B,0,0.00%,$0.00B,$0.04B,0.00%,$0.00B,$0.04B,0.00%,$0.00B,$0.60B,0.00%,$0.00B,$0.13B,2.36%,$8,$2,$6,$0,$5,$7,$0,$0,$0,$0,$0,$0,$0,$0,$0,$3,3,$0.06,$0.06,$26,$0,$0,$352,$18,$196,$1,$32,$248,$599,$468,$84,$6,$89,$557,$3,$-20,$-2,$42,$599,$2,$3,$4,$6,$0,$0,$0,$1,$1,$10,$-0,$0,$0,$0,$-3,$-3,$8,$5,$-5,$-8,$-13,$0,$0,$-1,$6,$-9,$6,$0,$-1
31,2010-09-30,4.38,$13.44,0.33,$10.02,0.44,$5.02,0.87,$0.52,8.43,$0.36B,$0.48B,0.75,$0.08B,$0.03B,2.57,$0.03B,$0.02B,66.67%,$0.03B,$0.00B,12.12%,$0.03B,0,0.00%,$0.03B,0,0.00%,$0.03B,$0.00B,12.12%,$0.03B,$0.00B,3.03%,$0.00B,$0.04B,2.35%,$0.00B,$0.04B,2.41%,$0.00B,$0.61B,0.16%,$0.00B,$0.13B,3.12%,$8,$2,$5,$0,$5,$7,$1,$0,$1,$0,$0,$0,$0,$0,$0,$3,3,$0.07,$0.07,$32,$0,$0,$357,$18,$203,$1,$32,$255,$611,$478,$84,$6,$90,$568,$3,$-20,$-0,$44,$611,$1,$2,$3,$5,$0,$0,$0,$-0,$-0,$6,$-0,$0,$0,$0,$-6,$-6,$9,$3,$-5,$-5,$-9,$0,$0,$-1,$12,$2,$11,$0,$-0
32,2010-06-30,4.85,$13.16,0.37,$10.37,0.47,$5.01,0.97,$-7.90,0.0,$0.37B,$0.47B,0.78,$0.08B,$0.03B,2.64,$0.03B,$0.02B,67.65%,$0.03B,$-0.02B,-70.59%,$0.03B,0,0.00%,$0.03B,0,0.00%,$0.03B,$-0.02B,-70.59%,$0.03B,$-0.03B,-76.47%,$-0.03B,$0.04B,-61.90%,$-0.03B,$0.04B,-63.41%,$-0.03B,$0.61B,-4.22%,$-0.02B,$0.13B,-17.61%,$8,$2,$5,$0,$5,$7,$1,$0,$1,$0,$0,$0,$0,$0,$0,$3,3,$0.10,$0.10,$38,$0,$0,$371,$18,$186,$1,$30,$236,$607,$474,$84,$5,$90,$564,$3,$-20,$-1,$43,$607,$1,$1,$2,$3,$0,$0,$0,$-0,$-0,$4,$-0,$0,$0,$0,$10,$10,$4,$14,$-4,$-6,$-10,$0,$-0,$-0,$10,$-1,$17,$0,$-0
33,2010-03-31,5.16,$13.01,0.4,$10.78,0.48,$5.30,0.97,$-7.92,0.0,$0.37B,$0.49B,0.77,$0.09B,$0.03B,2.73,$0.04B,$0.02B,68.57%,$0.04B,$-0.03B,-71.43%,$0.04B,0,0.00%,$0.04B,0,0.00%,$0.04B,$-0.03B,-71.43%,$0.04B,$-0.03B,-74.29%,$-0.03B,$0.04B,-54.17%,$-0.03B,$0.04B,-65.00%,$-0.03B,$0.62B,-4.15%,$-0.03B,$0.13B,-16.58%,$8,$2,$6,$0,$5,$7,$1,$0,$1,$0,$1,$1,$0,$0,$0,$3,3,$0.13,$0.13,$36,$0,$0,$373,$19,$194,$1,$31,$244,$617,$485,$86,$5,$90,$575,$3,$-20,$-1,$42,$617,$1,$1,$1,$2,$0,$0,$0,$-0,$-0,$2,$-0,$0,$0,$0,$3,$3,$-0,$2,$-3,$-1,$-5,$0,$0,$-0,$16,$11,$15,$0,$-0
34,2009-12-31,5.21,$12.74,0.41,$11.09,0.47,$5.28,0.99,$-7.82,0.0,$0.36B,$0.47B,0.77,$0.09B,$0.03B,2.92,$0.04B,$0.02B,63.89%,$0.04B,$-0.03B,-69.44%,$0.04B,0,0.00%,$0.04B,0,0.00%,$0.04B,$-0.03B,-69.44%,$0.04B,$-0.03B,-72.22%,$-0.03B,$0.04B,-47.71%,$-0.03B,$0.04B,-66.24%,$-0.03B,$0.61B,-4.09%,$-0.03B,$0.13B,-15.11%,$9,$3,$6,$0,$5,$8,$1,$0,$1,$0,$1,$1,$1,$0,$0,$3,3,$0.19,$0.19,$21,$0,$0,$360,$19,$196,$2,$30,$246,$606,$470,$89,$5,$94,$564,$3,$-20,$-2,$41,$606,$-25,$29,$3,$33,$0,$0,$-1,$-2,$-3,$5,$-0,$0,$0,$3,$36,$39,$-17,$22,$-35,$-7,$-43,$0,$0,$-1,$26,$-18,$8,$0,$-1
35,2009-09-30,5.09,$12.98,0.39,$10.97,0.46,$5.15,0.99,$-8.21,0.0,$0.37B,$0.47B,0.79,$0.12B,$0.03B,3.76,$0.04B,$0.02B,62.86%,$0.04B,$-0.03B,-77.14%,$0.04B,0,0.00%,$0.04B,0,0.00%,$0.04B,$-0.03B,-77.14%,$0.04B,$-0.03B,-80.00%,$-0.03B,$0.04B,-45.71%,$-0.03B,$0.04B,-72.26%,$-0.03B,$0.63B,-4.33%,$-0.03B,$0.16B,-14.92%,$9,$3,$6,$0,$5,$36,$-27,$0,$-27,$0,$-27,$-27,$-27,$0,$0,$3,3,$-8.35,$-8.35,$27,$0,$0,$367,$19,$219,$2,$25,$265,$632,$467,$118,$6,$123,$590,$3,$-21,$-0,$42,$632,$-26,$29,$2,$31,$0,$0,$0,$1,$1,$7,$-0,$0,$0,$1,$14,$15,$-16,$-2,$-6,$-9,$-15,$0,$0,$-1,$23,$7,$12,$0,$-1
36,2009-06-30,5.63,$20.77,0.27,$8.75,0.64,$4.49,1.25,$-1.08,0.0,$0.36B,$0.46B,0.79,$0.12B,$0.06B,2.09,$0.03B,$0.01B,50.00%,$0.03B,$-0.01B,-25.00%,$0.03B,0,0.00%,$0.03B,0,0.00%,$0.03B,$-0.01B,-25.00%,$0.03B,$-0.01B,-17.86%,$-0.01B,$0.07B,-7.69%,$-0.01B,$0.04B,-14.18%,$-0.01B,$0.65B,-0.77%,$-0.01B,$0.19B,-3.83%,$9,$3,$6,$0,$5,$9,$0,$0,$0,$0,$0,$0,$0,$0,$0,$3,3,$0.08,$0.08,$34,$0,$0,$362,$19,$215,$30,$26,$289,$651,$459,$118,$6,$124,$583,$3,$6,$-2,$67,$651,$1,$1,$2,$2,$0,$0,$0,$2,$2,$5,$-0,$0,$0,$0,$16,$16,$-2,$14,$-6,$-3,$-9,$0,$0,$-1,$10,$0,$20,$0,$-1
37,2009-03-31,5.33,$20.95,0.25,$7.02,0.76,$3.60,1.48,$-2.24,0.0,$0.36B,$0.46B,0.78,$0.12B,$0.06B,2.09,$0.02B,$0.01B,34.78%,$0.02B,$-0.01B,-47.83%,$0.02B,0,0.00%,$0.02B,0,0.00%,$0.02B,$-0.01B,-47.83%,$0.02B,$-0.01B,-34.78%,$-0.01B,$0.07B,-12.60%,$-0.01B,$0.04B,-23.70%,$-0.01B,$0.65B,-1.24%,$-0.01B,$0.19B,-6.10%,$9,$4,$5,$0,$4,$8,$1,$0,$1,$0,$1,$1,$0,$0,$0,$3,3,$0.13,$0.13,$34,$0,$0,$361,$19,$219,$30,$26,$293,$654,$462,$119,$6,$124,$586,$3,$6,$-2,$68,$654,$1,$0,$1,$1,$0,$0,$0,$0,$0,$2,$-0,$0,$0,$0,$13,$13,$1,$14,$-5,$0,$-5,$0,$0,$-0,$9,$4,$20,$0,$-0
38,2008-12-31,6.18,$21.12,0.29,$7.11,0.87,$3.40,1.81,$-2.12,0.0,$0.34B,$0.45B,0.76,$0.12B,$0.06B,2.17,$0.02B,$0.01B,34.78%,$0.02B,$-0.01B,-43.48%,$0.02B,0,0.00%,$0.02B,0,0.00%,$0.02B,$-0.01B,-43.48%,$0.02B,$-0.01B,-30.43%,$-0.01B,$0.07B,-11.20%,$-0.01B,$0.04B,-21.37%,$-0.01B,$0.65B,-1.11%,$-0.01B,$0.19B,-5.92%,$8,$4,$5,$0,$5,$10,$-1,$0,$-1,$-1,$-0,$-0,$-1,$0,$0,$3,3,$-0.17,$-0.17,$15,$0,$0,$343,$19,$233,$30,$25,$307,$650,$452,$124,$6,$130,$582,$3,$6,$-1,$68,$650,$-7,$1,$17,$18,$0,$0,$-0,$-6,$-7,$5,$-1,$0,$-1,$0,$-73,$-73,$-23,$-97,$58,$5,$63,$-0,$11,$-1,$18,$91,$-1,$0,$-1
39,2008-09-30,7.89,$17.64,0.45,$7.37,1.07,$4.19,1.88,$-1.58,0.0,$0.34B,$0.46B,0.74,$0.11B,$0.06B,1.95,$0.03B,$0.01B,32.00%,$0.03B,$-0.01B,-28.00%,$0.03B,0,0.00%,$0.03B,0,0.00%,$0.03B,$-0.01B,-28.00%,$0.03B,$-0.01B,-20.00%,$-0.01B,$0.06B,-8.13%,$-0.01B,$0.03B,-15.75%,$-0.01B,$0.63B,-0.82%,$-0.01B,$0.17B,-4.56%,$2,$4,$-2,$0,$4,$8,$-7,$0,$-7,$-3,$-4,$-4,$-4,$0,$0,$3,3,$-1.23,$-1.23,$20,$0,$0,$341,$19,$219,$30,$24,$293,$634,$461,$111,$5,$116,$577,$3,$7,$-2,$57,$634,$-6,$1,$15,$16,$0,$0,$0,$-5,$-5,$4,$-1,$0,$-1,$0,$-61,$-60,$-15,$-76,$45,$4,$49,$-0,$-0,$-1,$28,$76,$4,$0,$-1
40,2008-06-30,9.14,$19.12,0.48,$9.72,0.94,$4.27,2.14,$-0.01,0.0,$0.34B,$0.46B,0.73,$0.11B,$0.06B,1.85,$0.03B,$0.02B,46.88%,$0.03B,$0.00B,6.25%,$0.03B,0,0.00%,$0.03B,0,0.00%,$0.03B,$0.00B,6.25%,$0.03B,0,0.00%,$0.00B,$0.06B,0.00%,$0.00B,$0.03B,0.00%,$0.00B,$0.64B,0.00%,$0.00B,$0.17B,1.38%,$4,$4,$-0,$0,$4,$8,$-4,$0,$-4,$-1,$-3,$-3,$-3,$0,$0,$3,3,$-1.09,$-1.09,$20,$0,$0,$335,$20,$235,$29,$21,$306,$641,$461,$113,$5,$118,$579,$3,$11,$-2,$61,$641,$-2,$0,$6,$7,$0,$0,$0,$-2,$-2,$2,$-0,$0,$0,$0,$-68,$-68,$-9,$-78,$47,$0,$47,$-0,$-0,$-1,$32,$79,$3,$0,$-1
41,2008-03-31,11.53,$18.27,0.63,$11.25,1.02,$4.40,2.62,$1.34,8.61,$0.34B,$0.44B,0.78,$0.08B,$0.06B,1.22,$0.04B,$0.02B,54.05%,$0.04B,$0.01B,18.92%,$0.04B,0,0.00%,$0.04B,0,0.00%,$0.04B,$0.01B,18.92%,$0.04B,$0.00B,10.81%,$0.00B,$0.06B,6.27%,$0.00B,$0.03B,11.85%,$0.00B,$0.59B,0.70%,$0.01B,$0.14B,5.31%,$9,$4,$5,$0,$4,$8,$2,$0,$2,$0,$1,$1,$1,$0,$0,$3,3,$0.35,$0.35,$34,$0,$0,$344,$20,$177,$30,$20,$246,$590,$443,$78,$5,$83,$526,$3,$15,$-3,$64,$590,$1,$0,$0,$0,$0,$0,$-1,$1,$-0,$1,$-0,$0,$0,$0,$-5,$-5,$-4,$-9,$11,$6,$17,$-0,$-0,$-0,$9,$26,$17,$0,$-0
42,2007-12-31,10.0,$19.93,0.5,$10.93,0.91,$4.30,2.32,$1.21,8.26,$0.32B,$0.43B,0.75,$0.07B,$0.06B,1.04,$0.04B,$0.02B,55.56%,$0.04B,$0.01B,16.67%,$0.04B,0,0.00%,$0.04B,0,0.00%,$0.04B,$0.01B,16.67%,$0.04B,$0.00B,11.11%,$0.00B,$0.06B,6.30%,$0.00B,$0.03B,11.94%,$0.00B,$0.57B,0.71%,$0.01B,$0.13B,4.87%,$10,$4,$5,$0,$3,$8,$2,$0,$2,$1,$1,$1,$1,$0,$0,$3,3,$0.38,$0.37,$17,$0,$0,$323,$20,$172,$30,$21,$243,$566,$429,$66,$6,$72,$502,$3,$15,$-2,$64,$566,$4,$1,$0,$1,$0,$0,$1,$0,$1,$7,$0,$0,$0,$1,$-1,$-0,$-34,$-35,$22,$4,$25,$-1,$-1,$-1,$-10,$14,$-14,$0,$-1
43,2007-09-30,12.34,$19.91,0.62,$10.71,1.15,$3.26,3.79,$1.10,11.22,$0.32B,$0.44B,0.73,$0.07B,$0.06B,1.07,$0.04B,$0.02B,57.14%,$0.04B,$0.01B,14.29%,$0.04B,0,0.00%,$0.04B,0,0.00%,$0.04B,$0.01B,14.29%,$0.04B,$0.00B,11.43%,$0.00B,$0.06B,6.32%,$0.00B,$0.03B,12.03%,$0.00B,$0.58B,0.72%,$0.01B,$0.13B,4.24%,$9,$4,$5,$0,$3,$8,$2,$0,$2,$1,$1,$1,$1,$0,$0,$3,3,$0.35,$0.35,$21,$0,$0,$320,$20,$187,$30,$20,$258,$578,$440,$69,$5,$74,$514,$3,$14,$-1,$64,$578,$3,$1,$0,$1,$0,$0,$0,$1,$1,$4,$-0,$0,$0,$4,$-15,$-11,$-28,$-39,$23,$7,$31,$-1,$-1,$-1,$-2,$27,$-7,$0,$-1
44,2007-06-30,12.83,$19.43,0.66,$10.35,1.24,$2.29,5.6,$1.02,12.58,$0.32B,$0.43B,0.74,$0.06B,$0.06B,0.93,$0.03B,$0.02B,58.82%,$0.03B,$0.00B,11.76%,$0.03B,0,0.00%,$0.03B,0,0.00%,$0.03B,$0.00B,11.76%,$0.03B,$0.00B,11.76%,$0.00B,$0.06B,6.37%,$0.00B,$0.03B,12.31%,$0.00B,$0.55B,0.73%,$0.00B,$0.12B,3.59%,$9,$4,$5,$0,$3,$7,$1,$0,$1,$0,$1,$1,$1,$0,$0,$3,3,$0.28,$0.27,$19,$0,$0,$318,$21,$166,$30,$21,$237,$554,$428,$59,$5,$64,$491,$3,$13,$-2,$63,$554,$2,$1,$0,$1,$0,$0,$0,$0,$0,$2,$-0,$0,$0,$0,$9,$10,$-27,$-17,$14,$5,$19,$-1,$-1,$-0,$-12,$6,$-9,$0,$-0
45,2007-03-31,13.4,$19.58,0.68,$10.20,1.31,$1.64,8.16,$1.04,12.89,$0.32B,$0.44B,0.72,$0.05B,$0.06B,0.72,$0.03B,$0.02B,60.61%,$0.03B,$0.00B,12.12%,$0.03B,0,0.00%,$0.03B,0,0.00%,$0.03B,$0.00B,12.12%,$0.03B,$0.00B,12.12%,$0.00B,$0.06B,6.45%,$0.00B,$0.03B,12.80%,$0.00B,$0.55B,0.74%,$0.00B,$0.11B,3.71%,$8,$4,$5,$0,$4,$7,$1,$0,$1,$0,$1,$1,$1,$0,$0,$3,3,$0.22,$0.22,$30,$0,$0,$315,$21,$164,$30,$20,$235,$550,$437,$45,$5,$50,$487,$3,$12,$-1,$63,$550,$1,$0,$0,$0,$0,$0,$-0,$0,$-0,$1,$-0,$0,$0,$0,$9,$9,$-13,$-4,$-0,$6,$5,$-1,$-1,$-0,$-3,$2,$-1,$0,$-0
46,2006-12-31,12.75,$19.36,0.66,$10.04,1.27,$1.49,8.53,$1.10,11.59,$0.30B,$0.43B,0.69,$0.05B,$0.06B,0.72,$0.03B,$0.02B,59.38%,$0.03B,$0.00B,12.50%,$0.03B,0,0.00%,$0.03B,0,0.00%,$0.03B,$0.00B,12.50%,$0.03B,$0.00B,12.50%,$0.00B,$0.06B,6.75%,$0.00B,$0.03B,13.56%,$0.00B,$0.55B,0.76%,$0.00B,$0.11B,3.81%,$9,$4,$5,$0,$3,$7,$1,$0,$1,$0,$1,$1,$1,$0,$0,$3,3,$0.26,$0.26,$28,$0,$0,$300,$21,$177,$30,$20,$248,$548,$434,$45,$5,$50,$485,$3,$12,$-2,$63,$548,$4,$1,$1,$2,$0,$0,$1,$0,$1,$7,$-3,$0,$-1,$0,$13,$13,$-31,$-22,$-9,$3,$-6,$-0,$-0,$-1,$38,$31,$15,$0,$-1
