,Date,Stock Price,Book Value per Share,Price to Book Ratio,TTM Sales per Share,Price to Sales Ratio,TTM FCF per Share,Price to FCF Ratio,TTM Net EPS,PE Ratio,Current Assets,Current Liabilities,Current Ratio,Long Term Debt,Shareholder's Equity_x,Debt to Equity Ratio,TTM Revenue_x,TTM Gross Profit,Gross Margin,TTM Revenue_y,TTM Operating Income,Operating Margin,TTM Revenue_x,TTM EBIT,EBIT Margin,TTM Revenue_y,TTM EBITDA,EBITDA Margin,TTM Revenue_x,TTM Pre-Tax Income,Pre-Tax Margin,TTM Revenue_y,TTM Net Income_x,Net Margin,TTM Net Income_y,Shareholder's Equity_y,Return on Equity,TTM Net Income_x,Tangible Equity,Return on Tangible Equity,TTM Net Income_y,Total Assets,Return on Assets,TTM Net Income,LT Investments & Debt,Return on Investment,revenue,cost-goods-sold,gross-profit,research-development-expenses,selling-general-administrative-expenses,operating-expenses,operating-income,total-non-operating-income-expense,pre-tax-income,total-provision-income-taxes,income-after-taxes,income-from-continuous-operations,net-income,ebitda,ebit,basic-shares-outstanding,shares-outstanding,eps-basic-net-earnings-per-share,eps-earnings-per-share-diluted,cash-on-hand,inventory,other-current-assets,total-current-assets,net-property-plant-equipment,long-term-investments,goodwill-intangible-assets-total,other-long-term-assets,total-long-term-assets,total-assets,total-current-liabilities,long-term-debt,other-non-current-liabilities,total-long-term-liabilities,total-liabilities,common-stock-net,retained-earnings-accumulated-deficit,comprehensive-income,total-share-holder-equity,total-liabilities-share-holders-equity,net-income-loss,total-depreciation-amortization-cash-flow,other-non-cash-items,total-non-cash-items,change-in-accounts-receivable,change-in-inventories,change-in-accounts-payable,change-in-assets-liabilities,total-change-in-assets-liabilities,cash-flow-from-operating-activities,net-change-in-property-plant-equipment,net-change-in-intangible-assets,net-acquisitions-divestitures,net-change-in-short-term-investments,net-change-in-long-term-investments,net-change-in-investments-total,investing-activities-other,cash-flow-from-investing-activities,net-long-term-debt,net-current-debt,debt-issuance-retirement-net-total,net-common-equity-issued-repurchased,net-total-equity-issued-repurchased,total-common-preferred-stock-dividends-paid,financial-activities-other,cash-flow-from-financial-activities,net-cash-flow,stock-based-compensation,common-stock-dividends-paid
0,2018-09-30,82.0,$29.93,2.74,$38.77,2.11,$10.77,7.61,$3.76,21.81,$0.81B,$0.14B,5.8,$0.30B,$1.31B,0.23,$1.78B,$0.95B,53.54%,$1.78B,$0.22B,12.53%,$1.78B,$0.22B,12.53%,$1.78B,$0.27B,15.17%,$1.78B,$0.20B,11.18%,$1.78B,$0.17B,9.72%,$0.17B,$1.31B,12.53%,$0.17B,$0.32B,40.28%,$0.17B,$2.12B,8.45%,$0.22B,$1.61B,13.31%,$430,$193,$237,$0,$30,$378,$51,$-7,$44,$11,$33,$33,$33,$63,$51,$44,44,$0.76,$0.76,$57,$277,$406,$809,$250,$0,$995,$51,$1308,$2116,$139,$296,$318,$665,$805,$0,$570,$-98,$1312,$2116,$105,$34,$16,$50,$0,$3,$0,$-4,$19,$174,$-41,$0,$-88,$0,$0,$0,$-13,$-142,$198,$0,$198,$-258,$-258,$-30,$0,$-90,$-57,$4,$-30
1,2018-06-30,89.61,$29.55,3.03,$38.16,2.35,$10.31,8.69,$3.59,24.96,$0.76B,$0.12B,6.48,$0.30B,$1.31B,0.23,$1.79B,$0.95B,53.05%,$1.79B,$0.22B,12.27%,$1.79B,$0.22B,12.27%,$1.79B,$0.27B,15.01%,$1.79B,$0.20B,11.04%,$1.79B,$0.17B,9.41%,$0.17B,$1.31B,11.84%,$0.17B,$0.36B,34.67%,$0.17B,$2.01B,8.19%,$0.22B,$1.61B,12.77%,$420,$192,$228,$0,$30,$372,$48,$-6,$42,$12,$30,$30,$30,$60,$48,$45,45,$0.67,$0.67,$83,$250,$366,$762,$236,$0,$947,$52,$1248,$2010,$117,$296,$236,$582,$700,$0,$546,$-115,$1310,$2010,$72,$23,$10,$33,$0,$9,$0,$-1,$15,$120,$-23,$0,$-36,$0,$0,$0,$31,$-28,$115,$0,$115,$-217,$-217,$-20,$0,$-123,$-31,$3,$-20
2,2018-03-31,80.83,$31.26,2.59,$37.47,2.16,$9.93,8.14,$3.24,24.95,$0.77B,$0.14B,5.62,$0.30B,$1.42B,0.21,$1.78B,$0.94B,52.92%,$1.78B,$0.21B,11.90%,$1.78B,$0.21B,11.90%,$1.78B,$0.26B,14.81%,$1.78B,$0.18B,9.88%,$1.78B,$0.15B,8.59%,$0.15B,$1.42B,10.45%,$0.15B,$0.49B,28.73%,$0.15B,$2.00B,7.37%,$0.21B,$1.72B,12.05%,$450,$211,$239,$0,$28,$389,$61,$-5,$56,$14,$42,$42,$42,$72,$61,$46,46,$0.90,$0.90,$110,$254,$340,$766,$234,$0,$936,$54,$1237,$2004,$136,$295,$99,$443,$579,$0,$526,$-90,$1424,$2004,$42,$11,$5,$16,$0,$8,$0,$1,$34,$91,$-9,$0,$-13,$0,$0,$0,$56,$34,$-24,$0,$-24,$-100,$-100,$-10,$0,$-134,$-4,$1,$-10
3,2017-12-31,66.9,$31.45,2.13,$37.04,1.81,$9.31,7.18,$3.01,22.23,$0.84B,$0.12B,6.99,$0.30B,$1.48B,0.2,$1.78B,$0.95B,53.20%,$1.78B,$0.21B,11.74%,$1.78B,$0.21B,11.74%,$1.78B,$0.27B,14.89%,$1.78B,$0.17B,9.66%,$1.78B,$0.14B,8.09%,$0.14B,$1.48B,9.73%,$0.14B,$0.55B,26.28%,$0.14B,$2.06B,6.90%,$0.21B,$1.77B,11.94%,$480,$231,$249,$0,$29,$417,$63,$-6,$57,$-11,$68,$68,$68,$75,$63,$48,48,$1.43,$1.42,$114,$277,$368,$842,$230,$0,$925,$54,$1221,$2063,$121,$295,$125,$467,$587,$0,$494,$-112,$1475,$2063,$144,$56,$15,$72,$0,$16,$0,$12,$5,$220,$-37,$0,$-2,$0,$0,$0,$41,$1,$-64,$0,$-64,$-91,$-91,$-37,$-5,$-198,$24,$3,$-37
4,2017-09-30,62.44,$31.00,2.01,$40.21,1.55,$7.29,8.57,$2.34,26.68,$0.90B,$0.14B,6.57,$0.30B,$1.47B,0.2,$1.76B,$0.95B,54.03%,$1.76B,$0.21B,11.75%,$1.76B,$0.21B,11.75%,$1.76B,$0.27B,15.10%,$1.76B,$0.17B,9.70%,$1.76B,$0.11B,6.41%,$0.11B,$1.47B,7.67%,$0.11B,$0.54B,20.96%,$0.11B,$2.13B,5.36%,$0.21B,$1.76B,12.03%,$435,$204,$231,$0,$30,$388,$47,$-6,$42,$13,$28,$28,$28,$61,$47,$48,48,$0.59,$0.59,$93,$309,$396,$895,$234,$0,$931,$59,$1237,$2132,$136,$295,$160,$528,$664,$0,$436,$-88,$1468,$2132,$76,$43,$38,$81,$0,$5,$0,$5,$-8,$149,$-27,$0,$-1,$0,$0,$0,$5,$-22,$-31,$0,$-31,$-65,$-65,$-27,$-5,$-128,$3,$2,$-27
5,2017-06-30,57.45,$31.06,1.85,$38.62,1.49,$5.21,11.02,$1.71,33.6,$0.86B,$0.13B,6.85,$0.30B,$1.49B,0.2,$1.59B,$0.87B,54.66%,$1.59B,$0.17B,10.45%,$1.59B,$0.17B,10.45%,$1.59B,$0.22B,13.73%,$1.59B,$0.13B,8.12%,$1.59B,$0.08B,5.29%,$0.08B,$1.49B,5.73%,$0.08B,$0.56B,16.15%,$0.08B,$2.10B,3.92%,$0.17B,$1.79B,9.84%,$417,$192,$224,$0,$30,$376,$41,$-19,$21,$6,$15,$15,$15,$56,$41,$48,48,$0.32,$0.32,$91,$301,$378,$857,$237,$0,$937,$61,$1248,$2104,$125,$295,$119,$488,$613,$0,$417,$-83,$1491,$2104,$48,$29,$33,$63,$0,$9,$0,$12,$-8,$103,$-17,$0,$-1,$0,$0,$0,$34,$15,$-74,$0,$-74,$-26,$-26,$-18,$-5,$-123,$1,$2,$-18
6,2017-03-31,48.26,$30.79,1.57,$36.43,1.32,$4.24,11.38,$1.80,26.81,$0.79B,$0.12B,6.7,$0.20B,$1.49B,0.13,$1.35B,$0.75B,55.06%,$1.35B,$0.15B,10.79%,$1.35B,$0.15B,10.79%,$1.35B,$0.19B,13.97%,$1.35B,$0.13B,9.24%,$1.35B,$0.08B,5.99%,$0.08B,$1.49B,6.75%,$0.08B,$0.55B,19.76%,$0.08B,$2.04B,4.49%,$0.15B,$1.68B,10.45%,$448,$205,$243,$0,$33,$390,$58,$-6,$52,$20,$33,$33,$33,$73,$58,$48,48,$0.67,$0.67,$73,$308,$337,$789,$237,$0,$937,$69,$1255,$2044,$118,$197,$167,$439,$556,$0,$411,$-97,$1487,$2044,$33,$14,$16,$30,$0,$7,$0,$15,$1,$64,$-8,$0,$-1,$0,$0,$0,$67,$58,$-123,$0,$-123,$-10,$-10,$-9,$0,$-142,$-17,$1,$-9
7,2016-12-31,45.95,$29.89,1.54,$33.67,1.36,$3.75,12.25,$1.60,28.72,$0.89B,$0.14B,6.21,$0.20B,$1.45B,0.14,$1.09B,$0.60B,55.51%,$1.09B,$0.11B,10.29%,$1.09B,$0.11B,10.29%,$1.09B,$0.15B,13.33%,$1.09B,$0.09B,8.55%,$1.09B,$0.06B,5.61%,$0.06B,$1.45B,6.50%,$0.06B,$0.51B,20.20%,$0.06B,$2.15B,4.11%,$0.11B,$1.65B,9.87%,$462,$208,$254,$0,$38,$401,$61,$-5,$56,$19,$37,$37,$37,$76,$61,$35,35,$0.88,$0.88,$90,$331,$380,$892,$236,$0,$936,$72,$1253,$2145,$144,$197,$294,$552,$695,$0,$387,$-120,$1450,$2145,$60,$33,$21,$54,$0,$-5,$0,$7,$-17,$97,$-34,$0,$-38,$0,$0,$0,$46,$-26,$-37,$0,$-37,$0,$0,$-20,$-2,$-59,$3,$4,$-20
8,2016-09-30,45.84,$29.54,1.55,$27.23,1.68,$4.48,10.23,$1.53,29.96,$0.99B,$0.17B,5.85,$0.20B,$1.43B,0.14,$0.82B,$0.45B,55.45%,$0.82B,$0.08B,10.16%,$0.82B,$0.08B,10.16%,$0.82B,$0.11B,12.85%,$0.82B,$0.07B,7.96%,$0.82B,$0.04B,5.26%,$0.04B,$1.43B,6.29%,$0.04B,$0.46B,20.87%,$0.04B,$2.28B,3.79%,$0.08B,$1.63B,9.43%,$261,$114,$147,$0,$25,$256,$6,$-5,$0,$2,$-1,$-1,$-1,$13,$6,$35,35,$-0.04,$-0.04,$138,$333,$401,$986,$241,$0,$972,$69,$1292,$2278,$168,$196,$438,$676,$845,$0,$360,$-109,$1433,$2278,$23,$18,$15,$34,$0,$-5,$0,$-1,$-16,$40,$-23,$0,$-37,$0,$0,$0,$-29,$-89,$63,$0,$63,$0,$0,$-11,$-2,$51,$-4,$4,$-11
9,2016-06-30,49.86,$15.35,3.25,$25.70,1.94,$5.75,8.68,$1.97,25.31,$0.30B,$0.05B,5.7,$0.20B,$0.43B,0.45,$0.73B,$0.40B,55.23%,$0.73B,$0.10B,13.36%,$0.73B,$0.10B,13.36%,$0.73B,$0.12B,16.12%,$0.73B,$0.08B,11.16%,$0.73B,$0.06B,7.58%,$0.06B,$0.43B,12.82%,$0.06B,$0.12B,46.03%,$0.06B,$0.76B,7.31%,$0.10B,$0.63B,15.51%,$182,$81,$101,$0,$17,$161,$21,$-4,$17,$6,$12,$12,$12,$27,$21,$28,28,$0.41,$0.41,$46,$92,$136,$300,$124,$0,$318,$4,$457,$757,$53,$196,$51,$271,$323,$0,$661,$-95,$433,$757,$25,$10,$4,$14,$0,$1,$0,$2,$0,$40,$-17,$0,$-28,$0,$0,$0,$-9,$-54,$-14,$0,$-14,$0,$0,$-7,$-0,$-21,$-41,$1,$-7
10,2016-03-31,44.62,$15.55,2.87,$25.15,1.77,$6.12,7.29,$2.03,21.98,$0.30B,$0.06B,5.3,$0.20B,$0.44B,0.45,$0.71B,$0.39B,55.34%,$0.71B,$0.10B,13.90%,$0.71B,$0.10B,13.90%,$0.71B,$0.12B,16.57%,$0.71B,$0.08B,11.66%,$0.71B,$0.06B,7.87%,$0.06B,$0.44B,13.05%,$0.06B,$0.12B,45.16%,$0.06B,$0.75B,7.47%,$0.10B,$0.64B,15.84%,$183,$81,$102,$0,$17,$159,$24,$-4,$20,$6,$13,$13,$13,$29,$24,$28,28,$0.47,$0.47,$54,$91,$0,$296,$121,$0,$322,$4,$457,$754,$56,$196,$40,$259,$315,$0,$653,$-81,$439,$754,$13,$5,$3,$8,$0,$2,$0,$3,$4,$25,$-6,$0,$-26,$0,$0,$0,$5,$-27,$-25,$0,$-25,$0,$0,$-4,$0,$-28,$-33,$1,$-4
11,2015-12-31,36.15,$15.28,2.37,$24.81,1.46,$6.27,5.77,$2.15,16.81,$0.33B,$0.05B,7.05,$0.20B,$0.43B,0.45,$0.71B,$0.39B,55.46%,$0.71B,$0.10B,14.61%,$0.71B,$0.10B,14.61%,$0.71B,$0.12B,17.30%,$0.71B,$0.09B,12.34%,$0.71B,$0.06B,8.51%,$0.06B,$0.43B,14.04%,$0.06B,$0.13B,44.94%,$0.06B,$0.75B,8.15%,$0.10B,$0.63B,16.53%,$191,$88,$103,$0,$13,$160,$32,$-4,$28,$8,$19,$19,$19,$36,$32,$28,28,$0.70,$0.68,$87,$93,$0,$325,$112,$0,$302,$4,$427,$753,$46,$196,$58,$275,$322,$0,$644,$-78,$431,$753,$61,$19,$9,$28,$0,$-1,$0,$0,$4,$93,$-21,$0,$-47,$0,$0,$0,$-4,$-72,$36,$0,$36,$-30,$-30,$0,$4,$9,$19,$0,$0
12,2015-09-30,38.69,$14.66,2.64,$25.03,1.55,$6.27,6.17,$2.40,16.12,$0.32B,$0.05B,6.9,$0.20B,$0.41B,0.47,$0.72B,$0.40B,55.79%,$0.72B,$0.11B,15.62%,$0.72B,$0.11B,15.62%,$0.72B,$0.13B,18.27%,$0.72B,$0.10B,13.39%,$0.72B,$0.07B,9.48%,$0.07B,$0.41B,15.88%,$0.07B,$0.12B,48.40%,$0.07B,$0.75B,9.35%,$0.11B,$0.61B,17.92%,$170,$74,$95,$0,$12,$149,$20,$-4,$16,$5,$11,$11,$11,$25,$20,$28,28,$0.40,$0.40,$73,$98,$128,$324,$110,$0,$298,$4,$420,$745,$47,$196,$69,$284,$331,$0,$624,$-75,$413,$745,$41,$14,$11,$25,$0,$-3,$0,$-4,$-1,$65,$-16,$0,$-33,$0,$0,$0,$-22,$-71,$46,$0,$46,$-29,$-29,$0,$2,$19,$5,$0,$0
13,2015-06-30,44.03,$15.39,2.86,$25.10,1.75,$6.30,6.99,$2.68,16.43,$0.31B,$0.04B,7.67,$0.20B,$0.43B,0.45,$0.72B,$0.40B,55.96%,$0.72B,$0.12B,17.17%,$0.72B,$0.12B,17.17%,$0.72B,$0.14B,19.67%,$0.72B,$0.11B,14.96%,$0.72B,$0.08B,10.66%,$0.08B,$0.43B,17.81%,$0.08B,$0.13B,50.33%,$0.08B,$0.75B,10.74%,$0.12B,$0.63B,19.68%,$168,$74,$94,$0,$14,$144,$23,$-4,$19,$6,$13,$13,$13,$28,$23,$28,28,$0.47,$0.47,$77,$88,$0,$313,$112,$0,$300,$11,$432,$745,$41,$196,$56,$270,$311,$0,$613,$-54,$434,$745,$30,$9,$3,$12,$0,$1,$0,$-0,$-0,$42,$-9,$0,$-32,$0,$0,$0,$-4,$-44,$34,$0,$34,$-20,$-20,$0,$2,$15,$9,$1,$0
14,2015-03-31,44.93,$15.27,2.94,$24.84,1.81,$6.37,7.05,$2.76,16.28,$0.29B,$0.04B,7.02,$0.20B,$0.43B,0.45,$0.72B,$0.40B,56.19%,$0.72B,$0.13B,17.80%,$0.72B,$0.13B,17.80%,$0.72B,$0.15B,20.31%,$0.72B,$0.11B,15.58%,$0.72B,$0.08B,11.13%,$0.08B,$0.43B,18.42%,$0.08B,$0.16B,48.05%,$0.08B,$0.70B,11.35%,$0.13B,$0.63B,20.21%,$176,$77,$99,$0,$14,$148,$28,$-4,$24,$8,$17,$17,$17,$33,$28,$28,29,$0.59,$0.59,$76,$83,$0,$293,$113,$0,$277,$11,$409,$702,$42,$195,$15,$228,$270,$0,$600,$-47,$432,$702,$17,$5,$1,$6,$0,$2,$0,$2,$4,$27,$-4,$0,$-2,$0,$0,$0,$8,$2,$-8,$0,$-8,$-14,$-14,$0,$2,$-20,$8,$1,$0
15,2014-12-31,53.77,$15.24,3.53,$24.47,2.2,$6.23,8.63,$2.94,18.29,$0.30B,$0.04B,7.07,$0.20B,$0.43B,0.46,$0.71B,$0.40B,56.24%,$0.71B,$0.13B,18.23%,$0.71B,$0.13B,18.23%,$0.71B,$0.15B,20.76%,$0.71B,$0.12B,16.41%,$0.71B,$0.09B,12.06%,$0.09B,$0.43B,19.75%,$0.09B,$0.16B,49.64%,$0.09B,$0.72B,12.27%,$0.13B,$0.63B,20.46%,$203,$91,$112,$0,$13,$162,$41,$-4,$37,$10,$27,$27,$27,$45,$41,$29,29,$0.95,$0.93,$68,$91,$0,$301,$114,$0,$277,$16,$416,$717,$43,$200,$22,$240,$282,$0,$583,$-40,$434,$717,$85,$18,$4,$22,$0,$-1,$0,$-2,$-10,$98,$-24,$0,$-59,$0,$0,$0,$-2,$-85,$32,$0,$32,$-39,$-39,$0,$-2,$-9,$-3,$2,$0
16,2014-09-30,54.07,$15.17,3.56,$23.76,2.28,$6.40,8.44,$2.84,19.04,$0.31B,$0.05B,6.14,$0.20B,$0.43B,0.47,$0.70B,$0.39B,55.97%,$0.70B,$0.13B,18.13%,$0.70B,$0.13B,18.13%,$0.70B,$0.14B,20.72%,$0.70B,$0.12B,16.69%,$0.70B,$0.08B,12.09%,$0.08B,$0.43B,19.51%,$0.08B,$0.17B,48.14%,$0.08B,$0.71B,12.24%,$0.13B,$0.63B,21.66%,$175,$76,$99,$0,$13,$143,$32,$-4,$28,$8,$20,$20,$20,$36,$32,$28,29,$0.69,$0.68,$43,$95,$0,$308,$115,$0,$265,$16,$396,$705,$50,$200,$18,$225,$275,$0,$556,$-12,$429,$705,$58,$14,$4,$17,$0,$-4,$0,$-4,$-6,$69,$-18,$0,$-35,$0,$0,$0,$-24,$-77,$27,$0,$27,$-42,$-42,$0,$-5,$-19,$-28,$1,$0
17,2014-06-30,55.62,$15.38,3.62,$23.59,2.36,$6.53,8.52,$2.95,18.85,$0.31B,$0.04B,7.35,$0.20B,$0.44B,0.45,$0.69B,$0.38B,55.41%,$0.69B,$0.13B,18.04%,$0.69B,$0.13B,18.04%,$0.69B,$0.14B,20.49%,$0.69B,$0.12B,16.88%,$0.69B,$0.09B,12.55%,$0.09B,$0.44B,20.70%,$0.09B,$0.19B,50.43%,$0.09B,$0.70B,13.16%,$0.13B,$0.64B,23.91%,$165,$71,$94,$0,$14,$138,$27,$-4,$23,$7,$16,$16,$16,$32,$27,$29,29,$0.55,$0.55,$84,$78,$125,$312,$112,$0,$255,$16,$383,$695,$42,$200,$0,$210,$252,$0,$536,$-7,$442,$695,$39,$9,$2,$11,$0,$0,$0,$0,$-1,$49,$-12,$0,$-6,$-8,$0,$-8,$0,$-26,$10,$0,$10,$-13,$-13,$0,$-6,$-9,$13,$1,$0
18,2014-03-31,48.73,$15.11,3.23,$22.76,2.14,$6.45,7.55,$2.93,16.63,$0.31B,$0.04B,7.56,$0.20B,$0.44B,0.46,$0.67B,$0.37B,55.82%,$0.67B,$0.12B,18.21%,$0.67B,$0.12B,18.21%,$0.67B,$0.14B,20.60%,$0.67B,$0.12B,17.61%,$0.67B,$0.09B,12.99%,$0.09B,$0.44B,21.68%,$0.09B,$0.18B,53.70%,$0.09B,$0.69B,13.79%,$0.12B,$0.64B,26.78%,$170,$73,$96,$0,$13,$139,$30,$-1,$29,$6,$23,$23,$23,$35,$30,$29,29,$0.78,$0.77,$95,$72,$0,$307,$110,$0,$255,$16,$381,$687,$41,$200,$0,$209,$250,$0,$520,$-8,$437,$687,$23,$4,$1,$6,$0,$2,$0,$-0,$-3,$25,$-6,$0,$-5,$6,$0,$6,$0,$-5,$10,$0,$10,$0,$0,$0,$-6,$4,$24,$1,$0
19,2013-12-31,59.73,$14.54,4.11,$22.32,2.68,$6.47,9.23,$2.84,21.03,$0.29B,$0.05B,5.95,$0.01B,$0.41B,0.01,$0.66B,$0.37B,55.91%,$0.66B,$0.12B,18.79%,$0.66B,$0.12B,18.79%,$0.66B,$0.14B,20.91%,$0.66B,$0.12B,18.18%,$0.66B,$0.08B,12.73%,$0.08B,$0.41B,21.50%,$0.08B,$0.16B,48.63%,$0.08B,$0.66B,14.34%,$0.12B,$0.42B,31.23%,$185,$85,$100,$0,$11,$148,$37,$-1,$36,$10,$26,$26,$25,$41,$37,$29,30,$0.86,$0.84,$71,$78,$1,$290,$108,$0,$251,$9,$369,$659,$49,$5,$182,$196,$245,$0,$498,$-8,$414,$659,$84,$15,$-5,$10,$0,$-1,$0,$1,$13,$107,$-27,$0,$-114,$-0,$0,$-0,$0,$-141,$76,$0,$76,$-29,$-29,$0,$8,$55,$20,$1,$0
20,2013-09-30,55.91,$13.41,4.17,$21.96,2.55,$6.02,9.29,$2.93,19.08,$0.26B,$0.05B,5.4,$0.01B,$0.39B,0.02,$0.65B,$0.37B,56.31%,$0.65B,$0.13B,19.69%,$0.65B,$0.13B,19.69%,$0.65B,$0.14B,21.85%,$0.65B,$0.13B,19.23%,$0.65B,$0.09B,13.38%,$0.09B,$0.39B,23.18%,$0.09B,$0.16B,48.74%,$0.09B,$0.60B,15.88%,$0.13B,$0.39B,33.46%,$173,$79,$94,$0,$13,$143,$31,$-1,$29,$6,$23,$23,$23,$34,$31,$29,29,$0.80,$0.79,$31,$83,$0,$261,$102,$0,$230,$9,$341,$603,$48,$6,$153,$167,$215,$0,$473,$-9,$388,$603,$59,$11,$-5,$6,$0,$-4,$0,$-3,$8,$74,$-18,$0,$-84,$-17,$0,$-17,$0,$-119,$48,$0,$48,$-30,$-30,$0,$7,$25,$-20,$1,$0
21,2013-06-30,47.53,$12.66,3.76,$21.14,2.25,$5.41,8.79,$2.78,17.1,$0.25B,$0.04B,7.0,$0.01B,$0.37B,0.02,$0.63B,$0.36B,57.10%,$0.63B,$0.13B,20.26%,$0.63B,$0.13B,20.26%,$0.63B,$0.14B,22.65%,$0.63B,$0.13B,20.10%,$0.63B,$0.08B,13.24%,$0.08B,$0.37B,23.22%,$0.08B,$0.15B,46.69%,$0.08B,$0.58B,15.98%,$0.13B,$0.37B,34.72%,$142,$58,$84,$0,$13,$118,$24,$-1,$24,$8,$16,$16,$16,$28,$24,$29,30,$0.54,$0.53,$33,$82,$0,$249,$98,$0,$220,$9,$327,$575,$36,$7,$153,$174,$210,$0,$450,$-7,$366,$575,$36,$7,$3,$10,$0,$-4,$0,$1,$-1,$45,$-10,$0,$-72,$-7,$0,$-7,$0,$-89,$49,$0,$49,$-30,$-30,$0,$7,$26,$-18,$1,$0
22,2013-03-31,56.35,$13.33,4.23,$20.83,2.71,$5.26,10.72,$2.81,20.05,$0.23B,$0.03B,6.85,$0.01B,$0.40B,0.02,$0.62B,$0.35B,56.56%,$0.62B,$0.13B,20.75%,$0.62B,$0.13B,20.75%,$0.62B,$0.14B,23.01%,$0.62B,$0.13B,20.58%,$0.62B,$0.08B,13.45%,$0.08B,$0.40B,24.52%,$0.08B,$0.23B,45.48%,$0.08B,$0.51B,17.41%,$0.13B,$0.40B,37.02%,$160,$69,$91,$0,$13,$128,$32,$-1,$31,$11,$20,$20,$20,$35,$32,$29,30,$0.69,$0.68,$38,$65,$0,$233,$97,$0,$169,$7,$272,$506,$34,$8,$52,$77,$111,$0,$434,$-1,$395,$506,$20,$4,$1,$5,$0,$1,$0,$-3,$-0,$25,$-5,$0,$-1,$3,$0,$3,$0,$-3,$-51,$0,$-51,$8,$8,$0,$7,$-36,$-12,$0,$0
23,2012-12-31,47.92,$12.11,3.96,$19.93,2.4,$5.39,8.89,$2.71,17.68,$0.24B,$0.03B,7.75,$0.01B,$0.35B,0.02,$0.59B,$0.34B,56.76%,$0.59B,$0.12B,20.78%,$0.59B,$0.12B,20.78%,$0.59B,$0.14B,23.14%,$0.59B,$0.12B,20.78%,$0.59B,$0.08B,13.68%,$0.08B,$0.35B,25.69%,$0.08B,$0.19B,46.69%,$0.08B,$0.51B,18.23%,$0.12B,$0.36B,38.29%,$175,$79,$97,$0,$14,$134,$41,$-1,$41,$13,$27,$27,$28,$45,$41,$29,30,$0.96,$0.92,$50,$65,$2,$241,$93,$0,$166,$7,$266,$508,$31,$8,$103,$124,$155,$0,$414,$-7,$352,$508,$80,$13,$6,$19,$0,$-3,$0,$3,$-11,$89,$-22,$0,$-121,$0,$0,$0,$-17,$-160,$101,$0,$101,$-57,$-57,$0,$6,$50,$-20,$1,$0
24,2012-09-30,44.44,$11.06,4.02,$18.46,2.41,$4.77,9.32,$2.48,17.92,$0.23B,$0.04B,5.9,$0.01B,$0.32B,0.03,$0.56B,$0.31B,56.19%,$0.56B,$0.11B,20.29%,$0.56B,$0.11B,20.29%,$0.56B,$0.13B,22.62%,$0.56B,$0.11B,20.29%,$0.56B,$0.07B,13.29%,$0.07B,$0.32B,24.18%,$0.07B,$0.15B,39.26%,$0.07B,$0.49B,18.20%,$0.11B,$0.33B,36.48%,$150,$64,$86,$0,$12,$119,$30,$-0,$30,$10,$20,$20,$19,$34,$30,$29,29,$0.66,$0.64,$26,$66,$0,$230,$90,$0,$163,$6,$259,$488,$39,$9,$111,$132,$171,$0,$386,$-5,$317,$488,$53,$9,$4,$13,$0,$-4,$0,$-4,$-12,$54,$-16,$0,$-108,$-26,$0,$-26,$0,$-150,$110,$0,$110,$-61,$-61,$0,$0,$50,$-45,$1,$0
25,2012-06-30,38.8,$10.15,3.82,$17.63,2.2,$4.54,8.54,$2.43,15.97,$0.19B,$0.03B,5.88,$0.00B,$0.29B,0.01,$0.54B,$0.30B,56.11%,$0.54B,$0.11B,20.56%,$0.54B,$0.11B,20.56%,$0.54B,$0.12B,22.78%,$0.54B,$0.11B,20.56%,$0.54B,$0.07B,13.52%,$0.07B,$0.29B,24.27%,$0.07B,$0.16B,35.31%,$0.07B,$0.41B,19.74%,$0.11B,$0.29B,36.69%,$132,$58,$75,$0,$12,$107,$25,$-0,$25,$9,$16,$16,$16,$28,$25,$29,29,$0.57,$0.56,$30,$53,$0,$189,$84,$0,$127,$6,$216,$405,$32,$3,$72,$83,$115,$0,$367,$-12,$290,$405,$34,$6,$2,$8,$0,$-1,$0,$6,$-2,$40,$-10,$0,$-71,$-11,$0,$-11,$0,$-91,$71,$0,$71,$-61,$-61,$0,$0,$10,$-41,$1,$0
26,2012-03-31,41.42,$10.37,4.0,$16.91,2.45,$4.17,9.94,$2.35,17.63,$0.18B,$0.04B,4.22,$0.00B,$0.30B,0.01,$0.53B,$0.30B,56.14%,$0.53B,$0.11B,20.60%,$0.53B,$0.11B,20.60%,$0.53B,$0.12B,22.87%,$0.53B,$0.11B,20.60%,$0.53B,$0.07B,13.61%,$0.07B,$0.30B,23.30%,$0.07B,$0.19B,31.54%,$0.07B,$0.38B,19.93%,$0.11B,$0.31B,35.13%,$135,$57,$78,$0,$12,$108,$27,$0,$27,$9,$17,$17,$18,$30,$27,$30,30,$0.59,$0.58,$30,$47,$0,$176,$83,$0,$112,$5,$200,$376,$42,$3,$18,$32,$74,$0,$351,$-6,$302,$376,$18,$3,$1,$4,$0,$0,$0,$6,$8,$29,$-4,$0,$-44,$-2,$0,$-2,$0,$-50,$18,$0,$18,$-39,$-39,$0,$0,$-21,$-40,$0,$0
27,2011-12-31,33.89,$10.48,3.23,$16.25,2.09,$3.95,8.58,$2.47,13.72,$0.21B,$0.04B,5.95,$0.00B,$0.32B,0.0,$0.52B,$0.29B,56.12%,$0.52B,$0.11B,20.58%,$0.52B,$0.11B,20.58%,$0.52B,$0.12B,22.91%,$0.52B,$0.11B,20.58%,$0.52B,$0.08B,14.95%,$0.08B,$0.32B,24.44%,$0.08B,$0.25B,31.53%,$0.08B,$0.36B,21.27%,$0.11B,$0.32B,33.54%,$140,$65,$74,$0,$11,$109,$31,$0,$31,$10,$21,$21,$21,$34,$31,$31,31,$0.72,$0.70,$70,$44,$1,$210,$73,$0,$70,$3,$147,$357,$35,$0,$0,$6,$42,$0,$334,$-13,$315,$357,$78,$11,$-8,$3,$0,$0,$0,$-5,$-1,$80,$-29,$0,$-8,$20,$0,$20,$-5,$-22,$-2,$0,$-2,$-53,$-53,$0,$2,$-53,$3,$1,$0
28,2011-09-30,40.52,$9.84,4.12,$15.86,2.56,$4.10,9.89,$2.39,16.95,$0.20B,$0.04B,5.15,$0.00B,$0.30B,0.0,$0.50B,$0.29B,57.49%,$0.50B,$0.10B,20.36%,$0.50B,$0.10B,20.36%,$0.50B,$0.11B,22.75%,$0.50B,$0.10B,20.36%,$0.50B,$0.08B,15.17%,$0.08B,$0.30B,24.46%,$0.08B,$0.23B,31.67%,$0.08B,$0.34B,21.21%,$0.10B,$0.30B,32.69%,$133,$57,$76,$0,$12,$105,$28,$0,$28,$10,$18,$18,$18,$31,$28,$30,31,$0.60,$0.59,$48,$55,$0,$200,$69,$0,$69,$4,$141,$341,$39,$1,$0,$6,$45,$0,$312,$-11,$296,$341,$56,$8,$-8,$0,$0,$-4,$0,$-2,$-2,$55,$-21,$0,$-4,$3,$0,$3,$0,$-22,$-0,$0,$-0,$-53,$-53,$0,$2,$-51,$-19,$0,$0
29,2011-06-30,40.55,$10.46,3.88,$15.02,2.7,$4.21,9.63,$2.26,17.94,$0.23B,$0.04B,6.02,$0.00B,$0.32B,0.0,$0.47B,$0.28B,58.02%,$0.47B,$0.09B,19.83%,$0.47B,$0.09B,19.83%,$0.47B,$0.11B,22.36%,$0.47B,$0.09B,19.83%,$0.47B,$0.07B,15.19%,$0.07B,$0.32B,23.86%,$0.07B,$0.25B,31.14%,$0.07B,$0.37B,20.65%,$0.09B,$0.32B,31.00%,$121,$52,$69,$0,$11,$97,$23,$0,$23,$8,$15,$15,$15,$26,$23,$31,32,$0.49,$0.48,$68,$55,$1,$226,$70,$0,$73,$3,$145,$371,$37,$1,$0,$11,$49,$0,$294,$1,$323,$371,$38,$5,$-11,$-5,$0,$-2,$0,$2,$3,$35,$-15,$0,$-4,$2,$0,$2,$0,$-17,$-0,$0,$-0,$-20,$-20,$0,$2,$-18,$1,$0,$0
30,2011-03-31,37.28,$10.41,3.58,$14.32,2.6,$4.40,8.47,$2.16,17.26,$0.24B,$0.04B,5.88,$0.00B,$0.33B,0.0,$0.45B,$0.26B,58.48%,$0.45B,$0.09B,19.42%,$0.45B,$0.09B,19.42%,$0.45B,$0.10B,22.10%,$0.45B,$0.09B,19.42%,$0.45B,$0.07B,15.40%,$0.07B,$0.33B,24.53%,$0.07B,$0.25B,32.36%,$0.07B,$0.38B,21.10%,$0.09B,$0.33B,30.69%,$121,$51,$70,$0,$12,$96,$24,$0,$24,$9,$16,$16,$23,$27,$24,$31,32,$0.72,$0.70,$98,$49,$1,$241,$63,$0,$72,$3,$138,$379,$41,$1,$0,$12,$53,$0,$278,$0,$326,$379,$23,$3,$-9,$-6,$0,$-0,$0,$3,$9,$25,$-6,$0,$-4,$13,$0,$13,$0,$3,$-0,$0,$-0,$1,$1,$0,$2,$2,$31,$0,$0
31,2010-12-31,29.93,$9.56,3.13,$13.63,2.2,$4.33,6.91,$1.85,16.18,$0.21B,$0.04B,5.92,$0.00B,$0.30B,0.01,$0.42B,$0.25B,58.53%,$0.42B,$0.08B,18.72%,$0.42B,$0.08B,18.72%,$0.42B,$0.09B,21.56%,$0.42B,$0.08B,18.72%,$0.42B,$0.06B,13.74%,$0.06B,$0.30B,22.52%,$0.06B,$0.23B,30.25%,$0.06B,$0.34B,19.25%,$0.08B,$0.30B,30.33%,$126,$53,$73,$0,$11,$98,$27,$0,$27,$10,$18,$18,$20,$30,$27,$30,31,$0.64,$0.63,$67,$47,$1,$205,$58,$0,$69,$3,$137,$342,$35,$1,$0,$10,$44,$0,$256,$-3,$298,$342,$58,$11,$5,$15,$0,$-4,$0,$1,$1,$74,$-18,$0,$-6,$-24,$0,$-24,$0,$-48,$-10,$0,$-10,$17,$17,$0,$6,$14,$40,$1,$0
32,2010-09-30,26.8,$8.59,3.12,$12.94,2.07,$4.87,5.51,$1.72,15.58,$0.17B,$0.03B,4.9,$0.00B,$0.26B,0.01,$0.40B,$0.23B,57.18%,$0.40B,$0.07B,17.13%,$0.40B,$0.07B,17.13%,$0.40B,$0.08B,20.40%,$0.40B,$0.07B,17.13%,$0.40B,$0.05B,13.35%,$0.05B,$0.26B,22.46%,$0.05B,$0.19B,31.13%,$0.05B,$0.30B,18.95%,$0.07B,$0.26B,28.30%,$106,$43,$63,$0,$10,$86,$20,$-0,$20,$7,$13,$13,$14,$23,$20,$30,31,$0.47,$0.46,$33,$44,$0,$169,$56,$0,$68,$3,$134,$303,$34,$2,$0,$8,$43,$0,$236,$-4,$260,$303,$38,$8,$3,$11,$2,$-3,$0,$-1,$1,$50,$-13,$0,$-6,$-23,$0,$-23,$0,$-41,$-10,$0,$-10,$5,$5,$0,$2,$-3,$6,$0,$0
33,2010-06-30,21.05,$7.99,2.64,$12.54,1.68,$4.95,4.25,$1.65,12.76,$0.16B,$0.04B,4.53,$0.00B,$0.24B,0.02,$0.38B,$0.22B,56.66%,$0.38B,$0.06B,16.71%,$0.38B,$0.06B,16.71%,$0.38B,$0.08B,19.84%,$0.38B,$0.06B,16.71%,$0.38B,$0.05B,13.32%,$0.05B,$0.24B,23.21%,$0.05B,$0.18B,33.17%,$0.05B,$0.28B,18.63%,$0.06B,$0.25B,28.44%,$95,$39,$56,$0,$9,$79,$16,$-0,$16,$6,$10,$10,$12,$19,$16,$30,31,$0.39,$0.38,$46,$35,$0,$160,$51,$0,$62,$2,$124,$284,$35,$4,$0,$8,$43,$0,$222,$-6,$241,$284,$24,$5,$1,$6,$1,$-0,$0,$1,$3,$33,$-8,$0,$0,$-8,$0,$-8,$0,$-15,$-2,$0,$-2,$2,$2,$0,$1,$1,$19,$0,$0
34,2010-03-31,20.87,$7.67,2.72,$12.18,1.71,$5.01,4.16,$1.65,12.65,$0.15B,$0.04B,4.35,$0.01B,$0.23B,0.02,$0.37B,$0.21B,56.76%,$0.37B,$0.06B,17.03%,$0.37B,$0.06B,17.03%,$0.37B,$0.08B,20.27%,$0.37B,$0.06B,16.76%,$0.37B,$0.05B,13.78%,$0.05B,$0.23B,24.82%,$0.05B,$0.17B,37.50%,$0.05B,$0.28B,18.94%,$0.06B,$0.24B,29.79%,$95,$39,$55,$0,$10,$78,$16,$-0,$16,$6,$10,$10,$12,$19,$16,$30,31,$0.40,$0.39,$47,$31,$0,$151,$51,$0,$63,$2,$124,$276,$35,$5,$0,$10,$45,$0,$210,$-3,$231,$276,$12,$3,$0,$3,$1,$2,$0,$3,$5,$20,$-4,$0,$0,$2,$0,$2,$0,$-1,$-2,$0,$-2,$2,$2,$0,$1,$2,$21,$0,$0
35,2009-12-31,21.43,$7.12,3.01,$11.79,1.82,$5.10,4.2,$1.64,13.07,$0.14B,$0.04B,3.87,$0.01B,$0.21B,0.03,$0.36B,$0.21B,57.75%,$0.36B,$0.06B,17.46%,$0.36B,$0.06B,17.46%,$0.36B,$0.07B,20.56%,$0.36B,$0.06B,17.18%,$0.36B,$0.05B,14.08%,$0.05B,$0.21B,26.49%,$0.05B,$0.14B,42.92%,$0.05B,$0.26B,19.12%,$0.06B,$0.22B,31.71%,$101,$48,$53,$0,$10,$85,$16,$-0,$16,$6,$10,$10,$15,$20,$16,$30,30,$0.50,$0.50,$27,$34,$0,$137,$48,$0,$70,$2,$120,$256,$35,$5,$0,$9,$44,$0,$198,$-6,$212,$256,$50,$11,$16,$27,$8,$-2,$0,$-2,$8,$85,$-15,$0,$-1,$-1,$0,$-1,$0,$-18,$-76,$0,$-76,$2,$2,$0,$3,$-71,$-2,$0,$0
36,2009-09-30,16.54,$6.54,2.53,$11.06,1.5,$4.02,4.12,$1.53,10.81,$0.14B,$0.08B,1.86,$0.01B,$0.20B,0.03,$0.33B,$0.20B,58.56%,$0.33B,$0.06B,18.32%,$0.33B,$0.06B,18.32%,$0.33B,$0.07B,21.32%,$0.33B,$0.06B,17.72%,$0.33B,$0.05B,13.81%,$0.05B,$0.20B,26.40%,$0.05B,$0.13B,45.77%,$0.05B,$0.28B,17.44%,$0.06B,$0.20B,33.52%,$92,$39,$53,$0,$9,$75,$16,$-0,$16,$6,$10,$10,$12,$18,$16,$30,30,$0.40,$0.39,$19,$38,$0,$142,$46,$0,$70,$1,$136,$279,$77,$6,$0,$7,$83,$0,$183,$-8,$195,$279,$35,$8,$2,$10,$6,$-4,$0,$-2,$5,$49,$-11,$0,$-0,$-22,$0,$-22,$0,$-33,$-32,$0,$-32,$2,$2,$0,$3,$-27,$-10,$0,$0
37,2009-06-30,16.92,$6.16,2.75,$10.83,1.56,$3.27,5.17,$-0.40,0.0,$0.13B,$0.07B,1.76,$0.01B,$0.18B,0.04,$0.33B,$0.19B,59.38%,$0.33B,$0.06B,18.15%,$0.33B,$0.06B,18.15%,$0.33B,$0.07B,21.54%,$0.33B,$0.06B,17.54%,$0.33B,$-0.01B,-3.69%,$-0.01B,$0.18B,-7.34%,$-0.01B,$0.11B,-12.80%,$-0.01B,$0.27B,-4.61%,$0.06B,$0.19B,34.60%,$82,$33,$49,$0,$8,$67,$15,$-0,$14,$5,$9,$9,$12,$18,$15,$29,30,$0.39,$0.38,$22,$31,$0,$129,$45,$0,$77,$1,$136,$266,$74,$7,$0,$8,$82,$0,$171,$-7,$184,$266,$23,$6,$1,$7,$5,$-2,$0,$2,$5,$34,$-8,$0,$-0,$-7,$0,$-7,$-0,$-15,$-30,$0,$-30,$1,$1,$0,$2,$-27,$-7,$0,$0
38,2009-03-31,14.41,$5.61,2.57,$10.75,1.34,$2.87,5.03,$-0.55,0.0,$0.11B,$0.03B,4.07,$0.01B,$0.16B,0.05,$0.32B,$0.19B,59.94%,$0.32B,$0.06B,18.01%,$0.32B,$0.06B,18.01%,$0.32B,$0.07B,21.43%,$0.32B,$0.06B,17.70%,$0.32B,$-0.02B,-5.28%,$-0.02B,$0.16B,-10.18%,$-0.02B,$0.09B,-16.46%,$-0.02B,$0.25B,-6.33%,$0.06B,$0.17B,33.53%,$80,$31,$50,$0,$8,$66,$15,$-0,$15,$5,$9,$9,$11,$17,$15,$29,30,$0.39,$0.38,$21,$26,$0,$112,$42,$0,$74,$2,$133,$245,$28,$8,$45,$53,$81,$0,$160,$-11,$164,$245,$11,$2,$-0,$2,$3,$4,$0,$3,$8,$22,$-3,$0,$0,$-1,$0,$-1,$-0,$-4,$-27,$0,$-27,$0,$0,$0,$0,$-27,$-8,$0,$0
39,2008-12-31,18.41,$5.28,3.49,$10.54,1.75,$2.64,6.98,$-0.71,0.0,$0.13B,$0.03B,3.91,$0.01B,$0.15B,0.06,$0.32B,$0.19B,60.19%,$0.32B,$0.06B,18.50%,$0.32B,$0.06B,18.50%,$0.32B,$0.07B,22.26%,$0.32B,$0.06B,18.18%,$0.32B,$-0.02B,-6.58%,$-0.02B,$0.15B,-12.02%,$-0.02B,$0.08B,-18.06%,$-0.02B,$0.27B,-7.51%,$0.06B,$0.16B,32.87%,$79,$36,$43,$0,$8,$65,$15,$-0,$14,$5,$9,$9,$11,$18,$15,$30,30,$0.41,$0.38,$29,$29,$0,$128,$41,$0,$75,$1,$137,$265,$33,$9,$69,$78,$111,$0,$148,$-10,$154,$265,$-22,$12,$75,$87,$0,$5,$0,$-38,$-8,$57,$-20,$0,$-4,$-10,$0,$-10,$0,$-35,$9,$0,$9,$-16,$-16,$0,$0,$-7,$15,$0,$0
40,2008-09-30,14.49,$5.21,2.78,$8.41,1.72,$1.16,12.52,$-0.91,0.0,$0.16B,$0.03B,5.4,$0.00B,$0.15B,0.02,$0.26B,$0.17B,67.19%,$0.26B,$0.05B,19.14%,$0.26B,$0.05B,19.14%,$0.26B,$0.06B,23.83%,$0.26B,$0.05B,19.53%,$0.26B,$-0.03B,-10.16%,$-0.03B,$0.15B,-13.94%,$-0.03B,$0.10B,-19.48%,$-0.03B,$0.27B,-9.08%,$0.05B,$0.16B,25.82%,$84,$33,$51,$0,$8,$70,$14,$-0,$14,$5,$9,$9,$-46,$17,$14,$29,30,$-1.59,$-1.54,$15,$34,$0,$161,$43,$0,$53,$1,$106,$266,$30,$2,$74,$84,$114,$0,$137,$0,$152,$266,$-33,$9,$92,$101,$-41,$-1,$0,$1,$-37,$31,$-16,$0,$0,$-16,$0,$-16,$-0,$-31,$17,$0,$17,$-16,$-16,$0,$0,$1,$1,$0,$0
41,2008-06-30,14.48,$6.79,2.13,$7.81,1.85,$0.11,136.07,$0.95,15.24,$0.15B,$0.02B,6.14,$0.00B,$0.20B,0.01,$0.24B,$0.16B,67.21%,$0.24B,$0.05B,19.67%,$0.24B,$0.05B,19.67%,$0.24B,$0.06B,24.18%,$0.24B,$0.05B,19.67%,$0.24B,$0.03B,12.30%,$0.03B,$0.20B,14.94%,$0.03B,$0.15B,20.30%,$0.03B,$0.30B,10.30%,$0.05B,$0.20B,23.47%,$79,$30,$49,$0,$7,$64,$14,$-0,$14,$5,$9,$9,$7,$17,$14,$29,30,$0.23,$0.23,$14,$29,$0,$145,$39,$0,$53,$1,$153,$298,$24,$3,$63,$76,$100,$0,$183,$0,$198,$298,$13,$6,$26,$32,$-27,$1,$0,$3,$-20,$25,$-10,$0,$0,$-6,$0,$-6,$-0,$-17,$7,$0,$7,$-16,$-16,$0,$0,$-9,$-1,$0,$0
42,2008-03-31,9.98,$6.67,1.49,$7.88,1.27,$-0.67,0.0,$0.99,10.08,$0.14B,$0.03B,5.35,$0.00B,$0.20B,0.02,$0.26B,$0.16B,63.67%,$0.26B,$0.05B,18.36%,$0.26B,$0.05B,18.36%,$0.26B,$0.06B,22.66%,$0.26B,$0.05B,18.36%,$0.26B,$0.03B,12.50%,$0.03B,$0.20B,15.59%,$0.03B,$0.14B,21.73%,$0.03B,$0.29B,11.23%,$0.05B,$0.20B,22.41%,$77,$28,$49,$0,$6,$61,$16,$-0,$16,$6,$10,$10,$7,$19,$16,$31,31,$0.22,$0.22,$14,$27,$0,$137,$39,$0,$53,$1,$152,$289,$26,$3,$55,$68,$94,$0,$177,$0,$195,$289,$7,$3,$13,$16,$-13,$1,$0,$4,$-4,$19,$-7,$0,$0,$1,$0,$1,$-0,$-6,$-1,$0,$-1,$-13,$-13,$0,$0,$-13,$-0,$0,$0
43,2007-12-31,14.18,$6.55,2.16,$8.05,1.76,$-1.08,0.0,$1.08,13.13,$0.14B,$0.02B,6.78,$0.00B,$0.20B,0.02,$0.27B,$0.16B,61.05%,$0.27B,$0.05B,17.23%,$0.27B,$0.05B,17.23%,$0.27B,$0.06B,21.35%,$0.27B,$0.05B,17.23%,$0.27B,$0.04B,13.11%,$0.04B,$0.20B,16.95%,$0.04B,$0.15B,24.39%,$0.04B,$0.29B,12.80%,$0.05B,$0.21B,21.70%,$16,$-7,$23,$0,$5,$11,$5,$1,$6,$2,$4,$4,$6,$8,$5,$32,33,$0.19,$0.18,$14,$27,$0,$143,$40,$0,$53,$1,$149,$292,$21,$4,$55,$69,$90,$0,$170,$0,$201,$292,$35,$11,$46,$57,$0,$-3,$0,$-75,$-77,$16,$-24,$0,$0,$-14,$0,$-14,$-0,$-38,$44,$0,$44,$-25,$-25,$0,$2,$21,$-1,$0,$0
44,2007-09-30,22.65,$6.79,3.33,$9.27,2.44,$-0.16,0.0,$1.20,18.87,$0.14B,$0.02B,8.27,$0.01B,$0.21B,0.03,$0.31B,$0.18B,57.00%,$0.31B,$0.05B,15.64%,$0.31B,$0.05B,15.64%,$0.31B,$0.06B,18.89%,$0.31B,$0.05B,15.31%,$0.31B,$0.04B,12.70%,$0.04B,$0.21B,19.16%,$0.04B,$0.16B,28.78%,$0.04B,$0.29B,15.06%,$0.05B,$0.21B,22.88%,$72,$29,$43,$0,$6,$60,$13,$-0,$12,$4,$8,$8,$10,$15,$13,$32,33,$0.33,$0.32,$12,$27,$40,$139,$36,$0,$53,$57,$146,$286,$17,$6,$47,$60,$77,$0,$164,$0,$209,$286,$30,$8,$28,$36,$-49,$-3,$0,$-7,$-63,$3,$-20,$0,$0,$-14,$0,$-14,$-0,$-34,$37,$0,$37,$-12,$-12,$0,$2,$28,$-4,$0,$0
45,2007-06-30,22.64,$6.88,3.29,$9.22,2.45,$0.77,29.31,$1.13,20.03,$0.14B,$0.02B,6.68,$0.01B,$0.22B,0.03,$0.30B,$0.17B,57.24%,$0.30B,$0.05B,15.79%,$0.30B,$0.05B,15.79%,$0.30B,$0.06B,19.08%,$0.30B,$0.05B,15.46%,$0.30B,$0.04B,12.17%,$0.04B,$0.22B,19.12%,$0.04B,$0.14B,30.71%,$0.04B,$0.27B,15.03%,$0.05B,$0.22B,23.94%,$91,$43,$48,$0,$7,$78,$13,$-0,$13,$5,$8,$8,$9,$16,$13,$32,33,$0.28,$0.27,$19,$32,$0,$135,$39,$0,$72,$1,$138,$273,$20,$6,$23,$37,$57,$0,$154,$0,$216,$273,$19,$5,$17,$22,$-30,$-2,$0,$-1,$-37,$4,$-14,$0,$0,$-9,$0,$-9,$-0,$-22,$14,$0,$14,$6,$6,$0,$2,$22,$3,$0,$0
46,2007-03-31,21.52,$6.17,3.49,$8.21,2.62,$1.30,16.61,$1.06,20.3,$0.12B,$0.02B,5.05,$0.01B,$0.20B,0.03,$0.27B,$0.16B,60.22%,$0.27B,$0.05B,16.73%,$0.27B,$0.05B,16.73%,$0.27B,$0.05B,20.07%,$0.27B,$0.04B,16.36%,$0.27B,$0.03B,12.64%,$0.03B,$0.20B,18.99%,$0.03B,$0.13B,30.63%,$0.03B,$0.24B,15.26%,$0.05B,$0.21B,24.39%,$88,$39,$49,$0,$7,$73,$15,$-0,$15,$5,$9,$9,$10,$18,$15,$32,33,$0.32,$0.31,$12,$30,$0,$115,$33,$0,$73,$1,$127,$243,$23,$7,$5,$20,$43,$0,$145,$0,$200,$243,$10,$2,$7,$10,$-15,$-2,$0,$-1,$-16,$4,$-5,$0,$0,$-0,$0,$-0,$-0,$-5,$-4,$0,$-4,$1,$1,$0,$0,$-3,$-3,$0,$0
47,2006-12-31,24.99,$5.95,4.2,$7.20,3.47,$1.47,16.98,$0.98,25.5,$0.12B,$0.02B,5.3,$0.01B,$0.19B,0.04,$0.24B,$0.15B,63.29%,$0.24B,$0.04B,17.72%,$0.24B,$0.04B,17.72%,$0.24B,$0.05B,20.68%,$0.24B,$0.04B,17.30%,$0.24B,$0.03B,13.50%,$0.03B,$0.19B,18.50%,$0.03B,$0.12B,29.09%,$0.03B,$0.23B,15.15%,$0.04B,$0.20B,23.76%,$56,$22,$35,$0,$7,$49,$7,$-0,$7,$2,$4,$4,$10,$9,$7,$31,33,$0.31,$0.29,$16,$29,$0,$115,$31,$0,$73,$1,$118,$234,$22,$7,$8,$23,$45,$0,$135,$0,$189,$234,$32,$8,$11,$19,$0,$-2,$0,$-13,$-14,$37,$-15,$0,$-24,$-12,$0,$-12,$0,$-50,$-7,$0,$-7,$-11,$-11,$0,$5,$-13,$-27,$1,$0
