,Date,Stock Price,Book Value per Share,Price to Book Ratio,TTM Sales per Share,Price to Sales Ratio,TTM FCF per Share,Price to FCF Ratio,TTM Net EPS,PE Ratio,Current Assets,Current Liabilities,Current Ratio,Long Term Debt,Shareholder's Equity_x,Debt to Equity Ratio,TTM Revenue_x,TTM Gross Profit,Gross Margin,TTM Revenue_y,TTM Operating Income,Operating Margin,TTM Revenue_x,TTM EBIT,EBIT Margin,TTM Revenue_y,TTM EBITDA,EBITDA Margin,TTM Revenue_x,TTM Pre-Tax Income,Pre-Tax Margin,TTM Revenue_y,TTM Net Income_x,Net Margin,TTM Net Income_y,Shareholder's Equity_y,Return on Equity,TTM Net Income_x,Tangible Equity,Return on Tangible Equity,TTM Net Income_y,Total Assets,Return on Assets,TTM Net Income,LT Investments & Debt,Return on Investment,revenue,cost-goods-sold,gross-profit,research-development-expenses,selling-general-administrative-expenses,operating-expenses,operating-income,total-non-operating-income-expense,pre-tax-income,total-provision-income-taxes,income-after-taxes,income-from-continuous-operations,net-income,ebitda,ebit,basic-shares-outstanding,shares-outstanding,eps-basic-net-earnings-per-share,eps-earnings-per-share-diluted,cash-on-hand,inventory,other-current-assets,total-current-assets,net-property-plant-equipment,long-term-investments,goodwill-intangible-assets-total,other-long-term-assets,total-long-term-assets,total-assets,total-current-liabilities,long-term-debt,other-non-current-liabilities,total-long-term-liabilities,total-liabilities,common-stock-net,retained-earnings-accumulated-deficit,comprehensive-income,total-share-holder-equity,total-liabilities-share-holders-equity,net-income-loss,total-depreciation-amortization-cash-flow,other-non-cash-items,total-non-cash-items,change-in-accounts-receivable,change-in-inventories,change-in-accounts-payable,change-in-assets-liabilities,total-change-in-assets-liabilities,cash-flow-from-operating-activities,net-change-in-property-plant-equipment,net-change-in-intangible-assets,net-acquisitions-divestitures,net-change-in-short-term-investments,net-change-in-long-term-investments,net-change-in-investments-total,investing-activities-other,cash-flow-from-investing-activities,net-long-term-debt,net-current-debt,debt-issuance-retirement-net-total,net-common-equity-issued-repurchased,net-total-equity-issued-repurchased,total-common-preferred-stock-dividends-paid,financial-activities-other,cash-flow-from-financial-activities,net-cash-flow,stock-based-compensation,common-stock-dividends-paid
0,2018-09-30,73.19,$35.24,2.08,$51.79,1.41,$1.09,67.38,$5.10,14.35,$1.21B,$0.74B,1.64,$0.26B,$1.35B,0.2,$1.99B,$0.70B,34.96%,$1.99B,$0.22B,10.85%,$1.99B,$0.22B,10.85%,$1.99B,$0.26B,13.06%,$1.99B,$0.20B,10.25%,$1.99B,$0.19B,9.74%,$0.19B,$1.35B,15.35%,$0.19B,$0.14B,725.23%,$0.19B,$2.63B,8.24%,$0.22B,$1.62B,13.23%,$513,$336,$177,$0,$117,$456,$57,$7,$64,$20,$44,$44,$44,$70,$57,$37,39,$1.19,$1.14,$506,$0,$0,$1207,$82,$0,$1213,$38,$1422,$2629,$737,$263,$124,$540,$1277,$0,$1173,$-138,$1351,$2629,$127,$33,$12,$46,$-130,$0,$0,$-8,$-86,$86,$-28,$0,$50,$0,$0,$0,$1,$23,$316,$-100,$216,$2,$2,$0,$-9,$210,$316,$12,$0
1,2018-06-30,60.48,$33.42,1.81,$50.44,1.2,$-0.32,0.0,$4.81,12.57,$0.81B,$0.35B,2.29,$0.37B,$1.28B,0.29,$1.93B,$0.67B,34.92%,$1.93B,$0.21B,10.69%,$1.93B,$0.21B,10.69%,$1.93B,$0.25B,12.92%,$1.93B,$0.18B,9.39%,$1.93B,$0.18B,9.44%,$0.18B,$1.28B,15.05%,$0.18B,$0.04B,-478.95%,$0.18B,$2.26B,8.04%,$0.21B,$1.65B,12.67%,$512,$330,$182,$0,$118,$450,$62,$-4,$58,$14,$44,$44,$44,$72,$62,$37,38,$1.18,$1.14,$117,$0,$0,$807,$75,$0,$1238,$46,$1450,$2257,$352,$372,$124,$629,$982,$0,$1129,$-133,$1276,$2257,$83,$21,$19,$40,$-99,$0,$0,$-13,$-157,$-35,$-16,$0,$0,$0,$0,$0,$1,$-16,$0,$-25,$-25,$5,$5,$0,$-0,$-21,$-73,$9,$0
2,2018-03-31,48.41,$32.81,1.48,$48.31,1.0,$-1.40,0.0,$3.54,13.68,$0.82B,$0.34B,2.38,$0.44B,$1.24B,0.36,$1.86B,$0.63B,33.98%,$1.86B,$0.14B,7.74%,$1.86B,$0.14B,7.74%,$1.86B,$0.19B,10.05%,$1.86B,$0.12B,6.34%,$1.86B,$0.13B,7.15%,$0.13B,$1.24B,11.32%,$0.13B,$-0.01B,-185.37%,$0.13B,$2.28B,5.90%,$0.14B,$1.68B,8.89%,$498,$321,$177,$0,$112,$436,$62,$-8,$54,$15,$39,$39,$39,$72,$62,$37,38,$1.06,$1.04,$152,$0,$0,$816,$76,$0,$1250,$43,$1461,$2276,$343,$441,$125,$696,$1039,$0,$1085,$-110,$1237,$2276,$39,$10,$11,$21,$-62,$0,$0,$2,$-130,$-69,$-8,$0,$0,$0,$0,$0,$0,$-8,$0,$45,$45,$-10,$-10,$0,$-1,$34,$-38,$5,$0
3,2017-12-31,42.96,$31.59,1.36,$45.89,0.94,$-1.75,0.0,$2.84,15.13,$0.79B,$0.41B,1.94,$0.40B,$1.19B,0.33,$1.81B,$0.59B,32.74%,$1.81B,$0.11B,6.03%,$1.81B,$0.11B,6.03%,$1.81B,$0.15B,8.46%,$1.81B,$0.09B,4.76%,$1.81B,$0.11B,5.97%,$0.11B,$1.19B,9.27%,$0.11B,$-0.06B,-138.91%,$0.11B,$2.26B,4.85%,$0.11B,$1.59B,6.81%,$468,$308,$160,$0,$110,$433,$35,$-6,$28,$-38,$67,$67,$67,$46,$35,$39,39,$1.71,$1.69,$190,$0,$0,$794,$75,$0,$1249,$41,$1463,$2257,$410,$396,$134,$655,$1065,$0,$1046,$-120,$1192,$2257,$108,$44,$34,$78,$-51,$0,$0,$32,$-38,$148,$-32,$0,$-9,$0,$0,$0,$0,$-41,$30,$0,$30,$-169,$-169,$0,$-2,$-141,$-26,$16,$0
4,2017-09-30,35.48,$29.81,1.19,$44.55,0.8,$0.20,175.38,$1.23,28.85,$0.79B,$0.37B,2.15,$0.46B,$1.13B,0.41,$1.78B,$0.57B,31.76%,$1.78B,$0.09B,4.77%,$1.78B,$0.09B,4.77%,$1.78B,$0.14B,7.58%,$1.78B,$0.06B,3.54%,$1.78B,$0.05B,2.69%,$0.05B,$1.13B,4.11%,$0.05B,$-0.12B,-68.82%,$0.05B,$2.26B,2.16%,$0.09B,$1.59B,5.33%,$449,$295,$154,$0,$104,$402,$47,$-6,$41,$9,$32,$32,$32,$59,$47,$37,38,$0.86,$0.85,$158,$0,$0,$788,$71,$0,$1251,$44,$1472,$2261,$367,$461,$120,$763,$1130,$0,$979,$-122,$1131,$2261,$41,$33,$25,$58,$-73,$0,$0,$6,$-75,$24,$-20,$0,$-9,$0,$0,$0,$0,$-29,$0,$95,$95,$-158,$-158,$0,$4,$-59,$-58,$13,$0
5,2017-06-30,34.96,$28.82,1.21,$43.07,0.81,$2.21,15.85,$0.90,38.84,$0.78B,$0.32B,2.47,$0.48B,$1.14B,0.42,$1.77B,$0.56B,31.39%,$1.77B,$0.07B,4.12%,$1.77B,$0.07B,4.12%,$1.77B,$0.12B,6.95%,$1.77B,$0.05B,3.05%,$1.77B,$0.04B,2.15%,$0.04B,$1.14B,3.18%,$0.04B,$-0.10B,-89.41%,$0.04B,$2.23B,1.70%,$0.07B,$1.62B,4.50%,$445,$304,$141,$0,$108,$445,$0,$-5,$-5,$1,$-5,$-5,$-5,$10,$0,$40,40,$-0.13,$-0.13,$139,$0,$0,$778,$60,$0,$1236,$42,$1447,$2225,$315,$481,$114,$771,$1086,$0,$947,$-133,$1139,$2225,$9,$21,$18,$40,$-78,$0,$0,$11,$-131,$-82,$-13,$0,$0,$0,$0,$0,$0,$-13,$0,$115,$115,$-103,$-103,$0,$3,$15,$-78,$10,$0
6,2017-03-31,41.17,$28.96,1.42,$42.95,0.96,$5.31,7.76,$1.67,24.65,$0.74B,$0.29B,2.51,$0.40B,$1.20B,0.34,$1.79B,$0.57B,32.03%,$1.79B,$0.12B,6.55%,$1.79B,$0.12B,6.55%,$1.79B,$0.17B,9.41%,$1.79B,$0.10B,5.66%,$1.79B,$0.07B,3.92%,$0.07B,$1.20B,5.79%,$0.07B,$-0.04B,-239.32%,$0.07B,$2.17B,3.10%,$0.12B,$1.60B,7.12%,$446,$309,$137,$0,$108,$419,$27,$-5,$22,$8,$14,$14,$14,$38,$27,$41,41,$0.35,$0.34,$121,$0,$0,$737,$59,$0,$1234,$42,$1435,$2173,$293,$403,$103,$683,$976,$0,$952,$-144,$1197,$2173,$14,$11,$12,$23,$-52,$0,$0,$11,$-130,$-93,$-6,$0,$0,$0,$0,$0,$0,$-6,$0,$37,$37,$-38,$-38,$0,$3,$2,$-95,$7,$0
7,2016-12-31,45.08,$28.72,1.57,$43.56,1.03,$6.75,6.68,$2.06,21.88,$0.78B,$0.38B,2.07,$0.37B,$1.21B,0.3,$1.81B,$0.60B,33.15%,$1.81B,$0.14B,7.85%,$1.81B,$0.14B,7.85%,$1.81B,$0.19B,10.66%,$1.81B,$0.13B,7.07%,$1.81B,$0.09B,4.75%,$0.09B,$1.21B,7.13%,$0.09B,$-0.03B,-217.72%,$0.09B,$2.23B,3.79%,$0.14B,$1.57B,8.53%,$442,$308,$134,$0,$116,$431,$11,$-5,$5,$-2,$7,$7,$7,$28,$11,$41,42,$0.16,$0.16,$216,$0,$0,$783,$62,$0,$1232,$44,$1442,$2225,$378,$366,$100,$640,$1018,$0,$941,$-151,$1207,$2225,$86,$51,$27,$78,$3,$0,$0,$1,$70,$233,$-29,$0,$-1,$0,$0,$0,$0,$-30,$-130,$0,$-130,$0,$0,$0,$4,$-125,$66,$17,$0
8,2016-09-30,44.56,$29.07,1.53,$43.56,1.02,$4.44,10.03,$2.14,20.82,$0.86B,$0.37B,2.36,$0.47B,$1.23B,0.38,$1.81B,$0.61B,33.65%,$1.81B,$0.16B,8.56%,$1.81B,$0.16B,8.56%,$1.81B,$0.20B,10.99%,$1.81B,$0.14B,7.79%,$1.81B,$0.09B,4.92%,$0.09B,$1.23B,7.47%,$0.09B,$-0.01B,-143.55%,$0.09B,$2.34B,3.92%,$0.16B,$1.70B,9.22%,$438,$294,$144,$0,$106,$403,$35,$-3,$32,$10,$22,$22,$22,$47,$35,$41,42,$0.53,$0.52,$225,$0,$0,$864,$66,$0,$1243,$56,$1478,$2342,$366,$470,$103,$745,$1110,$0,$934,$-133,$1232,$2342,$78,$33,$21,$55,$-67,$0,$0,$2,$-21,$112,$-23,$0,$-0,$0,$0,$0,$0,$-23,$0,$-25,$-25,$15,$15,$0,$3,$-6,$75,$13,$0
9,2016-06-30,40.68,$28.59,1.42,$44.00,0.92,$2.78,14.64,$1.87,21.75,$0.81B,$0.33B,2.5,$0.50B,$1.20B,0.41,$1.83B,$0.62B,33.88%,$1.83B,$0.17B,9.09%,$1.83B,$0.17B,9.09%,$1.83B,$0.21B,11.38%,$1.83B,$0.13B,6.84%,$1.83B,$0.08B,4.21%,$0.08B,$1.20B,6.56%,$0.08B,$-0.04B,-90.32%,$0.08B,$2.29B,3.41%,$0.17B,$1.70B,9.90%,$460,$303,$157,$0,$108,$416,$44,$-2,$42,$15,$27,$27,$27,$55,$44,$41,41,$0.65,$0.64,$183,$0,$0,$812,$69,$0,$1247,$48,$1476,$2287,$325,$495,$103,$759,$1084,$0,$912,$-128,$1203,$2287,$57,$21,$16,$37,$-58,$0,$0,$2,$-53,$41,$-12,$0,$-0,$0,$0,$0,$0,$-12,$0,$0,$0,$6,$6,$0,$2,$9,$33,$10,$0
10,2016-03-31,35.51,$28.54,1.24,$43.65,0.81,$0.93,38.27,$1.75,20.29,$0.74B,$0.29B,2.59,$0.50B,$1.18B,0.43,$1.82B,$0.62B,34.14%,$1.82B,$0.17B,9.31%,$1.82B,$0.17B,9.31%,$1.82B,$0.21B,11.56%,$1.82B,$0.12B,6.55%,$1.82B,$0.07B,3.96%,$0.07B,$1.18B,6.19%,$0.07B,$-0.08B,-69.90%,$0.07B,$2.23B,3.14%,$0.17B,$1.68B,9.84%,$470,$306,$165,$0,$104,$418,$52,$-4,$49,$18,$30,$30,$30,$63,$52,$41,41,$0.75,$0.73,$114,$0,$0,$744,$71,$0,$1259,$42,$1481,$2225,$288,$502,$104,$756,$1044,$0,$886,$-109,$1181,$2225,$30,$11,$8,$19,$-52,$0,$0,$12,$-82,$-33,$-6,$0,$0,$0,$0,$0,$0,$-6,$0,$7,$7,$-4,$-4,$0,$2,$5,$-35,$6,$0
11,2015-12-31,34.66,$27.83,1.25,$42.68,0.81,$0.43,80.64,$1.59,21.8,$0.74B,$0.35B,2.14,$0.50B,$1.15B,0.43,$1.78B,$0.61B,34.20%,$1.78B,$0.17B,9.28%,$1.78B,$0.17B,9.28%,$1.78B,$0.21B,11.59%,$1.78B,$0.11B,5.91%,$1.78B,$0.07B,3.71%,$0.07B,$1.15B,5.75%,$0.07B,$-0.12B,-53.77%,$0.07B,$2.23B,2.83%,$0.17B,$1.64B,9.42%,$442,$299,$143,$0,$116,$418,$24,$-6,$18,$8,$10,$10,$10,$34,$24,$41,42,$0.25,$0.24,$150,$0,$0,$742,$75,$0,$1262,$44,$1487,$2229,$347,$495,$100,$734,$1081,$0,$855,$-109,$1148,$2229,$66,$42,$55,$97,$-36,$0,$0,$-6,$-23,$140,$-31,$0,$-1,$0,$0,$0,$0,$-32,$-226,$0,$-226,$-10,$-10,$0,$-0,$-236,$-134,$18,$0
12,2015-09-30,41.51,$27.75,1.5,$42.52,0.98,$0.19,218.7,$1.36,30.52,$0.79B,$0.34B,2.36,$0.52B,$1.16B,0.45,$1.76B,$0.61B,34.53%,$1.76B,$0.16B,9.26%,$1.76B,$0.16B,9.26%,$1.76B,$0.21B,11.75%,$1.76B,$0.10B,5.57%,$1.76B,$0.06B,3.24%,$0.06B,$1.16B,5.02%,$0.06B,$-0.10B,-40.57%,$0.06B,$2.29B,2.40%,$0.16B,$1.68B,9.11%,$455,$302,$154,$0,$105,$410,$46,$-29,$16,$6,$10,$10,$10,$56,$46,$41,42,$0.25,$0.25,$105,$0,$0,$788,$78,$0,$1267,$48,$1506,$2294,$335,$520,$99,$797,$1132,$0,$845,$-105,$1162,$2294,$56,$31,$45,$77,$-84,$0,$0,$-10,$-88,$43,$-25,$0,$-1,$0,$0,$0,$0,$-25,$-206,$0,$-206,$14,$14,$0,$-1,$-193,$-179,$14,$0
13,2015-06-30,41.24,$27.83,1.48,$42.73,0.97,$-0.53,0.0,$1.66,24.84,$0.90B,$0.32B,2.88,$0.70B,$1.16B,0.6,$1.76B,$0.61B,34.83%,$1.76B,$0.16B,9.28%,$1.76B,$0.16B,9.28%,$1.76B,$0.21B,11.90%,$1.76B,$0.12B,6.66%,$1.76B,$0.07B,3.98%,$0.07B,$1.16B,6.23%,$0.07B,$-0.12B,-43.82%,$0.07B,$2.44B,2.91%,$0.16B,$1.86B,8.94%,$449,$291,$158,$0,$109,$402,$47,$-12,$36,$14,$22,$22,$22,$57,$47,$41,42,$0.53,$0.52,$240,$0,$0,$904,$81,$0,$1279,$53,$1533,$2437,$315,$700,$97,$959,$1273,$0,$835,$-87,$1164,$2437,$45,$21,$17,$38,$-71,$0,$0,$-17,$-114,$-31,$-18,$0,$-1,$0,$0,$0,$0,$-18,$0,$0,$0,$9,$9,$0,$-1,$8,$-44,$11,$0
14,2015-03-31,37.46,$26.93,1.39,$43.10,0.87,$-1.80,0.0,$1.56,24.01,$0.85B,$0.29B,2.91,$0.70B,$1.12B,0.63,$1.76B,$0.61B,34.79%,$1.76B,$0.16B,8.80%,$1.76B,$0.16B,8.80%,$1.76B,$0.20B,11.58%,$1.76B,$0.11B,6.13%,$1.76B,$0.07B,3.69%,$0.07B,$1.12B,5.85%,$0.07B,$-0.16B,-35.71%,$0.07B,$2.37B,2.72%,$0.16B,$1.82B,8.56%,$432,$279,$153,$0,$102,$384,$48,$-13,$35,$12,$24,$24,$24,$59,$48,$40,41,$0.59,$0.57,$225,$0,$0,$848,$79,$0,$1274,$55,$1523,$2371,$291,$700,$95,$963,$1254,$0,$813,$-101,$1117,$2371,$24,$11,$11,$21,$-41,$0,$0,$-2,$-96,$-51,$-9,$0,$0,$0,$0,$0,$0,$-9,$0,$0,$0,$4,$4,$0,$1,$5,$-58,$7,$0
15,2014-12-31,38.63,$26.78,1.44,$43.16,0.9,$-3.46,0.0,$1.44,26.83,$0.86B,$0.37B,2.33,$0.69B,$1.10B,0.62,$1.76B,$0.61B,34.79%,$1.76B,$0.15B,8.37%,$1.76B,$0.15B,8.37%,$1.76B,$0.20B,11.28%,$1.76B,$0.10B,5.75%,$1.76B,$0.06B,3.36%,$0.06B,$1.10B,5.36%,$0.06B,$-0.19B,-29.35%,$0.06B,$2.39B,2.49%,$0.15B,$1.79B,8.15%,$425,$282,$143,$0,$116,$403,$22,$-11,$11,$10,$1,$1,$1,$35,$22,$40,41,$0.02,$0.02,$284,$0,$0,$857,$82,$0,$1289,$42,$1535,$2392,$367,$688,$99,$922,$1289,$0,$789,$-80,$1103,$2392,$59,$51,$42,$93,$-43,$0,$0,$0,$-16,$135,$-39,$0,$-23,$0,$0,$0,$5,$-58,$-6,$0,$-6,$0,$0,$0,$12,$6,$78,$23,$0
16,2014-09-30,34.96,$27.14,1.29,$43.34,0.81,$-1.97,0.0,$1.24,28.19,$0.86B,$0.35B,2.48,$0.71B,$1.11B,0.63,$1.75B,$0.62B,35.20%,$1.75B,$0.14B,7.78%,$1.75B,$0.14B,7.78%,$1.75B,$0.19B,10.82%,$1.75B,$0.09B,5.09%,$1.75B,$0.05B,2.92%,$0.05B,$1.11B,4.70%,$0.05B,$-0.18B,-22.87%,$0.05B,$2.42B,2.16%,$0.14B,$1.82B,7.58%,$451,$293,$158,$0,$102,$405,$46,$-12,$35,$12,$23,$23,$23,$58,$46,$40,41,$0.57,$0.55,$179,$0,$0,$857,$84,$0,$1295,$53,$1558,$2415,$346,$705,$98,$956,$1302,$0,$789,$-61,$1113,$2415,$58,$38,$31,$69,$-108,$0,$0,$-0,$-106,$20,$-32,$0,$-16,$0,$0,$0,$0,$-47,$-6,$0,$-6,$-4,$-4,$0,$12,$2,$-27,$19,$0
17,2014-06-30,37.82,$27.06,1.4,$42.89,0.88,$0.37,101.39,$-0.60,0.0,$0.79B,$0.31B,2.54,$0.71B,$1.11B,0.64,$1.71B,$0.62B,36.00%,$1.71B,$0.05B,3.16%,$1.71B,$0.05B,3.16%,$1.71B,$0.19B,11.28%,$1.71B,$0.01B,0.41%,$1.71B,$-0.02B,-1.34%,$-0.02B,$1.11B,-2.16%,$-0.02B,$-0.20B,9.56%,$-0.02B,$2.37B,-0.99%,$0.05B,$1.82B,3.04%,$454,$296,$159,$0,$107,$415,$39,$-11,$27,$10,$17,$17,$17,$52,$39,$40,41,$0.43,$0.42,$94,$0,$0,$785,$83,$0,$1312,$61,$1588,$2373,$309,$711,$96,$956,$1265,$0,$766,$-39,$1108,$2373,$35,$26,$23,$50,$-116,$0,$0,$-6,$-162,$-77,$-22,$0,$-16,$0,$0,$0,$-0,$-37,$0,$0,$0,$-7,$-7,$0,$11,$4,$-111,$15,$0
18,2014-03-31,33.34,$26.36,1.26,$42.03,0.79,$2.93,11.38,$-0.44,0.0,$0.73B,$0.30B,2.44,$0.71B,$1.08B,0.66,$1.67B,$0.61B,36.60%,$1.67B,$0.08B,4.49%,$1.67B,$0.08B,4.49%,$1.67B,$0.22B,12.86%,$1.67B,$0.03B,1.61%,$1.67B,$-0.02B,-1.02%,$-0.02B,$1.08B,-1.61%,$-0.02B,$-0.23B,6.52%,$-0.02B,$2.31B,-0.74%,$0.08B,$1.79B,4.23%,$426,$274,$151,$0,$108,$385,$40,$-12,$28,$10,$18,$18,$18,$53,$40,$39,40,$0.46,$0.45,$77,$0,$0,$731,$86,$0,$1310,$54,$1581,$2313,$299,$711,$83,$936,$1236,$0,$749,$-46,$1077,$2313,$18,$13,$13,$26,$-71,$0,$0,$-8,$-154,$-111,$-15,$0,$-16,$0,$0,$0,$-0,$-31,$20,$0,$20,$-7,$-7,$0,$-0,$13,$-129,$10,$0
19,2013-12-31,41.14,$25.72,1.6,$41.54,0.99,$5.81,7.09,$-0.31,0.0,$0.80B,$0.38B,2.09,$0.71B,$1.04B,0.68,$1.65B,$0.61B,36.90%,$1.65B,$0.08B,4.84%,$1.65B,$0.08B,4.84%,$1.65B,$0.22B,13.37%,$1.65B,$0.03B,2.00%,$1.65B,$-0.01B,-0.67%,$-0.01B,$1.04B,-1.04%,$-0.01B,$-0.27B,3.98%,$-0.01B,$2.37B,-0.48%,$0.08B,$1.75B,4.52%,$416,$269,$147,$0,$107,$405,$11,$-13,$-1,$6,$-7,$-7,$-7,$26,$11,$39,39,$-0.18,$-0.14,$206,$0,$0,$804,$79,$0,$1316,$58,$1561,$2365,$384,$711,$90,$938,$1323,$0,$731,$-51,$1042,$2365,$-11,$139,$40,$180,$-56,$0,$0,$-17,$26,$193,$-43,$0,$-55,$0,$0,$0,$-5,$-103,$-6,$0,$-6,$-37,$-37,$0,$0,$-43,$49,$35,$0
20,2013-09-30,37.8,$25.85,1.46,$40.83,0.93,$4.25,8.89,$-2.28,0.0,$0.75B,$0.30B,2.46,$0.71B,$1.04B,0.69,$1.64B,$0.62B,37.71%,$1.64B,$0.01B,0.86%,$1.64B,$0.01B,0.86%,$1.64B,$0.26B,16.08%,$1.64B,$-0.04B,-2.32%,$1.64B,$-0.09B,-5.50%,$-0.09B,$1.04B,-8.49%,$-0.09B,$-0.25B,31.91%,$-0.09B,$2.28B,-3.97%,$0.01B,$1.75B,0.79%,$415,$255,$159,$0,$95,$450,$-36,$-12,$-47,$3,$-51,$-51,$-51,$62,$-36,$39,39,$-1.29,$-1.29,$148,$0,$0,$747,$66,$0,$1287,$65,$1531,$2278,$304,$711,$86,$937,$1241,$0,$738,$-51,$1036,$2278,$-3,$125,$29,$154,$-72,$0,$0,$-17,$-47,$104,$-23,$0,$-41,$0,$0,$0,$0,$-64,$-6,$0,$-6,$-43,$-43,$0,$-1,$-49,$-9,$23,$0
21,2013-06-30,32.89,$26.66,1.23,$39.61,0.83,$2.02,16.3,$-0.44,0.0,$0.67B,$0.26B,2.54,$0.72B,$1.08B,0.66,$1.61B,$0.60B,37.46%,$1.61B,$0.10B,6.04%,$1.61B,$0.10B,6.04%,$1.61B,$0.26B,16.24%,$1.61B,$0.04B,2.74%,$1.61B,$-0.02B,-1.00%,$-0.02B,$1.08B,-1.46%,$-0.02B,$-0.29B,5.64%,$-0.02B,$2.27B,-0.70%,$0.10B,$1.80B,5.41%,$415,$260,$155,$0,$96,$354,$60,$-13,$47,$23,$23,$23,$23,$74,$60,$39,40,$0.60,$0.58,$93,$0,$0,$665,$66,$0,$1365,$65,$1606,$2271,$262,$717,$83,$930,$1191,$0,$788,$-69,$1080,$2271,$47,$28,$19,$47,$-59,$0,$0,$-18,$-74,$19,$-14,$0,$-41,$0,$0,$0,$0,$-55,$0,$0,$0,$-28,$-28,$0,$-1,$-28,$-64,$17,$0
22,2013-03-31,37.66,$26.32,1.43,$38.74,0.97,$0.20,188.68,$-0.84,0.0,$0.65B,$0.27B,2.42,$0.72B,$1.06B,0.68,$1.59B,$0.60B,37.47%,$1.59B,$0.06B,4.03%,$1.59B,$0.06B,4.03%,$1.59B,$0.23B,14.48%,$1.59B,$0.01B,0.50%,$1.59B,$-0.03B,-1.95%,$-0.03B,$1.06B,-2.79%,$-0.03B,$-0.30B,11.07%,$-0.03B,$2.24B,-1.34%,$0.06B,$1.78B,3.57%,$407,$258,$149,$0,$97,$362,$45,$-12,$34,$10,$24,$24,$24,$59,$45,$39,41,$0.60,$0.58,$102,$0,$0,$652,$67,$0,$1354,$66,$1588,$2239,$269,$717,$83,$912,$1181,$0,$765,$-57,$1058,$2239,$24,$14,$16,$29,$-48,$0,$0,$2,$-55,$-2,$-7,$0,$-15,$0,$0,$0,$0,$-22,$0,$0,$0,$-30,$-30,$0,$-0,$-30,$-56,$10,$0
23,2012-12-31,33.0,$26.21,1.26,$37.87,0.87,$-1.01,0.0,$-0.99,0.0,$0.67B,$0.30B,2.22,$0.72B,$1.07B,0.67,$1.58B,$0.60B,37.82%,$1.58B,$0.06B,3.81%,$1.58B,$0.06B,3.81%,$1.58B,$0.23B,14.28%,$1.58B,$0.00B,0.19%,$1.58B,$-0.04B,-2.35%,$-0.04B,$1.07B,-3.26%,$-0.04B,$-0.30B,13.35%,$-0.04B,$2.28B,-1.58%,$0.06B,$1.79B,3.34%,$399,$245,$154,$0,$94,$455,$-55,$-17,$-72,$14,$-86,$-86,$-86,$68,$-55,$40,40,$-2.13,$-2.08,$157,$0,$0,$674,$68,$0,$1364,$67,$1601,$2275,$304,$717,$80,$903,$1207,$0,$741,$-41,$1068,$2275,$-37,$167,$50,$217,$-4,$0,$0,$-15,$-60,$120,$-28,$0,$-63,$0,$0,$0,$0,$-90,$-85,$0,$-85,$-48,$-48,$0,$-5,$-138,$-108,$29,$0
24,2012-09-30,26.68,$28.38,0.94,$36.95,0.72,$-0.02,0.0,$2.09,12.77,$0.69B,$0.37B,1.89,$0.64B,$1.17B,0.54,$1.57B,$0.60B,38.27%,$1.57B,$0.18B,11.67%,$1.57B,$0.18B,11.67%,$1.57B,$0.24B,15.18%,$1.57B,$0.13B,8.29%,$1.57B,$0.09B,5.68%,$0.09B,$1.17B,7.77%,$0.09B,$-0.26B,-31.37%,$0.09B,$2.35B,3.75%,$0.18B,$1.81B,10.24%,$386,$242,$144,$0,$89,$339,$47,$-12,$35,$12,$23,$23,$23,$60,$47,$40,41,$0.56,$0.55,$128,$0,$0,$693,$67,$0,$1431,$62,$1657,$2350,$367,$637,$73,$809,$1176,$0,$827,$-42,$1174,$2350,$49,$43,$36,$79,$-62,$0,$0,$-18,$-114,$14,$-21,$0,$-26,$0,$0,$0,$-1,$-48,$-156,$75,$-81,$-19,$-19,$0,$-2,$-103,$-137,$24,$0
25,2012-06-30,28.75,$27.36,1.05,$37.35,0.77,$0.67,42.73,$2.24,12.83,$0.72B,$0.42B,1.74,$0.64B,$1.15B,0.56,$1.60B,$0.62B,38.85%,$1.60B,$0.20B,12.22%,$1.60B,$0.20B,12.22%,$1.60B,$0.25B,15.73%,$1.60B,$0.14B,8.83%,$1.60B,$0.10B,5.95%,$0.10B,$1.15B,8.52%,$0.10B,$-0.27B,-30.47%,$0.10B,$2.37B,4.01%,$0.20B,$1.79B,11.09%,$396,$248,$148,$0,$92,$369,$27,$-16,$11,$4,$8,$8,$8,$43,$27,$41,42,$0.19,$0.18,$167,$0,$0,$724,$69,$0,$1421,$60,$1650,$2374,$415,$643,$71,$808,$1224,$0,$804,$-55,$1150,$2374,$26,$30,$26,$55,$-50,$0,$0,$-27,$-139,$-57,$-14,$0,$-22,$0,$0,$0,$0,$-35,$-2,$0,$-2,$-1,$-1,$0,$-1,$-4,$-98,$18,$0
26,2012-03-31,37.52,$27.38,1.37,$37.26,1.01,$1.77,21.25,$2.46,15.25,$0.72B,$0.41B,1.76,$0.64B,$1.15B,0.56,$1.60B,$0.62B,38.88%,$1.60B,$0.20B,12.63%,$1.60B,$0.20B,12.63%,$1.60B,$0.25B,15.88%,$1.60B,$0.15B,9.50%,$1.60B,$0.10B,6.38%,$0.10B,$1.15B,9.41%,$0.10B,$-0.29B,-29.46%,$0.10B,$2.37B,4.34%,$0.20B,$1.79B,11.45%,$395,$246,$150,$0,$103,$354,$41,$-12,$29,$11,$18,$18,$18,$54,$41,$40,43,$0.46,$0.43,$193,$0,$0,$719,$72,$0,$1435,$53,$1652,$2371,$409,$643,$77,$813,$1222,$0,$797,$-44,$1150,$2371,$18,$13,$18,$31,$-22,$0,$0,$-20,$-107,$-58,$-5,$0,$-19,$0,$0,$0,$0,$-23,$-0,$0,$-0,$-1,$-1,$0,$-0,$-1,$-82,$11,$0
27,2011-12-31,42.42,$26.67,1.59,$35.99,1.18,$2.25,18.82,$2.51,16.9,$0.77B,$0.50B,1.55,$0.64B,$1.11B,0.58,$1.57B,$0.61B,38.99%,$1.57B,$0.21B,13.08%,$1.57B,$0.21B,13.08%,$1.57B,$0.26B,16.40%,$1.57B,$0.15B,9.83%,$1.57B,$0.10B,6.57%,$0.10B,$1.11B,9.83%,$0.10B,$-0.32B,-27.07%,$0.10B,$2.41B,4.44%,$0.21B,$1.75B,11.62%,$391,$233,$158,$0,$93,$323,$68,$-14,$55,$15,$40,$40,$40,$81,$68,$41,43,$0.98,$0.91,$275,$0,$0,$771,$74,$0,$1428,$56,$1640,$2411,$498,$644,$75,$807,$1305,$0,$778,$-56,$1106,$2411,$104,$51,$52,$103,$-94,$0,$0,$-8,$-31,$174,$-31,$0,$-62,$0,$0,$0,$-0,$-94,$-7,$0,$-7,$-198,$-198,$0,$7,$-199,$-120,$37,$0
28,2011-09-30,36.81,$25.68,1.43,$34.47,1.07,$2.59,14.22,$1.81,20.34,$0.68B,$0.45B,1.52,$0.65B,$1.05B,0.61,$1.53B,$0.60B,38.97%,$1.53B,$0.17B,10.77%,$1.53B,$0.17B,10.77%,$1.53B,$0.24B,15.67%,$1.53B,$0.11B,7.25%,$1.53B,$0.07B,4.57%,$0.07B,$1.05B,6.58%,$0.07B,$-0.37B,-19.49%,$0.07B,$2.33B,3.02%,$0.17B,$1.70B,9.09%,$414,$250,$164,$0,$98,$354,$59,$-14,$46,$16,$29,$29,$29,$73,$59,$40,42,$0.73,$0.70,$138,$0,$0,$678,$75,$0,$1420,$70,$1649,$2327,$446,$645,$86,$829,$1275,$0,$738,$-53,$1052,$2327,$64,$38,$47,$85,$-130,$0,$0,$-9,$-102,$47,$-25,$0,$-62,$0,$0,$0,$-0,$-87,$-7,$0,$-7,$-209,$-209,$0,$0,$-215,$-256,$29,$0
29,2011-06-30,37.94,$24.75,1.53,$32.05,1.18,$3.79,10.02,$1.58,24.01,$0.63B,$0.29B,2.15,$0.79B,$1.03B,0.77,$1.46B,$0.57B,39.07%,$1.46B,$0.15B,10.45%,$1.46B,$0.15B,10.45%,$1.46B,$0.23B,15.64%,$1.46B,$0.10B,6.63%,$1.46B,$0.06B,4.17%,$0.06B,$1.03B,5.58%,$0.06B,$-0.41B,-18.51%,$0.06B,$2.30B,2.61%,$0.15B,$1.82B,8.30%,$400,$251,$150,$0,$94,$367,$34,$-12,$22,$7,$15,$15,$15,$46,$34,$41,43,$0.38,$0.36,$110,$0,$0,$632,$72,$0,$1437,$64,$1668,$2300,$294,$790,$87,$977,$1271,$0,$726,$-37,$1028,$2300,$35,$25,$34,$59,$-99,$0,$0,$-3,$-106,$-13,$-13,$0,$-51,$0,$0,$0,$-0,$-64,$-1,$0,$-1,$-209,$-209,$0,$0,$-209,$-286,$22,$0
30,2011-03-31,38.33,$23.91,1.6,$29.96,1.28,$4.60,8.34,$1.70,22.55,$0.59B,$0.28B,2.13,$0.78B,$1.01B,0.78,$1.41B,$0.56B,39.77%,$1.41B,$0.17B,12.10%,$1.41B,$0.17B,12.10%,$1.41B,$0.25B,17.55%,$1.41B,$0.12B,8.14%,$1.41B,$0.07B,5.02%,$0.07B,$1.01B,6.33%,$0.07B,$-0.42B,-25.36%,$0.07B,$2.25B,3.10%,$0.17B,$1.79B,9.61%,$362,$223,$139,$0,$88,$318,$44,$-13,$31,$12,$19,$19,$19,$57,$44,$44,46,$0.44,$0.42,$124,$0,$0,$593,$71,$0,$1427,$58,$1654,$2247,$278,$784,$85,$964,$1242,$0,$709,$-39,$1005,$2247,$19,$12,$16,$28,$-46,$0,$0,$-15,$-87,$-39,$-5,$0,$-42,$0,$0,$0,$-0,$-47,$-1,$25,$24,$-210,$-210,$0,$0,$-186,$-272,$10,$0
31,2010-12-31,37.28,$25.30,1.47,$29.36,1.27,$4.88,7.63,$1.51,24.69,$0.79B,$0.29B,2.76,$0.79B,$1.17B,0.67,$1.40B,$0.58B,41.11%,$1.40B,$0.16B,11.35%,$1.40B,$0.16B,11.35%,$1.40B,$0.24B,16.92%,$1.40B,$0.11B,7.64%,$1.40B,$0.07B,4.71%,$0.07B,$1.17B,5.74%,$0.07B,$-0.24B,-28.30%,$0.07B,$2.41B,2.95%,$0.16B,$1.95B,9.26%,$356,$212,$144,$0,$89,$329,$28,$-16,$12,$5,$7,$7,$7,$64,$28,$46,48,$0.15,$0.14,$395,$0,$0,$791,$73,$0,$1404,$60,$1615,$2405,$286,$786,$80,$952,$1238,$0,$674,$-53,$1168,$2405,$66,$79,$60,$139,$-19,$0,$0,$-27,$-10,$195,$-23,$0,$-63,$15,$0,$15,$-0,$-71,$181,$0,$181,$-34,$-34,$0,$-2,$144,$266,$35,$0
32,2010-09-30,34.69,$25.16,1.38,$28.34,1.22,$5.45,6.37,$1.99,17.43,$0.77B,$0.39B,1.95,$0.64B,$1.17B,0.55,$1.39B,$0.58B,42.00%,$1.39B,$0.19B,13.90%,$1.39B,$0.19B,13.90%,$1.39B,$0.25B,17.87%,$1.39B,$0.15B,10.66%,$1.39B,$0.09B,6.63%,$0.09B,$1.17B,8.11%,$0.09B,$-0.25B,-38.17%,$0.09B,$2.40B,4.26%,$0.19B,$1.81B,12.00%,$346,$207,$139,$0,$86,$299,$47,$-15,$32,$12,$20,$20,$20,$62,$47,$45,47,$0.44,$0.43,$340,$0,$0,$767,$74,$0,$1419,$59,$1636,$2404,$394,$644,$79,$841,$1235,$0,$677,$-49,$1168,$2404,$57,$43,$42,$84,$-35,$0,$0,$-22,$-46,$96,$-15,$0,$-60,$15,$0,$15,$-0,$-61,$201,$0,$201,$-22,$-22,$0,$-2,$178,$212,$25,$0
33,2010-06-30,43.59,$24.35,1.79,$27.44,1.59,$6.42,6.79,$2.22,19.64,$0.53B,$0.37B,1.45,$0.42B,$1.15B,0.36,$1.39B,$0.60B,43.06%,$1.39B,$0.21B,15.10%,$1.39B,$0.21B,15.10%,$1.39B,$0.26B,18.98%,$1.39B,$0.17B,12.37%,$1.39B,$0.11B,7.91%,$0.11B,$1.15B,9.40%,$0.11B,$-0.21B,-58.12%,$0.11B,$2.11B,5.19%,$0.21B,$1.57B,13.22%,$349,$209,$140,$0,$82,$297,$52,$-12,$40,$15,$25,$25,$25,$65,$52,$46,48,$0.55,$0.52,$123,$0,$0,$533,$78,$0,$1359,$54,$1572,$2105,$366,$417,$61,$590,$957,$0,$655,$-67,$1148,$2105,$39,$27,$22,$50,$-35,$0,$0,$-20,$-67,$22,$-12,$0,$-23,$15,$0,$15,$-0,$-20,$-0,$0,$-0,$4,$4,$0,$1,$5,$4,$15,$0
34,2010-03-31,39.32,$23.82,1.65,$26.89,1.46,$6.80,5.78,$2.39,16.45,$0.48B,$0.35B,1.36,$0.42B,$1.12B,0.37,$1.40B,$0.63B,44.55%,$1.40B,$0.23B,16.32%,$1.40B,$0.23B,16.32%,$1.40B,$0.28B,20.24%,$1.40B,$0.19B,13.76%,$1.40B,$0.12B,8.70%,$0.12B,$1.12B,10.14%,$0.12B,$-0.24B,-77.46%,$0.12B,$2.05B,5.71%,$0.23B,$1.54B,14.13%,$350,$197,$153,$0,$84,$318,$32,$-9,$23,$9,$14,$14,$14,$46,$32,$46,48,$0.31,$0.29,$81,$0,$0,$479,$80,$0,$1354,$54,$1567,$2046,$351,$417,$59,$576,$927,$0,$630,$-64,$1119,$2046,$14,$14,$11,$25,$-32,$0,$0,$-10,$-66,$-27,$-5,$0,$-18,$15,$0,$15,$-3,$-11,$-1,$0,$-1,$1,$1,$0,$1,$2,$-38,$7,$0
35,2009-12-31,47.16,$23.50,2.01,$26.19,1.8,$7.21,6.54,$2.70,17.47,$0.50B,$0.41B,1.23,$0.42B,$1.10B,0.38,$1.40B,$0.63B,44.75%,$1.40B,$0.26B,18.42%,$1.40B,$0.26B,18.42%,$1.40B,$0.31B,22.27%,$1.40B,$0.22B,15.85%,$1.40B,$0.14B,9.99%,$0.14B,$1.10B,11.50%,$0.14B,$-0.27B,-102.56%,$0.14B,$2.08B,6.53%,$0.26B,$1.52B,15.77%,$343,$192,$151,$0,$82,$281,$62,$-9,$53,$19,$33,$33,$33,$75,$62,$50,53,$0.69,$0.64,$119,$0,$0,$500,$81,$0,$1372,$56,$1577,$2077,$406,$417,$54,$567,$973,$0,$616,$-48,$1104,$2077,$140,$53,$51,$104,$-13,$0,$0,$-12,$9,$251,$-29,$0,$-47,$-15,$0,$-15,$1,$-90,$-14,$0,$-14,$-234,$-234,$0,$8,$-240,$-73,$29,$0
36,2009-09-30,42.61,$25.31,1.68,$25.75,1.65,$6.05,7.05,$2.57,16.58,$0.70B,$0.38B,1.86,$0.42B,$1.31B,0.32,$1.38B,$0.63B,45.33%,$1.38B,$0.25B,18.25%,$1.38B,$0.25B,18.25%,$1.38B,$0.31B,22.16%,$1.38B,$0.22B,15.57%,$1.38B,$0.14B,9.85%,$0.14B,$1.31B,11.12%,$0.14B,$-0.04B,-112.63%,$0.14B,$2.25B,6.34%,$0.25B,$1.73B,15.35%,$349,$193,$155,$0,$85,$284,$64,$-8,$56,$19,$38,$38,$38,$78,$64,$51,54,$0.74,$0.70,$314,$0,$0,$697,$75,$0,$1354,$54,$1554,$2252,$376,$418,$49,$565,$940,$1,$579,$-45,$1311,$2252,$106,$40,$35,$75,$-30,$0,$0,$-19,$-16,$164,$-18,$0,$-38,$-36,$0,$-36,$0,$-92,$-13,$0,$-13,$16,$16,$0,$6,$8,$86,$18,$0
37,2009-06-30,50.72,$24.72,2.05,$25.26,2.01,$4.85,10.45,$2.38,21.31,$0.61B,$0.34B,1.81,$0.42B,$1.28B,0.33,$1.36B,$0.62B,45.76%,$1.36B,$0.24B,17.76%,$1.36B,$0.24B,17.76%,$1.36B,$0.29B,21.59%,$1.36B,$0.20B,14.96%,$1.36B,$0.12B,9.14%,$0.12B,$1.28B,10.49%,$0.12B,$-0.08B,-81.58%,$0.12B,$2.18B,5.92%,$0.24B,$1.70B,15.06%,$361,$194,$166,$0,$89,$289,$71,$-10,$61,$24,$37,$37,$37,$85,$71,$50,54,$0.74,$0.69,$213,$0,$0,$614,$77,$0,$1362,$54,$1564,$2178,$340,$418,$50,$561,$900,$1,$548,$-39,$1278,$2178,$69,$26,$26,$53,$-48,$0,$0,$-17,$-79,$44,$-12,$0,$-35,$0,$0,$0,$0,$-46,$-1,$0,$-1,$13,$13,$0,$5,$18,$21,$13,$0
38,2009-03-31,49.48,$22.93,2.16,$24.85,1.99,$4.99,9.92,$2.35,21.06,$0.55B,$0.34B,1.62,$0.42B,$1.18B,0.36,$1.33B,$0.61B,45.35%,$1.33B,$0.24B,17.77%,$1.33B,$0.24B,17.77%,$1.33B,$0.29B,21.44%,$1.33B,$0.20B,14.99%,$1.33B,$0.12B,9.15%,$0.12B,$1.18B,10.68%,$0.12B,$-0.15B,-76.61%,$0.12B,$2.07B,5.97%,$0.24B,$1.60B,15.19%,$348,$192,$155,$0,$89,$287,$61,$-9,$52,$20,$32,$32,$32,$74,$61,$50,53,$0.63,$0.60,$158,$0,$0,$550,$76,$0,$1328,$59,$1521,$2071,$340,$419,$48,$554,$894,$1,$511,$-86,$1177,$2071,$32,$13,$15,$28,$-41,$0,$0,$-5,$-69,$-10,$-4,$0,$-25,$0,$0,$0,$0,$-29,$-0,$0,$-0,$6,$6,$0,$0,$6,$-34,$6,$0
39,2008-12-31,44.68,$22.15,2.02,$24.11,1.85,$4.92,9.08,$2.34,19.09,$0.56B,$0.41B,1.36,$0.42B,$1.13B,0.37,$1.29B,$0.59B,45.24%,$1.29B,$0.24B,18.17%,$1.29B,$0.24B,18.17%,$1.29B,$0.28B,21.66%,$1.29B,$0.20B,15.39%,$1.29B,$0.12B,9.36%,$0.12B,$1.13B,10.92%,$0.12B,$-0.21B,-90.47%,$0.12B,$2.08B,6.06%,$0.24B,$1.55B,15.41%,$323,$173,$150,$0,$88,$267,$56,$-10,$46,$17,$29,$29,$29,$69,$56,$49,54,$0.58,$0.55,$192,$0,$0,$556,$79,$0,$1333,$59,$1527,$2084,$409,$419,$45,$547,$956,$1,$473,$-79,$1128,$2084,$121,$45,$45,$90,$-49,$0,$0,$-10,$-17,$197,$-36,$0,$-343,$0,$0,$0,$5,$-374,$-9,$-2,$-11,$21,$21,$0,$11,$20,$-169,$26,$0
40,2008-09-30,72.24,$22.57,3.2,$24.19,2.99,$2.60,27.83,$2.36,30.61,$0.54B,$0.36B,1.5,$0.42B,$1.15B,0.36,$1.25B,$0.56B,44.76%,$1.25B,$0.23B,18.39%,$1.25B,$0.23B,18.39%,$1.25B,$0.27B,21.66%,$1.25B,$0.20B,15.59%,$1.25B,$0.12B,9.35%,$0.12B,$1.15B,10.94%,$0.12B,$-0.17B,-122.19%,$0.12B,$2.05B,6.03%,$0.23B,$1.56B,15.49%,$325,$175,$150,$0,$92,$272,$53,$-9,$44,$17,$26,$26,$26,$65,$53,$50,54,$0.53,$0.48,$146,$0,$0,$543,$76,$0,$1314,$57,$1502,$2046,$363,$416,$48,$537,$900,$1,$455,$-10,$1146,$2046,$91,$32,$34,$66,$-82,$0,$0,$-13,$-54,$106,$-24,$0,$-313,$0,$0,$0,$1,$-337,$-8,$-2,$-10,$22,$22,$0,$5,$18,$-214,$21,$0
41,2008-06-30,68.46,$22.22,3.08,$23.77,2.88,$0.74,93.0,$2.35,29.13,$0.56B,$0.34B,1.65,$0.42B,$1.12B,0.37,$1.18B,$0.52B,44.44%,$1.18B,$0.23B,19.17%,$1.18B,$0.23B,19.17%,$1.18B,$0.26B,22.31%,$1.18B,$0.19B,16.03%,$1.18B,$0.11B,9.67%,$0.11B,$1.12B,11.98%,$0.11B,$-0.11B,-86.20%,$0.11B,$1.98B,6.29%,$0.23B,$1.54B,16.09%,$338,$188,$150,$0,$78,$270,$67,$-10,$58,$23,$35,$35,$35,$78,$67,$49,54,$0.71,$0.65,$183,$0,$0,$557,$76,$0,$1233,$58,$1423,$1980,$339,$416,$45,$522,$860,$1,$428,$10,$1120,$1980,$66,$20,$22,$41,$-64,$0,$0,$-18,$-50,$57,$-18,$0,$-225,$0,$0,$0,$-1,$-244,$-7,$0,$-7,$12,$12,$0,$5,$9,$-178,$14,$0
42,2008-03-31,71.04,$20.90,3.4,$23.00,3.09,$-0.98,0.0,$2.22,32.0,$0.59B,$0.33B,1.8,$0.42B,$1.04B,0.4,$1.08B,$0.48B,44.59%,$1.08B,$0.20B,18.78%,$1.08B,$0.20B,18.78%,$1.08B,$0.24B,21.83%,$1.08B,$0.17B,15.36%,$1.08B,$0.10B,9.44%,$0.10B,$1.04B,12.34%,$0.10B,$-0.05B,-52.99%,$0.10B,$1.88B,6.10%,$0.20B,$1.46B,15.42%,$307,$173,$135,$0,$73,$248,$59,$-8,$51,$20,$31,$31,$31,$68,$59,$48,53,$0.64,$0.58,$227,$0,$0,$590,$70,$0,$1087,$84,$1291,$1880,$327,$417,$44,$516,$843,$0,$392,$10,$1038,$1880,$31,$9,$10,$19,$-59,$0,$0,$-1,$-60,$-10,$-8,$0,$-94,$0,$0,$0,$-27,$-129,$-6,$0,$-6,$9,$9,$0,$3,$5,$-133,$7,$0
43,2007-12-31,61.64,$19.85,3.11,$22.54,2.74,$-1.67,0.0,$1.99,30.97,$0.66B,$0.38B,1.74,$0.42B,$0.97B,0.43,$1.00B,$0.45B,44.81%,$1.00B,$0.18B,18.16%,$1.00B,$0.18B,18.16%,$1.00B,$0.21B,21.26%,$1.00B,$0.14B,14.17%,$1.00B,$0.09B,8.58%,$0.09B,$0.97B,11.99%,$0.09B,$-0.05B,-31.36%,$0.09B,$1.86B,5.53%,$0.18B,$1.39B,14.63%,$281,$156,$125,$0,$71,$229,$51,$-10,$42,$17,$25,$25,$25,$60,$51,$43,46,$0.53,$0.49,$360,$0,$0,$662,$68,$0,$1026,$51,$1197,$1859,$381,$416,$41,$505,$886,$0,$361,$9,$972,$1859,$86,$30,$23,$53,$-86,$0,$0,$-24,$-72,$68,$-36,$0,$-32,$0,$0,$0,$0,$-68,$-8,$0,$-8,$260,$260,$0,$18,$270,$269,$23,$0
44,2007-09-30,50.31,$15.66,3.21,$21.78,2.31,$-1.73,0.0,$1.81,27.8,$0.37B,$0.18B,2.01,$0.56B,$0.68B,0.84,$0.94B,$0.43B,45.74%,$0.94B,$0.18B,18.76%,$0.94B,$0.18B,18.76%,$0.94B,$0.20B,21.75%,$0.94B,$0.13B,14.18%,$0.94B,$0.08B,8.32%,$0.08B,$0.68B,12.67%,$0.08B,$-0.31B,-21.64%,$0.08B,$1.53B,5.42%,$0.18B,$1.24B,14.92%,$253,$139,$114,$0,$63,$204,$49,$-11,$38,$15,$23,$23,$23,$57,$49,$42,46,$0.55,$0.50,$62,$0,$0,$368,$65,$0,$989,$50,$1158,$1526,$183,$564,$40,$668,$851,$0,$330,$15,$675,$1526,$61,$22,$22,$43,$-98,$0,$0,$-23,$-92,$12,$-28,$0,$-25,$0,$0,$0,$0,$-53,$-0,$0,$-0,$7,$7,$0,$4,$11,$-30,$16,$0
45,2007-06-30,38.03,$14.61,2.6,$20.36,1.87,$-2.51,0.0,$1.30,29.25,$0.29B,$0.15B,1.94,$0.56B,$0.62B,0.9,$0.85B,$0.39B,45.57%,$0.85B,$0.13B,15.58%,$0.85B,$0.13B,15.58%,$0.85B,$0.16B,18.65%,$0.85B,$0.10B,11.22%,$0.85B,$0.06B,6.49%,$0.06B,$0.62B,9.57%,$0.06B,$-0.35B,-16.96%,$0.06B,$1.43B,4.18%,$0.13B,$1.19B,12.17%,$240,$131,$108,$0,$62,$196,$44,$-9,$35,$12,$23,$23,$23,$51,$44,$41,43,$0.56,$0.53,$30,$0,$0,$286,$65,$0,$976,$47,$1144,$1429,$147,$563,$39,$660,$807,$0,$307,$2,$622,$1429,$38,$14,$14,$27,$-51,$0,$0,$-25,$-86,$-21,$-22,$0,$-20,$0,$0,$0,$0,$-42,$-0,$0,$-0,$-3,$-3,$0,$3,$-1,$-62,$11,$0
46,2007-03-31,33.59,$14.10,2.38,$18.84,1.78,$-2.50,0.0,$1.09,30.82,$0.27B,$0.15B,1.82,$0.56B,$0.60B,0.94,$0.77B,$0.35B,45.37%,$0.77B,$0.12B,15.12%,$0.77B,$0.12B,15.12%,$0.77B,$0.14B,18.38%,$0.77B,$0.08B,10.82%,$0.77B,$0.05B,5.87%,$0.05B,$0.60B,8.28%,$0.05B,$-0.38B,-16.25%,$0.05B,$1.41B,3.74%,$0.12B,$1.17B,11.61%,$228,$126,$102,$0,$60,$189,$38,$-11,$27,$12,$15,$15,$15,$45,$38,$41,43,$0.37,$0.36,$38,$0,$0,$269,$61,$0,$977,$46,$1140,$1409,$148,$564,$38,$660,$808,$0,$284,$2,$601,$1409,$15,$7,$8,$14,$-28,$0,$0,$-23,$-60,$-30,$-14,$0,$-19,$0,$0,$0,$0,$-33,$-0,$0,$-0,$8,$8,$0,$1,$9,$-54,$5,$0
47,2006-12-31,27.89,$13.49,2.07,$17.69,1.58,$-2.49,0.0,$1.04,26.82,$0.30B,$0.18B,1.65,$0.56B,$0.57B,1.0,$0.71B,$0.32B,45.20%,$0.71B,$0.11B,14.97%,$0.71B,$0.11B,14.97%,$0.71B,$0.13B,18.36%,$0.71B,$0.08B,11.16%,$0.71B,$0.04B,5.93%,$0.04B,$0.57B,8.16%,$0.04B,$-0.40B,-18.42%,$0.04B,$1.39B,3.84%,$0.11B,$1.13B,11.57%,$217,$112,$105,$0,$57,$172,$45,$-11,$33,$16,$17,$17,$17,$51,$45,$40,41,$0.44,$0.42,$92,$0,$0,$295,$51,$0,$963,$46,$1096,$1391,$178,$563,$26,$648,$826,$0,$269,$1,$565,$1391,$42,$24,$25,$50,$-23,$0,$0,$-31,$-36,$56,$-30,$0,$-267,$0,$0,$0,$0,$-297,$190,$0,$190,$-6,$-6,$0,$-7,$177,$-61,$15,$0
