,Date,Stock Price,Book Value per Share,Price to Book Ratio,TTM Sales per Share,Price to Sales Ratio,TTM FCF per Share,Price to FCF Ratio,TTM Net EPS,PE Ratio,Current Assets,Current Liabilities,Current Ratio,Long Term Debt,Shareholder's Equity_x,Debt to Equity Ratio,TTM Revenue_x,TTM Gross Profit,Gross Margin,TTM Revenue_y,TTM Operating Income,Operating Margin,TTM Revenue_x,TTM EBIT,EBIT Margin,TTM Revenue_y,TTM EBITDA,EBITDA Margin,TTM Revenue_x,TTM Pre-Tax Income,Pre-Tax Margin,TTM Revenue_y,TTM Net Income_x,Net Margin,TTM Net Income_y,Shareholder's Equity_y,Return on Equity,TTM Net Income_x,Tangible Equity,Return on Tangible Equity,TTM Net Income_y,Total Assets,Return on Assets,TTM Net Income,LT Investments & Debt,Return on Investment,revenue,cost-goods-sold,gross-profit,research-development-expenses,selling-general-administrative-expenses,operating-expenses,operating-income,total-non-operating-income-expense,pre-tax-income,total-provision-income-taxes,income-after-taxes,income-from-continuous-operations,net-income,ebitda,ebit,basic-shares-outstanding,shares-outstanding,eps-basic-net-earnings-per-share,eps-earnings-per-share-diluted,cash-on-hand,inventory,other-current-assets,total-current-assets,net-property-plant-equipment,long-term-investments,goodwill-intangible-assets-total,other-long-term-assets,total-long-term-assets,total-assets,total-current-liabilities,long-term-debt,other-non-current-liabilities,total-long-term-liabilities,total-liabilities,common-stock-net,retained-earnings-accumulated-deficit,comprehensive-income,total-share-holder-equity,total-liabilities-share-holders-equity,net-income-loss,total-depreciation-amortization-cash-flow,other-non-cash-items,total-non-cash-items,change-in-accounts-receivable,change-in-inventories,change-in-accounts-payable,change-in-assets-liabilities,total-change-in-assets-liabilities,cash-flow-from-operating-activities,net-change-in-property-plant-equipment,net-change-in-intangible-assets,net-acquisitions-divestitures,net-change-in-short-term-investments,net-change-in-long-term-investments,net-change-in-investments-total,investing-activities-other,cash-flow-from-investing-activities,net-long-term-debt,net-current-debt,debt-issuance-retirement-net-total,net-common-equity-issued-repurchased,net-total-equity-issued-repurchased,total-common-preferred-stock-dividends-paid,financial-activities-other,cash-flow-from-financial-activities,net-cash-flow,stock-based-compensation,common-stock-dividends-paid
0,2018-09-30,452.28,$294.41,1.54,$145.32,3.11,$150.21,3.01,$30.45,14.85,$25.92B,$30.85B,0.84,$0.30B,$3.50B,0.09,$1.74B,$1.71B,97.94%,$1.74B,$0.52B,29.59%,$1.74B,0,0.00%,$1.74B,0,0.00%,$1.74B,$0.51B,29.30%,$1.74B,$0.36B,20.87%,$0.36B,$3.50B,10.67%,$0.36B,$3.22B,11.52%,$0.36B,$34.96B,1.05%,$0.52B,$3.80B,13.53%,$410,$8,$402,$0,$267,$276,$135,$-1,$134,$16,$117,$117,$117,$0,$0,$12,12,$9.80,$9.80,$1206,$0,$0,$25919,$1167,$7041,$281,$547,$9036,$34955,$30851,$297,$307,$604,$31456,$12,$3134,$-248,$3499,$34955,$311,$66,$-12,$54,$13,$0,$-2,$281,$271,$636,$-63,$0,$-106,$462,$214,$675,$-702,$-196,$-592,$-128,$-720,$-58,$-58,$-13,$278,$-513,$-74,$0,$-13
1,2018-06-30,403.3,$287.00,1.41,$142.72,2.83,$125.53,3.21,$26.23,15.38,$25.86B,$31.02B,0.83,$0.24B,$3.45B,0.07,$1.71B,$1.68B,97.72%,$1.71B,$0.49B,28.30%,$1.71B,0,0.00%,$1.71B,0,0.00%,$1.71B,$0.48B,28.06%,$1.71B,$0.31B,18.32%,$0.31B,$3.45B,9.33%,$0.31B,$3.16B,10.04%,$0.31B,$35.09B,0.91%,$0.49B,$3.69B,12.40%,$405,$8,$397,$0,$272,$280,$125,$-2,$123,$29,$93,$93,$93,$0,$0,$12,12,$7.77,$7.77,$1484,$0,$0,$25856,$1168,$7191,$286,$589,$9232,$35089,$31023,$241,$377,$619,$31642,$12,$3021,$-245,$3447,$35089,$194,$42,$-21,$21,$-2,$0,$-2,$326,$306,$520,$-44,$0,$-106,$172,$84,$256,$-361,$-255,$-654,$-201,$-855,$0,$0,$-8,$523,$-341,$-76,$0,$-8
2,2018-03-31,412.9,$280.78,1.47,$149.83,2.76,$100.65,4.1,$29.67,13.92,$25.63B,$30.52B,0.84,$0.19B,$3.37B,0.06,$1.80B,$1.76B,97.67%,$1.80B,$0.58B,32.18%,$1.80B,0,0.00%,$1.80B,0,0.00%,$1.80B,$0.57B,31.68%,$1.80B,$0.36B,19.79%,$0.36B,$3.37B,10.74%,$0.36B,$3.15B,11.52%,$0.36B,$34.44B,1.03%,$0.58B,$3.57B,14.41%,$415,$8,$407,$0,$275,$283,$132,$-1,$131,$31,$100,$100,$100,$0,$0,$12,12,$8.35,$8.35,$2195,$0,$0,$25631,$1141,$6968,$219,$478,$8806,$34436,$30524,$194,$346,$540,$31064,$12,$2932,$-230,$3372,$34436,$100,$19,$-26,$-7,$7,$0,$-2,$328,$365,$458,$-16,$0,$0,$-561,$129,$-432,$-7,$-455,$-651,$-139,$-791,$0,$0,$-4,$703,$-92,$-88,$0,$-4
3,2017-12-31,402.36,$277.61,1.45,$145.27,2.77,$74.88,5.37,$26.95,14.93,$25.15B,$29.96B,0.84,$0.87B,$3.33B,0.26,$1.75B,$1.70B,97.42%,$1.75B,$0.55B,31.69%,$1.75B,0,0.00%,$1.75B,0,0.00%,$1.75B,$0.54B,31.17%,$1.75B,$0.32B,18.57%,$0.32B,$3.33B,9.98%,$0.32B,$3.11B,10.73%,$0.32B,$34.53B,0.94%,$0.55B,$4.20B,13.54%,$514,$11,$502,$0,$379,$390,$124,$-1,$123,$69,$54,$54,$54,$0,$0,$12,12,$4.54,$4.54,$1724,$0,$0,$25150,$1138,$7180,$224,$835,$9377,$34528,$29960,$870,$363,$1233,$31193,$12,$2785,$-122,$3334,$34528,$324,$74,$15,$88,$23,$0,$0,$-73,$-60,$352,$-41,$163,$305,$586,$-460,$126,$-1221,$-669,$168,$-45,$123,$0,$0,$-11,$1,$113,$-204,$0,$-11
4,2017-09-30,372.98,$275.92,1.35,$134.10,2.78,$64.31,5.8,$26.81,13.91,$25.72B,$30.01B,0.86,$0.87B,$3.31B,0.26,$1.61B,$1.57B,97.33%,$1.61B,$0.51B,31.68%,$1.61B,0,0.00%,$1.61B,0,0.00%,$1.61B,$0.50B,31.18%,$1.61B,$0.32B,20.06%,$0.32B,$3.31B,10.20%,$0.32B,$3.09B,10.99%,$0.32B,$34.58B,0.95%,$0.51B,$4.18B,12.77%,$380,$11,$369,$0,$265,$276,$104,$-1,$104,$37,$67,$67,$67,$0,$0,$12,12,$5.58,$5.58,$2729,$0,$0,$25717,$1132,$6993,$228,$515,$8868,$34584,$30013,$866,$391,$1257,$31270,$12,$2735,$-92,$3314,$34584,$269,$50,$-53,$-3,$15,$0,$0,$5,$38,$304,$-26,$0,$301,$-458,$245,$-213,$-779,$-718,$168,$-59,$109,$0,$0,$-7,$69,$170,$-243,$0,$-7
5,2017-06-30,371.46,$269.76,1.38,$132.76,2.8,$56.70,6.55,$25.51,14.56,$26.24B,$30.24B,0.87,$0.88B,$3.24B,0.27,$1.59B,$1.55B,97.37%,$1.59B,$0.49B,30.68%,$1.59B,0,0.00%,$1.59B,0,0.00%,$1.59B,$0.48B,29.92%,$1.59B,$0.31B,19.26%,$0.31B,$3.24B,9.87%,$0.31B,$3.01B,10.66%,$0.31B,$34.77B,0.91%,$0.49B,$4.12B,12.45%,$490,$11,$479,$0,$261,$271,$219,$-7,$212,$77,$135,$135,$135,$0,$0,$12,12,$11.21,$11.21,$3440,$0,$0,$26237,$1130,$6597,$231,$575,$8533,$34770,$30241,$880,$409,$1289,$31530,$12,$2672,$-103,$3240,$34770,$202,$34,$-76,$-43,$10,$0,$1,$2,$31,$191,$-13,$0,$301,$-909,$503,$-405,$-468,$-586,$167,$61,$228,$0,$0,$-7,$191,$412,$17,$0,$-7
6,2017-03-31,333.98,$258.18,1.29,$123.89,2.7,$48.66,6.86,$20.07,16.64,$24.97B,$29.80B,0.84,$0.73B,$3.10B,0.24,$1.49B,$1.45B,97.11%,$1.49B,$0.38B,25.60%,$1.49B,0,0.00%,$1.49B,0,0.00%,$1.49B,$0.38B,25.20%,$1.49B,$0.24B,16.20%,$0.24B,$3.10B,7.88%,$0.24B,$2.88B,8.51%,$0.24B,$34.02B,0.73%,$0.38B,$3.83B,9.84%,$361,$11,$350,$0,$244,$255,$106,$-1,$105,$37,$68,$68,$68,$0,$0,$12,12,$5.63,$5.63,$3239,$0,$0,$24974,$1124,$7120,$226,$574,$9044,$34018,$29798,$728,$392,$1119,$30918,$12,$2541,$-111,$3101,$34018,$68,$17,$1,$18,$28,$0,$0,$-3,$52,$138,$-4,$0,$26,$-857,$-70,$-927,$-76,$-981,$-0,$87,$87,$0,$0,$0,$720,$806,$-37,$0,$0
7,2016-12-31,353.22,$250.83,1.41,$122.88,2.87,$43.37,8.14,$18.78,18.81,$24.01B,$28.77B,0.84,$0.83B,$3.01B,0.28,$1.48B,$1.43B,97.15%,$1.48B,$0.36B,24.20%,$1.48B,0,0.00%,$1.48B,0,0.00%,$1.48B,$0.35B,23.80%,$1.48B,$0.23B,15.25%,$0.23B,$3.01B,7.44%,$0.23B,$2.78B,8.04%,$0.23B,$32.99B,0.69%,$0.36B,$3.85B,9.28%,$379,$11,$369,$0,$287,$298,$81,$-0,$81,$28,$53,$53,$53,$0,$0,$12,12,$4.38,$4.38,$2412,$0,$0,$24006,$1133,$7007,$229,$617,$8985,$32991,$28765,$833,$381,$1214,$29978,$12,$2477,$-135,$3012,$32991,$225,$66,$38,$104,$-15,$0,$-2,$-58,$-99,$231,$-47,$78,$-1,$213,$-108,$105,$-1235,$-1100,$141,$-33,$108,$0,$0,$-14,$782,$876,$6,$0,$-14
8,2016-09-30,292.18,$256.77,1.14,$119.68,2.44,$46.76,6.25,$17.95,16.28,$24.67B,$28.66B,0.86,$0.84B,$3.08B,0.27,$1.44B,$1.39B,97.01%,$1.44B,$0.35B,24.08%,$1.44B,0,0.00%,$1.44B,0,0.00%,$1.44B,$0.34B,23.45%,$1.44B,$0.22B,14.96%,$0.22B,$3.08B,7.19%,$0.22B,$2.85B,7.78%,$0.22B,$32.97B,0.67%,$0.35B,$3.92B,9.15%,$364,$11,$354,$0,$271,$282,$83,$-4,$79,$28,$51,$51,$51,$0,$0,$12,12,$4.28,$4.28,$3493,$0,$0,$24674,$1135,$6385,$230,$549,$8298,$32972,$28655,$840,$392,$1233,$29888,$12,$2428,$-15,$3084,$32972,$173,$50,$-26,$24,$-25,$0,$-2,$70,$26,$223,$-37,$0,$-1,$-911,$633,$-278,$-722,$-1037,$146,$94,$240,$0,$0,$-11,$546,$775,$-38,$0,$-11
9,2016-06-30,257.13,$252.76,1.02,$119.28,2.16,$48.32,5.32,$18.33,14.03,$23.40B,$27.99B,0.84,$0.85B,$3.04B,0.28,$1.43B,$1.39B,96.93%,$1.43B,$0.36B,24.84%,$1.43B,0,0.00%,$1.43B,0,0.00%,$1.43B,$0.35B,24.21%,$1.43B,$0.22B,15.35%,$0.22B,$3.04B,7.50%,$0.22B,$2.82B,8.13%,$0.22B,$32.23B,0.69%,$0.36B,$3.89B,9.64%,$384,$11,$372,$0,$261,$273,$111,$-1,$110,$40,$69,$69,$69,$0,$0,$12,12,$5.77,$5.77,$2784,$0,$0,$23403,$1121,$6558,$220,$928,$8827,$32230,$27986,$851,$358,$1208,$29195,$12,$2380,$-15,$3036,$32230,$121,$32,$-20,$12,$-19,$0,$1,$-15,$-39,$94,$-14,$0,$28,$-193,$33,$-161,$-417,$-563,$146,$132,$279,$0,$0,$-7,$171,$442,$-27,$0,$-7
10,2016-03-31,249.04,$246.56,1.01,$116.77,2.13,$49.29,5.05,$16.27,15.31,$23.61B,$28.05B,0.84,$0.78B,$2.96B,0.26,$1.40B,$1.36B,96.93%,$1.40B,$0.32B,22.75%,$1.40B,0,0.00%,$1.40B,0,0.00%,$1.40B,$0.31B,21.90%,$1.40B,$0.20B,13.98%,$0.20B,$2.96B,6.82%,$0.20B,$2.74B,7.42%,$0.20B,$32.20B,0.62%,$0.32B,$3.74B,9.02%,$348,$10,$338,$0,$256,$267,$82,$-0,$81,$29,$52,$52,$52,$0,$0,$12,12,$4.34,$4.34,$3329,$0,$0,$23607,$1127,$6687,$225,$550,$8589,$32196,$28054,$779,$401,$1180,$29234,$12,$2314,$-24,$2961,$32196,$52,$15,$-6,$9,$-5,$0,$0,$-18,$14,$75,$-5,$0,$15,$-806,$244,$-562,$-142,$-695,$75,$93,$168,$0,$0,$0,$375,$543,$-76,$0,$0
11,2015-12-31,255.77,$239.14,1.07,$119.59,2.14,$49.50,5.17,$17.24,14.84,$22.69B,$27.53B,0.82,$0.70B,$2.87B,0.25,$1.44B,$1.39B,96.94%,$1.44B,$0.35B,24.16%,$1.44B,0,0.00%,$1.44B,0,0.00%,$1.44B,$0.33B,23.19%,$1.44B,$0.21B,14.69%,$0.21B,$2.87B,7.47%,$0.21B,$2.64B,8.16%,$0.21B,$31.48B,0.68%,$0.35B,$3.58B,10.17%,$341,$11,$330,$0,$260,$271,$70,$-3,$67,$24,$43,$43,$43,$0,$0,$12,12,$3.56,$3.56,$2597,$0,$0,$22691,$1136,$6862,$231,$557,$8785,$31476,$27525,$704,$374,$1078,$28604,$12,$2266,$-64,$2872,$31476,$210,$26,$-31,$-5,$4,$0,$-2,$46,$28,$233,$-9,$46,$101,$-338,$297,$-41,$-1345,$-1248,$344,$-398,$-54,$0,$0,$-18,$1017,$945,$-70,$0,$-18
12,2015-09-30,223.63,$238.35,0.94,$127.18,1.76,$49.32,4.53,$18.92,11.82,$22.64B,$27.48B,0.82,$0.71B,$2.86B,0.25,$1.46B,$1.42B,96.72%,$1.46B,$0.37B,25.29%,$1.46B,0,0.00%,$1.46B,0,0.00%,$1.46B,$0.35B,24.13%,$1.46B,$0.23B,15.79%,$0.23B,$2.86B,8.32%,$0.23B,$2.63B,9.11%,$0.23B,$31.45B,0.75%,$0.37B,$3.57B,11.29%,$360,$10,$349,$0,$257,$267,$93,$-4,$89,$33,$56,$56,$56,$0,$0,$12,12,$4.66,$4.66,$2915,$0,$0,$22637,$1124,$6691,$235,$763,$8813,$31450,$27479,$705,$403,$1108,$28587,$12,$2226,$-35,$2863,$31450,$168,$7,$-46,$-39,$-2,$0,$-2,$99,$69,$198,$8,$0,$123,$-643,$288,$-355,$-907,$-1131,$345,$-233,$112,$0,$0,$-11,$774,$876,$-58,$0,$-11
13,2015-06-30,259.95,$232.63,1.12,$123.88,2.1,$38.17,6.81,$17.00,15.29,$21.62B,$27.24B,0.79,$0.48B,$2.79B,0.17,$1.36B,$1.31B,96.47%,$1.36B,$0.32B,23.55%,$1.36B,0,0.00%,$1.36B,0,0.00%,$1.36B,$0.31B,22.44%,$1.36B,$0.20B,14.86%,$0.20B,$2.79B,7.76%,$0.20B,$2.56B,8.46%,$0.20B,$30.90B,0.71%,$0.32B,$3.27B,10.65%,$353,$11,$342,$0,$268,$279,$74,$-5,$70,$25,$45,$45,$45,$0,$0,$12,12,$3.71,$3.71,$2218,$0,$0,$21615,$1121,$7351,$239,$571,$9282,$30897,$27235,$476,$392,$868,$28103,$12,$2174,$-51,$2794,$30897,$112,$7,$-28,$-21,$-21,$0,$-2,$35,$-14,$77,$15,$0,$123,$22,$-155,$-134,$-577,$-573,$116,$-269,$-154,$0,$0,$-7,$567,$406,$-90,$0,$-7
14,2015-03-31,256.33,$230.26,1.11,$119.81,2.14,$39.86,6.43,$16.05,15.97,$21.91B,$27.24B,0.8,$0.47B,$2.77B,0.17,$1.25B,$1.20B,96.08%,$1.25B,$0.29B,23.20%,$1.25B,0,0.00%,$1.25B,0,0.00%,$1.25B,$0.28B,22.08%,$1.25B,$0.18B,14.72%,$0.18B,$2.77B,7.53%,$0.18B,$2.52B,8.16%,$0.18B,$30.85B,0.70%,$0.29B,$3.23B,10.34%,$382,$11,$371,$0,$261,$272,$110,$-3,$107,$40,$67,$67,$67,$0,$0,$12,12,$5.59,$5.59,$2955,$0,$0,$21908,$1116,$7046,$242,$543,$8946,$30854,$27243,$468,$377,$846,$28088,$12,$2130,$-35,$2765,$30854,$67,$10,$-54,$-44,$1,$0,$0,$23,$40,$63,$10,$0,$123,$-734,$186,$-548,$-174,$-589,$117,$-51,$66,$0,$0,$-4,$356,$418,$-108,$0,$-4
15,2014-12-31,249.22,$223.78,1.11,$112.48,2.22,$39.70,6.28,$13.07,19.07,$20.96B,$26.67B,0.79,$0.35B,$2.69B,0.13,$1.10B,$1.05B,95.38%,$1.10B,$0.22B,19.66%,$1.10B,0,0.00%,$1.10B,0,0.00%,$1.10B,$0.20B,18.39%,$1.10B,$0.14B,12.59%,$0.14B,$2.69B,6.10%,$0.14B,$2.44B,6.57%,$0.14B,$30.08B,0.58%,$0.22B,$3.04B,8.24%,$368,$15,$353,$0,$260,$275,$93,$-6,$87,$25,$63,$63,$63,$0,$0,$10,10,$5.69,$5.69,$2329,$0,$0,$20958,$1125,$7172,$246,$573,$9117,$30075,$26666,$351,$370,$722,$27388,$12,$2070,$-53,$2688,$30075,$139,$34,$-48,$-13,$16,$0,$1,$-32,$57,$182,$7,$0,$182,$222,$387,$609,$-816,$-18,$-54,$-25,$-80,$0,$0,$-12,$-3,$-94,$71,$0,$-12
16,2014-09-30,213.33,$225.25,0.95,$103.80,2.06,$64.09,3.33,$10.66,20.01,$14.75B,$19.21B,0.77,$0.31B,$2.17B,0.15,$1.00B,$0.95B,95.10%,$1.00B,$0.17B,17.02%,$1.00B,0,0.00%,$1.00B,0,0.00%,$1.00B,$0.16B,16.22%,$1.00B,$0.10B,10.21%,$0.10B,$2.17B,4.80%,$0.10B,$2.04B,5.10%,$0.10B,$21.94B,0.47%,$0.17B,$2.48B,6.75%,$256,$11,$245,$0,$202,$213,$43,$-2,$41,$15,$27,$27,$27,$0,$0,$10,10,$2.76,$2.76,$1108,$0,$0,$14754,$892,$5649,$130,$518,$7189,$21942,$19205,$314,$257,$571,$19776,$10,$2015,$-2,$2167,$21942,$76,$21,$-22,$-1,$5,$0,$-1,$14,$-7,$68,$-10,$0,$18,$152,$-6,$146,$-335,$-182,$-2,$91,$89,$0,$0,$-9,$-99,$-18,$-133,$0,$-9
17,2014-06-30,240.95,$223.43,1.08,$104.66,2.3,$94.04,2.56,$12.18,19.78,$15.05B,$19.35B,0.78,$0.32B,$2.15B,0.15,$1.01B,$0.96B,94.84%,$1.01B,$0.19B,19.25%,$1.01B,0,0.00%,$1.01B,0,0.00%,$1.01B,$0.19B,18.65%,$1.01B,$0.12B,11.51%,$0.12B,$2.15B,5.59%,$0.12B,$2.02B,5.92%,$0.12B,$22.06B,0.53%,$0.19B,$2.46B,7.70%,$244,$12,$232,$0,$188,$200,$44,$-3,$41,$14,$27,$27,$27,$0,$0,$10,10,$2.77,$2.77,$1685,$0,$0,$15054,$883,$5539,$131,$456,$7009,$22063,$19345,$315,$254,$568,$19914,$10,$1992,$4,$2149,$22063,$49,$19,$11,$31,$-1,$0,$1,$7,$12,$92,$-1,$0,$18,$-259,$120,$-139,$-62,$-184,$-1,$82,$80,$0,$0,$-6,$51,$126,$33,$0,$-6
18,2014-03-31,236.49,$218.82,1.08,$106.22,2.23,$105.20,2.25,$13.98,16.92,$15.01B,$19.38B,0.77,$0.44B,$2.11B,0.21,$1.02B,$0.97B,94.72%,$1.02B,$0.22B,21.41%,$1.02B,0,0.00%,$1.02B,0,0.00%,$1.02B,$0.22B,21.11%,$1.02B,$0.13B,13.00%,$0.13B,$2.11B,6.57%,$0.13B,$1.97B,6.95%,$0.13B,$22.16B,0.62%,$0.22B,$2.55B,8.76%,$236,$12,$223,$0,$187,$199,$37,$-2,$34,$12,$22,$22,$22,$0,$0,$10,10,$2.34,$2.34,$1705,$0,$0,$15006,$879,$5677,$132,$461,$7149,$22155,$19381,$440,$229,$669,$20050,$10,$1968,$-17,$2105,$22155,$22,$13,$-3,$9,$-5,$0,$-1,$-4,$31,$63,$-7,$0,$18,$-302,$-44,$-347,$-8,$-343,$-0,$36,$36,$0,$0,$-3,$258,$290,$10,$0,$-3
19,2013-12-31,218.41,$215.35,1.01,$110.63,1.97,$109.80,1.99,$17.43,12.53,$14.34B,$18.39B,0.78,$0.51B,$2.07B,0.25,$1.07B,$1.01B,94.65%,$1.07B,$0.27B,25.26%,$1.07B,0,0.00%,$1.07B,0,0.00%,$1.07B,$0.27B,25.26%,$1.07B,$0.17B,15.68%,$0.17B,$2.07B,8.44%,$0.17B,$1.97B,8.91%,$0.17B,$21.19B,0.78%,$0.27B,$2.58B,10.96%,$263,$13,$250,$0,$203,$216,$46,$0,$46,$20,$26,$26,$26,$0,$0,$10,10,$2.75,$2.75,$1393,$0,$0,$14341,$877,$5389,$104,$484,$6853,$21194,$18385,$511,$226,$737,$19122,$10,$1943,$-25,$2071,$21194,$167,$-40,$90,$50,$39,$0,$-3,$157,$114,$331,$82,$0,$0,$-416,$-233,$-649,$343,$-225,$66,$-57,$9,$-0,$-0,$-9,$-212,$-212,$-106,$0,$-9
20,2013-09-30,201.42,$206.06,0.98,$114.29,1.76,$92.32,2.18,$16.75,12.03,$14.80B,$18.67B,0.79,$0.51B,$1.98B,0.26,$1.12B,$1.06B,94.46%,$1.12B,$0.26B,23.15%,$1.12B,0,0.00%,$1.12B,0,0.00%,$1.12B,$0.26B,23.15%,$1.12B,$0.16B,14.39%,$0.16B,$1.98B,8.36%,$0.16B,$1.88B,8.84%,$0.16B,$21.51B,0.75%,$0.26B,$2.49B,10.85%,$265,$13,$251,$0,$184,$198,$67,$0,$67,$26,$41,$41,$41,$0,$0,$10,10,$4.26,$4.26,$1923,$0,$0,$14801,$868,$5163,$104,$575,$6710,$21511,$18668,$511,$351,$862,$19529,$10,$1924,$-96,$1982,$21511,$140,$-44,$-51,$-95,$43,$0,$-3,$216,$218,$263,$82,$0,$0,$-911,$12,$-899,$410,$-407,$66,$36,$102,$-0,$-0,$-6,$-23,$73,$-71,$0,$-6
21,2013-06-30,187.87,$201.61,0.93,$114.89,1.64,$81.79,2.3,$16.34,11.5,$14.53B,$18.60B,0.78,$0.44B,$1.94B,0.23,$1.14B,$1.07B,93.88%,$1.14B,$0.25B,21.96%,$1.14B,0,0.00%,$1.14B,0,0.00%,$1.14B,$0.25B,21.96%,$1.14B,$0.16B,14.00%,$0.16B,$1.94B,8.32%,$0.16B,$1.83B,8.80%,$0.16B,$21.31B,0.75%,$0.25B,$2.38B,10.57%,$259,$14,$245,$0,$175,$190,$69,$0,$69,$25,$44,$44,$44,$0,$0,$10,10,$4.56,$4.56,$1583,$0,$0,$14531,$872,$5186,$105,$614,$6778,$21309,$18600,$443,$326,$770,$19369,$10,$1886,$-100,$1939,$21309,$99,$-39,$242,$204,$-230,$0,$-0,$92,$-159,$144,$53,$0,$0,$-597,$-10,$-607,$372,$-182,$-2,$13,$12,$-0,$-0,$-3,$-68,$-59,$-97,$0,$-3
22,2013-03-31,178.46,$199.46,0.89,$116.97,1.53,$80.73,2.21,$15.44,11.56,$14.41B,$18.64B,0.77,$0.44B,$1.92B,0.23,$1.18B,$1.10B,93.15%,$1.18B,$0.23B,19.46%,$1.18B,0,0.00%,$1.18B,0,0.00%,$1.18B,$0.23B,19.46%,$1.18B,$0.15B,13.03%,$0.15B,$1.92B,8.01%,$0.15B,$1.81B,8.48%,$0.15B,$21.35B,0.72%,$0.23B,$2.36B,9.49%,$278,$16,$262,$0,$176,$191,$87,$0,$87,$31,$56,$56,$56,$0,$0,$10,10,$5.78,$5.78,$1414,$0,$0,$14405,$872,$5281,$106,$687,$6946,$21351,$18638,$444,$350,$794,$19432,$10,$1845,$-80,$1919,$21351,$56,$-29,$-8,$-37,$-0,$0,$-3,$26,$55,$73,$27,$0,$0,$-511,$-61,$-572,$312,$-232,$-1,$5,$4,$-0,$-0,$-3,$-21,$-20,$-180,$0,$-3
23,2012-12-31,159.44,$193.74,0.82,$116.61,1.37,$78.22,2.04,$13.11,12.16,$14.24B,$18.66B,0.76,$0.45B,$1.86B,0.24,$1.20B,$1.11B,92.40%,$1.20B,$0.20B,16.44%,$1.20B,0,0.00%,$1.20B,0,0.00%,$1.20B,$0.20B,16.44%,$1.20B,$0.13B,11.10%,$0.13B,$1.86B,6.95%,$0.13B,$1.76B,7.36%,$0.13B,$21.28B,0.63%,$0.20B,$2.31B,7.98%,$317,$18,$299,$0,$263,$281,$36,$0,$36,$16,$20,$20,$20,$0,$0,$10,10,$1.96,$1.96,$1083,$0,$0,$14236,$883,$5228,$106,$832,$7048,$21284,$18655,$445,$320,$765,$19420,$10,$1793,$-82,$1864,$21284,$132,$-84,$135,$51,$6,$0,$-14,$-3,$18,$201,$59,$0,$0,$-8,$-1175,$-1183,$880,$-244,$-196,$-102,$-298,$-104,$-104,$-15,$509,$92,$49,$0,$-15
24,2012-09-30,158.45,$192.48,0.82,$122.04,1.3,$90.85,1.74,$13.93,11.37,$14.45B,$18.57B,0.78,$0.47B,$1.97B,0.24,$1.26B,$1.16B,91.89%,$1.26B,$0.21B,16.53%,$1.26B,0,0.00%,$1.26B,0,0.00%,$1.26B,$0.21B,16.53%,$1.26B,$0.14B,11.45%,$0.14B,$1.97B,7.52%,$0.14B,$1.87B,7.97%,$0.14B,$21.17B,0.68%,$0.21B,$2.45B,8.23%,$289,$21,$267,$0,$208,$229,$59,$0,$59,$20,$40,$40,$40,$0,$0,$10,10,$3.85,$3.85,$1294,$0,$0,$14449,$886,$5014,$107,$719,$6725,$21174,$18571,$472,$156,$629,$19200,$10,$1872,$-52,$1974,$21174,$113,$-40,$100,$60,$14,$0,$-13,$23,$47,$220,$41,$0,$0,$-253,$-948,$-1201,$816,$-345,$-224,$63,$-161,$-5,$-5,$-9,$316,$141,$15,$0,$-9
25,2012-06-30,161.81,$187.89,0.86,$133.98,1.21,$98.71,1.64,$17.99,8.99,$14.87B,$18.50B,0.8,$0.65B,$1.93B,0.33,$1.38B,$1.27B,91.69%,$1.38B,$0.28B,20.30%,$1.38B,0,0.00%,$1.38B,0,0.00%,$1.38B,$0.28B,20.30%,$1.38B,$0.19B,13.37%,$0.19B,$1.93B,9.80%,$0.19B,$1.82B,10.40%,$0.19B,$21.33B,0.88%,$0.28B,$2.57B,10.93%,$298,$25,$273,$0,$224,$250,$48,$0,$48,$11,$38,$38,$38,$0,$0,$10,10,$3.66,$3.66,$1556,$0,$0,$14871,$873,$4636,$108,$845,$6462,$21333,$18502,$645,$256,$901,$19403,$10,$1838,$-62,$1930,$21333,$73,$-24,$321,$297,$-278,$0,$-1,$53,$-200,$171,$30,$0,$0,$-550,$-586,$-1136,$661,$-445,$-46,$85,$39,$-2,$-2,$-6,$224,$255,$-20,$0,$-6
26,2012-03-31,177.06,$184.14,0.96,$134.94,1.31,$122.80,1.44,$16.37,10.82,$14.83B,$18.44B,0.8,$0.65B,$1.89B,0.34,$1.40B,$1.27B,90.84%,$1.40B,$0.27B,19.03%,$1.40B,0,0.00%,$1.40B,0,0.00%,$1.40B,$0.27B,19.03%,$1.40B,$0.17B,12.02%,$0.17B,$1.89B,9.04%,$0.17B,$1.78B,9.61%,$0.17B,$21.23B,0.80%,$0.27B,$2.54B,10.32%,$294,$26,$268,$0,$214,$240,$54,$0,$54,$18,$35,$35,$35,$0,$0,$10,10,$3.45,$3.45,$1305,$0,$0,$14832,$864,$4459,$109,$961,$6394,$21226,$18437,$650,$246,$896,$19334,$10,$1804,$-66,$1892,$21226,$35,$-19,$167,$148,$-139,$0,$-2,$20,$-99,$84,$-3,$0,$0,$-317,$-406,$-724,$401,$-326,$-38,$63,$25,$-2,$-2,$-3,$182,$203,$-39,$0,$-3
27,2011-12-31,169.31,$180.97,0.94,$142.30,1.19,$147.80,1.15,$18.93,8.94,$14.79B,$18.19B,0.81,$0.69B,$1.86B,0.37,$1.48B,$1.34B,90.33%,$1.48B,$0.31B,21.03%,$1.48B,0,0.00%,$1.48B,0,0.00%,$1.48B,$0.31B,21.03%,$1.48B,$0.20B,13.18%,$0.20B,$1.86B,10.64%,$0.20B,$1.75B,11.33%,$0.20B,$21.00B,0.93%,$0.31B,$2.55B,12.01%,$377,$30,$348,$0,$301,$331,$47,$0,$47,$16,$31,$31,$31,$0,$0,$10,10,$2.98,$2.98,$1026,$0,$0,$14792,$854,$4058,$110,$1183,$6205,$20997,$18193,$688,$256,$944,$19136,$10,$1774,$-67,$1861,$20997,$195,$-129,$154,$25,$-4,$0,$-14,$137,$116,$336,$59,$0,$1151,$-37,$765,$728,$767,$2705,$-321,$-283,$-604,$-24,$-24,$-12,$-2269,$-2910,$131,$0,$-12
28,2011-09-30,138.64,$181.53,0.76,$137.00,1.01,$125.93,1.1,$18.84,7.36,$14.93B,$18.26B,0.82,$0.75B,$1.87B,0.4,$1.43B,$1.27B,88.92%,$1.43B,$0.31B,21.53%,$1.43B,0,0.00%,$1.43B,0,0.00%,$1.43B,$0.31B,21.53%,$1.43B,$0.19B,13.60%,$0.19B,$1.87B,10.78%,$0.19B,$1.76B,11.49%,$0.19B,$21.02B,0.92%,$0.31B,$2.62B,11.86%,$415,$35,$380,$0,$248,$283,$132,$0,$132,$50,$81,$81,$81,$0,$0,$10,10,$7.86,$7.86,$949,$0,$0,$14934,$847,$3997,$111,$1126,$6081,$21015,$18264,$745,$135,$880,$19144,$10,$1750,$-33,$1871,$21015,$164,$-77,$32,$-45,$11,$0,$-15,$173,$222,$341,$4,$0,$1151,$-12,$1070,$1058,$310,$2523,$-273,$-298,$-571,$-21,$-21,$-9,$-2183,$-2785,$79,$0,$-9
29,2011-06-30,180.48,$174.02,1.04,$128.45,1.41,$115.83,1.56,$13.59,13.28,$15.01B,$18.32B,0.82,$0.79B,$1.81B,0.44,$1.34B,$1.17B,87.16%,$1.34B,$0.22B,16.27%,$1.34B,0,0.00%,$1.34B,0,0.00%,$1.34B,$0.22B,16.27%,$1.34B,$0.14B,10.52%,$0.14B,$1.81B,8.00%,$0.14B,$1.70B,8.55%,$0.14B,$21.02B,0.67%,$0.22B,$2.60B,8.49%,$312,$38,$274,$0,$241,$280,$33,$0,$33,$11,$21,$21,$21,$0,$0,$10,10,$2.04,$2.04,$1279,$0,$0,$15014,$843,$4016,$111,$1038,$6008,$21022,$18319,$793,$101,$894,$19212,$10,$1685,$-29,$1809,$21022,$83,$-51,$259,$208,$33,$0,$-6,$124,$171,$462,$-8,$0,$974,$-343,$775,$432,$261,$1659,$-225,$-228,$-453,$-8,$-8,$-6,$-1577,$-2044,$78,$0,$-6
30,2011-03-31,193.04,$171.38,1.13,$128.21,1.51,$92.44,2.09,$14.29,13.51,$14.96B,$18.48B,0.81,$0.80B,$1.79B,0.45,$1.34B,$1.15B,86.02%,$1.34B,$0.23B,17.12%,$1.34B,0,0.00%,$1.34B,0,0.00%,$1.34B,$0.23B,17.12%,$1.34B,$0.15B,11.14%,$0.15B,$1.79B,8.60%,$0.15B,$1.68B,9.20%,$0.15B,$21.17B,0.71%,$0.23B,$2.59B,8.91%,$375,$41,$334,$0,$234,$276,$99,$0,$99,$37,$62,$62,$62,$0,$0,$10,10,$5.92,$5.92,$992,$0,$0,$14956,$839,$4204,$112,$1056,$6211,$21167,$18478,$801,$100,$901,$19379,$10,$1674,$-40,$1788,$21167,$62,$-18,$113,$95,$41,$0,$-9,$120,$182,$339,$5,$0,$962,$-187,$573,$386,$119,$1473,$-216,$-217,$-434,$0,$0,$-3,$-1428,$-1865,$-54,$0,$-3
31,2010-12-31,181.67,$166.07,1.09,$131.84,1.38,$73.61,2.47,$18.59,9.77,$14.21B,$18.18B,0.78,$0.81B,$1.73B,0.47,$1.38B,$1.18B,85.76%,$1.38B,$0.30B,22.02%,$1.38B,0,0.00%,$1.38B,0,0.00%,$1.38B,$0.30B,22.02%,$1.38B,$0.19B,14.10%,$0.19B,$1.73B,11.39%,$0.19B,$1.62B,12.21%,$0.19B,$20.81B,0.92%,$0.30B,$2.54B,11.79%,$324,$44,$280,$0,$237,$281,$43,$0,$43,$13,$30,$30,$30,$0,$0,$10,10,$2.88,$2.88,$859,$0,$0,$14208,$843,$4513,$113,$1131,$6599,$20807,$18182,$810,$82,$892,$19074,$10,$1615,$-37,$1733,$20807,$193,$-56,$-20,$-76,$-22,$0,$-1,$26,$-22,$94,$74,$0,$106,$325,$-1509,$-1184,$926,$-77,$-114,$-500,$-615,$0,$0,$-13,$590,$-37,$-20,$0,$-13
32,2010-09-30,177.76,$164.66,1.08,$126.97,1.4,$65.40,2.72,$17.46,10.18,$15.26B,$18.40B,0.83,$0.82B,$1.72B,0.48,$1.33B,$1.12B,84.83%,$1.33B,$0.29B,21.81%,$1.33B,0,0.00%,$1.33B,0,0.00%,$1.33B,$0.29B,21.81%,$1.33B,$0.18B,13.81%,$0.18B,$1.72B,11.02%,$0.18B,$1.60B,11.84%,$0.18B,$21.05B,0.89%,$0.29B,$2.54B,11.45%,$329,$49,$280,$0,$237,$285,$43,$0,$43,$15,$28,$28,$28,$0,$0,$10,10,$2.66,$2.66,$1543,$0,$0,$15256,$845,$3789,$114,$1044,$5793,$21049,$18396,$819,$116,$935,$19331,$10,$1588,$-24,$1718,$21049,$163,$25,$-48,$-22,$-12,$0,$-4,$94,$80,$221,$21,$0,$106,$-326,$-811,$-1137,$526,$-483,$69,$-481,$-412,$0,$0,$-9,$698,$276,$14,$0,$-9
33,2010-06-30,184.23,$163.06,1.13,$130.99,1.41,$49.81,3.7,$22.70,8.12,$15.26B,$18.33B,0.83,$0.92B,$1.70B,0.54,$1.37B,$1.16B,84.86%,$1.37B,$0.38B,27.72%,$1.37B,0,0.00%,$1.37B,0,0.00%,$1.37B,$0.38B,27.72%,$1.37B,$0.24B,17.34%,$0.24B,$1.70B,14.73%,$0.24B,$1.58B,15.84%,$0.24B,$21.11B,1.20%,$0.38B,$2.61B,15.23%,$310,$53,$257,$0,$214,$266,$44,$0,$44,$15,$29,$29,$29,$0,$0,$10,10,$2.74,$2.74,$1363,$0,$0,$15255,$847,$3772,$116,$1116,$5851,$21106,$18329,$919,$163,$1081,$19410,$10,$1564,$-23,$1695,$21106,$135,$55,$-43,$12,$-24,$0,$3,$70,$63,$210,$1,$0,$106,$-14,$-781,$-795,$311,$-376,$81,$-505,$-424,$0,$0,$-6,$742,$312,$146,$0,$-6
34,2010-03-31,190.11,$159.81,1.19,$125.06,1.52,$30.65,6.2,$20.55,9.25,$15.74B,$18.44B,0.85,$0.92B,$1.67B,0.55,$1.31B,$1.09B,83.60%,$1.31B,$0.34B,26.36%,$1.31B,0,0.00%,$1.31B,0,0.00%,$1.31B,$0.34B,26.36%,$1.31B,$0.21B,16.40%,$0.21B,$1.67B,13.86%,$0.21B,$1.55B,14.93%,$0.21B,$21.22B,1.13%,$0.34B,$2.59B,14.47%,$413,$50,$363,$0,$190,$240,$173,$0,$173,$66,$107,$107,$107,$0,$0,$10,10,$10.22,$10.22,$1612,$0,$0,$15737,$840,$3378,$117,$1143,$5478,$21216,$18438,$922,$188,$1110,$19548,$10,$1538,$-25,$1668,$21216,$107,$28,$-114,$-86,$8,$0,$-5,$83,$111,$132,$16,$0,$106,$-143,$-386,$-530,$200,$-207,$0,$-455,$-455,$0,$0,$-3,$799,$341,$265,$0,$-3
35,2009-12-31,156.63,$149.43,1.05,$109.41,1.43,$11.39,13.75,$11.07,14.15,$13.98B,$15.98B,0.88,$0.80B,$1.56B,0.51,$1.14B,$0.91B,80.02%,$1.14B,$0.18B,16.04%,$1.14B,0,0.00%,$1.14B,0,0.00%,$1.14B,$0.18B,16.04%,$1.14B,$0.12B,10.17%,$0.12B,$1.56B,7.81%,$0.12B,$1.45B,8.41%,$0.12B,$18.47B,0.65%,$0.18B,$2.36B,8.05%,$273,$50,$224,$0,$195,$245,$29,$0,$29,$10,$19,$19,$19,$0,$0,$10,10,$1.83,$1.83,$1204,$0,$0,$13977,$837,$2933,$109,$610,$4489,$18466,$15980,$797,$130,$927,$16907,$10,$1430,$-25,$1559,$18466,$116,$103,$29,$132,$2,$0,$-13,$-65,$-80,$168,$-85,$0,$51,$-417,$259,$-159,$50,$-143,$9,$-84,$-75,$0,$0,$-13,$-51,$-138,$-113,$0,$-13
36,2009-09-30,151.65,$145.15,1.04,$108.27,1.4,$16.10,9.42,$10.56,14.36,$13.63B,$15.93B,0.86,$0.88B,$1.52B,0.58,$1.13B,$0.88B,77.79%,$1.13B,$0.17B,15.22%,$1.13B,0,0.00%,$1.13B,0,0.00%,$1.13B,$0.17B,15.22%,$1.13B,$0.11B,9.73%,$0.11B,$1.52B,7.55%,$0.11B,$1.41B,8.15%,$0.11B,$18.51B,0.63%,$0.17B,$2.39B,7.72%,$371,$54,$316,$0,$183,$237,$133,$0,$133,$51,$82,$82,$82,$0,$0,$10,10,$7.90,$7.90,$943,$0,$0,$13634,$836,$3287,$110,$645,$4879,$18513,$15926,$880,$193,$1073,$16998,$10,$1414,$-54,$1515,$18513,$97,$75,$-628,$-553,$606,$0,$-8,$-9,$594,$139,$-60,$0,$51,$86,$-75,$11,$96,$98,$91,$-150,$-59,$0,$0,$-9,$-39,$-107,$130,$0,$-9
37,2009-06-30,127.13,$137.44,0.92,$99.27,1.28,$16.43,7.74,$4.72,26.93,$12.34B,$14.96B,0.83,$0.74B,$1.43B,0.51,$1.04B,$0.77B,74.13%,$1.04B,$0.07B,6.56%,$1.04B,0,0.00%,$1.04B,0,0.00%,$1.04B,$0.07B,6.56%,$1.04B,$0.05B,4.63%,$0.05B,$1.43B,3.30%,$0.05B,$1.33B,3.56%,$0.05B,$17.32B,0.28%,$0.07B,$2.17B,3.14%,$248,$60,$188,$0,$180,$240,$9,$0,$9,$2,$6,$6,$6,$0,$0,$10,10,$0.59,$0.59,$868,$0,$0,$12344,$821,$3750,$106,$297,$4974,$17318,$14958,$736,$190,$926,$15884,$10,$1335,$-55,$1434,$17318,$15,$48,$65,$113,$-47,$0,$9,$-26,$-67,$61,$-50,$0,$0,$-55,$-577,$-632,$72,$-610,$3,$-48,$-45,$0,$0,$-6,$644,$594,$45,$0,$-6
38,2009-03-31,125.1,$137.64,0.91,$102.47,1.22,$17.01,7.35,$6.64,18.84,$12.69B,$14.87B,0.85,$0.73B,$1.44B,0.51,$1.07B,$0.78B,73.27%,$1.07B,$0.10B,9.44%,$1.07B,0,0.00%,$1.07B,0,0.00%,$1.07B,$0.10B,9.44%,$1.07B,$0.07B,6.36%,$0.07B,$1.44B,4.63%,$0.07B,$1.33B,5.00%,$0.07B,$17.21B,0.41%,$0.10B,$2.17B,4.70%,$249,$64,$185,$0,$173,$237,$12,$0,$12,$4,$9,$9,$9,$0,$0,$10,10,$0.83,$0.83,$1232,$0,$0,$12692,$812,$3325,$106,$279,$4522,$17214,$14871,$733,$173,$907,$15778,$10,$1332,$-50,$1436,$17214,$9,$22,$25,$47,$-55,$0,$2,$-27,$-83,$-27,$-27,$0,$0,$-586,$-128,$-714,$139,$-602,$0,$-5,$-5,$0,$0,$-3,$516,$507,$-122,$0,$-3
39,2008-12-31,144.6,$138.32,1.05,$107.42,1.35,$21.18,6.83,$8.91,16.23,$12.33B,$14.36B,0.86,$0.73B,$1.44B,0.51,$1.12B,$0.81B,71.75%,$1.12B,$0.14B,12.39%,$1.12B,0,0.00%,$1.12B,0,0.00%,$1.12B,$0.14B,12.39%,$1.12B,$0.09B,8.11%,$0.09B,$1.44B,6.15%,$0.09B,$1.34B,6.63%,$0.09B,$16.75B,0.55%,$0.14B,$2.18B,6.52%,$262,$71,$190,$0,$172,$243,$18,$0,$18,$6,$13,$13,$13,$0,$0,$10,10,$1.25,$1.25,$768,$0,$0,$12330,$799,$3225,$106,$285,$4416,$16746,$14361,$733,$208,$941,$15302,$10,$1326,$-37,$1443,$16746,$91,$66,$50,$116,$6,$0,$-11,$13,$5,$212,$-80,$0,$0,$92,$-16,$75,$-852,$-857,$330,$-660,$-330,$0,$0,$-11,$785,$444,$-200,$0,$-11
40,2008-09-30,169.06,$144.16,1.17,$111.81,1.51,$14.09,12.0,$10.18,16.61,$12.53B,$14.39B,0.87,$0.65B,$1.50B,0.43,$1.17B,$0.81B,69.67%,$1.17B,$0.16B,14.05%,$1.17B,0,0.00%,$1.17B,0,0.00%,$1.17B,$0.16B,13.80%,$1.17B,$0.10B,8.91%,$0.10B,$1.50B,7.03%,$0.10B,$1.40B,7.58%,$0.10B,$16.67B,0.63%,$0.16B,$2.15B,8.01%,$277,$72,$205,$0,$176,$248,$29,$0,$29,$10,$20,$20,$20,$0,$0,$10,10,$1.87,$1.87,$1053,$0,$0,$12528,$788,$2935,$107,$308,$4138,$16666,$14387,$649,$125,$774,$15161,$10,$1316,$34,$1504,$16666,$78,$46,$26,$72,$12,$0,$-20,$7,$3,$153,$-71,$0,$0,$-62,$253,$191,$-732,$-612,$245,$-291,$-46,$0,$0,$-9,$444,$389,$-70,$0,$-9
41,2008-06-30,131.51,$142.53,0.92,$114.95,1.14,$12.66,10.38,$10.29,12.78,$12.28B,$14.21B,0.86,$0.61B,$1.49B,0.41,$1.20B,$0.81B,67.22%,$1.20B,$0.17B,14.10%,$1.20B,0,0.00%,$1.20B,0,0.00%,$1.20B,$0.17B,13.84%,$1.20B,$0.11B,8.92%,$0.11B,$1.49B,7.36%,$0.11B,$1.38B,7.95%,$0.11B,$16.42B,0.65%,$0.17B,$2.10B,8.62%,$282,$77,$204,$0,$163,$240,$42,$0,$42,$15,$26,$26,$26,$0,$0,$10,10,$2.51,$2.51,$1107,$0,$0,$12276,$781,$2973,$108,$285,$4147,$16423,$14206,$609,$120,$729,$14935,$10,$1299,$34,$1487,$16423,$59,$27,$10,$36,$-14,$0,$-17,$1,$-28,$67,$-50,$0,$0,$-129,$221,$92,$-363,$-320,$205,$-175,$30,$0,$0,$-6,$147,$172,$-82,$0,$-6
42,2008-03-31,131.14,$142.41,0.92,$116.34,1.13,$9.76,13.43,$10.74,12.21,$12.50B,$14.50B,0.86,$0.61B,$1.49B,0.41,$1.21B,$0.79B,65.46%,$1.21B,$0.18B,14.43%,$1.21B,0,0.00%,$1.21B,0,0.00%,$1.21B,$0.17B,14.18%,$1.21B,$0.11B,9.23%,$0.11B,$1.49B,7.86%,$0.11B,$1.38B,8.51%,$0.11B,$16.75B,0.69%,$0.18B,$2.10B,9.31%,$301,$95,$206,$0,$156,$251,$50,$0,$50,$18,$32,$32,$32,$0,$0,$10,10,$3.10,$3.10,$1538,$0,$0,$12504,$774,$3167,$108,$194,$4242,$16747,$14498,$609,$153,$763,$15260,$10,$1276,$56,$1486,$16747,$32,$13,$-4,$10,$-26,$0,$-15,$-12,$-23,$19,$-29,$0,$0,$-537,$67,$-470,$-45,$-544,$205,$-35,$170,$0,$0,$-3,$298,$466,$-59,$0,$-3
43,2007-12-31,136.96,$138.11,0.99,$114.96,1.19,$12.02,11.39,$10.42,13.14,$11.97B,$14.23B,0.84,$0.40B,$1.44B,0.28,$1.20B,$0.78B,64.64%,$1.20B,$0.17B,14.18%,$1.20B,0,0.00%,$1.20B,0,0.00%,$1.20B,$0.17B,13.93%,$1.20B,$0.11B,9.09%,$0.11B,$1.44B,7.85%,$0.11B,$1.33B,8.52%,$0.11B,$16.21B,0.68%,$0.17B,$1.85B,9.48%,$307,$109,$198,$0,$155,$265,$43,$0,$40,$14,$26,$26,$26,$0,$0,$10,10,$2.50,$2.50,$1060,$0,$0,$11966,$758,$3237,$108,$143,$4246,$16212,$14234,$404,$133,$537,$14771,$10,$1246,$41,$1441,$16212,$109,$50,$39,$89,$-1,$0,$-1,$-33,$-35,$162,$-104,$0,$0,$82,$33,$115,$-717,$-707,$-1,$154,$153,$0,$0,$-11,$185,$327,$-217,$0,$-11
44,2007-09-30,163.48,$134.34,1.22,$113.05,1.45,$16.41,9.96,$11.09,14.74,$12.05B,$14.37B,0.84,$0.40B,$1.40B,0.29,$1.18B,$0.76B,64.72%,$1.18B,$0.18B,14.93%,$1.18B,0,0.00%,$1.18B,0,0.00%,$1.18B,$0.18B,14.93%,$1.18B,$0.12B,9.84%,$0.12B,$1.40B,8.56%,$0.12B,$1.29B,9.31%,$0.12B,$16.31B,0.73%,$0.18B,$1.81B,10.00%,$309,$111,$198,$0,$164,$275,$34,$0,$34,$11,$23,$23,$23,$0,$0,$10,10,$2.17,$2.17,$1340,$0,$0,$12053,$746,$3266,$109,$138,$4259,$16312,$14374,$404,$133,$537,$14910,$10,$1223,$24,$1402,$16312,$82,$37,$25,$62,$-3,$0,$4,$1,$1,$146,$-79,$0,$0,$-164,$-13,$-178,$-543,$-800,$0,$241,$241,$0,$0,$-9,$237,$470,$-184,$0,$-9
45,2007-06-30,181.95,$131.10,1.39,$110.85,1.64,$14.86,12.24,$12.08,15.06,$12.00B,$14.13B,0.85,$0.41B,$1.37B,0.3,$1.16B,$0.76B,65.31%,$1.16B,$0.19B,16.78%,$1.16B,0,0.00%,$1.16B,0,0.00%,$1.16B,$0.19B,16.78%,$1.16B,$0.13B,10.90%,$0.13B,$1.37B,9.51%,$0.13B,$1.26B,10.38%,$0.13B,$16.01B,0.80%,$0.19B,$1.77B,11.19%,$296,$104,$192,$0,$144,$248,$48,$0,$48,$18,$31,$31,$31,$0,$0,$10,10,$2.96,$2.96,$1542,$0,$0,$11998,$736,$3024,$110,$141,$4010,$16009,$14133,$405,$102,$508,$14641,$10,$1203,$10,$1368,$16009,$60,$24,$11,$35,$-2,$0,$-2,$-35,$-54,$41,$-55,$-347,$0,$0,$201,$201,$-238,$-439,$0,$210,$210,$0,$0,$-6,$29,$233,$-165,$0,$-6
46,2007-03-31,187.86,$128.64,1.46,$108.55,1.73,$17.73,10.59,$12.16,15.45,$11.85B,$13.97B,0.85,$0.41B,$1.34B,0.3,$1.13B,$0.75B,66.43%,$1.13B,$0.20B,17.31%,$1.13B,0,0.00%,$1.13B,0,0.00%,$1.13B,$0.20B,17.31%,$1.13B,$0.13B,11.22%,$0.13B,$1.34B,9.85%,$0.13B,$1.23B,10.78%,$0.13B,$15.85B,0.81%,$0.20B,$1.75B,11.33%,$287,$99,$187,$0,$142,$242,$45,$0,$45,$16,$29,$29,$29,$0,$0,$10,10,$2.78,$2.78,$1647,$0,$0,$11851,$726,$3032,$110,$134,$4002,$15854,$13968,$405,$139,$544,$14511,$10,$1175,$13,$1342,$15854,$29,$12,$1,$13,$10,$0,$-1,$-21,$3,$45,$-32,$0,$0,$-451,$198,$-253,$5,$-279,$0,$94,$94,$0,$0,$-3,$-21,$71,$-164,$0,$-3
47,2006-12-31,189.14,$125.62,1.51,$105.59,1.79,$23.40,8.08,$12.13,15.59,$11.57B,$13.89B,0.83,$0.40B,$1.31B,0.31,$1.10B,$0.75B,68.03%,$1.10B,$0.20B,17.80%,$1.10B,0,0.00%,$1.10B,0,0.00%,$1.10B,$0.20B,17.80%,$1.10B,$0.13B,11.53%,$0.13B,$1.31B,10.12%,$0.13B,$1.20B,11.11%,$0.13B,$15.73B,0.82%,$0.20B,$1.71B,11.56%,$287,$101,$186,$0,$137,$239,$49,$0,$49,$15,$33,$33,$33,$0,$0,$10,10,$3.17,$3.17,$1360,$0,$0,$11572,$703,$3221,$111,$123,$4158,$15730,$13894,$401,$124,$525,$14419,$10,$1148,$8,$1311,$15730,$126,$45,$31,$76,$19,$0,$20,$-31,$14,$216,$-112,$0,$-19,$132,$-272,$-140,$-654,$-926,$18,$346,$364,$0,$0,$-11,$590,$943,$233,$0,$-11
