,Date,Stock Price,Book Value per Share,Price to Book Ratio,TTM Sales per Share,Price to Sales Ratio,TTM FCF per Share,Price to FCF Ratio,TTM Net EPS,PE Ratio,Current Assets,Current Liabilities,Current Ratio,Long Term Debt,Shareholder's Equity_x,Debt to Equity Ratio,TTM Revenue_x,TTM Gross Profit,Gross Margin,TTM Revenue_y,TTM Operating Income,Operating Margin,TTM Revenue_x,TTM EBIT,EBIT Margin,TTM Revenue_y,TTM EBITDA,EBITDA Margin,TTM Revenue_x,TTM Pre-Tax Income,Pre-Tax Margin,TTM Revenue_y,TTM Net Income_x,Net Margin,TTM Net Income_y,Shareholder's Equity_y,Return on Equity,TTM Net Income_x,Tangible Equity,Return on Tangible Equity,TTM Net Income_y,Total Assets,Return on Assets,TTM Net Income,LT Investments & Debt,Return on Investment,revenue,cost-goods-sold,gross-profit,research-development-expenses,selling-general-administrative-expenses,operating-expenses,operating-income,total-non-operating-income-expense,pre-tax-income,total-provision-income-taxes,income-after-taxes,income-from-continuous-operations,net-income,ebitda,ebit,basic-shares-outstanding,shares-outstanding,eps-basic-net-earnings-per-share,eps-earnings-per-share-diluted,cash-on-hand,inventory,other-current-assets,total-current-assets,net-property-plant-equipment,long-term-investments,goodwill-intangible-assets-total,other-long-term-assets,total-long-term-assets,total-assets,total-current-liabilities,long-term-debt,other-non-current-liabilities,total-long-term-liabilities,total-liabilities,common-stock-net,retained-earnings-accumulated-deficit,comprehensive-income,total-share-holder-equity,total-liabilities-share-holders-equity,net-income-loss,total-depreciation-amortization-cash-flow,other-non-cash-items,total-non-cash-items,change-in-accounts-receivable,change-in-inventories,change-in-accounts-payable,change-in-assets-liabilities,total-change-in-assets-liabilities,cash-flow-from-operating-activities,net-change-in-property-plant-equipment,net-change-in-intangible-assets,net-acquisitions-divestitures,net-change-in-short-term-investments,net-change-in-long-term-investments,net-change-in-investments-total,investing-activities-other,cash-flow-from-investing-activities,net-long-term-debt,net-current-debt,debt-issuance-retirement-net-total,net-common-equity-issued-repurchased,net-total-equity-issued-repurchased,total-common-preferred-stock-dividends-paid,financial-activities-other,cash-flow-from-financial-activities,net-cash-flow,stock-based-compensation,common-stock-dividends-paid
0,2018-09-30,25.69,$10.16,2.53,$2.24,11.49,$3.32,7.74,$1.27,20.23,$0.06B,$0.02B,2.95,$0.52B,$0.69B,0.76,$0.14B,$0.12B,85.71%,$0.14B,$0.08B,60.00%,$0.14B,$0.08B,60.00%,$0.14B,$0.11B,78.57%,$0.14B,$0.08B,57.14%,$0.14B,$0.08B,55.71%,$0.08B,$0.69B,13.50%,$0.08B,$0.67B,13.59%,$0.08B,$1.24B,6.93%,$0.08B,$1.20B,7.68%,$36,$5,$31,$0,$3,$14,$22,$-5,$18,$0,$18,$18,$17,$29,$22,$65,66,$0.27,$0.27,$27,$0,$0,$55,$1153,$0,$13,$16,$1181,$1236,$19,$517,$16,$533,$551,$0,$44,$13,$685,$1236,$62,$18,$-8,$9,$0,$0,$0,$-5,$-5,$66,$0,$0,$0,$-216,$16,$-201,$-0,$-201,$0,$0,$0,$144,$144,$-51,$-0,$92,$-42,$3,$-51
1,2018-06-30,24.63,$9.15,2.69,$2.23,11.04,$3.30,7.47,$1.31,18.8,$0.11B,$0.02B,6.59,$0.52B,$0.58B,0.9,$0.14B,$0.12B,85.51%,$0.14B,$0.08B,60.14%,$0.14B,$0.08B,60.14%,$0.14B,$0.11B,77.54%,$0.14B,$0.08B,58.70%,$0.14B,$0.08B,57.97%,$0.08B,$0.58B,14.95%,$0.08B,$0.58B,14.98%,$0.08B,$1.12B,7.39%,$0.08B,$1.09B,9.00%,$35,$5,$30,$0,$3,$13,$21,$6,$28,$0,$28,$28,$27,$27,$21,$62,62,$0.44,$0.44,$88,$0,$0,$114,$985,$0,$0,$24,$1009,$1123,$17,$516,$13,$530,$547,$0,$45,$12,$576,$1123,$44,$11,$-9,$2,$0,$0,$0,$-5,$-5,$41,$0,$0,$0,$-38,$16,$-22,$-0,$-22,$0,$0,$0,$35,$35,$-34,$-0,$1,$19,$2,$-34
2,2018-03-31,22.84,$8.60,2.66,$2.22,10.29,$3.29,6.95,$1.17,19.52,$0.08B,$0.02B,4.54,$0.52B,$0.53B,0.98,$0.14B,$0.12B,86.03%,$0.14B,$0.08B,60.29%,$0.14B,$0.08B,60.29%,$0.14B,$0.11B,77.94%,$0.14B,$0.07B,52.94%,$0.14B,$0.07B,52.21%,$0.07B,$0.53B,13.71%,$0.07B,$0.53B,13.73%,$0.07B,$1.08B,6.67%,$0.08B,$1.04B,10.57%,$35,$5,$30,$0,$4,$14,$21,$-4,$16,$0,$16,$16,$16,$27,$21,$61,61,$0.27,$0.26,$53,$0,$0,$76,$980,$0,$0,$19,$999,$1076,$17,$516,$15,$531,$548,$0,$35,$10,$528,$1076,$16,$6,$1,$7,$0,$0,$0,$-1,$-1,$22,$0,$0,$0,$-21,$0,$-21,$-0,$-21,$0,$0,$0,$0,$0,$-17,$-0,$-17,$-16,$1,$-17
3,2017-12-31,25.12,$8.52,2.95,$2.20,11.43,$3.25,7.73,$1.17,21.47,$0.09B,$0.02B,5.08,$0.52B,$0.52B,0.99,$0.13B,$0.12B,85.82%,$0.13B,$0.08B,60.45%,$0.13B,$0.08B,60.45%,$0.13B,$0.11B,78.36%,$0.13B,$0.07B,53.73%,$0.13B,$0.07B,52.99%,$0.07B,$0.52B,14.05%,$0.07B,$0.52B,14.07%,$0.07B,$1.07B,6.88%,$0.08B,$1.04B,12.77%,$34,$5,$29,$0,$3,$13,$20,$-2,$18,$-0,$18,$18,$18,$27,$20,$61,61,$0.31,$0.31,$64,$0,$0,$86,$966,$0,$4,$13,$983,$1069,$17,$516,$14,$530,$546,$0,$36,$4,$522,$1069,$72,$24,$-8,$16,$0,$0,$0,$-9,$-9,$79,$0,$0,$0,$-95,$16,$-79,$-6,$-85,$78,$0,$78,$32,$32,$-59,$-7,$44,$38,$3,$-59
4,2017-09-30,24.1,$8.39,2.87,$2.17,11.13,$3.14,7.68,$1.41,17.09,$0.08B,$0.53B,0.16,$0.00B,$0.51B,0.0,$0.13B,$0.11B,86.26%,$0.13B,$0.08B,61.07%,$0.13B,$0.08B,61.07%,$0.13B,$0.10B,78.63%,$0.13B,$0.09B,66.41%,$0.13B,$0.09B,64.89%,$0.09B,$0.51B,17.26%,$0.09B,$0.51B,17.26%,$0.09B,$1.06B,8.51%,$0.08B,$0.51B,13.28%,$34,$5,$29,$0,$3,$13,$21,$-1,$19,$0,$19,$19,$19,$26,$21,$61,61,$0.31,$0.31,$83,$0,$0,$83,$948,$0,$0,$12,$979,$1062,$533,$0,$15,$15,$548,$0,$35,$2,$514,$1062,$53,$18,$-5,$12,$0,$0,$0,$-5,$-5,$60,$0,$0,$0,$-70,$11,$-60,$-1,$-60,$78,$0,$78,$29,$29,$-44,$-3,$59,$59,$2,$-44
5,2017-06-30,24.05,$8.30,2.9,$2.13,11.27,$3.02,7.97,$1.35,17.81,$0.08B,$0.53B,0.15,$0.00B,$0.51B,0.0,$0.13B,$0.11B,85.94%,$0.13B,$0.08B,60.94%,$0.13B,$0.08B,60.94%,$0.13B,$0.10B,78.91%,$0.13B,$0.08B,64.84%,$0.13B,$0.08B,63.28%,$0.08B,$0.51B,17.10%,$0.08B,$0.51B,17.10%,$0.08B,$1.05B,8.52%,$0.08B,$0.51B,13.37%,$33,$5,$29,$0,$3,$13,$20,$-1,$19,$0,$18,$18,$18,$26,$20,$60,60,$0.30,$0.30,$81,$0,$0,$81,$949,$0,$0,$7,$973,$1054,$533,$0,$13,$13,$546,$0,$30,$1,$508,$1054,$34,$12,$-2,$10,$0,$0,$0,$-4,$-4,$39,$0,$0,$0,$-64,$5,$-59,$-0,$-59,$78,$0,$78,$29,$29,$-29,$-3,$75,$55,$1,$-29
6,2017-03-31,21.66,$7.96,2.72,$2.10,10.31,$2.93,7.4,$1.30,16.66,$0.02B,$0.45B,0.04,$0.00B,$0.48B,0.0,$0.13B,$0.11B,84.92%,$0.13B,$0.08B,61.11%,$0.13B,$0.08B,61.11%,$0.13B,$0.10B,78.57%,$0.13B,$0.08B,62.70%,$0.13B,$0.08B,61.90%,$0.08B,$0.48B,17.11%,$0.08B,$0.48B,17.11%,$0.08B,$0.94B,8.64%,$0.08B,$0.48B,13.62%,$33,$5,$28,$0,$3,$13,$20,$-4,$16,$0,$16,$16,$16,$26,$20,$60,60,$0.26,$0.26,$18,$0,$0,$18,$904,$0,$0,$8,$926,$944,$454,$0,$12,$13,$466,$0,$27,$1,$478,$944,$16,$6,$0,$6,$0,$0,$0,$-3,$-3,$19,$0,$0,$0,$-12,$0,$-12,$0,$-12,$-2,$0,$-2,$1,$1,$-15,$0,$-16,$-9,$0,$-15
7,2016-12-31,19.26,$7.85,2.45,$2.08,9.24,$2.88,6.68,$2.61,7.38,$0.03B,$0.02B,1.84,$0.44B,$0.47B,0.93,$0.12B,$0.11B,84.68%,$0.12B,$0.08B,60.48%,$0.12B,$0.08B,60.48%,$0.12B,$0.10B,77.42%,$0.12B,$0.08B,62.10%,$0.12B,$0.16B,125.81%,$0.16B,$0.47B,35.02%,$0.16B,$0.47B,35.02%,$0.16B,$0.94B,17.66%,$0.08B,$0.91B,13.51%,$31,$4,$27,$0,$3,$12,$19,$13,$33,$0,$33,$33,$32,$25,$19,$57,60,$0.30,$0.52,$27,$0,$0,$27,$894,$0,$0,$5,$911,$937,$15,$439,$13,$453,$467,$0,$26,$0,$470,$937,$157,$22,$-96,$-74,$0,$0,$0,$-12,$-12,$71,$0,$0,$0,$-83,$24,$-59,$-0,$-59,$38,$0,$38,$1,$1,$-122,$0,$-83,$-71,$2,$-122
8,2016-09-30,19.77,$7.34,2.7,$1.56,12.68,$1.69,11.69,$2.07,9.55,$0.02B,$0.41B,0.05,$0.00B,$0.44B,0.0,$0.11B,$0.09B,82.30%,$0.11B,$0.07B,58.41%,$0.11B,$0.07B,58.41%,$0.11B,$0.09B,75.22%,$0.11B,$0.05B,46.02%,$0.11B,$0.13B,114.16%,$0.13B,$0.44B,29.42%,$0.13B,$0.44B,29.42%,$0.13B,$0.87B,14.64%,$0.07B,$0.44B,15.05%,$31,$4,$26,$0,$3,$12,$19,$-4,$15,$0,$15,$15,$15,$24,$19,$60,60,$0.25,$0.25,$19,$0,$0,$19,$825,$0,$0,$13,$848,$866,$408,$0,$19,$19,$427,$0,$8,$-6,$439,$866,$124,$17,$-80,$-63,$0,$0,$0,$-10,$-10,$52,$0,$0,$0,$-24,$0,$-24,$0,$-24,$0,$0,$0,$0,$0,$-107,$0,$-107,$-79,$1,$-107
