,Date,Stock Price,Book Value per Share,Price to Book Ratio,TTM Sales per Share,Price to Sales Ratio,TTM FCF per Share,Price to FCF Ratio,TTM Net EPS,PE Ratio,Current Assets,Current Liabilities,Current Ratio,Long Term Debt,Shareholder's Equity_x,Debt to Equity Ratio,TTM Revenue_x,TTM Gross Profit,Gross Margin,TTM Revenue_y,TTM Operating Income,Operating Margin,TTM Revenue_x,TTM EBIT,EBIT Margin,TTM Revenue_y,TTM EBITDA,EBITDA Margin,TTM Revenue_x,TTM Pre-Tax Income,Pre-Tax Margin,TTM Revenue_y,TTM Net Income_x,Net Margin,TTM Net Income_y,Shareholder's Equity_y,Return on Equity,TTM Net Income_x,Tangible Equity,Return on Tangible Equity,TTM Net Income_y,Total Assets,Return on Assets,TTM Net Income,LT Investments & Debt,Return on Investment,revenue,cost-goods-sold,gross-profit,research-development-expenses,selling-general-administrative-expenses,operating-expenses,operating-income,total-non-operating-income-expense,pre-tax-income,total-provision-income-taxes,income-after-taxes,income-from-continuous-operations,net-income,ebitda,ebit,basic-shares-outstanding,shares-outstanding,eps-basic-net-earnings-per-share,eps-earnings-per-share-diluted,cash-on-hand,inventory,other-current-assets,total-current-assets,net-property-plant-equipment,long-term-investments,goodwill-intangible-assets-total,other-long-term-assets,total-long-term-assets,total-assets,total-current-liabilities,long-term-debt,other-non-current-liabilities,total-long-term-liabilities,total-liabilities,common-stock-net,retained-earnings-accumulated-deficit,comprehensive-income,total-share-holder-equity,total-liabilities-share-holders-equity,net-income-loss,total-depreciation-amortization-cash-flow,other-non-cash-items,total-non-cash-items,change-in-accounts-receivable,change-in-inventories,change-in-accounts-payable,change-in-assets-liabilities,total-change-in-assets-liabilities,cash-flow-from-operating-activities,net-change-in-property-plant-equipment,net-change-in-intangible-assets,net-acquisitions-divestitures,net-change-in-short-term-investments,net-change-in-long-term-investments,net-change-in-investments-total,investing-activities-other,cash-flow-from-investing-activities,net-long-term-debt,net-current-debt,debt-issuance-retirement-net-total,net-common-equity-issued-repurchased,net-total-equity-issued-repurchased,total-common-preferred-stock-dividends-paid,financial-activities-other,cash-flow-from-financial-activities,net-cash-flow,stock-based-compensation,common-stock-dividends-paid
0,2018-09-30,13.92,$9.29,1.5,$13.72,1.01,$5.89,2.36,$2.15,6.47,$10.92B,$3.85B,2.84,$11.12B,$13.45B,0.83,$19.99B,$6.54B,32.72%,$19.99B,$5.86B,29.32%,$19.99B,$5.86B,29.32%,$19.99B,$7.67B,38.37%,$19.99B,$5.40B,27.01%,$19.99B,$3.16B,15.80%,$3.16B,$13.45B,25.51%,$3.16B,$13.45B,25.51%,$3.16B,$37.75B,8.49%,$5.86B,$24.58B,24.78%,$4908,$3527,$1381,$27,$101,$3593,$1315,$-129,$1186,$522,$664,$668,$556,$1773,$1315,$1450,1458,$0.38,$0.38,$4556,$4047,$1028,$10921,$23013,$0,$0,$2460,$26828,$37749,$3851,$11123,$5482,$20444,$24295,$158,$-12526,$-532,$13454,$37749,$2516,$1351,$212,$1563,$321,$-326,$0,$-16,$-154,$3925,$-1381,$-91,$0,$0,$0,$0,$0,$-1472,$-1935,$0,$-1935,$0,$0,$-386,$-19,$-2340,$168,$70,$-386
1,2018-06-30,17.21,$8.86,1.94,$13.31,1.29,$5.56,3.09,$1.96,8.78,$10.34B,$3.80B,2.72,$11.12B,$12.84B,0.87,$19.39B,$6.26B,32.27%,$19.39B,$5.47B,28.23%,$19.39B,$5.47B,28.23%,$19.39B,$7.24B,37.35%,$19.39B,$4.84B,24.95%,$19.39B,$2.88B,14.87%,$2.88B,$12.84B,24.90%,$2.88B,$12.84B,24.90%,$2.88B,$37.03B,7.77%,$5.47B,$23.97B,23.59%,$5168,$3357,$1811,$24,$109,$3504,$1664,$-113,$1551,$515,$1036,$1039,$869,$2106,$1664,$1449,1458,$0.60,$0.59,$3859,$4176,$1006,$10343,$22923,$0,$0,$2391,$26685,$37028,$3799,$11123,$5562,$20387,$24186,$158,$-13161,$-464,$12842,$37028,$1852,$893,$146,$1039,$309,$-468,$0,$-20,$-213,$2678,$-884,$-86,$0,$0,$0,$0,$0,$-970,$-1945,$0,$-1945,$0,$0,$-314,$-18,$-2277,$-525,$60,$-314
2,2018-03-31,17.47,$8.23,2.12,$12.32,1.42,$5.10,3.42,$1.55,11.27,$10.11B,$4.34B,2.33,$11.12B,$11.93B,0.93,$17.93B,$5.23B,29.15%,$17.93B,$4.50B,25.07%,$17.93B,$4.50B,25.07%,$17.93B,$6.27B,34.97%,$17.93B,$3.80B,21.19%,$17.93B,$2.28B,12.72%,$2.28B,$11.93B,21.00%,$2.28B,$11.93B,21.00%,$2.28B,$36.64B,6.15%,$4.50B,$23.05B,19.55%,$4868,$3259,$1609,$21,$131,$3409,$1459,$-123,$1336,$506,$830,$828,$692,$1910,$1459,$1449,1458,$0.47,$0.47,$3702,$3885,$1075,$10106,$22792,$0,$0,$2352,$26531,$36637,$4344,$11123,$5602,$20367,$24711,$158,$-14030,$-475,$11926,$36637,$817,$451,$122,$573,$136,$-142,$0,$-42,$-21,$1369,$-402,$-90,$0,$0,$0,$0,$0,$-492,$-1511,$0,$-1511,$0,$0,$0,$-77,$-1588,$-679,$49,$0
3,2017-12-31,18.85,$7.80,2.42,$11.28,1.67,$4.75,3.97,$1.24,15.2,$10.69B,$5.01B,2.13,$11.70B,$11.30B,1.04,$16.40B,$4.38B,26.71%,$16.40B,$3.63B,22.15%,$16.40B,$3.63B,22.15%,$16.40B,$5.35B,32.60%,$16.40B,$2.90B,17.69%,$16.40B,$1.82B,11.08%,$1.82B,$11.30B,17.68%,$1.82B,$11.30B,17.68%,$1.82B,$37.30B,4.90%,$3.63B,$23.00B,15.86%,$5041,$3303,$1738,$34,$122,$3619,$1422,$-97,$1325,$136,$1189,$1193,$1041,$1879,$1422,$1447,1454,$0.72,$0.72,$4447,$3893,$778,$10689,$22934,$0,$0,$2270,$26613,$37302,$5011,$11703,$5643,$20995,$26006,$158,$-14722,$-487,$11296,$37302,$2095,$1714,$284,$1998,$427,$-393,$0,$-28,$589,$4682,$-1410,$0,$0,$0,$0,$0,$47,$-1363,$-2857,$0,$-2857,$0,$0,$-176,$-22,$-3055,$202,$71,$-176
4,2017-09-30,13.96,$7.06,1.98,$11.14,1.25,$3.19,4.37,$0.74,18.87,$11.15B,$5.52B,2.02,$12.57B,$10.23B,1.23,$15.74B,$3.68B,23.37%,$15.74B,$2.91B,18.51%,$15.74B,$2.91B,18.51%,$15.74B,$4.76B,30.27%,$15.74B,$2.07B,13.15%,$15.74B,$1.07B,6.79%,$1.07B,$10.23B,10.94%,$1.07B,$10.23B,10.94%,$1.07B,$37.33B,2.88%,$2.91B,$22.80B,12.57%,$4310,$3212,$1098,$27,$104,$3382,$928,$-302,$626,$387,$239,$242,$280,$1346,$928,$1448,1454,$0.19,$0.19,$4957,$3857,$790,$11150,$22914,$0,$0,$1790,$26177,$37327,$5517,$12567,$5242,$21580,$27097,$158,$-15763,$-443,$10230,$37327,$886,$1257,$480,$1737,$420,$-314,$0,$-17,$389,$3012,$-952,$-2,$0,$0,$0,$0,$0,$-954,$-1196,$0,$-1196,$0,$0,$-69,$-22,$-1287,$726,$58,$-69
5,2017-06-30,11.94,$6.91,1.73,$11.04,1.08,$2.29,5.21,$0.71,16.82,$10.42B,$4.94B,2.11,$13.14B,$9.99B,1.32,$15.31B,$3.05B,19.90%,$15.31B,$2.35B,15.32%,$15.31B,$2.35B,15.32%,$15.31B,$4.42B,28.88%,$15.31B,$1.62B,10.58%,$15.31B,$1.01B,6.57%,$1.01B,$9.99B,10.61%,$1.01B,$9.99B,10.61%,$1.01B,$37.04B,2.64%,$2.35B,$23.13B,9.66%,$3711,$2930,$781,$19,$107,$3025,$686,$-173,$513,$186,$327,$326,$268,$1136,$686,$1447,1453,$0.18,$0.18,$4667,$3642,$674,$10417,$23067,$0,$0,$1957,$26626,$37043,$4944,$13138,$5098,$22106,$27050,$158,$-16043,$-456,$9993,$37043,$641,$839,$6,$845,$589,$-101,$0,$-2,$343,$1829,$-706,$3,$0,$0,$0,$0,$0,$-703,$-644,$0,$-644,$0,$0,$-41,$-19,$-704,$429,$44,$-41
6,2017-03-31,13.28,$6.63,2.01,$11.12,1.2,$1.59,8.37,$0.15,88.56,$9.77B,$4.84B,2.02,$13.14B,$9.59B,1.37,$14.93B,$1.72B,11.52%,$14.93B,$1.68B,11.23%,$14.93B,$1.68B,11.23%,$14.93B,$3.95B,26.49%,$14.93B,$0.99B,6.65%,$14.93B,$0.26B,1.73%,$0.26B,$9.59B,2.85%,$0.26B,$9.59B,2.85%,$0.26B,$36.58B,0.66%,$1.68B,$22.72B,6.65%,$3341,$2577,$764,$14,$151,$2744,$597,$-159,$438,$174,$264,$268,$228,$986,$597,$1446,1454,$0.16,$0.16,$4001,$3763,$604,$9767,$23117,$0,$0,$2010,$26809,$36576,$4842,$13135,$5226,$22147,$26989,$158,$-16311,$-537,$9587,$36576,$306,$389,$-92,$297,$623,$-135,$0,$-13,$189,$792,$-344,$-17,$0,$0,$0,$0,$0,$-361,$-658,$0,$-658,$0,$0,$-1,$-20,$-679,$-240,$34,$-1
7,2016-12-31,13.12,$6.41,2.05,$11.41,1.15,$1.09,12.08,$-3.36,0.0,$10.44B,$4.27B,2.45,$14.80B,$9.26B,1.6,$14.83B,$-2.75B,-18.54%,$14.83B,$-2.79B,-18.83%,$14.83B,$-2.79B,-18.83%,$14.83B,$-0.18B,-1.23%,$14.83B,$-3.47B,-23.41%,$14.83B,$-4.15B,-28.01%,$-4.15B,$9.26B,-48.01%,$-4.15B,$9.26B,-48.01%,$-4.15B,$37.32B,-10.21%,$-2.79B,$24.05B,-10.56%,$4377,$3342,$1035,$18,$199,$3674,$703,$-211,$492,$292,$200,$202,$292,$1296,$703,$1318,1318,$0.41,$0.41,$4245,$3642,$543,$10435,$23219,$0,$0,$1956,$26882,$37317,$4265,$14795,$5232,$23795,$28060,$157,$-16540,$-548,$9257,$37317,$-4025,$2610,$5057,$7667,$-175,$117,$0,$37,$87,$3729,$-2813,$0,$5932,$0,$0,$0,$431,$3550,$-3944,$0,$-3944,$1515,$1515,$-699,$-38,$-3166,$4068,$86,$-699
8,2016-09-30,10.8,$6.66,1.62,$10.99,0.98,$-2.50,0.0,$-7.04,0.0,$11.51B,$4.49B,2.56,$18.18B,$9.07B,2.01,$13.59B,$-7.78B,-57.26%,$13.59B,$-7.66B,-56.37%,$13.59B,$-7.66B,-56.37%,$13.59B,$-4.86B,-35.78%,$13.59B,$-8.30B,-61.10%,$13.59B,$-8.53B,-62.76%,$-8.53B,$9.07B,-91.20%,$-8.53B,$9.07B,-91.20%,$-8.53B,$41.40B,-19.84%,$-7.66B,$27.25B,-27.01%,$3877,$3411,$466,$13,$110,$3518,$359,$-182,$177,$-114,$291,$292,$217,$1002,$359,$1346,1351,$0.16,$0.16,$1108,$3685,$4962,$11505,$23415,$0,$0,$2134,$29895,$41400,$4488,$18180,$5343,$27846,$32334,$149,$-16832,$-476,$9066,$41400,$-4225,$2017,$4319,$6336,$257,$251,$0,$-120,$483,$2594,$-1899,$0,$0,$0,$0,$0,$1005,$-894,$-1076,$0,$-1076,$442,$442,$-92,$-22,$-748,$909,$0,$-92
9,2016-06-30,11.08,$6.31,1.75,$11.27,0.98,$-5.16,0.0,$-10.78,0.0,$10.70B,$4.54B,2.36,$18.55B,$8.32B,2.23,$13.09B,$-12.03B,-91.85%,$13.09B,$-11.98B,-91.52%,$13.09B,$-11.98B,-91.52%,$13.09B,$-8.94B,-68.29%,$13.09B,$-12.64B,-96.55%,$13.09B,$-12.57B,-96.04%,$-12.57B,$8.32B,-115.52%,$-12.57B,$8.32B,-115.52%,$-12.57B,$41.30B,-27.80%,$-11.98B,$26.87B,-39.55%,$3334,$3879,$-545,$15,$160,$3316,$18,$-132,$-114,$116,$-230,$-229,$-479,$670,$18,$1269,1269,$-0.38,$-0.38,$352,$3744,$4892,$10700,$23609,$0,$0,$2208,$30596,$41296,$4540,$18549,$5359,$28437,$32977,$145,$-17049,$-488,$8319,$41296,$-4511,$1374,$4384,$5758,$259,$91,$0,$-53,$367,$1614,$-1525,$0,$0,$0,$0,$0,$990,$-535,$-838,$0,$-838,$32,$32,$-44,$-23,$-873,$153,$42,$-44
10,2016-03-31,10.28,$6.37,1.62,$12.43,0.83,$-6.76,0.0,$-12.18,0.0,$7.23B,$4.43B,1.63,$19.64B,$7.97B,2.46,$13.70B,$-13.71B,-100.12%,$13.70B,$-14.42B,-105.29%,$13.70B,$-14.42B,-105.29%,$13.70B,$-11.14B,-81.34%,$13.70B,$-15.05B,-109.91%,$13.70B,$-13.95B,-101.83%,$-13.95B,$7.97B,-104.71%,$-13.95B,$7.97B,-104.71%,$-13.95B,$42.66B,-28.81%,$-14.42B,$27.61B,-43.54%,$3242,$6948,$-3706,$18,$138,$7114,$-3872,$-155,$-4027,$77,$-4104,$-4097,$-4184,$-3150,$-3872,$1251,1251,$-3.35,$-3.35,$331,$4528,$233,$7233,$27376,$0,$0,$2288,$35431,$42664,$4426,$19638,$5421,$30268,$34694,$138,$-16570,$-503,$7970,$42664,$-4101,$722,$3984,$4706,$93,$61,$0,$-68,$135,$740,$-982,$0,$0,$0,$0,$0,$2,$-980,$354,$0,$354,$32,$32,$-22,$-17,$347,$54,$30,$-22
11,2015-12-31,6.73,$9.67,0.7,$13.83,0.49,$-7.68,0.0,$-11.21,0.0,$7.46B,$4.31B,1.73,$19.68B,$12.04B,1.63,$14.61B,$-12.81B,-87.68%,$14.61B,$-13.51B,-92.50%,$14.61B,$-13.51B,-92.50%,$14.61B,$-10.02B,-68.56%,$14.61B,$-14.13B,-96.72%,$14.61B,$-12.24B,-83.77%,$-12.24B,$12.04B,-74.91%,$-12.24B,$12.04B,-74.91%,$-12.24B,$46.58B,-23.64%,$-13.51B,$31.72B,-37.36%,$3134,$7129,$-3995,$18,$134,$7298,$-4164,$-173,$-4337,$-208,$-4129,$-4131,$-4081,$-3384,$-4164,$1082,1082,$-3.57,$-3.57,$177,$4075,$1081,$7462,$23986,$0,$0,$6373,$39115,$46577,$4307,$19675,$6220,$30226,$34533,$137,$-12387,$-503,$12044,$46577,$-12089,$3497,$11405,$14902,$813,$379,$0,$97,$407,$3220,$-6353,$0,$0,$0,$0,$0,$107,$-6246,$1595,$0,$1595,$1936,$1936,$-725,$-20,$2786,$-121,$85,$-725
12,2015-09-30,9.6,$13.36,0.72,$14.59,0.66,$-6.30,0.0,$-10.49,0.0,$8.16B,$4.83B,1.69,$19.79B,$15.21B,1.3,$15.27B,$-11.31B,-74.04%,$15.27B,$-13.04B,-85.40%,$15.27B,$-13.04B,-85.40%,$15.27B,$-9.39B,-61.46%,$15.27B,$-13.62B,-89.16%,$15.27B,$-11.01B,-72.08%,$-11.01B,$15.21B,-58.11%,$-11.01B,$15.21B,-58.11%,$-11.01B,$50.38B,-20.09%,$-13.04B,$35.00B,-33.92%,$3382,$7161,$-3779,$26,$122,$7346,$-3964,$-198,$-4162,$-349,$-3813,$-3815,$-3830,$-3076,$-3964,$1071,1071,$-3.58,$-3.58,$338,$5345,$570,$8155,$27355,$0,$0,$1977,$42228,$50383,$4827,$19792,$5435,$30351,$35178,$127,$-8305,$-509,$15205,$50383,$-7995,$2717,$7544,$10261,$990,$83,$0,$-13,$342,$2608,$-4904,$0,$0,$0,$0,$0,$-37,$-4941,$1859,$0,$1859,$999,$999,$-636,$-15,$2207,$-84,$0,$-636
13,2015-06-30,18.27,$17.36,1.05,$16.88,1.08,$-5.02,0.0,$-6.38,0.0,$8.70B,$4.74B,1.84,$20.11B,$18.06B,1.11,$17.59B,$-6.24B,-35.46%,$17.59B,$-7.95B,-45.19%,$17.59B,$-7.95B,-45.19%,$17.59B,$-4.23B,-24.07%,$17.59B,$-8.40B,-47.76%,$17.59B,$-6.63B,-37.67%,$-6.63B,$18.06B,-30.63%,$-6.63B,$18.06B,-31.25%,$-6.63B,$54.01B,-11.39%,$-7.95B,$38.17B,-19.53%,$3938,$6170,$-2232,$30,$148,$6359,$-2421,$-106,$-2527,$-699,$-1828,$-1828,$-1851,$-1531,$-2421,$1040,1040,$-1.78,$-1.78,$466,$5431,$528,$8697,$27095,$0,$0,$1978,$45311,$54008,$4739,$20111,$5476,$31214,$35953,$117,$-4417,$-523,$18055,$54008,$-4205,$1829,$4456,$6285,$493,$-96,$0,$-1,$-294,$1786,$-3378,$0,$0,$0,$0,$0,$-14,$-3392,$2062,$0,$2062,$0,$0,$-380,$-74,$1608,$1,$0,$-380
14,2015-03-31,18.54,$19.26,0.96,$18.38,1.01,$-4.43,0.0,$-4.14,0.0,$8.85B,$4.41B,2.01,$19.75B,$20.03B,0.99,$19.17B,$-2.58B,-13.44%,$19.17B,$-4.37B,-22.81%,$19.17B,$-4.37B,-22.81%,$19.17B,$-0.54B,-2.80%,$19.17B,$-4.89B,-25.48%,$19.17B,$-4.29B,-22.39%,$-4.29B,$20.03B,-18.24%,$-4.29B,$20.03B,-18.93%,$-4.29B,$56.07B,-7.07%,$-4.37B,$39.79B,-10.43%,$4153,$6955,$-2802,$33,$154,$7116,$-2963,$-139,$-3102,$-695,$-2407,$-2406,$-2474,$-2024,$-2963,$1040,1040,$-2.38,$-2.38,$549,$5238,$671,$8854,$26595,$0,$0,$1977,$47211,$56065,$4410,$19754,$5490,$31624,$36034,$117,$-2398,$-532,$20031,$56065,$-2406,$939,$2270,$3209,$316,$165,$0,$-42,$-86,$717,$-1867,$0,$0,$0,$0,$0,$127,$-1740,$1471,$0,$1471,$0,$0,$-327,$-36,$1108,$85,$0,$-327
15,2014-12-31,22.52,$21.63,1.04,$19.16,1.18,$-3.71,0.0,$-1.27,0.0,$9.05B,$5.17B,1.75,$18.37B,$22.47B,0.82,$20.00B,$1.51B,7.53%,$20.00B,$-0.30B,-1.49%,$20.00B,$-0.30B,-1.49%,$20.00B,$3.57B,17.82%,$20.00B,$-0.80B,-4.00%,$20.00B,$-1.31B,-6.54%,$-1.31B,$22.47B,-5.25%,$-1.31B,$22.47B,-5.55%,$-1.31B,$58.67B,-2.09%,$-0.30B,$40.85B,-0.69%,$3798,$6291,$-2493,$13,$123,$7492,$-3694,$-130,$-3824,$-809,$-3015,$-3012,$-2852,$-2755,$-3694,$1039,1039,$-2.74,$-2.74,$464,$5361,$657,$9045,$26220,$0,$0,$1956,$49629,$58674,$5172,$18371,$5508,$31028,$36200,$117,$128,$-544,$22474,$58674,$-745,$3863,$3321,$7184,$215,$-249,$0,$-176,$-808,$5631,$-7215,$0,$3193,$0,$0,$0,$221,$-3801,$-1596,$0,$-1596,$0,$0,$-1729,$-26,$-3351,$-1566,$106,$-1729
16,2014-09-30,31.16,$24.97,1.25,$21.35,1.46,$-1.34,0.0,$2.16,14.43,$9.03B,$6.34B,1.42,$17.98B,$25.97B,0.69,$22.09B,$5.93B,26.85%,$22.09B,$5.05B,22.84%,$22.09B,$5.05B,22.84%,$22.09B,$8.99B,40.70%,$22.09B,$4.49B,20.33%,$22.09B,$2.25B,10.19%,$2.25B,$25.97B,8.80%,$2.25B,$24.25B,9.47%,$2.25B,$63.98B,3.53%,$5.05B,$43.94B,11.34%,$5696,$4405,$1291,$29,$158,$4564,$1132,$-77,$1055,$349,$706,$704,$552,$2077,$1132,$1039,1046,$0.53,$0.53,$658,$5489,$577,$9031,$26304,$0,$1717,$2018,$54945,$63976,$6343,$17975,$5384,$31667,$38010,$117,$3306,$-394,$25966,$63976,$1990,$2924,$298,$3222,$200,$-267,$0,$-26,$-699,$4513,$-5415,$0,$1550,$0,$0,$0,$221,$-3644,$-850,$0,$-850,$0,$0,$-979,$-367,$-2196,$-1327,$0,$-979
17,2014-06-30,34.56,$24.70,1.4,$21.82,1.58,$-0.36,0.0,$2.42,14.28,$10.25B,$7.56B,1.36,$17.51B,$25.67B,0.68,$22.56B,$6.55B,29.05%,$22.56B,$5.62B,24.92%,$22.56B,$5.62B,24.92%,$22.56B,$9.54B,42.28%,$22.56B,$4.98B,22.10%,$22.56B,$2.52B,11.17%,$2.52B,$25.67B,9.99%,$2.52B,$23.95B,10.79%,$2.52B,$64.01B,3.97%,$5.62B,$43.18B,12.52%,$5522,$4095,$1427,$34,$164,$4369,$1153,$-167,$986,$328,$658,$660,$482,$2166,$1153,$1039,1045,$0.46,$0.46,$1458,$5370,$668,$10254,$25407,$0,$1717,$2287,$53755,$64009,$7558,$17512,$5076,$30784,$38342,$117,$3081,$-401,$25667,$64009,$1286,$1979,$99,$2078,$-243,$-230,$0,$35,$-777,$2587,$-3562,$0,$2084,$0,$0,$0,$-363,$-1841,$-363,$0,$-363,$0,$0,$-903,$-7,$-1273,$-527,$0,$-903
18,2014-03-31,31.01,$24.53,1.26,$20.89,1.48,$0.45,68.23,$2.45,12.66,$9.43B,$5.38B,1.75,$19.76B,$25.48B,0.78,$21.32B,$6.03B,28.28%,$21.32B,$5.11B,23.95%,$21.32B,$5.11B,23.95%,$21.32B,$8.54B,40.06%,$21.32B,$4.65B,21.79%,$21.32B,$2.52B,11.82%,$2.52B,$25.48B,10.17%,$2.52B,$23.57B,11.02%,$2.52B,$63.84B,3.98%,$5.11B,$45.24B,11.26%,$4985,$3703,$1282,$30,$135,$3874,$1111,$-128,$983,$357,$626,$626,$510,$2077,$1111,$1038,1044,$0.49,$0.49,$1342,$5220,$491,$9430,$24729,$0,$1916,$1959,$54413,$63843,$5383,$19759,$4971,$32977,$38360,$117,$2926,$-402,$25483,$63843,$626,$966,$153,$1119,$179,$-266,$0,$-79,$-544,$1201,$-1612,$0,$0,$0,$0,$0,$7,$-1605,$162,$0,$162,$0,$0,$-403,$2,$-239,$-643,$0,$-403
19,2013-12-31,35.08,$24.31,1.44,$20.93,1.68,$0.88,40.07,$2.64,13.29,$9.97B,$4.77B,2.09,$20.39B,$25.23B,0.81,$20.92B,$6.28B,30.04%,$20.92B,$5.35B,25.58%,$20.92B,$5.35B,25.58%,$20.92B,$8.15B,38.95%,$20.92B,$4.91B,23.48%,$20.92B,$2.66B,12.70%,$2.66B,$25.23B,11.13%,$2.66B,$23.32B,11.85%,$2.66B,$63.47B,4.59%,$5.35B,$45.63B,12.73%,$5885,$3955,$1930,$37,$200,$4235,$1650,$-183,$1467,$508,$959,$959,$707,$2669,$1650,$1002,1006,$0.69,$0.68,$1985,$5018,$407,$9972,$24042,$0,$1916,$1798,$53501,$63473,$4773,$20394,$4949,$33469,$38242,$117,$2742,$-405,$25231,$63473,$3441,$2797,$515,$3312,$49,$-288,$0,$-211,$-614,$6139,$-5286,$0,$-5441,$0,$0,$0,$-181,$-10908,$6025,$0,$6025,$0,$-228,$-2537,$-211,$3049,$-1720,$173,$-2537
20,2013-09-30,30.47,$23.66,1.29,$19.81,1.54,$0.32,94.88,$2.74,11.12,$9.61B,$4.50B,2.14,$21.05B,$24.55B,0.86,$19.55B,$5.80B,29.69%,$19.55B,$5.06B,25.88%,$19.55B,$5.06B,25.88%,$19.55B,$7.16B,36.63%,$19.55B,$4.77B,24.40%,$19.55B,$2.69B,13.78%,$2.69B,$24.55B,11.77%,$2.69B,$22.62B,12.28%,$2.69B,$62.60B,5.29%,$5.06B,$45.61B,13.73%,$6165,$4251,$1914,$57,$158,$4458,$1707,$-159,$1548,$499,$1049,$1048,$821,$2626,$1707,$1038,1043,$0.79,$0.79,$2219,$4853,$305,$9606,$46647,$0,$1932,$2109,$52992,$62598,$4498,$21053,$4851,$33546,$38044,$117,$2361,$-484,$24554,$62598,$2482,$1778,$138,$1916,$51,$-66,$0,$-4,$-655,$3743,$-3623,$0,$-5441,$0,$0,$0,$-24,$-9088,$6413,$0,$6413,$0,$-227,$-1957,$-370,$3859,$-1486,$0,$-1957
21,2013-06-30,25.15,$22.99,1.09,$18.53,1.36,$0.20,127.93,$2.81,8.95,$10.58B,$5.61B,1.89,$21.14B,$23.87B,0.89,$17.80B,$5.42B,30.43%,$17.80B,$4.76B,26.76%,$17.80B,$4.76B,26.76%,$17.80B,$6.24B,35.07%,$17.80B,$4.58B,25.71%,$17.80B,$2.70B,15.15%,$2.70B,$23.87B,12.29%,$2.70B,$21.96B,12.61%,$2.70B,$63.16B,6.14%,$4.76B,$45.01B,15.12%,$4288,$3383,$905,$64,$186,$3649,$639,$9,$648,$40,$608,$610,$482,$1169,$639,$980,984,$0.49,$0.49,$3294,$4946,$459,$10578,$46214,$0,$1904,$2269,$52579,$63157,$5610,$21142,$4916,$33680,$39290,$117,$1865,$-495,$23867,$63157,$1434,$859,$-142,$717,$350,$-160,$0,$-33,$-286,$1865,$-1978,$0,$-5414,$0,$-264,$-264,$0,$-7656,$6480,$0,$6480,$0,$-202,$-685,$-213,$5380,$-411,$65,$-685
22,2013-03-31,28.89,$23.00,1.26,$18.87,1.53,$0.80,36.24,$3.06,9.44,$16.58B,$3.28B,5.06,$10.09B,$21.85B,0.46,$17.99B,$6.07B,33.77%,$17.99B,$5.44B,30.21%,$17.99B,$5.44B,30.21%,$17.99B,$6.68B,37.11%,$17.99B,$5.25B,29.17%,$17.99B,$2.93B,16.26%,$2.93B,$21.85B,13.96%,$2.93B,$21.85B,14.07%,$2.93B,$42.59B,8.00%,$5.44B,$31.94B,20.81%,$4583,$3048,$1535,$52,$113,$3228,$1355,$-105,$1250,$428,$822,$824,$648,$1684,$1355,$950,953,$0.68,$0.68,$9595,$4809,$410,$16583,$21689,$0,$0,$2235,$26005,$42588,$3275,$10088,$3796,$17464,$20739,$107,$2750,$-500,$21849,$42588,$824,$329,$270,$599,$-113,$-193,$0,$-84,$-592,$831,$-805,$0,$-321,$0,$0,$0,$14,$-1112,$6576,$0,$6576,$0,$0,$-297,$-108,$6171,$5890,$41,$-297
23,2012-12-31,29.59,$22.46,1.32,$18.88,1.57,$0.87,34.08,$3.18,9.3,$10.30B,$3.34B,3.08,$3.53B,$21.31B,0.17,$18.01B,$6.45B,35.81%,$18.01B,$5.81B,32.28%,$18.01B,$5.81B,32.28%,$18.01B,$6.99B,38.83%,$18.01B,$5.49B,30.47%,$18.01B,$3.04B,16.89%,$3.04B,$21.31B,14.97%,$3.04B,$21.31B,15.15%,$3.04B,$35.44B,8.91%,$5.81B,$24.84B,24.40%,$4513,$3063,$1450,$71,$120,$3155,$1358,$-34,$1324,$382,$942,$945,$743,$1681,$1358,$949,954,$0.77,$0.79,$3705,$4576,$387,$10297,$20999,$0,$0,$2189,$25143,$35440,$3343,$3525,$3771,$10786,$14129,$107,$2399,$-506,$21311,$35440,$3980,$1179,$278,$1457,$-365,$-729,$0,$-322,$-1663,$3774,$-3494,$0,$0,$0,$0,$0,$31,$-3463,$-157,$0,$-157,$0,$0,$-1242,$-29,$-1428,$-1117,$100,$-1242
24,2012-09-30,33.98,$21.86,1.55,$18.51,1.84,$4.85,7.0,$3.07,11.07,$10.18B,$3.15B,3.23,$3.52B,$20.74B,0.17,$17.66B,$6.50B,36.81%,$17.66B,$5.75B,32.58%,$17.66B,$5.75B,32.58%,$17.66B,$6.88B,38.93%,$17.66B,$5.42B,30.67%,$17.66B,$2.94B,16.64%,$2.94B,$20.74B,14.97%,$2.94B,$20.42B,15.16%,$2.94B,$34.52B,8.82%,$5.75B,$24.26B,24.86%,$4417,$2890,$1527,$79,$110,$3006,$1411,$-57,$1354,$215,$1139,$1140,$824,$1709,$1411,$949,953,$0.87,$0.86,$3727,$4434,$353,$10180,$20294,$0,$321,$847,$24337,$34517,$3150,$3521,$3725,$10624,$13774,$107,$1953,$-439,$20743,$34517,$3035,$856,$305,$1161,$-603,$-581,$0,$-181,$-1687,$2509,$-2518,$0,$0,$0,$0,$0,$-19,$-2537,$-156,$0,$-156,$0,$0,$-832,$-79,$-1067,$-1095,$77,$-832
25,2012-06-30,28.97,$20.96,1.38,$19.32,1.5,$9.18,3.16,$3.31,8.75,$10.18B,$2.94B,3.46,$3.52B,$19.89B,0.18,$18.44B,$7.34B,39.82%,$18.44B,$6.49B,35.21%,$18.44B,$6.49B,35.21%,$18.44B,$7.57B,41.08%,$18.44B,$6.16B,33.42%,$18.44B,$3.17B,17.18%,$3.17B,$19.89B,16.71%,$3.17B,$19.57B,16.93%,$3.17B,$33.69B,9.72%,$6.49B,$23.41B,28.89%,$4475,$2913,$1562,$73,$97,$3164,$1311,$8,$1319,$422,$897,$894,$710,$1602,$1311,$949,953,$0.75,$0.74,$4508,$4025,$328,$10176,$19613,$0,$324,$868,$23513,$33689,$2942,$3519,$3788,$10857,$13799,$107,$1426,$-448,$19890,$33689,$1895,$558,$402,$960,$-182,$-160,$0,$-109,$-872,$1983,$-1520,$0,$0,$0,$0,$0,$-31,$-1551,$-155,$0,$-155,$0,$0,$-573,$-18,$-746,$-314,$54,$-573
26,2012-03-31,32.07,$20.34,1.58,$20.70,1.55,$11.84,2.71,$4.00,8.02,$10.25B,$2.92B,3.51,$3.52B,$19.30B,0.18,$19.78B,$8.77B,44.35%,$19.78B,$7.94B,40.14%,$19.78B,$7.94B,40.14%,$19.78B,$9.00B,45.48%,$19.78B,$7.47B,37.76%,$19.78B,$3.83B,19.34%,$3.83B,$19.30B,20.96%,$3.83B,$18.97B,21.24%,$3.83B,$32.91B,12.02%,$7.94B,$22.82B,36.45%,$4605,$2695,$1910,$62,$104,$2871,$1734,$-244,$1490,$491,$999,$1001,$764,$2001,$1734,$949,955,$0.81,$0.80,$4496,$4096,$223,$10252,$18986,$0,$326,$867,$22653,$32905,$2924,$3517,$3752,$10682,$13606,$107,$1013,$-453,$19299,$32905,$1001,$267,$359,$626,$-482,$-309,$0,$-5,$-826,$801,$-707,$0,$0,$0,$0,$0,$-7,$-714,$-155,$0,$-155,$0,$0,$-239,$-19,$-413,$-326,$32,$-239
27,2011-12-31,30.83,$19.57,1.58,$21.86,1.41,$13.68,2.25,$4.77,6.46,$10.05B,$2.94B,3.42,$3.53B,$18.55B,0.19,$20.88B,$9.96B,47.70%,$20.88B,$9.14B,43.77%,$20.88B,$9.14B,43.77%,$20.88B,$10.16B,48.67%,$20.88B,$8.82B,42.23%,$20.88B,$4.56B,21.84%,$4.56B,$18.55B,26.13%,$4.56B,$18.55B,26.50%,$4.56B,$32.07B,14.55%,$9.14B,$22.09B,43.53%,$4162,$2660,$1502,$77,$92,$2865,$1297,$-44,$1253,$389,$864,$866,$640,$1563,$1297,$947,955,$0.68,$0.68,$4822,$3869,$214,$10047,$18449,$0,$0,$1213,$22023,$32070,$2940,$3533,$3789,$10577,$13517,$107,$546,$-465,$18553,$32070,$5747,$1022,$744,$1766,$1246,$-693,$0,$-227,$-893,$6620,$-2534,$0,$0,$0,$0,$0,$-1,$-2535,$-1265,$0,$-1265,$0,$0,$-1814,$78,$-3001,$1084,$117,$-1814
28,2011-09-30,25.34,$19.04,1.33,$23.40,1.08,$14.53,1.74,$5.73,4.43,$10.71B,$3.18B,3.37,$3.53B,$18.05B,0.2,$22.32B,$11.71B,52.48%,$22.32B,$10.94B,49.01%,$22.32B,$10.94B,49.01%,$22.32B,$11.94B,53.51%,$22.32B,$10.55B,47.27%,$22.32B,$5.47B,24.50%,$5.47B,$18.05B,33.24%,$5.47B,$17.73B,33.91%,$5.47B,$31.71B,17.83%,$10.94B,$21.58B,53.95%,$5195,$2827,$2368,$78,$102,$3045,$2150,$-50,$2100,$808,$1292,$1294,$1053,$2407,$2150,$948,955,$1.11,$1.10,$5128,$3721,$413,$10708,$17966,$0,$321,$1114,$21000,$31708,$3181,$3531,$3580,$10476,$13657,$107,$144,$-314,$18051,$31708,$4881,$756,$668,$1424,$1034,$-440,$0,$-283,$-431,$5874,$-1749,$0,$0,$0,$0,$0,$24,$-1725,$-1266,$0,$-1266,$0,$0,$-1536,$43,$-2759,$1390,$92,$-1536
29,2011-06-30,43.82,$18.04,2.43,$23.40,1.87,$13.74,3.19,$5.87,7.47,$10.17B,$3.11B,3.28,$3.54B,$17.10B,0.21,$22.28B,$11.96B,53.70%,$22.28B,$11.29B,50.67%,$22.28B,$11.29B,50.67%,$22.28B,$12.30B,55.23%,$22.28B,$10.83B,48.60%,$22.28B,$5.59B,25.11%,$5.59B,$17.10B,36.40%,$5.59B,$16.78B,37.19%,$5.59B,$30.58B,18.82%,$11.29B,$20.64B,57.94%,$5814,$2824,$2990,$66,$107,$3057,$2757,$-133,$2624,$906,$1718,$1726,$1368,$3024,$2757,$947,956,$1.44,$1.43,$4378,$3748,$262,$10173,$17500,$0,$323,$1060,$20406,$30579,$3106,$3537,$3569,$10371,$13477,$107,$-672,$-316,$17102,$30579,$3587,$499,$423,$922,$577,$-346,$0,$-88,$-470,$4039,$-1032,$0,$0,$0,$0,$0,$19,$-1013,$-1265,$0,$-1265,$0,$0,$-1144,$23,$-2386,$640,$69,$-1144
30,2011-03-31,45.33,$16.99,2.67,$21.40,2.12,$13.08,3.47,$5.14,8.82,$11.15B,$4.75B,2.35,$3.58B,$16.09B,0.22,$20.33B,$10.54B,51.83%,$20.33B,$9.96B,48.98%,$20.33B,$9.96B,48.98%,$20.33B,$10.91B,53.69%,$20.33B,$9.47B,46.56%,$20.33B,$4.88B,23.98%,$4.88B,$16.09B,34.41%,$4.88B,$15.77B,35.23%,$4.88B,$31.01B,17.06%,$9.96B,$19.67B,53.62%,$5709,$2609,$3100,$50,$114,$2773,$2936,$-95,$2841,$984,$1857,$1861,$1499,$3168,$2936,$946,955,$1.58,$1.57,$5258,$3709,$280,$11146,$17076,$0,$325,$1059,$19862,$31008,$4751,$3582,$3528,$10166,$14917,$107,$-1328,$-318,$16091,$31008,$1861,$232,$204,$436,$511,$-253,$0,$-70,$62,$2359,$-505,$0,$0,$0,$0,$0,$0,$-505,$-4,$0,$-4,$0,$0,$-371,$-1127,$-1502,$352,$43,$-371
31,2010-12-31,48.8,$15.41,3.17,$20.03,2.44,$12.81,3.81,$4.57,10.68,$9.85B,$3.76B,2.62,$4.66B,$14.56B,0.32,$18.98B,$9.61B,50.63%,$18.98B,$9.07B,47.77%,$18.98B,$9.07B,47.77%,$18.98B,$10.10B,53.23%,$18.98B,$8.51B,44.84%,$18.98B,$4.27B,22.51%,$4.27B,$14.56B,32.61%,$4.27B,$14.23B,33.46%,$4.27B,$29.39B,15.48%,$9.07B,$19.22B,50.74%,$5603,$2347,$3256,$39,$104,$2506,$3097,$-111,$2986,$1027,$1959,$1964,$1549,$3345,$3097,$915,949,$1.67,$1.63,$3738,$3434,$254,$9851,$16785,$0,$328,$797,$19535,$29386,$3763,$4660,$3530,$11063,$14826,$107,$-2590,$-323,$14560,$29386,$5544,$1036,$723,$1759,$-680,$-593,$0,$-220,$-1030,$6273,$-1412,$0,$0,$0,$-500,$-500,$43,$-1869,$-1654,$0,$-1654,$81,$81,$-1796,$47,$-3322,$1082,$121,$-1701
32,2010-09-30,34.28,$14.57,2.35,$19.04,1.8,$10.69,3.21,$4.02,8.53,$9.08B,$3.27B,2.77,$4.68B,$13.72B,0.34,$17.99B,$8.79B,48.86%,$17.99B,$8.21B,45.64%,$17.99B,$8.21B,45.64%,$17.99B,$9.27B,51.54%,$17.99B,$7.58B,42.16%,$17.99B,$3.70B,20.54%,$3.70B,$13.72B,30.41%,$3.70B,$13.39B,31.28%,$3.70B,$27.95B,13.81%,$8.21B,$18.40B,47.36%,$5152,$2534,$2618,$35,$81,$2653,$2499,$-122,$2377,$845,$1532,$1533,$1178,$2767,$2499,$941,947,$1.25,$1.24,$3720,$3035,$208,$9078,$16461,$0,$330,$687,$18873,$27951,$3272,$4681,$3431,$10958,$14230,$59,$-3429,$-263,$13721,$27951,$3580,$788,$575,$1363,$-391,$-189,$0,$-209,$-725,$4218,$-877,$0,$0,$0,$0,$0,$20,$-857,$-1626,$0,$-1626,$-3,$-3,$-367,$-301,$-2297,$1064,$93,$-272
33,2010-06-30,23.63,$13.08,1.81,$17.99,1.31,$9.10,2.6,$3.81,6.2,$7.29B,$2.98B,2.45,$4.68B,$12.29B,0.38,$16.98B,$8.35B,49.17%,$16.98B,$7.80B,45.90%,$16.98B,$7.80B,45.90%,$16.98B,$8.84B,52.06%,$16.98B,$7.09B,41.76%,$16.98B,$3.44B,20.27%,$3.44B,$12.29B,30.72%,$3.44B,$11.96B,31.68%,$3.44B,$25.98B,13.14%,$7.80B,$16.98B,46.22%,$3864,$2301,$1563,$38,$101,$2440,$1424,$-163,$1261,$433,$828,$832,$649,$1634,$1424,$915,947,$0.71,$0.70,$3042,$2896,$111,$7293,$16272,$0,$333,$728,$18686,$25979,$2983,$4684,$3407,$10703,$13686,$59,$-4466,$-268,$12293,$25979,$2047,$520,$305,$825,$502,$-39,$0,$-106,$10,$2882,$-527,$0,$0,$0,$0,$0,$8,$-519,$-1620,$0,$-1620,$0,$0,$-225,$-132,$-1977,$386,$75,$-130
34,2010-03-31,33.33,$13.73,2.43,$17.82,1.87,$6.72,4.96,$3.80,8.77,$8.57B,$4.31B,1.99,$5.05B,$9.00B,0.56,$16.80B,$8.41B,50.03%,$16.80B,$7.88B,46.90%,$16.80B,$7.88B,46.90%,$16.80B,$8.94B,53.22%,$16.80B,$7.18B,42.72%,$16.80B,$3.38B,20.12%,$3.38B,$11.83B,32.70%,$3.38B,$11.50B,33.83%,$3.38B,$27.11B,13.07%,$7.88B,$16.88B,47.65%,$4363,$2189,$2174,$31,$95,$2315,$2048,$-160,$1888,$678,$1210,$1215,$897,$2358,$2048,$861,947,$1.04,$1.00,$3752,$2971,$110,$8566,$16175,$0,$336,$716,$18547,$27113,$4307,$5048,$3412,$10973,$15280,$55,$-4973,$-270,$11833,$27113,$1215,$310,$81,$391,$33,$-113,$0,$-70,$212,$1818,$-231,$0,$0,$0,$0,$0,$2,$-229,$-305,$0,$-305,$-10,$-10,$-115,$-63,$-493,$1096,$47,$-66
35,2009-12-31,31.97,$12.52,2.55,$16.46,1.94,$4.08,7.84,$2.86,11.2,$7.43B,$3.00B,2.48,$6.33B,$7.88B,0.8,$15.04B,$7.02B,46.68%,$15.04B,$6.50B,43.24%,$15.04B,$6.50B,43.24%,$15.04B,$7.52B,49.98%,$15.04B,$5.82B,38.67%,$15.04B,$2.53B,16.80%,$2.53B,$10.76B,26.88%,$2.53B,$10.41B,27.92%,$2.53B,$26.00B,10.10%,$6.50B,$17.09B,40.34%,$4610,$2175,$2435,$17,$96,$2371,$2239,$-181,$2058,$750,$1308,$1312,$971,$2513,$2239,$829,938,$1.17,$1.15,$2656,$2870,$104,$7433,$16195,$0,$347,$700,$18563,$25996,$3002,$6330,$3404,$12237,$15239,$98,$-5805,$-273,$10757,$25996,$3534,$1014,$522,$1536,$-962,$-159,$0,$184,$-673,$4397,$-1587,$0,$0,$0,$0,$0,$-14,$-1601,$-1050,$0,$-1050,$746,$746,$-229,$-479,$-1012,$1784,$102,$0
36,2009-09-30,27.32,$11.55,2.37,$14.25,1.92,$1.95,14.01,$-16.61,0.0,$7.41B,$3.16B,2.35,$6.58B,$7.06B,0.93,$12.50B,$3.31B,26.49%,$12.50B,$-14.03B,-112.25%,$12.50B,$-14.03B,-112.25%,$12.50B,$-12.81B,-102.51%,$12.50B,$-14.69B,-117.57%,$12.50B,$-12.38B,-99.04%,$-12.38B,$9.93B,-145.83%,$-12.38B,$9.59B,-152.20%,$-12.38B,$25.71B,-50.83%,$-14.03B,$16.51B,-90.82%,$4144,$1967,$2177,$19,$74,$2060,$2084,$-200,$1884,$684,$1200,$1203,$925,$2336,$2084,$832,944,$1.12,$1.04,$2269,$2916,$365,$7406,$16075,$0,$342,$588,$18299,$25705,$3157,$6578,$3376,$12614,$15771,$55,$-6711,$-224,$9934,$25705,$2222,$740,$343,$1083,$-754,$-244,$0,$148,$-455,$2850,$-1013,$0,$0,$0,$0,$0,$-133,$-1146,$-759,$0,$-759,$731,$731,$-181,$-98,$-307,$1397,$75,$0
37,2009-06-30,19.96,$10.72,1.86,$15.03,1.33,$1.39,14.35,$-16.99,0.0,$6.34B,$2.99B,2.12,$6.83B,$5.12B,1.33,$12.97B,$2.43B,18.76%,$12.97B,$-14.98B,-115.50%,$12.97B,$-14.98B,-115.50%,$12.97B,$-13.57B,-104.63%,$12.97B,$-15.60B,-120.26%,$12.97B,$-12.78B,-98.53%,$-12.78B,$8.83B,-116.06%,$-12.78B,$8.48B,-140.17%,$-12.78B,$24.62B,-44.96%,$-14.98B,$15.67B,-82.66%,$3684,$2065,$1619,$24,$89,$2176,$1508,$-161,$1347,$542,$805,$812,$588,$1734,$1508,$824,942,$0.72,$0.69,$1319,$2683,$269,$6336,$16092,$0,$355,$581,$18288,$24624,$2989,$6834,$3338,$12804,$15793,$53,$-7636,$-231,$8831,$24624,$1019,$488,$322,$810,$-803,$22,$0,$129,$-933,$896,$-797,$0,$0,$0,$0,$0,$-98,$-895,$-130,$0,$-130,$733,$733,$-120,$-37,$446,$447,$57,$0
38,2009-03-31,15.18,$9.81,1.55,$17.16,0.88,$1.89,8.01,$-16.56,0.0,$5.40B,$2.65B,2.04,$7.14B,$4.38B,1.63,$14.73B,$3.07B,20.87%,$14.73B,$-14.43B,-98.02%,$14.73B,$-14.43B,-98.02%,$14.73B,$-12.78B,-86.79%,$14.73B,$-15.01B,-101.92%,$14.73B,$-12.42B,-84.34%,$-12.42B,$8.08B,-89.70%,$-12.42B,$7.72B,-119.23%,$-12.42B,$23.71B,-37.80%,$-14.43B,$15.22B,-68.47%,$2602,$1813,$789,$30,$62,$1930,$672,$-145,$527,$331,$196,$207,$43,$934,$672,$800,802,$0.06,$0.06,$644,$2766,$280,$5400,$16211,$0,$359,$591,$18308,$23708,$2648,$7140,$3367,$12978,$15626,$53,$-8224,$-237,$8082,$23708,$207,$262,$192,$454,$-455,$-35,$0,$53,$-919,$-258,$-519,$0,$0,$0,$0,$0,$3,$-516,$-124,$0,$-124,$733,$733,$-60,$-3,$546,$-228,$33,$0
39,2008-12-31,9.73,$9.25,1.05,$20.23,0.48,$2.98,3.26,$-15.29,0.0,$5.23B,$3.16B,1.66,$7.28B,$3.39B,2.15,$17.80B,$4.82B,27.06%,$17.80B,$-12.71B,-71.42%,$17.80B,$-12.71B,-71.42%,$17.80B,$-10.85B,-60.98%,$17.80B,$-13.31B,-74.79%,$17.80B,$-11.34B,-63.73%,$-11.34B,$7.10B,-68.11%,$-11.34B,$6.74B,-97.06%,$-11.34B,$23.35B,-30.34%,$-12.71B,$14.39B,-52.99%,$2067,$3342,$-1275,$83,$-31,$20359,$-18292,$-159,$-18451,$-4471,$-13980,$-13981,$-13933,$-17815,$-18292,$763,763,$-18.25,$-17.96,$872,$2763,$0,$5233,$16002,$0,$364,$609,$18120,$23353,$3158,$7284,$3471,$13094,$16252,$51,$-8267,$-305,$7101,$23353,$-10450,$1858,$13043,$14901,$542,$-478,$0,$-207,$-1081,$3370,$-2708,$0,$0,$0,$0,$0,$390,$-2318,$124,$0,$124,$-478,$-478,$-948,$-504,$-1806,$-754,$98,$-693
40,2008-09-30,22.33,$26.49,0.84,$22.79,0.98,$7.74,2.88,$3.63,6.16,$6.45B,$3.54B,1.82,$7.19B,$16.05B,0.45,$19.91B,$7.45B,37.43%,$19.91B,$6.73B,33.82%,$19.91B,$6.73B,33.82%,$19.91B,$8.46B,42.48%,$19.91B,$6.20B,31.14%,$19.91B,$3.01B,15.10%,$3.01B,$20.03B,15.47%,$3.01B,$13.53B,23.28%,$3.01B,$42.01B,7.21%,$6.73B,$27.21B,25.18%,$4616,$3316,$1300,$77,$90,$3483,$1133,$-153,$980,$240,$740,$742,$523,$1578,$1133,$764,894,$0.69,$0.66,$1202,$3430,$153,$6448,$26482,$0,$6495,$1321,$35558,$42006,$3540,$7186,$3067,$18439,$21979,$50,$5666,$41,$20027,$42006,$3531,$1381,$-70,$1311,$-198,$-734,$0,$-165,$-1673,$3169,$-1929,$0,$0,$0,$0,$0,$58,$-1871,$-15,$0,$-15,$-478,$-478,$-695,$-534,$-1722,$-424,$113,$-504
41,2008-06-30,45.85,$26.27,1.75,$23.30,1.97,$10.60,4.33,$3.91,11.74,$7.17B,$3.18B,2.25,$7.33B,$16.20B,0.45,$20.36B,$8.20B,40.27%,$20.36B,$7.48B,36.72%,$20.36B,$7.48B,36.72%,$20.36B,$9.14B,44.88%,$20.36B,$7.00B,34.38%,$20.36B,$3.26B,16.00%,$3.26B,$20.17B,17.23%,$3.26B,$13.68B,26.22%,$3.26B,$42.35B,7.84%,$7.48B,$27.51B,28.13%,$5441,$3182,$2259,$80,$126,$3388,$2053,$-118,$1935,$658,$1277,$1284,$947,$2523,$2053,$768,900,$1.24,$1.13,$1648,$3231,$0,$7171,$26129,$0,$6496,$1337,$35177,$42348,$3184,$7333,$3057,$18992,$22176,$50,$5332,$42,$20172,$42348,$2789,$936,$60,$996,$-921,$-485,$0,$-18,$-2161,$1624,$-1076,$0,$0,$0,$0,$0,$-32,$-1108,$140,$0,$140,$22,$22,$-464,$-192,$-494,$22,$92,$-337
42,2008-03-31,37.49,$25.20,1.49,$23.35,1.61,$12.32,3.04,$4.09,9.17,$7.02B,$3.36B,2.09,$7.54B,$15.33B,0.49,$20.37B,$8.47B,41.60%,$20.37B,$7.78B,38.20%,$20.37B,$7.78B,38.20%,$20.37B,$9.36B,45.96%,$20.37B,$7.28B,35.73%,$20.37B,$3.42B,16.77%,$3.42B,$19.31B,18.76%,$3.42B,$12.79B,29.43%,$3.42B,$41.83B,8.30%,$7.78B,$26.84B,29.40%,$5672,$3140,$2532,$52,$84,$3276,$2396,$-169,$2227,$729,$1498,$1505,$1122,$2862,$2396,$766,898,$1.47,$1.32,$1831,$2960,$0,$7018,$25814,$0,$6512,$1331,$34810,$41828,$3356,$7535,$2986,$19166,$22522,$50,$4554,$43,$19306,$41828,$1505,$466,$47,$513,$-950,$-128,$0,$-36,$-1403,$615,$-508,$0,$0,$0,$0,$0,$21,$-487,$355,$0,$355,$-8,$-8,$-233,$-37,$77,$205,$47,$-169
43,2007-12-31,39.73,$23.80,1.67,$21.64,1.84,$13.28,2.99,$3.78,10.51,$5.90B,$3.87B,1.53,$7.18B,$14.26B,0.5,$16.94B,$7.17B,42.30%,$16.94B,$6.56B,38.70%,$16.94B,$6.56B,38.70%,$16.94B,$7.79B,45.96%,$16.94B,$6.11B,36.08%,$16.94B,$2.77B,16.35%,$2.77B,$18.23B,15.87%,$2.77B,$11.66B,26.04%,$2.77B,$40.66B,6.75%,$6.56B,$25.41B,24.47%,$4184,$2822,$1362,$58,$152,$3032,$1152,$-94,$1058,$525,$533,$1278,$414,$1497,$1152,$682,794,$0.50,$0.50,$1626,$2885,$0,$5903,$25715,$0,$6577,$1360,$34758,$40661,$3869,$7180,$2839,$18558,$22427,$50,$3601,$42,$18234,$40661,$3779,$1231,$124,$1355,$428,$272,$0,$-33,$1091,$6225,$-1755,$0,$-13313,$0,$0,$0,$207,$-14861,$5555,$0,$5555,$2802,$5605,$-596,$-1209,$9355,$719,$144,$-421
44,2007-09-30,40.57,$23.45,1.73,$20.09,2.02,$11.30,3.59,$4.25,9.55,$8.67B,$4.80B,1.81,$8.67B,$13.94B,0.62,$14.40B,$6.72B,46.65%,$14.40B,$6.27B,43.52%,$14.40B,$6.27B,43.52%,$14.40B,$7.29B,50.60%,$14.40B,$5.91B,41.03%,$14.40B,$2.78B,19.32%,$2.78B,$17.91B,20.59%,$2.78B,$11.58B,33.38%,$2.78B,$41.39B,8.63%,$6.27B,$26.58B,29.55%,$5066,$3018,$2048,$40,$131,$3189,$1877,$-96,$1781,$653,$1128,$826,$775,$2256,$1877,$764,894,$1.02,$0.94,$2377,$2749,$1231,$8674,$24020,$0,$6332,$1264,$32715,$41389,$4803,$8665,$1492,$18672,$23475,$50,$3355,$-1,$17914,$41389,$2499,$886,$873,$1759,$-299,$335,$0,$-9,$669,$4927,$-1138,$0,$-13907,$0,$0,$0,$79,$-14966,$7090,$0,$7090,$2801,$5604,$-413,$-681,$11600,$1470,$115,$-301
45,2007-06-30,31.93,$22.73,1.4,$18.12,1.76,$9.08,3.52,$4.15,7.69,$7.46B,$4.02B,1.85,$9.64B,$13.39B,0.72,$10.97B,$5.45B,49.71%,$10.97B,$5.12B,46.72%,$10.97B,$5.12B,46.72%,$10.97B,$5.82B,53.10%,$10.97B,$4.84B,44.15%,$10.97B,$2.36B,21.49%,$2.36B,$17.37B,24.49%,$2.36B,$10.38B,39.07%,$2.36B,$40.63B,10.17%,$5.12B,$27.00B,33.41%,$5443,$2914,$2529,$40,$135,$3089,$2354,$-143,$2211,$764,$1447,$1140,$1104,$2745,$2354,$762,892,$1.45,$1.31,$2078,$2707,$0,$7455,$24302,$0,$6992,$1355,$33179,$40634,$4020,$9637,$1230,$19247,$23267,$50,$2818,$16,$17367,$40634,$1661,$507,$704,$1211,$-557,$197,$0,$48,$-122,$2750,$-672,$0,$-13906,$0,$0,$0,$90,$-14488,$8076,$0,$8076,$2792,$5595,$-212,$-550,$12909,$1171,$80,$-182
46,2007-03-31,25.4,$21.36,1.19,$15.23,1.67,$7.35,3.46,$3.71,6.85,$8.55B,$3.63B,2.36,$11.84B,$12.32B,0.96,$6.95B,$3.70B,53.23%,$6.95B,$3.51B,50.48%,$6.95B,$3.51B,50.48%,$6.95B,$3.86B,55.56%,$6.95B,$3.37B,48.41%,$6.95B,$1.62B,23.31%,$1.62B,$16.30B,28.08%,$1.62B,$8.92B,41.28%,$1.62B,$41.43B,11.33%,$3.51B,$28.14B,37.67%,$2246,$1019,$1227,$7,$48,$1074,$1172,$-111,$1061,$458,$603,$489,$476,$1288,$1172,$434,488,$1.10,$1.01,$3127,$2931,$0,$8554,$23730,$0,$7379,$1339,$32880,$41434,$3626,$11837,$0,$21510,$25135,$50,$1834,$-3,$16299,$41434,$493,$116,$262,$378,$-398,$81,$0,$1,$-202,$669,$-142,$0,$-13888,$0,$0,$0,$0,$-14030,$10315,$0,$10315,$2771,$5574,$-78,$-231,$15580,$2219,$26,$-63
47,2006-12-31,21.26,$6.21,3.43,$13.08,1.63,$5.87,3.62,$3.32,6.41,$2.15B,$0.97B,2.21,$0.66B,$1.35B,0.49,$5.79B,$3.04B,52.46%,$5.79B,$2.87B,49.54%,$5.79B,$2.87B,49.54%,$5.79B,$3.15B,54.38%,$5.79B,$2.82B,48.70%,$5.79B,$1.40B,24.11%,$1.40B,$2.45B,64.63%,$1.40B,$2.45B,64.63%,$1.40B,$5.39B,27.14%,$2.87B,$3.11B,95.66%,$1643,$731,$912,$2,$46,$780,$863,$-9,$854,$365,$489,$442,$426,$996,$863,$382,442,$1.09,$1.00,$907,$724,$0,$2151,$3099,$0,$0,$140,$3239,$5390,$973,$661,$298,$1972,$2945,$31,$1415,$-20,$2445,$5390,$1457,$280,$243,$523,$196,$-146,$0,$-27,$-114,$1866,$-251,$0,$-5,$0,$0,$0,$32,$-224,$-291,$0,$-291,$-85,$-85,$-977,$-146,$-1499,$143,$55,$-916
