,Date,Stock Price,Book Value per Share,Price to Book Ratio,TTM Sales per Share,Price to Sales Ratio,TTM FCF per Share,Price to FCF Ratio,TTM Net EPS,PE Ratio,Current Assets,Current Liabilities,Current Ratio,Long Term Debt,Shareholder's Equity_x,Debt to Equity Ratio,TTM Revenue_x,TTM Gross Profit,Gross Margin,TTM Revenue_y,TTM Operating Income,Operating Margin,TTM Revenue_x,TTM EBIT,EBIT Margin,TTM Revenue_y,TTM EBITDA,EBITDA Margin,TTM Revenue_x,TTM Pre-Tax Income,Pre-Tax Margin,TTM Revenue_y,TTM Net Income_x,Net Margin,TTM Net Income_y,Shareholder's Equity_y,Return on Equity,TTM Net Income_x,Tangible Equity,Return on Tangible Equity,TTM Net Income_y,Total Assets,Return on Assets,TTM Net Income,LT Investments & Debt,Return on Investment,revenue,cost-goods-sold,gross-profit,research-development-expenses,selling-general-administrative-expenses,operating-expenses,operating-income,total-non-operating-income-expense,pre-tax-income,total-provision-income-taxes,income-after-taxes,income-from-continuous-operations,net-income,ebitda,ebit,basic-shares-outstanding,shares-outstanding,eps-basic-net-earnings-per-share,eps-earnings-per-share-diluted,cash-on-hand,inventory,other-current-assets,total-current-assets,net-property-plant-equipment,long-term-investments,goodwill-intangible-assets-total,other-long-term-assets,total-long-term-assets,total-assets,total-current-liabilities,long-term-debt,other-non-current-liabilities,total-long-term-liabilities,total-liabilities,common-stock-net,retained-earnings-accumulated-deficit,comprehensive-income,total-share-holder-equity,total-liabilities-share-holders-equity,net-income-loss,total-depreciation-amortization-cash-flow,other-non-cash-items,total-non-cash-items,change-in-accounts-receivable,change-in-inventories,change-in-accounts-payable,change-in-assets-liabilities,total-change-in-assets-liabilities,cash-flow-from-operating-activities,net-change-in-property-plant-equipment,net-change-in-intangible-assets,net-acquisitions-divestitures,net-change-in-short-term-investments,net-change-in-long-term-investments,net-change-in-investments-total,investing-activities-other,cash-flow-from-investing-activities,net-long-term-debt,net-current-debt,debt-issuance-retirement-net-total,net-common-equity-issued-repurchased,net-total-equity-issued-repurchased,total-common-preferred-stock-dividends-paid,financial-activities-other,cash-flow-from-financial-activities,net-cash-flow,stock-based-compensation,common-stock-dividends-paid
0,2018-09-30,24.47,$7.33,3.34,$10.78,2.27,$5.07,4.83,$1.89,12.95,$23.71B,$23.17B,1.02,$16.95B,$6.87B,2.47,$10.25B,$7.21B,70.38%,$10.25B,$1.87B,18.20%,$10.25B,$1.87B,18.20%,$10.25B,$2.95B,28.76%,$10.25B,$1.15B,11.17%,$10.25B,$1.79B,17.47%,$1.79B,$6.87B,28.10%,$1.79B,$-14.42B,-11.76%,$1.79B,$47.60B,3.86%,$1.87B,$23.82B,7.77%,$2369,$741,$1628,$0,$665,$1894,$475,$-31,$444,$54,$390,$448,$401,$745,$475,$932,965,$0.43,$0.42,$601,$0,$21045,$23711,$890,$1040,$21284,$678,$23892,$47603,$23171,$16949,$513,$17566,$40737,$10,$-8229,$-1202,$6866,$47603,$984,$816,$122,$938,$92,$0,$-163,$-48,$-113,$1809,$-226,$0,$532,$0,$26,$26,$-274,$58,$-619,$-877,$-1496,$0,$0,$-193,$-50,$-1739,$104,$192,$-193
1,2018-06-30,20.93,$6.86,3.05,$11.59,1.81,$4.89,4.28,$1.78,11.76,$20.20B,$19.56B,1.03,$17.72B,$6.41B,2.77,$10.96B,$7.87B,71.81%,$10.96B,$1.81B,16.49%,$10.96B,$1.81B,16.49%,$10.96B,$2.90B,26.47%,$10.96B,$0.88B,8.03%,$10.96B,$1.69B,15.39%,$1.69B,$6.41B,28.58%,$1.69B,$-15.08B,-10.76%,$1.69B,$44.45B,3.75%,$1.81B,$24.12B,7.61%,$2448,$751,$1697,$0,$683,$1910,$538,$-233,$305,$-37,$342,$402,$341,$813,$538,$928,954,$0.37,$0.36,$544,$0,$17457,$20201,$866,$1049,$21489,$842,$24246,$44447,$19556,$17717,$597,$18484,$38040,$9,$-8630,$-1224,$6407,$44447,$536,$546,$144,$690,$50,$0,$-139,$-1,$-88,$1138,$-139,$0,$-17,$0,$26,$26,$-160,$-290,$-246,$-364,$-610,$0,$0,$-128,$-46,$-784,$46,$133,$-128
2,2018-03-31,16.0,$6.69,2.39,$12.25,1.31,$4.78,3.35,$1.62,9.88,$20.49B,$20.23B,1.01,$17.91B,$6.21B,2.88,$11.53B,$8.41B,72.95%,$11.53B,$1.74B,15.05%,$11.53B,$1.74B,15.05%,$11.53B,$2.82B,24.47%,$11.53B,$0.79B,6.84%,$11.53B,$1.53B,13.27%,$1.53B,$6.21B,28.18%,$1.53B,$-15.59B,-9.65%,$1.53B,$45.42B,3.58%,$1.74B,$24.12B,7.44%,$2282,$779,$1503,$0,$647,$1934,$348,$-236,$112,$27,$85,$134,$101,$619,$348,$923,946,$0.11,$0.11,$586,$0,$17842,$20490,$951,$1067,$21806,$1101,$24925,$45415,$20229,$17908,$905,$18974,$39203,$9,$-8971,$-1049,$6212,$45415,$134,$271,$141,$412,$136,$0,$-128,$-14,$-12,$534,$-70,$0,$-17,$0,$14,$14,$-70,$-143,$-53,$-153,$-206,$0,$0,$-52,$-46,$-304,$90,$74,$-52
3,2017-12-31,16.71,$6.50,2.57,$12.84,1.3,$4.68,3.57,$1.55,10.78,$23.37B,$23.29B,1.0,$17.93B,$6.01B,2.98,$12.05B,$8.93B,74.10%,$12.05B,$1.71B,14.22%,$12.05B,$1.71B,14.22%,$12.05B,$2.79B,23.12%,$12.05B,$0.71B,5.92%,$12.05B,$1.47B,12.16%,$1.47B,$6.01B,29.62%,$1.47B,$-15.82B,-9.17%,$1.47B,$48.27B,3.65%,$1.71B,$23.94B,7.48%,$3150,$765,$2385,$0,$568,$2646,$504,$-220,$284,$-663,$947,$1002,$948,$771,$504,$916,940,$1.04,$1.01,$498,$0,$20698,$23372,$951,$1054,$21829,$1063,$24897,$48269,$23293,$17927,$886,$18962,$42255,$9,$-9059,$-1144,$6014,$48269,$1664,$1073,$-360,$713,$-196,$0,$-82,$-36,$-330,$2047,$-271,$0,$-1519,$0,$90,$90,$-250,$-1950,$-441,$823,$382,$50,$50,$-260,$-163,$9,$113,$245,$-260
4,2017-09-30,18.04,$5.38,3.35,$12.69,1.42,$4.87,3.7,$0.76,23.74,$17.89B,$17.55B,1.02,$17.80B,$4.96B,3.59,$11.85B,$8.69B,73.34%,$11.85B,$1.69B,14.27%,$11.85B,$1.69B,14.27%,$11.85B,$2.76B,23.33%,$11.85B,$0.64B,5.42%,$11.85B,$0.71B,5.99%,$0.71B,$4.96B,15.84%,$0.71B,$-16.20B,-4.42%,$0.71B,$41.65B,1.86%,$1.69B,$22.76B,7.51%,$3076,$794,$2282,$0,$565,$2659,$417,$-238,$179,$-106,$285,$340,$296,$697,$417,$918,944,$0.32,$0.31,$502,$0,$15474,$17886,$911,$965,$21160,$723,$23759,$41645,$17545,$17795,$857,$19136,$36681,$9,$-10095,$-1107,$4964,$41645,$662,$806,$276,$1082,$60,$0,$-186,$8,$-162,$1582,$-198,$0,$-760,$0,$90,$90,$-192,$-1060,$-515,$415,$-100,$0,$0,$-203,$-107,$-410,$114,$183,$-203
5,2017-06-30,18.2,$4.91,3.71,$12.61,1.44,$5.02,3.62,$0.59,30.85,$12.58B,$11.75B,1.07,$18.03B,$4.53B,3.98,$11.71B,$8.54B,72.99%,$11.71B,$1.73B,14.75%,$11.71B,$1.73B,14.75%,$11.71B,$2.79B,23.80%,$11.71B,$0.62B,5.31%,$11.71B,$0.55B,4.66%,$0.55B,$4.53B,12.89%,$0.55B,$-15.83B,-3.38%,$0.55B,$35.61B,1.50%,$1.73B,$22.56B,7.70%,$3025,$782,$2243,$0,$520,$2558,$467,$-253,$214,$28,$186,$243,$185,$735,$467,$915,938,$0.20,$0.20,$493,$0,$10293,$12577,$914,$988,$20360,$766,$23028,$35605,$11754,$18033,$809,$19323,$31077,$9,$-10391,$-1207,$4528,$35605,$322,$526,$260,$786,$110,$0,$-165,$-19,$-107,$1001,$-123,$0,$-85,$0,$90,$90,$-123,$-241,$-263,$-160,$-423,$0,$0,$-126,$-113,$-662,$106,$121,$-126
6,2017-03-31,15.5,$4.66,3.33,$12.59,1.23,$4.96,3.13,$0.56,27.68,$12.06B,$11.34B,1.06,$18.12B,$4.28B,4.24,$11.61B,$8.44B,72.74%,$11.61B,$1.69B,14.56%,$11.61B,$1.69B,14.56%,$11.61B,$2.75B,23.66%,$11.61B,$0.58B,5.01%,$11.61B,$0.51B,4.41%,$0.51B,$4.28B,12.70%,$0.51B,$-16.04B,-3.13%,$0.51B,$35.02B,1.42%,$1.69B,$22.40B,7.53%,$2801,$781,$2020,$0,$525,$2475,$326,$-290,$36,$12,$24,$79,$36,$584,$326,$910,931,$0.04,$0.04,$503,$0,$9799,$12055,$924,$982,$20315,$741,$22962,$35017,$11339,$18123,$793,$19401,$30740,$9,$-10576,$-1238,$4277,$35017,$79,$258,$168,$426,$136,$0,$-170,$-26,$-84,$421,$-58,$0,$0,$0,$0,$0,$-58,$-116,$-156,$119,$-37,$0,$0,$-43,$-107,$-187,$118,$65,$-43
7,2016-12-31,14.19,$4.53,3.13,$12.68,1.12,$4.94,2.87,$0.46,30.85,$17.42B,$16.72B,1.04,$18.13B,$4.13B,4.39,$11.58B,$8.39B,72.44%,$11.58B,$1.60B,13.83%,$11.58B,$1.60B,13.83%,$11.58B,$2.66B,22.99%,$11.58B,$0.48B,4.15%,$11.58B,$0.42B,3.63%,$0.42B,$4.13B,10.87%,$0.42B,$-16.10B,-2.53%,$0.42B,$40.29B,1.18%,$1.60B,$22.26B,7.14%,$2943,$801,$2142,$0,$472,$2463,$480,$-267,$213,$24,$189,$251,$192,$748,$480,$902,921,$0.21,$0.21,$385,$0,$15155,$17417,$883,$988,$20235,$769,$22875,$40292,$16717,$18131,$831,$19444,$36161,$9,$-10524,$-1414,$4131,$40292,$660,$1061,$374,$1435,$-81,$0,$35,$61,$16,$2111,$-194,$0,$32,$0,$0,$0,$-225,$-387,$-1540,$205,$-1335,$23,$23,$-316,$-106,$-1734,$-44,$263,$-316
8,2016-09-30,13.16,$4.36,3.02,$24.92,0.53,$5.62,2.34,$-1.35,0.0,$11.35B,$10.64B,1.07,$18.51B,$3.97B,4.66,$11.61B,$8.30B,71.51%,$11.61B,$1.22B,10.52%,$11.61B,$1.22B,10.52%,$11.61B,$2.30B,19.85%,$11.61B,$-0.90B,-7.78%,$11.61B,$-0.99B,-8.52%,$-0.99B,$3.97B,-26.39%,$-0.99B,$-16.49B,5.86%,$-0.99B,$34.44B,-2.89%,$1.22B,$22.49B,5.43%,$2936,$798,$2138,$0,$499,$2482,$454,$-296,$158,$24,$134,$200,$132,$719,$454,$905,923,$0.15,$0.14,$475,$0,$9165,$11354,$896,$1003,$20463,$728,$23090,$34444,$10638,$18514,$836,$19833,$30471,$9,$-10804,$-1265,$3973,$34444,$409,$793,$345,$1138,$115,$0,$5,$20,$113,$1660,$-168,$0,$-6,$0,$0,$0,$-164,$-338,$-1167,$234,$-933,$0,$0,$-240,$-85,$-1258,$46,$214,$-240
