,Date,Stock Price,Book Value per Share,Price to Book Ratio,TTM Sales per Share,Price to Sales Ratio,TTM FCF per Share,Price to FCF Ratio,TTM Net EPS,PE Ratio,Current Assets,Current Liabilities,Current Ratio,Long Term Debt,Shareholder's Equity_x,Debt to Equity Ratio,TTM Revenue_x,TTM Gross Profit,Gross Margin,TTM Revenue_y,TTM Operating Income,Operating Margin,TTM Revenue_x,TTM EBIT,EBIT Margin,TTM Revenue_y,TTM EBITDA,EBITDA Margin,TTM Revenue_x,TTM Pre-Tax Income,Pre-Tax Margin,TTM Revenue_y,TTM Net Income_x,Net Margin,TTM Net Income_y,Shareholder's Equity_y,Return on Equity,TTM Net Income_x,Tangible Equity,Return on Tangible Equity,TTM Net Income_y,Total Assets,Return on Assets,TTM Net Income,LT Investments & Debt,Return on Investment,revenue,cost-goods-sold,gross-profit,research-development-expenses,selling-general-administrative-expenses,operating-expenses,operating-income,total-non-operating-income-expense,pre-tax-income,total-provision-income-taxes,income-after-taxes,income-from-continuous-operations,net-income,ebitda,ebit,basic-shares-outstanding,shares-outstanding,eps-basic-net-earnings-per-share,eps-earnings-per-share-diluted,cash-on-hand,inventory,other-current-assets,total-current-assets,net-property-plant-equipment,long-term-investments,goodwill-intangible-assets-total,other-long-term-assets,total-long-term-assets,total-assets,total-current-liabilities,long-term-debt,other-non-current-liabilities,total-long-term-liabilities,total-liabilities,common-stock-net,retained-earnings-accumulated-deficit,comprehensive-income,total-share-holder-equity,total-liabilities-share-holders-equity,net-income-loss,total-depreciation-amortization-cash-flow,other-non-cash-items,total-non-cash-items,change-in-accounts-receivable,change-in-inventories,change-in-accounts-payable,change-in-assets-liabilities,total-change-in-assets-liabilities,cash-flow-from-operating-activities,net-change-in-property-plant-equipment,net-change-in-intangible-assets,net-acquisitions-divestitures,net-change-in-short-term-investments,net-change-in-long-term-investments,net-change-in-investments-total,investing-activities-other,cash-flow-from-investing-activities,net-long-term-debt,net-current-debt,debt-issuance-retirement-net-total,net-common-equity-issued-repurchased,net-total-equity-issued-repurchased,total-common-preferred-stock-dividends-paid,financial-activities-other,cash-flow-from-financial-activities,net-cash-flow,stock-based-compensation,common-stock-dividends-paid
0,2018-09-30,17.0,$3.31,5.14,$4.23,4.02,$-0.76,0.0,$-1.45,0.0,$1.32B,$0.65B,2.02,$0.95B,$0.65B,1.46,$0.79B,$0.52B,65.87%,$0.79B,$-0.22B,-28.32%,$0.79B,$-0.22B,-28.32%,$0.79B,$-0.13B,-16.56%,$0.79B,$-0.28B,-35.15%,$0.79B,$-0.28B,-35.90%,$-0.28B,$0.65B,-44.34%,$-0.28B,$-0.51B,53.74%,$-0.28B,$2.64B,-11.21%,$-0.22B,$1.60B,-14.88%,$212,$67,$144,$62,$119,$248,$-36,$-12,$-48,$2,$-50,$-50,$-50,$-14,$-36,$192,192,$-0.26,$-0.26,$1088,$6,$0,$1321,$86,$0,$1155,$74,$1316,$2637,$653,$951,$24,$1333,$1986,$0,$-2301,$-3,$651,$2637,$-195,$67,$121,$188,$16,$-4,$-7,$-24,$-6,$-13,$-37,$0,$-6,$24,$0,$24,$0,$-19,$298,$0,$298,$-49,$-49,$0,$0,$249,$216,$118,$0
1,2018-06-30,15.39,$3.39,4.54,$4.23,3.64,$-0.73,0.0,$-1.60,0.0,$1.30B,$0.64B,2.04,$0.94B,$0.66B,1.42,$0.78B,$0.51B,65.08%,$0.78B,$-0.25B,-31.70%,$0.78B,$-0.25B,-31.70%,$0.78B,$-0.15B,-19.20%,$0.78B,$-0.30B,-38.40%,$0.78B,$-0.30B,-39.05%,$-0.30B,$0.66B,-45.26%,$-0.30B,$-0.51B,60.00%,$-0.30B,$2.61B,-12.37%,$-0.25B,$1.60B,-16.52%,$203,$67,$135,$64,$120,$251,$-49,$-23,$-71,$1,$-73,$-73,$-73,$-26,$-49,$190,190,$-0.38,$-0.38,$1075,$7,$0,$1296,$81,$0,$1168,$69,$1319,$2614,$637,$939,$24,$1317,$1954,$0,$-2251,$-3,$660,$2614,$-145,$45,$71,$115,$25,$-2,$-4,$-24,$-6,$-35,$-27,$0,$-6,$-10,$0,$-10,$0,$-42,$298,$0,$298,$-50,$-50,$0,$0,$248,$170,$81,$0
2,2018-03-31,16.93,$3.23,5.25,$4.25,3.99,$-0.67,0.0,$-1.62,0.0,$1.10B,$0.64B,1.71,$0.79B,$0.62B,1.27,$0.77B,$0.49B,64.58%,$0.77B,$-0.25B,-33.20%,$0.77B,$-0.25B,-33.20%,$0.77B,$-0.15B,-20.13%,$0.77B,$-0.29B,-38.43%,$0.77B,$-0.30B,-38.95%,$-0.30B,$0.62B,-42.42%,$-0.30B,$-0.56B,62.34%,$-0.30B,$2.43B,-12.59%,$-0.25B,$1.41B,-17.19%,$199,$68,$131,$66,$126,$260,$-61,$-10,$-71,$1,$-72,$-72,$-72,$-38,$-61,$186,186,$-0.39,$-0.39,$886,$7,$0,$1099,$77,$0,$1181,$70,$1327,$2426,$642,$789,$23,$1165,$1807,$0,$-2178,$-4,$619,$2426,$-72,$22,$53,$76,$43,$-1,$-5,$-29,$6,$9,$-14,$0,$-6,$-5,$-0,$-5,$0,$-25,$0,$0,$0,$3,$3,$0,$0,$3,$-13,$42,$0
3,2017-12-31,14.2,$3.38,4.2,$4.25,3.34,$-0.79,0.0,$-1.71,0.0,$1.14B,$0.66B,1.73,$0.78B,$0.63B,1.23,$0.75B,$0.48B,64.18%,$0.75B,$-0.26B,-34.49%,$0.75B,$-0.26B,-34.49%,$0.75B,$-0.16B,-20.77%,$0.75B,$-0.30B,-39.81%,$0.75B,$-0.30B,-40.35%,$-0.30B,$0.63B,-40.43%,$-0.30B,$-0.54B,69.18%,$-0.30B,$2.46B,-12.98%,$-0.26B,$1.41B,-17.10%,$177,$66,$111,$60,$129,$255,$-78,$-10,$-88,$1,$-89,$-89,$-89,$-53,$-78,$178,178,$-0.48,$-0.48,$897,$6,$0,$1143,$71,$0,$1172,$73,$1316,$2459,$661,$780,$22,$1165,$1827,$0,$-2106,$-3,$632,$2459,$-304,$103,$210,$313,$-21,$-3,$6,$27,$8,$18,$-44,$0,$-4,$-8,$-3,$-11,$0,$-59,$0,$0,$0,$39,$39,$0,$-40,$-1,$-43,$166,$0
4,2017-09-30,16.77,$4.16,4.03,$4.39,3.82,$-0.95,0.0,$-1.66,0.0,$1.04B,$0.52B,1.99,$0.77B,$0.77B,1.0,$0.76B,$0.49B,64.82%,$0.76B,$-0.23B,-30.30%,$0.76B,$-0.23B,-30.30%,$0.76B,$-0.12B,-16.34%,$0.76B,$-0.27B,-35.97%,$0.76B,$-0.28B,-36.36%,$-0.28B,$0.77B,-34.42%,$-0.28B,$-0.41B,69.30%,$-0.28B,$2.30B,-11.92%,$-0.23B,$1.54B,-14.76%,$197,$69,$128,$64,$122,$255,$-58,$-10,$-68,$1,$-69,$-69,$-69,$-32,$-58,$180,180,$-0.39,$-0.39,$879,$5,$0,$1041,$67,$0,$1178,$10,$1255,$2296,$523,$770,$15,$1007,$1530,$0,$-1917,$-1,$767,$2296,$-215,$79,$159,$237,$4,$-2,$-1,$-41,$-38,$-16,$-26,$0,$0,$-8,$-0,$-8,$0,$-34,$0,$0,$0,$27,$27,$0,$-40,$-13,$-63,$125,$0
5,2017-06-30,15.21,$4.35,3.49,$4.42,3.44,$-1.02,0.0,$-2.00,0.0,$1.02B,$0.49B,2.07,$0.76B,$0.79B,0.96,$0.75B,$0.48B,64.30%,$0.75B,$-0.28B,-37.83%,$0.75B,$-0.28B,-37.83%,$0.75B,$-0.17B,-23.26%,$0.75B,$-0.33B,-43.72%,$0.75B,$-0.33B,-44.12%,$-0.33B,$0.79B,-40.00%,$-0.33B,$-0.40B,84.56%,$-0.33B,$2.29B,-14.09%,$-0.28B,$1.55B,-18.01%,$192,$68,$124,$61,$120,$249,$-57,$-10,$-67,$1,$-68,$-68,$-68,$-31,$-57,$177,177,$-0.39,$-0.39,$871,$6,$0,$1024,$60,$0,$1193,$9,$1262,$2286,$494,$761,$15,$999,$1493,$0,$-1844,$-1,$792,$2286,$-146,$53,$106,$158,$16,$-1,$4,$-51,$-41,$-28,$-17,$0,$0,$-6,$-0,$-6,$0,$-23,$0,$0,$0,$22,$22,$0,$-40,$-18,$-69,$83,$0
6,2017-03-31,12.61,$4.54,2.78,$4.42,2.86,$-1.11,0.0,$-2.46,0.0,$1.02B,$0.49B,2.06,$0.75B,$0.81B,0.93,$0.73B,$0.47B,63.61%,$0.73B,$-0.35B,-48.43%,$0.73B,$-0.35B,-48.43%,$0.73B,$-0.24B,-32.83%,$0.73B,$-0.40B,-54.58%,$0.73B,$-0.40B,-54.86%,$-0.40B,$0.81B,-46.61%,$-0.40B,$-0.40B,108.23%,$-0.40B,$2.30B,-16.88%,$-0.35B,$1.56B,-22.16%,$185,$66,$119,$58,$127,$251,$-66,$-10,$-76,$1,$-77,$-77,$-77,$-40,$-66,$172,172,$-0.45,$-0.45,$875,$6,$0,$1017,$61,$0,$1208,$10,$1279,$2296,$494,$751,$8,$995,$1489,$0,$-1773,$-1,$807,$2296,$-77,$26,$55,$82,$22,$-1,$3,$-38,$-22,$-17,$-8,$0,$0,$-0,$-0,$-0,$0,$-9,$0,$0,$0,$4,$4,$0,$-39,$-35,$-60,$44,$0
7,2016-12-31,11.9,$4.82,2.47,$4.40,2.7,$-1.19,0.0,$-2.96,0.0,$1.09B,$0.54B,2.03,$0.74B,$0.84B,0.88,$0.71B,$0.44B,62.04%,$0.71B,$-0.44B,-62.18%,$0.71B,$-0.44B,-62.18%,$0.71B,$-0.33B,-45.66%,$0.71B,$-0.49B,-68.49%,$0.71B,$-0.48B,-67.23%,$-0.48B,$0.84B,-52.89%,$-0.48B,$-0.38B,142.33%,$-0.48B,$2.38B,-19.85%,$-0.44B,$1.58B,-27.14%,$185,$64,$121,$55,$115,$234,$-49,$-13,$-62,$-0,$-62,$-62,$-62,$-21,$-49,$163,163,$-0.35,$-0.35,$936,$6,$0,$1088,$62,$0,$1222,$11,$1295,$2383,$536,$742,$7,$1005,$1542,$0,$-1690,$-2,$841,$2383,$-480,$119,$235,$354,$62,$1,$-19,$103,$111,$-15,$-36,$0,$-205,$52,$-0,$52,$0,$-190,$-9,$0,$-9,$36,$36,$0,$-1,$26,$-178,$199,$0
8,2016-09-30,14.73,$5.03,2.93,$4.47,3.3,$-1.00,0.0,$-3.46,0.0,$1.09B,$0.55B,1.98,$0.73B,$0.86B,0.85,$0.71B,$0.44B,62.18%,$0.71B,$-0.52B,-72.69%,$0.71B,$-0.52B,-72.69%,$0.71B,$-0.40B,-55.88%,$0.71B,$-0.56B,-78.71%,$0.71B,$-0.55B,-77.59%,$-0.55B,$0.86B,-57.81%,$-0.55B,$-0.38B,249.55%,$-0.55B,$2.40B,-22.77%,$-0.52B,$1.59B,-30.93%,$186,$69,$117,$63,$144,$298,$-111,$-11,$-122,$1,$-123,$-123,$-123,$-82,$-111,$165,165,$-0.75,$-0.75,$926,$8,$0,$1086,$67,$0,$1238,$11,$1317,$2403,$547,$733,$8,$995,$1543,$0,$-1629,$-0,$860,$2403,$-419,$91,$192,$283,$60,$3,$-12,$62,$115,$-22,$-28,$0,$-205,$63,$-0,$63,$0,$-170,$-9,$0,$-9,$23,$23,$0,$-1,$13,$-178,$168,$0
9,2016-06-30,16.47,$5.50,2.99,$4.41,3.74,$-0.76,0.0,$-3.59,0.0,$1.08B,$0.51B,2.13,$0.72B,$0.93B,0.78,$0.69B,$0.43B,62.10%,$0.69B,$-0.53B,-76.51%,$0.69B,$-0.53B,-76.51%,$0.69B,$-0.41B,-59.37%,$0.69B,$-0.58B,-82.85%,$0.69B,$-0.57B,-81.70%,$-0.57B,$0.93B,-55.55%,$-0.57B,$-0.32B,603.19%,$-0.57B,$2.42B,-23.23%,$-0.53B,$1.66B,-30.67%,$175,$67,$108,$76,$155,$303,$-128,$-11,$-139,$0,$-139,$-139,$-139,$-97,$-128,$162,162,$-0.86,$-0.86,$917,$10,$0,$1080,$73,$0,$1254,$12,$1340,$2420,$508,$724,$10,$979,$1487,$0,$-1505,$0,$933,$2420,$-295,$61,$131,$192,$60,$2,$-7,$33,$67,$-36,$-21,$0,$-205,$35,$-0,$34,$0,$-192,$-9,$0,$-9,$19,$19,$0,$-1,$9,$-218,$122,$0
10,2016-03-31,17.99,$5.99,3.0,$4.28,4.2,$-0.33,0.0,$-3.60,0.0,$1.11B,$0.51B,2.18,$0.72B,$1.00B,0.72,$0.67B,$0.41B,62.16%,$0.67B,$-0.53B,-79.73%,$0.67B,$-0.53B,-79.73%,$0.67B,$-0.42B,-62.46%,$0.67B,$-0.57B,-85.44%,$0.67B,$-0.56B,-84.38%,$-0.56B,$1.00B,-51.88%,$-0.56B,$-0.27B,-1617.27%,$-0.56B,$2.47B,-23.00%,$-0.53B,$1.71B,-29.74%,$168,$71,$97,$86,$165,$324,$-156,$-10,$-166,$-10,$-156,$-156,$-156,$-126,$-156,$159,159,$-0.98,$-0.98,$921,$11,$0,$1108,$81,$0,$1265,$12,$1358,$2466,$509,$715,$9,$961,$1470,$0,$-1366,$-0,$996,$2466,$-156,$31,$63,$93,$43,$2,$-3,$6,$40,$-23,$-14,$0,$-205,$23,$-1,$22,$0,$-197,$-9,$0,$-9,$3,$3,$0,$-1,$-7,$-227,$64,$0
11,2015-12-31,20.74,$6.46,3.21,$4.05,5.12,$-0.21,0.0,$-3.50,0.0,$1.39B,$0.46B,3.03,$0.71B,$1.04B,0.68,$0.62B,$0.39B,62.60%,$0.62B,$-0.51B,-81.38%,$0.62B,$-0.51B,-81.38%,$0.62B,$-0.40B,-63.56%,$0.62B,$-0.54B,-86.04%,$0.62B,$-0.54B,-86.68%,$-0.54B,$1.04B,-47.82%,$-0.54B,$0.08B,-368.60%,$-0.54B,$2.44B,-23.96%,$-0.51B,$1.75B,-30.68%,$185,$63,$122,$72,$173,$308,$-124,$-11,$-135,$2,$-136,$-136,$-136,$-94,$-124,$154,154,$-0.87,$-0.87,$1170,$14,$0,$1387,$78,$0,$965,$11,$1054,$2441,$458,$706,$11,$939,$1397,$0,$-1207,$-2,$1044,$2441,$-539,$112,$246,$357,$19,$-8,$8,$178,$219,$37,$-55,$0,$0,$-519,$-3,$-522,$0,$-577,$0,$0,$0,$-99,$798,$0,$-2,$795,$256,$222,$0
12,2015-09-30,31.82,$6.92,4.6,$3.86,8.25,$-1.49,0.0,$-3.35,0.0,$1.38B,$0.40B,3.42,$0.70B,$1.11B,0.63,$0.58B,$0.36B,61.62%,$0.58B,$-0.50B,-85.71%,$0.58B,$-0.50B,-85.71%,$0.58B,$-0.39B,-67.13%,$0.58B,$-0.52B,-88.98%,$0.58B,$-0.51B,-87.78%,$-0.51B,$1.11B,-43.18%,$-0.51B,$0.13B,-273.83%,$-0.51B,$2.44B,-24.48%,$-0.50B,$1.81B,-32.60%,$166,$62,$104,$73,$154,$289,$-123,$-12,$-135,$1,$-136,$-136,$-136,$-95,$-123,$155,155,$-0.88,$-0.88,$1170,$12,$0,$1379,$73,$0,$977,$6,$1056,$2435,$403,$698,$10,$923,$1326,$0,$-1070,$-0,$1110,$2435,$-403,$82,$179,$261,$51,$-5,$1,$106,$169,$28,$-37,$0,$0,$-481,$-1,$-482,$0,$-519,$897,$0,$897,$-113,$-113,$0,$-2,$782,$291,$165,$0
13,2015-06-30,48.91,$7.42,6.59,$3.58,13.68,$-2.72,0.0,$-3.30,0.0,$1.36B,$0.35B,3.91,$0.69B,$1.18B,0.58,$0.53B,$0.32B,61.06%,$0.53B,$-0.51B,-95.46%,$0.53B,$-0.51B,-95.46%,$0.53B,$-0.40B,-75.61%,$0.53B,$-0.51B,-96.79%,$0.53B,$-0.49B,-93.38%,$-0.49B,$1.18B,-40.27%,$-0.49B,$0.19B,-224.04%,$-0.49B,$2.43B,-25.88%,$-0.51B,$1.87B,-36.10%,$147,$56,$91,$69,$151,$276,$-128,$-4,$-133,$1,$-134,$-134,$-134,$-101,$-128,$154,154,$-0.87,$-0.87,$1190,$10,$0,$1363,$74,$0,$988,$7,$1070,$2433,$349,$689,$10,$901,$1250,$0,$-935,$-0,$1183,$2433,$-268,$54,$111,$165,$87,$-3,$-6,$58,$138,$36,$-25,$0,$0,$-209,$-1,$-210,$0,$-234,$0,$0,$0,$-116,$781,$0,$-2,$779,$580,$106,$0
14,2015-03-31,39.25,$7.55,5.2,$3.29,11.94,$-3.61,0.0,$-3.25,0.0,$0.62B,$0.33B,1.85,$0.00B,$1.18B,0.0,$0.48B,$0.29B,59.87%,$0.48B,$-0.50B,-105.88%,$0.48B,$-0.50B,-105.88%,$0.48B,$-0.40B,-84.87%,$0.48B,$-0.51B,-106.30%,$0.48B,$-0.48B,-100.21%,$-0.48B,$1.18B,-37.50%,$-0.48B,$0.18B,-187.61%,$-0.48B,$1.71B,-27.43%,$-0.50B,$1.18B,-39.62%,$125,$52,$73,$66,$140,$258,$-132,$-0,$-133,$1,$-134,$-134,$-134,$-106,$-132,$152,152,$-0.88,$-0.88,$398,$11,$0,$618,$81,$0,$1000,$7,$1088,$1706,$334,$0,$9,$193,$526,$0,$-801,$-0,$1180,$1706,$-134,$27,$50,$77,$33,$-3,$-4,$28,$54,$-3,$-13,$0,$0,$-5,$-0,$-6,$0,$-18,$0,$0,$0,$12,$12,$0,$0,$12,$-10,$50,$0
15,2014-12-31,31.58,$8.18,3.86,$3.01,10.49,$-3.78,0.0,$-3.13,0.0,$0.66B,$0.33B,2.01,$0.00B,$1.25B,0.0,$0.43B,$0.25B,59.06%,$0.43B,$-0.48B,-112.71%,$0.43B,$-0.48B,-112.71%,$0.43B,$-0.39B,-90.59%,$0.43B,$-0.48B,-112.94%,$0.43B,$-0.44B,-104.47%,$-0.44B,$1.25B,-33.31%,$-0.44B,$0.24B,-138.53%,$-0.44B,$1.76B,-25.29%,$-0.48B,$1.25B,-35.93%,$143,$53,$90,$53,$150,$258,$-115,$-1,$-116,$-10,$-106,$-106,$-106,$-88,$-115,$142,142,$-0.71,$-0.71,$402,$8,$0,$657,$82,$0,$1012,$8,$1102,$1759,$327,$0,$7,$181,$508,$0,$-667,$-0,$1251,$1759,$-444,$94,$114,$208,$-97,$-2,$-3,$171,$104,$-131,$-68,$0,$-55,$-259,$-0,$-260,$0,$-383,$0,$0,$0,$488,$488,$0,$-2,$486,$-28,$152,$0
16,2014-09-30,30.56,$8.61,3.55,$3.27,9.34,$-5.19,0.0,$-2.43,0.0,$0.62B,$0.28B,2.22,$0.00B,$1.29B,0.0,$0.34B,$0.20B,59.29%,$0.34B,$-0.43B,-125.37%,$0.34B,$-0.43B,-125.37%,$0.34B,$-0.35B,-103.24%,$0.34B,$-0.43B,-125.37%,$0.34B,$-0.34B,-100.59%,$-0.34B,$1.29B,-26.59%,$-0.34B,$0.27B,-123.66%,$-0.34B,$1.74B,-20.54%,$-0.43B,$1.29B,-33.14%,$114,$45,$69,$55,$142,$244,$-130,$-0,$-130,$-10,$-120,$-120,$-120,$-105,$-130,$145,145,$-0.83,$-0.83,$398,$6,$0,$618,$84,$0,$1024,$10,$1118,$1736,$278,$0,$7,$165,$443,$0,$-562,$-0,$1293,$1736,$-338,$68,$78,$146,$-60,$0,$-8,$97,$61,$-131,$-55,$0,$-55,$-302,$-1,$-302,$0,$-413,$0,$0,$0,$469,$469,$0,$0,$469,$-75,$107,$0
17,2014-06-30,40.55,$9.16,4.43,$3.83,10.58,$-6.45,0.0,$-3.21,0.0,$0.63B,$0.25B,2.53,$0.00B,$1.36B,0.0,$0.27B,$0.16B,60.07%,$0.27B,$-0.34B,-127.61%,$0.27B,$-0.34B,-127.61%,$0.27B,$-0.29B,-107.09%,$0.27B,$-0.35B,-129.48%,$0.27B,$-0.27B,-101.49%,$-0.27B,$1.36B,-26.65%,$-0.27B,$0.33B,-101.68%,$-0.27B,$1.76B,-20.28%,$-0.34B,$1.36B,-33.34%,$94,$42,$53,$53,$127,$222,$-127,$-0,$-127,$-10,$-117,$-117,$-117,$-105,$-127,$142,142,$-0.82,$-0.82,$464,$5,$0,$631,$78,$0,$1035,$10,$1123,$1755,$249,$0,$6,$142,$391,$0,$-442,$-0,$1364,$1755,$-218,$43,$45,$87,$-12,$1,$-7,$45,$46,$-85,$-31,$0,$-55,$-295,$-0,$-295,$0,$-381,$0,$0,$0,$464,$464,$0,$0,$464,$-2,$63,$0
