,Date,Stock Price,Book Value per Share,Price to Book Ratio,TTM Sales per Share,Price to Sales Ratio,TTM FCF per Share,Price to FCF Ratio,TTM Net EPS,PE Ratio,Current Assets,Current Liabilities,Current Ratio,Long Term Debt,Shareholder's Equity_x,Debt to Equity Ratio,TTM Revenue_x,TTM Gross Profit,Gross Margin,TTM Revenue_y,TTM Operating Income,Operating Margin,TTM Revenue_x,TTM EBIT,EBIT Margin,TTM Revenue_y,TTM EBITDA,EBITDA Margin,TTM Revenue_x,TTM Pre-Tax Income,Pre-Tax Margin,TTM Revenue_y,TTM Net Income_x,Net Margin,TTM Net Income_y,Shareholder's Equity_y,Return on Equity,TTM Net Income_x,Tangible Equity,Return on Tangible Equity,TTM Net Income_y,Total Assets,Return on Assets,TTM Net Income,LT Investments & Debt,Return on Investment,revenue,cost-goods-sold,gross-profit,research-development-expenses,selling-general-administrative-expenses,operating-expenses,operating-income,total-non-operating-income-expense,pre-tax-income,total-provision-income-taxes,income-after-taxes,income-from-continuous-operations,net-income,ebitda,ebit,basic-shares-outstanding,shares-outstanding,eps-basic-net-earnings-per-share,eps-earnings-per-share-diluted,cash-on-hand,inventory,other-current-assets,total-current-assets,net-property-plant-equipment,long-term-investments,goodwill-intangible-assets-total,other-long-term-assets,total-long-term-assets,total-assets,total-current-liabilities,long-term-debt,other-non-current-liabilities,total-long-term-liabilities,total-liabilities,common-stock-net,retained-earnings-accumulated-deficit,comprehensive-income,total-share-holder-equity,total-liabilities-share-holders-equity,net-income-loss,total-depreciation-amortization-cash-flow,other-non-cash-items,total-non-cash-items,change-in-accounts-receivable,change-in-inventories,change-in-accounts-payable,change-in-assets-liabilities,total-change-in-assets-liabilities,cash-flow-from-operating-activities,net-change-in-property-plant-equipment,net-change-in-intangible-assets,net-acquisitions-divestitures,net-change-in-short-term-investments,net-change-in-long-term-investments,net-change-in-investments-total,investing-activities-other,cash-flow-from-investing-activities,net-long-term-debt,net-current-debt,debt-issuance-retirement-net-total,net-common-equity-issued-repurchased,net-total-equity-issued-repurchased,total-common-preferred-stock-dividends-paid,financial-activities-other,cash-flow-from-financial-activities,net-cash-flow,stock-based-compensation,common-stock-dividends-paid
0,2018-09-30,59.1,$14.81,3.99,$5.59,10.56,$6.75,8.76,$2.19,26.99,$4.04B,$6.53B,0.62,$0.00B,$1.00B,0.0,$0.38B,$0.36B,95.51%,$0.38B,$0.17B,45.38%,$0.38B,0,0.00%,$0.38B,0,0.00%,$0.38B,$0.17B,45.38%,$0.38B,$0.15B,39.31%,$0.15B,$1.00B,15.38%,$0.15B,$0.82B,18.58%,$0.15B,$7.57B,1.98%,$0.17B,$1.00B,17.75%,$101,$5,$96,$0,$48,$54,$48,$0,$48,$7,$40,$40,$40,$0,$0,$68,68,$0.59,$0.59,$201,$0,$0,$4036,$131,$3144,$175,$86,$3536,$7571,$6526,$0,$35,$35,$6575,$1,$582,$-28,$996,$7571,$112,$31,$11,$41,$-3,$0,$0,$8,$5,$159,$-12,$0,$19,$0,$-75,$-75,$-117,$-185,$0,$50,$50,$3,$3,$-40,$-160,$-147,$-173,$0,$-40
1,2018-06-30,50.9,$14.57,3.49,$5.42,9.4,$6.80,7.48,$2.04,24.95,$4.09B,$6.67B,0.61,$0.00B,$0.99B,0.0,$0.37B,$0.35B,95.89%,$0.37B,$0.16B,44.66%,$0.37B,0,0.00%,$0.37B,0,0.00%,$0.37B,$0.16B,44.66%,$0.37B,$0.14B,37.81%,$0.14B,$0.99B,14.58%,$0.14B,$0.81B,17.52%,$0.14B,$7.69B,1.87%,$0.16B,$0.99B,17.22%,$98,$4,$93,$0,$47,$53,$45,$0,$45,$7,$38,$38,$38,$0,$0,$68,68,$0.56,$0.55,$288,$0,$0,$4093,$130,$3198,$175,$89,$3592,$7685,$6668,$0,$18,$18,$6700,$1,$557,$-11,$986,$7685,$72,$21,$0,$21,$-9,$0,$0,$5,$-4,$89,$-8,$0,$19,$0,$-114,$-114,$-80,$-184,$0,$126,$126,$2,$2,$-25,$-94,$9,$-86,$0,$-25
2,2018-03-31,46.12,$14.45,3.19,$5.25,8.78,$6.97,6.62,$1.92,24.02,$3.90B,$6.56B,0.59,$0.00B,$0.97B,0.0,$0.35B,$0.34B,96.58%,$0.35B,$0.16B,44.16%,$0.35B,0,0.00%,$0.35B,0,0.00%,$0.35B,$0.16B,44.16%,$0.35B,$0.13B,36.47%,$0.13B,$0.97B,13.89%,$0.13B,$0.79B,16.60%,$0.13B,$7.57B,1.78%,$0.16B,$0.97B,16.82%,$94,$4,$90,$0,$48,$53,$41,$0,$41,$6,$35,$35,$35,$0,$0,$68,68,$0.51,$0.51,$199,$0,$0,$3897,$126,$3276,$176,$92,$3670,$7567,$6563,$0,$22,$22,$6598,$1,$533,$-2,$970,$7567,$35,$10,$0,$11,$-2,$0,$0,$2,$-0,$45,$-2,$0,$19,$0,$-174,$-174,$22,$-135,$0,$41,$41,$1,$1,$-13,$-114,$-84,$-174,$0,$-13
3,2017-12-31,44.7,$14.03,3.19,$5.08,8.8,$7.28,6.14,$1.81,24.69,$3.83B,$6.29B,0.61,$0.00B,$0.92B,0.0,$0.34B,$0.33B,97.03%,$0.34B,$0.15B,43.92%,$0.34B,0,0.00%,$0.34B,0,0.00%,$0.34B,$0.15B,43.92%,$0.34B,$0.12B,35.61%,$0.12B,$0.92B,13.42%,$0.12B,$0.78B,15.96%,$0.12B,$7.26B,1.71%,$0.15B,$0.92B,16.55%,$86,$3,$83,$0,$48,$48,$38,$0,$38,$2,$36,$36,$36,$0,$0,$66,66,$0.55,$0.54,$374,$0,$0,$3826,$124,$3087,$141,$76,$3428,$7255,$6294,$0,$25,$25,$6332,$1,$517,$27,$923,$7255,$120,$43,$5,$49,$12,$0,$0,$10,$21,$190,$-8,$0,$0,$0,$-256,$-255,$-135,$-398,$0,$-115,$-115,$3,$3,$-49,$484,$324,$116,$0,$-49
4,2017-09-30,44.66,$13.79,3.24,$4.99,8.95,$6.71,6.65,$1.67,26.74,$3.79B,$6.05B,0.63,$0.00B,$0.91B,0.0,$0.33B,$0.32B,97.28%,$0.33B,$0.14B,43.50%,$0.33B,0,0.00%,$0.33B,0,0.00%,$0.33B,$0.14B,43.50%,$0.33B,$0.11B,33.53%,$0.11B,$0.91B,12.72%,$0.11B,$0.77B,15.21%,$0.11B,$7.01B,1.60%,$0.14B,$0.91B,16.50%,$87,$3,$84,$0,$44,$48,$39,$0,$39,$9,$29,$29,$29,$0,$0,$66,66,$0.44,$0.44,$346,$0,$0,$3789,$126,$2885,$141,$67,$3220,$7009,$6049,$0,$41,$41,$6103,$1,$494,$36,$907,$7009,$84,$32,$5,$37,$8,$0,$0,$26,$34,$155,$-8,$0,$0,$0,$-30,$-30,$-120,$-158,$0,$-94,$-94,$2,$2,$-36,$219,$90,$88,$0,$-36
5,2017-06-30,43.46,$13.41,3.24,$4.90,8.88,$6.21,7.0,$1.62,26.83,$3.63B,$6.01B,0.61,$0.00B,$0.89B,0.0,$0.32B,$0.32B,97.84%,$0.32B,$0.14B,42.59%,$0.32B,0,0.00%,$0.32B,0,0.00%,$0.32B,$0.14B,42.59%,$0.32B,$0.11B,33.33%,$0.11B,$0.89B,12.51%,$0.11B,$0.74B,15.01%,$0.11B,$6.95B,1.58%,$0.14B,$0.89B,15.99%,$84,$2,$82,$0,$44,$48,$37,$0,$37,$9,$28,$28,$28,$0,$0,$66,66,$0.43,$0.43,$222,$0,$0,$3632,$124,$2965,$143,$84,$3315,$6947,$6006,$0,$41,$41,$6060,$1,$477,$35,$887,$6947,$55,$22,$3,$24,$9,$0,$0,$10,$18,$98,$-7,$0,$0,$0,$-100,$-100,$-85,$-192,$0,$-66,$-66,$1,$1,$-24,$148,$59,$-36,$0,$-24
6,2017-03-31,39.25,$13.09,3.0,$4.82,8.14,$6.08,6.46,$1.60,24.53,$3.56B,$6.02B,0.59,$0.00B,$0.86B,0.0,$0.32B,$0.31B,98.12%,$0.32B,$0.14B,42.63%,$0.32B,0,0.00%,$0.32B,0,0.00%,$0.32B,$0.14B,42.63%,$0.32B,$0.11B,33.54%,$0.11B,$0.86B,12.47%,$0.11B,$0.72B,14.99%,$0.11B,$6.93B,1.58%,$0.14B,$0.86B,15.86%,$80,$2,$78,$0,$43,$46,$34,$0,$34,$8,$27,$27,$27,$0,$0,$66,66,$0.40,$0.40,$224,$0,$0,$3564,$123,$3018,$143,$81,$3366,$6930,$6022,$0,$37,$37,$6071,$1,$461,$24,$859,$6930,$27,$11,$2,$13,$13,$0,$0,$14,$28,$67,$-4,$0,$0,$0,$-167,$-167,$-17,$-187,$0,$-86,$-86,$1,$1,$-12,$183,$87,$-34,$0,$-12
7,2016-12-31,44.06,$12.78,3.45,$4.80,9.18,$6.13,7.18,$1.59,27.71,$3.60B,$5.92B,0.61,$0.00B,$0.84B,0.0,$0.32B,$0.31B,98.42%,$0.32B,$0.14B,42.59%,$0.32B,0,0.00%,$0.32B,0,0.00%,$0.32B,$0.14B,42.59%,$0.32B,$0.11B,33.44%,$0.11B,$0.84B,12.43%,$0.11B,$0.69B,14.96%,$0.11B,$6.81B,1.59%,$0.14B,$0.84B,15.83%,$80,$1,$78,$0,$44,$45,$34,$0,$34,$8,$27,$27,$27,$0,$0,$66,66,$0.40,$0.40,$258,$0,$0,$3597,$123,$2861,$144,$86,$3213,$6810,$5924,$0,$36,$36,$5972,$1,$447,$18,$838,$6810,$105,$41,$9,$50,$7,$0,$0,$-0,$6,$161,$-17,$0,$0,$2,$-188,$-186,$-49,$-252,$0,$-170,$-170,$1,$1,$-45,$288,$75,$-16,$0,$-45
8,2016-09-30,35.38,$13.24,2.67,$4.80,7.37,$5.40,6.55,$1.57,22.53,$3.61B,$5.75B,0.63,$0.00B,$0.87B,0.0,$0.32B,$0.31B,98.73%,$0.32B,$0.13B,42.54%,$0.32B,0,0.00%,$0.32B,0,0.00%,$0.32B,$0.13B,42.54%,$0.32B,$0.10B,33.02%,$0.10B,$0.87B,12.31%,$0.10B,$0.72B,14.85%,$0.10B,$6.69B,1.57%,$0.13B,$0.87B,15.87%,$80,$1,$79,$0,$46,$47,$33,$0,$33,$7,$26,$26,$26,$0,$0,$66,66,$0.39,$0.39,$289,$0,$0,$3614,$123,$2729,$144,$78,$3073,$6687,$5749,$0,$58,$58,$5819,$1,$432,$64,$868,$6687,$78,$30,$7,$37,$2,$0,$0,$11,$13,$128,$-14,$0,$0,$2,$15,$17,$-27,$-24,$0,$-102,$-102,$1,$1,$-33,$45,$-89,$15,$0,$-33
9,2016-06-30,31.68,$13.22,2.4,$4.77,6.64,$4.94,6.41,$1.58,20.05,$3.47B,$5.61B,0.62,$0.00B,$0.87B,0.0,$0.31B,$0.31B,98.72%,$0.31B,$0.14B,43.13%,$0.31B,0,0.00%,$0.31B,0,0.00%,$0.31B,$0.14B,43.13%,$0.31B,$0.10B,33.23%,$0.10B,$0.87B,12.60%,$0.10B,$0.72B,15.27%,$0.10B,$6.62B,1.58%,$0.14B,$0.87B,16.35%,$79,$1,$78,$0,$43,$44,$35,$0,$35,$8,$27,$27,$27,$0,$0,$66,66,$0.41,$0.41,$208,$0,$0,$3473,$122,$2795,$144,$81,$3142,$6615,$5613,$0,$124,$124,$5749,$1,$418,$77,$866,$6615,$53,$20,$1,$21,$8,$0,$0,$10,$18,$91,$-10,$0,$0,$1,$33,$34,$31,$55,$0,$-59,$-59,$1,$1,$-21,$-134,$-213,$-67,$0,$-21
10,2016-03-31,28.42,$12.80,2.22,$4.68,6.08,$4.33,6.56,$1.56,18.22,$3.42B,$5.59B,0.61,$0.00B,$0.84B,0.0,$0.31B,$0.30B,98.69%,$0.31B,$0.13B,43.61%,$0.31B,0,0.00%,$0.31B,0,0.00%,$0.31B,$0.13B,43.61%,$0.31B,$0.10B,33.44%,$0.10B,$0.84B,13.01%,$0.10B,$0.69B,15.66%,$0.10B,$6.53B,1.58%,$0.13B,$0.84B,16.96%,$78,$1,$77,$0,$43,$45,$33,$0,$33,$8,$26,$26,$26,$0,$0,$66,66,$0.39,$0.39,$168,$0,$0,$3423,$118,$2763,$144,$76,$3102,$6525,$5589,$0,$87,$87,$5687,$1,$403,$65,$839,$6525,$26,$10,$2,$11,$17,$0,$0,$18,$35,$72,$-5,$0,$0,$1,$17,$18,$34,$47,$0,$-90,$-90,$1,$1,$-11,$-126,$-226,$-107,$0,$-11
11,2015-12-31,28.82,$12.30,2.34,$4.55,6.33,$3.90,7.39,$1.54,18.72,$3.59B,$5.81B,0.62,$0.00B,$0.81B,0.0,$0.30B,$0.29B,98.64%,$0.30B,$0.13B,44.75%,$0.30B,0,0.00%,$0.30B,0,0.00%,$0.30B,$0.13B,44.75%,$0.30B,$0.10B,33.90%,$0.10B,$0.81B,13.32%,$0.10B,$0.66B,15.87%,$0.10B,$6.67B,1.58%,$0.13B,$0.81B,17.58%,$78,$1,$77,$0,$44,$46,$33,$0,$33,$8,$25,$25,$25,$0,$0,$65,65,$0.39,$0.38,$276,$0,$0,$3585,$116,$2734,$144,$86,$3080,$6665,$5806,$0,$44,$44,$5860,$1,$388,$47,$805,$6665,$100,$39,$10,$49,$-25,$0,$0,$-15,$-40,$109,$-15,$0,$63,$14,$-302,$-288,$-144,$-384,$0,$235,$235,$2,$2,$-39,$96,$295,$19,$0,$-39
12,2015-09-30,30.21,$12.11,2.49,$4.41,6.85,$4.30,7.02,$1.51,20.0,$3.39B,$5.60B,0.61,$0.00B,$0.79B,0.0,$0.29B,$0.28B,98.60%,$0.29B,$0.13B,45.26%,$0.29B,0,0.00%,$0.29B,0,0.00%,$0.29B,$0.13B,45.26%,$0.29B,$0.10B,34.39%,$0.10B,$0.79B,13.61%,$0.10B,$0.65B,16.05%,$0.10B,$6.47B,1.60%,$0.13B,$0.79B,17.91%,$78,$1,$77,$0,$42,$44,$34,$0,$34,$8,$26,$26,$26,$0,$0,$65,66,$0.40,$0.40,$145,$0,$0,$3393,$117,$2738,$144,$76,$3075,$6468,$5598,$0,$67,$67,$5676,$1,$373,$51,$792,$6468,$75,$29,$4,$32,$-13,$0,$0,$-1,$-13,$94,$-12,$0,$63,$13,$-277,$-264,$-91,$-304,$0,$121,$121,$1,$1,$-28,$3,$97,$-113,$0,$-28
13,2015-06-30,32.75,$11.02,2.97,$4.27,7.67,$4.45,7.36,$1.47,22.28,$3.11B,$5.35B,0.58,$0.00B,$0.70B,0.0,$0.27B,$0.27B,98.54%,$0.27B,$0.13B,45.99%,$0.27B,0,0.00%,$0.27B,0,0.00%,$0.27B,$0.13B,45.99%,$0.27B,$0.10B,34.67%,$0.10B,$0.70B,13.83%,$0.10B,$0.60B,16.13%,$0.10B,$6.12B,1.61%,$0.13B,$0.70B,18.34%,$71,$1,$70,$0,$37,$38,$33,$0,$33,$8,$25,$25,$25,$0,$0,$64,64,$0.39,$0.39,$179,$0,$0,$3108,$104,$2729,$99,$75,$3008,$6115,$5349,$0,$55,$55,$5414,$1,$358,$36,$701,$6115,$49,$18,$2,$20,$-17,$0,$0,$-7,$-24,$46,$-6,$0,$-2,$12,$-330,$-318,$-14,$-340,$0,$254,$254,$1,$1,$-18,$-23,$214,$-80,$0,$-18
14,2015-03-31,26.01,$11.10,2.34,$4.18,6.23,$4.73,5.5,$1.41,18.45,$3.08B,$5.24B,0.59,$0.00B,$0.71B,0.0,$0.27B,$0.26B,98.51%,$0.27B,$0.12B,45.15%,$0.27B,0,0.00%,$0.27B,0,0.00%,$0.27B,$0.12B,45.15%,$0.27B,$0.09B,33.96%,$0.09B,$0.71B,13.55%,$0.09B,$0.61B,15.85%,$0.09B,$6.03B,1.59%,$0.12B,$0.71B,18.01%,$68,$1,$67,$0,$35,$36,$32,$0,$32,$8,$24,$24,$24,$0,$0,$64,64,$0.37,$0.37,$175,$0,$0,$3076,$104,$2690,$97,$58,$2949,$6025,$5239,$0,$71,$71,$5319,$1,$343,$56,$706,$6025,$24,$9,$1,$10,$-1,$0,$0,$8,$7,$40,$-3,$0,$0,$8,$-246,$-239,$0,$-241,$0,$35,$35,$1,$1,$-9,$87,$113,$-88,$0,$-9
15,2014-12-31,27.98,$10.72,2.61,$4.12,6.78,$4.80,5.83,$1.39,20.13,$3.17B,$5.12B,0.62,$0.00B,$0.68B,0.0,$0.27B,$0.26B,98.49%,$0.27B,$0.12B,44.53%,$0.27B,0,0.00%,$0.27B,0,0.00%,$0.27B,$0.12B,44.53%,$0.27B,$0.09B,33.58%,$0.09B,$0.68B,13.70%,$0.09B,$0.58B,16.13%,$0.09B,$5.85B,1.61%,$0.12B,$0.68B,18.17%,$68,$1,$67,$0,$37,$38,$30,$0,$30,$7,$23,$23,$23,$0,$0,$64,64,$0.35,$0.35,$270,$0,$0,$3172,$103,$2416,$97,$60,$2677,$5848,$5117,$0,$40,$40,$5167,$1,$328,$47,$682,$5848,$90,$29,$3,$32,$-4,$0,$0,$13,$10,$131,$-13,$0,$0,$15,$-330,$-315,$-248,$-575,$0,$-97,$-97,$1,$1,$-35,$615,$485,$41,$0,$-35
16,2014-09-30,25.9,$10.37,2.5,$4.06,6.38,$4.57,5.66,$1.37,18.9,$3.06B,$4.81B,0.64,$0.00B,$0.66B,0.0,$0.26B,$0.26B,98.08%,$0.26B,$0.12B,44.44%,$0.26B,0,0.00%,$0.26B,0,0.00%,$0.26B,$0.12B,44.44%,$0.26B,$0.09B,33.33%,$0.09B,$0.66B,13.90%,$0.09B,$0.56B,16.47%,$0.09B,$5.58B,1.62%,$0.12B,$0.66B,18.53%,$67,$1,$66,$0,$35,$36,$31,$0,$31,$8,$23,$23,$23,$0,$0,$64,64,$0.37,$0.36,$258,$0,$0,$3061,$101,$2254,$97,$61,$2515,$5576,$4806,$0,$102,$102,$4917,$1,$314,$39,$659,$5576,$67,$21,$2,$23,$-6,$0,$0,$16,$10,$100,$-9,$0,$0,$13,$-113,$-100,$-146,$-256,$0,$-122,$-122,$1,$1,$-26,$329,$183,$27,$0,$-26
17,2014-06-30,29.1,$10.08,2.89,$4.01,7.26,$4.53,6.42,$1.32,22.13,$3.01B,$4.75B,0.63,$0.00B,$0.64B,0.0,$0.26B,$0.25B,98.06%,$0.26B,$0.11B,43.02%,$0.26B,0,0.00%,$0.26B,0,0.00%,$0.26B,$0.11B,43.02%,$0.26B,$0.08B,32.56%,$0.08B,$0.64B,13.92%,$0.08B,$0.54B,16.61%,$0.08B,$5.45B,1.60%,$0.11B,$0.64B,18.40%,$65,$1,$64,$0,$36,$37,$28,$0,$28,$7,$21,$21,$21,$0,$0,$64,64,$0.33,$0.33,$262,$0,$0,$3013,$97,$2174,$97,$65,$2434,$5446,$4753,$0,$44,$44,$4806,$1,$300,$35,$640,$5446,$44,$14,$1,$15,$-8,$0,$0,$10,$1,$60,$-3,$0,$0,$8,$-87,$-79,$-91,$-173,$0,$-29,$-29,$1,$1,$-17,$183,$138,$26,$0,$-17
18,2014-03-31,28.53,$9.71,2.94,$3.90,7.32,$4.28,6.66,$1.29,22.11,$2.86B,$4.62B,0.62,$0.00B,$0.62B,0.0,$0.25B,$0.25B,98.01%,$0.25B,$0.11B,43.43%,$0.25B,0,0.00%,$0.25B,0,0.00%,$0.25B,$0.11B,43.43%,$0.25B,$0.08B,32.67%,$0.08B,$0.62B,13.96%,$0.08B,$0.52B,16.74%,$0.08B,$5.28B,1.60%,$0.11B,$0.62B,18.56%,$65,$1,$64,$0,$34,$35,$29,$0,$29,$7,$22,$22,$22,$0,$0,$64,64,$0.35,$0.35,$198,$0,$0,$2862,$95,$2164,$97,$63,$2419,$5281,$4618,$0,$39,$39,$4664,$1,$288,$24,$617,$5281,$22,$7,$1,$8,$-3,$0,$0,$16,$13,$43,$-1,$0,$0,$2,$-92,$-90,$-7,$-98,$0,$-81,$-81,$1,$1,$-8,$99,$11,$-44,$0,$-8
19,2013-12-31,30.39,$18.57,1.64,$3.74,8.13,$4.24,7.16,$1.24,24.61,$2.90B,$4.60B,0.63,$0.00B,$0.59B,0.0,$0.24B,$0.24B,97.92%,$0.24B,$0.11B,43.75%,$0.24B,0,0.00%,$0.24B,0,0.00%,$0.24B,$0.11B,43.75%,$0.24B,$0.08B,32.92%,$0.08B,$0.59B,13.76%,$0.08B,$0.49B,16.36%,$0.08B,$5.22B,1.60%,$0.11B,$0.59B,18.29%,$64,$1,$62,$0,$34,$35,$28,$0,$28,$7,$21,$21,$21,$0,$0,$64,64,$0.48,$0.49,$244,$0,$0,$2899,$96,$2058,$97,$71,$2323,$5222,$4599,$0,$27,$27,$4635,$0,$274,$10,$588,$5222,$79,$27,$4,$31,$6,$0,$0,$-7,$-0,$110,$-7,$0,$-26,$17,$-221,$-204,$-320,$-557,$0,$204,$204,$2,$2,$-25,$117,$298,$-149,$0,$-25
20,2013-09-30,26.94,$17.92,1.5,$3.61,7.46,$3.98,6.77,$1.20,22.55,$2.84B,$4.47B,0.64,$0.00B,$0.57B,0.0,$0.23B,$0.23B,98.27%,$0.23B,$0.10B,43.72%,$0.23B,0,0.00%,$0.23B,0,0.00%,$0.23B,$0.10B,43.72%,$0.23B,$0.08B,32.90%,$0.08B,$0.57B,13.42%,$0.08B,$0.47B,15.78%,$0.08B,$5.08B,1.60%,$0.10B,$0.57B,17.84%,$64,$1,$63,$0,$37,$38,$26,$0,$26,$6,$20,$20,$20,$0,$0,$64,64,$0.31,$0.30,$262,$0,$0,$2842,$95,$1976,$97,$65,$2234,$5076,$4467,$0,$32,$32,$4507,$0,$261,$5,$568,$5076,$58,$20,$2,$22,$6,$0,$0,$9,$14,$94,$-7,$0,$-26,$15,$-141,$-126,$-243,$-402,$0,$207,$207,$2,$2,$-16,$-18,$174,$-133,$0,$-16
21,2013-06-30,25.37,$18.17,1.4,$3.51,7.23,$3.75,6.77,$1.21,21.05,$2.75B,$4.35B,0.63,$0.00B,$0.58B,0.0,$0.22B,$0.22B,98.21%,$0.22B,$0.10B,45.74%,$0.22B,0,0.00%,$0.22B,0,0.00%,$0.22B,$0.10B,45.74%,$0.22B,$0.08B,34.08%,$0.08B,$0.58B,13.53%,$0.08B,$0.48B,15.72%,$0.08B,$4.98B,1.67%,$0.10B,$0.58B,18.16%,$58,$1,$57,$0,$31,$32,$26,$0,$26,$6,$19,$19,$19,$0,$0,$63,64,$0.31,$0.31,$200,$0,$0,$2745,$95,$1975,$97,$70,$2238,$4983,$4349,$0,$49,$49,$4407,$0,$250,$24,$576,$4983,$38,$13,$1,$14,$-5,$0,$0,$-1,$-6,$46,$-5,$0,$-26,$10,$-95,$-86,$-194,$-310,$0,$172,$172,$1,$1,$-8,$-101,$64,$-200,$0,$-8
22,2013-03-31,22.05,$9.03,2.44,$3.45,6.39,$3.91,5.64,$1.19,18.53,$2.29B,$3.81B,0.6,$0.00B,$0.56B,0.0,$0.22B,$0.21B,98.17%,$0.22B,$0.10B,46.33%,$0.22B,0,0.00%,$0.22B,0,0.00%,$0.22B,$0.10B,46.33%,$0.22B,$0.08B,34.40%,$0.08B,$0.56B,13.61%,$0.08B,$0.49B,15.65%,$0.08B,$4.46B,1.71%,$0.10B,$0.56B,18.32%,$54,$1,$53,$0,$28,$29,$25,$0,$25,$6,$19,$19,$19,$0,$0,$63,63,$0.15,$0.15,$182,$0,$0,$2286,$86,$1959,$72,$53,$2170,$4456,$3813,$0,$70,$70,$3892,$0,$239,$47,$564,$4456,$19,$6,$0,$7,$1,$0,$0,$16,$18,$43,$-4,$0,$0,$4,$-137,$-133,$-51,$-188,$0,$4,$4,$1,$1,$0,$-82,$-78,$-224,$0,$0
23,2012-12-31,17.6,$8.92,1.97,$3.45,5.11,$3.82,4.61,$1.18,14.98,$2.46B,$3.89B,0.63,$0.00B,$0.56B,0.0,$0.22B,$0.21B,98.16%,$0.22B,$0.10B,46.08%,$0.22B,0,0.00%,$0.22B,0,0.00%,$0.22B,$0.10B,46.08%,$0.22B,$0.07B,34.10%,$0.07B,$0.56B,13.72%,$0.07B,$0.49B,15.83%,$0.07B,$4.50B,1.71%,$0.10B,$0.56B,18.54%,$55,$1,$54,$0,$29,$30,$24,$0,$24,$6,$18,$18,$18,$0,$0,$63,63,$0.30,$0.30,$410,$0,$0,$2464,$84,$1820,$72,$62,$2038,$4502,$3892,$0,$53,$53,$3945,$0,$228,$51,$557,$4502,$74,$24,$2,$26,$-1,$0,$0,$-6,$-7,$93,$-8,$0,$0,$12,$7,$19,$-306,$-295,$0,$52,$52,$1,$1,$-39,$298,$312,$110,$0,$-39
24,2012-09-30,16.16,$8.81,1.83,$3.41,4.73,$3.83,4.22,$1.16,13.93,$2.21B,$3.70B,0.6,$0.00B,$0.55B,0.0,$0.22B,$0.21B,97.67%,$0.22B,$0.10B,46.05%,$0.22B,0,0.00%,$0.22B,0,0.00%,$0.22B,$0.10B,46.05%,$0.22B,$0.07B,33.95%,$0.07B,$0.55B,13.84%,$0.07B,$0.48B,16.04%,$0.07B,$4.31B,1.72%,$0.10B,$0.55B,18.77%,$56,$1,$55,$0,$28,$29,$27,$0,$27,$7,$20,$20,$20,$0,$0,$63,63,$0.32,$0.32,$245,$0,$0,$2214,$81,$1884,$72,$60,$2096,$4311,$3699,$0,$54,$54,$3761,$0,$217,$55,$550,$4311,$56,$18,$-1,$17,$1,$0,$0,$5,$6,$78,$-7,$0,$0,$-6,$-52,$-58,$-221,$-285,$0,$47,$47,$1,$1,$-23,$110,$134,$-73,$0,$-23
25,2012-06-30,15.39,$8.56,1.8,$3.39,4.54,$3.91,3.93,$1.13,13.62,$2.12B,$3.64B,0.58,$0.00B,$0.53B,0.0,$0.21B,$0.21B,97.18%,$0.21B,$0.10B,45.54%,$0.21B,0,0.00%,$0.21B,0,0.00%,$0.21B,$0.10B,45.54%,$0.21B,$0.07B,33.33%,$0.07B,$0.53B,13.79%,$0.07B,$0.46B,16.05%,$0.07B,$4.29B,1.71%,$0.10B,$0.53B,18.84%,$53,$1,$52,$0,$27,$29,$25,$0,$25,$6,$18,$18,$18,$0,$0,$63,63,$0.29,$0.29,$233,$0,$0,$2117,$80,$1963,$72,$59,$2175,$4292,$3644,$0,$106,$106,$3758,$0,$206,$52,$534,$4292,$36,$12,$1,$12,$1,$0,$0,$6,$7,$56,$-5,$0,$0,$-13,$-81,$-95,$-135,$-235,$0,$44,$44,$0,$0,$-15,$57,$86,$-92,$0,$-15
26,2012-03-31,15.56,$8.28,1.88,$3.37,4.62,$3.93,3.96,$1.10,14.14,$2.05B,$3.64B,0.57,$0.00B,$0.52B,0.0,$0.21B,$0.21B,96.70%,$0.21B,$0.09B,44.34%,$0.21B,0,0.00%,$0.21B,0,0.00%,$0.21B,$0.09B,44.34%,$0.21B,$0.07B,33.02%,$0.07B,$0.52B,13.98%,$0.07B,$0.45B,16.35%,$0.07B,$4.23B,1.74%,$0.09B,$0.52B,18.77%,$53,$2,$52,$0,$28,$29,$24,$0,$24,$6,$18,$18,$18,$0,$0,$63,63,$0.28,$0.28,$289,$0,$0,$2053,$79,$1963,$72,$60,$2174,$4227,$3636,$0,$67,$67,$3710,$0,$195,$45,$517,$4227,$18,$5,$1,$6,$5,$0,$0,$8,$13,$37,$-4,$0,$0,$-1,$-124,$-125,$-18,$-147,$0,$30,$30,$0,$0,$-8,$63,$86,$-24,$0,$-8
27,2011-12-31,14.67,$8.15,1.8,$3.36,4.37,$3.98,3.69,$1.08,13.58,$2.06B,$3.54B,0.58,$0.00B,$0.51B,0.0,$0.21B,$0.20B,95.75%,$0.21B,$0.09B,43.40%,$0.21B,0,0.00%,$0.21B,0,0.00%,$0.21B,$0.09B,43.40%,$0.21B,$0.07B,32.08%,$0.07B,$0.51B,14.01%,$0.07B,$0.44B,16.46%,$0.07B,$4.12B,1.73%,$0.09B,$0.51B,18.95%,$53,$2,$51,$0,$27,$29,$23,$0,$23,$6,$17,$17,$17,$0,$0,$63,63,$0.27,$0.28,$312,$0,$0,$2064,$76,$1845,$72,$63,$2056,$4121,$3543,$0,$62,$62,$3612,$0,$185,$47,$509,$4121,$68,$16,$9,$24,$3,$0,$0,$0,$3,$95,$-9,$0,$0,$43,$-256,$-214,$-108,$-331,$0,$29,$29,$1,$1,$-29,$221,$222,$-13,$0,$-29
28,2011-09-30,11.39,$8.00,1.42,$3.35,3.4,$3.74,3.05,$1.06,10.8,$2.00B,$3.37B,0.59,$0.00B,$0.50B,0.0,$0.21B,$0.20B,95.26%,$0.21B,$0.09B,42.65%,$0.21B,0,0.00%,$0.21B,0,0.00%,$0.21B,$0.09B,42.65%,$0.21B,$0.07B,31.75%,$0.07B,$0.50B,14.29%,$0.07B,$0.43B,16.91%,$0.07B,$3.94B,1.74%,$0.09B,$0.50B,19.20%,$54,$2,$52,$0,$28,$30,$25,$0,$25,$6,$18,$18,$18,$0,$0,$63,63,$0.29,$0.29,$301,$0,$0,$1996,$73,$1733,$72,$61,$1940,$3935,$3367,$0,$61,$61,$3436,$0,$175,$48,$499,$3935,$51,$11,$7,$18,$7,$0,$0,$6,$13,$81,$-5,$0,$0,$37,$-144,$-107,$-53,$-166,$0,$2,$2,$1,$1,$-22,$73,$55,$-30,$0,$-22
29,2011-06-30,14.88,$7.66,1.94,$3.30,4.51,$3.51,4.24,$1.03,14.44,$1.99B,$3.31B,0.6,$0.00B,$0.48B,0.0,$0.21B,$0.20B,94.69%,$0.21B,$0.09B,41.06%,$0.21B,0,0.00%,$0.21B,0,0.00%,$0.21B,$0.09B,41.06%,$0.21B,$0.07B,31.40%,$0.07B,$0.48B,14.23%,$0.07B,$0.41B,16.82%,$0.07B,$3.84B,1.75%,$0.09B,$0.48B,18.61%,$52,$2,$50,$0,$28,$30,$22,$0,$22,$6,$17,$17,$17,$0,$0,$63,63,$0.27,$0.26,$303,$0,$0,$1989,$73,$1647,$72,$61,$1852,$3841,$3312,$0,$44,$44,$3363,$0,$164,$37,$478,$3841,$33,$7,$5,$12,$9,$0,$0,$4,$12,$57,$-5,$0,$0,$25,$-81,$-56,$-42,$-103,$0,$14,$14,$1,$1,$-14,$6,$7,$-40,$0,$-14
30,2011-03-31,14.68,$7.31,2.01,$3.26,4.5,$3.29,4.46,$1.00,14.68,$1.96B,$3.32B,0.59,$0.00B,$0.46B,0.0,$0.21B,$0.19B,93.66%,$0.21B,$0.08B,40.00%,$0.21B,0,0.00%,$0.21B,0,0.00%,$0.21B,$0.08B,40.00%,$0.21B,$0.06B,30.24%,$0.06B,$0.46B,13.93%,$0.06B,$0.38B,16.43%,$0.06B,$3.83B,1.72%,$0.08B,$0.46B,18.43%,$53,$2,$50,$0,$28,$31,$22,$0,$22,$6,$16,$16,$16,$0,$0,$63,63,$0.26,$0.26,$314,$0,$0,$1963,$70,$1663,$72,$59,$1865,$3828,$3324,$0,$41,$41,$3372,$0,$155,$25,$456,$3828,$16,$3,$2,$5,$10,$0,$0,$6,$16,$38,$-1,$0,$0,$16,$-113,$-97,$-3,$-102,$0,$14,$14,$1,$1,$-7,$19,$26,$-38,$0,$-7
31,2010-12-31,14.55,$10.63,1.37,$2.93,4.97,$2.95,4.93,$0.96,15.15,$2.03B,$3.29B,0.62,$0.00B,$0.44B,0.0,$0.20B,$0.19B,93.47%,$0.20B,$0.08B,39.20%,$0.20B,0,0.00%,$0.20B,0,0.00%,$0.20B,$0.08B,39.20%,$0.20B,$0.06B,30.15%,$0.06B,$0.44B,13.73%,$0.06B,$0.37B,16.15%,$0.06B,$3.78B,1.73%,$0.08B,$0.44B,17.85%,$52,$3,$49,$0,$28,$31,$21,$0,$21,$5,$16,$16,$16,$0,$0,$63,63,$0.32,$0.32,$368,$0,$0,$2027,$70,$1546,$73,$60,$1749,$3776,$3292,$0,$36,$36,$3335,$0,$146,$20,$442,$3776,$60,$12,$7,$19,$-9,$0,$0,$2,$-7,$72,$-1,$0,$-2,$-47,$-222,$-269,$-83,$-356,$0,$32,$32,$1,$1,$-28,$279,$283,$-1,$0,$-28
32,2010-09-30,13.25,$10.90,1.22,$2.88,4.61,$4.53,2.92,$0.91,14.56,$1.84B,$2.92B,0.63,$0.00B,$0.45B,0.0,$0.20B,$0.18B,93.33%,$0.20B,$0.07B,37.95%,$0.20B,0,0.00%,$0.20B,0,0.00%,$0.20B,$0.07B,37.95%,$0.20B,$0.06B,29.23%,$0.06B,$0.45B,13.24%,$0.06B,$0.39B,15.51%,$0.06B,$3.45B,1.70%,$0.07B,$0.45B,17.19%,$50,$3,$47,$0,$27,$30,$20,$0,$20,$5,$15,$15,$16,$0,$0,$63,63,$0.26,$0.26,$329,$0,$0,$1837,$67,$1421,$63,$59,$1611,$3447,$2917,$0,$73,$73,$2997,$0,$138,$42,$451,$3447,$44,$9,$5,$13,$-5,$0,$0,$9,$4,$62,$-0,$0,$0,$0,$-86,$-86,$-33,$-119,$0,$32,$32,$1,$1,$-21,$54,$65,$8,$0,$-21
33,2010-06-30,13.46,$10.42,1.29,$2.86,4.7,$6.17,2.18,$0.87,15.47,$1.73B,$2.87B,0.6,$0.00B,$0.43B,0.0,$0.19B,$0.18B,92.78%,$0.19B,$0.07B,37.63%,$0.19B,0,0.00%,$0.19B,0,0.00%,$0.19B,$0.07B,37.63%,$0.19B,$0.06B,28.35%,$0.06B,$0.43B,13.04%,$0.06B,$0.37B,15.34%,$0.06B,$3.34B,1.69%,$0.07B,$0.43B,17.31%,$50,$4,$46,$0,$27,$31,$19,$0,$19,$5,$14,$14,$14,$0,$0,$63,63,$0.23,$0.23,$240,$0,$0,$1731,$67,$1414,$63,$61,$1605,$3336,$2866,$0,$32,$32,$2905,$0,$129,$32,$431,$3336,$28,$6,$4,$10,$-2,$0,$0,$4,$2,$40,$-2,$0,$0,$0,$-125,$-125,$-16,$-143,$0,$13,$13,$1,$1,$-14,$21,$21,$-81,$0,$-14
34,2010-03-31,14.33,$6.83,2.1,$2.85,5.03,$7.22,1.98,$0.86,16.73,$1.76B,$2.88B,0.61,$0.00B,$0.42B,0.0,$0.19B,$0.18B,92.23%,$0.19B,$0.07B,37.31%,$0.19B,0,0.00%,$0.19B,0,0.00%,$0.19B,$0.07B,37.31%,$0.19B,$0.06B,28.50%,$0.06B,$0.42B,13.37%,$0.06B,$0.36B,15.82%,$0.06B,$3.35B,1.72%,$0.07B,$0.42B,17.51%,$47,$4,$44,$0,$25,$29,$18,$0,$18,$5,$14,$14,$14,$0,$0,$94,94,$0.15,$0.15,$288,$0,$0,$1758,$66,$1408,$63,$58,$1595,$3353,$2879,$0,$43,$43,$2929,$0,$122,$32,$424,$3353,$14,$3,$2,$5,$2,$0,$0,$4,$6,$25,$-3,$0,$0,$0,$-109,$-109,$12,$-100,$0,$43,$43,$0,$0,$-7,$5,$42,$-33,$0,$-7
35,2009-12-31,14.98,$6.71,2.23,$3.12,4.8,$7.57,1.98,$0.86,17.48,$1.81B,$2.83B,0.64,$0.00B,$0.42B,0.0,$0.19B,$0.18B,91.24%,$0.19B,$0.07B,37.63%,$0.19B,0,0.00%,$0.19B,0,0.00%,$0.19B,$0.07B,37.63%,$0.19B,$0.06B,28.35%,$0.06B,$0.42B,13.72%,$0.06B,$0.35B,16.32%,$0.06B,$3.28B,1.75%,$0.07B,$0.42B,18.22%,$48,$4,$45,$0,$28,$32,$17,$0,$17,$4,$13,$13,$13,$0,$0,$62,63,$0.20,$0.20,$322,$0,$0,$1808,$64,$1285,$63,$58,$1471,$3279,$2831,$0,$26,$26,$2864,$0,$115,$31,$416,$3279,$54,$9,$9,$18,$50,$56,$0,$-7,$99,$172,$-2,$0,$0,$-54,$7,$-48,$-8,$-58,$0,$-90,$-90,$1,$1,$-28,$102,$-15,$98,$0,$-28
36,2009-09-30,13.57,$6.70,2.02,$3.15,4.3,$4.53,2.99,$0.86,15.72,$1.59B,$2.62B,0.61,$0.00B,$0.42B,0.0,$0.20B,$0.18B,89.34%,$0.20B,$0.07B,37.56%,$0.20B,0,0.00%,$0.20B,0,0.00%,$0.20B,$0.07B,37.56%,$0.20B,$0.06B,27.92%,$0.06B,$0.42B,14.14%,$0.06B,$0.35B,16.92%,$0.06B,$3.08B,1.76%,$0.07B,$0.42B,19.02%,$49,$4,$45,$0,$27,$31,$19,$0,$19,$5,$14,$14,$14,$0,$0,$62,63,$0.22,$0.22,$156,$0,$0,$1585,$64,$1319,$63,$46,$1491,$3076,$2619,$0,$34,$34,$2661,$0,$110,$37,$416,$3076,$41,$7,$5,$11,$50,$51,$0,$9,$111,$164,$-0,$0,$0,$0,$-17,$-17,$55,$38,$0,$-75,$-75,$1,$1,$-21,$-124,$-220,$-18,$0,$-21
37,2009-06-30,13.73,$6.28,2.19,$3.19,4.31,$1.04,13.24,$0.86,16.02,$1.63B,$2.65B,0.62,$0.00B,$0.39B,0.0,$0.20B,$0.18B,87.50%,$0.20B,$0.07B,37.00%,$0.20B,0,0.00%,$0.20B,0,0.00%,$0.20B,$0.07B,37.00%,$0.20B,$0.05B,27.00%,$0.05B,$0.39B,14.50%,$0.05B,$0.33B,17.50%,$0.05B,$3.08B,1.72%,$0.07B,$0.39B,19.87%,$49,$4,$44,$0,$26,$30,$18,$0,$18,$5,$14,$14,$14,$0,$0,$62,62,$0.22,$0.22,$177,$0,$0,$1633,$64,$1270,$64,$47,$1445,$3078,$2649,$0,$32,$32,$2689,$0,$103,$17,$389,$3078,$27,$4,$2,$6,$39,$25,$0,$6,$70,$103,$1,$0,$0,$0,$12,$12,$44,$57,$0,$-59,$-59,$0,$0,$-14,$-110,$-183,$-23,$0,$-14
38,2009-03-31,13.04,$6.16,2.12,$3.25,4.02,$-0.14,0.0,$0.86,15.22,$1.71B,$2.69B,0.64,$0.00B,$0.38B,0.0,$0.20B,$0.17B,85.71%,$0.20B,$0.08B,36.95%,$0.20B,0,0.00%,$0.20B,0,0.00%,$0.20B,$0.08B,36.95%,$0.20B,$0.05B,26.60%,$0.05B,$0.38B,14.95%,$0.05B,$0.32B,18.18%,$0.05B,$3.12B,1.72%,$0.08B,$0.38B,20.76%,$48,$5,$43,$0,$24,$30,$19,$0,$19,$5,$14,$14,$14,$0,$0,$62,63,$0.22,$0.22,$255,$0,$0,$1712,$65,$1237,$64,$44,$1410,$3121,$2688,$0,$45,$45,$2740,$0,$96,$17,$382,$3121,$14,$2,$1,$3,$41,$-37,$0,$16,$20,$37,$-1,$0,$0,$0,$50,$50,$43,$93,$0,$-69,$-69,$0,$0,$-7,$-61,$-137,$-7,$0,$-7
39,2008-12-31,14.83,$5.96,2.49,$3.34,4.44,$-0.69,0.0,$0.85,17.52,$1.77B,$2.82B,0.63,$0.00B,$0.37B,0.0,$0.21B,$0.17B,82.78%,$0.21B,$0.07B,35.41%,$0.21B,0,0.00%,$0.21B,0,0.00%,$0.21B,$0.07B,35.41%,$0.21B,$0.05B,25.36%,$0.05B,$0.37B,14.98%,$0.05B,$0.31B,18.32%,$0.05B,$3.21B,1.69%,$0.07B,$0.37B,20.92%,$51,$7,$44,$0,$26,$33,$18,$0,$18,$5,$13,$13,$13,$0,$0,$62,63,$0.21,$0.21,$225,$0,$0,$1769,$66,$1262,$64,$51,$1443,$3212,$2818,$0,$18,$18,$2844,$0,$90,$11,$369,$3212,$53,$9,$5,$14,$-17,$-56,$0,$-4,$-77,$-10,$-10,$0,$0,$0,$-129,$-129,$-26,$-165,$0,$69,$69,$1,$1,$-27,$37,$79,$-96,$0,$-27
40,2008-09-30,13.84,$5.66,2.45,$3.42,4.04,$0.42,32.99,$0.84,16.48,$1.82B,$2.76B,0.66,$0.00B,$0.35B,0.0,$0.21B,$0.17B,79.91%,$0.21B,$0.07B,34.58%,$0.21B,0,0.00%,$0.21B,0,0.00%,$0.21B,$0.07B,34.58%,$0.21B,$0.05B,24.77%,$0.05B,$0.35B,15.35%,$0.05B,$0.29B,18.89%,$0.05B,$3.15B,1.71%,$0.07B,$0.35B,21.43%,$52,$8,$44,$0,$25,$33,$19,$0,$19,$5,$13,$13,$13,$0,$0,$62,63,$0.21,$0.21,$268,$0,$0,$1816,$66,$1158,$64,$44,$1333,$3149,$2760,$0,$31,$31,$2798,$0,$84,$-1,$350,$3149,$40,$6,$2,$8,$-8,$-96,$0,$8,$-96,$-48,$-8,$0,$0,$0,$-31,$-31,$-34,$-73,$0,$31,$31,$1,$1,$-20,$17,$28,$-92,$0,$-20
41,2008-06-30,12.14,$5.56,2.19,$3.47,3.5,$1.99,6.1,$0.82,14.75,$1.79B,$2.72B,0.66,$0.00B,$0.34B,0.0,$0.22B,$0.17B,76.96%,$0.22B,$0.07B,33.18%,$0.22B,0,0.00%,$0.22B,0,0.00%,$0.22B,$0.07B,33.18%,$0.22B,$0.05B,23.96%,$0.05B,$0.34B,15.37%,$0.05B,$0.28B,19.05%,$0.05B,$3.09B,1.72%,$0.07B,$0.34B,21.29%,$52,$9,$43,$0,$24,$33,$19,$0,$19,$5,$14,$14,$14,$0,$0,$62,62,$0.22,$0.22,$295,$0,$0,$1789,$64,$1123,$65,$45,$1296,$3085,$2719,$0,$15,$15,$2741,$0,$77,$-1,$344,$3085,$27,$4,$-1,$3,$30,$-31,$0,$6,$5,$35,$-5,$0,$0,$0,$-10,$-10,$-15,$-29,$0,$-16,$-16,$0,$0,$-13,$23,$-7,$-1,$0,$-13
42,2008-03-31,10.78,$5.69,1.9,$3.51,3.07,$2.34,4.6,$0.82,13.15,$1.77B,$2.67B,0.66,$0.00B,$0.35B,0.0,$0.22B,$0.16B,74.55%,$0.22B,$0.07B,32.73%,$0.22B,0,0.00%,$0.22B,0,0.00%,$0.22B,$0.07B,32.73%,$0.22B,$0.05B,23.18%,$0.05B,$0.35B,15.50%,$0.05B,$0.29B,19.35%,$0.05B,$3.06B,1.72%,$0.07B,$0.35B,21.88%,$54,$12,$42,$0,$23,$36,$18,$0,$18,$5,$13,$13,$13,$0,$0,$62,62,$0.21,$0.21,$253,$0,$0,$1771,$63,$1120,$65,$43,$1291,$3062,$2668,$0,$36,$36,$2710,$0,$71,$13,$352,$3062,$13,$2,$0,$2,$-21,$0,$0,$10,$-11,$4,$-3,$0,$0,$0,$25,$25,$12,$35,$0,$-3,$-3,$0,$0,$-7,$-41,$-51,$-12,$0,$-7
43,2007-12-31,9.83,$5.43,1.81,$3.48,2.82,$2.32,4.24,$0.79,12.39,$1.78B,$2.71B,0.66,$0.00B,$0.34B,0.0,$0.22B,$0.16B,72.94%,$0.22B,$0.07B,32.11%,$0.22B,0,0.00%,$0.22B,0,0.00%,$0.22B,$0.07B,32.11%,$0.22B,$0.05B,22.48%,$0.05B,$0.34B,15.41%,$0.05B,$0.27B,19.43%,$0.05B,$3.07B,1.68%,$0.07B,$0.34B,22.01%,$56,$14,$42,$0,$23,$38,$18,$0,$18,$5,$13,$13,$13,$0,$0,$62,62,$0.20,$0.20,$265,$0,$0,$1775,$62,$1121,$65,$47,$1295,$3070,$2712,$0,$16,$16,$2735,$0,$64,$4,$335,$3070,$49,$7,$1,$8,$4,$0,$0,$-6,$-3,$55,$-6,$0,$0,$0,$22,$22,$-159,$-144,$0,$23,$23,$1,$1,$-25,$162,$161,$72,$0,$-25
44,2007-09-30,10.4,$5.21,2.0,$3.41,3.05,$2.19,4.74,$0.78,13.34,$1.60B,$2.55B,0.63,$0.00B,$0.32B,0.0,$0.21B,$0.16B,72.43%,$0.21B,$0.07B,32.24%,$0.21B,0,0.00%,$0.21B,0,0.00%,$0.21B,$0.07B,32.24%,$0.21B,$0.05B,22.43%,$0.05B,$0.32B,15.51%,$0.05B,$0.26B,19.73%,$0.05B,$2.89B,1.67%,$0.07B,$0.32B,22.29%,$55,$15,$40,$0,$22,$37,$17,$0,$17,$5,$12,$12,$12,$0,$0,$62,63,$0.20,$0.20,$158,$0,$0,$1598,$61,$1123,$66,$46,$1297,$2894,$2551,$0,$15,$15,$2572,$0,$58,$-4,$322,$2894,$37,$5,$-1,$5,$3,$0,$0,$5,$7,$49,$-6,$0,$0,$0,$3,$3,$-87,$-90,$0,$25,$25,$0,$0,$-19,$-1,$5,$-35,$0,$-19
45,2007-06-30,9.96,$4.96,2.01,$3.35,2.97,$2.21,4.5,$0.77,13.0,$1.54B,$2.52B,0.61,$0.00B,$0.31B,0.0,$0.21B,$0.15B,72.86%,$0.21B,$0.07B,32.38%,$0.21B,0,0.00%,$0.21B,0,0.00%,$0.21B,$0.07B,32.38%,$0.21B,$0.05B,22.38%,$0.05B,$0.31B,15.55%,$0.05B,$0.24B,19.94%,$0.05B,$2.85B,1.67%,$0.07B,$0.31B,22.50%,$55,$15,$40,$0,$21,$36,$19,$0,$19,$5,$13,$13,$13,$0,$0,$62,63,$0.21,$0.21,$169,$0,$0,$1544,$61,$1127,$66,$52,$1306,$2850,$2524,$0,$14,$14,$2544,$0,$53,$-13,$307,$2850,$25,$4,$-1,$2,$27,$0,$0,$3,$30,$57,$-4,$0,$0,$0,$-16,$-16,$-46,$-66,$0,$4,$4,$0,$0,$-13,$-7,$-16,$-24,$0,$-13
46,2007-03-31,10.65,$4.99,2.14,$3.26,3.27,$2.18,4.88,$0.74,14.46,$1.61B,$2.54B,0.63,$0.00B,$0.31B,0.0,$0.20B,$0.15B,73.53%,$0.20B,$0.07B,31.86%,$0.20B,0,0.00%,$0.20B,0,0.00%,$0.20B,$0.07B,31.86%,$0.20B,$0.05B,22.06%,$0.05B,$0.31B,15.23%,$0.05B,$0.24B,19.69%,$0.05B,$2.87B,1.61%,$0.07B,$0.31B,22.00%,$52,$14,$37,$0,$21,$36,$16,$0,$16,$5,$11,$11,$11,$0,$0,$62,62,$0.18,$0.18,$219,$0,$0,$1610,$60,$1090,$66,$45,$1261,$2870,$2537,$0,$19,$19,$2562,$0,$46,$-5,$308,$2870,$11,$2,$0,$2,$-20,$0,$0,$9,$-11,$2,$-2,$0,$0,$0,$34,$34,$-13,$20,$0,$-32,$-32,$0,$0,$-6,$42,$4,$26,$0,$-6
47,2006-12-31,10.58,$4.84,2.19,$3.19,3.31,$2.80,3.78,$0.74,14.36,$1.55B,$2.53B,0.61,$0.00B,$0.30B,0.0,$0.20B,$0.15B,75.00%,$0.20B,$0.07B,32.50%,$0.20B,0,0.00%,$0.20B,0,0.00%,$0.20B,$0.07B,32.50%,$0.20B,$0.05B,22.50%,$0.05B,$0.30B,15.58%,$0.05B,$0.23B,20.34%,$0.05B,$2.85B,1.63%,$0.07B,$0.30B,22.51%,$52,$14,$38,$0,$21,$35,$17,$0,$17,$5,$12,$12,$12,$0,$0,$62,62,$0.19,$0.19,$193,$0,$0,$1551,$59,$1129,$67,$44,$1300,$2850,$2527,$0,$17,$17,$2549,$0,$41,$-7,$301,$2850,$46,$8,$-0,$8,$4,$0,$0,$-10,$-6,$48,$-7,$0,$0,$0,$-75,$-75,$-88,$-169,$0,$69,$69,$0,$0,$-24,$18,$63,$-58,$0,$-24
