,Date,Stock Price,Book Value per Share,Price to Book Ratio,TTM Sales per Share,Price to Sales Ratio,TTM FCF per Share,Price to FCF Ratio,TTM Net EPS,PE Ratio,Current Assets,Current Liabilities,Current Ratio,Long Term Debt,Shareholder's Equity_x,Debt to Equity Ratio,TTM Revenue_x,TTM Gross Profit,Gross Margin,TTM Revenue_y,TTM Operating Income,Operating Margin,TTM Revenue_x,TTM EBIT,EBIT Margin,TTM Revenue_y,TTM EBITDA,EBITDA Margin,TTM Revenue_x,TTM Pre-Tax Income,Pre-Tax Margin,TTM Revenue_y,TTM Net Income_x,Net Margin,TTM Net Income_y,Shareholder's Equity_y,Return on Equity,TTM Net Income_x,Tangible Equity,Return on Tangible Equity,TTM Net Income_y,Total Assets,Return on Assets,TTM Net Income,LT Investments & Debt,Return on Investment,revenue,cost-goods-sold,gross-profit,research-development-expenses,selling-general-administrative-expenses,operating-expenses,operating-income,total-non-operating-income-expense,pre-tax-income,total-provision-income-taxes,income-after-taxes,income-from-continuous-operations,net-income,ebitda,ebit,basic-shares-outstanding,shares-outstanding,eps-basic-net-earnings-per-share,eps-earnings-per-share-diluted,cash-on-hand,inventory,other-current-assets,total-current-assets,net-property-plant-equipment,long-term-investments,goodwill-intangible-assets-total,other-long-term-assets,total-long-term-assets,total-assets,total-current-liabilities,long-term-debt,other-non-current-liabilities,total-long-term-liabilities,total-liabilities,common-stock-net,retained-earnings-accumulated-deficit,comprehensive-income,total-share-holder-equity,total-liabilities-share-holders-equity,net-income-loss,total-depreciation-amortization-cash-flow,other-non-cash-items,total-non-cash-items,change-in-accounts-receivable,change-in-inventories,change-in-accounts-payable,change-in-assets-liabilities,total-change-in-assets-liabilities,cash-flow-from-operating-activities,net-change-in-property-plant-equipment,net-change-in-intangible-assets,net-acquisitions-divestitures,net-change-in-short-term-investments,net-change-in-long-term-investments,net-change-in-investments-total,investing-activities-other,cash-flow-from-investing-activities,net-long-term-debt,net-current-debt,debt-issuance-retirement-net-total,net-common-equity-issued-repurchased,net-total-equity-issued-repurchased,total-common-preferred-stock-dividends-paid,financial-activities-other,cash-flow-from-financial-activities,net-cash-flow,stock-based-compensation,common-stock-dividends-paid
0,2018-09-30,199.42,$21.35,9.34,$34.83,5.73,$28.63,6.96,$7.35,27.13,$1.42B,$0.95B,1.49,$0.00B,$1.29B,0.0,$2.16B,$1.80B,83.29%,$2.16B,$0.59B,27.35%,$2.16B,$0.59B,27.35%,$2.16B,$0.65B,30.08%,$2.16B,$0.60B,27.90%,$2.16B,$0.45B,21.01%,$0.45B,$1.29B,36.28%,$0.45B,$0.73B,65.28%,$0.45B,$2.61B,17.84%,$0.59B,$1.29B,47.23%,$563,$93,$469,$95,$202,$409,$154,$6,$159,$26,$133,$133,$133,$169,$154,$61,62,$2.19,$2.15,$1039,$31,$52,$1418,$145,$411,$556,$42,$1188,$2605,$954,$0,$66,$366,$1320,$20,$1287,$-22,$1285,$2605,$454,$59,$180,$239,$-5,$-1,$0,$67,$68,$761,$-52,$0,$0,$0,$-404,$-404,$0,$-456,$0,$0,$0,$-551,$-551,$0,$0,$-551,$-249,$158,$0
1,2018-06-30,172.45,$20.82,8.28,$34.06,5.06,$28.04,6.15,$7.31,23.59,$1.47B,$0.94B,1.56,$0.00B,$1.27B,0.0,$2.14B,$1.78B,83.24%,$2.14B,$0.59B,27.43%,$2.14B,$0.59B,27.43%,$2.14B,$0.65B,30.20%,$2.14B,$0.60B,28.00%,$2.14B,$0.46B,21.40%,$0.46B,$1.27B,36.94%,$0.46B,$0.71B,67.08%,$0.46B,$2.56B,18.19%,$0.59B,$1.27B,47.36%,$542,$91,$451,$94,$205,$390,$152,$2,$154,$31,$123,$123,$123,$166,$152,$61,62,$2.01,$1.99,$1085,$31,$56,$1469,$126,$329,$556,$45,$1092,$2561,$944,$0,$59,$351,$1295,$20,$1268,$-22,$1266,$2561,$321,$44,$142,$186,$-7,$-1,$0,$75,$50,$557,$-35,$0,$0,$0,$-193,$-193,$0,$-228,$0,$0,$0,$-401,$-401,$0,$0,$-401,$-74,$121,$0
2,2018-03-31,144.61,$20.07,7.21,$33.31,4.34,$27.28,5.3,$6.84,21.14,$1.41B,$0.96B,1.46,$0.00B,$1.23B,0.0,$2.11B,$1.76B,83.10%,$2.11B,$0.57B,27.13%,$2.11B,$0.57B,27.13%,$2.11B,$0.63B,29.97%,$2.11B,$0.59B,27.75%,$2.11B,$0.43B,20.45%,$0.43B,$1.23B,35.35%,$0.43B,$0.67B,64.86%,$0.43B,$2.52B,17.44%,$0.57B,$1.23B,46.89%,$533,$90,$444,$91,$209,$390,$143,$3,$146,$37,$110,$110,$110,$158,$143,$61,62,$1.79,$1.77,$1025,$30,$62,$1407,$117,$350,$556,$49,$1110,$2517,$962,$0,$54,$328,$1291,$21,$1226,$-21,$1227,$2517,$198,$30,$101,$131,$0,$0,$0,$51,$46,$375,$-15,$0,$0,$0,$-157,$-157,$0,$-172,$0,$0,$0,$-280,$-280,$0,$0,$-280,$-77,$82,$0
3,2017-12-31,131.22,$19.84,6.61,$32.69,4.01,$26.73,4.91,$6.50,20.19,$1.38B,$0.95B,1.46,$0.00B,$1.23B,0.0,$2.10B,$1.74B,83.02%,$2.10B,$0.57B,27.13%,$2.10B,$0.57B,27.13%,$2.10B,$0.63B,30.00%,$2.10B,$0.58B,27.66%,$2.10B,$0.42B,19.79%,$0.42B,$1.23B,34.26%,$0.42B,$0.67B,63.31%,$0.42B,$2.49B,16.98%,$0.57B,$1.23B,46.97%,$523,$87,$436,$86,$208,$381,$142,$2,$144,$56,$88,$88,$88,$157,$142,$62,63,$1.42,$1.41,$1005,$29,$56,$1381,$117,$348,$556,$52,$1113,$2494,$945,$0,$52,$321,$1267,$20,$1227,$-19,$1227,$2494,$88,$15,$56,$71,$0,$1,$0,$38,$31,$190,$-5,$0,$0,$0,$-116,$-116,$-0,$-121,$0,$0,$0,$-130,$-130,$0,$0,$-130,$-61,$41,$0
4,2017-09-30,120.56,$19.64,6.14,$32.18,3.75,$26.45,4.56,$6.53,18.46,$1.41B,$0.94B,1.51,$0.00B,$1.23B,0.0,$2.09B,$1.74B,83.06%,$2.09B,$0.56B,26.99%,$2.09B,$0.56B,26.99%,$2.09B,$0.62B,29.86%,$2.09B,$0.58B,27.56%,$2.09B,$0.42B,20.14%,$0.42B,$1.23B,34.98%,$0.42B,$0.67B,65.02%,$0.42B,$2.48B,17.40%,$0.56B,$1.23B,46.86%,$538,$91,$447,$85,$200,$389,$149,$5,$154,$18,$136,$136,$136,$164,$149,$64,65,$2.14,$2.11,$1017,$30,$68,$1406,$122,$285,$556,$54,$1070,$2476,$935,$0,$45,$313,$1247,$18,$1230,$-18,$1229,$2476,$421,$61,$171,$232,$-24,$4,$0,$77,$88,$740,$-39,$-4,$0,$0,$10,$10,$-0,$-32,$0,$0,$0,$-553,$-553,$0,$7,$-546,$159,$175,$0
5,2017-06-30,127.06,$18.96,6.7,$31.60,4.02,$25.15,5.05,$6.03,21.07,$1.45B,$0.91B,1.59,$0.00B,$1.21B,0.0,$2.08B,$1.73B,83.25%,$2.08B,$0.58B,27.83%,$2.08B,$0.58B,27.83%,$2.08B,$0.64B,30.67%,$2.08B,$0.59B,28.17%,$2.08B,$0.39B,18.97%,$0.39B,$1.21B,33.04%,$0.39B,$0.65B,61.90%,$0.39B,$2.42B,16.57%,$0.58B,$1.21B,48.47%,$518,$90,$428,$89,$200,$379,$139,$3,$142,$44,$98,$98,$98,$154,$139,$64,64,$1.53,$1.52,$1014,$31,$52,$1446,$125,$235,$556,$55,$973,$2419,$909,$0,$41,$305,$1214,$18,$1203,$-15,$1205,$2419,$285,$46,$132,$178,$-27,$3,$0,$74,$64,$527,$-31,$-4,$0,$0,$82,$82,$-0,$47,$0,$0,$0,$-403,$-403,$0,$6,$-397,$176,$134,$0
6,2017-03-31,142.57,$18.48,7.72,$30.94,4.61,$24.31,5.87,$5.88,24.25,$1.45B,$0.92B,1.58,$0.00B,$1.19B,0.0,$2.06B,$1.71B,83.32%,$2.06B,$0.58B,28.11%,$2.06B,$0.58B,28.11%,$2.06B,$0.64B,30.93%,$2.06B,$0.58B,28.36%,$2.06B,$0.39B,18.87%,$0.39B,$1.19B,32.66%,$0.39B,$0.63B,61.39%,$0.39B,$2.39B,16.61%,$0.58B,$1.19B,48.65%,$518,$88,$430,$89,$203,$380,$139,$1,$140,$47,$93,$93,$93,$154,$139,$64,65,$1.44,$1.43,$1015,$33,$51,$1445,$127,$200,$556,$58,$943,$2388,$916,$0,$37,$287,$1203,$19,$1181,$-15,$1185,$2388,$187,$30,$91,$121,$-26,$2,$0,$60,$56,$365,$-24,$-4,$0,$0,$82,$82,$0,$54,$0,$0,$0,$-281,$-281,$0,$5,$-276,$141,$91,$0
7,2016-12-31,144.72,$18.44,7.85,$30.11,4.81,$23.60,6.13,$5.56,26.03,$1.43B,$0.92B,1.55,$0.00B,$1.20B,0.0,$2.02B,$1.68B,83.28%,$2.02B,$0.55B,27.40%,$2.02B,$0.55B,27.40%,$2.02B,$0.61B,30.22%,$2.02B,$0.56B,27.60%,$2.02B,$0.37B,18.30%,$0.37B,$1.20B,31.17%,$0.37B,$0.64B,58.64%,$0.37B,$2.40B,16.09%,$0.55B,$1.20B,46.67%,$516,$85,$431,$87,$206,$379,$137,$3,$140,$46,$94,$94,$94,$152,$137,$65,66,$1.45,$1.44,$974,$34,$53,$1427,$129,$223,$556,$60,$970,$2397,$919,$0,$36,$283,$1202,$17,$1194,$-16,$1195,$2397,$94,$15,$44,$59,$-45,$0,$0,$44,$36,$189,$-14,$-4,$0,$0,$18,$18,$0,$-0,$0,$0,$0,$-131,$-131,$0,$3,$-128,$58,$47,$0
8,2016-09-30,124.64,$18.15,6.87,$29.25,4.26,$23.66,5.27,$5.40,23.08,$1.29B,$0.84B,1.53,$0.00B,$1.19B,0.0,$2.00B,$1.66B,83.06%,$2.00B,$0.55B,27.47%,$2.00B,$0.55B,27.47%,$2.00B,$0.60B,30.28%,$2.00B,$0.55B,27.57%,$2.00B,$0.37B,18.35%,$0.37B,$1.19B,30.40%,$0.37B,$0.63B,56.48%,$0.37B,$2.31B,16.06%,$0.55B,$1.19B,45.51%,$525,$85,$440,$84,$193,$363,$163,$0,$163,$54,$109,$109,$109,$177,$163,$67,68,$1.65,$1.62,$882,$34,$53,$1289,$123,$276,$556,$60,$1018,$2306,$844,$0,$34,$277,$1121,$13,$1185,$-13,$1185,$2306,$366,$57,$162,$219,$10,$-0,$0,$84,$127,$712,$-63,$-5,$0,$0,$131,$131,$-0,$63,$0,$0,$0,$-655,$-655,$0,$3,$-653,$124,$157,$0
9,2016-06-30,113.84,$17.93,6.35,$28.43,4.0,$22.73,5.01,$5.12,22.23,$1.21B,$0.80B,1.51,$0.00B,$1.19B,0.0,$1.97B,$1.63B,82.90%,$1.97B,$0.53B,27.04%,$1.97B,$0.53B,27.04%,$1.97B,$0.59B,29.83%,$1.97B,$0.54B,27.19%,$1.97B,$0.35B,17.96%,$0.35B,$1.19B,28.62%,$0.35B,$0.63B,51.98%,$0.35B,$2.25B,15.52%,$0.53B,$1.19B,43.09%,$497,$84,$412,$83,$191,$358,$139,$1,$140,$48,$92,$92,$92,$153,$139,$67,67,$1.37,$1.37,$811,$34,$51,$1208,$115,$313,$556,$61,$1046,$2254,$799,$0,$31,$267,$1067,$10,$1190,$-13,$1187,$2254,$257,$42,$129,$171,$15,$-0,$0,$73,$80,$507,$-46,$-3,$0,$0,$83,$83,$0,$33,$0,$0,$0,$-505,$-505,$0,$2,$-504,$39,$118,$0
10,2016-03-31,105.85,$17.63,6.0,$27.77,3.81,$22.25,4.76,$5.04,21.0,$1.19B,$0.80B,1.49,$0.00B,$1.18B,0.0,$1.96B,$1.62B,82.74%,$1.96B,$0.53B,27.27%,$1.96B,$0.53B,27.27%,$1.96B,$0.59B,30.03%,$1.96B,$0.54B,27.43%,$1.96B,$0.36B,18.13%,$0.36B,$1.18B,27.91%,$0.36B,$0.63B,49.60%,$0.36B,$2.24B,15.55%,$0.53B,$1.18B,41.98%,$484,$82,$401,$86,$191,$369,$115,$0,$115,$40,$75,$75,$75,$129,$115,$68,68,$1.12,$1.11,$775,$35,$67,$1194,$108,$319,$556,$65,$1048,$2242,$800,$0,$32,$261,$1061,$25,$1169,$-14,$1181,$2242,$165,$28,$88,$116,$13,$-1,$0,$43,$56,$337,$-30,$-3,$0,$0,$82,$82,$0,$49,$0,$0,$0,$-381,$-381,$0,$1,$-380,$8,$80,$0
11,2015-12-31,96.96,$18.36,5.28,$27.13,3.57,$21.96,4.42,$5.11,18.97,$1.21B,$0.80B,1.51,$0.00B,$1.26B,0.0,$1.95B,$1.61B,82.68%,$1.95B,$0.55B,28.37%,$1.95B,$0.55B,28.37%,$1.95B,$0.61B,31.09%,$1.95B,$0.56B,28.67%,$1.95B,$0.37B,18.81%,$0.37B,$1.26B,28.00%,$0.37B,$0.71B,48.77%,$0.37B,$2.32B,16.07%,$0.55B,$1.26B,42.23%,$489,$86,$404,$81,$192,$359,$131,$1,$132,$42,$90,$90,$90,$145,$131,$70,70,$1.29,$1.28,$792,$34,$51,$1208,$100,$383,$556,$68,$1108,$2316,$803,$0,$31,$251,$1054,$16,$1263,$-17,$1263,$2316,$90,$14,$43,$57,$-0,$0,$0,$54,$58,$204,$-13,$-3,$0,$0,$36,$36,$0,$19,$0,$0,$0,$-182,$-182,$0,$1,$-180,$43,$38,$0
12,2015-09-30,115.8,$18.77,6.17,$26.39,4.39,$21.61,5.36,$5.04,22.98,$1.19B,$0.76B,1.57,$0.00B,$1.32B,0.0,$1.92B,$1.59B,82.71%,$1.92B,$0.55B,28.80%,$1.92B,$0.55B,28.80%,$1.92B,$0.61B,31.51%,$1.92B,$0.56B,29.22%,$1.92B,$0.37B,19.01%,$0.37B,$1.32B,27.44%,$0.37B,$0.76B,47.19%,$0.37B,$2.31B,16.17%,$0.55B,$1.32B,41.57%,$501,$85,$417,$78,$191,$354,$148,$2,$149,$52,$97,$97,$97,$161,$148,$72,73,$1.37,$1.35,$774,$34,$51,$1188,$96,$398,$556,$68,$1124,$2312,$755,$0,$30,$240,$996,$10,$1322,$-15,$1317,$2312,$365,$53,$135,$187,$-39,$-9,$0,$141,$132,$685,$-60,$-7,$0,$0,$56,$56,$0,$-11,$0,$0,$0,$-566,$-566,$0,$10,$-557,$109,$146,$0
13,2015-06-30,120.35,$18.69,6.44,$25.59,4.7,$19.92,6.04,$4.94,24.36,$1.19B,$0.72B,1.65,$0.00B,$1.33B,0.0,$1.88B,$1.55B,82.48%,$1.88B,$0.55B,29.30%,$1.88B,$0.55B,29.30%,$1.88B,$0.60B,32.06%,$1.88B,$0.56B,29.83%,$1.88B,$0.36B,19.21%,$0.36B,$1.33B,26.95%,$0.36B,$0.77B,46.04%,$0.36B,$2.26B,16.26%,$0.55B,$1.33B,41.09%,$484,$86,$398,$74,$183,$343,$140,$1,$141,$48,$93,$93,$93,$153,$140,$72,72,$1.30,$1.29,$798,$30,$50,$1186,$84,$362,$557,$71,$1077,$2262,$717,$0,$26,$218,$935,$6,$1334,$-13,$1327,$2262,$268,$39,$100,$139,$-20,$-6,$0,$100,$94,$501,$-42,$-6,$0,$0,$242,$242,$0,$194,$0,$0,$0,$-416,$-416,$0,$7,$-410,$281,$104,$0
14,2015-03-31,114.94,$18.44,6.23,$24.72,4.65,$18.36,6.26,$4.70,24.46,$1.05B,$0.70B,1.51,$0.00B,$1.32B,0.0,$1.84B,$1.52B,82.45%,$1.84B,$0.54B,29.24%,$1.84B,$0.54B,29.24%,$1.84B,$0.59B,31.96%,$1.84B,$0.55B,29.78%,$1.84B,$0.35B,18.91%,$0.35B,$1.32B,25.56%,$0.35B,$0.76B,43.24%,$0.35B,$2.22B,15.79%,$0.54B,$1.32B,39.51%,$472,$83,$390,$75,$182,$339,$133,$3,$136,$50,$86,$86,$86,$146,$133,$72,73,$1.19,$1.18,$666,$29,$49,$1052,$69,$468,$557,$74,$1169,$2221,$698,$0,$23,$202,$900,$21,$1314,$-13,$1321,$2221,$175,$26,$67,$94,$-22,$-5,$0,$80,$60,$329,$-21,$-6,$0,$0,$76,$76,$0,$49,$0,$0,$0,$-290,$-290,$0,$4,$-286,$86,$67,$0
15,2014-12-31,130.47,$18.66,6.99,$23.73,5.5,$17.15,7.61,$4.43,29.45,$1.03B,$0.70B,1.48,$0.00B,$1.36B,0.0,$1.79B,$1.47B,82.27%,$1.79B,$0.52B,28.86%,$1.79B,$0.52B,28.86%,$1.79B,$0.56B,31.54%,$1.79B,$0.52B,29.25%,$1.79B,$0.33B,18.57%,$0.33B,$1.36B,23.97%,$0.33B,$0.80B,39.62%,$0.33B,$2.24B,15.16%,$0.52B,$1.36B,37.25%,$463,$79,$383,$70,$181,$330,$132,$3,$135,$46,$89,$89,$89,$145,$132,$73,74,$1.21,$1.21,$654,$28,$44,$1027,$67,$513,$557,$72,$1210,$2236,$696,$0,$23,$185,$881,$5,$1363,$-12,$1356,$2236,$89,$13,$31,$44,$-14,$-3,$0,$44,$53,$186,$-10,$-1,$0,$0,$-54,$-54,$0,$-66,$0,$0,$0,$-133,$-133,$0,$3,$-131,$-13,$31,$0
16,2014-09-30,118.74,$18.66,6.36,$22.69,5.23,$16.74,7.09,$4.09,29.03,$1.00B,$0.64B,1.57,$0.00B,$1.37B,0.0,$1.73B,$1.42B,82.15%,$1.73B,$0.49B,28.48%,$1.73B,$0.49B,28.48%,$1.73B,$0.54B,31.20%,$1.73B,$0.50B,28.71%,$1.73B,$0.31B,17.97%,$0.31B,$1.37B,22.06%,$0.31B,$0.81B,35.72%,$0.31B,$2.19B,14.23%,$0.49B,$1.37B,34.97%,$465,$82,$383,$65,$170,$318,$147,$2,$150,$56,$94,$94,$94,$160,$147,$75,76,$1.27,$1.26,$645,$24,$44,$999,$67,$483,$557,$75,$1186,$2185,$637,$0,$23,$179,$816,$16,$1363,$-10,$1369,$2185,$311,$46,$127,$173,$-41,$-5,$0,$93,$65,$549,$-23,$0,$-49,$0,$223,$223,$0,$151,$0,$0,$0,$-615,$-615,$0,$10,$-605,$92,$127,$0
17,2014-06-30,111.44,$18.82,5.92,$21.57,5.17,$15.81,7.05,$3.80,29.33,$0.95B,$0.61B,1.55,$0.00B,$1.40B,0.0,$1.66B,$1.37B,82.30%,$1.66B,$0.47B,28.36%,$1.66B,$0.47B,28.36%,$1.66B,$0.52B,31.01%,$1.66B,$0.47B,28.48%,$1.66B,$0.29B,17.64%,$0.29B,$1.40B,20.18%,$0.29B,$0.84B,31.80%,$0.29B,$2.18B,13.34%,$0.47B,$1.40B,32.43%,$440,$79,$361,$67,$168,$314,$126,$1,$127,$48,$79,$79,$79,$137,$126,$75,75,$1.06,$1.05,$611,$23,$45,$945,$63,$509,$557,$77,$1230,$2175,$611,$0,$22,$164,$775,$19,$1389,$-7,$1401,$2175,$217,$34,$100,$134,$-41,$-4,$0,$75,$28,$379,$-16,$0,$-49,$0,$195,$195,$0,$130,$0,$0,$0,$-465,$-465,$0,$8,$-457,$52,$102,$0
18,2014-03-31,106.63,$18.82,5.67,$20.42,5.22,$15.17,7.03,$3.61,29.54,$0.95B,$0.60B,1.59,$0.00B,$1.42B,0.0,$1.59B,$1.31B,82.40%,$1.59B,$0.45B,28.22%,$1.59B,$0.45B,28.22%,$1.59B,$0.49B,30.92%,$1.59B,$0.45B,28.47%,$1.59B,$0.28B,17.72%,$0.28B,$1.42B,19.13%,$0.28B,$0.90B,29.06%,$0.28B,$2.17B,12.88%,$0.45B,$1.42B,30.46%,$420,$76,$344,$67,$166,$309,$111,$0,$111,$41,$70,$70,$70,$122,$111,$76,76,$0.92,$0.91,$624,$21,$59,$950,$62,$541,$518,$73,$1216,$2166,$598,$0,$23,$153,$751,$21,$1401,$-7,$1415,$2166,$138,$23,$68,$91,$-21,$-2,$0,$31,$12,$241,$-10,$0,$0,$0,$151,$151,$0,$141,$0,$0,$0,$-336,$-336,$0,$5,$-331,$50,$70,$0
19,2013-12-31,90.86,$19.12,4.75,$19.34,4.7,$14.81,6.14,$3.50,25.96,$0.87B,$0.61B,1.42,$0.00B,$1.45B,0.0,$1.52B,$1.26B,82.64%,$1.52B,$0.43B,28.27%,$1.52B,$0.43B,28.27%,$1.52B,$0.47B,31.03%,$1.52B,$0.44B,28.73%,$1.52B,$0.28B,18.08%,$0.28B,$1.45B,18.62%,$0.28B,$0.93B,27.74%,$0.28B,$2.22B,12.70%,$0.43B,$1.45B,29.11%,$406,$73,$334,$64,$160,$297,$109,$0,$109,$41,$68,$68,$68,$121,$109,$77,78,$0.88,$0.87,$578,$19,$32,$871,$62,$657,$524,$75,$1344,$2215,$614,$0,$24,$147,$761,$110,$1352,$-8,$1454,$2215,$68,$11,$27,$38,$-18,$-0,$0,$37,$53,$159,$-5,$0,$0,$0,$75,$75,$0,$70,$0,$0,$0,$-187,$-187,$0,$0,$-187,$42,$35,$0
20,2013-09-30,85.81,$19.70,4.35,$18.73,4.58,$14.56,5.89,$3.51,24.45,$0.82B,$0.55B,1.48,$0.00B,$1.54B,0.0,$1.48B,$1.23B,82.97%,$1.48B,$0.43B,29.05%,$1.48B,$0.43B,29.05%,$1.48B,$0.47B,31.76%,$1.48B,$0.44B,29.66%,$1.48B,$0.28B,18.65%,$0.28B,$1.54B,18.90%,$0.28B,$1.02B,27.11%,$0.28B,$2.23B,13.01%,$0.43B,$1.54B,29.45%,$395,$67,$328,$54,$146,$270,$125,$1,$126,$50,$76,$76,$76,$135,$125,$79,79,$0.97,$0.95,$542,$19,$35,$816,$64,$729,$524,$76,$1414,$2231,$551,$0,$25,$140,$692,$263,$1284,$-7,$1539,$2231,$277,$40,$106,$146,$-19,$-2,$0,$81,$77,$500,$-27,$0,$-213,$0,$-113,$-113,$0,$-352,$0,$0,$0,$-170,$-170,$0,$4,$-166,$-21,$104,$0
21,2013-06-30,68.8,$19.01,3.62,$18.28,3.76,$14.42,4.77,$3.39,20.29,$0.83B,$0.53B,1.57,$0.00B,$1.49B,0.0,$1.45B,$1.20B,82.87%,$1.45B,$0.42B,28.80%,$1.45B,$0.42B,28.80%,$1.45B,$0.46B,31.56%,$1.45B,$0.43B,29.42%,$1.45B,$0.27B,18.51%,$0.27B,$1.49B,19.04%,$0.27B,$1.04B,26.54%,$0.27B,$2.15B,13.13%,$0.42B,$1.49B,29.62%,$370,$65,$305,$54,$147,$266,$104,$3,$107,$39,$68,$68,$68,$114,$104,$79,79,$0.87,$0.87,$551,$18,$49,$834,$64,$714,$448,$55,$1313,$2148,$530,$0,$21,$130,$660,$290,$1207,$-9,$1488,$2148,$201,$30,$79,$109,$-21,$-1,$0,$56,$42,$352,$-21,$0,$-125,$0,$-98,$-98,$0,$-244,$0,$0,$0,$-121,$-121,$0,$4,$-117,$-13,$82,$0
22,2013-03-31,89.08,$18.22,4.89,$18.01,4.95,$14.35,6.21,$3.44,25.9,$0.80B,$0.52B,1.55,$0.00B,$1.43B,0.0,$1.43B,$1.19B,82.95%,$1.43B,$0.42B,29.56%,$1.43B,$0.42B,29.56%,$1.43B,$0.46B,32.35%,$1.43B,$0.43B,30.12%,$1.43B,$0.27B,19.01%,$0.27B,$1.43B,20.06%,$0.27B,$0.98B,27.66%,$0.27B,$2.07B,13.85%,$0.42B,$1.43B,31.19%,$350,$60,$290,$53,$145,$258,$92,$2,$95,$31,$63,$63,$63,$102,$92,$79,79,$0.81,$0.80,$523,$18,$60,$804,$63,$663,$448,$57,$1261,$2066,$521,$0,$23,$117,$638,$295,$1139,$-6,$1428,$2066,$133,$20,$53,$73,$-8,$-1,$0,$15,$19,$225,$-15,$0,$-125,$0,$20,$20,$0,$-120,$0,$0,$0,$-88,$-88,$0,$2,$-86,$18,$54,$0
23,2012-12-31,97.15,$17.64,5.51,$17.84,5.45,$14.45,6.72,$3.50,27.76,$0.79B,$0.53B,1.5,$0.00B,$1.39B,0.0,$1.42B,$1.18B,82.97%,$1.42B,$0.44B,30.68%,$1.42B,$0.44B,30.68%,$1.42B,$0.48B,33.43%,$1.42B,$0.44B,31.10%,$1.42B,$0.28B,19.56%,$0.28B,$1.39B,21.33%,$0.28B,$1.04B,29.09%,$0.28B,$2.04B,14.74%,$0.44B,$1.39B,33.45%,$365,$61,$305,$49,$147,$256,$109,$2,$111,$41,$69,$69,$69,$119,$109,$79,79,$0.88,$0.88,$518,$19,$36,$792,$62,$771,$348,$28,$1246,$2038,$530,$0,$21,$122,$651,$315,$1076,$-5,$1386,$2038,$69,$10,$26,$36,$-24,$-1,$0,$29,$40,$145,$-8,$0,$0,$0,$-126,$-126,$0,$-133,$0,$0,$0,$-38,$-38,$0,$1,$-38,$-27,$27,$0
24,2012-09-30,104.64,$16.89,6.2,$17.27,6.06,$14.30,7.32,$3.45,30.33,$0.78B,$0.47B,1.67,$0.00B,$1.33B,0.0,$1.38B,$1.14B,82.80%,$1.38B,$0.43B,30.99%,$1.38B,$0.43B,30.99%,$1.38B,$0.46B,33.53%,$1.38B,$0.43B,31.42%,$1.38B,$0.28B,19.96%,$0.28B,$1.33B,22.01%,$0.28B,$0.98B,29.58%,$0.28B,$1.91B,15.27%,$0.43B,$1.33B,34.17%,$363,$63,$300,$48,$140,$251,$112,$1,$113,$45,$68,$68,$68,$122,$112,$79,80,$0.86,$0.85,$532,$17,$31,$776,$60,$663,$348,$29,$1135,$1911,$466,$0,$21,$116,$582,$327,$1006,$-4,$1329,$1911,$275,$35,$93,$128,$-20,$-0,$0,$102,$92,$495,$-30,$-0,$-128,$0,$-194,$-194,$0,$-352,$0,$0,$0,$-160,$-160,$0,$10,$-149,$-6,$95,$0
25,2012-06-30,99.56,$16.23,6.14,$16.58,6.0,$13.21,7.54,$3.44,28.94,$0.78B,$0.45B,1.75,$0.00B,$1.28B,0.0,$1.33B,$1.10B,82.71%,$1.33B,$0.41B,31.13%,$1.33B,$0.41B,31.13%,$1.33B,$0.45B,33.46%,$1.33B,$0.42B,31.80%,$1.33B,$0.28B,20.68%,$0.28B,$1.28B,23.04%,$0.28B,$0.93B,30.48%,$0.28B,$1.84B,16.03%,$0.41B,$1.28B,34.69%,$353,$60,$292,$47,$135,$243,$110,$2,$112,$39,$72,$72,$72,$120,$110,$79,80,$0.91,$0.91,$520,$17,$44,$783,$54,$587,$348,$31,$1055,$1838,$447,$0,$20,$109,$556,$349,$939,$-6,$1282,$1838,$207,$25,$70,$95,$-28,$0,$0,$76,$45,$347,$-19,$-0,$-128,$0,$-120,$-120,$0,$-267,$0,$0,$0,$-110,$-110,$0,$9,$-100,$-21,$69,$0
26,2012-03-31,134.96,$15.40,8.76,$15.72,8.58,$12.46,10.83,$3.30,40.9,$0.75B,$0.43B,1.72,$0.00B,$1.22B,0.0,$1.27B,$1.05B,82.49%,$1.27B,$0.39B,30.91%,$1.27B,$0.39B,30.91%,$1.27B,$0.42B,32.97%,$1.27B,$0.40B,31.62%,$1.27B,$0.27B,20.98%,$0.27B,$1.22B,22.85%,$0.27B,$0.87B,29.51%,$0.27B,$1.76B,16.07%,$0.39B,$1.22B,33.67%,$340,$58,$282,$44,$134,$235,$105,$1,$106,$37,$69,$69,$69,$114,$105,$79,80,$0.87,$0.86,$490,$17,$47,$747,$52,$544,$348,$32,$1012,$1758,$434,$0,$20,$107,$541,$357,$866,$-6,$1217,$1758,$135,$15,$45,$60,$-18,$0,$0,$53,$39,$233,$-13,$-0,$-128,$0,$-30,$-30,$0,$-172,$0,$0,$0,$-75,$-75,$0,$5,$-69,$-7,$45,$0
27,2011-12-31,106.12,$14.78,7.18,$14.87,7.14,$11.93,8.89,$3.12,34.01,$0.80B,$0.43B,1.86,$0.00B,$1.17B,0.0,$1.21B,$0.99B,82.17%,$1.21B,$0.37B,30.68%,$1.21B,$0.37B,30.68%,$1.21B,$0.39B,32.59%,$1.21B,$0.38B,31.51%,$1.21B,$0.25B,20.98%,$0.25B,$1.17B,22.23%,$0.25B,$0.94B,28.00%,$0.25B,$1.70B,15.80%,$0.37B,$1.17B,32.51%,$322,$56,$267,$39,$128,$223,$100,$2,$102,$35,$66,$66,$66,$106,$100,$79,80,$0.84,$0.83,$557,$17,$34,$804,$51,$558,$235,$16,$895,$1699,$433,$0,$19,$96,$528,$379,$798,$-7,$1170,$1699,$66,$6,$23,$28,$-23,$-0,$0,$33,$37,$132,$-6,$0,$0,$0,$-62,$-62,$0,$-67,$0,$0,$0,$-25,$-25,$0,$1,$-23,$41,$22,$0
28,2011-09-30,71.05,$13.97,5.09,$14.12,5.03,$11.55,6.15,$2.97,23.92,$0.76B,$0.37B,2.05,$0.00B,$1.11B,0.0,$1.15B,$0.94B,81.87%,$1.15B,$0.35B,30.36%,$1.15B,$0.35B,30.36%,$1.15B,$0.37B,32.26%,$1.15B,$0.36B,31.22%,$1.15B,$0.24B,21.08%,$0.24B,$1.11B,21.81%,$0.24B,$0.87B,27.62%,$0.24B,$1.57B,15.73%,$0.35B,$1.11B,31.41%,$315,$56,$259,$37,$123,$215,$99,$4,$103,$36,$68,$68,$68,$105,$99,$81,81,$0.84,$0.83,$543,$17,$30,$764,$48,$470,$235,$17,$805,$1569,$372,$0,$18,$91,$463,$381,$731,$-6,$1105,$1569,$241,$21,$95,$116,$-55,$2,$0,$92,$60,$417,$-30,$-6,$0,$0,$-104,$-104,$0,$-140,$0,$0,$0,$-250,$-250,$0,$24,$-227,$48,$90,$0
29,2011-06-30,110.25,$14.43,7.64,$13.40,8.23,$10.52,10.48,$2.72,40.53,$0.80B,$0.35B,2.28,$0.00B,$1.17B,0.0,$1.09B,$0.89B,81.68%,$1.09B,$0.33B,29.95%,$1.09B,$0.33B,29.95%,$1.09B,$0.35B,31.96%,$1.09B,$0.33B,30.49%,$1.09B,$0.22B,20.42%,$0.22B,$1.17B,20.48%,$0.22B,$0.93B,26.10%,$0.22B,$1.60B,14.93%,$0.33B,$1.17B,30.03%,$291,$52,$238,$35,$115,$202,$88,$2,$90,$28,$63,$63,$63,$93,$88,$81,81,$0.77,$0.77,$585,$18,$30,$797,$42,$472,$235,$13,$800,$1597,$349,$0,$16,$83,$432,$505,$664,$-3,$1165,$1597,$174,$16,$67,$83,$-43,$1,$0,$71,$38,$295,$-21,$-0,$0,$0,$-63,$-63,$0,$-84,$0,$0,$0,$-100,$-100,$0,$20,$-80,$131,$68,$0
30,2011-03-31,102.57,$13.78,7.44,$12.68,8.09,$9.83,10.44,$2.45,41.87,$0.69B,$0.34B,2.02,$0.00B,$1.11B,0.0,$1.03B,$0.84B,81.47%,$1.03B,$0.30B,29.00%,$1.03B,$0.30B,29.00%,$1.03B,$0.32B,31.23%,$1.03B,$0.31B,29.78%,$1.03B,$0.20B,19.40%,$0.20B,$1.11B,19.36%,$0.20B,$0.88B,25.04%,$0.20B,$1.54B,14.17%,$0.30B,$1.11B,28.94%,$278,$51,$227,$35,$109,$194,$83,$2,$85,$29,$56,$56,$56,$89,$83,$81,82,$0.69,$0.68,$475,$18,$46,$691,$38,$522,$235,$14,$848,$1539,$342,$0,$19,$84,$426,$516,$601,$-5,$1112,$1539,$111,$11,$43,$54,$-31,$1,$0,$46,$29,$194,$-12,$-0,$0,$0,$-99,$-99,$0,$-111,$0,$0,$0,$-62,$-62,$0,$16,$-46,$37,$45,$0
31,2010-12-31,130.16,$13.32,9.77,$11.83,11.0,$9.39,13.87,$2.18,59.71,$0.69B,$0.33B,2.09,$0.00B,$1.08B,0.0,$0.96B,$0.78B,81.13%,$0.96B,$0.27B,27.74%,$0.96B,$0.27B,27.74%,$0.96B,$0.29B,30.14%,$0.96B,$0.27B,28.57%,$0.96B,$0.18B,18.46%,$0.18B,$1.08B,18.11%,$0.18B,$0.84B,23.83%,$0.18B,$1.48B,13.38%,$0.27B,$1.08B,27.22%,$269,$49,$220,$33,$108,$189,$80,$3,$82,$27,$56,$56,$56,$85,$80,$81,82,$0.69,$0.68,$486,$18,$30,$685,$36,$467,$235,$15,$791,$1476,$328,$0,$18,$73,$401,$534,$545,$-4,$1075,$1476,$56,$5,$22,$27,$-30,$1,$0,$36,$20,$103,$-5,$0,$0,$0,$-92,$-92,$0,$-97,$0,$0,$0,$-16,$-16,$0,$10,$-6,$-1,$23,$0
32,2010-09-30,103.81,$12.49,8.31,$10.91,9.51,$9.07,11.45,$1.86,55.81,$0.61B,$0.29B,2.11,$0.00B,$1.00B,0.0,$0.88B,$0.71B,80.59%,$0.88B,$0.23B,26.11%,$0.88B,$0.23B,26.11%,$0.88B,$0.25B,28.83%,$0.88B,$0.24B,26.90%,$0.88B,$0.15B,17.03%,$0.15B,$1.00B,16.29%,$0.15B,$0.77B,21.85%,$0.15B,$1.36B,12.11%,$0.23B,$1.00B,24.98%,$254,$47,$207,$32,$100,$178,$76,$0,$76,$28,$48,$48,$48,$82,$76,$80,81,$0.60,$0.59,$428,$19,$38,$606,$34,$434,$235,$16,$756,$1362,$287,$0,$16,$71,$358,$517,$490,$-3,$1004,$1362,$151,$24,$80,$104,$-6,$-5,$0,$58,$59,$314,$-13,$0,$0,$0,$-226,$-226,$0,$-238,$0,$0,$0,$-43,$-43,$0,$27,$-17,$58,$71,$0
33,2010-06-30,68.57,$11.77,5.82,$9.96,6.88,$7.73,8.87,$1.63,42.07,$0.56B,$0.26B,2.16,$0.00B,$0.94B,0.0,$0.80B,$0.64B,80.05%,$0.80B,$0.19B,24.19%,$0.80B,$0.19B,24.19%,$0.80B,$0.22B,27.18%,$0.80B,$0.20B,25.31%,$0.80B,$0.13B,16.21%,$0.13B,$0.94B,14.95%,$0.13B,$0.71B,20.44%,$0.13B,$1.27B,11.15%,$0.19B,$0.94B,22.31%,$230,$45,$186,$31,$95,$170,$60,$4,$64,$23,$40,$40,$40,$66,$60,$80,81,$0.51,$0.50,$401,$18,$31,$560,$36,$382,$234,$18,$707,$1267,$259,$0,$15,$66,$326,$505,$441,$-5,$942,$1267,$103,$18,$62,$80,$3,$-4,$0,$44,$44,$227,$-10,$0,$0,$0,$-173,$-173,$0,$-184,$0,$0,$0,$-26,$-26,$0,$16,$-9,$33,$51,$0
34,2010-03-31,61.63,$11.17,5.52,$9.11,6.77,$6.75,9.13,$1.42,43.4,$0.53B,$0.24B,2.21,$0.00B,$0.89B,0.0,$0.73B,$0.58B,79.59%,$0.73B,$0.17B,22.60%,$0.73B,$0.17B,22.60%,$0.73B,$0.19B,26.03%,$0.73B,$0.17B,23.70%,$0.73B,$0.11B,15.48%,$0.11B,$0.89B,13.66%,$0.11B,$0.65B,19.00%,$0.11B,$1.19B,10.24%,$0.17B,$0.89B,19.94%,$206,$41,$165,$29,$86,$156,$50,$2,$52,$19,$33,$33,$33,$56,$50,$79,81,$0.42,$0.41,$385,$16,$27,$526,$37,$326,$234,$22,$661,$1187,$238,$0,$14,$61,$300,$490,$401,$-4,$888,$1187,$62,$12,$40,$52,$16,$-3,$0,$37,$37,$152,$-7,$0,$0,$0,$-101,$-101,$0,$-108,$0,$0,$0,$-16,$-16,$0,$10,$-6,$38,$34,$0
35,2009-12-31,52.97,$10.73,4.94,$8.49,6.24,$6.09,8.7,$1.25,42.38,$0.53B,$0.24B,2.22,$0.00B,$0.85B,0.0,$0.68B,$0.53B,78.76%,$0.68B,$0.14B,20.35%,$0.68B,$0.14B,20.35%,$0.68B,$0.17B,24.34%,$0.68B,$0.15B,21.53%,$0.68B,$0.10B,14.60%,$0.10B,$0.85B,12.50%,$0.10B,$0.62B,17.69%,$0.10B,$1.14B,9.41%,$0.14B,$0.85B,17.43%,$191,$39,$152,$27,$82,$147,$44,$2,$45,$16,$29,$29,$29,$50,$44,$79,80,$0.37,$0.36,$370,$15,$25,$526,$38,$277,$234,$24,$613,$1140,$237,$0,$14,$54,$291,$484,$368,$-3,$849,$1140,$29,$6,$25,$31,$-3,$-1,$0,$25,$14,$74,$-4,$0,$0,$0,$-37,$-37,$0,$-41,$0,$0,$0,$-1,$-1,$0,$5,$3,$36,$17,$0
36,2009-09-30,39.63,$10.20,3.88,$8.18,4.84,$5.89,6.73,$1.16,34.16,$0.47B,$0.22B,2.1,$0.00B,$0.80B,0.0,$0.65B,$0.51B,78.41%,$0.65B,$0.12B,18.53%,$0.65B,$0.12B,18.53%,$0.65B,$0.15B,22.82%,$0.65B,$0.13B,20.06%,$0.65B,$0.09B,13.94%,$0.09B,$0.80B,11.90%,$0.09B,$0.57B,17.07%,$0.09B,$1.07B,8.97%,$0.12B,$0.80B,15.82%,$175,$36,$139,$26,$73,$135,$40,$2,$42,$13,$28,$28,$28,$46,$40,$79,80,$0.36,$0.34,$317,$14,$22,$468,$39,$257,$232,$23,$600,$1069,$223,$0,$14,$47,$270,$463,$339,$-2,$799,$1069,$92,$26,$53,$79,$-13,$-4,$0,$37,$31,$202,$-12,$-1,$0,$0,$-87,$-87,$0,$-99,$0,$0,$0,$-69,$-69,$0,$-2,$-71,$33,$56,$0
37,2009-06-30,34.61,$9.86,3.51,$8.05,4.3,$5.50,6.29,$1.04,33.28,$0.40B,$0.20B,1.99,$0.00B,$0.77B,0.0,$0.65B,$0.51B,77.81%,$0.65B,$0.11B,16.49%,$0.65B,$0.11B,16.49%,$0.65B,$0.14B,20.80%,$0.65B,$0.12B,18.18%,$0.65B,$0.08B,12.79%,$0.08B,$0.77B,11.15%,$0.08B,$0.54B,16.19%,$0.08B,$1.02B,8.46%,$0.11B,$0.77B,14.37%,$158,$34,$125,$25,$68,$127,$31,$3,$34,$12,$23,$23,$23,$38,$31,$79,80,$0.29,$0.29,$264,$14,$26,$401,$40,$274,$232,$26,$616,$1018,$202,$0,$14,$41,$243,$467,$310,$-3,$774,$1018,$63,$20,$45,$65,$3,$-3,$0,$18,$15,$143,$-8,$-1,$0,$0,$-74,$-74,$0,$-83,$0,$0,$0,$-48,$-48,$0,$-3,$-51,$10,$41,$0
38,2009-03-31,20.95,$9.53,2.2,$8.08,2.59,$5.16,4.06,$0.98,21.38,$0.40B,$0.20B,1.99,$0.00B,$0.75B,0.0,$0.66B,$0.51B,77.17%,$0.66B,$0.10B,15.68%,$0.66B,$0.10B,15.68%,$0.66B,$0.13B,19.79%,$0.66B,$0.12B,17.50%,$0.66B,$0.08B,12.02%,$0.08B,$0.75B,10.76%,$0.08B,$0.51B,15.73%,$0.08B,$0.98B,8.22%,$0.10B,$0.75B,14.03%,$154,$37,$118,$26,$64,$131,$23,$2,$25,$6,$19,$19,$19,$31,$23,$79,80,$0.24,$0.24,$259,$15,$27,$396,$43,$241,$232,$27,$587,$983,$199,$0,$14,$39,$238,$461,$287,$-4,$745,$983,$40,$14,$32,$46,$4,$-5,$0,$9,$10,$97,$-6,$-1,$0,$0,$-4,$-4,$0,$-11,$0,$0,$0,$-42,$-42,$0,$-3,$-45,$41,$28,$0
39,2008-12-31,22.86,$9.37,2.44,$8.04,2.84,$4.84,4.72,$0.95,24.06,$0.42B,$0.21B,2.03,$0.00B,$0.74B,0.0,$0.66B,$0.51B,77.19%,$0.66B,$0.10B,15.56%,$0.66B,$0.10B,15.56%,$0.66B,$0.13B,19.34%,$0.66B,$0.12B,17.98%,$0.66B,$0.08B,11.78%,$0.08B,$0.74B,10.63%,$0.08B,$0.51B,15.53%,$0.08B,$0.99B,8.22%,$0.10B,$0.74B,14.03%,$166,$36,$130,$27,$75,$138,$27,$3,$30,$9,$21,$21,$21,$34,$27,$79,80,$0.27,$0.27,$278,$16,$23,$423,$47,$209,$232,$32,$563,$986,$208,$0,$14,$38,$246,$475,$268,$-3,$741,$986,$21,$6,$20,$26,$-6,$-5,$0,$8,$10,$58,$-4,$0,$0,$0,$7,$7,$0,$3,$0,$0,$0,$-15,$-15,$0,$-2,$-17,$44,$15,$0
40,2008-09-30,23.38,$9.08,2.57,$7.76,3.01,$4.60,5.09,$0.89,26.27,$0.32B,$0.19B,1.73,$0.00B,$0.72B,0.0,$0.65B,$0.50B,76.92%,$0.65B,$0.10B,15.23%,$0.65B,$0.10B,15.23%,$0.65B,$0.12B,18.77%,$0.65B,$0.12B,18.15%,$0.65B,$0.08B,11.54%,$0.08B,$0.72B,9.98%,$0.08B,$0.49B,14.45%,$0.08B,$0.94B,7.89%,$0.10B,$0.72B,13.18%,$171,$39,$132,$26,$75,$146,$26,$4,$29,$9,$20,$20,$20,$32,$26,$82,83,$0.24,$0.24,$190,$10,$20,$323,$48,$261,$232,$28,$616,$939,$187,$0,$15,$34,$221,$477,$247,$-6,$718,$939,$74,$24,$58,$81,$-8,$1,$0,$41,$38,$194,$-28,$0,$-1,$0,$43,$43,$0,$14,$0,$0,$0,$-181,$-181,$0,$-0,$-182,$24,$61,$0
41,2008-06-30,28.42,$9.13,3.11,$7.42,3.83,$4.41,6.45,$0.80,35.53,$0.41B,$0.17B,2.41,$0.00B,$0.73B,0.0,$0.63B,$0.48B,76.80%,$0.63B,$0.09B,14.72%,$0.63B,$0.09B,14.72%,$0.63B,$0.11B,18.24%,$0.63B,$0.12B,18.40%,$0.63B,$0.07B,10.88%,$0.07B,$0.73B,8.89%,$0.07B,$0.50B,12.79%,$0.07B,$0.93B,7.14%,$0.09B,$0.73B,12.03%,$166,$38,$127,$26,$74,$138,$27,$4,$31,$12,$19,$19,$19,$33,$27,$81,82,$0.24,$0.23,$267,$10,$27,$408,$48,$180,$232,$28,$526,$934,$169,$0,$12,$33,$202,$511,$227,$-6,$732,$934,$55,$17,$48,$66,$-8,$1,$0,$31,$15,$135,$-23,$0,$-1,$0,$79,$79,$0,$55,$0,$0,$0,$-133,$-133,$0,$-1,$-134,$55,$46,$0
42,2008-03-31,18.17,$9.17,1.98,$6.95,2.61,$4.34,4.19,$0.83,22.02,$0.48B,$0.16B,2.96,$0.00B,$0.75B,0.0,$0.59B,$0.46B,77.16%,$0.59B,$0.09B,15.74%,$0.59B,$0.09B,15.74%,$0.59B,$0.11B,19.12%,$0.59B,$0.12B,20.14%,$0.59B,$0.07B,12.01%,$0.07B,$0.75B,9.26%,$0.07B,$0.51B,12.42%,$0.07B,$0.94B,7.55%,$0.09B,$0.75B,12.13%,$159,$37,$122,$26,$73,$136,$23,$6,$29,$11,$18,$18,$18,$29,$23,$83,84,$0.21,$0.21,$331,$9,$29,$477,$41,$118,$232,$31,$461,$938,$161,$0,$9,$32,$193,$540,$208,$-3,$745,$938,$35,$11,$33,$44,$-11,$2,$0,$12,$-1,$79,$-10,$0,$-1,$0,$112,$112,$0,$100,$0,$0,$0,$-91,$-91,$0,$1,$-90,$88,$31,$0
43,2007-12-31,28.52,$9.54,2.99,$6.56,4.35,$4.43,6.44,$0.85,33.55,$0.48B,$0.16B,3.1,$0.00B,$0.81B,0.0,$0.56B,$0.43B,77.32%,$0.56B,$0.10B,17.14%,$0.56B,$0.10B,17.14%,$0.56B,$0.11B,20.18%,$0.56B,$0.12B,21.96%,$0.56B,$0.07B,13.04%,$0.07B,$0.81B,9.67%,$0.07B,$0.58B,12.23%,$0.07B,$0.99B,7.98%,$0.10B,$0.81B,12.72%,$154,$35,$119,$24,$72,$131,$23,$6,$29,$11,$18,$18,$18,$28,$23,$85,86,$0.21,$0.21,$351,$10,$19,$484,$37,$167,$234,$32,$508,$992,$156,$0,$8,$26,$182,$621,$190,$-1,$810,$992,$18,$5,$16,$22,$-8,$0,$0,$10,$3,$42,$-5,$0,$-1,$0,$-27,$-27,$0,$-33,$0,$0,$0,$6,$6,$0,$1,$7,$15,$15,$0
44,2007-09-30,37.19,$9.13,4.07,$6.19,6.01,$4.52,8.23,$0.91,41.09,$0.39B,$0.15B,2.52,$0.00B,$0.77B,0.0,$0.53B,$0.41B,77.57%,$0.53B,$0.10B,19.01%,$0.53B,$0.10B,19.01%,$0.53B,$0.12B,22.05%,$0.53B,$0.13B,24.33%,$0.53B,$0.08B,14.64%,$0.08B,$0.77B,10.74%,$0.08B,$0.54B,12.90%,$0.08B,$0.94B,8.91%,$0.10B,$0.77B,13.95%,$146,$33,$112,$20,$59,$127,$19,$7,$26,$13,$13,$13,$13,$24,$19,$83,85,$0.16,$0.14,$258,$11,$20,$387,$36,$216,$234,$33,$558,$944,$153,$0,$8,$20,$174,$598,$173,$-1,$771,$944,$77,$16,$63,$79,$-30,$-2,$0,$30,$14,$170,$-16,$0,$-207,$0,$35,$35,$0,$-188,$0,$0,$0,$23,$23,$0,$12,$35,$17,$41,$0
45,2007-06-30,40.3,$8.84,4.56,$5.82,6.92,$3.97,10.15,$0.97,41.55,$0.51B,$0.13B,3.99,$0.00B,$0.74B,0.0,$0.49B,$0.38B,77.85%,$0.49B,$0.11B,21.34%,$0.49B,$0.11B,21.34%,$0.49B,$0.12B,24.19%,$0.49B,$0.13B,26.63%,$0.49B,$0.08B,16.67%,$0.08B,$0.74B,12.09%,$0.08B,$0.66B,13.75%,$0.08B,$0.89B,10.12%,$0.11B,$0.74B,15.49%,$132,$30,$103,$17,$58,$105,$28,$7,$35,$13,$22,$22,$22,$32,$28,$84,85,$0.26,$0.26,$394,$9,$20,$505,$33,$239,$82,$17,$382,$887,$127,$0,$8,$18,$145,$583,$160,$-1,$742,$887,$64,$11,$40,$52,$-16,$-4,$0,$17,$6,$122,$-12,$0,$0,$0,$-130,$-130,$0,$-142,$0,$0,$0,$21,$21,$0,$10,$31,$10,$31,$0
46,2007-03-31,33.34,$8.39,3.97,$5.47,6.09,$3.75,8.9,$0.92,36.24,$0.54B,$0.12B,4.37,$0.00B,$0.70B,0.0,$0.46B,$0.36B,77.83%,$0.46B,$0.10B,21.74%,$0.46B,$0.10B,21.74%,$0.46B,$0.11B,24.57%,$0.46B,$0.12B,26.74%,$0.46B,$0.08B,16.74%,$0.08B,$0.70B,12.14%,$0.08B,$0.62B,13.93%,$0.08B,$0.84B,10.17%,$0.10B,$0.70B,15.77%,$128,$29,$99,$17,$56,$102,$26,$7,$33,$13,$20,$20,$20,$29,$26,$83,85,$0.24,$0.24,$431,$8,$22,$539,$32,$155,$82,$18,$298,$836,$123,$0,$8,$16,$140,$559,$138,$-1,$697,$836,$42,$7,$29,$36,$-11,$-2,$0,$7,$5,$84,$-7,$0,$0,$0,$-84,$-84,$0,$-92,$0,$0,$0,$12,$12,$0,$5,$17,$9,$20,$0
47,2006-12-31,37.11,$7.98,4.65,$5.10,7.28,$3.57,10.38,$0.88,42.16,$0.51B,$0.12B,4.41,$0.00B,$0.66B,0.0,$0.43B,$0.33B,77.93%,$0.43B,$0.10B,22.54%,$0.43B,$0.10B,22.54%,$0.43B,$0.11B,25.59%,$0.43B,$0.12B,27.23%,$0.43B,$0.07B,17.14%,$0.07B,$0.66B,12.25%,$0.07B,$0.58B,14.19%,$0.07B,$0.79B,10.32%,$0.10B,$0.66B,16.11%,$120,$27,$94,$15,$52,$93,$27,$6,$34,$11,$22,$22,$22,$31,$27,$82,85,$0.27,$0.26,$415,$6,$14,$507,$30,$130,$82,$18,$280,$788,$115,$0,$8,$16,$131,$539,$118,$-1,$657,$788,$22,$4,$8,$12,$-5,$0,$0,$9,$13,$47,$-3,$0,$0,$0,$-60,$-60,$0,$-62,$0,$0,$0,$7,$7,$0,$2,$9,$-7,$9,$0
