,Date,Stock Price,Book Value per Share,Price to Book Ratio,TTM Sales per Share,Price to Sales Ratio,TTM FCF per Share,Price to FCF Ratio,TTM Net EPS,PE Ratio,Current Assets,Current Liabilities,Current Ratio,Long Term Debt,Shareholder's Equity_x,Debt to Equity Ratio,TTM Revenue_x,TTM Gross Profit,Gross Margin,TTM Revenue_y,TTM Operating Income,Operating Margin,TTM Revenue_x,TTM EBIT,EBIT Margin,TTM Revenue_y,TTM EBITDA,EBITDA Margin,TTM Revenue_x,TTM Pre-Tax Income,Pre-Tax Margin,TTM Revenue_y,TTM Net Income_x,Net Margin,TTM Net Income_y,Shareholder's Equity_y,Return on Equity,TTM Net Income_x,Tangible Equity,Return on Tangible Equity,TTM Net Income_y,Total Assets,Return on Assets,TTM Net Income,LT Investments & Debt,Return on Investment,revenue,cost-goods-sold,gross-profit,research-development-expenses,selling-general-administrative-expenses,operating-expenses,operating-income,total-non-operating-income-expense,pre-tax-income,total-provision-income-taxes,income-after-taxes,income-from-continuous-operations,net-income,ebitda,ebit,basic-shares-outstanding,shares-outstanding,eps-basic-net-earnings-per-share,eps-earnings-per-share-diluted,cash-on-hand,inventory,other-current-assets,total-current-assets,net-property-plant-equipment,long-term-investments,goodwill-intangible-assets-total,other-long-term-assets,total-long-term-assets,total-assets,total-current-liabilities,long-term-debt,other-non-current-liabilities,total-long-term-liabilities,total-liabilities,common-stock-net,retained-earnings-accumulated-deficit,comprehensive-income,total-share-holder-equity,total-liabilities-share-holders-equity,net-income-loss,total-depreciation-amortization-cash-flow,other-non-cash-items,total-non-cash-items,change-in-accounts-receivable,change-in-inventories,change-in-accounts-payable,change-in-assets-liabilities,total-change-in-assets-liabilities,cash-flow-from-operating-activities,net-change-in-property-plant-equipment,net-change-in-intangible-assets,net-acquisitions-divestitures,net-change-in-short-term-investments,net-change-in-long-term-investments,net-change-in-investments-total,investing-activities-other,cash-flow-from-investing-activities,net-long-term-debt,net-current-debt,debt-issuance-retirement-net-total,net-common-equity-issued-repurchased,net-total-equity-issued-repurchased,total-common-preferred-stock-dividends-paid,financial-activities-other,cash-flow-from-financial-activities,net-cash-flow,stock-based-compensation,common-stock-dividends-paid
0,2018-09-30,16.57,$14.17,1.17,$5.50,3.01,$4.07,4.07,$1.19,13.92,$1.03B,$0.92B,1.12,$0.15B,$0.16B,0.96,$0.06B,$0.05B,77.59%,$0.06B,$0.02B,36.21%,$0.06B,0,0.00%,$0.06B,0,0.00%,$0.06B,$0.02B,36.21%,$0.06B,$0.02B,25.86%,$0.02B,$0.16B,10.00%,$0.02B,$0.15B,10.17%,$0.02B,$1.24B,1.23%,$0.02B,$0.30B,6.05%,$15,$4,$11,$0,$7,$11,$3,$0,$3,$1,$3,$3,$3,$0,$0,$10,10,$0.27,$0.27,$26,$0,$0,$1026,$21,$148,$2,$35,$208,$1235,$917,$149,$14,$163,$1080,$0,$65,$-3,$155,$1235,$13,$2,$-3,$-1,$-1,$0,$0,$5,$5,$16,$-2,$0,$0,$0,$-10,$-10,$-3,$-15,$-67,$0,$-67,$1,$1,$-2,$77,$9,$10,$2,$-2
1,2018-06-30,19.52,$13.97,1.4,$5.31,3.67,$3.84,5.08,$1.37,14.25,$1.02B,$0.83B,1.22,$0.22B,$0.15B,1.47,$0.06B,$0.04B,78.57%,$0.06B,$0.02B,37.50%,$0.06B,0,0.00%,$0.06B,0,0.00%,$0.06B,$0.02B,37.50%,$0.06B,$0.01B,25.00%,$0.01B,$0.15B,9.56%,$0.01B,$0.15B,9.74%,$0.01B,$1.22B,1.16%,$0.02B,$0.38B,5.93%,$14,$3,$11,$0,$7,$11,$4,$0,$4,$1,$3,$3,$3,$0,$0,$10,10,$0.30,$0.30,$23,$0,$0,$1016,$21,$148,$2,$34,$208,$1224,$833,$224,$14,$238,$1072,$0,$63,$-2,$153,$1224,$10,$1,$-3,$-2,$0,$0,$0,$5,$5,$13,$-2,$0,$0,$0,$-9,$-9,$4,$-7,$8,$0,$8,$1,$1,$-2,$-7,$1,$7,$1,$-2
2,2018-03-31,16.68,$13.80,1.21,$5.09,3.28,$3.30,5.06,$1.25,13.35,$1.02B,$0.86B,1.18,$0.20B,$0.15B,1.34,$0.05B,$0.04B,79.63%,$0.05B,$0.02B,37.04%,$0.05B,0,0.00%,$0.05B,0,0.00%,$0.05B,$0.02B,37.04%,$0.05B,$0.01B,24.07%,$0.01B,$0.15B,9.01%,$0.01B,$0.15B,9.14%,$0.01B,$1.23B,1.11%,$0.02B,$0.35B,5.82%,$15,$3,$12,$0,$3,$6,$9,$0,$9,$2,$7,$7,$7,$0,$0,$10,10,$0.67,$0.66,$21,$0,$0,$1016,$21,$152,$2,$34,$211,$1226,$863,$200,$14,$214,$1078,$0,$61,$-2,$149,$1226,$7,$1,$-4,$-3,$0,$0,$-0,$5,$5,$9,$-1,$0,$0,$0,$-12,$-12,$2,$-11,$-16,$0,$-16,$0,$0,$-1,$24,$7,$4,$1,$-1
3,2017-12-31,15.38,$13.27,1.16,$4.76,3.23,$2.98,5.16,$0.81,18.99,$1.01B,$0.84B,1.2,$0.22B,$0.14B,1.51,$0.05B,$0.04B,78.43%,$0.05B,$0.01B,27.45%,$0.05B,0,0.00%,$0.05B,0,0.00%,$0.05B,$0.01B,27.45%,$0.05B,$0.01B,15.69%,$0.01B,$0.14B,5.61%,$0.01B,$0.14B,5.67%,$0.01B,$1.21B,0.71%,$0.01B,$0.36B,4.18%,$14,$3,$11,$0,$6,$9,$5,$0,$5,$2,$2,$2,$2,$0,$0,$10,10,$0.23,$0.23,$16,$0,$0,$1009,$21,$142,$2,$35,$201,$1210,$840,$216,$12,$228,$1068,$0,$55,$-1,$143,$1210,$8,$2,$4,$6,$-1,$0,$0,$-1,$-2,$12,$-3,$0,$72,$0,$-6,$-6,$-176,$-112,$45,$0,$45,$-4,$-4,$-3,$47,$85,$-15,$3,$-3
4,2017-09-30,16.78,$13.08,1.28,$4.48,3.74,$3.37,4.97,$0.87,19.29,$0.96B,$0.82B,1.17,$0.19B,$0.14B,1.36,$0.05B,$0.04B,79.59%,$0.05B,$0.01B,26.53%,$0.05B,0,0.00%,$0.05B,0,0.00%,$0.05B,$0.01B,26.53%,$0.05B,$0.01B,18.37%,$0.01B,$0.14B,6.37%,$0.01B,$0.14B,6.41%,$0.01B,$1.16B,0.83%,$0.01B,$0.33B,4.03%,$13,$3,$10,$0,$7,$10,$3,$0,$3,$1,$2,$2,$2,$0,$0,$10,10,$0.18,$0.18,$22,$0,$0,$958,$21,$147,$2,$34,$206,$1164,$816,$192,$15,$207,$1023,$0,$53,$-1,$141,$1164,$6,$1,$3,$4,$-1,$0,$0,$4,$4,$14,$-2,$0,$72,$0,$-9,$-9,$-121,$-61,$20,$0,$20,$-4,$-4,$-2,$24,$38,$-9,$2,$-2
5,2017-06-30,15.86,$13.00,1.22,$4.22,3.76,$3.16,5.02,$0.91,17.43,$0.88B,$0.74B,1.2,$0.19B,$0.14B,1.33,$0.05B,$0.04B,81.25%,$0.05B,$0.01B,27.08%,$0.05B,0,0.00%,$0.05B,0,0.00%,$0.05B,$0.01B,27.08%,$0.05B,$0.01B,20.83%,$0.01B,$0.14B,6.96%,$0.01B,$0.14B,6.96%,$0.01B,$1.08B,0.94%,$0.01B,$0.34B,3.91%,$12,$2,$10,$0,$7,$9,$3,$0,$3,$1,$2,$2,$2,$0,$0,$10,11,$0.18,$0.18,$18,$0,$0,$883,$20,$143,$0,$33,$198,$1082,$736,$192,$11,$202,$938,$0,$52,$-1,$144,$1082,$4,$1,$2,$3,$-0,$0,$0,$0,$0,$7,$-1,$0,$0,$0,$-5,$-5,$-51,$-57,$20,$0,$20,$1,$1,$-1,$18,$38,$-13,$1,$-1
6,2017-03-31,17.3,$12.84,1.35,$3.92,4.42,$3.06,5.65,$0.84,20.6,$0.87B,$0.74B,1.18,$0.17B,$0.14B,1.21,$0.05B,$0.04B,80.85%,$0.05B,$0.01B,25.53%,$0.05B,0,0.00%,$0.05B,0,0.00%,$0.05B,$0.01B,25.53%,$0.05B,$0.01B,19.15%,$0.01B,$0.14B,6.00%,$0.01B,$0.14B,6.00%,$0.01B,$1.06B,0.86%,$0.01B,$0.31B,3.62%,$12,$2,$9,$0,$6,$8,$3,$0,$3,$1,$2,$2,$2,$0,$0,$10,11,$0.23,$0.22,$26,$0,$0,$868,$19,$138,$0,$33,$192,$1061,$735,$172,$12,$184,$919,$0,$51,$-1,$142,$1061,$2,$0,$1,$1,$-0,$0,$0,$2,$2,$5,$-1,$0,$0,$0,$-0,$-0,$-27,$-28,$0,$0,$0,$1,$1,$-1,$17,$18,$-5,$1,$-1
7,2016-12-31,19.27,$12.63,1.53,$3.60,5.36,$2.90,6.64,$0.76,25.36,$0.85B,$0.72B,1.18,$0.17B,$0.14B,1.24,$0.05B,$0.04B,82.22%,$0.05B,$0.01B,26.67%,$0.05B,0,0.00%,$0.05B,0,0.00%,$0.05B,$0.01B,26.67%,$0.05B,$0.01B,20.00%,$0.01B,$0.14B,5.74%,$0.01B,$0.14B,5.74%,$0.01B,$1.04B,0.89%,$0.01B,$0.31B,3.76%,$12,$2,$10,$0,$6,$8,$4,$0,$4,$1,$3,$3,$3,$0,$0,$12,12,$0.27,$0.27,$31,$0,$0,$850,$18,$137,$0,$29,$188,$1038,$718,$172,$10,$182,$899,$0,$49,$-1,$138,$1038,$9,$2,$5,$7,$-0,$0,$0,$2,$2,$17,$-2,$0,$0,$0,$-4,$-4,$-130,$-136,$46,$0,$46,$-41,$-41,$-3,$42,$45,$-74,$2,$-3
8,2016-09-30,13.79,$12.70,1.09,$3.30,4.17,$2.71,5.08,$0.63,21.88,$0.88B,$0.69B,1.27,$0.22B,$0.15B,1.47,$0.04B,$0.04B,81.40%,$0.04B,$0.01B,27.91%,$0.04B,0,0.00%,$0.04B,0,0.00%,$0.04B,$0.01B,27.91%,$0.04B,$0.01B,18.60%,$0.01B,$0.15B,4.85%,$0.01B,$0.15B,4.85%,$0.01B,$1.08B,0.80%,$0.01B,$0.37B,3.81%,$12,$2,$10,$0,$6,$8,$3,$0,$3,$1,$3,$3,$3,$0,$0,$12,12,$0.22,$0.22,$33,$0,$0,$882,$18,$144,$0,$28,$193,$1075,$692,$222,$10,$231,$924,$0,$47,$0,$151,$1075,$6,$2,$4,$5,$-0,$0,$-0,$2,$1,$12,$-1,$0,$0,$0,$-7,$-7,$-161,$-170,$96,$0,$96,$-26,$-26,$-2,$17,$84,$-73,$2,$-2
9,2016-06-30,12.86,$12.71,1.01,$3.07,4.19,$2.73,4.7,$0.59,21.8,$0.81B,$0.66B,1.22,$0.16B,$0.17B,0.95,$0.04B,$0.03B,80.49%,$0.04B,$0.01B,29.27%,$0.04B,0,0.00%,$0.04B,0,0.00%,$0.04B,$0.01B,29.27%,$0.04B,$0.01B,17.07%,$0.01B,$0.17B,4.09%,$0.01B,$0.17B,4.09%,$0.01B,$1.00B,0.72%,$0.01B,$0.33B,4.01%,$11,$2,$9,$0,$7,$8,$2,$0,$2,$1,$1,$1,$1,$0,$0,$12,13,$0.12,$0.11,$38,$0,$0,$807,$18,$144,$0,$27,$193,$999,$660,$162,$8,$169,$830,$0,$45,$0,$169,$999,$3,$1,$2,$3,$-0,$0,$-0,$-0,$-0,$6,$-0,$0,$0,$0,$-6,$-6,$-81,$-88,$36,$0,$36,$-6,$-6,$-2,$-15,$14,$-68,$1,$-2
10,2016-03-31,12.7,$12.52,1.01,$2.91,4.36,$2.88,4.4,$0.65,19.54,$0.75B,$0.67B,1.12,$0.09B,$0.17B,0.54,$0.04B,$0.03B,80.00%,$0.04B,$0.01B,35.00%,$0.04B,0,0.00%,$0.04B,0,0.00%,$0.04B,$0.01B,35.00%,$0.04B,$0.01B,20.00%,$0.01B,$0.17B,4.62%,$0.01B,$0.17B,4.62%,$0.01B,$0.94B,0.83%,$0.01B,$0.26B,4.75%,$10,$2,$8,$0,$5,$7,$3,$-0,$3,$1,$2,$2,$2,$0,$0,$13,13,$0.14,$0.14,$28,$0,$0,$749,$18,$140,$0,$28,$190,$939,$669,$92,$10,$101,$770,$0,$44,$-0,$169,$939,$2,$1,$1,$1,$-0,$0,$-0,$1,$1,$4,$-1,$0,$0,$0,$-3,$-3,$-32,$-36,$-34,$0,$-34,$-4,$-4,$-1,$-7,$-46,$-77,$0,$-1
11,2015-12-31,13.4,$12.40,1.08,$2.78,4.81,$2.68,5.0,$0.67,20.0,$0.79B,$0.68B,1.18,$0.13B,$0.17B,0.74,$0.04B,$0.03B,82.05%,$0.04B,$0.01B,35.90%,$0.04B,0,0.00%,$0.04B,0,0.00%,$0.04B,$0.01B,35.90%,$0.04B,$0.01B,20.51%,$0.01B,$0.17B,4.54%,$0.01B,$0.17B,4.54%,$0.01B,$0.98B,0.83%,$0.01B,$0.30B,4.53%,$10,$2,$8,$0,$4,$6,$4,$0,$4,$2,$2,$2,$2,$0,$0,$14,14,$0.16,$0.16,$106,$0,$0,$794,$18,$136,$0,$28,$186,$980,$676,$126,$8,$134,$809,$0,$43,$-1,$171,$980,$9,$2,$3,$5,$0,$0,$-0,$3,$3,$17,$-2,$0,$0,$0,$-11,$-11,$-33,$-45,$-10,$0,$-10,$-18,$-18,$-3,$61,$30,$2,$2,$-3
12,2015-09-30,11.55,$12.32,0.94,$2.72,4.25,$2.82,4.1,$0.71,16.27,$0.80B,$0.67B,1.2,$0.14B,$0.18B,0.77,$0.04B,$0.03B,82.05%,$0.04B,$0.02B,38.46%,$0.04B,0,0.00%,$0.04B,0,0.00%,$0.04B,$0.02B,38.46%,$0.04B,$0.01B,23.08%,$0.01B,$0.18B,5.03%,$0.01B,$0.18B,5.03%,$0.01B,$0.98B,0.94%,$0.02B,$0.31B,4.78%,$10,$2,$8,$0,$5,$6,$3,$0,$3,$1,$2,$2,$2,$0,$0,$13,14,$0.18,$0.18,$122,$0,$0,$800,$18,$132,$0,$29,$184,$984,$665,$136,$8,$144,$809,$0,$42,$-0,$175,$984,$7,$1,$2,$4,$0,$0,$0,$3,$3,$14,$-1,$0,$0,$0,$-6,$-6,$-24,$-32,$0,$0,$0,$-12,$-12,$-2,$51,$36,$18,$1,$-2
13,2015-06-30,11.85,$12.20,0.97,$2.68,4.43,$3.00,3.95,$0.72,16.46,$0.77B,$0.62B,1.23,$0.14B,$0.18B,0.76,$0.04B,$0.03B,82.05%,$0.04B,$0.02B,41.03%,$0.04B,0,0.00%,$0.04B,0,0.00%,$0.04B,$0.02B,41.03%,$0.04B,$0.01B,25.64%,$0.01B,$0.18B,5.54%,$0.01B,$0.18B,5.54%,$0.01B,$0.94B,1.07%,$0.02B,$0.31B,5.07%,$10,$2,$8,$0,$4,$6,$4,$0,$4,$1,$2,$2,$2,$0,$0,$14,14,$0.17,$0.17,$107,$0,$0,$769,$17,$123,$0,$29,$175,$944,$624,$136,$7,$142,$767,$0,$40,$-1,$178,$944,$5,$1,$2,$3,$0,$0,$0,$1,$2,$9,$-1,$0,$0,$0,$3,$3,$-9,$-7,$0,$0,$0,$-7,$-7,$-2,$10,$0,$3,$1,$-2
14,2015-03-31,11.68,$12.10,0.97,$2.63,4.44,$3.00,3.89,$0.71,16.46,$0.80B,$0.63B,1.26,$0.14B,$0.18B,0.75,$0.04B,$0.03B,82.05%,$0.04B,$0.02B,41.03%,$0.04B,0,0.00%,$0.04B,0,0.00%,$0.04B,$0.02B,41.03%,$0.04B,$0.01B,25.64%,$0.01B,$0.18B,5.51%,$0.01B,$0.18B,5.51%,$0.01B,$0.96B,1.08%,$0.02B,$0.32B,5.05%,$9,$2,$8,$0,$4,$6,$3,$-0,$3,$1,$2,$2,$2,$0,$0,$14,14,$0.16,$0.16,$120,$0,$0,$796,$17,$125,$0,$10,$159,$955,$631,$136,$8,$143,$774,$0,$38,$-0,$181,$955,$2,$0,$1,$1,$0,$0,$0,$-3,$-2,$1,$-0,$0,$0,$0,$3,$3,$-0,$2,$0,$0,$0,$-3,$-3,$-1,$17,$13,$16,$0,$-1
15,2014-12-31,11.33,$11.96,0.95,$2.62,4.33,$3.37,3.36,$0.72,15.74,$0.77B,$0.61B,1.26,$0.14B,$0.18B,0.75,$0.04B,$0.03B,80.00%,$0.04B,$0.02B,42.50%,$0.04B,0,0.00%,$0.04B,0,0.00%,$0.04B,$0.02B,42.50%,$0.04B,$0.01B,27.50%,$0.01B,$0.18B,6.00%,$0.01B,$0.18B,6.00%,$0.01B,$0.94B,1.20%,$0.02B,$0.32B,5.40%,$10,$2,$8,$0,$4,$5,$5,$-0,$5,$2,$3,$3,$3,$0,$0,$15,15,$0.20,$0.19,$104,$0,$0,$771,$17,$127,$0,$14,$166,$937,$614,$136,$6,$141,$756,$0,$37,$-0,$181,$937,$11,$2,$5,$8,$0,$0,$0,$-0,$0,$19,$-0,$0,$0,$0,$25,$25,$3,$28,$17,$0,$17,$-14,$-14,$-3,$2,$2,$48,$2,$-3
16,2014-09-30,9.57,$11.76,0.81,$2.58,3.71,$3.05,3.14,$0.77,12.43,$0.74B,$0.59B,1.26,$0.14B,$0.18B,0.75,$0.04B,$0.03B,82.50%,$0.04B,$0.02B,40.00%,$0.04B,0,0.00%,$0.04B,0,0.00%,$0.04B,$0.02B,40.00%,$0.04B,$0.01B,30.00%,$0.01B,$0.18B,6.52%,$0.01B,$0.18B,6.52%,$0.01B,$0.92B,1.32%,$0.02B,$0.32B,5.14%,$10,$2,$8,$0,$4,$6,$4,$-0,$4,$1,$3,$3,$3,$0,$0,$14,15,$0.19,$0.19,$56,$0,$0,$743,$17,$131,$0,$14,$172,$915,$590,$136,$8,$143,$734,$0,$35,$-1,$182,$915,$8,$2,$5,$6,$0,$0,$0,$1,$2,$16,$-0,$0,$0,$0,$21,$21,$-19,$2,$17,$0,$17,$-10,$-10,$-2,$-22,$-18,$0,$1,$-2
17,2014-06-30,10.14,$11.60,0.87,$2.50,4.06,$2.68,3.79,$0.74,13.7,$0.72B,$0.58B,1.25,$0.14B,$0.18B,0.74,$0.04B,$0.03B,82.50%,$0.04B,$0.02B,37.50%,$0.04B,0,0.00%,$0.04B,0,0.00%,$0.04B,$0.01B,35.00%,$0.04B,$0.01B,30.00%,$0.01B,$0.18B,6.49%,$0.01B,$0.18B,6.49%,$0.01B,$0.90B,1.33%,$0.02B,$0.32B,5.05%,$10,$2,$8,$0,$5,$6,$4,$-0,$4,$1,$2,$2,$2,$0,$0,$15,15,$0.16,$0.16,$41,$0,$0,$721,$17,$136,$0,$14,$178,$899,$575,$136,$6,$141,$716,$0,$33,$-1,$182,$899,$5,$1,$3,$4,$0,$0,$0,$-0,$0,$9,$-0,$0,$0,$0,$17,$17,$-12,$5,$17,$0,$17,$-8,$-8,$-2,$-37,$-30,$-15,$1,$-2
18,2014-03-31,9.43,$11.42,0.83,$2.43,3.89,$2.48,3.79,$1.53,6.16,$0.71B,$0.59B,1.21,$0.12B,$0.19B,0.63,$0.04B,$0.03B,82.50%,$0.04B,$0.01B,35.00%,$0.04B,0,0.00%,$0.04B,0,0.00%,$0.04B,$0.01B,32.50%,$0.04B,$0.03B,65.00%,$0.03B,$0.19B,13.96%,$0.03B,$0.19B,13.96%,$0.03B,$0.90B,2.88%,$0.01B,$0.31B,4.95%,$10,$2,$8,$0,$4,$5,$4,$-0,$4,$1,$3,$3,$3,$0,$0,$15,15,$0.17,$0.17,$34,$0,$0,$709,$17,$147,$0,$16,$193,$901,$587,$119,$8,$127,$714,$0,$31,$-1,$188,$901,$3,$1,$2,$2,$0,$0,$0,$2,$2,$7,$-0,$0,$0,$0,$5,$5,$-9,$-4,$0,$0,$0,$1,$1,$-1,$-25,$-25,$-22,$0,$-1
19,2013-12-31,9.58,$11.25,0.85,$2.35,4.09,$2.24,4.28,$1.45,6.61,$0.72B,$0.61B,1.18,$0.12B,$0.18B,0.65,$0.04B,$0.03B,80.00%,$0.04B,$0.01B,30.00%,$0.04B,0,0.00%,$0.04B,0,0.00%,$0.04B,$0.01B,27.50%,$0.04B,$0.03B,62.50%,$0.03B,$0.18B,13.40%,$0.03B,$0.18B,13.40%,$0.03B,$0.92B,2.78%,$0.01B,$0.30B,4.58%,$10,$2,$9,$0,$4,$6,$4,$-0,$4,$0,$4,$4,$4,$0,$0,$17,17,$0.26,$0.26,$56,$0,$0,$722,$17,$151,$0,$15,$199,$921,$612,$119,$5,$124,$737,$0,$29,$-2,$184,$921,$24,$3,$-12,$-9,$-0,$0,$-0,$1,$0,$15,$-0,$0,$0,$0,$3,$3,$-6,$-3,$36,$0,$36,$-25,$-25,$-2,$-54,$-45,$-32,$3,$-2
20,2013-09-30,9.6,$11.05,0.87,$2.29,4.19,$2.07,4.65,$1.29,7.44,$0.68B,$0.62B,1.1,$0.07B,$0.19B,0.4,$0.04B,$0.03B,75.00%,$0.04B,$0.01B,27.50%,$0.04B,0,0.00%,$0.04B,0,0.00%,$0.04B,$0.01B,22.50%,$0.04B,$0.02B,57.50%,$0.02B,$0.19B,12.28%,$0.02B,$0.19B,12.28%,$0.02B,$0.89B,2.54%,$0.01B,$0.26B,4.34%,$10,$2,$8,$0,$5,$7,$3,$-0,$2,$-0,$3,$3,$3,$0,$0,$16,16,$0.16,$0.16,$23,$0,$0,$679,$17,$163,$0,$17,$213,$892,$619,$74,$8,$82,$706,$0,$26,$-2,$186,$892,$21,$2,$-12,$-10,$-0,$0,$-0,$2,$1,$12,$-0,$0,$0,$0,$-2,$-2,$3,$1,$-9,$0,$-9,$-21,$-21,$-1,$-47,$-78,$-65,$2,$-1
21,2013-06-30,9.46,$10.88,0.87,$2.28,4.16,$1.92,4.93,$1.09,8.68,$0.69B,$0.63B,1.1,$0.07B,$0.19B,0.4,$0.04B,$0.03B,72.50%,$0.04B,$0.01B,20.00%,$0.04B,0,0.00%,$0.04B,0,0.00%,$0.04B,$0.01B,15.00%,$0.04B,$0.02B,47.50%,$0.02B,$0.19B,10.16%,$0.02B,$0.19B,10.16%,$0.02B,$0.90B,2.05%,$0.01B,$0.26B,3.13%,$10,$2,$8,$0,$5,$7,$3,$-0,$3,$-14,$16,$16,$16,$0,$0,$17,17,$0.96,$0.95,$34,$0,$0,$691,$18,$160,$0,$19,$211,$902,$631,$74,$8,$82,$715,$0,$24,$-2,$187,$902,$18,$1,$-13,$-12,$-0,$0,$-0,$1,$1,$7,$-0,$0,$0,$0,$-1,$-1,$1,$-1,$-9,$0,$-9,$-16,$-16,$-1,$-35,$-61,$-54,$1,$-1
22,2013-03-31,7.14,$10.04,0.71,$2.31,3.09,$1.87,3.81,$0.22,32.43,$0.68B,$0.65B,1.04,$0.03B,$0.19B,0.18,$0.04B,$0.03B,70.73%,$0.04B,$0.01B,14.63%,$0.04B,0,0.00%,$0.04B,0,0.00%,$0.04B,$0.00B,7.32%,$0.04B,$0.00B,9.76%,$0.00B,$0.19B,2.15%,$0.00B,$0.19B,2.15%,$0.00B,$0.89B,0.42%,$0.01B,$0.22B,2.33%,$10,$2,$7,$0,$6,$8,$2,$-0,$2,$0,$2,$2,$2,$0,$0,$17,17,$0.09,$0.09,$26,$0,$0,$679,$18,$168,$0,$21,$208,$887,$650,$34,$8,$42,$698,$0,$8,$0,$189,$887,$2,$1,$0,$1,$-0,$0,$-0,$1,$1,$3,$-0,$0,$0,$0,$-3,$-3,$3,$-1,$-49,$0,$-49,$0,$0,$0,$-16,$-65,$-62,$1,$0
23,2012-12-31,6.9,$9.95,0.69,$2.41,2.87,$1.84,3.74,$0.17,40.58,$0.74B,$0.67B,1.11,$0.08B,$0.19B,0.44,$0.04B,$0.03B,71.43%,$0.04B,$0.01B,11.90%,$0.04B,0,0.00%,$0.04B,0,0.00%,$0.04B,$0.00B,4.76%,$0.04B,$0.00B,7.14%,$0.00B,$0.19B,1.62%,$0.00B,$0.19B,1.62%,$0.00B,$0.94B,0.30%,$0.01B,$0.27B,1.87%,$10,$3,$7,$0,$5,$7,$3,$-1,$2,$0,$2,$2,$2,$0,$0,$18,18,$0.07,$0.07,$88,$0,$0,$742,$18,$160,$0,$22,$201,$943,$666,$83,$6,$90,$756,$0,$7,$1,$187,$943,$3,$3,$6,$9,$0,$0,$-0,$1,$2,$13,$-0,$0,$0,$0,$-24,$-24,$57,$33,$0,$0,$0,$0,$0,$0,$-123,$-123,$-77,$3,$0
24,2012-09-30,7.35,$9.84,0.75,$2.53,2.9,$2.26,3.26,$0.13,56.57,$0.76B,$0.70B,1.1,$0.08B,$0.19B,0.45,$0.04B,$0.03B,70.45%,$0.04B,$0.00B,6.82%,$0.04B,0,0.00%,$0.04B,0,0.00%,$0.04B,$0.00B,2.27%,$0.04B,$0.00B,4.55%,$0.00B,$0.19B,1.09%,$0.00B,$0.19B,1.09%,$0.00B,$0.97B,0.20%,$0.00B,$0.27B,1.13%,$10,$3,$7,$0,$8,$11,$-0,$-0,$-1,$-0,$-1,$-1,$-1,$0,$0,$18,18,$-0.04,$-0.04,$109,$0,$0,$763,$18,$166,$0,$24,$210,$973,$696,$83,$9,$92,$788,$0,$5,$1,$185,$973,$1,$2,$6,$8,$0,$0,$0,$2,$1,$10,$-0,$0,$0,$0,$-31,$-31,$55,$25,$0,$0,$0,$0,$0,$0,$-90,$-90,$-56,$2,$0
25,2012-06-30,7.42,$9.79,0.76,$2.69,2.75,$3.25,2.28,$0.21,35.33,$0.82B,$0.73B,1.12,$0.08B,$0.18B,0.45,$0.05B,$0.03B,68.09%,$0.05B,$0.00B,8.51%,$0.05B,0,0.00%,$0.05B,0,0.00%,$0.05B,$0.00B,6.38%,$0.05B,$0.00B,8.51%,$0.00B,$0.18B,2.20%,$0.00B,$0.18B,2.20%,$0.00B,$1.00B,0.38%,$0.00B,$0.27B,1.50%,$11,$3,$8,$0,$7,$10,$1,$-0,$0,$-1,$1,$1,$1,$0,$0,$18,18,$0.08,$0.08,$160,$0,$0,$815,$18,$138,$0,$27,$184,$999,$725,$83,$6,$89,$815,$0,$6,$0,$184,$999,$2,$1,$3,$4,$0,$0,$-0,$0,$1,$7,$-0,$0,$0,$0,$-3,$-3,$55,$52,$0,$0,$0,$0,$0,$0,$-63,$-63,$-5,$1,$0
26,2012-03-31,7.05,$9.71,0.73,$2.89,2.44,$3.37,2.09,$0.20,35.27,$0.84B,$0.76B,1.1,$0.08B,$0.18B,0.46,$0.05B,$0.03B,66.00%,$0.05B,$0.01B,10.00%,$0.05B,0,0.00%,$0.05B,0,0.00%,$0.05B,$0.00B,8.00%,$0.05B,$0.00B,8.00%,$0.00B,$0.18B,2.22%,$0.00B,$0.18B,2.22%,$0.00B,$1.04B,0.36%,$0.01B,$0.27B,1.86%,$11,$3,$8,$0,$7,$10,$1,$-0,$1,$0,$1,$1,$1,$0,$0,$18,18,$0.04,$0.04,$157,$0,$0,$843,$19,$148,$0,$27,$194,$1037,$764,$83,$7,$90,$855,$0,$5,$1,$183,$1037,$1,$1,$2,$3,$-0,$0,$0,$-1,$-1,$3,$-0,$0,$0,$0,$-12,$-12,$24,$12,$0,$0,$0,$0,$0,$0,$-23,$-23,$-7,$1,$0
27,2011-12-31,5.39,$9.64,0.56,$3.06,1.76,$3.45,1.56,$0.24,22.46,$0.87B,$0.79B,1.11,$0.08B,$0.18B,0.46,$0.05B,$0.03B,64.15%,$0.05B,$0.01B,11.32%,$0.05B,0,0.00%,$0.05B,0,0.00%,$0.05B,$0.00B,7.55%,$0.05B,$0.00B,7.55%,$0.00B,$0.18B,2.23%,$0.00B,$0.18B,2.23%,$0.00B,$1.06B,0.35%,$0.01B,$0.26B,2.23%,$12,$4,$8,$0,$7,$11,$1,$-0,$1,$0,$1,$1,$1,$0,$0,$18,18,$0.05,$0.05,$165,$0,$0,$873,$19,$136,$0,$31,$186,$1059,$789,$83,$6,$89,$878,$0,$4,$1,$181,$1059,$4,$3,$5,$9,$1,$0,$-0,$2,$7,$20,$-0,$0,$0,$0,$36,$36,$152,$188,$-10,$0,$-10,$0,$0,$0,$-132,$-142,$66,$3,$0
28,2011-09-30,5.13,$9.52,0.54,$3.24,1.58,$3.68,1.4,$0.22,23.34,$0.94B,$0.86B,1.1,$0.09B,$0.18B,0.52,$0.06B,$0.04B,62.50%,$0.06B,$0.01B,10.71%,$0.06B,0,0.00%,$0.06B,0,0.00%,$0.06B,$0.00B,7.14%,$0.06B,$0.00B,7.14%,$0.00B,$0.18B,2.26%,$0.00B,$0.18B,2.26%,$0.00B,$1.14B,0.34%,$0.01B,$0.27B,2.22%,$13,$5,$8,$0,$7,$12,$1,$-1,$1,$0,$1,$1,$1,$0,$0,$18,18,$0.04,$0.04,$212,$0,$0,$943,$19,$148,$0,$30,$197,$1140,$861,$93,$8,$101,$961,$0,$3,$-0,$179,$1140,$3,$3,$3,$6,$1,$0,$0,$12,$18,$28,$-0,$0,$0,$0,$25,$25,$130,$155,$0,$0,$0,$0,$0,$0,$-68,$-68,$114,$2,$0
29,2011-06-30,4.64,$9.53,0.49,$3.37,1.38,$3.38,1.37,$-0.51,0.0,$0.95B,$0.87B,1.09,$0.09B,$0.18B,0.52,$0.06B,$0.04B,60.34%,$0.06B,$-0.01B,-8.62%,$0.06B,0,0.00%,$0.06B,0,0.00%,$0.06B,$-0.01B,-15.52%,$0.06B,$-0.01B,-15.52%,$-0.01B,$0.18B,-5.11%,$-0.01B,$0.18B,-5.11%,$-0.01B,$1.15B,-0.75%,$-0.01B,$0.27B,-1.77%,$14,$5,$9,$0,$8,$13,$2,$-0,$1,$0,$1,$1,$1,$0,$0,$18,18,$0.07,$0.07,$189,$0,$0,$952,$19,$149,$0,$31,$200,$1152,$874,$93,$5,$98,$972,$0,$2,$1,$179,$1152,$3,$2,$3,$5,$1,$0,$0,$1,$1,$9,$-0,$0,$0,$0,$23,$23,$105,$128,$0,$0,$0,$0,$0,$0,$-47,$-47,$90,$1,$0
30,2011-03-31,5.19,$9.39,0.55,$3.45,1.5,$3.93,1.32,$-2.01,0.0,$0.97B,$0.91B,1.07,$0.09B,$0.18B,0.53,$0.06B,$0.03B,57.63%,$0.06B,$-0.03B,-52.54%,$0.06B,0,0.00%,$0.06B,0,0.00%,$0.06B,$-0.04B,-59.32%,$0.06B,$-0.04B,-59.32%,$-0.04B,$0.18B,-19.64%,$-0.04B,$0.18B,-19.64%,$-0.04B,$1.18B,-2.82%,$-0.03B,$0.27B,-10.48%,$14,$5,$9,$0,$7,$12,$2,$-1,$1,$0,$1,$1,$1,$0,$0,$17,17,$0.08,$0.08,$164,$0,$0,$971,$20,$156,$0,$37,$213,$1184,$906,$93,$8,$101,$1007,$0,$1,$0,$177,$1184,$1,$1,$2,$3,$0,$0,$0,$0,$-0,$4,$-0,$0,$0,$0,$16,$16,$58,$73,$0,$0,$0,$0,$0,$0,$-12,$-12,$66,$1,$0
31,2010-12-31,3.65,$9.28,0.39,$3.54,1.03,$3.77,0.97,$-3.11,0.0,$0.97B,$0.92B,1.05,$0.09B,$0.17B,0.53,$0.06B,$0.03B,54.10%,$0.06B,$-0.04B,-72.13%,$0.06B,0,0.00%,$0.06B,0,0.00%,$0.06B,$-0.05B,-81.97%,$0.06B,$-0.05B,-88.52%,$-0.05B,$0.17B,-28.95%,$-0.05B,$0.17B,-28.95%,$-0.05B,$1.19B,-4.23%,$-0.04B,$0.27B,-13.94%,$15,$6,$9,$0,$8,$14,$1,$-0,$1,$0,$1,$1,$1,$0,$0,$17,17,$0.03,$0.03,$98,$0,$0,$965,$20,$172,$0,$36,$228,$1194,$920,$93,$6,$99,$1019,$0,$-0,$0,$174,$1194,$-54,$3,$72,$75,$0,$0,$-0,$1,$4,$25,$-1,$0,$0,$0,$-69,$-69,$106,$36,$-47,$0,$-47,$-0,$-0,$-1,$-19,$-68,$-7,$2,$-1
32,2010-09-30,3.56,$9.29,0.38,$3.63,0.98,$2.71,1.32,$-3.83,0.0,$1.07B,$0.95B,1.12,$0.14B,$0.18B,0.82,$0.06B,$0.03B,53.13%,$0.06B,$-0.06B,-98.44%,$0.06B,0,0.00%,$0.06B,0,0.00%,$0.06B,$-0.07B,-107.81%,$0.06B,$-0.07B,-104.69%,$-0.07B,$0.18B,-33.46%,$-0.07B,$0.18B,-33.46%,$-0.07B,$1.28B,-5.13%,$-0.06B,$0.32B,-18.49%,$15,$7,$8,$0,$18,$25,$-10,$-2,$-12,$0,$-12,$-12,$-12,$0,$0,$17,17,$-0.69,$-0.69,$140,$0,$0,$1066,$20,$165,$0,$30,$215,$1280,$953,$143,$10,$153,$1106,$0,$-1,$2,$175,$1280,$-55,$2,$70,$72,$0,$0,$-0,$2,$6,$23,$-1,$0,$0,$0,$-61,$-61,$56,$-6,$3,$0,$3,$-0,$-0,$-1,$15,$17,$35,$2,$-1
33,2010-06-30,3.62,$9.93,0.36,$3.64,0.99,$1.94,1.86,$-3.23,0.0,$1.11B,$0.97B,1.14,$0.14B,$0.19B,0.75,$0.07B,$0.03B,52.31%,$0.07B,$-0.06B,-89.23%,$0.07B,0,0.00%,$0.07B,0,0.00%,$0.07B,$-0.06B,-95.38%,$0.07B,$-0.06B,-87.69%,$-0.06B,$0.19B,-26.00%,$-0.06B,$0.19B,-26.00%,$-0.06B,$1.31B,-4.33%,$-0.06B,$0.33B,-16.04%,$15,$7,$8,$0,$32,$39,$-24,$-1,$-25,$0,$-25,$-25,$-25,$0,$0,$17,17,$-1.43,$-1.43,$131,$0,$0,$1113,$20,$150,$0,$24,$194,$1307,$972,$140,$7,$147,$1120,$0,$11,$2,$187,$1307,$-43,$1,$55,$57,$0,$0,$-0,$1,$5,$19,$-1,$0,$0,$0,$-44,$-44,$20,$-25,$0,$0,$0,$-0,$-0,$-1,$33,$31,$26,$1,$-1
34,2010-03-31,6.24,$11.17,0.56,$3.58,1.74,$1.33,4.7,$-3.29,0.0,$1.15B,$0.96B,1.19,$0.14B,$0.21B,0.67,$0.07B,$0.03B,50.00%,$0.07B,$-0.07B,-100.00%,$0.07B,0,0.00%,$0.07B,0,0.00%,$0.07B,$-0.07B,-104.55%,$0.07B,$-0.06B,-90.91%,$-0.06B,$0.21B,-25.42%,$-0.06B,$0.21B,-25.42%,$-0.06B,$1.32B,-4.57%,$-0.07B,$0.35B,-17.33%,$16,$8,$8,$0,$20,$27,$-11,$-2,$-14,$4,$-18,$-18,$-18,$0,$0,$17,17,$-1.02,$-1.02,$116,$0,$0,$1149,$20,$117,$0,$29,$172,$1321,$963,$140,$8,$148,$1111,$0,$36,$1,$210,$1321,$-18,$1,$23,$24,$0,$0,$-0,$-1,$-3,$2,$-1,$0,$0,$0,$-12,$-12,$-2,$-15,$0,$0,$0,$-0,$-0,$-1,$25,$24,$11,$1,$-1
35,2009-12-31,5.9,$12.14,0.49,$3.55,1.66,$1.53,3.85,$-2.21,0.0,$1.16B,$0.94B,1.23,$0.14B,$0.23B,0.61,$0.07B,$0.03B,49.25%,$0.07B,$-0.05B,-79.10%,$0.07B,0,0.00%,$0.07B,0,0.00%,$0.07B,$-0.05B,-79.10%,$0.07B,$-0.04B,-61.19%,$-0.04B,$0.23B,-16.13%,$-0.04B,$0.23B,-16.35%,$-0.04B,$1.32B,-3.16%,$-0.05B,$0.37B,-13.21%,$18,$8,$10,$0,$28,$36,$-18,$0,$-18,$-6,$-12,$-12,$-12,$0,$0,$19,19,$-0.66,$-0.66,$105,$0,$0,$1159,$20,$105,$0,$20,$157,$1315,$940,$140,$7,$147,$1087,$0,$55,$1,$229,$1315,$-41,$16,$50,$66,$1,$0,$-0,$-2,$-11,$14,$-8,$0,$0,$0,$53,$53,$-67,$-22,$-16,$0,$-16,$-18,$-18,$-6,$148,$107,$99,$3,$-6
36,2009-09-30,5.18,$12.52,0.41,$3.33,1.56,$1.80,2.88,$-1.66,0.0,$1.11B,$0.91B,1.22,$0.15B,$0.25B,0.6,$0.07B,$0.03B,46.15%,$0.07B,$-0.04B,-58.46%,$0.07B,0,0.00%,$0.07B,0,0.00%,$0.07B,$-0.04B,-58.46%,$0.07B,$-0.03B,-49.23%,$-0.03B,$0.25B,-11.87%,$-0.03B,$0.25B,-12.19%,$-0.03B,$1.32B,-2.50%,$-0.04B,$0.40B,-9.03%,$16,$9,$8,$0,$13,$21,$-5,$-0,$-5,$-3,$-2,$-2,$-2,$0,$0,$19,19,$-0.09,$-0.09,$43,$0,$0,$1106,$17,$180,$0,$3,$214,$1319,$909,$150,$10,$160,$1069,$0,$69,$3,$251,$1319,$-28,$16,$25,$41,$0,$0,$0,$4,$2,$15,$-5,$0,$0,$0,$-21,$-21,$-48,$-75,$-6,$0,$-6,$-10,$-10,$-5,$118,$97,$37,$2,$-5
37,2009-06-30,6.87,$12.48,0.55,$3.29,2.09,$1.84,3.75,$-1.53,0.0,$1.09B,$0.89B,1.23,$0.15B,$0.25B,0.59,$0.07B,$0.03B,46.27%,$0.07B,$-0.03B,-47.76%,$0.07B,0,0.00%,$0.07B,0,0.00%,$0.07B,$-0.03B,-47.76%,$0.07B,$-0.03B,-43.28%,$-0.03B,$0.25B,-10.24%,$-0.03B,$0.25B,-10.63%,$-0.03B,$1.30B,-2.31%,$-0.03B,$0.40B,-7.43%,$16,$9,$7,$0,$25,$48,$-32,$0,$-32,$-4,$-28,$-28,$-28,$0,$0,$19,19,$-1.49,$-1.49,$55,$0,$0,$1086,$14,$180,$0,$3,$212,$1298,$887,$150,$8,$158,$1044,$0,$72,$1,$254,$1298,$-27,$15,$17,$32,$0,$0,$0,$4,$5,$10,$-2,$0,$0,$0,$-24,$-24,$-10,$-36,$-6,$0,$-6,$-8,$-8,$-3,$92,$75,$50,$2,$-3
38,2009-03-31,7.25,$13.92,0.52,$3.24,2.24,$1.79,4.05,$0.06,120.91,$1.07B,$0.82B,1.31,$0.15B,$0.28B,0.52,$0.07B,$0.03B,47.06%,$0.07B,$0.00B,4.41%,$0.07B,0,0.00%,$0.07B,0,0.00%,$0.07B,$0.00B,4.41%,$0.07B,$0.00B,1.47%,$0.00B,$0.28B,0.34%,$0.00B,$0.27B,0.35%,$0.00B,$1.26B,0.08%,$0.00B,$0.43B,0.69%,$17,$9,$8,$0,$7,$15,$2,$0,$2,$0,$1,$1,$1,$0,$0,$19,19,$0.06,$0.06,$37,$0,$0,$1074,$13,$148,$14,$3,$187,$1262,$822,$148,$8,$157,$978,$0,$102,$1,$283,$1262,$1,$0,$3,$3,$-0,$0,$0,$2,$1,$6,$-0,$0,$0,$0,$9,$9,$2,$11,$-8,$0,$-8,$-8,$-8,$-2,$32,$15,$32,$1,$-2
39,2008-12-31,8.05,$13.62,0.59,$3.25,2.48,$1.81,4.45,$0.21,38.31,$1.05B,$0.79B,1.32,$0.16B,$0.29B,0.54,$0.07B,$0.03B,48.57%,$0.07B,$0.01B,11.43%,$0.07B,0,0.00%,$0.07B,0,0.00%,$0.07B,$0.01B,11.43%,$0.07B,$0.00B,5.71%,$0.00B,$0.29B,1.31%,$0.00B,$0.28B,1.37%,$0.00B,$1.24B,0.33%,$0.01B,$0.45B,1.84%,$16,$9,$7,$0,$10,$19,$-3,$0,$-3,$0,$-3,$-3,$-3,$0,$0,$21,21,$-0.13,$-0.13,$6,$0,$0,$1046,$13,$157,$14,$5,$198,$1244,$792,$156,$6,$162,$954,$0,$102,$1,$290,$1244,$5,$1,$8,$9,$-0,$0,$0,$-1,$-1,$13,$-0,$0,$0,$0,$51,$51,$-164,$-114,$60,$0,$60,$-23,$-23,$-5,$63,$95,$-6,$2,$-5
40,2008-09-30,8.81,$13.39,0.66,$2.49,3.54,$1.22,7.22,$-0.16,0.0,$1.02B,$0.78B,1.31,$0.14B,$0.31B,0.44,$0.07B,$0.04B,50.00%,$0.07B,$-0.01B,-6.94%,$0.07B,0,0.00%,$0.07B,0,0.00%,$0.07B,$-0.01B,-6.94%,$0.07B,$-0.00B,-4.17%,$-0.00B,$0.31B,-0.96%,$-0.00B,$0.29B,-1.01%,$-0.00B,$1.23B,-0.25%,$-0.01B,$0.44B,-1.18%,$18,$9,$9,$0,$7,$16,$1,$0,$1,$0,$1,$1,$1,$0,$0,$21,21,$0.04,$0.04,$11,$0,$0,$1019,$13,$169,$14,$3,$209,$1227,$779,$135,$8,$143,$921,$0,$107,$-1,$306,$1227,$8,$1,$2,$3,$-0,$0,$-0,$1,$1,$12,$-0,$0,$0,$0,$37,$37,$-126,$-89,$39,$0,$39,$-9,$-9,$-3,$50,$77,$-1,$1,$-3
