,Date,Stock Price,Book Value per Share,Price to Book Ratio,TTM Sales per Share,Price to Sales Ratio,TTM FCF per Share,Price to FCF Ratio,TTM Net EPS,PE Ratio,Current Assets,Current Liabilities,Current Ratio,Long Term Debt,Shareholder's Equity_x,Debt to Equity Ratio,TTM Revenue_x,TTM Gross Profit,Gross Margin,TTM Revenue_y,TTM Operating Income,Operating Margin,TTM Revenue_x,TTM EBIT,EBIT Margin,TTM Revenue_y,TTM EBITDA,EBITDA Margin,TTM Revenue_x,TTM Pre-Tax Income,Pre-Tax Margin,TTM Revenue_y,TTM Net Income_x,Net Margin,TTM Net Income_y,Shareholder's Equity_y,Return on Equity,TTM Net Income_x,Tangible Equity,Return on Tangible Equity,TTM Net Income_y,Total Assets,Return on Assets,TTM Net Income,LT Investments & Debt,Return on Investment,revenue,cost-goods-sold,gross-profit,research-development-expenses,selling-general-administrative-expenses,operating-expenses,operating-income,total-non-operating-income-expense,pre-tax-income,total-provision-income-taxes,income-after-taxes,income-from-continuous-operations,net-income,ebitda,ebit,basic-shares-outstanding,shares-outstanding,eps-basic-net-earnings-per-share,eps-earnings-per-share-diluted,cash-on-hand,inventory,other-current-assets,total-current-assets,net-property-plant-equipment,long-term-investments,goodwill-intangible-assets-total,other-long-term-assets,total-long-term-assets,total-assets,total-current-liabilities,long-term-debt,other-non-current-liabilities,total-long-term-liabilities,total-liabilities,common-stock-net,retained-earnings-accumulated-deficit,comprehensive-income,total-share-holder-equity,total-liabilities-share-holders-equity,net-income-loss,total-depreciation-amortization-cash-flow,other-non-cash-items,total-non-cash-items,change-in-accounts-receivable,change-in-inventories,change-in-accounts-payable,change-in-assets-liabilities,total-change-in-assets-liabilities,cash-flow-from-operating-activities,net-change-in-property-plant-equipment,net-change-in-intangible-assets,net-acquisitions-divestitures,net-change-in-short-term-investments,net-change-in-long-term-investments,net-change-in-investments-total,investing-activities-other,cash-flow-from-investing-activities,net-long-term-debt,net-current-debt,debt-issuance-retirement-net-total,net-common-equity-issued-repurchased,net-total-equity-issued-repurchased,total-common-preferred-stock-dividends-paid,financial-activities-other,cash-flow-from-financial-activities,net-cash-flow,stock-based-compensation,common-stock-dividends-paid
0,2018-09-30,25.69,$16.16,1.59,$9.43,2.73,$5.08,5.06,$1.21,21.23,$1.25B,$1.57B,0.8,$0.04B,$0.14B,0.25,$0.08B,$0.06B,76.83%,$0.08B,$0.02B,24.39%,$0.08B,0,0.00%,$0.08B,0,0.00%,$0.08B,$0.02B,24.39%,$0.08B,$0.02B,18.29%,$0.02B,$0.14B,10.58%,$0.02B,$0.14B,11.17%,$0.02B,$1.75B,0.86%,$0.02B,$0.18B,11.22%,$21,$6,$16,$0,$12,$17,$4,$0,$4,$1,$3,$3,$3,$0,$0,$9,9,$0.39,$0.39,$64,$0,$0,$1251,$39,$441,$7,$15,$502,$1753,$1572,$35,$3,$38,$1610,$9,$52,$-11,$142,$1753,$12,$3,$1,$5,$1,$0,$0,$4,$4,$21,$-2,$0,$0,$0,$50,$50,$-39,$8,$-2,$9,$6,$0,$0,$-4,$-5,$-3,$26,$-0,$-4
1,2018-06-30,26.02,$16.03,1.62,$9.26,2.81,$3.49,7.45,$1.56,16.73,$1.20B,$1.54B,0.78,$0.04B,$0.14B,0.26,$0.08B,$0.06B,77.78%,$0.08B,$0.02B,25.93%,$0.08B,0,0.00%,$0.08B,0,0.00%,$0.08B,$0.02B,25.93%,$0.08B,$0.02B,18.52%,$0.02B,$0.14B,10.56%,$0.02B,$0.13B,11.19%,$0.02B,$1.72B,0.87%,$0.02B,$0.18B,11.73%,$21,$5,$16,$0,$10,$15,$6,$0,$6,$1,$5,$5,$5,$0,$0,$9,9,$0.52,$0.52,$28,$0,$0,$1199,$38,$465,$8,$13,$524,$1723,$1543,$36,$3,$39,$1582,$9,$50,$-10,$141,$1723,$8,$2,$0,$2,$1,$0,$0,$4,$4,$15,$-1,$0,$0,$0,$28,$28,$-24,$3,$-1,$-5,$-6,$0,$0,$-3,$-20,$-28,$-10,$-0,$-3
2,2018-03-31,25.84,$15.90,1.63,$9.02,2.86,$2.00,12.93,$1.38,18.71,$1.17B,$1.55B,0.75,$0.04B,$0.14B,0.26,$0.08B,$0.06B,79.49%,$0.08B,$0.02B,24.36%,$0.08B,0,0.00%,$0.08B,0,0.00%,$0.08B,$0.02B,24.36%,$0.08B,$0.01B,16.67%,$0.01B,$0.14B,9.17%,$0.01B,$0.13B,9.74%,$0.01B,$1.73B,0.75%,$0.02B,$0.18B,10.58%,$20,$5,$15,$0,$11,$15,$5,$0,$5,$1,$4,$4,$4,$0,$0,$9,9,$0.41,$0.41,$32,$0,$0,$1170,$38,$504,$8,$12,$562,$1732,$1553,$37,$2,$39,$1592,$9,$47,$-8,$140,$1732,$4,$1,$0,$2,$-1,$0,$0,$3,$3,$8,$-1,$0,$0,$0,$-8,$-8,$12,$3,$-1,$-16,$-16,$0,$0,$-1,$1,$-17,$-6,$-0,$-1
3,2017-12-31,24.71,$16.35,1.51,$8.86,2.79,$1.25,19.75,$1.36,18.14,$1.19B,$1.57B,0.76,$0.04B,$0.14B,0.26,$0.08B,$0.06B,81.58%,$0.08B,$0.02B,25.00%,$0.08B,0,0.00%,$0.08B,0,0.00%,$0.08B,$0.02B,25.00%,$0.08B,$0.01B,15.79%,$0.01B,$0.14B,8.66%,$0.01B,$0.14B,9.13%,$0.01B,$1.75B,0.71%,$0.02B,$0.18B,10.80%,$20,$4,$16,$0,$11,$15,$5,$0,$5,$3,$3,$3,$3,$0,$0,$9,9,$0.28,$0.28,$38,$0,$0,$1187,$38,$504,$8,$13,$563,$1750,$1567,$37,$2,$39,$1606,$9,$44,$-2,$144,$1750,$12,$4,$2,$6,$0,$0,$0,$-6,$-6,$12,$-7,$0,$0,$0,$7,$7,$-83,$-83,$1,$-1,$-0,$0,$0,$-5,$96,$91,$20,$-0,$-5
4,2017-09-30,24.06,$16.21,1.48,$8.43,2.85,$2.89,8.32,$1.46,16.44,$1.14B,$1.51B,0.75,$0.04B,$0.14B,0.27,$0.07B,$0.06B,83.33%,$0.07B,$0.02B,26.39%,$0.07B,0,0.00%,$0.07B,0,0.00%,$0.07B,$0.02B,26.39%,$0.07B,$0.01B,16.67%,$0.01B,$0.14B,8.99%,$0.01B,$0.13B,9.39%,$0.01B,$1.69B,0.74%,$0.02B,$0.18B,11.11%,$20,$4,$16,$0,$11,$15,$5,$0,$5,$2,$3,$3,$3,$0,$0,$9,9,$0.35,$0.35,$24,$0,$0,$1135,$36,$497,$9,$14,$556,$1691,$1507,$38,$4,$42,$1549,$8,$65,$-2,$143,$1691,$9,$3,$2,$5,$-1,$0,$0,$-4,$-5,$9,$-5,$0,$0,$0,$13,$13,$-44,$-36,$1,$-9,$-7,$0,$0,$-4,$44,$33,$6,$-0,$-4
5,2017-06-30,24.19,$15.92,1.52,$8.24,2.94,$4.26,5.68,$1.12,21.63,$1.14B,$1.54B,0.74,$0.04B,$0.14B,0.28,$0.07B,$0.06B,85.51%,$0.07B,$0.02B,27.54%,$0.07B,0,0.00%,$0.07B,0,0.00%,$0.07B,$0.02B,27.54%,$0.07B,$0.01B,17.39%,$0.01B,$0.14B,9.23%,$0.01B,$0.13B,9.54%,$0.01B,$1.73B,0.77%,$0.02B,$0.18B,11.34%,$18,$3,$15,$0,$10,$14,$4,$0,$4,$2,$3,$3,$3,$0,$0,$8,8,$0.35,$0.35,$31,$0,$0,$1143,$36,$523,$9,$14,$582,$1725,$1543,$39,$3,$42,$1585,$8,$63,$-2,$140,$1725,$6,$2,$1,$3,$0,$0,$0,$-5,$-5,$4,$-4,$0,$0,$0,$-13,$-13,$-46,$-62,$2,$-16,$-14,$0,$0,$-2,$87,$71,$13,$-0,$-2
6,2017-03-31,21.36,$15.16,1.41,$8.28,2.58,$5.46,3.91,$1.30,16.43,$1.01B,$1.41B,0.72,$0.04B,$0.13B,0.28,$0.07B,$0.06B,86.96%,$0.07B,$0.02B,31.88%,$0.07B,0,0.00%,$0.07B,0,0.00%,$0.07B,$0.02B,31.88%,$0.07B,$0.01B,18.84%,$0.01B,$0.13B,10.26%,$0.01B,$0.12B,10.51%,$0.01B,$1.57B,0.87%,$0.02B,$0.16B,13.39%,$18,$3,$15,$0,$10,$13,$5,$0,$5,$2,$3,$3,$3,$0,$0,$8,8,$0.39,$0.39,$18,$0,$0,$1008,$25,$527,$3,$10,$564,$1572,$1406,$36,$3,$39,$1445,$8,$61,$-3,$127,$1572,$3,$1,$0,$1,$0,$0,$0,$-2,$-2,$3,$-2,$0,$0,$0,$-25,$-25,$-46,$-72,$-1,$-5,$-5,$0,$0,$-1,$76,$70,$-0,$-0,$-1
7,2016-12-31,20.98,$14.86,1.41,$8.12,2.58,$6.26,3.35,$1.28,16.37,$0.96B,$1.34B,0.72,$0.04B,$0.12B,0.3,$0.07B,$0.06B,88.06%,$0.07B,$0.02B,32.84%,$0.07B,0,0.00%,$0.07B,0,0.00%,$0.07B,$0.02B,32.84%,$0.07B,$0.01B,19.40%,$0.01B,$0.12B,10.34%,$0.01B,$0.12B,10.59%,$0.01B,$1.50B,0.89%,$0.02B,$0.16B,13.39%,$16,$3,$14,$0,$9,$11,$5,$0,$5,$2,$3,$3,$3,$0,$0,$8,8,$0.38,$0.38,$18,$0,$0,$963,$24,$501,$3,$10,$538,$1501,$1335,$37,$5,$42,$1377,$8,$39,$-4,$124,$1501,$14,$4,$0,$5,$0,$0,$0,$4,$4,$22,$-3,$0,$0,$0,$44,$44,$-108,$-68,$-4,$5,$1,$0,$0,$-5,$30,$26,$-19,$-0,$-5
8,2016-09-30,14.15,$15.43,0.92,$8.20,1.73,$5.64,2.51,$1.31,10.81,$0.93B,$1.27B,0.73,$0.04B,$0.13B,0.3,$0.07B,$0.06B,87.88%,$0.07B,$0.02B,33.33%,$0.07B,0,0.00%,$0.07B,0,0.00%,$0.07B,$0.02B,33.33%,$0.07B,$0.01B,19.70%,$0.01B,$0.13B,10.46%,$0.01B,$0.13B,10.72%,$0.01B,$1.44B,0.89%,$0.02B,$0.17B,13.44%,$17,$3,$15,$0,$10,$12,$5,$0,$5,$2,$3,$3,$3,$0,$0,$8,8,$0.40,$0.40,$24,$0,$0,$931,$23,$477,$3,$7,$510,$1441,$1269,$38,$5,$43,$1311,$8,$57,$3,$129,$1441,$11,$3,$-1,$3,$0,$0,$0,$4,$4,$17,$-2,$0,$0,$0,$79,$79,$-71,$7,$-2,$8,$5,$0,$0,$-4,$-39,$-37,$-13,$-0,$-4
