,Date,Stock Price,Book Value per Share,Price to Book Ratio,TTM Sales per Share,Price to Sales Ratio,TTM FCF per Share,Price to FCF Ratio,TTM Net EPS,PE Ratio,Current Assets,Current Liabilities,Current Ratio,Long Term Debt,Shareholder's Equity_x,Debt to Equity Ratio,TTM Revenue_x,TTM Gross Profit,Gross Margin,TTM Revenue_y,TTM Operating Income,Operating Margin,TTM Revenue_x,TTM EBIT,EBIT Margin,TTM Revenue_y,TTM EBITDA,EBITDA Margin,TTM Revenue_x,TTM Pre-Tax Income,Pre-Tax Margin,TTM Revenue_y,TTM Net Income_x,Net Margin,TTM Net Income_y,Shareholder's Equity_y,Return on Equity,TTM Net Income_x,Tangible Equity,Return on Tangible Equity,TTM Net Income_y,Total Assets,Return on Assets,TTM Net Income,LT Investments & Debt,Return on Investment,revenue,cost-goods-sold,gross-profit,research-development-expenses,selling-general-administrative-expenses,operating-expenses,operating-income,total-non-operating-income-expense,pre-tax-income,total-provision-income-taxes,income-after-taxes,income-from-continuous-operations,net-income,ebitda,ebit,basic-shares-outstanding,shares-outstanding,eps-basic-net-earnings-per-share,eps-earnings-per-share-diluted,cash-on-hand,inventory,other-current-assets,total-current-assets,net-property-plant-equipment,long-term-investments,goodwill-intangible-assets-total,other-long-term-assets,total-long-term-assets,total-assets,total-current-liabilities,long-term-debt,other-non-current-liabilities,total-long-term-liabilities,total-liabilities,common-stock-net,retained-earnings-accumulated-deficit,comprehensive-income,total-share-holder-equity,total-liabilities-share-holders-equity,net-income-loss,total-depreciation-amortization-cash-flow,other-non-cash-items,total-non-cash-items,change-in-accounts-receivable,change-in-inventories,change-in-accounts-payable,change-in-assets-liabilities,total-change-in-assets-liabilities,cash-flow-from-operating-activities,net-change-in-property-plant-equipment,net-change-in-intangible-assets,net-acquisitions-divestitures,net-change-in-short-term-investments,net-change-in-long-term-investments,net-change-in-investments-total,investing-activities-other,cash-flow-from-investing-activities,net-long-term-debt,net-current-debt,debt-issuance-retirement-net-total,net-common-equity-issued-repurchased,net-total-equity-issued-repurchased,total-common-preferred-stock-dividends-paid,financial-activities-other,cash-flow-from-financial-activities,net-cash-flow,stock-based-compensation,common-stock-dividends-paid
0,2018-09-30,8.68,$4.68,1.86,$2.21,3.92,$-0.49,0.0,$-0.80,0.0,$0.50B,$0.10B,5.27,$0.00B,$1.05B,0.0,$0.50B,$0.16B,31.72%,$0.50B,$-0.18B,-36.77%,$0.50B,$-0.18B,-36.77%,$0.50B,$-0.07B,-13.94%,$0.50B,$-0.19B,-37.58%,$0.50B,$-0.18B,-37.17%,$-0.18B,$1.05B,-17.14%,$-0.18B,$0.81B,-22.12%,$-0.18B,$1.17B,-15.28%,$-0.18B,$1.05B,-16.95%,$129,$85,$44,$0,$38,$143,$-14,$-1,$-14,$-7,$-7,$-7,$-7,$13,$-14,$224,224,$-0.03,$-0.03,$247,$71,$20,$501,$399,$0,$238,$35,$672,$1172,$95,$0,$28,$28,$123,$3,$33,$-32,$1049,$1172,$-75,$84,$5,$89,$-37,$-3,$-10,$2,$-49,$-35,$-15,$0,$0,$0,$1,$1,$4,$-9,$-4,$0,$-4,$-0,$-0,$0,$-0,$-5,$-47,$8,$0
1,2018-06-30,7.8,$4.70,1.66,$2.12,3.68,$-0.24,0.0,$-0.79,0.0,$0.48B,$0.09B,5.09,$0.00B,$1.05B,0.0,$0.47B,$0.15B,31.43%,$0.47B,$-0.20B,-42.83%,$0.47B,$-0.20B,-42.83%,$0.47B,$-0.09B,-18.14%,$0.47B,$-0.08B,-17.30%,$0.47B,$-0.18B,-36.92%,$-0.18B,$1.05B,-15.67%,$-0.18B,$0.81B,-20.05%,$-0.18B,$1.18B,-13.99%,$-0.20B,$1.05B,-18.17%,$132,$85,$47,$0,$40,$156,$-24,$-3,$-27,$-1,$-26,$-26,$-26,$5,$-24,$224,224,$-0.12,$-0.12,$245,$69,$16,$478,$422,$0,$241,$34,$697,$1175,$94,$0,$28,$28,$122,$3,$40,$-32,$1053,$1175,$-68,$57,$4,$62,$-22,$-1,$-10,$2,$-32,$-38,$-11,$0,$0,$0,$15,$15,$2,$5,$-3,$0,$-3,$-1,$-1,$0,$-0,$-4,$-34,$5,$0
2,2018-03-31,5.43,$4.81,1.13,$2.06,2.64,$-0.12,0.0,$-0.79,0.0,$0.48B,$0.10B,4.63,$0.00B,$1.08B,0.0,$0.46B,$0.14B,30.65%,$0.46B,$-0.21B,-46.30%,$0.46B,$-0.21B,-46.30%,$0.46B,$-0.09B,-20.43%,$0.46B,$-0.09B,-18.91%,$0.46B,$-0.18B,-38.04%,$-0.18B,$1.08B,-15.06%,$-0.18B,$0.83B,-19.10%,$-0.18B,$1.21B,-13.16%,$-0.21B,$1.08B,-18.33%,$116,$82,$34,$0,$39,$150,$-35,$-1,$-36,$6,$-42,$-42,$-42,$-7,$-35,$224,224,$-0.19,$-0.19,$265,$73,$13,$483,$449,$0,$243,$34,$726,$1209,$104,$0,$28,$29,$133,$3,$66,$-31,$1076,$1209,$-42,$28,$2,$31,$-4,$-2,$-3,$1,$-9,$-21,$-6,$0,$0,$0,$5,$5,$2,$-0,$-1,$0,$-1,$-0,$-0,$0,$0,$-2,$-24,$2,$0
3,2017-12-31,6.65,$5.00,1.33,$2.04,3.26,$-0.09,0.0,$-0.72,0.0,$0.51B,$0.12B,4.33,$0.00B,$1.12B,0.0,$0.46B,$0.14B,31.65%,$0.46B,$-0.22B,-47.25%,$0.46B,$-0.22B,-47.25%,$0.46B,$-0.09B,-20.22%,$0.46B,$-0.09B,-19.12%,$0.46B,$-0.16B,-35.16%,$-0.16B,$1.12B,-13.21%,$-0.16B,$0.87B,-16.62%,$-0.16B,$1.26B,-11.32%,$-0.22B,$1.12B,-17.75%,$118,$86,$32,$0,$39,$227,$-109,$0,$-109,$0,$-109,$-109,$-109,$-80,$-109,$223,223,$-0.49,$-0.49,$294,$76,$14,$512,$470,$0,$245,$35,$750,$1262,$118,$0,$27,$28,$146,$3,$107,$-31,$1116,$1262,$-159,$122,$21,$144,$21,$12,$7,$-8,$41,$25,$-8,$0,$0,$0,$-70,$-70,$-0,$-78,$-1,$0,$-1,$-2,$-2,$-50,$0,$-52,$-107,$14,$-50
4,2017-09-30,7.72,$5.48,1.41,$2.12,3.64,$-0.45,0.0,$-0.53,0.0,$0.58B,$0.11B,5.49,$0.00B,$1.22B,0.0,$0.45B,$0.14B,32.36%,$0.45B,$-0.17B,-37.53%,$0.45B,$-0.17B,-37.53%,$0.45B,$-0.04B,-9.66%,$0.45B,$-0.06B,-12.36%,$0.45B,$-0.12B,-26.29%,$-0.12B,$1.22B,-9.28%,$-0.12B,$0.98B,-11.60%,$-0.12B,$1.36B,-7.83%,$-0.17B,$1.22B,-13.25%,$108,$72,$36,$0,$40,$143,$-35,$125,$90,$88,$2,$2,$2,$-4,$-35,$223,224,$0.01,$0.01,$294,$133,$11,$578,$498,$0,$248,$33,$779,$1357,$105,$0,$28,$28,$134,$3,$216,$-31,$1223,$1357,$-50,$93,$-53,$40,$24,$6,$8,$-4,$35,$25,$-19,$0,$0,$0,$-49,$-49,$11,$-57,$-0,$0,$-0,$-1,$-1,$-50,$0,$-52,$-86,$11,$-50
5,2017-06-30,8.19,$5.53,1.48,$2.23,3.67,$-0.49,0.0,$-0.75,0.0,$0.59B,$0.10B,5.87,$0.00B,$1.23B,0.0,$0.44B,$0.14B,31.67%,$0.44B,$-0.18B,-40.95%,$0.44B,$-0.18B,-40.95%,$0.44B,$-0.06B,-13.80%,$0.44B,$-0.19B,-43.89%,$0.44B,$-0.16B,-35.29%,$-0.16B,$1.23B,-12.32%,$-0.16B,$0.98B,-14.57%,$-0.16B,$1.49B,-10.15%,$-0.18B,$1.23B,-14.29%,$118,$78,$39,$0,$42,$152,$-34,$2,$-32,$-6,$-26,$-26,$-26,$-3,$-34,$223,223,$-0.12,$-0.12,$275,$135,$16,$594,$526,$0,$251,$33,$900,$1493,$101,$0,$153,$158,$259,$3,$231,$-32,$1234,$1493,$-53,$62,$-14,$48,$-7,$6,$4,$-6,$-3,$-7,$-15,$0,$0,$0,$11,$11,$2,$-2,$-0,$0,$-0,$-1,$-1,$-33,$0,$-35,$-45,$9,$-33
6,2017-03-31,10.34,$5.71,1.81,$2.48,4.17,$-0.13,0.0,$-0.83,0.0,$0.62B,$0.10B,5.96,$0.00B,$1.27B,0.0,$0.45B,$0.14B,31.01%,$0.45B,$-0.20B,-44.49%,$0.45B,$-0.20B,-44.49%,$0.45B,$-0.08B,-17.98%,$0.45B,$-0.22B,-48.31%,$0.45B,$-0.16B,-36.18%,$-0.16B,$1.27B,-12.41%,$-0.16B,$1.02B,-13.90%,$-0.16B,$1.54B,-10.34%,$-0.20B,$1.27B,-15.26%,$111,$74,$37,$0,$43,$147,$-37,$1,$-36,$-9,$-27,$-27,$-27,$-5,$-37,$223,223,$-0.12,$-0.12,$284,$136,$18,$617,$549,$0,$254,$42,$925,$1542,$103,$0,$154,$166,$269,$3,$274,$-33,$1273,$1542,$-27,$31,$-9,$22,$-10,$5,$4,$-4,$-5,$-9,$-12,$0,$0,$0,$3,$3,$2,$-7,$-0,$0,$-0,$-1,$-1,$-17,$0,$-18,$-36,$6,$-17
7,2016-12-31,11.97,$5.90,2.03,$2.97,4.03,$0.22,54.94,$-0.71,0.0,$0.64B,$0.10B,6.44,$0.00B,$1.31B,0.0,$0.49B,$0.17B,35.11%,$0.49B,$-0.16B,-33.68%,$0.49B,$-0.16B,-33.68%,$0.49B,$-0.05B,-9.86%,$0.49B,$-0.18B,-37.37%,$0.49B,$-0.14B,-27.72%,$-0.14B,$1.31B,-10.10%,$-0.14B,$1.06B,-10.76%,$-0.14B,$1.59B,-8.48%,$-0.16B,$1.31B,-12.27%,$108,$76,$32,$0,$33,$169,$-61,$-16,$-77,$-10,$-66,$-66,$-66,$-31,$-61,$177,177,$-0.36,$-0.36,$320,$139,$14,$640,$567,$0,$256,$46,$948,$1588,$99,$0,$156,$177,$277,$3,$317,$-33,$1311,$1588,$-156,$114,$30,$144,$70,$27,$-3,$-50,$1,$-11,$-38,$0,$-150,$0,$10,$10,$-0,$-179,$-7,$0,$-7,$-2,$-2,$-79,$-9,$-97,$-283,$16,$-79
8,2016-09-30,12.56,$5.96,2.11,$3.33,3.77,$2.09,6.02,$-0.37,0.0,$0.83B,$0.12B,6.85,$0.00B,$1.25B,0.0,$0.58B,$0.16B,27.49%,$0.58B,$-0.10B,-16.32%,$0.58B,$-0.10B,-16.32%,$0.58B,$0.02B,3.26%,$0.58B,$-0.09B,-16.15%,$0.58B,$-0.06B,-10.65%,$-0.06B,$1.25B,-4.52%,$-0.06B,$1.22B,-4.60%,$-0.06B,$1.53B,-3.81%,$-0.10B,$1.25B,-6.93%,$105,$73,$32,$0,$40,$154,$-49,$-0,$-49,$-7,$-42,$-42,$-37,$-22,$-49,$177,177,$-0.21,$-0.21,$530,$137,$8,$830,$574,$0,$24,$98,$696,$1526,$121,$0,$157,$157,$278,$3,$400,$-32,$1248,$1526,$-90,$84,$-5,$80,$82,$20,$0,$-36,$38,$28,$-30,$0,$0,$0,$10,$10,$2,$-17,$-7,$0,$-7,$-2,$-2,$-62,$-9,$-80,$-73,$12,$-62
9,2016-06-30,14.03,$8.74,1.61,$3.88,3.61,$3.09,4.55,$-0.05,0.0,$0.91B,$0.14B,6.49,$0.00B,$1.36B,0.0,$0.72B,$0.26B,36.40%,$0.72B,$-0.01B,-0.98%,$0.72B,$-0.01B,-0.98%,$0.72B,$0.11B,15.20%,$0.72B,$-0.01B,-1.39%,$0.72B,$-0.01B,-1.12%,$-0.01B,$1.36B,-0.56%,$-0.01B,$1.34B,-0.57%,$-0.01B,$1.57B,-0.48%,$-0.01B,$1.36B,-0.49%,$121,$84,$37,$0,$56,$172,$-51,$-2,$-53,$-8,$-45,$-45,$-31,$-22,$-51,$155,155,$-0.20,$-0.20,$581,$145,$11,$906,$588,$0,$24,$55,$667,$1574,$140,$0,$43,$75,$214,$2,$453,$-24,$1359,$1574,$-48,$58,$8,$66,$69,$11,$-2,$-20,$40,$58,$-18,$0,$0,$0,$-1,$-1,$2,$-17,$-5,$0,$-5,$-0,$-0,$-47,$-8,$-60,$-21,$9,$-47
10,2016-03-31,15.68,$9.19,1.71,$4.32,3.63,$3.53,4.45,$0.29,54.05,$0.99B,$0.17B,5.85,$0.00B,$1.43B,0.0,$0.85B,$0.37B,43.41%,$0.85B,$0.09B,10.00%,$0.85B,$0.09B,10.00%,$0.85B,$0.20B,23.53%,$0.85B,$0.08B,9.65%,$0.85B,$0.04B,5.18%,$0.04B,$1.43B,3.02%,$0.04B,$1.40B,3.08%,$0.04B,$1.68B,2.56%,$0.09B,$1.43B,5.84%,$153,$84,$70,$0,$43,$156,$-3,$-0,$-3,$-1,$-2,$-2,$-1,$27,$-3,$155,155,$-0.01,$-0.01,$609,$156,$14,$993,$606,$0,$25,$54,$685,$1678,$170,$0,$43,$81,$250,$2,$508,$-23,$1428,$1678,$-2,$29,$2,$31,$33,$1,$-3,$-7,$17,$46,$-7,$0,$0,$0,$-1,$-1,$0,$-8,$-3,$0,$-3,$-0,$-0,$-23,$-5,$-31,$6,$4,$-23
11,2015-12-31,15.72,$9.36,1.68,$4.66,3.37,$3.54,4.43,$0.50,31.43,$1.02B,$0.19B,5.4,$0.00B,$1.45B,0.0,$0.97B,$0.46B,47.23%,$0.97B,$0.14B,14.68%,$0.97B,$0.14B,14.68%,$0.97B,$0.25B,25.87%,$0.97B,$0.14B,14.68%,$0.97B,$0.08B,8.11%,$0.08B,$1.45B,5.39%,$0.08B,$1.43B,5.47%,$0.08B,$1.73B,4.54%,$0.14B,$1.45B,9.75%,$203,$182,$21,$0,$-36,$195,$8,$3,$11,$5,$7,$7,$7,$36,$8,$155,209,$0.04,$0.04,$602,$161,$14,$1024,$625,$0,$25,$53,$703,$1727,$190,$0,$45,$86,$275,$2,$532,$-26,$1451,$1727,$106,$109,$28,$137,$141,$42,$-3,$2,$185,$428,$-95,$0,$-79,$0,$-1,$-1,$0,$-175,$-1,$0,$-1,$-4,$-4,$-93,$-44,$-141,$113,$29,$-93
12,2015-09-30,14.31,$9.45,1.51,$5.23,2.74,$2.90,4.93,$0.68,21.05,$1.02B,$0.18B,5.77,$0.00B,$1.47B,0.0,$1.09B,$0.63B,57.43%,$1.09B,$0.23B,20.83%,$1.09B,$0.23B,20.83%,$1.09B,$0.33B,30.37%,$1.09B,$0.21B,18.99%,$1.09B,$0.11B,9.82%,$0.11B,$1.47B,7.27%,$0.11B,$1.44B,7.37%,$0.11B,$1.74B,6.11%,$0.23B,$1.47B,15.42%,$240,$107,$133,$0,$67,$201,$39,$-4,$35,$11,$24,$24,$17,$68,$39,$155,209,$0.11,$0.11,$507,$173,$11,$1017,$643,$0,$26,$51,$720,$1736,$176,$0,$44,$94,$270,$2,$547,$-24,$1466,$1736,$99,$81,$34,$115,$63,$38,$1,$-3,$81,$295,$-88,$0,$-79,$0,$-0,$-0,$3,$-164,$-0,$0,$-0,$-4,$-4,$-70,$-44,$-117,$18,$25,$-70
13,2015-06-30,17.42,$9.57,1.82,$5.51,3.16,$2.64,6.61,$0.88,19.79,$1.00B,$0.17B,5.76,$0.00B,$1.48B,0.0,$1.15B,$0.67B,58.29%,$1.15B,$0.27B,23.91%,$1.15B,$0.27B,23.91%,$1.15B,$0.37B,32.55%,$1.15B,$0.26B,22.60%,$1.15B,$0.14B,11.95%,$0.14B,$1.48B,9.33%,$0.14B,$1.45B,9.45%,$0.14B,$1.75B,7.86%,$0.27B,$1.48B,18.66%,$254,$110,$145,$0,$74,$213,$41,$-2,$39,$11,$29,$29,$21,$69,$41,$154,209,$0.14,$0.14,$475,$189,$15,$1003,$662,$0,$27,$53,$742,$1745,$174,$0,$47,$93,$267,$2,$554,$-21,$1478,$1745,$75,$52,$25,$77,$66,$17,$2,$-5,$64,$216,$-71,$0,$-79,$0,$0,$0,$0,$-149,$-0,$0,$-0,$-1,$-1,$-46,$-32,$-79,$-15,$19,$-46
14,2015-03-31,17.16,$9.53,1.8,$5.60,3.06,$2.36,7.28,$0.97,17.69,$1.09B,$0.20B,5.42,$0.00B,$1.47B,0.0,$1.17B,$0.68B,58.37%,$1.17B,$0.30B,25.41%,$1.17B,$0.30B,25.41%,$1.17B,$0.39B,33.39%,$1.17B,$0.29B,24.55%,$1.17B,$0.15B,12.96%,$0.15B,$1.47B,10.39%,$0.15B,$1.46B,10.49%,$0.15B,$1.76B,8.78%,$0.30B,$1.47B,20.37%,$277,$116,$161,$0,$70,$222,$55,$3,$58,$11,$46,$46,$34,$79,$55,$154,208,$0.22,$0.21,$498,$208,$16,$1094,$597,$0,$14,$55,$666,$1760,$202,$0,$45,$87,$289,$2,$556,$-23,$1471,$1760,$46,$24,$13,$37,$14,$-6,$2,$5,$16,$100,$-44,$0,$0,$0,$0,$0,$-0,$-44,$-0,$0,$-0,$-0,$-0,$-23,$-21,$-44,$9,$8,$-23
15,2014-12-31,15.14,$9.54,1.59,$5.55,2.73,$2.29,6.62,$1.03,14.7,$1.11B,$0.21B,5.35,$0.00B,$1.47B,0.0,$1.15B,$0.67B,58.42%,$1.15B,$0.32B,27.34%,$1.15B,$0.32B,27.34%,$1.15B,$0.41B,35.16%,$1.15B,$0.30B,26.39%,$1.15B,$0.16B,13.80%,$0.16B,$1.47B,11.11%,$0.16B,$1.46B,11.22%,$0.16B,$1.76B,9.45%,$0.32B,$1.47B,22.01%,$319,$133,$187,$0,$71,$227,$92,$-16,$75,$24,$51,$51,$35,$115,$92,$154,208,$0.22,$0.22,$489,$204,$23,$1107,$580,$0,$14,$57,$651,$1759,$207,$0,$43,$79,$286,$2,$545,$-14,$1473,$1759,$229,$90,$75,$165,$-43,$-30,$5,$10,$-26,$369,$-172,$0,$0,$0,$-2,$-2,$0,$-174,$-0,$0,$-0,$-5,$-5,$-69,$-42,$-116,$84,$38,$-69
16,2014-09-30,16.89,$9.40,1.8,$5.53,3.05,$1.84,9.18,$1.17,14.44,$1.06B,$0.20B,5.34,$0.00B,$1.45B,0.0,$1.12B,$0.65B,58.65%,$1.12B,$0.31B,27.35%,$1.12B,$0.31B,27.35%,$1.12B,$0.39B,35.34%,$1.12B,$0.31B,27.98%,$1.12B,$0.18B,16.05%,$0.18B,$1.45B,12.82%,$0.18B,$1.44B,12.95%,$0.18B,$1.71B,10.96%,$0.31B,$1.45B,21.85%,$296,$121,$175,$0,$65,$210,$86,$1,$87,$20,$67,$67,$47,$110,$86,$154,208,$0.31,$0.31,$468,$211,$16,$1063,$567,$0,$14,$61,$643,$1706,$199,$0,$41,$56,$256,$2,$534,$-8,$1450,$1706,$178,$67,$31,$97,$-6,$-38,$3,$21,$-1,$274,$-124,$0,$0,$0,$-2,$-2,$0,$-125,$-0,$0,$-0,$-4,$-4,$-46,$-32,$-83,$63,$29,$-46
17,2014-06-30,22.06,$9.25,2.39,$5.53,3.99,$1.98,11.15,$1.15,19.18,$1.03B,$0.18B,5.7,$0.00B,$1.42B,0.0,$1.09B,$0.64B,58.59%,$1.09B,$0.29B,27.00%,$1.09B,$0.29B,27.00%,$1.09B,$0.38B,34.80%,$1.09B,$0.31B,28.01%,$1.09B,$0.17B,15.89%,$0.17B,$1.42B,12.80%,$0.17B,$1.41B,12.94%,$0.17B,$1.66B,10.92%,$0.29B,$1.42B,21.75%,$273,$116,$157,$0,$72,$210,$63,$3,$66,$16,$50,$50,$35,$85,$63,$154,208,$0.23,$0.23,$444,$214,$16,$1033,$546,$0,$15,$64,$625,$1658,$181,$0,$41,$57,$239,$2,$510,$-2,$1419,$1658,$110,$43,$22,$65,$4,$-40,$0,$14,$-13,$162,$-75,$0,$0,$0,$-2,$-2,$0,$-77,$-0,$0,$-0,$0,$0,$-23,$-22,$-45,$39,$20,$-23
