,Date,Stock Price,Book Value per Share,Price to Book Ratio,TTM Sales per Share,Price to Sales Ratio,TTM FCF per Share,Price to FCF Ratio,TTM Net EPS,PE Ratio,Current Assets,Current Liabilities,Current Ratio,Long Term Debt,Shareholder's Equity_x,Debt to Equity Ratio,TTM Revenue_x,TTM Gross Profit,Gross Margin,TTM Revenue_y,TTM Operating Income,Operating Margin,TTM Revenue_x,TTM EBIT,EBIT Margin,TTM Revenue_y,TTM EBITDA,EBITDA Margin,TTM Revenue_x,TTM Pre-Tax Income,Pre-Tax Margin,TTM Revenue_y,TTM Net Income_x,Net Margin,TTM Net Income_y,Shareholder's Equity_y,Return on Equity,TTM Net Income_x,Tangible Equity,Return on Tangible Equity,TTM Net Income_y,Total Assets,Return on Assets,TTM Net Income,LT Investments & Debt,Return on Investment,revenue,cost-goods-sold,gross-profit,research-development-expenses,selling-general-administrative-expenses,operating-expenses,operating-income,total-non-operating-income-expense,pre-tax-income,total-provision-income-taxes,income-after-taxes,income-from-continuous-operations,net-income,ebitda,ebit,basic-shares-outstanding,shares-outstanding,eps-basic-net-earnings-per-share,eps-earnings-per-share-diluted,cash-on-hand,inventory,other-current-assets,total-current-assets,net-property-plant-equipment,long-term-investments,goodwill-intangible-assets-total,other-long-term-assets,total-long-term-assets,total-assets,total-current-liabilities,long-term-debt,other-non-current-liabilities,total-long-term-liabilities,total-liabilities,common-stock-net,retained-earnings-accumulated-deficit,comprehensive-income,total-share-holder-equity,total-liabilities-share-holders-equity,net-income-loss,total-depreciation-amortization-cash-flow,other-non-cash-items,total-non-cash-items,change-in-accounts-receivable,change-in-inventories,change-in-accounts-payable,change-in-assets-liabilities,total-change-in-assets-liabilities,cash-flow-from-operating-activities,net-change-in-property-plant-equipment,net-change-in-intangible-assets,net-acquisitions-divestitures,net-change-in-short-term-investments,net-change-in-long-term-investments,net-change-in-investments-total,investing-activities-other,cash-flow-from-investing-activities,net-long-term-debt,net-current-debt,debt-issuance-retirement-net-total,net-common-equity-issued-repurchased,net-total-equity-issued-repurchased,total-common-preferred-stock-dividends-paid,financial-activities-other,cash-flow-from-financial-activities,net-cash-flow,stock-based-compensation,common-stock-dividends-paid
0,2018-09-30,44.8,$27.30,1.64,$10.67,4.2,$8.74,5.13,$2.71,16.53,$9.46B,$11.59B,0.82,$0.11B,$1.65B,0.07,$0.60B,$0.56B,93.80%,$0.60B,$0.21B,35.68%,$0.60B,0,0.00%,$0.60B,0,0.00%,$0.60B,$0.20B,34.17%,$0.60B,$0.15B,25.80%,$0.15B,$1.65B,10.31%,$0.15B,$1.02B,16.27%,$0.15B,$13.36B,1.23%,$0.21B,$1.77B,13.32%,$157,$11,$146,$0,$87,$101,$57,$-3,$54,$12,$41,$41,$41,$0,$0,$58,59,$0.71,$0.71,$965,$0,$0,$9457,$244,$2577,$633,$445,$3898,$13356,$11588,$111,$0,$114,$11701,$866,$828,$-39,$1654,$13356,$120,$28,$16,$44,$2,$0,$1,$-1,$8,$172,$4,$0,$28,$0,$79,$79,$-216,$-105,$2,$-32,$-29,$1,$1,$-47,$214,$139,$206,$4,$-47
1,2018-06-30,41.93,$25.69,1.63,$10.59,3.96,$7.27,5.76,$2.48,16.91,$8.44B,$10.68B,0.79,$0.10B,$1.46B,0.07,$0.59B,$0.55B,94.21%,$0.59B,$0.21B,35.78%,$0.59B,0,0.00%,$0.59B,0,0.00%,$0.59B,$0.19B,32.54%,$0.59B,$0.14B,23.85%,$0.14B,$1.46B,9.76%,$0.14B,$0.94B,15.29%,$0.14B,$12.24B,1.14%,$0.21B,$1.56B,13.61%,$151,$9,$141,$0,$85,$97,$54,$0,$54,$12,$42,$42,$42,$0,$0,$56,57,$0.74,$0.74,$712,$0,$0,$8436,$234,$2619,$517,$430,$3800,$12236,$10679,$98,$0,$98,$10777,$691,$803,$-35,$1458,$12236,$78,$19,$17,$35,$-8,$0,$1,$-8,$-16,$98,$3,$0,$0,$0,$42,$42,$-151,$-106,$-17,$-1,$-19,$1,$1,$-32,$11,$-39,$-47,$3,$-32
2,2018-03-31,39.04,$25.26,1.55,$10.49,3.72,$7.22,5.41,$2.19,17.82,$8.36B,$10.74B,0.78,$0.10B,$1.43B,0.07,$0.56B,$0.53B,94.63%,$0.56B,$0.20B,35.78%,$0.56B,0,0.00%,$0.56B,0,0.00%,$0.56B,$0.17B,30.59%,$0.56B,$0.12B,21.47%,$0.12B,$1.43B,8.44%,$0.12B,$0.91B,13.31%,$0.12B,$12.27B,0.98%,$0.20B,$1.53B,13.02%,$143,$8,$135,$0,$83,$94,$49,$-2,$47,$10,$37,$37,$37,$0,$0,$56,57,$0.65,$0.65,$744,$0,$0,$8356,$240,$2743,$518,$416,$3917,$12273,$10741,$98,$0,$100,$10841,$688,$777,$-32,$1432,$12273,$37,$9,$13,$23,$12,$0,$0,$3,$4,$63,$-2,$0,$0,$0,$-76,$-76,$-49,$-127,$-17,$-9,$-27,$-0,$-0,$-16,$91,$49,$-15,$1,$-16
3,2017-12-31,39.25,$25.28,1.55,$10.26,3.83,$7.67,5.12,$2.05,19.15,$8.34B,$10.67B,0.78,$0.12B,$1.43B,0.08,$0.52B,$0.49B,94.62%,$0.52B,$0.18B,35.38%,$0.52B,0,0.00%,$0.52B,0,0.00%,$0.52B,$0.16B,30.19%,$0.52B,$0.11B,20.38%,$0.11B,$1.43B,8.07%,$0.11B,$0.91B,12.28%,$0.11B,$12.21B,0.93%,$0.18B,$1.54B,12.85%,$146,$8,$138,$0,$82,$93,$53,$-3,$49,$15,$34,$34,$34,$0,$0,$51,52,$0.60,$0.61,$759,$0,$0,$8339,$242,$2693,$519,$417,$3874,$12213,$10670,$116,$0,$116,$10786,$687,$753,$-12,$1428,$12213,$107,$30,$33,$63,$19,$0,$0,$-11,$-14,$155,$-5,$-28,$92,$0,$-103,$-103,$-86,$-131,$5,$105,$111,$1,$1,$-49,$-110,$-47,$-23,$4,$-49
4,2017-09-30,37.25,$25.14,1.48,$9.99,3.73,$7.27,5.13,$1.99,18.72,$8.40B,$10.67B,0.79,$0.12B,$1.42B,0.09,$0.49B,$0.46B,94.88%,$0.49B,$0.17B,34.84%,$0.49B,0,0.00%,$0.49B,0,0.00%,$0.49B,$0.15B,29.92%,$0.49B,$0.10B,19.88%,$0.10B,$1.42B,8.07%,$0.10B,$0.90B,11.81%,$0.10B,$12.21B,0.91%,$0.17B,$1.54B,12.89%,$147,$8,$139,$0,$82,$93,$54,$-13,$41,$14,$27,$27,$27,$0,$0,$56,57,$0.49,$0.48,$883,$0,$0,$8401,$243,$2618,$520,$419,$3805,$12206,$10667,$121,$0,$121,$10787,$687,$732,$1,$1419,$12206,$72,$27,$8,$34,$9,$0,$0,$-5,$-12,$95,$-8,$-28,$92,$0,$-3,$-3,$-8,$44,$-0,$108,$108,$1,$1,$-35,$-112,$-38,$101,$3,$-35
5,2017-06-30,35.99,$24.90,1.45,$9.84,3.66,$7.46,4.82,$2.07,17.39,$8.44B,$10.71B,0.79,$0.13B,$1.41B,0.09,$0.45B,$0.43B,95.34%,$0.45B,$0.16B,34.37%,$0.45B,0,0.00%,$0.45B,0,0.00%,$0.45B,$0.14B,31.71%,$0.45B,$0.10B,21.06%,$0.10B,$1.41B,8.69%,$0.10B,$0.88B,12.15%,$0.10B,$12.24B,0.97%,$0.16B,$1.53B,12.84%,$123,$7,$117,$0,$71,$79,$44,$-10,$34,$12,$22,$22,$22,$0,$0,$48,48,$0.46,$0.45,$920,$0,$0,$8436,$243,$2610,$521,$417,$3800,$12236,$10705,$126,$0,$126,$10831,$685,$718,$2,$1405,$12236,$45,$15,$-13,$3,$34,$0,$4,$24,$41,$89,$-6,$-28,$92,$0,$9,$9,$-28,$39,$15,$42,$57,$0,$0,$-22,$-25,$11,$138,$2,$-22
6,2017-03-31,38.12,$22.19,1.72,$9.72,3.92,$6.54,5.83,$2.19,17.41,$6.16B,$7.94B,0.78,$0.11B,$1.00B,0.11,$0.44B,$0.42B,95.65%,$0.44B,$0.15B,34.32%,$0.44B,0,0.00%,$0.44B,0,0.00%,$0.44B,$0.15B,33.87%,$0.44B,$0.10B,22.65%,$0.10B,$1.00B,10.07%,$0.10B,$0.76B,13.29%,$0.10B,$9.06B,1.11%,$0.15B,$1.11B,13.72%,$104,$6,$98,$0,$64,$70,$33,$-1,$33,$9,$23,$23,$23,$0,$0,$45,45,$0.52,$0.51,$808,$0,$0,$6159,$195,$2149,$241,$317,$2902,$9061,$7936,$110,$0,$123,$8060,$297,$707,$-3,$1002,$9061,$23,$7,$5,$12,$39,$0,$-1,$1,$38,$73,$-4,$-28,$0,$0,$-17,$-17,$38,$-11,$0,$50,$50,$0,$0,$-11,$-76,$-37,$26,$1,$-11
7,2016-12-31,40.68,$21.87,1.86,$9.67,4.21,$5.43,7.49,$2.13,19.1,$6.21B,$7.96B,0.78,$0.11B,$0.98B,0.11,$0.43B,$0.42B,96.08%,$0.43B,$0.15B,33.87%,$0.43B,0,0.00%,$0.43B,0,0.00%,$0.43B,$0.15B,33.41%,$0.43B,$0.10B,22.12%,$0.10B,$0.98B,9.91%,$0.10B,$0.74B,13.10%,$0.10B,$9.06B,1.09%,$0.15B,$1.09B,13.63%,$114,$5,$109,$0,$68,$74,$39,$-2,$38,$13,$25,$25,$25,$0,$0,$45,45,$0.55,$0.55,$782,$0,$0,$6214,$194,$2124,$241,$290,$2850,$9064,$7964,$110,$0,$117,$8081,$296,$695,$-8,$983,$9064,$96,$32,$18,$50,$-16,$0,$0,$-7,$-28,$118,$-7,$0,$19,$0,$3,$3,$-158,$-143,$0,$9,$9,$-22,$-22,$-39,$79,$27,$2,$4,$-39
8,2016-09-30,29.92,$21.89,1.37,$9.41,3.18,$5.69,5.26,$2.09,14.31,$6.18B,$7.87B,0.79,$0.11B,$0.98B,0.11,$0.42B,$0.41B,95.99%,$0.42B,$0.14B,33.73%,$0.42B,0,0.00%,$0.42B,0,0.00%,$0.42B,$0.14B,33.49%,$0.42B,$0.09B,22.17%,$0.09B,$0.98B,9.79%,$0.09B,$0.74B,12.92%,$0.09B,$8.97B,1.07%,$0.14B,$1.09B,13.36%,$110,$4,$106,$0,$65,$71,$39,$-1,$38,$13,$25,$25,$25,$0,$0,$44,45,$0.57,$0.56,$701,$0,$0,$6182,$191,$2072,$241,$288,$2792,$8974,$7866,$110,$0,$125,$7991,$294,$680,$9,$983,$8974,$71,$24,$12,$36,$-21,$0,$1,$-6,$-28,$79,$-2,$0,$19,$0,$94,$94,$-196,$-86,$0,$-52,$-52,$-22,$-22,$-30,$31,$-73,$-79,$3,$-30
9,2016-06-30,26.48,$21.57,1.23,$9.19,2.88,$5.73,4.62,$1.97,13.44,$5.84B,$7.51B,0.78,$0.11B,$0.97B,0.11,$0.42B,$0.40B,95.91%,$0.42B,$0.14B,32.45%,$0.42B,0,0.00%,$0.42B,0,0.00%,$0.42B,$0.13B,32.21%,$0.42B,$0.09B,21.39%,$0.09B,$0.97B,9.38%,$0.09B,$0.74B,12.38%,$0.09B,$8.61B,1.03%,$0.14B,$1.08B,12.70%,$109,$4,$105,$0,$64,$70,$39,$0,$39,$14,$26,$26,$26,$0,$0,$44,45,$0.58,$0.57,$476,$0,$0,$5836,$188,$2062,$229,$290,$2769,$8605,$7513,$110,$0,$127,$7640,$290,$664,$10,$965,$8605,$46,$16,$9,$25,$-22,$0,$1,$-17,$-34,$37,$-1,$0,$0,$0,$9,$9,$-154,$-146,$0,$-44,$-44,$-24,$-24,$-20,$-107,$-195,$-304,$2,$-20
10,2016-03-31,26.3,$21.07,1.25,$8.98,2.93,$5.74,4.58,$1.89,13.91,$5.85B,$7.63B,0.77,$0.11B,$0.94B,0.12,$0.41B,$0.39B,95.83%,$0.41B,$0.13B,31.86%,$0.41B,0,0.00%,$0.41B,0,0.00%,$0.41B,$0.13B,31.62%,$0.41B,$0.09B,20.83%,$0.09B,$0.94B,9.05%,$0.09B,$0.71B,12.00%,$0.09B,$8.69B,0.99%,$0.13B,$1.05B,12.30%,$101,$4,$97,$0,$65,$71,$30,$-0,$30,$10,$20,$20,$20,$0,$0,$45,45,$0.45,$0.45,$656,$0,$0,$5847,$189,$2145,$230,$280,$2844,$8691,$7626,$110,$0,$122,$7749,$289,$649,$5,$942,$8691,$20,$8,$5,$13,$0,$0,$0,$-6,$-13,$20,$-1,$0,$0,$0,$-81,$-81,$-2,$-85,$0,$-45,$-45,$-24,$-24,$-10,$19,$-60,$-125,$1,$-10
11,2015-12-31,26.95,$20.92,1.29,$8.85,3.05,$5.33,5.06,$1.90,14.18,$5.98B,$7.66B,0.78,$0.11B,$0.95B,0.12,$0.40B,$0.39B,95.54%,$0.40B,$0.13B,32.43%,$0.40B,0,0.00%,$0.40B,0,0.00%,$0.40B,$0.13B,32.18%,$0.40B,$0.09B,21.29%,$0.09B,$0.95B,9.23%,$0.09B,$0.72B,12.26%,$0.09B,$8.73B,1.00%,$0.13B,$1.06B,12.43%,$104,$5,$99,$0,$63,$69,$35,$-0,$35,$12,$23,$23,$23,$0,$0,$45,46,$0.52,$0.51,$780,$0,$0,$5978,$191,$2058,$231,$272,$2751,$8728,$7658,$110,$0,$120,$7778,$312,$638,$0,$950,$8728,$87,$33,$21,$54,$-5,$0,$-1,$-7,$-25,$115,$10,$0,$-2,$0,$247,$247,$-350,$-95,$-11,$6,$-5,$-17,$-17,$-36,$20,$-38,$-18,$4,$-36
12,2015-09-30,25.63,$20.70,1.24,$8.83,2.9,$5.62,4.56,$1.88,13.63,$5.84B,$7.53B,0.78,$0.13B,$0.94B,0.13,$0.40B,$0.38B,95.52%,$0.40B,$0.13B,33.08%,$0.40B,0,0.00%,$0.40B,0,0.00%,$0.40B,$0.13B,32.34%,$0.40B,$0.09B,21.39%,$0.09B,$0.94B,9.33%,$0.09B,$0.71B,12.46%,$0.09B,$8.61B,1.01%,$0.13B,$1.06B,12.72%,$102,$4,$98,$0,$65,$71,$31,$-0,$30,$10,$20,$20,$20,$0,$0,$45,46,$0.45,$0.44,$708,$0,$0,$5842,$190,$2068,$231,$273,$2762,$8605,$7527,$126,$0,$139,$7666,$309,$624,$5,$939,$8605,$63,$25,$17,$42,$-11,$0,$-1,$-7,$-36,$69,$11,$0,$-2,$0,$249,$249,$-277,$-18,$4,$-67,$-63,$-19,$-19,$-27,$-33,$-142,$-90,$3,$-27
13,2015-06-30,25.35,$20.32,1.25,$8.77,2.89,$5.25,4.83,$1.86,13.63,$5.56B,$7.33B,0.76,$0.13B,$0.93B,0.14,$0.40B,$0.38B,95.24%,$0.40B,$0.13B,33.08%,$0.40B,0,0.00%,$0.40B,0,0.00%,$0.40B,$0.13B,32.33%,$0.40B,$0.09B,21.30%,$0.09B,$0.93B,9.36%,$0.09B,$0.69B,12.56%,$0.09B,$8.39B,1.00%,$0.13B,$1.05B,12.73%,$101,$4,$97,$0,$62,$68,$34,$0,$34,$12,$22,$22,$22,$0,$0,$45,46,$0.49,$0.49,$506,$0,$0,$5563,$189,$2139,$231,$264,$2823,$8386,$7333,$126,$0,$129,$7461,$313,$613,$-1,$925,$8386,$43,$16,$12,$28,$-28,$0,$-0,$-2,$-43,$28,$8,$0,$0,$0,$142,$142,$-210,$-59,$5,$-33,$-28,$-14,$-14,$-18,$-201,$-261,$-292,$2,$-18
14,2015-03-31,25.24,$20.13,1.25,$8.58,2.94,$5.08,4.97,$1.84,13.72,$5.52B,$7.49B,0.74,$0.13B,$0.91B,0.14,$0.39B,$0.37B,94.86%,$0.39B,$0.13B,33.68%,$0.39B,0,0.00%,$0.39B,0,0.00%,$0.39B,$0.13B,32.65%,$0.39B,$0.08B,21.59%,$0.08B,$0.91B,9.47%,$0.08B,$0.68B,12.67%,$0.08B,$8.53B,1.01%,$0.13B,$1.04B,12.92%,$97,$4,$92,$0,$59,$65,$31,$-0,$31,$10,$21,$21,$21,$0,$0,$45,46,$0.46,$0.46,$638,$0,$0,$5517,$193,$2341,$231,$247,$3012,$8529,$7485,$126,$0,$129,$7614,$311,$600,$4,$914,$8529,$21,$8,$6,$14,$-16,$0,$-1,$-5,$-37,$-1,$2,$0,$0,$0,$-47,$-47,$-18,$-63,$5,$-40,$-35,$-14,$-14,$-9,$-38,$-96,$-161,$1,$-9
15,2014-12-31,25.04,$19.85,1.26,$8.42,2.97,$5.55,4.51,$1.86,13.46,$5.65B,$7.58B,0.75,$0.12B,$0.91B,0.13,$0.38B,$0.36B,94.72%,$0.38B,$0.13B,35.09%,$0.38B,0,0.00%,$0.38B,0,0.00%,$0.38B,$0.13B,34.04%,$0.38B,$0.08B,22.16%,$0.08B,$0.91B,9.71%,$0.08B,$0.68B,12.97%,$0.08B,$8.61B,1.04%,$0.13B,$1.03B,13.43%,$102,$5,$97,$0,$58,$65,$37,$-2,$35,$12,$23,$23,$23,$0,$0,$45,45,$0.49,$0.50,$799,$0,$0,$5649,$195,$2287,$233,$241,$2961,$8610,$7580,$121,$0,$121,$7701,$324,$588,$-3,$909,$8610,$84,$32,$-1,$31,$3,$0,$0,$-11,$7,$122,$15,$0,$36,$0,$-24,$-24,$-222,$-196,$-20,$31,$11,$-3,$-3,$-29,$359,$338,$264,$4,$-29
16,2014-09-30,23.79,$19.40,1.23,$8.21,2.9,$6.44,3.69,$1.84,12.93,$5.63B,$7.45B,0.76,$0.14B,$0.89B,0.16,$0.37B,$0.35B,94.82%,$0.37B,$0.13B,34.88%,$0.37B,0,0.00%,$0.37B,0,0.00%,$0.37B,$0.13B,34.33%,$0.37B,$0.08B,22.34%,$0.08B,$0.89B,9.78%,$0.08B,$0.65B,13.04%,$0.08B,$8.48B,1.05%,$0.13B,$1.03B,13.29%,$99,$5,$94,$0,$63,$69,$30,$-1,$29,$10,$19,$19,$19,$0,$0,$45,45,$0.43,$0.42,$820,$0,$0,$5630,$207,$2170,$233,$240,$2851,$8481,$7454,$142,$0,$142,$7595,$321,$572,$-8,$886,$8481,$62,$23,$4,$27,$-22,$0,$0,$-4,$-24,$64,$-1,$0,$36,$0,$95,$95,$-157,$-27,$-0,$-38,$-38,$-5,$-5,$-21,$312,$248,$285,$3,$-21
17,2014-06-30,24.18,$18.95,1.28,$8.10,2.99,$8.06,3.0,$1.96,12.34,$4.96B,$6.69B,0.74,$0.12B,$0.84B,0.14,$0.36B,$0.34B,94.72%,$0.36B,$0.14B,37.50%,$0.36B,0,0.00%,$0.36B,0,0.00%,$0.36B,$0.13B,37.22%,$0.36B,$0.09B,24.17%,$0.09B,$0.84B,10.67%,$0.09B,$0.64B,14.19%,$0.09B,$7.65B,1.15%,$0.14B,$0.96B,14.45%,$91,$4,$86,$0,$52,$58,$33,$-1,$32,$11,$21,$21,$21,$0,$0,$44,45,$0.48,$0.47,$504,$0,$0,$4958,$180,$2094,$201,$218,$2693,$7651,$6690,$119,$0,$123,$6813,$284,$560,$-6,$839,$7651,$42,$15,$-2,$13,$-17,$0,$0,$-4,$-25,$30,$-2,$0,$0,$0,$73,$73,$-165,$-94,$-0,$6,$6,$-5,$-5,$-14,$47,$33,$-31,$2,$-14
18,2014-03-31,24.94,$18.60,1.34,$8.19,3.04,$9.08,2.75,$1.98,12.6,$4.92B,$6.67B,0.74,$0.12B,$0.83B,0.15,$0.36B,$0.34B,94.49%,$0.36B,$0.14B,37.19%,$0.36B,0,0.00%,$0.36B,0,0.00%,$0.36B,$0.14B,37.19%,$0.36B,$0.09B,24.24%,$0.09B,$0.83B,11.03%,$0.09B,$0.62B,14.77%,$0.09B,$7.62B,1.17%,$0.14B,$0.95B,14.72%,$87,$5,$82,$0,$48,$54,$33,$0,$33,$12,$21,$21,$21,$0,$0,$44,45,$0.49,$0.48,$611,$0,$0,$4921,$180,$2095,$201,$216,$2697,$7618,$6673,$119,$0,$119,$6792,$287,$546,$-7,$826,$7618,$21,$7,$-2,$5,$1,$0,$-0,$-2,$-4,$22,$-0,$0,$0,$0,$68,$68,$-40,$28,$-0,$31,$31,$-1,$-1,$-7,$2,$26,$76,$1,$-7
19,2013-12-31,24.92,$18.15,1.37,$8.41,2.96,$9.58,2.6,$1.96,12.71,$4.82B,$6.64B,0.73,$0.12B,$0.80B,0.15,$0.37B,$0.35B,94.32%,$0.37B,$0.13B,35.95%,$0.37B,0,0.00%,$0.37B,0,0.00%,$0.37B,$0.13B,35.95%,$0.37B,$0.09B,23.51%,$0.09B,$0.80B,11.10%,$0.09B,$0.60B,14.95%,$0.09B,$7.57B,1.17%,$0.13B,$0.92B,14.72%,$90,$5,$86,$0,$53,$58,$32,$-0,$32,$11,$21,$21,$21,$0,$0,$44,44,$0.49,$0.47,$535,$0,$0,$4821,$180,$2152,$202,$199,$2744,$7565,$6644,$119,$0,$119,$6763,$286,$532,$-16,$802,$7565,$86,$31,$8,$39,$24,$0,$-2,$3,$25,$150,$23,$0,$0,$0,$-16,$-16,$-212,$-205,$-0,$-48,$-49,$9,$-41,$-18,$-105,$-212,$-267,$3,$-18
20,2013-09-30,21.09,$17.98,1.17,$8.64,2.44,$9.47,2.23,$1.86,11.34,$4.81B,$6.59B,0.73,$0.12B,$0.79B,0.15,$0.38B,$0.36B,93.92%,$0.38B,$0.13B,33.60%,$0.38B,0,0.00%,$0.38B,0,0.00%,$0.38B,$0.13B,33.60%,$0.38B,$0.08B,21.69%,$0.08B,$0.79B,10.63%,$0.08B,$0.59B,14.40%,$0.08B,$7.50B,1.10%,$0.13B,$0.91B,14.25%,$92,$5,$87,$0,$49,$55,$37,$0,$37,$13,$24,$24,$24,$0,$0,$44,44,$0.54,$0.54,$542,$0,$0,$4812,$180,$2145,$202,$149,$2688,$7500,$6588,$120,$0,$120,$6707,$283,$517,$-8,$793,$7500,$65,$24,$6,$30,$10,$0,$-1,$9,$16,$111,$23,$0,$0,$0,$8,$8,$-138,$-108,$-0,$-78,$-78,$8,$-42,$-12,$-130,$-262,$-259,$2,$-12
21,2013-06-30,18.0,$17.56,1.02,$8.85,2.03,$8.88,2.03,$1.67,10.78,$4.60B,$6.40B,0.72,$0.12B,$0.77B,0.16,$0.38B,$0.36B,93.49%,$0.38B,$0.12B,29.95%,$0.38B,0,0.00%,$0.38B,0,0.00%,$0.38B,$0.12B,29.95%,$0.38B,$0.07B,19.01%,$0.07B,$0.77B,9.45%,$0.07B,$0.57B,12.80%,$0.07B,$7.29B,0.98%,$0.12B,$0.89B,12.89%,$94,$5,$88,$0,$54,$61,$33,$0,$33,$11,$22,$22,$22,$0,$0,$43,44,$0.49,$0.49,$368,$0,$0,$4596,$182,$2139,$202,$157,$2695,$7292,$6402,$120,$0,$120,$6522,$279,$500,$-9,$770,$7292,$42,$16,$7,$23,$-10,$0,$-0,$6,$-9,$56,$17,$0,$0,$0,$16,$16,$-77,$-45,$-0,$-85,$-85,$5,$-45,$-6,$-310,$-444,$-433,$2,$-6
22,2013-03-31,16.23,$17.69,0.92,$8.97,1.81,$8.26,1.96,$1.46,11.11,$4.66B,$6.55B,0.71,$0.12B,$0.77B,0.16,$0.39B,$0.36B,93.02%,$0.39B,$0.10B,26.36%,$0.39B,0,0.00%,$0.39B,0,0.00%,$0.39B,$0.10B,26.36%,$0.39B,$0.06B,16.28%,$0.06B,$0.77B,8.11%,$0.06B,$0.57B,10.97%,$0.06B,$7.44B,0.84%,$0.10B,$0.89B,11.38%,$94,$6,$88,$0,$56,$63,$31,$0,$31,$11,$20,$20,$20,$0,$0,$43,43,$0.46,$0.46,$499,$0,$0,$4655,$185,$2222,$202,$173,$2785,$7439,$6548,$120,$0,$120,$6668,$275,$484,$13,$771,$7439,$20,$8,$4,$13,$9,$0,$-0,$-0,$7,$40,$3,$0,$0,$0,$-28,$-28,$-20,$-45,$-0,$-39,$-39,$3,$-47,$0,$-212,$-298,$-303,$1,$0
23,2012-12-31,13.31,$17.35,0.77,$9.03,1.47,$7.98,1.67,$1.26,10.56,$4.95B,$6.80B,0.73,$0.12B,$0.75B,0.16,$0.39B,$0.36B,92.53%,$0.39B,$0.09B,22.68%,$0.39B,0,0.00%,$0.39B,0,0.00%,$0.39B,$0.09B,22.94%,$0.39B,$0.05B,13.92%,$0.05B,$0.75B,6.94%,$0.05B,$0.55B,9.37%,$0.05B,$7.72B,0.72%,$0.09B,$0.87B,9.68%,$98,$7,$92,$0,$65,$72,$26,$0,$26,$9,$17,$17,$16,$0,$0,$43,43,$0.38,$0.38,$801,$0,$0,$4954,$188,$2203,$202,$172,$2768,$7722,$6801,$120,$0,$170,$6971,$271,$464,$16,$751,$7722,$58,$29,$56,$85,$-14,$0,$-2,$3,$-7,$136,$28,$0,$0,$0,$-50,$-50,$-120,$-141,$-41,$-10,$-52,$2,$2,$-30,$414,$334,$329,$2,$-26
24,2012-09-30,12.69,$18.45,0.69,$9.06,1.4,$7.67,1.66,$1.18,10.76,$4.73B,$6.54B,0.72,$0.12B,$0.75B,0.16,$0.39B,$0.36B,91.77%,$0.39B,$0.08B,21.08%,$0.39B,0,0.00%,$0.39B,0,0.00%,$0.39B,$0.08B,21.34%,$0.39B,$0.05B,12.85%,$0.05B,$0.80B,6.38%,$0.05B,$0.60B,8.60%,$0.05B,$7.46B,0.68%,$0.08B,$0.92B,8.87%,$98,$7,$91,$0,$65,$74,$25,$-0,$25,$8,$16,$16,$15,$0,$0,$43,43,$0.36,$0.35,$611,$0,$0,$4726,$189,$2167,$202,$176,$2735,$7461,$6544,$120,$0,$120,$6663,$271,$459,$19,$798,$7461,$41,$21,$44,$65,$-24,$0,$-1,$6,$-21,$85,$20,$0,$0,$0,$-5,$-5,$-56,$-41,$-41,$-55,$-97,$1,$1,$-18,$209,$95,$139,$2,$-15
25,2012-06-30,12.08,$18.19,0.66,$9.03,1.34,$7.68,1.57,$1.09,11.09,$4.64B,$6.40B,0.72,$0.12B,$0.74B,0.16,$0.39B,$0.35B,90.98%,$0.39B,$0.08B,19.59%,$0.39B,0,0.00%,$0.39B,0,0.00%,$0.39B,$0.08B,19.59%,$0.39B,$0.05B,11.86%,$0.05B,$0.79B,5.93%,$0.05B,$0.58B,8.02%,$0.05B,$7.31B,0.63%,$0.08B,$0.91B,8.19%,$97,$8,$89,$0,$68,$77,$20,$-0,$20,$7,$13,$13,$12,$0,$0,$43,43,$0.28,$0.28,$537,$0,$0,$4635,$187,$2081,$202,$195,$2670,$7305,$6399,$120,$0,$120,$6519,$270,$448,$18,$786,$7305,$25,$14,$30,$43,$-24,$0,$0,$1,$-31,$37,$7,$0,$0,$0,$83,$83,$-26,$65,$-41,$-60,$-102,$1,$1,$-12,$75,$-38,$64,$2,$-10
26,2012-03-31,12.2,$18.04,0.68,$9.00,1.36,$8.81,1.38,$1.02,11.96,$4.70B,$6.45B,0.73,$0.16B,$0.73B,0.22,$0.39B,$0.35B,90.16%,$0.39B,$0.07B,18.39%,$0.39B,0,0.00%,$0.39B,0,0.00%,$0.39B,$0.07B,18.39%,$0.39B,$0.04B,11.14%,$0.04B,$0.78B,5.59%,$0.04B,$0.58B,7.60%,$0.04B,$7.39B,0.59%,$0.07B,$0.94B,7.61%,$95,$8,$87,$0,$68,$78,$17,$1,$18,$6,$12,$12,$11,$0,$0,$43,43,$0.26,$0.26,$623,$0,$0,$4696,$185,$2114,$203,$187,$2698,$7394,$6454,$161,$0,$161,$6615,$268,$441,$19,$779,$7394,$12,$7,$11,$18,$-5,$0,$0,$0,$-2,$28,$2,$0,$0,$0,$55,$55,$11,$69,$-0,$-25,$-25,$1,$1,$-6,$84,$54,$150,$1,$-5
27,2011-12-31,10.87,$17.94,0.61,$8.98,1.21,$9.69,1.12,$0.96,11.33,$4.58B,$6.39B,0.72,$0.16B,$0.72B,0.22,$0.39B,$0.34B,89.09%,$0.39B,$0.07B,17.66%,$0.39B,0,0.00%,$0.39B,0,0.00%,$0.39B,$0.07B,17.40%,$0.39B,$0.04B,10.65%,$0.04B,$0.77B,5.39%,$0.04B,$0.57B,7.38%,$0.04B,$7.33B,0.56%,$0.07B,$0.93B,7.35%,$99,$9,$90,$0,$68,$79,$20,$-0,$20,$7,$13,$13,$12,$0,$0,$43,43,$0.29,$0.29,$472,$0,$0,$4578,$185,$2170,$203,$181,$2747,$7326,$6394,$161,$0,$161,$6555,$267,$435,$19,$771,$7326,$45,$28,$69,$97,$-8,$0,$-5,$11,$1,$143,$7,$0,$0,$0,$-228,$-228,$96,$-126,$-0,$-109,$-109,$0,$0,$-23,$-99,$-230,$-213,$2,$-19
28,2011-09-30,8.86,$17.87,0.5,$9.20,0.96,$9.22,0.96,$0.90,9.84,$4.70B,$6.37B,0.74,$0.17B,$0.72B,0.23,$0.39B,$0.34B,87.89%,$0.39B,$0.06B,15.72%,$0.39B,0,0.00%,$0.39B,0,0.00%,$0.39B,$0.06B,16.24%,$0.39B,$0.04B,10.05%,$0.04B,$0.77B,5.19%,$0.04B,$0.57B,7.14%,$0.04B,$7.31B,0.53%,$0.06B,$0.93B,6.65%,$97,$10,$87,$0,$67,$78,$19,$-1,$18,$6,$12,$12,$11,$0,$0,$43,43,$0.26,$0.26,$504,$0,$0,$4695,$186,$2046,$203,$169,$2613,$7307,$6373,$166,$0,$166,$6539,$266,$428,$24,$768,$7307,$31,$20,$53,$73,$-9,$0,$-4,$10,$-5,$99,$5,$0,$0,$0,$-95,$-95,$45,$-45,$-0,$-145,$-145,$0,$0,$-17,$-74,$-236,$-181,$2,$-14
29,2011-06-30,12.07,$17.67,0.68,$9.37,1.29,$8.88,1.36,$0.82,14.72,$4.61B,$6.28B,0.73,$0.17B,$0.71B,0.24,$0.40B,$0.34B,86.84%,$0.40B,$0.06B,14.43%,$0.40B,0,0.00%,$0.40B,0,0.00%,$0.40B,$0.06B,14.68%,$0.40B,$0.04B,9.11%,$0.04B,$0.76B,4.83%,$0.04B,$0.55B,6.67%,$0.04B,$7.20B,0.49%,$0.06B,$0.93B,6.25%,$95,$11,$84,$0,$69,$81,$15,$-0,$15,$5,$10,$10,$9,$0,$0,$43,43,$0.21,$0.21,$415,$0,$0,$4606,$187,$2023,$205,$172,$2597,$7203,$6277,$167,$0,$167,$6443,$266,$421,$22,$759,$7203,$19,$14,$34,$47,$17,$0,$-1,$11,$23,$90,$3,$0,$0,$0,$-73,$-73,$37,$-33,$-0,$-185,$-185,$-0,$-0,$-11,$-131,$-327,$-270,$1,$-10
30,2011-03-31,11.05,$17.26,0.64,$9.51,1.16,$7.90,1.4,$0.75,14.73,$4.85B,$6.52B,0.74,$0.17B,$0.69B,0.24,$0.40B,$0.34B,85.54%,$0.40B,$0.05B,12.97%,$0.40B,0,0.00%,$0.40B,0,0.00%,$0.40B,$0.05B,12.97%,$0.40B,$0.03B,8.23%,$0.03B,$0.74B,4.45%,$0.03B,$0.54B,6.18%,$0.03B,$7.43B,0.45%,$0.05B,$0.91B,5.73%,$94,$12,$82,$0,$67,$80,$14,$0,$14,$4,$10,$10,$9,$0,$0,$43,43,$0.20,$0.20,$680,$0,$0,$4852,$186,$1987,$205,$180,$2577,$7429,$6521,$167,$0,$167,$6687,$265,$417,$10,$742,$7429,$10,$7,$16,$23,$26,$0,$-1,$7,$34,$66,$2,$0,$0,$0,$-56,$-56,$66,$11,$-0,$-83,$-83,$-0,$-0,$-6,$6,$-83,$-5,$0,$-5
31,2010-12-31,12.28,$0.00,0.0,$10.42,1.18,$7.59,1.62,$0.87,14.11,$4.97B,$6.60B,0.75,$0.17B,$0.69B,0.24,$0.41B,$0.34B,84.24%,$0.41B,$0.05B,13.30%,$0.41B,0,0.00%,$0.41B,0,0.00%,$0.41B,$0.06B,13.55%,$0.41B,$0.03B,8.37%,$0.03B,$0.74B,4.60%,$0.03B,$0.53B,6.41%,$0.03B,$7.50B,0.46%,$0.05B,$0.90B,5.96%,$102,$13,$88,$0,$74,$89,$13,$3,$16,$5,$11,$11,$10,$0,$0,$40,40,$0.20,$0.21,$686,$0,$0,$4967,$188,$1933,$206,$189,$2534,$7501,$6598,$166,$0,$166,$6764,$264,$413,$9,$737,$7501,$37,$27,$59,$86,$-11,$0,$-4,$6,$-14,$109,$12,$0,$0,$0,$-500,$-500,$100,$-388,$-36,$146,$110,$164,$164,$-21,$88,$340,$62,$2,$-18
