,Date,Stock Price,Book Value per Share,Price to Book Ratio,TTM Sales per Share,Price to Sales Ratio,TTM FCF per Share,Price to FCF Ratio,TTM Net EPS,PE Ratio,Current Assets,Current Liabilities,Current Ratio,Long Term Debt,Shareholder's Equity_x,Debt to Equity Ratio,TTM Revenue_x,TTM Gross Profit,Gross Margin,TTM Revenue_y,TTM Operating Income,Operating Margin,TTM Revenue_x,TTM EBIT,EBIT Margin,TTM Revenue_y,TTM EBITDA,EBITDA Margin,TTM Revenue_x,TTM Pre-Tax Income,Pre-Tax Margin,TTM Revenue_y,TTM Net Income_x,Net Margin,TTM Net Income_y,Shareholder's Equity_y,Return on Equity,TTM Net Income_x,Tangible Equity,Return on Tangible Equity,TTM Net Income_y,Total Assets,Return on Assets,TTM Net Income,LT Investments & Debt,Return on Investment,revenue,cost-goods-sold,gross-profit,research-development-expenses,selling-general-administrative-expenses,operating-expenses,operating-income,total-non-operating-income-expense,pre-tax-income,total-provision-income-taxes,income-after-taxes,income-from-continuous-operations,net-income,ebitda,ebit,basic-shares-outstanding,shares-outstanding,eps-basic-net-earnings-per-share,eps-earnings-per-share-diluted,cash-on-hand,inventory,other-current-assets,total-current-assets,net-property-plant-equipment,long-term-investments,goodwill-intangible-assets-total,other-long-term-assets,total-long-term-assets,total-assets,total-current-liabilities,long-term-debt,other-non-current-liabilities,total-long-term-liabilities,total-liabilities,common-stock-net,retained-earnings-accumulated-deficit,comprehensive-income,total-share-holder-equity,total-liabilities-share-holders-equity,net-income-loss,total-depreciation-amortization-cash-flow,other-non-cash-items,total-non-cash-items,change-in-accounts-receivable,change-in-inventories,change-in-accounts-payable,change-in-assets-liabilities,total-change-in-assets-liabilities,cash-flow-from-operating-activities,net-change-in-property-plant-equipment,net-change-in-intangible-assets,net-acquisitions-divestitures,net-change-in-short-term-investments,net-change-in-long-term-investments,net-change-in-investments-total,investing-activities-other,cash-flow-from-investing-activities,net-long-term-debt,net-current-debt,debt-issuance-retirement-net-total,net-common-equity-issued-repurchased,net-total-equity-issued-repurchased,total-common-preferred-stock-dividends-paid,financial-activities-other,cash-flow-from-financial-activities,net-cash-flow,stock-based-compensation,common-stock-dividends-paid
0,2018-09-30,228.55,$9.09,25.14,$33.00,6.93,$13.53,16.9,$4.57,50.01,$0.34B,$0.42B,0.8,$0.53B,$0.26B,2.01,$1.03B,$0.72B,69.80%,$1.03B,$0.21B,19.94%,$1.03B,$0.21B,19.94%,$1.03B,$0.24B,22.94%,$1.03B,$0.19B,18.30%,$1.03B,$0.14B,13.65%,$0.14B,$0.26B,42.86%,$0.14B,$-0.55B,-28.54%,$0.14B,$1.26B,11.12%,$0.21B,$0.79B,24.41%,$280,$79,$200,$34,$94,$210,$70,$1,$72,$21,$50,$50,$50,$78,$70,$30,31,$1.71,$1.64,$90,$0,$0,$339,$49,$20,$815,$12,$917,$1255,$422,$529,$40,$569,$991,$0,$1741,$-76,$264,$1255,$142,$30,$90,$120,$-42,$0,$1,$-5,$-39,$223,$-31,$0,$0,$-3,$20,$17,$0,$-14,$269,$-104,$165,$-332,$-332,$0,$-52,$-219,$-16,$75,$0
1,2018-06-30,193.32,$10.05,19.24,$31.87,6.06,$13.76,14.05,$4.18,46.25,$0.34B,$0.40B,0.84,$0.56B,$0.30B,1.89,$1.01B,$0.70B,69.48%,$1.01B,$0.20B,19.58%,$1.01B,$0.20B,19.58%,$1.01B,$0.23B,22.76%,$1.01B,$0.17B,17.00%,$1.01B,$0.13B,13.02%,$0.13B,$0.30B,35.43%,$0.13B,$-0.52B,-28.74%,$0.13B,$1.29B,10.33%,$0.20B,$0.85B,22.70%,$260,$78,$181,$32,$99,$211,$48,$-7,$42,$9,$32,$32,$32,$56,$48,$30,31,$1.09,$1.04,$120,$0,$0,$335,$52,$29,$818,$13,$952,$1287,$397,$557,$39,$595,$992,$0,$1690,$-73,$295,$1287,$92,$22,$61,$84,$-16,$0,$3,$2,$-12,$163,$-24,$0,$0,$-3,$0,$-3,$0,$-27,$269,$-109,$160,$-227,$-227,$0,$-51,$-118,$14,$55,$0
2,2018-03-31,169.37,$12.43,13.63,$30.72,5.51,$14.16,11.96,$3.92,43.21,$0.33B,$0.37B,0.9,$0.51B,$0.37B,1.38,$0.98B,$0.68B,69.50%,$0.98B,$0.19B,19.45%,$0.98B,$0.19B,19.45%,$0.98B,$0.22B,22.93%,$0.98B,$0.16B,16.79%,$0.98B,$0.12B,12.69%,$0.12B,$0.37B,30.67%,$0.12B,$-0.46B,-29.33%,$0.12B,$1.29B,9.83%,$0.19B,$0.88B,22.08%,$258,$79,$179,$33,$97,$210,$48,$-7,$41,$9,$32,$32,$32,$55,$48,$30,31,$1.08,$1.03,$108,$0,$0,$333,$45,$28,$831,$12,$958,$1291,$369,$513,$39,$552,$920,$0,$1658,$-54,$371,$1291,$60,$15,$42,$57,$-18,$0,$-1,$-0,$-39,$78,$-11,$0,$0,$-2,$0,$-2,$0,$-13,$0,$99,$99,$-123,$-123,$0,$-41,$-65,$2,$36,$0
3,2017-12-31,153.2,$12.75,12.02,$29.56,5.18,$14.81,10.34,$3.67,41.74,$0.30B,$0.35B,0.85,$0.46B,$0.39B,1.2,$0.95B,$0.66B,69.27%,$0.95B,$0.18B,19.22%,$0.95B,$0.18B,19.22%,$0.95B,$0.22B,23.02%,$0.95B,$0.16B,16.47%,$0.95B,$0.12B,12.35%,$0.12B,$0.39B,27.97%,$0.12B,$-0.44B,-28.85%,$0.12B,$1.24B,9.36%,$0.18B,$0.85B,20.78%,$235,$74,$161,$29,$90,$195,$40,$-6,$34,$7,$27,$27,$27,$48,$40,$30,32,$0.91,$0.86,$94,$0,$0,$299,$39,$28,$826,$9,$942,$1241,$353,$463,$39,$502,$855,$0,$1626,$-63,$386,$1241,$27,$8,$23,$31,$5,$0,$-0,$-5,$-29,$29,$-4,$0,$0,$-2,$0,$-2,$0,$-6,$0,$59,$59,$-55,$-55,$0,$-39,$-35,$-11,$17,$0
4,2017-09-30,140.5,$14.10,9.96,$28.85,4.87,$14.91,9.42,$3.97,35.39,$0.31B,$0.33B,0.95,$0.46B,$0.43B,1.09,$0.93B,$0.65B,69.21%,$0.93B,$0.18B,18.99%,$0.93B,$0.18B,18.99%,$0.93B,$0.21B,22.96%,$0.93B,$0.15B,16.20%,$0.93B,$0.13B,13.73%,$0.13B,$0.43B,29.96%,$0.13B,$-0.40B,-32.43%,$0.13B,$1.26B,10.27%,$0.18B,$0.89B,19.68%,$253,$75,$178,$30,$84,$192,$61,$-7,$54,$14,$40,$40,$40,$70,$61,$31,32,$1.31,$1.26,$106,$0,$0,$311,$41,$26,$826,$6,$945,$1256,$327,$463,$40,$502,$829,$0,$1598,$-66,$427,$1256,$128,$36,$57,$93,$-1,$0,$-2,$1,$4,$226,$-20,$0,$0,$0,$0,$0,$-1,$-21,$-72,$106,$34,$-173,$-173,$-1,$-40,$-181,$30,$61,$-1
5,2017-06-30,139.41,$14.09,9.9,$28.30,4.93,$14.35,9.71,$3.72,37.48,$0.32B,$0.40B,0.81,$0.39B,$0.43B,0.9,$0.92B,$0.63B,68.74%,$0.92B,$0.16B,17.60%,$0.92B,$0.16B,17.60%,$0.92B,$0.20B,21.53%,$0.92B,$0.14B,14.75%,$0.92B,$0.12B,13.11%,$0.12B,$0.43B,27.76%,$0.12B,$-0.39B,-30.67%,$0.12B,$1.26B,9.70%,$0.16B,$0.82B,17.65%,$231,$70,$161,$28,$84,$190,$41,$-6,$35,$10,$25,$25,$25,$51,$41,$31,32,$0.82,$0.78,$131,$0,$0,$322,$42,$25,$823,$5,$936,$1258,$399,$388,$39,$427,$826,$0,$1562,$-75,$433,$1258,$88,$27,$45,$72,$26,$0,$-5,$-1,$11,$171,$-15,$0,$0,$0,$-1,$-1,$0,$-16,$0,$41,$41,$-103,$-103,$-1,$-39,$-103,$55,$44,$-1
6,2017-03-31,128.95,$13.79,9.35,$28.52,4.52,$14.60,8.83,$4.02,32.08,$0.31B,$0.26B,1.17,$0.52B,$0.43B,1.22,$0.92B,$0.64B,69.34%,$0.92B,$0.18B,18.96%,$0.92B,$0.18B,18.96%,$0.92B,$0.21B,22.64%,$0.92B,$0.15B,16.25%,$0.92B,$0.13B,14.08%,$0.13B,$0.43B,30.16%,$0.13B,$-0.39B,-32.81%,$0.13B,$1.25B,10.57%,$0.18B,$0.95B,18.56%,$228,$72,$156,$27,$86,$188,$40,$-7,$33,$8,$25,$25,$25,$49,$40,$31,32,$0.81,$0.78,$116,$0,$0,$309,$43,$23,$819,$5,$938,$1247,$264,$519,$37,$556,$820,$0,$1537,$-85,$427,$1247,$63,$18,$30,$48,$24,$0,$-4,$-9,$-12,$99,$-10,$0,$0,$0,$0,$0,$0,$-10,$0,$55,$55,$-66,$-66,$-1,$-37,$-49,$40,$29,$-1
7,2016-12-31,119.2,$13.54,8.8,$27.84,4.28,$14.44,8.25,$3.96,30.1,$0.29B,$0.25B,1.14,$0.52B,$0.42B,1.23,$0.90B,$0.63B,69.62%,$0.90B,$0.17B,19.29%,$0.90B,$0.17B,19.29%,$0.90B,$0.21B,22.84%,$0.90B,$0.15B,16.52%,$0.90B,$0.13B,14.19%,$0.13B,$0.42B,29.73%,$0.13B,$-0.40B,-31.70%,$0.13B,$1.22B,10.48%,$0.17B,$0.94B,18.48%,$220,$70,$150,$26,$85,$185,$35,$-6,$29,$-9,$38,$38,$38,$44,$35,$31,33,$1.22,$1.16,$88,$0,$0,$285,$44,$23,$819,$6,$940,$1224,$250,$519,$34,$553,$802,$0,$1512,$-91,$422,$1224,$38,$9,$15,$24,$8,$0,$-1,$-7,$-29,$33,$-4,$0,$0,$0,$0,$0,$0,$-4,$0,$50,$50,$-27,$-27,$-1,$-36,$-13,$12,$15,$-1
8,2016-09-30,124.55,$14.44,8.62,$27.26,4.57,$14.99,8.31,$3.39,36.74,$0.27B,$0.25B,1.09,$0.49B,$0.45B,1.11,$0.88B,$0.62B,69.84%,$0.88B,$0.17B,19.27%,$0.88B,$0.17B,19.27%,$0.88B,$0.20B,22.68%,$0.88B,$0.14B,16.33%,$0.88B,$0.11B,12.36%,$0.11B,$0.45B,25.32%,$0.11B,$-0.39B,-26.44%,$0.11B,$1.22B,8.94%,$0.17B,$0.94B,18.07%,$236,$74,$162,$28,$85,$191,$45,$-7,$38,$6,$32,$32,$32,$53,$45,$31,32,$1.04,$1.00,$76,$0,$0,$268,$45,$22,$832,$6,$953,$1221,$246,$494,$34,$528,$774,$0,$1471,$-77,$447,$1221,$109,$32,$56,$87,$-18,$0,$1,$14,$13,$210,$-22,$0,$-6,$0,$0,$0,$0,$-28,$-60,$23,$-37,$-121,$-121,$-2,$-30,$-190,$-10,$56,$-2
9,2016-06-30,112.96,$13.83,8.17,$27.10,4.17,$12.89,8.76,$3.42,33.03,$0.30B,$0.25B,1.18,$0.52B,$0.43B,1.21,$0.88B,$0.62B,70.53%,$0.88B,$0.17B,18.89%,$0.88B,$0.17B,18.89%,$0.88B,$0.20B,22.30%,$0.88B,$0.14B,15.93%,$0.88B,$0.11B,12.51%,$0.11B,$0.43B,25.70%,$0.11B,$-0.41B,-26.05%,$0.11B,$1.23B,9.00%,$0.17B,$0.94B,17.58%,$239,$66,$172,$26,$87,$183,$55,$-5,$50,$15,$35,$35,$35,$63,$55,$31,32,$1.12,$1.08,$118,$0,$0,$296,$41,$22,$839,$7,$931,$1227,$250,$516,$32,$548,$799,$0,$1444,$-72,$428,$1227,$77,$23,$58,$81,$-3,$0,$-2,$21,$19,$178,$-13,$0,$-6,$0,$0,$0,$0,$-18,$0,$-7,$-7,$-88,$-88,$-2,$-29,$-125,$32,$42,$-2
10,2016-03-31,106.02,$13.65,7.77,$26.18,4.05,$9.89,10.72,$2.96,35.82,$0.28B,$0.24B,1.15,$0.52B,$0.43B,1.21,$0.85B,$0.59B,69.61%,$0.85B,$0.15B,17.43%,$0.85B,$0.15B,17.43%,$0.85B,$0.18B,21.08%,$0.85B,$0.12B,14.13%,$0.85B,$0.10B,11.19%,$0.10B,$0.43B,22.61%,$0.10B,$-0.42B,-21.69%,$0.10B,$1.22B,7.79%,$0.15B,$0.94B,15.56%,$207,$62,$144,$25,$78,$168,$39,$-6,$32,$9,$23,$23,$23,$46,$39,$31,32,$0.74,$0.72,$85,$0,$0,$277,$39,$21,$848,$7,$938,$1215,$241,$516,$32,$548,$790,$0,$1409,$-58,$425,$1215,$42,$15,$41,$56,$1,$0,$0,$3,$-6,$92,$-8,$0,$0,$0,$0,$0,$0,$-8,$0,$3,$3,$-62,$-62,$-1,$-26,$-86,$-1,$28,$-1
11,2015-12-31,94.1,$13.46,6.99,$26.16,3.6,$8.29,11.36,$2.82,33.37,$0.29B,$0.24B,1.18,$0.52B,$0.42B,1.22,$0.85B,$0.58B,68.67%,$0.85B,$0.14B,16.84%,$0.85B,$0.14B,16.84%,$0.85B,$0.18B,20.73%,$0.85B,$0.11B,13.43%,$0.85B,$0.09B,10.72%,$0.09B,$0.42B,22.24%,$0.09B,$-0.43B,-20.09%,$0.09B,$1.22B,7.43%,$0.14B,$0.94B,14.97%,$200,$62,$138,$25,$79,$169,$31,$-7,$24,$5,$19,$19,$19,$38,$31,$31,32,$0.62,$0.59,$91,$0,$0,$288,$38,$21,$853,$7,$928,$1215,$243,$516,$34,$550,$793,$0,$1387,$-57,$422,$1215,$19,$7,$31,$38,$18,$0,$2,$-10,$-7,$51,$-4,$0,$0,$0,$0,$0,$0,$-4,$0,$11,$11,$-27,$-27,$-1,$-24,$-41,$5,$15,$-1
12,2015-09-30,84.41,$13.97,6.04,$25.71,3.28,$6.73,12.55,$2.66,31.73,$0.29B,$0.24B,1.18,$0.52B,$0.44B,1.18,$0.84B,$0.57B,67.70%,$0.84B,$0.14B,16.33%,$0.84B,$0.14B,16.33%,$0.84B,$0.17B,20.38%,$0.84B,$0.11B,12.87%,$0.84B,$0.09B,10.25%,$0.09B,$0.44B,21.26%,$0.09B,$-0.43B,-19.15%,$0.09B,$1.23B,7.09%,$0.14B,$0.95B,14.96%,$233,$67,$166,$26,$79,$192,$41,$-7,$34,$1,$33,$33,$33,$49,$41,$31,33,$1.06,$1.02,$86,$0,$0,$287,$38,$21,$862,$8,$944,$1230,$244,$516,$33,$549,$793,$0,$1368,$-51,$437,$1230,$87,$34,$54,$88,$-5,$0,$-4,$-18,$-28,$147,$-25,$0,$-57,$0,$0,$0,$0,$-82,$-71,$133,$62,$-112,$-112,$-3,$-19,$-72,$-19,$45,$-3
13,2015-06-30,90.66,$12.74,7.12,$24.93,3.64,$7.65,11.85,$2.73,33.21,$0.27B,$0.22B,1.23,$0.58B,$0.40B,1.45,$0.83B,$0.55B,66.79%,$0.83B,$0.15B,17.75%,$0.83B,$0.15B,17.75%,$0.83B,$0.18B,21.98%,$0.83B,$0.12B,14.25%,$0.83B,$0.09B,10.87%,$0.09B,$0.40B,22.00%,$0.09B,$-0.47B,-20.64%,$0.09B,$1.22B,7.48%,$0.15B,$0.97B,16.61%,$209,$66,$143,$26,$75,$172,$37,$-7,$30,$11,$20,$20,$20,$46,$37,$31,32,$0.64,$0.62,$84,$0,$0,$269,$39,$21,$870,$8,$947,$1216,$219,$576,$25,$601,$819,$0,$1336,$-41,$397,$1216,$53,$26,$32,$58,$11,$0,$2,$-18,$-25,$86,$-18,$0,$-57,$0,$0,$0,$0,$-75,$-71,$173,$102,$-117,$-117,$-2,$-7,$-24,$-21,$33,$-2
14,2015-03-31,88.58,$12.15,7.29,$24.08,3.68,$8.30,10.68,$2.69,32.93,$0.30B,$0.26B,1.18,$0.58B,$0.38B,1.51,$0.82B,$0.55B,66.71%,$0.82B,$0.15B,17.87%,$0.82B,$0.15B,17.87%,$0.82B,$0.18B,22.15%,$0.82B,$0.12B,14.44%,$0.82B,$0.09B,11.14%,$0.09B,$0.38B,21.19%,$0.09B,$-0.48B,-22.33%,$0.09B,$1.24B,7.61%,$0.15B,$0.96B,17.07%,$207,$71,$136,$24,$74,$173,$34,$-8,$26,$7,$19,$19,$19,$43,$34,$31,32,$0.60,$0.58,$87,$0,$0,$302,$40,$21,$863,$7,$935,$1237,$256,$576,$23,$599,$855,$0,$1316,$-54,$381,$1237,$33,$17,$24,$41,$-15,$0,$11,$-7,$-31,$43,$-10,$0,$-57,$0,$0,$0,$0,$-67,$0,$112,$112,$-89,$-89,$-1,$-7,$15,$-18,$21,$-1
15,2014-12-31,72.17,$12.71,5.68,$22.95,3.14,$9.29,7.77,$2.70,26.73,$0.28B,$0.37B,0.77,$0.38B,$0.40B,0.93,$0.80B,$0.54B,67.42%,$0.80B,$0.15B,18.99%,$0.80B,$0.15B,18.99%,$0.80B,$0.19B,23.27%,$0.80B,$0.12B,15.47%,$0.80B,$0.09B,11.70%,$0.09B,$0.40B,19.88%,$0.09B,$-0.42B,-25.74%,$0.09B,$1.17B,7.88%,$0.15B,$0.78B,17.53%,$190,$66,$123,$23,$73,$165,$25,$-7,$18,$4,$14,$14,$14,$33,$25,$32,33,$0.45,$0.43,$95,$0,$0,$280,$37,$20,$818,$8,$888,$1168,$366,$376,$23,$399,$765,$0,$1298,$-35,$403,$1168,$14,$8,$14,$22,$6,$0,$4,$-19,$-36,$1,$-6,$0,$0,$0,$0,$0,$0,$-6,$0,$61,$61,$-54,$-54,$-1,$-9,$-2,$-10,$9,$-1
16,2014-09-30,54.99,$14.19,3.88,$22.37,2.46,$10.15,5.42,$2.74,20.07,$0.29B,$0.34B,0.85,$0.38B,$0.46B,0.83,$0.79B,$0.54B,68.44%,$0.79B,$0.16B,20.41%,$0.79B,$0.16B,20.41%,$0.79B,$0.20B,24.71%,$0.79B,$0.13B,16.73%,$0.79B,$0.10B,12.17%,$0.10B,$0.46B,19.13%,$0.10B,$-0.37B,-29.05%,$0.10B,$1.19B,8.13%,$0.16B,$0.83B,17.63%,$222,$71,$151,$22,$74,$170,$51,$-7,$44,$8,$37,$37,$37,$60,$51,$34,35,$1.11,$1.08,$105,$0,$0,$289,$37,$20,$828,$6,$904,$1192,$341,$376,$20,$396,$738,$0,$1284,$-23,$455,$1192,$95,$33,$21,$54,$-14,$0,$3,$20,$26,$175,$-13,$0,$-7,$0,$0,$0,$0,$-20,$-8,$84,$76,$-198,$-198,$-3,$-5,$-130,$22,$36,$-3
17,2014-06-30,63.61,$14.58,4.36,$21.26,2.99,$8.57,7.42,$2.43,26.18,$0.27B,$0.31B,0.87,$0.38B,$0.48B,0.79,$0.76B,$0.52B,69.09%,$0.76B,$0.16B,21.14%,$0.76B,$0.16B,21.14%,$0.76B,$0.19B,25.50%,$0.76B,$0.13B,17.31%,$0.76B,$0.09B,11.62%,$0.09B,$0.48B,16.90%,$0.09B,$-0.36B,-28.16%,$0.09B,$1.19B,7.50%,$0.16B,$0.86B,16.84%,$198,$63,$135,$23,$72,$161,$36,$-6,$30,$10,$21,$21,$21,$45,$36,$34,35,$0.60,$0.58,$93,$0,$0,$273,$37,$20,$839,$6,$912,$1186,$313,$376,$18,$394,$707,$0,$1248,$-8,$479,$1186,$58,$24,$19,$43,$-10,$0,$2,$8,$2,$104,$-7,$0,$-7,$0,$0,$0,$0,$-14,$-8,$68,$60,$-134,$-134,$-2,$-5,$-81,$10,$26,$-2
18,2014-03-31,55.17,$15.58,3.54,$20.69,2.67,$8.01,6.88,$2.39,23.08,$0.27B,$0.18B,1.51,$0.45B,$0.53B,0.84,$0.74B,$0.51B,69.18%,$0.74B,$0.16B,21.40%,$0.74B,$0.16B,21.40%,$0.74B,$0.19B,25.84%,$0.74B,$0.13B,17.50%,$0.74B,$0.09B,11.71%,$0.09B,$0.53B,16.42%,$0.09B,$-0.30B,-29.00%,$0.09B,$1.18B,7.45%,$0.16B,$0.98B,16.28%,$185,$58,$127,$20,$66,$147,$39,$-7,$31,$11,$21,$21,$21,$47,$39,$35,35,$0.60,$0.59,$108,$0,$0,$270,$39,$19,$831,$6,$908,$1177,$179,$447,$18,$465,$644,$0,$1228,$-14,$534,$1177,$38,$16,$11,$27,$4,$0,$-1,$10,$10,$75,$-4,$0,$0,$0,$0,$0,$0,$-4,$0,$13,$13,$-54,$-54,$-1,$-4,$-47,$25,$16,$-1
19,2013-12-31,62.64,$15.45,4.05,$20.36,3.08,$7.43,8.43,$2.31,27.12,$0.26B,$0.16B,1.59,$0.45B,$0.54B,0.83,$0.74B,$0.51B,68.79%,$0.74B,$0.15B,20.76%,$0.74B,$0.15B,20.76%,$0.74B,$0.19B,25.37%,$0.74B,$0.12B,16.82%,$0.74B,$0.08B,11.40%,$0.08B,$0.54B,15.89%,$0.08B,$-0.29B,-28.14%,$0.08B,$1.17B,7.16%,$0.15B,$0.99B,15.65%,$184,$57,$127,$18,$67,$149,$35,$-8,$27,$10,$17,$17,$17,$43,$35,$35,36,$0.49,$0.47,$96,$0,$0,$258,$42,$19,$832,$6,$909,$1166,$162,$447,$18,$465,$627,$0,$1208,$-17,$539,$1166,$17,$8,$6,$14,$3,$0,$2,$4,$-2,$28,$-2,$0,$0,$0,$0,$0,$0,$-2,$0,$8,$8,$-16,$-16,$-1,$-4,$-13,$13,$7,$-1
20,2013-09-30,55.09,$15.26,3.61,$20.47,2.69,$7.24,7.61,$2.49,22.12,$0.25B,$0.17B,1.5,$0.45B,$0.53B,0.84,$0.74B,$0.51B,69.18%,$0.74B,$0.16B,21.67%,$0.74B,$0.16B,21.67%,$0.74B,$0.20B,26.24%,$0.74B,$0.13B,17.77%,$0.74B,$0.09B,12.11%,$0.09B,$0.53B,17.27%,$0.09B,$-0.30B,-29.29%,$0.09B,$1.16B,7.66%,$0.16B,$0.98B,16.56%,$190,$57,$134,$18,$62,$140,$50,$-7,$43,$14,$29,$29,$29,$58,$50,$35,36,$0.81,$0.78,$83,$0,$0,$249,$45,$18,$831,$7,$912,$1162,$166,$447,$18,$465,$631,$0,$1192,$-21,$531,$1162,$90,$33,$27,$60,$1,$0,$-1,$-3,$-14,$136,$-24,$0,$-33,$22,$0,$22,$0,$-35,$-49,$11,$-38,$-43,$-43,$-3,$-3,$-87,$12,$26,$-3
21,2013-06-30,45.65,$14.65,3.12,$20.38,2.24,$7.05,6.48,$2.30,19.85,$0.25B,$0.18B,1.36,$0.45B,$0.52B,0.87,$0.74B,$0.51B,69.15%,$0.74B,$0.15B,20.57%,$0.74B,$0.15B,20.57%,$0.74B,$0.19B,25.03%,$0.74B,$0.12B,16.51%,$0.74B,$0.08B,11.10%,$0.08B,$0.52B,16.17%,$0.08B,$-0.31B,-25.97%,$0.08B,$1.16B,6.98%,$0.15B,$0.96B,15.83%,$184,$58,$126,$19,$69,$149,$35,$-7,$29,$9,$20,$20,$20,$44,$35,$35,36,$0.55,$0.54,$93,$0,$0,$247,$47,$18,$825,$7,$917,$1164,$181,$447,$21,$468,$649,$0,$1164,$-32,$515,$1164,$62,$25,$11,$36,$10,$0,$5,$0,$2,$100,$-20,$0,$-33,$22,$0,$22,$0,$-31,$-49,$26,$-23,$-24,$-24,$-2,$5,$-44,$21,$19,$-2
22,2013-03-31,45.5,$14.79,3.08,$19.88,2.29,$7.32,6.22,$2.35,19.36,$0.29B,$0.19B,1.49,$0.46B,$0.53B,0.86,$0.72B,$0.50B,69.65%,$0.72B,$0.15B,21.54%,$0.72B,$0.15B,21.54%,$0.72B,$0.18B,25.59%,$0.72B,$0.12B,17.20%,$0.72B,$0.08B,11.61%,$0.08B,$0.53B,17.30%,$0.08B,$-0.29B,-26.69%,$0.08B,$1.20B,7.22%,$0.15B,$0.99B,16.30%,$179,$59,$120,$16,$68,$146,$33,$-8,$25,$7,$18,$18,$18,$42,$33,$36,36,$0.52,$0.51,$131,$0,$0,$285,$49,$18,$821,$8,$913,$1198,$191,$455,$22,$477,$668,$0,$1145,$-30,$530,$1198,$42,$16,$7,$23,$10,$0,$3,$5,$4,$69,$-17,$0,$-28,$22,$0,$22,$0,$-24,$0,$-3,$-3,$16,$16,$-1,$4,$16,$60,$12,$-1
23,2012-12-31,41.83,$14.34,2.92,$19.33,2.16,$7.81,5.35,$2.39,17.5,$0.25B,$0.19B,1.33,$0.46B,$0.51B,0.89,$0.70B,$0.49B,70.26%,$0.70B,$0.16B,22.84%,$0.70B,$0.16B,22.84%,$0.70B,$0.18B,26.44%,$0.70B,$0.13B,18.39%,$0.70B,$0.09B,12.21%,$0.09B,$0.51B,18.87%,$0.09B,$-0.33B,-27.80%,$0.09B,$1.18B,7.59%,$0.16B,$0.96B,17.13%,$190,$56,$134,$15,$70,$147,$43,$-8,$35,$12,$23,$23,$23,$51,$43,$35,36,$0.67,$0.65,$91,$0,$0,$251,$46,$17,$835,$9,$925,$1176,$189,$455,$23,$478,$667,$0,$1128,$-17,$509,$1176,$23,$8,$3,$11,$7,$0,$2,$6,$-5,$29,$-9,$0,$-28,$22,$0,$22,$0,$-15,$0,$-3,$-3,$6,$6,$-1,$3,$5,$19,$6,$-1
24,2012-09-30,44.03,$13.62,3.23,$18.69,2.36,$8.17,5.39,$2.55,17.27,$0.26B,$0.21B,1.24,$0.46B,$0.47B,0.96,$0.68B,$0.48B,70.86%,$0.68B,$0.17B,24.85%,$0.68B,$0.17B,24.85%,$0.68B,$0.19B,28.25%,$0.68B,$0.14B,20.27%,$0.68B,$0.09B,13.61%,$0.09B,$0.47B,20.97%,$0.09B,$-0.34B,-33.00%,$0.09B,$1.16B,8.30%,$0.17B,$0.93B,18.09%,$186,$55,$131,$18,$65,$145,$41,$-8,$33,$11,$21,$21,$21,$48,$41,$35,36,$0.63,$0.60,$94,$0,$0,$259,$41,$17,$810,$9,$899,$1159,$210,$455,$20,$475,$684,$0,$1105,$-16,$474,$1159,$92,$22,$12,$34,$-26,$0,$7,$12,$4,$130,$-25,$0,$-124,$84,$0,$84,$-0,$-66,$-8,$-5,$-13,$-120,$-120,$-3,$8,$-128,$-64,$21,$-3
25,2012-06-30,42.04,$12.06,3.49,$17.54,2.4,$8.34,5.04,$2.59,16.23,$0.28B,$0.14B,1.95,$0.50B,$0.41B,1.22,$0.65B,$0.46B,70.62%,$0.65B,$0.17B,25.85%,$0.65B,$0.17B,25.85%,$0.65B,$0.19B,29.23%,$0.65B,$0.14B,21.08%,$0.65B,$0.10B,14.77%,$0.10B,$0.41B,21.99%,$0.10B,$-0.29B,-38.44%,$0.10B,$1.07B,8.72%,$0.17B,$0.90B,17.90%,$160,$48,$113,$15,$59,$123,$37,$-7,$30,$10,$21,$21,$21,$42,$37,$34,35,$0.61,$0.59,$151,$0,$0,$279,$38,$16,$697,$9,$787,$1066,$144,$496,$20,$516,$660,$0,$1084,$-24,$406,$1066,$71,$15,$13,$28,$-6,$0,$7,$7,$8,$106,$-20,$0,$-18,$74,$0,$74,$-0,$36,$-8,$0,$-8,$-151,$-151,$-2,$4,$-157,$-17,$15,$-2
26,2012-03-31,43.63,$12.06,3.62,$16.73,2.61,$8.28,5.27,$2.58,16.91,$0.32B,$0.14B,2.22,$0.50B,$0.41B,1.22,$0.64B,$0.45B,70.67%,$0.64B,$0.17B,26.21%,$0.64B,$0.17B,26.21%,$0.64B,$0.19B,29.80%,$0.64B,$0.14B,21.68%,$0.64B,$0.10B,15.29%,$0.10B,$0.41B,21.44%,$0.10B,$-0.27B,-43.12%,$0.10B,$1.08B,8.75%,$0.17B,$0.92B,17.48%,$160,$49,$111,$14,$57,$121,$38,$-9,$30,$10,$20,$20,$20,$43,$38,$35,37,$0.57,$0.55,$191,$0,$0,$315,$35,$16,$683,$8,$765,$1081,$142,$504,$21,$525,$667,$0,$1064,$-18,$413,$1081,$50,$10,$7,$17,$-2,$0,$5,$15,$16,$83,$-13,$0,$0,$61,$0,$61,$-0,$47,$0,$0,$0,$-123,$-123,$-1,$3,$-121,$10,$9,$-1
27,2011-12-31,35.6,$12.84,2.77,$16.13,2.21,$7.71,4.62,$2.22,16.04,$0.37B,$0.14B,2.61,$0.50B,$0.46B,1.09,$0.63B,$0.45B,70.35%,$0.63B,$0.15B,23.50%,$0.63B,$0.15B,23.50%,$0.63B,$0.17B,27.44%,$0.63B,$0.12B,18.93%,$0.63B,$0.09B,13.56%,$0.09B,$0.46B,17.98%,$0.09B,$-0.22B,-41.35%,$0.09B,$1.13B,7.56%,$0.15B,$0.97B,15.14%,$170,$46,$124,$13,$57,$118,$52,$-8,$44,$14,$30,$30,$30,$58,$52,$36,37,$0.83,$0.81,$232,$0,$0,$365,$33,$15,$682,$7,$761,$1126,$140,$504,$20,$524,$663,$0,$1045,$-24,$462,$1126,$30,$6,$5,$10,$-13,$0,$7,$16,$1,$41,$-8,$0,$0,$49,$0,$49,$0,$42,$0,$0,$0,$-43,$-43,$-1,$2,$-42,$40,$5,$-1
28,2011-09-30,21.67,$12.55,1.73,$15.37,1.41,$7.58,2.86,$1.81,11.97,$0.36B,$0.15B,2.49,$0.50B,$0.47B,1.08,$0.62B,$0.43B,69.68%,$0.62B,$0.13B,20.48%,$0.62B,$0.13B,20.48%,$0.62B,$0.15B,24.52%,$0.62B,$0.10B,15.65%,$0.62B,$0.07B,11.61%,$0.07B,$0.47B,14.83%,$0.07B,$-0.22B,-35.51%,$0.07B,$1.13B,6.32%,$0.13B,$0.97B,12.78%,$160,$49,$111,$14,$55,$119,$41,$-8,$33,$8,$25,$25,$25,$47,$41,$39,40,$0.64,$0.62,$242,$0,$0,$364,$33,$15,$684,$8,$765,$1129,$146,$504,$13,$517,$664,$0,$1016,$-22,$465,$1129,$72,$25,$12,$37,$9,$0,$-2,$18,$28,$136,$-14,$0,$0,$-38,$0,$-38,$0,$-52,$-8,$0,$-8,$-84,$-84,$-3,$1,$-94,$-10,$16,$-3
29,2011-06-30,29.96,$12.61,2.38,$14.79,2.03,$6.52,4.59,$1.55,19.33,$0.38B,$0.14B,2.8,$0.50B,$0.49B,1.03,$0.62B,$0.43B,69.59%,$0.62B,$0.11B,18.54%,$0.62B,$0.11B,18.54%,$0.62B,$0.14B,22.76%,$0.62B,$0.08B,13.66%,$0.62B,$0.06B,10.24%,$0.06B,$0.49B,12.91%,$0.06B,$-0.20B,-31.11%,$0.06B,$1.14B,5.53%,$0.11B,$0.99B,11.42%,$151,$43,$107,$14,$54,$113,$37,$-5,$32,$9,$23,$23,$23,$43,$37,$39,40,$0.59,$0.58,$259,$0,$0,$376,$27,$16,$689,$7,$765,$1142,$135,$504,$15,$519,$654,$0,$992,$-16,$488,$1142,$47,$19,$9,$28,$12,$0,$6,$17,$30,$105,$-8,$0,$0,$-49,$0,$-49,$0,$-58,$-8,$0,$-8,$-46,$-46,$-2,$1,$-55,$-5,$12,$-2
30,2011-03-31,31.34,$12.51,2.5,$14.50,2.16,$5.76,5.44,$1.37,22.87,$0.38B,$0.13B,3.03,$0.51B,$0.50B,1.03,$0.62B,$0.43B,69.63%,$0.62B,$0.11B,17.45%,$0.62B,$0.11B,17.45%,$0.62B,$0.14B,21.97%,$0.62B,$0.08B,12.76%,$0.62B,$0.06B,9.37%,$0.06B,$0.50B,11.77%,$0.06B,$-0.19B,-29.29%,$0.06B,$1.15B,5.07%,$0.11B,$1.01B,10.75%,$153,$49,$104,$16,$55,$134,$19,$-8,$11,$3,$8,$8,$8,$26,$19,$40,41,$0.19,$0.19,$258,$0,$0,$381,$29,$16,$691,$8,$771,$1152,$126,$512,$16,$528,$654,$0,$969,$-16,$498,$1152,$24,$13,$7,$20,$7,$0,$6,$12,$15,$60,$-5,$0,$0,$68,$0,$68,$0,$63,$0,$0,$0,$-12,$-12,$-2,$1,$-13,$112,$8,$-2
31,2010-12-31,23.15,$12.27,1.89,$13.81,1.68,$5.75,4.03,$1.46,15.86,$0.37B,$0.12B,3.09,$0.51B,$0.49B,1.04,$0.61B,$0.43B,69.84%,$0.61B,$0.11B,18.36%,$0.61B,$0.11B,18.36%,$0.61B,$0.14B,23.28%,$0.61B,$0.09B,14.26%,$0.61B,$0.06B,10.33%,$0.06B,$0.49B,12.33%,$0.06B,$-0.20B,-34.90%,$0.06B,$1.14B,5.36%,$0.11B,$1.00B,10.80%,$156,$46,$110,$18,$60,$126,$30,$-8,$21,$5,$16,$16,$16,$36,$30,$40,40,$0.40,$0.40,$243,$0,$0,$365,$30,$16,$689,$9,$771,$1136,$118,$512,$15,$527,$645,$0,$962,$-22,$491,$1136,$16,$7,$4,$11,$8,$0,$3,$6,$6,$33,$-1,$0,$0,$21,$0,$21,$0,$20,$0,$0,$0,$-2,$-2,$-1,$0,$-2,$50,$4,$-1
32,2010-09-30,24.41,$11.91,2.05,$13.11,1.86,$5.54,4.41,$1.43,17.07,$0.35B,$0.12B,2.84,$0.51B,$0.48B,1.08,$0.61B,$0.43B,70.25%,$0.61B,$0.11B,18.84%,$0.61B,$0.11B,18.84%,$0.61B,$0.15B,24.13%,$0.61B,$0.09B,15.21%,$0.61B,$0.07B,10.74%,$0.07B,$0.48B,12.16%,$0.07B,$-0.22B,-40.56%,$0.07B,$1.12B,5.36%,$0.11B,$0.99B,10.60%,$155,$48,$107,$16,$59,$128,$28,$-8,$20,$4,$16,$16,$16,$35,$28,$45,45,$0.39,$0.37,$215,$0,$0,$347,$31,$15,$693,$9,$777,$1124,$122,$512,$15,$527,$649,$0,$947,$-20,$475,$1124,$64,$33,$19,$52,$-12,$0,$-0,$-4,$-11,$106,$-15,$0,$0,$126,$0,$126,$0,$111,$245,$-295,$-50,$-195,$-195,$-4,$-0,$-248,$-32,$17,$-4
33,2010-06-30,21.55,$12.00,1.8,$12.80,1.68,$6.44,3.34,$1.40,15.39,$0.37B,$0.13B,2.89,$0.51B,$0.51B,1.01,$0.60B,$0.42B,70.43%,$0.60B,$0.12B,19.77%,$0.60B,$0.12B,19.77%,$0.60B,$0.15B,25.58%,$0.60B,$0.10B,16.61%,$0.60B,$0.07B,10.96%,$0.07B,$0.51B,11.66%,$0.07B,$-0.18B,-49.91%,$0.07B,$1.16B,5.25%,$0.12B,$1.02B,10.61%,$155,$45,$110,$19,$57,$124,$31,$-4,$27,$9,$18,$18,$18,$39,$31,$44,45,$0.40,$0.40,$242,$0,$0,$372,$31,$30,$690,$8,$791,$1162,$129,$512,$15,$527,$655,$0,$932,$-28,$507,$1162,$49,$25,$9,$35,$-8,$0,$0,$5,$1,$84,$-11,$0,$0,$51,$0,$51,$0,$40,$0,$-50,$-50,$-136,$-136,$-3,$1,$-187,$-66,$13,$-3
34,2010-03-31,25.04,$12.44,2.01,$12.53,2.0,$7.13,3.51,$1.37,18.28,$0.46B,$0.12B,3.77,$0.57B,$0.57B,1.0,$0.60B,$0.42B,69.98%,$0.60B,$0.12B,20.07%,$0.60B,$0.12B,20.07%,$0.60B,$0.16B,26.20%,$0.60B,$0.10B,16.92%,$0.60B,$0.07B,10.95%,$0.07B,$0.57B,11.18%,$0.07B,$-0.12B,-58.02%,$0.07B,$1.28B,5.09%,$0.12B,$1.14B,10.43%,$144,$45,$99,$19,$54,$121,$23,$-4,$19,$6,$13,$13,$13,$32,$23,$46,47,$0.28,$0.28,$343,$0,$0,$456,$33,$51,$694,$9,$822,$1277,$121,$570,$16,$586,$707,$0,$915,$-27,$570,$1277,$31,$17,$4,$21,$12,$0,$0,$9,$18,$70,$-7,$0,$0,$9,$0,$9,$0,$1,$0,$0,$0,$-55,$-55,$-2,$1,$-56,$13,$9,$-2
35,2009-12-31,21.04,$12.60,1.67,$12.72,1.65,$7.39,2.85,$1.45,14.51,$0.46B,$0.11B,4.03,$0.57B,$0.59B,0.97,$0.62B,$0.43B,69.42%,$0.62B,$0.13B,20.71%,$0.62B,$0.13B,20.71%,$0.62B,$0.17B,26.86%,$0.62B,$0.11B,17.48%,$0.62B,$0.07B,11.49%,$0.07B,$0.59B,12.05%,$0.07B,$-0.12B,-60.04%,$0.07B,$1.29B,5.48%,$0.13B,$1.16B,11.04%,$151,$43,$109,$19,$55,$120,$32,$-5,$26,$9,$18,$18,$18,$40,$32,$48,48,$0.37,$0.37,$337,$0,$0,$459,$34,$45,$704,$10,$829,$1289,$114,$570,$18,$588,$702,$0,$903,$-17,$587,$1289,$18,$9,$2,$11,$4,$0,$-1,$7,$3,$31,$-4,$0,$0,$35,$0,$35,$0,$31,$0,$0,$0,$-34,$-34,$-1,$0,$-35,$28,$5,$-1
36,2009-09-30,21.19,$12.47,1.7,$12.93,1.64,$7.47,2.84,$1.33,15.93,$0.44B,$0.12B,3.86,$0.57B,$0.60B,0.95,$0.63B,$0.42B,67.30%,$0.63B,$0.12B,18.41%,$0.63B,$0.12B,18.41%,$0.63B,$0.16B,24.76%,$0.63B,$0.10B,15.56%,$0.63B,$0.07B,10.32%,$0.07B,$0.60B,11.21%,$0.07B,$-0.11B,-50.19%,$0.07B,$1.30B,5.06%,$0.12B,$1.17B,10.09%,$152,$46,$106,$18,$52,$119,$33,$-5,$28,$11,$17,$17,$17,$43,$33,$49,49,$0.36,$0.35,$318,$0,$0,$443,$34,$72,$706,$11,$861,$1304,$115,$570,$19,$589,$704,$0,$886,$-17,$600,$1304,$65,$39,$9,$48,$31,$0,$-3,$11,$38,$152,$-10,$0,$0,$-73,$0,$-73,$1,$-82,$0,$0,$0,$-15,$-15,$-4,$0,$-19,$48,$20,$-4
37,2009-06-30,15.23,$12.37,1.23,$13.43,1.13,$7.36,2.07,$1.47,10.36,$0.44B,$0.12B,3.67,$0.57B,$0.60B,0.94,$0.66B,$0.43B,65.55%,$0.66B,$0.11B,17.07%,$0.66B,$0.11B,17.07%,$0.66B,$0.15B,23.17%,$0.66B,$0.10B,14.48%,$0.66B,$0.07B,10.98%,$0.07B,$0.60B,12.63%,$0.07B,$-0.11B,-48.90%,$0.07B,$1.31B,5.64%,$0.11B,$1.17B,9.82%,$156,$48,$108,$18,$50,$123,$33,$-5,$29,$10,$18,$18,$18,$43,$33,$49,49,$0.37,$0.37,$316,$0,$0,$440,$38,$67,$713,$10,$873,$1313,$120,$570,$19,$589,$709,$0,$870,$-13,$604,$1313,$48,$30,$15,$45,$35,$0,$-1,$-2,$32,$124,$-10,$0,$0,$-3,$0,$-3,$1,$-12,$0,$0,$0,$3,$3,$-3,$0,$0,$111,$15,$-3
38,2009-03-31,13.85,$11.56,1.2,$14.00,0.99,$7.03,1.97,$1.64,8.44,$0.39B,$0.12B,3.36,$0.57B,$0.57B,1.01,$0.68B,$0.44B,63.98%,$0.68B,$0.11B,15.96%,$0.68B,$0.11B,15.96%,$0.68B,$0.15B,21.82%,$0.68B,$0.09B,13.76%,$0.68B,$0.08B,11.86%,$0.08B,$0.57B,14.59%,$0.08B,$-0.14B,-46.62%,$0.08B,$1.27B,6.42%,$0.11B,$1.14B,10.27%,$159,$53,$106,$19,$52,$129,$30,$-6,$25,$7,$18,$18,$18,$40,$30,$49,49,$0.36,$0.36,$261,$0,$0,$386,$41,$82,$706,$10,$886,$1272,$115,$570,$23,$593,$707,$0,$853,$-36,$565,$1272,$30,$20,$9,$29,$28,$0,$3,$0,$27,$86,$-9,$0,$0,$-2,$0,$-2,$1,$-9,$0,$0,$0,$3,$3,$-2,$0,$1,$72,$11,$-2
39,2008-12-31,16.56,$11.26,1.47,$14.69,1.13,$6.63,2.5,$1.56,10.62,$0.35B,$0.11B,3.29,$0.57B,$0.55B,1.04,$0.72B,$0.45B,62.90%,$0.72B,$0.11B,15.06%,$0.72B,$0.11B,15.06%,$0.72B,$0.15B,20.64%,$0.72B,$0.10B,13.39%,$0.72B,$0.08B,10.60%,$0.08B,$0.55B,13.98%,$0.08B,$-0.16B,-38.14%,$0.08B,$1.25B,6.08%,$0.11B,$1.12B,11.25%,$163,$59,$104,$18,$55,$143,$20,$-4,$16,$4,$12,$12,$12,$30,$20,$48,49,$0.25,$0.25,$212,$0,$0,$350,$45,$86,$711,$9,$898,$1248,$106,$570,$22,$592,$698,$0,$836,$-32,$550,$1248,$12,$10,$8,$17,$20,$0,$-0,$-9,$7,$37,$-6,$0,$0,$-2,$0,$-2,$1,$-6,$0,$0,$0,$3,$3,$-1,$0,$2,$28,$5,$-1
40,2008-09-30,22.62,$11.59,1.95,$15.03,1.5,$6.81,3.32,$1.70,13.3,$0.35B,$0.12B,2.87,$0.57B,$0.56B,1.01,$0.74B,$0.47B,63.17%,$0.74B,$0.12B,16.40%,$0.74B,$0.12B,16.40%,$0.74B,$0.16B,21.77%,$0.74B,$0.11B,15.05%,$0.74B,$0.08B,11.29%,$0.08B,$0.56B,15.64%,$0.08B,$-0.18B,-38.98%,$0.08B,$1.28B,6.73%,$0.12B,$1.13B,14.21%,$178,$66,$112,$19,$58,$149,$29,$-4,$25,$2,$24,$24,$24,$39,$29,$49,49,$0.49,$0.49,$187,$0,$0,$352,$46,$84,$739,$8,$924,$1275,$123,$570,$21,$591,$713,$0,$825,$1,$562,$1275,$84,$40,$11,$51,$20,$0,$-2,$19,$24,$159,$-21,$0,$-18,$8,$0,$8,$0,$-31,$-115,$125,$10,$-97,$-97,$-4,$-0,$-91,$34,$28,$-4
41,2008-06-30,20.36,$11.24,1.81,$14.70,1.38,$7.02,2.9,$1.73,11.77,$0.33B,$0.37B,0.88,$0.31B,$0.54B,0.58,$0.76B,$0.49B,64.64%,$0.76B,$0.13B,17.48%,$0.76B,$0.13B,17.48%,$0.76B,$0.17B,22.91%,$0.76B,$0.13B,16.69%,$0.76B,$0.09B,11.66%,$0.09B,$0.54B,16.35%,$0.09B,$-0.22B,-40.98%,$0.09B,$1.25B,7.05%,$0.13B,$0.86B,17.37%,$183,$69,$115,$19,$60,$153,$30,$-2,$28,$9,$19,$19,$27,$40,$30,$49,49,$0.55,$0.54,$156,$0,$0,$330,$48,$89,$759,$5,$918,$1248,$374,$313,$17,$330,$704,$0,$802,$12,$544,$1248,$60,$30,$28,$58,$14,$0,$-3,$-3,$-5,$114,$-16,$0,$-19,$9,$0,$9,$0,$-27,$152,$-132,$20,$-97,$-97,$-3,$-0,$-80,$8,$22,$-3
42,2008-03-31,21.07,$10.69,1.97,$14.39,1.46,$7.23,2.92,$1.61,13.09,$0.30B,$0.48B,0.62,$0.21B,$0.52B,0.41,$0.77B,$0.50B,65.54%,$0.77B,$0.14B,18.47%,$0.77B,$0.14B,18.47%,$0.77B,$0.19B,24.06%,$0.77B,$0.14B,17.95%,$0.77B,$0.09B,11.05%,$0.09B,$0.52B,14.79%,$0.09B,$-0.24B,-47.35%,$0.09B,$1.23B,6.72%,$0.14B,$0.73B,19.78%,$193,$73,$120,$21,$61,$165,$29,$-1,$27,$9,$18,$18,$13,$39,$29,$49,49,$0.28,$0.28,$109,$0,$11,$299,$50,$91,$762,$4,$932,$1231,$482,$213,$17,$230,$712,$0,$777,$12,$519,$1231,$34,$20,$23,$43,$8,$0,$1,$-5,$-7,$70,$-12,$0,$-32,$11,$0,$11,$0,$-33,$-23,$43,$20,$-92,$-92,$-2,$1,$-73,$-35,$15,$-2
43,2007-12-31,31.46,$10.58,2.97,$13.70,2.3,$7.58,4.15,$1.70,18.5,$0.34B,$0.51B,0.66,$0.19B,$0.52B,0.36,$0.77B,$0.51B,66.36%,$0.77B,$0.15B,19.56%,$0.77B,$0.15B,19.56%,$0.77B,$0.20B,25.42%,$0.77B,$0.15B,19.30%,$0.77B,$0.09B,12.13%,$0.09B,$0.52B,14.85%,$0.09B,$-0.23B,-72.09%,$0.09B,$1.24B,7.19%,$0.15B,$0.71B,20.94%,$190,$67,$123,$19,$67,$156,$34,$-2,$32,$11,$21,$21,$20,$44,$34,$50,51,$0.40,$0.39,$158,$0,$0,$336,$51,$81,$751,$4,$902,$1239,$508,$190,$17,$207,$715,$0,$764,$12,$524,$1239,$20,$10,$8,$18,$18,$0,$-0,$1,$10,$48,$-6,$0,$0,$12,$0,$12,$0,$6,$0,$20,$20,$-69,$-69,$-1,$1,$-50,$5,$8,$-1
44,2007-09-30,35.31,$11.09,3.18,$13.46,2.62,$7.67,4.61,$1.83,19.3,$0.42B,$0.53B,0.8,$0.17B,$0.57B,0.3,$0.79B,$0.52B,66.75%,$0.79B,$0.16B,20.51%,$0.79B,$0.16B,20.51%,$0.79B,$0.21B,26.62%,$0.79B,$0.16B,20.51%,$0.79B,$0.10B,13.25%,$0.10B,$0.57B,15.52%,$0.10B,$-0.17B,-110.64%,$0.10B,$1.28B,7.91%,$0.16B,$0.74B,22.59%,$189,$58,$130,$17,$68,$150,$39,$-0,$39,$6,$33,$33,$28,$50,$39,$56,58,$0.52,$0.51,$221,$0,$0,$423,$51,$26,$740,$4,$853,$1276,$526,$170,$14,$184,$709,$1,$745,$14,$566,$1276,$105,$49,$48,$97,$-16,$0,$2,$-17,$-23,$179,$-6,$0,$0,$54,$-10,$44,$0,$37,$-9,$170,$161,$-367,$-367,$-4,$12,$-199,$20,$36,$-4
45,2007-06-30,39.21,$12.47,3.14,$12.71,3.09,$7.25,5.41,$1.66,23.62,$0.44B,$0.61B,0.73,$0.00B,$0.69B,0.0,$0.76B,$0.52B,68.73%,$0.76B,$0.16B,20.37%,$0.76B,$0.16B,20.37%,$0.76B,$0.20B,26.81%,$0.76B,$0.16B,20.63%,$0.76B,$0.10B,12.88%,$0.10B,$0.69B,13.59%,$0.10B,$-0.07B,-179.82%,$0.10B,$1.31B,7.39%,$0.16B,$0.69B,21.49%,$197,$65,$131,$17,$69,$157,$40,$0,$40,$14,$26,$26,$24,$52,$40,$56,57,$0.43,$0.42,$242,$0,$0,$443,$54,$29,$764,$3,$867,$1310,$607,$0,$13,$13,$620,$1,$718,$12,$690,$1310,$76,$38,$38,$76,$-18,$0,$5,$-16,$-24,$129,$-3,$0,$0,$25,$-10,$15,$0,$11,$0,$70,$70,$-205,$-205,$-3,$12,$-127,$15,$28,$-3
46,2007-03-31,37.78,$12.69,2.98,$12.44,3.04,$7.03,5.37,$1.64,23.04,$0.47B,$0.61B,0.78,$0.00B,$0.73B,0.0,$0.77B,$0.53B,68.48%,$0.77B,$0.15B,19.58%,$0.77B,$0.15B,19.58%,$0.77B,$0.20B,26.07%,$0.77B,$0.16B,20.23%,$0.77B,$0.10B,12.97%,$0.10B,$0.73B,13.11%,$0.10B,$-0.04B,-526.32%,$0.10B,$1.35B,7.40%,$0.15B,$0.73B,17.50%,$191,$65,$125,$17,$67,$154,$37,$1,$37,$16,$22,$22,$21,$49,$37,$57,59,$0.38,$0.37,$273,$0,$0,$474,$54,$31,$766,$4,$873,$1347,$609,$0,$13,$13,$622,$1,$695,$9,$725,$1347,$53,$26,$27,$53,$-17,$0,$3,$-8,$-17,$88,$2,$0,$0,$13,$-0,$13,$0,$15,$0,$70,$70,$-135,$-135,$-2,$10,$-57,$47,$22,$-2
47,2006-12-31,39.69,$12.27,3.23,$12.31,3.23,$7.00,5.67,$1.67,23.77,$0.42B,$0.61B,0.68,$0.00B,$0.70B,0.0,$0.79B,$0.54B,68.27%,$0.79B,$0.16B,19.67%,$0.79B,$0.16B,19.67%,$0.79B,$0.21B,26.02%,$0.79B,$0.16B,20.43%,$0.79B,$0.11B,13.45%,$0.11B,$0.70B,13.07%,$0.11B,$-0.09B,451.06%,$0.11B,$1.33B,7.66%,$0.16B,$0.70B,15.33%,$208,$71,$138,$18,$69,$163,$45,$0,$45,$14,$31,$31,$31,$58,$45,$58,60,$0.54,$0.52,$222,$0,$0,$415,$55,$50,$787,$4,$913,$1328,$614,$0,$14,$14,$628,$1,$675,$9,$700,$1328,$31,$13,$19,$32,$-10,$0,$3,$-2,$-4,$60,$-5,$0,$0,$21,$-0,$21,$0,$16,$0,$70,$70,$-124,$-124,$-1,$2,$-53,$24,$10,$-1
