,Date,Stock Price,Book Value per Share,Price to Book Ratio,TTM Sales per Share,Price to Sales Ratio,TTM FCF per Share,Price to FCF Ratio,TTM Net EPS,PE Ratio,Current Assets,Current Liabilities,Current Ratio,Long Term Debt,Shareholder's Equity_x,Debt to Equity Ratio,TTM Revenue_x,TTM Gross Profit,Gross Margin,TTM Revenue_y,TTM Operating Income,Operating Margin,TTM Revenue_x,TTM EBIT,EBIT Margin,TTM Revenue_y,TTM EBITDA,EBITDA Margin,TTM Revenue_x,TTM Pre-Tax Income,Pre-Tax Margin,TTM Revenue_y,TTM Net Income_x,Net Margin,TTM Net Income_y,Shareholder's Equity_y,Return on Equity,TTM Net Income_x,Tangible Equity,Return on Tangible Equity,TTM Net Income_y,Total Assets,Return on Assets,TTM Net Income,LT Investments & Debt,Return on Investment,revenue,cost-goods-sold,gross-profit,research-development-expenses,selling-general-administrative-expenses,operating-expenses,operating-income,total-non-operating-income-expense,pre-tax-income,total-provision-income-taxes,income-after-taxes,income-from-continuous-operations,net-income,ebitda,ebit,basic-shares-outstanding,shares-outstanding,eps-basic-net-earnings-per-share,eps-earnings-per-share-diluted,cash-on-hand,inventory,other-current-assets,total-current-assets,net-property-plant-equipment,long-term-investments,goodwill-intangible-assets-total,other-long-term-assets,total-long-term-assets,total-assets,total-current-liabilities,long-term-debt,other-non-current-liabilities,total-long-term-liabilities,total-liabilities,common-stock-net,retained-earnings-accumulated-deficit,comprehensive-income,total-share-holder-equity,total-liabilities-share-holders-equity,net-income-loss,total-depreciation-amortization-cash-flow,other-non-cash-items,total-non-cash-items,change-in-accounts-receivable,change-in-inventories,change-in-accounts-payable,change-in-assets-liabilities,total-change-in-assets-liabilities,cash-flow-from-operating-activities,net-change-in-property-plant-equipment,net-change-in-intangible-assets,net-acquisitions-divestitures,net-change-in-short-term-investments,net-change-in-long-term-investments,net-change-in-investments-total,investing-activities-other,cash-flow-from-investing-activities,net-long-term-debt,net-current-debt,debt-issuance-retirement-net-total,net-common-equity-issued-repurchased,net-total-equity-issued-repurchased,total-common-preferred-stock-dividends-paid,financial-activities-other,cash-flow-from-financial-activities,net-cash-flow,stock-based-compensation,common-stock-dividends-paid
0,2018-09-30,24.12,$8.23,2.93,$11.40,2.12,$5.26,4.59,$2.88,8.38,$0.27B,$0.16B,1.65,$0.16B,$0.83B,0.19,$1.11B,$1.11B,100.00%,$1.11B,$0.33B,30.17%,$1.11B,$0.33B,30.17%,$1.11B,$0.35B,31.62%,$1.11B,$0.31B,27.82%,$1.11B,$0.28B,25.20%,$0.28B,$0.83B,35.02%,$0.28B,$-0.33B,-606.52%,$0.28B,$1.52B,21.19%,$0.33B,$0.99B,34.61%,$309,$0,$309,$0,$215,$227,$82,$2,$84,$22,$62,$62,$57,$88,$82,$97,97,$0.59,$0.59,$117,$40,$2,$272,$53,$0,$1161,$39,$1252,$1524,$164,$160,$36,$532,$696,$362,$765,$-5,$827,$1524,$161,$13,$37,$50,$-9,$0,$-122,$6,$-125,$86,$-12,$0,$-168,$0,$17,$17,$0,$-163,$-10,$0,$-10,$-27,$-27,$-80,$-5,$-122,$-199,$18,$-80
1,2018-06-30,23.05,$7.93,2.91,$11.07,2.08,$6.45,3.58,$2.85,8.09,$0.48B,$0.14B,3.59,$0.18B,$0.80B,0.22,$1.08B,$1.08B,100.00%,$1.08B,$0.34B,31.69%,$1.08B,$0.34B,31.69%,$1.08B,$0.36B,32.99%,$1.08B,$0.32B,29.28%,$1.08B,$0.28B,25.65%,$0.28B,$0.80B,36.63%,$0.28B,$0.06B,1672.73%,$0.28B,$1.28B,22.42%,$0.34B,$0.98B,36.84%,$256,$0,$256,$0,$171,$175,$81,$-29,$52,$13,$39,$39,$37,$84,$81,$97,97,$0.38,$0.38,$375,$42,$2,$484,$39,$0,$737,$16,$792,$1276,$135,$178,$20,$342,$477,$356,$733,$-1,$799,$1276,$99,$7,$57,$64,$9,$0,$-30,$-5,$-26,$136,$-5,$0,$0,$0,$-0,$-0,$0,$-5,$8,$0,$8,$-20,$-20,$-53,$-7,$-72,$59,$13,$-53
2,2018-03-31,32.66,$7.88,4.14,$11.23,2.91,$6.05,5.4,$3.00,10.89,$0.44B,$0.10B,4.43,$0.17B,$0.80B,0.21,$1.09B,$1.09B,100.00%,$1.09B,$0.34B,31.47%,$1.09B,$0.34B,31.47%,$1.09B,$0.36B,32.94%,$1.09B,$0.35B,32.02%,$1.09B,$0.29B,26.53%,$0.29B,$0.80B,40.74%,$0.29B,$0.06B,-1137.25%,$0.29B,$1.24B,24.22%,$0.34B,$0.97B,38.93%,$264,$0,$264,$0,$180,$184,$80,$-1,$79,$19,$60,$60,$58,$83,$80,$97,97,$0.60,$0.60,$326,$52,$2,$441,$39,$0,$737,$19,$794,$1235,$100,$165,$21,$336,$436,$350,$722,$-1,$800,$1235,$60,$3,$13,$16,$3,$0,$-44,$12,$-28,$48,$-3,$0,$0,$0,$0,$0,$0,$-3,$-5,$0,$-5,$-4,$-4,$-25,$-1,$-36,$9,$7,$-25
3,2017-12-31,35.02,$7.53,4.65,$11.31,3.1,$5.91,5.93,$2.89,12.12,$0.44B,$0.13B,3.39,$0.17B,$0.76B,0.22,$1.10B,$1.10B,100.00%,$1.10B,$0.34B,31.01%,$1.10B,$0.34B,31.01%,$1.10B,$0.36B,32.64%,$1.10B,$0.35B,31.91%,$1.10B,$0.28B,25.39%,$0.28B,$0.76B,42.11%,$0.28B,$0.02B,-386.21%,$0.28B,$1.23B,23.90%,$0.34B,$0.93B,40.93%,$278,$0,$278,$0,$179,$187,$91,$2,$93,$-39,$132,$132,$127,$95,$91,$97,97,$1.29,$1.29,$316,$53,$3,$437,$38,$0,$737,$20,$794,$1231,$129,$170,$24,$341,$470,$343,$697,$-1,$761,$1231,$295,$19,$-47,$-28,$-9,$17,$-9,$4,$4,$270,$-10,$0,$-4,$0,$132,$132,$0,$118,$-21,$0,$-21,$-49,$-49,$-102,$-6,$-177,$211,$23,$-102
4,2017-09-30,28.59,$6.48,4.41,$11.38,2.51,$5.65,5.06,$2.10,13.62,$0.39B,$0.12B,3.33,$0.18B,$0.65B,0.27,$1.12B,$1.12B,100.00%,$1.12B,$0.34B,30.13%,$1.12B,$0.34B,30.13%,$1.12B,$0.36B,31.84%,$1.12B,$0.35B,30.94%,$1.12B,$0.21B,18.39%,$0.21B,$0.65B,32.87%,$0.21B,$-0.08B,-181.82%,$0.21B,$1.18B,17.78%,$0.34B,$0.83B,42.36%,$278,$0,$278,$0,$182,$190,$89,$2,$91,$34,$57,$57,$54,$93,$89,$97,97,$0.56,$0.56,$161,$167,$2,$386,$39,$0,$737,$20,$796,$1182,$116,$175,$23,$412,$528,$338,$599,$0,$654,$1182,$163,$14,$38,$53,$-0,$0,$-23,$6,$-18,$197,$-7,$0,$-4,$0,$13,$13,$0,$1,$-16,$0,$-16,$-44,$-44,$-76,$-5,$-142,$57,$17,$-76
5,2017-06-30,26.96,$6.23,4.33,$11.50,2.34,$5.36,5.03,$2.08,12.96,$0.34B,$0.10B,3.64,$0.18B,$0.63B,0.28,$1.13B,$1.13B,100.00%,$1.13B,$0.34B,29.68%,$1.13B,$0.34B,29.68%,$1.13B,$0.36B,31.45%,$1.13B,$0.35B,30.57%,$1.13B,$0.20B,18.02%,$0.20B,$0.63B,32.36%,$0.20B,$-0.11B,-194.29%,$0.20B,$1.14B,17.51%,$0.34B,$0.81B,42.04%,$273,$0,$273,$0,$183,$189,$84,$3,$87,$32,$55,$55,$51,$89,$84,$98,98,$0.53,$0.53,$115,$168,$2,$344,$38,$0,$737,$21,$796,$1141,$95,$179,$21,$414,$509,$333,$568,$0,$632,$1141,$106,$10,$24,$34,$2,$0,$-43,$-2,$-43,$96,$-3,$0,$-4,$0,$19,$19,$0,$11,$-13,$0,$-13,$-30,$-30,$-51,$-3,$-97,$10,$12,$-51
6,2017-03-31,24.89,$6.01,4.14,$11.58,2.15,$5.23,4.76,$2.08,11.97,$0.34B,$0.13B,2.63,$0.16B,$0.61B,0.26,$1.15B,$1.15B,100.00%,$1.15B,$0.34B,29.67%,$1.15B,$0.34B,29.67%,$1.15B,$0.36B,31.41%,$1.15B,$0.35B,30.28%,$1.15B,$0.20B,17.80%,$0.20B,$0.61B,31.89%,$0.20B,$-0.13B,-215.87%,$0.20B,$1.13B,17.29%,$0.34B,$0.77B,42.04%,$274,$0,$274,$0,$189,$196,$78,$3,$81,$30,$51,$51,$48,$83,$78,$98,98,$0.49,$0.49,$95,$183,$2,$335,$39,$0,$737,$22,$798,$1133,$128,$159,$20,$393,$521,$328,$540,$0,$613,$1133,$51,$5,$11,$17,$0,$0,$-58,$23,$-34,$33,$-2,$0,$-4,$0,$12,$12,$0,$5,$-6,$0,$-6,$-15,$-15,$-25,$-2,$-49,$-10,$7,$-25
7,2016-12-31,26.47,$5.84,4.53,$11.51,2.3,$5.15,5.14,$2.03,13.04,$0.36B,$0.16B,2.21,$0.17B,$0.60B,0.28,$1.14B,$1.14B,100.00%,$1.14B,$0.34B,29.46%,$1.14B,$0.34B,29.46%,$1.14B,$0.36B,31.21%,$1.14B,$0.34B,29.90%,$1.14B,$0.20B,17.57%,$0.20B,$0.60B,30.82%,$0.20B,$-0.14B,-248.15%,$0.20B,$1.16B,16.83%,$0.34B,$0.76B,40.71%,$290,$0,$290,$0,$199,$205,$85,$1,$86,$28,$57,$57,$52,$90,$85,$99,99,$0.54,$0.54,$105,$196,$4,$360,$39,$0,$733,$23,$795,$1155,$163,$166,$23,$397,$559,$321,$530,$-1,$596,$1155,$222,$22,$31,$52,$-11,$-8,$6,$-8,$-21,$253,$-13,$0,$0,$0,$5,$5,$0,$-8,$-26,$0,$-26,$-82,$-82,$-205,$0,$-312,$-68,$22,$-205
8,2016-09-30,26.41,$6.66,3.97,$11.01,2.4,$4.99,5.3,$1.97,13.41,$0.43B,$0.15B,2.84,$0.17B,$0.68B,0.25,$1.10B,$1.10B,100.00%,$1.10B,$0.33B,29.96%,$1.10B,$0.33B,29.96%,$1.10B,$0.35B,31.88%,$1.10B,$0.33B,30.33%,$1.10B,$0.20B,17.76%,$0.20B,$0.68B,29.30%,$0.20B,$-0.05B,-285.71%,$0.20B,$1.23B,16.22%,$0.33B,$0.85B,38.83%,$295,$0,$295,$0,$200,$206,$89,$3,$92,$33,$59,$59,$53,$94,$89,$99,99,$0.54,$0.54,$185,$195,$3,$432,$40,$0,$733,$25,$798,$1231,$152,$172,$22,$397,$550,$316,$607,$-1,$681,$1231,$164,$16,$23,$39,$-5,$-9,$-6,$-8,$-27,$176,$-10,$0,$0,$0,$6,$6,$0,$-5,$-19,$0,$-19,$-61,$-61,$-78,$-0,$-158,$12,$17,$-78
9,2016-06-30,25.45,$6.48,3.93,$10.36,2.46,$4.78,5.32,$1.85,13.76,$0.41B,$0.14B,3.01,$0.18B,$0.67B,0.27,$1.04B,$1.04B,100.00%,$1.04B,$0.31B,30.28%,$1.04B,$0.31B,30.28%,$1.04B,$0.34B,32.40%,$1.04B,$0.31B,29.99%,$1.04B,$0.18B,17.74%,$0.18B,$0.67B,28.10%,$0.18B,$-0.06B,-231.45%,$0.18B,$1.20B,15.54%,$0.31B,$0.85B,37.26%,$287,$0,$287,$0,$192,$199,$88,$0,$88,$31,$56,$56,$51,$93,$88,$100,100,$0.51,$0.51,$154,$199,$3,$406,$38,$0,$734,$22,$793,$1200,$135,$179,$17,$396,$531,$312,$578,$-2,$669,$1200,$105,$11,$19,$30,$-6,$-6,$-26,$-9,$-46,$89,$-7,$0,$0,$0,$-1,$-1,$0,$-8,$-13,$0,$-13,$-35,$-35,$-52,$0,$-99,$-19,$13,$-52
10,2016-03-31,25.3,$6.37,3.97,$9.75,2.6,$4.65,5.44,$1.72,14.71,$0.40B,$0.13B,3.03,$0.19B,$0.66B,0.28,$0.98B,$0.98B,100.00%,$0.98B,$0.30B,30.16%,$0.98B,$0.30B,30.16%,$0.98B,$0.32B,32.62%,$0.98B,$0.29B,29.86%,$0.98B,$0.17B,17.69%,$0.17B,$0.66B,26.80%,$0.17B,$-0.07B,-193.84%,$0.17B,$1.19B,14.79%,$0.30B,$0.85B,35.13%,$272,$0,$272,$0,$192,$198,$75,$2,$76,$27,$49,$49,$45,$80,$75,$100,100,$0.44,$0.44,$148,$194,$4,$399,$37,$0,$734,$20,$792,$1191,$132,$185,$17,$396,$528,$306,$552,$-3,$663,$1191,$49,$5,$13,$18,$-7,$-3,$-42,$11,$-41,$26,$-3,$0,$0,$0,$-1,$-1,$0,$-4,$-6,$0,$-6,$-14,$-14,$-26,$-1,$-47,$-25,$7,$-26
11,2015-12-31,24.86,$6.23,3.99,$9.21,2.7,$4.55,5.46,$1.63,15.25,$0.40B,$0.16B,2.49,$0.19B,$0.65B,0.3,$0.93B,$0.93B,100.00%,$0.93B,$0.28B,30.10%,$0.93B,$0.28B,30.10%,$0.93B,$0.31B,32.90%,$0.93B,$0.28B,29.67%,$0.93B,$0.16B,17.58%,$0.16B,$0.65B,25.68%,$0.16B,$-0.09B,-163.41%,$0.16B,$1.19B,14.16%,$0.28B,$0.84B,33.39%,$244,$0,$244,$0,$161,$167,$77,$1,$77,$28,$49,$49,$46,$83,$77,$100,100,$0.45,$0.45,$173,$174,$5,$396,$36,$0,$734,$21,$791,$1187,$159,$191,$20,$379,$538,$299,$546,$-5,$649,$1187,$172,$25,$36,$60,$-6,$-11,$5,$12,$1,$233,$-6,$0,$0,$0,$0,$0,$0,$-6,$-26,$0,$-26,$-54,$-54,$-105,$14,$-170,$57,$23,$-105
12,2015-09-30,24.88,$6.12,4.06,$8.95,2.78,$4.12,6.04,$1.56,15.95,$0.36B,$0.14B,2.56,$0.20B,$0.64B,0.31,$0.90B,$0.90B,100.00%,$0.90B,$0.26B,29.30%,$0.90B,$0.26B,29.30%,$0.90B,$0.29B,32.19%,$0.90B,$0.26B,28.86%,$0.90B,$0.16B,17.20%,$0.16B,$0.64B,24.80%,$0.16B,$-0.10B,-141.88%,$0.16B,$1.16B,13.60%,$0.26B,$0.84B,31.73%,$234,$0,$234,$0,$154,$160,$74,$-4,$70,$26,$44,$44,$42,$80,$74,$100,100,$0.42,$0.42,$141,$181,$3,$363,$36,$0,$735,$23,$794,$1157,$142,$198,$19,$377,$519,$292,$537,$-4,$638,$1157,$123,$19,$25,$44,$-1,$-12,$-13,$11,$-14,$152,$-5,$0,$0,$0,$-3,$-3,$0,$-7,$-19,$0,$-19,$-37,$-37,$-79,$16,$-119,$26,$17,$-79
13,2015-06-30,28.62,$6.04,4.74,$8.77,3.26,$3.71,7.71,$1.50,19.08,$0.35B,$0.12B,2.8,$0.20B,$0.63B,0.32,$0.88B,$0.88B,100.00%,$0.88B,$0.25B,28.39%,$0.88B,$0.25B,28.39%,$0.88B,$0.28B,31.33%,$0.88B,$0.25B,28.17%,$0.88B,$0.15B,16.86%,$0.15B,$0.63B,24.26%,$0.15B,$-0.10B,-124.43%,$0.15B,$1.14B,12.97%,$0.25B,$0.84B,30.32%,$228,$0,$228,$0,$149,$159,$69,$-1,$69,$26,$42,$42,$40,$76,$69,$101,101,$0.40,$0.40,$109,$191,$4,$346,$37,$0,$735,$24,$797,$1143,$124,$204,$18,$387,$511,$287,$519,$-1,$632,$1143,$79,$13,$18,$31,$-2,$-8,$-31,$4,$-37,$73,$-3,$0,$0,$0,$-2,$-2,$0,$-5,$-13,$0,$-13,$-19,$-19,$-52,$11,$-74,$-6,$12,$-52
14,2015-03-31,28.75,$5.91,4.87,$8.62,3.33,$3.65,7.88,$1.45,19.83,$0.32B,$0.11B,2.82,$0.21B,$0.62B,0.34,$0.87B,$0.87B,100.00%,$0.87B,$0.24B,27.73%,$0.87B,$0.24B,27.73%,$0.87B,$0.27B,30.49%,$0.87B,$0.24B,27.62%,$0.87B,$0.14B,16.57%,$0.14B,$0.62B,23.87%,$0.14B,$-0.11B,-110.13%,$0.14B,$1.12B,12.64%,$0.24B,$0.83B,29.28%,$221,$0,$221,$0,$155,$161,$59,$-0,$59,$22,$36,$36,$35,$66,$59,$101,101,$0.35,$0.35,$92,$188,$4,$323,$37,$0,$733,$25,$796,$1119,$114,$210,$16,$384,$499,$281,$503,$-1,$620,$1119,$36,$7,$12,$18,$-1,$-4,$-47,$11,$-40,$15,$-1,$0,$0,$0,$-1,$-1,$0,$-2,$-6,$0,$-6,$-10,$-10,$-26,$7,$-36,$-23,$7,$-26
15,2014-12-31,27.73,$5.81,4.77,$8.53,3.25,$3.68,7.54,$1.44,19.25,$0.34B,$0.15B,2.29,$0.22B,$0.61B,0.36,$0.86B,$0.86B,100.00%,$0.86B,$0.24B,27.82%,$0.86B,$0.24B,27.82%,$0.86B,$0.26B,30.38%,$0.86B,$0.24B,27.71%,$0.86B,$0.14B,16.65%,$0.14B,$0.61B,24.15%,$0.14B,$-0.12B,-100.53%,$0.14B,$1.14B,12.62%,$0.24B,$0.83B,29.81%,$218,$0,$218,$0,$150,$156,$62,$1,$62,$23,$40,$40,$38,$68,$62,$101,101,$0.37,$0.37,$115,$182,$4,$342,$39,$0,$734,$26,$798,$1141,$149,$217,$20,$382,$531,$271,$505,$-2,$610,$1141,$150,$23,$13,$36,$2,$-3,$1,$6,$6,$192,$-9,$0,$-10,$0,$2,$2,$0,$-16,$-34,$0,$-34,$-27,$-27,$-105,$1,$-165,$11,$22,$-105
16,2014-09-30,24.52,$5.69,4.31,$8.50,2.89,$4.34,5.64,$1.44,17.03,$0.40B,$0.14B,2.87,$0.22B,$0.60B,0.38,$0.86B,$0.86B,100.00%,$0.86B,$0.24B,27.69%,$0.86B,$0.24B,27.69%,$0.86B,$0.26B,30.14%,$0.86B,$0.24B,28.04%,$0.86B,$0.15B,16.94%,$0.15B,$0.60B,24.95%,$0.15B,$-0.14B,-94.46%,$0.15B,$1.19B,12.81%,$0.24B,$0.82B,30.13%,$217,$0,$217,$0,$150,$156,$61,$-1,$59,$22,$37,$37,$36,$67,$61,$101,101,$0.36,$0.36,$90,$262,$5,$395,$37,$0,$734,$25,$796,$1192,$138,$223,$20,$459,$596,$314,$1040,$-1,$595,$1192,$110,$17,$-9,$8,$1,$-1,$-14,$8,$-6,$112,$-4,$0,$-10,$0,$4,$4,$0,$-10,$-28,$0,$-28,$-19,$-19,$-79,$10,$-116,$-14,$17,$-79
17,2014-06-30,25.6,$5.60,4.57,$8.45,3.03,$4.40,5.81,$1.44,17.78,$0.31B,$0.12B,2.6,$0.23B,$0.59B,0.39,$0.85B,$0.85B,100.00%,$0.85B,$0.23B,27.50%,$0.85B,$0.23B,27.50%,$0.85B,$0.25B,29.85%,$0.85B,$0.24B,28.20%,$0.85B,$0.15B,17.04%,$0.15B,$0.59B,25.44%,$0.15B,$-0.15B,-89.09%,$0.15B,$1.11B,12.83%,$0.23B,$0.82B,30.14%,$213,$0,$213,$0,$148,$154,$59,$1,$60,$23,$37,$37,$35,$64,$59,$101,101,$0.35,$0.35,$61,$203,$5,$309,$37,$0,$735,$24,$796,$1105,$119,$230,$19,$399,$518,$309,$1029,$0,$588,$1105,$73,$11,$11,$22,$1,$-1,$-30,$0,$-30,$65,$-2,$0,$-10,$0,$-10,$-10,$0,$-22,$-21,$0,$-21,$-15,$-15,$-52,$2,$-86,$-43,$12,$-52
18,2014-03-31,25.06,$5.48,4.57,$8.56,2.93,$4.39,5.71,$1.48,16.93,$0.30B,$0.19B,1.61,$0.17B,$0.58B,0.3,$0.86B,$0.86B,100.00%,$0.86B,$0.24B,27.96%,$0.86B,$0.24B,27.96%,$0.86B,$0.26B,30.28%,$0.86B,$0.25B,28.65%,$0.86B,$0.15B,17.29%,$0.15B,$0.58B,26.76%,$0.15B,$-0.16B,-85.76%,$0.15B,$1.10B,13.08%,$0.24B,$0.75B,31.32%,$211,$0,$211,$0,$148,$155,$57,$1,$57,$22,$36,$36,$34,$62,$57,$101,101,$0.34,$0.34,$72,$185,$5,$300,$39,$0,$735,$21,$795,$1095,$186,$170,$17,$333,$519,$303,$1018,$-1,$576,$1095,$36,$5,$9,$15,$1,$0,$-46,$13,$-33,$18,$-1,$0,$-9,$0,$3,$3,$0,$-7,$-11,$0,$-11,$-9,$-9,$-26,$2,$-44,$-33,$6,$-26
19,2013-12-31,23.41,$5.40,4.33,$8.73,2.68,$4.39,5.33,$1.55,15.1,$0.34B,$0.21B,1.58,$0.20B,$0.57B,0.35,$0.88B,$0.88B,100.00%,$0.88B,$0.25B,28.67%,$0.88B,$0.25B,28.67%,$0.88B,$0.27B,30.94%,$0.88B,$0.26B,29.47%,$0.88B,$0.16B,17.75%,$0.16B,$0.57B,28.74%,$0.16B,$-0.17B,-83.98%,$0.16B,$1.14B,13.57%,$0.25B,$0.77B,32.33%,$215,$0,$215,$0,$154,$155,$60,$4,$64,$22,$42,$42,$40,$65,$60,$101,101,$0.39,$0.39,$104,$188,$5,$339,$40,$0,$735,$21,$796,$1136,$214,$198,$20,$355,$569,$296,$1023,$-1,$566,$1136,$166,$20,$21,$40,$-5,$66,$-10,$3,$55,$261,$-10,$0,$-9,$0,$17,$17,$0,$-2,$-43,$0,$-43,$-13,$-13,$-103,$-64,$-222,$37,$21,$-103
20,2013-09-30,21.87,$5.26,4.16,$9.04,2.42,$4.97,4.4,$1.60,13.67,$0.40B,$0.18B,2.24,$0.23B,$0.55B,0.41,$0.91B,$0.91B,100.00%,$0.91B,$0.28B,30.25%,$0.91B,$0.28B,30.25%,$0.91B,$0.30B,32.45%,$0.91B,$0.28B,30.36%,$0.91B,$0.16B,17.82%,$0.16B,$0.55B,30.83%,$0.16B,$-0.18B,-80.50%,$0.16B,$1.18B,14.24%,$0.28B,$0.78B,35.19%,$212,$0,$212,$0,$143,$154,$58,$1,$59,$21,$38,$38,$36,$63,$58,$101,101,$0.36,$0.36,$78,$272,$5,$395,$41,$0,$726,$21,$788,$1183,$176,$227,$23,$457,$633,$290,$1018,$-2,$550,$1183,$124,$14,$20,$34,$-3,$-14,$-21,$2,$-36,$122,$-9,$0,$-3,$0,$1,$1,$0,$-11,$-32,$0,$-32,$-7,$-7,$-76,$15,$-100,$11,$16,$-76
21,2013-06-30,21.88,$5.11,4.28,$9.31,2.35,$6.17,3.55,$1.78,12.29,$0.35B,$0.15B,2.4,$0.26B,$0.54B,0.48,$0.94B,$0.94B,100.00%,$0.94B,$0.31B,32.83%,$0.94B,$0.31B,32.83%,$0.94B,$0.33B,34.97%,$0.94B,$0.31B,32.83%,$0.94B,$0.18B,19.25%,$0.18B,$0.54B,33.13%,$0.18B,$-0.19B,-98.23%,$0.18B,$1.14B,15.74%,$0.31B,$0.79B,37.70%,$224,$0,$224,$0,$148,$158,$66,$1,$67,$25,$42,$42,$39,$71,$66,$101,101,$0.39,$0.39,$87,$216,$5,$351,$41,$0,$727,$24,$791,$1142,$146,$255,$23,$461,$607,$285,$1006,$-2,$535,$1142,$87,$9,$13,$22,$-0,$-5,$-36,$-0,$-41,$67,$-6,$0,$-3,$0,$34,$34,$0,$25,$-21,$0,$-21,$-5,$-5,$-50,$4,$-72,$20,$11,$-50
22,2013-03-31,18.7,$4.96,3.77,$9.40,1.99,$6.35,2.94,$1.78,10.51,$0.35B,$0.14B,2.52,$0.27B,$0.52B,0.51,$0.94B,$0.94B,100.00%,$0.94B,$0.31B,32.87%,$0.94B,$0.31B,32.87%,$0.94B,$0.33B,34.89%,$0.94B,$0.31B,32.56%,$0.94B,$0.18B,19.09%,$0.18B,$0.52B,32.36%,$0.18B,$-0.21B,-106.35%,$0.18B,$1.14B,15.67%,$0.31B,$0.79B,37.00%,$228,$0,$228,$0,$150,$160,$68,$1,$69,$25,$45,$45,$41,$73,$68,$101,101,$0.41,$0.41,$56,$250,$5,$346,$41,$0,$727,$23,$791,$1137,$138,$266,$24,$480,$617,$280,$991,$-0,$520,$1137,$45,$5,$10,$14,$-0,$-1,$-49,$11,$-39,$20,$-3,$0,$-3,$0,$11,$11,$0,$4,$-11,$0,$-11,$-2,$-2,$-25,$3,$-35,$-11,$6,$-25
23,2012-12-31,15.83,$4.76,3.33,$9.43,1.68,$6.47,2.45,$1.78,8.89,$0.30B,$0.18B,1.66,$0.28B,$0.50B,0.56,$0.95B,$0.95B,100.00%,$0.95B,$0.31B,33.02%,$0.95B,$0.31B,33.02%,$0.95B,$0.33B,35.03%,$0.95B,$0.31B,32.59%,$0.95B,$0.18B,19.05%,$0.18B,$0.50B,31.66%,$0.18B,$-0.23B,-115.94%,$0.18B,$1.09B,15.61%,$0.31B,$0.77B,36.26%,$245,$0,$245,$0,$151,$162,$83,$-2,$81,$29,$52,$52,$46,$88,$83,$100,100,$0.45,$0.45,$68,$191,$4,$300,$39,$0,$728,$23,$790,$1090,$181,$276,$29,$412,$593,$274,$985,$-3,$497,$1090,$198,$18,$33,$50,$-3,$66,$8,$-3,$68,$316,$-9,$0,$-14,$0,$34,$34,$0,$11,$-43,$0,$-43,$-7,$-7,$-257,$-4,$-309,$18,$20,$-257
24,2012-09-30,14.92,$5.97,2.5,$9.14,1.63,$4.45,3.35,$1.70,8.78,$0.41B,$0.17B,2.49,$0.29B,$0.62B,0.46,$0.92B,$0.92B,100.00%,$0.92B,$0.29B,31.77%,$0.92B,$0.29B,31.77%,$0.92B,$0.31B,33.73%,$0.92B,$0.29B,31.33%,$0.92B,$0.17B,18.45%,$0.17B,$0.62B,29.14%,$0.17B,$-0.10B,-119.01%,$0.17B,$1.21B,14.47%,$0.29B,$0.91B,32.97%,$238,$0,$238,$0,$138,$148,$90,$0,$90,$32,$58,$58,$54,$95,$90,$100,100,$0.54,$0.54,$183,$184,$2,$414,$39,$0,$725,$27,$791,$1205,$166,$287,$34,$418,$584,$268,$1126,$-4,$621,$1205,$146,$13,$23,$36,$-11,$76,$-6,$-2,$58,$240,$-6,$0,$-8,$0,$25,$25,$0,$11,$-32,$0,$-32,$-5,$-5,$-75,$-5,$-117,$134,$15,$-75
25,2012-06-30,15.57,$5.63,2.76,$8.89,1.75,$3.50,4.45,$1.53,10.18,$0.38B,$0.16B,2.32,$0.30B,$0.59B,0.51,$0.89B,$0.89B,100.00%,$0.89B,$0.27B,30.04%,$0.89B,$0.27B,30.04%,$0.89B,$0.29B,32.06%,$0.89B,$0.26B,29.04%,$0.89B,$0.15B,17.04%,$0.15B,$0.59B,27.28%,$0.15B,$-0.14B,-93.54%,$0.15B,$1.16B,13.18%,$0.27B,$0.88B,30.80%,$232,$0,$232,$0,$154,$163,$69,$-2,$67,$24,$43,$43,$39,$73,$69,$100,100,$0.39,$0.39,$85,$242,$8,$377,$38,$0,$721,$26,$785,$1163,$163,$298,$25,$413,$576,$264,$1095,$-6,$587,$1163,$87,$9,$15,$24,$-3,$-2,$-23,$0,$-28,$83,$-4,$0,$-6,$0,$40,$40,$0,$30,$-21,$0,$-21,$-3,$-3,$-50,$-3,$-77,$36,$10,$-50
26,2012-03-31,15.8,$5.47,2.89,$8.81,1.79,$3.39,4.67,$1.55,10.19,$0.37B,$0.16B,2.25,$0.31B,$0.57B,0.54,$0.89B,$0.89B,100.00%,$0.89B,$0.27B,30.59%,$0.89B,$0.27B,30.59%,$0.89B,$0.29B,32.73%,$0.89B,$0.26B,29.46%,$0.89B,$0.15B,17.38%,$0.15B,$0.57B,28.37%,$0.15B,$-0.15B,-88.00%,$0.15B,$1.15B,13.48%,$0.27B,$0.88B,31.26%,$230,$0,$230,$0,$152,$160,$70,$-0,$70,$26,$44,$44,$41,$75,$70,$100,100,$0.41,$0.41,$52,$259,$6,$368,$38,$0,$720,$26,$784,$1153,$164,$308,$24,$419,$583,$259,$1080,$-4,$569,$1153,$44,$4,$11,$16,$-2,$-1,$-36,$9,$-30,$30,$-2,$0,$-6,$0,$17,$17,$0,$10,$-11,$0,$-11,$-1,$-1,$-25,$-1,$-38,$2,$6,$-25
27,2011-12-31,10.54,$5.23,2.02,$8.89,1.19,$3.54,2.98,$1.46,7.22,$0.37B,$0.18B,2.05,$0.32B,$0.54B,0.59,$0.90B,$0.90B,100.00%,$0.90B,$0.26B,28.83%,$0.90B,$0.26B,28.83%,$0.90B,$0.28B,31.17%,$0.90B,$0.25B,27.60%,$0.90B,$0.15B,16.31%,$0.15B,$0.54B,27.52%,$0.15B,$-0.18B,-78.39%,$0.15B,$1.15B,12.85%,$0.26B,$0.86B,29.79%,$216,$0,$216,$0,$145,$155,$62,$-1,$60,$22,$39,$39,$35,$66,$62,$101,101,$0.35,$0.35,$49,$273,$5,$367,$38,$0,$721,$25,$784,$1151,$178,$319,$37,$430,$608,$253,$1070,$-9,$543,$1151,$155,$22,$25,$47,$2,$-103,$-4,$16,$-88,$113,$-8,$0,$-54,$0,$-46,$-46,$0,$-107,$-43,$0,$-43,$-29,$-29,$-100,$15,$-156,$-149,$19,$-100
28,2011-09-30,12.05,$5.11,2.36,$9.19,1.31,$4.61,2.61,$1.55,7.77,$0.36B,$0.19B,1.95,$0.33B,$0.53B,0.62,$0.92B,$0.92B,100.00%,$0.92B,$0.28B,29.76%,$0.92B,$0.28B,29.76%,$0.92B,$0.30B,32.79%,$0.92B,$0.27B,28.68%,$0.92B,$0.15B,16.34%,$0.15B,$0.53B,29.16%,$0.15B,$-0.19B,-75.88%,$0.15B,$1.15B,13.29%,$0.28B,$0.86B,31.83%,$214,$0,$214,$0,$138,$147,$67,$-5,$62,$23,$39,$39,$37,$72,$67,$101,101,$0.37,$0.37,$133,$189,$1,$363,$39,$0,$716,$17,$782,$1145,$186,$329,$32,$429,$615,$248,$1065,$-12,$530,$1145,$116,$17,$19,$37,$2,$-8,$-17,$14,$-8,$145,$-7,$0,$-48,$0,$-45,$-45,$0,$-100,$-32,$0,$-32,$-20,$-20,$-75,$16,$-111,$-66,$14,$-75
29,2011-06-30,16.18,$5.08,3.19,$9.49,1.71,$4.93,3.28,$1.60,10.12,$0.35B,$0.16B,2.22,$0.34B,$0.53B,0.65,$0.95B,$0.95B,100.00%,$0.95B,$0.28B,29.73%,$0.95B,$0.28B,29.73%,$0.95B,$0.31B,32.98%,$0.95B,$0.28B,29.20%,$0.95B,$0.16B,16.49%,$0.16B,$0.53B,31.48%,$0.16B,$-0.19B,-73.19%,$0.16B,$1.12B,13.89%,$0.28B,$0.87B,33.01%,$226,$0,$226,$0,$143,$154,$72,$-3,$69,$26,$43,$43,$41,$77,$72,$101,101,$0.41,$0.41,$155,$139,$1,$345,$40,$0,$714,$12,$775,$1120,$155,$341,$24,$436,$591,$244,$1051,$-4,$529,$1120,$78,$13,$13,$26,$2,$-8,$-27,$3,$-30,$74,$-5,$0,$-45,$0,$-0,$-0,$0,$-51,$-21,$0,$-21,$-11,$-11,$-50,$16,$-67,$-44,$10,$-50
30,2011-03-31,18.0,$4.97,3.62,$9.56,1.88,$5.24,3.43,$1.65,10.91,$0.35B,$0.17B,2.12,$0.35B,$0.52B,0.68,$0.96B,$0.96B,100.00%,$0.96B,$0.30B,30.83%,$0.96B,$0.30B,30.83%,$0.96B,$0.34B,35.11%,$0.96B,$0.29B,29.99%,$0.96B,$0.16B,17.14%,$0.16B,$0.52B,34.53%,$0.16B,$-0.20B,-73.21%,$0.16B,$1.13B,14.69%,$0.30B,$0.87B,34.88%,$239,$0,$239,$0,$170,$182,$57,$-1,$56,$21,$35,$35,$33,$64,$57,$101,101,$0.32,$0.32,$177,$141,$1,$353,$38,$0,$716,$10,$774,$1127,$166,$353,$24,$441,$607,$243,$1034,$-2,$520,$1127,$35,$7,$6,$13,$1,$-6,$-20,$24,$-1,$47,$-2,$0,$-45,$0,$0,$0,$0,$-46,$-13,$0,$-13,$-4,$-4,$-25,$19,$-22,$-22,$5,$-25
31,2010-12-31,17.45,$4.75,3.68,$9.52,1.83,$5.16,3.38,$1.71,10.2,$0.37B,$0.21B,1.74,$0.36B,$0.49B,0.73,$0.95B,$0.95B,100.00%,$0.95B,$0.31B,32.60%,$0.95B,$0.31B,32.60%,$0.95B,$0.35B,37.01%,$0.95B,$0.30B,31.76%,$0.95B,$0.17B,18.19%,$0.17B,$0.49B,38.44%,$0.17B,$-0.23B,-73.31%,$0.17B,$1.15B,16.54%,$0.31B,$0.85B,40.80%,$245,$0,$245,$0,$149,$166,$79,$-1,$78,$29,$49,$49,$40,$90,$79,$100,100,$0.47,$0.47,$199,$135,$2,$373,$39,$0,$721,$21,$780,$1154,$214,$361,$33,$447,$661,$237,$1037,$-4,$492,$1154,$189,$43,$32,$76,$-2,$-26,$-14,$-7,$-49,$216,$-5,$0,$-50,$0,$-44,$-44,$-46,$-144,$278,$0,$278,$-13,$-13,$-229,$1,$37,$108,$19,$-229
32,2010-09-30,15.03,$4.41,3.41,$9.71,1.55,$5.53,2.72,$1.77,8.49,$0.36B,$0.19B,1.84,$0.38B,$0.45B,0.83,$0.97B,$0.97B,100.00%,$0.97B,$0.32B,32.65%,$0.97B,$0.32B,32.65%,$0.97B,$0.36B,36.87%,$0.97B,$0.31B,31.93%,$0.97B,$0.19B,19.05%,$0.19B,$0.45B,40.28%,$0.19B,$-0.25B,-87.16%,$0.19B,$1.12B,18.77%,$0.32B,$0.83B,44.76%,$242,$0,$242,$0,$154,$167,$75,$-1,$75,$26,$48,$48,$43,$83,$75,$100,100,$0.42,$0.42,$223,$93,$5,$357,$38,$0,$701,$11,$762,$1119,$194,$379,$35,$471,$665,$233,$1026,$-10,$454,$1119,$141,$32,$22,$54,$-1,$-3,$-17,$-3,$-24,$171,$-2,$0,$-46,$0,$-13,$-13,$-44,$-105,$281,$0,$281,$-9,$-9,$-204,$-2,$66,$132,$15,$-204
33,2010-06-30,13.53,$4.21,3.21,$10.22,1.32,$5.74,2.36,$1.91,7.08,$0.35B,$0.18B,1.95,$0.39B,$0.43B,0.9,$1.02B,$1.02B,100.00%,$1.02B,$0.34B,32.94%,$1.02B,$0.34B,32.94%,$1.02B,$0.38B,37.24%,$1.02B,$0.33B,32.26%,$1.02B,$0.20B,19.45%,$0.20B,$0.43B,42.16%,$0.20B,$-0.22B,-105.71%,$0.20B,$1.07B,21.67%,$0.34B,$0.83B,51.22%,$231,$0,$231,$0,$127,$148,$84,$-6,$78,$29,$48,$48,$48,$99,$84,$100,100,$0.46,$0.46,$206,$77,$27,$348,$39,$0,$657,$11,$719,$1067,$179,$391,$13,$454,$633,$229,$1008,$-10,$434,$1067,$92,$24,$18,$42,$1,$-3,$-29,$-5,$-35,$100,$-0,$0,$-38,$0,$-50,$-50,$-3,$-92,$294,$0,$294,$-6,$-6,$-179,$-1,$107,$115,$11,$-179
34,2010-03-31,17.06,$4.07,4.2,$10.97,1.55,$5.79,2.94,$1.97,8.66,$0.12B,$0.25B,0.48,$0.11B,$0.42B,0.26,$1.10B,$1.10B,100.00%,$1.10B,$0.34B,31.03%,$1.10B,$0.34B,31.03%,$1.10B,$0.38B,34.67%,$1.10B,$0.34B,30.94%,$1.10B,$0.20B,18.56%,$0.20B,$0.42B,42.32%,$0.20B,$-0.24B,-115.25%,$0.20B,$0.85B,23.71%,$0.34B,$0.53B,56.43%,$233,$0,$233,$0,$147,$161,$72,$-1,$71,$27,$44,$44,$42,$80,$72,$100,100,$0.38,$0.38,$42,$34,$2,$120,$39,$0,$664,$9,$725,$845,$249,$109,$13,$177,$426,$224,$985,$-0,$420,$845,$44,$9,$6,$14,$-2,$-3,$-46,$20,$-25,$33,$2,$0,$-5,$0,$-0,$-0,$0,$-3,$72,$0,$72,$-1,$-1,$-154,$4,$-79,$-49,$6,$-154
35,2009-12-31,16.76,$5.14,3.26,$11.75,1.43,$5.94,2.82,$1.93,8.68,$0.19B,$0.20B,0.94,$0.12B,$0.53B,0.22,$1.18B,$1.18B,100.00%,$1.18B,$0.33B,27.95%,$1.18B,$0.33B,27.95%,$1.18B,$0.37B,31.61%,$1.18B,$0.33B,27.78%,$1.18B,$0.20B,16.74%,$0.20B,$0.53B,40.41%,$0.20B,$-0.13B,-118.50%,$0.20B,$0.91B,22.97%,$0.33B,$0.65B,53.15%,$265,$0,$265,$0,$162,$178,$86,$-0,$86,$31,$55,$55,$52,$96,$86,$100,100,$0.51,$0.50,$90,$32,$5,$185,$40,$0,$663,$9,$728,$912,$197,$119,$15,$187,$384,$217,$1105,$2,$529,$912,$209,$42,$41,$83,$14,$-14,$-11,$-7,$-17,$275,$-26,$0,$-24,$0,$-1,$-1,$0,$-52,$-70,$0,$-70,$-20,$-20,$-98,$11,$-178,$45,$19,$-98
36,2009-09-30,15.93,$4.93,3.23,$12.11,1.32,$6.50,2.45,$1.96,8.13,$0.14B,$0.18B,0.74,$0.13B,$0.51B,0.25,$1.21B,$1.21B,100.00%,$1.21B,$0.33B,27.10%,$1.21B,$0.33B,27.10%,$1.21B,$0.37B,30.81%,$1.21B,$0.32B,26.69%,$1.21B,$0.20B,16.39%,$0.20B,$0.51B,43.14%,$0.20B,$-0.15B,-104.05%,$0.20B,$0.85B,23.66%,$0.33B,$0.63B,54.63%,$294,$0,$294,$0,$183,$199,$95,$0,$95,$35,$60,$60,$57,$106,$95,$100,100,$0.56,$0.56,$61,$26,$10,$135,$28,$0,$657,$13,$715,$849,$183,$126,$12,$162,$344,$212,$1087,$2,$505,$849,$154,$33,$23,$55,$10,$-9,$-16,$5,$-9,$201,$-10,$0,$-24,$0,$-1,$-1,$0,$-35,$-62,$0,$-62,$-19,$-19,$-74,$5,$-150,$16,$14,$-74
37,2009-06-30,14.42,$4.61,3.13,$12.23,1.18,$6.67,2.16,$1.96,7.36,$0.12B,$0.19B,0.65,$0.14B,$0.47B,0.29,$1.23B,$1.23B,100.00%,$1.23B,$0.33B,26.67%,$1.23B,$0.33B,26.67%,$1.23B,$0.38B,30.59%,$1.23B,$0.32B,26.18%,$1.23B,$0.20B,16.15%,$0.20B,$0.47B,45.78%,$0.20B,$-0.18B,-99.00%,$0.20B,$0.84B,24.07%,$0.33B,$0.61B,56.04%,$307,$0,$307,$0,$203,$219,$88,$-0,$88,$32,$56,$56,$53,$99,$88,$100,100,$0.52,$0.52,$43,$21,$10,$122,$28,$0,$652,$12,$713,$835,$188,$136,$11,$173,$361,$208,$1055,$1,$474,$835,$94,$22,$22,$44,$6,$-5,$-23,$-3,$-24,$113,$-8,$0,$-21,$0,$-1,$-1,$0,$-30,$-32,$0,$-32,$-6,$-6,$-49,$3,$-85,$-2,$10,$-49
38,2009-03-31,13.19,$4.30,3.07,$12.26,1.08,$6.93,1.9,$2.02,6.53,$0.13B,$0.21B,0.59,$0.15B,$0.44B,0.33,$1.23B,$1.23B,100.00%,$1.23B,$0.33B,26.85%,$1.23B,$0.33B,26.85%,$1.23B,$0.38B,31.08%,$1.23B,$0.32B,26.36%,$1.23B,$0.20B,16.52%,$0.20B,$0.44B,43.45%,$0.20B,$-0.20B,-140.00%,$0.20B,$0.83B,24.36%,$0.33B,$0.59B,55.44%,$311,$0,$311,$0,$214,$251,$60,$-2,$58,$21,$37,$37,$35,$71,$60,$100,100,$0.34,$0.34,$52,$20,$11,$126,$28,$0,$643,$12,$709,$834,$213,$146,$10,$180,$392,$203,$1028,$1,$442,$834,$37,$11,$16,$27,$3,$-5,$-32,$1,$-9,$56,$-6,$0,$-1,$0,$-1,$-1,$0,$-8,$-18,$0,$-18,$-1,$-1,$-25,$1,$-42,$6,$6,$-25
39,2008-12-31,9.93,$4.14,2.4,$12.18,0.82,$7.16,1.39,$2.23,4.45,$0.12B,$0.22B,0.54,$0.16B,$0.42B,0.37,$1.22B,$1.22B,100.00%,$1.22B,$0.36B,29.49%,$1.22B,$0.36B,29.49%,$1.22B,$0.42B,34.07%,$1.22B,$0.36B,29.17%,$1.22B,$0.22B,18.30%,$0.22B,$0.42B,43.96%,$0.22B,$-0.23B,-291.86%,$0.22B,$0.85B,26.62%,$0.36B,$0.58B,58.75%,$302,$0,$302,$0,$197,$216,$86,$-3,$83,$27,$56,$56,$54,$98,$86,$100,100,$0.55,$0.55,$45,$13,$13,$117,$29,$0,$657,$13,$730,$847,$218,$156,$16,$205,$423,$199,$1029,$0,$424,$847,$231,$56,$17,$73,$3,$-4,$-5,$13,$6,$311,$-6,$0,$-134,$0,$11,$11,$0,$-128,$140,$0,$140,$-42,$-42,$-376,$20,$-258,$-75,$15,$-376
40,2008-09-30,16.73,$3.83,4.37,$12.11,1.38,$7.24,2.31,$2.21,7.57,$0.12B,$0.18B,0.7,$0.17B,$0.39B,0.43,$1.22B,$1.22B,100.00%,$1.22B,$0.36B,29.54%,$1.22B,$0.36B,29.54%,$1.22B,$0.42B,34.70%,$1.22B,$0.36B,29.79%,$1.22B,$0.22B,18.25%,$0.22B,$0.39B,40.77%,$0.22B,$-0.19B,-2623.53%,$0.22B,$0.78B,26.55%,$0.36B,$0.56B,57.42%,$306,$0,$306,$0,$193,$213,$93,$-1,$92,$33,$59,$59,$56,$107,$93,$99,100,$0.53,$0.52,$45,$15,$21,$123,$29,$0,$577,$10,$653,$775,$176,$166,$8,$210,$386,$195,$1007,$1,$390,$775,$176,$44,$14,$58,$3,$-4,$-20,$1,$-19,$215,$-6,$0,$-53,$0,$11,$11,$0,$-49,$131,$0,$131,$-40,$-40,$-351,$19,$-242,$-75,$12,$-351
41,2008-06-30,18.24,$6.07,3.0,$11.86,1.54,$7.36,2.48,$2.22,8.21,$0.22B,$0.18B,1.26,$0.05B,$0.61B,0.07,$1.20B,$1.20B,100.00%,$1.20B,$0.37B,30.45%,$1.20B,$0.37B,30.45%,$1.20B,$0.43B,36.02%,$1.20B,$0.36B,30.28%,$1.20B,$0.23B,18.72%,$0.23B,$0.61B,38.51%,$0.23B,$0.04B,569.62%,$0.23B,$0.88B,26.68%,$0.37B,$0.66B,56.85%,$310,$0,$310,$0,$197,$219,$91,$-0,$91,$34,$57,$57,$58,$106,$91,$99,100,$0.57,$0.57,$141,$14,$25,$223,$29,$0,$570,$10,$654,$877,$177,$45,$8,$87,$265,$185,$1255,$1,$613,$877,$117,$30,$10,$41,$2,$-2,$-21,$-2,$-22,$136,$-4,$0,$-17,$0,$11,$11,$0,$-10,$-20,$0,$-20,$-39,$-39,$-46,$0,$-105,$21,$7,$-46
42,2008-03-31,20.61,$6.00,3.44,$11.45,1.8,$7.34,2.81,$2.18,9.45,$0.24B,$0.16B,1.45,$0.05B,$0.61B,0.09,$1.17B,$1.17B,100.00%,$1.17B,$0.36B,31.14%,$1.17B,$0.36B,31.14%,$1.17B,$0.43B,37.13%,$1.17B,$0.36B,30.88%,$1.17B,$0.22B,18.99%,$0.22B,$0.61B,38.96%,$0.22B,$0.07B,629.79%,$0.22B,$0.87B,26.63%,$0.36B,$0.67B,56.83%,$306,$0,$306,$0,$193,$215,$91,$0,$91,$34,$57,$57,$56,$106,$91,$100,101,$0.55,$0.54,$170,$13,$19,$236,$28,$0,$539,$10,$631,$867,$163,$53,$8,$93,$256,$181,$1221,$1,$611,$867,$57,$15,$5,$20,$0,$-1,$-36,$11,$-2,$76,$-2,$0,$0,$0,$11,$11,$0,$9,$-11,$0,$-11,$-2,$-2,$-21,$-0,$-34,$50,$4,$-21
43,2007-12-31,21.55,$5.64,3.82,$10.98,1.96,$7.30,2.95,$2.13,10.12,$0.21B,$0.17B,1.25,$0.06B,$0.57B,0.11,$1.13B,$1.13B,100.00%,$1.13B,$0.36B,31.68%,$1.13B,$0.36B,31.68%,$1.13B,$0.43B,38.24%,$1.13B,$0.35B,31.32%,$1.13B,$0.22B,19.34%,$0.22B,$0.57B,39.76%,$0.22B,$0.04B,822.64%,$0.22B,$0.84B,26.69%,$0.36B,$0.64B,56.58%,$300,$0,$300,$0,$192,$214,$86,$4,$90,$31,$58,$58,$53,$105,$86,$101,102,$0.49,$0.49,$120,$26,$12,$206,$26,$0,$535,$10,$635,$841,$165,$63,$9,$102,$267,$177,$1190,$1,$574,$841,$223,$73,$17,$90,$-4,$-6,$35,$-11,$14,$327,$-8,$0,$-81,$0,$-1,$-1,$0,$-90,$-49,$0,$-49,$-117,$-117,$-83,$15,$-235,$2,$13,$-83
44,2007-09-30,20.68,$5.30,3.9,$10.48,1.97,$6.89,3.0,$2.12,9.75,$0.14B,$0.14B,1.05,$0.08B,$0.54B,0.14,$1.09B,$1.09B,100.00%,$1.09B,$0.36B,32.75%,$1.09B,$0.36B,32.75%,$1.09B,$0.43B,39.56%,$1.09B,$0.35B,31.83%,$1.09B,$0.22B,20.06%,$0.22B,$0.54B,40.60%,$0.22B,$0.01B,807.41%,$0.22B,$0.79B,26.95%,$0.36B,$0.62B,56.31%,$286,$0,$286,$0,$165,$188,$98,$-6,$92,$34,$58,$58,$58,$116,$98,$100,102,$0.57,$0.57,$57,$30,$12,$142,$23,$0,$535,$12,$646,$788,$136,$76,$7,$113,$249,$173,$1158,$1,$539,$788,$165,$55,$18,$73,$-3,$-9,$9,$-8,$-9,$228,$-4,$0,$-81,$0,$-1,$-1,$0,$-86,$-38,$0,$-38,$-115,$-115,$-62,$10,$-204,$-62,$9,$-62
45,2007-06-30,19.85,$5.40,3.68,$9.99,1.99,$6.30,3.15,$1.98,10.02,$0.19B,$0.16B,1.17,$0.09B,$0.56B,0.16,$1.05B,$1.05B,100.00%,$1.05B,$0.33B,31.77%,$1.05B,$0.33B,31.77%,$1.05B,$0.41B,38.95%,$1.05B,$0.33B,31.29%,$1.05B,$0.21B,19.71%,$0.21B,$0.56B,38.45%,$0.21B,$0.03B,556.76%,$0.21B,$0.84B,25.25%,$0.33B,$0.64B,51.63%,$277,$0,$277,$0,$164,$188,$89,$-1,$88,$32,$55,$55,$55,$107,$89,$101,103,$0.55,$0.54,$105,$24,$11,$185,$23,$0,$530,$13,$654,$839,$157,$89,$7,$126,$284,$168,$1127,$1,$555,$839,$107,$37,$8,$45,$-2,$-8,$-6,$-2,$-17,$135,$-2,$0,$-31,$0,$-1,$-1,$0,$-35,$-24,$0,$-24,$-53,$-53,$-40,$4,$-114,$-13,$6,$-40
46,2007-03-31,18.91,$5.09,3.71,$9.52,1.99,$5.91,3.2,$1.91,9.9,$0.18B,$0.13B,1.38,$0.10B,$0.53B,0.2,$1.00B,$1.00B,100.00%,$1.00B,$0.32B,31.77%,$1.00B,$0.32B,31.77%,$1.00B,$0.39B,39.24%,$1.00B,$0.31B,31.27%,$1.00B,$0.20B,20.02%,$0.20B,$0.53B,38.23%,$0.20B,$0.04B,308.05%,$0.20B,$0.80B,25.12%,$0.32B,$0.63B,49.50%,$264,$0,$264,$0,$156,$181,$84,$-1,$83,$31,$52,$52,$52,$103,$84,$102,104,$0.51,$0.50,$111,$23,$9,$183,$24,$0,$487,$3,$616,$799,$132,$102,$7,$142,$274,$163,$1095,$0,$525,$799,$52,$19,$4,$23,$-1,$-6,$-21,$3,$-3,$72,$-1,$0,$-8,$0,$-0,$-0,$0,$-10,$-11,$0,$-11,$-43,$-43,$-19,$3,$-69,$-7,$3,$-19
47,2006-12-31,17.31,$5.10,3.4,$9.18,1.89,$5.88,2.94,$1.86,9.3,$0.18B,$0.13B,1.38,$0.11B,$0.53B,0.21,$0.98B,$0.98B,100.00%,$0.98B,$0.31B,31.56%,$0.98B,$0.31B,31.56%,$0.98B,$0.38B,39.22%,$0.98B,$0.31B,31.15%,$0.98B,$0.20B,20.22%,$0.20B,$0.53B,37.10%,$0.20B,$0.04B,196.04%,$0.20B,$0.81B,23.91%,$0.31B,$0.64B,46.54%,$260,$0,$260,$0,$148,$175,$85,$-1,$83,$30,$53,$53,$53,$104,$85,$104,106,$0.52,$0.51,$119,$16,$11,$182,$24,$0,$489,$3,$628,$810,$132,$113,$7,$149,$281,$158,$1066,$0,$529,$810,$198,$76,$-1,$75,$23,$16,$-18,$-0,$21,$294,$-5,$0,$-149,$0,$5,$5,$1,$-149,$-45,$0,$-45,$-170,$-170,$-73,$16,$-272,$-127,$11,$-73
