,Date,Stock Price,Book Value per Share,Price to Book Ratio,TTM Sales per Share,Price to Sales Ratio,TTM FCF per Share,Price to FCF Ratio,TTM Net EPS,PE Ratio,Current Assets,Current Liabilities,Current Ratio,Long Term Debt,Shareholder's Equity_x,Debt to Equity Ratio,TTM Revenue_x,TTM Gross Profit,Gross Margin,TTM Revenue_y,TTM Operating Income,Operating Margin,TTM Revenue_x,TTM EBIT,EBIT Margin,TTM Revenue_y,TTM EBITDA,EBITDA Margin,TTM Revenue_x,TTM Pre-Tax Income,Pre-Tax Margin,TTM Revenue_y,TTM Net Income_x,Net Margin,TTM Net Income_y,Shareholder's Equity_y,Return on Equity,TTM Net Income_x,Tangible Equity,Return on Tangible Equity,TTM Net Income_y,Total Assets,Return on Assets,TTM Net Income,LT Investments & Debt,Return on Investment,revenue,cost-goods-sold,gross-profit,research-development-expenses,selling-general-administrative-expenses,operating-expenses,operating-income,total-non-operating-income-expense,pre-tax-income,total-provision-income-taxes,income-after-taxes,income-from-continuous-operations,net-income,ebitda,ebit,basic-shares-outstanding,shares-outstanding,eps-basic-net-earnings-per-share,eps-earnings-per-share-diluted,cash-on-hand,inventory,other-current-assets,total-current-assets,net-property-plant-equipment,long-term-investments,goodwill-intangible-assets-total,other-long-term-assets,total-long-term-assets,total-assets,total-current-liabilities,long-term-debt,other-non-current-liabilities,total-long-term-liabilities,total-liabilities,common-stock-net,retained-earnings-accumulated-deficit,comprehensive-income,total-share-holder-equity,total-liabilities-share-holders-equity,net-income-loss,total-depreciation-amortization-cash-flow,other-non-cash-items,total-non-cash-items,change-in-accounts-receivable,change-in-inventories,change-in-accounts-payable,change-in-assets-liabilities,total-change-in-assets-liabilities,cash-flow-from-operating-activities,net-change-in-property-plant-equipment,net-change-in-intangible-assets,net-acquisitions-divestitures,net-change-in-short-term-investments,net-change-in-long-term-investments,net-change-in-investments-total,investing-activities-other,cash-flow-from-investing-activities,net-long-term-debt,net-current-debt,debt-issuance-retirement-net-total,net-common-equity-issued-repurchased,net-total-equity-issued-repurchased,total-common-preferred-stock-dividends-paid,financial-activities-other,cash-flow-from-financial-activities,net-cash-flow,stock-based-compensation,common-stock-dividends-paid
0,2018-09-30,109.07,$30.99,3.52,$26.61,4.1,$7.91,13.78,$4.58,23.81,$3.60B,$2.69B,1.34,$9.00B,$10.17B,0.89,$8.88B,$2.90B,32.68%,$8.88B,$1.48B,16.67%,$8.88B,$1.48B,16.67%,$8.88B,$2.93B,33.04%,$8.88B,$1.13B,12.73%,$8.88B,$1.54B,17.35%,$1.54B,$10.17B,14.62%,$1.54B,$-8.43B,-18.17%,$1.54B,$23.69B,6.38%,$1.48B,$19.16B,7.82%,$2084,$1364,$720,$0,$283,$1742,$342,$-138,$204,$37,$167,$163,$154,$700,$342,$328,331,$0.47,$0.47,$632,$0,$168,$3597,$546,$0,$18599,$510,$20097,$23694,$2692,$8998,$375,$10836,$13528,$4,$4339,$-433,$10166,$23694,$571,$1073,$145,$1218,$151,$0,$0,$-287,$-501,$1288,$-464,$0,$0,$0,$0,$0,$32,$-432,$343,$0,$343,$-765,$-765,$-316,$-56,$-794,$-33,$66,$-316
1,2018-06-30,106.03,$31.86,3.33,$26.55,3.99,$7.30,14.52,$4.29,24.72,$3.49B,$2.53B,1.38,$8.85B,$10.54B,0.84,$8.89B,$2.89B,32.52%,$8.89B,$1.52B,17.13%,$8.89B,$1.52B,17.13%,$8.89B,$2.96B,33.28%,$8.89B,$1.05B,11.76%,$8.89B,$1.45B,16.26%,$1.45B,$10.54B,13.74%,$1.45B,$-8.37B,-16.57%,$1.45B,$23.87B,5.95%,$1.52B,$19.40B,8.07%,$2106,$1414,$692,$0,$339,$1753,$353,$-77,$276,$51,$225,$218,$212,$711,$353,$329,333,$0.64,$0.64,$683,$0,$109,$3494,$557,$0,$18913,$492,$20374,$23868,$2534,$8854,$378,$10790,$13324,$4,$4291,$-403,$10544,$23868,$408,$715,$16,$731,$189,$0,$0,$-122,$-316,$823,$-316,$0,$49,$0,$0,$0,$-6,$-273,$182,$0,$182,$-434,$-434,$-211,$-26,$-489,$18,$45,$-211
2,2018-03-31,96.01,$32.15,2.99,$26.98,3.56,$6.47,14.84,$4.05,23.71,$3.74B,$3.82B,0.98,$8.04B,$10.61B,0.76,$9.04B,$2.94B,32.49%,$9.04B,$1.54B,17.03%,$9.04B,$1.54B,17.03%,$9.04B,$2.96B,32.77%,$9.04B,$1.05B,11.64%,$9.04B,$1.37B,15.18%,$1.37B,$10.61B,13.22%,$1.37B,$-8.58B,-15.20%,$1.37B,$24.41B,5.59%,$1.54B,$18.65B,8.16%,$2066,$1414,$652,$0,$358,$1772,$294,$-69,$225,$34,$191,$190,$182,$651,$294,$330,334,$0.55,$0.54,$725,$0,$107,$3735,$581,$0,$19193,$504,$20670,$24405,$3816,$8040,$390,$9978,$13794,$4,$4186,$-318,$10611,$24405,$190,$357,$-1,$356,$46,$0,$0,$-37,$-192,$354,$-172,$0,$49,$0,$0,$0,$-4,$-127,$260,$0,$260,$-326,$-326,$-106,$-1,$-173,$60,$20,$-106
3,2017-12-31,93.51,$32.49,2.88,$27.25,3.43,$6.82,13.7,$3.92,23.86,$3.69B,$4.01B,0.92,$7.72B,$10.82B,0.71,$9.12B,$2.94B,32.25%,$9.12B,$1.49B,16.35%,$9.12B,$1.49B,16.35%,$9.12B,$2.90B,31.81%,$9.12B,$1.04B,11.36%,$9.12B,$1.32B,14.46%,$1.32B,$10.82B,12.90%,$1.32B,$-8.52B,-13.92%,$1.32B,$24.53B,5.34%,$1.49B,$18.54B,7.85%,$2621,$1784,$837,$0,$346,$2130,$491,$-66,$425,$-579,$1004,$1001,$992,$871,$491,$330,336,$3.01,$2.94,$665,$0,$108,$3688,$610,$0,$19343,$531,$20838,$24526,$4011,$7718,$403,$9695,$13706,$4,$4109,$-332,$10820,$24526,$1352,$1410,$-744,$666,$-167,$0,$0,$-225,$-277,$1741,$-613,$0,$0,$0,$0,$0,$1303,$690,$-2074,$0,$-2074,$55,$55,$-385,$-76,$-2480,$-18,$107,$-385
4,2017-09-30,92.53,$30.30,3.05,$26.86,3.44,$7.43,12.45,$1.62,57.12,$3.32B,$2.66B,1.25,$8.81B,$10.09B,0.87,$8.95B,$3.00B,33.50%,$8.95B,$1.43B,16.03%,$8.95B,$1.43B,16.03%,$8.95B,$2.77B,30.92%,$8.95B,$0.94B,10.55%,$8.95B,$0.53B,5.97%,$0.53B,$10.09B,5.35%,$0.53B,$-9.41B,-5.34%,$0.53B,$24.29B,2.13%,$1.43B,$18.90B,7.41%,$2096,$1386,$710,$0,$325,$1711,$385,$-266,$119,$50,$69,$69,$59,$725,$385,$331,336,$0.18,$0.18,$720,$0,$0,$3324,$576,$0,$19494,$550,$20970,$24294,$2658,$8813,$407,$11547,$14205,$4,$3341,$-340,$10089,$24294,$351,$1030,$27,$1057,$-187,$0,$0,$-132,$-329,$1079,$-448,$0,$0,$0,$0,$0,$1304,$856,$-1694,$0,$-1694,$122,$122,$-289,$-72,$-1933,$37,$86,$-289
5,2017-06-30,84.35,$30.14,2.8,$27.62,3.05,$8.27,10.2,$2.00,42.17,$4.06B,$2.73B,1.49,$9.42B,$10.01B,0.94,$9.16B,$3.07B,33.51%,$9.16B,$1.45B,15.80%,$9.16B,$1.45B,15.80%,$9.16B,$2.74B,29.88%,$9.16B,$1.12B,12.21%,$9.16B,$0.66B,7.20%,$0.66B,$10.01B,6.67%,$0.66B,$-9.60B,-6.26%,$0.66B,$24.97B,2.58%,$1.45B,$19.42B,7.35%,$2258,$1520,$738,$0,$368,$1888,$370,$-87,$283,$136,$147,$147,$139,$716,$370,$330,334,$0.42,$0.42,$786,$0,$753,$4062,$584,$0,$19601,$394,$20908,$24970,$2729,$9415,$427,$12236,$14965,$4,$3377,$-385,$10005,$24970,$283,$690,$-157,$533,$-5,$0,$0,$-66,$-288,$528,$-297,$0,$846,$0,$0,$0,$-3,$546,$-859,$0,$-859,$66,$66,$-192,$-5,$-990,$103,$61,$-192
6,2017-03-31,78.37,$30.36,2.58,$27.87,2.81,$9.18,8.54,$1.97,39.78,$3.41B,$3.14B,1.09,$9.15B,$9.99B,0.92,$9.21B,$3.04B,32.98%,$9.21B,$1.36B,14.77%,$9.21B,$1.36B,14.77%,$9.21B,$2.60B,28.23%,$9.21B,$1.03B,11.13%,$9.21B,$0.64B,6.97%,$0.64B,$9.99B,6.55%,$0.64B,$-10.37B,-5.78%,$0.64B,$25.09B,2.48%,$1.36B,$19.14B,6.87%,$2148,$1491,$657,$0,$411,$1902,$246,$-37,$209,$74,$135,$135,$129,$590,$246,$328,333,$0.39,$0.39,$705,$0,$0,$3409,$610,$0,$20364,$378,$21677,$25086,$3138,$9154,$394,$11958,$15096,$4,$3341,$-298,$9990,$25086,$135,$344,$-211,$133,$-25,$0,$0,$67,$186,$454,$-155,$0,$827,$0,$0,$0,$-1,$671,$-1062,$0,$-1062,$47,$47,$-95,$-4,$-1114,$22,$26,$-95
7,2016-12-31,74.2,$30.02,2.47,$28.08,2.64,$9.02,8.23,$1.73,42.89,$4.28B,$3.15B,1.36,$10.15B,$9.85B,1.03,$9.24B,$3.01B,32.55%,$9.24B,$1.30B,14.05%,$9.24B,$1.30B,14.05%,$9.24B,$2.49B,26.96%,$9.24B,$0.91B,9.80%,$9.24B,$0.57B,6.15%,$0.57B,$9.85B,5.87%,$0.57B,$-10.61B,-4.92%,$0.57B,$26.03B,2.16%,$1.30B,$19.99B,6.49%,$2446,$1553,$893,$0,$460,$2013,$433,$-100,$333,$117,$216,$216,$207,$736,$433,$326,330,$0.63,$0.62,$683,$0,$863,$4282,$626,$0,$20450,$363,$21749,$26031,$3151,$10146,$386,$13035,$16186,$4,$3299,$-331,$9845,$26031,$590,$1193,$-59,$1134,$57,$0,$0,$51,$203,$1925,$-616,$0,$0,$0,$0,$0,$-3,$-619,$-1004,$0,$-1004,$72,$72,$-341,$-36,$-1309,$1,$137,$-341
8,2016-09-30,75.3,$29.74,2.53,$27.16,2.77,$7.53,10.0,$1.45,51.93,$3.52B,$2.94B,1.2,$10.47B,$9.76B,1.07,$8.67B,$2.76B,31.80%,$8.67B,$1.12B,12.96%,$8.67B,$1.12B,12.96%,$8.67B,$2.22B,25.64%,$8.67B,$0.75B,8.64%,$8.67B,$0.47B,5.39%,$0.47B,$9.76B,4.88%,$0.47B,$-11.60B,-3.92%,$0.47B,$26.13B,1.78%,$1.12B,$20.23B,5.56%,$2309,$1527,$782,$0,$384,$1911,$398,$-104,$294,$103,$191,$191,$185,$695,$398,$326,330,$0.57,$0.56,$701,$0,$0,$3523,$604,$0,$21354,$360,$22611,$26134,$2937,$10470,$325,$13441,$16378,$4,$3177,$-240,$9756,$26134,$374,$890,$-50,$840,$122,$0,$0,$-5,$128,$1342,$-446,$0,$0,$0,$0,$0,$-4,$-450,$-686,$0,$-686,$-27,$-27,$-255,$77,$-891,$19,$101,$-255
9,2016-06-30,71.78,$29.38,2.44,$25.72,2.79,$6.19,11.59,$1.51,47.54,$3.68B,$3.50B,1.05,$10.21B,$9.61B,1.06,$7.94B,$2.53B,31.89%,$7.94B,$1.06B,13.40%,$7.94B,$1.06B,13.40%,$7.94B,$2.03B,25.50%,$7.94B,$0.74B,9.28%,$7.94B,$0.46B,5.76%,$0.46B,$9.61B,5.21%,$0.46B,$-11.86B,-4.55%,$0.46B,$26.38B,1.96%,$1.06B,$19.82B,5.89%,$2305,$1600,$705,$0,$422,$2022,$283,$-94,$189,$66,$123,$123,$121,$578,$283,$325,329,$0.37,$0.37,$765,$0,$0,$3678,$595,$0,$21463,$363,$22706,$26384,$3496,$10208,$323,$13281,$16777,$4,$3078,$-246,$9607,$26384,$183,$593,$-33,$560,$118,$0,$0,$19,$79,$820,$-293,$0,$0,$0,$0,$0,$-3,$-296,$-333,$0,$-333,$42,$42,$-171,$1,$-461,$83,$68,$-171
10,2016-03-31,61.46,$29.20,2.11,$24.31,2.53,$5.38,11.42,$1.98,31.04,$3.63B,$3.32B,1.09,$10.53B,$9.49B,1.11,$7.22B,$2.34B,32.46%,$7.22B,$1.07B,14.79%,$7.22B,$1.07B,14.79%,$7.22B,$1.89B,26.18%,$7.22B,$0.95B,13.17%,$7.22B,$0.58B,7.98%,$0.58B,$9.49B,7.19%,$0.58B,$-12.08B,-7.08%,$0.58B,$26.43B,2.84%,$1.07B,$20.02B,6.68%,$2181,$1553,$628,$0,$444,$1997,$184,$-94,$90,$31,$59,$59,$55,$482,$184,$324,327,$0.17,$0.17,$702,$0,$0,$3629,$611,$0,$21571,$355,$22801,$26430,$3322,$10533,$324,$13619,$16941,$4,$3043,$-232,$9489,$26430,$59,$298,$-42,$256,$21,$0,$0,$77,$71,$385,$-145,$0,$0,$0,$0,$0,$-1,$-146,$-152,$0,$-152,$8,$8,$-85,$-10,$-239,$20,$30,$-85
11,2015-12-31,58.59,$29.03,2.02,$23.05,2.54,$5.10,11.49,$2.20,26.63,$3.51B,$2.36B,1.48,$11.43B,$9.41B,1.22,$6.60B,$2.20B,33.37%,$6.60B,$1.10B,16.66%,$6.60B,$1.10B,16.66%,$6.60B,$1.78B,26.97%,$6.60B,$1.04B,15.72%,$6.60B,$0.63B,9.58%,$0.63B,$9.41B,8.71%,$0.63B,$-12.08B,-10.17%,$0.63B,$26.20B,3.65%,$1.10B,$20.84B,7.90%,$1875,$1233,$642,$0,$383,$1616,$259,$-83,$176,$65,$111,$111,$106,$468,$259,$285,289,$0.36,$0.34,$682,$0,$0,$3509,$611,$0,$21488,$339,$22691,$26200,$2364,$11429,$312,$14429,$16793,$4,$3073,$-279,$9407,$26200,$651,$680,$-32,$648,$-103,$0,$0,$-98,$-172,$1131,$-415,$0,$-1720,$0,$0,$0,$237,$-1898,$1655,$0,$1655,$-263,$-263,$-305,$-72,$1015,$189,$98,$-305
12,2015-09-30,64.58,$23.41,2.76,$22.41,2.88,$5.37,12.03,$2.53,25.52,$2.44B,$1.57B,1.56,$4.96B,$6.60B,0.75,$6.41B,$2.13B,33.27%,$6.41B,$1.19B,18.60%,$6.41B,$1.19B,18.60%,$6.41B,$1.83B,28.51%,$6.41B,$1.17B,18.29%,$6.41B,$0.72B,11.25%,$0.72B,$6.60B,10.96%,$0.72B,$-4.11B,-16.85%,$0.72B,$14.19B,5.01%,$1.19B,$11.56B,10.25%,$1579,$1022,$557,$0,$219,$1241,$338,$-56,$282,$100,$182,$182,$175,$497,$338,$280,284,$0.62,$0.62,$442,$0,$30,$2436,$481,$0,$10718,$315,$11752,$14188,$1566,$4957,$189,$6017,$7584,$4,$3053,$-261,$6604,$14188,$540,$471,$-153,$318,$-34,$0,$0,$-101,$-164,$698,$-306,$0,$-17,$0,$0,$0,$241,$-82,$-100,$0,$-100,$-262,$-262,$-220,$-30,$-612,$-51,$59,$-220
13,2015-06-30,59.27,$23.19,2.56,$22.44,2.64,$5.43,10.92,$2.43,24.39,$2.48B,$1.68B,1.48,$5.03B,$6.53B,0.77,$6.44B,$2.11B,32.73%,$6.44B,$1.18B,18.31%,$6.44B,$1.18B,18.31%,$6.44B,$1.82B,28.27%,$6.44B,$1.12B,17.42%,$6.44B,$0.70B,10.83%,$0.70B,$6.53B,10.60%,$0.70B,$-4.25B,-16.35%,$0.70B,$14.30B,4.85%,$1.18B,$11.56B,10.13%,$1587,$1070,$517,$0,$230,$1300,$287,$116,$403,$156,$247,$247,$240,$444,$287,$281,284,$0.85,$0.84,$446,$0,$35,$2483,$495,$0,$10781,$313,$11821,$14304,$1677,$5030,$199,$6095,$7772,$4,$2951,$-198,$6531,$14304,$360,$312,$-162,$150,$-26,$0,$0,$-79,$-67,$443,$-219,$0,$0,$0,$0,$0,$242,$23,$-27,$0,$-27,$-280,$-280,$-147,$-31,$-485,$-47,$36,$-147
14,2015-03-31,65.01,$22.88,2.84,$22.38,2.9,$5.65,11.5,$2.21,29.41,$2.60B,$1.76B,1.48,$5.18B,$6.48B,0.8,$6.45B,$2.10B,32.51%,$6.45B,$1.20B,18.63%,$6.45B,$1.20B,18.63%,$6.45B,$1.85B,28.62%,$6.45B,$0.99B,15.28%,$6.45B,$0.64B,9.87%,$0.64B,$6.48B,9.61%,$0.64B,$-4.40B,-15.20%,$0.64B,$14.50B,4.41%,$1.20B,$11.67B,10.32%,$1555,$1070,$485,$0,$270,$1340,$215,$-39,$176,$58,$118,$118,$111,$370,$215,$283,287,$0.39,$0.39,$489,$0,$32,$2597,$490,$0,$10887,$304,$11903,$14500,$1761,$5183,$200,$6257,$8018,$4,$2784,$-228,$6482,$14500,$115,$155,$-12,$143,$-22,$0,$0,$-50,$-29,$231,$-101,$0,$0,$0,$0,$0,$-1,$-102,$127,$0,$127,$-143,$-143,$-74,$-8,$-98,$-4,$19,$-74
15,2014-12-31,59.17,$23.49,2.52,$22.17,2.67,$5.65,10.47,$2.35,25.18,$2.47B,$1.60B,1.55,$5.06B,$6.69B,0.76,$6.41B,$2.09B,32.55%,$6.41B,$1.27B,19.84%,$6.41B,$1.27B,19.84%,$6.41B,$1.92B,29.88%,$6.41B,$1.05B,16.44%,$6.41B,$0.68B,10.61%,$0.68B,$6.69B,10.19%,$0.68B,$-4.35B,-16.71%,$0.68B,$14.52B,4.74%,$1.27B,$11.75B,10.98%,$1688,$1116,$573,$0,$221,$1337,$352,$-41,$311,$101,$209,$209,$195,$516,$352,$285,289,$0.68,$0.68,$493,$0,$40,$2473,$483,$0,$11039,$312,$12047,$14521,$1599,$5055,$275,$6230,$7829,$4,$2747,$-107,$6692,$14521,$707,$646,$10,$656,$-115,$0,$0,$-94,$-219,$1165,$-372,$0,$-595,$0,$0,$0,$-18,$-985,$572,$0,$572,$-461,$-461,$-275,$-34,$-198,$-55,$56,$-275
16,2014-09-30,53.35,$23.23,2.3,$21.68,2.46,$5.37,9.93,$1.92,27.79,$2.56B,$1.47B,1.74,$4.97B,$6.59B,0.75,$6.30B,$2.03B,32.21%,$6.30B,$1.14B,18.12%,$6.30B,$1.14B,18.12%,$6.30B,$1.78B,28.28%,$6.30B,$0.92B,14.63%,$6.30B,$0.56B,8.85%,$0.56B,$6.59B,8.33%,$0.56B,$-4.05B,-14.02%,$0.56B,$14.17B,3.92%,$1.14B,$11.56B,9.99%,$1605,$1075,$531,$0,$207,$1282,$324,$-93,$231,$72,$159,$159,$151,$489,$324,$283,287,$0.53,$0.52,$612,$0,$42,$2563,$456,$0,$10643,$296,$11609,$14172,$1470,$4967,$278,$6111,$7581,$4,$2620,$-41,$6592,$14172,$504,$481,$2,$483,$-53,$0,$0,$-103,$-316,$687,$-273,$0,$-134,$0,$0,$0,$8,$-399,$503,$0,$503,$-465,$-465,$-206,$-40,$-208,$64,$41,$-206
17,2014-06-30,51.65,$23.48,2.2,$21.20,2.44,$5.42,9.53,$1.99,25.96,$2.84B,$1.70B,1.67,$4.90B,$6.70B,0.73,$6.19B,$2.00B,32.33%,$6.19B,$1.14B,18.33%,$6.19B,$1.14B,18.33%,$6.19B,$1.76B,28.49%,$6.19B,$0.97B,15.67%,$6.19B,$0.58B,9.33%,$0.58B,$6.70B,8.58%,$0.58B,$-3.93B,-14.65%,$0.58B,$14.44B,4.04%,$1.14B,$11.60B,9.95%,$1599,$1093,$507,$0,$197,$1289,$310,$-43,$267,$80,$186,$186,$179,$470,$310,$286,289,$0.63,$0.62,$794,$0,$47,$2835,$459,$0,$10634,$301,$11606,$14441,$1701,$4901,$294,$6039,$7741,$4,$2538,$13,$6700,$14441,$346,$316,$-3,$313,$-22,$0,$0,$-29,$-179,$479,$-187,$0,$-29,$0,$0,$0,$9,$-206,$454,$0,$454,$-340,$-340,$-138,$-15,$-39,$246,$27,$-138
18,2014-03-31,50.21,$23.29,2.16,$20.81,2.41,$5.11,9.82,$1.73,29.02,$2.69B,$1.70B,1.58,$4.73B,$6.70B,0.71,$6.11B,$1.98B,32.36%,$6.11B,$1.07B,17.59%,$6.11B,$1.07B,17.59%,$6.11B,$1.71B,27.96%,$6.11B,$0.84B,13.76%,$6.11B,$0.50B,8.25%,$0.50B,$6.70B,7.47%,$0.50B,$-3.95B,-12.68%,$0.50B,$14.27B,3.57%,$1.07B,$11.43B,9.45%,$1520,$1044,$476,$0,$190,$1234,$286,$-42,$245,$81,$163,$163,$155,$441,$286,$288,292,$0.54,$0.53,$738,$0,$35,$2688,$449,$0,$10649,$277,$11583,$14271,$1704,$4729,$298,$5864,$7569,$4,$2428,$3,$6702,$14271,$161,$155,$-2,$153,$15,$0,$0,$-1,$-91,$223,$-90,$0,$0,$0,$0,$0,$9,$-81,$309,$0,$309,$-190,$-190,$-70,$-7,$42,$190,$13,$-70
19,2013-12-31,50.2,$23.18,2.17,$20.60,2.44,$5.11,9.82,$1.69,29.7,$2.35B,$1.67B,1.41,$4.34B,$6.74B,0.64,$6.06B,$1.97B,32.49%,$6.06B,$1.06B,17.53%,$6.06B,$1.06B,17.53%,$6.06B,$1.70B,27.98%,$6.06B,$0.82B,13.59%,$6.06B,$0.49B,8.13%,$0.49B,$6.74B,7.28%,$0.49B,$-3.96B,-12.29%,$0.49B,$13.96B,3.53%,$1.06B,$11.08B,9.40%,$1573,$1058,$515,$0,$293,$1351,$221,$-44,$178,$95,$83,$83,$72,$381,$221,$290,294,$0.24,$0.24,$548,$0,$36,$2352,$439,$0,$10696,$267,$11608,$13960,$1673,$4340,$360,$5550,$7223,$4,$2342,$-10,$6737,$13960,$518,$635,$-26,$608,$-56,$0,$0,$-171,$-66,$1060,$-336,$0,$-151,$0,$0,$0,$22,$-465,$73,$0,$73,$-333,$-333,$-256,$-29,$-546,$30,$53,$-256
20,2013-09-30,43.24,$23.37,1.85,$20.26,2.13,$5.17,8.36,$1.90,22.76,$2.83B,$1.80B,1.58,$4.70B,$6.80B,0.69,$5.98B,$1.93B,32.25%,$5.98B,$1.13B,18.82%,$5.98B,$1.13B,18.82%,$5.98B,$1.76B,29.45%,$5.98B,$0.88B,14.63%,$5.98B,$0.56B,9.33%,$0.56B,$6.80B,8.22%,$0.56B,$-3.95B,-13.87%,$0.56B,$14.49B,4.02%,$1.13B,$11.51B,9.96%,$1500,$995,$505,$0,$187,$1182,$318,$-38,$280,$98,$182,$182,$172,$472,$318,$289,293,$0.60,$0.59,$812,$0,$41,$2834,$428,$0,$10750,$260,$11657,$14491,$1798,$4704,$352,$5890,$7687,$4,$2334,$-1,$6804,$14491,$438,$475,$-50,$424,$-56,$0,$0,$-156,$-188,$676,$-239,$0,$-138,$0,$0,$0,$31,$-346,$427,$0,$427,$-252,$-252,$-192,$-5,$-22,$294,$39,$-192
21,2013-06-30,39.7,$23.11,1.72,$19.97,1.99,$5.33,7.44,$1.60,24.81,$2.05B,$1.14B,1.8,$4.67B,$6.75B,0.69,$5.92B,$1.89B,31.96%,$5.92B,$1.10B,18.51%,$5.92B,$1.10B,18.51%,$5.92B,$1.74B,29.33%,$5.92B,$0.83B,13.98%,$5.92B,$0.47B,8.00%,$0.47B,$6.75B,6.98%,$0.47B,$-4.05B,-11.65%,$0.47B,$13.75B,3.46%,$1.10B,$11.42B,9.77%,$1513,$1032,$481,$0,$233,$1264,$249,$-111,$137,$41,$96,$96,$105,$413,$249,$290,294,$0.36,$0.36,$653,$0,$38,$2051,$416,$0,$10802,$268,$11699,$13750,$1143,$4673,$348,$5857,$7000,$4,$2226,$-10,$6750,$13750,$258,$320,$-49,$271,$-26,$0,$0,$-128,$-167,$365,$-157,$0,$-130,$0,$0,$0,$4,$-283,$376,$0,$376,$-158,$-158,$-128,$-14,$76,$136,$26,$-128
22,2013-03-31,36.53,$23.23,1.57,$19.71,1.85,$5.66,6.46,$1.74,21.0,$1.92B,$1.28B,1.5,$4.44B,$6.80B,0.65,$5.86B,$1.89B,32.18%,$5.86B,$1.13B,19.27%,$5.86B,$1.13B,19.27%,$5.86B,$1.77B,30.15%,$5.86B,$0.91B,15.60%,$5.86B,$0.52B,8.86%,$0.52B,$6.80B,7.64%,$0.52B,$-4.09B,-12.73%,$0.52B,$13.70B,3.79%,$1.13B,$11.24B,10.04%,$1478,$1008,$470,$0,$195,$1203,$275,$-47,$229,$75,$153,$153,$144,$431,$275,$291,296,$0.50,$0.49,$591,$0,$45,$1923,$422,$0,$10884,$257,$11776,$13699,$1278,$4436,$338,$5622,$6901,$4,$2186,$21,$6799,$13699,$149,$156,$-15,$141,$-12,$0,$0,$-77,$-83,$208,$-74,$0,$-115,$0,$0,$0,$-7,$-196,$216,$0,$216,$-87,$-87,$-65,$3,$68,$73,$13,$-65
23,2012-12-31,31.91,$23.10,1.38,$19.50,1.64,$5.67,5.63,$1.54,20.72,$1.84B,$1.26B,1.47,$4.23B,$6.79B,0.62,$5.80B,$1.84B,31.75%,$5.80B,$1.08B,18.58%,$5.80B,$1.08B,18.58%,$5.80B,$1.74B,29.99%,$5.80B,$0.83B,14.27%,$5.80B,$0.46B,7.97%,$0.46B,$6.79B,6.81%,$0.46B,$-4.01B,-11.05%,$0.46B,$13.55B,3.36%,$1.08B,$11.03B,9.52%,$1488,$1017,$472,$0,$188,$1205,$283,$-54,$229,$78,$151,$151,$137,$445,$283,$292,298,$0.47,$0.47,$518,$0,$42,$1844,$420,$0,$10805,$270,$11706,$13550,$1257,$4232,$404,$5499,$6756,$4,$2106,$30,$6794,$13550,$481,$662,$-11,$651,$-68,$0,$0,$-97,$-85,$1047,$-296,$0,$-64,$0,$0,$0,$337,$-23,$-427,$0,$-427,$-235,$-235,$-235,$-24,$-921,$102,$84,$-235
24,2012-09-30,28.47,$23.16,1.23,$19.15,1.49,$5.99,4.75,$1.47,19.36,$1.88B,$1.21B,1.55,$4.39B,$6.78B,0.65,$5.74B,$1.83B,31.89%,$5.74B,$1.10B,19.21%,$5.74B,$1.10B,19.21%,$5.74B,$1.79B,31.27%,$5.74B,$0.78B,13.51%,$5.74B,$0.44B,7.70%,$0.44B,$6.78B,6.55%,$0.44B,$-4.10B,-10.17%,$0.44B,$13.63B,3.19%,$1.10B,$11.17B,9.71%,$1437,$969,$468,$0,$180,$1149,$288,$-56,$232,$79,$153,$153,$87,$446,$288,$292,298,$0.30,$0.29,$577,$0,$66,$1875,$424,$0,$10871,$230,$11751,$13626,$1211,$4392,$384,$5639,$6849,$4,$2029,$35,$6777,$13626,$336,$500,$-2,$498,$-57,$0,$0,$-129,$-119,$718,$-226,$0,$-40,$0,$0,$0,$334,$67,$-279,$0,$-279,$-126,$-126,$-176,$-42,$-623,$161,$61,$-176
25,2012-06-30,30.88,$23.04,1.34,$18.89,1.63,$6.22,4.97,$1.62,19.06,$2.16B,$1.12B,1.92,$4.74B,$6.81B,0.7,$5.70B,$1.80B,31.50%,$5.70B,$1.09B,19.07%,$5.70B,$1.09B,19.07%,$5.70B,$1.79B,31.34%,$5.70B,$0.76B,13.25%,$5.70B,$0.49B,8.62%,$0.49B,$6.81B,7.28%,$0.49B,$-4.12B,-10.93%,$0.49B,$13.94B,3.53%,$1.09B,$11.54B,9.59%,$1457,$981,$476,$0,$193,$1175,$283,$-58,$224,$65,$159,$159,$151,$445,$283,$293,298,$0.51,$0.50,$534,$0,$370,$2158,$422,$0,$10923,$214,$11785,$13943,$1121,$4736,$371,$6017,$7138,$4,$2000,$20,$6805,$13943,$244,$342,$38,$380,$-56,$0,$0,$-80,$-161,$463,$-156,$0,$-42,$0,$0,$0,$0,$-197,$53,$0,$53,$-33,$-33,$-118,$-42,$-140,$118,$43,$-118
26,2012-03-31,29.82,$22.92,1.3,$18.55,1.61,$6.42,4.64,$1.52,19.62,$1.77B,$1.11B,1.6,$4.73B,$6.77B,0.7,$5.66B,$1.74B,30.82%,$5.66B,$1.06B,18.73%,$5.66B,$1.06B,18.73%,$5.66B,$1.76B,31.03%,$5.66B,$0.72B,12.73%,$5.66B,$0.46B,8.21%,$0.46B,$6.77B,6.86%,$0.46B,$-4.50B,-10.00%,$0.46B,$13.90B,3.32%,$1.06B,$11.50B,9.42%,$1413,$990,$424,$0,$201,$1191,$223,$-80,$142,$48,$95,$95,$87,$402,$223,$290,295,$0.30,$0.29,$482,$0,$59,$1768,$414,$0,$11266,$207,$12137,$13904,$1105,$4728,$375,$6033,$7137,$4,$1909,$63,$6767,$13904,$90,$180,$38,$218,$-19,$0,$0,$-21,$-104,$204,$-65,$0,$0,$0,$0,$0,$0,$-65,$33,$0,$33,$-11,$-11,$-59,$-39,$-76,$66,$26,$-59
27,2011-12-31,23.8,$22.71,1.05,$18.24,1.3,$6.57,3.62,$1.53,15.55,$1.67B,$1.36B,1.23,$4.55B,$6.65B,0.68,$5.63B,$1.71B,30.33%,$5.63B,$1.05B,18.67%,$5.63B,$1.05B,18.67%,$5.63B,$1.73B,30.67%,$5.63B,$0.73B,12.92%,$5.63B,$0.47B,8.36%,$0.47B,$6.65B,6.96%,$0.47B,$-4.68B,-9.91%,$0.47B,$13.87B,3.36%,$1.05B,$11.20B,9.40%,$1431,$968,$462,$0,$145,$1123,$308,$-131,$177,$55,$122,$122,$117,$501,$308,$301,307,$0.39,$0.39,$416,$0,$57,$1674,$415,$0,$11328,$224,$12199,$13873,$1356,$4551,$375,$5866,$7222,$4,$1880,$36,$6651,$13873,$481,$675,$102,$777,$41,$0,$0,$-89,$-90,$1172,$-300,$0,$-20,$0,$0,$0,$21,$-299,$9547,$-9961,$-414,$-295,$-295,$-60,$-15,$-785,$78,$65,$-60
28,2011-09-30,21.72,$22.58,0.96,$17.20,1.26,$5.88,3.69,$1.50,14.48,$1.60B,$1.52B,1.06,$4.33B,$6.75B,0.64,$5.47B,$1.64B,30.08%,$5.47B,$0.98B,17.87%,$5.47B,$0.98B,17.87%,$5.47B,$1.62B,29.69%,$5.47B,$0.71B,12.97%,$5.47B,$0.46B,8.49%,$0.46B,$6.75B,6.89%,$0.46B,$-4.68B,-10.04%,$0.46B,$13.89B,3.29%,$0.98B,$11.08B,8.69%,$1398,$965,$433,$0,$160,$1125,$273,$-61,$212,$65,$147,$147,$136,$438,$273,$301,307,$0.45,$0.44,$387,$0,$0,$1604,$411,$0,$11434,$181,$12281,$13886,$1516,$4328,$385,$5619,$7135,$4,$1778,$40,$6751,$13886,$359,$482,$26,$508,$31,$0,$0,$-26,$-63,$799,$-222,$0,$-13,$0,$0,$0,$6,$-229,$-358,$0,$-358,$-189,$-189,$-48,$81,$-513,$49,$46,$-48
29,2011-06-30,27.45,$22.57,1.22,$16.67,1.65,$5.64,4.86,$1.39,19.75,$1.71B,$1.62B,1.06,$4.32B,$6.89B,0.63,$5.44B,$1.68B,30.93%,$5.44B,$0.88B,16.19%,$5.44B,$0.88B,16.19%,$5.44B,$1.52B,27.97%,$5.44B,$0.63B,11.59%,$5.44B,$0.44B,8.06%,$0.44B,$6.89B,6.58%,$0.44B,$-4.70B,-9.41%,$0.44B,$14.16B,3.13%,$0.88B,$11.21B,7.80%,$1413,$989,$424,$0,$169,$1159,$255,$-66,$189,$60,$128,$128,$124,$414,$255,$304,311,$0.41,$0.40,$427,$0,$0,$1706,$409,$0,$11592,$194,$12456,$14162,$1616,$4320,$387,$5652,$7267,$4,$1657,$121,$6894,$14162,$219,$317,$26,$343,$13,$0,$0,$4,$-34,$524,$-140,$0,$-13,$0,$0,$0,$6,$-146,$-340,$0,$-340,$66,$66,$-32,$8,$-297,$89,$31,$-32
30,2011-03-31,29.09,$22.08,1.32,$15.43,1.89,$5.22,5.58,$1.22,23.85,$1.65B,$1.57B,1.05,$4.44B,$6.73B,0.66,$5.29B,$1.64B,30.89%,$5.29B,$0.81B,15.28%,$5.29B,$0.81B,15.28%,$5.29B,$1.45B,27.34%,$5.29B,$0.59B,11.20%,$5.29B,$0.40B,7.63%,$0.40B,$6.73B,5.69%,$0.40B,$-4.91B,-9.71%,$0.40B,$14.11B,2.91%,$0.81B,$11.17B,7.15%,$1383,$996,$387,$0,$174,$1170,$214,$-65,$149,$52,$97,$97,$93,$372,$214,$302,309,$0.31,$0.30,$384,$0,$0,$1645,$384,$0,$11636,$190,$12470,$14114,$1570,$4435,$412,$5814,$7384,$4,$1549,$105,$6731,$14114,$94,$158,$32,$190,$0,$0,$0,$24,$-19,$260,$-72,$0,$-13,$0,$0,$0,$6,$-79,$-181,$0,$-181,$52,$52,$-15,$4,$-140,$46,$15,$-15
31,2010-12-31,24.34,$21.73,1.12,$14.20,1.71,$5.17,4.71,$1.17,20.8,$1.67B,$1.30B,1.29,$4.94B,$6.56B,0.75,$5.15B,$1.59B,30.96%,$5.15B,$0.78B,15.20%,$5.15B,$0.78B,15.20%,$5.15B,$1.42B,27.54%,$5.15B,$0.60B,11.62%,$5.15B,$0.41B,7.87%,$0.41B,$6.56B,5.36%,$0.41B,$-4.19B,-11.03%,$0.41B,$14.18B,2.93%,$0.78B,$11.50B,6.88%,$1272,$873,$400,$0,$164,$1037,$235,$-77,$159,$47,$112,$112,$111,$399,$235,$345,352,$0.35,$0.34,$338,$0,$68,$1673,$390,$0,$10753,$197,$12503,$14176,$1300,$4935,$434,$6314,$7615,$4,$1471,$88,$6562,$14176,$358,$633,$159,$792,$-21,$0,$0,$-135,$-77,$1071,$-314,$0,$-403,$0,$0,$0,$73,$-644,$1933,$0,$1933,$-2331,$-2331,$-68,$-53,$-519,$-93,$59,$-68
32,2010-09-30,24.06,$21.44,1.12,$15.85,1.52,$5.11,4.71,$0.67,35.91,$1.48B,$1.19B,1.25,$4.83B,$6.42B,0.75,$5.13B,$1.56B,30.34%,$5.13B,$0.51B,9.86%,$5.13B,$0.51B,9.86%,$5.13B,$1.14B,22.16%,$5.13B,$0.36B,7.05%,$5.13B,$0.24B,4.68%,$0.24B,$6.42B,2.98%,$0.24B,$-4.82B,-7.62%,$0.24B,$13.56B,1.74%,$0.51B,$11.25B,4.45%,$1367,$897,$470,$0,$139,$1191,$176,$-43,$133,$48,$85,$85,$110,$335,$176,$332,339,$0.33,$0.33,$389,$0,$15,$1484,$372,$0,$11239,$209,$12072,$13556,$1187,$4829,$226,$5948,$7135,$4,$1376,$70,$6421,$13556,$246,$469,$92,$561,$34,$0,$0,$-72,$-6,$786,$-227,$0,$-67,$0,$0,$0,$73,$-221,$1838,$0,$1838,$-2341,$-2341,$-55,$-46,$-604,$-42,$41,$-55
33,2010-06-30,23.74,$22.92,1.04,$16.07,1.48,$5.31,4.47,$0.69,34.41,$1.62B,$1.21B,1.34,$2.70B,$8.68B,0.31,$4.59B,$1.31B,28.52%,$4.59B,$0.46B,10.10%,$4.59B,$0.46B,10.10%,$4.59B,$1.03B,22.42%,$4.59B,$0.33B,7.25%,$4.59B,$0.20B,4.31%,$0.20B,$8.68B,2.66%,$0.20B,$-2.73B,-8.31%,$0.20B,$13.77B,1.62%,$0.46B,$11.38B,4.61%,$1271,$893,$378,$0,$194,$1087,$184,$-32,$152,$56,$96,$96,$90,$341,$184,$377,385,$0.24,$0.23,$502,$0,$0,$1618,$368,$0,$11408,$132,$12148,$13766,$1212,$2697,$233,$3876,$5088,$4,$1280,$16,$8679,$13766,$185,$311,$-24,$287,$49,$0,$0,$-30,$-30,$445,$-134,$0,$-47,$0,$0,$0,$108,$-73,$-294,$0,$-294,$54,$54,$-39,$-9,$-289,$71,$26,$-39
34,2010-03-31,20.71,$22.86,0.91,$17.07,1.21,$5.72,3.62,$0.77,26.9,$1.59B,$1.26B,1.27,$2.82B,$8.56B,0.33,$4.15B,$1.14B,27.41%,$4.15B,$0.39B,9.47%,$4.15B,$0.39B,9.47%,$4.15B,$0.90B,21.56%,$4.15B,$0.27B,6.48%,$4.15B,$0.17B,4.02%,$0.17B,$8.56B,2.67%,$0.17B,$-2.95B,-7.72%,$0.17B,$13.83B,1.56%,$0.39B,$11.37B,4.50%,$1235,$890,$345,$0,$157,$1048,$187,$-34,$154,$57,$97,$97,$94,$342,$187,$373,380,$0.25,$0.25,$464,$0,$0,$1593,$369,$0,$11505,$118,$12241,$13834,$1259,$2816,$235,$4018,$5277,$4,$1210,$54,$8558,$13834,$94,$154,$8,$162,$46,$0,$0,$-27,$12,$272,$-58,$0,$-50,$0,$0,$0,$111,$3,$-200,$0,$-200,$-19,$-19,$-20,$-0,$-239,$33,$16,$-20
35,2009-12-31,20.67,$22.75,0.91,$17.97,1.15,$5.77,3.58,$0.69,29.96,$1.67B,$1.24B,1.35,$3.02B,$8.52B,0.35,$3.71B,$0.97B,26.11%,$3.71B,$0.29B,7.71%,$3.71B,$0.29B,7.71%,$3.71B,$0.73B,19.54%,$3.71B,$0.17B,4.45%,$3.71B,$0.11B,2.86%,$0.11B,$8.52B,2.10%,$0.11B,$-2.11B,-5.52%,$0.11B,$14.00B,1.17%,$0.29B,$11.54B,3.87%,$1259,$895,$364,$0,$269,$1301,$-42,$-36,$-77,$-28,$-49,$-49,$-54,$119,$-42,$236,239,$-0.38,$-0.39,$431,$0,$72,$1666,$376,$0,$10630,$132,$12332,$13998,$1235,$3017,$207,$4244,$5479,$4,$1135,$82,$8519,$13998,$109,$439,$145,$584,$93,$0,$0,$28,$14,$714,$-213,$0,$436,$0,$0,$0,$25,$249,$-987,$0,$-987,$266,$266,$-47,$-2,$-770,$210,$71,$-47
36,2009-09-30,22.45,$20.93,1.07,$16.71,1.34,$5.44,4.12,$0.98,22.91,$1.06B,$0.89B,1.19,$1.95B,$4.03B,0.48,$3.23B,$0.75B,23.20%,$3.23B,$0.43B,13.44%,$3.23B,$0.43B,13.44%,$3.23B,$0.81B,25.06%,$3.23B,$0.32B,9.88%,$3.23B,$0.19B,5.86%,$0.19B,$4.03B,4.93%,$0.19B,$-1.74B,-10.81%,$0.19B,$7.43B,2.54%,$0.43B,$5.98B,7.19%,$829,$605,$223,$0,$89,$695,$134,$-30,$104,$36,$68,$68,$68,$228,$134,$191,195,$0.35,$0.35,$206,$0,$0,$1057,$263,$0,$5773,$81,$6373,$7431,$886,$1948,$119,$2513,$3399,$2,$1207,$45,$4032,$7431,$161,$278,$-2,$277,$134,$0,$0,$-23,$65,$505,$-146,$0,$-4,$0,$0,$0,$6,$-144,$-370,$0,$-370,$12,$12,$-31,$5,$-384,$-15,$27,$-31
37,2009-06-30,17.53,$20.32,0.86,$17.06,1.03,$4.61,3.8,$0.86,20.38,$1.10B,$0.88B,1.24,$2.13B,$3.89B,0.55,$3.28B,$0.75B,22.78%,$3.28B,$0.42B,12.79%,$3.28B,$0.42B,12.79%,$3.28B,$0.81B,24.79%,$3.28B,$0.29B,8.77%,$3.28B,$0.17B,5.03%,$0.17B,$3.89B,4.43%,$0.17B,$-1.86B,-8.95%,$0.17B,$7.44B,2.21%,$0.42B,$6.02B,6.90%,$829,$623,$206,$0,$93,$716,$113,$-26,$88,$30,$58,$58,$59,$206,$113,$190,193,$0.31,$0.31,$228,$0,$0,$1095,$271,$0,$5746,$73,$6345,$7440,$882,$2134,$115,$2670,$3552,$2,$1149,$-16,$3888,$7440,$92,$184,$-14,$171,$94,$0,$0,$5,$67,$331,$-96,$0,$-4,$0,$0,$0,$0,$-100,$-221,$0,$-221,$6,$6,$-19,$0,$-234,$7,$18,$-19
38,2009-03-31,15.94,$19.48,0.82,$17.24,0.93,$3.84,4.15,$0.92,17.33,$1.14B,$0.80B,1.42,$2.33B,$3.72B,0.63,$3.32B,$0.74B,22.20%,$3.32B,$0.37B,10.98%,$3.32B,$0.37B,10.98%,$3.32B,$0.79B,23.71%,$3.32B,$0.22B,6.53%,$3.32B,$0.18B,5.35%,$0.18B,$3.72B,4.82%,$0.18B,$-1.97B,-7.97%,$0.18B,$7.42B,2.21%,$0.37B,$6.05B,5.61%,$794,$618,$176,$0,$96,$714,$80,$-30,$50,$17,$33,$33,$33,$172,$80,$190,192,$0.17,$0.17,$272,$0,$0,$1136,$270,$0,$5696,$72,$6280,$7416,$803,$2328,$148,$2890,$3693,$2,$1100,$-112,$3724,$7416,$33,$92,$11,$103,$69,$0,$0,$25,$27,$163,$-45,$0,$-3,$0,$0,$0,$0,$-48,$-54,$0,$-54,$4,$4,$-10,$0,$-60,$51,$10,$-10
39,2008-12-31,14.21,$19.37,0.73,$17.32,0.82,$3.63,3.92,$1.11,12.8,$1.17B,$0.82B,1.43,$2.41B,$3.70B,0.65,$3.36B,$0.74B,22.14%,$3.36B,$0.34B,10.00%,$3.36B,$0.34B,10.00%,$3.36B,$0.79B,23.60%,$3.36B,$0.18B,5.39%,$3.36B,$0.22B,6.43%,$0.22B,$3.70B,5.80%,$0.22B,$-1.42B,-8.43%,$0.22B,$7.50B,2.49%,$0.34B,$6.11B,4.84%,$776,$632,$144,$0,$72,$668,$108,$-31,$77,$24,$53,$53,$29,$203,$108,$192,194,$0.16,$0.15,$221,$0,$0,$1166,$273,$0,$5118,$80,$6334,$7500,$817,$2409,$159,$2987,$3803,$2,$1076,$-102,$3697,$7500,$220,$456,$127,$583,$-39,$0,$0,$-57,$-240,$596,$-255,$0,$-20,$0,$-26,$-26,$28,$-273,$-177,$0,$-177,$-217,$-217,$-38,$-6,$-438,$-134,$61,$-38
40,2008-09-30,16.07,$18.94,0.85,$17.66,0.91,$2.48,6.49,$1.51,10.64,$1.21B,$0.72B,1.67,$2.56B,$3.60B,0.71,$3.44B,$0.81B,23.47%,$3.44B,$0.33B,9.57%,$3.44B,$0.33B,9.57%,$3.44B,$0.82B,23.73%,$3.44B,$0.18B,5.18%,$3.44B,$0.30B,8.58%,$0.30B,$3.60B,7.88%,$0.30B,$-2.12B,-10.34%,$0.30B,$7.55B,3.19%,$0.33B,$6.16B,4.47%,$884,$662,$222,$23,$80,$764,$120,$-47,$73,$27,$46,$46,$44,$233,$120,$190,192,$0.23,$0.23,$238,$0,$0,$1205,$281,$0,$5725,$100,$6344,$7550,$721,$2555,$175,$3227,$3948,$2,$1057,$-12,$3602,$7550,$190,$361,$58,$419,$-31,$0,$0,$-75,$-210,$399,$-204,$0,$-17,$0,$0,$0,$29,$-192,$-43,$0,$-43,$-218,$-218,$-29,$-21,$-310,$-117,$51,$-29
41,2008-06-30,17.62,$19.81,0.89,$16.67,1.06,$1.52,11.6,$2.53,6.97,$1.74B,$1.22B,1.42,$3.98B,$3.76B,1.06,$3.27B,$0.74B,22.49%,$3.27B,$0.27B,8.23%,$3.27B,$0.27B,8.23%,$3.27B,$0.78B,23.81%,$3.27B,$0.31B,9.58%,$3.27B,$0.50B,15.18%,$0.50B,$3.76B,13.19%,$0.50B,$-3.42B,-15.47%,$0.50B,$9.78B,5.09%,$0.27B,$7.73B,3.47%,$870,$674,$196,$20,$118,$812,$58,$-41,$17,$3,$14,$14,$72,$180,$58,$193,194,$0.37,$0.37,$207,$0,$0,$1738,$394,$28,$7171,$166,$8041,$9778,$1222,$3975,$217,$4801,$6023,$2,$1023,$86,$3756,$9778,$143,$247,$46,$293,$-58,$0,$0,$-31,$-193,$243,$-156,$0,$-17,$0,$0,$0,$29,$-144,$-5,$0,$-5,$-225,$-225,$-19,$1,$-248,$-148,$42,$-19
42,2008-03-31,18.19,$19.68,0.92,$17.91,1.02,$1.52,11.94,$2.91,6.25,$1.84B,$1.28B,1.44,$3.91B,$3.84B,1.02,$3.52B,$0.86B,24.47%,$3.52B,$0.39B,11.07%,$3.52B,$0.39B,11.07%,$3.52B,$0.89B,25.29%,$3.52B,$0.53B,14.93%,$3.52B,$0.57B,16.24%,$0.57B,$3.84B,15.53%,$0.57B,$-3.29B,-20.13%,$0.57B,$9.83B,6.18%,$0.39B,$7.75B,5.30%,$830,$649,$182,$19,$111,$779,$51,$-37,$14,$3,$11,$11,$71,$177,$51,$195,197,$0.36,$0.36,$328,$0,$0,$1840,$403,$29,$7134,$150,$7992,$9832,$1280,$3909,$289,$4713,$5992,$2,$960,$28,$3840,$9832,$71,$126,$31,$156,$-8,$0,$0,$-29,$-59,$168,$-90,$0,$-2,$0,$0,$0,$6,$-86,$-98,$0,$-98,$-4,$-4,$-10,$0,$-111,$-27,$26,$-10
43,2007-12-31,19.81,$19.42,1.02,$19.16,1.03,$1.11,17.77,$2.85,6.95,$1.83B,$1.25B,1.46,$4.00B,$3.78B,1.06,$3.76B,$0.98B,26.01%,$3.76B,$0.50B,13.23%,$3.76B,$0.50B,13.23%,$3.76B,$1.01B,26.89%,$3.76B,$0.60B,15.94%,$3.76B,$0.56B,14.90%,$0.56B,$3.78B,15.87%,$0.56B,$-2.58B,-22.00%,$0.56B,$9.80B,6.43%,$0.50B,$7.79B,7.15%,$855,$648,$207,$20,$86,$755,$100,$-26,$74,$26,$48,$48,$108,$226,$100,$195,197,$0.56,$0.55,$355,$0,$0,$1830,$393,$31,$6357,$147,$7965,$9795,$1254,$4003,$235,$4759,$6013,$2,$900,$53,$3781,$9795,$561,$514,$-336,$178,$-170,$0,$0,$-140,$-275,$464,$-343,$0,$-1633,$0,$430,$430,$0,$-1546,$1268,$0,$1268,$-23,$-23,$-39,$18,$1224,$144,$39,$-39
44,2007-09-30,21.11,$18.92,1.12,$20.51,1.03,$1.50,14.04,$2.69,7.85,$1.58B,$1.16B,1.37,$4.05B,$3.67B,1.1,$4.02B,$1.08B,26.83%,$4.02B,$0.56B,13.86%,$4.02B,$0.56B,13.86%,$4.02B,$1.06B,26.41%,$4.02B,$0.64B,15.83%,$4.02B,$0.53B,13.14%,$0.53B,$3.67B,15.64%,$0.53B,$-3.54B,-22.88%,$0.53B,$9.59B,6.46%,$0.56B,$7.72B,8.51%,$713,$563,$150,$18,$72,$653,$60,$149,$208,$75,$133,$133,$245,$195,$60,$193,197,$1.27,$1.25,$279,$0,$0,$1580,$400,$31,$7205,$122,$8014,$9594,$1156,$4048,$167,$4768,$5923,$2,$801,$73,$3670,$9594,$453,$388,$-390,$-2,$-116,$0,$0,$-95,$-195,$256,$-245,$0,$-1722,$0,$430,$430,$81,$-1456,$1313,$0,$1313,$-35,$-35,$-29,$16,$1265,$67,$27,$-29
45,2007-06-30,25.79,$17.82,1.45,$22.35,1.15,$2.24,11.49,$1.85,13.94,$1.46B,$0.98B,1.49,$2.74B,$3.44B,0.8,$4.36B,$1.23B,28.12%,$4.36B,$0.66B,15.13%,$4.36B,$0.66B,15.13%,$4.36B,$1.14B,26.15%,$4.36B,$0.54B,12.40%,$4.36B,$0.36B,8.30%,$0.36B,$3.44B,11.24%,$0.36B,$-1.96B,-17.85%,$0.36B,$7.80B,4.74%,$0.66B,$6.18B,10.85%,$1125,$802,$323,$24,$120,$946,$179,$50,$230,$85,$145,$146,$148,$293,$179,$193,197,$0.77,$0.75,$221,$0,$0,$1459,$353,$167,$5400,$109,$6336,$7795,$980,$2739,$138,$3375,$4355,$2,$565,$76,$3440,$7795,$208,$253,$-83,$170,$-119,$0,$0,$-67,$-134,$243,$-154,$0,$-66,$0,$136,$136,$0,$-83,$-174,$0,$-174,$43,$43,$-19,$-1,$-151,$9,$17,$-19
46,2007-03-31,21.58,$16.88,1.28,$21.87,0.99,$2.17,9.94,$1.44,14.99,$1.37B,$0.87B,1.58,$2.93B,$3.25B,0.9,$4.26B,$1.21B,28.31%,$4.26B,$0.63B,14.88%,$4.26B,$0.63B,14.88%,$4.26B,$1.11B,26.10%,$4.26B,$0.42B,9.79%,$4.26B,$0.28B,6.57%,$0.28B,$3.25B,9.01%,$0.28B,$-2.13B,-13.05%,$0.28B,$7.69B,3.72%,$0.63B,$6.18B,10.56%,$1071,$772,$299,$27,$113,$913,$159,$-71,$88,$33,$55,$56,$60,$298,$159,$192,196,$0.31,$0.30,$222,$0,$0,$1373,$348,$198,$5379,$97,$6315,$7688,$871,$2932,$143,$3570,$4440,$2,$427,$48,$3248,$7688,$60,$139,$6,$145,$-65,$0,$0,$-26,$-132,$72,$-74,$0,$-21,$0,$0,$0,$0,$-95,$11,$0,$11,$33,$33,$-10,$-2,$33,$10,$8,$-10
47,2006-12-31,19.01,$16.45,1.16,$21.60,0.88,$2.34,8.11,$1.37,13.88,$1.30B,$0.88B,1.48,$2.95B,$3.14B,0.94,$4.09B,$1.19B,29.00%,$4.09B,$0.58B,14.18%,$4.09B,$0.58B,14.18%,$4.09B,$1.02B,24.87%,$4.09B,$0.39B,9.54%,$4.09B,$0.26B,6.33%,$0.26B,$3.14B,8.52%,$0.26B,$-1.61B,-11.59%,$0.26B,$7.63B,3.47%,$0.58B,$6.09B,9.79%,$1109,$803,$306,$28,$119,$950,$159,$-48,$110,$41,$69,$71,$75,$275,$159,$191,195,$0.39,$0.39,$212,$0,$0,$1301,$346,$196,$4748,$113,$6330,$7631,$881,$2948,$146,$3607,$4488,$2,$377,$45,$3143,$7631,$259,$439,$29,$468,$32,$0,$0,$-176,$-233,$495,$-300,$0,$111,$0,$0,$0,$0,$-189,$-124,$0,$-124,$-90,$-90,$-38,$23,$-229,$79,$50,$-38
