,Date,Stock Price,Book Value per Share,Price to Book Ratio,TTM Sales per Share,Price to Sales Ratio,TTM FCF per Share,Price to FCF Ratio,TTM Net EPS,PE Ratio,Current Assets,Current Liabilities,Current Ratio,Long Term Debt,Shareholder's Equity_x,Debt to Equity Ratio,TTM Revenue_x,TTM Gross Profit,Gross Margin,TTM Revenue_y,TTM Operating Income,Operating Margin,TTM Revenue_x,TTM EBIT,EBIT Margin,TTM Revenue_y,TTM EBITDA,EBITDA Margin,TTM Revenue_x,TTM Pre-Tax Income,Pre-Tax Margin,TTM Revenue_y,TTM Net Income_x,Net Margin,TTM Net Income_y,Shareholder's Equity_y,Return on Equity,TTM Net Income_x,Tangible Equity,Return on Tangible Equity,TTM Net Income_y,Total Assets,Return on Assets,TTM Net Income,LT Investments & Debt,Return on Investment,revenue,cost-goods-sold,gross-profit,research-development-expenses,selling-general-administrative-expenses,operating-expenses,operating-income,total-non-operating-income-expense,pre-tax-income,total-provision-income-taxes,income-after-taxes,income-from-continuous-operations,net-income,ebitda,ebit,basic-shares-outstanding,shares-outstanding,eps-basic-net-earnings-per-share,eps-earnings-per-share-diluted,cash-on-hand,inventory,other-current-assets,total-current-assets,net-property-plant-equipment,long-term-investments,goodwill-intangible-assets-total,other-long-term-assets,total-long-term-assets,total-assets,total-current-liabilities,long-term-debt,other-non-current-liabilities,total-long-term-liabilities,total-liabilities,common-stock-net,retained-earnings-accumulated-deficit,comprehensive-income,total-share-holder-equity,total-liabilities-share-holders-equity,net-income-loss,total-depreciation-amortization-cash-flow,other-non-cash-items,total-non-cash-items,change-in-accounts-receivable,change-in-inventories,change-in-accounts-payable,change-in-assets-liabilities,total-change-in-assets-liabilities,cash-flow-from-operating-activities,net-change-in-property-plant-equipment,net-change-in-intangible-assets,net-acquisitions-divestitures,net-change-in-short-term-investments,net-change-in-long-term-investments,net-change-in-investments-total,investing-activities-other,cash-flow-from-investing-activities,net-long-term-debt,net-current-debt,debt-issuance-retirement-net-total,net-common-equity-issued-repurchased,net-total-equity-issued-repurchased,total-common-preferred-stock-dividends-paid,financial-activities-other,cash-flow-from-financial-activities,net-cash-flow,stock-based-compensation,common-stock-dividends-paid
0,2018-09-30,82.38,$6.64,12.41,$13.77,5.98,$6.28,13.11,$3.44,23.98,$2.34B,$2.32B,1.01,$4.82B,$2.66B,1.81,$5.79B,$2.72B,46.98%,$5.79B,$1.75B,30.18%,$5.79B,$1.75B,30.18%,$5.79B,$2.26B,38.98%,$5.79B,$1.56B,27.00%,$5.79B,$1.45B,25.00%,$1.45B,$2.66B,51.62%,$1.45B,$-4.59B,-31.96%,$1.45B,$10.75B,13.97%,$1.75B,$7.48B,23.03%,$1412,$749,$663,$0,$305,$1056,$356,$-52,$304,$78,$226,$227,$227,$492,$356,$404,412,$0.56,$0.55,$673,$0,$0,$2338,$385,$0,$7252,$363,$8410,$10748,$2320,$4823,$229,$5767,$8087,$8,$11349,$-79,$2661,$10748,$901,$406,$-64,$342,$-29,$0,$48,$-281,$-262,$981,$-263,$0,$419,$0,$0,$0,$-13,$143,$371,$0,$371,$-1194,$-1194,$0,$4,$-819,$348,$54,$0
1,2018-06-30,74.09,$7.02,10.56,$13.60,5.45,$6.42,11.54,$3.43,21.63,$1.80B,$1.66B,1.09,$4.81B,$2.85B,1.69,$5.78B,$2.71B,46.92%,$5.78B,$1.76B,30.49%,$5.78B,$1.76B,30.49%,$5.78B,$2.25B,38.87%,$5.78B,$1.58B,27.42%,$5.78B,$1.45B,25.14%,$1.45B,$2.85B,53.27%,$1.45B,$-4.44B,-31.11%,$1.45B,$10.22B,14.21%,$1.76B,$7.66B,23.31%,$1420,$1059,$361,$0,$0,$1062,$358,$-42,$316,$72,$244,$251,$251,$494,$358,$408,416,$0.61,$0.60,$348,$0,$0,$1804,$374,$0,$7289,$353,$8414,$10218,$1655,$4805,$216,$5713,$7368,$8,$11122,$-66,$2850,$10218,$674,$270,$-118,$152,$-11,$0,$17,$-219,$-213,$613,$-169,$0,$419,$0,$-2,$-2,$-12,$236,$-96,$0,$-96,$-780,$-780,$0,$7,$-869,$23,$36,$0
2,2018-03-31,71.31,$7.23,9.86,$13.40,5.32,$6.64,10.74,$3.34,21.38,$1.77B,$1.68B,1.05,$4.60B,$2.97B,1.55,$5.74B,$2.71B,47.21%,$5.74B,$1.78B,30.91%,$5.74B,$1.78B,30.91%,$5.74B,$2.23B,38.91%,$5.74B,$1.60B,27.83%,$5.74B,$1.42B,24.76%,$1.42B,$2.97B,54.47%,$1.42B,$-4.34B,-29.81%,$1.42B,$10.17B,14.10%,$1.78B,$7.57B,23.98%,$1440,$759,$681,$0,$305,$832,$608,$-45,$563,$140,$423,$423,$423,$742,$608,$413,422,$1.02,$1.00,$382,$0,$0,$1768,$375,$0,$7309,$314,$8399,$10167,$1683,$4603,$217,$5513,$7196,$8,$10871,$-56,$2971,$10167,$423,$134,$-136,$-2,$67,$0,$0,$-154,$-49,$372,$-77,$0,$419,$0,$-1,$-1,$-10,$331,$-297,$0,$-297,$-399,$-399,$0,$0,$-696,$57,$19,$0
3,2017-12-31,65.57,$6.58,9.97,$13.16,4.98,$6.82,9.61,$2.90,22.61,$1.98B,$1.94B,1.02,$4.90B,$2.73B,1.79,$5.70B,$2.67B,46.91%,$5.70B,$1.53B,26.90%,$5.70B,$1.53B,26.90%,$5.70B,$1.97B,34.50%,$5.70B,$1.36B,23.84%,$5.70B,$1.25B,21.88%,$1.25B,$2.73B,50.36%,$1.25B,$-4.74B,-25.44%,$1.25B,$10.29B,12.50%,$1.53B,$7.63B,21.13%,$1516,$502,$1014,$0,$589,$1091,$425,$-45,$380,$-151,$531,$532,$546,$528,$425,$422,431,$1.30,$1.28,$325,$0,$0,$1975,$390,$0,$7472,$368,$8314,$10289,$1938,$4897,$171,$5620,$7558,$8,$10240,$-54,$2731,$10289,$1246,$433,$-177,$256,$-75,$0,$54,$6,$-15,$1483,$-287,$0,$-384,$0,$7,$7,$7,$-657,$325,$0,$325,$-1145,$-1145,$0,$0,$-820,$25,$63,$0
4,2017-09-30,64.48,$5.63,11.46,$12.13,5.32,$6.44,10.01,$2.11,30.63,$1.87B,$1.85B,1.01,$5.02B,$2.35B,2.14,$5.36B,$2.13B,39.68%,$5.36B,$1.35B,25.15%,$5.36B,$1.35B,25.15%,$5.36B,$1.78B,33.26%,$5.36B,$1.09B,20.39%,$5.36B,$0.70B,13.00%,$0.70B,$2.35B,28.72%,$0.70B,$-5.15B,-14.29%,$0.70B,$10.20B,7.09%,$1.35B,$7.37B,19.00%,$1400,$746,$654,$0,$284,$1030,$370,$-45,$325,$98,$227,$232,$232,$481,$370,$420,429,$0.55,$0.54,$325,$0,$0,$1870,$385,$0,$7500,$444,$8329,$10199,$1850,$5018,$166,$5999,$7849,$4,$9694,$-55,$2350,$10199,$700,$330,$88,$418,$23,$0,$-9,$-113,$-99,$1015,$-208,$0,$-364,$0,$-10,$-10,$7,$-575,$536,$0,$536,$-951,$-951,$0,$0,$-415,$25,$48,$0
5,2017-06-30,61.17,$5.67,10.79,$11.96,5.11,$6.40,9.56,$2.05,29.91,$1.63B,$1.71B,0.96,$4.65B,$2.39B,1.94,$5.34B,$2.12B,39.63%,$5.34B,$1.35B,25.22%,$5.34B,$1.35B,25.22%,$5.34B,$1.78B,33.24%,$5.34B,$1.10B,20.52%,$5.34B,$0.68B,12.72%,$0.68B,$2.39B,27.37%,$0.68B,$-4.85B,-14.27%,$0.68B,$9.69B,7.01%,$1.35B,$7.04B,19.10%,$1386,$1024,$362,$0,$0,$1014,$372,$-42,$330,$109,$221,$221,$221,$483,$372,$424,433,$0.52,$0.51,$299,$0,$0,$1632,$396,$0,$7242,$415,$8053,$9685,$1707,$4646,$168,$5587,$7294,$4,$9462,$-59,$2391,$9685,$468,$219,$38,$257,$59,$0,$-40,$-52,$-33,$691,$-136,$0,$-59,$0,$0,$0,$1,$-194,$168,$0,$168,$-666,$-666,$0,$0,$-498,$-1,$33,$0
6,2017-03-31,57.66,$5.69,10.13,$11.78,4.9,$6.32,9.12,$2.01,28.76,$1.62B,$1.79B,0.9,$4.55B,$2.42B,1.88,$5.32B,$2.39B,44.95%,$5.32B,$1.34B,25.15%,$5.32B,$1.34B,25.15%,$5.32B,$1.76B,33.03%,$5.32B,$1.09B,20.46%,$5.32B,$0.67B,12.60%,$0.67B,$2.42B,26.34%,$0.67B,$-4.85B,-14.24%,$0.67B,$9.70B,6.94%,$1.34B,$6.97B,18.86%,$1394,$752,$642,$0,$277,$1029,$365,$-42,$323,$102,$221,$247,$247,$473,$365,$429,439,$0.58,$0.56,$308,$0,$0,$1615,$400,$0,$7270,$411,$8081,$9696,$1790,$4547,$168,$5482,$7272,$4,$9241,$-67,$2424,$9696,$247,$108,$18,$126,$42,$0,$0,$-2,$90,$463,$-76,$0,$-78,$0,$0,$0,$0,$-154,$75,$0,$75,$-376,$-376,$0,$0,$-301,$8,$16,$0
7,2016-12-31,53.14,$5.90,9.01,$11.53,4.61,$6.40,8.3,$2.08,25.61,$1.73B,$1.82B,0.95,$4.47B,$2.54B,1.76,$5.25B,$2.35B,44.63%,$5.25B,$1.31B,24.95%,$5.25B,$1.31B,24.95%,$5.25B,$1.72B,32.78%,$5.25B,$1.06B,20.12%,$5.25B,$0.71B,13.55%,$0.71B,$2.54B,27.29%,$0.71B,$-4.67B,-15.33%,$0.71B,$9.74B,7.40%,$1.31B,$7.01B,18.39%,$1180,$711,$469,$0,$228,$939,$241,$-126,$115,$4,$111,$-3,$-3,$346,$241,$468,476,$-0.10,$-0.09,$300,$0,$0,$1728,$405,$0,$7206,$404,$8015,$9743,$1820,$4467,$153,$5382,$7202,$4,$8994,$-76,$2541,$9743,$930,$411,$59,$470,$-88,$0,$178,$-57,$33,$1431,$-290,$0,$-265,$0,$-1,$-1,$2,$-554,$263,$0,$263,$-1166,$-1166,$0,$51,$-852,$25,$68,$0
8,2016-09-30,49.74,$5.90,8.43,$12.67,3.93,$6.21,8.01,$1.99,24.99,$1.60B,$1.55B,1.03,$4.62B,$2.57B,1.8,$5.69B,$2.68B,47.11%,$5.69B,$1.53B,26.93%,$5.69B,$1.53B,26.93%,$5.69B,$1.94B,34.15%,$5.69B,$1.45B,25.47%,$5.69B,$1.12B,19.71%,$1.12B,$2.57B,42.52%,$1.12B,$-4.67B,-24.50%,$1.12B,$9.64B,11.79%,$1.53B,$7.19B,21.55%,$1380,$737,$643,$0,$274,$1011,$369,$-41,$328,$114,$214,$214,$214,$473,$369,$438,445,$0.49,$0.48,$303,$0,$0,$1600,$403,$0,$7243,$391,$8037,$9637,$1548,$4624,$154,$5520,$7068,$4,$8779,$-69,$2569,$9637,$715,$306,$24,$330,$-15,$0,$111,$-99,$-3,$1042,$-223,$0,$-265,$0,$-1,$-1,$3,$-486,$331,$0,$331,$-905,$-905,$0,$46,$-528,$28,$54,$0
9,2016-06-30,54.37,$5.99,9.08,$12.34,4.41,$5.77,9.43,$1.97,27.6,$1.49B,$1.45B,1.02,$4.55B,$2.64B,1.72,$5.63B,$2.64B,46.91%,$5.63B,$1.51B,26.77%,$5.63B,$1.51B,26.77%,$5.63B,$1.92B,34.11%,$5.63B,$1.42B,25.29%,$5.63B,$1.13B,20.01%,$1.13B,$2.64B,41.49%,$1.13B,$-4.63B,-25.18%,$1.13B,$9.53B,11.91%,$1.51B,$7.19B,21.24%,$1363,$727,$636,$0,$274,$1001,$362,$-40,$322,$110,$212,$212,$212,$464,$362,$444,451,$0.48,$0.47,$263,$0,$0,$1486,$394,$0,$7273,$377,$8044,$9530,$1452,$4548,$154,$5436,$6888,$4,$8565,$-74,$2642,$9530,$501,$202,$16,$218,$3,$0,$37,$-72,$-32,$687,$-145,$0,$-265,$0,$0,$0,$2,$-408,$258,$0,$258,$-586,$-586,$0,$37,$-291,$-12,$39,$0
10,2016-03-31,51.29,$6.02,8.52,$12.02,4.27,$5.39,9.51,$1.77,29.06,$1.48B,$1.54B,0.96,$4.45B,$2.68B,1.66,$5.56B,$2.59B,46.59%,$5.56B,$1.47B,26.43%,$5.56B,$1.47B,26.43%,$5.56B,$1.89B,33.90%,$5.56B,$1.29B,23.25%,$5.56B,$1.04B,18.72%,$1.04B,$2.68B,36.67%,$1.04B,$-4.61B,-24.13%,$1.04B,$9.55B,11.00%,$1.47B,$7.13B,20.60%,$1331,$734,$597,$0,$258,$992,$339,$-47,$292,$149,$143,$289,$289,$439,$339,$447,454,$0.65,$0.64,$283,$0,$0,$1476,$401,$0,$7289,$386,$8076,$9552,$1542,$4445,$160,$5326,$6868,$4,$8353,$-69,$2684,$9552,$289,$100,$18,$118,$10,$0,$113,$-21,$102,$509,$-72,$0,$-265,$0,$0,$0,$0,$-337,$156,$0,$156,$-329,$-329,$0,$9,$-164,$8,$22,$0
11,2015-12-31,45.73,$5.90,7.75,$11.71,3.91,$4.96,9.23,$1.50,30.59,$1.51B,$1.50B,1.0,$4.29B,$2.66B,1.61,$5.51B,$2.55B,46.25%,$5.51B,$1.45B,26.25%,$5.51B,$1.45B,26.25%,$5.51B,$1.86B,33.82%,$5.51B,$1.28B,23.16%,$5.51B,$0.93B,16.89%,$0.93B,$2.66B,31.29%,$0.93B,$-4.41B,-22.39%,$0.93B,$9.34B,9.88%,$1.45B,$6.95B,20.35%,$1619,$813,$806,$0,$343,$1156,$463,$45,$508,$213,$295,$407,$407,$568,$463,$441,448,$1.00,$0.99,$275,$0,$0,$1506,$396,$0,$7072,$366,$7834,$9340,$1502,$4288,$164,$5178,$6680,$4,$8064,$-74,$2660,$9340,$712,$417,$142,$559,$-2,$0,$148,$-70,$76,$1346,$-359,$0,$0,$0,$-4,$-4,$3,$-360,$414,$0,$414,$-1451,$-1451,$0,$32,$-1005,$-19,$65,$0
12,2015-09-30,43.31,$6.25,6.93,$10.70,4.05,$4.76,9.1,$1.46,29.76,$1.53B,$1.41B,1.09,$4.23B,$2.87B,1.47,$5.20B,$2.30B,44.29%,$5.20B,$1.30B,24.97%,$5.20B,$1.30B,24.97%,$5.20B,$1.72B,32.97%,$5.20B,$1.04B,20.05%,$5.20B,$0.70B,13.53%,$0.70B,$2.87B,22.48%,$0.70B,$-4.24B,-17.47%,$0.70B,$9.39B,7.49%,$1.30B,$7.10B,18.27%,$1313,$713,$600,$0,$258,$971,$342,$-41,$301,$117,$184,$218,$218,$448,$342,$466,474,$0.47,$0.46,$309,$0,$0,$1531,$397,$0,$7107,$352,$7856,$9387,$1411,$4230,$157,$5107,$6518,$4,$7875,$-75,$2869,$9387,$523,$312,$108,$420,$16,$0,$135,$-139,$12,$955,$-292,$0,$0,$0,$0,$0,$-4,$-296,$334,$0,$334,$-1006,$-1006,$0,$28,$-644,$15,$51,$0
13,2015-06-30,41.42,$6.68,6.2,$10.43,3.97,$4.82,8.59,$1.47,28.17,$1.71B,$1.34B,1.28,$4.23B,$3.14B,1.35,$5.15B,$2.26B,43.91%,$5.15B,$1.27B,24.69%,$5.15B,$1.27B,24.69%,$5.15B,$1.68B,32.67%,$5.15B,$1.02B,19.72%,$5.15B,$0.73B,14.07%,$0.73B,$3.14B,22.11%,$0.73B,$-4.00B,-18.51%,$0.73B,$9.59B,7.70%,$1.27B,$7.37B,17.82%,$1298,$710,$588,$0,$262,$972,$326,$-134,$192,$66,$126,$127,$127,$430,$326,$473,481,$0.27,$0.27,$530,$0,$0,$1714,$382,$0,$7144,$348,$7874,$9588,$1336,$4231,$166,$5109,$6445,$4,$7657,$-66,$3143,$9588,$305,$206,$82,$288,$53,$0,$38,$-85,$6,$600,$-203,$0,$0,$0,$0,$0,$0,$-203,$337,$0,$337,$-527,$-527,$0,$29,$-161,$236,$36,$0
14,2015-03-31,39.7,$6.77,5.86,$10.21,3.89,$4.82,8.23,$1.53,25.95,$1.50B,$1.50B,1.0,$3.76B,$3.22B,1.17,$5.11B,$2.22B,43.55%,$5.11B,$1.25B,24.53%,$5.11B,$1.25B,24.53%,$5.11B,$1.66B,32.48%,$5.11B,$1.09B,21.36%,$5.11B,$0.76B,14.96%,$0.76B,$3.22B,22.72%,$0.76B,$-3.96B,-19.74%,$0.76B,$9.34B,8.15%,$1.25B,$6.98B,17.64%,$1275,$723,$552,$0,$238,$961,$314,$-40,$274,$96,$178,$178,$178,$416,$314,$478,486,$0.38,$0.37,$296,$0,$0,$1498,$338,$0,$7178,$321,$7837,$9335,$1501,$3757,$139,$4616,$6117,$4,$7530,$-71,$3218,$9335,$178,$102,$21,$123,$34,$0,$47,$-36,$45,$346,$-90,$0,$0,$0,$0,$0,$0,$-90,$49,$0,$49,$-303,$-303,$0,$0,$-254,$2,$18,$0
15,2014-12-31,35.49,$6.86,5.18,$9.97,3.56,$4.72,7.51,$1.49,23.82,$1.44B,$1.49B,0.97,$3.70B,$3.30B,1.12,$5.07B,$2.19B,43.13%,$5.07B,$1.21B,23.88%,$5.07B,$1.21B,23.88%,$5.07B,$1.61B,31.86%,$5.07B,$1.05B,20.67%,$5.07B,$0.75B,14.88%,$0.75B,$3.30B,22.05%,$0.75B,$-3.92B,-19.59%,$0.75B,$9.31B,8.02%,$1.21B,$6.99B,16.90%,$1316,$752,$564,$0,$247,$999,$317,$-41,$276,$97,$179,$181,$181,$421,$317,$497,505,$0.38,$0.37,$294,$0,$0,$1444,$317,$0,$7212,$335,$7864,$9308,$1486,$3698,$129,$4527,$6013,$4,$7352,$-63,$3295,$9308,$754,$404,$53,$457,$-42,$0,$168,$-30,$96,$1307,$-292,$0,$0,$0,$7,$7,$-1,$-286,$-49,$0,$-49,$-1095,$-1095,$0,$18,$-1126,$-106,$49,$0
16,2014-09-30,32.32,$7.06,4.58,$9.74,3.32,$4.22,7.65,$1.55,20.92,$1.58B,$1.40B,1.13,$3.76B,$3.46B,1.09,$5.01B,$2.18B,43.57%,$5.01B,$1.19B,23.74%,$5.01B,$1.19B,23.74%,$5.01B,$1.59B,31.76%,$5.01B,$1.03B,20.51%,$5.01B,$0.79B,15.84%,$0.79B,$3.46B,22.74%,$0.79B,$-3.79B,-20.83%,$0.79B,$9.44B,8.40%,$1.19B,$7.22B,16.42%,$1263,$705,$558,$0,$243,$948,$315,$-41,$274,$120,$154,$239,$239,$416,$315,$495,504,$0.48,$0.48,$409,$0,$0,$1579,$304,$0,$7254,$301,$7859,$9438,$1397,$3756,$130,$4579,$5976,$4,$7171,$-57,$3462,$9438,$573,$300,$30,$330,$8,$0,$147,$-98,$57,$960,$-225,$0,$0,$0,$7,$7,$-1,$-219,$0,$0,$0,$-746,$-746,$0,$15,$-731,$9,$37,$0
17,2014-06-30,30.16,$6.98,4.32,$9.51,3.17,$3.73,8.08,$1.37,21.97,$1.53B,$1.37B,1.12,$3.76B,$3.48B,1.08,$4.95B,$2.14B,43.28%,$4.95B,$1.16B,23.33%,$4.95B,$1.16B,23.33%,$4.95B,$1.56B,31.45%,$4.95B,$0.99B,20.06%,$4.95B,$0.71B,14.42%,$0.71B,$3.48B,20.45%,$0.71B,$-3.81B,-18.55%,$0.71B,$9.40B,7.55%,$1.16B,$7.23B,15.84%,$1253,$703,$550,$0,$243,$946,$307,$-40,$267,$101,$166,$166,$166,$406,$307,$499,507,$0.33,$0.33,$329,$0,$0,$1525,$300,$0,$7287,$291,$7878,$9403,$1368,$3756,$124,$4560,$5928,$4,$6932,$-49,$3475,$9403,$334,$199,$29,$228,$25,$0,$46,$-64,$7,$569,$-150,$0,$0,$0,$0,$0,$1,$-149,$0,$0,$0,$-502,$-502,$0,$11,$-491,$-71,$27,$0
18,2014-03-31,28.35,$6.84,4.14,$9.27,3.06,$3.44,8.24,$1.33,21.31,$1.55B,$1.44B,1.08,$3.76B,$3.44B,1.09,$4.90B,$2.11B,43.12%,$4.90B,$1.12B,22.90%,$4.90B,$1.12B,22.90%,$4.90B,$1.53B,31.19%,$4.90B,$0.96B,19.57%,$4.90B,$0.70B,14.28%,$0.70B,$3.44B,20.04%,$0.70B,$-3.87B,-17.97%,$0.70B,$9.47B,7.38%,$1.12B,$7.20B,15.28%,$1234,$721,$513,$0,$242,$963,$271,$-41,$230,$66,$164,$168,$168,$371,$271,$509,517,$0.33,$0.33,$307,$0,$0,$1547,$284,$0,$7316,$326,$7926,$9473,$1438,$3756,$119,$4592,$6030,$4,$6766,$-54,$3443,$9473,$168,$100,$3,$103,$-1,$0,$44,$-22,$21,$292,$-70,$0,$0,$0,$0,$0,$0,$-70,$0,$0,$0,$-323,$-323,$0,$8,$-315,$-93,$15,$0
19,2013-12-31,29.53,$6.98,4.23,$9.01,3.28,$3.31,8.91,$1.22,24.15,$1.57B,$1.33B,1.18,$3.76B,$3.59B,1.05,$4.81B,$2.04B,42.33%,$4.81B,$1.06B,22.04%,$4.81B,$1.06B,22.04%,$4.81B,$1.46B,30.41%,$4.81B,$0.90B,18.65%,$4.81B,$0.65B,13.46%,$0.65B,$3.59B,18.51%,$0.65B,$-3.77B,-16.54%,$0.65B,$9.51B,6.83%,$1.06B,$7.34B,14.30%,$1263,$700,$563,$0,$266,$966,$297,$-40,$257,$110,$147,$220,$221,$399,$297,$525,532,$0.43,$0.43,$400,$0,$0,$1572,$266,$0,$7358,$317,$7941,$9513,$1332,$3756,$127,$4596,$5928,$4,$6598,$-60,$3585,$9513,$648,$403,$-16,$387,$-47,$0,$0,$14,$4,$1039,$-236,$0,$-30,$0,$4,$4,$114,$-148,$-338,$0,$-338,$-529,$-529,$0,$-6,$-873,$42,$46,$0
20,2013-09-30,25.26,$6.69,3.78,$8.72,2.9,$2.96,8.55,$1.13,22.31,$1.53B,$1.23B,1.24,$3.93B,$3.46B,1.14,$4.70B,$1.97B,41.97%,$4.70B,$1.05B,22.38%,$4.70B,$1.05B,22.38%,$4.70B,$1.44B,30.66%,$4.70B,$0.89B,18.95%,$4.70B,$0.61B,12.90%,$0.61B,$3.46B,17.52%,$0.61B,$-3.94B,-16.23%,$0.61B,$9.46B,6.56%,$1.05B,$7.39B,14.50%,$1201,$684,$517,$0,$237,$921,$280,$-41,$239,$79,$160,$161,$159,$381,$280,$520,527,$0.31,$0.30,$321,$0,$0,$1527,$259,$0,$7397,$273,$7929,$9456,$1228,$3929,$156,$4768,$5996,$2,$6377,$-63,$3460,$9456,$427,$301,$49,$350,$-7,$0,$0,$-77,$-96,$681,$-171,$0,$-30,$0,$2,$2,$115,$-84,$-255,$0,$-255,$-418,$-418,$0,$12,$-661,$-37,$37,$0
21,2013-06-30,21.85,$6.60,3.31,$8.47,2.58,$2.72,8.05,$1.09,20.14,$1.45B,$1.17B,1.24,$3.95B,$3.46B,1.14,$4.60B,$1.93B,41.83%,$4.60B,$1.04B,22.51%,$4.60B,$1.04B,22.51%,$4.60B,$1.41B,30.70%,$4.60B,$0.87B,18.86%,$4.60B,$0.59B,12.73%,$0.59B,$3.46B,17.19%,$0.59B,$-3.98B,-16.46%,$0.59B,$9.43B,6.52%,$1.04B,$7.41B,14.64%,$1198,$680,$518,$0,$245,$925,$273,$-41,$232,$81,$151,$152,$151,$376,$273,$530,537,$0.29,$0.28,$320,$0,$0,$1454,$255,$0,$7440,$285,$7980,$9434,$1173,$3951,$153,$4798,$5971,$2,$6218,$-67,$3463,$9434,$268,$200,$25,$225,$13,$0,$-40,$-69,$-96,$397,$-110,$0,$-16,$0,$0,$0,$116,$-10,$-234,$0,$-234,$-230,$-230,$0,$7,$-457,$-38,$26,$0
22,2013-03-31,21.97,$6.56,3.35,$8.21,2.68,$2.69,8.17,$1.10,20.06,$1.45B,$1.19B,1.22,$4.05B,$3.50B,1.16,$4.49B,$1.87B,41.59%,$4.49B,$1.02B,22.71%,$4.49B,$1.02B,22.71%,$4.49B,$1.38B,30.73%,$4.49B,$0.86B,19.04%,$4.49B,$0.60B,13.27%,$0.60B,$3.50B,17.76%,$0.60B,$-3.99B,-17.61%,$0.60B,$9.56B,6.83%,$1.02B,$7.54B,14.90%,$1152,$712,$440,$0,$229,$941,$211,$-41,$170,$58,$112,$117,$117,$308,$211,$534,541,$0.22,$0.22,$356,$0,$0,$1453,$258,$0,$7483,$369,$8110,$9563,$1190,$4047,$118,$4876,$6066,$2,$6067,$-62,$3497,$9563,$117,$97,$27,$124,$27,$0,$0,$-42,$-19,$222,$-58,$0,$-16,$0,$0,$0,$0,$-74,$-138,$0,$-138,$-54,$-54,$0,$4,$-188,$-2,$14,$0
23,2012-12-31,19.76,$6.40,3.09,$8.03,2.46,$2.70,7.33,$1.11,17.76,$1.44B,$1.11B,1.31,$3.23B,$3.42B,0.95,$4.44B,$1.87B,42.20%,$4.44B,$1.05B,23.62%,$4.44B,$1.05B,23.62%,$4.44B,$1.40B,31.51%,$4.44B,$0.88B,19.86%,$4.44B,$0.61B,13.77%,$0.61B,$3.42B,18.60%,$0.61B,$-3.03B,-18.93%,$0.61B,$8.50B,7.22%,$1.05B,$6.65B,15.96%,$1145,$649,$496,$0,$209,$858,$287,$-38,$249,$93,$156,$158,$179,$375,$287,$543,550,$0.34,$0.33,$358,$0,$0,$1443,$248,$0,$6449,$357,$7054,$8497,$1105,$3228,$109,$3975,$5080,$4,$5950,$-60,$3417,$8497,$611,$350,$-57,$293,$-12,$0,$0,$-66,$-78,$826,$-193,$0,$0,$0,$28,$28,$29,$-136,$-173,$0,$-173,$-538,$-538,$0,$5,$-706,$21,$44,$0
24,2012-09-30,18.51,$6.09,3.04,$7.88,2.35,$2.85,6.48,$1.04,17.88,$1.33B,$1.05B,1.26,$3.45B,$3.26B,1.06,$4.40B,$1.86B,42.33%,$4.40B,$1.04B,23.52%,$4.40B,$1.04B,23.52%,$4.40B,$1.38B,31.43%,$4.40B,$0.86B,19.60%,$4.40B,$0.58B,13.06%,$0.58B,$3.26B,17.71%,$0.58B,$-3.24B,-17.40%,$0.58B,$8.45B,6.78%,$1.04B,$6.71B,15.88%,$1107,$636,$471,$0,$206,$842,$265,$-48,$217,$80,$137,$140,$139,$354,$265,$540,546,$0.26,$0.26,$307,$0,$0,$1325,$256,$0,$6501,$371,$7128,$8453,$1051,$3447,$94,$4144,$5195,$2,$5771,$-61,$3258,$8453,$432,$262,$-82,$180,$24,$0,$-16,$-78,$-70,$542,$-145,$0,$0,$0,$27,$27,$-3,$-121,$48,$0,$48,$-500,$-500,$0,$1,$-451,$-30,$35,$0
25,2012-06-30,18.06,$6.00,3.01,$7.72,2.34,$3.07,5.88,$1.00,18.01,$1.28B,$1.24B,1.04,$3.24B,$3.25B,1.0,$4.36B,$1.83B,41.86%,$4.36B,$1.01B,23.26%,$4.36B,$1.01B,23.26%,$4.36B,$1.36B,31.17%,$4.36B,$0.82B,18.81%,$4.36B,$0.56B,12.91%,$0.56B,$3.25B,17.49%,$0.56B,$-3.28B,-16.70%,$0.56B,$8.42B,6.64%,$1.01B,$6.49B,15.56%,$1087,$626,$461,$0,$204,$830,$257,$-38,$219,$60,$159,$162,$161,$343,$257,$544,551,$0.30,$0.29,$302,$0,$0,$1283,$256,$0,$6532,$345,$7133,$8416,$1235,$3237,$81,$3928,$5163,$2,$5632,$-73,$3253,$8416,$293,$173,$8,$181,$61,$0,$0,$-67,$-94,$380,$-101,$0,$0,$0,$6,$6,$-2,$-97,$18,$0,$18,$-344,$-344,$0,$7,$-319,$-35,$25,$0
26,2012-03-31,17.35,$5.85,2.96,$7.59,2.29,$3.11,5.58,$0.87,20.05,$1.32B,$1.35B,0.97,$3.22B,$3.22B,1.0,$4.34B,$1.81B,41.61%,$4.34B,$1.01B,23.24%,$4.34B,$1.01B,23.24%,$4.34B,$1.36B,31.24%,$4.34B,$0.74B,17.13%,$4.34B,$0.49B,11.34%,$0.49B,$3.22B,15.48%,$0.49B,$-3.36B,-14.72%,$0.49B,$8.48B,5.81%,$1.01B,$6.43B,15.50%,$1097,$653,$444,$0,$205,$858,$239,$-43,$196,$67,$129,$132,$132,$326,$239,$555,562,$0.24,$0.24,$311,$0,$0,$1316,$260,$0,$6572,$336,$7168,$8484,$1353,$3218,$78,$3916,$5269,$2,$5471,$-62,$3215,$8484,$132,$87,$6,$93,$18,$0,$-9,$0,$9,$234,$-58,$0,$0,$0,$0,$0,$0,$-58,$0,$0,$0,$-208,$-208,$0,$4,$-204,$-26,$14,$0
27,2011-12-31,14.69,$5.81,2.53,$7.41,1.98,$3.18,4.61,$0.82,17.91,$1.36B,$1.38B,0.98,$3.22B,$3.26B,0.99,$4.29B,$1.79B,41.62%,$4.29B,$0.99B,23.08%,$4.29B,$0.99B,23.08%,$4.29B,$1.34B,31.13%,$4.29B,$0.72B,16.86%,$4.29B,$0.47B,11.00%,$0.47B,$3.26B,14.94%,$0.47B,$-3.34B,-14.35%,$0.47B,$8.55B,5.61%,$0.99B,$6.47B,15.19%,$1113,$625,$488,$0,$213,$838,$275,$-44,$231,$86,$145,$149,$143,$361,$275,$570,577,$0.26,$0.25,$337,$0,$0,$1356,$258,$0,$6601,$333,$7192,$8548,$1384,$3216,$73,$3906,$5290,$2,$5339,$-78,$3258,$8548,$472,$345,$148,$493,$-83,$0,$79,$-16,$-20,$945,$-190,$0,$-511,$0,$-4,$-4,$42,$-663,$-37,$0,$-37,$-460,$-460,$0,$-1,$-498,$-226,$39,$0
28,2011-09-30,12.69,$5.60,2.27,$7.26,1.75,$3.16,4.01,$0.76,16.65,$1.21B,$1.04B,1.16,$3.51B,$3.15B,1.12,$4.25B,$1.76B,41.42%,$4.25B,$0.98B,23.08%,$4.25B,$0.98B,23.08%,$4.25B,$1.33B,31.22%,$4.25B,$0.69B,16.10%,$4.25B,$0.45B,10.46%,$0.45B,$3.15B,14.12%,$0.45B,$-3.51B,-13.86%,$0.45B,$8.45B,5.33%,$0.98B,$6.67B,15.01%,$1063,$631,$432,$0,$189,$820,$243,$-69,$174,$55,$119,$127,$127,$329,$243,$564,570,$0.23,$0.22,$281,$0,$0,$1211,$262,$0,$6659,$319,$7240,$8451,$1042,$3514,$99,$4257,$5299,$2,$5196,$-79,$3152,$8451,$329,$259,$142,$401,$6,$0,$12,$-67,$-49,$681,$-144,$0,$-511,$0,$-4,$-4,$42,$-617,$84,$0,$84,$-421,$-421,$0,$-2,$-339,$-282,$29,$0
29,2011-06-30,15.66,$5.45,2.87,$7.09,2.21,$3.09,5.06,$0.76,20.67,$1.52B,$1.15B,1.32,$3.35B,$3.09B,1.09,$4.22B,$1.77B,41.89%,$4.22B,$0.99B,23.48%,$4.22B,$0.99B,23.48%,$4.22B,$1.34B,31.67%,$4.22B,$0.71B,16.91%,$4.22B,$0.45B,10.67%,$0.45B,$3.09B,14.19%,$0.45B,$-3.16B,-14.52%,$0.45B,$8.40B,5.37%,$0.99B,$6.44B,15.12%,$1065,$624,$441,$0,$190,$814,$251,$-109,$142,$49,$93,$97,$90,$339,$251,$570,577,$0.16,$0.16,$675,$0,$0,$1523,$272,$0,$6247,$354,$6873,$8396,$1154,$3350,$170,$4156,$5310,$2,$5069,$-47,$3086,$8396,$202,$173,$73,$246,$28,$0,$-2,$-56,$-30,$418,$-102,$0,$-49,$0,$0,$0,$-4,$-155,$241,$0,$241,$-383,$-383,$0,$-2,$-144,$112,$21,$0
30,2011-03-31,15.68,$5.46,2.87,$6.92,2.26,$3.11,5.04,$0.81,19.36,$1.35B,$0.95B,1.42,$3.35B,$3.14B,1.07,$4.17B,$1.76B,42.20%,$4.17B,$0.99B,23.72%,$4.17B,$0.99B,23.72%,$4.17B,$1.33B,31.87%,$4.17B,$0.78B,18.60%,$4.17B,$0.49B,11.67%,$0.49B,$3.14B,15.32%,$0.49B,$-3.15B,-15.68%,$0.49B,$8.26B,5.84%,$0.99B,$6.49B,15.08%,$1048,$624,$424,$0,$203,$827,$221,$-45,$176,$64,$112,$114,$112,$306,$221,$584,591,$0.19,$0.19,$517,$0,$0,$1346,$276,$0,$6283,$352,$6911,$8257,$946,$3352,$173,$4173,$5119,$2,$4979,$-41,$3138,$8257,$112,$85,$9,$94,$48,$0,$57,$-28,$77,$283,$-56,$0,$-49,$0,$0,$0,$-6,$-111,$0,$0,$0,$-220,$-220,$0,$2,$-218,$-46,$12,$0
31,2010-12-31,14.64,$5.50,2.66,$6.79,2.16,$3.08,4.75,$0.82,17.91,$1.42B,$0.89B,1.59,$3.35B,$3.23B,1.04,$4.13B,$1.75B,42.27%,$4.13B,$1.01B,24.36%,$4.13B,$1.01B,24.36%,$4.13B,$1.35B,32.57%,$4.13B,$0.79B,19.19%,$4.13B,$0.50B,12.00%,$0.50B,$3.23B,15.63%,$0.50B,$-3.03B,-15.87%,$0.50B,$8.28B,5.94%,$1.01B,$6.58B,15.34%,$1078,$613,$465,$0,$198,$811,$267,$-74,$193,$77,$116,$119,$116,$354,$267,$602,607,$0.20,$0.20,$563,$0,$0,$1417,$267,$0,$6256,$341,$6864,$8281,$891,$3353,$181,$4161,$5052,$2,$4867,$-50,$3229,$8281,$496,$339,$131,$470,$-12,$0,$0,$30,$-8,$958,$-175,$0,$-9,$0,$14,$14,$54,$-116,$-312,$0,$-312,$-351,$-351,$0,$-8,$-671,$200,$39,$0
32,2010-09-30,13.46,$5.40,2.49,$6.72,2.0,$2.84,4.73,$0.81,16.56,$1.73B,$1.11B,1.56,$3.45B,$3.23B,1.07,$4.12B,$1.73B,42.09%,$4.12B,$1.00B,24.19%,$4.12B,$1.00B,24.19%,$4.12B,$1.33B,32.38%,$4.12B,$0.81B,19.55%,$4.12B,$0.50B,12.10%,$0.50B,$3.23B,15.94%,$0.50B,$-3.06B,-15.53%,$0.50B,$8.61B,5.95%,$1.00B,$6.68B,15.27%,$1025,$589,$436,$0,$185,$774,$251,$-49,$202,$73,$129,$134,$132,$336,$251,$599,604,$0.22,$0.22,$743,$0,$0,$1733,$270,$0,$6288,$323,$6881,$8614,$1114,$3453,$202,$4272,$5386,$2,$4751,$-69,$3228,$8614,$380,$252,$39,$291,$17,$0,$-22,$-12,$-17,$654,$-129,$0,$-9,$0,$0,$0,$-4,$-142,$66,$0,$66,$-213,$-213,$0,$-8,$-155,$380,$29,$0
33,2010-06-30,11.42,$5.20,2.2,$6.62,1.72,$2.76,4.14,$0.78,14.63,$1.15B,$0.85B,1.36,$3.38B,$3.12B,1.08,$4.08B,$1.71B,41.87%,$4.08B,$0.98B,23.90%,$4.08B,$0.98B,23.90%,$4.08B,$1.31B,32.13%,$4.08B,$0.78B,19.15%,$4.08B,$0.48B,11.78%,$0.48B,$3.12B,15.80%,$0.48B,$-3.20B,-14.53%,$0.48B,$8.18B,5.66%,$0.98B,$6.50B,14.96%,$1022,$586,$436,$0,$185,$771,$251,$-46,$205,$78,$127,$130,$127,$334,$251,$606,610,$0.21,$0.21,$338,$0,$0,$1146,$273,$0,$6316,$447,$7036,$8182,$846,$3381,$249,$4215,$5061,$2,$4619,$-76,$3121,$8182,$248,$167,$21,$188,$58,$0,$-43,$-20,$-5,$431,$-84,$0,$-8,$0,$0,$0,$14,$-78,$-202,$0,$-202,$-176,$-176,$0,$5,$-373,$-25,$20,$0
34,2010-03-31,12.69,$5.11,2.48,$6.55,1.94,$2.67,4.76,$0.80,15.91,$1.24B,$0.99B,1.26,$3.38B,$3.12B,1.08,$4.06B,$1.68B,41.46%,$4.06B,$0.96B,23.61%,$4.06B,$0.96B,23.61%,$4.06B,$1.30B,31.88%,$4.06B,$0.76B,18.61%,$4.06B,$0.49B,12.16%,$0.49B,$3.12B,16.61%,$0.49B,$-3.22B,-14.44%,$0.49B,$8.31B,5.65%,$0.96B,$6.50B,14.65%,$1008,$598,$410,$0,$172,$770,$238,$-45,$193,$73,$120,$123,$121,$322,$238,$610,615,$0.20,$0.20,$416,$0,$0,$1244,$281,$0,$6339,$445,$7065,$8309,$990,$3381,$237,$4201,$5191,$2,$4492,$-70,$3118,$8309,$121,$84,$7,$91,$39,$0,$0,$-2,$48,$260,$-42,$0,$0,$0,$0,$0,$7,$-35,$-126,$0,$-126,$-50,$-50,$0,$5,$-171,$53,$10,$0
35,2009-12-31,12.12,$4.94,2.45,$6.55,1.85,$2.61,4.64,$0.77,15.84,$1.28B,$1.16B,1.1,$3.38B,$3.03B,1.12,$4.08B,$1.70B,41.62%,$4.08B,$0.95B,23.20%,$4.08B,$0.95B,23.20%,$4.08B,$1.28B,31.37%,$4.08B,$0.73B,18.00%,$4.08B,$0.48B,11.68%,$0.48B,$3.03B,16.58%,$0.48B,$-3.35B,-13.35%,$0.48B,$8.38B,5.29%,$0.95B,$6.41B,14.47%,$1062,$611,$451,$0,$195,$806,$256,$-51,$205,$79,$126,$128,$118,$341,$256,$618,622,$0.20,$0.19,$363,$0,$0,$1277,$293,$0,$6377,$431,$7101,$8378,$1161,$3382,$229,$4191,$5352,$2,$4371,$-69,$3026,$8378,$476,$333,$84,$417,$44,$0,$-71,$-16,$-43,$850,$-198,$0,$0,$0,$0,$0,$-50,$-248,$-475,$0,$-475,$-130,$-130,$0,$4,$-601,$133,$36,$0
36,2009-09-30,12.05,$4.73,2.55,$6.30,1.91,$2.43,4.96,$0.67,17.92,$2.00B,$1.59B,1.26,$3.77B,$2.91B,1.3,$3.97B,$1.67B,42.03%,$3.97B,$0.92B,23.30%,$3.97B,$0.92B,23.30%,$3.97B,$1.26B,31.67%,$3.97B,$0.66B,16.72%,$3.97B,$0.42B,10.59%,$0.42B,$2.91B,15.20%,$0.42B,$-3.47B,-11.36%,$0.42B,$9.10B,4.55%,$0.92B,$6.69B,14.12%,$992,$579,$413,$0,$182,$761,$231,$-52,$179,$60,$119,$124,$115,$315,$231,$616,621,$0.19,$0.19,$278,$0,$0,$1995,$288,$0,$6388,$425,$7101,$9096,$1589,$3773,$252,$4593,$6182,$2,$4253,$-89,$2914,$9096,$358,$248,$54,$302,$80,$0,$0,$-46,$-21,$639,$-151,$0,$0,$0,$0,$0,$-62,$-213,$-334,$0,$-334,$-98,$-98,$0,$4,$-428,$48,$28,$0
37,2009-06-30,11.43,$4.58,2.5,$6.29,1.82,$2.32,4.94,$0.61,18.81,$2.07B,$1.78B,1.16,$3.75B,$2.84B,1.32,$4.01B,$1.67B,41.63%,$4.01B,$0.91B,22.68%,$4.01B,$0.91B,22.68%,$4.01B,$1.24B,30.86%,$4.01B,$0.66B,16.53%,$4.01B,$0.38B,9.55%,$0.38B,$2.84B,14.04%,$0.38B,$-3.64B,-10.19%,$0.38B,$9.19B,4.09%,$0.91B,$6.59B,13.73%,$1000,$590,$410,$0,$176,$766,$234,$-55,$179,$68,$111,$115,$140,$317,$234,$620,623,$0.23,$0.23,$309,$0,$0,$2073,$292,$0,$6475,$350,$7117,$9190,$1781,$3751,$279,$4573,$6354,$2,$4138,$-93,$2836,$9190,$243,$164,$-2,$162,$80,$0,$0,$-32,$-10,$395,$-98,$0,$0,$0,$0,$0,$5,$-93,$-228,$0,$-228,$-46,$-46,$0,$5,$-269,$76,$20,$0
38,2009-03-31,9.12,$4.35,2.1,$6.64,1.37,$2.30,3.97,$0.53,17.12,$2.19B,$2.04B,1.07,$3.75B,$2.71B,1.39,$4.30B,$1.70B,39.57%,$4.30B,$0.90B,20.98%,$4.30B,$0.90B,20.98%,$4.30B,$1.25B,28.93%,$4.30B,$0.65B,15.10%,$4.30B,$0.34B,7.97%,$0.34B,$2.71B,12.56%,$0.34B,$-3.79B,-8.76%,$0.34B,$9.34B,3.58%,$0.90B,$6.46B,13.36%,$1023,$600,$423,$0,$198,$798,$225,$-54,$171,$66,$105,$106,$103,$306,$225,$622,624,$0.17,$0.17,$312,$0,$0,$2187,$294,$0,$6501,$354,$7149,$9336,$2040,$3752,$309,$4588,$6628,$2,$3998,$-106,$2708,$9336,$103,$81,$16,$97,$0,$0,$52,$-8,$31,$231,$-45,$0,$0,$0,$0,$0,$3,$-42,$-101,$0,$-101,$-15,$-15,$0,$4,$-112,$77,$11,$0
39,2008-12-31,9.09,$4.16,2.19,$6.98,1.3,$2.26,4.03,$0.87,10.51,$2.20B,$2.04B,1.08,$3.85B,$2.59B,1.48,$4.59B,$1.72B,37.52%,$4.59B,$0.91B,19.80%,$4.59B,$0.91B,19.80%,$4.59B,$1.26B,27.43%,$4.59B,$0.64B,13.95%,$4.59B,$0.57B,12.40%,$0.57B,$2.59B,20.86%,$0.57B,$-3.88B,-13.96%,$0.57B,$9.33B,5.76%,$0.91B,$6.44B,13.17%,$951,$530,$421,$0,$187,$717,$234,$-100,$134,$55,$79,$82,$62,$318,$234,$648,652,$0.11,$0.11,$230,$0,$0,$2202,$298,$0,$6478,$353,$7129,$9331,$2040,$3850,$310,$4697,$6737,$2,$3895,$-120,$2594,$9331,$569,$350,$-165,$185,$-39,$0,$0,$7,$12,$766,$-198,$0,$412,$0,$0,$0,$-9,$205,$-1303,$0,$-1303,$-404,$-404,$0,$2,$-1705,$-65,$34,$0
40,2008-09-30,11.83,$4.30,2.75,$6.81,1.74,$1.97,6.01,$0.91,12.96,$2.46B,$1.82B,1.35,$4.25B,$2.78B,1.53,$4.51B,$1.62B,35.89%,$4.51B,$0.86B,19.06%,$4.51B,$0.86B,19.06%,$4.51B,$1.17B,26.03%,$4.51B,$0.65B,14.51%,$4.51B,$0.60B,13.38%,$0.60B,$2.78B,22.37%,$0.60B,$-3.72B,-14.14%,$0.60B,$9.59B,5.74%,$0.86B,$7.03B,12.06%,$1038,$622,$416,$0,$199,$821,$217,$-38,$179,$107,$72,$75,$78,$297,$217,$650,655,$0.12,$0.12,$472,$0,$0,$2456,$302,$0,$6497,$333,$7132,$9588,$1818,$4251,$182,$4995,$6813,$2,$3833,$-56,$2775,$9588,$507,$266,$-196,$70,$0,$0,$-1,$-43,$0,$577,$-138,$0,$473,$0,$0,$0,$-18,$317,$-1148,$0,$-1148,$-210,$-210,$0,$-3,$-1361,$173,$26,$0
41,2008-06-30,11.34,$4.33,2.62,$6.61,1.72,$1.74,6.5,$0.98,11.63,$2.53B,$2.25B,1.13,$4.25B,$2.85B,1.49,$4.39B,$1.51B,34.45%,$4.39B,$0.83B,18.99%,$4.39B,$0.83B,18.99%,$4.39B,$1.11B,25.25%,$4.39B,$0.66B,14.91%,$4.39B,$0.65B,14.71%,$0.65B,$2.85B,24.87%,$0.65B,$-4.27B,-18.54%,$0.65B,$10.10B,6.67%,$0.83B,$7.10B,13.48%,$1292,$849,$443,$0,$216,$1065,$227,$-61,$166,$64,$102,$102,$100,$324,$227,$654,659,$0.15,$0.15,$211,$0,$0,$2531,$332,$0,$7117,$122,$7571,$10102,$2250,$4253,$169,$5004,$7254,$2,$3754,$-44,$2848,$10102,$429,$186,$-206,$-20,$2,$0,$-8,$-8,$-14,$395,$-92,$0,$-35,$0,$0,$0,$-28,$-155,$-892,$0,$-892,$-69,$-69,$0,$-5,$-966,$-86,$18,$0
42,2008-03-31,12.02,$4.11,2.93,$6.03,1.99,$1.55,7.76,$0.99,12.21,$2.91B,$2.73B,1.07,$4.31B,$2.69B,1.6,$4.04B,$1.39B,34.29%,$4.04B,$0.79B,19.53%,$4.04B,$0.79B,19.53%,$4.04B,$1.01B,25.03%,$4.04B,$0.66B,16.34%,$4.04B,$0.65B,16.19%,$0.65B,$2.69B,26.34%,$0.65B,$-4.43B,-25.50%,$0.65B,$10.52B,7.45%,$0.79B,$7.00B,15.08%,$1306,$865,$441,$0,$211,$1076,$230,$-69,$161,$62,$99,$99,$329,$319,$230,$656,662,$0.50,$0.50,$371,$0,$0,$2911,$360,$0,$7123,$126,$7609,$10520,$2730,$4308,$226,$5098,$7828,$2,$3655,$-77,$2692,$10520,$329,$89,$-216,$-127,$-2,$0,$14,$5,$17,$219,$-50,$0,$-17,$0,$0,$0,$-30,$-97,$-632,$0,$-632,$-78,$-78,$0,$5,$-705,$74,$8,$0
43,2007-12-31,13.87,$3.74,3.71,$5.42,2.56,$1.46,9.48,$0.65,21.26,$4.24B,$3.75B,1.13,$4.90B,$2.47B,1.98,$3.68B,$1.25B,33.97%,$3.68B,$0.74B,20.02%,$3.68B,$0.74B,20.02%,$3.68B,$0.91B,24.80%,$3.68B,$0.67B,18.14%,$3.68B,$0.44B,11.94%,$0.44B,$2.47B,18.16%,$0.44B,$-4.64B,-27.36%,$0.44B,$11.85B,5.68%,$0.74B,$7.36B,17.14%,$870,$553,$317,$0,$132,$685,$185,$-37,$148,$56,$92,$92,$96,$233,$185,$666,675,$0.15,$0.14,$297,$0,$0,$4240,$370,$0,$7107,$129,$7606,$11846,$3751,$4895,$159,$5628,$9379,$2,$3326,$-41,$2467,$11846,$439,$176,$-25,$151,$-41,$0,$0,$-24,$-43,$547,$-152,$0,$-4333,$0,$0,$0,$19,$-4466,$4462,$0,$4462,$-419,$-419,$0,$-9,$4034,$180,$23,$0
44,2007-09-30,12.72,$3.62,3.51,$5.85,2.17,$1.42,8.93,$0.66,19.27,$3.00B,$2.74B,1.1,$0.91B,$2.38B,0.38,$4.01B,$1.27B,31.66%,$4.01B,$0.73B,18.28%,$4.01B,$0.73B,18.28%,$4.01B,$0.89B,22.27%,$4.01B,$0.69B,17.25%,$4.01B,$0.45B,11.21%,$0.45B,$2.38B,18.65%,$0.45B,$-0.60B,-96.35%,$0.45B,$6.28B,7.09%,$0.73B,$3.29B,22.54%,$924,$612,$312,$0,$120,$732,$192,$-12,$180,$68,$112,$112,$121,$233,$192,$659,666,$0.18,$0.18,$161,$0,$0,$3001,$238,$0,$2978,$61,$3277,$6278,$2737,$911,$61,$1159,$3896,$2,$3230,$-10,$2382,$6278,$343,$128,$-7,$121,$-24,$0,$2,$-35,$-57,$407,$-111,$0,$-93,$0,$0,$0,$0,$-204,$198,$0,$198,$-428,$-428,$0,$1,$-229,$16,$19,$0
45,2007-06-30,14.2,$3.58,3.96,$6.06,2.34,$1.39,10.19,$0.64,22.36,$3.18B,$2.93B,1.08,$0.88B,$2.39B,0.37,$4.20B,$1.28B,30.35%,$4.20B,$0.72B,17.13%,$4.20B,$0.72B,17.13%,$4.20B,$0.89B,21.10%,$4.20B,$0.68B,16.18%,$4.20B,$0.44B,10.42%,$0.44B,$2.39B,18.07%,$0.44B,$-0.59B,-96.80%,$0.44B,$6.45B,6.94%,$0.72B,$3.27B,22.20%,$939,$624,$315,$0,$133,$757,$182,$-11,$171,$66,$105,$105,$108,$226,$182,$670,680,$0.16,$0.16,$152,$0,$0,$3176,$238,$0,$2984,$55,$3277,$6453,$2930,$880,$55,$1131,$4061,$2,$3109,$0,$2392,$6453,$222,$87,$-17,$70,$8,$0,$-19,$-23,$-34,$258,$-78,$0,$-45,$0,$0,$0,$0,$-123,$128,$0,$128,$-291,$-291,$0,$3,$-160,$7,$16,$0
46,2007-03-31,13.27,$3.59,3.7,$6.16,2.15,$1.39,9.57,$0.64,20.73,$0.98B,$0.88B,1.11,$0.82B,$2.43B,0.34,$4.32B,$1.28B,29.50%,$4.32B,$0.72B,16.54%,$4.32B,$0.72B,16.54%,$4.32B,$0.88B,20.31%,$4.32B,$0.68B,15.62%,$4.32B,$0.45B,10.37%,$0.45B,$2.43B,18.48%,$0.45B,$-0.59B,-102.87%,$0.45B,$6.36B,7.10%,$0.72B,$3.25B,22.21%,$944,$639,$305,$0,$128,$767,$177,$-9,$168,$65,$103,$103,$114,$220,$177,$680,690,$0.17,$0.17,$201,$0,$0,$976,$246,$2120,$3021,$0,$5387,$6363,$880,$822,$2075,$3053,$3933,$2,$3000,$-0,$2430,$6363,$114,$43,$-8,$35,$7,$0,$13,$-7,$13,$162,$-45,$0,$-44,$0,$0,$0,$0,$-89,$74,$0,$74,$-128,$-128,$0,$-5,$-59,$24,$11,$0
47,2006-12-31,13.11,$3.54,3.7,$6.30,2.08,$1.41,9.27,$0.64,20.64,$3.48B,$2.85B,1.22,$0.75B,$2.43B,0.31,$4.48B,$1.31B,29.25%,$4.48B,$0.73B,16.34%,$4.48B,$0.73B,16.34%,$4.48B,$0.90B,20.07%,$4.48B,$0.69B,15.51%,$4.48B,$0.45B,10.06%,$0.45B,$2.43B,18.65%,$0.45B,$-0.09B,-108.89%,$0.45B,$6.25B,7.21%,$0.73B,$3.17B,22.90%,$1198,$862,$336,$0,$154,$1016,$181,$-9,$172,$66,$106,$106,$106,$213,$181,$700,700,$0.15,$0.15,$117,$0,$0,$3480,$220,$0,$2511,$41,$2772,$6252,$2850,$745,$62,$976,$3826,$2,$2887,$0,$2426,$6252,$450,$167,$-30,$137,$-54,$0,$0,$-3,$-46,$541,$-160,$0,$-187,$0,$0,$0,$-1,$-348,$138,$0,$138,$-524,$-524,$0,$13,$-373,$-30,$26,$0
