,Date,Stock Price,Book Value per Share,Price to Book Ratio,TTM Sales per Share,Price to Sales Ratio,TTM FCF per Share,Price to FCF Ratio,TTM Net EPS,PE Ratio,Current Assets,Current Liabilities,Current Ratio,Long Term Debt,Shareholder's Equity_x,Debt to Equity Ratio,TTM Revenue_x,TTM Gross Profit,Gross Margin,TTM Revenue_y,TTM Operating Income,Operating Margin,TTM Revenue_x,TTM EBIT,EBIT Margin,TTM Revenue_y,TTM EBITDA,EBITDA Margin,TTM Revenue_x,TTM Pre-Tax Income,Pre-Tax Margin,TTM Revenue_y,TTM Net Income_x,Net Margin,TTM Net Income_y,Shareholder's Equity_y,Return on Equity,TTM Net Income_x,Tangible Equity,Return on Tangible Equity,TTM Net Income_y,Total Assets,Return on Assets,TTM Net Income,LT Investments & Debt,Return on Investment,revenue,cost-goods-sold,gross-profit,research-development-expenses,selling-general-administrative-expenses,operating-expenses,operating-income,total-non-operating-income-expense,pre-tax-income,total-provision-income-taxes,income-after-taxes,income-from-continuous-operations,net-income,ebitda,ebit,basic-shares-outstanding,shares-outstanding,eps-basic-net-earnings-per-share,eps-earnings-per-share-diluted,cash-on-hand,inventory,other-current-assets,total-current-assets,net-property-plant-equipment,long-term-investments,goodwill-intangible-assets-total,other-long-term-assets,total-long-term-assets,total-assets,total-current-liabilities,long-term-debt,other-non-current-liabilities,total-long-term-liabilities,total-liabilities,common-stock-net,retained-earnings-accumulated-deficit,comprehensive-income,total-share-holder-equity,total-liabilities-share-holders-equity,net-income-loss,total-depreciation-amortization-cash-flow,other-non-cash-items,total-non-cash-items,change-in-accounts-receivable,change-in-inventories,change-in-accounts-payable,change-in-assets-liabilities,total-change-in-assets-liabilities,cash-flow-from-operating-activities,net-change-in-property-plant-equipment,net-change-in-intangible-assets,net-acquisitions-divestitures,net-change-in-short-term-investments,net-change-in-long-term-investments,net-change-in-investments-total,investing-activities-other,cash-flow-from-investing-activities,net-long-term-debt,net-current-debt,debt-issuance-retirement-net-total,net-common-equity-issued-repurchased,net-total-equity-issued-repurchased,total-common-preferred-stock-dividends-paid,financial-activities-other,cash-flow-from-financial-activities,net-cash-flow,stock-based-compensation,common-stock-dividends-paid
0,2018-09-30,27.92,$23.97,1.17,$10.98,2.54,$6.59,4.24,$3.05,9.15,$96.81B,$108.93B,0.89,$14.46B,$14.52B,1.0,$7.73B,$6.81B,88.09%,$7.73B,$2.43B,31.49%,$7.73B,0,0.00%,$7.73B,0,0.00%,$7.73B,$2.43B,31.49%,$7.73B,$2.13B,27.58%,$2.13B,$15.85B,13.18%,$2.13B,$12.35B,16.72%,$2.13B,$141.69B,1.51%,$2.43B,$30.31B,7.90%,$1878,$272,$1606,$0,$1094,$1366,$512,$0,$512,$79,$433,$433,$418,$0,$0,$668,679,$0.62,$0.61,$3798,$0,$0,$96813,$1896,$32326,$3500,$7150,$44872,$141685,$108927,$14460,$2448,$16908,$125835,$2051,$16440,$-775,$15850,$141685,$1721,$275,$-306,$-31,$-257,$131,$0,$361,$237,$1927,$-65,$-82,$-20,$1324,$-999,$325,$-1059,$-901,$-336,$-756,$-1092,$-1053,$-1053,$-407,$1112,$-1440,$-414,$106,$-347
1,2018-06-30,28.7,$23.96,1.2,$11.92,2.41,$5.33,5.38,$3.79,7.57,$95.61B,$107.70B,0.89,$14.32B,$14.92B,0.96,$8.56B,$7.73B,90.30%,$8.56B,$3.41B,39.83%,$8.56B,0,0.00%,$8.56B,0,0.00%,$8.56B,$3.41B,39.83%,$8.56B,$2.71B,31.68%,$2.71B,$16.25B,16.63%,$2.71B,$12.80B,20.97%,$2.71B,$140.70B,1.91%,$3.41B,$30.57B,11.06%,$2012,$249,$1763,$0,$1070,$1319,$693,$0,$693,$107,$586,$586,$557,$0,$0,$683,696,$0.81,$0.80,$3968,$0,$0,$95606,$1915,$32455,$3451,$7268,$45089,$140695,$107697,$14321,$2425,$16746,$124443,$2051,$16143,$-552,$16252,$140695,$1290,$226,$-411,$-185,$-300,$151,$0,$367,$188,$1293,$-73,$-50,$-20,$1117,$-909,$208,$419,$484,$-502,$-1826,$-2328,$-553,$-553,$-261,$903,$-2239,$-462,$80,$-223
2,2018-03-31,31.55,$23.66,1.33,$11.25,2.81,$4.25,7.42,$3.44,9.17,$95.91B,$108.08B,0.89,$14.80B,$14.87B,1.0,$8.22B,$7.47B,90.90%,$8.22B,$3.21B,39.07%,$8.22B,0,0.00%,$8.22B,0,0.00%,$8.22B,$3.21B,39.07%,$8.22B,$2.50B,30.36%,$2.50B,$16.20B,15.26%,$2.50B,$12.79B,19.16%,$2.50B,$141.50B,1.76%,$3.21B,$31.00B,10.48%,$2115,$210,$1905,$0,$1069,$1279,$836,$0,$836,$132,$704,$704,$689,$0,$0,$690,704,$0.99,$0.97,$4356,$0,$0,$95905,$1966,$32260,$3418,$7951,$45595,$141500,$108078,$14800,$2418,$17218,$125296,$2051,$15707,$-389,$16204,$141500,$704,$93,$-312,$-219,$-254,$-74,$0,$303,$-220,$265,$-31,$-24,$-20,$1006,$-717,$289,$-51,$163,$-41,$-2673,$-2714,$-318,$-318,$-135,$2263,$-904,$-476,$45,$-112
3,2017-12-31,30.0,$23.62,1.27,$10.36,2.9,$4.55,6.59,$2.85,10.53,$97.03B,$108.76B,0.89,$14.90B,$15.05B,0.99,$7.71B,$7.02B,91.04%,$7.71B,$2.77B,35.93%,$7.71B,0,0.00%,$7.71B,0,0.00%,$7.71B,$2.77B,35.93%,$7.71B,$2.10B,27.17%,$2.10B,$16.39B,12.77%,$2.10B,$13.06B,15.95%,$2.10B,$142.19B,1.48%,$2.77B,$31.29B,9.11%,$1721,$189,$1532,$0,$1140,$1329,$392,$0,$392,$-116,$508,$508,$467,$0,$0,$728,741,$0.67,$0.65,$5759,$0,$0,$97025,$2003,$32214,$3330,$7621,$45168,$142193,$108760,$14904,$2144,$17048,$125808,$2051,$15122,$73,$16385,$142193,$2194,$341,$-751,$-410,$291,$-442,$0,$-1,$-290,$1494,$-191,$-109,$-44,$1,$-324,$-323,$1081,$414,$521,$519,$1040,$-1605,$-1605,$-505,$-716,$-1786,$122,$118,$-430
4,2017-09-30,27.52,$23.22,1.19,$10.22,2.69,$5.25,5.24,$2.67,10.31,$97.74B,$109.33B,0.89,$14.04B,$15.05B,0.93,$7.66B,$7.01B,91.51%,$7.66B,$2.89B,37.68%,$7.66B,0,0.00%,$7.66B,0,0.00%,$7.66B,$2.89B,37.68%,$7.66B,$1.99B,25.95%,$1.99B,$16.38B,12.14%,$1.99B,$13.09B,15.14%,$1.99B,$142.26B,1.41%,$2.89B,$30.42B,9.54%,$2713,$182,$2531,$0,$1042,$1224,$1489,$0,$1489,$475,$1014,$1014,$999,$0,$0,$721,733,$1.37,$1.35,$6353,$0,$0,$97742,$2018,$31505,$3289,$7710,$44522,$142264,$109329,$14039,$2516,$16555,$125884,$2051,$14748,$185,$16380,$142264,$1685,$255,$-698,$-443,$51,$-430,$0,$77,$-14,$1228,$-136,$-109,$-12,$-544,$435,$-109,$1280,$914,$-350,$2139,$1789,$-1332,$-1332,$-377,$-2409,$-2329,$-187,$95,$-339
5,2017-06-30,25.39,$22.26,1.14,$9.02,2.81,$5.07,5.01,$1.97,12.89,$96.19B,$109.00B,0.88,$13.46B,$15.12B,0.89,$6.85B,$6.23B,90.96%,$6.85B,$2.09B,30.56%,$6.85B,0,0.00%,$6.85B,0,0.00%,$6.85B,$2.09B,30.56%,$6.85B,$1.49B,21.77%,$1.49B,$16.45B,9.04%,$1.49B,$13.16B,11.20%,$1.49B,$141.07B,1.05%,$2.09B,$29.90B,6.73%,$1670,$167,$1503,$0,$1009,$1176,$494,$0,$494,$127,$367,$367,$340,$0,$0,$741,752,$0.46,$0.45,$5208,$0,$0,$96194,$2041,$31849,$3290,$7693,$44873,$141067,$109003,$13456,$2162,$15618,$124621,$2051,$13862,$163,$16446,$141067,$672,$170,$296,$466,$6,$-427,$0,$170,$-496,$642,$-136,$-109,$-12,$591,$-17,$574,$533,$850,$-934,$1839,$905,$-342,$-342,$-273,$-1971,$-1681,$-189,$69,$-235
6,2017-03-31,24.7,$21.94,1.13,$8.96,2.76,$5.11,4.83,$1.92,12.87,$95.54B,$107.98B,0.89,$13.66B,$15.13B,0.9,$6.82B,$6.23B,91.26%,$6.82B,$2.03B,29.69%,$6.82B,0,0.00%,$6.82B,0,0.00%,$6.82B,$2.03B,29.69%,$6.82B,$1.46B,21.34%,$1.46B,$16.46B,8.79%,$1.46B,$13.25B,10.83%,$1.46B,$140.20B,1.02%,$2.03B,$30.12B,6.36%,$1609,$153,$1456,$0,$1060,$1213,$396,$0,$396,$91,$305,$305,$290,$0,$0,$748,761,$0.38,$0.38,$4538,$0,$0,$95544,$2052,$31557,$3206,$7841,$44656,$140200,$107981,$13658,$2104,$15762,$123743,$2051,$13625,$68,$16457,$140200,$305,$89,$160,$249,$110,$-277,$0,$285,$-24,$530,$-52,$-29,$0,$1110,$-180,$930,$464,$1313,$-714,$-1497,$-2211,$0,$0,$-144,$325,$-2030,$-187,$45,$-106
7,2016-12-31,26.09,$21.63,1.21,$8.99,2.9,$4.89,5.33,$1.94,13.45,$97.15B,$109.29B,0.89,$14.39B,$14.90B,0.97,$6.89B,$6.31B,91.61%,$6.89B,$2.07B,29.98%,$6.89B,0,0.00%,$6.89B,0,0.00%,$6.89B,$2.07B,29.98%,$6.89B,$1.47B,21.40%,$1.47B,$16.23B,8.91%,$1.47B,$13.06B,10.96%,$1.47B,$142.18B,1.03%,$2.07B,$30.62B,6.41%,$1672,$149,$1523,$0,$1014,$1163,$509,$0,$509,$115,$394,$394,$360,$0,$0,$757,764,$0.49,$0.49,$5556,$0,$0,$97152,$2065,$31209,$3169,$8582,$45025,$142177,$109288,$14388,$2269,$16657,$125945,$2051,$13441,$59,$16232,$142177,$1560,$453,$126,$579,$-220,$-23,$0,$375,$-25,$2114,$-230,$0,$0,$-83,$-2536,$-2619,$-38,$-2887,$-1384,$2009,$625,$-661,$-661,$-454,$1115,$625,$-148,$111,$-402
8,2016-09-30,19.69,$22.24,0.89,$9.45,2.08,$5.16,3.81,$2.24,8.79,$98.53B,$107.07B,0.92,$16.89B,$15.47B,1.09,$7.35B,$6.79B,92.38%,$7.35B,$2.50B,34.07%,$7.35B,0,0.00%,$7.35B,0,0.00%,$7.35B,$2.50B,34.07%,$7.35B,$1.74B,23.70%,$1.74B,$16.80B,10.59%,$1.74B,$13.76B,13.06%,$1.74B,$143.28B,1.22%,$2.50B,$33.69B,7.70%,$1897,$150,$1747,$0,$1053,$1203,$694,$0,$694,$178,$516,$516,$501,$0,$0,$751,758,$0.66,$0.65,$5590,$0,$0,$98529,$2084,$30745,$3045,$8876,$44750,$143279,$107069,$16890,$2516,$19406,$126475,$2051,$13180,$755,$16804,$143279,$1166,$341,$376,$717,$-447,$-42,$0,$144,$-683,$1200,$-212,$0,$0,$-324,$-693,$-1017,$-978,$-2207,$958,$1962,$2920,$-506,$-506,$-355,$-1428,$631,$-376,$86,$-303
9,2016-06-30,16.82,$21.86,0.77,$9.11,1.85,$5.58,3.02,$2.04,8.25,$98.07B,$108.15B,0.91,$16.23B,$15.42B,1.05,$7.19B,$6.66B,92.56%,$7.19B,$2.33B,32.33%,$7.19B,0,0.00%,$7.19B,0,0.00%,$7.19B,$2.33B,32.33%,$7.19B,$1.60B,22.29%,$1.60B,$16.75B,9.89%,$1.60B,$13.71B,12.26%,$1.60B,$143.63B,1.13%,$2.33B,$32.99B,7.28%,$1645,$144,$1501,$0,$1074,$1218,$427,$0,$427,$103,$324,$324,$305,$0,$0,$759,765,$0.40,$0.39,$4578,$0,$0,$98065,$2144,$31517,$3047,$8852,$45560,$143625,$108145,$16231,$2495,$18726,$126871,$2051,$12778,$889,$16754,$143625,$650,$228,$395,$623,$-333,$-14,$0,$125,$-571,$702,$-154,$0,$0,$853,$-1384,$-531,$-1579,$-2264,$287,$2429,$2716,$-265,$-265,$-240,$-830,$1381,$-181,$63,$-202
10,2016-03-31,15.84,$21.23,0.75,$8.87,1.78,$5.94,2.67,$2.00,7.92,$97.59B,$108.14B,0.9,$15.31B,$15.02B,1.02,$7.11B,$6.60B,92.87%,$7.11B,$2.32B,32.58%,$7.11B,0,0.00%,$7.11B,0,0.00%,$7.11B,$2.32B,32.58%,$7.11B,$1.59B,22.33%,$1.59B,$16.36B,9.96%,$1.59B,$13.24B,12.46%,$1.59B,$142.43B,1.12%,$2.32B,$31.66B,7.47%,$1675,$135,$1540,$0,$1105,$1240,$435,$0,$435,$109,$326,$326,$308,$0,$0,$774,778,$0.40,$0.40,$4481,$0,$0,$97594,$2185,$29955,$3112,$9584,$44836,$142430,$108143,$15305,$2627,$17932,$126075,$2051,$12570,$684,$16355,$142430,$326,$110,$231,$341,$-62,$-20,$0,$231,$-272,$395,$-76,$0,$0,$893,$-855,$38,$-1146,$-1184,$-594,$1999,$1405,$-240,$-240,$-117,$-501,$547,$-242,$26,$-102
11,2015-12-31,18.92,$20.21,0.94,$8.67,2.18,$6.08,3.11,$2.04,9.28,$97.81B,$107.03B,0.91,$15.81B,$14.54B,1.09,$7.03B,$6.54B,92.96%,$7.03B,$2.37B,33.64%,$7.03B,0,0.00%,$7.03B,0,0.00%,$7.03B,$2.37B,33.64%,$7.03B,$1.62B,23.07%,$1.62B,$15.87B,10.25%,$1.62B,$12.66B,12.88%,$1.62B,$141.05B,1.15%,$2.37B,$31.68B,7.74%,$2133,$131,$2002,$0,$1054,$1185,$948,$0,$948,$293,$655,$655,$628,$0,$0,$799,808,$0.79,$0.78,$5597,$0,$0,$97810,$2239,$29114,$3213,$8672,$43238,$141048,$107027,$15810,$2341,$18151,$125178,$2051,$12358,$197,$15870,$141048,$1706,$441,$213,$654,$-138,$-34,$0,$-97,$58,$2418,$-212,$0,$0,$5243,$-6923,$-1680,$-2039,$-3931,$886,$-42,$844,$-850,$-850,$-497,$1465,$962,$-551,$100,$-422
12,2015-09-30,17.69,$19.94,0.89,$8.01,2.21,$5.51,3.21,$1.68,10.53,$98.13B,$107.92B,0.91,$15.53B,$14.53B,1.07,$6.56B,$6.07B,92.50%,$6.56B,$1.94B,29.52%,$6.56B,0,0.00%,$6.56B,0,0.00%,$6.56B,$1.94B,29.52%,$6.56B,$1.35B,20.53%,$1.35B,$15.86B,8.54%,$1.35B,$12.67B,10.76%,$1.35B,$141.92B,0.96%,$1.94B,$31.39B,6.40%,$1739,$125,$1614,$0,$1099,$1224,$515,$0,$515,$134,$381,$381,$362,$0,$0,$796,805,$0.46,$0.45,$4823,$0,$0,$98130,$2264,$28956,$3186,$9382,$43788,$141918,$107919,$15527,$2614,$18141,$126060,$2051,$11826,$522,$15858,$141918,$1050,$333,$560,$893,$-220,$-21,$0,$-104,$-426,$1517,$-134,$0,$0,$5920,$-6588,$-668,$-3368,$-4170,$533,$3336,$3869,$-635,$-635,$-371,$-846,$2017,$-636,$78,$-319
13,2015-06-30,19.34,$19.30,1.0,$7.68,2.52,$5.41,3.57,$1.62,11.94,$99.01B,$109.14B,0.91,$13.52B,$14.31B,0.95,$6.36B,$5.88B,92.42%,$6.36B,$1.89B,29.65%,$6.36B,0,0.00%,$6.36B,0,0.00%,$6.36B,$1.89B,29.65%,$6.36B,$1.31B,20.64%,$1.31B,$15.64B,8.38%,$1.31B,$12.36B,10.61%,$1.31B,$141.66B,0.95%,$1.89B,$29.16B,6.31%,$1559,$116,$1443,$0,$1026,$1142,$417,$0,$417,$108,$309,$309,$289,$0,$0,$804,813,$0.36,$0.36,$6606,$0,$0,$99011,$2298,$28144,$3283,$8922,$42647,$141658,$109143,$13521,$3356,$16877,$126020,$2051,$11564,$291,$15638,$141658,$670,$221,$302,$523,$-173,$-10,$0,$50,$-243,$950,$-73,$0,$0,$4463,$-5149,$-686,$-2360,$-3119,$-1400,$2562,$1162,$-335,$-335,$-251,$1287,$1863,$-306,$50,$-213
14,2015-03-31,17.41,$19.51,0.89,$7.82,2.23,$5.39,3.23,$1.75,9.95,$98.90B,$107.01B,0.92,$14.06B,$14.57B,0.96,$6.55B,$6.07B,92.76%,$6.55B,$2.08B,31.70%,$6.55B,0,0.00%,$6.55B,0,0.00%,$6.55B,$2.08B,31.70%,$6.55B,$1.44B,21.94%,$1.44B,$15.90B,9.19%,$1.44B,$12.69B,11.66%,$1.44B,$140.47B,1.05%,$2.08B,$29.96B,6.93%,$1600,$123,$1477,$0,$992,$1115,$485,$0,$485,$124,$361,$361,$343,$0,$0,$810,819,$0.42,$0.42,$8231,$0,$0,$98899,$2433,$26586,$3219,$9333,$41571,$140470,$107007,$14055,$3504,$17559,$124566,$2051,$11380,$588,$15904,$140470,$361,$107,$166,$273,$-231,$-32,$0,$258,$-131,$503,$-49,$0,$0,$2995,$-3439,$-444,$-538,$-1031,$-956,$-87,$-1043,$-180,$-180,$-122,$1702,$357,$-171,$21,$-107
15,2014-12-31,18.69,$19.01,0.98,$7.68,2.43,$5.16,3.62,$1.67,11.19,$101.39B,$105.43B,0.96,$14.97B,$14.33B,1.04,$6.50B,$6.05B,93.06%,$6.50B,$2.03B,31.19%,$6.50B,0,0.00%,$6.50B,0,0.00%,$6.50B,$2.03B,31.19%,$6.50B,$1.40B,21.56%,$1.40B,$15.67B,9.12%,$1.40B,$12.38B,11.67%,$1.40B,$138.71B,1.05%,$2.03B,$30.63B,6.99%,$1664,$128,$1536,$0,$1016,$1144,$520,$0,$520,$135,$385,$385,$353,$0,$0,$833,843,$0.44,$0.42,$11365,$0,$0,$101388,$2465,$22595,$3289,$8969,$37318,$138706,$105432,$14967,$2642,$17609,$123041,$2051,$11141,$429,$15665,$138706,$1483,$414,$434,$848,$536,$-16,$0,$-776,$-255,$2076,$-258,$0,$0,$-2798,$-3172,$-5970,$-2710,$-8938,$5171,$36,$5207,$-654,$-357,$-490,$2415,$6775,$-87,$83,$-423
16,2014-09-30,18.25,$18.51,0.99,$7.61,2.4,$7.64,2.39,$1.67,10.93,$97.00B,$101.88B,0.95,$14.34B,$14.11B,1.02,$6.54B,$6.12B,93.51%,$6.54B,$2.07B,31.63%,$6.54B,0,0.00%,$6.54B,0,0.00%,$6.54B,$2.07B,31.63%,$6.54B,$1.43B,21.88%,$1.43B,$15.44B,9.48%,$1.43B,$12.08B,12.21%,$1.43B,$134.19B,1.09%,$2.07B,$29.78B,7.55%,$1538,$115,$1423,$0,$959,$1074,$464,$0,$464,$124,$340,$340,$328,$0,$0,$829,838,$0.39,$0.39,$7151,$0,$0,$97002,$2467,$23103,$3367,$8249,$37186,$134188,$101876,$14336,$2533,$16869,$118745,$2051,$10886,$301,$15443,$134188,$1098,$307,$168,$475,$414,$-45,$0,$-238,$-18,$1555,$-194,$0,$0,$1479,$-3855,$-2376,$-2350,$-4920,$4638,$1214,$5852,$-474,$-177,$-358,$-2005,$3312,$-53,$63,$-314
17,2014-06-30,19.33,$18.36,1.05,$7.71,2.51,$9.94,1.94,$1.75,11.05,$95.77B,$101.08B,0.95,$13.96B,$14.18B,0.99,$6.72B,$6.31B,93.91%,$6.72B,$2.21B,32.89%,$6.72B,0,0.00%,$6.72B,0,0.00%,$6.72B,$2.21B,32.89%,$6.72B,$1.53B,22.70%,$1.53B,$15.51B,10.22%,$1.53B,$12.14B,13.22%,$1.53B,$132.56B,1.18%,$2.21B,$29.47B,8.62%,$1744,$108,$1636,$0,$1030,$1138,$606,$0,$606,$167,$439,$439,$412,$0,$0,$838,848,$0.49,$0.49,$6059,$0,$0,$95767,$2491,$23008,$3364,$7932,$36795,$132562,$101075,$13961,$2018,$15979,$117054,$2051,$10666,$382,$15508,$132562,$757,$200,$113,$313,$357,$-16,$0,$-347,$-105,$965,$-74,$0,$0,$2730,$-3768,$-1038,$-2072,$-3184,$4252,$1636,$5888,$-249,$48,$-236,$-3347,$2353,$134,$43,$-204
18,2014-03-31,20.66,$17.54,1.18,$7.92,2.61,$11.53,1.79,$1.92,10.76,$94.70B,$101.53B,0.93,$11.23B,$13.83B,0.81,$7.02B,$6.61B,94.23%,$7.02B,$2.45B,34.83%,$7.02B,0,0.00%,$7.02B,0,0.00%,$7.02B,$2.45B,34.83%,$7.02B,$1.70B,24.15%,$1.70B,$14.86B,11.60%,$1.70B,$11.46B,15.09%,$1.70B,$129.65B,1.33%,$2.45B,$26.10B,10.37%,$1557,$100,$1457,$0,$1019,$1119,$438,$0,$438,$119,$319,$319,$309,$0,$0,$846,858,$0.36,$0.36,$5702,$0,$0,$94704,$2528,$20944,$3409,$8069,$34950,$129654,$101528,$11233,$2029,$13262,$114790,$2051,$10363,$196,$14864,$129654,$319,$98,$113,$211,$229,$-4,$0,$-230,$-190,$340,$-60,$0,$0,$2914,$-2163,$751,$-1323,$-632,$1559,$1322,$2881,$-99,$-99,$-112,$-2403,$267,$-25,$17,$-103
19,2013-12-31,18.83,$17.10,1.1,$8.01,2.35,$12.45,1.51,$2.02,9.32,$96.61B,$102.70B,0.94,$9.63B,$13.59B,0.71,$7.20B,$6.79B,94.28%,$7.20B,$2.60B,36.08%,$7.20B,0,0.00%,$7.20B,0,0.00%,$7.20B,$2.60B,36.08%,$7.20B,$1.80B,24.99%,$1.80B,$14.63B,12.51%,$1.80B,$11.22B,16.28%,$1.80B,$130.44B,1.44%,$2.60B,$24.26B,11.48%,$1705,$102,$1603,$0,$1041,$1143,$562,$0,$562,$160,$402,$402,$383,$0,$0,$869,895,$0.44,$0.44,$8637,$0,$0,$96613,$2531,$18805,$3406,$9088,$33830,$130443,$102697,$9633,$3487,$13120,$115817,$2051,$10156,$82,$14626,$130443,$1826,$507,$66,$573,$2422,$-131,$0,$-103,$2196,$4595,$-447,$0,$0,$-2695,$-3623,$-6318,$-3419,$-10184,$2819,$-5518,$-2699,$-1320,$-286,$-430,$9741,$6326,$737,$78,$-393
20,2013-09-30,16.07,$16.55,0.97,$8.11,1.98,$10.02,1.6,$2.02,7.95,$92.64B,$99.53B,0.93,$8.10B,$14.09B,0.58,$7.39B,$6.97B,94.21%,$7.39B,$2.58B,34.83%,$7.39B,0,0.00%,$7.39B,0,0.00%,$7.39B,$2.58B,34.83%,$7.39B,$1.81B,24.50%,$1.81B,$14.68B,12.79%,$1.81B,$11.32B,16.62%,$1.81B,$125.67B,1.47%,$2.58B,$22.78B,11.83%,$1713,$99,$1614,$0,$1010,$1109,$604,$0,$604,$183,$421,$421,$421,$0,$0,$880,888,$0.47,$0.47,$5755,$0,$0,$92639,$2528,$18345,$3356,$8805,$33034,$125673,$99530,$8098,$3365,$11463,$110993,$2051,$9876,$218,$14680,$125673,$1424,$410,$-39,$371,$2233,$-35,$0,$-49,$2032,$3827,$-338,$0,$0,$-201,$-2959,$-3160,$-1862,$-5360,$1231,$-3469,$-2238,$-664,$-71,$-304,$4592,$1979,$446,$60,$-286
21,2013-06-30,15.96,$16.77,0.95,$7.97,2.0,$8.62,1.85,$1.93,8.27,$91.16B,$97.82B,0.93,$6.94B,$13.29B,0.52,$7.37B,$6.93B,93.91%,$7.37B,$2.47B,33.55%,$7.37B,0,0.00%,$7.37B,0,0.00%,$7.37B,$2.47B,33.55%,$7.37B,$1.74B,23.65%,$1.74B,$14.28B,12.52%,$1.74B,$10.94B,16.26%,$1.74B,$123.36B,1.44%,$2.47B,$21.22B,11.48%,$2044,$104,$1940,$0,$1099,$1203,$841,$0,$841,$250,$591,$591,$582,$0,$0,$859,901,$0.67,$0.65,$3718,$0,$0,$91163,$2540,$16461,$3338,$9858,$32197,$123360,$97821,$6940,$4322,$11262,$109083,$2051,$9561,$149,$14277,$123360,$1003,$276,$-87,$189,$1436,$-11,$0,$74,$1399,$2591,$-210,$0,$0,$1312,$-1336,$-24,$-1673,$-1907,$42,$-4433,$-4391,$-664,$-71,$-193,$3920,$-735,$-51,$41,$-184
22,2013-03-31,14.33,$15.92,0.9,$7.49,1.91,$7.92,1.81,$1.67,8.58,$91.27B,$96.05B,0.95,$8.32B,$13.52B,0.62,$7.04B,$6.56B,93.22%,$7.04B,$2.20B,31.24%,$7.04B,0,0.00%,$7.04B,0,0.00%,$7.04B,$2.20B,31.24%,$7.04B,$1.54B,21.82%,$1.54B,$13.92B,11.11%,$1.54B,$10.71B,14.41%,$1.54B,$121.38B,1.28%,$2.20B,$22.24B,9.94%,$1738,$107,$1631,$0,$1040,$1147,$591,$0,$591,$179,$412,$412,$413,$0,$0,$871,913,$0.47,$0.46,$4690,$0,$0,$91274,$2540,$15546,$3213,$8809,$30108,$121382,$96048,$8320,$3094,$11414,$107462,$2051,$9084,$333,$13920,$121382,$412,$137,$52,$189,$878,$-9,$0,$-125,$624,$1225,$-88,$0,$0,$135,$219,$354,$-582,$-316,$1298,$-4356,$-3058,$-125,$-125,$-88,$2107,$-1164,$-255,$17,$-88
23,2012-12-31,13.26,$15.60,0.85,$7.48,1.77,$8.54,1.55,$1.66,7.99,$91.94B,$98.41B,0.93,$7.09B,$13.37B,0.53,$7.11B,$6.59B,92.79%,$7.11B,$2.21B,31.10%,$7.11B,0,0.00%,$7.11B,0,0.00%,$7.11B,$2.21B,31.10%,$7.11B,$1.54B,21.69%,$1.54B,$13.76B,11.21%,$1.54B,$10.62B,14.57%,$1.54B,$121.89B,1.30%,$2.21B,$20.85B,9.88%,$1898,$118,$1780,$0,$1241,$1359,$539,$0,$539,$144,$395,$395,$395,$0,$0,$904,946,$0.43,$0.43,$5069,$0,$0,$91936,$2542,$15491,$3140,$8785,$29958,$121894,$98406,$7085,$2639,$9724,$108130,$2051,$8768,$375,$13764,$121894,$1574,$531,$691,$1222,$22,$-28,$0,$-234,$-239,$2557,$-475,$0,$0,$-640,$-156,$-796,$-5262,$-6533,$-2636,$3596,$960,$-650,$-650,$-344,$3788,$3754,$-222,$69,$-309
24,2012-09-30,13.44,$15.34,0.88,$7.16,1.88,$8.47,1.59,$1.56,8.62,$86.92B,$92.47B,0.94,$8.13B,$13.37B,0.61,$6.82B,$6.28B,92.14%,$6.82B,$2.09B,30.65%,$6.82B,0,0.00%,$6.82B,0,0.00%,$6.82B,$2.09B,30.65%,$6.82B,$1.46B,21.35%,$1.46B,$13.77B,10.69%,$1.46B,$10.64B,13.93%,$1.46B,$117.48B,1.24%,$2.09B,$21.90B,9.12%,$1694,$120,$1574,$0,$1071,$1191,$503,$0,$503,$139,$364,$364,$354,$0,$0,$904,945,$0.39,$0.38,$3981,$0,$0,$86917,$2520,$15689,$3126,$9231,$30566,$117483,$92465,$8127,$3122,$11249,$103714,$2051,$8466,$468,$13769,$117483,$1179,$388,$475,$863,$1322,$-26,$0,$-610,$694,$2736,$-342,$0,$0,$496,$135,$631,$-2600,$-2311,$-1499,$2604,$1105,$-425,$-425,$-238,$-1040,$-598,$-173,$54,$-221
25,2012-06-30,11.54,$15.04,0.77,$7.17,1.61,$8.51,1.36,$1.58,7.3,$86.76B,$91.02B,0.95,$9.69B,$13.43B,0.72,$6.84B,$6.27B,91.63%,$6.84B,$2.12B,30.93%,$6.84B,0,0.00%,$6.84B,0,0.00%,$6.84B,$2.12B,30.93%,$6.84B,$1.47B,21.51%,$1.47B,$13.82B,10.96%,$1.47B,$10.64B,14.33%,$1.47B,$117.54B,1.26%,$2.12B,$23.51B,9.14%,$1705,$132,$1573,$0,$1008,$1140,$565,$0,$565,$180,$385,$385,$373,$0,$0,$914,955,$0.41,$0.40,$4557,$0,$0,$86763,$2506,$15857,$3186,$9231,$30780,$117543,$91018,$9685,$3016,$12701,$103719,$2051,$8201,$454,$13824,$117543,$816,$254,$236,$490,$1162,$-22,$0,$-292,$767,$2073,$-225,$0,$0,$-182,$-221,$-403,$-1714,$-2342,$14,$1669,$1683,$-75,$-75,$-157,$-1452,$-1,$-270,$37,$-148
26,2012-03-31,12.02,$14.79,0.81,$7.16,1.68,$9.44,1.27,$1.53,7.86,$85.63B,$90.42B,0.95,$9.65B,$13.21B,0.73,$6.84B,$6.22B,90.90%,$6.84B,$2.06B,30.08%,$6.84B,0,0.00%,$6.84B,0,0.00%,$6.84B,$2.06B,30.08%,$6.84B,$1.43B,20.84%,$1.43B,$13.61B,10.85%,$1.43B,$10.39B,14.35%,$1.43B,$116.75B,1.24%,$2.06B,$23.26B,8.96%,$1809,$142,$1667,$0,$1064,$1206,$603,$0,$603,$173,$430,$430,$419,$0,$0,$915,957,$0.46,$0.45,$4058,$0,$0,$85629,$2485,$16414,$3220,$8999,$31118,$116747,$90423,$9648,$3066,$12714,$103137,$2051,$7902,$468,$13610,$116747,$430,$128,$36,$164,$1384,$-16,$0,$53,$1301,$1895,$-103,$0,$0,$153,$-739,$-586,$-1299,$-1988,$56,$-390,$-334,$0,$0,$-83,$82,$-335,$-428,$19,$-74
27,2011-12-31,10.83,$14.41,0.75,$7.11,1.52,$9.56,1.13,$1.18,9.17,$86.34B,$90.76B,0.95,$9.68B,$12.85B,0.75,$6.67B,$6.01B,90.09%,$6.67B,$1.83B,27.44%,$6.67B,0,0.00%,$6.67B,0,0.00%,$6.67B,$1.83B,27.44%,$6.67B,$1.09B,16.39%,$1.09B,$13.25B,8.56%,$1.09B,$10.11B,11.47%,$1.09B,$116.97B,0.97%,$1.83B,$22.93B,8.02%,$1608,$142,$1466,$0,$1048,$1190,$418,$0,$418,$103,$315,$315,$309,$0,$0,$906,950,$0.33,$0.33,$4621,$0,$0,$86338,$2447,$15684,$3138,$9360,$30629,$116967,$90764,$9682,$3270,$12952,$103716,$2051,$7554,$470,$13251,$116967,$1298,$455,$1119,$1574,$-561,$115,$0,$-139,$-506,$2366,$-343,$0,$0,$-267,$313,$46,$-4988,$-5285,$-107,$1732,$1625,$1368,$-2040,$-242,$4080,$3423,$504,$59,$-192
28,2011-09-30,8.54,$14.20,0.6,$7.62,1.12,$11.28,0.76,$1.18,7.24,$83.18B,$88.68B,0.94,$9.80B,$12.66B,0.77,$6.82B,$6.11B,89.60%,$6.82B,$1.83B,26.82%,$6.82B,0,0.00%,$6.82B,0,0.00%,$6.82B,$1.83B,26.82%,$6.82B,$1.05B,15.42%,$1.05B,$13.06B,8.10%,$1.05B,$9.93B,10.84%,$1.05B,$114.91B,0.94%,$1.83B,$22.86B,7.96%,$1720,$157,$1563,$0,$1033,$1190,$530,$0,$530,$149,$381,$381,$371,$0,$0,$915,955,$0.41,$0.40,$4565,$0,$0,$83182,$2410,$16564,$3124,$9625,$31723,$114905,$88675,$9800,$3372,$13172,$101847,$2051,$7323,$542,$13058,$114905,$984,$326,$956,$1282,$493,$102,$0,$-190,$394,$2660,$-202,$0,$0,$-513,$-502,$-1015,$-2912,$-4129,$-3,$3468,$3465,$1368,$-2040,$-159,$392,$1658,$189,$39,$-118
29,2011-06-30,10.7,$13.70,0.78,$8.27,1.29,$11.39,0.94,$1.00,10.7,$80.51B,$84.77B,0.95,$10.15B,$12.20B,0.83,$7.06B,$6.29B,89.13%,$7.06B,$1.60B,22.72%,$7.06B,0,0.00%,$7.06B,0,0.00%,$7.06B,$1.60B,22.72%,$7.06B,$0.86B,12.13%,$0.86B,$12.60B,6.49%,$0.86B,$9.29B,8.62%,$0.86B,$110.81B,0.77%,$1.60B,$22.75B,6.82%,$1701,$181,$1520,$0,$1014,$1195,$506,$0,$506,$169,$337,$337,$326,$0,$0,$915,955,$0.36,$0.35,$3967,$0,$0,$80505,$2395,$15846,$3313,$8746,$30300,$110805,$84770,$10152,$3282,$13434,$98204,$2051,$7024,$396,$12601,$110805,$602,$215,$99,$314,$1053,$80,$0,$472,$1978,$2894,$-152,$0,$0,$145,$7,$152,$-1291,$-1291,$605,$1252,$1857,$1368,$-2040,$-143,$-1056,$-1382,$221,$31,$-110
30,2011-03-31,11.6,$13.27,0.87,$8.65,1.34,$9.95,1.16,$0.81,14.32,$80.77B,$84.79B,0.95,$10.56B,$11.79B,0.9,$7.09B,$6.27B,88.44%,$7.09B,$1.34B,18.88%,$7.09B,0,0.00%,$7.09B,0,0.00%,$7.09B,$1.34B,18.88%,$7.09B,$0.66B,9.31%,$0.66B,$12.19B,4.90%,$0.66B,$8.83B,6.44%,$0.66B,$110.49B,0.59%,$1.34B,$22.75B,5.58%,$1644,$181,$1463,$0,$1086,$1267,$377,$0,$377,$112,$265,$265,$88,$0,$0,$881,895,$0.10,$0.10,$4818,$0,$0,$80769,$2389,$15481,$3366,$8480,$29716,$110485,$84790,$10555,$2948,$13503,$98293,$2051,$6752,$263,$12192,$110485,$265,$112,$227,$339,$944,$80,$0,$359,$1279,$1883,$-101,$0,$0,$-966,$205,$-761,$-443,$-1305,$1057,$-224,$833,$1368,$-2040,$-79,$670,$-616,$-38,$17,$-55
31,2010-12-31,12.21,$17.68,0.69,$9.06,1.35,$9.06,1.35,$0.62,19.69,$80.67B,$84.39B,0.96,$9.56B,$10.43B,0.92,$7.22B,$6.33B,87.74%,$7.22B,$0.94B,13.02%,$7.22B,0,0.00%,$7.22B,0,0.00%,$7.22B,$0.94B,13.02%,$7.22B,$0.50B,6.93%,$0.50B,$14.08B,3.63%,$0.50B,$10.78B,4.72%,$0.50B,$111.01B,0.45%,$0.94B,$23.64B,3.85%,$1759,$191,$1568,$0,$1151,$1342,$417,$0,$417,$84,$333,$333,$267,$0,$0,$791,799,$0.34,$0.34,$3968,$0,$0,$80671,$2389,$15767,$3301,$8879,$30336,$111007,$84390,$9558,$2979,$12537,$96927,$1779,$6719,$314,$14080,$111007,$753,$457,$1784,$2241,$517,$67,$0,$-210,$311,$3305,$-235,$0,$0,$1861,$1980,$3841,$-1898,$1708,$-2459,$135,$-2324,$0,$0,$-237,$-2611,$-5172,$-159,$64,$-32
32,2010-09-30,10.0,$17.47,0.57,$9.33,1.07,$10.13,0.99,$0.09,111.07,$81.35B,$84.37B,0.96,$10.95B,$10.27B,1.07,$7.25B,$6.29B,86.79%,$7.25B,$0.31B,4.25%,$7.25B,0,0.00%,$7.25B,0,0.00%,$7.25B,$0.31B,4.25%,$7.25B,$0.07B,1.01%,$0.07B,$13.91B,0.54%,$0.07B,$10.83B,0.70%,$0.07B,$112.32B,0.06%,$0.31B,$24.87B,1.26%,$1953,$214,$1739,$0,$1436,$1650,$303,$0,$303,$65,$238,$238,$175,$0,$0,$791,797,$0.22,$0.22,$5806,$0,$0,$81354,$2377,$16329,$3088,$9174,$30968,$112322,$84374,$10953,$3082,$14035,$98409,$1779,$6456,$432,$13913,$112322,$420,$327,$1718,$2045,$90,$37,$0,$-196,$-174,$2291,$-147,$0,$0,$105,$1581,$1686,$22,$1561,$-1307,$425,$-882,$0,$0,$-178,$-2895,$-3955,$-103,$33,$-24
33,2010-06-30,10.2,$17.21,0.59,$9.43,1.08,$10.33,0.99,$-0.33,0.0,$81.50B,$84.63B,0.96,$10.99B,$10.07B,1.09,$7.32B,$6.28B,85.74%,$7.32B,$-0.10B,-1.41%,$7.32B,0,0.00%,$7.32B,0,0.00%,$7.32B,$-0.10B,-1.41%,$7.32B,$-0.26B,-3.57%,$-0.26B,$13.70B,-1.92%,$-0.26B,$10.56B,-2.51%,$-0.26B,$112.03B,-0.23%,$-0.10B,$24.69B,-0.43%,$1736,$234,$1502,$0,$1260,$1494,$242,$0,$242,$50,$192,$192,$130,$0,$0,$791,802,$0.16,$0.16,$6808,$0,$0,$81497,$2374,$16375,$3146,$8633,$30528,$112025,$84632,$10989,$2703,$13692,$98324,$1779,$6289,$440,$13701,$112025,$182,$206,$1095,$1301,$-1,$83,$0,$-119,$-239,$1244,$-97,$0,$0,$-946,$1567,$621,$1501,$2025,$-1153,$77,$-1076,$0,$0,$-118,$-2177,$-3371,$-102,$22,$-16
34,2010-03-31,11.25,$16.87,0.67,$12.51,0.9,$9.61,1.17,$0.66,17.05,$81.57B,$85.84B,0.95,$10.95B,$9.79B,1.12,$9.35B,$8.19B,87.61%,$9.35B,$1.01B,10.78%,$9.35B,0,0.00%,$9.35B,0,0.00%,$9.35B,$1.01B,10.78%,$9.35B,$0.47B,4.98%,$0.47B,$13.41B,3.43%,$0.47B,$10.17B,4.48%,$0.47B,$112.65B,0.41%,$1.01B,$24.36B,4.20%,$1770,$246,$1524,$0,$1546,$1792,$-22,$0,$-22,$-12,$-10,$-10,$-72,$0,$0,$790,790,$-0.09,$-0.09,$6342,$0,$0,$81570,$2384,$17290,$3236,$8171,$31081,$112651,$85837,$10947,$2459,$13406,$99243,$1779,$6169,$288,$13408,$112651,$-10,$97,$606,$703,$495,$51,$0,$-168,$217,$910,$-43,$0,$0,$-528,$411,$-117,$900,$740,$-970,$-89,$-1059,$0,$0,$-59,$-717,$-1835,$-185,$10,$-8
35,2009-12-31,8.08,$16.98,0.48,$13.54,0.6,$8.27,0.98,$0.71,11.38,$81.14B,$86.68B,0.94,$10.51B,$9.89B,1.06,$9.45B,$8.14B,86.10%,$9.45B,$0.77B,8.12%,$9.45B,0,0.00%,$9.45B,0,0.00%,$9.45B,$0.77B,8.12%,$9.45B,$0.51B,5.41%,$0.51B,$13.50B,3.86%,$0.51B,$10.27B,5.08%,$0.51B,$113.38B,0.44%,$0.77B,$24.00B,3.20%,$1793,$264,$1529,$0,$1744,$2008,$-215,$0,$-215,$-117,$-98,$-98,$-160,$0,$0,$696,726,$-0.38,$-0.24,$6042,$0,$0,$81139,$2400,$18568,$3223,$8050,$32241,$113380,$86675,$10507,$2701,$13208,$99883,$1779,$6326,$241,$13497,$113380,$737,$341,$2719,$3060,$-632,$1000,$0,$829,$-3,$3794,$-228,$0,$546,$209,$-5288,$-5079,$5837,$1076,$-2538,$-8648,$-11186,$986,$717,$-212,$5390,$-5291,$-421,$45,$-27
36,2009-09-30,8.39,$17.21,0.49,$14.78,0.57,$8.01,1.05,$-2.91,0.0,$81.14B,$84.34B,0.96,$10.16B,$10.09B,1.01,$9.71B,$8.14B,83.90%,$9.71B,$-0.90B,-9.24%,$9.71B,0,0.00%,$9.71B,0,0.00%,$9.71B,$-1.86B,-19.18%,$9.71B,$-1.51B,-15.58%,$-1.51B,$13.69B,-11.73%,$-1.51B,$10.53B,-15.62%,$-1.51B,$110.74B,-1.30%,$-0.90B,$23.85B,-3.68%,$2020,$300,$1720,$0,$1828,$2128,$-108,$0,$-108,$-11,$-97,$-97,$-159,$0,$0,$790,790,$-0.20,$-0.20,$4335,$0,$0,$81136,$2426,$16038,$3162,$7978,$29604,$110740,$84343,$10162,$2547,$12709,$97052,$1779,$6496,$285,$13688,$110740,$835,$258,$1925,$2183,$-625,$273,$0,$916,$-551,$2467,$-181,$0,$546,$2452,$-2666,$-214,$4955,$5106,$-3058,$-6139,$-9197,$986,$717,$-153,$451,$-8182,$-609,$34,$-20
37,2009-06-30,5.87,$17.23,0.34,$16.18,0.36,$10.10,0.58,$-2.85,0.0,$86.05B,$89.02B,0.97,$10.10B,$10.11B,1.0,$9.95B,$8.20B,82.43%,$9.95B,$-0.92B,-9.22%,$9.95B,0,0.00%,$9.95B,0,0.00%,$9.95B,$-1.88B,-18.91%,$9.95B,$-1.43B,-14.41%,$-1.43B,$13.70B,-11.81%,$-1.43B,$10.56B,-16.67%,$-1.43B,$115.98B,-1.22%,$-0.92B,$23.80B,-3.77%,$3762,$348,$3414,$0,$2062,$2410,$1352,$0,$1352,$470,$882,$882,$856,$0,$0,$630,718,$1.35,$1.15,$4766,$0,$0,$86051,$2440,$16418,$3145,$7930,$29933,$115984,$89016,$10102,$3166,$13268,$102284,$1779,$6663,$152,$13700,$115984,$932,$182,$1030,$1212,$-1986,$5,$0,$1536,$-1519,$625,$-116,$0,$546,$3066,$-3247,$-181,$2796,$3045,$-3036,$-3009,$-6045,$986,$752,$-128,$1911,$-3510,$160,$23,$-128
38,2009-03-31,2.41,$20.98,0.12,$14.52,0.17,$15.18,0.16,$-4.37,0.0,$87.59B,$92.13B,0.95,$12.18B,$7.85B,1.55,$8.12B,$6.25B,76.98%,$8.12B,$-2.39B,-29.39%,$8.12B,0,0.00%,$8.12B,0,0.00%,$8.12B,$-3.35B,-41.28%,$8.12B,$-2.49B,-30.70%,$-2.49B,$12.10B,-21.85%,$-2.49B,$8.84B,-33.11%,$-2.49B,$119.31B,-2.12%,$-2.39B,$24.28B,-9.60%,$1875,$402,$1473,$0,$1735,$2137,$-262,$0,$-262,$-312,$50,$50,$-26,$0,$0,$572,572,$-0.04,$-0.04,$5485,$0,$0,$87586,$2490,$17274,$3258,$8705,$31727,$119313,$92125,$12178,$2908,$15086,$107211,$1295,$5792,$151,$12102,$119313,$50,$86,$886,$972,$-1250,$-43,$0,$630,$-1093,$-71,$-69,$0,$0,$1992,$-4149,$-2157,$1058,$-1168,$-1298,$1194,$-104,$0,$0,$-72,$1167,$991,$-248,$11,$-72
39,2008-12-31,6.8,$20.92,0.32,$15.60,0.44,$17.95,0.38,$-3.78,0.0,$90.32B,$90.89B,0.99,$13.59B,$7.84B,1.73,$8.55B,$6.46B,75.52%,$8.55B,$-1.70B,-19.86%,$8.55B,0,0.00%,$8.55B,0,0.00%,$8.55B,$-2.66B,-31.14%,$8.55B,$-2.18B,-25.49%,$-2.18B,$12.08B,-20.34%,$-2.18B,$8.79B,-31.81%,$-2.18B,$119.76B,-1.89%,$-1.70B,$25.66B,-6.90%,$2049,$513,$1536,$0,$3415,$3928,$-1879,$0,$-2844,$-703,$-2141,$-2141,$-2183,$0,$0,$553,553,$-3.94,$-3.94,$7508,$0,$0,$90316,$2494,$13088,$3291,$10575,$29448,$119764,$90888,$13585,$3214,$16799,$107687,$1295,$5824,$98,$12077,$119764,$-2113,$973,$3793,$4766,$-301,$134,$0,$-318,$440,$3093,$-518,$0,$66,$-2910,$-1216,$-4126,$-1326,$-5904,$-115,$126,$11,$0,$4471,$-706,$-886,$2890,$79,$57,$-639
40,2008-09-30,9.78,$18.52,0.53,$15.70,0.62,$10.91,0.9,$0.11,88.88,$88.36B,$90.53B,0.98,$12.95B,$9.61B,1.35,$8.56B,$6.21B,72.56%,$8.56B,$0.25B,2.86%,$8.56B,0,0.00%,$8.56B,0,0.00%,$8.56B,$0.25B,2.86%,$8.56B,$0.02B,0.22%,$0.02B,$10.70B,0.19%,$0.02B,$6.23B,0.31%,$0.02B,$116.29B,0.02%,$0.25B,$23.64B,1.03%,$2265,$485,$1780,$0,$1908,$2393,$-128,$0,$-128,$-72,$-56,$-56,$-81,$0,$0,$572,572,$-0.14,$-0.14,$3918,$0,$0,$88358,$2470,$13537,$4467,$7462,$27936,$116294,$90529,$12947,$2122,$15069,$105598,$1295,$8013,$-60,$10696,$116294,$29,$268,$2480,$2748,$-279,$406,$0,$980,$406,$3183,$-333,$0,$-154,$393,$-1973,$-1580,$-829,$-2896,$-39,$1194,$1155,$2,$1074,$-577,$-1825,$-173,$114,$43,$-577
41,2008-06-30,8.29,$18.62,0.45,$15.90,0.52,$5.54,1.5,$0.96,8.63,$88.21B,$87.36B,1.01,$15.05B,$9.67B,1.56,$8.51B,$5.87B,68.97%,$8.51B,$0.82B,9.59%,$8.51B,0,0.00%,$8.51B,0,0.00%,$8.51B,$0.82B,9.59%,$8.51B,$0.43B,5.00%,$0.43B,$10.75B,4.41%,$0.43B,$6.25B,6.89%,$0.43B,$114.98B,0.38%,$0.82B,$25.80B,3.51%,$1929,$469,$1460,$0,$1577,$2046,$-117,$0,$-117,$85,$-202,$-202,$-202,$0,$0,$540,540,$-0.37,$-0.37,$3380,$0,$0,$88213,$2444,$13079,$4507,$6732,$26762,$114975,$87355,$15046,$1820,$16866,$104221,$1295,$8178,$-152,$10754,$114975,$84,$172,$1544,$1716,$105,$741,$0,$1202,$1562,$3362,$-238,$0,$-154,$336,$-1617,$-1281,$-311,$-1984,$2121,$-2044,$77,$2,$1074,$-466,$-1870,$-1185,$193,$28,$-466
42,2008-03-31,16.79,$17.58,0.96,$16.30,1.03,$-0.31,0.0,$2.02,8.31,$86.05B,$85.78B,1.0,$14.04B,$9.34B,1.5,$8.74B,$5.82B,66.57%,$8.74B,$1.46B,16.65%,$8.74B,0,0.00%,$8.74B,0,0.00%,$8.74B,$1.46B,16.65%,$8.74B,$1.00B,11.47%,$1.00B,$9.35B,10.83%,$1.00B,$6.15B,16.25%,$1.00B,$111.40B,0.94%,$1.46B,$23.39B,6.59%,$2311,$627,$1684,$0,$1259,$1886,$425,$0,$425,$139,$286,$286,$286,$0,$0,$528,530,$0.54,$0.54,$3793,$0,$0,$86047,$2265,$12774,$3199,$7111,$25349,$111396,$85777,$14041,$2226,$16267,$102044,$1295,$8465,$11,$9352,$111396,$286,$65,$570,$635,$-148,$-13,$0,$764,$488,$1409,$-70,$0,$0,$103,$-1257,$-1154,$729,$-495,$968,$2825,$3793,$0,$0,$-233,$-4042,$-482,$432,$12,$-233
43,2007-12-31,19.76,$17.20,1.15,$15.67,1.26,$-3.20,0.0,$2.12,9.32,$87.10B,$87.05B,1.0,$12.86B,$9.15B,1.41,$8.49B,$5.48B,64.47%,$8.49B,$1.54B,18.10%,$8.49B,0,0.00%,$8.49B,0,0.00%,$8.49B,$1.54B,18.10%,$8.49B,$1.08B,12.66%,$1.08B,$9.16B,11.48%,$1.08B,$5.93B,16.94%,$1.08B,$110.96B,1.03%,$1.54B,$22.02B,7.04%,$2058,$769,$1289,$0,$1224,$1993,$65,$0,$65,$49,$16,$16,$16,$0,$0,$538,540,$0.04,$0.03,$3451,$0,$0,$87096,$2223,$11032,$3235,$7376,$23866,$110962,$87046,$12857,$1898,$14755,$101801,$1295,$8413,$-126,$9161,$110962,$1076,$367,$523,$890,$-1986,$16,$0,$-895,$-2671,$-705,$-585,$0,$-230,$224,$-2,$222,$-5417,$-6010,$-693,$4957,$4264,$-1035,$-1035,$-898,$4339,$6670,$-45,$61,$-898
44,2007-09-30,26.18,$17.45,1.5,$14.78,1.77,$0.97,26.93,$2.17,12.06,$81.60B,$80.60B,1.01,$12.50B,$9.28B,1.35,$8.06B,$5.00B,62.08%,$8.06B,$1.52B,18.91%,$8.06B,0,0.00%,$8.06B,0,0.00%,$8.06B,$1.52B,18.91%,$8.06B,$1.13B,13.96%,$1.13B,$9.29B,11.75%,$1.13B,$6.34B,16.92%,$1.13B,$104.27B,1.11%,$1.52B,$21.79B,6.93%,$2210,$775,$1435,$0,$992,$1767,$443,$0,$443,$118,$325,$325,$325,$0,$0,$530,532,$0.61,$0.61,$3414,$0,$0,$81602,$2127,$11123,$2956,$6457,$22663,$104265,$80603,$12498,$1871,$14369,$94972,$1295,$8593,$-198,$9293,$104265,$1059,$275,$374,$649,$-556,$32,$0,$-907,$-1498,$210,$-414,$0,$0,$75,$284,$359,$-3237,$-3292,$-144,$4709,$4565,$-1035,$-1035,$-676,$17,$2871,$-211,$46,$-676
45,2007-06-30,30.36,$17.16,1.77,$14.56,2.09,$3.60,8.44,$2.14,14.19,$79.49B,$78.46B,1.01,$11.96B,$9.18B,1.3,$8.05B,$4.94B,61.45%,$8.05B,$1.60B,19.91%,$8.05B,0,0.00%,$8.05B,0,0.00%,$8.05B,$1.60B,19.91%,$8.05B,$1.18B,14.63%,$1.18B,$9.19B,12.06%,$1.18B,$6.25B,17.17%,$1.18B,$101.39B,1.15%,$1.60B,$21.15B,7.09%,$2158,$750,$1408,$0,$886,$1636,$522,$0,$522,$146,$376,$376,$375,$0,$0,$540,543,$0.69,$0.69,$2879,$0,$0,$79493,$2063,$11361,$2946,$5527,$21897,$101390,$78462,$11957,$1780,$13737,$92199,$1295,$8489,$-293,$9191,$101390,$735,$185,$245,$430,$-610,$39,$0,$-198,$-976,$189,$-224,$0,$0,$404,$-99,$305,$-1486,$-1405,$-576,$2938,$2362,$-926,$-926,$-452,$-179,$805,$-411,$35,$-452
46,2007-03-31,29.23,$17.82,1.64,$14.41,2.03,$5.27,5.55,$2.14,13.66,$78.05B,$75.52B,1.03,$12.62B,$9.80B,1.29,$8.02B,$4.90B,61.11%,$8.02B,$1.62B,20.14%,$8.02B,0,0.00%,$8.02B,0,0.00%,$8.02B,$1.62B,20.14%,$8.02B,$1.18B,14.76%,$1.18B,$9.80B,12.02%,$1.18B,$6.88B,17.00%,$1.18B,$99.82B,1.15%,$1.62B,$22.42B,6.93%,$2068,$724,$1344,$0,$837,$1561,$507,$0,$507,$148,$359,$359,$359,$0,$0,$551,554,$0.65,$0.65,$2627,$0,$0,$78046,$2001,$10939,$2922,$5916,$21778,$99824,$75517,$12620,$1883,$14503,$90020,$1295,$8330,$-163,$9804,$99824,$359,$90,$90,$180,$-297,$27,$0,$-301,$-625,$-86,$-116,$0,$0,$586,$507,$1093,$-532,$445,$39,$-212,$-173,$-260,$-260,$-222,$-198,$-853,$-494,$17,$-222
47,2006-12-31,30.59,$18.02,1.7,$14.30,2.14,$7.46,4.1,$2.14,14.29,$78.47B,$75.88B,1.03,$12.56B,$10.01B,1.25,$7.97B,$4.89B,61.32%,$7.97B,$1.63B,20.42%,$7.97B,0,0.00%,$7.97B,0,0.00%,$7.97B,$1.63B,20.42%,$7.97B,$1.19B,14.91%,$1.19B,$10.02B,12.16%,$1.19B,$7.14B,17.22%,$1.19B,$100.67B,1.14%,$1.63B,$22.58B,6.85%,$1624,$807,$817,$0,$765,$1572,$52,$0,$52,$-14,$66,$66,$66,$0,$0,$555,557,$0.11,$0.11,$3733,$0,$0,$78465,$1940,$11409,$2883,$5972,$22204,$100669,$75880,$12558,$2209,$14767,$90647,$1295,$8317,$-179,$10022,$100669,$1188,$399,$737,$1136,$145,$-70,$0,$-914,$-870,$1454,$-460,$0,$-5,$-675,$10958,$10283,$-4605,$5213,$-2710,$-5364,$-8074,$-39,$-39,$-867,$1948,$-7032,$-365,$77,$-867
