,Date,Stock Price,Book Value per Share,Price to Book Ratio,TTM Sales per Share,Price to Sales Ratio,TTM FCF per Share,Price to FCF Ratio,TTM Net EPS,PE Ratio,Current Assets,Current Liabilities,Current Ratio,Long Term Debt,Shareholder's Equity_x,Debt to Equity Ratio,TTM Revenue_x,TTM Gross Profit,Gross Margin,TTM Revenue_y,TTM Operating Income,Operating Margin,TTM Revenue_x,TTM EBIT,EBIT Margin,TTM Revenue_y,TTM EBITDA,EBITDA Margin,TTM Revenue_x,TTM Pre-Tax Income,Pre-Tax Margin,TTM Revenue_y,TTM Net Income_x,Net Margin,TTM Net Income_y,Shareholder's Equity_y,Return on Equity,TTM Net Income_x,Tangible Equity,Return on Tangible Equity,TTM Net Income_y,Total Assets,Return on Assets,TTM Net Income,LT Investments & Debt,Return on Investment,revenue,cost-goods-sold,gross-profit,research-development-expenses,selling-general-administrative-expenses,operating-expenses,operating-income,total-non-operating-income-expense,pre-tax-income,total-provision-income-taxes,income-after-taxes,income-from-continuous-operations,net-income,ebitda,ebit,basic-shares-outstanding,shares-outstanding,eps-basic-net-earnings-per-share,eps-earnings-per-share-diluted,cash-on-hand,inventory,other-current-assets,total-current-assets,net-property-plant-equipment,long-term-investments,goodwill-intangible-assets-total,other-long-term-assets,total-long-term-assets,total-assets,total-current-liabilities,long-term-debt,other-non-current-liabilities,total-long-term-liabilities,total-liabilities,common-stock-net,retained-earnings-accumulated-deficit,comprehensive-income,total-share-holder-equity,total-liabilities-share-holders-equity,net-income-loss,total-depreciation-amortization-cash-flow,other-non-cash-items,total-non-cash-items,change-in-accounts-receivable,change-in-inventories,change-in-accounts-payable,change-in-assets-liabilities,total-change-in-assets-liabilities,cash-flow-from-operating-activities,net-change-in-property-plant-equipment,net-change-in-intangible-assets,net-acquisitions-divestitures,net-change-in-short-term-investments,net-change-in-long-term-investments,net-change-in-investments-total,investing-activities-other,cash-flow-from-investing-activities,net-long-term-debt,net-current-debt,debt-issuance-retirement-net-total,net-common-equity-issued-repurchased,net-total-equity-issued-repurchased,total-common-preferred-stock-dividends-paid,financial-activities-other,cash-flow-from-financial-activities,net-cash-flow,stock-based-compensation,common-stock-dividends-paid
0,2018-09-30,56.4,$13.24,4.26,$54.61,1.03,$3.97,14.19,$2.53,22.29,$0.60B,$0.45B,1.35,$0.09B,$0.49B,0.19,$2.06B,$0.42B,20.53%,$2.06B,$0.14B,6.61%,$2.06B,$0.14B,6.61%,$2.06B,$0.18B,8.66%,$2.06B,$0.14B,6.81%,$2.06B,$0.10B,4.72%,$0.10B,$0.49B,21.54%,$0.10B,$0.16B,61.59%,$0.10B,$1.06B,10.26%,$0.14B,$0.59B,26.19%,$595,$467,$128,$0,$75,$542,$53,$-1,$52,$14,$39,$39,$39,$64,$53,$37,38,$1.03,$1.02,$19,$13,$11,$600,$103,$0,$330,$7,$460,$1060,$446,$94,$23,$121,$567,$0,$247,$0,$493,$1060,$88,$31,$13,$44,$-81,$-2,$0,$-1,$-64,$68,$-21,$0,$-65,$0,$0,$0,$0,$-86,$24,$0,$24,$-10,$-10,$-9,$-4,$1,$-17,$6,$-9
1,2018-06-30,45.73,$12.38,3.69,$51.60,0.89,$4.05,11.3,$2.10,21.78,$0.56B,$0.42B,1.34,$0.06B,$0.46B,0.13,$1.94B,$0.40B,20.34%,$1.94B,$0.12B,6.02%,$1.94B,$0.12B,6.02%,$1.94B,$0.16B,8.19%,$1.94B,$0.12B,6.39%,$1.94B,$0.08B,4.12%,$0.08B,$0.46B,18.60%,$0.08B,$0.18B,53.60%,$0.08B,$0.96B,8.87%,$0.12B,$0.52B,23.59%,$535,$424,$111,$0,$71,$495,$40,$3,$43,$11,$33,$33,$33,$51,$40,$37,38,$0.87,$0.87,$28,$12,$7,$562,$92,$0,$283,$5,$397,$959,$418,$58,$17,$80,$498,$0,$212,$0,$461,$959,$49,$20,$14,$34,$-56,$-1,$0,$2,$-46,$38,$-13,$0,$-14,$0,$0,$0,$0,$-27,$-4,$0,$-4,$-6,$-6,$-6,$-3,$-19,$-9,$5,$-6
2,2018-03-31,41.11,$11.57,3.55,$49.72,0.83,$3.68,11.19,$1.71,24.04,$0.49B,$0.37B,1.34,$0.07B,$0.43B,0.15,$1.87B,$0.38B,20.30%,$1.87B,$0.11B,5.66%,$1.87B,$0.11B,5.66%,$1.87B,$0.15B,7.91%,$1.87B,$0.11B,5.82%,$1.87B,$0.07B,3.47%,$0.07B,$0.43B,15.70%,$0.07B,$0.15B,49.15%,$0.07B,$0.88B,7.34%,$0.11B,$0.49B,21.58%,$465,$376,$89,$0,$70,$446,$19,$-1,$19,$2,$17,$17,$17,$29,$19,$37,38,$0.45,$0.44,$25,$11,$2,$492,$88,$0,$282,$4,$391,$883,$366,$65,$18,$88,$454,$0,$182,$0,$429,$883,$17,$9,$11,$21,$-4,$-1,$0,$-14,$-33,$4,$-5,$0,$-7,$0,$0,$0,$0,$-12,$4,$0,$4,$-5,$-5,$-3,$0,$-3,$-11,$3,$-3
3,2017-12-31,43.43,$11.24,3.86,$47.45,0.92,$3.85,11.28,$1.47,29.54,$0.49B,$0.37B,1.31,$0.06B,$0.42B,0.14,$1.79B,$0.37B,20.53%,$1.79B,$0.10B,5.54%,$1.79B,$0.10B,5.54%,$1.79B,$0.14B,7.72%,$1.79B,$0.10B,5.65%,$1.79B,$0.06B,3.08%,$0.06B,$0.42B,13.67%,$0.06B,$0.14B,38.33%,$0.06B,$0.88B,6.57%,$0.10B,$0.48B,21.36%,$461,$367,$94,$0,$70,$437,$24,$2,$26,$18,$8,$8,$8,$34,$24,$37,38,$0.20,$0.20,$37,$10,$30,$489,$88,$0,$277,$5,$392,$881,$374,$60,$27,$89,$463,$0,$168,$0,$418,$881,$55,$39,$6,$45,$-38,$-1,$0,$30,$14,$114,$-34,$0,$-95,$0,$0,$0,$0,$-129,$44,$0,$44,$-8,$-8,$-11,$-5,$19,$4,$6,$-11
4,2017-09-30,35.46,$11.09,3.2,$45.58,0.78,$3.55,9.98,$1.72,20.61,$0.50B,$0.37B,1.33,$0.08B,$0.41B,0.2,$1.72B,$0.36B,21.00%,$1.72B,$0.10B,5.88%,$1.72B,$0.10B,5.88%,$1.72B,$0.14B,7.91%,$1.72B,$0.10B,5.88%,$1.72B,$0.06B,3.72%,$0.06B,$0.41B,16.33%,$0.06B,$0.13B,41.42%,$0.06B,$0.89B,8.06%,$0.10B,$0.49B,23.02%,$481,$380,$101,$0,$67,$447,$34,$2,$36,$14,$22,$22,$22,$45,$34,$37,38,$0.60,$0.59,$29,$11,$39,$495,$75,$0,$282,$5,$389,$885,$374,$81,$16,$99,$473,$0,$164,$0,$412,$885,$48,$29,$2,$31,$-38,$-1,$0,$4,$-13,$66,$-16,$0,$-95,$0,$0,$0,$0,$-111,$65,$0,$65,$-9,$-9,$-8,$-5,$43,$-3,$4,$-8
5,2017-06-30,36.76,$10.64,3.45,$44.14,0.83,$3.12,11.8,$1.67,22.01,$0.50B,$0.38B,1.32,$0.10B,$0.40B,0.26,$1.67B,$0.35B,21.18%,$1.67B,$0.10B,5.94%,$1.67B,$0.10B,5.94%,$1.67B,$0.13B,7.80%,$1.67B,$0.10B,5.82%,$1.67B,$0.06B,3.72%,$0.06B,$0.40B,16.31%,$0.06B,$0.11B,37.58%,$0.06B,$0.89B,8.24%,$0.10B,$0.50B,23.93%,$465,$370,$96,$0,$67,$436,$29,$-2,$28,$10,$18,$18,$18,$40,$29,$37,38,$0.48,$0.48,$34,$11,$41,$497,$75,$0,$286,$5,$396,$893,$375,$104,$15,$121,$496,$0,$144,$0,$397,$893,$25,$18,$1,$19,$-39,$-1,$0,$3,$-24,$21,$-11,$0,$-84,$0,$0,$0,$0,$-95,$88,$0,$88,$-4,$-4,$-5,$-3,$76,$2,$3,$-5
6,2017-03-31,36.24,$10.26,3.53,$43.07,0.84,$3.53,10.26,$1.66,21.83,$0.40B,$0.29B,1.35,$0.00B,$0.38B,0.0,$1.63B,$0.35B,21.23%,$1.63B,$0.10B,6.07%,$1.63B,$0.10B,6.07%,$1.63B,$0.13B,7.73%,$1.63B,$0.10B,5.95%,$1.63B,$0.06B,3.80%,$0.06B,$0.38B,16.79%,$0.06B,$0.19B,35.03%,$0.06B,$0.69B,8.72%,$0.10B,$0.38B,25.61%,$381,$305,$76,$0,$63,$369,$12,$-0,$11,$4,$7,$7,$7,$19,$12,$37,38,$0.20,$0.20,$31,$10,$36,$396,$69,$0,$189,$5,$291,$688,$293,$1,$10,$13,$306,$0,$129,$0,$382,$688,$7,$7,$0,$8,$25,$-1,$0,$-13,$-5,$10,$-5,$0,$-0,$0,$0,$0,$0,$-5,$-0,$0,$-0,$-2,$-2,$-3,$-1,$-6,$-1,$1,$-3
7,2016-12-31,32.86,$10.12,3.25,$43.19,0.76,$3.65,9.01,$1.72,19.11,$0.42B,$0.32B,1.31,$0.00B,$0.38B,0.01,$1.64B,$0.34B,21.04%,$1.64B,$0.10B,6.24%,$1.64B,$0.10B,6.24%,$1.64B,$0.13B,7.89%,$1.64B,$0.10B,6.18%,$1.64B,$0.07B,3.98%,$0.07B,$0.38B,18.14%,$0.07B,$0.19B,39.57%,$0.07B,$0.71B,9.08%,$0.10B,$0.38B,26.24%,$392,$304,$88,$0,$63,$367,$26,$0,$26,$9,$17,$17,$17,$32,$26,$37,38,$0.46,$0.45,$32,$9,$29,$416,$68,$0,$192,$6,$293,$709,$318,$2,$10,$15,$332,$0,$124,$0,$377,$709,$65,$27,$2,$29,$7,$0,$0,$-13,$-3,$91,$-22,$0,$-57,$0,$0,$0,$0,$-79,$-11,$0,$-11,$-13,$-13,$-10,$-2,$-36,$-24,$5,$-10
8,2016-09-30,28.86,$9.80,2.94,$42.95,0.67,$3.89,7.42,$1.62,17.81,$0.42B,$0.31B,1.35,$0.03B,$0.37B,0.08,$1.63B,$0.34B,20.90%,$1.63B,$0.10B,6.15%,$1.63B,$0.10B,6.15%,$1.63B,$0.13B,7.81%,$1.63B,$0.10B,6.08%,$1.63B,$0.06B,3.75%,$0.06B,$0.37B,17.17%,$0.06B,$0.17B,37.42%,$0.06B,$0.72B,8.57%,$0.10B,$0.39B,25.77%,$429,$336,$93,$0,$61,$397,$32,$0,$32,$12,$20,$20,$20,$39,$32,$37,38,$0.55,$0.54,$25,$10,$36,$423,$66,$0,$193,$6,$295,$718,$314,$28,$10,$39,$353,$0,$110,$0,$365,$718,$48,$20,$2,$22,$-4,$-0,$0,$-17,$-20,$50,$-16,$0,$-59,$0,$0,$0,$0,$-75,$14,$0,$14,$-12,$-12,$-8,$-1,$-6,$-31,$4,$-8
9,2016-06-30,31.99,$9.42,3.4,$42.42,0.75,$4.59,6.96,$1.54,20.77,$0.44B,$0.33B,1.33,$0.04B,$0.35B,0.11,$1.61B,$0.33B,20.76%,$1.61B,$0.10B,6.09%,$1.61B,$0.10B,6.09%,$1.61B,$0.12B,7.71%,$1.61B,$0.10B,5.97%,$1.61B,$0.06B,3.67%,$0.06B,$0.35B,16.71%,$0.06B,$0.16B,36.31%,$0.06B,$0.73B,8.35%,$0.10B,$0.39B,25.67%,$428,$338,$89,$0,$61,$399,$29,$-1,$28,$10,$18,$18,$18,$36,$29,$37,38,$0.47,$0.47,$38,$10,$34,$435,$65,$0,$195,$6,$294,$729,$327,$39,$9,$50,$376,$0,$92,$0,$353,$729,$28,$13,$3,$16,$-7,$-1,$0,$-7,$-7,$36,$-10,$0,$-58,$0,$0,$0,$0,$-69,$26,$0,$26,$-5,$-5,$-5,$-1,$14,$-18,$3,$-5
10,2016-03-31,31.13,$9.04,3.44,$42.13,0.74,$5.01,6.21,$1.42,21.92,$0.42B,$0.31B,1.35,$0.05B,$0.34B,0.16,$1.60B,$0.33B,20.46%,$1.60B,$0.09B,5.88%,$1.60B,$0.09B,5.88%,$1.60B,$0.12B,7.45%,$1.60B,$0.09B,5.82%,$1.60B,$0.05B,3.38%,$0.05B,$0.34B,15.42%,$0.05B,$0.14B,33.44%,$0.05B,$0.71B,7.72%,$0.09B,$0.39B,25.12%,$386,$312,$74,$0,$58,$370,$15,$-0,$15,$5,$10,$10,$10,$22,$15,$37,38,$0.26,$0.26,$44,$10,$34,$415,$63,$0,$196,$6,$294,$709,$307,$54,$8,$64,$371,$0,$77,$0,$338,$709,$10,$6,$0,$6,$17,$-0,$0,$-11,$-3,$13,$-4,$0,$-57,$0,$0,$0,$0,$-61,$41,$0,$41,$-3,$-3,$-2,$-1,$35,$-13,$1,$-2
11,2015-12-31,27.79,$9.75,2.85,$41.75,0.67,$5.21,5.33,$1.29,21.54,$0.42B,$0.31B,1.39,$0.01B,$0.37B,0.03,$1.58B,$0.32B,20.10%,$1.58B,$0.09B,5.69%,$1.58B,$0.09B,5.69%,$1.58B,$0.11B,7.21%,$1.58B,$0.09B,5.63%,$1.58B,$0.05B,3.10%,$0.05B,$0.37B,14.10%,$0.05B,$0.18B,30.53%,$0.05B,$0.69B,7.08%,$0.09B,$0.38B,24.49%,$384,$300,$84,$0,$60,$360,$24,$-0,$24,$9,$15,$15,$13,$30,$24,$37,38,$0.35,$0.36,$56,$8,$31,$424,$61,$0,$185,$5,$267,$692,$305,$11,$9,$21,$327,$0,$69,$0,$365,$692,$57,$24,$6,$29,$-4,$1,$0,$2,$11,$98,$-19,$0,$-6,$0,$0,$0,$0,$-26,$-29,$0,$-29,$-6,$-6,$-9,$-4,$-48,$24,$6,$-9
12,2015-09-30,26.6,$9.50,2.8,$41.05,0.65,$3.79,7.01,$1.23,21.62,$0.44B,$0.31B,1.42,$0.01B,$0.36B,0.03,$1.55B,$0.30B,19.50%,$1.55B,$0.08B,5.21%,$1.55B,$0.08B,5.21%,$1.55B,$0.11B,6.76%,$1.55B,$0.08B,5.08%,$1.55B,$0.05B,3.02%,$0.05B,$0.36B,13.97%,$0.05B,$0.17B,31.49%,$0.05B,$0.70B,6.88%,$0.08B,$0.37B,22.27%,$411,$323,$87,$0,$58,$381,$30,$-0,$29,$10,$20,$20,$18,$36,$30,$38,38,$0.47,$0.46,$45,$9,$36,$438,$60,$0,$186,$11,$257,$695,$309,$11,$8,$29,$338,$0,$59,$0,$356,$695,$43,$18,$2,$20,$-1,$-0,$0,$-6,$13,$75,$-14,$0,$-6,$0,$0,$0,$0,$-20,$-29,$0,$-29,$-3,$-3,$-7,$-2,$-41,$13,$4,$-7
13,2015-06-30,22.34,$9.09,2.46,$40.00,0.56,$2.83,7.91,$0.97,23.03,$0.45B,$0.32B,1.38,$0.02B,$0.34B,0.06,$1.51B,$0.28B,18.64%,$1.51B,$0.07B,4.36%,$1.51B,$0.07B,4.36%,$1.51B,$0.09B,5.95%,$1.51B,$0.06B,4.23%,$1.51B,$0.04B,2.45%,$0.04B,$0.34B,11.32%,$0.04B,$0.15B,26.48%,$0.04B,$0.70B,5.49%,$0.07B,$0.36B,18.26%,$417,$335,$82,$0,$57,$392,$25,$-0,$25,$9,$16,$16,$13,$31,$25,$37,38,$0.36,$0.35,$41,$10,$34,$447,$58,$0,$188,$11,$256,$703,$324,$19,$8,$37,$362,$0,$43,$0,$342,$703,$23,$12,$1,$13,$-18,$-1,$0,$8,$15,$51,$-9,$0,$-6,$0,$0,$0,$0,$-15,$-21,$0,$-21,$-0,$-0,$-4,$-2,$-27,$9,$3,$-4
14,2015-03-31,20.43,$8.77,2.33,$38.60,0.53,$1.88,10.89,$0.74,27.6,$0.42B,$0.29B,1.44,$0.04B,$0.33B,0.12,$1.46B,$0.26B,17.96%,$1.46B,$0.05B,3.56%,$1.46B,$0.05B,3.56%,$1.46B,$0.08B,5.14%,$1.46B,$0.05B,3.36%,$1.46B,$0.03B,1.92%,$0.03B,$0.33B,8.74%,$0.03B,$0.14B,20.93%,$0.03B,$0.68B,4.21%,$0.05B,$0.37B,14.31%,$370,$305,$65,$0,$54,$358,$11,$-0,$11,$4,$7,$7,$5,$17,$11,$37,38,$0.14,$0.13,$39,$10,$31,$423,$56,$0,$190,$11,$256,$679,$293,$37,$11,$59,$352,$0,$32,$0,$327,$679,$7,$6,$0,$6,$3,$-1,$0,$2,$8,$20,$-3,$0,$-5,$0,$0,$0,$0,$-9,$-3,$0,$-3,$0,$0,$-2,$-0,$-5,$7,$1,$-2
15,2014-12-31,16.57,$8.62,1.92,$37.25,0.44,$1.09,15.14,$0.62,26.72,$0.39B,$0.28B,1.4,$0.04B,$0.32B,0.13,$1.41B,$0.25B,17.66%,$1.41B,$0.04B,3.05%,$1.41B,$0.04B,3.05%,$1.41B,$0.07B,4.61%,$1.41B,$0.04B,2.84%,$1.41B,$0.02B,1.63%,$0.02B,$0.32B,7.25%,$0.02B,$0.14B,16.43%,$0.02B,$0.66B,3.58%,$0.04B,$0.36B,12.20%,$356,$287,$69,$0,$54,$342,$15,$-1,$14,$3,$12,$12,$11,$21,$15,$38,38,$0.28,$0.28,$32,$9,$28,$394,$56,$0,$186,$20,$262,$656,$282,$40,$11,$52,$335,$0,$29,$0,$321,$656,$29,$22,$1,$23,$-18,$0,$0,$13,$-9,$43,$-18,$0,$-56,$0,$0,$0,$0,$-74,$36,$0,$36,$-7,$-7,$-8,$-9,$12,$-20,$5,$-8
16,2014-09-30,13.06,$8.48,1.54,$36.62,0.36,$1.03,12.68,$0.48,27.21,$0.41B,$0.28B,1.47,$0.04B,$0.32B,0.14,$1.38B,$0.24B,17.41%,$1.38B,$0.04B,2.67%,$1.38B,$0.04B,2.67%,$1.38B,$0.06B,4.19%,$1.38B,$0.04B,2.60%,$1.38B,$0.02B,1.30%,$0.02B,$0.32B,5.71%,$0.02B,$0.13B,12.27%,$0.02B,$0.66B,2.86%,$0.04B,$0.36B,10.86%,$370,$304,$66,$0,$52,$355,$15,$-1,$14,$5,$9,$9,$8,$21,$15,$38,38,$0.20,$0.20,$44,$9,$32,$410,$56,$0,$184,$6,$246,$656,$279,$43,$11,$61,$340,$0,$21,$0,$317,$656,$17,$16,$-0,$16,$-0,$-0,$0,$6,$5,$37,$-14,$0,$-54,$0,$0,$0,$0,$-68,$40,$0,$40,$-6,$-6,$-6,$-5,$23,$-8,$3,$-6
17,2014-06-30,15.17,$8.39,1.81,$36.16,0.42,$0.73,20.79,$0.58,26.16,$0.42B,$0.28B,1.51,$0.05B,$0.32B,0.17,$1.36B,$0.24B,17.74%,$1.36B,$0.04B,2.93%,$1.36B,$0.04B,2.93%,$1.36B,$0.06B,4.33%,$1.36B,$0.04B,2.93%,$1.36B,$0.02B,1.54%,$0.02B,$0.32B,6.71%,$0.02B,$0.13B,13.82%,$0.02B,$0.67B,3.42%,$0.04B,$0.37B,12.17%,$363,$301,$62,$0,$51,$352,$11,$-1,$10,$4,$6,$6,$4,$16,$11,$38,38,$0.12,$0.12,$50,$9,$38,$423,$52,$0,$187,$6,$245,$668,$280,$53,$9,$71,$351,$0,$15,$0,$317,$668,$7,$11,$1,$12,$-0,$-0,$0,$-3,$-6,$14,$-8,$0,$-51,$0,$0,$0,$0,$-59,$50,$0,$50,$-0,$-0,$-4,$-2,$43,$-2,$3,$-4
18,2014-03-31,14.58,$8.33,1.75,$35.98,0.41,$0.30,48.85,$0.67,21.76,$0.38B,$0.25B,1.53,$0.01B,$0.31B,0.02,$1.35B,$0.24B,17.75%,$1.35B,$0.04B,3.18%,$1.35B,$0.04B,3.18%,$1.35B,$0.06B,4.59%,$1.35B,$0.04B,3.25%,$1.35B,$0.03B,1.85%,$0.03B,$0.31B,8.13%,$0.03B,$0.16B,16.16%,$0.03B,$0.59B,4.20%,$0.04B,$0.32B,13.79%,$321,$269,$52,$0,$50,$319,$2,$-0,$2,$1,$1,$1,$0,$7,$2,$38,38,$0.01,$0.01,$41,$9,$33,$384,$48,$0,$151,$6,$205,$589,$251,$7,$8,$24,$275,$0,$13,$0,$314,$589,$1,$5,$-0,$4,$7,$-0,$0,$-10,$-14,$-9,$-4,$0,$-4,$0,$0,$0,$0,$-8,$7,$0,$7,$0,$0,$-2,$-0,$5,$-11,$1,$-2
19,2013-12-31,18.49,$8.34,2.22,$36.23,0.51,$0.27,68.82,$0.73,25.33,$0.40B,$0.27B,1.47,$0.00B,$0.31B,0.0,$1.36B,$0.24B,17.61%,$1.36B,$0.05B,3.39%,$1.36B,$0.05B,3.39%,$1.36B,$0.07B,4.79%,$1.36B,$0.05B,3.46%,$1.36B,$0.03B,2.06%,$0.03B,$0.31B,9.29%,$0.03B,$0.16B,19.05%,$0.03B,$0.60B,4.72%,$0.05B,$0.31B,15.06%,$330,$269,$61,$0,$53,$321,$9,$1,$10,$4,$6,$6,$6,$14,$9,$37,38,$0.14,$0.15,$52,$8,$28,$397,$47,$0,$152,$6,$205,$602,$269,$0,$8,$18,$288,$0,$15,$0,$314,$602,$29,$19,$6,$25,$-12,$1,$0,$-11,$-15,$38,$-16,$0,$0,$0,$0,$0,$0,$-16,$-5,$0,$-5,$2,$2,$-8,$-0,$-11,$11,$4,$-8
20,2013-09-30,15.99,$8.20,1.95,$35.90,0.45,$0.21,75.59,$0.70,22.84,$0.39B,$0.27B,1.46,$0.01B,$0.31B,0.02,$1.34B,$0.23B,17.35%,$1.34B,$0.05B,3.35%,$1.34B,$0.05B,3.35%,$1.34B,$0.06B,4.77%,$1.34B,$0.05B,3.43%,$1.34B,$0.03B,1.94%,$0.03B,$0.31B,8.83%,$0.03B,$0.15B,18.77%,$0.03B,$0.59B,4.42%,$0.05B,$0.31B,14.98%,$350,$283,$67,$0,$49,$332,$18,$0,$18,$7,$12,$12,$11,$22,$18,$37,38,$0.31,$0.30,$45,$9,$30,$389,$45,$0,$154,$7,$205,$594,$267,$5,$8,$22,$288,$0,$11,$0,$306,$594,$23,$14,$3,$17,$-7,$0,$0,$-15,$-16,$24,$-12,$0,$0,$0,$0,$0,$0,$-12,$-0,$0,$-0,$-1,$-1,$-6,$-0,$-7,$5,$3,$-6
21,2013-06-30,14.14,$7.94,1.78,$35.58,0.4,$-0.24,0.0,$0.55,25.71,$0.39B,$0.28B,1.41,$0.01B,$0.30B,0.02,$1.33B,$0.22B,16.72%,$1.33B,$0.04B,2.79%,$1.33B,$0.04B,2.79%,$1.33B,$0.06B,4.29%,$1.33B,$0.04B,2.79%,$1.33B,$0.02B,1.58%,$0.02B,$0.30B,7.27%,$0.02B,$0.14B,16.03%,$0.02B,$0.60B,3.57%,$0.04B,$0.30B,12.34%,$351,$291,$60,$0,$46,$337,$14,$-0,$14,$6,$8,$8,$8,$19,$14,$37,37,$0.21,$0.21,$23,$10,$29,$389,$43,$0,$155,$8,$206,$595,$276,$5,$10,$24,$299,$0,$2,$0,$296,$595,$11,$9,$3,$12,$-31,$-0,$0,$-1,$-27,$-4,$-7,$0,$0,$0,$0,$0,$0,$-7,$-2,$0,$-2,$-1,$-1,$-4,$-0,$-7,$-17,$3,$-4
22,2013-03-31,13.3,$7.76,1.72,$35.67,0.37,$-0.47,0.0,$0.46,28.92,$0.38B,$0.27B,1.4,$0.01B,$0.29B,0.03,$1.33B,$0.22B,16.24%,$1.33B,$0.03B,2.26%,$1.33B,$0.03B,2.26%,$1.33B,$0.05B,3.83%,$1.33B,$0.03B,2.26%,$1.33B,$0.02B,1.28%,$0.02B,$0.29B,5.96%,$0.02B,$0.13B,13.60%,$0.02B,$0.58B,2.88%,$0.03B,$0.30B,9.94%,$326,$274,$51,$0,$47,$321,$5,$-0,$5,$2,$3,$3,$3,$10,$5,$37,37,$0.07,$0.07,$25,$10,$34,$377,$41,$0,$157,$8,$206,$584,$270,$7,$10,$25,$295,$0,$-4,$0,$289,$584,$3,$5,$-0,$5,$-12,$0,$0,$-6,$-18,$-10,$-3,$0,$0,$0,$0,$0,$0,$-3,$0,$0,$0,$-0,$-0,$-2,$0,$-2,$-15,$1,$-2
23,2012-12-31,11.44,$7.71,1.48,$35.76,0.32,$-0.69,0.0,$0.36,31.77,$0.37B,$0.27B,1.39,$0.01B,$0.29B,0.03,$1.33B,$0.21B,15.63%,$1.33B,$0.02B,1.65%,$1.33B,$0.02B,1.65%,$1.33B,$0.04B,3.23%,$1.33B,$0.02B,1.65%,$1.33B,$0.01B,0.98%,$0.01B,$0.29B,4.60%,$0.01B,$0.13B,10.53%,$0.01B,$0.58B,2.21%,$0.02B,$0.29B,7.30%,$316,$261,$55,$0,$47,$308,$8,$0,$9,$4,$5,$5,$4,$13,$8,$37,37,$0.12,$0.12,$41,$10,$26,$373,$41,$0,$159,$8,$208,$581,$269,$7,$10,$25,$293,$0,$-7,$0,$287,$581,$12,$21,$8,$28,$3,$1,$0,$2,$-10,$31,$-11,$0,$-12,$0,$0,$0,$0,$-23,$-7,$0,$-7,$-3,$-3,$-7,$0,$-18,$-10,$3,$-7
24,2012-09-30,10.23,$7.62,1.34,$35.16,0.29,$-0.64,0.0,$0.29,35.27,$0.38B,$0.26B,1.44,$0.02B,$0.28B,0.09,$1.31B,$0.20B,15.58%,$1.31B,$0.02B,1.68%,$1.31B,$0.02B,1.68%,$1.31B,$0.05B,3.59%,$1.31B,$0.02B,1.60%,$1.31B,$0.01B,0.84%,$0.01B,$0.28B,3.90%,$0.01B,$0.12B,8.91%,$0.01B,$0.59B,1.86%,$0.02B,$0.31B,7.28%,$335,$280,$56,$0,$46,$325,$10,$-0,$9,$4,$5,$5,$6,$15,$10,$37,37,$0.15,$0.15,$36,$10,$31,$379,$42,$0,$161,$9,$212,$592,$263,$24,$13,$44,$307,$0,$-11,$0,$284,$592,$7,$16,$4,$20,$-4,$1,$0,$-5,$-23,$3,$-8,$0,$-13,$0,$0,$0,$0,$-21,$10,$0,$10,$-2,$-2,$-6,$-0,$2,$-16,$2,$-6
25,2012-06-30,9.33,$7.52,1.24,$34.97,0.27,$-1.25,0.0,$-0.84,0.0,$0.39B,$0.28B,1.42,$0.03B,$0.28B,0.1,$1.30B,$0.20B,15.13%,$1.30B,$-0.04B,-2.69%,$1.30B,$-0.04B,-2.69%,$1.30B,$0.04B,3.38%,$1.30B,$-0.03B,-2.38%,$1.30B,$-0.03B,-2.46%,$-0.03B,$0.28B,-11.55%,$-0.03B,$0.12B,-25.30%,$-0.03B,$0.61B,-5.47%,$-0.04B,$0.31B,-11.74%,$353,$299,$54,$0,$47,$346,$7,$-0,$7,$3,$4,$4,$4,$13,$7,$37,37,$0.12,$0.12,$29,$10,$31,$390,$42,$0,$164,$8,$214,$605,$276,$29,$13,$48,$324,$0,$-17,$0,$281,$605,$1,$10,$3,$13,$-20,$0,$0,$-2,$-28,$-13,$-6,$0,$-12,$0,$0,$0,$0,$-18,$14,$0,$14,$-1,$-1,$-4,$-0,$9,$-22,$2,$-4
26,2012-03-31,10.11,$7.46,1.36,$33.76,0.3,$-1.46,0.0,$-0.88,0.0,$0.37B,$0.27B,1.4,$0.02B,$0.28B,0.05,$1.26B,$0.19B,15.15%,$1.26B,$-0.04B,-2.85%,$1.26B,$-0.04B,-2.85%,$1.26B,$0.04B,3.25%,$1.26B,$-0.03B,-2.54%,$1.26B,$-0.03B,-2.62%,$-0.03B,$0.28B,-11.66%,$-0.03B,$0.13B,-25.98%,$-0.03B,$0.58B,-5.60%,$-0.04B,$0.29B,-11.83%,$327,$284,$43,$0,$46,$330,$-3,$-0,$-3,$-1,$-2,$-2,$-1,$2,$-3,$37,37,$-0.03,$-0.03,$28,$11,$34,$374,$41,$0,$153,$8,$203,$576,$266,$15,$11,$31,$297,$0,$-21,$0,$279,$576,$-3,$5,$-0,$5,$-1,$-0,$0,$-11,$-22,$-20,$-2,$0,$0,$0,$0,$0,$0,$-2,$-0,$0,$-0,$0,$0,$-2,$0,$-2,$-23,$1,$-2
27,2011-12-31,9.89,$7.57,1.31,$32.45,0.3,$-1.44,0.0,$-0.99,0.0,$0.39B,$0.28B,1.39,$0.02B,$0.28B,0.05,$1.22B,$0.18B,14.97%,$1.22B,$-0.04B,-3.37%,$1.22B,$-0.04B,-3.37%,$1.22B,$0.04B,2.96%,$1.22B,$-0.04B,-3.13%,$1.22B,$-0.04B,-3.04%,$-0.04B,$0.28B,-12.76%,$-0.04B,$0.13B,-29.54%,$-0.04B,$0.59B,-6.17%,$-0.04B,$0.30B,-13.04%,$294,$244,$51,$0,$41,$287,$8,$1,$8,$2,$6,$6,$2,$17,$8,$37,37,$0.05,$0.05,$51,$10,$27,$391,$42,$0,$155,$6,$203,$594,$281,$15,$11,$30,$311,$0,$-20,$0,$283,$594,$-36,$79,$-11,$68,$10,$-0,$0,$9,$-2,$30,$-8,$0,$-30,$0,$2,$2,$0,$-36,$-14,$0,$-14,$-8,$-8,$-8,$0,$-29,$-35,$4,$-8
28,2011-09-30,7.63,$7.06,1.08,$31.72,0.24,$-1.32,0.0,$-0.89,0.0,$0.39B,$0.26B,1.52,$0.03B,$0.27B,0.1,$1.19B,$0.19B,15.86%,$1.19B,$-0.03B,-2.52%,$1.19B,$-0.03B,-2.52%,$1.19B,$0.04B,3.69%,$1.19B,$-0.03B,-2.27%,$1.19B,$-0.03B,-2.77%,$-0.03B,$0.27B,-11.09%,$-0.03B,$0.14B,-26.51%,$-0.03B,$0.57B,-5.40%,$-0.03B,$0.29B,-9.22%,$328,$279,$49,$0,$41,$376,$-47,$5,$-43,$-6,$-37,$-37,$-37,$12,$-47,$37,37,$-0.98,$-0.98,$44,$10,$29,$388,$40,$0,$130,$7,$178,$566,$256,$27,$6,$45,$301,$0,$-22,$0,$265,$566,$-39,$70,$-9,$61,$-26,$-0,$0,$-5,$-44,$-22,$-6,$0,$-2,$0,$2,$2,$0,$-6,$-2,$0,$-2,$-7,$-7,$-6,$-0,$-14,$-43,$3,$-6
29,2011-06-30,9.68,$8.08,1.2,$31.06,0.31,$-1.04,0.0,$0.23,42.08,$0.39B,$0.26B,1.5,$0.03B,$0.31B,0.09,$1.17B,$0.19B,16.21%,$1.17B,$0.03B,2.13%,$1.17B,$0.03B,2.13%,$1.17B,$0.05B,3.84%,$1.17B,$0.02B,2.05%,$1.17B,$0.01B,0.77%,$0.01B,$0.31B,2.92%,$0.01B,$0.12B,7.48%,$0.01B,$0.62B,1.43%,$0.03B,$0.33B,7.42%,$312,$265,$48,$0,$42,$307,$6,$0,$6,$3,$3,$3,$3,$10,$6,$38,38,$0.08,$0.08,$50,$10,$26,$386,$41,$0,$186,$8,$236,$622,$258,$28,$12,$58,$316,$0,$15,$0,$305,$622,$-2,$10,$1,$11,$-23,$-1,$0,$-1,$-32,$-23,$-4,$0,$-2,$0,$2,$2,$0,$-4,$-1,$0,$-1,$-4,$-4,$-4,$0,$-9,$-36,$2,$-4
30,2011-03-31,12.77,$8.06,1.58,$29.39,0.43,$-0.63,0.0,$0.19,67.23,$0.38B,$0.25B,1.5,$0.03B,$0.31B,0.09,$1.11B,$0.18B,16.58%,$1.11B,$0.02B,1.89%,$1.11B,$0.02B,1.89%,$1.11B,$0.05B,4.05%,$1.11B,$0.02B,1.80%,$1.11B,$0.01B,0.72%,$0.01B,$0.31B,2.60%,$0.01B,$0.12B,5.83%,$0.01B,$0.62B,1.31%,$0.02B,$0.34B,6.35%,$282,$248,$34,$0,$43,$290,$-8,$-1,$-9,$-4,$-5,$-5,$-5,$-3,$-8,$38,38,$-0.14,$-0.14,$64,$10,$26,$379,$43,$0,$188,$7,$238,$616,$252,$28,$11,$57,$309,$0,$14,$0,$307,$616,$-5,$5,$-0,$5,$-2,$-0,$0,$1,$-19,$-19,$-2,$0,$-2,$0,$2,$2,$0,$-2,$0,$0,$0,$0,$0,$-2,$-0,$-2,$-23,$1,$-2
31,2010-12-31,11.91,$8.25,1.44,$28.13,0.42,$-0.40,0.0,$0.38,31.35,$0.40B,$0.27B,1.5,$0.03B,$0.31B,0.09,$1.06B,$0.19B,17.86%,$1.06B,$0.03B,2.91%,$1.06B,$0.03B,2.91%,$1.06B,$0.05B,5.08%,$1.06B,$0.03B,2.91%,$1.06B,$0.02B,1.41%,$0.02B,$0.31B,4.87%,$0.02B,$0.13B,9.79%,$0.02B,$0.64B,2.52%,$0.03B,$0.34B,9.55%,$270,$212,$58,$0,$44,$251,$19,$1,$19,$7,$12,$12,$6,$25,$19,$38,38,$0.16,$0.16,$86,$9,$27,$403,$44,$0,$187,$6,$237,$640,$268,$29,$11,$59,$327,$0,$21,$0,$313,$640,$15,$23,$-2,$21,$13,$1,$0,$-11,$-4,$32,$-6,$0,$-41,$0,$4,$4,$0,$-43,$-18,$0,$-18,$-5,$-5,$-8,$-0,$-31,$-42,$4,$-8
32,2010-09-30,9.66,$8.13,1.19,$27.66,0.35,$0.09,109.81,$0.43,22.47,$0.40B,$0.27B,1.46,$0.03B,$0.31B,0.1,$1.05B,$0.19B,17.79%,$1.05B,$0.02B,2.28%,$1.05B,$0.02B,2.28%,$1.05B,$0.04B,4.19%,$1.05B,$0.02B,2.28%,$1.05B,$0.02B,1.62%,$0.02B,$0.31B,5.56%,$0.02B,$0.12B,10.09%,$0.02B,$0.64B,2.93%,$0.02B,$0.34B,7.56%,$308,$257,$50,$0,$42,$299,$8,$-0,$8,$3,$5,$5,$5,$13,$8,$38,38,$0.14,$0.14,$45,$10,$26,$400,$44,$3,$190,$4,$241,$641,$274,$30,$12,$59,$334,$0,$17,$-0,$308,$641,$9,$16,$-3,$13,$-21,$1,$0,$-4,$-37,$-14,$-3,$0,$-40,$0,$3,$3,$0,$-40,$-17,$0,$-17,$-5,$-5,$-6,$-0,$-28,$-83,$3,$-6
33,2010-06-30,8.66,$8.03,1.08,$27.12,0.32,$1.56,5.56,$0.54,16.04,$0.39B,$0.23B,1.71,$0.00B,$0.31B,0.01,$1.04B,$0.19B,18.74%,$1.04B,$0.03B,3.09%,$1.04B,$0.03B,3.09%,$1.04B,$0.05B,4.83%,$1.04B,$0.03B,3.09%,$1.04B,$0.02B,2.13%,$0.02B,$0.31B,7.22%,$0.02B,$0.19B,11.73%,$0.02B,$0.55B,3.89%,$0.03B,$0.31B,10.31%,$250,$208,$42,$0,$36,$247,$2,$-0,$2,$1,$2,$2,$2,$10,$2,$38,38,$0.04,$0.04,$108,$9,$22,$393,$32,$4,$117,$3,$156,$548,$229,$4,$4,$15,$244,$0,$13,$-0,$305,$548,$4,$12,$-2,$9,$-2,$1,$0,$-6,$-24,$-11,$-1,$0,$-2,$0,$2,$2,$0,$-1,$-1,$0,$-1,$-4,$-4,$-4,$0,$-8,$-20,$2,$-4
34,2010-03-31,11.14,$8.03,1.39,$28.32,0.39,$2.27,4.91,$0.76,14.66,$0.39B,$0.23B,1.69,$0.01B,$0.31B,0.02,$1.09B,$0.21B,19.35%,$1.09B,$0.05B,4.33%,$1.09B,$0.05B,4.33%,$1.09B,$0.06B,5.53%,$1.09B,$0.05B,4.33%,$1.09B,$0.03B,2.76%,$0.03B,$0.31B,9.91%,$0.03B,$0.18B,16.02%,$0.03B,$0.56B,5.21%,$0.05B,$0.31B,15.19%,$236,$197,$40,$0,$37,$234,$2,$-0,$2,$1,$1,$1,$2,$6,$2,$38,38,$0.05,$0.05,$110,$9,$20,$394,$33,$4,$123,$3,$162,$556,$233,$5,$4,$18,$251,$0,$14,$-0,$305,$556,$2,$4,$-1,$3,$0,$1,$0,$-1,$-16,$-11,$-1,$0,$-4,$0,$2,$2,$0,$-3,$-0,$0,$-0,$-2,$-2,$-2,$0,$-4,$-18,$1,$-2
35,2009-12-31,10.96,$8.05,1.36,$29.31,0.37,$2.46,4.46,$0.89,12.32,$0.41B,$0.25B,1.66,$0.01B,$0.31B,0.02,$1.13B,$0.23B,19.93%,$1.13B,$0.06B,5.05%,$1.13B,$0.06B,5.05%,$1.13B,$0.07B,6.11%,$1.13B,$0.06B,5.05%,$1.13B,$0.04B,3.10%,$0.04B,$0.31B,11.70%,$0.04B,$0.19B,18.74%,$0.04B,$0.58B,6.05%,$0.06B,$0.31B,18.58%,$257,$202,$55,$0,$43,$245,$12,$-0,$12,$4,$8,$8,$8,$15,$12,$38,38,$0.21,$0.20,$128,$10,$20,$413,$35,$5,$120,$3,$162,$575,$249,$6,$4,$20,$269,$0,$13,$-0,$306,$575,$34,$14,$10,$23,$48,$2,$0,$-30,$-3,$54,$-9,$0,$-14,$0,$4,$4,$0,$-19,$-6,$0,$-6,$-12,$-12,$-7,$1,$-25,$11,$3,$-7
36,2009-09-30,10.25,$7.91,1.3,$30.78,0.33,$3.00,3.42,$1.01,10.15,$0.43B,$0.27B,1.62,$0.01B,$0.30B,0.02,$1.20B,$0.24B,20.20%,$1.20B,$0.07B,5.43%,$1.20B,$0.07B,5.43%,$1.20B,$0.08B,6.43%,$1.20B,$0.07B,5.43%,$1.20B,$0.04B,3.26%,$0.04B,$0.30B,13.25%,$0.04B,$0.19B,21.08%,$0.04B,$0.58B,6.67%,$0.07B,$0.31B,21.47%,$292,$234,$57,$0,$42,$276,$16,$-0,$16,$6,$10,$10,$10,$19,$16,$38,38,$0.25,$0.25,$140,$9,$17,$431,$34,$6,$109,$2,$151,$581,$266,$7,$6,$12,$278,$0,$8,$-0,$303,$581,$27,$10,$3,$13,$36,$2,$0,$-8,$6,$45,$-6,$0,$-4,$0,$3,$3,$0,$-7,$-2,$0,$-2,$-8,$-8,$-5,$1,$-15,$23,$3,$-5
37,2009-06-30,9.03,$7.73,1.17,$31.84,0.28,$2.90,3.11,$1.10,8.21,$0.44B,$0.28B,1.56,$0.01B,$0.30B,0.03,$1.25B,$0.25B,20.11%,$1.25B,$0.07B,5.67%,$1.25B,$0.07B,5.67%,$1.25B,$0.08B,6.70%,$1.25B,$0.07B,5.67%,$1.25B,$0.04B,3.43%,$0.04B,$0.30B,14.83%,$0.04B,$0.19B,23.72%,$0.04B,$0.59B,7.25%,$0.07B,$0.31B,23.67%,$300,$242,$58,$0,$41,$283,$17,$-0,$17,$6,$10,$10,$10,$20,$17,$38,39,$0.26,$0.26,$120,$10,$16,$437,$35,$7,$110,$2,$153,$591,$281,$8,$5,$13,$294,$0,$0,$-0,$297,$591,$17,$7,$2,$9,$8,$1,$0,$4,$-6,$20,$-4,$0,$-4,$0,$2,$2,$0,$-6,$-2,$0,$-2,$-6,$-6,$-3,$0,$-11,$3,$2,$-3
38,2009-03-31,9.09,$7.52,1.21,$32.80,0.28,$2.97,3.06,$1.22,7.45,$0.41B,$0.26B,1.57,$0.01B,$0.29B,0.03,$1.31B,$0.26B,19.98%,$1.31B,$0.08B,6.05%,$1.31B,$0.08B,6.05%,$1.31B,$0.09B,7.04%,$1.31B,$0.08B,6.05%,$1.31B,$0.05B,3.68%,$0.05B,$0.29B,16.87%,$0.05B,$0.18B,26.93%,$0.05B,$0.57B,8.05%,$0.08B,$0.30B,26.76%,$280,$225,$55,$0,$43,$268,$12,$-0,$12,$5,$7,$7,$7,$15,$12,$38,39,$0.18,$0.18,$108,$11,$18,$414,$35,$7,$110,$2,$154,$568,$264,$9,$5,$13,$277,$0,$-8,$-0,$291,$568,$7,$3,$1,$5,$20,$1,$0,$-9,$-16,$-4,$-2,$0,$0,$0,$1,$1,$0,$-0,$-1,$0,$-1,$-2,$-2,$-2,$0,$-4,$-9,$1,$-2
39,2008-12-31,9.3,$7.41,1.25,$32.86,0.28,$3.02,3.07,$1.24,7.5,$0.45B,$0.30B,1.49,$0.01B,$0.29B,0.03,$1.32B,$0.26B,19.59%,$1.32B,$0.08B,6.05%,$1.32B,$0.08B,6.05%,$1.32B,$0.09B,6.96%,$1.32B,$0.08B,6.13%,$1.32B,$0.05B,3.71%,$0.05B,$0.29B,17.61%,$0.05B,$0.18B,27.96%,$0.05B,$0.60B,8.23%,$0.08B,$0.30B,27.66%,$326,$254,$72,$0,$52,$306,$20,$0,$20,$8,$13,$13,$12,$23,$20,$39,40,$0.32,$0.32,$117,$11,$19,$445,$36,$8,$107,$2,$153,$598,$298,$9,$3,$14,$312,$0,$-15,$-0,$286,$598,$50,$13,$4,$17,$19,$-0,$0,$-13,$16,$83,$-14,$0,$-41,$0,$-10,$-10,$0,$-65,$-11,$0,$-11,$-24,$-24,$-7,$2,$-40,$-23,$4,$-7
40,2008-09-30,11.58,$7.17,1.62,$31.62,0.37,$3.06,3.78,$1.13,10.25,$0.46B,$0.31B,1.47,$0.01B,$0.29B,0.05,$1.28B,$0.24B,18.74%,$1.28B,$0.07B,5.70%,$1.28B,$0.07B,5.70%,$1.28B,$0.08B,6.56%,$1.28B,$0.07B,5.78%,$1.28B,$0.05B,3.59%,$0.05B,$0.29B,16.88%,$0.05B,$0.18B,25.77%,$0.05B,$0.62B,7.90%,$0.07B,$0.30B,25.96%,$347,$280,$67,$0,$45,$325,$22,$0,$22,$8,$14,$14,$14,$26,$22,$39,40,$0.35,$0.34,$102,$11,$26,$459,$35,$10,$107,$4,$156,$615,$313,$13,$3,$16,$329,$0,$-28,$-0,$286,$615,$37,$10,$7,$17,$-7,$0,$0,$-2,$-7,$47,$-10,$0,$-40,$0,$-11,$-11,$0,$-61,$-7,$0,$-7,$-13,$-13,$-5,$2,$-23,$-37,$3,$-5
41,2008-06-30,11.62,$6.90,1.68,$29.86,0.39,$2.58,4.51,$1.07,10.86,$0.46B,$0.32B,1.46,$0.01B,$0.28B,0.04,$1.22B,$0.23B,18.61%,$1.22B,$0.07B,5.66%,$1.22B,$0.07B,5.66%,$1.22B,$0.08B,6.39%,$1.22B,$0.07B,5.82%,$1.22B,$0.04B,3.52%,$0.04B,$0.28B,16.12%,$0.04B,$0.17B,23.50%,$0.04B,$0.60B,7.74%,$0.07B,$0.29B,25.34%,$353,$286,$67,$0,$43,$329,$25,$0,$25,$10,$15,$15,$15,$28,$25,$40,40,$0.38,$0.38,$102,$12,$26,$459,$33,$10,$101,$3,$146,$604,$315,$11,$4,$15,$329,$0,$-41,$-0,$275,$604,$23,$6,$3,$9,$-19,$-1,$0,$6,$-6,$26,$-7,$0,$-28,$0,$-11,$-11,$0,$-46,$-5,$0,$-5,$-10,$-10,$-4,$0,$-19,$-38,$2,$-4
42,2008-03-31,11.21,$6.57,1.71,$27.88,0.4,$2.19,5.11,$0.94,11.92,$0.42B,$0.29B,1.48,$0.01B,$0.27B,0.04,$1.15B,$0.21B,18.47%,$1.15B,$0.06B,5.31%,$1.15B,$0.06B,5.31%,$1.15B,$0.07B,5.92%,$1.15B,$0.06B,5.49%,$1.15B,$0.04B,3.40%,$0.04B,$0.27B,14.90%,$0.04B,$0.17B,20.88%,$0.04B,$0.56B,7.43%,$0.06B,$0.28B,23.06%,$296,$242,$53,$0,$41,$283,$13,$1,$14,$5,$8,$8,$8,$15,$13,$40,40,$0.21,$0.20,$89,$11,$22,$423,$30,$12,$97,$2,$141,$564,$286,$10,$3,$13,$299,$0,$-57,$-0,$266,$564,$8,$3,$1,$4,$6,$-0,$0,$-2,$-13,$-1,$-3,$0,$-23,$0,$-19,$-19,$0,$-44,$0,$0,$0,$-4,$-4,$-2,$-0,$-6,$-51,$1,$-2
43,2007-12-31,10.97,$6.51,1.69,$26.62,0.41,$1.92,5.73,$0.78,14.06,$0.45B,$0.28B,1.6,$0.00B,$0.26B,0.0,$1.10B,$0.20B,17.79%,$1.10B,$0.05B,4.54%,$1.10B,$0.05B,4.54%,$1.10B,$0.06B,5.17%,$1.10B,$0.05B,4.72%,$1.10B,$0.03B,2.99%,$0.03B,$0.26B,12.88%,$0.03B,$0.19B,17.46%,$0.03B,$0.55B,6.66%,$0.05B,$0.26B,19.49%,$285,$233,$53,$0,$40,$273,$13,$1,$13,$5,$8,$8,$9,$15,$13,$41,41,$0.22,$0.22,$140,$9,$18,$451,$21,$0,$71,$4,$96,$547,$282,$1,$2,$3,$284,$0,$-65,$0,$263,$547,$32,$7,$3,$10,$-21,$-0,$0,$42,$41,$84,$-11,$0,$-7,$0,$0,$0,$0,$-18,$-1,$0,$-1,$-10,$-10,$-6,$1,$-16,$49,$3,$-6
44,2007-09-30,12.14,$6.41,1.89,$26.23,0.46,$0.40,30.43,$0.75,16.19,$0.42B,$0.24B,1.71,$0.00B,$0.26B,0.0,$1.09B,$0.19B,17.42%,$1.09B,$0.05B,4.42%,$1.09B,$0.05B,4.42%,$1.09B,$0.06B,5.07%,$1.09B,$0.05B,4.70%,$1.09B,$0.03B,2.95%,$0.03B,$0.26B,12.74%,$0.03B,$0.20B,17.20%,$0.03B,$0.51B,6.74%,$0.05B,$0.26B,19.10%,$286,$232,$54,$0,$36,$268,$18,$1,$19,$7,$11,$11,$11,$20,$18,$41,41,$0.28,$0.28,$98,$10,$24,$415,$19,$0,$66,$6,$91,$506,$242,$0,$1,$1,$244,$0,$-74,$0,$263,$506,$24,$5,$5,$10,$-28,$-1,$0,$21,$-8,$26,$-8,$0,$-4,$0,$0,$0,$0,$-12,$-0,$0,$-0,$-2,$-2,$-4,$1,$-6,$7,$2,$-4
45,2007-06-30,12.1,$6.20,1.95,$26.31,0.46,$-0.33,0.0,$0.69,17.53,$0.39B,$0.23B,1.73,$0.00B,$0.26B,0.0,$1.09B,$0.18B,16.65%,$1.09B,$0.04B,4.05%,$1.09B,$0.04B,4.05%,$1.09B,$0.05B,4.69%,$1.09B,$0.05B,4.32%,$1.09B,$0.03B,2.76%,$0.03B,$0.26B,12.27%,$0.03B,$0.19B,16.67%,$0.03B,$0.48B,6.51%,$0.04B,$0.26B,18.00%,$281,$229,$52,$0,$35,$264,$17,$1,$17,$7,$11,$11,$11,$18,$17,$41,41,$0.26,$0.25,$88,$10,$26,$394,$18,$0,$66,$7,$90,$484,$228,$0,$2,$2,$230,$0,$-85,$0,$255,$484,$12,$3,$4,$7,$-16,$-1,$0,$13,$-11,$8,$-5,$0,$-4,$0,$0,$0,$0,$-9,$-0,$0,$-0,$1,$1,$-3,$1,$-2,$-2,$1,$-3
46,2007-03-31,10.19,$5.96,1.71,$25.95,0.39,$-0.81,0.0,$0.63,16.18,$0.36B,$0.20B,1.77,$0.00B,$0.24B,0.0,$1.07B,$0.17B,15.98%,$1.07B,$0.04B,3.64%,$1.07B,$0.04B,3.64%,$1.07B,$0.05B,4.30%,$1.07B,$0.04B,4.02%,$1.07B,$0.03B,2.52%,$0.03B,$0.24B,11.36%,$0.03B,$0.18B,15.52%,$0.03B,$0.45B,6.02%,$0.04B,$0.24B,16.40%,$250,$213,$37,$0,$34,$247,$2,$1,$3,$1,$2,$2,$2,$4,$2,$40,41,$0.04,$0.04,$69,$10,$23,$356,$17,$0,$66,$7,$90,$446,$201,$0,$1,$1,$202,$0,$-96,$0,$244,$446,$2,$2,$2,$4,$2,$-1,$0,$-2,$-18,$-13,$-2,$0,$-4,$0,$0,$0,$0,$-7,$-0,$0,$-0,$0,$0,$-1,$-0,$-2,$-21,$0,$-1
47,2006-12-31,10.73,$6.08,1.76,$25.69,0.42,$-0.99,0.0,$0.70,15.32,$0.38B,$0.22B,1.73,$0.00B,$0.24B,0.0,$1.06B,$0.17B,16.19%,$1.06B,$0.04B,4.17%,$1.06B,$0.04B,4.17%,$1.06B,$0.05B,4.73%,$1.06B,$0.05B,4.55%,$1.06B,$0.03B,2.75%,$0.03B,$0.24B,12.53%,$0.03B,$0.18B,17.21%,$0.03B,$0.46B,6.64%,$0.04B,$0.24B,19.01%,$268,$222,$46,$0,$34,$257,$11,$1,$12,$4,$7,$7,$8,$13,$11,$40,41,$0.18,$0.18,$90,$9,$24,$377,$16,$0,$63,$6,$84,$462,$218,$0,$1,$1,$219,$0,$-97,$0,$243,$462,$29,$5,$1,$7,$-39,$-1,$0,$12,$-18,$18,$-8,$0,$25,$0,$0,$0,$0,$18,$0,$0,$0,$2,$2,$-6,$2,$-1,$35,$2,$-6
