,Date,Stock Price,Book Value per Share,Price to Book Ratio,TTM Sales per Share,Price to Sales Ratio,TTM FCF per Share,Price to FCF Ratio,TTM Net EPS,PE Ratio,Current Assets,Current Liabilities,Current Ratio,Long Term Debt,Shareholder's Equity_x,Debt to Equity Ratio,TTM Revenue_x,TTM Gross Profit,Gross Margin,TTM Revenue_y,TTM Operating Income,Operating Margin,TTM Revenue_x,TTM EBIT,EBIT Margin,TTM Revenue_y,TTM EBITDA,EBITDA Margin,TTM Revenue_x,TTM Pre-Tax Income,Pre-Tax Margin,TTM Revenue_y,TTM Net Income_x,Net Margin,TTM Net Income_y,Shareholder's Equity_y,Return on Equity,TTM Net Income_x,Tangible Equity,Return on Tangible Equity,TTM Net Income_y,Total Assets,Return on Assets,TTM Net Income,LT Investments & Debt,Return on Investment,revenue,cost-goods-sold,gross-profit,research-development-expenses,selling-general-administrative-expenses,operating-expenses,operating-income,total-non-operating-income-expense,pre-tax-income,total-provision-income-taxes,income-after-taxes,income-from-continuous-operations,net-income,ebitda,ebit,basic-shares-outstanding,shares-outstanding,eps-basic-net-earnings-per-share,eps-earnings-per-share-diluted,cash-on-hand,inventory,other-current-assets,total-current-assets,net-property-plant-equipment,long-term-investments,goodwill-intangible-assets-total,other-long-term-assets,total-long-term-assets,total-assets,total-current-liabilities,long-term-debt,other-non-current-liabilities,total-long-term-liabilities,total-liabilities,common-stock-net,retained-earnings-accumulated-deficit,comprehensive-income,total-share-holder-equity,total-liabilities-share-holders-equity,net-income-loss,total-depreciation-amortization-cash-flow,other-non-cash-items,total-non-cash-items,change-in-accounts-receivable,change-in-inventories,change-in-accounts-payable,change-in-assets-liabilities,total-change-in-assets-liabilities,cash-flow-from-operating-activities,net-change-in-property-plant-equipment,net-change-in-intangible-assets,net-acquisitions-divestitures,net-change-in-short-term-investments,net-change-in-long-term-investments,net-change-in-investments-total,investing-activities-other,cash-flow-from-investing-activities,net-long-term-debt,net-current-debt,debt-issuance-retirement-net-total,net-common-equity-issued-repurchased,net-total-equity-issued-repurchased,total-common-preferred-stock-dividends-paid,financial-activities-other,cash-flow-from-financial-activities,net-cash-flow,stock-based-compensation,common-stock-dividends-paid
0,2018-07-31,105.51,$8.12,13.0,$21.49,4.91,$6.95,15.18,$3.42,30.85,$0.42B,$0.12B,3.43,$0.00B,$0.38B,0.0,$1.01B,$0.40B,39.88%,$1.01B,$0.21B,20.83%,$1.01B,$0.21B,20.83%,$1.01B,$0.22B,22.12%,$1.01B,$0.21B,20.93%,$1.01B,$0.16B,15.87%,$0.16B,$0.38B,51.04%,$0.16B,$0.36B,53.51%,$0.16B,$0.52B,36.51%,$0.21B,$0.38B,66.99%,$293,$177,$116,$0,$53,$230,$63,$1,$64,$15,$49,$49,$49,$67,$63,$47,47,$1.05,$1.04,$243,$68,$0,$415,$89,$0,$15,$5,$109,$523,$121,$0,$8,$24,$145,$1,$357,$3,$378,$523,$49,$4,$2,$6,$-10,$-7,$8,$1,$5,$59,$-6,$0,$0,$0,$0,$0,$0,$-6,$0,$0,$0,$0,$0,$0,$0,$0,$53,$0,$0
1,2018-04-30,88.36,$7.11,12.43,$20.80,4.25,$6.66,13.27,$3.20,27.61,$0.35B,$0.11B,3.37,$0.00B,$0.33B,0.0,$0.98B,$0.39B,40.10%,$0.98B,$0.21B,21.03%,$0.98B,$0.21B,21.03%,$0.98B,$0.22B,22.26%,$0.98B,$0.21B,21.03%,$0.98B,$0.15B,15.28%,$0.15B,$0.33B,54.73%,$0.15B,$0.32B,57.81%,$0.15B,$0.46B,36.34%,$0.21B,$0.33B,75.30%,$244,$145,$99,$0,$49,$194,$50,$0,$50,$14,$36,$36,$36,$53,$50,$47,47,$0.78,$0.77,$190,$61,$0,$353,$86,$0,$15,$5,$106,$459,$105,$0,$8,$23,$127,$1,$308,$5,$331,$459,$150,$13,$1,$14,$-13,$-8,$17,$-5,$-9,$155,$-32,$0,$0,$0,$0,$0,$0,$-32,$0,$0,$0,$1,$1,$-70,$0,$-69,$53,$0,$-70
2,2018-01-31,110.47,$6.30,17.54,$20.12,5.49,$6.19,17.86,$3.05,36.22,$0.31B,$0.09B,3.36,$0.00B,$0.29B,0.0,$0.94B,$0.38B,40.08%,$0.94B,$0.20B,21.10%,$0.94B,$0.20B,21.10%,$0.94B,$0.21B,22.48%,$0.94B,$0.20B,21.10%,$0.94B,$0.14B,15.06%,$0.14B,$0.29B,56.57%,$0.14B,$0.28B,60.11%,$0.14B,$0.40B,37.00%,$0.20B,$0.29B,79.28%,$227,$136,$91,$0,$45,$182,$46,$0,$46,$5,$41,$41,$41,$49,$46,$47,47,$0.88,$0.88,$155,$61,$0,$305,$75,$0,$15,$6,$96,$401,$91,$0,$9,$16,$107,$1,$271,$3,$294,$401,$113,$10,$-6,$5,$-5,$-7,$0,$-2,$-11,$107,$-19,$0,$0,$0,$0,$0,$0,$-19,$0,$0,$0,$0,$0,$-70,$0,$-69,$19,$0,$-70
3,2017-10-31,97.9,$5.39,18.18,$19.44,5.04,$5.80,16.88,$2.69,36.39,$0.28B,$0.10B,2.89,$0.00B,$0.25B,0.0,$0.91B,$0.36B,39.85%,$0.91B,$0.19B,20.86%,$0.91B,$0.19B,20.86%,$0.91B,$0.20B,22.28%,$0.91B,$0.19B,20.86%,$0.91B,$0.13B,13.72%,$0.13B,$0.25B,54.00%,$0.13B,$0.24B,57.60%,$0.13B,$0.37B,34.46%,$0.19B,$0.25B,82.07%,$244,$148,$96,$0,$45,$193,$51,$0,$51,$17,$34,$34,$34,$54,$51,$47,47,$0.73,$0.72,$129,$60,$0,$280,$69,$0,$15,$6,$90,$370,$97,$0,$9,$22,$119,$1,$230,$2,$251,$370,$72,$7,$0,$7,$-9,$-6,$7,$-1,$-7,$72,$-10,$0,$0,$0,$0,$0,$0,$-10,$0,$0,$0,$0,$0,$-70,$0,$-70,$-8,$0,$0
4,2017-07-31,102.12,$4.58,22.29,$18.58,5.5,$5.44,18.79,$2.50,40.85,$0.32B,$0.18B,1.84,$0.00B,$0.21B,0.0,$0.87B,$0.35B,39.77%,$0.87B,$0.18B,20.23%,$0.87B,$0.18B,20.23%,$0.87B,$0.19B,21.84%,$0.87B,$0.18B,20.23%,$0.87B,$0.12B,13.33%,$0.12B,$0.21B,49.57%,$0.12B,$0.20B,52.79%,$0.12B,$0.41B,32.29%,$0.18B,$0.21B,75.21%,$260,$155,$105,$0,$47,$202,$58,$0,$58,$20,$38,$38,$38,$61,$58,$47,47,$0.82,$0.82,$176,$57,$0,$323,$66,$0,$15,$6,$87,$410,$176,$0,$9,$21,$196,$1,$196,$-1,$213,$410,$38,$4,$0,$4,$-15,$-4,$-4,$-1,$2,$44,$-4,$0,$0,$0,$0,$0,$0,$-4,$0,$0,$0,$0,$0,$0,$0,$0,$40,$0,$0
5,2017-04-30,87.2,$5.27,16.54,$17.68,4.93,$5.17,16.86,$2.30,37.91,$0.27B,$0.09B,3.08,$0.00B,$0.25B,0.0,$0.83B,$0.33B,39.42%,$0.83B,$0.16B,19.59%,$0.83B,$0.16B,19.59%,$0.83B,$0.18B,21.28%,$0.83B,$0.16B,19.59%,$0.83B,$0.11B,12.94%,$0.11B,$0.25B,44.63%,$0.11B,$0.23B,47.50%,$0.11B,$0.35B,31.08%,$0.16B,$0.25B,67.57%,$212,$126,$86,$0,$42,$168,$44,$0,$44,$15,$29,$29,$29,$48,$44,$47,47,$0.63,$0.62,$136,$53,$0,$268,$65,$0,$15,$6,$86,$354,$87,$0,$9,$21,$108,$1,$228,$-1,$246,$354,$107,$13,$2,$15,$-10,$-5,$9,$-2,$-8,$114,$-14,$0,$0,$0,$0,$0,$0,$-14,$0,$0,$0,$0,$0,$-70,$0,$-69,$31,$1,$-70
6,2017-01-31,49.4,$4.65,10.63,$16.98,2.91,$4.49,10.99,$2.05,24.1,$0.23B,$0.08B,2.95,$0.00B,$0.22B,0.0,$0.79B,$0.31B,38.41%,$0.79B,$0.14B,18.14%,$0.79B,$0.14B,18.14%,$0.79B,$0.16B,19.77%,$0.79B,$0.14B,18.14%,$0.79B,$0.10B,11.96%,$0.10B,$0.22B,41.35%,$0.10B,$0.20B,44.13%,$0.10B,$0.32B,28.61%,$0.14B,$0.22B,62.68%,$195,$119,$76,$0,$39,$158,$37,$0,$37,$13,$24,$24,$24,$40,$37,$47,47,$0.52,$0.52,$106,$48,$0,$231,$66,$0,$15,$5,$85,$317,$78,$0,$8,$22,$100,$1,$199,$-0,$216,$317,$78,$10,$0,$10,$-8,$-1,$0,$-2,$-6,$82,$-12,$0,$0,$0,$0,$0,$0,$-12,$0,$0,$0,$0,$0,$-70,$0,$-70,$0,$0,$-70
7,2016-10-31,45.17,$5.61,8.05,$16.29,2.77,$3.90,11.58,$1.77,25.52,$0.27B,$0.07B,3.82,$0.00B,$0.26B,0.0,$0.76B,$0.28B,37.06%,$0.76B,$0.12B,16.29%,$0.76B,$0.12B,16.29%,$0.76B,$0.14B,18.00%,$0.76B,$0.12B,16.29%,$0.76B,$0.08B,10.78%,$0.08B,$0.26B,36.61%,$0.08B,$0.25B,39.19%,$0.08B,$0.36B,25.37%,$0.12B,$0.26B,55.36%,$203,$124,$79,$0,$41,$166,$37,$0,$37,$13,$25,$25,$25,$41,$37,$47,47,$0.53,$0.53,$150,$50,$0,$271,$65,$0,$15,$5,$85,$356,$71,$0,$9,$24,$95,$1,$244,$-1,$261,$356,$54,$6,$0,$6,$-2,$-2,$-6,$-1,$-7,$53,$-8,$0,$0,$0,$0,$0,$0,$-8,$0,$0,$0,$0,$0,$0,$0,$0,$45,$0,$0
8,2016-07-31,54.84,$5.06,10.84,$15.77,3.48,$3.65,15.04,$1.57,34.93,$0.27B,$0.09B,2.94,$0.00B,$0.24B,0.0,$0.74B,$0.26B,35.82%,$0.74B,$0.11B,14.93%,$0.74B,$0.11B,14.93%,$0.74B,$0.12B,16.55%,$0.74B,$0.11B,14.93%,$0.74B,$0.07B,9.77%,$0.07B,$0.24B,35.38%,$0.07B,$0.22B,38.20%,$0.07B,$0.35B,23.82%,$0.11B,$0.24B,54.05%,$217,$132,$85,$0,$41,$173,$44,$0,$44,$15,$29,$29,$29,$47,$44,$47,47,$0.62,$0.62,$133,$52,$0,$268,$63,$0,$15,$5,$83,$350,$91,$0,$9,$24,$115,$1,$220,$-1,$236,$350,$29,$3,$0,$3,$-15,$-4,$-2,$-0,$-2,$30,$-3,$0,$0,$0,$0,$0,$0,$-3,$0,$0,$0,$0,$0,$0,$0,$0,$27,$0,$0
9,2016-04-30,44.69,$4.43,10.09,$15.11,2.96,$3.47,12.89,$1.32,33.86,$0.22B,$0.08B,2.96,$0.00B,$0.21B,0.0,$0.71B,$0.24B,34.33%,$0.71B,$0.09B,13.05%,$0.71B,$0.09B,13.05%,$0.71B,$0.10B,14.75%,$0.71B,$0.09B,13.05%,$0.71B,$0.06B,8.51%,$0.06B,$0.21B,32.39%,$0.06B,$0.19B,35.24%,$0.06B,$0.31B,21.30%,$0.09B,$0.21B,49.33%,$179,$114,$65,$0,$39,$153,$26,$-0,$26,$9,$18,$18,$17,$29,$26,$46,47,$0.37,$0.37,$106,$48,$0,$224,$62,$0,$15,$5,$82,$305,$76,$0,$9,$24,$99,$1,$191,$-2,$206,$305,$61,$12,$1,$13,$-1,$-5,$4,$-0,$7,$80,$-12,$0,$0,$0,$0,$0,$0,$-12,$0,$-10,$-10,$1,$-5,$-0,$0,$-15,$53,$2,$0
10,2016-01-31,39.53,$4.15,9.53,$14.81,2.67,$3.04,13.01,$1.20,32.94,$0.20B,$0.07B,3.08,$0.00B,$0.19B,0.0,$0.69B,$0.23B,33.57%,$0.69B,$0.09B,12.30%,$0.69B,$0.09B,12.30%,$0.69B,$0.10B,13.89%,$0.69B,$0.08B,12.16%,$0.69B,$0.06B,7.96%,$0.06B,$0.19B,32.21%,$0.06B,$0.18B,35.31%,$0.06B,$0.28B,20.56%,$0.09B,$0.19B,48.71%,$162,$109,$53,$0,$35,$145,$17,$-0,$17,$6,$11,$11,$11,$20,$17,$46,47,$0.24,$0.24,$86,$44,$0,$202,$60,$0,$15,$5,$80,$282,$65,$0,$8,$23,$89,$1,$173,$-3,$193,$282,$44,$9,$0,$9,$0,$-1,$-7,$-0,$-3,$50,$-8,$0,$0,$0,$0,$0,$0,$-8,$0,$-10,$-10,$1,$1,$-0,$1,$-8,$34,$0,$0
11,2015-10-31,35.99,$3.85,9.34,$14.42,2.5,$2.81,12.8,$1.15,31.3,$0.19B,$0.07B,2.78,$0.00B,$0.18B,0.0,$0.67B,$0.23B,33.48%,$0.67B,$0.08B,12.05%,$0.67B,$0.08B,12.05%,$0.67B,$0.09B,13.69%,$0.67B,$0.08B,11.90%,$0.67B,$0.05B,7.89%,$0.05B,$0.18B,33.81%,$0.05B,$0.16B,37.32%,$0.05B,$0.27B,20.89%,$0.08B,$0.18B,49.32%,$179,$118,$61,$0,$37,$155,$23,$-0,$23,$8,$15,$15,$15,$26,$23,$46,47,$0.33,$0.33,$76,$49,$0,$192,$59,$0,$15,$5,$79,$272,$69,$0,$8,$24,$93,$1,$162,$-5,$179,$272,$32,$6,$0,$6,$3,$-6,$-2,$1,$-1,$37,$-4,$0,$0,$0,$0,$0,$0,$-4,$0,$-10,$-10,$0,$0,$-0,$0,$-9,$23,$0,$0
12,2015-07-31,22.73,$3.51,6.47,$14.10,1.61,$2.72,8.35,$1.09,20.85,$0.19B,$0.08B,2.47,$0.01B,$0.16B,0.03,$0.66B,$0.22B,33.79%,$0.66B,$0.08B,11.87%,$0.66B,$0.08B,11.87%,$0.66B,$0.09B,13.55%,$0.66B,$0.08B,11.72%,$0.66B,$0.05B,7.76%,$0.05B,$0.16B,35.36%,$0.05B,$0.15B,39.38%,$0.05B,$0.27B,20.97%,$0.08B,$0.17B,49.76%,$185,$122,$63,$0,$37,$159,$26,$-0,$26,$9,$17,$17,$17,$29,$26,$46,47,$0.37,$0.37,$66,$47,$0,$189,$60,$0,$15,$5,$79,$268,$77,$5,$9,$29,$106,$1,$147,$-5,$163,$268,$17,$3,$0,$3,$-6,$-4,$-2,$-0,$0,$21,$-2,$0,$0,$0,$0,$0,$0,$-2,$0,$-5,$-5,$0,$0,$-0,$0,$-5,$14,$0,$0
13,2015-04-30,21.37,$3.19,6.71,$13.87,1.54,$2.72,7.85,$1.05,20.35,$0.17B,$0.07B,2.53,$0.01B,$0.15B,0.07,$0.65B,$0.22B,33.85%,$0.65B,$0.07B,11.44%,$0.65B,$0.07B,11.44%,$0.65B,$0.09B,13.14%,$0.65B,$0.07B,11.44%,$0.65B,$0.05B,7.57%,$0.05B,$0.15B,36.98%,$0.05B,$0.13B,41.61%,$0.05B,$0.25B,20.96%,$0.07B,$0.16B,49.33%,$165,$109,$55,$0,$37,$146,$19,$-0,$18,$6,$12,$12,$12,$21,$19,$46,47,$0.26,$0.25,$52,$43,$0,$168,$60,$0,$15,$5,$80,$248,$66,$10,$8,$34,$100,$1,$130,$-3,$148,$248,$49,$12,$0,$12,$-2,$1,$-1,$-1,$-3,$58,$-10,$0,$0,$0,$0,$0,$0,$-10,$0,$-20,$-20,$0,$-6,$-0,$0,$-26,$23,$0,$0
14,2015-01-31,20.79,$2.96,7.01,$13.87,1.5,$2.55,8.15,$1.06,19.61,$0.15B,$0.05B,2.83,$0.02B,$0.14B,0.11,$0.65B,$0.22B,33.90%,$0.65B,$0.07B,10.99%,$0.65B,$0.07B,10.99%,$0.65B,$0.08B,12.85%,$0.65B,$0.07B,10.99%,$0.65B,$0.05B,7.59%,$0.05B,$0.14B,40.16%,$0.05B,$0.12B,45.69%,$0.05B,$0.23B,21.54%,$0.07B,$0.15B,49.13%,$143,$97,$46,$0,$33,$130,$13,$-0,$13,$5,$9,$9,$9,$16,$13,$46,47,$0.19,$0.19,$40,$46,$0,$149,$58,$0,$15,$5,$78,$227,$53,$15,$8,$37,$90,$1,$118,$-0,$137,$227,$37,$9,$-1,$8,$7,$-3,$-12,$-0,$-9,$37,$-5,$0,$0,$0,$0,$0,$0,$-5,$0,$-15,$-15,$0,$-6,$-0,$0,$-21,$11,$0,$0
15,2014-10-31,24.02,$2.79,8.61,$13.74,1.75,$2.40,10.01,$1.02,23.55,$0.15B,$0.06B,2.57,$0.02B,$0.13B,0.16,$0.64B,$0.22B,34.06%,$0.64B,$0.07B,10.63%,$0.64B,$0.07B,10.63%,$0.64B,$0.08B,12.50%,$0.64B,$0.07B,10.63%,$0.64B,$0.05B,7.34%,$0.05B,$0.13B,41.50%,$0.05B,$0.11B,47.84%,$0.05B,$0.23B,21.05%,$0.07B,$0.15B,48.31%,$164,$106,$58,$0,$38,$144,$20,$-0,$20,$7,$13,$13,$13,$23,$20,$46,47,$0.28,$0.28,$42,$47,$0,$152,$58,$0,$15,$5,$78,$230,$59,$20,$8,$42,$101,$1,$109,$0,$129,$230,$28,$6,$-1,$5,$4,$-3,$-3,$1,$-2,$31,$-3,$0,$0,$0,$0,$0,$0,$-3,$0,$-10,$-10,$0,$-6,$-0,$0,$-16,$12,$0,$0
16,2014-07-31,16.39,$2.50,6.55,$13.83,1.18,$2.20,7.46,$1.02,16.07,$0.15B,$0.07B,2.26,$0.03B,$0.12B,0.22,$0.64B,$0.22B,34.01%,$0.64B,$0.07B,10.40%,$0.64B,$0.07B,10.40%,$0.64B,$0.08B,12.27%,$0.64B,$0.07B,10.40%,$0.64B,$0.05B,7.14%,$0.05B,$0.12B,43.91%,$0.05B,$0.10B,51.25%,$0.05B,$0.23B,21.00%,$0.07B,$0.14B,48.82%,$175,$115,$60,$0,$38,$152,$22,$1,$23,$8,$15,$15,$15,$25,$22,$46,47,$0.33,$0.33,$37,$47,$0,$153,$58,$0,$15,$5,$78,$230,$68,$25,$8,$47,$114,$1,$96,$0,$116,$230,$15,$3,$-1,$2,$-2,$-4,$-3,$1,$1,$18,$0,$0,$0,$0,$0,$0,$0,$0,$0,$-5,$-5,$0,$-6,$-0,$0,$-11,$7,$0,$0
17,2014-04-30,18.43,$2.29,8.04,$13.78,1.34,$2.14,8.61,$0.95,19.4,$0.14B,$0.07B,2.22,$0.03B,$0.11B,0.28,$0.64B,$0.22B,34.01%,$0.64B,$0.06B,9.98%,$0.64B,$0.06B,9.98%,$0.64B,$0.08B,11.86%,$0.64B,$0.06B,9.67%,$0.64B,$0.04B,6.71%,$0.04B,$0.11B,44.68%,$0.04B,$0.09B,52.92%,$0.04B,$0.22B,19.86%,$0.06B,$0.14B,47.85%,$164,$109,$55,$0,$39,$148,$16,$-1,$15,$4,$12,$12,$12,$19,$16,$46,47,$0.25,$0.24,$30,$44,$0,$143,$59,$0,$15,$5,$80,$223,$65,$30,$8,$52,$117,$1,$81,$-0,$106,$223,$44,$12,$0,$12,$6,$-5,$1,$-3,$-3,$52,$-12,$0,$0,$0,$0,$0,$0,$-12,$0,$-20,$-20,$0,$-8,$-1,$-0,$-29,$12,$0,$0
18,2014-01-31,19.82,$2.20,9.01,$13.86,1.43,$1.93,10.25,$0.94,21.09,$0.13B,$0.05B,2.72,$0.04B,$0.10B,0.35,$0.65B,$0.22B,34.26%,$0.65B,$0.07B,10.23%,$0.65B,$0.07B,10.23%,$0.65B,$0.08B,12.09%,$0.65B,$0.07B,10.08%,$0.65B,$0.04B,6.67%,$0.04B,$0.10B,49.28%,$0.04B,$0.09B,59.31%,$0.04B,$0.21B,20.19%,$0.07B,$0.14B,50.87%,$137,$92,$45,$0,$34,$127,$10,$0,$10,$3,$7,$7,$7,$13,$10,$46,47,$0.15,$0.15,$27,$42,$0,$132,$58,$0,$15,$6,$78,$210,$49,$35,$10,$60,$108,$1,$69,$-1,$102,$210,$32,$9,$-0,$9,$13,$-3,$-11,$-2,$-8,$32,$-8,$0,$0,$0,$0,$0,$0,$-8,$0,$-15,$-15,$0,$0,$-0,$-0,$-15,$9,$0,$0
19,2013-10-31,17.51,$2.04,8.57,$14.04,1.25,$1.86,9.41,$0.97,18.05,$0.14B,$0.05B,2.55,$0.04B,$0.09B,0.43,$0.65B,$0.22B,34.00%,$0.65B,$0.07B,10.41%,$0.65B,$0.07B,10.41%,$0.65B,$0.08B,12.25%,$0.65B,$0.07B,10.26%,$0.65B,$0.04B,6.74%,$0.04B,$0.10B,57.52%,$0.04B,$0.08B,71.26%,$0.04B,$0.21B,21.03%,$0.07B,$0.14B,54.29%,$168,$109,$59,$0,$40,$149,$19,$-0,$19,$6,$12,$12,$12,$22,$19,$46,47,$0.27,$0.27,$27,$43,$0,$136,$57,$0,$15,$6,$77,$213,$53,$40,$11,$65,$118,$1,$62,$-1,$95,$213,$25,$6,$-0,$6,$8,$-4,$-7,$-0,$-7,$24,$-4,$0,$0,$0,$0,$0,$0,$-4,$0,$-10,$-10,$0,$0,$-0,$-0,$-10,$9,$0,$0
20,2013-07-31,17.0,$1.77,9.61,$14.01,1.21,$1.73,9.84,$0.96,17.71,$0.14B,$0.07B,2.09,$0.05B,$0.08B,0.55,$0.65B,$0.22B,33.44%,$0.65B,$0.07B,10.28%,$0.65B,$0.07B,10.28%,$0.65B,$0.08B,12.12%,$0.65B,$0.07B,10.12%,$0.65B,$0.04B,6.75%,$0.04B,$0.08B,49.03%,$0.04B,$0.07B,58.67%,$0.04B,$0.22B,20.56%,$0.07B,$0.13B,52.14%,$172,$114,$59,$0,$40,$154,$19,$-0,$18,$6,$12,$12,$12,$22,$19,$46,47,$0.26,$0.26,$29,$44,$0,$143,$57,$0,$15,$6,$78,$220,$68,$45,$11,$70,$138,$1,$50,$-1,$82,$220,$12,$3,$-0,$3,$2,$-5,$0,$1,$3,$18,$-2,$0,$0,$0,$0,$0,$0,$-2,$0,$-5,$-5,$0,$0,$-0,$0,$-5,$11,$0,$0
21,2013-04-30,14.08,$1.52,9.28,$14.24,0.99,$1.62,8.67,$1.01,13.94,$0.13B,$0.06B,2.06,$0.05B,$0.07B,0.72,$0.66B,$0.22B,32.73%,$0.66B,$0.07B,10.56%,$0.66B,$0.07B,10.56%,$0.66B,$0.08B,12.37%,$0.66B,$0.07B,10.56%,$0.66B,$0.05B,6.94%,$0.05B,$0.07B,44.66%,$0.05B,$0.06B,51.98%,$0.05B,$0.21B,21.00%,$0.07B,$0.12B,53.64%,$168,$110,$58,$0,$40,$150,$18,$-0,$18,$6,$12,$12,$12,$21,$18,$46,46,$0.26,$0.26,$18,$39,$0,$131,$57,$0,$15,$6,$78,$209,$63,$50,$11,$75,$138,$1,$38,$-1,$70,$209,$47,$11,$0,$11,$-2,$2,$-11,$-2,$-18,$40,$-10,$0,$0,$0,$0,$0,$0,$-10,$0,$50,$50,$0,$20,$-118,$0,$-48,$-17,$0,$-118
22,2013-01-31,13.2,$1.27,10.41,$14.19,0.93,$1.56,8.44,$1.00,13.2,$0.12B,$0.05B,2.29,$0.06B,$0.06B,1.03,$0.66B,$0.21B,32.12%,$0.66B,$0.07B,10.45%,$0.66B,$0.07B,10.45%,$0.66B,$0.08B,12.27%,$0.66B,$0.07B,10.45%,$0.66B,$0.05B,6.97%,$0.05B,$0.06B,39.66%,$0.05B,$0.04B,45.43%,$0.05B,$0.20B,20.67%,$0.07B,$0.12B,52.67%,$145,$98,$46,$0,$34,$132,$12,$-0,$12,$4,$8,$8,$8,$15,$12,$46,46,$0.18,$0.18,$18,$42,$0,$119,$56,$0,$15,$6,$76,$195,$52,$60,$11,$85,$136,$1,$26,$-0,$59,$195,$35,$8,$-0,$8,$10,$-1,$-20,$-2,$-16,$27,$-6,$0,$0,$0,$0,$0,$0,$-6,$0,$60,$60,$0,$20,$-118,$0,$-38,$-17,$0,$-118
23,2012-10-31,12.14,$3.20,3.8,$14.01,0.87,$1.38,8.8,$0.99,12.26,$0.16B,$0.06B,2.66,$0.00B,$0.15B,0.0,$0.65B,$0.21B,32.41%,$0.65B,$0.07B,10.60%,$0.65B,$0.07B,10.60%,$0.65B,$0.08B,12.29%,$0.65B,$0.07B,10.60%,$0.65B,$0.05B,7.07%,$0.05B,$0.15B,35.66%,$0.05B,$0.13B,40.26%,$0.05B,$0.23B,20.77%,$0.07B,$0.15B,53.49%,$167,$112,$55,$0,$36,$148,$18,$-0,$18,$6,$12,$12,$12,$21,$18,$46,46,$0.26,$0.26,$49,$43,$0,$156,$55,$0,$15,$6,$76,$232,$59,$0,$11,$25,$84,$1,$136,$-1,$148,$232,$26,$6,$-0,$6,$5,$-2,$-15,$-1,$-16,$16,$-3,$0,$0,$0,$0,$0,$0,$-3,$0,$0,$0,$0,$0,$0,$0,$0,$13,$0,$0
24,2012-07-31,11.84,$2.92,4.05,$13.83,0.86,$1.41,8.39,$0.97,12.2,$0.16B,$0.08B,2.06,$0.00B,$0.14B,0.0,$0.64B,$0.21B,32.71%,$0.64B,$0.07B,10.59%,$0.64B,$0.07B,10.59%,$0.64B,$0.08B,12.31%,$0.64B,$0.07B,10.59%,$0.64B,$0.05B,7.01%,$0.05B,$0.14B,38.30%,$0.05B,$0.12B,43.80%,$0.05B,$0.24B,21.23%,$0.07B,$0.14B,57.87%,$183,$125,$58,$0,$36,$161,$22,$-0,$22,$8,$14,$14,$14,$25,$22,$46,46,$0.31,$0.31,$47,$44,$0,$164,$56,$0,$15,$6,$76,$240,$80,$0,$11,$25,$105,$1,$124,$-2,$135,$240,$14,$3,$-0,$3,$-4,$-3,$-2,$-1,$-5,$12,$-1,$0,$0,$0,$0,$0,$0,$-1,$0,$0,$0,$0,$0,$0,$0,$0,$11,$0,$0
25,2012-04-30,12.13,$2.63,4.62,$13.54,0.9,$1.45,8.34,$0.95,12.77,$0.15B,$0.08B,1.92,$0.00B,$0.12B,0.0,$0.63B,$0.21B,33.92%,$0.63B,$0.07B,10.67%,$0.63B,$0.07B,10.67%,$0.63B,$0.08B,12.26%,$0.63B,$0.07B,10.67%,$0.63B,$0.04B,7.01%,$0.04B,$0.12B,41.12%,$0.04B,$0.11B,47.83%,$0.04B,$0.22B,21.73%,$0.07B,$0.12B,62.62%,$165,$113,$53,$0,$35,$148,$17,$-0,$17,$6,$12,$12,$12,$20,$17,$46,46,$0.25,$0.25,$36,$41,$0,$146,$57,$0,$15,$5,$77,$223,$76,$0,$11,$25,$101,$1,$109,$-1,$122,$223,$44,$11,$-0,$10,$-6,$-8,$6,$-2,$-17,$38,$-10,$0,$0,$0,$0,$0,$0,$-10,$0,$0,$0,$0,$0,$0,$0,$0,$28,$0,$0
26,2012-01-31,13.66,$2.39,5.72,$13.26,1.03,$1.80,7.57,$0.94,14.53,$0.12B,$0.06B,2.11,$0.00B,$0.11B,0.0,$0.62B,$0.21B,34.80%,$0.62B,$0.07B,10.89%,$0.62B,$0.07B,10.89%,$0.62B,$0.08B,12.36%,$0.62B,$0.07B,10.89%,$0.62B,$0.04B,6.99%,$0.04B,$0.11B,44.56%,$0.04B,$0.10B,52.60%,$0.04B,$0.19B,22.34%,$0.07B,$0.11B,69.43%,$136,$91,$45,$0,$33,$125,$12,$-0,$12,$4,$8,$8,$8,$14,$12,$46,46,$0.17,$0.17,$20,$38,$0,$115,$55,$0,$15,$6,$76,$191,$55,$0,$12,$26,$80,$1,$98,$0,$111,$191,$32,$8,$-0,$8,$6,$-5,$-12,$-1,$-22,$19,$-6,$0,$0,$0,$0,$0,$0,$-6,$0,$0,$0,$0,$0,$0,$0,$0,$13,$0,$0
27,2011-10-31,13.81,$2.20,6.29,$13.17,1.05,$2.16,6.4,$0.93,14.85,$0.12B,$0.07B,1.8,$0.00B,$0.10B,0.0,$0.61B,$0.22B,35.84%,$0.61B,$0.07B,10.97%,$0.61B,$0.07B,10.97%,$0.61B,$0.08B,12.44%,$0.61B,$0.07B,10.97%,$0.61B,$0.04B,6.87%,$0.04B,$0.10B,48.98%,$0.04B,$0.09B,59.15%,$0.04B,$0.19B,20.02%,$0.07B,$0.10B,78.13%,$158,$104,$54,$0,$37,$141,$17,$-0,$17,$6,$11,$11,$11,$20,$17,$46,46,$0.24,$0.24,$22,$38,$0,$119,$55,$0,$15,$6,$76,$194,$66,$0,$12,$26,$93,$1,$90,$-1,$102,$194,$25,$5,$-0,$5,$5,$-5,$-6,$-1,$-12,$18,$-4,$0,$0,$0,$0,$0,$0,$-4,$0,$0,$0,$0,$0,$0,$0,$0,$15,$0,$0
28,2011-07-31,12.07,$2.01,6.01,$13.03,0.93,$2.41,5.02,$0.91,13.26,$0.13B,$0.08B,1.53,$0.00B,$0.09B,0.0,$0.60B,$0.22B,36.59%,$0.60B,$0.07B,10.93%,$0.60B,$0.07B,10.93%,$0.60B,$0.08B,12.42%,$0.60B,$0.07B,10.93%,$0.60B,$0.04B,6.79%,$0.04B,$0.09B,40.39%,$0.04B,$0.08B,47.26%,$0.04B,$0.20B,18.18%,$0.07B,$0.09B,65.02%,$169,$108,$61,$0,$40,$148,$21,$-0,$21,$7,$13,$13,$13,$23,$21,$46,46,$0.29,$0.29,$21,$40,$0,$126,$55,$0,$15,$6,$76,$202,$82,$0,$12,$26,$109,$1,$79,$2,$93,$202,$13,$3,$-0,$3,$-1,$-6,$3,$-1,$-1,$15,$-2,$0,$0,$0,$0,$0,$0,$-2,$0,$0,$0,$0,$0,$0,$0,$0,$13,$0,$0
29,2011-04-30,11.36,$1.74,6.54,$12.94,0.88,$2.44,4.66,$0.88,12.91,$0.11B,$0.08B,1.41,$0.00B,$0.08B,0.0,$0.60B,$0.22B,36.33%,$0.60B,$0.06B,10.67%,$0.60B,$0.06B,10.67%,$0.60B,$0.07B,12.33%,$0.60B,$0.06B,10.67%,$0.60B,$0.04B,6.67%,$0.04B,$0.08B,34.33%,$0.04B,$0.07B,39.22%,$0.04B,$0.18B,16.79%,$0.06B,$0.08B,54.94%,$152,$98,$54,$0,$38,$135,$17,$-0,$17,$5,$11,$11,$11,$19,$17,$46,46,$0.24,$0.24,$7,$33,$0,$107,$55,$0,$15,$6,$76,$183,$76,$0,$12,$27,$102,$1,$65,$3,$80,$183,$41,$11,$-0,$11,$-2,$1,$1,$-1,$3,$55,$-11,$0,$0,$0,$0,$0,$0,$-11,$0,$0,$0,$0,$0,$-106,$1,$-105,$-61,$0,$-106
30,2011-01-31,10.98,$1.47,7.48,$12.90,0.85,$2.49,4.41,$0.84,13.07,$0.19B,$0.17B,1.12,$0.00B,$0.07B,0.0,$0.60B,$0.22B,36.29%,$0.60B,$0.06B,10.37%,$0.60B,$0.06B,10.37%,$0.60B,$0.07B,12.04%,$0.60B,$0.06B,10.37%,$0.60B,$0.04B,6.35%,$0.04B,$0.07B,28.79%,$0.04B,$0.05B,32.41%,$0.04B,$0.26B,15.05%,$0.06B,$0.07B,46.97%,$132,$82,$50,$0,$38,$120,$12,$-0,$12,$4,$7,$7,$7,$14,$12,$46,46,$0.16,$0.16,$98,$34,$0,$186,$53,$0,$15,$6,$75,$260,$166,$0,$11,$27,$192,$1,$54,$2,$68,$260,$30,$9,$0,$9,$10,$1,$-13,$-0,$-2,$36,$-7,$0,$0,$0,$0,$0,$0,$-7,$0,$0,$0,$0,$0,$0,$0,$0,$29,$0,$0
31,2010-10-31,9.97,$3.58,2.79,$12.89,0.77,$2.63,3.79,$0.80,12.46,$0.18B,$0.07B,2.82,$0.00B,$0.17B,0.0,$0.60B,$0.21B,35.18%,$0.60B,$0.06B,9.88%,$0.60B,$0.06B,9.88%,$0.60B,$0.07B,11.73%,$0.60B,$0.06B,9.88%,$0.60B,$0.04B,6.20%,$0.04B,$0.17B,25.04%,$0.04B,$0.15B,27.77%,$0.04B,$0.26B,15.27%,$0.06B,$0.17B,39.93%,$151,$95,$56,$0,$41,$135,$16,$0,$16,$6,$10,$10,$10,$19,$16,$46,46,$0.22,$0.22,$94,$32,$0,$183,$52,$0,$15,$7,$74,$257,$65,$0,$11,$27,$91,$1,$153,$1,$165,$257,$22,$6,$-0,$6,$7,$2,$-7,$1,$2,$30,$-4,$0,$0,$0,$0,$0,$0,$-4,$0,$0,$0,$0,$0,$0,$0,$0,$26,$0,$0
32,2010-07-31,9.91,$3.32,2.98,$12.86,0.77,$2.53,3.93,$0.76,13.05,$0.18B,$0.07B,2.45,$0.00B,$0.15B,0.0,$0.60B,$0.21B,34.40%,$0.60B,$0.06B,9.40%,$0.60B,$0.06B,9.40%,$0.60B,$0.07B,11.41%,$0.60B,$0.06B,9.40%,$0.60B,$0.04B,5.87%,$0.04B,$0.15B,22.76%,$0.04B,$0.14B,25.13%,$0.04B,$0.25B,14.26%,$0.06B,$0.15B,36.42%,$165,$107,$58,$0,$40,$146,$19,$-0,$19,$7,$12,$12,$12,$22,$19,$46,46,$0.26,$0.26,$83,$34,$0,$179,$52,$0,$15,$7,$74,$253,$73,$0,$11,$27,$99,$1,$143,$-0,$153,$253,$12,$3,$-0,$3,$-1,$1,$-5,$0,$1,$16,$-1,$0,$0,$0,$0,$0,$0,$-1,$0,$0,$0,$0,$0,$0,$0,$0,$15,$0,$0
33,2010-04-30,8.09,$3.07,2.64,$12.82,0.63,$2.45,3.3,$0.71,11.39,$0.17B,$0.07B,2.3,$0.00B,$0.14B,0.0,$0.59B,$0.20B,33.33%,$0.59B,$0.05B,8.75%,$0.59B,$0.05B,8.75%,$0.59B,$0.06B,10.77%,$0.59B,$0.05B,8.75%,$0.59B,$0.03B,5.56%,$0.03B,$0.14B,20.56%,$0.03B,$0.13B,22.64%,$0.03B,$0.24B,13.17%,$0.05B,$0.14B,32.40%,$150,$97,$53,$0,$38,$135,$15,$-0,$15,$5,$9,$9,$9,$17,$15,$46,46,$0.20,$0.20,$69,$35,$0,$165,$53,$0,$15,$8,$76,$240,$72,$0,$11,$27,$99,$1,$131,$0,$142,$240,$33,$12,$0,$12,$-0,$5,$0,$0,$9,$54,$-8,$0,$0,$0,$0,$0,$0,$-8,$0,$0,$0,$0,$0,$-62,$0,$-62,$-16,$0,$-62
34,2010-01-31,8.04,$2.85,2.83,$12.80,0.63,$2.09,3.84,$0.66,12.18,$0.14B,$0.06B,2.38,$0.00B,$0.13B,0.0,$0.59B,$0.19B,31.93%,$0.59B,$0.05B,8.11%,$0.59B,$0.05B,8.11%,$0.59B,$0.06B,10.30%,$0.59B,$0.05B,8.11%,$0.59B,$0.03B,5.24%,$0.03B,$0.13B,18.51%,$0.03B,$0.12B,20.29%,$0.03B,$0.22B,12.06%,$0.05B,$0.13B,28.66%,$131,$89,$43,$0,$34,$123,$9,$-0,$9,$3,$6,$6,$6,$12,$9,$46,46,$0.12,$0.12,$58,$32,$0,$144,$53,$0,$15,$8,$75,$219,$60,$0,$11,$27,$87,$1,$122,$-1,$131,$219,$24,$10,$1,$10,$9,$8,$-10,$0,$7,$41,$-6,$0,$0,$0,$0,$0,$0,$-6,$0,$0,$0,$0,$0,$-62,$0,$-62,$-26,$0,$-62
35,2009-10-31,6.9,$4.10,1.68,$12.77,0.54,$1.77,3.91,$0.62,11.13,$0.19B,$0.05B,3.56,$0.00B,$0.19B,0.0,$0.59B,$0.18B,31.02%,$0.59B,$0.04B,7.46%,$0.59B,$0.04B,7.46%,$0.59B,$0.06B,9.66%,$0.59B,$0.05B,7.63%,$0.59B,$0.03B,4.92%,$0.03B,$0.19B,16.52%,$0.03B,$0.17B,18.07%,$0.03B,$0.27B,10.98%,$0.04B,$0.19B,25.07%,$150,$99,$51,$0,$38,$136,$13,$-0,$13,$5,$8,$8,$8,$17,$13,$46,46,$0.18,$0.18,$105,$34,$0,$193,$54,$0,$15,$8,$77,$270,$54,$0,$11,$27,$81,$1,$178,$0,$189,$270,$18,$6,$1,$7,$7,$6,$-16,$2,$0,$25,$-4,$0,$0,$0,$0,$0,$0,$-4,$0,$0,$0,$0,$0,$0,$0,$0,$21,$0,$0
36,2009-07-31,6.72,$3.92,1.72,$12.66,0.53,$1.52,4.43,$0.58,11.59,$0.20B,$0.07B,2.97,$0.00B,$0.18B,0.0,$0.58B,$0.18B,29.97%,$0.58B,$0.04B,7.02%,$0.58B,$0.04B,7.02%,$0.58B,$0.05B,9.08%,$0.58B,$0.04B,7.19%,$0.58B,$0.03B,4.62%,$0.03B,$0.18B,16.07%,$0.03B,$0.17B,17.65%,$0.03B,$0.27B,10.47%,$0.04B,$0.18B,24.40%,$163,$112,$51,$0,$35,$148,$15,$-0,$15,$5,$10,$10,$10,$18,$15,$46,46,$0.21,$0.21,$95,$37,$0,$195,$55,$0,$15,$8,$78,$273,$66,$0,$10,$27,$92,$1,$170,$0,$180,$273,$10,$3,$0,$3,$-2,$3,$-9,$2,$-0,$13,$-1,$0,$0,$0,$0,$0,$0,$-1,$0,$0,$0,$0,$0,$0,$0,$0,$11,$0,$0
37,2009-04-30,6.64,$3.69,1.8,$12.46,0.53,$1.39,4.79,$0.54,12.29,$0.19B,$0.07B,2.72,$0.00B,$0.17B,0.0,$0.57B,$0.17B,29.62%,$0.57B,$0.04B,6.62%,$0.57B,$0.04B,6.62%,$0.57B,$0.05B,8.71%,$0.57B,$0.04B,6.79%,$0.57B,$0.03B,4.36%,$0.03B,$0.17B,15.50%,$0.03B,$0.16B,17.09%,$0.03B,$0.27B,9.96%,$0.04B,$0.17B,23.57%,$148,$104,$44,$0,$33,$137,$11,$-0,$11,$4,$7,$7,$7,$14,$11,$46,46,$0.15,$0.15,$84,$40,$0,$186,$56,$0,$15,$8,$79,$266,$68,$0,$11,$27,$96,$1,$160,$0,$170,$266,$25,$12,$0,$12,$-5,$-1,$-2,$3,$-1,$36,$-6,$0,$0,$3,$0,$3,$0,$-3,$0,$0,$0,$0,$0,$0,$0,$0,$33,$0,$0
38,2009-01-31,5.49,$3.54,1.55,$12.44,0.44,$1.28,4.3,$0.51,10.76,$0.17B,$0.06B,2.96,$0.00B,$0.16B,0.0,$0.57B,$0.17B,29.62%,$0.57B,$0.04B,6.27%,$0.57B,$0.04B,6.27%,$0.57B,$0.05B,8.36%,$0.57B,$0.04B,6.45%,$0.57B,$0.02B,4.18%,$0.02B,$0.16B,15.48%,$0.02B,$0.15B,17.14%,$0.02B,$0.25B,9.83%,$0.04B,$0.16B,23.23%,$129,$92,$37,$0,$32,$124,$5,$1,$6,$2,$4,$4,$4,$8,$5,$46,46,$0.08,$0.08,$75,$39,$0,$169,$55,$0,$15,$9,$78,$247,$57,$0,$10,$27,$84,$1,$153,$0,$163,$247,$18,$9,$1,$10,$6,$-0,$-11,$3,$-3,$25,$-5,$0,$0,$3,$0,$3,$0,$-2,$0,$0,$0,$0,$0,$0,$0,$0,$23,$0,$0
39,2008-10-31,5.77,$3.46,1.67,$12.31,0.47,$0.95,6.05,$0.50,11.55,$0.17B,$0.06B,2.79,$0.00B,$0.16B,0.0,$0.57B,$0.17B,30.11%,$0.57B,$0.04B,6.34%,$0.57B,$0.04B,6.34%,$0.57B,$0.05B,8.45%,$0.57B,$0.04B,6.34%,$0.57B,$0.02B,4.05%,$0.02B,$0.16B,15.44%,$0.02B,$0.14B,17.16%,$0.02B,$0.25B,9.76%,$0.04B,$0.16B,24.16%,$144,$102,$43,$0,$33,$135,$10,$1,$10,$4,$6,$6,$6,$13,$10,$46,46,$0.14,$0.14,$64,$42,$0,$167,$55,$0,$15,$9,$79,$246,$60,$0,$10,$27,$86,$1,$150,$0,$159,$246,$14,$6,$0,$6,$2,$-4,$-7,$2,$-9,$12,$-3,$0,$0,$3,$0,$3,$0,$0,$0,$0,$0,$0,$0,$0,$0,$0,$13,$0,$0
40,2008-07-31,4.91,$3.32,1.48,$12.30,0.4,$1.01,4.87,$0.50,9.82,$0.17B,$0.07B,2.5,$0.00B,$0.15B,0.0,$0.57B,$0.17B,30.46%,$0.57B,$0.04B,6.34%,$0.57B,$0.04B,6.34%,$0.57B,$0.05B,8.45%,$0.57B,$0.04B,6.34%,$0.57B,$0.02B,4.05%,$0.02B,$0.15B,16.08%,$0.02B,$0.14B,17.97%,$0.02B,$0.25B,10.00%,$0.04B,$0.15B,25.17%,$153,$107,$46,$0,$34,$141,$12,$0,$12,$4,$8,$8,$8,$15,$12,$46,46,$0.17,$0.17,$60,$46,$0,$165,$57,$0,$15,$9,$80,$245,$66,$0,$10,$27,$93,$1,$143,$0,$153,$245,$8,$3,$0,$3,$-1,$-7,$-1,$5,$-4,$6,$-1,$0,$0,$2,$0,$2,$0,$1,$0,$0,$0,$0,$0,$0,$0,$0,$7,$0,$0
41,2008-04-30,5.08,$3.15,1.61,$12.28,0.41,$1.01,5.05,$0.49,10.37,$0.16B,$0.07B,2.32,$0.00B,$0.14B,0.0,$0.57B,$0.17B,30.51%,$0.57B,$0.04B,6.17%,$0.57B,$0.04B,6.17%,$0.57B,$0.05B,8.29%,$0.57B,$0.04B,6.17%,$0.57B,$0.02B,3.88%,$0.02B,$0.15B,16.09%,$0.02B,$0.13B,18.07%,$0.02B,$0.24B,9.41%,$0.04B,$0.15B,25.59%,$148,$104,$44,$0,$35,$139,$9,$0,$9,$3,$6,$6,$6,$12,$9,$46,46,$0.12,$0.12,$54,$39,$0,$157,$58,$0,$15,$9,$82,$239,$68,$0,$10,$27,$94,$1,$135,$0,$145,$239,$22,$12,$2,$13,$3,$5,$-5,$-3,$-2,$34,$-10,$0,$0,$-3,$0,$-3,$0,$-13,$0,$0,$0,$0,$0,$-37,$1,$-35,$-14,$0,$-37
42,2008-01-31,4.47,$3.02,1.48,$12.03,0.37,$0.96,4.68,$0.50,8.95,$0.13B,$0.05B,2.73,$0.00B,$0.14B,0.0,$0.56B,$0.17B,30.81%,$0.56B,$0.03B,6.13%,$0.56B,$0.03B,6.13%,$0.56B,$0.05B,8.29%,$0.56B,$0.04B,6.49%,$0.56B,$0.02B,3.96%,$0.02B,$0.14B,15.74%,$0.02B,$0.12B,17.64%,$0.02B,$0.21B,9.22%,$0.03B,$0.14B,24.33%,$123,$86,$38,$0,$33,$118,$5,$0,$5,$2,$3,$3,$3,$8,$5,$46,46,$0.07,$0.07,$35,$43,$0,$131,$57,$0,$15,$10,$82,$213,$48,$0,$11,$26,$74,$1,$130,$0,$139,$213,$17,$9,$-0,$9,$11,$1,$-24,$1,$-13,$12,$-7,$0,$0,$0,$0,$0,$0,$-7,$0,$0,$0,$0,$0,$-37,$1,$-35,$-30,$0,$-37
43,2007-10-31,5.24,$2.95,1.77,$11.90,0.44,$1.12,4.68,$0.50,10.54,$0.14B,$0.06B,2.26,$0.00B,$0.14B,0.0,$0.55B,$0.17B,31.15%,$0.55B,$0.03B,6.01%,$0.55B,$0.03B,6.01%,$0.55B,$0.05B,8.20%,$0.55B,$0.04B,6.56%,$0.55B,$0.02B,4.01%,$0.02B,$0.14B,15.41%,$0.02B,$0.12B,17.22%,$0.02B,$0.22B,9.04%,$0.03B,$0.14B,23.12%,$144,$99,$45,$0,$35,$134,$10,$0,$10,$4,$6,$6,$6,$13,$10,$46,46,$0.14,$0.14,$41,$42,$0,$141,$57,$0,$15,$11,$83,$223,$62,$0,$11,$27,$89,$0,$127,$0,$135,$223,$14,$6,$-0,$6,$5,$2,$-10,$2,$-3,$16,$-4,$0,$0,$0,$0,$0,$0,$-4,$0,$0,$0,$0,$0,$-37,$0,$-36,$-24,$0,$-37
44,2007-07-31,6.3,$2.81,2.24,$11.73,0.54,$1.11,5.7,$0.48,13.08,$0.18B,$0.11B,1.68,$0.00B,$0.13B,0.0,$0.54B,$0.17B,31.42%,$0.54B,$0.03B,5.91%,$0.54B,$0.03B,5.91%,$0.54B,$0.04B,8.13%,$0.54B,$0.04B,6.47%,$0.54B,$0.02B,4.07%,$0.02B,$0.13B,15.09%,$0.02B,$0.11B,16.83%,$0.02B,$0.26B,9.00%,$0.03B,$0.13B,21.96%,$152,$105,$46,$0,$36,$141,$11,$0,$11,$4,$7,$7,$7,$14,$11,$46,46,$0.16,$0.16,$71,$42,$0,$176,$57,$0,$15,$11,$84,$260,$105,$0,$12,$27,$132,$0,$120,$0,$128,$260,$7,$3,$-0,$2,$-0,$2,$-8,$1,$-2,$7,$-2,$0,$0,$0,$0,$0,$0,$-2,$0,$0,$0,$0,$0,$0,$0,$0,$5,$0,$0
45,2007-04-30,9.13,$3.46,2.64,$11.70,0.78,$1.12,8.17,$0.53,17.23,$0.17B,$0.08B,2.29,$0.00B,$0.16B,0.0,$0.54B,$0.17B,32.28%,$0.54B,$0.04B,6.68%,$0.54B,$0.04B,6.68%,$0.54B,$0.05B,8.91%,$0.54B,$0.04B,7.24%,$0.54B,$0.03B,4.64%,$0.03B,$0.16B,16.78%,$0.03B,$0.14B,18.66%,$0.03B,$0.26B,10.50%,$0.04B,$0.16B,24.16%,$136,$94,$42,$0,$33,$128,$8,$1,$10,$3,$6,$6,$6,$11,$8,$46,46,$0.13,$0.14,$66,$44,$0,$174,$57,$0,$15,$12,$84,$258,$76,$0,$9,$24,$100,$0,$150,$0,$157,$258,$25,$12,$-3,$9,$-4,$-10,$16,$-3,$-1,$33,$-11,$0,$0,$0,$0,$0,$0,$-11,$0,$0,$0,$0,$0,$0,$1,$2,$23,$0,$0
46,2007-01-31,8.32,$3.33,2.49,$11.65,0.71,$1.15,7.22,$0.55,15.12,$0.15B,$0.06B,2.65,$0.00B,$0.15B,0.0,$0.54B,$0.17B,32.46%,$0.54B,$0.04B,6.53%,$0.54B,$0.04B,6.53%,$0.54B,$0.05B,8.77%,$0.54B,$0.04B,6.90%,$0.54B,$0.03B,4.66%,$0.03B,$0.15B,17.54%,$0.03B,$0.14B,19.61%,$0.03B,$0.23B,10.96%,$0.04B,$0.15B,24.56%,$117,$79,$38,$0,$34,$113,$4,$0,$5,$2,$3,$3,$3,$7,$4,$46,46,$0.07,$0.07,$56,$43,$0,$151,$55,$0,$15,$11,$81,$232,$57,$0,$9,$24,$81,$0,$144,$0,$151,$232,$19,$9,$-2,$7,$8,$-8,$-3,$-3,$-6,$19,$-6,$0,$0,$0,$0,$0,$0,$-6,$0,$0,$0,$0,$0,$0,$1,$1,$14,$0,$0
47,2006-10-31,6.72,$3.26,2.06,$11.49,0.58,$1.29,5.22,$0.53,12.6,$0.15B,$0.05B,2.69,$0.00B,$0.15B,0.0,$0.53B,$0.17B,32.33%,$0.53B,$0.03B,6.43%,$0.53B,$0.03B,6.43%,$0.53B,$0.05B,8.88%,$0.53B,$0.04B,6.81%,$0.53B,$0.02B,4.54%,$0.02B,$0.15B,17.68%,$0.02B,$0.13B,19.88%,$0.02B,$0.23B,10.88%,$0.03B,$0.15B,25.05%,$136,$92,$44,$0,$35,$127,$9,$0,$9,$3,$6,$6,$6,$12,$9,$46,46,$0.13,$0.12,$54,$38,$0,$146,$55,$0,$15,$12,$82,$228,$54,$0,$9,$26,$80,$0,$141,$0,$147,$228,$16,$6,$-0,$6,$5,$-4,$-7,$-2,$-6,$16,$-4,$0,$0,$0,$0,$0,$0,$-4,$0,$0,$0,$0,$0,$0,$0,$1,$12,$0,$0
