,Date,Stock Price,Book Value per Share,Price to Book Ratio,TTM Sales per Share,Price to Sales Ratio,TTM FCF per Share,Price to FCF Ratio,TTM Net EPS,PE Ratio,Current Assets,Current Liabilities,Current Ratio,Long Term Debt,Shareholder's Equity_x,Debt to Equity Ratio,TTM Revenue_x,TTM Gross Profit,Gross Margin,TTM Revenue_y,TTM Operating Income,Operating Margin,TTM Revenue_x,TTM EBIT,EBIT Margin,TTM Revenue_y,TTM EBITDA,EBITDA Margin,TTM Revenue_x,TTM Pre-Tax Income,Pre-Tax Margin,TTM Revenue_y,TTM Net Income_x,Net Margin,TTM Net Income_y,Shareholder's Equity_y,Return on Equity,TTM Net Income_x,Tangible Equity,Return on Tangible Equity,TTM Net Income_y,Total Assets,Return on Assets,TTM Net Income,LT Investments & Debt,Return on Investment,revenue,cost-goods-sold,gross-profit,research-development-expenses,selling-general-administrative-expenses,operating-expenses,operating-income,total-non-operating-income-expense,pre-tax-income,total-provision-income-taxes,income-after-taxes,income-from-continuous-operations,net-income,ebitda,ebit,basic-shares-outstanding,shares-outstanding,eps-basic-net-earnings-per-share,eps-earnings-per-share-diluted,cash-on-hand,inventory,other-current-assets,total-current-assets,net-property-plant-equipment,long-term-investments,goodwill-intangible-assets-total,other-long-term-assets,total-long-term-assets,total-assets,total-current-liabilities,long-term-debt,other-non-current-liabilities,total-long-term-liabilities,total-liabilities,common-stock-net,retained-earnings-accumulated-deficit,comprehensive-income,total-share-holder-equity,total-liabilities-share-holders-equity,net-income-loss,total-depreciation-amortization-cash-flow,other-non-cash-items,total-non-cash-items,change-in-accounts-receivable,change-in-inventories,change-in-accounts-payable,change-in-assets-liabilities,total-change-in-assets-liabilities,cash-flow-from-operating-activities,net-change-in-property-plant-equipment,net-change-in-intangible-assets,net-acquisitions-divestitures,net-change-in-short-term-investments,net-change-in-long-term-investments,net-change-in-investments-total,investing-activities-other,cash-flow-from-investing-activities,net-long-term-debt,net-current-debt,debt-issuance-retirement-net-total,net-common-equity-issued-repurchased,net-total-equity-issued-repurchased,total-common-preferred-stock-dividends-paid,financial-activities-other,cash-flow-from-financial-activities,net-cash-flow,stock-based-compensation,common-stock-dividends-paid
0,2018-09-30,7.49,$0.57,13.14,$2.91,2.58,$-2.36,0.0,$-1.03,0.0,$0.07B,$0.04B,1.85,$0.17B,$0.02B,7.56,$0.11B,$0.06B,52.78%,$0.11B,$-0.05B,-43.52%,$0.11B,$-0.05B,-43.52%,$0.11B,$-0.02B,-21.30%,$0.11B,$-0.06B,-51.85%,$0.11B,$-0.05B,-50.00%,$-0.05B,$0.02B,-157.66%,$-0.05B,$-0.14B,40.22%,$-0.05B,$0.25B,-20.22%,$-0.05B,$0.19B,-22.57%,$29,$13,$16,$7,$20,$41,$-12,$-4,$-16,$-1,$-15,$-15,$-15,$-5,$-12,$39,39,$-0.38,$-0.38,$36,$15,$0,$72,$10,$0,$164,$6,$180,$252,$39,$169,$2,$191,$230,$0,$-544,$-1,$22,$252,$-44,$18,$6,$24,$-3,$-1,$2,$-3,$-5,$-25,$-0,$0,$0,$0,$5,$5,$0,$5,$0,$0,$0,$1,$1,$0,$-3,$-2,$-22,$6,$0
1,2018-06-30,5.96,$0.89,6.7,$2.89,2.07,$-2.48,0.0,$-1.49,0.0,$0.08B,$0.04B,2.05,$0.17B,$0.04B,4.79,$0.10B,$0.05B,50.96%,$0.10B,$-0.05B,-49.04%,$0.10B,$-0.05B,-49.04%,$0.10B,$-0.03B,-27.88%,$0.10B,$-0.06B,-54.81%,$0.10B,$-0.06B,-52.88%,$-0.06B,$0.04B,-142.86%,$-0.06B,$-0.13B,41.43%,$-0.06B,$0.26B,-19.86%,$-0.05B,$0.20B,-23.31%,$26,$13,$14,$7,$19,$39,$-13,$-4,$-16,$-0,$-16,$-16,$-16,$-6,$-13,$39,39,$-0.42,$-0.42,$40,$15,$0,$75,$10,$0,$167,$6,$184,$259,$37,$167,$2,$188,$224,$0,$-529,$-1,$35,$259,$-29,$12,$4,$15,$-2,$-1,$2,$-6,$-6,$-20,$-0,$0,$0,$0,$4,$4,$0,$4,$0,$0,$0,$1,$1,$0,$-3,$-2,$-19,$4,$0
2,2018-03-31,5.84,$1.25,4.68,$3.02,1.93,$-2.55,0.0,$-1.65,0.0,$0.08B,$0.03B,2.4,$0.16B,$0.05B,3.38,$0.10B,$0.05B,50.00%,$0.10B,$-0.05B,-52.94%,$0.10B,$-0.05B,-52.94%,$0.10B,$-0.04B,-34.31%,$0.10B,$-0.06B,-57.84%,$0.10B,$-0.06B,-54.90%,$-0.06B,$0.05B,-156.64%,$-0.06B,$-0.12B,40.51%,$-0.06B,$0.27B,-19.86%,$-0.05B,$0.21B,-24.22%,$25,$12,$13,$7,$19,$38,$-13,$-2,$-14,$-1,$-13,$-13,$-13,$-8,$-13,$39,39,$-0.34,$-0.34,$47,$15,$0,$81,$11,$0,$170,$7,$189,$270,$34,$164,$2,$187,$221,$0,$-513,$-1,$49,$270,$-13,$5,$2,$6,$-1,$-1,$1,$-9,$-9,$-16,$-0,$0,$0,$0,$-0,$-0,$0,$-0,$0,$0,$0,$0,$0,$0,$-0,$-0,$-16,$2,$0
3,2017-12-31,5.89,$0.80,7.38,$3.25,1.81,$-2.45,0.0,$-1.90,0.0,$0.10B,$0.03B,2.83,$0.20B,$0.03B,6.31,$0.10B,$0.05B,50.49%,$0.10B,$-0.06B,-57.28%,$0.10B,$-0.06B,-57.28%,$0.10B,$-0.04B,-38.83%,$0.10B,$-0.06B,-62.14%,$0.10B,$-0.06B,-58.25%,$-0.06B,$0.03B,-180.45%,$-0.06B,$-0.14B,41.74%,$-0.06B,$0.29B,-20.87%,$-0.06B,$0.23B,-25.85%,$28,$13,$14,$7,$16,$36,$-9,$-2,$-10,$0,$-10,$-10,$-10,$-4,$-9,$33,33,$-0.21,$-0.21,$63,$15,$0,$95,$12,$0,$173,$8,$193,$287,$33,$195,$6,$223,$256,$0,$-500,$-1,$31,$287,$-61,$19,$9,$27,$-1,$5,$1,$5,$9,$-24,$-2,$-0,$0,$0,$19,$19,$0,$18,$0,$0,$0,$29,$29,$0,$-0,$29,$23,$9,$0
4,2017-09-30,5.04,$1.01,4.98,$3.27,1.54,$-3.20,0.0,$-2.24,0.0,$0.10B,$0.03B,3.02,$0.20B,$0.04B,5.0,$0.10B,$0.05B,52.00%,$0.10B,$-0.07B,-68.00%,$0.10B,$-0.07B,-68.00%,$0.10B,$-0.05B,-49.00%,$0.10B,$-0.07B,-74.00%,$0.10B,$-0.07B,-68.00%,$-0.07B,$0.04B,-175.48%,$-0.07B,$-0.14B,48.23%,$-0.07B,$0.29B,-23.27%,$-0.07B,$0.23B,-29.09%,$25,$13,$12,$8,$20,$40,$-16,$-1,$-17,$-1,$-16,$-16,$-16,$-11,$-16,$35,35,$-0.46,$-0.46,$62,$18,$0,$96,$13,$0,$176,$7,$196,$292,$32,$195,$5,$221,$253,$0,$-490,$-1,$39,$292,$-50,$14,$7,$21,$1,$2,$1,$1,$5,$-25,$-1,$0,$0,$0,$23,$23,$0,$22,$0,$0,$0,$29,$29,$0,$-0,$29,$26,$7,$0
5,2017-06-30,4.04,$0.81,4.96,$3.32,1.22,$-3.57,0.0,$-2.46,0.0,$0.08B,$0.03B,2.31,$0.20B,$0.02B,8.15,$0.10B,$0.05B,53.61%,$0.10B,$-0.07B,-72.16%,$0.10B,$-0.07B,-72.16%,$0.10B,$-0.05B,-53.61%,$0.10B,$-0.08B,-79.38%,$0.10B,$-0.07B,-74.23%,$-0.07B,$0.02B,-156.52%,$-0.07B,$-0.15B,52.65%,$-0.07B,$0.28B,-24.06%,$-0.07B,$0.22B,-29.05%,$24,$12,$12,$7,$21,$40,$-16,$-1,$-18,$-1,$-17,$-17,$-17,$-12,$-16,$29,29,$-0.58,$-0.58,$42,$19,$0,$79,$14,$0,$178,$7,$200,$279,$34,$195,$5,$220,$255,$0,$-474,$-1,$24,$279,$-34,$10,$4,$14,$1,$1,$0,$1,$3,$-17,$-1,$0,$0,$0,$22,$22,$0,$21,$0,$0,$0,$0,$0,$0,$-0,$-0,$5,$5,$0
6,2017-03-31,5.69,$1.31,4.33,$3.47,1.64,$-3.58,0.0,$-2.52,0.0,$0.09B,$0.03B,2.75,$0.20B,$0.04B,5.07,$0.10B,$0.06B,55.45%,$0.10B,$-0.07B,-71.29%,$0.10B,$-0.07B,-71.29%,$0.10B,$-0.05B,-53.47%,$0.10B,$-0.08B,-78.22%,$0.10B,$-0.07B,-73.27%,$-0.07B,$0.04B,-121.31%,$-0.07B,$-0.14B,59.44%,$-0.07B,$0.29B,-23.49%,$-0.07B,$0.23B,-28.13%,$26,$12,$14,$9,$23,$43,$-18,$-1,$-19,$-2,$-17,$-17,$-17,$-13,$-18,$29,29,$-0.59,$-0.59,$50,$20,$0,$86,$15,$0,$181,$10,$206,$292,$31,$195,$3,$223,$254,$0,$-457,$-1,$39,$292,$-17,$5,$2,$7,$0,$0,$0,$1,$2,$-8,$-1,$0,$0,$0,$18,$18,$0,$18,$0,$0,$0,$0,$0,$0,$0,$0,$9,$2,$0
7,2016-12-31,7.28,$1.82,3.99,$3.61,2.02,$-3.58,0.0,$-2.62,0.0,$0.10B,$0.03B,3.28,$0.20B,$0.05B,3.66,$0.10B,$0.06B,56.73%,$0.10B,$-0.07B,-70.19%,$0.10B,$-0.07B,-70.19%,$0.10B,$-0.06B,-53.85%,$0.10B,$-0.08B,-77.88%,$0.10B,$-0.08B,-74.04%,$-0.08B,$0.05B,-101.32%,$-0.08B,$-0.13B,68.75%,$-0.08B,$0.31B,-23.30%,$-0.07B,$0.25B,-26.94%,$25,$11,$14,$9,$23,$43,$-18,$-2,$-20,$-2,$-18,$-18,$-18,$-13,$-18,$29,29,$-0.61,$-0.61,$59,$20,$0,$97,$17,$0,$184,$9,$210,$306,$30,$195,$3,$224,$253,$0,$-439,$-1,$53,$306,$-76,$18,$14,$32,$11,$-3,$-2,$-0,$5,$-39,$-5,$0,$0,$0,$50,$50,$0,$45,$0,$0,$0,$0,$0,$0,$-0,$0,$6,$14,$0
8,2016-09-30,8.01,$2.33,3.43,$3.81,2.1,$-3.40,0.0,$-2.46,0.0,$0.11B,$0.03B,3.87,$0.20B,$0.07B,2.87,$0.11B,$0.06B,57.27%,$0.11B,$-0.07B,-62.73%,$0.11B,$-0.07B,-62.73%,$0.11B,$-0.05B,-48.18%,$0.11B,$-0.07B,-67.27%,$0.11B,$-0.07B,-65.45%,$-0.07B,$0.07B,-78.69%,$-0.07B,$-0.12B,72.54%,$-0.07B,$0.32B,-20.78%,$-0.07B,$0.26B,-24.08%,$22,$10,$12,$9,$21,$41,$-18,$-2,$-20,$-0,$-20,$-20,$-20,$-14,$-18,$29,29,$-0.68,$-0.68,$71,$21,$0,$108,$17,$0,$187,$8,$212,$320,$28,$195,$4,$225,$252,$0,$-422,$-1,$68,$320,$-58,$13,$12,$25,$12,$-4,$-1,$-2,$5,$-28,$-4,$0,$0,$0,$36,$36,$0,$31,$0,$0,$0,$0,$0,$0,$-0,$0,$3,$11,$0
9,2016-06-30,9.03,$2.90,3.11,$4.04,2.23,$-3.42,0.0,$-2.10,0.0,$0.13B,$0.03B,3.93,$0.20B,$0.08B,2.31,$0.12B,$0.07B,58.12%,$0.12B,$-0.06B,-50.43%,$0.12B,$-0.06B,-50.43%,$0.12B,$-0.04B,-36.75%,$0.12B,$-0.06B,-54.70%,$0.12B,$-0.06B,-52.14%,$-0.06B,$0.08B,-57.82%,$-0.06B,$-0.11B,69.32%,$-0.06B,$0.34B,-16.90%,$-0.06B,$0.28B,-19.62%,$28,$12,$16,$10,$24,$46,$-18,$-1,$-20,$-1,$-19,$-19,$-19,$-14,$-18,$29,29,$-0.64,$-0.64,$86,$18,$0,$127,$17,$0,$190,$9,$215,$342,$32,$195,$4,$225,$258,$0,$-402,$-1,$84,$342,$-39,$9,$8,$17,$6,$-1,$-1,$2,$7,$-15,$-3,$0,$0,$0,$24,$24,$0,$21,$0,$0,$0,$0,$0,$0,$0,$0,$7,$7,$0
10,2016-03-31,8.07,$3.43,2.36,$4.06,1.99,$-3.49,0.0,$-1.99,0.0,$0.14B,$0.03B,4.52,$0.20B,$0.10B,1.97,$0.12B,$0.07B,58.47%,$0.12B,$-0.06B,-47.46%,$0.12B,$-0.06B,-47.46%,$0.12B,$-0.04B,-33.05%,$0.12B,$-0.06B,-50.85%,$0.12B,$-0.06B,-48.31%,$-0.06B,$0.10B,-48.41%,$-0.06B,$-0.09B,72.61%,$-0.06B,$0.35B,-15.29%,$-0.06B,$0.29B,-17.88%,$29,$12,$17,$10,$25,$48,$-19,$-2,$-21,$-1,$-20,$-20,$-20,$-15,$-19,$29,29,$-0.69,$-0.69,$95,$20,$0,$138,$15,$0,$192,$9,$217,$354,$31,$195,$2,$225,$255,$0,$-383,$-1,$99,$354,$-20,$4,$4,$8,$6,$-2,$-2,$2,$4,$-8,$-1,$0,$0,$0,$22,$22,$0,$21,$0,$0,$0,$0,$0,$0,$0,$0,$14,$4,$0
11,2015-12-31,10.81,$3.98,2.71,$4.00,2.7,$-3.56,0.0,$-1.86,0.0,$0.14B,$0.03B,4.79,$0.20B,$0.12B,1.69,$0.12B,$0.07B,58.62%,$0.12B,$-0.05B,-43.97%,$0.12B,$-0.05B,-43.97%,$0.12B,$-0.03B,-29.31%,$0.12B,$-0.06B,-48.28%,$0.12B,$-0.05B,-45.69%,$-0.05B,$0.12B,-41.25%,$-0.05B,$-0.08B,75.18%,$-0.05B,$0.37B,-13.84%,$-0.05B,$0.31B,-15.73%,$31,$13,$18,$10,$22,$44,$-14,$1,$-13,$-0,$-13,$-13,$-13,$-10,$-14,$29,29,$-0.45,$-0.45,$95,$18,$0,$144,$15,$6,$195,$9,$226,$370,$30,$195,$2,$225,$255,$0,$-363,$-1,$115,$370,$-53,$16,$11,$27,$-3,$-4,$1,$-3,$-8,$-35,$-4,$-7,$0,$0,$36,$36,$0,$26,$0,$0,$0,$5,$5,$0,$-0,$5,$-5,$17,$0
12,2015-09-30,8.11,$4.31,1.88,$4.13,1.96,$-3.29,0.0,$-1.80,0.0,$0.15B,$0.03B,5.29,$0.20B,$0.12B,1.58,$0.12B,$0.07B,60.17%,$0.12B,$-0.05B,-39.83%,$0.12B,$-0.05B,-39.83%,$0.12B,$-0.03B,-25.42%,$0.12B,$-0.06B,-46.61%,$0.12B,$-0.05B,-43.22%,$-0.05B,$0.12B,-37.16%,$-0.05B,$-0.07B,79.07%,$-0.05B,$0.38B,-12.99%,$-0.05B,$0.32B,-14.10%,$29,$11,$17,$9,$20,$36,$-8,$-2,$-10,$-0,$-9,$-9,$-9,$-4,$-8,$29,29,$-0.32,$-0.32,$97,$19,$0,$145,$14,$17,$198,$4,$233,$378,$27,$196,$2,$227,$254,$0,$-351,$-1,$124,$378,$-40,$12,$9,$22,$-4,$-5,$1,$-4,$-11,$-30,$-3,$-0,$0,$0,$24,$24,$0,$21,$0,$0,$0,$5,$5,$0,$0,$5,$-5,$13,$0
13,2015-06-30,24.2,$4.61,5.25,$4.19,5.77,$-3.04,0.0,$-1.97,0.0,$0.14B,$0.03B,4.96,$0.20B,$0.13B,1.47,$0.12B,$0.07B,60.50%,$0.12B,$-0.05B,-43.70%,$0.12B,$-0.05B,-43.70%,$0.12B,$-0.04B,-29.41%,$0.12B,$-0.06B,-50.42%,$0.12B,$-0.06B,-47.06%,$-0.06B,$0.13B,-38.62%,$-0.06B,$-0.07B,93.72%,$-0.06B,$0.39B,-13.98%,$-0.05B,$0.33B,-15.26%,$29,$12,$17,$10,$21,$43,$-15,$-1,$-16,$-0,$-15,$-15,$-15,$-10,$-15,$29,29,$-0.53,$-0.53,$100,$19,$0,$143,$14,$27,$201,$4,$246,$389,$29,$196,$2,$227,$256,$0,$-341,$-1,$133,$389,$-31,$8,$9,$17,$1,$-3,$0,$-2,$-4,$-18,$-2,$-0,$0,$0,$6,$6,$0,$3,$0,$0,$0,$5,$5,$0,$0,$5,$-10,$9,$0
14,2015-03-31,42.1,$4.96,8.49,$4.19,10.05,$-2.88,0.0,$-1.89,0.0,$0.16B,$0.03B,6.23,$0.20B,$0.14B,1.37,$0.12B,$0.07B,61.86%,$0.12B,$-0.05B,-41.53%,$0.12B,$-0.05B,-41.53%,$0.12B,$-0.03B,-28.81%,$0.12B,$-0.06B,-49.15%,$0.12B,$-0.05B,-45.76%,$-0.05B,$0.14B,-35.47%,$-0.05B,$-0.06B,97.30%,$-0.05B,$0.40B,-13.24%,$-0.05B,$0.34B,-14.09%,$27,$11,$16,$10,$20,$41,$-14,$-3,$-17,$-1,$-16,$-16,$-16,$-10,$-14,$28,28,$-0.56,$-0.56,$116,$17,$0,$155,$14,$19,$204,$4,$240,$395,$25,$196,$2,$228,$253,$0,$-326,$-1,$142,$395,$-16,$4,$4,$8,$3,$-1,$-1,$-3,$-2,$-10,$-1,$-0,$0,$0,$11,$11,$0,$10,$0,$0,$0,$4,$4,$0,$0,$4,$3,$4,$0
15,2014-12-31,33.73,$5.31,6.36,$4.20,8.02,$-2.96,0.0,$-1.90,0.0,$0.16B,$0.03B,5.31,$0.20B,$0.15B,1.3,$0.12B,$0.07B,63.25%,$0.12B,$-0.05B,-44.44%,$0.12B,$-0.05B,-44.44%,$0.12B,$-0.04B,-32.48%,$0.12B,$-0.06B,-50.43%,$0.12B,$-0.05B,-45.30%,$-0.05B,$0.15B,-33.44%,$-0.05B,$-0.06B,101.92%,$-0.05B,$0.41B,-12.76%,$-0.05B,$0.35B,-14.69%,$33,$13,$21,$12,$19,$43,$-10,$-2,$-12,$-1,$-11,$-11,$-11,$-6,$-10,$28,28,$-0.39,$-0.39,$115,$16,$0,$156,$14,$27,$206,$4,$252,$408,$29,$195,$2,$228,$257,$0,$-310,$-1,$150,$408,$-53,$14,$24,$38,$-3,$-6,$0,$2,$-8,$-23,$-7,$0,$-113,$0,$-58,$-58,$0,$-178,$195,$0,$195,$5,$5,$0,$0,$200,$-2,$21,$0
16,2014-09-30,24.5,$5.47,4.48,$3.82,6.42,$-2.08,0.0,$-1.66,0.0,$0.13B,$0.03B,4.86,$0.20B,$0.16B,1.26,$0.11B,$0.07B,64.76%,$0.11B,$-0.05B,-44.76%,$0.11B,$-0.05B,-44.76%,$0.11B,$-0.04B,-34.29%,$0.11B,$-0.05B,-49.52%,$0.11B,$-0.05B,-44.76%,$-0.05B,$0.16B,-32.41%,$-0.05B,$-0.06B,335.71%,$-0.05B,$0.41B,-13.72%,$-0.05B,$0.35B,-16.12%,$30,$11,$18,$13,$19,$43,$-13,$-1,$-15,$-1,$-14,$-14,$-14,$-9,$-13,$28,28,$-0.49,$-0.49,$95,$17,$0,$133,$13,$52,$209,$4,$278,$410,$27,$195,$2,$229,$256,$0,$-299,$-1,$155,$410,$-42,$10,$18,$28,$2,$-6,$1,$-2,$-6,$-19,$-6,$0,$-113,$0,$-65,$-65,$0,$-184,$195,$0,$195,$4,$4,$0,$0,$199,$-4,$15,$0
17,2014-06-30,29.4,$5.75,5.12,$3.48,8.45,$-1.44,0.0,$-1.34,0.0,$0.13B,$0.03B,4.67,$0.20B,$0.16B,1.21,$0.09B,$0.06B,67.74%,$0.09B,$-0.04B,-41.94%,$0.09B,$-0.04B,-41.94%,$0.09B,$-0.03B,-33.33%,$0.09B,$-0.04B,-44.09%,$0.09B,$-0.04B,-39.78%,$-0.04B,$0.16B,-28.35%,$-0.04B,$-0.05B,-154.17%,$-0.04B,$0.42B,-13.78%,$-0.04B,$0.36B,-17.09%,$28,$10,$18,$11,$19,$40,$-12,$-1,$-14,$-1,$-13,$-13,$-13,$-9,$-12,$28,28,$-0.45,$-0.45,$95,$16,$0,$127,$12,$62,$212,$4,$290,$418,$27,$195,$1,$229,$256,$0,$-285,$-1,$162,$418,$-28,$6,$13,$19,$5,$-6,$2,$-2,$-1,$-10,$-5,$0,$-113,$0,$-62,$-62,$0,$-180,$195,$0,$195,$3,$3,$0,$0,$199,$8,$9,$0
18,2014-03-31,44.07,$5.98,7.37,$3.18,13.86,$-1.08,0.0,$-1.05,0.0,$0.18B,$0.03B,6.95,$0.20B,$0.17B,1.17,$0.08B,$0.06B,70.73%,$0.08B,$-0.03B,-37.80%,$0.08B,$-0.03B,-37.80%,$0.08B,$-0.03B,-30.49%,$0.08B,$-0.03B,-37.80%,$0.08B,$-0.03B,-34.15%,$-0.03B,$0.17B,-24.45%,$-0.03B,$-0.05B,-45.90%,$-0.03B,$0.43B,-14.58%,$-0.03B,$0.36B,-18.96%,$26,$9,$17,$8,$15,$42,$-17,$-1,$-18,$-2,$-15,$-15,$-15,$-14,$-17,$27,27,$-0.57,$-0.57,$143,$13,$0,$179,$9,$15,$215,$7,$246,$425,$26,$195,$1,$232,$257,$0,$-273,$-1,$167,$425,$-15,$2,$7,$9,$-1,$-3,$3,$-3,$-4,$-11,$-2,$0,$-113,$0,$-6,$-6,$0,$-121,$195,$0,$195,$2,$2,$0,$0,$197,$66,$3,$0
19,2013-12-31,38.28,$3.74,10.25,$2.80,13.68,$-0.69,0.0,$-0.62,0.0,$0.11B,$0.02B,5.83,$0.00B,$0.10B,0.0,$0.07B,$0.05B,71.83%,$0.07B,$-0.02B,-26.76%,$0.07B,$-0.02B,-26.76%,$0.07B,$-0.02B,-21.13%,$0.07B,$-0.02B,-23.94%,$0.07B,$-0.02B,-23.94%,$-0.02B,$0.10B,-17.39%,$-0.02B,$0.10B,-17.39%,$-0.02B,$0.12B,-14.91%,$-0.02B,$0.10B,-19.44%,$21,$6,$15,$6,$14,$26,$-5,$0,$-5,$0,$-5,$-5,$-5,$-4,$-5,$25,25,$-0.18,$-0.18,$84,$8,$0,$105,$7,$2,$0,$4,$12,$117,$18,$0,$1,$3,$21,$0,$-257,$-1,$96,$117,$-17,$3,$5,$8,$2,$-2,$2,$5,$7,$-2,$-3,$-1,$0,$0,$-23,$-23,$0,$-28,$0,$0,$0,$6,$6,$0,$0,$6,$-23,$6,$0
20,2013-09-30,21.94,$3.79,5.79,$2.69,8.17,$-1.38,0.0,$-0.61,0.0,$0.09B,$0.02B,5.76,$0.00B,$0.10B,0.0,$0.07B,$0.05B,71.21%,$0.07B,$-0.02B,-25.76%,$0.07B,$-0.02B,-25.76%,$0.07B,$-0.01B,-21.21%,$0.07B,$-0.02B,-24.24%,$0.07B,$-0.02B,-24.24%,$-0.02B,$0.10B,-16.16%,$-0.02B,$0.10B,-16.16%,$-0.02B,$0.11B,-14.13%,$-0.02B,$0.10B,-17.17%,$18,$5,$13,$5,$12,$23,$-5,$1,$-4,$0,$-4,$-4,$-4,$-4,$-5,$26,26,$-0.17,$-0.17,$64,$8,$0,$87,$5,$19,$0,$3,$28,$114,$15,$0,$0,$2,$17,$0,$-253,$-1,$97,$114,$-12,$2,$3,$5,$1,$-1,$1,$2,$2,$-5,$-2,$-1,$0,$0,$-35,$-35,$0,$-37,$0,$0,$0,$4,$4,$0,$0,$4,$-39,$5,$0
21,2013-06-30,17.46,$3.86,4.52,$2.54,6.88,$-1.83,0.0,$-0.62,0.0,$0.08B,$0.01B,6.93,$0.00B,$0.10B,0.0,$0.06B,$0.04B,70.49%,$0.06B,$-0.02B,-26.23%,$0.06B,$-0.02B,-26.23%,$0.06B,$-0.01B,-21.31%,$0.06B,$-0.02B,-26.23%,$0.06B,$-0.02B,-26.23%,$-0.02B,$0.10B,-15.92%,$-0.02B,$0.10B,-15.92%,$-0.02B,$0.11B,-14.04%,$-0.02B,$0.10B,-15.92%,$17,$5,$13,$5,$12,$21,$-4,$-0,$-4,$0,$-4,$-4,$-4,$-3,$-4,$25,25,$-0.16,$-0.16,$60,$7,$0,$81,$5,$23,$0,$3,$31,$112,$12,$0,$0,$2,$14,$0,$-248,$-1,$98,$112,$-8,$1,$1,$2,$2,$-0,$-0,$0,$2,$-4,$-1,$-1,$0,$0,$-23,$-23,$0,$-25,$0,$0,$0,$2,$2,$0,$0,$2,$-26,$3,$0
22,2013-03-31,18.51,$3.94,4.7,$2.48,7.46,$-2.23,0.0,$-0.68,0.0,$0.10B,$0.01B,8.54,$0.00B,$0.10B,0.0,$0.06B,$0.04B,68.42%,$0.06B,$-0.02B,-28.07%,$0.06B,$-0.02B,-28.07%,$0.06B,$-0.01B,-24.56%,$0.06B,$-0.02B,-29.82%,$0.06B,$-0.02B,-29.82%,$-0.02B,$0.10B,-19.26%,$-0.02B,$0.10B,-19.26%,$-0.02B,$0.11B,-16.63%,$-0.02B,$0.10B,-18.13%,$15,$4,$10,$4,$11,$20,$-5,$2,$-4,$0,$-4,$-4,$-4,$-4,$-5,$25,25,$-0.14,$-0.14,$80,$7,$0,$99,$5,$7,$0,$2,$15,$113,$12,$0,$0,$2,$13,$0,$-244,$-1,$100,$113,$-4,$1,$-1,$0,$3,$-0,$1,$-1,$3,$-1,$-1,$0,$0,$0,$3,$3,$0,$2,$0,$0,$0,$2,$2,$0,$0,$2,$3,$1,$0
23,2012-12-31,14.31,$4.01,3.57,$2.44,5.86,$-2.51,0.0,$-0.87,0.0,$0.10B,$0.01B,8.73,$0.00B,$0.10B,0.0,$0.05B,$0.04B,67.92%,$0.05B,$-0.02B,-32.08%,$0.05B,$-0.02B,-32.08%,$0.05B,$-0.02B,-30.19%,$0.05B,$-0.02B,-37.74%,$0.05B,$-0.02B,-37.74%,$-0.02B,$0.10B,-26.23%,$-0.02B,$0.10B,-26.23%,$-0.02B,$0.11B,-21.80%,$-0.02B,$0.10B,-22.30%,$16,$4,$11,$4,$11,$19,$-3,$-0,$-4,$0,$-4,$-4,$-4,$-3,$-3,$22,22,$-0.13,$-0.13,$80,$7,$0,$101,$5,$4,$0,$4,$13,$114,$12,$0,$0,$1,$13,$0,$-241,$-1,$101,$114,$-19,$2,$4,$6,$-4,$-2,$-2,$2,$-5,$-17,$-2,$0,$0,$0,$16,$16,$0,$14,$-10,$0,$-10,$59,$59,$0,$0,$49,$45,$4,$0
24,2012-09-30,17.0,$4.11,4.14,$2.46,6.9,$-2.69,0.0,$-0.90,0.0,$0.11B,$0.01B,8.04,$0.00B,$0.10B,0.0,$0.05B,$0.03B,68.00%,$0.05B,$-0.02B,-34.00%,$0.05B,$-0.02B,-34.00%,$0.05B,$-0.02B,-30.00%,$0.05B,$-0.02B,-38.00%,$0.05B,$-0.02B,-38.00%,$-0.02B,$0.10B,-29.12%,$-0.02B,$0.10B,-29.12%,$-0.02B,$0.12B,-22.89%,$-0.02B,$0.10B,-25.95%,$13,$4,$9,$4,$9,$17,$-4,$-0,$-4,$0,$-4,$-4,$-4,$-3,$-4,$23,23,$-0.18,$-0.18,$86,$7,$0,$106,$4,$3,$0,$4,$12,$117,$13,$0,$0,$1,$14,$0,$-237,$-1,$103,$117,$-15,$2,$3,$5,$-1,$-2,$-1,$1,$-3,$-14,$-2,$0,$0,$0,$18,$18,$0,$16,$-8,$0,$-8,$58,$58,$0,$0,$50,$52,$3,$0
25,2012-06-30,15.04,$2.37,6.34,$2.42,6.21,$-2.81,0.0,$-0.94,0.0,$0.06B,$0.02B,3.77,$0.00B,$0.05B,0.0,$0.05B,$0.03B,66.67%,$0.05B,$-0.02B,-35.42%,$0.05B,$-0.02B,-35.42%,$0.05B,$-0.02B,-33.33%,$0.05B,$-0.02B,-39.58%,$0.05B,$-0.02B,-39.58%,$-0.02B,$0.05B,-35.02%,$-0.02B,$0.05B,-35.02%,$-0.02B,$0.07B,-25.50%,$-0.02B,$0.05B,-30.77%,$13,$4,$9,$4,$9,$17,$-4,$-0,$-5,$0,$-5,$-5,$-5,$-4,$-4,$21,21,$-0.22,$-0.22,$38,$7,$0,$56,$4,$1,$0,$4,$9,$65,$15,$0,$0,$1,$16,$0,$-233,$-1,$49,$65,$-11,$1,$2,$3,$-0,$-1,$-1,$-1,$-2,$-11,$-1,$0,$0,$0,$12,$12,$0,$11,$-5,$0,$-5,$1,$1,$0,$0,$-4,$-4,$2,$0
26,2012-03-31,15.73,$2.53,6.21,$2.32,6.77,$-2.91,0.0,$-1.08,0.0,$0.06B,$0.02B,3.19,$0.00B,$0.05B,0.0,$0.05B,$0.03B,67.39%,$0.05B,$-0.02B,-43.48%,$0.05B,$-0.02B,-43.48%,$0.05B,$-0.02B,-39.13%,$0.05B,$-0.02B,-45.65%,$0.05B,$-0.02B,-45.65%,$-0.02B,$0.05B,-36.52%,$-0.02B,$0.05B,-36.52%,$-0.02B,$0.07B,-26.33%,$-0.02B,$0.05B,-33.47%,$11,$4,$7,$4,$9,$17,$-6,$-0,$-7,$0,$-7,$-7,$-7,$-6,$-6,$20,20,$-0.33,$-0.33,$39,$6,$0,$57,$4,$6,$0,$4,$14,$71,$18,$0,$0,$1,$19,$0,$-228,$-1,$52,$71,$-7,$0,$1,$1,$-1,$-0,$-0,$-0,$-1,$-7,$-0,$0,$0,$0,$5,$5,$0,$5,$-4,$0,$-4,$1,$1,$0,$0,$-3,$-5,$1,$0
27,2011-12-31,13.16,$2.80,4.7,$2.59,5.07,$-2.70,0.0,$-2.35,0.0,$0.07B,$0.02B,3.47,$0.00B,$0.06B,0.02,$0.04B,$0.03B,68.18%,$0.04B,$-0.02B,-43.18%,$0.04B,$-0.02B,-43.18%,$0.04B,$-0.02B,-38.64%,$0.04B,$-0.02B,-47.73%,$0.04B,$-0.03B,-70.45%,$-0.03B,$0.06B,-50.20%,$-0.03B,$0.06B,-50.20%,$-0.03B,$0.08B,-36.15%,$-0.02B,$0.06B,-29.01%,$13,$4,$9,$4,$8,$16,$-3,$-0,$-3,$0,$-3,$-3,$-3,$-2,$-3,$18,18,$0.37,$0.37,$53,$6,$0,$70,$3,$2,$0,$5,$9,$79,$20,$1,$0,$2,$22,$0,$-222,$-1,$57,$79,$-22,$2,$5,$6,$-1,$-1,$1,$0,$-1,$-18,$-2,$-2,$0,$0,$-41,$-41,$-0,$-45,$-8,$0,$-8,$78,$78,$0,$0,$70,$8,$3,$0
