,Date,Stock Price,Book Value per Share,Price to Book Ratio,TTM Sales per Share,Price to Sales Ratio,TTM FCF per Share,Price to FCF Ratio,TTM Net EPS,PE Ratio,Current Assets,Current Liabilities,Current Ratio,Long Term Debt,Shareholder's Equity_x,Debt to Equity Ratio,TTM Revenue_x,TTM Gross Profit,Gross Margin,TTM Revenue_y,TTM Operating Income,Operating Margin,TTM Revenue_x,TTM EBIT,EBIT Margin,TTM Revenue_y,TTM EBITDA,EBITDA Margin,TTM Revenue_x,TTM Pre-Tax Income,Pre-Tax Margin,TTM Revenue_y,TTM Net Income_x,Net Margin,TTM Net Income_y,Shareholder's Equity_y,Return on Equity,TTM Net Income_x,Tangible Equity,Return on Tangible Equity,TTM Net Income_y,Total Assets,Return on Assets,TTM Net Income,LT Investments & Debt,Return on Investment,revenue,cost-goods-sold,gross-profit,research-development-expenses,selling-general-administrative-expenses,operating-expenses,operating-income,total-non-operating-income-expense,pre-tax-income,total-provision-income-taxes,income-after-taxes,income-from-continuous-operations,net-income,ebitda,ebit,basic-shares-outstanding,shares-outstanding,eps-basic-net-earnings-per-share,eps-earnings-per-share-diluted,cash-on-hand,inventory,other-current-assets,total-current-assets,net-property-plant-equipment,long-term-investments,goodwill-intangible-assets-total,other-long-term-assets,total-long-term-assets,total-assets,total-current-liabilities,long-term-debt,other-non-current-liabilities,total-long-term-liabilities,total-liabilities,common-stock-net,retained-earnings-accumulated-deficit,comprehensive-income,total-share-holder-equity,total-liabilities-share-holders-equity,net-income-loss,total-depreciation-amortization-cash-flow,other-non-cash-items,total-non-cash-items,change-in-accounts-receivable,change-in-inventories,change-in-accounts-payable,change-in-assets-liabilities,total-change-in-assets-liabilities,cash-flow-from-operating-activities,net-change-in-property-plant-equipment,net-change-in-intangible-assets,net-acquisitions-divestitures,net-change-in-short-term-investments,net-change-in-long-term-investments,net-change-in-investments-total,investing-activities-other,cash-flow-from-investing-activities,net-long-term-debt,net-current-debt,debt-issuance-retirement-net-total,net-common-equity-issued-repurchased,net-total-equity-issued-repurchased,total-common-preferred-stock-dividends-paid,financial-activities-other,cash-flow-from-financial-activities,net-cash-flow,stock-based-compensation,common-stock-dividends-paid
0,2018-09-30,13.12,$5.99,2.19,$49.14,0.27,$-4.90,0.0,$0.56,23.43,$10.03B,$8.16B,1.23,$3.40B,$3.17B,1.07,$26.30B,$1.58B,5.99%,$26.30B,$0.49B,1.85%,$26.30B,$0.49B,1.85%,$26.30B,$1.05B,3.99%,$26.30B,$0.41B,1.55%,$26.30B,$0.30B,1.14%,$0.30B,$3.17B,9.81%,$0.30B,$1.71B,19.28%,$0.30B,$14.73B,2.13%,$0.49B,$6.57B,7.83%,$6711,$6308,$402,$0,$228,$6554,$156,$-48,$109,$22,$87,$87,$87,$304,$156,$532,534,$0.16,$0.16,$1378,$4443,$1353,$10033,$2278,$0,$1458,$957,$4693,$14726,$8155,$3402,$0,$3402,$11557,$6617,$-2902,$-156,$3170,$14726,$203,$269,$-87,$182,$0,$0,$0,$-2093,$-2093,$-1708,$-350,$0,$264,$0,$0,$0,$1789,$1703,$-3,$0,$-3,$-60,$-60,$0,$0,$-62,$-95,$0,$0
1,2018-06-30,14.11,$5.84,2.42,$48.28,0.29,$-5.53,0.0,$0.78,18.09,$9.69B,$7.80B,1.24,$2.88B,$3.11B,0.93,$25.86B,$1.57B,6.06%,$25.86B,$0.43B,1.68%,$25.86B,$0.43B,1.68%,$25.86B,$0.98B,3.79%,$25.86B,$0.52B,2.00%,$25.86B,$0.42B,1.62%,$0.42B,$3.11B,13.99%,$0.42B,$1.62B,28.41%,$0.42B,$14.31B,3.02%,$0.43B,$5.99B,7.20%,$6424,$6046,$378,$0,$263,$6328,$96,$45,$142,$26,$116,$116,$116,$218,$96,$529,535,$0.22,$0.22,$1255,$3985,$1555,$9685,$2190,$0,$1486,$949,$4625,$14310,$7795,$2877,$528,$3405,$11200,$6658,$-2989,$-171,$3109,$14310,$116,$122,$-91,$31,$0,$0,$0,$-819,$-819,$-672,$-170,$0,$0,$0,$0,$0,$642,$472,$-0,$0,$-0,$0,$0,$0,$0,$0,$-218,$0,$0
2,2018-03-31,16.33,$5.72,2.86,$47.44,0.34,$-5.47,0.0,$0.79,20.67,$9.17B,$7.27B,1.26,$3.43B,$3.02B,1.14,$25.44B,$1.60B,6.27%,$25.44B,$0.47B,1.86%,$25.44B,$0.47B,1.86%,$25.44B,$1.03B,4.05%,$25.44B,$0.52B,2.05%,$25.44B,$0.43B,1.68%,$0.43B,$3.02B,14.66%,$0.43B,$1.47B,30.62%,$0.43B,$13.72B,3.16%,$0.47B,$6.45B,7.95%,$6411,$6062,$349,$0,$247,$6355,$56,$-40,$16,$35,$-20,$-20,$-20,$211,$56,$530,537,$-0.04,$-0.03,$1472,$3800,$1380,$9170,$2240,$0,$1546,$760,$4545,$13716,$7268,$3429,$0,$3429,$10697,$6637,$-3144,$-86,$3019,$13716,$429,$555,$-77,$478,$-297,$-354,$623,$-125,$-153,$754,$-517,$0,$-271,$0,$0,$0,$-120,$-909,$-55,$0,$-55,$-177,$-177,$0,$44,$-188,$-358,$81,$0
3,2017-12-31,17.99,$5.65,3.19,$46.22,0.39,$-4.70,0.0,$0.99,18.17,$9.08B,$7.42B,1.23,$2.90B,$2.98B,0.97,$24.89B,$1.63B,6.55%,$24.89B,$0.55B,2.21%,$24.89B,$0.55B,2.21%,$24.89B,$1.10B,4.40%,$24.89B,$0.60B,2.43%,$24.89B,$0.54B,2.15%,$0.54B,$2.98B,18.87%,$0.54B,$1.44B,39.27%,$0.54B,$13.84B,4.04%,$0.55B,$5.88B,9.60%,$6752,$6305,$446,$0,$247,$6572,$179,$-38,$141,$23,$118,$118,$118,$315,$179,$528,534,$0.22,$0.22,$1291,$3726,$965,$9083,$2443,$0,$1543,$771,$4757,$13840,$7416,$2902,$543,$3444,$10860,$6614,$-3125,$-121,$2980,$13840,$448,$400,$-152,$248,$0,$0,$0,$-266,$-266,$431,$-389,$0,$-270,$0,$0,$0,$-124,$-783,$-42,$0,$-42,$-178,$-178,$0,$46,$-173,$-539,$0,$0
4,2017-09-30,16.57,$5.43,3.05,$44.81,0.37,$-3.63,0.0,$1.01,16.41,$8.87B,$7.23B,1.23,$2.91B,$2.87B,1.01,$24.26B,$1.60B,6.60%,$24.26B,$0.54B,2.22%,$24.26B,$0.54B,2.22%,$24.26B,$1.08B,4.44%,$24.26B,$0.60B,2.49%,$24.26B,$0.55B,2.25%,$0.55B,$2.87B,19.85%,$0.55B,$1.37B,41.08%,$0.55B,$13.56B,4.20%,$0.54B,$5.78B,9.56%,$6270,$5877,$393,$0,$274,$6168,$103,$116,$218,$13,$205,$205,$205,$236,$103,$531,536,$0.39,$0.38,$1370,$3774,$1092,$8868,$2416,$0,$1507,$771,$4694,$13562,$7230,$2909,$550,$3459,$10690,$6627,$-3243,$-124,$2872,$13562,$330,$265,$-152,$113,$0,$0,$0,$-2615,$-2615,$-2172,$-228,$0,$-276,$0,$0,$0,$2339,$1835,$-26,$0,$-26,$-144,$-144,$0,$61,$-110,$-461,$0,$0
5,2017-06-30,16.31,$5.28,3.09,$44.15,0.37,$1.33,12.24,$0.63,25.89,$8.56B,$6.76B,1.27,$2.92B,$2.81B,1.04,$24.00B,$1.52B,6.34%,$24.00B,$0.48B,2.01%,$24.00B,$0.48B,2.01%,$24.00B,$1.10B,4.57%,$24.00B,$0.40B,1.67%,$24.00B,$0.34B,1.41%,$0.34B,$2.81B,12.60%,$0.34B,$1.32B,26.20%,$0.34B,$13.02B,2.65%,$0.48B,$5.73B,8.77%,$6008,$5601,$407,$0,$251,$5872,$136,$9,$146,$21,$125,$125,$125,$268,$136,$530,539,$0.24,$0.23,$1582,$3601,$1049,$8558,$2346,$0,$1493,$619,$4459,$13017,$6758,$2919,$530,$3449,$10207,$6678,$-3448,$-119,$2810,$13017,$125,$131,$0,$131,$0,$0,$0,$-952,$-952,$-696,$-119,$0,$-214,$0,$0,$0,$816,$482,$-8,$0,$-8,$-73,$-73,$0,$58,$-23,$-248,$0,$0
6,2017-03-31,16.8,$5.04,3.33,$43.66,0.38,$3.07,5.48,$0.59,28.47,$8.39B,$6.51B,1.29,$2.89B,$2.68B,1.08,$23.86B,$1.52B,6.37%,$23.86B,$0.49B,2.06%,$23.86B,$0.49B,2.06%,$23.86B,$1.10B,4.62%,$23.86B,$0.37B,1.55%,$23.86B,$0.32B,1.34%,$0.32B,$2.68B,12.05%,$0.32B,$1.33B,24.60%,$0.32B,$12.59B,2.52%,$0.49B,$5.57B,9.09%,$5863,$5478,$385,$0,$222,$5730,$133,$-34,$99,$12,$87,$87,$87,$276,$133,$541,546,$0.16,$0.16,$1831,$3396,$968,$8388,$2317,$0,$1347,$542,$4206,$12593,$6505,$2891,$520,$3410,$9915,$6734,$-3573,$-128,$2678,$12593,$320,$610,$64,$674,$-164,$85,$269,$-33,$157,$1150,$-490,$0,$-152,$0,$0,$0,$-60,$-702,$171,$0,$171,$-337,$-337,$0,$-76,$-242,$223,$77,$0
7,2016-12-31,14.37,$4.92,2.92,$43.15,0.33,$2.99,4.81,$0.54,26.61,$8.61B,$6.88B,1.25,$2.80B,$2.64B,1.06,$23.77B,$1.54B,6.49%,$23.77B,$0.45B,1.91%,$23.77B,$0.45B,1.91%,$23.77B,$1.06B,4.44%,$23.77B,$0.34B,1.43%,$23.77B,$0.29B,1.23%,$0.29B,$2.64B,11.14%,$0.29B,$1.30B,22.91%,$0.29B,$12.80B,2.33%,$0.45B,$5.44B,8.49%,$6115,$5699,$416,$0,$232,$5949,$166,$-26,$140,$11,$129,$129,$129,$296,$166,$540,545,$0.24,$0.24,$1857,$3494,$1100,$8614,$2322,$0,$1337,$531,$4189,$12803,$6878,$2798,$486,$3284,$10162,$6807,$-3660,$-159,$2641,$12803,$233,$467,$0,$467,$0,$0,$0,$314,$314,$1013,$-386,$0,$-180,$0,$0,$0,$-14,$-579,$90,$0,$90,$-248,$-248,$0,$-47,$-205,$250,$0,$0
8,2016-09-30,13.62,$4.82,2.83,$43.98,0.31,$2.77,4.91,$0.57,23.89,$8.46B,$6.85B,1.23,$2.68B,$2.60B,1.03,$24.42B,$1.58B,6.46%,$24.42B,$0.48B,1.97%,$24.42B,$0.48B,1.97%,$24.42B,$1.10B,4.52%,$24.42B,$0.33B,1.34%,$24.42B,$0.31B,1.28%,$0.31B,$2.60B,11.98%,$0.31B,$1.21B,24.68%,$0.31B,$12.66B,2.47%,$0.48B,$5.28B,9.04%,$6009,$5695,$314,$0,$244,$5961,$48,$-33,$15,$17,$-3,$-3,$-3,$256,$48,$544,544,$0.00,$0.00,$1537,$3562,$1018,$8459,$2336,$0,$1396,$471,$4203,$12661,$6854,$2678,$525,$3203,$10057,$6862,$-3789,$-123,$2604,$12661,$103,$337,$0,$337,$0,$0,$0,$103,$103,$544,$-279,$0,$-154,$0,$0,$0,$20,$-413,$-36,$0,$-36,$-173,$-173,$0,$-7,$-216,$-71,$0,$0
9,2016-06-30,11.8,$4.88,2.42,$44.03,0.27,$2.93,4.02,$0.79,14.94,$8.42B,$6.63B,1.27,$2.69B,$2.67B,1.01,$24.73B,$1.66B,6.72%,$24.73B,$0.60B,2.41%,$24.73B,$0.60B,2.41%,$24.73B,$1.13B,4.58%,$24.73B,$0.45B,1.83%,$24.73B,$0.44B,1.78%,$0.44B,$2.67B,17.04%,$0.44B,$1.34B,32.90%,$0.44B,$12.51B,3.47%,$0.60B,$5.36B,11.33%,$5877,$5471,$406,$0,$240,$5732,$145,$-28,$117,$11,$106,$106,$106,$274,$145,$545,551,$0.19,$0.19,$1679,$3595,$1089,$8421,$2296,$0,$1325,$467,$4088,$12509,$6628,$2693,$522,$3214,$9842,$6923,$-3786,$-125,$2667,$12509,$106,$130,$0,$130,$0,$0,$0,$29,$29,$264,$-143,$0,$5,$0,$0,$0,$26,$-112,$-17,$0,$-17,$-91,$-91,$0,$13,$-95,$72,$0,$0
10,2016-03-31,12.06,$4.78,2.52,$42.99,0.28,$3.11,3.88,$0.79,15.27,$8.32B,$6.57B,1.27,$2.71B,$2.61B,1.04,$24.42B,$1.61B,6.58%,$24.42B,$0.59B,2.40%,$24.42B,$0.59B,2.40%,$24.42B,$1.10B,4.52%,$24.42B,$0.46B,1.86%,$24.42B,$0.44B,1.82%,$0.44B,$2.61B,17.54%,$0.44B,$1.26B,29.34%,$0.44B,$12.39B,3.54%,$0.59B,$5.32B,11.27%,$5773,$5366,$406,$0,$288,$5677,$95,$-26,$69,$8,$61,$61,$61,$229,$95,$558,565,$0.11,$0.11,$1608,$3492,$1171,$8315,$2258,$0,$1346,$466,$4070,$12385,$6572,$2709,$498,$3207,$9779,$6987,$-3892,$-136,$2606,$12385,$444,$515,$110,$625,$318,$85,$-365,$29,$67,$1136,$-497,$0,$-911,$0,$0,$0,$11,$-1396,$694,$0,$694,$-359,$-359,$0,$-86,$250,$-21,$78,$0
11,2015-12-31,11.21,$4.68,2.39,$42.84,0.26,$2.91,3.85,$0.91,12.32,$8.96B,$7.15B,1.25,$2.74B,$2.58B,1.06,$24.60B,$1.58B,6.42%,$24.60B,$0.65B,2.63%,$24.60B,$0.65B,2.63%,$24.60B,$1.17B,4.74%,$24.60B,$0.54B,2.20%,$24.60B,$0.52B,2.11%,$0.52B,$2.58B,20.89%,$0.52B,$1.26B,30.58%,$0.52B,$13.05B,4.19%,$0.65B,$5.32B,12.98%,$6763,$6311,$452,$0,$241,$6571,$193,$-66,$127,$-22,$149,$149,$149,$344,$193,$555,561,$0.27,$0.27,$1634,$3491,$1247,$8957,$2240,$0,$1317,$536,$4093,$13050,$7152,$2741,$577,$3319,$10471,$7045,$-3954,$-160,$2578,$13050,$383,$382,$0,$382,$0,$0,$0,$175,$175,$940,$-414,$0,$-900,$0,$0,$0,$1,$-1313,$715,$0,$715,$-279,$-279,$0,$-50,$386,$6,$0,$0
12,2015-09-30,10.54,$4.41,2.39,$42.74,0.25,$2.83,3.72,$0.90,11.71,$8.99B,$7.03B,1.28,$2.62B,$2.46B,1.07,$24.86B,$1.54B,6.18%,$24.86B,$0.64B,2.57%,$24.86B,$0.64B,2.57%,$24.86B,$1.15B,4.63%,$24.86B,$0.59B,2.36%,$24.86B,$0.52B,2.10%,$0.52B,$2.46B,21.46%,$0.52B,$1.47B,27.90%,$0.52B,$12.66B,4.30%,$0.64B,$5.07B,13.42%,$6317,$5920,$397,$0,$217,$6153,$164,$-24,$140,$17,$123,$123,$123,$285,$164,$563,570,$0.22,$0.22,$1668,$3561,$1209,$8985,$2218,$0,$982,$475,$3675,$12660,$7033,$2618,$554,$3172,$10205,$7112,$-4102,$-201,$2456,$12660,$234,$231,$0,$231,$0,$0,$0,$197,$197,$662,$-294,$0,$-642,$0,$0,$0,$-11,$-946,$574,$0,$574,$-193,$-193,$0,$-38,$344,$40,$0,$0
13,2015-06-30,11.31,$4.38,2.58,$42.61,0.27,$2.47,4.58,$0.91,12.43,$9.08B,$6.50B,1.4,$2.63B,$2.49B,1.06,$25.07B,$1.52B,6.05%,$25.07B,$0.64B,2.55%,$25.07B,$0.64B,2.55%,$25.07B,$1.17B,4.66%,$25.07B,$0.60B,2.39%,$25.07B,$0.54B,2.15%,$0.54B,$2.49B,22.38%,$0.54B,$2.06B,27.10%,$0.54B,$12.10B,4.51%,$0.64B,$5.12B,13.90%,$5566,$5214,$352,$0,$209,$5431,$135,$-17,$119,$8,$111,$111,$111,$245,$135,$566,578,$0.20,$0.19,$2331,$3413,$1198,$9080,$2143,$0,$428,$448,$3020,$12100,$6496,$2632,$484,$3116,$9613,$7230,$-4225,$-165,$2488,$12100,$111,$110,$0,$110,$0,$0,$0,$141,$141,$362,$-137,$0,$-18,$0,$0,$0,$-8,$-162,$587,$0,$587,$-55,$-55,$0,$-25,$506,$703,$0,$0
14,2015-03-31,12.68,$4.25,2.98,$44.03,0.29,$1.82,6.95,$1.01,12.55,$8.74B,$6.76B,1.29,$2.03B,$2.40B,0.85,$26.15B,$1.55B,5.91%,$26.15B,$0.67B,2.56%,$26.15B,$0.67B,2.56%,$26.15B,$1.21B,4.63%,$26.15B,$0.67B,2.57%,$26.15B,$0.60B,2.30%,$0.60B,$2.40B,25.50%,$0.60B,$1.98B,30.85%,$0.60B,$11.65B,5.04%,$0.67B,$4.42B,15.17%,$5952,$5573,$379,$0,$215,$5796,$155,$0,$156,$21,$135,$135,$135,$292,$155,$580,592,$0.24,$0.24,$1628,$3489,$1286,$8741,$2092,$0,$415,$405,$2912,$11653,$6755,$2026,$476,$2502,$9257,$7266,$-4336,$-181,$2396,$11653,$601,$540,$-30,$511,$317,$73,$-177,$-530,$-318,$794,$-240,$0,$-67,$0,$0,$0,$64,$-242,$-25,$0,$-25,$-392,$-392,$0,$-99,$-516,$35,$50,$0
15,2014-12-31,11.18,$4.17,2.68,$44.75,0.25,$2.01,5.56,$0.85,13.15,$9.13B,$7.21B,1.27,$2.05B,$2.39B,0.86,$26.92B,$1.53B,5.68%,$26.92B,$0.64B,2.39%,$26.92B,$0.64B,2.39%,$26.92B,$1.17B,4.33%,$26.92B,$0.57B,2.13%,$26.92B,$0.51B,1.89%,$0.51B,$2.39B,22.05%,$0.51B,$1.97B,26.66%,$0.51B,$12.09B,4.19%,$0.64B,$4.43B,14.73%,$7025,$6616,$409,$0,$216,$6840,$185,$-14,$171,$18,$153,$153,$153,$329,$185,$577,587,$0.26,$0.26,$1707,$3560,$1417,$9133,$2115,$0,$418,$425,$2957,$12090,$7209,$2046,$447,$2493,$9702,$7376,$-4471,$-166,$2389,$12090,$466,$404,$0,$404,$0,$0,$0,$-201,$-201,$669,$-164,$0,$-58,$0,$0,$0,$-12,$-234,$-17,$0,$-17,$-278,$-278,$0,$-29,$-324,$113,$0,$0
16,2014-09-30,10.32,$4.04,2.56,$44.40,0.23,$2.21,4.66,$0.82,12.59,$8.88B,$7.06B,1.26,$2.06B,$2.34B,0.88,$27.08B,$1.52B,5.61%,$27.08B,$0.63B,2.32%,$27.08B,$0.63B,2.32%,$27.08B,$1.12B,4.15%,$27.08B,$0.56B,2.06%,$27.08B,$0.50B,1.85%,$0.50B,$2.34B,22.02%,$0.50B,$1.93B,26.59%,$0.50B,$11.92B,4.06%,$0.63B,$4.41B,14.49%,$6529,$6151,$377,$0,$205,$6364,$164,$-10,$154,$15,$139,$139,$139,$303,$164,$586,596,$0.24,$0.23,$1514,$3627,$1211,$8879,$2194,$0,$413,$434,$3041,$11920,$7056,$2063,$458,$2521,$9577,$7445,$-4624,$-128,$2343,$11920,$313,$260,$0,$260,$0,$0,$0,$-267,$-267,$306,$-138,$0,$-38,$0,$0,$0,$-29,$-205,$2,$0,$2,$-195,$-195,$0,$3,$-190,$-79,$0,$0
17,2014-06-30,11.07,$3.91,2.83,$43.72,0.25,$2.00,5.54,$0.78,14.19,$8.99B,$7.23B,1.24,$2.07B,$2.30B,0.9,$26.96B,$1.51B,5.60%,$26.96B,$0.61B,2.24%,$26.96B,$0.61B,2.24%,$26.96B,$1.07B,3.98%,$26.96B,$0.53B,1.97%,$26.96B,$0.48B,1.78%,$0.48B,$2.30B,21.63%,$0.48B,$1.91B,26.01%,$0.48B,$12.07B,3.89%,$0.61B,$4.38B,14.21%,$6643,$6262,$381,$0,$209,$6478,$165,$25,$190,$16,$174,$174,$174,$286,$165,$587,601,$0.30,$0.29,$1348,$3510,$1237,$8989,$2255,$0,$389,$434,$3078,$12068,$7233,$2074,$460,$2534,$9767,$7533,$-4763,$-120,$2301,$12068,$174,$122,$0,$122,$0,$0,$0,$-377,$-377,$-81,$-73,$0,$-5,$0,$0,$0,$-21,$-100,$26,$0,$26,$-96,$-96,$0,$0,$-70,$-246,$0,$0
18,2014-03-31,9.24,$3.72,2.48,$41.72,0.22,$2.35,3.94,$0.58,15.93,$9.40B,$7.66B,1.23,$2.07B,$2.20B,0.94,$26.11B,$1.44B,5.52%,$26.11B,$0.52B,1.99%,$26.11B,$0.52B,1.99%,$26.11B,$0.98B,3.77%,$26.11B,$0.40B,1.54%,$26.11B,$0.37B,1.40%,$0.37B,$2.20B,16.85%,$0.37B,$1.82B,20.25%,$0.37B,$12.50B,3.01%,$0.52B,$4.27B,12.66%,$6724,$6362,$362,$0,$208,$6594,$130,$-71,$59,$16,$43,$43,$43,$249,$130,$610,623,$0.08,$0.08,$1594,$3599,$1510,$9400,$2289,$0,$377,$434,$3100,$12500,$7657,$2070,$572,$2642,$10298,$7615,$-4937,$-126,$2202,$12500,$366,$465,$-15,$450,$-592,$-759,$1117,$635,$401,$1216,$-515,$0,$-233,$0,$0,$0,$-35,$-784,$-16,$0,$-16,$-447,$-447,$0,$52,$-411,$7,$40,$0
19,2013-12-31,7.77,$3.74,2.08,$38.78,0.2,$2.23,3.49,$0.47,16.53,$9.69B,$8.06B,1.2,$2.00B,$2.26B,0.89,$24.68B,$1.27B,5.16%,$24.68B,$0.35B,1.43%,$24.68B,$0.35B,1.43%,$24.68B,$0.84B,3.39%,$24.68B,$0.30B,1.22%,$24.68B,$0.27B,1.11%,$0.27B,$2.26B,12.54%,$0.27B,$1.87B,14.98%,$0.27B,$12.82B,2.34%,$0.35B,$4.26B,8.84%,$7183,$6785,$399,$0,$225,$7015,$168,$-15,$154,$9,$145,$145,$145,$286,$168,$607,619,$0.24,$0.23,$1617,$3972,$1553,$9693,$2381,$0,$382,$362,$3124,$12817,$8064,$2001,$497,$2498,$10562,$7709,$-4980,$-120,$2255,$12817,$323,$345,$0,$345,$0,$0,$0,$451,$451,$1118,$-461,$0,$-233,$0,$0,$0,$-12,$-707,$-60,$0,$-60,$-342,$-342,$0,$46,$-355,$30,$0,$0
20,2013-09-30,9.09,$3.49,2.61,$36.32,0.25,$2.18,4.17,$0.28,32.46,$8.94B,$7.38B,1.21,$2.01B,$2.12B,0.95,$23.62B,$1.12B,4.75%,$23.62B,$0.22B,0.91%,$23.62B,$0.22B,0.91%,$23.62B,$0.78B,3.30%,$23.62B,$0.19B,0.81%,$23.62B,$0.18B,0.74%,$0.18B,$2.12B,7.90%,$0.18B,$1.77B,9.46%,$0.18B,$12.00B,1.56%,$0.22B,$4.13B,5.37%,$6410,$6042,$368,$0,$219,$6268,$142,$-14,$129,$10,$118,$118,$118,$251,$142,$611,624,$0.19,$0.19,$1127,$3876,$1544,$8943,$2378,$0,$345,$339,$3062,$12004,$7377,$2014,$495,$2509,$9886,$7739,$-5125,$-108,$2118,$12004,$177,$227,$0,$227,$0,$0,$0,$-51,$-51,$354,$-311,$0,$-187,$0,$0,$0,$7,$-490,$-16,$0,$-16,$-305,$-305,$0,$15,$-306,$-460,$0,$0
21,2013-06-30,7.74,$3.38,2.29,$35.15,0.22,$2.53,3.06,$0.31,24.97,$8.23B,$6.95B,1.18,$1.65B,$2.09B,0.79,$23.38B,$1.12B,4.79%,$23.38B,$0.24B,1.03%,$23.38B,$0.24B,1.03%,$23.38B,$0.81B,3.48%,$23.38B,$0.24B,1.03%,$23.38B,$0.21B,0.89%,$0.21B,$2.09B,9.05%,$0.21B,$1.74B,10.69%,$0.21B,$11.17B,1.89%,$0.24B,$3.74B,5.92%,$5791,$5480,$311,$0,$224,$5712,$79,$-20,$60,$0,$59,$59,$59,$198,$79,$626,640,$0.09,$0.09,$1280,$3152,$1316,$8228,$2278,$0,$349,$314,$2940,$11169,$6948,$1651,$482,$2133,$9080,$7825,$-5243,$-105,$2089,$11169,$59,$119,$0,$119,$0,$0,$0,$20,$20,$199,$-141,$0,$-188,$0,$0,$0,$30,$-299,$-9,$0,$-9,$-204,$-204,$0,$16,$-198,$-308,$0,$0
22,2013-03-31,6.76,$3.52,1.92,$34.78,0.19,$2.35,2.88,$0.41,16.49,$7.77B,$6.17B,1.26,$1.65B,$2.25B,0.74,$23.57B,$1.17B,4.95%,$23.57B,$0.32B,1.36%,$23.57B,$0.32B,1.36%,$23.57B,$0.89B,3.76%,$23.57B,$0.33B,1.40%,$23.57B,$0.28B,1.18%,$0.28B,$2.25B,11.85%,$0.28B,$1.90B,13.84%,$0.28B,$10.59B,2.52%,$0.32B,$3.90B,7.58%,$5295,$5100,$196,$0,$215,$5331,$-35,$-8,$-43,$6,$-49,$-49,$-49,$101,$-35,$663,675,$-0.07,$-0.07,$1587,$2723,$1350,$7771,$2175,$0,$344,$302,$2820,$10592,$6173,$1651,$521,$2172,$8345,$8015,$-5303,$-77,$2247,$10592,$277,$566,$-44,$522,$519,$596,$-671,$-128,$316,$1115,$-435,$0,$-162,$0,$0,$0,$-100,$-697,$-142,$0,$-142,$-300,$-300,$0,$102,$-340,$69,$35,$0
23,2012-12-31,6.21,$3.67,1.69,$35.67,0.17,$1.92,3.24,$0.67,9.27,$8.28B,$6.43B,1.29,$1.86B,$2.40B,0.77,$24.63B,$1.33B,5.40%,$24.63B,$0.49B,2.00%,$24.63B,$0.49B,2.00%,$24.63B,$1.06B,4.32%,$24.63B,$0.53B,2.13%,$24.63B,$0.45B,1.83%,$0.45B,$2.40B,19.22%,$0.45B,$1.99B,21.93%,$0.45B,$11.15B,4.07%,$0.49B,$4.26B,11.30%,$6123,$5877,$246,$0,$207,$6095,$29,$17,$46,$-9,$55,$55,$47,$229,$29,$659,669,$0.07,$0.07,$1706,$2911,$1289,$8278,$2175,$0,$416,$284,$2876,$11154,$6430,$1856,$465,$2321,$8751,$8126,$-5276,$-59,$2403,$11154,$326,$430,$0,$430,$0,$0,$0,$249,$249,$1006,$-328,$0,$-161,$0,$0,$0,$-94,$-583,$-119,$0,$-119,$-194,$-194,$0,$86,$-227,$188,$0,$0
24,2012-09-30,6.0,$3.68,1.63,$36.89,0.16,$1.37,4.38,$0.77,7.79,$8.44B,$6.42B,1.31,$1.88B,$2.45B,0.77,$25.98B,$1.47B,5.65%,$25.98B,$0.59B,2.27%,$25.98B,$0.59B,2.27%,$25.98B,$1.11B,4.25%,$25.98B,$0.60B,2.31%,$25.98B,$0.51B,1.95%,$0.51B,$2.45B,21.99%,$0.51B,$2.15B,24.46%,$0.51B,$11.19B,4.53%,$0.59B,$4.33B,13.48%,$6175,$5808,$367,$0,$192,$6008,$167,$10,$178,$17,$160,$160,$151,$285,$167,$666,678,$0.23,$0.22,$1562,$3122,$1338,$8441,$2179,$0,$300,$262,$2748,$11189,$6424,$1877,$435,$2312,$8736,$8187,$-5301,$-45,$2453,$11189,$279,$230,$0,$230,$0,$0,$0,$19,$19,$528,$-245,$0,$24,$0,$0,$0,$-58,$-279,$-112,$0,$-112,$-123,$-123,$0,$31,$-204,$43,$0,$0
25,2012-06-30,6.2,$3.38,1.84,$38.74,0.16,$1.23,5.06,$0.73,8.49,$8.34B,$6.19B,1.35,$2.15B,$2.25B,0.96,$27.81B,$1.48B,5.30%,$27.81B,$0.58B,2.07%,$27.81B,$0.58B,2.07%,$27.81B,$1.09B,3.93%,$27.81B,$0.57B,2.05%,$27.81B,$0.49B,1.74%,$0.49B,$2.25B,21.67%,$0.49B,$1.96B,23.86%,$0.49B,$10.98B,4.21%,$0.58B,$4.39B,13.07%,$5976,$5619,$357,$0,$190,$5817,$159,$-11,$148,$12,$137,$137,$128,$271,$159,$675,688,$0.19,$0.19,$1285,$3158,$1310,$8340,$2104,$0,$285,$246,$2635,$10975,$6187,$2147,$395,$2542,$8729,$8174,$-5451,$-89,$2246,$10975,$128,$112,$0,$112,$0,$0,$0,$-195,$-195,$46,$-105,$0,$35,$0,$0,$0,$-12,$-81,$-11,$0,$-11,$-128,$-128,$0,$-38,$-177,$-233,$0,$0
26,2012-03-31,7.22,$3.34,2.16,$39.93,0.18,$1.34,5.38,$0.71,10.17,$8.54B,$6.29B,1.36,$2.15B,$2.28B,0.94,$29.34B,$1.52B,5.18%,$29.34B,$0.59B,2.01%,$29.34B,$0.59B,2.01%,$29.34B,$1.11B,3.79%,$29.34B,$0.58B,1.96%,$29.34B,$0.49B,1.67%,$0.49B,$2.28B,21.87%,$0.49B,$2.12B,23.84%,$0.49B,$11.03B,4.14%,$0.59B,$4.43B,13.53%,$6359,$6000,$359,$0,$210,$6222,$137,$15,$153,$7,$145,$145,$125,$279,$137,$716,728,$0.18,$0.18,$1518,$3301,$1100,$8535,$2076,$0,$160,$221,$2499,$11034,$6288,$2149,$312,$2462,$8750,$8292,$-5580,$-40,$2284,$11034,$489,$522,$44,$566,$-30,$301,$-750,$229,$-251,$804,$-388,$0,$-91,$0,$0,$0,$-3,$-481,$-35,$0,$-35,$-487,$-487,$0,$0,$-522,$-230,$48,$0
27,2011-12-31,5.66,$3.20,1.77,$39.57,0.14,$1.36,4.17,$0.66,8.58,$9.00B,$6.89B,1.31,$2.16B,$2.22B,0.97,$29.61B,$1.54B,5.21%,$29.61B,$0.63B,2.14%,$29.61B,$0.63B,2.14%,$29.61B,$1.13B,3.82%,$29.61B,$0.59B,2.01%,$29.61B,$0.50B,1.69%,$0.50B,$2.22B,22.29%,$0.50B,$2.04B,24.46%,$0.50B,$11.53B,4.17%,$0.63B,$4.38B,14.44%,$7469,$7084,$386,$0,$245,$7341,$128,$-8,$120,$14,$106,$106,$102,$270,$128,$710,721,$0.14,$0.14,$1546,$3594,$1363,$9004,$2140,$0,$185,$200,$2525,$11528,$6889,$2159,$259,$2418,$9307,$8364,$-5704,$-50,$2221,$11528,$364,$380,$0,$380,$0,$0,$0,$-78,$-78,$666,$-330,$0,$-94,$0,$0,$0,$0,$-423,$-23,$0,$-23,$-385,$-385,$0,$0,$-409,$-203,$0,$0
28,2011-09-30,5.63,$3.09,1.82,$39.30,0.14,$1.22,4.61,$0.78,7.22,$9.94B,$7.88B,1.26,$2.19B,$2.20B,0.99,$29.97B,$1.59B,5.30%,$29.97B,$0.71B,2.36%,$29.97B,$0.71B,2.36%,$29.97B,$1.19B,3.95%,$29.97B,$0.65B,2.18%,$29.97B,$0.60B,1.99%,$0.60B,$2.20B,26.74%,$0.60B,$2.01B,29.50%,$0.60B,$12.54B,4.95%,$0.71B,$4.39B,16.13%,$8008,$7636,$373,$0,$210,$7858,$151,$-1,$149,$15,$134,$134,$130,$272,$151,$722,731,$0.18,$0.18,$1596,$3866,$1721,$9936,$2199,$0,$194,$214,$2607,$12543,$7880,$2189,$271,$2460,$10340,$8457,$-5807,$-59,$2203,$12543,$262,$237,$0,$237,$0,$0,$0,$-62,$-62,$437,$-237,$0,$-21,$0,$0,$0,$2,$-256,$-4,$0,$-4,$-300,$-300,$0,$0,$-304,$-153,$0,$0
29,2011-06-30,6.42,$3.06,2.1,$37.81,0.17,$1.43,4.5,$0.78,8.23,$9.57B,$7.61B,1.26,$2.03B,$2.24B,0.91,$29.38B,$1.61B,5.49%,$29.38B,$0.73B,2.49%,$29.38B,$0.73B,2.49%,$29.38B,$1.21B,4.12%,$29.38B,$0.66B,2.24%,$29.38B,$0.61B,2.07%,$0.61B,$2.24B,27.94%,$0.61B,$2.03B,31.03%,$0.61B,$12.18B,5.13%,$0.73B,$4.27B,16.88%,$7506,$7105,$401,$0,$213,$7331,$175,$-22,$153,$17,$135,$135,$132,$291,$175,$747,760,$0.18,$0.17,$1558,$3738,$1362,$9569,$2188,$0,$204,$222,$2614,$12183,$7611,$2034,$301,$2335,$9947,$8682,$-5937,$14,$2236,$12183,$132,$116,$0,$116,$0,$0,$0,$-112,$-112,$136,$-113,$0,$-7,$0,$0,$0,$-0,$-120,$-7,$0,$-7,$-196,$-196,$0,$0,$-203,$-191,$0,$0
30,2011-03-31,7.47,$3.03,2.46,$35.90,0.21,$1.38,5.4,$0.75,9.96,$9.05B,$6.83B,1.33,$2.20B,$2.30B,0.96,$28.44B,$1.58B,5.57%,$28.44B,$0.72B,2.51%,$28.44B,$0.72B,2.51%,$28.44B,$1.19B,4.18%,$28.44B,$0.63B,2.23%,$28.44B,$0.60B,2.09%,$0.60B,$2.30B,28.16%,$0.60B,$2.08B,31.50%,$0.60B,$11.63B,5.10%,$0.72B,$4.49B,16.78%,$6622,$6240,$381,$0,$192,$6442,$179,$-7,$172,$21,$151,$151,$135,$299,$179,$777,790,$0.17,$0.17,$1748,$3517,$1120,$9054,$2084,$0,$213,$225,$2579,$11633,$6829,$2199,$310,$2510,$9338,$8866,$-6069,$21,$2295,$11633,$596,$472,$11,$483,$27,$-665,$610,$-193,$-221,$857,$-394,$0,$-16,$0,$0,$0,$-3,$-413,$-265,$0,$-265,$-377,$-377,$0,$0,$-642,$-179,$55,$0
31,2010-12-31,7.85,$2.85,2.75,$34.63,0.23,$1.55,5.05,$0.65,12.08,$9.10B,$7.04B,1.29,$2.20B,$2.17B,1.02,$27.66B,$1.52B,5.49%,$27.66B,$0.66B,2.37%,$27.66B,$0.66B,2.37%,$27.66B,$1.13B,4.08%,$27.66B,$0.53B,1.93%,$27.66B,$0.52B,1.88%,$0.52B,$2.17B,25.54%,$0.52B,$1.94B,28.88%,$0.52B,$11.70B,4.56%,$0.66B,$4.37B,15.85%,$7833,$7399,$434,$0,$215,$7631,$202,$-24,$178,$-20,$198,$198,$198,$323,$202,$762,777,$0.26,$0.26,$1598,$3523,$1473,$9103,$2142,$0,$223,$236,$2601,$11704,$7035,$2204,$297,$2502,$9537,$8981,$-6204,$18,$2167,$11704,$461,$352,$0,$352,$0,$0,$0,$-230,$-230,$583,$-327,$0,$-9,$0,$0,$0,$13,$-323,$-253,$0,$-253,$-353,$-353,$0,$0,$-606,$-329,$0,$0
32,2010-09-30,6.04,$2.64,2.29,$32.49,0.19,$1.99,3.04,$0.50,12.08,$9.37B,$7.49B,1.25,$2.21B,$2.02B,1.1,$26.38B,$1.46B,5.52%,$26.38B,$0.60B,2.27%,$26.38B,$0.60B,2.27%,$26.38B,$1.07B,4.06%,$26.38B,$0.46B,1.75%,$26.38B,$0.42B,1.57%,$0.42B,$2.02B,21.07%,$0.42B,$1.79B,24.08%,$0.42B,$12.01B,3.69%,$0.60B,$4.23B,14.65%,$7422,$7025,$398,$0,$199,$7245,$177,$-23,$154,$10,$144,$144,$144,$297,$177,$776,784,$0.19,$0.18,$1788,$3639,$965,$9370,$2176,$0,$227,$237,$2639,$12010,$7490,$2213,$287,$2500,$9990,$8956,$-6402,$26,$2020,$12010,$263,$231,$0,$231,$0,$0,$0,$104,$104,$598,$-222,$0,$-3,$0,$0,$0,$13,$-211,$-249,$0,$-249,$-297,$-297,$0,$0,$-545,$-139,$0,$0
33,2010-06-30,5.6,$2.48,2.25,$30.16,0.19,$1.92,2.91,$0.34,16.47,$8.64B,$7.06B,1.22,$1.98B,$1.97B,1.0,$24.79B,$1.36B,5.48%,$24.79B,$0.52B,2.11%,$24.79B,$0.52B,2.11%,$24.79B,$1.09B,4.38%,$24.79B,$0.28B,1.12%,$24.79B,$0.29B,1.17%,$0.29B,$1.97B,15.20%,$0.29B,$1.74B,17.57%,$0.29B,$11.30B,2.68%,$0.52B,$3.95B,12.87%,$6566,$6195,$371,$0,$196,$6409,$157,$-28,$130,$11,$118,$118,$118,$269,$157,$811,824,$0.15,$0.14,$1731,$3321,$715,$8641,$2149,$0,$235,$271,$2655,$11295,$7064,$1979,$282,$2260,$9324,$8941,$-6547,$-28,$1971,$11295,$118,$111,$0,$111,$0,$0,$0,$-141,$-141,$89,$-98,$0,$-0,$0,$0,$0,$-5,$-104,$-84,$0,$-84,$-103,$-103,$0,$0,$-187,$-197,$0,$0
34,2010-03-31,7.84,$2.44,3.21,$29.33,0.27,$2.02,3.88,$0.01,0.0,$7.99B,$6.35B,1.26,$1.99B,$1.99B,1.0,$24.01B,$1.21B,5.05%,$24.01B,$0.35B,1.46%,$24.01B,$0.35B,1.46%,$24.01B,$1.06B,4.41%,$24.01B,$-0.01B,-0.05%,$24.01B,$0.02B,0.08%,$0.02B,$1.99B,1.02%,$0.02B,$1.73B,1.20%,$0.02B,$10.64B,0.18%,$0.35B,$3.98B,8.48%,$5839,$5524,$315,$0,$172,$5720,$119,$-48,$72,$5,$67,$67,$60,$240,$119,$812,821,$0.08,$0.08,$1928,$2876,$748,$7990,$2119,$0,$255,$279,$2653,$10643,$6347,$1990,$321,$2311,$8658,$8925,$-6665,$-15,$1985,$10643,$19,$708,$29,$736,$-121,$142,$413,$-390,$44,$799,$-176,$0,$-76,$0,$0,$0,$260,$8,$-719,$0,$-719,$6,$6,$0,$0,$-713,$106,$56,$0
35,2009-12-31,7.31,$2.34,3.12,$29.01,0.25,$2.30,3.18,$-0.36,0.0,$8.32B,$6.49B,1.28,$2.30B,$1.90B,1.21,$23.75B,$1.01B,4.24%,$23.75B,$0.10B,0.40%,$23.75B,$0.10B,0.40%,$23.75B,$0.94B,3.96%,$23.75B,$-0.35B,-1.47%,$23.75B,$-0.29B,-1.22%,$-0.29B,$1.90B,-15.87%,$-0.29B,$1.64B,-18.79%,$-0.29B,$11.00B,-2.68%,$0.10B,$4.20B,2.24%,$6556,$6183,$373,$0,$206,$6410,$146,$-41,$105,$12,$93,$93,$93,$266,$146,$812,826,$0.11,$0.11,$2242,$2782,$878,$8319,$2139,$0,$267,$272,$2679,$10998,$6493,$2295,$308,$2602,$9096,$8909,$-6725,$-22,$1902,$10998,$-42,$586,$0,$586,$0,$0,$0,$205,$205,$750,$-120,$0,$-66,$0,$0,$0,$260,$73,$-415,$0,$-415,$5,$5,$0,$0,$-411,$420,$0,$0
36,2009-09-30,7.47,$2.22,3.37,$31.14,0.24,$2.35,3.18,$-7.90,0.0,$7.71B,$6.16B,1.25,$2.30B,$1.80B,1.28,$25.35B,$0.93B,3.67%,$25.35B,$-6.01B,-23.71%,$25.35B,$-6.01B,-23.71%,$25.35B,$-5.13B,-20.22%,$25.35B,$-6.49B,-25.58%,$25.35B,$-6.42B,-25.31%,$-6.42B,$1.80B,-344.07%,$-6.42B,$1.52B,-408.79%,$-6.42B,$10.55B,-56.97%,$-6.01B,$4.10B,-133.67%,$5832,$5532,$300,$0,$176,$5731,$100,$-130,$-30,$-49,$20,$20,$20,$310,$100,$811,817,$0.02,$0.02,$1966,$2692,$732,$7714,$2181,$0,$277,$382,$2840,$10554,$6157,$2300,$296,$2595,$8753,$8894,$-6818,$-16,$1801,$10554,$-134,$466,$0,$466,$0,$0,$0,$86,$86,$418,$-80,$0,$-59,$0,$0,$0,$255,$116,$-409,$0,$-409,$3,$3,$0,$0,$-405,$145,$0,$0
37,2009-06-30,4.15,$2.15,1.93,$34.69,0.12,$2.48,1.68,$-7.87,0.0,$7.14B,$5.81B,1.23,$2.53B,$1.75B,1.45,$28.38B,$1.05B,3.69%,$28.38B,$-6.00B,-21.15%,$28.38B,$-6.00B,-21.15%,$28.38B,$-5.17B,-18.23%,$28.38B,$-6.42B,-22.61%,$28.38B,$-6.41B,-22.58%,$-6.41B,$1.75B,-186.24%,$-6.41B,$1.44B,-390.32%,$-6.41B,$10.40B,-46.81%,$-6.00B,$4.28B,-95.20%,$5783,$5559,$224,$0,$202,$5796,$-14,$-144,$-158,$-4,$-154,$-154,$-154,$243,$-14,$810,810,$-0.19,$-0.19,$1677,$2671,$723,$7137,$2226,$0,$302,$737,$3265,$10403,$5811,$2534,$312,$2846,$8657,$8879,$-6837,$-36,$1746,$10403,$-154,$257,$0,$257,$0,$0,$0,$4,$4,$107,$-39,$0,$-9,$0,$0,$0,$2,$-45,$-209,$0,$-209,$1,$1,$0,$0,$-208,$-145,$0,$0
38,2009-03-31,2.89,$2.30,1.26,$37.48,0.08,$2.20,1.31,$-7.52,0.0,$7.94B,$6.41B,1.24,$2.73B,$1.86B,1.47,$30.95B,$1.28B,4.14%,$30.95B,$-5.81B,-18.77%,$30.95B,$-5.81B,-18.77%,$30.95B,$-5.12B,-16.53%,$30.95B,$-6.13B,-19.81%,$30.95B,$-6.14B,-19.83%,$-6.14B,$1.86B,-120.68%,$-6.14B,$1.57B,-331.86%,$-6.14B,$11.32B,-37.82%,$-5.81B,$4.60B,-70.45%,$5583,$5474,$109,$0,$196,$5719,$-136,$-131,$-267,$-18,$-249,$-249,$-249,$122,$-136,$821,821,$-0.19,$-0.19,$1822,$2997,$799,$7935,$2334,$0,$291,$757,$3382,$11317,$6409,$2734,$313,$3047,$9456,$8862,$-6683,$-57,$1861,$11317,$-6136,$694,$6025,$6719,$1025,$1129,$-1212,$-209,$733,$1317,$-462,$0,$-209,$0,$0,$0,$26,$-645,$-401,$0,$-401,$-246,$-246,$0,$0,$-647,$102,$57,$0
39,2008-12-31,2.56,$2.53,1.01,$41.48,0.06,$2.15,1.19,$-7.33,0.0,$9.18B,$7.19B,1.28,$2.96B,$2.05B,1.44,$33.14B,$1.44B,4.33%,$33.14B,$-5.72B,-17.26%,$33.14B,$-5.72B,-17.26%,$33.14B,$-5.06B,-15.26%,$33.14B,$-5.99B,-18.06%,$33.14B,$-6.02B,-18.17%,$-6.02B,$2.05B,-90.42%,$-6.02B,$1.74B,-296.87%,$-6.02B,$12.77B,-32.95%,$-5.72B,$5.01B,-57.29%,$8153,$7856,$297,$0,$276,$14114,$-5961,$-68,$-6030,$3,$-6033,$-6033,$-6033,$-5802,$-5961,$810,810,$-7.45,$-7.45,$1796,$3501,$977,$9182,$2474,$0,$311,$807,$3592,$12774,$7189,$2960,$574,$3534,$10723,$8602,$-6219,$-72,$2051,$12774,$-5886,$435,$5994,$6430,$0,$0,$0,$488,$488,$1031,$-373,$0,$-194,$0,$0,$0,$-8,$-576,$-198,$0,$-198,$-247,$-247,$0,$0,$-445,$76,$0,$0
40,2008-09-30,7.08,$10.02,0.71,$42.35,0.17,$2.39,2.96,$-0.83,0.0,$10.67B,$8.30B,1.29,$3.23B,$8.11B,0.4,$34.06B,$1.46B,4.28%,$34.06B,$0.24B,0.71%,$34.06B,$0.24B,0.71%,$34.06B,$1.06B,3.11%,$34.06B,$-0.05B,-0.15%,$34.06B,$-0.76B,-2.24%,$-0.76B,$8.11B,-9.30%,$-0.76B,$1.81B,-33.25%,$-0.76B,$20.28B,-3.82%,$0.24B,$11.34B,2.09%,$8863,$8445,$417,$0,$259,$8754,$108,$-71,$37,$10,$27,$27,$27,$263,$108,$828,830,$0.03,$0.03,$1701,$4535,$1092,$10666,$2572,$0,$6293,$747,$9611,$20277,$8302,$3229,$639,$3868,$12170,$8584,$-203,$-13,$8107,$20277,$146,$276,$0,$276,$0,$0,$0,$325,$325,$748,$-300,$0,$-177,$0,$0,$0,$-91,$-568,$33,$0,$33,$-248,$-248,$0,$0,$-215,$-19,$0,$0
41,2008-06-30,9.4,$9.94,0.95,$40.69,0.23,$2.45,3.84,$-0.68,0.0,$11.09B,$7.94B,1.4,$3.72B,$8.32B,0.45,$30.75B,$1.35B,4.40%,$30.75B,$0.28B,0.92%,$30.75B,$0.28B,0.92%,$30.75B,$1.03B,3.34%,$30.75B,$0.04B,0.14%,$30.75B,$-0.67B,-2.18%,$-0.67B,$8.32B,-8.58%,$-0.67B,$2.27B,-25.43%,$-0.67B,$20.52B,-3.67%,$0.28B,$12.04B,2.63%,$8350,$7893,$457,$0,$249,$8170,$180,$-51,$129,$10,$119,$119,$119,$302,$180,$836,840,$0.14,$0.14,$1762,$4456,$947,$11090,$2536,$0,$6049,$849,$9434,$20524,$7940,$3720,$545,$4265,$12205,$8556,$-242,$5,$8319,$20524,$119,$122,$0,$122,$0,$0,$0,$-250,$-250,$-8,$-155,$0,$-153,$0,$0,$0,$24,$-284,$317,$0,$317,$3,$3,$0,$0,$320,$42,$0,$0
42,2008-03-31,9.39,$9.78,0.96,$39.14,0.24,$2.76,3.4,$-0.67,0.0,$10.31B,$7.40B,1.39,$3.39B,$8.16B,0.42,$27.56B,$1.18B,4.27%,$27.56B,$0.22B,0.79%,$27.56B,$0.22B,0.79%,$27.56B,$0.93B,3.37%,$27.56B,$0.02B,0.08%,$27.56B,$-0.68B,-2.47%,$-0.68B,$8.16B,-9.34%,$-0.68B,$2.29B,-24.17%,$-0.68B,$19.53B,-4.18%,$0.22B,$11.55B,2.27%,$7775,$7511,$264,$0,$246,$7822,$-47,$-74,$-121,$14,$-135,$-135,$-135,$179,$-47,$721,721,$-0.39,$-0.38,$1720,$4119,$923,$10313,$2466,$0,$5877,$870,$9212,$19525,$7401,$3388,$571,$3959,$11360,$8539,$-372,$-2,$8164,$19525,$-681,$713,$680,$1393,$-242,$206,$335,$33,$332,$1043,$-328,$0,$-618,$0,$0,$0,$10,$-935,$926,$0,$926,$36,$36,$0,$0,$962,$1005,$48,$0
43,2007-12-31,12.06,$9.87,1.22,$36.18,0.33,$1.28,9.44,$-0.36,0.0,$10.63B,$7.96B,1.33,$3.06B,$8.24B,0.37,$24.46B,$1.14B,4.65%,$24.46B,$0.33B,1.35%,$24.46B,$0.33B,1.35%,$24.46B,$0.93B,3.79%,$24.46B,$0.27B,1.10%,$24.46B,$-0.43B,-1.74%,$-0.43B,$8.24B,-6.26%,$-0.43B,$2.81B,-14.30%,$-0.43B,$19.60B,-2.93%,$0.33B,$11.30B,3.79%,$9069,$8751,$318,$0,$262,$9067,$1,$-98,$-97,$678,$-774,$-774,$-774,$316,$1,$828,828,$-0.94,$-0.94,$1801,$4272,$903,$10625,$2604,$0,$5430,$890,$8971,$19596,$7963,$3060,$336,$3397,$11360,$8518,$-279,$-3,$8236,$19596,$-547,$487,$643,$1130,$-372,$21,$859,$-11,$497,$1080,$-210,$0,$-428,$0,$0,$0,$-63,$-701,$703,$0,$703,$29,$29,$0,$0,$732,$1086,$0,$0
44,2007-09-30,11.18,$10.58,1.06,$34.28,0.33,$-0.00,0.0,$0.77,14.52,$6.51B,$5.19B,1.26,$1.49B,$6.45B,0.23,$20.81B,$1.11B,5.33%,$20.81B,$0.47B,2.27%,$20.81B,$0.47B,2.27%,$20.81B,$0.90B,4.34%,$20.81B,$0.50B,2.38%,$20.81B,$0.47B,2.25%,$0.47B,$6.45B,7.47%,$0.47B,$3.16B,15.67%,$0.47B,$13.37B,3.66%,$0.47B,$7.95B,6.10%,$5557,$5243,$314,$0,$153,$5410,$148,$-16,$131,$10,$121,$121,$121,$231,$148,$609,616,$0.20,$0.20,$1006,$2731,$711,$6511,$2034,$0,$3295,$868,$6854,$13365,$5189,$1494,$230,$1724,$6912,$5953,$495,$4,$6452,$13365,$228,$171,$0,$171,$0,$0,$0,$117,$117,$516,$-146,$0,$-6,$0,$0,$0,$-69,$-222,$-6,$0,$-6,$10,$10,$0,$0,$4,$291,$0,$0
45,2007-06-30,10.8,$10.34,1.04,$33.27,0.32,$-1.16,0.0,$0.88,12.27,$5.91B,$4.70B,1.26,$1.48B,$6.30B,0.24,$19.95B,$0.97B,4.88%,$19.95B,$0.35B,1.73%,$19.95B,$0.35B,1.73%,$19.95B,$0.77B,3.88%,$19.95B,$0.36B,1.78%,$19.95B,$0.53B,2.67%,$0.53B,$6.30B,8.77%,$0.53B,$3.02B,18.51%,$0.53B,$12.71B,4.24%,$0.35B,$7.78B,4.58%,$5157,$4876,$281,$0,$147,$5040,$117,$-6,$110,$3,$107,$107,$107,$204,$117,$608,616,$0.18,$0.17,$770,$2515,$673,$5906,$2009,$0,$3283,$852,$6804,$12710,$4695,$1483,$234,$1717,$6412,$5936,$374,$-12,$6298,$12710,$107,$88,$0,$88,$0,$0,$0,$-50,$-50,$145,$-72,$0,$5,$0,$0,$0,$-25,$-92,$-5,$0,$-5,$3,$3,$0,$0,$-2,$55,$0,$0
46,2007-03-31,10.94,$10.17,1.08,$31.82,0.34,$-1.58,0.0,$0.85,12.87,$5.59B,$4.49B,1.25,$1.49B,$6.18B,0.24,$18.85B,$0.93B,4.92%,$18.85B,$0.34B,1.80%,$18.85B,$0.34B,1.80%,$18.85B,$0.76B,4.04%,$18.85B,$0.33B,1.72%,$18.85B,$0.51B,2.71%,$0.51B,$6.18B,8.72%,$0.51B,$2.91B,18.52%,$0.51B,$12.34B,4.14%,$0.34B,$7.67B,4.59%,$4677,$4451,$225,$0,$144,$4613,$63,$63,$126,$5,$121,$121,$121,$176,$63,$589,597,$0.19,$0.20,$715,$2562,$548,$5591,$1999,$0,$3264,$817,$6750,$12341,$4488,$1494,$183,$1677,$6165,$5924,$267,$-14,$6177,$12341,$509,$422,$-246,$176,$-199,$-628,$560,$-114,$-408,$276,$-569,$0,$223,$0,$0,$0,$-45,$-391,$-122,$0,$-122,$21,$21,$0,$0,$-101,$-228,$32,$0
47,2006-12-31,11.48,$10.09,1.14,$29.86,0.38,$-0.59,0.0,$0.72,15.94,$5.99B,$4.91B,1.22,$1.49B,$6.12B,0.24,$17.71B,$0.86B,4.86%,$17.71B,$0.31B,1.74%,$17.71B,$0.31B,1.74%,$17.71B,$0.76B,4.30%,$17.71B,$0.23B,1.30%,$17.71B,$0.43B,2.44%,$0.43B,$6.12B,7.66%,$0.43B,$2.86B,16.20%,$0.43B,$12.69B,3.60%,$0.31B,$7.62B,4.29%,$5415,$5126,$289,$0,$136,$5270,$145,$-17,$129,$10,$119,$119,$119,$291,$145,$589,599,$0.20,$0.20,$909,$2535,$622,$5987,$1923,$0,$3260,$862,$6701,$12688,$4912,$1492,$160,$1653,$6564,$5912,$147,$65,$6123,$12688,$388,$309,$-177,$132,$-340,$-594,$896,$-180,$-219,$301,$-437,$0,$226,$0,$0,$0,$-15,$-226,$-143,$0,$-143,$18,$18,$0,$0,$-125,$-34,$0,$0
