,Date,Stock Price,Book Value per Share,Price to Book Ratio,TTM Sales per Share,Price to Sales Ratio,TTM FCF per Share,Price to FCF Ratio,TTM Net EPS,PE Ratio,Current Assets,Current Liabilities,Current Ratio,Long Term Debt,Shareholder's Equity_x,Debt to Equity Ratio,TTM Revenue_x,TTM Gross Profit,Gross Margin,TTM Revenue_y,TTM Operating Income,Operating Margin,TTM Revenue_x,TTM EBIT,EBIT Margin,TTM Revenue_y,TTM EBITDA,EBITDA Margin,TTM Revenue_x,TTM Pre-Tax Income,Pre-Tax Margin,TTM Revenue_y,TTM Net Income_x,Net Margin,TTM Net Income_y,Shareholder's Equity_y,Return on Equity,TTM Net Income_x,Tangible Equity,Return on Tangible Equity,TTM Net Income_y,Total Assets,Return on Assets,TTM Net Income,LT Investments & Debt,Return on Investment,revenue,cost-goods-sold,gross-profit,research-development-expenses,selling-general-administrative-expenses,operating-expenses,operating-income,total-non-operating-income-expense,pre-tax-income,total-provision-income-taxes,income-after-taxes,income-from-continuous-operations,net-income,ebitda,ebit,basic-shares-outstanding,shares-outstanding,eps-basic-net-earnings-per-share,eps-earnings-per-share-diluted,cash-on-hand,inventory,other-current-assets,total-current-assets,net-property-plant-equipment,long-term-investments,goodwill-intangible-assets-total,other-long-term-assets,total-long-term-assets,total-assets,total-current-liabilities,long-term-debt,other-non-current-liabilities,total-long-term-liabilities,total-liabilities,common-stock-net,retained-earnings-accumulated-deficit,comprehensive-income,total-share-holder-equity,total-liabilities-share-holders-equity,net-income-loss,total-depreciation-amortization-cash-flow,other-non-cash-items,total-non-cash-items,change-in-accounts-receivable,change-in-inventories,change-in-accounts-payable,change-in-assets-liabilities,total-change-in-assets-liabilities,cash-flow-from-operating-activities,net-change-in-property-plant-equipment,net-change-in-intangible-assets,net-acquisitions-divestitures,net-change-in-short-term-investments,net-change-in-long-term-investments,net-change-in-investments-total,investing-activities-other,cash-flow-from-investing-activities,net-long-term-debt,net-current-debt,debt-issuance-retirement-net-total,net-common-equity-issued-repurchased,net-total-equity-issued-repurchased,total-common-preferred-stock-dividends-paid,financial-activities-other,cash-flow-from-financial-activities,net-cash-flow,stock-based-compensation,common-stock-dividends-paid
0,2018-09-30,21.75,$14.96,1.45,$5.38,4.04,$4.63,4.7,$1.14,19.08,$3.24B,$3.47B,0.93,$0.40B,$0.38B,1.06,$0.14B,$0.10B,75.91%,$0.14B,$0.04B,32.12%,$0.14B,0,0.00%,$0.14B,0,0.00%,$0.14B,$0.04B,32.12%,$0.14B,$0.04B,28.47%,$0.04B,$0.38B,10.62%,$0.04B,$0.38B,10.62%,$0.04B,$4.25B,0.94%,$0.04B,$0.78B,5.59%,$33,$10,$23,$0,$12,$22,$11,$0,$11,$1,$10,$10,$10,$0,$0,$25,26,$0.39,$0.39,$50,$0,$0,$3239,$40,$848,$0,$100,$992,$4250,$3467,$403,$0,$403,$3870,$3,$244,$-11,$380,$4250,$31,$3,$5,$8,$0,$0,$0,$4,$4,$43,$-3,$0,$0,$0,$-106,$-106,$-287,$-397,$-21,$11,$-10,$17,$17,$-11,$338,$334,$-19,$2,$-11
1,2018-06-30,24.7,$14.76,1.67,$5.44,4.54,$4.29,5.76,$1.52,16.25,$3.29B,$3.50B,0.94,$0.42B,$0.37B,1.11,$0.14B,$0.11B,78.83%,$0.14B,$0.05B,33.58%,$0.14B,0,0.00%,$0.14B,0,0.00%,$0.14B,$0.05B,33.58%,$0.14B,$0.04B,27.74%,$0.04B,$0.37B,10.61%,$0.04B,$0.37B,10.61%,$0.04B,$4.29B,0.94%,$0.05B,$0.79B,5.87%,$38,$9,$29,$0,$17,$26,$12,$0,$12,$2,$10,$10,$10,$0,$0,$25,26,$0.41,$0.40,$67,$0,$0,$3286,$40,$844,$0,$97,$987,$4292,$3504,$415,$0,$415,$3918,$3,$238,$-10,$374,$4292,$21,$2,$-0,$2,$0,$0,$0,$6,$6,$29,$-2,$0,$0,$0,$-95,$-95,$-319,$-417,$-9,$-25,$-35,$16,$16,$-7,$411,$385,$-2,$1,$-7
2,2018-03-31,27.29,$14.44,1.89,$5.26,5.19,$4.06,6.73,$1.49,18.32,$3.17B,$3.39B,0.94,$0.44B,$0.36B,1.21,$0.13B,$0.11B,80.15%,$0.13B,$0.05B,35.11%,$0.13B,0,0.00%,$0.13B,0,0.00%,$0.13B,$0.05B,35.11%,$0.13B,$0.04B,28.24%,$0.04B,$0.36B,10.66%,$0.04B,$0.36B,10.66%,$0.04B,$4.19B,0.95%,$0.05B,$0.80B,5.96%,$36,$7,$28,$0,$16,$24,$12,$0,$12,$1,$11,$11,$11,$0,$0,$25,25,$0.44,$0.44,$70,$0,$0,$3170,$40,$854,$0,$98,$996,$4185,$3387,$437,$0,$437,$3824,$3,$232,$-8,$361,$4185,$11,$1,$-1,$0,$0,$0,$0,$1,$1,$13,$-1,$0,$0,$0,$-101,$-101,$-200,$-302,$13,$-108,$-95,$7,$7,$-4,$381,$290,$0,$1,$-4
3,2017-12-31,28.19,$14.37,1.96,$5.13,5.49,$4.08,6.91,$1.43,19.71,$2.99B,$3.11B,0.96,$0.42B,$0.35B,1.2,$0.13B,$0.10B,81.75%,$0.13B,$0.05B,36.51%,$0.13B,0,0.00%,$0.13B,0,0.00%,$0.13B,$0.05B,36.51%,$0.13B,$0.04B,27.78%,$0.04B,$0.35B,10.42%,$0.04B,$0.35B,10.42%,$0.04B,$3.90B,0.94%,$0.05B,$0.78B,6.14%,$30,$6,$24,$0,$15,$21,$9,$0,$9,$1,$8,$8,$8,$0,$0,$24,24,$0.30,$0.30,$70,$0,$0,$2986,$40,$765,$0,$85,$889,$3895,$3114,$424,$0,$426,$3540,$2,$224,$1,$354,$3895,$35,$5,$11,$16,$0,$0,$0,$-4,$-4,$47,$-9,$0,$0,$0,$90,$90,$-437,$-356,$45,$74,$119,$23,$23,$-14,$213,$341,$33,$2,$-14
4,2017-09-30,29.82,$14.07,2.12,$5.18,5.76,$3.75,7.96,$1.44,20.71,$2.84B,$2.96B,0.96,$0.43B,$0.34B,1.25,$0.13B,$0.10B,82.40%,$0.13B,$0.05B,37.60%,$0.13B,0,0.00%,$0.13B,0,0.00%,$0.13B,$0.05B,37.60%,$0.13B,$0.03B,27.20%,$0.03B,$0.34B,10.50%,$0.03B,$0.34B,10.50%,$0.03B,$3.73B,0.93%,$0.05B,$0.77B,6.47%,$33,$6,$27,$0,$15,$20,$13,$0,$13,$3,$9,$9,$9,$0,$0,$24,25,$0.38,$0.38,$40,$0,$0,$2844,$37,$761,$0,$74,$872,$3733,$2962,$427,$0,$428,$3390,$2,$220,$1,$343,$3733,$28,$4,$4,$7,$0,$0,$0,$0,$0,$35,$-5,$0,$0,$0,$100,$100,$-317,$-222,$48,$-115,$-67,$16,$16,$-10,$251,$189,$3,$2,$-10
5,2017-06-30,27.87,$13.69,2.04,$5.03,5.54,$3.51,7.93,$1.39,20.0,$2.80B,$2.96B,0.95,$0.41B,$0.33B,1.25,$0.12B,$0.10B,83.33%,$0.12B,$0.05B,37.50%,$0.12B,0,0.00%,$0.12B,0,0.00%,$0.12B,$0.05B,37.50%,$0.12B,$0.03B,27.50%,$0.03B,$0.33B,10.46%,$0.03B,$0.33B,10.46%,$0.03B,$3.71B,0.93%,$0.05B,$0.74B,6.37%,$32,$5,$26,$0,$15,$20,$12,$0,$12,$3,$9,$9,$9,$0,$0,$24,24,$0.38,$0.37,$57,$0,$0,$2799,$36,$779,$0,$74,$889,$3705,$2961,$412,$0,$414,$3375,$2,$215,$2,$330,$3705,$18,$3,$3,$6,$0,$0,$0,$-1,$-1,$23,$-3,$0,$0,$0,$83,$83,$-254,$-174,$33,$-71,$-38,$9,$9,$-7,$206,$171,$20,$1,$-7
6,2017-03-31,26.36,$13.24,1.99,$5.02,5.25,$3.24,8.13,$1.36,19.43,$2.69B,$2.90B,0.93,$0.39B,$0.32B,1.23,$0.12B,$0.10B,84.62%,$0.12B,$0.04B,36.75%,$0.12B,0,0.00%,$0.12B,0,0.00%,$0.12B,$0.04B,36.75%,$0.12B,$0.03B,27.35%,$0.03B,$0.32B,10.34%,$0.03B,$0.32B,10.34%,$0.03B,$3.61B,0.92%,$0.04B,$0.71B,6.26%,$31,$5,$26,$0,$14,$19,$12,$0,$12,$3,$9,$9,$9,$0,$0,$24,24,$0.38,$0.38,$48,$0,$0,$2693,$35,$787,$0,$76,$897,$3607,$2899,$390,$0,$391,$3291,$2,$209,$-1,$316,$3607,$9,$1,$2,$3,$0,$0,$0,$0,$0,$13,$-1,$0,$0,$0,$72,$72,$-155,$-84,$11,$-68,$-57,$4,$4,$-3,$138,$83,$11,$1,$-3
7,2016-12-31,27.68,$12.90,2.15,$4.98,5.55,$2.96,9.35,$1.32,20.92,$2.55B,$2.83B,0.9,$0.38B,$0.31B,1.24,$0.11B,$0.10B,84.07%,$0.11B,$0.04B,36.28%,$0.11B,0,0.00%,$0.11B,0,0.00%,$0.11B,$0.04B,36.28%,$0.11B,$0.03B,27.43%,$0.03B,$0.31B,10.49%,$0.03B,$0.31B,10.49%,$0.03B,$3.51B,0.92%,$0.04B,$0.69B,6.10%,$29,$5,$24,$0,$15,$19,$10,$0,$10,$2,$8,$8,$7,$0,$0,$23,23,$0.31,$0.31,$37,$0,$0,$2552,$34,$858,$0,$48,$941,$3510,$2825,$379,$0,$379,$3204,$2,$203,$-2,$306,$3510,$31,$6,$5,$11,$0,$0,$0,$-6,$-6,$36,$-7,$0,$0,$0,$-97,$-97,$-297,$-402,$12,$-4,$7,$44,$44,$-12,$324,$363,$-3,$2,$-12
8,2016-09-30,21.19,$13.19,1.61,$4.97,4.26,$3.15,6.73,$1.32,16.05,$2.47B,$2.74B,0.9,$0.38B,$0.31B,1.22,$0.11B,$0.09B,84.55%,$0.11B,$0.04B,35.45%,$0.11B,0,0.00%,$0.11B,0,0.00%,$0.11B,$0.04B,35.45%,$0.11B,$0.03B,28.18%,$0.03B,$0.31B,11.00%,$0.03B,$0.31B,11.00%,$0.03B,$3.43B,0.94%,$0.04B,$0.69B,5.95%,$28,$5,$24,$0,$13,$18,$11,$0,$11,$3,$8,$8,$8,$0,$0,$23,24,$0.34,$0.34,$49,$0,$0,$2465,$32,$877,$0,$46,$955,$3434,$2737,$379,$0,$387,$3124,$2,$199,$11,$310,$3434,$23,$5,$3,$7,$0,$0,$0,$-3,$-3,$28,$-4,$0,$0,$0,$-92,$-92,$-197,$-293,$12,$-110,$-98,$41,$41,$-9,$340,$274,$9,$1,$-9
9,2016-06-30,18.32,$13.07,1.4,$4.94,3.71,$3.26,5.61,$1.29,14.17,$2.38B,$2.69B,0.88,$0.36B,$0.31B,1.18,$0.11B,$0.09B,84.11%,$0.11B,$0.04B,33.64%,$0.11B,0,0.00%,$0.11B,0,0.00%,$0.11B,$0.04B,33.64%,$0.11B,$0.03B,28.04%,$0.03B,$0.31B,11.28%,$0.03B,$0.31B,11.28%,$0.03B,$3.37B,0.94%,$0.04B,$0.67B,5.68%,$29,$4,$25,$0,$15,$19,$10,$0,$10,$2,$8,$8,$8,$0,$0,$23,23,$0.34,$0.34,$51,$0,$0,$2377,$32,$897,$0,$47,$976,$3367,$2692,$359,$0,$370,$3062,$2,$194,$14,$306,$3367,$15,$3,$2,$5,$0,$0,$0,$-5,$-5,$15,$-3,$0,$0,$0,$-106,$-106,$-105,$-214,$-8,$-154,$-162,$38,$38,$-6,$340,$211,$11,$1,$-6
10,2016-03-31,18.09,$12.22,1.48,$4.86,3.72,$3.40,5.32,$1.25,14.43,$2.32B,$2.58B,0.9,$0.39B,$0.26B,1.49,$0.10B,$0.09B,83.65%,$0.10B,$0.04B,33.65%,$0.10B,0,0.00%,$0.10B,0,0.00%,$0.10B,$0.04B,33.65%,$0.10B,$0.03B,26.92%,$0.03B,$0.26B,11.23%,$0.03B,$0.26B,11.23%,$0.03B,$3.23B,0.92%,$0.04B,$0.65B,5.75%,$27,$4,$22,$0,$13,$17,$10,$0,$10,$2,$8,$8,$8,$0,$0,$21,22,$0.36,$0.35,$42,$0,$0,$2324,$31,$819,$0,$46,$896,$3234,$2576,$389,$0,$398,$2974,$1,$190,$10,$260,$3234,$8,$2,$2,$3,$0,$0,$0,$-5,$-5,$6,$-2,$0,$0,$0,$-34,$-34,$-61,$-97,$24,$-200,$-176,$1,$1,$-3,$271,$94,$3,$1,$-3
11,2015-12-31,18.9,$17.78,1.06,$4.75,3.98,$3.54,5.34,$1.21,15.58,$2.26B,$2.51B,0.9,$0.37B,$0.25B,1.46,$0.10B,$0.09B,84.16%,$0.10B,$0.03B,32.67%,$0.10B,0,0.00%,$0.10B,0,0.00%,$0.10B,$0.03B,32.67%,$0.10B,$0.03B,25.74%,$0.03B,$0.25B,10.64%,$0.03B,$0.25B,10.64%,$0.03B,$3.13B,0.89%,$0.03B,$0.62B,5.47%,$26,$4,$22,$0,$14,$18,$8,$0,$8,$2,$7,$7,$7,$0,$0,$21,21,$0.31,$0.31,$40,$0,$0,$2261,$30,$781,$0,$45,$855,$3130,$2508,$366,$0,$371,$2879,$1,$185,$8,$251,$3130,$26,$7,$4,$11,$0,$0,$0,$-1,$-1,$36,$-5,$0,$0,$0,$32,$32,$-444,$-417,$20,$75,$95,$4,$4,$-11,$300,$388,$7,$1,$-11
12,2015-09-30,16.92,$11.74,1.44,$4.61,3.67,$3.53,4.79,$1.17,14.5,$2.11B,$2.38B,0.89,$0.36B,$0.25B,1.44,$0.10B,$0.08B,83.67%,$0.10B,$0.03B,31.63%,$0.10B,0,0.00%,$0.10B,0,0.00%,$0.10B,$0.03B,31.63%,$0.10B,$0.02B,24.49%,$0.02B,$0.25B,10.01%,$0.02B,$0.25B,10.01%,$0.02B,$2.99B,0.85%,$0.03B,$0.60B,5.22%,$25,$4,$21,$0,$12,$16,$8,$0,$8,$2,$7,$7,$7,$0,$0,$21,21,$0.31,$0.31,$33,$0,$0,$2111,$29,$792,$0,$44,$866,$2993,$2382,$357,$0,$364,$2746,$1,$181,$10,$247,$2993,$19,$5,$3,$8,$0,$0,$0,$0,$0,$28,$-4,$0,$0,$0,$23,$23,$-298,$-279,$11,$-73,$-63,$3,$3,$-8,$320,$252,$0,$1,$-8
13,2015-06-30,17.22,$11.39,1.51,$4.55,3.79,$3.52,4.9,$1.15,15.02,$2.00B,$2.26B,0.88,$0.33B,$0.24B,1.36,$0.10B,$0.08B,83.33%,$0.10B,$0.03B,32.29%,$0.10B,0,0.00%,$0.10B,0,0.00%,$0.10B,$0.03B,32.29%,$0.10B,$0.02B,23.96%,$0.02B,$0.24B,9.76%,$0.02B,$0.24B,9.76%,$0.02B,$2.83B,0.84%,$0.03B,$0.57B,5.40%,$26,$4,$22,$0,$13,$17,$9,$0,$9,$2,$6,$6,$6,$0,$0,$21,21,$0.30,$0.29,$47,$0,$0,$1995,$29,$744,$0,$45,$817,$2829,$2257,$326,$0,$332,$2590,$1,$178,$7,$239,$2829,$13,$4,$2,$6,$0,$0,$0,$-2,$-2,$17,$-3,$0,$0,$0,$67,$67,$-168,$-103,$-20,$-100,$-120,$1,$1,$-5,$224,$100,$14,$1,$-5
14,2015-03-31,15.73,$11.46,1.37,$4.38,3.59,$3.48,4.52,$1.12,14.04,$1.90B,$2.15B,0.88,$0.39B,$0.24B,1.61,$0.09B,$0.08B,82.61%,$0.09B,$0.03B,31.52%,$0.09B,0,0.00%,$0.09B,0,0.00%,$0.09B,$0.03B,31.52%,$0.09B,$0.02B,25.00%,$0.02B,$0.24B,9.89%,$0.02B,$0.24B,9.89%,$0.02B,$2.79B,0.87%,$0.03B,$0.63B,5.15%,$24,$4,$20,$0,$12,$16,$8,$0,$8,$2,$6,$6,$6,$0,$0,$21,21,$0.31,$0.31,$41,$0,$0,$1901,$28,$801,$0,$44,$873,$2790,$2153,$387,$0,$397,$2550,$1,$174,$12,$240,$2790,$6,$2,$1,$3,$0,$0,$0,$-1,$-1,$8,$-1,$0,$0,$0,$20,$20,$-79,$-60,$42,$-127,$-85,$1,$1,$-3,$147,$60,$8,$0,$-3
15,2014-12-31,17.25,$11.20,1.54,$4.27,4.04,$3.46,4.99,$1.10,15.71,$1.82B,$2.14B,0.85,$0.35B,$0.23B,1.48,$0.09B,$0.07B,82.22%,$0.09B,$0.03B,32.22%,$0.09B,0,0.00%,$0.09B,0,0.00%,$0.09B,$0.03B,32.22%,$0.09B,$0.02B,25.56%,$0.02B,$0.23B,10.13%,$0.02B,$0.23B,10.13%,$0.02B,$2.72B,0.90%,$0.03B,$0.58B,5.43%,$23,$4,$19,$0,$13,$17,$6,$0,$6,$1,$5,$5,$5,$0,$0,$21,21,$0.26,$0.26,$33,$0,$0,$1815,$28,$819,$0,$43,$891,$2721,$2135,$345,$0,$353,$2488,$1,$170,$11,$233,$2721,$23,$9,$4,$12,$0,$0,$0,$0,$0,$36,$-6,$0,$0,$0,$29,$29,$-343,$-320,$60,$26,$86,$3,$3,$-10,$203,$282,$-3,$2,$-10
16,2014-09-30,20.95,$11.11,1.88,$4.22,4.97,$3.82,5.48,$1.09,19.27,$1.67B,$2.04B,0.82,$0.30B,$0.23B,1.28,$0.09B,$0.07B,82.95%,$0.09B,$0.03B,34.09%,$0.09B,0,0.00%,$0.09B,0,0.00%,$0.09B,$0.03B,34.09%,$0.09B,$0.02B,26.14%,$0.02B,$0.23B,10.43%,$0.02B,$0.23B,10.43%,$0.02B,$2.57B,0.93%,$0.03B,$0.53B,5.85%,$23,$4,$19,$0,$11,$15,$8,$0,$8,$2,$6,$6,$6,$0,$0,$21,21,$0.29,$0.29,$31,$0,$0,$1668,$27,$831,$0,$26,$884,$2571,$2035,$295,$0,$305,$2340,$1,$167,$12,$231,$2571,$18,$7,$2,$9,$-0,$0,$0,$2,$1,$28,$-5,$0,$0,$0,$19,$19,$-181,$-167,$10,$-46,$-36,$2,$2,$-7,$175,$135,$-4,$1,$-7
17,2014-06-30,15.71,$10.92,1.44,$4.11,3.82,$4.15,3.79,$1.05,14.98,$1.60B,$1.99B,0.8,$0.30B,$0.23B,1.31,$0.09B,$0.07B,83.72%,$0.09B,$0.03B,33.72%,$0.09B,0,0.00%,$0.09B,0,0.00%,$0.09B,$0.03B,33.72%,$0.09B,$0.02B,25.58%,$0.02B,$0.23B,10.33%,$0.02B,$0.23B,10.33%,$0.02B,$2.52B,0.91%,$0.03B,$0.52B,5.92%,$22,$4,$18,$0,$11,$15,$7,$0,$7,$2,$6,$6,$6,$0,$0,$21,21,$0.27,$0.27,$46,$0,$0,$1595,$26,$857,$0,$27,$910,$2524,$1993,$295,$0,$305,$2298,$1,$164,$12,$226,$2524,$12,$5,$1,$6,$0,$0,$0,$-1,$-1,$16,$-3,$0,$0,$0,$-5,$-5,$-92,$-101,$10,$-39,$-29,$1,$1,$-5,$127,$95,$10,$1,$-5
18,2014-03-31,16.22,$10.54,1.54,$4.04,4.01,$4.45,3.64,$1.04,15.6,$1.52B,$1.89B,0.8,$0.30B,$0.22B,1.35,$0.08B,$0.07B,84.52%,$0.08B,$0.03B,34.52%,$0.08B,0,0.00%,$0.08B,0,0.00%,$0.08B,$0.03B,34.52%,$0.08B,$0.02B,25.00%,$0.02B,$0.22B,10.21%,$0.02B,$0.22B,10.21%,$0.02B,$2.41B,0.89%,$0.03B,$0.51B,6.43%,$22,$4,$18,$0,$10,$14,$8,$0,$8,$2,$6,$6,$6,$0,$0,$21,21,$0.29,$0.29,$48,$0,$0,$1516,$25,$821,$0,$26,$872,$2407,$1887,$295,$0,$302,$2189,$1,$161,$8,$218,$2407,$6,$2,$0,$2,$0,$0,$0,$-0,$-0,$8,$-2,$0,$0,$0,$24,$24,$-10,$12,$10,$-101,$-91,$1,$1,$-5,$86,$-8,$12,$0,$-5
19,2013-12-31,17.01,$15.06,1.13,$3.97,4.28,$4.58,3.71,$1.03,16.5,$1.49B,$1.91B,0.78,$0.29B,$0.21B,1.38,$0.08B,$0.07B,85.37%,$0.08B,$0.03B,34.15%,$0.08B,0,0.00%,$0.08B,0,0.00%,$0.08B,$0.03B,34.15%,$0.08B,$0.02B,25.61%,$0.02B,$0.21B,10.36%,$0.02B,$0.21B,10.36%,$0.02B,$2.40B,0.92%,$0.03B,$0.49B,6.82%,$21,$3,$18,$0,$11,$15,$7,$0,$7,$1,$5,$5,$5,$0,$0,$20,21,$0.25,$0.25,$35,$0,$0,$1493,$24,$837,$0,$27,$888,$2400,$1906,$285,$0,$288,$2193,$1,$157,$2,$207,$2400,$21,$11,$3,$14,$0,$0,$0,$4,$4,$40,$-3,$0,$0,$0,$-4,$-4,$-332,$-339,$140,$7,$147,$3,$3,$-7,$149,$293,$-7,$1,$-7
20,2013-09-30,15.22,$9.80,1.55,$3.93,3.88,$4.26,3.57,$1.03,14.76,$1.44B,$1.93B,0.75,$0.23B,$0.20B,1.15,$0.08B,$0.07B,85.19%,$0.08B,$0.03B,33.33%,$0.08B,0,0.00%,$0.08B,0,0.00%,$0.08B,$0.03B,33.33%,$0.08B,$0.02B,25.93%,$0.02B,$0.20B,10.38%,$0.02B,$0.20B,10.38%,$0.02B,$2.36B,0.95%,$0.03B,$0.43B,7.20%,$21,$3,$18,$0,$11,$14,$7,$0,$7,$1,$5,$5,$5,$0,$0,$20,21,$0.25,$0.25,$47,$0,$0,$1444,$25,$857,$0,$26,$908,$2363,$1929,$231,$0,$233,$2162,$1,$154,$-0,$201,$2363,$16,$8,$2,$11,$0,$0,$0,$5,$5,$32,$-2,$0,$0,$0,$-17,$-17,$-270,$-290,$86,$28,$114,$3,$3,$-5,$151,$263,$5,$0,$-5
21,2013-06-30,12.91,$9.64,1.34,$3.93,3.28,$4.22,3.06,$1.02,12.68,$1.29B,$1.86B,0.7,$0.17B,$0.20B,0.87,$0.08B,$0.07B,83.75%,$0.08B,$0.03B,32.50%,$0.08B,0,0.00%,$0.08B,0,0.00%,$0.08B,$0.03B,32.50%,$0.08B,$0.02B,26.25%,$0.02B,$0.20B,10.33%,$0.02B,$0.20B,10.33%,$0.02B,$2.23B,0.98%,$0.03B,$0.37B,7.08%,$20,$3,$17,$0,$10,$13,$7,$0,$7,$1,$5,$5,$5,$0,$0,$20,21,$0.26,$0.26,$39,$0,$0,$1292,$25,$874,$0,$26,$924,$2228,$1858,$171,$0,$173,$2031,$1,$151,$-0,$197,$2228,$11,$6,$1,$7,$0,$0,$0,$3,$3,$21,$-2,$0,$0,$0,$-32,$-32,$-126,$-159,$26,$-24,$2,$2,$2,$-2,$133,$135,$-3,$0,$-2
22,2013-03-31,11.53,$10.10,1.14,$4.18,2.76,$4.16,2.77,$1.03,11.23,$1.17B,$1.78B,0.66,$0.15B,$0.21B,0.7,$0.09B,$0.07B,82.35%,$0.09B,$0.03B,30.59%,$0.09B,0,0.00%,$0.09B,0,0.00%,$0.09B,$0.03B,30.59%,$0.09B,$0.02B,24.71%,$0.02B,$0.21B,10.33%,$0.02B,$0.21B,10.33%,$0.02B,$2.14B,1.01%,$0.03B,$0.35B,6.98%,$20,$3,$17,$0,$10,$13,$7,$0,$7,$2,$6,$6,$6,$0,$0,$20,20,$0.28,$0.28,$27,$0,$0,$1173,$25,$906,$0,$26,$956,$2141,$1779,$145,$0,$156,$1935,$1,$148,$12,$206,$2141,$6,$3,$0,$3,$0,$0,$0,$1,$1,$10,$-1,$0,$0,$0,$-41,$-41,$-17,$-59,$0,$2,$2,$2,$2,$-2,$32,$34,$-15,$0,$-2
23,2012-12-31,10.92,$10.14,1.08,$4.28,2.55,$4.11,2.66,$1.01,10.83,$1.17B,$1.75B,0.67,$0.15B,$0.21B,0.71,$0.09B,$0.07B,81.40%,$0.09B,$0.03B,29.07%,$0.09B,0,0.00%,$0.09B,0,0.00%,$0.09B,$0.03B,29.07%,$0.09B,$0.02B,23.26%,$0.02B,$0.21B,9.98%,$0.02B,$0.21B,9.98%,$0.02B,$2.11B,0.97%,$0.03B,$0.35B,6.49%,$20,$3,$17,$0,$10,$14,$6,$0,$6,$1,$5,$5,$5,$0,$0,$20,20,$0.24,$0.25,$42,$0,$0,$1171,$24,$875,$0,$27,$926,$2108,$1745,$145,$0,$158,$1903,$1,$145,$17,$205,$2108,$20,$11,$2,$13,$-0,$0,$0,$1,$1,$35,$-6,$0,$0,$0,$87,$87,$-163,$-81,$-66,$1,$-65,$4,$4,$-11,$130,$59,$13,$1,$-11
24,2012-09-30,11.69,$10.18,1.15,$4.35,2.69,$3.96,2.95,$1.00,11.74,$1.16B,$1.64B,0.71,$0.20B,$0.21B,0.95,$0.09B,$0.07B,80.46%,$0.09B,$0.03B,28.74%,$0.09B,0,0.00%,$0.09B,0,0.00%,$0.09B,$0.03B,28.74%,$0.09B,$0.02B,22.99%,$0.02B,$0.21B,10.18%,$0.02B,$0.21B,10.18%,$0.02B,$2.05B,0.98%,$0.03B,$0.40B,6.29%,$20,$4,$16,$0,$11,$15,$6,$0,$6,$1,$5,$5,$5,$0,$0,$20,20,$0.24,$0.24,$40,$0,$0,$1155,$24,$843,$0,$26,$892,$2053,$1639,$195,$0,$209,$1848,$1,$142,$21,$205,$2053,$15,$9,$5,$14,$0,$0,$0,$3,$3,$32,$-4,$0,$0,$0,$127,$127,$-149,$-26,$-16,$-79,$-95,$3,$3,$-6,$103,$4,$11,$1,$-6
25,2012-06-30,10.9,$9.84,1.11,$4.41,2.47,$3.71,2.94,$1.03,10.62,$1.10B,$1.61B,0.68,$0.19B,$0.20B,0.98,$0.09B,$0.07B,80.68%,$0.09B,$0.03B,29.55%,$0.09B,0,0.00%,$0.09B,0,0.00%,$0.09B,$0.03B,29.55%,$0.09B,$0.02B,22.73%,$0.02B,$0.20B,10.43%,$0.02B,$0.20B,10.43%,$0.02B,$2.01B,0.99%,$0.03B,$0.39B,6.57%,$25,$4,$20,$0,$14,$18,$7,$0,$7,$1,$5,$5,$5,$0,$0,$20,20,$0.27,$0.27,$40,$0,$0,$1096,$23,$855,$0,$27,$905,$2008,$1607,$193,$0,$204,$1810,$1,$140,$17,$197,$2008,$11,$6,$3,$9,$0,$0,$0,$1,$1,$21,$-3,$0,$0,$0,$110,$110,$-88,$19,$-19,$-66,$-85,$2,$2,$-4,$58,$-28,$11,$0,$-4
26,2012-03-31,9.97,$9.75,1.02,$4.20,2.37,$3.49,2.85,$1.00,10.02,$1.04B,$1.67B,0.62,$0.21B,$0.20B,1.07,$0.08B,$0.07B,80.72%,$0.08B,$0.03B,30.12%,$0.08B,0,0.00%,$0.08B,0,0.00%,$0.08B,$0.03B,30.12%,$0.08B,$0.02B,24.10%,$0.02B,$0.20B,10.75%,$0.02B,$0.20B,10.75%,$0.02B,$2.08B,1.01%,$0.03B,$0.40B,6.37%,$21,$4,$17,$0,$10,$15,$6,$0,$6,$1,$5,$5,$5,$0,$0,$20,20,$0.26,$0.26,$35,$0,$0,$1035,$23,$991,$0,$27,$1041,$2082,$1668,$208,$0,$219,$1887,$1,$136,$18,$195,$2082,$5,$3,$2,$5,$0,$0,$0,$0,$0,$10,$-2,$0,$0,$0,$-24,$-24,$-32,$-57,$0,$-5,$-5,$1,$1,$-2,$58,$53,$6,$0,$-2
27,2011-12-31,9.82,$9.57,1.03,$4.15,2.36,$3.44,2.85,$0.98,10.04,$1.00B,$1.61B,0.62,$0.21B,$0.19B,1.1,$0.08B,$0.07B,80.49%,$0.08B,$0.03B,30.49%,$0.08B,0,0.00%,$0.08B,0,0.00%,$0.08B,$0.03B,30.49%,$0.08B,$0.02B,24.39%,$0.02B,$0.19B,11.20%,$0.02B,$0.19B,11.20%,$0.02B,$2.02B,1.06%,$0.03B,$0.40B,6.57%,$21,$5,$17,$0,$11,$15,$6,$0,$6,$1,$5,$5,$5,$0,$0,$20,20,$0.24,$0.24,$29,$0,$0,$999,$22,$968,$0,$27,$1017,$2022,$1614,$208,$0,$219,$1833,$1,$133,$18,$189,$2022,$19,$8,$2,$10,$0,$0,$0,$0,$1,$30,$-4,$0,$0,$0,$-191,$-191,$-83,$-278,$16,$41,$56,$1,$1,$-8,$210,$260,$11,$1,$-8
28,2011-09-30,8.3,$9.40,0.88,$4.17,1.99,$3.33,2.49,$0.95,8.77,$0.98B,$1.54B,0.64,$0.21B,$0.19B,1.12,$0.08B,$0.06B,80.00%,$0.08B,$0.02B,30.00%,$0.08B,0,0.00%,$0.08B,0,0.00%,$0.08B,$0.02B,30.00%,$0.08B,$0.02B,23.75%,$0.02B,$0.19B,11.14%,$0.02B,$0.19B,11.14%,$0.02B,$1.94B,1.05%,$0.02B,$0.39B,6.52%,$21,$5,$17,$0,$10,$14,$7,$0,$7,$2,$5,$5,$5,$0,$0,$20,20,$0.27,$0.27,$28,$0,$0,$978,$22,$906,$0,$28,$956,$1940,$1536,$208,$0,$218,$1754,$1,$131,$17,$186,$1940,$15,$5,$4,$9,$0,$0,$0,$1,$1,$25,$-3,$0,$0,$0,$-133,$-133,$-63,$-199,$16,$-39,$-24,$1,$1,$-6,$211,$183,$10,$1,$-6
29,2011-06-30,10.14,$8.84,1.15,$4.14,2.45,$2.97,3.42,$0.92,10.97,$1.00B,$1.47B,0.68,$0.21B,$0.17B,1.17,$0.08B,$0.06B,79.75%,$0.08B,$0.02B,29.11%,$0.08B,0,0.00%,$0.08B,0,0.00%,$0.08B,$0.02B,29.11%,$0.08B,$0.02B,24.05%,$0.02B,$0.17B,11.46%,$0.02B,$0.17B,11.46%,$0.02B,$1.86B,1.09%,$0.02B,$0.38B,6.53%,$20,$4,$16,$0,$10,$14,$6,$0,$6,$1,$5,$5,$5,$0,$0,$20,20,$0.24,$0.24,$65,$0,$0,$997,$22,$802,$0,$28,$852,$1855,$1471,$205,$0,$209,$1681,$1,$127,$10,$174,$1855,$9,$3,$2,$6,$0,$0,$0,$0,$0,$15,$-2,$0,$0,$0,$-40,$-40,$-45,$-87,$13,$-48,$-35,$1,$1,$-4,$156,$118,$46,$0,$-4
30,2011-03-31,10.09,$8.38,1.2,$4.37,2.31,$2.96,3.41,$0.99,10.18,$0.96B,$1.38B,0.69,$0.19B,$0.17B,1.13,$0.08B,$0.06B,80.00%,$0.08B,$0.02B,30.00%,$0.08B,0,0.00%,$0.08B,0,0.00%,$0.08B,$0.02B,30.00%,$0.08B,$0.02B,23.75%,$0.02B,$0.17B,12.32%,$0.02B,$0.17B,12.32%,$0.02B,$1.74B,1.13%,$0.02B,$0.35B,7.27%,$20,$4,$16,$0,$10,$14,$6,$0,$6,$1,$5,$5,$5,$0,$0,$20,20,$0.24,$0.24,$29,$0,$0,$955,$21,$726,$0,$27,$774,$1735,$1382,$187,$0,$188,$1570,$1,$125,$3,$165,$1735,$5,$2,$1,$3,$0,$0,$0,$-0,$-0,$8,$-1,$0,$0,$0,$27,$27,$-37,$-11,$-5,$-43,$-48,$0,$0,$-2,$64,$14,$10,$0,$-2
31,2010-12-31,10.37,$8.00,1.3,$4.60,2.25,$2.94,3.52,$1.03,10.06,$0.91B,$1.36B,0.67,$0.19B,$0.16B,1.23,$0.08B,$0.06B,79.01%,$0.08B,$0.02B,29.63%,$0.08B,0,0.00%,$0.08B,0,0.00%,$0.08B,$0.02B,29.63%,$0.08B,$0.02B,23.46%,$0.02B,$0.16B,13.26%,$0.02B,$0.16B,13.26%,$0.02B,$1.71B,1.14%,$0.02B,$0.35B,7.67%,$19,$4,$15,$0,$10,$15,$5,$0,$5,$1,$4,$4,$4,$0,$0,$18,18,$0.20,$0.20,$18,$0,$0,$908,$21,$748,$0,$26,$797,$1711,$1362,$192,$0,$192,$1554,$1,$122,$-1,$157,$1711,$18,$6,$-1,$5,$0,$0,$0,$3,$3,$27,$-5,$0,$0,$0,$18,$18,$-77,$-64,$30,$-50,$-20,$33,$33,$-6,$15,$22,$-15,$1,$-6
32,2010-09-30,8.86,$8.52,1.04,$4.72,1.88,$1.94,4.56,$0.96,9.23,$0.90B,$1.35B,0.66,$0.16B,$0.17B,0.97,$0.08B,$0.06B,78.05%,$0.08B,$0.02B,25.61%,$0.08B,0,0.00%,$0.08B,0,0.00%,$0.08B,$0.02B,25.61%,$0.08B,$0.02B,20.73%,$0.02B,$0.17B,12.78%,$0.02B,$0.17B,12.78%,$0.02B,$1.69B,1.03%,$0.02B,$0.33B,7.12%,$20,$4,$16,$0,$10,$14,$6,$0,$6,$1,$5,$5,$5,$0,$0,$19,19,$0.25,$0.24,$26,$0,$0,$897,$21,$734,$0,$34,$788,$1685,$1350,$162,$0,$168,$1519,$1,$120,$11,$167,$1685,$14,$5,$1,$6,$0,$0,$0,$-1,$-1,$19,$-4,$0,$0,$0,$53,$53,$-56,$-7,$0,$-77,$-77,$33,$33,$-4,$30,$-18,$-7,$1,$-4
33,2010-06-30,9.12,$7.84,1.16,$4.83,1.89,$1.35,6.73,$0.95,9.59,$0.88B,$1.30B,0.68,$0.16B,$0.13B,1.27,$0.08B,$0.06B,76.54%,$0.08B,$0.02B,24.69%,$0.08B,0,0.00%,$0.08B,0,0.00%,$0.08B,$0.02B,24.69%,$0.08B,$0.02B,19.75%,$0.02B,$0.13B,13.25%,$0.02B,$0.13B,13.25%,$0.02B,$1.60B,0.99%,$0.02B,$0.29B,7.07%,$21,$4,$17,$0,$10,$14,$7,$0,$7,$2,$5,$5,$5,$0,$0,$16,17,$0.31,$0.30,$31,$0,$0,$883,$21,$665,$0,$30,$715,$1598,$1304,$162,$0,$166,$1470,$1,$117,$8,$128,$1598,$10,$3,$0,$3,$0,$0,$0,$2,$2,$15,$-4,$0,$0,$0,$117,$117,$-36,$77,$0,$-88,$-88,$0,$0,$-3,$-4,$-94,$-2,$0,$-3
34,2010-03-31,8.48,$7.45,1.14,$4.70,1.8,$0.91,9.36,$0.86,9.88,$0.87B,$1.37B,0.64,$0.16B,$0.12B,1.33,$0.08B,$0.06B,75.64%,$0.08B,$0.02B,21.79%,$0.08B,0,0.00%,$0.08B,0,0.00%,$0.08B,$0.02B,21.79%,$0.08B,$0.01B,17.95%,$0.01B,$0.12B,12.10%,$0.01B,$0.12B,12.10%,$0.01B,$1.65B,0.90%,$0.02B,$0.28B,6.18%,$21,$5,$16,$0,$10,$14,$6,$0,$6,$1,$5,$5,$5,$0,$0,$16,16,$0.28,$0.28,$30,$0,$0,$872,$20,$731,$0,$30,$781,$1653,$1366,$162,$1,$166,$1532,$1,$113,$5,$121,$1653,$5,$2,$0,$2,$0,$0,$0,$0,$1,$8,$-3,$0,$0,$0,$46,$46,$-26,$18,$0,$-51,$-51,$0,$0,$-3,$24,$-30,$-4,$0,$-3
35,2009-12-31,8.81,$7.18,1.23,$4.50,1.96,$0.63,14.08,$0.82,10.78,$0.85B,$1.40B,0.61,$0.16B,$0.12B,1.39,$0.07B,$0.06B,75.68%,$0.07B,$0.02B,21.62%,$0.07B,0,0.00%,$0.07B,0,0.00%,$0.07B,$0.02B,21.62%,$0.07B,$0.01B,17.57%,$0.01B,$0.12B,11.56%,$0.01B,$0.12B,11.56%,$0.01B,$1.68B,0.89%,$0.02B,$0.28B,5.94%,$20,$5,$15,$0,$13,$18,$2,$0,$2,$-0,$2,$2,$2,$0,$0,$16,16,$-0.11,$-0.11,$33,$0,$0,$851,$18,$776,$0,$27,$821,$1675,$1395,$162,$0,$164,$1559,$1,$110,$4,$116,$1675,$13,$4,$3,$7,$0,$0,$0,$-10,$-10,$11,$-8,$0,$0,$0,$-216,$-216,$-170,$-393,$35,$-13,$22,$-0,$-0,$-5,$377,$394,$12,$1,$-5
36,2009-09-30,9.21,$7.28,1.26,$4.36,2.11,$1.10,8.41,$0.88,10.46,$0.79B,$1.22B,0.65,$0.16B,$0.12B,1.37,$0.07B,$0.05B,76.06%,$0.07B,$0.02B,25.35%,$0.07B,0,0.00%,$0.07B,0,0.00%,$0.07B,$0.02B,25.35%,$0.07B,$0.01B,19.72%,$0.01B,$0.12B,12.81%,$0.01B,$0.12B,12.81%,$0.01B,$1.51B,1.03%,$0.02B,$0.28B,6.99%,$19,$5,$14,$0,$9,$14,$5,$0,$5,$1,$4,$4,$4,$0,$0,$16,17,$0.24,$0.24,$30,$0,$0,$790,$18,$676,$0,$23,$717,$1508,$1223,$162,$0,$167,$1389,$1,$109,$6,$118,$1508,$11,$3,$1,$3,$0,$0,$0,$-4,$-5,$10,$-7,$0,$0,$0,$-109,$-109,$-109,$-225,$35,$-85,$-50,$-0,$-0,$-4,$278,$224,$9,$1,$-4
37,2009-06-30,7.95,$6.68,1.19,$4.24,1.88,$1.37,5.82,$0.86,9.22,$0.74B,$1.14B,0.65,$0.15B,$0.11B,1.4,$0.07B,$0.05B,76.81%,$0.07B,$0.02B,26.09%,$0.07B,0,0.00%,$0.07B,0,0.00%,$0.07B,$0.02B,26.09%,$0.07B,$0.01B,20.29%,$0.01B,$0.11B,13.30%,$0.01B,$0.11B,13.30%,$0.01B,$1.40B,1.09%,$0.02B,$0.26B,7.83%,$18,$5,$14,$0,$9,$14,$4,$0,$4,$1,$3,$3,$3,$0,$0,$16,16,$0.45,$0.45,$53,$0,$0,$744,$17,$619,$0,$20,$658,$1402,$1141,$152,$0,$152,$1293,$1,$107,$-1,$108,$1402,$7,$1,$-0,$1,$0,$0,$0,$2,$1,$9,$-6,$0,$0,$0,$-63,$-63,$-39,$-108,$25,$-109,$-84,$0,$0,$-3,$217,$130,$31,$0,$-3
38,2009-03-31,6.89,$6.65,1.04,$4.11,1.67,$1.49,4.62,$0.85,8.07,$0.71B,$1.00B,0.71,$0.15B,$0.11B,1.41,$0.07B,$0.05B,76.12%,$0.07B,$0.02B,28.36%,$0.07B,0,0.00%,$0.07B,0,0.00%,$0.07B,$0.02B,28.36%,$0.07B,$0.01B,20.90%,$0.01B,$0.11B,13.59%,$0.01B,$0.11B,13.59%,$0.01B,$1.26B,1.14%,$0.02B,$0.26B,10.01%,$17,$4,$13,$0,$8,$12,$5,$0,$5,$1,$4,$4,$4,$0,$0,$16,16,$0.24,$0.24,$53,$0,$0,$713,$16,$511,$0,$19,$547,$1260,$1000,$152,$1,$153,$1152,$1,$105,$1,$108,$1260,$4,$1,$0,$1,$0,$0,$0,$-0,$0,$5,$-4,$0,$0,$0,$47,$47,$-8,$35,$25,$-103,$-78,$-0,$-0,$-1,$71,$-8,$31,$0,$-1
39,2008-12-31,8.03,$6.33,1.27,$4.02,2.0,$1.60,5.01,$0.79,10.21,$0.67B,$1.03B,0.65,$0.13B,$0.10B,1.24,$0.07B,$0.05B,74.24%,$0.07B,$0.02B,27.27%,$0.07B,0,0.00%,$0.07B,0,0.00%,$0.07B,$0.02B,27.27%,$0.07B,$0.01B,19.70%,$0.01B,$0.10B,12.84%,$0.01B,$0.10B,12.84%,$0.01B,$1.26B,1.08%,$0.02B,$0.23B,12.00%,$17,$4,$13,$0,$9,$13,$4,$0,$4,$1,$3,$3,$3,$0,$0,$16,16,$0.20,$0.20,$21,$0,$0,$673,$13,$554,$0,$19,$588,$1262,$1032,$127,$0,$127,$1159,$1,$102,$-2,$103,$1262,$13,$2,$2,$4,$0,$0,$0,$-2,$-2,$14,$-4,$0,$0,$0,$-85,$-85,$-133,$-221,$47,$112,$159,$-5,$-5,$-5,$31,$181,$-26,$0,$-5
40,2008-09-30,8.14,$6.33,1.29,$3.86,2.11,$1.50,5.44,$0.77,10.59,$0.62B,$1.05B,0.59,$0.07B,$0.10B,0.66,$0.06B,$0.05B,73.44%,$0.06B,$0.02B,28.13%,$0.06B,0,0.00%,$0.06B,0,0.00%,$0.06B,$0.02B,28.13%,$0.06B,$0.01B,20.31%,$0.01B,$0.10B,12.87%,$0.01B,$0.10B,12.87%,$0.01B,$1.22B,1.13%,$0.02B,$0.17B,13.04%,$17,$4,$13,$0,$8,$12,$5,$0,$5,$1,$4,$4,$4,$0,$0,$16,16,$0.22,$0.22,$27,$0,$0,$624,$12,$562,$0,$26,$600,$1224,$1054,$68,$0,$68,$1122,$1,$100,$0,$102,$1224,$10,$1,$1,$2,$0,$0,$0,$-3,$-2,$10,$-3,$0,$0,$0,$-98,$-98,$-77,$-177,$47,$80,$127,$-5,$-5,$-3,$28,$147,$-20,$0,$-3
41,2008-06-30,6.58,$6.13,1.07,$3.70,1.78,$1.42,4.64,$0.72,9.08,$0.58B,$1.08B,0.54,$0.00B,$0.10B,0.0,$0.06B,$0.05B,72.58%,$0.06B,$0.02B,27.42%,$0.06B,0,0.00%,$0.06B,0,0.00%,$0.06B,$0.02B,27.42%,$0.06B,$0.01B,19.35%,$0.01B,$0.10B,11.94%,$0.01B,$0.10B,11.94%,$0.01B,$1.18B,1.09%,$0.02B,$0.10B,13.71%,$16,$4,$12,$0,$8,$12,$5,$0,$5,$1,$3,$3,$3,$0,$0,$16,16,$0.20,$0.20,$33,$0,$0,$584,$11,$555,$0,$24,$591,$1176,$1076,$0,$0,$0,$1077,$1,$98,$-1,$99,$1176,$6,$1,$0,$1,$0,$0,$0,$-1,$-1,$7,$-1,$0,$0,$0,$-93,$-93,$-30,$-125,$30,$10,$40,$-5,$-5,$-2,$71,$104,$-14,$0,$-2
42,2008-03-31,6.38,$6.20,1.03,$3.54,1.8,$1.35,4.73,$0.69,9.26,$0.63B,$1.03B,0.61,$0.00B,$0.10B,0.0,$0.06B,$0.04B,73.33%,$0.06B,$0.02B,26.67%,$0.06B,0,0.00%,$0.06B,0,0.00%,$0.06B,$0.02B,26.67%,$0.06B,$0.01B,20.00%,$0.01B,$0.10B,11.97%,$0.01B,$0.10B,11.97%,$0.01B,$1.13B,1.14%,$0.02B,$0.10B,12.93%,$16,$5,$11,$0,$8,$12,$4,$0,$4,$1,$3,$3,$3,$0,$0,$16,17,$0.17,$0.17,$101,$0,$0,$632,$11,$466,$0,$23,$500,$1131,$1029,$0,$1,$2,$1031,$1,$97,$3,$101,$1131,$3,$0,$0,$1,$0,$0,$0,$-1,$-0,$3,$-1,$0,$0,$0,$2,$2,$-10,$-9,$10,$9,$19,$-4,$-4,$-1,$45,$59,$53,$0,$-1
43,2007-12-31,6.08,$6.10,1.0,$3.41,1.78,$1.29,4.7,$0.67,9.12,$0.57B,$0.89B,0.64,$0.08B,$0.10B,0.78,$0.06B,$0.04B,74.14%,$0.06B,$0.02B,25.86%,$0.06B,0,0.00%,$0.06B,0,0.00%,$0.06B,$0.02B,25.86%,$0.06B,$0.01B,20.69%,$0.01B,$0.10B,12.06%,$0.01B,$0.10B,12.06%,$0.01B,$1.07B,1.19%,$0.02B,$0.18B,12.20%,$15,$5,$11,$0,$7,$12,$4,$0,$4,$1,$3,$3,$3,$0,$0,$17,17,$0.18,$0.18,$47,$0,$0,$569,$11,$467,$0,$22,$500,$1069,$886,$80,$0,$81,$967,$1,$100,$2,$102,$1069,$11,$1,$1,$3,$0,$0,$0,$-1,$-1,$13,$-4,$0,$0,$0,$-10,$-10,$-76,$-90,$80,$-16,$64,$-3,$-3,$-5,$44,$100,$24,$1,$-5
44,2007-09-30,6.83,$5.89,1.16,$3.29,2.08,$1.31,5.21,$0.65,10.56,$0.54B,$0.90B,0.6,$0.01B,$0.10B,0.14,$0.06B,$0.04B,73.68%,$0.06B,$0.01B,24.56%,$0.06B,0,0.00%,$0.06B,0,0.00%,$0.06B,$0.01B,24.56%,$0.06B,$0.01B,21.05%,$0.01B,$0.10B,12.24%,$0.01B,$0.10B,12.24%,$0.01B,$1.01B,1.22%,$0.01B,$0.11B,13.79%,$15,$4,$11,$0,$7,$11,$4,$0,$4,$1,$3,$3,$3,$0,$0,$17,17,$0.18,$0.17,$42,$0,$0,$541,$10,$436,$0,$22,$469,$1010,$897,$14,$0,$14,$911,$1,$98,$-0,$100,$1010,$8,$1,$1,$2,$0,$0,$0,$-2,$-2,$8,$-2,$0,$0,$0,$19,$19,$-54,$-38,$16,$0,$16,$-2,$-2,$-4,$37,$47,$18,$0,$-4
45,2007-06-30,6.72,$5.72,1.17,$3.24,2.08,$1.32,5.1,$0.81,8.33,$0.54B,$0.89B,0.61,$0.00B,$0.10B,0.0,$0.06B,$0.04B,75.00%,$0.06B,$0.01B,25.00%,$0.06B,0,0.00%,$0.06B,0,0.00%,$0.06B,$0.01B,25.00%,$0.06B,$0.01B,21.43%,$0.01B,$0.10B,12.37%,$0.01B,$0.10B,12.37%,$0.01B,$0.99B,1.23%,$0.01B,$0.10B,14.43%,$14,$4,$11,$0,$7,$11,$4,$0,$4,$1,$3,$3,$3,$0,$0,$17,17,$0.16,$0.16,$71,$0,$0,$540,$10,$416,$0,$21,$448,$988,$890,$0,$0,$0,$890,$1,$98,$-2,$98,$988,$5,$1,$0,$1,$0,$0,$0,$-0,$-0,$6,$-2,$0,$0,$0,$36,$36,$-23,$11,$0,$-18,$-18,$-1,$-1,$-3,$52,$30,$47,$0,$-3
46,2007-03-31,7.08,$5.72,1.24,$3.19,2.22,$1.32,5.38,$0.80,8.83,$0.51B,$0.88B,0.58,$0.00B,$0.10B,0.0,$0.06B,$0.04B,73.21%,$0.06B,$0.01B,25.00%,$0.06B,0,0.00%,$0.06B,0,0.00%,$0.06B,$0.01B,25.00%,$0.06B,$0.01B,21.43%,$0.01B,$0.10B,12.57%,$0.01B,$0.10B,12.57%,$0.01B,$0.97B,1.23%,$0.01B,$0.10B,14.66%,$14,$4,$10,$0,$7,$11,$3,$0,$3,$1,$3,$3,$3,$0,$0,$17,17,$0.16,$0.15,$54,$0,$0,$508,$9,$416,$0,$41,$466,$973,$875,$0,$0,$0,$876,$1,$96,$-0,$98,$973,$3,$0,$0,$1,$0,$0,$0,$-1,$-1,$2,$-1,$0,$0,$0,$19,$19,$-8,$10,$0,$-15,$-15,$0,$0,$-2,$34,$17,$30,$0,$-2
47,2006-12-31,6.92,$11.19,0.62,$3.12,2.22,$1.33,5.2,$0.81,8.54,$0.47B,$0.86B,0.55,$0.00B,$0.10B,0.0,$0.06B,$0.04B,74.55%,$0.06B,$0.02B,27.27%,$0.06B,0,0.00%,$0.06B,0,0.00%,$0.06B,$0.02B,27.27%,$0.06B,$0.01B,21.82%,$0.01B,$0.10B,12.77%,$0.01B,$0.10B,12.77%,$0.01B,$0.95B,1.23%,$0.02B,$0.10B,15.96%,$14,$4,$10,$0,$7,$10,$3,$0,$3,$1,$3,$3,$3,$0,$0,$17,17,$0.16,$0.16,$24,$0,$0,$469,$9,$455,$0,$21,$485,$954,$859,$0,$0,$0,$859,$0,$95,$-0,$96,$954,$11,$1,$1,$3,$0,$0,$0,$-1,$-1,$12,$-2,$0,$0,$0,$62,$62,$-72,$-12,$0,$-32,$-32,$-3,$-3,$-3,$37,$-1,$-1,$0,$-3
