,Date,Stock Price,Book Value per Share,Price to Book Ratio,TTM Sales per Share,Price to Sales Ratio,TTM FCF per Share,Price to FCF Ratio,TTM Net EPS,PE Ratio,Current Assets,Current Liabilities,Current Ratio,Long Term Debt,Shareholder's Equity_x,Debt to Equity Ratio,TTM Revenue_x,TTM Gross Profit,Gross Margin,TTM Revenue_y,TTM Operating Income,Operating Margin,TTM Revenue_x,TTM EBIT,EBIT Margin,TTM Revenue_y,TTM EBITDA,EBITDA Margin,TTM Revenue_x,TTM Pre-Tax Income,Pre-Tax Margin,TTM Revenue_y,TTM Net Income_x,Net Margin,TTM Net Income_y,Shareholder's Equity_y,Return on Equity,TTM Net Income_x,Tangible Equity,Return on Tangible Equity,TTM Net Income_y,Total Assets,Return on Assets,TTM Net Income,LT Investments & Debt,Return on Investment,revenue,cost-goods-sold,gross-profit,research-development-expenses,selling-general-administrative-expenses,operating-expenses,operating-income,total-non-operating-income-expense,pre-tax-income,total-provision-income-taxes,income-after-taxes,income-from-continuous-operations,net-income,ebitda,ebit,basic-shares-outstanding,shares-outstanding,eps-basic-net-earnings-per-share,eps-earnings-per-share-diluted,cash-on-hand,inventory,other-current-assets,total-current-assets,net-property-plant-equipment,long-term-investments,goodwill-intangible-assets-total,other-long-term-assets,total-long-term-assets,total-assets,total-current-liabilities,long-term-debt,other-non-current-liabilities,total-long-term-liabilities,total-liabilities,common-stock-net,retained-earnings-accumulated-deficit,comprehensive-income,total-share-holder-equity,total-liabilities-share-holders-equity,net-income-loss,total-depreciation-amortization-cash-flow,other-non-cash-items,total-non-cash-items,change-in-accounts-receivable,change-in-inventories,change-in-accounts-payable,change-in-assets-liabilities,total-change-in-assets-liabilities,cash-flow-from-operating-activities,net-change-in-property-plant-equipment,net-change-in-intangible-assets,net-acquisitions-divestitures,net-change-in-short-term-investments,net-change-in-long-term-investments,net-change-in-investments-total,investing-activities-other,cash-flow-from-investing-activities,net-long-term-debt,net-current-debt,debt-issuance-retirement-net-total,net-common-equity-issued-repurchased,net-total-equity-issued-repurchased,total-common-preferred-stock-dividends-paid,financial-activities-other,cash-flow-from-financial-activities,net-cash-flow,stock-based-compensation,common-stock-dividends-paid
0,2018-09-30,2.88,$2.25,1.28,$6.33,0.46,$-0.74,0.0,$-0.32,0.0,$0.03B,$0.02B,1.33,$0.10B,$0.06B,1.63,$0.16B,$0.07B,41.61%,$0.16B,$0.01B,3.73%,$0.16B,$0.01B,3.73%,$0.16B,$0.02B,9.32%,$0.16B,$-0.01B,-4.35%,$0.16B,$-0.01B,-4.35%,$-0.01B,$0.06B,-12.12%,$-0.01B,$0.03B,-27.45%,$-0.01B,$0.18B,-3.90%,$0.01B,$0.16B,3.83%,$44,$25,$19,$0,$12,$40,$4,$-2,$2,$0,$2,$2,$2,$6,$4,$27,28,$0.06,$0.04,$21,$1,$0,$28,$121,$0,$32,$1,$155,$182,$21,$99,$0,$101,$122,$0,$-2,$0,$61,$182,$-3,$7,$3,$10,$-0,$0,$0,$-1,$0,$6,$-14,$0,$0,$0,$0,$0,$-0,$-14,$2,$0,$2,$11,$11,$0,$-4,$9,$1,$1,$0
1,2018-06-30,3.33,$2.19,1.52,$6.63,0.5,$-0.57,0.0,$-0.33,0.0,$0.03B,$0.02B,1.43,$0.10B,$0.06B,1.68,$0.16B,$0.07B,42.24%,$0.16B,$0.01B,3.73%,$0.16B,$0.01B,3.73%,$0.16B,$0.02B,9.32%,$0.16B,$-0.01B,-4.97%,$0.16B,$-0.01B,-4.97%,$-0.01B,$0.06B,-14.16%,$-0.01B,$0.03B,-32.99%,$-0.01B,$0.18B,-4.49%,$0.01B,$0.16B,3.87%,$41,$24,$17,$0,$12,$39,$2,$-3,$-1,$0,$-1,$-1,$-1,$4,$2,$27,27,$-0.02,$-0.02,$23,$2,$0,$30,$118,$0,$32,$1,$151,$181,$21,$99,$0,$101,$122,$0,$-3,$0,$59,$181,$-5,$5,$3,$8,$0,$0,$0,$-2,$-2,$1,$-7,$0,$0,$0,$0,$0,$-0,$-7,$2,$0,$2,$11,$11,$0,$-4,$9,$3,$0,$0
2,2018-03-31,3.21,$2.21,1.45,$6.85,0.47,$-0.52,0.0,$-0.38,0.0,$0.03B,$0.02B,1.64,$0.10B,$0.06B,1.67,$0.16B,$0.07B,43.13%,$0.16B,$0.01B,3.13%,$0.16B,$0.01B,3.13%,$0.16B,$0.02B,9.38%,$0.16B,$-0.01B,-5.00%,$0.16B,$-0.01B,-5.63%,$-0.01B,$0.06B,-16.22%,$-0.01B,$0.03B,-39.13%,$-0.01B,$0.18B,-5.08%,$0.01B,$0.16B,3.25%,$38,$23,$15,$0,$12,$37,$1,$-5,$-4,$0,$-4,$-4,$-4,$3,$1,$23,24,$-0.18,$-0.20,$28,$2,$0,$34,$115,$0,$32,$0,$147,$182,$21,$99,$0,$101,$122,$0,$-2,$0,$59,$182,$-4,$2,$3,$5,$0,$0,$0,$-0,$-1,$-1,$-2,$0,$0,$0,$0,$0,$0,$-1,$2,$0,$2,$11,$11,$0,$-4,$10,$8,$0,$0
3,2017-12-31,3.89,$2.27,1.71,$6.99,0.56,$-0.47,0.0,$-0.23,0.0,$0.03B,$0.02B,1.41,$0.10B,$0.05B,1.89,$0.16B,$0.07B,44.44%,$0.16B,$0.01B,3.70%,$0.16B,$0.01B,3.70%,$0.16B,$0.02B,10.49%,$0.16B,$-0.00B,-2.47%,$0.16B,$-0.01B,-3.70%,$-0.01B,$0.05B,-10.96%,$-0.01B,$0.02B,-26.97%,$-0.01B,$0.17B,-3.42%,$0.01B,$0.15B,3.93%,$38,$22,$16,$0,$14,$38,$-1,$-4,$-4,$-1,$-4,$-4,$-4,$2,$-1,$23,23,$-0.15,$-0.15,$20,$2,$0,$26,$114,$0,$32,$1,$147,$173,$19,$98,$3,$103,$121,$0,$2,$0,$52,$173,$-5,$9,$2,$11,$0,$-0,$0,$0,$1,$7,$-11,$0,$0,$0,$0,$0,$-0,$-11,$-3,$0,$-3,$0,$0,$0,$-0,$-3,$-7,$1,$0
4,2017-09-30,2.79,$2.43,1.15,$7.28,0.38,$-0.08,0.0,$-0.19,0.0,$0.03B,$0.02B,1.49,$0.10B,$0.06B,1.76,$0.16B,$0.07B,45.06%,$0.16B,$0.01B,4.94%,$0.16B,$0.01B,4.94%,$0.16B,$0.02B,11.11%,$0.16B,$-0.00B,-1.23%,$0.16B,$-0.00B,-2.47%,$-0.00B,$0.06B,-7.17%,$-0.00B,$0.02B,-17.20%,$-0.00B,$0.18B,-2.27%,$0.01B,$0.15B,5.19%,$44,$24,$20,$0,$13,$40,$4,$-3,$1,$0,$1,$1,$1,$6,$4,$23,24,$0.03,$0.03,$22,$2,$0,$30,$115,$0,$32,$1,$148,$177,$20,$98,$2,$102,$122,$0,$6,$0,$56,$177,$-1,$7,$1,$8,$0,$0,$0,$-1,$-0,$7,$-9,$0,$0,$0,$0,$0,$-0,$-9,$-2,$0,$-2,$0,$0,$0,$-0,$-2,$-5,$0,$0
5,2017-06-30,2.47,$2.39,1.04,$7.50,0.33,$0.24,10.24,$-0.21,0.0,$0.03B,$0.02B,1.56,$0.10B,$0.06B,1.81,$0.16B,$0.07B,44.65%,$0.16B,$0.01B,4.40%,$0.16B,$0.01B,4.40%,$0.16B,$0.02B,10.69%,$0.16B,$-0.00B,-1.89%,$0.16B,$-0.01B,-3.14%,$-0.01B,$0.06B,-9.05%,$-0.01B,$0.02B,-21.74%,$-0.01B,$0.18B,-2.85%,$0.01B,$0.15B,4.53%,$40,$22,$18,$0,$14,$39,$1,$-3,$-1,$0,$-2,$-2,$-2,$4,$1,$23,23,$-0.07,$-0.07,$22,$2,$0,$29,$113,$0,$32,$1,$146,$176,$19,$99,$1,$102,$121,$0,$5,$0,$55,$176,$-2,$5,$1,$5,$1,$0,$0,$-2,$-1,$2,$-6,$0,$0,$0,$0,$0,$-0,$-6,$-1,$0,$-1,$0,$0,$0,$-0,$-1,$-5,$0,$0
6,2017-03-31,2.43,$2.45,0.99,$7.50,0.32,$0.46,5.24,$-0.27,0.0,$0.03B,$0.02B,1.87,$0.10B,$0.06B,1.77,$0.15B,$0.07B,44.81%,$0.15B,$0.01B,4.55%,$0.15B,$0.01B,4.55%,$0.15B,$0.02B,10.39%,$0.15B,$-0.00B,-2.60%,$0.15B,$-0.01B,-3.25%,$-0.01B,$0.06B,-9.09%,$-0.01B,$0.02B,-21.98%,$-0.01B,$0.18B,-2.86%,$0.01B,$0.16B,4.52%,$40,$22,$18,$0,$13,$37,$2,$-3,$-0,$0,$-1,$-1,$-1,$5,$2,$23,23,$-0.03,$-0.03,$25,$1,$0,$31,$111,$0,$32,$0,$144,$175,$17,$99,$1,$102,$119,$0,$6,$0,$56,$175,$-1,$2,$0,$3,$1,$0,$0,$-0,$-0,$2,$-2,$0,$0,$0,$0,$0,$0,$-2,$-1,$0,$-1,$0,$0,$0,$-0,$-1,$-2,$0,$0
7,2016-12-31,2.4,$2.47,0.97,$7.40,0.32,$0.59,4.08,$-0.26,0.0,$0.03B,$0.02B,1.82,$0.10B,$0.06B,1.76,$0.15B,$0.07B,45.21%,$0.15B,$0.01B,4.79%,$0.15B,$0.01B,4.79%,$0.15B,$0.02B,10.27%,$0.15B,$-0.00B,-2.74%,$0.15B,$-0.00B,-2.74%,$-0.00B,$0.06B,-7.27%,$-0.00B,$0.02B,-15.24%,$-0.00B,$0.18B,-2.42%,$0.01B,$0.16B,4.79%,$38,$21,$17,$0,$13,$37,$1,$-3,$-2,$0,$-2,$-2,$-2,$3,$1,$20,20,$-0.13,$-0.13,$27,$1,$0,$33,$111,$0,$32,$0,$144,$177,$18,$100,$1,$103,$121,$0,$7,$0,$56,$177,$-5,$9,$2,$11,$-0,$-0,$0,$0,$2,$8,$-3,$0,$-28,$0,$0,$0,$3,$-29,$32,$-2,$30,$5,$5,$0,$-1,$33,$12,$0,$0
8,2016-09-30,1.79,$2.85,0.63,$7.00,0.26,$0.17,10.78,$-0.20,0.0,$0.03B,$0.02B,1.62,$0.10B,$0.05B,1.84,$0.14B,$0.06B,45.65%,$0.14B,$0.01B,5.07%,$0.14B,$0.01B,5.07%,$0.14B,$0.02B,10.87%,$0.14B,$-0.00B,-2.17%,$0.14B,$-0.00B,-2.17%,$-0.00B,$0.05B,-5.43%,$-0.00B,$0.02B,-10.08%,$-0.00B,$0.17B,-1.92%,$0.01B,$0.15B,5.07%,$41,$23,$18,$0,$13,$38,$3,$-3,$0,$0,$0,$0,$0,$5,$3,$20,20,$0.01,$0.01,$23,$1,$0,$30,$111,$0,$32,$1,$144,$174,$19,$100,$1,$101,$120,$0,$9,$0,$54,$174,$-3,$7,$1,$8,$-0,$0,$0,$-1,$1,$6,$-2,$0,$-28,$0,$0,$0,$3,$-27,$33,$-2,$31,$0,$0,$0,$-2,$29,$9,$0,$0
9,2016-06-30,2.02,$2.84,0.71,$6.74,0.3,$-0.30,0.0,$-0.10,0.0,$0.03B,$0.02B,1.6,$0.10B,$0.05B,1.86,$0.13B,$0.06B,45.80%,$0.13B,$0.01B,5.34%,$0.13B,$0.01B,5.34%,$0.13B,$0.02B,12.21%,$0.13B,$-0.00B,-1.53%,$0.13B,$-0.00B,-0.76%,$-0.00B,$0.05B,-1.78%,$-0.00B,$0.02B,-2.94%,$-0.00B,$0.17B,-0.67%,$0.01B,$0.15B,5.35%,$35,$19,$16,$0,$12,$34,$1,$-3,$-2,$0,$-2,$-2,$-2,$3,$1,$20,20,$-0.12,$-0.12,$21,$1,$0,$28,$112,$0,$33,$1,$145,$173,$18,$100,$1,$102,$119,$0,$9,$0,$54,$173,$-3,$4,$1,$5,$-0,$0,$0,$-2,$-0,$2,$-1,$0,$-28,$0,$0,$0,$3,$-26,$34,$-2,$32,$0,$0,$0,$-1,$30,$6,$0,$0
10,2016-03-31,1.44,$2.97,0.49,$6.61,0.22,$-0.77,0.0,$0.01,0.0,$0.02B,$0.02B,1.31,$0.07B,$0.06B,1.16,$0.13B,$0.06B,45.67%,$0.13B,$0.01B,5.51%,$0.13B,$0.01B,5.51%,$0.13B,$0.02B,12.60%,$0.13B,0,0.00%,$0.13B,$0.00B,0.79%,$0.00B,$0.06B,1.76%,$0.00B,$0.04B,2.63%,$0.00B,$0.14B,0.70%,$0.01B,$0.12B,5.67%,$32,$17,$15,$0,$11,$30,$2,$-2,$-0,$0,$-0,$-0,$-0,$4,$2,$20,20,$-0.02,$-0.02,$14,$1,$3,$22,$97,$0,$19,$1,$117,$138,$17,$65,$0,$66,$82,$0,$12,$0,$56,$138,$-0,$2,$0,$2,$0,$0,$0,$-0,$-0,$2,$-0,$0,$0,$0,$0,$0,$0,$-0,$-3,$0,$-3,$0,$0,$0,$-0,$-3,$-1,$0,$0
11,2015-12-31,1.67,$2.98,0.56,$6.52,0.26,$-1.03,0.0,$-0.06,0.0,$0.02B,$0.02B,1.26,$0.07B,$0.06B,1.17,$0.12B,$0.06B,45.16%,$0.12B,$0.01B,4.03%,$0.12B,$0.01B,4.03%,$0.12B,$0.01B,11.29%,$0.12B,$-0.00B,-1.61%,$0.12B,$-0.00B,-0.81%,$-0.00B,$0.06B,-1.76%,$-0.00B,$0.04B,-2.67%,$-0.00B,$0.14B,-0.70%,$0.01B,$0.12B,4.04%,$30,$17,$14,$0,$11,$30,$1,$-2,$-1,$0,$-1,$-1,$-1,$3,$1,$20,20,$-0.07,$-0.07,$15,$1,$3,$23,$99,$0,$19,$1,$118,$141,$18,$66,$0,$66,$85,$0,$12,$0,$57,$141,$-1,$10,$0,$10,$0,$0,$0,$-1,$-1,$8,$-11,$0,$0,$0,$0,$0,$-3,$-15,$7,$0,$7,$0,$0,$0,$-0,$6,$-1,$0,$0
12,2015-09-30,1.46,$3.04,0.48,$6.39,0.23,$-0.94,0.0,$-0.56,0.0,$0.03B,$0.02B,1.22,$0.07B,$0.06B,1.17,$0.12B,$0.05B,44.63%,$0.12B,$-0.00B,-0.83%,$0.12B,$-0.00B,-0.83%,$0.12B,$0.01B,8.26%,$0.12B,$-0.01B,-5.79%,$0.12B,$-0.01B,-9.09%,$-0.01B,$0.06B,-19.38%,$-0.01B,$0.04B,-29.33%,$-0.01B,$0.15B,-7.72%,$-0.00B,$0.13B,-0.81%,$34,$19,$15,$0,$10,$31,$3,$-2,$1,$-1,$2,$2,$2,$6,$3,$19,19,$0.11,$0.11,$15,$0,$3,$25,$100,$0,$18,$2,$121,$146,$21,$68,$0,$68,$89,$0,$13,$0,$58,$146,$-0,$7,$0,$8,$-1,$0,$0,$-1,$-2,$6,$-10,$0,$0,$0,$0,$0,$-4,$-14,$8,$-2,$7,$0,$0,$0,$-0,$6,$-2,$0,$0
13,2015-06-30,1.67,$2.93,0.57,$6.32,0.26,$-0.69,0.0,$-0.71,0.0,$0.02B,$0.02B,1.2,$0.07B,$0.06B,1.26,$0.12B,$0.06B,45.83%,$0.12B,$-0.00B,-0.83%,$0.12B,$-0.00B,-0.83%,$0.12B,$0.01B,7.50%,$0.12B,$-0.01B,-7.50%,$0.12B,$-0.01B,-11.67%,$-0.01B,$0.06B,-23.63%,$-0.01B,$0.04B,-35.44%,$-0.01B,$0.14B,-9.82%,$-0.00B,$0.13B,-0.79%,$31,$17,$14,$0,$10,$30,$1,$-2,$-0,$-0,$-0,$-0,$-0,$3,$1,$19,19,$-0.02,$-0.02,$14,$0,$1,$22,$100,$0,$19,$3,$122,$144,$18,$70,$0,$70,$88,$0,$11,$0,$56,$144,$-2,$5,$-0,$5,$-0,$0,$0,$-2,$-2,$1,$-9,$0,$0,$0,$0,$0,$-0,$-9,$7,$0,$7,$0,$0,$0,$-0,$7,$-1,$0,$0
14,2015-03-31,1.51,$2.95,0.51,$6.36,0.24,$-0.34,0.0,$-1.14,0.0,$0.02B,$0.02B,1.12,$0.07B,$0.06B,1.19,$0.12B,$0.05B,45.00%,$0.12B,$-0.01B,-11.67%,$0.12B,$-0.01B,-11.67%,$0.12B,$-0.00B,-2.50%,$0.12B,$-0.02B,-18.33%,$0.12B,$-0.02B,-18.33%,$-0.02B,$0.06B,-35.34%,$-0.02B,$0.04B,-52.38%,$-0.02B,$0.14B,-15.41%,$-0.01B,$0.12B,-10.89%,$29,$16,$13,$0,$11,$29,$-0,$-2,$-2,$0,$-2,$-2,$-2,$2,$-0,$19,19,$-0.09,$-0.09,$14,$0,$1,$19,$98,$0,$19,$3,$120,$139,$17,$66,$0,$66,$84,$0,$12,$0,$56,$139,$-2,$2,$0,$3,$0,$0,$0,$-1,$1,$2,$-5,$0,$0,$0,$0,$0,$-0,$-5,$2,$0,$2,$0,$0,$0,$-0,$2,$-1,$0,$0
15,2014-12-31,1.4,$3.05,0.46,$6.43,0.22,$-0.17,0.0,$-1.11,0.0,$0.02B,$0.02B,1.3,$0.07B,$0.06B,1.14,$0.12B,$0.06B,45.45%,$0.12B,$-0.01B,-11.57%,$0.12B,$-0.01B,-11.57%,$0.12B,$-0.00B,-1.65%,$0.12B,$-0.02B,-18.18%,$0.12B,$-0.02B,-17.36%,$-0.02B,$0.06B,-31.11%,$-0.02B,$0.04B,-47.73%,$-0.02B,$0.14B,-14.33%,$-0.01B,$0.12B,-10.47%,$27,$15,$12,$0,$11,$32,$-5,$-2,$-6,$4,$-11,$-11,$-11,$-1,$-5,$19,19,$-0.55,$-0.55,$16,$1,$0,$23,$95,$0,$20,$3,$118,$141,$18,$66,$0,$66,$83,$0,$13,$0,$57,$141,$-21,$12,$13,$25,$0,$0,$0,$2,$3,$8,$-10,$0,$0,$0,$0,$0,$1,$-9,$0,$2,$2,$0,$0,$0,$-0,$2,$1,$1,$0
16,2014-09-30,1.15,$3.59,0.32,$6.69,0.17,$0.26,4.44,$-0.68,0.0,$0.02B,$0.01B,1.92,$0.07B,$0.07B,0.97,$0.13B,$0.06B,45.60%,$0.13B,$-0.01B,-8.00%,$0.13B,$-0.01B,-8.00%,$0.13B,$0.01B,4.00%,$0.13B,$-0.02B,-15.20%,$0.13B,$-0.01B,-9.60%,$-0.01B,$0.07B,-16.49%,$-0.01B,$0.05B,-26.37%,$-0.01B,$0.15B,-8.01%,$-0.01B,$0.13B,-7.22%,$33,$17,$16,$0,$11,$30,$3,$-3,$-1,$0,$-1,$-1,$-1,$5,$3,$19,19,$-0.04,$-0.04,$16,$0,$1,$24,$93,$0,$20,$4,$122,$146,$12,$66,$0,$66,$78,$0,$24,$0,$68,$146,$-10,$8,$8,$16,$-0,$0,$0,$-0,$1,$7,$-6,$0,$0,$0,$0,$0,$-0,$-7,$-1,$2,$1,$0,$0,$0,$-0,$1,$1,$0,$0
17,2014-06-30,1.41,$3.62,0.39,$6.95,0.2,$0.66,2.15,$-0.75,0.0,$0.02B,$0.01B,1.98,$0.07B,$0.07B,0.97,$0.13B,$0.06B,45.74%,$0.13B,$-0.01B,-10.85%,$0.13B,$-0.01B,-10.85%,$0.13B,$0.00B,1.55%,$0.13B,$-0.02B,-16.28%,$0.13B,$-0.01B,-10.08%,$-0.01B,$0.07B,-17.16%,$-0.01B,$0.05B,-28.73%,$-0.01B,$0.15B,-8.52%,$-0.01B,$0.14B,-9.95%,$31,$18,$13,$0,$11,$43,$-12,$-2,$-13,$-5,$-8,$-8,$-8,$-9,$-12,$19,19,$-0.45,$-0.45,$13,$0,$1,$21,$92,$0,$21,$6,$124,$145,$11,$66,$0,$66,$77,$0,$25,$0,$68,$145,$-10,$5,$7,$13,$0,$0,$0,$-2,$-1,$2,$-4,$0,$0,$0,$0,$0,$-2,$-6,$2,$0,$2,$0,$0,$0,$-0,$2,$-2,$0,$0
18,2014-03-31,2.17,$4.07,0.53,$7.25,0.3,$0.98,2.2,$-0.30,0.0,$0.02B,$0.01B,2.1,$0.07B,$0.08B,0.86,$0.14B,$0.06B,47.41%,$0.14B,0,0.00%,$0.14B,0,0.00%,$0.14B,$0.02B,11.85%,$0.14B,$-0.01B,-5.93%,$0.14B,$-0.01B,-3.70%,$-0.01B,$0.08B,-6.31%,$-0.01B,$0.04B,-11.30%,$-0.01B,$0.15B,-3.19%,$0.00B,$0.14B,0.00%,$30,$17,$14,$0,$11,$31,$-0,$-2,$-2,$-1,$-1,$-1,$-1,$3,$-0,$19,19,$-0.06,$-0.06,$15,$0,$1,$22,$92,$0,$33,$6,$132,$154,$10,$66,$0,$66,$77,$0,$33,$0,$77,$154,$-1,$3,$0,$3,$0,$0,$0,$-0,$-0,$2,$-2,$0,$0,$0,$0,$0,$-2,$-4,$2,$0,$2,$0,$0,$0,$-0,$2,$-0,$0,$0
19,2013-12-31,2.8,$4.15,0.67,$7.72,0.36,$1.21,2.31,$-0.21,0.0,$0.02B,$0.01B,2.01,$0.06B,$0.08B,0.83,$0.14B,$0.07B,47.92%,$0.14B,$0.00B,2.08%,$0.14B,$0.00B,2.08%,$0.14B,$0.02B,13.19%,$0.14B,$-0.01B,-3.47%,$0.14B,$-0.00B,-2.08%,$-0.00B,$0.08B,-3.73%,$-0.00B,$0.04B,-6.86%,$-0.00B,$0.15B,-1.89%,$0.00B,$0.14B,2.08%,$31,$17,$14,$0,$15,$32,$-1,$-2,$-3,$-0,$-2,$-2,$-2,$6,$-1,$19,19,$-0.13,$-0.13,$15,$0,$1,$24,$91,$0,$34,$4,$130,$154,$12,$64,$0,$65,$76,$0,$34,$0,$78,$154,$-4,$15,$3,$18,$1,$0,$0,$2,$-2,$12,$-6,$0,$0,$0,$0,$0,$-0,$-6,$-11,$0,$-11,$0,$0,$0,$-0,$-11,$-6,$1,$0
20,2013-09-30,2.78,$4.27,0.65,$8.05,0.35,$0.50,5.6,$-0.12,0.0,$0.04B,$0.01B,2.47,$0.06B,$0.08B,0.78,$0.15B,$0.07B,46.67%,$0.15B,$0.00B,2.00%,$0.15B,$0.00B,2.00%,$0.15B,$0.02B,10.00%,$0.15B,$-0.01B,-3.33%,$0.15B,$-0.00B,-1.33%,$-0.00B,$0.08B,-2.46%,$-0.00B,$0.05B,-4.65%,$-0.00B,$0.16B,-1.24%,$0.00B,$0.14B,2.06%,$37,$20,$18,$0,$11,$39,$-1,$-2,$-3,$-1,$-2,$-2,$-2,$2,$-1,$19,19,$-0.11,$-0.11,$25,$0,$1,$35,$82,$0,$34,$5,$122,$157,$14,$63,$0,$63,$77,$0,$36,$0,$80,$157,$-2,$8,$5,$13,$1,$0,$0,$1,$-0,$11,$-3,$0,$0,$0,$0,$0,$-0,$-4,$-3,$0,$-3,$0,$0,$0,$-0,$-3,$5,$1,$0
21,2013-06-30,2.7,$4.39,0.62,$7.67,0.35,$-0.04,0.0,$0.10,27.0,$0.03B,$0.02B,2.22,$0.06B,$0.08B,0.78,$0.14B,$0.07B,46.15%,$0.14B,$0.01B,4.90%,$0.14B,$0.01B,4.90%,$0.14B,$0.02B,11.19%,$0.14B,$0.00B,0.70%,$0.14B,$0.00B,1.40%,$0.00B,$0.08B,2.45%,$0.00B,$0.04B,4.23%,$0.00B,$0.16B,1.38%,$0.01B,$0.15B,5.37%,$37,$19,$18,$0,$12,$35,$2,$-2,$0,$0,$-0,$-0,$-0,$5,$2,$19,19,$0.00,$0.00,$23,$0,$1,$34,$83,$0,$39,$4,$127,$161,$15,$64,$0,$64,$79,$0,$39,$0,$82,$161,$1,$5,$1,$6,$1,$0,$0,$1,$1,$7,$-2,$0,$0,$0,$0,$0,$-0,$-2,$-3,$0,$-3,$0,$0,$0,$-0,$-3,$2,$1,$0
22,2013-03-31,2.8,$4.38,0.64,$7.20,0.39,$-0.47,0.0,$0.14,20.0,$0.03B,$0.02B,2.01,$0.06B,$0.08B,0.78,$0.13B,$0.06B,44.78%,$0.13B,$0.01B,4.48%,$0.13B,$0.01B,4.48%,$0.13B,$0.01B,8.96%,$0.13B,$0.00B,1.49%,$0.13B,$0.00B,2.24%,$0.00B,$0.08B,3.70%,$0.00B,$0.04B,5.83%,$0.00B,$0.16B,2.33%,$0.01B,$0.15B,5.29%,$39,$20,$19,$0,$12,$36,$3,$-2,$1,$1,$1,$1,$1,$6,$3,$19,19,$0.03,$0.03,$25,$0,$1,$33,$83,$0,$40,$5,$129,$162,$17,$64,$0,$64,$80,$0,$39,$0,$82,$162,$1,$3,$0,$3,$0,$0,$0,$3,$2,$5,$-1,$0,$0,$0,$0,$0,$-0,$-1,$0,$0,$0,$0,$0,$0,$-0,$-0,$4,$0,$0
23,2012-12-31,3.45,$4.34,0.79,$6.89,0.5,$-0.31,0.0,$1.49,2.32,$0.03B,$0.02B,2.11,$0.07B,$0.08B,0.82,$0.13B,$0.06B,45.31%,$0.13B,$0.05B,38.28%,$0.13B,$0.05B,38.28%,$0.13B,$0.05B,40.63%,$0.13B,$0.05B,35.16%,$0.13B,$0.03B,21.88%,$0.03B,$0.08B,35.00%,$0.03B,$0.04B,50.22%,$0.03B,$0.16B,24.40%,$0.05B,$0.15B,50.78%,$37,$22,$15,$0,$13,$39,$-1,$-2,$-3,$-2,$-1,$-1,$-1,$2,$-1,$19,19,$-0.04,$-0.04,$21,$0,$1,$32,$84,$0,$40,$5,$130,$163,$15,$66,$0,$66,$82,$0,$38,$0,$81,$163,$28,$9,$-39,$-30,$3,$0,$0,$-2,$-2,$-4,$-3,$0,$50,$0,$0,$0,$-1,$45,$-28,$0,$-28,$0,$0,$0,$-7,$-35,$6,$1,$0
24,2012-09-30,3.75,$4.37,0.86,$6.66,0.56,$1.37,2.73,$1.56,2.4,$0.03B,$0.01B,2.21,$0.00B,$0.08B,0.0,$0.12B,$0.06B,48.39%,$0.12B,$0.06B,44.35%,$0.12B,$0.06B,44.35%,$0.12B,$0.06B,44.35%,$0.12B,$0.05B,41.94%,$0.12B,$0.03B,23.39%,$0.03B,$0.08B,39.46%,$0.03B,$0.06B,56.04%,$0.03B,$0.09B,29.67%,$0.06B,$0.08B,69.62%,$30,$16,$14,$0,$8,$27,$3,$-0,$3,$1,$2,$2,$2,$3,$3,$19,19,$0.11,$0.11,$21,$0,$0,$28,$37,$0,$19,$10,$67,$94,$13,$0,$0,$0,$13,$0,$39,$0,$82,$94,$29,$7,$-38,$-31,$3,$0,$0,$-1,$2,$-0,$-2,$0,$50,$0,$0,$0,$-10,$37,$-27,$0,$-27,$0,$0,$0,$-3,$-30,$7,$1,$0
25,2012-06-30,2.89,$4.24,0.68,$6.84,0.42,$2.55,1.13,$1.39,2.08,$0.04B,$0.02B,2.18,$0.00B,$0.08B,0.0,$0.13B,$0.06B,49.61%,$0.13B,$0.05B,42.52%,$0.13B,$0.05B,42.52%,$0.13B,$0.05B,42.52%,$0.13B,$0.05B,38.58%,$0.13B,$0.03B,20.47%,$0.03B,$0.08B,38.95%,$0.03B,$0.06B,62.65%,$0.03B,$0.10B,26.40%,$0.05B,$0.08B,69.01%,$28,$16,$12,$0,$8,$26,$1,$0,$1,$1,$1,$1,$1,$1,$1,$19,19,$0.04,$0.04,$28,$0,$0,$36,$38,$0,$19,$3,$60,$96,$16,$0,$0,$0,$16,$0,$37,$0,$79,$96,$0,$0,$0,$0,$0,$0,$0,$0,$0,$-2,$-1,$0,$50,$0,$0,$0,$-3,$45,$-27,$0,$-27,$0,$0,$0,$-3,$-30,$13,$0,$0
26,2012-03-31,2.84,$4.19,0.68,$7.05,0.4,$3.31,0.86,$1.43,1.99,$0.05B,$0.03B,1.62,$0.00B,$0.08B,0.0,$0.13B,$0.07B,51.54%,$0.13B,$0.06B,46.15%,$0.13B,$0.06B,46.15%,$0.13B,$0.06B,46.15%,$0.13B,$0.05B,41.54%,$0.13B,$0.03B,20.00%,$0.03B,$0.08B,42.62%,$0.03B,$0.06B,84.55%,$0.03B,$0.11B,26.33%,$0.06B,$0.08B,76.19%,$33,$16,$17,$0,$9,$-13,$46,$-2,$44,$16,$28,$28,$26,$46,$46,$19,19,$1.38,$1.38,$38,$0,$0,$45,$39,$0,$19,$3,$61,$106,$28,$0,$0,$0,$28,$0,$36,$0,$78,$106,$0,$0,$0,$0,$0,$0,$0,$0,$0,$8,$-1,$0,$49,$0,$0,$0,$-3,$45,$-27,$0,$-27,$0,$0,$0,$-3,$-30,$24,$0,$0
27,2011-12-31,2.63,$2.97,0.89,$5.73,0.46,$3.23,0.81,$0.14,18.79,$0.02B,$0.02B,1.35,$0.02B,$0.06B,0.4,$0.11B,$0.06B,54.29%,$0.11B,$0.02B,19.05%,$0.11B,$0.02B,19.05%,$0.11B,$0.02B,19.05%,$0.11B,$0.02B,15.24%,$0.11B,$0.00B,1.90%,$0.00B,$0.06B,3.62%,$0.00B,$0.03B,8.33%,$0.00B,$0.10B,2.10%,$0.02B,$0.08B,25.16%,$33,$15,$17,$0,$9,$28,$5,$-1,$4,$1,$3,$3,$0,$5,$5,$18,18,$0.02,$0.02,$15,$0,$0,$23,$39,$0,$30,$2,$71,$95,$17,$22,$0,$22,$39,$0,$9,$0,$55,$95,$2,$12,$9,$21,$-1,$0,$0,$-1,$4,$27,$-3,$-0,$0,$0,$0,$0,$-20,$-23,$9,$0,$9,$0,$0,$0,$-11,$-3,$1,$1,$0
28,2011-09-30,2.74,$2.74,1.0,$4.40,0.62,$2.92,0.94,$0.22,12.45,$0.03B,$0.02B,1.58,$0.02B,$0.06B,0.43,$0.08B,$0.05B,58.75%,$0.08B,$0.02B,26.25%,$0.08B,$0.02B,26.25%,$0.08B,$0.02B,26.25%,$0.08B,$0.02B,22.50%,$0.08B,$0.00B,5.00%,$0.00B,$0.06B,7.31%,$0.00B,$0.02B,16.00%,$0.00B,$0.10B,4.68%,$0.02B,$0.08B,28.57%,$33,$16,$17,$0,$8,$32,$2,$-1,$0,$-1,$1,$1,$-1,$2,$2,$19,19,$-0.06,$-0.06,$17,$0,$1,$27,$38,$0,$33,$0,$71,$97,$17,$24,$0,$26,$43,$0,$8,$0,$55,$97,$0,$0,$0,$0,$0,$0,$0,$0,$0,$21,$-1,$0,$0,$0,$0,$0,$-19,$-21,$12,$0,$12,$0,$0,$0,$-9,$3,$3,$0,$0
29,2011-06-30,3.15,$2.98,1.06,$3.09,1.02,$2.55,1.23,$0.40,7.88,$0.02B,$0.01B,1.42,$0.03B,$0.06B,0.45,$0.06B,$0.04B,66.07%,$0.06B,$0.03B,46.43%,$0.06B,$0.03B,46.43%,$0.06B,$0.03B,46.43%,$0.06B,$0.03B,44.64%,$0.06B,$0.01B,12.50%,$0.01B,$0.06B,13.02%,$0.01B,$0.02B,26.67%,$0.01B,$0.10B,9.33%,$0.03B,$0.08B,39.10%,$31,$15,$16,$0,$7,$24,$7,$-1,$6,$1,$4,$4,$1,$7,$7,$18,18,$0.08,$0.08,$12,$0,$1,$20,$38,$0,$38,$0,$77,$97,$14,$25,$0,$27,$41,$0,$9,$0,$56,$97,$0,$0,$0,$0,$0,$0,$0,$0,$0,$11,$-1,$0,$0,$0,$0,$0,$-20,$-20,$13,$0,$13,$0,$0,$0,$-6,$7,$-2,$0,$0
30,2011-03-31,3.81,$3.03,1.26,$1.83,2.08,$2.38,1.6,$0.40,9.53,$0.02B,$0.01B,1.64,$0.03B,$0.06B,0.48,$0.03B,$0.03B,84.85%,$0.03B,$0.02B,72.73%,$0.03B,$0.02B,72.73%,$0.03B,$0.02B,72.73%,$0.03B,$0.02B,72.73%,$0.03B,$0.01B,21.21%,$0.01B,$0.06B,13.46%,$0.01B,$0.03B,25.00%,$0.01B,$0.09B,10.98%,$0.02B,$0.08B,41.03%,$8,$2,$7,$0,$2,$3,$6,$-0,$6,$1,$4,$4,$2,$6,$6,$18,18,$0.09,$0.09,$11,$0,$0,$15,$7,$0,$23,$46,$77,$92,$9,$26,$0,$28,$38,$0,$8,$0,$55,$92,$0,$0,$0,$0,$0,$0,$0,$0,$0,$5,$-0,$0,$0,$0,$0,$0,$-20,$-20,$15,$0,$15,$0,$0,$0,$-2,$13,$-2,$0,$0
31,2010-12-31,3.39,$2.93,1.16,$1.83,1.86,$2.22,1.52,$0.42,8.07,$0.02B,$0.00B,11.11,$0.00B,$0.05B,0.0,$0.03B,$0.03B,84.85%,$0.03B,$0.02B,72.73%,$0.03B,$0.02B,72.73%,$0.03B,$0.02B,72.73%,$0.03B,$0.02B,72.73%,$0.03B,$0.01B,21.21%,$0.01B,$0.05B,14.00%,$0.01B,$0.03B,27.72%,$0.01B,$0.06B,13.08%,$0.02B,$0.05B,48.00%,$8,$1,$7,$0,$2,$2,$6,$-0,$6,$1,$4,$4,$2,$6,$6,$18,18,$0.12,$0.12,$13,$0,$0,$17,$7,$0,$24,$7,$39,$56,$2,$0,$0,$2,$4,$0,$6,$0,$53,$56,$8,$3,$11,$14,$-1,$0,$0,$-0,$-4,$18,$-0,$0,$0,$0,$0,$0,$-0,$-0,$-1,$0,$-1,$0,$0,$0,$-12,$-13,$4,$0,$0
32,2010-09-30,3.14,$2.85,1.1,$1.74,1.8,$1.87,1.68,$0.37,8.49,$0.02B,$0.00B,13.3,$0.00B,$0.05B,0.0,$0.03B,$0.03B,83.87%,$0.03B,$0.02B,67.74%,$0.03B,$0.02B,67.74%,$0.03B,$0.02B,67.74%,$0.03B,$0.02B,70.97%,$0.03B,$0.01B,19.35%,$0.01B,$0.05B,12.50%,$0.01B,$0.03B,26.37%,$0.01B,$0.06B,11.43%,$0.02B,$0.05B,43.75%,$9,$1,$7,$0,$2,$2,$7,$0,$7,$2,$5,$5,$2,$7,$7,$18,18,$0.12,$0.12,$17,$0,$0,$21,$8,$0,$24,$1,$34,$55,$2,$0,$0,$2,$3,$0,$4,$0,$51,$55,$0,$0,$0,$0,$0,$0,$0,$0,$0,$13,$-0,$0,$0,$0,$0,$0,$4,$4,$-1,$0,$-1,$0,$0,$0,$-7,$-9,$8,$0,$0
33,2010-06-30,3.15,$2.71,1.16,$1.70,1.85,$1.44,2.18,$0.42,7.5,$0.02B,$0.00B,14.94,$0.00B,$0.05B,0.0,$0.03B,$0.03B,86.67%,$0.03B,$0.02B,60.00%,$0.03B,$0.02B,60.00%,$0.03B,$0.02B,60.00%,$0.03B,$0.02B,63.33%,$0.03B,$0.01B,23.33%,$0.01B,$0.05B,15.30%,$0.01B,$0.02B,35.44%,$0.01B,$0.05B,13.46%,$0.02B,$0.05B,39.13%,$8,$1,$7,$0,$2,$3,$5,$-0,$5,$1,$4,$4,$1,$5,$5,$18,18,$0.08,$0.08,$15,$0,$0,$18,$8,$0,$25,$1,$34,$52,$1,$0,$0,$2,$3,$0,$2,$0,$49,$52,$0,$0,$0,$0,$0,$0,$0,$0,$0,$8,$-0,$0,$0,$0,$0,$0,$5,$5,$-1,$0,$-1,$0,$0,$0,$-5,$-6,$6,$0,$0
34,2010-03-31,2.87,$2.41,1.19,$1.39,2.07,$1.11,2.58,$0.35,8.2,$0.02B,$0.00B,6.17,$0.00B,$0.05B,0.0,$0.02B,$0.02B,83.33%,$0.02B,$0.01B,54.17%,$0.02B,$0.01B,54.17%,$0.02B,$0.01B,54.17%,$0.02B,$0.01B,58.33%,$0.02B,$0.01B,25.00%,$0.01B,$0.05B,13.79%,$0.01B,$0.02B,35.29%,$0.01B,$0.05B,11.82%,$0.01B,$0.05B,29.05%,$8,$1,$7,$0,$2,$2,$6,$0,$6,$2,$5,$5,$2,$6,$6,$18,18,$0.11,$0.11,$12,$0,$0,$16,$8,$0,$25,$1,$35,$51,$3,$0,$0,$2,$4,$0,$1,$0,$47,$51,$0,$0,$0,$0,$0,$0,$0,$0,$0,$3,$-0,$0,$0,$0,$0,$0,$5,$5,$-1,$0,$-1,$0,$0,$0,$-3,$-4,$3,$0,$0
35,2009-12-31,3.44,$2.50,1.38,$1.05,3.26,$1.03,3.36,$0.27,12.74,$0.02B,$0.01B,3.34,$0.00B,$0.05B,0.0,$0.02B,$0.01B,77.78%,$0.02B,$0.01B,44.44%,$0.02B,$0.01B,44.44%,$0.02B,$0.01B,44.44%,$0.02B,$0.01B,50.00%,$0.02B,$0.01B,27.78%,$0.01B,$0.05B,11.98%,$0.01B,$0.02B,33.33%,$0.01B,$0.05B,10.05%,$0.01B,$0.05B,18.18%,$6,$1,$5,$0,$2,$3,$3,$0,$4,$1,$3,$3,$1,$3,$3,$18,18,$0.05,$0.05,$9,$0,$0,$16,$8,$0,$26,$1,$35,$52,$5,$0,$0,$2,$7,$0,$-2,$0,$45,$52,$5,$2,$4,$6,$-1,$0,$0,$-0,$1,$12,$-0,$0,$0,$0,$0,$0,$0,$-0,$-7,$0,$-7,$-0,$-0,$0,$-0,$-7,$4,$0,$0
36,2009-09-30,2.71,$2.34,1.16,$0.82,3.31,$0.49,5.53,$0.21,12.9,$0.02B,$0.01B,1.96,$0.00B,$0.04B,0.02,$0.01B,$0.01B,71.43%,$0.01B,$0.01B,35.71%,$0.01B,$0.01B,35.71%,$0.01B,$0.01B,35.71%,$0.01B,$0.01B,42.86%,$0.01B,$0.00B,28.57%,$0.00B,$0.04B,9.94%,$0.00B,$0.02B,30.19%,$0.00B,$0.05B,8.21%,$0.01B,$0.04B,11.36%,$8,$1,$7,$0,$2,$4,$4,$0,$4,$2,$2,$2,$3,$4,$4,$18,18,$0.17,$0.17,$8,$0,$0,$16,$8,$0,$27,$1,$37,$53,$8,$1,$0,$3,$11,$0,$-3,$0,$42,$53,$0,$0,$0,$0,$0,$0,$0,$0,$0,$5,$-0,$0,$0,$0,$0,$0,$0,$-0,$-2,$0,$-2,$-0,$-0,$0,$-0,$-2,$2,$0,$0
37,2009-06-30,2.35,$2.21,1.06,$0.50,4.66,$0.29,8.23,$0.07,33.57,$0.01B,$0.00B,7.77,$0.00B,$0.04B,0.11,$0.01B,$0.00B,50.00%,$0.01B,$0.00B,25.00%,$0.01B,$0.00B,25.00%,$0.01B,$0.00B,25.00%,$0.01B,$0.00B,37.50%,$0.01B,$0.00B,25.00%,$0.00B,$0.04B,5.16%,$0.00B,$0.01B,17.02%,$0.00B,$0.05B,4.17%,$0.00B,$0.04B,4.57%,$2,$1,$1,$0,$2,$2,$0,$-0,$0,$0,$0,$0,$0,$0,$0,$18,18,$0.01,$0.01,$5,$0,$0,$10,$8,$0,$27,$1,$37,$47,$1,$4,$0,$6,$7,$0,$-6,$0,$40,$47,$0,$0,$0,$0,$0,$0,$0,$0,$0,$2,$-0,$0,$0,$0,$0,$0,$0,$-0,$-2,$0,$-2,$-0,$-0,$0,$-0,$-2,$-1,$0,$0
38,2009-03-31,1.18,$2.20,0.54,$0.50,2.38,$0.58,2.03,$0.06,19.67,$0.01B,$0.00B,3.41,$0.00B,$0.04B,0.1,$0.01B,$0.00B,50.00%,$0.01B,$0.00B,25.00%,$0.01B,$0.00B,25.00%,$0.01B,$0.00B,25.00%,$0.01B,$0.00B,37.50%,$0.01B,$0.00B,25.00%,$0.00B,$0.04B,5.33%,$0.00B,$0.01B,19.05%,$0.00B,$0.05B,4.12%,$0.00B,$0.04B,4.62%,$2,$1,$1,$0,$2,$1,$1,$-0,$1,$0,$0,$0,$1,$1,$1,$18,18,$0.03,$0.03,$4,$0,$0,$5,$8,$0,$27,$1,$42,$47,$2,$4,$0,$6,$7,$0,$-6,$0,$40,$47,$0,$0,$0,$0,$0,$0,$0,$0,$0,$1,$-0,$0,$0,$0,$0,$0,$0,$-0,$-2,$0,$-2,$-0,$-0,$0,$0,$-2,$-1,$0,$0
39,2008-12-31,1.12,$2.16,0.52,$0.50,2.23,$0.54,2.07,$0.08,14.0,$0.01B,$0.00B,4.61,$0.01B,$0.04B,0.16,$0.01B,$0.00B,44.44%,$0.01B,$0.00B,44.44%,$0.01B,$0.00B,44.44%,$0.01B,$0.00B,44.44%,$0.01B,$0.00B,44.44%,$0.01B,$0.00B,22.22%,$0.00B,$0.04B,5.52%,$0.00B,$0.01B,20.51%,$0.00B,$0.05B,3.92%,$0.00B,$0.05B,9.47%,$2,$1,$1,$0,$1,$2,$0,$1,$1,$0,$1,$1,$0,$0,$0,$19,19,$0.00,$0.00,$5,$0,$0,$7,$9,$0,$27,$1,$42,$48,$1,$6,$0,$8,$9,$0,$-6,$0,$39,$48,$2,$1,$-0,$1,$-0,$0,$0,$-0,$-0,$2,$-1,$-2,$7,$0,$0,$0,$9,$13,$-17,$0,$-17,$-2,$-2,$0,$0,$-18,$-3,$1,$0
40,2008-09-30,1.54,$1.86,0.83,$0.51,3.04,$0.64,2.39,$0.08,19.25,$0.01B,$0.00B,5.17,$0.01B,$0.04B,0.19,$0.01B,$0.00B,44.44%,$0.01B,$0.00B,44.44%,$0.01B,$0.00B,44.44%,$0.01B,$0.00B,44.44%,$0.01B,$0.00B,33.33%,$0.01B,$0.00B,22.22%,$0.00B,$0.04B,5.71%,$0.00B,$0.01B,22.22%,$0.00B,$0.05B,3.65%,$0.00B,$0.04B,8.84%,$2,$1,$1,$0,$2,$2,$1,$-0,$1,$0,$0,$0,$1,$1,$1,$19,19,$0.03,$0.03,$7,$0,$0,$8,$9,$0,$27,$1,$42,$50,$2,$7,$0,$12,$14,$0,$-6,$0,$36,$50,$0,$0,$0,$0,$0,$0,$0,$0,$0,$2,$-0,$-2,$0,$0,$0,$0,$16,$14,$-16,$0,$-16,$-0,$-0,$0,$0,$-17,$-1,$0,$0
41,2008-06-30,2.1,$1.82,1.16,$0.52,4.06,$0.69,3.06,$0.08,26.25,$0.01B,$0.00B,4.38,$0.01B,$0.04B,0.19,$0.01B,$0.00B,40.00%,$0.01B,$0.00B,30.00%,$0.01B,$0.00B,30.00%,$0.01B,$0.00B,30.00%,$0.01B,$0.00B,20.00%,$0.01B,$0.00B,20.00%,$0.00B,$0.04B,5.80%,$0.00B,$0.01B,18.60%,$0.00B,$0.05B,3.57%,$0.00B,$0.04B,6.49%,$2,$1,$1,$0,$2,$2,$-0,$-0,$-0,$0,$-0,$-0,$0,$-0,$-0,$19,19,$0.00,$0.00,$6,$0,$0,$7,$9,$0,$27,$1,$42,$49,$2,$7,$0,$12,$14,$0,$-7,$0,$35,$49,$0,$0,$0,$0,$0,$0,$0,$0,$0,$1,$7,$-2,$0,$0,$0,$0,$9,$14,$-16,$0,$-16,$0,$0,$0,$0,$-16,$-2,$0,$0
42,2008-03-31,1.6,$1.81,0.89,$0.54,2.96,$0.35,4.59,$0.09,17.78,$0.02B,$0.01B,1.54,$0.01B,$0.04B,0.16,$0.01B,$0.01B,45.45%,$0.01B,$0.00B,36.36%,$0.01B,$0.00B,36.36%,$0.01B,$0.00B,36.36%,$0.01B,$0.00B,18.18%,$0.01B,$0.00B,18.18%,$0.00B,$0.04B,5.88%,$0.00B,$0.01B,16.00%,$0.00B,$0.06B,3.43%,$0.00B,$0.04B,8.33%,$3,$1,$1,$0,$2,$0,$3,$-1,$2,$1,$1,$1,$1,$3,$3,$19,19,$0.05,$0.05,$7,$0,$0,$17,$9,$0,$25,$1,$40,$57,$11,$6,$0,$11,$22,$0,$-7,$0,$35,$57,$0,$0,$0,$0,$0,$0,$0,$0,$0,$1,$-0,$-0,$7,$0,$0,$0,$-0,$7,$-8,$0,$-8,$0,$0,$0,$0,$-8,$-1,$0,$0
43,2007-12-31,2.8,$1.74,1.61,$0.50,5.65,$0.34,8.3,$0.04,70.0,$0.02B,$0.00B,8.49,$0.02B,$0.03B,0.68,$0.01B,$0.01B,50.00%,$0.01B,$0.00B,10.00%,$0.01B,$0.00B,10.00%,$0.01B,$0.00B,10.00%,$0.01B,0,0.00%,$0.01B,$0.00B,10.00%,$0.00B,$0.03B,3.01%,$0.00B,$0.01B,7.41%,$0.00B,$0.06B,1.71%,$0.00B,$0.06B,2.00%,$2,$1,$1,$0,$2,$2,$0,$-0,$0,$0,$-0,$-0,$0,$0,$0,$19,19,$0.01,$0.01,$8,$0,$7,$16,$9,$0,$25,$1,$47,$63,$2,$23,$0,$28,$30,$0,$-8,$0,$34,$63,$1,$1,$2,$3,$-0,$0,$0,$0,$0,$4,$-0,$-0,$0,$0,$0,$0,$-10,$-10,$-5,$0,$-5,$0,$0,$-3,$0,$-8,$-14,$2,$0
44,2007-09-30,3.19,$1.74,1.84,$0.37,8.6,$0.14,23.49,$0.06,53.17,$0.01B,$0.00B,1.98,$0.01B,$0.03B,0.37,$0.01B,$0.00B,50.00%,$0.01B,$0.00B,25.00%,$0.01B,$0.00B,25.00%,$0.01B,$0.00B,25.00%,$0.01B,$0.00B,12.50%,$0.01B,$0.00B,12.50%,$0.00B,$0.03B,3.08%,$0.00B,$0.02B,5.63%,$0.00B,$0.06B,1.90%,$0.00B,$0.05B,4.60%,$3,$1,$1,$0,$1,$2,$0,$0,$0,$-0,$1,$1,$1,$0,$0,$19,19,$0.03,$0.03,$7,$0,$0,$9,$16,$0,$18,$1,$47,$55,$4,$12,$0,$18,$22,$0,$-8,$0,$34,$55,$0,$0,$0,$0,$0,$0,$0,$0,$0,$2,$-0,$-0,$0,$0,$0,$0,$-9,$-9,$-5,$0,$-5,$0,$0,$-3,$0,$-8,$-15,$0,$0
45,2007-06-30,3.75,$1.69,2.21,$0.23,15.98,$0.00,0.0,$0.02,187.5,$0.01B,$0.01B,2.31,$0.02B,$0.03B,0.49,$0.01B,$0.00B,60.00%,$0.01B,$0.00B,40.00%,$0.01B,$0.00B,40.00%,$0.01B,$0.00B,40.00%,$0.01B,$0.00B,20.00%,$0.01B,0,0.00%,$0.00B,$0.03B,0.00%,$0.00B,$0.02B,0.00%,$0.00B,$0.06B,0.00%,$0.00B,$0.05B,5.59%,$3,$1,$2,$0,$2,$2,$1,$-0,$0,$0,$0,$0,$0,$1,$1,$19,19,$0.01,$0.01,$10,$0,$0,$11,$16,$0,$18,$1,$47,$58,$5,$16,$0,$21,$25,$0,$-9,$0,$33,$58,$0,$0,$0,$0,$0,$0,$0,$0,$0,$1,$-0,$-0,$0,$0,$0,$0,$-9,$-9,$-1,$0,$-1,$0,$0,$-3,$0,$-4,$-12,$0,$0
46,2007-03-31,3.79,$1.63,2.32,$0.09,43.6,$-0.10,0.0,$0.02,189.5,$0.01B,$0.01B,2.02,$0.02B,$0.03B,0.5,$0.00B,$0.00B,50.00%,$0.00B,$0.00B,50.00%,$0.00B,$0.00B,50.00%,$0.00B,$0.00B,50.00%,$0.00B,$0.00B,50.00%,$0.00B,0,0.00%,$0.00B,$0.03B,0.00%,$0.00B,$0.01B,0.00%,$0.00B,$0.06B,0.00%,$0.00B,$0.05B,3.67%,$2,$1,$1,$0,$2,$1,$0,$-0,$0,$0,$0,$0,$0,$0,$0,$19,19,$0.00,$0.00,$11,$0,$0,$11,$17,$0,$17,$1,$47,$58,$6,$16,$0,$21,$26,$0,$-9,$0,$32,$58,$0,$0,$0,$0,$0,$0,$0,$0,$0,$0,$0,$-0,$0,$0,$0,$0,$-8,$-8,$0,$0,$0,$0,$0,$-3,$-0,$-3,$-11,$0,$0
47,2006-12-31,3.78,$1.69,2.24,$0.09,42.69,$-0.10,0.0,$0.04,94.5,$0.02B,$0.01B,3.19,$0.00B,$0.03B,0.0,$0.00B,$0.00B,100.00%,$0.00B,$0.00B,100.00%,$0.00B,$0.00B,100.00%,$0.00B,$0.00B,100.00%,$0.00B,$0.00B,200.00%,$0.00B,0,0.00%,$0.00B,$0.03B,0.00%,$0.00B,$0.03B,0.00%,$0.00B,$0.04B,0.00%,$0.00B,$0.03B,5.33%,$0,$0,$-0,$0,$1,$-1,$1,$0,$1,$0,$0,$0,$0,$1,$1,$11,12,$0.02,$0.02,$22,$0,$0,$22,$0,$0,$5,$1,$18,$40,$7,$0,$0,$2,$9,$0,$-9,$0,$31,$40,$1,$0,$-1,$-1,$0,$0,$0,$-0,$-0,$-0,$0,$-0,$0,$0,$0,$0,$-2,$-3,$0,$0,$0,$22,$22,$0,$0,$22,$19,$1,$0
