,Date,Stock Price,Book Value per Share,Price to Book Ratio,TTM Sales per Share,Price to Sales Ratio,TTM FCF per Share,Price to FCF Ratio,TTM Net EPS,PE Ratio,Current Assets,Current Liabilities,Current Ratio,Long Term Debt,Shareholder's Equity_x,Debt to Equity Ratio,TTM Revenue_x,TTM Gross Profit,Gross Margin,TTM Revenue_y,TTM Operating Income,Operating Margin,TTM Revenue_x,TTM EBIT,EBIT Margin,TTM Revenue_y,TTM EBITDA,EBITDA Margin,TTM Revenue_x,TTM Pre-Tax Income,Pre-Tax Margin,TTM Revenue_y,TTM Net Income_x,Net Margin,TTM Net Income_y,Shareholder's Equity_y,Return on Equity,TTM Net Income_x,Tangible Equity,Return on Tangible Equity,TTM Net Income_y,Total Assets,Return on Assets,TTM Net Income,LT Investments & Debt,Return on Investment,revenue,cost-goods-sold,gross-profit,research-development-expenses,selling-general-administrative-expenses,operating-expenses,operating-income,total-non-operating-income-expense,pre-tax-income,total-provision-income-taxes,income-after-taxes,income-from-continuous-operations,net-income,ebitda,ebit,basic-shares-outstanding,shares-outstanding,eps-basic-net-earnings-per-share,eps-earnings-per-share-diluted,cash-on-hand,inventory,other-current-assets,total-current-assets,net-property-plant-equipment,long-term-investments,goodwill-intangible-assets-total,other-long-term-assets,total-long-term-assets,total-assets,total-current-liabilities,long-term-debt,other-non-current-liabilities,total-long-term-liabilities,total-liabilities,common-stock-net,retained-earnings-accumulated-deficit,comprehensive-income,total-share-holder-equity,total-liabilities-share-holders-equity,net-income-loss,total-depreciation-amortization-cash-flow,other-non-cash-items,total-non-cash-items,change-in-accounts-receivable,change-in-inventories,change-in-accounts-payable,change-in-assets-liabilities,total-change-in-assets-liabilities,cash-flow-from-operating-activities,net-change-in-property-plant-equipment,net-change-in-intangible-assets,net-acquisitions-divestitures,net-change-in-short-term-investments,net-change-in-long-term-investments,net-change-in-investments-total,investing-activities-other,cash-flow-from-investing-activities,net-long-term-debt,net-current-debt,debt-issuance-retirement-net-total,net-common-equity-issued-repurchased,net-total-equity-issued-repurchased,total-common-preferred-stock-dividends-paid,financial-activities-other,cash-flow-from-financial-activities,net-cash-flow,stock-based-compensation,common-stock-dividends-paid
0,2018-09-30,18.66,$6.06,3.08,$18.68,1.0,$2.83,6.59,$1.01,18.48,$0.57B,$0.40B,1.42,$0.81B,$1.28B,0.64,$3.94B,$1.89B,47.87%,$3.94B,$0.23B,5.83%,$3.94B,$0.23B,5.83%,$3.94B,$0.37B,9.48%,$3.94B,$0.22B,5.45%,$3.94B,$0.22B,5.45%,$0.22B,$1.28B,16.80%,$0.22B,$0.09B,260.61%,$0.22B,$2.69B,8.01%,$0.23B,$2.09B,10.97%,$923,$486,$438,$0,$353,$870,$53,$-2,$51,$11,$40,$40,$40,$86,$53,$211,212,$0.19,$0.19,$50,$119,$103,$570,$720,$0,$1187,$12,$2124,$2693,$401,$814,$56,$1014,$1416,$0,$963,$-106,$1278,$2693,$136,$112,$-3,$109,$-20,$-9,$0,$11,$-14,$232,$-74,$0,$0,$-0,$0,$-0,$1,$-73,$-4,$4,$-0,$-2,$-2,$-112,$-0,$-114,$45,$7,$-112
1,2018-06-30,20.83,$6.15,3.38,$18.76,1.11,$3.11,6.7,$0.66,31.56,$0.57B,$0.41B,1.39,$0.82B,$1.30B,0.63,$3.95B,$1.91B,48.23%,$3.95B,$0.13B,3.16%,$3.95B,$0.13B,3.16%,$3.95B,$0.27B,6.80%,$3.95B,$0.11B,2.73%,$3.95B,$0.14B,3.57%,$0.14B,$1.30B,11.21%,$0.14B,$0.11B,257.53%,$0.14B,$2.72B,5.26%,$0.13B,$2.11B,6.00%,$941,$489,$452,$0,$360,$889,$52,$-2,$50,$4,$45,$45,$45,$87,$52,$211,212,$0.22,$0.21,$30,$115,$119,$571,$716,$0,$1193,$33,$2146,$2717,$411,$816,$59,$1008,$1419,$0,$961,$-82,$1298,$2717,$97,$79,$-6,$73,$-28,$-6,$0,$-9,$-21,$149,$-48,$0,$0,$-1,$0,$-1,$1,$-49,$-3,$3,$1,$-2,$-2,$-74,$0,$-75,$24,$5,$-74
2,2018-03-31,21.67,$6.13,3.54,$18.72,1.16,$3.31,6.54,$0.66,32.83,$0.53B,$0.37B,1.43,$0.82B,$1.29B,0.63,$3.94B,$1.91B,48.55%,$3.94B,$0.14B,3.60%,$3.94B,$0.14B,3.60%,$3.94B,$0.29B,7.23%,$3.94B,$0.13B,3.17%,$3.94B,$0.14B,3.58%,$0.14B,$1.29B,11.28%,$0.14B,$0.09B,606.45%,$0.14B,$2.67B,5.25%,$0.14B,$2.11B,6.83%,$1206,$625,$581,$0,$454,$1130,$77,$-7,$70,$19,$51,$51,$51,$121,$77,$211,211,$0.24,$0.24,$34,$111,$95,$533,$722,$0,$1199,$16,$2137,$2670,$374,$818,$54,$1005,$1379,$0,$953,$-79,$1292,$2670,$51,$44,$8,$52,$-12,$-2,$0,$20,$-6,$97,$-26,$0,$0,$-2,$0,$-2,$0,$-27,$-1,$-1,$-3,$-2,$-2,$-36,$0,$-41,$29,$3,$-36
3,2017-12-31,18.98,$5.94,3.2,$18.66,1.02,$3.48,5.45,$0.71,26.73,$0.51B,$0.39B,1.29,$0.82B,$1.25B,0.66,$3.92B,$1.91B,48.75%,$3.92B,$0.16B,4.16%,$3.92B,$0.16B,4.16%,$3.92B,$0.31B,7.88%,$3.92B,$0.15B,3.82%,$3.92B,$0.15B,3.82%,$0.15B,$1.25B,12.11%,$0.15B,$0.04B,-1304.35%,$0.15B,$2.66B,5.55%,$0.16B,$2.07B,7.82%,$874,$456,$417,$0,$328,$826,$48,$-4,$44,$-35,$79,$79,$79,$80,$48,$210,210,$0.38,$0.37,$5,$111,$111,$507,$732,$0,$1207,$26,$2153,$2660,$394,$820,$52,$1015,$1409,$0,$920,$-85,$1251,$2660,$150,$147,$-4,$143,$-12,$-8,$0,$-30,$4,$297,$-30,$0,$0,$-7,$0,$-7,$2,$-35,$-124,$-14,$-138,$17,$17,$-141,$-1,$-263,$-1,$16,$-141
4,2017-09-30,18.33,$5.69,3.22,$18.64,0.98,$3.51,5.23,$0.40,45.84,$0.52B,$0.41B,1.28,$0.84B,$1.19B,0.71,$3.92B,$1.91B,48.84%,$3.92B,$0.14B,3.47%,$3.92B,$0.14B,3.47%,$3.92B,$0.28B,7.20%,$3.92B,$0.12B,3.14%,$3.92B,$0.08B,2.14%,$0.08B,$1.19B,6.84%,$0.08B,$-0.02B,-186.67%,$0.08B,$2.68B,3.08%,$0.14B,$2.04B,6.46%,$933,$476,$457,$0,$357,$985,$-52,$-4,$-56,$-23,$-34,$-34,$-34,$-19,$-52,$210,210,$-0.16,$-0.16,$7,$111,$112,$524,$736,$0,$1213,$30,$2159,$2683,$409,$844,$49,$1082,$1491,$0,$877,$-86,$1192,$2683,$72,$114,$34,$149,$-26,$-7,$0,$-29,$4,$224,$-8,$0,$0,$-6,$0,$-6,$2,$-13,$-101,$-11,$-112,$7,$7,$-105,$-0,$-211,$1,$12,$-105
5,2017-06-30,16.71,$6.04,2.77,$18.58,0.9,$3.54,4.73,$0.75,22.28,$0.49B,$0.36B,1.37,$0.84B,$1.27B,0.66,$3.90B,$1.90B,48.63%,$3.90B,$0.25B,6.51%,$3.90B,$0.25B,6.51%,$3.90B,$0.40B,10.25%,$3.90B,$0.24B,6.15%,$3.90B,$0.16B,4.05%,$0.16B,$1.27B,12.91%,$0.16B,$-0.02B,-207.89%,$0.16B,$2.72B,5.73%,$0.25B,$2.10B,11.90%,$927,$468,$458,$0,$356,$858,$69,$-2,$67,$22,$45,$45,$45,$103,$69,$209,210,$0.21,$0.21,$7,$107,$86,$489,$742,$0,$1286,$36,$2232,$2722,$358,$835,$48,$1099,$1457,$0,$946,$-77,$1265,$2722,$105,$81,$-18,$63,$-19,$-3,$0,$3,$4,$173,$-31,$0,$41,$-4,$0,$-4,$1,$8,$-108,$-6,$-114,$4,$4,$-70,$0,$-180,$1,$9,$-70
6,2017-03-31,18.57,$5.95,3.12,$18.65,1.0,$3.60,5.15,$0.78,23.8,$0.49B,$0.35B,1.38,$0.88B,$1.25B,0.71,$3.91B,$1.90B,48.50%,$3.91B,$0.27B,6.80%,$3.91B,$0.27B,6.80%,$3.91B,$0.41B,10.51%,$3.91B,$0.25B,6.42%,$3.91B,$0.16B,4.19%,$0.16B,$1.25B,13.71%,$0.16B,$-0.05B,-143.54%,$0.16B,$2.74B,5.90%,$0.27B,$2.13B,12.53%,$1188,$608,$580,$0,$463,$1089,$98,$-3,$95,$35,$60,$60,$60,$145,$98,$209,210,$0.29,$0.29,$7,$104,$93,$488,$756,$0,$1292,$41,$2249,$2737,$353,$882,$45,$1139,$1492,$0,$937,$-85,$1245,$2737,$60,$47,$-21,$26,$-15,$-1,$0,$-7,$-5,$82,$24,$0,$0,$-2,$0,$-2,$1,$22,$-64,$-11,$-74,$4,$4,$-34,$0,$-104,$0,$6,$-34
7,2016-12-31,18.94,$5.81,3.26,$18.66,1.02,$3.55,5.33,$0.77,24.6,$0.48B,$0.34B,1.4,$0.95B,$1.21B,0.78,$3.93B,$1.90B,48.38%,$3.93B,$0.26B,6.70%,$3.93B,$0.26B,6.70%,$3.93B,$0.41B,10.31%,$3.93B,$0.25B,6.32%,$3.93B,$0.16B,4.15%,$0.16B,$1.21B,13.88%,$0.16B,$-0.09B,-111.07%,$0.16B,$2.76B,5.82%,$0.26B,$2.16B,12.42%,$869,$450,$418,$0,$340,$848,$21,$-4,$17,$4,$13,$13,$13,$53,$21,$209,210,$0.07,$0.07,$6,$111,$88,$477,$781,$0,$1302,$47,$2284,$2761,$341,$947,$48,$1210,$1551,$0,$911,$-83,$1210,$2761,$164,$141,$41,$182,$-8,$-2,$0,$9,$11,$357,$-84,$0,$0,$5,$0,$5,$3,$-77,$-56,$2,$-54,$-99,$-99,$-131,$-4,$-288,$-8,$19,$-131
8,2016-09-30,14.2,$5.67,2.5,$18.55,0.77,$3.47,4.09,$0.86,16.51,$0.49B,$0.35B,1.42,$0.98B,$1.18B,0.83,$3.92B,$1.88B,48.11%,$3.92B,$0.29B,7.51%,$3.92B,$0.29B,7.51%,$3.92B,$0.44B,11.13%,$3.92B,$0.28B,7.18%,$3.92B,$0.18B,4.65%,$0.18B,$1.18B,15.39%,$0.18B,$-0.15B,-122.77%,$0.18B,$2.81B,6.45%,$0.29B,$2.16B,13.85%,$919,$477,$442,$0,$342,$853,$66,$-5,$61,$21,$40,$40,$40,$99,$66,$207,209,$0.19,$0.19,$8,$114,$89,$494,$789,$0,$1322,$51,$2315,$2810,$347,$980,$45,$1285,$1632,$0,$931,$-123,$1177,$2810,$151,$109,$24,$133,$-17,$-4,$0,$5,$2,$286,$-64,$0,$0,$9,$0,$9,$0,$-55,$-23,$-6,$-28,$-107,$-107,$-98,$-4,$-237,$-7,$15,$-98
9,2016-06-30,17.42,$5.57,3.13,$18.31,0.95,$3.49,4.99,$0.88,19.79,$0.51B,$0.47B,1.09,$0.90B,$1.15B,0.78,$3.88B,$1.86B,47.99%,$3.88B,$0.30B,7.68%,$3.88B,$0.30B,7.68%,$3.88B,$0.44B,11.23%,$3.88B,$0.29B,7.44%,$3.88B,$0.19B,4.79%,$0.19B,$1.15B,15.56%,$0.19B,$-0.17B,-160.00%,$0.19B,$2.82B,6.63%,$0.30B,$2.05B,14.18%,$935,$478,$457,$0,$338,$854,$81,$-3,$78,$27,$51,$51,$51,$114,$81,$207,209,$0.25,$0.24,$12,$112,$95,$512,$778,$0,$1327,$51,$2306,$2818,$470,$896,$43,$1195,$1665,$0,$924,$-128,$1153,$2818,$111,$76,$15,$91,$-26,$-2,$0,$3,$-6,$195,$-40,$0,$0,$4,$0,$4,$0,$-36,$24,$-5,$19,$-116,$-116,$-65,$-1,$-162,$-3,$11,$-65
10,2016-03-31,17.0,$5.59,3.04,$18.01,0.94,$3.62,4.7,$0.88,19.32,$0.50B,$0.44B,1.12,$0.95B,$1.16B,0.83,$3.84B,$1.84B,47.91%,$3.84B,$0.30B,7.74%,$3.84B,$0.30B,7.74%,$3.84B,$0.43B,11.29%,$3.84B,$0.29B,7.56%,$3.84B,$0.19B,4.87%,$0.19B,$1.16B,15.52%,$0.19B,$-0.18B,-2876.92%,$0.19B,$2.82B,6.90%,$0.30B,$2.11B,14.48%,$1204,$621,$583,$0,$445,$1109,$95,$-3,$92,$33,$59,$59,$59,$139,$95,$211,213,$0.28,$0.28,$11,$116,$84,$495,$788,$0,$1333,$53,$2321,$2816,$441,$954,$43,$1219,$1660,$0,$906,$-92,$1156,$2816,$59,$43,$5,$48,$-16,$-5,$0,$16,$11,$119,$-22,$0,$0,$2,$0,$2,$0,$-20,$61,$-6,$55,$-125,$-125,$-31,$-1,$-102,$-3,$8,$-31
11,2015-12-31,19.63,$5.86,3.35,$17.74,1.11,$3.63,5.41,$0.89,22.05,$0.50B,$0.40B,1.24,$0.93B,$1.24B,0.75,$3.78B,$1.82B,48.04%,$3.78B,$0.30B,7.91%,$3.78B,$0.30B,7.91%,$3.78B,$0.43B,11.38%,$3.78B,$0.29B,7.76%,$3.78B,$0.19B,5.00%,$0.19B,$1.24B,15.68%,$0.19B,$-0.10B,198.95%,$0.19B,$2.84B,7.24%,$0.30B,$2.17B,15.09%,$858,$456,$402,$0,$317,$807,$52,$-2,$50,$18,$32,$32,$32,$84,$52,$211,213,$0.15,$0.15,$14,$111,$105,$500,$805,$0,$1340,$44,$2344,$2844,$404,$930,$44,$1197,$1601,$0,$878,$-97,$1243,$2844,$189,$132,$49,$181,$-17,$-10,$0,$-27,$-35,$336,$-76,$-5,$-390,$1,$0,$1,$1,$-470,$247,$2,$249,$13,$13,$-120,$-1,$141,$7,$16,$-120
12,2015-09-30,22.45,$5.80,3.87,$17.83,1.26,$3.67,6.12,$0.87,25.81,$0.51B,$0.38B,1.34,$0.84B,$1.23B,0.69,$3.80B,$1.84B,48.38%,$3.80B,$0.29B,7.58%,$3.80B,$0.29B,7.58%,$3.80B,$0.42B,11.01%,$3.80B,$0.28B,7.45%,$3.80B,$0.19B,4.87%,$0.19B,$1.23B,15.74%,$0.19B,$-0.02B,110.12%,$0.19B,$2.75B,7.39%,$0.29B,$2.07B,15.15%,$885,$464,$421,$0,$322,$816,$70,$-1,$69,$25,$44,$44,$44,$99,$70,$211,213,$0.21,$0.21,$9,$110,$95,$513,$785,$0,$1246,$46,$2239,$2752,$382,$844,$48,$1142,$1524,$0,$876,$-93,$1228,$2752,$157,$100,$21,$121,$-20,$-10,$0,$-12,$3,$281,$-51,$-5,$-281,$4,$0,$4,$0,$-333,$135,$-11,$124,$12,$12,$-90,$8,$54,$1,$13,$-90
13,2015-06-30,19.07,$5.67,3.36,$17.64,1.08,$3.44,5.55,$0.87,21.92,$0.52B,$0.34B,1.5,$0.66B,$1.19B,0.55,$3.76B,$1.82B,48.39%,$3.76B,$0.29B,7.67%,$3.76B,$0.29B,7.67%,$3.76B,$0.42B,11.15%,$3.76B,$0.28B,7.53%,$3.76B,$0.19B,4.95%,$0.19B,$1.19B,16.06%,$0.19B,$0.27B,80.87%,$0.19B,$2.43B,7.64%,$0.29B,$1.85B,15.41%,$889,$457,$432,$0,$319,$809,$80,$-1,$79,$27,$52,$52,$52,$111,$80,$210,213,$0.25,$0.24,$47,$99,$84,$516,$777,$0,$927,$42,$1911,$2428,$344,$659,$50,$892,$1236,$0,$863,$-92,$1192,$2428,$113,$70,$22,$92,$-27,$-7,$0,$-4,$10,$216,$-31,$-5,$0,$2,$0,$2,$0,$-33,$-68,$-14,$-82,$-4,$-4,$-59,$2,$-144,$39,$11,$-59
14,2015-03-31,20.37,$5.51,3.69,$17.57,1.16,$3.20,6.36,$0.83,24.54,$0.49B,$0.35B,1.39,$0.67B,$1.16B,0.58,$3.74B,$1.80B,48.14%,$3.74B,$0.27B,7.30%,$3.74B,$0.27B,7.30%,$3.74B,$0.40B,10.77%,$3.74B,$0.27B,7.16%,$3.74B,$0.18B,4.70%,$0.18B,$1.16B,15.34%,$0.18B,$0.23B,80.64%,$0.18B,$2.42B,7.19%,$0.27B,$1.83B,14.44%,$1146,$586,$560,$0,$424,$1050,$97,$-2,$95,$34,$61,$61,$61,$136,$97,$210,213,$0.29,$0.29,$8,$99,$95,$490,$790,$0,$929,$50,$1933,$2423,$353,$671,$53,$912,$1265,$0,$842,$-100,$1158,$2423,$61,$40,$12,$52,$-23,$-6,$0,$-4,$5,$118,$-19,$-5,$0,$-1,$0,$-1,$0,$-25,$-57,$-4,$-61,$-5,$-5,$-29,$2,$-93,$0,$7,$-29
15,2014-12-31,17.08,$5.36,3.18,$17.60,0.97,$3.21,5.31,$0.83,20.58,$0.46B,$0.32B,1.46,$0.73B,$1.12B,0.65,$3.75B,$1.80B,47.99%,$3.75B,$0.27B,7.31%,$3.75B,$0.27B,7.31%,$3.75B,$0.40B,10.78%,$3.75B,$0.27B,7.15%,$3.75B,$0.18B,4.69%,$0.18B,$1.12B,15.41%,$0.18B,$0.20B,83.02%,$0.18B,$2.41B,7.15%,$0.27B,$1.85B,14.27%,$877,$454,$424,$0,$331,$836,$41,$-1,$40,$12,$28,$28,$28,$72,$41,$210,213,$0.14,$0.12,$8,$93,$97,$461,$807,$0,$928,$51,$1948,$2409,$316,$729,$54,$970,$1286,$0,$809,$-98,$1123,$2409,$176,$129,$49,$178,$7,$7,$0,$-24,$-38,$315,$-47,$0,$0,$5,$0,$5,$8,$-35,$-168,$-1,$-169,$-18,$-18,$-102,$7,$-282,$-1,$19,$-102
16,2014-09-30,16.23,$5.53,2.93,$17.38,0.93,$2.78,5.84,$0.88,18.45,$0.51B,$0.34B,1.5,$0.78B,$1.16B,0.67,$3.70B,$1.75B,47.42%,$3.70B,$0.29B,7.84%,$3.70B,$0.29B,7.84%,$3.70B,$0.42B,11.31%,$3.70B,$0.28B,7.65%,$3.70B,$0.19B,5.06%,$0.19B,$1.16B,16.55%,$0.19B,$0.23B,94.68%,$0.19B,$2.48B,7.52%,$0.29B,$1.94B,14.88%,$845,$443,$402,$0,$302,$775,$70,$-1,$69,$24,$45,$45,$45,$100,$70,$210,213,$0.21,$0.21,$8,$98,$111,$505,$822,$0,$931,$63,$1972,$2477,$336,$781,$56,$980,$1316,$0,$809,$-70,$1161,$2477,$148,$99,$23,$122,$-7,$2,$0,$-41,$-49,$220,$-40,$0,$0,$3,$0,$3,$8,$-30,$-117,$-3,$-120,$-3,$-3,$-74,$7,$-190,$-0,$14,$-74
17,2014-06-30,18.52,$5.47,3.39,$17.55,1.06,$2.65,7.0,$0.83,22.32,$0.50B,$0.34B,1.48,$0.79B,$1.15B,0.69,$3.73B,$1.76B,47.24%,$3.73B,$0.27B,7.32%,$3.73B,$0.27B,7.32%,$3.73B,$0.40B,10.75%,$3.73B,$0.26B,7.08%,$3.73B,$0.18B,4.72%,$0.18B,$1.15B,16.13%,$0.18B,$0.22B,112.46%,$0.18B,$2.48B,7.06%,$0.27B,$1.94B,14.06%,$873,$458,$415,$0,$315,$807,$65,$-2,$64,$22,$42,$42,$42,$95,$65,$210,213,$0.20,$0.20,$9,$98,$102,$501,$824,$0,$928,$75,$1983,$2484,$339,$792,$53,$999,$1338,$0,$789,$-60,$1146,$2484,$103,$69,$26,$95,$-17,$2,$0,$-17,$-25,$173,$-38,$0,$0,$-1,$0,$-1,$8,$-31,$-96,$1,$-95,$-3,$-3,$-49,$5,$-142,$0,$10,$-49
18,2014-03-31,18.74,$5.44,3.45,$17.69,1.06,$2.63,7.13,$0.85,22.05,$0.48B,$0.33B,1.47,$0.81B,$1.14B,0.71,$3.76B,$1.77B,47.24%,$3.76B,$0.28B,7.54%,$3.76B,$0.28B,7.54%,$3.76B,$0.41B,10.84%,$3.76B,$0.27B,7.24%,$3.76B,$0.18B,4.79%,$0.18B,$1.14B,17.12%,$0.18B,$0.20B,110.77%,$0.18B,$2.48B,7.47%,$0.28B,$1.95B,15.35%,$1154,$596,$558,$0,$421,$1056,$98,$-3,$95,$34,$61,$61,$61,$137,$98,$209,213,$0.29,$0.29,$9,$97,$81,$478,$840,$0,$933,$76,$1999,$2477,$325,$811,$50,$1015,$1340,$0,$773,$-44,$1137,$2477,$61,$39,$13,$52,$-23,$3,$0,$28,$9,$122,$-20,$0,$8,$-2,$0,$-2,$0,$-14,$-81,$-2,$-83,$-4,$-4,$-24,$4,$-108,$0,$5,$-24
19,2013-12-31,18.65,$5.16,3.62,$17.63,1.06,$2.46,7.59,$1.10,16.96,$0.49B,$0.33B,1.49,$0.89B,$1.08B,0.83,$3.73B,$1.76B,47.21%,$3.73B,$0.34B,8.98%,$3.73B,$0.34B,8.98%,$3.73B,$0.45B,12.17%,$3.73B,$0.32B,8.63%,$3.73B,$0.23B,6.19%,$0.23B,$1.08B,23.02%,$0.23B,$0.14B,143.03%,$0.23B,$2.50B,9.91%,$0.34B,$1.97B,19.21%,$825,$448,$378,$0,$292,$768,$57,$-2,$55,$16,$39,$39,$39,$86,$57,$208,212,$0.19,$0.18,$9,$101,$92,$487,$867,$0,$939,$68,$2017,$2504,$328,$892,$51,$1100,$1428,$0,$736,$-63,$1076,$2504,$231,$118,$-3,$115,$1,$-11,$0,$-76,$-76,$270,$-96,$0,$-416,$9,$0,$9,$0,$-503,$311,$-0,$310,$5,$5,$-93,$5,$228,$-5,$16,$-93
20,2013-09-30,18.53,$4.83,3.84,$17.27,1.07,$2.36,7.84,$1.11,16.74,$0.49B,$0.32B,1.52,$0.90B,$1.01B,0.9,$3.64B,$1.73B,47.43%,$3.64B,$0.34B,9.26%,$3.64B,$0.34B,9.26%,$3.64B,$0.45B,12.44%,$3.64B,$0.32B,8.87%,$3.64B,$0.23B,6.34%,$0.23B,$1.01B,24.34%,$0.23B,$0.07B,130.32%,$0.23B,$2.50B,10.48%,$0.34B,$1.91B,21.07%,$878,$468,$411,$0,$328,$825,$53,$-3,$50,$16,$34,$34,$34,$83,$53,$208,212,$0.16,$0.16,$11,$103,$77,$487,$894,$0,$940,$47,$2014,$2501,$321,$903,$57,$1175,$1495,$0,$721,$-116,$1006,$2501,$192,$90,$-49,$41,$-12,$-13,$0,$-22,$-13,$220,$-70,$0,$-415,$7,$0,$7,$0,$-478,$313,$-1,$312,$7,$7,$-69,$5,$255,$-3,$13,$-69
21,2013-06-30,18.96,$4.73,4.0,$16.56,1.14,$2.29,8.27,$1.09,17.34,$0.51B,$0.33B,1.55,$0.56B,$0.99B,0.57,$3.48B,$1.65B,47.44%,$3.48B,$0.34B,9.68%,$3.48B,$0.34B,9.68%,$3.48B,$0.45B,12.84%,$3.48B,$0.32B,9.25%,$3.48B,$0.23B,6.55%,$0.23B,$0.99B,24.95%,$0.23B,$0.24B,108.70%,$0.23B,$2.16B,11.04%,$0.34B,$1.55B,22.91%,$898,$472,$427,$0,$326,$823,$75,$-3,$72,$26,$46,$46,$46,$101,$75,$208,212,$0.22,$0.22,$12,$96,$98,$505,$719,$0,$744,$70,$1650,$2155,$325,$562,$55,$844,$1169,$0,$711,$-121,$986,$2155,$158,$60,$-59,$1,$-12,$-6,$0,$2,$16,$176,$-45,$0,$-50,$-2,$0,$-2,$-18,$-115,$-24,$-2,$-26,$5,$5,$-46,$5,$-62,$-1,$10,$-46
22,2013-03-31,18.78,$4.56,4.12,$15.62,1.2,$2.15,8.72,$1.01,18.54,$0.51B,$0.33B,1.52,$0.60B,$0.95B,0.64,$3.26B,$1.54B,47.18%,$3.26B,$0.31B,9.47%,$3.26B,$0.31B,9.47%,$3.26B,$0.42B,12.75%,$3.26B,$0.29B,9.01%,$3.26B,$0.21B,6.43%,$0.21B,$0.95B,24.12%,$0.21B,$0.20B,79.70%,$0.21B,$2.16B,10.68%,$0.31B,$1.55B,22.17%,$1131,$585,$546,$0,$411,$981,$150,$-5,$145,$33,$112,$112,$112,$184,$150,$207,211,$0.54,$0.53,$14,$95,$94,$505,$720,$0,$746,$86,$1656,$2161,$332,$601,$51,$882,$1214,$0,$689,$-121,$946,$2161,$112,$34,$-46,$-12,$-13,$-4,$0,$-15,$-14,$87,$-21,$0,$-68,$-3,$0,$-3,$0,$-92,$32,$-0,$32,$-4,$-4,$-23,$1,$6,$1,$6,$-23
23,2012-12-31,13.19,$6.21,2.12,$14.62,0.9,$2.07,6.38,$0.66,19.99,$0.46B,$0.36B,1.31,$0.54B,$0.86B,0.62,$3.03B,$1.41B,46.62%,$3.03B,$0.22B,7.19%,$3.03B,$0.22B,7.19%,$3.03B,$0.32B,10.59%,$3.03B,$0.21B,6.86%,$3.03B,$0.14B,4.49%,$0.14B,$0.86B,16.39%,$0.14B,$0.20B,42.60%,$0.14B,$2.00B,7.32%,$0.22B,$1.39B,16.60%,$734,$391,$343,$0,$258,$675,$59,$-3,$56,$17,$39,$39,$39,$85,$59,$205,208,$0.18,$0.18,$13,$91,$75,$464,$726,$0,$658,$45,$1531,$1996,$355,$535,$49,$782,$1137,$0,$598,$-115,$859,$1996,$136,$103,$42,$145,$-64,$-13,$0,$-19,$-64,$217,$-66,$0,$-318,$-1,$0,$-1,$0,$-385,$261,$7,$268,$-5,$-5,$-86,$-2,$174,$5,$10,$-86
24,2012-09-30,11.36,$4.17,2.73,$14.27,0.8,$1.67,6.81,$0.59,19.37,$0.41B,$0.33B,1.23,$0.53B,$0.86B,0.62,$2.95B,$1.37B,46.42%,$2.95B,$0.20B,6.64%,$2.95B,$0.20B,6.64%,$2.95B,$0.30B,10.03%,$2.95B,$0.19B,6.40%,$2.95B,$0.12B,4.07%,$0.12B,$0.86B,14.91%,$0.12B,$0.20B,32.54%,$0.12B,$1.95B,6.87%,$0.20B,$1.40B,15.99%,$717,$383,$335,$0,$257,$665,$53,$-4,$49,$18,$31,$31,$31,$77,$53,$207,210,$0.15,$0.15,$14,$88,$67,$412,$729,$0,$667,$41,$1538,$1950,$334,$532,$48,$752,$1087,$0,$581,$-90,$864,$1950,$98,$77,$43,$120,$-31,$-10,$0,$-8,$-35,$182,$-48,$0,$-318,$1,$0,$1,$0,$-365,$257,$3,$260,$-4,$-4,$-64,$-2,$189,$6,$7,$-64
25,2012-06-30,12.98,$3.97,3.27,$14.13,0.92,$1.18,10.96,$0.59,21.88,$0.60B,$0.30B,2.02,$0.43B,$0.81B,0.52,$2.91B,$1.35B,46.24%,$2.91B,$0.19B,6.57%,$2.91B,$0.19B,6.57%,$2.91B,$0.29B,9.97%,$2.91B,$0.19B,6.46%,$2.91B,$0.12B,4.13%,$0.12B,$0.81B,15.25%,$0.12B,$0.46B,28.12%,$0.12B,$1.76B,7.23%,$0.19B,$1.24B,16.59%,$682,$366,$316,$0,$246,$634,$47,$-3,$44,$16,$28,$28,$28,$70,$47,$204,207,$0.14,$0.14,$222,$79,$67,$595,$671,$0,$357,$31,$1160,$1755,$295,$425,$49,$646,$941,$0,$572,$-94,$814,$1755,$66,$52,$34,$86,$-18,$-5,$0,$-7,$-26,$127,$-28,$0,$0,$1,$0,$1,$0,$-27,$158,$-5,$153,$7,$7,$-42,$-2,$115,$215,$5,$-42
26,2012-03-31,11.31,$3.83,2.95,$13.95,0.81,$0.82,13.72,$0.59,19.06,$0.56B,$0.28B,2.02,$0.44B,$0.78B,0.57,$2.87B,$1.33B,46.34%,$2.87B,$0.19B,6.52%,$2.87B,$0.19B,6.52%,$2.87B,$0.28B,9.90%,$2.87B,$0.19B,6.55%,$2.87B,$0.12B,4.18%,$0.12B,$0.78B,15.33%,$0.12B,$0.42B,28.54%,$0.12B,$1.73B,7.41%,$0.19B,$1.23B,16.81%,$898,$479,$419,$0,$330,$839,$59,$-0,$59,$21,$38,$38,$38,$89,$59,$203,206,$0.19,$0.19,$186,$80,$63,$563,$677,$0,$358,$30,$1167,$1730,$278,$443,$50,$670,$948,$0,$566,$-108,$782,$1730,$38,$30,$20,$50,$-16,$-6,$0,$-4,$-28,$60,$-14,$0,$0,$0,$0,$0,$0,$-13,$166,$-9,$157,$-1,$-1,$-21,$-4,$132,$178,$3,$-21
27,2011-12-31,10.45,$3.72,2.81,$13.50,0.77,$0.85,12.31,$0.61,17.23,$0.38B,$0.27B,1.41,$0.28B,$0.76B,0.37,$2.77B,$1.30B,46.90%,$2.77B,$0.19B,6.85%,$2.77B,$0.19B,6.85%,$2.77B,$0.29B,10.27%,$2.77B,$0.19B,6.92%,$2.77B,$0.12B,4.43%,$0.12B,$0.76B,15.63%,$0.12B,$0.40B,27.92%,$0.12B,$1.55B,8.09%,$0.19B,$1.04B,18.47%,$654,$353,$300,$0,$241,$617,$37,$0,$37,$14,$23,$23,$23,$60,$37,$203,205,$0.12,$0.11,$8,$74,$75,$379,$685,$0,$361,$27,$1175,$1554,$268,$283,$53,$527,$795,$0,$548,$-112,$759,$1554,$123,$95,$-25,$70,$-0,$-6,$0,$-39,$-59,$134,$-67,$0,$-169,$-2,$0,$-2,$1,$-238,$196,$1,$197,$-14,$-14,$-79,$1,$105,$1,$14,$-79
28,2011-09-30,10.64,$3.90,2.73,$13.09,0.81,$1.53,6.96,$0.64,16.51,$0.41B,$0.31B,1.31,$0.31B,$0.79B,0.39,$2.69B,$1.28B,47.42%,$2.69B,$0.20B,7.39%,$2.69B,$0.20B,7.39%,$2.69B,$0.29B,10.81%,$2.69B,$0.20B,7.50%,$2.69B,$0.13B,4.86%,$0.13B,$0.79B,16.45%,$0.13B,$0.43B,28.13%,$0.13B,$1.60B,8.95%,$0.20B,$1.10B,20.07%,$675,$366,$310,$0,$239,$628,$48,$0,$48,$17,$31,$31,$31,$71,$48,$203,206,$0.15,$0.15,$8,$83,$90,$407,$703,$0,$364,$29,$1197,$1604,$312,$305,$55,$500,$811,$0,$545,$-73,$793,$1604,$100,$72,$-62,$9,$-8,$-16,$0,$-2,$-15,$95,$-63,$0,$-169,$-0,$0,$-0,$0,$-233,$208,$3,$211,$-14,$-14,$-59,$1,$140,$1,$11,$-59
29,2011-06-30,11.95,$3.90,3.06,$12.68,0.94,$2.12,5.63,$0.64,18.61,$0.39B,$0.30B,1.31,$0.29B,$0.80B,0.36,$2.62B,$1.25B,47.74%,$2.62B,$0.20B,7.57%,$2.62B,$0.20B,7.57%,$2.62B,$0.29B,10.97%,$2.62B,$0.20B,7.72%,$2.62B,$0.13B,5.01%,$0.13B,$0.80B,16.43%,$0.13B,$0.43B,27.11%,$0.13B,$1.59B,9.38%,$0.20B,$1.09B,20.94%,$643,$342,$301,$0,$237,$599,$43,$1,$44,$15,$28,$28,$28,$64,$43,$203,206,$0.14,$0.14,$14,$76,$79,$391,$701,$0,$366,$31,$1199,$1590,$298,$287,$54,$494,$792,$0,$535,$-63,$798,$1590,$69,$49,$-31,$18,$-13,$-8,$0,$-13,$-21,$66,$-42,$0,$-169,$0,$0,$0,$0,$-211,$190,$5,$195,$-6,$-6,$-38,$1,$152,$7,$9,$-38
30,2011-03-31,9.78,$3.93,2.49,$12.49,0.78,$2.49,3.92,$0.67,14.67,$0.33B,$0.26B,1.26,$0.09B,$0.80B,0.11,$2.58B,$1.24B,47.93%,$2.58B,$0.21B,7.98%,$2.58B,$0.21B,7.98%,$2.58B,$0.29B,11.39%,$2.58B,$0.21B,8.14%,$2.58B,$0.14B,5.31%,$0.14B,$0.80B,17.28%,$0.14B,$0.50B,27.68%,$0.14B,$1.34B,10.28%,$0.21B,$0.89B,22.80%,$802,$412,$390,$0,$300,$740,$62,$2,$63,$22,$41,$41,$41,$90,$62,$203,205,$0.20,$0.20,$9,$67,$72,$329,$600,$0,$295,$19,$1007,$1336,$260,$91,$47,$277,$538,$1,$527,$-38,$798,$1336,$41,$28,$-20,$8,$-11,$-6,$0,$18,$23,$73,$-21,$0,$-5,$0,$0,$0,$0,$-26,$-8,$-3,$-10,$-17,$-17,$-18,$1,$-45,$2,$6,$-18
31,2010-12-31,9.59,$5.85,1.64,$12.40,0.77,$2.50,3.83,$0.66,14.48,$0.31B,$0.24B,1.29,$0.10B,$0.80B,0.12,$2.57B,$1.23B,47.67%,$2.57B,$0.21B,8.00%,$2.57B,$0.21B,8.00%,$2.57B,$0.29B,11.34%,$2.57B,$0.21B,8.16%,$2.57B,$0.14B,5.32%,$0.14B,$0.80B,17.56%,$0.14B,$0.50B,28.48%,$0.14B,$1.33B,10.30%,$0.21B,$0.90B,22.59%,$573,$297,$276,$0,$210,$527,$46,$1,$47,$16,$31,$31,$31,$66,$46,$206,207,$0.15,$0.15,$7,$61,$79,$314,$605,$0,$297,$17,$1012,$1325,$243,$99,$45,$287,$530,$0,$504,$-34,$796,$1325,$137,$85,$29,$114,$11,$-1,$0,$29,$55,$306,$-97,$0,$0,$2,$0,$2,$-9,$-104,$-111,$-1,$-113,$-31,$-31,$-71,$1,$-214,$-12,$14,$-71
32,2010-09-30,8.78,$3.88,2.26,$12.40,0.71,$2.31,3.8,$0.66,13.35,$0.33B,$0.25B,1.33,$0.12B,$0.80B,0.15,$2.58B,$1.22B,47.44%,$2.58B,$0.21B,8.03%,$2.58B,$0.21B,8.03%,$2.58B,$0.29B,11.33%,$2.58B,$0.21B,8.18%,$2.58B,$0.14B,5.31%,$0.14B,$0.80B,17.95%,$0.14B,$0.50B,29.65%,$0.14B,$1.34B,10.25%,$0.21B,$0.91B,22.34%,$598,$316,$282,$0,$215,$551,$47,$1,$48,$17,$31,$31,$31,$67,$47,$206,208,$0.15,$0.15,$7,$66,$80,$331,$599,$0,$299,$16,$1006,$1337,$250,$117,$45,$289,$539,$1,$490,$-32,$798,$1337,$106,$65,$49,$114,$0,$-7,$0,$-7,$9,$229,$-74,$0,$0,$3,$0,$3,$-9,$-80,$-95,$1,$-94,$-15,$-15,$-53,$1,$-161,$-12,$10,$-53
33,2010-06-30,8.57,$3.77,2.28,$12.41,0.69,$2.15,3.99,$0.66,13.03,$0.33B,$0.24B,1.35,$0.14B,$0.78B,0.18,$2.58B,$1.22B,47.27%,$2.58B,$0.21B,8.17%,$2.58B,$0.21B,8.17%,$2.58B,$0.30B,11.42%,$2.58B,$0.21B,8.28%,$2.58B,$0.14B,5.34%,$0.14B,$0.78B,18.70%,$0.14B,$0.48B,31.69%,$0.14B,$1.33B,10.29%,$0.21B,$0.92B,22.71%,$608,$319,$289,$0,$218,$556,$51,$1,$52,$18,$34,$34,$34,$71,$51,$206,208,$0.17,$0.16,$7,$62,$62,$329,$597,$0,$300,$15,$1005,$1333,$243,$137,$44,$312,$555,$1,$478,$-53,$779,$1333,$74,$46,$33,$79,$-7,$-2,$0,$-4,$2,$155,$-54,$0,$0,$2,$0,$2,$-9,$-61,$-75,$-1,$-75,$2,$2,$-34,$1,$-106,$-12,$7,$-34
34,2010-03-31,8.61,$3.62,2.38,$12.44,0.69,$2.09,4.12,$0.64,13.45,$0.33B,$0.23B,1.43,$0.17B,$0.75B,0.23,$2.59B,$1.21B,46.85%,$2.59B,$0.21B,8.07%,$2.59B,$0.21B,8.07%,$2.59B,$0.29B,11.28%,$2.59B,$0.21B,8.15%,$2.59B,$0.13B,5.18%,$0.13B,$0.75B,18.77%,$0.13B,$0.45B,32.68%,$0.13B,$1.32B,9.94%,$0.21B,$0.92B,22.42%,$795,$415,$380,$0,$293,$733,$62,$1,$63,$22,$41,$41,$41,$88,$62,$206,207,$0.20,$0.20,$8,$64,$53,$325,$590,$0,$301,$15,$999,$1323,$227,$174,$44,$349,$575,$1,$462,$-62,$748,$1323,$41,$26,$17,$43,$-2,$-3,$0,$3,$-1,$83,$-29,$0,$0,$2,$0,$2,$-9,$-36,$-39,$-3,$-42,$0,$0,$-16,$0,$-57,$-11,$5,$-16
35,2009-12-31,8.21,$3.54,2.32,$12.45,0.66,$2.04,4.03,$0.62,13.2,$0.34B,$0.22B,1.53,$0.23B,$0.73B,0.31,$2.60B,$1.21B,46.56%,$2.60B,$0.21B,7.92%,$2.60B,$0.21B,7.92%,$2.60B,$0.29B,11.07%,$2.60B,$0.21B,8.00%,$2.60B,$0.13B,5.00%,$0.13B,$0.73B,18.79%,$0.13B,$0.42B,33.57%,$0.13B,$1.35B,9.60%,$0.21B,$0.95B,22.16%,$577,$305,$272,$0,$206,$530,$47,$1,$48,$16,$32,$32,$31,$66,$47,$207,209,$0.15,$0.15,$19,$61,$60,$339,$603,$0,$305,$11,$1012,$1351,$222,$226,$44,$402,$623,$1,$438,$-65,$728,$1351,$134,$81,$63,$144,$-0,$-4,$0,$26,$-41,$236,$-65,$0,$-25,$-0,$0,$-0,$0,$-90,$-40,$-8,$-48,$-38,$-38,$-62,$1,$-147,$-1,$12,$-62
36,2009-09-30,9.02,$3.37,2.68,$12.65,0.71,$1.28,7.03,$0.63,14.39,$0.37B,$0.25B,1.45,$0.23B,$0.70B,0.33,$2.65B,$1.24B,46.83%,$2.65B,$0.21B,7.90%,$2.65B,$0.21B,7.90%,$2.65B,$0.29B,11.00%,$2.65B,$0.21B,7.94%,$2.65B,$0.13B,4.95%,$0.13B,$0.70B,19.52%,$0.13B,$0.39B,35.79%,$0.13B,$1.36B,9.67%,$0.21B,$0.93B,22.76%,$603,$322,$280,$0,$210,$551,$51,$0,$51,$18,$33,$33,$32,$70,$51,$207,208,$0.16,$0.15,$16,$65,$75,$366,$580,$0,$304,$12,$989,$1355,$253,$228,$43,$405,$658,$1,$423,$-90,$697,$1355,$102,$62,$54,$116,$-0,$-9,$0,$-6,$-52,$166,$-44,$0,$-9,$1,$0,$1,$-0,$-52,$-39,$-8,$-47,$-25,$-25,$-46,$1,$-118,$-4,$9,$-46
37,2009-06-30,7.44,$3.30,2.26,$12.50,0.6,$0.63,11.88,$0.60,12.31,$0.37B,$0.26B,1.43,$0.25B,$0.68B,0.36,$2.62B,$1.24B,47.19%,$2.62B,$0.20B,7.64%,$2.62B,$0.20B,7.64%,$2.62B,$0.28B,10.73%,$2.62B,$0.20B,7.71%,$2.62B,$0.13B,4.81%,$0.13B,$0.68B,18.84%,$0.13B,$0.38B,34.69%,$0.13B,$1.37B,9.20%,$0.20B,$0.93B,21.55%,$614,$333,$281,$0,$217,$566,$49,$0,$49,$18,$31,$31,$30,$68,$49,$207,208,$0.15,$0.15,$20,$63,$77,$371,$582,$0,$306,$11,$994,$1365,$261,$246,$43,$422,$683,$1,$407,$-84,$682,$1365,$69,$43,$39,$82,$-6,$-6,$0,$-4,$-34,$116,$-27,$0,$-9,$-0,$0,$-0,$-1,$-38,$-20,$-4,$-24,$-26,$-26,$-30,$1,$-79,$0,$6,$-30
38,2009-03-31,7.93,$3.18,2.49,$12.14,0.65,$0.27,29.66,$0.57,13.83,$0.36B,$0.26B,1.4,$0.25B,$0.66B,0.38,$2.55B,$1.20B,47.21%,$2.55B,$0.19B,7.34%,$2.55B,$0.19B,7.34%,$2.55B,$0.27B,10.41%,$2.55B,$0.19B,7.54%,$2.55B,$0.12B,4.71%,$0.12B,$0.66B,17.90%,$0.12B,$0.36B,28.79%,$0.12B,$1.35B,9.35%,$0.19B,$0.91B,21.36%,$807,$429,$378,$0,$294,$748,$59,$0,$60,$22,$38,$38,$37,$84,$59,$209,210,$0.18,$0.18,$19,$62,$63,$357,$579,$0,$305,$13,$991,$1348,$256,$251,$47,$431,$687,$1,$393,$-94,$661,$1348,$38,$24,$14,$39,$-3,$-8,$0,$4,$-18,$58,$-14,$0,$0,$0,$0,$0,$0,$-14,$-14,$1,$-13,$-20,$-20,$-14,$1,$-46,$-1,$4,$-14
39,2008-12-31,8.18,$3.09,2.65,$11.54,0.71,$0.24,33.87,$0.57,14.37,$0.35B,$0.27B,1.33,$0.26B,$0.64B,0.41,$2.42B,$1.15B,47.64%,$2.42B,$0.18B,7.53%,$2.42B,$0.18B,7.53%,$2.42B,$0.26B,10.60%,$2.42B,$0.19B,7.86%,$2.42B,$0.12B,4.93%,$0.12B,$0.64B,17.51%,$0.12B,$0.34B,24.91%,$0.12B,$1.35B,9.83%,$0.18B,$0.91B,21.99%,$622,$322,$300,$0,$228,$572,$50,$0,$50,$18,$32,$34,$32,$69,$50,$208,210,$0.15,$0.15,$20,$54,$61,$352,$587,$0,$306,$13,$1001,$1353,$265,$264,$46,$444,$709,$1,$369,$-102,$644,$1353,$122,$73,$8,$81,$-22,$-4,$0,$-52,$-109,$95,$-82,$0,$-170,$-7,$0,$-7,$0,$-259,$253,$7,$259,$-41,$-41,$-53,$-0,$164,$-0,$11,$-53
40,2008-09-30,9.8,$3.30,2.97,$10.85,0.9,$0.80,12.31,$0.52,18.85,$0.38B,$0.29B,1.31,$0.28B,$0.69B,0.4,$2.27B,$1.08B,47.71%,$2.27B,$0.16B,7.19%,$2.27B,$0.16B,7.19%,$2.27B,$0.23B,10.32%,$2.27B,$0.17B,7.67%,$2.27B,$0.11B,4.76%,$0.11B,$0.69B,15.82%,$0.11B,$0.38B,20.27%,$0.11B,$1.41B,9.65%,$0.16B,$0.96B,21.16%,$576,$299,$277,$0,$217,$534,$42,$1,$43,$16,$28,$28,$27,$60,$42,$209,210,$0.13,$0.13,$17,$59,$101,$383,$591,$0,$306,$39,$1028,$1411,$294,$277,$50,$430,$724,$1,$351,$-27,$688,$1411,$90,$54,$4,$58,$-16,$-8,$0,$-43,$-100,$49,$-64,$0,$-168,$-5,$0,$-5,$-1,$-238,$261,$5,$266,$-41,$-41,$-39,$1,$186,$-3,$9,$-39
41,2008-06-30,9.41,$3.32,2.83,$10.40,0.9,$1.39,6.79,$0.50,18.9,$0.30B,$0.21B,1.42,$0.03B,$0.69B,0.04,$2.17B,$1.04B,47.81%,$2.17B,$0.16B,7.20%,$2.17B,$0.16B,7.20%,$2.17B,$0.22B,10.34%,$2.17B,$0.17B,7.75%,$2.17B,$0.10B,4.80%,$0.10B,$0.69B,15.49%,$0.10B,$0.59B,18.13%,$0.10B,$1.02B,10.36%,$0.16B,$0.72B,22.40%,$541,$294,$247,$0,$198,$504,$36,$3,$39,$14,$25,$25,$24,$52,$36,$207,209,$0.12,$0.12,$20,$52,$56,$299,$490,$0,$98,$47,$725,$1024,$210,$29,$38,$126,$336,$1,$338,$16,$688,$1024,$62,$37,$1,$37,$-28,$-5,$0,$-3,$-44,$56,$-42,$0,$0,$-3,$0,$-3,$4,$-42,$3,$9,$12,$-3,$-3,$-25,$2,$-15,$-0,$7,$-25
42,2008-03-31,8.17,$3.37,2.43,$10.11,0.81,$1.65,4.94,$0.49,16.71,$0.33B,$0.24B,1.4,$0.02B,$0.70B,0.03,$2.10B,$1.02B,48.57%,$2.10B,$0.15B,7.32%,$2.10B,$0.15B,7.32%,$2.10B,$0.22B,10.50%,$2.10B,$0.17B,7.84%,$2.10B,$0.10B,4.85%,$0.10B,$0.70B,15.61%,$0.10B,$0.60B,18.37%,$0.10B,$1.05B,10.38%,$0.15B,$0.72B,22.72%,$677,$350,$327,$0,$252,$623,$54,$3,$58,$21,$37,$36,$36,$75,$54,$207,208,$0.17,$0.17,$42,$51,$83,$329,$489,$0,$98,$47,$725,$1053,$236,$23,$38,$119,$355,$1,$328,$38,$698,$1053,$37,$21,$4,$25,$-14,$-4,$0,$4,$-0,$62,$-23,$0,$0,$-2,$0,$-2,$-0,$-26,$-2,$2,$-0,$-3,$-3,$-12,$2,$-14,$23,$3,$-12
43,2007-12-31,7.69,$3.17,2.42,$9.80,0.78,$1.64,4.69,$0.45,17.01,$0.27B,$0.21B,1.26,$0.02B,$0.66B,0.03,$2.04B,$1.00B,48.99%,$2.04B,$0.15B,7.12%,$2.04B,$0.15B,7.12%,$2.04B,$0.21B,10.36%,$2.04B,$0.15B,7.56%,$2.04B,$0.09B,4.61%,$0.09B,$0.66B,14.96%,$0.09B,$0.56B,17.74%,$0.09B,$0.99B,9.89%,$0.15B,$0.68B,21.96%,$474,$243,$231,$0,$185,$443,$31,$3,$34,$13,$21,$25,$21,$47,$31,$206,208,$0.10,$0.10,$20,$47,$62,$269,$487,$0,$98,$45,$718,$988,$214,$23,$36,$118,$331,$1,$303,$22,$656,$988,$98,$66,$6,$72,$-5,$-4,$0,$27,$45,$215,$-86,$0,$-2,$-15,$0,$-15,$2,$-101,$-57,$-4,$-61,$-11,$-11,$-42,$7,$-107,$6,$15,$-42
44,2007-09-30,7.12,$3.11,2.29,$9.63,0.74,$1.45,4.9,$0.43,16.69,$0.27B,$0.19B,1.41,$0.02B,$0.64B,0.04,$2.00B,$0.98B,49.08%,$2.00B,$0.14B,6.90%,$2.00B,$0.14B,6.90%,$2.00B,$0.20B,10.19%,$2.00B,$0.15B,7.25%,$2.00B,$0.09B,4.45%,$0.09B,$0.64B,14.71%,$0.09B,$0.55B,17.58%,$0.09B,$0.95B,9.56%,$0.14B,$0.67B,21.20%,$475,$244,$231,$0,$182,$441,$35,$2,$37,$13,$24,$23,$23,$50,$35,$205,208,$0.11,$0.11,$25,$48,$56,$272,$461,$0,$98,$33,$678,$951,$193,$23,$35,$113,$306,$1,$294,$9,$644,$951,$73,$51,$15,$66,$-8,$-5,$0,$20,$16,$155,$-47,$0,$0,$-13,$0,$-13,$1,$-59,$-57,$-9,$-66,$4,$4,$-30,$7,$-85,$11,$13,$-30
45,2007-06-30,7.22,$2.99,2.41,$9.47,0.76,$1.21,5.98,$0.43,16.81,$0.26B,$0.21B,1.28,$0.03B,$0.62B,0.05,$1.97B,$0.97B,49.26%,$1.97B,$0.13B,6.66%,$1.97B,$0.13B,6.66%,$1.97B,$0.20B,10.02%,$1.97B,$0.14B,6.96%,$1.97B,$0.09B,4.52%,$0.09B,$0.62B,15.25%,$0.09B,$0.52B,18.39%,$0.09B,$0.94B,9.63%,$0.13B,$0.64B,20.14%,$478,$245,$233,$0,$184,$444,$34,$2,$36,$13,$23,$22,$22,$49,$34,$204,208,$0.11,$0.11,$13,$46,$52,$262,$461,$0,$98,$32,$676,$937,$205,$28,$33,$117,$322,$1,$282,$1,$615,$937,$51,$35,$13,$48,$-9,$-2,$0,$2,$4,$103,$-33,$0,$0,$-10,$0,$-10,$1,$-42,$-52,$3,$-48,$4,$4,$-19,$3,$-61,$-1,$10,$-19
46,2007-03-31,6.49,$2.91,2.23,$9.30,0.7,$1.07,6.06,$0.42,15.55,$0.26B,$0.19B,1.38,$0.05B,$0.60B,0.09,$1.94B,$0.96B,49.51%,$1.94B,$0.13B,6.61%,$1.94B,$0.13B,6.61%,$1.94B,$0.19B,10.03%,$1.94B,$0.13B,6.87%,$1.94B,$0.09B,4.50%,$0.09B,$0.60B,15.26%,$0.09B,$0.50B,18.53%,$0.09B,$0.93B,9.44%,$0.13B,$0.65B,19.64%,$610,$307,$303,$0,$238,$565,$45,$2,$47,$17,$30,$28,$28,$65,$45,$204,207,$0.14,$0.14,$15,$44,$45,$259,$457,$0,$99,$33,$668,$927,$187,$53,$32,$142,$329,$1,$272,$-2,$598,$927,$28,$20,$8,$28,$-12,$-1,$0,$-4,$-7,$49,$-14,$0,$0,$-5,$0,$-5,$1,$-18,$-26,$-1,$-28,$3,$3,$-8,$2,$-30,$1,$7,$-8
47,2006-12-31,5.79,$4.14,1.4,$9.05,0.64,$1.05,5.52,$0.39,14.8,$0.24B,$0.19B,1.31,$0.08B,$0.56B,0.14,$1.89B,$0.94B,49.71%,$1.89B,$0.12B,6.25%,$1.89B,$0.12B,6.25%,$1.89B,$0.18B,9.69%,$1.89B,$0.12B,6.51%,$1.89B,$0.08B,4.34%,$0.08B,$0.56B,14.67%,$0.08B,$0.46B,17.90%,$0.08B,$0.91B,8.94%,$0.12B,$0.64B,18.20%,$438,$224,$215,$0,$176,$414,$24,$1,$25,$10,$16,$16,$16,$40,$24,$205,208,$0.08,$0.08,$14,$44,$41,$242,$464,$0,$100,$26,$664,$907,$185,$79,$26,$158,$344,$1,$251,$-8,$563,$907,$81,$64,$-3,$61,$-7,$-1,$0,$7,$9,$151,$-62,$0,$-1,$-5,$0,$-5,$-4,$-72,$-343,$344,$1,$-57,$-57,$-29,$8,$-77,$3,$9,$-29
