,Date,Stock Price,Book Value per Share,Price to Book Ratio,TTM Sales per Share,Price to Sales Ratio,TTM FCF per Share,Price to FCF Ratio,TTM Net EPS,PE Ratio,Current Assets,Current Liabilities,Current Ratio,Long Term Debt,Shareholder's Equity_x,Debt to Equity Ratio,TTM Revenue_x,TTM Gross Profit,Gross Margin,TTM Revenue_y,TTM Operating Income,Operating Margin,TTM Revenue_x,TTM EBIT,EBIT Margin,TTM Revenue_y,TTM EBITDA,EBITDA Margin,TTM Revenue_x,TTM Pre-Tax Income,Pre-Tax Margin,TTM Revenue_y,TTM Net Income_x,Net Margin,TTM Net Income_y,Shareholder's Equity_y,Return on Equity,TTM Net Income_x,Tangible Equity,Return on Tangible Equity,TTM Net Income_y,Total Assets,Return on Assets,TTM Net Income,LT Investments & Debt,Return on Investment,revenue,cost-goods-sold,gross-profit,research-development-expenses,selling-general-administrative-expenses,operating-expenses,operating-income,total-non-operating-income-expense,pre-tax-income,total-provision-income-taxes,income-after-taxes,income-from-continuous-operations,net-income,ebitda,ebit,basic-shares-outstanding,shares-outstanding,eps-basic-net-earnings-per-share,eps-earnings-per-share-diluted,cash-on-hand,inventory,other-current-assets,total-current-assets,net-property-plant-equipment,long-term-investments,goodwill-intangible-assets-total,other-long-term-assets,total-long-term-assets,total-assets,total-current-liabilities,long-term-debt,other-non-current-liabilities,total-long-term-liabilities,total-liabilities,common-stock-net,retained-earnings-accumulated-deficit,comprehensive-income,total-share-holder-equity,total-liabilities-share-holders-equity,net-income-loss,total-depreciation-amortization-cash-flow,other-non-cash-items,total-non-cash-items,change-in-accounts-receivable,change-in-inventories,change-in-accounts-payable,change-in-assets-liabilities,total-change-in-assets-liabilities,cash-flow-from-operating-activities,net-change-in-property-plant-equipment,net-change-in-intangible-assets,net-acquisitions-divestitures,net-change-in-short-term-investments,net-change-in-long-term-investments,net-change-in-investments-total,investing-activities-other,cash-flow-from-investing-activities,net-long-term-debt,net-current-debt,debt-issuance-retirement-net-total,net-common-equity-issued-repurchased,net-total-equity-issued-repurchased,total-common-preferred-stock-dividends-paid,financial-activities-other,cash-flow-from-financial-activities,net-cash-flow,stock-based-compensation,common-stock-dividends-paid
0,2018-09-30,54.69,$12.49,4.38,$29.56,1.85,$0.10,521.35,$-0.59,0.0,$2.33B,$1.04B,2.24,$1.44B,$1.63B,0.88,$3.88B,$1.17B,30.13%,$3.88B,$0.24B,6.11%,$3.88B,$0.25B,6.42%,$3.88B,$0.37B,9.41%,$3.88B,$0.16B,4.23%,$3.88B,$-0.05B,-1.29%,$-0.05B,$1.63B,-3.01%,$-0.05B,$0.23B,-20.60%,$-0.05B,$4.61B,-1.06%,$0.24B,$3.07B,7.56%,$953,$644,$309,$0,$242,$891,$62,$-18,$44,$15,$29,$29,$28,$93,$65,$131,131,$0.22,$0.21,$530,$656,$0,$2325,$609,$0,$1400,$211,$2280,$4605,$1040,$1437,$0,$1934,$2974,$221,$3505,$-560,$1631,$4605,$61,$85,$50,$135,$-9,$-47,$-30,$-69,$-169,$26,$-46,$0,$-4,$0,$0,$0,$0,$-50,$-51,$0,$-51,$0,$0,$-75,$-7,$-133,$-174,$14,$-75
1,2018-06-30,40.4,$12.57,3.21,$29.03,1.39,$0.52,77.98,$-0.23,0.0,$2.37B,$1.05B,2.25,$1.46B,$1.64B,0.89,$3.81B,$1.13B,29.61%,$3.81B,$0.25B,6.56%,$3.81B,$0.26B,6.88%,$3.81B,$0.38B,9.97%,$3.81B,$0.19B,4.93%,$3.81B,$-0.03B,-0.79%,$-0.03B,$1.64B,-1.77%,$-0.03B,$0.23B,-11.07%,$-0.03B,$4.65B,-0.63%,$0.25B,$3.10B,7.85%,$973,$687,$286,$0,$241,$926,$47,$-18,$28,$14,$15,$15,$13,$77,$48,$131,131,$0.10,$0.10,$517,$675,$0,$2373,$626,$0,$1407,$190,$2278,$4651,$1053,$1455,$0,$1956,$3009,$221,$3502,$-542,$1642,$4651,$31,$58,$42,$99,$-32,$-57,$-11,$-42,$-187,$-57,$-31,$0,$0,$0,$0,$0,$0,$-31,$-34,$0,$-34,$0,$0,$-50,$-4,$-87,$-186,$8,$-50
2,2018-03-31,43.13,$13.05,3.3,$28.29,1.52,$1.33,32.32,$-0.01,0.0,$2.41B,$1.05B,2.29,$1.50B,$1.70B,0.88,$3.71B,$1.09B,29.27%,$3.71B,$0.33B,8.89%,$3.71B,$0.34B,9.26%,$3.71B,$0.46B,12.41%,$3.71B,$0.26B,7.08%,$3.71B,$-0.00B,-0.03%,$-0.00B,$1.70B,-0.06%,$-0.00B,$0.26B,-0.35%,$-0.00B,$4.77B,-0.02%,$0.33B,$3.21B,10.25%,$920,$649,$271,$0,$229,$875,$45,$-20,$25,$9,$16,$16,$15,$78,$49,$131,131,$0.12,$0.12,$536,$702,$0,$2411,$668,$0,$1440,$202,$2359,$4770,$1053,$1501,$0,$2014,$3067,$221,$3514,$-487,$1704,$4770,$16,$29,$-61,$-33,$42,$-49,$-60,$-6,$-105,$-121,$-13,$0,$0,$0,$0,$0,$0,$-13,$-19,$0,$-19,$0,$0,$-25,$-3,$-47,$-168,$4,$-25
3,2017-12-31,41.56,$12.82,3.24,$27.87,1.49,$2.27,18.35,$-0.02,0.0,$2.56B,$1.24B,2.06,$1.50B,$1.67B,0.9,$3.66B,$1.09B,29.64%,$3.66B,$0.34B,9.18%,$3.66B,$0.35B,9.54%,$3.66B,$0.47B,12.73%,$3.66B,$0.26B,7.19%,$3.66B,$0.00B,0.08%,$0.00B,$1.67B,0.18%,$0.00B,$0.24B,1.05%,$0.00B,$4.91B,0.06%,$0.34B,$3.17B,10.48%,$1034,$731,$303,$0,$224,$951,$83,$-16,$67,$173,$-106,$-106,$-106,$117,$87,$131,131,$-0.81,$-0.81,$703,$884,$0,$2559,$672,$0,$1428,$200,$2352,$4910,$1243,$1500,$0,$1997,$3240,$221,$3504,$-505,$1671,$4910,$4,$118,$81,$199,$60,$49,$12,$-10,$107,$311,$-56,$0,$233,$0,$0,$0,$0,$177,$-72,$0,$-72,$0,$0,$-99,$-14,$-185,$336,$23,$-99
4,2017-09-30,42.01,$13.57,3.1,$28.18,1.49,$1.50,27.99,$1.29,32.57,$2.44B,$1.15B,2.12,$1.51B,$1.77B,0.85,$3.70B,$1.11B,30.00%,$3.70B,$0.36B,9.63%,$3.70B,$0.37B,10.01%,$3.70B,$0.49B,13.15%,$3.70B,$0.29B,7.74%,$3.70B,$0.17B,4.57%,$0.17B,$1.77B,9.94%,$0.17B,$0.34B,60.63%,$0.17B,$4.83B,3.56%,$0.36B,$3.27B,11.15%,$883,$615,$268,$0,$206,$809,$75,$-6,$68,$20,$49,$49,$48,$108,$78,$131,131,$0.36,$0.36,$502,$952,$0,$2439,$674,$0,$1424,$204,$2395,$4834,$1148,$1506,$0,$1918,$3067,$221,$3635,$-541,$1768,$4834,$110,$88,$-98,$-10,$64,$-20,$-68,$4,$-27,$72,$-38,$0,$209,$0,$0,$0,$0,$171,$-51,$0,$-51,$0,$0,$-74,$-10,$-136,$135,$20,$-74
5,2017-06-30,45.6,$13.25,3.44,$28.71,1.59,$1.29,35.31,$0.77,59.22,$2.42B,$1.15B,2.11,$1.50B,$1.73B,0.87,$3.76B,$1.12B,29.76%,$3.76B,$0.28B,7.47%,$3.76B,$0.30B,7.87%,$3.76B,$0.41B,10.90%,$3.76B,$0.21B,5.48%,$3.76B,$0.11B,2.79%,$0.11B,$1.73B,6.22%,$0.11B,$0.31B,40.58%,$0.11B,$4.80B,2.21%,$0.28B,$3.23B,8.82%,$877,$632,$245,$0,$253,$750,$127,$-24,$103,$61,$42,$42,$42,$158,$130,$131,131,$0.32,$0.32,$505,$942,$0,$2416,$679,$0,$1417,$190,$2380,$4795,$1146,$1501,$0,$1923,$3069,$221,$3612,$-558,$1726,$4795,$61,$57,$-81,$-23,$71,$-17,$-56,$20,$9,$47,$-27,$0,$182,$0,$0,$0,$0,$155,$-26,$0,$-26,$0,$0,$-50,$-7,$-82,$138,$16,$-50
6,2017-03-31,47.35,$12.84,3.69,$29.88,1.58,$0.95,49.67,$0.93,50.91,$2.25B,$1.10B,2.05,$1.48B,$1.67B,0.88,$3.91B,$1.20B,30.56%,$3.91B,$0.25B,6.34%,$3.91B,$0.26B,6.70%,$3.91B,$0.38B,9.64%,$3.91B,$0.19B,4.78%,$3.91B,$0.12B,2.99%,$0.12B,$1.67B,6.90%,$0.12B,$0.24B,45.04%,$0.12B,$4.66B,2.44%,$0.25B,$3.15B,7.73%,$866,$597,$269,$0,$222,$816,$51,$-26,$25,$5,$19,$19,$19,$83,$54,$131,131,$0.15,$0.15,$326,$940,$0,$2252,$716,$0,$1428,$187,$2412,$4664,$1099,$1478,$0,$1893,$2992,$221,$3595,$-591,$1672,$4664,$19,$29,$18,$46,$67,$-27,$-61,$-5,$-62,$4,$-15,$0,$0,$0,$0,$0,$0,$-15,$-11,$0,$-11,$0,$0,$-25,$-3,$-39,$-41,$11,$-25
7,2016-12-31,46.79,$12.61,3.71,$30.52,1.53,$0.82,56.94,$1.11,42.15,$2.30B,$1.18B,1.95,$1.49B,$1.64B,0.91,$3.99B,$1.23B,30.85%,$3.99B,$0.27B,6.72%,$3.99B,$0.28B,7.07%,$3.99B,$0.40B,9.95%,$3.99B,$0.21B,5.34%,$3.99B,$0.13B,3.31%,$0.13B,$1.64B,7.70%,$0.13B,$0.22B,49.44%,$0.13B,$4.71B,2.71%,$0.27B,$3.12B,8.25%,$1071,$743,$327,$0,$221,$968,$103,$-13,$90,$28,$62,$62,$60,$137,$108,$130,131,$0.46,$0.45,$367,$898,$0,$2298,$725,$0,$1420,$183,$2411,$4709,$1178,$1485,$0,$1893,$3072,$221,$3598,$-625,$1637,$4709,$136,$117,$87,$204,$37,$53,$-71,$-29,$-99,$240,$-86,$0,$-5,$0,$0,$0,$0,$-91,$-37,$0,$-37,$0,$0,$-98,$-9,$-144,$1,$30,$-98
8,2016-09-30,46.79,$13.20,3.54,$31.94,1.46,$1.66,28.25,$1.15,40.69,$2.38B,$1.20B,1.98,$1.54B,$1.71B,0.9,$4.20B,$1.29B,30.74%,$4.20B,$0.29B,6.92%,$4.20B,$0.30B,7.21%,$4.20B,$0.42B,9.92%,$4.20B,$0.22B,5.31%,$4.20B,$0.13B,3.19%,$0.13B,$1.71B,7.79%,$0.13B,$0.26B,50.47%,$0.13B,$4.85B,2.72%,$0.29B,$3.25B,8.89%,$946,$668,$278,$0,$281,$946,$0,$-12,$-12,$3,$-15,$-15,$-16,$32,$4,$130,130,$-0.12,$-0.12,$261,$1039,$0,$2383,$750,$0,$1449,$195,$2471,$4854,$1202,$1536,$0,$1938,$3140,$221,$3592,$-540,$1714,$4854,$74,$87,$123,$210,$70,$-31,$-99,$-70,$-213,$71,$-64,$0,$-5,$0,$0,$0,$0,$-69,$-32,$0,$-32,$0,$0,$-73,$-9,$-114,$-106,$30,$-73
9,2016-06-30,43.64,$13.58,3.21,$32.91,1.33,$1.58,27.68,$2.01,21.71,$2.42B,$1.24B,1.96,$1.54B,$1.76B,0.88,$4.35B,$1.40B,32.23%,$4.35B,$0.46B,10.54%,$4.35B,$0.47B,10.77%,$4.35B,$0.59B,13.51%,$4.35B,$0.38B,8.78%,$4.35B,$0.24B,5.61%,$0.24B,$1.76B,14.20%,$0.24B,$0.31B,94.57%,$0.24B,$4.93B,4.87%,$0.46B,$3.31B,13.95%,$1027,$707,$321,$0,$229,$934,$94,$-10,$84,$30,$54,$54,$54,$125,$96,$130,131,$0.42,$0.42,$266,$1058,$0,$2423,$755,$0,$1450,$232,$2508,$4932,$1239,$1544,$0,$1931,$3169,$221,$3638,$-529,$1762,$4932,$89,$58,$42,$101,$42,$-44,$-77,$-30,$-179,$11,$-35,$0,$-5,$0,$0,$0,$0,$-41,$-22,$0,$-22,$0,$0,$-48,$-9,$-79,$-103,$24,$-48
10,2016-03-31,42.74,$13.43,3.18,$33.69,1.27,$1.07,39.94,$2.09,20.45,$2.43B,$1.28B,1.9,$1.57B,$1.74B,0.9,$4.49B,$1.45B,32.33%,$4.49B,$0.49B,10.98%,$4.49B,$0.50B,11.21%,$4.49B,$0.63B,13.95%,$4.49B,$0.41B,9.05%,$4.49B,$0.27B,5.90%,$0.27B,$1.74B,15.38%,$0.27B,$0.27B,103.52%,$0.27B,$4.98B,5.19%,$0.49B,$3.31B,14.87%,$946,$641,$305,$0,$238,$875,$71,$-19,$51,$17,$34,$34,$34,$103,$74,$130,131,$0.26,$0.26,$310,$1088,$0,$2429,$768,$0,$1468,$233,$2552,$4981,$1280,$1573,$0,$1960,$3240,$221,$3600,$-504,$1741,$4981,$34,$29,$16,$44,$91,$-68,$-90,$-4,$-87,$-9,$-20,$0,$0,$0,$0,$0,$0,$-20,$-12,$0,$-12,$0,$0,$-23,$-2,$-38,$-59,$16,$-23
11,2015-12-31,40.33,$12.89,3.13,$33.92,1.19,$-0.00,0.0,$2.00,20.17,$2.46B,$1.35B,1.82,$1.56B,$1.66B,0.94,$4.56B,$1.48B,32.43%,$4.56B,$0.52B,11.30%,$4.56B,$0.52B,11.50%,$4.56B,$0.65B,14.31%,$4.56B,$0.41B,9.06%,$4.56B,$0.26B,5.68%,$0.26B,$1.66B,14.98%,$0.26B,$0.21B,98.39%,$0.26B,$4.96B,5.01%,$0.52B,$3.23B,15.45%,$1284,$896,$388,$0,$266,$1159,$126,$-26,$100,$37,$63,$63,$62,$157,$129,$133,134,$0.46,$0.47,$366,$979,$0,$2457,$758,$0,$1453,$224,$2506,$4963,$1350,$1561,$0,$1948,$3299,$221,$3566,$-538,$1664,$4963,$264,$127,$109,$236,$53,$-21,$-114,$-29,$-59,$441,$-172,$0,$-354,$0,$0,$0,$0,$-525,$456,$0,$456,$-304,$-304,$-94,$-21,$38,$-84,$35,$-94
12,2015-09-30,39.26,$13.08,3.0,$34.34,1.14,$1.35,29.06,$2.62,14.98,$2.65B,$1.31B,2.02,$1.61B,$1.71B,0.95,$4.65B,$1.57B,33.76%,$4.65B,$0.62B,13.39%,$4.65B,$0.63B,13.62%,$4.65B,$0.76B,16.35%,$4.65B,$0.54B,11.52%,$4.65B,$0.35B,7.54%,$0.35B,$1.71B,19.51%,$0.35B,$0.23B,89.48%,$0.35B,$5.16B,6.79%,$0.62B,$3.32B,18.94%,$1096,$708,$389,$0,$224,$929,$168,$-21,$147,$52,$95,$95,$94,$203,$170,$133,133,$0.71,$0.70,$238,$1116,$0,$2650,$756,$0,$1471,$257,$2509,$5158,$1314,$1610,$0,$2139,$3454,$221,$3539,$-516,$1705,$5158,$201,$100,$111,$211,$67,$-120,$-158,$-67,$-280,$131,$-134,$0,$-354,$0,$0,$0,$0,$-488,$489,$0,$489,$-250,$-250,$-70,$2,$171,$-213,$26,$-70
13,2015-06-30,50.03,$13.45,3.72,$34.86,1.44,$1.72,29.02,$2.85,17.55,$2.78B,$1.37B,2.04,$1.63B,$1.78B,0.91,$4.76B,$1.60B,33.66%,$4.76B,$0.65B,13.59%,$4.76B,$0.66B,13.82%,$4.76B,$0.78B,16.38%,$4.76B,$0.57B,12.01%,$4.76B,$0.39B,8.11%,$0.39B,$1.78B,20.83%,$0.39B,$0.31B,75.95%,$0.39B,$5.31B,7.60%,$0.65B,$3.41B,20.10%,$1162,$793,$369,$0,$244,$1035,$128,$-20,$108,$31,$77,$77,$75,$163,$130,$134,135,$0.56,$0.56,$315,$1130,$0,$2779,$768,$0,$1479,$259,$2533,$5312,$1365,$1626,$0,$2163,$3528,$221,$3470,$-467,$1784,$5312,$106,$67,$78,$145,$45,$-113,$-124,$-36,$-234,$18,$-112,$0,$-342,$0,$0,$0,$0,$-453,$502,$0,$502,$-140,$-140,$-46,$1,$317,$-135,$17,$-46
14,2015-03-31,53.49,$13.20,4.05,$35.11,1.52,$1.96,27.35,$3.19,16.77,$2.76B,$1.34B,2.06,$1.62B,$1.76B,0.92,$4.82B,$1.66B,34.49%,$4.82B,$0.71B,14.78%,$4.82B,$0.73B,15.03%,$4.82B,$0.84B,17.45%,$4.82B,$0.64B,13.27%,$4.82B,$0.44B,9.02%,$0.44B,$1.76B,22.99%,$0.44B,$0.30B,72.11%,$0.44B,$5.25B,8.74%,$0.71B,$3.39B,22.77%,$1015,$683,$332,$0,$240,$921,$93,$-35,$58,$29,$30,$30,$28,$129,$95,$135,136,$0.21,$0.20,$334,$1119,$0,$2760,$752,$0,$1462,$249,$2491,$5252,$1341,$1621,$0,$2147,$3488,$221,$3419,$-484,$1764,$5252,$30,$34,$41,$75,$59,$-118,$-131,$-11,$-198,$-93,$-82,$0,$-342,$0,$0,$0,$0,$-424,$515,$0,$515,$-80,$-80,$-22,$5,$419,$-117,$9,$-22
15,2014-12-31,56.47,$14.45,3.91,$35.34,1.6,$2.41,23.42,$3.77,14.98,$2.79B,$1.47B,1.9,$1.10B,$1.94B,0.57,$4.88B,$1.71B,35.04%,$4.88B,$0.78B,16.08%,$4.88B,$0.80B,16.36%,$4.88B,$0.91B,18.62%,$4.88B,$0.73B,14.95%,$4.88B,$0.52B,10.56%,$0.52B,$1.94B,26.86%,$0.52B,$0.73B,75.82%,$0.52B,$4.97B,10.61%,$0.78B,$3.04B,25.87%,$1381,$900,$481,$0,$252,$1147,$234,$-11,$223,$68,$155,$155,$154,$266,$239,$137,138,$1.13,$1.11,$450,$996,$0,$2794,$694,$0,$1214,$235,$2174,$4968,$1472,$1102,$0,$1554,$3026,$221,$3416,$-380,$1942,$4968,$519,$110,$75,$185,$-80,$-31,$51,$-38,$-110,$594,$-131,$0,$47,$0,$0,$0,$0,$-84,$-41,$0,$-41,$-247,$-247,$-85,$-18,$-391,$87,$43,$-85
16,2014-09-30,66.39,$14.22,4.67,$35.07,1.89,$1.51,44.04,$3.62,18.34,$2.67B,$1.32B,2.03,$1.11B,$1.92B,0.58,$4.89B,$1.70B,34.76%,$4.89B,$0.76B,15.62%,$4.89B,$0.78B,15.86%,$4.89B,$0.89B,18.14%,$4.89B,$0.70B,14.29%,$4.89B,$0.50B,10.28%,$0.50B,$1.92B,26.41%,$0.50B,$0.70B,77.29%,$0.50B,$4.79B,10.31%,$0.76B,$3.04B,25.26%,$1204,$783,$421,$0,$231,$1012,$192,$-9,$183,$53,$131,$131,$129,$222,$194,$137,138,$0.94,$0.93,$163,$1118,$0,$2673,$678,$0,$1225,$196,$2121,$4794,$1315,$1113,$0,$1555,$2870,$221,$3279,$-302,$1924,$4794,$364,$83,$28,$111,$-39,$-125,$-88,$-44,$-346,$130,$-82,$0,$47,$0,$0,$0,$0,$-35,$-32,$0,$-32,$-188,$-188,$-63,$6,$-278,$-201,$27,$-63
17,2014-06-30,69.84,$14.28,4.89,$35.03,1.99,$1.27,55.13,$3.59,19.45,$2.73B,$1.35B,2.02,$1.12B,$1.94B,0.58,$4.91B,$1.70B,34.62%,$4.91B,$0.76B,15.56%,$4.91B,$0.78B,15.82%,$4.91B,$0.89B,18.07%,$4.91B,$0.70B,14.20%,$4.91B,$0.50B,10.16%,$0.50B,$1.94B,26.65%,$0.50B,$0.69B,79.55%,$0.50B,$4.89B,10.30%,$0.76B,$3.06B,26.12%,$1224,$794,$430,$0,$238,$1030,$194,$-18,$176,$51,$125,$125,$124,$225,$197,$137,138,$0.90,$0.90,$144,$1160,$0,$2729,$697,$0,$1254,$186,$2157,$4886,$1351,$1124,$0,$1597,$2947,$221,$3172,$-207,$1939,$4886,$234,$56,$11,$66,$-15,$-115,$-86,$-10,$-311,$-11,$-53,$0,$47,$0,$0,$0,$0,$-6,$-12,$0,$-12,$-153,$-153,$-41,$6,$-200,$-220,$18,$-41
18,2014-03-31,73.43,$13.67,5.37,$34.83,2.11,$1.08,68.24,$3.53,20.8,$2.61B,$1.31B,1.98,$1.12B,$1.86B,0.6,$4.93B,$1.69B,34.35%,$4.93B,$0.75B,15.31%,$4.93B,$0.77B,15.55%,$4.93B,$0.87B,17.74%,$4.93B,$0.69B,14.05%,$4.93B,$0.50B,10.05%,$0.50B,$1.86B,27.23%,$0.50B,$0.61B,84.04%,$0.50B,$4.76B,10.35%,$0.75B,$2.98B,26.91%,$1068,$691,$377,$0,$216,$904,$164,$-18,$147,$38,$109,$109,$108,$195,$168,$137,139,$0.78,$0.78,$164,$1121,$0,$2607,$695,$0,$1257,$181,$2152,$4759,$1314,$1117,$0,$1583,$2897,$221,$3071,$-216,$1863,$4759,$109,$27,$-4,$24,$77,$-77,$-133,$-7,$-217,$-85,$-31,$0,$47,$0,$0,$0,$0,$15,$-8,$0,$-8,$-110,$-110,$-19,$8,$-129,$-199,$10,$-19
19,2013-12-31,73.74,$13.69,5.39,$34.67,2.13,$0.94,78.8,$3.42,21.56,$2.85B,$1.56B,1.83,$1.13B,$1.88B,0.6,$4.96B,$1.69B,34.07%,$4.96B,$0.76B,15.34%,$4.96B,$0.80B,16.15%,$4.96B,$0.91B,18.28%,$4.96B,$0.69B,13.99%,$4.96B,$0.49B,9.79%,$0.49B,$1.88B,26.96%,$0.49B,$0.61B,82.62%,$0.49B,$5.04B,10.19%,$0.76B,$3.01B,27.96%,$1389,$919,$470,$0,$261,$1177,$213,$-21,$192,$50,$142,$142,$141,$244,$216,$142,142,$1.00,$1.00,$364,$1061,$0,$2847,$716,$0,$1268,$185,$2189,$5037,$1558,$1128,$0,$1602,$3160,$221,$2985,$-221,$1877,$5037,$488,$106,$28,$134,$-54,$29,$-16,$-28,$-135,$488,$-137,$0,$-77,$0,$46,$46,$0,$-168,$273,$0,$273,$-458,$-458,$-77,$6,$-256,$60,$36,$-77
20,2013-09-30,58.25,$13.08,4.45,$33.32,1.75,$1.00,58.32,$3.35,17.37,$2.63B,$1.59B,1.65,$0.84B,$1.81B,0.46,$4.89B,$1.67B,34.04%,$4.89B,$0.75B,15.32%,$4.89B,$0.79B,16.14%,$4.89B,$0.90B,18.29%,$4.89B,$0.69B,14.12%,$4.89B,$0.49B,9.93%,$0.49B,$1.81B,26.95%,$0.49B,$0.61B,80.00%,$0.49B,$4.70B,10.33%,$0.75B,$2.65B,28.22%,$1229,$806,$423,$0,$232,$1036,$193,$-11,$182,$56,$127,$127,$126,$223,$196,$140,141,$0.90,$0.90,$114,$1184,$0,$2627,$679,$0,$1202,$162,$2070,$4696,$1594,$839,$0,$1291,$2886,$221,$2864,$-243,$1810,$4696,$346,$79,$-18,$61,$11,$-102,$-127,$-19,$-298,$109,$-94,$0,$-10,$0,$46,$46,$0,$-58,$-16,$196,$180,$-370,$-370,$-57,$10,$-237,$-191,$24,$-57
21,2013-06-30,50.31,$12.34,4.08,$32.19,1.56,$1.22,41.39,$3.14,16.01,$2.61B,$1.62B,1.61,$0.85B,$1.72B,0.49,$4.83B,$1.63B,33.80%,$4.83B,$0.72B,14.97%,$4.83B,$0.76B,15.81%,$4.83B,$0.87B,17.97%,$4.83B,$0.65B,13.54%,$4.83B,$0.47B,9.65%,$0.47B,$1.72B,25.08%,$0.47B,$0.53B,70.37%,$0.47B,$4.64B,9.88%,$0.72B,$2.57B,26.56%,$1240,$818,$422,$0,$240,$1056,$184,$-12,$171,$50,$121,$121,$120,$212,$186,$142,143,$0.85,$0.84,$105,$1184,$0,$2612,$660,$0,$1190,$151,$2026,$4638,$1620,$849,$0,$1296,$2916,$221,$2757,$-281,$1722,$4638,$220,$52,$-21,$30,$6,$-121,$-94,$-4,$-283,$-33,$-61,$0,$-10,$0,$46,$46,$0,$-25,$-9,$209,$200,$-306,$-306,$-38,$8,$-136,$-200,$16,$-38
22,2013-03-31,51.54,$12.57,4.1,$30.78,1.67,$1.94,26.55,$2.96,17.39,$2.63B,$1.56B,1.69,$0.86B,$1.79B,0.48,$4.77B,$1.60B,33.44%,$4.77B,$0.70B,14.75%,$4.77B,$0.75B,15.65%,$4.77B,$0.85B,17.85%,$4.77B,$0.63B,13.22%,$4.77B,$0.45B,9.49%,$0.45B,$1.79B,23.51%,$0.45B,$0.60B,62.12%,$0.45B,$4.67B,9.62%,$0.70B,$2.65B,26.22%,$1097,$723,$373,$0,$235,$926,$170,$-23,$148,$49,$99,$99,$98,$227,$202,$144,146,$0.68,$0.67,$169,$1156,$0,$2634,$666,$0,$1189,$152,$2034,$4668,$1563,$859,$0,$1317,$2881,$74,$2657,$-255,$1788,$4668,$99,$25,$-30,$-5,$40,$-84,$-104,$0,$-202,$-108,$-34,$0,$-10,$0,$0,$0,$46,$2,$-9,$150,$141,$-156,$-156,$-18,$7,$-25,$-135,$8,$-18
23,2012-12-31,45.0,$13.12,3.43,$29.76,1.51,$2.14,21.06,$2.86,15.75,$2.74B,$1.59B,1.72,$0.87B,$1.89B,0.46,$4.75B,$1.58B,33.30%,$4.75B,$0.68B,14.25%,$4.75B,$0.69B,14.59%,$4.75B,$0.80B,16.84%,$4.75B,$0.61B,12.88%,$4.75B,$0.45B,9.43%,$0.45B,$1.89B,21.63%,$0.45B,$0.69B,51.69%,$0.45B,$4.81B,9.54%,$0.68B,$2.76B,24.85%,$1328,$881,$448,$0,$249,$1125,$203,$-13,$190,$48,$142,$142,$142,$233,$206,$157,158,$0.93,$0.93,$304,$1087,$0,$2740,$654,$0,$1204,$186,$2071,$4811,$1591,$869,$0,$1326,$2916,$221,$2579,$-224,$1894,$4811,$451,$107,$-24,$83,$-35,$-73,$25,$-24,$-16,$517,$-119,$0,$-4,$0,$0,$0,$-4,$-126,$424,$0,$424,$-772,$-772,$-74,$-7,$-429,$-33,$35,$-74
24,2012-09-30,39.06,$13.51,2.89,$28.87,1.35,$0.29,132.68,$2.66,14.67,$2.72B,$1.41B,1.93,$0.88B,$2.03B,0.43,$4.69B,$1.55B,33.15%,$4.69B,$0.67B,14.23%,$4.69B,$0.69B,14.63%,$4.69B,$0.79B,16.94%,$4.69B,$0.60B,12.84%,$4.69B,$0.43B,9.19%,$0.43B,$2.03B,19.88%,$0.43B,$0.83B,44.83%,$0.43B,$4.74B,9.27%,$0.67B,$2.91B,24.56%,$1166,$776,$390,$0,$228,$1000,$166,$-21,$145,$38,$107,$107,$106,$196,$170,$153,154,$0.70,$0.69,$217,$1156,$0,$2721,$605,$0,$1200,$198,$2023,$4744,$1410,$879,$0,$1306,$2717,$74,$2455,$-205,$2027,$4744,$309,$81,$4,$85,$-46,$-149,$-75,$-27,$-271,$123,$-73,$0,$-4,$0,$0,$0,$-4,$-81,$423,$0,$423,$-534,$-534,$-56,$1,$-165,$-120,$26,$-56
25,2012-06-30,34.99,$13.09,2.67,$27.95,1.25,$-1.32,0.0,$2.61,13.39,$2.62B,$1.75B,1.49,$0.43B,$2.00B,0.21,$4.64B,$1.54B,33.18%,$4.64B,$0.66B,14.13%,$4.64B,$0.68B,14.53%,$4.64B,$0.78B,16.88%,$4.64B,$0.60B,12.86%,$4.64B,$0.43B,9.32%,$0.43B,$2.00B,19.35%,$0.43B,$0.80B,41.51%,$0.43B,$4.61B,9.45%,$0.66B,$2.42B,24.47%,$1182,$798,$385,$0,$224,$1017,$165,$-17,$148,$40,$108,$108,$107,$196,$169,$162,163,$0.66,$0.66,$175,$1149,$0,$2618,$592,$0,$1197,$180,$1988,$4606,$1753,$426,$0,$856,$2608,$74,$2367,$-237,$1998,$4606,$202,$55,$-12,$43,$-13,$-156,$-47,$-19,$-185,$60,$-49,$0,$-4,$0,$0,$0,$-2,$-55,$-8,$300,$292,$-433,$-433,$-37,$10,$-167,$-162,$15,$-37
26,2012-03-31,35.11,$14.57,2.41,$27.36,1.28,$-3.07,0.0,$2.54,13.82,$2.61B,$1.38B,1.89,$0.44B,$2.37B,0.19,$4.59B,$1.53B,33.24%,$4.59B,$0.63B,13.75%,$4.59B,$0.65B,14.17%,$4.59B,$0.76B,16.54%,$4.59B,$0.59B,12.77%,$4.59B,$0.43B,9.26%,$0.43B,$2.37B,18.31%,$0.43B,$1.15B,37.60%,$0.43B,$4.62B,9.30%,$0.63B,$2.81B,22.75%,$1075,$716,$359,$0,$222,$932,$143,$-13,$129,$36,$94,$94,$93,$175,$148,$163,165,$0.57,$0.56,$173,$1141,$0,$2606,$603,$0,$1219,$176,$2012,$4618,$1380,$439,$0,$872,$2252,$74,$2279,$-181,$2367,$4618,$94,$28,$-17,$10,$38,$-113,$-109,$-13,$-212,$-108,$-21,$0,$-4,$0,$0,$0,$-2,$-27,$-6,$0,$-6,$-22,$-22,$-17,$11,$-35,$-165,$8,$-17
27,2011-12-31,30.09,$14.09,2.14,$26.75,1.13,$-3.76,0.0,$2.55,11.8,$2.63B,$1.47B,1.79,$0.45B,$2.28B,0.2,$4.51B,$1.51B,33.57%,$4.51B,$0.62B,13.70%,$4.51B,$0.64B,14.12%,$4.51B,$0.75B,16.52%,$4.51B,$0.59B,13.04%,$4.51B,$0.43B,9.51%,$0.43B,$2.28B,18.77%,$0.43B,$1.07B,38.77%,$0.43B,$4.62B,9.47%,$0.62B,$2.73B,22.49%,$1265,$845,$420,$0,$232,$1072,$193,$-13,$180,$55,$126,$126,$125,$227,$199,$167,168,$0.75,$0.75,$337,$1008,$0,$2628,$599,$0,$1209,$169,$1994,$4623,$1470,$452,$0,$874,$2344,$74,$2206,$-216,$2278,$4623,$429,$108,$35,$142,$-243,$-140,$46,$-9,$-353,$218,$-104,$0,$-91,$0,$0,$0,$0,$-194,$-23,$0,$-23,$-150,$-150,$-70,$4,$-239,$-220,$32,$-70
28,2011-09-30,22.35,$13.98,1.6,$25.97,0.86,$-2.88,0.0,$2.47,9.06,$2.58B,$1.30B,1.99,$0.46B,$2.31B,0.2,$4.39B,$1.48B,33.73%,$4.39B,$0.59B,13.43%,$4.39B,$0.61B,13.82%,$4.39B,$0.72B,16.33%,$4.39B,$0.56B,12.79%,$4.39B,$0.42B,9.51%,$0.42B,$2.31B,18.58%,$0.42B,$1.15B,38.71%,$0.42B,$4.48B,9.29%,$0.59B,$2.77B,21.72%,$1122,$745,$377,$0,$226,$967,$155,$-15,$140,$32,$108,$108,$108,$186,$159,$167,168,$0.65,$0.64,$228,$1077,$0,$2577,$565,$0,$1153,$164,$1903,$4481,$1298,$458,$0,$876,$2174,$74,$2098,$-180,$2307,$4481,$304,$80,$30,$109,$-202,$-206,$-102,$-10,$-563,$-150,$-68,$0,$-1,$0,$0,$0,$0,$-69,$-20,$0,$-20,$-41,$-41,$-52,$3,$-110,$-330,$24,$-52
29,2011-06-30,33.05,$14.09,2.35,$25.05,1.32,$-1.92,0.0,$2.44,13.55,$2.59B,$1.33B,1.94,$0.46B,$2.33B,0.2,$4.24B,$1.44B,33.88%,$4.24B,$0.56B,13.29%,$4.24B,$0.58B,13.70%,$4.24B,$0.69B,16.25%,$4.24B,$0.56B,13.25%,$4.24B,$0.41B,9.75%,$0.41B,$2.33B,19.00%,$0.41B,$1.15B,41.07%,$0.41B,$4.56B,9.33%,$0.56B,$2.80B,21.16%,$1126,$756,$369,$0,$233,$986,$140,$-3,$137,$38,$99,$99,$99,$171,$144,$167,169,$0.59,$0.59,$221,$1091,$0,$2590,$593,$0,$1182,$174,$1974,$4563,$1334,$464,$0,$898,$2232,$74,$2008,$-75,$2331,$4563,$196,$53,$14,$67,$-122,$-161,$-115,$-28,$-501,$-238,$-45,$0,$-1,$0,$0,$0,$0,$-46,$-8,$0,$-8,$-26,$-26,$-34,$5,$-63,$-336,$16,$-34
30,2011-03-31,38.62,$13.44,2.87,$24.06,1.61,$-0.68,0.0,$2.39,16.14,$2.49B,$1.32B,1.88,$0.47B,$2.23B,0.21,$4.07B,$1.41B,34.62%,$4.07B,$0.57B,13.98%,$4.07B,$0.59B,14.40%,$4.07B,$0.69B,17.00%,$4.07B,$0.55B,13.49%,$4.07B,$0.41B,9.98%,$0.41B,$2.23B,19.80%,$0.41B,$1.05B,43.35%,$0.41B,$4.45B,9.50%,$0.57B,$2.70B,22.26%,$997,$650,$348,$0,$223,$867,$130,$0,$131,$34,$97,$97,$97,$161,$135,$167,169,$0.58,$0.57,$289,$1021,$0,$2493,$586,$0,$1175,$175,$1956,$4450,$1324,$471,$0,$898,$2222,$74,$1928,$-102,$2228,$4450,$97,$26,$6,$32,$-44,$-107,$-125,$-33,$-357,$-228,$-21,$0,$0,$0,$0,$0,$0,$-21,$-3,$0,$-3,$-14,$-14,$-16,$5,$-28,$-269,$9,$-16
31,2010-12-31,35.66,$12.79,2.79,$23.81,1.5,$-0.16,0.0,$2.29,15.55,$2.52B,$1.46B,1.73,$0.48B,$2.11B,0.23,$4.03B,$1.41B,34.95%,$4.03B,$0.58B,14.41%,$4.03B,$0.60B,14.83%,$4.03B,$0.70B,17.44%,$4.03B,$0.53B,13.14%,$4.03B,$0.39B,9.65%,$0.39B,$2.11B,19.94%,$0.39B,$0.95B,43.94%,$0.39B,$4.46B,9.31%,$0.58B,$2.59B,23.50%,$1140,$756,$385,$0,$225,$976,$164,$-11,$153,$40,$112,$112,$113,$198,$168,$167,169,$0.67,$0.67,$558,$887,$0,$2524,$581,$0,$1160,$171,$1936,$4460,$1456,$476,$0,$891,$2347,$74,$1849,$-151,$2113,$4460,$389,$105,$38,$143,$-52,$-53,$71,$-16,$-176,$356,$-91,$0,$-199,$0,$0,$0,$4,$-287,$-44,$2,$-42,$-46,$-46,$-64,$8,$-143,$-97,$32,$-64
32,2010-09-30,32.65,$12.22,2.67,$24.17,1.35,$0.19,174.68,$2.28,14.32,$2.33B,$1.27B,1.84,$0.54B,$2.02B,0.27,$4.09B,$1.43B,35.03%,$4.09B,$0.58B,14.15%,$4.09B,$0.60B,14.59%,$4.09B,$0.70B,17.04%,$4.09B,$0.53B,12.83%,$4.09B,$0.39B,9.44%,$0.39B,$2.02B,20.61%,$0.39B,$0.87B,45.41%,$0.39B,$4.23B,9.35%,$0.58B,$2.56B,24.02%,$972,$638,$333,$0,$208,$842,$129,$11,$140,$36,$104,$104,$104,$158,$133,$167,169,$0.62,$0.61,$311,$948,$0,$2334,$544,$0,$1156,$165,$1896,$4230,$1268,$536,$0,$938,$2207,$74,$1753,$-146,$2023,$4230,$276,$75,$36,$111,$-48,$-113,$-62,$-43,$-404,$-17,$-40,$0,$-199,$0,$0,$0,$4,$-235,$-4,$0,$-4,$-28,$-28,$-48,$12,$-68,$-344,$24,$-48
33,2010-06-30,25.23,$11.10,2.27,$24.64,1.02,$0.03,757.77,$2.36,10.71,$2.29B,$1.16B,1.98,$0.54B,$1.84B,0.29,$4.17B,$1.49B,35.61%,$4.17B,$0.61B,14.65%,$4.17B,$0.63B,15.06%,$4.17B,$0.73B,17.46%,$4.17B,$0.54B,13.05%,$4.17B,$0.40B,9.57%,$0.40B,$1.84B,22.20%,$0.40B,$0.87B,48.96%,$0.40B,$3.96B,9.80%,$0.61B,$2.38B,26.16%,$961,$618,$343,$0,$201,$815,$146,$-21,$125,$34,$92,$92,$92,$175,$150,$168,169,$0.55,$0.54,$504,$798,$0,$2294,$503,$0,$967,$165,$1665,$3959,$1157,$536,$0,$961,$2119,$74,$1665,$-241,$1840,$3959,$172,$49,$16,$65,$-36,$-64,$-68,$1,$-290,$-53,$-22,$0,$0,$0,$0,$0,$5,$-17,$-1,$0,$-1,$-18,$-18,$-31,$11,$-39,$-151,$15,$-31
34,2010-03-31,32.71,$11.00,2.97,$25.41,1.29,$-0.36,0.0,$2.46,13.31,$2.36B,$1.26B,1.87,$0.54B,$1.83B,0.3,$4.30B,$1.53B,35.54%,$4.30B,$0.62B,14.52%,$4.30B,$0.64B,14.91%,$4.30B,$0.74B,17.28%,$4.30B,$0.57B,13.21%,$4.30B,$0.42B,9.65%,$0.42B,$1.83B,23.95%,$0.42B,$0.85B,55.78%,$0.42B,$4.07B,10.19%,$0.62B,$2.36B,27.46%,$959,$611,$348,$0,$211,$817,$142,$-30,$112,$32,$80,$80,$80,$172,$147,$167,170,$0.48,$0.47,$468,$797,$0,$2358,$534,$0,$978,$167,$1711,$4069,$1263,$538,$0,$980,$2243,$74,$1590,$-183,$1826,$4069,$80,$25,$1,$26,$-47,$-23,$-84,$-13,$-255,$-149,$-12,$0,$0,$0,$0,$0,$5,$-7,$-1,$0,$-1,$-7,$-7,$-15,$10,$-13,$-186,$8,$-15
35,2009-12-31,27.96,$10.93,2.56,$25.81,1.08,$-0.74,0.0,$2.53,11.05,$2.50B,$1.46B,1.71,$0.54B,$1.80B,0.3,$4.37B,$1.55B,35.46%,$4.37B,$0.63B,14.41%,$4.37B,$0.65B,14.80%,$4.37B,$0.74B,17.04%,$4.37B,$0.59B,13.40%,$4.37B,$0.43B,9.78%,$0.43B,$1.80B,26.20%,$0.43B,$0.81B,65.74%,$0.43B,$4.25B,10.67%,$0.63B,$2.34B,28.97%,$1199,$790,$409,$0,$251,$1037,$162,$-14,$148,$38,$110,$110,$110,$192,$167,$168,169,$0.66,$0.65,$654,$795,$0,$2499,$560,$0,$990,$168,$1750,$4249,$1458,$539,$0,$989,$2447,$74,$1527,$-149,$1802,$4249,$428,$98,$41,$138,$51,$75,$-105,$-49,$-135,$431,$-108,$0,$-31,$0,$0,$0,$0,$-139,$-6,$-1,$-6,$-38,$-38,$-61,$-1,$-107,$182,$41,$-61
36,2009-09-30,29.07,$10.42,2.79,$25.51,1.14,$-0.97,0.0,$2.55,11.38,$2.27B,$1.32B,1.72,$0.54B,$1.72B,0.32,$4.34B,$1.55B,35.78%,$4.34B,$0.63B,14.46%,$4.34B,$0.64B,14.81%,$4.34B,$0.74B,16.96%,$4.34B,$0.60B,13.79%,$4.34B,$0.43B,9.94%,$0.43B,$1.72B,28.31%,$0.43B,$0.73B,78.01%,$0.43B,$4.02B,10.92%,$0.63B,$2.26B,30.35%,$1051,$666,$385,$0,$227,$890,$161,$-3,$159,$42,$117,$117,$117,$189,$164,$167,169,$0.70,$0.69,$291,$884,$0,$2268,$562,$0,$993,$162,$1749,$4017,$1316,$541,$0,$980,$2296,$74,$1432,$-141,$1721,$4017,$318,$72,$33,$105,$8,$-8,$-209,$-92,$-419,$5,$-87,$0,$-31,$0,$0,$0,$0,$-118,$-4,$0,$-4,$-25,$-25,$-44,$1,$-73,$-181,$31,$-44
37,2009-06-30,20.54,$9.56,2.15,$25.99,0.79,$-0.89,0.0,$2.54,8.07,$2.22B,$1.34B,1.65,$0.54B,$1.58B,0.34,$4.44B,$1.57B,35.40%,$4.44B,$0.63B,14.22%,$4.44B,$0.65B,14.56%,$4.44B,$0.74B,16.56%,$4.44B,$0.58B,13.16%,$4.44B,$0.43B,9.71%,$0.43B,$1.58B,29.83%,$0.43B,$0.59B,89.60%,$0.43B,$3.95B,11.11%,$0.63B,$2.12B,31.71%,$1090,$704,$386,$0,$231,$932,$159,$-10,$149,$41,$109,$109,$108,$190,$163,$168,169,$0.65,$0.64,$252,$892,$0,$2221,$551,$0,$992,$158,$1732,$3953,$1343,$543,$0,$1029,$2372,$74,$1330,$-178,$1582,$3953,$201,$48,$34,$82,$-28,$-40,$-160,$-23,$-360,$-77,$-64,$0,$-28,$0,$0,$0,$0,$-93,$-2,$0,$-2,$-16,$-16,$-29,$0,$-46,$-221,$21,$-29
38,2009-03-31,16.45,$8.53,1.93,$26.22,0.63,$-1.28,0.0,$2.61,6.29,$2.13B,$1.34B,1.59,$0.54B,$1.41B,0.39,$4.51B,$1.60B,35.57%,$4.51B,$0.64B,14.29%,$4.51B,$0.66B,14.65%,$4.51B,$0.74B,16.49%,$4.51B,$0.60B,13.25%,$4.51B,$0.45B,9.90%,$0.45B,$1.41B,31.30%,$0.45B,$0.47B,96.48%,$0.45B,$3.79B,11.62%,$0.64B,$1.96B,32.66%,$1025,$657,$368,$0,$225,$878,$147,$-18,$129,$36,$93,$93,$92,$173,$152,$168,169,$0.55,$0.55,$202,$884,$0,$2125,$534,$0,$943,$160,$1668,$3794,$1341,$544,$0,$1039,$2380,$74,$1237,$-250,$1413,$3794,$93,$21,$23,$44,$-44,$-76,$-108,$5,$-316,$-180,$-44,$0,$0,$0,$0,$0,$0,$-44,$-4,$0,$-4,$-7,$-7,$-14,$0,$-24,$-271,$10,$-14
39,2008-12-31,15.03,$8.30,1.81,$25.88,0.58,$-1.03,0.0,$2.58,5.83,$2.33B,$1.61B,1.45,$0.55B,$1.37B,0.4,$4.47B,$1.58B,35.34%,$4.47B,$0.62B,13.77%,$4.47B,$0.63B,14.15%,$4.47B,$0.72B,16.00%,$4.47B,$0.59B,13.28%,$4.47B,$0.44B,9.88%,$0.44B,$1.37B,31.01%,$0.44B,$0.42B,98.17%,$0.44B,$4.02B,11.59%,$0.62B,$1.92B,31.22%,$1169,$757,$412,$0,$255,$1009,$160,$1,$161,$46,$115,$115,$114,$183,$163,$170,172,$0.68,$0.68,$472,$835,$0,$2332,$547,$0,$950,$161,$1691,$4024,$1608,$546,$0,$1042,$2649,$73,$1160,$-211,$1374,$4024,$445,$83,$-49,$34,$-195,$-196,$100,$-8,$-70,$409,$-120,$0,$0,$0,$0,$0,$0,$-120,$-6,$15,$9,$-153,$-153,$-53,$12,$-185,$99,$33,$-53
40,2008-09-30,25.77,$8.42,3.06,$25.51,1.01,$-0.73,0.0,$2.46,10.49,$2.11B,$1.44B,1.47,$0.55B,$1.41B,0.39,$4.41B,$1.54B,34.78%,$4.41B,$0.60B,13.48%,$4.41B,$0.61B,13.91%,$4.41B,$0.70B,15.81%,$4.41B,$0.56B,12.75%,$4.41B,$0.42B,9.61%,$0.42B,$1.41B,30.18%,$0.42B,$0.44B,100.83%,$0.42B,$3.75B,11.50%,$0.60B,$1.96B,30.45%,$1154,$749,$405,$0,$244,$989,$165,$-20,$145,$27,$118,$118,$117,$189,$168,$172,172,$0.68,$0.68,$154,$859,$0,$2105,$494,$0,$969,$124,$1641,$3745,$1437,$547,$0,$899,$2335,$73,$1059,$-89,$1410,$3745,$330,$63,$-40,$23,$-280,$-190,$-33,$-67,$-358,$-5,$-65,$0,$0,$0,$0,$0,$0,$-65,$5,$0,$5,$-124,$-124,$-37,$16,$-139,$-219,$24,$-37
41,2008-06-30,39.58,$8.87,4.46,$24.17,1.64,$-0.40,0.0,$2.15,18.41,$2.15B,$1.34B,1.6,$0.55B,$1.50B,0.37,$4.18B,$1.44B,34.55%,$4.18B,$0.54B,12.87%,$4.18B,$0.56B,13.38%,$4.18B,$0.64B,15.36%,$4.18B,$0.51B,12.28%,$4.18B,$0.37B,8.85%,$0.37B,$1.50B,27.52%,$0.37B,$0.51B,104.59%,$0.37B,$3.79B,10.36%,$0.54B,$2.05B,28.39%,$1158,$740,$418,$0,$250,$985,$172,$-11,$162,$38,$124,$124,$123,$198,$177,$173,174,$0.71,$0.71,$137,$893,$0,$2146,$509,$0,$989,$134,$1647,$3793,$1342,$548,$0,$948,$2290,$73,$956,$12,$1503,$3793,$212,$42,$9,$52,$-211,$-165,$-46,$-63,$-442,$-178,$-36,$0,$0,$0,$0,$0,$0,$-36,$8,$0,$8,$-25,$-25,$-23,$10,$-30,$-236,$16,$-23
42,2008-03-31,30.16,$8.31,3.63,$22.93,1.32,$0.22,139.58,$1.81,16.66,$2.05B,$1.29B,1.59,$0.55B,$1.41B,0.39,$3.95B,$1.33B,33.60%,$3.95B,$0.46B,11.72%,$3.95B,$0.48B,12.22%,$3.95B,$0.56B,14.27%,$3.95B,$0.44B,11.01%,$3.95B,$0.31B,7.84%,$0.31B,$1.41B,25.04%,$0.31B,$0.42B,125.38%,$0.31B,$3.70B,9.10%,$0.46B,$1.96B,25.87%,$993,$647,$346,$0,$233,$874,$119,$6,$126,$37,$89,$89,$88,$146,$125,$172,173,$0.51,$0.51,$199,$854,$0,$2045,$502,$0,$992,$137,$1651,$3696,$1289,$550,$0,$993,$2282,$73,$848,$8,$1414,$3696,$88,$21,$-11,$10,$-81,$-109,$-58,$-7,$-271,$-172,$-14,$0,$0,$0,$0,$0,$0,$-14,$-1,$0,$-1,$8,$8,$-9,$8,$7,$-174,$7,$-9
43,2007-12-31,27.73,$7.65,3.62,$21.90,1.27,$0.73,37.98,$1.50,18.53,$1.90B,$1.25B,1.52,$0.55B,$1.29B,0.43,$3.76B,$1.25B,33.15%,$3.76B,$0.41B,10.93%,$3.76B,$0.43B,11.46%,$3.76B,$0.51B,13.56%,$3.76B,$0.36B,9.62%,$3.76B,$0.26B,6.80%,$0.26B,$1.29B,22.50%,$0.26B,$0.31B,173.85%,$0.26B,$3.52B,7.95%,$0.41B,$1.84B,24.31%,$1109,$743,$366,$0,$231,$970,$139,$-9,$130,$32,$98,$98,$96,$165,$144,$169,173,$0.55,$0.55,$373,$680,$0,$1897,$489,$0,$988,$133,$1624,$3520,$1250,$551,$0,$977,$2227,$73,$774,$-21,$1293,$3520,$258,$79,$-22,$57,$-82,$-102,$75,$-19,$103,$418,$-76,$0,$-2,$0,$0,$0,$0,$-78,$-3,$-4,$-7,$-28,$-28,$-28,$12,$-50,$303,$25,$-28
44,2007-09-30,21.93,$6.93,3.17,$20.65,1.06,$-0.72,0.0,$1.13,19.35,$1.69B,$1.12B,1.51,$0.55B,$1.17B,0.47,$3.54B,$1.17B,33.02%,$3.54B,$0.34B,9.47%,$3.54B,$0.35B,10.01%,$3.54B,$0.43B,12.19%,$3.54B,$0.28B,8.03%,$3.54B,$0.19B,5.48%,$0.19B,$1.17B,18.13%,$0.19B,$0.17B,250.32%,$0.19B,$3.28B,6.34%,$0.34B,$1.72B,20.62%,$919,$606,$314,$0,$210,$811,$108,$-13,$95,$32,$63,$63,$63,$133,$113,$169,172,$0.37,$0.37,$75,$730,$0,$1691,$473,$0,$993,$117,$1583,$3275,$1121,$552,$0,$987,$2108,$73,$687,$-48,$1167,$3275,$160,$58,$-8,$50,$-119,$-148,$-24,$-27,$-165,$45,$-57,$0,$0,$0,$0,$0,$-0,$-57,$-6,$58,$52,$-31,$-31,$-17,$8,$12,$4,$19,$-17
45,2007-06-30,20.57,$6.43,3.2,$19.80,1.04,$-0.82,0.0,$0.93,22.2,$1.56B,$1.06B,1.47,$0.55B,$1.08B,0.51,$3.39B,$1.10B,32.58%,$3.39B,$0.29B,8.53%,$3.39B,$0.31B,9.03%,$3.39B,$0.38B,11.27%,$3.39B,$0.23B,6.90%,$3.39B,$0.16B,4.72%,$0.16B,$1.08B,15.76%,$0.16B,$0.09B,680.85%,$0.16B,$3.13B,5.47%,$0.29B,$1.63B,18.15%,$931,$628,$302,$0,$210,$834,$97,$-13,$84,$21,$63,$63,$63,$120,$101,$169,171,$0.37,$0.37,$51,$681,$0,$1558,$463,$0,$991,$115,$1570,$3128,$1059,$554,$0,$990,$2049,$73,$633,$-70,$1079,$3128,$97,$39,$1,$40,$-100,$-121,$-16,$-15,$-198,$-62,$-44,$0,$0,$0,$0,$0,$0,$-44,$5,$115,$120,$-32,$-32,$-9,$5,$84,$-19,$12,$-9
46,2007-03-31,16.39,$6.04,2.72,$18.70,0.88,$-0.33,0.0,$0.75,21.96,$1.40B,$0.96B,1.46,$0.56B,$1.01B,0.55,$3.21B,$1.06B,32.86%,$3.21B,$0.27B,8.25%,$3.21B,$0.28B,8.78%,$3.21B,$0.36B,11.12%,$3.21B,$0.21B,6.63%,$3.21B,$0.13B,4.08%,$0.13B,$1.01B,13.45%,$0.13B,$0.02B,-717.81%,$0.13B,$2.96B,4.66%,$0.27B,$1.57B,16.84%,$803,$538,$265,$0,$204,$736,$67,$-14,$53,$19,$34,$34,$34,$92,$73,$169,171,$0.20,$0.20,$40,$627,$0,$1401,$451,$0,$991,$114,$1559,$2960,$962,$555,$0,$985,$1947,$73,$578,$-86,$1013,$2960,$34,$19,$-2,$18,$-24,$-76,$-40,$-9,$-125,$-74,$-22,$0,$0,$0,$0,$0,$1,$-21,$1,$85,$86,$-23,$-23,$0,$3,$66,$-29,$5,$0
47,2006-12-31,14.43,$6.07,2.38,$17.79,0.81,$-0.11,0.0,$0.66,21.97,$1.30B,$0.88B,1.47,$0.56B,$1.02B,0.55,$3.06B,$1.01B,32.92%,$3.06B,$0.24B,7.81%,$3.06B,$0.25B,8.30%,$3.06B,$0.33B,10.71%,$3.06B,$0.19B,6.14%,$3.06B,$0.12B,3.79%,$0.12B,$1.02B,12.41%,$0.12B,$0.03B,-209.95%,$0.12B,$2.87B,4.27%,$0.24B,$1.58B,15.34%,$884,$597,$287,$0,$227,$820,$63,$-11,$52,$18,$33,$33,$34,$86,$67,$168,171,$0.20,$0.20,$70,$547,$0,$1303,$443,$0,$994,$103,$1566,$2869,$884,$557,$0,$965,$1849,$73,$583,$-90,$1021,$2869,$115,$73,$6,$79,$-41,$-98,$59,$-27,$-31,$163,$-74,$0,$-4,$0,$0,$0,$0,$-78,$-105,$-3,$-109,$-23,$-23,$0,$17,$-115,$-26,$25,$0
