,Date,Stock Price,Book Value per Share,Price to Book Ratio,TTM Sales per Share,Price to Sales Ratio,TTM FCF per Share,Price to FCF Ratio,TTM Net EPS,PE Ratio,Current Assets,Current Liabilities,Current Ratio,Long Term Debt,Shareholder's Equity_x,Debt to Equity Ratio,TTM Revenue_x,TTM Gross Profit,Gross Margin,TTM Revenue_y,TTM Operating Income,Operating Margin,TTM Revenue_x,TTM EBIT,EBIT Margin,TTM Revenue_y,TTM EBITDA,EBITDA Margin,TTM Revenue_x,TTM Pre-Tax Income,Pre-Tax Margin,TTM Revenue_y,TTM Net Income_x,Net Margin,TTM Net Income_y,Shareholder's Equity_y,Return on Equity,TTM Net Income_x,Tangible Equity,Return on Tangible Equity,TTM Net Income_y,Total Assets,Return on Assets,TTM Net Income,LT Investments & Debt,Return on Investment,revenue,cost-goods-sold,gross-profit,research-development-expenses,selling-general-administrative-expenses,operating-expenses,operating-income,total-non-operating-income-expense,pre-tax-income,total-provision-income-taxes,income-after-taxes,income-from-continuous-operations,net-income,ebitda,ebit,basic-shares-outstanding,shares-outstanding,eps-basic-net-earnings-per-share,eps-earnings-per-share-diluted,cash-on-hand,inventory,other-current-assets,total-current-assets,net-property-plant-equipment,long-term-investments,goodwill-intangible-assets-total,other-long-term-assets,total-long-term-assets,total-assets,total-current-liabilities,long-term-debt,other-non-current-liabilities,total-long-term-liabilities,total-liabilities,common-stock-net,retained-earnings-accumulated-deficit,comprehensive-income,total-share-holder-equity,total-liabilities-share-holders-equity,net-income-loss,total-depreciation-amortization-cash-flow,other-non-cash-items,total-non-cash-items,change-in-accounts-receivable,change-in-inventories,change-in-accounts-payable,change-in-assets-liabilities,total-change-in-assets-liabilities,cash-flow-from-operating-activities,net-change-in-property-plant-equipment,net-change-in-intangible-assets,net-acquisitions-divestitures,net-change-in-short-term-investments,net-change-in-long-term-investments,net-change-in-investments-total,investing-activities-other,cash-flow-from-investing-activities,net-long-term-debt,net-current-debt,debt-issuance-retirement-net-total,net-common-equity-issued-repurchased,net-total-equity-issued-repurchased,total-common-preferred-stock-dividends-paid,financial-activities-other,cash-flow-from-financial-activities,net-cash-flow,stock-based-compensation,common-stock-dividends-paid
0,2018-09-30,14.1,$20.89,0.67,$13.83,1.02,$-14.09,0.0,$1.46,9.66,$0.27B,$0.41B,0.66,$3.03B,$0.68B,4.44,$0.41B,$0.41B,100.00%,$0.41B,$0.10B,24.69%,$0.41B,$0.24B,58.02%,$0.41B,$0.39B,97.04%,$0.41B,$0.08B,19.26%,$0.41B,$0.06B,15.31%,$0.06B,$0.68B,10.46%,$0.06B,$0.41B,14.40%,$0.06B,$4.24B,1.65%,$0.10B,$3.71B,3.03%,$105,$0,$105,$0,$8,$82,$23,$1,$24,$3,$21,$21,$21,$102,$60,$30,30,$0.68,$0.68,$268,$0,$0,$273,$3450,$4,$271,$231,$3965,$4237,$411,$3027,$76,$3144,$3555,$0,$123,$10,$682,$4237,$55,$119,$-4,$115,$0,$0,$0,$-21,$-0,$169,$-504,$0,$0,$0,$2,$2,$-307,$-809,$377,$55,$432,$19,$19,$0,$-1,$451,$-189,$0,$0
1,2018-06-30,14.09,$21.02,0.67,$13.33,1.06,$-11.46,0.0,$1.03,13.68,$0.47B,$0.36B,1.33,$2.52B,$0.59B,4.29,$0.39B,$0.39B,100.00%,$0.39B,$0.07B,17.36%,$0.39B,$0.20B,51.30%,$0.39B,$0.35B,91.45%,$0.39B,$0.04B,11.40%,$0.39B,$0.03B,7.25%,$0.03B,$0.59B,5.02%,$0.03B,$0.46B,6.44%,$0.03B,$3.55B,0.78%,$0.07B,$3.11B,2.12%,$103,$0,$103,$0,$6,$74,$29,$-1,$28,$4,$24,$24,$24,$101,$62,$28,28,$0.87,$0.87,$471,$0,$0,$473,$2872,$0,$124,$74,$3079,$3552,$356,$2524,$46,$2608,$2964,$0,$103,$6,$588,$3552,$34,$77,$-1,$76,$0,$0,$0,$-7,$-5,$105,$30,$0,$0,$0,$1,$1,$-30,$1,$-126,$35,$-91,$0,$0,$0,$-6,$-97,$9,$0,$0
2,2018-03-31,13.31,$19.85,0.67,$12.21,1.09,$-22.60,0.0,$0.25,53.24,$0.47B,$0.36B,1.3,$2.64B,$0.56B,4.74,$0.36B,$0.36B,100.00%,$0.36B,$0.05B,12.40%,$0.36B,$0.18B,48.21%,$0.36B,$0.33B,90.36%,$0.36B,$0.02B,5.51%,$0.36B,$0.01B,1.93%,$0.01B,$0.56B,1.26%,$0.01B,$0.44B,1.61%,$0.01B,$3.63B,0.20%,$0.05B,$3.19B,1.42%,$89,$0,$89,$0,$9,$75,$13,$-2,$12,$2,$10,$10,$10,$85,$46,$28,28,$0.34,$0.34,$464,$0,$0,$466,$2979,$0,$120,$59,$3168,$3634,$358,$2635,$52,$2721,$3078,$0,$78,$-2,$556,$3634,$10,$38,$7,$45,$0,$0,$0,$-2,$11,$66,$-72,$0,$0,$0,$0,$0,$0,$-72,$-13,$18,$5,$0,$0,$0,$-0,$5,$-1,$0,$0
3,2017-12-31,12.91,$19.43,0.66,$11.50,1.12,$-20.74,0.0,$0.07,184.43,$0.46B,$0.33B,1.39,$2.65B,$0.54B,4.87,$0.35B,$0.35B,100.00%,$0.35B,$0.04B,11.05%,$0.35B,$0.17B,47.59%,$0.35B,$0.32B,90.08%,$0.35B,$0.01B,3.97%,$0.35B,$0.00B,0.57%,$0.00B,$0.54B,0.35%,$0.00B,$0.41B,0.44%,$0.00B,$3.60B,0.06%,$0.04B,$3.19B,1.24%,$108,$0,$108,$0,$7,$73,$35,$-21,$14,$7,$7,$7,$7,$105,$67,$30,30,$0.27,$0.27,$457,$0,$0,$459,$2962,$8,$131,$26,$3137,$3596,$329,$2646,$47,$2723,$3052,$0,$69,$-5,$544,$3596,$3,$150,$31,$182,$0,$0,$0,$-17,$-5,$179,$-412,$0,$0,$0,$0,$0,$-18,$-430,$107,$65,$172,$-57,$-57,$0,$-19,$96,$-155,$0,$0
4,2017-09-30,14.02,$18.95,0.74,$10.97,1.28,$-12.10,0.0,$-2.16,0.0,$0.40B,$0.33B,1.18,$2.58B,$0.54B,4.74,$0.35B,$0.35B,100.00%,$0.35B,$-0.06B,-16.47%,$0.35B,$0.07B,20.81%,$0.35B,$0.22B,63.58%,$0.35B,$-0.07B,-18.79%,$0.35B,$-0.07B,-19.94%,$-0.07B,$0.54B,-11.94%,$-0.07B,$0.43B,-14.65%,$-0.07B,$3.52B,-1.98%,$-0.06B,$3.12B,-1.83%,$86,$0,$86,$0,$7,$96,$-10,$-0,$-10,$2,$-13,$-13,$-13,$62,$23,$29,29,$-0.43,$-0.43,$394,$0,$0,$395,$2950,$8,$117,$24,$3129,$3524,$333,$2579,$43,$2646,$2980,$0,$61,$-7,$544,$3524,$-5,$112,$30,$142,$0,$0,$0,$-13,$0,$138,$-383,$0,$0,$0,$0,$0,$-16,$-399,$44,$46,$91,$-47,$-47,$0,$-1,$43,$-218,$0,$0
5,2017-06-30,13.45,$19.08,0.71,$10.62,1.27,$-6.96,0.0,$-1.03,0.0,$0.47B,$0.30B,1.56,$2.58B,$0.58B,4.48,$0.35B,$0.35B,100.00%,$0.35B,$-0.03B,-9.57%,$0.35B,$0.10B,27.54%,$0.35B,$0.24B,69.57%,$0.35B,$-0.04B,-11.88%,$0.35B,$-0.03B,-9.57%,$-0.03B,$0.58B,-5.46%,$-0.03B,$0.47B,-6.55%,$-0.03B,$3.52B,-0.95%,$-0.03B,$3.16B,-1.06%,$80,$0,$80,$0,$8,$73,$7,$-3,$4,$1,$3,$3,$3,$76,$39,$31,31,$0.09,$0.09,$470,$0,$0,$470,$2924,$8,$106,$9,$3054,$3523,$301,$2579,$46,$2647,$2948,$0,$74,$-8,$576,$3523,$8,$74,$6,$79,$0,$0,$0,$-7,$-7,$80,$-279,$0,$0,$0,$0,$0,$-11,$-290,$48,$31,$79,$-25,$-25,$0,$-1,$53,$-157,$0,$0
6,2017-03-31,13.12,$18.62,0.7,$10.40,1.26,$6.68,1.96,$-0.98,0.0,$0.61B,$0.28B,2.16,$2.47B,$0.60B,4.12,$0.34B,$0.34B,100.00%,$0.34B,$-0.03B,-9.33%,$0.34B,$0.09B,27.41%,$0.34B,$0.24B,68.51%,$0.34B,$-0.04B,-11.08%,$0.34B,$-0.03B,-9.04%,$-0.03B,$0.60B,-5.01%,$-0.03B,$0.50B,-5.92%,$-0.03B,$3.41B,-0.92%,$-0.03B,$3.07B,-1.06%,$79,$0,$79,$0,$8,$72,$7,$-1,$6,$1,$5,$5,$5,$75,$39,$32,32,$0.16,$0.16,$606,$0,$0,$606,$2667,$8,$102,$23,$2807,$3413,$281,$2466,$46,$2533,$2814,$0,$71,$-8,$599,$3413,$5,$37,$1,$38,$0,$0,$0,$-2,$11,$54,$0,$0,$0,$0,$0,$0,$-11,$-11,$-60,$13,$-47,$-1,$-1,$0,$-0,$-48,$-6,$0,$0
7,2016-12-31,13.3,$18.39,0.72,$10.31,1.29,$11.17,1.19,$-0.93,0.0,$0.62B,$0.26B,2.41,$2.52B,$0.59B,4.25,$0.35B,$0.35B,100.00%,$0.35B,$-0.03B,-7.54%,$0.35B,$0.10B,28.70%,$0.35B,$0.24B,69.28%,$0.35B,$-0.04B,-10.72%,$0.35B,$-0.03B,-8.41%,$-0.03B,$0.59B,-4.63%,$-0.03B,$0.49B,-5.41%,$-0.03B,$3.45B,-0.88%,$-0.03B,$3.12B,-0.88%,$101,$0,$101,$0,$6,$161,$-61,$-4,$-65,$-1,$-64,$-64,$-64,$7,$-29,$33,33,$-1.93,$-1.93,$620,$0,$0,$620,$2694,$0,$102,$24,$2827,$3447,$257,$2523,$54,$2597,$2854,$0,$66,$-10,$593,$3447,$-29,$141,$62,$203,$0,$0,$0,$-10,$-21,$153,$-121,$0,$0,$0,$0,$0,$-2,$-123,$124,$54,$178,$-40,$-40,$0,$-6,$132,$161,$0,$0
8,2016-09-30,11.59,$19.99,0.58,$10.28,1.13,$28.56,0.41,$1.73,6.7,$0.39B,$0.30B,1.27,$2.43B,$0.65B,3.75,$0.37B,$0.37B,100.00%,$0.37B,$0.07B,18.75%,$0.37B,$0.20B,52.99%,$0.37B,$0.34B,93.21%,$0.37B,$0.05B,13.86%,$0.37B,$0.05B,14.40%,$0.05B,$0.65B,8.24%,$0.05B,$0.56B,9.57%,$0.05B,$3.46B,1.60%,$0.07B,$3.08B,2.35%,$85,$0,$85,$0,$8,$71,$14,$-0,$14,$-9,$23,$23,$23,$82,$46,$33,33,$0.70,$0.70,$386,$0,$0,$387,$2946,$8,$91,$7,$3070,$3457,$304,$2434,$56,$2504,$2808,$0,$130,$-21,$649,$3457,$35,$105,$-7,$98,$0,$0,$0,$-12,$-6,$126,$-232,$0,$0,$0,$0,$0,$-1,$-233,$37,$46,$83,$-38,$-38,$0,$111,$156,$49,$0,$0
9,2016-06-30,9.93,$18.97,0.52,$10.39,0.96,$40.35,0.25,$1.50,6.62,$0.48B,$0.28B,1.74,$2.17B,$0.63B,3.44,$0.40B,$0.40B,100.00%,$0.40B,$0.09B,23.74%,$0.40B,$0.22B,56.57%,$0.40B,$0.38B,95.20%,$0.40B,$0.07B,16.92%,$0.40B,$0.06B,14.39%,$0.06B,$0.63B,8.69%,$0.06B,$0.55B,9.67%,$0.06B,$3.17B,1.66%,$0.09B,$2.81B,3.09%,$78,$0,$78,$0,$7,$70,$8,$-1,$7,$3,$5,$5,$5,$71,$38,$34,34,$0.14,$0.14,$477,$0,$0,$477,$2524,$7,$84,$40,$2689,$3166,$275,$2174,$62,$2259,$2534,$0,$107,$-24,$633,$3166,$12,$68,$3,$72,$0,$0,$0,$-5,$-7,$76,$169,$0,$0,$0,$0,$0,$-1,$167,$-221,$31,$-189,$-27,$-27,$0,$79,$-138,$106,$0,$0
10,2016-03-31,12.71,$18.83,0.68,$10.55,1.2,$35.26,0.36,$-0.06,0.0,$0.43B,$0.28B,1.53,$2.17B,$0.63B,3.43,$0.42B,$0.42B,100.00%,$0.42B,$0.04B,9.98%,$0.42B,$0.18B,42.76%,$0.42B,$0.36B,84.56%,$0.42B,$0.01B,2.61%,$0.42B,$0.01B,1.90%,$0.01B,$0.63B,1.19%,$0.01B,$0.55B,1.28%,$0.01B,$3.17B,0.22%,$0.04B,$2.80B,1.29%,$81,$0,$81,$0,$8,$68,$13,$-6,$7,$0,$7,$7,$7,$79,$44,$34,34,$0.21,$0.21,$428,$0,$0,$429,$2551,$7,$85,$41,$2741,$3170,$281,$2170,$66,$2256,$2538,$0,$102,$-22,$633,$3170,$7,$35,$4,$39,$0,$0,$0,$-8,$10,$56,$155,$0,$0,$0,$0,$0,$-2,$153,$-223,$17,$-206,$-25,$-25,$0,$75,$-156,$53,$0,$0
11,2015-12-31,13.65,$18.42,0.74,$11.15,1.22,$30.34,0.45,$0.14,97.5,$0.45B,$0.28B,1.6,$2.39B,$0.66B,3.63,$0.46B,$0.46B,100.00%,$0.46B,$0.06B,12.53%,$0.46B,$0.20B,44.06%,$0.46B,$0.40B,86.61%,$0.46B,$0.03B,5.83%,$0.46B,$0.02B,4.54%,$0.02B,$0.66B,2.98%,$0.02B,$0.56B,3.09%,$0.02B,$3.42B,0.54%,$0.06B,$3.04B,1.67%,$124,$0,$124,$0,$7,$90,$34,$-11,$23,$4,$19,$19,$18,$111,$67,$41,41,$0.45,$0.45,$451,$0,$0,$451,$2585,$7,$94,$42,$2973,$3424,$283,$2385,$71,$2485,$2768,$0,$95,$-16,$657,$3424,$23,$198,$9,$207,$0,$0,$0,$-12,$-15,$215,$543,$0,$0,$0,$-36,$-36,$-26,$481,$-644,$52,$-592,$-81,$-81,$-42,$-40,$-757,$-62,$0,$-42
12,2015-09-30,12.96,$16.95,0.76,$11.06,1.17,$-2.45,0.0,$-0.17,0.0,$0.57B,$0.36B,1.56,$2.80B,$0.70B,3.99,$0.46B,$0.46B,100.87%,$0.46B,$0.10B,20.92%,$0.46B,$0.21B,45.53%,$0.46B,$0.42B,91.94%,$0.46B,$0.03B,5.88%,$0.46B,$0.02B,3.92%,$0.02B,$0.70B,2.47%,$0.02B,$0.70B,2.60%,$0.02B,$3.97B,0.44%,$0.10B,$3.50B,2.63%,$113,$0,$113,$0,$8,$74,$39,$-8,$30,$3,$27,$27,$27,$116,$75,$41,42,$0.66,$0.66,$565,$0,$0,$567,$2575,$7,$0,$21,$3399,$3966,$364,$2797,$91,$2901,$3266,$0,$64,$-21,$701,$3966,$4,$153,$19,$172,$0,$0,$0,$-1,$19,$195,$161,$0,$0,$0,$-2,$-2,$-24,$135,$-237,$30,$-207,$-2,$-2,$-32,$-47,$-288,$41,$0,$-32
13,2015-06-30,15.14,$0.00,0.0,$10.89,1.39,$-20.27,0.0,$-0.27,0.0,$0.46B,$0.02B,19.98,$2.96B,$0.70B,4.24,$0.45B,$0.46B,100.88%,$0.45B,$0.08B,16.59%,$0.45B,$0.19B,41.15%,$0.45B,$0.43B,95.35%,$0.45B,$0.01B,3.10%,$0.45B,$0.01B,1.33%,$0.01B,$0.70B,0.81%,$0.01B,$0.70B,0.85%,$0.01B,$4.09B,0.15%,$0.08B,$3.66B,2.08%,$103,$0,$103,$0,$11,$146,$-44,$-5,$-49,$-5,$-44,$-44,$-44,$50,$-6,$41,41,$-1.06,$-1.06,$463,$0,$0,$464,$0,$5,$0,$24,$28,$4087,$23,$2959,$394,$3365,$3388,$0,$551,$0,$698,$4087,$-24,$112,$27,$139,$0,$0,$0,$5,$6,$121,$-30,$0,$0,$0,$0,$0,$-19,$-49,$-71,$6,$-64,$0,$0,$-21,$26,$-59,$13,$0,$-21
14,2015-03-31,13.81,$0.00,0.0,$11.06,1.25,$-26.89,0.0,$1.66,8.32,$0.43B,$0.06B,7.84,$2.93B,$0.76B,3.86,$0.46B,$0.46B,100.44%,$0.46B,$0.17B,37.69%,$0.46B,$0.25B,53.59%,$0.46B,$0.47B,102.18%,$0.46B,$0.09B,19.17%,$0.46B,$0.07B,15.69%,$0.07B,$0.76B,9.54%,$0.07B,$0.76B,10.02%,$0.07B,$4.13B,1.84%,$0.17B,$3.69B,5.06%,$123,$0,$123,$0,$8,$95,$29,$-5,$23,$3,$20,$20,$20,$124,$68,$41,42,$0.47,$0.47,$417,$0,$0,$428,$0,$4,$0,$24,$29,$4134,$55,$2931,$372,$3320,$3375,$0,$124,$0,$760,$4134,$20,$56,$-20,$37,$0,$0,$0,$-3,$5,$62,$-11,$0,$0,$0,$0,$0,$-12,$-23,$-95,$7,$-88,$0,$0,$-11,$2,$-96,$-57,$0,$-11
15,2014-12-31,12.25,$18.25,0.67,$10.29,1.19,$-28.80,0.0,$1.32,9.28,$0.49B,$0.36B,1.35,$3.02B,$0.76B,4.0,$0.43B,$0.43B,100.00%,$0.43B,$0.18B,42.86%,$0.43B,$0.22B,50.82%,$0.43B,$0.43B,101.41%,$0.43B,$0.07B,16.16%,$0.43B,$0.06B,13.11%,$0.06B,$0.76B,7.46%,$0.06B,$0.61B,7.84%,$0.06B,$4.22B,1.47%,$0.18B,$3.78B,5.54%,$120,$-4,$124,$0,$11,$48,$72,$-49,$23,$3,$20,$15,$15,$132,$72,$41,41,$0.37,$0.37,$481,$0,$0,$486,$3557,$0,$145,$31,$3733,$4218,$360,$3022,$65,$3103,$3462,$0,$115,$-17,$756,$4218,$56,$216,$-40,$216,$0,$0,$0,$-19,$-1,$227,$-827,$0,$0,$0,$1,$1,$-15,$-841,$502,$53,$502,$0,$0,$-43,$34,$546,$-67,$0,$-43
16,2014-09-30,11.7,$0.00,0.0,$9.46,1.24,$-24.06,0.0,$1.27,9.21,$0.23B,$0.36B,0.62,$2.55B,$0.76B,3.36,$0.39B,$0.40B,102.30%,$0.39B,$0.16B,40.56%,$0.39B,$0.19B,49.23%,$0.39B,$0.36B,91.58%,$0.39B,$0.06B,14.54%,$0.39B,$0.05B,13.78%,$0.05B,$0.76B,7.21%,$0.05B,$0.76B,7.21%,$0.05B,$3.74B,1.47%,$0.16B,$3.31B,4.99%,$106,$0,$106,$0,$10,$88,$18,$-1,$17,$2,$15,$15,$15,$125,$52,$41,41,$0.37,$0.37,$213,$0,$0,$225,$0,$7,$0,$31,$38,$3741,$361,$2550,$57,$2622,$2982,$0,$112,$0,$758,$3741,$41,$156,$-31,$125,$0,$0,$0,$1,$6,$172,$-555,$0,$0,$0,$1,$1,$-13,$-567,$31,$32,$62,$0,$0,$-32,$42,$72,$-323,$-0,$-32
17,2014-06-30,13.01,$0.00,0.0,$8.94,1.45,$-20.99,0.0,$0.90,14.45,$0.26B,$0.35B,0.74,$2.14B,$0.75B,2.87,$0.37B,$0.37B,101.92%,$0.37B,$0.17B,47.40%,$0.37B,$0.17B,47.40%,$0.37B,$0.31B,85.75%,$0.37B,$0.04B,11.23%,$0.37B,$0.04B,10.68%,$0.04B,$0.75B,5.25%,$0.04B,$0.75B,5.25%,$0.04B,$3.58B,1.10%,$0.17B,$2.89B,5.61%,$110,$2,$108,$0,$11,$55,$54,$-30,$25,$3,$22,$22,$22,$88,$54,$41,41,$0.51,$0.51,$253,$0,$0,$257,$0,$5,$0,$158,$163,$3580,$349,$2141,$334,$2485,$2834,$0,$108,$0,$746,$3580,$25,$83,$0,$83,$0,$0,$0,$0,$-4,$107,$-289,$0,$0,$0,$0,$0,$74,$-216,$0,$0,$0,$0,$0,$-21,$-22,$-42,$-151,$0,$0
18,2014-03-31,13.22,$0.00,0.0,$9.51,1.39,$-16.68,0.0,$0.59,22.41,$0.52B,$0.36B,1.48,$2.51B,$0.74B,3.38,$0.35B,$0.35B,100.00%,$0.35B,$0.16B,45.09%,$0.35B,$0.16B,45.09%,$0.35B,$0.31B,89.02%,$0.35B,$0.02B,6.65%,$0.35B,$0.02B,6.65%,$0.02B,$0.74B,3.28%,$0.02B,$0.74B,3.28%,$0.02B,$3.66B,0.68%,$0.16B,$3.25B,5.17%,$91,$2,$89,$0,$10,$52,$39,$-35,$4,$1,$4,$4,$4,$88,$39,$41,41,$0.07,$0.07,$520,$0,$0,$524,$0,$15,$0,$38,$53,$3659,$355,$2505,$50,$2563,$2919,$0,$97,$0,$741,$3659,$4,$49,$0,$49,$0,$0,$0,$0,$5,$54,$-82,$0,$0,$0,$0,$0,$-7,$-89,$0,$-44,$0,$0,$0,$-11,$72,$17,$-18,$0,$0
19,2013-12-31,13.94,$18.13,0.77,$11.36,1.23,$-13.13,0.0,$1.69,8.25,$0.59B,$0.32B,1.82,$2.55B,$0.75B,3.4,$0.37B,$0.37B,100.27%,$0.37B,$0.19B,50.41%,$0.37B,$0.19B,50.41%,$0.37B,$0.33B,90.24%,$0.37B,$0.06B,15.45%,$0.37B,$0.05B,14.09%,$0.05B,$0.75B,7.91%,$0.05B,$0.75B,7.91%,$0.05B,$3.67B,1.62%,$0.19B,$3.30B,6.55%,$85,$-12,$98,$0,$18,$38,$48,$-28,$11,$-3,$15,$13,$13,$58,$48,$41,41,$0.32,$0.32,$587,$0,$0,$590,$3035,$8,$0,$40,$48,$3672,$324,$2546,$45,$2599,$2924,$0,$104,$-14,$749,$3672,$52,$146,$-36,$146,$0,$0,$0,$-15,$-12,$181,$-584,$0,$0,$0,$0,$0,$-24,$-609,$536,$0,$434,$173,$173,$-31,$93,$668,$241,$3,$-31
20,2013-09-30,11.86,$0.00,0.0,$14.31,0.83,$4.16,2.85,$2.54,4.67,$0.37B,$0.08B,4.35,$2.18B,$0.74B,2.95,$0.42B,$0.41B,98.55%,$0.42B,$0.22B,53.73%,$0.42B,$0.22B,53.73%,$0.42B,$0.44B,106.51%,$0.42B,$0.08B,18.31%,$0.42B,$0.07B,16.87%,$0.07B,$0.74B,11.61%,$0.07B,$0.74B,11.61%,$0.07B,$3.29B,2.31%,$0.22B,$2.91B,8.37%,$79,$3,$77,$0,$8,$48,$32,$-30,$1,$1,$0,$0,$0,$79,$32,$39,39,$0.00,$0.00,$363,$0,$0,$366,$0,$13,$0,$37,$51,$3286,$84,$2176,$288,$2464,$2548,$0,$100,$0,$737,$3286,$39,$136,$0,$136,$0,$0,$0,$0,$-7,$135,$-376,$0,$0,$0,$0,$0,$-16,$-392,$0,$147,$0,$0,$173,$-22,$4,$301,$44,$0,$0
21,2013-06-30,14.18,$0.00,0.0,$15.63,0.91,$16.06,0.88,$1.39,10.2,$0.30B,$0.30B,0.99,$2.03B,$0.58B,3.51,$0.42B,$0.42B,98.34%,$0.42B,$0.23B,53.32%,$0.42B,$0.23B,53.32%,$0.42B,$0.43B,102.13%,$0.42B,$0.04B,10.43%,$0.42B,$0.04B,9.72%,$0.04B,$0.58B,7.62%,$0.04B,$0.58B,7.62%,$0.04B,$2.97B,1.38%,$0.23B,$2.61B,8.69%,$91,$9,$82,$0,$10,$53,$37,$-31,$7,$1,$6,$6,$6,$83,$37,$28,28,$0.20,$0.20,$296,$0,$0,$298,$0,$15,$0,$32,$50,$2969,$301,$2030,$59,$2090,$2390,$0,$109,$0,$579,$2969,$39,$90,$0,$90,$0,$0,$0,$0,$1,$97,$-99,$0,$0,$0,$0,$0,$-9,$-109,$0,$0,$5,$0,$0,$-13,$-4,$-12,$-24,$0,$0
22,2013-03-31,13.42,$0.00,0.0,$16.71,0.8,$20.63,0.65,$2.18,6.16,$0.35B,$0.29B,1.19,$1.98B,$0.56B,3.52,$0.44B,$0.44B,100.00%,$0.44B,$0.25B,57.24%,$0.44B,$0.25B,57.24%,$0.44B,$0.44B,98.87%,$0.44B,$0.07B,15.16%,$0.44B,$0.06B,13.80%,$0.06B,$0.56B,11.85%,$0.06B,$0.56B,11.85%,$0.06B,$2.91B,2.02%,$0.25B,$2.55B,9.60%,$114,$1,$113,$0,$10,$46,$69,$-31,$38,$5,$33,$33,$33,$113,$69,$28,28,$1.17,$1.17,$345,$0,$0,$349,$0,$7,$0,$28,$41,$2906,$292,$1982,$69,$2051,$2343,$0,$109,$0,$563,$2906,$33,$44,$0,$44,$0,$0,$0,$0,$2,$50,$31,$0,$0,$0,$0,$0,$-5,$27,$0,$-39,$-0,$0,$0,$-7,$3,$-43,$34,$0,$0
23,2012-12-31,10.05,$0.00,0.0,$16.69,0.6,$18.55,0.54,$1.79,5.61,$0.30B,$0.26B,1.17,$2.05B,$0.53B,3.86,$0.43B,$0.43B,100.00%,$0.43B,$0.24B,56.35%,$0.43B,$0.24B,56.35%,$0.43B,$0.43B,99.08%,$0.43B,$0.05B,12.01%,$0.43B,$0.05B,11.09%,$0.05B,$0.53B,9.80%,$0.05B,$0.53B,9.80%,$0.05B,$2.97B,1.55%,$0.24B,$2.58B,9.04%,$131,$-6,$137,$0,$18,$46,$85,$-55,$30,$-1,$31,$31,$31,$167,$85,$26,26,$1.18,$1.17,$301,$0,$0,$304,$0,$6,$0,$32,$48,$2969,$259,$2052,$126,$2178,$2437,$0,$83,$0,$532,$2969,$48,$184,$-64,$184,$0,$0,$0,$12,$20,$180,$17,$0,$6,$0,$56,$50,$-17,$56,$-301,$0,$-388,$24,$24,$-23,$232,$-155,$81,$4,$-23
24,2012-09-30,10.84,$0.00,0.0,$15.36,0.71,$10.98,0.99,$0.26,41.69,$0.28B,$0.32B,0.89,$2.14B,$0.48B,4.47,$0.40B,$0.39B,98.24%,$0.40B,$0.21B,53.65%,$0.40B,$0.21B,53.65%,$0.40B,$0.32B,79.60%,$0.40B,$0.02B,3.78%,$0.40B,$0.01B,2.02%,$0.01B,$0.48B,1.71%,$0.01B,$0.48B,1.71%,$0.01B,$3.01B,0.25%,$0.21B,$2.61B,7.76%,$86,$3,$83,$0,$15,$53,$34,$-65,$-31,$-2,$-29,$-29,$-29,$68,$34,$26,26,$-1.15,$-1.15,$282,$0,$0,$282,$0,$16,$0,$31,$47,$3008,$318,$2137,$74,$2212,$2530,$0,$58,$0,$478,$3008,$17,$103,$0,$103,$0,$0,$0,$0,$15,$148,$-0,$0,$0,$0,$0,$5,$-12,$-7,$0,$0,$-207,$0,$0,$-16,$115,$-108,$33,$0,$0
25,2012-06-30,9.61,$0.00,0.0,$13.92,0.69,$6.83,1.41,$1.54,6.24,$0.48B,$0.30B,1.61,$2.31B,$0.49B,4.74,$0.36B,$0.36B,98.89%,$0.36B,$0.20B,55.83%,$0.36B,$0.20B,55.83%,$0.36B,$0.30B,81.94%,$0.36B,$0.05B,13.89%,$0.36B,$0.04B,11.11%,$0.04B,$0.49B,8.69%,$0.04B,$0.49B,8.69%,$0.04B,$3.20B,1.37%,$0.20B,$2.79B,7.98%,$111,$2,$109,$0,$9,$45,$65,$-35,$30,$4,$26,$26,$26,$89,$65,$26,26,$1.00,$0.99,$480,$0,$0,$482,$0,$17,$0,$22,$39,$3200,$298,$2308,$105,$2415,$2713,$0,$94,$0,$486,$3200,$46,$68,$0,$68,$0,$0,$0,$0,$1,$92,$23,$0,$0,$0,$0,$2,$-2,$24,$0,$0,$-27,$0,$0,$-11,$29,$-9,$107,$0,$0
26,2012-03-31,9.47,$0.00,0.0,$11.78,0.8,$2.87,3.31,$0.71,13.34,$0.41B,$0.30B,1.37,$2.34B,$0.46B,5.04,$0.30B,$0.30B,98.68%,$0.30B,$0.16B,52.30%,$0.30B,$0.16B,52.30%,$0.30B,$0.25B,83.55%,$0.30B,$0.03B,8.22%,$0.30B,$0.02B,5.92%,$0.02B,$0.46B,3.96%,$0.02B,$0.46B,3.96%,$0.02B,$3.21B,0.69%,$0.16B,$2.80B,7.16%,$105,$1,$104,$0,$9,$44,$60,$-37,$23,$3,$20,$20,$20,$105,$60,$26,26,$0.78,$0.78,$408,$0,$0,$410,$0,$17,$0,$27,$46,$3211,$298,$2338,$111,$2449,$2747,$0,$73,$0,$464,$3211,$20,$45,$0,$45,$0,$0,$0,$0,$-0,$46,$-26,$0,$0,$0,$0,$0,$-1,$-27,$0,$0,$-81,$0,$0,$-5,$143,$57,$76,$0,$0
27,2011-12-31,9.57,$0.00,0.0,$9.61,1.0,$1.41,6.79,$0.03,319.04,$0.38B,$0.03B,12.55,$2.33B,$0.44B,5.25,$0.25B,$0.24B,97.99%,$0.25B,$0.12B,48.59%,$0.25B,$0.12B,48.59%,$0.25B,$0.20B,78.31%,$0.25B,$0.01B,2.01%,$0.25B,$0.00B,0.40%,$0.00B,$0.44B,0.22%,$0.00B,$0.44B,0.22%,$0.00B,$3.20B,0.04%,$0.12B,$2.77B,6.21%,$95,$0,$94,$0,$8,$41,$54,$-45,$-7,$2,$-9,$-9,$-9,$54,$54,$26,26,$-0.36,$-0.36,$381,$0,$0,$384,$0,$15,$0,$32,$53,$3198,$31,$2326,$399,$2725,$2755,$0,$58,$0,$443,$3198,$0,$0,$0,$0,$0,$0,$0,$0,$0,$0,$0,$0,$0,$0,$0,$0,$0,$0,$0,$0,$0,$0,$0,$0,$0,$0,$0,$0,$0
28,2011-09-30,8.54,$0.00,0.0,$8.17,1.05,$7.94,1.08,$0.78,10.95,$0.39B,$0.05B,7.86,$1.25B,$0.45B,2.79,$0.21B,$0.21B,97.20%,$0.21B,$0.10B,45.79%,$0.21B,$0.10B,45.79%,$0.21B,$0.20B,92.06%,$0.21B,$0.02B,11.21%,$0.21B,$0.02B,9.81%,$0.02B,$0.45B,4.53%,$0.02B,$0.45B,4.53%,$0.02B,$2.03B,1.05%,$0.10B,$1.70B,5.89%,$49,$0,$49,$0,$6,$27,$22,$-18,$4,$1,$3,$3,$3,$47,$22,$26,26,$0.13,$0.13,$392,$0,$0,$394,$0,$15,$0,$16,$34,$2028,$50,$1254,$274,$1529,$1579,$0,$73,$0,$449,$2028,$10,$74,$0,$74,$0,$0,$0,$0,$-0,$82,$-42,$0,$0,$0,$0,$-28,$125,$55,$0,$29,$-0,$0,$-13,$-16,$38,$39,$66,$0,$0
29,2011-06-30,9.81,$0.00,0.0,$8.55,1.15,$12.60,0.78,$1.10,8.92,$0.35B,$0.05B,6.66,$1.15B,$0.46B,2.49,$0.23B,$0.22B,96.93%,$0.23B,$0.11B,47.81%,$0.23B,$0.11B,47.81%,$0.23B,$0.18B,80.26%,$0.23B,$0.04B,15.35%,$0.23B,$0.03B,13.16%,$0.03B,$0.46B,6.47%,$0.03B,$0.46B,6.47%,$0.03B,$2.00B,1.50%,$0.11B,$1.61B,6.54%,$55,$3,$53,$0,$8,$32,$23,$-18,$5,$1,$4,$4,$4,$48,$23,$26,26,$0.16,$0.16,$344,$0,$0,$346,$0,$15,$0,$16,$33,$1999,$52,$1149,$337,$1486,$1537,$0,$74,$0,$462,$1999,$7,$49,$0,$49,$0,$0,$0,$0,$-0,$55,$-42,$0,$0,$0,$0,$-28,$16,$-54,$0,$0,$33,$0,$-13,$-11,$13,$23,$23,$0,$0
30,2011-03-31,10.09,$0.00,0.0,$8.60,1.17,$12.10,0.83,$1.40,7.21,$0.31B,$0.02B,18.7,$1.24B,$0.47B,2.65,$0.24B,$0.23B,97.88%,$0.24B,$0.12B,50.85%,$0.24B,$0.12B,50.85%,$0.24B,$0.17B,71.61%,$0.24B,$0.05B,19.07%,$0.24B,$0.04B,16.53%,$0.04B,$0.47B,8.37%,$0.04B,$0.47B,8.37%,$0.04B,$1.99B,1.95%,$0.12B,$1.71B,7.06%,$50,$1,$48,$0,$6,$28,$22,$-16,$3,$1,$3,$3,$3,$46,$22,$26,27,$0.10,$0.10,$306,$0,$0,$307,$0,$27,$0,$19,$48,$1992,$16,$1243,$263,$1506,$1522,$0,$75,$0,$470,$1992,$3,$24,$0,$24,$0,$0,$0,$0,$-3,$24,$-42,$0,$0,$0,$0,$-16,$-1,$-59,$0,$0,$27,$0,$-13,$-5,$2,$11,$-24,$0,$0
31,2010-12-31,9.83,$0.00,0.0,$8.96,1.1,$13.75,0.71,$1.85,5.31,$0.33B,$0.05B,6.24,$1.16B,$0.48B,2.44,$0.25B,$0.25B,98.43%,$0.25B,$0.14B,54.72%,$0.25B,$0.14B,54.72%,$0.25B,$0.19B,74.41%,$0.25B,$0.06B,24.80%,$0.25B,$0.05B,20.87%,$0.05B,$0.48B,11.26%,$0.05B,$0.48B,11.26%,$0.05B,$1.98B,2.64%,$0.14B,$1.63B,8.15%,$60,$2,$58,$0,$6,$29,$31,$-19,$12,$2,$11,$11,$11,$56,$31,$27,27,$0.39,$0.39,$329,$0,$0,$330,$0,$10,$0,$22,$35,$1978,$53,$1158,$293,$1450,$1503,$0,$78,$0,$475,$1978,$53,$99,$0,$99,$0,$0,$0,$0,$-8,$115,$59,$0,$0,$0,$0,$-8,$-4,$47,$0,$0,$-0,$0,$-35,$-23,$-36,$-94,$68,$0,$0
32,2010-09-30,9.3,$0.00,0.0,$8.91,1.04,$11.80,0.79,$1.91,4.87,$0.36B,$0.01B,30.88,$1.27B,$0.45B,2.83,$0.26B,$0.26B,98.85%,$0.26B,$0.15B,56.92%,$0.26B,$0.15B,56.92%,$0.26B,$0.20B,76.54%,$0.26B,$0.07B,26.15%,$0.26B,$0.06B,21.54%,$0.06B,$0.45B,11.83%,$0.06B,$0.45B,11.83%,$0.06B,$2.01B,2.77%,$0.15B,$1.71B,8.55%,$63,$1,$62,$0,$7,$29,$33,$-19,$15,$2,$12,$12,$12,$33,$33,$27,27,$0.45,$0.45,$361,$0,$0,$362,$0,$11,$0,$24,$43,$2006,$12,$1266,$280,$1547,$1558,$0,$73,$0,$448,$2006,$42,$75,$0,$75,$0,$0,$0,$0,$-9,$84,$86,$0,$0,$0,$0,$-9,$-3,$75,$0,$0,$17,$0,$-35,$-17,$-105,$-141,$18,$0,$0
33,2010-06-30,7.17,$0.00,0.0,$8.85,0.81,$8.86,0.81,$1.94,3.7,$0.27B,$0.01B,21.39,$1.27B,$0.47B,2.7,$0.27B,$0.26B,98.87%,$0.27B,$0.16B,58.87%,$0.27B,$0.16B,58.87%,$0.27B,$0.21B,78.11%,$0.27B,$0.07B,26.79%,$0.27B,$0.06B,21.89%,$0.06B,$0.47B,12.16%,$0.06B,$0.47B,12.16%,$0.06B,$2.02B,2.86%,$0.16B,$1.74B,8.97%,$63,$1,$63,$0,$8,$29,$34,$-19,$15,$2,$13,$13,$13,$34,$34,$29,29,$0.46,$0.46,$261,$0,$0,$266,$0,$9,$0,$27,$43,$2015,$12,$1269,$264,$1532,$1545,$0,$66,$0,$470,$2015,$0,$0,$0,$0,$0,$0,$0,$0,$0,$0,$0,$0,$0,$0,$0,$0,$0,$0,$0,$0,$0,$0,$0,$0,$0,$0,$0,$0,$0
34,2010-03-31,7.09,$0.00,0.0,$8.79,0.81,$8.86,0.8,$1.94,3.65,$0.28B,$0.01B,20.76,$1.25B,$0.49B,2.54,$0.27B,$0.26B,98.50%,$0.27B,$0.16B,59.55%,$0.27B,$0.16B,59.55%,$0.27B,$0.21B,78.65%,$0.27B,$0.07B,27.34%,$0.27B,$0.06B,22.10%,$0.06B,$0.49B,12.39%,$0.06B,$0.49B,12.39%,$0.06B,$2.04B,2.90%,$0.16B,$1.74B,9.06%,$68,$1,$67,$0,$5,$27,$41,$-20,$21,$4,$17,$17,$17,$66,$41,$30,30,$0.55,$0.55,$270,$0,$0,$276,$0,$0,$0,$24,$32,$2035,$13,$1245,$287,$1532,$1545,$0,$58,$0,$490,$2035,$17,$25,$0,$25,$0,$0,$0,$0,$-2,$30,$0,$0,$0,$0,$0,$0,$-0,$-0,$0,$13,$0,$0,$0,$-6,$-2,$5,$34,$0,$0
35,2009-12-31,6.04,$0.00,0.0,$9.91,0.61,$8.99,0.67,$2.84,2.13,$0.24B,$0.06B,4.28,$1.25B,$0.49B,2.58,$0.31B,$0.30B,98.70%,$0.31B,$0.20B,64.94%,$0.31B,$0.20B,64.94%,$0.31B,$0.25B,80.84%,$0.31B,$0.11B,36.69%,$0.31B,$0.09B,28.90%,$0.09B,$0.49B,19.23%,$0.09B,$0.49B,19.23%,$0.09B,$2.02B,4.38%,$0.20B,$1.74B,11.36%,$66,$1,$65,$0,$5,$26,$40,$-23,$17,$4,$14,$14,$14,$66,$40,$30,30,$0.45,$0.45,$235,$0,$0,$239,$0,$0,$0,$26,$36,$2024,$56,$1252,$232,$1484,$1540,$0,$48,$0,$485,$2024,$89,$101,$0,$101,$0,$0,$0,$0,$8,$138,$0,$0,$0,$0,$0,$0,$-7,$-7,$0,$-59,$0,$0,$-9,$-25,$1,$-92,$39,$0,$0
36,2009-09-30,6.3,$0.00,0.0,$9.54,0.66,$-5.76,0.0,$2.67,2.36,$0.22B,$0.05B,4.11,$1.28B,$0.46B,2.76,$0.30B,$0.30B,98.35%,$0.30B,$0.19B,63.70%,$0.30B,$0.19B,63.70%,$0.30B,$0.24B,79.54%,$0.30B,$0.11B,35.31%,$0.30B,$0.08B,27.72%,$0.08B,$0.46B,19.15%,$0.08B,$0.46B,19.15%,$0.08B,$2.03B,4.10%,$0.19B,$1.74B,10.84%,$68,$0,$67,$0,$5,$26,$41,$-24,$18,$3,$14,$14,$14,$41,$41,$30,30,$0.48,$0.48,$208,$0,$0,$217,$0,$0,$0,$30,$46,$2032,$53,$1280,$236,$1516,$1569,$0,$40,$0,$463,$2032,$75,$75,$0,$75,$0,$0,$0,$0,$0,$100,$0,$0,$0,$0,$0,$0,$-6,$-6,$0,$-47,$0,$0,$-9,$-19,$2,$-73,$21,$0,$0
37,2009-06-30,4.98,$0.00,0.0,$9.28,0.54,$-20.21,0.0,$2.67,1.86,$0.20B,$0.02B,12.07,$1.34B,$0.47B,2.87,$0.30B,$0.30B,98.34%,$0.30B,$0.19B,63.79%,$0.30B,$0.19B,63.79%,$0.30B,$0.26B,87.04%,$0.30B,$0.11B,35.55%,$0.30B,$0.09B,28.57%,$0.09B,$0.47B,19.35%,$0.09B,$0.47B,19.35%,$0.09B,$2.04B,4.17%,$0.19B,$1.80B,10.50%,$65,$0,$64,$0,$5,$27,$37,$-20,$17,$3,$14,$14,$14,$37,$37,$30,30,$0.46,$0.46,$192,$0,$0,$199,$0,$0,$0,$35,$53,$2042,$17,$1337,$223,$1560,$1577,$0,$32,$0,$466,$2042,$0,$0,$0,$0,$0,$0,$0,$0,$0,$0,$0,$0,$0,$0,$0,$0,$0,$0,$0,$0,$0,$0,$0,$0,$0,$0,$0,$0,$0
38,2009-03-31,2.64,$0.00,0.0,$8.86,0.3,$-32.02,0.0,$2.54,1.04,$0.16B,$0.02B,9.14,$1.32B,$0.44B,3.03,$0.29B,$0.29B,98.29%,$0.29B,$0.19B,63.82%,$0.29B,$0.19B,63.82%,$0.29B,$0.28B,94.88%,$0.29B,$0.10B,34.81%,$0.29B,$0.08B,28.33%,$0.08B,$0.44B,18.37%,$0.08B,$0.44B,18.37%,$0.08B,$2.03B,4.04%,$0.19B,$1.76B,10.15%,$109,$1,$108,$0,$6,$27,$82,$-21,$61,$14,$47,$47,$47,$105,$82,$32,32,$1.45,$1.45,$154,$0,$3,$162,$0,$0,$0,$29,$55,$2027,$18,$1324,$248,$1572,$1590,$0,$24,$0,$437,$2027,$47,$23,$0,$23,$0,$0,$0,$0,$1,$36,$0,$0,$0,$0,$0,$0,$-4,$-4,$0,$-49,$0,$0,$0,$-6,$0,$-55,$-22,$0,$0
39,2008-12-31,4.03,$0.00,0.0,$7.04,0.57,$-42.66,0.0,$1.44,2.8,$0.18B,$0.02B,7.5,$1.42B,$0.39B,3.66,$0.24B,$0.23B,98.31%,$0.24B,$0.14B,57.63%,$0.24B,$0.14B,57.63%,$0.24B,$0.22B,93.64%,$0.24B,$0.05B,22.88%,$0.24B,$0.05B,20.34%,$0.05B,$0.39B,10.46%,$0.05B,$0.39B,10.46%,$0.05B,$2.09B,2.37%,$0.14B,$1.81B,7.40%,$61,$2,$59,$0,$5,$27,$33,$-23,$11,$1,$9,$9,$9,$58,$33,$33,33,$0.28,$0.28,$170,$0,$0,$175,$0,$0,$0,$40,$81,$2086,$23,$1424,$250,$1673,$1697,$0,$-17,$0,$389,$2086,$48,$84,$0,$84,$0,$0,$0,$0,$-6,$111,$-452,$0,$0,$0,$0,$0,$-19,$-471,$0,$-25,$0,$0,$-7,$-67,$499,$401,$41,$0,$0
40,2008-09-30,5.17,$0.00,0.0,$6.23,0.83,$-32.48,0.0,$1.29,4.01,$0.17B,$0.02B,7.73,$1.45B,$0.49B,2.98,$0.21B,$0.21B,99.04%,$0.21B,$0.14B,65.38%,$0.21B,$0.14B,65.38%,$0.21B,$0.20B,94.23%,$0.21B,$0.08B,36.54%,$0.21B,$0.04B,20.67%,$0.04B,$0.49B,8.88%,$0.04B,$0.49B,8.88%,$0.04B,$2.10B,2.27%,$0.14B,$1.93B,7.76%,$66,$1,$65,$0,$5,$26,$40,$-21,$18,$2,$16,$16,$16,$62,$40,$33,33,$0.48,$0.48,$165,$0,$0,$170,$0,$0,$0,$42,$72,$2099,$22,$1448,$143,$1591,$1613,$0,$-9,$0,$486,$2099,$39,$59,$0,$59,$0,$0,$0,$0,$-7,$79,$-452,$0,$-54,$0,$0,$0,$20,$-486,$0,$0,$0,$0,$-2,$-50,$482,$430,$23,$0,$0
41,2008-06-30,5.31,$0.00,0.0,$4.25,1.25,$-21.33,0.0,$0.81,6.56,$0.13B,$0.02B,7.79,$1.37B,$0.50B,2.77,$0.14B,$0.14B,99.30%,$0.14B,$0.10B,66.90%,$0.14B,$0.10B,66.90%,$0.14B,$0.13B,93.66%,$0.14B,$0.06B,39.44%,$0.14B,$0.03B,17.61%,$0.03B,$0.50B,7.04%,$0.03B,$0.50B,7.04%,$0.03B,$2.01B,1.81%,$0.10B,$1.87B,7.53%,$57,$1,$56,$0,$5,$25,$32,$-20,$12,$1,$11,$11,$11,$53,$32,$34,34,$0.33,$0.33,$126,$0,$0,$129,$0,$0,$0,$38,$70,$2005,$17,$1371,$123,$1494,$1511,$0,$-9,$0,$495,$2005,$23,$37,$0,$37,$0,$0,$0,$0,$-4,$52,$-449,$0,$0,$0,$0,$0,$-0,$-449,$0,$0,$0,$0,$2,$-34,$440,$408,$11,$0,$0
