,Date,Stock Price,Book Value per Share,Price to Book Ratio,TTM Sales per Share,Price to Sales Ratio,TTM FCF per Share,Price to FCF Ratio,TTM Net EPS,PE Ratio,Current Assets,Current Liabilities,Current Ratio,Long Term Debt,Shareholder's Equity_x,Debt to Equity Ratio,TTM Revenue_x,TTM Gross Profit,Gross Margin,TTM Revenue_y,TTM Operating Income,Operating Margin,TTM Revenue_x,TTM EBIT,EBIT Margin,TTM Revenue_y,TTM EBITDA,EBITDA Margin,TTM Revenue_x,TTM Pre-Tax Income,Pre-Tax Margin,TTM Revenue_y,TTM Net Income_x,Net Margin,TTM Net Income_y,Shareholder's Equity_y,Return on Equity,TTM Net Income_x,Tangible Equity,Return on Tangible Equity,TTM Net Income_y,Total Assets,Return on Assets,TTM Net Income,LT Investments & Debt,Return on Investment,revenue,cost-goods-sold,gross-profit,research-development-expenses,selling-general-administrative-expenses,operating-expenses,operating-income,total-non-operating-income-expense,pre-tax-income,total-provision-income-taxes,income-after-taxes,income-from-continuous-operations,net-income,ebitda,ebit,basic-shares-outstanding,shares-outstanding,eps-basic-net-earnings-per-share,eps-earnings-per-share-diluted,cash-on-hand,inventory,other-current-assets,total-current-assets,net-property-plant-equipment,long-term-investments,goodwill-intangible-assets-total,other-long-term-assets,total-long-term-assets,total-assets,total-current-liabilities,long-term-debt,other-non-current-liabilities,total-long-term-liabilities,total-liabilities,common-stock-net,retained-earnings-accumulated-deficit,comprehensive-income,total-share-holder-equity,total-liabilities-share-holders-equity,net-income-loss,total-depreciation-amortization-cash-flow,other-non-cash-items,total-non-cash-items,change-in-accounts-receivable,change-in-inventories,change-in-accounts-payable,change-in-assets-liabilities,total-change-in-assets-liabilities,cash-flow-from-operating-activities,net-change-in-property-plant-equipment,net-change-in-intangible-assets,net-acquisitions-divestitures,net-change-in-short-term-investments,net-change-in-long-term-investments,net-change-in-investments-total,investing-activities-other,cash-flow-from-investing-activities,net-long-term-debt,net-current-debt,debt-issuance-retirement-net-total,net-common-equity-issued-repurchased,net-total-equity-issued-repurchased,total-common-preferred-stock-dividends-paid,financial-activities-other,cash-flow-from-financial-activities,net-cash-flow,stock-based-compensation,common-stock-dividends-paid
0,2018-09-30,26.59,$18.61,1.43,$6.82,3.9,$5.64,4.71,$1.16,22.92,$11.48B,$11.78B,0.98,$1.27B,$1.92B,0.66,$0.70B,$0.64B,92.09%,$0.70B,$0.20B,28.06%,$0.70B,0,0.00%,$0.70B,0,0.00%,$0.70B,$0.19B,26.76%,$0.70B,$0.12B,16.83%,$0.12B,$1.92B,6.21%,$0.12B,$1.17B,10.35%,$0.12B,$14.96B,0.80%,$0.20B,$3.19B,6.48%,$185,$18,$168,$0,$108,$125,$60,$-0,$60,$7,$53,$53,$53,$0,$0,$102,102,$0.52,$0.52,$297,$0,$0,$11479,$126,$2309,$751,$296,$3483,$14962,$11775,$1269,$0,$1269,$13044,$1,$1164,$-75,$1918,$14962,$116,$29,$47,$76,$-1,$0,$-2,$0,$-3,$190,$-20,$0,$0,$0,$-379,$-379,$-636,$-1035,$359,$0,$359,$0,$0,$-33,$470,$795,$-50,$9,$-33
1,2018-06-30,25.47,$18.28,1.39,$6.71,3.79,$3.50,7.28,$1.01,25.22,$11.38B,$11.76B,0.97,$1.18B,$1.88B,0.63,$0.68B,$0.64B,92.97%,$0.68B,$0.19B,27.96%,$0.68B,0,0.00%,$0.68B,0,0.00%,$0.68B,$0.18B,26.65%,$0.68B,$0.10B,14.93%,$0.10B,$1.88B,5.45%,$0.10B,$1.13B,9.13%,$0.10B,$14.82B,0.71%,$0.19B,$3.06B,6.58%,$179,$15,$164,$0,$125,$140,$39,$0,$39,$10,$30,$30,$29,$0,$0,$102,102,$0.29,$0.29,$374,$0,$0,$11375,$127,$2267,$753,$296,$3443,$14818,$11758,$1176,$0,$1176,$12935,$1,$1122,$-64,$1884,$14818,$63,$20,$36,$55,$22,$0,$16,$0,$38,$156,$-17,$0,$0,$0,$-320,$-320,$-471,$-808,$266,$0,$266,$0,$0,$-22,$435,$679,$28,$6,$-22
2,2018-03-31,24.49,$18.13,1.35,$6.65,3.68,$2.94,8.33,$1.06,23.1,$11.04B,$11.37B,0.97,$1.15B,$1.87B,0.61,$0.68B,$0.63B,93.93%,$0.68B,$0.21B,30.81%,$0.68B,0,0.00%,$0.68B,0,0.00%,$0.68B,$0.20B,29.33%,$0.68B,$0.11B,16.00%,$0.11B,$1.87B,5.81%,$0.11B,$1.11B,9.77%,$0.11B,$14.38B,0.76%,$0.21B,$3.02B,7.41%,$167,$13,$154,$0,$111,$124,$43,$0,$43,$10,$34,$34,$33,$0,$0,$102,102,$0.33,$0.33,$235,$0,$0,$11037,$126,$2163,$755,$299,$3343,$14380,$11365,$1146,$0,$1146,$12511,$1,$1104,$-58,$1869,$14380,$34,$10,$17,$27,$7,$0,$-31,$0,$-24,$36,$-7,$0,$0,$0,$-204,$-204,$-251,$-461,$236,$0,$236,$0,$0,$-10,$89,$314,$-112,$3,$-10
3,2017-12-31,23.8,$18.16,1.31,$6.64,3.59,$2.71,8.78,$0.96,24.79,$10.93B,$11.30B,0.97,$0.91B,$1.87B,0.49,$0.67B,$0.64B,94.49%,$0.67B,$0.22B,32.29%,$0.67B,0,0.00%,$0.67B,0,0.00%,$0.67B,$0.19B,28.13%,$0.67B,$0.10B,14.58%,$0.10B,$1.87B,5.32%,$0.10B,$1.11B,8.99%,$0.10B,$14.08B,0.70%,$0.22B,$2.78B,8.07%,$164,$10,$154,$0,$101,$112,$53,$0,$44,$42,$2,$2,$2,$0,$0,$101,101,$0.02,$0.02,$367,$0,$0,$10931,$123,$1968,$755,$301,$3147,$14077,$11302,$910,$0,$910,$12212,$1,$1075,$-33,$1865,$14077,$98,$39,$36,$75,$119,$-3,$-56,$0,$61,$235,$2,$0,$42,$0,$247,$247,$-436,$-146,$-164,$0,$-164,$0,$0,$-37,$197,$-4,$84,$11,$-37
4,2017-09-30,23.12,$18.16,1.27,$6.72,3.44,$3.58,6.46,$1.19,19.43,$11.27B,$11.51B,0.98,$0.90B,$1.87B,0.48,$0.64B,$0.61B,94.57%,$0.64B,$0.21B,32.30%,$0.64B,0,0.00%,$0.64B,0,0.00%,$0.64B,$0.18B,27.17%,$0.64B,$0.12B,18.17%,$0.12B,$1.87B,6.92%,$0.12B,$1.12B,11.31%,$0.12B,$14.27B,0.88%,$0.21B,$2.76B,8.07%,$173,$10,$163,$0,$107,$117,$56,$-0,$56,$18,$38,$38,$38,$0,$0,$102,102,$0.37,$0.37,$447,$0,$0,$11269,$131,$1817,$750,$300,$2999,$14267,$11506,$896,$0,$896,$12402,$1,$1083,$-38,$1865,$14267,$96,$30,$25,$55,$-190,$-3,$-8,$0,$-201,$-50,$1,$0,$42,$0,$400,$400,$-375,$68,$-178,$0,$-178,$0,$0,$-27,$352,$147,$165,$9,$-27
5,2017-06-30,22.92,$17.88,1.28,$6.81,3.37,$7.08,3.24,$1.17,19.59,$10.78B,$11.30B,0.96,$0.83B,$1.84B,0.45,$0.62B,$0.58B,94.80%,$0.62B,$0.20B,32.03%,$0.62B,0,0.00%,$0.62B,0,0.00%,$0.62B,$0.16B,26.50%,$0.62B,$0.11B,17.40%,$0.11B,$1.84B,6.94%,$0.11B,$1.08B,10.90%,$0.11B,$13.97B,0.84%,$0.20B,$2.67B,8.07%,$171,$9,$163,$0,$107,$116,$56,$-1,$55,$20,$35,$35,$35,$0,$0,$102,102,$0.34,$0.34,$304,$0,$0,$10784,$136,$1992,$752,$305,$3185,$13969,$11298,$834,$0,$834,$12132,$1,$1056,$-37,$1837,$13969,$58,$20,$17,$37,$-5,$-2,$-7,$0,$-14,$81,$0,$0,$42,$0,$229,$229,$-217,$54,$-240,$0,$-240,$0,$0,$-16,$143,$-113,$22,$6,$-16
6,2017-03-31,23.18,$17.56,1.32,$6.79,3.41,$6.96,3.33,$1.14,20.33,$10.57B,$11.23B,0.94,$0.74B,$1.81B,0.41,$0.58B,$0.55B,94.81%,$0.58B,$0.18B,31.14%,$0.58B,0,0.00%,$0.58B,0,0.00%,$0.58B,$0.15B,25.26%,$0.58B,$0.10B,16.78%,$0.10B,$1.81B,6.95%,$0.10B,$1.05B,10.42%,$0.10B,$13.77B,0.81%,$0.18B,$2.55B,8.04%,$164,$9,$155,$0,$103,$111,$52,$-19,$34,$11,$23,$23,$23,$0,$0,$100,100,$0.23,$0.23,$268,$0,$0,$10571,$141,$2001,$755,$306,$3203,$13773,$11226,$743,$0,$743,$11969,$1,$1030,$-40,$1805,$13773,$23,$10,$7,$17,$4,$-1,$-35,$0,$-32,$8,$-2,$0,$42,$0,$216,$216,$-38,$217,$-331,$0,$-331,$0,$0,$-7,$100,$-238,$-13,$3,$-7
7,2016-12-31,24.6,$15.46,1.59,$6.75,3.65,$7.01,3.51,$1.14,21.58,$8.73B,$9.09B,0.96,$1.07B,$1.26B,0.85,$0.54B,$0.51B,94.97%,$0.54B,$0.16B,29.61%,$0.54B,0,0.00%,$0.54B,0,0.00%,$0.54B,$0.14B,25.70%,$0.54B,$0.09B,17.13%,$0.09B,$1.26B,7.36%,$0.09B,$0.89B,10.43%,$0.09B,$11.42B,0.82%,$0.16B,$2.33B,7.73%,$136,$8,$128,$0,$84,$92,$44,$-8,$30,$9,$21,$21,$21,$0,$0,$80,80,$0.25,$0.25,$280,$0,$0,$8726,$83,$2001,$367,$246,$2696,$11423,$9092,$1074,$0,$1074,$10165,$1,$1017,$-41,$1257,$11423,$92,$32,$28,$60,$-77,$-1,$47,$0,$-31,$122,$134,$0,$57,$0,$-535,$-535,$-705,$-1049,$704,$0,$704,$0,$0,$-29,$133,$809,$-119,$8,$-29
8,2016-09-30,18.81,$15.61,1.21,$6.61,2.84,$5.72,3.29,$1.10,17.1,$8.84B,$9.36B,0.95,$0.95B,$1.27B,0.75,$0.52B,$0.50B,95.02%,$0.52B,$0.15B,27.97%,$0.52B,0,0.00%,$0.52B,0,0.00%,$0.52B,$0.13B,25.10%,$0.52B,$0.09B,16.67%,$0.09B,$1.27B,7.12%,$0.09B,$0.90B,10.10%,$0.09B,$11.58B,0.81%,$0.15B,$2.22B,7.88%,$144,$7,$137,$0,$92,$99,$45,$-1,$44,$16,$28,$28,$28,$0,$0,$80,80,$0.35,$0.35,$520,$0,$0,$8843,$82,$2038,$368,$247,$2735,$11578,$9360,$949,$0,$949,$10309,$1,$1003,$-13,$1269,$11578,$0,$0,$0,$0,$0,$0,$0,$0,$0,$105,$138,$0,$57,$0,$-527,$-527,$-622,$-953,$580,$0,$580,$-2,$-2,$-22,$413,$969,$120,$0,$-22
9,2016-06-30,16.98,$15.38,1.1,$6.37,2.66,$3.83,4.43,$1.05,16.17,$8.40B,$9.13B,0.92,$0.61B,$1.25B,0.49,$0.50B,$0.47B,94.97%,$0.50B,$0.14B,27.16%,$0.50B,0,0.00%,$0.50B,0,0.00%,$0.50B,$0.12B,24.35%,$0.50B,$0.08B,16.50%,$0.08B,$1.25B,6.88%,$0.08B,$0.88B,9.76%,$0.08B,$11.00B,0.79%,$0.14B,$1.86B,8.05%,$134,$7,$128,$0,$89,$95,$39,$-1,$38,$13,$25,$25,$25,$0,$0,$80,80,$0.31,$0.31,$273,$0,$0,$8398,$141,$1839,$370,$248,$2598,$10996,$9132,$613,$0,$613,$9745,$1,$982,$-9,$1251,$10996,$0,$0,$0,$0,$0,$0,$0,$0,$0,$59,$-4,$0,$57,$0,$-317,$-317,$-427,$-691,$244,$0,$244,$0,$0,$-14,$276,$506,$-126,$0,$-14
10,2016-03-31,17.34,$15.06,1.15,$6.24,2.78,$3.91,4.43,$1.03,16.83,$8.28B,$8.92B,0.93,$0.59B,$1.23B,0.48,$0.48B,$0.46B,94.81%,$0.48B,$0.13B,26.76%,$0.48B,0,0.00%,$0.48B,0,0.00%,$0.48B,$0.12B,24.07%,$0.48B,$0.08B,16.39%,$0.08B,$1.23B,6.80%,$0.08B,$0.86B,9.66%,$0.08B,$10.73B,0.78%,$0.13B,$1.81B,8.11%,$123,$7,$117,$0,$85,$92,$31,$-5,$26,$8,$18,$18,$18,$0,$0,$78,78,$0.23,$0.23,$324,$0,$0,$8282,$141,$1688,$370,$249,$2447,$10729,$8916,$589,$0,$589,$9504,$1,$964,$-15,$1225,$10729,$0,$0,$0,$0,$0,$0,$0,$0,$0,$10,$-2,$0,$57,$0,$-173,$-173,$-267,$-384,$220,$0,$220,$0,$0,$-7,$86,$299,$-75,$0,$-7
11,2015-12-31,17.64,$14.70,1.2,$6.13,2.88,$4.25,4.15,$1.06,16.65,$7.67B,$8.22B,0.93,$0.37B,$1.15B,0.32,$0.47B,$0.45B,94.71%,$0.47B,$0.13B,26.85%,$0.47B,0,0.00%,$0.47B,0,0.00%,$0.47B,$0.12B,25.16%,$0.47B,$0.08B,17.12%,$0.08B,$1.15B,7.14%,$0.08B,$0.81B,10.13%,$0.08B,$9.73B,0.83%,$0.13B,$1.51B,8.47%,$121,$7,$114,$0,$84,$90,$31,$0,$23,$7,$16,$16,$16,$0,$0,$77,77,$0.20,$0.20,$398,$0,$0,$7665,$122,$1369,$339,$237,$2068,$9733,$8220,$366,$0,$366,$8586,$1,$954,$-28,$1146,$9733,$82,$24,$49,$73,$3,$1,$-1,$0,$3,$158,$-10,$0,$-16,$0,$-91,$-91,$-380,$-497,$26,$0,$26,$-0,$-0,$-27,$115,$114,$-225,$7,$-27
12,2015-09-30,16.71,$14.72,1.13,$6.07,2.75,$3.89,4.3,$1.04,16.07,$8.02B,$8.42B,0.95,$0.37B,$1.15B,0.32,$0.46B,$0.44B,95.04%,$0.46B,$0.13B,28.45%,$0.46B,0,0.00%,$0.46B,0,0.00%,$0.46B,$0.12B,25.00%,$0.46B,$0.08B,17.03%,$0.08B,$1.15B,7.04%,$0.08B,$0.82B,10.00%,$0.08B,$9.94B,0.82%,$0.13B,$1.52B,8.92%,$119,$6,$113,$0,$78,$85,$34,$0,$34,$11,$23,$23,$23,$0,$0,$77,77,$0.30,$0.30,$965,$0,$0,$8016,$127,$1214,$331,$247,$1919,$9935,$8416,$371,$0,$371,$8787,$1,$944,$-16,$1148,$9935,$0,$0,$0,$0,$0,$0,$0,$0,$0,$93,$-6,$0,$0,$0,$34,$34,$-199,$-170,$32,$0,$32,$-0,$-0,$-20,$407,$418,$341,$0,$-20
13,2015-06-30,17.98,$14.43,1.25,$6.06,2.97,$3.90,4.61,$0.99,18.16,$7.95B,$8.35B,0.95,$0.39B,$1.13B,0.35,$0.46B,$0.44B,94.99%,$0.46B,$0.13B,28.10%,$0.46B,0,0.00%,$0.46B,0,0.00%,$0.46B,$0.11B,23.75%,$0.46B,$0.07B,16.12%,$0.07B,$1.13B,6.74%,$0.07B,$0.79B,9.64%,$0.07B,$9.86B,0.78%,$0.13B,$1.52B,8.93%,$119,$6,$113,$0,$79,$85,$33,$0,$33,$11,$23,$23,$22,$0,$0,$77,77,$0.29,$0.29,$965,$0,$0,$7953,$129,$1205,$332,$243,$1910,$9863,$8348,$390,$0,$390,$8738,$1,$928,$-21,$1125,$9863,$0,$0,$0,$0,$0,$0,$0,$0,$0,$63,$-4,$0,$0,$0,$38,$38,$-117,$-83,$51,$0,$51,$0,$0,$-13,$323,$361,$341,$0,$-13
14,2015-03-31,16.39,$14.31,1.14,$5.91,2.77,$3.84,4.27,$0.95,17.25,$7.57B,$8.05B,0.94,$0.33B,$1.12B,0.3,$0.44B,$0.42B,95.03%,$0.44B,$0.12B,27.99%,$0.44B,0,0.00%,$0.44B,0,0.00%,$0.44B,$0.10B,23.25%,$0.44B,$0.07B,15.80%,$0.07B,$1.12B,6.50%,$0.07B,$0.78B,9.21%,$0.07B,$9.50B,0.77%,$0.12B,$1.45B,8.86%,$114,$6,$108,$0,$79,$85,$29,$0,$29,$9,$20,$20,$20,$0,$0,$77,77,$0.26,$0.26,$637,$0,$0,$7571,$129,$1216,$333,$249,$1927,$9499,$8050,$332,$0,$332,$8383,$1,$912,$-13,$1116,$9499,$0,$0,$0,$0,$0,$0,$0,$0,$0,$35,$-1,$0,$0,$0,$40,$40,$-73,$-34,$-7,$0,$-7,$0,$0,$-6,$25,$12,$13,$0,$-6
15,2014-12-31,16.06,$14.17,1.13,$5.74,2.8,$3.66,4.38,$0.93,17.27,$7.48B,$8.01B,0.93,$0.34B,$1.10B,0.31,$0.43B,$0.40B,94.84%,$0.43B,$0.12B,28.40%,$0.43B,0,0.00%,$0.43B,0,0.00%,$0.43B,$0.10B,23.47%,$0.43B,$0.07B,15.73%,$0.07B,$1.10B,6.37%,$0.07B,$0.77B,8.92%,$0.07B,$9.45B,0.76%,$0.12B,$1.44B,8.67%,$112,$5,$107,$0,$71,$77,$36,$-9,$20,$6,$15,$15,$14,$0,$0,$74,74,$0.18,$0.18,$624,$0,$0,$7479,$131,$1251,$334,$250,$1966,$9445,$8006,$339,$0,$339,$8344,$1,$900,$-16,$1101,$9445,$69,$27,$31,$58,$-24,$-0,$22,$0,$-1,$126,$-10,$0,$201,$0,$176,$176,$-257,$109,$-1,$0,$-1,$0,$0,$-23,$-192,$-216,$19,$6,$-23
16,2014-09-30,15.03,$13.94,1.08,$5.58,2.69,$3.82,3.93,$1.00,15.03,$7.35B,$7.72B,0.95,$0.32B,$1.05B,0.31,$0.41B,$0.39B,94.20%,$0.41B,$0.12B,28.99%,$0.41B,0,0.00%,$0.41B,0,0.00%,$0.41B,$0.11B,26.33%,$0.41B,$0.07B,17.39%,$0.07B,$1.05B,7.01%,$0.07B,$0.73B,9.73%,$0.07B,$9.10B,0.85%,$0.12B,$1.37B,8.63%,$114,$6,$108,$0,$77,$83,$31,$-4,$27,$9,$19,$19,$18,$0,$0,$74,74,$0.25,$0.25,$695,$0,$0,$7348,$123,$1060,$323,$242,$1748,$9096,$7723,$324,$0,$324,$8047,$1,$891,$-19,$1050,$9096,$0,$0,$0,$0,$0,$0,$0,$0,$0,$89,$-4,$0,$139,$0,$135,$135,$-277,$-7,$23,$0,$23,$-3,$-3,$-17,$4,$7,$89,$0,$-17
17,2014-06-30,15.83,$13.81,1.15,$5.81,2.73,$4.02,3.93,$1.14,13.89,$6.56B,$6.97B,0.94,$0.30B,$1.04B,0.28,$0.43B,$0.41B,94.42%,$0.43B,$0.14B,33.26%,$0.43B,0,0.00%,$0.43B,0,0.00%,$0.43B,$0.14B,31.63%,$0.43B,$0.08B,19.30%,$0.08B,$1.04B,8.20%,$0.08B,$0.76B,11.28%,$0.08B,$8.31B,0.99%,$0.14B,$1.34B,10.21%,$103,$6,$98,$0,$70,$75,$28,$-1,$27,$9,$19,$19,$18,$0,$0,$74,74,$0.25,$0.25,$496,$0,$0,$6555,$118,$1113,$275,$245,$1751,$8305,$6971,$295,$0,$295,$7266,$1,$879,$-15,$1039,$8305,$0,$0,$0,$0,$0,$0,$0,$0,$0,$56,$-4,$0,$0,$0,$86,$86,$-242,$-160,$-6,$0,$-6,$-3,$-3,$-11,$13,$-5,$-109,$0,$-11
18,2014-03-31,15.8,$13.56,1.17,$5.76,2.74,$4.24,3.72,$1.11,14.24,$6.53B,$6.89B,0.95,$0.42B,$1.02B,0.41,$0.43B,$0.40B,93.90%,$0.43B,$0.14B,32.63%,$0.43B,0,0.00%,$0.43B,0,0.00%,$0.43B,$0.13B,31.22%,$0.43B,$0.08B,19.01%,$0.08B,$1.02B,8.13%,$0.08B,$0.75B,11.27%,$0.08B,$8.33B,0.97%,$0.14B,$1.44B,9.84%,$97,$6,$91,$0,$65,$71,$26,$0,$26,$8,$18,$18,$17,$0,$0,$74,74,$0.24,$0.24,$610,$0,$0,$6528,$119,$1159,$276,$247,$1801,$8329,$6893,$415,$0,$415,$7308,$1,$866,$-20,$1020,$8329,$0,$0,$0,$0,$0,$0,$0,$0,$0,$22,$-2,$0,$0,$0,$44,$44,$-102,$-59,$-1,$0,$-1,$-3,$-3,$-5,$51,$43,$5,$0,$-5
19,2013-12-31,16.15,$13.34,1.21,$5.79,2.79,$4.36,3.7,$1.07,15.1,$6.41B,$6.84B,0.94,$0.42B,$1.00B,0.42,$0.43B,$0.40B,93.46%,$0.43B,$0.13B,31.31%,$0.43B,0,0.00%,$0.43B,0,0.00%,$0.43B,$0.13B,29.91%,$0.43B,$0.08B,18.22%,$0.08B,$1.00B,7.97%,$0.08B,$0.73B,11.13%,$0.08B,$8.25B,0.94%,$0.13B,$1.42B,9.58%,$100,$6,$93,$0,$58,$65,$35,$0,$29,$10,$19,$19,$19,$0,$0,$74,74,$0.25,$0.25,$605,$0,$0,$6414,$120,$1192,$276,$251,$1840,$8253,$6837,$415,$0,$415,$7252,$1,$854,$-27,$1001,$8253,$79,$26,$33,$59,$23,$-3,$-22,$0,$-2,$136,$-10,$0,$0,$0,$-35,$-35,$-327,$-372,$14,$0,$14,$0,$0,$-8,$100,$107,$-129,$6,$-8
20,2013-09-30,13.84,$13.14,1.05,$5.88,2.35,$4.93,2.81,$0.99,13.98,$6.46B,$7.10B,0.91,$0.43B,$0.99B,0.43,$0.43B,$0.41B,93.55%,$0.43B,$0.13B,28.80%,$0.43B,0,0.00%,$0.43B,0,0.00%,$0.43B,$0.12B,27.19%,$0.43B,$0.07B,16.59%,$0.07B,$0.99B,7.47%,$0.07B,$0.71B,10.52%,$0.07B,$8.52B,0.87%,$0.13B,$1.41B,9.06%,$130,$7,$124,$0,$69,$76,$54,$0,$54,$25,$29,$29,$29,$0,$0,$74,74,$0.39,$0.39,$916,$0,$0,$6455,$119,$1228,$277,$439,$2063,$8518,$7104,$427,$0,$427,$7531,$1,$840,$-26,$987,$8518,$0,$0,$0,$0,$0,$0,$0,$0,$0,$104,$-5,$0,$0,$0,$-62,$-62,$-213,$-280,$26,$0,$26,$-2,$-2,$-5,$339,$359,$183,$0,$-5
21,2013-06-30,12.56,$12.98,0.97,$5.54,2.27,$5.20,2.41,$-0.05,0.0,$6.19B,$6.96B,0.89,$0.41B,$0.98B,0.42,$0.41B,$0.38B,92.42%,$0.41B,$-0.02B,-3.67%,$0.41B,0,0.00%,$0.41B,0,0.00%,$0.41B,$-0.02B,-5.38%,$0.41B,$-0.01B,-1.22%,$-0.01B,$0.98B,-0.53%,$-0.01B,$0.70B,-0.75%,$-0.01B,$8.34B,-0.06%,$-0.02B,$1.39B,-1.10%,$99,$7,$92,$0,$68,$75,$24,$0,$24,$8,$16,$16,$16,$0,$0,$74,74,$0.22,$0.22,$800,$0,$0,$6192,$118,$1289,$279,$464,$2151,$8343,$6957,$411,$0,$411,$7369,$1,$814,$-10,$975,$8343,$0,$0,$0,$0,$0,$0,$0,$0,$0,$70,$-2,$0,$0,$0,$-128,$-128,$-74,$-205,$11,$0,$11,$-2,$-2,$-1,$195,$202,$68,$0,$-1
22,2013-03-31,12.12,$12.70,0.95,$5.55,2.18,$5.39,2.25,$-0.18,0.0,$5.86B,$6.68B,0.88,$0.42B,$0.95B,0.44,$0.41B,$0.38B,91.95%,$0.41B,$-0.03B,-7.80%,$0.41B,0,0.00%,$0.41B,0,0.00%,$0.41B,$-0.04B,-9.51%,$0.41B,$-0.02B,-3.66%,$-0.02B,$0.95B,-1.58%,$-0.02B,$0.67B,-2.24%,$-0.02B,$8.06B,-0.19%,$-0.03B,$1.38B,-2.34%,$99,$7,$91,$0,$70,$78,$21,$0,$21,$6,$15,$15,$14,$0,$0,$74,74,$0.20,$0.20,$569,$0,$0,$5861,$119,$1325,$280,$470,$2195,$8056,$6679,$424,$0,$424,$7102,$1,$800,$-17,$953,$8056,$0,$0,$0,$0,$0,$0,$0,$0,$0,$28,$0,$0,$0,$0,$-166,$-166,$26,$-140,$23,$0,$23,$-2,$-2,$-1,$-71,$-51,$-163,$0,$-1
23,2012-12-31,11.42,$12.57,0.91,$5.57,2.05,$5.92,1.93,$-0.27,0.0,$6.24B,$6.76B,0.92,$0.40B,$0.94B,0.43,$0.41B,$0.38B,91.48%,$0.41B,$-0.04B,-10.71%,$0.41B,0,0.00%,$0.41B,0,0.00%,$0.41B,$-0.05B,-12.41%,$0.41B,$-0.02B,-5.11%,$-0.02B,$0.94B,-2.20%,$-0.02B,$0.66B,-3.11%,$-0.02B,$8.10B,-0.26%,$-0.04B,$1.34B,-3.20%,$106,$8,$99,$0,$72,$80,$26,$0,$19,$6,$13,$13,$13,$0,$0,$74,74,$0.17,$0.17,$730,$0,$0,$6237,$122,$1164,$281,$297,$1863,$8100,$6758,$401,$0,$401,$7159,$1,$786,$-16,$941,$8100,$-21,$37,$142,$179,$3,$0,$9,$0,$12,$170,$-2,$0,$0,$0,$-43,$-43,$-99,$-145,$-66,$0,$-66,$-1,$-1,$-3,$120,$50,$75,$6,$-3
24,2012-09-30,11.44,$12.47,0.92,$5.57,2.05,$5.85,1.96,$-0.40,0.0,$5.99B,$6.82B,0.88,$0.42B,$0.93B,0.44,$0.41B,$0.37B,90.98%,$0.41B,$-0.06B,-15.37%,$0.41B,0,0.00%,$0.41B,0,0.00%,$0.41B,$-0.06B,-15.37%,$0.41B,$-0.03B,-7.32%,$-0.03B,$0.93B,-3.12%,$-0.03B,$0.65B,-4.42%,$-0.03B,$8.17B,-0.37%,$-0.06B,$1.35B,-4.52%,$105,$8,$96,$0,$182,$190,$-86,$0,$-86,$-37,$-49,$-49,$-48,$0,$0,$74,74,$-0.65,$-0.65,$534,$0,$0,$5987,$132,$1281,$282,$485,$2180,$8167,$6819,$415,$0,$415,$7234,$1,$774,$-9,$933,$8167,$0,$0,$0,$0,$0,$0,$0,$0,$0,$125,$-6,$0,$0,$0,$-144,$-144,$-240,$-390,$-52,$0,$-52,$-1,$-1,$-2,$197,$142,$-123,$0,$-2
25,2012-06-30,10.0,$13.07,0.76,$5.58,1.79,$6.15,1.62,$0.34,29.4,$5.93B,$6.70B,0.89,$0.42B,$0.98B,0.43,$0.41B,$0.37B,90.73%,$0.41B,$0.03B,8.29%,$0.41B,0,0.00%,$0.41B,0,0.00%,$0.41B,$0.03B,8.29%,$0.41B,$0.02B,5.85%,$0.02B,$0.98B,2.36%,$0.02B,$0.70B,3.27%,$0.02B,$8.10B,0.30%,$0.03B,$1.40B,2.30%,$100,$9,$91,$0,$84,$92,$7,$0,$7,$1,$6,$6,$6,$0,$0,$74,74,$0.09,$0.09,$493,$0,$0,$5934,$134,$1283,$282,$467,$2165,$8099,$6700,$421,$0,$421,$7121,$1,$823,$-12,$979,$8099,$0,$0,$0,$0,$0,$0,$0,$0,$0,$86,$-4,$0,$0,$0,$-157,$-157,$-199,$-359,$-36,$0,$-36,$-1,$-1,$-1,$149,$110,$-163,$0,$-1
26,2012-03-31,10.9,$12.99,0.84,$5.70,1.91,$6.45,1.69,$0.36,30.27,$5.80B,$6.57B,0.88,$0.43B,$0.97B,0.45,$0.42B,$0.38B,90.67%,$0.42B,$0.04B,9.57%,$0.42B,0,0.00%,$0.42B,0,0.00%,$0.42B,$0.04B,9.57%,$0.42B,$0.03B,6.22%,$0.03B,$0.97B,2.46%,$0.03B,$0.69B,3.36%,$0.03B,$7.99B,0.32%,$0.04B,$1.41B,2.64%,$100,$10,$90,$0,$81,$91,$9,$0,$9,$1,$8,$8,$8,$0,$0,$74,74,$0.11,$0.11,$502,$0,$0,$5804,$133,$1287,$283,$481,$2184,$7988,$6566,$433,$0,$433,$7015,$1,$818,$-11,$973,$7988,$0,$0,$0,$0,$0,$0,$0,$0,$0,$68,$-1,$0,$0,$0,$-156,$-156,$-49,$-205,$-23,$0,$-23,$-1,$-1,$-1,$7,$-18,$-155,$0,$-1
27,2011-12-31,9.21,$12.93,0.71,$5.78,1.59,$6.25,1.47,$0.35,26.31,$5.92B,$6.55B,0.9,$0.46B,$0.96B,0.48,$0.42B,$0.38B,90.57%,$0.42B,$0.04B,9.67%,$0.42B,0,0.00%,$0.42B,0,0.00%,$0.42B,$0.04B,9.67%,$0.42B,$0.03B,5.90%,$0.03B,$0.96B,2.28%,$0.03B,$0.68B,3.09%,$0.03B,$7.97B,0.31%,$0.04B,$1.42B,2.65%,$105,$10,$96,$0,$88,$98,$7,$0,$7,$0,$7,$7,$4,$0,$0,$73,73,$0.05,$0.05,$656,$0,$0,$5915,$135,$1132,$284,$508,$2059,$7974,$6553,$458,$0,$458,$7011,$1,$810,$-13,$963,$7974,$37,$25,$99,$124,$8,$1,$-3,$0,$6,$167,$-5,$0,$0,$0,$93,$93,$26,$113,$16,$0,$16,$-1,$-195,$-13,$-32,$-225,$56,$6,$-13
28,2011-09-30,6.65,$15.47,0.43,$5.84,1.14,$6.42,1.04,$-0.11,0.0,$6.37B,$6.70B,0.95,$0.52B,$0.96B,0.55,$0.43B,$0.39B,90.19%,$0.43B,$-0.02B,-4.44%,$0.43B,0,0.00%,$0.43B,0,0.00%,$0.43B,$-0.02B,-4.44%,$0.43B,$-0.01B,-2.10%,$-0.01B,$1.15B,-0.79%,$-0.01B,$0.87B,-1.06%,$-0.01B,$8.38B,-0.11%,$-0.02B,$1.68B,-1.20%,$105,$10,$95,$0,$85,$94,$11,$0,$11,$2,$9,$9,$6,$0,$0,$73,73,$0.09,$0.09,$1076,$0,$0,$6372,$132,$1103,$283,$489,$2008,$8380,$6704,$524,$0,$524,$7228,$1,$808,$-11,$1152,$8380,$0,$0,$0,$0,$0,$0,$0,$0,$0,$141,$-0,$0,$0,$0,$119,$119,$29,$149,$82,$0,$82,$-1,$-1,$-9,$115,$187,$477,$0,$-9
29,2011-06-30,11.14,$15.33,0.73,$5.96,1.87,$6.30,1.77,$-0.20,0.0,$6.05B,$6.58B,0.92,$0.41B,$0.95B,0.43,$0.44B,$0.39B,89.91%,$0.44B,$-0.03B,-7.11%,$0.44B,0,0.00%,$0.44B,0,0.00%,$0.44B,$-0.03B,-7.11%,$0.44B,$-0.02B,-3.44%,$-0.02B,$1.14B,-1.32%,$-0.02B,$0.86B,-1.77%,$-0.02B,$8.13B,-0.18%,$-0.03B,$1.55B,-1.98%,$108,$10,$98,$0,$84,$94,$13,$0,$13,$3,$11,$11,$8,$0,$0,$73,73,$0.11,$0.11,$728,$0,$0,$6047,$132,$1144,$284,$522,$2082,$8129,$6578,$410,$0,$410,$6988,$1,$802,$-15,$1142,$8129,$0,$0,$0,$0,$0,$0,$0,$0,$0,$100,$3,$0,$0,$0,$74,$74,$4,$81,$-32,$0,$-32,$-1,$-1,$-6,$-16,$-55,$126,$0,$-6
30,2011-03-31,10.68,$15.08,0.71,$5.99,1.78,$6.17,1.73,$-0.24,0.0,$5.96B,$6.51B,0.92,$0.41B,$0.93B,0.44,$0.44B,$0.39B,89.27%,$0.44B,$-0.04B,-8.22%,$0.44B,0,0.00%,$0.44B,0,0.00%,$0.44B,$-0.04B,-8.22%,$0.44B,$-0.02B,-4.11%,$-0.02B,$1.12B,-1.58%,$-0.02B,$0.83B,-2.12%,$-0.02B,$8.05B,-0.22%,$-0.04B,$1.54B,-2.27%,$106,$11,$95,$0,$85,$96,$10,$0,$10,$-0,$10,$10,$7,$0,$0,$73,73,$0.10,$0.10,$543,$0,$0,$5957,$138,$1200,$290,$459,$2088,$8045,$6510,$411,$0,$411,$6921,$1,$795,$-24,$1124,$8045,$0,$0,$0,$0,$0,$0,$0,$0,$0,$53,$-0,$0,$0,$0,$4,$4,$10,$13,$-31,$0,$-31,$-0,$-0,$-3,$-92,$-126,$-59,$0,$-3
31,2010-12-31,10.43,$15.01,0.69,$6.05,1.72,$6.23,1.67,$-0.26,0.0,$5.96B,$6.59B,0.91,$0.44B,$0.92B,0.48,$0.44B,$0.39B,88.58%,$0.44B,$-0.04B,-8.68%,$0.44B,0,0.00%,$0.44B,0,0.00%,$0.44B,$-0.04B,-8.68%,$0.44B,$-0.02B,-4.57%,$-0.02B,$1.11B,-1.75%,$-0.02B,$0.83B,-2.33%,$-0.02B,$8.14B,-0.25%,$-0.04B,$1.55B,-2.35%,$109,$11,$98,$0,$151,$162,$-53,$0,$-53,$-25,$-28,$-28,$-30,$0,$0,$72,72,$-0.42,$-0.42,$601,$0,$0,$5961,$141,$1200,$286,$550,$2178,$8138,$6585,$442,$0,$442,$7026,$1,$788,$-28,$1112,$8138,$-10,$18,$138,$156,$4,$-1,$-2,$46,$47,$194,$-22,$0,$0,$0,$278,$278,$157,$413,$-411,$0,$-411,$196,$196,$-12,$80,$-148,$458,$6,$-12
32,2010-09-30,10.43,$15.66,0.67,$6.83,1.53,$5.46,1.91,$-0.58,0.0,$6.29B,$6.69B,0.94,$0.46B,$0.97B,0.48,$0.44B,$0.39B,87.58%,$0.44B,$-0.05B,-11.51%,$0.44B,0,0.00%,$0.44B,0,0.00%,$0.44B,$-0.05B,-11.51%,$0.44B,$-0.03B,-6.77%,$-0.03B,$1.16B,-2.73%,$-0.03B,$0.87B,-3.68%,$-0.03B,$8.38B,-0.38%,$-0.05B,$1.62B,-3.05%,$113,$12,$101,$0,$102,$114,$-1,$0,$-1,$-4,$3,$3,$0,$0,$0,$73,73,$0.00,$0.00,$750,$0,$0,$6291,$132,$1206,$293,$454,$2085,$8376,$6685,$461,$71,$532,$7216,$1,$819,$-9,$1160,$8376,$0,$0,$0,$0,$0,$0,$0,$0,$0,$141,$-10,$0,$0,$0,$302,$302,$135,$427,$-392,$0,$-392,$196,$196,$-9,$246,$40,$609,$0,$-9
33,2010-06-30,10.99,$15.60,0.7,$7.61,1.44,$5.49,2.0,$-0.56,0.0,$5.72B,$6.13B,0.93,$0.47B,$0.97B,0.48,$0.44B,$0.38B,85.36%,$0.44B,$-0.05B,-11.94%,$0.44B,0,0.00%,$0.44B,0,0.00%,$0.44B,$-0.05B,-11.94%,$0.44B,$-0.03B,-6.53%,$-0.03B,$1.16B,-2.74%,$-0.03B,$0.87B,-3.74%,$-0.03B,$7.81B,-0.38%,$-0.05B,$1.62B,-3.06%,$110,$13,$97,$0,$89,$102,$8,$0,$8,$0,$8,$8,$5,$0,$0,$73,73,$0.07,$0.07,$386,$0,$0,$5720,$132,$1238,$281,$433,$2085,$7805,$6128,$466,$56,$522,$6650,$1,$820,$-13,$1156,$7805,$0,$0,$0,$0,$0,$0,$0,$0,$0,$101,$-7,$0,$0,$0,$196,$196,$-19,$169,$-367,$0,$-367,$195,$195,$-6,$154,$-25,$246,$0,$-6
34,2010-03-31,12.23,$15.45,0.79,$8.52,1.44,$5.76,2.12,$-0.63,0.0,$5.28B,$5.87B,0.9,$0.53B,$0.95B,0.55,$0.45B,$0.37B,82.93%,$0.45B,$-0.07B,-14.41%,$0.45B,0,0.00%,$0.45B,0,0.00%,$0.45B,$-0.07B,-14.41%,$0.45B,$-0.03B,-7.54%,$-0.03B,$1.14B,-3.43%,$-0.03B,$0.86B,-4.80%,$-0.03B,$7.59B,-0.44%,$-0.07B,$1.67B,-3.60%,$106,$14,$92,$0,$84,$98,$8,$0,$8,$0,$8,$8,$5,$0,$0,$70,70,$0.08,$0.08,$141,$0,$0,$5279,$128,$1302,$280,$459,$2169,$7593,$5871,$525,$53,$578,$6449,$1,$815,$-19,$1144,$7593,$0,$0,$0,$0,$0,$0,$0,$0,$0,$59,$-4,$0,$0,$0,$108,$108,$-31,$73,$-304,$0,$-304,$196,$196,$-3,$-21,$-133,$-0,$0,$-3
35,2009-12-31,9.82,$17.18,0.57,$9.49,1.04,$4.99,1.97,$-0.64,0.0,$5.38B,$5.89B,0.91,$0.83B,$0.75B,1.1,$0.47B,$0.38B,80.65%,$0.47B,$-0.08B,-16.56%,$0.47B,0,0.00%,$0.47B,0,0.00%,$0.47B,$-0.08B,-16.56%,$0.47B,$-0.04B,-7.74%,$-0.04B,$0.94B,-3.87%,$-0.04B,$0.66B,-5.56%,$-0.04B,$7.71B,-0.46%,$-0.08B,$1.77B,-3.75%,$114,$16,$98,$0,$164,$180,$-66,$0,$-66,$-28,$-37,$-37,$-40,$0,$0,$50,50,$-0.80,$-0.80,$142,$0,$0,$5379,$121,$1407,$281,$522,$2332,$7711,$5890,$829,$50,$879,$6769,$1,$811,$-19,$942,$7711,$-26,$16,$163,$179,$11,$-2,$-6,$-72,$-69,$85,$-5,$0,$0,$0,$983,$983,$-62,$916,$-1041,$0,$-1041,$-0,$-0,$-12,$67,$-987,$13,$4,$-12
36,2009-09-30,10.16,$17.95,0.57,$8.77,1.16,$6.49,1.56,$-0.48,0.0,$5.42B,$5.76B,0.94,$0.87B,$0.79B,1.1,$0.43B,$0.32B,74.94%,$0.43B,$-0.06B,-13.35%,$0.43B,0,0.00%,$0.43B,0,0.00%,$0.43B,$-0.06B,-13.35%,$0.43B,$-0.02B,-5.62%,$-0.02B,$0.98B,-2.60%,$-0.02B,$0.70B,-3.76%,$-0.02B,$7.68B,-0.30%,$-0.06B,$1.86B,-2.46%,$114,$22,$92,$0,$95,$116,$-3,$0,$-3,$-6,$3,$3,$1,$0,$0,$49,49,$0.02,$0.02,$211,$0,$0,$5418,$122,$1488,$282,$369,$2261,$7678,$5758,$874,$62,$936,$6695,$1,$851,$-16,$984,$7678,$0,$0,$0,$0,$0,$0,$0,$0,$0,$93,$-3,$0,$0,$0,$922,$922,$-98,$821,$-982,$0,$-982,$-0,$-0,$-12,$163,$-831,$83,$0,$-12
37,2009-06-30,6.58,$18.15,0.36,$9.03,0.73,$6.75,0.97,$0.00,0.0,$5.40B,$5.78B,0.94,$1.03B,$0.70B,1.46,$0.44B,$0.31B,71.69%,$0.44B,$-0.03B,-6.62%,$0.44B,0,0.00%,$0.44B,0,0.00%,$0.44B,$-0.03B,-6.62%,$0.44B,$-0.00B,-0.23%,$-0.00B,$0.89B,-0.12%,$-0.00B,$0.61B,-0.17%,$-0.00B,$7.77B,-0.01%,$-0.03B,$1.92B,-1.17%,$117,$25,$92,$0,$95,$120,$-4,$0,$-4,$-6,$3,$3,$0,$0,$0,$49,49,$0.00,$0.00,$152,$0,$0,$5399,$116,$1591,$283,$378,$2368,$7767,$5775,$1025,$63,$1087,$6875,$1,$851,$-49,$892,$7767,$0,$0,$0,$0,$0,$0,$0,$0,$0,$76,$-1,$0,$0,$0,$747,$747,$-59,$687,$-906,$0,$-906,$-0,$-0,$-11,$181,$-737,$26,$0,$-11
38,2009-03-31,7.72,$18.58,0.42,$9.17,0.84,$6.62,1.17,$0.56,13.79,$5.46B,$5.52B,0.99,$1.77B,$0.71B,2.48,$0.45B,$0.31B,68.54%,$0.45B,$0.00B,0.45%,$0.45B,0,0.00%,$0.45B,0,0.00%,$0.45B,$0.00B,0.45%,$0.45B,$0.03B,5.84%,$0.03B,$0.90B,3.20%,$0.03B,$0.62B,4.92%,$0.03B,$8.25B,0.31%,$0.00B,$2.67B,0.08%,$120,$27,$93,$0,$97,$124,$-4,$0,$-4,$-10,$6,$6,$3,$0,$0,$48,48,$0.07,$0.07,$118,$0,$0,$5455,$118,$2038,$284,$358,$2797,$8253,$5521,$1768,$60,$1828,$7349,$1,$851,$-37,$904,$8253,$0,$0,$0,$0,$0,$0,$0,$0,$0,$1,$-1,$0,$0,$0,$312,$312,$-68,$243,$-163,$0,$-163,$-0,$-0,$-11,$-77,$-251,$-7,$0,$-11
39,2008-12-31,17.68,$18.68,0.95,$9.55,1.85,$6.56,2.7,$1.01,17.51,$5.44B,$5.60B,0.97,$1.93B,$0.72B,2.69,$0.46B,$0.30B,65.01%,$0.46B,$0.04B,7.78%,$0.46B,0,0.00%,$0.46B,0,0.00%,$0.46B,$0.04B,7.78%,$0.46B,$0.05B,10.37%,$0.05B,$0.91B,6.22%,$0.05B,$0.62B,9.87%,$0.05B,$8.53B,0.57%,$0.04B,$2.84B,1.42%,$76,$33,$43,$0,$89,$122,$-46,$0,$-46,$-19,$-27,$-27,$-28,$0,$0,$48,49,$-0.58,$-0.56,$127,$0,$0,$5436,$120,$2355,$285,$332,$3092,$8528,$5596,$1931,$75,$2006,$7620,$1,$837,$-18,$908,$8528,$49,$14,$103,$118,$6,$6,$-6,$-17,$-11,$156,$-6,$0,$0,$0,$-153,$-153,$-452,$-610,$434,$0,$434,$0,$193,$-60,$-193,$374,$-81,$5,$-60
40,2008-09-30,21.22,$14.80,1.43,$9.84,2.16,$5.70,3.72,$1.47,14.43,$5.34B,$5.67B,0.94,$1.79B,$0.72B,2.49,$0.48B,$0.29B,61.38%,$0.48B,$0.07B,13.99%,$0.48B,0,0.00%,$0.48B,0,0.00%,$0.48B,$0.07B,13.57%,$0.48B,$0.07B,14.82%,$0.07B,$0.72B,9.78%,$0.07B,$0.43B,16.16%,$0.07B,$8.25B,0.86%,$0.07B,$2.51B,2.81%,$125,$39,$86,$0,$61,$100,$25,$0,$25,$1,$24,$24,$24,$0,$0,$48,48,$0.50,$0.50,$142,$0,$0,$5342,$121,$2166,$286,$333,$2905,$8247,$5672,$1787,$69,$1856,$7528,$1,$876,$-52,$719,$8247,$0,$0,$0,$0,$0,$0,$0,$0,$0,$105,$-3,$0,$0,$0,$1,$1,$-296,$-298,$290,$0,$290,$0,$0,$-45,$-121,$125,$-68,$0,$-45
41,2008-06-30,16.13,$14.90,1.08,$10.16,1.59,$4.13,3.9,$1.52,10.61,$5.35B,$5.80B,0.92,$1.72B,$0.72B,2.38,$0.50B,$0.29B,58.75%,$0.50B,$0.08B,15.29%,$0.50B,0,0.00%,$0.50B,0,0.00%,$0.50B,$0.07B,14.89%,$0.50B,$0.07B,14.89%,$0.07B,$0.72B,10.16%,$0.07B,$0.44B,16.79%,$0.07B,$8.31B,0.91%,$0.08B,$2.45B,3.38%,$124,$41,$83,$0,$56,$97,$27,$0,$27,$0,$27,$27,$27,$0,$0,$48,49,$0.56,$0.55,$192,$0,$0,$5353,$121,$2256,$287,$294,$2958,$8311,$5797,$1722,$68,$1790,$7587,$1,$867,$-36,$724,$8311,$0,$0,$0,$0,$0,$0,$0,$0,$0,$70,$-1,$0,$0,$0,$-62,$-62,$-229,$-292,$226,$0,$226,$0,$0,$-30,$6,$202,$-20,$0,$-30
42,2008-03-31,23.65,$15.20,1.56,$10.64,2.22,$3.61,6.56,$1.55,15.26,$5.38B,$5.74B,0.94,$1.65B,$0.74B,2.23,$0.52B,$0.30B,57.44%,$0.52B,$0.09B,16.79%,$0.52B,0,0.00%,$0.52B,0,0.00%,$0.52B,$0.09B,16.41%,$0.52B,$0.08B,14.50%,$0.08B,$0.74B,10.37%,$0.08B,$0.45B,17.11%,$0.08B,$8.32B,0.94%,$0.09B,$2.38B,4.05%,$138,$50,$89,$0,$58,$108,$30,$0,$30,$5,$25,$25,$25,$0,$0,$48,49,$0.52,$0.51,$190,$0,$0,$5377,$123,$2251,$287,$277,$2938,$8315,$5740,$1646,$63,$1709,$7577,$1,$855,$-9,$738,$8315,$0,$0,$0,$0,$0,$0,$0,$0,$0,$-2,$-0,$0,$0,$0,$-9,$-9,$-89,$-98,$149,$0,$149,$1,$1,$-15,$-57,$78,$-22,$0,$-15
43,2007-12-31,25.79,$14.94,1.73,$10.77,2.39,$4.13,6.25,$1.61,16.02,$5.16B,$5.80B,0.89,$1.49B,$0.72B,2.06,$0.54B,$0.30B,56.16%,$0.54B,$0.10B,17.91%,$0.54B,0,0.00%,$0.54B,0,0.00%,$0.54B,$0.09B,17.54%,$0.54B,$0.08B,14.93%,$0.08B,$0.72B,10.86%,$0.08B,$0.44B,17.90%,$0.08B,$8.09B,0.99%,$0.10B,$2.22B,4.50%,$92,$57,$36,$0,$51,$107,$-15,$0,$-17,$-11,$-5,$-5,$-5,$0,$0,$49,50,$-0.10,$-0.10,$213,$0,$0,$5164,$126,$2232,$288,$281,$2927,$8092,$5796,$1494,$78,$1572,$7368,$1,$845,$-12,$724,$8092,$80,$15,$38,$53,$9,$-2,$-4,$-15,$-12,$121,$-11,$0,$0,$0,$256,$256,$35,$280,$82,$0,$82,$-57,$-57,$-58,$-388,$-422,$-20,$4,$-58
44,2007-09-30,28.5,$14.94,1.91,$12.05,2.37,$3.84,7.42,$2.35,12.13,$5.18B,$5.85B,0.89,$1.23B,$0.73B,1.69,$0.60B,$0.36B,59.60%,$0.60B,$0.15B,25.38%,$0.60B,0,0.00%,$0.60B,0,0.00%,$0.60B,$0.15B,25.38%,$0.60B,$0.12B,19.53%,$0.12B,$0.73B,15.74%,$0.12B,$0.44B,25.86%,$0.12B,$7.88B,1.43%,$0.15B,$1.95B,7.17%,$143,$59,$84,$0,$50,$110,$34,$0,$34,$6,$27,$27,$27,$0,$0,$49,49,$0.55,$0.55,$203,$0,$0,$5178,$126,$2017,$289,$274,$2707,$7884,$5852,$1226,$78,$1304,$7156,$1,$865,$-36,$728,$7884,$0,$0,$0,$0,$0,$0,$0,$0,$0,$34,$-8,$0,$0,$0,$482,$482,$71,$545,$-184,$0,$-184,$-48,$-48,$-44,$-333,$-608,$-29,$0,$-44
45,2007-06-30,29.38,$14.97,1.96,$12.20,2.41,$4.47,6.57,$2.42,12.14,$5.08B,$5.83B,0.87,$1.40B,$0.74B,1.89,$0.61B,$0.37B,60.10%,$0.61B,$0.16B,26.11%,$0.61B,0,0.00%,$0.61B,0,0.00%,$0.61B,$0.16B,26.11%,$0.61B,$0.12B,19.87%,$0.12B,$0.74B,16.18%,$0.12B,$0.45B,26.55%,$0.12B,$8.06B,1.45%,$0.16B,$2.14B,7.23%,$151,$60,$92,$0,$52,$112,$39,$0,$39,$10,$29,$29,$29,$0,$0,$50,50,$0.59,$0.59,$177,$0,$0,$5082,$128,$2288,$290,$267,$2973,$8055,$5829,$1398,$87,$1485,$7314,$1,$853,$-35,$741,$8055,$0,$0,$0,$0,$0,$0,$0,$0,$0,$52,$-8,$0,$0,$0,$219,$219,$94,$306,$-10,$0,$-10,$-21,$-21,$-29,$-352,$-413,$-55,$0,$-29
46,2007-03-31,30.15,$15.16,1.99,$12.12,2.49,$4.15,7.26,$2.40,12.56,$5.16B,$5.93B,0.87,$1.47B,$0.75B,1.94,$0.61B,$0.37B,60.23%,$0.61B,$0.16B,25.91%,$0.61B,0,0.00%,$0.61B,0,0.00%,$0.61B,$0.16B,25.91%,$0.61B,$0.12B,19.97%,$0.12B,$0.75B,16.43%,$0.12B,$0.46B,27.38%,$0.12B,$8.24B,1.42%,$0.16B,$2.22B,6.99%,$150,$61,$89,$0,$51,$112,$38,$0,$38,$9,$29,$29,$29,$0,$0,$50,50,$0.58,$0.58,$174,$0,$0,$5163,$126,$2400,$292,$254,$3072,$8235,$5927,$1466,$88,$1554,$7481,$1,$838,$-16,$754,$8235,$0,$0,$0,$0,$0,$0,$0,$0,$0,$27,$-3,$0,$0,$0,$136,$136,$13,$146,$55,$0,$55,$-11,$-11,$-15,$-260,$-230,$-57,$0,$-15
47,2006-12-31,31.48,$15.01,2.1,$11.76,2.68,$4.14,7.6,$2.37,13.28,$5.24B,$6.19B,0.85,$1.41B,$0.75B,1.88,$0.58B,$0.36B,61.31%,$0.58B,$0.15B,26.42%,$0.58B,0,0.00%,$0.58B,0,0.00%,$0.58B,$0.15B,26.42%,$0.58B,$0.12B,20.38%,$0.12B,$0.75B,16.39%,$0.12B,$0.46B,27.76%,$0.12B,$8.44B,1.37%,$0.15B,$2.16B,6.57%,$155,$63,$92,$0,$52,$114,$41,$0,$41,$9,$32,$32,$32,$0,$0,$49,49,$0.63,$0.63,$231,$0,$0,$5236,$127,$2534,$293,$252,$3205,$8442,$6188,$1411,$92,$1503,$7691,$1,$824,$-15,$751,$8442,$117,$11,$13,$24,$-6,$-3,$6,$-24,$-27,$114,$-18,$0,$-221,$0,$272,$272,$-153,$-120,$-112,$0,$-112,$147,$147,$-54,$80,$62,$56,$4,$-54
