,Date,Stock Price,Book Value per Share,Price to Book Ratio,TTM Sales per Share,Price to Sales Ratio,TTM FCF per Share,Price to FCF Ratio,TTM Net EPS,PE Ratio,Current Assets,Current Liabilities,Current Ratio,Long Term Debt,Shareholder's Equity_x,Debt to Equity Ratio,TTM Revenue_x,TTM Gross Profit,Gross Margin,TTM Revenue_y,TTM Operating Income,Operating Margin,TTM Revenue_x,TTM EBIT,EBIT Margin,TTM Revenue_y,TTM EBITDA,EBITDA Margin,TTM Revenue_x,TTM Pre-Tax Income,Pre-Tax Margin,TTM Revenue_y,TTM Net Income_x,Net Margin,TTM Net Income_y,Shareholder's Equity_y,Return on Equity,TTM Net Income_x,Tangible Equity,Return on Tangible Equity,TTM Net Income_y,Total Assets,Return on Assets,TTM Net Income,LT Investments & Debt,Return on Investment,revenue,cost-goods-sold,gross-profit,research-development-expenses,selling-general-administrative-expenses,operating-expenses,operating-income,total-non-operating-income-expense,pre-tax-income,total-provision-income-taxes,income-after-taxes,income-from-continuous-operations,net-income,ebitda,ebit,basic-shares-outstanding,shares-outstanding,eps-basic-net-earnings-per-share,eps-earnings-per-share-diluted,cash-on-hand,inventory,other-current-assets,total-current-assets,net-property-plant-equipment,long-term-investments,goodwill-intangible-assets-total,other-long-term-assets,total-long-term-assets,total-assets,total-current-liabilities,long-term-debt,other-non-current-liabilities,total-long-term-liabilities,total-liabilities,common-stock-net,retained-earnings-accumulated-deficit,comprehensive-income,total-share-holder-equity,total-liabilities-share-holders-equity,net-income-loss,total-depreciation-amortization-cash-flow,other-non-cash-items,total-non-cash-items,change-in-accounts-receivable,change-in-inventories,change-in-accounts-payable,change-in-assets-liabilities,total-change-in-assets-liabilities,cash-flow-from-operating-activities,net-change-in-property-plant-equipment,net-change-in-intangible-assets,net-acquisitions-divestitures,net-change-in-short-term-investments,net-change-in-long-term-investments,net-change-in-investments-total,investing-activities-other,cash-flow-from-investing-activities,net-long-term-debt,net-current-debt,debt-issuance-retirement-net-total,net-common-equity-issued-repurchased,net-total-equity-issued-repurchased,total-common-preferred-stock-dividends-paid,financial-activities-other,cash-flow-from-financial-activities,net-cash-flow,stock-based-compensation,common-stock-dividends-paid
0,2018-09-30,87.18,$22.86,3.81,$33.05,2.64,$4.56,19.14,$6.86,12.71,$3.49B,$2.27B,1.54,$2.59B,$3.08B,0.84,$4.49B,$1.93B,42.99%,$4.49B,$0.74B,16.44%,$4.49B,$0.74B,16.44%,$4.49B,$0.90B,20.14%,$4.49B,$0.60B,13.30%,$4.49B,$1.00B,22.28%,$1.00B,$3.08B,33.82%,$1.00B,$-1.13B,-94.50%,$1.00B,$9.41B,10.40%,$0.74B,$5.67B,12.67%,$1036,$589,$446,$71,$208,$894,$142,$-32,$110,$30,$80,$80,$73,$184,$142,$135,136,$0.54,$0.54,$177,$995,$0,$3491,$1003,$1,$4206,$416,$5916,$9407,$2272,$2593,$1118,$4057,$6329,$19,$4355,$-300,$3078,$9407,$477,$125,$-35,$90,$92,$-111,$93,$-480,$-152,$414,$-88,$0,$108,$0,$0,$0,$-58,$-38,$-401,$-19,$-420,$4,$4,$-67,$-2,$-486,$-107,$17,$-67
1,2018-06-30,89.21,$22.47,3.97,$30.21,2.95,$4.25,21.0,$7.27,12.27,$3.99B,$2.45B,1.63,$2.89B,$3.03B,0.96,$4.10B,$1.75B,42.69%,$4.10B,$0.67B,16.35%,$4.10B,$0.67B,16.35%,$4.10B,$0.82B,19.98%,$4.10B,$0.55B,13.32%,$4.10B,$0.98B,23.96%,$0.98B,$3.03B,36.09%,$0.98B,$-0.95B,-174.81%,$0.98B,$9.72B,11.18%,$0.67B,$5.92B,12.61%,$1262,$718,$544,$77,$211,$1088,$175,$-35,$140,$2,$139,$139,$130,$218,$175,$135,136,$0.96,$0.96,$326,$959,$0,$3993,$1014,$2,$3974,$448,$5725,$9718,$2448,$2893,$1150,$4244,$6693,$19,$4305,$-293,$3026,$9718,$402,$82,$-62,$21,$-223,$6,$252,$-402,$-229,$193,$-52,$0,$98,$0,$0,$0,$-42,$4,$-115,$2,$-114,$3,$3,$-45,$0,$-155,$43,$12,$-45
2,2018-03-31,76.43,$22.41,3.41,$25.79,2.96,$4.98,15.34,$6.87,11.12,$4.34B,$2.69B,1.61,$2.99B,$3.02B,0.99,$3.49B,$1.44B,41.21%,$3.49B,$0.56B,16.03%,$3.49B,$0.56B,16.03%,$3.49B,$0.69B,19.69%,$3.49B,$0.46B,13.11%,$3.49B,$0.93B,26.53%,$0.93B,$3.02B,37.52%,$0.93B,$-1.03B,-690.50%,$0.93B,$10.15B,11.81%,$0.56B,$6.01B,11.82%,$1211,$656,$555,$66,$200,$845,$366,$-34,$332,$69,$263,$263,$267,$405,$366,$135,136,$1.98,$1.96,$360,$1035,$0,$4336,$1030,$2,$4048,$472,$5814,$10149,$2686,$2993,$1222,$4448,$7134,$19,$4197,$-186,$3015,$10149,$270,$39,$-111,$-72,$-348,$-32,$195,$-215,$-277,$-78,$-24,$0,$98,$0,$0,$0,$-29,$45,$-1,$138,$137,$-1,$-1,$-22,$0,$114,$77,$6,$-22
3,2017-12-31,94.27,$20.15,4.68,$21.31,4.42,$5.42,17.4,$3.99,23.63,$3.65B,$2.21B,1.65,$2.99B,$2.71B,1.11,$2.88B,$1.10B,38.24%,$2.88B,$0.26B,9.00%,$2.88B,$0.26B,9.00%,$2.88B,$0.37B,12.92%,$2.88B,$0.18B,6.25%,$2.88B,$0.54B,18.62%,$0.54B,$2.71B,24.47%,$0.54B,$-1.12B,186.11%,$0.54B,$9.21B,7.86%,$0.26B,$5.70B,6.23%,$980,$595,$385,$51,$219,$924,$55,$-40,$15,$263,$-248,$-248,$530,$97,$55,$134,134,$3.95,$3.94,$283,$993,$0,$3653,$1025,$1,$3831,$444,$5554,$9206,$2209,$2993,$1064,$4290,$6499,$19,$3952,$-240,$2707,$9206,$538,$113,$-368,$-255,$-262,$-97,$332,$-3,$52,$336,$-84,$0,$-1188,$0,$0,$0,$-63,$-1334,$1297,$-3,$1294,$20,$20,$-89,$-12,$1213,$219,$21,$-89
4,2017-09-30,88.79,$15.90,5.58,$19.13,4.64,$6.58,13.5,$0.17,522.29,$3.57B,$1.63B,2.19,$1.49B,$2.14B,0.7,$2.59B,$0.98B,37.92%,$2.59B,$0.23B,8.97%,$2.59B,$0.23B,8.97%,$2.59B,$0.33B,12.72%,$2.59B,$0.18B,6.84%,$2.59B,$0.02B,0.85%,$0.02B,$2.14B,1.09%,$0.02B,$0.86B,2.89%,$0.02B,$6.06B,0.36%,$0.23B,$3.63B,6.30%,$646,$380,$266,$30,$155,$572,$74,$-15,$59,$-12,$71,$71,$55,$99,$74,$134,136,$0.41,$0.41,$94,$615,$0,$3574,$547,$1,$1277,$419,$2483,$6057,$1631,$1493,$580,$2291,$3922,$19,$3445,$-289,$2135,$6057,$7,$71,$241,$312,$287,$-108,$105,$-333,$0,$320,$-36,$0,$38,$0,$0,$0,$-52,$-50,$-199,$14,$-185,$18,$18,$-67,$-12,$-244,$30,$16,$-67
5,2017-06-30,72.49,$15.11,4.8,$19.04,3.81,$6.83,10.62,$0.35,207.11,$3.49B,$1.54B,2.26,$1.59B,$2.03B,0.79,$2.57B,$0.93B,36.19%,$2.57B,$0.23B,8.87%,$2.57B,$0.23B,8.87%,$2.57B,$0.33B,12.68%,$2.57B,$0.17B,6.73%,$2.57B,$0.05B,1.83%,$0.05B,$2.03B,2.34%,$0.05B,$0.76B,7.05%,$0.05B,$5.98B,0.77%,$0.23B,$3.62B,6.03%,$657,$422,$234,$32,$131,$592,$65,$-13,$52,$3,$49,$49,$75,$88,$65,$134,136,$0.56,$0.56,$113,$546,$0,$3486,$538,$1,$1265,$457,$2499,$5984,$1542,$1592,$584,$2416,$3958,$19,$3412,$-353,$2027,$5984,$-49,$46,$226,$272,$279,$-49,$103,$-294,$36,$260,$-20,$0,$0,$0,$0,$0,$-44,$-64,$-103,$-4,$-107,$13,$13,$-44,$-12,$-150,$49,$11,$-44
6,2017-03-31,68.9,$14.11,4.88,$18.77,3.67,$6.43,10.71,$0.28,246.08,$3.55B,$1.49B,2.39,$1.79B,$1.89B,0.95,$2.53B,$0.93B,36.83%,$2.53B,$0.25B,9.73%,$2.53B,$0.25B,9.73%,$2.53B,$0.35B,13.69%,$2.53B,$0.19B,7.44%,$2.53B,$0.04B,1.46%,$0.04B,$1.89B,1.84%,$0.04B,$0.66B,6.44%,$0.04B,$6.04B,0.60%,$0.25B,$3.68B,6.33%,$596,$380,$216,$28,$114,$531,$65,$-11,$54,$9,$45,$45,$-124,$89,$65,$134,135,$-0.93,$-0.92,$96,$526,$0,$3554,$535,$1,$1235,$475,$2482,$6036,$1489,$1790,$606,$2656,$4145,$19,$3359,$-426,$1891,$6036,$-124,$24,$221,$245,$79,$-38,$68,$-224,$-156,$-35,$-8,$0,$0,$0,$0,$0,$-23,$-31,$-1,$120,$119,$8,$8,$-22,$-9,$97,$32,$6,$-22
7,2016-12-31,55.85,$14.91,3.75,$18.87,2.96,$7.23,7.72,$1.56,35.8,$2.85B,$1.44B,1.98,$1.80B,$1.99B,0.9,$2.54B,$0.93B,36.68%,$2.54B,$0.24B,9.57%,$2.54B,$0.24B,9.57%,$2.54B,$0.34B,13.55%,$2.54B,$0.18B,7.09%,$2.54B,$0.21B,8.23%,$0.21B,$1.99B,10.25%,$0.21B,$0.77B,42.33%,$0.21B,$6.14B,3.34%,$0.24B,$3.79B,6.13%,$688,$423,$265,$37,$138,$660,$29,$-16,$12,$3,$9,$9,$16,$54,$29,$134,135,$0.12,$0.12,$64,$479,$0,$2849,$538,$1,$1219,$455,$3290,$6139,$1438,$1799,$574,$2708,$4146,$19,$3506,$-478,$1993,$6139,$212,$101,$248,$349,$12,$79,$-30,$-21,$-63,$498,$-89,$0,$0,$0,$0,$0,$-46,$-135,$-240,$-19,$-259,$-9,$-9,$-89,$-20,$-377,$-14,$20,$-89
8,2016-09-30,47.6,$15.85,3.0,$14.61,3.26,$1.13,41.99,$-0.09,0.0,$2.80B,$1.31B,2.14,$1.91B,$2.12B,0.9,$1.96B,$0.69B,35.13%,$1.96B,$0.06B,3.26%,$1.96B,$0.06B,3.26%,$1.96B,$0.12B,6.26%,$1.96B,$0.02B,0.76%,$1.96B,$-0.01B,-0.56%,$-0.01B,$2.12B,-0.54%,$-0.01B,$0.47B,-2.94%,$-0.01B,$6.21B,-0.17%,$0.06B,$4.03B,1.60%,$629,$414,$215,$31,$100,$559,$70,$-15,$55,$7,$49,$49,$80,$96,$70,$134,135,$0.59,$0.59,$131,$817,$0,$2804,$1031,$1,$1648,$457,$3406,$6210,$1309,$1913,$559,$2780,$4089,$19,$3512,$-382,$2121,$6210,$195,$75,$111,$186,$246,$-36,$-21,$-279,$7,$388,$-73,$0,$0,$0,$0,$0,$-24,$-97,$-124,$-50,$-175,$1,$1,$-66,$-0,$-240,$52,$16,$-66
9,2016-06-30,45.44,$15.26,2.98,$16.12,2.82,$-4.16,0.0,$-0.70,0.0,$2.90B,$1.35B,2.14,$1.99B,$2.04B,0.97,$2.17B,$0.70B,32.09%,$2.17B,$-0.00B,-0.23%,$2.17B,$-0.00B,-0.23%,$2.17B,$0.07B,3.05%,$2.17B,$-0.06B,-2.77%,$2.17B,$-0.09B,-4.29%,$-0.09B,$2.04B,-4.59%,$-0.09B,$0.40B,-23.31%,$-0.09B,$6.28B,-1.46%,$-0.00B,$4.03B,-0.12%,$615,$380,$235,$33,$111,$533,$83,$-15,$67,$21,$47,$47,$65,$107,$83,$134,135,$0.49,$0.49,$94,$882,$0,$2899,$1026,$3,$1647,$430,$3383,$6282,$1354,$1989,$568,$2886,$4240,$19,$3454,$-407,$2042,$6282,$116,$50,$53,$103,$238,$-96,$24,$-242,$6,$225,$-39,$0,$0,$0,$0,$0,$-20,$-60,$-48,$-59,$-107,$1,$1,$-44,$-0,$-151,$15,$11,$-44
10,2016-03-31,39.46,$14.98,2.63,$18.15,2.17,$-7.29,0.0,$4.33,9.11,$2.96B,$1.45B,2.04,$1.99B,$2.00B,0.99,$2.44B,$0.77B,31.42%,$2.44B,$0.01B,0.53%,$2.44B,$0.01B,0.53%,$2.44B,$0.09B,3.73%,$2.44B,$-0.05B,-2.09%,$2.44B,$0.58B,23.95%,$0.58B,$2.00B,28.23%,$0.58B,$0.33B,127.16%,$0.58B,$6.39B,8.90%,$0.01B,$3.99B,0.32%,$606,$390,$216,$34,$110,$544,$62,$-16,$46,$20,$26,$26,$48,$87,$62,$134,134,$0.36,$0.36,$64,$855,$0,$2955,$1028,$3,$1671,$452,$3435,$6390,$1451,$1986,$580,$2936,$4387,$19,$3411,$-394,$2003,$6390,$49,$25,$32,$57,$103,$-63,$104,$-178,$-5,$100,$-35,$0,$0,$0,$0,$0,$-9,$-44,$-50,$2,$-48,$-1,$-1,$-22,$-0,$-71,$-14,$6,$-22
11,2015-12-31,38.1,$14.28,2.67,$18.57,2.05,$-10.27,0.0,$3.62,10.52,$2.97B,$1.45B,2.05,$2.04B,$1.91B,1.07,$2.49B,$0.80B,32.16%,$2.49B,$-0.15B,-5.82%,$2.49B,$-0.15B,-5.82%,$2.49B,$-0.07B,-2.77%,$2.49B,$-0.21B,-8.31%,$2.49B,$0.49B,19.63%,$0.49B,$1.91B,25.27%,$0.49B,$0.30B,80.96%,$0.49B,$6.33B,7.77%,$-0.15B,$3.95B,-3.86%,$114,$90,$24,$33,$70,$265,$-151,$-2,$-153,$62,$-215,$-215,$-204,$-167,$-151,$134,134,$-1.51,$-1.49,$79,$800,$0,$2972,$1016,$3,$1613,$435,$3354,$6326,$1453,$2036,$561,$2964,$4418,$19,$3385,$-457,$1908,$6326,$499,$77,$-373,$-296,$141,$28,$-294,$-103,$-560,$-358,$-52,$0,$445,$0,$66,$66,$-111,$349,$613,$-547,$66,$2,$2,$-86,$1,$-17,$-31,$15,$-86
12,2015-09-30,32.88,$16.12,2.04,$25.85,1.27,$-5.78,0.0,$5.72,5.75,$3.24B,$1.46B,2.23,$2.05B,$2.16B,0.95,$3.47B,$1.14B,32.92%,$3.47B,$0.09B,2.65%,$3.47B,$0.09B,2.65%,$3.47B,$0.21B,5.94%,$3.47B,$0.02B,0.46%,$3.47B,$0.77B,22.20%,$0.77B,$2.16B,41.64%,$0.77B,$0.57B,99.81%,$0.77B,$6.45B,12.75%,$0.09B,$4.20B,2.67%,$831,$610,$220,$37,$137,$830,$1,$-20,$-20,$-25,$5,$5,$-2,$39,$1,$134,134,$-0.02,$-0.02,$174,$906,$0,$3238,$1083,$4,$1581,$333,$3209,$6447,$1455,$2049,$376,$2837,$4292,$19,$3611,$-433,$2155,$6447,$701,$92,$-591,$-499,$316,$-8,$-201,$-217,$-513,$-311,$-86,$0,$445,$0,$35,$35,$-41,$353,$626,$-538,$88,$3,$3,$-64,$2,$28,$64,$12,$-64
13,2015-06-30,50.7,$16.53,3.07,$25.76,1.97,$-2.39,0.0,$6.16,8.23,$3.81B,$1.98B,1.92,$2.05B,$2.21B,0.93,$3.46B,$1.21B,34.89%,$3.46B,$0.20B,5.70%,$3.46B,$0.20B,5.70%,$3.46B,$0.30B,8.56%,$3.46B,$0.09B,2.69%,$3.46B,$0.83B,23.95%,$0.83B,$2.21B,47.15%,$0.83B,$0.64B,90.20%,$0.83B,$7.08B,14.42%,$0.20B,$4.26B,6.29%,$887,$581,$306,$39,$156,$787,$101,$-25,$76,$18,$58,$58,$742,$132,$101,$134,134,$5.54,$5.52,$478,$1041,$0,$3806,$1113,$5,$1572,$334,$3270,$7075,$1981,$2051,$400,$2886,$4867,$19,$3636,$-400,$2208,$7075,$701,$54,$-671,$-617,$241,$-41,$-112,$-421,$-256,$-173,$-64,$0,$448,$0,$0,$0,$-35,$350,$626,$-395,$232,$2,$2,$-42,$2,$194,$368,$8,$-42
14,2015-03-31,55.07,$11.00,5.0,$25.08,2.2,$-0.53,0.0,$1.45,37.98,$3.33B,$2.02B,1.65,$1.15B,$1.47B,0.78,$3.37B,$1.22B,36.14%,$3.37B,$0.25B,7.31%,$3.37B,$0.25B,7.31%,$3.37B,$0.34B,10.04%,$3.37B,$0.15B,4.49%,$3.37B,$0.20B,5.79%,$0.20B,$1.47B,11.85%,$0.20B,$0.91B,18.79%,$0.20B,$5.31B,3.71%,$0.25B,$2.62B,8.80%,$659,$409,$251,$27,$298,$756,$-96,$-14,$-110,$-49,$-61,$-61,$-47,$-73,$-96,$134,134,$-0.35,$-0.35,$105,$641,$0,$3330,$903,$5,$558,$282,$1982,$5312,$2016,$1151,$392,$1827,$3842,$19,$2916,$-409,$1469,$5312,$-46,$23,$57,$80,$53,$-50,$-36,$-155,$-332,$-297,$-37,$0,$0,$0,$0,$0,$-33,$-70,$-0,$383,$383,$1,$1,$-20,$2,$365,$-4,$5,$-20
15,2014-12-31,54.7,$11.73,4.66,$25.78,2.12,$0.77,70.9,$2.29,23.89,$2.93B,$1.91B,1.54,$1.14B,$1.56B,0.73,$3.46B,$1.26B,36.33%,$3.46B,$0.49B,14.21%,$3.46B,$0.49B,14.21%,$3.46B,$0.59B,16.89%,$3.46B,$0.39B,11.35%,$3.46B,$0.31B,8.87%,$0.31B,$1.56B,18.05%,$0.31B,$0.97B,28.78%,$0.31B,$5.33B,5.91%,$0.49B,$2.70B,17.26%,$1092,$727,$365,$38,$229,$1006,$86,$-16,$70,$-15,$85,$85,$77,$109,$86,$134,134,$0.57,$0.57,$110,$608,$0,$2934,$930,$6,$599,$255,$2392,$5326,$1910,$1139,$418,$1852,$3762,$19,$2985,$-376,$1564,$5326,$322,$94,$112,$206,$-275,$36,$-16,$122,$-154,$374,$-182,$0,$199,$0,$28,$28,$-80,$-35,$-32,$-140,$-171,$4,$4,$-78,$-105,$-350,$-14,$15,$-78
16,2014-09-30,54.71,$13.39,4.09,$26.07,2.1,$0.58,94.54,$1.92,28.5,$2.86B,$1.74B,1.64,$1.15B,$1.78B,0.65,$3.50B,$1.25B,35.64%,$3.50B,$0.59B,16.73%,$3.50B,$0.59B,16.73%,$3.50B,$0.65B,18.65%,$3.50B,$0.49B,14.02%,$3.50B,$0.26B,7.34%,$0.26B,$1.78B,15.09%,$0.26B,$1.16B,24.41%,$0.26B,$5.25B,4.97%,$0.59B,$2.94B,20.52%,$819,$536,$284,$30,$141,$713,$106,$-49,$57,$4,$54,$54,$56,$129,$106,$133,134,$0.42,$0.42,$124,$755,$0,$2857,$1283,$26,$626,$339,$2394,$5251,$1742,$1152,$451,$1725,$3467,$19,$2928,$-164,$1784,$5251,$244,$71,$124,$195,$-98,$-73,$3,$-173,$-237,$202,$-143,$0,$199,$0,$0,$0,$-56,$1,$-18,$-101,$-119,$3,$3,$-58,$-26,$-200,$1,$12,$-58
17,2014-06-30,67.93,$13.27,5.12,$27.07,2.51,$1.56,43.48,$1.63,41.67,$2.75B,$1.69B,1.63,$1.15B,$1.77B,0.65,$3.64B,$1.27B,34.84%,$3.64B,$0.63B,17.34%,$3.64B,$0.63B,17.34%,$3.64B,$0.71B,19.48%,$3.64B,$0.54B,14.92%,$3.64B,$0.22B,6.02%,$0.22B,$1.77B,13.69%,$0.22B,$1.12B,23.31%,$0.22B,$5.13B,4.30%,$0.63B,$2.92B,23.74%,$795,$479,$316,$33,$120,$645,$150,$-16,$134,$36,$98,$98,$109,$174,$150,$133,134,$0.82,$0.81,$114,$738,$0,$2752,$1285,$27,$653,$309,$2375,$5127,$1693,$1154,$388,$1666,$3359,$19,$2892,$-136,$1768,$5127,$184,$48,$44,$92,$-19,$-44,$-53,$-160,$-161,$115,$-101,$0,$181,$0,$0,$0,$-4,$75,$-17,$-138,$-155,$3,$3,$-38,$-8,$-198,$-9,$8,$-38
18,2014-03-31,72.9,$12.67,5.75,$27.54,2.65,$2.55,28.53,$1.68,43.39,$2.75B,$1.73B,1.59,$1.15B,$1.69B,0.68,$3.72B,$1.28B,34.40%,$3.72B,$0.65B,17.58%,$3.72B,$0.65B,17.58%,$3.72B,$0.74B,19.78%,$3.72B,$0.56B,15.16%,$3.72B,$0.23B,6.13%,$0.23B,$1.69B,14.63%,$0.23B,$1.03B,24.35%,$0.23B,$5.09B,4.65%,$0.65B,$2.84B,25.97%,$757,$464,$293,$26,$115,$607,$150,$-18,$132,$35,$97,$97,$65,$174,$150,$133,134,$0.49,$0.49,$93,$703,$0,$2753,$1269,$27,$659,$283,$2338,$5091,$1727,$1154,$383,$1677,$3403,$19,$2803,$-142,$1687,$5091,$70,$24,$53,$76,$-80,$-10,$-78,$-123,$-244,$-97,$-63,$0,$199,$0,$0,$0,$-12,$124,$-1,$-40,$-40,$1,$1,$-18,$0,$-57,$-31,$4,$-18
19,2013-12-31,71.71,$12.01,5.97,$28.50,2.52,$3.15,22.75,$2.13,33.67,$2.95B,$1.99B,1.48,$1.15B,$1.57B,0.73,$3.88B,$1.34B,34.61%,$3.88B,$0.71B,18.27%,$3.88B,$0.71B,18.27%,$3.88B,$0.79B,20.49%,$3.88B,$0.62B,15.90%,$3.88B,$0.29B,7.56%,$0.29B,$1.57B,19.44%,$0.29B,$0.91B,31.65%,$0.29B,$5.24B,6.18%,$0.71B,$2.73B,28.47%,$1131,$776,$355,$33,$142,$951,$180,$-11,$168,$36,$133,$133,$27,$176,$180,$133,134,$0.20,$0.20,$123,$688,$0,$2945,$1248,$27,$662,$262,$2290,$5235,$1987,$1154,$391,$1676,$3663,$19,$2757,$-202,$1572,$5235,$308,$88,$269,$357,$-382,$2,$45,$20,$-336,$329,$-163,$0,$-340,$0,$0,$0,$-151,$-653,$406,$483,$889,$-356,$-356,$-74,$-88,$371,$46,$14,$-74
20,2013-09-30,68.04,$10.31,6.6,$25.42,2.68,$3.25,20.92,$2.67,25.48,$2.61B,$2.07B,1.26,$0.77B,$1.37B,0.56,$3.49B,$1.27B,36.46%,$3.49B,$0.67B,19.31%,$3.49B,$0.67B,19.31%,$3.49B,$0.79B,22.78%,$3.49B,$0.57B,16.35%,$3.49B,$0.37B,10.56%,$0.37B,$1.37B,24.49%,$0.37B,$0.71B,38.09%,$0.37B,$4.93B,8.13%,$0.67B,$2.15B,27.79%,$957,$653,$304,$29,$125,$807,$151,$-42,$109,$32,$77,$77,$18,$185,$151,$134,135,$0.13,$0.13,$110,$708,$0,$2611,$1164,$30,$668,$250,$2320,$4931,$2067,$772,$358,$1491,$3557,$19,$2748,$-385,$1374,$4931,$276,$92,$156,$248,$-94,$-14,$1,$-145,$-175,$349,$-158,$0,$-340,$0,$-6,$-6,$-67,$-571,$11,$740,$751,$-357,$-357,$-56,$-85,$254,$33,$12,$-56
21,2013-06-30,57.81,$11.72,4.93,$24.27,2.38,$3.45,16.74,$3.19,18.12,$2.18B,$1.27B,1.72,$0.76B,$1.60B,0.48,$3.35B,$1.27B,37.75%,$3.35B,$0.67B,20.08%,$3.35B,$0.67B,20.08%,$3.35B,$0.78B,23.22%,$3.35B,$0.60B,17.82%,$3.35B,$0.44B,13.13%,$0.44B,$1.60B,28.73%,$0.44B,$1.10B,42.24%,$0.44B,$4.35B,10.21%,$0.67B,$2.36B,27.36%,$876,$549,$328,$28,$127,$704,$173,$-17,$155,$36,$120,$120,$118,$201,$173,$136,137,$0.86,$0.86,$77,$661,$0,$2183,$1147,$43,$497,$276,$2167,$4350,$1269,$762,$329,$1482,$2751,$19,$2748,$-407,$1599,$4350,$256,$58,$56,$114,$30,$10,$-72,$-183,$-137,$233,$-83,$0,$-0,$0,$-5,$-5,$-25,$-113,$0,$107,$107,$-108,$-108,$-37,$-81,$-119,$0,$9,$-37
22,2013-03-31,53.88,$10.90,4.95,$24.43,2.21,$3.56,15.13,$3.09,17.44,$2.29B,$0.99B,2.31,$1.23B,$1.48B,0.83,$3.38B,$1.28B,37.72%,$3.38B,$0.68B,20.15%,$3.38B,$0.68B,20.15%,$3.38B,$0.79B,23.46%,$3.38B,$0.61B,17.93%,$3.38B,$0.43B,12.60%,$0.43B,$1.48B,28.82%,$0.43B,$0.99B,42.85%,$0.43B,$4.45B,10.15%,$0.68B,$2.72B,28.16%,$911,$557,$354,$28,$122,$707,$204,$-20,$184,$45,$138,$138,$130,$232,$204,$137,138,$0.95,$0.94,$83,$679,$0,$2285,$1127,$45,$497,$275,$2163,$4448,$988,$1234,$339,$1977,$2965,$19,$2649,$-407,$1483,$4448,$135,$29,$29,$58,$-101,$-5,$-56,$-145,$-237,$-45,$-38,$0,$-0,$0,$-3,$-3,$-14,$-55,$0,$312,$312,$-113,$-113,$-19,$-74,$105,$6,$5,$-19
23,2012-12-31,55.16,$11.29,4.88,$24.58,2.24,$3.97,13.91,$3.01,18.36,$2.18B,$1.14B,1.92,$0.91B,$1.56B,0.59,$3.41B,$1.27B,37.18%,$3.41B,$0.67B,19.56%,$3.41B,$0.67B,19.56%,$3.41B,$0.78B,22.96%,$3.41B,$0.60B,17.57%,$3.41B,$0.42B,12.17%,$0.42B,$1.56B,28.97%,$0.42B,$1.07B,42.84%,$0.42B,$4.37B,10.25%,$0.67B,$2.46B,29.10%,$742,$457,$285,$27,$114,$598,$145,$-23,$122,$15,$107,$107,$102,$176,$145,$138,139,$0.74,$0.74,$77,$642,$0,$2182,$956,$26,$483,$248,$2192,$4374,$1136,$909,$396,$1684,$2819,$19,$2537,$-409,$1555,$4374,$436,$116,$90,$206,$-192,$-195,$51,$69,$-282,$360,$-175,$0,$-143,$-14,$0,$-14,$-62,$-394,$-15,$153,$138,$-130,$-130,$-48,$-8,$-48,$-82,$16,$-48
24,2012-09-30,52.08,$10.83,4.81,$23.19,2.25,$4.21,12.38,$2.82,18.5,$2.03B,$1.09B,1.86,$0.81B,$1.49B,0.54,$3.24B,$1.21B,37.37%,$3.24B,$0.64B,19.66%,$3.24B,$0.64B,19.66%,$3.24B,$0.73B,22.44%,$3.24B,$0.61B,18.86%,$3.24B,$0.39B,12.12%,$0.39B,$1.49B,28.62%,$0.39B,$1.01B,42.45%,$0.39B,$4.07B,10.07%,$0.64B,$2.30B,28.96%,$822,$524,$298,$28,$119,$671,$151,$-16,$136,$30,$106,$106,$90,$169,$151,$137,138,$0.65,$0.65,$84,$621,$0,$2026,$1071,$36,$482,$266,$2040,$4066,$1087,$808,$339,$1491,$2578,$19,$2453,$-369,$1488,$4066,$330,$85,$78,$163,$-83,$-144,$4,$-98,$-160,$333,$-108,$0,$-114,$0,$-10,$-10,$-38,$-270,$-12,$56,$44,$-136,$-136,$-35,$-10,$-137,$-75,$13,$-35
25,2012-06-30,50.21,$10.10,4.97,$23.27,2.16,$3.84,13.07,$2.77,18.13,$1.95B,$1.00B,1.96,$0.81B,$1.39B,0.58,$3.28B,$1.20B,36.58%,$3.28B,$0.63B,19.36%,$3.28B,$0.63B,19.36%,$3.28B,$0.74B,22.53%,$3.28B,$0.60B,18.35%,$3.28B,$0.39B,11.85%,$0.39B,$1.39B,28.91%,$0.39B,$0.91B,40.20%,$0.39B,$3.91B,10.42%,$0.63B,$2.20B,30.33%,$905,$567,$338,$28,$128,$724,$181,$-17,$164,$45,$118,$118,$104,$216,$181,$137,138,$0.76,$0.76,$76,$560,$0,$1953,$1021,$33,$475,$222,$1955,$3908,$996,$810,$334,$1525,$2521,$19,$2375,$-391,$1387,$3908,$235,$67,$59,$126,$-64,$-91,$-16,$-87,$-114,$247,$-81,$0,$-98,$0,$-7,$-7,$-13,$-199,$-10,$41,$32,$-137,$-137,$-23,$-3,$-131,$-83,$10,$-23
26,2012-03-31,49.61,$9.48,5.23,$22.35,2.22,$3.15,15.77,$2.76,18.01,$1.94B,$0.92B,2.12,$0.91B,$1.30B,0.7,$3.18B,$1.16B,36.42%,$3.18B,$0.62B,19.42%,$3.18B,$0.62B,19.42%,$3.18B,$0.72B,22.60%,$3.18B,$0.58B,18.35%,$3.18B,$0.39B,12.29%,$0.39B,$1.30B,28.95%,$0.39B,$0.88B,37.60%,$0.39B,$3.85B,10.82%,$0.62B,$2.21B,30.62%,$941,$593,$347,$29,$129,$751,$190,$-13,$177,$45,$132,$132,$119,$222,$190,$138,139,$0.86,$0.85,$71,$510,$0,$1943,$1012,$31,$416,$216,$1908,$3852,$917,$910,$333,$1635,$2552,$9,$2283,$-371,$1300,$3852,$125,$32,$26,$58,$-117,$-36,$-13,$-64,$-170,$12,$-39,$0,$-21,$0,$-3,$-3,$-5,$-68,$-7,$127,$120,$-140,$-140,$-11,$-2,$-33,$-88,$6,$-11
27,2011-12-31,40.25,$9.34,4.31,$21.12,1.91,$2.71,14.84,$2.55,15.78,$1.87B,$0.92B,2.03,$0.78B,$1.30B,0.6,$3.04B,$1.10B,36.23%,$3.04B,$0.59B,19.37%,$3.04B,$0.59B,19.37%,$3.04B,$0.69B,22.63%,$3.04B,$0.55B,18.21%,$3.04B,$0.37B,12.06%,$0.37B,$1.30B,27.01%,$0.37B,$0.89B,33.37%,$0.37B,$3.74B,10.45%,$0.59B,$2.08B,30.49%,$567,$341,$226,$26,$80,$453,$114,$19,$133,$37,$97,$97,$79,$119,$114,$142,143,$0.56,$0.55,$159,$470,$0,$1869,$987,$28,$413,$199,$1874,$3744,$920,$779,$330,$1520,$2439,$19,$2176,$-390,$1304,$3744,$382,$100,$44,$143,$-108,$-110,$65,$20,$-144,$381,$-156,$0,$-125,$0,$-3,$-3,$-74,$-358,$179,$9,$188,$-158,$-158,$-41,$-14,$-25,$-3,$15,$-41
28,2011-09-30,32.3,$9.79,3.3,$22.71,1.42,$2.61,12.39,$1.63,19.81,$1.69B,$0.91B,1.86,$0.49B,$1.38B,0.36,$3.28B,$1.14B,34.70%,$3.28B,$0.58B,17.77%,$3.28B,$0.58B,17.77%,$3.28B,$0.71B,21.68%,$3.28B,$0.40B,12.29%,$3.28B,$0.24B,7.16%,$0.24B,$1.38B,17.72%,$0.24B,$1.17B,21.19%,$0.24B,$3.39B,6.92%,$0.58B,$1.87B,31.85%,$862,$575,$287,$28,$111,$713,$149,$-22,$127,$30,$97,$97,$86,$181,$149,$142,143,$0.61,$0.61,$109,$444,$0,$1690,$955,$26,$204,$248,$1699,$3390,$910,$494,$316,$1102,$2011,$9,$2109,$-294,$1378,$3390,$301,$94,$121,$215,$0,$-94,$-45,$-113,$-217,$298,$-118,$0,$-2,$0,$0,$0,$-17,$-137,$-90,$23,$-68,$-105,$-105,$-31,$-11,$-214,$-52,$13,$-31
29,2011-06-30,40.09,$9.92,4.04,$21.97,1.82,$2.67,15.03,$1.59,25.21,$1.75B,$0.93B,1.9,$0.49B,$1.42B,0.34,$3.19B,$1.11B,34.66%,$3.19B,$0.57B,17.71%,$3.19B,$0.57B,17.71%,$3.19B,$0.69B,21.72%,$3.19B,$0.40B,12.38%,$3.19B,$0.23B,7.24%,$0.23B,$1.42B,17.49%,$0.23B,$1.21B,20.90%,$0.23B,$3.47B,6.79%,$0.57B,$1.91B,30.78%,$812,$513,$299,$25,$109,$647,$165,$-18,$147,$26,$121,$121,$107,$197,$165,$143,144,$0.75,$0.74,$187,$421,$0,$1753,$957,$25,$210,$245,$1713,$3466,$925,$486,$325,$1120,$2045,$9,$2033,$-270,$1421,$3466,$210,$63,$75,$137,$3,$-64,$-75,$-56,$-203,$144,$-71,$0,$0,$0,$0,$0,$-8,$-79,$-24,$8,$-16,$-6,$-6,$-20,$-1,$-42,$25,$9,$-20
30,2011-03-31,39.51,$9.18,4.3,$21.64,1.83,$3.05,12.94,$1.30,30.51,$1.72B,$0.91B,1.9,$0.53B,$1.32B,0.41,$3.16B,$1.07B,33.97%,$3.16B,$0.55B,17.33%,$3.16B,$0.55B,17.33%,$3.16B,$0.68B,21.39%,$3.16B,$0.37B,11.72%,$3.16B,$0.19B,5.99%,$0.19B,$1.32B,14.89%,$0.19B,$1.11B,17.83%,$0.19B,$3.42B,5.66%,$0.55B,$1.85B,30.34%,$795,$507,$288,$23,$106,$636,$160,$-14,$146,$41,$105,$105,$94,$190,$160,$143,144,$0.66,$0.65,$86,$380,$0,$1718,$939,$24,$206,$235,$1699,$3416,$906,$534,$330,$1193,$2099,$9,$1936,$-278,$1317,$3416,$97,$30,$49,$79,$-114,$-25,$-44,$-34,$-236,$-60,$-30,$0,$0,$0,$0,$0,$-2,$-33,$-8,$31,$23,$3,$3,$-9,$-1,$16,$-76,$5,$-9
31,2010-12-31,37.1,$8.32,4.46,$21.28,1.74,$3.42,10.85,$1.18,31.57,$1.65B,$0.96B,1.71,$0.50B,$1.19B,0.42,$3.12B,$1.05B,33.71%,$3.12B,$0.54B,17.32%,$3.12B,$0.54B,17.32%,$3.12B,$0.67B,21.55%,$3.12B,$0.35B,11.26%,$3.12B,$0.17B,5.52%,$0.17B,$1.19B,13.91%,$0.17B,$0.94B,16.71%,$0.17B,$3.32B,5.22%,$0.54B,$1.69B,30.18%,$811,$546,$264,$31,$125,$702,$109,$-126,$-17,$25,$-42,$-42,$-52,$144,$109,$144,146,$-0.36,$-0.37,$162,$348,$0,$1646,$919,$22,$248,$170,$1674,$3320,$963,$503,$318,$1167,$2131,$9,$1853,$-312,$1189,$3320,$185,$134,$168,$301,$-110,$-8,$91,$-104,$-132,$355,$-140,$0,$-8,$0,$0,$0,$-7,$-154,$9,$-15,$-6,$-120,$-120,$-36,$45,$-117,$85,$15,$-36
32,2010-09-30,31.72,$9.35,3.39,$20.66,1.53,$2.93,10.81,$1.97,16.1,$1.76B,$0.84B,2.11,$0.54B,$1.36B,0.39,$3.03B,$1.01B,33.25%,$3.03B,$0.53B,17.63%,$3.03B,$0.53B,17.63%,$3.03B,$0.67B,21.99%,$3.03B,$0.42B,13.73%,$3.03B,$0.29B,9.44%,$0.29B,$1.36B,23.39%,$0.29B,$1.16B,27.90%,$0.29B,$3.40B,8.81%,$0.53B,$1.89B,29.72%,$773,$518,$255,$24,$100,$642,$131,$-12,$119,$32,$86,$86,$82,$163,$131,$145,146,$0.57,$0.57,$267,$367,$0,$1762,$943,$22,$199,$222,$1641,$3404,$835,$535,$352,$1212,$2047,$9,$1916,$-291,$1357,$3404,$235,$99,$65,$164,$-68,$-26,$38,$-109,$-114,$285,$-93,$0,$0,$0,$0,$0,$-15,$-107,$30,$-6,$25,$-25,$-25,$-27,$41,$13,$191,$12,$-27
33,2010-06-30,26.58,$8.36,3.18,$20.25,1.31,$2.60,10.23,$1.60,16.66,$1.66B,$0.74B,2.25,$0.56B,$1.21B,0.46,$2.97B,$0.96B,32.17%,$2.97B,$0.50B,16.94%,$2.97B,$0.50B,16.94%,$2.97B,$0.64B,21.42%,$2.97B,$0.36B,12.13%,$2.97B,$0.23B,7.81%,$0.23B,$1.21B,19.94%,$0.23B,$1.03B,24.10%,$0.23B,$3.22B,7.35%,$0.50B,$1.78B,28.92%,$777,$512,$265,$22,$96,$630,$147,$-25,$122,$34,$88,$88,$65,$179,$147,$145,147,$0.45,$0.45,$162,$346,$0,$1659,$917,$21,$184,$222,$1561,$3219,$737,$563,$347,$1269,$2007,$9,$1842,$-324,$1213,$3219,$149,$67,$129,$195,$-94,$-14,$8,$-70,$-157,$187,$-57,$0,$0,$0,$0,$0,$-9,$-66,$-3,$1,$-2,$-18,$-18,$-18,$3,$-35,$86,$8,$-18
34,2010-03-31,27.96,$8.16,3.42,$19.73,1.42,$2.28,12.27,$1.62,17.31,$1.64B,$0.74B,2.23,$0.61B,$1.19B,0.51,$2.89B,$0.91B,31.57%,$2.89B,$0.48B,16.70%,$2.89B,$0.48B,16.70%,$2.89B,$0.62B,21.27%,$2.89B,$0.33B,11.38%,$2.89B,$0.24B,8.16%,$0.24B,$1.19B,20.78%,$0.24B,$0.99B,25.37%,$0.24B,$3.23B,7.59%,$0.48B,$1.80B,28.23%,$757,$490,$267,$24,$91,$604,$153,$-26,$127,$41,$86,$86,$77,$187,$153,$145,147,$0.53,$0.53,$87,$346,$0,$1638,$938,$22,$198,$214,$1595,$3233,$735,$610,$310,$1312,$2046,$9,$1785,$-298,$1187,$3233,$80,$34,$64,$98,$-148,$-7,$-14,$-35,$-186,$-8,$-30,$0,$0,$0,$0,$0,$-1,$-31,$-1,$59,$58,$3,$3,$-9,$-3,$49,$10,$4,$-9
35,2009-12-31,25.7,$7.81,3.29,$19.28,1.33,$2.43,10.57,$1.56,16.53,$1.49B,$0.71B,2.1,$0.59B,$1.13B,0.52,$2.83B,$0.88B,31.25%,$2.83B,$0.47B,16.53%,$2.83B,$0.47B,16.53%,$2.83B,$0.60B,21.05%,$2.83B,$0.31B,11.00%,$2.83B,$0.23B,8.07%,$0.23B,$1.13B,20.90%,$0.23B,$0.92B,25.73%,$0.23B,$3.14B,7.46%,$0.47B,$1.72B,27.99%,$722,$502,$220,$29,$88,$619,$103,$-55,$48,$-21,$69,$69,$62,$137,$103,$144,147,$0.43,$0.43,$77,$351,$0,$1488,$965,$22,$210,$211,$1649,$3136,$709,$588,$299,$1294,$2003,$9,$1717,$-279,$1133,$3136,$239,$127,$182,$309,$-59,$35,$-72,$-41,$-247,$302,$-157,$0,$-34,$0,$0,$0,$-9,$-201,$376,$-374,$1,$-26,$-26,$-36,$-16,$-78,$24,$11,$-36
36,2009-09-30,25.87,$7.76,3.33,$19.22,1.35,$2.86,9.03,$1.45,17.9,$1.44B,$0.77B,1.88,$0.54B,$1.12B,0.48,$2.84B,$0.88B,31.07%,$2.84B,$0.43B,15.02%,$2.84B,$0.43B,15.02%,$2.84B,$0.55B,19.39%,$2.84B,$0.34B,11.86%,$2.84B,$0.21B,7.46%,$0.21B,$1.12B,20.20%,$0.21B,$0.91B,25.01%,$0.21B,$3.05B,7.01%,$0.43B,$1.66B,26.23%,$713,$510,$203,$23,$80,$613,$100,$-38,$63,$27,$36,$36,$28,$133,$100,$144,146,$0.20,$0.19,$60,$381,$0,$1435,$949,$22,$213,$205,$1610,$3046,$765,$542,$282,$1159,$1924,$9,$1664,$-227,$1122,$3046,$172,$94,$161,$254,$-25,$6,$-103,$-16,$-183,$243,$-100,$0,$-34,$0,$0,$0,$-7,$-141,$21,$-47,$-25,$-30,$-30,$-27,$-13,$-97,$8,$9,$-27
37,2009-06-30,21.7,$7.60,2.86,$19.74,1.1,$3.42,6.35,$1.78,12.19,$1.42B,$0.72B,1.99,$0.56B,$1.10B,0.51,$2.95B,$0.92B,31.19%,$2.95B,$0.46B,15.66%,$2.95B,$0.46B,15.66%,$2.95B,$0.59B,19.83%,$2.95B,$0.39B,13.15%,$2.95B,$0.26B,8.95%,$0.26B,$1.10B,24.99%,$0.26B,$0.90B,30.72%,$0.26B,$3.03B,8.82%,$0.46B,$1.66B,28.26%,$700,$477,$223,$21,$75,$573,$127,$-37,$91,$14,$77,$77,$69,$158,$127,$144,147,$0.48,$0.47,$67,$390,$0,$1424,$948,$21,$202,$194,$1605,$3029,$717,$561,$269,$1210,$1927,$9,$1645,$-250,$1101,$3029,$143,$61,$104,$165,$-11,$-6,$-106,$0,$-154,$154,$-70,$0,$-32,$0,$0,$0,$-5,$-107,$19,$-12,$7,$-14,$-14,$-18,$-9,$-33,$15,$7,$-18
38,2009-03-31,19.74,$6.93,2.85,$20.24,0.98,$3.66,5.4,$1.86,10.61,$1.48B,$0.72B,2.05,$0.62B,$1.01B,0.61,$3.06B,$0.97B,31.63%,$3.06B,$0.49B,16.09%,$3.06B,$0.49B,16.09%,$3.06B,$0.62B,20.12%,$3.06B,$0.44B,14.26%,$3.06B,$0.28B,9.13%,$0.28B,$1.01B,25.71%,$0.28B,$0.81B,31.33%,$0.28B,$3.02B,9.36%,$0.49B,$1.63B,29.89%,$691,$454,$237,$20,$80,$554,$137,$-28,$109,$33,$75,$75,$69,$167,$137,$145,147,$0.48,$0.47,$55,$410,$0,$1481,$916,$21,$195,$171,$1539,$3020,$723,$618,$267,$1290,$2012,$9,$1585,$-291,$1008,$3020,$71,$30,$63,$93,$-44,$-35,$-60,$-4,$-149,$15,$-30,$0,$-13,$0,$0,$0,$-1,$-44,$12,$38,$50,$-0,$-0,$-9,$-8,$32,$3,$4,$-9
39,2008-12-31,20.41,$6.66,3.06,$20.44,1.0,$3.62,5.64,$2.01,10.18,$1.43B,$0.76B,1.89,$0.59B,$0.97B,0.61,$3.12B,$0.98B,31.48%,$3.12B,$0.50B,16.08%,$3.12B,$0.50B,16.08%,$3.12B,$0.63B,20.06%,$3.12B,$0.47B,15.15%,$3.12B,$0.30B,9.72%,$0.30B,$0.97B,27.04%,$0.30B,$0.77B,32.70%,$0.30B,$2.99B,10.27%,$0.50B,$1.56B,30.41%,$738,$518,$220,$26,$81,$674,$63,$11,$74,$17,$57,$57,$46,$93,$63,$148,152,$0.33,$0.32,$52,$381,$0,$1433,$939,$21,$197,$161,$1561,$2994,$759,$593,$272,$1268,$2028,$9,$1525,$-276,$966,$2994,$322,$124,$136,$260,$-99,$-84,$52,$-87,$-274,$308,$-93,$0,$-91,$0,$0,$0,$-8,$-192,$-91,$174,$83,$-174,$-174,$-34,$-13,$-138,$-23,$11,$-34
40,2008-09-30,23.38,$7.77,3.01,$19.92,1.17,$3.23,7.23,$1.96,11.96,$1.43B,$0.76B,1.88,$0.54B,$1.15B,0.47,$3.05B,$0.96B,31.36%,$3.05B,$0.36B,11.70%,$3.05B,$0.36B,11.70%,$3.05B,$0.48B,15.86%,$3.05B,$0.46B,14.94%,$3.05B,$0.30B,9.73%,$0.30B,$1.15B,25.94%,$0.30B,$0.96B,31.09%,$0.30B,$2.93B,10.29%,$0.36B,$1.69B,21.92%,$821,$581,$240,$23,$82,$686,$135,$-21,$114,$23,$91,$91,$80,$167,$135,$148,152,$0.54,$0.53,$95,$361,$0,$1433,$931,$23,$192,$192,$1498,$2930,$761,$542,$292,$1020,$1781,$9,$1488,$-51,$1150,$2930,$258,$94,$110,$204,$-128,$-50,$40,$-64,$-183,$279,$-46,$0,$-90,$0,$0,$0,$-5,$-141,$-78,$114,$36,$-114,$-114,$-25,$-13,$-116,$20,$0,$-25
41,2008-06-30,35.15,$8.13,4.33,$18.57,1.89,$2.51,14.0,$1.67,21.05,$1.52B,$0.78B,1.95,$0.49B,$1.22B,0.41,$2.86B,$0.90B,31.60%,$2.86B,$0.31B,10.95%,$2.86B,$0.31B,10.95%,$2.86B,$0.44B,15.40%,$2.86B,$0.40B,13.93%,$2.86B,$0.25B,8.89%,$0.25B,$1.22B,22.65%,$0.25B,$1.02B,27.14%,$0.25B,$2.98B,8.95%,$0.31B,$1.71B,19.89%,$807,$536,$270,$23,$90,$649,$157,$-19,$139,$43,$96,$96,$84,$188,$157,$149,153,$0.57,$0.55,$123,$321,$0,$1516,$918,$21,$193,$170,$1463,$2979,$777,$492,$305,$986,$1763,$9,$1417,$25,$1216,$2979,$178,$62,$77,$139,$-144,$-39,$29,$-51,$-206,$112,$12,$0,$0,$0,$0,$0,$-3,$10,$-78,$75,$-3,$-51,$-51,$-16,$-6,$-75,$48,$0,$-16
42,2008-03-31,25.15,$7.69,3.27,$17.53,1.43,$1.65,15.25,$1.18,21.4,$1.41B,$0.78B,1.81,$0.48B,$1.15B,0.42,$2.71B,$0.84B,31.12%,$2.71B,$0.26B,9.75%,$2.71B,$0.26B,9.75%,$2.71B,$0.39B,14.54%,$2.71B,$0.27B,9.78%,$2.71B,$0.18B,6.61%,$0.18B,$1.15B,16.64%,$0.18B,$0.96B,19.96%,$0.18B,$2.90B,6.45%,$0.26B,$1.63B,17.41%,$750,$499,$251,$22,$84,$605,$146,$-0,$145,$42,$103,$103,$93,$177,$146,$149,153,$0.63,$0.62,$70,$301,$0,$1410,$920,$21,$194,$151,$1492,$2903,$781,$483,$303,$971,$1752,$9,$1342,$13,$1150,$2903,$94,$31,$33,$64,$-148,$-18,$-7,$-35,$-224,$-66,$45,$0,$0,$0,$0,$0,$-1,$45,$-7,$65,$57,$-27,$-27,$-8,$-6,$17,$-5,$0,$-8
43,2007-12-31,24.68,$7.08,3.48,$16.94,1.46,$1.29,19.08,$0.85,28.95,$1.19B,$0.75B,1.59,$0.42B,$1.06B,0.39,$2.63B,$0.80B,30.50%,$2.63B,$0.23B,8.62%,$2.63B,$0.23B,8.62%,$2.63B,$0.36B,13.71%,$2.63B,$0.20B,7.41%,$2.63B,$0.13B,5.01%,$0.13B,$1.06B,12.53%,$0.13B,$0.88B,14.98%,$0.13B,$2.73B,4.81%,$0.23B,$1.48B,15.12%,$674,$479,$196,$27,$86,$755,$-81,$138,$58,$2,$56,$56,$40,$-48,$-81,$151,155,$0.27,$0.27,$76,$275,$0,$1194,$935,$21,$180,$145,$1539,$2733,$751,$420,$306,$918,$1669,$9,$1256,$-10,$1064,$2733,$142,$134,$155,$289,$-49,$-40,$11,$-50,$-161,$270,$-110,$0,$0,$0,$0,$0,$-11,$-121,$-54,$-47,$-101,$-102,$-102,$-30,$-11,$-243,$-90,$0,$-30
44,2007-09-30,23.49,$6.98,3.37,$16.31,1.44,$-0.61,0.0,$0.67,35.05,$1.17B,$0.77B,1.52,$0.42B,$1.06B,0.4,$2.55B,$0.78B,30.60%,$2.55B,$0.30B,11.82%,$2.55B,$0.30B,11.82%,$2.55B,$0.44B,17.12%,$2.55B,$0.19B,7.42%,$2.55B,$0.10B,4.08%,$0.10B,$1.06B,10.00%,$0.10B,$0.88B,11.93%,$0.10B,$2.74B,3.79%,$0.30B,$1.47B,19.88%,$627,$440,$186,$21,$74,$536,$91,$-35,$56,$15,$41,$41,$37,$123,$91,$150,155,$0.25,$0.24,$116,$257,$0,$1174,$935,$21,$175,$140,$1564,$2738,$771,$416,$306,$912,$1683,$9,$1232,$-24,$1055,$2738,$92,$101,$152,$253,$-64,$-24,$-16,$-30,$-144,$201,$-75,$0,$0,$0,$0,$0,$-3,$-79,$-82,$12,$-70,$-72,$-72,$-22,$-11,$-175,$-50,$0,$-22
45,2007-06-30,20.14,$6.80,2.96,$15.88,1.27,$-0.37,0.0,$0.65,30.86,$1.15B,$0.73B,1.57,$0.44B,$1.04B,0.43,$2.49B,$0.75B,30.23%,$2.49B,$0.28B,11.04%,$2.49B,$0.28B,11.04%,$2.49B,$0.41B,16.46%,$2.49B,$0.19B,7.55%,$2.49B,$0.10B,4.09%,$0.10B,$1.04B,9.88%,$0.10B,$0.87B,11.75%,$0.10B,$2.73B,3.70%,$0.28B,$1.48B,17.78%,$658,$448,$210,$24,$78,$550,$108,$-102,$6,$-8,$14,$14,$9,$142,$108,$151,156,$0.06,$0.06,$63,$230,$0,$1150,$947,$21,$168,$132,$1580,$2730,$732,$440,$317,$963,$1695,$5,$1203,$-39,$1035,$2730,$54,$68,$136,$204,$-141,$-8,$-17,$-57,$-223,$36,$-44,$0,$0,$0,$0,$0,$3,$-40,$-66,$30,$-36,$-45,$-45,$-14,$-5,$-99,$-102,$0,$-14
46,2007-03-31,16.95,$6.92,2.45,$15.36,1.1,$-0.05,0.0,$0.89,19.1,$1.12B,$0.67B,1.68,$0.52B,$1.06B,0.49,$2.43B,$0.73B,29.98%,$2.43B,$0.26B,10.56%,$2.43B,$0.26B,10.56%,$2.43B,$0.39B,16.12%,$2.43B,$0.23B,9.28%,$2.43B,$0.14B,5.73%,$0.14B,$1.06B,13.44%,$0.14B,$0.89B,15.93%,$0.14B,$2.77B,5.02%,$0.26B,$1.58B,16.18%,$674,$463,$211,$23,$77,$565,$109,$-34,$75,$20,$55,$55,$46,$144,$109,$152,156,$0.30,$0.30,$49,$217,$0,$1123,$1017,$20,$166,$130,$1641,$2765,$669,$516,$305,$1036,$1705,$5,$1208,$-45,$1060,$2765,$46,$35,$51,$85,$-151,$4,$-19,$-25,$-189,$-58,$-19,$0,$0,$0,$0,$0,$3,$-16,$-51,$36,$-15,$-16,$-16,$-7,$-5,$-43,$-116,$0,$-7
47,2006-12-31,17.16,$6.59,2.6,$14.79,1.16,$0.18,93.08,$1.02,16.79,$1.07B,$0.72B,1.49,$0.52B,$1.01B,0.52,$2.35B,$0.71B,30.28%,$2.35B,$0.25B,10.70%,$2.35B,$0.25B,10.70%,$2.35B,$0.38B,16.33%,$2.35B,$0.21B,9.08%,$2.35B,$0.13B,5.59%,$0.13B,$1.01B,12.83%,$0.13B,$0.85B,15.17%,$0.13B,$2.74B,4.73%,$0.25B,$1.53B,15.77%,$587,$416,$172,$27,$77,$595,$-7,$59,$52,$20,$32,$32,$12,$27,$-7,$153,158,$0.08,$0.08,$166,$219,$0,$1068,$1025,$22,$164,$126,$1673,$2741,$718,$524,$261,$1013,$1731,$9,$1157,$-57,$1010,$2741,$131,$132,$122,$18,$-31,$22,$-12,$-46,$-46,$-28,$-110,$-9,$0,$0,$12,$12,$-2,$-9,$-92,$-27,$-27,$-52,$-52,$-21,$-7,$-27,$-64,$0,$-21
