,Date,Stock Price,Book Value per Share,Price to Book Ratio,TTM Sales per Share,Price to Sales Ratio,TTM FCF per Share,Price to FCF Ratio,TTM Net EPS,PE Ratio,Current Assets,Current Liabilities,Current Ratio,Long Term Debt,Shareholder's Equity_x,Debt to Equity Ratio,TTM Revenue_x,TTM Gross Profit,Gross Margin,TTM Revenue_y,TTM Operating Income,Operating Margin,TTM Revenue_x,TTM EBIT,EBIT Margin,TTM Revenue_y,TTM EBITDA,EBITDA Margin,TTM Revenue_x,TTM Pre-Tax Income,Pre-Tax Margin,TTM Revenue_y,TTM Net Income_x,Net Margin,TTM Net Income_y,Shareholder's Equity_y,Return on Equity,TTM Net Income_x,Tangible Equity,Return on Tangible Equity,TTM Net Income_y,Total Assets,Return on Assets,TTM Net Income,LT Investments & Debt,Return on Investment,revenue,cost-goods-sold,gross-profit,research-development-expenses,selling-general-administrative-expenses,operating-expenses,operating-income,total-non-operating-income-expense,pre-tax-income,total-provision-income-taxes,income-after-taxes,income-from-continuous-operations,net-income,ebitda,ebit,basic-shares-outstanding,shares-outstanding,eps-basic-net-earnings-per-share,eps-earnings-per-share-diluted,cash-on-hand,inventory,other-current-assets,total-current-assets,net-property-plant-equipment,long-term-investments,goodwill-intangible-assets-total,other-long-term-assets,total-long-term-assets,total-assets,total-current-liabilities,long-term-debt,other-non-current-liabilities,total-long-term-liabilities,total-liabilities,common-stock-net,retained-earnings-accumulated-deficit,comprehensive-income,total-share-holder-equity,total-liabilities-share-holders-equity,net-income-loss,total-depreciation-amortization-cash-flow,other-non-cash-items,total-non-cash-items,change-in-accounts-receivable,change-in-inventories,change-in-accounts-payable,change-in-assets-liabilities,total-change-in-assets-liabilities,cash-flow-from-operating-activities,net-change-in-property-plant-equipment,net-change-in-intangible-assets,net-acquisitions-divestitures,net-change-in-short-term-investments,net-change-in-long-term-investments,net-change-in-investments-total,investing-activities-other,cash-flow-from-investing-activities,net-long-term-debt,net-current-debt,debt-issuance-retirement-net-total,net-common-equity-issued-repurchased,net-total-equity-issued-repurchased,total-common-preferred-stock-dividends-paid,financial-activities-other,cash-flow-from-financial-activities,net-cash-flow,stock-based-compensation,common-stock-dividends-paid
0,2018-09-30,51.42,$23.39,2.2,$32.40,1.59,$3.26,15.77,$3.79,13.57,$8.76B,$7.04B,1.25,$5.86B,$14.36B,0.41,$19.87B,$6.28B,31.60%,$19.87B,$3.51B,17.68%,$19.87B,$3.51B,17.68%,$19.87B,$4.32B,21.72%,$19.87B,$3.13B,15.76%,$19.87B,$2.32B,11.66%,$2.32B,$14.36B,17.07%,$2.32B,$-0.36B,-180.87%,$2.32B,$29.75B,7.96%,$3.51B,$20.22B,17.48%,$4718,$3245,$1474,$30,$864,$4106,$612,$-87,$526,$121,$405,$405,$331,$810,$612,$613,613,$0.54,$0.54,$2039,$1690,$0,$8759,$4331,$733,$14714,$831,$20991,$29750,$7036,$5861,$749,$8360,$15396,$359,$9778,$-1556,$14355,$29750,$2015,$621,$-891,$-270,$-294,$-182,$52,$-396,$-327,$1419,$-817,$0,$1166,$0,$0,$0,$0,$349,$1437,$-1387,$50,$-292,$-335,$-378,$-190,$-854,$902,$0,$-378
1,2018-06-30,50.35,$23.33,2.16,$33.01,1.53,$4.29,11.74,$3.84,13.11,$8.96B,$6.55B,1.37,$6.55B,$14.29B,0.46,$20.25B,$6.48B,31.99%,$20.25B,$3.62B,17.86%,$20.25B,$3.62B,17.86%,$20.25B,$4.46B,22.02%,$20.25B,$3.22B,15.90%,$20.25B,$2.35B,11.60%,$2.35B,$14.29B,17.90%,$2.35B,$-0.58B,-128.80%,$2.35B,$29.87B,8.15%,$3.62B,$20.83B,18.18%,$5025,$3470,$1555,$45,$853,$3354,$1671,$-101,$1570,$312,$1258,$1258,$1185,$1880,$1671,$613,613,$1.94,$1.94,$1977,$1662,$0,$8958,$4337,$732,$14861,$582,$20910,$29869,$6554,$6547,$1205,$9029,$15583,$368,$9716,$-1638,$14285,$29869,$1652,$424,$-959,$-536,$-509,$-110,$40,$-449,$-387,$728,$-531,$0,$1571,$0,$0,$0,$0,$1039,$-167,$126,$-40,$-37,$-37,$-387,$-472,$-937,$810,$9,$-387
2,2018-03-31,50.46,$21.88,2.31,$32.83,1.54,$5.16,9.78,$2.38,21.2,$8.41B,$6.67B,1.26,$7.13B,$13.41B,0.53,$20.14B,$6.57B,32.61%,$20.14B,$2.59B,12.84%,$20.14B,$2.59B,12.84%,$20.14B,$3.43B,17.03%,$20.14B,$2.19B,10.86%,$20.14B,$1.46B,7.25%,$1.46B,$13.41B,11.69%,$1.46B,$-1.97B,-62.07%,$1.46B,$29.69B,5.19%,$2.59B,$20.54B,13.35%,$4887,$3408,$1478,$39,$850,$4276,$611,$-98,$512,$107,$405,$405,$342,$826,$611,$613,613,$0.56,$0.56,$1040,$1665,$0,$8412,$4276,$762,$15386,$459,$21282,$29694,$6673,$7126,$1261,$9609,$16282,$379,$9190,$-2112,$13412,$29694,$405,$215,$43,$258,$-581,$-104,$111,$-79,$-587,$-55,$-268,$0,$-223,$0,$0,$0,$0,$-491,$112,$346,$458,$1,$1,$0,$-43,$415,$-162,$23,$0
3,2017-12-31,51.91,$19.86,2.61,$32.77,1.58,$5.64,9.2,$2.35,22.09,$7.21B,$5.99B,1.2,$6.55B,$12.24B,0.54,$20.10B,$6.79B,33.76%,$20.10B,$2.67B,13.28%,$20.10B,$2.67B,13.28%,$20.10B,$3.50B,17.42%,$20.10B,$2.27B,11.29%,$20.10B,$1.45B,7.19%,$1.45B,$12.24B,11.90%,$1.45B,$-2.21B,-57.63%,$1.45B,$27.16B,5.24%,$2.67B,$18.79B,14.02%,$5239,$3468,$1771,$42,$1129,$4620,$619,$-108,$524,$-24,$548,$548,$459,$800,$619,$613,615,$0.74,$0.74,$1106,$1459,$0,$7205,$3947,$731,$14453,$463,$19951,$27156,$5990,$6550,$1248,$8926,$14917,$348,$8067,$-1679,$12239,$27156,$1757,$831,$-373,$458,$-97,$-71,$-125,$-896,$262,$2477,$-951,$0,$-170,$0,$0,$0,$0,$-1121,$-584,$236,$-349,$-12,$-12,$-332,$-210,$-903,$304,$53,$-332
4,2017-09-30,48.29,$20.37,2.37,$31.90,1.51,$5.00,9.66,$2.23,21.66,$7.80B,$6.40B,1.22,$6.86B,$12.54B,0.55,$19.55B,$6.61B,33.80%,$19.55B,$2.84B,14.51%,$19.55B,$2.84B,14.51%,$19.55B,$3.69B,18.88%,$19.55B,$2.43B,12.45%,$19.55B,$1.38B,7.03%,$1.38B,$12.54B,11.51%,$1.38B,$-2.53B,-50.56%,$1.38B,$28.50B,5.00%,$2.84B,$19.40B,14.92%,$5096,$3422,$1674,$33,$942,$4380,$715,$-101,$614,$178,$436,$436,$363,$952,$715,$613,613,$0.59,$0.59,$857,$1538,$0,$7798,$4055,$744,$15075,$437,$20704,$28501,$6400,$6855,$1349,$9557,$15957,$362,$7946,$-1523,$12544,$28501,$1276,$651,$-50,$601,$-43,$-84,$-37,$-871,$78,$1955,$-722,$0,$-467,$0,$0,$0,$0,$-1188,$-483,$443,$-41,$46,$46,$-346,$-312,$-652,$24,$50,$-346
5,2017-06-30,47.74,$19.11,2.5,$31.09,1.54,$3.91,12.22,$2.18,21.9,$7.45B,$5.84B,1.28,$7.03B,$11.76B,0.6,$19.05B,$6.41B,33.62%,$19.05B,$2.79B,14.66%,$19.05B,$2.79B,14.66%,$19.05B,$3.61B,18.93%,$19.05B,$2.39B,12.55%,$19.05B,$1.35B,7.06%,$1.35B,$11.76B,11.57%,$1.35B,$-2.69B,-47.12%,$1.35B,$27.19B,4.97%,$2.79B,$18.79B,14.87%,$4919,$3274,$1645,$39,$990,$4277,$642,$-92,$537,$166,$372,$372,$296,$853,$642,$613,613,$0.48,$0.48,$793,$1424,$0,$7449,$3827,$691,$14454,$432,$19742,$27191,$5843,$7027,$1258,$9584,$15427,$339,$7107,$-1096,$11764,$27191,$786,$414,$8,$422,$65,$-28,$-47,$-707,$-50,$1158,$-427,$0,$-376,$0,$0,$0,$0,$-803,$-77,$466,$389,$37,$37,$-323,$-369,$-266,$13,$42,$-323
6,2017-03-31,41.14,$19.65,2.09,$30.29,1.36,$3.30,12.46,$2.18,18.87,$7.54B,$5.73B,1.32,$7.18B,$12.04B,0.6,$18.55B,$6.16B,33.20%,$18.55B,$2.79B,15.04%,$18.55B,$2.79B,15.04%,$18.55B,$3.59B,19.34%,$18.55B,$2.39B,12.89%,$18.55B,$1.34B,7.24%,$1.34B,$12.04B,11.79%,$1.34B,$-2.60B,-44.18%,$1.34B,$27.47B,4.99%,$2.79B,$19.22B,14.92%,$4847,$3151,$1696,$34,$984,$4153,$694,$-99,$595,$193,$402,$402,$328,$896,$694,$612,612,$0.54,$0.54,$715,$1434,$0,$7542,$3830,$654,$14641,$477,$19932,$27473,$5730,$7182,$1250,$9703,$15433,$327,$6798,$-391,$12040,$27473,$402,$202,$50,$252,$-277,$-12,$-2,$-27,$-473,$181,$-208,$0,$-170,$0,$0,$0,$0,$-378,$-29,$263,$234,$5,$5,$0,$-82,$156,$-41,$16,$0
7,2016-12-31,41.22,$18.65,2.21,$29.26,1.41,$3.24,12.73,$2.02,20.41,$7.31B,$5.04B,1.45,$7.20B,$11.46B,0.63,$17.91B,$5.78B,32.28%,$17.91B,$2.64B,14.72%,$17.91B,$2.64B,14.72%,$17.91B,$3.41B,19.06%,$17.91B,$2.23B,12.46%,$17.91B,$1.24B,6.94%,$1.24B,$11.46B,11.22%,$1.24B,$-3.06B,-39.05%,$1.24B,$26.93B,4.68%,$2.64B,$18.66B,14.20%,$4687,$3095,$1592,$42,$767,$3901,$786,$-98,$688,$212,$476,$476,$388,$990,$786,$611,613,$0.64,$0.63,$747,$1410,$0,$7314,$3773,$679,$14514,$451,$19620,$26934,$5037,$7203,$783,$10440,$15477,$380,$8837,$-1319,$11457,$26934,$1549,$776,$-36,$740,$-322,$-67,$134,$54,$-149,$2140,$-1012,$0,$-367,$0,$0,$0,$0,$-1379,$-731,$496,$-234,$49,$49,$-277,$-122,$-585,$198,$30,$-277
8,2016-09-30,42.75,$18.35,2.33,$28.74,1.49,$3.08,13.9,$1.91,22.38,$7.22B,$5.25B,1.37,$7.17B,$11.24B,0.64,$17.57B,$5.66B,32.20%,$17.57B,$2.51B,14.30%,$17.57B,$2.51B,14.30%,$17.57B,$3.27B,18.59%,$17.57B,$2.12B,12.05%,$17.57B,$1.17B,6.67%,$1.17B,$11.24B,10.81%,$1.17B,$-3.07B,-35.94%,$1.17B,$26.66B,4.48%,$2.51B,$18.41B,13.59%,$4598,$3127,$1472,$44,$787,$3928,$670,$-100,$570,$164,$406,$406,$333,$867,$670,$612,613,$0.55,$0.55,$630,$1407,$0,$7218,$3735,$710,$14307,$496,$19440,$26658,$5254,$7174,$674,$10167,$15421,$381,$8449,$-1176,$11238,$26658,$1073,$573,$-87,$485,$-289,$-45,$101,$33,$-261,$1296,$-734,$0,$-194,$0,$0,$0,$0,$-928,$-553,$679,$126,$47,$47,$-277,$-213,$-318,$80,$26,$-277
9,2016-06-30,42.55,$17.71,2.4,$28.17,1.51,$3.43,12.41,$1.80,23.64,$7.28B,$4.92B,1.48,$7.70B,$10.83B,0.71,$17.20B,$5.57B,32.36%,$17.20B,$2.46B,14.28%,$17.20B,$2.46B,14.28%,$17.20B,$3.19B,18.56%,$17.20B,$2.06B,11.99%,$17.20B,$1.10B,6.40%,$1.10B,$10.83B,10.39%,$1.10B,$-3.43B,-32.36%,$1.10B,$26.55B,4.26%,$2.46B,$18.53B,13.26%,$4420,$3022,$1399,$39,$732,$3779,$641,$-102,$539,$168,$370,$370,$294,$835,$641,$611,612,$0.48,$0.48,$723,$1384,$0,$7277,$3663,$679,$14260,$496,$19276,$26553,$4920,$7702,$673,$10804,$15724,$380,$8116,$-1205,$10829,$26553,$667,$376,$-52,$324,$-154,$-27,$62,$-92,$-134,$857,$-498,$0,$-157,$0,$0,$0,$0,$-655,$-218,$579,$360,$21,$21,$-277,$-156,$-51,$173,$8,$-277
10,2016-03-31,42.6,$17.70,2.41,$27.82,1.53,$3.53,12.06,$1.72,24.77,$7.15B,$4.45B,1.61,$7.85B,$10.81B,0.73,$16.98B,$5.47B,32.18%,$16.98B,$2.36B,13.91%,$16.98B,$2.36B,13.91%,$16.98B,$3.09B,18.17%,$16.98B,$1.97B,11.59%,$16.98B,$1.05B,6.17%,$1.05B,$10.81B,9.99%,$1.05B,$-3.18B,-30.63%,$1.05B,$26.07B,4.10%,$2.36B,$18.66B,12.63%,$4205,$2888,$1318,$37,$758,$3665,$540,$-105,$435,$138,$297,$297,$228,$722,$540,$611,611,$0.38,$0.38,$518,$1385,$0,$7147,$3578,$689,$13984,$492,$18920,$26067,$4448,$7847,$664,$10811,$15259,$380,$8099,$-1226,$10808,$26067,$297,$182,$-21,$161,$-265,$-19,$77,$47,$-278,$180,$-246,$0,$-91,$0,$0,$0,$0,$-337,$-53,$270,$217,$3,$3,$0,$-104,$115,$-32,$7,$0
11,2015-12-31,40.44,$17.14,2.36,$27.44,1.47,$4.05,9.98,$1.70,23.79,$6.77B,$4.15B,1.63,$7.85B,$10.50B,0.75,$16.74B,$5.33B,31.85%,$16.74B,$2.33B,13.90%,$16.74B,$2.33B,13.90%,$16.74B,$3.04B,18.19%,$16.74B,$1.94B,11.56%,$16.74B,$1.03B,6.15%,$1.03B,$10.50B,9.92%,$1.03B,$-3.37B,-29.40%,$1.03B,$25.37B,4.07%,$2.33B,$18.35B,12.39%,$4348,$2879,$1468,$40,$776,$3686,$662,$-88,$574,$180,$393,$393,$317,$843,$662,$609,610,$0.52,$0.52,$550,$1341,$0,$6768,$3426,$645,$13863,$474,$18597,$25365,$4149,$7853,$628,$10720,$14869,$387,$7871,$-1336,$10496,$25365,$1313,$717,$-53,$664,$-331,$-301,$27,$48,$-17,$1960,$-936,$0,$-65,$0,$0,$0,$0,$-1001,$-319,$-12,$-331,$94,$94,$-263,$-508,$-1008,$-84,$12,$-263
12,2015-09-30,37.7,$16.80,2.24,$27.46,1.37,$3.93,9.59,$1.74,21.67,$6.76B,$3.94B,1.72,$8.35B,$10.24B,0.82,$16.71B,$5.28B,31.58%,$16.71B,$2.33B,13.93%,$16.71B,$2.33B,13.93%,$16.71B,$3.05B,18.25%,$16.71B,$1.91B,11.41%,$16.71B,$1.05B,6.27%,$1.05B,$10.24B,10.20%,$1.05B,$-3.64B,-28.78%,$1.05B,$25.41B,4.14%,$2.33B,$18.59B,12.28%,$4231,$2850,$1382,$35,$742,$3618,$614,$-99,$514,$168,$346,$346,$262,$793,$614,$609,610,$0.43,$0.43,$621,$1320,$0,$6760,$3333,$668,$13879,$631,$18655,$25414,$3935,$8351,$600,$11237,$15172,$387,$7554,$-1288,$10243,$25414,$920,$537,$-113,$423,$-242,$-266,$70,$285,$69,$1412,$-636,$0,$-123,$0,$0,$0,$0,$-759,$-259,$34,$-225,$67,$67,$-263,$-213,$-634,$-12,$6,$-263
13,2015-06-30,40.19,$17.13,2.35,$27.31,1.47,$3.71,10.85,$1.76,22.84,$6.70B,$3.62B,1.85,$8.80B,$10.43B,0.84,$16.59B,$5.18B,31.24%,$16.59B,$2.30B,13.89%,$16.59B,$2.30B,13.89%,$16.59B,$3.02B,18.23%,$16.59B,$1.88B,11.35%,$16.59B,$1.06B,6.37%,$1.06B,$10.43B,10.22%,$1.06B,$-3.51B,-31.23%,$1.06B,$25.41B,4.22%,$2.30B,$19.23B,12.21%,$4199,$2901,$1297,$34,$723,$3652,$547,$-102,$445,$135,$310,$310,$241,$728,$547,$608,611,$0.40,$0.40,$582,$1208,$0,$6702,$3317,$638,$13940,$677,$18708,$25410,$3615,$8798,$617,$11362,$14977,$386,$7292,$-1163,$10433,$25410,$574,$357,$-74,$283,$-142,$-129,$49,$68,$-24,$832,$-411,$0,$-66,$0,$0,$0,$0,$-478,$-134,$37,$-97,$54,$54,$-263,$-87,$-394,$-52,$1,$-263
14,2015-03-31,39.66,$17.07,2.32,$26.78,1.48,$3.26,12.17,$1.75,22.66,$6.60B,$3.55B,1.86,$8.60B,$10.38B,0.83,$16.23B,$5.10B,31.41%,$16.23B,$2.31B,14.25%,$16.23B,$2.31B,14.25%,$16.23B,$3.02B,18.62%,$16.23B,$1.90B,11.69%,$16.23B,$1.05B,6.47%,$1.05B,$10.38B,10.18%,$1.05B,$-3.50B,-34.11%,$1.05B,$25.11B,4.25%,$2.31B,$18.98B,12.33%,$3960,$2776,$1184,$31,$655,$3456,$504,$-102,$402,$138,$264,$264,$210,$680,$504,$607,609,$0.35,$0.35,$623,$1160,$0,$6599,$3224,$612,$13878,$668,$18507,$25107,$3546,$8602,$601,$11183,$14729,$386,$7314,$-1201,$10378,$25107,$264,$176,$-51,$125,$-94,$-93,$12,$120,$58,$447,$-198,$0,$-11,$0,$0,$0,$0,$-209,$-59,$12,$-47,$16,$16,$0,$-207,$-237,$-11,$4,$0
15,2014-12-31,35.54,$16.52,2.15,$26.18,1.36,$2.71,13.12,$1.74,20.42,$6.72B,$3.48B,1.93,$9.01B,$10.03B,0.9,$15.83B,$5.00B,31.55%,$15.83B,$2.25B,14.24%,$15.83B,$2.25B,14.24%,$15.83B,$2.95B,18.65%,$15.83B,$1.84B,11.65%,$15.83B,$1.05B,6.60%,$1.05B,$10.03B,10.15%,$1.05B,$-3.92B,-38.42%,$1.05B,$25.38B,4.30%,$2.25B,$19.04B,12.12%,$4320,$2906,$1414,$31,$720,$3657,$663,$-117,$546,$143,$403,$335,$335,$849,$663,$604,604,$0.56,$0.56,$634,$1116,$0,$6718,$3290,$677,$13952,$603,$18663,$25381,$3477,$9014,$590,$11875,$15353,$385,$7105,$-1088,$10028,$25381,$1260,$699,$148,$699,$-276,$-86,$114,$-24,$-246,$1861,$-920,$0,$8,$0,$0,$-1779,$0,$-2691,$1263,$-29,$1263,$107,$107,$-318,$-217,$805,$-49,$9,$-318
16,2014-09-30,33.2,$0.00,0.0,$25.45,1.3,$3.32,10.0,$1.76,18.86,$6.46B,$4.30B,1.5,$7.71B,$10.52B,0.73,$15.38B,$4.88B,31.74%,$15.38B,$2.25B,14.63%,$15.38B,$2.25B,14.63%,$15.38B,$2.93B,19.06%,$15.38B,$1.86B,12.10%,$15.38B,$1.06B,6.89%,$1.06B,$10.52B,10.26%,$1.06B,$-2.61B,-45.85%,$1.06B,$24.25B,4.46%,$2.25B,$18.24B,12.29%,$4113,$2825,$1288,$30,$671,$3523,$590,$-99,$491,$162,$329,$329,$271,$767,$590,$605,607,$0.45,$0.45,$588,$1185,$1353,$6459,$0,$680,$13131,$623,$14541,$24253,$4296,$7713,$971,$9432,$13729,$385,$6769,$0,$10524,$24253,$857,$513,$34,$547,$-201,$-133,$117,$118,$-131,$1274,$-639,$0,$-1045,$0,$0,$0,$0,$-1684,$498,$282,$780,$86,$86,$-318,$-240,$308,$-95,$4,$-318
17,2014-06-30,32.04,$0.00,0.0,$24.75,1.29,$3.85,8.32,$1.76,18.21,$6.81B,$3.69B,1.85,$8.44B,$10.32B,0.82,$14.93B,$4.76B,31.90%,$14.93B,$2.21B,14.81%,$14.93B,$2.21B,14.81%,$14.93B,$2.88B,19.29%,$14.93B,$1.82B,12.22%,$14.93B,$1.06B,7.11%,$1.06B,$10.32B,10.48%,$1.06B,$-2.28B,-46.71%,$1.06B,$24.15B,4.55%,$2.21B,$18.77B,12.20%,$3835,$2623,$1211,$31,$630,$3279,$556,$-98,$458,$177,$281,$281,$234,$725,$556,$604,605,$0.39,$0.39,$645,$1279,$1503,$6805,$0,$738,$12602,$583,$14040,$24145,$3687,$8444,$959,$10136,$13823,$384,$6499,$0,$10322,$24145,$528,$336,$30,$366,$-121,$-180,$42,$-67,$-332,$562,$-415,$0,$-431,$0,$0,$0,$0,$-846,$336,$188,$524,$41,$41,$-318,$0,$247,$-38,$-1,$-318
18,2014-03-31,32.82,$0.00,0.0,$24.26,1.35,$4.45,7.37,$1.80,18.23,$6.50B,$3.45B,1.89,$8.02B,$10.31B,0.78,$14.71B,$4.71B,32.02%,$14.71B,$2.19B,14.87%,$14.71B,$2.19B,14.87%,$14.71B,$2.85B,19.35%,$14.71B,$1.81B,12.28%,$14.71B,$1.09B,7.41%,$1.09B,$10.31B,10.95%,$1.09B,$-2.07B,-46.86%,$1.09B,$23.42B,4.77%,$2.19B,$18.33B,12.32%,$3564,$2481,$1082,$30,$620,$3119,$445,$-96,$349,$101,$247,$247,$205,$612,$445,$603,604,$0.34,$0.34,$574,$1207,$1464,$6497,$0,$734,$12380,$568,$13791,$23423,$3447,$8016,$913,$9663,$13110,$383,$6583,$0,$10312,$23423,$247,$167,$36,$203,$-81,$-112,$41,$-27,$-338,$112,$-197,$0,$-135,$0,$0,$0,$0,$-332,$4,$77,$81,$6,$6,$0,$29,$116,$-109,$6,$0
19,2013-12-31,33.51,$0.00,0.0,$24.00,1.4,$4.87,6.88,$1.83,18.31,$6.29B,$3.55B,1.77,$7.75B,$10.13B,0.77,$14.61B,$4.74B,32.43%,$14.61B,$2.23B,15.26%,$14.61B,$2.23B,15.26%,$14.61B,$2.88B,19.71%,$14.61B,$1.85B,12.64%,$14.61B,$1.11B,7.60%,$1.11B,$10.13B,11.26%,$1.11B,$-2.28B,-46.88%,$1.11B,$23.12B,4.93%,$2.23B,$17.88B,12.75%,$3867,$2566,$1301,$31,$611,$3208,$659,$-96,$563,$171,$392,$349,$349,$828,$659,$602,602,$0.58,$0.58,$683,$1097,$1316,$6287,$0,$664,$12416,$557,$13741,$23120,$3554,$7747,$942,$9433,$12987,$382,$6377,$0,$10133,$23120,$1256,$648,$-5,$648,$-52,$-55,$-4,$68,$136,$2035,$-728,$0,$18,$0,$0,$-496,$0,$-1206,$-176,$174,$-176,$-394,$-359,$-296,$-150,$-808,$-5,$14,$-296
20,2013-09-30,30.49,$0.00,0.0,$29.67,1.03,$7.18,4.24,$2.09,14.59,$6.04B,$3.39B,1.78,$7.77B,$9.74B,0.8,$14.45B,$4.73B,32.74%,$14.45B,$2.12B,14.70%,$14.45B,$2.12B,14.70%,$14.45B,$2.76B,19.12%,$14.45B,$1.73B,11.96%,$14.45B,$1.02B,7.05%,$1.02B,$9.74B,10.44%,$1.02B,$-2.45B,-42.47%,$1.02B,$22.54B,4.56%,$2.12B,$17.51B,12.20%,$3666,$2497,$1169,$33,$585,$3115,$551,$-97,$454,$148,$306,$273,$273,$716,$551,$603,603,$0.45,$0.45,$602,$1053,$1245,$6044,$0,$640,$12192,$509,$13482,$22535,$3390,$7772,$971,$9406,$12796,$381,$6029,$0,$9739,$22535,$863,$479,$0,$479,$0,$0,$0,$0,$98,$1446,$-494,$0,$18,$0,$0,$-297,$0,$-773,$0,$10,$48,$0,$-395,$-296,$-110,$-743,$-86,$0,$0
21,2013-06-30,33.21,$0.00,0.0,$29.22,1.14,$7.30,4.55,$2.08,15.97,$6.15B,$3.41B,1.81,$7.66B,$9.65B,0.79,$14.20B,$4.67B,32.91%,$14.20B,$2.14B,15.03%,$14.20B,$2.14B,15.03%,$14.20B,$2.76B,19.44%,$14.20B,$1.73B,12.21%,$14.20B,$1.02B,7.15%,$1.02B,$9.65B,10.49%,$1.02B,$-2.50B,-41.71%,$1.02B,$22.33B,4.58%,$2.14B,$17.31B,12.32%,$3613,$2454,$1158,$31,$595,$3080,$532,$-91,$441,$144,$298,$263,$263,$691,$532,$611,618,$0.43,$0.43,$586,$1055,$1287,$6150,$0,$617,$12150,$340,$13243,$22328,$3406,$7657,$962,$9271,$12677,$381,$5756,$0,$9651,$22328,$558,$315,$0,$315,$0,$0,$0,$0,$-43,$841,$-319,$0,$18,$0,$0,$-102,$0,$-403,$0,$1,$33,$0,$-195,$-414,$50,$-524,$-102,$0,$0
22,2013-03-31,31.44,$0.00,0.0,$29.03,1.08,$7.54,4.17,$2.12,14.83,$6.00B,$3.30B,1.82,$7.36B,$9.89B,0.74,$14.02B,$4.64B,33.12%,$14.02B,$2.16B,15.43%,$14.02B,$2.16B,15.43%,$14.02B,$2.78B,19.83%,$14.02B,$1.79B,12.78%,$14.02B,$1.04B,7.43%,$1.04B,$9.90B,10.94%,$1.04B,$-2.24B,-41.17%,$1.04B,$22.14B,4.73%,$2.16B,$17.26B,13.00%,$3464,$2354,$1110,$30,$592,$2976,$487,$-98,$389,$129,$260,$225,$225,$644,$487,$613,613,$0.37,$0.37,$535,$1077,$1212,$5998,$0,$601,$12130,$365,$13231,$22140,$3302,$7361,$948,$8942,$12244,$375,$5789,$0,$9895,$22140,$260,$156,$0,$156,$0,$0,$0,$0,$-100,$315,$-146,$0,$1,$0,$0,$-72,$0,$-217,$0,$7,$-32,$0,$5,$0,$-226,$-246,$-153,$0,$0
23,2012-12-31,31.85,$0.00,0.0,$28.68,1.11,$7.85,4.06,$2.36,13.52,$6.13B,$3.17B,1.93,$7.84B,$9.73B,0.81,$13.80B,$4.60B,33.35%,$13.80B,$2.16B,15.68%,$13.80B,$2.16B,15.68%,$13.80B,$2.77B,20.06%,$13.80B,$1.93B,14.01%,$13.80B,$1.19B,8.59%,$1.19B,$9.73B,12.71%,$1.19B,$-2.40B,-44.02%,$1.19B,$22.33B,5.40%,$2.16B,$17.57B,13.52%,$3706,$2413,$1293,$28,$710,$3151,$554,$-110,$444,$143,$301,$257,$257,$711,$554,$306,306,$0.84,$0.84,$688,$1037,$1245,$6127,$0,$637,$12132,$355,$13258,$22326,$3170,$7842,$920,$9425,$12595,$375,$5564,$0,$9731,$22326,$1327,$603,$0,$603,$0,$0,$0,$0,$211,$2039,$-666,$0,$263,$0,$0,$-1879,$0,$-2281,$0,$-13,$1162,$0,$0,$-272,$-409,$468,$231,$0,$0
24,2012-09-30,34.08,$0.00,0.0,$22.06,1.55,$4.81,7.09,$2.03,16.83,$5.94B,$3.35B,1.77,$7.73B,$9.44B,0.82,$13.42B,$4.52B,33.68%,$13.42B,$2.19B,16.31%,$13.42B,$2.19B,16.31%,$13.42B,$2.78B,20.70%,$13.42B,$1.99B,14.85%,$13.42B,$1.24B,9.23%,$1.24B,$9.44B,13.74%,$1.24B,$-2.60B,-50.69%,$1.24B,$21.86B,5.82%,$2.19B,$17.17B,14.49%,$3418,$2306,$1112,$28,$522,$2856,$562,$-103,$460,$153,$307,$270,$270,$714,$562,$611,607,$0.44,$0.44,$619,$1026,$1343,$5944,$0,$623,$12038,$291,$13044,$21860,$3352,$7734,$718,$9069,$12421,$374,$5307,$0,$9440,$21860,$1026,$446,$0,$446,$0,$0,$0,$0,$133,$1467,$-439,$0,$0,$0,$0,$-1789,$232,$-1996,$0,$72,$896,$0,$95,$-272,$-104,$687,$162,$0,$0
25,2012-06-30,32.77,$0.00,0.0,$21.81,1.5,$4.06,8.07,$2.05,16.02,$6.06B,$5.87B,1.03,$5.54B,$9.01B,0.62,$13.24B,$4.56B,34.44%,$13.24B,$2.15B,16.27%,$13.24B,$2.15B,16.27%,$13.24B,$2.73B,20.64%,$13.24B,$2.00B,15.10%,$13.24B,$1.25B,9.42%,$1.25B,$9.01B,14.33%,$1.25B,$-2.88B,-59.08%,$1.25B,$21.74B,6.10%,$2.15B,$14.56B,15.13%,$3428,$2301,$1127,$27,$540,$2868,$560,$-63,$498,$172,$325,$289,$289,$711,$560,$609,606,$0.48,$0.47,$677,$1033,$1420,$6063,$0,$604,$11894,$297,$12882,$21744,$5870,$5543,$728,$6861,$12731,$372,$5037,$0,$9013,$21744,$719,$294,$0,$294,$0,$0,$0,$0,$27,$932,$-274,$0,$0,$0,$0,$-1748,$228,$-1794,$0,$-10,$1473,$0,$23,$0,$-397,$1089,$220,$0,$0
26,2012-03-31,32.37,$0.00,0.0,$21.50,1.51,$3.40,9.52,$2.01,16.14,$6.09B,$5.89B,1.04,$5.58B,$9.13B,0.61,$13.01B,$4.56B,35.02%,$13.01B,$2.10B,16.11%,$13.01B,$2.10B,16.11%,$13.01B,$2.66B,20.44%,$13.01B,$1.94B,14.88%,$13.01B,$1.22B,9.38%,$1.22B,$9.14B,14.33%,$1.22B,$-2.90B,-70.32%,$1.22B,$21.99B,6.16%,$2.10B,$14.72B,14.81%,$3249,$2179,$1070,$29,$553,$2761,$488,$43,$531,$137,$394,$370,$370,$632,$488,$608,613,$0.61,$0.61,$580,$1024,$1389,$6093,$0,$638,$12034,$309,$13051,$21988,$5885,$5583,$753,$6965,$12851,$372,$5019,$0,$9137,$21988,$394,$143,$0,$143,$0,$0,$0,$0,$61,$481,$-123,$0,$0,$0,$0,$-1703,$177,$-1649,$0,$-23,$1663,$0,$4,$0,$-360,$1284,$123,$0,$0
27,2011-12-31,31.15,$0.00,0.0,$21.22,1.47,$3.21,9.71,$1.77,17.65,$5.70B,$4.26B,1.34,$5.50B,$8.47B,0.65,$12.80B,$4.52B,35.33%,$12.80B,$2.05B,15.98%,$12.80B,$2.05B,15.98%,$12.80B,$2.60B,20.33%,$12.80B,$1.78B,13.90%,$12.80B,$1.07B,8.37%,$1.07B,$8.47B,13.06%,$1.07B,$-1.40B,-84.51%,$1.07B,$19.53B,5.69%,$2.05B,$13.97B,16.45%,$3323,$2113,$1210,$30,$602,$2745,$578,$-74,$504,$165,$339,$310,$310,$721,$578,$608,608,$0.51,$0.51,$457,$967,$1472,$5695,$0,$692,$9873,$555,$11208,$19533,$4263,$5495,$716,$6799,$11061,$372,$4649,$0,$8472,$19533,$1177,$557,$0,$557,$0,$0,$0,$0,$-288,$1446,$-570,$0,$-1775,$0,$0,$0,$0,$-2345,$0,$0,$1710,$0,$95,$-281,$-731,$793,$-66,$0,$0
28,2011-09-30,30.94,$0.00,0.0,$21.00,1.47,$3.19,9.7,$1.71,18.15,$5.59B,$3.69B,1.51,$5.49B,$8.21B,0.67,$12.64B,$4.43B,35.01%,$12.64B,$2.01B,15.90%,$12.64B,$2.01B,15.90%,$12.64B,$2.56B,20.22%,$12.64B,$1.74B,13.79%,$12.64B,$1.03B,8.17%,$1.03B,$8.22B,12.85%,$1.03B,$-1.27B,-87.90%,$1.03B,$18.63B,5.66%,$2.01B,$13.70B,16.78%,$3242,$2088,$1154,$28,$598,$2714,$528,$-62,$466,$163,$303,$279,$279,$669,$528,$606,602,$0.46,$0.46,$396,$928,$1460,$5588,$0,$330,$9485,$545,$10451,$18625,$3692,$5487,$624,$6718,$10409,$371,$4338,$0,$8215,$18625,$838,$414,$0,$414,$0,$0,$0,$0,$-320,$950,$-380,$0,$-1171,$0,$0,$0,$0,$-1551,$0,$94,$1803,$0,$69,$-281,$-1241,$444,$-127,$0,$0
29,2011-06-30,34.23,$0.00,0.0,$20.67,1.66,$3.38,10.12,$1.66,20.68,$5.82B,$3.62B,1.61,$5.96B,$8.22B,0.73,$12.46B,$4.33B,34.73%,$12.46B,$1.97B,15.85%,$12.46B,$1.97B,15.85%,$12.46B,$2.50B,20.10%,$12.46B,$1.70B,13.65%,$12.46B,$1.00B,8.04%,$1.00B,$8.23B,12.76%,$1.00B,$-1.37B,-88.64%,$1.00B,$19.05B,5.64%,$1.97B,$14.19B,17.18%,$3194,$2072,$1122,$27,$594,$2693,$501,$-66,$435,$149,$286,$261,$261,$637,$501,$597,597,$0.43,$0.43,$449,$977,$1449,$5822,$0,$345,$9599,$538,$10574,$19053,$3618,$5960,$665,$7207,$10825,$370,$4059,$0,$8228,$19053,$535,$272,$0,$272,$0,$0,$0,$0,$-320,$487,$-231,$0,$-1122,$0,$0,$0,$0,$-1353,$0,$1565,$0,$0,$-622,$-281,$80,$742,$-74,$0,$0
30,2011-03-31,30.54,$0.00,0.0,$20.25,1.51,$3.67,8.33,$1.64,18.62,$5.72B,$3.47B,1.65,$0.00B,$0.00B,0.0,$12.21B,$4.22B,34.53%,$12.21B,$1.94B,15.88%,$12.21B,$1.94B,15.88%,$12.21B,$2.45B,20.10%,$12.21B,$1.66B,13.61%,$12.21B,$0.99B,8.09%,$0.99B,$7.88B,13.14%,$0.99B,$-1.03B,-86.18%,$0.99B,$18.11B,5.82%,$1.94B,$7.88B,18.61%,$3036,$2001,$1035,$26,$571,$2599,$438,$-64,$374,$124,$249,$221,$221,$574,$438,$605,605,$0.37,$0.37,$0,$0,$0,$5715,$0,$0,$8902,$3497,$12399,$18114,$3469,$0,$6769,$6769,$10238,$0,$0,$0,$7876,$18114,$249,$136,$0,$136,$0,$0,$0,$0,$-210,$175,$62,$0,$-339,$0,$0,$0,$0,$-277,$0,$886,$0,$0,$2,$0,$-531,$357,$97,$0,$0
31,2010-12-31,26.09,$0.00,0.0,$20.10,1.3,$3.70,7.06,$1.63,16.06,$5.15B,$3.79B,1.36,$4.31B,$7.80B,0.55,$12.05B,$4.14B,34.38%,$12.05B,$1.92B,15.96%,$12.05B,$1.92B,15.96%,$12.05B,$2.43B,20.14%,$12.05B,$1.64B,13.63%,$12.05B,$0.98B,8.11%,$0.98B,$7.80B,13.34%,$0.98B,$-1.03B,-80.99%,$0.98B,$17.10B,5.96%,$1.92B,$12.11B,17.52%,$3167,$2053,$1114,$29,$543,$2625,$542,$-74,$468,$169,$300,$271,$271,$676,$542,$604,604,$0.45,$0.45,$523,$809,$1247,$5153,$0,$250,$8833,$238,$9415,$17095,$3790,$4310,$685,$5501,$9291,$369,$3858,$0,$7804,$17095,$1065,$503,$0,$503,$0,$0,$0,$0,$-227,$1368,$-508,$0,$0,$0,$0,$-764,$147,$-1125,$0,$22,$-126,$0,$0,$-232,$320,$-15,$222,$0,$0
32,2010-09-30,27.92,$0.00,0.0,$19.92,1.4,$3.57,7.83,$1.59,17.62,$5.35B,$3.77B,1.42,$4.31B,$7.46B,0.58,$11.92B,$4.09B,34.30%,$11.92B,$1.87B,15.71%,$11.92B,$1.87B,15.71%,$11.92B,$2.37B,19.84%,$11.92B,$1.59B,13.35%,$11.92B,$0.95B,8.00%,$0.95B,$7.47B,13.36%,$0.95B,$-1.09B,-74.21%,$0.95B,$16.70B,5.93%,$1.87B,$11.78B,17.31%,$3058,$2004,$1054,$23,$538,$2565,$493,$-70,$423,$153,$270,$248,$248,$617,$493,$604,604,$0.41,$0.41,$572,$849,$1430,$5346,$0,$0,$8560,$253,$8890,$16696,$3770,$4311,$694,$5457,$9227,$369,$3587,$0,$7469,$16696,$769,$369,$0,$369,$0,$0,$0,$0,$-144,$1027,$-339,$0,$0,$0,$0,$-370,$0,$-709,$0,$10,$-136,$0,$93,$-232,$213,$-51,$270,$0,$0
33,2010-06-30,24.28,$0.00,0.0,$19.73,1.23,$3.26,7.45,$1.56,15.62,$4.95B,$5.05B,0.98,$2.95B,$6.93B,0.43,$11.75B,$4.01B,34.16%,$11.75B,$1.83B,15.58%,$11.75B,$1.83B,15.58%,$11.75B,$2.32B,19.72%,$11.75B,$1.54B,13.14%,$11.75B,$0.93B,7.92%,$0.93B,$6.93B,13.40%,$0.93B,$-1.44B,-66.29%,$0.93B,$16.00B,5.87%,$1.83B,$9.88B,17.12%,$2946,$1935,$1012,$21,$526,$2482,$465,$-68,$396,$129,$267,$248,$248,$586,$465,$598,598,$0.42,$0.42,$573,$810,$1310,$4952,$0,$0,$8370,$261,$8715,$16000,$5046,$2949,$639,$4024,$9070,$367,$3339,$0,$6929,$16000,$496,$245,$0,$245,$0,$0,$0,$0,$-109,$643,$-218,$0,$0,$0,$0,$-283,$0,$-501,$0,$7,$334,$0,$28,$-232,$33,$170,$272,$0,$0
34,2010-03-31,24.98,$0.00,0.0,$19.44,1.29,$2.86,8.73,$1.51,16.54,$4.79B,$4.02B,1.19,$3.03B,$7.12B,0.43,$11.57B,$3.93B,34.00%,$11.57B,$1.78B,15.42%,$11.57B,$1.78B,15.42%,$11.57B,$2.26B,19.53%,$11.57B,$1.49B,12.88%,$11.57B,$0.90B,7.81%,$0.90B,$7.13B,13.27%,$0.90B,$-1.27B,-60.07%,$0.90B,$15.87B,5.76%,$1.78B,$10.16B,16.33%,$2882,$1918,$964,$23,$518,$2459,$424,$-67,$356,$128,$229,$211,$211,$548,$424,$591,591,$0.35,$0.35,$264,$824,$1399,$4789,$0,$0,$8397,$243,$8703,$15873,$4022,$3029,$1269,$4725,$8746,$366,$3323,$0,$7127,$15873,$229,$124,$0,$124,$0,$0,$0,$0,$-23,$349,$-99,$0,$0,$0,$0,$-82,$0,$-181,$0,$-1,$21,$0,$17,$0,$-240,$-203,$-37,$0,$0
35,2009-12-31,23.58,$0.00,0.0,$18.92,1.25,$2.52,9.37,$1.50,15.77,$4.73B,$2.61B,1.81,$4.43B,$7.03B,0.63,$11.25B,$3.83B,34.08%,$11.25B,$1.76B,15.61%,$11.25B,$1.76B,15.61%,$11.25B,$2.21B,19.68%,$11.25B,$1.46B,12.94%,$11.25B,$0.89B,7.92%,$0.89B,$7.03B,13.51%,$0.89B,$-1.34B,-53.57%,$0.89B,$15.82B,5.77%,$1.76B,$11.46B,16.06%,$3035,$1976,$1059,$29,$539,$2545,$491,$-75,$416,$140,$276,$247,$247,$614,$491,$600,600,$0.41,$0.41,$301,$822,$1319,$4728,$0,$0,$8371,$239,$8674,$15821,$2610,$4428,$670,$6182,$8792,$366,$3112,$0,$7030,$15821,$965,$457,$0,$457,$0,$0,$0,$0,$-117,$1339,$-562,$0,$52,$0,$0,$0,$-188,$-698,$0,$-162,$143,$0,$72,$-232,$-380,$-558,$80,$0,$0
36,2009-09-30,22.13,$0.00,0.0,$18.50,1.2,$1.80,12.26,$1.45,15.26,$4.73B,$2.64B,1.79,$4.56B,$6.71B,0.68,$10.94B,$3.71B,33.96%,$10.94B,$1.70B,15.53%,$10.94B,$1.70B,15.53%,$10.94B,$2.14B,19.58%,$10.94B,$1.39B,12.69%,$10.94B,$0.86B,7.85%,$0.86B,$6.71B,13.56%,$0.86B,$-1.57B,-45.72%,$0.86B,$15.70B,5.64%,$1.70B,$11.28B,16.09%,$2889,$1910,$979,$23,$505,$2437,$451,$-75,$376,$132,$245,$225,$225,$570,$451,$593,593,$0.38,$0.38,$224,$841,$1329,$4726,$0,$0,$8281,$237,$8590,$15697,$2642,$4561,$635,$6341,$8982,$364,$2865,$0,$6714,$15697,$695,$334,$0,$334,$0,$0,$0,$0,$-166,$880,$-388,$0,$52,$0,$0,$-109,$0,$-446,$0,$-119,$263,$0,$26,$-232,$-375,$-437,$2,$0,$0
37,2009-06-30,20.02,$0.00,0.0,$18.16,1.1,$1.35,14.85,$1.42,14.15,$4.49B,$2.81B,1.6,$4.42B,$6.38B,0.69,$10.76B,$3.64B,33.87%,$10.76B,$1.67B,15.51%,$10.76B,$1.67B,15.51%,$10.76B,$2.10B,19.53%,$10.76B,$1.35B,12.52%,$10.76B,$0.84B,7.80%,$0.84B,$6.39B,13.70%,$0.84B,$-1.84B,-41.27%,$0.84B,$15.34B,5.60%,$1.67B,$10.81B,16.36%,$2764,$1832,$932,$19,$495,$2346,$418,$-75,$342,$103,$239,$221,$221,$528,$418,$596,596,$0.37,$0.37,$230,$850,$1147,$4494,$0,$0,$8231,$222,$8530,$15335,$2806,$4421,$617,$6141,$8947,$364,$2640,$0,$6388,$15335,$450,$216,$0,$216,$0,$0,$0,$0,$-244,$437,$-250,$0,$51,$0,$0,$-81,$0,$-280,$0,$-56,$332,$0,$13,$-232,$-211,$-155,$8,$0,$0
38,2009-03-31,16.87,$0.00,0.0,$18.07,0.93,$1.15,14.67,$1.40,12.05,$4.23B,$3.00B,1.41,$3.96B,$6.24B,0.64,$10.66B,$3.64B,34.11%,$10.66B,$1.68B,15.76%,$10.66B,$1.68B,15.76%,$10.66B,$2.10B,19.74%,$10.66B,$1.35B,12.68%,$10.66B,$0.83B,7.78%,$0.83B,$6.24B,13.85%,$0.83B,$-1.90B,-38.74%,$0.83B,$14.87B,5.57%,$1.68B,$10.20B,16.79%,$2560,$1698,$863,$23,$444,$2164,$396,$-74,$322,$115,$206,$198,$198,$502,$396,$588,588,$0.34,$0.34,$203,$774,$939,$4233,$0,$0,$8144,$217,$8434,$14869,$3002,$3961,$610,$5625,$8627,$363,$2650,$0,$6241,$14869,$206,$105,$0,$105,$0,$0,$0,$0,$-180,$156,$-111,$0,$-37,$0,$0,$0,$1,$-146,$0,$-24,$5,$0,$9,$0,$-14,$-24,$-19,$0,$0
39,2008-12-31,20.57,$0.00,0.0,$17.97,1.14,$1.14,18.08,$1.38,14.91,$4.21B,$3.14B,1.34,$3.96B,$5.96B,0.66,$10.61B,$3.63B,34.20%,$10.61B,$1.67B,15.77%,$10.61B,$1.67B,15.77%,$10.61B,$2.09B,19.68%,$10.61B,$1.34B,12.59%,$10.61B,$0.82B,7.70%,$0.82B,$5.96B,13.90%,$0.82B,$-2.19B,-36.86%,$0.82B,$14.92B,5.52%,$1.67B,$9.92B,16.82%,$2722,$1782,$940,$20,$488,$2290,$433,$-85,$348,$124,$224,$214,$214,$541,$433,$588,588,$0.37,$0.37,$222,$707,$1107,$4212,$0,$0,$8156,$222,$8472,$14920,$3144,$3957,$628,$5813,$8957,$363,$2452,$0,$5962,$14920,$818,$416,$0,$416,$0,$0,$0,$0,$-228,$1016,$-674,$0,$-218,$0,$0,$0,$0,$-891,$0,$-8,$323,$0,$44,$-252,$-263,$-156,$-23,$0,$0
40,2008-09-30,22.65,$0.00,0.0,$17.71,1.28,$1.66,13.63,$1.35,16.77,$4.10B,$3.16B,1.3,$3.97B,$5.90B,0.67,$10.46B,$3.59B,34.28%,$10.46B,$1.67B,15.94%,$10.46B,$1.67B,15.94%,$10.46B,$2.08B,19.87%,$10.46B,$1.33B,12.68%,$10.46B,$0.80B,7.65%,$0.80B,$5.91B,13.84%,$0.80B,$-2.19B,-35.43%,$0.80B,$14.78B,5.47%,$1.67B,$9.88B,16.91%,$2713,$1804,$909,$20,$467,$2291,$422,$-87,$335,$123,$213,$206,$206,$530,$422,$598,598,$0.35,$0.35,$180,$725,$990,$4095,$0,$0,$8101,$243,$8440,$14784,$3155,$3972,$520,$5721,$8876,$363,$2238,$0,$5908,$14784,$603,$307,$0,$307,$0,$0,$0,$0,$-203,$716,$-493,$0,$46,$0,$0,$-176,$0,$-623,$0,$-3,$313,$0,$38,$-252,$-253,$-158,$-65,$0,$0
41,2008-06-30,23.93,$0.00,0.0,$17.26,1.39,$2.17,11.01,$1.31,18.27,$4.20B,$3.14B,1.34,$4.18B,$5.82B,0.72,$10.17B,$3.51B,34.55%,$10.17B,$1.64B,16.14%,$10.17B,$1.64B,16.14%,$10.17B,$2.03B,20.00%,$10.17B,$1.29B,12.71%,$10.17B,$0.78B,7.62%,$0.78B,$5.83B,13.75%,$0.78B,$-2.27B,-33.62%,$0.78B,$14.91B,5.40%,$1.64B,$10.01B,16.88%,$2665,$1741,$924,$21,$474,$2236,$429,$-82,$347,$129,$218,$211,$211,$531,$429,$586,586,$0.36,$0.36,$190,$766,$992,$4196,$0,$0,$8096,$247,$8455,$14912,$3144,$4183,$486,$5941,$9085,$362,$2032,$0,$5827,$14912,$397,$199,$0,$199,$0,$0,$0,$0,$-195,$401,$-333,$0,$41,$0,$0,$-132,$0,$-424,$0,$174,$211,$0,$10,$-252,$-180,$-38,$-55,$0,$0
42,2008-03-31,21.61,$0.00,0.0,$16.74,1.29,$2.51,8.62,$1.26,17.22,$4.05B,$2.89B,1.4,$4.16B,$5.81B,0.72,$9.91B,$3.43B,34.58%,$9.91B,$1.60B,16.18%,$9.91B,$1.60B,16.18%,$9.91B,$1.98B,19.97%,$9.91B,$1.25B,12.56%,$9.91B,$0.74B,7.50%,$0.74B,$5.81B,13.62%,$0.74B,$-2.21B,-31.21%,$0.74B,$14.59B,5.30%,$1.60B,$9.97B,17.00%,$2512,$1656,$856,$19,$448,$2123,$389,$-83,$306,$114,$192,$186,$186,$486,$389,$590,590,$0.32,$0.32,$220,$714,$947,$4054,$0,$0,$8019,$239,$8362,$14593,$2886,$4156,$537,$5896,$8783,$362,$2073,$0,$5810,$14593,$186,$97,$0,$97,$0,$0,$0,$0,$-84,$192,$-154,$0,$39,$0,$0,$-71,$0,$-186,$0,$2,$147,$0,$-672,$0,$484,$-38,$-25,$0,$0
43,2007-12-31,22.65,$0.00,0.0,$16.40,1.38,$2.74,8.28,$1.21,18.72,$3.86B,$3.03B,1.28,$4.00B,$5.57B,0.72,$9.72B,$3.36B,34.53%,$9.72B,$1.58B,16.26%,$9.72B,$1.58B,16.26%,$9.72B,$1.94B,19.99%,$9.72B,$1.21B,12.44%,$9.72B,$0.72B,7.38%,$0.72B,$5.58B,13.62%,$0.72B,$-2.36B,-28.99%,$0.72B,$14.17B,5.24%,$1.58B,$9.58B,17.28%,$2569,$1673,$896,$23,$445,$2142,$427,$-90,$338,$135,$203,$197,$197,$531,$427,$588,588,$0.34,$0.34,$245,$636,$952,$3859,$0,$0,$7936,$238,$8257,$14170,$3026,$4004,$416,$5569,$8595,$361,$1887,$0,$5575,$14170,$717,$363,$0,$363,$0,$0,$0,$0,$91,$1200,$-549,$0,$-228,$0,$0,$0,$0,$-777,$0,$-13,$30,$0,$39,$-188,$-208,$-341,$86,$0,$0
44,2007-09-30,22.79,$0.00,0.0,$16.06,1.42,$2.41,9.44,$1.14,20.08,$3.76B,$2.92B,1.29,$4.03B,$5.32B,0.76,$9.50B,$3.28B,34.50%,$9.50B,$1.51B,15.85%,$9.50B,$1.51B,15.85%,$9.50B,$1.85B,19.50%,$9.50B,$1.13B,11.88%,$9.50B,$0.67B,7.07%,$0.67B,$5.33B,13.21%,$0.67B,$-2.38B,-26.31%,$0.67B,$13.76B,5.01%,$1.51B,$9.36B,16.88%,$2426,$1588,$838,$16,$426,$2029,$397,$-95,$302,$115,$187,$181,$181,$486,$397,$593,593,$0.31,$0.31,$238,$624,$938,$3759,$0,$0,$7711,$280,$8068,$13762,$2923,$4032,$381,$5510,$8434,$361,$1690,$0,$5328,$13762,$520,$260,$0,$260,$0,$0,$0,$0,$92,$890,$-364,$0,$29,$0,$0,$-140,$0,$-474,$0,$30,$63,$0,$33,$-188,$-281,$-344,$79,$0,$0
45,2007-06-30,19.73,$0.00,0.0,$15.74,1.25,$1.85,10.66,$1.07,18.52,$3.63B,$3.23B,1.12,$3.74B,$5.10B,0.73,$9.31B,$3.19B,34.28%,$9.31B,$1.46B,15.65%,$9.31B,$1.46B,15.65%,$9.31B,$1.79B,19.27%,$9.31B,$1.08B,11.56%,$9.31B,$0.63B,6.77%,$0.63B,$5.10B,12.82%,$0.63B,$-2.57B,-23.39%,$0.63B,$13.55B,4.80%,$1.46B,$8.84B,16.72%,$2404,$1567,$837,$15,$432,$2013,$391,$-92,$299,$114,$186,$179,$179,$476,$391,$597,597,$0.30,$0.30,$207,$588,$907,$3628,$0,$0,$7671,$334,$8076,$13550,$3229,$3741,$386,$5222,$8451,$360,$1509,$0,$5100,$13550,$339,$170,$0,$170,$0,$0,$0,$0,$-13,$508,$-240,$0,$27,$0,$0,$-114,$0,$-327,$0,$11,$-99,$0,$8,$-188,$129,$-139,$48,$0,$0
46,2007-03-31,20.64,$0.00,0.0,$15.44,1.34,$1.69,12.21,$0.99,20.96,$3.46B,$3.03B,1.14,$3.74B,$5.05B,0.74,$9.07B,$3.08B,33.99%,$9.07B,$1.40B,15.42%,$9.07B,$1.40B,15.42%,$9.07B,$1.73B,19.09%,$9.07B,$1.05B,11.56%,$9.07B,$0.58B,6.39%,$0.58B,$5.05B,12.18%,$0.58B,$-2.58B,-20.58%,$0.58B,$13.25B,4.50%,$1.40B,$8.80B,16.20%,$2321,$1536,$785,$13,$406,$1956,$365,$-95,$270,$103,$167,$160,$160,$450,$365,$593,593,$0.27,$0.27,$208,$567,$823,$3462,$0,$0,$7632,$303,$8001,$13250,$3028,$3744,$361,$5169,$8197,$303,$1519,$0,$5053,$13250,$160,$85,$0,$85,$0,$0,$0,$0,$34,$283,$-109,$0,$-90,$0,$0,$0,$0,$-199,$0,$26,$-95,$0,$4,$0,$29,$-36,$49,$0,$0
47,2006-12-31,18.84,$0.00,0.0,$14.54,1.3,$1.56,12.05,$0.92,20.59,$3.41B,$2.38B,1.44,$3.83B,$4.87B,0.79,$8.50B,$2.88B,33.88%,$8.50B,$1.28B,15.07%,$8.50B,$1.28B,15.07%,$8.50B,$1.59B,18.70%,$8.50B,$0.97B,11.38%,$8.50B,$0.54B,6.31%,$0.54B,$4.87B,11.62%,$0.54B,$-2.68B,-18.27%,$0.54B,$13.05B,4.16%,$1.28B,$8.70B,16.96%,$2352,$1533,$819,$14,$452,$1999,$353,$-96,$258,$102,$156,$152,$152,$441,$353,$585,585,$0.26,$0.26,$159,$524,$880,$3412,$0,$0,$7554,$294,$7910,$13045,$2376,$3829,$262,$5799,$8175,$303,$1358,$0,$4870,$13045,$537,$309,$0,$309,$0,$0,$0,$0,$30,$908,$-450,$0,$-3792,$0,$0,$0,$0,$-4241,$0,$-15,$3034,$0,$361,$-154,$157,$3383,$74,$0,$0
