,Date,Stock Price,Book Value per Share,Price to Book Ratio,TTM Sales per Share,Price to Sales Ratio,TTM FCF per Share,Price to FCF Ratio,TTM Net EPS,PE Ratio,Current Assets,Current Liabilities,Current Ratio,Long Term Debt,Shareholder's Equity_x,Debt to Equity Ratio,TTM Revenue_x,TTM Gross Profit,Gross Margin,TTM Revenue_y,TTM Operating Income,Operating Margin,TTM Revenue_x,TTM EBIT,EBIT Margin,TTM Revenue_y,TTM EBITDA,EBITDA Margin,TTM Revenue_x,TTM Pre-Tax Income,Pre-Tax Margin,TTM Revenue_y,TTM Net Income_x,Net Margin,TTM Net Income_y,Shareholder's Equity_y,Return on Equity,TTM Net Income_x,Tangible Equity,Return on Tangible Equity,TTM Net Income_y,Total Assets,Return on Assets,TTM Net Income,LT Investments & Debt,Return on Investment,revenue,cost-goods-sold,gross-profit,research-development-expenses,selling-general-administrative-expenses,operating-expenses,operating-income,total-non-operating-income-expense,pre-tax-income,total-provision-income-taxes,income-after-taxes,income-from-continuous-operations,net-income,ebitda,ebit,basic-shares-outstanding,shares-outstanding,eps-basic-net-earnings-per-share,eps-earnings-per-share-diluted,cash-on-hand,inventory,other-current-assets,total-current-assets,net-property-plant-equipment,long-term-investments,goodwill-intangible-assets-total,other-long-term-assets,total-long-term-assets,total-assets,total-current-liabilities,long-term-debt,other-non-current-liabilities,total-long-term-liabilities,total-liabilities,common-stock-net,retained-earnings-accumulated-deficit,comprehensive-income,total-share-holder-equity,total-liabilities-share-holders-equity,net-income-loss,total-depreciation-amortization-cash-flow,other-non-cash-items,total-non-cash-items,change-in-accounts-receivable,change-in-inventories,change-in-accounts-payable,change-in-assets-liabilities,total-change-in-assets-liabilities,cash-flow-from-operating-activities,net-change-in-property-plant-equipment,net-change-in-intangible-assets,net-acquisitions-divestitures,net-change-in-short-term-investments,net-change-in-long-term-investments,net-change-in-investments-total,investing-activities-other,cash-flow-from-investing-activities,net-long-term-debt,net-current-debt,debt-issuance-retirement-net-total,net-common-equity-issued-repurchased,net-total-equity-issued-repurchased,total-common-preferred-stock-dividends-paid,financial-activities-other,cash-flow-from-financial-activities,net-cash-flow,stock-based-compensation,common-stock-dividends-paid
0,2018-09-30,98.97,$47.65,2.08,$64.06,1.54,$2.93,33.79,$2.33,42.48,$9.67B,$5.92B,1.63,$6.18B,$0.00B,0.0,$24.19B,$8.98B,37.11%,$24.19B,$2.20B,9.08%,$24.19B,$2.20B,9.08%,$24.19B,$2.20B,9.08%,$24.19B,$0.29B,1.21%,$24.19B,$0.64B,2.66%,$0.64B,$17.05B,3.81%,$0.64B,$9.60B,7.03%,$0.64B,$30.67B,2.12%,$2.20B,$23.23B,9.58%,$6250,$3963,$2287,$0,$1744,$5722,$528,$-270,$257,$94,$163,$327,$248,$528,$528,$358,358,$0.69,$0.69,$4042,$1718,$1051,$9666,$5444,$4739,$7452,$3365,$21000,$30666,$5919,$6181,$1220,$7697,$13616,$0,$0,$0,$17050,$30666,$0,$0,$0,$0,$0,$0,$0,$0,$0,$0,$0,$0,$0,$0,$0,$0,$0,$0,$0,$0,$0,$0,$0,$0,$0,$0,$0,$0,$0
1,2018-06-30,87.79,$46.92,1.87,$64.60,1.36,$2.93,29.97,$6.51,13.49,$8.20B,$5.50B,1.49,$6.22B,$0.00B,0.0,$24.39B,$9.02B,37.00%,$24.39B,$2.20B,9.01%,$24.39B,$2.20B,9.01%,$24.39B,$2.20B,9.01%,$24.39B,$2.15B,8.80%,$24.39B,$2.22B,9.10%,$2.22B,$16.79B,13.01%,$2.22B,$8.96B,24.57%,$2.22B,$30.23B,7.25%,$2.20B,$23.01B,9.50%,$6447,$4084,$2364,$0,$1777,$5893,$555,$178,$732,$237,$496,$557,$557,$555,$555,$446,446,$1.25,$1.25,$4059,$1789,$952,$8200,$6022,$4715,$7825,$3468,$22030,$30231,$5498,$6219,$1439,$7945,$13443,$0,$0,$0,$16788,$30231,$0,$0,$0,$0,$0,$0,$0,$0,$0,$0,$0,$0,$0,$0,$0,$0,$0,$0,$0,$0,$0,$0,$0,$0,$0,$0,$0,$0,$0
2,2018-03-31,90.68,$46.64,1.94,$67.89,1.34,$2.93,30.96,$5.98,15.16,$9.25B,$6.36B,1.46,$5.65B,$0.00B,0.0,$24.13B,$8.93B,37.03%,$24.13B,$2.20B,9.13%,$24.13B,$2.20B,9.13%,$24.13B,$2.20B,9.13%,$24.13B,$1.75B,7.27%,$24.13B,$1.91B,7.93%,$1.91B,$16.69B,11.55%,$1.91B,$8.77B,22.42%,$1.91B,$30.50B,6.35%,$2.20B,$22.34B,9.70%,$6159,$3950,$2209,$0,$1749,$5710,$449,$-385,$65,$32,$32,$79,$79,$449,$449,$358,358,$0.22,$0.22,$5028,$1833,$1003,$9251,$5991,$4928,$7916,$2409,$21244,$30495,$6355,$5652,$1518,$7452,$13807,$0,$0,$0,$16688,$30495,$0,$0,$0,$0,$0,$0,$0,$0,$0,$0,$0,$0,$0,$0,$0,$0,$0,$0,$0,$0,$0,$0,$0,$0,$0,$0,$0,$0,$0
3,2017-12-31,93.13,$79.38,1.17,$74.28,1.25,$2.93,31.8,$6.47,14.39,$9.23B,$5.35B,1.73,$6.00B,$17.16B,0.35,$23.45B,$8.67B,36.98%,$23.45B,$2.15B,9.19%,$23.45B,$2.15B,9.19%,$23.45B,$2.15B,9.19%,$23.45B,$2.03B,8.66%,$23.45B,$2.16B,9.22%,$2.16B,$17.16B,13.68%,$2.16B,$9.31B,27.53%,$2.16B,$29.97B,7.43%,$2.15B,$23.15B,9.82%,$5337,$3221,$2117,$0,$1464,$4673,$665,$-1426,$-761,$13,$-774,$-671,$-240,$665,$665,$357,358,$-1.18,$-1.18,$5084,$1774,$147,$9226,$5943,$5508,$7846,$637,$20741,$29967,$5348,$5996,$882,$7464,$12812,$170,$10279,$930,$17155,$29967,$2434,$899,$-1139,$-240,$-578,$-133,$376,$184,$-151,$2084,$-1036,$-170,$2577,$0,$30,$30,$199,$1600,$-231,$0,$-231,$0,$0,$-634,$-232,$-1097,$2714,$0,$-634
4,2017-09-30,94.01,$49.19,1.91,$70.61,1.33,$4.28,21.94,$7.11,13.22,$9.85B,$5.24B,1.88,$6.36B,$0.00B,0.0,$22.13B,$8.10B,36.60%,$22.13B,$1.93B,8.74%,$22.13B,$1.93B,8.74%,$22.13B,$1.93B,8.74%,$22.13B,$3.17B,14.32%,$22.13B,$2.63B,11.90%,$2.63B,$17.60B,17.58%,$2.63B,$9.10B,36.91%,$2.63B,$31.85B,9.33%,$1.93B,$23.96B,9.12%,$6443,$4110,$2333,$0,$1788,$5916,$527,$1583,$2111,$354,$1757,$1895,$1824,$527,$527,$358,358,$5.10,$5.10,$5684,$1728,$1047,$9846,$6421,$4887,$8500,$2196,$22004,$31849,$5239,$6357,$2370,$9009,$14248,$0,$0,$0,$17602,$31849,$0,$0,$0,$0,$0,$0,$0,$0,$0,$0,$0,$0,$0,$0,$0,$0,$0,$0,$0,$0,$0,$0,$0,$0,$0,$0,$0,$0,$0
5,2017-06-30,96.77,$41.41,2.34,$67.15,1.44,$4.28,22.59,$2.69,35.97,$6.57B,$4.69B,1.4,$6.53B,$0.00B,0.0,$21.05B,$7.72B,36.69%,$21.05B,$1.90B,9.05%,$21.05B,$1.90B,9.05%,$21.05B,$1.90B,9.05%,$21.05B,$1.42B,6.73%,$21.05B,$1.17B,5.54%,$1.17B,$14.82B,8.24%,$1.17B,$6.96B,17.24%,$1.17B,$28.24B,4.34%,$1.90B,$21.35B,9.39%,$6188,$3913,$2275,$0,$1703,$5626,$562,$-223,$338,$91,$248,$346,$251,$562,$562,$349,349,$0.72,$0.72,$2762,$1668,$946,$6569,$5870,$5931,$7856,$2010,$21667,$28236,$4686,$6534,$1939,$8734,$13420,$0,$0,$0,$14816,$28236,$0,$0,$0,$0,$0,$0,$0,$0,$0,$0,$0,$0,$0,$0,$0,$0,$0,$0,$0,$0,$0,$0,$0,$0,$0,$0,$0,$0,$0
6,2017-03-31,86.46,$38.03,2.27,$63.76,1.36,$4.28,20.18,$2.71,31.9,$5.68B,$4.76B,1.19,$5.65B,$0.00B,0.0,$20.09B,$7.40B,36.85%,$20.09B,$1.86B,9.27%,$20.09B,$1.86B,9.27%,$20.09B,$1.86B,9.27%,$20.09B,$1.47B,7.30%,$20.09B,$1.18B,5.89%,$1.18B,$13.61B,8.45%,$1.18B,$6.02B,17.22%,$1.18B,$26.36B,4.50%,$1.86B,$19.26B,9.31%,$5477,$3532,$1944,$0,$1561,$5077,$400,$-57,$343,$81,$262,$326,$326,$400,$400,$232,232,$1.40,$1.40,$2034,$1635,$892,$5677,$5753,$5404,$7583,$1938,$20679,$26356,$4762,$5654,$2087,$7986,$12748,$0,$0,$0,$13607,$26356,$0,$0,$0,$0,$0,$0,$0,$0,$0,$0,$0,$0,$0,$0,$0,$0,$0,$0,$0,$0,$0,$0,$0,$0,$0,$0,$0,$0,$0
7,2016-12-31,74.44,$64.23,1.16,$54.18,1.37,$4.28,17.38,$2.71,27.47,$5.72B,$4.19B,1.37,$6.40B,$13.88B,0.46,$19.38B,$7.19B,37.10%,$19.38B,$1.84B,9.50%,$19.38B,$1.84B,9.50%,$19.38B,$1.84B,9.50%,$19.38B,$1.39B,7.15%,$19.38B,$1.02B,5.28%,$1.02B,$13.88B,7.36%,$1.02B,$6.45B,14.38%,$1.02B,$26.47B,3.95%,$1.84B,$20.28B,9.24%,$4026,$2479,$1548,$0,$1105,$3582,$445,$-67,$378,$117,$261,$312,$232,$445,$445,$357,358,$0.67,$0.66,$2254,$1549,$199,$5721,$4958,$6982,$7434,$785,$20744,$26465,$4185,$6401,$1247,$8399,$12584,$162,$8187,$682,$13881,$26465,$1701,$665,$-438,$227,$-92,$-239,$744,$90,$503,$2431,$-898,$-112,$-884,$0,$-89,$-89,$108,$-1875,$1027,$0,$1027,$0,$0,$-584,$-379,$64,$691,$0,$-584
8,2016-09-30,89.29,$39.97,2.23,$54.46,1.64,$3.23,27.67,$2.69,33.19,$6.47B,$4.28B,1.51,$5.92B,$0.00B,0.0,$19.49B,$7.37B,37.83%,$19.49B,$2.07B,10.61%,$19.49B,$2.07B,10.61%,$19.49B,$2.07B,10.61%,$19.49B,$1.39B,7.15%,$19.49B,$1.06B,5.43%,$1.06B,$14.30B,7.58%,$1.06B,$7.62B,14.21%,$1.06B,$26.32B,4.19%,$2.07B,$20.22B,10.54%,$5357,$3401,$1956,$0,$1452,$4861,$497,$-140,$357,$78,$279,$423,$357,$497,$497,$368,368,$0.97,$0.97,$3093,$1506,$761,$6466,$4888,$6647,$6688,$1629,$19852,$26318,$4276,$5918,$1574,$7739,$12015,$0,$0,$0,$14303,$26318,$0,$0,$0,$0,$0,$0,$0,$0,$0,$0,$0,$0,$0,$0,$0,$0,$0,$0,$0,$0,$0,$0,$0,$0,$0,$0,$0,$0,$0
9,2016-06-30,89.73,$39.81,2.25,$53.35,1.68,$3.23,27.81,$2.69,33.36,$6.14B,$4.06B,1.51,$5.97B,$0.00B,0.0,$18.93B,$7.30B,38.54%,$18.93B,$2.09B,11.04%,$18.93B,$2.09B,11.04%,$18.93B,$2.09B,11.04%,$18.93B,$1.39B,7.33%,$18.93B,$1.01B,5.31%,$1.01B,$14.24B,7.19%,$1.01B,$7.42B,13.31%,$1.01B,$26.19B,4.01%,$2.09B,$20.22B,10.72%,$5228,$3275,$1954,$0,$1441,$4708,$520,$-131,$389,$105,$284,$340,$269,$520,$520,$364,364,$0.74,$0.74,$2763,$1474,$782,$6137,$4841,$6833,$6821,$1553,$20048,$26185,$4056,$5973,$1668,$7886,$11942,$0,$0,$0,$14244,$26185,$0,$0,$0,$0,$0,$0,$0,$0,$0,$0,$0,$0,$0,$0,$0,$0,$0,$0,$0,$0,$0,$0,$0,$0,$0,$0,$0,$0,$0
10,2016-03-31,92.73,$37.05,2.5,$52.38,1.77,$3.23,28.74,$2.64,35.13,$6.01B,$4.26B,1.41,$5.69B,$0.00B,0.0,$18.61B,$7.26B,39.03%,$18.61B,$2.11B,11.36%,$18.61B,$2.11B,11.36%,$18.61B,$2.11B,11.36%,$18.61B,$1.43B,7.69%,$18.61B,$0.99B,5.31%,$0.99B,$13.26B,7.03%,$0.99B,$7.00B,12.80%,$0.99B,$24.67B,4.01%,$2.11B,$18.95B,10.89%,$4765,$3034,$1731,$0,$1350,$4387,$378,$-117,$261,$83,$178,$242,$166,$378,$378,$340,340,$0.49,$0.49,$2798,$1365,$814,$6008,$4548,$6508,$6259,$1348,$18663,$24671,$4256,$5687,$1229,$7156,$11412,$0,$0,$0,$13259,$24671,$0,$0,$0,$0,$0,$0,$0,$0,$0,$0,$0,$0,$0,$0,$0,$0,$0,$0,$0,$0,$0,$0,$0,$0,$0,$0,$0,$0,$0
11,2015-12-31,88.92,$65.08,1.37,$50.20,1.77,$3.23,27.55,$2.72,32.69,$5.04B,$3.80B,1.33,$5.00B,$14.07B,0.36,$18.12B,$7.17B,39.54%,$18.12B,$2.04B,11.26%,$18.12B,$2.04B,11.26%,$18.12B,$2.04B,11.26%,$18.12B,$1.46B,8.07%,$18.12B,$1.03B,5.68%,$1.03B,$14.07B,7.19%,$1.03B,$7.76B,12.98%,$1.03B,$23.81B,4.20%,$2.04B,$19.07B,10.40%,$4136,$2406,$1730,$0,$1096,$3463,$673,$-199,$387,$110,$277,$433,$267,$673,$673,$359,359,$0.76,$0.76,$1852,$1435,$213,$5044,$4670,$7019,$6301,$289,$18761,$23805,$3800,$5000,$332,$5940,$9740,$195,$9103,$-243,$14065,$23805,$1815,$630,$-161,$469,$-255,$0,$323,$-215,$-147,$2137,$-980,$-56,$-740,$0,$-82,$-82,$208,$-1650,$-413,$0,$-413,$0,$0,$-622,$237,$-798,$-354,$0,$-622
12,2015-09-30,85.36,$40.09,2.13,$51.92,1.64,$3.94,21.68,$3.21,26.59,$5.80B,$4.67B,1.24,$5.39B,$0.00B,0.0,$18.69B,$8.95B,47.90%,$18.69B,$4.42B,23.66%,$18.69B,$4.42B,23.66%,$18.69B,$4.42B,23.66%,$18.69B,$1.39B,7.42%,$18.69B,$1.25B,6.68%,$1.25B,$14.34B,8.49%,$1.25B,$8.03B,15.28%,$1.25B,$25.67B,5.00%,$4.42B,$19.74B,21.93%,$4805,$2922,$1883,$0,$1333,$4285,$519,$-168,$351,$110,$241,$370,$303,$519,$519,$358,358,$0.85,$0.85,$2646,$1358,$666,$5797,$4658,$6942,$6317,$1952,$19868,$25665,$4669,$5394,$986,$6652,$11321,$0,$0,$0,$14344,$25665,$0,$0,$0,$0,$0,$0,$0,$0,$0,$0,$0,$0,$0,$0,$0,$0,$0,$0,$0,$0,$0,$0,$0,$0,$0,$0,$0,$0,$0
13,2015-06-30,85.21,$40.83,2.09,$53.39,1.6,$3.94,21.64,$3.63,23.47,$4.93B,$3.43B,1.44,$5.33B,$0.00B,0.0,$19.21B,$9.22B,47.97%,$19.21B,$4.37B,22.77%,$19.21B,$4.37B,22.77%,$19.21B,$4.37B,22.77%,$19.21B,$1.52B,7.92%,$19.21B,$1.30B,6.76%,$1.30B,$14.61B,8.41%,$1.30B,$8.12B,15.21%,$1.30B,$24.42B,5.08%,$4.37B,$19.94B,20.83%,$4905,$2986,$1920,$0,$1368,$4362,$544,$-110,$433,$146,$288,$346,$253,$544,$544,$366,366,$0.69,$0.69,$2395,$1103,$680,$4926,$4854,$6637,$6492,$1509,$19493,$24418,$3433,$5325,$768,$6375,$9808,$0,$0,$0,$14610,$24418,$0,$0,$0,$0,$0,$0,$0,$0,$0,$0,$0,$0,$0,$0,$0,$0,$0,$0,$0,$0,$0,$0,$0,$0,$0,$0,$0,$0,$0
14,2015-03-31,88.74,$0.00,0.0,$55.32,1.6,$3.94,22.53,$3.59,24.72,$4.90B,$3.56B,1.38,$5.47B,$0.00B,0.0,$19.79B,$9.60B,48.54%,$19.79B,$4.46B,22.53%,$19.79B,$4.46B,22.53%,$19.79B,$4.46B,22.53%,$19.79B,$1.56B,7.86%,$19.79B,$1.28B,6.46%,$1.28B,$14.26B,7.94%,$1.28B,$7.81B,14.53%,$1.28B,$24.22B,4.83%,$4.46B,$19.73B,20.51%,$4275,$2643,$1632,$0,$1327,$3970,$305,$-100,$291,$95,$197,$206,$206,$305,$305,$361,361,$0.57,$0.57,$2310,$1115,$753,$4900,$0,$6516,$6451,$1527,$14494,$24217,$3562,$5473,$926,$6399,$9961,$0,$0,$0,$14256,$24217,$0,$0,$0,$0,$0,$0,$0,$0,$0,$0,$0,$0,$0,$0,$0,$0,$0,$0,$0,$0,$0,$0,$0,$0,$0,$0,$0,$0,$0
15,2014-12-31,83.55,$0.00,0.0,$57.85,1.44,$3.94,21.22,$3.87,21.59,$5.36B,$3.34B,1.61,$5.62B,$15.60B,0.36,$20.41B,$10.02B,49.08%,$20.41B,$4.64B,22.75%,$20.41B,$4.64B,22.75%,$20.41B,$4.64B,22.75%,$20.41B,$1.61B,7.89%,$20.41B,$1.36B,6.67%,$1.36B,$15.60B,8.17%,$1.36B,$8.72B,15.08%,$1.36B,$25.50B,5.00%,$4.64B,$21.22B,20.81%,$4700,$1184,$3516,$0,$464,$1648,$3052,$-59,$311,$40,$271,$486,$486,$3052,$3052,$355,355,$1.37,$1.37,$2593,$1167,$121,$5364,$7904,$7370,$6883,$333,$22916,$25503,$3343,$5623,$689,$6559,$9902,$227,$9974,$0,$15601,$25503,$1958,$679,$0,$679,$0,$0,$0,$0,$62,$2535,$-1138,$0,$0,$0,$0,$-58,$137,$-1059,$0,$0,$-25,$0,$0,$-214,$-391,$-630,$559,$0,$0
16,2014-09-30,87.36,$0.00,0.0,$59.45,1.47,$2.69,32.46,$3.55,24.61,$6.41B,$4.11B,1.56,$5.77B,$0.00B,0.0,$21.02B,$8.82B,41.96%,$21.02B,$2.32B,11.05%,$21.02B,$2.32B,11.05%,$21.02B,$2.32B,11.05%,$21.02B,$1.84B,8.75%,$21.02B,$1.25B,5.95%,$1.25B,$17.35B,7.36%,$1.25B,$9.51B,13.72%,$1.25B,$28.19B,4.52%,$2.32B,$23.12B,10.25%,$5333,$3185,$2149,$0,$1675,$4860,$473,$-176,$487,$97,$390,$354,$354,$473,$473,$358,358,$1.00,$1.00,$3186,$1256,$976,$6410,$0,$7236,$7832,$959,$16027,$28192,$4106,$5773,$968,$6740,$10846,$0,$0,$0,$17346,$28192,$0,$0,$0,$0,$0,$0,$0,$0,$0,$0,$0,$0,$0,$0,$0,$0,$0,$0,$0,$0,$0,$0,$0,$0,$0,$0,$0,$0,$0
17,2014-06-30,88.88,$0.00,0.0,$60.32,1.47,$2.69,33.02,$3.65,24.35,$6.12B,$4.00B,1.53,$5.68B,$0.00B,0.0,$20.63B,$8.74B,42.39%,$20.63B,$2.38B,11.54%,$20.63B,$2.38B,11.54%,$20.63B,$2.38B,11.54%,$20.63B,$1.87B,9.08%,$20.63B,$1.24B,6.03%,$1.24B,$17.19B,7.33%,$1.24B,$9.17B,13.19%,$1.24B,$28.10B,4.55%,$2.38B,$22.88B,10.75%,$5479,$3172,$2307,$0,$1679,$4851,$628,$-147,$466,$173,$292,$233,$233,$628,$628,$358,358,$0.65,$0.65,$2832,$1317,$1025,$6119,$0,$7392,$8023,$840,$16255,$28104,$3998,$5682,$1231,$6912,$10910,$0,$0,$0,$17194,$28104,$0,$0,$0,$0,$0,$0,$0,$0,$0,$0,$0,$0,$0,$0,$0,$0,$0,$0,$0,$0,$0,$0,$0,$0,$0,$0,$0,$0,$0
18,2014-03-31,88.49,$0.00,0.0,$58.82,1.5,$2.69,32.88,$3.78,23.41,$5.59B,$3.77B,1.48,$5.60B,$0.00B,0.0,$20.09B,$8.51B,42.36%,$20.09B,$2.30B,11.44%,$20.09B,$2.30B,11.44%,$20.09B,$2.30B,11.44%,$20.09B,$1.90B,9.48%,$20.09B,$1.29B,6.44%,$1.29B,$16.46B,7.65%,$1.29B,$8.69B,13.10%,$1.29B,$27.04B,4.84%,$2.30B,$22.05B,10.64%,$4897,$2851,$2045,$0,$1555,$4406,$491,$-104,$346,$113,$232,$288,$288,$491,$491,$340,340,$0.85,$0.85,$2494,$1213,$1025,$5588,$0,$7473,$7764,$769,$16006,$27035,$3771,$5596,$1210,$6807,$10578,$0,$0,$0,$16457,$27035,$0,$0,$0,$0,$0,$0,$0,$0,$0,$0,$0,$0,$0,$0,$0,$0,$0,$0,$0,$0,$0,$0,$0,$0,$0,$0,$0,$0,$0
19,2013-12-31,92.88,$0.00,0.0,$57.21,1.62,$2.69,34.51,$3.52,26.39,$5.62B,$3.73B,1.51,$5.57B,$16.99B,0.33,$19.77B,$8.43B,42.67%,$19.77B,$2.36B,11.94%,$19.77B,$2.36B,11.94%,$19.77B,$2.36B,11.94%,$19.77B,$1.91B,9.68%,$19.77B,$1.22B,6.17%,$1.22B,$16.99B,7.32%,$1.22B,$9.11B,11.90%,$1.22B,$27.42B,4.76%,$2.36B,$22.56B,11.55%,$5312,$2992,$2320,$0,$1590,$4582,$730,$-189,$541,$150,$391,$376,$376,$730,$730,$358,358,$1.05,$1.05,$2395,$1396,$151,$5617,$8749,$7717,$7886,$267,$24909,$27423,$3731,$5567,$905,$6701,$10432,$255,$9989,$0,$16991,$27423,$2284,$740,$0,$740,$0,$0,$0,$0,$-312,$2195,$-1232,$0,$-2426,$0,$0,$-688,$128,$-4218,$0,$0,$2974,$0,$0,$-1259,$-143,$1572,$-707,$0,$0
20,2013-09-30,89.9,$0.00,0.0,$56.03,1.6,$3.48,25.84,$4.55,19.76,$6.90B,$4.53B,1.52,$3.96B,$0.00B,0.0,$19.40B,$8.11B,41.81%,$19.40B,$2.12B,10.92%,$19.40B,$2.12B,10.92%,$19.40B,$2.12B,10.92%,$19.40B,$2.15B,11.10%,$19.40B,$1.60B,8.23%,$1.60B,$17.15B,9.70%,$1.60B,$10.73B,14.90%,$1.60B,$26.61B,6.52%,$2.12B,$21.11B,10.92%,$4939,$2867,$2072,$0,$1540,$4407,$532,$-38,$519,$169,$350,$346,$346,$532,$532,$313,313,$1.10,$1.10,$3905,$1248,$961,$6896,$0,$7397,$6419,$682,$14498,$26610,$4534,$3959,$971,$4930,$9464,$0,$0,$0,$17145,$26610,$0,$0,$0,$0,$0,$0,$0,$0,$0,$0,$0,$0,$0,$0,$0,$0,$0,$0,$0,$0,$0,$0,$0,$0,$0,$0,$0,$0,$0
21,2013-06-30,95.54,$0.00,0.0,$53.26,1.79,$3.48,27.47,$4.48,21.33,$6.70B,$4.46B,1.5,$3.57B,$0.00B,0.0,$19.06B,$8.03B,42.15%,$19.06B,$2.21B,11.59%,$19.06B,$2.21B,11.59%,$19.06B,$2.21B,11.59%,$19.06B,$2.17B,11.36%,$19.06B,$1.61B,8.47%,$1.61B,$17.08B,10.14%,$1.61B,$11.00B,15.37%,$1.61B,$25.94B,7.02%,$2.21B,$20.65B,12.03%,$4942,$2868,$2074,$0,$1528,$4397,$545,$-87,$498,$156,$343,$284,$284,$545,$545,$358,358,$0.78,$0.78,$3740,$1244,$1005,$6699,$0,$7459,$6081,$660,$14200,$25935,$4458,$3570,$829,$4399,$8857,$0,$0,$0,$17079,$25935,$0,$0,$0,$0,$0,$0,$0,$0,$0,$0,$0,$0,$0,$0,$0,$0,$0,$0,$0,$0,$0,$0,$0,$0,$0,$0,$0,$0,$0
22,2013-03-31,104.34,$0.00,0.0,$51.82,2.01,$3.48,30.0,$4.51,23.14,$4.97B,$4.33B,1.15,$2.11B,$0.00B,0.0,$18.54B,$7.82B,42.17%,$18.54B,$2.17B,11.69%,$18.54B,$2.17B,11.69%,$18.54B,$2.17B,11.69%,$18.54B,$2.13B,11.48%,$18.54B,$1.62B,8.73%,$1.62B,$15.37B,10.64%,$1.62B,$10.14B,16.13%,$1.62B,$22.57B,7.54%,$2.17B,$17.47B,12.56%,$4574,$2606,$1968,$0,$1414,$4020,$554,$-69,$356,$117,$240,$213,$213,$554,$554,$358,358,$0.59,$0.59,$2282,$1151,$809,$4967,$0,$6906,$5227,$775,$12907,$22573,$4331,$2105,$773,$2878,$7208,$0,$0,$0,$15365,$22573,$0,$0,$0,$0,$0,$0,$0,$0,$0,$0,$0,$0,$0,$0,$0,$0,$0,$0,$0,$0,$0,$0,$0,$0,$0,$0,$0,$0,$0
23,2012-12-31,92.58,$0.00,0.0,$50.86,1.82,$3.48,26.61,$4.43,20.9,$5.82B,$3.74B,1.56,$2.21B,$16.21B,0.14,$18.14B,$7.57B,41.72%,$18.14B,$2.04B,11.25%,$18.14B,$2.04B,11.25%,$18.14B,$2.04B,11.25%,$18.14B,$2.12B,11.71%,$18.14B,$1.59B,8.75%,$1.59B,$16.21B,10.66%,$1.59B,$10.98B,16.19%,$1.59B,$22.83B,7.65%,$2.04B,$18.42B,12.14%,$4947,$2949,$1998,$0,$1510,$4459,$488,$-49,$781,$232,$549,$753,$753,$488,$488,$362,362,$2.08,$2.08,$3136,$1261,$103,$5821,$7618,$6641,$5237,$218,$19870,$22829,$3743,$2209,$611,$2874,$6617,$258,$9913,$0,$16212,$22829,$2124,$608,$0,$608,$0,$0,$0,$0,$-6,$2377,$-1117,$0,$-5,$0,$0,$-173,$164,$-1131,$0,$0,$631,$0,$0,$-709,$-186,$-264,$824,$0,$0
24,2012-09-30,83.91,$0.00,0.0,$48.64,1.73,$4.14,20.25,$3.43,24.46,$4.74B,$3.08B,1.54,$1.92B,$0.00B,0.0,$17.59B,$6.29B,35.76%,$17.59B,$0.56B,3.18%,$17.59B,$0.56B,3.18%,$17.59B,$0.56B,3.18%,$17.59B,$2.45B,13.92%,$17.59B,$1.25B,7.10%,$1.25B,$15.04B,8.76%,$1.25B,$9.88B,13.57%,$1.25B,$20.67B,6.25%,$0.56B,$16.96B,3.48%,$4597,$2604,$1994,$0,$1371,$3974,$623,$-30,$531,$162,$370,$364,$364,$623,$623,$353,353,$1.03,$1.03,$2282,$1124,$592,$4735,$0,$5848,$5159,$595,$11602,$20674,$3081,$1918,$635,$2553,$5634,$0,$0,$0,$15040,$20674,$0,$0,$0,$0,$0,$0,$0,$0,$0,$0,$0,$0,$0,$0,$0,$0,$0,$0,$0,$0,$0,$0,$0,$0,$0,$0,$0,$0,$0
25,2012-06-30,81.42,$0.00,0.0,$45.94,1.77,$4.14,19.65,$3.26,24.97,$4.38B,$2.97B,1.48,$1.90B,$0.00B,0.0,$16.84B,$6.81B,40.43%,$16.84B,$1.68B,10.00%,$16.84B,$1.68B,10.00%,$16.84B,$1.68B,10.00%,$16.84B,$2.23B,13.25%,$16.84B,$1.21B,7.16%,$1.21B,$14.27B,9.96%,$1.21B,$9.17B,14.44%,$1.21B,$19.76B,6.93%,$1.68B,$16.17B,12.21%,$4422,$2563,$1858,$0,$1357,$3920,$502,$-36,$460,$108,$352,$289,$289,$502,$502,$358,358,$0.81,$0.81,$2037,$1078,$603,$4379,$0,$5463,$5103,$622,$11188,$19756,$2965,$1895,$625,$2520,$5485,$0,$0,$0,$14271,$19756,$0,$0,$0,$0,$0,$0,$0,$0,$0,$0,$0,$0,$0,$0,$0,$0,$0,$0,$0,$0,$0,$0,$0,$0,$0,$0,$0,$0,$0
26,2012-03-31,74.41,$0.00,0.0,$45.12,1.65,$4.14,17.95,$3.11,23.92,$4.38B,$3.35B,1.31,$1.73B,$0.00B,0.0,$16.55B,$6.67B,40.28%,$16.55B,$1.72B,10.38%,$16.55B,$1.72B,10.38%,$16.55B,$1.72B,10.38%,$16.55B,$2.27B,13.73%,$16.55B,$1.15B,6.96%,$1.15B,$13.97B,9.72%,$1.15B,$9.17B,13.98%,$1.15B,$19.72B,6.62%,$1.72B,$15.69B,12.69%,$4170,$2453,$1717,$0,$1289,$3742,$428,$-50,$352,$112,$241,$180,$180,$428,$428,$353,353,$0.51,$0.51,$2101,$1092,$522,$4378,$0,$5779,$4797,$628,$11204,$19722,$3348,$1725,$682,$2407,$5755,$0,$0,$0,$13967,$19722,$0,$0,$0,$0,$0,$0,$0,$0,$0,$0,$0,$0,$0,$0,$0,$0,$0,$0,$0,$0,$0,$0,$0,$0,$0,$0,$0,$0,$0
27,2011-12-31,63.05,$0.00,0.0,$46.69,1.35,$4.14,15.21,$3.65,17.27,$4.23B,$2.77B,1.53,$1.72B,$13.70B,0.13,$16.08B,$6.53B,40.63%,$16.08B,$1.83B,11.39%,$16.08B,$1.83B,11.39%,$16.08B,$1.83B,11.39%,$16.08B,$2.30B,14.27%,$16.08B,$1.26B,7.84%,$1.26B,$13.70B,10.97%,$1.26B,$8.57B,15.76%,$1.26B,$19.69B,7.35%,$1.83B,$15.42B,13.95%,$4396,$3677,$719,$0,$1713,$5390,$-994,$242,$1104,$259,$845,$415,$415,$-994,$-994,$384,384,$1.08,$1.08,$1982,$1031,$461,$4227,$0,$5661,$5133,$809,$11636,$19691,$2769,$1723,$503,$3223,$5992,$383,$6219,$0,$13699,$19691,$2033,$469,$0,$469,$0,$0,$0,$0,$-794,$1593,$0,$0,$-310,$0,$0,$-92,$-894,$-1296,$0,$207,$0,$0,$0,$-475,$-227,$-495,$-55,$0,$0
28,2011-09-30,58.13,$0.00,0.0,$45.52,1.28,0,0.0,$3.68,15.8,$2.70B,$1.81B,1.49,$1.42B,$0.00B,0.0,$15.43B,$6.64B,43.05%,$15.43B,$2.34B,15.13%,$15.43B,$2.34B,15.13%,$15.43B,$2.34B,15.13%,$15.43B,$1.85B,11.96%,$15.43B,$1.25B,8.10%,$1.25B,$6.47B,11.28%,$1.25B,$6.47B,15.94%,$1.25B,$10.35B,7.51%,$2.34B,$7.90B,18.37%,$3847,$1333,$2513,$0,$766,$2099,$1748,$-68,$314,$111,$203,$321,$321,$1748,$1748,$373,373,$0.86,$0.86,$1526,$488,$191,$2698,$0,$0,$0,$4833,$4833,$10345,$1807,$1424,$644,$2067,$3875,$0,$0,$0,$6471,$10345,$0,$0,$0,$0,$0,$0,$0,$0,$0,$0,$0,$0,$0,$0,$0,$0,$0,$0,$0,$0,$0,$0,$0,$0,$0,$0,$0,$0,$0
29,2011-06-30,59.63,$0.00,0.0,$44.86,1.33,0,0.0,$3.96,15.06,$4.66B,$3.01B,1.55,$1.92B,$0.00B,0.0,$15.04B,$5.65B,37.54%,$15.04B,$1.13B,7.51%,$15.04B,$1.13B,7.51%,$15.04B,$1.13B,7.51%,$15.04B,$2.10B,13.94%,$15.04B,$1.34B,8.89%,$1.34B,$13.22B,10.77%,$1.34B,$8.72B,16.42%,$1.34B,$19.75B,7.27%,$1.13B,$15.14B,8.01%,$4133,$2417,$1716,$0,$1180,$3597,$536,$-34,$502,$155,$347,$235,$235,$536,$536,$358,358,$0.66,$0.66,$2662,$958,$472,$4663,$0,$6073,$4507,$818,$11399,$19751,$3010,$1920,$1597,$3517,$6527,$0,$0,$0,$13224,$19751,$0,$0,$0,$0,$0,$0,$0,$0,$0,$0,$0,$0,$0,$0,$0,$0,$0,$0,$0,$0,$0,$0,$0,$0,$0,$0,$0,$0,$0
30,2011-03-31,52.16,$0.00,0.0,$42.43,1.23,0,0.0,$9.66,5.4,$4.23B,$3.24B,1.3,$1.48B,$0.00B,0.0,$14.19B,$5.27B,37.17%,$14.19B,$0.96B,6.79%,$14.19B,$0.96B,6.79%,$14.19B,$0.96B,6.79%,$14.19B,$1.99B,14.05%,$14.19B,$3.39B,23.91%,$3.39B,$12.55B,28.61%,$3.39B,$8.22B,44.15%,$3.39B,$18.82B,19.33%,$0.96B,$14.03B,7.15%,$3705,$2119,$1585,$0,$1045,$3164,$541,$-21,$375,$97,$278,$289,$289,$541,$541,$276,276,$1.05,$1.05,$2283,$897,$489,$4227,$0,$6053,$4332,$751,$11136,$18820,$3242,$1475,$1553,$3028,$6270,$0,$0,$0,$12551,$18820,$0,$0,$0,$0,$0,$0,$0,$0,$0,$0,$0,$0,$0,$0,$0,$0,$0,$0,$0,$0,$0,$0,$0,$0,$0,$0,$0,$0,$0
31,2010-12-31,49.69,$0.00,0.0,$35.74,1.39,$0.43,115.48,$9.06,5.48,$4.07B,$2.39B,1.7,$1.70B,$0.00B,0.0,$14.27B,$6.47B,45.35%,$14.27B,$2.64B,18.53%,$14.27B,$2.64B,18.53%,$14.27B,$2.64B,18.53%,$14.27B,$1.87B,13.08%,$14.27B,$3.36B,23.53%,$3.36B,$12.09B,33.46%,$3.36B,$7.95B,48.34%,$3.36B,$17.66B,22.46%,$2.64B,$13.79B,22.79%,$3746,$2917,$829,$0,$1319,$4236,$-490,$9,$655,$108,$547,$405,$405,$-490,$-490,$365,365,$1.11,$1.11,$2146,$904,$407,$4065,$0,$5435,$4135,$699,$10269,$17663,$2389,$1699,$1486,$3186,$5575,$0,$0,$0,$12088,$17663,$0,$0,$0,$0,$0,$0,$0,$0,$0,$0,$0,$0,$0,$0,$0,$0,$0,$0,$0,$0,$0,$0,$0,$0,$0,$0,$0,$0,$0
32,2010-09-30,44.82,$0.00,0.0,$36.96,1.21,$0.43,104.16,$8.82,5.08,$3.62B,$2.29B,1.58,$1.63B,$0.00B,0.0,$14.63B,$7.57B,51.76%,$14.63B,$3.77B,25.76%,$14.63B,$3.77B,25.76%,$14.63B,$3.77B,25.76%,$14.63B,$1.64B,11.18%,$14.63B,$3.26B,22.31%,$3.26B,$11.79B,35.64%,$3.26B,$7.69B,56.31%,$3.26B,$17.36B,22.61%,$3.77B,$13.42B,34.50%,$3452,$1937,$1515,$0,$973,$2910,$542,$128,$564,$168,$395,$408,$408,$542,$542,$358,358,$1.14,$1.14,$2021,$779,$339,$3623,$0,$5758,$4098,$646,$10501,$17356,$2288,$1633,$1649,$3282,$5570,$0,$0,$0,$11786,$17356,$0,$0,$0,$0,$0,$0,$0,$0,$0,$0,$0,$0,$0,$0,$0,$0,$0,$0,$0,$0,$0,$0,$0,$0,$0,$0,$0,$0,$0
33,2010-06-30,38.12,$0.00,0.0,$34.34,1.11,$0.43,88.6,$8.20,4.65,$3.42B,$2.23B,1.53,$1.64B,$0.00B,0.0,$14.99B,$7.80B,52.06%,$14.99B,$3.74B,24.94%,$14.99B,$3.74B,24.94%,$14.99B,$3.74B,24.94%,$14.99B,$1.49B,9.95%,$14.99B,$3.14B,20.93%,$3.14B,$11.01B,37.79%,$3.14B,$6.88B,67.89%,$3.14B,$16.38B,22.53%,$3.74B,$12.64B,36.30%,$3285,$1941,$1344,$0,$973,$2914,$370,$-24,$400,$98,$302,$199,$2291,$370,$370,$360,360,$6.36,$6.36,$1819,$785,$374,$3423,$0,$4992,$4127,$708,$9827,$16375,$2234,$1636,$1500,$3136,$5370,$0,$0,$0,$11005,$16375,$0,$0,$0,$0,$0,$0,$0,$0,$0,$0,$0,$0,$0,$0,$0,$0,$0,$0,$0,$0,$0,$0,$0,$0,$0,$0,$0,$0,$0
34,2010-03-31,41.71,$0.00,0.0,$32.07,1.3,$0.43,96.93,$2.37,17.6,$2.01B,$1.32B,1.53,$1.29B,$5.27B,0.25,$15.36B,$8.19B,53.30%,$15.36B,$3.92B,25.50%,$15.36B,$3.92B,25.50%,$15.36B,$3.92B,25.50%,$15.36B,$1.49B,9.70%,$15.36B,$1.13B,7.36%,$1.13B,$5.27B,15.12%,$1.13B,$5.27B,31.79%,$1.13B,$8.40B,8.36%,$3.92B,$6.56B,40.25%,$3788,$1005,$2784,$0,$561,$1566,$2222,$-26,$248,$74,$174,$254,$254,$2222,$2222,$564,564,$0.45,$0.45,$1145,$358,$164,$2013,$4094,$0,$0,$4177,$8270,$8404,$1320,$1292,$523,$1815,$3135,$0,$0,$0,$5269,$8404,$248,$0,$0,$0,$0,$0,$0,$0,$-97,$243,$0,$0,$0,$0,$0,$-75,$0,$-75,$0,$0,$317,$0,$0,$0,$-21,$296,$417,$0,$0
35,2009-12-31,42.02,$0.00,0.0,$29.79,1.41,0,0.0,$2.07,20.3,$3.63B,$3.35B,1.08,$2.50B,$0.00B,0.0,$14.73B,$6.87B,46.66%,$14.73B,$2.15B,14.60%,$14.73B,$2.15B,14.60%,$14.73B,$2.15B,14.60%,$14.73B,$1.41B,9.54%,$14.73B,$0.98B,6.67%,$0.98B,$8.57B,12.52%,$0.98B,$3.35B,35.50%,$0.98B,$15.62B,6.67%,$2.15B,$11.07B,20.80%,$4104,$2175,$1929,$0,$1295,$3470,$634,$-182,$424,$-25,$449,$311,$311,$634,$634,$358,358,$0.87,$0.87,$1305,$1099,$354,$3630,$0,$0,$5220,$1623,$6843,$15621,$3352,$2499,$1198,$3697,$7049,$0,$0,$0,$8571,$15621,$0,$0,$0,$0,$0,$0,$0,$0,$0,$0,$0,$0,$0,$0,$0,$0,$0,$0,$0,$0,$0,$0,$0,$0,$0,$0,$0,$0,$0
36,2009-09-30,33.25,$0.00,0.0,$24.51,1.36,0,0.0,$1.32,25.19,$3.48B,$3.25B,1.07,$2.57B,$0.00B,0.0,$13.65B,$5.83B,42.72%,$13.65B,$1.14B,8.32%,$13.65B,$1.14B,8.32%,$13.65B,$1.14B,8.32%,$13.65B,$1.10B,8.02%,$13.65B,$0.73B,5.36%,$0.73B,$8.37B,9.24%,$0.73B,$2.99B,27.58%,$0.73B,$15.31B,4.86%,$1.14B,$10.93B,10.83%,$3814,$2067,$1747,$0,$1234,$3301,$513,$-130,$419,$135,$284,$282,$282,$513,$513,$542,542,$0.52,$0.52,$1277,$1038,$434,$3475,$0,$0,$5375,$1244,$6618,$15306,$3252,$2565,$1123,$3688,$6940,$0,$0,$0,$8366,$15306,$0,$0,$0,$0,$0,$0,$0,$0,$0,$0,$0,$0,$0,$0,$0,$0,$0,$0,$0,$0,$0,$0,$0,$0,$0,$0,$0,$0,$0
37,2009-06-30,28.18,$0.00,0.0,$17.47,1.61,0,0.0,$0.80,35.22,$3.48B,$3.35B,1.04,$2.67B,$0.00B,0.0,$13.88B,$5.95B,42.89%,$13.88B,$1.17B,8.46%,$13.88B,$1.17B,8.46%,$13.88B,$1.17B,8.46%,$13.88B,$1.05B,7.55%,$13.88B,$0.70B,5.03%,$0.70B,$7.69B,8.59%,$0.70B,$2.61B,26.00%,$0.70B,$14.73B,4.56%,$1.17B,$10.36B,10.89%,$3652,$1926,$1726,$0,$1178,$3104,$548,$-111,$398,$118,$280,$283,$283,$548,$548,$534,534,$0.53,$0.53,$1328,$1005,$476,$3477,$0,$0,$5082,$1186,$6268,$14733,$3348,$2673,$1023,$3696,$7044,$0,$0,$0,$7689,$14733,$0,$0,$0,$0,$0,$0,$0,$0,$0,$0,$0,$0,$0,$0,$0,$0,$0,$0,$0,$0,$0,$0,$0,$0,$0,$0,$0,$0,$0
38,2009-03-31,21.9,$0.00,0.0,$10.63,2.06,0,0.0,$0.27,81.11,$2.90B,$3.32B,0.87,$2.21B,$0.00B,0.0,$14.12B,$6.06B,42.90%,$14.12B,$1.19B,8.40%,$14.12B,$1.19B,8.40%,$14.12B,$1.19B,8.40%,$14.12B,$1.11B,7.88%,$14.12B,$0.75B,5.31%,$0.75B,$6.77B,8.86%,$0.75B,$2.13B,26.86%,$0.75B,$13.29B,4.76%,$1.19B,$8.99B,10.52%,$3161,$1690,$1471,$0,$1016,$2706,$455,$-170,$164,$62,$103,$107,$107,$455,$455,$713,713,$0.15,$0.15,$875,$895,$492,$2901,$0,$0,$4648,$1362,$6010,$13291,$3318,$2212,$987,$3199,$6517,$0,$0,$0,$6774,$13291,$0,$0,$0,$0,$0,$0,$0,$0,$0,$0,$0,$0,$0,$0,$0,$0,$0,$0,$0,$0,$0,$0,$0,$0,$0,$0,$0,$0,$0
39,2008-12-31,26.17,$0.00,0.0,$6.20,4.22,0,0.0,$0.12,218.11,$3.55B,$3.98B,0.89,$2.85B,$0.00B,0.0,$14.33B,$6.10B,42.59%,$14.33B,$1.10B,7.69%,$14.33B,$1.10B,7.69%,$14.33B,$1.10B,7.69%,$14.33B,$1.23B,8.56%,$14.33B,$0.83B,5.81%,$0.83B,$8.82B,9.34%,$0.83B,$2.88B,27.73%,$0.83B,$16.84B,5.10%,$1.10B,$11.66B,9.27%,$3021,$2134,$887,$0,$1267,$3401,$-380,$-468,$114,$44,$71,$59,$59,$-380,$-380,$488,488,$0.12,$0.12,$829,$1189,$554,$3551,$0,$0,$5942,$1756,$7698,$16839,$3981,$2846,$1194,$4040,$8021,$0,$0,$0,$8817,$16839,$0,$0,$0,$0,$0,$0,$0,$0,$0,$0,$0,$0,$0,$0,$0,$0,$0,$0,$0,$0,$0,$0,$0,$0,$0,$0,$0,$0,$0
40,2008-09-30,33.13,$0.00,0.0,$7.31,4.53,$2.24,14.78,$0.68,48.72,$3.00B,$3.25B,0.92,$2.90B,$0.00B,0.0,$14.89B,$6.67B,44.76%,$14.89B,$1.66B,11.13%,$14.89B,$1.66B,11.13%,$14.89B,$1.66B,11.13%,$14.89B,$1.64B,10.99%,$14.89B,$1.11B,7.44%,$1.11B,$9.21B,12.64%,$1.11B,$3.13B,37.45%,$1.11B,$16.37B,6.96%,$1.66B,$12.11B,14.13%,$4047,$2177,$1870,$0,$1319,$3496,$551,$-179,$372,$123,$249,$249,$249,$551,$551,$0,0,$0.00,$0.00,$558,$1137,$424,$2996,$0,$0,$6075,$1744,$7819,$16371,$3254,$2901,$1011,$3912,$7165,$0,$0,$0,$9206,$16371,$0,$0,$0,$0,$0,$0,$0,$0,$0,$0,$0,$0,$0,$0,$0,$0,$0,$0,$0,$0,$0,$0,$0,$0,$0,$0,$0,$0,$0
41,2008-06-30,39.53,$0.00,0.0,$16.63,2.38,$2.24,17.64,$1.28,30.89,$3.41B,$3.05B,1.12,$3.32B,$0.00B,0.0,$14.19B,$6.34B,44.68%,$14.19B,$1.57B,11.08%,$14.19B,$1.57B,11.08%,$14.19B,$1.57B,11.08%,$14.19B,$1.68B,11.85%,$14.19B,$1.16B,8.17%,$1.16B,$9.05B,13.83%,$1.16B,$3.04B,42.04%,$1.16B,$16.54B,7.53%,$1.57B,$12.38B,13.86%,$3895,$2064,$1831,$0,$1269,$3333,$561,$-98,$463,$128,$335,$335,$335,$561,$561,$0,0,$0.00,$0.00,$908,$1109,$538,$3409,$0,$0,$6019,$798,$7738,$16541,$3046,$3324,$771,$4441,$7487,$0,$0,$0,$9054,$16541,$0,$0,$0,$0,$0,$0,$0,$0,$0,$0,$0,$0,$0,$0,$0,$0,$0,$0,$0,$0,$0,$0,$0,$0,$0,$0,$0,$0,$0
42,2008-03-31,35.91,$0.00,0.0,$25.96,1.38,$2.24,16.02,$1.86,19.31,$3.29B,$3.07B,1.07,$2.84B,$0.00B,0.0,$13.63B,$6.07B,44.53%,$13.63B,$1.50B,10.99%,$13.63B,$1.50B,10.99%,$13.63B,$1.50B,10.99%,$13.63B,$1.61B,11.79%,$13.63B,$1.11B,8.15%,$1.11B,$8.58B,13.96%,$1.11B,$2.98B,44.41%,$1.11B,$15.56B,7.51%,$1.50B,$11.42B,13.75%,$3365,$1851,$1514,$0,$1144,$2995,$370,$-92,$278,$89,$190,$190,$190,$370,$370,$0,0,$0.00,$0.00,$1068,$958,$484,$3285,$0,$0,$5609,$702,$7157,$15563,$3066,$2836,$756,$3912,$6978,$0,$0,$0,$8584,$15563,$0,$0,$0,$0,$0,$0,$0,$0,$0,$0,$0,$0,$0,$0,$0,$0,$0,$0,$0,$0,$0,$0,$0,$0,$0,$0,$0,$0,$0
43,2007-12-31,32.81,$0.00,0.0,$34.02,0.96,$2.24,14.64,$2.13,15.4,$3.07B,$3.06B,1.0,$2.81B,$8.21B,0.34,$13.12B,$5.81B,44.26%,$13.12B,$1.39B,10.61%,$13.12B,$1.39B,10.61%,$13.12B,$1.39B,10.61%,$13.12B,$1.55B,11.80%,$13.12B,$1.07B,8.16%,$1.07B,$8.21B,14.21%,$1.07B,$2.69B,49.05%,$1.07B,$15.19B,7.47%,$1.39B,$11.02B,13.12%,$3586,$2135,$1451,$0,$1275,$3410,$176,$-53,$524,$166,$358,$334,$334,$176,$176,$491,491,$0.68,$0.68,$1021,$919,$273,$3067,$0,$171,$5518,$1304,$7109,$15187,$3060,$2809,$778,$3915,$6975,$0,$3491,$0,$8212,$15187,$1093,$743,$0,$743,$0,$0,$0,$0,$-172,$1651,$-551,$0,$-11,$0,$0,$-95,$-482,$-1139,$0,$-109,$0,$0,$0,$-175,$-73,$-357,$155,$0,$0
44,2007-09-30,32.15,$0.00,0.0,$26.72,1.2,0,0.0,$1.45,22.17,$2.77B,$2.70B,1.03,$2.87B,$0.00B,0.0,$12.83B,$5.90B,45.97%,$12.83B,$1.67B,13.05%,$12.83B,$1.67B,13.05%,$12.83B,$1.67B,13.05%,$12.83B,$1.40B,10.92%,$12.83B,$0.98B,7.62%,$0.98B,$7.70B,13.60%,$0.98B,$2.33B,50.58%,$0.98B,$14.36B,7.04%,$1.67B,$10.57B,16.14%,$3346,$1801,$1545,$0,$1080,$2881,$466,$-45,$417,$116,$300,$301,$301,$466,$466,$359,359,$0.60,$0.60,$990,$832,$305,$2771,$0,$0,$5365,$610,$6828,$14364,$2700,$2868,$714,$3966,$6666,$0,$0,$0,$7698,$14364,$0,$0,$0,$0,$0,$0,$0,$0,$0,$0,$0,$0,$0,$0,$0,$0,$0,$0,$0,$0,$0,$0,$0,$0,$0,$0,$0,$0,$0
45,2007-06-30,33.8,$0.00,0.0,$17.40,1.94,0,0.0,$0.85,39.76,$2.59B,$2.35B,1.1,$3.28B,$0.00B,0.0,$12.41B,$5.68B,45.80%,$12.41B,$1.61B,13.00%,$12.41B,$1.61B,13.00%,$12.41B,$1.61B,13.00%,$12.41B,$1.36B,10.99%,$12.41B,$0.93B,7.50%,$0.93B,$7.31B,13.33%,$0.93B,$2.00B,50.80%,$0.93B,$14.03B,6.88%,$1.61B,$10.58B,16.03%,$3329,$1771,$1558,$0,$1071,$2843,$486,$-82,$388,$105,$283,$285,$285,$486,$486,$357,357,$0.58,$0.58,$811,$830,$342,$2594,$0,$0,$5313,$616,$6753,$14029,$2350,$3275,$708,$4371,$6721,$0,$0,$0,$7308,$14029,$0,$0,$0,$0,$0,$0,$0,$0,$0,$0,$0,$0,$0,$0,$0,$0,$0,$0,$0,$0,$0,$0,$0,$0,$0,$0,$0,$0,$0
46,2007-03-31,31.29,$0.00,0.0,$8.06,3.88,0,0.0,$0.27,115.88,$2.56B,$2.36B,1.08,$3.39B,$0.00B,0.0,$11.95B,$5.47B,45.79%,$11.95B,$1.56B,13.08%,$11.95B,$1.56B,13.08%,$11.95B,$1.56B,13.08%,$11.95B,$1.28B,10.67%,$11.95B,$0.85B,7.07%,$0.85B,$6.90B,12.56%,$0.85B,$1.70B,49.14%,$0.85B,$13.70B,6.45%,$1.56B,$10.28B,16.25%,$2854,$1603,$1251,$0,$987,$2590,$264,$-66,$218,$66,$151,$150,$150,$264,$264,$354,354,$0.27,$0.27,$905,$765,$313,$2559,$0,$0,$5193,$576,$6567,$13704,$2363,$3388,$718,$4446,$6809,$0,$0,$0,$6895,$13704,$0,$0,$0,$0,$0,$0,$0,$0,$0,$0,$0,$0,$0,$0,$0,$0,$0,$0,$0,$0,$0,$0,$0,$0,$0,$0,$0,$0,$0
47,2006-12-31,32.81,$0.00,0.0,0,0.0,0,0.0,0,0.0,$2.35B,$2.35B,1.0,$3.17B,$6.87B,0.46,$11.71B,$5.42B,46.26%,$11.71B,$1.61B,13.75%,$11.71B,$1.61B,13.75%,$11.71B,$1.61B,13.75%,$11.71B,$1.30B,11.07%,$11.71B,$0.85B,7.28%,$0.85B,$6.87B,12.92%,$0.85B,$1.70B,51.03%,$0.85B,$13.46B,6.64%,$1.61B,$10.05B,17.23%,$3298,$1757,$1542,$0,$1083,$2840,$458,$-80,$378,$136,$242,$242,$242,$458,$458,$0,0,$0.00,$0.00,$735,$753,$219,$2353,$0,$71,$5170,$1136,$6537,$13463,$2346,$3172,$716,$4243,$6589,$477,$3482,$0,$6874,$13463,$851,$706,$0,$706,$0,$0,$0,$0,$-83,$1494,$-456,$0,$-611,$0,$0,$4,$-364,$-1427,$0,$418,$-108,$0,$0,$-130,$-311,$-131,$-59,$0,$0
