,Date,Stock Price,Book Value per Share,Price to Book Ratio,TTM Sales per Share,Price to Sales Ratio,TTM FCF per Share,Price to FCF Ratio,TTM Net EPS,PE Ratio,Current Assets,Current Liabilities,Current Ratio,Long Term Debt,Shareholder's Equity_x,Debt to Equity Ratio,TTM Revenue_x,TTM Gross Profit,Gross Margin,TTM Revenue_y,TTM Operating Income,Operating Margin,TTM Revenue_x,TTM EBIT,EBIT Margin,TTM Revenue_y,TTM EBITDA,EBITDA Margin,TTM Revenue_x,TTM Pre-Tax Income,Pre-Tax Margin,TTM Revenue_y,TTM Net Income_x,Net Margin,TTM Net Income_y,Shareholder's Equity_y,Return on Equity,TTM Net Income_x,Tangible Equity,Return on Tangible Equity,TTM Net Income_y,Total Assets,Return on Assets,TTM Net Income,LT Investments & Debt,Return on Investment,revenue,cost-goods-sold,gross-profit,research-development-expenses,selling-general-administrative-expenses,operating-expenses,operating-income,total-non-operating-income-expense,pre-tax-income,total-provision-income-taxes,income-after-taxes,income-from-continuous-operations,net-income,ebitda,ebit,basic-shares-outstanding,shares-outstanding,eps-basic-net-earnings-per-share,eps-earnings-per-share-diluted,cash-on-hand,inventory,other-current-assets,total-current-assets,net-property-plant-equipment,long-term-investments,goodwill-intangible-assets-total,other-long-term-assets,total-long-term-assets,total-assets,total-current-liabilities,long-term-debt,other-non-current-liabilities,total-long-term-liabilities,total-liabilities,common-stock-net,retained-earnings-accumulated-deficit,comprehensive-income,total-share-holder-equity,total-liabilities-share-holders-equity,net-income-loss,total-depreciation-amortization-cash-flow,other-non-cash-items,total-non-cash-items,change-in-accounts-receivable,change-in-inventories,change-in-accounts-payable,change-in-assets-liabilities,total-change-in-assets-liabilities,cash-flow-from-operating-activities,net-change-in-property-plant-equipment,net-change-in-intangible-assets,net-acquisitions-divestitures,net-change-in-short-term-investments,net-change-in-long-term-investments,net-change-in-investments-total,investing-activities-other,cash-flow-from-investing-activities,net-long-term-debt,net-current-debt,debt-issuance-retirement-net-total,net-common-equity-issued-repurchased,net-total-equity-issued-repurchased,total-common-preferred-stock-dividends-paid,financial-activities-other,cash-flow-from-financial-activities,net-cash-flow,stock-based-compensation,common-stock-dividends-paid
0,2018-09-30,46.26,$20.80,2.22,$36.80,1.26,$5.57,8.3,$2.41,19.2,$0.92B,$0.31B,3.0,$0.06B,$0.77B,0.08,$1.39B,$0.15B,11.00%,$1.39B,$0.10B,6.83%,$1.39B,$0.10B,6.83%,$1.39B,$0.13B,8.99%,$1.39B,$0.10B,6.90%,$1.39B,$0.09B,6.54%,$0.09B,$0.77B,12.28%,$0.09B,$0.76B,12.43%,$0.09B,$1.15B,8.41%,$0.10B,$0.83B,12.20%,$377,$337,$40,$0,$14,$351,$26,$4,$30,$2,$28,$28,$28,$33,$26,$37,37,$0.76,$0.75,$352,$278,$17,$917,$217,$0,$8,$0,$231,$1148,$306,$61,$13,$76,$382,$0,$661,$-1,$766,$1148,$28,$7,$1,$9,$-11,$-29,$29,$7,$-2,$35,$-5,$-0,$0,$42,$0,$42,$0,$37,$-1,$0,$-1,$0,$0,$0,$-12,$-13,$59,$5,$0
1,2018-06-30,36.89,$20.34,1.81,$36.01,1.02,$4.42,8.35,$2.21,16.69,$0.85B,$0.27B,3.16,$0.06B,$0.74B,0.08,$1.37B,$0.15B,11.16%,$1.37B,$0.09B,6.86%,$1.37B,$0.09B,6.86%,$1.37B,$0.12B,9.04%,$1.37B,$0.09B,6.49%,$1.37B,$0.08B,6.13%,$0.08B,$0.74B,11.56%,$0.08B,$0.73B,11.72%,$0.08B,$1.09B,7.95%,$0.09B,$0.80B,12.46%,$345,$306,$39,$0,$17,$323,$22,$-1,$22,$-1,$23,$23,$23,$31,$22,$37,38,$0.62,$0.60,$336,$258,$6,$854,$220,$0,$9,$0,$234,$1088,$270,$61,$13,$77,$347,$0,$632,$-1,$741,$1088,$84,$30,$27,$57,$18,$-19,$4,$-4,$-3,$138,$-33,$-2,$0,$-24,$0,$-24,$0,$-59,$-12,$4,$-8,$-41,$-41,$0,$-6,$-54,$24,$23,$0
2,2018-03-31,31.38,$19.93,1.57,$36.71,0.85,$1.74,18.02,$2.33,13.47,$0.82B,$0.29B,2.84,$0.01B,$0.74B,0.02,$1.40B,$0.16B,11.39%,$1.40B,$0.10B,7.31%,$1.40B,$0.10B,7.31%,$1.40B,$0.13B,9.24%,$1.40B,$0.10B,6.81%,$1.40B,$0.09B,6.30%,$0.09B,$0.74B,12.36%,$0.09B,$0.73B,12.54%,$0.09B,$1.06B,8.44%,$0.10B,$0.75B,13.97%,$332,$295,$37,$0,$12,$308,$25,$-2,$23,$1,$21,$21,$21,$32,$25,$37,38,$0.56,$0.55,$312,$240,$11,$816,$222,$0,$10,$4,$239,$1055,$287,$13,$17,$32,$319,$0,$610,$-0,$736,$1055,$61,$22,$21,$43,$21,$-1,$-23,$-11,$-14,$90,$-28,$-1,$0,$-19,$0,$-19,$0,$-49,$-10,$4,$-6,$-21,$-21,$0,$-4,$-32,$9,$18,$0
3,2017-12-31,28.7,$19.36,1.48,$37.67,0.76,$0.21,137.98,$2.35,12.21,$0.80B,$0.28B,2.84,$0.02B,$0.72B,0.02,$1.43B,$0.17B,11.60%,$1.43B,$0.10B,7.27%,$1.43B,$0.10B,7.27%,$1.43B,$0.13B,9.15%,$1.43B,$0.10B,6.64%,$1.43B,$0.09B,6.22%,$0.09B,$0.72B,12.90%,$0.09B,$0.71B,13.08%,$0.09B,$1.04B,8.64%,$0.10B,$0.74B,14.61%,$337,$300,$37,$0,$13,$315,$22,$-1,$21,$2,$19,$19,$19,$29,$22,$37,38,$0.52,$0.51,$284,$239,$8,$799,$223,$0,$9,$3,$239,$1038,$282,$17,$16,$34,$316,$0,$589,$-0,$722,$1038,$40,$14,$16,$30,$6,$-1,$-34,$-4,$-34,$37,$-21,$-1,$0,$1,$0,$1,$0,$-21,$-7,$4,$-3,$-9,$-9,$0,$-4,$-16,$1,$12,$0
4,2017-09-30,37.06,$18.83,1.97,$38.12,0.97,$-0.85,0.0,$2.51,14.76,$0.81B,$0.30B,2.7,$0.02B,$0.71B,0.03,$1.45B,$0.17B,11.90%,$1.45B,$0.11B,7.40%,$1.45B,$0.11B,7.40%,$1.45B,$0.13B,9.20%,$1.45B,$0.10B,6.99%,$1.45B,$0.10B,6.57%,$0.10B,$0.71B,14.30%,$0.10B,$0.70B,14.49%,$0.10B,$1.05B,9.43%,$0.11B,$0.73B,15.51%,$357,$317,$40,$0,$16,$333,$25,$-2,$23,$2,$21,$21,$21,$32,$25,$37,38,$0.56,$0.55,$263,$255,$8,$809,$218,$0,$10,$3,$235,$1045,$300,$20,$15,$37,$337,$0,$569,$0,$707,$1045,$21,$7,$9,$17,$-11,$-16,$-11,$-3,$-41,$-3,$-11,$-1,$0,$-0,$0,$-0,$0,$-12,$-3,$-1,$-4,$1,$1,$0,$-4,$-7,$-22,$7,$0
5,2017-06-30,42.66,$18.25,2.34,$37.66,1.13,$-1.23,0.0,$2.57,16.6,$0.80B,$0.31B,2.57,$0.02B,$0.68B,0.04,$1.42B,$0.17B,12.11%,$1.42B,$0.11B,7.46%,$1.42B,$0.11B,7.46%,$1.42B,$0.13B,9.23%,$1.42B,$0.10B,7.25%,$1.42B,$0.10B,6.83%,$0.10B,$0.68B,15.30%,$0.10B,$0.67B,15.51%,$0.10B,$1.03B,9.99%,$0.11B,$0.71B,16.00%,$370,$326,$45,$0,$15,$341,$30,$-1,$28,$1,$27,$27,$27,$36,$30,$37,38,$0.73,$0.72,$285,$239,$4,$799,$217,$0,$10,$5,$234,$1033,$311,$24,$15,$40,$352,$0,$548,$-0,$682,$1033,$97,$25,$32,$57,$-64,$-54,$38,$-4,$-83,$71,$-68,$-2,$-10,$-11,$0,$-11,$0,$-91,$-18,$27,$9,$6,$6,$0,$-1,$13,$-6,$27,$0
6,2017-03-31,42.03,$17.39,2.42,$35.37,1.19,$-1.13,0.0,$2.38,17.66,$0.77B,$0.31B,2.47,$0.03B,$0.65B,0.04,$1.33B,$0.16B,12.14%,$1.33B,$0.10B,7.39%,$1.33B,$0.10B,7.39%,$1.33B,$0.12B,9.20%,$1.33B,$0.10B,7.24%,$1.33B,$0.09B,6.79%,$0.09B,$0.65B,14.95%,$0.09B,$0.64B,15.11%,$0.09B,$1.01B,9.71%,$0.10B,$0.68B,15.46%,$367,$323,$44,$0,$17,$340,$27,$-4,$23,$2,$22,$22,$22,$34,$27,$37,38,$0.58,$0.57,$289,$225,$3,$772,$216,$0,$10,$3,$233,$1005,$313,$27,$14,$43,$356,$0,$521,$-1,$649,$1005,$70,$19,$24,$43,$-51,$-40,$33,$5,$-53,$60,$-57,$-2,$-10,$-12,$0,$-12,$0,$-81,$-15,$28,$13,$6,$6,$0,$-1,$17,$-3,$22,$0
7,2016-12-31,40.3,$16.78,2.4,$32.44,1.24,$-1.01,0.0,$2.37,17.0,$0.72B,$0.28B,2.54,$0.03B,$0.62B,0.05,$1.21B,$0.15B,12.23%,$1.21B,$0.09B,7.52%,$1.21B,$0.09B,7.52%,$1.21B,$0.11B,9.34%,$1.21B,$0.10B,7.93%,$1.21B,$0.09B,7.36%,$0.09B,$0.62B,15.55%,$0.09B,$0.61B,15.66%,$0.09B,$0.95B,10.25%,$0.09B,$0.65B,15.22%,$351,$308,$43,$0,$18,$326,$25,$2,$27,$2,$25,$25,$25,$31,$25,$37,38,$0.69,$0.67,$256,$214,$5,$718,$214,$0,$8,$3,$228,$946,$283,$31,$13,$43,$326,$0,$499,$-1,$620,$946,$48,$12,$13,$25,$-41,$-29,$11,$6,$-53,$20,$-44,$-0,$-10,$-30,$0,$-30,$0,$-84,$-10,$16,$6,$6,$6,$0,$-1,$11,$-54,$14,$0
8,2016-09-30,44.59,$15.94,2.8,$29.48,1.51,$-0.43,0.0,$2.24,19.91,$0.68B,$0.27B,2.53,$0.03B,$0.59B,0.06,$1.09B,$0.13B,12.18%,$1.09B,$0.08B,7.42%,$1.09B,$0.08B,7.42%,$1.09B,$0.10B,9.25%,$1.09B,$0.09B,8.24%,$1.09B,$0.08B,7.69%,$0.08B,$0.59B,15.44%,$0.08B,$0.58B,15.51%,$0.08B,$0.90B,10.34%,$0.08B,$0.62B,14.41%,$332,$292,$40,$0,$16,$308,$24,$1,$25,$2,$23,$23,$23,$30,$24,$36,37,$0.63,$0.61,$254,$205,$5,$680,$206,$0,$8,$3,$221,$901,$269,$34,$13,$47,$316,$0,$474,$1,$585,$901,$23,$6,$4,$11,$-12,$-21,$3,$-5,$-34,$-1,$-27,$-0,$-10,$-6,$0,$-6,$0,$-43,$-5,$14,$9,$3,$3,$0,$-1,$10,$-34,$6,$0
9,2016-06-30,37.12,$15.33,2.42,$26.55,1.4,$0.15,248.13,$1.67,22.23,$0.67B,$0.26B,2.63,$0.04B,$0.55B,0.07,$0.98B,$0.12B,12.19%,$0.98B,$0.07B,7.17%,$0.98B,$0.07B,7.17%,$0.98B,$0.09B,9.12%,$0.98B,$0.07B,6.97%,$0.98B,$0.06B,6.45%,$0.06B,$0.55B,12.14%,$0.06B,$0.55B,12.15%,$0.06B,$0.86B,8.30%,$0.07B,$0.59B,13.23%,$276,$243,$34,$0,$12,$254,$22,$-1,$21,$2,$20,$20,$20,$27,$22,$36,37,$0.55,$0.54,$285,$181,$7,$673,$178,$0,$0,$0,$183,$856,$256,$36,$9,$46,$301,$0,$451,$1,$554,$856,$62,$19,$14,$33,$-61,$-51,$56,$7,$-47,$47,$-40,$-0,$0,$1,$0,$1,$1,$-40,$44,$-24,$21,$5,$5,$0,$-3,$23,$30,$10,$0
10,2016-03-31,32.35,$14.74,2.2,$24.79,1.3,$0.00,0.0,$1.50,21.57,$0.60B,$0.23B,2.64,$0.00B,$0.53B,0.0,$0.91B,$0.11B,12.14%,$0.91B,$0.06B,6.84%,$0.91B,$0.06B,6.84%,$0.91B,$0.08B,8.83%,$0.91B,$0.06B,6.73%,$0.91B,$0.06B,6.18%,$0.06B,$0.53B,11.20%,$0.06B,$0.53B,11.21%,$0.06B,$0.77B,7.85%,$0.06B,$0.53B,12.34%,$251,$220,$31,$0,$12,$231,$20,$3,$23,$2,$21,$21,$21,$25,$20,$36,37,$0.58,$0.56,$273,$150,$5,$604,$160,$0,$0,$0,$165,$769,$229,$0,$8,$9,$238,$0,$431,$1,$531,$769,$42,$14,$12,$26,$-37,$-19,$31,$-1,$-27,$41,$-33,$-0,$0,$-3,$0,$-3,$1,$-36,$-9,$18,$10,$3,$3,$0,$-3,$10,$15,$8,$0
11,2015-12-31,23.82,$14.11,1.69,$23.27,1.02,$-0.28,0.0,$1.24,19.21,$0.56B,$0.21B,2.7,$0.00B,$0.51B,0.0,$0.84B,$0.10B,11.97%,$0.84B,$0.05B,6.40%,$0.84B,$0.05B,6.40%,$0.84B,$0.07B,8.41%,$0.84B,$0.05B,5.92%,$0.84B,$0.05B,5.45%,$0.05B,$0.51B,9.52%,$0.05B,$0.51B,9.52%,$0.05B,$0.72B,6.74%,$0.05B,$0.51B,11.09%,$233,$205,$28,$0,$14,$218,$15,$6,$21,$1,$20,$20,$20,$19,$15,$36,37,$0.55,$0.54,$267,$141,$2,$559,$159,$0,$0,$0,$165,$724,$207,$2,$8,$10,$217,$0,$411,$-0,$506,$724,$21,$9,$12,$21,$-12,$-10,$-0,$3,$-19,$24,$-26,$-0,$0,$7,$0,$7,$0,$-20,$-3,$18,$15,$2,$2,$0,$-2,$15,$18,$6,$0
12,2015-09-30,18.33,$13.53,1.36,$22.19,0.83,$0.50,36.69,$0.94,19.5,$0.54B,$0.19B,2.78,$0.00B,$0.48B,0.01,$0.80B,$0.09B,11.76%,$0.80B,$0.05B,6.13%,$0.80B,$0.05B,6.13%,$0.80B,$0.07B,8.14%,$0.80B,$0.04B,4.88%,$0.80B,$0.04B,4.38%,$0.04B,$0.48B,7.46%,$0.04B,$0.48B,7.46%,$0.04B,$0.69B,5.37%,$0.05B,$0.49B,10.33%,$216,$190,$26,$0,$12,$203,$13,$-10,$3,$1,$2,$2,$2,$18,$13,$36,36,$0.05,$0.04,$248,$143,$2,$536,$144,$0,$0,$3,$152,$688,$193,$3,$7,$11,$204,$0,$391,$0,$484,$688,$2,$5,$15,$19,$-5,$-13,$3,$-2,$-16,$5,$-11,$-0,$0,$-10,$0,$-10,$0,$-20,$-2,$0,$-2,$2,$2,$0,$-1,$-1,$-18,$3,$0
13,2015-06-30,18.73,$13.52,1.39,$21.55,0.87,$1.08,17.42,$1.21,15.48,$0.53B,$0.18B,2.91,$0.01B,$0.48B,0.01,$0.77B,$0.09B,11.53%,$0.77B,$0.05B,6.22%,$0.77B,$0.05B,6.22%,$0.77B,$0.06B,8.03%,$0.77B,$0.05B,6.22%,$0.77B,$0.04B,5.70%,$0.04B,$0.48B,9.60%,$0.04B,$0.48B,9.60%,$0.04B,$0.67B,7.02%,$0.05B,$0.48B,10.32%,$206,$182,$25,$0,$11,$193,$14,$0,$14,$1,$13,$13,$13,$18,$14,$35,36,$0.36,$0.36,$256,$131,$2,$527,$141,$0,$0,$0,$145,$673,$181,$5,$7,$13,$194,$0,$389,$-0,$479,$673,$44,$14,$10,$24,$-34,$-6,$20,$4,$-16,$53,$-51,$-0,$0,$-144,$0,$-144,$0,$-195,$-6,$30,$24,$1,$1,$0,$-2,$23,$-120,$8,$0
14,2015-03-31,18.99,$13.09,1.45,$20.31,0.94,$2.61,7.29,$1.14,16.66,$0.51B,$0.17B,3.02,$0.01B,$0.46B,0.01,$0.73B,$0.08B,11.29%,$0.73B,$0.05B,6.20%,$0.73B,$0.05B,6.20%,$0.73B,$0.06B,7.99%,$0.73B,$0.05B,6.34%,$0.73B,$0.04B,5.65%,$0.04B,$0.46B,9.21%,$0.04B,$0.46B,9.21%,$0.04B,$0.65B,6.83%,$0.05B,$0.47B,9.92%,$189,$168,$22,$0,$10,$177,$12,$-0,$12,$1,$11,$11,$11,$16,$12,$35,36,$0.31,$0.30,$254,$127,$2,$507,$134,$0,$0,$0,$138,$645,$168,$6,$7,$14,$181,$0,$376,$0,$464,$645,$31,$10,$7,$18,$-19,$-2,$8,$5,$-8,$40,$-43,$-0,$0,$-126,$0,$-126,$0,$-169,$-5,$30,$26,$1,$1,$0,$-2,$24,$-105,$6,$0
15,2014-12-31,17.74,$12.72,1.39,$19.75,0.9,$4.11,4.32,$2.17,8.18,$0.49B,$0.14B,3.59,$0.01B,$0.45B,0.02,$0.71B,$0.08B,10.92%,$0.71B,$0.08B,11.49%,$0.71B,$0.08B,11.49%,$0.71B,$0.09B,13.19%,$0.71B,$0.08B,11.63%,$0.71B,$0.08B,11.06%,$0.08B,$0.45B,18.01%,$0.08B,$0.45B,18.01%,$0.08B,$0.60B,13.43%,$0.08B,$0.46B,18.29%,$188,$167,$21,$0,$10,$179,$10,$0,$10,$1,$9,$9,$9,$13,$10,$35,36,$0.25,$0.24,$253,$128,$2,$490,$106,$0,$0,$0,$111,$601,$137,$8,$6,$15,$151,$0,$365,$-0,$450,$601,$20,$6,$5,$11,$-3,$-4,$4,$2,$-0,$31,$-5,$-0,$0,$-142,$0,$-142,$0,$-147,$-3,$0,$-3,$0,$0,$0,$-2,$-5,$-122,$4,$0
16,2014-09-30,14.6,$12.44,1.17,$19.52,0.75,$4.32,3.38,$2.34,6.24,$0.49B,$0.13B,3.64,$0.01B,$0.44B,0.02,$0.70B,$0.08B,11.06%,$0.70B,$0.09B,12.21%,$0.70B,$0.09B,12.21%,$0.70B,$0.10B,13.79%,$0.70B,$0.09B,12.21%,$0.70B,$0.08B,12.07%,$0.08B,$0.44B,20.40%,$0.08B,$0.44B,20.40%,$0.08B,$0.59B,15.09%,$0.09B,$0.45B,20.08%,$189,$169,$21,$0,$9,$178,$12,$0,$12,$1,$11,$11,$11,$15,$12,$35,36,$0.31,$0.31,$245,$129,$2,$487,$98,$0,$0,$3,$102,$589,$134,$9,$6,$16,$150,$0,$357,$0,$440,$589,$11,$3,$3,$6,$-7,$-5,$7,$3,$-1,$16,$-1,$0,$0,$0,$0,$0,$0,$-1,$-2,$0,$-2,$0,$0,$0,$-2,$-3,$11,$2,$0
17,2014-06-30,20.6,$12.14,1.7,$19.08,1.08,$4.40,4.68,$2.58,7.98,$0.46B,$0.12B,3.85,$0.01B,$0.43B,0.03,$0.68B,$0.08B,11.05%,$0.68B,$0.09B,13.55%,$0.68B,$0.09B,13.55%,$0.68B,$0.10B,15.02%,$0.68B,$0.09B,13.70%,$0.68B,$0.09B,13.55%,$0.09B,$0.43B,23.70%,$0.09B,$0.43B,23.70%,$0.09B,$0.57B,17.30%,$0.09B,$0.44B,22.90%,$160,$142,$18,$0,$7,$149,$11,$1,$12,$1,$10,$10,$10,$14,$11,$35,36,$0.30,$0.29,$233,$125,$2,$464,$97,$0,$0,$0,$100,$565,$121,$11,$6,$17,$138,$0,$346,$0,$427,$565,$92,$11,$-32,$-21,$17,$-36,$18,$-4,$-4,$67,$-11,$-0,$0,$0,$0,$0,$38,$27,$-12,$0,$-12,$5,$5,$0,$-0,$-8,$84,$6,$0
18,2014-03-31,20.77,$11.82,1.76,$19.17,1.08,$3.92,5.3,$2.72,7.64,$0.47B,$0.14B,3.43,$0.01B,$0.42B,0.03,$0.68B,$0.07B,10.90%,$0.68B,$0.10B,14.29%,$0.68B,$0.10B,14.29%,$0.68B,$0.11B,15.61%,$0.68B,$0.10B,14.14%,$0.68B,$0.10B,14.29%,$0.10B,$0.42B,26.74%,$0.10B,$0.42B,26.74%,$0.10B,$0.57B,19.15%,$0.10B,$0.43B,25.61%,$168,$150,$17,$0,$7,$120,$48,$0,$48,$1,$48,$48,$48,$51,$48,$35,36,$1.36,$1.33,$234,$108,$2,$466,$99,$0,$0,$0,$102,$568,$136,$12,$5,$17,$153,$0,$335,$0,$415,$568,$81,$8,$-33,$-25,$0,$-20,$24,$-3,$2,$59,$-7,$-0,$0,$0,$0,$0,$38,$31,$-7,$0,$-7,$4,$4,$0,$-0,$-3,$84,$5,$0
19,2013-12-31,20.56,$10.43,1.97,$18.95,1.09,$3.71,5.54,$2.00,10.28,$0.40B,$0.12B,3.38,$0.01B,$0.37B,0.04,$0.67B,$0.07B,10.94%,$0.67B,$0.07B,10.49%,$0.67B,$0.07B,10.49%,$0.67B,$0.08B,11.69%,$0.67B,$0.07B,10.49%,$0.67B,$0.07B,10.49%,$0.07B,$0.37B,20.82%,$0.07B,$0.37B,20.82%,$0.07B,$0.50B,14.38%,$0.07B,$0.38B,19.73%,$179,$158,$21,$0,$7,$165,$14,$-0,$13,$-1,$15,$15,$15,$16,$14,$35,36,$0.42,$0.41,$180,$97,$2,$404,$97,$0,$0,$0,$100,$504,$119,$14,$5,$19,$139,$0,$288,$0,$365,$504,$34,$5,$3,$8,$-3,$-8,$11,$-5,$-5,$37,$-4,$0,$0,$0,$0,$0,$0,$-4,$-5,$0,$-5,$4,$4,$0,$-0,$-1,$30,$3,$0
20,2013-09-30,16.84,$9.96,1.69,$18.74,0.9,$3.13,5.38,$2.07,8.14,$0.39B,$0.12B,3.2,$0.02B,$0.35B,0.05,$0.66B,$0.07B,10.69%,$0.66B,$0.07B,11.15%,$0.66B,$0.07B,11.15%,$0.66B,$0.08B,12.52%,$0.66B,$0.07B,11.30%,$0.66B,$0.07B,10.99%,$0.07B,$0.35B,22.75%,$0.07B,$0.35B,22.75%,$0.07B,$0.49B,15.05%,$0.07B,$0.36B,21.65%,$172,$153,$19,$0,$7,$153,$19,$1,$20,$1,$19,$19,$19,$21,$19,$35,35,$0.55,$0.55,$164,$95,$2,$389,$97,$0,$0,$0,$100,$490,$122,$17,$5,$22,$144,$0,$273,$0,$346,$490,$19,$3,$1,$4,$-7,$-6,$13,$-5,$-5,$18,$-1,$0,$0,$0,$0,$0,$0,$-1,$-2,$0,$-2,$0,$0,$0,$-0,$-2,$14,$2,$0
21,2013-06-30,14.0,$9.39,1.49,$18.43,0.76,$2.70,5.18,$1.98,7.07,$0.36B,$0.11B,3.22,$0.02B,$0.33B,0.06,$0.64B,$0.07B,10.75%,$0.64B,$0.07B,11.06%,$0.64B,$0.07B,11.06%,$0.64B,$0.08B,12.46%,$0.64B,$0.07B,11.06%,$0.64B,$0.07B,10.75%,$0.07B,$0.33B,23.23%,$0.07B,$0.33B,23.23%,$0.07B,$0.46B,14.52%,$0.07B,$0.35B,22.17%,$160,$143,$17,$0,$5,$144,$16,$-0,$15,$0,$15,$15,$15,$18,$16,$35,35,$0.45,$0.43,$150,$89,$4,$364,$97,$0,$0,$0,$100,$464,$113,$19,$5,$25,$138,$0,$254,$0,$325,$464,$69,$10,$3,$13,$5,$14,$-9,$-43,$-33,$49,$-11,$-0,$0,$0,$0,$0,$5,$-6,$-10,$0,$-10,$1,$1,$0,$-0,$-9,$34,$5,$0
22,2013-03-31,14.61,$8.92,1.64,$17.99,0.81,$0.65,22.57,$1.77,8.25,$0.39B,$0.15B,2.57,$0.02B,$0.31B,0.07,$0.63B,$0.07B,10.72%,$0.63B,$0.06B,9.92%,$0.63B,$0.06B,9.92%,$0.63B,$0.07B,11.36%,$0.63B,$0.06B,10.08%,$0.63B,$0.06B,9.76%,$0.06B,$0.31B,21.90%,$0.06B,$0.31B,21.92%,$0.06B,$0.49B,12.86%,$0.06B,$0.33B,20.39%,$156,$139,$16,$0,$7,$135,$21,$1,$22,$1,$21,$21,$21,$23,$21,$35,35,$0.61,$0.61,$157,$94,$8,$387,$98,$0,$0,$1,$101,$489,$151,$22,$7,$29,$180,$0,$239,$0,$309,$489,$54,$8,$-1,$7,$3,$9,$-12,$-11,$-9,$51,$-9,$-0,$0,$0,$0,$0,$5,$-4,$-7,$0,$-7,$1,$1,$0,$-0,$-7,$42,$4,$0
23,2012-12-31,13.14,$8.29,1.59,$17.57,0.75,$-1.34,0.0,$-0.19,0.0,$0.37B,$0.15B,2.39,$0.02B,$0.29B,0.08,$0.61B,$0.07B,10.86%,$0.61B,$-0.01B,-0.99%,$0.61B,$-0.01B,-0.99%,$0.61B,$0.00B,0.49%,$0.61B,$-0.00B,-0.82%,$0.61B,$-0.01B,-0.99%,$-0.01B,$0.29B,-2.29%,$-0.01B,$0.29B,-2.29%,$-0.01B,$0.47B,-1.29%,$-0.01B,$0.31B,-2.07%,$167,$149,$18,$0,$6,$150,$17,$0,$17,$1,$17,$17,$17,$20,$17,$35,35,$0.48,$0.48,$128,$100,$7,$369,$98,$0,$0,$1,$102,$471,$154,$24,$7,$31,$185,$0,$218,$0,$286,$471,$33,$5,$-2,$3,$-3,$4,$-12,$-7,$-18,$18,$-6,$-0,$0,$0,$0,$0,$5,$-1,$-5,$0,$-5,$0,$0,$0,$-0,$-5,$13,$3,$0
24,2012-09-30,11.59,$7.77,1.49,$15.57,0.74,$-2.48,0.0,$-1.63,0.0,$0.38B,$0.18B,2.14,$0.03B,$0.27B,0.1,$0.54B,$0.06B,10.59%,$0.54B,$-0.06B,-11.15%,$0.54B,$-0.06B,-11.15%,$0.54B,$-0.05B,-9.48%,$0.54B,$-0.06B,-10.78%,$0.54B,$-0.06B,-10.41%,$-0.06B,$0.27B,-21.35%,$-0.06B,$0.27B,-21.39%,$-0.06B,$0.48B,-12.42%,$-0.06B,$0.30B,-20.69%,$159,$141,$18,$0,$6,$142,$17,$0,$17,$1,$16,$16,$16,$19,$17,$34,35,$0.46,$0.46,$115,$111,$6,$375,$98,$0,$0,$1,$102,$477,$175,$26,$7,$34,$209,$0,$201,$0,$268,$477,$16,$3,$1,$4,$-10,$-7,$6,$-3,$-14,$6,$-4,$0,$0,$0,$0,$0,$0,$-4,$-2,$0,$-2,$0,$0,$0,$0,$-2,$-0,$1,$0
25,2012-06-30,12.55,$7.27,1.73,$16.40,0.77,$-2.42,0.0,$-1.64,0.0,$0.36B,$0.18B,2.05,$0.03B,$0.25B,0.12,$0.57B,$0.06B,10.97%,$0.57B,$-0.06B,-10.80%,$0.57B,$-0.06B,-10.80%,$0.57B,$-0.05B,-9.03%,$0.57B,$-0.06B,-10.44%,$0.57B,$-0.06B,-9.91%,$-0.06B,$0.25B,-20.38%,$-0.06B,$0.25B,-20.42%,$-0.06B,$0.46B,-12.56%,$-0.06B,$0.28B,-20.37%,$143,$128,$15,$0,$5,$136,$7,$0,$7,$-0,$7,$7,$7,$9,$7,$34,34,$0.22,$0.23,$116,$103,$6,$361,$98,$0,$0,$1,$101,$461,$176,$29,$6,$35,$211,$0,$185,$0,$251,$461,$-56,$10,$86,$96,$-11,$-14,$-7,$-4,$-37,$2,$-36,$-0,$0,$0,$-2,$-2,$0,$-37,$22,$0,$22,$1,$1,$0,$0,$23,$-12,$5,$0
26,2012-03-31,17.71,$7.04,2.52,$17.78,1.0,$-0.90,0.0,$-1.38,0.0,$0.35B,$0.17B,2.05,$0.03B,$0.24B,0.13,$0.61B,$0.07B,11.60%,$0.61B,$-0.05B,-8.33%,$0.61B,$-0.05B,-8.33%,$0.61B,$-0.04B,-6.54%,$0.61B,$-0.05B,-8.01%,$0.61B,$-0.05B,-7.52%,$-0.05B,$0.24B,-16.00%,$-0.05B,$0.24B,-16.03%,$-0.05B,$0.45B,-10.45%,$-0.05B,$0.27B,-16.56%,$139,$124,$15,$0,$7,$186,$-47,$1,$-46,$-0,$-46,$-46,$-46,$-45,$-47,$34,34,$-1.35,$-1.35,$125,$99,$0,$354,$96,$0,$0,$1,$99,$453,$172,$31,$7,$38,$211,$0,$177,$0,$243,$453,$-64,$7,$85,$93,$-1,$-10,$-17,$0,$-29,$0,$-26,$-0,$0,$0,$-2,$-2,$0,$-28,$25,$0,$25,$1,$1,$0,$0,$26,$-2,$4,$0
27,2011-12-31,13.68,$8.34,1.64,$19.43,0.7,$0.13,108.92,$0.46,29.74,$0.32B,$0.10B,3.36,$0.02B,$0.29B,0.08,$0.67B,$0.08B,12.13%,$0.67B,$0.01B,2.10%,$0.67B,$0.01B,2.10%,$0.67B,$0.03B,3.74%,$0.67B,$0.02B,2.25%,$0.67B,$0.02B,2.54%,$0.02B,$0.29B,5.71%,$0.02B,$0.29B,5.72%,$0.02B,$0.41B,3.92%,$0.01B,$0.31B,4.47%,$97,$88,$9,$0,$5,$133,$-37,$1,$-36,$-2,$-33,$-33,$-33,$-34,$-37,$34,34,$-0.97,$-0.97,$112,$103,$0,$322,$88,$0,$1,$1,$92,$413,$96,$24,$7,$30,$126,$0,$224,$0,$287,$413,$-18,$5,$34,$39,$20,$-13,$-36,$-2,$-31,$-9,$-18,$-0,$0,$0,$-2,$-2,$0,$-20,$14,$0,$14,$1,$1,$0,$0,$14,$-15,$3,$0
28,2011-09-30,18.7,$9.29,2.01,$21.98,0.85,$0.78,24.05,$1.88,9.95,$0.37B,$0.12B,3.16,$0.02B,$0.32B,0.05,$0.76B,$0.10B,12.70%,$0.76B,$0.07B,9.13%,$0.76B,$0.07B,9.13%,$0.76B,$0.08B,10.45%,$0.76B,$0.07B,8.99%,$0.76B,$0.07B,8.73%,$0.07B,$0.32B,22.58%,$0.07B,$0.32B,22.64%,$0.07B,$0.46B,15.26%,$0.07B,$0.33B,22.64%,$186,$163,$23,$0,$7,$170,$16,$0,$16,$1,$16,$16,$16,$19,$16,$34,35,$0.46,$0.45,$134,$107,$0,$368,$83,$2,$1,$1,$88,$456,$116,$15,$7,$21,$137,$0,$257,$0,$318,$456,$16,$3,$2,$4,$-5,$-0,$-7,$1,$-10,$10,$-6,$-0,$0,$0,$-2,$-2,$0,$-8,$3,$0,$3,$0,$0,$0,$0,$3,$5,$1,$0
29,2011-06-30,24.28,$8.81,2.75,$21.64,1.12,$0.40,61.27,$1.87,12.98,$0.36B,$0.12B,3.04,$0.01B,$0.30B,0.04,$0.74B,$0.10B,12.77%,$0.74B,$0.07B,9.41%,$0.74B,$0.07B,9.41%,$0.74B,$0.08B,10.62%,$0.74B,$0.07B,9.27%,$0.74B,$0.07B,8.74%,$0.07B,$0.30B,23.66%,$0.07B,$0.30B,23.74%,$0.07B,$0.44B,15.55%,$0.07B,$0.31B,24.41%,$190,$166,$24,$0,$7,$173,$17,$-1,$17,$0,$17,$17,$17,$20,$17,$34,34,$0.49,$0.48,$128,$106,$2,$358,$75,$1,$1,$1,$80,$438,$118,$12,$6,$18,$136,$0,$241,$0,$302,$438,$64,$9,$3,$12,$-16,$-8,$-10,$-1,$-36,$41,$-22,$-0,$0,$0,$-1,$-1,$0,$-24,$-4,$0,$-4,$28,$28,$0,$0,$24,$42,$3,$0
30,2011-03-31,20.16,$8.31,2.43,$21.11,0.95,$0.08,255.51,$1.82,11.08,$0.35B,$0.13B,2.78,$0.01B,$0.28B,0.04,$0.71B,$0.09B,12.66%,$0.71B,$0.07B,9.56%,$0.71B,$0.07B,9.56%,$0.71B,$0.08B,10.69%,$0.71B,$0.07B,9.42%,$0.71B,$0.06B,8.72%,$0.06B,$0.28B,24.10%,$0.06B,$0.28B,24.20%,$0.06B,$0.43B,15.39%,$0.07B,$0.30B,25.19%,$195,$170,$25,$0,$8,$177,$18,$0,$18,$2,$17,$17,$17,$20,$18,$34,34,$0.49,$0.49,$117,$108,$0,$349,$72,$1,$1,$1,$77,$427,$126,$11,$6,$17,$143,$0,$225,$0,$284,$427,$48,$7,$2,$9,$-20,$-10,$-6,$3,$-32,$25,$-16,$-0,$0,$0,$-1,$-1,$0,$-17,$-4,$0,$-4,$28,$28,$0,$0,$23,$31,$3,$0
