,Date,Stock Price,Book Value per Share,Price to Book Ratio,TTM Sales per Share,Price to Sales Ratio,TTM FCF per Share,Price to FCF Ratio,TTM Net EPS,PE Ratio,Current Assets,Current Liabilities,Current Ratio,Long Term Debt,Shareholder's Equity_x,Debt to Equity Ratio,TTM Revenue_x,TTM Gross Profit,Gross Margin,TTM Revenue_y,TTM Operating Income,Operating Margin,TTM Revenue_x,TTM EBIT,EBIT Margin,TTM Revenue_y,TTM EBITDA,EBITDA Margin,TTM Revenue_x,TTM Pre-Tax Income,Pre-Tax Margin,TTM Revenue_y,TTM Net Income_x,Net Margin,TTM Net Income_y,Shareholder's Equity_y,Return on Equity,TTM Net Income_x,Tangible Equity,Return on Tangible Equity,TTM Net Income_y,Total Assets,Return on Assets,TTM Net Income,LT Investments & Debt,Return on Investment,revenue,cost-goods-sold,gross-profit,research-development-expenses,selling-general-administrative-expenses,operating-expenses,operating-income,total-non-operating-income-expense,pre-tax-income,total-provision-income-taxes,income-after-taxes,income-from-continuous-operations,net-income,ebitda,ebit,basic-shares-outstanding,shares-outstanding,eps-basic-net-earnings-per-share,eps-earnings-per-share-diluted,cash-on-hand,inventory,other-current-assets,total-current-assets,net-property-plant-equipment,long-term-investments,goodwill-intangible-assets-total,other-long-term-assets,total-long-term-assets,total-assets,total-current-liabilities,long-term-debt,other-non-current-liabilities,total-long-term-liabilities,total-liabilities,common-stock-net,retained-earnings-accumulated-deficit,comprehensive-income,total-share-holder-equity,total-liabilities-share-holders-equity,net-income-loss,total-depreciation-amortization-cash-flow,other-non-cash-items,total-non-cash-items,change-in-accounts-receivable,change-in-inventories,change-in-accounts-payable,change-in-assets-liabilities,total-change-in-assets-liabilities,cash-flow-from-operating-activities,net-change-in-property-plant-equipment,net-change-in-intangible-assets,net-acquisitions-divestitures,net-change-in-short-term-investments,net-change-in-long-term-investments,net-change-in-investments-total,investing-activities-other,cash-flow-from-investing-activities,net-long-term-debt,net-current-debt,debt-issuance-retirement-net-total,net-common-equity-issued-repurchased,net-total-equity-issued-repurchased,total-common-preferred-stock-dividends-paid,financial-activities-other,cash-flow-from-financial-activities,net-cash-flow,stock-based-compensation,common-stock-dividends-paid
0,2018-09-30,12.72,$13.95,0.91,$4.40,2.89,$3.92,3.25,$0.89,14.29,$22.14B,$27.18B,0.82,$0.63B,$4.42B,0.14,$1.41B,$1.20B,85.44%,$1.41B,$0.45B,32.24%,$1.41B,0,0.00%,$1.41B,0,0.00%,$1.41B,$0.45B,31.89%,$1.41B,$0.29B,20.53%,$0.29B,$4.53B,6.48%,$0.29B,$2.20B,13.61%,$0.29B,$32.62B,0.90%,$0.45B,$5.15B,8.89%,$373,$63,$310,$0,$183,$250,$123,$0,$123,$22,$101,$101,$99,$0,$0,$324,326,$0.30,$0.30,$438,$0,$0,$22141,$323,$6505,$2330,$1318,$10476,$32618,$27179,$627,$286,$913,$28093,$3,$517,$-127,$4525,$32618,$273,$82,$74,$157,$43,$0,$7,$-7,$42,$517,$-19,$0,$141,$0,$-576,$-576,$-1055,$-1509,$-41,$1,$-40,$-107,$-113,$0,$1104,$951,$-42,$0,$0
1,2018-06-30,13.42,$13.80,0.97,$4.27,3.14,$2.63,5.1,$0.82,16.37,$21.96B,$26.87B,0.82,$0.63B,$4.37B,0.14,$1.37B,$1.18B,86.74%,$1.37B,$0.44B,32.45%,$1.37B,0,0.00%,$1.37B,0,0.00%,$1.37B,$0.44B,32.01%,$1.37B,$0.27B,19.49%,$0.27B,$4.47B,5.99%,$0.27B,$2.14B,12.74%,$0.27B,$32.26B,0.84%,$0.44B,$5.10B,8.70%,$359,$55,$304,$0,$195,$253,$106,$0,$106,$20,$85,$85,$83,$0,$0,$324,326,$0.26,$0.26,$434,$0,$0,$21961,$325,$6298,$2335,$1339,$10297,$32258,$26874,$629,$281,$910,$27784,$3,$457,$-116,$4473,$32258,$172,$57,$45,$103,$50,$0,$3,$-5,$47,$349,$-10,$0,$0,$0,$-349,$-349,$-720,$-1079,$-39,$656,$617,$7,$7,$-82,$142,$684,$-46,$0,$-78
2,2018-03-31,13.33,$13.70,0.97,$4.14,3.22,$1.22,10.94,$0.78,17.09,$21.51B,$26.30B,0.82,$0.66B,$4.33B,0.15,$1.32B,$1.16B,87.98%,$1.32B,$0.44B,33.41%,$1.32B,0,0.00%,$1.32B,0,0.00%,$1.32B,$0.44B,32.88%,$1.32B,$0.26B,19.27%,$0.26B,$4.43B,5.77%,$0.26B,$2.09B,12.39%,$0.26B,$31.65B,0.82%,$0.44B,$5.09B,8.70%,$340,$47,$294,$0,$181,$232,$108,$0,$108,$21,$87,$87,$85,$0,$0,$324,326,$0.26,$0.26,$386,$0,$0,$21507,$333,$6151,$2339,$1321,$10145,$31652,$26300,$660,$259,$919,$27219,$3,$413,$-109,$4433,$31652,$87,$24,$16,$40,$54,$0,$0,$-3,$51,$210,$-9,$0,$0,$0,$-188,$-188,$-284,$-481,$-8,$124,$116,$4,$4,$-41,$99,$178,$-93,$0,$-39
3,2017-12-31,13.58,$13.59,1.0,$4.14,3.28,$0.58,23.34,$0.61,22.26,$21.40B,$26.08B,0.82,$0.67B,$4.30B,0.16,$1.23B,$1.10B,89.05%,$1.23B,$0.42B,33.74%,$1.23B,0,0.00%,$1.23B,0,0.00%,$1.23B,$0.36B,28.87%,$1.23B,$0.19B,15.49%,$0.19B,$4.41B,4.34%,$0.19B,$2.07B,9.42%,$0.19B,$31.42B,0.62%,$0.42B,$5.08B,8.21%,$336,$41,$295,$0,$173,$219,$117,$-1,$112,$88,$24,$24,$22,$0,$0,$302,304,$0.09,$0.09,$479,$0,$0,$21396,$337,$6007,$2341,$1337,$10022,$31418,$26078,$668,$262,$930,$27008,$3,$368,$-83,$4409,$31418,$199,$89,$183,$272,$-86,$0,$2,$-11,$-96,$279,$-57,$0,$197,$0,$-519,$-519,$-1151,$-1529,$-44,$379,$335,$11,$11,$-151,$1163,$1359,$108,$0,$-143
4,2017-09-30,13.67,$13.72,1.0,$4.13,3.31,$0.97,14.03,$0.77,17.76,$21.28B,$25.80B,0.83,$0.66B,$4.33B,0.15,$1.13B,$1.01B,90.04%,$1.13B,$0.38B,33.78%,$1.13B,0,0.00%,$1.13B,0,0.00%,$1.13B,$0.32B,28.27%,$1.13B,$0.22B,19.38%,$0.22B,$4.44B,5.53%,$0.22B,$2.05B,11.59%,$0.22B,$31.12B,0.77%,$0.38B,$5.10B,8.30%,$330,$38,$291,$0,$174,$217,$112,$-1,$111,$33,$78,$78,$76,$0,$0,$323,325,$0.23,$0.23,$515,$0,$0,$21277,$336,$5841,$2384,$1285,$9847,$31123,$25801,$659,$227,$886,$26687,$3,$370,$-54,$4436,$31123,$175,$60,$74,$135,$-99,$0,$1,$-8,$-106,$125,$-47,$0,$197,$0,$-327,$-327,$-912,$-1089,$-54,$573,$520,$-97,$-103,$0,$691,$1108,$144,$0,$0
5,2017-06-30,13.67,$13.59,1.01,$4.20,3.26,$1.45,9.4,$0.78,17.52,$21.06B,$25.48B,0.83,$0.66B,$4.29B,0.15,$1.02B,$0.93B,91.20%,$1.02B,$0.34B,33.53%,$1.02B,0,0.00%,$1.02B,0,0.00%,$1.02B,$0.28B,27.57%,$1.02B,$0.19B,18.77%,$0.19B,$4.39B,5.53%,$0.19B,$2.02B,11.07%,$0.19B,$30.75B,0.74%,$0.34B,$5.05B,8.38%,$317,$33,$284,$0,$174,$212,$105,$-1,$104,$30,$74,$74,$72,$0,$0,$323,325,$0.22,$0.22,$523,$0,$0,$21059,$335,$5669,$2376,$1314,$9695,$30754,$25478,$657,$227,$884,$26361,$3,$333,$-56,$4392,$30754,$97,$36,$45,$81,$-145,$0,$0,$-5,$-150,$-86,$-35,$0,$197,$0,$-155,$-155,$-588,$-581,$-56,$1127,$1071,$4,$4,$-69,$-188,$818,$151,$0,$-65
6,2017-03-31,14.23,$13.49,1.05,$4.27,3.33,$2.17,6.56,$0.75,18.97,$20.54B,$24.91B,0.83,$0.70B,$4.25B,0.16,$0.93B,$0.86B,92.13%,$0.93B,$0.31B,33.19%,$0.93B,0,0.00%,$0.93B,0,0.00%,$0.93B,$0.24B,25.65%,$0.93B,$0.16B,17.13%,$0.16B,$4.36B,5.28%,$0.16B,$1.97B,9.99%,$0.16B,$30.19B,0.67%,$0.31B,$5.05B,8.48%,$250,$22,$228,$0,$143,$168,$82,$-53,$29,$6,$23,$23,$21,$0,$0,$237,239,$0.09,$0.09,$450,$0,$0,$20543,$355,$5561,$2385,$1347,$9648,$30191,$24912,$696,$226,$923,$25835,$3,$300,$-57,$4356,$30191,$23,$17,$19,$36,$-52,$0,$0,$-2,$-54,$19,$-23,$0,$198,$0,$-234,$-234,$-209,$-268,$-17,$287,$270,$1,$1,$-28,$85,$328,$79,$0,$-26
7,2016-12-31,15.22,$12.18,1.25,$4.26,3.57,$2.60,5.86,$0.78,19.51,$15.12B,$18.57B,0.81,$0.54B,$2.47B,0.22,$0.88B,$0.81B,92.39%,$0.88B,$0.29B,32.84%,$0.88B,0,0.00%,$0.88B,0,0.00%,$0.88B,$0.25B,28.07%,$0.88B,$0.16B,18.41%,$0.16B,$2.57B,6.35%,$0.16B,$1.49B,11.13%,$0.16B,$21.85B,0.76%,$0.29B,$3.11B,9.14%,$228,$18,$210,$0,$128,$148,$81,$-2,$74,$23,$51,$51,$49,$0,$0,$206,208,$0.24,$0.23,$371,$0,$0,$15122,$244,$4569,$1086,$823,$6723,$21845,$18569,$539,$165,$705,$19273,$2,$304,$-61,$2572,$21845,$171,$61,$68,$129,$-12,$0,$-0,$-5,$-18,$293,$-59,$0,$246,$0,$-613,$-613,$-833,$-1260,$-127,$252,$125,$18,$18,$-110,$816,$849,$-118,$0,$-102
8,2016-09-30,11.59,$12.23,0.95,$4.21,2.75,$2.69,4.31,$0.76,15.24,$15.08B,$18.21B,0.83,$0.59B,$2.46B,0.24,$0.84B,$0.77B,92.46%,$0.84B,$0.27B,32.42%,$0.84B,0,0.00%,$0.84B,0,0.00%,$0.84B,$0.23B,27.51%,$0.84B,$0.15B,17.94%,$0.15B,$2.57B,6.17%,$0.15B,$1.47B,10.80%,$0.15B,$21.58B,0.74%,$0.27B,$3.16B,8.83%,$228,$18,$211,$0,$132,$153,$75,$-0,$75,$23,$52,$52,$50,$0,$0,$210,212,$0.24,$0.24,$445,$0,$0,$15080,$229,$4327,$1104,$845,$6504,$21584,$18213,$588,$213,$800,$19013,$2,$281,$-28,$2571,$21584,$120,$45,$53,$98,$-14,$0,$1,$-3,$-17,$190,$-37,$0,$246,$0,$-317,$-317,$-683,$-792,$-79,$-15,$-94,$9,$9,$-82,$725,$558,$-44,$0,$-76
9,2016-06-30,11.7,$12.11,0.97,$4.14,2.83,$2.97,3.94,$0.74,15.81,$14.82B,$17.79B,0.83,$0.66B,$2.44B,0.27,$0.79B,$0.73B,92.63%,$0.79B,$0.26B,32.40%,$0.79B,0,0.00%,$0.79B,0,0.00%,$0.79B,$0.21B,27.06%,$0.79B,$0.14B,17.53%,$0.14B,$2.55B,5.96%,$0.14B,$1.44B,10.41%,$0.14B,$21.22B,0.73%,$0.26B,$3.20B,8.68%,$222,$17,$206,$0,$132,$152,$70,$-11,$60,$18,$41,$41,$39,$0,$0,$210,212,$0.19,$0.19,$399,$0,$0,$14820,$225,$4198,$1105,$867,$6395,$21215,$17789,$657,$224,$881,$18670,$2,$256,$-25,$2545,$21215,$67,$26,$40,$65,$-7,$0,$-0,$-3,$-11,$100,$-27,$0,$0,$0,$-181,$-181,$-209,$-417,$-10,$9,$-1,$7,$7,$-55,$276,$227,$-90,$0,$-51
10,2016-03-31,12.03,$12.01,1.0,$4.08,2.95,$3.18,3.79,$0.77,15.62,$14.37B,$16.95B,0.85,$0.66B,$2.41B,0.27,$0.74B,$0.69B,92.84%,$0.74B,$0.24B,32.97%,$0.74B,0,0.00%,$0.74B,0,0.00%,$0.74B,$0.21B,28.51%,$0.74B,$0.14B,18.51%,$0.14B,$2.52B,6.25%,$0.14B,$1.43B,10.85%,$0.14B,$20.33B,0.77%,$0.24B,$3.18B,8.75%,$202,$15,$186,$0,$121,$139,$63,$-25,$38,$12,$26,$26,$24,$0,$0,$194,195,$0.12,$0.12,$346,$0,$0,$14371,$209,$3875,$1087,$782,$5953,$20325,$16954,$657,$195,$852,$17807,$2,$242,$-34,$2518,$20325,$26,$12,$12,$23,$-3,$0,$1,$-2,$-4,$94,$-14,$0,$47,$0,$135,$135,$-123,$45,$-9,$-687,$-697,$1,$1,$-27,$441,$-282,$-143,$0,$-25
11,2015-12-31,12.22,$11.95,1.02,$4.02,3.04,$3.11,3.93,$0.87,14.04,$12.54B,$14.67B,0.86,$0.64B,$1.99B,0.32,$0.71B,$0.66B,93.10%,$0.71B,$0.24B,33.52%,$0.71B,0,0.00%,$0.71B,0,0.00%,$0.71B,$0.23B,32.39%,$0.71B,$0.15B,21.27%,$0.15B,$2.10B,7.27%,$0.15B,$1.22B,12.58%,$0.15B,$17.56B,0.90%,$0.24B,$2.74B,9.00%,$184,$13,$170,$0,$106,$121,$63,$-1,$57,$17,$39,$39,$37,$0,$0,$175,176,$0.21,$0.20,$489,$0,$0,$12542,$159,$3268,$879,$710,$5015,$17558,$14672,$641,$148,$789,$15461,$2,$243,$-51,$2096,$17558,$160,$44,$40,$84,$-3,$0,$1,$-6,$-9,$223,$-10,$0,$145,$0,$-292,$-292,$-986,$-1143,$100,$7,$107,$13,$13,$-93,$1094,$1121,$202,$0,$-85
12,2015-09-30,11.76,$11.95,0.98,$4.01,2.93,$4.42,2.66,$0.87,13.52,$12.00B,$14.05B,0.85,$0.54B,$1.99B,0.27,$0.70B,$0.65B,93.30%,$0.70B,$0.24B,33.81%,$0.70B,0,0.00%,$0.70B,0,0.00%,$0.70B,$0.23B,32.67%,$0.70B,$0.15B,21.54%,$0.15B,$2.10B,7.33%,$0.15B,$1.21B,12.78%,$0.15B,$16.84B,0.92%,$0.24B,$2.64B,9.11%,$179,$12,$167,$0,$106,$120,$59,$-1,$58,$18,$40,$40,$38,$0,$0,$175,177,$0.22,$0.22,$259,$0,$0,$12000,$162,$3105,$881,$689,$4836,$16836,$14047,$543,$152,$694,$14741,$2,$227,$-34,$2095,$16836,$121,$31,$31,$63,$-2,$0,$-0,$-4,$-7,$185,$-7,$0,$148,$0,$-110,$-110,$-658,$-627,$1,$-754,$-753,$11,$11,$-69,$1226,$414,$-29,$0,$-63
13,2015-06-30,12.88,$11.79,1.09,$4.00,3.22,$5.58,2.31,$0.85,15.15,$11.74B,$13.87B,0.85,$0.54B,$1.96B,0.28,$0.69B,$0.65B,93.34%,$0.69B,$0.23B,33.43%,$0.69B,0,0.00%,$0.69B,0,0.00%,$0.69B,$0.22B,32.13%,$0.69B,$0.15B,21.13%,$0.15B,$2.07B,7.17%,$0.15B,$1.19B,12.59%,$0.15B,$16.60B,0.90%,$0.23B,$2.61B,8.96%,$175,$12,$164,$0,$103,$117,$59,$-0,$58,$18,$40,$40,$38,$0,$0,$175,176,$0.22,$0.22,$237,$0,$0,$11740,$167,$3137,$876,$679,$4859,$16599,$13866,$543,$125,$667,$14533,$2,$210,$-44,$2066,$16599,$80,$22,$23,$44,$-2,$0,$-0,$-3,$-5,$105,$-9,$0,$0,$0,$-151,$-151,$-402,$-562,$1,$-534,$-533,$8,$8,$-46,$978,$407,$-50,$0,$-42
14,2015-03-31,11.72,$11.77,1.0,$3.98,2.94,$6.77,1.73,$0.83,14.12,$11.51B,$13.55B,0.85,$0.54B,$1.95B,0.28,$0.68B,$0.63B,93.24%,$0.68B,$0.22B,32.79%,$0.68B,0,0.00%,$0.68B,0,0.00%,$0.68B,$0.21B,31.47%,$0.68B,$0.14B,20.74%,$0.14B,$2.06B,7.06%,$0.14B,$1.18B,12.53%,$0.14B,$16.28B,0.89%,$0.22B,$2.60B,8.91%,$172,$11,$160,$0,$101,$114,$57,$0,$57,$17,$40,$40,$38,$0,$0,$174,176,$0.22,$0.22,$234,$0,$0,$11514,$170,$3050,$875,$669,$4764,$16279,$13547,$541,$136,$677,$14224,$2,$193,$-35,$2055,$16279,$40,$12,$11,$22,$-0,$0,$-0,$-1,$-2,$66,$-6,$0,$0,$0,$-52,$-52,$-168,$-226,$0,$-301,$-301,$5,$5,$-23,$426,$106,$-53,$0,$-21
15,2014-12-31,11.77,$11.62,1.01,$3.98,2.95,$7.88,1.49,$0.81,14.53,$11.42B,$13.42B,0.85,$0.54B,$1.92B,0.28,$0.67B,$0.62B,93.41%,$0.67B,$0.22B,32.93%,$0.67B,0,0.00%,$0.67B,0,0.00%,$0.67B,$0.21B,30.84%,$0.67B,$0.14B,20.21%,$0.14B,$2.02B,6.91%,$0.14B,$1.14B,12.41%,$0.14B,$16.13B,0.88%,$0.22B,$2.56B,9.17%,$175,$11,$163,$0,$98,$112,$62,$-2,$56,$17,$39,$39,$37,$0,$0,$167,169,$0.21,$0.20,$287,$0,$0,$11415,$169,$2987,$880,$677,$4712,$16127,$13424,$541,$140,$682,$14106,$2,$176,$-46,$2021,$16127,$144,$40,$68,$108,$-1,$242,$-1,$-10,$229,$447,$-20,$0,$60,$0,$-607,$-607,$-1171,$-1738,$289,$789,$1078,$13,$13,$-90,$363,$1365,$73,$0,$-81
16,2014-09-30,10.49,$11.56,0.91,$3.97,2.64,$7.60,1.38,$0.78,13.45,$11.09B,$13.05B,0.85,$0.54B,$1.90B,0.29,$0.64B,$0.60B,93.47%,$0.64B,$0.20B,31.73%,$0.64B,0,0.00%,$0.64B,0,0.00%,$0.64B,$0.19B,29.39%,$0.64B,$0.13B,19.60%,$0.13B,$2.01B,6.66%,$0.13B,$1.13B,12.08%,$0.13B,$15.76B,0.86%,$0.20B,$2.55B,9.03%,$169,$11,$158,$0,$103,$116,$53,$-2,$51,$16,$35,$35,$33,$0,$0,$167,169,$0.20,$0.20,$238,$0,$0,$11090,$167,$2915,$879,$706,$4667,$15757,$13053,$541,$157,$699,$13752,$2,$160,$-40,$2005,$15757,$105,$29,$12,$41,$1,$242,$-1,$-5,$236,$378,$-13,$0,$60,$0,$-543,$-543,$-870,$-1365,$289,$349,$638,$8,$8,$-67,$432,$1010,$24,$0,$-60
17,2014-06-30,11.11,$11.46,0.97,$3.94,2.82,$7.19,1.55,$0.80,13.89,$10.49B,$12.56B,0.84,$0.39B,$1.80B,0.22,$0.62B,$0.58B,93.19%,$0.62B,$0.19B,31.44%,$0.62B,0,0.00%,$0.62B,0,0.00%,$0.62B,$0.18B,29.17%,$0.62B,$0.13B,20.26%,$0.13B,$1.91B,7.09%,$0.13B,$1.05B,13.23%,$0.13B,$15.02B,0.90%,$0.19B,$2.30B,9.40%,$164,$10,$153,$0,$100,$112,$51,$-1,$50,$16,$35,$35,$33,$0,$0,$166,168,$0.20,$0.20,$271,$0,$0,$10491,$162,$2812,$854,$700,$4529,$15019,$12562,$394,$155,$549,$13111,$2,$147,$-37,$1908,$15019,$69,$16,$3,$20,$4,$203,$-1,$-3,$203,$301,$-8,$0,$27,$0,$-435,$-435,$-542,$-958,$158,$263,$421,$6,$6,$-44,$331,$714,$57,$0,$-40
18,2014-03-31,11.5,$11.33,1.02,$3.96,2.91,$6.81,1.69,$0.80,14.38,$10.08B,$12.16B,0.83,$0.30B,$1.78B,0.17,$0.60B,$0.56B,92.81%,$0.60B,$0.19B,31.27%,$0.60B,0,0.00%,$0.60B,0,0.00%,$0.60B,$0.17B,28.60%,$0.60B,$0.12B,20.23%,$0.12B,$1.89B,7.32%,$0.12B,$1.03B,14.05%,$0.12B,$14.48B,0.91%,$0.19B,$2.19B,9.71%,$160,$10,$150,$0,$94,$106,$54,$-5,$49,$14,$35,$35,$32,$0,$0,$162,164,$0.20,$0.20,$246,$0,$0,$10081,$166,$2695,$857,$678,$4395,$14477,$12155,$304,$132,$436,$12592,$2,$134,$-44,$1885,$14477,$35,$8,$-6,$3,$3,$203,$-1,$-2,$204,$244,$-6,$0,$27,$0,$-324,$-324,$-145,$-448,$68,$-25,$43,$0,$4,$-22,$211,$236,$32,$0,$-20
19,2013-12-31,10.73,$11.16,0.96,$3.97,2.71,$5.56,1.93,$0.80,13.41,$9.62B,$11.44B,0.84,$0.22B,$1.67B,0.13,$0.58B,$0.53B,92.20%,$0.58B,$0.17B,30.16%,$0.58B,0,0.00%,$0.58B,0,0.00%,$0.58B,$0.16B,28.08%,$0.58B,$0.12B,20.45%,$0.12B,$1.77B,7.69%,$0.12B,$0.96B,15.13%,$0.12B,$13.56B,0.93%,$0.17B,$1.99B,9.63%,$150,$11,$140,$0,$91,$104,$46,$-4,$39,$11,$28,$28,$28,$0,$0,$146,148,$0.19,$0.18,$214,$0,$0,$9616,$154,$2341,$812,$640,$3947,$13563,$11439,$219,$130,$350,$11789,$2,$122,$-57,$1774,$13563,$118,$31,$44,$75,$19,$126,$-2,$-4,$139,$346,$-15,$0,$142,$0,$-78,$-78,$-654,$-604,$-155,$144,$-12,$62,$169,$-71,$147,$233,$-25,$0,$-71
20,2013-09-30,10.12,$10.20,0.99,$3.94,2.57,$7.10,1.43,$0.83,12.19,$9.02B,$10.89B,0.83,$0.29B,$1.48B,0.19,$0.57B,$0.52B,91.52%,$0.57B,$0.17B,30.21%,$0.57B,0,0.00%,$0.57B,0,0.00%,$0.57B,$0.16B,28.80%,$0.57B,$0.12B,21.02%,$0.12B,$1.48B,8.26%,$0.12B,$0.73B,16.73%,$0.12B,$12.79B,0.96%,$0.17B,$1.77B,9.87%,$143,$11,$132,$0,$87,$100,$43,$-1,$42,$10,$32,$32,$32,$0,$0,$145,146,$0.22,$0.22,$284,$0,$0,$9018,$147,$2297,$749,$579,$3772,$12790,$10890,$286,$133,$419,$11309,$1,$113,$-66,$1482,$12790,$89,$22,$33,$55,$18,$88,$-3,$-2,$101,$264,$-8,$0,$42,$0,$-38,$-38,$-484,$-487,$-51,$69,$17,$5,$5,$-52,$298,$268,$44,$0,$-52
21,2013-06-30,9.88,$10.12,0.98,$3.98,2.48,$8.70,1.14,$0.83,11.9,$8.78B,$10.68B,0.82,$0.29B,$1.47B,0.2,$0.57B,$0.51B,90.81%,$0.57B,$0.17B,30.21%,$0.57B,0,0.00%,$0.57B,0,0.00%,$0.57B,$0.16B,28.98%,$0.57B,$0.12B,20.85%,$0.12B,$1.47B,8.31%,$0.12B,$0.72B,16.91%,$0.12B,$12.57B,0.97%,$0.17B,$1.76B,9.98%,$145,$11,$133,$0,$87,$100,$44,$-3,$41,$12,$29,$29,$29,$0,$0,$144,146,$0.20,$0.20,$230,$0,$0,$8779,$146,$2314,$747,$588,$3795,$12573,$10677,$287,$141,$428,$11104,$1,$99,$-62,$1469,$12573,$58,$15,$17,$33,$7,$88,$-2,$-1,$92,$201,$-2,$0,$42,$0,$-46,$-46,$-273,$-279,$-51,$-67,$-118,$2,$2,$-34,$219,$69,$-9,$0,$-34
22,2013-03-31,9.7,$10.07,0.96,$4.00,2.42,$10.31,0.94,$0.84,11.54,$8.29B,$10.16B,0.82,$0.30B,$1.41B,0.21,$0.56B,$0.51B,90.23%,$0.56B,$0.17B,30.02%,$0.56B,0,0.00%,$0.56B,0,0.00%,$0.56B,$0.17B,29.31%,$0.56B,$0.12B,20.96%,$0.12B,$1.41B,8.46%,$0.12B,$0.70B,17.31%,$0.12B,$12.00B,0.99%,$0.17B,$1.71B,10.00%,$139,$12,$127,$0,$84,$98,$41,$-0,$40,$12,$29,$29,$29,$0,$0,$140,141,$0.20,$0.20,$162,$0,$0,$8289,$135,$2275,$711,$588,$3709,$11998,$10156,$296,$133,$429,$10585,$1,$87,$-47,$1413,$11998,$29,$8,$12,$20,$-0,$0,$-1,$-2,$-3,$27,$2,$0,$0,$0,$1,$1,$-86,$-82,$2,$-138,$-136,$0,$-1,$-17,$131,$-22,$-77,$0,$-17
23,2012-12-31,8.34,$10.02,0.83,$4.01,2.08,$12.69,0.66,$0.79,10.55,$8.30B,$10.17B,0.82,$0.29B,$1.40B,0.21,$0.56B,$0.50B,89.52%,$0.56B,$0.16B,29.13%,$0.56B,0,0.00%,$0.56B,0,0.00%,$0.56B,$0.15B,27.35%,$0.56B,$0.11B,19.72%,$0.11B,$1.40B,8.04%,$0.11B,$0.69B,16.66%,$0.11B,$12.02B,0.94%,$0.16B,$1.70B,9.79%,$139,$14,$126,$0,$80,$96,$43,$0,$40,$11,$29,$29,$29,$0,$0,$139,141,$0.20,$0.21,$239,$0,$0,$8300,$140,$2279,$713,$591,$3724,$12024,$10165,$293,$163,$457,$10622,$1,$75,$-46,$1402,$12024,$110,$32,$60,$92,$-15,$332,$-4,$-6,$307,$544,$-13,$0,$204,$0,$-571,$-571,$-414,$-794,$-157,$219,$62,$9,$9,$-68,$277,$280,$30,$0,$-68
24,2012-09-30,8.61,$9.98,0.86,$4.05,2.13,$11.10,0.78,$0.77,11.18,$8.27B,$10.15B,0.82,$0.30B,$1.40B,0.21,$0.55B,$0.49B,88.79%,$0.55B,$0.16B,28.75%,$0.55B,0,0.00%,$0.55B,0,0.00%,$0.55B,$0.15B,26.58%,$0.55B,$0.11B,19.17%,$0.11B,$1.40B,7.95%,$0.11B,$0.68B,16.39%,$0.11B,$11.99B,0.94%,$0.16B,$1.69B,9.77%,$143,$14,$128,$0,$83,$100,$43,$-0,$43,$12,$31,$31,$31,$0,$0,$139,141,$0.22,$0.22,$368,$0,$0,$8266,$145,$2265,$717,$592,$3719,$11985,$10145,$295,$150,$445,$10590,$1,$63,$-39,$1395,$11985,$81,$22,$51,$73,$-11,$332,$-4,$-4,$313,$480,$-8,$0,$204,$0,$-552,$-552,$-238,$-595,$-156,$155,$-1,$7,$7,$-51,$318,$273,$159,$0,$-51
25,2012-06-30,8.17,$9.82,0.83,$4.04,2.02,$9.64,0.85,$0.74,11.04,$8.00B,$9.92B,0.81,$0.30B,$1.37B,0.22,$0.54B,$0.47B,87.92%,$0.54B,$0.15B,27.70%,$0.54B,0,0.00%,$0.54B,0,0.00%,$0.54B,$0.14B,25.28%,$0.54B,$0.10B,18.40%,$0.10B,$1.37B,7.69%,$0.10B,$0.66B,15.70%,$0.10B,$11.75B,0.92%,$0.15B,$1.67B,9.23%,$142,$15,$127,$0,$83,$100,$42,$-0,$42,$13,$29,$29,$29,$0,$0,$139,141,$0.21,$0.21,$223,$0,$0,$7999,$149,$2275,$715,$612,$3752,$11751,$9921,$295,$163,$457,$10378,$1,$49,$-41,$1372,$11751,$51,$14,$22,$36,$-2,$332,$-3,$-3,$324,$426,$-8,$0,$204,$0,$-563,$-563,$-107,$-474,$-156,$70,$-86,$4,$4,$-34,$177,$62,$14,$0,$-34
26,2012-03-31,8.88,$9.71,0.91,$4.06,2.19,$8.24,1.08,$0.71,12.51,$7.98B,$9.93B,0.8,$0.29B,$1.36B,0.22,$0.52B,$0.45B,86.81%,$0.52B,$0.14B,26.39%,$0.52B,0,0.00%,$0.52B,0,0.00%,$0.52B,$0.13B,23.90%,$0.52B,$0.09B,17.59%,$0.09B,$1.36B,7.39%,$0.09B,$0.64B,14.92%,$0.09B,$11.73B,0.89%,$0.14B,$1.65B,8.60%,$139,$16,$123,$0,$84,$103,$36,$-7,$29,$8,$22,$22,$22,$0,$0,$139,140,$0.16,$0.15,$265,$0,$0,$7977,$146,$2276,$714,$612,$3749,$11726,$9933,$294,$144,$438,$10371,$1,$37,$-44,$1355,$11726,$22,$5,$16,$22,$4,$332,$-2,$-2,$331,$366,$-2,$0,$204,$0,$-565,$-565,$-31,$-395,$-156,$14,$-143,$1,$1,$-17,$243,$85,$56,$0,$-17
27,2011-12-31,8.15,$9.51,0.86,$4.11,1.98,$6.89,1.18,$0.70,11.64,$6.98B,$8.14B,0.86,$0.29B,$1.21B,0.24,$0.51B,$0.44B,85.69%,$0.51B,$0.13B,25.29%,$0.51B,0,0.00%,$0.51B,0,0.00%,$0.51B,$0.12B,23.33%,$0.51B,$0.09B,17.06%,$0.09B,$1.21B,7.32%,$0.09B,$0.61B,14.79%,$0.09B,$9.79B,0.88%,$0.13B,$1.50B,8.19%,$129,$17,$113,$0,$72,$91,$38,$-0,$33,$9,$24,$24,$24,$0,$0,$124,125,$0.19,$0.19,$209,$0,$0,$6979,$130,$1558,$599,$520,$2807,$9786,$8141,$292,$143,$435,$8576,$1,$33,$-45,$1210,$9786,$87,$22,$37,$60,$-0,$110,$-2,$-1,$108,$290,$-17,$0,$23,$0,$122,$122,$-412,$-284,$-113,$73,$-41,$71,$71,$-61,$102,$72,$77,$0,$-61
28,2011-09-30,6.03,$9.55,0.63,$4.15,1.45,$6.05,1.0,$0.72,8.37,$6.92B,$8.19B,0.85,$0.43B,$1.21B,0.35,$0.50B,$0.43B,84.69%,$0.50B,$0.13B,25.84%,$0.50B,0,0.00%,$0.50B,0,0.00%,$0.50B,$0.12B,23.66%,$0.50B,$0.09B,17.30%,$0.09B,$1.21B,7.55%,$0.09B,$0.61B,15.49%,$0.09B,$9.95B,0.90%,$0.13B,$1.64B,8.30%,$128,$18,$110,$0,$76,$96,$33,$-0,$32,$8,$24,$24,$24,$0,$0,$126,127,$0.19,$0.19,$233,$0,$0,$6923,$126,$1787,$600,$516,$3029,$9951,$8186,$427,$124,$551,$8737,$1,$25,$-30,$1214,$9951,$63,$17,$32,$49,$3,$110,$-2,$0,$113,$252,$-10,$0,$23,$0,$-104,$-104,$-324,$-414,$21,$39,$60,$69,$69,$-45,$180,$264,$101,$0,$-45
29,2011-06-30,7.09,$9.47,0.75,$4.20,1.69,$5.08,1.4,$0.68,10.43,$6.79B,$8.13B,0.84,$0.43B,$1.20B,0.35,$0.50B,$0.42B,83.70%,$0.50B,$0.12B,24.35%,$0.50B,0,0.00%,$0.50B,0,0.00%,$0.50B,$0.11B,22.13%,$0.50B,$0.08B,16.10%,$0.08B,$1.20B,7.17%,$0.08B,$0.60B,14.99%,$0.08B,$9.86B,0.85%,$0.12B,$1.63B,7.94%,$127,$19,$108,$0,$75,$96,$31,$-0,$31,$9,$22,$22,$22,$0,$0,$123,124,$0.18,$0.18,$189,$0,$0,$6792,$126,$1832,$602,$505,$3065,$9857,$8126,$425,$103,$528,$8654,$1,$16,$-31,$1203,$9857,$40,$12,$19,$31,$4,$110,$-1,$-1,$113,$201,$-7,$0,$23,$0,$-148,$-148,$-226,$-358,$20,$-50,$-31,$66,$66,$-30,$208,$214,$58,$0,$-30
30,2011-03-31,7.05,$9.34,0.76,$4.25,1.66,$4.19,1.68,$0.66,10.69,$6.75B,$8.13B,0.83,$0.40B,$1.13B,0.36,$0.49B,$0.41B,82.76%,$0.49B,$0.12B,23.33%,$0.49B,0,0.00%,$0.49B,0,0.00%,$0.49B,$0.10B,21.10%,$0.49B,$0.08B,15.42%,$0.08B,$1.13B,7.04%,$0.08B,$0.53B,14.99%,$0.08B,$9.76B,0.83%,$0.12B,$1.53B,7.75%,$126,$20,$106,$0,$77,$99,$27,$-4,$23,$6,$17,$17,$17,$0,$0,$120,121,$0.14,$0.14,$290,$0,$0,$6749,$125,$1761,$601,$519,$3007,$9755,$8129,$403,$95,$498,$8627,$1,$9,$-34,$1128,$9755,$17,$8,$10,$17,$6,$110,$-1,$-1,$115,$152,$-3,$0,$23,$0,$-80,$-80,$-79,$-139,$-2,$-40,$-43,$1,$1,$-14,$201,$145,$158,$0,$-14
31,2010-12-31,6.42,$9.29,0.69,$4.28,1.5,$3.23,1.99,$0.66,9.73,$6.13B,$7.40B,0.83,$0.40B,$1.07B,0.37,$0.49B,$0.40B,81.84%,$0.49B,$0.11B,22.24%,$0.49B,0,0.00%,$0.49B,0,0.00%,$0.49B,$0.10B,20.82%,$0.49B,$0.08B,15.31%,$0.08B,$1.07B,7.08%,$0.08B,$0.51B,15.14%,$0.08B,$8.96B,0.84%,$0.11B,$1.46B,7.38%,$122,$20,$102,$0,$62,$84,$39,$-1,$33,$10,$24,$24,$24,$0,$0,$114,114,$0.21,$0.20,$132,$0,$0,$6126,$116,$1679,$561,$478,$2834,$8960,$7400,$396,$98,$494,$7894,$1,$7,$-34,$1066,$8960,$75,$27,$47,$74,$2,$0,$-2,$-3,$-3,$163,$-10,$0,$0,$0,$-189,$-189,$-312,$-511,$-133,$84,$-48,$7,$7,$-55,$266,$169,$-179,$0,$-55
32,2010-09-30,5.45,$9.29,0.59,$4.39,1.24,$2.94,1.85,$0.49,11.12,$6.21B,$7.42B,0.84,$0.41B,$1.07B,0.38,$0.49B,$0.39B,80.57%,$0.49B,$0.08B,16.16%,$0.49B,0,0.00%,$0.49B,0,0.00%,$0.49B,$0.07B,14.72%,$0.49B,$0.06B,11.45%,$0.06B,$1.07B,5.32%,$0.06B,$0.50B,11.48%,$0.06B,$8.99B,0.63%,$0.08B,$1.47B,5.25%,$122,$22,$100,$0,$75,$98,$24,$-0,$23,$6,$17,$17,$17,$0,$0,$114,114,$0.15,$0.15,$307,$0,$0,$6212,$114,$1609,$563,$496,$2781,$8993,$7415,$407,$105,$513,$7928,$1,$-3,$-23,$1065,$8993,$51,$22,$33,$55,$-4,$0,$-2,$-2,$-8,$113,$-5,$0,$0,$0,$-114,$-114,$-204,$-323,$-122,$148,$26,$5,$5,$-41,$217,$207,$-4,$0,$-41
33,2010-06-30,4.96,$9.24,0.54,$4.39,1.13,$2.87,1.73,$0.38,13.04,$6.06B,$7.27B,0.83,$0.41B,$1.06B,0.39,$0.49B,$0.39B,79.26%,$0.49B,$0.07B,13.96%,$0.49B,0,0.00%,$0.49B,0,0.00%,$0.49B,$0.06B,12.73%,$0.49B,$0.04B,9.03%,$0.04B,$1.06B,4.19%,$0.04B,$0.49B,9.11%,$0.04B,$8.83B,0.50%,$0.07B,$1.47B,4.40%,$123,$23,$100,$0,$74,$98,$25,$0,$25,$7,$18,$18,$18,$0,$0,$114,114,$0.16,$0.16,$201,$0,$0,$6062,$115,$1612,$564,$480,$2771,$8833,$7270,$410,$95,$505,$7775,$1,$-7,$-25,$1058,$8833,$34,$15,$23,$38,$6,$0,$-1,$-2,$4,$81,$-3,$0,$0,$0,$-118,$-118,$-146,$-267,$-119,$66,$-53,$3,$3,$-28,$154,$77,$-110,$0,$-28
34,2010-03-31,4.87,$9.16,0.53,$4.66,1.05,$2.75,1.77,$0.32,15.21,$6.12B,$7.21B,0.85,$0.46B,$1.05B,0.43,$0.49B,$0.38B,77.71%,$0.49B,$0.06B,11.66%,$0.49B,0,0.00%,$0.49B,0,0.00%,$0.49B,$0.05B,10.43%,$0.49B,$0.04B,7.16%,$0.04B,$1.05B,3.26%,$0.04B,$0.48B,6.94%,$0.04B,$8.80B,0.40%,$0.06B,$1.50B,3.50%,$123,$24,$99,$0,$76,$102,$21,$0,$21,$5,$16,$16,$16,$0,$0,$114,114,$0.14,$0.14,$329,$0,$0,$6121,$116,$1518,$566,$478,$2678,$8800,$7205,$455,$92,$547,$7752,$1,$-11,$-30,$1047,$8800,$16,$9,$11,$20,$1,$0,$-1,$-1,$-0,$34,$-1,$0,$0,$0,$-27,$-27,$-55,$-83,$-75,$42,$-33,$1,$1,$-14,$114,$68,$19,$0,$-14
35,2009-12-31,3.95,$9.14,0.43,$4.99,0.79,$2.68,1.47,$0.34,11.62,$6.07B,$7.05B,0.86,$0.53B,$1.04B,0.51,$0.49B,$0.37B,75.81%,$0.49B,$0.06B,11.59%,$0.49B,0,0.00%,$0.49B,0,0.00%,$0.49B,$0.05B,10.37%,$0.49B,$0.03B,6.71%,$0.03B,$1.04B,3.09%,$0.03B,$0.48B,6.63%,$0.03B,$8.71B,0.38%,$0.06B,$1.57B,3.41%,$121,$26,$95,$0,$84,$112,$9,$0,$3,$-1,$5,$5,$5,$0,$0,$103,103,$0.02,$0.02,$311,$0,$0,$6068,$118,$1491,$568,$465,$2641,$8709,$7049,$530,$87,$616,$7666,$1,$-13,$-31,$1043,$8709,$41,$26,$65,$91,$1,$0,$-4,$-1,$-5,$116,$-8,$0,$0,$0,$-172,$-172,$-106,$-286,$-166,$73,$-93,$129,$128,$-52,$325,$308,$138,$0,$-52
36,2009-09-30,3.99,$9.23,0.43,$5.23,0.76,$6.11,0.65,$0.09,44.28,$5.98B,$6.87B,0.87,$0.58B,$1.05B,0.56,$0.49B,$0.36B,73.05%,$0.49B,$0.02B,4.53%,$0.49B,0,0.00%,$0.49B,0,0.00%,$0.49B,$0.02B,3.09%,$0.49B,$0.01B,1.85%,$0.01B,$1.05B,0.87%,$0.01B,$0.48B,1.93%,$0.01B,$8.60B,0.11%,$0.02B,$1.64B,1.31%,$120,$29,$92,$0,$77,$108,$13,$0,$13,$2,$10,$10,$5,$0,$0,$114,114,$0.04,$0.04,$229,$0,$0,$5979,$119,$1497,$570,$431,$2616,$8596,$6865,$584,$94,$678,$7543,$1,$-4,$-30,$1053,$8596,$37,$20,$25,$45,$-6,$0,$-3,$-0,$-9,$104,$-6,$0,$0,$0,$-174,$-174,$-59,$-239,$-111,$10,$-101,$128,$127,$-39,$204,$191,$57,$0,$-39
37,2009-06-30,3.35,$10.10,0.33,$5.74,0.58,$8.91,0.38,$0.32,10.48,$6.19B,$6.83B,0.91,$0.64B,$1.06B,0.61,$0.50B,$0.36B,71.57%,$0.50B,$0.04B,8.35%,$0.50B,0,0.00%,$0.50B,0,0.00%,$0.50B,$0.04B,6.96%,$0.50B,$0.03B,5.57%,$0.03B,$1.15B,2.75%,$0.03B,$0.58B,6.30%,$0.03B,$8.71B,0.33%,$0.04B,$1.79B,2.48%,$125,$32,$94,$0,$78,$112,$14,$0,$14,$3,$11,$11,$9,$0,$0,$93,94,$0.10,$0.10,$494,$0,$0,$6189,$120,$1403,$572,$427,$2521,$8710,$6829,$642,$88,$730,$7559,$1,$5,$-35,$1151,$8710,$26,$14,$14,$28,$-14,$0,$-1,$-0,$-16,$56,$-4,$0,$0,$0,$-85,$-85,$24,$-65,$-54,$-56,$-110,$131,$231,$-24,$234,$331,$322,$0,$-24
38,2009-03-31,4.01,$11.44,0.35,$5.94,0.67,$10.77,0.37,$0.39,10.28,$5.99B,$6.69B,0.9,$0.65B,$0.93B,0.7,$0.51B,$0.36B,70.25%,$0.51B,$0.05B,9.39%,$0.51B,0,0.00%,$0.51B,0,0.00%,$0.51B,$0.04B,8.02%,$0.51B,$0.03B,6.65%,$0.03B,$1.03B,3.54%,$0.03B,$0.45B,8.54%,$0.03B,$8.46B,0.41%,$0.05B,$1.68B,2.91%,$126,$34,$92,$0,$70,$106,$21,$0,$21,$5,$16,$16,$14,$0,$0,$89,90,$0.16,$0.16,$270,$0,$0,$5989,$122,$1323,$574,$447,$2465,$8455,$6686,$650,$92,$743,$7428,$1,$2,$-29,$1027,$8455,$16,$8,$10,$19,$-11,$0,$-1,$0,$-11,$23,$-3,$0,$-0,$-50,$-2,$-52,$2,$-53,$-45,$-74,$-119,$0,$100,$-12,$108,$77,$47,$0,$-12
39,2008-12-31,6.65,$10.32,0.64,$6.36,1.05,$10.81,0.62,$0.50,13.31,$5.90B,$6.65B,0.89,$0.70B,$0.93B,0.75,$0.50B,$0.34B,68.15%,$0.50B,$0.05B,10.08%,$0.50B,0,0.00%,$0.50B,0,0.00%,$0.50B,$0.04B,8.67%,$0.50B,$0.04B,7.26%,$0.04B,$0.93B,4.29%,$0.04B,$0.35B,10.13%,$0.04B,$8.37B,0.46%,$0.05B,$1.62B,3.27%,$115,$39,$77,$0,$101,$142,$-26,$0,$-33,$-14,$-19,$-19,$-19,$0,$0,$81,81,$-0.27,$-0.27,$172,$0,$0,$5899,$123,$1326,$575,$443,$2466,$8365,$6651,$696,$92,$788,$7439,$1,$-1,$-27,$926,$8365,$36,$21,$77,$98,$-1,$264,$-0,$-5,$259,$377,$-14,$0,$64,$0,$-275,$-275,$-272,$-497,$0,$119,$119,$8,$8,$-78,$113,$161,$41,$0,$-78
40,2008-09-30,7.73,$10.83,0.71,$6.81,1.14,$7.94,0.97,$0.99,7.81,$5.98B,$6.71B,0.89,$0.70B,$0.97B,0.72,$0.49B,$0.33B,67.00%,$0.49B,$0.10B,21.05%,$0.49B,0,0.00%,$0.49B,0,0.00%,$0.49B,$0.10B,20.24%,$0.49B,$0.07B,14.57%,$0.07B,$0.97B,9.67%,$0.07B,$0.39B,21.27%,$0.07B,$8.46B,1.00%,$0.10B,$1.67B,7.34%,$137,$40,$97,$0,$62,$104,$33,$0,$33,$9,$24,$24,$24,$0,$0,$87,88,$0.27,$0.27,$172,$0,$0,$5980,$123,$1336,$577,$441,$2477,$8457,$6705,$702,$79,$781,$7486,$1,$39,$-21,$971,$8457,$55,$16,$17,$33,$1,$264,$-0,$-4,$262,$333,$-13,$0,$58,$3,$-284,$-280,$-303,$-538,$7,$86,$93,$7,$7,$-57,$200,$243,$38,$0,$-57
41,2008-06-30,5.47,$10.69,0.51,$7.11,0.77,$5.33,1.03,$1.01,5.42,$5.76B,$6.39B,0.9,$0.71B,$0.92B,0.77,$0.47B,$0.30B,64.33%,$0.47B,$0.10B,20.17%,$0.47B,0,0.00%,$0.47B,0,0.00%,$0.47B,$0.09B,19.32%,$0.47B,$0.07B,14.01%,$0.07B,$0.92B,10.36%,$0.07B,$0.39B,21.31%,$0.07B,$8.10B,1.00%,$0.10B,$1.63B,7.42%,$133,$40,$93,$0,$72,$113,$20,$0,$20,$6,$15,$15,$15,$0,$0,$86,86,$0.17,$0.17,$207,$0,$0,$5760,$119,$1274,$525,$417,$2336,$8096,$6389,$711,$76,$787,$7176,$1,$37,$-17,$919,$8096,$31,$11,$13,$25,$-9,$185,$1,$-2,$176,$216,$-9,$0,$50,$-11,$-192,$-203,$-186,$-347,$24,$11,$35,$1,$1,$-35,$189,$190,$59,$0,$-35
42,2008-03-31,7.01,$8.97,0.78,$7.42,0.95,$3.62,1.94,$1.13,6.21,$4.51B,$4.90B,0.92,$0.65B,$0.54B,1.19,$0.45B,$0.28B,62.00%,$0.45B,$0.10B,22.22%,$0.45B,0,0.00%,$0.45B,0,0.00%,$0.45B,$0.10B,21.33%,$0.45B,$0.07B,15.33%,$0.07B,$0.54B,12.72%,$0.07B,$0.28B,24.64%,$0.07B,$6.17B,1.13%,$0.10B,$1.19B,8.65%,$111,$40,$71,$0,$47,$88,$23,$0,$23,$7,$16,$16,$16,$0,$0,$60,61,$0.27,$0.27,$110,$0,$0,$4505,$81,$1015,$260,$303,$1659,$6165,$4902,$647,$71,$719,$5621,$1,$44,$-9,$544,$6165,$16,$3,$3,$6,$-3,$0,$0,$-1,$-4,$18,$-3,$0,$0,$-1,$9,$8,$-100,$-95,$15,$16,$31,$-0,$-0,$-15,$39,$55,$-22,$0,$-15
43,2007-12-31,6.39,$8.99,0.71,$7.43,0.86,$3.78,1.69,$1.15,5.56,$4.43B,$4.85B,0.91,$0.63B,$0.54B,1.16,$0.45B,$0.28B,61.56%,$0.45B,$0.10B,22.67%,$0.45B,0,0.00%,$0.45B,0,0.00%,$0.45B,$0.10B,21.78%,$0.45B,$0.07B,15.56%,$0.07B,$0.54B,12.94%,$0.07B,$0.28B,25.23%,$0.07B,$6.09B,1.15%,$0.10B,$1.18B,8.83%,$113,$43,$70,$0,$41,$86,$28,$0,$24,$7,$17,$17,$17,$0,$0,$60,61,$0.29,$0.28,$131,$0,$0,$4428,$80,$1026,$262,$292,$1660,$6088,$4848,$632,$64,$696,$5544,$1,$42,$-7,$544,$6088,$70,$13,$14,$28,$-2,$0,$-3,$-2,$-7,$100,$-3,$0,$0,$1,$5,$6,$-108,$-105,$-39,$86,$47,$-2,$-2,$-57,$25,$13,$8,$0,$-57
44,2007-09-30,6.98,$8.94,0.78,$7.41,0.94,$4.07,1.71,$1.16,6.02,$4.45B,$4.94B,0.9,$0.59B,$0.54B,1.08,$0.45B,$0.27B,61.30%,$0.45B,$0.10B,22.82%,$0.45B,0,0.00%,$0.45B,0,0.00%,$0.45B,$0.10B,22.15%,$0.45B,$0.07B,15.88%,$0.07B,$0.54B,13.17%,$0.07B,$0.28B,25.87%,$0.07B,$6.12B,1.17%,$0.10B,$1.13B,8.77%,$114,$45,$69,$0,$44,$90,$24,$0,$24,$6,$18,$18,$18,$0,$0,$60,61,$0.29,$0.29,$136,$0,$0,$4449,$83,$1036,$263,$293,$1675,$6124,$4935,$585,$62,$647,$5583,$1,$40,$-6,$542,$6124,$53,$10,$9,$19,$-6,$0,$-0,$-3,$-8,$67,$-3,$0,$0,$-1,$-5,$-6,$-115,$-124,$-86,$87,$1,$-3,$-3,$-43,$112,$67,$11,$0,$-43
45,2007-06-30,6.87,$8.92,0.77,$7.37,0.93,$4.22,1.63,$1.16,5.92,$4.39B,$4.87B,0.9,$0.59B,$0.54B,1.1,$0.44B,$0.27B,61.49%,$0.44B,$0.10B,23.20%,$0.44B,0,0.00%,$0.44B,0,0.00%,$0.44B,$0.10B,22.52%,$0.44B,$0.07B,15.99%,$0.07B,$0.54B,13.19%,$0.07B,$0.28B,25.38%,$0.07B,$6.06B,1.18%,$0.10B,$1.13B,8.67%,$112,$43,$69,$0,$43,$87,$25,$0,$25,$7,$18,$18,$18,$0,$0,$60,61,$0.29,$0.29,$139,$0,$0,$4388,$84,$1035,$264,$290,$1673,$6061,$4869,$590,$63,$653,$5523,$1,$38,$-6,$539,$6061,$35,$7,$6,$13,$-4,$0,$-1,$-1,$-7,$45,$-3,$0,$0,$0,$-4,$-4,$-45,$-51,$-80,$51,$-30,$-2,$-2,$-28,$82,$22,$15,$0,$-28
46,2007-03-31,6.72,$8.91,0.75,$7.29,0.92,$4.44,1.51,$1.15,5.85,$4.33B,$4.76B,0.91,$0.65B,$0.54B,1.21,$0.44B,$0.27B,62.16%,$0.44B,$0.10B,23.39%,$0.44B,0,0.00%,$0.44B,0,0.00%,$0.44B,$0.10B,22.71%,$0.44B,$0.07B,16.06%,$0.07B,$0.54B,13.03%,$0.07B,$0.27B,24.60%,$0.07B,$6.02B,1.16%,$0.10B,$1.19B,8.37%,$111,$43,$69,$0,$43,$86,$25,$0,$25,$8,$17,$17,$17,$0,$0,$60,61,$0.29,$0.29,$123,$0,$0,$4333,$85,$1039,$265,$294,$1683,$6016,$4759,$652,$67,$718,$5478,$1,$35,$-3,$538,$6016,$17,$4,$4,$8,$0,$0,$-1,$-1,$-1,$26,$-1,$0,$0,$1,$-5,$-4,$-9,$-14,$-19,$0,$-19,$-2,$-2,$-14,$22,$-12,$-0,$0,$-14
47,2006-12-31,7.09,$8.90,0.8,$7.14,0.99,$4.46,1.59,$1.13,6.28,$4.33B,$4.74B,0.91,$0.67B,$0.54B,1.25,$0.42B,$0.27B,63.27%,$0.42B,$0.10B,23.70%,$0.42B,0,0.00%,$0.42B,0,0.00%,$0.42B,$0.10B,22.99%,$0.42B,$0.07B,16.35%,$0.07B,$0.54B,13.19%,$0.07B,$0.27B,24.00%,$0.07B,$6.01B,1.16%,$0.10B,$1.21B,8.29%,$110,$43,$67,$0,$38,$82,$28,$0,$25,$8,$18,$18,$18,$0,$0,$59,59,$0.29,$0.30,$124,$0,$0,$4328,$87,$1034,$266,$292,$1679,$6008,$4737,$671,$63,$733,$5470,$1,$33,$-2,$537,$6008,$68,$14,$9,$23,$-2,$0,$2,$-1,$-1,$117,$-4,$0,$-17,$-1,$163,$162,$-225,$-84,$-30,$-67,$-97,$-8,$-8,$-55,$118,$-43,$-9,$0,$-55
