,Date,Stock Price,Book Value per Share,Price to Book Ratio,TTM Sales per Share,Price to Sales Ratio,TTM FCF per Share,Price to FCF Ratio,TTM Net EPS,PE Ratio,Current Assets,Current Liabilities,Current Ratio,Long Term Debt,Shareholder's Equity_x,Debt to Equity Ratio,TTM Revenue_x,TTM Gross Profit,Gross Margin,TTM Revenue_y,TTM Operating Income,Operating Margin,TTM Revenue_x,TTM EBIT,EBIT Margin,TTM Revenue_y,TTM EBITDA,EBITDA Margin,TTM Revenue_x,TTM Pre-Tax Income,Pre-Tax Margin,TTM Revenue_y,TTM Net Income_x,Net Margin,TTM Net Income_y,Shareholder's Equity_y,Return on Equity,TTM Net Income_x,Tangible Equity,Return on Tangible Equity,TTM Net Income_y,Total Assets,Return on Assets,TTM Net Income,LT Investments & Debt,Return on Investment,revenue,cost-goods-sold,gross-profit,research-development-expenses,selling-general-administrative-expenses,operating-expenses,operating-income,total-non-operating-income-expense,pre-tax-income,total-provision-income-taxes,income-after-taxes,income-from-continuous-operations,net-income,ebitda,ebit,basic-shares-outstanding,shares-outstanding,eps-basic-net-earnings-per-share,eps-earnings-per-share-diluted,cash-on-hand,inventory,other-current-assets,total-current-assets,net-property-plant-equipment,long-term-investments,goodwill-intangible-assets-total,other-long-term-assets,total-long-term-assets,total-assets,total-current-liabilities,long-term-debt,other-non-current-liabilities,total-long-term-liabilities,total-liabilities,common-stock-net,retained-earnings-accumulated-deficit,comprehensive-income,total-share-holder-equity,total-liabilities-share-holders-equity,net-income-loss,total-depreciation-amortization-cash-flow,other-non-cash-items,total-non-cash-items,change-in-accounts-receivable,change-in-inventories,change-in-accounts-payable,change-in-assets-liabilities,total-change-in-assets-liabilities,cash-flow-from-operating-activities,net-change-in-property-plant-equipment,net-change-in-intangible-assets,net-acquisitions-divestitures,net-change-in-short-term-investments,net-change-in-long-term-investments,net-change-in-investments-total,investing-activities-other,cash-flow-from-investing-activities,net-long-term-debt,net-current-debt,debt-issuance-retirement-net-total,net-common-equity-issued-repurchased,net-total-equity-issued-repurchased,total-common-preferred-stock-dividends-paid,financial-activities-other,cash-flow-from-financial-activities,net-cash-flow,stock-based-compensation,common-stock-dividends-paid
0,2018-09-30,25.48,$17.45,1.46,$30.93,0.82,$7.16,3.56,$2.37,10.75,$0.24B,$0.59B,0.4,$0.04B,$0.22B,0.2,$0.40B,$0.07B,16.67%,$0.40B,$0.04B,10.70%,$0.40B,$0.05B,11.44%,$0.40B,$0.05B,12.44%,$0.40B,$0.04B,10.70%,$0.40B,$0.03B,7.46%,$0.03B,$0.22B,13.75%,$0.03B,$0.22B,13.75%,$0.03B,$0.89B,3.34%,$0.04B,$0.27B,16.30%,$111,$94,$17,$0,$5,$100,$11,$0,$11,$3,$8,$8,$8,$13,$12,$13,13,$0.62,$0.62,$69,$0,$0,$238,$4,$449,$0,$149,$652,$891,$594,$44,$29,$73,$668,$0,$88,$-6,$223,$891,$24,$2,$1,$3,$12,$0,$7,$-26,$2,$28,$-1,$0,$0,$0,$-14,$-14,$0,$-15,$-5,$0,$-5,$-5,$-5,$-3,$-17,$-30,$-17,$2,$-3
1,2018-06-30,22.99,$16.89,1.36,$29.84,0.77,$8.24,2.79,$1.33,17.29,$0.34B,$0.66B,0.51,$0.04B,$0.22B,0.21,$0.39B,$0.05B,11.54%,$0.39B,$0.02B,5.64%,$0.39B,$0.02B,6.15%,$0.39B,$0.03B,7.18%,$0.39B,$0.02B,5.64%,$0.39B,$0.02B,4.36%,$0.02B,$0.22B,7.74%,$0.02B,$0.22B,7.74%,$0.02B,$0.95B,1.75%,$0.02B,$0.26B,8.61%,$96,$77,$18,$0,$5,$84,$12,$0,$12,$3,$9,$9,$9,$14,$13,$13,13,$0.69,$0.69,$84,$0,$0,$335,$4,$448,$0,$113,$617,$952,$658,$44,$34,$79,$737,$0,$80,$-5,$215,$952,$16,$2,$2,$4,$3,$0,$0,$10,$17,$41,$-0,$0,$0,$0,$-14,$-14,$0,$-15,$-5,$0,$-5,$-5,$-5,$-2,$-17,$-29,$-2,$1,$-2
2,2018-03-31,15.64,$16.36,0.96,$29.79,0.53,$9.34,1.68,$1.01,15.49,$0.25B,$0.56B,0.45,$0.04B,$0.21B,0.21,$0.39B,$0.04B,9.69%,$0.39B,$0.02B,4.08%,$0.39B,$0.02B,4.34%,$0.39B,$0.02B,5.36%,$0.39B,$0.02B,4.08%,$0.39B,$0.01B,3.06%,$0.01B,$0.21B,5.31%,$0.01B,$0.21B,5.31%,$0.01B,$0.85B,1.28%,$0.02B,$0.25B,6.35%,$93,$76,$17,$0,$6,$83,$10,$0,$10,$2,$7,$7,$7,$12,$11,$13,13,$0.58,$0.58,$56,$0,$0,$252,$4,$451,$0,$97,$596,$848,$557,$44,$39,$83,$640,$0,$72,$-4,$208,$848,$7,$1,$2,$3,$1,$0,$-45,$34,$-9,$12,$-0,$0,$0,$0,$-15,$-15,$0,$-15,$-5,$0,$-5,$-5,$-5,$-1,$-17,$-28,$-31,$1,$-1
3,2017-12-31,16.35,$17.51,0.93,$29.46,0.55,$10.11,1.62,$0.66,24.77,$0.26B,$0.60B,0.43,$0.05B,$0.23B,0.22,$0.39B,$0.03B,7.65%,$0.39B,$0.01B,2.55%,$0.39B,$0.01B,2.55%,$0.39B,$0.01B,3.57%,$0.39B,$0.01B,2.55%,$0.39B,$0.01B,1.79%,$0.01B,$0.23B,2.99%,$0.01B,$0.23B,2.99%,$0.01B,$0.91B,0.76%,$0.01B,$0.28B,3.99%,$102,$87,$15,$0,$5,$92,$10,$0,$10,$4,$6,$6,$6,$11,$10,$13,13,$0.49,$0.48,$86,$0,$0,$257,$4,$444,$0,$149,$648,$905,$597,$49,$31,$81,$677,$0,$70,$2,$227,$905,$5,$5,$-6,$-1,$8,$0,$-7,$17,$24,$13,$-1,$0,$0,$0,$-31,$-31,$0,$-32,$45,$0,$45,$-11,$-11,$-4,$0,$30,$12,$3,$-4
4,2017-09-30,15.32,$17.53,0.87,$27.90,0.55,$14.05,1.09,$-0.71,0.0,$0.50B,$0.90B,0.55,$0.01B,$0.23B,0.02,$0.38B,$0.00B,0.53%,$0.38B,$-0.02B,-4.53%,$0.38B,$-0.02B,-4.53%,$0.38B,$-0.01B,-3.20%,$0.38B,$-0.02B,-4.53%,$0.38B,$-0.01B,-2.67%,$-0.01B,$0.23B,-4.24%,$-0.01B,$0.23B,-4.24%,$-0.01B,$1.18B,-1.11%,$-0.02B,$0.23B,-7.05%,$99,$104,$-5,$0,$5,$109,$-10,$0,$-10,$-4,$-6,$-6,$-5,$-9,$-10,$13,13,$-0.36,$-0.36,$82,$0,$0,$495,$4,$443,$0,$200,$686,$1181,$900,$5,$39,$52,$953,$0,$70,$3,$229,$1181,$-0,$3,$-7,$-3,$-0,$0,$66,$-19,$41,$42,$-0,$0,$0,$0,$-23,$-23,$0,$-23,$0,$0,$0,$-9,$-9,$-3,$0,$-12,$7,$2,$-3
5,2017-06-30,15.62,$18.36,0.85,$26.23,0.6,$17.86,0.87,$-0.19,0.0,$0.21B,$0.54B,0.4,$0.01B,$0.24B,0.02,$0.36B,$0.01B,3.63%,$0.36B,$-0.01B,-1.40%,$0.36B,$-0.01B,-1.40%,$0.36B,0,0.00%,$0.36B,$-0.01B,-1.40%,$0.36B,$-0.00B,-1.12%,$-0.00B,$0.24B,-1.64%,$-0.00B,$0.24B,-1.64%,$-0.00B,$0.83B,-0.50%,$-0.01B,$0.25B,-2.00%,$98,$87,$11,$0,$5,$93,$6,$0,$6,$2,$4,$4,$4,$7,$6,$13,13,$0.30,$0.30,$100,$0,$0,$214,$4,$435,$0,$132,$612,$826,$537,$5,$37,$49,$586,$0,$78,$5,$240,$826,$6,$2,$-1,$1,$-5,$0,$7,$42,$49,$57,$-0,$0,$0,$0,$-22,$-22,$0,$-22,$0,$0,$0,$-8,$-8,$-2,$0,$-10,$25,$1,$-2
6,2017-03-31,16.94,$17.93,0.94,$23.97,0.71,$17.37,0.98,$-0.49,0.0,$0.20B,$0.50B,0.39,$0.01B,$0.24B,0.02,$0.33B,$0.01B,2.71%,$0.33B,$-0.01B,-2.71%,$0.33B,$-0.01B,-2.71%,$0.33B,$-0.00B,-1.20%,$0.33B,$-0.01B,-2.71%,$0.33B,$-0.01B,-2.11%,$-0.01B,$0.24B,-2.79%,$-0.01B,$0.24B,-2.79%,$-0.01B,$0.79B,-0.91%,$-0.01B,$0.25B,-3.52%,$93,$84,$9,$0,$5,$89,$4,$0,$4,$1,$2,$2,$2,$5,$4,$13,14,$0.18,$0.18,$80,$0,$0,$196,$4,$425,$0,$123,$592,$788,$501,$5,$38,$46,$547,$0,$80,$4,$241,$788,$2,$1,$1,$2,$-4,$0,$-27,$40,$18,$24,$-0,$0,$0,$0,$-15,$-15,$0,$-15,$0,$0,$0,$-2,$-2,$-1,$0,$-3,$6,$1,$-1
7,2016-12-31,18.08,$17.40,1.04,$22.01,0.82,$17.08,1.06,$-0.04,0.0,$0.19B,$0.53B,0.36,$0.01B,$0.23B,0.02,$0.31B,$0.02B,6.49%,$0.31B,$0.00B,0.65%,$0.31B,$0.00B,0.65%,$0.31B,$0.01B,2.60%,$0.31B,$0.00B,0.65%,$0.31B,$0.00B,0.32%,$0.00B,$0.23B,0.39%,$0.00B,$0.23B,0.39%,$0.00B,$0.82B,0.14%,$0.00B,$0.24B,0.77%,$85,$98,$-13,$0,$4,$102,$-17,$0,$-17,$-6,$-11,$-11,$-11,$-15,$-17,$14,14,$-0.79,$-0.78,$75,$0,$0,$191,$4,$410,$0,$168,$624,$815,$531,$5,$44,$50,$581,$0,$77,$2,$234,$815,$1,$6,$1,$8,$-16,$0,$58,$27,$52,$70,$-2,$0,$0,$0,$-31,$-31,$0,$-33,$0,$0,$0,$-11,$-11,$-5,$1,$-15,$22,$4,$-5
8,2016-09-30,18.0,$19.08,0.94,$19.98,0.9,$15.88,1.13,$1.51,11.92,$0.21B,$0.44B,0.49,$0.01B,$0.26B,0.02,$0.28B,$0.05B,17.14%,$0.28B,$0.03B,11.07%,$0.28B,$0.03B,11.07%,$0.28B,$0.04B,13.21%,$0.28B,$0.03B,11.07%,$0.28B,$0.02B,7.14%,$0.02B,$0.26B,7.68%,$0.02B,$0.26B,7.68%,$0.02B,$0.75B,2.82%,$0.03B,$0.27B,11.69%,$82,$76,$6,$0,$4,$80,$2,$0,$2,$0,$1,$1,$1,$3,$2,$14,14,$0.10,$0.10,$106,$0,$0,$212,$4,$426,$0,$67,$538,$749,$437,$5,$32,$49,$486,$0,$99,$9,$263,$749,$12,$5,$2,$6,$-25,$0,$146,$-37,$75,$99,$-2,$0,$0,$0,$-37,$-37,$0,$-38,$0,$0,$0,$-5,$-5,$-4,$1,$-8,$53,$4,$-4
9,2016-06-30,18.29,$19.28,0.95,$19.33,0.95,$14.50,1.26,$2.17,8.43,$0.17B,$0.42B,0.4,$0.01B,$0.27B,0.02,$0.27B,$0.07B,23.99%,$0.27B,$0.05B,17.34%,$0.27B,$0.05B,17.34%,$0.27B,$0.05B,19.56%,$0.27B,$0.05B,17.34%,$0.27B,$0.03B,11.07%,$0.03B,$0.27B,11.78%,$0.03B,$0.27B,11.78%,$0.03B,$0.72B,4.41%,$0.05B,$0.27B,18.09%,$72,$65,$7,$0,$5,$70,$2,$0,$2,$1,$1,$1,$1,$3,$2,$14,14,$0.07,$0.07,$80,$0,$0,$167,$3,$412,$0,$118,$554,$722,$416,$5,$29,$39,$456,$0,$102,$9,$266,$722,$11,$3,$2,$5,$-19,$0,$72,$-9,$35,$54,$-1,$0,$0,$0,$-22,$-22,$0,$-22,$0,$0,$0,$-2,$-2,$-2,$1,$-4,$27,$3,$-2
10,2016-03-31,18.82,$18.89,1.0,$18.39,1.02,$15.76,1.19,$2.94,6.4,$0.14B,$0.36B,0.39,$0.01B,$0.26B,0.02,$0.26B,$0.08B,31.01%,$0.26B,$0.06B,24.81%,$0.26B,$0.06B,24.81%,$0.26B,$0.07B,27.13%,$0.26B,$0.06B,24.81%,$0.26B,$0.04B,15.89%,$0.04B,$0.26B,16.67%,$0.04B,$0.26B,16.67%,$0.04B,$0.67B,6.31%,$0.06B,$0.27B,25.50%,$69,$49,$20,$0,$4,$54,$15,$0,$15,$6,$10,$10,$10,$17,$15,$14,14,$0.69,$0.68,$73,$0,$0,$140,$3,$386,$0,$121,$526,$666,$364,$5,$28,$41,$405,$0,$103,$6,$261,$666,$10,$2,$-0,$1,$-10,$0,$-11,$25,$8,$21,$-1,$0,$0,$0,$2,$2,$0,$1,$0,$0,$0,$-1,$-1,$-2,$0,$-2,$20,$1,$-2
11,2015-12-31,28.24,$18.17,1.55,$17.41,1.62,$16.35,1.73,$2.92,9.67,$0.11B,$0.41B,0.26,$0.01B,$0.25B,0.02,$0.24B,$0.08B,31.97%,$0.24B,$0.06B,25.82%,$0.24B,$0.06B,25.82%,$0.24B,$0.07B,28.28%,$0.24B,$0.06B,25.82%,$0.24B,$0.04B,16.39%,$0.04B,$0.25B,16.93%,$0.04B,$0.25B,16.93%,$0.04B,$0.70B,6.43%,$0.06B,$0.26B,26.11%,$57,$42,$15,$0,$3,$45,$12,$0,$12,$5,$8,$8,$8,$14,$12,$14,14,$0.55,$0.55,$53,$0,$0,$107,$3,$384,$0,$189,$592,$699,$412,$5,$26,$36,$448,$0,$96,$4,$251,$699,$39,$6,$1,$7,$-11,$0,$80,$-65,$8,$53,$-2,$0,$0,$0,$-62,$-62,$0,$-64,$5,$0,$5,$0,$0,$-2,$20,$24,$13,$5,$-2
12,2015-09-30,22.91,$17.53,1.31,$17.25,1.33,$17.69,1.3,$2.98,7.69,$0.13B,$0.37B,0.34,$0.01B,$0.24B,0.02,$0.24B,$0.05B,22.88%,$0.24B,$0.07B,27.54%,$0.24B,$0.07B,27.54%,$0.24B,$0.07B,29.66%,$0.24B,$0.07B,27.54%,$0.24B,$0.04B,17.80%,$0.04B,$0.24B,18.94%,$0.04B,$0.24B,18.94%,$0.04B,$0.63B,7.32%,$0.07B,$0.25B,28.82%,$73,$50,$23,$0,$5,$55,$18,$0,$18,$7,$11,$11,$11,$19,$18,$14,14,$0.77,$0.76,$76,$0,$0,$125,$3,$386,$0,$106,$509,$634,$372,$5,$11,$21,$393,$0,$87,$5,$241,$634,$31,$4,$-1,$4,$-8,$0,$58,$-23,$28,$80,$-2,$0,$0,$0,$-60,$-60,$0,$-62,$0,$0,$0,$0,$0,$-2,$19,$18,$36,$3,$-2
13,2015-06-30,23.05,$16.86,1.37,$15.39,1.5,$16.51,1.4,$2.78,8.29,$0.15B,$0.34B,0.44,$0.01B,$0.23B,0.02,$0.21B,$0.05B,25.24%,$0.21B,$0.06B,28.16%,$0.21B,$0.06B,28.16%,$0.21B,$0.06B,31.07%,$0.21B,$0.06B,28.16%,$0.21B,$0.04B,18.45%,$0.04B,$0.23B,18.40%,$0.04B,$0.23B,18.40%,$0.04B,$0.60B,7.12%,$0.06B,$0.24B,27.75%,$59,$37,$22,$0,$3,$40,$19,$0,$19,$7,$12,$12,$12,$20,$19,$14,14,$0.86,$0.84,$96,$0,$0,$150,$2,$366,$0,$64,$451,$601,$341,$5,$18,$28,$370,$0,$77,$6,$231,$601,$21,$3,$-1,$2,$-6,$0,$40,$16,$51,$71,$-1,$0,$0,$0,$-37,$-37,$0,$-38,$5,$0,$5,$0,$0,$-1,$19,$23,$56,$2,$-1
14,2015-03-31,29.1,$16.19,1.8,$16.33,1.78,$18.69,1.56,$2.95,9.86,$0.13B,$0.31B,0.43,$0.01B,$0.22B,0.02,$0.21B,$0.06B,29.13%,$0.21B,$0.06B,27.67%,$0.21B,$0.06B,27.67%,$0.21B,$0.06B,30.58%,$0.21B,$0.06B,27.67%,$0.21B,$0.04B,18.45%,$0.04B,$0.22B,20.97%,$0.04B,$0.22B,20.97%,$0.04B,$0.56B,7.81%,$0.06B,$0.23B,31.23%,$55,$37,$18,$0,$4,$40,$14,$0,$14,$6,$9,$9,$9,$16,$14,$14,14,$0.68,$0.66,$88,$0,$0,$133,$2,$336,$0,$68,$422,$555,$307,$5,$20,$27,$333,$0,$66,$9,$222,$555,$9,$1,$-0,$1,$-3,$0,$11,$12,$20,$28,$-0,$0,$0,$0,$-3,$-3,$0,$-3,$5,$0,$5,$0,$0,$-1,$19,$23,$48,$1,$-1
15,2014-12-31,22.95,$14.13,1.62,$16.79,1.37,$19.53,1.17,$3.03,7.57,$0.08B,$0.27B,0.3,$0.00B,$0.19B,0.0,$0.20B,$0.07B,33.33%,$0.20B,$0.06B,28.36%,$0.20B,$0.06B,28.36%,$0.20B,$0.06B,30.85%,$0.20B,$0.06B,28.36%,$0.20B,$0.04B,18.41%,$0.04B,$0.19B,23.83%,$0.04B,$0.19B,23.83%,$0.04B,$0.50B,8.52%,$0.06B,$0.19B,36.71%,$49,$58,$-9,$0,$-0,$35,$14,$0,$14,$4,$10,$10,$10,$15,$14,$12,12,$0.70,$0.68,$40,$0,$0,$82,$2,$331,$0,$76,$422,$504,$271,$0,$39,$40,$311,$0,$57,$8,$193,$504,$37,$4,$-2,$2,$-5,$0,$77,$-49,$20,$63,$-1,$0,$0,$0,$-107,$-107,$0,$-108,$0,$0,$0,$45,$45,$-2,$0,$43,$-1,$2,$-2
16,2014-09-30,26.66,$13.22,2.02,$17.40,1.53,$23.55,1.13,$2.77,9.62,$0.09B,$0.28B,0.31,$0.00B,$0.18B,0.0,$0.19B,$0.07B,34.90%,$0.19B,$0.05B,26.04%,$0.19B,$0.05B,26.04%,$0.19B,$0.05B,28.13%,$0.19B,$0.05B,26.04%,$0.19B,$0.03B,16.67%,$0.03B,$0.18B,23.88%,$0.03B,$0.18B,23.88%,$0.03B,$0.48B,8.25%,$0.05B,$0.18B,37.31%,$43,$22,$21,$0,$10,$32,$11,$0,$11,$4,$7,$7,$7,$13,$11,$13,13,$0.57,$0.56,$46,$0,$0,$85,$2,$319,$0,$58,$390,$476,$275,$0,$19,$21,$296,$0,$48,$6,$180,$476,$27,$3,$-4,$-1,$-6,$0,$59,$-20,$32,$59,$-1,$0,$0,$0,$-97,$-97,$0,$-98,$0,$0,$0,$45,$45,$-1,$0,$44,$4,$0,$-1
17,2014-06-30,24.16,$11.70,2.06,$17.89,1.35,$26.59,0.91,$2.60,9.29,$0.09B,$0.27B,0.33,$0.00B,$0.13B,0.0,$0.18B,$0.06B,33.15%,$0.18B,$0.04B,24.31%,$0.18B,$0.04B,24.31%,$0.18B,$0.05B,25.41%,$0.18B,$0.04B,24.31%,$0.18B,$0.03B,15.47%,$0.03B,$0.13B,26.05%,$0.03B,$0.13B,26.05%,$0.03B,$0.41B,8.40%,$0.04B,$0.13B,40.93%,$59,$29,$30,$0,$12,$41,$18,$0,$18,$6,$12,$12,$12,$19,$18,$11,11,$1.04,$1.01,$58,$0,$0,$89,$1,$292,$0,$5,$321,$410,$271,$0,$8,$9,$279,$0,$41,$7,$130,$410,$20,$2,$-4,$-2,$-6,$0,$59,$13,$65,$84,$-1,$0,$0,$0,$-68,$-68,$0,$-68,$0,$0,$0,$1,$1,$-1,$0,$1,$16,$-0,$-1
18,2014-03-31,17.33,$10.70,1.62,$16.16,1.07,$24.66,0.7,$1.90,9.12,$0.08B,$0.22B,0.35,$0.00B,$0.12B,0.0,$0.15B,$0.04B,27.33%,$0.15B,$0.03B,20.00%,$0.15B,$0.03B,20.00%,$0.15B,$0.03B,21.33%,$0.15B,$0.03B,20.00%,$0.15B,$0.02B,12.67%,$0.02B,$0.12B,20.60%,$0.02B,$0.12B,20.60%,$0.02B,$0.35B,6.55%,$0.03B,$0.12B,32.52%,$50,$24,$25,$0,$11,$36,$14,$0,$14,$5,$8,$8,$8,$15,$14,$11,11,$0.77,$0.74,$50,$0,$0,$77,$1,$246,$0,$5,$271,$348,$219,$0,$7,$12,$231,$0,$30,$6,$118,$348,$8,$1,$-1,$-0,$-2,$0,$17,$8,$24,$33,$-0,$0,$0,$0,$-23,$-23,$0,$-24,$0,$0,$0,$0,$0,$-0,$0,$0,$9,$0,$-0
19,2013-12-31,13.85,$9.95,1.39,$14.45,0.96,$23.93,0.58,$1.45,9.55,$0.07B,$0.20B,0.33,$0.00B,$0.11B,0.0,$0.12B,$0.03B,21.31%,$0.12B,$0.02B,16.39%,$0.12B,$0.02B,16.39%,$0.12B,$0.02B,17.21%,$0.12B,$0.02B,16.39%,$0.12B,$0.01B,10.66%,$0.01B,$0.11B,16.25%,$0.01B,$0.11B,16.25%,$0.01B,$0.32B,5.10%,$0.02B,$0.11B,25.00%,$40,$48,$-9,$0,$0,$33,$7,$0,$7,$2,$5,$5,$5,$7,$7,$9,9,$0.48,$0.46,$41,$0,$0,$67,$1,$221,$0,$11,$250,$317,$202,$0,$4,$6,$208,$0,$22,$6,$108,$317,$13,$2,$-2,$-0,$-14,$0,$69,$3,$62,$80,$-1,$0,$0,$0,$-86,$-86,$0,$-87,$0,$0,$0,$29,$29,$-1,$0,$28,$20,$0,$-1
20,2013-09-30,8.96,$9.17,0.98,$12.39,0.72,$15.12,0.59,$1.12,8.0,$0.07B,$0.18B,0.39,$0.00B,$0.07B,0.0,$0.10B,$0.04B,41.18%,$0.10B,$0.02B,14.71%,$0.10B,$0.02B,14.71%,$0.10B,$0.02B,15.69%,$0.10B,$0.02B,14.71%,$0.10B,$0.01B,8.82%,$0.01B,$0.07B,12.95%,$0.01B,$0.07B,12.95%,$0.01B,$0.26B,4.05%,$0.02B,$0.07B,21.58%,$32,$18,$14,$0,$9,$27,$5,$0,$5,$2,$3,$3,$3,$5,$5,$8,8,$0.41,$0.39,$47,$0,$0,$71,$1,$168,$0,$4,$188,$259,$181,$0,$4,$4,$185,$0,$18,$4,$74,$259,$8,$1,$-2,$-1,$-12,$0,$63,$3,$56,$63,$-1,$0,$0,$0,$-36,$-36,$0,$-37,$0,$0,$0,$0,$0,$-1,$0,$-0,$26,$0,$-1
21,2013-06-30,9.15,$8.59,1.07,$10.72,0.85,$8.39,1.09,$0.82,11.16,$0.07B,$0.17B,0.44,$0.00B,$0.07B,0.0,$0.09B,$0.04B,40.23%,$0.09B,$0.01B,12.64%,$0.09B,$0.01B,12.64%,$0.09B,$0.01B,14.94%,$0.09B,$0.01B,12.64%,$0.09B,$0.01B,8.05%,$0.01B,$0.07B,10.41%,$0.01B,$0.07B,10.41%,$0.01B,$0.24B,3.43%,$0.01B,$0.07B,16.36%,$28,$17,$11,$0,$7,$24,$4,$0,$4,$2,$3,$3,$3,$5,$4,$8,8,$0.32,$0.31,$49,$0,$0,$73,$1,$144,$0,$3,$165,$237,$165,$0,$3,$3,$168,$0,$15,$3,$69,$237,$5,$1,$-2,$-1,$-12,$0,$49,$2,$40,$44,$-0,$0,$0,$0,$-15,$-15,$0,$-16,$0,$0,$0,$0,$0,$-1,$0,$-0,$28,$0,$-1
22,2013-03-31,7.11,$8.60,0.83,$9.41,0.76,$4.39,1.62,$0.69,10.31,$0.04B,$0.13B,0.33,$0.00B,$0.07B,0.0,$0.08B,$0.03B,40.79%,$0.08B,$0.01B,11.84%,$0.08B,$0.01B,11.84%,$0.08B,$0.01B,14.47%,$0.08B,$0.01B,11.84%,$0.08B,$0.01B,6.58%,$0.01B,$0.07B,7.60%,$0.01B,$0.07B,7.60%,$0.01B,$0.21B,2.61%,$0.01B,$0.07B,13.69%,$22,$12,$10,$0,$6,$18,$4,$0,$4,$1,$2,$2,$2,$4,$4,$8,8,$0.29,$0.29,$28,$0,$0,$44,$1,$142,$0,$6,$162,$206,$134,$0,$4,$4,$137,$0,$12,$5,$69,$206,$2,$0,$-1,$-0,$-5,$0,$18,$1,$16,$18,$-0,$0,$0,$0,$-10,$-10,$0,$-10,$0,$0,$0,$0,$0,$-0,$0,$-0,$7,$0,$-0
23,2012-12-31,4.98,$8.26,0.6,$8.58,0.58,$2.39,2.09,$0.53,9.4,$0.03B,$0.12B,0.28,$0.00B,$0.07B,0.0,$0.07B,$0.03B,40.58%,$0.07B,$0.01B,10.14%,$0.07B,$0.01B,10.14%,$0.07B,$0.01B,13.04%,$0.07B,$0.01B,10.14%,$0.07B,$0.00B,5.80%,$0.00B,$0.07B,6.30%,$0.00B,$0.07B,6.30%,$0.00B,$0.19B,2.15%,$0.01B,$0.07B,11.02%,$20,$12,$7,$0,$6,$18,$2,$0,$2,$1,$1,$1,$1,$2,$2,$8,8,$0.13,$0.13,$21,$0,$0,$33,$1,$130,$0,$10,$153,$186,$118,$0,$2,$2,$120,$0,$10,$4,$66,$186,$4,$2,$-1,$1,$-2,$0,$11,$-14,$-3,$2,$0,$0,$0,$0,$4,$4,$0,$4,$0,$0,$0,$0,$0,$-0,$0,$0,$6,$0,$-0
24,2012-09-30,5.53,$8.24,0.67,$8.20,0.67,$2.67,2.08,$0.65,8.51,$0.02B,$0.12B,0.18,$0.00B,$0.07B,0.0,$0.07B,$0.03B,43.94%,$0.07B,$0.01B,12.12%,$0.07B,$0.01B,12.12%,$0.07B,$0.01B,15.15%,$0.07B,$0.01B,12.12%,$0.07B,$0.01B,7.58%,$0.01B,$0.07B,8.13%,$0.01B,$0.07B,8.13%,$0.01B,$0.19B,2.71%,$0.01B,$0.07B,13.01%,$17,$10,$7,$0,$6,$16,$1,$0,$1,$0,$1,$1,$1,$2,$1,$8,8,$0.09,$0.09,$11,$0,$0,$21,$1,$145,$0,$7,$166,$187,$120,$0,$2,$2,$122,$0,$9,$5,$65,$187,$3,$1,$0,$1,$-3,$0,$11,$-9,$2,$6,$-0,$0,$0,$0,$-11,$-11,$0,$-11,$0,$0,$0,$0,$0,$0,$0,$0,$-4,$0,$0
25,2012-06-30,3.68,$7.89,0.47,$8.09,0.45,$2.53,1.45,$0.61,6.03,$0.03B,$0.12B,0.26,$0.00B,$0.06B,0.0,$0.07B,$0.03B,43.08%,$0.07B,$0.01B,12.31%,$0.07B,$0.01B,12.31%,$0.07B,$0.01B,13.85%,$0.07B,$0.01B,12.31%,$0.07B,$0.00B,6.15%,$0.00B,$0.06B,6.75%,$0.00B,$0.06B,6.75%,$0.00B,$0.19B,2.19%,$0.01B,$0.06B,13.50%,$17,$10,$7,$0,$5,$14,$2,$0,$2,$1,$1,$1,$1,$3,$2,$8,8,$0.18,$0.18,$21,$0,$0,$31,$1,$136,$0,$4,$156,$188,$123,$0,$2,$2,$125,$0,$9,$3,$63,$188,$2,$1,$0,$1,$-2,$0,$13,$-5,$7,$10,$-0,$0,$0,$0,$-4,$-4,$0,$-4,$0,$0,$0,$0,$0,$0,$0,$0,$6,$0,$0
26,2012-03-31,4.18,$7.61,0.55,$7.77,0.54,$2.77,1.51,$0.33,12.66,$0.03B,$0.12B,0.21,$0.00B,$0.06B,0.0,$0.06B,$0.03B,40.32%,$0.06B,$0.01B,8.06%,$0.06B,$0.01B,8.06%,$0.06B,$0.01B,8.06%,$0.06B,$0.01B,8.06%,$0.06B,$0.00B,3.23%,$0.00B,$0.06B,3.48%,$0.00B,$0.06B,3.48%,$0.00B,$0.18B,1.09%,$0.01B,$0.06B,8.70%,$15,$8,$7,$0,$5,$13,$2,$0,$2,$1,$1,$1,$1,$2,$2,$8,8,$0.13,$0.13,$15,$0,$0,$25,$1,$132,$0,$10,$159,$183,$120,$0,$3,$3,$123,$0,$7,$2,$60,$183,$1,$0,$0,$0,$-2,$0,$6,$-5,$-0,$1,$-0,$0,$0,$0,$-1,$-1,$0,$-1,$0,$0,$0,$0,$0,$0,$0,$0,$0,$0,$0
27,2011-12-31,2.75,$7.32,0.38,$7.57,0.36,$3.08,0.89,$-0.05,0.0,$0.02B,$0.12B,0.19,$0.00B,$0.06B,0.0,$0.06B,$0.02B,33.33%,$0.06B,0,0.00%,$0.06B,0,0.00%,$0.06B,0,0.00%,$0.06B,0,0.00%,$0.06B,$-0.00B,-1.67%,$-0.00B,$0.06B,-1.77%,$-0.00B,$0.06B,-1.77%,$-0.00B,$0.18B,-0.55%,$0.00B,$0.06B,0.00%,$17,$9,$8,$0,$5,$14,$3,$0,$3,$1,$2,$2,$2,$3,$3,$8,8,$0.25,$0.25,$15,$0,$0,$23,$1,$129,$0,$10,$157,$180,$119,$0,$3,$3,$122,$0,$6,$1,$58,$180,$-0,$1,$-3,$-1,$0,$0,$2,$2,$6,$4,$-0,$0,$0,$0,$-5,$-5,$0,$-5,$0,$0,$0,$0,$0,$0,$0,$0,$-1,$0,$0
28,2011-09-30,2.15,$7.01,0.31,$7.27,0.3,$1.75,1.23,$-0.73,0.0,$0.03B,$0.12B,0.22,$0.00B,$0.06B,0.0,$0.06B,$0.01B,21.05%,$0.06B,$-0.01B,-14.04%,$0.06B,$-0.01B,-14.04%,$0.06B,$-0.01B,-14.04%,$0.06B,$-0.01B,-14.04%,$0.06B,$-0.01B,-10.53%,$-0.01B,$0.06B,-10.62%,$-0.01B,$0.06B,-10.62%,$-0.01B,$0.18B,-3.27%,$-0.01B,$0.06B,-14.16%,$16,$10,$6,$0,$6,$16,$1,$0,$1,$0,$0,$0,$0,$1,$1,$8,8,$0.05,$0.05,$15,$0,$0,$26,$1,$129,$0,$6,$152,$179,$118,$0,$5,$5,$123,$0,$4,$0,$56,$179,$-2,$1,$-1,$0,$0,$0,$-1,$9,$7,$5,$0,$0,$0,$0,$-6,$-6,$0,$-6,$0,$0,$0,$0,$0,$0,$0,$0,$-1,$0,$0
29,2011-06-30,2.53,$7.05,0.36,$7.18,0.35,$1.10,2.3,$-0.94,0.0,$0.04B,$0.13B,0.28,$0.00B,$0.06B,0.0,$0.06B,$0.01B,17.86%,$0.06B,$-0.01B,-19.64%,$0.06B,$-0.01B,-19.64%,$0.06B,$-0.01B,-19.64%,$0.06B,$-0.01B,-19.64%,$0.06B,$-0.01B,-12.50%,$-0.01B,$0.06B,-12.07%,$-0.01B,$0.06B,-12.07%,$-0.01B,$0.19B,-3.79%,$-0.01B,$0.06B,-18.97%,$14,$10,$4,$0,$5,$15,$-1,$0,$-1,$-0,$-1,$-1,$-1,$-1,$-1,$8,8,$-0.10,$-0.10,$22,$0,$0,$37,$1,$130,$0,$4,$153,$189,$130,$0,$3,$3,$133,$0,$4,$1,$56,$189,$-3,$1,$-0,$0,$-1,$0,$8,$10,$14,$12,$-0,$0,$0,$0,$-6,$-6,$0,$-6,$0,$0,$0,$0,$0,$0,$0,$0,$6,$0,$0
30,2011-03-31,2.86,$7.09,0.4,$7.29,0.39,$0.21,13.32,$-1.14,0.0,$0.03B,$0.12B,0.25,$0.00B,$0.06B,0.0,$0.06B,$0.01B,14.04%,$0.06B,$-0.01B,-22.81%,$0.06B,$-0.01B,-22.81%,$0.06B,$-0.01B,-22.81%,$0.06B,$-0.01B,-22.81%,$0.06B,$-0.01B,-14.04%,$-0.01B,$0.06B,-13.45%,$-0.01B,$0.06B,-13.45%,$-0.01B,$0.18B,-4.29%,$-0.01B,$0.06B,-21.85%,$13,$11,$2,$0,$5,$16,$-3,$0,$-3,$-1,$-2,$-2,$-2,$-3,$-3,$8,8,$-0.25,$-0.25,$16,$0,$0,$31,$1,$127,$0,$7,$151,$182,$122,$0,$3,$3,$125,$0,$5,$1,$56,$182,$-2,$0,$0,$1,$-1,$0,$4,$3,$5,$4,$-0,$0,$0,$0,$-4,$-4,$0,$-4,$0,$0,$0,$0,$0,$0,$0,$0,$-0,$0,$0
31,2010-12-31,2.95,$7.29,0.4,$7.63,0.39,$2.38,1.24,$-1.01,0.0,$0.03B,$0.12B,0.26,$0.00B,$0.06B,0.0,$0.06B,$0.01B,16.67%,$0.06B,$-0.01B,-20.00%,$0.06B,$-0.01B,-20.00%,$0.06B,$-0.01B,-18.33%,$0.06B,$-0.01B,-20.00%,$0.06B,$-0.01B,-11.67%,$-0.01B,$0.06B,-11.29%,$-0.01B,$0.06B,-11.29%,$-0.01B,$0.18B,-3.59%,$-0.01B,$0.06B,-19.35%,$14,$15,$-0,$0,$5,$20,$-5,$0,$-5,$-2,$-3,$-3,$-3,$-5,$-5,$8,8,$-0.43,$-0.43,$16,$0,$0,$32,$1,$122,$0,$13,$152,$184,$123,$0,$3,$3,$126,$0,$7,$1,$58,$184,$-8,$1,$-6,$-5,$5,$0,$-4,$4,$7,$-7,$-0,$0,$0,$0,$-5,$-5,$0,$-5,$0,$0,$0,$0,$0,$-0,$0,$-0,$-12,$0,$-0
32,2010-09-30,3.24,$7.79,0.42,$7.43,0.44,$1.76,1.85,$-1.51,0.0,$0.05B,$0.12B,0.45,$0.00B,$0.06B,0.0,$0.06B,$0.01B,8.47%,$0.06B,$-0.02B,-30.51%,$0.06B,$-0.02B,-30.51%,$0.06B,$-0.02B,-27.12%,$0.06B,$-0.02B,-30.51%,$0.06B,$-0.01B,-18.64%,$-0.01B,$0.06B,-17.12%,$-0.01B,$0.06B,-17.12%,$-0.01B,$0.18B,-5.51%,$-0.02B,$0.06B,-28.02%,$15,$11,$4,$0,$6,$17,$-2,$0,$-2,$-1,$-1,$-1,$-1,$-2,$-2,$8,8,$-0.16,$-0.16,$35,$0,$0,$53,$1,$111,$0,$6,$131,$183,$118,$0,$3,$3,$122,$0,$10,$1,$62,$183,$-5,$1,$-6,$-5,$5,$0,$-5,$5,$9,$-0,$-0,$0,$0,$0,$7,$7,$0,$7,$0,$0,$0,$0,$0,$-0,$0,$-0,$6,$0,$-0
33,2010-06-30,3.44,$7.84,0.44,$7.11,0.48,$2.05,1.68,$-1.85,0.0,$0.10B,$0.13B,0.74,$0.00B,$0.06B,0.0,$0.06B,0,0.00%,$0.06B,$-0.02B,-38.60%,$0.06B,$-0.02B,-38.60%,$0.06B,$-0.02B,-36.84%,$0.06B,$-0.02B,-38.60%,$0.06B,$-0.01B,-24.56%,$-0.01B,$0.06B,-20.74%,$-0.01B,$0.06B,-20.74%,$-0.01B,$0.20B,-6.84%,$-0.02B,$0.06B,-32.59%,$15,$13,$2,$0,$5,$18,$-3,$0,$-3,$-1,$-2,$-2,$-2,$-3,$-3,$8,8,$-0.30,$-0.30,$67,$0,$0,$97,$1,$80,$0,$4,$99,$197,$131,$0,$3,$3,$134,$0,$11,$0,$62,$197,$-3,$1,$-4,$-3,$4,$0,$4,$5,$11,$5,$0,$0,$0,$0,$35,$35,$0,$35,$0,$0,$0,$0,$0,$-0,$0,$-0,$39,$0,$-0
34,2010-03-31,3.73,$8.26,0.45,$7.38,0.51,$3.38,1.1,$-1.45,0.0,$0.08B,$0.15B,0.55,$0.00B,$0.07B,0.0,$0.06B,$0.00B,6.78%,$0.06B,$-0.02B,-30.51%,$0.06B,$-0.02B,-30.51%,$0.06B,$-0.02B,-28.81%,$0.06B,$-0.02B,-30.51%,$0.06B,$-0.01B,-18.64%,$-0.01B,$0.07B,-15.38%,$-0.01B,$0.07B,-15.38%,$-0.01B,$0.22B,-5.25%,$-0.02B,$0.07B,-25.17%,$16,$12,$4,$0,$6,$17,$-2,$0,$-2,$-1,$-1,$-1,$-1,$-1,$-2,$8,8,$-0.12,$-0.12,$53,$0,$0,$80,$1,$111,$0,$9,$135,$215,$145,$0,$4,$4,$149,$0,$14,$1,$66,$215,$-1,$0,$-2,$-2,$4,$0,$5,$15,$24,$21,$-0,$0,$0,$0,$4,$4,$0,$4,$0,$0,$0,$0,$0,$-0,$0,$-0,$25,$0,$-0
35,2009-12-31,3.62,$8.48,0.43,$7.35,0.49,$0.85,4.24,$-1.29,0.0,$0.06B,$0.13B,0.46,$0.00B,$0.07B,0.0,$0.06B,$0.00B,8.47%,$0.06B,$-0.02B,-27.12%,$0.06B,$-0.02B,-27.12%,$0.06B,$-0.02B,-27.12%,$0.06B,$-0.02B,-27.12%,$0.06B,$-0.01B,-16.95%,$-0.01B,$0.07B,-13.51%,$-0.01B,$0.07B,-13.51%,$-0.01B,$0.20B,-4.83%,$-0.02B,$0.07B,-21.62%,$13,$17,$-5,$0,$6,$24,$-11,$0,$-11,$-4,$-7,$-7,$-7,$-10,$-11,$8,8,$-0.93,$-0.93,$28,$0,$0,$61,$1,$114,$0,$14,$142,$203,$132,$0,$3,$3,$135,$0,$15,$2,$67,$203,$-10,$1,$-1,$0,$-7,$0,$9,$-1,$-1,$-12,$-0,$0,$0,$0,$-83,$-83,$0,$-83,$0,$0,$0,$-0,$-0,$-2,$0,$-2,$-96,$0,$-2
36,2009-09-30,3.59,$9.37,0.38,$7.75,0.46,$2.13,1.69,$-0.71,0.0,$0.07B,$0.13B,0.56,$0.00B,$0.08B,0.0,$0.06B,$0.01B,19.35%,$0.06B,$-0.01B,-12.90%,$0.06B,$-0.01B,-12.90%,$0.06B,$-0.01B,-12.90%,$0.06B,$-0.01B,-12.90%,$0.06B,$-0.01B,-9.68%,$-0.01B,$0.08B,-7.87%,$-0.01B,$0.08B,-7.87%,$-0.01B,$0.20B,-2.92%,$-0.01B,$0.08B,-10.49%,$13,$14,$-1,$0,$6,$19,$-6,$0,$-6,$-2,$-4,$-4,$-4,$-7,$-6,$8,8,$-0.50,$-0.50,$48,$0,$0,$71,$1,$106,$0,$16,$133,$204,$126,$0,$3,$3,$129,$0,$23,$2,$75,$204,$-3,$-0,$1,$1,$-1,$0,$4,$-0,$4,$2,$-0,$0,$0,$0,$-77,$-77,$0,$-77,$0,$0,$0,$0,$0,$-1,$0,$-1,$-76,$0,$-1
37,2009-06-30,2.82,$9.68,0.29,$8.12,0.35,$0.11,25.59,$-0.40,0.0,$0.09B,$0.14B,0.66,$0.00B,$0.08B,0.0,$0.07B,$0.02B,26.15%,$0.07B,$-0.00B,-6.15%,$0.07B,$-0.00B,-6.15%,$0.07B,$-0.00B,-4.62%,$0.07B,$-0.00B,-6.15%,$0.07B,$-0.00B,-6.15%,$-0.00B,$0.08B,-5.16%,$-0.00B,$0.08B,-5.16%,$-0.00B,$0.22B,-1.96%,$-0.00B,$0.08B,-5.16%,$17,$11,$6,$0,$5,$16,$1,$0,$1,$0,$1,$1,$1,$1,$1,$8,8,$0.10,$0.10,$63,$0,$0,$90,$1,$104,$0,$5,$127,$216,$135,$0,$3,$3,$139,$0,$27,$-0,$78,$216,$1,$-0,$-0,$-0,$-1,$0,$15,$1,$15,$16,$-0,$0,$0,$0,$-76,$-76,$0,$-76,$0,$0,$0,$0,$0,$-1,$0,$-1,$-61,$0,$-1
38,2009-03-31,2.88,$9.51,0.3,$7.89,0.36,$-2.31,0.0,$-0.81,0.0,$0.10B,$0.13B,0.82,$0.00B,$0.08B,0.0,$0.06B,$0.01B,19.05%,$0.06B,$-0.01B,-14.29%,$0.06B,$-0.01B,-14.29%,$0.06B,$-0.01B,-12.70%,$0.06B,$-0.01B,-14.29%,$0.06B,$-0.01B,-12.70%,$-0.01B,$0.08B,-10.16%,$-0.01B,$0.08B,-10.16%,$-0.01B,$0.21B,-3.94%,$-0.01B,$0.08B,-11.43%,$16,$11,$5,$0,$5,$15,$0,$0,$0,$-0,$0,$0,$0,$0,$0,$8,8,$0.04,$0.04,$79,$0,$0,$103,$1,$72,$0,$12,$102,$205,$125,$0,$3,$3,$128,$0,$27,$-1,$76,$205,$0,$0,$1,$1,$-1,$0,$5,$-5,$-0,$1,$-0,$0,$0,$0,$-46,$-46,$0,$-46,$0,$0,$0,$0,$0,$-0,$0,$-0,$-46,$0,$-0
39,2008-12-31,3.84,$9.51,0.4,$8.45,0.45,$-1.71,0.0,$-0.31,0.0,$0.15B,$0.12B,1.25,$0.00B,$0.08B,0.0,$0.07B,$0.02B,26.87%,$0.07B,$-0.00B,-5.97%,$0.07B,$-0.00B,-5.97%,$0.07B,$-0.00B,-4.48%,$0.07B,$-0.00B,-5.97%,$0.07B,$-0.00B,-5.97%,$-0.00B,$0.08B,-4.94%,$-0.00B,$0.08B,-4.94%,$-0.00B,$0.20B,-1.94%,$-0.00B,$0.08B,-4.94%,$16,$14,$2,$0,$5,$19,$-3,$0,$-3,$-0,$-3,$-3,$-3,$-2,$-3,$8,8,$-0.35,$-0.35,$125,$0,$0,$147,$1,$26,$0,$8,$50,$197,$118,$0,$3,$3,$121,$0,$27,$-1,$76,$197,$-2,$1,$11,$12,$1,$0,$-17,$16,$-11,$-1,$-0,$0,$0,$0,$108,$108,$0,$108,$0,$0,$0,$1,$1,$-6,$0,$-4,$102,$0,$-6
40,2008-09-30,4.19,$9.95,0.42,$10.14,0.41,$2.59,1.62,$1.05,3.99,$0.09B,$0.12B,0.79,$0.00B,$0.08B,0.0,$0.08B,$0.04B,43.75%,$0.08B,$0.03B,32.50%,$0.08B,$0.03B,32.50%,$0.08B,$0.03B,33.75%,$0.08B,$0.01B,15.00%,$0.08B,$0.01B,8.75%,$0.01B,$0.08B,8.51%,$0.01B,$0.08B,8.51%,$0.01B,$0.20B,3.30%,$0.03B,$0.08B,31.61%,$16,$12,$4,$0,$6,$18,$-2,$0,$-2,$-0,$-2,$-2,$-2,$-2,$-2,$8,8,$-0.19,$-0.19,$69,$0,$0,$92,$1,$88,$0,$3,$107,$198,$115,$0,$3,$3,$119,$0,$32,$-2,$80,$198,$0,$0,$-9,$-9,$0,$0,$-13,$17,$-5,$-14,$-0,$0,$0,$0,$64,$64,$0,$64,$0,$0,$0,$1,$1,$-4,$0,$-3,$47,$0,$-4
41,2008-06-30,6.38,$10.34,0.62,$11.86,0.54,$7.35,0.87,$1.48,4.31,$0.09B,$0.13B,0.7,$0.00B,$0.08B,0.0,$0.09B,$0.04B,44.68%,$0.09B,$0.03B,34.04%,$0.09B,$0.03B,34.04%,$0.09B,$0.03B,35.11%,$0.09B,$0.02B,19.15%,$0.09B,$0.01B,11.70%,$0.01B,$0.08B,13.41%,$0.01B,$0.08B,13.46%,$0.01B,$0.21B,5.07%,$0.03B,$0.08B,39.02%,$15,$14,$1,$0,$6,$20,$-4,$0,$-4,$-2,$-3,$-3,$-3,$-4,$-4,$8,8,$-0.31,$-0.31,$64,$0,$0,$88,$1,$103,$0,$4,$125,$213,$126,$0,$4,$4,$130,$0,$35,$-2,$83,$213,$2,$0,$-6,$-6,$-1,$0,$-2,$12,$0,$-4,$-0,$0,$0,$0,$47,$47,$0,$47,$0,$0,$0,$1,$1,$-3,$-0,$-2,$41,$1,$-3
42,2008-03-31,9.86,$10.69,0.92,$14.23,0.69,$11.64,0.85,$3.10,3.18,$0.07B,$0.13B,0.58,$0.00B,$0.09B,0.0,$0.11B,$0.06B,55.75%,$0.11B,$0.05B,45.13%,$0.11B,$0.05B,45.13%,$0.11B,$0.05B,46.02%,$0.11B,$0.04B,32.74%,$0.11B,$0.02B,21.24%,$0.02B,$0.09B,30.00%,$0.02B,$0.09B,30.28%,$0.02B,$0.22B,10.81%,$0.05B,$0.09B,63.35%,$20,$9,$11,$0,$6,$15,$5,$0,$5,$1,$4,$4,$4,$5,$5,$8,8,$0.54,$0.54,$48,$0,$0,$73,$1,$120,$0,$8,$145,$218,$125,$0,$5,$8,$133,$0,$38,$-2,$85,$218,$4,$0,$2,$2,$-1,$0,$-3,$6,$-1,$6,$0,$0,$0,$0,$21,$21,$0,$21,$0,$0,$0,$0,$0,$-1,$0,$-1,$25,$0,$-1
43,2007-12-31,10.2,$10.32,0.99,$14.84,0.69,$11.50,0.89,$2.66,3.83,$0.06B,$0.13B,0.44,$0.00B,$0.08B,0.0,$0.12B,$0.06B,50.42%,$0.12B,$0.05B,39.50%,$0.12B,$0.05B,39.50%,$0.12B,$0.05B,40.34%,$0.12B,$0.03B,27.73%,$0.12B,$0.02B,17.65%,$0.02B,$0.08B,27.81%,$0.02B,$0.08B,28.28%,$0.02B,$0.22B,9.46%,$0.05B,$0.08B,61.24%,$29,$11,$19,$0,$-2,$2,$27,$-15,$13,$4,$8,$8,$8,$28,$27,$8,8,$1.02,$1.01,$23,$0,$0,$56,$1,$136,$0,$11,$163,$219,$129,$0,$5,$9,$138,$0,$36,$-3,$81,$219,$21,$0,$1,$0,$5,$0,$-23,$26,$11,$33,$-0,$0,$0,$0,$-20,$-19,$0,$-19,$0,$-2,$0,$-2,$-2,$-6,$0,$-9,$5,$0,$-6
44,2007-09-30,10.66,$0.00,0.0,$13.98,0.76,$10.85,0.98,$1.13,9.43,$0.05B,$0.02B,2.96,$0.00B,$0.08B,0.0,$0.11B,$0.05B,41.07%,$0.11B,$0.01B,12.50%,$0.11B,$0.01B,12.50%,$0.11B,$0.01B,12.50%,$0.11B,$0.01B,12.50%,$0.11B,$0.01B,8.04%,$0.01B,$0.08B,12.54%,$0.01B,$0.08B,12.86%,$0.01B,$0.22B,4.09%,$0.01B,$0.08B,18.92%,$30,$19,$11,$0,$7,$26,$4,$0,$4,$2,$2,$2,$2,$4,$4,$8,8,$0.24,$0.24,$14,$0,$0,$49,$0,$148,$1,$4,$168,$218,$17,$0,$123,$123,$139,$0,$29,$0,$79,$218,$13,$-0,$0,$0,$5,$0,$-9,$16,$11,$24,$-0,$0,$0,$0,$-22,$-22,$0,$-22,$0,$-2,$-2,$0,$0,$-4,$0,$-6,$-4,$0,$-4
45,2007-06-30,7.94,$0.00,0.0,$13.53,0.59,$11.00,0.72,$1.45,5.48,$0.04B,$0.01B,3.16,$0.00B,$0.08B,0.03,$0.11B,$0.05B,46.73%,$0.11B,$0.01B,13.08%,$0.11B,$0.01B,13.08%,$0.11B,$0.01B,13.08%,$0.11B,$0.01B,13.08%,$0.11B,$0.01B,9.35%,$0.01B,$0.08B,14.60%,$0.01B,$0.07B,15.04%,$0.01B,$0.23B,4.56%,$0.01B,$0.08B,19.44%,$34,$13,$22,$0,$7,$19,$15,$0,$15,$5,$10,$10,$10,$15,$15,$8,8,$1.32,$1.31,$8,$0,$0,$44,$0,$156,$1,$12,$188,$233,$14,$2,$142,$144,$158,$0,$28,$0,$75,$233,$11,$-0,$1,$1,$0,$0,$11,$11,$19,$31,$-0,$0,$0,$0,$-37,$-37,$0,$-37,$0,$0,$0,$-1,$-1,$-3,$0,$-4,$-10,$0,$-3
46,2007-03-31,13.1,$0.00,0.0,$13.56,0.97,$13.73,0.95,$1.33,9.85,$0.05B,$0.01B,7.81,$0.00B,$0.07B,0.05,$0.11B,$0.05B,48.57%,$0.11B,$0.01B,13.33%,$0.11B,$0.01B,13.33%,$0.11B,$0.01B,13.33%,$0.11B,$0.01B,13.33%,$0.11B,$0.01B,8.57%,$0.01B,$0.07B,13.74%,$0.01B,$0.07B,14.29%,$0.01B,$0.22B,4.18%,$0.01B,$0.07B,19.93%,$26,$18,$8,$0,$6,$24,$1,$0,$1,$0,$1,$1,$1,$1,$1,$8,8,$0.11,$0.10,$4,$0,$0,$45,$0,$142,$2,$11,$171,$218,$6,$3,$142,$145,$151,$0,$19,$0,$67,$218,$1,$-0,$0,$-0,$1,$0,$9,$1,$4,$5,$-0,$0,$0,$0,$-17,$-17,$0,$-17,$0,$0,$0,$0,$0,$-1,$0,$-1,$-14,$0,$-1
47,2006-12-31,17.26,$0.00,0.0,$13.90,1.24,$16.32,1.06,$2.06,8.38,$0.06B,$0.01B,4.64,$0.00B,$0.07B,0.06,$0.10B,$0.06B,58.65%,$0.10B,$0.02B,21.15%,$0.10B,$0.02B,21.15%,$0.10B,$0.02B,22.12%,$0.10B,$0.02B,21.15%,$0.10B,$0.01B,13.46%,$0.01B,$0.07B,22.58%,$0.01B,$0.06B,23.83%,$0.01B,$0.21B,6.43%,$0.02B,$0.07B,32.23%,$22,$17,$5,$0,$11,$28,$-6,$-0,$-6,$-2,$-4,$-4,$-4,$-6,$-6,$8,8,$-0.52,$-0.52,$18,$0,$0,$64,$0,$125,$2,$5,$147,$212,$14,$4,$128,$132,$146,$0,$20,$0,$66,$212,$14,$0,$1,$0,$6,$0,$18,$-6,$13,$28,$-0,$0,$0,$0,$-25,$-25,$6,$-20,$0,$-5,$0,$11,$11,$-4,$2,$4,$12,$1,$-4
