,Date,Stock Price,Book Value per Share,Price to Book Ratio,TTM Sales per Share,Price to Sales Ratio,TTM FCF per Share,Price to FCF Ratio,TTM Net EPS,PE Ratio,Current Assets,Current Liabilities,Current Ratio,Long Term Debt,Shareholder's Equity_x,Debt to Equity Ratio,TTM Revenue_x,TTM Gross Profit,Gross Margin,TTM Revenue_y,TTM Operating Income,Operating Margin,TTM Revenue_x,TTM EBIT,EBIT Margin,TTM Revenue_y,TTM EBITDA,EBITDA Margin,TTM Revenue_x,TTM Pre-Tax Income,Pre-Tax Margin,TTM Revenue_y,TTM Net Income_x,Net Margin,TTM Net Income_y,Shareholder's Equity_y,Return on Equity,TTM Net Income_x,Tangible Equity,Return on Tangible Equity,TTM Net Income_y,Total Assets,Return on Assets,TTM Net Income,LT Investments & Debt,Return on Investment,revenue,cost-goods-sold,gross-profit,research-development-expenses,selling-general-administrative-expenses,operating-expenses,operating-income,total-non-operating-income-expense,pre-tax-income,total-provision-income-taxes,income-after-taxes,income-from-continuous-operations,net-income,ebitda,ebit,basic-shares-outstanding,shares-outstanding,eps-basic-net-earnings-per-share,eps-earnings-per-share-diluted,cash-on-hand,inventory,other-current-assets,total-current-assets,net-property-plant-equipment,long-term-investments,goodwill-intangible-assets-total,other-long-term-assets,total-long-term-assets,total-assets,total-current-liabilities,long-term-debt,other-non-current-liabilities,total-long-term-liabilities,total-liabilities,common-stock-net,retained-earnings-accumulated-deficit,comprehensive-income,total-share-holder-equity,total-liabilities-share-holders-equity,net-income-loss,total-depreciation-amortization-cash-flow,other-non-cash-items,total-non-cash-items,change-in-accounts-receivable,change-in-inventories,change-in-accounts-payable,change-in-assets-liabilities,total-change-in-assets-liabilities,cash-flow-from-operating-activities,net-change-in-property-plant-equipment,net-change-in-intangible-assets,net-acquisitions-divestitures,net-change-in-short-term-investments,net-change-in-long-term-investments,net-change-in-investments-total,investing-activities-other,cash-flow-from-investing-activities,net-long-term-debt,net-current-debt,debt-issuance-retirement-net-total,net-common-equity-issued-repurchased,net-total-equity-issued-repurchased,total-common-preferred-stock-dividends-paid,financial-activities-other,cash-flow-from-financial-activities,net-cash-flow,stock-based-compensation,common-stock-dividends-paid
0,2018-07-31,16.85,$13.69,1.23,$11.25,1.5,$-1.18,0.0,$-0.76,0.0,$1.79B,$0.49B,3.65,$0.49B,$1.60B,0.31,$1.29B,$0.33B,25.41%,$1.29B,$-0.04B,-3.10%,$1.29B,$-0.04B,-3.10%,$1.29B,$0.09B,6.97%,$1.29B,$-0.06B,-4.57%,$1.29B,$-0.09B,-6.66%,$-0.09B,$1.60B,-5.29%,$-0.09B,$1.49B,-5.69%,$-0.09B,$2.60B,-3.30%,$-0.04B,$2.10B,-1.84%,$317,$237,$81,$63,$25,$333,$-16,$-6,$-22,$-3,$-18,$-18,$-18,$16,$-16,$116,116,$-0.16,$-0.16,$1159,$326,$55,$1788,$587,$0,$113,$25,$812,$2599,$490,$494,$11,$506,$996,$0,$-1222,$-44,$1603,$2599,$-18,$32,$8,$40,$-11,$11,$10,$8,$39,$60,$-105,$0,$0,$55,$0,$55,$0,$-50,$0,$0,$0,$4,$4,$0,$0,$4,$14,$15,$0
1,2018-04-30,15.58,$14.14,1.1,$11.47,1.36,$-0.84,0.0,$-0.43,0.0,$1.84B,$0.46B,4.0,$0.49B,$1.62B,0.3,$1.32B,$0.36B,27.51%,$1.32B,$0.01B,0.46%,$1.32B,$0.01B,0.46%,$1.32B,$0.14B,10.26%,$1.32B,$-0.02B,-1.14%,$1.32B,$-0.05B,-3.65%,$-0.05B,$1.62B,-2.95%,$-0.05B,$1.51B,-3.18%,$-0.05B,$2.58B,-1.84%,$0.01B,$2.11B,0.27%,$310,$247,$63,$61,$25,$337,$-27,$-3,$-30,$-12,$-18,$-18,$-18,$5,$-27,$114,114,$-0.16,$-0.15,$1197,$349,$56,$1835,$521,$0,$115,$32,$748,$2583,$458,$489,$12,$501,$960,$0,$-1212,$-15,$1624,$2583,$-48,$128,$93,$222,$39,$1,$1,$-20,$-2,$172,$-221,$0,$0,$100,$0,$100,$0,$-121,$0,$0,$0,$1,$1,$0,$0,$1,$52,$63,$0
2,2018-01-31,17.96,$14.33,1.25,$11.88,1.51,$0.37,48.62,$0.86,20.88,$1.90B,$0.47B,4.06,$0.48B,$1.64B,0.3,$1.36B,$0.42B,31.09%,$1.36B,$0.07B,5.43%,$1.36B,$0.07B,5.43%,$1.36B,$0.20B,14.74%,$1.36B,$0.05B,3.67%,$1.36B,$0.10B,7.33%,$0.10B,$1.64B,6.20%,$0.10B,$1.53B,6.69%,$0.10B,$2.61B,3.86%,$0.07B,$2.12B,3.26%,$332,$244,$88,$60,$32,$339,$-6,$-6,$-12,$44,$-56,$-56,$-56,$27,$-6,$114,114,$-0.49,$-0.49,$1216,$382,$53,$1895,$495,$0,$116,$22,$712,$2607,$467,$483,$16,$500,$967,$0,$-1194,$-6,$1640,$2607,$-30,$96,$95,$191,$28,$-28,$-13,$-0,$-36,$125,$-156,$0,$0,$25,$0,$25,$0,$-131,$0,$0,$0,$5,$5,$0,$0,$5,$-1,$49,$0
3,2017-10-31,23.54,$14.34,1.64,$12.28,1.92,$1.25,18.8,$1.75,13.45,$1.92B,$0.25B,7.81,$0.72B,$1.64B,0.44,$1.41B,$0.47B,33.47%,$1.41B,$0.14B,9.55%,$1.41B,$0.14B,9.55%,$1.41B,$0.26B,18.12%,$1.41B,$0.11B,8.00%,$1.41B,$0.20B,14.30%,$0.20B,$1.64B,12.98%,$0.20B,$1.52B,14.06%,$0.20B,$2.62B,7.96%,$0.14B,$2.36B,5.95%,$332,$236,$96,$61,$26,$323,$9,$-4,$5,$-1,$6,$6,$6,$42,$9,$114,115,$0.05,$0.05,$1233,$369,$62,$1924,$444,$0,$117,$21,$698,$2623,$247,$724,$17,$741,$987,$0,$-1138,$-42,$1635,$2623,$26,$63,$31,$94,$12,$-31,$11,$-1,$-31,$89,$-97,$0,$0,$22,$0,$22,$0,$-75,$0,$0,$0,$1,$1,$0,$0,$1,$14,$29,$0
4,2017-07-31,27.22,$14.15,1.92,$12.67,2.15,$1.84,14.75,$2.13,12.78,$1.93B,$0.25B,7.66,$0.72B,$1.61B,0.44,$1.45B,$0.51B,35.22%,$1.45B,$0.18B,12.34%,$1.45B,$0.18B,12.34%,$1.45B,$0.29B,20.19%,$1.45B,$0.16B,11.03%,$1.45B,$0.25B,16.88%,$0.25B,$1.61B,16.79%,$0.25B,$1.49B,18.30%,$0.25B,$2.60B,10.56%,$0.18B,$2.33B,8.74%,$342,$227,$115,$58,$27,$312,$30,$-8,$22,$2,$20,$20,$20,$61,$30,$113,116,$0.18,$0.17,$1233,$357,$64,$1927,$420,$0,$118,$22,$670,$2596,$252,$716,$18,$733,$985,$0,$-1144,$-44,$1611,$2596,$20,$31,$16,$47,$-1,$-19,$8,$0,$-21,$46,$-52,$0,$0,$24,$0,$24,$0,$-27,$0,$0,$0,$0,$0,$0,$0,$0,$19,$14,$0
5,2017-04-30,22.84,$14.01,1.63,$12.79,1.79,$2.15,10.61,$2.18,10.48,$1.91B,$0.25B,7.58,$0.71B,$1.56B,0.45,$1.45B,$0.50B,34.76%,$1.45B,$0.18B,12.21%,$1.45B,$0.18B,12.21%,$1.45B,$0.29B,19.79%,$1.45B,$0.16B,11.31%,$1.45B,$0.25B,17.17%,$0.25B,$1.56B,18.37%,$0.25B,$1.44B,20.19%,$0.25B,$2.54B,11.93%,$0.18B,$2.27B,9.71%,$358,$232,$125,$59,$25,$317,$41,$-6,$35,$-96,$130,$130,$130,$71,$41,$110,114,$1.18,$1.14,$1237,$331,$68,$1909,$384,$0,$120,$20,$631,$2540,$252,$708,$18,$725,$977,$0,$-1164,$-58,$1563,$2540,$249,$110,$-48,$62,$-23,$-74,$-1,$-4,$-84,$228,$-140,$-2,$0,$-711,$0,$-711,$0,$-853,$569,$0,$569,$17,$17,$0,$0,$586,$-39,$53,$0
6,2017-01-31,29.57,$12.71,2.33,$12.59,2.35,$1.98,14.91,$1.17,25.27,$1.89B,$0.27B,7.13,$0.70B,$1.42B,0.5,$1.41B,$0.47B,33.24%,$1.41B,$0.15B,10.63%,$1.41B,$0.15B,10.63%,$1.41B,$0.26B,18.14%,$1.41B,$0.14B,9.99%,$1.41B,$0.13B,9.36%,$0.13B,$1.42B,10.51%,$0.13B,$1.29B,11.65%,$0.13B,$2.39B,7.08%,$0.15B,$2.11B,9.34%,$381,$244,$137,$55,$26,$326,$55,$-4,$51,$4,$46,$46,$46,$82,$55,$111,115,$0.42,$0.40,$1214,$312,$0,$1886,$357,$0,$121,$28,$506,$2392,$265,$700,$13,$712,$977,$0,$-1294,$-60,$1415,$2392,$119,$80,$40,$120,$-31,$-55,$14,$-19,$-78,$161,$-91,$-2,$0,$-710,$0,$-710,$0,$-803,$569,$0,$569,$15,$15,$0,$0,$584,$-59,$39,$0
7,2016-10-31,27.38,$11.29,2.42,$12.14,2.26,$1.65,16.55,$0.88,31.11,$1.26B,$0.25B,5.0,$0.24B,$1.25B,0.19,$1.34B,$0.42B,31.37%,$1.34B,$0.11B,7.84%,$1.34B,$0.11B,7.84%,$1.34B,$0.21B,15.76%,$1.34B,$0.10B,7.47%,$1.34B,$0.10B,7.32%,$0.10B,$1.25B,8.28%,$0.10B,$1.13B,9.25%,$0.10B,$1.75B,5.88%,$0.11B,$1.48B,7.42%,$370,$236,$134,$53,$27,$317,$53,$-1,$52,$3,$49,$49,$49,$79,$53,$110,113,$0.44,$0.43,$626,$292,$0,$1264,$342,$0,$123,$22,$487,$1750,$253,$235,$13,$248,$501,$0,$-1340,$-50,$1249,$1750,$73,$53,$26,$78,$-28,$-31,$11,$2,$-44,$108,$-49,$-2,$0,$-80,$0,$-80,$0,$-131,$-0,$0,$-0,$8,$8,$0,$0,$7,$-16,$26,$0
8,2016-07-31,18.76,$10.84,1.73,$11.86,1.58,$1.38,13.64,$0.51,36.78,$1.18B,$0.23B,5.19,$0.23B,$1.19B,0.19,$1.29B,$0.38B,29.07%,$1.29B,$0.06B,4.73%,$1.29B,$0.06B,4.73%,$1.29B,$0.17B,12.95%,$1.29B,$0.06B,4.26%,$1.29B,$0.06B,4.34%,$0.06B,$1.19B,4.87%,$0.06B,$1.07B,5.48%,$0.06B,$1.67B,3.45%,$0.06B,$1.43B,4.43%,$341,$233,$108,$51,$28,$313,$28,$-2,$26,$2,$24,$24,$24,$55,$28,$109,111,$0.22,$0.22,$594,$273,$0,$1184,$339,$0,$123,$23,$485,$1669,$228,$232,$14,$246,$474,$0,$-1389,$-38,$1194,$1669,$24,$26,$13,$39,$-6,$-5,$-5,$4,$-16,$47,$-19,$0,$0,$-50,$0,$-50,$0,$-69,$-0,$0,$-0,$3,$3,$0,$0,$3,$-19,$12,$0
9,2016-04-30,16.46,$10.84,1.52,$11.68,1.41,$1.12,14.7,$0.32,51.44,$1.15B,$0.23B,4.92,$0.23B,$1.17B,0.2,$1.26B,$0.35B,28.03%,$1.26B,$0.04B,3.17%,$1.26B,$0.04B,3.17%,$1.26B,$0.15B,11.48%,$1.26B,$0.03B,2.69%,$1.26B,$0.04B,2.77%,$0.04B,$1.17B,3.11%,$0.04B,$1.04B,3.51%,$0.04B,$1.65B,2.19%,$0.04B,$1.40B,2.96%,$319,$228,$90,$50,$25,$305,$14,$-2,$12,$-1,$13,$13,$13,$40,$14,$107,109,$0.13,$0.12,$562,$273,$0,$1148,$349,$0,$125,$19,$497,$1645,$233,$229,$15,$244,$478,$0,$-1413,$-25,$1168,$1645,$35,$104,$43,$147,$-36,$-4,$10,$20,$1,$184,$-118,$0,$0,$29,$0,$29,$0,$-89,$-0,$0,$-0,$7,$7,$0,$0,$7,$102,$48,$0
10,2016-01-31,12.7,$10.47,1.21,$11.80,1.08,$0.20,63.06,$0.27,47.04,$1.10B,$0.22B,4.98,$0.23B,$1.13B,0.2,$1.26B,$0.35B,27.93%,$1.26B,$0.04B,2.85%,$1.26B,$0.04B,2.85%,$1.26B,$0.14B,11.16%,$1.26B,$0.03B,2.69%,$1.26B,$0.03B,2.29%,$0.03B,$1.13B,2.61%,$0.03B,$1.00B,2.96%,$0.03B,$1.60B,1.84%,$0.04B,$1.35B,2.70%,$309,$221,$88,$50,$27,$299,$10,$-0,$10,$-2,$12,$12,$12,$37,$10,$107,108,$0.11,$0.11,$531,$263,$0,$1102,$343,$0,$127,$25,$495,$1598,$222,$229,$22,$250,$472,$0,$-1426,$-42,$1126,$1598,$22,$78,$36,$114,$-28,$-2,$-0,$15,$-7,$129,$-99,$0,$0,$30,$0,$30,$0,$-69,$-0,$0,$-0,$11,$11,$0,$0,$11,$71,$36,$0
11,2015-10-31,11.37,$10.37,1.1,$11.83,0.96,$-0.38,0.0,$0.18,63.17,$1.08B,$0.22B,4.88,$0.23B,$1.11B,0.2,$1.26B,$0.34B,27.20%,$1.26B,$0.03B,2.30%,$1.26B,$0.03B,2.30%,$1.26B,$0.13B,10.55%,$1.26B,$0.03B,2.14%,$1.26B,$0.02B,1.51%,$0.02B,$1.11B,1.73%,$0.02B,$0.98B,1.97%,$0.02B,$1.58B,1.22%,$0.03B,$1.33B,2.19%,$321,$232,$89,$51,$28,$312,$9,$-2,$7,$1,$7,$7,$7,$35,$9,$107,107,$0.06,$0.06,$521,$265,$0,$1076,$345,$0,$130,$27,$501,$1577,$221,$226,$23,$249,$470,$0,$-1438,$-32,$1107,$1577,$10,$52,$25,$77,$-17,$-2,$2,$20,$10,$97,$-72,$0,$0,$30,$0,$30,$0,$-42,$-0,$0,$-0,$6,$6,$0,$0,$6,$61,$24,$0
12,2015-07-31,17.41,$10.37,1.68,$11.82,1.47,$-1.01,0.0,$0.01,1741.0,$1.08B,$0.22B,4.95,$0.22B,$1.11B,0.2,$1.24B,$0.34B,27.41%,$1.24B,$0.01B,1.05%,$1.24B,$0.01B,1.05%,$1.24B,$0.12B,9.38%,$1.24B,$0.01B,0.81%,$1.24B,$0.00B,0.08%,$0.00B,$1.11B,0.09%,$0.00B,$0.97B,0.11%,$0.00B,$1.57B,0.06%,$0.01B,$1.33B,1.00%,$314,$227,$87,$52,$26,$307,$7,$-2,$5,$2,$3,$3,$3,$33,$7,$105,108,$0.03,$0.03,$496,$282,$0,$1076,$322,$0,$132,$38,$492,$1568,$217,$224,$22,$245,$463,$0,$-1445,$-14,$1105,$1568,$3,$26,$14,$40,$-22,$-8,$8,$16,$-9,$35,$-35,$0,$0,$30,$0,$30,$0,$-5,$-0,$0,$-0,$6,$6,$0,$0,$6,$36,$12,$0
13,2015-04-30,20.33,$10.60,1.92,$12.12,1.68,$-1.20,0.0,$0.12,169.42,$1.06B,$0.21B,5.18,$0.22B,$1.10B,0.2,$1.25B,$0.35B,28.06%,$1.25B,$0.03B,2.08%,$1.25B,$0.03B,2.08%,$1.25B,$0.13B,10.23%,$1.25B,$0.02B,1.68%,$1.25B,$0.01B,0.96%,$0.01B,$1.10B,1.12%,$0.01B,$0.97B,1.29%,$0.01B,$1.55B,0.78%,$0.03B,$1.33B,2.02%,$320,$231,$89,$51,$27,$310,$10,$1,$12,$4,$7,$7,$7,$36,$10,$101,105,$0.07,$0.06,$490,$284,$0,$1064,$316,$0,$134,$38,$488,$1552,$206,$221,$21,$243,$448,$0,$-1448,$1,$1104,$1552,$12,$101,$50,$151,$12,$-38,$12,$-18,$-49,$114,$-147,$0,$-3,$-83,$1,$-81,$0,$-231,$-0,$0,$-0,$12,$12,$0,$0,$11,$-106,$47,$0
14,2015-01-31,18.14,$10.40,1.74,$12.01,1.51,$-1.16,0.0,$0.32,56.69,$1.06B,$0.20B,5.34,$0.22B,$1.08B,0.2,$1.24B,$0.36B,29.02%,$1.24B,$0.04B,2.99%,$1.24B,$0.04B,2.99%,$1.24B,$0.14B,10.91%,$1.24B,$0.04B,2.91%,$1.24B,$0.03B,2.75%,$0.03B,$1.08B,3.25%,$0.03B,$0.94B,3.74%,$0.03B,$1.52B,2.24%,$0.04B,$1.30B,2.93%,$306,$228,$78,$49,$25,$303,$3,$-0,$3,$1,$2,$2,$2,$29,$3,$104,106,$0.02,$0.02,$489,$278,$0,$1056,$305,$0,$136,$25,$466,$1521,$198,$219,$24,$243,$441,$0,$-1456,$-1,$1080,$1521,$5,$76,$40,$116,$15,$-31,$4,$-24,$-46,$74,$-106,$0,$-3,$-80,$0,$-80,$0,$-189,$-0,$0,$-0,$10,$10,$0,$0,$10,$-105,$34,$0
15,2014-10-31,16.72,$10.45,1.6,$11.94,1.4,$-0.94,0.0,$0.56,29.86,$1.05B,$0.23B,4.53,$0.22B,$1.05B,0.21,$1.23B,$0.39B,31.59%,$1.23B,$0.07B,5.47%,$1.23B,$0.07B,5.47%,$1.23B,$0.16B,12.90%,$1.23B,$0.06B,5.14%,$1.23B,$0.06B,4.82%,$0.06B,$1.05B,5.77%,$0.06B,$0.91B,6.64%,$0.06B,$1.52B,3.94%,$0.07B,$1.26B,5.43%,$297,$212,$85,$51,$40,$304,$-7,$-2,$-10,$2,$-11,$-11,$-11,$18,$-7,$100,100,$-0.11,$-0.11,$477,$285,$0,$1049,$306,$0,$138,$25,$470,$1518,$231,$217,$25,$242,$473,$0,$-1457,$17,$1045,$1518,$3,$50,$23,$73,$12,$-26,$-6,$-17,$-41,$35,$-74,$0,$-3,$-80,$0,$-80,$0,$-157,$-0,$0,$-0,$7,$7,$0,$0,$6,$-116,$23,$0
16,2014-07-31,19.73,$10.54,1.87,$11.76,1.68,$-0.42,0.0,$0.96,20.55,$1.08B,$0.26B,4.21,$0.21B,$1.05B,0.2,$1.22B,$0.41B,33.22%,$1.22B,$0.10B,8.53%,$1.22B,$0.10B,8.53%,$1.22B,$0.19B,15.34%,$1.22B,$0.10B,8.53%,$1.22B,$0.10B,8.20%,$0.10B,$1.05B,10.16%,$0.10B,$0.91B,11.67%,$0.10B,$1.54B,7.12%,$0.10B,$1.26B,9.10%,$328,$229,$99,$51,$27,$307,$20,$-5,$16,$2,$14,$14,$14,$45,$20,$98,102,$0.14,$0.14,$497,$270,$0,$1079,$301,$0,$140,$23,$465,$1544,$256,$214,$24,$239,$495,$0,$-1446,$25,$1049,$1544,$14,$24,$12,$36,$-6,$-7,$24,$-18,$-24,$26,$-45,$0,$-3,$0,$0,$0,$0,$-48,$-0,$0,$-0,$6,$6,$0,$0,$6,$-16,$11,$0
17,2014-04-30,26.15,$10.44,2.5,$11.19,2.34,$-0.30,0.0,$1.08,24.21,$1.07B,$0.25B,4.32,$0.21B,$1.02B,0.21,$1.16B,$0.40B,34.31%,$1.16B,$0.11B,9.59%,$1.16B,$0.11B,9.59%,$1.16B,$0.19B,15.99%,$1.16B,$0.12B,9.94%,$1.16B,$0.11B,9.68%,$0.11B,$1.02B,12.00%,$0.11B,$0.88B,13.79%,$0.11B,$1.50B,8.72%,$0.11B,$1.23B,10.58%,$306,$209,$97,$48,$27,$285,$21,$6,$27,$-2,$29,$29,$29,$43,$21,$96,104,$0.30,$0.28,$513,$260,$0,$1065,$273,$0,$140,$19,$433,$1498,$246,$212,$23,$235,$481,$0,$-1460,$20,$1016,$1498,$112,$73,$31,$104,$-74,$-63,$34,$-18,$-117,$99,$-129,$0,$-21,$-210,$0,$-210,$0,$-360,$256,$0,$256,$19,$19,$0,$0,$275,$14,$40,$0
18,2014-01-31,23.71,$10.10,2.35,$10.87,2.18,$0.64,37.25,$0.85,27.89,$1.04B,$0.23B,4.55,$0.21B,$0.98B,0.22,$1.09B,$0.37B,33.55%,$1.09B,$0.09B,8.23%,$1.09B,$0.09B,8.23%,$1.09B,$0.16B,14.53%,$1.09B,$0.09B,8.04%,$1.09B,$0.09B,7.95%,$0.09B,$0.98B,9.86%,$0.09B,$0.86B,11.36%,$0.09B,$1.43B,7.49%,$0.09B,$1.19B,9.42%,$294,$188,$106,$47,$25,$261,$33,$-3,$30,$3,$27,$27,$27,$52,$33,$96,104,$0.28,$0.26,$555,$247,$0,$1044,$247,$0,$113,$23,$383,$1428,$229,$210,$12,$222,$451,$0,$-1489,$19,$977,$1428,$83,$51,$29,$80,$-48,$-56,$20,$-11,$-78,$85,$-93,$0,$0,$-180,$0,$-180,$0,$-272,$255,$4,$259,$14,$14,$0,$0,$273,$86,$29,$0
19,2013-10-31,23.01,$9.31,2.47,$10.62,2.17,$1.10,20.9,$0.55,41.83,$0.78B,$0.24B,3.28,$0.00B,$0.89B,0.0,$1.04B,$0.33B,31.70%,$1.04B,$0.06B,5.39%,$1.04B,$0.06B,5.39%,$1.04B,$0.12B,11.85%,$1.04B,$0.06B,5.39%,$1.04B,$0.06B,5.49%,$0.06B,$0.89B,6.80%,$0.06B,$0.78B,7.96%,$0.06B,$1.15B,5.41%,$0.06B,$0.89B,6.45%,$291,$187,$103,$45,$28,$261,$30,$0,$31,$1,$30,$30,$30,$47,$30,$96,104,$0.31,$0.29,$316,$231,$0,$781,$231,$0,$115,$19,$364,$1145,$238,$0,$13,$13,$251,$0,$-1516,$27,$894,$1145,$56,$33,$19,$51,$-39,$-34,$22,$-10,$-37,$70,$-57,$0,$0,$0,$0,$0,$0,$-57,$0,$5,$5,$10,$10,$0,$0,$14,$27,$19,$0
20,2013-07-31,19.33,$8.84,2.19,$10.26,1.88,$1.36,14.21,$0.26,74.35,$0.72B,$0.17B,4.33,$0.04B,$0.85B,0.05,$0.98B,$0.29B,29.62%,$0.98B,$0.03B,2.66%,$0.98B,$0.03B,2.66%,$0.98B,$0.09B,9.40%,$0.98B,$0.02B,2.45%,$0.98B,$0.03B,2.76%,$0.03B,$0.85B,3.32%,$0.03B,$0.73B,3.95%,$0.03B,$1.07B,2.66%,$0.03B,$0.89B,3.05%,$266,$175,$91,$44,$20,$239,$27,$0,$27,$1,$26,$26,$26,$43,$27,$95,101,$0.27,$0.26,$288,$207,$0,$721,$213,$0,$116,$15,$344,$1065,$167,$40,$13,$53,$220,$0,$-1546,$22,$846,$1065,$26,$16,$9,$25,$-24,$-12,$14,$-14,$-30,$21,$-27,$0,$0,$0,$0,$0,$0,$-27,$0,$0,$0,$6,$6,$0,$0,$6,$-1,$9,$0
21,2013-04-30,12.84,$8.66,1.48,$10.03,1.28,$1.37,9.36,$-0.07,0.0,$0.67B,$0.14B,4.75,$0.04B,$0.81B,0.05,$0.93B,$0.26B,27.52%,$0.93B,$-0.01B,-0.64%,$0.93B,$-0.01B,-0.64%,$0.93B,$0.06B,6.32%,$0.93B,$-0.01B,-0.96%,$0.93B,$-0.01B,-0.54%,$-0.01B,$0.81B,-0.63%,$-0.01B,$0.69B,-0.76%,$-0.01B,$1.01B,-0.51%,$-0.01B,$0.85B,-0.72%,$243,$176,$67,$41,$17,$243,$0,$-0,$-0,$-2,$1,$1,$4,$17,$0,$93,93,$0.05,$0.05,$289,$201,$0,$674,$201,$0,$121,$11,$334,$1008,$142,$40,$13,$53,$195,$0,$-1572,$29,$813,$1008,$-8,$64,$46,$110,$22,$19,$3,$-0,$46,$148,$-88,$-0,$-22,$0,$10,$10,$0,$-99,$-3,$0,$-3,$9,$9,$0,$0,$5,$55,$34,$0
22,2013-01-31,15.5,$8.57,1.81,$9.95,1.56,$0.69,22.46,$0.03,516.67,$0.66B,$0.14B,4.78,$0.04B,$0.80B,0.05,$0.93B,$0.26B,27.39%,$0.93B,$0.01B,1.18%,$0.93B,$0.01B,1.18%,$0.93B,$0.07B,7.95%,$0.93B,$0.01B,0.86%,$0.93B,$0.01B,0.97%,$0.01B,$0.80B,1.14%,$0.01B,$0.66B,1.38%,$0.01B,$1.00B,0.92%,$0.01B,$0.84B,1.33%,$238,$170,$68,$40,$23,$239,$-1,$-1,$-2,$2,$-4,$-4,$-3,$16,$-1,$93,93,$-0.04,$-0.04,$265,$202,$0,$657,$192,$0,$137,$8,$338,$995,$137,$40,$14,$57,$194,$0,$-1576,$27,$801,$995,$-9,$48,$32,$80,$16,$18,$-8,$4,$31,$101,$-65,$-0,$-21,$0,$10,$10,$0,$-75,$-3,$0,$-3,$8,$8,$0,$0,$5,$31,$26,$0
23,2012-10-31,11.52,$8.54,1.35,$9.98,1.15,$0.10,114.06,$0.16,72.0,$0.66B,$0.13B,5.04,$0.04B,$0.79B,0.05,$0.94B,$0.26B,27.56%,$0.94B,$0.02B,2.46%,$0.94B,$0.02B,2.46%,$0.94B,$0.08B,8.87%,$0.94B,$0.02B,2.14%,$0.94B,$0.02B,2.24%,$0.02B,$0.79B,2.70%,$0.02B,$0.65B,3.27%,$0.02B,$0.99B,2.16%,$0.02B,$0.83B,2.82%,$232,$168,$64,$40,$23,$232,$0,$-1,$-1,$-1,$0,$0,$0,$16,$0,$93,95,$0.00,$0.00,$262,$204,$0,$662,$173,$0,$144,$8,$326,$988,$131,$40,$21,$64,$195,$0,$-1572,$26,$793,$988,$-6,$31,$18,$49,$15,$17,$-2,$-2,$26,$70,$-33,$0,$-21,$0,$10,$10,$0,$-43,$-3,$0,$-3,$5,$5,$0,$0,$1,$28,$18,$0
24,2012-07-31,12.43,$8.41,1.48,$10.11,1.23,$-0.36,0.0,$0.22,56.5,$0.65B,$0.13B,5.19,$0.04B,$0.78B,0.05,$0.95B,$0.26B,27.94%,$0.95B,$0.03B,3.39%,$0.95B,$0.03B,3.39%,$0.95B,$0.09B,9.52%,$0.95B,$0.03B,3.07%,$0.95B,$0.03B,2.86%,$0.03B,$0.78B,3.54%,$0.03B,$0.64B,4.27%,$0.03B,$0.96B,2.80%,$0.03B,$0.82B,3.98%,$221,$163,$58,$38,$24,$226,$-5,$-0,$-6,$1,$-6,$-6,$-6,$10,$-5,$92,92,$-0.07,$-0.07,$220,$208,$0,$647,$166,$0,$141,$8,$315,$963,$125,$40,$16,$59,$183,$0,$-1573,$22,$779,$963,$-6,$15,$8,$23,$-8,$11,$-4,$2,$-7,$10,$-15,$0,$-21,$0,$10,$10,$0,$-25,$-3,$0,$-3,$4,$4,$0,$0,$1,$-14,$8,$0
25,2012-04-30,16.52,$8.53,1.94,$10.15,1.63,$-0.32,0.0,$0.40,41.3,$0.67B,$0.13B,5.04,$0.04B,$0.78B,0.05,$0.95B,$0.27B,28.57%,$0.95B,$0.04B,4.62%,$0.95B,$0.04B,4.62%,$0.95B,$0.10B,10.50%,$0.95B,$0.05B,4.83%,$0.95B,$0.04B,4.52%,$0.04B,$0.78B,5.73%,$0.04B,$0.65B,6.92%,$0.04B,$0.97B,4.47%,$0.04B,$0.82B,5.56%,$240,$174,$65,$37,$10,$223,$17,$-0,$17,$-1,$17,$17,$18,$32,$17,$91,94,$0.19,$0.20,$235,$218,$0,$667,$164,$0,$127,$12,$302,$969,$132,$40,$15,$57,$190,$0,$-1567,$29,$780,$969,$43,$56,$17,$73,$12,$-21,$-12,$-23,$-42,$74,$-77,$-1,$-71,$0,$1,$1,$0,$-149,$-14,$0,$-14,$8,$8,$0,$0,$-6,$-80,$26,$0
26,2012-01-31,20.26,$8.29,2.44,$10.16,1.99,$0.04,467.9,$0.43,47.12,$0.66B,$0.16B,4.26,$0.04B,$0.76B,0.05,$0.95B,$0.28B,29.72%,$0.95B,$0.05B,5.16%,$0.95B,$0.05B,5.16%,$0.95B,$0.10B,10.64%,$0.95B,$0.05B,4.85%,$0.95B,$0.04B,4.32%,$0.04B,$0.76B,5.61%,$0.04B,$0.63B,6.52%,$0.04B,$0.97B,4.36%,$0.05B,$0.80B,6.36%,$243,$172,$71,$36,$22,$232,$11,$-1,$10,$1,$9,$9,$9,$25,$11,$91,94,$0.10,$0.09,$218,$226,$0,$662,$150,$0,$127,$33,$310,$973,$155,$40,$17,$61,$217,$0,$-1585,$30,$756,$973,$26,$41,$16,$57,$1,$-28,$2,$-32,$-51,$32,$-51,$0,$-71,$0,$0,$0,$0,$-122,$-13,$0,$-13,$6,$6,$0,$0,$-7,$-96,$20,$0
27,2011-10-31,20.49,$8.13,2.52,$10.39,1.97,$0.35,58.51,$0.56,36.59,$0.65B,$0.16B,4.07,$0.04B,$0.74B,0.05,$0.97B,$0.30B,30.44%,$0.97B,$0.07B,7.12%,$0.97B,$0.07B,7.12%,$0.97B,$0.12B,12.18%,$0.97B,$0.06B,5.78%,$0.97B,$0.05B,5.26%,$0.05B,$0.74B,7.29%,$0.05B,$0.61B,8.15%,$0.05B,$0.96B,5.61%,$0.07B,$0.78B,9.26%,$241,$171,$70,$37,$24,$233,$9,$-1,$8,$1,$6,$6,$6,$23,$9,$91,94,$0.07,$0.06,$228,$215,$0,$650,$143,$0,$130,$34,$307,$958,$160,$40,$16,$60,$220,$0,$-1593,$29,$738,$958,$16,$27,$10,$37,$3,$-17,$7,$-23,$-26,$27,$-33,$0,$-71,$0,$0,$0,$0,$-105,$-13,$0,$-13,$4,$4,$0,$0,$-9,$-87,$14,$0
28,2011-07-31,17.04,$8.04,2.12,$10.50,1.62,$0.48,35.25,$0.89,19.15,$0.64B,$0.16B,4.1,$0.04B,$0.73B,0.06,$0.97B,$0.31B,31.68%,$0.97B,$0.10B,9.91%,$0.97B,$0.10B,9.91%,$0.97B,$0.14B,14.55%,$0.97B,$0.08B,8.46%,$0.97B,$0.08B,8.15%,$0.08B,$0.73B,12.71%,$0.08B,$0.60B,13.75%,$0.08B,$0.95B,9.38%,$0.10B,$0.77B,14.01%,$228,$162,$66,$35,$24,$221,$7,$3,$11,$1,$10,$10,$10,$20,$7,$90,94,$0.11,$0.11,$238,$209,$0,$642,$138,$0,$133,$34,$305,$947,$157,$42,$16,$62,$219,$0,$-1599,$33,$728,$947,$10,$13,$3,$16,$13,$-7,$4,$-18,$-11,$15,$-16,$0,$-71,$0,$0,$0,$0,$-87,$-7,$0,$-7,$3,$3,$0,$0,$-4,$-77,$7,$0
29,2011-04-30,28.09,$7.78,3.61,$10.42,2.7,$0.29,98.05,$1.02,27.54,$0.69B,$0.13B,5.18,$0.04B,$0.70B,0.06,$0.95B,$0.31B,32.88%,$0.95B,$0.11B,11.80%,$0.95B,$0.11B,11.80%,$0.95B,$0.15B,16.23%,$0.95B,$0.09B,9.69%,$0.95B,$0.09B,9.27%,$0.09B,$0.70B,16.49%,$0.09B,$0.68B,17.11%,$0.09B,$0.89B,11.46%,$0.11B,$0.74B,18.21%,$237,$162,$75,$33,$20,$215,$22,$-4,$17,$1,$17,$17,$16,$33,$22,$81,93,$0.17,$0.16,$315,$188,$0,$693,$126,$31,$17,$17,$192,$885,$134,$40,$12,$52,$186,$0,$-1609,$33,$699,$885,$88,$44,$30,$74,$-41,$-37,$-1,$3,$-67,$94,$-64,$0,$-32,$0,$0,$0,$0,$-96,$-49,$0,$-49,$158,$158,$0,$0,$110,$108,$19,$0
30,2011-01-31,33.3,$7.27,4.58,$10.77,3.09,$-0.34,0.0,$1.05,31.71,$0.69B,$0.14B,5.02,$0.06B,$0.64B,0.09,$0.90B,$0.30B,32.89%,$0.90B,$0.10B,11.00%,$0.90B,$0.10B,11.00%,$0.90B,$0.14B,15.44%,$0.90B,$0.09B,9.67%,$0.90B,$0.09B,9.56%,$0.09B,$0.64B,19.27%,$0.09B,$0.62B,20.24%,$0.09B,$0.84B,12.22%,$0.10B,$0.69B,18.12%,$263,$179,$84,$30,$23,$232,$31,$-11,$20,$1,$19,$19,$19,$42,$31,$80,93,$0.24,$0.22,$310,$177,$0,$690,$112,$0,$19,$23,$154,$844,$137,$58,$13,$71,$208,$0,$-1626,$22,$635,$844,$72,$32,$20,$51,$-48,$-36,$6,$2,$-68,$55,$-45,$0,$0,$0,$-6,$-6,$0,$-51,$-49,$0,$-49,$148,$148,$0,$0,$99,$103,$13,$0
31,2010-10-31,17.03,$5.50,3.09,$10.45,1.63,$-0.80,0.0,$0.91,18.71,$0.55B,$0.14B,3.87,$0.11B,$0.43B,0.27,$0.80B,$0.26B,32.84%,$0.80B,$0.08B,9.58%,$0.80B,$0.08B,9.58%,$0.80B,$0.12B,14.43%,$0.80B,$0.07B,9.08%,$0.80B,$0.07B,8.96%,$0.07B,$0.43B,21.48%,$0.07B,$0.40B,23.06%,$0.07B,$0.69B,11.85%,$0.08B,$0.54B,17.17%,$241,$159,$82,$28,$18,$205,$36,$-2,$34,$1,$34,$34,$34,$46,$36,$77,90,$0.44,$0.39,$185,$167,$0,$548,$101,$0,$20,$23,$145,$693,$142,$113,$13,$126,$268,$0,$-1645,$21,$425,$693,$53,$20,$10,$30,$-46,$-25,$10,$7,$-52,$31,$-26,$0,$0,$0,$-6,$-6,$0,$-32,$-32,$0,$-32,$10,$10,$0,$0,$-22,$-22,$8,$0
32,2010-07-31,16.03,$4.91,3.26,$10.03,1.6,$-1.08,0.0,$0.03,534.33,$0.52B,$0.15B,3.37,$0.11B,$0.38B,0.3,$0.71B,$0.22B,31.31%,$0.71B,$0.04B,6.06%,$0.71B,$0.04B,6.06%,$0.71B,$0.08B,11.42%,$0.71B,$0.01B,1.13%,$0.71B,$0.01B,0.99%,$0.01B,$0.38B,2.55%,$0.01B,$0.35B,2.81%,$0.01B,$0.65B,1.29%,$0.04B,$0.49B,11.11%,$208,$137,$71,$27,$20,$184,$23,$-2,$21,$2,$19,$19,$19,$33,$23,$76,88,$0.25,$0.23,$192,$155,$0,$517,$93,$0,$22,$17,$133,$650,$153,$114,$6,$121,$274,$0,$-1678,$16,$376,$650,$19,$10,$5,$15,$-25,$-15,$2,$3,$-41,$-7,$-12,$0,$0,$0,$0,$0,$0,$-12,$-1,$0,$-1,$5,$5,$0,$0,$4,$-15,$3,$0
33,2010-04-30,14.96,$4.60,3.25,$9.81,1.52,$-1.20,0.0,$0.19,78.74,$0.50B,$0.16B,3.17,$0.12B,$0.35B,0.33,$0.63B,$0.18B,28.57%,$0.63B,$0.01B,1.75%,$0.63B,$0.01B,1.75%,$0.63B,$0.05B,7.78%,$0.63B,$-0.02B,-3.81%,$0.63B,$0.01B,2.22%,$0.01B,$0.35B,6.37%,$0.01B,$0.33B,7.23%,$0.01B,$0.63B,2.91%,$0.01B,$0.46B,3.22%,$188,$130,$59,$27,$18,$180,$9,$3,$12,$-2,$14,$14,$14,$18,$9,$65,65,$0.19,$0.20,$207,$140,$0,$496,$89,$0,$23,$18,$131,$627,$156,$115,$6,$122,$278,$0,$-1698,$16,$349,$627,$14,$38,$6,$44,$-46,$-27,$28,$-2,$-46,$12,$-31,$1,$41,$0,$0,$0,$0,$11,$8,$0,$8,$140,$140,$0,$0,$147,$170,$16,$0
34,2010-01-31,10.3,$2.92,3.53,$8.96,1.15,$-1.34,0.0,$-0.41,0.0,$0.33B,$0.15B,2.2,$0.11B,$0.19B,0.58,$0.55B,$0.15B,26.41%,$0.55B,$0.17B,30.97%,$0.55B,$0.17B,30.97%,$0.55B,$0.22B,40.80%,$0.55B,$-0.06B,-11.48%,$0.55B,$-0.03B,-4.74%,$-0.03B,$0.19B,-15.95%,$-0.03B,$0.17B,-19.19%,$-0.03B,$0.46B,-6.19%,$0.17B,$0.30B,57.87%,$167,$115,$52,$25,$17,$158,$9,$-3,$6,$0,$6,$6,$5,$19,$9,$65,67,$0.09,$0.08,$79,$123,$0,$334,$84,$0,$25,$18,$127,$461,$152,$111,$6,$118,$270,$0,$-1712,$10,$191,$461,$-0,$28,$3,$32,$-35,$-12,$17,$2,$-33,$-2,$-21,$-0,$41,$0,$2,$2,$0,$21,$15,$3,$18,$5,$5,$0,$-3,$20,$38,$12,$0
35,2009-10-31,7.45,$2.78,2.68,$8.58,0.87,$-1.53,0.0,$-1.29,0.0,$0.31B,$0.13B,2.3,$0.11B,$0.18B,0.62,$0.51B,$0.13B,25.20%,$0.51B,$0.16B,31.10%,$0.51B,$0.16B,31.10%,$0.51B,$0.26B,50.98%,$0.51B,$-0.12B,-23.43%,$0.51B,$-0.08B,-15.75%,$-0.08B,$0.18B,-53.78%,$-0.08B,$0.15B,-69.41%,$-0.08B,$0.43B,-19.68%,$0.16B,$0.29B,55.00%,$146,$106,$40,$22,$15,$144,$2,$-34,$-31,$0,$-31,$-31,$-31,$11,$2,$64,64,$-0.49,$-0.49,$81,$113,$0,$306,$81,$0,$27,$18,$126,$432,$133,$112,$6,$119,$253,$0,$-1717,$10,$180,$432,$-6,$19,$-1,$18,$-14,$-4,$6,$-2,$-16,$-4,$-11,$1,$41,$0,$0,$0,$0,$31,$15,$-3,$12,$3,$3,$0,$0,$16,$43,$9,$0
36,2009-07-31,5.11,$2.62,1.95,$9.08,0.56,$-1.57,0.0,$-4.32,0.0,$0.28B,$0.10B,2.97,$0.15B,$0.16B,0.94,$0.51B,$0.13B,25.10%,$0.51B,$-0.03B,-6.67%,$0.51B,$-0.03B,-6.67%,$0.51B,$0.25B,48.43%,$0.51B,$-0.29B,-55.88%,$0.51B,$-0.24B,-46.47%,$-0.24B,$0.16B,-160.14%,$-0.24B,$0.13B,-244.33%,$-0.24B,$0.41B,-56.16%,$-0.03B,$0.31B,-11.49%,$129,$99,$29,$21,$16,$138,$-9,$-2,$-11,$0,$-11,$-11,$26,$1,$-9,$60,60,$0.43,$0.43,$60,$109,$0,$283,$79,$0,$28,$17,$125,$407,$95,$149,$2,$153,$248,$0,$-1686,$7,$159,$407,$26,$10,$-32,$-22,$-18,$-1,$4,$3,$-20,$-16,$-3,$1,$41,$0,$0,$0,$0,$39,$-2,$0,$-2,$2,$2,$0,$0,$1,$23,$5,$0
37,2009-04-30,5.28,$2.05,2.58,$9.91,0.53,$-1.30,0.0,$-4.56,0.0,$0.25B,$0.10B,2.38,$0.15B,$0.12B,1.22,$0.50B,$0.14B,28.17%,$0.50B,$-0.02B,-3.42%,$0.50B,$-0.02B,-3.42%,$0.50B,$0.26B,52.92%,$0.50B,$-0.27B,-54.33%,$0.50B,$-0.26B,-52.31%,$-0.26B,$0.12B,-184.72%,$-0.26B,$0.09B,-383.76%,$-0.26B,$0.38B,-58.33%,$-0.02B,$0.27B,-5.89%,$107,$83,$24,$20,$14,$-60,$168,$-194,$-27,$0,$-27,$-27,$-26,$193,$168,$53,53,$-0.65,$-0.67,$37,$108,$0,$248,$82,$0,$30,$17,$132,$380,$104,$150,$3,$154,$258,$0,$-1712,$3,$122,$380,$-260,$281,$23,$303,$-33,$0,$4,$0,$-43,$0,$-24,$0,$30,$0,$39,$39,$0,$45,$-92,$0,$-92,$5,$5,$0,$0,$-88,$-42,$15,$0
38,2009-01-31,4.08,$2.24,1.82,$10.00,0.41,$-0.65,0.0,$-4.40,0.0,$0.25B,$0.11B,2.4,$0.14B,$0.13B,1.06,$0.47B,$0.13B,27.33%,$0.47B,$-0.18B,-38.14%,$0.47B,$-0.18B,-38.14%,$0.47B,$0.12B,26.27%,$0.47B,$-0.25B,-52.12%,$0.47B,$-0.28B,-59.96%,$-0.28B,$0.13B,-205.82%,$-0.28B,$0.09B,-615.22%,$-0.28B,$0.41B,-60.12%,$-0.18B,$0.28B,-62.88%,$126,$91,$35,$21,$16,$129,$-3,$-47,$-50,$-0,$-49,$-49,$-49,$54,$-3,$59,59,$-0.83,$-0.83,$35,$116,$0,$252,$89,$0,$49,$17,$155,$407,$105,$142,$25,$168,$274,$0,$-1675,$1,$134,$407,$-235,$256,$17,$272,$-7,$-3,$-23,$1,$-49,$-11,$-21,$0,$30,$38,$0,$38,$0,$47,$-83,$-3,$-86,$4,$4,$0,$0,$-81,$-45,$11,$0
39,2008-10-31,4.88,$3.00,1.63,$10.80,0.45,$-0.15,0.0,$-3.84,0.0,$0.29B,$0.14B,2.0,$0.15B,$0.18B,0.85,$0.46B,$0.13B,28.76%,$0.46B,$-0.19B,-40.31%,$0.46B,$-0.19B,-40.31%,$0.46B,$0.07B,15.69%,$0.46B,$-0.21B,-45.10%,$0.46B,$-0.25B,-53.38%,$-0.25B,$0.18B,-168.67%,$-0.25B,$0.08B,-830.51%,$-0.25B,$0.49B,-48.54%,$-0.19B,$0.33B,-62.50%,$148,$108,$40,$22,$18,$338,$-190,$-7,$-197,$-8,$-189,$-189,$-188,$-1,$-190,$53,53,$-3.55,$-3.53,$52,$121,$0,$286,$92,$0,$97,$18,$207,$494,$143,$150,$22,$173,$316,$0,$-1628,$3,$177,$494,$-185,$199,$14,$213,$-17,$-6,$-0,$-0,$-26,$1,$-16,$0,$30,$31,$0,$31,$0,$45,$8,$-93,$-85,$3,$3,$0,$0,$-82,$-35,$7,$0
40,2008-07-31,10.72,$3.34,3.21,$10.64,1.01,$-0.12,0.0,$-0.56,0.0,$0.28B,$0.19B,1.5,$0.15B,$0.13B,1.15,$0.41B,$0.12B,30.10%,$0.41B,$-0.00B,-0.49%,$0.41B,$-0.00B,-0.49%,$0.41B,$0.08B,18.20%,$0.41B,$-0.02B,-4.85%,$0.41B,$-0.07B,-16.50%,$-0.07B,$0.13B,-47.22%,$-0.07B,$0.01B,-445.90%,$-0.07B,$0.50B,-13.24%,$-0.00B,$0.28B,-0.68%,$116,$75,$41,$17,$15,$108,$8,$-4,$4,$1,$3,$3,$3,$17,$8,$39,39,$0.08,$0.08,$118,$89,$0,$284,$76,$7,$116,$19,$219,$502,$189,$150,$24,$183,$372,$0,$-1427,$10,$130,$502,$3,$9,$6,$15,$-9,$-9,$6,$-1,$-15,$3,$-6,$0,$0,$9,$0,$9,$0,$3,$8,$-0,$7,$3,$3,$0,$0,$11,$17,$3,$0
41,2008-04-30,10.8,$2.82,3.84,$10.41,1.04,$-0.10,0.0,$-0.88,0.0,$0.26B,$0.19B,1.35,$0.15B,$0.11B,1.41,$0.40B,$0.12B,28.61%,$0.40B,$-0.01B,-3.48%,$0.40B,$-0.01B,-3.48%,$0.40B,$0.06B,15.92%,$0.40B,$-0.03B,-7.71%,$0.40B,$-0.08B,-19.40%,$-0.08B,$0.11B,-49.76%,$-0.08B,$0.01B,-405.19%,$-0.08B,$0.48B,-14.91%,$-0.01B,$0.26B,-4.40%,$82,$69,$13,$7,$2,$78,$5,$-8,$-3,$0,$-3,$-3,$-49,$54,$5,$39,39,$-1.25,$-1.25,$110,$83,$0,$261,$90,$9,$104,$16,$220,$480,$194,$154,$15,$178,$372,$0,$-1445,$13,$109,$480,$-79,$78,$19,$97,$9,$-1,$1,$-6,$16,$35,$-27,$0,$1,$0,$31,$31,$0,$5,$-16,$0,$-16,$0,$0,$0,$0,$-16,$23,$12,$0
42,2008-01-31,12.8,$4.28,2.99,$10.78,1.19,$-0.12,0.0,$-1.04,0.0,$0.27B,$0.20B,1.33,$0.15B,$0.17B,0.91,$0.42B,$0.13B,31.89%,$0.42B,$-0.04B,-8.63%,$0.42B,$-0.04B,-8.63%,$0.42B,$0.00B,0.24%,$0.42B,$-0.05B,-11.27%,$0.42B,$-0.05B,-11.51%,$-0.05B,$0.17B,-27.27%,$-0.05B,$0.02B,-213.33%,$-0.05B,$0.54B,-8.88%,$-0.04B,$0.32B,-10.35%,$113,$75,$38,$21,$24,$121,$-8,$-2,$-11,$1,$-11,$-11,$-11,$2,$-8,$39,39,$-0.32,$-0.32,$114,$83,$0,$266,$86,$13,$146,$32,$277,$543,$201,$150,$19,$177,$377,$0,$-1383,$11,$165,$543,$-30,$29,$10,$39,$1,$-4,$-4,$-2,$7,$16,$-17,$0,$0,$22,$1,$22,$0,$5,$-0,$-1,$-2,$0,$0,$0,$0,$-2,$19,$9,$0
43,2007-10-31,18.56,$4.45,4.17,$10.51,1.77,$0.16,112.96,$-0.80,0.0,$0.25B,$0.18B,1.39,$0.15B,$0.17B,0.87,$0.41B,$0.13B,32.52%,$0.41B,$-0.02B,-5.83%,$0.41B,$-0.02B,-5.83%,$0.41B,$0.01B,3.16%,$0.41B,$-0.04B,-8.50%,$0.41B,$-0.04B,-8.98%,$-0.04B,$0.17B,-20.11%,$-0.04B,$0.02B,-113.85%,$-0.04B,$0.53B,-6.88%,$-0.02B,$0.32B,-6.55%,$101,$69,$32,$18,$21,$108,$-7,$-3,$-10,$1,$-11,$-11,$-11,$2,$-7,$39,39,$-0.32,$-0.32,$106,$79,$0,$251,$84,$13,$149,$31,$277,$529,$180,$150,$20,$177,$357,$0,$-1372,$9,$172,$529,$-19,$19,$6,$25,$2,$-1,$-9,$1,$-5,$2,$-11,$0,$0,$-0,$1,$0,$0,$-10,$-0,$-1,$-1,$0,$0,$0,$0,$-1,$-10,$5,$0
44,2007-07-31,29.04,$4.69,6.2,$10.72,2.71,$0.51,57.24,$-1.36,0.0,$0.26B,$0.14B,1.85,$0.19B,$0.18B,1.08,$0.42B,$0.14B,33.41%,$0.42B,$-0.01B,-2.86%,$0.42B,$-0.01B,-2.86%,$0.42B,$0.03B,6.21%,$0.42B,$-0.06B,-13.13%,$0.42B,$-0.06B,-13.37%,$-0.06B,$0.18B,-29.67%,$-0.06B,$0.03B,-141.77%,$-0.06B,$0.54B,-10.42%,$-0.01B,$0.38B,-3.15%,$106,$73,$32,$18,$18,$109,$-4,$-3,$-7,$1,$-7,$-7,$-7,$6,$-4,$39,39,$-0.16,$-0.16,$113,$77,$0,$257,$84,$17,$151,$31,$283,$541,$139,$194,$20,$221,$360,$0,$-1362,$11,$181,$541,$-7,$10,$3,$13,$-2,$-0,$-7,$3,$-2,$5,$-6,$-1,$0,$-1,$0,$-1,$0,$-8,$-0,$-0,$-1,$0,$0,$0,$0,$-1,$-4,$3,$0
45,2007-04-30,28.96,$4.81,6.02,$10.60,2.73,$0.60,47.92,$-1.20,0.0,$0.26B,$0.14B,1.83,$0.19B,$0.19B,1.04,$0.42B,$0.14B,33.89%,$0.42B,$-0.01B,-1.19%,$0.42B,$-0.01B,-1.19%,$0.42B,$0.03B,7.88%,$0.42B,$-0.05B,-11.46%,$0.42B,$-0.05B,-11.46%,$-0.05B,$0.19B,-25.03%,$-0.05B,$0.02B,-106.08%,$-0.05B,$0.55B,-8.99%,$-0.01B,$0.38B,-1.27%,$97,$65,$31,$18,$24,$113,$-17,$-2,$-19,$1,$-19,$-19,$-19,$-9,$-17,$38,38,$-0.48,$-0.48,$113,$78,$0,$261,$84,$20,$168,$15,$287,$548,$142,$193,$21,$220,$363,$0,$-1355,$11,$186,$548,$-49,$38,$52,$89,$2,$-17,$3,$1,$-11,$29,$-22,$0,$-11,$-7,$1,$-6,$0,$-38,$-0,$-2,$-2,$4,$4,$0,$0,$2,$-7,$12,$0
46,2007-01-31,25.92,$5.10,5.08,$10.91,2.38,$-0.11,0.0,$-0.72,0.0,$0.26B,$0.12B,2.16,$0.19B,$0.20B,0.97,$0.42B,$0.14B,33.96%,$0.42B,$0.01B,2.83%,$0.42B,$0.01B,2.83%,$0.42B,$0.05B,12.74%,$0.42B,$-0.03B,-7.55%,$0.42B,$-0.03B,-7.78%,$-0.03B,$0.20B,-17.44%,$-0.03B,$0.06B,-67.69%,$-0.03B,$0.53B,-6.31%,$0.01B,$0.39B,2.97%,$108,$68,$39,$17,$18,$104,$4,$-3,$1,$1,$0,$0,$0,$14,$4,$39,41,$0.00,$0.00,$120,$63,$0,$260,$82,$25,$138,$30,$274,$534,$120,$192,$19,$217,$337,$0,$-1339,$9,$197,$534,$-29,$30,$43,$73,$-7,$-8,$-2,$-4,$-17,$27,$-17,$0,$0,$4,$-18,$-13,$0,$-30,$-0,$-2,$-2,$4,$4,$0,$0,$2,$-1,$9,$0
47,2006-10-31,27.84,$4.95,5.62,$10.69,2.6,$-0.58,0.0,$-0.48,0.0,$0.25B,$0.12B,2.07,$0.19B,$0.19B,1.0,$0.41B,$0.13B,32.20%,$0.41B,$0.01B,1.71%,$0.41B,$0.01B,1.71%,$0.41B,$0.05B,12.44%,$0.41B,$-0.03B,-6.59%,$0.41B,$-0.03B,-6.59%,$-0.03B,$0.19B,-14.94%,$-0.03B,$0.05B,-75.00%,$-0.03B,$0.53B,-5.25%,$0.01B,$0.38B,1.72%,$108,$71,$38,$16,$17,$103,$5,$-35,$-30,$1,$-30,$-30,$-30,$15,$5,$38,38,$-0.80,$-0.80,$113,$59,$0,$251,$81,$27,$140,$29,$277,$527,$121,$191,$20,$216,$336,$0,$-1340,$7,$191,$527,$-30,$19,$40,$59,$-7,$-5,$3,$-5,$-14,$15,$-11,$0,$0,$-11,$0,$-11,$0,$-22,$-0,$-1,$-1,$4,$4,$0,$0,$2,$-5,$7,$0
