,Date,Stock Price,Book Value per Share,Price to Book Ratio,TTM Sales per Share,Price to Sales Ratio,TTM FCF per Share,Price to FCF Ratio,TTM Net EPS,PE Ratio,Current Assets,Current Liabilities,Current Ratio,Long Term Debt,Shareholder's Equity_x,Debt to Equity Ratio,TTM Revenue_x,TTM Gross Profit,Gross Margin,TTM Revenue_y,TTM Operating Income,Operating Margin,TTM Revenue_x,TTM EBIT,EBIT Margin,TTM Revenue_y,TTM EBITDA,EBITDA Margin,TTM Revenue_x,TTM Pre-Tax Income,Pre-Tax Margin,TTM Revenue_y,TTM Net Income_x,Net Margin,TTM Net Income_y,Shareholder's Equity_y,Return on Equity,TTM Net Income_x,Tangible Equity,Return on Tangible Equity,TTM Net Income_y,Total Assets,Return on Assets,TTM Net Income,LT Investments & Debt,Return on Investment,revenue,cost-goods-sold,gross-profit,research-development-expenses,selling-general-administrative-expenses,operating-expenses,operating-income,total-non-operating-income-expense,pre-tax-income,total-provision-income-taxes,income-after-taxes,income-from-continuous-operations,net-income,ebitda,ebit,basic-shares-outstanding,shares-outstanding,eps-basic-net-earnings-per-share,eps-earnings-per-share-diluted,cash-on-hand,inventory,other-current-assets,total-current-assets,net-property-plant-equipment,long-term-investments,goodwill-intangible-assets-total,other-long-term-assets,total-long-term-assets,total-assets,total-current-liabilities,long-term-debt,other-non-current-liabilities,total-long-term-liabilities,total-liabilities,common-stock-net,retained-earnings-accumulated-deficit,comprehensive-income,total-share-holder-equity,total-liabilities-share-holders-equity,net-income-loss,total-depreciation-amortization-cash-flow,other-non-cash-items,total-non-cash-items,change-in-accounts-receivable,change-in-inventories,change-in-accounts-payable,change-in-assets-liabilities,total-change-in-assets-liabilities,cash-flow-from-operating-activities,net-change-in-property-plant-equipment,net-change-in-intangible-assets,net-acquisitions-divestitures,net-change-in-short-term-investments,net-change-in-long-term-investments,net-change-in-investments-total,investing-activities-other,cash-flow-from-investing-activities,net-long-term-debt,net-current-debt,debt-issuance-retirement-net-total,net-common-equity-issued-repurchased,net-total-equity-issued-repurchased,total-common-preferred-stock-dividends-paid,financial-activities-other,cash-flow-from-financial-activities,net-cash-flow,stock-based-compensation,common-stock-dividends-paid
0,2018-09-30,23.22,$4.64,5.01,$18.68,1.24,$-1.52,0.0,$0.52,44.65,$0.98B,$0.35B,2.85,$0.92B,$0.39B,2.38,$1.60B,$0.46B,28.59%,$1.60B,$0.17B,10.34%,$1.60B,$0.17B,10.34%,$1.60B,$0.22B,13.73%,$1.60B,$0.12B,7.52%,$1.60B,$0.06B,3.76%,$0.06B,$0.39B,15.79%,$0.06B,$-0.02B,-750.00%,$0.06B,$1.88B,3.38%,$0.17B,$1.31B,13.87%,$395,$290,$105,$0,$64,$357,$39,$-11,$28,$11,$16,$16,$16,$52,$39,$84,85,$0.19,$0.19,$126,$378,$27,$983,$354,$0,$404,$38,$899,$1882,$345,$924,$66,$1149,$1494,$93,$245,$-101,$388,$1882,$70,$40,$27,$68,$-36,$-59,$11,$-17,$-102,$36,$-64,$0,$-48,$0,$0,$0,$0,$-112,$63,$112,$175,$-17,$-17,$0,$-16,$141,$63,$0,$0
1,2018-06-30,20.85,$4.56,4.57,$18.14,1.15,$-1.14,0.0,$0.79,26.39,$0.92B,$0.34B,2.67,$0.82B,$0.38B,2.12,$1.55B,$0.46B,29.35%,$1.55B,$0.16B,10.45%,$1.55B,$0.16B,10.45%,$1.55B,$0.22B,13.94%,$1.55B,$0.12B,7.87%,$1.55B,$0.07B,4.32%,$0.07B,$0.38B,18.12%,$0.07B,$0.01B,-462.07%,$0.07B,$1.77B,3.94%,$0.16B,$1.20B,14.50%,$416,$290,$127,$0,$70,$363,$53,$-13,$40,$10,$30,$30,$30,$66,$53,$84,86,$0.35,$0.35,$45,$382,$26,$915,$335,$0,$378,$36,$859,$1774,$342,$815,$72,$1048,$1390,$93,$229,$-100,$384,$1774,$53,$27,$18,$45,$-51,$-65,$-2,$-19,$-136,$-38,$-44,$0,$-5,$0,$0,$0,$0,$-48,$463,$-382,$81,$-6,$-6,$0,$-6,$69,$-19,$0,$0
2,2018-03-31,23.22,$4.64,5.01,$17.36,1.34,$-0.21,0.0,$0.69,33.65,$0.89B,$0.35B,2.51,$0.77B,$0.39B,1.98,$1.48B,$0.44B,29.40%,$1.48B,$0.15B,10.18%,$1.48B,$0.15B,10.18%,$1.48B,$0.20B,13.76%,$1.48B,$0.11B,7.55%,$1.48B,$0.06B,3.91%,$0.06B,$0.39B,16.36%,$0.06B,$0.01B,-580.00%,$0.06B,$1.76B,3.57%,$0.15B,$1.17B,14.28%,$406,$287,$119,$0,$73,$364,$41,$-10,$31,$8,$24,$24,$23,$55,$41,$84,86,$0.28,$0.27,$53,$358,$16,$887,$326,$0,$386,$45,$875,$1762,$354,$773,$76,$1017,$1370,$93,$199,$-68,$391,$1762,$24,$13,$4,$17,$-33,$-29,$-7,$-7,$-75,$-34,$-21,$0,$-2,$0,$0,$0,$0,$-23,$48,$0,$48,$0,$0,$0,$-2,$46,$-10,$0,$0
3,2017-12-31,23.59,$4.25,5.56,$16.39,1.44,$0.37,63.89,$0.68,34.69,$0.83B,$0.36B,2.33,$0.73B,$0.36B,2.04,$1.40B,$0.42B,29.76%,$1.40B,$0.15B,10.44%,$1.40B,$0.15B,10.44%,$1.40B,$0.20B,14.09%,$1.40B,$0.11B,7.87%,$1.40B,$0.06B,4.08%,$0.06B,$0.36B,17.36%,$0.06B,$-0.03B,-530.23%,$0.06B,$1.68B,3.73%,$0.15B,$1.08B,14.71%,$378,$272,$105,$0,$70,$346,$32,$-11,$21,$30,$-9,$-9,$-9,$46,$32,$84,85,$-0.10,$-0.11,$64,$324,$16,$826,$322,$0,$383,$44,$856,$1682,$355,$726,$77,$970,$1326,$93,$172,$-75,$357,$1682,$58,$50,$43,$93,$-26,$-47,$26,$-7,$-76,$85,$-51,$0,$-131,$0,$2,$2,$1,$-179,$355,$-234,$121,$5,$5,$0,$-17,$108,$18,$12,$0
4,2017-09-30,22.3,$4.14,5.38,$15.27,1.46,$0.45,49.15,$0.53,42.08,$0.75B,$0.30B,2.48,$0.67B,$0.35B,1.94,$1.30B,$0.39B,30.05%,$1.30B,$0.10B,7.99%,$1.30B,$0.10B,7.99%,$1.30B,$0.15B,11.84%,$1.30B,$0.06B,4.92%,$1.30B,$0.05B,3.46%,$0.05B,$0.35B,14.86%,$0.05B,$-0.04B,-375.00%,$0.05B,$1.58B,3.15%,$0.10B,$1.02B,11.25%,$350,$246,$104,$0,$66,$314,$36,$-6,$30,$7,$23,$23,$23,$49,$36,$84,85,$0.27,$0.27,$52,$287,$20,$747,$289,$0,$389,$45,$829,$1576,$301,$673,$84,$928,$1229,$93,$180,$-89,$347,$1576,$66,$36,$20,$56,$-45,$-31,$1,$-12,$-87,$35,$-30,$0,$-72,$0,$2,$2,$1,$-99,$82,$0,$82,$0,$0,$0,$-14,$68,$7,$0,$0
5,2017-06-30,18.29,$3.86,4.74,$14.59,1.25,$0.31,59.54,$0.15,121.93,$0.74B,$0.29B,2.56,$0.64B,$0.32B,1.98,$1.24B,$0.38B,30.32%,$1.24B,$0.10B,8.15%,$1.24B,$0.10B,8.15%,$1.24B,$0.15B,12.10%,$1.24B,$0.06B,4.92%,$1.24B,$0.01B,1.05%,$0.01B,$0.32B,4.41%,$0.01B,$0.02B,94.55%,$0.01B,$1.48B,0.97%,$0.10B,$0.96B,11.64%,$349,$240,$108,$0,$63,$306,$42,$-12,$30,$9,$21,$21,$21,$54,$42,$84,85,$0.25,$0.25,$79,$272,$14,$736,$274,$0,$300,$52,$742,$1478,$287,$638,$61,$867,$1155,$93,$158,$-86,$323,$1478,$43,$23,$16,$39,$-48,$-29,$14,$-5,$-68,$15,$-17,$0,$-15,$0,$0,$0,$0,$-32,$375,$-313,$62,$0,$0,$0,$-14,$48,$33,$0,$0
6,2017-03-31,15.19,$3.43,4.44,$14.03,1.08,$0.19,81.75,$0.12,126.58,$0.68B,$0.26B,2.65,$0.62B,$0.29B,2.16,$1.19B,$0.37B,30.78%,$1.19B,$0.10B,8.33%,$1.19B,$0.10B,8.33%,$1.19B,$0.15B,12.36%,$1.19B,$0.06B,5.38%,$1.19B,$0.01B,0.93%,$0.01B,$0.29B,3.74%,$0.01B,$0.00B,43.56%,$0.01B,$1.38B,0.85%,$0.10B,$0.91B,11.94%,$321,$222,$99,$0,$59,$284,$36,$-7,$29,$7,$22,$22,$22,$48,$36,$84,85,$0.26,$0.26,$93,$251,$10,$681,$258,$0,$284,$51,$703,$1384,$257,$618,$59,$841,$1098,$93,$137,$-99,$286,$1384,$22,$11,$8,$19,$-27,$-17,$8,$-3,$-39,$2,$-7,$0,$0,$0,$0,$0,$0,$-7,$377,$-312,$65,$0,$0,$0,$-13,$52,$47,$0,$0
7,2016-12-31,14.33,$3.06,4.69,$13.55,1.06,$0.08,177.13,$-0.26,0.0,$0.58B,$0.25B,2.37,$0.56B,$0.26B,2.19,$1.15B,$0.35B,30.66%,$1.15B,$0.09B,8.21%,$1.15B,$0.09B,8.21%,$1.15B,$0.14B,12.23%,$1.15B,$0.06B,5.50%,$1.15B,$-0.02B,-1.83%,$-0.02B,$0.26B,-7.02%,$-0.02B,$-0.03B,-59.57%,$-0.02B,$1.28B,-1.67%,$0.09B,$0.81B,11.72%,$281,$202,$80,$0,$76,$292,$-10,$-15,$-25,$-5,$-21,$-21,$-21,$3,$-10,$83,85,$-0.25,$-0.24,$46,$230,$9,$582,$262,$0,$286,$47,$702,$1284,$246,$557,$63,$783,$1029,$93,$115,$-107,$255,$1284,$-20,$47,$61,$108,$-22,$-10,$1,$-3,$-22,$63,$-21,$0,$-130,$0,$0,$0,$0,$-151,$-48,$142,$93,$-10,$-10,$0,$-1,$82,$-13,$7,$0
8,2016-09-30,13.81,$3.79,3.64,$13.23,1.04,$-0.31,0.0,$0.57,24.23,$0.58B,$0.23B,2.56,$0.48B,$0.32B,1.51,$1.13B,$0.35B,30.74%,$1.13B,$0.11B,9.74%,$1.13B,$0.11B,9.74%,$1.13B,$0.15B,13.46%,$1.13B,$0.09B,7.97%,$1.13B,$0.05B,4.52%,$0.05B,$0.32B,16.13%,$0.05B,$0.06B,83.61%,$0.05B,$1.23B,4.11%,$0.11B,$0.79B,13.81%,$289,$200,$89,$0,$56,$255,$33,$-7,$27,$6,$21,$21,$-9,$45,$33,$83,84,$-0.11,$-0.11,$41,$211,$8,$579,$249,$0,$255,$50,$654,$1233,$227,$477,$66,$690,$917,$93,$136,$-63,$316,$1233,$1,$34,$31,$65,$-44,$-20,$-3,$9,$-59,$7,$-15,$0,$-11,$0,$0,$0,$0,$-26,$-50,$63,$14,$-11,$-11,$0,$-0,$2,$-18,$0,$0
9,2016-06-30,13.38,$3.86,3.47,$12.98,1.03,$-0.27,0.0,$0.63,21.24,$0.60B,$0.23B,2.57,$0.49B,$0.32B,1.51,$1.12B,$0.34B,29.94%,$1.12B,$0.10B,9.12%,$1.12B,$0.10B,9.12%,$1.12B,$0.15B,13.23%,$1.12B,$0.08B,7.33%,$1.12B,$0.06B,5.00%,$0.06B,$0.32B,17.76%,$0.06B,$0.07B,79.72%,$0.06B,$1.26B,4.55%,$0.10B,$0.81B,13.07%,$298,$200,$98,$0,$58,$258,$40,$-6,$33,$8,$25,$25,$19,$51,$40,$83,84,$0.23,$0.22,$49,$207,$34,$602,$253,$0,$252,$49,$653,$1255,$234,$485,$67,$700,$934,$93,$145,$-66,$321,$1255,$9,$22,$20,$42,$-42,$-18,$3,$3,$-53,$-2,$-10,$0,$-7,$0,$0,$0,$0,$-17,$-48,$71,$22,$-11,$-11,$0,$-0,$11,$-9,$0,$0
10,2016-03-31,11.87,$3.65,3.25,$12.47,0.95,$-0.37,0.0,$0.49,24.22,$0.59B,$0.23B,2.52,$0.49B,$0.30B,1.63,$1.09B,$0.32B,28.93%,$1.09B,$0.09B,7.90%,$1.09B,$0.09B,7.90%,$1.09B,$0.13B,11.85%,$1.09B,$0.07B,6.15%,$1.09B,$0.04B,4.04%,$0.04B,$0.30B,13.88%,$0.04B,$0.04B,45.13%,$0.04B,$1.25B,3.65%,$0.09B,$0.80B,11.28%,$277,$193,$84,$0,$53,$247,$31,$-3,$28,$8,$20,$20,$-10,$41,$31,$83,84,$-0.12,$-0.12,$56,$195,$31,$589,$259,$0,$262,$49,$658,$1247,$233,$493,$67,$710,$943,$93,$126,$-63,$304,$1247,$-10,$11,$13,$23,$-24,$-8,$6,$2,$-24,$-10,$-4,$0,$-8,$0,$0,$0,$0,$-12,$-47,$78,$30,$-11,$-11,$0,$0,$19,$-3,$0,$0
11,2015-12-31,11.12,$3.86,2.88,$12.15,0.91,$-0.49,0.0,$0.74,15.03,$0.55B,$0.22B,2.54,$0.47B,$0.32B,1.44,$1.08B,$0.30B,28.09%,$1.08B,$0.08B,7.07%,$1.08B,$0.08B,7.07%,$1.08B,$0.12B,10.79%,$1.08B,$0.05B,5.02%,$1.08B,$0.07B,6.05%,$0.07B,$0.32B,20.42%,$0.07B,$0.07B,51.08%,$0.07B,$1.23B,5.66%,$0.08B,$0.79B,10.61%,$265,$189,$76,$0,$66,$259,$6,$-4,$2,$-57,$59,$59,$51,$15,$6,$87,88,$0.59,$0.56,$58,$185,$32,$553,$260,$0,$252,$72,$672,$1225,$218,$466,$68,$683,$901,$93,$136,$-61,$324,$1225,$63,$41,$-47,$-6,$20,$7,$-15,$4,$-7,$51,$-42,$0,$-202,$0,$0,$0,$0,$-245,$-10,$170,$160,$-38,$-38,$0,$-2,$120,$-82,$9,$0
12,2015-09-30,10.95,$3.60,3.04,$12.16,0.9,$-0.43,0.0,$0.29,37.76,$0.59B,$0.24B,2.5,$0.42B,$0.31B,1.33,$1.07B,$0.29B,26.61%,$1.07B,$-0.01B,-0.65%,$1.07B,$-0.01B,-0.65%,$1.07B,$0.03B,2.61%,$1.07B,$-0.03B,-2.33%,$1.07B,$0.03B,2.33%,$0.03B,$0.31B,7.78%,$0.03B,$0.10B,16.08%,$0.03B,$1.20B,2.24%,$-0.01B,$0.73B,-1.03%,$279,$202,$77,$0,$48,$255,$25,$-5,$19,$4,$16,$16,$-4,$41,$25,$87,88,$-0.05,$-0.05,$69,$193,$32,$592,$259,$0,$214,$87,$603,$1195,$237,$416,$75,$646,$883,$93,$85,$-54,$312,$1195,$12,$32,$7,$39,$-3,$-1,$-10,$-6,$-20,$31,$-36,$0,$-167,$0,$0,$0,$0,$-203,$-0,$116,$116,$-7,$-7,$0,$-1,$107,$-71,$0,$0
13,2015-06-30,16.78,$3.76,4.46,$12.17,1.38,$-0.30,0.0,$0.89,18.85,$0.68B,$0.21B,3.18,$0.41B,$0.33B,1.24,$1.07B,$0.28B,26.31%,$1.07B,$-0.01B,-1.12%,$1.07B,$-0.01B,-1.12%,$1.07B,$0.02B,1.40%,$1.07B,$-0.04B,-3.93%,$1.07B,$0.08B,7.12%,$0.08B,$0.33B,23.14%,$0.08B,$0.18B,38.73%,$0.08B,$1.16B,7.07%,$-0.01B,$0.73B,-1.83%,$268,$191,$78,$0,$53,$244,$24,$-6,$18,$6,$12,$12,$7,$32,$24,$87,89,$0.08,$0.08,$211,$158,$32,$677,$194,$0,$150,$97,$477,$1155,$213,$406,$49,$614,$826,$93,$89,$-49,$328,$1155,$16,$16,$11,$27,$-18,$1,$-2,$-21,$-39,$4,$-26,$0,$-5,$0,$0,$0,$0,$-32,$-2,$105,$103,$0,$0,$0,$-0,$102,$71,$0,$0
14,2015-03-31,12.55,$3.54,3.54,$12.48,1.01,$-0.33,0.0,$0.92,13.64,$0.56B,$0.20B,2.76,$0.30B,$0.31B,0.98,$1.09B,$0.28B,25.69%,$1.09B,$-0.01B,-0.82%,$1.09B,$-0.01B,-0.82%,$1.09B,$0.02B,2.01%,$1.09B,$-0.04B,-3.75%,$1.09B,$0.08B,7.22%,$0.08B,$0.31B,24.48%,$0.08B,$0.16B,37.80%,$0.08B,$1.02B,7.49%,$-0.01B,$0.61B,-1.41%,$263,$192,$71,$0,$49,$242,$21,$-5,$15,$2,$13,$13,$11,$28,$21,$87,88,$0.12,$0.13,$105,$153,$37,$557,$193,$0,$149,$85,$460,$1017,$202,$302,$47,$506,$708,$93,$82,$-58,$309,$1017,$9,$8,$6,$14,$-12,$1,$1,$-24,$-33,$-10,$-15,$0,$-5,$0,$0,$0,$0,$-20,$-3,$0,$-3,$0,$0,$0,$1,$-3,$-35,$0,$0
15,2014-12-31,12.96,$3.86,3.36,$12.69,1.02,$-0.43,0.0,$0.99,13.09,$0.61B,$0.24B,2.59,$0.30B,$0.34B,0.89,$1.11B,$0.29B,25.63%,$1.11B,$-0.01B,-0.99%,$1.11B,$-0.01B,-0.99%,$1.11B,$0.03B,2.25%,$1.11B,$-0.04B,-3.87%,$1.11B,$0.09B,7.64%,$0.09B,$0.34B,26.67%,$0.09B,$0.19B,38.12%,$0.09B,$1.09B,7.98%,$-0.01B,$0.63B,-1.73%,$261,$202,$59,$0,$134,$337,$-77,$-0,$-77,$-47,$-30,$-30,$11,$-73,$-77,$87,87,$0.13,$0.13,$141,$158,$45,$614,$213,$0,$151,$74,$478,$1092,$237,$298,$53,$519,$756,$93,$71,$-22,$336,$1092,$86,$35,$-48,$-13,$-14,$-13,$6,$0,$-33,$60,$-47,$0,$122,$0,$0,$0,$0,$75,$-302,$-9,$-312,$1,$1,$0,$293,$-18,$112,$10,$0
16,2014-09-30,14.49,$3.93,3.69,$13.96,1.04,$-0.38,0.0,$1.55,9.35,$0.62B,$0.27B,2.26,$0.30B,$0.34B,0.88,$1.23B,$0.31B,24.90%,$1.23B,$0.14B,11.27%,$1.23B,$0.14B,11.27%,$1.23B,$0.18B,14.61%,$1.23B,$0.11B,8.65%,$1.23B,$0.14B,11.02%,$0.14B,$0.34B,44.52%,$0.14B,$0.26B,59.73%,$0.14B,$1.04B,12.92%,$0.14B,$0.64B,22.54%,$276,$203,$73,$0,$52,$256,$20,$-17,$2,$5,$-3,$-3,$47,$28,$20,$87,87,$0.55,$0.55,$95,$158,$109,$619,$202,$0,$80,$116,$415,$1035,$274,$301,$33,$419,$694,$93,$60,$-4,$341,$1035,$75,$31,$-47,$-16,$3,$-26,$13,$-8,$-17,$42,$-35,$0,$82,$0,$0,$0,$0,$47,$-690,$378,$-312,$0,$0,$0,$293,$-19,$67,$0,$0
17,2014-06-30,12.56,$3.51,3.58,$14.21,0.88,$-0.48,0.0,$1.15,10.92,$0.64B,$0.29B,2.21,$0.36B,$0.31B,1.16,$1.25B,$0.30B,24.38%,$1.25B,$0.13B,10.75%,$1.25B,$0.13B,10.75%,$1.25B,$0.18B,14.35%,$1.25B,$0.11B,9.14%,$1.25B,$0.10B,8.10%,$0.10B,$0.31B,37.10%,$0.10B,$0.23B,51.53%,$0.10B,$1.07B,9.59%,$0.13B,$0.66B,23.28%,$294,$216,$78,$0,$49,$267,$27,$-8,$19,$5,$14,$14,$10,$39,$27,$87,88,$0.11,$0.11,$50,$160,$144,$641,$213,$0,$76,$125,$433,$1074,$291,$355,$32,$478,$769,$93,$13,$8,$305,$1074,$27,$23,$3,$26,$-43,$-34,$25,$1,$-51,$3,$-27,$0,$0,$0,$0,$0,$0,$-27,$46,$0,$46,$0,$0,$0,$0,$47,$22,$0,$0
18,2014-03-31,13.66,$3.37,4.05,$14.56,0.94,$-0.49,0.0,$1.02,13.39,$0.61B,$0.33B,1.85,$0.31B,$0.29B,1.07,$1.27B,$0.30B,23.66%,$1.27B,$0.11B,8.73%,$1.27B,$0.11B,8.73%,$1.27B,$0.16B,12.34%,$1.27B,$0.09B,7.23%,$1.27B,$0.09B,7.00%,$0.09B,$0.29B,36.22%,$0.09B,$0.22B,52.51%,$0.09B,$1.06B,8.48%,$0.11B,$0.61B,21.10%,$281,$206,$75,$0,$51,$261,$19,$-7,$13,$2,$10,$10,$17,$31,$19,$87,88,$0.20,$0.20,$41,$211,$13,$613,$294,$0,$76,$60,$449,$1062,$332,$314,$29,$437,$769,$93,$3,$8,$293,$1062,$17,$11,$-4,$7,$-33,$-21,$37,$-14,$-32,$-22,$-12,$0,$0,$0,$0,$0,$0,$-12,$1,$46,$47,$0,$0,$0,$-0,$47,$13,$0,$0
19,2013-12-31,12.83,$3.16,4.06,$16.18,0.79,$-0.40,0.0,$0.83,15.46,$0.56B,$0.31B,1.77,$0.27B,$0.27B,0.98,$1.41B,$0.31B,21.65%,$1.41B,$0.10B,7.10%,$1.41B,$0.10B,7.10%,$1.41B,$0.15B,10.43%,$1.41B,$0.09B,6.32%,$1.41B,$0.07B,5.18%,$0.07B,$0.27B,32.63%,$0.07B,$0.20B,49.49%,$0.07B,$1.01B,6.96%,$0.10B,$0.54B,20.33%,$374,$296,$79,$0,$-9,$302,$72,$-1,$72,$11,$61,$61,$61,$81,$72,$87,88,$0.70,$0.69,$28,$145,$118,$555,$225,$0,$77,$132,$453,$1008,$314,$267,$34,$421,$734,$93,$-15,$8,$274,$1008,$72,$47,$-90,$-43,$15,$18,$-28,$0,$-1,$18,$-1,$0,$17,$0,$0,$0,$1,$17,$-41,$7,$-34,$1,$1,$0,$-3,$-37,$-1,$0,$0
20,2013-09-30,9.11,$2.50,3.64,$16.55,0.55,$-0.97,0.0,$-0.60,0.0,$0.62B,$0.35B,1.75,$0.28B,$0.22B,1.28,$1.44B,$0.28B,19.72%,$1.44B,$-0.03B,-2.23%,$1.44B,$-0.03B,-2.23%,$1.44B,$0.02B,1.53%,$1.44B,$-0.05B,-3.55%,$1.44B,$-0.05B,-3.62%,$-0.05B,$0.22B,-25.12%,$-0.05B,$0.14B,-39.85%,$-0.05B,$1.07B,-4.88%,$-0.03B,$0.50B,-6.75%,$298,$226,$72,$0,$53,$282,$16,$-6,$10,$0,$10,$10,$13,$28,$16,$86,87,$0.15,$0.15,$36,$196,$15,$618,$300,$0,$76,$55,$451,$1069,$354,$278,$20,$498,$853,$93,$-75,$13,$217,$1069,$12,$38,$-21,$17,$-23,$12,$-6,$-8,$-25,$3,$-5,$0,$17,$0,$0,$0,$1,$13,$-26,$17,$-9,$0,$0,$0,$-1,$-10,$6,$0,$0
21,2013-06-30,6.95,$2.29,3.03,$17.87,0.39,$-1.25,0.0,$-4.41,0.0,$0.61B,$0.37B,1.63,$0.26B,$0.20B,1.32,$1.55B,$0.27B,17.59%,$1.55B,$-0.25B,-16.17%,$1.55B,$-0.25B,-16.17%,$1.55B,$-0.19B,-12.55%,$1.55B,$-0.27B,-17.53%,$1.55B,$-0.38B,-24.64%,$-0.38B,$0.20B,-172.20%,$-0.38B,$0.12B,-266.43%,$-0.38B,$1.06B,-35.30%,$-0.25B,$0.46B,-51.44%,$319,$244,$75,$0,$58,$315,$4,$-7,$-3,$2,$-5,$-5,$-2,$17,$4,$87,87,$-0.02,$-0.02,$31,$194,$12,$612,$296,$0,$75,$54,$446,$1057,$374,$263,$18,$485,$859,$93,$-88,$8,$199,$1057,$-1,$26,$-7,$19,$-37,$10,$6,$-5,$-26,$-9,$-16,$0,$32,$0,$0,$0,$1,$18,$-9,$1,$-7,$0,$0,$0,$-0,$-8,$1,$0,$0
22,2013-03-31,6.75,$2.37,2.85,$19.67,0.34,$-1.32,0.0,$-4.42,0.0,$0.61B,$0.37B,1.67,$0.27B,$0.21B,1.3,$1.70B,$0.28B,16.62%,$1.70B,$-0.24B,-14.03%,$1.70B,$-0.24B,-14.03%,$1.70B,$-0.18B,-10.69%,$1.70B,$-0.26B,-15.33%,$1.70B,$-0.38B,-22.14%,$-0.38B,$0.21B,-118.74%,$-0.38B,$0.13B,-187.56%,$-0.38B,$1.06B,-31.96%,$-0.24B,$0.47B,-40.47%,$418,$338,$79,$0,$62,$409,$8,$2,$10,$1,$9,$9,$1,$21,$8,$86,87,$0.01,$0.01,$33,$210,$14,$610,$298,$0,$76,$56,$451,$1061,$365,$266,$17,$491,$856,$93,$-86,$14,$205,$1061,$1,$13,$-6,$8,$-14,$-6,$8,$-14,$-25,$-17,$-8,$0,$15,$0,$0,$0,$18,$25,$-10,$4,$-6,$0,$0,$0,$1,$-4,$3,$0,$0
23,2012-12-31,4.18,$2.39,1.75,$20.17,0.21,$-1.42,0.0,$-4.42,0.0,$0.59B,$0.38B,1.58,$0.26B,$0.21B,1.27,$1.75B,$0.29B,16.62%,$1.75B,$-0.23B,-13.41%,$1.75B,$-0.23B,-13.41%,$1.75B,$-0.18B,-10.09%,$1.75B,$-0.27B,-15.19%,$1.75B,$-0.37B,-21.43%,$-0.37B,$0.21B,-90.56%,$-0.37B,$0.13B,-144.54%,$-0.37B,$1.08B,-29.09%,$-0.23B,$0.47B,-33.67%,$400,$342,$57,$0,$95,$460,$-60,$-8,$-68,$-4,$-64,$-64,$-64,$-44,$-60,$86,86,$-0.74,$-0.74,$30,$201,$11,$594,$309,$0,$77,$62,$486,$1079,$377,$262,$18,$496,$872,$93,$-87,$17,$207,$1079,$-373,$57,$328,$386,$8,$22,$-18,$0,$16,$24,$-56,$0,$0,$0,$0,$0,$0,$-55,$-361,$396,$35,$0,$0,$0,$2,$36,$7,$0,$0
24,2012-09-30,3.43,$3.17,1.08,$20.35,0.17,$-1.27,0.0,$-4.01,0.0,$0.62B,$0.37B,1.69,$0.27B,$0.27B,0.99,$1.76B,$0.30B,16.85%,$1.76B,$-0.24B,-13.44%,$1.76B,$-0.24B,-13.44%,$1.76B,$-0.18B,-10.21%,$1.76B,$-0.27B,-15.26%,$1.76B,$-0.37B,-20.82%,$-0.37B,$0.27B,-72.42%,$-0.37B,$0.19B,-116.32%,$-0.37B,$1.12B,-26.67%,$-0.24B,$0.54B,-29.69%,$409,$348,$61,$0,$64,$611,$-202,$-8,$-210,$105,$-316,$-316,$-316,$-188,$-202,$86,86,$-3.66,$-3.66,$25,$212,$13,$616,$332,$0,$83,$72,$504,$1120,$365,$270,$20,$480,$845,$93,$-23,$21,$274,$1120,$-310,$42,$291,$333,$-23,$16,$-4,$8,$-4,$20,$-46,$0,$2,$0,$0,$0,$0,$-44,$22,$3,$25,$0,$0,$0,$1,$26,$2,$0,$0
25,2012-06-30,4.8,$6.74,0.71,$21.90,0.22,$-1.76,0.0,$-0.14,0.0,$0.66B,$0.36B,1.82,$0.30B,$0.58B,0.51,$1.90B,$0.34B,17.89%,$1.90B,$0.00B,0.11%,$1.90B,$0.00B,0.11%,$1.90B,$0.06B,3.21%,$1.90B,$-0.03B,-1.63%,$1.90B,$-0.03B,-1.68%,$-0.03B,$0.58B,-5.34%,$-0.03B,$0.36B,-8.62%,$-0.03B,$1.46B,-2.17%,$0.00B,$0.88B,0.22%,$476,$390,$86,$0,$66,$461,$15,$-8,$7,$5,$2,$2,$2,$29,$15,$86,87,$0.02,$0.02,$25,$217,$14,$659,$367,$0,$229,$87,$798,$1458,$363,$296,$19,$511,$874,$93,$392,$-82,$584,$1458,$6,$28,$-10,$18,$-51,$9,$15,$8,$-19,$5,$-36,$0,$1,$0,$0,$0,$0,$-34,$35,$-2,$33,$0,$0,$0,$-1,$32,$2,$0,$0
26,2012-03-31,5.94,$6.78,0.88,$23.25,0.26,$-2.02,0.0,$0.11,54.0,$0.67B,$0.36B,1.85,$0.30B,$0.59B,0.51,$2.02B,$0.37B,18.24%,$2.02B,$0.03B,1.29%,$2.02B,$0.03B,1.29%,$2.02B,$0.09B,4.36%,$2.02B,$-0.01B,-0.35%,$2.02B,$-0.02B,-0.74%,$-0.02B,$0.59B,-2.45%,$-0.02B,$0.36B,-3.91%,$-0.02B,$1.49B,-1.00%,$0.03B,$0.89B,2.85%,$460,$375,$86,$0,$73,$448,$13,$-7,$6,$3,$3,$3,$4,$27,$13,$86,87,$0.04,$0.04,$23,$243,$10,$671,$379,$0,$227,$89,$814,$1485,$363,$301,$21,$535,$898,$93,$395,$-80,$587,$1485,$4,$14,$-9,$5,$-34,$-12,$12,$14,$-20,$-11,$-23,$0,$0,$0,$0,$0,$0,$-22,$34,$0,$34,$0,$0,$0,$-0,$33,$0,$0,$0
27,2011-12-31,4.89,$6.73,0.73,$24.51,0.2,$-2.14,0.0,$0.36,13.58,$0.63B,$0.33B,1.94,$0.30B,$0.58B,0.51,$2.13B,$0.40B,18.86%,$2.13B,$0.06B,2.58%,$2.13B,$0.06B,2.58%,$2.13B,$0.12B,5.58%,$2.13B,$0.02B,0.94%,$2.13B,$0.00B,0.19%,$0.00B,$0.58B,0.65%,$0.00B,$0.36B,1.03%,$0.00B,$1.44B,0.26%,$0.06B,$0.88B,6.02%,$418,$353,$64,$0,$114,$481,$-63,$-9,$-72,$-12,$-59,$-59,$-57,$-48,$-63,$86,87,$-0.66,$-0.65,$23,$229,$17,$631,$379,$0,$227,$86,$810,$1441,$325,$298,$20,$534,$858,$93,$288,$24,$582,$1441,$5,$63,$51,$114,$-33,$-30,$5,$28,$-61,$53,$-73,$0,$6,$0,$0,$0,$1,$-65,$-631,$647,$16,$1,$-8,$-0,$-1,$6,$-6,$0,$-0
28,2011-09-30,6.15,$7.44,0.83,$25.90,0.24,$-0.13,0.0,$0.71,8.66,$0.71B,$0.38B,1.85,$0.31B,$0.64B,0.47,$2.25B,$0.45B,19.87%,$2.25B,$0.14B,6.36%,$2.25B,$0.14B,6.36%,$2.25B,$0.21B,9.29%,$2.25B,$0.10B,4.53%,$2.25B,$0.07B,3.16%,$0.07B,$0.64B,11.55%,$0.07B,$0.41B,18.53%,$0.07B,$1.53B,4.68%,$0.14B,$0.95B,15.73%,$546,$442,$104,$0,$66,$509,$37,$-9,$28,$9,$19,$19,$19,$53,$37,$86,87,$0.22,$0.22,$22,$243,$25,$709,$389,$0,$231,$82,$819,$1528,$384,$305,$20,$499,$883,$93,$422,$-47,$644,$1528,$66,$49,$6,$54,$-64,$-42,$4,$-36,$-138,$-17,$-52,$0,$2,$0,$0,$0,$0,$-49,$13,$55,$69,$0,$-9,$-0,$-0,$59,$-7,$0,$-0
29,2011-06-30,13.44,$7.33,1.83,$25.77,0.52,$2.44,5.5,$0.46,29.22,$0.74B,$0.43B,1.7,$0.29B,$0.64B,0.46,$2.23B,$0.46B,20.73%,$2.23B,$0.14B,6.36%,$2.23B,$0.14B,6.36%,$2.23B,$0.21B,9.40%,$2.23B,$0.07B,3.22%,$2.23B,$0.05B,2.15%,$0.05B,$0.64B,8.07%,$0.05B,$0.40B,13.20%,$0.05B,$1.57B,3.18%,$0.14B,$0.93B,15.89%,$594,$480,$114,$0,$74,$555,$39,$-8,$31,$11,$20,$20,$19,$56,$39,$86,87,$0.23,$0.22,$27,$253,$14,$736,$394,$0,$232,$84,$833,$1569,$433,$291,$23,$501,$935,$93,$404,$-38,$635,$1569,$43,$33,$28,$61,$-69,$-43,$27,$-14,$-98,$-21,$-32,$0,$2,$0,$0,$0,$0,$-29,$0,$58,$58,$0,$-9,$-0,$-1,$48,$-2,$0,$-0
30,2011-03-31,16.59,$6.99,2.37,$25.22,0.66,$3.92,4.23,$0.32,51.84,$0.71B,$0.43B,1.65,$0.29B,$0.61B,0.48,$2.18B,$0.47B,21.59%,$2.18B,$0.13B,6.14%,$2.18B,$0.13B,6.14%,$2.18B,$0.21B,9.44%,$2.18B,$0.06B,2.89%,$2.18B,$0.04B,1.65%,$0.04B,$0.61B,6.30%,$0.04B,$0.37B,10.56%,$0.04B,$1.54B,2.42%,$0.13B,$0.90B,15.15%,$573,$453,$120,$0,$77,$531,$42,$-9,$33,$10,$23,$23,$23,$58,$42,$86,87,$0.26,$0.26,$30,$249,$10,$707,$390,$0,$232,$84,$831,$1538,$428,$291,$22,$505,$933,$93,$385,$-46,$605,$1538,$23,$16,$4,$21,$-50,$-42,$34,$-14,$-72,$-29,$-16,$0,$1,$0,$0,$0,$0,$-15,$53,$0,$53,$0,$-9,$-0,$0,$44,$1,$0,$-0
31,2010-12-31,14.64,$6.66,2.2,$24.39,0.6,$4.42,3.31,$0.06,244.0,$0.62B,$0.35B,1.8,$0.29B,$0.57B,0.51,$2.10B,$0.46B,21.79%,$2.10B,$0.12B,5.47%,$2.10B,$0.12B,5.47%,$2.10B,$0.19B,9.09%,$2.10B,$0.04B,1.81%,$2.10B,$0.01B,0.62%,$0.01B,$0.57B,2.33%,$0.01B,$0.34B,3.97%,$0.01B,$1.43B,0.87%,$0.12B,$0.87B,12.81%,$537,$428,$109,$0,$64,$512,$25,$-15,$10,$-1,$11,$11,$10,$42,$25,$86,87,$0.11,$0.11,$29,$202,$36,$622,$391,$0,$232,$68,$813,$1434,$346,$291,$25,$515,$860,$93,$362,$-51,$574,$1434,$15,$77,$12,$89,$-26,$-23,$13,$84,$85,$199,$-45,$0,$11,$0,$0,$0,$0,$-33,$-123,$-21,$-144,$0,$0,$-1,$-12,$-157,$11,$0,$-1
32,2010-09-30,12.89,$6.55,1.97,$27.19,0.47,$1.83,7.03,$-0.15,0.0,$0.67B,$0.37B,1.8,$0.32B,$0.56B,0.57,$2.02B,$0.45B,22.24%,$2.02B,$0.11B,5.34%,$2.02B,$0.11B,5.34%,$2.02B,$0.19B,9.44%,$2.02B,$0.03B,1.38%,$2.02B,$-0.01B,-0.49%,$-0.01B,$0.56B,-1.81%,$-0.01B,$0.34B,-3.09%,$-0.01B,$1.50B,-0.66%,$0.11B,$0.89B,11.72%,$529,$408,$120,$0,$75,$493,$36,$-38,$-2,$1,$-2,$-2,$-4,$54,$36,$86,86,$-0.04,$-0.04,$65,$212,$9,$671,$384,$0,$230,$74,$824,$1495,$373,$324,$22,$558,$931,$93,$360,$-60,$564,$1495,$4,$60,$136,$195,$-52,$-31,$33,$31,$-19,$180,$-28,$0,$7,$0,$0,$0,$6,$-14,$-86,$-23,$-109,$0,$0,$-0,$-11,$-121,$47,$0,$-0
33,2010-06-30,7.37,$6.29,1.17,$30.85,0.24,$-0.76,0.0,$-0.07,0.0,$0.67B,$0.36B,1.88,$0.35B,$0.54B,0.64,$1.94B,$0.42B,21.85%,$1.94B,$0.09B,4.55%,$1.94B,$0.09B,4.55%,$1.94B,$0.18B,9.04%,$1.94B,$0.03B,1.50%,$1.94B,$-0.00B,-0.21%,$-0.00B,$0.54B,-0.80%,$-0.00B,$0.31B,-1.50%,$-0.00B,$1.48B,-0.26%,$0.09B,$0.89B,9.46%,$543,$421,$122,$0,$70,$512,$31,$-10,$22,$14,$8,$8,$7,$52,$31,$86,86,$0.08,$0.08,$30,$198,$62,$669,$385,$0,$229,$66,$812,$1481,$357,$348,$26,$583,$940,$93,$364,$-87,$541,$1481,$7,$41,$82,$124,$-56,$-27,$27,$17,$-39,$92,$-16,$0,$0,$0,$0,$0,$6,$-10,$-52,$-19,$-70,$0,$0,$-0,$1,$-70,$11,$0,$-0
34,2010-03-31,8.79,$6.39,1.38,$33.50,0.26,$-3.05,0.0,$-0.42,0.0,$0.70B,$0.35B,1.99,$0.40B,$0.55B,0.73,$1.79B,$0.37B,20.42%,$1.79B,$0.06B,3.35%,$1.79B,$0.06B,3.35%,$1.79B,$0.15B,8.31%,$1.79B,$-0.01B,-0.45%,$1.79B,$-0.02B,-1.28%,$-0.02B,$0.55B,-5.19%,$-0.02B,$0.32B,-11.02%,$-0.02B,$1.54B,-1.49%,$0.06B,$0.95B,6.37%,$493,$386,$107,$0,$71,$470,$23,$-15,$8,$9,$-1,$-1,$-0,$43,$23,$86,86,$-0.00,$-0.00,$18,$194,$115,$698,$411,$0,$231,$72,$844,$1542,$350,$400,$29,$642,$992,$93,$357,$-70,$550,$1542,$-1,$20,$21,$42,$-39,$-18,$25,$-0,$-33,$8,$-9,$0,$0,$0,$0,$0,$0,$-8,$-0,$0,$-0,$0,$0,$-0,$0,$-0,$-1,$0,$-0
35,2009-12-31,8.24,$6.51,1.27,$35.82,0.23,$-4.84,0.0,$-0.88,0.0,$0.65B,$0.32B,2.03,$0.40B,$0.56B,0.71,$1.66B,$0.31B,18.95%,$1.66B,$0.02B,1.39%,$1.66B,$0.02B,1.39%,$1.66B,$0.11B,6.64%,$1.66B,$-0.04B,-2.66%,$1.66B,$-0.04B,-2.66%,$-0.04B,$0.56B,-11.47%,$-0.04B,$0.33B,-29.93%,$-0.04B,$1.53B,-2.87%,$0.02B,$0.96B,2.43%,$458,$358,$101,$0,$76,$441,$18,$-17,$0,$12,$-12,$-12,$-13,$42,$18,$51,51,$-0.17,$-0.17,$19,$181,$120,$652,$432,$0,$232,$77,$874,$1526,$321,$399,$32,$645,$966,$93,$357,$-60,$560,$1526,$-40,$88,$5,$93,$44,$76,$-29,$-112,$-39,$2,$-43,$0,$0,$0,$0,$0,$0,$-43,$-171,$15,$-156,$216,$216,$-1,$-12,$47,$8,$0,$-1
36,2009-09-30,8.9,$7.53,1.18,$36.81,0.24,$-5.94,0.0,$-2.15,0.0,$0.66B,$0.35B,1.89,$0.58B,$0.34B,1.72,$1.63B,$0.28B,17.04%,$1.63B,$-0.08B,-4.72%,$1.63B,$-0.08B,-4.72%,$1.63B,$0.00B,0.31%,$1.63B,$-0.13B,-8.22%,$1.63B,$-0.10B,-5.82%,$-0.10B,$0.34B,-28.77%,$-0.10B,$0.11B,-104.68%,$-0.10B,$1.56B,-6.18%,$-0.08B,$0.92B,-8.25%,$442,$349,$93,$0,$66,$426,$16,$-17,$-1,$-4,$3,$3,$2,$38,$16,$45,45,$0.04,$0.04,$14,$181,$103,$662,$443,$0,$233,$69,$896,$1558,$351,$583,$33,$869,$1220,$52,$371,$-79,$338,$1558,$-28,$64,$-111,$-47,$-6,$77,$-11,$9,$70,$-6,$-31,$0,$0,$0,$0,$0,$0,$-30,$-544,$591,$46,$0,$0,$-1,$-9,$37,$4,$0,$-1
37,2009-06-30,2.75,$7.21,0.38,$40.46,0.07,$-6.27,0.0,$-2.08,0.0,$0.65B,$0.32B,2.03,$0.61B,$0.32B,1.89,$1.78B,$0.30B,16.58%,$1.78B,$-0.07B,-3.88%,$1.78B,$-0.07B,-3.88%,$1.78B,$0.01B,0.56%,$1.78B,$-0.13B,-7.20%,$1.78B,$-0.09B,-5.23%,$-0.09B,$0.32B,-25.57%,$-0.09B,$0.08B,-86.92%,$-0.09B,$1.53B,-5.91%,$-0.07B,$0.94B,-7.10%,$399,$334,$65,$0,$62,$396,$3,$-18,$-15,$-4,$-11,$-11,$-12,$26,$3,$45,45,$-0.27,$-0.27,$17,$180,$90,$646,$444,$0,$242,$67,$886,$1532,$319,$613,$32,$889,$1207,$52,$368,$-90,$324,$1532,$-31,$41,$-76,$-35,$4,$76,$-38,$-16,$26,$-40,$-23,$0,$0,$0,$0,$0,$0,$-23,$-2,$79,$77,$0,$0,$-1,$-7,$69,$7,$0,$-1
38,2009-03-31,1.43,$6.96,0.21,$46.01,0.03,$-5.49,0.0,$-1.60,0.0,$0.63B,$0.27B,2.34,$0.66B,$0.31B,2.1,$2.01B,$0.35B,17.35%,$2.01B,$-0.04B,-2.09%,$2.01B,$-0.04B,-2.09%,$2.01B,$0.03B,1.64%,$2.01B,$-0.10B,-4.87%,$2.01B,$-0.07B,-3.58%,$-0.07B,$0.31B,-17.60%,$-0.07B,$0.07B,-52.17%,$-0.07B,$1.51B,-4.41%,$-0.04B,$0.97B,-4.18%,$358,$303,$55,$0,$68,$372,$-14,$-13,$-28,$-8,$-20,$-20,$-21,$4,$-14,$44,44,$-0.46,$-0.46,$15,$203,$74,$628,$440,$0,$241,$65,$883,$1511,$269,$655,$33,$930,$1199,$52,$380,$-113,$313,$1511,$-20,$19,$-63,$-44,$17,$47,$-67,$-9,$-13,$-78,$-3,$0,$0,$0,$0,$0,$0,$-3,$0,$94,$94,$0,$0,$-1,$-8,$85,$5,$0,$-1
39,2008-12-31,7.03,$7.88,0.89,$51.48,0.14,$-3.78,0.0,$-0.93,0.0,$0.65B,$0.36B,1.82,$0.56B,$0.35B,1.62,$2.25B,$0.40B,17.95%,$2.25B,$-0.00B,-0.04%,$2.25B,$-0.00B,-0.04%,$2.25B,$0.08B,3.34%,$2.25B,$-0.06B,-2.49%,$2.25B,$-0.04B,-1.87%,$-0.04B,$0.35B,-9.22%,$-0.04B,$0.10B,-24.71%,$-0.04B,$1.54B,-2.48%,$-0.00B,$0.91B,-0.10%,$432,$367,$65,$0,$63,$514,$-82,$-9,$-90,$-17,$-73,$-73,$-64,$-63,$-82,$43,43,$-1.47,$-1.47,$10,$256,$8,$649,$457,$0,$241,$63,$895,$1544,$357,$562,$34,$841,$1198,$52,$401,$-98,$346,$1544,$-39,$75,$54,$129,$-39,$-6,$-27,$0,$-97,$-9,$-73,$0,$59,$0,$0,$0,$-3,$-17,$59,$0,$59,$0,$0,$-26,$-10,$24,$-2,$0,$-26
40,2008-09-30,19.71,$10.79,1.83,$53.46,0.37,$-0.09,0.0,$-2.05,0.0,$0.69B,$0.42B,1.64,$0.60B,$0.47B,1.28,$2.33B,$0.43B,18.31%,$2.33B,$0.08B,3.39%,$2.33B,$0.08B,3.39%,$2.33B,$0.16B,6.70%,$2.33B,$-0.11B,-4.68%,$2.33B,$-0.09B,-3.82%,$-0.09B,$0.47B,-18.24%,$-0.09B,$0.17B,-47.28%,$-0.09B,$1.71B,-5.19%,$0.08B,$1.07B,7.60%,$590,$480,$110,$0,$77,$566,$24,$-20,$5,$1,$4,$4,$4,$43,$24,$44,44,$0.10,$0.10,$15,$306,$7,$687,$506,$0,$302,$113,$1020,$1707,$418,$602,$53,$817,$1235,$52,$471,$-19,$472,$1707,$25,$56,$-13,$43,$-13,$-46,$-3,$-3,$-65,$2,$-52,$0,$1,$0,$0,$0,$-3,$-54,$-41,$120,$79,$0,$0,$-20,$-4,$55,$2,$0,$-20
41,2008-06-30,18.27,$11.56,1.58,$52.76,0.35,$2.86,6.38,$-2.04,0.0,$0.72B,$0.47B,1.54,$0.56B,$0.51B,1.11,$2.29B,$0.42B,18.18%,$2.29B,$0.08B,3.41%,$2.29B,$0.08B,3.41%,$2.29B,$0.16B,6.82%,$2.29B,$-0.11B,-4.59%,$2.29B,$-0.09B,-3.85%,$-0.09B,$0.51B,-17.27%,$-0.09B,$0.21B,-47.89%,$-0.09B,$1.77B,-5.09%,$0.08B,$1.07B,7.49%,$632,$513,$119,$0,$80,$602,$30,$-15,$15,$7,$8,$8,$9,$49,$30,$44,44,$0.21,$0.21,$13,$317,$6,$719,$535,$0,$299,$112,$1052,$1771,$467,$562,$58,$798,$1266,$52,$473,$14,$505,$1771,$19,$37,$-14,$23,$-19,$-42,$10,$16,$-36,$7,$-35,$0,$1,$0,$0,$0,$0,$-34,$-388,$434,$46,$0,$0,$-13,$-4,$29,$1,$0,$-13
42,2008-03-31,14.35,$11.42,1.26,$51.18,0.28,$4.41,3.25,$-2.15,0.0,$0.69B,$0.48B,1.44,$0.52B,$0.50B,1.05,$2.21B,$0.41B,18.33%,$2.21B,$0.07B,3.21%,$2.21B,$0.07B,3.21%,$2.21B,$0.15B,6.88%,$2.21B,$-0.11B,-5.11%,$2.21B,$-0.09B,-4.21%,$-0.09B,$0.50B,-17.91%,$-0.09B,$0.20B,-55.77%,$-0.09B,$1.74B,-5.39%,$0.07B,$1.02B,6.79%,$591,$482,$109,$0,$78,$563,$27,$-13,$14,$6,$8,$8,$9,$46,$27,$44,44,$0.21,$0.21,$11,$310,$7,$691,$538,$0,$299,$112,$1051,$1742,$480,$522,$63,$763,$1243,$52,$470,$12,$499,$1742,$10,$18,$-1,$17,$-9,$-35,$28,$-0,$-16,$11,$-15,$0,$0,$0,$0,$0,$0,$-15,$-1,$12,$11,$0,$0,$-7,$-2,$3,$-1,$0,$-7
43,2007-12-31,19.86,$10.93,1.82,$50.05,0.4,$5.70,3.48,$-2.22,0.0,$0.61B,$0.41B,1.48,$0.52B,$0.48B,1.09,$2.15B,$0.40B,18.75%,$2.15B,$0.07B,3.26%,$2.15B,$0.07B,3.26%,$2.15B,$0.15B,7.17%,$2.15B,$-0.12B,-5.40%,$2.15B,$-0.10B,-4.47%,$-0.10B,$0.48B,-18.16%,$-0.10B,$0.18B,-64.21%,$-0.10B,$1.64B,-5.58%,$0.07B,$1.00B,6.62%,$514,$426,$88,$0,$81,$516,$-2,$-141,$-143,$-29,$-114,$-114,$-111,$18,$-2,$43,43,$-2.59,$-2.59,$12,$256,$8,$607,$496,$0,$300,$110,$1031,$1638,$410,$521,$57,$752,$1162,$52,$468,$-8,$476,$1638,$-92,$84,$90,$174,$-32,$23,$10,$70,$68,$145,$-68,$0,$5,$0,$0,$0,$1,$-62,$-842,$773,$-69,$10,$10,$-26,$-3,$-89,$-5,$0,$-26
44,2007-09-30,19.01,$12.83,1.48,$48.53,0.39,$4.39,4.33,$0.26,73.13,$0.62B,$0.40B,1.56,$0.53B,$0.56B,0.94,$2.08B,$0.40B,19.25%,$2.08B,$0.06B,3.03%,$2.08B,$0.06B,3.03%,$2.08B,$0.15B,6.98%,$2.08B,$0.01B,0.38%,$2.08B,$0.01B,0.53%,$0.01B,$0.56B,2.02%,$0.01B,$0.15B,8.00%,$0.01B,$1.76B,0.63%,$0.06B,$1.08B,5.79%,$551,$451,$100,$0,$71,$527,$23,$-14,$9,$3,$6,$6,$5,$43,$23,$43,43,$0.12,$0.12,$26,$280,$40,$617,$536,$0,$406,$107,$1143,$1760,$396,$525,$63,$806,$1202,$52,$585,$-42,$558,$1760,$16,$64,$62,$126,$7,$0,$0,$-28,$-21,$121,$-43,$0,$3,$0,$0,$0,$1,$-40,$53,$-109,$-57,$9,$9,$-20,$-6,$-73,$9,$0,$-20
45,2007-06-30,23.55,$12.50,1.88,$47.56,0.5,$2.14,11.01,$0.26,90.57,$0.63B,$0.40B,1.59,$0.54B,$0.54B,0.99,$2.03B,$0.40B,19.67%,$2.03B,$0.07B,3.21%,$2.03B,$0.07B,3.21%,$2.03B,$0.15B,7.25%,$2.03B,$0.01B,0.35%,$2.03B,$0.01B,0.54%,$0.01B,$0.54B,2.07%,$0.01B,$0.14B,8.91%,$0.01B,$1.76B,0.63%,$0.07B,$1.08B,5.92%,$554,$446,$108,$0,$84,$531,$23,$-15,$7,$3,$5,$5,$4,$45,$23,$43,43,$0.10,$0.10,$18,$292,$30,$631,$525,$0,$406,$105,$1127,$1758,$398,$536,$58,$816,$1214,$52,$586,$-55,$544,$1758,$11,$44,$70,$114,$-40,$0,$0,$-7,$-48,$70,$-31,$0,$2,$0,$0,$0,$1,$-28,$53,$-87,$-33,$8,$8,$-13,$-3,$-41,$1,$0,$-13
46,2007-03-31,20.27,$12.38,1.64,$47.34,0.43,$1.18,17.19,$0.39,51.98,$0.60B,$0.38B,1.61,$0.54B,$0.54B,1.0,$2.01B,$0.40B,19.98%,$2.01B,$0.07B,3.68%,$2.01B,$0.07B,3.68%,$2.01B,$0.16B,7.70%,$2.01B,$0.02B,0.80%,$2.01B,$0.02B,0.84%,$0.02B,$0.54B,3.26%,$0.02B,$0.13B,14.98%,$0.02B,$1.73B,0.97%,$0.07B,$1.07B,6.71%,$530,$423,$107,$0,$79,$503,$26,$-16,$11,$5,$6,$6,$6,$48,$26,$43,43,$0.14,$0.14,$18,$291,$28,$603,$527,$0,$406,$104,$1126,$1730,$375,$535,$56,$817,$1192,$52,$588,$-58,$537,$1730,$6,$22,$67,$88,$-20,$0,$0,$-11,$-31,$64,$-13,$0,$2,$0,$0,$0,$0,$-11,$0,$-107,$-107,$6,$6,$-7,$54,$-53,$1,$0,$-7
47,2006-12-31,19.28,$10.23,1.89,$46.86,0.41,$-2.07,0.0,$0.41,47.03,$0.63B,$0.38B,1.66,$0.58B,$0.54B,1.09,$1.99B,$0.40B,20.28%,$1.99B,$0.08B,3.88%,$1.99B,$0.08B,3.88%,$1.99B,$0.15B,7.75%,$1.99B,$0.02B,0.91%,$1.99B,$0.02B,0.96%,$0.02B,$0.54B,3.74%,$0.02B,$0.13B,19.29%,$0.02B,$1.74B,1.08%,$0.08B,$1.12B,6.90%,$443,$358,$85,$0,$70,$452,$-9,$-10,$-19,$-10,$-9,$-9,$-4,$9,$-9,$42,42,$-0.08,$-0.08,$17,$269,$76,$631,$527,$0,$406,$83,$1110,$1742,$381,$582,$13,$826,$1207,$52,$601,$-65,$535,$1742,$21,$76,$-13,$64,$71,$-31,$-13,$-51,$-13,$71,$-51,$0,$-18,$0,$0,$0,$-0,$-69,$-553,$591,$38,$4,$4,$-26,$-19,$-3,$-0,$0,$-26
