,Date,Stock Price,Book Value per Share,Price to Book Ratio,TTM Sales per Share,Price to Sales Ratio,TTM FCF per Share,Price to FCF Ratio,TTM Net EPS,PE Ratio,Current Assets,Current Liabilities,Current Ratio,Long Term Debt,Shareholder's Equity_x,Debt to Equity Ratio,TTM Revenue_x,TTM Gross Profit,Gross Margin,TTM Revenue_y,TTM Operating Income,Operating Margin,TTM Revenue_x,TTM EBIT,EBIT Margin,TTM Revenue_y,TTM EBITDA,EBITDA Margin,TTM Revenue_x,TTM Pre-Tax Income,Pre-Tax Margin,TTM Revenue_y,TTM Net Income_x,Net Margin,TTM Net Income_y,Shareholder's Equity_y,Return on Equity,TTM Net Income_x,Tangible Equity,Return on Tangible Equity,TTM Net Income_y,Total Assets,Return on Assets,TTM Net Income,LT Investments & Debt,Return on Investment,revenue,cost-goods-sold,gross-profit,research-development-expenses,selling-general-administrative-expenses,operating-expenses,operating-income,total-non-operating-income-expense,pre-tax-income,total-provision-income-taxes,income-after-taxes,income-from-continuous-operations,net-income,ebitda,ebit,basic-shares-outstanding,shares-outstanding,eps-basic-net-earnings-per-share,eps-earnings-per-share-diluted,cash-on-hand,inventory,other-current-assets,total-current-assets,net-property-plant-equipment,long-term-investments,goodwill-intangible-assets-total,other-long-term-assets,total-long-term-assets,total-assets,total-current-liabilities,long-term-debt,other-non-current-liabilities,total-long-term-liabilities,total-liabilities,common-stock-net,retained-earnings-accumulated-deficit,comprehensive-income,total-share-holder-equity,total-liabilities-share-holders-equity,net-income-loss,total-depreciation-amortization-cash-flow,other-non-cash-items,total-non-cash-items,change-in-accounts-receivable,change-in-inventories,change-in-accounts-payable,change-in-assets-liabilities,total-change-in-assets-liabilities,cash-flow-from-operating-activities,net-change-in-property-plant-equipment,net-change-in-intangible-assets,net-acquisitions-divestitures,net-change-in-short-term-investments,net-change-in-long-term-investments,net-change-in-investments-total,investing-activities-other,cash-flow-from-investing-activities,net-long-term-debt,net-current-debt,debt-issuance-retirement-net-total,net-common-equity-issued-repurchased,net-total-equity-issued-repurchased,total-common-preferred-stock-dividends-paid,financial-activities-other,cash-flow-from-financial-activities,net-cash-flow,stock-based-compensation,common-stock-dividends-paid
0,2018-09-30,12.09,$2.17,5.57,$0.41,29.29,$-3.58,0.0,$-1.02,0.0,$0.60B,$0.07B,9.12,$0.32B,$0.41B,0.78,$0.07B,$0.06B,81.08%,$0.07B,$-0.33B,-441.89%,$0.07B,$-0.33B,-441.89%,$0.07B,$-0.32B,-436.49%,$0.07B,$-0.34B,-460.81%,$0.07B,$-0.34B,-459.46%,$-0.34B,$0.41B,-73.59%,$-0.34B,$0.21B,-128.79%,$-0.34B,$0.84B,-43.01%,$-0.33B,$0.73B,-49.06%,$21,$4,$16,$138,$32,$177,$-156,$-3,$-159,$-0,$-159,$-159,$-159,$-153,$-156,$189,189,$-0.84,$-0.84,$564,$6,$0,$601,$11,$0,$198,$29,$238,$839,$66,$319,$22,$362,$428,$2,$-1334,$-1,$411,$839,$-271,$11,$27,$38,$-5,$-2,$0,$-3,$-6,$-239,$-5,$0,$0,$-53,$0,$-53,$0,$-57,$146,$0,$146,$304,$304,$0,$0,$450,$153,$21,$0
1,2018-06-30,15.62,$2.97,5.26,$0.37,42.04,$-3.19,0.0,$-1.71,0.0,$0.58B,$0.05B,10.88,$0.17B,$0.56B,0.3,$0.06B,$0.05B,82.81%,$0.06B,$-0.45B,-696.88%,$0.06B,$-0.45B,-696.88%,$0.06B,$-0.44B,-690.63%,$0.06B,$-0.46B,-715.63%,$0.06B,$-0.29B,-457.81%,$-0.29B,$0.56B,-63.45%,$-0.29B,$0.36B,-111.09%,$-0.29B,$0.83B,-39.01%,$-0.45B,$0.73B,-71.16%,$21,$3,$18,$35,$29,$68,$-47,$-15,$-61,$0,$-62,$-62,$-62,$-43,$-47,$189,189,$-0.33,$-0.33,$539,$8,$0,$576,$9,$14,$198,$29,$250,$826,$53,$169,$21,$211,$264,$2,$-1175,$-2,$562,$826,$-112,$7,$20,$27,$-6,$-3,$0,$-1,$-22,$-107,$-2,$0,$0,$-170,$0,$-170,$0,$-172,$-0,$0,$-0,$304,$304,$0,$0,$304,$24,$14,$0
2,2018-03-31,15.04,$2.78,5.42,$0.31,48.74,$-3.27,0.0,$-1.72,0.0,$0.59B,$0.14B,4.21,$0.17B,$0.52B,0.32,$0.05B,$0.04B,82.00%,$0.05B,$-0.45B,-892.00%,$0.05B,$-0.45B,-892.00%,$0.05B,$-0.44B,-886.00%,$0.05B,$-0.45B,-890.00%,$0.05B,$-0.28B,-558.00%,$-0.28B,$0.52B,-71.91%,$-0.28B,$0.32B,-146.84%,$-0.28B,$0.87B,-35.80%,$-0.45B,$0.69B,-81.02%,$17,$3,$14,$41,$27,$73,$-56,$5,$-51,$-1,$-50,$-50,$-50,$-53,$-56,$176,176,$-0.28,$-0.28,$563,$8,$0,$592,$9,$43,$198,$29,$278,$870,$141,$167,$20,$208,$348,$2,$-1113,$-5,$522,$870,$-50,$4,$1,$4,$-1,$-3,$0,$11,$-4,$-50,$-1,$0,$0,$-182,$0,$-182,$0,$-183,$-0,$0,$-0,$297,$297,$0,$0,$297,$65,$7,$0
3,2017-12-31,14.39,$2.11,6.81,$0.24,59.24,$-3.34,0.0,$-1.83,0.0,$0.39B,$0.07B,5.6,$0.16B,$0.35B,0.47,$0.04B,$0.03B,81.08%,$0.04B,$-0.44B,-1194.59%,$0.04B,$-0.44B,-1194.59%,$0.04B,$-0.44B,-1186.49%,$0.04B,$-0.45B,-1213.51%,$0.04B,$-0.28B,-767.57%,$-0.28B,$0.35B,-84.71%,$-0.28B,$0.16B,-206.92%,$-0.28B,$0.63B,-35.06%,$-0.44B,$0.52B,-89.20%,$15,$3,$12,$46,$29,$82,$-68,$-2,$-70,$-1,$-69,$-69,$-69,$-74,$-68,$153,153,$-0.43,$-0.43,$359,$5,$0,$392,$9,$0,$198,$28,$235,$627,$70,$164,$19,$204,$274,$2,$-1064,$-2,$353,$627,$-284,$4,$91,$94,$-8,$-1,$0,$-30,$-26,$-215,$-5,$0,$0,$-167,$0,$-167,$0,$-171,$-0,$0,$-0,$258,$258,$0,$-10,$247,$-138,$23,$0
4,2017-09-30,15.08,$2.48,6.09,$0.17,89.79,$-3.07,0.0,$-1.83,0.0,$0.43B,$0.07B,6.32,$0.16B,$0.41B,0.4,$0.03B,$0.02B,80.00%,$0.03B,$-0.42B,-1676.00%,$0.03B,$-0.42B,-1676.00%,$0.03B,$-0.41B,-1644.00%,$0.03B,$-0.44B,-1764.00%,$0.03B,$-0.27B,-1096.00%,$-0.27B,$0.41B,-81.31%,$-0.27B,$0.21B,-197.12%,$-0.27B,$0.68B,-30.03%,$-0.42B,$0.57B,-84.65%,$11,$2,$9,$41,$22,$286,$-275,$-1,$-276,$-165,$-112,$-112,$-112,$-272,$-275,$161,161,$-0.69,$-0.69,$412,$7,$0,$431,$10,$15,$198,$27,$250,$681,$68,$162,$15,$203,$271,$2,$-994,$-1,$410,$681,$-215,$10,$74,$84,$-4,$-3,$0,$-15,$-10,$-141,$-3,$0,$0,$-219,$0,$-219,$0,$-223,$-0,$0,$-0,$251,$251,$0,$-10,$241,$-122,$17,$0
5,2017-06-30,10.07,$1.86,5.41,$0.12,87.23,$-3.06,0.0,$-1.47,0.0,$0.24B,$0.10B,2.39,$0.16B,$0.27B,0.6,$0.02B,$0.01B,81.25%,$0.02B,$-0.19B,-1181.25%,$0.02B,$-0.19B,-1181.25%,$0.02B,$-0.18B,-1131.25%,$0.02B,$-0.21B,-1325.00%,$0.02B,$-0.21B,-1306.25%,$-0.21B,$0.27B,-65.57%,$-0.21B,$0.07B,-173.08%,$-0.21B,$0.94B,-21.51%,$-0.19B,$0.43B,-42.76%,$7,$1,$6,$32,$19,$54,$-47,$-1,$-48,$0,$-48,$-48,$-48,$-44,$-47,$143,143,$-0.34,$-0.34,$227,$4,$0,$241,$10,$0,$198,$490,$698,$939,$101,$159,$221,$571,$672,$1,$-883,$-0,$267,$939,$-103,$6,$14,$20,$-2,$-0,$0,$-2,$-9,$-92,$-2,$0,$0,$-47,$0,$-47,$0,$-49,$-0,$0,$-0,$1,$1,$0,$-10,$-10,$-150,$12,$0
6,2017-03-31,7.13,$2.18,3.28,$0.07,109.04,$-3.04,0.0,$-1.53,0.0,$0.30B,$0.11B,2.7,$0.16B,$0.31B,0.51,$0.01B,$0.01B,77.78%,$0.01B,$-0.19B,-2122.22%,$0.01B,$-0.19B,-2122.22%,$0.01B,$-0.19B,-2055.56%,$0.01B,$-0.22B,-2400.00%,$0.01B,$-0.21B,-2355.56%,$-0.21B,$0.31B,-63.19%,$-0.21B,$0.11B,-154.18%,$-0.21B,$0.99B,-21.96%,$-0.19B,$0.47B,-44.99%,$4,$1,$3,$31,$19,$56,$-52,$-3,$-55,$0,$-55,$-55,$-55,$-49,$-52,$143,143,$-0.39,$-0.39,$280,$4,$0,$296,$10,$0,$198,$490,$697,$993,$110,$157,$220,$573,$683,$1,$-835,$2,$311,$993,$-55,$3,$10,$13,$-1,$-0,$0,$-6,$-8,$-50,$-1,$0,$0,$-92,$0,$-92,$0,$-92,$-0,$0,$-0,$0,$0,$0,$-0,$-0,$-142,$6,$0
7,2016-12-31,4.97,$2.52,1.97,$0.04,137.35,$-3.07,0.0,$-1.49,0.0,$0.34B,$0.11B,3.07,$0.15B,$0.36B,0.43,$0.01B,$0.00B,80.00%,$0.01B,$-0.18B,-3640.00%,$0.01B,$-0.18B,-3640.00%,$0.01B,$-0.18B,-3560.00%,$0.01B,$-0.21B,-4100.00%,$0.01B,$-0.20B,-4020.00%,$-0.20B,$0.36B,-59.87%,$-0.20B,$0.16B,-145.92%,$-0.20B,$1.04B,-21.54%,$-0.18B,$0.52B,-47.21%,$3,$0,$2,$31,$19,$48,$-45,$-16,$-62,$-3,$-59,$-59,$-59,$-46,$-45,$134,134,$-0.41,$-0.41,$330,$3,$0,$340,$10,$0,$198,$489,$697,$1037,$111,$154,$216,$566,$677,$1,$-780,$2,$360,$1037,$-200,$3,$45,$48,$-1,$-4,$0,$-1,$1,$-151,$-6,$0,$0,$1,$0,$1,$0,$-5,$192,$0,$192,$99,$99,$0,$-18,$273,$118,$18,$0
8,2016-09-30,7.4,$2.37,3.13,$0.02,489.35,$-2.86,0.0,$-1.43,0.0,$0.22B,$0.09B,2.59,$0.02B,$0.34B,0.07,$0.00B,$0.00B,100.00%,$0.00B,$-0.18B,-8900.00%,$0.00B,$-0.18B,-8900.00%,$0.00B,$-0.17B,-8650.00%,$0.00B,$-0.19B,-9300.00%,$0.00B,$-0.19B,-9250.00%,$-0.19B,$0.34B,-55.60%,$-0.19B,$0.14B,-137.29%,$-0.19B,$0.92B,-20.54%,$-0.18B,$0.36B,-51.78%,$2,$0,$2,$32,$17,$47,$-45,$-2,$-47,$-0,$-47,$-47,$-47,$-42,$-45,$141,141,$-0.33,$-0.33,$212,$3,$0,$222,$10,$0,$198,$488,$696,$918,$86,$22,$262,$496,$582,$1,$-721,$1,$337,$918,$-141,$4,$29,$33,$-1,$-4,$0,$-3,$-10,$-119,$-6,$0,$0,$-34,$0,$-34,$0,$-40,$30,$0,$30,$98,$98,$0,$-5,$122,$-36,$13,$0
9,2016-06-30,5.46,$2.49,2.2,0,0.0,$-2.54,0.0,$-1.42,0.0,$0.22B,$0.08B,2.71,$0.02B,$0.33B,0.07,$0.00B,0,nan%,$0.00B,$-0.17B,inf%,$0.00B,$-0.17B,inf%,$0.00B,$-0.17B,inf%,$0.00B,$-0.18B,inf%,$0.00B,$-0.18B,inf%,$-0.18B,$0.33B,-51.27%,$-0.18B,$0.14B,-123.29%,$-0.18B,$0.91B,-19.17%,$-0.17B,$0.36B,-49.03%,$0,$0,$0,$18,$19,$49,$-49,$-3,$-52,$-0,$-51,$-51,$-51,$-48,$-49,$129,129,$-0.40,$-0.40,$214,$0,$0,$218,$10,$0,$198,$488,$696,$914,$80,$22,$265,$499,$580,$1,$-674,$1,$334,$914,$-95,$1,$25,$26,$0,$-0,$0,$-1,$-9,$-78,$-5,$0,$0,$-6,$0,$-6,$0,$-10,$30,$0,$30,$58,$58,$0,$-5,$83,$-6,$9,$0
10,2016-03-31,8.45,$2.49,3.4,0,0.0,$-2.35,0.0,$-1.29,0.0,$0.17B,$0.06B,2.62,$0.00B,$0.31B,0.0,$0.00B,0,nan%,$0.00B,$-0.15B,inf%,$0.00B,$-0.15B,inf%,$0.00B,$-0.15B,inf%,$0.00B,$-0.15B,inf%,$0.00B,$-0.15B,inf%,$-0.15B,$0.31B,-44.44%,$-0.15B,$0.11B,-80.85%,$-0.15B,$0.86B,-19.23%,$-0.15B,$0.31B,-43.57%,$0,$0,$0,$23,$16,$43,$-43,$-1,$-44,$0,$-44,$-44,$-44,$-42,$-43,$125,125,$-0.35,$-0.35,$166,$0,$0,$169,$8,$0,$198,$488,$694,$863,$64,$0,$275,$487,$551,$1,$-623,$0,$312,$863,$-44,$1,$8,$9,$0,$0,$0,$-0,$-10,$-45,$-3,$0,$0,$2,$0,$2,$0,$-0,$0,$0,$0,$-1,$-1,$0,$0,$-1,$-46,$4,$0
11,2015-12-31,9.7,$2.78,3.49,0,0.0,$-2.20,0.0,$-1.19,0.0,$0.22B,$0.07B,2.94,$0.00B,$0.35B,0.0,$0.00B,0,nan%,$0.00B,$-0.13B,inf%,$0.00B,$-0.13B,inf%,$0.00B,$-0.13B,inf%,$0.00B,$-0.13B,inf%,$0.00B,$-0.13B,inf%,$-0.13B,$0.35B,-45.52%,$-0.13B,$0.15B,-72.33%,$-0.13B,$0.91B,-21.19%,$-0.13B,$0.35B,-44.48%,$0,$0,$0,$23,$17,$41,$-41,$-2,$-43,$0,$-43,$-43,$-43,$-41,$-41,$110,110,$-0.36,$-0.36,$214,$0,$0,$217,$6,$0,$198,$488,$692,$908,$74,$0,$275,$487,$561,$1,$-580,$-0,$348,$908,$-132,$2,$16,$18,$0,$0,$0,$-1,$14,$-100,$-5,$0,$-141,$1,$0,$1,$0,$-145,$35,$0,$35,$256,$256,$0,$0,$291,$45,$10,$0
12,2015-09-30,14.01,$3.04,4.61,0,0.0,$-1.94,0.0,$-1.08,0.0,$0.24B,$0.04B,6.69,$0.00B,$0.38B,0.0,$0.00B,0,nan%,$0.00B,$-0.11B,inf%,$0.00B,$-0.11B,inf%,$0.00B,$-0.11B,inf%,$0.00B,$-0.11B,inf%,$0.00B,$-0.11B,inf%,$-0.11B,$0.38B,-47.11%,$-0.11B,$0.17B,-63.68%,$-0.11B,$0.99B,-24.53%,$-0.11B,$0.38B,-46.54%,$0,$0,$0,$21,$15,$38,$-38,$0,$-38,$0,$-38,$-38,$-38,$-38,$-38,$119,119,$-0.32,$-0.32,$237,$0,$0,$240,$4,$15,$208,$520,$747,$987,$36,$0,$328,$572,$608,$1,$-537,$-0,$379,$987,$-89,$1,$10,$12,$0,$0,$0,$-1,$13,$-65,$-2,$0,$-141,$-87,$0,$-87,$0,$-231,$-15,$0,$-15,$256,$256,$0,$50,$291,$-5,$7,$0
13,2015-06-30,14.15,$2.78,5.09,$0.00,0.0,$-1.85,0.0,$-0.98,0.0,$0.37B,$0.02B,21.6,$0.00B,$0.33B,0.0,$0.00B,0,nan%,$0.00B,$-0.09B,inf%,$0.00B,$-0.09B,inf%,$0.00B,$-0.09B,inf%,$0.00B,$-0.09B,inf%,$0.00B,$-0.09B,inf%,$-0.09B,$0.33B,-59.53%,$-0.09B,$0.32B,-64.49%,$-0.09B,$0.40B,-38.20%,$-0.09B,$0.33B,-57.14%,$0,$0,$0,$17,$8,$27,$-27,$-0,$-27,$0,$-27,$-27,$-27,$-27,$-27,$100,100,$-0.27,$-0.27,$361,$0,$0,$365,$3,$0,$12,$24,$39,$404,$17,$0,$12,$58,$75,$1,$-499,$-0,$329,$404,$-51,$1,$6,$7,$0,$0,$0,$0,$1,$-44,$-1,$0,$0,$33,$0,$33,$0,$31,$-15,$0,$-15,$253,$253,$0,$0,$237,$225,$4,$0
14,2015-03-31,10.88,$1.08,10.08,$0.01,1009.17,$-1.73,0.0,$-0.93,0.0,$0.15B,$0.02B,7.2,$0.01B,$0.10B,0.09,$0.00B,0,nan%,$0.00B,$-0.08B,inf%,$0.00B,$-0.08B,inf%,$0.00B,$-0.08B,inf%,$0.00B,$-0.08B,inf%,$0.00B,$-0.08B,inf%,$-0.08B,$0.10B,-100.98%,$-0.08B,$0.09B,-118.46%,$-0.08B,$0.19B,-47.68%,$-0.08B,$0.11B,-88.00%,$0,$0,$0,$16,$6,$24,$-24,$-0,$-24,$0,$-24,$-24,$-24,$-24,$-24,$96,96,$-0.25,$-0.25,$149,$0,$0,$151,$3,$3,$12,$24,$41,$193,$21,$9,$13,$68,$89,$1,$-472,$-0,$104,$193,$-24,$1,$3,$4,$0,$0,$0,$0,$-0,$-21,$-1,$0,$0,$22,$0,$22,$0,$22,$0,$0,$0,$4,$4,$0,$0,$4,$5,$2,$0
15,2014-12-31,8.32,$1.28,6.51,$0.02,465.66,$-1.66,0.0,$-0.93,0.0,$0.16B,$0.02B,7.66,$0.01B,$0.12B,0.09,$0.00B,0,nan%,$0.00B,$-0.07B,inf%,$0.00B,$-0.07B,inf%,$0.00B,$-0.07B,inf%,$0.00B,$-0.07B,inf%,$0.00B,$-0.07B,inf%,$-0.07B,$0.12B,-118.97%,$-0.07B,$0.11B,-147.59%,$-0.07B,$0.21B,-48.85%,$-0.07B,$0.13B,-97.87%,$0,$0,$0,$16,$6,$22,$-22,$-0,$-22,$0,$-21,$-21,$-21,$-22,$-22,$74,74,$-0.24,$-0.24,$152,$0,$0,$155,$3,$17,$12,$24,$55,$210,$20,$11,$11,$68,$88,$1,$-447,$-0,$122,$210,$-69,$2,$6,$8,$1,$0,$0,$2,$9,$-52,$-0,$0,$0,$-107,$0,$-107,$0,$-107,$-0,$0,$-0,$139,$139,$0,$0,$139,$-20,$6,$0
16,2014-09-30,5.95,$0.55,10.9,$0.02,246.03,$-1.87,0.0,$-0.91,0.0,$0.09B,$0.01B,6.31,$0.01B,$0.04B,0.27,$0.00B,0,nan%,$0.00B,$-0.06B,inf%,$0.00B,$-0.06B,inf%,$0.00B,$-0.06B,inf%,$0.00B,$-0.06B,inf%,$0.00B,$-0.06B,inf%,$-0.06B,$0.04B,-153.85%,$-0.06B,$0.03B,-218.18%,$-0.06B,$0.13B,-49.69%,$-0.06B,$0.06B,-120.57%,$0,$0,$0,$12,$5,$17,$-17,$-0,$-17,$0,$-17,$-17,$-17,$-16,$-17,$79,79,$-0.22,$-0.22,$85,$0,$0,$87,$3,$0,$12,$24,$38,$125,$14,$12,$11,$68,$82,$1,$-426,$0,$43,$125,$-48,$1,$4,$5,$1,$0,$0,$3,$5,$-37,$-0,$0,$0,$-27,$0,$-27,$0,$-27,$-0,$0,$-0,$41,$41,$0,$0,$41,$-24,$4,$0
17,2014-06-30,3.34,$0.50,6.7,$0.02,157.13,$-2.17,0.0,$-0.98,0.0,$0.08B,$0.01B,7.11,$0.01B,$0.04B,0.36,$0.00B,0,nan%,$0.00B,$-0.06B,inf%,$0.00B,$-0.06B,inf%,$0.00B,$-0.06B,inf%,$0.00B,$-0.06B,inf%,$0.00B,$-0.06B,inf%,$-0.06B,$0.04B,-166.91%,$-0.06B,$0.03B,-223.08%,$-0.06B,$0.12B,-54.33%,$-0.06B,$0.05B,-135.56%,$0,$0,$0,$10,$5,$15,$-14,$-0,$-15,$0,$-15,$-15,$-15,$-14,$-14,$67,67,$-0.22,$-0.22,$78,$0,$0,$79,$3,$0,$12,$24,$39,$118,$11,$13,$12,$71,$82,$1,$-409,$-0,$36,$118,$-31,$1,$3,$4,$1,$0,$0,$4,$5,$-22,$-0,$0,$0,$2,$0,$2,$0,$2,$-0,$0,$-0,$18,$18,$0,$0,$18,$-2,$3,$0
18,2014-03-31,2.07,$0.48,4.28,$0.01,145.88,$-2.34,0.0,$-1.07,0.0,$0.07B,$0.01B,7.84,$0.01B,$0.03B,0.46,$0.00B,0,nan%,$0.00B,$-0.06B,inf%,$0.00B,$-0.06B,inf%,$0.00B,$-0.06B,inf%,$0.00B,$-0.06B,inf%,$0.00B,$-0.06B,inf%,$-0.06B,$0.03B,-162.24%,$-0.06B,$0.02B,-194.96%,$-0.06B,$0.11B,-59.34%,$-0.06B,$0.05B,-147.37%,$0,$0,$0,$10,$5,$16,$-16,$-0,$-16,$0,$-16,$-16,$-16,$-15,$-16,$64,64,$-0.25,$-0.25,$72,$0,$0,$73,$4,$0,$12,$24,$39,$112,$9,$14,$12,$72,$81,$1,$-394,$0,$31,$112,$-16,$0,$2,$2,$1,$0,$0,$4,$3,$-10,$-0,$0,$0,$-6,$0,$-6,$0,$-6,$-0,$0,$-0,$0,$0,$0,$0,$-0,$-16,$1,$0
19,2013-12-31,2.35,$0.74,3.18,$0.01,0.0,$-2.46,0.0,$-1.17,0.0,$0.09B,$0.01B,8.44,$0.01B,$0.05B,0.31,$0.00B,0,nan%,$0.00B,$-0.06B,inf%,$0.00B,$-0.06B,inf%,$0.00B,$-0.06B,inf%,$0.00B,$-0.06B,inf%,$0.00B,$-0.06B,inf%,$-0.06B,$0.05B,-143.03%,$-0.06B,$0.03B,-154.25%,$-0.06B,$0.13B,-63.44%,$-0.06B,$0.06B,-142.22%,$0,$0,$0,$9,$5,$16,$-16,$0,$-16,$0,$-12,$-12,$-12,$-15,$-16,$51,51,$-0.21,$-0.21,$82,$0,$0,$88,$4,$0,$12,$24,$39,$128,$10,$14,$11,$71,$82,$1,$-379,$0,$46,$128,$-60,$2,$7,$9,$2,$0,$0,$3,$5,$-46,$-1,$0,$0,$27,$0,$27,$0,$26,$14,$0,$14,$15,$15,$0,$-0,$29,$10,$6,$0
20,2013-09-30,2.32,$0.53,4.35,$0.00,0.0,$-2.39,0.0,$-1.15,0.0,$0.06B,$0.01B,7.48,$0.00B,$0.03B,0.0,$0.00B,0,nan%,$0.00B,$-0.06B,inf%,$0.00B,$-0.06B,inf%,$0.00B,$-0.06B,inf%,$0.00B,$-0.06B,inf%,$0.00B,$-0.06B,inf%,$-0.06B,$0.03B,-121.28%,$-0.06B,$0.03B,-121.28%,$-0.06B,$0.07B,-64.41%,$-0.06B,$0.03B,-134.74%,$0,$0,$0,$10,$5,$15,$-15,$1,$-15,$0,$-15,$-15,$-15,$-15,$-15,$50,50,$-0.29,$-0.29,$60,$0,$0,$64,$4,$0,$0,$0,$5,$69,$9,$0,$0,$34,$43,$1,$-366,$0,$26,$69,$-47,$1,$4,$5,$1,$0,$0,$4,$5,$-38,$-1,$0,$0,$35,$0,$35,$0,$34,$-0,$0,$-0,$0,$0,$0,$0,$-0,$-4,$5,$0
21,2013-06-30,2.33,$0.80,2.92,0,0.0,$-2.25,0.0,$-1.20,0.0,$0.08B,$0.01B,7.74,$0.00B,$0.04B,0.0,$0.00B,0,nan%,$0.00B,$-0.07B,inf%,$0.00B,$-0.07B,inf%,$0.00B,$-0.07B,inf%,$0.00B,$-0.06B,inf%,$0.00B,$-0.06B,inf%,$-0.06B,$0.04B,-97.07%,$-0.06B,$0.04B,-97.07%,$-0.06B,$0.08B,-57.57%,$-0.07B,$0.04B,-109.54%,$0,$0,$0,$11,$5,$16,$-16,$1,$-15,$0,$-15,$-15,$-15,$-16,$-16,$50,50,$-0.31,$-0.31,$74,$0,$0,$77,$5,$0,$0,$0,$5,$82,$10,$0,$0,$33,$43,$1,$-352,$0,$40,$82,$-33,$1,$3,$4,$2,$0,$0,$3,$5,$-24,$-1,$0,$0,$14,$0,$14,$0,$14,$-0,$0,$-0,$0,$0,$0,$0,$-0,$-10,$3,$0
22,2013-03-31,3.17,$1.07,2.95,$0.23,13.97,$-2.25,0.0,$-1.09,0.0,$0.09B,$0.01B,10.98,$0.00B,$0.05B,0.0,$0.01B,$0.01B,100.00%,$0.01B,$-0.06B,-536.36%,$0.01B,$-0.06B,-536.36%,$0.01B,$-0.06B,-527.27%,$0.01B,$-0.06B,-500.00%,$0.01B,$-0.05B,-472.73%,$-0.05B,$0.05B,-76.47%,$-0.05B,$0.05B,-76.47%,$-0.05B,$0.09B,-48.04%,$-0.06B,$0.05B,-85.82%,$0,$0,$0,$12,$5,$17,$-17,$-0,$-17,$0,$-17,$-17,$-17,$-17,$-17,$50,50,$-0.35,$-0.35,$85,$0,$0,$88,$5,$0,$0,$0,$5,$93,$8,$0,$0,$32,$40,$1,$-336,$0,$53,$93,$-17,$0,$2,$2,$2,$0,$0,$2,$1,$-14,$-0,$0,$0,$7,$0,$7,$0,$7,$-0,$0,$-0,$0,$0,$0,$0,$-0,$-7,$2,$0
23,2012-12-31,2.68,$1.39,1.92,$0.43,6.2,$-2.25,0.0,$-1.09,0.0,$0.11B,$0.01B,11.32,$0.00B,$0.07B,0.0,$0.02B,$0.02B,100.00%,$0.02B,$-0.05B,-278.95%,$0.02B,$-0.05B,-278.95%,$0.02B,$-0.05B,-268.42%,$0.02B,$-0.05B,-268.42%,$0.02B,$-0.05B,-252.63%,$-0.05B,$0.07B,-64.00%,$-0.05B,$0.07B,-64.00%,$-0.05B,$0.11B,-41.65%,$-0.05B,$0.07B,-70.20%,$0,$0,$0,$11,$4,$16,$-16,$3,$-13,$0,$-10,$-10,$-10,$-16,$-16,$46,46,$-0.18,$-0.18,$99,$0,$0,$105,$5,$0,$0,$0,$5,$110,$9,$0,$1,$32,$41,$1,$-319,$0,$69,$110,$-49,$2,$6,$7,$2,$0,$0,$7,$8,$-34,$-4,$0,$0,$-35,$0,$-35,$0,$-39,$-0,$0,$-0,$82,$82,$0,$0,$81,$8,$6,$0
24,2012-09-30,5.2,$1.56,3.34,$0.59,8.74,$-2.89,0.0,$-0.64,0.0,$0.11B,$0.01B,11.33,$0.00B,$0.08B,0.01,$0.03B,$0.03B,100.00%,$0.03B,$-0.05B,-200.00%,$0.03B,$-0.05B,-200.00%,$0.03B,$-0.05B,-192.00%,$0.03B,$-0.05B,-200.00%,$0.03B,$-0.05B,-188.00%,$-0.05B,$0.08B,-72.03%,$-0.05B,$0.08B,-72.03%,$-0.05B,$0.12B,-44.66%,$-0.05B,$0.08B,-76.34%,$0,$0,$0,$11,$5,$17,$-17,$1,$-16,$0,$-16,$-16,$-16,$-16,$-17,$49,49,$-0.34,$-0.34,$106,$0,$0,$112,$5,$0,$0,$0,$6,$118,$10,$0,$4,$32,$41,$1,$-309,$0,$77,$118,$-39,$1,$7,$8,$2,$0,$0,$3,$4,$-26,$-4,$0,$0,$-52,$0,$-52,$0,$-56,$-0,$0,$-0,$81,$81,$0,$0,$81,$-1,$5,$0
25,2012-06-30,5.5,$1.58,3.49,$0.76,7.23,$-3.32,0.0,$-0.58,0.0,$0.11B,$0.02B,5.93,$0.00B,$0.07B,0.01,$0.03B,$0.03B,100.00%,$0.03B,$-0.05B,-148.39%,$0.03B,$-0.05B,-148.39%,$0.03B,$-0.05B,-145.16%,$0.03B,$-0.04B,-141.94%,$0.03B,$-0.04B,-132.26%,$-0.04B,$0.07B,-74.21%,$-0.04B,$0.07B,-74.21%,$-0.04B,$0.11B,-42.93%,$-0.05B,$0.07B,-82.88%,$11,$0,$11,$14,$6,$20,$-9,$0,$-9,$0,$-9,$-9,$-9,$-9,$-9,$47,47,$-0.20,$-0.20,$96,$0,$0,$106,$5,$0,$0,$0,$6,$112,$18,$0,$4,$21,$38,$1,$-293,$0,$73,$112,$-22,$1,$6,$7,$-2,$0,$0,$-0,$-3,$-19,$-4,$0,$0,$-37,$0,$-37,$0,$-41,$0,$0,$0,$63,$63,$0,$0,$63,$3,$3,$0
26,2012-03-31,5.28,$1.74,3.03,$0.65,8.11,$-3.53,0.0,$-0.75,0.0,$0.12B,$0.02B,6.49,$0.00B,$0.08B,0.01,$0.02B,$0.02B,100.00%,$0.02B,$-0.05B,-216.67%,$0.02B,$-0.05B,-216.67%,$0.02B,$-0.05B,-208.33%,$0.02B,$-0.05B,-200.00%,$0.02B,$-0.05B,-187.50%,$-0.05B,$0.08B,-93.26%,$-0.05B,$0.08B,-93.26%,$-0.05B,$0.12B,-50.00%,$-0.05B,$0.08B,-107.77%,$8,$0,$8,$14,$4,$19,$-11,$-2,$-13,$0,$-13,$-13,$-13,$-10,$-11,$38,38,$-0.35,$-0.35,$108,$0,$0,$115,$5,$0,$0,$0,$6,$121,$18,$1,$4,$22,$40,$1,$-283,$0,$81,$121,$-13,$0,$4,$4,$1,$0,$0,$1,$1,$-8,$-3,$0,$0,$-54,$0,$-54,$0,$-57,$1,$0,$1,$63,$63,$0,$0,$64,$-1,$1,$0
27,2011-12-31,3.44,$0.85,4.03,$0.62,5.56,$-3.62,0.0,$-0.79,0.0,$0.07B,$0.02B,3.46,$0.00B,$0.03B,0.0,$0.02B,$0.02B,100.00%,$0.02B,$-0.05B,-231.82%,$0.02B,$-0.05B,-231.82%,$0.02B,$-0.05B,-227.27%,$0.02B,$-0.05B,-218.18%,$0.02B,$-0.05B,-204.55%,$-0.05B,$0.03B,-109.09%,$-0.05B,$0.03B,-109.09%,$-0.05B,$0.07B,-52.63%,$-0.05B,$0.03B,-122.89%,$6,$0,$6,$14,$4,$19,$-13,$1,$-12,$0,$-9,$-9,$-9,$-13,$-13,$35,35,$-0.24,$-0.24,$56,$0,$0,$67,$2,$0,$0,$1,$3,$70,$19,$0,$2,$21,$40,$0,$-270,$0,$30,$70,$-44,$2,$6,$8,$-5,$0,$0,$-9,$-13,$-49,$-1,$0,$0,$48,$0,$48,$0,$46,$-1,$0,$-1,$0,$0,$0,$0,$-1,$-4,$9,$0
28,2011-09-30,3.84,$1.06,3.62,$0.46,8.43,$-2.67,0.0,$-1.52,0.0,$0.08B,$0.02B,4.1,$0.00B,$0.04B,0.0,$0.02B,$0.02B,100.00%,$0.02B,$-0.06B,-343.75%,$0.02B,$-0.06B,-343.75%,$0.02B,$-0.05B,-337.50%,$0.02B,$-0.05B,-325.00%,$0.02B,$-0.05B,-318.75%,$-0.05B,$0.04B,-102.00%,$-0.05B,$0.04B,-102.00%,$-0.05B,$0.08B,-52.99%,$-0.06B,$0.04B,-108.91%,$6,$0,$6,$14,$5,$19,$-13,$3,$-10,$0,$-10,$-10,$-10,$-13,$-13,$35,35,$-0.28,$-0.28,$70,$0,$0,$76,$2,$0,$0,$1,$2,$79,$19,$0,$3,$23,$42,$0,$-261,$-0,$37,$79,$-36,$1,$5,$6,$-5,$0,$0,$-3,$-8,$-37,$-0,$0,$0,$31,$0,$31,$0,$31,$-1,$0,$-1,$0,$0,$0,$0,$-1,$-7,$7,$0
29,2011-06-30,5.94,$1.29,4.61,$0.29,20.49,$-2.93,0.0,$-1.80,0.0,$0.09B,$0.02B,5.22,$0.00B,$0.05B,0.01,$0.01B,$0.01B,100.00%,$0.01B,$-0.06B,-550.00%,$0.01B,$-0.06B,-550.00%,$0.01B,$-0.05B,-540.00%,$0.01B,$-0.06B,-570.00%,$0.01B,$-0.06B,-560.00%,$-0.06B,$0.05B,-105.16%,$-0.06B,$0.05B,-105.16%,$-0.06B,$0.09B,-60.54%,$-0.06B,$0.05B,-101.38%,$4,$0,$4,$12,$7,$19,$-15,$2,$-13,$0,$-13,$-13,$-13,$-14,$-15,$35,35,$-0.37,$-0.37,$83,$0,$0,$88,$2,$0,$0,$0,$2,$90,$17,$0,$6,$29,$46,$0,$-252,$-0,$45,$90,$-26,$1,$7,$8,$-2,$0,$0,$-2,$-5,$-24,$-0,$0,$0,$21,$0,$21,$0,$20,$-1,$0,$-1,$0,$0,$0,$0,$-0,$-4,$5,$0
30,2011-03-31,7.09,$1.54,4.61,$0.17,41.0,$-3.15,0.0,$-1.84,0.0,$0.10B,$0.02B,6.01,$0.00B,$0.05B,0.01,$0.01B,$0.01B,100.00%,$0.01B,$-0.05B,-883.33%,$0.01B,$-0.05B,-883.33%,$0.01B,$-0.05B,-866.67%,$0.01B,$-0.06B,-916.67%,$0.01B,$-0.05B,-900.00%,$-0.05B,$0.05B,-93.10%,$-0.05B,$0.05B,-93.10%,$-0.05B,$0.10B,-60.85%,$-0.05B,$0.05B,-89.08%,$6,$0,$6,$11,$4,$16,$-10,$-3,$-13,$0,$-13,$-13,$-13,$-10,$-10,$34,34,$-0.39,$-0.39,$94,$0,$0,$100,$2,$0,$0,$0,$3,$103,$17,$1,$8,$33,$49,$0,$-239,$0,$53,$103,$-13,$0,$5,$5,$-4,$0,$0,$-0,$-5,$-13,$-0,$0,$0,$12,$0,$12,$0,$12,$-0,$0,$-0,$0,$0,$0,$0,$-0,$-2,$1,$0
31,2010-12-31,4.7,$1.88,2.5,0,0.0,$-3.32,0.0,$-1.99,0.0,$0.11B,$0.02B,6.76,$0.00B,$0.07B,0.02,$0.00B,0,nan%,$0.00B,$-0.06B,inf%,$0.00B,$-0.06B,inf%,$0.00B,$-0.06B,inf%,$0.00B,$-0.06B,inf%,$0.00B,$-0.05B,inf%,$-0.05B,$0.07B,-85.38%,$-0.05B,$0.07B,-85.38%,$-0.05B,$0.11B,-63.53%,$-0.06B,$0.07B,-86.15%,$0,$0,$0,$13,$4,$17,$-17,$0,$-16,$0,$-15,$-15,$-15,$-17,$-17,$28,28,$-0.47,$-0.47,$107,$0,$0,$110,$3,$0,$0,$0,$3,$113,$16,$1,$5,$31,$48,$0,$-226,$-0,$65,$113,$-55,$2,$8,$10,$0,$0,$0,$33,$31,$-14,$-0,$0,$0,$-19,$0,$-19,$0,$-19,$-2,$0,$-2,$45,$45,$0,$0,$44,$10,$6,$0
32,2010-09-30,3.92,$1.83,2.15,$2.19,1.79,$-4.80,0.0,$-0.06,0.0,$0.06B,$0.01B,7.42,$0.00B,$0.05B,0.03,$0.05B,$0.05B,100.00%,$0.05B,$-0.01B,-12.24%,$0.05B,$-0.01B,-12.24%,$0.05B,$-0.00B,-10.20%,$0.05B,$-0.01B,-12.24%,$0.05B,$-0.01B,-12.24%,$-0.01B,$0.05B,-9.23%,$-0.01B,$0.05B,-9.23%,$-0.01B,$0.06B,-7.69%,$-0.01B,$0.05B,-8.96%,$0,$0,$0,$9,$4,$13,$-13,$-2,$-15,$0,$-15,$-15,$-15,$-13,$-13,$28,28,$-0.56,$-0.56,$58,$0,$0,$60,$3,$0,$0,$0,$3,$64,$8,$1,$4,$5,$13,$0,$-211,$0,$50,$64,$-40,$2,$5,$7,$0,$0,$0,$-0,$-3,$-36,$-0,$0,$0,$23,$0,$23,$0,$23,$-1,$0,$-1,$17,$17,$0,$0,$16,$3,$5,$0
33,2010-06-30,2.24,$2.33,0.96,$2.40,0.93,$-5.00,0.0,$-0.09,0.0,$0.07B,$0.01B,9.96,$0.00B,$0.06B,0.03,$0.05B,$0.05B,100.00%,$0.05B,$-0.01B,-11.11%,$0.05B,$-0.01B,-11.11%,$0.05B,$-0.00B,-9.26%,$0.05B,$-0.00B,-7.41%,$0.05B,$-0.00B,-7.41%,$-0.00B,$0.06B,-6.48%,$-0.00B,$0.06B,-6.48%,$-0.00B,$0.08B,-4.61%,$-0.01B,$0.07B,-9.37%,$0,$0,$0,$8,$4,$13,$-13,$1,$-11,$0,$-11,$-11,$-11,$-12,$-13,$28,28,$-0.41,$-0.41,$69,$0,$0,$71,$3,$0,$0,$0,$4,$75,$7,$2,$2,$3,$11,$0,$-195,$0,$64,$75,$-24,$1,$2,$3,$0,$0,$0,$0,$-3,$-25,$-0,$0,$0,$14,$0,$14,$0,$14,$-1,$0,$-1,$17,$17,$0,$0,$16,$5,$3,$0
34,2010-03-31,3.19,$2.68,1.19,$2.64,1.21,$-5.08,0.0,$-0.28,0.0,$0.08B,$0.01B,9.5,$0.00B,$0.07B,0.03,$0.06B,$0.06B,100.00%,$0.06B,$-0.01B,-11.86%,$0.06B,$-0.01B,-11.86%,$0.06B,$-0.01B,-10.17%,$0.06B,$-0.01B,-11.86%,$0.06B,$-0.01B,-11.86%,$-0.01B,$0.07B,-12.07%,$-0.01B,$0.07B,-12.07%,$-0.01B,$0.09B,-7.35%,$-0.01B,$0.08B,-11.62%,$0,$0,$0,$9,$4,$13,$-13,$0,$-13,$0,$-13,$-13,$-13,$-13,$-13,$24,24,$-0.54,$-0.54,$81,$0,$0,$84,$4,$0,$0,$0,$4,$88,$9,$2,$3,$5,$14,$0,$-184,$0,$74,$88,$-13,$1,$2,$2,$0,$0,$0,$-0,$-2,$-13,$-0,$0,$0,$11,$0,$11,$0,$11,$-0,$0,$-0,$17,$17,$0,$0,$17,$14,$2,$0
35,2009-12-31,3.97,$3.17,1.25,$2.84,1.4,$-5.04,0.0,$-0.29,0.0,$0.08B,$0.01B,7.19,$0.00B,$0.07B,0.03,$0.06B,$0.06B,100.00%,$0.06B,$-0.01B,-10.94%,$0.06B,$-0.01B,-10.94%,$0.06B,$-0.00B,-7.81%,$0.06B,$-0.01B,-9.38%,$0.06B,$-0.01B,-9.38%,$-0.01B,$0.07B,-11.01%,$-0.01B,$0.07B,-11.01%,$-0.01B,$0.09B,-5.87%,$-0.01B,$0.07B,-12.44%,$49,$0,$49,$10,$4,$17,$33,$0,$33,$0,$33,$33,$33,$33,$33,$23,23,$1.45,$1.45,$78,$0,$0,$80,$4,$0,$0,$0,$5,$85,$11,$2,$0,$2,$14,$0,$-171,$0,$72,$85,$-7,$2,$8,$10,$0,$0,$0,$-48,$-47,$-43,$-2,$0,$0,$34,$0,$34,$0,$32,$3,$0,$3,$0,$0,$0,$0,$3,$-9,$8,$0
36,2009-09-30,8.75,$1.64,5.33,$0.85,10.28,$-4.80,0.0,$-2.37,0.0,$0.09B,$0.02B,5.48,$0.00B,$0.04B,0.07,$0.02B,$0.02B,100.00%,$0.02B,$-0.06B,-289.47%,$0.02B,$-0.06B,-289.47%,$0.02B,$-0.05B,-273.68%,$0.02B,$-0.05B,-278.95%,$0.02B,$-0.05B,-278.95%,$-0.05B,$0.04B,-97.70%,$-0.05B,$0.04B,-97.70%,$-0.05B,$0.10B,-46.80%,$-0.06B,$0.04B,-99.10%,$5,$0,$5,$13,$5,$18,$-13,$0,$-13,$0,$-13,$-13,$-13,$-13,$-13,$23,23,$-0.59,$-0.59,$89,$0,$0,$94,$5,$0,$0,$0,$5,$99,$17,$3,$0,$45,$62,$0,$-204,$0,$37,$99,$-40,$2,$6,$8,$0,$0,$0,$-5,$-1,$-33,$-2,$0,$0,$24,$0,$24,$0,$22,$3,$0,$3,$0,$0,$0,$0,$3,$-8,$6,$0
37,2009-06-30,11.45,$2.15,5.33,$0.80,14.38,$-4.35,0.0,$-2.14,0.0,$0.10B,$0.02B,6.77,$0.00B,$0.05B,0.04,$0.02B,$0.02B,100.00%,$0.02B,$-0.05B,-283.33%,$0.02B,$-0.05B,-283.33%,$0.02B,$-0.05B,-266.67%,$0.02B,$-0.05B,-266.67%,$0.02B,$-0.05B,-266.67%,$-0.05B,$0.05B,-73.00%,$-0.05B,$0.05B,-73.00%,$-0.05B,$0.11B,-38.63%,$-0.05B,$0.05B,-76.98%,$5,$0,$5,$13,$5,$19,$-14,$0,$-14,$0,$-14,$-14,$-14,$-13,$-14,$23,23,$-0.60,$-0.60,$100,$0,$0,$103,$5,$0,$0,$0,$6,$109,$15,$2,$0,$45,$60,$0,$-190,$0,$49,$109,$-26,$1,$4,$5,$0,$0,$0,$-3,$-0,$-21,$-1,$0,$0,$8,$0,$8,$0,$7,$2,$0,$2,$0,$0,$0,$0,$2,$-12,$4,$0
38,2009-03-31,9.13,$2.66,3.43,$0.73,12.53,$-4.05,0.0,$-1.95,0.0,$0.11B,$0.01B,8.84,$0.00B,$0.06B,0.0,$0.02B,$0.02B,100.00%,$0.02B,$-0.05B,-276.47%,$0.02B,$-0.05B,-276.47%,$0.02B,$-0.05B,-264.71%,$0.02B,$-0.04B,-252.94%,$0.02B,$-0.04B,-252.94%,$-0.04B,$0.06B,-56.58%,$-0.04B,$0.06B,-56.58%,$-0.04B,$0.12B,-31.91%,$-0.05B,$0.06B,-61.84%,$5,$0,$5,$12,$5,$18,$-13,$0,$-12,$0,$-12,$-12,$-12,$-12,$-13,$23,23,$-0.55,$-0.55,$109,$0,$0,$111,$5,$0,$0,$0,$5,$116,$13,$0,$0,$44,$56,$0,$-177,$0,$60,$116,$-12,$1,$2,$2,$0,$0,$0,$-1,$-1,$-11,$-1,$0,$0,$7,$0,$7,$0,$6,$-0,$0,$-0,$0,$0,$0,$0,$-0,$-5,$2,$0
39,2008-12-31,7.98,$3.14,2.54,$0.67,11.98,$-3.87,0.0,$-1.74,0.0,$0.12B,$0.01B,9.24,$0.00B,$0.07B,0.0,$0.02B,$0.02B,100.00%,$0.02B,$-0.04B,-286.67%,$0.02B,$-0.04B,-286.67%,$0.02B,$-0.04B,-280.00%,$0.02B,$-0.04B,-260.00%,$0.02B,$-0.04B,-260.00%,$-0.04B,$0.07B,-45.61%,$-0.04B,$0.07B,-45.61%,$-0.04B,$0.13B,-26.76%,$-0.04B,$0.07B,-50.15%,$4,$0,$4,$14,$5,$19,$-15,$1,$-14,$0,$-14,$-14,$-14,$-14,$-15,$22,22,$-0.64,$-0.64,$121,$0,$0,$124,$5,$0,$0,$0,$5,$129,$13,$0,$0,$44,$58,$0,$-164,$1,$71,$129,$-39,$1,$6,$8,$0,$0,$0,$-4,$-5,$-37,$-3,$0,$0,$24,$0,$24,$0,$22,$-2,$0,$-2,$1,$1,$0,$0,$-1,$-16,$6,$0
40,2008-09-30,15.12,$3.68,4.11,$0.47,31.99,$-1.02,0.0,$-1.64,0.0,$0.14B,$0.02B,9.26,$0.00B,$0.08B,0.01,$0.01B,$0.01B,100.00%,$0.01B,$-0.04B,-390.91%,$0.01B,$-0.04B,-372.73%,$0.01B,$-0.04B,-390.91%,$0.01B,$-0.04B,-336.36%,$0.01B,$-0.04B,-336.36%,$-0.04B,$0.08B,-39.57%,$-0.04B,$0.08B,-39.57%,$-0.04B,$0.14B,-23.83%,$-0.04B,$0.08B,-45.74%,$4,$0,$4,$8,$4,$13,$-9,$1,$-8,$-0,$-8,$-8,$-8,$-9,$-9,$23,23,$-0.36,$-0.36,$136,$0,$0,$138,$4,$0,$0,$1,$5,$143,$15,$0,$0,$45,$60,$0,$-150,$0,$83,$143,$-25,$1,$5,$6,$0,$0,$0,$-3,$-3,$-23,$-2,$0,$0,$1,$0,$1,$0,$-1,$-1,$0,$-1,$0,$0,$0,$0,$-1,$-24,$5,$0
41,2008-06-30,10.68,$3.98,2.68,$0.31,34.4,$-1.19,0.0,$-1.74,0.0,$0.15B,$0.02B,9.58,$0.00B,$0.09B,0.01,$0.01B,$0.01B,100.00%,$0.01B,$-0.05B,-657.14%,$0.01B,$-0.04B,-628.57%,$0.01B,$-0.05B,-642.86%,$0.01B,$-0.04B,-557.14%,$0.01B,$-0.04B,-557.14%,$-0.04B,$0.09B,-38.52%,$-0.04B,$0.09B,-38.52%,$-0.04B,$0.15B,-25.87%,$-0.05B,$0.09B,-45.10%,$4,$0,$4,$9,$5,$14,$-10,$1,$-9,$0,$-9,$-9,$-9,$-10,$-10,$22,22,$-0.41,$-0.41,$145,$0,$0,$147,$4,$0,$0,$0,$4,$151,$15,$1,$0,$46,$61,$0,$-142,$0,$90,$151,$-17,$1,$3,$4,$0,$0,$0,$-2,$-2,$-15,$-1,$0,$0,$-15,$0,$-15,$0,$-16,$-1,$0,$-1,$0,$0,$0,$0,$-0,$-32,$3,$0
42,2008-03-31,10.7,$4.34,2.46,$0.14,75.89,$-3.51,0.0,$-2.70,0.0,$0.16B,$0.02B,10.51,$0.00B,$0.10B,0.01,$0.00B,$0.00B,100.00%,$0.00B,$-0.05B,-1533.33%,$0.00B,$-0.04B,-1466.67%,$0.00B,$-0.05B,-1500.00%,$0.00B,$-0.04B,-1300.00%,$0.00B,$-0.04B,-1333.33%,$-0.04B,$0.10B,-36.53%,$-0.04B,$0.10B,-36.53%,$-0.04B,$0.16B,-27.40%,$-0.05B,$0.10B,-41.53%,$3,$0,$3,$7,$5,$12,$-9,$2,$-8,$0,$-8,$-8,$-8,$-9,$-9,$22,22,$-0.34,$-0.34,$155,$0,$0,$156,$4,$0,$0,$0,$4,$160,$15,$1,$0,$47,$62,$0,$-133,$1,$98,$160,$-8,$0,$1,$2,$0,$0,$0,$1,$-1,$-7,$-0,$0,$0,$-18,$0,$-18,$0,$-19,$-0,$0,$-0,$0,$0,$0,$0,$-0,$-26,$1,$0
