,Date,Stock Price,Book Value per Share,Price to Book Ratio,TTM Sales per Share,Price to Sales Ratio,TTM FCF per Share,Price to FCF Ratio,TTM Net EPS,PE Ratio,Current Assets,Current Liabilities,Current Ratio,Long Term Debt,Shareholder's Equity_x,Debt to Equity Ratio,TTM Revenue_x,TTM Gross Profit,Gross Margin,TTM Revenue_y,TTM Operating Income,Operating Margin,TTM Revenue_x,TTM EBIT,EBIT Margin,TTM Revenue_y,TTM EBITDA,EBITDA Margin,TTM Revenue_x,TTM Pre-Tax Income,Pre-Tax Margin,TTM Revenue_y,TTM Net Income_x,Net Margin,TTM Net Income_y,Shareholder's Equity_y,Return on Equity,TTM Net Income_x,Tangible Equity,Return on Tangible Equity,TTM Net Income_y,Total Assets,Return on Assets,TTM Net Income,LT Investments & Debt,Return on Investment,revenue,cost-goods-sold,gross-profit,research-development-expenses,selling-general-administrative-expenses,operating-expenses,operating-income,total-non-operating-income-expense,pre-tax-income,total-provision-income-taxes,income-after-taxes,income-from-continuous-operations,net-income,ebitda,ebit,basic-shares-outstanding,shares-outstanding,eps-basic-net-earnings-per-share,eps-earnings-per-share-diluted,cash-on-hand,inventory,other-current-assets,total-current-assets,net-property-plant-equipment,long-term-investments,goodwill-intangible-assets-total,other-long-term-assets,total-long-term-assets,total-assets,total-current-liabilities,long-term-debt,other-non-current-liabilities,total-long-term-liabilities,total-liabilities,common-stock-net,retained-earnings-accumulated-deficit,comprehensive-income,total-share-holder-equity,total-liabilities-share-holders-equity,net-income-loss,total-depreciation-amortization-cash-flow,other-non-cash-items,total-non-cash-items,change-in-accounts-receivable,change-in-inventories,change-in-accounts-payable,change-in-assets-liabilities,total-change-in-assets-liabilities,cash-flow-from-operating-activities,net-change-in-property-plant-equipment,net-change-in-intangible-assets,net-acquisitions-divestitures,net-change-in-short-term-investments,net-change-in-long-term-investments,net-change-in-investments-total,investing-activities-other,cash-flow-from-investing-activities,net-long-term-debt,net-current-debt,debt-issuance-retirement-net-total,net-common-equity-issued-repurchased,net-total-equity-issued-repurchased,total-common-preferred-stock-dividends-paid,financial-activities-other,cash-flow-from-financial-activities,net-cash-flow,stock-based-compensation,common-stock-dividends-paid
0,2018-09-30,24.9,$15.87,1.57,$12.17,2.05,$5.34,4.67,$3.04,8.19,$0.07B,$0.01B,5.99,$0.00B,$0.11B,0.0,$0.08B,$0.04B,48.19%,$0.08B,$0.02B,25.30%,$0.08B,$0.02B,25.30%,$0.08B,$0.02B,28.92%,$0.08B,$0.02B,25.30%,$0.08B,$0.02B,22.89%,$0.02B,$0.11B,19.39%,$0.02B,$0.10B,21.47%,$0.02B,$0.12B,16.89%,$0.02B,$0.11B,21.37%,$21,$10,$10,$0,$4,$15,$6,$0,$6,$1,$4,$4,$3,$6,$6,$7,7,$0.46,$0.45,$21,$2,$0,$71,$16,$0,$9,$1,$50,$120,$12,$0,$1,$2,$13,$0,$-76,$0,$107,$120,$4,$1,$3,$4,$-2,$-0,$0,$-3,$-5,$4,$-0,$-0,$0,$0,$0,$0,$0,$-0,$-0,$0,$-0,$0,$0,$-2,$0,$-2,$2,$2,$-2
1,2018-06-30,26.55,$15.33,1.73,$11.99,2.21,$5.30,5.0,$3.10,8.56,$0.07B,$0.02B,4.6,$0.00B,$0.10B,0.0,$0.08B,$0.04B,48.15%,$0.08B,$0.02B,24.69%,$0.08B,$0.02B,24.69%,$0.08B,$0.02B,29.63%,$0.08B,$0.02B,24.69%,$0.08B,$0.02B,23.46%,$0.02B,$0.10B,20.49%,$0.02B,$0.09B,22.96%,$0.02B,$0.12B,17.63%,$0.02B,$0.10B,21.51%,$21,$11,$10,$0,$5,$16,$5,$0,$5,$-7,$11,$11,$9,$6,$5,$7,7,$1.35,$1.33,$20,$1,$0,$67,$16,$0,$10,$1,$51,$118,$15,$0,$1,$2,$16,$0,$-80,$0,$102,$118,$25,$4,$-6,$-2,$-4,$0,$-0,$0,$-5,$19,$-3,$-0,$-0,$0,$0,$0,$0,$-3,$-0,$0,$-0,$0,$0,$-6,$0,$-6,$9,$0,$-6
2,2018-03-31,29.8,$13.88,2.15,$12.03,2.48,$5.05,5.9,$2.53,11.78,$0.06B,$0.01B,4.96,$0.00B,$0.09B,0.0,$0.08B,$0.04B,49.38%,$0.08B,$0.02B,23.46%,$0.08B,$0.02B,23.46%,$0.08B,$0.02B,28.40%,$0.08B,$0.02B,23.46%,$0.08B,$0.02B,19.75%,$0.02B,$0.09B,18.18%,$0.02B,$0.08B,20.65%,$0.02B,$0.11B,15.53%,$0.02B,$0.09B,21.59%,$21,$11,$10,$1,$6,$17,$4,$0,$4,$0,$4,$4,$3,$5,$4,$7,7,$0.52,$0.51,$15,$2,$0,$61,$17,$0,$10,$1,$45,$107,$12,$0,$1,$2,$14,$0,$-90,$0,$93,$107,$14,$3,$1,$4,$-3,$-0,$-0,$-2,$-5,$13,$-3,$-0,$0,$0,$0,$0,$0,$-3,$-0,$0,$-0,$0,$0,$-4,$-0,$-5,$5,$0,$-4
3,2017-12-31,24.35,$13.49,1.81,$11.94,2.04,$4.72,5.16,$2.90,8.4,$0.06B,$0.01B,4.43,$0.00B,$0.09B,0.0,$0.08B,$0.04B,51.25%,$0.08B,$0.02B,26.25%,$0.08B,$0.02B,26.25%,$0.08B,$0.03B,31.25%,$0.08B,$0.02B,26.25%,$0.08B,$0.02B,23.75%,$0.02B,$0.09B,22.75%,$0.02B,$0.08B,26.03%,$0.02B,$0.11B,19.14%,$0.02B,$0.09B,25.07%,$20,$11,$10,$0,$3,$14,$6,$0,$6,$1,$5,$5,$4,$7,$6,$7,7,$0.59,$0.58,$14,$2,$1,$60,$17,$0,$10,$1,$45,$105,$14,$0,$1,$2,$15,$0,$-93,$0,$90,$105,$10,$2,$-1,$1,$-1,$-0,$-0,$-1,$-2,$9,$-2,$-0,$0,$0,$0,$0,$0,$-2,$-0,$0,$-0,$0,$0,$-3,$-0,$-3,$4,$0,$-3
4,2017-09-30,30.5,$12.86,2.37,$11.73,2.6,$4.46,6.83,$2.92,10.45,$0.06B,$0.01B,4.05,$0.00B,$0.09B,0.0,$0.08B,$0.04B,51.28%,$0.08B,$0.02B,25.64%,$0.08B,$0.02B,25.64%,$0.08B,$0.02B,29.49%,$0.08B,$0.02B,25.64%,$0.08B,$0.02B,24.36%,$0.02B,$0.09B,24.28%,$0.02B,$0.08B,28.15%,$0.02B,$0.10B,20.00%,$0.02B,$0.09B,25.48%,$19,$10,$9,$0,$4,$15,$5,$0,$5,$0,$5,$5,$3,$6,$5,$7,7,$0.52,$0.51,$11,$2,$1,$56,$16,$0,$10,$0,$45,$101,$14,$0,$1,$2,$15,$0,$-97,$0,$86,$101,$5,$1,$-0,$1,$-1,$-0,$0,$-0,$-2,$4,$-1,$-0,$0,$0,$0,$0,$0,$-1,$-0,$0,$-0,$0,$0,$-2,$-0,$-2,$1,$0,$-2
5,2017-06-30,27.75,$12.43,2.23,$11.72,2.37,$4.43,6.27,$2.92,9.5,$0.05B,$0.01B,3.75,$0.00B,$0.08B,0.0,$0.08B,$0.04B,51.28%,$0.08B,$0.02B,25.64%,$0.08B,$0.02B,25.64%,$0.08B,$0.02B,29.49%,$0.08B,$0.02B,25.64%,$0.08B,$0.02B,24.36%,$0.02B,$0.08B,25.94%,$0.02B,$0.07B,30.40%,$0.02B,$0.10B,20.82%,$0.02B,$0.08B,27.21%,$21,$10,$11,$0,$7,$17,$4,$0,$4,$-3,$7,$7,$6,$5,$4,$7,7,$0.78,$0.77,$10,$2,$1,$53,$16,$0,$11,$0,$45,$99,$14,$0,$1,$2,$16,$0,$-101,$0,$83,$99,$24,$4,$0,$4,$-6,$0,$0,$-5,$-11,$17,$-3,$-0,$-1,$0,$0,$0,$0,$-4,$-4,$0,$-4,$0,$0,$-7,$0,$-11,$2,$2,$-7
6,2017-03-31,17.55,$11.45,1.53,$11.45,1.53,$4.76,3.69,$3.01,5.83,$0.05B,$0.01B,3.52,$0.00B,$0.08B,0.01,$0.08B,$0.04B,50.00%,$0.08B,$0.02B,23.68%,$0.08B,$0.02B,23.68%,$0.08B,$0.02B,27.63%,$0.08B,$0.02B,25.00%,$0.08B,$0.02B,25.00%,$0.02B,$0.08B,28.04%,$0.02B,$0.07B,33.33%,$0.02B,$0.09B,21.65%,$0.02B,$0.08B,26.28%,$20,$9,$11,$0,$4,$14,$6,$-0,$6,$-1,$7,$7,$6,$7,$6,$7,7,$0.90,$0.88,$8,$3,$1,$51,$15,$0,$10,$1,$41,$92,$14,$0,$1,$2,$16,$0,$-107,$0,$75,$92,$17,$3,$0,$3,$-4,$-1,$-0,$-5,$-10,$9,$-2,$-0,$0,$0,$0,$0,$0,$-2,$-3,$0,$-3,$0,$0,$-5,$0,$-8,$-1,$2,$-5
7,2016-12-31,19.15,$10.55,1.82,$11.29,1.7,$5.10,3.75,$2.58,7.42,$0.05B,$0.02B,2.81,$0.00B,$0.07B,0.01,$0.08B,$0.04B,48.00%,$0.08B,$0.02B,21.33%,$0.08B,$0.02B,21.33%,$0.08B,$0.02B,25.33%,$0.08B,$0.02B,22.67%,$0.08B,$0.02B,21.33%,$0.02B,$0.07B,25.20%,$0.02B,$0.06B,30.33%,$0.02B,$0.09B,18.77%,$0.02B,$0.07B,24.62%,$18,$9,$9,$0,$4,$14,$5,$-0,$5,$-0,$5,$5,$4,$5,$5,$7,7,$0.61,$0.60,$8,$3,$0,$48,$15,$0,$11,$1,$40,$88,$17,$0,$1,$2,$19,$0,$0,$-113,$69,$88,$9,$2,$1,$3,$-3,$-1,$0,$-3,$-6,$7,$-2,$-0,$0,$0,$0,$0,$0,$-2,$-2,$0,$-2,$0,$0,$-3,$0,$-6,$-1,$2,$-3
8,2016-09-30,20.54,$10.04,2.05,$11.33,1.81,$5.47,3.75,$2.48,8.28,$0.05B,$0.02B,2.57,$0.00B,$0.07B,0.01,$0.08B,$0.04B,48.00%,$0.08B,$0.02B,20.00%,$0.08B,$0.02B,20.00%,$0.08B,$0.02B,25.33%,$0.08B,$0.02B,21.33%,$0.08B,$0.02B,20.00%,$0.02B,$0.07B,24.90%,$0.02B,$0.06B,30.15%,$0.02B,$0.09B,18.02%,$0.02B,$0.07B,23.90%,$19,$10,$9,$0,$4,$14,$5,$-0,$5,$0,$5,$5,$3,$6,$5,$6,7,$0.52,$0.51,$8,$2,$0,$47,$15,$0,$11,$1,$39,$86,$18,$1,$1,$2,$20,$0,$-117,$0,$66,$86,$5,$1,$2,$3,$-2,$-0,$0,$-2,$-4,$3,$-1,$-0,$0,$0,$0,$0,$0,$-1,$-1,$0,$-1,$0,$0,$-2,$0,$-3,$-1,$2,$-2
9,2016-06-30,20.36,$9.45,2.16,$11.18,1.82,$5.58,3.65,$2.37,8.59,$0.05B,$0.02B,2.21,$0.00B,$0.06B,0.03,$0.07B,$0.04B,47.30%,$0.07B,$0.01B,18.92%,$0.07B,$0.01B,18.92%,$0.07B,$0.02B,22.97%,$0.07B,$0.02B,20.27%,$0.07B,$0.02B,20.27%,$0.02B,$0.06B,26.32%,$0.02B,$0.05B,32.09%,$0.02B,$0.09B,18.40%,$0.01B,$0.06B,23.05%,$19,$10,$9,$0,$6,$16,$2,$0,$3,$-5,$7,$7,$6,$3,$2,$6,7,$0.92,$0.90,$9,$2,$0,$46,$15,$0,$11,$1,$39,$85,$21,$2,$1,$3,$24,$0,$-121,$0,$61,$85,$19,$3,$-5,$-2,$-4,$0,$-1,$3,$-1,$17,$-1,$-0,$-4,$0,$0,$0,$0,$-5,$-4,$0,$-4,$0,$0,$-6,$-3,$-12,$-1,$0,$-6
10,2016-03-31,15.38,$9.03,1.7,$10.89,1.41,$5.16,2.98,$2.27,6.78,$0.05B,$0.02B,2.74,$0.00B,$0.06B,0.07,$0.07B,$0.04B,48.61%,$0.07B,$0.02B,20.83%,$0.07B,$0.02B,20.83%,$0.07B,$0.02B,25.00%,$0.07B,$0.02B,20.83%,$0.07B,$0.01B,19.44%,$0.01B,$0.06B,25.69%,$0.01B,$0.05B,31.64%,$0.01B,$0.08B,17.67%,$0.02B,$0.06B,25.42%,$19,$10,$9,$0,$4,$15,$4,$-0,$4,$0,$4,$4,$3,$5,$4,$6,7,$0.44,$0.43,$13,$2,$0,$51,$12,$0,$10,$1,$31,$82,$19,$4,$1,$5,$24,$0,$-127,$0,$58,$82,$11,$3,$-0,$2,$-4,$-0,$-0,$1,$-3,$10,$-1,$-0,$0,$0,$0,$0,$0,$-1,$-2,$0,$-2,$0,$0,$-4,$0,$-6,$4,$0,$-4
11,2015-12-31,17.26,$8.65,2.0,$10.66,1.62,$4.95,3.49,$2.13,8.1,$0.05B,$0.02B,2.57,$0.00B,$0.06B,0.08,$0.07B,$0.03B,47.14%,$0.07B,$0.01B,20.00%,$0.07B,$0.01B,20.00%,$0.07B,$0.02B,24.29%,$0.07B,$0.01B,20.00%,$0.07B,$0.01B,18.57%,$0.01B,$0.06B,25.12%,$0.01B,$0.05B,31.52%,$0.01B,$0.08B,16.77%,$0.01B,$0.06B,24.67%,$18,$10,$9,$0,$4,$14,$4,$-0,$4,$0,$4,$4,$3,$5,$4,$6,7,$0.51,$0.50,$13,$2,$0,$49,$12,$0,$10,$1,$32,$80,$19,$4,$1,$6,$25,$0,$-130,$0,$56,$80,$8,$2,$0,$2,$-2,$-0,$-0,$1,$-2,$8,$-0,$-0,$0,$0,$0,$0,$0,$-0,$-1,$0,$-1,$0,$0,$-3,$0,$-4,$4,$0,$-3
12,2015-09-30,13.41,$8.24,1.63,$10.47,1.28,$4.70,2.85,$2.00,6.71,$0.05B,$0.02B,2.38,$0.01B,$0.05B,0.1,$0.07B,$0.03B,46.38%,$0.07B,$0.01B,20.29%,$0.07B,$0.01B,20.29%,$0.07B,$0.02B,23.19%,$0.07B,$0.01B,18.84%,$0.07B,$0.01B,17.39%,$0.01B,$0.05B,23.88%,$0.01B,$0.04B,30.38%,$0.01B,$0.08B,15.53%,$0.01B,$0.06B,25.00%,$18,$9,$8,$0,$4,$14,$4,$-0,$4,$0,$3,$3,$3,$4,$4,$6,7,$0.42,$0.41,$11,$2,$1,$47,$12,$0,$10,$1,$32,$79,$20,$5,$1,$6,$26,$0,$-133,$0,$53,$79,$3,$1,$0,$1,$-2,$-0,$-0,$1,$-1,$3,$-0,$-0,$0,$0,$0,$0,$0,$-0,$-1,$0,$-1,$0,$0,$-1,$0,$-2,$2,$0,$-1
13,2015-06-30,10.58,$7.89,1.34,$10.52,1.0,$4.62,2.29,$1.95,5.42,$0.04B,$0.02B,2.32,$0.01B,$0.05B,0.11,$0.07B,$0.03B,46.38%,$0.07B,$0.01B,18.84%,$0.07B,$0.01B,18.84%,$0.07B,$0.02B,23.19%,$0.07B,$0.01B,17.39%,$0.07B,$0.01B,15.94%,$0.01B,$0.05B,22.45%,$0.01B,$0.04B,29.14%,$0.01B,$0.08B,14.24%,$0.01B,$0.06B,23.42%,$17,$8,$9,$1,$6,$14,$3,$0,$3,$-3,$6,$6,$5,$4,$3,$6,7,$0.83,$0.81,$9,$2,$1,$44,$13,$0,$11,$1,$33,$76,$19,$6,$1,$7,$26,$0,$0,$-136,$51,$76,$15,$4,$-0,$3,$-4,$0,$-1,$-1,$-6,$13,$-0,$-0,$0,$0,$0,$0,$0,$-0,$-3,$0,$-3,$0,$0,$-5,$-6,$-14,$-1,$0,$-5
14,2015-03-31,13.04,$7.30,1.78,$10.56,1.23,$4.57,2.85,$1.71,7.62,$0.04B,$0.02B,2.13,$0.01B,$0.05B,0.13,$0.07B,$0.03B,46.38%,$0.07B,$0.01B,18.84%,$0.07B,$0.01B,18.84%,$0.07B,$0.02B,23.19%,$0.07B,$0.01B,15.94%,$0.07B,$0.01B,14.49%,$0.01B,$0.05B,20.94%,$0.01B,$0.04B,27.59%,$0.01B,$0.08B,12.90%,$0.01B,$0.05B,23.64%,$17,$10,$7,$0,$4,$14,$3,$-0,$3,$0,$3,$3,$2,$4,$3,$6,7,$0.29,$0.29,$8,$2,$1,$43,$13,$0,$11,$1,$31,$75,$20,$6,$0,$7,$28,$0,$-142,$0,$47,$75,$9,$3,$2,$4,$-4,$0,$-0,$-1,$-5,$9,$-0,$-0,$0,$0,$0,$0,$0,$-0,$-2,$0,$-2,$0,$0,$-3,$-5,$-10,$-2,$0,$-3
15,2014-12-31,10.4,$7.81,1.33,$10.57,0.98,$4.67,2.23,$1.66,6.27,$0.05B,$0.02B,2.24,$0.01B,$0.05B,0.14,$0.07B,$0.03B,47.83%,$0.07B,$0.01B,17.39%,$0.07B,$0.01B,17.39%,$0.07B,$0.02B,21.74%,$0.07B,$0.01B,14.49%,$0.07B,$0.01B,14.49%,$0.01B,$0.05B,21.39%,$0.01B,$0.04B,28.57%,$0.01B,$0.08B,12.86%,$0.01B,$0.06B,21.82%,$17,$9,$8,$0,$4,$13,$4,$-0,$3,$0,$3,$3,$2,$4,$4,$6,7,$0.39,$0.38,$12,$2,$1,$47,$14,$0,$12,$1,$32,$79,$21,$7,$0,$8,$29,$0,$-144,$0,$50,$79,$7,$2,$1,$3,$-3,$0,$-0,$-0,$-3,$6,$-0,$-0,$0,$0,$0,$0,$0,$-0,$-2,$0,$-2,$0,$0,$-3,$0,$-4,$2,$0,$-3
16,2014-09-30,11.01,$7.48,1.47,$10.66,1.03,$4.77,2.31,$1.59,6.92,$0.05B,$0.02B,2.07,$0.01B,$0.05B,0.16,$0.07B,$0.03B,47.14%,$0.07B,$0.01B,15.71%,$0.07B,$0.01B,15.71%,$0.07B,$0.02B,21.43%,$0.07B,$0.01B,14.29%,$0.07B,$0.01B,14.29%,$0.01B,$0.05B,22.35%,$0.01B,$0.04B,30.77%,$0.01B,$0.08B,12.94%,$0.01B,$0.06B,20.37%,$18,$10,$8,$0,$4,$15,$3,$-0,$3,$0,$3,$3,$2,$4,$3,$6,7,$0.37,$0.36,$11,$2,$2,$46,$14,$0,$12,$1,$33,$79,$22,$8,$0,$9,$31,$0,$-147,$0,$48,$79,$3,$1,$1,$2,$-2,$0,$0,$-0,$-2,$3,$-0,$-0,$0,$0,$0,$0,$0,$-0,$-1,$0,$-1,$0,$0,$-1,$0,$-2,$1,$0,$-1
17,2014-06-30,12.2,$7.14,1.71,$10.52,1.16,$4.90,2.49,$1.58,7.72,$0.04B,$0.02B,2.05,$0.01B,$0.05B,0.19,$0.07B,$0.03B,47.83%,$0.07B,$0.01B,17.39%,$0.07B,$0.01B,17.39%,$0.07B,$0.02B,23.19%,$0.07B,$0.01B,15.94%,$0.07B,$0.01B,14.49%,$0.01B,$0.05B,23.39%,$0.01B,$0.03B,33.06%,$0.01B,$0.08B,13.07%,$0.01B,$0.05B,22.64%,$17,$8,$9,$1,$7,$14,$3,$-1,$2,$-3,$5,$5,$4,$4,$3,$6,7,$0.60,$0.58,$10,$2,$1,$43,$15,$0,$12,$1,$34,$77,$21,$8,$1,$10,$31,$0,$-149,$0,$46,$77,$13,$4,$1,$5,$-4,$-0,$-0,$0,$-5,$13,$-1,$-0,$0,$0,$0,$0,$0,$-1,$-4,$0,$-4,$0,$0,$-5,$-1,$-10,$2,$1,$-5
18,2014-03-31,17.58,$6.78,2.59,$10.76,1.63,$3.93,4.47,$1.70,10.34,$0.04B,$0.02B,1.95,$0.01B,$0.04B,0.22,$0.07B,$0.03B,45.71%,$0.07B,$0.01B,15.71%,$0.07B,$0.01B,15.71%,$0.07B,$0.02B,21.43%,$0.07B,$0.01B,17.14%,$0.07B,$0.01B,14.29%,$0.01B,$0.04B,24.54%,$0.01B,$0.03B,36.04%,$0.01B,$0.08B,13.25%,$0.01B,$0.05B,21.05%,$17,$9,$8,$0,$4,$15,$2,$-0,$2,$0,$2,$2,$2,$3,$2,$6,7,$0.25,$0.25,$10,$3,$0,$43,$16,$0,$13,$1,$33,$76,$22,$9,$1,$11,$33,$0,$-153,$0,$43,$76,$9,$3,$8,$11,$-11,$-0,$0,$1,$-11,$9,$-0,$-0,$0,$0,$0,$0,$0,$-1,$-3,$0,$-3,$0,$0,$-4,$0,$-7,$2,$0,$-4
19,2013-12-31,21.21,$6.58,3.22,$9.95,2.13,$3.45,6.14,$1.61,13.17,$0.04B,$0.02B,1.88,$0.01B,$0.04B,0.25,$0.07B,$0.03B,46.15%,$0.07B,$0.01B,16.92%,$0.07B,$0.01B,16.92%,$0.07B,$0.01B,21.54%,$0.07B,$0.01B,18.46%,$0.07B,$0.01B,13.85%,$0.01B,$0.04B,23.23%,$0.01B,$0.03B,35.64%,$0.01B,$0.08B,12.04%,$0.01B,$0.05B,21.57%,$18,$10,$8,$0,$4,$14,$3,$-0,$3,$0,$3,$3,$2,$4,$3,$6,7,$0.31,$0.31,$9,$3,$0,$44,$17,$0,$13,$1,$34,$77,$23,$11,$1,$12,$35,$0,$-155,$0,$42,$77,$7,$2,$4,$6,$-7,$-0,$0,$1,$-6,$7,$-0,$-0,$0,$0,$0,$0,$0,$-0,$-2,$0,$-2,$0,$0,$-3,$0,$-5,$2,$0,$-3
20,2013-09-30,5.77,$6.32,0.91,$8.74,0.66,$3.05,1.89,$1.49,3.87,$0.04B,$0.02B,1.84,$0.01B,$0.04B,0.29,$0.06B,$0.03B,47.37%,$0.06B,$0.01B,17.54%,$0.06B,$0.01B,17.54%,$0.06B,$0.01B,21.05%,$0.06B,$0.01B,19.30%,$0.06B,$0.01B,14.04%,$0.01B,$0.04B,25.20%,$0.01B,$0.03B,38.55%,$0.01B,$0.08B,12.36%,$0.01B,$0.05B,24.10%,$17,$9,$8,$0,$4,$13,$4,$-0,$4,$0,$4,$4,$2,$5,$4,$6,6,$0.36,$0.35,$9,$2,$0,$41,$17,$0,$13,$1,$34,$76,$22,$12,$1,$13,$35,$0,$-157,$0,$40,$76,$4,$1,$0,$1,$-2,$-0,$-0,$1,$-1,$4,$-0,$-0,$0,$0,$0,$0,$0,$-0,$-1,$0,$-1,$0,$0,$-1,$0,$-2,$1,$0,$-1
21,2013-06-30,6.56,$5.95,1.1,$7.63,0.86,$2.70,2.43,$1.34,4.9,$0.04B,$0.02B,1.79,$0.01B,$0.04B,0.34,$0.05B,$0.02B,48.00%,$0.05B,$0.01B,16.00%,$0.05B,$0.01B,16.00%,$0.05B,$0.01B,18.00%,$0.05B,$0.01B,18.00%,$0.05B,$0.01B,14.00%,$0.01B,$0.04B,28.00%,$0.01B,$0.02B,43.08%,$0.01B,$0.07B,12.84%,$0.01B,$0.05B,25.20%,$18,$11,$8,$0,$4,$16,$2,$1,$3,$-2,$5,$5,$4,$3,$2,$6,6,$0.70,$0.69,$8,$2,$0,$38,$18,$0,$14,$1,$35,$73,$21,$13,$1,$14,$35,$0,$-160,$0,$38,$73,$10,$2,$-1,$1,$-4,$0,$1,$-1,$-4,$8,$-1,$-0,$-40,$0,$0,$0,$0,$-41,$13,$0,$13,$0,$0,$-2,$19,$30,$-4,$0,$-2
22,2013-03-31,6.92,$5.51,1.26,$6.53,1.06,$2.71,2.55,$0.82,8.44,$0.04B,$0.02B,1.63,$0.01B,$0.04B,0.38,$0.04B,$0.02B,48.84%,$0.04B,$0.01B,18.60%,$0.04B,$0.01B,18.60%,$0.04B,$0.01B,20.93%,$0.04B,$0.01B,18.60%,$0.04B,$0.00B,9.30%,$0.00B,$0.04B,21.92%,$0.00B,$0.02B,33.33%,$0.00B,$0.07B,8.94%,$0.01B,$0.05B,36.36%,$12,$6,$6,$0,$4,$10,$2,$-0,$2,$0,$2,$2,$1,$2,$2,$6,6,$0.16,$0.16,$9,$2,$0,$40,$18,$0,$14,$1,$34,$73,$24,$13,$1,$14,$38,$0,$-164,$-0,$35,$73,$5,$1,$1,$3,$-4,$-0,$1,$2,$-1,$6,$-1,$-0,$-40,$0,$0,$0,$20,$-21,$13,$0,$13,$0,$0,$-1,$0,$12,$-3,$0,$-1
23,2012-12-31,4.33,$2.24,1.93,$6.22,0.7,$2.40,1.8,$0.85,5.09,$0.03B,$0.02B,1.38,$0.00B,$0.01B,0.05,$0.04B,$0.02B,46.34%,$0.04B,$0.01B,19.51%,$0.04B,$0.01B,19.51%,$0.04B,$0.01B,21.95%,$0.04B,$0.01B,19.51%,$0.04B,$0.00B,9.76%,$0.00B,$0.01B,32.65%,$0.00B,$0.01B,47.06%,$0.00B,$0.04B,11.35%,$0.01B,$0.02B,61.54%,$10,$5,$5,$0,$2,$8,$2,$-0,$2,$0,$2,$2,$1,$2,$2,$6,6,$0.20,$0.20,$15,$2,$1,$30,$3,$0,$4,$0,$7,$37,$21,$1,$1,$1,$23,$0,$-166,$-0,$14,$37,$3,$1,$1,$1,$-2,$-0,$-0,$1,$-1,$4,$-0,$-0,$0,$0,$0,$0,$0,$-0,$-1,$0,$-1,$0,$0,$-0,$0,$-1,$3,$0,$-0
24,2012-09-30,3.75,$2.01,1.87,$6.23,0.6,$2.12,1.77,$0.88,4.26,$0.03B,$0.02B,1.3,$0.00B,$0.01B,0.06,$0.04B,$0.02B,45.00%,$0.04B,$0.01B,20.00%,$0.04B,$0.01B,20.00%,$0.04B,$0.01B,22.50%,$0.04B,$0.01B,20.00%,$0.04B,$0.00B,10.00%,$0.00B,$0.01B,36.36%,$0.00B,$0.01B,57.14%,$0.00B,$0.04B,11.68%,$0.01B,$0.01B,66.67%,$10,$5,$5,$0,$2,$8,$2,$-0,$2,$0,$2,$2,$1,$2,$2,$6,6,$0.22,$0.21,$13,$3,$1,$28,$3,$0,$4,$0,$8,$35,$21,$1,$1,$1,$23,$0,$-167,$-0,$13,$35,$2,$0,$0,$1,$-1,$-0,$0,$1,$-1,$2,$-0,$-0,$0,$0,$0,$0,$0,$-0,$-0,$0,$-0,$0,$0,$-0,$0,$-1,$1,$0,$-0
25,2012-06-30,4.1,$1.77,2.32,$6.30,0.65,$2.05,2.0,$0.90,4.56,$0.03B,$0.02B,1.23,$0.00B,$0.01B,0.07,$0.04B,$0.02B,42.50%,$0.04B,$0.01B,20.00%,$0.04B,$0.01B,20.00%,$0.04B,$0.01B,22.50%,$0.04B,$0.01B,20.00%,$0.04B,$0.00B,10.00%,$0.00B,$0.01B,42.11%,$0.00B,$0.01B,72.73%,$0.00B,$0.03B,11.85%,$0.01B,$0.01B,72.73%,$11,$6,$5,$0,$2,$9,$2,$-0,$2,$0,$2,$2,$1,$3,$2,$6,6,$0.23,$0.21,$12,$2,$1,$26,$3,$0,$4,$1,$8,$34,$21,$1,$1,$1,$23,$0,$-168,$0,$11,$34,$7,$2,$2,$4,$-1,$0,$-0,$-2,$-3,$7,$-1,$-0,$0,$0,$0,$0,$0,$-1,$-1,$0,$-1,$0,$0,$-1,$-1,$-3,$3,$0,$-1
26,2012-03-31,2.68,$1.71,1.57,$5.90,0.45,$1.48,1.81,$0.72,3.72,$0.03B,$0.02B,1.2,$0.00B,$0.01B,0.1,$0.04B,$0.02B,43.24%,$0.04B,$0.01B,18.92%,$0.04B,$0.01B,18.92%,$0.04B,$0.01B,18.92%,$0.04B,$0.01B,16.22%,$0.04B,$0.00B,8.11%,$0.00B,$0.01B,36.36%,$0.00B,$0.01B,70.59%,$0.00B,$0.04B,9.02%,$0.01B,$0.01B,70.00%,$10,$5,$4,$0,$2,$8,$2,$-0,$2,$0,$2,$2,$1,$2,$2,$6,6,$0.19,$0.19,$11,$3,$1,$27,$3,$0,$4,$0,$8,$35,$22,$1,$1,$2,$24,$0,$-170,$-0,$11,$35,$5,$2,$1,$3,$-1,$-1,$-0,$-1,$-4,$4,$-1,$-0,$0,$0,$0,$0,$0,$-1,$-1,$0,$-1,$0,$0,$-1,$0,$-2,$2,$0,$-1
27,2011-12-31,1.7,$1.49,1.14,$5.98,0.29,$1.12,1.52,$0.72,2.37,$0.03B,$0.02B,1.15,$0.00B,$0.01B,0.16,$0.04B,$0.02B,44.44%,$0.04B,$0.01B,16.67%,$0.04B,$0.01B,16.67%,$0.04B,$0.01B,19.44%,$0.04B,$0.01B,13.89%,$0.04B,$0.00B,8.33%,$0.00B,$0.01B,57.14%,$0.00B,$0.01B,240.00%,$0.00B,$0.03B,9.68%,$0.01B,$0.01B,82.76%,$9,$5,$4,$0,$2,$7,$2,$-0,$2,$0,$2,$2,$1,$2,$2,$6,6,$0.23,$0.23,$10,$4,$1,$25,$3,$0,$4,$1,$8,$33,$22,$1,$1,$2,$24,$0,$-171,$-0,$9,$33,$4,$1,$1,$2,$-0,$-1,$-0,$-1,$-3,$2,$-0,$-0,$0,$0,$0,$0,$0,$-0,$-1,$0,$-1,$0,$0,$-1,$0,$-1,$1,$0,$-1
28,2011-09-30,1.96,$1.23,1.59,$6.00,0.33,$1.06,1.85,$0.72,2.72,$0.02B,$0.02B,1.06,$0.00B,$0.01B,0.22,$0.04B,$0.02B,45.71%,$0.04B,$0.01B,14.29%,$0.04B,$0.01B,14.29%,$0.04B,$0.01B,20.00%,$0.04B,$0.00B,11.43%,$0.04B,$0.00B,8.57%,$0.00B,$0.01B,150.00%,$0.00B,$0.00B,-150.00%,$0.00B,$0.03B,10.43%,$0.01B,$0.01B,125.00%,$10,$5,$4,$0,$2,$8,$2,$0,$2,$0,$2,$2,$1,$2,$2,$6,6,$0.23,$0.23,$10,$4,$1,$24,$3,$0,$4,$1,$9,$33,$23,$2,$1,$3,$26,$0,$-173,$-0,$7,$33,$2,$1,$0,$1,$0,$-1,$-0,$-0,$-2,$1,$-0,$-0,$0,$0,$0,$0,$0,$-0,$-0,$0,$-0,$0,$0,$-0,$0,$-1,$0,$0,$-0
29,2011-06-30,1.96,$0.98,2.01,$6.14,0.32,$0.94,2.09,$0.55,3.56,$0.02B,$0.02B,0.98,$0.00B,$0.01B,0.3,$0.03B,$0.02B,44.12%,$0.03B,$0.00B,8.82%,$0.03B,$0.00B,8.82%,$0.03B,$0.01B,17.65%,$0.03B,$0.00B,5.88%,$0.03B,$0.00B,5.88%,$0.00B,$0.01B,-200.00%,$0.00B,$0.00B,-40.00%,$0.00B,$0.03B,7.69%,$0.00B,$0.01B,400.00%,$8,$4,$4,$0,$2,$7,$1,$-0,$0,$0,$0,$0,$0,$1,$1,$6,6,$-0.01,$0.00,$9,$2,$0,$23,$4,$0,$4,$1,$9,$32,$23,$2,$1,$3,$26,$0,$-174,$-0,$6,$32,$3,$2,$2,$4,$-2,$0,$-1,$-2,$-4,$3,$-1,$-0,$0,$-0,$0,$-0,$0,$-0,$-1,$0,$-1,$0,$0,$-0,$7,$5,$8,$1,$-0
30,2011-03-31,1.68,$-0.13,-12.58,$6.53,0.26,$0.15,11.55,$0.52,3.23,$0.02B,$0.02B,0.7,$0.00B,$-0.00B,-2.54,$0.04B,$0.02B,42.86%,$0.04B,$0.00B,5.71%,$0.04B,$0.00B,5.71%,$0.04B,$0.01B,14.29%,$0.04B,$0.00B,5.71%,$0.04B,$0.00B,5.71%,$0.00B,$-0.00B,-50.00%,$0.00B,$-0.01B,-25.00%,$0.00B,$0.03B,8.51%,$0.00B,$0.00B,-88.89%,$9,$5,$4,$0,$2,$7,$1,$-0,$1,$0,$1,$1,$1,$2,$1,$5,5,$0.21,$0.20,$2,$2,$1,$17,$4,$0,$4,$1,$9,$26,$24,$2,$1,$3,$27,$0,$-174,$-0,$-1,$26,$3,$1,$1,$3,$-2,$1,$-1,$-1,$-4,$2,$-0,$-0,$0,$-0,$0,$-0,$1,$0,$-1,$0,$-1,$0,$0,$-0,$0,$-1,$1,$1,$-0
31,2010-12-31,1.3,$-0.63,-2.08,$6.48,0.2,$-0.49,0.0,$0.32,4.06,$0.02B,$0.03B,0.61,$0.00B,$-0.00B,-0.54,$0.03B,$0.02B,44.12%,$0.03B,$0.00B,2.94%,$0.03B,$0.00B,2.94%,$0.03B,$0.00B,8.82%,$0.03B,$0.00B,2.94%,$0.03B,$0.00B,2.94%,$0.00B,$-0.00B,-19.05%,$0.00B,$-0.01B,-10.53%,$0.00B,$0.02B,4.40%,$0.00B,$-0.00B,-28.57%,$8,$4,$4,$0,$2,$7,$1,$-0,$1,$0,$1,$1,$1,$2,$1,$5,5,$0.25,$0.24,$2,$3,$0,$15,$4,$0,$4,$1,$9,$24,$25,$2,$1,$3,$28,$0,$-176,$-0,$-4,$24,$2,$1,$1,$2,$-0,$0,$-1,$-1,$-2,$1,$-0,$-0,$0,$-0,$0,$-0,$0,$-0,$-1,$0,$-1,$0,$0,$0,$0,$-1,$1,$0,$0
32,2010-09-30,1.39,$-0.95,-1.47,$6.63,0.21,$-1.05,0.0,$-0.18,0.0,$0.02B,$0.03B,0.61,$0.00B,$-0.01B,-0.28,$0.03B,$0.01B,41.18%,$0.03B,$-0.00B,-2.94%,$0.03B,$-0.00B,-2.94%,$0.03B,0,0.00%,$0.03B,$-0.00B,-2.94%,$0.03B,$-0.00B,-2.94%,$-0.00B,$-0.01B,17.39%,$-0.00B,$-0.01B,9.76%,$-0.00B,$0.02B,-4.35%,$-0.00B,$-0.00B,23.53%,$9,$5,$3,$0,$2,$8,$0,$-0,$0,$0,$0,$0,$0,$1,$0,$5,5,$0.07,$0.07,$1,$3,$1,$15,$2,$0,$4,$1,$7,$22,$25,$1,$1,$2,$27,$0,$-177,$-0,$-5,$22,$0,$0,$0,$1,$-0,$0,$-0,$-1,$-1,$0,$-0,$-0,$0,$0,$0,$0,$0,$-0,$-0,$0,$-0,$0,$0,$0,$0,$-0,$-0,$0,$0
33,2010-06-30,1.47,$-1.08,-1.36,$6.46,0.23,$-1.02,0.0,$-0.60,0.0,$0.02B,$0.03B,0.59,$0.00B,$-0.01B,-0.28,$0.03B,$0.01B,43.75%,$0.03B,$-0.00B,-6.25%,$0.03B,$-0.00B,-6.25%,$0.03B,$-0.00B,-6.25%,$0.03B,$-0.00B,-9.38%,$0.03B,$-0.00B,-9.38%,$-0.00B,$-0.01B,52.17%,$-0.00B,$-0.01B,28.57%,$-0.00B,$0.02B,-12.37%,$-0.00B,$-0.00B,47.06%,$9,$5,$4,$0,$3,$9,$0,$-0,$0,$0,$0,$0,$0,$0,$0,$5,5,$0.00,$0.00,$1,$3,$0,$15,$2,$0,$4,$1,$7,$22,$25,$2,$1,$3,$27,$0,$-177,$-0,$-6,$22,$-3,$1,$2,$4,$0,$0,$-0,$-2,$-2,$-1,$-0,$-0,$0,$-0,$0,$-0,$2,$1,$0,$0,$0,$0,$0,$0,$0,$0,$0,$0,$0
34,2010-03-31,1.91,$-1.08,-1.76,$6.79,0.28,$-1.98,0.0,$-0.62,0.0,$0.02B,$0.03B,0.59,$0.00B,$-0.01B,-0.23,$0.03B,$0.01B,42.42%,$0.03B,$-0.00B,-6.06%,$0.03B,$-0.00B,-6.06%,$0.03B,$-0.00B,-6.06%,$0.03B,$-0.00B,-9.09%,$0.03B,$-0.00B,-9.09%,$-0.00B,$-0.01B,60.00%,$-0.00B,$-0.01B,30.00%,$-0.00B,$0.02B,-11.65%,$-0.00B,$-0.00B,53.33%,$8,$4,$4,$1,$3,$7,$0,$-0,$-0,$0,$-0,$-0,$-0,$0,$0,$5,5,$-0.00,$-0.00,$1,$3,$1,$16,$2,$0,$5,$0,$8,$23,$26,$1,$1,$3,$29,$0,$-177,$-0,$-6,$23,$-3,$1,$1,$2,$-0,$0,$-0,$-1,$-1,$-2,$-0,$-0,$0,$0,$0,$0,$2,$1,$-0,$0,$-0,$0,$0,$0,$0,$-0,$-1,$0,$0
35,2009-12-31,1.57,$-1.11,-1.42,$7.50,0.21,$-2.79,0.0,$-0.62,0.0,$0.02B,$0.03B,0.59,$0.00B,$-0.01B,-0.14,$0.04B,$0.02B,41.67%,$0.04B,$-0.00B,-2.78%,$0.04B,$-0.00B,-2.78%,$0.04B,$-0.00B,-2.78%,$0.04B,$-0.00B,-5.56%,$0.04B,$-0.00B,-5.56%,$-0.00B,$-0.01B,47.06%,$-0.00B,$-0.01B,21.62%,$-0.00B,$0.03B,-7.27%,$-0.00B,$-0.01B,30.77%,$8,$5,$3,$1,$3,$9,$-1,$-0,$-1,$0,$-1,$-1,$-1,$-1,$-1,$5,5,$-0.26,$-0.26,$1,$3,$1,$17,$2,$0,$5,$0,$8,$25,$29,$1,$1,$2,$31,$0,$-177,$-0,$-6,$25,$-3,$1,$1,$2,$-0,$0,$-0,$0,$0,$-1,$-0,$-0,$0,$0,$0,$0,$2,$1,$-0,$0,$-0,$0,$0,$0,$0,$-0,$-0,$0,$0
36,2009-09-30,2.14,$-0.88,-2.44,$8.13,0.26,$-3.27,0.0,$-0.36,0.0,$0.02B,$0.03B,0.64,$0.00B,$-0.01B,-0.19,$0.04B,$0.02B,46.15%,$0.04B,$0.00B,2.56%,$0.04B,$0.00B,2.56%,$0.04B,$0.00B,2.56%,$0.04B,0,0.00%,$0.04B,0,0.00%,$0.00B,$-0.01B,0.00%,$0.00B,$-0.01B,0.00%,$0.00B,$0.03B,0.00%,$0.00B,$-0.00B,-36.36%,$7,$5,$3,$1,$3,$9,$-1,$-0,$-2,$0,$-2,$-2,$-2,$-1,$-1,$5,5,$-0.35,$-0.35,$1,$3,$1,$19,$3,$0,$5,$0,$8,$27,$30,$1,$1,$2,$32,$0,$-176,$-0,$-5,$27,$-2,$0,$1,$1,$0,$-0,$0,$1,$1,$0,$-0,$-0,$0,$0,$0,$0,$0,$-0,$-0,$0,$-0,$0,$0,$0,$0,$-0,$0,$0,$0
37,2009-06-30,1.9,$-0.56,-3.42,$7.99,0.24,$-3.76,0.0,$-0.01,0.0,$0.02B,$0.03B,0.63,$0.00B,$-0.00B,-0.31,$0.04B,$0.02B,43.59%,$0.04B,0,0.00%,$0.04B,0,0.00%,$0.04B,$0.00B,2.56%,$0.04B,$0.00B,5.13%,$0.04B,$0.00B,5.13%,$0.00B,$-0.00B,-53.33%,$0.00B,$-0.01B,-23.53%,$0.00B,$0.03B,6.45%,$0.00B,$-0.00B,0.00%,$10,$6,$4,$1,$3,$11,$-0,$0,$0,$0,$0,$0,$0,$0,$-0,$5,5,$0.02,$0.01,$1,$3,$2,$18,$3,$0,$5,$0,$10,$28,$29,$1,$1,$2,$31,$0,$-174,$-0,$-3,$28,$1,$2,$-0,$2,$-1,$0,$-0,$-8,$-9,$-6,$-1,$-0,$0,$1,$2,$3,$3,$6,$-0,$0,$-0,$0,$0,$0,$0,$0,$-0,$0,$0
38,2009-03-31,0.84,$-0.57,-1.48,$7.59,0.11,$-3.57,0.0,0,0.0,$0.02B,$0.03B,0.6,$0.00B,$-0.00B,-0.25,$0.04B,$0.02B,40.54%,$0.04B,$-0.01B,-16.22%,$0.04B,$-0.01B,-16.22%,$0.04B,$-0.00B,-10.81%,$0.04B,$-0.01B,-13.51%,$0.04B,$-0.01B,-13.51%,$-0.01B,$-0.00B,125.00%,$-0.01B,$-0.01B,57.14%,$-0.01B,$0.03B,-15.27%,$-0.01B,$-0.00B,200.00%,$11,$6,$5,$1,$3,$10,$1,$0,$1,$0,$1,$1,$1,$1,$1,$5,5,$0.14,$0.14,$2,$4,$1,$19,$3,$0,$5,$1,$11,$30,$31,$1,$0,$1,$33,$0,$-174,$-0,$-3,$30,$1,$1,$-0,$1,$-1,$-1,$-0,$-6,$-8,$-6,$-0,$-0,$0,$1,$2,$3,$3,$6,$-0,$0,$-0,$0,$0,$-0,$0,$-0,$0,$0,$-0
39,2008-12-31,0.83,$-0.71,-1.17,$7.00,0.12,$-3.35,0.0,0,0.0,$0.02B,$0.04B,0.58,$0.00B,$-0.00B,-0.21,$0.03B,$0.01B,35.29%,$0.03B,$-0.01B,-29.41%,$0.03B,$-0.01B,-29.41%,$0.03B,$-0.01B,-20.59%,$0.03B,$-0.01B,-26.47%,$0.03B,$-0.01B,-26.47%,$-0.01B,$-0.00B,360.00%,$-0.01B,$-0.01B,120.00%,$-0.01B,$0.03B,-25.35%,$-0.01B,$-0.00B,571.43%,$11,$6,$6,$1,$3,$11,$1,$0,$1,$0,$1,$1,$1,$1,$1,$5,5,$0.16,$0.16,$3,$4,$0,$21,$3,$0,$5,$2,$12,$33,$35,$1,$1,$1,$37,$0,$-175,$-0,$-4,$33,$0,$1,$-1,$0,$-1,$-1,$0,$-3,$-4,$-4,$-0,$-0,$0,$1,$2,$3,$2,$5,$-0,$0,$-0,$0,$0,$-0,$0,$-0,$1,$0,$-0
40,2008-09-30,1.18,$-0.88,-1.35,$6.88,0.17,$-3.54,0.0,0,0.0,$0.02B,$0.04B,0.56,$0.00B,$-0.01B,-0.18,$0.03B,$0.01B,29.41%,$0.03B,$-0.02B,-44.12%,$0.03B,$-0.02B,-44.12%,$0.03B,$-0.01B,-32.35%,$0.03B,$-0.01B,-41.18%,$0.03B,$-0.01B,-41.18%,$-0.01B,$-0.01B,5600.00%,$-0.01B,$-0.01B,266.67%,$-0.01B,$0.03B,-37.33%,$-0.02B,$-0.00B,-3000.00%,$7,$4,$2,$1,$3,$9,$-2,$1,$-0,$0,$-0,$-0,$-0,$-1,$-2,$5,5,$-0.09,$-0.09,$4,$3,$0,$21,$4,$0,$5,$2,$13,$33,$37,$1,$1,$1,$38,$0,$-176,$-0,$-5,$33,$-0,$0,$-1,$-1,$0,$0,$0,$-1,$-1,$-2,$-0,$-0,$0,$1,$2,$3,$2,$5,$-0,$0,$-0,$0,$0,$-0,$0,$-0,$3,$0,$-0
41,2008-06-30,2.25,$-0.80,-2.8,$7.27,0.31,$-3.87,0.0,0,0.0,$0.02B,$0.04B,0.58,$0.00B,$-0.00B,-0.18,$0.04B,$0.01B,30.56%,$0.04B,$-0.02B,-47.22%,$0.04B,$-0.02B,-47.22%,$0.04B,$-0.01B,-38.89%,$0.04B,$-0.01B,-38.89%,$0.04B,$-0.01B,-38.89%,$-0.01B,$-0.00B,-430.77%,$-0.01B,$-0.01B,622.22%,$-0.01B,$0.04B,-35.22%,$-0.02B,$-0.00B,-425.00%,$8,$6,$2,$1,$5,$14,$-6,$-1,$-7,$0,$-7,$-7,$-7,$-5,$-6,$5,5,$-1.39,$-1.39,$2,$3,$0,$22,$4,$0,$5,$2,$13,$35,$38,$1,$1,$2,$39,$0,$-175,$-0,$-4,$35,$-14,$3,$-1,$2,$-3,$1,$0,$8,$7,$-5,$-1,$-0,$0,$1,$5,$6,$0,$5,$-0,$0,$-0,$0,$0,$-0,$0,$-0,$-0,$0,$-0
42,2008-03-31,3.81,$0.47,8.03,$7.46,0.51,$-3.79,0.0,0,0.0,$0.02B,$0.04B,0.65,$0.00B,$0.00B,0.32,$0.04B,$0.01B,27.03%,$0.04B,$-0.02B,-54.05%,$0.04B,$-0.02B,-54.05%,$0.04B,$-0.02B,-45.95%,$0.04B,$-0.02B,-43.24%,$0.04B,$-0.02B,-43.24%,$-0.02B,$0.00B,-246.15%,$-0.02B,$-0.00B,-1600.00%,$-0.02B,$0.04B,-38.79%,$-0.02B,$0.00B,-275.86%,$8,$6,$2,$1,$4,$11,$-3,$0,$-3,$0,$-3,$-3,$-3,$-2,$-3,$5,5,$-0.55,$-0.55,$3,$4,$0,$24,$4,$0,$5,$2,$17,$41,$37,$1,$0,$1,$38,$0,$-169,$-0,$3,$41,$-7,$2,$-3,$-2,$-3,$1,$-0,$7,$4,$-4,$-1,$-0,$0,$1,$5,$6,$0,$5,$0,$0,$0,$0,$0,$-0,$0,$0,$1,$0,$-0
43,2007-12-31,5.2,$0.98,5.3,$7.62,0.68,$-3.42,0.0,0,0.0,$0.02B,$0.04B,0.69,$0.00B,$0.01B,0.16,$0.04B,$0.01B,26.32%,$0.04B,$-0.02B,-57.89%,$0.04B,$-0.02B,-57.89%,$0.04B,$-0.02B,-52.63%,$0.04B,$-0.02B,-47.37%,$0.04B,$-0.02B,-47.37%,$-0.02B,$0.01B,-180.00%,$-0.02B,$0.00B,-378.95%,$-0.02B,$0.04B,-41.86%,$-0.02B,$0.01B,-200.00%,$11,$7,$4,$1,$6,$15,$-4,$0,$-4,$0,$-4,$-4,$-4,$-3,$-4,$5,5,$-0.78,$-0.78,$3,$4,$0,$24,$5,$0,$5,$2,$17,$41,$35,$1,$0,$1,$36,$0,$-166,$-0,$5,$41,$-4,$1,$-3,$-2,$-3,$0,$-0,$4,$2,$-4,$-0,$-0,$0,$0,$5,$5,$0,$4,$-0,$0,$-0,$0,$0,$-0,$0,$-0,$0,$0,$-0
44,2007-09-30,6.71,$1.67,4.01,$7.02,0.96,$-2.59,0.0,0,0.0,$0.02B,$0.03B,0.76,$0.00B,$0.01B,0.1,$0.04B,$0.01B,22.86%,$0.04B,$-0.02B,-65.71%,$0.04B,$-0.02B,-65.71%,$0.04B,$-0.02B,-62.86%,$0.04B,$-0.02B,-54.29%,$0.04B,$-0.02B,-54.29%,$-0.02B,$0.01B,-131.03%,$-0.02B,$0.00B,-205.41%,$-0.02B,$0.04B,-41.30%,$-0.02B,$0.01B,-148.39%,$9,$6,$3,$1,$5,$13,$-4,$4,$-0,$0,$-0,$-0,$-0,$-4,$-4,$5,5,$-0.04,$-0.04,$4,$5,$0,$24,$5,$0,$5,$2,$18,$42,$32,$1,$0,$1,$33,$172,$-162,$-0,$9,$42,$-0,$1,$-4,$-3,$-1,$-0,$-1,$2,$-0,$-3,$-0,$-0,$0,$-1,$5,$4,$0,$4,$-0,$0,$-0,$0,$0,$-0,$0,$-0,$0,$0,$-0
45,2007-06-30,4.97,$1.69,2.94,$6.89,0.72,$-2.01,0.0,0,0.0,$0.02B,$0.03B,0.75,$0.00B,$0.01B,0.11,$0.03B,$0.01B,20.59%,$0.03B,$-0.03B,-73.53%,$0.03B,$-0.03B,-73.53%,$0.03B,$-0.02B,-67.65%,$0.03B,$-0.03B,-73.53%,$0.03B,$-0.03B,-73.53%,$-0.03B,$0.01B,-129.87%,$-0.03B,$0.00B,-175.44%,$-0.03B,$0.04B,-51.02%,$-0.03B,$0.01B,-123.46%,$9,$8,$1,$1,$6,$18,$-9,$0,$-9,$0,$-9,$-9,$-9,$-8,$-9,$5,5,$-1.76,$-1.76,$3,$4,$0,$23,$5,$0,$5,$2,$18,$41,$31,$1,$0,$2,$32,$0,$-162,$-0,$9,$41,$-26,$3,$5,$8,$2,$3,$-1,$10,$14,$-4,$-1,$-1,$0,$3,$0,$3,$0,$2,$-0,$0,$-0,$0,$0,$-1,$0,$-1,$-3,$2,$-1
46,2007-03-31,6.5,$3.32,1.96,$6.23,1.04,$-2.25,0.0,0,0.0,$0.03B,$0.03B,1.03,$0.00B,$0.02B,0.06,$0.03B,$0.01B,20.00%,$0.03B,$-0.03B,-83.33%,$0.03B,$-0.03B,-83.33%,$0.03B,$-0.02B,-76.67%,$0.03B,$-0.03B,-83.33%,$0.03B,$-0.03B,-83.33%,$-0.03B,$0.02B,-102.04%,$-0.03B,$0.01B,-128.21%,$-0.03B,$0.05B,-47.17%,$-0.03B,$0.02B,-97.09%,$9,$7,$2,$2,$6,$14,$-5,$-0,$-5,$0,$-5,$-5,$-5,$-5,$-5,$5,5,$-1.11,$-1.11,$6,$6,$0,$30,$6,$0,$5,$2,$18,$48,$29,$1,$0,$2,$31,$0,$-153,$-0,$17,$48,$-17,$2,$3,$5,$1,$1,$-1,$9,$10,$-2,$-1,$-0,$0,$2,$0,$2,$0,$1,$-0,$0,$-0,$0,$0,$-1,$0,$-0,$-2,$2,$-1
47,2006-12-31,7.0,$4.34,1.61,$6.01,1.16,$-2.73,0.0,0,0.0,$0.04B,$0.03B,1.22,$0.00B,$0.02B,0.05,$0.03B,$0.01B,17.86%,$0.03B,$-0.03B,-96.43%,$0.03B,$-0.03B,-96.43%,$0.03B,$-0.02B,-85.71%,$0.03B,$-0.03B,-96.43%,$0.03B,$-0.03B,-96.43%,$-0.03B,$0.02B,-90.76%,$-0.03B,$0.02B,-109.09%,$-0.03B,$0.05B,-47.79%,$-0.03B,$0.02B,-87.10%,$8,$6,$2,$1,$6,$13,$-5,$-0,$-5,$0,$-5,$-5,$-5,$-5,$-5,$5,5,$-1.13,$-1.13,$9,$6,$0,$35,$6,$1,$5,$2,$19,$53,$28,$1,$0,$2,$30,$0,$-148,$-0,$23,$53,$-12,$1,$3,$4,$-0,$1,$-1,$8,$7,$-0,$-1,$-0,$0,$1,$0,$1,$0,$1,$-0,$0,$-0,$0,$0,$-0,$0,$0,$0,$2,$-0
