,Date,Stock Price,Book Value per Share,Price to Book Ratio,TTM Sales per Share,Price to Sales Ratio,TTM FCF per Share,Price to FCF Ratio,TTM Net EPS,PE Ratio,Current Assets,Current Liabilities,Current Ratio,Long Term Debt,Shareholder's Equity_x,Debt to Equity Ratio,TTM Revenue_x,TTM Gross Profit,Gross Margin,TTM Revenue_y,TTM Operating Income,Operating Margin,TTM Revenue_x,TTM EBIT,EBIT Margin,TTM Revenue_y,TTM EBITDA,EBITDA Margin,TTM Revenue_x,TTM Pre-Tax Income,Pre-Tax Margin,TTM Revenue_y,TTM Net Income_x,Net Margin,TTM Net Income_y,Shareholder's Equity_y,Return on Equity,TTM Net Income_x,Tangible Equity,Return on Tangible Equity,TTM Net Income_y,Total Assets,Return on Assets,TTM Net Income,LT Investments & Debt,Return on Investment,revenue,cost-goods-sold,gross-profit,research-development-expenses,selling-general-administrative-expenses,operating-expenses,operating-income,total-non-operating-income-expense,pre-tax-income,total-provision-income-taxes,income-after-taxes,income-from-continuous-operations,net-income,ebitda,ebit,basic-shares-outstanding,shares-outstanding,eps-basic-net-earnings-per-share,eps-earnings-per-share-diluted,cash-on-hand,inventory,other-current-assets,total-current-assets,net-property-plant-equipment,long-term-investments,goodwill-intangible-assets-total,other-long-term-assets,total-long-term-assets,total-assets,total-current-liabilities,long-term-debt,other-non-current-liabilities,total-long-term-liabilities,total-liabilities,common-stock-net,retained-earnings-accumulated-deficit,comprehensive-income,total-share-holder-equity,total-liabilities-share-holders-equity,net-income-loss,total-depreciation-amortization-cash-flow,other-non-cash-items,total-non-cash-items,change-in-accounts-receivable,change-in-inventories,change-in-accounts-payable,change-in-assets-liabilities,total-change-in-assets-liabilities,cash-flow-from-operating-activities,net-change-in-property-plant-equipment,net-change-in-intangible-assets,net-acquisitions-divestitures,net-change-in-short-term-investments,net-change-in-long-term-investments,net-change-in-investments-total,investing-activities-other,cash-flow-from-investing-activities,net-long-term-debt,net-current-debt,debt-issuance-retirement-net-total,net-common-equity-issued-repurchased,net-total-equity-issued-repurchased,total-common-preferred-stock-dividends-paid,financial-activities-other,cash-flow-from-financial-activities,net-cash-flow,stock-based-compensation,common-stock-dividends-paid
0,2018-06-30,20.75,$14.79,1.4,$2.61,7.96,$6.43,3.23,$0.99,20.96,$0.42B,$0.03B,16.56,$0.11B,$0.62B,0.18,$0.11B,$0.04B,37.84%,$0.11B,$0.01B,7.21%,$0.11B,$0.01B,7.21%,$0.11B,$0.02B,13.51%,$0.11B,$0.02B,16.22%,$0.11B,$0.04B,36.94%,$0.04B,$0.62B,6.65%,$0.04B,$0.62B,6.65%,$0.04B,$0.81B,5.21%,$0.01B,$0.73B,1.10%,$24,$10,$14,$0,$4,$15,$8,$2,$10,$0,$10,$10,$9,$10,$8,$42,42,$0.22,$0.22,$408,$0,$0,$418,$363,$0,$0,$29,$393,$811,$25,$111,$55,$165,$191,$42,$70,$0,$620,$811,$15,$3,$-238,$-236,$3,$0,$0,$25,$37,$-182,$229,$0,$0,$0,$0,$0,$0,$229,$-0,$0,$-0,$0,$0,$0,$-1,$-1,$46,$0,$0
1,2018-03-31,21.15,$14.55,1.45,$2.71,7.81,$8.08,2.62,$0.71,29.79,$0.49B,$0.02B,24.48,$0.11B,$0.61B,0.18,$0.12B,$0.04B,33.91%,$0.12B,$0.01B,6.09%,$0.12B,$0.01B,6.09%,$0.12B,$0.01B,11.30%,$0.12B,$0.02B,13.91%,$0.12B,$0.03B,25.22%,$0.03B,$0.61B,4.77%,$0.03B,$0.61B,4.77%,$0.03B,$0.78B,3.74%,$0.01B,$0.72B,0.97%,$23,$16,$6,$0,$4,$19,$4,$1,$5,$0,$5,$5,$5,$5,$4,$42,42,$0.11,$0.11,$476,$0,$0,$488,$264,$0,$0,$28,$293,$781,$20,$110,$41,$151,$171,$42,$61,$0,$610,$781,$5,$1,$-137,$-136,$1,$0,$0,$16,$16,$-114,$229,$0,$0,$0,$0,$0,$0,$229,$0,$0,$0,$0,$0,$0,$-0,$-0,$115,$0,$0
2,2017-12-31,22.0,$14.44,1.52,$2.69,8.16,$7.06,3.12,$1.19,18.49,$0.38B,$0.02B,17.88,$0.11B,$0.61B,0.18,$0.11B,$0.00B,4.39%,$0.11B,$0.04B,34.21%,$0.11B,$0.04B,34.21%,$0.11B,$0.05B,40.35%,$0.11B,$0.05B,45.61%,$0.11B,$0.05B,42.98%,$0.05B,$0.61B,8.13%,$0.05B,$0.61B,8.14%,$0.05B,$0.76B,6.35%,$0.04B,$0.71B,5.46%,$31,$20,$11,$0,$18,$47,$-16,$5,$-10,$12,$-23,$-23,$-18,$-14,$-16,$42,42,$-0.42,$-0.40,$362,$0,$0,$375,$132,$0,$0,$252,$387,$762,$21,$108,$27,$135,$156,$42,$56,$0,$606,$762,$52,$5,$-75,$-70,$3,$0,$0,$-1,$-2,$-16,$128,$0,$0,$0,$7,$7,$0,$135,$-7,$0,$-7,$1,$1,$0,$-56,$-62,$56,$7,$0
3,2017-09-30,17.2,$15.05,1.14,$3.49,4.93,$15.96,1.08,$2.62,6.56,$0.43B,$0.02B,26.12,$0.12B,$0.63B,0.18,$0.15B,$0.01B,7.48%,$0.15B,$0.11B,72.11%,$0.15B,$0.11B,72.11%,$0.15B,$0.11B,76.87%,$0.15B,$0.11B,76.87%,$0.15B,$0.11B,75.51%,$0.11B,$0.63B,18.77%,$0.11B,$0.63B,19.07%,$0.11B,$0.79B,14.51%,$0.11B,$0.75B,15.05%,$33,$22,$11,$0,$5,$21,$12,$1,$13,$5,$8,$8,$45,$14,$12,$42,43,$1.07,$1.06,$395,$0,$0,$432,$268,$0,$0,$93,$361,$794,$17,$116,$30,$146,$162,$45,$80,$0,$631,$794,$68,$4,$-47,$-43,$-4,$0,$0,$-0,$-27,$1,$-2,$0,$0,$0,$-0,$-0,$130,$128,$2,$0,$2,$1,$1,$0,$-2,$1,$130,$3,$0
4,2017-06-30,17.15,$13.97,1.23,$3.83,4.48,$16.54,1.04,$1.79,9.58,$0.39B,$0.02B,20.73,$0.11B,$0.59B,0.19,$0.16B,$0.02B,10.56%,$0.16B,$0.10B,62.11%,$0.16B,$0.10B,62.11%,$0.16B,$0.11B,67.08%,$0.16B,$0.11B,67.08%,$0.16B,$0.08B,47.20%,$0.08B,$0.59B,13.50%,$0.08B,$0.59B,14.00%,$0.08B,$0.77B,10.28%,$0.10B,$0.70B,14.81%,$28,$17,$11,$0,$28,$21,$7,$1,$8,$12,$-4,$-4,$-3,$8,$7,$42,42,$-0.06,$-0.06,$381,$0,$0,$390,$283,$0,$0,$95,$378,$768,$19,$113,$50,$164,$182,$45,$35,$0,$586,$768,$23,$3,$-53,$-50,$1,$0,$0,$2,$14,$-11,$128,$0,$0,$0,$-1,$-1,$0,$127,$1,$0,$1,$1,$1,$0,$-1,$0,$116,$2,$0
5,2017-03-31,13.65,$14.05,0.97,$4.30,3.18,$21.45,0.64,$2.08,6.56,$0.36B,$0.02B,22.24,$0.11B,$0.59B,0.19,$0.18B,$-0.02B,-10.50%,$0.18B,$0.16B,90.06%,$0.18B,$0.16B,90.06%,$0.18B,$0.17B,95.03%,$0.18B,$0.13B,70.17%,$0.18B,$0.09B,49.17%,$0.09B,$0.59B,16.38%,$0.09B,$0.59B,17.37%,$0.09B,$0.76B,12.40%,$0.16B,$0.70B,24.87%,$22,$51,$-28,$0,$5,$-14,$36,$5,$41,$16,$25,$25,$25,$38,$36,$42,42,$0.60,$0.59,$337,$0,$0,$356,$293,$0,$0,$115,$408,$764,$16,$112,$47,$160,$176,$45,$38,$0,$587,$764,$25,$1,$-37,$-36,$-2,$0,$0,$2,$7,$-2,$75,$0,$0,$0,$-0,$-0,$0,$75,$0,$0,$0,$0,$0,$0,$-1,$-1,$72,$1,$0
6,2016-12-31,13.3,$13.51,0.98,$4.66,2.85,$21.10,0.63,$1.36,9.78,$0.29B,$0.03B,11.38,$0.11B,$0.56B,0.2,$0.20B,$0.03B,14.21%,$0.20B,$0.14B,71.57%,$0.20B,$0.14B,71.57%,$0.20B,$0.15B,77.16%,$0.20B,$0.09B,46.70%,$0.20B,$0.06B,30.46%,$0.06B,$0.56B,11.51%,$0.06B,$0.52B,12.59%,$0.06B,$0.73B,7.86%,$0.14B,$0.67B,20.17%,$64,$47,$17,$0,$5,$14,$51,$0,$51,$8,$43,$43,$44,$53,$51,$35,42,$1.07,$1.02,$266,$0,$0,$286,$296,$0,$38,$113,$447,$733,$25,$110,$30,$146,$171,$45,$13,$0,$562,$733,$60,$11,$-8,$4,$13,$0,$0,$-0,$-2,$67,$421,$0,$0,$0,$-0,$-0,$0,$421,$-312,$0,$-312,$-4,$-4,$0,$-3,$-318,$169,$4,$0
7,2016-09-30,11.71,$15.34,0.76,$5.91,1.98,$9.26,1.27,$0.15,78.07,$0.15B,$0.03B,5.6,$0.11B,$0.52B,0.22,$0.23B,$0.06B,25.44%,$0.23B,$0.12B,54.39%,$0.23B,$0.12B,54.39%,$0.23B,$0.14B,62.28%,$0.23B,$0.07B,32.02%,$0.23B,$0.01B,4.39%,$0.01B,$0.52B,1.97%,$0.01B,$0.47B,2.17%,$0.01B,$0.69B,1.21%,$0.12B,$0.63B,16.48%,$47,$30,$17,$0,$5,$41,$6,$2,$8,$-10,$17,$17,$10,$9,$6,$34,42,$0.23,$0.23,$122,$0,$0,$146,$403,$0,$43,$99,$546,$692,$26,$112,$35,$149,$175,$37,$-31,$0,$517,$692,$16,$10,$2,$12,$21,$0,$0,$2,$-2,$30,$-6,$0,$0,$0,$-2,$-2,$319,$311,$-309,$0,$-309,$-4,$-4,$0,$-3,$-315,$26,$3,$0
8,2016-06-30,11.89,$15.08,0.79,$5.73,2.08,$6.97,1.71,$-4.87,0.0,$0.11B,$0.03B,4.37,$0.11B,$0.51B,0.23,$0.21B,$0.05B,25.35%,$0.21B,$0.11B,51.64%,$0.21B,$0.11B,51.64%,$0.21B,$0.14B,64.79%,$0.21B,$0.05B,23.94%,$0.21B,$-0.16B,-77.00%,$-0.16B,$0.51B,-32.49%,$-0.16B,$0.46B,-36.14%,$-0.16B,$0.68B,-18.01%,$0.11B,$0.62B,13.24%,$48,$73,$-25,$0,$5,$-22,$70,$-42,$27,$15,$12,$12,$10,$72,$70,$34,42,$0.23,$0.23,$107,$0,$0,$114,$436,$0,$43,$88,$568,$682,$26,$114,$34,$149,$175,$37,$-41,$0,$507,$682,$6,$7,$-17,$-10,$19,$0,$0,$1,$13,$13,$312,$0,$0,$0,$-3,$-3,$0,$310,$-306,$0,$-306,$-4,$-4,$0,$-2,$-311,$11,$2,$0
9,2016-03-31,13.04,$14.76,0.88,$5.63,2.32,$-2.22,0.0,$-6.11,0.0,$0.17B,$0.04B,4.47,$0.37B,$0.50B,0.75,$0.21B,$0.10B,47.85%,$0.21B,$0.05B,22.01%,$0.21B,$0.05B,22.01%,$0.21B,$0.08B,40.19%,$0.21B,$0.03B,13.40%,$0.21B,$-0.21B,-100.00%,$-0.21B,$0.50B,-38.31%,$-0.21B,$0.45B,-42.74%,$-0.21B,$0.95B,-20.13%,$0.05B,$0.87B,4.83%,$38,$19,$19,$0,$6,$24,$14,$-8,$6,$2,$4,$4,$-4,$18,$14,$34,42,$-0.13,$-0.10,$143,$0,$0,$167,$532,$0,$56,$194,$781,$948,$37,$373,$37,$410,$448,$37,$-50,$0,$500,$948,$-4,$5,$-2,$3,$14,$0,$0,$-1,$4,$5,$53,$0,$0,$0,$-1,$-1,$0,$51,$-10,$0,$-10,$0,$0,$0,$-0,$-10,$46,$1,$0
10,2015-12-31,10.94,$14.94,0.73,$6.14,1.78,$-4.91,0.0,$-6.22,0.0,$0.13B,$0.04B,3.23,$0.38B,$0.50B,0.76,$0.22B,$0.10B,44.75%,$0.22B,$0.02B,10.96%,$0.22B,$0.02B,10.96%,$0.22B,$0.07B,31.96%,$0.22B,$0.01B,4.11%,$0.22B,$-0.21B,-97.26%,$-0.21B,$0.50B,-35.72%,$-0.21B,$0.46B,-39.66%,$-0.21B,$0.97B,-19.18%,$0.02B,$0.89B,2.36%,$95,$48,$47,$0,$5,$61,$34,$-3,$32,$-5,$37,$37,$-6,$43,$34,$34,34,$-0.18,$-0.38,$96,$0,$0,$128,$605,$0,$43,$91,$845,$972,$40,$382,$35,$429,$468,$37,$-46,$0,$504,$972,$-212,$45,$212,$257,$-1,$0,$0,$3,$-14,$35,$-46,$0,$0,$0,$-14,$-14,$0,$-60,$-47,$0,$-47,$0,$0,$0,$-2,$-48,$-74,$4,$0
11,2015-09-30,13.15,$15.12,0.87,$3.64,3.62,$-4.35,0.0,$-6.38,0.0,$0.11B,$0.06B,1.84,$0.44B,$0.51B,0.86,$0.14B,$0.07B,52.21%,$0.14B,$0.01B,3.68%,$0.14B,$0.01B,3.68%,$0.14B,$0.06B,40.44%,$0.14B,$-0.01B,-7.35%,$0.14B,$-0.22B,-161.03%,$-0.22B,$0.51B,-33.81%,$-0.22B,$0.45B,-37.58%,$-0.22B,$1.04B,-18.53%,$0.01B,$0.94B,0.46%,$32,$19,$13,$0,$9,$41,$-8,$-5,$-14,$44,$-57,$-57,$-164,$5,$-8,$34,34,$-4.79,$-4.79,$93,$0,$0,$110,$762,$0,$63,$105,$931,$1041,$60,$435,$38,$473,$533,$37,$-40,$0,$508,$1041,$-207,$37,$139,$176,$9,$0,$0,$3,$14,$-15,$-44,$0,$0,$0,$-16,$-16,$0,$-60,$-0,$0,$-0,$0,$0,$0,$-2,$-2,$-77,$6,$0
12,2015-06-30,13.16,$19.94,0.66,$4.04,3.26,$-3.59,0.0,$-1.47,0.0,$0.12B,$0.05B,2.34,$0.44B,$0.67B,0.65,$0.16B,$0.08B,47.85%,$0.16B,$0.03B,15.95%,$0.16B,$0.03B,15.95%,$0.16B,$0.07B,45.40%,$0.16B,$0.01B,7.36%,$0.16B,$-0.05B,-30.67%,$-0.05B,$0.67B,-7.07%,$-0.05B,$0.61B,-7.80%,$-0.05B,$1.19B,-4.04%,$0.03B,$1.11B,2.28%,$44,$23,$21,$0,$5,$38,$6,$-2,$4,$1,$3,$3,$-35,$18,$6,$34,42,$-1.01,$-0.81,$99,$0,$0,$117,$847,$0,$66,$97,$1075,$1192,$50,$435,$37,$472,$522,$37,$124,$0,$670,$1192,$-43,$23,$3,$26,$8,$0,$0,$3,$-4,$-18,$-47,$0,$0,$0,$-8,$-8,$3,$-52,$0,$0,$0,$0,$0,$0,$-1,$-1,$-71,$3,$0
13,2015-03-31,15.77,$20.92,0.75,$4.91,3.21,$-2.88,0.0,$-0.12,0.0,$0.14B,$0.06B,2.46,$0.43B,$0.70B,0.62,$0.20B,$0.09B,44.55%,$0.20B,$0.05B,23.27%,$0.20B,$0.05B,23.27%,$0.20B,$0.09B,46.04%,$0.20B,$0.03B,15.35%,$0.20B,0,0.00%,$0.00B,$0.70B,0.00%,$0.00B,$0.64B,0.00%,$0.00B,$1.24B,0.00%,$0.05B,$1.14B,4.09%,$48,$31,$17,$0,$8,$56,$-8,$-5,$-13,$-4,$-8,$-8,$-8,$4,$-8,$34,34,$-0.24,$-0.24,$126,$0,$0,$144,$896,$0,$66,$87,$1093,$1237,$59,$434,$41,$475,$534,$37,$159,$0,$703,$1237,$-8,$11,$-23,$-12,$7,$0,$0,$3,$-1,$-19,$-27,$0,$0,$0,$-0,$-0,$2,$-25,$1,$0,$1,$0,$0,$0,$-1,$-0,$-44,$3,$0
14,2014-12-31,15.4,$21.21,0.73,$5.44,2.83,$-1.97,0.0,$0.31,49.68,$0.20B,$0.07B,2.74,$0.43B,$0.71B,0.61,$0.24B,$0.11B,45.19%,$0.24B,$0.07B,29.71%,$0.24B,$0.07B,29.71%,$0.24B,$0.11B,46.86%,$0.24B,$0.06B,24.27%,$0.24B,$0.02B,6.69%,$0.02B,$0.71B,2.20%,$0.02B,$0.64B,2.42%,$0.02B,$1.26B,1.31%,$0.07B,$1.14B,6.28%,$12,$-8,$20,$0,$5,$-3,$15,$-2,$13,$5,$8,$8,$-12,$28,$15,$35,44,$-0.28,$-0.27,$170,$0,$0,$202,$859,$0,$66,$90,$1056,$1258,$74,$433,$42,$475,$548,$37,$167,$0,$710,$1258,$17,$42,$46,$87,$11,$0,$0,$2,$-3,$107,$-97,$0,$-20,$0,$-13,$-13,$0,$-130,$39,$0,$39,$-25,$-25,$0,$-14,$0,$-22,$3,$0
15,2014-09-30,17.72,$21.32,0.83,$7.84,2.26,$-2.69,0.0,$0.98,18.08,$0.22B,$0.07B,3.25,$0.43B,$0.75B,0.58,$0.33B,$0.13B,39.08%,$0.33B,$0.08B,24.31%,$0.33B,$0.08B,24.31%,$0.33B,$0.12B,35.38%,$0.33B,$0.07B,20.92%,$0.33B,$0.04B,12.62%,$0.04B,$0.75B,5.62%,$0.04B,$0.68B,6.18%,$0.04B,$1.27B,3.41%,$0.08B,$1.18B,7.09%,$59,$39,$20,$0,$5,$46,$13,$-5,$8,$3,$5,$5,$5,$24,$13,$35,44,$0.12,$0.12,$171,$0,$0,$220,$872,$0,$67,$78,$1048,$1268,$68,$429,$26,$455,$523,$37,$179,$0,$745,$1268,$29,$29,$-14,$15,$-6,$0,$0,$4,$-9,$36,$-79,$0,$-20,$0,$-3,$-3,$20,$-83,$37,$0,$37,$1,$1,$0,$-13,$25,$-22,$5,$0
16,2014-06-30,19.09,$21.14,0.9,$8.58,2.22,$-2.21,0.0,$1.19,16.04,$0.23B,$0.06B,4.11,$0.40B,$0.74B,0.54,$0.34B,$0.14B,41.06%,$0.34B,$0.08B,22.58%,$0.34B,$0.08B,22.58%,$0.34B,$0.11B,32.26%,$0.34B,$0.07B,20.53%,$0.34B,$0.05B,14.08%,$0.05B,$0.74B,6.97%,$0.05B,$0.67B,7.71%,$0.05B,$1.22B,4.23%,$0.08B,$1.14B,7.34%,$83,$50,$33,$0,$7,$56,$27,$-4,$23,$8,$15,$15,$15,$37,$27,$35,44,$0.34,$0.34,$184,$0,$0,$231,$811,$0,$67,$79,$991,$1222,$56,$400,$28,$428,$484,$37,$174,$0,$738,$1222,$24,$18,$-7,$11,$-7,$0,$0,$4,$-17,$19,$-54,$0,$0,$0,$-4,$-4,$11,$-48,$33,$0,$33,$1,$1,$0,$-13,$21,$-8,$4,$0
17,2014-03-31,17.8,$20.68,0.86,$8.35,2.13,$-1.42,0.0,$0.86,20.7,$0.18B,$0.06B,3.28,$0.35B,$0.72B,0.48,$0.32B,$0.13B,40.57%,$0.32B,$0.05B,16.98%,$0.32B,$0.05B,16.98%,$0.32B,$0.08B,26.42%,$0.32B,$0.05B,15.41%,$0.32B,$0.03B,10.69%,$0.03B,$0.72B,5.27%,$0.03B,$0.66B,5.87%,$0.03B,$1.14B,3.16%,$0.05B,$1.07B,5.46%,$85,$50,$35,$0,$5,$69,$16,$-2,$14,$5,$9,$9,$8,$23,$16,$36,44,$0.20,$0.19,$148,$0,$0,$180,$786,$0,$67,$72,$963,$1143,$55,$345,$21,$366,$421,$37,$159,$0,$722,$1143,$9,$7,$-2,$5,$7,$0,$0,$1,$-9,$6,$-24,$0,$0,$0,$-4,$-4,$0,$-28,$-13,$0,$-13,$1,$1,$0,$-9,$-22,$-44,$0,$0
18,2013-12-31,21.27,$20.59,1.03,$9.15,2.32,$-0.45,0.0,$0.78,27.27,$0.23B,$0.06B,3.84,$0.36B,$0.72B,0.5,$0.33B,$0.13B,39.39%,$0.33B,$0.05B,14.55%,$0.33B,$0.05B,14.55%,$0.33B,$0.08B,23.33%,$0.33B,$0.04B,12.73%,$0.33B,$0.03B,9.09%,$0.03B,$0.72B,4.96%,$0.03B,$0.65B,5.56%,$0.03B,$1.17B,2.91%,$0.05B,$1.07B,5.09%,$98,$59,$39,$0,$6,$75,$23,$0,$23,$7,$16,$16,$13,$31,$23,$35,37,$0.35,$0.34,$192,$0,$0,$232,$769,$0,$67,$64,$941,$1172,$60,$357,$39,$397,$457,$37,$150,$0,$715,$1172,$35,$30,$24,$54,$-4,$0,$0,$-1,$-3,$89,$-107,$0,$0,$0,$3,$3,$0,$-104,$59,$0,$59,$2,$2,$0,$136,$197,$182,$17,$0
19,2013-09-30,21.53,$16.70,1.29,$8.41,2.56,$-0.44,0.0,$0.73,29.49,$0.09B,$0.06B,1.52,$0.34B,$0.58B,0.58,$0.30B,$0.12B,41.20%,$0.30B,$0.04B,11.63%,$0.30B,$0.04B,11.63%,$0.30B,$0.06B,20.60%,$0.30B,$0.04B,12.96%,$0.30B,$0.03B,8.97%,$0.03B,$0.58B,4.82%,$0.03B,$0.51B,5.45%,$0.03B,$1.00B,2.79%,$0.04B,$0.92B,3.97%,$75,$42,$33,$0,$6,$64,$11,$-1,$10,$-3,$13,$13,$12,$19,$11,$35,36,$0.33,$0.33,$55,$0,$0,$91,$735,$0,$67,$69,$912,$1003,$60,$335,$28,$363,$423,$37,$137,$0,$580,$1003,$19,$22,$18,$40,$-1,$0,$0,$-0,$-14,$45,$-63,$0,$0,$0,$0,$0,$-0,$-62,$63,$0,$63,$2,$2,$0,$-3,$62,$44,$15,$0
20,2013-06-30,20.06,$16.29,1.23,$7.48,2.68,$0.21,96.07,$0.38,52.79,$0.11B,$0.05B,2.18,$0.33B,$0.57B,0.59,$0.27B,$0.11B,41.95%,$0.27B,$0.03B,10.86%,$0.27B,$0.03B,10.86%,$0.27B,$0.06B,20.97%,$0.27B,$0.03B,10.49%,$0.27B,$0.01B,5.24%,$0.01B,$0.57B,2.57%,$0.01B,$0.50B,2.91%,$0.01B,$0.98B,1.49%,$0.03B,$0.90B,3.40%,$60,$38,$22,$0,$6,$57,$4,$-1,$2,$1,$1,$1,$1,$11,$4,$35,36,$0.02,$0.02,$69,$0,$0,$108,$696,$0,$66,$66,$872,$980,$49,$332,$33,$365,$414,$37,$126,$0,$565,$980,$6,$14,$32,$45,$-1,$0,$0,$1,$-17,$35,$-36,$0,$0,$0,$1,$1,$-0,$-35,$60,$0,$60,$2,$2,$0,$-3,$59,$59,$12,$0
21,2013-03-31,21.86,$16.21,1.35,$6.81,3.21,$-0.18,0.0,$0.39,56.05,$0.12B,$0.05B,2.7,$0.33B,$0.56B,0.59,$0.24B,$0.11B,45.04%,$0.24B,$0.03B,11.98%,$0.24B,$0.03B,11.98%,$0.24B,$0.05B,21.49%,$0.24B,$0.03B,11.57%,$0.24B,$0.01B,5.79%,$0.01B,$0.56B,2.62%,$0.01B,$0.50B,2.89%,$0.01B,$0.97B,1.57%,$0.03B,$0.89B,3.58%,$97,$62,$36,$0,$10,$88,$10,$-2,$7,$2,$5,$5,$4,$16,$10,$35,36,$0.11,$0.11,$87,$0,$0,$121,$678,$0,$64,$66,$852,$973,$45,$329,$38,$367,$411,$37,$125,$0,$561,$973,$5,$6,$37,$44,$1,$0,$0,$-0,$-16,$33,$-14,$0,$0,$0,$0,$0,$0,$-14,$58,$0,$58,$1,$1,$0,$-2,$56,$76,$10,$0
22,2012-12-31,17.33,$15.41,1.12,$4.88,3.55,$-2.15,0.0,$0.36,48.14,$0.04B,$0.05B,0.85,$0.29B,$0.53B,0.55,$0.17B,$0.09B,51.45%,$0.17B,$0.03B,15.61%,$0.17B,$0.03B,15.61%,$0.17B,$0.05B,27.17%,$0.17B,$0.03B,15.03%,$0.17B,$0.01B,7.51%,$0.01B,$0.53B,2.49%,$0.01B,$0.47B,2.66%,$0.01B,$0.92B,1.54%,$0.03B,$0.83B,3.49%,$69,$36,$33,$0,$7,$58,$10,$10,$20,$7,$13,$13,$10,$16,$10,$35,35,$0.29,$0.28,$10,$0,$0,$44,$693,$0,$64,$63,$874,$918,$52,$294,$39,$333,$385,$37,$121,$0,$534,$918,$18,$19,$-45,$-26,$-1,$0,$0,$-3,$-14,$-22,$5,$0,$-153,$0,$42,$42,$0,$-105,$129,$0,$129,$-0,$-0,$0,$-10,$119,$-8,$15,$0
23,2012-09-30,16.66,$15.03,1.11,$4.46,3.74,$-0.74,0.0,$-0.57,0.0,$0.04B,$0.06B,0.78,$0.28B,$0.52B,0.53,$0.16B,$0.08B,50.00%,$0.16B,$0.02B,10.76%,$0.16B,$0.02B,10.76%,$0.16B,$0.03B,21.52%,$0.16B,$-0.03B,-18.35%,$0.16B,$-0.02B,-12.66%,$-0.02B,$0.52B,-3.87%,$-0.02B,$0.46B,-4.02%,$-0.02B,$0.89B,-2.45%,$0.02B,$0.80B,2.27%,$41,$20,$21,$0,$11,$36,$5,$-6,$-1,$-1,$-0,$-0,$-1,$13,$5,$35,35,$-0.02,$-0.02,$10,$0,$0,$43,$674,$0,$61,$61,$846,$890,$56,$277,$36,$313,$369,$37,$111,$0,$521,$890,$5,$13,$-31,$-18,$-1,$0,$0,$1,$-6,$-19,$25,$0,$-152,$0,$31,$31,$0,$-96,$113,$0,$113,$1,$1,$0,$-7,$107,$-8,$11,$0
24,2012-06-30,12.81,$14.99,0.85,$4.04,3.17,$-0.12,0.0,$0.47,27.26,$0.07B,$0.02B,2.91,$0.20B,$0.52B,0.39,$0.14B,$0.07B,49.65%,$0.14B,$0.07B,50.35%,$0.14B,$0.07B,50.35%,$0.14B,$0.08B,58.74%,$0.14B,$0.03B,20.28%,$0.14B,$0.02B,11.89%,$0.02B,$0.52B,3.25%,$0.02B,$0.51B,3.29%,$0.02B,$0.78B,2.11%,$0.07B,$0.72B,9.70%,$35,$17,$19,$0,$7,$31,$4,$-2,$2,$1,$1,$1,$1,$7,$4,$35,35,$0.02,$0.02,$45,$0,$0,$69,$566,$0,$5,$61,$709,$778,$24,$202,$33,$235,$258,$37,$112,$0,$520,$778,$5,$5,$-12,$-7,$-0,$0,$0,$1,$-9,$-11,$-4,$0,$0,$0,$31,$31,$0,$28,$11,$0,$11,$1,$1,$0,$-2,$10,$27,$5,$0
25,2012-03-31,15.39,$14.91,1.03,$3.76,4.09,$-0.75,0.0,$0.34,45.26,$0.03B,$0.02B,1.75,$0.23B,$0.52B,0.44,$0.13B,$0.07B,49.62%,$0.13B,$0.07B,48.87%,$0.13B,$0.07B,48.87%,$0.13B,$0.08B,57.89%,$0.13B,$0.02B,15.04%,$0.13B,$0.01B,9.02%,$0.01B,$0.52B,2.31%,$0.01B,$0.51B,2.33%,$0.01B,$0.80B,1.47%,$0.07B,$0.75B,8.62%,$28,$12,$16,$0,$7,$20,$8,$-3,$5,$2,$3,$3,$3,$11,$8,$35,35,$0.08,$0.08,$7,$0,$0,$31,$631,$0,$5,$56,$767,$798,$18,$228,$35,$263,$281,$37,$111,$0,$517,$798,$3,$2,$-39,$-37,$-1,$0,$0,$0,$-15,$-48,$-3,$0,$0,$0,$32,$32,$0,$29,$6,$0,$6,$1,$1,$0,$-1,$7,$-11,$5,$0
26,2011-12-31,15.13,$14.77,1.02,$3.80,3.98,$0.48,31.22,$0.19,79.63,$0.04B,$0.02B,2.05,$0.22B,$0.51B,0.43,$0.14B,$0.07B,51.11%,$0.14B,$0.06B,42.96%,$0.14B,$0.06B,42.96%,$0.14B,$0.07B,51.11%,$0.14B,$0.01B,9.63%,$0.14B,$0.01B,5.19%,$0.01B,$0.51B,1.35%,$0.01B,$0.51B,1.36%,$0.01B,$0.80B,0.86%,$0.06B,$0.73B,7.70%,$54,$31,$23,$0,$8,$54,$-0,$-35,$-35,$-13,$-22,$-22,$-23,$3,$-0,$35,36,$-0.65,$-0.64,$18,$0,$0,$42,$589,$0,$5,$86,$753,$795,$20,$222,$42,$263,$284,$37,$108,$0,$511,$795,$9,$11,$8,$19,$1,$0,$0,$1,$12,$40,$-6,$0,$0,$0,$1,$1,$0,$-5,$-0,$0,$-0,$-12,$-12,$0,$-10,$-22,$13,$7,$0
27,2011-09-30,10.91,$15.41,0.71,$2.92,3.73,$-0.08,0.0,$0.91,11.99,$0.05B,$0.03B,2.13,$0.22B,$0.55B,0.41,$0.10B,$0.05B,50.96%,$0.10B,$0.06B,58.65%,$0.10B,$0.06B,58.65%,$0.10B,$0.07B,70.19%,$0.10B,$0.05B,50.00%,$0.10B,$0.03B,30.77%,$0.03B,$0.55B,6.15%,$0.03B,$0.54B,6.23%,$0.03B,$0.85B,3.93%,$0.06B,$0.77B,8.09%,$26,$13,$13,$0,$3,$-34,$60,$-4,$57,$20,$37,$37,$36,$63,$60,$36,36,$1.03,$1.02,$29,$0,$0,$53,$612,$0,$6,$117,$793,$847,$25,$224,$53,$277,$302,$37,$131,$0,$545,$847,$31,$7,$-35,$-27,$-0,$0,$0,$1,$29,$33,$-5,$0,$0,$0,$-1,$-1,$0,$-5,$2,$0,$2,$-1,$-1,$0,$-5,$-4,$24,$0,$0
28,2011-06-30,16.43,$14.34,1.15,$2.85,5.77,$-1.30,0.0,$0.14,117.36,$0.03B,$0.02B,1.47,$0.26B,$0.51B,0.51,$0.10B,$0.06B,53.92%,$0.10B,$0.02B,16.67%,$0.10B,$0.02B,16.67%,$0.10B,$0.03B,26.47%,$0.10B,$0.01B,6.86%,$0.10B,$0.01B,4.90%,$0.01B,$0.51B,0.98%,$0.01B,$0.50B,0.99%,$0.01B,$0.83B,0.63%,$0.02B,$0.77B,2.28%,$25,$11,$14,$0,$7,$28,$-3,$-4,$-7,$-3,$-4,$-4,$-4,$-0,$-3,$36,36,$-0.11,$-0.11,$6,$0,$0,$30,$592,$0,$6,$143,$795,$825,$20,$261,$35,$296,$316,$37,$95,$0,$509,$825,$-6,$5,$-33,$-28,$1,$0,$0,$-0,$0,$-34,$-3,$0,$0,$0,$-1,$-1,$0,$-4,$39,$0,$39,$1,$1,$0,$-3,$38,$0,$4,$0
29,2011-03-31,19.02,$14.47,1.31,$2.91,6.54,$-0.83,0.0,$0.16,118.88,$0.01B,$0.02B,0.5,$0.23B,$0.51B,0.45,$0.11B,$0.06B,54.29%,$0.11B,$0.02B,20.00%,$0.11B,$0.02B,20.00%,$0.11B,$0.03B,28.57%,$0.11B,$0.01B,10.48%,$0.11B,$0.01B,5.71%,$0.01B,$0.51B,1.17%,$0.01B,$0.51B,1.18%,$0.01B,$0.80B,0.77%,$0.02B,$0.74B,2.87%,$30,$11,$19,$0,$6,$29,$1,$-3,$-2,$-1,$-2,$-2,$-2,$3,$1,$35,35,$-0.07,$-0.07,$6,$0,$0,$8,$593,$0,$6,$139,$787,$795,$16,$231,$36,$266,$282,$37,$99,$0,$513,$795,$-2,$2,$-4,$-2,$1,$0,$0,$0,$-3,$-6,$-1,$0,$0,$0,$-1,$-1,$0,$-1,$9,$0,$9,$0,$0,$0,$-2,$8,$0,$4,$0
30,2010-12-31,19.3,$14.51,1.33,$2.07,9.34,$-0.63,0.0,$0.15,128.67,$0.01B,$0.02B,0.49,$0.22B,$0.51B,0.43,$0.10B,$0.05B,52.48%,$0.10B,$0.02B,18.81%,$0.10B,$0.02B,18.81%,$0.10B,$0.03B,28.71%,$0.10B,$0.01B,7.92%,$0.10B,$0.01B,4.95%,$0.01B,$0.51B,0.97%,$0.01B,$0.51B,0.97%,$0.01B,$0.79B,0.65%,$0.02B,$0.74B,2.62%,$23,$16,$7,$0,$6,$20,$3,$1,$4,$1,$3,$3,$2,$7,$3,$36,36,$0.06,$-0.02,$5,$0,$0,$9,$586,$0,$7,$141,$781,$789,$18,$222,$35,$257,$275,$37,$101,$0,$514,$789,$6,$11,$3,$14,$0,$0,$0,$-0,$-6,$14,$-0,$0,$-38,$0,$12,$12,$0,$-27,$18,$0,$18,$-14,$-14,$0,$-7,$-3,$-16,$12,$0
31,2010-09-30,17.05,$14.43,1.18,$2.31,7.39,$2.73,6.23,$-0.12,0.0,$0.04B,$0.02B,2.19,$0.22B,$0.51B,0.43,$0.11B,$0.06B,58.72%,$0.11B,$0.01B,10.09%,$0.11B,$0.01B,10.09%,$0.11B,$0.02B,17.43%,$0.11B,$-0.01B,-6.42%,$0.11B,$-0.00B,-3.67%,$-0.00B,$0.51B,-0.78%,$-0.00B,$0.51B,-0.78%,$-0.00B,$0.78B,-0.52%,$0.01B,$0.73B,1.52%,$24,$9,$15,$0,$5,$8,$16,$-4,$12,$3,$9,$9,$9,$17,$16,$36,36,$0.25,$0.25,$4,$0,$0,$44,$550,$0,$0,$141,$733,$777,$20,$218,$28,$246,$266,$37,$99,$0,$511,$777,$3,$7,$20,$28,$-10,$0,$0,$-22,$-44,$-14,$-2,$0,$0,$0,$3,$3,$3,$4,$14,$0,$14,$-14,$-14,$0,$-6,$-6,$-17,$7,$0
32,2010-06-30,17.96,$14.57,1.23,$2.90,6.19,$7.32,2.46,$0.17,105.65,$0.02B,$0.02B,1.24,$0.20B,$0.52B,0.39,$0.13B,$0.08B,62.31%,$0.13B,$0.03B,26.15%,$0.13B,$0.03B,26.15%,$0.13B,$0.04B,33.85%,$0.13B,$0.01B,9.23%,$0.13B,$0.01B,4.62%,$0.01B,$0.52B,1.16%,$0.01B,$0.52B,1.16%,$0.01B,$0.76B,0.77%,$0.03B,$0.72B,4.65%,$28,$12,$16,$0,$6,$27,$1,$-4,$-3,$0,$-3,$-3,$-3,$3,$1,$36,36,$-0.09,$-0.09,$6,$0,$0,$20,$550,$0,$0,$144,$742,$762,$17,$202,$27,$229,$246,$37,$90,$0,$516,$762,$-6,$5,$5,$11,$-10,$0,$0,$0,$-23,$-19,$-1,$0,$0,$0,$4,$4,$3,$5,$-1,$0,$-1,$1,$1,$0,$-0,$-1,$-15,$6,$0
33,2010-03-31,18.88,$14.22,1.33,$3.25,5.82,$10.87,1.74,$1.67,11.31,$0.02B,$0.01B,1.34,$0.20B,$0.52B,0.4,$0.14B,$0.09B,65.49%,$0.14B,$0.12B,87.32%,$0.14B,$0.12B,87.32%,$0.14B,$0.13B,94.37%,$0.14B,$0.10B,68.31%,$0.14B,$0.06B,42.25%,$0.06B,$0.52B,11.63%,$0.06B,$0.52B,11.63%,$0.06B,$0.76B,7.56%,$0.12B,$0.72B,16.84%,$26,$11,$15,$0,$6,$27,$-1,$-4,$-5,$-2,$-3,$-3,$-3,$2,$-1,$36,0,$-0.08,$0.00,$7,$0,$0,$18,$553,$0,$0,$146,$745,$764,$14,$204,$28,$233,$246,$37,$93,$0,$518,$764,$-3,$3,$2,$4,$-10,$0,$0,$0,$-21,$-20,$-0,$0,$0,$0,$2,$2,$3,$4,$1,$0,$1,$1,$1,$0,$-0,$1,$-14,$4,$0
34,2009-12-31,21.98,$14.38,1.53,$4.06,5.41,$10.53,2.09,$1.64,13.4,$0.02B,$0.02B,1.04,$0.22B,$0.52B,0.42,$0.15B,$0.10B,66.90%,$0.15B,$0.13B,86.21%,$0.15B,$0.13B,86.21%,$0.15B,$0.13B,92.41%,$0.15B,$0.10B,66.90%,$0.15B,$0.06B,40.69%,$0.06B,$0.52B,11.83%,$0.06B,$0.52B,11.83%,$0.06B,$0.79B,7.27%,$0.13B,$0.74B,16.53%,$31,$14,$18,$0,$7,$37,$-5,$-6,$-11,$-4,$-7,$-7,$-7,$-3,$-5,$36,36,$-0.20,$-0.20,$21,$0,$0,$23,$568,$0,$0,$153,$762,$785,$22,$217,$28,$244,$266,$36,$96,$-0,$518,$785,$62,$10,$76,$85,$-1,$0,$0,$1,$-5,$142,$-7,$0,$0,$0,$1,$1,$0,$-6,$-121,$0,$-121,$4,$4,$0,$-6,$-123,$13,$12,$0
35,2009-09-30,17.18,$14.60,1.18,$4.22,4.07,$5.21,3.3,$1.89,9.09,$0.05B,$0.02B,2.07,$0.23B,$0.52B,0.43,$0.15B,$0.10B,66.23%,$0.15B,$0.14B,91.39%,$0.15B,$0.14B,91.39%,$0.15B,$0.15B,98.01%,$0.15B,$0.11B,72.85%,$0.15B,$0.07B,45.03%,$0.07B,$0.52B,14.09%,$0.07B,$0.52B,14.09%,$0.07B,$0.82B,8.25%,$0.14B,$0.75B,17.92%,$45,$13,$32,$0,$8,$7,$39,$-8,$31,$11,$20,$20,$19,$42,$39,$36,36,$0.54,$0.54,$44,$0,$0,$48,$576,$0,$0,$155,$769,$817,$23,$225,$45,$270,$293,$36,$103,$-1,$524,$817,$68,$7,$65,$73,$0,$0,$0,$0,$15,$156,$-6,$0,$0,$0,$1,$1,$0,$-6,$-112,$0,$-112,$1,$1,$0,$-3,$-115,$35,$8,$0
36,2009-06-30,11.88,$14.02,0.85,$3.91,3.03,$-0.00,0.0,$1.37,8.67,$0.02B,$0.02B,1.03,$0.24B,$0.50B,0.47,$0.14B,$0.09B,63.57%,$0.14B,$0.11B,75.00%,$0.14B,$0.11B,75.00%,$0.14B,$0.11B,80.71%,$0.14B,$0.08B,57.86%,$0.14B,$0.05B,35.71%,$0.05B,$0.50B,10.79%,$0.05B,$0.50B,10.79%,$0.05B,$0.81B,6.07%,$0.11B,$0.74B,13.58%,$40,$13,$28,$0,$6,$-51,$91,$-9,$82,$31,$51,$51,$51,$93,$91,$36,36,$1.42,$1.41,$17,$0,$0,$21,$590,$0,$0,$170,$789,$810,$20,$238,$49,$287,$307,$36,$84,$-1,$503,$810,$48,$4,$40,$44,$-1,$0,$0,$1,$20,$112,$-5,$0,$0,$0,$1,$1,$0,$-4,$-100,$0,$-100,$0,$0,$0,$-0,$-100,$9,$4,$0
37,2009-03-31,7.65,$12.56,0.61,$4.22,1.81,$-3.61,0.0,$0.23,33.26,$0.01B,$0.02B,0.59,$0.35B,$0.45B,0.78,$0.15B,$0.10B,65.13%,$0.15B,$0.03B,21.05%,$0.15B,$0.03B,21.05%,$0.15B,$0.04B,26.32%,$0.15B,$0.01B,9.21%,$0.15B,$0.01B,5.92%,$0.01B,$0.45B,2.01%,$0.01B,$0.45B,2.01%,$0.01B,$0.83B,1.10%,$0.03B,$0.80B,4.14%,$29,$10,$19,$0,$9,$29,$0,$-6,$-5,$-2,$-3,$-3,$-4,$2,$0,$36,36,$-0.11,$-0.11,$8,$0,$0,$12,$591,$0,$0,$210,$822,$834,$21,$349,$14,$363,$384,$36,$33,$-1,$450,$834,$-3,$2,$-2,$0,$-0,$0,$0,$0,$-8,$-11,$-2,$0,$0,$0,$1,$1,$0,$-1,$12,$0,$12,$0,$0,$0,$-0,$12,$0,$2,$0
38,2008-12-31,9.52,$12.67,0.75,$4.46,2.14,$-3.69,0.0,$0.33,28.85,$0.01B,$0.03B,0.45,$0.34B,$0.45B,0.74,$0.16B,$0.10B,61.88%,$0.16B,$0.04B,22.50%,$0.16B,$0.04B,22.50%,$0.16B,$0.04B,27.50%,$0.16B,$0.02B,11.88%,$0.16B,$0.01B,8.13%,$0.01B,$0.45B,2.92%,$0.01B,$0.45B,2.92%,$0.01B,$0.84B,1.62%,$0.04B,$0.79B,4.78%,$37,$16,$21,$0,$4,$29,$8,$-6,$2,$0,$2,$2,$2,$11,$8,$35,36,$0.06,$0.05,$8,$0,$0,$14,$668,$0,$0,$136,$821,$835,$30,$337,$13,$350,$381,$36,$37,$-1,$454,$835,$14,$8,$-74,$-66,$0,$0,$0,$2,$1,$-52,$-5,$0,$0,$0,$-12,$-12,$0,$-17,$71,$0,$71,$1,$1,$0,$-3,$69,$1,$5,$0
39,2008-09-30,14.75,$12.51,1.18,$4.42,3.34,$-3.94,0.0,$0.28,52.68,$0.01B,$0.04B,0.31,$0.32B,$0.45B,0.71,$0.16B,$0.09B,59.12%,$0.16B,$0.03B,20.13%,$0.16B,$0.06B,40.25%,$0.16B,$0.04B,23.90%,$0.16B,$0.05B,33.33%,$0.16B,$0.01B,6.92%,$0.01B,$0.45B,2.50%,$0.01B,$0.45B,2.50%,$0.01B,$0.82B,1.41%,$0.03B,$0.76B,4.38%,$34,$13,$21,$0,$5,$28,$6,$-4,$2,$0,$2,$2,$1,$7,$6,$36,36,$0.02,$0.02,$7,$0,$0,$11,$653,$0,$0,$139,$804,$815,$36,$315,$11,$333,$369,$36,$35,$0,$446,$815,$12,$5,$-57,$-51,$0,$0,$0,$-0,$3,$-36,$-2,$0,$0,$0,$-9,$-9,$0,$-11,$49,$0,$49,$1,$1,$0,$-3,$47,$-0,$5,$0
