,Date,Stock Price,Book Value per Share,Price to Book Ratio,TTM Sales per Share,Price to Sales Ratio,TTM FCF per Share,Price to FCF Ratio,TTM Net EPS,PE Ratio,Current Assets,Current Liabilities,Current Ratio,Long Term Debt,Shareholder's Equity_x,Debt to Equity Ratio,TTM Revenue_x,TTM Gross Profit,Gross Margin,TTM Revenue_y,TTM Operating Income,Operating Margin,TTM Revenue_x,TTM EBIT,EBIT Margin,TTM Revenue_y,TTM EBITDA,EBITDA Margin,TTM Revenue_x,TTM Pre-Tax Income,Pre-Tax Margin,TTM Revenue_y,TTM Net Income_x,Net Margin,TTM Net Income_y,Shareholder's Equity_y,Return on Equity,TTM Net Income_x,Tangible Equity,Return on Tangible Equity,TTM Net Income_y,Total Assets,Return on Assets,TTM Net Income,LT Investments & Debt,Return on Investment,revenue,cost-goods-sold,gross-profit,research-development-expenses,selling-general-administrative-expenses,operating-expenses,operating-income,total-non-operating-income-expense,pre-tax-income,total-provision-income-taxes,income-after-taxes,income-from-continuous-operations,net-income,ebitda,ebit,basic-shares-outstanding,shares-outstanding,eps-basic-net-earnings-per-share,eps-earnings-per-share-diluted,cash-on-hand,inventory,other-current-assets,total-current-assets,net-property-plant-equipment,long-term-investments,goodwill-intangible-assets-total,other-long-term-assets,total-long-term-assets,total-assets,total-current-liabilities,long-term-debt,other-non-current-liabilities,total-long-term-liabilities,total-liabilities,common-stock-net,retained-earnings-accumulated-deficit,comprehensive-income,total-share-holder-equity,total-liabilities-share-holders-equity,net-income-loss,total-depreciation-amortization-cash-flow,other-non-cash-items,total-non-cash-items,change-in-accounts-receivable,change-in-inventories,change-in-accounts-payable,change-in-assets-liabilities,total-change-in-assets-liabilities,cash-flow-from-operating-activities,net-change-in-property-plant-equipment,net-change-in-intangible-assets,net-acquisitions-divestitures,net-change-in-short-term-investments,net-change-in-long-term-investments,net-change-in-investments-total,investing-activities-other,cash-flow-from-investing-activities,net-long-term-debt,net-current-debt,debt-issuance-retirement-net-total,net-common-equity-issued-repurchased,net-total-equity-issued-repurchased,total-common-preferred-stock-dividends-paid,financial-activities-other,cash-flow-from-financial-activities,net-cash-flow,stock-based-compensation,common-stock-dividends-paid
0,2018-09-30,13.75,$6.61,2.08,$6.99,1.97,$1.74,7.91,$0.32,42.97,$0.33B,$0.11B,3.13,$0.05B,$0.49B,0.09,$0.52B,$0.20B,38.96%,$0.52B,$0.03B,5.57%,$0.52B,$0.03B,5.57%,$0.52B,$0.07B,14.20%,$0.52B,$0.03B,4.99%,$0.52B,$0.03B,4.80%,$0.03B,$0.49B,5.27%,$0.03B,$0.23B,12.63%,$0.03B,$0.65B,3.85%,$0.03B,$0.54B,5.40%,$135,$82,$53,$19,$25,$126,$9,$-0,$9,$1,$8,$8,$8,$21,$9,$74,75,$0.10,$0.10,$142,$82,$0,$330,$53,$0,$265,$2,$323,$652,$105,$46,$0,$57,$162,$0,$-369,$1,$490,$652,$19,$33,$21,$53,$-8,$-22,$10,$1,$-26,$46,$-12,$0,$0,$-1,$0,$-1,$0,$-13,$-34,$0,$-34,$8,$8,$0,$-6,$-32,$0,$12,$0
1,2018-06-30,13.3,$6.53,2.04,$7.13,1.87,$1.91,6.97,$0.39,34.1,$0.32B,$0.11B,2.94,$0.05B,$0.48B,0.11,$0.53B,$0.21B,39.25%,$0.53B,$0.03B,6.42%,$0.53B,$0.03B,6.42%,$0.53B,$0.08B,14.72%,$0.53B,$0.03B,5.85%,$0.53B,$0.03B,5.66%,$0.03B,$0.48B,6.44%,$0.03B,$0.21B,16.51%,$0.03B,$0.65B,4.62%,$0.03B,$0.53B,6.29%,$136,$79,$56,$20,$25,$124,$11,$-1,$11,$2,$9,$9,$9,$22,$11,$73,75,$0.12,$0.12,$143,$76,$0,$324,$49,$0,$272,$2,$327,$651,$110,$51,$0,$62,$173,$0,$-376,$2,$479,$651,$11,$21,$13,$34,$-3,$-14,$6,$-2,$-15,$30,$-9,$0,$0,$2,$0,$2,$0,$-7,$-21,$0,$-21,$5,$5,$0,$-2,$-19,$4,$8,$0
2,2018-03-31,13.65,$6.45,2.12,$7.27,1.88,$2.09,6.53,$0.51,26.76,$0.31B,$0.10B,3.23,$0.07B,$0.47B,0.14,$0.54B,$0.21B,39.78%,$0.54B,$0.04B,7.99%,$0.54B,$0.04B,7.99%,$0.54B,$0.09B,16.17%,$0.54B,$0.04B,7.25%,$0.54B,$0.04B,7.25%,$0.04B,$0.47B,8.57%,$0.04B,$0.19B,23.82%,$0.04B,$0.65B,6.00%,$0.04B,$0.54B,7.93%,$118,$73,$45,$18,$23,$115,$4,$-1,$2,$0,$2,$2,$2,$14,$4,$73,74,$0.03,$0.03,$143,$74,$0,$312,$48,$0,$281,$2,$334,$646,$97,$67,$0,$79,$175,$0,$-385,$5,$471,$646,$2,$11,$5,$16,$3,$-7,$3,$2,$-9,$9,$-4,$0,$0,$0,$0,$0,$0,$-3,$-9,$0,$-9,$5,$5,$0,$-0,$-4,$3,$4,$0
3,2017-12-31,15.65,$6.32,2.48,$7.45,2.1,$2.21,7.08,$0.55,28.45,$0.31B,$0.09B,3.32,$0.09B,$0.46B,0.19,$0.55B,$0.22B,39.53%,$0.55B,$0.05B,8.38%,$0.55B,$0.05B,8.38%,$0.55B,$0.09B,16.76%,$0.55B,$0.04B,7.83%,$0.55B,$0.04B,7.65%,$0.04B,$0.46B,9.52%,$0.04B,$0.17B,29.27%,$0.04B,$0.65B,6.49%,$0.05B,$0.55B,8.50%,$132,$83,$49,$19,$24,$127,$5,$-1,$4,$-1,$6,$6,$6,$17,$5,$72,74,$0.09,$0.07,$141,$68,$0,$306,$47,$0,$287,$3,$341,$647,$92,$87,$0,$96,$188,$0,$-388,$3,$459,$647,$41,$45,$24,$69,$-11,$-16,$1,$1,$-24,$86,$-18,$0,$0,$-42,$0,$-42,$-0,$-60,$-33,$0,$-33,$1,$1,$0,$-7,$-39,$-10,$16,$0
4,2017-09-30,16.85,$6.23,2.7,$7.58,2.22,$1.38,12.21,$0.26,64.81,$0.31B,$0.10B,3.16,$0.09B,$0.46B,0.2,$0.54B,$0.21B,38.45%,$0.54B,$0.03B,4.81%,$0.54B,$0.03B,4.81%,$0.54B,$0.07B,13.68%,$0.54B,$0.02B,4.44%,$0.54B,$0.02B,3.88%,$0.02B,$0.46B,4.92%,$0.02B,$0.16B,17.18%,$0.02B,$0.65B,3.28%,$0.03B,$0.55B,4.85%,$144,$86,$58,$19,$24,$129,$14,$-1,$14,$1,$13,$13,$13,$25,$14,$73,74,$0.17,$0.17,$135,$69,$0,$307,$47,$0,$294,$3,$347,$654,$97,$92,$1,$102,$199,$0,$-393,$2,$455,$654,$35,$34,$17,$51,$-17,$-14,$3,$4,$-26,$60,$-14,$0,$0,$-24,$0,$-24,$0,$-38,$-24,$0,$-24,$8,$8,$0,$-7,$-23,$1,$11,$0
5,2017-06-30,12.4,$6.01,2.06,$7.38,1.68,$0.68,18.31,$-0.11,0.0,$0.30B,$0.11B,2.87,$0.11B,$0.44B,0.24,$0.52B,$0.18B,34.04%,$0.52B,$-0.00B,-0.19%,$0.52B,$-0.00B,-0.19%,$0.52B,$0.06B,11.35%,$0.52B,$-0.00B,-0.77%,$0.52B,$-0.01B,-1.15%,$-0.01B,$0.44B,-1.44%,$-0.01B,$0.13B,-5.96%,$-0.01B,$0.65B,-0.94%,$-0.00B,$0.54B,-0.19%,$144,$82,$62,$19,$24,$124,$20,$-1,$19,$1,$18,$18,$18,$31,$20,$72,74,$0.24,$0.24,$130,$65,$0,$301,$46,$0,$301,$3,$353,$653,$105,$105,$1,$114,$219,$0,$-406,$1,$435,$653,$23,$23,$10,$33,$-21,$-9,$7,$7,$-14,$42,$-8,$0,$0,$-15,$0,$-15,$0,$-22,$-16,$0,$-16,$4,$4,$0,$-4,$-16,$6,$7,$0
6,2017-03-31,11.85,$5.80,2.04,$6.81,1.74,$0.09,134.2,$0.26,45.58,$0.27B,$0.09B,3.02,$0.12B,$0.42B,0.28,$0.46B,$0.14B,30.50%,$0.46B,$-0.03B,-6.10%,$0.46B,$-0.03B,-6.10%,$0.46B,$0.03B,5.88%,$0.46B,$-0.03B,-6.54%,$0.46B,$0.01B,2.83%,$0.01B,$0.42B,3.14%,$0.01B,$0.11B,15.66%,$0.01B,$0.63B,2.00%,$-0.03B,$0.53B,-5.14%,$129,$81,$48,$17,$23,$122,$7,$-2,$6,$0,$5,$5,$5,$19,$7,$71,73,$0.07,$0.07,$122,$60,$0,$274,$45,$0,$307,$3,$358,$633,$91,$117,$1,$126,$217,$0,$-423,$-2,$415,$633,$5,$12,$6,$17,$-9,$-3,$7,$5,$-5,$18,$-3,$0,$0,$0,$0,$0,$0,$-3,$-7,$0,$-7,$5,$5,$0,$-0,$-3,$13,$3,$0
7,2016-12-31,11.2,$5.66,1.98,$5.96,1.88,$-0.18,0.0,$-0.05,0.0,$0.26B,$0.08B,3.08,$0.13B,$0.40B,0.31,$0.38B,$0.10B,26.56%,$0.38B,$-0.05B,-12.76%,$0.38B,$-0.05B,-12.76%,$0.38B,$-0.00B,0.00%,$0.38B,$-0.05B,-13.02%,$0.38B,$-0.01B,-1.56%,$-0.01B,$0.40B,-1.57%,$-0.01B,$0.09B,-5.26%,$-0.01B,$0.62B,-1.04%,$-0.05B,$0.53B,-10.15%,$124,$84,$40,$18,$24,$138,$-15,$-1,$-15,$0,$-15,$-15,$-15,$-1,$-15,$65,65,$-0.28,$-0.27,$109,$60,$0,$255,$43,$0,$315,$4,$364,$619,$83,$125,$1,$135,$218,$0,$-429,$-4,$401,$619,$-7,$47,$-4,$43,$-7,$-12,$3,$-4,$-19,$17,$-11,$0,$-228,$34,$0,$34,$-1,$-206,$138,$0,$138,$6,$6,$0,$0,$144,$-45,$12,$0
8,2016-09-30,10.85,$5.88,1.85,$5.29,2.05,$0.22,48.24,$0.16,67.81,$0.26B,$0.09B,3.06,$0.14B,$0.42B,0.33,$0.33B,$0.08B,25.00%,$0.33B,$-0.04B,-10.54%,$0.33B,$-0.04B,-10.54%,$0.33B,$0.01B,1.81%,$0.33B,$-0.04B,-10.84%,$0.33B,$0.01B,2.41%,$0.01B,$0.42B,2.25%,$0.01B,$0.07B,5.26%,$0.01B,$0.65B,1.58%,$-0.04B,$0.55B,-8.24%,$123,$96,$27,$17,$23,$136,$-13,$-1,$-14,$0,$-14,$-14,$-14,$10,$-13,$71,71,$-0.20,$-0.20,$108,$61,$0,$260,$43,$0,$341,$2,$390,$650,$85,$138,$1,$150,$235,$0,$-413,$0,$416,$650,$9,$34,$-26,$8,$-13,$-9,$11,$-2,$-15,$2,$-8,$0,$-228,$34,$0,$34,$-0,$-202,$147,$0,$147,$4,$4,$0,$0,$151,$-46,$7,$0
9,2016-06-30,8.99,$6.03,1.49,$4.67,1.92,$0.71,12.6,$0.32,28.09,$0.28B,$0.12B,2.4,$0.14B,$0.42B,0.33,$0.28B,$0.07B,26.91%,$0.28B,$-0.03B,-9.09%,$0.28B,$-0.03B,-9.09%,$0.28B,$-0.00B,-0.36%,$0.28B,$-0.02B,-8.73%,$0.28B,$0.02B,6.91%,$0.02B,$0.42B,5.85%,$0.02B,$0.06B,9.90%,$0.02B,$0.70B,4.41%,$-0.03B,$0.57B,-6.94%,$83,$58,$25,$11,$14,$90,$-7,$-0,$-7,$-44,$37,$37,$37,$-1,$-7,$60,60,$0.62,$0.61,$118,$68,$0,$284,$44,$0,$361,$2,$411,$695,$119,$141,$1,$153,$272,$0,$-399,$-1,$424,$695,$23,$10,$-38,$-27,$-22,$-8,$21,$0,$1,$-4,$-4,$0,$-215,$23,$0,$23,$0,$-195,$148,$0,$148,$2,$2,$0,$0,$150,$-46,$4,$0
10,2016-03-31,7.27,$4.86,1.5,$4.54,1.6,$1.13,6.45,$-0.28,0.0,$0.26B,$0.05B,5.2,$0.00B,$0.29B,0.0,$0.27B,$0.07B,27.07%,$0.27B,$-0.02B,-6.39%,$0.27B,$-0.02B,-6.39%,$0.27B,$0.01B,2.63%,$0.27B,$-0.02B,-6.02%,$0.27B,$-0.02B,-6.39%,$-0.02B,$0.29B,-5.81%,$-0.02B,$0.23B,-7.26%,$-0.02B,$0.34B,-4.94%,$-0.02B,$0.29B,-5.81%,$54,$44,$10,$11,$13,$67,$-14,$-0,$-14,$0,$-14,$-14,$-14,$-8,$-14,$58,58,$-0.24,$-0.24,$187,$31,$0,$258,$24,$0,$54,$2,$82,$341,$50,$0,$1,$5,$54,$0,$-436,$-2,$286,$341,$-14,$5,$3,$9,$1,$-6,$9,$2,$2,$-3,$-1,$0,$0,$6,$0,$6,$0,$5,$0,$0,$0,$2,$2,$0,$0,$2,$6,$3,$0
11,2015-12-31,9.0,$5.07,1.77,$4.83,1.86,$1.30,6.92,$-0.03,0.0,$0.26B,$0.04B,5.92,$0.00B,$0.30B,0.0,$0.28B,$0.09B,30.04%,$0.28B,$-0.00B,-1.41%,$0.28B,$-0.00B,-1.41%,$0.28B,$0.02B,7.07%,$0.28B,$-0.00B,-0.35%,$0.28B,$-0.00B,-0.71%,$-0.00B,$0.30B,-0.68%,$-0.00B,$0.24B,-0.86%,$-0.00B,$0.34B,-0.58%,$-0.00B,$0.30B,-1.36%,$72,$51,$21,$11,$11,$73,$-1,$0,$-1,$-0,$-1,$-1,$-1,$5,$-1,$58,58,$-0.01,$-0.01,$188,$27,$0,$258,$24,$0,$56,$1,$85,$343,$44,$0,$1,$4,$48,$0,$-422,$-2,$295,$343,$-2,$24,$17,$41,$8,$-8,$-2,$-2,$-3,$36,$-7,$0,$0,$9,$0,$9,$0,$1,$0,$0,$0,$-5,$-5,$0,$0,$-5,$32,$12,$0
12,2015-09-30,6.78,$5.05,1.34,$4.86,1.39,$1.04,6.52,$-0.05,0.0,$0.26B,$0.04B,5.82,$0.00B,$0.29B,0.0,$0.28B,$0.09B,30.14%,$0.28B,$-0.01B,-2.13%,$0.28B,$-0.01B,-2.13%,$0.28B,$0.02B,6.38%,$0.28B,$-0.00B,-1.06%,$0.28B,$-0.00B,-1.06%,$-0.00B,$0.29B,-1.02%,$-0.00B,$0.23B,-1.31%,$-0.00B,$0.34B,-0.87%,$-0.01B,$0.29B,-2.05%,$66,$47,$18,$11,$11,$69,$-3,$1,$-2,$0,$-3,$-3,$-3,$3,$-3,$58,58,$-0.04,$-0.04,$184,$27,$0,$256,$24,$0,$60,$1,$88,$344,$44,$0,$1,$7,$51,$0,$-421,$-2,$294,$344,$-1,$18,$13,$31,$8,$-6,$1,$-2,$-0,$29,$-5,$0,$0,$8,$0,$8,$0,$3,$0,$0,$0,$-4,$-4,$0,$0,$-4,$28,$9,$0
13,2015-06-30,9.2,$5.05,1.82,$5.04,1.82,$0.66,13.93,$-0.01,0.0,$0.26B,$0.05B,5.45,$0.00B,$0.30B,0.0,$0.29B,$0.09B,31.38%,$0.29B,$-0.00B,-1.03%,$0.29B,$-0.00B,-1.03%,$0.29B,$0.02B,7.93%,$0.29B,$-0.00B,-0.34%,$0.29B,0,0.00%,$0.00B,$0.30B,0.00%,$0.00B,$0.23B,0.00%,$0.00B,$0.35B,0.00%,$-0.00B,$0.30B,-1.03%,$74,$51,$23,$11,$11,$73,$1,$0,$1,$0,$1,$1,$1,$7,$1,$58,59,$0.01,$0.01,$179,$24,$0,$257,$24,$0,$63,$1,$92,$349,$47,$0,$1,$7,$54,$0,$-419,$-2,$295,$349,$2,$12,$10,$21,$1,$-2,$1,$-1,$-1,$22,$-4,$0,$0,$-24,$32,$8,$0,$4,$0,$0,$0,$-2,$-2,$0,$0,$-2,$23,$5,$0
14,2015-03-31,8.87,$5.13,1.73,$5.00,1.77,$0.30,29.31,$-0.10,0.0,$0.25B,$0.04B,6.25,$0.00B,$0.30B,0.0,$0.28B,$0.09B,31.10%,$0.28B,$-0.01B,-2.83%,$0.28B,$-0.01B,-2.83%,$0.28B,$0.02B,7.07%,$0.28B,$-0.01B,-2.12%,$0.28B,$-0.01B,-1.77%,$-0.01B,$0.30B,-1.73%,$-0.01B,$0.23B,-2.29%,$-0.01B,$0.34B,-1.46%,$-0.01B,$0.30B,-2.76%,$71,$48,$23,$11,$12,$72,$-1,$2,$1,$0,$1,$1,$1,$5,$-1,$57,59,$0.01,$0.01,$172,$25,$0,$245,$25,$0,$66,$1,$96,$342,$39,$0,$1,$7,$46,$0,$-420,$-2,$295,$342,$1,$6,$5,$11,$4,$-0,$-5,$1,$-4,$7,$-1,$0,$0,$4,$0,$4,$0,$3,$0,$0,$0,$2,$2,$0,$0,$2,$12,$3,$0
15,2014-12-31,8.6,$5.12,1.68,$4.81,1.79,$0.05,183.76,$-0.34,0.0,$0.24B,$0.05B,5.1,$0.00B,$0.29B,0.0,$0.27B,$0.08B,28.73%,$0.27B,$-0.02B,-7.09%,$0.27B,$-0.02B,-7.09%,$0.27B,$0.01B,4.10%,$0.27B,$-0.02B,-7.09%,$0.27B,$-0.02B,-7.09%,$-0.02B,$0.29B,-6.61%,$-0.02B,$0.22B,-8.99%,$-0.02B,$0.34B,-5.60%,$-0.02B,$0.29B,-6.61%,$71,$50,$21,$11,$13,$75,$-3,$0,$-3,$-1,$-2,$-2,$-2,$3,$-3,$56,56,$-0.03,$-0.03,$164,$26,$0,$244,$25,$0,$69,$2,$100,$344,$48,$0,$1,$7,$55,$0,$-421,$-2,$289,$344,$-19,$31,$25,$56,$-16,$-12,$4,$-1,$-19,$18,$-5,$0,$0,$42,$0,$42,$0,$37,$-0,$0,$-0,$3,$3,$0,$0,$3,$55,$13,$0
16,2014-09-30,7.17,$5.13,1.4,$4.43,1.62,$-0.45,0.0,$-0.65,0.0,$0.24B,$0.05B,5.15,$0.00B,$0.29B,0.0,$0.25B,$0.06B,24.39%,$0.25B,$-0.04B,-14.23%,$0.25B,$-0.04B,-14.23%,$0.25B,$-0.00B,-1.63%,$0.25B,$-0.04B,-14.23%,$0.25B,$-0.04B,-14.63%,$-0.04B,$0.29B,-12.48%,$-0.04B,$0.22B,-17.33%,$-0.04B,$0.35B,-10.63%,$-0.04B,$0.29B,-12.13%,$74,$50,$24,$11,$13,$74,$-0,$0,$-0,$0,$-0,$-0,$-0,$8,$-0,$56,56,$0.00,$0.00,$154,$26,$0,$239,$27,$0,$73,$2,$105,$345,$46,$0,$2,$9,$55,$0,$-419,$-1,$289,$345,$-17,$24,$18,$42,$-18,$-11,$6,$-2,$-19,$5,$-4,$0,$0,$27,$0,$27,$0,$23,$-0,$0,$-0,$3,$3,$0,$0,$3,$30,$10,$0
17,2014-06-30,8.32,$5.08,1.64,$4.36,1.91,$-0.66,0.0,$-0.85,0.0,$0.22B,$0.04B,5.17,$0.00B,$0.29B,0.0,$0.24B,$0.05B,20.42%,$0.24B,$-0.05B,-19.17%,$0.24B,$-0.05B,-19.17%,$0.24B,$-0.02B,-6.25%,$0.24B,$-0.05B,-19.17%,$0.24B,$-0.05B,-19.58%,$-0.05B,$0.29B,-15.99%,$-0.05B,$0.21B,-22.57%,$-0.05B,$0.34B,-13.59%,$-0.05B,$0.29B,-15.65%,$67,$47,$20,$11,$13,$72,$-4,$-0,$-4,$-0,$-4,$-4,$-4,$4,$-4,$56,56,$-0.08,$-0.08,$149,$22,$0,$224,$29,$0,$78,$2,$113,$337,$43,$0,$2,$9,$52,$0,$-418,$0,$285,$337,$-17,$16,$11,$27,$-12,$-5,$2,$-0,$-11,$-1,$-3,$0,$0,$13,$0,$13,$0,$10,$-0,$0,$-0,$1,$1,$0,$0,$1,$11,$6,$0
18,2014-03-31,6.39,$5.16,1.24,$4.31,1.48,$-0.80,0.0,$-0.93,0.0,$0.21B,$0.04B,5.64,$0.00B,$0.29B,0.0,$0.24B,$0.05B,19.07%,$0.24B,$-0.05B,-21.61%,$0.24B,$-0.05B,-21.61%,$0.24B,$-0.02B,-8.47%,$0.24B,$-0.05B,-21.19%,$0.24B,$-0.05B,-21.61%,$-0.05B,$0.29B,-16.89%,$-0.05B,$0.20B,-24.09%,$-0.05B,$0.33B,-14.39%,$-0.05B,$0.29B,-16.89%,$56,$44,$12,$10,$12,$68,$-12,$0,$-12,$0,$-13,$-13,$-13,$-4,$-12,$55,55,$-0.23,$-0.23,$144,$21,$0,$213,$30,$0,$83,$2,$119,$332,$38,$0,$2,$9,$47,$0,$-414,$-0,$286,$332,$-13,$8,$6,$15,$-7,$-3,$1,$0,$-9,$-7,$-2,$0,$0,$-3,$0,$-3,$0,$-5,$-0,$0,$-0,$1,$1,$0,$0,$1,$-10,$3,$0
19,2013-12-31,6.01,$5.38,1.12,$4.28,1.4,$-0.87,0.0,$-1.07,0.0,$0.21B,$0.04B,5.6,$0.00B,$0.29B,0.0,$0.23B,$0.04B,18.03%,$0.23B,$-0.06B,-25.75%,$0.23B,$-0.06B,-25.75%,$0.23B,$-0.03B,-12.45%,$0.23B,$-0.06B,-24.89%,$0.23B,$-0.06B,-24.89%,$-0.06B,$0.29B,-18.63%,$-0.06B,$0.21B,-26.76%,$-0.06B,$0.34B,-15.84%,$-0.06B,$0.29B,-19.28%,$49,$44,$4,$10,$12,$67,$-19,$0,$-19,$0,$-19,$-19,$-19,$-12,$-19,$54,54,$-0.33,$-0.33,$151,$21,$0,$212,$35,$0,$88,$2,$129,$341,$38,$0,$2,$9,$47,$0,$-401,$-0,$294,$341,$-58,$29,$28,$57,$-2,$-8,$-2,$5,$-5,$-6,$-8,$0,$0,$1,$0,$1,$-0,$-8,$-1,$0,$-1,$3,$3,$0,$0,$2,$-13,$12,$0
20,2013-09-30,6.86,$5.70,1.2,$4.33,1.59,$-1.29,0.0,$-0.72,0.0,$0.24B,$0.05B,4.58,$0.00B,$0.31B,0.0,$0.23B,$0.04B,15.09%,$0.23B,$-0.07B,-28.45%,$0.23B,$-0.07B,-28.45%,$0.23B,$-0.03B,-14.22%,$0.23B,$-0.06B,-27.59%,$0.23B,$-0.04B,-16.38%,$-0.04B,$0.31B,-11.78%,$-0.04B,$0.22B,-16.98%,$-0.04B,$0.37B,-10.00%,$-0.07B,$0.31B,-20.45%,$68,$55,$13,$10,$13,$78,$-11,$0,$-11,$-0,$-11,$-11,$-11,$-3,$-11,$54,54,$-0.20,$-0.20,$156,$22,$0,$238,$37,$0,$92,$1,$135,$373,$52,$0,$2,$10,$62,$0,$-383,$0,$311,$373,$-39,$22,$21,$43,$-18,$-7,$11,$3,$-7,$-3,$-7,$0,$0,$-4,$0,$-4,$-0,$-11,$-0,$0,$-0,$3,$3,$0,$0,$2,$-13,$9,$0
21,2013-06-30,6.75,$5.84,1.16,$3.91,1.73,$-1.54,0.0,$-0.81,0.0,$0.23B,$0.05B,5.14,$0.00B,$0.32B,0.0,$0.21B,$0.03B,14.63%,$0.21B,$-0.07B,-34.15%,$0.21B,$-0.07B,-34.15%,$0.21B,$-0.04B,-20.49%,$0.21B,$-0.07B,-32.68%,$0.21B,$-0.04B,-20.00%,$-0.04B,$0.32B,-12.61%,$-0.04B,$0.22B,-16.42%,$-0.04B,$0.37B,-10.86%,$-0.07B,$0.32B,-21.51%,$63,$46,$16,$11,$13,$71,$-9,$0,$-8,$0,$-8,$-8,$-8,$-1,$-9,$54,54,$-0.16,$-0.16,$155,$26,$0,$232,$40,$0,$96,$1,$141,$372,$45,$0,$3,$10,$55,$0,$-372,$0,$317,$372,$-28,$15,$15,$30,$-11,$-8,$5,$4,$-7,$-6,$-5,$0,$0,$-4,$0,$-4,$-0,$-10,$-0,$0,$-0,$1,$1,$0,$0,$1,$-15,$6,$0
22,2013-03-31,4.7,$5.98,0.79,$3.85,1.22,$-1.71,0.0,$-0.73,0.0,$0.23B,$0.05B,5.03,$0.00B,$0.32B,0.0,$0.20B,$0.03B,15.23%,$0.20B,$-0.07B,-34.01%,$0.20B,$-0.07B,-34.01%,$0.20B,$-0.05B,-22.84%,$0.20B,$-0.07B,-32.99%,$0.20B,$-0.04B,-18.78%,$-0.04B,$0.32B,-11.25%,$-0.04B,$0.22B,-13.33%,$-0.04B,$0.38B,-9.76%,$-0.07B,$0.32B,-20.35%,$53,$44,$9,$11,$15,$73,$-21,$1,$-20,$-0,$-20,$-20,$-20,$-13,$-21,$54,54,$-0.37,$-0.37,$154,$25,$0,$231,$42,$0,$101,$1,$148,$379,$46,$0,$3,$11,$56,$0,$-363,$1,$323,$379,$-20,$7,$9,$16,$-5,$-4,$4,$1,$-6,$-10,$-3,$0,$0,$17,$0,$17,$-0,$14,$-0,$0,$-0,$1,$1,$0,$0,$1,$5,$3,$0
23,2012-12-31,4.56,$6.37,0.72,$3.57,1.28,$-1.82,0.0,$-0.71,0.0,$0.24B,$0.05B,5.31,$0.00B,$0.34B,0.0,$0.18B,$0.03B,13.97%,$0.18B,$-0.06B,-35.75%,$0.18B,$-0.06B,-35.75%,$0.18B,$-0.05B,-26.26%,$0.18B,$-0.06B,-34.64%,$0.18B,$-0.03B,-18.99%,$-0.03B,$0.34B,-10.26%,$-0.03B,$0.23B,-11.14%,$-0.03B,$0.40B,-8.99%,$-0.06B,$0.34B,-19.29%,$48,$51,$-3,$10,$15,$73,$-25,$0,$-25,$-25,$1,$1,$1,$-16,$-25,$51,51,$0.02,$0.02,$166,$24,$0,$239,$46,$0,$105,$2,$157,$396,$45,$0,$3,$11,$56,$0,$-344,$2,$339,$396,$-36,$17,$-5,$12,$5,$-1,$-6,$2,$-2,$-26,$-8,$0,$-97,$64,$0,$64,$0,$-41,$-0,$0,$-0,$2,$2,$0,$0,$2,$-67,$13,$0
24,2012-09-30,5.59,$6.42,0.87,$3.22,1.73,$-1.88,0.0,$-1.26,0.0,$0.32B,$0.04B,9.2,$0.00B,$0.32B,0.0,$0.16B,$0.02B,14.29%,$0.16B,$-0.07B,-41.61%,$0.16B,$-0.07B,-41.61%,$0.16B,$-0.06B,-35.40%,$0.16B,$-0.06B,-39.75%,$0.16B,$-0.06B,-38.51%,$-0.06B,$0.32B,-18.59%,$-0.06B,$0.32B,-18.65%,$-0.06B,$0.36B,-16.53%,$-0.07B,$0.32B,-20.09%,$41,$33,$8,$9,$12,$56,$-15,$0,$-14,$0,$-14,$-14,$-14,$-12,$-15,$50,50,$-0.29,$-0.29,$276,$20,$0,$320,$33,$0,$0,$4,$43,$363,$35,$0,$1,$6,$40,$0,$-344,$3,$322,$363,$-36,$8,$16,$24,$-4,$-6,$1,$3,$-3,$-16,$-6,$0,$0,$43,$0,$43,$0,$37,$0,$0,$0,$2,$2,$0,$0,$2,$23,$9,$0
25,2012-06-30,6.47,$6.65,0.97,$3.43,1.89,$-1.97,0.0,$-1.17,0.0,$0.33B,$0.04B,8.26,$0.00B,$0.33B,0.0,$0.17B,$0.03B,15.70%,$0.17B,$-0.06B,-36.05%,$0.17B,$-0.06B,-36.05%,$0.17B,$-0.05B,-30.23%,$0.17B,$-0.06B,-34.88%,$0.17B,$-0.06B,-33.72%,$-0.06B,$0.33B,-16.70%,$-0.06B,$0.33B,-16.75%,$-0.06B,$0.38B,-14.86%,$-0.06B,$0.33B,-17.85%,$55,$39,$16,$11,$12,$61,$-6,$1,$-6,$-2,$-4,$-4,$-4,$-4,$-6,$50,50,$-0.08,$-0.08,$278,$21,$0,$334,$34,$0,$0,$4,$44,$378,$40,$0,$1,$5,$46,$0,$-330,$2,$332,$378,$-22,$5,$11,$16,$-15,$-5,$8,$1,$-9,$-15,$-4,$0,$0,$25,$0,$25,$0,$21,$0,$0,$0,$1,$1,$0,$0,$1,$6,$7,$0
26,2012-03-31,5.58,$6.71,0.83,$3.25,1.72,$-2.03,0.0,$-1.22,0.0,$0.33B,$0.04B,9.49,$0.00B,$0.33B,0.0,$0.16B,$0.02B,12.80%,$0.16B,$-0.07B,-40.85%,$0.16B,$-0.07B,-40.85%,$0.16B,$-0.06B,-34.15%,$0.16B,$-0.06B,-39.02%,$0.16B,$-0.06B,-37.80%,$-0.06B,$0.33B,-17.17%,$-0.06B,$0.33B,-17.22%,$-0.06B,$0.38B,-15.36%,$-0.07B,$0.33B,-18.56%,$35,$31,$4,$11,$11,$53,$-18,$1,$-17,$0,$-17,$-17,$-17,$-15,$-18,$49,49,$-0.35,$-0.35,$280,$20,$0,$331,$34,$0,$0,$5,$45,$376,$35,$0,$4,$8,$43,$0,$-326,$2,$333,$376,$-17,$3,$5,$8,$-9,$-3,$5,$1,$-6,$-15,$-2,$0,$0,$13,$0,$13,$0,$11,$0,$0,$0,$1,$1,$0,$0,$1,$-4,$3,$0
27,2011-12-31,5.06,$7.04,0.72,$3.34,1.51,$-1.97,0.0,$-1.29,0.0,$0.34B,$0.03B,11.78,$0.00B,$0.35B,0.0,$0.17B,$0.02B,12.43%,$0.17B,$-0.07B,-41.42%,$0.17B,$-0.07B,-41.42%,$0.17B,$-0.06B,-34.91%,$0.17B,$-0.07B,-40.24%,$0.17B,$-0.07B,-39.05%,$-0.07B,$0.35B,-17.55%,$-0.07B,$0.34B,-17.60%,$-0.07B,$0.38B,-15.73%,$-0.07B,$0.35B,-18.62%,$30,$35,$-5,$11,$12,$58,$-28,$1,$-27,$0,$-27,$-27,$-27,$-26,$-28,$51,51,$-0.54,$-0.54,$297,$18,$0,$337,$35,$0,$3,$2,$46,$383,$29,$0,$4,$8,$36,$0,$-308,$3,$347,$383,$-66,$11,$19,$30,$17,$-1,$-5,$8,$7,$-29,$-8,$0,$0,$68,$0,$68,$0,$61,$0,$0,$0,$-13,$-13,$0,$0,$-13,$18,$14,$0
28,2011-09-30,6.23,$7.48,0.83,$3.62,1.72,$-3.30,0.0,$-1.15,0.0,$0.38B,$0.04B,9.87,$0.00B,$0.38B,0.0,$0.18B,$0.03B,15.85%,$0.18B,$-0.07B,-36.07%,$0.18B,$-0.07B,-36.07%,$0.18B,$-0.05B,-28.96%,$0.18B,$-0.06B,-34.97%,$0.18B,$-0.06B,-32.24%,$-0.06B,$0.38B,-15.05%,$-0.06B,$0.38B,-15.05%,$-0.06B,$0.42B,-13.40%,$-0.07B,$0.38B,-16.84%,$52,$40,$12,$10,$11,$62,$-10,$0,$-10,$0,$-10,$-10,$-10,$-7,$-10,$51,51,$-0.20,$-0.20,$316,$21,$0,$377,$35,$0,$0,$4,$47,$424,$38,$0,$4,$8,$47,$0,$-281,$3,$377,$424,$-39,$9,$10,$19,$0,$-1,$3,$6,$-2,$-22,$-5,$0,$0,$51,$0,$51,$0,$46,$0,$0,$0,$-5,$-5,$0,$0,$-5,$20,$10,$0
29,2011-06-30,9.06,$7.62,1.19,$3.53,2.57,$-4.37,0.0,$-2.85,0.0,$0.38B,$0.04B,10.66,$0.00B,$0.39B,0.0,$0.18B,$0.01B,5.62%,$0.18B,$-0.16B,-87.64%,$0.18B,$-0.16B,-87.64%,$0.18B,$-0.14B,-77.53%,$0.18B,$-0.15B,-84.27%,$0.18B,$-0.15B,-81.46%,$-0.15B,$0.39B,-35.82%,$-0.15B,$0.39B,-35.82%,$-0.15B,$0.43B,-31.57%,$-0.16B,$0.39B,-38.54%,$47,$37,$10,$11,$11,$58,$-11,$1,$-10,$-2,$-8,$-8,$-8,$-8,$-11,$51,51,$-0.15,$-0.15,$325,$22,$0,$384,$35,$0,$0,$5,$48,$432,$36,$0,$4,$8,$44,$0,$-271,$3,$387,$432,$-29,$6,$5,$11,$1,$-0,$1,$5,$-2,$-20,$-3,$0,$0,$32,$0,$32,$0,$29,$0,$0,$0,$-1,$-1,$0,$0,$-1,$9,$6,$0
30,2011-03-31,10.29,$7.76,1.33,$3.76,2.74,$-4.98,0.0,$-3.40,0.0,$0.39B,$0.04B,10.78,$0.00B,$0.39B,0.0,$0.19B,$0.00B,2.12%,$0.19B,$-0.18B,-94.71%,$0.19B,$-0.18B,-94.71%,$0.19B,$-0.16B,-82.54%,$0.19B,$-0.17B,-92.06%,$0.19B,$-0.17B,-90.48%,$-0.17B,$0.39B,-39.11%,$-0.17B,$0.39B,-39.11%,$-0.17B,$0.44B,-34.06%,$-0.18B,$0.39B,-40.94%,$40,$36,$4,$12,$12,$62,$-21,$0,$-21,$0,$-21,$-21,$-21,$-18,$-21,$51,51,$-0.42,$-0.42,$334,$23,$0,$392,$36,$0,$0,$6,$47,$439,$36,$0,$4,$9,$46,$0,$-264,$2,$393,$439,$-21,$3,$6,$9,$5,$-0,$2,$3,$0,$-12,$-2,$0,$0,$9,$0,$9,$0,$7,$0,$0,$0,$-0,$-0,$0,$0,$-0,$-5,$4,$0
31,2010-12-31,8.88,$8.13,1.09,$3.76,2.36,$-5.06,0.0,$-3.75,0.0,$0.42B,$0.05B,9.14,$0.00B,$0.41B,0.0,$0.19B,$-0.00B,-1.06%,$0.19B,$-0.20B,-104.23%,$0.19B,$-0.20B,-104.23%,$0.19B,$-0.17B,-88.89%,$0.19B,$-0.19B,-101.06%,$0.19B,$-0.19B,-99.47%,$-0.19B,$0.41B,-39.54%,$-0.19B,$0.41B,-39.54%,$-0.19B,$0.47B,-34.29%,$-0.20B,$0.41B,-41.43%,$44,$41,$3,$11,$14,$68,$-24,$1,$-23,$-3,$-20,$-20,$-20,$-20,$-24,$50,50,$-0.40,$-0.40,$348,$25,$0,$416,$37,$0,$0,$7,$50,$466,$46,$0,$4,$9,$55,$0,$-242,$2,$411,$466,$-188,$29,$88,$116,$3,$-17,$-13,$-4,$-1,$-73,$-31,$0,$0,$100,$0,$100,$0,$70,$0,$0,$0,$3,$3,$0,$0,$3,$-1,$18,$0
32,2010-09-30,8.6,$8.47,1.02,$3.55,2.42,$-4.44,0.0,$-3.91,0.0,$0.46B,$0.06B,7.94,$0.00B,$0.43B,0.0,$0.18B,$-0.01B,-3.93%,$0.18B,$-0.21B,-117.42%,$0.18B,$-0.21B,-117.42%,$0.18B,$-0.18B,-98.31%,$0.18B,$-0.20B,-114.04%,$0.18B,$-0.20B,-110.11%,$-0.20B,$0.43B,-37.89%,$-0.20B,$0.43B,-37.89%,$-0.20B,$0.50B,-32.90%,$-0.21B,$0.43B,-40.41%,$47,$55,$-7,$13,$16,$148,$-100,$5,$-96,$0,$-96,$-96,$-96,$-92,$-100,$50,50,$-1.90,$-1.90,$371,$29,$0,$455,$35,$0,$0,$7,$44,$500,$57,$0,$6,$14,$72,$0,$-222,$2,$428,$500,$-168,$25,$81,$106,$-5,$-14,$-2,$-3,$3,$-58,$-22,$0,$0,$74,$0,$74,$0,$52,$0,$0,$0,$4,$4,$0,$0,$4,$-3,$13,$0
33,2010-06-30,10.8,$10.28,1.05,$3.50,3.09,$-4.17,0.0,$-2.49,0.0,$0.50B,$0.07B,6.79,$0.00B,$0.52B,0.0,$0.18B,$0.01B,4.57%,$0.18B,$-0.13B,-76.00%,$0.18B,$-0.13B,-76.00%,$0.18B,$-0.10B,-56.57%,$0.18B,$-0.13B,-74.86%,$0.18B,$-0.12B,-70.86%,$-0.12B,$0.52B,-22.11%,$-0.12B,$0.52B,-22.11%,$-0.12B,$0.60B,-19.44%,$-0.13B,$0.52B,-23.72%,$58,$54,$4,$16,$19,$92,$-34,$1,$-34,$0,$-34,$-34,$-34,$-26,$-34,$50,50,$-0.68,$-0.68,$398,$36,$0,$496,$97,$0,$0,$9,$108,$603,$73,$0,$6,$14,$87,$0,$-126,$2,$517,$603,$-72,$17,$12,$29,$-14,$-13,$1,$-2,$7,$-36,$-16,$0,$0,$19,$0,$19,$0,$2,$0,$0,$0,$2,$2,$0,$0,$2,$-33,$9,$0
34,2010-03-31,17.76,$10.93,1.62,$2.98,5.97,$-3.90,0.0,$-3.14,0.0,$0.52B,$0.06B,8.15,$0.00B,$0.55B,0.0,$0.15B,$0.00B,2.03%,$0.15B,$-0.13B,-89.86%,$0.15B,$-0.13B,-89.86%,$0.15B,$-0.10B,-66.89%,$0.15B,$-0.13B,-87.84%,$0.15B,$-0.16B,-105.41%,$-0.16B,$0.55B,-26.64%,$-0.16B,$0.55B,-26.64%,$-0.16B,$0.62B,-23.78%,$-0.13B,$0.55B,-22.72%,$40,$42,$-2,$15,$18,$79,$-39,$1,$-38,$0,$-38,$-38,$-38,$-30,$-39,$50,50,$-0.77,$-0.77,$433,$32,$0,$515,$97,$0,$0,$9,$108,$624,$63,$0,$6,$14,$77,$0,$-92,$1,$546,$624,$-38,$9,$7,$15,$-5,$-6,$0,$-1,$13,$-10,$-7,$0,$0,$-13,$0,$-13,$0,$-20,$0,$0,$0,$2,$2,$0,$0,$2,$-29,$5,$0
35,2009-12-31,21.77,$11.61,1.87,$2.74,7.95,$-3.67,0.0,$-3.14,0.0,$0.55B,$0.06B,8.54,$0.00B,$0.58B,0.0,$0.14B,$0.00B,0.74%,$0.14B,$-0.15B,-108.15%,$0.14B,$-0.15B,-108.15%,$0.14B,$-0.11B,-83.70%,$0.14B,$-0.14B,-105.93%,$0.14B,$-0.16B,-115.56%,$-0.16B,$0.58B,-25.26%,$-0.16B,$0.58B,-25.26%,$-0.16B,$0.66B,-22.75%,$-0.15B,$0.58B,-23.64%,$33,$35,$-2,$16,$16,$69,$-36,$1,$-35,$-7,$-28,$-28,$-28,$-27,$-36,$49,49,$-0.57,$-0.57,$449,$26,$0,$547,$98,$0,$0,$9,$109,$656,$64,$0,$6,$14,$78,$0,$-54,$1,$578,$656,$-156,$33,$73,$106,$1,$-9,$-0,$12,$-3,$-53,$-19,$0,$0,$-143,$0,$-143,$-12,$-174,$3,$0,$3,$7,$7,$0,$1,$11,$-216,$21,$0
36,2009-09-30,23.92,$12.10,1.98,$2.89,8.29,$-3.34,0.0,$-3.19,0.0,$0.57B,$0.06B,10.33,$0.00B,$0.60B,0.0,$0.14B,$0.00B,2.82%,$0.14B,$-0.16B,-110.56%,$0.14B,$-0.16B,-110.56%,$0.14B,$-0.13B,-88.03%,$0.14B,$-0.15B,-107.75%,$0.14B,$-0.16B,-111.27%,$-0.16B,$0.60B,-24.33%,$-0.16B,$0.60B,-24.33%,$-0.16B,$0.67B,-22.00%,$-0.16B,$0.60B,-24.17%,$44,$36,$8,$14,$17,$68,$-24,$0,$-24,$0,$-24,$-24,$-24,$-16,$-24,$50,50,$-0.48,$-0.48,$463,$21,$0,$565,$97,$0,$0,$4,$103,$669,$55,$0,$6,$12,$66,$0,$-26,$2,$602,$669,$-128,$24,$65,$89,$-18,$-8,$-1,$15,$-14,$-53,$-13,$0,$0,$-128,$0,$-128,$-2,$-143,$0,$0,$0,$7,$7,$0,$1,$8,$-188,$16,$0
37,2009-06-30,17.28,$12.45,1.39,$3.08,5.62,$-2.83,0.0,$-3.00,0.0,$0.57B,$0.05B,12.08,$0.00B,$0.62B,0.0,$0.15B,$0.01B,5.30%,$0.15B,$-0.16B,-107.28%,$0.15B,$-0.16B,-107.28%,$0.15B,$-0.13B,-86.09%,$0.15B,$-0.16B,-102.65%,$0.15B,$-0.15B,-98.01%,$-0.15B,$0.62B,-21.72%,$-0.15B,$0.62B,-21.72%,$-0.15B,$0.68B,-19.70%,$-0.16B,$0.62B,-23.77%,$31,$33,$-1,$14,$18,$65,$-34,$1,$-33,$33,$-66,$-66,$-66,$-26,$-34,$49,49,$-1.33,$-1.33,$487,$19,$0,$570,$101,$0,$0,$2,$105,$675,$47,$0,$6,$12,$59,$0,$-2,$1,$616,$675,$-104,$16,$57,$73,$-5,$-6,$-8,$17,$1,$-30,$-9,$0,$0,$-119,$0,$-119,$0,$-128,$0,$0,$0,$3,$3,$0,$0,$3,$-155,$12,$0
38,2009-03-31,18.02,$13.65,1.32,$3.51,5.13,$-2.65,0.0,$-2.05,0.0,$0.61B,$0.06B,10.98,$0.00B,$0.67B,0.0,$0.17B,$0.02B,11.63%,$0.17B,$-0.16B,-92.44%,$0.17B,$-0.16B,-92.44%,$0.17B,$-0.13B,-73.84%,$0.17B,$-0.15B,-87.21%,$0.17B,$-0.10B,-58.72%,$-0.10B,$0.67B,-14.20%,$-0.10B,$0.67B,-14.20%,$-0.10B,$0.74B,-12.85%,$-0.16B,$0.67B,-22.35%,$27,$31,$-4,$14,$26,$79,$-52,$1,$-51,$-13,$-38,$-38,$-38,$-44,$-52,$49,49,$-0.77,$-0.77,$519,$20,$0,$608,$107,$0,$0,$2,$134,$743,$55,$0,$8,$14,$69,$0,$64,$1,$674,$743,$-38,$8,$11,$19,$4,$-6,$-4,$13,$18,$-1,$-5,$0,$0,$-197,$54,$-143,$0,$-148,$0,$0,$0,$2,$2,$0,$0,$2,$-147,$5,$0
39,2008-12-31,14.6,$14.39,1.01,$4.30,3.39,$-2.88,0.0,$-1.65,0.0,$0.64B,$0.07B,9.71,$0.00B,$0.71B,0.0,$0.21B,$0.04B,17.54%,$0.21B,$-0.14B,-65.88%,$0.21B,$-0.14B,-65.88%,$0.21B,$-0.11B,-50.71%,$0.21B,$-0.13B,-59.24%,$0.21B,$-0.08B,-38.39%,$-0.08B,$0.71B,-11.10%,$-0.08B,$0.71B,-11.10%,$-0.08B,$0.79B,-10.03%,$-0.14B,$0.71B,-19.04%,$40,$39,$1,$16,$26,$87,$-47,$2,$-45,$-15,$-30,$-30,$-30,$-39,$-47,$49,49,$-0.61,$-0.61,$523,$19,$0,$643,$114,$0,$0,$8,$143,$786,$66,$0,$8,$13,$80,$0,$102,$2,$706,$786,$-81,$32,$34,$66,$31,$-6,$-2,$1,$-10,$-24,$-30,$0,$0,$69,$0,$69,$2,$41,$0,$0,$0,$6,$6,$0,$0,$6,$23,$23,$0
40,2008-09-30,17.42,$14.87,1.17,$5.92,2.94,$-1.03,0.0,$-0.75,0.0,$0.66B,$0.06B,11.22,$0.00B,$0.73B,0.0,$0.29B,$0.10B,33.56%,$0.29B,$-0.07B,-23.97%,$0.29B,$-0.07B,-23.97%,$0.29B,$-0.04B,-13.36%,$0.29B,$-0.05B,-17.81%,$0.29B,$-0.04B,-12.67%,$-0.04B,$0.73B,-4.98%,$-0.04B,$0.73B,-4.98%,$-0.04B,$0.80B,-4.49%,$-0.07B,$0.73B,-9.42%,$53,$41,$12,$17,$24,$81,$-29,$3,$-26,$-12,$-14,$-14,$-14,$-21,$-29,$49,49,$-0.29,$-0.29,$535,$22,$0,$657,$121,$0,$0,$8,$145,$801,$59,$0,$7,$13,$72,$0,$132,$0,$730,$801,$-51,$24,$22,$46,$29,$-5,$-4,$1,$-9,$-14,$-26,$0,$0,$145,$0,$145,$2,$120,$0,$0,$0,$6,$6,$0,$0,$6,$112,$18,$0
41,2008-06-30,18.43,$15.13,1.22,$7.36,2.5,$-0.11,0.0,$-0.01,0.0,$0.66B,$0.06B,11.19,$0.00B,$0.74B,0.0,$0.36B,$0.15B,42.03%,$0.36B,$-0.01B,-3.85%,$0.36B,$-0.01B,-3.85%,$0.36B,$0.02B,4.40%,$0.36B,$0.01B,1.92%,$0.36B,$-0.00B,-0.27%,$-0.00B,$0.74B,-0.13%,$-0.00B,$0.74B,-0.13%,$-0.00B,$0.81B,-0.12%,$-0.01B,$0.74B,-1.88%,$52,$41,$11,$16,$23,$83,$-31,$2,$-28,$-10,$-19,$-19,$-19,$-23,$-31,$49,49,$-0.38,$-0.38,$543,$25,$0,$663,$126,$0,$0,$12,$152,$814,$59,$0,$13,$19,$78,$0,$146,$0,$736,$814,$-37,$16,$23,$39,$23,$-7,$-5,$4,$-11,$-8,$-21,$0,$0,$138,$0,$138,$0,$117,$0,$0,$0,$3,$3,$0,$0,$4,$112,$13,$0
42,2008-03-31,19.1,$15.33,1.25,$8.60,2.22,$0.67,28.42,$0.75,25.47,$0.68B,$0.06B,10.94,$0.00B,$0.75B,0.0,$0.43B,$0.21B,48.36%,$0.43B,$0.04B,10.33%,$0.43B,$0.04B,10.33%,$0.43B,$0.07B,16.90%,$0.43B,$0.07B,15.73%,$0.43B,$0.04B,9.15%,$0.04B,$0.75B,5.32%,$0.04B,$0.75B,5.32%,$0.04B,$0.83B,4.73%,$0.04B,$0.75B,6.00%,$66,$53,$13,$16,$23,$97,$-32,$6,$-26,$-8,$-18,$-18,$-18,$-24,$-32,$49,49,$-0.37,$-0.37,$556,$27,$0,$679,$126,$0,$0,$12,$150,$829,$62,$0,$13,$19,$81,$0,$164,$1,$748,$829,$-18,$8,$11,$19,$12,$-3,$-3,$2,$-7,$-6,$-11,$0,$0,$99,$0,$99,$0,$88,$0,$0,$0,$3,$3,$0,$0,$3,$85,$6,$0
43,2007-12-31,33.1,$15.56,2.13,$9.34,3.54,$0.85,38.81,$1.42,23.31,$0.70B,$0.08B,8.75,$0.00B,$0.76B,0.0,$0.46B,$0.25B,53.46%,$0.46B,$0.09B,20.13%,$0.46B,$0.09B,20.13%,$0.46B,$0.12B,25.76%,$0.46B,$0.12B,25.11%,$0.46B,$0.07B,15.58%,$0.07B,$0.76B,10.12%,$0.07B,$0.76B,10.12%,$0.07B,$0.86B,8.97%,$0.09B,$0.76B,13.07%,$121,$59,$62,$16,$23,$98,$22,$6,$28,$14,$14,$14,$14,$29,$22,$48,50,$0.30,$0.28,$570,$29,$0,$702,$131,$0,$0,$12,$153,$855,$80,$0,$12,$18,$98,$0,$182,$1,$757,$855,$73,$27,$22,$49,$-15,$-23,$5,$-13,$-37,$85,$-49,$0,$0,$-46,$0,$-46,$0,$-95,$0,$0,$0,$34,$34,$0,$8,$41,$31,$26,$0
44,2007-09-30,44.37,$15.13,2.93,$9.00,4.93,$1.55,28.66,$1.52,29.19,$0.69B,$0.07B,9.42,$0.00B,$0.74B,0.0,$0.44B,$0.23B,52.50%,$0.44B,$0.09B,19.55%,$0.44B,$0.09B,19.55%,$0.44B,$0.11B,25.23%,$0.44B,$0.11B,24.55%,$0.44B,$0.07B,16.82%,$0.07B,$0.74B,10.95%,$0.07B,$0.74B,10.95%,$0.07B,$0.83B,9.70%,$0.09B,$0.74B,12.73%,$125,$59,$67,$16,$23,$98,$27,$6,$33,$11,$22,$22,$22,$34,$27,$48,50,$0.46,$0.45,$537,$33,$0,$686,$119,$0,$0,$12,$139,$825,$73,$0,$11,$17,$90,$0,$168,$1,$735,$825,$59,$20,$20,$39,$-32,$-23,$8,$-12,$-56,$42,$-37,$0,$0,$-46,$0,$-46,$0,$-83,$0,$0,$0,$33,$33,$0,$7,$40,$-1,$20,$0
45,2007-06-30,38.3,$14.41,2.66,$8.48,4.52,$2.11,18.16,$1.40,27.36,$0.66B,$0.08B,8.43,$0.00B,$0.69B,0.0,$0.41B,$0.21B,51.70%,$0.41B,$0.08B,18.69%,$0.41B,$0.08B,18.69%,$0.41B,$0.10B,24.27%,$0.41B,$0.10B,23.54%,$0.41B,$0.07B,16.26%,$0.07B,$0.69B,10.48%,$0.07B,$0.69B,10.48%,$0.07B,$0.79B,9.29%,$0.08B,$0.69B,12.04%,$114,$50,$64,$14,$23,$87,$27,$5,$32,$11,$21,$21,$21,$33,$27,$48,50,$0.44,$0.43,$526,$32,$0,$664,$112,$0,$0,$4,$123,$787,$79,$0,$11,$17,$95,$0,$147,$-1,$691,$787,$36,$13,$12,$24,$-24,$-17,$10,$-4,$-21,$40,$-31,$0,$0,$-32,$0,$-32,$0,$-63,$0,$0,$0,$20,$20,$0,$5,$26,$2,$14,$0
46,2007-03-31,44.75,$13.87,3.23,$8.09,5.53,$2.39,18.71,$1.34,33.4,$0.63B,$0.07B,9.46,$0.00B,$0.66B,0.0,$0.39B,$0.20B,50.77%,$0.39B,$0.07B,17.69%,$0.39B,$0.07B,17.69%,$0.39B,$0.09B,23.59%,$0.39B,$0.09B,22.56%,$0.39B,$0.06B,15.64%,$0.06B,$0.66B,10.10%,$0.06B,$0.66B,10.10%,$0.06B,$0.74B,8.98%,$0.07B,$0.66B,11.42%,$102,$48,$54,$14,$23,$85,$17,$5,$23,$7,$15,$15,$15,$23,$17,$47,49,$0.32,$0.31,$506,$27,$0,$631,$104,$0,$0,$4,$113,$744,$67,$0,$10,$15,$82,$0,$128,$-0,$663,$744,$15,$6,$4,$10,$-19,$-6,$8,$0,$-19,$6,$-14,$0,$0,$-20,$0,$-20,$0,$-34,$0,$0,$0,$16,$16,$0,$5,$21,$-6,$7,$0
47,2006-12-31,37.25,$12.57,2.96,$7.88,4.73,$2.51,14.87,$1.29,28.88,$0.59B,$0.08B,7.87,$0.00B,$0.61B,0.0,$0.37B,$0.19B,50.14%,$0.37B,$0.07B,18.16%,$0.37B,$0.07B,18.16%,$0.37B,$0.09B,24.12%,$0.37B,$0.08B,22.22%,$0.37B,$0.06B,15.45%,$0.06B,$0.61B,10.01%,$0.06B,$0.61B,10.01%,$0.06B,$0.69B,8.91%,$0.07B,$0.61B,11.76%,$99,$52,$46,$13,$19,$84,$15,$5,$20,$4,$16,$16,$16,$21,$15,$45,47,$0.35,$0.33,$492,$19,$0,$593,$94,$0,$0,$3,$102,$694,$75,$0,$0,$5,$80,$0,$110,$-0,$614,$694,$57,$22,$21,$44,$-11,$-18,$8,$-1,$5,$105,$-38,$0,$0,$-29,$0,$-29,$0,$-67,$0,$0,$0,$202,$202,$0,$13,$215,$253,$22,$0
