,Date,Stock Price,Book Value per Share,Price to Book Ratio,TTM Sales per Share,Price to Sales Ratio,TTM FCF per Share,Price to FCF Ratio,TTM Net EPS,PE Ratio,Current Assets,Current Liabilities,Current Ratio,Long Term Debt,Shareholder's Equity_x,Debt to Equity Ratio,TTM Revenue_x,TTM Gross Profit,Gross Margin,TTM Revenue_y,TTM Operating Income,Operating Margin,TTM Revenue_x,TTM EBIT,EBIT Margin,TTM Revenue_y,TTM EBITDA,EBITDA Margin,TTM Revenue_x,TTM Pre-Tax Income,Pre-Tax Margin,TTM Revenue_y,TTM Net Income_x,Net Margin,TTM Net Income_y,Shareholder's Equity_y,Return on Equity,TTM Net Income_x,Tangible Equity,Return on Tangible Equity,TTM Net Income_y,Total Assets,Return on Assets,TTM Net Income,LT Investments & Debt,Return on Investment,revenue,cost-goods-sold,gross-profit,research-development-expenses,selling-general-administrative-expenses,operating-expenses,operating-income,total-non-operating-income-expense,pre-tax-income,total-provision-income-taxes,income-after-taxes,income-from-continuous-operations,net-income,ebitda,ebit,basic-shares-outstanding,shares-outstanding,eps-basic-net-earnings-per-share,eps-earnings-per-share-diluted,cash-on-hand,inventory,other-current-assets,total-current-assets,net-property-plant-equipment,long-term-investments,goodwill-intangible-assets-total,other-long-term-assets,total-long-term-assets,total-assets,total-current-liabilities,long-term-debt,other-non-current-liabilities,total-long-term-liabilities,total-liabilities,common-stock-net,retained-earnings-accumulated-deficit,comprehensive-income,total-share-holder-equity,total-liabilities-share-holders-equity,net-income-loss,total-depreciation-amortization-cash-flow,other-non-cash-items,total-non-cash-items,change-in-accounts-receivable,change-in-inventories,change-in-accounts-payable,change-in-assets-liabilities,total-change-in-assets-liabilities,cash-flow-from-operating-activities,net-change-in-property-plant-equipment,net-change-in-intangible-assets,net-acquisitions-divestitures,net-change-in-short-term-investments,net-change-in-long-term-investments,net-change-in-investments-total,investing-activities-other,cash-flow-from-investing-activities,net-long-term-debt,net-current-debt,debt-issuance-retirement-net-total,net-common-equity-issued-repurchased,net-total-equity-issued-repurchased,total-common-preferred-stock-dividends-paid,financial-activities-other,cash-flow-from-financial-activities,net-cash-flow,stock-based-compensation,common-stock-dividends-paid
0,2018-09-30,45.9,$8.04,5.71,$19.14,2.4,$5.25,8.74,$0.65,70.62,$0.21B,$0.17B,1.22,$0.00B,$0.15B,0.0,$0.35B,$0.21B,59.03%,$0.35B,$0.02B,6.02%,$0.35B,$0.02B,6.02%,$0.35B,$0.03B,8.60%,$0.35B,$0.02B,6.30%,$0.35B,$0.01B,3.44%,$0.01B,$0.15B,8.44%,$0.01B,$0.06B,19.43%,$0.01B,$0.33B,3.58%,$0.02B,$0.15B,14.76%,$85,$34,$51,$0,$42,$80,$5,$0,$5,$1,$4,$4,$4,$7,$5,$18,18,$0.22,$0.21,$144,$0,$0,$207,$22,$0,$90,$8,$121,$328,$170,$0,$11,$11,$182,$0,$126,$-4,$147,$328,$10,$7,$5,$12,$32,$0,$0,$-5,$15,$37,$-3,$0,$-9,$0,$2,$2,$0,$-10,$0,$0,$0,$1,$1,$-11,$-3,$-12,$12,$6,$-11
1,2018-06-30,41.95,$7.81,5.37,$18.99,2.21,$5.11,8.21,$0.66,63.56,$0.22B,$0.18B,1.22,$0.00B,$0.14B,0.0,$0.34B,$0.20B,59.01%,$0.34B,$0.02B,6.69%,$0.34B,$0.02B,6.69%,$0.34B,$0.03B,9.30%,$0.34B,$0.02B,6.69%,$0.34B,$0.01B,3.49%,$0.01B,$0.14B,8.62%,$0.01B,$0.06B,19.28%,$0.01B,$0.33B,3.62%,$0.02B,$0.14B,16.52%,$96,$39,$57,$0,$44,$85,$11,$0,$11,$3,$8,$8,$8,$13,$11,$18,18,$0.43,$0.43,$143,$0,$0,$218,$23,$0,$77,$8,$108,$326,$178,$0,$8,$8,$186,$0,$126,$-4,$140,$326,$6,$4,$4,$8,$20,$0,$0,$9,$14,$28,$-3,$0,$-1,$0,$4,$4,$0,$0,$0,$0,$0,$-6,$-6,$-7,$-0,$-13,$13,$4,$-7
2,2018-03-31,41.26,$7.84,5.26,$18.69,2.21,$5.01,8.23,$0.57,72.39,$0.23B,$0.19B,1.21,$0.00B,$0.14B,0.0,$0.34B,$0.20B,58.88%,$0.34B,$0.02B,6.51%,$0.34B,$0.02B,6.51%,$0.34B,$0.03B,9.17%,$0.34B,$0.02B,6.51%,$0.34B,$0.01B,2.96%,$0.01B,$0.14B,7.35%,$0.01B,$0.06B,16.88%,$0.01B,$0.34B,3.04%,$0.02B,$0.14B,16.18%,$78,$34,$44,$0,$44,$80,$-2,$-0,$-2,$-1,$-2,$-2,$-2,$-0,$-2,$18,18,$-0.10,$-0.10,$136,$0,$0,$232,$24,$0,$77,$7,$109,$341,$191,$0,$8,$8,$199,$0,$121,$-0,$141,$341,$-2,$2,$2,$5,$8,$0,$0,$12,$5,$8,$-1,$0,$0,$0,$-0,$-0,$0,$-1,$0,$0,$0,$-2,$-2,$-4,$-0,$-6,$2,$2,$-4
3,2017-12-31,43.79,$7.83,5.6,$18.54,2.36,$5.62,7.79,$0.83,52.75,$0.24B,$0.20B,1.21,$0.00B,$0.14B,0.0,$0.34B,$0.20B,59.64%,$0.34B,$0.03B,8.01%,$0.34B,$0.03B,8.01%,$0.34B,$0.04B,10.68%,$0.34B,$0.03B,8.01%,$0.34B,$0.02B,4.45%,$0.02B,$0.14B,11.19%,$0.02B,$0.06B,25.97%,$0.02B,$0.35B,4.61%,$0.03B,$0.14B,20.15%,$90,$36,$54,$0,$45,$83,$7,$1,$8,$6,$2,$2,$2,$10,$7,$18,18,$0.11,$0.11,$134,$0,$0,$237,$25,$0,$77,$6,$108,$345,$195,$0,$9,$9,$204,$0,$123,$-2,$141,$345,$15,$8,$16,$24,$-10,$0,$-2,$3,$-1,$37,$-8,$0,$0,$0,$7,$7,$0,$-1,$0,$0,$0,$-21,$-21,$-14,$-3,$-38,$3,$8,$-14
4,2017-09-30,41.29,$7.55,5.47,$18.16,2.27,$6.21,6.65,$1.03,40.08,$0.20B,$0.17B,1.17,$0.00B,$0.14B,0.0,$0.33B,$0.20B,60.00%,$0.33B,$0.03B,8.79%,$0.33B,$0.03B,8.79%,$0.33B,$0.04B,11.21%,$0.33B,$0.03B,8.79%,$0.33B,$0.02B,5.76%,$0.02B,$0.14B,13.94%,$0.02B,$0.06B,31.40%,$0.02B,$0.31B,5.88%,$0.03B,$0.14B,21.28%,$80,$33,$48,$0,$39,$74,$7,$-1,$6,$2,$4,$4,$4,$9,$7,$18,18,$0.22,$0.22,$134,$0,$0,$198,$26,$0,$77,$13,$116,$314,$170,$0,$9,$9,$179,$0,$124,$-3,$135,$314,$13,$6,$7,$12,$20,$0,$-1,$-2,$11,$37,$-6,$0,$0,$0,$7,$7,$0,$1,$0,$0,$0,$-26,$-26,$-10,$-3,$-39,$3,$6,$-10
5,2017-06-30,38.44,$7.23,5.32,$17.90,2.15,$6.38,6.02,$0.98,39.23,$0.20B,$0.18B,1.12,$0.00B,$0.13B,0.0,$0.33B,$0.20B,60.55%,$0.33B,$0.03B,9.17%,$0.33B,$0.03B,9.17%,$0.33B,$0.04B,11.62%,$0.33B,$0.03B,9.17%,$0.33B,$0.02B,5.50%,$0.02B,$0.13B,13.02%,$0.02B,$0.05B,28.69%,$0.02B,$0.31B,5.59%,$0.03B,$0.13B,21.70%,$90,$37,$53,$0,$41,$80,$10,$0,$10,$4,$6,$6,$6,$12,$10,$18,18,$0.34,$0.34,$125,$0,$0,$200,$24,$0,$76,$14,$114,$314,$179,$0,$8,$8,$187,$0,$124,$-4,$127,$314,$9,$4,$4,$8,$8,$0,$-1,$13,$10,$27,$-3,$0,$0,$0,$3,$3,$0,$-0,$0,$0,$0,$-32,$-32,$-7,$-1,$-39,$-10,$4,$-7
6,2017-03-31,38.84,$7.45,5.21,$17.77,2.19,$6.68,5.82,$1.05,36.99,$0.22B,$0.19B,1.16,$0.00B,$0.13B,0.0,$0.33B,$0.20B,60.92%,$0.33B,$0.03B,9.54%,$0.33B,$0.03B,9.54%,$0.33B,$0.04B,12.31%,$0.33B,$0.03B,9.85%,$0.33B,$0.02B,5.85%,$0.02B,$0.13B,13.50%,$0.02B,$0.06B,29.23%,$0.02B,$0.33B,5.89%,$0.03B,$0.13B,22.02%,$77,$31,$46,$0,$41,$74,$3,$-0,$3,$-0,$3,$3,$3,$5,$3,$18,19,$0.17,$0.16,$135,$0,$0,$216,$23,$0,$75,$13,$112,$328,$186,$0,$8,$8,$195,$0,$121,$-7,$133,$328,$3,$2,$2,$4,$4,$0,$-1,$21,$12,$19,$-2,$0,$0,$0,$1,$1,$0,$-1,$0,$0,$0,$-19,$-19,$-3,$-0,$-22,$-3,$2,$-3
7,2016-12-31,41.76,$8.17,5.11,$17.93,2.33,$6.85,6.1,$0.95,43.96,$0.22B,$0.18B,1.26,$0.00B,$0.15B,0.0,$0.33B,$0.20B,60.92%,$0.33B,$0.03B,9.54%,$0.33B,$0.03B,9.54%,$0.33B,$0.04B,12.31%,$0.33B,$0.03B,9.54%,$0.33B,$0.02B,5.23%,$0.02B,$0.15B,12.14%,$0.02B,$0.08B,26.67%,$0.02B,$0.34B,5.29%,$0.03B,$0.15B,22.14%,$83,$33,$51,$0,$40,$74,$9,$1,$10,$4,$6,$6,$6,$11,$9,$18,18,$0.32,$0.32,$138,$0,$0,$223,$24,$0,$75,$14,$112,$336,$177,$0,$8,$8,$186,$0,$122,$-8,$150,$336,$18,$9,$11,$20,$8,$0,$1,$-3,$7,$44,$-4,$0,$0,$0,$-14,$-14,$-0,$-18,$0,$0,$0,$15,$15,$-13,$-2,$-0,$24,$8,$-13
8,2016-09-30,37.65,$7.85,4.8,$17.82,2.11,$6.30,5.98,$0.75,50.2,$0.19B,$0.16B,1.22,$0.00B,$0.14B,0.0,$0.32B,$0.19B,60.06%,$0.32B,$0.03B,8.05%,$0.32B,$0.03B,8.05%,$0.32B,$0.04B,10.84%,$0.32B,$0.03B,7.74%,$0.32B,$0.01B,4.02%,$0.01B,$0.14B,9.68%,$0.01B,$0.07B,22.51%,$0.01B,$0.31B,4.10%,$0.03B,$0.14B,19.37%,$77,$30,$48,$0,$38,$70,$8,$-1,$7,$4,$3,$3,$3,$10,$8,$18,18,$0.17,$0.17,$133,$0,$0,$191,$25,$0,$76,$17,$118,$310,$156,$0,$10,$10,$167,$0,$119,$-5,$143,$310,$12,$7,$7,$13,$31,$0,$0,$-8,$13,$38,$-3,$0,$0,$0,$-15,$-15,$-0,$-19,$0,$0,$0,$10,$10,$-10,$-2,$-2,$17,$6,$-10
9,2016-06-30,35.52,$7.62,4.66,$17.76,2.0,$5.84,6.09,$0.83,42.8,$0.20B,$0.17B,1.15,$0.00B,$0.14B,0.0,$0.32B,$0.19B,59.81%,$0.32B,$0.02B,7.17%,$0.32B,$0.02B,7.17%,$0.32B,$0.03B,10.28%,$0.32B,$0.02B,7.48%,$0.32B,$0.01B,4.36%,$0.01B,$0.14B,10.71%,$0.01B,$0.06B,25.93%,$0.01B,$0.32B,4.48%,$0.02B,$0.14B,17.59%,$88,$34,$53,$0,$40,$76,$11,$0,$12,$4,$7,$7,$7,$14,$11,$18,18,$0.42,$0.41,$127,$0,$0,$195,$26,$0,$76,$19,$121,$316,$170,$0,$9,$9,$179,$0,$119,$-5,$137,$316,$9,$5,$3,$7,$24,$0,$0,$1,$16,$31,$-2,$0,$0,$0,$-10,$-10,$-0,$-12,$0,$0,$0,$4,$4,$-6,$-1,$-3,$16,$4,$-6
10,2016-03-31,32.23,$7.31,4.41,$17.45,1.85,$5.49,5.87,$0.73,44.15,$0.20B,$0.18B,1.1,$0.00B,$0.13B,0.0,$0.32B,$0.19B,59.81%,$0.32B,$0.02B,6.96%,$0.32B,$0.02B,6.96%,$0.32B,$0.03B,10.13%,$0.32B,$0.02B,6.96%,$0.32B,$0.01B,4.11%,$0.01B,$0.13B,10.04%,$0.01B,$0.05B,24.64%,$0.01B,$0.32B,4.19%,$0.02B,$0.13B,16.99%,$77,$31,$46,$0,$40,$75,$3,$-0,$2,$1,$1,$1,$1,$5,$3,$18,18,$0.07,$0.07,$120,$0,$0,$201,$27,$0,$77,$17,$122,$323,$183,$0,$9,$9,$193,$0,$115,$-3,$130,$323,$1,$2,$2,$5,$18,$0,$1,$11,$16,$22,$-1,$0,$0,$0,$7,$7,$-0,$5,$0,$0,$0,$1,$1,$-3,$-0,$-2,$25,$2,$-3
11,2015-12-31,27.16,$7.17,3.79,$17.30,1.57,$5.20,5.22,$0.66,41.15,$0.20B,$0.18B,1.08,$0.00B,$0.13B,0.0,$0.31B,$0.19B,59.55%,$0.31B,$0.02B,5.73%,$0.31B,$0.02B,5.73%,$0.31B,$0.03B,9.24%,$0.31B,$0.02B,6.37%,$0.31B,$0.01B,3.82%,$0.01B,$0.13B,9.21%,$0.01B,$0.05B,22.43%,$0.01B,$0.32B,3.87%,$0.02B,$0.13B,13.82%,$81,$34,$47,$0,$41,$77,$4,$-0,$4,$2,$2,$2,$2,$6,$4,$18,18,$0.11,$0.11,$101,$0,$0,$198,$28,$0,$76,$17,$121,$319,$182,$0,$9,$9,$192,$0,$117,$-5,$127,$319,$12,$10,$7,$17,$-1,$0,$-0,$-0,$5,$34,$-4,$0,$0,$0,$6,$6,$0,$3,$0,$0,$0,$-18,$-18,$-12,$-1,$-31,$4,$8,$-12
12,2015-09-30,29.82,$7.24,4.12,$17.08,1.75,$4.98,5.99,$0.74,40.3,$0.17B,$0.15B,1.11,$0.00B,$0.13B,0.0,$0.31B,$0.19B,59.87%,$0.31B,$0.02B,6.37%,$0.31B,$0.02B,6.37%,$0.31B,$0.03B,10.19%,$0.31B,$0.02B,7.01%,$0.31B,$0.01B,4.46%,$0.01B,$0.13B,10.45%,$0.01B,$0.05B,24.89%,$0.01B,$0.29B,4.47%,$0.02B,$0.13B,14.93%,$75,$29,$46,$0,$37,$69,$5,$0,$6,$1,$4,$4,$4,$8,$5,$18,18,$0.25,$0.25,$104,$0,$0,$172,$28,$0,$77,$16,$121,$293,$154,$0,$9,$9,$164,$0,$118,$-4,$129,$293,$10,$8,$3,$11,$30,$0,$-0,$-15,$7,$28,$-2,$0,$0,$0,$-4,$-4,$0,$-6,$0,$0,$0,$-16,$-16,$-9,$0,$-25,$-4,$6,$-9
13,2015-06-30,33.98,$7.35,4.62,$17.00,2.0,$4.99,6.81,$0.65,52.28,$0.19B,$0.17B,1.13,$0.00B,$0.13B,0.0,$0.31B,$0.19B,59.55%,$0.31B,$0.02B,6.37%,$0.31B,$0.02B,6.37%,$0.31B,$0.03B,10.19%,$0.31B,$0.02B,6.69%,$0.31B,$0.01B,4.14%,$0.01B,$0.13B,9.42%,$0.01B,$0.06B,22.03%,$0.01B,$0.31B,4.09%,$0.02B,$0.13B,14.49%,$83,$33,$50,$0,$38,$73,$10,$-0,$10,$4,$6,$6,$6,$13,$10,$18,18,$0.32,$0.31,$111,$0,$0,$187,$29,$0,$77,$14,$121,$307,$166,$0,$9,$9,$175,$0,$117,$-3,$132,$307,$6,$5,$2,$7,$24,$0,$-0,$-5,$12,$25,$-2,$0,$0,$0,$-6,$-6,$0,$-8,$0,$0,$0,$-10,$-10,$-6,$0,$-16,$1,$4,$-6
14,2015-03-31,34.54,$7.38,4.68,$16.83,2.05,$5.53,6.24,$0.57,60.59,$0.20B,$0.18B,1.13,$0.00B,$0.13B,0.0,$0.31B,$0.19B,59.24%,$0.31B,$0.02B,5.41%,$0.31B,$0.02B,5.41%,$0.31B,$0.03B,9.24%,$0.31B,$0.02B,5.73%,$0.31B,$0.01B,3.50%,$0.01B,$0.13B,7.67%,$0.01B,$0.06B,17.60%,$0.01B,$0.32B,3.37%,$0.02B,$0.13B,11.85%,$75,$31,$44,$0,$39,$76,$-1,$0,$-0,$-0,$-0,$-0,$-0,$2,$-1,$18,18,$-0.01,$-0.01,$111,$0,$0,$201,$31,$0,$77,$12,$120,$321,$178,$0,$9,$9,$188,$0,$114,$-5,$133,$321,$-0,$3,$2,$5,$17,$0,$-0,$3,$12,$16,$-1,$0,$0,$0,$-6,$-6,$0,$-7,$0,$0,$0,$-4,$-4,$-3,$0,$-7,$1,$2,$-3
15,2014-12-31,36.79,$7.80,4.72,$16.39,2.25,$6.33,5.81,$0.58,63.44,$0.21B,$0.18B,1.15,$0.00B,$0.14B,0.0,$0.31B,$0.19B,59.62%,$0.31B,$0.02B,5.77%,$0.31B,$0.02B,5.77%,$0.31B,$0.03B,9.94%,$0.31B,$0.02B,5.77%,$0.31B,$0.01B,3.53%,$0.01B,$0.14B,7.14%,$0.01B,$0.06B,15.49%,$0.01B,$0.33B,3.24%,$0.02B,$0.14B,11.69%,$81,$33,$48,$0,$39,$74,$6,$-0,$6,$3,$4,$4,$4,$9,$6,$19,19,$0.18,$0.18,$105,$0,$0,$208,$32,$0,$80,$12,$125,$333,$182,$0,$9,$9,$191,$0,$117,$-2,$142,$333,$11,$13,$0,$13,$9,$0,$-0,$-6,$5,$29,$-2,$0,$0,$0,$25,$25,$2,$25,$0,$0,$0,$-64,$-64,$-12,$0,$-76,$-24,$7,$-12
16,2014-09-30,34.32,$7.93,4.33,$15.77,2.18,$6.19,5.55,$0.49,70.03,$0.18B,$0.16B,1.18,$0.00B,$0.15B,0.0,$0.31B,$0.18B,59.55%,$0.31B,$0.02B,5.18%,$0.31B,$0.02B,5.18%,$0.31B,$0.03B,9.71%,$0.31B,$0.01B,4.53%,$0.31B,$0.01B,2.91%,$0.01B,$0.15B,5.30%,$0.01B,$0.06B,10.56%,$0.01B,$0.31B,2.52%,$0.02B,$0.15B,9.43%,$75,$30,$45,$0,$38,$70,$5,$0,$5,$2,$3,$3,$3,$8,$5,$18,19,$0.17,$0.16,$112,$0,$0,$184,$34,$0,$82,$11,$127,$311,$157,$0,$9,$9,$166,$0,$117,$0,$145,$311,$7,$10,$0,$10,$38,$0,$0,$-19,$11,$28,$-1,$0,$0,$0,$24,$24,$1,$25,$0,$0,$0,$-60,$-60,$-9,$0,$-69,$-17,$5,$-9
17,2014-06-30,35.12,$8.34,4.21,$15.09,2.33,$6.21,5.65,$0.43,81.68,$0.21B,$0.18B,1.19,$0.00B,$0.15B,0.0,$0.30B,$0.18B,59.54%,$0.30B,$0.02B,4.93%,$0.30B,$0.02B,4.93%,$0.30B,$0.03B,9.87%,$0.30B,$0.01B,4.28%,$0.30B,$0.01B,2.96%,$0.01B,$0.15B,4.85%,$0.01B,$0.07B,9.00%,$0.01B,$0.34B,2.43%,$0.02B,$0.15B,8.09%,$83,$34,$49,$0,$38,$76,$7,$0,$7,$3,$4,$4,$4,$10,$7,$19,19,$0.23,$0.23,$134,$0,$0,$209,$36,$0,$84,$10,$130,$339,$175,$0,$9,$9,$185,$0,$117,$2,$154,$339,$4,$7,$0,$7,$36,$0,$-0,$-8,$24,$35,$-1,$0,$0,$0,$-1,$-1,$1,$-0,$0,$0,$0,$-51,$-51,$-6,$0,$-57,$-21,$3,$-6
18,2014-03-31,33.09,$9.23,3.59,$14.37,2.3,$6.06,5.46,$0.46,71.95,$0.24B,$0.19B,1.28,$0.00B,$0.18B,0.0,$0.30B,$0.18B,60.00%,$0.30B,$0.02B,6.00%,$0.30B,$0.02B,6.00%,$0.30B,$0.03B,11.00%,$0.30B,$0.02B,5.33%,$0.30B,$0.01B,3.67%,$0.01B,$0.18B,5.46%,$0.01B,$0.09B,9.50%,$0.01B,$0.37B,2.86%,$0.02B,$0.18B,8.93%,$73,$29,$44,$0,$39,$73,$0,$-0,$-0,$0,$-0,$-0,$-0,$4,$0,$20,20,$-0.00,$-0.00,$157,$0,$0,$243,$38,$0,$85,$9,$132,$374,$190,$0,$9,$9,$199,$0,$115,$3,$175,$374,$-0,$4,$2,$6,$28,$0,$0,$4,$27,$33,$-1,$0,$0,$0,$4,$4,$1,$5,$0,$0,$0,$-28,$-28,$-3,$0,$-31,$6,$2,$-3
19,2013-12-31,35.16,$10.36,3.39,$13.79,2.55,$5.94,5.92,$0.56,62.79,$0.27B,$0.19B,1.42,$0.00B,$0.21B,0.0,$0.30B,$0.18B,60.40%,$0.30B,$0.02B,7.05%,$0.30B,$0.02B,7.05%,$0.30B,$0.04B,12.08%,$0.30B,$0.02B,6.38%,$0.30B,$0.01B,4.36%,$0.01B,$0.21B,5.60%,$0.01B,$0.12B,8.87%,$0.01B,$0.40B,3.15%,$0.02B,$0.21B,9.04%,$78,$32,$46,$0,$39,$73,$4,$-2,$2,$-0,$2,$2,$2,$8,$4,$21,21,$0.11,$0.11,$155,$0,$0,$266,$40,$0,$86,$10,$136,$402,$187,$0,$10,$10,$198,$0,$118,$2,$205,$402,$13,$14,$4,$18,$-3,$0,$0,$-1,$-0,$31,$-3,$0,$0,$0,$60,$60,$0,$58,$0,$0,$0,$-101,$-101,$-12,$-0,$-113,$-25,$6,$-12
20,2013-09-30,33.63,$10.45,3.22,$13.43,2.51,$6.74,4.99,$0.67,50.2,$0.22B,$0.15B,1.46,$0.00B,$0.21B,0.0,$0.30B,$0.18B,61.02%,$0.30B,$0.03B,8.47%,$0.30B,$0.03B,8.47%,$0.30B,$0.04B,13.22%,$0.30B,$0.02B,8.14%,$0.30B,$0.02B,5.42%,$0.02B,$0.21B,6.27%,$0.02B,$0.12B,9.45%,$0.02B,$0.37B,3.68%,$0.03B,$0.21B,9.79%,$70,$28,$42,$0,$35,$66,$4,$-0,$4,$2,$3,$3,$3,$8,$4,$20,21,$0.12,$0.12,$158,$0,$0,$222,$41,$9,$86,$11,$147,$369,$152,$0,$9,$9,$161,$0,$119,$1,$208,$369,$11,$10,$-2,$9,$38,$0,$0,$-20,$13,$32,$-2,$0,$0,$0,$46,$46,$0,$44,$0,$0,$0,$-95,$-95,$-9,$-0,$-104,$-28,$5,$-9
21,2013-06-30,33.44,$10.76,3.11,$13.06,2.56,$6.95,4.81,$1.02,32.78,$0.24B,$0.17B,1.48,$0.00B,$0.22B,0.0,$0.29B,$0.18B,61.56%,$0.29B,$0.03B,9.52%,$0.29B,$0.03B,9.52%,$0.29B,$0.04B,14.29%,$0.29B,$0.03B,9.52%,$0.29B,$0.02B,8.16%,$0.02B,$0.22B,8.66%,$0.02B,$0.13B,12.57%,$0.02B,$0.39B,5.23%,$0.03B,$0.22B,10.10%,$79,$31,$48,$0,$35,$69,$10,$0,$10,$4,$6,$6,$6,$13,$10,$21,22,$0.29,$0.28,$179,$0,$0,$244,$42,$9,$85,$11,$148,$392,$165,$0,$9,$9,$174,$0,$119,$-1,$218,$392,$8,$7,$-3,$4,$35,$0,$0,$-8,$24,$37,$-1,$0,$0,$0,$10,$10,$0,$8,$0,$0,$0,$-82,$-82,$-6,$-0,$-88,$-44,$3,$-6
22,2013-03-31,28.72,$13.33,2.15,$12.86,2.23,$6.87,4.18,$1.10,26.11,$0.34B,$0.18B,1.87,$0.00B,$0.30B,0.0,$0.29B,$0.18B,61.90%,$0.29B,$0.03B,9.86%,$0.29B,$0.03B,9.86%,$0.29B,$0.04B,14.97%,$0.29B,$0.03B,10.20%,$0.29B,$0.03B,8.84%,$0.03B,$0.30B,8.83%,$0.03B,$0.21B,12.40%,$0.03B,$0.49B,5.44%,$0.03B,$0.30B,9.85%,$71,$27,$44,$0,$37,$68,$3,$0,$3,$1,$2,$2,$2,$7,$3,$22,23,$0.10,$0.10,$265,$0,$0,$341,$45,$9,$85,$10,$149,$490,$183,$0,$9,$9,$192,$0,$117,$-1,$298,$490,$2,$4,$0,$4,$25,$0,$0,$4,$29,$35,$-1,$0,$0,$0,$14,$14,$0,$13,$0,$0,$0,$1,$1,$-3,$0,$-2,$45,$2,$-3
23,2012-12-31,24.19,$13.33,1.81,$12.74,1.9,$6.75,3.59,$1.14,21.22,$0.34B,$0.18B,1.86,$0.00B,$0.30B,0.0,$0.29B,$0.18B,61.77%,$0.29B,$0.03B,10.58%,$0.29B,$0.03B,10.58%,$0.29B,$0.05B,15.36%,$0.29B,$0.03B,10.92%,$0.29B,$0.03B,9.22%,$0.03B,$0.30B,9.25%,$0.03B,$0.21B,12.98%,$0.03B,$0.49B,5.66%,$0.03B,$0.30B,10.63%,$75,$29,$46,$0,$36,$67,$8,$-0,$7,$3,$5,$5,$5,$11,$8,$23,23,$0.21,$0.20,$234,$0,$0,$337,$46,$9,$87,$9,$151,$488,$181,$0,$9,$9,$191,$0,$118,$1,$297,$488,$26,$14,$-5,$9,$7,$0,$-0,$11,$18,$53,$-5,$0,$0,$0,$-0,$-0,$1,$-4,$0,$0,$0,$-19,$-19,$-13,$-1,$-32,$18,$5,$-13
24,2012-09-30,25.84,$13.28,1.95,$12.69,2.04,$5.33,4.85,$1.31,19.73,$0.30B,$0.15B,2.0,$0.00B,$0.30B,0.0,$0.29B,$0.18B,63.01%,$0.29B,$0.04B,12.33%,$0.29B,$0.04B,12.33%,$0.29B,$0.05B,17.47%,$0.29B,$0.04B,12.67%,$0.29B,$0.03B,10.27%,$0.03B,$0.30B,10.34%,$0.03B,$0.21B,14.44%,$0.03B,$0.47B,6.29%,$0.04B,$0.30B,12.40%,$69,$26,$43,$0,$33,$62,$7,$1,$8,$-2,$11,$11,$11,$11,$7,$22,23,$0.48,$0.47,$229,$0,$0,$302,$48,$10,$87,$18,$163,$465,$151,$0,$17,$17,$169,$0,$117,$1,$296,$465,$21,$10,$-6,$4,$37,$0,$-0,$-15,$17,$43,$-4,$0,$0,$0,$-12,$-12,$1,$-16,$0,$0,$0,$-18,$-18,$-9,$-0,$-28,$-0,$4,$-9
25,2012-06-30,30.27,$12.75,2.37,$12.70,2.38,$4.22,7.16,$1.11,27.27,$0.32B,$0.16B,1.94,$0.00B,$0.29B,0.0,$0.29B,$0.19B,63.48%,$0.29B,$0.04B,13.31%,$0.29B,$0.04B,13.31%,$0.29B,$0.05B,18.09%,$0.29B,$0.04B,13.31%,$0.29B,$0.03B,8.53%,$0.03B,$0.29B,8.75%,$0.03B,$0.21B,12.22%,$0.03B,$0.47B,5.30%,$0.04B,$0.29B,13.65%,$79,$30,$49,$0,$35,$68,$11,$0,$12,$4,$8,$8,$8,$15,$11,$23,23,$0.34,$0.34,$236,$0,$0,$318,$49,$10,$80,$12,$151,$469,$164,$0,$17,$17,$182,$0,$109,$-7,$287,$469,$11,$7,$-2,$5,$34,$0,$-0,$-10,$23,$39,$-3,$0,$0,$0,$-13,$-13,$1,$-15,$0,$0,$0,$-10,$-10,$-6,$-0,$-17,$7,$3,$-6
26,2012-03-31,28.84,$12.72,2.27,$12.43,2.32,$3.17,9.09,$1.01,28.55,$0.34B,$0.18B,1.86,$0.00B,$0.29B,0.0,$0.29B,$0.18B,63.41%,$0.29B,$0.04B,13.24%,$0.29B,$0.04B,13.24%,$0.29B,$0.05B,17.42%,$0.29B,$0.04B,12.89%,$0.29B,$0.02B,7.67%,$0.02B,$0.29B,7.76%,$0.02B,$0.21B,10.93%,$0.02B,$0.49B,4.70%,$0.04B,$0.29B,13.40%,$70,$27,$43,$0,$35,$66,$5,$0,$5,$2,$3,$3,$3,$8,$5,$23,23,$0.14,$0.14,$243,$0,$0,$336,$50,$10,$82,$9,$150,$487,$181,$0,$18,$18,$199,$0,$105,$-6,$287,$487,$3,$3,$1,$4,$30,$0,$-1,$5,$28,$35,$-2,$0,$0,$0,$-6,$-6,$1,$-8,$0,$0,$0,$-6,$-6,$-3,$0,$-9,$19,$1,$-3
27,2011-12-31,30.08,$12.78,2.35,$12.23,2.46,$2.69,11.16,$1.00,30.08,$0.34B,$0.18B,1.88,$0.00B,$0.29B,0.0,$0.28B,$0.18B,63.25%,$0.28B,$0.04B,13.07%,$0.28B,$0.04B,13.07%,$0.28B,$0.05B,17.31%,$0.28B,$0.04B,13.07%,$0.28B,$0.02B,7.77%,$0.02B,$0.29B,7.86%,$0.02B,$0.21B,11.07%,$0.02B,$0.49B,4.79%,$0.04B,$0.29B,13.23%,$74,$25,$49,$0,$33,$61,$13,$-1,$12,$5,$8,$8,$8,$17,$13,$23,23,$0.35,$0.33,$218,$0,$0,$337,$50,$10,$82,$8,$150,$488,$179,$0,$18,$18,$197,$0,$105,$-7,$291,$488,$22,$11,$20,$32,$-8,$0,$-2,$9,$2,$55,$-40,$0,$-8,$0,$-21,$-21,$15,$-53,$0,$0,$0,$-7,$-7,$0,$1,$-6,$-6,$4,$0
28,2011-09-30,28.81,$12.34,2.34,$11.93,2.42,$3.11,9.26,$0.80,36.01,$0.29B,$0.15B,1.9,$0.00B,$0.28B,0.0,$0.28B,$0.17B,62.32%,$0.28B,$0.03B,11.23%,$0.28B,$0.03B,11.23%,$0.28B,$0.04B,15.22%,$0.28B,$0.03B,11.96%,$0.28B,$0.02B,6.52%,$0.02B,$0.28B,6.55%,$0.02B,$0.20B,9.22%,$0.02B,$0.44B,4.00%,$0.03B,$0.28B,11.27%,$70,$25,$45,$0,$33,$60,$10,$0,$10,$4,$6,$6,$6,$13,$10,$23,23,$0.25,$0.25,$215,$0,$0,$285,$51,$17,$83,$0,$157,$442,$151,$0,$13,$13,$164,$0,$96,$-5,$278,$442,$14,$8,$9,$17,$31,$0,$-2,$-11,$15,$47,$-33,$0,$-7,$0,$-22,$-22,$14,$-49,$0,$0,$0,$-11,$-11,$0,$0,$-11,$-13,$3,$0
29,2011-06-30,29.21,$12.27,2.38,$11.49,2.54,$3.90,7.5,$0.71,41.14,$0.30B,$0.16B,1.83,$0.00B,$0.28B,0.0,$0.27B,$0.16B,61.65%,$0.27B,$0.03B,10.15%,$0.27B,$0.03B,10.15%,$0.27B,$0.04B,13.91%,$0.27B,$0.03B,10.90%,$0.27B,$0.02B,6.02%,$0.02B,$0.28B,5.57%,$0.02B,$0.19B,7.66%,$0.02B,$0.45B,3.50%,$0.03B,$0.28B,9.40%,$73,$28,$45,$0,$34,$64,$10,$0,$10,$4,$5,$5,$5,$12,$10,$23,23,$0.24,$0.24,$221,$0,$0,$301,$43,$17,$84,$3,$153,$454,$164,$0,$11,$11,$176,$0,$90,$-2,$278,$454,$8,$5,$4,$9,$27,$0,$-1,$-2,$21,$38,$-26,$0,$-7,$0,$-17,$-17,$11,$-38,$0,$0,$0,$-7,$-7,$0,$0,$-7,$-4,$2,$0
30,2011-03-31,33.93,$12.01,2.83,$11.12,3.05,$4.67,7.27,$0.77,44.07,$0.32B,$0.17B,1.83,$0.00B,$0.27B,0.0,$0.26B,$0.16B,61.63%,$0.26B,$0.03B,10.47%,$0.26B,$0.03B,10.47%,$0.26B,$0.04B,14.34%,$0.26B,$0.03B,11.63%,$0.26B,$0.02B,6.98%,$0.02B,$0.27B,6.02%,$0.02B,$0.20B,8.11%,$0.02B,$0.46B,3.90%,$0.03B,$0.27B,9.03%,$66,$25,$40,$0,$34,$62,$4,$0,$5,$2,$3,$3,$3,$7,$4,$23,23,$0.13,$0.13,$234,$0,$0,$318,$31,$17,$76,$5,$137,$455,$174,$0,$9,$9,$183,$0,$85,$-3,$272,$455,$3,$2,$2,$4,$26,$0,$1,$3,$25,$32,$-11,$0,$0,$0,$-14,$-14,$7,$-17,$0,$0,$0,$-7,$-7,$0,$0,$-6,$11,$1,$0
31,2010-12-31,31.27,$11.92,2.62,$10.88,2.87,$4.70,6.66,$0.89,35.14,$0.32B,$0.17B,1.85,$0.00B,$0.27B,0.0,$0.25B,$0.16B,62.15%,$0.25B,$0.03B,12.35%,$0.25B,$0.03B,12.35%,$0.25B,$0.04B,15.94%,$0.25B,$0.03B,13.55%,$0.25B,$0.02B,8.37%,$0.02B,$0.27B,6.75%,$0.02B,$0.20B,8.99%,$0.02B,$0.45B,4.51%,$0.03B,$0.27B,9.96%,$67,$25,$42,$0,$33,$60,$7,$0,$8,$3,$4,$4,$4,$10,$7,$22,23,$0.18,$0.18,$207,$0,$0,$318,$20,$9,$76,$27,$133,$450,$172,$0,$7,$7,$179,$0,$82,$-5,$272,$450,$21,$10,$6,$16,$-7,$0,$1,$4,$2,$39,$-13,$0,$-2,$0,$29,$29,$2,$16,$0,$0,$0,$5,$5,$-68,$2,$-62,$-11,$5,$-68
32,2010-09-30,26.81,$14.64,1.83,$10.66,2.52,$5.30,5.06,$1.01,26.55,$0.34B,$0.14B,2.52,$0.00B,$0.33B,0.0,$0.25B,$0.15B,62.45%,$0.25B,$0.03B,13.47%,$0.25B,$0.03B,13.47%,$0.25B,$0.04B,17.14%,$0.25B,$0.04B,14.69%,$0.25B,$0.02B,9.39%,$0.02B,$0.33B,7.16%,$0.02B,$0.25B,9.47%,$0.02B,$0.47B,4.88%,$0.03B,$0.33B,10.27%,$60,$22,$37,$0,$30,$54,$6,$0,$6,$3,$4,$4,$4,$8,$6,$22,23,$0.16,$0.16,$275,$0,$0,$340,$9,$17,$77,$15,$130,$470,$135,$0,$8,$8,$142,$0,$146,$-4,$327,$470,$16,$7,$2,$9,$28,$0,$2,$-15,$12,$38,$-6,$0,$-2,$0,$13,$13,$2,$7,$0,$0,$0,$-3,$-3,$0,$0,$-3,$40,$4,$0
33,2010-06-30,24.53,$14.43,1.7,$10.43,2.35,$5.39,4.55,$1.04,23.58,$0.34B,$0.14B,2.51,$0.00B,$0.33B,0.0,$0.24B,$0.15B,62.76%,$0.24B,$0.04B,14.64%,$0.24B,$0.04B,14.64%,$0.24B,$0.04B,18.41%,$0.24B,$0.04B,15.90%,$0.24B,$0.02B,9.62%,$0.02B,$0.33B,7.26%,$0.02B,$0.25B,9.61%,$0.02B,$0.47B,4.97%,$0.04B,$0.33B,11.04%,$65,$24,$40,$0,$28,$55,$10,$1,$11,$4,$7,$7,$7,$12,$10,$23,23,$0.31,$0.30,$277,$0,$0,$344,$6,$16,$78,$15,$126,$469,$137,$0,$7,$7,$144,$0,$142,$-8,$325,$469,$13,$5,$1,$5,$26,$0,$1,$-10,$14,$32,$-2,$0,$-2,$0,$18,$18,$2,$16,$0,$0,$0,$3,$3,$0,$0,$4,$46,$3,$0
34,2010-03-31,24.41,$14.25,1.71,$10.32,2.37,$5.25,4.65,$1.01,24.17,$0.35B,$0.15B,2.37,$0.00B,$0.32B,0.0,$0.24B,$0.15B,63.14%,$0.24B,$0.04B,15.68%,$0.24B,$0.04B,15.68%,$0.24B,$0.05B,19.49%,$0.24B,$0.04B,16.53%,$0.24B,$0.02B,9.32%,$0.02B,$0.32B,7.04%,$0.02B,$0.24B,9.33%,$0.02B,$0.48B,4.84%,$0.04B,$0.32B,11.84%,$59,$22,$37,$0,$27,$51,$8,$2,$9,$3,$6,$6,$6,$10,$8,$22,23,$0.26,$0.25,$273,$0,$0,$348,$6,$16,$79,$15,$127,$475,$146,$0,$8,$8,$154,$0,$135,$-4,$321,$475,$6,$2,$0,$2,$20,$0,$1,$-3,$15,$23,$-1,$0,$-2,$0,$14,$14,$2,$13,$0,$0,$0,$4,$4,$0,$0,$4,$37,$1,$0
35,2009-12-31,21.03,$13.97,1.51,$10.17,2.07,$5.08,4.14,$0.87,24.18,$0.34B,$0.15B,2.27,$0.00B,$0.31B,0.0,$0.23B,$0.15B,62.23%,$0.23B,$0.03B,13.73%,$0.23B,$0.03B,13.73%,$0.23B,$0.04B,17.60%,$0.23B,$0.03B,14.59%,$0.23B,$0.02B,8.15%,$0.02B,$0.31B,6.18%,$0.02B,$0.23B,8.19%,$0.02B,$0.47B,4.25%,$0.03B,$0.31B,10.41%,$61,$22,$39,$0,$26,$52,$9,$1,$10,$4,$6,$6,$6,$12,$9,$23,23,$0.26,$0.25,$250,$0,$0,$341,$6,$15,$80,$17,$129,$470,$150,$0,$8,$8,$158,$0,$130,$-2,$312,$470,$19,$9,$10,$19,$-2,$0,$-2,$10,$5,$43,$-4,$0,$-6,$0,$-33,$-33,$-16,$-60,$0,$0,$0,$-16,$-16,$0,$0,$-16,$-32,$6,$0
36,2009-09-30,21.59,$13.78,1.57,$10.16,2.13,$5.08,4.25,$0.96,22.49,$0.33B,$0.12B,2.78,$0.00B,$0.31B,0.0,$0.24B,$0.14B,61.28%,$0.24B,$0.04B,14.89%,$0.24B,$0.04B,14.89%,$0.24B,$0.04B,18.72%,$0.24B,$0.04B,15.32%,$0.24B,$0.02B,9.36%,$0.02B,$0.31B,7.21%,$0.02B,$0.24B,9.51%,$0.02B,$0.44B,4.97%,$0.04B,$0.31B,11.47%,$54,$20,$34,$0,$24,$46,$8,$-0,$8,$3,$4,$4,$4,$10,$8,$23,23,$0.19,$0.19,$270,$0,$0,$332,$7,$15,$73,$1,$103,$436,$119,$0,$7,$7,$126,$0,$124,$-1,$310,$436,$13,$6,$7,$13,$29,$0,$-2,$-12,$11,$36,$-3,$0,$-1,$0,$-43,$-43,$0,$-47,$0,$0,$0,$-13,$-13,$0,$0,$-13,$-21,$5,$0
37,2009-06-30,19.9,$13.56,1.47,$10.29,1.93,$5.34,3.72,$1.04,19.13,$0.30B,$0.12B,2.41,$0.00B,$0.31B,0.0,$0.24B,$0.15B,61.41%,$0.24B,$0.04B,14.94%,$0.24B,$0.04B,14.94%,$0.24B,$0.04B,18.26%,$0.24B,$0.04B,15.77%,$0.24B,$0.02B,9.96%,$0.02B,$0.31B,7.99%,$0.02B,$0.23B,10.63%,$0.02B,$0.44B,5.47%,$0.04B,$0.31B,11.98%,$62,$23,$39,$0,$25,$49,$12,$-0,$12,$6,$6,$6,$6,$14,$12,$23,23,$0.27,$0.27,$233,$0,$0,$297,$7,$50,$74,$1,$140,$437,$123,$0,$6,$6,$130,$0,$119,$-2,$307,$437,$9,$4,$5,$9,$29,$0,$-1,$-10,$12,$29,$-3,$0,$-1,$0,$-54,$-54,$0,$-57,$0,$0,$0,$-8,$-8,$0,$0,$-8,$-35,$3,$0
38,2009-03-31,16.66,$13.23,1.26,$10.30,1.62,$5.79,2.88,$1.14,14.62,$0.30B,$0.14B,2.21,$0.00B,$0.30B,0.0,$0.24B,$0.15B,61.98%,$0.24B,$0.03B,14.05%,$0.24B,$0.03B,14.05%,$0.24B,$0.04B,17.36%,$0.24B,$0.04B,16.53%,$0.24B,$0.03B,11.16%,$0.03B,$0.30B,9.15%,$0.03B,$0.23B,11.99%,$0.03B,$0.44B,6.17%,$0.03B,$0.30B,11.53%,$56,$23,$33,$0,$25,$53,$3,$1,$4,$2,$3,$3,$3,$5,$3,$23,23,$0.11,$0.11,$226,$0,$0,$301,$8,$51,$74,$0,$143,$444,$136,$0,$6,$6,$142,$0,$113,$-4,$301,$444,$3,$2,$2,$4,$23,$0,$-1,$-6,$14,$21,$-3,$0,$-1,$0,$-29,$-29,$0,$-32,$0,$0,$0,$-5,$-5,$0,$0,$-5,$-18,$2,$0
39,2008-12-31,22.87,$13.17,1.74,$10.19,2.24,$6.25,3.66,$1.24,18.44,$0.31B,$0.15B,2.15,$0.00B,$0.30B,0.0,$0.24B,$0.15B,62.66%,$0.24B,$0.04B,15.77%,$0.24B,$0.04B,15.77%,$0.24B,$0.05B,18.67%,$0.24B,$0.05B,18.67%,$0.24B,$0.03B,12.03%,$0.03B,$0.30B,10.08%,$0.03B,$0.23B,13.00%,$0.03B,$0.46B,6.71%,$0.04B,$0.30B,13.21%,$63,$25,$38,$0,$24,$51,$12,$-1,$12,$3,$9,$9,$9,$15,$12,$23,24,$0.39,$0.39,$213,$0,$0,$311,$7,$54,$75,$1,$144,$455,$145,$0,$7,$7,$151,$0,$111,$-2,$303,$455,$29,$6,$7,$13,$7,$0,$-1,$-3,$1,$44,$-4,$0,$-22,$0,$64,$64,$1,$39,$0,$0,$0,$-12,$-12,$0,$8,$-3,$76,$5,$0
40,2008-09-30,23.76,$12.56,1.89,$9.99,2.38,$5.95,3.99,$1.09,21.8,$0.27B,$0.12B,2.26,$0.00B,$0.29B,0.0,$0.24B,$0.15B,63.56%,$0.24B,$0.03B,14.41%,$0.24B,$0.03B,14.41%,$0.24B,$0.04B,16.95%,$0.24B,$0.04B,18.64%,$0.24B,$0.03B,11.02%,$0.03B,$0.29B,9.26%,$0.03B,$0.21B,11.76%,$0.03B,$0.42B,6.11%,$0.03B,$0.29B,12.11%,$60,$22,$38,$0,$28,$51,$9,$1,$10,$4,$6,$6,$6,$10,$9,$23,24,$0.28,$0.27,$208,$0,$0,$272,$7,$54,$77,$1,$146,$418,$120,$0,$0,$7,$127,$0,$102,$-5,$291,$418,$20,$4,$3,$7,$35,$0,$-1,$-13,$16,$43,$-3,$0,$-23,$0,$62,$62,$0,$37,$0,$0,$0,$-9,$-9,$0,$2,$-7,$72,$4,$0
41,2008-06-30,25.03,$12.33,2.03,$9.65,2.6,$5.31,4.71,$1.11,22.55,$0.31B,$0.14B,2.2,$0.00B,$0.29B,0.0,$0.23B,$0.14B,63.44%,$0.23B,$0.03B,13.66%,$0.23B,$0.03B,13.66%,$0.23B,$0.04B,16.74%,$0.23B,$0.04B,18.94%,$0.23B,$0.03B,11.89%,$0.03B,$0.29B,9.82%,$0.03B,$0.23B,12.22%,$0.03B,$0.43B,6.47%,$0.03B,$0.29B,11.27%,$63,$23,$41,$0,$29,$53,$10,$3,$14,$5,$9,$9,$9,$12,$10,$23,24,$0.38,$0.37,$229,$0,$0,$307,$7,$58,$54,$1,$125,$432,$139,$0,$0,$7,$147,$0,$95,$-3,$285,$432,$14,$3,$1,$4,$25,$0,$-0,$-5,$22,$39,$-2,$0,$0,$0,$69,$69,$0,$68,$0,$0,$0,$-7,$-7,$0,$1,$-6,$102,$3,$0
42,2008-03-31,21.54,$11.89,1.81,$9.27,2.32,$4.69,4.59,$0.74,29.11,$0.29B,$0.15B,1.98,$0.00B,$0.27B,0.0,$0.22B,$0.14B,62.56%,$0.22B,$0.03B,12.79%,$0.22B,$0.03B,12.79%,$0.22B,$0.03B,15.53%,$0.22B,$0.04B,16.44%,$0.22B,$0.02B,10.50%,$0.02B,$0.27B,8.57%,$0.02B,$0.22B,10.74%,$0.02B,$0.43B,5.67%,$0.03B,$0.27B,10.43%,$55,$21,$34,$0,$26,$48,$7,$3,$9,$4,$5,$5,$5,$8,$7,$23,24,$0.22,$0.21,$206,$0,$0,$289,$7,$70,$54,$1,$136,$425,$146,$0,$7,$7,$153,$0,$87,$-2,$272,$425,$5,$1,$1,$3,$20,$0,$-1,$7,$23,$30,$-1,$0,$0,$0,$52,$52,$0,$52,$0,$0,$0,$-10,$-10,$0,$0,$-10,$73,$1,$0
43,2007-12-31,22.71,$11.88,1.91,$8.93,2.54,$4.26,5.33,$0.53,42.85,$0.35B,$0.14B,2.45,$0.00B,$0.28B,0.0,$0.21B,$0.13B,61.61%,$0.21B,$0.02B,10.43%,$0.21B,$0.02B,10.43%,$0.21B,$0.03B,13.74%,$0.21B,$0.03B,14.22%,$0.21B,$0.02B,9.48%,$0.02B,$0.28B,7.60%,$0.02B,$0.22B,9.58%,$0.02B,$0.43B,5.05%,$0.02B,$0.28B,8.37%,$58,$22,$37,$0,$27,$50,$8,$3,$11,$6,$6,$6,$6,$10,$8,$23,24,$0.24,$0.23,$249,$0,$0,$354,$7,$8,$54,$1,$72,$426,$144,$0,$0,$7,$151,$0,$81,$-1,$275,$426,$19,$6,$16,$22,$-9,$0,$1,$6,$-3,$38,$-5,$0,$0,$0,$-23,$-23,$3,$-25,$0,$0,$0,$0,$0,$0,$0,$0,$14,$8,$0
44,2007-09-30,19.1,$11.60,1.65,$8.60,2.22,$4.72,4.05,$0.52,36.74,$0.31B,$0.11B,2.77,$0.00B,$0.27B,0.0,$0.20B,$0.12B,60.89%,$0.20B,$0.02B,10.40%,$0.20B,$0.02B,10.40%,$0.20B,$0.03B,13.86%,$0.20B,$0.03B,13.86%,$0.20B,$0.02B,9.90%,$0.02B,$0.27B,7.83%,$0.02B,$0.21B,9.95%,$0.02B,$0.39B,5.18%,$0.02B,$0.27B,8.22%,$51,$19,$32,$0,$25,$45,$6,$2,$9,$2,$7,$7,$7,$8,$6,$23,24,$0.29,$0.29,$239,$0,$0,$308,$7,$10,$54,$1,$77,$385,$111,$0,$0,$6,$117,$0,$76,$1,$268,$385,$13,$4,$12,$16,$24,$0,$-0,$-18,$-0,$29,$-4,$0,$0,$0,$-26,$-26,$0,$-29,$0,$0,$0,$1,$1,$0,$0,$1,$2,$6,$0
45,2007-06-30,22.8,$11.20,2.04,$8.32,2.74,$5.09,4.48,$0.46,49.57,$0.31B,$0.12B,2.54,$0.00B,$0.26B,0.0,$0.20B,$0.12B,60.51%,$0.20B,$0.02B,10.77%,$0.20B,$0.02B,10.77%,$0.20B,$0.03B,14.36%,$0.20B,$0.03B,13.85%,$0.20B,$0.02B,9.74%,$0.02B,$0.26B,7.65%,$0.02B,$0.20B,9.82%,$0.02B,$0.39B,5.05%,$0.02B,$0.26B,8.46%,$55,$22,$34,$0,$26,$48,$7,$0,$7,$2,$5,$5,$5,$8,$7,$23,24,$0.20,$0.19,$236,$0,$0,$307,$7,$10,$54,$1,$80,$387,$121,$0,$0,$7,$128,$0,$69,$-0,$259,$387,$7,$3,$9,$11,$22,$0,$0,$-11,$8,$26,$-3,$0,$0,$0,$-23,$-23,$0,$-25,$0,$0,$0,$1,$1,$0,$0,$1,$2,$4,$0
46,2007-03-31,22.99,$10.83,2.12,$8.10,2.84,$5.23,4.4,$0.63,36.49,$0.30B,$0.13B,2.33,$0.00B,$0.25B,0.0,$0.19B,$0.11B,59.57%,$0.19B,$0.02B,10.64%,$0.19B,$0.02B,10.64%,$0.19B,$0.03B,14.36%,$0.19B,$0.03B,14.36%,$0.19B,$0.02B,9.57%,$0.02B,$0.25B,7.45%,$0.02B,$0.20B,9.65%,$0.02B,$0.39B,4.93%,$0.02B,$0.25B,8.28%,$47,$20,$27,$0,$25,$46,$1,$2,$3,$1,$2,$2,$2,$3,$1,$23,24,$0.09,$0.09,$228,$0,$0,$302,$7,$13,$54,$1,$85,$387,$130,$0,$0,$7,$137,$0,$65,$-3,$250,$387,$2,$1,$3,$5,$19,$0,$-1,$-2,$14,$21,$-2,$0,$0,$0,$-21,$-21,$0,$-23,$0,$0,$0,$1,$1,$0,$0,$1,$-0,$3,$0
47,2006-12-31,21.97,$10.63,2.07,$7.97,2.76,$5.36,4.1,$0.70,31.39,$0.30B,$0.13B,2.25,$0.00B,$0.25B,0.0,$0.18B,$0.11B,59.34%,$0.18B,$0.02B,11.54%,$0.18B,$0.02B,11.54%,$0.18B,$0.03B,14.84%,$0.18B,$0.03B,14.84%,$0.18B,$0.02B,9.34%,$0.02B,$0.25B,7.38%,$0.02B,$0.19B,9.71%,$0.02B,$0.38B,4.88%,$0.02B,$0.25B,9.11%,$49,$19,$30,$0,$22,$42,$7,$2,$9,$3,$6,$6,$6,$9,$7,$22,23,$0.27,$0.26,$208,$0,$0,$299,$6,$13,$55,$1,$85,$384,$133,$0,$0,$7,$139,$0,$63,$-3,$245,$384,$18,$7,$15,$22,$-8,$0,$1,$10,$6,$46,$-3,$0,$2,$0,$-85,$-85,$0,$-86,$0,$0,$0,$30,$30,$0,$0,$31,$-9,$7,$0
