,Date,Stock Price,Book Value per Share,Price to Book Ratio,TTM Sales per Share,Price to Sales Ratio,TTM FCF per Share,Price to FCF Ratio,TTM Net EPS,PE Ratio,Current Assets,Current Liabilities,Current Ratio,Long Term Debt,Shareholder's Equity_x,Debt to Equity Ratio,TTM Revenue_x,TTM Gross Profit,Gross Margin,TTM Revenue_y,TTM Operating Income,Operating Margin,TTM Revenue_x,TTM EBIT,EBIT Margin,TTM Revenue_y,TTM EBITDA,EBITDA Margin,TTM Revenue_x,TTM Pre-Tax Income,Pre-Tax Margin,TTM Revenue_y,TTM Net Income_x,Net Margin,TTM Net Income_y,Shareholder's Equity_y,Return on Equity,TTM Net Income_x,Tangible Equity,Return on Tangible Equity,TTM Net Income_y,Total Assets,Return on Assets,TTM Net Income,LT Investments & Debt,Return on Investment,revenue,cost-goods-sold,gross-profit,research-development-expenses,selling-general-administrative-expenses,operating-expenses,operating-income,total-non-operating-income-expense,pre-tax-income,total-provision-income-taxes,income-after-taxes,income-from-continuous-operations,net-income,ebitda,ebit,basic-shares-outstanding,shares-outstanding,eps-basic-net-earnings-per-share,eps-earnings-per-share-diluted,cash-on-hand,inventory,other-current-assets,total-current-assets,net-property-plant-equipment,long-term-investments,goodwill-intangible-assets-total,other-long-term-assets,total-long-term-assets,total-assets,total-current-liabilities,long-term-debt,other-non-current-liabilities,total-long-term-liabilities,total-liabilities,common-stock-net,retained-earnings-accumulated-deficit,comprehensive-income,total-share-holder-equity,total-liabilities-share-holders-equity,net-income-loss,total-depreciation-amortization-cash-flow,other-non-cash-items,total-non-cash-items,change-in-accounts-receivable,change-in-inventories,change-in-accounts-payable,change-in-assets-liabilities,total-change-in-assets-liabilities,cash-flow-from-operating-activities,net-change-in-property-plant-equipment,net-change-in-intangible-assets,net-acquisitions-divestitures,net-change-in-short-term-investments,net-change-in-long-term-investments,net-change-in-investments-total,investing-activities-other,cash-flow-from-investing-activities,net-long-term-debt,net-current-debt,debt-issuance-retirement-net-total,net-common-equity-issued-repurchased,net-total-equity-issued-repurchased,total-common-preferred-stock-dividends-paid,financial-activities-other,cash-flow-from-financial-activities,net-cash-flow,stock-based-compensation,common-stock-dividends-paid
0,2018-09-30,43.24,$0.00,0.0,$95.50,0.45,$4.85,8.92,$1.33,32.51,$0.75B,$0.54B,1.4,$0.12B,$0.00B,0.0,$1.47B,$0.33B,22.18%,$1.47B,$0.10B,6.62%,$1.47B,$0.10B,6.62%,$1.47B,$0.10B,6.62%,$1.47B,$0.09B,5.80%,$1.47B,$0.03B,1.77%,$0.03B,$0.81B,3.32%,$0.03B,$0.01B,-221.28%,$0.03B,$1.64B,1.63%,$0.10B,$0.92B,10.69%,$362,$282,$80,$10,$44,$336,$27,$-4,$22,$4,$18,$18,$7,$27,$27,$15,16,$0.46,$0.45,$284,$4,$0,$753,$30,$25,$796,$21,$886,$1639,$539,$116,$105,$293,$833,$0,$0,$0,$806,$1639,$0,$0,$0,$0,$0,$0,$0,$0,$0,$0,$0,$0,$0,$0,$0,$0,$0,$0,$0,$0,$0,$0,$0,$0,$0,$0,$0,$0,$0
1,2018-06-30,35.33,$0.00,0.0,$94.66,0.37,$4.85,7.29,$1.69,20.91,$0.69B,$0.50B,1.37,$0.12B,$0.00B,0.0,$1.45B,$0.32B,22.18%,$1.45B,$0.09B,6.34%,$1.45B,$0.09B,6.34%,$1.45B,$0.09B,6.34%,$1.45B,$0.08B,5.65%,$1.45B,$0.03B,1.72%,$0.03B,$0.77B,3.24%,$0.03B,$-0.02B,-129.87%,$0.03B,$1.57B,1.60%,$0.09B,$0.89B,10.24%,$363,$283,$81,$11,$46,$339,$25,$-1,$23,$6,$18,$18,$8,$25,$25,$15,16,$0.52,$0.51,$252,$4,$0,$685,$30,$25,$794,$20,$884,$1569,$500,$116,$108,$296,$796,$0,$0,$0,$773,$1569,$0,$0,$0,$0,$0,$0,$0,$0,$0,$0,$0,$0,$0,$0,$0,$0,$0,$0,$0,$0,$0,$0,$0,$0,$0,$0,$0,$0,$0
2,2018-03-31,35.89,$0.00,0.0,$93.68,0.38,$4.85,7.4,$1.18,30.41,$0.70B,$0.48B,1.46,$0.13B,$0.00B,0.0,$1.42B,$0.31B,22.07%,$1.42B,$0.08B,5.78%,$1.42B,$0.08B,5.78%,$1.42B,$0.08B,5.78%,$1.42B,$0.07B,4.72%,$1.42B,$0.02B,1.20%,$0.02B,$0.78B,2.22%,$0.02B,$-0.03B,-74.73%,$0.02B,$1.60B,1.10%,$0.08B,$0.91B,9.33%,$373,$290,$83,$11,$47,$348,$26,$-2,$24,$6,$18,$18,$7,$26,$26,$15,16,$0.49,$0.48,$269,$3,$0,$696,$30,$25,$811,$22,$903,$1599,$479,$128,$132,$338,$817,$0,$0,$0,$782,$1599,$0,$0,$0,$0,$0,$0,$0,$0,$0,$0,$0,$0,$0,$0,$0,$0,$0,$0,$0,$0,$0,$0,$0,$0,$0,$0,$0,$0,$0
3,2017-12-31,40.2,$0.00,0.0,$90.82,0.44,$4.85,8.29,$0.71,56.62,$0.70B,$0.43B,1.61,$0.13B,$0.00B,0.0,$1.36B,$0.30B,21.83%,$1.36B,$0.07B,5.31%,$1.36B,$0.07B,5.31%,$1.36B,$0.07B,5.31%,$1.36B,$0.05B,3.83%,$1.36B,$0.01B,0.81%,$0.01B,$0.77B,1.46%,$0.01B,$-0.01B,-41.90%,$0.01B,$1.56B,0.73%,$0.07B,$0.91B,8.46%,$367,$286,$81,$10,$51,$347,$19,$-3,$16,$2,$15,$14,$4,$19,$19,$14,15,$0.27,$0.26,$261,$3,$0,$695,$30,$25,$781,$17,$869,$1564,$433,$134,$148,$358,$791,$0,$0,$0,$773,$1564,$39,$44,$-4,$40,$-38,$1,$6,$33,$1,$81,$-10,$0,$-119,$41,$0,$41,$-14,$-103,$3,$57,$60,$3,$3,$-12,$-34,$16,$8,$5,$-12
4,2017-09-30,41.85,$0.00,0.0,$85.41,0.49,$4.39,9.53,$0.77,54.35,$0.66B,$0.41B,1.63,$0.13B,$0.00B,0.0,$1.29B,$0.28B,21.92%,$1.29B,$0.08B,5.89%,$1.29B,$0.08B,5.89%,$1.29B,$0.08B,5.89%,$1.29B,$0.06B,4.42%,$1.29B,$0.01B,1.01%,$0.01B,$0.75B,1.75%,$0.01B,$-0.02B,1733.33%,$0.01B,$1.52B,0.89%,$0.08B,$0.89B,9.27%,$349,$271,$77,$10,$45,$326,$22,$-4,$19,$6,$13,$13,$6,$22,$22,$14,16,$0.39,$0.37,$249,$5,$0,$661,$28,$25,$774,$16,$859,$1520,$405,$133,$117,$361,$766,$0,$0,$0,$754,$1520,$0,$0,$0,$0,$0,$0,$0,$0,$0,$0,$0,$0,$0,$0,$0,$0,$0,$0,$0,$0,$0,$0,$0,$0,$0,$0,$0,$0,$0
5,2017-06-30,36.25,$0.00,0.0,$81.36,0.45,$4.39,8.26,$0.79,45.89,$0.62B,$0.41B,1.52,$0.06B,$0.00B,0.0,$1.23B,$0.27B,22.33%,$1.23B,$0.08B,6.28%,$1.23B,$0.08B,6.28%,$1.23B,$0.08B,6.28%,$1.23B,$0.06B,4.65%,$1.23B,$0.01B,1.06%,$0.01B,$0.75B,1.75%,$0.01B,$-0.04B,30.77%,$0.01B,$1.49B,0.93%,$0.08B,$0.81B,9.61%,$329,$257,$72,$12,$46,$314,$15,$-6,$8,$3,$5,$5,$0,$15,$15,$14,15,$0.02,$0.01,$223,$4,$0,$615,$29,$25,$790,$16,$875,$1491,$405,$58,$159,$332,$736,$0,$0,$0,$754,$1491,$0,$0,$0,$0,$0,$0,$0,$0,$0,$0,$0,$0,$0,$0,$0,$0,$0,$0,$0,$0,$0,$0,$0,$0,$0,$0,$0,$0,$0
6,2017-03-31,38.66,$0.00,0.0,$75.71,0.51,$4.39,8.81,$1.24,31.18,$0.59B,$0.38B,1.56,$0.06B,$0.00B,0.0,$1.16B,$0.26B,22.82%,$1.16B,$0.08B,7.17%,$1.16B,$0.08B,7.17%,$1.16B,$0.08B,7.17%,$1.16B,$0.07B,5.88%,$1.16B,$0.02B,1.73%,$0.02B,$0.74B,2.71%,$0.02B,$-0.04B,20.94%,$0.02B,$1.46B,1.51%,$0.08B,$0.80B,10.44%,$311,$245,$66,$8,$42,$295,$16,$-7,$9,$3,$6,$6,$1,$16,$16,$14,15,$0.04,$0.04,$211,$3,$0,$590,$28,$24,$784,$14,$867,$1457,$379,$57,$163,$336,$715,$0,$0,$0,$742,$1457,$0,$0,$0,$0,$0,$0,$0,$0,$0,$0,$0,$0,$0,$0,$0,$0,$0,$0,$0,$0,$0,$0,$0,$0,$0,$0,$0,$0,$0
7,2016-12-31,39.04,$49.14,0.79,$71.51,0.55,$4.39,8.89,$1.50,26.02,$0.63B,$0.36B,1.77,$0.06B,$0.72B,0.08,$1.11B,$0.26B,23.38%,$1.11B,$0.09B,8.03%,$1.11B,$0.09B,8.03%,$1.11B,$0.09B,8.03%,$1.11B,$0.08B,6.95%,$1.11B,$0.02B,2.08%,$0.02B,$0.72B,3.13%,$0.02B,$0.10B,15.51%,$0.02B,$1.36B,1.81%,$0.09B,$0.78B,11.23%,$302,$234,$68,$7,$39,$279,$23,$-2,$21,$6,$15,$14,$6,$23,$23,$14,16,$0.43,$0.39,$276,$4,$0,$634,$26,$41,$624,$14,$721,$1355,$359,$55,$134,$272,$631,$4,$234,$-2,$724,$1355,$56,$32,$4,$36,$-30,$1,$5,$6,$-17,$75,$-7,$-0,$-45,$-17,$0,$-17,$-9,$-79,$12,$20,$32,$1,$1,$-10,$-30,$-7,$-11,$4,$-10
8,2016-09-30,36.94,$0.00,0.0,$65.45,0.56,$3.19,11.58,$1.39,26.57,$0.56B,$0.31B,1.8,$0.06B,$0.00B,0.0,$1.01B,$0.21B,20.45%,$1.01B,$0.04B,4.25%,$1.01B,$0.04B,4.25%,$1.01B,$0.06B,6.03%,$1.01B,$0.08B,7.41%,$1.01B,$0.02B,2.08%,$0.02B,$0.75B,2.88%,$0.02B,$0.15B,12.86%,$0.02B,$1.27B,1.70%,$0.04B,$0.81B,5.46%,$285,$217,$68,$6,$39,$262,$23,$-4,$19,$5,$14,$15,$6,$23,$23,$14,16,$0.40,$0.38,$245,$4,$0,$559,$28,$42,$608,$13,$706,$1266,$310,$59,$100,$201,$511,$0,$0,$0,$754,$1266,$0,$0,$0,$0,$0,$0,$0,$0,$0,$0,$0,$0,$0,$0,$0,$0,$0,$0,$0,$0,$0,$0,$0,$0,$0,$0,$0,$0,$0
9,2016-06-30,30.57,$0.00,0.0,$63.64,0.48,$3.19,9.59,$1.43,21.38,$0.57B,$0.30B,1.89,$0.06B,$0.00B,0.0,$0.97B,$0.20B,20.14%,$0.97B,$0.04B,3.62%,$0.97B,$0.04B,3.62%,$0.97B,$0.05B,5.48%,$0.97B,$0.07B,7.33%,$0.97B,$0.02B,2.07%,$0.02B,$0.73B,2.82%,$0.02B,$0.18B,11.07%,$0.02B,$1.22B,1.65%,$0.04B,$0.79B,4.56%,$259,$197,$62,$5,$36,$239,$21,$-1,$19,$5,$14,$15,$7,$21,$21,$14,15,$0.47,$0.45,$277,$4,$0,$572,$25,$38,$554,$13,$646,$1218,$302,$58,$103,$184,$486,$0,$0,$0,$732,$1218,$0,$0,$0,$0,$0,$0,$0,$0,$0,$0,$0,$0,$0,$0,$0,$0,$0,$0,$0,$0,$0,$0,$0,$0,$0,$0,$0,$0,$0
10,2016-03-31,28.85,$0.00,0.0,$63.43,0.45,$3.19,9.05,$1.13,25.53,$0.62B,$0.32B,1.91,$0.06B,$0.00B,0.0,$0.95B,$0.19B,19.87%,$0.95B,$0.03B,3.47%,$0.95B,$0.03B,3.47%,$0.95B,$0.05B,5.36%,$0.95B,$0.07B,6.94%,$0.95B,$0.02B,1.68%,$0.02B,$0.73B,2.30%,$0.02B,$0.17B,8.43%,$0.02B,$1.25B,1.34%,$0.03B,$0.79B,4.33%,$262,$201,$61,$5,$35,$241,$22,$-4,$18,$5,$12,$12,$4,$22,$22,$14,15,$0.28,$0.27,$309,$5,$0,$616,$24,$17,$561,$13,$630,$1245,$322,$58,$112,$193,$516,$0,$0,$0,$730,$1245,$0,$0,$0,$0,$0,$0,$0,$0,$0,$0,$0,$0,$0,$0,$0,$0,$0,$0,$0,$0,$0,$0,$0,$0,$0,$0,$0,$0,$0
11,2015-12-31,24.95,$47.88,0.52,$62.72,0.4,$3.19,7.82,$1.28,19.49,$0.59B,$0.29B,2.03,$0.06B,$0.71B,0.08,$0.93B,$0.18B,19.87%,$0.93B,$0.03B,3.35%,$0.93B,$0.03B,3.35%,$0.93B,$0.05B,5.29%,$0.93B,$0.07B,7.13%,$0.93B,$0.02B,1.94%,$0.02B,$0.71B,2.64%,$0.02B,$0.16B,8.85%,$0.02B,$1.22B,1.56%,$0.03B,$0.76B,4.10%,$206,$190,$16,$0,$39,$229,$-23,$-2,$19,$5,$14,$4,$4,$-5,$-23,$14,15,$0.31,$0.29,$283,$5,$0,$589,$22,$31,$546,$12,$626,$1215,$291,$57,$118,$219,$510,$4,$230,$-3,$705,$1215,$92,$18,$8,$18,$-18,$-2,$10,$8,$5,$54,$-5,$-0,$-8,$-1,$0,$-4,$-41,$-58,$5,$5,$5,$61,$60,$-13,$-22,$36,$25,$5,$-13
12,2015-09-30,25.85,$0.00,0.0,$60.56,0.43,$0.57,45.09,$1.59,16.26,$0.41B,$0.23B,1.75,$0.06B,$0.00B,0.0,$0.88B,$0.19B,21.88%,$0.88B,$0.06B,7.26%,$0.88B,$0.06B,7.26%,$0.88B,$0.06B,7.26%,$0.88B,$0.06B,6.46%,$0.88B,$0.02B,2.61%,$0.02B,$0.67B,3.44%,$0.02B,$0.22B,10.69%,$0.02B,$1.17B,2.03%,$0.06B,$0.73B,8.78%,$241,$185,$56,$4,$37,$226,$15,$-0,$15,$4,$11,$11,$5,$15,$15,$14,15,$0.34,$0.33,$157,$4,$64,$408,$0,$207,$454,$70,$746,$1174,$234,$58,$178,$269,$503,$0,$0,$0,$671,$1174,$0,$0,$0,$0,$0,$0,$0,$0,$0,$0,$0,$0,$0,$0,$0,$0,$0,$0,$0,$0,$0,$0,$0,$0,$0,$0,$0,$0,$0
13,2015-06-30,25.33,$0.00,0.0,$54.62,0.46,$0.57,44.19,$1.60,15.83,$0.35B,$0.24B,1.45,$0.09B,$0.00B,0.0,$0.79B,$0.16B,20.40%,$0.79B,$0.06B,7.43%,$0.79B,$0.06B,7.43%,$0.79B,$0.06B,7.43%,$0.79B,$0.05B,6.55%,$0.79B,$0.02B,3.02%,$0.02B,$0.68B,3.86%,$0.02B,$0.21B,9.97%,$0.02B,$1.13B,2.28%,$0.06B,$0.77B,8.48%,$242,$185,$56,$3,$34,$222,$19,$-5,$14,$4,$10,$10,$3,$19,$19,$14,15,$0.20,$0.19,$124,$4,$44,$351,$0,$210,$464,$73,$761,$1133,$242,$89,$88,$212,$455,$0,$0,$0,$678,$1133,$0,$0,$0,$0,$0,$0,$0,$0,$0,$0,$0,$0,$0,$0,$0,$0,$0,$0,$0,$0,$0,$0,$0,$0,$0,$0,$0,$0,$0
14,2015-03-31,26.24,$0.00,0.0,$48.33,0.54,$0.57,45.77,$1.65,15.9,$0.34B,$0.22B,1.59,$0.09B,$0.00B,0.0,$0.70B,$0.13B,18.29%,$0.70B,$0.05B,6.86%,$0.70B,$0.05B,6.86%,$0.70B,$0.05B,6.86%,$0.70B,$0.04B,6.29%,$0.70B,$0.02B,3.43%,$0.02B,$0.67B,4.17%,$0.02B,$0.22B,9.02%,$0.02B,$1.09B,2.42%,$0.05B,$0.76B,7.32%,$237,$181,$56,$4,$32,$217,$20,$-2,$18,$4,$15,$15,$6,$20,$20,$14,15,$0.46,$0.44,$128,$4,$39,$344,$0,$202,$445,$70,$730,$1094,$217,$94,$80,$208,$425,$0,$0,$0,$669,$1094,$0,$0,$0,$0,$0,$0,$0,$0,$0,$0,$0,$0,$0,$0,$0,$0,$0,$0,$0,$0,$0,$0,$0,$0,$0,$0,$0,$0,$0
15,2014-12-31,20.24,$44.58,0.45,$44.24,0.46,$0.57,35.31,$5.22,3.88,$0.36B,$0.23B,1.58,$0.00B,$0.66B,0.0,$0.64B,$0.11B,16.67%,$0.64B,$0.04B,5.50%,$0.64B,$0.04B,5.50%,$0.64B,$0.04B,5.50%,$0.64B,$0.03B,4.87%,$0.64B,$0.08B,11.79%,$0.08B,$0.66B,14.12%,$0.08B,$0.21B,25.86%,$0.08B,$1.13B,7.95%,$0.04B,$0.66B,5.67%,$162,$137,$25,$0,$15,$152,$10,$-0,$10,$3,$7,$9,$9,$10,$10,$14,14,$0.63,$0.60,$130,$2,$37,$358,$45,$203,$449,$76,$786,$1125,$227,$0,$85,$131,$468,$4,$250,$-1,$657,$1121,$95,$9,$-71,$9,$-14,$-0,$5,$-7,$0,$17,$-8,$0,$0,$-7,$0,$-37,$26,$-20,$67,$-25,$0,$0,$0,$-12,$68,$32,$25,$5,$-12
16,2014-09-30,23.54,$0.00,0.0,$47.71,0.49,$4.34,5.42,$9.00,2.62,$0.26B,$0.15B,1.67,$0.11B,$0.00B,0.0,$0.68B,$0.13B,19.47%,$0.68B,$0.04B,6.30%,$0.68B,$0.04B,6.30%,$0.68B,$0.04B,6.30%,$0.68B,$0.04B,5.42%,$0.68B,$0.13B,18.89%,$0.13B,$0.48B,26.25%,$0.13B,$0.32B,43.62%,$0.13B,$0.85B,14.62%,$0.04B,$0.60B,7.24%,$153,$129,$25,$0,$15,$143,$10,$-0,$10,$3,$7,$6,$6,$10,$10,$14,14,$0.45,$0.43,$84,$2,$30,$257,$0,$334,$166,$66,$582,$854,$154,$112,$72,$216,$370,$0,$0,$0,$484,$854,$0,$0,$0,$0,$0,$0,$0,$0,$0,$0,$0,$0,$0,$0,$0,$0,$0,$0,$0,$0,$0,$0,$0,$0,$0,$0,$0,$0,$0
17,2014-06-30,25.92,$0.00,0.0,$50.98,0.51,$4.34,5.97,$8.93,2.9,$0.29B,$0.18B,1.58,$0.12B,$0.00B,0.0,$0.73B,$0.16B,21.46%,$0.73B,$0.05B,6.60%,$0.73B,$0.05B,6.60%,$0.73B,$0.05B,6.60%,$0.73B,$0.04B,5.50%,$0.73B,$0.13B,17.61%,$0.13B,$0.49B,25.57%,$0.13B,$0.32B,52.84%,$0.13B,$0.90B,14.28%,$0.05B,$0.61B,8.10%,$148,$125,$22,$0,$14,$139,$8,$-2,$6,$2,$4,$3,$3,$8,$8,$14,14,$0.21,$0.20,$98,$3,$33,$289,$0,$331,$175,$72,$594,$901,$183,$116,$78,$228,$410,$0,$0,$0,$490,$901,$0,$0,$0,$0,$0,$0,$0,$0,$0,$0,$0,$0,$0,$0,$0,$0,$0,$0,$0,$0,$0,$0,$0,$0,$0,$0,$0,$0,$0
18,2014-03-31,27.59,$0.00,0.0,$55.03,0.5,$4.34,6.36,$9.07,3.04,$0.29B,$0.17B,1.68,$0.12B,$0.00B,0.0,$0.78B,$0.18B,23.33%,$0.78B,$0.06B,7.05%,$0.78B,$0.06B,7.05%,$0.78B,$0.06B,7.05%,$0.78B,$0.05B,6.03%,$0.78B,$0.13B,16.67%,$0.13B,$0.49B,25.81%,$0.13B,$0.32B,69.80%,$0.13B,$0.90B,14.50%,$0.06B,$0.61B,9.40%,$173,$139,$34,$1,$27,$167,$7,$-2,$5,$3,$2,$57,$57,$7,$7,$14,14,$4.11,$3.99,$99,$3,$34,$292,$0,$330,$174,$69,$585,$895,$174,$118,$76,$227,$401,$0,$0,$0,$494,$895,$0,$0,$0,$0,$0,$0,$0,$0,$0,$0,$0,$0,$0,$0,$0,$0,$0,$0,$0,$0,$0,$0,$0,$0,$0,$0,$0,$0,$0
19,2013-12-31,22.34,$0.00,0.0,$56.40,0.4,$4.34,5.15,$5.38,4.15,$0.34B,$0.22B,1.55,$0.06B,$0.00B,0.0,$0.80B,$0.19B,24.25%,$0.80B,$0.06B,7.66%,$0.80B,$0.06B,7.66%,$0.80B,$0.06B,7.66%,$0.80B,$0.05B,6.78%,$0.80B,$0.08B,9.67%,$0.08B,$0.50B,15.25%,$0.08B,$0.23B,60.39%,$0.08B,$0.88B,8.64%,$0.06B,$0.56B,10.64%,$209,$158,$52,$2,$31,$191,$18,$-1,$16,$3,$13,$63,$63,$18,$18,$14,14,$4.52,$4.38,$100,$0,$38,$339,$0,$162,$268,$77,$520,$879,$219,$62,$94,$161,$380,$0,$0,$0,$498,$879,$107,$24,$-56,$24,$-6,$-0,$3,$-4,$-5,$69,$-7,$0,$-44,$-2,$0,$-2,$-11,$-63,$-13,$2,$-13,$3,$3,$-22,$-8,$-38,$-29,$4,$-5
20,2013-09-30,22.33,$0.00,0.0,$56.00,0.4,$4.91,4.54,$1.53,14.59,$0.37B,$0.21B,1.79,$0.07B,$0.00B,0.0,$0.79B,$0.19B,24.08%,$0.79B,$0.06B,7.39%,$0.79B,$0.06B,7.39%,$0.79B,$0.06B,7.39%,$0.79B,$0.05B,6.50%,$0.79B,$0.02B,2.68%,$0.02B,$0.52B,4.17%,$0.02B,$0.10B,20.84%,$0.02B,$0.91B,2.35%,$0.06B,$0.59B,10.13%,$197,$149,$48,$4,$30,$183,$15,$-1,$13,$2,$12,$5,$5,$15,$15,$14,14,$0.38,$0.36,$126,$3,$44,$371,$0,$4,$415,$83,$516,$911,$207,$72,$107,$184,$391,$0,$0,$0,$520,$911,$0,$0,$0,$0,$0,$0,$0,$0,$0,$0,$0,$0,$0,$0,$0,$0,$0,$0,$0,$0,$0,$0,$0,$0,$0,$0,$0,$0,$0
21,2013-06-30,19.36,$0.00,0.0,$55.34,0.35,$4.91,3.94,$1.50,12.91,$0.37B,$0.21B,1.74,$0.07B,$0.00B,0.0,$0.77B,$0.19B,24.16%,$0.77B,$0.06B,7.40%,$0.77B,$0.06B,7.40%,$0.77B,$0.06B,7.40%,$0.77B,$0.05B,6.62%,$0.77B,$0.02B,2.73%,$0.02B,$0.50B,4.24%,$0.02B,$0.09B,21.00%,$0.02B,$0.90B,2.41%,$0.06B,$0.58B,10.17%,$201,$153,$48,$4,$29,$186,$15,$-2,$13,$2,$11,$5,$5,$15,$15,$14,14,$0.36,$0.34,$127,$0,$47,$368,$0,$4,$412,$80,$510,$901,$212,$74,$106,$186,$398,$0,$0,$0,$503,$901,$0,$0,$0,$0,$0,$0,$0,$0,$0,$0,$0,$0,$0,$0,$0,$0,$0,$0,$0,$0,$0,$0,$0,$0,$0,$0,$0,$0,$0
22,2013-03-31,16.69,$0.00,0.0,$54.55,0.31,$4.91,3.4,$1.44,11.59,$0.36B,$0.21B,1.73,$0.06B,$0.00B,0.0,$0.76B,$0.18B,24.11%,$0.76B,$0.06B,7.42%,$0.76B,$0.06B,7.42%,$0.76B,$0.06B,7.42%,$0.76B,$0.05B,6.62%,$0.76B,$0.02B,2.65%,$0.02B,$0.50B,4.09%,$0.02B,$0.09B,19.46%,$0.02B,$0.88B,2.34%,$0.06B,$0.56B,10.18%,$189,$143,$45,$4,$28,$176,$13,$-1,$12,$2,$10,$4,$4,$13,$13,$14,14,$0.31,$0.30,$128,$0,$43,$361,$0,$3,$406,$69,$491,$875,$209,$64,$104,$175,$384,$0,$0,$0,$499,$875,$0,$0,$0,$0,$0,$0,$0,$0,$0,$0,$0,$0,$0,$0,$0,$0,$0,$0,$0,$0,$0,$0,$0,$0,$0,$0,$0,$0,$0
23,2012-12-31,13.56,$0.00,0.0,$54.00,0.25,$4.91,2.76,$1.70,7.98,$0.37B,$0.22B,1.65,$0.07B,$0.49B,0.14,$0.74B,$0.18B,24.06%,$0.74B,$0.06B,7.66%,$0.74B,$0.06B,7.66%,$0.74B,$0.06B,7.66%,$0.74B,$0.05B,6.72%,$0.74B,$0.02B,3.23%,$0.02B,$0.49B,4.94%,$0.02B,$0.12B,22.59%,$0.02B,$0.88B,2.83%,$0.06B,$0.56B,10.46%,$198,$150,$48,$3,$30,$183,$15,$-2,$13,$1,$12,$7,$7,$15,$15,$14,14,$0.55,$0.53,$126,$2,$39,$369,$0,$3,$368,$72,$490,$881,$223,$66,$91,$167,$390,$4,$116,$0,$491,$881,$47,$26,$0,$26,$0,$0,$0,$0,$-2,$73,$-5,$0,$-20,$0,$0,$16,$-3,$-12,$0,$0,$-4,$0,$2,$-13,$-23,$-38,$23,$0,$0
24,2012-09-30,13.86,$0.00,0.0,$51.19,0.27,$1.24,11.17,$1.47,9.43,$0.34B,$0.20B,1.75,$0.06B,$0.22B,0.25,$0.70B,$0.17B,23.47%,$0.70B,$0.05B,7.54%,$0.70B,$0.05B,7.54%,$0.70B,$0.05B,7.54%,$0.70B,$0.05B,6.54%,$0.70B,$0.02B,2.99%,$0.02B,$0.49B,4.62%,$0.02B,$0.10B,17.95%,$0.02B,$0.83B,2.64%,$0.05B,$0.54B,10.41%,$182,$137,$45,$4,$28,$168,$14,$-1,$13,$2,$11,$5,$5,$14,$14,$14,14,$0.34,$0.33,$130,$0,$41,$342,$0,$3,$385,$65,$467,$829,$195,$56,$90,$147,$342,$0,$0,$0,$487,$829,$0,$0,$0,$0,$0,$0,$0,$0,$0,$0,$0,$0,$0,$0,$0,$0,$0,$0,$0,$0,$0,$0,$0,$0,$0,$0,$0,$0,$0
25,2012-06-30,14.36,$0.00,0.0,$49.76,0.29,$1.24,11.58,$3.30,4.35,$0.34B,$0.20B,1.71,$0.06B,$0.00B,0.0,$0.68B,$0.16B,23.17%,$0.68B,$0.05B,7.62%,$0.68B,$0.05B,7.62%,$0.68B,$0.05B,7.62%,$0.68B,$0.04B,6.45%,$0.68B,$0.05B,6.74%,$0.05B,$0.48B,10.95%,$0.05B,$0.10B,34.46%,$0.05B,$0.83B,6.20%,$0.05B,$0.54B,11.09%,$186,$142,$44,$3,$28,$172,$14,$-2,$12,$2,$10,$4,$4,$14,$14,$14,14,$0.30,$0.28,$123,$0,$39,$343,$0,$6,$377,$65,$465,$828,$201,$57,$90,$148,$348,$0,$0,$0,$479,$828,$0,$0,$0,$0,$0,$0,$0,$0,$0,$0,$0,$0,$0,$0,$0,$0,$0,$0,$0,$0,$0,$0,$0,$0,$0,$0,$0,$0,$0
26,2012-03-31,14.62,$0.00,0.0,$48.42,0.3,$1.24,11.78,$3.37,4.34,$0.36B,$0.22B,1.61,$0.06B,$0.00B,0.0,$0.66B,$0.15B,23.26%,$0.66B,$0.05B,7.70%,$0.66B,$0.05B,7.70%,$0.66B,$0.05B,7.70%,$0.66B,$0.04B,6.65%,$0.66B,$0.05B,7.10%,$0.05B,$0.49B,12.13%,$0.05B,$0.10B,34.50%,$0.05B,$0.86B,6.72%,$0.05B,$0.54B,11.85%,$178,$136,$42,$2,$26,$164,$14,$-1,$12,$2,$10,$8,$8,$14,$14,$14,14,$0.58,$0.56,$126,$0,$43,$357,$0,$6,$388,$65,$477,$855,$222,$57,$89,$147,$369,$0,$0,$0,$487,$855,$0,$0,$0,$0,$0,$0,$0,$0,$0,$0,$0,$0,$0,$0,$0,$0,$0,$0,$0,$0,$0,$0,$0,$0,$0,$0,$0,$0,$0
27,2011-12-31,12.93,$0.00,0.0,$46.88,0.28,$1.24,10.42,$3.11,4.16,$0.31B,$0.18B,1.7,$0.05B,$0.36B,0.14,$0.64B,$0.15B,23.13%,$0.64B,$0.05B,7.66%,$0.64B,$0.05B,7.66%,$0.64B,$0.05B,7.66%,$0.64B,$0.04B,6.72%,$0.64B,$0.04B,6.72%,$0.04B,$0.36B,12.19%,$0.04B,$0.17B,21.66%,$0.04B,$0.67B,6.63%,$0.05B,$0.41B,12.58%,$157,$124,$34,$0,$22,$147,$11,$-2,$9,$-0,$9,$4,$4,$11,$11,$14,14,$0.31,$0.30,$108,$2,$34,$307,$0,$80,$198,$53,$343,$669,$181,$50,$68,$124,$306,$4,$92,$0,$364,$669,$63,$14,$0,$14,$0,$0,$0,$0,$-35,$26,$-9,$0,$-40,$0,$0,$0,$-19,$-68,$0,$5,$39,$0,$0,$-19,$-5,$20,$-22,$0,$0
28,2011-09-30,10.48,$0.00,0.0,$46.71,0.22,$3.58,2.92,$3.17,3.31,$0.27B,$0.15B,1.85,$0.03B,$0.13B,0.24,$0.64B,$0.15B,23.90%,$0.64B,$0.05B,8.02%,$0.64B,$0.05B,8.02%,$0.64B,$0.05B,8.02%,$0.64B,$0.05B,7.08%,$0.64B,$0.04B,6.92%,$0.04B,$0.35B,12.74%,$0.04B,$0.17B,23.07%,$0.04B,$0.62B,6.90%,$0.05B,$0.38B,13.50%,$161,$123,$38,$1,$24,$149,$13,$-2,$11,$2,$9,$30,$30,$13,$13,$14,14,$2.19,$2.16,$99,$3,$30,$272,$0,$76,$184,$54,$327,$618,$147,$31,$85,$120,$267,$0,$0,$0,$351,$618,$0,$0,$0,$0,$0,$0,$0,$0,$0,$0,$0,$0,$0,$0,$0,$0,$0,$0,$0,$0,$0,$0,$0,$0,$0,$0,$0,$0,$0
29,2011-06-30,14.92,$0.00,0.0,$44.79,0.33,$3.58,4.17,$1.37,10.89,$0.32B,$0.18B,1.76,$0.03B,$0.00B,0.0,$0.61B,$0.15B,24.30%,$0.61B,$0.05B,8.21%,$0.61B,$0.05B,8.21%,$0.61B,$0.05B,8.21%,$0.61B,$0.05B,7.39%,$0.61B,$0.02B,3.12%,$0.02B,$0.35B,5.71%,$0.02B,$0.11B,10.83%,$0.02B,$0.65B,3.04%,$0.05B,$0.38B,13.51%,$166,$126,$40,$2,$25,$153,$13,$-2,$12,$2,$10,$5,$5,$13,$13,$13,14,$0.37,$0.35,$122,$3,$30,$316,$0,$7,$235,$62,$318,$654,$180,$34,$88,$126,$306,$0,$0,$0,$348,$654,$0,$0,$0,$0,$0,$0,$0,$0,$0,$0,$0,$0,$0,$0,$0,$0,$0,$0,$0,$0,$0,$0,$0,$0,$0,$0,$0,$0,$0
30,2011-03-31,16.07,$0.00,0.0,$42.39,0.38,$3.58,4.49,$1.30,12.36,$0.35B,$0.19B,1.8,$0.03B,$0.00B,0.0,$0.58B,$0.14B,24.52%,$0.58B,$0.05B,8.35%,$0.58B,$0.05B,8.35%,$0.58B,$0.05B,8.35%,$0.58B,$0.04B,7.30%,$0.58B,$0.02B,3.13%,$0.02B,$0.35B,5.68%,$0.02B,$0.35B,8.24%,$0.02B,$0.65B,3.00%,$0.05B,$0.38B,13.42%,$156,$120,$36,$2,$22,$144,$12,$-1,$11,$2,$9,$4,$4,$12,$12,$13,14,$0.31,$0.30,$153,$4,$0,$345,$0,$6,$0,$274,$294,$653,$192,$33,$78,$114,$305,$0,$0,$0,$348,$653,$0,$0,$0,$0,$0,$0,$0,$0,$0,$0,$0,$0,$0,$0,$0,$0,$0,$0,$0,$0,$0,$0,$0,$0,$0,$0,$0,$0,$0
31,2010-12-31,15.58,$0.00,0.0,$40.62,0.38,$3.58,4.35,$1.35,11.54,$0.33B,$0.18B,1.86,$0.03B,$0.33B,0.1,$0.55B,$0.14B,24.91%,$0.55B,$0.05B,8.55%,$0.55B,$0.05B,8.55%,$0.55B,$0.05B,8.55%,$0.55B,$0.04B,7.82%,$0.55B,$0.02B,3.45%,$0.02B,$0.33B,6.30%,$0.02B,$0.14B,9.36%,$0.02B,$0.62B,3.26%,$0.05B,$0.37B,13.61%,$153,$115,$38,$2,$24,$140,$13,$-2,$11,$1,$10,$5,$5,$13,$13,$14,14,$0.36,$0.36,$149,$6,$23,$332,$0,$3,$200,$64,$280,$624,$178,$32,$77,$111,$289,$4,$58,$0,$334,$624,$35,$17,$0,$17,$0,$0,$0,$0,$-2,$53,$-5,$0,$0,$0,$0,$0,$2,$-3,$0,$-4,$-24,$0,$22,$-20,$-18,$-43,$10,$0,$0
32,2010-09-30,12.09,$0.00,0.0,$38.40,0.31,$3.80,3.18,$1.58,7.65,$0.29B,$0.15B,1.94,$0.05B,$0.12B,0.43,$0.52B,$0.17B,31.67%,$0.52B,$0.08B,16.12%,$0.52B,$0.08B,16.12%,$0.52B,$0.08B,16.12%,$0.52B,$0.04B,7.87%,$0.52B,$0.02B,4.22%,$0.02B,$0.30B,7.54%,$0.02B,$0.11B,9.05%,$0.02B,$0.57B,3.87%,$0.08B,$0.35B,24.82%,$134,$100,$34,$1,$20,$122,$12,$-1,$11,$2,$9,$5,$5,$12,$12,$13,14,$0.36,$0.36,$136,$4,$26,$294,$0,$6,$195,$54,$268,$573,$152,$50,$65,$120,$272,$0,$0,$0,$301,$573,$0,$0,$0,$0,$0,$0,$0,$0,$0,$0,$0,$0,$0,$0,$0,$0,$0,$0,$0,$0,$0,$0,$0,$0,$0,$0,$0,$0,$0
33,2010-06-30,10.75,$0.00,0.0,$37.18,0.29,$3.80,2.83,$1.51,7.12,$0.28B,$0.15B,1.91,$0.05B,$0.00B,0.0,$0.51B,$0.16B,31.88%,$0.51B,$0.08B,16.24%,$0.51B,$0.08B,16.24%,$0.51B,$0.08B,16.24%,$0.51B,$0.04B,7.72%,$0.51B,$0.02B,4.16%,$0.02B,$0.29B,7.25%,$0.02B,$0.29B,7.25%,$0.02B,$0.55B,3.69%,$0.08B,$0.33B,24.22%,$132,$99,$33,$1,$21,$120,$11,$-2,$9,$1,$8,$4,$4,$11,$11,$13,14,$0.29,$0.28,$133,$3,$26,$284,$0,$10,$0,$242,$252,$547,$149,$49,$60,$113,$262,$0,$0,$0,$285,$547,$0,$0,$0,$0,$0,$0,$0,$0,$0,$0,$0,$0,$0,$0,$0,$0,$0,$0,$0,$0,$0,$0,$0,$0,$0,$0,$0,$0,$0
34,2010-03-31,12.29,$0.00,0.0,$37.21,0.33,$3.80,3.23,$1.50,8.19,$0.32B,$0.18B,1.75,$0.04B,$0.00B,0.0,$0.51B,$0.16B,31.42%,$0.51B,$0.08B,15.81%,$0.51B,$0.08B,15.81%,$0.51B,$0.08B,15.81%,$0.51B,$0.04B,7.71%,$0.51B,$0.02B,4.15%,$0.02B,$0.29B,7.28%,$0.02B,$0.29B,7.28%,$0.02B,$0.59B,3.69%,$0.08B,$0.33B,23.60%,$131,$98,$32,$1,$20,$120,$11,$1,$12,$2,$9,$5,$5,$11,$11,$13,14,$0.36,$0.35,$160,$3,$0,$321,$0,$14,$0,$241,$255,$586,$184,$44,$70,$117,$301,$0,$0,$0,$286,$586,$0,$0,$0,$0,$0,$0,$0,$0,$0,$0,$0,$0,$0,$0,$0,$0,$0,$0,$0,$0,$0,$0,$0,$0,$0,$0,$0,$0,$0
35,2009-12-31,8.62,$0.00,0.0,$37.83,0.23,$3.80,2.27,$1.41,6.12,$0.31B,$0.16B,1.96,$0.04B,$0.00B,0.0,$0.51B,$0.16B,30.72%,$0.51B,$0.08B,15.07%,$0.51B,$0.08B,15.07%,$0.51B,$0.08B,15.07%,$0.51B,$0.04B,7.24%,$0.51B,$0.02B,3.72%,$0.02B,$0.30B,6.71%,$0.02B,$0.30B,6.71%,$0.02B,$0.57B,3.41%,$0.08B,$0.34B,22.97%,$124,$57,$66,$1,$17,$74,$50,$0,$9,$2,$7,$4,$8,$50,$50,$13,14,$0.61,$0.59,$159,$2,$22,$313,$0,$13,$0,$230,$243,$566,$160,$44,$65,$111,$271,$0,$0,$0,$295,$566,$33,$15,$0,$15,$0,$0,$0,$0,$14,$56,$-4,$0,$2,$0,$0,$3,$-14,$-13,$0,$-7,$-6,$0,$1,$-30,$-11,$-53,$-10,$0,$0
36,2009-09-30,7.36,$0.00,0.0,$40.37,0.18,$2.85,2.58,$0.95,7.75,$0.31B,$0.16B,2.03,$0.06B,$0.00B,0.0,$0.54B,$0.12B,22.74%,$0.54B,$0.03B,6.28%,$0.54B,$0.03B,6.28%,$0.54B,$0.03B,6.28%,$0.54B,$0.03B,6.28%,$0.54B,$0.01B,2.40%,$0.01B,$0.29B,5.16%,$0.01B,$0.29B,6.02%,$0.01B,$0.58B,2.30%,$0.03B,$0.35B,11.07%,$118,$88,$30,$1,$19,$108,$10,$-1,$9,$1,$7,$4,$4,$10,$10,$13,14,$0.30,$0.29,$144,$2,$45,$314,$0,$20,$0,$229,$248,$575,$155,$59,$66,$127,$282,$0,$0,$0,$293,$575,$0,$0,$0,$0,$0,$0,$0,$0,$0,$0,$0,$0,$0,$0,$0,$0,$0,$0,$0,$0,$0,$0,$0,$0,$0,$0,$0,$0,$0
37,2009-06-30,6.18,$0.00,0.0,$43.05,0.14,$2.85,2.17,$0.88,7.02,$0.29B,$0.15B,1.99,$0.06B,$0.00B,0.0,$0.57B,$0.13B,22.69%,$0.57B,$0.04B,6.11%,$0.57B,$0.04B,6.11%,$0.57B,$0.04B,6.11%,$0.57B,$0.03B,5.41%,$0.57B,$0.01B,2.09%,$0.01B,$0.28B,5.21%,$0.01B,$0.28B,6.16%,$0.01B,$0.55B,2.07%,$0.04B,$0.34B,11.79%,$133,$102,$31,$1,$20,$124,$9,$0,$9,$2,$7,$4,$4,$9,$9,$13,14,$0.28,$0.27,$134,$2,$18,$294,$0,$20,$0,$225,$244,$552,$148,$55,$66,$125,$272,$0,$0,$0,$280,$552,$0,$0,$0,$0,$0,$0,$0,$0,$0,$0,$0,$0,$0,$0,$0,$0,$0,$0,$0,$0,$0,$0,$0,$0,$0,$0,$0,$0,$0
38,2009-03-31,3.54,$0.00,0.0,$44.75,0.08,$2.85,1.24,$0.93,3.8,$0.29B,$0.15B,1.88,$0.05B,$0.00B,0.0,$0.59B,$0.14B,22.84%,$0.59B,$0.04B,5.92%,$0.59B,$0.04B,5.92%,$0.59B,$0.04B,5.92%,$0.59B,$0.03B,5.08%,$0.59B,$0.01B,2.03%,$0.01B,$0.26B,5.65%,$0.01B,$0.26B,6.80%,$0.01B,$0.54B,1.98%,$0.04B,$0.32B,12.26%,$136,$106,$30,$1,$20,$128,$8,$2,$10,$3,$7,$3,$3,$8,$8,$13,13,$0.26,$0.26,$135,$3,$0,$289,$0,$18,$0,$214,$232,$535,$154,$50,$63,$117,$271,$0,$0,$0,$264,$535,$0,$0,$0,$0,$0,$0,$0,$0,$0,$0,$0,$0,$0,$0,$0,$0,$0,$0,$0,$0,$0,$0,$0,$0,$0,$0,$0,$0,$0
39,2008-12-31,3.88,$0.00,0.0,$44.76,0.09,$2.85,1.36,$0.90,4.31,$0.33B,$0.19B,1.76,$0.06B,$0.17B,0.33,$0.59B,$0.14B,23.52%,$0.59B,$0.03B,5.75%,$0.59B,$0.03B,5.75%,$0.59B,$0.03B,5.75%,$0.59B,$0.03B,4.40%,$0.59B,$0.01B,2.03%,$0.01B,$0.17B,6.05%,$0.01B,$0.03B,7.38%,$0.01B,$0.60B,1.91%,$0.03B,$0.23B,12.23%,$154,$122,$32,$2,$25,$146,$7,$-1,$6,$2,$4,$2,$2,$7,$7,$13,13,$0.13,$0.13,$157,$3,$16,$334,$0,$20,$143,$85,$248,$597,$190,$56,$69,$236,$427,$4,$41,$0,$170,$597,$12,$13,$0,$13,$0,$0,$0,$0,$10,$47,$-10,$0,$2,$0,$0,$-8,$-26,$-41,$0,$-33,$-12,$0,$1,$-10,$-6,$-60,$-51,$0,$0
40,2008-09-30,6.21,$0.00,0.0,$43.40,0.14,$2.32,2.68,$1.26,4.93,$0.37B,$0.16B,2.36,$0.10B,$0.00B,0.0,$0.57B,$0.24B,42.41%,$0.57B,$0.16B,28.45%,$0.57B,$0.16B,28.45%,$0.57B,$0.16B,28.45%,$0.57B,$0.16B,27.23%,$0.57B,$0.02B,2.97%,$0.02B,$0.21B,8.28%,$0.02B,$0.21B,9.69%,$0.02B,$0.64B,2.69%,$0.16B,$0.31B,55.25%,$150,$113,$37,$2,$24,$139,$11,$-5,$6,$0,$5,$3,$3,$11,$11,$13,13,$0.22,$0.22,$182,$3,$0,$366,$0,$21,$0,$237,$257,$640,$155,$103,$57,$277,$433,$0,$0,$0,$208,$640,$0,$0,$0,$0,$0,$0,$0,$0,$0,$0,$0,$0,$0,$0,$0,$0,$0,$0,$0,$0,$0,$0,$0,$0,$0,$0,$0,$0,$0
41,2008-06-30,6.09,$0.00,0.0,$41.50,0.15,$2.32,2.63,$1.24,4.91,$0.39B,$0.16B,2.37,$0.08B,$0.00B,0.0,$0.55B,$0.33B,60.40%,$0.55B,$0.28B,50.55%,$0.55B,$0.28B,50.55%,$0.55B,$0.28B,50.55%,$0.55B,$0.28B,50.18%,$0.55B,$0.02B,3.10%,$0.02B,$0.21B,11.09%,$0.02B,$0.21B,13.77%,$0.02B,$0.65B,3.60%,$0.28B,$0.29B,127.50%,$151,$115,$36,$1,$25,$142,$9,$-1,$8,$1,$7,$4,$4,$9,$9,$13,13,$0.32,$0.32,$203,$3,$0,$387,$0,$15,$0,$234,$249,$653,$163,$83,$81,$283,$446,$0,$0,$0,$207,$653,$0,$0,$0,$0,$0,$0,$0,$0,$0,$0,$0,$0,$0,$0,$0,$0,$0,$0,$0,$0,$0,$0,$0,$0,$0,$0,$0,$0,$0
42,2008-03-31,7.75,$0.00,0.0,$39.48,0.2,$2.32,3.34,$2.61,2.97,$0.38B,$0.15B,2.49,$0.08B,$0.00B,0.0,$0.52B,$0.33B,62.45%,$0.52B,$0.28B,52.68%,$0.52B,$0.28B,52.68%,$0.52B,$0.28B,52.68%,$0.52B,$0.28B,52.68%,$0.52B,$0.04B,6.70%,$0.04B,$0.21B,23.93%,$0.04B,$0.21B,32.11%,$0.04B,$0.62B,8.00%,$0.28B,$0.29B,143.60%,$136,$102,$34,$1,$25,$129,$7,$-0,$6,$0,$6,$3,$3,$7,$7,$13,13,$0.23,$0.23,$208,$4,$0,$375,$0,$57,$0,$173,$230,$622,$150,$76,$74,$263,$413,$0,$0,$0,$208,$622,$0,$0,$0,$0,$0,$0,$0,$0,$0,$0,$0,$0,$0,$0,$0,$0,$0,$0,$0,$0,$0,$0,$0,$0,$0,$0,$0,$0,$0
43,2007-12-31,7.03,$0.00,0.0,$39.51,0.18,$2.32,3.04,$2.59,2.72,$0.38B,$0.16B,2.36,$0.10B,$0.20B,0.48,$0.52B,$0.34B,64.37%,$0.52B,$0.28B,53.07%,$0.52B,$0.28B,53.07%,$0.52B,$0.28B,53.07%,$0.52B,$0.28B,52.87%,$0.52B,$0.04B,6.70%,$0.04B,$0.20B,26.17%,$0.04B,$0.08B,36.27%,$0.04B,$0.61B,8.04%,$0.28B,$0.29B,168.13%,$136,$0,$136,$0,$0,$0,$136,$0,$136,$0,$136,$2,$7,$136,$136,$13,13,$0.49,$0.49,$202,$3,$35,$379,$0,$19,$119,$80,$218,$613,$161,$96,$47,$254,$414,$4,$69,$0,$198,$613,$37,$17,$0,$17,$0,$0,$0,$0,$3,$43,$-13,$0,$-5,$0,$0,$3,$-4,$-19,$0,$-17,$18,$0,$8,$0,$4,$13,$45,$0,$0
44,2007-09-30,7.78,$0.00,0.0,$40.76,0.19,$0.11,68.49,$2.60,2.99,$0.00B,$0.00B,0.0,$0.00B,$0.00B,0.0,$0.54B,$0.35B,65.49%,$0.54B,$0.29B,54.55%,$0.54B,$0.29B,54.55%,$0.54B,$0.29B,54.55%,$0.54B,$0.29B,54.36%,$0.54B,$0.03B,6.31%,$0.03B,$0.00B,27.76%,$0.03B,$0.00B,45.18%,$0.03B,$0.00B,7.89%,$0.29B,$0.00B,189.07%,$125,$0,$125,$0,$0,$0,$125,$0,$125,$0,$125,$2,$3,$125,$125,$13,13,$0.20,$0.20,$0,$0,$0,$0,$0,$0,$0,$0,$0,$0,$0,$0,$0,$0,$0,$0,$0,$0,$0,$0,$0,$0,$0,$0,$0,$0,$0,$0,$0,$0,$0,$0,$0,$0,$0,$0,$0,$0,$0,$0,$0,$0,$0,$0,$0,$0,$0,$0,$0
45,2007-06-30,8.17,$0.00,0.0,$42.21,0.19,$0.11,71.95,$2.33,3.51,$0.31B,$0.19B,1.65,$0.01B,$0.00B,0.0,$0.56B,$0.37B,66.67%,$0.56B,$0.31B,56.09%,$0.56B,$0.31B,56.09%,$0.56B,$0.31B,56.09%,$0.56B,$0.31B,55.91%,$0.56B,$0.03B,5.38%,$0.03B,$0.18B,24.49%,$0.03B,$0.15B,39.87%,$0.03B,$0.52B,6.96%,$0.31B,$0.19B,201.29%,$125,$94,$31,$2,$22,$118,$7,$1,$8,$0,$8,$5,$22,$7,$7,$13,13,$1.69,$1.69,$155,$3,$0,$307,$0,$39,$0,$154,$193,$516,$186,$9,$82,$181,$367,$0,$0,$0,$179,$546,$0,$0,$0,$0,$0,$0,$0,$0,$0,$0,$0,$0,$0,$0,$0,$0,$0,$0,$0,$0,$0,$0,$0,$0,$0,$0,$0,$0,$0
46,2007-03-31,7.19,$0.00,0.0,$43.18,0.17,$0.11,63.28,$0.68,10.57,$0.31B,$0.18B,1.75,$0.02B,$0.00B,0.0,$0.57B,$0.38B,67.25%,$0.57B,$0.31B,54.29%,$0.57B,$0.31B,54.29%,$0.57B,$0.31B,54.29%,$0.57B,$0.31B,53.59%,$0.57B,$0.01B,1.58%,$0.01B,$0.16B,7.47%,$0.01B,$0.16B,11.15%,$0.01B,$0.61B,1.91%,$0.31B,$0.18B,194.66%,$136,$92,$44,$7,$27,$127,$9,$-3,$7,$1,$6,$3,$3,$9,$9,$13,13,$0.22,$0.21,$135,$4,$0,$314,$0,$10,$0,$269,$279,$612,$180,$20,$137,$273,$453,$0,$0,$0,$158,$612,$0,$0,$0,$0,$0,$0,$0,$0,$0,$0,$0,$0,$0,$0,$0,$0,$0,$0,$0,$0,$0,$0,$0,$0,$0,$0,$0,$0,$0
47,2006-12-31,6.98,$0.00,0.0,$42.44,0.16,$0.11,61.47,$0.77,9.07,$0.30B,$0.18B,1.71,$0.10B,$0.15B,0.68,$0.56B,$0.47B,83.07%,$0.56B,$0.43B,76.11%,$0.56B,$0.43B,76.11%,$0.56B,$0.43B,76.11%,$0.56B,$0.43B,75.76%,$0.56B,$0.01B,1.78%,$0.01B,$0.15B,12.35%,$0.01B,$-0.01B,24.24%,$0.01B,$0.60B,3.15%,$0.43B,$0.26B,372.11%,$153,$0,$153,$0,$0,$0,$153,$0,$153,$0,$153,$6,$6,$153,$153,$13,13,$0.51,$0.50,$132,$3,$19,$304,$0,$39,$159,$75,$273,$596,$178,$103,$45,$264,$442,$4,$32,$0,$153,$596,$10,$45,$0,$45,$0,$0,$0,$0,$1,$26,$-24,$0,$-13,$0,$0,$51,$-7,$6,$0,$-18,$29,$0,$7,$-4,$-18,$-4,$35,$0,$0
