,Date,Stock Price,Book Value per Share,Price to Book Ratio,TTM Sales per Share,Price to Sales Ratio,TTM FCF per Share,Price to FCF Ratio,TTM Net EPS,PE Ratio,Current Assets,Current Liabilities,Current Ratio,Long Term Debt,Shareholder's Equity_x,Debt to Equity Ratio,TTM Revenue_x,TTM Gross Profit,Gross Margin,TTM Revenue_y,TTM Operating Income,Operating Margin,TTM Revenue_x,TTM EBIT,EBIT Margin,TTM Revenue_y,TTM EBITDA,EBITDA Margin,TTM Revenue_x,TTM Pre-Tax Income,Pre-Tax Margin,TTM Revenue_y,TTM Net Income_x,Net Margin,TTM Net Income_y,Shareholder's Equity_y,Return on Equity,TTM Net Income_x,Tangible Equity,Return on Tangible Equity,TTM Net Income_y,Total Assets,Return on Assets,TTM Net Income,LT Investments & Debt,Return on Investment,revenue,cost-goods-sold,gross-profit,research-development-expenses,selling-general-administrative-expenses,operating-expenses,operating-income,total-non-operating-income-expense,pre-tax-income,total-provision-income-taxes,income-after-taxes,income-from-continuous-operations,net-income,ebitda,ebit,basic-shares-outstanding,shares-outstanding,eps-basic-net-earnings-per-share,eps-earnings-per-share-diluted,cash-on-hand,inventory,other-current-assets,total-current-assets,net-property-plant-equipment,long-term-investments,goodwill-intangible-assets-total,other-long-term-assets,total-long-term-assets,total-assets,total-current-liabilities,long-term-debt,other-non-current-liabilities,total-long-term-liabilities,total-liabilities,common-stock-net,retained-earnings-accumulated-deficit,comprehensive-income,total-share-holder-equity,total-liabilities-share-holders-equity,net-income-loss,total-depreciation-amortization-cash-flow,other-non-cash-items,total-non-cash-items,change-in-accounts-receivable,change-in-inventories,change-in-accounts-payable,change-in-assets-liabilities,total-change-in-assets-liabilities,cash-flow-from-operating-activities,net-change-in-property-plant-equipment,net-change-in-intangible-assets,net-acquisitions-divestitures,net-change-in-short-term-investments,net-change-in-long-term-investments,net-change-in-investments-total,investing-activities-other,cash-flow-from-investing-activities,net-long-term-debt,net-current-debt,debt-issuance-retirement-net-total,net-common-equity-issued-repurchased,net-total-equity-issued-repurchased,total-common-preferred-stock-dividends-paid,financial-activities-other,cash-flow-from-financial-activities,net-cash-flow,stock-based-compensation,common-stock-dividends-paid
0,2018-09-30,23.28,$10.72,2.17,$54.41,0.43,$5.70,4.08,$-2.70,0.0,$1.15B,$0.57B,2.01,$0.27B,$0.53B,0.51,$2.68B,$1.37B,51.27%,$2.68B,$0.05B,1.76%,$2.68B,$0.05B,1.76%,$2.68B,$0.11B,4.26%,$2.68B,$0.00B,0.00%,$2.68B,$-0.13B,-4.90%,$-0.13B,$0.53B,-24.32%,$-0.13B,$0.40B,-33.00%,$-0.13B,$1.47B,-8.66%,$0.05B,$0.80B,5.42%,$609,$282,$327,$0,$298,$586,$23,$-13,$10,$4,$6,$6,$5,$39,$23,$49,51,$0.10,$0.10,$236,$521,$0,$1149,$191,$0,$130,$0,$321,$1470,$571,$269,$68,$369,$940,$0,$332,$-69,$530,$1470,$-49,$47,$20,$68,$144,$13,$-47,$-3,$54,$72,$-10,$-0,$0,$0,$0,$0,$0,$-10,$-45,$0,$-45,$-4,$-4,$0,$-12,$-60,$6,$17,$0
1,2018-06-30,26.87,$10.48,2.57,$56.59,0.47,$5.37,5.01,$-2.91,0.0,$1.07B,$0.51B,2.11,$0.27B,$0.52B,0.52,$2.76B,$1.37B,49.53%,$2.76B,$0.02B,0.87%,$2.76B,$0.02B,0.87%,$2.76B,$0.09B,3.41%,$2.76B,$-0.02B,-0.69%,$2.76B,$-0.14B,-5.12%,$-0.14B,$0.52B,-24.76%,$-0.14B,$0.38B,-34.79%,$-0.14B,$1.41B,-8.91%,$0.02B,$0.79B,2.55%,$577,$268,$309,$0,$287,$576,$1,$-12,$-11,$-3,$-7,$-7,$-8,$16,$1,$49,49,$-0.16,$-0.16,$242,$498,$0,$1069,$200,$0,$137,$0,$337,$1406,$508,$268,$70,$382,$889,$0,$327,$-70,$517,$1406,$-55,$31,$5,$36,$206,$34,$-66,$13,$96,$77,$-6,$-1,$0,$0,$0,$0,$0,$-7,$-45,$0,$-45,$-3,$-3,$0,$-11,$-60,$12,$11,$0
2,2018-03-31,12.7,$10.77,1.18,$57.19,0.22,$4.39,2.9,$-9.86,0.0,$1.16B,$0.52B,2.21,$0.34B,$0.53B,0.64,$2.78B,$1.36B,48.88%,$2.78B,$-0.41B,-14.66%,$2.78B,$-0.41B,-14.66%,$2.78B,$-0.33B,-11.92%,$2.78B,$-0.45B,-16.10%,$2.78B,$-0.48B,-17.22%,$-0.48B,$0.53B,-79.14%,$-0.48B,$0.38B,-113.81%,$-0.48B,$1.52B,-28.54%,$-0.41B,$0.86B,-38.29%,$569,$281,$288,$0,$295,$597,$-28,$-13,$-41,$7,$-48,$-48,$-48,$-12,$-28,$49,49,$-0.99,$-0.99,$230,$531,$0,$1156,$208,$0,$151,$0,$359,$1516,$524,$336,$77,$465,$989,$0,$335,$-65,$527,$1516,$-48,$16,$10,$26,$175,$18,$-72,$-14,$17,$-4,$-4,$-0,$0,$0,$0,$0,$0,$-4,$22,$0,$22,$-2,$-2,$0,$-7,$12,$0,$4,$0
3,2017-12-31,7.77,$11.94,0.65,$57.54,0.14,$5.52,1.41,$-9.87,0.0,$1.29B,$0.51B,2.54,$0.44B,$0.58B,0.76,$2.79B,$1.36B,48.73%,$2.79B,$-0.42B,-15.20%,$2.79B,$-0.42B,-15.20%,$2.79B,$-0.34B,-12.30%,$2.79B,$-0.45B,-16.28%,$2.79B,$-0.48B,-17.14%,$-0.48B,$0.58B,-66.60%,$-0.48B,$0.43B,-110.84%,$-0.48B,$1.66B,-26.24%,$-0.42B,$1.03B,-34.18%,$921,$473,$448,$0,$390,$870,$51,$-9,$42,$121,$-78,$-78,$-80,$71,$51,$48,48,$-1.65,$-1.65,$231,$574,$0,$1291,$220,$0,$148,$0,$367,$1658,$509,$444,$76,$568,$1077,$0,$410,$-76,$581,$1658,$-474,$81,$417,$498,$14,$7,$35,$14,$155,$180,$-25,$-1,$2,$0,$0,$0,$0,$-25,$0,$-190,$-190,$-1,$-1,$0,$-10,$-202,$-66,$30,$0
4,2017-09-30,9.33,$13.46,0.69,$58.40,0.16,$6.25,1.49,$-7.19,0.0,$1.29B,$0.55B,2.32,$0.44B,$0.65B,0.68,$2.83B,$1.40B,49.52%,$2.83B,$-0.41B,-14.47%,$2.83B,$-0.41B,-14.47%,$2.83B,$-0.33B,-11.53%,$2.83B,$-0.43B,-15.21%,$2.83B,$-0.35B,-12.31%,$-0.35B,$0.65B,-42.12%,$-0.35B,$0.43B,-79.91%,$-0.35B,$1.75B,-17.81%,$-0.41B,$1.10B,-29.41%,$689,$369,$320,$0,$315,$689,$-0,$-8,$-9,$-3,$-5,$-5,$-5,$19,$-0,$49,49,$-0.11,$-0.11,$167,$683,$0,$1286,$243,$0,$221,$0,$464,$1750,$554,$444,$76,$544,$1097,$0,$490,$-85,$653,$1750,$-395,$62,$328,$389,$85,$-116,$80,$-6,$66,$60,$-17,$0,$0,$0,$0,$0,$0,$-16,$-150,$0,$-150,$-1,$-1,$0,$-6,$-156,$-131,$22,$0
5,2017-06-30,10.35,$13.50,0.77,$59.48,0.17,$6.40,1.62,$-6.72,0.0,$1.31B,$0.41B,3.15,$0.61B,$0.66B,0.94,$2.88B,$1.47B,50.94%,$2.88B,$-0.38B,-13.14%,$2.88B,$-0.38B,-13.14%,$2.88B,$-0.29B,-10.08%,$2.88B,$-0.40B,-13.73%,$2.88B,$-0.33B,-11.34%,$-0.33B,$0.66B,-35.85%,$-0.33B,$0.44B,-75.90%,$-0.33B,$1.78B,-15.67%,$-0.38B,$1.27B,-24.60%,$597,$295,$301,$0,$314,$1027,$-430,$-10,$-439,$-96,$-343,$-343,$-345,$-409,$-430,$48,48,$-7.11,$-7.11,$320,$618,$0,$1305,$256,$0,$215,$0,$471,$1776,$414,$614,$74,$707,$1121,$0,$495,$-80,$655,$1776,$-390,$42,$320,$362,$167,$-64,$-2,$-6,$63,$35,$-13,$1,$0,$0,$0,$0,$0,$-12,$14,$0,$14,$-1,$-1,$0,$-6,$6,$22,$14,$0
6,2017-03-31,17.45,$20.27,0.86,$61.39,0.28,$6.65,2.62,$0.51,34.22,$1.28B,$0.39B,3.31,$0.59B,$0.98B,0.6,$2.96B,$1.52B,51.28%,$2.96B,$0.07B,2.26%,$2.96B,$0.07B,2.26%,$2.96B,$0.16B,5.36%,$2.96B,$0.06B,1.89%,$2.96B,$0.03B,0.84%,$0.03B,$0.98B,2.54%,$0.03B,$0.42B,6.07%,$0.03B,$2.10B,1.14%,$0.07B,$1.57B,4.10%,$582,$292,$290,$0,$308,$627,$-45,$-3,$-48,$-1,$-47,$-47,$-48,$-24,$-45,$48,48,$-1.00,$-1.00,$321,$572,$0,$1280,$260,$0,$561,$0,$821,$2102,$387,$590,$72,$733,$1119,$0,$840,$-87,$982,$2102,$-47,$21,$4,$24,$145,$-22,$-12,$-19,$74,$51,$-4,$0,$0,$0,$0,$0,$0,$-4,$-16,$0,$-16,$-1,$-1,$0,$-6,$-22,$23,$6,$0
7,2016-12-31,25.86,$21.04,1.23,$63.02,0.41,$5.99,4.32,$1.63,15.87,$1.35B,$0.42B,3.25,$0.61B,$1.02B,0.6,$3.04B,$1.58B,51.87%,$3.04B,$0.13B,4.14%,$3.04B,$0.13B,4.14%,$3.04B,$0.22B,7.30%,$3.04B,$0.12B,3.78%,$3.04B,$0.08B,2.60%,$0.08B,$1.02B,8.10%,$0.08B,$0.45B,19.95%,$0.08B,$2.19B,3.54%,$0.13B,$1.63B,7.51%,$959,$470,$489,$0,$410,$893,$66,$0,$66,$15,$51,$51,$50,$88,$66,$48,48,$1.03,$1.03,$297,$542,$0,$1347,$274,$0,$566,$0,$840,$2187,$415,$610,$72,$757,$1171,$0,$888,$-95,$1015,$2187,$86,$95,$13,$107,$-13,$65,$-43,$26,$17,$210,$-21,$1,$4,$0,$0,$0,$4,$-12,$0,$-171,$-171,$-16,$-16,$0,$-11,$-198,$8,$31,$0
8,2016-09-30,27.77,$20.46,1.36,$63.46,0.44,$7.82,3.55,$2.06,13.48,$1.39B,$0.42B,3.28,$0.70B,$0.99B,0.71,$3.08B,$1.62B,52.52%,$3.08B,$0.15B,4.85%,$3.08B,$0.15B,4.85%,$3.08B,$0.25B,8.03%,$3.08B,$0.14B,4.68%,$3.08B,$0.10B,3.22%,$0.10B,$0.99B,10.37%,$0.10B,$0.41B,26.76%,$0.10B,$2.26B,4.35%,$0.15B,$1.68B,8.75%,$738,$353,$385,$0,$339,$707,$31,$-5,$26,$6,$19,$19,$17,$55,$31,$48,48,$0.36,$0.36,$236,$700,$0,$1390,$291,$0,$577,$0,$868,$2258,$424,$697,$70,$849,$1273,$0,$838,$-74,$985,$2258,$35,$73,$1,$74,$75,$-77,$-17,$18,$-49,$59,$-9,$3,$0,$0,$0,$0,$2,$-5,$-84,$0,$-84,$-15,$-15,$0,$-7,$-106,$-53,$24,$0
9,2016-06-30,28.53,$19.85,1.44,$64.17,0.44,$8.46,3.37,$2.89,9.87,$1.31B,$0.41B,3.19,$0.71B,$0.96B,0.74,$3.11B,$1.65B,53.02%,$3.11B,$0.19B,6.24%,$3.11B,$0.19B,6.24%,$3.11B,$0.29B,9.23%,$3.11B,$0.20B,6.27%,$3.11B,$0.14B,4.50%,$0.14B,$0.96B,15.07%,$0.14B,$0.37B,35.09%,$0.14B,$2.23B,6.16%,$0.19B,$1.66B,11.42%,$685,$330,$356,$0,$340,$670,$15,$-4,$12,$3,$8,$8,$6,$40,$15,$48,48,$0.13,$0.12,$232,$662,$0,$1312,$328,$0,$586,$0,$914,$2227,$412,$709,$59,$859,$1271,$0,$821,$-77,$956,$2227,$15,$50,$-3,$47,$140,$-41,$-17,$-9,$10,$72,$-37,$1,$0,$0,$0,$0,$2,$-35,$-74,$0,$-74,$-15,$-15,$0,$-4,$-94,$-57,$16,$0
10,2016-03-31,44.42,$19.62,2.26,$65.13,0.68,$10.41,4.27,$3.89,11.42,$1.34B,$0.37B,3.6,$0.80B,$0.94B,0.85,$3.16B,$1.70B,53.78%,$3.16B,$0.25B,7.87%,$3.16B,$0.25B,7.87%,$3.16B,$0.34B,10.72%,$3.16B,$0.26B,8.31%,$3.16B,$0.19B,5.98%,$0.19B,$0.94B,20.97%,$0.19B,$0.36B,44.29%,$0.19B,$2.26B,8.47%,$0.25B,$1.74B,14.98%,$660,$312,$348,$0,$334,$645,$14,$-4,$11,$3,$7,$7,$6,$39,$14,$48,48,$0.12,$0.12,$307,$630,$0,$1341,$332,$0,$587,$0,$920,$2260,$373,$800,$54,$943,$1316,$0,$816,$-72,$944,$2260,$7,$25,$-3,$22,$150,$8,$-51,$-17,$5,$35,$-20,$1,$0,$0,$0,$0,$0,$-19,$0,$14,$14,$-6,$-6,$0,$-4,$4,$17,$7,$0
11,2015-12-31,36.56,$19.38,1.89,$65.82,0.56,$11.45,3.19,$4.52,8.09,$1.44B,$0.49B,2.95,$0.79B,$0.93B,0.84,$3.23B,$1.75B,54.34%,$3.23B,$0.29B,9.01%,$3.23B,$0.29B,9.01%,$3.23B,$0.38B,11.71%,$3.23B,$0.31B,9.63%,$3.23B,$0.22B,6.85%,$0.22B,$0.93B,24.96%,$0.22B,$0.35B,47.42%,$0.22B,$2.36B,10.15%,$0.29B,$1.72B,18.15%,$992,$467,$526,$0,$425,$904,$89,$6,$95,$23,$72,$72,$70,$113,$89,$49,49,$1.45,$1.45,$289,$625,$0,$1443,$326,$0,$587,$0,$913,$2356,$490,$785,$53,$934,$1423,$0,$814,$-81,$933,$2356,$230,$88,$43,$131,$43,$-43,$42,$-37,$0,$361,$-80,$-4,$-220,$0,$0,$0,$10,$-294,$0,$180,$180,$-231,$-231,$0,$-13,$-64,$13,$19,$0
12,2015-09-30,55.88,$18.36,3.04,$65.60,0.85,$11.24,4.97,$6.06,9.22,$1.57B,$0.43B,3.61,$0.79B,$0.88B,0.89,$3.30B,$1.83B,55.50%,$3.30B,$0.42B,12.84%,$3.30B,$0.42B,12.84%,$3.30B,$0.51B,15.45%,$3.30B,$0.44B,13.33%,$3.30B,$0.31B,9.24%,$0.31B,$0.88B,33.96%,$0.31B,$0.52B,57.41%,$0.31B,$2.26B,14.30%,$0.42B,$1.67B,26.97%,$771,$354,$418,$0,$339,$696,$76,$2,$77,$17,$60,$60,$58,$95,$76,$48,48,$1.19,$1.19,$302,$746,$0,$1565,$330,$0,$359,$0,$690,$2255,$434,$786,$51,$938,$1371,$0,$744,$-57,$884,$2255,$158,$63,$21,$85,$103,$-173,$18,$-21,$-108,$134,$-53,$-1,$-5,$0,$0,$0,$6,$-53,$0,$176,$176,$-233,$-233,$0,$-5,$-61,$25,$14,$0
13,2015-06-30,69.36,$17.49,3.97,$66.53,1.04,$11.96,5.8,$6.83,10.16,$1.37B,$0.38B,3.58,$0.67B,$0.84B,0.8,$3.42B,$1.92B,56.16%,$3.42B,$0.50B,14.69%,$3.42B,$0.50B,14.69%,$3.42B,$0.59B,17.35%,$3.42B,$0.52B,15.07%,$3.42B,$0.35B,10.25%,$0.35B,$0.84B,38.27%,$0.35B,$0.48B,64.52%,$0.35B,$2.06B,16.49%,$0.50B,$1.52B,32.51%,$740,$331,$409,$0,$333,$670,$70,$9,$80,$23,$57,$57,$55,$92,$70,$49,49,$1.12,$1.12,$250,$669,$0,$1366,$329,$0,$364,$0,$693,$2059,$382,$674,$58,$833,$1215,$0,$698,$-45,$844,$2059,$97,$44,$15,$58,$184,$-91,$-1,$-20,$7,$163,$-32,$-1,$-5,$0,$0,$0,$6,$-33,$0,$63,$63,$-218,$-218,$0,$-5,$-160,$-26,$9,$0
14,2015-03-31,82.45,$17.77,4.64,$65.76,1.25,$11.38,7.25,$6.69,12.32,$1.35B,$0.38B,3.51,$0.63B,$0.88B,0.71,$3.46B,$1.96B,56.65%,$3.46B,$0.52B,14.98%,$3.46B,$0.52B,14.98%,$3.46B,$0.61B,17.70%,$3.46B,$0.52B,14.92%,$3.46B,$0.35B,10.09%,$0.35B,$0.88B,36.34%,$0.35B,$0.51B,60.15%,$0.35B,$2.04B,16.20%,$0.52B,$1.51B,33.32%,$725,$324,$401,$0,$332,$669,$56,$3,$59,$19,$41,$41,$38,$78,$56,$50,50,$0.76,$0.75,$237,$631,$0,$1345,$332,$0,$366,$0,$698,$2043,$384,$626,$58,$780,$1163,$0,$746,$-50,$880,$2043,$41,$22,$6,$28,$159,$-49,$-6,$-30,$17,$85,$-17,$-1,$-5,$0,$0,$0,$6,$-17,$0,$15,$15,$-116,$-116,$0,$-5,$-106,$-39,$4,$0
15,2014-12-31,110.74,$19.38,5.71,$65.68,1.69,$11.41,9.7,$7.16,15.47,$1.46B,$0.45B,3.26,$0.61B,$0.98B,0.62,$3.51B,$2.00B,57.01%,$3.51B,$0.57B,16.15%,$3.51B,$0.57B,16.15%,$3.51B,$0.66B,18.86%,$3.51B,$0.56B,15.90%,$3.51B,$0.38B,10.74%,$0.38B,$0.98B,37.83%,$0.38B,$0.61B,61.78%,$0.38B,$2.18B,17.36%,$0.57B,$1.59B,36.20%,$1065,$461,$604,$0,$382,$843,$222,$2,$224,$68,$156,$156,$154,$245,$222,$53,53,$2.94,$2.94,$276,$597,$0,$1455,$346,$0,$377,$0,$723,$2177,$446,$610,$59,$747,$1194,$1,$822,$-16,$984,$2177,$387,$96,$35,$131,$-8,$-61,$2,$-53,$-130,$388,$-94,$-9,$0,$0,$0,$0,$0,$-103,$0,$122,$122,$-438,$-438,$0,$-10,$-325,$-44,$19,$0
16,2014-09-30,93.9,$18.53,5.07,$64.04,1.47,$11.41,8.23,$6.84,13.73,$1.50B,$0.49B,3.03,$0.61B,$0.96B,0.63,$3.51B,$2.01B,57.20%,$3.51B,$0.56B,16.08%,$3.51B,$0.56B,16.08%,$3.51B,$0.66B,18.79%,$3.51B,$0.55B,15.68%,$3.51B,$0.37B,10.61%,$0.37B,$0.96B,36.50%,$0.37B,$0.58B,59.19%,$0.37B,$2.24B,17.02%,$0.56B,$1.57B,36.14%,$894,$385,$509,$0,$354,$740,$155,$-2,$153,$47,$106,$106,$104,$179,$155,$53,53,$1.97,$1.96,$218,$695,$0,$1495,$355,$0,$386,$0,$741,$2237,$493,$608,$58,$783,$1276,$1,$783,$2,$961,$2237,$230,$73,$19,$92,$48,$-146,$33,$-49,$-125,$198,$-71,$-12,$0,$0,$0,$0,$0,$-82,$0,$115,$115,$-319,$-319,$0,$-6,$-211,$-102,$14,$0
17,2014-06-30,104.52,$19.09,5.47,$61.42,1.7,$11.04,9.46,$6.46,16.18,$1.41B,$0.43B,3.25,$0.53B,$1.02B,0.53,$3.42B,$1.96B,57.32%,$3.42B,$0.55B,16.07%,$3.42B,$0.55B,16.07%,$3.42B,$0.64B,18.76%,$3.42B,$0.54B,15.63%,$3.42B,$0.36B,10.46%,$0.36B,$1.02B,34.46%,$0.36B,$0.63B,55.18%,$0.36B,$2.16B,16.66%,$0.55B,$1.55B,35.60%,$774,$329,$445,$0,$360,$689,$85,$-5,$80,$25,$55,$55,$53,$110,$85,$53,54,$0.98,$0.98,$273,$664,$0,$1410,$360,$0,$391,$0,$751,$2161,$434,$533,$63,$711,$1145,$1,$813,$33,$1016,$2161,$124,$49,$9,$58,$159,$-95,$9,$-36,$-27,$155,$-43,$-7,$0,$0,$0,$0,$0,$-50,$0,$38,$38,$-186,$-186,$0,$-4,$-152,$-48,$10,$0
18,2014-03-31,116.57,$19.06,6.12,$58.99,1.98,$10.96,10.64,$6.63,17.58,$1.37B,$0.39B,3.5,$0.53B,$1.03B,0.52,$3.36B,$1.93B,57.41%,$3.36B,$0.57B,17.05%,$3.36B,$0.57B,17.05%,$3.36B,$0.66B,19.64%,$3.36B,$0.56B,16.66%,$3.36B,$0.37B,11.12%,$0.37B,$1.03B,34.75%,$0.37B,$0.63B,54.39%,$0.37B,$2.11B,17.71%,$0.57B,$1.55B,37.36%,$777,$333,$443,$0,$339,$672,$105,$-4,$101,$31,$69,$69,$66,$128,$105,$54,54,$1.23,$1.22,$303,$602,$0,$1366,$357,$0,$391,$0,$748,$2114,$390,$528,$56,$699,$1089,$1,$827,$36,$1025,$2114,$69,$23,$1,$25,$168,$-32,$-18,$-38,$3,$97,$-22,$-2,$0,$0,$0,$0,$0,$-24,$0,$34,$34,$-119,$-119,$0,$-4,$-90,$-17,$5,$0
19,2013-12-31,119.94,$19.66,6.1,$56.09,2.14,$10.68,11.23,$6.62,18.12,$1.48B,$0.49B,3.01,$0.50B,$1.08B,0.46,$3.26B,$1.86B,57.10%,$3.26B,$0.56B,17.21%,$3.26B,$0.56B,17.21%,$3.26B,$0.64B,19.76%,$3.26B,$0.56B,17.21%,$3.26B,$0.38B,11.63%,$0.38B,$1.08B,33.59%,$0.38B,$0.68B,50.96%,$0.38B,$2.23B,18.56%,$0.56B,$1.57B,37.61%,$1062,$453,$609,$0,$390,$843,$219,$-3,$216,$65,$151,$151,$149,$242,$219,$57,58,$2.62,$2.62,$320,$571,$0,$1479,$356,$0,$395,$0,$751,$2230,$492,$495,$55,$663,$1155,$1,$877,$37,$1075,$2230,$388,$82,$14,$96,$-77,$-53,$15,$-21,$-72,$412,$-93,$-15,$-16,$0,$0,$0,$0,$-123,$0,$431,$431,$-575,$-575,$0,$-4,$-148,$143,$15,$0
20,2013-09-30,116.24,$18.67,6.23,$53.11,2.19,$10.68,10.89,$6.45,18.02,$1.36B,$0.44B,3.1,$0.47B,$1.04B,0.45,$3.15B,$1.79B,56.98%,$3.15B,$0.55B,17.39%,$3.15B,$0.55B,17.39%,$3.15B,$0.63B,19.87%,$3.15B,$0.55B,17.52%,$3.15B,$0.38B,12.11%,$0.38B,$1.04B,32.58%,$0.38B,$0.66B,47.92%,$0.38B,$2.09B,19.59%,$0.55B,$1.51B,38.31%,$810,$345,$465,$0,$324,$669,$141,$-3,$138,$46,$92,$92,$90,$162,$141,$56,57,$1.59,$1.58,$229,$657,$0,$1355,$352,$0,$383,$0,$735,$2090,$437,$468,$53,$614,$1051,$1,$848,$31,$1039,$2090,$237,$60,$-6,$54,$23,$-145,$14,$-10,$-111,$180,$-64,$-9,$-15,$0,$0,$0,$0,$-88,$0,$406,$406,$-454,$-454,$0,$3,$-46,$52,$11,$0
21,2013-06-30,103.31,$20.02,5.16,$50.04,2.06,$10.42,9.91,$6.13,16.85,$1.27B,$0.35B,3.64,$0.34B,$1.15B,0.29,$3.02B,$1.71B,56.61%,$3.02B,$0.52B,17.19%,$3.02B,$0.52B,17.19%,$3.02B,$0.59B,19.64%,$3.02B,$0.53B,17.46%,$3.02B,$0.37B,12.19%,$0.37B,$1.15B,30.65%,$0.37B,$0.77B,44.10%,$0.37B,$1.99B,19.53%,$0.52B,$1.49B,37.43%,$706,$297,$409,$0,$302,$599,$107,$-3,$104,$34,$70,$70,$68,$127,$107,$59,59,$1.16,$1.15,$313,$582,$0,$1274,$334,$0,$381,$0,$715,$1989,$350,$339,$50,$485,$835,$1,$985,$17,$1154,$1989,$144,$39,$-10,$29,$123,$-77,$-1,$-23,$-14,$159,$-41,$-5,$-15,$0,$0,$0,$0,$-61,$0,$265,$265,$-227,$-227,$0,$2,$39,$136,$7,$0
22,2013-03-31,96.6,$21.04,4.59,$48.29,2.0,$10.13,9.53,$5.90,16.37,$1.15B,$0.31B,3.65,$0.15B,$1.25B,0.12,$2.95B,$1.66B,56.15%,$2.95B,$0.50B,16.95%,$2.95B,$0.50B,16.95%,$2.95B,$0.57B,19.29%,$2.95B,$0.51B,17.33%,$2.95B,$0.36B,12.11%,$0.36B,$1.25B,29.79%,$0.36B,$0.87B,42.50%,$0.36B,$1.86B,19.67%,$0.50B,$1.40B,37.70%,$681,$302,$378,$0,$284,$587,$94,$9,$103,$29,$74,$74,$72,$113,$94,$59,60,$1.22,$1.21,$241,$520,$0,$1148,$329,$0,$380,$0,$709,$1857,$314,$151,$48,$297,$611,$1,$1084,$12,$1245,$1857,$74,$19,$-4,$15,$99,$-12,$-20,$-15,$-3,$86,$-19,$-1,$-15,$0,$0,$0,$0,$-35,$0,$75,$75,$-59,$-59,$0,$4,$20,$64,$3,$0
23,2012-12-31,93.1,$20.80,4.48,$46.34,2.01,$9.43,9.87,$5.62,16.57,$1.14B,$0.41B,2.81,$0.08B,$1.24B,0.06,$2.86B,$1.61B,56.23%,$2.86B,$0.49B,17.11%,$2.86B,$0.49B,17.11%,$2.86B,$0.55B,19.38%,$2.86B,$0.49B,17.25%,$2.86B,$0.34B,12.00%,$0.34B,$1.24B,29.32%,$0.34B,$0.89B,39.10%,$0.34B,$1.84B,19.67%,$0.49B,$1.32B,38.74%,$948,$408,$540,$0,$335,$743,$205,$1,$206,$53,$153,$153,$151,$223,$205,$61,61,$2.49,$2.48,$177,$506,$0,$1144,$335,$7,$355,$0,$698,$1842,$407,$75,$31,$195,$602,$1,$1066,$29,$1240,$1842,$354,$66,$14,$79,$-43,$11,$-7,$38,$18,$452,$-112,$-10,$-229,$0,$0,$0,$7,$-345,$0,$56,$56,$-265,$-265,$0,$-11,$-220,$-110,$19,$0
24,2012-09-30,84.7,$19.28,4.39,$43.90,1.93,$6.45,13.13,$4.98,17.01,$1.18B,$0.39B,3.05,$0.18B,$1.16B,0.15,$2.74B,$1.53B,55.93%,$2.74B,$0.46B,16.71%,$2.74B,$0.46B,16.71%,$2.74B,$0.52B,18.97%,$2.74B,$0.46B,16.64%,$2.74B,$0.31B,11.31%,$0.31B,$1.16B,27.21%,$0.31B,$0.81B,34.23%,$0.31B,$1.85B,18.30%,$0.46B,$1.34B,37.73%,$684,$303,$382,$0,$268,$571,$113,$1,$114,$34,$80,$80,$77,$130,$113,$61,61,$1.27,$1.26,$143,$589,$0,$1175,$318,$8,$350,$0,$676,$1851,$386,$179,$27,$302,$688,$1,$979,$28,$1163,$1851,$201,$47,$-2,$45,$41,$-78,$-29,$-2,$-78,$169,$-60,$-5,$-229,$0,$0,$0,$7,$-287,$0,$164,$164,$-200,$-200,$0,$7,$-30,$-145,$13,$0
25,2012-06-30,76.54,$18.67,4.1,$42.75,1.79,$5.19,14.74,$4.81,15.91,$1.05B,$0.32B,3.24,$0.11B,$1.15B,0.09,$2.70B,$1.51B,55.96%,$2.70B,$0.46B,17.19%,$2.70B,$0.46B,17.19%,$2.70B,$0.52B,19.30%,$2.70B,$0.45B,16.81%,$2.70B,$0.30B,11.22%,$0.30B,$1.15B,27.17%,$0.30B,$0.80B,32.22%,$0.30B,$1.71B,18.76%,$0.46B,$1.25B,40.48%,$636,$280,$356,$0,$268,$548,$88,$-0,$88,$28,$60,$60,$57,$103,$88,$62,62,$0.93,$0.92,$139,$524,$0,$1051,$301,$8,$350,$0,$659,$1710,$324,$106,$26,$241,$565,$1,$980,$18,$1145,$1710,$121,$30,$-7,$24,$100,$-21,$-42,$-4,$-9,$136,$-30,$-5,$-229,$0,$0,$0,$1,$-263,$0,$94,$94,$-123,$-123,$0,$6,$-23,$-149,$8,$0
26,2012-03-31,131.98,$18.32,7.2,$41.18,3.2,$4.64,28.46,$4.69,28.14,$1.16B,$0.30B,3.9,$0.01B,$1.13B,0.01,$2.62B,$1.47B,55.97%,$2.62B,$0.46B,17.63%,$2.62B,$0.46B,17.63%,$2.62B,$0.52B,19.76%,$2.62B,$0.45B,17.09%,$2.62B,$0.30B,11.33%,$0.30B,$1.13B,27.24%,$0.30B,$1.02B,30.43%,$0.30B,$1.57B,19.03%,$0.46B,$1.14B,42.15%,$590,$261,$329,$0,$246,$507,$83,$2,$85,$24,$61,$61,$58,$98,$83,$62,62,$0.94,$0.93,$261,$512,$0,$1157,$289,$8,$117,$0,$414,$1571,$297,$8,$27,$142,$439,$1,$961,$31,$1132,$1571,$61,$15,$-7,$8,$88,$-19,$-45,$-6,$-34,$35,$-10,$-0,$0,$0,$0,$0,$-0,$-10,$0,$4,$4,$-64,$-64,$0,$6,$-54,$-27,$3,$0
27,2011-12-31,79.36,$17.97,4.42,$40.02,1.98,$4.90,16.21,$4.62,17.18,$1.24B,$0.39B,3.16,$0.01B,$1.12B,0.01,$2.57B,$1.44B,56.07%,$2.57B,$0.47B,18.38%,$2.57B,$0.47B,18.38%,$2.57B,$0.52B,20.40%,$2.57B,$0.45B,17.60%,$2.57B,$0.30B,11.49%,$0.30B,$1.12B,27.69%,$0.30B,$1.00B,30.91%,$0.30B,$1.64B,19.34%,$0.47B,$1.12B,44.11%,$831,$365,$466,$0,$292,$656,$174,$-6,$169,$46,$123,$123,$118,$189,$174,$63,64,$1.88,$1.86,$288,$489,$0,$1235,$282,$8,$118,$0,$408,$1643,$391,$6,$25,$135,$526,$1,$1385,$22,$1117,$1643,$307,$52,$39,$91,$-44,$-123,$13,$-34,$-148,$251,$-88,$-22,$0,$-0,$8,$8,$-8,$-110,$0,$4,$4,$-255,$-255,$0,$1,$-250,$-105,$15,$0
28,2011-09-30,81.06,$16.97,4.78,$37.39,2.17,$4.76,17.03,$4.21,19.25,$1.15B,$0.36B,3.18,$0.00B,$1.07B,0.0,$2.44B,$1.37B,56.36%,$2.44B,$0.45B,18.38%,$2.44B,$0.45B,18.38%,$2.44B,$0.50B,20.30%,$2.44B,$0.44B,17.97%,$2.44B,$0.27B,11.24%,$0.27B,$1.07B,26.12%,$0.27B,$0.95B,29.08%,$0.27B,$1.54B,18.50%,$0.45B,$1.07B,42.54%,$643,$283,$360,$0,$241,$524,$119,$-7,$112,$39,$73,$73,$70,$131,$119,$63,64,$1.10,$1.09,$240,$512,$0,$1150,$265,$7,$114,$0,$386,$1536,$362,$4,$25,$107,$469,$1,$1267,$28,$1067,$1536,$185,$38,$19,$57,$-11,$-144,$9,$-11,$-159,$83,$-49,$-14,$0,$-0,$0,$-0,$-7,$-70,$0,$6,$6,$-188,$-188,$0,$6,$-177,$-162,$11,$0
29,2011-06-30,117.72,$16.52,7.13,$35.03,3.36,$4.38,26.85,$4.12,28.57,$1.15B,$0.35B,3.33,$0.01B,$1.05B,0.01,$2.32B,$1.31B,56.62%,$2.32B,$0.44B,18.97%,$2.32B,$0.44B,18.97%,$2.32B,$0.49B,20.91%,$2.32B,$0.44B,18.84%,$2.32B,$0.27B,11.73%,$0.27B,$1.05B,25.90%,$0.27B,$0.94B,28.73%,$0.27B,$1.49B,18.68%,$0.44B,$1.05B,41.73%,$557,$245,$312,$0,$226,$470,$86,$-5,$82,$28,$54,$54,$51,$100,$86,$63,64,$0.81,$0.80,$332,$451,$0,$1151,$227,$8,$108,$0,$343,$1494,$345,$5,$25,$103,$448,$1,$1197,$42,$1045,$1494,$112,$25,$7,$32,$50,$-67,$9,$-35,$-61,$83,$-9,$-6,$0,$-0,$0,$-0,$0,$-16,$0,$3,$3,$-148,$-148,$0,$6,$-139,$-69,$6,$0
30,2011-03-31,93.65,$16.21,5.78,$32.39,2.89,$4.01,23.37,$4.12,22.73,$1.09B,$0.31B,3.55,$0.01B,$1.03B,0.0,$2.18B,$1.24B,56.92%,$2.18B,$0.42B,19.22%,$2.18B,$0.42B,19.22%,$2.18B,$0.46B,21.10%,$2.18B,$0.42B,19.31%,$2.18B,$0.28B,12.64%,$0.28B,$1.03B,26.23%,$0.28B,$0.93B,29.04%,$0.28B,$1.43B,19.49%,$0.42B,$1.04B,39.72%,$537,$235,$302,$0,$209,$444,$93,$-3,$89,$31,$58,$58,$56,$104,$93,$64,65,$0.87,$0.86,$355,$403,$0,$1089,$224,$10,$104,$0,$338,$1427,$307,$5,$15,$89,$396,$1,$1146,$33,$1032,$1427,$58,$11,$2,$13,$51,$-23,$-15,$-7,$-18,$53,$-10,$-2,$0,$-0,$0,$-0,$0,$-12,$0,$-0,$-0,$-91,$-91,$0,$1,$-90,$-46,$1,$0
31,2010-12-31,70.48,$16.26,4.33,$29.89,2.36,$4.06,17.34,$3.79,18.6,$1.14B,$0.34B,3.36,$0.01B,$1.05B,0.0,$2.03B,$1.16B,56.87%,$2.03B,$0.38B,18.51%,$2.03B,$0.38B,18.51%,$2.03B,$0.42B,20.48%,$2.03B,$0.39B,18.96%,$2.03B,$0.26B,12.56%,$0.26B,$1.05B,24.51%,$0.26B,$0.95B,27.13%,$0.26B,$1.47B,18.58%,$0.38B,$1.06B,36.00%,$701,$301,$400,$0,$251,$552,$150,$5,$155,$55,$100,$100,$97,$160,$150,$67,68,$1.46,$1.44,$402,$372,$0,$1141,$217,$9,$100,$0,$327,$1468,$339,$5,$15,$76,$416,$1,$1090,$19,$1052,$1468,$265,$41,$41,$82,$-86,$-116,$18,$-14,$-137,$209,$-46,$-0,$0,$0,$-0,$-0,$-1,$-48,$0,$1,$1,$-176,$-176,$0,$4,$-171,$-12,$11,$0
32,2010-09-30,53.79,$16.18,3.33,$27.40,1.96,$5.06,10.64,$3.36,16.01,$1.11B,$0.29B,3.79,$0.00B,$1.07B,0.0,$1.86B,$1.05B,56.67%,$1.86B,$0.33B,17.98%,$1.86B,$0.33B,17.98%,$1.86B,$0.38B,20.18%,$1.86B,$0.34B,18.25%,$1.86B,$0.23B,12.27%,$0.23B,$1.07B,22.36%,$0.23B,$0.97B,24.84%,$0.23B,$1.44B,17.21%,$0.33B,$1.08B,32.63%,$524,$225,$299,$0,$187,$413,$111,$-0,$111,$40,$71,$71,$68,$121,$111,$67,68,$1.02,$1.00,$372,$388,$0,$1110,$216,$9,$101,$0,$325,$1435,$293,$4,$13,$70,$363,$1,$993,$27,$1072,$1435,$165,$30,$31,$61,$-67,$-140,$9,$-11,$-184,$43,$-32,$-0,$0,$-0,$0,$-0,$-1,$-33,$0,$-0,$-0,$-61,$-61,$0,$2,$-59,$-43,$8,$0
33,2010-06-30,34.7,$15.42,2.25,$25.35,1.37,$6.75,5.14,$2.88,12.05,$1.01B,$0.22B,4.66,$0.00B,$1.04B,0.0,$1.72B,$0.97B,56.27%,$1.72B,$0.28B,16.33%,$1.72B,$0.28B,16.33%,$1.72B,$0.32B,18.72%,$1.72B,$0.28B,16.56%,$1.72B,$0.20B,11.37%,$0.20B,$1.04B,20.03%,$0.20B,$0.94B,22.41%,$0.20B,$1.31B,15.44%,$0.28B,$1.04B,28.63%,$413,$176,$237,$0,$173,$348,$64,$0,$65,$8,$57,$57,$54,$74,$64,$67,68,$0.81,$0.80,$443,$297,$0,$1005,$202,$8,$99,$0,$309,$1314,$216,$4,$13,$61,$277,$1,$925,$9,$1037,$1314,$94,$20,$21,$41,$44,$-50,$-16,$-18,$-64,$71,$-18,$-2,$0,$-0,$0,$-0,$0,$-20,$0,$-0,$-0,$-2,$-2,$0,$-1,$-3,$29,$5,$0
34,2010-03-31,37.74,$14.86,2.54,$24.01,1.57,$7.47,5.05,$2.33,16.2,$0.96B,$0.21B,4.51,$0.00B,$1.00B,0.0,$1.62B,$0.90B,55.32%,$1.62B,$0.24B,14.71%,$1.62B,$0.24B,14.71%,$1.62B,$0.28B,17.31%,$1.62B,$0.25B,15.20%,$1.62B,$0.16B,9.77%,$0.16B,$1.00B,17.09%,$0.16B,$0.90B,19.29%,$0.16B,$1.27B,13.12%,$0.24B,$1.01B,25.61%,$393,$174,$219,$0,$168,$342,$51,$2,$54,$16,$38,$38,$36,$61,$51,$67,68,$0.54,$0.53,$458,$250,$0,$957,$207,$9,$102,$0,$318,$1274,$212,$4,$12,$61,$273,$1,$871,$22,$1001,$1274,$38,$10,$4,$14,$43,$-3,$-16,$-3,$3,$55,$-6,$-0,$0,$-0,$0,$-0,$0,$-6,$0,$-0,$-0,$7,$7,$0,$0,$7,$45,$2,$0
35,2009-12-31,33.56,$15.20,2.21,$23.06,1.46,$7.31,4.59,$2.06,16.29,$0.95B,$0.25B,3.86,$0.01B,$0.97B,0.01,$1.55B,$0.85B,54.59%,$1.55B,$0.21B,13.63%,$1.55B,$0.21B,13.63%,$1.55B,$0.25B,16.34%,$1.55B,$0.22B,14.21%,$1.55B,$0.14B,8.98%,$0.14B,$0.97B,15.83%,$0.14B,$0.86B,18.01%,$0.14B,$1.28B,12.11%,$0.21B,$0.97B,23.90%,$528,$230,$298,$0,$190,$420,$108,$1,$109,$37,$72,$72,$70,$119,$108,$67,67,$1.05,$1.04,$413,$246,$0,$946,$212,$14,$104,$0,$330,$1276,$245,$5,$12,$63,$308,$1,$835,$34,$968,$1276,$144,$41,$16,$58,$-4,$45,$6,$8,$64,$266,$-38,$-0,$0,$-0,$0,$-0,$0,$-38,$0,$-2,$-2,$4,$4,$0,$-2,$0,$233,$7,$0
36,2009-09-30,28.45,$13.31,2.14,$22.00,1.29,$4.58,6.21,$1.72,16.54,$0.86B,$0.23B,3.72,$0.01B,$0.89B,0.01,$1.48B,$0.79B,53.17%,$1.48B,$0.16B,10.85%,$1.48B,$0.16B,10.85%,$1.48B,$0.20B,13.61%,$1.48B,$0.16B,10.92%,$1.48B,$0.12B,7.75%,$0.12B,$0.89B,13.74%,$0.12B,$0.78B,15.72%,$0.12B,$1.19B,10.45%,$0.16B,$0.89B,19.12%,$381,$171,$211,$0,$153,$324,$57,$-2,$56,$19,$37,$37,$35,$67,$57,$67,67,$0.53,$0.52,$307,$280,$0,$855,$212,$13,$108,$0,$333,$1187,$230,$5,$10,$69,$299,$1,$765,$31,$888,$1187,$73,$30,$16,$46,$26,$9,$8,$1,$35,$153,$-28,$-1,$0,$0,$-1,$-1,$0,$-31,$0,$-2,$-2,$2,$2,$0,$-3,$-3,$126,$5,$0
37,2009-06-30,24.08,$12.63,1.91,$22.36,1.08,$2.40,10.02,$1.74,13.84,$0.75B,$0.15B,4.87,$0.00B,$0.84B,0.01,$1.51B,$0.80B,53.01%,$1.51B,$0.17B,11.10%,$1.51B,$0.17B,11.10%,$1.51B,$0.21B,13.75%,$1.51B,$0.17B,11.04%,$1.51B,$0.12B,7.67%,$0.12B,$0.84B,14.37%,$0.12B,$0.73B,16.52%,$0.12B,$1.08B,10.76%,$0.17B,$0.85B,20.70%,$316,$149,$167,$0,$145,$293,$22,$4,$27,$10,$17,$17,$17,$33,$22,$67,67,$0.25,$0.25,$272,$250,$0,$751,$208,$12,$108,$0,$328,$1079,$154,$4,$9,$83,$237,$1,$729,$24,$842,$1079,$36,$20,$7,$27,$75,$38,$-27,$-4,$53,$116,$-16,$-3,$0,$0,$-1,$-1,$0,$-20,$0,$-2,$-2,$1,$1,$0,$-3,$-4,$92,$4,$0
38,2009-03-31,15.7,$12.22,1.28,$22.77,0.69,$1.03,15.22,$1.85,8.49,$0.73B,$0.16B,4.72,$0.00B,$0.81B,0.01,$1.55B,$0.83B,53.23%,$1.55B,$0.18B,11.68%,$1.55B,$0.18B,11.68%,$1.55B,$0.22B,14.13%,$1.55B,$0.17B,11.23%,$1.55B,$0.12B,8.00%,$0.12B,$0.81B,15.66%,$0.12B,$0.71B,18.04%,$0.12B,$1.05B,11.48%,$0.18B,$0.82B,22.74%,$323,$154,$169,$0,$146,$299,$24,$5,$28,$10,$18,$18,$17,$34,$24,$67,67,$0.26,$0.26,$203,$285,$0,$731,$203,$10,$104,$0,$317,$1049,$155,$4,$9,$79,$234,$1,$713,$15,$814,$1049,$18,$10,$3,$13,$53,$4,$-25,$9,$11,$43,$-5,$-3,$0,$0,$-1,$-1,$0,$-9,$0,$-0,$-0,$0,$0,$0,$-2,$-2,$23,$1,$0
39,2008-12-31,16.7,$12.11,1.38,$23.04,0.72,$0.37,45.38,$2.02,8.27,$0.76B,$0.21B,3.69,$0.01B,$0.81B,0.01,$1.58B,$0.85B,53.70%,$1.58B,$0.21B,13.01%,$1.58B,$0.21B,13.01%,$1.58B,$0.24B,15.35%,$1.58B,$0.20B,12.32%,$1.58B,$0.14B,8.65%,$0.14B,$0.81B,17.61%,$0.14B,$0.70B,20.34%,$0.14B,$1.09B,12.62%,$0.21B,$0.81B,26.34%,$464,$222,$242,$0,$184,$406,$58,$-7,$51,$4,$47,$47,$46,$68,$58,$68,68,$0.70,$0.69,$178,$292,$0,$763,$207,$13,$103,$0,$324,$1087,$207,$5,$9,$75,$282,$1,$695,$24,$805,$1087,$142,$38,$24,$61,$18,$-46,$-19,$-1,$-94,$109,$-63,$-24,$0,$5,$0,$5,$0,$-82,$0,$-6,$-6,$-101,$-101,$0,$-6,$-113,$-83,$7,$0
40,2008-09-30,28.23,$11.46,2.46,$22.83,1.24,$1.03,27.41,$2.08,13.57,$0.78B,$0.25B,3.1,$0.00B,$0.77B,0.0,$1.58B,$0.86B,54.11%,$1.58B,$0.23B,14.54%,$1.58B,$0.23B,14.54%,$1.58B,$0.27B,16.81%,$1.58B,$0.23B,14.60%,$1.58B,$0.14B,9.10%,$0.14B,$0.77B,18.71%,$0.14B,$0.66B,21.61%,$0.14B,$1.10B,13.15%,$0.23B,$0.77B,29.74%,$410,$186,$224,$0,$160,$346,$64,$-3,$61,$23,$38,$38,$36,$73,$64,$67,68,$0.54,$0.54,$125,$332,$0,$779,$201,$14,$105,$0,$320,$1098,$252,$3,$11,$79,$330,$1,$659,$28,$768,$1098,$96,$28,$5,$33,$1,$-87,$1,$-11,$-110,$18,$-41,$-13,$0,$6,$-2,$5,$0,$-49,$0,$-6,$-6,$-91,$-91,$0,$-4,$-101,$-137,$5,$0
41,2008-06-30,29.07,$11.45,2.54,$21.91,1.33,$1.65,17.6,$1.97,14.76,$0.77B,$0.22B,3.42,$0.00B,$0.78B,0.01,$1.53B,$0.82B,53.49%,$1.53B,$0.21B,13.98%,$1.53B,$0.21B,13.98%,$1.53B,$0.25B,16.33%,$1.53B,$0.22B,14.37%,$1.53B,$0.14B,9.01%,$0.14B,$0.78B,18.28%,$0.14B,$0.68B,21.10%,$0.14B,$1.09B,12.81%,$0.21B,$0.78B,28.21%,$353,$163,$190,$0,$155,$318,$35,$-1,$34,$7,$27,$27,$25,$44,$35,$68,69,$0.37,$0.36,$212,$285,$0,$765,$200,$15,$106,$0,$320,$1085,$224,$4,$10,$81,$305,$1,$654,$46,$780,$1085,$58,$18,$9,$27,$53,$-40,$-18,$-9,$-52,$33,$-24,$-5,$0,$0,$5,$5,$0,$-25,$0,$-6,$-6,$-59,$-59,$0,$-4,$-69,$-50,$3,$0
42,2008-03-31,30.54,$11.12,2.75,$21.19,1.44,$2.05,14.9,$1.82,16.78,$0.76B,$0.24B,3.19,$0.00B,$0.76B,0.01,$1.48B,$0.78B,52.56%,$1.48B,$0.20B,13.61%,$1.48B,$0.20B,13.61%,$1.48B,$0.24B,15.97%,$1.48B,$0.21B,14.08%,$1.48B,$0.13B,8.63%,$0.13B,$0.76B,17.72%,$0.13B,$0.65B,20.51%,$0.13B,$1.07B,12.37%,$0.20B,$0.76B,27.86%,$356,$162,$194,$0,$145,$307,$49,$-0,$49,$18,$31,$31,$30,$58,$49,$69,70,$0.44,$0.43,$205,$265,$0,$760,$192,$15,$105,$0,$312,$1073,$238,$4,$9,$76,$314,$1,$637,$45,$759,$1073,$31,$9,$5,$14,$27,$-20,$-22,$-3,$-43,$2,$-9,$-4,$0,$0,$5,$5,$0,$-8,$0,$-6,$-6,$-51,$-51,$0,$-5,$-62,$-58,$1,$0
43,2007-12-31,41.98,$11.07,3.79,$20.48,2.05,$2.19,19.17,$1.75,23.99,$0.83B,$0.28B,2.96,$0.00B,$0.77B,0.0,$1.43B,$0.74B,51.78%,$1.43B,$0.19B,12.98%,$1.43B,$0.19B,12.98%,$1.43B,$0.22B,15.35%,$1.43B,$0.19B,13.54%,$1.43B,$0.12B,8.58%,$0.12B,$0.77B,17.83%,$0.12B,$0.67B,20.67%,$0.12B,$1.12B,12.49%,$0.19B,$0.78B,26.89%,$463,$215,$248,$0,$166,$381,$82,$5,$87,$29,$58,$58,$53,$91,$82,$68,70,$0.77,$0.75,$268,$248,$0,$825,$186,$14,$98,$0,$298,$1123,$278,$3,$8,$73,$351,$1,$646,$36,$772,$1123,$128,$33,$-14,$19,$-76,$-20,$28,$-20,$-15,$132,$-38,$-7,$-2,$-6,$0,$-6,$0,$-53,$0,$1,$1,$13,$13,$0,$16,$30,$122,$6,$0
44,2007-09-30,37.36,$10.20,3.66,$19.58,1.91,$2.28,16.39,$1.51,24.74,$0.74B,$0.25B,2.97,$0.00B,$0.71B,0.01,$1.36B,$0.70B,51.07%,$1.36B,$0.16B,11.83%,$1.36B,$0.16B,11.83%,$1.36B,$0.20B,14.33%,$1.36B,$0.16B,11.98%,$1.36B,$0.11B,7.71%,$0.11B,$0.71B,16.22%,$0.11B,$0.61B,18.93%,$0.11B,$1.03B,11.44%,$0.16B,$0.71B,24.83%,$359,$172,$187,$0,$139,$310,$48,$1,$50,$19,$30,$30,$30,$57,$48,$68,70,$0.45,$0.43,$193,$266,$0,$740,$178,$13,$96,$0,$287,$1027,$249,$3,$8,$70,$319,$1,$593,$30,$708,$1027,$70,$24,$-3,$21,$-47,$-41,$27,$-19,$-46,$45,$-24,$-5,$-1,$0,$-2,$-2,$0,$-32,$0,$3,$3,$19,$19,$0,$7,$30,$51,$4,$0
45,2007-06-30,29.49,$9.54,3.09,$18.84,1.57,$1.84,16.03,$1.39,21.22,$0.64B,$0.21B,3.11,$0.00B,$0.65B,0.0,$1.30B,$0.66B,50.38%,$1.30B,$0.15B,11.21%,$1.30B,$0.15B,11.21%,$1.30B,$0.18B,13.75%,$1.30B,$0.15B,11.14%,$1.30B,$0.10B,7.45%,$0.10B,$0.65B,15.89%,$0.10B,$0.56B,18.66%,$0.10B,$0.92B,11.13%,$0.15B,$0.65B,23.91%,$306,$156,$151,$0,$127,$283,$23,$0,$23,$9,$15,$15,$15,$31,$23,$68,70,$0.22,$0.21,$178,$238,$0,$637,$172,$12,$95,$0,$279,$915,$205,$0,$8,$61,$265,$1,$563,$26,$650,$915,$40,$16,$3,$18,$7,$-11,$1,$-13,$-10,$48,$-12,$-4,$-1,$0,$-1,$-1,$0,$-18,$0,$-2,$-2,$5,$5,$0,$-1,$2,$36,$2,$0
46,2007-03-31,26.47,$9.26,2.86,$18.24,1.45,$1.26,20.97,$1.34,19.75,$0.60B,$0.19B,3.18,$0.00B,$0.63B,0.0,$1.26B,$0.63B,50.36%,$1.26B,$0.14B,11.08%,$1.26B,$0.14B,11.08%,$1.26B,$0.17B,13.71%,$1.26B,$0.14B,11.00%,$1.26B,$0.09B,7.41%,$0.09B,$0.63B,15.99%,$0.09B,$0.54B,18.87%,$0.09B,$0.88B,11.05%,$0.14B,$0.63B,23.90%,$305,$149,$156,$0,$124,$272,$33,$1,$34,$9,$25,$25,$25,$41,$33,$68,69,$0.37,$0.36,$149,$236,$0,$602,$170,$12,$91,$0,$273,$875,$189,$0,$8,$56,$245,$1,$550,$24,$630,$875,$25,$8,$-1,$7,$7,$-10,$-11,$-9,$-25,$7,$-4,$-0,$0,$0,$-0,$-0,$0,$-5,$0,$-0,$-0,$4,$4,$0,$-1,$3,$8,$0,$0
47,2006-12-31,22.58,$8.88,2.54,$17.66,1.28,$1.11,20.43,$1.12,20.16,$0.58B,$0.22B,2.6,$0.00B,$0.60B,0.0,$1.21B,$0.61B,50.16%,$1.21B,$0.12B,10.13%,$1.21B,$0.12B,10.13%,$1.21B,$0.16B,12.85%,$1.21B,$0.12B,9.80%,$1.21B,$0.08B,6.43%,$0.08B,$0.60B,14.10%,$0.08B,$0.51B,16.74%,$0.08B,$0.85B,9.58%,$0.12B,$0.60B,22.23%,$391,$190,$201,$0,$144,$334,$57,$-1,$56,$21,$35,$35,$35,$66,$57,$67,69,$0.52,$0.52,$140,$228,$0,$581,$171,$11,$89,$0,$272,$853,$223,$0,$8,$27,$250,$1,$529,$20,$602,$853,$78,$32,$-6,$26,$-19,$18,$-6,$5,$45,$148,$-51,$-3,$-7,$-0,$0,$-0,$0,$-61,$0,$2,$2,$-21,$-21,$0,$-1,$-20,$75,$5,$0
