,Date,Stock Price,Book Value per Share,Price to Book Ratio,TTM Sales per Share,Price to Sales Ratio,TTM FCF per Share,Price to FCF Ratio,TTM Net EPS,PE Ratio,Current Assets,Current Liabilities,Current Ratio,Long Term Debt,Shareholder's Equity_x,Debt to Equity Ratio,TTM Revenue_x,TTM Gross Profit,Gross Margin,TTM Revenue_y,TTM Operating Income,Operating Margin,TTM Revenue_x,TTM EBIT,EBIT Margin,TTM Revenue_y,TTM EBITDA,EBITDA Margin,TTM Revenue_x,TTM Pre-Tax Income,Pre-Tax Margin,TTM Revenue_y,TTM Net Income_x,Net Margin,TTM Net Income_y,Shareholder's Equity_y,Return on Equity,TTM Net Income_x,Tangible Equity,Return on Tangible Equity,TTM Net Income_y,Total Assets,Return on Assets,TTM Net Income,LT Investments & Debt,Return on Investment,revenue,cost-goods-sold,gross-profit,research-development-expenses,selling-general-administrative-expenses,operating-expenses,operating-income,total-non-operating-income-expense,pre-tax-income,total-provision-income-taxes,income-after-taxes,income-from-continuous-operations,net-income,ebitda,ebit,basic-shares-outstanding,shares-outstanding,eps-basic-net-earnings-per-share,eps-earnings-per-share-diluted,cash-on-hand,inventory,other-current-assets,total-current-assets,net-property-plant-equipment,long-term-investments,goodwill-intangible-assets-total,other-long-term-assets,total-long-term-assets,total-assets,total-current-liabilities,long-term-debt,other-non-current-liabilities,total-long-term-liabilities,total-liabilities,common-stock-net,retained-earnings-accumulated-deficit,comprehensive-income,total-share-holder-equity,total-liabilities-share-holders-equity,net-income-loss,total-depreciation-amortization-cash-flow,other-non-cash-items,total-non-cash-items,change-in-accounts-receivable,change-in-inventories,change-in-accounts-payable,change-in-assets-liabilities,total-change-in-assets-liabilities,cash-flow-from-operating-activities,net-change-in-property-plant-equipment,net-change-in-intangible-assets,net-acquisitions-divestitures,net-change-in-short-term-investments,net-change-in-long-term-investments,net-change-in-investments-total,investing-activities-other,cash-flow-from-investing-activities,net-long-term-debt,net-current-debt,debt-issuance-retirement-net-total,net-common-equity-issued-repurchased,net-total-equity-issued-repurchased,total-common-preferred-stock-dividends-paid,financial-activities-other,cash-flow-from-financial-activities,net-cash-flow,stock-based-compensation,common-stock-dividends-paid
0,2018-09-30,46.33,$11.82,3.92,$16.45,2.82,$3.38,13.7,$2.63,17.62,$19.13B,$7.80B,2.45,$18.38B,$21.92B,0.84,$30.58B,$10.76B,35.20%,$30.58B,$6.39B,20.89%,$30.58B,$6.39B,20.89%,$30.58B,$7.05B,23.05%,$30.58B,$4.60B,15.04%,$30.58B,$4.89B,16.01%,$4.89B,$21.92B,23.71%,$4.89B,$3.14B,282.28%,$4.89B,$54.51B,9.10%,$6.39B,$40.30B,16.27%,$7177,$4424,$2753,$0,$890,$5488,$1689,$-205,$1484,$126,$1358,$1358,$1285,$1857,$1689,$1854,1863,$0.69,$0.69,$7083,$3804,$915,$19128,$1949,$4640,$18787,$1356,$35384,$54512,$7802,$18379,$3907,$24786,$32588,$19,$10499,$-2354,$21924,$54512,$1351,$168,$20,$188,$37,$-725,$0,$77,$-907,$580,$-100,$0,$29,$0,$-141,$-141,$-253,$-465,$-268,$0,$-268,$0,$0,$-94,$-184,$-546,$-539,$19,$-94
1,2018-06-30,49.69,$11.23,4.43,$16.38,3.03,$3.48,14.26,$2.40,20.7,$19.33B,$8.24B,2.35,$18.47B,$20.80B,0.89,$30.40B,$10.63B,34.97%,$30.40B,$6.31B,20.75%,$30.40B,$6.31B,20.75%,$30.40B,$6.96B,22.89%,$30.40B,$4.41B,14.51%,$30.40B,$4.46B,14.68%,$4.46B,$20.80B,22.83%,$4.46B,$1.93B,781.10%,$4.46B,$53.83B,8.40%,$6.31B,$39.27B,16.44%,$7941,$5047,$2894,$0,$997,$6213,$1728,$-647,$1081,$93,$988,$988,$920,$1895,$1728,$1852,1857,$0.50,$0.49,$7622,$3669,$922,$19333,$1956,$4112,$18869,$1319,$34498,$53831,$8244,$18469,$3664,$24789,$33033,$19,$8934,$-2001,$20798,$53831,$4762,$653,$-242,$411,$-801,$-422,$0,$-674,$-1496,$4227,$-551,$0,$358,$0,$-444,$-444,$-540,$-1177,$-403,$0,$-403,$0,$0,$-993,$-68,$-1464,$1459,$204,$-993
2,2018-03-31,36.69,$10.92,3.36,$15.74,2.33,$3.35,10.97,$2.17,16.91,$18.66B,$9.10B,2.05,$18.46B,$20.22B,0.91,$29.21B,$10.04B,34.38%,$29.21B,$5.77B,19.74%,$29.21B,$5.77B,19.74%,$29.21B,$6.41B,21.96%,$29.21B,$4.14B,14.19%,$29.21B,$4.02B,13.76%,$4.02B,$20.22B,21.63%,$4.02B,$1.26B,-776.44%,$4.02B,$53.98B,7.67%,$5.77B,$38.68B,15.32%,$7420,$4581,$2839,$0,$959,$5719,$1701,$-370,$1331,$370,$961,$961,$858,$1860,$1701,$1853,1858,$0.46,$0.46,$7372,$3645,$739,$18661,$1861,$4256,$18968,$1494,$35317,$53978,$9099,$18459,$3798,$24656,$33755,$19,$8121,$-1699,$20223,$53978,$3779,$486,$-876,$-390,$-599,$-1003,$0,$-229,$-1471,$2202,$-343,$0,$365,$0,$-325,$-325,$-117,$-420,$71,$0,$71,$0,$0,$-579,$-69,$-577,$1209,$166,$-579
3,2017-12-31,34.36,$10.60,3.24,$15.83,2.17,$3.55,9.69,$2.14,16.06,$17.40B,$8.06B,2.16,$19.16B,$19.63B,0.98,$29.35B,$9.94B,33.88%,$29.35B,$5.81B,19.79%,$29.35B,$5.81B,19.79%,$29.35B,$6.45B,21.99%,$29.35B,$4.07B,13.85%,$29.35B,$3.96B,13.50%,$3.96B,$19.63B,22.51%,$3.96B,$0.61B,-248.11%,$3.96B,$52.86B,7.67%,$5.81B,$38.79B,15.71%,$8037,$5760,$2277,$0,$864,$6769,$1268,$-565,$703,$-1218,$1921,$1921,$1831,$1435,$1268,$1853,1855,$0.99,$0.99,$5809,$3132,$907,$17402,$1840,$4364,$19017,$1469,$35456,$52858,$8055,$19163,$3675,$25172,$33227,$19,$7627,$-1649,$19631,$52858,$2836,$327,$-1237,$-910,$-1267,$-417,$0,$-427,$-1723,$504,$-238,$0,$362,$0,$-209,$-209,$-84,$-169,$-129,$0,$-129,$0,$0,$-512,$-50,$-691,$-354,$66,$-512
4,2017-09-30,26.25,$9.48,2.77,$15.64,1.68,$4.00,6.56,$1.61,16.31,$17.00B,$8.18B,2.08,$19.14B,$17.56B,1.09,$29.00B,$10.44B,35.99%,$29.00B,$6.35B,21.89%,$29.00B,$6.35B,21.89%,$29.00B,$6.97B,24.05%,$29.00B,$4.75B,16.37%,$29.00B,$2.99B,10.30%,$2.99B,$17.56B,18.01%,$2.99B,$-1.51B,-110.59%,$2.99B,$52.03B,5.89%,$6.35B,$36.70B,17.57%,$7002,$4381,$2621,$0,$848,$5392,$1610,$-315,$1295,$391,$904,$904,$855,$1770,$1610,$1852,1853,$0.46,$0.46,$6901,$2856,$622,$16998,$1779,$4066,$19068,$1414,$35030,$52028,$8176,$19142,$3654,$26296,$34472,$19,$5816,$-1876,$17556,$52028,$920,$160,$-34,$126,$-287,$-183,$0,$200,$-370,$748,$-81,$0,$362,$0,$-101,$-101,$-29,$151,$-67,$0,$-67,$0,$0,$-67,$-32,$-166,$738,$27,$-67
5,2017-06-30,28.01,$9.15,3.06,$15.35,1.82,$4.15,6.75,$1.59,17.62,$16.43B,$7.39B,2.23,$19.46B,$16.94B,1.15,$28.50B,$10.41B,36.51%,$28.50B,$6.24B,21.89%,$28.50B,$6.24B,21.89%,$28.50B,$6.86B,24.06%,$28.50B,$4.69B,16.45%,$28.50B,$2.95B,10.36%,$2.95B,$16.94B,18.51%,$2.95B,$-2.43B,-86.27%,$2.95B,$50.87B,5.92%,$6.24B,$36.39B,17.59%,$6748,$4443,$2305,$0,$874,$5562,$1186,$-371,$815,$258,$557,$557,$476,$1348,$1186,$1854,1856,$0.26,$0.26,$6163,$3101,$545,$16434,$1781,$3902,$19366,$1394,$34438,$50872,$7386,$19456,$3616,$26548,$33934,$19,$5315,$-2018,$16938,$50872,$3226,$618,$801,$1419,$-441,$-1030,$0,$73,$-1177,$3795,$-377,$0,$-75,$0,$-128,$-128,$-172,$-752,$345,$0,$345,$-620,$-620,$-943,$-73,$-1291,$1739,$126,$-943
6,2017-03-31,32.01,$8.78,3.65,$15.13,2.12,$3.79,8.46,$1.63,19.64,$16.74B,$7.46B,2.25,$19.79B,$16.25B,1.22,$28.40B,$10.23B,36.02%,$28.40B,$6.04B,21.26%,$28.40B,$6.04B,21.26%,$28.40B,$6.65B,23.43%,$28.40B,$4.42B,15.56%,$28.40B,$3.04B,10.72%,$3.04B,$16.25B,19.71%,$3.04B,$-3.06B,-76.61%,$3.04B,$50.68B,6.19%,$6.04B,$36.04B,17.31%,$7564,$4824,$2740,$0,$817,$5818,$1746,$-494,$1252,$370,$882,$882,$799,$1901,$1746,$1851,1853,$0.43,$0.43,$5572,$3418,$529,$16738,$1691,$3679,$19312,$1001,$33946,$50684,$7456,$19789,$3826,$26976,$34432,$19,$4919,$-2195,$16252,$50684,$2694,$456,$498,$954,$-1146,$-966,$0,$364,$-1462,$2427,$-202,$0,$0,$0,$-18,$-18,$-148,$-368,$333,$0,$333,$-619,$-619,$-522,$-72,$-880,$1148,$97,$-522
7,2016-12-31,27.55,$8.40,3.28,$14.83,1.86,$3.55,7.75,$1.64,16.8,$15.71B,$6.75B,2.33,$19.81B,$15.56B,1.27,$28.06B,$10.25B,36.51%,$28.06B,$6.01B,21.40%,$28.06B,$6.01B,21.40%,$28.06B,$6.62B,23.58%,$28.06B,$4.56B,16.25%,$28.06B,$3.09B,10.99%,$3.09B,$15.56B,20.22%,$3.09B,$-3.80B,-73.82%,$3.09B,$49.21B,6.32%,$6.01B,$35.37B,17.37%,$7682,$4912,$2770,$0,$792,$5878,$1804,$-419,$1385,$448,$937,$937,$856,$1955,$1804,$1853,1854,$0.46,$0.46,$4530,$3507,$685,$15705,$1657,$3616,$19355,$812,$33502,$49207,$6749,$19813,$3803,$26903,$33652,$19,$4479,$-2382,$15555,$49207,$1824,$301,$364,$665,$-874,$-764,$0,$162,$-1356,$1232,$-117,$0,$0,$0,$-7,$-7,$-126,$-250,$333,$0,$333,$-619,$-619,$-481,$-53,$-820,$106,$62,$-481
8,2016-09-30,23.8,$8.11,2.93,$14.45,1.65,$3.02,7.87,$1.52,15.66,$14.92B,$7.42B,2.01,$19.03B,$15.06B,1.26,$27.76B,$10.09B,36.37%,$27.76B,$5.79B,20.85%,$27.76B,$5.79B,20.85%,$27.76B,$6.39B,23.03%,$27.76B,$4.34B,15.63%,$27.76B,$2.90B,10.45%,$2.90B,$15.06B,19.03%,$2.90B,$-4.40B,-68.65%,$2.90B,$48.63B,5.98%,$5.79B,$34.09B,16.81%,$6506,$3915,$2591,$0,$815,$5002,$1504,$-267,$1237,$343,$894,$894,$821,$1654,$1504,$1861,1863,$0.44,$0.44,$4681,$3300,$841,$14921,$1669,$3912,$19454,$809,$33705,$48626,$7422,$19034,$3780,$26149,$33571,$19,$3741,$-2185,$15055,$48626,$888,$150,$140,$290,$86,$-294,$0,$31,$-199,$990,$-53,$0,$1,$0,$-6,$-6,$-64,$-122,$-68,$0,$-68,$-467,$-467,$-54,$-29,$-618,$257,$42,$-54
9,2016-06-30,26.38,$7.96,3.31,$13.98,1.89,$2.35,11.22,$1.42,18.58,$14.95B,$7.07B,2.12,$19.13B,$14.88B,1.29,$27.33B,$9.91B,36.25%,$27.33B,$5.67B,20.75%,$27.33B,$5.67B,20.75%,$27.33B,$6.27B,22.96%,$27.33B,$4.15B,15.20%,$27.33B,$2.76B,10.08%,$2.76B,$14.88B,17.72%,$2.76B,$-4.63B,-73.34%,$2.76B,$48.19B,5.69%,$5.67B,$34.01B,16.36%,$6646,$4517,$2129,$0,$700,$5664,$982,$-436,$546,$-60,$606,$606,$567,$1143,$982,$1943,1945,$0.30,$0.30,$4424,$3291,$976,$14949,$1692,$3863,$19510,$1178,$33244,$48193,$7068,$19126,$3678,$26244,$33312,$19,$3575,$-2144,$14881,$48193,$3016,$605,$958,$1563,$-332,$-721,$0,$-765,$-1772,$3142,$-263,$0,$-916,$0,$-182,$-182,$-277,$-1638,$673,$0,$673,$-5194,$-5194,$-821,$-82,$-5424,$-4004,$196,$-821
10,2016-03-31,27.19,$8.17,3.33,$13.47,2.02,$2.37,11.47,$1.16,23.44,$15.62B,$8.28B,1.89,$19.27B,$15.55B,1.24,$26.89B,$10.20B,37.93%,$26.89B,$5.58B,20.74%,$26.89B,$5.58B,20.74%,$26.89B,$6.17B,22.96%,$26.89B,$3.85B,14.31%,$26.89B,$2.28B,8.46%,$2.28B,$15.55B,13.90%,$2.28B,$-3.89B,-82.41%,$2.28B,$49.25B,4.66%,$5.58B,$34.82B,15.75%,$7228,$4472,$2756,$0,$893,$5513,$1715,$-324,$1391,$463,$928,$928,$841,$1866,$1715,$1916,1916,$0.44,$0.44,$4993,$3522,$349,$15620,$1660,$4155,$19439,$805,$33628,$49248,$8276,$19270,$3226,$25422,$33698,$19,$3814,$-1865,$15550,$49248,$2410,$444,$346,$790,$-870,$-814,$0,$134,$-1414,$2012,$-156,$0,$-908,$0,$-87,$-87,$-229,$-1380,$693,$0,$693,$-4245,$-4245,$-465,$11,$-4006,$-3435,$152,$-465
11,2015-12-31,26.35,$8.02,3.28,$12.94,2.04,$2.49,10.57,$1.18,22.33,$14.83B,$7.27B,2.04,$19.25B,$15.50B,1.24,$26.50B,$9.92B,37.45%,$26.50B,$5.40B,20.36%,$26.50B,$5.40B,20.36%,$26.50B,$5.98B,22.58%,$26.50B,$3.97B,14.99%,$26.50B,$2.41B,9.09%,$2.41B,$15.50B,13.98%,$2.41B,$-3.99B,-136.62%,$2.41B,$48.10B,4.88%,$5.40B,$34.75B,14.93%,$7375,$4757,$2618,$0,$903,$5790,$1585,$-421,$1164,$414,$750,$750,$672,$1730,$1585,$1958,1958,$0.34,$0.34,$4293,$3305,$386,$14826,$1668,$4053,$19480,$844,$33270,$48096,$7268,$19251,$3190,$25333,$32601,$19,$3851,$-1939,$15495,$48096,$1485,$293,$55,$348,$-923,$-792,$0,$-141,$-1826,$232,$-92,$0,$-908,$0,$-86,$-86,$-214,$-1300,$685,$0,$685,$-3202,$-3202,$-419,$-51,$-2987,$-4135,$119,$-419
12,2015-09-30,26.17,$8.23,3.18,$12.91,2.03,$2.70,9.71,$3.72,7.04,$15.19B,$6.99B,2.17,$18.77B,$16.26B,1.16,$27.18B,$10.00B,36.78%,$27.18B,$5.31B,19.54%,$27.18B,$5.31B,19.54%,$27.18B,$5.98B,21.99%,$27.18B,$9.30B,34.21%,$27.18B,$7.94B,29.23%,$7.94B,$16.26B,42.82%,$7.94B,$-2.52B,-2751.17%,$7.94B,$48.00B,15.72%,$5.31B,$35.02B,14.21%,$6077,$3673,$2404,$0,$889,$4690,$1387,$-334,$1053,$313,$740,$740,$675,$1535,$1387,$2009,2012,$0.34,$0.34,$5830,$2987,$342,$15193,$1667,$4398,$18777,$758,$32804,$47997,$6992,$18767,$3089,$24750,$31742,$20,$4182,$-1719,$16255,$47997,$737,$148,$-185,$-37,$-144,$-516,$0,$-96,$-1088,$-305,$-34,$0,$0,$0,$-86,$-86,$-163,$-283,$-28,$0,$-28,$-1889,$-1889,$-56,$8,$-1965,$-2598,$86,$-56
13,2015-06-30,31.39,$8.92,3.52,$13.49,2.33,$3.01,10.42,$3.85,8.15,$17.35B,$7.04B,2.46,$18.80B,$18.19B,1.03,$28.99B,$10.43B,35.97%,$28.99B,$5.40B,18.64%,$28.99B,$5.40B,18.64%,$28.99B,$6.22B,21.46%,$28.99B,$9.85B,33.97%,$28.99B,$8.31B,28.65%,$8.31B,$18.19B,42.88%,$8.31B,$-0.65B,-732.94%,$8.31B,$50.04B,15.90%,$5.40B,$36.98B,14.09%,$6205,$3786,$2419,$0,$894,$5317,$888,$-648,$240,$93,$147,$147,$87,$1042,$888,$2127,2130,$0.08,$0.08,$8428,$2749,$259,$17348,$1722,$4529,$18833,$802,$32691,$50039,$7042,$18795,$3105,$24811,$31853,$20,$5343,$-1570,$18186,$50039,$8537,$816,$271,$1087,$-61,$-789,$0,$-738,$-1309,$3617,$-424,$0,$8485,$0,$-1249,$-1249,$-76,$6736,$316,$0,$316,$-6591,$-6591,$-878,$51,$-7102,$3013,$83,$-878
14,2015-03-31,32.64,$9.15,3.57,$14.29,2.28,$2.52,12.94,$4.26,7.66,$19.05B,$7.49B,2.54,$18.87B,$18.98B,0.99,$31.21B,$10.80B,34.60%,$31.21B,$5.96B,19.09%,$31.21B,$5.96B,19.09%,$31.21B,$6.94B,22.25%,$31.21B,$11.00B,35.26%,$31.21B,$9.22B,29.54%,$9.22B,$18.98B,45.97%,$9.22B,$0.10B,-404.79%,$9.22B,$51.49B,17.26%,$5.96B,$37.84B,15.31%,$6840,$4357,$2483,$0,$823,$5304,$1536,$-21,$1515,$458,$1057,$1057,$975,$1677,$1536,$2111,2113,$0.47,$0.47,$9276,$3062,$366,$19049,$1696,$4441,$18874,$586,$32443,$51492,$7490,$18865,$3355,$25027,$32517,$21,$6168,$-1847,$18975,$51492,$8419,$662,$-414,$248,$-550,$-657,$0,$0,$-1036,$2623,$-320,$0,$8468,$0,$-1108,$-1108,$-53,$6987,$360,$0,$360,$-5385,$-5385,$-494,$0,$-5519,$3861,$80,$-494
15,2014-12-31,36.88,$9.75,3.78,$14.69,2.51,$1.92,19.16,$4.27,8.64,$20.26B,$7.24B,2.8,$18.90B,$20.79B,0.91,$32.59B,$11.06B,33.93%,$32.59B,$5.92B,18.16%,$32.59B,$5.92B,18.16%,$32.59B,$7.05B,21.65%,$32.59B,$10.85B,33.29%,$32.59B,$9.30B,28.53%,$9.30B,$20.79B,45.24%,$9.30B,$1.91B,-257.19%,$9.30B,$52.65B,17.10%,$5.92B,$39.69B,15.08%,$8055,$5366,$2689,$0,$988,$6555,$1500,$4989,$6489,$189,$6300,$6300,$6207,$1722,$1500,$2150,2152,$2.89,$2.88,$10051,$3226,$318,$20264,$1718,$4423,$18875,$546,$32388,$52652,$7239,$18901,$3395,$24625,$31864,$21,$7168,$-1475,$20788,$52652,$7377,$521,$-540,$-19,$-809,$-940,$0,$0,$-1431,$852,$-261,$0,$8613,$0,$-1076,$-1076,$-39,$7237,$388,$0,$388,$-3332,$-3332,$-436,$0,$-3380,$4636,$91,$-436
16,2014-09-30,32.93,$8.99,3.66,$14.52,2.27,$1.75,18.86,$1.92,17.15,$14.95B,$9.16B,1.63,$19.40B,$19.54B,0.99,$32.69B,$10.98B,33.59%,$32.69B,$5.69B,17.39%,$32.69B,$5.69B,17.39%,$32.69B,$6.88B,21.03%,$32.69B,$5.72B,17.48%,$32.69B,$4.30B,13.14%,$4.30B,$19.54B,20.90%,$4.30B,$-5.90B,-91.94%,$4.30B,$54.71B,7.88%,$5.69B,$38.94B,14.70%,$7887,$5052,$2835,$0,$1079,$6407,$1480,$123,$1603,$503,$1100,$1100,$1037,$1779,$1480,$2191,2195,$0.47,$0.47,$4656,$3385,$559,$14950,$2794,$3734,$25440,$562,$39761,$54711,$9158,$19395,$3516,$26013,$35171,$22,$2131,$-756,$19540,$54711,$1093,$299,$-225,$74,$26,$-590,$0,$0,$-675,$457,$-127,$0,$69,$0,$-950,$-950,$-13,$-1021,$1175,$0,$1175,$-1225,$-1225,$-82,$0,$-132,$-759,$53,$-82
17,2014-06-30,33.64,$9.47,3.55,$13.99,2.4,$1.67,20.13,$1.99,16.9,$15.38B,$8.86B,1.74,$18.26B,$20.90B,0.87,$31.87B,$10.76B,33.76%,$31.87B,$5.49B,17.22%,$31.87B,$5.49B,17.22%,$31.87B,$6.72B,21.07%,$31.87B,$5.19B,16.28%,$31.87B,$4.51B,14.17%,$4.51B,$20.90B,21.74%,$4.51B,$-5.22B,-117.79%,$4.51B,$54.79B,8.34%,$5.49B,$39.16B,14.30%,$8424,$5635,$2789,$0,$1047,$6984,$1440,$-43,$1397,$343,$1054,$1054,$999,$1766,$1440,$2265,2269,$0.45,$0.45,$5415,$3092,$401,$15376,$2931,$2859,$26124,$607,$39417,$54793,$8856,$18259,$3507,$25036,$33892,$22,$2389,$-34,$20901,$54793,$4646,$1227,$-903,$324,$-846,$-905,$0,$0,$-1832,$2964,$-678,$0,$-174,$0,$-19,$-19,$-64,$-935,$859,$0,$859,$-3899,$-3899,$-802,$66,$-3776,$-1244,$129,$-802
18,2014-03-31,30.6,$9.37,3.26,$13.38,2.29,$1.69,18.11,$1.38,22.17,$15.65B,$9.72B,1.61,$18.26B,$20.96B,0.87,$30.66B,$10.48B,34.18%,$30.66B,$5.28B,17.22%,$30.66B,$5.28B,17.22%,$30.66B,$6.43B,20.98%,$30.66B,$5.09B,16.59%,$30.66B,$3.14B,10.26%,$3.14B,$20.96B,15.29%,$3.14B,$-5.25B,-102.24%,$3.14B,$55.29B,5.92%,$5.28B,$39.22B,14.01%,$8219,$5475,$2744,$0,$978,$6720,$1499,$-141,$1358,$269,$1089,$1089,$1053,$1787,$1499,$2252,2256,$0.47,$0.47,$5517,$3387,$431,$15649,$2942,$2908,$26212,$585,$39644,$55293,$9715,$18257,$3100,$24614,$34329,$22,$2241,$0,$20964,$55293,$3559,$901,$-961,$-60,$-767,$-1083,$0,$0,$-1795,$1581,$-470,$0,$-433,$0,$-72,$-72,$-33,$-1008,$845,$0,$845,$-2762,$-2762,$-444,$-10,$-2371,$-1142,$85,$-444
19,2013-12-31,33.54,$9.17,3.66,$12.90,2.6,$2.05,16.37,$2.13,15.74,$16.72B,$9.48B,1.76,$16.59B,$20.80B,0.8,$29.79B,$10.26B,34.44%,$29.79B,$5.11B,17.17%,$29.79B,$5.11B,17.17%,$29.79B,$6.21B,20.86%,$29.79B,$7.03B,23.61%,$29.79B,$4.95B,16.60%,$4.95B,$20.80B,20.92%,$4.95B,$-2.32B,-870.22%,$4.95B,$53.29B,8.76%,$5.11B,$37.39B,12.70%,$8163,$5551,$2612,$0,$1086,$6897,$1266,$92,$1358,$360,$998,$998,$1207,$1544,$1266,$2279,2283,$0.53,$0.53,$6345,$3316,$636,$16721,$2866,$3590,$23120,$607,$36565,$53286,$9484,$16588,$3288,$23002,$32486,$23,$2240,$0,$20800,$53286,$2486,$613,$-912,$-299,$-906,$-962,$0,$0,$-1483,$548,$-329,$0,$211,$0,$-101,$-101,$-26,$-245,$987,$0,$987,$-1744,$-1744,$-397,$-10,$-1164,$-314,$53,$-397
20,2013-09-30,31.95,$8.89,3.59,$12.35,2.59,$2.28,14.03,$2.61,12.24,$16.54B,$8.91B,1.86,$17.33B,$20.38B,0.85,$28.73B,$10.24B,35.63%,$28.73B,$5.26B,18.30%,$28.73B,$5.26B,18.30%,$28.73B,$6.28B,21.87%,$28.73B,$7.20B,25.06%,$28.73B,$6.12B,21.30%,$6.12B,$20.38B,23.82%,$6.12B,$-2.54B,406.04%,$6.12B,$53.03B,10.41%,$5.26B,$37.71B,12.45%,$7061,$4447,$2614,$0,$1018,$5778,$1283,$-207,$1076,$300,$776,$776,$1255,$1618,$1283,$2306,2309,$0.54,$0.54,$6681,$3278,$979,$16543,$2875,$3802,$22915,$715,$36482,$53025,$8913,$17333,$3172,$23735,$32648,$23,$1669,$0,$20377,$53025,$1263,$335,$-612,$-277,$-150,$-718,$0,$0,$-676,$345,$-171,$0,$-4,$0,$-137,$-137,$-14,$-326,$987,$0,$987,$-922,$-922,$-58,$-10,$-3,$22,$37,$-58
21,2013-06-30,27.39,$8.69,3.15,$11.83,2.32,$2.49,10.98,$3.01,9.1,$15.57B,$8.44B,1.85,$16.32B,$20.13B,0.81,$27.68B,$10.11B,36.53%,$27.68B,$5.33B,19.27%,$27.68B,$5.33B,19.27%,$27.68B,$6.22B,22.48%,$27.68B,$8.74B,31.57%,$27.68B,$7.10B,25.64%,$7.10B,$20.13B,26.01%,$7.10B,$-2.19B,188.94%,$7.10B,$50.94B,11.74%,$5.33B,$36.45B,12.25%,$7212,$4705,$2507,$0,$1041,$5980,$1232,$61,$1293,$253,$1040,$1040,$-371,$1482,$1232,$2321,2321,$-0.16,$-0.16,$6659,$2784,$665,$15567,$2829,$3704,$22319,$717,$35377,$50944,$8435,$16321,$3264,$22384,$30819,$23,$1454,$-319,$20125,$50944,$7323,$886,$64,$950,$-127,$-1154,$0,$0,$-1559,$3002,$-622,$0,$1362,$0,$-502,$-502,$-152,$86,$523,$0,$523,$-1986,$-1986,$-613,$-2495,$-4571,$-2967,$192,$-613
22,2013-03-31,25.65,$14.33,1.79,$11.29,2.27,$2.41,10.66,$2.53,10.14,$20.79B,$11.05B,1.88,$16.32B,$33.25B,0.49,$26.70B,$9.88B,37.00%,$26.70B,$4.99B,18.70%,$26.70B,$4.99B,18.70%,$26.70B,$5.49B,20.56%,$26.70B,$8.40B,31.46%,$26.70B,$5.92B,22.16%,$5.92B,$33.25B,20.72%,$5.92B,$4.78B,107.07%,$5.92B,$68.49B,9.56%,$4.99B,$49.57B,11.21%,$7353,$4826,$2527,$0,$980,$6020,$1333,$1972,$3305,$728,$2577,$2577,$2854,$1570,$1333,$2324,2330,$1.23,$1.22,$9324,$3476,$857,$20793,$5984,$6622,$28470,$1188,$47697,$68490,$11053,$16317,$4279,$24188,$35241,$23,$14139,$0,$33249,$68490,$7631,$636,$-1830,$-1194,$-233,$-964,$0,$0,$-380,$2385,$-400,$0,$1379,$0,$-615,$-615,$-57,$307,$523,$0,$523,$-1664,$-1664,$-364,$70,$-1435,$-302,$0,$-364
23,2012-12-31,21.39,$12.44,1.72,$11.53,1.85,$2.39,8.94,$1.69,12.66,$19.74B,$10.26B,1.92,$16.18B,$29.01B,0.56,$27.75B,$10.54B,37.98%,$27.75B,$4.94B,17.82%,$27.75B,$4.94B,17.82%,$27.75B,$5.52B,19.89%,$27.75B,$6.38B,22.99%,$27.75B,$4.00B,14.41%,$4.00B,$29.01B,14.62%,$4.00B,$5.98B,71.17%,$4.00B,$62.75B,6.66%,$4.94B,$45.19B,11.49%,$7107,$4518,$2589,$0,$998,$5697,$1410,$117,$1527,$405,$1122,$1122,$2381,$1614,$1410,$2341,2346,$1.02,$1.01,$7806,$3282,$896,$19744,$5857,$7441,$23024,$1206,$43001,$62745,$10260,$16184,$4200,$23480,$33740,$23,$12231,$0,$29005,$62745,$4733,$399,$-1381,$-982,$-798,$-931,$0,$0,$-1196,$992,$-229,$0,$1157,$0,$-608,$-608,$-46,$274,$987,$0,$987,$-1295,$-1295,$-286,$8,$-586,$-1820,$0,$-286
24,2012-09-30,20.55,$11.38,1.81,$12.07,1.7,$2.11,9.74,$1.10,18.68,$22.27B,$10.05B,2.22,$16.18B,$26.78B,0.6,$29.62B,$11.34B,38.29%,$29.62B,$5.00B,16.87%,$29.62B,$5.00B,16.87%,$29.62B,$5.67B,19.15%,$29.62B,$6.35B,21.45%,$29.62B,$2.67B,9.03%,$2.67B,$26.78B,9.87%,$2.67B,$6.46B,50.59%,$2.67B,$59.68B,4.51%,$5.00B,$42.96B,11.73%,$6003,$3515,$2488,$0,$920,$4644,$1359,$1252,$2611,$304,$2307,$2307,$2233,$1554,$1359,$2366,2370,$0.94,$0.94,$12007,$2856,$770,$22267,$5830,$4725,$20318,$1237,$37409,$59676,$10045,$16184,$3693,$22854,$32899,$23,$10225,$0,$26777,$59676,$2287,$195,$-72,$123,$-139,$-444,$0,$0,$-238,$803,$-112,$0,$1825,$0,$70,$70,$-30,$1753,$987,$0,$987,$-766,$-766,$-41,$9,$189,$2381,$0,$-41
25,2012-06-30,18.62,$10.57,1.76,$12.59,1.48,$1.89,9.88,$0.44,42.33,$19.45B,$9.62B,2.02,$15.18B,$25.19B,0.6,$31.57B,$12.06B,38.20%,$31.57B,$4.93B,15.62%,$31.57B,$4.93B,15.62%,$31.57B,$5.73B,18.15%,$31.57B,$4.80B,15.21%,$31.57B,$1.18B,3.73%,$1.18B,$25.19B,4.31%,$1.18B,$4.88B,23.66%,$1.18B,$56.66B,1.99%,$4.93B,$40.37B,11.55%,$6235,$3960,$2275,$0,$989,$5345,$890,$66,$956,$327,$629,$629,$-1553,$751,$890,$2420,2420,$-0.64,$-0.64,$9626,$2595,$619,$19448,$5814,$4968,$20307,$1143,$37215,$56663,$9617,$15182,$3650,$21861,$31478,$23,$8521,$0,$25185,$56663,$1372,$799,$1843,$2642,$-734,$-393,$0,$0,$-1155,$2834,$-564,$0,$-46,$0,$25,$25,$-181,$-766,$-35,$0,$-35,$-4487,$-4487,$-580,$0,$-5102,$-3054,$0,$-580
26,2012-03-31,16.47,$11.63,1.42,$13.41,1.23,$1.86,8.83,$1.34,12.29,$20.86B,$10.04B,2.08,$15.19B,$28.45B,0.53,$34.30B,$13.16B,38.36%,$34.30B,$5.36B,15.64%,$34.30B,$5.36B,15.64%,$34.30B,$6.27B,18.27%,$34.30B,$5.20B,15.16%,$34.30B,$3.42B,9.96%,$3.42B,$28.45B,11.89%,$3.42B,$5.15B,60.93%,$3.42B,$60.90B,5.63%,$5.36B,$43.63B,12.16%,$8402,$5216,$3186,$0,$1580,$7117,$1285,$-1,$1284,$281,$1003,$1003,$937,$1601,$1285,$2468,2475,$0.38,$0.38,$10686,$2864,$689,$20855,$5959,$4718,$23294,$1134,$40042,$60897,$10044,$15187,$2927,$22408,$32452,$24,$11337,$0,$28445,$60897,$2916,$938,$-144,$794,$-551,$-577,$0,$0,$-967,$2721,$-651,$0,$-124,$0,$-14,$-14,$-198,$-987,$-32,$0,$-32,$-3207,$-3207,$-323,$0,$-3562,$-1994,$0,$-323
27,2011-12-31,14.84,$10.85,1.37,$13.15,1.13,$1.66,8.94,$1.20,12.37,$20.12B,$9.40B,2.14,$15.45B,$27.95B,0.55,$34.15B,$12.91B,37.79%,$34.15B,$5.14B,15.05%,$34.15B,$5.14B,15.05%,$34.15B,$6.03B,17.65%,$34.15B,$4.86B,14.22%,$34.15B,$3.12B,9.13%,$3.12B,$27.95B,10.81%,$3.12B,$4.65B,52.99%,$3.12B,$59.94B,5.15%,$5.14B,$43.40B,11.60%,$8975,$5583,$3392,$0,$1614,$7514,$1461,$39,$1500,$373,$1127,$1127,$1057,$1765,$1461,$2508,2515,$0.42,$0.42,$9432,$2872,$669,$20124,$5940,$4499,$23295,$1072,$39812,$59936,$9402,$15454,$2973,$22585,$31987,$25,$10728,$0,$27949,$59936,$1913,$622,$-10,$612,$-1202,$-758,$0,$0,$-1934,$596,$-485,$0,$-167,$0,$-37,$-37,$-158,$-847,$-32,$0,$-32,$-2462,$-2462,$-305,$0,$-2799,$-3248,$0,$-305
28,2011-09-30,12.88,$10.82,1.19,$12.92,1.0,$1.65,7.79,$1.02,12.63,$20.80B,$9.64B,2.16,$15.45B,$27.86B,0.55,$33.94B,$12.67B,37.33%,$33.94B,$4.69B,13.82%,$33.94B,$4.69B,13.82%,$33.94B,$5.58B,16.45%,$33.94B,$4.22B,12.44%,$33.94B,$2.70B,7.96%,$2.70B,$27.86B,9.38%,$2.70B,$5.25B,43.87%,$2.70B,$59.71B,4.53%,$4.69B,$43.30B,10.73%,$7959,$4753,$3206,$0,$1527,$6665,$1294,$-231,$1063,$277,$786,$786,$738,$1612,$1294,$2607,2612,$0.28,$0.28,$11429,$2522,$464,$20799,$6173,$4367,$22605,$951,$38909,$59708,$9641,$15446,$2965,$22211,$31852,$26,$10463,$0,$27856,$59708,$786,$318,$-57,$261,$-275,$-537,$0,$0,$-753,$424,$-248,$0,$267,$0,$-34,$-34,$-78,$-93,$-32,$0,$-32,$-1260,$-1260,$-23,$0,$-1315,$-1251,$0,$-23
29,2011-06-30,14.64,$11.67,1.25,$12.70,1.15,$1.67,8.74,$1.04,14.08,$21.78B,$9.57B,2.28,$15.46B,$30.65B,0.51,$33.41B,$12.35B,36.96%,$33.41B,$4.54B,13.58%,$33.41B,$4.54B,13.58%,$33.41B,$5.41B,16.18%,$33.41B,$4.18B,12.50%,$33.41B,$2.74B,8.20%,$2.74B,$30.65B,9.57%,$2.74B,$7.36B,45.49%,$2.74B,$61.98B,4.66%,$4.54B,$46.11B,10.57%,$8962,$5588,$3374,$0,$1668,$7638,$1324,$30,$1354,$372,$982,$982,$683,$1287,$1324,$2636,2636,$0.26,$0.26,$12680,$2332,$442,$21784,$6542,$4867,$23284,$955,$40196,$61980,$9571,$15463,$2908,$21762,$31333,$26,$12608,$0,$30647,$61980,$2868,$869,$-375,$494,$248,$-614,$0,$0,$-354,$3038,$-622,$0,$-434,$0,$10,$10,$-323,$-1369,$1914,$0,$1914,$-91,$-91,$-490,$50,$1383,$3971,$0,$-490
30,2011-03-31,14.54,$11.01,1.32,$12.39,1.17,$1.88,7.75,$1.11,13.1,$21.27B,$9.23B,2.3,$15.46B,$28.91B,0.54,$32.55B,$11.88B,36.49%,$32.55B,$3.93B,12.07%,$32.55B,$3.93B,12.07%,$32.55B,$5.15B,15.82%,$32.55B,$3.73B,11.45%,$32.55B,$2.93B,9.00%,$2.93B,$28.91B,10.72%,$2.93B,$6.26B,58.02%,$2.93B,$60.43B,5.15%,$3.93B,$44.36B,9.56%,$8256,$5322,$2934,$0,$1588,$7196,$1060,$-121,$939,$257,$682,$682,$639,$1364,$1060,$2626,2631,$0.24,$0.24,$11784,$2358,$436,$21265,$6425,$4571,$22646,$975,$39166,$60431,$9228,$15455,$3045,$22296,$31524,$26,$10952,$0,$28907,$60431,$2166,$906,$74,$980,$-130,$-747,$0,$0,$-709,$2478,$-817,$0,$-45,$0,$-273,$-273,$-265,$-1400,$2054,$0,$2054,$-104,$-104,$-257,$50,$1743,$3075,$0,$-257
31,2010-12-31,11.99,$10.62,1.13,$12.59,0.95,$2.13,5.63,$1.19,10.07,$18.75B,$8.94B,2.1,$13.18B,$27.87B,0.47,$33.08B,$11.95B,36.13%,$33.08B,$4.12B,12.44%,$33.08B,$4.12B,12.44%,$33.08B,$5.35B,16.16%,$33.08B,$3.94B,11.92%,$33.08B,$3.13B,9.46%,$3.13B,$27.87B,11.86%,$3.13B,$5.76B,75.17%,$3.13B,$56.71B,5.64%,$4.12B,$41.04B,10.39%,$8761,$5605,$3156,$0,$1589,$7749,$1012,$-147,$865,$190,$675,$675,$642,$1319,$1012,$2625,2628,$0.24,$0.24,$8456,$2760,$444,$18751,$6286,$4071,$22104,$1246,$37961,$56712,$8944,$13179,$3011,$19903,$28847,$26,$10010,$0,$27865,$56712,$1484,$602,$168,$770,$-715,$-906,$0,$0,$-1623,$653,$-555,$0,$78,$0,$-256,$-256,$-23,$-756,$-17,$0,$-17,$-104,$-104,$-245,$50,$-316,$-253,$0,$-245
32,2010-09-30,10.75,$10.29,1.05,$12.57,0.86,$2.16,4.98,$1.05,10.24,$18.25B,$9.13B,2.0,$13.17B,$27.01B,0.49,$33.01B,$11.85B,35.91%,$33.01B,$3.81B,11.53%,$33.01B,$3.81B,11.53%,$33.01B,$5.05B,15.30%,$33.01B,$3.50B,10.60%,$33.01B,$2.74B,8.31%,$2.74B,$27.01B,10.70%,$2.74B,$4.70B,88.68%,$2.74B,$55.95B,4.95%,$3.81B,$40.18B,9.78%,$7426,$4543,$2883,$0,$1461,$6285,$1141,$-122,$1019,$210,$809,$809,$775,$1436,$1141,$2623,2626,$0.30,$0.30,$8814,$2520,$501,$18253,$6259,$3846,$22311,$1261,$37692,$55945,$9128,$13172,$2871,$19808,$28936,$26,$9228,$0,$27009,$55945,$809,$295,$-74,$221,$19,$-403,$0,$0,$-541,$499,$-264,$0,$-2,$0,$-99,$-99,$-46,$-411,$-15,$0,$-15,$-104,$-104,$-14,$0,$-133,$105,$0,$-14
33,2010-06-30,9.79,$9.75,1.0,$12.49,0.78,$2.28,4.3,$0.97,10.1,$18.02B,$8.86B,2.03,$13.19B,$25.54B,0.52,$32.78B,$11.76B,35.89%,$32.78B,$3.71B,11.31%,$32.78B,$3.71B,11.31%,$32.78B,$4.98B,15.18%,$32.78B,$3.32B,10.14%,$32.78B,$2.54B,7.75%,$2.54B,$25.54B,10.15%,$2.54B,$3.49B,116.55%,$2.54B,$54.38B,4.60%,$3.71B,$38.73B,9.68%,$8110,$5203,$2907,$0,$1680,$7395,$715,$189,$904,$2,$902,$902,$875,$1030,$715,$2619,2628,$0.33,$0.33,$8709,$2392,$492,$18024,$5980,$3515,$22055,$1210,$36360,$54384,$8862,$13191,$2979,$19981,$28843,$26,$7679,$0,$25541,$54384,$2644,$1269,$50,$1319,$-282,$-110,$0,$0,$-40,$3854,$-914,$0,$-143,$0,$829,$829,$-85,$-313,$-1053,$0,$-1053,$24,$24,$-418,$2,$-1445,$2169,$0,$-418
34,2010-03-31,11.8,$9.62,1.23,$12.34,0.96,$1.60,7.38,$0.56,21.07,$18.19B,$9.90B,1.84,$13.20B,$25.21B,0.52,$32.34B,$11.54B,35.69%,$32.34B,$3.26B,10.08%,$32.34B,$3.26B,10.08%,$32.34B,$4.52B,13.98%,$32.34B,$2.44B,7.55%,$32.34B,$1.46B,4.52%,$1.46B,$25.21B,5.95%,$1.46B,$2.72B,105.24%,$1.46B,$55.03B,2.66%,$3.26B,$38.41B,8.68%,$8785,$5777,$3008,$0,$1461,$7538,$1247,$-91,$1156,$295,$861,$861,$839,$1560,$1247,$2620,2627,$0.32,$0.32,$8183,$2732,$485,$18188,$6064,$3423,$22493,$1296,$36840,$55028,$9896,$13196,$2882,$19923,$29819,$26,$7412,$0,$25209,$55028,$1742,$954,$-81,$873,$-480,$-465,$0,$0,$221,$2979,$-661,$0,$-132,$0,$582,$582,$-106,$-317,$-845,$0,$-845,$22,$22,$-203,$2,$-1024,$1643,$0,$-203
35,2009-12-31,11.15,$9.48,1.18,$11.81,0.94,$0.81,13.74,$1.28,8.71,$18.34B,$11.19B,1.64,$13.44B,$24.83B,0.54,$30.93B,$11.06B,35.76%,$30.93B,$2.77B,8.95%,$30.93B,$2.77B,8.95%,$30.93B,$4.01B,12.98%,$30.93B,$2.91B,9.42%,$30.93B,$3.35B,10.83%,$3.35B,$24.83B,14.04%,$3.35B,$1.47B,693.02%,$3.35B,$56.13B,6.18%,$2.77B,$38.27B,7.56%,$8684,$5630,$3054,$0,$2043,$7982,$702,$-281,$421,$137,$284,$284,$254,$1023,$702,$2620,2622,$0.10,$0.10,$7266,$2995,$558,$18335,$6220,$3162,$23358,$1317,$37798,$56133,$11193,$13435,$2980,$20110,$31303,$26,$7092,$0,$24830,$56133,$881,$641,$62,$703,$-1172,$-880,$0,$0,$-1118,$564,$-388,$0,$-57,$0,$-139,$-139,$-64,$-648,$935,$0,$935,$21,$21,$-183,$2,$775,$726,$0,$-183
36,2009-09-30,9.74,$9.34,1.04,$11.51,0.85,$0.37,26.52,$-1.27,0.0,$17.43B,$10.99B,1.59,$13.18B,$24.48B,0.54,$30.11B,$10.72B,35.59%,$30.11B,$-5.56B,-18.47%,$30.11B,$-5.56B,-18.47%,$30.11B,$-4.33B,-14.39%,$30.11B,$-5.41B,-17.98%,$30.11B,$-3.32B,-11.03%,$-3.32B,$24.48B,-14.67%,$-3.32B,$1.04B,467.72%,$-3.32B,$55.32B,-6.31%,$-5.56B,$37.66B,-15.74%,$7199,$4405,$2794,$0,$1435,$6157,$1042,$-200,$842,$245,$597,$597,$571,$1362,$1042,$2616,2617,$0.22,$0.22,$7832,$2783,$602,$17425,$6248,$3105,$23439,$1344,$37891,$55316,$10990,$13182,$2997,$19847,$30837,$26,$6698,$0,$24479,$55316,$597,$320,$-16,$304,$120,$-623,$0,$0,$-233,$680,$-130,$0,$-67,$0,$-114,$-114,$-51,$-362,$933,$0,$933,$21,$21,$-13,$1,$942,$1292,$0,$-13
37,2009-06-30,7.38,$9.04,0.82,$11.63,0.63,$0.17,44.06,$-1.29,0.0,$15.84B,$10.64B,1.49,$12.20B,$23.63B,0.52,$30.42B,$10.86B,35.70%,$30.42B,$-5.65B,-18.57%,$30.42B,$-5.65B,-18.57%,$30.42B,$-4.42B,-14.54%,$30.42B,$-5.54B,-18.21%,$30.42B,$-3.38B,-11.10%,$-3.38B,$23.63B,-14.39%,$-3.38B,$0.33B,168.92%,$-3.38B,$53.12B,-6.24%,$-5.65B,$35.84B,-15.62%,$7670,$4983,$2687,$0,$1454,$7402,$268,$-244,$24,$207,$-183,$-183,$-203,$577,$268,$2613,2613,$-0.08,$-0.08,$6540,$2477,$532,$15836,$6245,$2957,$23307,$1316,$37285,$53121,$10639,$12204,$3027,$18850,$29489,$26,$5844,$0,$23632,$53121,$-3310,$1226,$7796,$9022,$194,$-485,$0,$0,$-2208,$2248,$-1101,$0,$-809,$0,$1359,$1359,$-76,$-627,$697,$0,$697,$-34,$-34,$-366,$18,$315,$1878,$0,$-366
38,2009-03-31,5.36,$8.59,0.62,$11.59,0.46,$0.56,9.51,$-0.78,0.0,$15.49B,$10.78B,1.44,$12.19B,$22.47B,0.54,$31.34B,$11.53B,36.80%,$31.34B,$-4.57B,-14.57%,$31.34B,$-4.57B,-14.57%,$31.34B,$-3.32B,-10.59%,$31.34B,$-3.82B,-12.20%,$31.34B,$-2.05B,-6.53%,$-2.05B,$22.47B,-8.27%,$-2.05B,$-0.90B,64.03%,$-2.05B,$52.05B,-3.62%,$-4.57B,$34.65B,-12.12%,$7373,$4848,$2525,$0,$1441,$6618,$755,$870,$1625,$-1103,$2728,$2728,$2727,$1051,$755,$2614,2620,$1.04,$1.04,$6054,$2581,$503,$15486,$5739,$2515,$23369,$1383,$36559,$52045,$10776,$12186,$2701,$18804,$29580,$26,$5109,$0,$22465,$52045,$-3127,$917,$7263,$8180,$-43,$-718,$0,$0,$-2654,$1061,$-811,$0,$-776,$0,$1610,$1610,$-65,$-42,$696,$0,$696,$-7,$-7,$-190,$18,$517,$1392,$0,$-190
39,2008-12-31,7.28,$7.65,0.95,$11.73,0.62,$1.01,7.2,$-0.91,0.0,$13.84B,$8.39B,1.65,$13.19B,$20.00B,0.66,$32.72B,$12.31B,37.61%,$32.72B,$-3.88B,-11.87%,$32.72B,$-3.88B,-11.87%,$32.72B,$-2.62B,-8.00%,$32.72B,$-2.44B,-7.44%,$32.72B,$-2.08B,-6.35%,$-2.08B,$20.00B,-8.01%,$-2.08B,$-3.30B,48.68%,$-2.08B,$50.23B,-3.53%,$-3.88B,$33.19B,-9.91%,$7871,$5161,$2710,$0,$1588,$15497,$-7626,$-279,$-7905,$-1514,$-6391,$-6391,$-6417,$-7324,$-7626,$2614,2614,$-2.45,$-2.45,$3621,$2753,$557,$13835,$5874,$2368,$23299,$1135,$36392,$50227,$8385,$13192,$4437,$21845,$30230,$26,$2718,$0,$19997,$50227,$-5855,$621,$7206,$7827,$-519,$-858,$0,$0,$-2161,$-395,$-591,$0,$-462,$0,$939,$939,$-33,$-147,$-208,$0,$-208,$-7,$-7,$-177,$18,$-374,$-1041,$0,$-177
40,2008-09-30,9.6,$10.65,0.9,$11.46,0.84,$1.40,6.86,$1.81,5.3,$15.30B,$9.47B,1.62,$13.20B,$27.82B,0.47,$33.44B,$12.74B,38.11%,$33.44B,$5.16B,15.43%,$33.44B,$5.16B,15.43%,$33.44B,$6.43B,19.24%,$33.44B,$6.86B,20.51%,$33.44B,$5.17B,15.46%,$5.17B,$27.82B,17.43%,$5.17B,$-4.12B,-182.69%,$5.17B,$61.19B,8.13%,$5.16B,$41.02B,12.04%,$7509,$4571,$2938,$0,$1681,$6556,$953,$-236,$717,$181,$536,$536,$515,$1272,$953,$2611,2613,$0.20,$0.20,$5500,$2420,$576,$15300,$6552,$2667,$31938,$1041,$45891,$61191,$9469,$13199,$4480,$23902,$33371,$26,$10593,$0,$27820,$61191,$536,$319,$389,$708,$-199,$-442,$0,$0,$-700,$240,$-213,$0,$-65,$0,$995,$995,$-16,$701,$5,$0,$5,$3,$3,$-7,$18,$19,$838,$0,$-7
41,2008-06-30,11.99,$10.97,1.09,$10.84,1.11,$1.54,7.8,$1.84,6.52,$14.36B,$9.18B,1.56,$13.23B,$28.62B,0.46,$33.00B,$12.47B,37.78%,$33.00B,$5.26B,15.93%,$33.00B,$5.26B,15.93%,$33.00B,$6.54B,19.83%,$33.00B,$7.32B,22.19%,$33.00B,$5.39B,16.33%,$5.39B,$28.62B,17.31%,$5.39B,$-4.46B,5360.20%,$5.39B,$62.31B,8.36%,$5.26B,$41.85B,11.93%,$8589,$5228,$3361,$0,$1684,$7237,$1352,$388,$1740,$569,$1171,$1260,$1129,$1681,$1352,$2955,2971,$0.40,$0.40,$4662,$2255,$460,$14362,$7021,$3284,$33080,$1033,$47946,$62308,$9182,$13230,$4823,$24503,$33685,$26,$11383,$0,$28623,$62308,$5518,$1287,$23,$1310,$-885,$-587,$0,$0,$-484,$3925,$-1443,$0,$-5560,$0,$781,$781,$-125,$-6347,$564,$0,$564,$-856,$-856,$-373,$22,$-643,$-2992,$0,$-373
42,2008-03-31,14.95,$10.65,1.4,$10.26,1.46,$1.58,9.44,$1.69,8.84,$13.81B,$10.02B,1.38,$13.21B,$27.44B,0.48,$31.77B,$11.84B,37.27%,$31.77B,$5.12B,16.12%,$31.77B,$5.12B,16.12%,$31.77B,$6.34B,19.96%,$31.77B,$6.82B,21.46%,$31.77B,$5.15B,16.20%,$5.15B,$27.44B,15.99%,$5.15B,$-5.21B,167.97%,$5.15B,$61.92B,7.99%,$5.12B,$40.64B,11.41%,$8750,$5452,$3298,$0,$1568,$7312,$1438,$1575,$3013,$300,$2713,$2694,$2694,$1752,$1438,$2942,2959,$0.92,$0.91,$3244,$2437,$533,$13806,$6726,$3988,$32641,$1314,$48114,$61920,$10020,$13208,$5023,$24464,$34484,$26,$10121,$0,$27436,$61920,$4258,$958,$-23,$935,$-1562,$-598,$0,$0,$-703,$2630,$-1027,$0,$-5491,$0,$252,$252,$-589,$-6855,$542,$0,$542,$-596,$-596,$-203,$19,$-238,$-4410,$0,$-203
43,2007-12-31,16.28,$11.11,1.46,$9.67,1.68,$1.55,10.5,$1.07,15.21,$14.33B,$9.58B,1.5,$13.21B,$34.75B,0.38,$30.55B,$11.15B,36.50%,$30.55B,$4.92B,16.11%,$30.55B,$4.92B,16.11%,$30.55B,$6.07B,19.87%,$30.55B,$5.21B,17.04%,$30.55B,$3.33B,10.88%,$3.33B,$34.75B,9.96%,$3.33B,$2.46B,53.60%,$3.33B,$68.92B,5.17%,$4.92B,$47.97B,10.75%,$8590,$5443,$3147,$0,$1442,$7172,$1418,$-30,$1388,$520,$868,$832,$832,$1728,$1418,$3126,3139,$0.27,$0.27,$3495,$2719,$625,$14328,$6585,$10959,$32292,$1420,$54588,$68916,$9578,$13213,$4831,$24586,$34164,$31,$7321,$0,$34752,$68916,$1564,$644,$32,$676,$-1441,$-667,$0,$0,$-1314,$739,$-699,$0,$-5368,$0,$278,$278,$-40,$-5829,$1130,$0,$1130,$-56,$-56,$-186,$22,$910,$-4159,$0,$-186
44,2007-09-30,17.47,$10.76,1.62,$9.39,1.86,$1.57,11.14,$1.07,16.33,$17.55B,$8.82B,1.99,$12.15B,$33.64B,0.36,$29.81B,$10.51B,35.26%,$29.81B,$4.65B,15.59%,$29.81B,$4.65B,15.59%,$29.81B,$5.71B,19.15%,$29.81B,$5.09B,17.07%,$29.81B,$3.32B,11.12%,$3.32B,$33.64B,10.15%,$3.32B,$7.60B,44.32%,$3.32B,$64.49B,5.35%,$4.65B,$45.79B,10.41%,$7067,$4408,$2659,$0,$1290,$6020,$1047,$133,$1180,$414,$766,$732,$732,$1381,$1047,$3127,3139,$0.23,$0.23,$8118,$2422,$534,$17554,$5839,$10977,$26037,$933,$46938,$64492,$8819,$12148,$4459,$22032,$30851,$31,$6357,$0,$33641,$64492,$732,$334,$-193,$141,$-719,$-215,$0,$0,$-70,$803,$-343,$0,$-239,$0,$254,$254,$3,$-325,$10,$0,$10,$-83,$-83,$-2,$22,$-53,$464,$0,$-2
45,2007-06-30,16.8,$11.91,1.41,$9.00,1.87,$1.56,10.78,$1.12,15.0,$15.91B,$7.49B,2.12,$12.15B,$32.92B,0.37,$28.66B,$10.01B,34.93%,$28.66B,$4.45B,15.54%,$28.66B,$4.45B,15.54%,$28.66B,$5.41B,18.87%,$28.66B,$5.31B,18.52%,$28.66B,$3.43B,11.96%,$3.43B,$32.92B,10.73%,$3.43B,$7.40B,47.26%,$3.43B,$62.34B,5.69%,$4.45B,$45.07B,10.19%,$7367,$4628,$2739,$0,$1255,$6149,$1218,$20,$1238,$328,$910,$890,$890,$1481,$1218,$3157,3178,$0.28,$0.28,$7654,$2039,$371,$15906,$5617,$11413,$25522,$822,$46437,$62343,$7494,$12147,$3319,$21927,$29421,$31,$5558,$0,$32922,$62343,$3426,$956,$-698,$258,$-169,$-360,$0,$0,$785,$4110,$-1308,$0,$-1059,$0,$619,$619,$-328,$-2076,$998,$0,$998,$-902,$-902,$-369,$0,$-273,$1871,$0,$-369
46,2007-03-31,18.31,$10.24,1.79,$8.79,2.08,$1.38,13.24,$1.12,16.35,$15.96B,$7.82B,2.04,$12.11B,$32.24B,0.38,$28.07B,$9.58B,34.11%,$28.07B,$4.26B,15.18%,$28.07B,$4.26B,15.18%,$28.07B,$5.19B,18.50%,$28.07B,$5.19B,18.49%,$28.07B,$3.39B,12.07%,$3.39B,$32.24B,10.87%,$3.39B,$7.35B,49.32%,$3.39B,$61.61B,5.77%,$4.26B,$44.35B,9.97%,$7530,$4922,$2608,$0,$1145,$6291,$1239,$161,$1400,$517,$883,$871,$871,$1480,$1239,$3163,3185,$0.28,$0.27,$7246,$2264,$404,$15961,$5280,$11407,$24887,$984,$45653,$61614,$7821,$12112,$2977,$21555,$29376,$32,$4425,$0,$32238,$61614,$2536,$693,$-556,$137,$-546,$-593,$0,$0,$348,$2528,$-904,$0,$-589,$0,$290,$290,$-316,$-1519,$991,$0,$991,$-433,$-433,$-186,$0,$372,$1463,$0,$-186
47,2006-12-31,16.97,$10.07,1.69,$8.36,2.03,$1.31,12.95,$1.10,15.43,$14.41B,$7.17B,2.01,$11.43B,$31.89B,0.36,$26.74B,$9.16B,34.26%,$26.74B,$4.03B,15.09%,$26.74B,$4.03B,15.09%,$26.74B,$4.94B,18.47%,$26.74B,$5.09B,19.05%,$26.74B,$3.34B,12.48%,$3.34B,$31.89B,11.03%,$3.34B,$7.57B,52.95%,$3.34B,$59.17B,5.84%,$4.03B,$43.33B,9.69%,$7844,$5341,$2503,$0,$1153,$6700,$1144,$127,$1271,$431,$840,$822,$822,$1366,$1144,$3165,3187,$0.26,$0.26,$5438,$2241,$396,$14414,$5128,$11255,$24327,$964,$44759,$59173,$7170,$11431,$2861,$20109,$27279,$32,$3572,$0,$31894,$59173,$1665,$452,$-337,$115,$-1014,$-586,$0,$0,$-629,$705,$-608,$0,$-292,$0,$177,$177,$-297,$-1020,$-30,$0,$-30,$114,$114,$-185,$0,$-101,$-345,$0,$-185
