,Date,Stock Price,Book Value per Share,Price to Book Ratio,TTM Sales per Share,Price to Sales Ratio,TTM FCF per Share,Price to FCF Ratio,TTM Net EPS,PE Ratio,Current Assets,Current Liabilities,Current Ratio,Long Term Debt,Shareholder's Equity_x,Debt to Equity Ratio,TTM Revenue_x,TTM Gross Profit,Gross Margin,TTM Revenue_y,TTM Operating Income,Operating Margin,TTM Revenue_x,TTM EBIT,EBIT Margin,TTM Revenue_y,TTM EBITDA,EBITDA Margin,TTM Revenue_x,TTM Pre-Tax Income,Pre-Tax Margin,TTM Revenue_y,TTM Net Income_x,Net Margin,TTM Net Income_y,Shareholder's Equity_y,Return on Equity,TTM Net Income_x,Tangible Equity,Return on Tangible Equity,TTM Net Income_y,Total Assets,Return on Assets,TTM Net Income,LT Investments & Debt,Return on Investment,revenue,cost-goods-sold,gross-profit,research-development-expenses,selling-general-administrative-expenses,operating-expenses,operating-income,total-non-operating-income-expense,pre-tax-income,total-provision-income-taxes,income-after-taxes,income-from-continuous-operations,net-income,ebitda,ebit,basic-shares-outstanding,shares-outstanding,eps-basic-net-earnings-per-share,eps-earnings-per-share-diluted,cash-on-hand,inventory,other-current-assets,total-current-assets,net-property-plant-equipment,long-term-investments,goodwill-intangible-assets-total,other-long-term-assets,total-long-term-assets,total-assets,total-current-liabilities,long-term-debt,other-non-current-liabilities,total-long-term-liabilities,total-liabilities,common-stock-net,retained-earnings-accumulated-deficit,comprehensive-income,total-share-holder-equity,total-liabilities-share-holders-equity,net-income-loss,total-depreciation-amortization-cash-flow,other-non-cash-items,total-non-cash-items,change-in-accounts-receivable,change-in-inventories,change-in-accounts-payable,change-in-assets-liabilities,total-change-in-assets-liabilities,cash-flow-from-operating-activities,net-change-in-property-plant-equipment,net-change-in-intangible-assets,net-acquisitions-divestitures,net-change-in-short-term-investments,net-change-in-long-term-investments,net-change-in-investments-total,investing-activities-other,cash-flow-from-investing-activities,net-long-term-debt,net-current-debt,debt-issuance-retirement-net-total,net-common-equity-issued-repurchased,net-total-equity-issued-repurchased,total-common-preferred-stock-dividends-paid,financial-activities-other,cash-flow-from-financial-activities,net-cash-flow,stock-based-compensation,common-stock-dividends-paid
0,2018-09-30,70.05,$7.87,8.91,$15.01,4.67,$2.63,26.6,$1.71,40.96,$0.24B,$0.12B,2.1,$0.05B,$0.30B,0.18,$0.58B,$0.19B,33.05%,$0.58B,$0.09B,14.90%,$0.58B,$0.09B,14.90%,$0.58B,$0.10B,17.29%,$0.58B,$0.09B,14.55%,$0.58B,$0.07B,11.30%,$0.07B,$0.30B,24.84%,$0.07B,$0.13B,73.95%,$0.07B,$0.48B,14.82%,$0.09B,$0.35B,25.89%,$176,$115,$60,$7,$21,$144,$31,$-1,$31,$6,$25,$25,$24,$35,$31,$38,39,$0.64,$0.62,$33,$105,$0,$243,$57,$0,$174,$0,$241,$484,$116,$54,$1,$69,$185,$0,$200,$-1,$299,$484,$65,$11,$-7,$4,$-25,$-20,$36,$0,$-9,$61,$-20,$0,$0,$0,$0,$0,$0,$-20,$-4,$-36,$-39,$-4,$-4,$0,$0,$-43,$-3,$6,$0
1,2018-06-30,46.55,$7.22,6.45,$13.79,3.38,$1.91,24.41,$1.50,31.03,$0.21B,$0.10B,2.18,$0.06B,$0.27B,0.22,$0.54B,$0.18B,32.90%,$0.54B,$0.08B,14.21%,$0.54B,$0.08B,14.21%,$0.54B,$0.09B,16.64%,$0.54B,$0.07B,13.83%,$0.54B,$0.06B,10.84%,$0.06B,$0.27B,23.32%,$0.06B,$0.10B,66.48%,$0.06B,$0.45B,13.86%,$0.08B,$0.33B,23.73%,$157,$104,$52,$6,$21,$133,$24,$-1,$24,$5,$19,$19,$18,$28,$24,$38,39,$0.49,$0.47,$23,$95,$0,$212,$48,$0,$175,$0,$233,$445,$98,$60,$1,$75,$173,$0,$175,$-1,$273,$445,$40,$7,$-8,$-1,$-18,$-11,$18,$4,$-6,$33,$-9,$0,$0,$0,$0,$0,$0,$-9,$-2,$-30,$-33,$-4,$-4,$0,$0,$-37,$-13,$4,$0
2,2018-03-31,34.9,$6.80,5.14,$12.87,2.71,$1.70,20.54,$1.38,25.29,$0.19B,$0.08B,2.45,$0.07B,$0.26B,0.29,$0.50B,$0.16B,32.67%,$0.50B,$0.07B,14.03%,$0.50B,$0.07B,14.03%,$0.50B,$0.08B,16.23%,$0.50B,$0.07B,13.63%,$0.50B,$0.05B,10.82%,$0.05B,$0.26B,23.08%,$0.05B,$0.08B,61.36%,$0.05B,$0.42B,13.52%,$0.07B,$0.33B,22.89%,$130,$88,$42,$6,$18,$114,$16,$-1,$15,$-7,$21,$21,$21,$19,$16,$38,39,$0.56,$0.55,$22,$91,$0,$194,$46,$0,$177,$0,$229,$424,$79,$74,$1,$88,$168,$0,$157,$0,$256,$424,$21,$4,$-8,$-4,$5,$-6,$6,$-3,$-6,$11,$-4,$0,$0,$0,$0,$0,$0,$-4,$-1,$-19,$-20,$-1,$-1,$0,$0,$-21,$-14,$2,$0
3,2017-12-31,38.85,$6.24,6.22,$12.29,3.16,$1.69,23.03,$1.10,35.32,$0.20B,$0.09B,2.35,$0.09B,$0.24B,0.4,$0.48B,$0.16B,32.63%,$0.48B,$0.07B,13.89%,$0.48B,$0.07B,13.89%,$0.48B,$0.08B,16.21%,$0.48B,$0.06B,13.47%,$0.48B,$0.04B,9.26%,$0.04B,$0.24B,19.98%,$0.04B,$0.06B,49.03%,$0.04B,$0.43B,11.59%,$0.07B,$0.33B,22.84%,$121,$82,$39,$5,$17,$105,$16,$-1,$15,$12,$3,$3,$3,$19,$16,$37,39,$0.07,$0.08,$36,$85,$0,$203,$44,$0,$178,$1,$225,$428,$86,$94,$1,$107,$193,$0,$136,$-0,$235,$428,$43,$10,$8,$18,$4,$-8,$2,$-9,$-13,$48,$-17,$0,$-54,$0,$0,$0,$0,$-70,$-4,$35,$31,$-4,$-4,$0,$-5,$22,$1,$9,$0
4,2017-09-30,43.1,$6.15,7.01,$12.11,3.56,$1.59,27.13,$1.29,33.41,$0.21B,$0.09B,2.48,$0.06B,$0.23B,0.26,$0.47B,$0.15B,32.19%,$0.47B,$0.06B,13.52%,$0.47B,$0.06B,13.52%,$0.47B,$0.07B,15.88%,$0.47B,$0.06B,13.30%,$0.47B,$0.05B,10.94%,$0.05B,$0.23B,24.55%,$0.05B,$0.12B,54.84%,$0.05B,$0.38B,14.30%,$0.06B,$0.29B,23.42%,$127,$85,$43,$6,$16,$107,$20,$-0,$20,$4,$16,$16,$16,$23,$20,$37,39,$0.43,$0.41,$37,$92,$0,$214,$38,$0,$114,$1,$163,$377,$86,$59,$1,$60,$146,$0,$133,$-1,$231,$377,$40,$7,$-1,$7,$-7,$-20,$10,$-3,$-25,$22,$-10,$-0,$0,$0,$0,$0,$0,$-10,$-3,$0,$-3,$-3,$-3,$0,$-5,$-11,$1,$7,$0
5,2017-06-30,35.6,$5.73,6.22,$11.71,3.04,$1.34,26.54,$1.24,28.71,$0.21B,$0.09B,2.23,$0.06B,$0.21B,0.28,$0.45B,$0.14B,31.70%,$0.45B,$0.06B,12.95%,$0.45B,$0.06B,12.95%,$0.45B,$0.07B,15.18%,$0.45B,$0.06B,12.72%,$0.45B,$0.05B,10.94%,$0.05B,$0.21B,25.32%,$0.05B,$0.10B,62.62%,$0.05B,$0.37B,14.25%,$0.06B,$0.28B,22.55%,$121,$82,$39,$5,$15,$103,$18,$-0,$18,$4,$14,$14,$14,$20,$18,$37,39,$0.37,$0.35,$43,$89,$0,$208,$35,$0,$114,$1,$161,$369,$93,$61,$0,$61,$154,$0,$117,$-1,$214,$369,$24,$5,$-3,$2,$-0,$-17,$14,$-1,$-5,$21,$-5,$0,$0,$0,$0,$0,$0,$-5,$-2,$0,$-2,$-0,$-0,$0,$-5,$-8,$8,$4,$0
6,2017-03-31,28.7,$5.39,5.33,$11.31,2.54,$0.78,37.01,$1.13,25.4,$0.19B,$0.08B,2.31,$0.06B,$0.20B,0.31,$0.43B,$0.14B,31.47%,$0.43B,$0.05B,11.89%,$0.43B,$0.05B,11.89%,$0.43B,$0.06B,14.22%,$0.43B,$0.05B,11.66%,$0.43B,$0.04B,10.26%,$0.04B,$0.20B,24.44%,$0.04B,$0.09B,68.75%,$0.04B,$0.35B,13.28%,$0.05B,$0.26B,20.73%,$106,$73,$34,$4,$15,$94,$12,$-1,$11,$1,$11,$11,$11,$15,$12,$37,39,$0.28,$0.27,$43,$79,$0,$190,$33,$0,$115,$1,$156,$345,$82,$62,$1,$63,$145,$0,$103,$-1,$201,$345,$11,$2,$-1,$2,$12,$-7,$4,$-0,$-3,$9,$-3,$-0,$0,$0,$0,$0,$0,$-3,$-1,$0,$-1,$2,$2,$0,$0,$1,$8,$2,$0
7,2016-12-31,27.75,$5.01,5.54,$10.68,2.6,$0.63,44.08,$0.95,29.21,$0.18B,$0.09B,2.1,$0.06B,$0.19B,0.34,$0.40B,$0.13B,31.27%,$0.40B,$0.05B,11.17%,$0.40B,$0.05B,11.17%,$0.40B,$0.05B,13.40%,$0.40B,$0.04B,10.67%,$0.40B,$0.04B,8.93%,$0.04B,$0.19B,21.52%,$0.04B,$0.07B,71.29%,$0.04B,$0.34B,11.41%,$0.05B,$0.25B,19.46%,$112,$77,$34,$5,$14,$98,$13,$-1,$13,$3,$10,$10,$10,$16,$13,$37,38,$0.27,$0.25,$35,$71,$0,$183,$32,$0,$116,$1,$153,$336,$87,$63,$1,$64,$151,$0,$93,$-2,$185,$336,$36,$9,$3,$12,$-18,$-3,$10,$-2,$-9,$39,$-12,$0,$-0,$0,$0,$0,$0,$-12,$-9,$26,$18,$-9,$-9,$0,$-7,$2,$28,$6,$0
8,2016-09-30,22.97,$4.73,4.86,$10.25,2.24,$0.43,53.58,$0.87,26.4,$0.17B,$0.08B,2.11,$0.07B,$0.17B,0.4,$0.39B,$0.12B,31.27%,$0.39B,$0.04B,10.59%,$0.39B,$0.04B,10.59%,$0.39B,$0.05B,13.18%,$0.39B,$0.04B,10.08%,$0.39B,$0.03B,8.53%,$0.03B,$0.17B,20.75%,$0.03B,$0.06B,79.04%,$0.03B,$0.33B,10.96%,$0.04B,$0.24B,18.76%,$109,$74,$35,$5,$14,$94,$15,$-0,$15,$1,$14,$14,$14,$17,$15,$37,38,$0.37,$0.36,$16,$78,$0,$171,$31,$0,$116,$1,$154,$325,$81,$69,$1,$70,$150,$0,$83,$-1,$174,$325,$26,$7,$1,$7,$-14,$-9,$6,$-5,$-22,$11,$-9,$-0,$0,$0,$0,$0,$0,$-9,$-3,$26,$24,$-9,$-9,$0,$-7,$8,$9,$5,$0
9,2016-06-30,17.37,$4.36,3.99,$10.17,1.71,$0.50,34.53,$0.79,21.99,$0.16B,$0.09B,1.84,$0.07B,$0.16B,0.44,$0.38B,$0.12B,31.51%,$0.38B,$0.04B,10.42%,$0.38B,$0.04B,10.42%,$0.38B,$0.05B,13.54%,$0.38B,$0.04B,9.90%,$0.38B,$0.03B,7.81%,$0.03B,$0.16B,19.77%,$0.03B,$0.04B,89.55%,$0.03B,$0.32B,10.13%,$0.04B,$0.23B,19.21%,$102,$70,$32,$5,$14,$91,$11,$-1,$11,$2,$9,$9,$9,$13,$11,$37,38,$0.24,$0.24,$10,$81,$0,$163,$30,$0,$117,$1,$155,$319,$89,$70,$1,$71,$159,$0,$69,$-1,$160,$319,$12,$4,$-2,$2,$-13,$-13,$17,$-2,$-14,$1,$-7,$0,$0,$0,$0,$0,$0,$-7,$-2,$26,$25,$-9,$-9,$0,$-7,$9,$3,$3,$0
10,2016-03-31,15.81,$4.10,3.85,$10.02,1.58,$0.55,28.55,$0.73,21.66,$0.13B,$0.07B,1.85,$0.05B,$0.15B,0.36,$0.38B,$0.12B,31.40%,$0.38B,$0.04B,10.55%,$0.38B,$0.04B,10.55%,$0.38B,$0.05B,13.98%,$0.38B,$0.04B,9.76%,$0.38B,$0.03B,7.39%,$0.03B,$0.15B,19.24%,$0.03B,$0.03B,106.67%,$0.03B,$0.28B,9.61%,$0.04B,$0.20B,19.90%,$80,$55,$25,$4,$12,$75,$6,$-1,$4,$1,$3,$3,$3,$8,$6,$37,38,$0.09,$0.09,$9,$75,$0,$133,$29,$0,$118,$0,$150,$282,$72,$54,$7,$61,$133,$0,$60,$-1,$150,$282,$3,$2,$0,$2,$10,$-6,$7,$-1,$-0,$5,$-4,$0,$0,$0,$0,$0,$0,$-4,$-1,$10,$9,$-8,$-8,$0,$0,$1,$2,$1,$0
11,2015-12-31,16.53,$4.11,4.02,$9.68,1.71,$0.74,22.22,$0.66,25.05,$0.13B,$0.07B,1.78,$0.05B,$0.15B,0.3,$0.37B,$0.11B,30.79%,$0.37B,$0.04B,9.81%,$0.37B,$0.04B,9.81%,$0.37B,$0.05B,13.35%,$0.37B,$0.03B,9.26%,$0.37B,$0.03B,7.08%,$0.03B,$0.15B,18.60%,$0.03B,$0.03B,133.33%,$0.03B,$0.28B,9.06%,$0.04B,$0.20B,18.60%,$96,$67,$29,$5,$11,$86,$9,$-0,$9,$2,$7,$7,$7,$13,$9,$37,38,$0.18,$0.18,$7,$68,$0,$132,$26,$0,$119,$0,$146,$278,$74,$45,$6,$51,$125,$0,$57,$-2,$152,$278,$25,$13,$-0,$13,$-5,$-11,$2,$-2,$-8,$30,$-11,$0,$-2,$0,$0,$0,$0,$-13,$-3,$2,$-1,$-5,$-5,$0,$-7,$-14,$3,$5,$0
12,2015-09-30,16.86,$3.91,4.31,$9.12,1.85,$0.99,17.08,$0.56,30.11,$0.16B,$0.09B,1.78,$0.06B,$0.15B,0.39,$0.35B,$0.11B,30.72%,$0.35B,$0.03B,8.99%,$0.35B,$0.03B,8.99%,$0.35B,$0.04B,12.46%,$0.35B,$0.03B,8.41%,$0.35B,$0.02B,6.38%,$0.02B,$0.15B,16.42%,$0.02B,$0.03B,179.59%,$0.02B,$0.31B,7.80%,$0.03B,$0.20B,16.47%,$106,$71,$35,$5,$12,$92,$14,$-0,$14,$3,$11,$11,$11,$18,$14,$37,38,$0.29,$0.28,$5,$78,$0,$160,$25,$0,$120,$1,$145,$306,$90,$57,$7,$71,$161,$0,$50,$-1,$145,$306,$18,$10,$0,$10,$-19,$-22,$19,$-5,$-15,$13,$-8,$0,$-1,$0,$0,$0,$0,$-9,$-2,$12,$10,$-6,$-6,$0,$-7,$-3,$1,$4,$0
13,2015-06-30,16.08,$3.66,4.4,$8.70,1.85,$1.25,12.84,$0.55,29.24,$0.15B,$0.08B,1.85,$0.07B,$0.14B,0.49,$0.33B,$0.10B,30.40%,$0.33B,$0.03B,9.42%,$0.33B,$0.03B,9.42%,$0.33B,$0.04B,12.46%,$0.33B,$0.03B,8.81%,$0.33B,$0.02B,6.38%,$0.02B,$0.14B,16.28%,$0.02B,$0.01B,178.72%,$0.02B,$0.30B,7.99%,$0.03B,$0.20B,17.61%,$97,$67,$30,$4,$11,$87,$11,$-0,$10,$3,$7,$7,$7,$14,$11,$37,38,$0.18,$0.18,$6,$79,$0,$154,$22,$0,$121,$1,$144,$299,$84,$66,$7,$80,$164,$0,$40,$-0,$135,$299,$8,$6,$0,$6,$-12,$-21,$14,$-4,$-13,$0,$-5,$0,$-1,$0,$0,$0,$0,$-5,$-1,$20,$19,$-4,$-4,$0,$-7,$7,$2,$2,$0
14,2015-03-31,15.34,$3.45,4.45,$8.41,1.82,$1.41,10.87,$0.68,22.56,$0.12B,$0.07B,1.72,$0.05B,$0.13B,0.37,$0.32B,$0.10B,30.50%,$0.32B,$0.03B,10.06%,$0.32B,$0.03B,10.06%,$0.32B,$0.04B,12.89%,$0.32B,$0.03B,9.75%,$0.32B,$0.03B,8.18%,$0.03B,$0.13B,21.10%,$0.03B,$0.01B,247.62%,$0.03B,$0.27B,10.53%,$0.03B,$0.17B,19.45%,$68,$49,$19,$3,$10,$66,$2,$-0,$1,$0,$1,$1,$1,$4,$2,$37,38,$0.02,$0.02,$7,$71,$0,$121,$20,$0,$122,$1,$144,$265,$70,$46,$14,$68,$138,$0,$33,$-0,$127,$265,$1,$3,$2,$5,$8,$-12,$10,$-1,$4,$10,$-2,$0,$-1,$0,$0,$0,$0,$-2,$-1,$0,$-1,$-4,$-4,$0,$0,$-4,$3,$1,$0
15,2014-12-31,16.23,$3.47,4.67,$8.12,2.0,$1.16,13.95,$0.74,21.93,$0.11B,$0.06B,1.79,$0.05B,$0.13B,0.37,$0.31B,$0.10B,31.05%,$0.31B,$0.04B,11.44%,$0.31B,$0.04B,11.44%,$0.31B,$0.04B,14.38%,$0.31B,$0.04B,11.44%,$0.31B,$0.03B,9.15%,$0.03B,$0.13B,24.14%,$0.03B,$0.01B,361.29%,$0.03B,$0.26B,11.83%,$0.04B,$0.18B,22.22%,$74,$52,$22,$3,$10,$70,$4,$0,$4,$2,$3,$3,$3,$7,$4,$37,38,$0.07,$0.07,$4,$59,$0,$109,$20,$0,$124,$2,$150,$258,$61,$47,$14,$69,$130,$0,$32,$-0,$129,$258,$28,$10,$-2,$8,$-1,$-2,$1,$-3,$-3,$33,$-4,$0,$-71,$0,$0,$0,$-1,$-77,$-30,$72,$42,$2,$2,$0,$4,$47,$3,$4,$0
16,2014-09-30,15.5,$3.37,4.59,$7.99,1.94,$0.94,16.57,$0.79,19.62,$0.11B,$0.05B,1.97,$0.03B,$0.13B,0.23,$0.30B,$0.09B,30.98%,$0.30B,$0.04B,13.13%,$0.30B,$0.04B,13.13%,$0.30B,$0.05B,15.82%,$0.30B,$0.04B,13.13%,$0.30B,$0.03B,10.10%,$0.03B,$0.13B,28.10%,$0.03B,$0.02B,203.39%,$0.03B,$0.23B,14.17%,$0.04B,$0.15B,28.16%,$90,$62,$29,$3,$10,$76,$14,$-0,$14,$3,$10,$10,$10,$16,$14,$37,38,$0.28,$0.27,$2,$55,$0,$107,$19,$0,$102,$2,$123,$229,$54,$28,$12,$50,$104,$0,$29,$-0,$125,$229,$25,$7,$-3,$4,$-5,$-5,$0,$-3,$-11,$19,$-4,$0,$-41,$0,$0,$0,$-1,$-46,$-19,$42,$22,$2,$2,$0,$3,$27,$0,$3,$0
17,2014-06-30,17.59,$3.05,5.76,$7.86,2.24,$0.61,28.95,$0.79,22.27,$0.11B,$0.05B,2.2,$0.04B,$0.11B,0.38,$0.29B,$0.09B,30.45%,$0.29B,$0.04B,13.84%,$0.29B,$0.04B,13.84%,$0.29B,$0.05B,16.61%,$0.29B,$0.04B,13.15%,$0.29B,$0.03B,10.38%,$0.03B,$0.11B,30.85%,$0.03B,$0.01B,190.48%,$0.03B,$0.24B,15.27%,$0.04B,$0.16B,31.25%,$86,$59,$27,$4,$10,$75,$12,$-0,$12,$-0,$12,$12,$12,$14,$12,$37,38,$0.32,$0.31,$2,$63,$0,$113,$19,$0,$103,$2,$124,$236,$51,$43,$20,$73,$124,$0,$19,$-0,$112,$236,$15,$5,$-1,$3,$-4,$-12,$6,$-3,$-14,$4,$-2,$0,$-41,$0,$0,$0,$-1,$-44,$-5,$42,$37,$2,$2,$0,$2,$41,$0,$2,$0
