,Date,Stock Price,Book Value per Share,Price to Book Ratio,TTM Sales per Share,Price to Sales Ratio,TTM FCF per Share,Price to FCF Ratio,TTM Net EPS,PE Ratio,Current Assets,Current Liabilities,Current Ratio,Long Term Debt,Shareholder's Equity_x,Debt to Equity Ratio,TTM Revenue_x,TTM Gross Profit,Gross Margin,TTM Revenue_y,TTM Operating Income,Operating Margin,TTM Revenue_x,TTM EBIT,EBIT Margin,TTM Revenue_y,TTM EBITDA,EBITDA Margin,TTM Revenue_x,TTM Pre-Tax Income,Pre-Tax Margin,TTM Revenue_y,TTM Net Income_x,Net Margin,TTM Net Income_y,Shareholder's Equity_y,Return on Equity,TTM Net Income_x,Tangible Equity,Return on Tangible Equity,TTM Net Income_y,Total Assets,Return on Assets,TTM Net Income,LT Investments & Debt,Return on Investment,revenue,cost-goods-sold,gross-profit,research-development-expenses,selling-general-administrative-expenses,operating-expenses,operating-income,total-non-operating-income-expense,pre-tax-income,total-provision-income-taxes,income-after-taxes,income-from-continuous-operations,net-income,ebitda,ebit,basic-shares-outstanding,shares-outstanding,eps-basic-net-earnings-per-share,eps-earnings-per-share-diluted,cash-on-hand,inventory,other-current-assets,total-current-assets,net-property-plant-equipment,long-term-investments,goodwill-intangible-assets-total,other-long-term-assets,total-long-term-assets,total-assets,total-current-liabilities,long-term-debt,other-non-current-liabilities,total-long-term-liabilities,total-liabilities,common-stock-net,retained-earnings-accumulated-deficit,comprehensive-income,total-share-holder-equity,total-liabilities-share-holders-equity,net-income-loss,total-depreciation-amortization-cash-flow,other-non-cash-items,total-non-cash-items,change-in-accounts-receivable,change-in-inventories,change-in-accounts-payable,change-in-assets-liabilities,total-change-in-assets-liabilities,cash-flow-from-operating-activities,net-change-in-property-plant-equipment,net-change-in-intangible-assets,net-acquisitions-divestitures,net-change-in-short-term-investments,net-change-in-long-term-investments,net-change-in-investments-total,investing-activities-other,cash-flow-from-investing-activities,net-long-term-debt,net-current-debt,debt-issuance-retirement-net-total,net-common-equity-issued-repurchased,net-total-equity-issued-repurchased,total-common-preferred-stock-dividends-paid,financial-activities-other,cash-flow-from-financial-activities,net-cash-flow,stock-based-compensation,common-stock-dividends-paid
0,2015-09-30,6.13,$22511.26,0.0,0,0.0,0,0.0,$0.40,15.33,$3.54B,$5.05B,0.7,$0.35B,$0.52B,0.68,$0.25B,$0.23B,91.53%,$0.25B,$0.05B,21.77%,$0.25B,0,0.00%,$0.25B,0,0.00%,$0.25B,$0.04B,14.92%,$0.25B,$0.03B,11.29%,$0.03B,$0.53B,5.35%,$0.03B,$0.53B,5.35%,$0.03B,$5.93B,0.47%,$0.05B,$0.89B,6.15%,$63,$6,$58,$0,$45,$50,$13,$-2,$11,$4,$7,$7,$7,$0,$0,$0,0,$0.00,$0.00,$162,$0,$0,$3538,$96,$1956,$0,$76,$2394,$5932,$5045,$354,$0,$354,$5400,$6,$87,$8,$533,$5932,$22,$27,$9,$36,$-12,$0,$0,$3,$-16,$42,$-4,$0,$-173,$0,$124,$124,$-272,$-325,$-33,$0,$-33,$0,$0,$0,$273,$240,$-43,$0,$0
1,2015-06-30,5.92,$22311.99,0.0,0,0.0,0,0.0,$0.44,13.46,$3.52B,$5.21B,0.68,$0.35B,$0.52B,0.69,$0.24B,$0.22B,91.29%,$0.24B,$0.05B,21.58%,$0.24B,0,0.00%,$0.24B,0,0.00%,$0.24B,$0.04B,14.52%,$0.24B,$0.03B,11.20%,$0.03B,$0.53B,5.22%,$0.03B,$0.53B,5.22%,$0.03B,$6.10B,0.45%,$0.05B,$0.88B,5.97%,$69,$5,$63,$0,$37,$42,$27,$-12,$14,$2,$13,$13,$13,$0,$0,$0,0,$0.00,$0.00,$238,$0,$0,$3524,$109,$2119,$0,$74,$2572,$6097,$5214,$354,$0,$354,$5569,$6,$80,$10,$528,$6097,$15,$18,$7,$25,$-8,$0,$0,$1,$-14,$26,$-5,$0,$0,$0,$-30,$-30,$-145,$-181,$-19,$0,$-19,$0,$0,$0,$207,$188,$33,$0,$0
2,2015-03-31,5.95,$21950.51,0.0,0,0.0,0,0.0,$0.46,12.94,$3.36B,$5.13B,0.66,$0.35B,$0.51B,0.7,$0.23B,$0.21B,91.23%,$0.23B,$0.03B,14.91%,$0.23B,0,0.00%,$0.23B,0,0.00%,$0.23B,$0.03B,12.72%,$0.23B,$0.02B,8.33%,$0.02B,$0.52B,3.71%,$0.02B,$0.52B,3.71%,$0.02B,$6.05B,0.32%,$0.03B,$0.87B,3.93%,$60,$5,$55,$0,$50,$55,$5,$-0,$4,$2,$3,$3,$3,$0,$0,$0,0,$0.00,$0.00,$231,$0,$0,$3360,$118,$2180,$0,$78,$2687,$6047,$5129,$354,$0,$398,$5527,$6,$67,$14,$519,$6047,$3,$8,$2,$10,$-14,$0,$-0,$1,$-13,$-7,$-2,$0,$0,$0,$-84,$-84,$9,$-77,$0,$-14,$-14,$0,$0,$0,$123,$109,$25,$0,$0
3,2014-12-31,6.16,$21657.75,0.0,0,0.0,0,0.0,$0.65,9.48,$3.29B,$5.03B,0.65,$0.35B,$0.50B,0.71,$0.22B,$0.20B,91.07%,$0.22B,$0.04B,16.96%,$0.22B,0,0.00%,$0.22B,0,0.00%,$0.22B,$0.03B,14.73%,$0.22B,$0.02B,9.38%,$0.02B,$0.51B,4.15%,$0.02B,$0.51B,4.15%,$0.02B,$5.90B,0.36%,$0.04B,$0.87B,4.37%,$56,$5,$51,$0,$42,$47,$9,$-1,$8,$3,$5,$5,$5,$0,$0,$0,0,$0.00,$0.00,$205,$0,$0,$3288,$123,$2094,$0,$118,$2607,$5895,$5028,$354,$0,$354,$5382,$6,$64,$10,$512,$5895,$22,$35,$13,$48,$-5,$0,$-63,$4,$-72,$1,$-11,$0,$0,$0,$270,$270,$-303,$-44,$0,$22,$22,$0,$0,$0,$36,$57,$15,$0,$0
4,2014-09-30,6.07,$21499.22,0.0,$2398.14,0.0,$4878.58,0.0,$0.64,9.49,$3.17B,$4.98B,0.64,$0.35B,$0.18B,1.94,$0.23B,$0.20B,90.67%,$0.23B,$0.04B,16.00%,$0.23B,0,0.00%,$0.23B,0,0.00%,$0.23B,$-0.07B,-31.56%,$0.23B,$0.23B,104.00%,$0.23B,$0.51B,46.80%,$0.23B,$0.51B,46.80%,$0.23B,$5.89B,3.97%,$0.04B,$0.86B,4.17%,$56,$5,$51,$0,$39,$44,$11,$-2,$9,$3,$6,$6,$6,$0,$0,$0,0,$0.00,$0.00,$263,$0,$0,$3168,$122,$2160,$0,$117,$2718,$5887,$4980,$354,$0,$398,$5378,$6,$59,$11,$509,$5887,$17,$26,$3,$29,$-2,$0,$-63,$2,$-63,$-14,$-7,$0,$0,$0,$210,$210,$-129,$74,$-0,$0,$-0,$0,$0,$0,$13,$13,$73,$0,$0
5,2014-06-30,5.92,$21395.04,0.0,$4840.97,0.0,$9029.46,0.0,$0.62,9.56,$3.16B,$4.97B,0.64,$0.35B,$0.18B,1.96,$0.23B,$0.21B,90.31%,$0.23B,$0.03B,14.98%,$0.23B,0,0.00%,$0.23B,0,0.00%,$0.23B,$-0.07B,-32.16%,$0.23B,$0.23B,100.44%,$0.23B,$0.51B,51.82%,$0.23B,$0.51B,55.17%,$0.23B,$5.88B,3.81%,$0.03B,$0.86B,4.18%,$56,$5,$51,$0,$43,$48,$9,$-1,$8,$3,$5,$5,$5,$0,$0,$0,0,$0.00,$0.00,$287,$0,$0,$3161,$122,$2154,$0,$120,$2721,$5882,$4973,$354,$0,$404,$5376,$6,$53,$15,$506,$5882,$11,$17,$4,$21,$1,$0,$-63,$1,$-61,$-28,$-4,$0,$0,$0,$228,$228,$-105,$118,$14,$0,$14,$0,$0,$0,$-8,$7,$97,$0,$0
6,2014-03-31,6.42,$21017.96,0.0,$7485.49,0.0,$11568.02,0.0,$0.52,12.34,$3.15B,$4.95B,0.64,$0.39B,$0.17B,2.28,$0.23B,$0.21B,90.17%,$0.23B,$0.04B,16.67%,$0.23B,0,0.00%,$0.23B,0,0.00%,$0.23B,$-0.07B,-29.06%,$0.23B,$0.23B,97.01%,$0.23B,$0.50B,59.54%,$0.23B,$0.50B,69.26%,$0.23B,$5.89B,3.74%,$0.04B,$0.89B,5.11%,$56,$6,$51,$0,$42,$48,$9,$-1,$8,$3,$5,$5,$5,$0,$0,$0,0,$0.00,$0.00,$341,$0,$0,$3152,$123,$2159,$0,$125,$2738,$5891,$4953,$391,$0,$441,$5393,$6,$48,$11,$497,$5891,$5,$9,$2,$10,$6,$0,$-63,$0,$-57,$-41,$-2,$0,$0,$0,$222,$222,$-50,$170,$0,$-6,$-6,$0,$0,$0,$29,$22,$151,$0,$0
7,2013-12-31,6.26,$20635.48,0.0,$9991.01,0.0,$13722.67,0.0,$0.15,41.71,$2.97B,$5.05B,0.59,$0.35B,$0.16B,2.18,$0.24B,$0.21B,89.87%,$0.24B,$0.04B,17.30%,$0.24B,0,0.00%,$0.24B,0,0.00%,$0.24B,$-0.07B,-28.27%,$0.24B,$0.22B,94.09%,$0.22B,$0.49B,67.32%,$0.22B,$0.49B,90.47%,$0.22B,$5.92B,3.60%,$0.04B,$0.84B,5.75%,$57,$6,$51,$0,$44,$50,$7,$-108,$-96,$-288,$192,$192,$218,$0,$0,$0,0,$9203.51,$9203.51,$190,$0,$0,$2966,$124,$2379,$0,$133,$2952,$5919,$5048,$354,$0,$383,$5431,$6,$43,$8,$488,$5919,$242,$145,$13,$157,$36,$0,$15,$-0,$-281,$123,$-8,$0,$0,$0,$252,$252,$-570,$-326,$0,$17,$17,$0,$0,$0,$-142,$-125,$-328,$0,$0
8,2013-09-30,5.92,$11373.06,0.0,$10218.65,0.0,$10969.36,0.0,$0.31,19.11,$3.42B,$5.01B,0.68,$0.39B,$-0.06B,-7.01,$0.24B,$0.22B,90.08%,$0.24B,$0.05B,19.42%,$0.24B,0,0.00%,$0.24B,0,0.00%,$0.24B,$0.04B,14.46%,$0.24B,$0.00B,1.24%,$0.00B,$0.27B,1.06%,$0.00B,$0.16B,1.78%,$0.00B,$6.24B,0.05%,$0.05B,$0.66B,6.99%,$58,$6,$52,$0,$43,$49,$9,$-2,$7,$-0,$7,$7,$-0,$0,$0,$0,0,$-3.04,$-3.04,$714,$0,$0,$3417,$125,$2396,$107,$138,$2821,$6237,$5005,$391,$0,$964,$5968,$6,$-175,$7,$269,$6237,$22,$28,$10,$38,$35,$0,$11,$-1,$39,$103,$-5,$0,$0,$0,$249,$249,$-19,$225,$0,$11,$11,$0,$0,$0,$-144,$-133,$195,$0,$0
9,2013-06-30,5.43,$11444.95,0.0,$10592.91,0.0,$8613.33,0.0,$0.34,15.97,$3.25B,$4.98B,0.65,$0.39B,$-0.05B,-7.32,$0.25B,$0.23B,90.04%,$0.25B,$0.05B,20.72%,$0.25B,0,0.00%,$0.25B,0,0.00%,$0.25B,$0.04B,15.54%,$0.25B,$0.01B,2.39%,$0.01B,$0.27B,2.06%,$0.01B,$0.16B,3.49%,$0.01B,$6.22B,0.09%,$0.05B,$0.66B,7.68%,$63,$6,$57,$0,$43,$49,$14,$-1,$13,$-0,$13,$13,$4,$0,$0,$0,0,$152.49,$152.49,$516,$0,$0,$3251,$126,$2532,$107,$145,$2966,$6217,$4982,$389,$0,$964,$5946,$6,$-175,$10,$271,$6217,$16,$19,$6,$25,$14,$0,$7,$-1,$17,$63,$-3,$0,$0,$0,$121,$121,$-38,$79,$9,$0,$9,$0,$0,$0,$-155,$-146,$-3,$0,$0
10,2013-03-31,5.28,$12555.09,0.0,$10775.27,0.0,$7291.28,0.0,$0.34,15.54,$3.27B,$5.54B,0.59,$0.39B,$-0.03B,-15.04,$0.26B,$0.23B,89.41%,$0.26B,$0.05B,20.39%,$0.26B,0,0.00%,$0.26B,0,0.00%,$0.26B,$0.04B,14.12%,$0.26B,$0.00B,1.57%,$0.00B,$0.30B,1.35%,$0.00B,$0.17B,2.33%,$0.00B,$6.40B,0.06%,$0.05B,$0.69B,7.62%,$59,$6,$53,$0,$43,$49,$11,$-2,$9,$0,$9,$9,$1,$0,$0,$0,0,$39.35,$39.35,$509,$0,$0,$3266,$126,$2689,$125,$156,$3132,$6398,$5537,$391,$0,$564,$6101,$6,$-179,$40,$297,$6398,$7,$9,$0,$9,$26,$0,$4,$-0,$31,$52,$-1,$0,$0,$0,$2,$2,$55,$55,$11,$0,$11,$0,$0,$0,$-128,$-117,$-9,$0,$0
11,2012-12-31,5.38,$12677.36,0.0,$11199.92,0.0,$5166.48,0.0,$0.34,15.83,$3.36B,$5.64B,0.6,$0.38B,$-0.02B,-17.12,$0.27B,$0.24B,89.06%,$0.27B,$0.05B,20.00%,$0.27B,0,0.00%,$0.27B,0,0.00%,$0.27B,$0.04B,13.21%,$0.27B,$0.00B,1.51%,$0.00B,$0.30B,1.38%,$0.00B,$0.18B,2.39%,$0.00B,$6.51B,0.06%,$0.05B,$0.68B,7.83%,$62,$7,$56,$0,$42,$49,$13,$-7,$6,$-0,$6,$6,$-2,$0,$0,$0,0,$-97.67,$-97.67,$519,$0,$0,$3358,$128,$2703,$125,$160,$3151,$6509,$5637,$380,$0,$572,$6209,$6,$-180,$45,$300,$6509,$26,$29,$23,$53,$-37,$0,$12,$5,$-27,$56,$-6,$0,$0,$0,$-190,$-190,$360,$164,$0,$-25,$-25,$0,$0,$0,$-149,$-174,$46,$0,$0
12,2012-09-30,4.94,$12638.31,0.0,$11506.92,0.0,$7740.21,0.0,$0.13,37.98,$3.26B,$5.47B,0.6,$0.38B,$-0.02B,-17.2,$0.27B,$0.24B,87.91%,$0.27B,$0.03B,12.45%,$0.27B,0,0.00%,$0.27B,0,0.00%,$0.27B,$0.01B,4.76%,$0.27B,$-0.02B,-5.49%,$-0.02B,$0.30B,-5.33%,$-0.02B,$0.18B,-9.48%,$-0.02B,$6.51B,-0.23%,$0.03B,$0.68B,5.04%,$67,$7,$60,$0,$46,$53,$14,$-3,$11,$-0,$11,$11,$3,$0,$0,$0,0,$119.48,$119.48,$289,$0,$0,$3255,$122,$2791,$122,$176,$3258,$6513,$5471,$382,$0,$743,$6214,$6,$-177,$43,$299,$6513,$23,$21,$14,$35,$-29,$0,$9,$5,$-21,$47,$-4,$0,$0,$0,$-277,$-277,$213,$-68,$-23,$0,$-23,$0,$0,$0,$-139,$-162,$-183,$0,$0
13,2012-06-30,4.69,$12093.02,0.0,$11788.61,0.0,$9531.38,0.0,0,0.0,$3.23B,$5.52B,0.59,$0.39B,$-0.03B,-11.45,$0.28B,$0.24B,87.10%,$0.28B,$0.01B,3.94%,$0.28B,0,0.00%,$0.28B,0,0.00%,$0.28B,$-0.01B,-3.23%,$0.28B,$-0.03B,-8.96%,$-0.03B,$0.29B,-8.92%,$-0.03B,$0.16B,-16.03%,$-0.03B,$6.57B,-0.38%,$0.01B,$0.68B,1.62%,$67,$8,$59,$0,$45,$53,$14,$-5,$10,$0,$9,$9,$2,$0,$0,$0,0,$81.78,$81.78,$322,$0,$0,$3233,$125,$2868,$122,$178,$3333,$6566,$5521,$392,$0,$759,$6280,$6,$-180,$34,$286,$6566,$14,$13,$8,$21,$-16,$0,$6,$2,$-9,$32,$-3,$0,$0,$0,$-358,$-358,$260,$-102,$-13,$0,$-13,$0,$0,$0,$-67,$-80,$-150,$0,$0
14,2012-03-31,5.27,$11653.44,0.0,$12082.45,0.0,$11679.43,0.0,0,0.0,$3.52B,$5.64B,0.63,$0.39B,$-0.04B,-8.95,$0.29B,$0.25B,86.36%,$0.29B,$-0.01B,-4.55%,$0.29B,0,0.00%,$0.29B,0,0.00%,$0.29B,$-0.03B,-11.89%,$0.29B,$-0.05B,-17.13%,$-0.05B,$0.28B,-17.13%,$-0.05B,$0.15B,-30.53%,$-0.05B,$6.68B,-0.73%,$-0.01B,$0.67B,-1.89%,$69,$8,$61,$0,$49,$57,$12,$-4,$8,$0,$8,$8,$1,$0,$0,$0,0,$58.63,$58.63,$497,$0,$0,$3523,$126,$2677,$122,$191,$3155,$6678,$5640,$392,$0,$763,$6403,$6,$-182,$26,$276,$6678,$7,$6,$2,$8,$-18,$0,$3,$0,$-13,$2,$-2,$0,$0,$0,$-164,$-164,$143,$-23,$-13,$0,$-13,$0,$0,$0,$59,$46,$25,$0,$0
15,2011-12-31,4.69,$11143.70,0.0,$12362.15,0.0,$13931.87,0.0,0,0.0,$3.62B,$5.74B,0.63,$0.41B,$-0.06B,-7.38,$0.29B,$0.25B,85.32%,$0.29B,$-0.02B,-7.85%,$0.29B,0,0.00%,$0.29B,0,0.00%,$0.29B,$-0.05B,-15.36%,$0.29B,$-0.06B,-20.82%,$-0.06B,$0.26B,-20.89%,$-0.06B,$0.14B,-36.97%,$-0.06B,$6.61B,-0.89%,$-0.02B,$0.67B,-3.31%,$70,$10,$60,$0,$65,$75,$-6,$-10,$-16,$1,$-17,$-17,$-21,$0,$0,$0,0,$-901.04,$-901.04,$473,$0,$0,$3620,$137,$2498,$125,$203,$2989,$6609,$5739,$405,$0,$606,$6345,$6,$-183,$16,$264,$6609,$-41,$28,$61,$89,$26,$0,$8,$8,$53,$116,$-5,$0,$-16,$0,$-961,$-961,$991,$9,$19,$0,$19,$0,$0,$0,$-667,$-648,$-523,$0,$0
16,2011-09-30,4.94,$12469.13,0.0,$12868.19,0.0,$12003.26,0.0,0,0.0,$3.84B,$6.05B,0.64,$0.41B,$-0.02B,-17.93,$0.31B,$0.26B,84.59%,$0.31B,$-0.13B,-42.30%,$0.31B,0,0.00%,$0.31B,0,0.00%,$0.31B,$-0.08B,-25.90%,$0.31B,$-0.09B,-29.84%,$-0.09B,$0.30B,-30.06%,$-0.09B,$0.17B,-52.00%,$-0.09B,$6.78B,-1.29%,$-0.13B,$0.70B,-18.41%,$73,$10,$63,$0,$71,$82,$-9,$-3,$-11,$-12,$0,$0,$-7,$0,$0,$0,0,$-315.01,$-315.01,$499,$0,$0,$3844,$145,$2451,$127,$194,$2940,$6784,$6051,$407,$0,$438,$6489,$6,$-162,$26,$295,$6784,$-25,$21,$43,$63,$21,$0,$5,$7,$33,$89,$-4,$0,$-16,$0,$-891,$-891,$825,$-86,$21,$0,$21,$0,$0,$0,$-521,$-500,$-497,$0,$0
