,Date,Stock Price,Book Value per Share,Price to Book Ratio,TTM Sales per Share,Price to Sales Ratio,TTM FCF per Share,Price to FCF Ratio,TTM Net EPS,PE Ratio,Current Assets,Current Liabilities,Current Ratio,Long Term Debt,Shareholder's Equity_x,Debt to Equity Ratio,TTM Revenue_x,TTM Gross Profit,Gross Margin,TTM Revenue_y,TTM Operating Income,Operating Margin,TTM Revenue_x,TTM EBIT,EBIT Margin,TTM Revenue_y,TTM EBITDA,EBITDA Margin,TTM Revenue_x,TTM Pre-Tax Income,Pre-Tax Margin,TTM Revenue_y,TTM Net Income_x,Net Margin,TTM Net Income_y,Shareholder's Equity_y,Return on Equity,TTM Net Income_x,Tangible Equity,Return on Tangible Equity,TTM Net Income_y,Total Assets,Return on Assets,TTM Net Income,LT Investments & Debt,Return on Investment,revenue,cost-goods-sold,gross-profit,research-development-expenses,selling-general-administrative-expenses,operating-expenses,operating-income,total-non-operating-income-expense,pre-tax-income,total-provision-income-taxes,income-after-taxes,income-from-continuous-operations,net-income,ebitda,ebit,basic-shares-outstanding,shares-outstanding,eps-basic-net-earnings-per-share,eps-earnings-per-share-diluted,cash-on-hand,inventory,other-current-assets,total-current-assets,net-property-plant-equipment,long-term-investments,goodwill-intangible-assets-total,other-long-term-assets,total-long-term-assets,total-assets,total-current-liabilities,long-term-debt,other-non-current-liabilities,total-long-term-liabilities,total-liabilities,common-stock-net,retained-earnings-accumulated-deficit,comprehensive-income,total-share-holder-equity,total-liabilities-share-holders-equity,net-income-loss,total-depreciation-amortization-cash-flow,other-non-cash-items,total-non-cash-items,change-in-accounts-receivable,change-in-inventories,change-in-accounts-payable,change-in-assets-liabilities,total-change-in-assets-liabilities,cash-flow-from-operating-activities,net-change-in-property-plant-equipment,net-change-in-intangible-assets,net-acquisitions-divestitures,net-change-in-short-term-investments,net-change-in-long-term-investments,net-change-in-investments-total,investing-activities-other,cash-flow-from-investing-activities,net-long-term-debt,net-current-debt,debt-issuance-retirement-net-total,net-common-equity-issued-repurchased,net-total-equity-issued-repurchased,total-common-preferred-stock-dividends-paid,financial-activities-other,cash-flow-from-financial-activities,net-cash-flow,stock-based-compensation,common-stock-dividends-paid
0,2018-09-30,7.15,$4.01,1.78,$1.80,3.96,$0.31,23.36,$0.12,59.58,$1.56B,$2.40B,0.65,$0.01B,$0.24B,0.05,$0.11B,$0.09B,87.74%,$0.11B,$0.01B,7.55%,$0.11B,0,0.00%,$0.11B,0,0.00%,$0.11B,$0.01B,7.55%,$0.11B,$0.01B,8.49%,$0.01B,$0.24B,3.87%,$0.01B,$0.23B,3.95%,$0.01B,$2.66B,0.36%,$0.01B,$0.25B,3.24%,$29,$4,$24,$0,$20,$26,$3,$0,$3,$1,$2,$2,$2,$0,$0,$59,60,$0.04,$0.04,$146,$0,$0,$1558,$82,$975,$5,$37,$1099,$2657,$2401,$11,$9,$21,$2421,$1,$-11,$-19,$236,$2657,$6,$6,$5,$11,$10,$0,$-1,$0,$9,$27,$-11,$0,$0,$0,$-52,$-52,$-217,$-280,$0,$0,$0,$1,$1,$0,$337,$338,$84,$2,$0
1,2018-06-30,7.85,$4.01,1.96,$1.73,4.54,$-0.32,0.0,$0.16,49.06,$1.42B,$2.30B,0.62,$0.01B,$0.24B,0.05,$0.10B,$0.09B,89.11%,$0.10B,$0.01B,6.93%,$0.10B,0,0.00%,$0.10B,0,0.00%,$0.10B,$0.01B,6.93%,$0.10B,$0.01B,8.91%,$0.01B,$0.24B,3.91%,$0.01B,$0.23B,4.00%,$0.01B,$2.55B,0.38%,$0.01B,$0.25B,2.84%,$28,$4,$24,$0,$20,$25,$3,$0,$3,$1,$2,$2,$2,$0,$0,$59,60,$0.04,$0.04,$59,$0,$0,$1417,$80,$1014,$5,$37,$1136,$2553,$2296,$11,$10,$21,$2318,$1,$-13,$-16,$235,$2553,$4,$4,$3,$7,$5,$0,$-1,$0,$4,$16,$-8,$0,$0,$0,$-87,$-87,$-156,$-251,$0,$162,$162,$1,$1,$0,$71,$233,$-3,$1,$0
2,2018-03-31,8.7,$3.99,2.18,$1.64,5.29,$-0.50,0.0,$0.16,54.38,$1.31B,$2.22B,0.59,$0.01B,$0.23B,0.05,$0.10B,$0.09B,90.53%,$0.10B,$0.01B,6.32%,$0.10B,0,0.00%,$0.10B,0,0.00%,$0.10B,$0.01B,6.32%,$0.10B,$0.01B,9.47%,$0.01B,$0.23B,3.97%,$0.01B,$0.23B,4.06%,$0.01B,$2.47B,0.40%,$0.01B,$0.25B,2.44%,$25,$3,$23,$0,$19,$23,$2,$0,$2,$0,$2,$2,$2,$0,$0,$57,58,$0.03,$0.03,$31,$0,$0,$1309,$77,$1044,$5,$36,$1163,$2471,$2218,$11,$8,$20,$2237,$1,$-16,$-14,$234,$2471,$2,$2,$1,$4,$19,$0,$-2,$0,$17,$22,$-4,$0,$0,$0,$-110,$-110,$-94,$-207,$0,$94,$94,$0,$0,$0,$60,$155,$-31,$1,$0
3,2017-12-31,8.45,$3.97,2.13,$1.56,5.41,$-0.79,0.0,$0.16,52.81,$1.27B,$2.06B,0.62,$0.02B,$0.23B,0.1,$0.09B,$0.08B,90.11%,$0.09B,$0.01B,6.59%,$0.09B,0,0.00%,$0.09B,0,0.00%,$0.09B,$0.01B,6.59%,$0.09B,$0.01B,9.89%,$0.01B,$0.23B,4.04%,$0.01B,$0.22B,4.13%,$0.01B,$2.32B,0.42%,$0.01B,$0.25B,2.45%,$24,$3,$22,$0,$21,$25,$-0,$0,$-0,$-3,$3,$3,$3,$0,$0,$57,58,$0.05,$0.04,$62,$0,$0,$1268,$75,$939,$5,$35,$1054,$2322,$2064,$22,$11,$32,$2096,$1,$-19,$-8,$226,$2322,$9,$7,$2,$9,$-21,$0,$2,$0,$-19,$-1,$-23,$0,$0,$0,$-138,$-138,$-197,$-358,$0,$0,$0,$1,$1,$0,$386,$386,$27,$2,$0
4,2017-09-30,9.25,$3.95,2.34,$1.63,5.68,$-0.62,0.0,$0.14,66.07,$1.23B,$1.89B,0.65,$0.02B,$0.23B,0.1,$0.09B,$0.08B,89.53%,$0.09B,$0.01B,8.14%,$0.09B,0,0.00%,$0.09B,0,0.00%,$0.09B,$0.01B,8.14%,$0.09B,$0.01B,8.14%,$0.01B,$0.23B,3.18%,$0.01B,$0.22B,3.26%,$0.01B,$2.14B,0.35%,$0.01B,$0.25B,2.89%,$24,$2,$21,$0,$18,$21,$2,$0,$2,$0,$2,$2,$2,$0,$0,$57,58,$0.04,$0.04,$99,$0,$0,$1234,$72,$796,$5,$34,$908,$2142,$1886,$22,$9,$30,$1916,$1,$-22,$-5,$225,$2142,$6,$5,$3,$9,$-18,$0,$-0,$0,$-18,$-3,$-18,$0,$0,$0,$8,$8,$-131,$-141,$0,$0,$0,$1,$1,$0,$208,$208,$64,$1,$0
5,2017-06-30,9.25,$3.90,2.37,$1.71,5.41,$-0.49,0.0,$0.13,71.15,$1.18B,$1.79B,0.66,$0.02B,$0.22B,0.1,$0.08B,$0.07B,90.12%,$0.08B,$0.01B,7.41%,$0.08B,0,0.00%,$0.08B,0,0.00%,$0.08B,$0.01B,7.41%,$0.08B,$0.01B,7.41%,$0.01B,$0.22B,3.10%,$0.01B,$0.22B,3.18%,$0.01B,$2.04B,0.31%,$0.01B,$0.24B,2.78%,$22,$2,$20,$0,$17,$20,$2,$0,$2,$-0,$2,$2,$2,$0,$0,$57,58,$0.04,$0.04,$88,$0,$0,$1180,$65,$758,$5,$34,$863,$2043,$1788,$22,$12,$33,$1821,$1,$-24,$-6,$222,$2043,$4,$4,$2,$6,$-4,$0,$3,$0,$-1,$8,$-11,$0,$0,$0,$47,$47,$-101,$-65,$0,$55,$55,$1,$1,$0,$55,$110,$53,$1,$0
6,2017-03-31,8.3,$3.84,2.16,$1.75,4.74,$-0.65,0.0,$0.12,69.17,$1.09B,$1.72B,0.63,$0.02B,$0.22B,0.1,$0.08B,$0.07B,90.67%,$0.08B,$0.01B,6.67%,$0.08B,0,0.00%,$0.08B,0,0.00%,$0.08B,$0.01B,6.67%,$0.08B,$0.01B,6.67%,$0.01B,$0.22B,2.98%,$0.01B,$0.21B,3.04%,$0.01B,$1.97B,0.28%,$0.01B,$0.24B,2.63%,$21,$2,$19,$0,$16,$19,$2,$0,$2,$-0,$2,$2,$2,$0,$0,$57,58,$0.03,$0.03,$37,$0,$0,$1085,$59,$786,$5,$34,$884,$1969,$1721,$22,$8,$29,$1750,$1,$-26,$-7,$218,$1969,$2,$2,$1,$3,$1,$0,$-1,$0,$-0,$4,$-3,$0,$0,$0,$18,$18,$-61,$-45,$0,$0,$0,$0,$0,$0,$43,$43,$2,$0,$0
7,2016-12-31,8.35,$3.79,2.2,$1.79,4.65,$-0.74,0.0,$0.12,69.58,$1.02B,$1.68B,0.61,$0.02B,$0.22B,0.1,$0.07B,$0.06B,91.30%,$0.07B,$0.00B,5.80%,$0.07B,0,0.00%,$0.07B,0,0.00%,$0.07B,$0.00B,5.80%,$0.07B,$0.00B,5.80%,$0.00B,$0.22B,2.80%,$0.00B,$0.21B,2.85%,$0.00B,$1.92B,0.24%,$0.00B,$0.24B,2.43%,$19,$2,$17,$0,$15,$18,$1,$0,$1,$-0,$1,$1,$1,$0,$0,$39,40,$0.03,$0.03,$35,$0,$0,$1024,$57,$804,$5,$34,$900,$1924,$1678,$22,$9,$31,$1709,$1,$-28,$-7,$215,$1924,$5,$6,$3,$8,$-7,$0,$-1,$0,$-8,$5,$-14,$0,$-6,$0,$-351,$-351,$-88,$-459,$0,$-67,$-67,$100,$100,$0,$428,$462,$7,$1,$0
8,2016-09-30,4.11,$3.16,1.3,$1.76,2.34,$-0.76,0.0,$0.11,37.36,$1.12B,$1.58B,0.71,$0.02B,$0.12B,0.19,$0.07B,$0.06B,92.54%,$0.07B,$0.00B,5.97%,$0.07B,0,0.00%,$0.07B,0,0.00%,$0.07B,$0.00B,5.97%,$0.07B,$0.00B,5.97%,$0.00B,$0.12B,3.41%,$0.00B,$0.12B,3.45%,$0.00B,$1.73B,0.26%,$0.00B,$0.14B,2.87%,$19,$2,$17,$0,$15,$17,$1,$0,$1,$-0,$1,$1,$1,$0,$0,$38,38,$0.04,$0.03,$150,$0,$0,$1120,$56,$521,$5,$32,$614,$1734,$1583,$22,$10,$32,$1615,$0,$-29,$-1,$120,$1734,$3,$4,$3,$7,$-7,$0,$-0,$0,$-7,$3,$-12,$0,$-6,$0,$-60,$-60,$-69,$-147,$0,$-67,$-67,$0,$0,$0,$333,$266,$123,$1,$0
9,2016-06-30,4.31,$3.13,1.38,$1.61,2.68,$-0.79,0.0,$0.10,43.1,$1.04B,$1.44B,0.73,$0.02B,$0.12B,0.19,$0.06B,$0.06B,93.44%,$0.06B,$0.00B,6.56%,$0.06B,0,0.00%,$0.06B,0,0.00%,$0.06B,$0.00B,6.56%,$0.06B,$0.00B,6.56%,$0.00B,$0.12B,3.46%,$0.00B,$0.12B,3.46%,$0.00B,$1.58B,0.27%,$0.00B,$0.14B,2.90%,$16,$2,$15,$0,$13,$15,$1,$0,$1,$-0,$1,$1,$1,$0,$0,$38,38,$0.03,$0.03,$112,$0,$0,$1043,$54,$454,$0,$32,$540,$1582,$1435,$22,$7,$29,$1464,$0,$-31,$-1,$119,$1582,$2,$2,$1,$4,$-4,$0,$-1,$0,$-5,$1,$-9,$0,$0,$0,$10,$10,$-56,$-55,$0,$-47,$-47,$0,$0,$0,$185,$138,$85,$0,$0
10,2016-03-31,4.21,$3.08,1.37,$1.53,2.76,$-0.80,0.0,$0.08,52.63,$0.96B,$1.34B,0.72,$0.02B,$0.12B,0.19,$0.06B,$0.05B,93.10%,$0.06B,$0.00B,6.90%,$0.06B,0,0.00%,$0.06B,0,0.00%,$0.06B,$0.00B,6.90%,$0.06B,$0.00B,6.90%,$0.00B,$0.12B,3.50%,$0.00B,$0.12B,3.50%,$0.00B,$1.48B,0.29%,$0.00B,$0.14B,2.93%,$15,$1,$14,$0,$12,$14,$1,$0,$1,$-0,$1,$1,$1,$0,$0,$38,38,$0.03,$0.03,$65,$0,$0,$962,$50,$440,$0,$31,$521,$1483,$1338,$22,$6,$28,$1366,$0,$-32,$-1,$117,$1483,$1,$1,$0,$2,$1,$0,$-2,$0,$-1,$2,$-4,$0,$0,$0,$23,$23,$-24,$-5,$0,$-47,$-47,$0,$0,$0,$88,$41,$38,$0,$0
11,2015-12-31,4.33,$3.00,1.45,$1.45,2.98,$-0.94,0.0,$0.06,72.17,$0.90B,$1.30B,0.7,$0.02B,$0.11B,0.19,$0.06B,$0.05B,92.73%,$0.06B,$0.00B,7.27%,$0.06B,0,0.00%,$0.06B,0,0.00%,$0.06B,$0.00B,7.27%,$0.06B,$0.00B,7.27%,$0.00B,$0.11B,3.52%,$0.00B,$0.11B,3.52%,$0.00B,$1.44B,0.30%,$0.00B,$0.14B,2.94%,$17,$1,$16,$0,$13,$16,$1,$0,$1,$-0,$1,$1,$1,$0,$0,$38,38,$0.02,$0.02,$27,$0,$0,$901,$46,$460,$0,$31,$538,$1439,$1297,$22,$7,$29,$1325,$0,$-33,$-3,$113,$1439,$2,$4,$4,$8,$-6,$0,$0,$0,$-6,$5,$-14,$0,$0,$0,$-210,$-210,$-106,$-330,$0,$47,$47,$0,$0,$0,$177,$224,$-102,$1,$0
12,2015-09-30,3.72,$3.03,1.23,$1.39,2.68,$-0.86,0.0,$0.06,62.0,$0.95B,$1.24B,0.77,$0.02B,$0.11B,0.2,$0.05B,$0.05B,92.16%,$0.05B,$0.00B,7.84%,$0.05B,0,0.00%,$0.05B,0,0.00%,$0.05B,$0.00B,7.84%,$0.05B,$0.00B,7.84%,$0.00B,$0.11B,3.52%,$0.00B,$0.11B,3.52%,$0.00B,$1.38B,0.31%,$0.00B,$0.14B,2.94%,$13,$1,$12,$0,$10,$12,$1,$0,$1,$-0,$1,$1,$1,$0,$0,$38,38,$0.02,$0.02,$111,$0,$0,$952,$45,$350,$0,$34,$429,$1381,$1238,$22,$6,$29,$1266,$0,$-34,$-1,$114,$1381,$2,$3,$1,$4,$-3,$0,$-1,$0,$-4,$2,$-12,$0,$0,$0,$-97,$-97,$-76,$-186,$0,$0,$0,$0,$0,$0,$165,$165,$-18,$0,$0
13,2015-06-30,3.47,$3.00,1.16,$1.35,2.56,$-0.65,0.0,$0.05,69.4,$0.90B,$1.13B,0.8,$0.02B,$0.11B,0.2,$0.05B,$0.05B,92.00%,$0.05B,$0.00B,6.00%,$0.05B,0,0.00%,$0.05B,0,0.00%,$0.05B,$0.00B,6.00%,$0.05B,$0.00B,6.00%,$0.00B,$0.11B,2.65%,$0.00B,$0.11B,2.65%,$0.00B,$1.27B,0.25%,$0.00B,$0.14B,2.22%,$13,$1,$12,$0,$10,$12,$1,$0,$1,$-0,$1,$1,$1,$0,$0,$38,38,$0.01,$0.01,$81,$0,$0,$903,$41,$297,$0,$32,$370,$1272,$1130,$22,$6,$29,$1159,$0,$-34,$-1,$113,$1272,$1,$2,$1,$3,$-4,$0,$-0,$0,$-4,$-1,$-7,$0,$0,$0,$-44,$-44,$-53,$-104,$0,$0,$0,$0,$0,$0,$58,$58,$-48,$0,$0
14,2015-03-31,3.63,$3.01,1.21,$1.35,2.69,$-0.47,0.0,$0.06,60.5,$0.95B,$1.12B,0.85,$0.02B,$0.11B,0.2,$0.05B,$0.05B,91.84%,$0.05B,$0.00B,6.12%,$0.05B,0,0.00%,$0.05B,0,0.00%,$0.05B,$0.00B,6.12%,$0.05B,$0.00B,6.12%,$0.00B,$0.11B,2.67%,$0.00B,$0.11B,2.67%,$0.00B,$1.26B,0.26%,$0.00B,$0.14B,2.23%,$12,$1,$11,$0,$10,$12,$1,$0,$1,$-0,$1,$1,$1,$0,$0,$38,38,$0.01,$0.01,$163,$0,$0,$949,$37,$255,$0,$24,$315,$1264,$1122,$22,$6,$28,$1150,$0,$-35,$-0,$114,$1264,$1,$1,$0,$1,$-6,$0,$-1,$0,$-7,$-6,$-2,$0,$0,$0,$0,$0,$-8,$-10,$0,$0,$0,$0,$0,$0,$49,$49,$34,$0,$0
15,2014-12-31,3.75,$2.98,1.26,$1.47,2.56,$-0.25,0.0,$0.08,46.88,$0.90B,$1.07B,0.84,$0.02B,$0.11B,0.2,$0.05B,$0.05B,91.84%,$0.05B,$0.00B,6.12%,$0.05B,0,0.00%,$0.05B,0,0.00%,$0.05B,$0.00B,6.12%,$0.05B,$0.00B,6.12%,$0.00B,$0.11B,2.99%,$0.00B,$0.11B,2.99%,$0.00B,$1.22B,0.27%,$0.00B,$0.14B,2.44%,$13,$1,$12,$0,$10,$12,$1,$0,$1,$0,$1,$1,$1,$0,$0,$34,35,$0.01,$0.01,$129,$0,$0,$904,$35,$254,$0,$21,$310,$1215,$1072,$22,$7,$29,$1102,$0,$-35,$-1,$113,$1215,$2,$3,$3,$5,$1,$0,$0,$0,$1,$9,$-15,$0,$0,$0,$-45,$-45,$-104,$-163,$0,$0,$0,$45,$45,$0,$203,$248,$93,$0,$0
16,2014-09-30,3.89,$2.95,1.32,$1.54,2.53,$-0.17,0.0,$-0.07,0.0,$0.85B,$0.99B,0.86,$0.02B,$0.11B,0.2,$0.05B,$0.04B,91.67%,$0.05B,0,0.00%,$0.05B,0,0.00%,$0.05B,0,0.00%,$0.05B,$-0.00B,-2.08%,$0.05B,$-0.00B,-2.08%,$-0.00B,$0.11B,-1.14%,$-0.00B,$0.11B,-1.14%,$-0.00B,$1.13B,-0.10%,$0.00B,$0.13B,0.00%,$12,$1,$11,$0,$10,$11,$0,$0,$0,$-0,$0,$0,$0,$0,$0,$38,38,$0.01,$0.01,$106,$0,$0,$850,$30,$230,$0,$22,$281,$1131,$990,$22,$6,$29,$1019,$0,$-36,$-1,$112,$1131,$2,$2,$1,$3,$2,$0,$-0,$0,$1,$7,$-9,$0,$0,$0,$-20,$-20,$-73,$-102,$0,$0,$0,$45,$45,$0,$121,$165,$70,$0,$0
17,2014-06-30,5.04,$2.94,1.72,$1.66,3.03,$-0.32,0.0,$-0.17,0.0,$0.79B,$0.93B,0.86,$0.02B,$0.11B,0.2,$0.05B,$0.04B,91.49%,$0.05B,$-0.00B,-4.26%,$0.05B,0,0.00%,$0.05B,0,0.00%,$0.05B,$-0.00B,-6.38%,$0.05B,$-0.00B,-6.38%,$-0.00B,$0.11B,-3.92%,$-0.00B,$0.11B,-3.92%,$-0.00B,$1.07B,-0.30%,$-0.00B,$0.13B,-2.02%,$12,$1,$11,$0,$10,$11,$1,$0,$1,$-0,$1,$1,$1,$0,$0,$35,36,$0.02,$0.02,$83,$0,$0,$794,$29,$221,$0,$21,$272,$1065,$925,$22,$6,$29,$954,$0,$-36,$-1,$111,$1065,$1,$1,$1,$2,$3,$0,$-0,$0,$3,$6,$-7,$0,$0,$0,$-12,$-12,$-40,$-59,$0,$0,$0,$45,$45,$0,$55,$100,$47,$0,$0
18,2014-03-31,3.85,$2.49,1.54,$1.79,2.15,$-0.16,0.0,$-0.15,0.0,$0.73B,$0.88B,0.83,$0.02B,$0.07B,0.35,$0.05B,$0.04B,91.49%,$0.05B,$-0.00B,-4.26%,$0.05B,0,0.00%,$0.05B,0,0.00%,$0.05B,$-0.00B,-6.38%,$0.05B,$-0.00B,-6.38%,$-0.00B,$0.07B,-4.55%,$-0.00B,$0.07B,-4.55%,$-0.00B,$0.97B,-0.32%,$-0.00B,$0.09B,-2.25%,$12,$1,$11,$0,$9,$11,$1,$0,$1,$-0,$1,$1,$1,$0,$0,$26,26,$0.03,$0.03,$34,$0,$0,$726,$24,$203,$0,$21,$248,$974,$880,$22,$6,$29,$909,$0,$-37,$-2,$65,$974,$1,$1,$0,$1,$1,$0,$-0,$0,$0,$2,$-2,$0,$0,$0,$6,$6,$-18,$-14,$0,$0,$0,$0,$0,$0,$10,$10,$-2,$0,$0
19,2013-12-31,2.98,$2.41,1.24,$1.78,1.67,$-0.15,0.0,$-0.14,0.0,$0.71B,$0.87B,0.82,$0.02B,$0.06B,0.36,$0.05B,$0.04B,91.30%,$0.05B,$-0.00B,-4.35%,$0.05B,0,0.00%,$0.05B,0,0.00%,$0.05B,$-0.00B,-6.52%,$0.05B,$-0.00B,-6.52%,$-0.00B,$0.06B,-4.44%,$-0.00B,$0.06B,-4.44%,$-0.00B,$0.96B,-0.32%,$-0.00B,$0.09B,-2.22%,$12,$1,$11,$0,$12,$14,$-2,$0,$-3,$0,$-3,$-3,$-3,$0,$0,$26,26,$-0.12,$-0.12,$36,$0,$0,$711,$23,$206,$0,$22,$251,$962,$870,$22,$7,$29,$899,$0,$-38,$-3,$63,$962,$-3,$3,$7,$10,$-5,$0,$-0,$-0,$-6,$1,$-3,$0,$0,$0,$-19,$-19,$-51,$-73,$0,$0,$0,$0,$0,$0,$-20,$-20,$-92,$0,$0
20,2013-09-30,3.19,$2.57,1.24,$1.80,1.77,$0.20,15.98,$0.02,159.5,$0.70B,$0.85B,0.82,$0.02B,$0.07B,0.34,$0.05B,$0.04B,91.30%,$0.05B,$0.00B,2.17%,$0.05B,0,0.00%,$0.05B,0,0.00%,$0.05B,$0.00B,2.17%,$0.05B,$0.00B,2.17%,$0.00B,$0.07B,1.44%,$0.00B,$0.07B,1.44%,$0.00B,$0.94B,0.11%,$0.00B,$0.09B,1.09%,$11,$1,$10,$0,$12,$13,$-2,$0,$-2,$-0,$-2,$-2,$-2,$0,$0,$26,26,$-0.09,$-0.09,$44,$0,$0,$696,$21,$201,$0,$24,$247,$943,$846,$22,$7,$30,$876,$0,$-34,$-2,$67,$943,$-0,$2,$2,$4,$-9,$0,$1,$-0,$-8,$-5,$-1,$0,$0,$0,$-13,$-13,$-22,$-35,$0,$0,$0,$0,$0,$0,$-44,$-44,$-84,$0,$0
21,2013-06-30,2.85,$2.66,1.07,$1.81,1.57,$0.55,5.14,$0.13,21.92,$0.69B,$0.82B,0.84,$0.02B,$0.07B,0.32,$0.05B,$0.04B,91.30%,$0.05B,$0.00B,6.52%,$0.05B,0,0.00%,$0.05B,0,0.00%,$0.05B,$0.00B,6.52%,$0.05B,$0.00B,6.52%,$0.00B,$0.07B,4.30%,$0.00B,$0.07B,4.30%,$0.00B,$0.92B,0.32%,$0.00B,$0.09B,3.26%,$12,$1,$11,$0,$10,$11,$1,$0,$1,$-0,$1,$1,$1,$0,$0,$26,26,$0.04,$0.04,$57,$0,$0,$688,$21,$187,$0,$23,$231,$920,$821,$22,$6,$29,$850,$0,$-32,$-2,$69,$920,$2,$1,$1,$2,$-1,$0,$-0,$-0,$-1,$4,$-0,$0,$0,$0,$2,$2,$-9,$-6,$0,$0,$0,$0,$0,$0,$-68,$-68,$-71,$0,$0
22,2013-03-31,2.77,$2.70,1.02,$1.82,1.53,$0.48,5.76,$0.13,21.31,$0.69B,$0.83B,0.84,$0.02B,$0.07B,0.32,$0.05B,$0.04B,91.30%,$0.05B,$0.00B,6.52%,$0.05B,0,0.00%,$0.05B,0,0.00%,$0.05B,$0.00B,6.52%,$0.05B,$0.00B,6.52%,$0.00B,$0.07B,4.33%,$0.00B,$0.07B,4.33%,$0.00B,$0.93B,0.31%,$0.00B,$0.09B,3.28%,$11,$1,$10,$0,$9,$10,$1,$0,$1,$-0,$1,$1,$1,$0,$0,$26,26,$0.04,$0.04,$72,$0,$0,$693,$22,$177,$0,$34,$233,$926,$827,$22,$6,$29,$856,$0,$-33,$1,$71,$926,$1,$1,$0,$1,$-1,$0,$-0,$-0,$-1,$1,$-0,$0,$0,$0,$16,$16,$-10,$6,$0,$0,$0,$0,$0,$0,$-63,$-63,$-56,$0,$0
23,2012-12-31,2.07,$2.68,0.77,$1.81,1.14,$0.46,4.46,$0.14,14.79,$0.74B,$0.89B,0.83,$0.02B,$0.07B,0.32,$0.05B,$0.04B,89.13%,$0.05B,$0.00B,6.52%,$0.05B,0,0.00%,$0.05B,0,0.00%,$0.05B,$0.00B,6.52%,$0.05B,$0.00B,6.52%,$0.00B,$0.07B,4.41%,$0.00B,$0.07B,4.41%,$0.00B,$0.99B,0.31%,$0.00B,$0.09B,3.31%,$12,$1,$11,$0,$10,$11,$1,$0,$1,$-0,$1,$1,$1,$0,$0,$26,26,$0.03,$0.03,$128,$0,$0,$740,$22,$193,$0,$34,$249,$989,$890,$22,$7,$29,$919,$0,$-34,$1,$70,$989,$4,$2,$1,$3,$1,$0,$-0,$-0,$0,$7,$-0,$0,$0,$0,$-11,$-11,$-35,$-47,$0,$0,$0,$0,$0,$0,$-63,$-63,$-103,$0,$0
24,2012-09-30,2.12,$2.64,0.8,$1.84,1.15,$0.49,4.35,$-0.78,0.0,$0.72B,$0.87B,0.82,$0.02B,$0.07B,0.33,$0.05B,$0.04B,87.23%,$0.05B,$-0.01B,-23.40%,$0.05B,0,0.00%,$0.05B,0,0.00%,$0.05B,$-0.01B,-23.40%,$0.05B,$-0.02B,-44.68%,$-0.02B,$0.07B,-31.46%,$-0.02B,$0.07B,-31.46%,$-0.02B,$0.97B,-2.15%,$-0.01B,$0.09B,-12.32%,$11,$1,$10,$0,$9,$11,$0,$0,$0,$-0,$0,$0,$0,$0,$0,$26,26,$0.02,$0.02,$98,$0,$0,$715,$22,$197,$0,$32,$252,$967,$869,$22,$7,$29,$898,$0,$-35,$1,$69,$967,$3,$2,$0,$2,$-0,$0,$-0,$-0,$-1,$4,$-0,$0,$0,$0,$-15,$-15,$-38,$-53,$0,$0,$0,$0,$0,$0,$-84,$-84,$-133,$0,$0
25,2012-06-30,2.09,$2.58,0.81,$1.93,1.09,$0.52,4.0,$-0.75,0.0,$0.70B,$0.84B,0.83,$0.02B,$0.07B,0.33,$0.05B,$0.04B,86.00%,$0.05B,$-0.01B,-18.00%,$0.05B,0,0.00%,$0.05B,0,0.00%,$0.05B,$-0.01B,-18.00%,$0.05B,$-0.02B,-40.00%,$-0.02B,$0.07B,-27.97%,$-0.02B,$0.07B,-27.97%,$-0.02B,$0.94B,-2.05%,$-0.01B,$0.09B,-9.55%,$12,$2,$11,$0,$9,$11,$1,$0,$1,$0,$1,$1,$1,$0,$0,$26,26,$0.04,$0.04,$99,$0,$0,$699,$23,$185,$0,$32,$240,$938,$842,$22,$7,$29,$871,$0,$-36,$-0,$67,$938,$2,$1,$-1,$0,$-1,$0,$-0,$-0,$-1,$2,$-0,$0,$0,$0,$-4,$-4,$-18,$-22,$0,$0,$0,$0,$0,$0,$-111,$-111,$-132,$0,$0
26,2012-03-31,2.36,$2.55,0.93,$1.91,1.24,$0.36,6.6,$-0.81,0.0,$0.72B,$0.86B,0.83,$0.02B,$0.07B,0.34,$0.05B,$0.04B,84.00%,$0.05B,$-0.01B,-22.00%,$0.05B,0,0.00%,$0.05B,0,0.00%,$0.05B,$-0.01B,-22.00%,$0.05B,$-0.02B,-42.00%,$-0.02B,$0.07B,-27.45%,$-0.02B,$0.07B,-27.45%,$-0.02B,$0.96B,-2.18%,$-0.01B,$0.09B,-11.08%,$11,$2,$9,$0,$8,$10,$1,$0,$1,$-0,$1,$1,$1,$0,$0,$26,26,$0.05,$0.05,$118,$0,$0,$716,$23,$188,$0,$32,$243,$958,$863,$22,$7,$29,$892,$0,$-37,$0,$66,$958,$1,$1,$-1,$-0,$-1,$0,$0,$-0,$-1,$0,$-0,$0,$0,$0,$-8,$-8,$-14,$-22,$0,$5,$5,$0,$0,$0,$-95,$-91,$-113,$0,$0
27,2011-12-31,1.45,$2.49,0.58,$1.88,0.77,$0.19,7.67,$-0.96,0.0,$0.81B,$0.95B,0.85,$0.02B,$0.07B,0.35,$0.05B,$0.04B,85.71%,$0.05B,$-0.02B,-32.65%,$0.05B,0,0.00%,$0.05B,0,0.00%,$0.05B,$-0.02B,-32.65%,$0.05B,$-0.03B,-51.02%,$-0.03B,$0.07B,-30.67%,$-0.03B,$0.07B,-30.67%,$-0.03B,$1.05B,-2.65%,$-0.02B,$0.09B,-15.35%,$13,$2,$11,$0,$24,$26,$-13,$0,$-13,$10,$-23,$-23,$-23,$0,$0,$26,26,$-0.88,$-0.88,$231,$0,$0,$812,$24,$180,$0,$32,$235,$1047,$954,$22,$6,$29,$983,$0,$-38,$-0,$65,$1047,$-25,$2,$30,$32,$1,$0,$-0,$-0,$0,$8,$-1,$0,$0,$0,$-28,$-28,$20,$-8,$0,$0,$0,$0,$0,$0,$195,$195,$195,$0,$0
28,2011-09-30,1.55,$3.39,0.46,$1.96,0.79,$0.27,5.73,$-0.06,0.0,$0.72B,$0.84B,0.86,$0.02B,$0.09B,0.26,$0.05B,$0.04B,85.11%,$0.05B,$-0.00B,-6.38%,$0.05B,0,0.00%,$0.05B,0,0.00%,$0.05B,$-0.00B,-6.38%,$0.05B,$-0.00B,-4.26%,$-0.00B,$0.09B,-2.29%,$-0.00B,$0.09B,-2.29%,$-0.00B,$0.95B,-0.22%,$-0.00B,$0.11B,-2.72%,$14,$2,$12,$0,$9,$12,$2,$0,$2,$1,$1,$1,$1,$0,$0,$26,26,$0.05,$0.05,$91,$0,$0,$717,$24,$160,$0,$52,$236,$953,$835,$22,$7,$30,$864,$0,$-15,$0,$88,$953,$-2,$2,$7,$8,$-2,$0,$1,$-0,$-1,$5,$-0,$0,$0,$0,$-7,$-7,$-18,$-25,$0,$0,$0,$0,$0,$0,$76,$76,$55,$0,$0
29,2011-06-30,2.24,$3.34,0.67,$1.85,1.21,$0.27,8.25,$-0.11,0.0,$0.66B,$0.79B,0.84,$0.02B,$0.09B,0.26,$0.04B,$0.04B,81.82%,$0.04B,$-0.01B,-11.36%,$0.04B,0,0.00%,$0.04B,0,0.00%,$0.04B,$-0.01B,-11.36%,$0.04B,$-0.00B,-6.82%,$-0.00B,$0.09B,-3.42%,$-0.00B,$0.09B,-3.42%,$-0.00B,$0.90B,-0.33%,$-0.01B,$0.11B,-4.51%,$12,$2,$10,$0,$10,$13,$-1,$0,$-1,$-0,$-0,$-0,$-0,$0,$0,$26,26,$-0.02,$-0.02,$24,$0,$0,$657,$24,$168,$0,$51,$244,$901,$785,$22,$7,$29,$814,$0,$-16,$1,$87,$901,$-3,$1,$6,$7,$-7,$0,$0,$-0,$-7,$-2,$-0,$0,$0,$0,$-15,$-15,$-19,$-35,$0,$0,$0,$0,$0,$0,$25,$25,$-12,$0,$0
30,2011-03-31,2.79,$3.31,0.84,$2.29,1.21,$0.70,4.01,$-0.69,0.0,$0.66B,$0.76B,0.86,$0.02B,$0.09B,0.26,$0.04B,$0.03B,80.95%,$0.04B,$-0.02B,-35.71%,$0.04B,0,0.00%,$0.04B,0,0.00%,$0.04B,$-0.02B,-35.71%,$0.04B,$-0.01B,-23.81%,$-0.01B,$0.09B,-11.33%,$-0.01B,$0.09B,-11.33%,$-0.01B,$0.88B,-1.10%,$-0.02B,$0.11B,-13.51%,$10,$2,$9,$0,$12,$14,$-4,$0,$-4,$-1,$-3,$-3,$-3,$0,$0,$26,26,$-0.10,$-0.10,$29,$0,$0,$655,$25,$146,$0,$52,$222,$877,$762,$22,$6,$29,$791,$0,$-16,$-0,$86,$877,$-3,$1,$5,$5,$-7,$0,$-0,$-0,$-7,$-4,$-0,$0,$0,$0,$5,$5,$-11,$-6,$0,$0,$0,$0,$0,$0,$3,$3,$-7,$0,$0
31,2010-12-31,2.44,$3.38,0.72,$2.92,0.84,$0.96,2.53,$-0.96,0.0,$0.65B,$0.76B,0.85,$0.02B,$0.09B,0.26,$0.04B,$0.03B,76.74%,$0.04B,$-0.02B,-39.53%,$0.04B,0,0.00%,$0.04B,0,0.00%,$0.04B,$-0.02B,-39.53%,$0.04B,$-0.01B,-25.58%,$-0.01B,$0.09B,-13.25%,$-0.01B,$0.09B,-13.25%,$-0.01B,$0.88B,-1.18%,$-0.02B,$0.11B,-15.18%,$11,$2,$9,$0,$8,$11,$0,$0,$0,$0,$0,$0,$0,$0,$0,$19,19,$0.40,$0.40,$36,$0,$0,$648,$25,$150,$0,$53,$228,$876,$759,$22,$7,$29,$788,$0,$-13,$-1,$88,$876,$-11,$2,$12,$14,$7,$0,$-0,$-0,$7,$10,$-3,$0,$0,$0,$42,$42,$52,$92,$-25,$0,$-25,$29,$29,$0,$-125,$-121,$-20,$0,$0
32,2010-09-30,2.03,$3.46,0.59,$3.23,0.63,$-0.79,0.0,$-1.20,0.0,$0.71B,$0.83B,0.86,$0.02B,$0.09B,0.25,$0.04B,$0.03B,73.17%,$0.04B,$-0.02B,-46.34%,$0.04B,0,0.00%,$0.04B,0,0.00%,$0.04B,$-0.02B,-51.22%,$0.04B,$-0.01B,-31.71%,$-0.01B,$0.09B,-16.56%,$-0.01B,$0.09B,-16.56%,$-0.01B,$0.95B,-1.35%,$-0.02B,$0.11B,-16.70%,$11,$2,$8,$0,$8,$11,$0,$0,$0,$-0,$0,$0,$0,$0,$0,$26,26,$0.00,$0.00,$86,$0,$0,$714,$26,$157,$0,$50,$232,$947,$827,$22,$7,$29,$856,$0,$-13,$1,$90,$947,$-11,$2,$18,$20,$-2,$0,$1,$-0,$-2,$7,$-3,$0,$0,$0,$38,$38,$41,$77,$-25,$0,$-25,$29,$29,$0,$-58,$-54,$30,$0,$0
33,2010-06-30,1.95,$3.46,0.56,$3.85,0.51,$-1.72,0.0,$-1.18,0.0,$0.68B,$0.82B,0.83,$0.02B,$0.09B,0.25,$0.04B,$0.03B,70.73%,$0.04B,$-0.02B,-46.34%,$0.04B,0,0.00%,$0.04B,0,0.00%,$0.04B,$-0.02B,-51.22%,$0.04B,$-0.01B,-31.71%,$-0.01B,$0.09B,-17.51%,$-0.01B,$0.09B,-17.51%,$-0.01B,$0.93B,-1.35%,$-0.02B,$0.11B,-16.45%,$10,$3,$8,$0,$18,$21,$-11,$0,$-11,$-4,$-7,$-7,$-7,$0,$0,$12,12,$-0.60,$-0.60,$15,$0,$0,$678,$24,$180,$0,$52,$257,$934,$817,$22,$7,$29,$846,$0,$-13,$1,$89,$934,$-11,$1,$17,$18,$-4,$0,$1,$-0,$-4,$4,$-0,$0,$0,$0,$13,$13,$8,$21,$-25,$9,$-16,$28,$28,$0,$-78,$-66,$-40,$0,$0
34,2010-03-31,3.87,$6.11,0.63,$4.01,0.96,$-2.54,0.0,$-1.09,0.0,$0.71B,$0.85B,0.84,$0.05B,$0.07B,0.73,$0.04B,$0.03B,66.67%,$0.04B,$-0.02B,-38.10%,$0.04B,0,0.00%,$0.04B,0,0.00%,$0.04B,$-0.02B,-42.86%,$0.04B,$-0.01B,-26.19%,$-0.01B,$0.07B,-15.77%,$-0.01B,$0.07B,-15.77%,$-0.01B,$0.97B,-1.14%,$-0.02B,$0.11B,-13.62%,$11,$3,$8,$0,$13,$17,$-6,$0,$-6,$-2,$-4,$-4,$-4,$0,$0,$11,11,$-0.37,$-0.37,$39,$0,$0,$708,$24,$183,$0,$51,$259,$968,$848,$47,$6,$54,$902,$0,$-6,$-2,$65,$968,$-4,$0,$6,$6,$-2,$0,$1,$-0,$-1,$1,$-0,$0,$0,$0,$7,$7,$12,$19,$0,$0,$0,$0,$0,$0,$-37,$-37,$-17,$0,$0
35,2009-12-31,4.27,$6.59,0.65,$4.09,1.04,$-2.62,0.0,$-1.07,0.0,$0.74B,$0.89B,0.84,$0.05B,$0.07B,0.68,$0.04B,$0.03B,65.12%,$0.04B,$-0.02B,-37.21%,$0.04B,0,0.00%,$0.04B,0,0.00%,$0.04B,$-0.02B,-41.86%,$0.04B,$-0.01B,-25.58%,$-0.01B,$0.07B,-15.17%,$-0.01B,$0.07B,-15.17%,$-0.01B,$1.01B,-1.16%,$-0.02B,$0.12B,-13.31%,$9,$4,$6,$0,$7,$12,$-2,$0,$-4,$-1,$-2,$-2,$-2,$0,$0,$11,11,$-0.23,$-0.23,$56,$0,$0,$741,$24,$192,$0,$51,$268,$1009,$885,$47,$6,$54,$938,$0,$-2,$-1,$70,$1009,$-11,$2,$16,$18,$-8,$0,$-1,$-0,$-9,$-3,$-12,$0,$0,$0,$-103,$-103,$73,$-42,$0,$-77,$-77,$-0,$-0,$0,$144,$66,$21,$1,$0
36,2009-09-30,4.54,$6.82,0.67,$4.28,1.06,$-1.12,0.0,$-0.79,0.0,$0.78B,$0.83B,0.94,$0.05B,$0.07B,0.65,$0.05B,$0.03B,62.22%,$0.05B,$-0.01B,-28.89%,$0.05B,0,0.00%,$0.05B,0,0.00%,$0.05B,$-0.02B,-33.33%,$0.05B,$-0.01B,-20.00%,$-0.01B,$0.07B,-12.04%,$-0.01B,$0.07B,-12.04%,$-0.01B,$0.95B,-0.96%,$-0.01B,$0.12B,-10.61%,$11,$4,$7,$0,$6,$11,$0,$0,$0,$0,$0,$0,$0,$0,$0,$11,11,$0.02,$0.02,$77,$0,$0,$778,$25,$109,$0,$41,$175,$952,$827,$47,$6,$53,$880,$0,$-0,$-1,$73,$952,$-9,$1,$16,$17,$-4,$0,$-0,$-0,$-4,$4,$-12,$0,$0,$0,$-18,$-18,$61,$32,$0,$-77,$-77,$0,$0,$0,$84,$7,$43,$1,$0
37,2009-06-30,7.8,$6.69,1.17,$4.41,1.77,$-0.30,0.0,$-0.67,0.0,$0.79B,$0.81B,0.98,$0.05B,$0.07B,0.67,$0.05B,$0.03B,60.42%,$0.05B,$-0.01B,-22.92%,$0.05B,0,0.00%,$0.05B,0,0.00%,$0.05B,$-0.01B,-27.08%,$0.05B,$-0.01B,-14.58%,$-0.01B,$0.07B,-9.18%,$-0.01B,$0.07B,-9.18%,$-0.01B,$0.94B,-0.74%,$-0.01B,$0.12B,-8.85%,$11,$4,$7,$0,$15,$20,$-8,$0,$-8,$-3,$-5,$-5,$-5,$0,$0,$11,11,$-0.51,$-0.51,$57,$0,$0,$793,$23,$81,$0,$41,$144,$937,$812,$47,$6,$53,$866,$0,$-0,$-2,$71,$937,$-9,$1,$16,$16,$-4,$0,$1,$-0,$-3,$4,$-9,$0,$0,$0,$9,$9,$27,$27,$0,$-77,$-77,$0,$0,$0,$69,$-8,$23,$1,$0
38,2009-03-31,7.13,$7.19,0.99,$4.65,1.53,$0.25,28.3,$-0.05,0.0,$0.77B,$0.78B,0.99,$0.05B,$0.08B,0.62,$0.05B,$0.03B,58.82%,$0.05B,$-0.00B,-1.96%,$0.05B,0,0.00%,$0.05B,0,0.00%,$0.05B,$-0.00B,-5.88%,$0.05B,$-0.00B,-1.96%,$-0.00B,$0.08B,-1.28%,$-0.00B,$0.08B,-1.28%,$-0.00B,$0.91B,-0.11%,$-0.00B,$0.12B,-0.79%,$12,$4,$8,$0,$13,$18,$-6,$0,$-6,$-2,$-4,$-4,$-4,$0,$0,$11,11,$-0.35,$-0.35,$26,$0,$0,$772,$15,$86,$0,$38,$140,$911,$782,$47,$5,$53,$835,$0,$5,$-1,$76,$911,$-4,$0,$7,$7,$-2,$0,$0,$-0,$-2,$2,$-1,$0,$0,$0,$4,$4,$25,$27,$0,$-77,$-77,$0,$0,$0,$40,$-37,$-8,$1,$0
39,2008-12-31,8.8,$7.46,1.18,$5.03,1.75,$0.17,50.75,$0.04,220.0,$0.81B,$0.82B,0.99,$0.05B,$0.08B,0.6,$0.05B,$0.03B,55.56%,$0.05B,$0.00B,1.85%,$0.05B,0,0.00%,$0.05B,0,0.00%,$0.05B,$-0.00B,-1.85%,$0.05B,0,0.00%,$0.00B,$0.08B,0.00%,$0.00B,$0.08B,0.00%,$0.00B,$0.95B,0.00%,$0.00B,$0.13B,0.85%,$11,$5,$6,$0,$5,$11,$1,$0,$-1,$-0,$-0,$-0,$-0,$0,$0,$11,11,$-0.02,$-0.02,$34,$0,$0,$813,$14,$90,$0,$35,$139,$952,$819,$47,$6,$54,$873,$0,$8,$-1,$79,$952,$-0,$1,$10,$11,$-5,$0,$0,$-0,$-5,$5,$-4,$0,$0,$0,$-4,$-4,$24,$17,$36,$-56,$-20,$1,$1,$0,$-41,$-61,$-39,$0,$0
40,2008-09-30,8.61,$7.47,1.15,$5.57,1.54,$0.11,76.74,$0.14,61.5,$0.83B,$0.83B,0.99,$0.05B,$0.08B,0.6,$0.06B,$0.03B,53.33%,$0.06B,$0.00B,3.33%,$0.06B,0,0.00%,$0.06B,0,0.00%,$0.06B,$0.00B,3.33%,$0.06B,$0.00B,3.33%,$0.00B,$0.08B,2.54%,$0.00B,$0.08B,2.54%,$0.00B,$0.97B,0.20%,$0.00B,$0.13B,1.84%,$14,$6,$8,$0,$6,$12,$2,$0,$2,$1,$2,$2,$2,$0,$0,$11,12,$0.14,$0.14,$58,$0,$0,$826,$14,$93,$0,$31,$139,$965,$833,$47,$5,$52,$885,$0,$9,$-2,$79,$965,$-0,$1,$8,$8,$-1,$0,$-2,$-0,$-3,$5,$-4,$0,$0,$0,$-6,$-6,$36,$27,$36,$-33,$3,$1,$1,$0,$-51,$-47,$-15,$0,$0
41,2008-06-30,7.26,$7.43,0.98,$6.16,1.18,$-0.10,0.0,$0.12,60.5,$0.81B,$0.82B,0.99,$0.05B,$0.08B,0.61,$0.06B,$0.03B,51.56%,$0.06B,$0.00B,3.13%,$0.06B,0,0.00%,$0.06B,0,0.00%,$0.06B,$0.00B,3.13%,$0.06B,$0.00B,1.56%,$0.00B,$0.08B,1.27%,$0.00B,$0.08B,1.27%,$0.00B,$0.95B,0.10%,$0.00B,$0.13B,2.02%,$14,$6,$8,$0,$6,$12,$2,$0,$2,$1,$1,$1,$1,$0,$0,$10,11,$0.11,$0.11,$24,$0,$0,$812,$12,$85,$0,$38,$135,$948,$818,$47,$4,$51,$869,$0,$7,$-1,$78,$948,$-2,$1,$7,$8,$-0,$0,$-3,$-0,$-4,$2,$-2,$0,$0,$0,$4,$4,$9,$11,$36,$-47,$-11,$1,$1,$0,$-52,$-63,$-49,$0,$0
42,2008-03-31,4.93,$7.48,0.66,$6.53,0.76,$0.13,37.38,$0.19,25.95,$0.86B,$0.91B,0.95,$0.01B,$0.08B,0.15,$0.07B,$0.03B,48.53%,$0.07B,$0.00B,4.41%,$0.07B,0,0.00%,$0.07B,0,0.00%,$0.07B,$0.00B,4.41%,$0.07B,$0.00B,2.94%,$0.00B,$0.08B,2.56%,$0.00B,$0.08B,2.56%,$0.00B,$1.00B,0.20%,$0.00B,$0.09B,3.33%,$15,$8,$8,$0,$12,$20,$-4,$0,$-4,$-2,$-3,$-3,$-3,$0,$0,$10,10,$-0.27,$-0.27,$71,$0,$0,$863,$12,$86,$0,$39,$137,$999,$906,$11,$4,$15,$921,$0,$6,$0,$78,$999,$-3,$0,$7,$7,$-2,$0,$-2,$-0,$-4,$0,$-1,$0,$0,$0,$4,$4,$6,$9,$0,$19,$19,$0,$0,$0,$-31,$-12,$-3,$0,$0
43,2007-12-31,6.95,$7.80,0.89,$6.68,1.04,$0.14,48.6,$0.65,10.69,$0.89B,$0.92B,0.97,$0.01B,$0.08B,0.14,$0.07B,$0.03B,46.48%,$0.07B,$0.01B,14.08%,$0.07B,0,0.00%,$0.07B,0,0.00%,$0.07B,$0.01B,14.08%,$0.07B,$0.01B,9.86%,$0.01B,$0.08B,8.97%,$0.01B,$0.08B,8.97%,$0.01B,$1.02B,0.68%,$0.01B,$0.09B,11.30%,$17,$9,$8,$0,$5,$15,$2,$0,$2,$1,$2,$2,$2,$0,$0,$10,11,$0.15,$0.15,$73,$0,$0,$891,$11,$90,$0,$23,$125,$1016,$918,$11,$6,$18,$936,$0,$9,$0,$80,$1016,$7,$1,$1,$2,$-1,$0,$0,$-0,$-2,$8,$-7,$0,$0,$0,$19,$19,$-34,$-22,$5,$-26,$-21,$-1,$-1,$0,$26,$4,$-10,$-0,$0
44,2007-09-30,8.0,$7.59,1.05,$6.73,1.19,$1.26,6.35,$0.73,11.0,$0.92B,$0.94B,0.97,$0.01B,$0.08B,0.15,$0.07B,$0.03B,47.22%,$0.07B,$0.01B,16.67%,$0.07B,0,0.00%,$0.07B,0,0.00%,$0.07B,$0.01B,16.67%,$0.07B,$0.01B,9.72%,$0.01B,$0.08B,9.12%,$0.01B,$0.08B,9.12%,$0.01B,$1.04B,0.69%,$0.01B,$0.09B,13.99%,$18,$10,$9,$0,$6,$17,$2,$0,$2,$1,$1,$1,$1,$0,$0,$10,11,$0.12,$0.12,$77,$0,$0,$915,$11,$91,$0,$23,$125,$1040,$943,$11,$8,$19,$962,$0,$7,$-0,$78,$1040,$5,$1,$1,$2,$-1,$0,$-1,$-0,$-3,$5,$-6,$0,$0,$0,$17,$17,$-50,$-39,$5,$9,$14,$-1,$-1,$0,$15,$28,$-6,$0,$0
45,2007-06-30,9.6,$7.44,1.29,$6.57,1.46,$2.33,4.12,$0.83,11.5,$0.91B,$0.93B,0.98,$0.01B,$0.08B,0.15,$0.07B,$0.03B,47.89%,$0.07B,$0.01B,19.72%,$0.07B,0,0.00%,$0.07B,0,0.00%,$0.07B,$0.01B,19.72%,$0.07B,$0.01B,11.27%,$0.01B,$0.08B,10.63%,$0.01B,$0.08B,10.63%,$0.01B,$1.03B,0.80%,$0.01B,$0.09B,16.92%,$18,$10,$8,$0,$5,$15,$3,$0,$3,$1,$2,$2,$2,$0,$0,$10,11,$0.19,$0.18,$72,$0,$0,$906,$9,$87,$0,$23,$118,$1025,$927,$11,$9,$20,$947,$0,$6,$-1,$77,$1025,$4,$1,$0,$1,$-1,$0,$2,$-0,$2,$6,$-4,$0,$0,$0,$21,$21,$-45,$-28,$5,$-38,$-33,$-0,$-0,$0,$43,$10,$-11,$0,$0
46,2007-03-31,12.92,$7.36,1.75,$6.33,2.04,$2.51,5.14,$0.89,14.5,$0.87B,$0.92B,0.95,$0.01B,$0.08B,0.08,$0.07B,$0.04B,51.47%,$0.07B,$0.02B,22.06%,$0.07B,0,0.00%,$0.07B,0,0.00%,$0.07B,$0.02B,22.06%,$0.07B,$0.01B,13.24%,$0.01B,$0.08B,12.29%,$0.01B,$0.08B,12.29%,$0.01B,$1.01B,0.93%,$0.02B,$0.08B,18.87%,$18,$10,$8,$0,$5,$15,$3,$0,$3,$1,$2,$2,$2,$0,$0,$10,11,$0.20,$0.20,$39,$0,$0,$869,$7,$110,$0,$22,$138,$1007,$917,$6,$7,$13,$930,$0,$4,$0,$77,$1007,$2,$0,$0,$0,$-1,$0,$0,$-0,$-1,$1,$-1,$0,$0,$0,$-0,$-0,$-40,$-42,$0,$-63,$-63,$0,$0,$0,$59,$-4,$-44,$0,$0
47,2006-12-31,12.95,$7.87,1.65,$6.21,2.08,$2.99,4.33,$0.94,13.79,$0.87B,$0.92B,0.95,$0.01B,$0.08B,0.08,$0.07B,$0.04B,56.06%,$0.07B,$0.02B,24.24%,$0.07B,0,0.00%,$0.07B,0,0.00%,$0.07B,$0.02B,24.24%,$0.07B,$0.01B,15.15%,$0.01B,$0.08B,14.13%,$0.01B,$0.08B,14.13%,$0.01B,$1.01B,1.08%,$0.02B,$0.08B,20.78%,$18,$9,$9,$0,$5,$14,$4,$0,$4,$1,$2,$2,$2,$0,$0,$10,11,$0.24,$0.23,$83,$0,$0,$872,$6,$109,$0,$22,$136,$1009,$920,$6,$8,$14,$934,$0,$14,$0,$75,$1009,$10,$1,$1,$2,$4,$0,$0,$-0,$4,$16,$-3,$0,$0,$0,$-65,$-65,$-115,$-183,$0,$36,$36,$1,$1,$0,$107,$144,$-24,$-0,$0
