,Date,Stock Price,Book Value per Share,Price to Book Ratio,TTM Sales per Share,Price to Sales Ratio,TTM FCF per Share,Price to FCF Ratio,TTM Net EPS,PE Ratio,Current Assets,Current Liabilities,Current Ratio,Long Term Debt,Shareholder's Equity_x,Debt to Equity Ratio,TTM Revenue_x,TTM Gross Profit,Gross Margin,TTM Revenue_y,TTM Operating Income,Operating Margin,TTM Revenue_x,TTM EBIT,EBIT Margin,TTM Revenue_y,TTM EBITDA,EBITDA Margin,TTM Revenue_x,TTM Pre-Tax Income,Pre-Tax Margin,TTM Revenue_y,TTM Net Income_x,Net Margin,TTM Net Income_y,Shareholder's Equity_y,Return on Equity,TTM Net Income_x,Tangible Equity,Return on Tangible Equity,TTM Net Income_y,Total Assets,Return on Assets,TTM Net Income,LT Investments & Debt,Return on Investment,revenue,cost-goods-sold,gross-profit,research-development-expenses,selling-general-administrative-expenses,operating-expenses,operating-income,total-non-operating-income-expense,pre-tax-income,total-provision-income-taxes,income-after-taxes,income-from-continuous-operations,net-income,ebitda,ebit,basic-shares-outstanding,shares-outstanding,eps-basic-net-earnings-per-share,eps-earnings-per-share-diluted,cash-on-hand,inventory,other-current-assets,total-current-assets,net-property-plant-equipment,long-term-investments,goodwill-intangible-assets-total,other-long-term-assets,total-long-term-assets,total-assets,total-current-liabilities,long-term-debt,other-non-current-liabilities,total-long-term-liabilities,total-liabilities,common-stock-net,retained-earnings-accumulated-deficit,comprehensive-income,total-share-holder-equity,total-liabilities-share-holders-equity,net-income-loss,total-depreciation-amortization-cash-flow,other-non-cash-items,total-non-cash-items,change-in-accounts-receivable,change-in-inventories,change-in-accounts-payable,change-in-assets-liabilities,total-change-in-assets-liabilities,cash-flow-from-operating-activities,net-change-in-property-plant-equipment,net-change-in-intangible-assets,net-acquisitions-divestitures,net-change-in-short-term-investments,net-change-in-long-term-investments,net-change-in-investments-total,investing-activities-other,cash-flow-from-investing-activities,net-long-term-debt,net-current-debt,debt-issuance-retirement-net-total,net-common-equity-issued-repurchased,net-total-equity-issued-repurchased,total-common-preferred-stock-dividends-paid,financial-activities-other,cash-flow-from-financial-activities,net-cash-flow,stock-based-compensation,common-stock-dividends-paid
0,2018-06-30,96.61,$50.89,1.9,$19.78,4.88,$12.51,7.73,$4.57,21.14,$72.79B,$73.37B,0.99,$11.32B,$7.14B,1.59,$3.24B,$2.83B,87.50%,$3.24B,$0.98B,30.16%,$3.24B,0,0.00%,$3.24B,0,0.00%,$3.24B,$0.98B,30.16%,$3.24B,$0.75B,23.19%,$0.75B,$8.28B,9.58%,$0.75B,$7.93B,10.03%,$0.75B,$93.85B,0.84%,$0.98B,$19.60B,5.37%,$914,$146,$769,$0,$503,$648,$266,$0,$266,$53,$214,$214,$196,$0,$0,$163,165,$1.20,$1.19,$3993,$0,$0,$72789,$312,$18872,$344,$1534,$21062,$93851,$73372,$11323,$881,$12204,$85575,$2,$3380,$-18,$8276,$93851,$409,$54,$21,$75,$17,$0,$0,$-155,$-138,$346,$-63,$0,$0,$0,$2226,$2226,$-6536,$-4372,$1350,$500,$1850,$6,$146,$-82,$3809,$5723,$1696,$0,$-58
1,2018-03-31,92.26,$48.41,1.91,$18.89,4.88,$13.35,6.91,$4.43,20.83,$69.34B,$71.26B,0.97,$10.17B,$7.00B,1.45,$3.08B,$2.73B,88.64%,$3.08B,$0.95B,30.67%,$3.08B,0,0.00%,$3.08B,0,0.00%,$3.08B,$0.95B,30.67%,$3.08B,$0.73B,23.53%,$0.73B,$7.84B,9.56%,$0.73B,$7.49B,10.03%,$0.73B,$90.22B,0.84%,$0.95B,$18.01B,5.42%,$867,$123,$744,$0,$492,$615,$252,$0,$252,$42,$210,$210,$198,$0,$0,$162,165,$1.22,$1.20,$3840,$0,$0,$69339,$300,$18970,$349,$1266,$20884,$90224,$71255,$10172,$960,$11132,$82387,$2,$3212,$-14,$7837,$90224,$199,$26,$-14,$12,$1,$0,$0,$56,$57,$269,$-26,$0,$0,$0,$2130,$2130,$-3073,$-969,$200,$-100,$100,$3,$-147,$-40,$2331,$2243,$1543,$0,$-28
2,2017-12-31,86.16,$48.35,1.78,$17.99,4.79,$13.21,6.52,$4.31,19.99,$64.86B,$69.02B,0.94,$9.97B,$6.83B,1.46,$2.91B,$2.61B,89.63%,$2.91B,$0.91B,31.34%,$2.91B,0,0.00%,$2.91B,0,0.00%,$2.91B,$0.91B,31.34%,$2.91B,$0.70B,24.03%,$0.70B,$7.82B,9.46%,$0.70B,$7.46B,9.95%,$0.70B,$87.78B,0.85%,$0.91B,$17.79B,5.54%,$822,$101,$721,$0,$475,$575,$246,$0,$246,$47,$199,$199,$187,$0,$0,$162,165,$1.16,$1.13,$2297,$0,$0,$64859,$296,$21014,$356,$1255,$22922,$87781,$69019,$9972,$972,$10944,$79962,$2,$3052,$-4,$7818,$87781,$758,$92,$141,$233,$15,$0,$0,$7,$22,$1012,$-167,$0,$0,$0,$-3346,$-3346,$-10972,$-14484,$3285,$-26,$3259,$520,$364,$-166,$10204,$13661,$189,$0,$-108
3,2017-09-30,103.7,$47.03,2.2,$17.29,6.0,$12.97,7.99,$4.24,24.46,$62.52B,$65.89B,0.95,$9.97B,$6.44B,1.55,$2.77B,$2.51B,90.78%,$2.77B,$0.91B,32.72%,$2.77B,0,0.00%,$2.77B,0,0.00%,$2.77B,$0.91B,32.72%,$2.77B,$0.68B,24.66%,$0.68B,$7.43B,9.51%,$0.68B,$7.07B,10.02%,$0.68B,$84.32B,0.87%,$0.91B,$17.40B,5.87%,$793,$94,$699,$0,$447,$557,$237,$0,$237,$42,$194,$194,$180,$0,$0,$158,162,$1.12,$1.10,$2682,$0,$0,$62523,$278,$19978,$358,$1183,$21797,$84320,$65886,$9971,$1035,$11006,$76892,$2,$2899,$1,$7428,$84320,$563,$64,$77,$141,$15,$0,$0,$73,$88,$793,$-125,$0,$0,$0,$-2291,$-2291,$-8156,$-10572,$3285,$324,$3609,$241,$85,$-124,$6783,$10353,$574,$0,$-80
4,2017-06-30,99.2,$46.04,2.15,$16.52,6.0,$12.02,8.26,$4.10,24.2,$59.92B,$63.44B,0.94,$9.24B,$6.27B,1.47,$2.61B,$2.40B,91.88%,$2.61B,$0.87B,33.13%,$2.61B,0,0.00%,$2.61B,0,0.00%,$2.61B,$0.87B,33.13%,$2.61B,$0.65B,24.89%,$0.65B,$7.26B,9.39%,$0.65B,$6.89B,9.91%,$0.65B,$80.98B,0.87%,$0.87B,$16.50B,6.16%,$757,$86,$670,$0,$423,$515,$242,$0,$242,$42,$200,$200,$186,$0,$0,$158,162,$1.18,$1.14,$2295,$0,$0,$59919,$260,$19284,$366,$1149,$21059,$80978,$63444,$9243,$1031,$10274,$73718,$2,$2741,$2,$7260,$80978,$363,$40,$92,$133,$-5,$0,$0,$11,$6,$503,$-87,$0,$0,$0,$-1641,$-1641,$-5821,$-7549,$2535,$47,$2582,$238,$83,$-82,$4651,$7234,$187,$0,$-52
5,2017-03-31,92.8,$45.12,2.06,$15.91,5.83,$10.72,8.65,$4.01,23.14,$56.55B,$61.31B,0.92,$7.10B,$6.15B,1.16,$2.48B,$2.29B,92.65%,$2.48B,$0.85B,34.18%,$2.48B,0,0.00%,$2.48B,0,0.00%,$2.48B,$0.85B,34.18%,$2.48B,$0.63B,25.29%,$0.63B,$7.09B,9.36%,$0.63B,$6.72B,9.90%,$0.63B,$76.50B,0.89%,$0.85B,$14.19B,6.58%,$709,$67,$641,$0,$421,$488,$220,$0,$220,$34,$187,$187,$172,$0,$0,$157,162,$1.10,$1.06,$2756,$0,$0,$56552,$237,$18389,$372,$955,$19952,$76504,$61307,$7100,$1008,$8108,$69416,$2,$2596,$4,$7089,$76504,$177,$22,$78,$99,$1,$0,$0,$-18,$-18,$258,$-45,$0,$0,$0,$-672,$-672,$-1878,$-2595,$389,$-1,$389,$236,$37,$-40,$2600,$2985,$649,$0,$-25
6,2016-12-31,90.99,$44.78,2.03,$15.49,5.87,$10.13,8.98,$3.88,23.45,$54.22B,$58.70B,0.92,$6.71B,$5.77B,1.16,$2.38B,$2.21B,93.10%,$2.38B,$0.83B,34.85%,$2.38B,0,0.00%,$2.38B,0,0.00%,$2.38B,$0.83B,34.85%,$2.38B,$0.61B,25.46%,$0.61B,$6.91B,9.44%,$0.61B,$6.53B,10.00%,$0.61B,$73.28B,0.90%,$0.83B,$13.62B,6.98%,$654,$53,$601,$0,$388,$440,$214,$0,$214,$37,$177,$177,$162,$0,$0,$155,160,$1.04,$1.01,$2108,$0,$0,$54217,$208,$17552,$378,$923,$19061,$73278,$58702,$6711,$955,$7667,$66369,$2,$2460,$6,$6909,$73278,$673,$56,$60,$116,$-18,$0,$0,$81,$63,$852,$-87,$0,$-32,$0,$-4477,$-4477,$-8735,$-13331,$2287,$-4,$2284,$536,$681,$-164,$10654,$13455,$977,$0,$-95
7,2016-09-30,75.99,$42.93,1.77,$14.95,5.08,$9.11,8.34,$3.69,20.59,$51.46B,$55.26B,0.93,$5.41B,$5.31B,1.02,$2.26B,$2.11B,93.23%,$2.26B,$0.78B,34.54%,$2.26B,0,0.00%,$2.26B,0,0.00%,$2.26B,$0.78B,34.54%,$2.26B,$0.57B,25.12%,$0.57B,$6.44B,9.30%,$0.57B,$6.09B,9.87%,$0.57B,$67.99B,0.90%,$0.78B,$11.86B,7.10%,$646,$47,$599,$0,$365,$418,$229,$0,$229,$50,$179,$179,$162,$0,$0,$149,154,$1.07,$1.03,$1387,$0,$0,$51464,$190,$15143,$350,$846,$16529,$67994,$55262,$5412,$875,$6287,$61549,$2,$2322,$19,$6444,$67994,$494,$38,$63,$101,$-92,$0,$0,$42,$-49,$546,$-57,$0,$0,$0,$-2205,$-2205,$-6463,$-8724,$987,$97,$1085,$208,$353,$-122,$7118,$8435,$256,$0,$-70
8,2016-06-30,68.82,$42.12,1.63,$14.53,4.74,$9.39,7.33,$3.51,19.61,$49.33B,$52.11B,0.95,$5.48B,$5.17B,1.06,$2.17B,$2.02B,93.26%,$2.17B,$0.76B,34.97%,$2.17B,0,0.00%,$2.17B,0,0.00%,$2.17B,$0.76B,34.97%,$2.17B,$0.53B,24.67%,$0.53B,$6.31B,9.14%,$0.53B,$5.95B,9.69%,$0.53B,$64.73B,0.89%,$0.76B,$11.78B,7.16%,$602,$44,$558,$0,$350,$399,$202,$0,$202,$30,$172,$172,$154,$0,$0,$150,155,$1.03,$1.00,$1564,$0,$0,$49332,$182,$13891,$353,$972,$15398,$64730,$52111,$5475,$838,$6312,$58424,$1,$2192,$14,$6306,$64730,$322,$26,$69,$95,$-57,$0,$0,$-132,$-188,$229,$-36,$0,$0,$0,$-1106,$-1106,$-4055,$-5197,$1050,$848,$1898,$206,$351,$-80,$3231,$5400,$433,$0,$-46
9,2016-03-31,65.38,$40.90,1.6,$14.15,4.62,$9.99,6.54,$3.34,19.57,$47.12B,$51.04B,0.92,$4.23B,$4.85B,0.87,$2.08B,$1.94B,93.04%,$2.08B,$0.73B,35.08%,$2.08B,0,0.00%,$2.08B,0,0.00%,$2.08B,$0.73B,35.08%,$2.08B,$0.50B,24.14%,$0.50B,$5.99B,9.01%,$0.50B,$5.63B,9.53%,$0.50B,$62.10B,0.88%,$0.73B,$10.21B,7.15%,$573,$38,$535,$0,$328,$372,$201,$0,$201,$36,$165,$165,$148,$0,$0,$147,153,$1.00,$0.97,$1946,$0,$0,$47119,$175,$13653,$357,$799,$14983,$62103,$51035,$4226,$856,$5083,$56118,$1,$2060,$11,$5985,$62103,$157,$11,$59,$70,$6,$0,$0,$-105,$-100,$128,$-16,$0,$0,$0,$-826,$-826,$-1407,$-2250,$-200,$-1,$-201,$2,$147,$-39,$3029,$2937,$815,$0,$-22
10,2015-12-31,64.66,$39.05,1.66,$13.72,4.71,$9.68,6.68,$3.17,20.4,$45.00B,$47.99B,0.94,$4.43B,$4.72B,0.94,$1.99B,$1.84B,92.61%,$1.99B,$0.69B,34.69%,$1.99B,0,0.00%,$1.99B,0,0.00%,$1.99B,$0.69B,34.69%,$1.99B,$0.46B,23.33%,$0.46B,$5.71B,8.66%,$0.46B,$5.34B,9.15%,$0.46B,$58.98B,0.85%,$0.69B,$10.13B,6.71%,$555,$35,$520,$0,$317,$359,$196,$0,$196,$38,$157,$157,$141,$0,$0,$146,152,$0.97,$0.93,$1131,$0,$0,$45002,$172,$12627,$363,$817,$13979,$58981,$47993,$4427,$855,$5282,$53276,$1,$1950,$-5,$5706,$58981,$522,$27,$25,$51,$80,$0,$0,$-27,$54,$627,$-53,$0,$-115,$0,$-3725,$-3725,$-6381,$-10274,$-1275,$94,$-1181,$436,$532,$-143,$10753,$9961,$314,$0,$-84
11,2015-09-30,61.3,$37.79,1.62,$13.30,4.61,$9.10,6.73,$3.05,20.1,$44.15B,$44.44B,0.99,$4.78B,$4.40B,1.09,$1.91B,$1.76B,92.21%,$1.91B,$0.67B,34.81%,$1.91B,0,0.00%,$1.91B,0,0.00%,$1.91B,$0.67B,34.81%,$1.91B,$0.44B,23.05%,$0.44B,$5.38B,8.60%,$0.44B,$5.13B,9.06%,$0.44B,$55.38B,0.85%,$0.67B,$10.16B,6.42%,$531,$37,$495,$0,$306,$349,$182,$0,$182,$42,$140,$140,$125,$0,$0,$142,146,$0.88,$0.85,$1796,$0,$0,$44148,$162,$10106,$255,$705,$11228,$55375,$44443,$4778,$770,$5548,$49991,$1,$1847,$13,$5384,$55375,$382,$18,$35,$53,$59,$0,$0,$38,$97,$533,$-31,$0,$0,$0,$-1337,$-1337,$-4754,$-6122,$-925,$95,$-830,$208,$304,$-106,$7200,$6568,$979,$0,$-63
12,2015-06-30,61.41,$36.98,1.66,$13.23,4.64,$7.46,8.24,$3.09,19.87,$42.26B,$41.99B,1.01,$5.15B,$4.28B,1.21,$1.89B,$1.74B,91.95%,$1.89B,$0.68B,35.86%,$1.89B,0,0.00%,$1.89B,0,0.00%,$1.89B,$0.68B,35.86%,$1.89B,$0.44B,23.46%,$0.44B,$5.27B,8.95%,$0.44B,$5.01B,9.45%,$0.44B,$53.12B,0.89%,$0.68B,$10.42B,6.49%,$506,$37,$469,$0,$286,$328,$178,$0,$178,$43,$135,$135,$120,$0,$0,$142,146,$0.84,$0.82,$1371,$0,$0,$42264,$164,$9678,$259,$754,$10855,$53119,$41988,$5153,$713,$5866,$47854,$1,$1749,$2,$5265,$53119,$247,$12,$37,$49,$69,$0,$0,$-72,$-3,$293,$-21,$0,$0,$-3,$-1001,$-1004,$-3245,$-4270,$-550,$95,$-455,$206,$303,$-69,$4749,$4527,$551,$0,$-41
13,2015-03-31,55.48,$35.71,1.55,$13.02,4.26,$6.35,8.73,$3.05,18.19,$40.50B,$39.94B,1.01,$5.35B,$4.19B,1.28,$1.84B,$1.69B,91.75%,$1.84B,$0.67B,36.25%,$1.84B,0,0.00%,$1.84B,0,0.00%,$1.84B,$0.67B,36.25%,$1.84B,$0.43B,23.49%,$0.43B,$5.08B,9.05%,$0.43B,$4.81B,9.58%,$0.43B,$51.07B,0.90%,$0.67B,$10.43B,6.38%,$492,$37,$455,$0,$275,$317,$175,$0,$175,$44,$131,$131,$117,$0,$0,$142,146,$0.82,$0.80,$1645,$0,$0,$40496,$162,$9360,$262,$786,$10570,$51066,$39939,$5354,$698,$6052,$45991,$1,$1653,$9,$5075,$51066,$116,$5,$47,$51,$9,$0,$0,$-108,$-99,$68,$-8,$0,$0,$0,$-804,$-804,$-1067,$-1879,$-350,$-3,$-353,$205,$205,$-33,$2820,$2638,$827,$0,$-20
14,2014-12-31,50.51,$34.56,1.46,$12.84,3.93,$6.00,8.42,$3.07,16.45,$38.69B,$37.13B,1.04,$5.71B,$3.89B,1.47,$1.80B,$1.65B,91.62%,$1.80B,$0.67B,37.20%,$1.80B,0,0.00%,$1.80B,0,0.00%,$1.80B,$0.67B,37.20%,$1.80B,$0.43B,23.99%,$0.43B,$4.78B,9.32%,$0.43B,$4.51B,9.88%,$0.43B,$48.35B,0.93%,$0.67B,$10.49B,6.44%,$460,$37,$423,$0,$262,$304,$155,$0,$155,$39,$116,$116,$102,$0,$0,$139,143,$0.73,$0.71,$817,$0,$0,$38690,$166,$8481,$266,$748,$9660,$48350,$37131,$5707,$733,$6441,$43572,$1,$1571,$3,$4778,$48350,$487,$-4,$0,$-4,$-32,$0,$0,$65,$33,$516,$-42,$0,$0,$0,$-1936,$-1936,$-4209,$-6187,$521,$-7,$514,$244,$244,$-130,$5052,$5680,$9,$0,$-74
15,2014-09-30,47.72,$33.92,1.41,$12.62,3.78,$6.32,7.55,$3.10,15.39,$38.04B,$35.61B,1.07,$5.71B,$3.80B,1.51,$1.76B,$1.60B,91.34%,$1.76B,$0.67B,38.38%,$1.76B,0,0.00%,$1.76B,0,0.00%,$1.76B,$0.67B,38.38%,$1.76B,$0.43B,24.60%,$0.43B,$4.69B,9.64%,$0.43B,$4.42B,10.25%,$0.43B,$46.68B,0.96%,$0.67B,$10.40B,6.65%,$455,$38,$417,$0,$253,$296,$158,$0,$158,$43,$115,$115,$102,$0,$0,$136,140,$0.73,$0.72,$1373,$0,$0,$38043,$163,$7458,$267,$750,$8638,$46681,$35607,$5713,$675,$6388,$41995,$1,$1489,$-0,$4686,$46681,$372,$-6,$0,$-6,$-49,$0,$0,$-34,$-84,$282,$-28,$0,$0,$0,$-1014,$-1014,$-2884,$-3926,$521,$-5,$516,$243,$243,$-97,$3546,$4209,$565,$0,$-55
16,2014-06-30,52.98,$33.27,1.59,$12.16,4.36,$7.09,7.47,$2.99,17.72,$38.08B,$35.03B,1.09,$5.99B,$3.70B,1.62,$1.68B,$1.53B,91.04%,$1.68B,$0.65B,38.51%,$1.68B,0,0.00%,$1.68B,0,0.00%,$1.68B,$0.65B,38.51%,$1.68B,$0.41B,24.54%,$0.41B,$4.59B,9.60%,$0.41B,$4.33B,10.24%,$0.41B,$46.23B,0.95%,$0.65B,$10.58B,6.58%,$481,$40,$441,$0,$246,$292,$189,$0,$189,$53,$136,$136,$122,$0,$0,$138,142,$0.89,$0.86,$1751,$0,$0,$38082,$163,$7008,$264,$713,$8147,$46229,$35034,$5987,$618,$6605,$41639,$1,$1386,$16,$4590,$46229,$236,$-8,$28,$20,$-58,$0,$0,$-73,$-131,$125,$-17,$0,$0,$0,$-648,$-648,$-2452,$-3117,$797,$-6,$791,$242,$242,$-63,$2965,$3935,$943,$0,$-35
17,2014-03-31,51.87,$32.68,1.59,$11.91,4.36,$8.41,6.17,$3.00,17.29,$36.73B,$33.57B,1.09,$5.69B,$3.61B,1.58,$1.62B,$1.48B,91.19%,$1.62B,$0.64B,39.62%,$1.62B,0,0.00%,$1.62B,0,0.00%,$1.62B,$0.64B,39.62%,$1.62B,$0.41B,25.08%,$0.41B,$4.49B,9.98%,$0.41B,$4.23B,10.69%,$0.41B,$44.35B,0.99%,$0.64B,$10.19B,6.99%,$447,$37,$410,$0,$239,$282,$166,$0,$166,$45,$121,$121,$107,$0,$0,$137,141,$0.78,$0.76,$1791,$0,$0,$36733,$165,$6492,$264,$693,$7613,$44346,$33568,$5692,$592,$6284,$39852,$1,$1299,$15,$4494,$44346,$115,$-3,$36,$33,$-13,$0,$0,$-117,$-130,$17,$-8,$0,$0,$-29,$-175,$-204,$-1048,$-1260,$500,$-1,$499,$241,$241,$-30,$1487,$2197,$954,$0,$-16
18,2013-12-31,50.18,$31.33,1.6,$11.79,4.26,$7.43,6.75,$3.12,16.08,$34.71B,$32.08B,1.08,$5.19B,$3.27B,1.59,$1.60B,$1.47B,91.69%,$1.60B,$0.66B,41.41%,$1.60B,0,0.00%,$1.60B,0,0.00%,$1.60B,$0.66B,41.41%,$1.60B,$0.42B,26.30%,$0.42B,$4.16B,10.97%,$0.42B,$3.89B,11.83%,$0.42B,$42.11B,1.08%,$0.66B,$9.35B,7.88%,$418,$37,$382,$0,$219,$261,$157,$0,$157,$42,$115,$115,$101,$0,$0,$133,137,$0.76,$0.73,$808,$0,$0,$34714,$167,$6279,$269,$684,$7398,$42113,$32083,$5193,$677,$5870,$37953,$1,$1214,$13,$4160,$42113,$462,$-48,$43,$-5,$137,$0,$0,$-31,$105,$562,$-61,$0,$0,$31,$-1399,$-1369,$-6171,$-7600,$2000,$-88,$1912,$4,$382,$-88,$5038,$7243,$206,$0,$-48
19,2013-09-30,44.59,$29.35,1.52,$11.64,3.83,$6.61,6.75,$3.14,14.2,$34.28B,$31.29B,1.1,$5.20B,$3.19B,1.63,$1.58B,$1.46B,92.38%,$1.58B,$0.68B,43.11%,$1.58B,0,0.00%,$1.58B,0,0.00%,$1.58B,$0.68B,43.11%,$1.58B,$0.42B,26.73%,$0.42B,$3.88B,11.55%,$0.42B,$3.60B,12.51%,$0.42B,$40.95B,1.14%,$0.68B,$9.08B,8.79%,$410,$39,$371,$0,$203,$247,$162,$0,$162,$47,$115,$115,$102,$0,$0,$131,136,$0.78,$0.75,$1954,$0,$0,$34283,$163,$5574,$275,$656,$6668,$40951,$31290,$5197,$585,$5782,$37072,$1,$1127,$17,$3879,$40951,$347,$-40,$32,$-8,$129,$0,$0,$-71,$58,$397,$-47,$0,$0,$12,$-797,$-786,$-4499,$-5332,$2000,$-84,$1916,$4,$187,$-60,$4224,$6267,$1332,$0,$-32
20,2013-06-30,36.69,$28.73,1.28,$11.47,3.2,$6.57,5.58,$3.11,11.8,$30.94B,$28.60B,1.08,$4.40B,$3.10B,1.42,$1.55B,$1.44B,92.88%,$1.55B,$0.67B,43.14%,$1.55B,0,0.00%,$1.55B,0,0.00%,$1.55B,$0.67B,43.14%,$1.55B,$0.42B,26.97%,$0.42B,$3.79B,12.03%,$0.42B,$3.51B,12.97%,$0.42B,$37.31B,1.20%,$0.67B,$8.19B,9.47%,$400,$38,$362,$0,$195,$240,$160,$0,$160,$48,$112,$112,$101,$0,$0,$131,136,$0.77,$0.74,$592,$0,$0,$30940,$156,$5296,$281,$640,$6373,$37313,$28599,$4399,$528,$4927,$33526,$1,$1041,$18,$3787,$37313,$235,$-28,$28,$0,$137,$0,$0,$-59,$78,$313,$-31,$0,$0,$31,$-656,$-625,$-2461,$-3117,$1200,$288,$1488,$3,$187,$-33,$1153,$2794,$-11,$0,$-16
21,2013-03-31,36.71,$26.76,1.37,$11.23,3.27,$5.07,7.24,$2.94,12.49,$28.81B,$27.66B,1.04,$3.50B,$3.02B,1.16,$1.51B,$1.40B,92.58%,$1.51B,$0.64B,42.65%,$1.51B,0,0.00%,$1.51B,0,0.00%,$1.51B,$0.64B,42.65%,$1.51B,$0.40B,26.16%,$0.40B,$3.52B,12.03%,$0.40B,$3.24B,12.91%,$0.40B,$35.08B,1.19%,$0.64B,$7.02B,9.78%,$395,$30,$365,$0,$195,$231,$164,$0,$164,$51,$112,$112,$103,$0,$0,$131,136,$0.78,$0.76,$553,$0,$0,$28805,$153,$5193,$282,$650,$6278,$35083,$27663,$3503,$399,$3902,$31565,$1,$953,$28,$3518,$35083,$123,$-14,$33,$19,$-23,$0,$0,$-222,$-244,$-103,$-19,$0,$0,$31,$-565,$-535,$-188,$-742,$300,$732,$1032,$2,$2,$-8,$-230,$795,$-49,$0,$0
22,2012-12-31,31.16,$25.90,1.2,$10.86,2.87,$6.06,5.14,$2.76,11.29,$28.70B,$27.16B,1.06,$3.21B,$2.90B,1.11,$1.46B,$1.34B,92.17%,$1.46B,$0.60B,41.28%,$1.46B,0,0.00%,$1.46B,0,0.00%,$1.46B,$0.60B,41.28%,$1.46B,$0.37B,25.34%,$0.37B,$3.40B,11.83%,$0.37B,$3.12B,12.62%,$0.37B,$34.39B,1.16%,$0.60B,$6.61B,9.49%,$396,$26,$370,$0,$186,$219,$177,$0,$177,$55,$123,$123,$115,$0,$0,$131,135,$0.88,$0.85,$633,$0,$0,$28695,$142,$4688,$283,$581,$5695,$34389,$27163,$3206,$619,$3826,$30989,$1,$840,$31,$3400,$34389,$403,$-118,$54,$-64,$-88,$0,$0,$189,$101,$440,$-55,$0,$-126,$-26,$-785,$-811,$-5431,$-6423,$1050,$-104,$946,$15,$408,$-60,$4661,$5955,$-29,$0,$-41
23,2012-09-30,32.56,$24.15,1.35,$10.59,3.07,$3.35,9.7,$2.67,12.19,$27.33B,$25.70B,1.06,$3.21B,$2.81B,1.14,$1.42B,$1.30B,91.74%,$1.42B,$0.57B,40.54%,$1.42B,0,0.00%,$1.42B,0,0.00%,$1.42B,$0.57B,40.54%,$1.42B,$0.36B,25.42%,$0.36B,$3.16B,12.33%,$0.36B,$3.00B,13.09%,$0.36B,$32.58B,1.19%,$0.57B,$6.37B,9.70%,$384,$26,$358,$0,$175,$206,$178,$0,$178,$70,$109,$109,$102,$0,$0,$130,134,$0.78,$0.76,$901,$0,$0,$27325,$133,$4418,$162,$537,$5251,$32576,$25704,$3211,$498,$3710,$29414,$1,$761,$27,$3162,$32576,$294,$-94,$37,$-57,$62,$0,$0,$79,$141,$377,$-37,$0,$0,$-18,$-519,$-537,$-3937,$-4510,$1050,$-175,$875,$11,$259,$-27,$3272,$4380,$247,$0,$-15
24,2012-06-30,31.65,$23.42,1.35,$10.32,3.07,$1.34,23.55,$2.61,12.13,$25.86B,$24.22B,1.07,$3.27B,$2.71B,1.21,$1.38B,$1.26B,91.21%,$1.38B,$0.57B,41.06%,$1.38B,0,0.00%,$1.38B,0,0.00%,$1.38B,$0.57B,41.06%,$1.38B,$0.35B,25.51%,$0.35B,$3.06B,12.76%,$0.35B,$2.89B,13.63%,$0.35B,$30.99B,1.22%,$0.57B,$6.33B,10.29%,$371,$29,$343,$0,$190,$223,$148,$0,$148,$45,$103,$103,$97,$0,$0,$130,134,$0.75,$0.72,$820,$0,$0,$25855,$128,$4145,$168,$690,$5132,$30987,$24215,$3268,$447,$3715,$27930,$1,$678,$15,$3057,$30987,$191,$-64,$40,$-24,$62,$0,$0,$-128,$-66,$102,$-24,$0,$0,$-14,$-322,$-336,$-2533,$-2893,$1050,$-110,$940,$6,$255,$-8,$1775,$2962,$170,$0,$-2
25,2012-03-31,31.03,$21.99,1.41,$10.00,3.1,$1.33,23.32,$2.65,11.71,$24.85B,$23.26B,1.07,$3.18B,$2.66B,1.19,$1.33B,$1.21B,91.13%,$1.33B,$0.56B,41.80%,$1.33B,0,0.00%,$1.33B,0,0.00%,$1.33B,$0.56B,41.80%,$1.33B,$0.36B,26.69%,$0.36B,$2.86B,13.72%,$0.36B,$2.69B,14.76%,$0.36B,$29.72B,1.31%,$0.56B,$6.04B,11.57%,$359,$32,$327,$0,$181,$218,$141,$0,$141,$42,$99,$99,$81,$0,$0,$130,134,$0.62,$0.60,$1442,$0,$0,$24852,$123,$3873,$171,$700,$4867,$29719,$23255,$3175,$425,$3601,$26856,$1,$584,$13,$2863,$29719,$93,$-29,$39,$10,$79,$0,$0,$-158,$-79,$24,$-12,$0,$0,$-8,$-82,$-90,$-938,$-1040,$950,$-103,$847,$2,$165,$-3,$806,$1815,$799,$0,$-1
26,2011-12-31,28.83,$20.06,1.44,$9.80,2.94,$1.62,17.82,$2.65,10.88,$23.21B,$22.46B,1.03,$2.33B,$2.60B,0.9,$1.30B,$1.18B,91.01%,$1.30B,$0.57B,43.43%,$1.30B,0,0.00%,$1.30B,0,0.00%,$1.30B,$0.57B,43.43%,$1.30B,$0.36B,27.29%,$0.36B,$2.60B,14.49%,$0.36B,$2.42B,15.69%,$0.36B,$27.79B,1.39%,$0.57B,$4.92B,13.70%,$342,$28,$314,$0,$174,$207,$134,$0,$134,$42,$93,$93,$89,$0,$0,$129,134,$0.69,$0.67,$636,$0,$0,$23209,$118,$3736,$176,$552,$4583,$27792,$22459,$2329,$409,$2738,$25197,$1,$494,$1,$2595,$27792,$359,$-186,$14,$-171,$-112,$0,$0,$-9,$-121,$67,$-46,$0,$0,$-5,$-2026,$-2031,$-3751,$-5828,$1500,$92,$1592,$5,$-5,$-5,$3282,$4864,$-897,$0,$-5
27,2011-09-30,21.81,$19.26,1.13,$9.64,2.26,$2.79,7.82,$2.57,8.49,$22.96B,$21.77B,1.06,$2.19B,$2.49B,0.88,$1.27B,$1.15B,91.00%,$1.27B,$0.50B,39.70%,$1.27B,0,0.00%,$1.27B,0,0.00%,$1.27B,$0.54B,42.70%,$1.27B,$0.34B,26.68%,$0.34B,$2.49B,14.33%,$0.34B,$2.30B,15.62%,$0.34B,$26.78B,1.40%,$0.50B,$4.68B,13.88%,$344,$29,$315,$0,$159,$193,$151,$0,$151,$57,$94,$94,$93,$0,$0,$129,133,$0.72,$0.70,$2069,$0,$0,$22959,$113,$2755,$185,$767,$3819,$26778,$21770,$2188,$331,$2519,$24289,$1,$404,$-7,$2489,$26778,$265,$-141,$32,$-109,$-27,$0,$0,$-26,$-53,$103,$-34,$0,$0,$-5,$-1361,$-1366,$-2235,$-3635,$1500,$-4,$1496,$3,$-7,$-4,$2582,$4068,$536,$0,$-4
