,Date,Stock Price,Book Value per Share,Price to Book Ratio,TTM Sales per Share,Price to Sales Ratio,TTM FCF per Share,Price to FCF Ratio,TTM Net EPS,PE Ratio,Current Assets,Current Liabilities,Current Ratio,Long Term Debt,Shareholder's Equity_x,Debt to Equity Ratio,TTM Revenue_x,TTM Gross Profit,Gross Margin,TTM Revenue_y,TTM Operating Income,Operating Margin,TTM Revenue_x,TTM EBIT,EBIT Margin,TTM Revenue_y,TTM EBITDA,EBITDA Margin,TTM Revenue_x,TTM Pre-Tax Income,Pre-Tax Margin,TTM Revenue_y,TTM Net Income_x,Net Margin,TTM Net Income_y,Shareholder's Equity_y,Return on Equity,TTM Net Income_x,Tangible Equity,Return on Tangible Equity,TTM Net Income_y,Total Assets,Return on Assets,TTM Net Income,LT Investments & Debt,Return on Investment,revenue,cost-goods-sold,gross-profit,research-development-expenses,selling-general-administrative-expenses,operating-expenses,operating-income,total-non-operating-income-expense,pre-tax-income,total-provision-income-taxes,income-after-taxes,income-from-continuous-operations,net-income,ebitda,ebit,basic-shares-outstanding,shares-outstanding,eps-basic-net-earnings-per-share,eps-earnings-per-share-diluted,cash-on-hand,inventory,other-current-assets,total-current-assets,net-property-plant-equipment,long-term-investments,goodwill-intangible-assets-total,other-long-term-assets,total-long-term-assets,total-assets,total-current-liabilities,long-term-debt,other-non-current-liabilities,total-long-term-liabilities,total-liabilities,common-stock-net,retained-earnings-accumulated-deficit,comprehensive-income,total-share-holder-equity,total-liabilities-share-holders-equity,net-income-loss,total-depreciation-amortization-cash-flow,other-non-cash-items,total-non-cash-items,change-in-accounts-receivable,change-in-inventories,change-in-accounts-payable,change-in-assets-liabilities,total-change-in-assets-liabilities,cash-flow-from-operating-activities,net-change-in-property-plant-equipment,net-change-in-intangible-assets,net-acquisitions-divestitures,net-change-in-short-term-investments,net-change-in-long-term-investments,net-change-in-investments-total,investing-activities-other,cash-flow-from-investing-activities,net-long-term-debt,net-current-debt,debt-issuance-retirement-net-total,net-common-equity-issued-repurchased,net-total-equity-issued-repurchased,total-common-preferred-stock-dividends-paid,financial-activities-other,cash-flow-from-financial-activities,net-cash-flow,stock-based-compensation,common-stock-dividends-paid
0,2018-09-30,44.99,$27.61,1.63,$9.62,4.68,$7.82,5.76,$2.03,22.16,$7.26B,$7.85B,0.93,$0.52B,$1.36B,0.39,$0.47B,$0.41B,87.31%,$0.47B,$0.18B,38.92%,$0.47B,0,0.00%,$0.47B,0,0.00%,$0.47B,$0.18B,38.92%,$0.47B,$0.14B,30.54%,$0.14B,$1.36B,10.68%,$0.14B,$0.89B,16.60%,$0.14B,$9.79B,1.48%,$0.18B,$1.89B,9.54%,$124,$18,$106,$0,$55,$75,$50,$0,$50,$8,$41,$41,$41,$0,$0,$49,49,$0.83,$0.83,$209,$0,$0,$7260,$94,$1650,$471,$286,$2527,$9787,$7848,$524,$54,$578,$8426,$6,$553,$-35,$1361,$9787,$117,$7,$4,$11,$7,$0,$2,$0,$8,$136,$0,$0,$0,$-32,$-107,$-139,$-339,$-478,$-101,$0,$-101,$1,$1,$-31,$461,$330,$-12,$3,$-31
1,2018-06-30,46.4,$27.20,1.71,$9.24,5.02,$6.70,6.93,$2.53,18.34,$7.22B,$7.74B,0.93,$0.61B,$1.34B,0.45,$0.45B,$0.39B,88.31%,$0.45B,$0.16B,36.63%,$0.45B,0,0.00%,$0.45B,0,0.00%,$0.45B,$0.16B,36.63%,$0.45B,$0.13B,28.09%,$0.13B,$1.34B,9.54%,$0.13B,$0.87B,14.98%,$0.13B,$9.74B,1.33%,$0.16B,$1.95B,8.65%,$119,$16,$103,$0,$53,$71,$48,$0,$48,$8,$40,$40,$40,$0,$0,$49,49,$0.80,$0.80,$170,$0,$0,$7215,$94,$1644,$473,$284,$2520,$9735,$7740,$608,$47,$654,$8394,$6,$522,$-25,$1340,$9735,$76,$4,$-6,$-1,$6,$0,$0,$0,$7,$82,$0,$0,$0,$-2,$-88,$-90,$-330,$-420,$6,$0,$6,$-1,$-1,$-20,$332,$317,$-21,$2,$-20
2,2018-03-31,41.5,$26.67,1.56,$8.96,4.63,$6.41,6.48,$2.30,18.04,$7.02B,$7.52B,0.93,$0.59B,$1.31B,0.45,$0.42B,$0.37B,89.42%,$0.42B,$0.15B,35.10%,$0.42B,0,0.00%,$0.42B,0,0.00%,$0.42B,$0.15B,35.10%,$0.42B,$0.11B,26.20%,$0.11B,$1.31B,8.84%,$0.11B,$0.84B,13.65%,$0.11B,$9.47B,1.22%,$0.15B,$1.90B,8.27%,$113,$14,$99,$0,$54,$70,$43,$0,$43,$7,$37,$37,$37,$0,$0,$49,49,$0.75,$0.74,$153,$0,$0,$7018,$95,$1568,$475,$293,$2455,$9473,$7522,$588,$50,$638,$8160,$6,$494,$-22,$1313,$9473,$37,$2,$-15,$-13,$6,$0,$1,$0,$7,$31,$0,$0,$0,$11,$-7,$3,$-149,$-146,$-57,$0,$-57,$-1,$-1,$-9,$155,$89,$-26,$1,$-9
3,2017-12-31,41.68,$26.52,1.57,$8.68,4.8,$6.64,6.28,$2.12,19.66,$6.91B,$7.46B,0.93,$0.55B,$1.30B,0.43,$0.39B,$0.35B,90.41%,$0.39B,$0.13B,34.46%,$0.39B,0,0.00%,$0.39B,0,0.00%,$0.39B,$0.13B,34.46%,$0.39B,$0.10B,24.61%,$0.10B,$1.30B,8.35%,$0.10B,$0.83B,12.55%,$0.10B,$9.37B,1.13%,$0.13B,$1.86B,8.11%,$109,$12,$98,$0,$56,$70,$40,$0,$40,$15,$24,$24,$24,$0,$0,$45,45,$0.49,$0.49,$190,$0,$0,$6910,$96,$1584,$477,$276,$2457,$9367,$7458,$554,$53,$606,$8064,$6,$465,$-3,$1303,$9367,$96,$8,$19,$27,$3,$0,$0,$0,$3,$127,$0,$0,$55,$238,$-272,$-34,$-656,$-635,$64,$0,$64,$3,$3,$-32,$501,$536,$27,$3,$-32
4,2017-09-30,42.36,$26.11,1.62,$8.25,5.14,$6.38,6.64,$2.18,19.43,$6.67B,$7.16B,0.93,$0.55B,$1.28B,0.43,$0.36B,$0.33B,90.78%,$0.36B,$0.12B,34.36%,$0.36B,0,0.00%,$0.36B,0,0.00%,$0.36B,$0.12B,34.36%,$0.36B,$0.09B,25.98%,$0.09B,$1.28B,8.97%,$0.09B,$0.81B,13.08%,$0.09B,$9.05B,1.19%,$0.12B,$1.83B,8.16%,$104,$10,$93,$0,$59,$71,$32,$0,$32,$8,$24,$24,$24,$0,$0,$48,49,$0.50,$0.50,$220,$0,$0,$6667,$102,$1493,$479,$273,$2383,$9049,$7158,$547,$62,$608,$7766,$6,$450,$-6,$1283,$9049,$72,$6,$-7,$-2,$9,$0,$1,$0,$9,$79,$0,$0,$55,$200,$-175,$25,$-387,$-308,$28,$0,$28,$2,$2,$-23,$239,$247,$19,$2,$-23
5,2017-06-30,39.43,$23.99,1.64,$8.10,4.87,$6.72,5.87,$2.19,18.0,$5.77B,$6.28B,0.92,$0.44B,$1.04B,0.43,$0.34B,$0.31B,91.64%,$0.34B,$0.12B,35.82%,$0.34B,0,0.00%,$0.34B,0,0.00%,$0.34B,$0.12B,35.82%,$0.34B,$0.09B,26.87%,$0.09B,$1.04B,9.56%,$0.09B,$0.73B,13.43%,$0.09B,$7.81B,1.23%,$0.12B,$1.48B,8.68%,$90,$8,$82,$0,$49,$59,$31,$0,$31,$7,$24,$24,$24,$0,$0,$42,42,$0.57,$0.57,$191,$0,$0,$5765,$93,$1362,$310,$248,$2040,$7805,$6283,$441,$45,$487,$6770,$5,$434,$1,$1035,$7805,$47,$4,$-2,$2,$8,$0,$0,$0,$8,$57,$0,$0,$49,$-24,$-25,$-49,$-248,$-248,$10,$0,$10,$-1,$-1,$-14,$210,$205,$15,$1,$-14
6,2017-03-31,38.45,$22.64,1.7,$7.90,4.86,$6.15,6.25,$2.11,18.22,$5.36B,$5.88B,0.91,$0.47B,$0.93B,0.5,$0.32B,$0.30B,91.67%,$0.32B,$0.12B,35.80%,$0.32B,0,0.00%,$0.32B,0,0.00%,$0.32B,$0.12B,35.80%,$0.32B,$0.09B,26.54%,$0.09B,$0.93B,9.50%,$0.09B,$0.67B,13.32%,$0.09B,$7.33B,1.21%,$0.12B,$1.40B,8.70%,$83,$7,$76,$0,$45,$53,$30,$0,$30,$7,$23,$23,$23,$0,$0,$41,41,$0.57,$0.56,$125,$0,$0,$5358,$91,$1345,$258,$242,$1968,$7326,$5880,$468,$49,$517,$6397,$5,$418,$-4,$929,$7326,$23,$2,$6,$8,$4,$0,$1,$0,$4,$35,$0,$0,$0,$4,$-17,$-13,$-134,$-146,$14,$0,$14,$0,$0,$-6,$79,$87,$-24,$1,$-6
7,2016-12-31,36.68,$22.04,1.66,$7.77,4.72,$5.90,6.22,$1.98,18.53,$5.26B,$5.83B,0.9,$0.43B,$0.90B,0.47,$0.32B,$0.29B,91.51%,$0.32B,$0.11B,34.28%,$0.32B,0,0.00%,$0.32B,0,0.00%,$0.32B,$0.11B,34.28%,$0.32B,$0.08B,25.47%,$0.08B,$0.90B,9.11%,$0.08B,$0.64B,12.88%,$0.08B,$7.21B,1.16%,$0.11B,$1.33B,8.39%,$81,$7,$74,$0,$43,$51,$30,$0,$30,$8,$22,$22,$22,$0,$0,$41,41,$0.55,$0.55,$152,$0,$0,$5255,$94,$1322,$259,$241,$1956,$7212,$5826,$427,$56,$484,$6310,$5,$401,$-14,$902,$7212,$81,$7,$4,$12,$11,$0,$0,$0,$11,$104,$0,$0,$0,$8,$-12,$-5,$-444,$-449,$125,$0,$125,$2,$2,$-22,$266,$371,$26,$3,$-22
8,2016-09-30,25.95,$22.08,1.18,$7.62,3.4,$4.86,5.34,$1.80,14.42,$5.07B,$5.65B,0.9,$0.43B,$0.90B,0.47,$0.31B,$0.28B,91.21%,$0.31B,$0.10B,31.92%,$0.31B,0,0.00%,$0.31B,0,0.00%,$0.31B,$0.10B,31.92%,$0.31B,$0.07B,23.78%,$0.07B,$0.90B,8.33%,$0.07B,$0.64B,11.85%,$0.07B,$7.02B,1.06%,$0.10B,$1.33B,7.71%,$81,$7,$75,$0,$45,$53,$29,$0,$29,$7,$21,$21,$21,$0,$0,$41,41,$0.51,$0.51,$133,$0,$0,$5069,$96,$1318,$260,$248,$1953,$7022,$5645,$425,$51,$476,$6121,$5,$385,$4,$901,$7022,$59,$5,$7,$12,$9,$0,$1,$0,$10,$81,$0,$0,$0,$-1,$6,$5,$-280,$-275,$54,$0,$54,$0,$0,$-16,$153,$191,$-3,$2,$-16
9,2016-06-30,24.06,$21.77,1.11,$7.56,3.18,$4.31,5.58,$1.74,13.83,$4.95B,$5.57B,0.89,$0.40B,$0.89B,0.45,$0.30B,$0.27B,90.97%,$0.30B,$0.09B,31.10%,$0.30B,0,0.00%,$0.30B,0,0.00%,$0.30B,$0.09B,31.10%,$0.30B,$0.07B,23.08%,$0.07B,$0.89B,8.18%,$0.07B,$0.63B,11.65%,$0.07B,$6.91B,1.04%,$0.09B,$1.28B,7.62%,$79,$7,$72,$0,$45,$52,$27,$0,$27,$7,$20,$20,$20,$0,$0,$41,41,$0.50,$0.49,$183,$0,$0,$4954,$95,$1316,$261,$248,$1952,$6906,$5571,$396,$51,$447,$6019,$5,$370,$7,$888,$6906,$38,$4,$-1,$3,$-8,$0,$-0,$0,$-8,$33,$0,$0,$0,$-30,$18,$-12,$-98,$-110,$-11,$0,$-11,$-0,$-0,$-10,$117,$95,$18,$1,$-10
10,2016-03-31,22.62,$21.28,1.06,$7.71,2.93,$4.47,5.06,$1.72,13.15,$4.84B,$5.47B,0.89,$0.39B,$0.87B,0.45,$0.30B,$0.27B,91.30%,$0.30B,$0.09B,31.10%,$0.30B,0,0.00%,$0.30B,0,0.00%,$0.30B,$0.09B,31.10%,$0.30B,$0.07B,22.41%,$0.07B,$0.87B,8.28%,$0.07B,$0.61B,11.79%,$0.07B,$6.80B,1.04%,$0.09B,$1.26B,7.87%,$77,$7,$70,$0,$46,$54,$23,$0,$23,$6,$18,$18,$18,$0,$0,$41,41,$0.43,$0.43,$163,$0,$0,$4837,$96,$1308,$262,$246,$1961,$6799,$5466,$391,$74,$466,$5931,$5,$355,$2,$867,$6799,$18,$2,$-2,$-0,$7,$0,$1,$0,$7,$25,$0,$0,$0,$-45,$34,$-11,$-19,$-30,$-26,$0,$-26,$-0,$-0,$-5,$20,$-11,$-16,$1,$-5
11,2015-12-31,24.28,$20.92,1.16,$7.65,3.18,$4.33,5.61,$1.72,14.12,$4.80B,$5.50B,0.87,$0.36B,$0.85B,0.43,$0.29B,$0.27B,91.41%,$0.29B,$0.09B,31.62%,$0.29B,0,0.00%,$0.29B,0,0.00%,$0.29B,$0.09B,31.62%,$0.29B,$0.07B,22.34%,$0.07B,$0.85B,8.37%,$0.07B,$0.59B,11.87%,$0.07B,$6.76B,1.04%,$0.09B,$1.21B,8.18%,$70,$6,$63,$0,$44,$51,$19,$0,$19,$4,$14,$14,$14,$0,$0,$38,38,$0.37,$0.37,$134,$0,$0,$4800,$98,$1315,$260,$242,$1961,$6761,$5498,$363,$49,$413,$5910,$5,$342,$-1,$851,$6761,$65,$6,$-15,$-9,$0,$0,$-0,$0,$-0,$57,$0,$0,$-8,$25,$-35,$-10,$-323,$-340,$121,$0,$121,$1,$1,$-16,$161,$267,$-16,$2,$-16
12,2015-09-30,24.95,$20.25,1.23,$7.59,3.29,$4.92,5.08,$1.76,14.17,$4.40B,$5.03B,0.88,$0.36B,$0.77B,0.47,$0.29B,$0.26B,91.61%,$0.29B,$0.09B,32.87%,$0.29B,0,0.00%,$0.29B,0,0.00%,$0.29B,$0.09B,32.87%,$0.29B,$0.07B,23.08%,$0.07B,$0.77B,8.85%,$0.07B,$0.55B,12.53%,$0.07B,$6.19B,1.10%,$0.09B,$1.13B,8.78%,$73,$6,$67,$0,$42,$49,$24,$0,$24,$7,$17,$17,$17,$0,$0,$38,38,$0.46,$0.45,$112,$0,$0,$4395,$83,$1243,$220,$211,$1795,$6190,$5025,$360,$38,$398,$5423,$5,$332,$-4,$767,$6190,$51,$5,$-6,$-1,$4,$0,$0,$0,$4,$54,$0,$0,$-12,$21,$-27,$-6,$-272,$-290,$144,$0,$144,$1,$1,$-11,$69,$202,$-34,$2,$-11
13,2015-06-30,23.4,$19.83,1.18,$7.65,3.06,$4.94,4.74,$1.76,13.3,$4.34B,$4.97B,0.87,$0.38B,$0.75B,0.5,$0.29B,$0.26B,91.58%,$0.29B,$0.09B,32.28%,$0.29B,0,0.00%,$0.29B,0,0.00%,$0.29B,$0.09B,32.28%,$0.29B,$0.07B,22.81%,$0.07B,$0.75B,8.96%,$0.07B,$0.53B,12.72%,$0.07B,$6.14B,1.11%,$0.09B,$1.13B,8.71%,$79,$6,$73,$0,$46,$52,$27,$0,$27,$9,$18,$18,$18,$0,$0,$38,38,$0.47,$0.47,$133,$0,$0,$4336,$85,$1247,$220,$212,$1804,$6140,$4971,$375,$45,$420,$5390,$5,$319,$-6,$750,$6140,$34,$3,$-0,$3,$-1,$0,$-0,$0,$-1,$36,$0,$0,$-12,$22,$-31,$-10,$-192,$-214,$129,$0,$129,$-0,$-0,$-7,$44,$165,$-13,$1,$-7
14,2015-03-31,22.2,$19.58,1.13,$7.43,2.99,$4.77,4.65,$1.70,13.06,$4.10B,$4.79B,0.86,$0.29B,$0.74B,0.4,$0.27B,$0.25B,91.24%,$0.27B,$0.09B,31.39%,$0.27B,0,0.00%,$0.27B,0,0.00%,$0.27B,$0.09B,31.39%,$0.27B,$0.06B,22.63%,$0.06B,$0.74B,8.78%,$0.06B,$0.52B,12.51%,$0.06B,$5.88B,1.08%,$0.09B,$1.03B,8.36%,$69,$6,$63,$0,$40,$47,$22,$0,$22,$6,$16,$16,$16,$0,$0,$38,38,$0.43,$0.43,$172,$0,$0,$4101,$77,$1231,$218,$211,$1776,$5878,$4786,$293,$59,$352,$5138,$5,$306,$-2,$740,$5878,$16,$2,$-2,$-0,$1,$0,$0,$0,$2,$18,$0,$0,$0,$-36,$12,$-24,$-42,$-66,$15,$0,$15,$-1,$-1,$-3,$7,$19,$-29,$1,$-3
15,2014-12-31,21.38,$19.29,1.11,$7.45,2.87,$4.49,4.76,$1.65,12.96,$4.05B,$4.78B,0.85,$0.27B,$0.73B,0.37,$0.27B,$0.25B,91.51%,$0.27B,$0.08B,30.26%,$0.27B,0,0.00%,$0.27B,0,0.00%,$0.27B,$0.08B,30.26%,$0.27B,$0.06B,22.14%,$0.06B,$0.73B,8.78%,$0.06B,$0.51B,12.56%,$0.06B,$5.82B,1.07%,$0.08B,$1.00B,8.13%,$65,$6,$59,$0,$37,$44,$21,$0,$21,$6,$15,$15,$15,$0,$0,$36,37,$0.41,$0.41,$166,$0,$0,$4054,$78,$1222,$219,$209,$1770,$5824,$4784,$272,$41,$313,$5097,$5,$292,$-2,$727,$5824,$60,$6,$7,$13,$2,$0,$1,$0,$3,$76,$0,$0,$-10,$24,$10,$34,$-150,$-126,$-111,$0,$-111,$0,$0,$-11,$181,$59,$9,$2,$-11
16,2014-09-30,18.92,$18.98,1.0,$7.74,2.45,$8.52,2.22,$1.58,11.98,$3.83B,$4.49B,0.85,$0.38B,$0.68B,0.56,$0.27B,$0.25B,91.79%,$0.27B,$0.08B,28.73%,$0.27B,0,0.00%,$0.27B,0,0.00%,$0.27B,$0.08B,28.73%,$0.27B,$0.06B,20.90%,$0.06B,$0.69B,8.48%,$0.06B,$0.48B,12.21%,$0.06B,$5.59B,1.01%,$0.08B,$1.07B,7.86%,$72,$5,$66,$0,$44,$50,$22,$0,$22,$6,$16,$16,$16,$0,$0,$36,36,$0.45,$0.45,$98,$0,$0,$3831,$74,$1233,$201,$211,$1760,$5591,$4493,$382,$31,$414,$4907,$5,$280,$4,$685,$5591,$45,$5,$3,$7,$-2,$0,$2,$0,$0,$52,$0,$0,$0,$31,$-88,$-57,$-140,$-197,$38,$0,$38,$0,$0,$-8,$79,$109,$-35,$2,$-8
17,2014-06-30,19.72,$18.60,1.06,$7.57,2.6,$9.35,2.11,$1.48,13.32,$3.82B,$4.57B,0.84,$0.35B,$0.67B,0.52,$0.25B,$0.23B,91.97%,$0.25B,$0.07B,27.31%,$0.25B,0,0.00%,$0.25B,0,0.00%,$0.25B,$0.07B,27.31%,$0.25B,$0.05B,20.08%,$0.05B,$0.67B,8.09%,$0.05B,$0.47B,11.66%,$0.05B,$5.62B,0.96%,$0.07B,$1.02B,7.45%,$68,$5,$62,$0,$41,$47,$21,$0,$21,$6,$15,$15,$15,$0,$0,$36,36,$0.42,$0.41,$144,$0,$0,$3824,$75,$1257,$202,$213,$1791,$5615,$4565,$348,$32,$379,$4945,$5,$267,$4,$671,$5615,$29,$3,$-2,$1,$-2,$0,$1,$0,$-1,$29,$0,$0,$0,$27,$-110,$-83,$-90,$-173,$57,$0,$57,$-0,$-0,$-5,$98,$151,$6,$1,$-5
18,2014-03-31,20.1,$18.11,1.11,$7.59,2.65,$10.07,2.0,$1.41,14.26,$3.72B,$4.47B,0.83,$0.30B,$0.65B,0.46,$0.24B,$0.22B,92.37%,$0.24B,$0.06B,26.27%,$0.24B,0,0.00%,$0.24B,0,0.00%,$0.24B,$0.06B,26.27%,$0.24B,$0.05B,19.07%,$0.05B,$0.65B,7.70%,$0.05B,$0.45B,10.99%,$0.05B,$5.45B,0.92%,$0.06B,$0.95B,7.35%,$66,$5,$61,$0,$42,$48,$18,$0,$18,$5,$14,$14,$14,$0,$0,$36,36,$0.38,$0.38,$150,$0,$0,$3722,$75,$1189,$202,$215,$1731,$5453,$4472,$298,$31,$329,$4801,$5,$255,$-1,$652,$5453,$14,$1,$-9,$-8,$-1,$0,$1,$0,$1,$7,$0,$0,$0,$18,$-48,$-30,$17,$-13,$-40,$0,$-40,$-1,$-1,$-2,$52,$10,$3,$1,$-2
19,2013-12-31,21.06,$17.68,1.19,$7.75,2.72,$10.30,2.04,$1.41,14.93,$3.75B,$4.51B,0.83,$0.25B,$0.64B,0.39,$0.23B,$0.21B,92.11%,$0.23B,$0.06B,26.75%,$0.23B,0,0.00%,$0.23B,0,0.00%,$0.23B,$0.06B,26.75%,$0.23B,$0.04B,18.42%,$0.04B,$0.64B,7.55%,$0.04B,$0.43B,10.65%,$0.04B,$5.44B,0.92%,$0.06B,$0.88B,7.70%,$62,$5,$57,$0,$41,$46,$16,$0,$16,$4,$11,$11,$11,$0,$0,$30,30,$0.34,$0.34,$165,$0,$0,$3753,$74,$1135,$203,$216,$1684,$5437,$4508,$249,$46,$295,$4802,$4,$243,$-6,$635,$5437,$45,$5,$8,$12,$17,$0,$-0,$110,$126,$183,$0,$0,$11,$197,$-213,$-16,$-133,$-138,$132,$0,$132,$0,$-90,$-8,$-70,$-37,$8,$2,$-6
20,2013-09-30,16.02,$17.81,0.9,$7.66,2.09,$6.63,2.42,$1.39,11.53,$2.99B,$3.50B,0.86,$0.28B,$0.48B,0.59,$0.22B,$0.21B,91.93%,$0.22B,$0.06B,26.01%,$0.22B,0,0.00%,$0.22B,0,0.00%,$0.22B,$0.06B,26.01%,$0.22B,$0.04B,17.94%,$0.04B,$0.51B,7.47%,$0.04B,$0.37B,10.34%,$0.04B,$4.33B,0.93%,$0.06B,$0.80B,7.62%,$53,$4,$49,$0,$35,$39,$13,$0,$13,$3,$10,$10,$10,$0,$0,$29,29,$0.35,$0.35,$111,$0,$0,$2992,$54,$947,$148,$153,$1334,$4326,$3497,$284,$31,$316,$3812,$4,$234,$-16,$513,$4326,$33,$4,$13,$17,$17,$0,$-1,$0,$16,$66,$0,$0,$0,$20,$-62,$-42,$-38,$-80,$157,$0,$157,$0,$-57,$-6,$-91,$4,$-9,$1,$-4
21,2013-06-30,15.81,$18.72,0.84,$7.92,2.0,$5.99,2.64,$1.39,11.37,$3.01B,$3.55B,0.85,$0.21B,$0.47B,0.43,$0.23B,$0.21B,91.30%,$0.23B,$0.06B,26.09%,$0.23B,0,0.00%,$0.23B,0,0.00%,$0.23B,$0.06B,26.09%,$0.23B,$0.04B,17.39%,$0.04B,$0.54B,7.35%,$0.04B,$0.39B,10.13%,$0.04B,$4.34B,0.93%,$0.06B,$0.74B,7.87%,$55,$4,$51,$0,$35,$40,$15,$0,$15,$4,$11,$11,$10,$0,$0,$29,29,$0.35,$0.34,$129,$0,$0,$3011,$54,$942,$149,$152,$1327,$4338,$3553,$205,$42,$246,$3799,$4,$225,$-15,$539,$4338,$23,$2,$11,$13,$9,$0,$-1,$0,$8,$44,$0,$0,$0,$-21,$-45,$-66,$-26,$-92,$57,$0,$57,$-0,$-23,$-4,$-14,$16,$-32,$1,$-2
22,2013-03-31,14.22,$18.71,0.76,$8.02,1.77,$5.78,2.46,$1.33,10.69,$2.97B,$3.47B,0.85,$0.21B,$0.47B,0.44,$0.23B,$0.21B,90.52%,$0.23B,$0.06B,24.57%,$0.23B,0,0.00%,$0.23B,0,0.00%,$0.23B,$0.06B,24.57%,$0.23B,$0.04B,16.38%,$0.04B,$0.54B,6.99%,$0.04B,$0.39B,9.65%,$0.04B,$4.25B,0.89%,$0.06B,$0.74B,7.46%,$58,$4,$53,$0,$36,$41,$17,$0,$17,$5,$12,$12,$11,$0,$0,$29,29,$0.38,$0.38,$112,$0,$0,$2965,$54,$902,$149,$155,$1288,$4253,$3474,$205,$35,$240,$3714,$4,$217,$-7,$539,$4253,$12,$1,$3,$4,$-3,$0,$-0,$0,$-4,$12,$0,$0,$0,$-22,$3,$-19,$17,$-2,$0,$0,$0,$-0,$-23,$-2,$-36,$-60,$-50,$0,$-1
23,2012-12-31,13.61,$19.25,0.71,$8.34,1.63,$5.74,2.37,$1.41,9.65,$3.01B,$3.51B,0.86,$0.21B,$0.46B,0.45,$0.24B,$0.22B,90.00%,$0.24B,$0.06B,25.00%,$0.24B,0,0.00%,$0.24B,0,0.00%,$0.24B,$0.06B,25.00%,$0.24B,$0.04B,16.67%,$0.04B,$0.55B,7.40%,$0.04B,$0.40B,10.24%,$0.04B,$4.31B,0.94%,$0.06B,$0.76B,7.78%,$57,$5,$52,$0,$39,$44,$13,$0,$13,$3,$10,$10,$9,$0,$0,$29,29,$0.33,$0.32,$140,$0,$0,$3011,$53,$907,$150,$153,$1293,$4305,$3509,$206,$37,$244,$3753,$4,$206,$-5,$552,$4305,$45,$4,$25,$29,$-3,$0,$-1,$0,$-4,$70,$0,$0,$29,$14,$89,$103,$-121,$12,$-133,$0,$-133,$0,$0,$-7,$86,$-54,$28,$1,$-3
24,2012-09-30,13.74,$19.07,0.72,$8.49,1.62,$6.51,2.11,$1.33,10.33,$2.90B,$3.41B,0.85,$0.26B,$0.46B,0.57,$0.24B,$0.21B,88.75%,$0.24B,$0.06B,23.75%,$0.24B,0,0.00%,$0.24B,0,0.00%,$0.24B,$0.06B,23.75%,$0.24B,$0.04B,15.42%,$0.04B,$0.55B,6.96%,$0.04B,$0.40B,9.71%,$0.04B,$4.25B,0.88%,$0.06B,$0.80B,7.18%,$60,$5,$54,$0,$39,$44,$15,$0,$15,$4,$11,$11,$10,$0,$0,$29,29,$0.35,$0.35,$92,$0,$0,$2904,$51,$962,$150,$153,$1346,$4250,$3407,$258,$39,$296,$3703,$4,$198,$-2,$547,$4250,$35,$3,$20,$23,$-9,$0,$-2,$0,$-11,$47,$0,$0,$29,$18,$40,$58,$-48,$39,$-32,$0,$-32,$0,$0,$-5,$-66,$-103,$-16,$1,$-2
25,2012-06-30,11.38,$18.70,0.61,$8.64,1.32,$7.42,1.53,$0.73,15.59,$2.87B,$3.45B,0.83,$0.21B,$0.45B,0.48,$0.24B,$0.21B,87.39%,$0.24B,$0.05B,21.43%,$0.24B,0,0.00%,$0.24B,0,0.00%,$0.24B,$0.05B,21.43%,$0.24B,$0.02B,8.82%,$0.02B,$0.54B,4.02%,$0.02B,$0.39B,5.65%,$0.02B,$4.23B,0.50%,$0.05B,$0.75B,6.28%,$57,$6,$51,$0,$38,$45,$12,$0,$12,$3,$9,$9,$8,$0,$0,$29,29,$0.28,$0.28,$110,$0,$0,$2870,$51,$977,$150,$152,$1363,$4232,$3452,$213,$32,$245,$3697,$4,$189,$-3,$536,$4232,$24,$2,$8,$11,$4,$0,$-1,$0,$3,$38,$0,$0,$29,$11,$21,$32,$-2,$59,$-126,$0,$-126,$0,$0,$-3,$28,$-101,$-5,$1,$-1
26,2012-03-31,11.24,$18.44,0.61,$8.85,1.27,$8.34,1.35,$0.63,17.84,$2.86B,$3.43B,0.83,$0.25B,$0.44B,0.57,$0.24B,$0.20B,85.71%,$0.24B,$0.05B,19.33%,$0.24B,0,0.00%,$0.24B,0,0.00%,$0.24B,$0.05B,19.33%,$0.24B,$0.02B,7.14%,$0.02B,$0.53B,3.36%,$0.02B,$0.38B,4.79%,$0.02B,$4.24B,0.41%,$0.05B,$0.78B,5.63%,$66,$7,$59,$0,$38,$46,$20,$0,$20,$6,$14,$14,$13,$0,$0,$29,29,$0.46,$0.46,$95,$0,$0,$2857,$52,$993,$150,$152,$1380,$4236,$3432,$247,$29,$277,$3708,$4,$182,$-3,$528,$4236,$14,$1,$-1,$0,$-3,$0,$-1,$0,$-4,$11,$0,$0,$29,$19,$6,$25,$8,$62,$-102,$0,$-102,$-0,$-0,$-1,$19,$-84,$-12,$0,$-0
27,2011-12-31,7.71,$18.01,0.43,$8.81,0.87,$9.72,0.79,$0.34,22.67,$2.80B,$3.29B,0.85,$0.33B,$0.42B,0.79,$0.23B,$0.19B,83.48%,$0.23B,$0.03B,14.78%,$0.23B,0,0.00%,$0.23B,0,0.00%,$0.23B,$0.03B,14.78%,$0.23B,$0.01B,3.48%,$0.01B,$0.51B,1.63%,$0.01B,$0.36B,2.37%,$0.01B,$4.17B,0.19%,$0.03B,$0.85B,4.14%,$57,$8,$49,$0,$39,$47,$10,$0,$10,$2,$8,$8,$6,$0,$0,$27,27,$0.24,$0.24,$126,$0,$0,$2804,$51,$978,$150,$153,$1369,$4173,$3294,$333,$32,$365,$3659,$4,$169,$-4,$514,$4173,$25,$5,$52,$57,$5,$0,$-1,$0,$3,$85,$0,$0,$0,$12,$-99,$-86,$58,$-28,$54,$0,$54,$21,$43,$-5,$-134,$-42,$15,$1,$-1
28,2011-09-30,6.41,$17.96,0.36,$9.17,0.7,$9.80,0.65,$0.20,32.04,$2.75B,$3.21B,0.86,$0.36B,$0.42B,0.86,$0.24B,$0.19B,81.70%,$0.24B,$0.03B,11.91%,$0.24B,0,0.00%,$0.24B,0,0.00%,$0.24B,$0.03B,11.91%,$0.24B,$0.01B,2.13%,$0.01B,$0.51B,1.05%,$0.01B,$0.36B,1.55%,$0.01B,$4.12B,0.12%,$0.03B,$0.88B,3.50%,$58,$9,$49,$0,$39,$49,$9,$0,$9,$3,$7,$7,$-6,$0,$0,$26,26,$-0.25,$-0.25,$76,$0,$0,$2746,$51,$969,$151,$165,$1372,$4119,$3211,$364,$31,$394,$3606,$4,$163,$1,$513,$4119,$18,$4,$37,$41,$10,$0,$-2,$0,$8,$67,$0,$0,$0,$49,$-88,$-39,$65,$26,$73,$0,$73,$22,$43,$-3,$-205,$-92,$2,$1,$-1
29,2011-06-30,8.12,$18.24,0.45,$9.31,0.87,$9.61,0.84,$0.47,17.27,$2.74B,$3.29B,0.83,$0.30B,$0.40B,0.75,$0.24B,$0.19B,80.17%,$0.24B,$0.02B,8.44%,$0.24B,0,0.00%,$0.24B,0,0.00%,$0.24B,$0.02B,8.44%,$0.24B,$0.01B,5.06%,$0.01B,$0.47B,2.60%,$0.01B,$0.32B,3.89%,$0.01B,$4.09B,0.29%,$0.02B,$0.77B,2.57%,$57,$10,$47,$0,$39,$50,$7,$0,$7,$1,$5,$5,$4,$0,$0,$26,26,$0.18,$0.18,$67,$0,$0,$2735,$52,$970,$152,$149,$1359,$4094,$3293,$301,$32,$332,$3626,$3,$169,$-6,$468,$4094,$11,$3,$26,$29,$18,$0,$-1,$0,$18,$57,$0,$0,$0,$49,$-104,$-54,$89,$35,$29,$0,$29,$0,$0,$-2,$-126,$-100,$-7,$1,$-1
30,2011-03-31,7.49,$17.36,0.43,$9.51,0.79,$9.18,0.82,$0.64,11.7,$2.82B,$3.27B,0.86,$0.33B,$0.39B,0.84,$0.24B,$0.19B,78.84%,$0.24B,$0.01B,4.56%,$0.24B,0,0.00%,$0.24B,0,0.00%,$0.24B,$0.01B,4.56%,$0.24B,$0.02B,6.64%,$0.02B,$0.46B,3.48%,$0.02B,$0.31B,5.25%,$0.02B,$4.12B,0.38%,$0.01B,$0.79B,1.41%,$58,$11,$47,$0,$38,$50,$8,$0,$8,$2,$5,$5,$4,$0,$0,$26,26,$0.17,$0.17,$112,$0,$0,$2815,$52,$920,$153,$139,$1302,$4117,$3271,$331,$52,$384,$3655,$3,$165,$-7,$463,$4117,$5,$1,$19,$20,$20,$0,$-1,$0,$19,$45,$0,$0,$0,$3,$-26,$-23,$60,$37,$28,$0,$28,$0,$0,$-1,$-117,$-90,$-8,$0,$-0
31,2010-12-31,8.02,$20.13,0.4,$10.26,0.78,$8.88,0.9,$0.48,16.72,$2.92B,$3.38B,0.86,$0.31B,$0.39B,0.8,$0.25B,$0.19B,77.42%,$0.25B,$0.00B,1.61%,$0.25B,0,0.00%,$0.25B,0,0.00%,$0.25B,$0.00B,1.61%,$0.25B,$0.01B,4.84%,$0.01B,$0.45B,2.58%,$0.01B,$0.30B,3.87%,$0.01B,$4.17B,0.28%,$0.00B,$0.76B,0.51%,$62,$12,$49,$0,$44,$58,$4,$0,$4,$-0,$4,$4,$3,$0,$0,$25,25,$0.10,$0.10,$124,$0,$0,$2916,$52,$861,$154,$142,$1254,$4171,$3383,$309,$24,$333,$3716,$3,$161,$-10,$454,$4171,$7,$6,$81,$87,$-11,$0,$-1,$0,$-13,$81,$0,$0,$0,$9,$-263,$-254,$364,$110,$-63,$0,$-63,$25,$25,$-6,$-268,$-312,$-121,$2,$-1
32,2010-09-30,6.9,$18.10,0.38,$10.78,0.64,$6.43,1.07,$-0.17,0.0,$3.04B,$3.37B,0.9,$0.32B,$0.40B,0.81,$0.25B,$0.19B,76.00%,$0.25B,$-0.01B,-3.60%,$0.25B,0,0.00%,$0.25B,0,0.00%,$0.25B,$-0.02B,-7.60%,$0.25B,$-0.00B,-1.20%,$-0.00B,$0.46B,-0.64%,$-0.00B,$0.31B,-0.96%,$-0.00B,$4.18B,-0.07%,$-0.01B,$0.78B,-1.14%,$60,$14,$47,$0,$44,$59,$1,$0,$1,$-1,$2,$2,$1,$0,$0,$26,26,$0.02,$0.02,$176,$0,$0,$3041,$53,$738,$155,$142,$1139,$4180,$3368,$320,$30,$350,$3718,$3,$158,$1,$462,$4180,$3,$4,$62,$66,$-7,$0,$-2,$0,$-9,$60,$0,$0,$0,$-40,$-120,$-160,$298,$138,$-53,$0,$-53,$25,$25,$-5,$-282,$-316,$-118,$1,$-1
33,2010-06-30,7.66,$17.92,0.43,$11.86,0.65,$4.12,1.86,$-0.49,0.0,$3.10B,$3.37B,0.92,$0.33B,$0.39B,0.84,$0.26B,$0.20B,75.29%,$0.26B,$-0.02B,-7.22%,$0.26B,0,0.00%,$0.26B,0,0.00%,$0.26B,$-0.03B,-11.03%,$0.26B,$-0.01B,-3.80%,$-0.01B,$0.46B,-2.12%,$-0.01B,$0.30B,-3.19%,$-0.01B,$4.18B,-0.23%,$-0.02B,$0.78B,-2.39%,$61,$14,$47,$0,$48,$64,$-2,$0,$-2,$-2,$-0,$-0,$8,$0,$0,$26,26,$0.35,$0.35,$105,$0,$0,$3096,$53,$682,$156,$142,$1087,$4183,$3373,$326,$26,$352,$3726,$3,$158,$-3,$458,$4183,$1,$3,$41,$43,$2,$0,$-1,$0,$2,$46,$0,$0,$0,$33,$-69,$-36,$177,$141,$-47,$0,$-47,$24,$24,$-4,$-276,$-302,$-115,$1,$-0
34,2010-03-31,6.28,$19.18,0.33,$12.82,0.49,$2.57,2.45,$-2.32,0.0,$3.29B,$3.52B,0.94,$0.32B,$0.38B,0.85,$0.27B,$0.20B,73.63%,$0.27B,$-0.06B,-23.44%,$0.27B,0,0.00%,$0.27B,0,0.00%,$0.27B,$-0.07B,-27.11%,$0.27B,$-0.05B,-17.95%,$-0.05B,$0.49B,-10.30%,$-0.05B,$0.33B,-15.51%,$-0.05B,$4.38B,-1.09%,$-0.06B,$0.81B,-7.68%,$65,$15,$49,$0,$47,$64,$1,$0,$1,$-1,$2,$2,$0,$0,$0,$21,21,$0.01,$0.01,$217,$0,$0,$3287,$54,$676,$158,$142,$1089,$4376,$3515,$318,$53,$372,$3887,$3,$151,$-8,$489,$4376,$2,$1,$23,$24,$6,$0,$-1,$0,$5,$31,$0,$0,$0,$-84,$-44,$-128,$113,$-15,$-19,$0,$-19,$24,$24,$-2,$-139,$-136,$-119,$0,$-0
35,2009-12-31,5.35,$21.85,0.24,$13.34,0.4,$0.94,5.69,$-2.16,0.0,$3.46B,$3.67B,0.94,$0.33B,$0.35B,0.92,$0.28B,$0.21B,72.44%,$0.28B,$-0.06B,-21.20%,$0.28B,0,0.00%,$0.28B,0,0.00%,$0.28B,$-0.07B,-24.73%,$0.28B,$-0.05B,-16.25%,$-0.05B,$0.46B,-9.58%,$-0.05B,$0.31B,-14.39%,$-0.05B,$4.48B,-0.99%,$-0.06B,$0.79B,-6.82%,$64,$17,$47,$0,$55,$72,$-9,$0,$-19,$-8,$-10,$-10,$-12,$0,$0,$21,21,$-0.55,$-0.55,$253,$0,$0,$3460,$56,$602,$159,$141,$1021,$4481,$3668,$325,$25,$349,$4017,$3,$151,$-9,$464,$4481,$-41,$6,$56,$62,$-1,$0,$-3,$0,$-4,$18,$0,$0,$0,$-35,$-74,$-109,$367,$258,$-168,$0,$-168,$1,$117,$-14,$-182,$-247,$29,$2,$-10
36,2009-09-30,6.2,$22.46,0.28,$13.63,0.45,$2.26,2.75,$-1.60,0.0,$3.52B,$3.64B,0.97,$0.33B,$0.36B,0.89,$0.28B,$0.20B,70.61%,$0.28B,$-0.05B,-17.20%,$0.28B,0,0.00%,$0.28B,0,0.00%,$0.28B,$-0.05B,-18.28%,$0.28B,$-0.03B,-12.19%,$-0.03B,$0.48B,-7.34%,$-0.03B,$0.32B,-11.30%,$-0.03B,$4.48B,-0.72%,$-0.05B,$0.80B,-5.30%,$73,$18,$55,$0,$62,$82,$-9,$0,$-9,$-4,$-5,$-5,$-6,$0,$0,$21,21,$-0.30,$-0.30,$164,$0,$0,$3523,$58,$528,$160,$148,$953,$4476,$3643,$325,$33,$357,$4001,$3,$164,$-9,$476,$4476,$-31,$4,$50,$54,$-19,$0,$-3,$0,$-22,$1,$0,$0,$0,$-5,$-12,$-17,$254,$237,$-168,$0,$-168,$1,$117,$-11,$-206,$-269,$-31,$2,$-8
37,2009-06-30,7.05,$22.47,0.31,$13.72,0.51,$4.64,1.52,$-0.98,0.0,$3.64B,$3.73B,0.98,$0.46B,$0.36B,1.28,$0.27B,$0.18B,68.15%,$0.27B,$-0.03B,-11.48%,$0.27B,0,0.00%,$0.27B,0,0.00%,$0.27B,$-0.03B,-12.59%,$0.27B,$-0.02B,-8.15%,$-0.02B,$0.47B,-5.09%,$-0.02B,$0.31B,-7.97%,$-0.02B,$4.72B,-0.48%,$-0.03B,$0.94B,-3.46%,$71,$21,$50,$0,$96,$118,$-47,$0,$-47,$-18,$-30,$-30,$-31,$0,$0,$21,21,$-1.49,$-1.49,$118,$0,$0,$3639,$59,$665,$161,$192,$1078,$4717,$3728,$464,$52,$515,$4244,$3,$173,$-18,$473,$4717,$-26,$3,$45,$48,$-16,$0,$-1,$0,$-17,$5,$0,$0,$0,$-6,$-151,$-157,$119,$-38,$-25,$0,$-25,$0,$116,$-8,$-128,$-44,$-77,$1,$-7
38,2009-03-31,9.4,$24.13,0.39,$13.92,0.68,$5.95,1.58,$0.86,10.93,$3.97B,$3.81B,1.04,$0.48B,$0.40B,1.22,$0.26B,$0.18B,67.30%,$0.26B,$0.03B,9.51%,$0.26B,0,0.00%,$0.26B,0,0.00%,$0.26B,$0.02B,8.37%,$0.26B,$0.02B,6.08%,$0.02B,$0.51B,3.99%,$0.02B,$0.35B,6.38%,$0.02B,$4.89B,0.37%,$0.03B,$0.99B,2.99%,$75,$22,$53,$0,$46,$69,$5,$0,$5,$1,$4,$4,$3,$0,$0,$21,21,$0.17,$0.17,$344,$0,$0,$3969,$59,$481,$163,$215,$918,$4887,$3806,$483,$89,$572,$4379,$3,$206,$-16,$508,$4887,$4,$1,$-9,$-7,$-1,$0,$-1,$0,$-2,$-5,$1,$0,$0,$-119,$45,$-75,$59,$-15,$-22,$0,$-22,$0,$116,$-5,$-34,$56,$35,$1,$-5
39,2008-12-31,18.88,$18.69,1.01,$14.10,1.34,$7.32,2.58,$1.14,16.56,$3.89B,$3.85B,1.01,$0.50B,$0.40B,1.25,$0.26B,$0.17B,64.71%,$0.26B,$0.03B,12.16%,$0.26B,0,0.00%,$0.26B,0,0.00%,$0.26B,$0.03B,10.98%,$0.26B,$0.02B,8.24%,$0.02B,$0.40B,5.82%,$0.02B,$0.23B,9.64%,$0.02B,$4.78B,0.52%,$0.03B,$0.89B,4.05%,$60,$21,$39,$0,$36,$57,$3,$0,$0,$-0,$0,$0,$0,$0,$0,$18,18,$0.00,$0.01,$189,$0,$0,$3890,$60,$516,$166,$126,$894,$4784,$3850,$496,$42,$538,$4388,$3,$206,$-16,$396,$4784,$21,$5,$10,$15,$5,$0,$-1,$0,$3,$39,$0,$0,$7,$11,$87,$98,$-245,$-140,$-87,$0,$-87,$1,$1,$-17,$219,$117,$16,$2,$-17
40,2008-09-30,19.15,$19.43,0.99,$14.59,1.31,$7.91,2.42,$1.64,11.68,$3.16B,$3.08B,1.03,$0.41B,$0.35B,1.18,$0.26B,$0.17B,62.88%,$0.26B,$0.04B,15.53%,$0.26B,0,0.00%,$0.26B,0,0.00%,$0.26B,$0.04B,15.15%,$0.26B,$0.03B,11.36%,$0.03B,$0.35B,8.65%,$0.03B,$0.22B,14.20%,$0.03B,$3.86B,0.79%,$0.04B,$0.77B,5.62%,$64,$22,$42,$0,$33,$56,$8,$0,$8,$3,$6,$6,$6,$0,$0,$18,18,$0.32,$0.32,$93,$0,$0,$3161,$44,$414,$136,$109,$703,$3864,$3079,$413,$20,$433,$3512,$2,$211,$-3,$352,$3864,$20,$4,$19,$22,$4,$0,$-2,$0,$2,$44,$0,$0,$-0,$9,$60,$70,$-241,$-172,$3,$0,$3,$1,$1,$-13,$79,$70,$-57,$1,$-13
41,2008-06-30,15.07,$19.23,0.78,$14.89,1.01,$7.56,1.99,$1.78,8.47,$3.10B,$3.11B,1.0,$0.34B,$0.35B,0.99,$0.27B,$0.16B,60.37%,$0.27B,$0.05B,16.67%,$0.27B,0,0.00%,$0.27B,0,0.00%,$0.27B,$0.04B,16.30%,$0.27B,$0.03B,11.85%,$0.03B,$0.35B,9.35%,$0.03B,$0.21B,15.52%,$0.03B,$3.82B,0.85%,$0.05B,$0.69B,6.20%,$64,$22,$43,$0,$33,$55,$9,$0,$9,$2,$7,$7,$7,$0,$0,$18,18,$0.37,$0.36,$88,$0,$0,$3098,$44,$434,$136,$110,$724,$3822,$3113,$344,$19,$363,$3475,$2,$209,$-4,$347,$3822,$15,$2,$9,$11,$4,$0,$-2,$0,$3,$28,$0,$0,$-0,$18,$39,$56,$-176,$-120,$17,$0,$17,$-0,$0,$-8,$28,$38,$-54,$1,$-8
42,2008-03-31,23.47,$19.40,1.21,$14.98,1.57,$7.44,3.15,$1.76,13.33,$3.05B,$3.04B,1.0,$0.36B,$0.35B,1.03,$0.27B,$0.16B,57.51%,$0.27B,$0.05B,16.85%,$0.27B,0,0.00%,$0.27B,0,0.00%,$0.27B,$0.04B,15.75%,$0.27B,$0.03B,11.36%,$0.03B,$0.35B,9.19%,$0.03B,$0.21B,15.42%,$0.03B,$3.77B,0.83%,$0.05B,$0.71B,6.32%,$67,$26,$41,$0,$29,$56,$11,$0,$11,$3,$8,$8,$8,$0,$0,$18,18,$0.45,$0.45,$111,$0,$0,$3045,$45,$451,$135,$92,$723,$3767,$3035,$360,$23,$383,$3418,$2,$207,$2,$349,$3767,$8,$1,$10,$11,$2,$0,$-1,$0,$2,$21,$0,$0,$0,$4,$30,$34,$-70,$-37,$6,$0,$6,$-1,$-1,$-4,$-30,$-29,$-45,$0,$-4
43,2007-12-31,17.8,$18.88,0.94,$14.77,1.2,$7.28,2.44,$1.73,10.29,$3.04B,$3.01B,1.01,$0.41B,$0.34B,1.21,$0.27B,$0.15B,56.46%,$0.27B,$0.05B,16.97%,$0.27B,0,0.00%,$0.27B,0,0.00%,$0.27B,$0.04B,15.87%,$0.27B,$0.03B,11.44%,$0.03B,$0.34B,9.33%,$0.03B,$0.20B,15.88%,$0.03B,$3.78B,0.84%,$0.05B,$0.75B,6.40%,$69,$29,$40,$0,$27,$57,$13,$0,$12,$3,$9,$9,$9,$0,$0,$18,18,$0.51,$0.51,$160,$0,$0,$3035,$44,$476,$136,$90,$747,$3782,$3011,$410,$21,$431,$3442,$2,$203,$-3,$340,$3782,$32,$4,$12,$17,$3,$0,$-1,$0,$2,$50,$0,$0,$-0,$-14,$16,$2,$-200,$-198,$126,$0,$126,$-10,$-10,$-17,$94,$193,$45,$1,$-17
44,2007-09-30,17.38,$18.33,0.95,$14.44,1.2,$6.48,2.68,$1.64,10.6,$2.98B,$2.97B,1.0,$0.42B,$0.33B,1.27,$0.27B,$0.15B,56.02%,$0.27B,$0.05B,19.55%,$0.27B,0,0.00%,$0.27B,0,0.00%,$0.27B,$0.04B,15.41%,$0.27B,$0.03B,11.28%,$0.03B,$0.33B,9.12%,$0.03B,$0.20B,15.67%,$0.03B,$3.75B,0.83%,$0.05B,$0.75B,7.18%,$70,$31,$39,$0,$27,$58,$12,$0,$12,$3,$8,$8,$8,$0,$0,$18,18,$0.46,$0.46,$108,$0,$0,$2980,$44,$500,$136,$95,$775,$3754,$2968,$421,$33,$454,$3422,$2,$198,$-8,$333,$3754,$22,$3,$13,$17,$-1,$0,$-0,$0,$-1,$38,$0,$0,$0,$-11,$-10,$-21,$-191,$-212,$178,$0,$178,$-7,$-7,$-13,$11,$170,$-4,$1,$-13
45,2007-06-30,19.17,$17.90,1.07,$14.05,1.36,$5.27,3.63,$1.60,11.98,$2.89B,$2.95B,0.98,$0.37B,$0.33B,1.13,$0.26B,$0.15B,56.37%,$0.26B,$0.05B,19.69%,$0.26B,0,0.00%,$0.26B,0,0.00%,$0.26B,$0.04B,15.44%,$0.26B,$0.03B,11.58%,$0.03B,$0.33B,9.20%,$0.03B,$0.19B,15.87%,$0.03B,$3.67B,0.84%,$0.05B,$0.70B,7.08%,$67,$29,$37,$0,$27,$57,$10,$-2,$8,$2,$6,$6,$6,$0,$0,$18,18,$0.34,$0.34,$90,$0,$0,$2893,$44,$503,$137,$92,$777,$3670,$2947,$371,$25,$395,$3342,$2,$193,$-12,$327,$3670,$14,$2,$4,$6,$5,$0,$1,$0,$6,$27,$0,$0,$0,$2,$-18,$-16,$-123,$-139,$147,$0,$147,$-4,$-4,$-8,$-31,$103,$-9,$1,$-8
46,2007-03-31,18.74,$17.94,1.04,$13.64,1.37,$5.10,3.68,$1.65,11.36,$2.78B,$2.85B,0.98,$0.35B,$0.33B,1.05,$0.25B,$0.15B,57.77%,$0.25B,$0.05B,20.72%,$0.25B,0,0.00%,$0.25B,0,0.00%,$0.25B,$0.04B,17.13%,$0.25B,$0.03B,12.35%,$0.03B,$0.33B,9.60%,$0.03B,$0.19B,16.71%,$0.03B,$3.56B,0.89%,$0.05B,$0.68B,6.88%,$65,$28,$37,$0,$25,$54,$11,$0,$11,$3,$8,$8,$8,$0,$0,$18,18,$0.42,$0.42,$50,$0,$0,$2779,$43,$500,$138,$94,$775,$3555,$2849,$346,$31,$377,$3226,$2,$191,$-9,$329,$3555,$8,$1,$3,$5,$5,$0,$2,$0,$7,$19,$0,$0,$0,$4,$-10,$-6,$-45,$-51,$56,$0,$56,$-3,$-3,$-4,$-63,$-14,$-46,$0,$-4
47,2006-12-31,21.27,$17.75,1.2,$13.18,1.61,$4.81,4.42,$1.64,12.97,$2.80B,$2.76B,1.01,$0.44B,$0.33B,1.35,$0.24B,$0.14B,59.26%,$0.24B,$0.05B,21.40%,$0.24B,0,0.00%,$0.24B,0,0.00%,$0.24B,$0.04B,17.70%,$0.24B,$0.03B,12.76%,$0.03B,$0.33B,9.70%,$0.03B,$0.19B,16.99%,$0.03B,$3.56B,0.90%,$0.05B,$0.77B,6.63%,$64,$28,$36,$0,$17,$45,$19,$0,$10,$3,$8,$8,$8,$0,$0,$18,18,$0.42,$0.42,$101,$0,$0,$2797,$42,$489,$139,$88,$758,$3555,$2760,$441,$27,$468,$3228,$2,$188,$-9,$327,$3555,$30,$5,$2,$7,$-5,$0,$3,$0,$-2,$36,$0,$0,$-0,$-3,$-29,$-32,$-272,$-304,$-67,$0,$-67,$-2,$-2,$-17,$374,$288,$20,$1,$-17
