,Date,Stock Price,Book Value per Share,Price to Book Ratio,TTM Sales per Share,Price to Sales Ratio,TTM FCF per Share,Price to FCF Ratio,TTM Net EPS,PE Ratio,Current Assets,Current Liabilities,Current Ratio,Long Term Debt,Shareholder's Equity_x,Debt to Equity Ratio,TTM Revenue_x,TTM Gross Profit,Gross Margin,TTM Revenue_y,TTM Operating Income,Operating Margin,TTM Revenue_x,TTM EBIT,EBIT Margin,TTM Revenue_y,TTM EBITDA,EBITDA Margin,TTM Revenue_x,TTM Pre-Tax Income,Pre-Tax Margin,TTM Revenue_y,TTM Net Income_x,Net Margin,TTM Net Income_y,Shareholder's Equity_y,Return on Equity,TTM Net Income_x,Tangible Equity,Return on Tangible Equity,TTM Net Income_y,Total Assets,Return on Assets,TTM Net Income,LT Investments & Debt,Return on Investment,revenue,cost-goods-sold,gross-profit,research-development-expenses,selling-general-administrative-expenses,operating-expenses,operating-income,total-non-operating-income-expense,pre-tax-income,total-provision-income-taxes,income-after-taxes,income-from-continuous-operations,net-income,ebitda,ebit,basic-shares-outstanding,shares-outstanding,eps-basic-net-earnings-per-share,eps-earnings-per-share-diluted,cash-on-hand,inventory,other-current-assets,total-current-assets,net-property-plant-equipment,long-term-investments,goodwill-intangible-assets-total,other-long-term-assets,total-long-term-assets,total-assets,total-current-liabilities,long-term-debt,other-non-current-liabilities,total-long-term-liabilities,total-liabilities,common-stock-net,retained-earnings-accumulated-deficit,comprehensive-income,total-share-holder-equity,total-liabilities-share-holders-equity,net-income-loss,total-depreciation-amortization-cash-flow,other-non-cash-items,total-non-cash-items,change-in-accounts-receivable,change-in-inventories,change-in-accounts-payable,change-in-assets-liabilities,total-change-in-assets-liabilities,cash-flow-from-operating-activities,net-change-in-property-plant-equipment,net-change-in-intangible-assets,net-acquisitions-divestitures,net-change-in-short-term-investments,net-change-in-long-term-investments,net-change-in-investments-total,investing-activities-other,cash-flow-from-investing-activities,net-long-term-debt,net-current-debt,debt-issuance-retirement-net-total,net-common-equity-issued-repurchased,net-total-equity-issued-repurchased,total-common-preferred-stock-dividends-paid,financial-activities-other,cash-flow-from-financial-activities,net-cash-flow,stock-based-compensation,common-stock-dividends-paid
0,2018-09-30,5.81,$6.70,0.87,$4.14,1.4,$-6.71,0.0,$-1.66,0.0,$0.30B,$0.22B,1.32,$1.77B,$1.14B,1.55,$0.71B,$0.19B,27.23%,$0.71B,$-0.09B,-13.05%,$0.71B,$-0.09B,-13.05%,$0.71B,$0.04B,5.53%,$0.71B,$-0.28B,-40.14%,$0.71B,$-0.28B,-40.14%,$-0.28B,$1.14B,-24.50%,$-0.28B,$1.03B,-27.15%,$-0.28B,$3.13B,-8.85%,$-0.09B,$2.91B,-3.11%,$189,$139,$50,$0,$9,$175,$13,$-21,$2,$0,$2,$2,$2,$54,$13,$170,170,$0.01,$0.01,$86,$0,$209,$295,$2502,$20,$112,$13,$2836,$3132,$224,$1768,$1,$1769,$1993,$170,$-320,$0,$1138,$3132,$-34,$96,$-31,$66,$0,$0,$0,$-20,$-20,$11,$-204,$0,$-6,$0,$0,$0,$20,$-190,$145,$0,$145,$0,$0,$-0,$0,$145,$-34,$0,$-0
1,2018-06-30,5.84,$6.69,0.87,$3.86,1.51,$-9.04,0.0,$-1.81,0.0,$0.32B,$0.24B,1.34,$1.88B,$1.14B,1.65,$0.66B,$0.18B,27.59%,$0.66B,$-0.12B,-18.29%,$0.66B,$-0.12B,-18.29%,$0.66B,$0.02B,2.29%,$0.66B,$-0.31B,-47.10%,$0.66B,$-0.31B,-47.10%,$-0.31B,$1.14B,-25.13%,$-0.31B,$1.02B,-28.37%,$-0.31B,$3.26B,-9.46%,$-0.12B,$3.02B,-3.96%,$167,$133,$34,$0,$9,$168,$-1,$-22,$-23,$0,$-23,$-23,$-23,$31,$-1,$170,170,$-0.13,$-0.13,$131,$0,$188,$319,$2527,$17,$112,$11,$2936,$3255,$238,$1879,$1,$1881,$2119,$170,$-323,$0,$1136,$3255,$-36,$65,$-21,$44,$0,$0,$0,$-1,$-1,$13,$-203,$0,$0,$0,$0,$0,$20,$-183,$183,$0,$183,$0,$0,$-0,$0,$183,$13,$0,$-0
2,2018-03-31,4.43,$6.82,0.65,$3.76,1.18,$-9.95,0.0,$-1.79,0.0,$0.32B,$0.26B,1.25,$1.86B,$1.16B,1.6,$0.64B,$0.20B,30.52%,$0.64B,$-0.12B,-18.78%,$0.64B,$-0.12B,-18.78%,$0.64B,$0.02B,2.82%,$0.64B,$-0.31B,-47.73%,$0.64B,$-0.31B,-47.73%,$-0.31B,$1.16B,-23.27%,$-0.31B,$1.05B,-26.72%,$-0.31B,$3.27B,-9.36%,$-0.12B,$3.02B,-3.95%,$170,$126,$44,$0,$10,$167,$3,$-16,$-14,$0,$-14,$-14,$-14,$35,$3,$170,170,$-0.08,$-0.08,$126,$0,$195,$321,$2551,$19,$112,$9,$2951,$3272,$256,$1857,$1,$1858,$2114,$170,$-300,$-1,$1158,$3272,$-14,$32,$-5,$27,$0,$0,$0,$-2,$-2,$12,$-186,$0,$0,$0,$0,$0,$20,$-166,$162,$0,$162,$0,$0,$0,$0,$162,$9,$0,$0
3,2017-12-31,4.59,$6.99,0.66,$3.81,1.21,$-9.90,0.0,$-1.55,0.0,$0.32B,$0.22B,1.45,$1.72B,$1.19B,1.45,$0.65B,$0.23B,36.07%,$0.65B,$-0.08B,-12.69%,$0.65B,$-0.08B,-12.69%,$0.65B,$0.06B,9.13%,$0.65B,$-0.26B,-40.87%,$0.65B,$-0.26B,-40.87%,$-0.26B,$1.19B,-18.88%,$-0.26B,$1.08B,-21.99%,$-0.26B,$3.13B,-8.18%,$-0.08B,$2.91B,-2.72%,$179,$115,$64,$0,$9,$283,$-104,$-131,$-248,$0,$-248,$-248,$-248,$-81,$-104,$170,170,$-1.47,$-1.47,$134,$0,$187,$322,$2342,$22,$112,$4,$2812,$3134,$222,$1723,$1,$1724,$1946,$170,$-273,$2,$1188,$3134,$-264,$144,$252,$395,$-1,$-24,$7,$6,$2,$130,$-714,$0,$0,$0,$-19,$-19,$10,$-723,$558,$10,$568,$0,$0,$-51,$-23,$494,$-98,$0,$-51
4,2017-09-30,6.04,$8.46,0.71,$3.89,1.55,$-7.51,0.0,$0.03,201.33,$0.32B,$0.21B,1.47,$1.76B,$1.44B,1.23,$0.65B,$0.25B,39.38%,$0.65B,$0.05B,8.22%,$0.65B,$0.05B,8.22%,$0.65B,$0.19B,29.92%,$0.65B,$0.00B,0.47%,$0.65B,$0.00B,0.31%,$0.00B,$1.44B,0.14%,$0.00B,$1.21B,0.16%,$0.00B,$3.41B,0.06%,$0.05B,$3.20B,1.78%,$140,$102,$39,$0,$10,$159,$-19,$-18,$-24,$0,$-24,$-24,$-24,$30,$-19,$170,170,$-0.14,$-0.14,$152,$0,$163,$315,$2363,$24,$225,$2,$3096,$3411,$214,$1759,$1,$1761,$1974,$170,$-24,$3,$1437,$3411,$-16,$107,$1,$108,$0,$0,$0,$29,$29,$120,$-707,$0,$0,$0,$-46,$-46,$33,$-720,$586,$0,$586,$0,$0,$-51,$-18,$517,$-83,$0,$-51
5,2017-06-30,5.73,$0.00,0.0,$4.07,1.41,$-5.00,0.0,$0.20,28.65,$0.33B,$0.20B,1.66,$1.56B,$1.46B,1.07,$0.66B,$0.28B,42.45%,$0.66B,$0.08B,11.78%,$0.66B,$0.08B,11.78%,$0.66B,$0.22B,32.78%,$0.66B,$0.03B,4.98%,$0.66B,$0.03B,4.68%,$0.03B,$1.46B,2.11%,$0.03B,$1.23B,2.50%,$0.03B,$3.22B,1.01%,$0.08B,$3.02B,2.73%,$150,$103,$48,$0,$11,$152,$-1,$-18,$-19,$0,$-19,$-19,$-19,$34,$-1,$170,170,$-0.11,$-0.11,$165,$0,$163,$329,$2042,$26,$225,$2,$2892,$3221,$197,$1561,$3,$1564,$1762,$0,$0,$0,$1459,$3221,$8,$71,$10,$81,$0,$0,$0,$29,$29,$109,$-454,$0,$0,$0,$-46,$-46,$27,$-474,$358,$0,$358,$0,$0,$-51,$-16,$291,$-74,$0,$-51
6,2017-03-31,6.56,$8.88,0.74,$4.41,1.49,$-3.83,0.0,$0.40,16.4,$0.35B,$0.23B,1.51,$1.41B,$1.51B,0.93,$0.70B,$0.34B,48.30%,$0.70B,$0.12B,16.48%,$0.70B,$0.12B,16.48%,$0.70B,$0.25B,36.08%,$0.70B,$0.07B,9.52%,$0.70B,$0.06B,9.09%,$0.06B,$1.51B,4.39%,$0.06B,$1.28B,5.20%,$0.06B,$3.15B,2.14%,$0.12B,$2.92B,4.17%,$177,$96,$82,$0,$9,$136,$41,$-14,$27,$0,$27,$27,$27,$76,$41,$170,170,$0.16,$0.16,$182,$0,$166,$348,$1769,$28,$225,$4,$2802,$3150,$231,$1408,$3,$1411,$1642,$170,$36,$7,$1508,$3150,$27,$36,$-3,$32,$0,$0,$0,$20,$20,$80,$-247,$0,$-46,$0,$0,$0,$9,$-283,$156,$0,$156,$0,$0,$-26,$-2,$129,$-75,$0,$-26
7,2016-12-31,6.77,$8.83,0.77,$4.81,1.41,$-3.10,0.0,$0.74,9.15,$0.38B,$0.18B,2.1,$1.28B,$1.50B,0.85,$0.75B,$0.41B,53.85%,$0.75B,$0.18B,23.61%,$0.75B,$0.18B,23.61%,$0.75B,$0.32B,41.78%,$0.75B,$0.12B,15.78%,$0.75B,$0.12B,15.38%,$0.12B,$1.50B,8.02%,$0.12B,$1.27B,9.50%,$0.12B,$2.97B,3.93%,$0.18B,$2.78B,6.49%,$178,$93,$85,$0,$9,$160,$18,$1,$19,$0,$18,$18,$18,$53,$18,$157,157,$0.13,$0.13,$221,$38,$45,$384,$1477,$35,$225,$0,$2583,$2966,$183,$1281,$3,$1284,$1467,$170,$34,$1,$1500,$2966,$118,$136,$45,$181,$4,$-12,$-5,$1,$-16,$286,$-449,$0,$0,$0,$0,$0,$53,$-397,$125,$0,$125,$98,$98,$-165,$-10,$49,$-62,$0,$-165
8,2016-09-30,6.74,$8.93,0.75,$4.95,1.36,$-3.09,0.0,$0.62,10.87,$0.29B,$0.19B,1.48,$1.33B,$1.40B,0.95,$0.73B,$0.41B,56.71%,$0.73B,$0.33B,45.62%,$0.73B,$0.33B,45.62%,$0.73B,$0.46B,62.74%,$0.73B,$0.16B,21.78%,$0.73B,$0.16B,21.51%,$0.16B,$1.40B,10.96%,$0.16B,$1.17B,13.00%,$0.16B,$2.92B,5.35%,$0.33B,$2.73B,12.30%,$157,$92,$66,$0,$9,$137,$20,$-14,$6,$0,$6,$6,$5,$54,$20,$156,156,$0.03,$0.03,$134,$0,$153,$287,$1492,$33,$225,$27,$2636,$2923,$194,$1328,$3,$1332,$1526,$156,$31,$-0,$1397,$2923,$99,$102,$36,$137,$0,$0,$0,$13,$13,$252,$-401,$0,$0,$0,$0,$0,$5,$-397,$161,$0,$161,$0,$0,$-149,$-9,$4,$-140,$0,$-149
9,2016-06-30,7.2,$9.09,0.79,$4.87,1.48,$-3.55,0.0,$1.04,6.93,$0.30B,$0.23B,1.29,$1.29B,$1.42B,0.91,$0.68B,$0.40B,58.38%,$0.68B,$0.35B,51.32%,$0.68B,$0.35B,51.32%,$0.68B,$0.45B,66.47%,$0.68B,$0.22B,31.62%,$0.68B,$0.21B,31.47%,$0.21B,$1.42B,18.77%,$0.21B,$1.20B,22.03%,$0.21B,$2.95B,8.86%,$0.35B,$2.71B,15.88%,$192,$85,$107,$0,$8,$155,$37,$-23,$15,$-0,$15,$15,$14,$71,$37,$156,156,$0.09,$0.09,$142,$0,$159,$301,$1249,$36,$225,$171,$2647,$2948,$233,$1291,$3,$1294,$1527,$156,$57,$-1,$1421,$2948,$93,$68,$37,$104,$0,$0,$0,$6,$6,$204,$-338,$0,$0,$0,$0,$0,$-1,$-339,$122,$0,$122,$0,$0,$-118,$-4,$-0,$-135,$0,$-118
10,2016-03-31,7.36,$9.38,0.78,$3.73,1.97,$-2.83,0.0,$1.50,4.91,$0.45B,$0.23B,1.97,$1.28B,$0.00B,0.0,$0.59B,$0.34B,57.60%,$0.59B,$0.35B,59.29%,$0.59B,$0.35B,59.29%,$0.59B,$0.43B,72.97%,$0.59B,$0.28B,47.13%,$0.59B,$0.22B,37.67%,$0.22B,$1.47B,22.61%,$0.22B,$1.24B,25.52%,$0.22B,$2.98B,10.79%,$0.35B,$2.75B,18.77%,$227,$79,$148,$0,$11,$124,$103,$-24,$79,$0,$79,$79,$79,$137,$103,$158,158,$0.50,$0.50,$281,$0,$165,$446,$1359,$38,$225,$0,$2534,$2980,$227,$1283,$3,$1286,$1512,$0,$0,$0,$1467,$2980,$79,$34,$4,$38,$0,$0,$0,$4,$4,$121,$-161,$0,$0,$0,$0,$0,$2,$-159,$104,$0,$104,$0,$0,$-55,$-4,$45,$7,$0,$-55
11,2015-12-31,12.69,$1.85,6.86,$3.06,4.15,$-3.85,0.0,$2.25,5.64,$0.47B,$0.24B,1.93,$1.19B,$1.45B,0.82,$0.46B,$0.24B,52.72%,$0.46B,$0.29B,62.53%,$0.46B,$0.29B,62.53%,$0.46B,$0.34B,74.73%,$0.46B,$0.26B,55.77%,$0.46B,$0.16B,33.77%,$0.16B,$1.45B,17.30%,$0.16B,$1.22B,18.46%,$0.16B,$2.88B,8.67%,$0.29B,$2.64B,17.90%,$154,$61,$93,$0,$5,$-19,$173,$-114,$59,$0,$59,$59,$59,$196,$173,$120,120,$0.65,$0.65,$288,$26,$53,$467,$1189,$41,$225,$0,$2416,$2883,$242,$1192,$3,$1195,$1437,$782,$81,$-0,$1446,$2883,$255,$55,$12,$68,$-21,$9,$3,$12,$-5,$207,$-330,$0,$87,$0,$0,$0,$-216,$-459,$227,$-113,$114,$0,$0,$-39,$145,$220,$29,$0,$-39
12,2015-09-30,11.23,$5.68,1.98,$0.31,35.9,$-2.76,0.0,$1.65,6.81,$0.22B,$0.16B,1.36,$0.46B,$0.23B,2.06,$0.12B,$0.11B,86.89%,$0.12B,$0.33B,272.13%,$0.12B,$0.33B,272.13%,$0.12B,$0.37B,306.56%,$0.12B,$0.49B,404.10%,$0.12B,$0.40B,323.77%,$0.40B,$0.23B,44.07%,$0.40B,$0.23B,44.07%,$0.40B,$0.85B,23.33%,$0.33B,$0.69B,23.31%,$107,$58,$49,$0,$3,$71,$36,$26,$62,$0,$62,$62,$62,$48,$36,$117,117,$0.53,$0.53,$95,$0,$122,$217,$111,$91,$0,$0,$634,$851,$160,$464,$2,$466,$626,$198,$-831,$-12,$226,$851,$197,$32,$-94,$-62,$0,$0,$0,$-13,$-13,$120,$-285,$0,$0,$0,$0,$0,$-232,$-517,$122,$0,$122,$0,$0,$-0,$141,$264,$-72,$0,$-0
13,2015-06-30,10.19,$1.27,8.03,$6.21,1.64,$-1.66,0.0,$-1.80,0.0,$0.29B,$0.15B,1.89,$0.60B,$0.81B,0.74,$0.15B,$0.10B,64.90%,$0.15B,$0.26B,170.86%,$0.15B,$0.26B,170.86%,$0.15B,$0.32B,209.93%,$0.15B,$0.37B,243.05%,$0.15B,$0.27B,180.79%,$0.27B,$0.81B,33.75%,$0.27B,$0.81B,33.75%,$0.27B,$1.56B,15.69%,$0.26B,$1.40B,18.05%,$104,$53,$51,$0,$1,$65,$39,$39,$79,$0,$79,$79,$23,$51,$39,$1158,1158,$0.02,$0.02,$193,$0,$97,$290,$1077,$0,$0,$1,$1266,$1556,$153,$596,$0,$596,$749,$635,$0,$-1,$806,$1556,$135,$21,$-64,$-43,$0,$0,$0,$-1,$-1,$88,$-243,$0,$0,$0,$0,$0,$-252,$-495,$136,$0,$136,$0,$0,$-0,$0,$277,$-68,$0,$-0
14,2015-03-31,9.35,$1.74,5.37,$12.27,0.76,$-1.27,0.0,$-6.40,0.0,$0.21B,$0.18B,1.16,$0.58B,$0.00B,0.0,$0.17B,$0.07B,42.77%,$0.17B,$0.15B,92.17%,$0.17B,$0.15B,92.17%,$0.17B,$0.22B,134.94%,$0.17B,$0.21B,125.90%,$0.17B,$0.17B,103.61%,$0.17B,$1.11B,29.05%,$0.17B,$1.11B,29.05%,$0.17B,$1.86B,10.34%,$0.15B,$1.68B,11.68%,$94,$45,$49,$0,$1,$55,$39,$18,$56,$0,$56,$56,$11,$48,$39,$123,123,$0.09,$0.09,$135,$0,$75,$211,$1043,$387,$0,$0,$1653,$1864,$181,$577,$0,$577,$758,$0,$0,$0,$1106,$1864,$56,$10,$-21,$-11,$0,$0,$0,$7,$7,$50,$-207,$0,$0,$0,$0,$0,$-284,$-491,$115,$0,$115,$0,$0,$-0,$141,$256,$-124,$0,$-0
15,2014-12-31,10.48,$2.34,4.47,$20.65,0.51,$2.58,4.05,$-8.30,0.0,$0.44B,$0.24B,1.84,$0.47B,$1.45B,0.33,$0.24B,$0.09B,36.36%,$0.24B,$0.12B,49.59%,$0.24B,$0.12B,49.59%,$0.24B,$0.21B,84.71%,$0.24B,$0.14B,57.02%,$0.24B,$0.15B,61.57%,$0.15B,$1.45B,46.97%,$0.15B,$1.45B,46.97%,$0.15B,$2.50B,9.67%,$0.12B,$1.92B,10.10%,$-183,$-140,$-43,$0,$-25,$-401,$218,$78,$296,$0,$296,$296,$299,$227,$218,$125,125,$8.89,$8.89,$272,$19,$107,$437,$862,$59,$0,$912,$2065,$2502,$237,$474,$344,$817,$1054,$635,$156,$0,$1447,$2502,$-172,$84,$126,$209,$-6,$-3,$0,$16,$16,$53,$-45,$0,$3,$0,$0,$0,$64,$22,$-112,$-6,$-118,$53,$53,$-37,$116,$-65,$10,$0,$-37
16,2014-09-30,5.26,$-6.20,-0.85,$20.01,0.26,$2.12,2.48,$-8.45,0.0,$0.26B,$0.32B,0.8,$0.83B,$-0.12B,-6.77,$0.19B,$0.11B,56.76%,$0.19B,$0.03B,16.76%,$0.19B,$0.03B,16.76%,$0.19B,$0.13B,71.35%,$0.19B,$0.09B,47.03%,$0.19B,$0.10B,51.35%,$0.10B,$-0.12B,-193.88%,$0.10B,$-0.12B,-193.88%,$0.10B,$1.04B,7.55%,$0.03B,$0.71B,3.10%,$136,$95,$41,$0,$10,$173,$-38,$-27,$-64,$0,$-64,$-64,$-60,$-9,$-38,$20,20,$-3.00,$-3.00,$121,$0,$137,$258,$57,$114,$0,$27,$780,$1038,$324,$834,$3,$837,$1161,$99,$-884,$-3,$-123,$1038,$-159,$75,$106,$181,$0,$0,$0,$16,$16,$38,$-45,$0,$2,$0,$0,$0,$66,$23,$-59,$-5,$-64,$53,$53,$0,$0,$-11,$51,$0,$0
17,2014-06-30,12.19,$-3.15,-3.88,$21.17,0.58,$-0.76,0.0,$-7.75,0.0,$0.24B,$0.32B,0.74,$0.99B,$-0.06B,-15.98,$0.18B,$0.09B,50.29%,$0.18B,$0.05B,27.43%,$0.18B,$0.05B,27.43%,$0.18B,$0.15B,82.86%,$0.18B,$0.11B,65.14%,$0.18B,$0.12B,68.00%,$0.12B,$-0.06B,-403.39%,$0.12B,$-0.06B,-403.39%,$0.12B,$1.25B,8.81%,$0.05B,$0.93B,4.22%,$119,$95,$24,$0,$10,$185,$-66,$-13,$-79,$0,$-79,$-79,$-78,$-42,$-66,$19,19,$-4.05,$-4.05,$99,$0,$141,$240,$272,$113,$0,$0,$1012,$1252,$323,$987,$3,$990,$1314,$98,$-825,$-3,$-62,$1252,$-94,$47,$64,$111,$0,$0,$0,$5,$5,$21,$-16,$0,$1,$0,$0,$0,$33,$19,$-75,$-4,$-78,$48,$48,$0,$0,$-31,$9,$0,$0
18,2014-03-31,16.41,$0.36,45.84,$22.79,0.72,$-4.03,0.0,$-11.40,0.0,$0.33B,$0.17B,1.9,$1.19B,$0.01B,174.32,$0.18B,$0.08B,44.07%,$0.18B,$0.01B,7.91%,$0.18B,$0.01B,7.91%,$0.18B,$0.09B,49.15%,$0.18B,$0.07B,41.24%,$0.18B,$0.08B,43.50%,$0.08B,$0.01B,-481.25%,$0.08B,$0.01B,-481.25%,$0.08B,$1.37B,5.48%,$0.01B,$1.20B,1.13%,$170,$104,$66,$0,$9,$164,$6,$-21,$-15,$0,$-15,$-15,$-12,$29,$6,$19,19,$-0.65,$-0.65,$186,$0,$145,$331,$219,$107,$0,$1,$1043,$1374,$174,$1190,$3,$1193,$1367,$95,$-746,$-3,$7,$1374,$-15,$24,$15,$39,$0,$0,$0,$-2,$-2,$21,$27,$0,$1,$0,$0,$0,$-6,$21,$-24,$-2,$-26,$41,$41,$0,$0,$15,$57,$0,$0
19,2013-12-31,15.62,$-1.04,-14.97,$21.70,0.72,$-7.80,0.0,$-11.95,0.0,$0.26B,$0.13B,1.99,$1.18B,$-0.02B,-65.3,$0.13B,$0.04B,27.82%,$0.13B,$0.01B,6.02%,$0.13B,$0.01B,6.02%,$0.13B,$0.06B,43.61%,$0.13B,$0.07B,52.63%,$0.13B,$0.07B,52.63%,$0.07B,$-0.02B,682.93%,$0.07B,$-0.02B,682.93%,$0.07B,$1.37B,4.80%,$0.01B,$1.16B,0.61%,$-240,$-214,$-26,$0,$-19,$-369,$129,$116,$245,$0,$246,$246,$245,$154,$129,$114,114,$11.81,$11.81,$128,$45,$46,$260,$265,$107,$0,$0,$1107,$1368,$131,$1179,$75,$1255,$1386,$87,$-734,$-3,$-18,$1368,$-191,$102,$71,$174,$-4,$-3,$-0,$-25,$-25,$-43,$-3,$0,$-6,$0,$0,$0,$21,$13,$-59,$-0,$-59,$5,$5,$-1,$-2,$-54,$-84,$0,$-1
20,2013-09-30,11.07,$-2.83,-3.91,$33.61,0.33,$-3.28,0.0,$-12.25,0.0,$0.28B,$0.14B,2.06,$1.32B,$-0.05B,-29.46,$0.53B,$0.10B,18.82%,$0.53B,$-0.11B,-21.67%,$0.53B,$-0.11B,-21.67%,$0.53B,$-0.06B,-11.60%,$0.53B,$-0.19B,-36.50%,$0.53B,$-0.19B,-36.50%,$-0.19B,$-0.05B,-404.21%,$-0.19B,$-0.05B,-404.21%,$-0.19B,$1.41B,-12.49%,$-0.11B,$1.27B,-8.23%,$126,$102,$24,$0,$7,$147,$-21,$-16,$-37,$0,$-37,$-37,$-36,$4,$-21,$16,16,$-2.30,$-2.30,$139,$0,$139,$278,$269,$109,$0,$1,$1132,$1409,$135,$1315,$4,$1319,$1454,$79,$-721,$-4,$-45,$1409,$-177,$78,$72,$150,$0,$0,$0,$-22,$-22,$-49,$-2,$0,$-6,$0,$0,$0,$30,$23,$-34,$0,$-34,$1,$1,$0,$0,$-32,$-58,$0,$0
21,2013-06-30,7.39,$-0.52,-14.16,$32.77,0.23,$3.44,2.15,$-13.10,0.0,$0.30B,$0.13B,2.27,$1.34B,$-0.01B,-162.84,$0.51B,$0.08B,15.98%,$0.51B,$-0.11B,-21.44%,$0.51B,$-0.11B,-21.44%,$0.51B,$-0.05B,-10.33%,$0.51B,$-0.20B,-38.01%,$0.51B,$-0.21B,-39.96%,$-0.21B,$-0.01B,-214.10%,$-0.21B,$-0.01B,-214.10%,$-0.21B,$1.47B,-12.68%,$-0.11B,$1.33B,-7.59%,$121,$107,$14,$0,$7,$221,$-100,$-20,$-120,$0,$-120,$-120,$-120,$-100,$-100,$16,16,$-7.70,$-7.70,$160,$0,$137,$296,$274,$104,$0,$1,$1172,$1468,$130,$1335,$11,$1346,$1476,$79,$-685,$-4,$-8,$1468,$-140,$53,$66,$119,$0,$0,$0,$-24,$-24,$-46,$-1,$0,$-6,$0,$0,$0,$13,$6,$-15,$0,$-15,$1,$1,$0,$0,$-14,$-54,$0,$0
22,2013-03-31,9.77,$7.21,1.36,$35.51,0.28,$9.44,1.04,$-6.95,0.0,$0.31B,$0.12B,2.46,$1.34B,$0.11B,11.92,$0.56B,$0.12B,22.30%,$0.56B,$0.00B,0.18%,$0.56B,$0.00B,0.18%,$0.56B,$0.06B,10.43%,$0.56B,$-0.09B,-16.01%,$0.56B,$-0.11B,-19.60%,$-0.11B,$0.11B,-74.15%,$-0.11B,$0.11B,-74.15%,$-0.11B,$1.58B,-6.41%,$0.00B,$1.45B,0.07%,$126,$101,$25,$0,$8,$126,$-0,$-18,$-18,$0,$-18,$-18,$-19,$-0,$-0,$16,16,$-1.20,$-1.20,$184,$42,$31,$306,$278,$102,$0,$0,$1277,$1584,$124,$1337,$8,$1347,$1471,$195,$-565,$-4,$112,$1584,$0,$0,$0,$0,$0,$0,$0,$0,$0,$-29,$10,$0,$-6,$0,$0,$0,$17,$21,$-21,$0,$-21,$0,$0,$0,$0,$-21,$-28,$0,$0
23,2012-12-31,13.61,$8.42,1.62,$37.04,0.37,$12.13,1.12,$-5.30,0.0,$0.39B,$0.19B,2.1,$1.36B,$0.13B,10.38,$0.58B,$0.15B,26.42%,$0.58B,$0.02B,3.28%,$0.58B,$0.02B,3.28%,$0.58B,$0.08B,13.13%,$0.58B,$-0.07B,-12.44%,$0.58B,$-0.08B,-14.34%,$-0.08B,$0.13B,-47.63%,$-0.08B,$0.13B,-47.63%,$-0.08B,$1.69B,-4.72%,$0.02B,$1.49B,1.21%,$153,$117,$36,$0,$9,$146,$7,$-23,$-17,$0,$-17,$-17,$-17,$35,$7,$16,16,$-1.05,$-1.05,$229,$58,$54,$392,$283,$92,$0,$0,$1296,$1688,$187,$1362,$6,$1370,$1557,$195,$-546,$-4,$131,$1688,$-84,$115,$16,$132,$14,$-20,$2,$32,$21,$69,$-4,$0,$-13,$-0,$0,$-0,$15,$-3,$-89,$0,$-89,$0,$0,$0,$0,$-89,$-23,$0,$0
24,2012-09-30,16.03,$9.50,1.69,$33.36,0.48,$19.79,0.81,$-26.30,0.0,$0.39B,$0.19B,2.04,$1.38B,$0.15B,9.33,$0.52B,$0.12B,23.61%,$0.52B,$-0.30B,-57.77%,$0.52B,$-0.30B,-57.77%,$0.52B,$-0.27B,-52.21%,$0.52B,$-0.40B,-76.78%,$0.52B,$-0.41B,-78.69%,$-0.41B,$0.15B,-210.53%,$-0.41B,$0.15B,-210.53%,$-0.41B,$1.73B,-22.81%,$-0.30B,$1.53B,-18.71%,$113,$106,$7,$0,$8,$129,$-17,$-23,$-40,$0,$-40,$-40,$-49,$12,$-17,$16,16,$-3.15,$-3.15,$240,$0,$149,$390,$287,$93,$0,$1,$1336,$1726,$191,$1380,$7,$1387,$1578,$195,$-529,$-4,$148,$1726,$-67,$87,$-5,$82,$0,$0,$0,$30,$30,$45,$11,$0,$-14,$0,$0,$0,$26,$23,$-64,$0,$-64,$0,$0,$0,$0,$-64,$4,$0,$0
25,2012-06-30,19.04,$12.64,1.51,$37.38,0.51,$23.15,0.82,$-33.80,0.0,$0.44B,$0.19B,2.29,$1.41B,$0.20B,7.14,$0.58B,$0.16B,26.80%,$0.58B,$-0.42B,-72.16%,$0.58B,$-0.42B,-72.16%,$0.58B,$-0.42B,-72.16%,$0.58B,$-0.53B,-90.38%,$0.58B,$-0.53B,-90.55%,$-0.53B,$0.20B,-177.29%,$-0.53B,$0.20B,-177.29%,$-0.53B,$1.80B,-24.13%,$-0.42B,$1.60B,-21.49%,$164,$108,$56,$0,$8,$152,$11,$-25,$-14,$0,$-14,$-14,$-24,$11,$11,$16,16,$-1.55,$-1.55,$266,$0,$176,$443,$292,$93,$0,$2,$1361,$1803,$194,$1406,$7,$1412,$1606,$0,$0,$0,$197,$1803,$-18,$59,$-3,$56,$0,$0,$0,$14,$14,$48,$-1,$0,$-14,$0,$13,$13,$12,$10,$-41,$0,$-41,$0,$0,$0,$0,$-41,$17,$0,$0
26,2012-03-31,32.11,$0.00,0.0,$40.97,0.78,$27.95,1.15,$-34.50,0.0,$0.43B,$0.17B,2.49,$1.42B,$0.22B,6.42,$0.64B,$0.17B,26.69%,$0.64B,$-0.43B,-67.82%,$0.64B,$-0.43B,-67.82%,$0.64B,$-0.38B,-59.81%,$0.64B,$-0.55B,-85.87%,$0.64B,$-0.54B,-84.46%,$-0.54B,$0.22B,-125.26%,$-0.54B,$0.22B,-125.26%,$-0.54B,$1.82B,-20.57%,$-0.43B,$1.64B,-18.54%,$149,$95,$54,$0,$8,$132,$18,$-18,$-1,$0,$-1,$-1,$7,$18,$18,$16,16,$0.45,$0.45,$256,$0,$174,$430,$296,$80,$0,$2,$1389,$1819,$173,$1418,$7,$1425,$1598,$0,$0,$0,$221,$1819,$0,$0,$0,$0,$0,$0,$0,$0,$0,$14,$10,$0,$-0,$0,$0,$0,$14,$24,$-28,$0,$-28,$0,$0,$0,$0,$-28,$9,$0,$0
27,2011-12-31,17.91,$13.71,1.31,$31.38,0.57,$26.46,0.68,$-33.95,0.0,$0.41B,$0.17B,2.45,$1.45B,$0.21B,6.8,$0.72B,$0.21B,28.63%,$0.72B,$-0.41B,-56.29%,$0.72B,$-0.41B,-56.29%,$0.72B,$-0.30B,-42.05%,$0.72B,$-0.53B,-73.17%,$0.72B,$-0.53B,-73.31%,$-0.53B,$0.21B,-93.60%,$-0.53B,$0.21B,-93.60%,$-0.53B,$1.84B,-17.24%,$-0.41B,$1.67B,-14.98%,$95,$89,$6,$0,$9,$408,$-313,$-33,$-345,$0,$-346,$-346,$-344,$-313,$-313,$16,16,$-22.10,$-21.10,$264,$40,$24,$410,$312,$81,$0,$0,$1430,$1841,$167,$1451,$2,$1460,$1627,$195,$-463,$-5,$213,$1841,$-529,$203,$437,$639,$7,$18,$-8,$-39,$-45,$57,$127,$0,$-25,$0,$0,$0,$333,$435,$-489,$0,$-489,$0,$0,$-17,$-1,$-508,$-16,$0,$-17
28,2011-09-30,20.25,$0.00,0.0,$39.58,0.51,$0.73,27.67,$-12.65,0.0,$0.47B,$0.35B,1.34,$2.35B,$0.56B,4.22,$0.85B,$0.19B,22.37%,$0.85B,$-0.07B,-7.96%,$0.85B,$-0.07B,-7.96%,$0.85B,$0.09B,10.30%,$0.85B,$-0.20B,-22.83%,$0.85B,$-0.20B,-23.19%,$-0.20B,$0.56B,-28.18%,$-0.20B,$0.56B,-28.18%,$-0.20B,$3.27B,-5.56%,$-0.07B,$2.91B,-2.18%,$174,$134,$40,$0,$10,$310,$-136,$-31,$-166,$0,$-167,$-167,$-166,$-136,$-136,$16,16,$-10.65,$-10.65,$290,$0,$181,$471,$1212,$57,$0,$65,$2803,$3274,$352,$2353,$12,$2364,$2716,$0,$0,$0,$558,$3274,$0,$0,$0,$0,$0,$0,$0,$0,$0,$38,$69,$0,$0,$0,$47,$47,$100,$216,$-222,$0,$-222,$0,$0,$-17,$0,$-239,$14,$0,$-17
29,2011-06-30,61.36,$0.00,0.0,$28.41,2.16,$-6.15,0.0,$-1.20,0.0,$0.54B,$0.41B,1.33,$2.38B,$0.73B,3.28,$0.93B,$0.26B,28.03%,$0.93B,$0.12B,12.46%,$0.93B,$0.12B,12.46%,$0.93B,$0.33B,35.12%,$0.93B,$-0.02B,-1.72%,$0.93B,$-0.02B,-2.15%,$-0.02B,$0.73B,-2.64%,$-0.02B,$0.73B,-2.64%,$-0.02B,$3.53B,-0.54%,$0.12B,$3.10B,3.57%,$219,$149,$70,$0,$9,$220,$-1,$-34,$-35,$0,$-35,$-35,$-35,$50,$-1,$16,16,$-2.25,$-2.25,$363,$0,$176,$539,$1326,$58,$0,$66,$2987,$3526,$407,$2377,$16,$2394,$2800,$0,$0,$0,$726,$3526,$-18,$103,$-1,$102,$0,$0,$0,$-43,$-43,$36,$86,$0,$0,$0,$47,$47,$8,$140,$-164,$0,$-164,$0,$0,$-16,$0,$-180,$-3,$0,$-16
30,2011-03-31,102.52,$0.00,0.0,$37.10,2.76,$-29.33,0.0,$6.25,16.4,$0.57B,$0.45B,1.26,$2.42B,$0.77B,3.15,$1.07B,$0.42B,39.70%,$1.07B,$0.24B,22.19%,$1.07B,$0.24B,22.19%,$1.07B,$0.45B,42.13%,$1.07B,$0.10B,9.46%,$1.07B,$0.10B,8.99%,$0.10B,$0.77B,12.26%,$0.10B,$0.77B,12.26%,$0.10B,$3.66B,2.52%,$0.24B,$3.19B,7.12%,$235,$143,$91,$0,$8,$192,$43,$-26,$17,$0,$17,$17,$15,$95,$43,$16,0,$1.00,$0.00,$367,$0,$198,$565,$1343,$58,$0,$68,$3090,$3655,$450,$2423,$14,$2437,$2887,$0,$0,$0,$768,$3655,$17,$52,$-13,$39,$0,$0,$0,$-58,$-58,$-7,$88,$0,$0,$0,$47,$47,$12,$146,$-125,$0,$-125,$0,$0,$-8,$0,$-133,$6,$0,$-8
31,2010-12-31,104.61,$48.75,2.15,$58.33,1.79,$-35.69,0.0,$10.35,10.11,$0.59B,$0.50B,1.17,$2.53B,$0.76B,3.33,$1.17B,$0.55B,47.47%,$1.17B,$0.31B,26.44%,$1.17B,$0.31B,26.44%,$1.17B,$0.52B,44.81%,$1.17B,$0.17B,14.16%,$1.17B,$0.16B,13.82%,$0.16B,$0.76B,20.32%,$0.16B,$0.76B,20.32%,$0.16B,$3.80B,4.22%,$0.31B,$3.29B,9.32%,$226,$236,$-10,$0,$-89,$200,$26,$-37,$-11,$0,$-11,$-12,$-12,$79,$26,$16,16,$-0.75,$-0.75,$412,$60,$27,$588,$1430,$59,$0,$62,$3210,$3798,$504,$2528,$1,$2535,$3039,$195,$84,$-4,$759,$3798,$164,$214,$-22,$214,$-10,$-25,$-23,$14,$-35,$318,$-538,$0,$0,$0,$0,$0,$278,$-260,$199,$0,$199,$0,$0,$-156,$-7,$37,$94,$0,$-156
32,2010-09-30,116.12,$0.00,0.0,$60.71,1.91,$-11.94,0.0,$11.35,10.23,$0.66B,$0.43B,1.53,$2.63B,$0.78B,3.38,$1.20B,$0.54B,44.80%,$1.20B,$0.30B,24.73%,$1.20B,$0.30B,24.73%,$1.20B,$0.52B,43.05%,$1.20B,$0.18B,15.07%,$1.20B,$0.18B,14.74%,$0.18B,$0.78B,22.39%,$0.18B,$0.78B,22.39%,$0.18B,$3.85B,4.66%,$0.30B,$3.40B,9.13%,$251,$141,$110,$0,$8,$203,$48,$-36,$13,$0,$13,$13,$12,$103,$48,$15,0,$0.80,$0.00,$433,$0,$228,$661,$1448,$59,$0,$28,$3183,$3845,$432,$2626,$8,$2634,$3066,$0,$0,$0,$778,$3845,$175,$161,$-26,$135,$0,$0,$0,$-59,$-59,$247,$-499,$0,$0,$0,$0,$0,$274,$-225,$240,$0,$240,$0,$0,$-136,$0,$103,$125,$0,$-136
33,2010-06-30,113.37,$0.00,0.0,$75.25,1.51,$-5.17,0.0,$10.20,11.12,$0.75B,$0.51B,1.46,$2.61B,$0.83B,3.16,$1.18B,$0.56B,47.59%,$1.18B,$0.28B,23.58%,$1.18B,$0.28B,23.58%,$1.18B,$0.50B,42.60%,$1.18B,$0.16B,13.78%,$1.18B,$0.16B,13.44%,$0.16B,$0.83B,20.31%,$0.16B,$0.83B,20.31%,$0.16B,$3.97B,4.20%,$0.28B,$3.44B,8.71%,$356,$123,$233,$0,$60,$236,$120,$-38,$82,$0,$81,$81,$81,$173,$120,$16,16,$5.20,$5.20,$405,$0,$345,$749,$0,$60,$0,$97,$157,$3967,$514,$2612,$13,$2626,$3140,$195,$161,$0,$827,$3967,$162,$107,$0,$107,$0,$0,$0,$0,$-94,$154,$-395,$0,$0,$0,$0,$0,$190,$-205,$0,$0,$361,$0,$0,$-78,$-146,$137,$86,$0,$0
34,2010-03-31,119.12,$0.00,0.0,$70.56,1.69,$14.66,8.12,$6.80,17.52,$0.71B,$0.55B,1.28,$2.28B,$0.81B,2.83,$1.11B,$0.52B,46.71%,$1.11B,$0.23B,20.65%,$1.11B,$0.23B,20.65%,$1.11B,$0.46B,41.57%,$1.11B,$0.11B,9.83%,$1.11B,$0.11B,9.56%,$0.11B,$0.81B,13.81%,$0.11B,$0.81B,13.81%,$0.11B,$3.66B,2.81%,$0.23B,$3.09B,7.22%,$332,$112,$220,$0,$53,$218,$114,$-33,$81,$0,$81,$80,$80,$167,$114,$16,16,$5.10,$5.10,$309,$0,$400,$709,$0,$60,$0,$92,$152,$3658,$554,$2279,$19,$2298,$2852,$195,$138,$0,$806,$3658,$81,$53,$0,$53,$0,$0,$0,$0,$-125,$-0,$-99,$0,$0,$0,$0,$0,$202,$103,$0,$0,$29,$0,$0,$-19,$-110,$-100,$3,$0,$0
35,2009-12-31,105.31,$48.21,2.18,$72.13,1.46,$22.30,4.72,$6.60,15.96,$0.78B,$0.61B,1.29,$2.34B,$0.09B,26.77,$1.13B,$0.54B,47.44%,$1.13B,$0.24B,21.16%,$1.13B,$0.24B,21.16%,$1.13B,$0.48B,42.15%,$1.13B,$0.11B,9.26%,$1.13B,$0.10B,9.08%,$0.10B,$0.75B,13.71%,$0.10B,$0.75B,13.71%,$0.10B,$3.72B,2.68%,$0.24B,$3.09B,7.45%,$262,$287,$-25,$0,$-99,$248,$15,$-10,$5,$0,$5,$4,$4,$74,$15,$16,16,$0.25,$0.25,$575,$35,$271,$783,$679,$4,$0,$95,$99,$3715,$605,$2340,$19,$2359,$2964,$0,$78,$-2,$751,$3715,$105,$239,$-2,$239,$16,$7,$10,$-44,$-18,$299,$-145,$0,$0,$0,$0,$0,$76,$-69,$-265,$0,$-26,$0,$0,$-70,$-241,$-338,$-108,$0,$-70
36,2009-09-30,89.69,$0.00,0.0,$84.27,1.06,$31.51,2.85,$9.65,9.29,$0.73B,$0.59B,1.25,$2.45B,$0.75B,3.28,$1.32B,$0.60B,45.17%,$1.32B,$0.39B,29.23%,$1.32B,$0.39B,29.23%,$1.32B,$0.63B,47.21%,$1.32B,$0.15B,11.56%,$1.32B,$0.15B,11.40%,$0.15B,$0.75B,20.43%,$0.15B,$0.75B,20.43%,$0.15B,$3.81B,3.85%,$0.39B,$3.20B,11.83%,$233,$98,$135,$0,$45,$203,$30,$-35,$-5,$0,$-5,$-6,$-6,$90,$30,$16,16,$-0.35,$-0.35,$516,$0,$218,$734,$0,$4,$0,$94,$98,$3807,$587,$2450,$22,$2472,$3059,$195,$86,$0,$748,$3807,$101,$179,$0,$179,$0,$0,$0,$0,$-4,$255,$-147,$0,$0,$0,$0,$0,$97,$-50,$0,$-197,$-34,$0,$0,$-58,$0,$-290,$-85,$0,$0
37,2009-06-30,92.34,$0.00,0.0,$106.95,0.86,$38.97,2.37,$16.95,5.45,$0.71B,$0.56B,1.25,$2.55B,$0.77B,3.33,$1.67B,$0.80B,47.78%,$1.67B,$0.56B,33.45%,$1.67B,$0.56B,33.45%,$1.67B,$0.79B,47.54%,$1.67B,$0.27B,15.95%,$1.67B,$0.27B,15.89%,$0.27B,$0.77B,36.61%,$0.27B,$0.77B,36.61%,$0.27B,$3.90B,6.61%,$0.56B,$3.31B,16.94%,$282,$94,$188,$0,$58,$211,$70,$-42,$28,$0,$28,$28,$28,$130,$70,$16,16,$1.80,$1.80,$480,$0,$225,$705,$0,$4,$0,$173,$177,$3904,$562,$2548,$27,$2575,$3137,$195,$111,$0,$766,$3904,$106,$118,$0,$118,$0,$0,$0,$0,$-9,$204,$-135,$0,$0,$0,$0,$0,$76,$-58,$0,$-153,$-24,$0,$0,$-39,$0,$-216,$-70,$0,$0
38,2009-03-31,65.21,$0.00,0.0,$125.41,0.52,$49.06,1.33,$36.40,1.79,$0.78B,$0.63B,1.24,$2.55B,$0.74B,3.44,$1.93B,$0.96B,49.84%,$1.93B,$0.72B,37.33%,$1.93B,$0.72B,37.33%,$1.93B,$0.95B,49.12%,$1.93B,$0.56B,28.75%,$1.93B,$0.56B,28.70%,$0.56B,$0.74B,81.11%,$0.56B,$0.74B,81.11%,$0.56B,$3.94B,13.77%,$0.72B,$3.29B,22.15%,$357,$116,$240,$0,$57,$231,$125,$-48,$77,$-0,$77,$77,$77,$184,$125,$16,16,$4.90,$4.90,$541,$0,$236,$777,$0,$4,$0,$149,$153,$3942,$627,$2548,$27,$2575,$3202,$0,$0,$0,$740,$3942,$77,$58,$0,$58,$0,$0,$0,$0,$-39,$91,$-71,$0,$0,$0,$0,$0,$92,$21,$0,$-108,$32,$0,$0,$0,$-19,$-96,$16,$0,$0
39,2008-12-31,109.4,$0.00,0.0,$137.83,0.79,$59.72,1.83,$46.25,2.37,$0.82B,$0.71B,1.16,$2.59B,$0.70B,3.68,$2.11B,$1.08B,51.21%,$2.11B,$0.85B,40.43%,$2.11B,$0.85B,40.43%,$2.11B,$1.07B,51.02%,$2.11B,$0.70B,33.25%,$2.11B,$0.70B,33.21%,$0.70B,$0.70B,112.38%,$0.70B,$0.70B,112.38%,$0.70B,$4.03B,17.55%,$0.85B,$3.29B,26.61%,$452,$417,$35,$0,$-186,$289,$162,$-109,$53,$0,$53,$52,$52,$221,$162,$16,16,$3.30,$3.30,$621,$42,$80,$821,$0,$24,$0,$185,$213,$4028,$711,$2585,$5,$2615,$3326,$195,$45,$0,$702,$4028,$699,$224,$-120,$224,$-1,$13,$11,$9,$19,$807,$-510,$0,$11,$0,$0,$0,$-108,$-607,$261,$-172,$433,$208,$208,$-642,$-5,$-178,$22,$0,$-642
40,2008-09-30,174.48,$0.00,0.0,$131.10,1.33,$88.17,1.98,$56.45,3.09,$1.12B,$0.83B,1.34,$2.60B,$0.00B,0.0,$1.99B,$1.18B,59.45%,$1.99B,$0.79B,39.95%,$1.99B,$0.79B,39.95%,$1.99B,$1.03B,52.09%,$1.99B,$0.82B,41.21%,$1.99B,$0.85B,42.77%,$0.85B,$0.69B,152.15%,$0.85B,$0.69B,152.15%,$0.85B,$4.15B,21.68%,$0.79B,$3.29B,25.08%,$577,$243,$334,$0,$77,$376,$201,$-93,$108,$0,$108,$108,$108,$258,$201,$16,16,$6.95,$6.95,$842,$0,$274,$1117,$0,$5,$0,$0,$30,$4151,$834,$2601,$23,$2630,$3464,$0,$0,$0,$687,$4151,$647,$165,$0,$165,$0,$0,$0,$0,$37,$696,$-475,$0,$11,$0,$0,$0,$-19,$-483,$0,$-128,$382,$0,$208,$-603,$0,$-141,$72,$0,$0
41,2008-06-30,239.4,$0.00,0.0,$112.16,2.13,$115.94,2.06,$51.10,4.69,$1.15B,$0.80B,1.44,$2.57B,$0.00B,0.0,$1.68B,$0.99B,58.67%,$1.68B,$0.66B,39.19%,$1.68B,$0.66B,39.19%,$1.68B,$0.89B,52.91%,$1.68B,$0.73B,43.59%,$1.68B,$0.77B,45.43%,$0.77B,$0.61B,145.16%,$0.77B,$0.61B,145.16%,$0.77B,$4.00B,19.26%,$0.66B,$3.17B,20.42%,$548,$192,$355,$0,$68,$314,$234,$85,$318,$0,$318,$318,$318,$287,$234,$15,15,$21.25,$21.25,$776,$0,$375,$1151,$0,$5,$0,$0,$29,$4001,$801,$2566,$20,$2591,$3393,$0,$0,$0,$608,$4001,$539,$109,$0,$109,$0,$0,$0,$0,$-44,$423,$-205,$0,$11,$0,$0,$0,$-37,$-231,$0,$-85,$220,$0,$1,$-369,$0,$-234,$-42,$0,$0
42,2008-03-31,150.93,$0.00,0.0,$98.84,1.53,$106.39,1.42,$42.50,3.55,$1.06B,$0.67B,1.58,$2.55B,$0.00B,0.0,$1.48B,$0.84B,56.71%,$1.48B,$0.55B,37.15%,$1.48B,$0.55B,37.15%,$1.48B,$0.78B,52.39%,$1.48B,$0.56B,37.83%,$1.48B,$0.64B,42.89%,$0.64B,$0.49B,118.66%,$0.64B,$0.49B,118.66%,$0.64B,$3.75B,15.63%,$0.55B,$3.05B,16.38%,$528,$174,$354,$0,$46,$274,$254,$-32,$221,$0,$221,$221,$221,$308,$254,$15,15,$14.75,$14.75,$767,$0,$289,$1055,$0,$6,$0,$0,$26,$3749,$670,$2553,$30,$2588,$3258,$0,$0,$0,$491,$3749,$221,$55,$0,$55,$0,$0,$0,$0,$-26,$211,$-32,$0,$11,$0,$0,$0,$-25,$-46,$0,$0,$-41,$0,$0,$-164,$0,$-204,$-40,$0,$0
43,2007-12-31,149.67,$0.00,0.0,$87.75,1.71,$90.89,1.65,$38.35,3.9,$1.06B,$0.59B,1.8,$2.70B,$0.45B,6.04,$1.32B,$0.71B,54.06%,$1.32B,$0.46B,34.62%,$1.32B,$0.46B,34.62%,$1.32B,$0.68B,51.48%,$1.32B,$0.48B,36.52%,$1.32B,$0.57B,43.58%,$0.57B,$0.45B,105.90%,$0.57B,$0.45B,105.90%,$0.57B,$3.76B,13.65%,$0.46B,$3.14B,13.04%,$332,$195,$137,$0,$-42,$228,$104,$84,$171,$0,$171,$202,$202,$181,$104,$15,15,$13.50,$13.50,$835,$55,$84,$1063,$0,$6,$0,$0,$6,$3762,$590,$2696,$11,$2726,$3316,$187,$0,$0,$446,$3762,$570,$222,$0,$222,$0,$0,$0,$0,$71,$546,$166,$0,$-108,$0,$0,$56,$138,$251,$0,$-132,$-38,$0,$0,$-656,$0,$-826,$-29,$0,$0
44,2007-09-30,136.06,$0.00,0.0,$88.85,1.53,$80.14,1.7,$33.85,4.02,$1.36B,$0.49B,2.75,$3.00B,$0.00B,0.0,$1.33B,$0.79B,59.16%,$1.33B,$0.50B,37.24%,$1.33B,$0.50B,37.24%,$1.33B,$0.69B,51.95%,$1.33B,$0.53B,39.71%,$1.33B,$0.51B,38.06%,$0.51B,$0.56B,84.82%,$0.51B,$0.56B,84.82%,$0.51B,$4.38B,11.49%,$0.50B,$3.57B,13.76%,$276,$135,$142,$0,$27,$209,$68,$-43,$24,$0,$24,$24,$24,$115,$68,$15,15,$1.60,$1.60,$937,$0,$421,$1358,$0,$14,$0,$0,$14,$4379,$494,$3003,$318,$3321,$3816,$0,$0,$0,$563,$4379,$372,$145,$0,$145,$0,$0,$0,$0,$130,$488,$147,$0,$-57,$0,$0,$-45,$-8,$38,$0,$-76,$-38,$0,$0,$-301,$0,$-414,$112,$0,$0
45,2007-06-30,129.21,$0.00,0.0,$97.61,1.32,$62.89,2.05,$38.85,3.33,$1.33B,$0.38B,3.46,$3.06B,$0.00B,0.0,$1.46B,$0.90B,61.33%,$1.46B,$0.61B,41.96%,$1.46B,$0.61B,41.96%,$1.46B,$0.81B,55.72%,$1.46B,$0.65B,44.15%,$1.46B,$0.58B,39.84%,$0.58B,$0.64B,91.04%,$0.58B,$0.64B,91.04%,$0.58B,$4.39B,13.12%,$0.61B,$3.70B,17.08%,$347,$139,$208,$0,$35,$222,$125,$21,$145,$0,$145,$189,$189,$173,$125,$15,15,$12.65,$12.65,$861,$0,$465,$1326,$0,$14,$0,$0,$14,$4389,$383,$3058,$305,$3363,$3746,$0,$0,$0,$644,$4389,$348,$98,$0,$98,$0,$0,$0,$0,$47,$342,$-267,$0,$368,$0,$0,$0,$-75,$25,$0,$0,$-54,$0,$0,$-301,$0,$-355,$12,$0,$0
46,2007-03-31,96.77,$0.00,0.0,$97.52,0.99,$79.35,1.22,$30.80,3.14,$1.13B,$0.36B,3.18,$3.06B,$0.00B,0.0,$1.46B,$0.89B,60.80%,$1.46B,$0.62B,42.70%,$1.46B,$0.62B,42.70%,$1.46B,$0.83B,56.75%,$1.46B,$0.57B,39.00%,$1.46B,$0.46B,31.67%,$0.46B,$0.52B,69.53%,$0.46B,$0.52B,69.53%,$0.46B,$4.29B,10.32%,$0.62B,$3.58B,17.52%,$362,$137,$225,$0,$17,$203,$159,$-18,$141,$-0,$141,$159,$159,$209,$159,$15,15,$10.60,$10.60,$821,$0,$312,$1133,$0,$158,$0,$0,$159,$4292,$357,$3062,$358,$3420,$3777,$0,$0,$0,$515,$4292,$159,$50,$0,$50,$0,$0,$0,$0,$21,$175,$-228,$0,$-57,$0,$0,$-111,$463,$67,$0,$-6,$-10,$0,$0,$-188,$0,$-205,$38,$0,$0
47,2006-12-31,81.41,$0.00,0.0,$105.94,0.77,$97.49,0.84,$34.85,2.34,$1.11B,$0.44B,2.51,$2.91B,$0.67B,4.35,$1.58B,$0.99B,62.44%,$1.58B,$0.73B,45.90%,$1.58B,$0.73B,45.90%,$1.58B,$0.94B,59.03%,$1.58B,$0.68B,42.68%,$1.58B,$0.52B,32.95%,$0.52B,$0.67B,71.29%,$0.52B,$0.67B,71.29%,$0.52B,$4.59B,11.48%,$0.73B,$3.57B,20.36%,$347,$135,$213,$0,$19,$204,$144,$75,$219,$0,$219,$135,$135,$195,$144,$15,15,$9.00,$9.00,$876,$87,$50,$1112,$0,$193,$0,$28,$238,$4590,$444,$2905,$10,$3477,$3921,$187,$0,$0,$669,$4590,$516,$207,$0,$207,$0,$0,$0,$0,$52,$832,$-282,$0,$8,$0,$0,$-3,$114,$-165,$0,$-27,$119,$0,$0,$-654,$0,$-563,$104,$0,$0
