,Date,Stock Price,Book Value per Share,Price to Book Ratio,TTM Sales per Share,Price to Sales Ratio,TTM FCF per Share,Price to FCF Ratio,TTM Net EPS,PE Ratio,Current Assets,Current Liabilities,Current Ratio,Long Term Debt,Shareholder's Equity_x,Debt to Equity Ratio,TTM Revenue_x,TTM Gross Profit,Gross Margin,TTM Revenue_y,TTM Operating Income,Operating Margin,TTM Revenue_x,TTM EBIT,EBIT Margin,TTM Revenue_y,TTM EBITDA,EBITDA Margin,TTM Revenue_x,TTM Pre-Tax Income,Pre-Tax Margin,TTM Revenue_y,TTM Net Income_x,Net Margin,TTM Net Income_y,Shareholder's Equity_y,Return on Equity,TTM Net Income_x,Tangible Equity,Return on Tangible Equity,TTM Net Income_y,Total Assets,Return on Assets,TTM Net Income,LT Investments & Debt,Return on Investment,revenue,cost-goods-sold,gross-profit,research-development-expenses,selling-general-administrative-expenses,operating-expenses,operating-income,total-non-operating-income-expense,pre-tax-income,total-provision-income-taxes,income-after-taxes,income-from-continuous-operations,net-income,ebitda,ebit,basic-shares-outstanding,shares-outstanding,eps-basic-net-earnings-per-share,eps-earnings-per-share-diluted,cash-on-hand,inventory,other-current-assets,total-current-assets,net-property-plant-equipment,long-term-investments,goodwill-intangible-assets-total,other-long-term-assets,total-long-term-assets,total-assets,total-current-liabilities,long-term-debt,other-non-current-liabilities,total-long-term-liabilities,total-liabilities,common-stock-net,retained-earnings-accumulated-deficit,comprehensive-income,total-share-holder-equity,total-liabilities-share-holders-equity,net-income-loss,total-depreciation-amortization-cash-flow,other-non-cash-items,total-non-cash-items,change-in-accounts-receivable,change-in-inventories,change-in-accounts-payable,change-in-assets-liabilities,total-change-in-assets-liabilities,cash-flow-from-operating-activities,net-change-in-property-plant-equipment,net-change-in-intangible-assets,net-acquisitions-divestitures,net-change-in-short-term-investments,net-change-in-long-term-investments,net-change-in-investments-total,investing-activities-other,cash-flow-from-investing-activities,net-long-term-debt,net-current-debt,debt-issuance-retirement-net-total,net-common-equity-issued-repurchased,net-total-equity-issued-repurchased,total-common-preferred-stock-dividends-paid,financial-activities-other,cash-flow-from-financial-activities,net-cash-flow,stock-based-compensation,common-stock-dividends-paid
0,2018-06-30,64.75,$38.46,1.68,$4.90,13.21,$4.84,13.37,$15.85,4.09,$0.32B,$0.08B,4.22,$0.09B,$0.39B,0.23,$0.05B,$0.01B,24.00%,$0.05B,$0.01B,24.00%,$0.05B,$0.01B,24.00%,$0.05B,$0.03B,60.00%,$0.05B,$0.07B,134.00%,$0.05B,$0.16B,320.00%,$0.16B,$0.39B,54.70%,$0.16B,$0.39B,54.70%,$0.16B,$0.55B,35.50%,$0.01B,$0.48B,3.07%,$6,$6,$-0,$0,$0,$6,$-0,$-1,$-1,$-0,$-1,$-1,$120,$-0,$-0,$10,10,$11.96,$11.87,$311,$0,$0,$316,$204,$23,$0,$8,$234,$550,$75,$89,$0,$89,$164,$1,$308,$0,$386,$550,$121,$5,$-122,$-117,$-0,$0,$0,$-1,$4,$7,$0,$0,$0,$0,$-6,$-6,$58,$52,$-2,$0,$-2,$1,$1,$0,$-29,$-30,$28,$1,$0
1,2018-03-31,56.0,$26.50,2.11,$4.62,12.12,$5.05,11.1,$4.15,13.49,$0.02B,$0.01B,1.34,$0.11B,$0.27B,0.43,$0.05B,$0.01B,27.66%,$0.05B,$0.01B,27.66%,$0.05B,$0.01B,27.66%,$0.05B,$0.03B,61.70%,$0.05B,$0.07B,144.68%,$0.05B,$0.04B,89.36%,$0.04B,$0.27B,17.00%,$0.04B,$0.27B,17.00%,$0.04B,$0.42B,11.02%,$0.01B,$0.38B,3.93%,$13,$10,$3,$0,$0,$10,$3,$-1,$2,$1,$1,$1,$2,$7,$3,$10,10,$0.16,$0.15,$7,$0,$0,$18,$374,$13,$0,$12,$400,$418,$14,$113,$0,$139,$153,$1,$188,$0,$265,$418,$1,$4,$0,$4,$0,$0,$0,$-0,$-0,$5,$0,$0,$0,$0,$-2,$-2,$0,$-2,$-1,$0,$-1,$0,$0,$0,$-0,$-1,$2,$0,$0
2,2017-12-31,44.25,$26.42,1.67,$4.30,10.28,$5.01,8.84,$4.14,10.69,$0.19B,$0.06B,2.93,$0.09B,$0.27B,0.34,$0.04B,$0.01B,30.23%,$0.04B,$0.01B,30.23%,$0.04B,$0.01B,30.23%,$0.04B,$0.03B,65.12%,$0.04B,$0.07B,158.14%,$0.04B,$0.04B,95.35%,$0.04B,$0.27B,17.75%,$0.04B,$0.27B,17.75%,$0.04B,$0.42B,11.92%,$0.01B,$0.36B,4.43%,$19,$13,$6,$0,$0,$13,$6,$-3,$4,$-10,$14,$14,$13,$12,$6,$10,10,$1.33,$1.33,$5,$0,$0,$188,$210,$13,$0,$8,$231,$419,$64,$90,$0,$90,$154,$1,$187,$0,$265,$419,$61,$15,$-48,$-34,$-0,$0,$0,$-1,$-6,$21,$0,$0,$0,$0,$-17,$-17,$-0,$-17,$7,$-7,$-0,$2,$2,$0,$-1,$1,$5,$1,$0
3,2017-09-30,45.25,$25.40,1.78,$2.40,18.85,$2.91,15.57,$2.83,15.99,$0.02B,$0.02B,0.76,$0.10B,$0.25B,0.41,$0.02B,$0.01B,29.17%,$0.02B,$0.01B,29.17%,$0.02B,$0.01B,29.17%,$0.02B,$0.02B,66.67%,$0.02B,$0.06B,266.67%,$0.02B,$0.03B,116.67%,$0.03B,$0.25B,13.05%,$0.03B,$0.25B,13.05%,$0.03B,$0.42B,9.15%,$0.01B,$0.36B,2.67%,$12,$9,$3,$0,$0,$9,$3,$59,$62,$17,$45,$45,$25,$11,$3,$10,10,$2.54,$2.52,$3,$0,$0,$16,$375,$13,$0,$12,$400,$416,$22,$104,$0,$140,$162,$1,$174,$0,$254,$416,$48,$9,$-38,$-29,$-0,$0,$0,$-1,$-4,$15,$0,$0,$0,$0,$-13,$-13,$2,$-11,$-3,$-0,$-4,$-0,$-0,$0,$2,$-2,$3,$1,$0
4,2017-06-30,46.15,$20.44,2.26,$2.19,21.08,$2.98,15.49,$0.51,90.49,$0.01B,$0.02B,0.49,$0.03B,$0.20B,0.13,$0.02B,$0.01B,36.36%,$0.02B,$0.01B,36.36%,$0.02B,$0.01B,36.36%,$0.02B,$0.01B,54.55%,$0.02B,$0.01B,22.73%,$0.02B,$0.01B,22.73%,$0.01B,$0.20B,3.31%,$0.01B,$0.20B,3.31%,$0.01B,$0.27B,2.48%,$0.01B,$0.23B,4.64%,$3,$2,$1,$0,$0,$2,$1,$-1,$0,$0,$0,$0,$2,$-1,$1,$10,10,$0.17,$0.17,$0,$0,$0,$9,$229,$22,$0,$12,$262,$271,$19,$27,$0,$48,$67,$1,$148,$0,$204,$271,$3,$1,$9,$10,$-0,$0,$0,$0,$-4,$9,$0,$0,$0,$0,$-2,$-2,$-6,$-8,$-0,$-1,$-1,$2,$2,$0,$-2,$-1,$0,$1,$0
5,2017-03-31,40.0,$20.23,1.98,$2.85,14.03,$3.10,12.92,$0.42,95.24,$0.01B,$0.02B,0.45,$0.03B,$0.20B,0.14,$0.03B,$0.01B,32.14%,$0.03B,$0.01B,32.14%,$0.03B,$0.01B,32.14%,$0.03B,$0.02B,60.71%,$0.03B,$0.01B,21.43%,$0.03B,$0.00B,14.29%,$0.00B,$0.20B,2.69%,$0.00B,$0.20B,2.69%,$0.00B,$0.27B,2.02%,$0.01B,$0.23B,5.26%,$9,$6,$3,$0,$0,$6,$3,$-1,$2,$1,$1,$1,$1,$6,$3,$10,10,$0.15,$0.14,$0,$0,$0,$9,$226,$22,$0,$12,$260,$270,$20,$28,$0,$48,$68,$1,$147,$0,$201,$270,$1,$2,$4,$7,$0,$0,$0,$1,$-3,$5,$0,$0,$0,$0,$-4,$-4,$0,$-4,$-1,$-0,$-1,$0,$0,$0,$0,$-1,$0,$1,$0
6,2016-12-31,37.7,$0.00,0.0,$2.89,13.04,$2.94,12.83,$0.46,81.96,$0.01B,$0.02B,0.35,$0.03B,$0.20B,0.15,$0.03B,$0.01B,34.48%,$0.03B,$0.01B,34.48%,$0.03B,$0.01B,34.48%,$0.03B,$0.02B,58.62%,$0.03B,$0.01B,24.14%,$0.03B,$0.01B,17.24%,$0.01B,$0.20B,3.41%,$0.01B,$0.20B,3.41%,$0.01B,$0.27B,2.57%,$0.01B,$0.23B,5.85%,$0,$0,$0,$0,$0,$0,$0,$0,$0,$0,$0,$0,$0,$0,$0,$0,0,$0.00,$0.00,$0,$0,$0,$7,$224,$23,$0,$12,$259,$267,$21,$30,$0,$46,$68,$1,$145,$0,$199,$267,$0,$0,$0,$0,$0,$0,$0,$0,$0,$0,$0,$0,$0,$0,$0,$0,$0,$0,$0,$0,$0,$0,$0,$0,$0,$0,$0,$0,$0
7,2016-09-30,31.07,$0.00,0.0,$3.79,8.2,$4.68,6.64,$1.22,25.47,$0.00B,$0.00B,0.0,$0.00B,$0.00B,0.0,$0.04B,$0.01B,36.84%,$0.04B,$0.02B,50.00%,$0.04B,$0.01B,26.32%,$0.04B,$0.03B,68.42%,$0.04B,$0.02B,50.00%,$0.04B,$0.01B,31.58%,$0.01B,$0.00B,8.30%,$0.01B,$0.00B,8.30%,$0.01B,$0.00B,6.24%,$0.02B,$0.00B,11.16%,$10,$5,$4,$0,$0,$5,$4,$-1,$3,$1,$2,$2,$2,$7,$4,$10,10,$0.20,$0.20,$0,$0,$0,$0,$0,$0,$0,$0,$0,$0,$0,$0,$0,$0,$0,$0,$0,$0,$0,$0,$5,$6,$0,$6,$-0,$0,$0,$-1,$3,$14,$2,$0,$0,$0,$-18,$-18,$1,$-14,$-3,$4,$1,$-0,$-0,$0,$0,$1,$0,$1,$0
8,2016-06-30,34.5,$19.67,1.75,$2.80,12.32,$3.08,11.2,$1.02,33.82,$0.01B,$0.03B,0.37,$0.03B,$0.19B,0.17,$0.03B,$0.01B,35.71%,$0.03B,$0.02B,53.57%,$0.03B,$0.01B,21.43%,$0.03B,$0.02B,67.86%,$0.03B,$0.02B,57.14%,$0.03B,$0.01B,35.71%,$0.01B,$0.19B,5.26%,$0.01B,$0.19B,5.26%,$0.01B,$0.26B,3.92%,$0.02B,$0.23B,6.67%,$9,$7,$2,$0,$0,$7,$2,$-1,$1,$1,$1,$1,$1,$4,$2,$10,10,$0.08,$0.08,$3,$0,$0,$11,$208,$24,$0,$13,$245,$256,$29,$33,$0,$33,$62,$1,$142,$-0,$194,$256,$3,$4,$-1,$3,$-0,$0,$0,$0,$2,$8,$2,$0,$0,$0,$-3,$-3,$1,$1,$-2,$-3,$-5,$0,$0,$0,$0,$-5,$3,$0,$0
9,2016-03-31,35.6,$19.59,1.82,$2.73,13.04,$3.41,10.44,$1.15,30.96,$0.01B,$0.03B,0.32,$0.03B,$0.19B,0.18,$0.03B,$0.01B,44.44%,$0.03B,$0.02B,62.96%,$0.03B,$0.01B,29.63%,$0.03B,$0.02B,77.78%,$0.03B,$0.02B,66.67%,$0.03B,$0.01B,40.74%,$0.01B,$0.19B,5.90%,$0.01B,$0.19B,5.90%,$0.01B,$0.26B,4.34%,$0.02B,$0.23B,7.65%,$10,$6,$4,$0,$0,$6,$4,$-1,$3,$1,$2,$2,$2,$6,$4,$10,10,$0.18,$0.18,$1,$0,$0,$9,$215,$19,$0,$13,$247,$256,$28,$34,$0,$34,$63,$1,$141,$-0,$193,$256,$2,$2,$-0,$2,$-0,$0,$0,$0,$-0,$3,$0,$0,$0,$0,$-1,$-1,$-0,$-1,$-1,$-1,$-2,$0,$0,$0,$0,$-2,$0,$0,$0
10,2015-12-31,33.94,$19.39,1.75,$2.67,12.71,$3.92,8.66,$1.11,30.58,$0.01B,$0.03B,0.31,$0.04B,$0.19B,0.18,$0.03B,$0.01B,38.46%,$0.03B,$0.02B,57.69%,$0.03B,$0.01B,23.08%,$0.03B,$0.02B,80.77%,$0.03B,$0.02B,61.54%,$0.03B,$0.01B,38.46%,$0.01B,$0.19B,5.47%,$0.01B,$0.19B,5.47%,$0.01B,$0.26B,3.96%,$0.02B,$0.23B,6.84%,$9,$5,$4,$0,$0,$0,$9,$0,$12,$5,$0,$7,$7,$9,$0,$10,10,$0.76,$0.76,$1,$0,$0,$10,$216,$19,$0,$12,$247,$257,$31,$35,$0,$35,$66,$1,$139,$-0,$191,$257,$7,$2,$-3,$-1,$0,$0,$0,$-1,$-1,$6,$11,$0,$0,$0,$-11,$-11,$-1,$-1,$-1,$-5,$-7,$1,$1,$0,$0,$-6,$-0,$0,$0
11,2015-09-30,30.14,$0.00,0.0,$2.62,11.48,$2.83,10.65,$0.64,47.09,$0.01B,$0.03B,0.41,$0.04B,$0.18B,0.2,$0.03B,$0.01B,32.00%,$0.03B,$0.01B,56.00%,$0.03B,$0.01B,24.00%,$0.03B,$0.02B,80.00%,$0.03B,$0.01B,24.00%,$0.03B,$0.01B,24.00%,$0.01B,$0.18B,3.20%,$0.01B,$0.18B,3.22%,$0.01B,$0.25B,2.25%,$0.01B,$0.22B,6.11%,$0,$0,$0,$0,$0,$0,$0,$0,$0,$0,$0,$0,$0,$0,$0,$0,0,$0.00,$0.00,$0,$0,$5,$14,$207,$19,$0,$12,$239,$252,$34,$36,$0,$36,$70,$1,$131,$-0,$182,$252,$0,$0,$0,$0,$0,$0,$0,$0,$0,$0,$0,$0,$0,$0,$0,$0,$0,$0,$0,$0,$0,$0,$0,$0,$0,$0,$0,$0,$0
12,2015-06-30,32.43,$18.41,1.76,$2.62,12.36,$2.83,11.46,$0.64,50.67,$0.01B,$0.02B,0.68,$0.04B,$0.18B,0.21,$0.03B,$0.01B,32.00%,$0.03B,$0.01B,56.00%,$0.03B,$0.01B,24.00%,$0.03B,$0.02B,80.00%,$0.03B,$0.01B,24.00%,$0.03B,$0.01B,24.00%,$0.01B,$0.18B,3.10%,$0.01B,$0.18B,3.12%,$0.01B,$0.25B,2.13%,$0.01B,$0.22B,5.92%,$8,$5,$4,$0,$0,$5,$4,$-1,$3,$1,$2,$2,$2,$6,$4,$10,10,$0.21,$0.21,$1,$0,$5,$12,$206,$19,$0,$12,$237,$249,$18,$37,$0,$51,$69,$1,$129,$-0,$180,$249,$6,$6,$5,$11,$0,$0,$0,$1,$-4,$13,$0,$0,$0,$0,$-4,$-4,$-3,$-7,$-4,$-2,$-6,$1,$1,$0,$-1,$-7,$-0,$1,$0
13,2015-03-31,36.4,$18.21,2.0,$2.55,14.27,$3.69,9.88,$0.79,46.08,$0.02B,$0.04B,0.41,$0.04B,$0.18B,0.21,$0.03B,$0.01B,28.00%,$0.03B,$0.01B,52.00%,$0.03B,$0.01B,20.00%,$0.03B,$0.02B,76.00%,$0.03B,$0.01B,24.00%,$0.03B,$0.01B,28.00%,$0.01B,$0.18B,3.51%,$0.01B,$0.18B,3.55%,$0.01B,$0.25B,2.37%,$0.01B,$0.22B,5.28%,$9,$7,$2,$0,$0,$7,$2,$-1,$1,$1,$1,$1,$1,$6,$2,$10,10,$0.14,$0.14,$1,$0,$5,$15,$206,$19,$0,$12,$237,$252,$36,$38,$0,$38,$74,$1,$127,$-0,$178,$252,$4,$4,$5,$9,$0,$0,$0,$-0,$-5,$8,$0,$0,$0,$0,$-3,$-3,$-3,$-5,$-3,$1,$-2,$0,$0,$0,$-1,$-3,$-0,$1,$0
14,2014-12-31,33.12,$21.57,1.54,$2.46,13.44,$3.76,8.82,$0.83,39.91,$0.02B,$0.02B,1.01,$0.06B,$0.21B,0.27,$0.02B,$0.01B,29.17%,$0.02B,$0.01B,54.17%,$0.02B,$0.01B,20.83%,$0.02B,$0.02B,75.00%,$0.02B,$0.01B,29.17%,$0.02B,$0.01B,33.33%,$0.01B,$0.21B,3.91%,$0.01B,$0.21B,3.97%,$0.01B,$0.31B,2.60%,$0.01B,$0.27B,5.08%,$8,$6,$2,$0,$0,$0,$8,$0,$2,$1,$0,$1,$3,$8,$0,$10,10,$0.29,$0.29,$1,$1,$5,$19,$250,$19,$3,$22,$293,$312,$19,$56,$4,$84,$103,$1,$160,$0,$210,$312,$3,$2,$3,$5,$0,$0,$0,$-0,$-2,$6,$-0,$0,$0,$0,$-2,$-2,$-2,$-4,$-1,$-0,$-2,$0,$0,$0,$-1,$-2,$-0,$0,$0
15,2014-09-30,28.65,$0.00,0.0,$5.63,5.09,$3.00,9.55,$0.78,36.74,$0.08B,$0.05B,1.42,$0.04B,$0.21B,0.2,$0.06B,$0.01B,16.36%,$0.06B,$0.04B,80.00%,$0.06B,$0.01B,9.09%,$0.06B,$0.05B,89.09%,$0.06B,$0.01B,16.36%,$0.06B,$0.01B,12.73%,$0.01B,$0.21B,3.49%,$0.01B,$0.21B,3.54%,$0.01B,$0.31B,2.29%,$0.04B,$0.25B,17.37%,$0,$0,$0,$0,$0,$0,$0,$0,$0,$0,$0,$0,$0,$0,$0,$0,0,$0.00,$0.00,$1,$0,$4,$75,$207,$19,$0,$12,$238,$313,$53,$41,$0,$54,$107,$1,$157,$0,$206,$313,$0,$0,$0,$0,$0,$0,$0,$0,$0,$0,$0,$0,$0,$0,$0,$0,$0,$0,$0,$0,$0,$0,$0,$0,$0,$0,$0,$0,$0
16,2014-06-30,29.54,$21.00,1.41,$5.63,5.25,$3.00,9.84,$0.78,37.87,$0.02B,$0.02B,0.93,$0.05B,$0.20B,0.26,$0.06B,$0.01B,16.36%,$0.06B,$0.04B,80.00%,$0.06B,$0.01B,9.09%,$0.06B,$0.05B,89.09%,$0.06B,$0.01B,16.36%,$0.06B,$0.01B,12.73%,$0.01B,$0.20B,3.54%,$0.01B,$0.20B,3.60%,$0.01B,$0.30B,2.34%,$0.04B,$0.26B,17.53%,$8,$5,$3,$0,$0,$5,$3,$0,$3,$1,$2,$2,$3,$5,$3,$10,10,$0.36,$0.36,$1,$1,$4,$18,$247,$14,$3,$22,$286,$304,$20,$53,$5,$82,$102,$1,$155,$0,$203,$304,$8,$5,$6,$11,$1,$0,$0,$-0,$0,$19,$2,$0,$0,$0,$-14,$-14,$-16,$-29,$-3,$1,$-2,$1,$1,$0,$11,$9,$0,$1,$0
17,2014-03-31,30.45,$20.63,1.48,$8.55,3.56,$2.13,14.3,$0.73,41.72,$0.02B,$0.02B,1.04,$0.06B,$0.20B,0.28,$0.08B,$0.01B,14.46%,$0.08B,$0.05B,56.63%,$0.08B,$0.01B,9.64%,$0.08B,$0.05B,65.06%,$0.08B,$0.01B,13.25%,$0.08B,$0.01B,8.43%,$0.01B,$0.20B,3.63%,$0.01B,$0.20B,3.67%,$0.01B,$0.30B,2.38%,$0.05B,$0.25B,19.05%,$8,$6,$2,$0,$0,$6,$2,$-0,$2,$1,$1,$1,$2,$5,$2,$10,10,$0.18,$0.18,$1,$1,$1,$18,$246,$14,$3,$19,$282,$300,$17,$55,$5,$84,$101,$1,$151,$0,$199,$300,$4,$3,$3,$7,$2,$0,$0,$-0,$-2,$9,$0,$0,$0,$0,$-5,$-5,$-14,$-19,$-2,$0,$-2,$1,$1,$0,$12,$11,$1,$1,$0
18,2013-12-31,35.07,$20.41,1.72,$11.25,3.12,$1.71,20.55,$0.79,44.39,$0.02B,$0.02B,0.96,$0.06B,$0.20B,0.31,$0.11B,$0.01B,12.84%,$0.11B,$0.05B,44.95%,$0.11B,$0.01B,9.17%,$0.11B,$0.06B,55.05%,$0.11B,$0.01B,11.93%,$0.11B,$0.01B,6.42%,$0.01B,$0.20B,3.71%,$0.01B,$0.19B,3.74%,$0.01B,$0.30B,2.43%,$0.05B,$0.26B,20.21%,$39,$35,$4,$0,$0,$0,$39,$0,$4,$1,$0,$0,$2,$39,$0,$10,10,$0.24,$0.24,$2,$1,$1,$19,$249,$13,$3,$19,$284,$304,$20,$60,$5,$88,$108,$1,$150,$0,$195,$304,$2,$4,$0,$4,$-1,$0,$0,$0,$-2,$4,$-5,$0,$-10,$0,$-4,$-4,$-0,$-19,$-1,$16,$15,$0,$0,$0,$0,$15,$0,$0,$0
19,2013-09-30,28.58,$0.00,0.0,$10.70,2.67,$1.74,16.47,$0.88,32.48,$0.02B,$0.02B,0.81,$0.05B,$0.19B,0.24,$0.10B,$0.02B,14.56%,$0.10B,$0.04B,41.75%,$0.10B,$0.01B,9.71%,$0.10B,$0.05B,52.43%,$0.10B,$0.01B,13.59%,$0.10B,$0.01B,7.77%,$0.01B,$0.19B,4.33%,$0.01B,$0.19B,4.35%,$0.01B,$0.29B,2.84%,$0.04B,$0.24B,18.12%,$0,$0,$0,$0,$0,$0,$0,$0,$0,$0,$0,$0,$0,$0,$0,$0,0,$0.00,$0.00,$2,$1,$0,$17,$241,$13,$1,$14,$270,$287,$21,$46,$5,$73,$94,$1,$147,$0,$193,$287,$0,$0,$0,$0,$0,$0,$0,$0,$0,$0,$0,$0,$0,$0,$0,$0,$0,$0,$0,$0,$0,$0,$0,$0,$0,$0,$0,$0,$0
20,2013-06-30,25.38,$19.40,1.31,$10.70,2.37,$1.74,14.62,$0.88,28.84,$0.02B,$0.02B,1.14,$0.05B,$0.19B,0.29,$0.10B,$0.02B,14.56%,$0.10B,$0.04B,41.75%,$0.10B,$0.01B,9.71%,$0.10B,$0.05B,52.43%,$0.10B,$0.01B,13.59%,$0.10B,$0.01B,7.77%,$0.01B,$0.19B,4.44%,$0.01B,$0.18B,4.46%,$0.01B,$0.28B,2.87%,$0.04B,$0.24B,18.24%,$36,$30,$6,$0,$0,$30,$6,$-1,$5,$2,$3,$3,$3,$10,$6,$10,10,$0.31,$0.31,$1,$1,$7,$21,$234,$13,$1,$14,$262,$284,$19,$54,$6,$79,$98,$1,$140,$0,$185,$284,$8,$10,$-0,$10,$0,$-0,$0,$2,$2,$20,$-8,$0,$0,$0,$-16,$-16,$0,$-24,$-11,$7,$-4,$1,$1,$0,$1,$-2,$-6,$1,$0
21,2013-03-31,23.5,$19.08,1.23,$10.47,2.24,$1.74,13.53,$0.85,27.65,$0.03B,$0.02B,1.62,$0.05B,$0.18B,0.3,$0.10B,$0.01B,14.00%,$0.10B,$0.04B,42.00%,$0.10B,$0.01B,9.00%,$0.10B,$0.05B,52.00%,$0.10B,$0.01B,13.00%,$0.10B,$0.01B,8.00%,$0.01B,$0.18B,4.51%,$0.01B,$0.18B,4.55%,$0.01B,$0.28B,2.90%,$0.04B,$0.24B,17.97%,$34,$30,$4,$0,$0,$30,$4,$-1,$4,$1,$2,$2,$2,$11,$4,$10,10,$0.24,$0.24,$5,$1,$7,$27,$230,$8,$1,$13,$252,$278,$17,$54,$6,$80,$96,$1,$137,$0,$182,$278,$5,$7,$0,$7,$0,$-0,$0,$1,$-3,$9,$-5,$0,$0,$0,$-6,$-6,$0,$-10,$-3,$0,$-3,$1,$1,$0,$1,$-1,$-2,$1,$0
22,2012-12-31,24.02,$18.83,1.28,$10.25,2.34,$1.74,13.81,$0.78,30.79,$0.02B,$0.02B,1.11,$0.06B,$0.18B,0.31,$0.10B,$0.01B,14.43%,$0.10B,$0.04B,42.27%,$0.10B,$0.01B,8.25%,$0.10B,$0.05B,52.58%,$0.10B,$0.01B,12.37%,$0.10B,$0.01B,8.25%,$0.01B,$0.18B,4.59%,$0.01B,$0.18B,4.62%,$0.01B,$0.28B,2.93%,$0.04B,$0.24B,17.69%,$33,$28,$5,$0,$0,$0,$33,$0,$5,$2,$0,$0,$3,$33,$0,$9,10,$0.33,$0.33,$1,$1,$3,$20,$236,$8,$1,$13,$257,$277,$18,$56,$6,$80,$98,$1,$135,$0,$179,$277,$3,$3,$-1,$3,$1,$-0,$0,$0,$-2,$4,$-5,$0,$0,$0,$-4,$-4,$0,$-9,$-1,$0,$-1,$1,$1,$0,$0,$-0,$-5,$0,$0
23,2012-09-30,23.55,$0.00,0.0,$10.01,2.35,$1.99,11.83,$0.68,34.64,$0.03B,$0.02B,1.34,$0.06B,$0.18B,0.33,$0.09B,$0.01B,13.83%,$0.09B,$0.04B,40.43%,$0.09B,$0.01B,8.51%,$0.09B,$0.05B,51.06%,$0.09B,$0.01B,10.64%,$0.09B,$0.01B,7.45%,$0.01B,$0.18B,4.09%,$0.01B,$0.17B,4.12%,$0.01B,$0.28B,2.58%,$0.04B,$0.23B,16.52%,$0,$0,$0,$0,$0,$0,$0,$0,$0,$0,$0,$0,$0,$0,$0,$0,0,$0.00,$0.00,$7,$1,$3,$27,$228,$8,$1,$12,$249,$276,$20,$57,$5,$81,$101,$1,$132,$0,$175,$276,$0,$0,$0,$0,$0,$0,$0,$0,$0,$0,$0,$0,$0,$0,$0,$0,$0,$0,$0,$0,$0,$0,$0,$0,$0,$0,$0,$0,$0
24,2012-06-30,19.88,$18.38,1.08,$10.01,1.99,$1.99,9.98,$0.68,29.23,$0.03B,$0.02B,1.32,$0.06B,$0.17B,0.34,$0.09B,$0.01B,13.83%,$0.09B,$0.04B,40.43%,$0.09B,$0.01B,8.51%,$0.09B,$0.05B,51.06%,$0.09B,$0.01B,10.64%,$0.09B,$0.01B,7.45%,$0.01B,$0.17B,4.15%,$0.01B,$0.17B,4.19%,$0.01B,$0.27B,2.60%,$0.04B,$0.23B,16.61%,$33,$28,$5,$0,$0,$28,$5,$-1,$4,$2,$3,$3,$3,$8,$5,$9,9,$0.29,$0.28,$12,$1,$0,$26,$223,$8,$1,$15,$247,$272,$19,$58,$4,$80,$100,$1,$131,$0,$173,$272,$6,$10,$-1,$9,$-0,$0,$0,$1,$2,$17,$-5,$0,$0,$0,$-19,$-19,$0,$-24,$-4,$0,$-4,$1,$1,$0,$0,$-3,$-9,$1,$0
25,2012-03-31,19.67,$18.10,1.09,$9.91,1.98,$2.13,9.23,$0.65,30.27,$0.04B,$0.02B,2.09,$0.06B,$0.17B,0.35,$0.09B,$0.01B,13.98%,$0.09B,$0.04B,39.78%,$0.09B,$0.01B,7.53%,$0.09B,$0.05B,50.54%,$0.09B,$0.01B,10.75%,$0.09B,$0.01B,6.45%,$0.01B,$0.17B,3.61%,$0.01B,$0.17B,3.64%,$0.01B,$0.27B,2.25%,$0.04B,$0.23B,16.26%,$31,$27,$4,$0,$1,$28,$3,$-1,$3,$1,$2,$2,$2,$10,$3,$9,9,$0.18,$0.17,$20,$1,$0,$35,$210,$7,$1,$15,$233,$269,$17,$60,$4,$82,$99,$1,$128,$0,$170,$269,$4,$6,$-0,$6,$-0,$0,$0,$1,$-2,$8,$-4,$0,$0,$0,$-4,$-4,$0,$-8,$-2,$0,$-2,$1,$1,$0,$0,$-2,$-1,$1,$0
26,2011-12-31,18.33,$17.93,1.02,$9.63,1.9,$2.32,7.9,$0.66,27.77,$0.03B,$0.02B,1.82,$0.06B,$0.17B,0.37,$0.09B,$0.01B,14.29%,$0.09B,$0.04B,40.66%,$0.09B,$0.01B,7.69%,$0.09B,$0.05B,50.55%,$0.09B,$0.01B,9.89%,$0.09B,$0.01B,6.59%,$0.01B,$0.17B,3.67%,$0.01B,$0.17B,3.69%,$0.01B,$0.27B,2.26%,$0.04B,$0.23B,16.34%,$30,$27,$4,$0,$0,$0,$30,$0,$3,$1,$0,$2,$2,$30,$0,$9,9,$0.23,$0.23,$19,$1,$0,$33,$211,$7,$1,$14,$234,$268,$18,$61,$4,$82,$101,$1,$127,$0,$167,$268,$2,$3,$-1,$2,$0,$0,$0,$1,$1,$5,$-4,$0,$0,$0,$-3,$-3,$0,$-6,$-1,$0,$-1,$0,$0,$0,$0,$-1,$-2,$0,$0
27,2011-09-30,17.07,$0.00,0.0,$9.40,1.82,$2.42,7.07,$1.11,15.38,$0.04B,$0.02B,1.9,$0.06B,$0.16B,0.38,$0.09B,$0.01B,14.61%,$0.09B,$0.04B,39.33%,$0.09B,$0.01B,7.87%,$0.09B,$0.04B,49.44%,$0.09B,$0.01B,8.99%,$0.09B,$0.01B,11.24%,$0.01B,$0.16B,6.20%,$0.01B,$0.16B,6.24%,$0.01B,$0.27B,3.80%,$0.04B,$0.23B,15.52%,$0,$0,$0,$0,$0,$0,$0,$0,$0,$0,$0,$0,$0,$0,$0,$0,0,$0.00,$0.00,$21,$1,$0,$35,$209,$7,$1,$14,$232,$266,$18,$62,$4,$84,$102,$1,$125,$0,$164,$266,$0,$0,$0,$0,$0,$0,$0,$0,$0,$0,$0,$0,$0,$0,$0,$0,$0,$0,$0,$0,$0,$0,$0,$0,$0,$0,$0,$0,$0
28,2011-06-30,18.9,$17.51,1.08,$9.40,2.01,$2.42,7.82,$1.11,17.02,$0.04B,$0.02B,2.19,$0.06B,$0.16B,0.39,$0.09B,$0.01B,14.61%,$0.09B,$0.04B,39.33%,$0.09B,$0.01B,7.87%,$0.09B,$0.04B,49.44%,$0.09B,$0.01B,8.99%,$0.09B,$0.01B,11.24%,$0.01B,$0.16B,6.32%,$0.01B,$0.16B,6.36%,$0.01B,$0.27B,3.82%,$0.04B,$0.23B,15.66%,$32,$27,$5,$0,$0,$28,$4,$-1,$4,$1,$2,$2,$2,$7,$4,$9,9,$0.26,$0.25,$23,$1,$6,$42,$207,$7,$1,$8,$224,$266,$19,$64,$4,$84,$104,$1,$123,$0,$163,$266,$10,$9,$-6,$3,$-2,$-0,$0,$3,$5,$18,$-4,$0,$0,$0,$-8,$-8,$4,$-9,$-3,$0,$-3,$-1,$-1,$0,$0,$-4,$6,$1,$0
29,2011-03-31,22.6,$17.25,1.31,$9.02,2.51,$1.24,18.26,$1.14,19.88,$0.04B,$0.02B,2.32,$0.07B,$0.16B,0.41,$0.09B,$0.01B,15.29%,$0.09B,$0.04B,41.18%,$0.09B,$0.01B,8.24%,$0.09B,$0.04B,51.76%,$0.09B,$0.01B,9.41%,$0.09B,$0.01B,12.94%,$0.01B,$0.16B,7.11%,$0.01B,$0.16B,7.15%,$0.01B,$0.26B,4.25%,$0.04B,$0.23B,15.82%,$29,$25,$4,$0,$1,$25,$3,$-1,$2,$1,$2,$2,$2,$9,$3,$9,9,$0.18,$0.18,$17,$1,$6,$36,$205,$7,$1,$8,$225,$261,$15,$65,$4,$86,$101,$1,$121,$0,$160,$261,$8,$6,$-6,$0,$-1,$-0,$0,$2,$1,$9,$-3,$0,$0,$0,$-5,$-5,$1,$-7,$-2,$0,$-2,$-1,$-1,$0,$0,$-3,$-1,$1,$0
30,2010-12-31,26.18,$17.05,1.54,$8.91,2.94,$0.37,71.33,$1.11,23.58,$0.03B,$0.02B,1.8,$0.07B,$0.16B,0.42,$0.08B,$0.01B,15.48%,$0.08B,$0.04B,41.67%,$0.08B,$0.01B,8.33%,$0.08B,$0.04B,52.38%,$0.08B,$0.01B,9.52%,$0.08B,$0.01B,11.90%,$0.01B,$0.16B,6.61%,$0.01B,$0.16B,6.66%,$0.01B,$0.26B,3.89%,$0.04B,$0.22B,15.98%,$28,$24,$4,$0,$0,$0,$28,$0,$2,$1,$0,$1,$6,$28,$0,$9,9,$0.69,$0.68,$15,$1,$0,$30,$205,$7,$1,$14,$231,$261,$16,$66,$4,$87,$103,$1,$119,$0,$158,$261,$6,$3,$-5,$-1,$-1,$-0,$0,$1,$-1,$4,$-2,$0,$0,$0,$-3,$-3,$0,$-4,$-1,$0,$-1,$-1,$-1,$0,$0,$-2,$-2,$0,$0
31,2010-09-30,19.75,$0.00,0.0,$8.85,2.23,$-0.18,0.0,$0.57,34.45,$0.03B,$0.02B,1.76,$0.07B,$0.15B,0.44,$0.08B,$0.01B,15.48%,$0.08B,$0.04B,41.67%,$0.08B,$0.01B,8.33%,$0.08B,$0.04B,52.38%,$0.08B,$0.01B,9.52%,$0.08B,$0.01B,5.95%,$0.01B,$0.15B,3.38%,$0.01B,$0.15B,3.41%,$0.01B,$0.26B,1.96%,$0.04B,$0.22B,16.15%,$0,$0,$0,$0,$0,$0,$0,$0,$0,$0,$0,$0,$0,$0,$0,$0,0,$0.00,$0.00,$17,$1,$0,$32,$198,$7,$1,$15,$226,$258,$18,$67,$4,$88,$106,$1,$114,$0,$152,$258,$0,$0,$0,$0,$0,$0,$0,$0,$0,$0,$0,$0,$0,$0,$0,$0,$0,$0,$0,$0,$0,$0,$0,$0,$0,$0,$0,$0,$0
32,2010-06-30,22.78,$16.20,1.41,$8.85,2.57,$-0.18,0.0,$0.57,39.74,$0.03B,$0.02B,1.58,$0.07B,$0.15B,0.46,$0.08B,$0.01B,15.48%,$0.08B,$0.04B,41.67%,$0.08B,$0.01B,8.33%,$0.08B,$0.04B,52.38%,$0.08B,$0.01B,9.52%,$0.08B,$0.01B,5.95%,$0.01B,$0.15B,3.44%,$0.01B,$0.15B,3.47%,$0.01B,$0.26B,1.96%,$0.04B,$0.22B,16.24%,$28,$24,$5,$0,$0,$24,$4,$-1,$4,$1,$3,$3,$3,$7,$4,$9,9,$0.28,$0.28,$16,$1,$0,$28,$200,$7,$1,$14,$227,$255,$18,$68,$4,$88,$106,$0,$112,$0,$149,$255,$5,$9,$-2,$7,$-1,$-0,$0,$3,$-1,$11,$-8,$0,$0,$0,$-0,$-0,$1,$-8,$-3,$0,$-3,$0,$0,$0,$0,$-3,$0,$1,$0
33,2010-03-31,23.79,$15.90,1.5,$8.84,2.69,$0.34,69.66,$0.25,93.91,$0.03B,$0.02B,1.42,$0.07B,$0.15B,0.48,$0.08B,$0.01B,14.29%,$0.08B,$0.04B,41.67%,$0.08B,$0.01B,8.33%,$0.08B,$0.04B,52.38%,$0.08B,$0.01B,8.33%,$0.08B,$0.00B,2.38%,$0.00B,$0.15B,1.40%,$0.00B,$0.15B,1.41%,$0.00B,$0.25B,0.78%,$0.04B,$0.22B,16.30%,$28,$24,$4,$0,$1,$24,$3,$-1,$2,$1,$1,$1,$1,$9,$3,$9,9,$0.16,$0.15,$12,$1,$0,$26,$201,$7,$1,$14,$228,$254,$18,$70,$4,$90,$108,$0,$109,$0,$146,$254,$3,$6,$-1,$5,$-1,$-0,$0,$2,$-3,$5,$-7,$0,$0,$0,$-0,$-0,$1,$-7,$-2,$0,$-2,$0,$0,$0,$0,$-2,$-3,$1,$0
34,2009-12-31,26.6,$15.72,1.69,$8.91,2.99,$0.81,32.99,$0.10,265.99,$0.03B,$0.02B,1.41,$0.07B,$0.14B,0.49,$0.08B,$0.01B,14.29%,$0.08B,$0.04B,42.86%,$0.08B,$0.01B,9.52%,$0.08B,$0.05B,53.57%,$0.08B,$0.01B,9.52%,$0.08B,$0.00B,2.38%,$0.00B,$0.14B,1.41%,$0.00B,$0.14B,1.42%,$0.00B,$0.25B,0.78%,$0.04B,$0.22B,16.78%,$28,$24,$4,$0,$0,$0,$28,$0,$2,$1,$0,$1,$1,$28,$0,$9,9,$0.15,$0.14,$12,$1,$0,$26,$200,$7,$1,$14,$227,$253,$18,$71,$4,$91,$109,$0,$108,$0,$144,$253,$1,$3,$-0,$3,$-1,$-0,$0,$1,$-3,$1,$-3,$0,$0,$0,$-0,$-0,$0,$-3,$-1,$0,$-1,$0,$0,$0,$0,$-1,$-4,$0,$0
35,2009-09-30,21.26,$0.00,0.0,$9.29,2.29,$1.00,21.29,$-0.04,0.0,$0.03B,$0.02B,1.34,$0.07B,$0.14B,0.51,$0.09B,$0.02B,17.24%,$0.09B,$0.04B,44.83%,$0.09B,$0.01B,9.20%,$0.09B,$0.05B,55.17%,$0.09B,$0.01B,10.34%,$0.09B,$0.00B,3.45%,$0.00B,$0.14B,2.13%,$0.00B,$0.14B,2.15%,$0.00B,$0.26B,1.16%,$0.04B,$0.21B,18.20%,$0,$0,$0,$0,$0,$0,$0,$0,$0,$0,$0,$0,$0,$0,$0,$0,0,$0.00,$0.00,$16,$1,$0,$30,$199,$7,$1,$14,$227,$257,$22,$72,$5,$92,$114,$0,$106,$0,$142,$257,$0,$0,$0,$0,$0,$0,$0,$0,$0,$0,$0,$0,$0,$0,$0,$0,$0,$0,$0,$0,$0,$0,$0,$0,$0,$0,$0,$0,$0
36,2009-06-30,20.54,$15.43,1.33,$9.29,2.21,$1.00,20.57,$-0.04,0.0,$0.03B,$0.02B,1.48,$0.07B,$0.14B,0.52,$0.09B,$0.02B,17.24%,$0.09B,$0.04B,44.83%,$0.09B,$0.01B,9.20%,$0.09B,$0.05B,55.17%,$0.09B,$0.01B,10.34%,$0.09B,$0.00B,3.45%,$0.00B,$0.14B,2.15%,$0.00B,$0.14B,2.17%,$0.00B,$0.26B,1.16%,$0.04B,$0.21B,18.20%,$28,$24,$4,$0,$0,$24,$4,$-1,$3,$1,$2,$2,$-0,$7,$4,$9,9,$-0.04,$-0.04,$12,$1,$0,$34,$202,$7,$1,$14,$224,$258,$23,$73,$5,$94,$116,$0,$105,$0,$141,$258,$3,$10,$4,$13,$4,$0,$0,$3,$4,$20,$-12,$0,$0,$0,$-0,$-0,$-0,$-13,$-3,$0,$-3,$0,$0,$0,$0,$-3,$4,$1,$0
37,2009-03-31,17.55,$15.45,1.14,$9.95,1.76,$-0.36,0.0,0,0.0,$0.02B,$0.02B,1.19,$0.07B,$0.14B,0.53,$0.09B,$0.02B,20.43%,$0.09B,$0.04B,43.01%,$0.09B,$0.01B,9.68%,$0.09B,$0.05B,50.54%,$0.09B,$0.01B,10.75%,$0.09B,$0.01B,6.45%,$0.01B,$0.14B,4.36%,$0.01B,$0.14B,4.39%,$0.01B,$0.26B,2.32%,$0.04B,$0.22B,18.74%,$28,$24,$4,$0,$0,$24,$4,$-1,$3,$1,$2,$2,$1,$10,$4,$9,9,$0.15,$0.15,$8,$1,$0,$22,$215,$7,$1,$15,$237,$259,$18,$74,$6,$99,$118,$0,$106,$0,$141,$259,$3,$6,$1,$7,$4,$0,$0,$2,$3,$13,$-11,$0,$0,$0,$-0,$-0,$-0,$-11,$-2,$0,$-2,$0,$0,$0,$0,$-2,$0,$1,$0
38,2008-12-31,19.73,$15.27,1.29,$11.34,1.74,$-2.05,0.0,0,0.0,$0.02B,$0.02B,1.07,$0.08B,$0.14B,0.54,$0.11B,$0.02B,19.81%,$0.11B,$0.04B,35.85%,$0.11B,$0.01B,6.60%,$0.11B,$0.05B,44.34%,$0.11B,$0.01B,7.55%,$0.11B,$0.01B,5.66%,$0.01B,$0.14B,4.44%,$0.01B,$0.14B,4.47%,$0.01B,$0.26B,2.33%,$0.04B,$0.21B,17.92%,$31,$24,$7,$0,$0,$0,$31,$0,$3,$1,$0,$2,$2,$31,$0,$9,9,$0.19,$0.19,$5,$1,$0,$21,$216,$7,$1,$15,$238,$259,$20,$75,$6,$100,$120,$0,$104,$0,$139,$259,$2,$3,$2,$5,$2,$0,$0,$1,$1,$8,$-9,$0,$0,$0,$-0,$-0,$-0,$-9,$-1,$0,$-1,$0,$0,$0,$0,$-1,$-2,$0,$0
39,2008-09-30,22.25,$0.00,0.0,$12.18,1.83,$-2.11,0.0,0,0.0,$0.04B,$0.03B,1.46,$0.08B,$0.14B,0.55,$0.11B,$0.02B,17.54%,$0.11B,$0.05B,40.35%,$0.11B,$0.01B,6.14%,$0.11B,$0.06B,48.25%,$0.11B,$0.01B,6.14%,$0.11B,$0.01B,4.39%,$0.01B,$0.14B,3.75%,$0.01B,$0.14B,3.78%,$0.01B,$0.26B,1.95%,$0.05B,$0.21B,21.80%,$0,$0,$0,$0,$0,$0,$0,$0,$0,$0,$0,$0,$0,$0,$0,$0,0,$0.00,$0.00,$8,$1,$0,$42,$198,$6,$1,$15,$220,$262,$29,$76,$5,$96,$125,$0,$102,$0,$137,$262,$0,$0,$0,$0,$0,$0,$0,$0,$0,$0,$0,$0,$0,$0,$0,$0,$0,$0,$0,$0,$0,$0,$0,$0,$0,$0,$0,$0,$0
40,2008-06-30,22.53,$14.70,1.53,$12.18,1.85,$-2.11,0.0,0,0.0,$0.03B,$0.02B,1.6,$0.08B,$0.13B,0.58,$0.11B,$0.02B,17.54%,$0.11B,$0.05B,40.35%,$0.11B,$0.01B,6.14%,$0.11B,$0.06B,48.25%,$0.11B,$0.01B,6.14%,$0.11B,$0.01B,4.39%,$0.01B,$0.13B,3.80%,$0.01B,$0.13B,3.83%,$0.01B,$0.26B,1.96%,$0.05B,$0.21B,21.88%,$34,$26,$8,$0,$3,$29,$5,$-1,$4,$1,$3,$3,$3,$6,$5,$9,9,$0.31,$0.30,$16,$1,$0,$34,$205,$6,$1,$9,$221,$255,$21,$77,$6,$100,$122,$0,$99,$0,$134,$255,$5,$8,$2,$10,$-1,$-0,$0,$0,$-0,$15,$-20,$0,$0,$0,$-0,$-0,$0,$-20,$-3,$0,$-3,$-3,$-3,$0,$1,$-6,$-11,$1,$0
41,2008-03-31,22.09,$14.37,1.54,$12.73,1.73,$-0.87,0.0,0,0.0,$0.03B,$0.02B,1.63,$0.08B,$0.13B,0.6,$0.12B,$0.02B,16.67%,$0.12B,$0.05B,38.33%,$0.12B,$0.01B,5.83%,$0.12B,$0.06B,47.50%,$0.12B,$0.01B,5.83%,$0.12B,$0.00B,3.33%,$0.00B,$0.13B,3.08%,$0.00B,$0.13B,3.10%,$0.00B,$0.25B,1.62%,$0.05B,$0.21B,22.60%,$41,$35,$6,$0,$4,$39,$2,$-1,$1,$1,$1,$1,$1,$10,$2,$9,9,$0.07,$0.07,$8,$1,$0,$34,$203,$6,$1,$9,$219,$253,$21,$78,$6,$101,$122,$0,$97,$0,$131,$253,$2,$7,$-0,$7,$-1,$-0,$0,$0,$-2,$7,$-20,$0,$0,$0,$-0,$-0,$0,$-20,$-2,$0,$-2,$-4,$-4,$0,$1,$-5,$-19,$1,$0
42,2007-12-31,26.31,$14.29,1.84,$12.42,2.12,$0.55,47.71,0,0.0,$0.04B,$0.02B,1.84,$0.08B,$0.13B,0.6,$0.12B,$0.02B,18.80%,$0.12B,$0.05B,41.88%,$0.12B,$0.01B,8.55%,$0.12B,$0.06B,50.43%,$0.12B,$0.01B,8.55%,$0.12B,$0.01B,5.13%,$0.01B,$0.13B,4.67%,$0.01B,$0.13B,4.71%,$0.01B,$0.26B,2.50%,$0.05B,$0.21B,24.75%,$39,$33,$6,$0,$0,$0,$39,$0,$2,$1,$0,$0,$1,$39,$0,$9,9,$0.15,$0.15,$25,$1,$0,$43,$196,$6,$1,$10,$213,$256,$23,$79,$6,$101,$124,$0,$98,$0,$131,$256,$1,$4,$-2,$2,$1,$-0,$0,$-1,$2,$5,$-7,$0,$0,$0,$-0,$-0,$0,$-7,$-1,$0,$-1,$0,$0,$0,$0,$-1,$-2,$0,$0
43,2007-09-30,27.69,$0.00,0.0,$12.25,2.26,$0.57,48.95,0,0.0,$0.04B,$0.02B,2.2,$0.08B,$0.13B,0.62,$0.12B,$0.02B,20.00%,$0.12B,$0.05B,40.87%,$0.12B,$0.01B,8.70%,$0.12B,$0.06B,49.57%,$0.12B,$0.01B,10.43%,$0.12B,$0.01B,6.09%,$0.01B,$0.13B,5.56%,$0.01B,$0.13B,5.60%,$0.01B,$0.25B,3.01%,$0.05B,$0.21B,24.48%,$0,$0,$0,$0,$0,$0,$0,$0,$0,$0,$0,$0,$0,$0,$0,$0,0,$0.00,$0.00,$27,$1,$0,$44,$193,$6,$1,$10,$209,$254,$20,$80,$7,$103,$123,$0,$98,$-0,$130,$254,$0,$0,$0,$0,$0,$0,$0,$0,$0,$0,$0,$0,$0,$0,$0,$0,$0,$0,$0,$0,$0,$0,$0,$0,$0,$0,$0,$0,$0
44,2007-06-30,24.41,$13.97,1.75,$12.25,1.99,$0.57,43.16,0,0.0,$0.02B,$0.02B,1.01,$0.06B,$0.13B,0.44,$0.12B,$0.02B,20.00%,$0.12B,$0.05B,40.87%,$0.12B,$0.01B,8.70%,$0.12B,$0.06B,49.57%,$0.12B,$0.01B,10.43%,$0.12B,$0.01B,6.09%,$0.01B,$0.13B,5.69%,$0.01B,$0.13B,5.74%,$0.01B,$0.22B,3.13%,$0.05B,$0.18B,25.54%,$40,$32,$8,$0,$3,$35,$5,$-1,$4,$2,$2,$2,$2,$8,$5,$9,9,$0.27,$0.26,$1,$1,$0,$16,$191,$6,$1,$9,$207,$223,$16,$56,$7,$79,$95,$0,$95,$0,$128,$223,$7,$11,$1,$12,$1,$0,$0,$-1,$-2,$17,$-11,$0,$0,$0,$-3,$-3,$0,$-14,$-2,$-2,$-4,$1,$1,$0,$1,$-2,$1,$1,$0
45,2007-03-31,25.23,$13.68,1.84,$12.09,2.09,$-1.44,0.0,0,0.0,$0.02B,$0.02B,1.16,$0.06B,$0.13B,0.5,$0.11B,$0.02B,19.47%,$0.11B,$0.05B,40.71%,$0.11B,$0.01B,7.96%,$0.11B,$0.06B,49.56%,$0.11B,$0.01B,9.73%,$0.11B,$0.01B,6.19%,$0.01B,$0.13B,5.85%,$0.01B,$0.12B,5.89%,$0.01B,$0.23B,3.16%,$0.05B,$0.19B,25.41%,$38,$30,$8,$0,$3,$33,$5,$-1,$4,$2,$3,$3,$3,$12,$5,$9,9,$0.29,$0.28,$0,$1,$0,$18,$192,$6,$1,$9,$207,$226,$16,$62,$7,$85,$101,$0,$93,$0,$125,$226,$5,$7,$0,$7,$-0,$0,$0,$-1,$-4,$8,$-8,$0,$0,$0,$-3,$-3,$0,$-11,$-1,$3,$2,$1,$1,$0,$1,$3,$0,$1,$0
46,2006-12-31,26.29,$13.33,1.97,$11.88,2.21,$-3.06,0.0,0,0.0,$0.02B,$0.02B,1.03,$0.07B,$0.12B,0.54,$0.11B,$0.02B,18.92%,$0.11B,$0.05B,40.54%,$0.11B,$0.01B,7.21%,$0.11B,$0.05B,48.65%,$0.11B,$0.01B,9.01%,$0.11B,$0.01B,5.41%,$0.01B,$0.12B,5.15%,$0.01B,$0.12B,5.19%,$0.01B,$0.23B,2.76%,$0.05B,$0.19B,25.35%,$37,$30,$7,$0,$0,$0,$37,$0,$4,$1,$0,$0,$2,$37,$0,$9,9,$0.24,$0.23,$1,$1,$0,$19,$192,$6,$1,$9,$208,$227,$18,$65,$8,$88,$106,$0,$90,$0,$121,$227,$2,$4,$-0,$3,$0,$0,$0,$-1,$-1,$4,$-6,$0,$0,$0,$-3,$-3,$0,$-9,$-1,$5,$5,$0,$0,$0,$0,$5,$0,$0,$0
