,Date,Stock Price,Book Value per Share,Price to Book Ratio,TTM Sales per Share,Price to Sales Ratio,TTM FCF per Share,Price to FCF Ratio,TTM Net EPS,PE Ratio,Current Assets,Current Liabilities,Current Ratio,Long Term Debt,Shareholder's Equity_x,Debt to Equity Ratio,TTM Revenue_x,TTM Gross Profit,Gross Margin,TTM Revenue_y,TTM Operating Income,Operating Margin,TTM Revenue_x,TTM EBIT,EBIT Margin,TTM Revenue_y,TTM EBITDA,EBITDA Margin,TTM Revenue_x,TTM Pre-Tax Income,Pre-Tax Margin,TTM Revenue_y,TTM Net Income_x,Net Margin,TTM Net Income_y,Shareholder's Equity_y,Return on Equity,TTM Net Income_x,Tangible Equity,Return on Tangible Equity,TTM Net Income_y,Total Assets,Return on Assets,TTM Net Income,LT Investments & Debt,Return on Investment,revenue,cost-goods-sold,gross-profit,research-development-expenses,selling-general-administrative-expenses,operating-expenses,operating-income,total-non-operating-income-expense,pre-tax-income,total-provision-income-taxes,income-after-taxes,income-from-continuous-operations,net-income,ebitda,ebit,basic-shares-outstanding,shares-outstanding,eps-basic-net-earnings-per-share,eps-earnings-per-share-diluted,cash-on-hand,inventory,other-current-assets,total-current-assets,net-property-plant-equipment,long-term-investments,goodwill-intangible-assets-total,other-long-term-assets,total-long-term-assets,total-assets,total-current-liabilities,long-term-debt,other-non-current-liabilities,total-long-term-liabilities,total-liabilities,common-stock-net,retained-earnings-accumulated-deficit,comprehensive-income,total-share-holder-equity,total-liabilities-share-holders-equity,net-income-loss,total-depreciation-amortization-cash-flow,other-non-cash-items,total-non-cash-items,change-in-accounts-receivable,change-in-inventories,change-in-accounts-payable,change-in-assets-liabilities,total-change-in-assets-liabilities,cash-flow-from-operating-activities,net-change-in-property-plant-equipment,net-change-in-intangible-assets,net-acquisitions-divestitures,net-change-in-short-term-investments,net-change-in-long-term-investments,net-change-in-investments-total,investing-activities-other,cash-flow-from-investing-activities,net-long-term-debt,net-current-debt,debt-issuance-retirement-net-total,net-common-equity-issued-repurchased,net-total-equity-issued-repurchased,total-common-preferred-stock-dividends-paid,financial-activities-other,cash-flow-from-financial-activities,net-cash-flow,stock-based-compensation,common-stock-dividends-paid
0,2018-09-30,126.47,$32.95,3.84,$12.40,10.2,$4.67,27.06,$3.14,40.28,$0.22B,$0.19B,1.21,$3.26B,$2.27B,1.43,$0.90B,$0.62B,68.36%,$0.90B,$0.35B,38.61%,$0.90B,$0.35B,38.61%,$0.90B,$0.58B,64.49%,$0.90B,$0.23B,25.22%,$0.90B,$0.23B,25.44%,$0.23B,$2.43B,9.60%,$0.23B,$2.43B,9.60%,$0.23B,$6.29B,3.66%,$0.35B,$5.69B,6.13%,$230,$71,$159,$0,$8,$139,$90,$-29,$61,$0,$61,$61,$61,$151,$90,$73,73,$0.82,$0.82,$42,$0,$0,$224,$5742,$0,$0,$320,$6062,$6286,$185,$3257,$269,$3668,$3852,$1,$-796,$0,$2433,$6286,$193,$177,$-8,$170,$-5,$0,$0,$1,$-1,$365,$-125,$0,$-4,$0,$-1,$-1,$18,$-112,$-15,$-15,$-30,$82,$82,$-224,$-11,$-183,$70,$0,$-224
1,2018-06-30,126.55,$32.51,3.89,$12.29,10.3,$2.50,50.59,$3.79,33.39,$0.24B,$0.18B,1.32,$3.32B,$2.23B,1.49,$0.89B,$0.61B,68.16%,$0.89B,$0.34B,38.45%,$0.89B,$0.34B,38.45%,$0.89B,$0.57B,64.13%,$0.89B,$0.23B,25.22%,$0.89B,$0.28B,30.94%,$0.28B,$2.39B,11.64%,$0.28B,$2.39B,11.64%,$0.28B,$6.30B,4.40%,$0.34B,$5.71B,6.05%,$225,$68,$157,$0,$8,$135,$90,$-28,$62,$0,$62,$62,$62,$148,$90,$73,73,$0.84,$0.84,$56,$0,$0,$236,$5775,$0,$0,$291,$6066,$6303,$179,$3320,$275,$3736,$3915,$1,$-781,$0,$2388,$6303,$128,$116,$-6,$110,$-4,$0,$0,$26,$21,$263,$-186,$0,$120,$0,$-0,$-0,$-12,$-79,$-13,$48,$35,$22,$22,$-150,$-8,$-101,$84,$0,$-150
2,2018-03-31,115.18,$32.41,3.55,$12.09,9.52,$1.11,104.0,$4.00,28.79,$0.24B,$0.18B,1.31,$3.34B,$2.21B,1.51,$0.88B,$0.60B,68.00%,$0.88B,$0.34B,38.40%,$0.88B,$0.34B,38.40%,$0.88B,$0.56B,64.00%,$0.88B,$0.22B,25.37%,$0.88B,$0.29B,33.14%,$0.29B,$2.37B,12.63%,$0.29B,$2.37B,12.63%,$0.29B,$6.29B,4.72%,$0.34B,$5.71B,6.05%,$225,$73,$152,$0,$8,$139,$86,$-27,$60,$0,$60,$60,$59,$144,$86,$73,73,$0.81,$0.81,$64,$0,$0,$238,$5800,$0,$0,$256,$6056,$6294,$181,$3335,$262,$3739,$3921,$1,$-769,$0,$2373,$6294,$63,$58,$-3,$55,$2,$0,$0,$7,$4,$124,$-38,$0,$0,$0,$-0,$-0,$-8,$-46,$-12,$62,$50,$1,$1,$-75,$-6,$-30,$49,$0,$-75
3,2017-12-31,130.64,$32.72,3.99,$11.88,10.99,$-0.23,0.0,$3.97,32.91,$0.26B,$0.20B,1.3,$3.29B,$2.23B,1.47,$0.86B,$0.58B,68.14%,$0.86B,$0.33B,38.74%,$0.86B,$0.33B,38.74%,$0.86B,$0.55B,64.06%,$0.86B,$0.22B,25.67%,$0.86B,$0.29B,33.49%,$0.29B,$2.39B,12.91%,$0.29B,$2.39B,12.91%,$0.29B,$6.28B,4.79%,$0.33B,$5.68B,6.15%,$224,$74,$150,$0,$10,$141,$83,$-38,$45,$0,$45,$45,$48,$140,$83,$72,72,$0.67,$0.67,$15,$0,$0,$255,$5759,$0,$0,$262,$6020,$6276,$196,$3285,$262,$3688,$3884,$1,$-749,$0,$2392,$6276,$298,$216,$-65,$151,$2,$0,$0,$-3,$13,$459,$-519,$0,$-301,$0,$-1,$-1,$-17,$-837,$354,$41,$395,$119,$264,$-283,$-6,$369,$-8,$0,$-283
4,2017-09-30,121.26,$32.30,3.75,$11.66,10.4,$0.41,296.27,$4.10,29.58,$0.25B,$0.21B,1.23,$3.26B,$2.17B,1.5,$0.84B,$0.57B,68.58%,$0.84B,$0.33B,39.67%,$0.84B,$0.33B,39.67%,$0.84B,$0.54B,64.64%,$0.84B,$0.24B,28.08%,$0.84B,$0.30B,35.36%,$0.30B,$2.33B,13.81%,$0.30B,$2.33B,13.81%,$0.30B,$6.22B,5.12%,$0.33B,$5.60B,6.39%,$218,$69,$149,$0,$9,$133,$84,$-26,$58,$0,$58,$58,$107,$140,$84,$72,72,$1.47,$1.47,$23,$0,$0,$254,$5700,$0,$0,$267,$5967,$6221,$206,$3263,$266,$3681,$3887,$1,$-725,$-1,$2334,$6221,$245,$160,$-70,$90,$-2,$0,$0,$-1,$10,$339,$-261,$0,$-438,$0,$-1,$-1,$-10,$-709,$-55,$441,$386,$51,$197,$-211,$-4,$368,$-2,$0,$-211
5,2017-06-30,122.4,$28.88,4.24,$11.45,10.69,$-0.82,0.0,$3.45,35.48,$0.30B,$0.19B,1.55,$3.14B,$2.08B,1.51,$0.82B,$0.56B,68.66%,$0.82B,$0.33B,40.00%,$0.82B,$0.33B,40.00%,$0.82B,$0.53B,64.63%,$0.82B,$0.23B,28.41%,$0.82B,$0.25B,30.24%,$0.25B,$2.09B,11.94%,$0.25B,$2.09B,11.94%,$0.25B,$5.80B,4.45%,$0.33B,$5.23B,6.54%,$208,$64,$144,$0,$9,$125,$83,$-24,$59,$0,$59,$59,$76,$136,$83,$72,72,$1.05,$1.05,$96,$0,$0,$296,$5283,$0,$0,$225,$5508,$5804,$190,$3143,$231,$3526,$3717,$1,$-759,$-1,$2087,$5804,$136,$104,$-19,$85,$3,$0,$0,$15,$19,$239,$-263,$0,$-118,$0,$-0,$-0,$-5,$-387,$-54,$399,$345,$17,$17,$-140,$-1,$221,$73,$0,$-140
6,2017-03-31,128.27,$28.75,4.46,$11.36,11.3,$0.04,2869.67,$3.18,40.34,$0.17B,$0.19B,0.86,$3.01B,$2.07B,1.46,$0.81B,$0.56B,68.77%,$0.81B,$0.33B,40.12%,$0.81B,$0.33B,40.12%,$0.81B,$0.52B,64.57%,$0.81B,$0.23B,28.52%,$0.81B,$0.23B,28.15%,$0.23B,$2.08B,11.06%,$0.23B,$2.08B,11.06%,$0.23B,$5.66B,4.21%,$0.33B,$5.09B,6.66%,$207,$66,$141,$0,$8,$126,$82,$-24,$58,$0,$58,$58,$56,$133,$82,$72,72,$0.78,$0.78,$20,$0,$0,$166,$5249,$0,$0,$241,$5490,$5656,$192,$3013,$233,$3387,$3579,$1,$-764,$-1,$2077,$5656,$58,$51,$-0,$51,$4,$0,$0,$8,$16,$124,$-135,$0,$-141,$0,$-0,$-0,$-3,$-279,$-2,$217,$215,$17,$17,$-70,$-9,$154,$-1,$0,$-70
7,2016-12-31,135.5,$28.83,4.7,$11.31,11.98,$0.72,187.11,$3.50,38.71,$0.17B,$0.20B,0.84,$2.80B,$2.07B,1.36,$0.80B,$0.55B,68.54%,$0.80B,$0.32B,39.95%,$0.80B,$0.32B,39.95%,$0.80B,$0.52B,64.29%,$0.80B,$0.23B,28.21%,$0.80B,$0.25B,31.09%,$0.25B,$2.08B,12.24%,$0.25B,$2.08B,12.24%,$0.25B,$5.42B,4.71%,$0.32B,$4.87B,6.71%,$204,$64,$140,$0,$8,$121,$83,$-24,$60,$0,$60,$60,$57,$132,$83,$71,71,$0.80,$0.80,$23,$0,$0,$170,$5030,$0,$0,$223,$5253,$5423,$202,$2798,$204,$3146,$3347,$1,$-750,$-3,$2076,$5423,$259,$194,$-33,$161,$2,$0,$0,$-6,$3,$424,$-437,$0,$-143,$0,$-7,$-7,$-3,$-590,$192,$-57,$135,$329,$329,$-268,$-28,$169,$2,$0,$-268
8,2016-09-30,145.75,$28.85,5.05,$11.23,12.98,$2.17,67.18,$3.67,39.71,$0.25B,$0.18B,1.37,$2.81B,$2.06B,1.36,$0.79B,$0.54B,68.23%,$0.79B,$0.31B,39.62%,$0.79B,$0.31B,39.62%,$0.79B,$0.51B,63.92%,$0.79B,$0.22B,27.72%,$0.79B,$0.26B,32.78%,$0.26B,$2.07B,13.21%,$0.26B,$2.07B,13.21%,$0.26B,$5.40B,5.03%,$0.31B,$4.88B,6.73%,$201,$64,$138,$0,$8,$121,$80,$-24,$56,$0,$56,$56,$59,$129,$80,$71,71,$0.82,$0.82,$101,$0,$0,$251,$4916,$0,$0,$230,$5146,$5397,$184,$2810,$207,$3142,$3326,$1,$-737,$-5,$2071,$5397,$199,$145,$-32,$113,$-4,$0,$0,$-27,$-19,$293,$-304,$0,$-135,$0,$-3,$-3,$4,$-438,$-39,$188,$149,$300,$300,$-198,$-26,$225,$80,$0,$-198
9,2016-06-30,155.76,$28.33,5.5,$11.09,14.04,$3.13,49.79,$3.60,43.27,$0.18B,$0.17B,1.02,$2.67B,$2.01B,1.32,$0.77B,$0.53B,68.48%,$0.77B,$0.31B,39.92%,$0.77B,$0.31B,39.92%,$0.77B,$0.50B,64.08%,$0.77B,$0.22B,28.17%,$0.77B,$0.25B,32.56%,$0.25B,$2.02B,13.35%,$0.25B,$2.02B,13.35%,$0.25B,$5.19B,5.04%,$0.31B,$4.69B,6.85%,$198,$60,$138,$0,$9,$118,$80,$-23,$57,$0,$57,$57,$56,$129,$80,$71,71,$0.79,$0.78,$19,$0,$0,$175,$4807,$0,$0,$207,$5014,$5188,$172,$2665,$202,$2994,$3165,$1,$-726,$-7,$2023,$5188,$138,$96,$-28,$69,$1,$0,$0,$-5,$-3,$204,$-166,$0,$-130,$0,$-2,$-2,$-3,$-301,$-37,$42,$4,$245,$245,$-131,$-24,$95,$-2,$0,$-131
10,2016-03-31,145.95,$27.79,5.25,$10.94,13.34,$3.00,48.62,$3.45,42.3,$0.18B,$0.17B,1.06,$2.66B,$1.96B,1.36,$0.76B,$0.52B,68.69%,$0.76B,$0.31B,40.29%,$0.76B,$0.31B,40.29%,$0.76B,$0.49B,64.20%,$0.76B,$0.20B,25.76%,$0.76B,$0.24B,31.57%,$0.24B,$1.97B,13.15%,$0.24B,$1.97B,13.15%,$0.24B,$5.13B,4.89%,$0.31B,$4.63B,6.92%,$198,$66,$133,$0,$8,$121,$77,$-24,$53,$0,$53,$53,$77,$125,$77,$70,70,$1.10,$1.10,$20,$0,$0,$175,$4742,$0,$0,$209,$4950,$5125,$165,$2659,$206,$2991,$3157,$1,$-714,$-7,$1969,$5125,$79,$48,$-26,$22,$-1,$0,$0,$-1,$3,$105,$-68,$0,$-130,$0,$-1,$-1,$-3,$-202,$-1,$-1,$-2,$182,$182,$-65,$-19,$95,$-1,$0,$-65
11,2015-12-31,135.82,$25.64,5.3,$10.80,12.57,$2.72,50.01,$3.02,44.97,$0.17B,$0.15B,1.18,$2.63B,$1.77B,1.48,$0.74B,$0.51B,68.55%,$0.74B,$0.30B,40.32%,$0.74B,$0.30B,40.32%,$0.74B,$0.48B,63.84%,$0.74B,$0.19B,25.54%,$0.74B,$0.21B,27.96%,$0.21B,$1.78B,11.90%,$0.21B,$1.78B,11.90%,$0.21B,$4.90B,4.33%,$0.30B,$4.41B,6.92%,$193,$62,$130,$0,$8,$117,$76,$-23,$53,$0,$53,$53,$67,$122,$76,$69,69,$0.99,$0.98,$21,$0,$0,$173,$4490,$0,$0,$233,$4723,$4897,$147,$2627,$204,$2968,$3115,$1,$-725,$-4,$1782,$4897,$218,$175,$-11,$164,$-9,$0,$0,$-3,$-13,$369,$-283,$0,$-57,$0,$-3,$-3,$-12,$-354,$56,$54,$109,$111,$111,$-243,$-19,$-42,$-27,$0,$-243
12,2015-09-30,126.05,$25.60,4.92,$10.63,11.86,$1.24,101.5,$2.56,49.24,$0.17B,$0.16B,1.08,$2.53B,$1.77B,1.43,$0.73B,$0.50B,69.19%,$0.73B,$0.30B,40.72%,$0.73B,$0.30B,40.72%,$0.73B,$0.47B,64.37%,$0.73B,$0.17B,23.93%,$0.73B,$0.18B,24.07%,$0.18B,$1.78B,10.14%,$0.18B,$1.78B,10.14%,$0.18B,$4.78B,3.71%,$0.30B,$4.31B,6.96%,$185,$56,$129,$0,$9,$109,$76,$-21,$55,$0,$55,$55,$52,$120,$76,$69,69,$0.75,$0.75,$13,$0,$0,$166,$4371,$0,$0,$247,$4617,$4784,$155,$2533,$197,$2851,$3006,$1,$-727,$-7,$1778,$4784,$148,$128,$7,$135,$-15,$0,$0,$-9,$-23,$261,$-205,$0,$-75,$0,$-2,$-2,$-5,$-286,$-381,$456,$75,$101,$101,$-178,$-8,$-10,$-35,$0,$-178
13,2015-06-30,117.51,$25.20,4.66,$10.47,11.22,$0.01,9792.22,$2.50,47.0,$0.18B,$0.14B,1.3,$2.54B,$1.73B,1.47,$0.71B,$0.49B,69.14%,$0.71B,$0.29B,40.39%,$0.71B,$0.29B,40.39%,$0.71B,$0.46B,64.24%,$0.71B,$0.16B,23.00%,$0.71B,$0.17B,23.84%,$0.17B,$1.74B,10.02%,$0.17B,$1.74B,10.02%,$0.17B,$4.73B,3.67%,$0.29B,$4.28B,6.88%,$181,$53,$128,$0,$9,$105,$76,$-42,$34,$0,$34,$34,$43,$119,$76,$69,69,$0.63,$0.63,$22,$0,$0,$179,$4336,$0,$0,$219,$4555,$4734,$138,$2540,$194,$2854,$2992,$1,$-714,$-5,$1742,$4734,$94,$85,$7,$92,$-8,$0,$0,$7,$-14,$174,$-146,$0,$-63,$0,$-0,$-0,$-7,$-216,$-233,$315,$83,$58,$58,$-119,$-5,$17,$-26,$0,$-119
14,2015-03-31,134.18,$24.64,5.45,$10.33,12.99,$-0.44,0.0,$2.51,53.46,$0.32B,$0.15B,2.16,$2.64B,$1.68B,1.57,$0.70B,$0.48B,68.86%,$0.70B,$0.28B,40.00%,$0.70B,$0.28B,40.00%,$0.70B,$0.45B,64.00%,$0.70B,$0.18B,25.00%,$0.70B,$0.17B,24.29%,$0.17B,$1.69B,10.20%,$0.17B,$1.69B,10.20%,$0.17B,$4.78B,3.73%,$0.28B,$4.33B,6.82%,$185,$62,$123,$0,$9,$113,$72,$-24,$48,$0,$48,$48,$46,$114,$72,$68,69,$0.67,$0.67,$171,$0,$0,$323,$4236,$0,$0,$221,$4457,$4781,$149,$2637,$184,$2939,$3089,$1,$-698,$-6,$1692,$4781,$48,$42,$-0,$42,$-7,$0,$0,$-4,$-9,$82,$-65,$0,$-26,$0,$-0,$-0,$-3,$-95,$198,$0,$198,$1,$1,$-59,$-2,$136,$123,$0,$-59
15,2014-12-31,120.93,$24.67,4.9,$10.19,11.87,$-0.75,0.0,$2.41,50.18,$0.19B,$0.15B,1.32,$2.41B,$1.68B,1.43,$0.69B,$0.47B,69.10%,$0.69B,$0.27B,39.50%,$0.69B,$0.27B,39.50%,$0.69B,$0.44B,64.29%,$0.69B,$0.17B,24.49%,$0.69B,$0.16B,23.76%,$0.16B,$1.69B,9.96%,$0.16B,$1.69B,9.96%,$0.16B,$4.55B,3.65%,$0.27B,$4.10B,6.75%,$176,$53,$123,$0,$8,$105,$72,$-34,$37,$0,$37,$37,$34,$115,$72,$67,67,$0.51,$0.51,$48,$0,$0,$192,$4142,$0,$0,$213,$4355,$4547,$146,$2410,$180,$2709,$2854,$1,$-684,$-4,$1693,$4547,$172,$171,$5,$176,$-3,$0,$0,$-4,$-3,$346,$-361,$0,$1,$0,$-7,$-7,$-30,$-396,$-229,$245,$16,$216,$216,$-215,$-8,$9,$-41,$0,$-215
16,2014-09-30,106.66,$24.39,4.37,$10.08,10.58,$-0.16,0.0,$2.32,45.97,$0.18B,$0.16B,1.12,$2.37B,$1.65B,1.43,$0.67B,$0.47B,68.99%,$0.67B,$0.26B,38.87%,$0.67B,$0.26B,38.87%,$0.67B,$0.43B,63.95%,$0.67B,$0.16B,23.89%,$0.67B,$0.16B,23.15%,$0.16B,$1.66B,9.87%,$0.16B,$1.66B,9.87%,$0.16B,$4.48B,3.56%,$0.26B,$4.03B,6.65%,$171,$52,$119,$0,$8,$103,$68,$-23,$45,$0,$45,$45,$47,$110,$68,$68,68,$0.69,$0.69,$24,$0,$0,$180,$4105,$0,$0,$194,$4300,$4479,$160,$2365,$182,$2658,$2818,$1,$-659,$-2,$1662,$4479,$135,$127,$-5,$122,$-16,$0,$0,$-6,$-17,$242,$-270,$0,$6,$0,$-7,$-7,$-10,$-281,$-29,$11,$-18,$154,$154,$-156,$-6,$-26,$-65,$0,$-156
17,2014-06-30,108.09,$24.00,4.5,$9.98,10.83,$0.83,129.63,$2.57,42.06,$0.19B,$0.17B,1.15,$2.36B,$1.61B,1.47,$0.66B,$0.46B,69.18%,$0.66B,$0.26B,39.12%,$0.66B,$0.26B,39.12%,$0.66B,$0.43B,64.20%,$0.66B,$0.16B,23.41%,$0.66B,$0.17B,25.83%,$0.17B,$1.62B,11.22%,$0.17B,$1.62B,11.22%,$0.17B,$4.43B,3.97%,$0.26B,$3.98B,6.70%,$168,$51,$117,$0,$8,$100,$68,$-23,$45,$0,$45,$45,$43,$109,$68,$67,67,$0.64,$0.64,$41,$0,$0,$194,$4060,$0,$0,$177,$4238,$4431,$169,$2358,$176,$2645,$2813,$1,$-647,$-4,$1618,$4431,$86,$85,$-0,$84,$-11,$0,$0,$9,$-1,$172,$-175,$0,$-4,$0,$-4,$-4,$-7,$-190,$-26,$0,$-26,$104,$104,$-104,$-4,$-30,$-48,$0,$-104
18,2014-03-31,101.88,$23.40,4.35,$9.89,10.3,$1.39,73.36,$2.50,40.75,$0.22B,$0.16B,1.42,$2.39B,$1.56B,1.53,$0.65B,$0.45B,69.59%,$0.65B,$0.25B,39.02%,$0.65B,$0.25B,39.02%,$0.65B,$0.42B,64.36%,$0.65B,$0.14B,21.97%,$0.65B,$0.17B,25.35%,$0.17B,$1.57B,11.26%,$0.17B,$1.57B,11.26%,$0.17B,$4.41B,3.91%,$0.25B,$3.97B,6.69%,$171,$56,$115,$0,$8,$107,$63,$-23,$41,$0,$41,$41,$39,$107,$63,$67,67,$0.58,$0.57,$76,$0,$0,$224,$4005,$0,$0,$177,$4182,$4406,$157,$2392,$172,$2674,$2831,$1,$-638,$-2,$1574,$4406,$41,$44,$-0,$44,$-7,$0,$0,$-2,$-7,$79,$-84,$0,$-0,$0,$0,$0,$-4,$-88,$-3,$0,$-3,$52,$52,$-52,$-1,$-4,$-13,$0,$-52
19,2013-12-31,89.43,$22.06,4.05,$9.76,9.16,$1.84,48.5,$2.46,36.35,$0.23B,$0.16B,1.47,$2.32B,$1.46B,1.59,$0.64B,$0.45B,70.33%,$0.64B,$0.25B,39.87%,$0.64B,$0.25B,39.87%,$0.64B,$0.42B,65.15%,$0.64B,$0.14B,21.51%,$0.64B,$0.16B,25.12%,$0.16B,$1.47B,11.39%,$0.16B,$1.47B,11.39%,$0.16B,$4.22B,3.91%,$0.25B,$3.79B,6.89%,$164,$50,$114,$0,$9,$100,$63,$-34,$30,$0,$30,$30,$27,$105,$63,$65,65,$0.43,$0.42,$89,$0,$0,$229,$3799,$0,$0,$191,$3990,$4219,$156,$2322,$165,$2592,$2748,$1,$-624,$-1,$1471,$4219,$168,$161,$-17,$144,$-6,$0,$0,$1,$0,$314,$-290,$0,$-44,$0,$0,$0,$-11,$-345,$-466,$562,$96,$187,$187,$-193,$-7,$83,$52,$0,$-193
20,2013-09-30,88.78,$21.67,4.1,$9.67,9.18,$3.28,27.05,$2.62,33.89,$0.27B,$0.16B,1.68,$2.31B,$1.42B,1.62,$0.63B,$0.44B,70.38%,$0.63B,$0.26B,40.76%,$0.63B,$0.26B,40.76%,$0.63B,$0.41B,65.29%,$0.63B,$0.15B,23.09%,$0.63B,$0.17B,27.07%,$0.17B,$1.43B,12.45%,$0.17B,$1.43B,12.45%,$0.17B,$4.16B,4.24%,$0.26B,$3.74B,7.07%,$159,$47,$112,$0,$8,$94,$65,$-25,$39,$0,$39,$39,$62,$104,$65,$66,66,$0.94,$0.94,$128,$0,$0,$270,$3711,$0,$0,$178,$3889,$4159,$161,$2306,$168,$2568,$2728,$1,$-600,$-4,$1431,$4159,$138,$120,$-30,$90,$-10,$0,$0,$1,$-4,$227,$-189,$0,$-4,$0,$0,$0,$-8,$-201,$97,$-2,$95,$118,$118,$-142,$-6,$66,$91,$0,$-142
21,2013-06-30,90.06,$21.07,4.27,$9.70,9.29,$4.00,22.51,$2.28,39.5,$0.25B,$0.14B,1.79,$2.31B,$1.37B,1.68,$0.63B,$0.44B,70.29%,$0.63B,$0.26B,41.21%,$0.63B,$0.26B,41.21%,$0.63B,$0.41B,65.18%,$0.63B,$0.15B,23.16%,$0.63B,$0.15B,23.32%,$0.15B,$1.38B,10.93%,$0.15B,$1.38B,10.93%,$0.15B,$4.09B,3.72%,$0.26B,$3.69B,7.25%,$157,$46,$112,$0,$8,$94,$63,$-30,$33,$0,$33,$33,$37,$103,$63,$65,65,$0.57,$0.57,$108,$0,$0,$248,$3665,$0,$0,$172,$3837,$4085,$139,$2310,$158,$2562,$2701,$1,$-611,$-2,$1384,$4085,$75,$80,$-6,$75,$-8,$0,$0,$3,$-5,$147,$-113,$0,$-39,$0,$0,$0,$-6,$-158,$-170,$269,$100,$83,$83,$-94,$-6,$83,$71,$0,$-94
22,2013-03-31,93.17,$20.44,4.56,$9.60,9.71,$4.77,19.53,$2.22,41.97,$0.16B,$0.13B,1.3,$2.20B,$1.32B,1.66,$0.62B,$0.43B,70.02%,$0.62B,$0.26B,41.65%,$0.62B,$0.26B,41.65%,$0.62B,$0.40B,65.15%,$0.62B,$0.15B,23.66%,$0.62B,$0.14B,22.85%,$0.14B,$1.33B,10.80%,$0.14B,$1.33B,10.80%,$0.14B,$3.91B,3.69%,$0.26B,$3.53B,7.39%,$157,$47,$110,$0,$7,$95,$63,$-27,$35,$0,$35,$35,$34,$103,$63,$65,65,$0.53,$0.53,$31,$0,$0,$164,$3567,$0,$0,$174,$3742,$3906,$127,$2196,$156,$2446,$2572,$1,$-600,$-11,$1334,$3906,$36,$41,$-0,$40,$-2,$0,$0,$-7,$-10,$68,$-43,$0,$0,$0,$0,$0,$-3,$-46,$-12,$0,$-12,$33,$33,$-47,$-1,$-28,$-6,$0,$-47
23,2012-12-31,89.08,$20.22,4.41,$9.47,9.4,$4.90,18.19,$2.36,37.75,$0.17B,$0.12B,1.38,$2.21B,$1.30B,1.7,$0.61B,$0.43B,70.30%,$0.61B,$0.26B,42.08%,$0.61B,$0.26B,42.08%,$0.61B,$0.40B,65.35%,$0.61B,$0.14B,23.60%,$0.61B,$0.15B,24.75%,$0.15B,$1.31B,11.64%,$0.15B,$1.31B,11.64%,$0.15B,$3.90B,3.99%,$0.26B,$3.52B,7.41%,$155,$47,$108,$0,$8,$90,$65,$-27,$38,$0,$38,$38,$37,$100,$65,$64,64,$0.58,$0.57,$37,$0,$0,$166,$3555,$0,$0,$177,$3732,$3899,$121,$2209,$164,$2467,$2588,$1,$-587,$-12,$1311,$3899,$156,$142,$-14,$128,$7,$0,$0,$-3,$8,$297,$-181,$0,$-81,$0,$0,$0,$-12,$-274,$-223,$245,$22,$112,$112,$-178,$-10,$-54,$-31,$0,$-178
24,2012-09-30,89.55,$20.30,4.41,$9.29,9.64,$4.72,18.98,$2.26,39.62,$0.29B,$0.12B,2.36,$2.18B,$1.30B,1.67,$0.59B,$0.42B,70.22%,$0.59B,$0.25B,41.62%,$0.59B,$0.25B,41.62%,$0.59B,$0.38B,64.97%,$0.59B,$0.14B,23.01%,$0.59B,$0.14B,24.20%,$0.14B,$1.31B,11.25%,$0.14B,$1.31B,11.25%,$0.14B,$3.80B,3.86%,$0.25B,$3.49B,7.24%,$157,$47,$110,$0,$9,$90,$67,$-27,$39,$0,$39,$39,$38,$102,$67,$64,64,$0.60,$0.60,$148,$0,$0,$285,$3346,$0,$0,$173,$3519,$3804,$121,$2178,$111,$2371,$2492,$1,$-577,$-13,$1312,$3804,$117,$107,$-13,$94,$-2,$0,$0,$-9,$-6,$209,$-126,$0,$-9,$0,$0,$0,$-8,$-143,$59,$0,$59,$94,$94,$-131,$-7,$14,$80,$0,$-131
25,2012-06-30,87.92,$19.76,4.45,$9.02,9.74,$4.75,18.5,$2.40,36.63,$0.22B,$0.11B,1.94,$2.11B,$1.26B,1.68,$0.57B,$0.40B,70.10%,$0.57B,$0.24B,41.26%,$0.57B,$0.24B,41.26%,$0.57B,$0.37B,64.86%,$0.57B,$0.13B,22.90%,$0.57B,$0.15B,26.57%,$0.15B,$1.27B,11.93%,$0.15B,$1.27B,11.93%,$0.15B,$3.68B,4.26%,$0.24B,$3.38B,7.17%,$148,$43,$104,$0,$7,$86,$62,$-28,$34,$0,$34,$34,$32,$97,$62,$64,64,$0.51,$0.51,$83,$0,$0,$215,$3307,$0,$0,$159,$3466,$3681,$111,$2110,$112,$2304,$2414,$1,$-569,$-10,$1266,$3681,$78,$72,$-13,$59,$2,$0,$0,$6,$10,$150,$-68,$0,$0,$0,$0,$0,$-5,$-73,$-8,$0,$-8,$40,$40,$-87,$-6,$-62,$15,$0,$-87
26,2012-03-31,81.2,$19.81,4.1,$8.90,9.12,$4.49,18.08,$2.44,33.28,$0.20B,$0.09B,2.18,$2.12B,$1.26B,1.68,$0.56B,$0.39B,70.18%,$0.56B,$0.23B,41.25%,$0.56B,$0.23B,41.25%,$0.56B,$0.36B,64.82%,$0.56B,$0.13B,23.39%,$0.56B,$0.15B,27.50%,$0.15B,$1.27B,12.09%,$0.15B,$1.27B,12.09%,$0.15B,$3.67B,4.46%,$0.23B,$3.38B,7.21%,$146,$42,$104,$0,$7,$86,$61,$-28,$32,$0,$32,$32,$43,$97,$61,$63,64,$0.67,$0.67,$69,$0,$0,$201,$3302,$0,$0,$166,$3468,$3669,$92,$2115,$113,$2310,$2403,$1,$-557,$-3,$1266,$3669,$44,$37,$-12,$24,$1,$0,$0,$-0,$-1,$69,$-37,$0,$0,$0,$0,$0,$-2,$-39,$-3,$0,$-3,$22,$22,$-43,$-4,$-29,$1,$0,$-43
27,2011-12-31,75.59,$19.52,3.87,$8.83,8.56,$4.24,17.83,$2.27,33.3,$0.20B,$0.11B,1.91,$2.11B,$1.23B,1.72,$0.55B,$0.38B,69.20%,$0.55B,$0.23B,40.94%,$0.55B,$0.23B,40.94%,$0.55B,$0.35B,63.95%,$0.55B,$0.13B,23.73%,$0.55B,$0.14B,25.72%,$0.14B,$1.24B,11.25%,$0.14B,$1.24B,11.25%,$0.14B,$3.67B,4.25%,$0.23B,$3.35B,7.26%,$140,$43,$97,$0,$9,$84,$56,$-25,$31,$0,$31,$31,$30,$88,$56,$62,63,$0.50,$0.49,$68,$0,$0,$200,$3299,$0,$0,$168,$3467,$3666,$105,$2110,$125,$2321,$2426,$1,$-556,$-4,$1241,$3666,$150,$127,$-19,$107,$2,$0,$0,$-3,$-16,$245,$-142,$0,$-80,$0,$-7,$-7,$33,$-196,$105,$-81,$24,$155,$155,$-167,$-8,$4,$52,$0,$-167
28,2011-09-30,68.13,$20.84,3.27,$8.83,7.71,$5.34,12.76,$2.32,29.37,$0.16B,$0.09B,1.75,$1.73B,$1.31B,1.32,$0.55B,$0.38B,69.22%,$0.55B,$0.23B,41.53%,$0.55B,$0.23B,41.53%,$0.55B,$0.35B,64.48%,$0.55B,$0.13B,24.41%,$0.55B,$0.14B,26.23%,$0.14B,$1.32B,11.70%,$0.14B,$1.32B,11.70%,$0.14B,$3.26B,4.48%,$0.23B,$3.05B,7.61%,$138,$42,$96,$0,$7,$81,$57,$-23,$34,$0,$34,$34,$47,$89,$57,$63,63,$0.74,$0.74,$22,$0,$0,$157,$2922,$0,$0,$177,$3098,$3255,$90,$1731,$111,$1842,$1932,$1,$-542,$0,$1323,$3255,$117,$95,$-18,$76,$-6,$0,$0,$0,$-23,$173,$-89,$0,$-6,$0,$-7,$-7,$1,$-101,$-164,$77,$-87,$154,$154,$-125,$-7,$-65,$6,$0,$-125
29,2011-06-30,69.85,$20.13,3.47,$8.82,7.92,$6.02,11.61,$2.06,33.91,$0.15B,$0.09B,1.74,$1.76B,$1.25B,1.4,$0.54B,$0.38B,68.93%,$0.54B,$0.23B,41.73%,$0.54B,$0.23B,41.73%,$0.54B,$0.35B,64.34%,$0.54B,$0.13B,24.08%,$0.54B,$0.13B,23.35%,$0.13B,$1.26B,10.61%,$0.13B,$1.26B,10.61%,$0.13B,$3.22B,3.99%,$0.23B,$3.02B,7.67%,$136,$41,$96,$0,$6,$79,$57,$-23,$34,$0,$34,$34,$34,$89,$57,$62,62,$0.55,$0.55,$20,$0,$0,$150,$2908,$0,$0,$162,$3070,$3221,$87,$1760,$110,$1870,$1957,$1,$-546,$0,$1264,$3221,$69,$63,$-3,$60,$-3,$0,$0,$8,$-11,$119,$-55,$0,$-18,$0,$-7,$-7,$3,$-77,$-161,$112,$-49,$97,$97,$-83,$-3,$-38,$4,$0,$-83
30,2011-03-31,66.37,$19.63,3.38,$8.81,7.53,$6.63,10.0,$2.01,33.02,$0.13B,$0.08B,1.57,$1.80B,$1.21B,1.49,$0.54B,$0.37B,68.76%,$0.54B,$0.23B,41.77%,$0.54B,$0.23B,41.77%,$0.54B,$0.35B,64.33%,$0.54B,$0.13B,23.66%,$0.54B,$0.12B,22.92%,$0.12B,$1.22B,10.51%,$0.12B,$1.22B,10.51%,$0.12B,$3.22B,3.93%,$0.23B,$3.03B,7.72%,$138,$45,$93,$0,$6,$81,$56,$-24,$32,$0,$32,$32,$31,$87,$56,$61,62,$0.50,$0.50,$10,$0,$0,$126,$2928,$0,$0,$163,$3091,$3217,$81,$1804,$111,$1915,$1996,$1,$-538,$0,$1222,$3217,$32,$31,$-1,$30,$-1,$0,$0,$2,$-17,$46,$-30,$0,$-19,$0,$-0,$-0,$-3,$-53,$-120,$115,$-5,$49,$49,$-41,$-1,$1,$-6,$0,$-41
31,2010-12-31,62.89,$18.13,3.47,$8.84,7.12,$7.14,8.81,$1.98,31.76,$0.13B,$0.10B,1.26,$1.77B,$1.11B,1.6,$0.54B,$0.37B,68.76%,$0.54B,$0.23B,42.33%,$0.54B,$0.23B,42.33%,$0.54B,$0.35B,64.51%,$0.54B,$0.13B,23.48%,$0.54B,$0.12B,22.55%,$0.12B,$1.12B,10.39%,$0.12B,$1.12B,10.39%,$0.12B,$3.16B,3.91%,$0.23B,$2.88B,7.91%,$137,$42,$95,$0,$7,$78,$58,$-25,$34,$0,$34,$34,$32,$89,$58,$61,61,$0.54,$0.53,$16,$0,$0,$130,$2861,$0,$0,$169,$3030,$3160,$103,$1767,$109,$1941,$2044,$1,$-528,$0,$1116,$3160,$128,$120,$0,$120,$7,$0,$0,$-2,$5,$257,$-89,$0,$-57,$0,$-17,$-17,$-24,$-187,$-252,$225,$-27,$7,$7,$-163,$-5,$-189,$-120,$0,$-163
32,2010-09-30,65.34,$19.31,3.38,$8.88,7.36,$6.99,9.35,$1.97,33.17,$0.13B,$0.11B,1.13,$1.72B,$1.18B,1.46,$0.54B,$0.37B,68.15%,$0.54B,$0.23B,43.15%,$0.54B,$0.23B,43.15%,$0.54B,$0.35B,65.00%,$0.54B,$0.13B,23.15%,$0.54B,$0.12B,22.59%,$0.12B,$1.19B,10.19%,$0.12B,$1.19B,10.19%,$0.12B,$3.13B,3.89%,$0.23B,$2.91B,7.97%,$133,$42,$91,$0,$6,$78,$56,$-25,$31,$0,$31,$31,$30,$85,$56,$61,61,$0.48,$0.48,$9,$0,$0,$127,$2835,$0,$0,$165,$3000,$3127,$112,$1721,$107,$1828,$1940,$1,$-519,$0,$1187,$3127,$94,$90,$1,$91,$2,$0,$0,$-6,$-6,$180,$-57,$0,$-18,$0,$-17,$-17,$-20,$-111,$-101,$27,$-74,$6,$6,$-122,$-4,$-195,$-126,$0,$-122
33,2010-06-30,55.77,$19.45,2.87,$8.89,6.28,$6.98,8.0,$1.94,28.75,$0.14B,$0.11B,1.3,$1.70B,$1.18B,1.43,$0.54B,$0.37B,68.59%,$0.54B,$0.24B,43.68%,$0.54B,$0.24B,43.68%,$0.54B,$0.35B,65.43%,$0.54B,$0.12B,22.86%,$0.54B,$0.12B,22.12%,$0.12B,$1.19B,9.88%,$0.12B,$1.19B,9.88%,$0.12B,$3.10B,3.69%,$0.24B,$2.89B,7.81%,$133,$40,$93,$0,$6,$77,$56,$-25,$31,$0,$31,$31,$31,$87,$56,$61,61,$0.50,$0.50,$24,$0,$0,$139,$2818,$0,$0,$147,$2965,$3104,$107,$1697,$105,$1802,$1909,$1,$-507,$0,$1194,$3104,$63,$60,$1,$61,$2,$0,$0,$4,$4,$129,$-29,$0,$0,$0,$-17,$-17,$-16,$-62,$-98,$-0,$-98,$3,$3,$-81,$-3,$-179,$-112,$0,$-81
34,2010-03-31,57.26,$19.57,2.93,$8.92,6.42,$6.95,8.24,$1.92,29.82,$0.14B,$0.10B,1.39,$1.69B,$1.19B,1.42,$0.54B,$0.37B,68.41%,$0.54B,$0.23B,43.74%,$0.54B,$0.23B,43.74%,$0.54B,$0.35B,65.42%,$0.54B,$0.12B,22.62%,$0.54B,$0.12B,21.68%,$0.12B,$1.20B,9.79%,$0.12B,$1.20B,9.79%,$0.12B,$3.10B,3.56%,$0.23B,$2.89B,7.70%,$138,$45,$93,$0,$5,$79,$59,$-28,$31,$0,$31,$31,$29,$88,$59,$61,61,$0.47,$0.47,$23,$0,$0,$135,$2826,$0,$0,$135,$2961,$3096,$97,$1691,$108,$1799,$1896,$1,$-498,$0,$1201,$3096,$31,$29,$3,$32,$2,$0,$0,$1,$-5,$58,$-11,$0,$0,$0,$0,$0,$-14,$-25,$-104,$-0,$-105,$1,$1,$-41,$-2,$-146,$-113,$0,$-41
35,2009-12-31,52.77,$19.74,2.67,$8.88,5.94,$6.91,7.63,$1.62,32.58,$0.26B,$0.11B,2.35,$1.79B,$1.20B,1.5,$0.53B,$0.36B,68.56%,$0.53B,$0.21B,39.58%,$0.53B,$0.21B,39.58%,$0.53B,$0.33B,61.55%,$0.53B,$0.10B,19.13%,$0.53B,$0.10B,18.37%,$0.10B,$1.21B,8.33%,$0.10B,$1.21B,8.33%,$0.10B,$3.22B,2.98%,$0.21B,$3.00B,6.89%,$136,$45,$91,$0,$6,$74,$62,$-30,$32,$0,$32,$32,$32,$91,$62,$60,60,$0.53,$0.53,$135,$0,$0,$256,$2821,$0,$0,$145,$2966,$3222,$109,$1794,$110,$1904,$2013,$1,$-486,$0,$1209,$3222,$104,$115,$16,$131,$7,$0,$0,$-0,$17,$257,$-102,$0,$-8,$0,$-7,$-7,$-10,$-127,$14,$24,$38,$116,$116,$-156,$-6,$-9,$120,$0,$-156
36,2009-09-30,47.37,$19.85,2.39,$8.86,5.34,$5.86,8.08,$1.67,28.36,$0.53B,$0.11B,4.79,$2.04B,$1.20B,1.7,$0.53B,$0.36B,68.76%,$0.53B,$0.20B,38.29%,$0.53B,$0.20B,38.29%,$0.53B,$0.32B,60.38%,$0.53B,$0.10B,18.86%,$0.53B,$0.10B,18.86%,$0.10B,$1.21B,8.61%,$0.10B,$1.21B,8.61%,$0.10B,$3.48B,3.07%,$0.20B,$3.26B,6.68%,$131,$39,$92,$0,$6,$73,$58,$-29,$29,$0,$29,$29,$27,$86,$58,$60,60,$0.45,$0.45,$408,$0,$0,$529,$2814,$0,$0,$137,$2951,$3480,$110,$2042,$113,$2156,$2266,$1,$-478,$0,$1214,$3480,$71,$87,$19,$106,$6,$0,$0,$0,$14,$194,$-74,$0,$2,$0,$0,$0,$-8,$-80,$262,$24,$286,$114,$114,$-116,$-5,$279,$393,$0,$-116
37,2009-06-30,39.36,$18.84,2.09,$8.92,4.41,$5.16,7.62,$1.85,21.27,$0.29B,$0.11B,2.62,$1.90B,$1.11B,1.72,$0.53B,$0.36B,68.06%,$0.53B,$0.20B,37.64%,$0.53B,$0.20B,37.64%,$0.53B,$0.32B,59.89%,$0.53B,$0.10B,19.20%,$0.53B,$0.11B,20.72%,$0.11B,$1.12B,9.69%,$0.11B,$1.12B,9.69%,$0.11B,$3.24B,3.48%,$0.20B,$3.01B,6.80%,$130,$40,$90,$0,$5,$75,$55,$-26,$29,$0,$29,$29,$28,$85,$55,$59,59,$0.48,$0.48,$170,$0,$0,$287,$2819,$0,$0,$129,$2948,$3235,$110,$1896,$114,$2010,$2120,$1,$-465,$0,$1115,$3235,$42,$58,$20,$78,$8,$0,$0,$11,$25,$146,$-51,$0,$2,$0,$0,$0,$-6,$-55,$265,$-124,$141,$3,$3,$-77,$-3,$64,$155,$0,$-77
38,2009-03-31,34.68,$18.98,1.83,$8.90,3.9,$4.60,7.54,$1.86,18.65,$0.14B,$0.11B,1.31,$1.75B,$1.11B,1.58,$0.53B,$0.36B,67.81%,$0.53B,$0.20B,37.52%,$0.53B,$0.20B,37.52%,$0.53B,$0.31B,59.24%,$0.53B,$0.10B,19.43%,$0.53B,$0.11B,20.95%,$0.11B,$1.12B,9.78%,$0.11B,$1.12B,9.78%,$0.11B,$3.09B,3.57%,$0.20B,$2.87B,6.90%,$131,$43,$89,$0,$5,$97,$34,$-23,$11,$0,$11,$11,$10,$63,$34,$59,59,$0.17,$0.17,$22,$0,$0,$141,$2828,$0,$0,$123,$2950,$3091,$107,$1751,$112,$1862,$1969,$1,$-455,$0,$1122,$3091,$12,$29,$20,$48,$5,$0,$0,$4,$12,$73,$-30,$0,$0,$0,$0,$0,$-1,$-31,$-13,$18,$5,$1,$1,$-38,$-2,$-34,$7,$0,$-38
39,2008-12-31,46.14,$19.44,2.37,$8.83,5.23,$4.15,11.12,$2.20,20.97,$0.14B,$0.09B,1.55,$1.75B,$1.14B,1.54,$0.52B,$0.35B,68.08%,$0.52B,$0.22B,41.73%,$0.52B,$0.22B,41.73%,$0.52B,$0.33B,63.08%,$0.52B,$0.12B,23.46%,$0.52B,$0.13B,25.00%,$0.13B,$1.15B,11.59%,$0.13B,$1.15B,11.59%,$0.13B,$3.09B,4.26%,$0.22B,$2.89B,7.69%,$133,$43,$90,$0,$7,$79,$54,$-24,$30,$0,$30,$30,$34,$83,$54,$59,59,$0.56,$0.56,$15,$0,$0,$135,$2827,$0,$0,$131,$2958,$3093,$87,$1746,$113,$1859,$1946,$1,$-427,$0,$1147,$3093,$135,$111,$-14,$97,$-6,$0,$0,$5,$-5,$228,$-138,$0,$-55,$0,$0,$0,$-15,$-208,$-39,$124,$84,$12,$12,$-146,$-6,$-56,$-35,$0,$-146
40,2008-09-30,62.93,$18.93,3.32,$8.78,7.16,$3.98,15.83,$3.77,16.69,$0.16B,$0.09B,1.72,$1.76B,$1.11B,1.59,$0.51B,$0.35B,68.36%,$0.51B,$0.22B,41.99%,$0.51B,$0.22B,41.99%,$0.51B,$0.32B,63.09%,$0.51B,$0.12B,22.85%,$0.51B,$0.22B,42.58%,$0.22B,$1.12B,19.57%,$0.22B,$1.12B,19.57%,$0.22B,$3.11B,7.20%,$0.22B,$2.87B,7.71%,$132,$42,$89,$0,$5,$76,$55,$-25,$31,$0,$31,$31,$37,$84,$55,$59,59,$0.63,$0.63,$49,$0,$0,$159,$2817,$0,$0,$136,$2953,$3112,$93,$1755,$116,$1902,$1995,$1,$-422,$0,$1117,$3112,$100,$82,$-9,$73,$-3,$0,$0,$4,$0,$175,$-98,$0,$-62,$0,$0,$0,$-7,$-167,$-36,$129,$93,$10,$10,$-108,$-4,$-9,$-2,$0,$-108
41,2008-06-30,50.36,$18.87,2.67,$8.73,5.77,$3.61,13.93,$3.55,14.18,$0.13B,$0.10B,1.27,$1.67B,$1.10B,1.51,$0.50B,$0.35B,68.85%,$0.50B,$0.21B,42.46%,$0.50B,$0.21B,42.46%,$0.50B,$0.32B,63.29%,$0.50B,$0.11B,22.22%,$0.50B,$0.20B,40.48%,$0.20B,$1.11B,19.43%,$0.20B,$1.11B,19.43%,$0.20B,$3.03B,6.84%,$0.21B,$2.78B,7.80%,$129,$40,$88,$0,$7,$75,$54,$-24,$30,$0,$30,$30,$29,$81,$54,$59,59,$0.49,$0.49,$20,$0,$0,$127,$2768,$0,$0,$132,$2899,$3027,$100,$1666,$117,$1815,$1915,$1,$-420,$-1,$1111,$3027,$62,$53,$-1,$52,$-2,$0,$0,$14,$9,$123,$-61,$0,$-43,$0,$0,$0,$-6,$-110,$-4,$29,$25,$6,$6,$-72,$-3,$-44,$-30,$0,$-72
42,2008-03-31,56.41,$18.93,2.98,$8.65,6.53,$3.28,17.21,$3.53,15.98,$0.13B,$0.10B,1.39,$1.64B,$1.10B,1.48,$0.49B,$0.34B,69.43%,$0.49B,$0.21B,43.12%,$0.49B,$0.21B,43.12%,$0.49B,$0.32B,64.37%,$0.49B,$0.11B,21.66%,$0.49B,$0.20B,40.89%,$0.20B,$1.11B,20.44%,$0.20B,$1.11B,20.44%,$0.20B,$2.98B,6.85%,$0.21B,$2.75B,7.83%,$126,$40,$87,$0,$7,$72,$54,$-24,$31,$0,$31,$31,$30,$80,$54,$59,59,$0.51,$0.51,$28,$0,$0,$133,$2716,$0,$0,$130,$2846,$2979,$96,$1636,$102,$1771,$1867,$1,$-413,$-1,$1112,$2979,$31,$25,$-0,$25,$-1,$0,$0,$2,$-4,$52,$-36,$0,$0,$0,$0,$0,$-3,$-39,$-2,$0,$-2,$2,$2,$-36,$-1,$-37,$-23,$0,$-36
43,2007-12-31,58.96,$19.01,3.1,$8.56,6.89,$3.45,17.09,$3.43,17.19,$0.15B,$0.10B,1.53,$1.64B,$1.11B,1.48,$0.48B,$0.34B,69.57%,$0.48B,$0.21B,43.27%,$0.48B,$0.21B,43.27%,$0.48B,$0.31B,65.01%,$0.48B,$0.10B,20.50%,$0.48B,$0.20B,40.37%,$0.20B,$1.12B,21.03%,$0.20B,$1.12B,21.03%,$0.20B,$2.99B,6.64%,$0.21B,$2.75B,7.72%,$125,$39,$86,$0,$8,$73,$52,$-27,$25,$0,$25,$30,$122,$78,$52,$56,56,$2.16,$2.16,$51,$0,$0,$152,$2696,$0,$0,$141,$2837,$2989,$99,$1638,$105,$1775,$1875,$1,$-407,$-1,$1115,$2989,$201,$106,$-96,$10,$-7,$0,$0,$12,$6,$214,$-137,$0,$14,$0,$-20,$-20,$-8,$-151,$-158,$102,$-56,$171,$171,$-131,$-7,$-24,$39,$0,$-131
44,2007-09-30,63.11,$15.23,4.14,$8.15,7.74,$3.33,18.95,$1.61,39.2,$0.11B,$0.10B,1.12,$1.84B,$0.85B,2.15,$0.46B,$0.32B,69.74%,$0.46B,$0.20B,43.42%,$0.46B,$0.20B,43.42%,$0.46B,$0.30B,66.45%,$0.46B,$0.10B,20.83%,$0.46B,$0.09B,19.96%,$0.09B,$0.86B,10.78%,$0.09B,$0.86B,10.78%,$0.09B,$2.93B,3.18%,$0.20B,$2.70B,7.51%,$124,$37,$86,$0,$7,$69,$54,$-28,$26,$0,$26,$24,$23,$80,$54,$56,57,$0.42,$0.41,$10,$0,$0,$111,$2675,$0,$0,$144,$2819,$2930,$99,$1835,$99,$1968,$2068,$1,$-494,$-1,$862,$2930,$73,$79,$4,$84,$-5,$0,$0,$6,$4,$159,$-106,$0,$2,$0,$-20,$-20,$-6,$-130,$-6,$70,$64,$7,$7,$-97,$-5,$-30,$-1,$0,$-97
45,2007-06-30,54.66,$15.34,3.56,$8.07,6.77,$3.53,15.47,$1.61,33.95,$0.11B,$0.09B,1.15,$1.81B,$0.86B,2.12,$0.44B,$0.31B,70.27%,$0.44B,$0.19B,43.69%,$0.44B,$0.19B,43.69%,$0.44B,$0.30B,66.89%,$0.44B,$0.10B,21.40%,$0.44B,$0.09B,20.27%,$0.09B,$0.87B,10.46%,$0.09B,$0.87B,10.46%,$0.09B,$2.90B,3.23%,$0.19B,$2.68B,7.54%,$119,$35,$84,$0,$6,$66,$53,$-28,$25,$0,$25,$24,$27,$80,$53,$56,57,$0.47,$0.47,$12,$0,$0,$105,$2656,$0,$0,$139,$2796,$2901,$92,$1813,$93,$1945,$2036,$1,$-482,$-1,$865,$2901,$50,$53,$0,$54,$0,$0,$0,$9,$9,$110,$-70,$0,$2,$0,$-20,$-20,$-5,$-93,$-4,$49,$45,$5,$5,$-64,$-3,$-17,$0,$0,$-64
46,2007-03-31,63.64,$15.39,4.14,$8.01,7.95,$3.63,17.55,$1.80,35.36,$0.11B,$0.10B,1.12,$1.83B,$0.86B,2.13,$0.43B,$0.31B,70.51%,$0.43B,$0.19B,43.78%,$0.43B,$0.19B,43.78%,$0.43B,$0.29B,66.82%,$0.43B,$0.09B,21.66%,$0.43B,$0.10B,22.58%,$0.10B,$0.87B,11.69%,$0.10B,$0.87B,11.69%,$0.10B,$2.93B,3.70%,$0.19B,$2.70B,7.77%,$115,$35,$80,$0,$6,$65,$50,$-27,$23,$0,$23,$22,$23,$76,$50,$55,56,$0.42,$0.41,$16,$0,$0,$108,$2680,$0,$0,$142,$2822,$2929,$96,$1829,$99,$1966,$2062,$1,$-477,$-2,$867,$2929,$23,$26,$1,$27,$-2,$0,$0,$3,$6,$56,$-31,$0,$-25,$0,$-22,$-22,$-2,$-79,$-2,$60,$58,$2,$2,$-32,$-1,$27,$4,$0,$-32
47,2006-12-31,59.32,$14.17,4.19,$7.98,7.43,$3.63,16.33,$1.92,30.9,$0.10B,$0.10B,1.02,$1.70B,$0.78B,2.16,$0.43B,$0.30B,70.73%,$0.43B,$0.19B,43.79%,$0.43B,$0.19B,43.79%,$0.43B,$0.29B,66.74%,$0.43B,$0.09B,22.01%,$0.43B,$0.10B,24.12%,$0.10B,$0.78B,12.65%,$0.10B,$0.78B,12.65%,$0.10B,$2.69B,4.11%,$0.19B,$2.48B,8.08%,$98,$30,$68,$0,$6,$57,$41,$-20,$21,$0,$21,$20,$18,$67,$41,$53,54,$0.32,$0.32,$11,$0,$0,$100,$2464,$0,$0,$125,$2589,$2689,$98,$1697,$88,$1807,$1905,$1,$-467,$-2,$784,$2689,$119,$98,$-20,$78,$-4,$0,$0,$-11,$-12,$187,$-120,$0,$-185,$0,$-5,$-5,$-8,$-317,$64,$191,$255,$161,$26,$-143,$-5,$134,$3,$0,$-143
