,Date,Stock Price,Book Value per Share,Price to Book Ratio,TTM Sales per Share,Price to Sales Ratio,TTM FCF per Share,Price to FCF Ratio,TTM Net EPS,PE Ratio,Current Assets,Current Liabilities,Current Ratio,Long Term Debt,Shareholder's Equity_x,Debt to Equity Ratio,TTM Revenue_x,TTM Gross Profit,Gross Margin,TTM Revenue_y,TTM Operating Income,Operating Margin,TTM Revenue_x,TTM EBIT,EBIT Margin,TTM Revenue_y,TTM EBITDA,EBITDA Margin,TTM Revenue_x,TTM Pre-Tax Income,Pre-Tax Margin,TTM Revenue_y,TTM Net Income_x,Net Margin,TTM Net Income_y,Shareholder's Equity_y,Return on Equity,TTM Net Income_x,Tangible Equity,Return on Tangible Equity,TTM Net Income_y,Total Assets,Return on Assets,TTM Net Income,LT Investments & Debt,Return on Investment,revenue,cost-goods-sold,gross-profit,research-development-expenses,selling-general-administrative-expenses,operating-expenses,operating-income,total-non-operating-income-expense,pre-tax-income,total-provision-income-taxes,income-after-taxes,income-from-continuous-operations,net-income,ebitda,ebit,basic-shares-outstanding,shares-outstanding,eps-basic-net-earnings-per-share,eps-earnings-per-share-diluted,cash-on-hand,inventory,other-current-assets,total-current-assets,net-property-plant-equipment,long-term-investments,goodwill-intangible-assets-total,other-long-term-assets,total-long-term-assets,total-assets,total-current-liabilities,long-term-debt,other-non-current-liabilities,total-long-term-liabilities,total-liabilities,common-stock-net,retained-earnings-accumulated-deficit,comprehensive-income,total-share-holder-equity,total-liabilities-share-holders-equity,net-income-loss,total-depreciation-amortization-cash-flow,other-non-cash-items,total-non-cash-items,change-in-accounts-receivable,change-in-inventories,change-in-accounts-payable,change-in-assets-liabilities,total-change-in-assets-liabilities,cash-flow-from-operating-activities,net-change-in-property-plant-equipment,net-change-in-intangible-assets,net-acquisitions-divestitures,net-change-in-short-term-investments,net-change-in-long-term-investments,net-change-in-investments-total,investing-activities-other,cash-flow-from-investing-activities,net-long-term-debt,net-current-debt,debt-issuance-retirement-net-total,net-common-equity-issued-repurchased,net-total-equity-issued-repurchased,total-common-preferred-stock-dividends-paid,financial-activities-other,cash-flow-from-financial-activities,net-cash-flow,stock-based-compensation,common-stock-dividends-paid
0,2018-06-30,73.49,$43.14,1.7,$21.70,3.39,$12.19,6.03,$4.43,16.59,$0.77B,$0.85B,0.92,$0.09B,$0.10B,0.91,$0.05B,$0.05B,90.20%,$0.05B,$0.01B,27.45%,$0.05B,0,0.00%,$0.05B,0,0.00%,$0.05B,$0.01B,27.45%,$0.05B,$0.01B,19.61%,$0.01B,$0.10B,10.44%,$0.01B,$0.09B,11.70%,$0.01B,$1.04B,1.03%,$0.01B,$0.19B,6.33%,$14,$2,$13,$0,$8,$10,$4,$0,$4,$1,$4,$4,$3,$0,$0,$2,2,$1.37,$1.31,$50,$0,$0,$774,$13,$211,$12,$26,$261,$1035,$846,$90,$0,$90,$936,$0,$74,$2,$99,$1035,$9,$1,$11,$12,$-1,$0,$0,$-0,$-1,$20,$-0,$0,$7,$-0,$7,$7,$-74,$-61,$-28,$0,$-28,$0,$0,$-1,$73,$44,$4,$0,$-1
1,2018-03-31,69.35,$42.05,1.65,$20.20,3.43,$1.39,49.77,$4.16,16.67,$0.77B,$0.77B,1.0,$0.14B,$0.10B,1.51,$0.05B,$0.04B,89.58%,$0.05B,$0.01B,27.08%,$0.05B,0,0.00%,$0.05B,0,0.00%,$0.05B,$0.01B,27.08%,$0.05B,$0.01B,18.75%,$0.01B,$0.10B,9.60%,$0.01B,$0.08B,10.65%,$0.01B,$1.01B,0.97%,$0.01B,$0.24B,5.86%,$13,$1,$11,$0,$9,$10,$3,$0,$3,$0,$2,$2,$2,$0,$0,$2,2,$0.73,$0.69,$57,$0,$0,$766,$13,$192,$12,$26,$243,$1009,$768,$144,$0,$144,$913,$0,$71,$2,$96,$1009,$6,$1,$8,$9,$-0,$0,$0,$-4,$-4,$11,$-0,$0,$7,$-0,$26,$26,$-62,$-29,$26,$0,$26,$0,$0,$-0,$-3,$23,$5,$0,$-0
2,2017-12-31,56.77,$42.37,1.34,$19.14,2.97,$-4.24,0.0,$4.41,12.87,$0.71B,$0.68B,1.04,$0.15B,$0.10B,1.57,$0.05B,$0.04B,91.11%,$0.05B,$0.01B,28.89%,$0.05B,0,0.00%,$0.05B,0,0.00%,$0.05B,$0.01B,28.89%,$0.05B,$0.01B,20.00%,$0.01B,$0.10B,9.81%,$0.01B,$0.09B,10.81%,$0.01B,$0.93B,1.02%,$0.01B,$0.25B,6.13%,$12,$1,$11,$0,$7,$8,$4,$0,$4,$1,$3,$3,$3,$0,$0,$2,2,$1.53,$1.44,$58,$0,$0,$708,$11,$179,$9,$23,$222,$930,$684,$150,$0,$150,$835,$0,$71,$3,$95,$930,$3,$0,$-1,$-0,$-1,$0,$0,$-2,$-3,$1,$0,$0,$0,$-0,$-2,$-3,$-31,$-33,$32,$0,$32,$0,$0,$-0,$6,$37,$5,$0,$-0
3,2017-09-30,53.03,$41.53,1.28,$18.15,2.92,$-8.87,0.0,$3.97,13.36,$0.67B,$0.68B,0.98,$0.12B,$0.09B,1.27,$0.04B,$0.04B,90.70%,$0.04B,$0.01B,27.91%,$0.04B,0,0.00%,$0.04B,0,0.00%,$0.04B,$0.01B,27.91%,$0.04B,$0.01B,18.60%,$0.01B,$0.09B,8.96%,$0.01B,$0.08B,9.94%,$0.01B,$0.89B,0.93%,$0.01B,$0.21B,6.05%,$12,$1,$11,$0,$7,$9,$3,$0,$3,$1,$2,$2,$2,$0,$0,$2,2,$1.05,$0.99,$51,$0,$0,$666,$11,$181,$9,$24,$225,$891,$679,$118,$0,$118,$798,$0,$68,$4,$93,$891,$9,$2,$-14,$-12,$-1,$0,$0,$1,$1,$-2,$-0,$0,$0,$-0,$-6,$-6,$-72,$-78,$-4,$0,$-4,$0,$0,$-1,$90,$85,$5,$0,$-1
4,2017-06-30,52.28,$40.73,1.28,$17.91,2.92,$-2.97,0.0,$4.20,12.45,$0.65B,$0.68B,0.95,$0.10B,$0.09B,1.1,$0.04B,$0.04B,90.48%,$0.04B,$0.01B,30.95%,$0.04B,0,0.00%,$0.04B,0,0.00%,$0.04B,$0.01B,30.95%,$0.04B,$0.01B,21.43%,$0.01B,$0.09B,10.26%,$0.01B,$0.08B,11.39%,$0.01B,$0.87B,1.08%,$0.01B,$0.19B,6.58%,$11,$1,$10,$0,$7,$8,$3,$0,$3,$1,$2,$2,$2,$0,$0,$2,2,$1.10,$1.04,$56,$0,$0,$650,$11,$181,$9,$23,$224,$874,$682,$100,$0,$100,$783,$0,$66,$4,$91,$874,$7,$1,$-13,$-11,$-1,$0,$0,$-1,$-1,$-6,$-0,$0,$0,$-0,$-5,$-6,$-49,$-54,$-22,$0,$-22,$0,$0,$-1,$94,$72,$12,$0,$-1
5,2017-03-31,48.12,$39.10,1.23,$15.42,3.12,$2.89,16.64,$4.13,11.65,$0.62B,$0.64B,0.97,$0.11B,$0.09B,1.29,$0.04B,$0.03B,88.89%,$0.04B,$0.01B,22.22%,$0.04B,0,0.00%,$0.04B,0,0.00%,$0.04B,$0.01B,22.22%,$0.04B,$0.01B,25.00%,$0.01B,$0.09B,10.47%,$0.01B,$0.08B,11.69%,$0.01B,$0.84B,1.11%,$0.01B,$0.20B,4.04%,$10,$1,$9,$0,$6,$7,$3,$0,$3,$0,$2,$2,$2,$0,$0,$2,2,$0.99,$0.94,$49,$0,$0,$618,$11,$178,$9,$24,$223,$841,$639,$113,$0,$113,$753,$0,$63,$3,$88,$841,$5,$1,$-7,$-6,$-0,$0,$0,$-1,$-1,$-2,$-0,$0,$0,$-0,$-4,$-5,$-31,$-36,$-9,$0,$-9,$0,$0,$-1,$52,$43,$4,$0,$-1
6,2016-12-31,46.29,$38.27,1.21,$14.77,3.13,$6.05,7.65,$3.89,11.9,$0.60B,$0.63B,0.95,$0.11B,$0.09B,1.23,$0.03B,$0.03B,88.24%,$0.03B,$0.01B,20.59%,$0.03B,0,0.00%,$0.03B,0,0.00%,$0.03B,$0.01B,20.59%,$0.03B,$0.01B,26.47%,$0.01B,$0.09B,10.68%,$0.01B,$0.08B,11.96%,$0.01B,$0.82B,1.14%,$0.01B,$0.19B,3.60%,$10,$1,$9,$0,$6,$7,$3,$0,$3,$1,$2,$2,$2,$0,$0,$2,2,$1.06,$1.00,$46,$0,$0,$601,$12,$176,$9,$25,$221,$823,$632,$105,$0,$105,$737,$0,$62,$2,$85,$823,$2,$0,$-11,$-10,$-1,$0,$0,$-1,$-2,$-10,$-0,$0,$0,$0,$-4,$-4,$-16,$-21,$-17,$0,$-17,$0,$0,$-0,$45,$28,$-2,$0,$-0
7,2016-09-30,35.5,$39.27,0.9,$14.26,2.49,$13.06,2.72,$3.41,10.41,$0.58B,$0.59B,0.98,$0.12B,$0.09B,1.41,$0.03B,$0.03B,87.88%,$0.03B,$0.01B,18.18%,$0.03B,0,0.00%,$0.03B,0,0.00%,$0.03B,$0.01B,18.18%,$0.03B,$0.01B,24.24%,$0.01B,$0.09B,9.20%,$0.01B,$0.08B,10.26%,$0.01B,$0.80B,1.04%,$0.01B,$0.21B,3.05%,$11,$1,$10,$0,$6,$7,$4,$0,$4,$1,$3,$3,$3,$0,$0,$2,2,$1.28,$1.22,$49,$0,$0,$576,$12,$178,$9,$23,$221,$797,$587,$122,$0,$122,$710,$0,$59,$6,$87,$797,$8,$2,$0,$2,$-0,$0,$0,$-1,$-1,$9,$2,$0,$0,$-0,$7,$7,$-54,$-45,$12,$0,$12,$0,$-17,$-1,$46,$40,$4,$1,$-1
8,2016-06-30,33.78,$38.17,0.88,$13.48,2.51,$8.10,4.17,$2.98,11.34,$0.55B,$0.58B,0.94,$0.11B,$0.08B,1.3,$0.03B,$0.03B,87.10%,$0.03B,$0.00B,12.90%,$0.03B,0,0.00%,$0.03B,0,0.00%,$0.03B,$0.00B,12.90%,$0.03B,$0.01B,22.58%,$0.01B,$0.08B,7.89%,$0.01B,$0.08B,8.78%,$0.01B,$0.78B,0.92%,$0.00B,$0.19B,2.04%,$5,$1,$4,$0,$6,$7,$-2,$0,$-2,$-4,$2,$2,$2,$0,$0,$2,2,$1.01,$0.97,$44,$0,$0,$547,$13,$179,$9,$31,$232,$779,$584,$110,$0,$110,$695,$0,$57,$6,$84,$779,$5,$2,$2,$4,$-0,$0,$0,$-1,$-1,$8,$0,$0,$0,$0,$6,$6,$-36,$-31,$0,$0,$0,$0,$-17,$-1,$41,$23,$0,$1,$-1
9,2016-03-31,33.11,$36.85,0.9,$15.30,2.16,$5.94,5.57,$2.96,11.19,$0.53B,$0.58B,0.92,$0.11B,$0.08B,1.29,$0.04B,$0.03B,88.57%,$0.04B,$0.01B,25.71%,$0.04B,0,0.00%,$0.04B,0,0.00%,$0.04B,$0.01B,25.71%,$0.04B,$0.01B,20.00%,$0.01B,$0.08B,7.71%,$0.01B,$0.07B,8.56%,$0.01B,$0.77B,0.94%,$0.01B,$0.19B,4.61%,$8,$1,$7,$0,$5,$6,$2,$0,$2,$0,$2,$2,$2,$0,$0,$2,2,$0.73,$0.70,$43,$0,$0,$530,$14,$181,$9,$32,$236,$765,$578,$105,$0,$105,$684,$0,$55,$5,$81,$765,$3,$1,$0,$1,$-0,$0,$0,$0,$0,$5,$0,$0,$0,$0,$3,$3,$-20,$-17,$-5,$0,$-5,$0,$-17,$-1,$34,$12,$-1,$1,$-1
10,2015-12-31,35.36,$43.69,0.81,$15.21,2.32,$6.03,5.86,$2.92,12.11,$0.51B,$0.55B,0.94,$0.10B,$0.10B,1.08,$0.04B,$0.03B,88.57%,$0.04B,$0.01B,25.71%,$0.04B,0,0.00%,$0.04B,0,0.00%,$0.04B,$0.01B,25.71%,$0.04B,$0.01B,17.14%,$0.01B,$0.10B,6.42%,$0.01B,$0.09B,7.12%,$0.01B,$0.75B,0.81%,$0.01B,$0.20B,4.66%,$9,$1,$8,$0,$6,$7,$2,$0,$2,$0,$1,$1,$1,$0,$0,$2,2,$0.55,$0.52,$46,$0,$0,$510,$14,$179,$9,$34,$235,$745,$545,$104,$0,$104,$649,$0,$54,$4,$96,$745,$1,$0,$6,$6,$-0,$0,$0,$-1,$-1,$6,$-0,$0,$0,$0,$5,$5,$-2,$3,$-6,$0,$-6,$0,$0,$-0,$0,$-6,$3,$1,$-0
11,2015-09-30,32.89,$43.20,0.76,$15.14,2.17,$4.63,7.1,$2.92,11.26,$0.51B,$0.55B,0.94,$0.11B,$0.09B,1.16,$0.03B,$0.03B,88.24%,$0.03B,$0.01B,26.47%,$0.03B,0,0.00%,$0.03B,0,0.00%,$0.03B,$0.01B,26.47%,$0.03B,$0.01B,17.65%,$0.01B,$0.09B,6.52%,$0.01B,$0.09B,7.27%,$0.01B,$0.75B,0.82%,$0.01B,$0.20B,4.68%,$9,$1,$8,$0,$6,$7,$2,$0,$2,$0,$2,$2,$2,$0,$0,$2,2,$0.83,$0.80,$44,$0,$0,$510,$14,$183,$9,$33,$240,$750,$545,$109,$0,$109,$656,$0,$53,$4,$94,$750,$7,$2,$-10,$-7,$-0,$0,$0,$0,$0,$-1,$0,$0,$0,$-2,$7,$5,$-25,$-19,$25,$0,$25,$0,$0,$-1,$0,$24,$5,$1,$-1
12,2015-06-30,28.67,$42.10,0.68,$14.79,1.94,$8.58,3.34,$2.73,10.5,$0.49B,$0.54B,0.91,$0.10B,$0.09B,1.08,$0.03B,$0.03B,87.88%,$0.03B,$0.01B,27.27%,$0.03B,0,0.00%,$0.03B,0,0.00%,$0.03B,$0.01B,27.27%,$0.03B,$0.01B,15.15%,$0.01B,$0.09B,5.54%,$0.01B,$0.08B,6.21%,$0.01B,$0.73B,0.69%,$0.01B,$0.19B,4.89%,$9,$1,$8,$0,$5,$6,$3,$0,$3,$0,$2,$2,$2,$0,$0,$2,2,$1.00,$0.95,$39,$0,$0,$490,$14,$185,$9,$33,$241,$731,$539,$99,$0,$99,$639,$0,$51,$3,$92,$731,$5,$2,$-3,$-2,$-0,$0,$0,$0,$-0,$3,$-0,$0,$0,$-1,$4,$3,$-14,$-12,$15,$0,$15,$0,$0,$-1,$-4,$10,$1,$1,$-1
13,2015-03-31,27.78,$41.91,0.66,$14.60,1.9,$9.63,2.88,$2.42,11.48,$0.48B,$0.55B,0.88,$0.09B,$0.09B,0.94,$0.03B,$0.03B,87.50%,$0.03B,$0.01B,25.00%,$0.03B,0,0.00%,$0.03B,0,0.00%,$0.03B,$0.01B,25.00%,$0.03B,$0.00B,12.50%,$0.00B,$0.09B,4.51%,$0.00B,$0.08B,5.08%,$0.00B,$0.73B,0.56%,$0.01B,$0.18B,4.48%,$8,$1,$7,$0,$5,$6,$2,$0,$2,$0,$2,$2,$1,$0,$0,$2,2,$0.69,$0.66,$35,$0,$0,$483,$14,$188,$9,$32,$244,$727,$548,$86,$0,$86,$635,$0,$49,$5,$92,$727,$3,$1,$1,$2,$0,$0,$0,$-0,$-0,$5,$0,$0,$0,$-1,$3,$2,$-12,$-10,$2,$0,$2,$0,$0,$-1,$4,$5,$-0,$1,$-0
14,2014-12-31,25.08,$40.91,0.61,$14.76,1.7,$8.98,2.79,$2.42,10.36,$0.48B,$0.53B,0.91,$0.11B,$0.09B,1.19,$0.03B,$0.03B,87.50%,$0.03B,$0.01B,25.00%,$0.03B,0,0.00%,$0.03B,0,0.00%,$0.03B,$0.01B,25.00%,$0.03B,$0.00B,12.50%,$0.00B,$0.09B,4.62%,$0.00B,$0.08B,5.23%,$0.00B,$0.72B,0.56%,$0.01B,$0.20B,4.50%,$8,$1,$7,$0,$6,$7,$2,$0,$2,$0,$1,$1,$1,$0,$0,$2,2,$0.55,$0.52,$35,$0,$0,$479,$14,$189,$10,$32,$244,$723,$526,$107,$0,$107,$634,$0,$48,$4,$90,$723,$1,$1,$1,$2,$-0,$0,$-0,$0,$-0,$3,$0,$0,$0,$-1,$1,$1,$-8,$-7,$22,$0,$22,$0,$0,$-0,$-18,$5,$1,$1,$-0
15,2014-09-30,23.74,$39.98,0.59,$14.56,1.63,$7.98,2.97,$2.34,10.15,$0.47B,$0.54B,0.87,$0.08B,$0.09B,0.97,$0.03B,$0.03B,87.50%,$0.03B,$0.01B,21.88%,$0.03B,0,0.00%,$0.03B,0,0.00%,$0.03B,$0.01B,21.88%,$0.03B,$0.00B,12.50%,$0.00B,$0.09B,4.73%,$0.00B,$0.08B,5.35%,$0.00B,$0.71B,0.57%,$0.01B,$0.17B,3.97%,$8,$1,$7,$0,$5,$6,$2,$0,$2,$0,$1,$1,$1,$0,$0,$2,2,$0.62,$0.60,$34,$0,$0,$470,$14,$190,$10,$29,$243,$713,$541,$84,$0,$84,$626,$0,$47,$4,$87,$713,$5,$2,$-0,$2,$-0,$0,$-0,$1,$1,$8,$0,$0,$0,$0,$-18,$-18,$-33,$-50,$-10,$0,$-10,$-3,$-3,$-1,$56,$41,$-0,$1,$-1
16,2014-06-30,22.9,$39.35,0.58,$14.46,1.58,$7.04,3.25,$2.32,9.87,$0.46B,$0.53B,0.86,$0.09B,$0.09B,0.99,$0.03B,$0.03B,87.50%,$0.03B,$0.01B,21.88%,$0.03B,0,0.00%,$0.03B,0,0.00%,$0.03B,$0.01B,21.88%,$0.03B,$0.00B,12.50%,$0.00B,$0.09B,4.80%,$0.00B,$0.08B,5.44%,$0.00B,$0.70B,0.58%,$0.01B,$0.17B,3.94%,$8,$1,$7,$0,$5,$6,$2,$0,$2,$1,$1,$1,$1,$0,$0,$2,2,$0.68,$0.64,$32,$0,$0,$458,$14,$192,$10,$28,$243,$702,$531,$85,$0,$85,$616,$0,$46,$3,$86,$702,$4,$2,$-1,$1,$-0,$0,$-0,$0,$-0,$5,$0,$0,$0,$0,$-19,$-19,$-22,$-40,$-10,$0,$-10,$-3,$-3,$-1,$47,$34,$-1,$1,$-1
17,2014-03-31,22.14,$37.98,0.58,$14.12,1.57,$8.00,2.77,$2.16,10.25,$0.46B,$0.53B,0.88,$0.09B,$0.08B,1.09,$0.03B,$0.03B,87.50%,$0.03B,$0.01B,21.88%,$0.03B,0,0.00%,$0.03B,0,0.00%,$0.03B,$0.01B,21.88%,$0.03B,$0.00B,12.50%,$0.00B,$0.08B,4.86%,$0.00B,$0.07B,5.52%,$0.00B,$0.70B,0.59%,$0.01B,$0.17B,3.98%,$8,$1,$7,$0,$5,$6,$2,$0,$2,$1,$2,$2,$1,$0,$0,$2,2,$0.70,$0.66,$32,$0,$0,$463,$15,$189,$10,$28,$241,$704,$530,$91,$0,$91,$621,$0,$45,$2,$83,$704,$3,$1,$-1,$0,$-0,$0,$-0,$1,$0,$3,$0,$0,$0,$0,$-18,$-18,$-26,$-44,$-4,$0,$-4,$-2,$-2,$-1,$46,$40,$-1,$1,$-0
18,2013-12-31,21.44,$36.45,0.59,$13.89,1.54,$8.32,2.58,$2.00,10.72,$0.45B,$0.50B,0.91,$0.11B,$0.08B,1.3,$0.03B,$0.03B,87.50%,$0.03B,$0.01B,21.88%,$0.03B,0,0.00%,$0.03B,0,0.00%,$0.03B,$0.01B,21.88%,$0.03B,$0.00B,12.50%,$0.00B,$0.08B,4.85%,$0.00B,$0.07B,5.50%,$0.00B,$0.69B,0.60%,$0.01B,$0.19B,4.09%,$8,$1,$7,$0,$5,$6,$1,$0,$1,$0,$1,$1,$1,$0,$0,$2,2,$0.46,$0.44,$31,$0,$0,$453,$15,$181,$10,$28,$234,$687,$496,$108,$0,$108,$604,$0,$44,$1,$82,$687,$1,$1,$-0,$0,$-0,$0,$-0,$0,$-0,$1,$-0,$0,$0,$0,$-11,$-11,$-16,$-28,$13,$0,$13,$-1,$-1,$-0,$14,$26,$-1,$1,$-0
19,2013-09-30,21.02,$35.76,0.59,$13.89,1.51,$8.65,2.43,$1.99,10.56,$0.44B,$0.48B,0.92,$0.09B,$0.08B,1.15,$0.03B,$0.03B,87.50%,$0.03B,$0.01B,21.88%,$0.03B,0,0.00%,$0.03B,0,0.00%,$0.03B,$0.01B,21.88%,$0.03B,$0.00B,12.50%,$0.00B,$0.08B,4.82%,$0.00B,$0.07B,5.50%,$0.00B,$0.66B,0.61%,$0.01B,$0.18B,4.31%,$8,$1,$7,$0,$5,$6,$2,$0,$2,$1,$1,$1,$1,$0,$0,$2,2,$0.61,$0.58,$31,$0,$0,$442,$15,$171,$10,$23,$218,$660,$483,$94,$0,$94,$578,$0,$43,$1,$82,$660,$5,$2,$4,$5,$0,$0,$-0,$1,$1,$11,$-5,$0,$0,$-2,$-20,$-22,$-23,$-50,$39,$0,$39,$-1,$-1,$-2,$-16,$20,$-18,$1,$-2
20,2013-06-30,21.7,$35.46,0.61,$13.91,1.56,$7.31,2.97,$1.90,11.42,$0.44B,$0.49B,0.89,$0.08B,$0.08B,0.99,$0.03B,$0.03B,87.50%,$0.03B,$0.01B,21.88%,$0.03B,0,0.00%,$0.03B,0,0.00%,$0.03B,$0.01B,21.88%,$0.03B,$0.00B,12.50%,$0.00B,$0.08B,4.80%,$0.00B,$0.07B,5.48%,$0.00B,$0.65B,0.62%,$0.01B,$0.16B,4.59%,$8,$1,$7,$0,$5,$6,$2,$0,$2,$0,$1,$1,$1,$0,$0,$2,2,$0.51,$0.48,$29,$0,$0,$436,$11,$172,$10,$24,$217,$653,$489,$81,$0,$81,$571,$0,$42,$2,$82,$653,$3,$1,$4,$5,$-0,$0,$-0,$0,$-0,$8,$-1,$0,$0,$0,$-20,$-20,$-20,$-41,$26,$0,$26,$-0,$-0,$-1,$-10,$15,$-18,$1,$-1
21,2013-03-31,20.1,$36.34,0.55,$13.92,1.44,$5.46,3.68,$1.97,10.2,$0.44B,$0.50B,0.87,$0.07B,$0.08B,0.83,$0.03B,$0.03B,84.38%,$0.03B,$0.01B,21.88%,$0.03B,0,0.00%,$0.03B,0,0.00%,$0.03B,$0.01B,21.88%,$0.03B,$0.00B,12.50%,$0.00B,$0.08B,4.82%,$0.00B,$0.07B,5.46%,$0.00B,$0.66B,0.63%,$0.01B,$0.15B,4.47%,$8,$1,$7,$0,$5,$6,$2,$0,$2,$0,$1,$1,$1,$0,$0,$2,2,$0.52,$0.50,$37,$0,$0,$435,$11,$178,$10,$22,$222,$656,$502,$70,$0,$70,$572,$0,$41,$5,$84,$656,$2,$1,$0,$1,$-0,$0,$-0,$1,$1,$5,$-1,$0,$0,$0,$-20,$-20,$-9,$-30,$14,$0,$14,$-0,$-0,$-1,$1,$14,$-11,$1,$-1
22,2012-12-31,17.96,$36.02,0.5,$13.51,1.33,$5.25,3.42,$1.88,9.56,$0.43B,$0.50B,0.86,$0.07B,$0.08B,0.85,$0.03B,$0.03B,83.87%,$0.03B,$0.01B,19.35%,$0.03B,0,0.00%,$0.03B,0,0.00%,$0.03B,$0.01B,19.35%,$0.03B,$0.00B,12.90%,$0.00B,$0.08B,4.89%,$0.00B,$0.07B,5.52%,$0.00B,$0.65B,0.66%,$0.01B,$0.16B,3.97%,$8,$1,$7,$0,$5,$6,$1,$0,$1,$0,$1,$1,$1,$0,$0,$2,2,$0.45,$0.43,$31,$0,$0,$426,$11,$182,$10,$23,$226,$653,$497,$71,$0,$71,$569,$0,$40,$6,$84,$653,$1,$0,$1,$1,$-0,$0,$-0,$0,$-0,$2,$-0,$0,$0,$0,$-23,$-23,$-8,$-31,$16,$0,$16,$-0,$-0,$-1,$-3,$12,$-17,$0,$-1
23,2012-09-30,17.61,$35.59,0.49,$13.22,1.33,$4.84,3.63,$1.84,9.57,$0.44B,$0.50B,0.88,$0.06B,$0.08B,0.67,$0.03B,$0.03B,83.33%,$0.03B,$0.01B,20.00%,$0.03B,0,0.00%,$0.03B,0,0.00%,$0.03B,$0.01B,20.00%,$0.03B,$0.00B,13.33%,$0.00B,$0.08B,5.00%,$0.00B,$0.07B,5.59%,$0.00B,$0.64B,0.69%,$0.01B,$0.14B,3.88%,$8,$1,$7,$0,$5,$6,$2,$0,$2,$0,$1,$1,$1,$0,$0,$2,2,$0.50,$0.50,$48,$0,$0,$440,$11,$160,$10,$17,$199,$639,$500,$55,$0,$55,$556,$0,$40,$6,$83,$639,$4,$1,$-2,$-1,$-0,$0,$-0,$1,$1,$4,$-1,$0,$81,$0,$-45,$-45,$-4,$31,$2,$0,$2,$-16,$-16,$-0,$-10,$-24,$12,$1,$0
24,2012-06-30,15.94,$34.33,0.46,$13.11,1.22,$7.58,2.1,$1.68,9.49,$0.39B,$0.41B,0.96,$0.10B,$0.08B,1.21,$0.03B,$0.02B,80.00%,$0.03B,$0.01B,16.67%,$0.03B,0,0.00%,$0.03B,0,0.00%,$0.03B,$0.01B,16.67%,$0.03B,$0.00B,13.33%,$0.00B,$0.08B,5.10%,$0.00B,$0.07B,5.67%,$0.00B,$0.59B,0.72%,$0.01B,$0.18B,3.28%,$8,$1,$6,$0,$5,$6,$2,$0,$2,$0,$1,$1,$1,$0,$0,$2,2,$0.57,$0.55,$23,$0,$0,$391,$10,$162,$8,$16,$196,$587,$408,$98,$0,$98,$506,$0,$39,$4,$81,$587,$3,$1,$-1,$-0,$-0,$0,$-0,$1,$0,$3,$-0,$0,$0,$0,$-48,$-48,$-12,$-60,$45,$0,$45,$-15,$-15,$-0,$15,$45,$-12,$0,$0
25,2012-03-31,15.44,$33.40,0.46,$13.08,1.18,$8.96,1.72,$1.64,9.41,$0.38B,$0.41B,0.92,$0.05B,$0.08B,0.67,$0.03B,$0.02B,82.76%,$0.03B,$0.01B,17.24%,$0.03B,0,0.00%,$0.03B,0,0.00%,$0.03B,$0.01B,17.24%,$0.03B,$0.00B,13.79%,$0.00B,$0.08B,5.50%,$0.00B,$0.07B,6.18%,$0.00B,$0.55B,0.74%,$0.01B,$0.13B,3.58%,$7,$1,$6,$0,$4,$6,$1,$0,$1,$0,$1,$1,$1,$0,$0,$2,2,$0.43,$0.41,$23,$0,$0,$379,$10,$134,$8,$15,$167,$546,$414,$53,$0,$53,$467,$0,$38,$4,$79,$546,$2,$1,$1,$1,$-0,$0,$-0,$1,$1,$4,$-0,$0,$0,$0,$-19,$-19,$0,$-19,$-0,$0,$-0,$-15,$-15,$-0,$22,$7,$-9,$0,$0
26,2011-12-31,15.28,$32.67,0.47,$13.22,1.16,$9.18,1.66,$1.67,9.15,$0.38B,$0.37B,1.02,$0.09B,$0.08B,1.19,$0.03B,$0.02B,82.76%,$0.03B,$0.01B,17.24%,$0.03B,0,0.00%,$0.03B,0,0.00%,$0.03B,$0.01B,17.24%,$0.03B,$0.00B,13.79%,$0.00B,$0.08B,5.97%,$0.00B,$0.07B,6.78%,$0.00B,$0.54B,0.76%,$0.01B,$0.17B,3.63%,$7,$1,$6,$0,$5,$6,$1,$0,$1,$0,$1,$1,$1,$0,$0,$2,2,$0.40,$0.39,$21,$0,$0,$379,$14,$129,$8,$12,$163,$542,$373,$92,$0,$92,$465,$0,$37,$3,$77,$542,$1,$0,$0,$1,$-0,$0,$-0,$-0,$-1,$1,$-0,$0,$0,$0,$-15,$-15,$-2,$-17,$39,$0,$39,$-15,$-15,$-0,$-18,$5,$-11,$0,$0
27,2011-09-30,14.0,$32.32,0.43,$13.41,1.04,$9.34,1.5,$1.78,7.86,$0.39B,$0.41B,0.95,$0.05B,$0.08B,0.69,$0.03B,$0.02B,82.76%,$0.03B,$0.01B,20.69%,$0.03B,0,0.00%,$0.03B,0,0.00%,$0.03B,$0.01B,20.69%,$0.03B,$0.00B,13.79%,$0.00B,$0.08B,6.53%,$0.00B,$0.07B,7.51%,$0.00B,$0.54B,0.77%,$0.01B,$0.13B,4.76%,$8,$1,$6,$0,$6,$7,$1,$0,$1,$0,$1,$1,$1,$0,$0,$2,2,$0.34,$0.33,$32,$0,$0,$388,$10,$118,$8,$12,$149,$537,$407,$53,$0,$53,$460,$0,$36,$3,$77,$537,$4,$1,$6,$1,$0,$0,$-0,$0,$0,$11,$-2,$0,$0,$0,$-4,$-4,$-28,$-19,$-14,$0,$-14,$-1,$16,$0,$43,$24,$16,$1,$0
28,2011-06-30,14.44,$0.00,0.0,$13.43,1.07,$7.07,2.04,$1.70,8.49,$0.36B,$0.40B,0.92,$0.07B,$0.06B,1.2,$0.03B,$0.02B,82.76%,$0.03B,$0.01B,20.69%,$0.03B,0,0.00%,$0.03B,0,0.00%,$0.03B,$0.01B,20.69%,$0.03B,$0.00B,13.79%,$0.00B,$0.06B,7.17%,$0.00B,$0.05B,8.38%,$0.00B,$0.52B,0.78%,$0.01B,$0.13B,4.26%,$7,$1,$6,$0,$4,$6,$2,$0,$2,$0,$1,$1,$1,$0,$0,$2,2,$0.53,$0.51,$9,$0,$0,$364,$0,$129,$8,$11,$148,$524,$396,$69,$0,$69,$466,$0,$35,$0,$58,$524,$3,$1,$4,$4,$-0,$0,$-0,$0,$-0,$7,$-1,$0,$0,$0,$-11,$-11,$-10,$-22,$2,$0,$2,$-1,$-1,$0,$11,$12,$-2,$1,$0
29,2011-03-31,13.77,$0.00,0.0,$13.35,1.03,$6.45,2.13,$1.42,9.7,$0.35B,$0.39B,0.91,$0.07B,$0.06B,1.22,$0.03B,$0.02B,82.76%,$0.03B,$0.01B,17.24%,$0.03B,0,0.00%,$0.03B,0,0.00%,$0.03B,$0.01B,17.24%,$0.03B,$0.00B,13.79%,$0.00B,$0.06B,7.31%,$0.00B,$0.05B,8.60%,$0.00B,$0.51B,0.79%,$0.01B,$0.13B,3.61%,$7,$1,$6,$0,$4,$6,$1,$0,$1,$0,$1,$1,$1,$0,$0,$2,2,$0.46,$0.44,$9,$0,$0,$352,$0,$128,$8,$12,$149,$513,$388,$68,$0,$68,$457,$0,$34,$0,$56,$513,$2,$0,$3,$3,$0,$0,$-0,$-0,$-0,$5,$-1,$0,$0,$0,$-11,$-11,$2,$-11,$1,$0,$1,$-1,$-1,$0,$3,$3,$-2,$0,$0
30,2010-12-31,13.36,$0.00,0.0,$13.26,1.01,$6.05,2.21,$1.29,10.36,$0.35B,$0.39B,0.9,$0.07B,$0.05B,1.25,$0.03B,$0.02B,82.76%,$0.03B,$0.01B,17.24%,$0.03B,0,0.00%,$0.03B,0,0.00%,$0.03B,$0.01B,17.24%,$0.03B,$0.00B,13.79%,$0.00B,$0.05B,7.37%,$0.00B,$0.05B,8.70%,$0.00B,$0.52B,0.79%,$0.01B,$0.12B,3.69%,$7,$1,$6,$0,$4,$6,$2,$0,$2,$0,$1,$1,$1,$0,$0,$2,2,$0.50,$0.50,$11,$0,$0,$353,$0,$128,$8,$13,$149,$515,$393,$68,$0,$68,$461,$0,$33,$0,$54,$515,$1,$0,$1,$1,$-0,$0,$-0,$-1,$-1,$2,$-1,$0,$0,$0,$-12,$-12,$4,$-9,$1,$0,$1,$-1,$-1,$0,$8,$8,$0,$0,$0
31,2010-09-30,11.81,$22.84,0.52,$13.01,0.91,$5.56,2.13,$1.17,10.09,$0.71B,$0.77B,0.93,$0.13B,$0.06B,2.44,$0.03B,$0.02B,82.76%,$0.03B,$0.00B,13.79%,$0.03B,0,0.00%,$0.03B,0,0.00%,$0.03B,$0.00B,13.79%,$0.03B,$0.00B,13.79%,$0.00B,$0.06B,7.41%,$0.00B,$0.05B,8.79%,$0.00B,$0.51B,0.80%,$0.00B,$0.19B,3.01%,$8,$1,$6,$0,$5,$7,$1,$0,$1,$0,$1,$1,$1,$0,$0,$2,2,$0.25,$0.25,$21,$0,$0,$712,$9,$116,$8,$15,$148,$508,$769,$134,$0,$134,$453,$0,$32,$3,$55,$508,$3,$1,$0,$1,$-0,$0,$-0,$1,$1,$5,$-0,$0,$0,$0,$-31,$-31,$13,$-26,$10,$0,$10,$-3,$-3,$-0,$31,$22,$1,$1,$-0
32,2010-06-30,11.75,$0.00,0.0,$11.18,1.05,$4.80,2.45,$1.02,11.52,$0.36B,$0.38B,0.93,$0.06B,$0.05B,1.2,$0.03B,$0.02B,84.00%,$0.03B,$0.00B,12.00%,$0.03B,0,0.00%,$0.03B,0,0.00%,$0.03B,$0.00B,12.00%,$0.03B,$0.00B,12.00%,$0.00B,$0.05B,5.61%,$0.00B,$0.05B,6.70%,$0.00B,$0.50B,0.61%,$0.00B,$0.12B,2.36%,$7,$1,$6,$0,$5,$7,$1,$0,$1,$0,$1,$1,$1,$0,$0,$2,2,$0.23,$0.23,$10,$0,$0,$357,$0,$113,$8,$13,$134,$501,$384,$64,$0,$64,$448,$0,$31,$0,$54,$501,$2,$1,$0,$1,$0,$0,$0,$0,$-0,$4,$1,$0,$0,$0,$0,$-18,$-4,$-22,$0,$-1,$8,$0,$-3,$-0,$14,$17,$0,$0,$0
33,2010-03-31,11.28,$0.00,0.0,$9.40,1.2,$3.15,3.58,$0.85,13.27,$0.37B,$0.38B,0.97,$0.06B,$0.05B,1.09,$0.02B,$0.02B,81.82%,$0.02B,$0.00B,9.09%,$0.02B,0,0.00%,$0.02B,0,0.00%,$0.02B,$0.00B,9.09%,$0.02B,$0.00B,9.09%,$0.00B,$0.05B,3.77%,$0.00B,$0.05B,4.30%,$0.00B,$0.49B,0.47%,$0.00B,$0.11B,1.73%,$7,$2,$6,$0,$5,$6,$1,$0,$1,$0,$1,$1,$1,$0,$0,$2,2,$0.31,$0.31,$13,$0,$0,$370,$0,$94,$8,$12,$114,$494,$381,$59,$0,$59,$440,$0,$31,$0,$54,$494,$2,$1,$0,$1,$0,$0,$0,$0,$1,$3,$1,$0,$0,$0,$0,$-12,$0,$-11,$0,$-1,$3,$0,$-1,$-0,$11,$11,$3,$0,$0
34,2009-12-31,9.44,$0.00,0.0,$7.69,1.23,$1.90,4.96,$0.66,14.3,$0.37B,$0.38B,0.97,$0.06B,$0.05B,1.13,$0.02B,$0.01B,77.78%,$0.02B,$0.00B,5.56%,$0.02B,0,0.00%,$0.02B,0,0.00%,$0.02B,$0.00B,5.56%,$0.02B,$0.00B,5.56%,$0.00B,$0.05B,1.90%,$0.00B,$0.04B,2.08%,$0.00B,$0.49B,0.27%,$0.00B,$0.11B,0.96%,$7,$2,$6,$0,$4,$6,$1,$0,$1,$0,$1,$1,$1,$0,$0,$2,2,$0.38,$0.38,$14,$0,$0,$369,$0,$89,$9,$13,$111,$491,$379,$59,$0,$59,$439,$0,$30,$0,$53,$491,$1,$0,$0,$0,$0,$0,$0,$0,$-0,$-1,$1,$0,$0,$0,$0,$-6,$0,$-6,$0,$-1,$4,$0,$-1,$0,$9,$10,$4,$0,$0
35,2009-09-30,9.59,$21.89,0.44,$6.17,1.55,$1.79,5.37,$-0.01,0.0,$0.73B,$0.74B,0.99,$0.11B,$0.05B,2.13,$0.01B,$0.01B,71.43%,$0.01B,$-0.00B,-7.14%,$0.01B,0,0.00%,$0.01B,0,0.00%,$0.01B,$-0.00B,-7.14%,$0.01B,$-0.00B,-7.14%,$-0.00B,$0.05B,-1.91%,$-0.00B,$0.04B,-2.00%,$-0.00B,$0.48B,-0.34%,$-0.00B,$0.17B,-1.08%,$4,$1,$3,$0,$3,$4,$0,$0,$0,$0,$0,$0,$0,$0,$0,$2,2,$0.10,$0.10,$21,$0,$0,$731,$10,$80,$9,$14,$112,$481,$739,$113,$0,$113,$428,$0,$29,$1,$53,$481,$0,$1,$1,$1,$-0,$0,$-0,$1,$1,$3,$-0,$0,$-17,$0,$-11,$-11,$-16,$-35,$18,$0,$18,$21,$21,$0,$-36,$21,$-11,$0,$0
