,Date,Stock Price,Book Value per Share,Price to Book Ratio,TTM Sales per Share,Price to Sales Ratio,TTM FCF per Share,Price to FCF Ratio,TTM Net EPS,PE Ratio,Current Assets,Current Liabilities,Current Ratio,Long Term Debt,Shareholder's Equity_x,Debt to Equity Ratio,TTM Revenue_x,TTM Gross Profit,Gross Margin,TTM Revenue_y,TTM Operating Income,Operating Margin,TTM Revenue_x,TTM EBIT,EBIT Margin,TTM Revenue_y,TTM EBITDA,EBITDA Margin,TTM Revenue_x,TTM Pre-Tax Income,Pre-Tax Margin,TTM Revenue_y,TTM Net Income_x,Net Margin,TTM Net Income_y,Shareholder's Equity_y,Return on Equity,TTM Net Income_x,Tangible Equity,Return on Tangible Equity,TTM Net Income_y,Total Assets,Return on Assets,TTM Net Income,LT Investments & Debt,Return on Investment,revenue,cost-goods-sold,gross-profit,research-development-expenses,selling-general-administrative-expenses,operating-expenses,operating-income,total-non-operating-income-expense,pre-tax-income,total-provision-income-taxes,income-after-taxes,income-from-continuous-operations,net-income,ebitda,ebit,basic-shares-outstanding,shares-outstanding,eps-basic-net-earnings-per-share,eps-earnings-per-share-diluted,cash-on-hand,inventory,other-current-assets,total-current-assets,net-property-plant-equipment,long-term-investments,goodwill-intangible-assets-total,other-long-term-assets,total-long-term-assets,total-assets,total-current-liabilities,long-term-debt,other-non-current-liabilities,total-long-term-liabilities,total-liabilities,common-stock-net,retained-earnings-accumulated-deficit,comprehensive-income,total-share-holder-equity,total-liabilities-share-holders-equity,net-income-loss,total-depreciation-amortization-cash-flow,other-non-cash-items,total-non-cash-items,change-in-accounts-receivable,change-in-inventories,change-in-accounts-payable,change-in-assets-liabilities,total-change-in-assets-liabilities,cash-flow-from-operating-activities,net-change-in-property-plant-equipment,net-change-in-intangible-assets,net-acquisitions-divestitures,net-change-in-short-term-investments,net-change-in-long-term-investments,net-change-in-investments-total,investing-activities-other,cash-flow-from-investing-activities,net-long-term-debt,net-current-debt,debt-issuance-retirement-net-total,net-common-equity-issued-repurchased,net-total-equity-issued-repurchased,total-common-preferred-stock-dividends-paid,financial-activities-other,cash-flow-from-financial-activities,net-cash-flow,stock-based-compensation,common-stock-dividends-paid
0,2018-09-30,48.42,$49.33,0.98,$17.91,2.7,$-4.02,0.0,$-3.28,0.0,$3.89B,$0.87B,4.48,$0.46B,$5.17B,0.09,$1.89B,$0.36B,18.83%,$1.89B,$-0.01B,-0.37%,$1.89B,$-0.01B,-0.37%,$1.89B,$0.11B,5.82%,$1.89B,$0.03B,1.69%,$1.89B,$-0.34B,-17.93%,$-0.34B,$5.17B,-6.60%,$-0.34B,$5.08B,-6.72%,$-0.34B,$7.10B,-4.87%,$-0.01B,$5.63B,-0.13%,$676,$547,$129,$22,$34,$618,$58,$5,$63,$2,$61,$58,$58,$93,$58,$105,106,$0.55,$0.54,$2730,$296,$80,$3886,$1671,$3,$89,$1212,$3208,$7095,$868,$463,$592,$1055,$1924,$0,$2389,$-35,$5171,$7095,$92,$89,$-173,$-84,$-179,$-158,$29,$3,$-149,$-141,$-611,$0,$0,$-475,$248,$-228,$43,$-796,$156,$0,$156,$0,$0,$0,$-12,$143,$-806,$27,$0
1,2018-06-30,52.66,$48.77,1.08,$21.83,2.41,$8.67,6.08,$-1.87,0.0,$3.99B,$0.82B,4.89,$0.45B,$5.11B,0.09,$2.30B,$0.52B,22.55%,$2.30B,$0.14B,6.17%,$2.30B,$0.14B,6.17%,$2.30B,$0.25B,10.99%,$2.30B,$0.18B,7.73%,$2.30B,$-0.19B,-8.30%,$-0.19B,$5.11B,-3.66%,$-0.19B,$5.02B,-3.73%,$-0.19B,$7.03B,-2.75%,$0.14B,$5.56B,2.53%,$309,$317,$-8,$20,$51,$413,$-104,$9,$-95,$-6,$-89,$-48,$-48,$-73,$-104,$105,105,$-0.46,$-0.46,$3135,$234,$135,$3986,$1484,$8,$92,$1243,$3040,$7026,$815,$449,$651,$1099,$1915,$0,$2332,$-30,$5111,$7026,$34,$55,$-126,$-71,$82,$-112,$23,$-36,$121,$84,$-373,$0,$0,$-290,$248,$-43,$42,$-373,$82,$0,$82,$0,$0,$0,$-12,$70,$-232,$19,$0
2,2018-03-31,70.98,$49.25,1.44,$24.83,2.86,$12.45,5.7,$-0.91,0.0,$3.77B,$0.55B,6.81,$0.43B,$5.16B,0.08,$2.62B,$0.64B,24.39%,$2.62B,$0.26B,9.94%,$2.62B,$0.26B,9.94%,$2.62B,$0.37B,14.07%,$2.62B,$0.28B,10.82%,$2.62B,$-0.09B,-3.48%,$-0.09B,$5.16B,-1.73%,$-0.09B,$5.07B,-1.76%,$-0.09B,$6.84B,-1.33%,$0.26B,$5.59B,4.62%,$567,$394,$173,$20,$41,$493,$74,$22,$96,$12,$85,$83,$83,$99,$74,$105,106,$0.79,$0.78,$2878,$174,$75,$3770,$1312,$201,$94,$1235,$3070,$6840,$554,$432,$695,$1127,$1681,$0,$2380,$-19,$5159,$6840,$83,$24,$-69,$-45,$-38,$-41,$2,$63,$-83,$-45,$-178,$0,$0,$-199,$8,$-192,$-5,$-375,$-11,$65,$54,$0,$0,$0,$-12,$42,$-383,$9,$0
3,2017-12-31,67.52,$48.81,1.38,$28.04,2.41,$18.19,3.71,$-1.60,0.0,$3.83B,$0.65B,5.89,$0.38B,$5.10B,0.08,$2.94B,$0.55B,18.67%,$2.94B,$0.18B,6.05%,$2.94B,$0.18B,6.05%,$2.94B,$0.29B,10.00%,$2.94B,$0.20B,6.87%,$2.94B,$-0.17B,-5.61%,$-0.17B,$5.10B,-3.12%,$-0.17B,$5.00B,-3.18%,$-0.17B,$6.87B,-2.43%,$0.18B,$5.48B,3.18%,$339,$277,$62,$24,$55,$374,$-35,$3,$-32,$399,$-431,$-432,$-432,$-9,$-35,$104,104,$-4.15,$-4.13,$2989,$172,$107,$3833,$1155,$217,$95,$1352,$3032,$6865,$650,$380,$735,$1116,$1766,$0,$2297,$2,$5099,$6865,$-166,$115,$223,$338,$86,$213,$-47,$1007,$1166,$1341,$-514,$0,$0,$-115,$0,$-115,$2,$-627,$191,$0,$191,$0,$0,$0,$1,$192,$915,$35,$0
4,2017-09-30,45.88,$52.78,0.87,$28.00,1.64,$10.05,4.57,$-4.38,0.0,$3.97B,$0.58B,6.85,$0.33B,$5.51B,0.06,$2.93B,$0.50B,16.88%,$2.93B,$-0.61B,-20.73%,$2.93B,$-0.61B,-20.73%,$2.93B,$-0.46B,-15.65%,$2.93B,$-0.60B,-20.39%,$2.93B,$-0.48B,-16.50%,$-0.48B,$5.51B,-9.11%,$-0.48B,$5.42B,-9.28%,$-0.48B,$7.06B,-7.13%,$-0.61B,$5.84B,-10.90%,$1087,$795,$292,$21,$51,$880,$207,$2,$209,$8,$202,$206,$206,$236,$207,$104,106,$1.97,$1.95,$2719,$218,$88,$3966,$940,$637,$96,$959,$3088,$7055,$579,$330,$633,$963,$1542,$0,$2730,$-6,$5512,$7055,$267,$90,$22,$111,$-329,$179,$-21,$989,$529,$907,$-315,$0,$0,$-92,$0,$-92,$3,$-404,$135,$0,$135,$0,$0,$0,$17,$152,$664,$26,$0
5,2017-06-30,39.88,$50.69,0.79,$24.29,1.64,$2.16,18.46,$-4.84,0.0,$3.44B,$0.50B,6.82,$0.31B,$5.29B,0.06,$2.53B,$0.37B,14.80%,$2.53B,$-0.74B,-29.36%,$2.53B,$-0.74B,-29.36%,$2.53B,$-0.57B,-22.36%,$2.53B,$-0.73B,-28.85%,$2.53B,$-0.54B,-21.37%,$-0.54B,$5.29B,-9.96%,$-0.54B,$5.19B,-10.17%,$-0.54B,$6.68B,-7.66%,$-0.74B,$5.60B,-13.14%,$623,$512,$111,$21,$49,$609,$14,$-4,$10,$-40,$50,$52,$52,$42,$14,$104,105,$0.50,$0.50,$2229,$344,$62,$3437,$785,$226,$98,$1720,$3243,$6680,$504,$307,$578,$885,$1389,$0,$2524,$-12,$5291,$6680,$61,$61,$26,$87,$-135,$55,$-38,$641,$177,$325,$-218,$0,$0,$-111,$0,$-111,$3,$-326,$115,$0,$115,$0,$0,$0,$22,$137,$139,$15,$0
6,2017-03-31,27.1,$50.13,0.54,$28.26,0.96,$0.08,350.13,$-5.21,0.0,$3.33B,$0.53B,6.32,$0.27B,$5.23B,0.05,$2.92B,$0.45B,15.24%,$2.92B,$-0.76B,-25.89%,$2.92B,$-0.76B,-25.89%,$2.92B,$-0.55B,-18.87%,$2.92B,$-0.74B,-25.21%,$2.92B,$-0.60B,-20.65%,$-0.60B,$5.23B,-10.87%,$-0.60B,$5.13B,-11.12%,$-0.60B,$6.61B,-8.30%,$-0.76B,$5.49B,-13.18%,$892,$808,$84,$23,$48,$900,$-8,$23,$15,$6,$10,$9,$9,$25,$-8,$104,104,$0.09,$0.09,$2446,$433,$33,$3330,$692,$584,$100,$1497,$3274,$6605,$527,$266,$584,$850,$1377,$0,$2472,$-12,$5228,$6605,$9,$33,$30,$63,$252,$-38,$-3,$534,$421,$493,$-113,$0,$0,$-182,$0,$-182,$1,$-293,$-22,$95,$73,$0,$0,$0,$30,$102,$295,$7,$0
7,2016-12-31,32.09,$50.16,0.64,$28.24,1.14,$-3.25,0.0,$-3.64,0.0,$3.79B,$0.91B,4.17,$0.16B,$5.22B,0.03,$2.90B,$0.64B,22.00%,$2.90B,$-0.57B,-19.56%,$2.90B,$-0.57B,-19.56%,$2.90B,$-0.34B,-11.64%,$2.90B,$-0.54B,-18.49%,$2.90B,$-0.42B,-14.33%,$-0.42B,$5.22B,-7.33%,$-0.42B,$5.12B,-7.52%,$-0.42B,$6.82B,-5.54%,$-0.57B,$5.38B,-9.71%,$331,$323,$8,$29,$70,$1152,$-821,$-11,$-832,$56,$-888,$-751,$-751,$-762,$-821,$103,103,$-7.32,$-7.29,$1955,$363,$764,$3788,$629,$606,$102,$1289,$3037,$6824,$908,$160,$538,$698,$1606,$0,$2463,$-10,$5218,$6824,$-416,$231,$776,$1007,$179,$96,$-192,$-582,$-398,$207,$-229,$0,$0,$103,$292,$394,$-20,$145,$-111,$0,$-111,$0,$0,$0,$-26,$-136,$209,$29,$0
8,2016-09-30,39.49,$57.22,0.69,$39.52,1.0,$-7.86,0.0,$4.88,8.09,$3.47B,$1.41B,2.46,$0.16B,$5.95B,0.03,$4.05B,$1.08B,26.57%,$4.05B,$0.60B,14.77%,$4.05B,$0.60B,14.77%,$4.05B,$0.83B,20.57%,$4.05B,$0.64B,15.78%,$4.05B,$0.55B,13.48%,$0.55B,$5.95B,9.48%,$0.55B,$5.79B,9.77%,$0.55B,$8.09B,7.15%,$0.60B,$6.11B,10.04%,$681,$510,$171,$32,$60,$608,$73,$4,$78,$-68,$146,$150,$150,$130,$73,$103,104,$1.46,$1.45,$2090,$369,$78,$3465,$1266,$449,$151,$2286,$4622,$8088,$1407,$161,$573,$735,$2142,$0,$3128,$50,$5946,$8088,$335,$172,$36,$208,$3,$75,$-144,$-414,$-607,$-62,$-176,$0,$0,$26,$0,$26,$-14,$-164,$-63,$550,$487,$0,$0,$0,$-25,$462,$244,$24,$0
9,2016-06-30,48.48,$56.71,0.85,$45.37,1.07,$-10.97,0.0,$6.80,7.13,$3.08B,$0.95B,3.23,$0.16B,$5.81B,0.03,$4.64B,$1.39B,29.94%,$4.64B,$0.92B,19.90%,$4.64B,$0.92B,19.90%,$4.64B,$1.17B,25.13%,$4.64B,$0.96B,20.67%,$4.64B,$0.75B,16.06%,$0.75B,$5.81B,13.26%,$0.75B,$5.66B,13.70%,$0.75B,$7.54B,10.10%,$0.92B,$5.97B,15.81%,$1016,$834,$182,$33,$64,$1017,$-0,$3,$3,$7,$-4,$-11,$-11,$56,$-0,$102,102,$-0.11,$-0.11,$1667,$385,$93,$3077,$1268,$841,$147,$1733,$4467,$7544,$952,$162,$626,$787,$1739,$0,$2974,$57,$5805,$7544,$184,$115,$48,$163,$50,$43,$-75,$-302,$-325,$23,$-130,$0,$0,$-46,$0,$-46,$-8,$-184,$-66,$0,$-66,$0,$0,$0,$-23,$-89,$-245,$19,$0
10,2016-03-31,68.47,$56.14,1.22,$44.26,1.55,$-15.13,0.0,$7.60,9.01,$3.27B,$1.06B,3.08,$0.21B,$5.74B,0.04,$4.52B,$1.37B,30.34%,$4.52B,$0.98B,21.69%,$4.52B,$0.98B,21.69%,$4.52B,$1.23B,27.28%,$4.52B,$1.02B,22.46%,$4.52B,$0.85B,18.81%,$0.85B,$5.74B,15.66%,$0.85B,$5.55B,16.24%,$0.85B,$7.58B,11.82%,$0.98B,$5.94B,17.28%,$876,$598,$278,$30,$68,$696,$180,$34,$214,$28,$186,$196,$196,$238,$180,$102,103,$1.92,$1.90,$1881,$444,$155,$3274,$1278,$794,$192,$1555,$4304,$7578,$1064,$205,$569,$775,$1839,$0,$2961,$27,$5739,$7578,$196,$58,$-30,$28,$96,$-80,$-60,$-180,$-140,$84,$-52,$0,$0,$-90,$0,$-90,$-4,$-145,$-15,$17,$1,$0,$0,$0,$-19,$-18,$-72,$11,$0
11,2015-12-31,65.99,$54.52,1.21,$40.42,1.63,$-20.23,0.0,$5.32,12.4,$3.35B,$0.96B,3.48,$0.25B,$5.55B,0.05,$4.11B,$1.13B,27.53%,$4.11B,$0.73B,17.75%,$4.11B,$0.73B,17.75%,$4.11B,$0.99B,24.03%,$4.11B,$0.73B,17.85%,$4.11B,$0.59B,14.42%,$0.59B,$5.55B,11.31%,$0.59B,$5.35B,11.76%,$0.59B,$7.32B,8.52%,$0.73B,$5.80B,13.32%,$1476,$1031,$445,$37,$63,$1131,$345,$-2,$344,$23,$320,$211,$211,$409,$345,$101,102,$2.10,$2.11,$1830,$380,$137,$3346,$1284,$734,$195,$1275,$3971,$7316,$961,$251,$556,$807,$1768,$0,$2790,$15,$5548,$7316,$593,$258,$-289,$-31,$-428,$114,$144,$-566,$-888,$-325,$-166,$0,$0,$-203,$0,$-203,$213,$-156,$99,$0,$99,$0,$0,$0,$2,$101,$-399,$45,$0
12,2015-09-30,42.75,$53.40,0.8,$35.82,1.19,$-10.70,0.0,$5.61,7.62,$3.25B,$0.90B,3.63,$0.25B,$5.39B,0.05,$3.64B,$0.99B,27.27%,$3.64B,$0.58B,15.98%,$3.64B,$0.58B,15.98%,$3.64B,$0.84B,23.04%,$3.64B,$0.59B,16.20%,$3.64B,$0.57B,15.71%,$0.57B,$5.39B,11.21%,$0.57B,$5.19B,11.67%,$0.57B,$7.06B,8.39%,$0.58B,$5.64B,10.94%,$1271,$787,$484,$30,$54,$873,$398,$0,$398,$48,$349,$349,$349,$463,$398,$101,102,$3.46,$3.41,$1810,$379,$104,$3251,$1330,$299,$197,$1592,$3809,$7061,$896,$247,$529,$776,$1672,$0,$2626,$28,$5389,$7061,$382,$194,$-1,$193,$-351,$147,$109,$-682,$-990,$-414,$-139,$0,$0,$-116,$0,$-116,$253,$-2,$96,$0,$96,$0,$0,$0,$46,$142,$-292,$33,$0
13,2015-06-30,46.98,$49.97,0.94,$32.17,1.46,$-9.54,0.0,$3.07,15.3,$3.16B,$0.91B,3.45,$0.26B,$5.04B,0.05,$3.26B,$0.70B,21.40%,$3.26B,$0.27B,8.22%,$3.26B,$0.27B,8.22%,$3.26B,$0.52B,15.95%,$3.26B,$0.28B,8.56%,$3.26B,$0.31B,9.60%,$0.31B,$5.04B,6.32%,$0.31B,$4.84B,6.59%,$0.31B,$6.80B,4.70%,$0.27B,$5.30B,5.20%,$896,$732,$164,$29,$71,$839,$57,$1,$59,$-33,$92,$94,$94,$123,$57,$101,102,$0.93,$0.92,$1775,$482,$94,$3156,$1356,$531,$200,$118,$3648,$6804,$914,$258,$590,$848,$1762,$0,$2312,$13,$5041,$6804,$33,$129,$-8,$121,$-135,$56,$71,$-442,$-589,$-435,$-94,$0,$0,$-195,$0,$-195,$186,$-103,$97,$0,$97,$0,$0,$0,$46,$144,$-407,$21,$0
14,2015-03-31,59.79,$49.48,1.21,$28.70,2.08,$-7.41,0.0,$2.18,27.43,$3.15B,$0.99B,3.2,$0.20B,$4.99B,0.04,$2.91B,$0.63B,21.55%,$2.91B,$0.21B,7.32%,$2.91B,$0.21B,7.32%,$2.91B,$0.46B,15.88%,$2.91B,$0.22B,7.70%,$2.91B,$0.22B,7.70%,$0.22B,$4.99B,4.61%,$0.22B,$4.78B,4.81%,$0.22B,$6.68B,3.39%,$0.21B,$5.19B,4.24%,$469,$430,$39,$35,$68,$539,$-70,$3,$-67,$-6,$-61,$-61,$-61,$-7,$-70,$100,100,$-0.61,$-0.61,$1485,$497,$120,$3150,$1368,$257,$203,$1361,$3525,$6675,$985,$200,$502,$703,$1688,$0,$2217,$71,$4987,$6675,$-61,$63,$38,$101,$-125,$9,$4,$-304,$-468,$-425,$-55,$0,$0,$-197,$-2,$-199,$-36,$-291,$-21,$58,$37,$0,$0,$0,$-10,$27,$-702,$12,$0
15,2014-12-31,44.6,$49.77,0.9,$33.36,1.34,$-6.25,0.0,$3.90,11.43,$3.08B,$1.00B,3.08,$0.16B,$4.99B,0.03,$3.39B,$0.83B,24.34%,$3.39B,$0.42B,12.45%,$3.39B,$0.42B,12.45%,$3.39B,$0.67B,19.73%,$3.39B,$0.43B,12.74%,$3.39B,$0.40B,11.71%,$0.40B,$4.99B,8.32%,$0.40B,$4.79B,8.69%,$0.40B,$6.72B,6.07%,$0.42B,$5.15B,8.58%,$1006,$700,$306,$35,$71,$809,$197,$3,$200,$11,$188,$190,$190,$260,$197,$100,102,$1.89,$1.87,$1991,$505,$125,$3078,$1420,$662,$204,$918,$3643,$6721,$1001,$162,$567,$729,$1730,$0,$2244,$50,$4991,$6721,$396,$246,$76,$321,$463,$-100,$-53,$101,$16,$736,$-258,$0,$-4,$-77,$0,$-77,$-48,$-388,$6,$0,$6,$0,$0,$0,$-52,$-47,$281,$44,$0
16,2014-09-30,65.81,$47.83,1.38,$31.51,2.09,$-3.72,0.0,$2.65,24.83,$3.25B,$0.92B,3.54,$0.16B,$4.79B,0.03,$3.15B,$0.71B,22.52%,$3.15B,$0.29B,9.10%,$3.15B,$0.29B,9.10%,$3.15B,$0.53B,16.90%,$3.15B,$0.30B,9.42%,$3.15B,$0.27B,8.56%,$0.27B,$4.79B,5.81%,$0.27B,$4.59B,6.07%,$0.27B,$6.44B,4.10%,$0.29B,$4.96B,5.98%,$890,$701,$189,$38,$67,$806,$84,$3,$87,$-7,$94,$90,$90,$144,$84,$100,101,$0.90,$0.89,$1115,$445,$101,$3253,$1384,$0,$204,$1256,$3187,$6440,$919,$164,$564,$728,$1647,$0,$2088,$23,$4793,$6440,$203,$183,$51,$234,$-151,$-8,$-40,$29,$-696,$-247,$-184,$0,$0,$-59,$-2,$-61,$-203,$-449,$-2,$0,$-2,$0,$0,$0,$5,$4,$-703,$32,$0
17,2014-06-30,71.06,$46.60,1.52,$35.34,2.01,$4.89,14.54,$3.72,19.1,$3.17B,$1.21B,2.62,$0.13B,$4.67B,0.03,$3.53B,$0.89B,25.08%,$3.53B,$0.41B,11.65%,$3.53B,$0.41B,11.65%,$3.53B,$0.66B,18.62%,$3.53B,$0.42B,11.87%,$3.53B,$0.38B,10.63%,$0.38B,$4.67B,8.23%,$0.38B,$4.47B,8.56%,$0.38B,$6.61B,5.61%,$0.41B,$4.80B,8.73%,$544,$452,$93,$33,$58,$542,$2,$2,$4,$-2,$7,$5,$5,$65,$2,$100,102,$0.05,$0.04,$1349,$385,$59,$3170,$1370,$0,$202,$1501,$3442,$6612,$1211,$134,$599,$733,$1944,$0,$1999,$7,$4668,$6612,$117,$123,$-11,$113,$-145,$86,$-72,$-96,$-436,$-200,$-113,$0,$0,$-62,$-1,$-63,$-74,$-250,$-31,$0,$-31,$0,$0,$0,$4,$-27,$-474,$21,$0
18,2014-03-31,69.79,$46.29,1.51,$35.70,1.95,$9.41,7.42,$4.05,17.23,$3.04B,$1.00B,3.04,$0.14B,$4.63B,0.03,$3.51B,$0.93B,26.59%,$3.51B,$0.45B,12.78%,$3.51B,$0.45B,12.78%,$3.51B,$0.69B,19.63%,$3.51B,$0.46B,13.01%,$3.51B,$0.40B,11.53%,$0.40B,$4.63B,9.12%,$0.40B,$4.43B,9.42%,$0.40B,$6.38B,5.99%,$0.45B,$4.77B,9.75%,$950,$713,$237,$39,$59,$811,$139,$2,$141,$29,$112,$112,$112,$200,$139,$100,102,$1.12,$1.10,$1379,$387,$83,$3036,$1371,$0,$202,$1406,$3340,$6376,$998,$138,$607,$745,$1743,$0,$1995,$-8,$4633,$6376,$112,$61,$17,$77,$-108,$55,$-69,$32,$-512,$-318,$-51,$0,$0,$34,$-0,$33,$-3,$-20,$-25,$0,$-25,$0,$0,$0,$11,$-14,$-350,$13,$0
19,2013-12-31,54.64,$45.25,1.21,$34.82,1.57,$12.98,4.21,$3.61,15.14,$3.79B,$1.59B,2.39,$0.16B,$4.50B,0.04,$3.31B,$0.86B,26.10%,$3.31B,$0.37B,11.18%,$3.31B,$0.37B,11.18%,$3.31B,$0.61B,18.31%,$3.31B,$0.38B,11.51%,$3.31B,$0.35B,10.60%,$0.35B,$4.50B,8.38%,$0.35B,$4.30B,8.60%,$0.35B,$6.88B,5.22%,$0.37B,$4.67B,8.32%,$769,$578,$191,$38,$66,$707,$62,$3,$65,$2,$63,$63,$63,$124,$62,$94,95,$0.70,$0.70,$1764,$389,$134,$3793,$1385,$297,$202,$780,$3091,$6884,$1588,$163,$630,$792,$2380,$0,$1883,$-26,$4503,$6884,$351,$234,$80,$314,$571,$15,$-93,$-199,$191,$856,$-166,$0,$-31,$-341,$-18,$-359,$19,$-537,$270,$-605,$-335,$428,$428,$0,$8,$101,$424,$55,$0
20,2013-09-30,40.21,$44.44,0.9,$39.14,1.03,$10.22,3.94,$4.71,8.54,$3.60B,$1.64B,2.2,$0.17B,$4.42B,0.04,$3.62B,$0.97B,26.74%,$3.62B,$0.48B,13.27%,$3.62B,$0.48B,13.27%,$3.62B,$0.72B,19.77%,$3.62B,$0.49B,13.47%,$3.62B,$0.44B,12.22%,$0.44B,$4.42B,11.15%,$0.44B,$4.33B,11.36%,$0.44B,$6.86B,6.70%,$0.48B,$4.59B,11.15%,$1266,$902,$364,$35,$64,$1058,$208,$1,$209,$14,$195,$195,$195,$268,$208,$99,100,$1.98,$1.94,$1532,$312,$140,$3597,$1398,$279,$85,$1050,$3266,$6863,$1636,$169,$638,$807,$2443,$0,$1818,$-27,$4419,$6863,$288,$173,$60,$233,$368,$87,$-154,$-269,$144,$664,$-226,$0,$-31,$-239,$-18,$-257,$21,$-494,$-665,$333,$-332,$428,$428,$0,$23,$119,$291,$38,$0
21,2013-06-30,44.81,$42.58,1.05,$36.09,1.24,$6.94,6.45,$3.77,11.89,$3.60B,$1.86B,1.94,$0.20B,$4.16B,0.05,$3.19B,$0.84B,26.40%,$3.19B,$0.38B,11.88%,$3.19B,$0.38B,11.88%,$3.19B,$0.62B,19.38%,$3.19B,$0.39B,12.20%,$3.19B,$0.34B,10.50%,$0.34B,$4.16B,9.00%,$0.34B,$4.08B,9.17%,$0.34B,$6.87B,5.26%,$0.38B,$4.35B,9.16%,$520,$380,$140,$31,$66,$481,$39,$2,$41,$7,$34,$34,$34,$96,$39,$89,91,$0.38,$0.37,$1285,$334,$128,$3601,$1561,$275,$75,$890,$3267,$6868,$1855,$195,$662,$857,$2711,$0,$1622,$-22,$4157,$6868,$93,$113,$-42,$71,$341,$75,$-129,$-577,$125,$289,$-157,$0,$-31,$-256,$-15,$-270,$20,$-438,$-636,$335,$-301,$430,$430,$0,$48,$177,$27,$24,$0
22,2013-03-31,26.96,$41.93,0.64,$41.31,0.65,$6.98,3.86,$4.67,5.77,$3.11B,$1.53B,2.03,$0.50B,$3.67B,0.14,$3.63B,$0.95B,26.09%,$3.63B,$0.48B,13.24%,$3.63B,$0.48B,13.24%,$3.63B,$0.73B,20.05%,$3.63B,$0.48B,13.32%,$3.63B,$0.41B,11.36%,$0.41B,$3.67B,11.69%,$0.41B,$3.61B,11.91%,$0.41B,$6.29B,6.83%,$0.48B,$4.18B,11.97%,$755,$586,$169,$30,$74,$694,$61,$5,$66,$7,$59,$59,$59,$118,$61,$87,89,$0.68,$0.66,$1012,$389,$135,$3110,$1553,$286,$69,$248,$3184,$6294,$1533,$501,$586,$1087,$2620,$0,$1589,$-9,$3674,$6294,$59,$57,$-12,$44,$286,$13,$-150,$-208,$-39,$66,$-72,$0,$-8,$-67,$-15,$-82,$20,$-142,$-330,$335,$5,$0,$0,$0,$17,$21,$-59,$16,$0
23,2012-12-31,30.86,$41.37,0.75,$38.61,0.8,$5.42,5.7,$-1.19,0.0,$2.83B,$1.10B,2.57,$0.50B,$3.61B,0.14,$3.37B,$0.85B,25.36%,$3.37B,$-0.04B,-1.10%,$3.37B,$-0.04B,-1.10%,$3.37B,$0.23B,6.71%,$3.37B,$-0.04B,-1.16%,$3.37B,$-0.10B,-2.85%,$-0.10B,$3.61B,-2.82%,$-0.10B,$3.54B,-2.87%,$-0.10B,$6.35B,-1.63%,$-0.04B,$4.11B,-0.93%,$1075,$781,$294,$32,$63,$903,$172,$-1,$171,$16,$154,$154,$154,$233,$172,$87,87,$1.80,$1.82,$1004,$435,$99,$2832,$1525,$301,$65,$1172,$3516,$6349,$1101,$500,$1142,$1642,$2743,$0,$1530,$10,$3606,$6349,$-96,$263,$397,$660,$-388,$-76,$174,$-121,$204,$762,$-374,$0,$-2,$79,$-86,$-6,$-1,$-384,$1196,$-1305,$-109,$0,$0,$0,$20,$-89,$296,$37,$0
24,2012-09-30,22.15,$39.74,0.56,$33.90,0.65,$-7.94,0.0,$-7.71,0.0,$2.71B,$1.14B,2.38,$0.47B,$3.46B,0.14,$2.95B,$0.70B,23.64%,$2.95B,$-0.69B,-23.50%,$2.95B,$-0.69B,-23.50%,$2.95B,$-0.03B,-1.02%,$2.95B,$-0.69B,-23.40%,$2.95B,$-0.66B,-22.45%,$-0.66B,$3.46B,-19.40%,$-0.66B,$3.39B,-19.77%,$-0.66B,$5.98B,-11.52%,$-0.69B,$3.93B,-17.31%,$839,$600,$239,$32,$74,$732,$107,$4,$111,$23,$88,$88,$88,$171,$107,$87,88,$1.01,$1.00,$717,$538,$125,$2710,$1550,$0,$65,$816,$3272,$5982,$1140,$468,$915,$1384,$2524,$0,$1376,$-2,$3458,$5982,$-251,$202,$339,$541,$-253,$-286,$70,$93,$149,$435,$-339,$0,$-2,$80,$-86,$-6,$3,$-344,$-953,$815,$-138,$0,$0,$0,$54,$-84,$9,$21,$0
25,2012-06-30,15.06,$38.65,0.39,$35.88,0.42,$-16.57,0.0,$-6.46,0.0,$2.46B,$0.96B,2.56,$0.47B,$3.36B,0.14,$3.12B,$0.84B,26.86%,$3.12B,$-0.58B,-18.53%,$3.12B,$-0.58B,-18.53%,$3.12B,$0.08B,2.69%,$3.12B,$-0.58B,-18.56%,$3.12B,$-0.55B,-17.76%,$-0.55B,$3.36B,-15.56%,$-0.55B,$3.30B,-16.31%,$-0.55B,$5.49B,-9.74%,$-0.58B,$3.83B,-13.83%,$957,$714,$244,$32,$52,$818,$140,$-4,$135,$24,$111,$111,$111,$205,$140,$87,88,$1.28,$1.27,$744,$581,$153,$2464,$1567,$267,$65,$362,$3023,$5487,$962,$471,$693,$1164,$2126,$0,$1288,$-5,$3361,$5487,$-338,$138,$300,$438,$115,$-280,$28,$261,$312,$412,$-282,$0,$-2,$69,$-81,$-12,$-5,$-301,$-735,$590,$-145,$0,$0,$0,$59,$-86,$25,$7,$0
26,2012-03-31,25.05,$37.01,0.68,$31.07,0.81,$-25.37,0.0,$-7.03,0.0,$2.90B,$1.17B,2.48,$0.81B,$3.21B,0.25,$2.70B,$0.79B,29.27%,$2.70B,$-0.65B,-24.22%,$2.70B,$-0.65B,-24.22%,$2.70B,$-0.00B,0.00%,$2.70B,$-0.64B,-23.81%,$2.70B,$-0.60B,-22.40%,$-0.60B,$3.21B,-16.59%,$-0.60B,$3.14B,-17.88%,$-0.60B,$5.77B,-10.88%,$-0.65B,$4.02B,-15.45%,$497,$420,$77,$36,$92,$953,$-456,$-0,$-456,$-7,$-449,$-449,$-449,$-383,$-456,$87,87,$-5.20,$-5.20,$664,$583,$123,$2900,$1541,$86,$65,$469,$2873,$5774,$1171,$806,$587,$1393,$2565,$0,$1177,$-11,$3209,$5774,$-449,$73,$377,$450,$-27,$-251,$14,$89,$-16,$-16,$-124,$0,$-2,$43,$-81,$-37,$-18,$-182,$-13,$200,$187,$0,$0,$0,$9,$196,$5,$24,$0
27,2011-12-31,33.76,$42.14,0.8,$31.84,1.06,$-26.19,0.0,$-0.50,0.0,$2.61B,$0.97B,2.68,$0.62B,$3.64B,0.17,$2.77B,$0.97B,35.14%,$2.77B,$-0.07B,-2.46%,$2.77B,$-0.07B,-2.46%,$2.77B,$0.56B,20.28%,$2.77B,$-0.05B,-1.92%,$2.77B,$-0.04B,-1.41%,$-0.04B,$3.64B,-1.05%,$-0.04B,$3.58B,-1.16%,$-0.04B,$5.78B,-0.75%,$-0.07B,$4.26B,-1.64%,$660,$522,$138,$38,$126,$1146,$-485,$4,$-481,$-68,$-413,$-413,$-413,$-23,$-485,$86,86,$-4.81,$-4.74,$672,$476,$54,$2613,$1816,$317,$65,$442,$3164,$5778,$974,$619,$541,$1160,$2134,$0,$1626,$-5,$3644,$5778,$-39,$629,$-85,$544,$-530,$-348,$95,$-531,$-537,$-33,$-731,$0,$-21,$161,$-63,$99,$-23,$-676,$516,$-80,$436,$8,$8,$0,$127,$571,$-160,$114,$0
28,2011-09-30,63.21,$46.61,1.36,$31.22,2.02,$-15.96,0.0,$6.08,10.4,$2.43B,$0.75B,3.25,$0.58B,$4.03B,0.15,$2.72B,$1.13B,41.64%,$2.72B,$0.58B,21.47%,$2.72B,$0.58B,21.47%,$2.72B,$0.79B,29.20%,$2.72B,$0.60B,22.13%,$2.72B,$0.53B,19.51%,$0.53B,$4.03B,14.39%,$0.53B,$3.57B,16.41%,$0.53B,$5.72B,10.89%,$0.58B,$4.61B,14.61%,$1006,$627,$379,$38,$113,$783,$223,$0,$223,$26,$197,$197,$197,$285,$223,$86,87,$2.28,$2.25,$763,$433,$43,$2430,$1840,$236,$459,$431,$3293,$5723,$747,$583,$368,$951,$1698,$0,$2039,$21,$4026,$5723,$374,$167,$-49,$118,$-520,$-281,$81,$-205,$-535,$-44,$-614,$0,$-21,$229,$-63,$166,$-34,$-502,$-328,$694,$367,$8,$8,$0,$84,$458,$-87,$86,$0
29,2011-06-30,132.27,$42.66,3.1,$28.89,4.58,$-8.65,0.0,$5.87,22.53,$1.84B,$0.59B,3.1,$0.33B,$3.68B,0.09,$2.51B,$1.07B,42.82%,$2.51B,$0.57B,22.81%,$2.51B,$0.57B,22.81%,$2.51B,$0.76B,30.10%,$2.51B,$0.59B,23.56%,$2.51B,$0.51B,20.33%,$0.51B,$3.68B,14.57%,$0.51B,$3.22B,16.69%,$0.51B,$4.94B,11.36%,$0.57B,$4.01B,15.38%,$533,$338,$195,$33,$87,$468,$65,$7,$72,$11,$61,$61,$61,$121,$65,$86,87,$0.71,$0.70,$464,$323,$179,$1836,$1728,$226,$459,$380,$3103,$4939,$592,$332,$333,$666,$1258,$0,$1843,$-40,$3682,$4939,$177,$104,$7,$111,$-293,$-153,$79,$-239,$-534,$-247,$-390,$0,$-21,$188,$-63,$125,$-23,$-309,$110,$0,$110,$8,$8,$0,$19,$137,$-408,$57,$0
30,2011-03-31,160.84,$41.43,3.88,$29.58,5.44,$-2.87,0.0,$7.01,22.94,$1.39B,$0.47B,2.97,$0.10B,$3.57B,0.03,$2.56B,$1.16B,45.38%,$2.56B,$0.69B,26.80%,$2.56B,$0.69B,26.80%,$2.56B,$0.85B,33.28%,$2.56B,$0.70B,27.27%,$2.56B,$0.61B,23.72%,$0.61B,$3.57B,18.24%,$0.61B,$3.11B,20.75%,$0.61B,$4.43B,14.61%,$0.69B,$3.67B,19.65%,$567,$308,$260,$31,$87,$438,$129,$4,$133,$17,$116,$116,$116,$178,$129,$85,87,$1.36,$1.33,$556,$271,$16,$1394,$1550,$305,$459,$430,$3040,$4434,$470,$104,$295,$398,$868,$0,$1782,$-51,$3566,$4434,$116,$48,$18,$66,$-57,$-73,$16,$-92,$-226,$-44,$-169,$0,$-21,$-11,$-63,$-73,$0,$-263,$-14,$-100,$-114,$3,$3,$0,$-0,$-111,$-410,$26,$0
31,2010-12-31,130.14,$40.25,3.23,$29.66,4.39,$-1.29,0.0,$7.68,16.95,$1.58B,$0.47B,3.37,$0.21B,$3.46B,0.06,$2.56B,$1.19B,46.22%,$2.56B,$0.75B,29.21%,$2.56B,$0.75B,29.21%,$2.56B,$0.91B,35.30%,$2.56B,$0.76B,29.68%,$2.56B,$0.66B,25.90%,$0.66B,$3.46B,21.05%,$0.66B,$3.02B,23.77%,$0.66B,$4.38B,16.93%,$0.75B,$3.67B,22.53%,$610,$313,$297,$28,$91,$444,$166,$8,$173,$17,$156,$156,$156,$209,$166,$85,86,$1.83,$1.80,$934,$196,$5,$1584,$1431,$266,$433,$364,$2796,$4380,$470,$211,$245,$456,$925,$0,$1666,$-27,$3455,$4380,$664,$156,$-21,$135,$-92,$-70,$18,$-96,$-92,$705,$-589,$0,$-296,$95,$-43,$52,$92,$-742,$72,$0,$72,$9,$9,$0,$69,$150,$101,$100,$0
32,2010-09-30,147.35,$38.52,3.83,$30.15,4.89,$2.01,73.48,$7.53,19.57,$1.62B,$0.46B,3.53,$0.22B,$3.30B,0.07,$2.60B,$1.15B,44.47%,$2.60B,$0.73B,28.05%,$2.60B,$0.73B,28.05%,$2.60B,$0.88B,33.91%,$2.60B,$0.74B,28.44%,$2.60B,$0.65B,25.05%,$0.65B,$3.30B,22.01%,$0.65B,$2.87B,24.71%,$0.65B,$4.20B,17.74%,$0.73B,$3.53B,23.42%,$798,$476,$322,$21,$85,$586,$212,$1,$213,$36,$177,$177,$177,$247,$212,$85,87,$2.08,$2.04,$833,$184,$0,$1615,$1245,$284,$433,$331,$2587,$4202,$458,$224,$219,$443,$900,$0,$1510,$-30,$3301,$4202,$508,$113,$-101,$12,$-246,$-46,$14,$-59,$-163,$356,$-377,$0,$-296,$69,$-43,$26,$63,$-584,$-14,$100,$86,$7,$7,$0,$102,$195,$-43,$71,$0
33,2010-06-30,113.83,$35.21,3.23,$26.54,4.29,$2.84,40.04,$7.28,15.64,$1.62B,$0.33B,4.97,$0.11B,$3.01B,0.04,$2.28B,$1.08B,47.28%,$2.28B,$0.68B,29.81%,$2.28B,$0.68B,29.81%,$2.28B,$0.83B,36.44%,$2.28B,$0.69B,30.29%,$2.28B,$0.63B,27.48%,$0.63B,$3.01B,22.82%,$0.63B,$2.73B,25.48%,$0.63B,$3.63B,18.48%,$0.68B,$3.13B,23.56%,$588,$304,$284,$23,$79,$407,$180,$-0,$180,$21,$159,$159,$159,$219,$180,$85,86,$1.87,$1.84,$796,$194,$0,$1616,$1095,$270,$287,$176,$2015,$3631,$325,$114,$180,$294,$619,$0,$1333,$-17,$3012,$3631,$331,$78,$44,$122,$-160,$-50,$2,$-142,$-345,$108,$-240,$0,$0,$-4,$-43,$-47,$63,$-224,$-14,$0,$-14,$4,$4,$0,$-0,$-10,$-154,$45,$0
34,2010-03-31,122.65,$33.38,3.67,$25.87,4.74,$3.63,33.77,$7.55,16.25,$1.41B,$0.32B,4.36,$0.14B,$2.85B,0.05,$2.22B,$1.09B,49.23%,$2.22B,$0.70B,31.72%,$2.22B,$0.70B,31.72%,$2.22B,$0.85B,38.13%,$2.22B,$0.71B,32.08%,$2.22B,$0.65B,29.24%,$0.65B,$2.85B,25.30%,$0.65B,$2.56B,28.51%,$0.65B,$3.47B,20.20%,$0.70B,$2.98B,25.93%,$568,$286,$282,$23,$67,$377,$191,$4,$195,$23,$172,$172,$172,$230,$191,$85,86,$2.04,$2.00,$714,$172,$0,$1405,$1030,$408,$287,$167,$2069,$3474,$322,$136,$168,$304,$627,$0,$1174,$-4,$2847,$3474,$172,$39,$16,$55,$-81,$-26,$-1,$-75,$-196,$31,$-106,$0,$0,$-150,$-43,$-193,$37,$-262,$-1,$0,$-1,$1,$1,$0,$2,$2,$-244,$19,$0
35,2009-12-31,135.4,$31.13,4.35,$24.34,5.56,$4.23,32.04,$7.54,17.96,$1.35B,$0.40B,3.42,$0.15B,$2.65B,0.06,$2.07B,$1.04B,50.53%,$2.07B,$0.68B,32.91%,$2.07B,$0.68B,32.91%,$2.07B,$0.81B,39.16%,$2.07B,$0.69B,33.20%,$2.07B,$0.64B,31.03%,$0.64B,$2.65B,28.17%,$0.64B,$2.37B,31.26%,$0.64B,$3.35B,22.02%,$0.68B,$2.80B,27.86%,$641,$375,$266,$24,$97,$497,$145,$6,$150,$9,$142,$142,$142,$184,$145,$84,85,$1.68,$1.64,$785,$153,$1,$1351,$989,$391,$287,$180,$1998,$3350,$395,$146,$155,$302,$697,$0,$1001,$-10,$2653,$3350,$640,$130,$48,$178,$-153,$-52,$31,$-49,$-144,$675,$-280,$0,$0,$-342,$-4,$-347,$-75,$-702,$-78,$45,$-33,$6,$6,$0,$6,$-22,$-52,$89,$0
36,2009-09-30,152.86,$28.91,5.29,$22.08,6.92,$-0.38,0.0,$7.50,20.38,$1.20B,$0.35B,3.47,$0.16B,$2.46B,0.07,$1.86B,$1.01B,54.44%,$1.86B,$0.70B,37.44%,$1.86B,$0.70B,37.44%,$1.86B,$0.81B,43.36%,$1.86B,$0.71B,38.08%,$1.86B,$0.63B,34.00%,$0.63B,$2.46B,31.75%,$0.63B,$2.18B,34.55%,$0.63B,$3.10B,24.29%,$0.70B,$2.62B,32.21%,$481,$236,$245,$24,$54,$318,$163,$2,$165,$12,$153,$153,$153,$197,$163,$84,86,$1.82,$1.79,$524,$178,$58,$1203,$963,$369,$284,$147,$1892,$3095,$347,$163,$126,$289,$636,$0,$860,$-36,$2459,$3095,$499,$91,$41,$132,$-276,$-71,$0,$-27,$-369,$261,$-211,$0,$0,$-358,$-4,$-362,$-32,$-605,$-19,$0,$-19,$5,$5,$0,$10,$-4,$-351,$55,$0
37,2009-06-30,162.2,$27.00,6.01,$20.71,7.83,$-1.82,0.0,$6.91,23.47,$1.24B,$0.37B,3.4,$0.16B,$2.29B,0.07,$1.73B,$0.96B,55.70%,$1.73B,$0.66B,38.39%,$1.73B,$0.66B,38.39%,$1.73B,$0.76B,43.78%,$1.73B,$0.68B,39.14%,$1.73B,$0.58B,33.47%,$0.58B,$2.29B,33.56%,$0.58B,$1.99B,35.61%,$0.58B,$2.91B,25.20%,$0.66B,$2.44B,35.14%,$526,$228,$298,$19,$73,$322,$204,$-3,$201,$21,$181,$181,$181,$234,$204,$84,86,$2.16,$2.11,$639,$163,$0,$1244,$912,$197,$295,$153,$1666,$2910,$366,$157,$102,$259,$625,$0,$706,$-45,$2285,$2910,$345,$56,$20,$76,$-282,$-48,$0,$11,$-338,$83,$-146,$0,$0,$-193,$-42,$-236,$-37,$-418,$34,$0,$34,$4,$4,$0,$16,$54,$-287,$33,$0
38,2009-03-31,132.7,$20.84,6.37,$17.83,7.44,$-2.46,0.0,$5.65,23.49,$1.24B,$0.32B,3.93,$0.20B,$1.71B,0.11,$1.47B,$0.81B,55.11%,$1.47B,$0.55B,37.33%,$1.47B,$0.55B,37.33%,$1.47B,$0.63B,42.57%,$1.47B,$0.57B,38.76%,$1.47B,$0.47B,31.81%,$0.47B,$1.71B,31.90%,$0.47B,$1.67B,32.66%,$0.47B,$2.29B,23.53%,$0.55B,$1.90B,33.92%,$418,$183,$235,$12,$49,$250,$168,$2,$170,$5,$165,$165,$165,$194,$168,$82,83,$2.01,$1.99,$797,$131,$0,$1240,$868,$70,$34,$16,$1049,$2288,$316,$195,$72,$267,$583,$0,$526,$-15,$1706,$2288,$165,$26,$12,$38,$-120,$-13,$0,$8,$-139,$64,$-86,$0,$0,$-81,$-0,$-81,$-14,$-181,$41,$0,$41,$1,$1,$0,$4,$47,$-91,$15,$0
39,2008-12-31,137.96,$18.54,7.44,$15.18,9.09,$-2.32,0.0,$4.23,32.61,$1.08B,$0.38B,2.82,$0.16B,$1.51B,0.11,$1.25B,$0.68B,54.37%,$1.25B,$0.44B,35.12%,$1.25B,$0.44B,35.12%,$1.25B,$0.50B,39.94%,$1.25B,$0.46B,37.21%,$1.25B,$0.35B,27.99%,$0.35B,$1.51B,26.34%,$0.35B,$1.48B,27.03%,$0.35B,$2.12B,19.59%,$0.44B,$1.68B,30.30%,$434,$200,$234,$11,$53,$272,$161,$10,$172,$39,$133,$133,$133,$181,$161,$80,82,$1.65,$1.62,$792,$122,$0,$1077,$843,$85,$34,$15,$1037,$2115,$382,$164,$56,$220,$601,$0,$361,$-24,$1513,$2115,$348,$60,$22,$82,$-41,$-85,$0,$-51,$33,$463,$-459,$0,$0,$191,$-16,$176,$-25,$-308,$97,$0,$97,$16,$16,$0,$64,$178,$312,$59,$0
40,2008-09-30,188.91,$17.08,11.06,$12.47,15.14,$-2.84,0.0,$3.39,55.73,$0.96B,$0.30B,3.23,$0.14B,$1.39B,0.1,$1.01B,$0.56B,54.73%,$1.01B,$0.36B,35.01%,$1.01B,$0.36B,35.01%,$1.01B,$0.40B,39.64%,$1.01B,$0.38B,37.28%,$1.01B,$0.28B,27.51%,$0.28B,$1.39B,22.85%,$0.28B,$1.35B,23.50%,$0.28B,$1.86B,17.48%,$0.36B,$1.53B,26.93%,$349,$153,$195,$10,$49,$219,$130,$3,$133,$34,$99,$99,$99,$147,$130,$80,82,$1.23,$1.20,$715,$126,$0,$962,$750,$44,$34,$14,$897,$1860,$298,$141,$36,$177,$475,$0,$228,$12,$1385,$1860,$216,$40,$33,$73,$-24,$-88,$0,$-39,$-29,$260,$-331,$0,$0,$149,$-15,$133,$0,$-197,$59,$0,$59,$14,$14,$0,$49,$123,$178,$44,$0
41,2008-06-30,272.82,$15.63,17.46,$10.26,26.6,$-2.48,0.0,$2.77,98.49,$0.84B,$0.28B,3.0,$0.11B,$1.25B,0.09,$0.82B,$0.44B,53.64%,$0.82B,$0.27B,33.13%,$0.82B,$0.27B,33.13%,$0.82B,$0.31B,37.62%,$0.82B,$0.30B,36.29%,$0.82B,$0.23B,27.43%,$0.23B,$1.25B,20.18%,$0.23B,$1.22B,20.64%,$0.23B,$1.68B,15.86%,$0.27B,$1.36B,22.75%,$267,$122,$145,$8,$44,$178,$89,$5,$94,$24,$70,$70,$70,$103,$89,$80,82,$0.87,$0.85,$633,$107,$0,$839,$674,$58,$34,$15,$837,$1675,$279,$109,$37,$145,$425,$0,$129,$-6,$1251,$1675,$116,$23,$7,$30,$-35,$-66,$0,$-8,$-24,$122,$-235,$0,$0,$146,$-15,$131,$0,$-104,$19,$0,$19,$7,$7,$0,$50,$76,$107,$26,$0
42,2008-03-31,231.14,$14.44,16.0,$8.01,28.84,$-1.83,0.0,$2.50,92.46,$0.80B,$0.23B,3.51,$0.07B,$1.15B,0.06,$0.63B,$0.33B,51.26%,$0.63B,$0.19B,29.97%,$0.63B,$0.19B,29.97%,$0.63B,$0.22B,34.54%,$0.63B,$0.21B,33.60%,$0.63B,$0.20B,31.55%,$0.20B,$1.15B,21.56%,$0.20B,$1.12B,21.96%,$0.20B,$1.48B,16.85%,$0.19B,$1.22B,18.91%,$197,$93,$104,$5,$29,$139,$58,$7,$65,$19,$47,$47,$47,$67,$58,$79,82,$0.59,$0.57,$681,$59,$0,$798,$529,$55,$34,$9,$679,$1477,$228,$70,$28,$98,$326,$0,$60,$-9,$1151,$1477,$47,$9,$8,$17,$-3,$-17,$0,$-3,$-1,$63,$-75,$0,$0,$177,$-12,$165,$0,$91,$-26,$0,$-26,$6,$6,$0,$40,$20,$186,$11,$0
43,2007-12-31,267.14,$13.96,19.13,$6.49,41.17,$-1.71,0.0,$2.00,133.57,$0.80B,$0.18B,4.43,$0.07B,$1.10B,0.06,$0.50B,$0.25B,49.80%,$0.50B,$0.14B,27.18%,$0.50B,$0.14B,27.18%,$0.50B,$0.16B,32.14%,$0.50B,$0.16B,30.95%,$0.50B,$0.16B,31.35%,$0.16B,$1.10B,21.49%,$0.16B,$1.06B,21.73%,$0.16B,$1.37B,16.25%,$0.14B,$1.17B,16.86%,$201,$90,$111,$4,$24,$123,$78,$8,$86,$23,$63,$63,$63,$85,$78,$75,78,$0.83,$0.80,$637,$40,$0,$803,$430,$47,$33,$6,$569,$1371,$181,$69,$24,$93,$274,$0,$13,$5,$1097,$1371,$158,$24,$-47,$-22,$11,$-20,$0,$-11,$70,$206,$-242,$0,$-6,$-293,$-6,$-299,$0,$-547,$15,$0,$15,$376,$376,$0,$40,$430,$96,$39,$0
44,2007-09-30,117.74,$12.58,9.36,$4.71,25.01,$-3.56,0.0,$1.35,87.21,$0.80B,$0.11B,7.09,$0.07B,$0.98B,0.07,$0.36B,$0.17B,46.63%,$0.36B,$0.07B,19.10%,$0.36B,$0.11B,31.46%,$0.36B,$0.09B,25.28%,$0.36B,$0.12B,34.55%,$0.36B,$0.10B,28.93%,$0.10B,$0.98B,18.27%,$0.10B,$0.98B,18.27%,$0.10B,$1.18B,13.30%,$0.07B,$1.05B,10.64%,$159,$77,$82,$4,$27,$111,$48,$5,$54,$8,$46,$46,$46,$55,$48,$76,79,$0.61,$0.58,$682,$32,$0,$796,$318,$14,$0,$4,$381,$1177,$112,$72,$12,$84,$196,$0,$-50,$4,$981,$1177,$95,$18,$-38,$-20,$6,$-14,$0,$-8,$31,$106,$-146,$0,$0,$-564,$-6,$-570,$0,$-716,$18,$0,$18,$373,$373,$0,$25,$416,$-191,$29,$0
