,Date,Stock Price,Book Value per Share,Price to Book Ratio,TTM Sales per Share,Price to Sales Ratio,TTM FCF per Share,Price to FCF Ratio,TTM Net EPS,PE Ratio,Current Assets,Current Liabilities,Current Ratio,Long Term Debt,Shareholder's Equity_x,Debt to Equity Ratio,TTM Revenue_x,TTM Gross Profit,Gross Margin,TTM Revenue_y,TTM Operating Income,Operating Margin,TTM Revenue_x,TTM EBIT,EBIT Margin,TTM Revenue_y,TTM EBITDA,EBITDA Margin,TTM Revenue_x,TTM Pre-Tax Income,Pre-Tax Margin,TTM Revenue_y,TTM Net Income_x,Net Margin,TTM Net Income_y,Shareholder's Equity_y,Return on Equity,TTM Net Income_x,Tangible Equity,Return on Tangible Equity,TTM Net Income_y,Total Assets,Return on Assets,TTM Net Income,LT Investments & Debt,Return on Investment,revenue,cost-goods-sold,gross-profit,research-development-expenses,selling-general-administrative-expenses,operating-expenses,operating-income,total-non-operating-income-expense,pre-tax-income,total-provision-income-taxes,income-after-taxes,income-from-continuous-operations,net-income,ebitda,ebit,basic-shares-outstanding,shares-outstanding,eps-basic-net-earnings-per-share,eps-earnings-per-share-diluted,cash-on-hand,inventory,other-current-assets,total-current-assets,net-property-plant-equipment,long-term-investments,goodwill-intangible-assets-total,other-long-term-assets,total-long-term-assets,total-assets,total-current-liabilities,long-term-debt,other-non-current-liabilities,total-long-term-liabilities,total-liabilities,common-stock-net,retained-earnings-accumulated-deficit,comprehensive-income,total-share-holder-equity,total-liabilities-share-holders-equity,net-income-loss,total-depreciation-amortization-cash-flow,other-non-cash-items,total-non-cash-items,change-in-accounts-receivable,change-in-inventories,change-in-accounts-payable,change-in-assets-liabilities,total-change-in-assets-liabilities,cash-flow-from-operating-activities,net-change-in-property-plant-equipment,net-change-in-intangible-assets,net-acquisitions-divestitures,net-change-in-short-term-investments,net-change-in-long-term-investments,net-change-in-investments-total,investing-activities-other,cash-flow-from-investing-activities,net-long-term-debt,net-current-debt,debt-issuance-retirement-net-total,net-common-equity-issued-repurchased,net-total-equity-issued-repurchased,total-common-preferred-stock-dividends-paid,financial-activities-other,cash-flow-from-financial-activities,net-cash-flow,stock-based-compensation,common-stock-dividends-paid
0,2018-09-30,4.37,$3.75,1.16,$1.75,2.5,$0.31,14.28,$0.41,10.66,$0.24B,$0.05B,4.43,$0.04B,$0.60B,0.07,$0.28B,$0.11B,40.50%,$0.28B,$0.11B,40.50%,$0.28B,$0.11B,40.50%,$0.28B,$0.16B,55.91%,$0.28B,$0.12B,41.94%,$0.28B,$0.07B,23.66%,$0.07B,$0.60B,11.32%,$0.07B,$0.60B,11.32%,$0.07B,$0.74B,9.19%,$0.11B,$0.64B,18.15%,$60,$43,$16,$0,$5,$49,$11,$2,$13,$6,$7,$7,$7,$22,$11,$160,160,$0.04,$0.04,$180,$21,$2,$237,$462,$4,$0,$30,$502,$738,$53,$40,$16,$85,$138,$420,$161,$0,$600,$738,$32,$34,$24,$58,$6,$-0,$-3,$0,$3,$64,$-62,$0,$0,$-95,$-0,$-95,$-35,$-192,$0,$-1,$-1,$1,$1,$0,$-1,$-1,$-128,$-3,$0
1,2018-06-30,5.68,$3.70,1.54,$1.78,3.19,$0.35,16.24,$0.43,13.21,$0.25B,$0.05B,5.1,$0.04B,$0.59B,0.07,$0.28B,$0.12B,43.11%,$0.28B,$0.12B,42.76%,$0.28B,$0.12B,42.76%,$0.28B,$0.16B,57.95%,$0.28B,$0.12B,42.40%,$0.28B,$0.07B,24.38%,$0.07B,$0.59B,12.20%,$0.07B,$0.59B,12.20%,$0.07B,$0.72B,9.90%,$0.12B,$0.63B,20.00%,$74,$42,$31,$0,$8,$51,$22,$3,$25,$14,$11,$11,$11,$34,$22,$160,160,$0.07,$0.07,$200,$17,$2,$253,$438,$4,$0,$23,$469,$721,$50,$40,$12,$80,$130,$419,$154,$0,$591,$721,$25,$23,$-4,$19,$5,$-1,$-7,$1,$-2,$42,$-27,$0,$0,$-69,$0,$-69,$-26,$-122,$-1,$0,$-1,$0,$0,$0,$-1,$-1,$-81,$-2,$0
2,2018-03-31,5.21,$3.62,1.44,$1.72,3.03,$0.26,20.15,$0.42,12.4,$0.27B,$0.05B,5.39,$0.04B,$0.58B,0.07,$0.27B,$0.11B,41.39%,$0.27B,$0.11B,41.39%,$0.27B,$0.11B,41.39%,$0.27B,$0.16B,57.14%,$0.27B,$0.11B,40.29%,$0.27B,$0.07B,24.54%,$0.07B,$0.58B,12.25%,$0.07B,$0.58B,12.25%,$0.07B,$0.71B,9.90%,$0.11B,$0.62B,19.27%,$70,$39,$31,$0,$7,$48,$22,$-0,$22,$9,$14,$14,$14,$33,$22,$160,160,$0.09,$0.09,$218,$19,$2,$270,$431,$3,$0,$2,$437,$708,$50,$40,$12,$80,$130,$418,$143,$0,$578,$708,$14,$11,$-3,$8,$7,$-1,$-1,$0,$-2,$20,$-11,$0,$0,$-18,$0,$-18,$-2,$-31,$-1,$0,$-1,$0,$0,$0,$-1,$-1,$-12,$-3,$0
3,2017-12-31,5.22,$3.53,1.48,$1.70,3.07,$0.19,27.83,$0.41,12.73,$0.27B,$0.06B,4.5,$0.04B,$0.56B,0.07,$0.27B,$0.11B,40.67%,$0.27B,$0.11B,41.42%,$0.27B,$0.11B,41.42%,$0.27B,$0.15B,57.09%,$0.27B,$0.11B,39.55%,$0.27B,$0.07B,24.63%,$0.07B,$0.56B,12.46%,$0.07B,$0.56B,12.46%,$0.07B,$0.71B,10.02%,$0.11B,$0.60B,19.50%,$75,$40,$35,$1,$9,$18,$58,$-1,$57,$23,$34,$34,$34,$67,$58,$158,158,$0.22,$0.22,$213,$18,$2,$272,$430,$3,$0,$0,$434,$707,$61,$40,$14,$82,$143,$418,$129,$0,$564,$707,$66,$43,$-23,$19,$-12,$-5,$1,$-2,$-15,$70,$-47,$0,$0,$8,$0,$8,$0,$-39,$-2,$0,$-2,$77,$77,$0,$-5,$70,$101,$-0,$0
4,2017-09-30,4.38,$3.32,1.32,$1.64,2.67,$0.13,33.31,$0.24,18.25,$0.25B,$0.05B,4.77,$0.04B,$0.53B,0.08,$0.25B,$0.10B,37.85%,$0.25B,$0.07B,28.29%,$0.25B,$0.07B,28.29%,$0.25B,$0.11B,45.42%,$0.25B,$0.07B,26.69%,$0.25B,$0.04B,15.54%,$0.04B,$0.53B,7.89%,$0.04B,$0.53B,7.89%,$0.04B,$0.65B,6.26%,$0.07B,$0.57B,13.28%,$64,$39,$25,$0,$5,$45,$19,$-3,$16,$5,$10,$10,$10,$30,$19,$159,160,$0.06,$0.06,$197,$17,$1,$250,$398,$3,$0,$1,$403,$653,$52,$40,$14,$71,$124,$418,$95,$0,$529,$653,$32,$33,$21,$54,$-8,$-4,$-4,$-1,$-16,$41,$-32,$0,$0,$-39,$0,$-39,$-3,$-75,$0,$-2,$-2,$76,$76,$0,$-5,$70,$36,$-3,$0
5,2017-06-30,4.89,$3.25,1.51,$1.70,2.88,$0.05,99.39,$0.25,19.56,$0.24B,$0.05B,4.84,$0.04B,$0.52B,0.08,$0.25B,$0.10B,38.89%,$0.25B,$0.07B,28.97%,$0.25B,$0.07B,28.97%,$0.25B,$0.12B,45.63%,$0.25B,$0.07B,28.57%,$0.25B,$0.04B,15.48%,$0.04B,$0.52B,8.41%,$0.04B,$0.52B,8.41%,$0.04B,$0.64B,6.55%,$0.07B,$0.56B,14.49%,$64,$42,$22,$0,$6,$50,$14,$1,$15,$6,$9,$9,$9,$26,$14,$159,160,$0.06,$0.06,$189,$15,$0,$235,$396,$3,$0,$3,$402,$638,$49,$40,$13,$72,$121,$417,$85,$0,$517,$638,$22,$22,$-0,$22,$-5,$-2,$-4,$1,$-22,$21,$-21,$0,$0,$-115,$0,$-115,$-4,$-139,$-1,$0,$-1,$76,$76,$0,$-5,$70,$-48,$-3,$0
6,2017-03-31,5.2,$3.19,1.63,$1.64,3.17,$-0.12,0.0,$0.18,28.89,$0.24B,$0.06B,4.34,$0.04B,$0.51B,0.08,$0.23B,$0.09B,39.66%,$0.23B,$0.06B,27.16%,$0.23B,$0.06B,27.16%,$0.23B,$0.10B,43.10%,$0.23B,$0.06B,25.86%,$0.23B,$0.03B,12.50%,$0.03B,$0.51B,7.22%,$0.03B,$0.51B,7.22%,$0.03B,$0.64B,5.44%,$0.06B,$0.55B,14.26%,$65,$38,$27,$0,$5,$45,$20,$-2,$18,$5,$13,$13,$13,$30,$20,$154,154,$0.08,$0.08,$191,$14,$0,$239,$394,$3,$0,$2,$400,$638,$55,$40,$13,$75,$130,$417,$76,$0,$508,$638,$13,$11,$-2,$8,$-7,$-1,$0,$1,$-12,$9,$-11,$0,$0,$-69,$0,$-69,$0,$-80,$-1,$0,$-1,$76,$76,$0,$-5,$71,$-0,$-4,$0
7,2016-12-31,5.65,$2.88,1.96,$1.55,3.65,$-0.23,0.0,$0.12,47.08,$0.17B,$0.06B,2.87,$0.04B,$0.42B,0.1,$0.21B,$0.08B,38.57%,$0.21B,$0.05B,23.33%,$0.21B,$0.05B,23.33%,$0.21B,$0.08B,39.05%,$0.21B,$0.05B,22.86%,$0.21B,$0.02B,9.05%,$0.02B,$0.42B,5.56%,$0.02B,$0.42B,5.56%,$0.02B,$0.56B,4.03%,$0.05B,$0.46B,12.84%,$58,$37,$21,$-0,$2,$40,$18,$-0,$18,$11,$7,$7,$7,$28,$18,$137,138,$0.04,$0.05,$126,$14,$0,$167,$394,$0,$0,$1,$396,$563,$58,$41,$16,$82,$140,$344,$63,$0,$423,$563,$18,$33,$8,$41,$-19,$-3,$5,$-1,$-6,$53,$-40,$0,$-5,$-6,$0,$-6,$0,$-51,$-1,$0,$-1,$10,$10,$0,$0,$9,$10,$8,$0
8,2016-09-30,7.24,$2.78,2.6,$1.41,5.12,$-0.34,0.0,$-0.05,0.0,$0.15B,$0.06B,2.64,$0.04B,$0.41B,0.1,$0.19B,$0.07B,37.04%,$0.19B,$0.01B,5.29%,$0.19B,$0.01B,5.29%,$0.19B,$0.04B,21.16%,$0.19B,$0.01B,4.76%,$0.19B,$-0.01B,-2.65%,$-0.01B,$0.41B,-1.66%,$-0.01B,$0.41B,-1.66%,$-0.01B,$0.54B,-1.17%,$0.01B,$0.45B,2.92%,$65,$37,$28,$0,$7,$44,$21,$-0,$21,$11,$10,$10,$10,$31,$21,$141,142,$0.08,$0.07,$105,$12,$0,$146,$396,$0,$0,$1,$397,$543,$55,$40,$17,$82,$137,$335,$58,$0,$406,$543,$11,$23,$-1,$22,$-21,$-2,$-1,$11,$-6,$27,$-31,$0,$-5,$-4,$0,$-4,$0,$-39,$-1,$0,$-1,$5,$5,$0,$-0,$5,$-8,$0,$0
9,2016-06-30,6.98,$2.06,3.39,$1.26,5.55,$-0.31,0.0,$-0.10,0.0,$0.13B,$0.04B,3.47,$0.04B,$0.27B,0.15,$0.16B,$0.05B,31.90%,$0.16B,$-0.01B,-3.07%,$0.16B,$-0.01B,-3.07%,$0.16B,$0.02B,13.50%,$0.16B,$-0.01B,-3.68%,$0.16B,$-0.01B,-7.36%,$-0.01B,$0.27B,-4.44%,$-0.01B,$0.27B,-4.44%,$-0.01B,$0.39B,-3.08%,$-0.01B,$0.31B,-1.61%,$44,$29,$16,$0,$12,$41,$4,$-0,$3,$5,$-1,$-1,$-1,$11,$4,$131,131,$-0.01,$-0.01,$91,$12,$0,$127,$259,$0,$0,$1,$261,$388,$36,$40,$17,$82,$118,$210,$46,$0,$269,$388,$1,$13,$-1,$13,$-16,$-1,$-8,$9,$-16,$-2,$-20,$0,$0,$2,$0,$2,$0,$-18,$-0,$0,$-0,$4,$4,$0,$-0,$4,$-16,$0,$0
10,2016-03-31,3.9,$2.06,1.89,$1.22,3.21,$-0.17,0.0,$-0.09,0.0,$0.13B,$0.05B,2.94,$0.04B,$0.27B,0.15,$0.16B,$0.05B,29.11%,$0.16B,$-0.00B,-2.53%,$0.16B,$-0.00B,-2.53%,$0.16B,$0.02B,13.92%,$0.16B,$-0.01B,-3.16%,$0.16B,$-0.01B,-6.96%,$-0.01B,$0.27B,-4.03%,$-0.01B,$0.27B,-4.03%,$-0.01B,$0.39B,-2.82%,$-0.00B,$0.31B,-1.28%,$43,$27,$16,$0,$10,$37,$6,$-1,$6,$3,$3,$3,$3,$12,$6,$129,130,$0.02,$0.02,$96,$10,$0,$131,$254,$0,$0,$6,$261,$392,$45,$40,$15,$79,$124,$207,$48,$0,$268,$392,$3,$6,$-0,$6,$-16,$1,$5,$4,$-9,$-0,$-16,$0,$0,$4,$0,$4,$2,$-9,$0,$0,$0,$2,$2,$0,$-0,$2,$-8,$0,$0
11,2015-12-31,2.25,$2.04,1.1,$1.19,1.88,$-0.02,0.0,$-0.08,0.0,$0.13B,$0.03B,3.75,$0.04B,$0.26B,0.15,$0.16B,$0.04B,27.74%,$0.16B,$-0.00B,-1.29%,$0.16B,$-0.00B,-1.29%,$0.16B,$0.02B,15.48%,$0.16B,$-0.00B,-1.94%,$0.16B,$-0.01B,-6.45%,$-0.01B,$0.26B,-3.64%,$-0.01B,$0.26B,-3.64%,$-0.01B,$0.38B,-2.63%,$-0.00B,$0.31B,-0.66%,$37,$27,$10,$0,$5,$58,$-21,$-1,$-21,$-4,$-17,$-17,$-17,$-14,$-21,$129,129,$-0.13,$-0.13,$108,$10,$0,$128,$242,$0,$0,$9,$252,$380,$34,$41,$16,$81,$115,$204,$45,$0,$264,$380,$-11,$26,$26,$52,$13,$3,$8,$-0,$14,$55,$-57,$0,$0,$-3,$0,$-3,$-7,$-66,$39,$0,$39,$2,$2,$0,$0,$41,$29,$1,$0
12,2015-09-30,2.18,$2.17,1.0,$1.21,1.81,$0.16,13.24,$0.05,43.6,$0.14B,$0.03B,4.78,$0.04B,$0.28B,0.14,$0.16B,$0.04B,27.56%,$0.16B,$0.02B,14.74%,$0.16B,$0.02B,14.74%,$0.16B,$0.05B,30.13%,$0.16B,$0.02B,13.46%,$0.16B,$0.01B,4.49%,$0.01B,$0.28B,2.52%,$0.01B,$0.28B,2.52%,$0.01B,$0.40B,1.88%,$0.02B,$0.32B,7.74%,$39,$29,$10,$0,$2,$33,$6,$-1,$6,$3,$3,$3,$3,$13,$6,$129,130,$0.02,$0.02,$110,$13,$0,$142,$246,$0,$0,$10,$256,$399,$30,$39,$16,$88,$118,$204,$63,$0,$281,$399,$7,$19,$1,$20,$5,$2,$5,$-1,$5,$32,$-31,$0,$0,$-9,$0,$-9,$-8,$-48,$39,$0,$39,$2,$2,$0,$0,$41,$24,$1,$0
13,2015-06-30,3.66,$0.00,0.0,$1.26,2.89,$0.32,11.61,$0.09,40.67,$0.15B,$0.03B,5.81,$0.04B,$0.28B,0.14,$0.16B,$0.05B,30.67%,$0.16B,$0.03B,18.40%,$0.16B,$0.03B,18.40%,$0.16B,$0.05B,32.52%,$0.16B,$0.03B,17.18%,$0.16B,$0.01B,7.36%,$0.01B,$0.28B,4.38%,$0.01B,$0.28B,4.38%,$0.01B,$0.39B,3.34%,$0.03B,$0.32B,10.56%,$39,$28,$10,$0,$5,$34,$5,$-0,$4,$4,$0,$0,$0,$11,$5,$129,130,$0.00,$0.00,$110,$14,$1,$148,$0,$0,$0,$7,$7,$392,$25,$39,$17,$89,$114,$204,$60,$0,$278,$392,$4,$13,$1,$14,$-2,$1,$2,$0,$-4,$14,$-17,$0,$0,$-36,$0,$-36,$-4,$-57,$39,$0,$39,$2,$2,$0,$0,$41,$-2,$1,$0
14,2015-03-31,3.84,$0.00,0.0,$1.31,2.93,$0.40,9.55,$0.11,34.91,$0.11B,$0.03B,4.18,$0.00B,$0.28B,0.0,$0.17B,$0.06B,33.33%,$0.17B,$0.03B,19.64%,$0.17B,$0.03B,19.64%,$0.17B,$0.06B,32.74%,$0.17B,$0.03B,18.45%,$0.17B,$0.02B,8.93%,$0.02B,$0.28B,5.57%,$0.02B,$0.28B,5.57%,$0.02B,$0.35B,4.37%,$0.03B,$0.28B,12.26%,$40,$27,$13,$0,$5,$32,$8,$0,$8,$4,$4,$4,$4,$14,$8,$129,130,$0.03,$0.03,$77,$14,$2,$113,$0,$0,$0,$4,$4,$351,$27,$0,$16,$47,$74,$202,$60,$0,$277,$351,$4,$6,$0,$7,$-0,$1,$3,$-0,$-2,$9,$-6,$0,$0,$-1,$0,$-1,$-2,$-9,$0,$0,$0,$1,$1,$0,$0,$1,$0,$1,$0
15,2014-12-31,4.55,$2.12,2.14,$1.38,3.3,$0.50,9.1,$0.12,37.92,$0.11B,$0.03B,3.57,$0.00B,$0.27B,0.0,$0.17B,$0.06B,34.48%,$0.17B,$0.03B,19.54%,$0.17B,$0.03B,19.54%,$0.17B,$0.06B,32.18%,$0.17B,$0.03B,18.39%,$0.17B,$0.02B,9.20%,$0.02B,$0.27B,6.08%,$0.02B,$0.27B,6.08%,$0.02B,$0.35B,4.77%,$0.03B,$0.27B,12.92%,$38,$28,$10,$0,$6,$34,$4,$-0,$3,$3,$0,$0,$0,$9,$4,$127,127,$0.00,$0.00,$77,$15,$0,$114,$234,$0,$0,$2,$236,$350,$32,$0,$17,$46,$78,$201,$56,$2,$273,$350,$16,$24,$7,$24,$-5,$0,$5,$-0,$14,$60,$-39,$0,$0,$-18,$0,$-18,$-0,$-57,$-0,$0,$-0,$8,$8,$0,$0,$8,$11,$6,$0
16,2014-09-30,4.06,$0.00,0.0,$1.37,2.97,$0.21,19.43,$0.00,0.0,$0.11B,$0.03B,3.53,$0.00B,$0.27B,0.0,$0.17B,$0.06B,34.88%,$0.17B,$0.01B,3.49%,$0.17B,$0.01B,3.49%,$0.17B,$0.03B,16.28%,$0.17B,$0.02B,12.21%,$0.17B,$0.00B,0.58%,$0.00B,$0.27B,0.39%,$0.00B,$0.27B,0.39%,$0.00B,$0.34B,0.31%,$0.01B,$0.27B,2.33%,$46,$30,$17,$0,$4,$33,$13,$-0,$13,$5,$8,$8,$8,$19,$13,$127,129,$0.06,$0.06,$72,$15,$1,$109,$0,$0,$0,$1,$1,$342,$31,$0,$16,$44,$75,$194,$56,$0,$268,$342,$16,$18,$5,$23,$-6,$0,$6,$1,$13,$51,$-31,$0,$0,$-15,$0,$-15,$1,$-45,$-0,$0,$-0,$4,$4,$0,$0,$3,$9,$4,$0
17,2014-06-30,5.51,$0.00,0.0,$1.25,4.42,$-0.13,0.0,$-0.06,0.0,$0.10B,$0.03B,3.81,$0.00B,$0.26B,0.0,$0.16B,$0.05B,32.69%,$0.16B,$-0.00B,-2.56%,$0.16B,$-0.00B,-2.56%,$0.16B,$0.02B,10.90%,$0.16B,$0.01B,6.41%,$0.16B,$-0.01B,-4.49%,$-0.01B,$0.26B,-2.74%,$-0.01B,$0.26B,-2.74%,$-0.01B,$0.33B,-2.22%,$-0.00B,$0.26B,-1.56%,$44,$28,$16,$0,$9,$37,$8,$-0,$7,$5,$3,$3,$3,$13,$8,$126,128,$0.02,$0.02,$60,$15,$1,$99,$0,$0,$0,$1,$1,$331,$26,$0,$17,$46,$72,$193,$48,$0,$259,$331,$8,$12,$0,$12,$0,$0,$0,$0,$1,$31,$-23,$0,$0,$0,$0,$-12,$1,$-35,$0,$0,$0,$0,$3,$0,$-0,$2,$-1,$0,$0
18,2014-03-31,3.67,$0.00,0.0,$1.14,3.22,$-0.31,0.0,$-0.16,0.0,$0.09B,$0.02B,4.05,$0.00B,$0.25B,0.0,$0.14B,$0.04B,28.87%,$0.14B,$-0.01B,-7.75%,$0.14B,$-0.01B,-7.75%,$0.14B,$0.01B,7.04%,$0.14B,$-0.01B,-8.45%,$0.14B,$-0.02B,-14.79%,$-0.02B,$0.25B,-8.19%,$-0.02B,$0.25B,-8.19%,$-0.02B,$0.32B,-6.77%,$-0.01B,$0.25B,-4.26%,$46,$28,$17,$0,$8,$36,$9,$-0,$9,$4,$5,$5,$5,$15,$9,$123,123,$0.04,$0.04,$62,$14,$2,$94,$0,$0,$0,$3,$3,$318,$23,$0,$15,$43,$66,$189,$45,$0,$253,$318,$5,$6,$0,$6,$0,$0,$0,$0,$7,$24,$-10,$0,$0,$0,$0,$-4,$-1,$-15,$0,$0,$0,$0,$0,$0,$-0,$0,$9,$0,$0
19,2013-12-31,2.87,$1.97,1.46,$1.09,2.62,$-0.40,0.0,$-0.15,0.0,$0.08B,$0.02B,4.95,$0.00B,$0.25B,0.01,$0.14B,$0.04B,29.93%,$0.14B,$-0.01B,-6.57%,$0.14B,$-0.01B,-6.57%,$0.14B,$0.01B,8.03%,$0.14B,$-0.01B,-7.30%,$0.14B,$-0.02B,-13.87%,$-0.02B,$0.25B,-7.27%,$-0.02B,$0.25B,-7.27%,$-0.02B,$0.30B,-6.08%,$-0.01B,$0.25B,-3.42%,$36,$26,$10,$0,$35,$61,$-24,$16,$-8,$6,$-15,$-15,$-15,$-19,$-24,$126,126,$-0.12,$-0.12,$49,$15,$2,$83,$291,$0,$0,$2,$293,$302,$17,$2,$10,$38,$55,$189,$40,$3,$248,$302,$-19,$20,$35,$20,$9,$-3,$-1,$-0,$4,$45,$-60,$0,$0,$-12,$0,$-12,$1,$-72,$-0,$0,$0,$1,$1,$0,$-0,$0,$-27,$3,$0
20,2013-09-30,3.65,$0.00,0.0,$1.11,3.3,$-0.21,0.0,$0.04,91.25,$0.08B,$0.02B,5.19,$0.00B,$0.26B,0.01,$0.14B,$0.04B,31.65%,$0.14B,$0.02B,16.55%,$0.14B,$0.02B,16.55%,$0.14B,$0.04B,30.94%,$0.14B,$0.01B,4.32%,$0.14B,$0.00B,2.88%,$0.00B,$0.26B,1.51%,$0.00B,$0.26B,1.51%,$0.00B,$0.31B,1.27%,$0.02B,$0.27B,8.61%,$30,$22,$8,$0,$5,$27,$3,$-1,$2,$2,$-0,$-0,$-0,$8,$3,$125,126,$0.00,$0.00,$42,$15,$1,$81,$0,$0,$0,$2,$3,$311,$16,$3,$9,$33,$48,$189,$55,$0,$263,$311,$-4,$15,$0,$15,$0,$0,$0,$0,$-2,$28,$-51,$0,$0,$0,$0,$-5,$0,$-56,$0,$0,$0,$0,$1,$0,$-0,$0,$-27,$0,$0
21,2013-06-30,3.31,$0.00,0.0,$1.21,2.73,$0.03,95.39,$0.10,33.1,$0.09B,$0.02B,4.92,$0.00B,$0.26B,0.01,$0.15B,$0.06B,35.95%,$0.15B,$0.03B,20.92%,$0.15B,$0.03B,20.92%,$0.15B,$0.05B,34.64%,$0.15B,$0.02B,10.46%,$0.15B,$0.01B,7.84%,$0.01B,$0.26B,4.56%,$0.01B,$0.26B,4.56%,$0.01B,$0.31B,3.82%,$0.03B,$0.26B,12.11%,$30,$24,$6,$0,$6,$29,$1,$-15,$-15,$-4,$-11,$-11,$-11,$6,$1,$124,125,$-0.08,$-0.08,$48,$14,$1,$86,$0,$0,$0,$3,$3,$310,$17,$2,$10,$31,$49,$188,$55,$0,$262,$310,$-4,$10,$0,$10,$0,$0,$0,$0,$2,$24,$-40,$0,$0,$0,$0,$1,$0,$-39,$0,$-0,$0,$0,$0,$0,$0,$-0,$-15,$0,$0
22,2013-03-31,4.3,$0.00,0.0,$1.28,3.35,$0.20,21.44,$0.21,20.48,$0.10B,$0.02B,5.22,$0.00B,$0.27B,0.01,$0.16B,$0.07B,40.74%,$0.16B,$0.04B,26.54%,$0.16B,$0.04B,26.54%,$0.16B,$0.07B,40.12%,$0.16B,$0.04B,24.07%,$0.16B,$0.03B,16.67%,$0.03B,$0.27B,10.42%,$0.03B,$0.27B,10.42%,$0.03B,$0.33B,8.73%,$0.04B,$0.27B,16.57%,$41,$24,$17,$0,$6,$30,$11,$0,$11,$4,$7,$7,$7,$16,$11,$124,125,$0.05,$0.05,$68,$12,$1,$103,$0,$0,$0,$3,$3,$327,$20,$2,$10,$36,$56,$188,$66,$0,$272,$327,$7,$5,$0,$5,$0,$0,$0,$0,$5,$22,$-18,$0,$0,$0,$0,$2,$-0,$-16,$0,$-0,$0,$0,$0,$0,$0,$-0,$5,$0,$0
23,2012-12-31,4.17,$0.00,0.0,$1.28,3.26,$0.14,28.78,$0.25,16.68,$0.11B,$0.02B,5.73,$0.00B,$0.26B,0.0,$0.16B,$0.07B,43.21%,$0.16B,$0.05B,30.25%,$0.16B,$0.05B,30.25%,$0.16B,$0.07B,43.21%,$0.16B,$0.05B,27.78%,$0.16B,$0.03B,19.14%,$0.03B,$0.26B,12.34%,$0.03B,$0.26B,12.34%,$0.03B,$0.32B,10.41%,$0.05B,$0.26B,19.50%,$38,$25,$13,$0,$5,$30,$8,$0,$8,$-0,$8,$8,$8,$13,$8,$124,126,$0.07,$0.07,$65,$13,$1,$106,$0,$0,$0,$3,$3,$316,$19,$0,$12,$33,$52,$188,$59,$0,$264,$316,$31,$21,$0,$21,$0,$0,$0,$0,$-8,$54,$-45,$0,$0,$0,$0,$11,$1,$-33,$0,$-1,$-1,$0,$1,$0,$0,$-1,$20,$0,$0
24,2012-09-30,5.32,$0.00,0.0,$1.16,4.58,$-0.16,0.0,$0.17,31.29,$0.11B,$0.02B,6.06,$0.00B,$0.26B,0.0,$0.16B,$0.08B,51.92%,$0.16B,$0.05B,31.41%,$0.16B,$0.05B,31.41%,$0.16B,$0.07B,44.23%,$0.16B,$0.04B,26.28%,$0.16B,$0.02B,13.46%,$0.02B,$0.26B,8.67%,$0.02B,$0.26B,8.67%,$0.02B,$0.31B,7.32%,$0.05B,$0.26B,20.23%,$44,$25,$19,$0,$7,$32,$12,$0,$12,$4,$8,$8,$8,$18,$12,$124,126,$0.06,$0.06,$63,$12,$11,$109,$0,$0,$0,$3,$3,$305,$18,$1,$6,$32,$50,$188,$51,$0,$255,$305,$23,$16,$0,$16,$0,$0,$0,$0,$-14,$36,$-29,$0,$0,$0,$0,$15,$0,$-14,$0,$0,$-1,$0,$1,$0,$-1,$-1,$22,$0,$0
25,2012-06-30,3.45,$0.00,0.0,$1.07,3.22,$-0.48,0.0,$0.19,18.16,$0.10B,$0.02B,6.55,$0.00B,$0.25B,0.0,$0.14B,$0.08B,56.94%,$0.14B,$0.05B,35.42%,$0.14B,$0.05B,35.42%,$0.14B,$0.07B,47.22%,$0.14B,$0.04B,30.56%,$0.14B,$0.02B,15.97%,$0.02B,$0.25B,9.78%,$0.02B,$0.25B,9.78%,$0.02B,$0.29B,8.27%,$0.05B,$0.25B,21.68%,$39,$22,$17,$0,$5,$26,$12,$-4,$8,$5,$4,$4,$4,$18,$12,$124,126,$0.03,$0.03,$61,$13,$11,$100,$0,$0,$0,$2,$2,$289,$15,$0,$7,$28,$44,$188,$43,$0,$245,$289,$15,$10,$0,$10,$0,$0,$0,$0,$-8,$22,$-17,$0,$0,$0,$0,$17,$1,$1,$0,$0,$-1,$0,$1,$0,$-1,$-1,$22,$0,$0
26,2012-03-31,4.52,$0.00,0.0,$0.96,4.72,$-0.63,0.0,$0.21,21.52,$0.09B,$0.02B,5.67,$0.00B,$0.24B,0.0,$0.13B,$0.08B,62.02%,$0.13B,$0.05B,37.21%,$0.13B,$0.05B,37.21%,$0.13B,$0.06B,47.29%,$0.13B,$0.05B,36.43%,$0.13B,$0.03B,19.38%,$0.03B,$0.24B,10.96%,$0.03B,$0.24B,10.96%,$0.03B,$0.28B,9.29%,$0.05B,$0.24B,21.05%,$41,$20,$21,$0,$4,$24,$17,$-0,$17,$5,$11,$11,$11,$21,$17,$123,125,$0.09,$0.09,$54,$13,$2,$94,$0,$0,$0,$2,$2,$281,$17,$0,$7,$23,$39,$188,$39,$0,$241,$281,$11,$5,$0,$5,$0,$0,$0,$0,$-11,$4,$-8,$0,$0,$0,$0,$17,$1,$10,$0,$0,$0,$0,$1,$0,$-0,$0,$15,$0,$0
27,2011-12-31,5.49,$0.00,0.0,$0.81,6.79,$-0.65,0.0,$0.16,34.31,$0.09B,$0.02B,3.71,$0.00B,$0.23B,0.0,$0.11B,$0.07B,65.45%,$0.11B,$0.04B,36.36%,$0.11B,$0.04B,36.36%,$0.11B,$0.05B,46.36%,$0.11B,$0.04B,34.55%,$0.11B,$0.02B,17.27%,$0.02B,$0.23B,8.63%,$0.02B,$0.23B,8.63%,$0.02B,$0.27B,7.32%,$0.04B,$0.23B,18.16%,$32,$8,$24,$1,$6,$24,$8,$-4,$4,$6,$-2,$-2,$-2,$12,$8,$176,176,$-0.01,$-0.01,$56,$11,$5,$87,$0,$0,$0,$2,$2,$272,$24,$0,$7,$20,$43,$187,$28,$0,$228,$272,$20,$9,$0,$9,$0,$0,$0,$0,$-4,$36,$-77,$0,$0,$0,$0,$4,$3,$-70,$0,$0,$0,$0,$4,$0,$-1,$2,$-32,$0,$0
28,2011-09-30,5.03,$0.00,0.0,$0.85,5.9,$-0.56,0.0,$0.21,23.95,$0.10B,$0.03B,3.79,$0.00B,$0.23B,0.0,$0.10B,$0.07B,64.71%,$0.10B,$0.04B,42.16%,$0.10B,$0.04B,42.16%,$0.10B,$0.05B,50.98%,$0.10B,$0.04B,42.16%,$0.10B,$0.03B,24.51%,$0.03B,$0.23B,11.64%,$0.03B,$0.23B,11.64%,$0.03B,$0.27B,9.91%,$0.04B,$0.23B,20.02%,$32,$12,$20,$0,$5,$18,$14,$1,$15,$5,$10,$10,$10,$17,$14,$123,125,$0.08,$0.08,$63,$9,$6,$95,$0,$0,$0,$2,$3,$270,$25,$0,$8,$18,$43,$183,$30,$0,$227,$270,$34,$5,$0,$5,$0,$0,$0,$0,$-2,$28,$-60,$0,$0,$0,$0,$19,$3,$-38,$0,$0,$0,$0,$1,$0,$-1,$1,$-10,$0,$0
29,2011-06-30,5.24,$0.00,0.0,$0.76,6.9,$-0.36,0.0,$0.11,47.64,$0.10B,$0.02B,4.83,$0.00B,$0.22B,0.0,$0.09B,$0.06B,65.91%,$0.09B,$0.03B,38.64%,$0.09B,$0.03B,38.64%,$0.09B,$0.04B,46.59%,$0.09B,$0.03B,30.68%,$0.09B,$0.01B,13.64%,$0.01B,$0.22B,6.10%,$0.01B,$0.22B,6.10%,$0.01B,$0.25B,5.18%,$0.03B,$0.22B,17.28%,$24,$9,$15,$0,$5,$15,$9,$2,$11,$5,$6,$6,$6,$11,$9,$123,125,$0.05,$0.05,$75,$6,$5,$97,$0,$0,$0,$9,$9,$253,$20,$0,$8,$17,$37,$181,$19,$0,$216,$253,$19,$3,$0,$3,$0,$0,$0,$0,$4,$20,$-34,$0,$0,$0,$0,$10,$-4,$-28,$0,$0,$0,$0,$0,$0,$-1,$-0,$-7,$0,$0
30,2011-03-31,5.49,$0.00,0.0,$0.69,7.92,$-0.27,0.0,$0.11,49.91,$0.11B,$0.02B,6.57,$0.00B,$0.21B,0.0,$0.08B,$0.05B,67.09%,$0.08B,$0.03B,40.51%,$0.08B,$0.03B,40.51%,$0.08B,$0.04B,49.37%,$0.08B,$0.03B,31.65%,$0.08B,$0.01B,15.19%,$0.01B,$0.21B,6.63%,$0.01B,$0.21B,6.63%,$0.01B,$0.24B,5.62%,$0.03B,$0.21B,17.68%,$22,$9,$13,$0,$4,$13,$9,$-1,$8,$3,$5,$5,$5,$11,$9,$123,124,$0.04,$0.04,$83,$5,$5,$105,$0,$0,$0,$10,$10,$243,$16,$0,$8,$17,$33,$181,$13,$0,$210,$243,$5,$2,$0,$2,$0,$0,$0,$0,$1,$8,$-13,$0,$0,$0,$0,$-0,$-6,$-19,$0,$0,$0,$0,$0,$0,$-0,$0,$-9,$0,$0
31,2010-12-31,4.79,$0.00,0.0,$0.69,6.99,$-0.23,0.0,$0.12,39.92,$0.11B,$0.02B,7.58,$0.00B,$0.21B,0.0,$0.08B,$0.05B,69.33%,$0.08B,$0.03B,41.33%,$0.08B,$0.03B,41.33%,$0.08B,$0.04B,50.67%,$0.08B,$0.03B,34.67%,$0.08B,$0.01B,16.00%,$0.01B,$0.21B,7.21%,$0.01B,$0.21B,7.21%,$0.01B,$0.24B,6.09%,$0.03B,$0.21B,18.62%,$24,$6,$18,$0,$5,$13,$11,$-2,$9,$4,$4,$4,$4,$13,$11,$106,106,$0.04,$0.04,$91,$4,$4,$112,$0,$0,$0,$5,$5,$243,$15,$0,$22,$22,$37,$180,$4,$0,$206,$243,$13,$7,$0,$7,$0,$0,$0,$0,$-1,$21,$-36,$0,$0,$0,$0,$-14,$-7,$-57,$0,$0,$0,$0,$75,$0,$-1,$74,$40,$0,$0
32,2010-09-30,3.09,$0.00,0.0,$0.62,5.01,$-0.09,0.0,$0.09,34.33,$0.07B,$0.01B,5.46,$0.00B,$0.16B,0.0,$0.07B,$0.05B,74.63%,$0.07B,$0.03B,40.30%,$0.07B,$0.03B,40.30%,$0.07B,$0.03B,49.25%,$0.07B,$0.02B,29.85%,$0.07B,$0.01B,13.43%,$0.01B,$0.16B,6.28%,$0.01B,$0.16B,6.28%,$0.01B,$0.19B,5.26%,$0.03B,$0.16B,18.85%,$18,$6,$12,$0,$5,$13,$5,$-5,$-1,$2,$-3,$-3,$-3,$6,$5,$110,110,$-0.02,$-0.02,$55,$4,$3,$72,$0,$0,$0,$5,$5,$187,$13,$0,$19,$19,$33,$137,$-1,$0,$155,$187,$9,$5,$0,$5,$0,$0,$0,$0,$0,$15,$-22,$0,$0,$0,$0,$-4,$-6,$-33,$0,$0,$0,$0,$32,$0,$-1,$31,$14,$0,$0
33,2010-06-30,1.96,$0.00,0.0,$0.60,3.29,$-0.05,0.0,$0.10,19.6,$0.08B,$0.01B,8.29,$0.00B,$0.15B,0.0,$0.06B,$0.05B,72.58%,$0.06B,$0.03B,41.94%,$0.06B,$0.03B,41.94%,$0.06B,$0.03B,53.23%,$0.06B,$0.02B,35.48%,$0.06B,$0.01B,17.74%,$0.01B,$0.15B,8.38%,$0.01B,$0.15B,8.38%,$0.01B,$0.18B,7.00%,$0.03B,$0.15B,19.77%,$15,$5,$10,$0,$1,$8,$7,$3,$9,$4,$6,$6,$6,$9,$7,$110,113,$0.05,$0.05,$65,$3,$5,$82,$0,$0,$0,$0,$0,$181,$10,$0,$18,$18,$28,$137,$2,$0,$153,$181,$11,$3,$0,$3,$0,$0,$0,$0,$-1,$9,$-11,$0,$0,$0,$0,$-10,$-1,$-22,$0,$0,$0,$0,$32,$0,$-1,$31,$18,$0,$0
34,2010-03-31,2.58,$0.00,0.0,$0.61,4.25,$-0.03,0.0,$0.06,43.0,$0.08B,$0.01B,9.3,$0.00B,$0.15B,0.0,$0.06B,$0.04B,70.00%,$0.06B,$0.02B,38.33%,$0.06B,$0.02B,38.33%,$0.06B,$0.03B,50.00%,$0.06B,$0.02B,26.67%,$0.06B,$0.01B,10.00%,$0.01B,$0.15B,5.06%,$0.01B,$0.15B,5.06%,$0.01B,$0.18B,4.20%,$0.02B,$0.15B,19.33%,$18,$5,$12,$0,$3,$10,$8,$1,$9,$4,$5,$5,$5,$10,$8,$100,105,$0.05,$0.05,$69,$3,$1,$81,$0,$0,$0,$0,$0,$177,$9,$0,$16,$16,$25,$136,$-4,$0,$152,$177,$5,$2,$0,$2,$0,$0,$0,$0,$-1,$4,$-4,$0,$0,$0,$0,$5,$-0,$1,$0,$0,$0,$0,$31,$0,$-0,$31,$37,$0,$0
35,2009-12-31,1.99,$0.00,0.0,$0.54,3.67,$-0.06,0.0,0,0.0,$0.05B,$0.01B,3.96,$0.00B,$0.11B,0.0,$0.05B,$0.03B,64.71%,$0.05B,$0.02B,29.41%,$0.05B,$0.02B,29.41%,$0.05B,$0.02B,41.18%,$0.05B,$0.01B,11.76%,$0.05B,0,0.00%,$0.00B,$0.11B,0.00%,$0.00B,$0.11B,0.00%,$0.00B,$0.14B,0.00%,$0.02B,$0.11B,14.29%,$16,$0,$16,$-1,$5,$10,$7,$-3,$3,$2,$1,$1,$1,$8,$7,$104,104,$0.01,$0.01,$37,$2,$1,$48,$0,$0,$0,$0,$0,$140,$12,$0,$15,$15,$27,$105,$-9,$0,$113,$140,$1,$6,$0,$6,$0,$0,$0,$0,$-2,$14,$-14,$0,$0,$0,$0,$-6,$3,$-17,$0,$0,$0,$0,$1,$0,$-1,$0,$1,$0,$0
36,2009-09-30,1.41,$0.00,0.0,$0.47,3.01,$-0.11,0.0,$-0.02,0.0,$0.05B,$0.01B,4.32,$0.00B,$0.11B,0.01,$0.04B,$0.02B,45.24%,$0.04B,$0.01B,19.05%,$0.04B,$0.01B,19.05%,$0.04B,$0.01B,33.33%,$0.04B,$0.00B,7.14%,$0.04B,$-0.00B,-4.76%,$-0.00B,$0.11B,-1.90%,$-0.00B,$0.11B,-1.90%,$-0.00B,$0.13B,-1.60%,$0.01B,$0.11B,7.55%,$13,$6,$7,$0,$3,$9,$4,$-4,$1,$1,$-1,$-1,$-1,$6,$4,$93,93,$-0.01,$-0.01,$34,$2,$1,$45,$0,$0,$0,$0,$0,$131,$10,$1,$13,$14,$25,$105,$-10,$0,$107,$131,$-0,$4,$0,$4,$0,$0,$0,$0,$-3,$8,$-10,$0,$0,$0,$0,$0,$2,$-7,$0,$0,$0,$0,$1,$0,$-1,$0,$4,$0,$0
