,Date,Stock Price,Book Value per Share,Price to Book Ratio,TTM Sales per Share,Price to Sales Ratio,TTM FCF per Share,Price to FCF Ratio,TTM Net EPS,PE Ratio,Current Assets,Current Liabilities,Current Ratio,Long Term Debt,Shareholder's Equity_x,Debt to Equity Ratio,TTM Revenue_x,TTM Gross Profit,Gross Margin,TTM Revenue_y,TTM Operating Income,Operating Margin,TTM Revenue_x,TTM EBIT,EBIT Margin,TTM Revenue_y,TTM EBITDA,EBITDA Margin,TTM Revenue_x,TTM Pre-Tax Income,Pre-Tax Margin,TTM Revenue_y,TTM Net Income_x,Net Margin,TTM Net Income_y,Shareholder's Equity_y,Return on Equity,TTM Net Income_x,Tangible Equity,Return on Tangible Equity,TTM Net Income_y,Total Assets,Return on Assets,TTM Net Income,LT Investments & Debt,Return on Investment,revenue,cost-goods-sold,gross-profit,research-development-expenses,selling-general-administrative-expenses,operating-expenses,operating-income,total-non-operating-income-expense,pre-tax-income,total-provision-income-taxes,income-after-taxes,income-from-continuous-operations,net-income,ebitda,ebit,basic-shares-outstanding,shares-outstanding,eps-basic-net-earnings-per-share,eps-earnings-per-share-diluted,cash-on-hand,inventory,other-current-assets,total-current-assets,net-property-plant-equipment,long-term-investments,goodwill-intangible-assets-total,other-long-term-assets,total-long-term-assets,total-assets,total-current-liabilities,long-term-debt,other-non-current-liabilities,total-long-term-liabilities,total-liabilities,common-stock-net,retained-earnings-accumulated-deficit,comprehensive-income,total-share-holder-equity,total-liabilities-share-holders-equity,net-income-loss,total-depreciation-amortization-cash-flow,other-non-cash-items,total-non-cash-items,change-in-accounts-receivable,change-in-inventories,change-in-accounts-payable,change-in-assets-liabilities,total-change-in-assets-liabilities,cash-flow-from-operating-activities,net-change-in-property-plant-equipment,net-change-in-intangible-assets,net-acquisitions-divestitures,net-change-in-short-term-investments,net-change-in-long-term-investments,net-change-in-investments-total,investing-activities-other,cash-flow-from-investing-activities,net-long-term-debt,net-current-debt,debt-issuance-retirement-net-total,net-common-equity-issued-repurchased,net-total-equity-issued-repurchased,total-common-preferred-stock-dividends-paid,financial-activities-other,cash-flow-from-financial-activities,net-cash-flow,stock-based-compensation,common-stock-dividends-paid
0,2018-09-30,2.57,$-1.73,-1.48,$-2.00,0.0,$-0.49,0.0,$-0.81,0.0,$0.09B,$0.17B,0.5,$0.59B,$-0.14B,-4.35,$0.19B,$0.09B,45.70%,$0.19B,$-0.03B,-13.44%,$0.19B,$-0.03B,-13.44%,$0.19B,$-0.01B,-4.84%,$0.19B,$-0.06B,-34.41%,$0.19B,$-0.06B,-32.80%,$-0.06B,$-0.14B,54.22%,$-0.06B,$-0.53B,16.31%,$-0.06B,$0.63B,-13.77%,$-0.03B,$0.46B,-8.20%,$143,$73,$70,$0,$47,$139,$4,$-21,$-17,$0,$-18,$-18,$-18,$25,$4,$78,78,$-0.23,$-0.23,$15,$2,$4,$86,$121,$0,$395,$33,$548,$634,$172,$592,$6,$598,$770,$1,$-282,$-0,$-136,$634,$-49,$55,$2,$57,$-16,$-1,$0,$-13,$-5,$3,$-26,$0,$-21,$0,$0,$0,$-2,$-48,$108,$0,$108,$8,$22,$0,$-75,$55,$10,$0,$0
1,2018-06-30,3.94,$-1.52,-2.6,$0.64,6.15,$0.52,7.55,$-1.08,0.0,$0.08B,$0.17B,0.5,$0.58B,$-0.12B,-4.91,$0.16B,$0.07B,44.52%,$0.16B,$-0.02B,-11.61%,$0.16B,$-0.02B,-11.61%,$0.16B,$-0.01B,-3.87%,$0.16B,$-0.05B,-30.97%,$0.16B,$-0.05B,-29.03%,$-0.05B,$-0.12B,57.51%,$-0.05B,$-0.52B,17.01%,$-0.05B,$0.64B,-14.24%,$-0.02B,$0.46B,-8.42%,$121,$66,$55,$0,$43,$126,$-5,$-32,$-38,$-4,$-34,$-34,$-34,$25,$-5,$58,58,$-0.32,$-0.32,$14,$2,$5,$82,$121,$0,$402,$33,$556,$639,$167,$583,$8,$591,$758,$1,$-265,$-0,$-119,$639,$-32,$34,$1,$35,$-16,$-0,$0,$-11,$-2,$2,$-15,$0,$-21,$0,$0,$0,$-1,$-37,$97,$0,$97,$8,$22,$0,$-75,$43,$8,$0,$0
2,2018-03-31,4.85,$1.42,3.42,$3.20,1.51,$1.08,4.5,$-0.96,0.0,$0.05B,$0.03B,1.39,$0.08B,$0.03B,2.4,$0.15B,$0.07B,45.03%,$0.15B,$-0.01B,-3.97%,$0.15B,$-0.01B,-3.97%,$0.15B,$0.01B,5.30%,$0.15B,$-0.02B,-9.93%,$0.15B,$-0.02B,-10.60%,$-0.02B,$0.03B,33.68%,$-0.02B,$-0.06B,10.16%,$-0.02B,$0.15B,-8.54%,$-0.01B,$0.12B,-4.94%,$29,$13,$16,$0,$14,$31,$-2,$-2,$-4,$0,$-4,$-4,$-4,$1,$-2,$21,21,$-0.21,$-0.21,$31,$0,$0,$47,$11,$0,$91,$1,$104,$151,$34,$81,$1,$83,$117,$0,$-201,$0,$34,$151,$-4,$3,$2,$5,$1,$0,$0,$-0,$-1,$-0,$-1,$0,$0,$0,$0,$0,$0,$-1,$-8,$-0,$-8,$38,$38,$0,$-0,$30,$29,$0,$0
3,2017-12-31,5.63,$-9.11,-0.62,$3.86,1.46,$1.15,4.88,$-1.10,0.0,$0.08B,$0.15B,0.55,$0.42B,$-0.23B,-1.81,$0.15B,$0.07B,45.33%,$0.15B,$-0.00B,-3.33%,$0.15B,$-0.00B,-3.33%,$0.15B,$0.01B,6.67%,$0.15B,$-0.01B,-9.33%,$0.15B,$-0.02B,-11.33%,$-0.02B,$-0.23B,31.34%,$-0.02B,$-0.39B,10.23%,$-0.02B,$0.35B,-9.30%,$-0.00B,$0.19B,-4.23%,$-107,$-51,$-56,$0,$-12,$-85,$-22,$17,$-5,$-1,$-5,$-5,$-5,$-60,$-22,$15,15,$-0.43,$-0.43,$6,$1,$3,$82,$107,$0,$159,$1,$266,$348,$150,$415,$13,$427,$577,$0,$-236,$1,$-229,$348,$-14,$15,$4,$19,$-3,$0,$0,$-1,$1,$5,$-4,$0,$-1,$0,$0,$0,$0,$-5,$-6,$0,$-6,$1,$1,$0,$-1,$-5,$-5,$2,$0
4,2017-09-30,4.08,$0.04,108.51,$14.05,0.29,$0.67,6.12,$-1.22,0.0,$0.02B,$0.03B,0.56,$0.09B,$0.00B,162.3,$0.29B,$0.14B,48.43%,$0.29B,$0.01B,4.53%,$0.29B,$0.01B,4.53%,$0.29B,$0.07B,24.74%,$0.29B,$-0.02B,-5.23%,$0.29B,$-0.02B,-5.92%,$-0.02B,$0.00B,-323.81%,$-0.02B,$-0.09B,18.53%,$-0.02B,$0.13B,-13.20%,$0.01B,$0.09B,13.20%,$112,$59,$54,$0,$27,$102,$11,$-11,$-1,$1,$-2,$-2,$-2,$28,$11,$25,25,$-0.06,$-0.06,$2,$0,$0,$18,$14,$0,$94,$1,$108,$126,$33,$91,$2,$93,$126,$0,$-193,$0,$1,$126,$-27,$53,$12,$66,$5,$-0,$0,$-12,$7,$46,$-28,$0,$0,$0,$0,$0,$-7,$-35,$-5,$0,$-5,$0,$0,$0,$-5,$-9,$2,$0,$0
5,2017-06-30,2.18,$0.28,7.73,$12.60,0.17,$-0.62,0.0,$-1.29,0.0,$0.01B,$0.03B,0.49,$0.09B,$0.00B,21.54,$0.21B,$0.10B,47.80%,$0.21B,0,0.00%,$0.21B,0,0.00%,$0.21B,$0.04B,21.46%,$0.21B,$-0.02B,-8.29%,$0.21B,$-0.02B,-8.78%,$-0.02B,$0.00B,-266.67%,$-0.02B,$-0.09B,21.30%,$-0.02B,$0.12B,-14.85%,$0.00B,$0.10B,0.00%,$117,$63,$54,$0,$29,$110,$7,$-12,$-5,$-0,$-5,$-5,$-5,$39,$7,$25,25,$-0.38,$-0.38,$2,$0,$0,$14,$14,$0,$96,$1,$111,$124,$28,$91,$2,$92,$120,$0,$-190,$0,$4,$124,$-20,$36,$8,$43,$3,$-0,$0,$-11,$3,$26,$-18,$0,$0,$0,$0,$0,$-5,$-23,$1,$0,$1,$0,$0,$0,$-4,$-3,$1,$0,$0
6,2017-03-31,2.37,$0.46,5.14,$11.10,0.21,$-1.27,0.0,$-1.38,0.0,$0.02B,$0.03B,0.7,$0.10B,$0.01B,13.83,$0.12B,$0.06B,47.90%,$0.12B,$-0.01B,-6.72%,$0.12B,$-0.01B,-6.72%,$0.12B,$0.01B,5.88%,$0.12B,$-0.02B,-12.61%,$0.12B,$-0.02B,-13.45%,$-0.02B,$0.01B,-193.94%,$-0.02B,$-0.09B,20.78%,$-0.02B,$0.13B,-13.88%,$-0.01B,$0.10B,-8.60%,$28,$12,$16,$0,$14,$30,$-1,$-2,$-3,$0,$-3,$-3,$-5,$3,$-1,$14,14,$-0.21,$-0.21,$7,$0,$0,$21,$14,$0,$98,$1,$113,$133,$29,$95,$2,$97,$126,$0,$-187,$0,$7,$133,$-3,$4,$1,$5,$0,$0,$0,$-1,$0,$1,$-1,$0,$-1,$0,$0,$0,$0,$-2,$-1,$-0,$-1,$1,$1,$0,$-0,$-0,$-1,$0,$0
7,2016-12-31,2.25,$0.67,3.37,$12.72,0.18,$-1.45,0.0,$-1.49,0.0,$0.02B,$0.02B,0.73,$0.10B,$0.01B,10.59,$0.13B,$0.05B,43.20%,$0.13B,$-0.01B,-6.40%,$0.13B,$-0.01B,-6.40%,$0.13B,$0.01B,4.80%,$0.13B,$-0.02B,-12.00%,$0.13B,$-0.02B,-12.00%,$-0.02B,$0.01B,-153.85%,$-0.02B,$-0.09B,21.82%,$-0.02B,$0.13B,-13.89%,$-0.01B,$0.11B,-8.99%,$30,$15,$15,$0,$14,$33,$-4,$-2,$-6,$-2,$-4,$-4,$-5,$1,$-4,$10,10,$-0.38,$-0.38,$7,$0,$0,$18,$14,$0,$99,$1,$114,$132,$24,$97,$1,$99,$123,$0,$-183,$0,$9,$132,$-13,$14,$-1,$13,$1,$0,$0,$1,$-0,$0,$-5,$0,$-23,$0,$0,$0,$0,$-28,$26,$0,$26,$2,$2,$0,$-2,$27,$-0,$1,$0
8,2016-09-30,2.48,$0.70,3.54,$14.37,0.17,$-1.64,0.0,$-0.92,0.0,$0.01B,$0.02B,0.78,$0.07B,$0.01B,10.43,$0.12B,$0.05B,40.98%,$0.12B,$-0.01B,-6.56%,$0.12B,$-0.01B,-6.56%,$0.12B,$0.01B,4.10%,$0.12B,$-0.02B,-12.30%,$0.12B,$-0.01B,-9.02%,$-0.01B,$0.01B,-100.00%,$-0.01B,$-0.06B,18.11%,$-0.01B,$0.10B,-10.89%,$-0.01B,$0.08B,-9.47%,$30,$17,$13,$0,$11,$32,$-2,$-1,$-3,$0,$-3,$-3,$-3,$1,$-2,$10,10,$-0.35,$-0.35,$1,$0,$0,$12,$13,$0,$71,$1,$85,$96,$15,$73,$1,$74,$89,$0,$-179,$0,$7,$96,$-8,$9,$0,$10,$-0,$0,$0,$-2,$-3,$-2,$-4,$0,$0,$0,$0,$0,$0,$-3,$-1,$-1,$-2,$0,$0,$0,$0,$-2,$-7,$1,$0
9,2016-06-30,2.76,$1.01,2.72,$15.46,0.18,$-1.47,0.0,$-1.65,0.0,$0.01B,$0.02B,0.92,$0.07B,$0.01B,7.26,$0.12B,$0.05B,41.03%,$0.12B,$-0.01B,-6.84%,$0.12B,$-0.01B,-6.84%,$0.12B,$0.01B,4.27%,$0.12B,$-0.02B,-14.53%,$0.12B,$-0.01B,-11.11%,$-0.01B,$0.01B,-126.83%,$-0.01B,$-0.06B,24.41%,$-0.01B,$0.10B,-13.87%,$-0.01B,$0.08B,-10.32%,$31,$18,$13,$0,$11,$32,$-1,$-2,$-3,$0,$-3,$-3,$-3,$2,$-1,$10,10,$-0.30,$-0.30,$4,$0,$0,$14,$13,$0,$72,$1,$86,$101,$16,$74,$1,$75,$90,$0,$-176,$0,$10,$101,$-5,$6,$0,$7,$-0,$0,$0,$-1,$-2,$-1,$-2,$0,$0,$0,$0,$0,$0,$-2,$-1,$-0,$-1,$0,$0,$0,$0,$-1,$-4,$0,$0
10,2016-03-31,2.69,$1.27,2.12,$16.77,0.16,$-1.38,0.0,$-1.80,0.0,$0.02B,$0.02B,1.05,$0.07B,$0.01B,5.9,$0.11B,$0.05B,41.44%,$0.11B,$-0.01B,-8.11%,$0.11B,$-0.01B,-8.11%,$0.11B,$0.01B,4.50%,$0.11B,$-0.02B,-13.51%,$0.11B,$-0.01B,-9.91%,$-0.01B,$0.01B,-110.00%,$-0.01B,$-0.06B,24.31%,$-0.01B,$0.10B,-12.79%,$-0.01B,$0.09B,-12.90%,$34,$21,$13,$0,$11,$35,$-1,$-1,$-3,$0,$-3,$-3,$-4,$2,$-1,$9,9,$-0.45,$-0.45,$6,$0,$0,$17,$14,$0,$71,$2,$87,$104,$16,$74,$2,$75,$91,$0,$-173,$0,$13,$104,$-3,$3,$0,$3,$-1,$0,$0,$-1,$-1,$-0,$-1,$0,$0,$0,$0,$0,$0,$-1,$-0,$0,$-0,$0,$0,$0,$0,$-0,$-2,$0,$0
11,2015-12-31,4.89,$1.69,2.89,$17.72,0.28,$-1.35,0.0,$-2.08,0.0,$0.02B,$0.02B,1.12,$0.07B,$0.01B,5.1,$0.10B,$0.04B,43.14%,$0.10B,$-0.01B,-8.82%,$0.10B,$-0.01B,-8.82%,$0.10B,$0.01B,4.90%,$0.10B,$-0.02B,-15.69%,$0.10B,$-0.01B,-10.78%,$-0.01B,$0.01B,-122.22%,$-0.01B,$-0.06B,28.57%,$-0.01B,$0.10B,-14.15%,$-0.01B,$0.09B,-14.57%,$27,$15,$11,$0,$12,$31,$-4,$-2,$-6,$0,$2,$2,$-1,$0,$-4,$6,6,$0.33,$0.33,$8,$0,$0,$17,$14,$0,$73,$1,$88,$104,$15,$74,$1,$75,$90,$0,$-171,$0,$14,$104,$-8,$14,$-6,$7,$-1,$0,$0,$-0,$1,$-0,$-3,$0,$-28,$0,$0,$0,$1,$-31,$25,$0,$25,$6,$6,$0,$1,$32,$1,$1,$0
12,2015-09-30,2.82,$0.73,3.86,$18.13,0.16,$-1.09,0.0,$-2.77,0.0,$0.01B,$0.01B,0.95,$0.05B,$0.00B,10.84,$0.10B,$0.04B,44.44%,$0.10B,$-0.01B,-6.06%,$0.10B,$-0.01B,-6.06%,$0.10B,$0.01B,7.07%,$0.10B,$-0.01B,-12.12%,$0.10B,$-0.01B,-14.14%,$-0.01B,$0.00B,-160.00%,$-0.01B,$-0.03B,44.44%,$-0.01B,$0.07B,-19.93%,$-0.01B,$0.05B,-11.06%,$25,$14,$11,$0,$10,$26,$-2,$-3,$-5,$0,$-5,$-5,$-5,$1,$-2,$6,6,$-1.08,$-1.08,$4,$0,$0,$13,$14,$0,$38,$2,$54,$67,$13,$48,$1,$49,$62,$0,$-172,$0,$4,$67,$-10,$10,$1,$11,$-1,$0,$0,$-0,$-1,$0,$-2,$0,$-1,$0,$0,$0,$1,$-2,$-2,$0,$-2,$0,$0,$0,$1,$-1,$-2,$1,$0
13,2015-06-30,3.2,$1.60,2.0,$18.78,0.17,$-1.08,0.0,$-1.98,0.0,$0.01B,$0.01B,0.96,$0.04B,$0.01B,5.04,$0.10B,$0.04B,44.79%,$0.10B,$-0.01B,-5.21%,$0.10B,$-0.01B,-5.21%,$0.10B,$0.01B,8.33%,$0.10B,$-0.01B,-7.29%,$0.10B,$-0.01B,-9.38%,$-0.01B,$0.01B,-83.72%,$-0.01B,$-0.03B,31.30%,$-0.01B,$0.07B,-12.81%,$-0.01B,$0.05B,-9.26%,$25,$14,$11,$0,$10,$27,$-2,$1,$-1,$0,$-1,$-1,$-1,$2,$-2,$6,6,$-0.50,$-0.50,$4,$0,$0,$13,$14,$0,$39,$3,$56,$69,$13,$44,$3,$47,$60,$0,$-167,$0,$9,$69,$-5,$7,$-1,$6,$-0,$0,$0,$-0,$-0,$0,$-2,$0,$0,$0,$0,$0,$0,$-2,$-2,$0,$-2,$0,$0,$0,$1,$-1,$-2,$0,$0
14,2015-03-31,6.2,$1.83,3.38,$19.38,0.32,$-1.21,0.0,$-2.16,0.0,$0.01B,$0.01B,1.08,$0.04B,$0.01B,4.83,$0.09B,$0.04B,44.68%,$0.09B,$-0.00B,-3.19%,$0.09B,$-0.00B,-3.19%,$0.09B,$0.01B,9.57%,$0.09B,$-0.01B,-8.51%,$0.09B,$-0.01B,-11.70%,$-0.01B,$0.01B,-95.65%,$-0.01B,$-0.03B,40.00%,$-0.01B,$0.07B,-15.60%,$-0.00B,$0.05B,-5.63%,$25,$14,$11,$0,$10,$27,$-1,$-3,$-4,$0,$-4,$-4,$-4,$2,$-1,$5,5,$-0.74,$-0.74,$5,$0,$0,$13,$14,$0,$41,$3,$58,$71,$13,$44,$5,$49,$62,$0,$-167,$0,$9,$71,$-4,$3,$2,$5,$0,$0,$0,$-0,$-0,$0,$-1,$0,$0,$0,$0,$0,$0,$-1,$-0,$0,$-0,$0,$0,$0,$0,$-0,$-1,$0,$0
15,2014-12-31,4.73,$2.71,1.74,$20.39,0.23,$-1.37,0.0,$-1.23,0.0,$0.01B,$0.01B,1.17,$0.04B,$0.01B,3.33,$0.09B,$0.04B,45.65%,$0.09B,$-0.00B,-2.17%,$0.09B,$-0.00B,-2.17%,$0.09B,$0.01B,10.87%,$0.09B,$-0.00B,-3.26%,$0.09B,$-0.01B,-7.61%,$-0.01B,$0.01B,-58.33%,$-0.01B,$-0.03B,26.67%,$-0.01B,$0.07B,-9.96%,$-0.00B,$0.06B,-3.85%,$24,$12,$11,$0,$9,$25,$-1,$-1,$-2,$0,$-2,$-2,$-4,$2,$-1,$5,5,$-0.54,$-0.54,$6,$0,$0,$14,$13,$0,$43,$3,$59,$74,$12,$44,$4,$48,$60,$0,$-162,$0,$13,$74,$-3,$12,$-4,$8,$-1,$0,$0,$-0,$-3,$2,$-4,$0,$-8,$0,$0,$0,$2,$-9,$-0,$0,$-0,$0,$4,$0,$4,$7,$0,$0,$0
16,2014-09-30,5.48,$2.87,1.91,$20.87,0.26,$-2.07,0.0,$-0.72,0.0,$0.02B,$0.01B,1.49,$0.04B,$0.01B,3.13,$0.08B,$0.04B,42.86%,$0.08B,$-0.00B,-3.57%,$0.08B,$-0.00B,-3.57%,$0.08B,$0.01B,8.33%,$0.08B,$-0.00B,-4.76%,$0.08B,$-0.01B,-7.14%,$-0.01B,$0.01B,-57.14%,$-0.01B,$-0.02B,22.22%,$-0.01B,$0.07B,-8.70%,$-0.00B,$0.05B,-6.15%,$22,$12,$10,$0,$8,$23,$-1,$1,$0,$-0,$0,$0,$-0,$2,$-1,$5,5,$-0.29,$-0.29,$9,$0,$0,$16,$13,$0,$35,$3,$51,$67,$11,$39,$5,$44,$55,$0,$-160,$0,$12,$67,$-1,$9,$-3,$5,$-1,$0,$0,$-1,$-4,$1,$-3,$0,$-0,$0,$0,$0,$2,$-1,$-2,$0,$-2,$0,$4,$0,$1,$3,$3,$0,$0
17,2014-06-30,7.95,$2.89,2.75,$21.15,0.38,$-2.55,0.0,$-1.19,0.0,$0.02B,$0.01B,1.43,$0.04B,$0.01B,3.17,$0.08B,$0.03B,40.26%,$0.08B,$-0.00B,-2.60%,$0.08B,$-0.00B,-2.60%,$0.08B,$0.01B,7.79%,$0.08B,$-0.01B,-7.79%,$0.08B,$-0.01B,-10.39%,$-0.01B,$0.01B,-118.52%,$-0.01B,$-0.03B,30.77%,$-0.01B,$0.07B,-13.56%,$-0.00B,$0.05B,-5.03%,$23,$13,$10,$0,$8,$23,$-0,$-2,$-2,$0,$-2,$-2,$-3,$3,$-0,$5,5,$-0.59,$-0.59,$10,$0,$0,$18,$12,$0,$37,$3,$52,$70,$13,$38,$7,$45,$58,$0,$-161,$0,$12,$70,$-1,$6,$-1,$4,$-1,$0,$0,$-1,$-3,$0,$-2,$0,$-0,$0,$0,$0,$2,$-0,$-0,$0,$-0,$0,$4,$0,$0,$4,$4,$0,$0
18,2014-03-31,7.5,$2.76,2.72,$19.92,0.38,$-2.46,0.0,$0.20,38.46,$0.02B,$0.01B,1.57,$0.04B,$0.01B,3.42,$0.07B,$0.03B,38.24%,$0.07B,$-0.00B,-4.41%,$0.07B,$-0.00B,-4.41%,$0.07B,$0.00B,4.41%,$0.07B,$-0.00B,-2.94%,$0.07B,$-0.00B,-4.41%,$-0.00B,$0.01B,-109.09%,$-0.00B,$-0.03B,12.00%,$-0.00B,$0.07B,-6.22%,$-0.00B,$0.05B,-9.68%,$23,$12,$11,$0,$8,$23,$0,$1,$1,$0,$1,$1,$0,$3,$0,$4,4,$0.03,$0.03,$8,$0,$0,$17,$11,$0,$39,$3,$52,$70,$11,$38,$9,$48,$59,$0,$-158,$0,$11,$70,$1,$3,$-2,$0,$-0,$0,$0,$-0,$-2,$-0,$-1,$0,$-0,$0,$0,$0,$0,$-1,$-0,$0,$-0,$0,$4,$0,$0,$4,$2,$0,$0
19,2013-12-31,9.0,$1.71,5.25,$21.06,0.43,$-2.55,0.0,$-0.75,0.0,$0.02B,$0.01B,1.14,$0.04B,$0.01B,5.53,$0.06B,$0.02B,31.15%,$0.06B,$-0.00B,-6.56%,$0.06B,$-0.00B,-6.56%,$0.06B,0,0.00%,$0.06B,$-0.01B,-8.20%,$0.06B,$-0.01B,-8.20%,$-0.01B,$0.01B,285.71%,$-0.01B,$-0.03B,20.62%,$-0.01B,$0.07B,-13.25%,$-0.00B,$0.05B,-18.39%,$16,$11,$5,$0,$6,$18,$-2,$-1,$-3,$0,$-3,$-3,$-3,$-1,$-2,$3,3,$-0.95,$-0.80,$6,$0,$0,$15,$11,$0,$40,$3,$54,$69,$13,$38,$11,$49,$62,$0,$-160,$0,$7,$69,$-5,$4,$-1,$3,$-2,$0,$0,$-0,$-0,$-2,$-1,$0,$-33,$0,$0,$0,$-2,$-37,$25,$0,$25,$4,$20,$0,$-1,$44,$6,$0,$0
20,2013-09-30,10.5,$-0.76,-13.81,$21.29,0.49,$-3.19,0.0,$-1.50,0.0,$0.01B,$0.01B,0.63,$0.02B,$-0.00B,-5.9,$0.06B,$0.02B,29.31%,$0.06B,$-0.00B,-6.90%,$0.06B,$-0.00B,-6.90%,$0.06B,0,0.00%,$0.06B,$-0.00B,-6.90%,$0.06B,$-0.00B,-6.90%,$-0.00B,$-0.00B,80.00%,$-0.00B,$-0.02B,18.18%,$-0.00B,$0.03B,-14.68%,$-0.00B,$0.02B,-29.09%,$15,$10,$5,$0,$4,$15,$-0,$-2,$-2,$0,$-2,$-2,$-2,$1,$-0,$3,3,$-0.78,$-0.78,$1,$0,$0,$6,$3,$0,$16,$2,$20,$27,$10,$18,$2,$20,$30,$3,$-157,$0,$-3,$27,$-2,$3,$-1,$2,$-1,$0,$0,$-0,$-1,$-2,$-1,$0,$-0,$0,$0,$0,$1,$-1,$-0,$0,$-0,$4,$4,$0,$0,$3,$1,$0,$0
21,2013-06-30,5.25,$-1.41,-3.73,$20.74,0.25,$-3.12,0.0,$-1.50,0.0,$0.01B,$0.01B,0.53,$0.02B,$-0.00B,-4.81,$0.05B,$0.01B,24.53%,$0.05B,$-0.01B,-11.32%,$0.05B,$-0.01B,-11.32%,$0.05B,$-0.00B,-3.77%,$0.05B,$-0.00B,-7.55%,$0.05B,$-0.00B,-7.55%,$-0.00B,$-0.00B,53.33%,$-0.00B,$-0.02B,19.51%,$-0.00B,$0.03B,-17.98%,$-0.01B,$0.02B,-88.89%,$14,$10,$5,$0,$4,$15,$-1,$2,$2,$0,$2,$2,$2,$0,$-1,$3,4,$0.60,$0.45,$1,$0,$0,$6,$2,$0,$17,$2,$21,$27,$12,$18,$1,$20,$31,$2,$-155,$0,$-4,$27,$0,$2,$-3,$-1,$-1,$0,$0,$-0,$0,$-0,$-1,$0,$-0,$0,$0,$0,$0,$-1,$-0,$0,$-0,$2,$2,$0,$0,$1,$0,$0,$0
22,2013-03-31,6.75,$-2.64,-2.55,$21.54,0.31,$-3.47,0.0,$-3.00,0.0,$0.01B,$0.01B,0.41,$0.02B,$-0.01B,-2.79,$0.05B,$0.01B,18.37%,$0.05B,$-0.01B,-12.24%,$0.05B,$-0.01B,-12.24%,$0.05B,$-0.00B,-6.12%,$0.05B,$-0.01B,-14.29%,$0.05B,$-0.01B,-14.29%,$-0.01B,$-0.01B,75.68%,$-0.01B,$-0.02B,38.89%,$-0.01B,$0.03B,-42.42%,$-0.01B,$0.01B,-2400.00%,$16,$12,$4,$0,$4,$17,$-1,$-1,$-2,$0,$-2,$-2,$-2,$0,$-1,$2,2,$-0.71,$-0.71,$0,$1,$0,$6,$2,$0,$17,$2,$22,$28,$14,$19,$1,$20,$34,$2,$-156,$0,$-7,$28,$-2,$1,$0,$1,$-1,$0,$0,$-0,$-0,$-0,$-0,$0,$-0,$0,$0,$0,$0,$-0,$0,$0,$0,$1,$1,$0,$0,$1,$-0,$0,$0
23,2012-12-31,6.0,$-2.57,-2.33,$20.16,0.3,$-3.47,0.0,$-3.00,0.0,$0.00B,$0.01B,0.35,$0.02B,$-0.01B,-3.12,$0.05B,$0.01B,13.33%,$0.05B,$-0.01B,-13.33%,$0.05B,$-0.01B,-13.33%,$0.05B,$-0.00B,-8.89%,$0.05B,$-0.01B,-13.33%,$0.05B,$-0.01B,-13.33%,$-0.01B,$-0.01B,60.00%,$-0.01B,$-0.02B,40.68%,$-0.01B,$0.03B,-57.14%,$-0.01B,$0.01B,114.29%,$13,$9,$3,$0,$4,$14,$-2,$-0,$-2,$0,$-2,$-2,$-2,$-1,$-2,$2,2,$0.00,$0.00,$1,$0,$0,$4,$3,$0,$18,$2,$23,$27,$13,$19,$1,$20,$33,$2,$-155,$0,$-6,$27,$-5,$1,$0,$1,$1,$0,$0,$-0,$1,$-3,$-0,$0,$-17,$0,$0,$0,$-1,$-19,$16,$0,$16,$1,$7,$0,$-1,$23,$1,$0,$0
24,2012-09-30,10.5,$-5.80,-1.81,$20.63,0.51,$-3.70,0.0,$-3.00,0.0,$0.01B,$0.02B,0.3,$0.00B,$-0.01B,0.0,$0.04B,$0.00B,9.09%,$0.04B,$-0.01B,-11.36%,$0.04B,$-0.01B,-11.36%,$0.04B,$-0.00B,-9.09%,$0.04B,$-0.01B,-11.36%,$0.04B,$-0.01B,-11.36%,$-0.01B,$-0.01B,44.44%,$-0.01B,$-0.01B,43.48%,$-0.01B,$0.01B,-100.00%,$-0.01B,$-0.01B,44.44%,$10,$9,$1,$0,$2,$11,$-2,$-0,$-2,$0,$-2,$-2,$-2,$-1,$-2,$2,2,$-0.75,$-0.75,$4,$0,$0,$6,$1,$0,$0,$1,$1,$7,$20,$0,$0,$0,$20,$2,$-153,$0,$-13,$7,$-4,$0,$0,$1,$0,$0,$0,$-0,$1,$-2,$-0,$0,$0,$0,$0,$0,$0,$-0,$1,$0,$1,$4,$5,$0,$0,$6,$4,$0,$0
25,2012-06-30,6.75,$-5.06,-1.33,$21.29,0.32,$-4.55,0.0,$-3.00,0.0,$0.00B,$0.02B,0.18,$0.00B,$-0.01B,0.0,$0.04B,$0.00B,9.09%,$0.04B,$-0.00B,-9.09%,$0.04B,$-0.00B,-9.09%,$0.04B,$-0.00B,-9.09%,$0.04B,$-0.00B,-9.09%,$0.04B,$-0.00B,-9.09%,$-0.00B,$-0.01B,38.10%,$-0.00B,$-0.01B,36.36%,$-0.00B,$0.00B,-88.89%,$-0.00B,$-0.01B,38.10%,$10,$9,$1,$0,$2,$11,$-1,$-0,$-1,$0,$-1,$-1,$-1,$-1,$-1,$2,2,$-0.75,$-0.75,$1,$0,$0,$3,$1,$0,$0,$1,$2,$4,$15,$0,$0,$0,$16,$2,$-151,$0,$-11,$4,$-2,$0,$0,$0,$1,$0,$0,$-0,$0,$-1,$-0,$0,$0,$0,$0,$0,$-0,$-0,$0,$0,$0,$2,$2,$0,$0,$2,$1,$0,$0
26,2012-03-31,12.0,$-4.75,-2.53,$22.39,0.54,$-5.07,0.0,$-2.25,0.0,$0.00B,$0.01B,0.16,$0.00B,$-0.01B,0.0,$0.05B,$0.00B,8.89%,$0.05B,$-0.00B,-8.89%,$0.05B,$-0.00B,-8.89%,$0.05B,$-0.00B,-8.89%,$0.05B,$-0.00B,-8.89%,$0.05B,$-0.00B,-8.89%,$-0.00B,$-0.01B,39.02%,$-0.00B,$-0.01B,37.21%,$-0.00B,$0.00B,-84.21%,$-0.00B,$-0.01B,39.02%,$12,$10,$1,$0,$2,$12,$-1,$-0,$-1,$0,$-1,$-1,$-1,$-1,$-1,$2,2,$-0.75,$-0.75,$0,$0,$0,$2,$1,$0,$0,$1,$2,$4,$14,$0,$0,$0,$14,$2,$-150,$0,$-10,$4,$-1,$0,$0,$0,$1,$0,$0,$-0,$-0,$-1,$-0,$0,$0,$0,$0,$0,$0,$-0,$-0,$0,$-0,$1,$1,$0,$0,$1,$0,$0,$0
27,2011-12-31,6.0,$-5.16,-1.16,$22.75,0.26,$-5.32,0.0,$-2.25,0.0,$0.00B,$0.02B,0.19,$0.00B,$-0.01B,0.0,$0.04B,$0.00B,9.30%,$0.04B,$-0.00B,-9.30%,$0.04B,$-0.00B,-9.30%,$0.04B,$-0.00B,-9.30%,$0.04B,$-0.00B,-9.30%,$0.04B,$-0.00B,-9.30%,$-0.00B,$-0.01B,40.00%,$-0.00B,$-0.01B,38.10%,$-0.00B,$0.01B,-84.21%,$-0.00B,$-0.01B,40.00%,$12,$10,$1,$0,$2,$12,$-1,$-0,$-1,$0,$-1,$-1,$-1,$-1,$-1,$2,2,$0.00,$0.00,$0,$0,$0,$3,$1,$0,$0,$1,$2,$5,$15,$0,$0,$0,$15,$2,$-149,$0,$-11,$5,$-4,$1,$0,$1,$-0,$0,$0,$-0,$0,$-3,$-0,$0,$0,$0,$0,$0,$-0,$-0,$3,$0,$3,$1,$1,$0,$0,$4,$-0,$0,$0
28,2011-09-30,6.0,$-5.26,-1.14,$23.05,0.26,$-6.45,0.0,$-2.25,0.0,$0.00B,$0.02B,0.2,$0.00B,$-0.01B,0.0,$0.04B,$0.00B,9.52%,$0.04B,$-0.01B,-11.90%,$0.04B,$-0.01B,-11.90%,$0.04B,$-0.00B,-9.52%,$0.04B,$-0.01B,-11.90%,$0.04B,$-0.00B,-9.52%,$-0.00B,$-0.01B,43.24%,$-0.00B,$-0.01B,41.03%,$-0.00B,$0.01B,-84.21%,$-0.01B,$-0.01B,54.05%,$10,$9,$1,$0,$2,$11,$-1,$-0,$-1,$0,$-1,$-1,$-1,$-1,$-1,$2,2,$-0.75,$-0.75,$0,$0,$0,$3,$1,$0,$0,$1,$2,$5,$15,$0,$0,$0,$15,$1,$-149,$0,$-10,$5,$-4,$0,$0,$1,$-0,$0,$0,$-0,$-0,$-3,$-0,$0,$0,$0,$0,$0,$-0,$-0,$3,$0,$3,$1,$1,$0,$0,$3,$0,$0,$0
29,2011-06-30,7.5,$0.00,0.0,$24.54,0.31,$-7.37,0.0,$-2.25,0.0,$0.00B,$0.01B,0.21,$0.00B,$-0.01B,0.0,$0.04B,$0.00B,9.30%,$0.04B,$-0.01B,-11.63%,$0.04B,$-0.01B,-11.63%,$0.04B,$-0.00B,-9.30%,$0.04B,$-0.01B,-11.63%,$0.04B,$-0.00B,-9.30%,$-0.00B,$-0.01B,47.06%,$-0.00B,$-0.01B,45.71%,$-0.00B,$0.01B,-80.00%,$-0.01B,$-0.01B,58.82%,$11,$10,$1,$0,$2,$12,$-1,$-0,$-1,$0,$-1,$-1,$-1,$-1,$-1,$2,2,$-0.75,$-0.75,$0,$0,$0,$3,$0,$0,$0,$1,$1,$5,$14,$0,$0,$0,$14,$1,$-147,$0,$-10,$5,$-2,$0,$0,$0,$-0,$0,$0,$-0,$-0,$-2,$-0,$0,$0,$0,$0,$0,$0,$-0,$2,$0,$2,$0,$0,$0,$0,$2,$0,$0,$0
30,2011-03-31,6.75,$0.00,0.0,$25.56,0.26,$-8.54,0.0,$-3.75,0.0,$0.00B,$0.01B,0.18,$0.00B,$-0.01B,0.0,$0.04B,$0.00B,9.52%,$0.04B,$-0.01B,-11.90%,$0.04B,$-0.01B,-11.90%,$0.04B,$-0.00B,-9.52%,$0.04B,$-0.01B,-11.90%,$0.04B,$-0.01B,-11.90%,$-0.01B,$-0.01B,64.52%,$-0.01B,$-0.01B,62.50%,$-0.01B,$0.00B,-95.24%,$-0.01B,$-0.01B,64.52%,$10,$9,$1,$0,$2,$11,$-1,$0,$-1,$0,$-1,$-1,$-1,$-1,$-1,$2,2,$-0.75,$-0.75,$0,$0,$0,$2,$0,$0,$0,$1,$1,$4,$13,$0,$0,$0,$14,$1,$-146,$0,$-9,$4,$-1,$0,$-0,$0,$0,$0,$0,$-0,$0,$-1,$-0,$0,$0,$0,$0,$0,$0,$-0,$1,$0,$1,$0,$0,$0,$0,$1,$-0,$0,$0
31,2010-12-31,6.0,$-4.58,-1.31,$27.20,0.22,$-9.09,0.0,$-4.50,0.0,$0.00B,$0.01B,0.23,$0.00B,$-0.01B,0.0,$0.04B,$0.00B,9.52%,$0.04B,$-0.01B,-14.29%,$0.04B,$-0.01B,-14.29%,$0.04B,$-0.00B,-9.52%,$0.04B,$-0.01B,-14.29%,$0.04B,$-0.01B,-14.29%,$-0.01B,$-0.01B,80.00%,$-0.01B,$-0.01B,80.00%,$-0.01B,$0.01B,-109.09%,$-0.01B,$-0.01B,80.00%,$11,$10,$1,$0,$2,$13,$-2,$-0,$-2,$0,$-2,$-1,$-1,$-1,$-2,$2,2,$-0.75,$-0.75,$0,$0,$0,$3,$1,$0,$0,$1,$2,$5,$13,$0,$0,$0,$13,$1,$-145,$0,$-8,$5,$-6,$1,$-0,$1,$-0,$0,$0,$0,$-0,$-5,$-0,$0,$0,$0,$0,$0,$-0,$-0,$2,$2,$-0,$4,$4,$0,$0,$5,$-0,$0,$0
32,2010-09-30,9.75,$0.00,0.0,$40.76,0.24,$-6.06,0.0,$-6.75,0.0,$0.00B,$0.01B,0.28,$0.00B,$-0.01B,0.0,$0.04B,$0.02B,54.76%,$0.04B,$0.02B,45.24%,$0.04B,$0.02B,45.24%,$0.04B,$0.02B,47.62%,$0.04B,$0.02B,45.24%,$0.04B,$-0.01B,-16.67%,$-0.01B,$-0.01B,127.27%,$-0.01B,$-0.01B,127.27%,$-0.01B,$0.01B,-164.71%,$0.02B,$-0.01B,-345.45%,$11,$10,$1,$0,$2,$13,$-1,$0,$-1,$0,$-1,$-1,$-1,$-1,$-1,$2,2,$-0.75,$-0.75,$0,$0,$0,$3,$0,$0,$0,$1,$1,$6,$12,$0,$0,$0,$12,$1,$-144,$0,$-7,$6,$-4,$1,$0,$1,$-0,$0,$0,$0,$-1,$-4,$-0,$0,$0,$0,$0,$0,$-0,$-0,$1,$-0,$1,$4,$4,$0,$0,$5,$0,$0,$0
33,2010-06-30,12.0,$0.00,0.0,$47.25,0.25,$-3.48,0.0,$-8.25,0.0,$0.00B,$0.01B,0.33,$0.00B,$-0.01B,0.0,$0.04B,$0.03B,79.07%,$0.04B,$0.03B,74.42%,$0.04B,$0.03B,74.42%,$0.04B,$0.03B,76.74%,$0.04B,$0.03B,74.42%,$0.04B,$-0.01B,-18.60%,$-0.01B,$-0.01B,213.33%,$-0.01B,$-0.01B,213.33%,$-0.01B,$0.01B,-290.91%,$0.03B,$-0.01B,-853.33%,$10,$9,$1,$0,$2,$11,$-1,$-0,$-1,$0,$-1,$-1,$-2,$-1,$-1,$1,1,$-1.50,$-1.50,$1,$0,$0,$4,$0,$0,$0,$0,$1,$6,$13,$0,$0,$0,$13,$1,$-142,$0,$-7,$6,$-3,$0,$0,$0,$0,$0,$0,$0,$-1,$-3,$-0,$0,$0,$0,$0,$0,$0,$0,$0,$1,$-0,$0,$3,$0,$0,$4,$1,$0,$0
34,2010-03-31,10.5,$0.00,0.0,$51.94,0.2,$-1.17,0.0,$-11.25,0.0,$0.00B,$0.01B,0.25,$0.00B,$-0.01B,0.0,$0.04B,$0.04B,100.00%,$0.04B,$0.04B,100.00%,$0.04B,$0.04B,100.00%,$0.04B,$0.04B,100.00%,$0.04B,$0.04B,100.00%,$0.04B,$-0.01B,-21.43%,$-0.01B,$-0.01B,450.00%,$-0.01B,$-0.01B,450.00%,$-0.01B,$0.01B,-720.00%,$0.04B,$-0.01B,-2100.00%,$10,$9,$1,$0,$2,$11,$-2,$-0,$-2,$0,$-2,$-2,$-2,$-1,$-2,$1,1,$-1.50,$-1.50,$0,$0,$0,$3,$0,$0,$0,$0,$1,$5,$13,$0,$0,$0,$13,$1,$-141,$0,$-8,$5,$-2,$0,$0,$0,$0,$0,$0,$0,$-0,$-2,$-0,$0,$0,$0,$0,$0,$0,$-0,$0,$1,$0,$0,$1,$0,$0,$1,$-0,$0,$0
35,2009-12-31,9.75,$0.00,0.0,$58.63,0.17,$-2.35,0.0,$-15.00,0.0,$0.00B,$0.00B,0.0,$0.00B,$0.00B,0.0,$0.04B,$0.04B,102.44%,$0.04B,$0.04B,102.44%,$0.04B,$0.04B,102.44%,$0.04B,$0.04B,100.00%,$0.04B,$0.04B,100.00%,$0.04B,$-0.01B,-24.39%,$-0.01B,$0.00B,571.43%,$-0.01B,$0.00B,500.00%,$-0.01B,$0.00B,-571.43%,$0.04B,$0.00B,-2400.00%,$11,$-8,$20,$0,$-2,$-11,$23,$0,$23,$0,$23,$-2,$-2,$23,$23,$1,1,$-3.00,$-3.00,$0,$0,$0,$0,$0,$0,$0,$0,$0,$0,$0,$0,$0,$0,$0,$0,$0,$0,$0,$0,$0,$0,$0,$0,$0,$0,$0,$0,$0,$0,$0,$0,$0,$0,$0,$0,$0,$0,$0,$0,$0,$0,$0,$0,$0,$0,$0,$0,$0
36,2009-09-30,14.25,$0.00,0.0,$61.56,0.23,$-11.94,0.0,$-25.50,0.0,$0.00B,$0.00B,0.0,$0.00B,$0.00B,0.0,$0.04B,$0.02B,53.49%,$0.04B,$0.02B,37.21%,$0.04B,$0.02B,37.21%,$0.04B,$0.02B,37.21%,$0.04B,$0.01B,23.26%,$0.04B,$-0.02B,-37.21%,$-0.02B,$0.00B,533.33%,$-0.02B,$0.00B,457.14%,$-0.02B,$0.00B,-400.00%,$0.02B,$0.00B,-581.82%,$12,$0,$12,$0,$0,$0,$12,$0,$12,$0,$12,$-2,$-2,$12,$12,$1,1,$-2.25,$-2.25,$0,$0,$0,$0,$0,$0,$0,$0,$0,$0,$0,$0,$0,$0,$0,$0,$0,$0,$0,$0,$0,$0,$0,$0,$0,$0,$0,$0,$0,$0,$0,$0,$0,$0,$0,$0,$0,$0,$0,$0,$0,$0,$0,$0,$0,$0,$0,$0,$0
37,2009-06-30,9.75,$0.00,0.0,$77.72,0.13,$-18.02,0.0,$-28.50,0.0,$0.00B,$0.00B,0.0,$0.00B,$0.00B,0.0,$0.05B,$0.01B,26.09%,$0.05B,$0.00B,4.35%,$0.05B,$0.00B,4.35%,$0.05B,$0.00B,4.35%,$0.05B,$-0.01B,-10.87%,$0.05B,$-0.02B,-36.96%,$-0.02B,$0.00B,680.00%,$-0.02B,$0.00B,377.78%,$-0.02B,$0.00B,-219.35%,$0.00B,$0.00B,-88.89%,$9,$0,$9,$0,$0,$0,$9,$0,$9,$0,$9,$-2,$-3,$8,$9,$1,1,$-4.50,$-4.50,$0,$0,$0,$0,$0,$0,$0,$0,$0,$0,$0,$0,$0,$0,$0,$0,$0,$0,$0,$0,$0,$0,$0,$0,$0,$0,$0,$0,$0,$0,$0,$0,$0,$0,$0,$0,$0,$0,$0,$0,$0,$0,$0,$0,$0,$0,$0,$0,$0
38,2009-03-31,8.25,$0.00,0.0,$89.97,0.09,$-23.56,0.0,$-30.00,0.0,$0.00B,$0.01B,0.19,$0.00B,$-0.01B,-0.07,$0.05B,$0.00B,8.33%,$0.05B,$-0.01B,-20.83%,$0.05B,$-0.01B,-20.83%,$0.05B,$-0.01B,-16.67%,$0.05B,$-0.02B,-35.42%,$0.05B,$-0.02B,-35.42%,$-0.02B,$-0.01B,1133.33%,$-0.02B,$-0.01B,340.00%,$-0.02B,$0.01B,-144.68%,$-0.01B,$-0.01B,800.00%,$9,$8,$1,$0,$2,$11,$-2,$-0,$-3,$0,$-3,$-3,$-3,$-2,$-2,$1,1,$-5.25,$-5.25,$0,$0,$1,$3,$0,$0,$1,$1,$1,$7,$13,$0,$0,$1,$14,$1,$-133,$0,$-7,$7,$-3,$0,$0,$1,$0,$0,$0,$0,$1,$-1,$-0,$0,$0,$0,$0,$0,$0,$-0,$0,$1,$-0,$0,$1,$0,$0,$1,$-0,$0,$0
39,2008-12-31,15.0,$0.00,0.0,$102.22,0.15,$-23.22,0.0,$-30.75,0.0,$0.00B,$0.01B,0.32,$0.00B,$-0.01B,-0.2,$0.05B,$0.00B,7.84%,$0.05B,$-0.01B,-21.57%,$0.05B,$-0.01B,-21.57%,$0.05B,$-0.01B,-17.65%,$0.05B,$-0.02B,-31.37%,$0.05B,$-0.02B,-31.37%,$-0.02B,$-0.01B,-914.29%,$-0.02B,$-0.01B,533.33%,$-0.02B,$0.01B,-114.29%,$-0.01B,$-0.00B,-550.00%,$13,$12,$1,$0,$3,$16,$-3,$-5,$-8,$0,$-8,$-8,$-8,$-2,$-3,$1,1,$-13.50,$-13.50,$0,$0,$0,$4,$0,$0,$1,$1,$1,$9,$13,$1,$0,$1,$14,$0,$-130,$0,$-5,$9,$-16,$2,$0,$2,$0,$0,$0,$0,$3,$-5,$-0,$0,$0,$0,$0,$0,$0,$-0,$0,$3,$-0,$0,$3,$0,$0,$6,$0,$0,$0
40,2008-09-30,19.5,$0.00,0.0,$118.22,0.16,$-36.31,0.0,$-32.25,0.0,$0.01B,$0.01B,0.36,$0.00B,$0.00B,0.04,$0.05B,$0.00B,7.55%,$0.05B,$-0.01B,-18.87%,$0.05B,$-0.01B,-18.87%,$0.05B,$-0.01B,-16.98%,$0.05B,$-0.01B,-26.42%,$0.05B,$-0.01B,-26.42%,$-0.01B,$0.00B,-294.74%,$-0.01B,$-0.00B,1120.00%,$-0.01B,$0.02B,-86.15%,$-0.01B,$0.00B,-210.53%,$15,$14,$1,$0,$3,$17,$-2,$-0,$-3,$0,$-3,$-3,$-3,$-2,$-2,$0,0,$-5.25,$-5.25,$0,$0,$1,$5,$0,$0,$6,$1,$6,$15,$13,$0,$1,$1,$13,$0,$-122,$0,$2,$15,$-8,$1,$0,$1,$0,$0,$0,$0,$4,$-3,$-0,$0,$0,$0,$0,$0,$0,$-0,$0,$-0,$-0,$0,$2,$0,$1,$3,$0,$0,$0
41,2008-06-30,22.5,$0.00,0.0,$126.06,0.18,$-46.48,0.0,$-33.75,0.0,$0.01B,$0.01B,0.42,$0.00B,$0.00B,0.04,$0.05B,$0.00B,7.84%,$0.05B,$-0.01B,-19.61%,$0.05B,$-0.01B,-19.61%,$0.05B,$-0.01B,-17.65%,$0.05B,$-0.01B,-25.49%,$0.05B,$-0.01B,-25.49%,$-0.01B,$0.00B,-185.71%,$-0.01B,$-0.00B,inf%,$-0.01B,$0.02B,-72.22%,$-0.01B,$0.00B,-142.86%,$11,$11,$1,$0,$3,$14,$-3,$-0,$-3,$0,$-3,$-3,$-3,$-2,$-3,$0,0,$-6.00,$-6.00,$0,$0,$1,$5,$0,$0,$6,$1,$6,$16,$11,$0,$1,$1,$12,$0,$-119,$0,$4,$16,$-5,$1,$-1,$0,$0,$0,$0,$0,$2,$-2,$-0,$0,$0,$0,$0,$0,$-0,$-0,$0,$-0,$-0,$0,$2,$0,$1,$3,$0,$0,$0
42,2008-03-31,23.25,$0.00,0.0,$140.64,0.17,$-57.85,0.0,$-33.00,0.0,$0.01B,$0.01B,0.52,$0.00B,$0.01B,0.04,$0.05B,$0.00B,7.41%,$0.05B,$-0.01B,-18.52%,$0.05B,$-0.01B,-18.52%,$0.05B,$-0.01B,-16.67%,$0.05B,$-0.01B,-22.22%,$0.05B,$-0.01B,-22.22%,$-0.01B,$0.01B,-129.73%,$-0.01B,$0.00B,-960.00%,$-0.01B,$0.02B,-59.26%,$-0.01B,$0.01B,-108.11%,$12,$11,$1,$0,$3,$15,$-3,$1,$-2,$0,$-2,$-2,$-2,$-3,$-3,$0,0,$-6.00,$-6.00,$1,$0,$1,$5,$0,$0,$6,$1,$6,$16,$9,$0,$1,$1,$10,$0,$-116,$0,$6,$16,$-2,$0,$0,$0,$0,$0,$0,$0,$2,$-1,$-0,$0,$0,$0,$0,$0,$-0,$-0,$0,$-0,$-0,$0,$2,$0,$0,$2,$1,$0,$0
43,2007-12-31,25.5,$0.00,0.0,$151.01,0.17,$-60.12,0.0,$-34.50,0.0,$0.01B,$0.01B,0.6,$0.00B,$0.01B,0.04,$0.06B,$0.00B,7.27%,$0.06B,$-0.01B,-18.18%,$0.06B,$-0.01B,-18.18%,$0.06B,$-0.01B,-14.55%,$0.06B,$-0.01B,-23.64%,$0.06B,$-0.01B,-23.64%,$-0.01B,$0.01B,-123.81%,$-0.01B,$0.00B,-866.67%,$-0.01B,$0.02B,-58.43%,$-0.01B,$0.01B,-93.02%,$15,$14,$1,$0,$3,$17,$-2,$-3,$-6,$0,$-6,$-6,$-6,$-2,$-2,$0,0,$-15.00,$-15.00,$0,$0,$1,$6,$0,$0,$6,$1,$6,$18,$10,$0,$1,$1,$11,$0,$-114,$0,$7,$18,$-13,$2,$0,$2,$0,$0,$0,$0,$-0,$-8,$-1,$0,$0,$0,$0,$0,$0,$-0,$0,$1,$-1,$0,$6,$0,$0,$5,$-3,$0,$0
44,2007-09-30,44.25,$0.00,0.0,$154.65,0.29,$-78.03,0.0,$-30.00,0.0,$0.01B,$0.01B,0.55,$0.00B,$0.01B,0.0,$0.06B,$0.00B,7.27%,$0.06B,$-0.01B,-20.00%,$0.06B,$-0.01B,-20.00%,$0.06B,$-0.01B,-14.55%,$0.06B,$-0.01B,-20.00%,$0.06B,$-0.01B,-20.00%,$-0.01B,$0.01B,-91.67%,$-0.01B,$0.00B,-488.89%,$-0.01B,$0.02B,-44.44%,$-0.01B,$0.01B,-89.80%,$13,$12,$1,$0,$3,$16,$-2,$0,$-2,$0,$-2,$-2,$-2,$-2,$-2,$0,0,$-6.75,$-6.75,$1,$0,$1,$6,$0,$0,$10,$1,$10,$22,$11,$0,$1,$1,$12,$0,$-108,$0,$11,$22,$-7,$1,$0,$1,$0,$0,$0,$0,$1,$-5,$-1,$0,$0,$0,$0,$0,$0,$-0,$0,$0,$-0,$0,$4,$0,$0,$4,$-1,$0,$0
45,2007-06-30,37.5,$0.00,0.0,$150.21,0.25,$-93.11,0.0,$-34.50,0.0,$0.01B,$0.01B,0.73,$0.00B,$0.01B,0.0,$0.05B,$0.00B,7.41%,$0.05B,$-0.01B,-24.07%,$0.05B,$-0.01B,-24.07%,$0.05B,$-0.01B,-16.67%,$0.05B,$-0.01B,-24.07%,$0.05B,$-0.01B,-24.07%,$-0.01B,$0.01B,-104.00%,$-0.01B,$0.00B,-472.73%,$-0.01B,$0.03B,-50.49%,$-0.01B,$0.01B,-101.96%,$14,$13,$1,$0,$3,$16,$-3,$1,$-2,$0,$-2,$-2,$-2,$-2,$-3,$0,0,$-5.25,$-5.25,$1,$0,$1,$8,$0,$0,$10,$1,$10,$25,$11,$0,$1,$1,$12,$0,$-106,$0,$13,$25,$-5,$1,$0,$1,$0,$0,$0,$0,$-1,$-5,$-1,$0,$0,$0,$0,$0,$0,$0,$0,$0,$-0,$0,$4,$0,$0,$4,$-1,$0,$0
46,2007-03-31,53.25,$0.00,0.0,$141.38,0.38,$-99.37,0.0,$-36.75,0.0,$0.01B,$0.01B,0.55,$0.00B,$0.01B,0.07,$0.05B,$0.00B,7.84%,$0.05B,$-0.01B,-25.49%,$0.05B,$-0.01B,-25.49%,$0.05B,$-0.01B,-19.61%,$0.05B,$-0.01B,-27.45%,$0.05B,$-0.01B,-27.45%,$-0.01B,$0.01B,-103.70%,$-0.01B,$0.00B,-373.33%,$-0.01B,$0.02B,-52.34%,$-0.01B,$0.01B,-94.55%,$13,$12,$1,$0,$4,$16,$-3,$-0,$-3,$0,$-3,$-3,$-3,$-2,$-3,$0,0,$-7.50,$-7.50,$2,$0,$1,$7,$0,$0,$10,$1,$11,$24,$12,$1,$0,$1,$13,$0,$-104,$0,$11,$24,$-3,$0,$0,$0,$0,$0,$0,$0,$1,$-1,$-0,$0,$0,$0,$0,$0,$0,$0,$0,$0,$-0,$0,$0,$0,$0,$0,$-1,$0,$0
47,2006-12-31,87.75,$0.00,0.0,$131.92,0.67,$-104.76,0.0,$-37.50,0.0,$0.01B,$0.01B,0.8,$0.00B,$0.01B,0.0,$0.05B,$0.00B,8.33%,$0.05B,$-0.01B,-27.08%,$0.05B,$-0.01B,-27.08%,$0.05B,$-0.01B,-22.92%,$0.05B,$-0.01B,-29.17%,$0.05B,$-0.01B,-29.17%,$-0.01B,$0.01B,-90.32%,$-0.01B,$0.00B,-243.48%,$-0.01B,$0.03B,-49.12%,$-0.01B,$0.01B,-83.87%,$15,$14,$1,$0,$4,$18,$-3,$-1,$-4,$0,$-4,$-4,$-4,$-2,$-3,$0,0,$-10.50,$-10.50,$3,$0,$1,$11,$0,$0,$10,$1,$11,$28,$13,$0,$1,$1,$14,$0,$-101,$0,$13,$28,$-13,$1,$0,$1,$0,$0,$0,$0,$-1,$-11,$-3,$0,$0,$0,$0,$0,$-0,$-4,$0,$0,$-1,$0,$4,$0,$0,$3,$-12,$0,$0
