,Date,Stock Price,Book Value per Share,Price to Book Ratio,TTM Sales per Share,Price to Sales Ratio,TTM FCF per Share,Price to FCF Ratio,TTM Net EPS,PE Ratio,Current Assets,Current Liabilities,Current Ratio,Long Term Debt,Shareholder's Equity_x,Debt to Equity Ratio,TTM Revenue_x,TTM Gross Profit,Gross Margin,TTM Revenue_y,TTM Operating Income,Operating Margin,TTM Revenue_x,TTM EBIT,EBIT Margin,TTM Revenue_y,TTM EBITDA,EBITDA Margin,TTM Revenue_x,TTM Pre-Tax Income,Pre-Tax Margin,TTM Revenue_y,TTM Net Income_x,Net Margin,TTM Net Income_y,Shareholder's Equity_y,Return on Equity,TTM Net Income_x,Tangible Equity,Return on Tangible Equity,TTM Net Income_y,Total Assets,Return on Assets,TTM Net Income,LT Investments & Debt,Return on Investment,revenue,cost-goods-sold,gross-profit,research-development-expenses,selling-general-administrative-expenses,operating-expenses,operating-income,total-non-operating-income-expense,pre-tax-income,total-provision-income-taxes,income-after-taxes,income-from-continuous-operations,net-income,ebitda,ebit,basic-shares-outstanding,shares-outstanding,eps-basic-net-earnings-per-share,eps-earnings-per-share-diluted,cash-on-hand,inventory,other-current-assets,total-current-assets,net-property-plant-equipment,long-term-investments,goodwill-intangible-assets-total,other-long-term-assets,total-long-term-assets,total-assets,total-current-liabilities,long-term-debt,other-non-current-liabilities,total-long-term-liabilities,total-liabilities,common-stock-net,retained-earnings-accumulated-deficit,comprehensive-income,total-share-holder-equity,total-liabilities-share-holders-equity,net-income-loss,total-depreciation-amortization-cash-flow,other-non-cash-items,total-non-cash-items,change-in-accounts-receivable,change-in-inventories,change-in-accounts-payable,change-in-assets-liabilities,total-change-in-assets-liabilities,cash-flow-from-operating-activities,net-change-in-property-plant-equipment,net-change-in-intangible-assets,net-acquisitions-divestitures,net-change-in-short-term-investments,net-change-in-long-term-investments,net-change-in-investments-total,investing-activities-other,cash-flow-from-investing-activities,net-long-term-debt,net-current-debt,debt-issuance-retirement-net-total,net-common-equity-issued-repurchased,net-total-equity-issued-repurchased,total-common-preferred-stock-dividends-paid,financial-activities-other,cash-flow-from-financial-activities,net-cash-flow,stock-based-compensation,common-stock-dividends-paid
0,2018-09-30,1.26,$0.29,4.41,$0.20,6.23,$3.73,0.34,$-0.65,0.0,$0.04B,$0.11B,0.37,$0.04B,$0.01B,5.08,$0.00B,0,0.00%,$0.00B,$-0.11B,-5500.00%,$0.00B,$-0.11B,-5500.00%,$0.00B,$-0.10B,-5100.00%,$0.00B,$-0.12B,-5800.00%,$0.00B,$-0.11B,-5600.00%,$-0.11B,$0.01B,-452.53%,$-0.11B,$-0.02B,1400.00%,$-0.11B,$0.16B,-62.22%,$-0.11B,$0.05B,-170.54%,$0,$0,$-0,$0,$18,$18,$-18,$-0,$-18,$0,$-18,$-18,$-18,$-10,$-18,$19,19,$-0.94,$-0.93,$0,$2,$6,$41,$24,$0,$31,$61,$116,$157,$112,$38,$0,$38,$150,$0,$-26,$-96,$7,$157,$-24,$10,$16,$26,$6,$-0,$24,$-1,$-4,$-2,$-0,$0,$0,$0,$0,$0,$0,$-0,$0,$0,$0,$0,$0,$0,$0,$0,$-4,$0,$0
1,2018-06-30,1.67,$0.99,1.68,$1.11,1.51,$3.90,0.43,$-2.52,0.0,$0.06B,$0.11B,0.49,$0.04B,$0.03B,1.51,$0.01B,0,0.00%,$0.01B,$-0.10B,-1683.33%,$0.01B,$-0.10B,-1683.33%,$0.01B,$-0.10B,-1666.67%,$0.01B,$-0.10B,-1733.33%,$0.01B,$-0.10B,-1716.67%,$-0.10B,$0.03B,-160.94%,$-0.10B,$-0.01B,-334.96%,$-0.10B,$0.18B,-49.76%,$-0.10B,$0.07B,-102.54%,$1,$1,$0,$0,$4,$4,$-3,$-0,$-4,$0,$-4,$-4,$-3,$-4,$-3,$15,15,$-0.23,$-0.23,$0,$2,$4,$56,$26,$0,$32,$65,$123,$179,$114,$39,$0,$39,$153,$0,$-9,$-94,$26,$179,$-6,$2,$1,$3,$6,$-0,$-8,$-1,$-2,$-5,$-0,$0,$0,$0,$0,$0,$0,$-0,$0,$0,$0,$0,$0,$0,$0,$0,$-4,$0,$0
2,2018-03-31,2.05,$4.78,0.43,$1.66,1.23,$4.05,0.51,$-2.79,0.0,$0.06B,$0.12B,0.52,$0.04B,$0.03B,1.24,$0.01B,$0.00B,12.50%,$0.01B,$-0.10B,-1250.00%,$0.01B,$-0.10B,-1250.00%,$0.01B,$-0.10B,-1212.50%,$0.01B,$-0.10B,-1287.50%,$0.01B,$-0.10B,-1275.00%,$-0.10B,$0.03B,-102.26%,$-0.10B,$-0.00B,-153.38%,$-0.10B,$0.19B,-44.79%,$-0.10B,$0.08B,-77.67%,$1,$1,$0,$0,$3,$3,$-3,$-0,$-3,$0,$-3,$-3,$-3,$-1,$-3,$7,7,$-0.42,$-0.42,$4,$2,$2,$61,$28,$0,$34,$69,$131,$193,$118,$41,$0,$41,$159,$0,$-5,$-91,$33,$193,$-3,$2,$0,$3,$0,$-0,$-0,$0,$-0,$-0,$-0,$0,$0,$0,$0,$0,$0,$-0,$0,$0,$0,$0,$0,$0,$0,$0,$-1,$0,$0
3,2017-12-31,4.17,$6.14,0.68,$2.28,1.83,$3.97,1.05,$-3.00,0.0,$0.06B,$0.12B,0.53,$0.04B,$0.03B,1.21,$0.01B,$0.00B,20.00%,$0.01B,$-0.10B,-1000.00%,$0.01B,$-0.10B,-1000.00%,$0.01B,$-0.10B,-980.00%,$0.01B,$-0.10B,-1020.00%,$0.01B,$-0.10B,-1020.00%,$-0.10B,$0.03B,-76.40%,$-0.10B,$0.00B,-101.24%,$-0.10B,$0.19B,-41.59%,$-0.10B,$0.07B,-64.00%,$0,$0,$-0,$0,$-4,$86,$-86,$-5,$-91,$0,$-91,$-76,$-88,$-87,$-86,$5,6,$-18.07,$-18.11,$5,$2,$1,$62,$28,$0,$33,$68,$129,$191,$118,$40,$0,$40,$158,$0,$-2,$-94,$33,$191,$-103,$1,$101,$101,$10,$-1,$-5,$-48,$25,$24,$0,$0,$0,$0,$0,$0,$0,$0,$0,$-23,$-23,$3,$3,$0,$0,$-20,$3,$0,$0
4,2017-09-30,1.87,$31.71,0.06,$4.30,0.43,$-11.23,0.0,$-3.00,0.0,$0.10B,$0.08B,1.18,$0.02B,$0.16B,0.11,$0.02B,$0.01B,27.78%,$0.02B,$-0.01B,-72.22%,$0.02B,$-0.01B,-72.22%,$0.02B,$-0.01B,-44.44%,$0.02B,$-0.01B,-55.56%,$0.02B,$-0.02B,-100.00%,$-0.02B,$0.16B,-10.73%,$-0.02B,$0.13B,-13.31%,$-0.02B,$0.27B,-6.84%,$-0.01B,$0.18B,-7.06%,$4,$5,$-0,$0,$9,$13,$-9,$3,$-6,$-0,$-6,$-6,$-9,$-8,$-9,$5,5,$-1.90,$-1.87,$5,$4,$54,$99,$85,$0,$33,$48,$166,$265,$83,$17,$0,$17,$101,$0,$86,$-64,$164,$265,$-14,$2,$3,$5,$7,$-1,$-0,$5,$11,$1,$-1,$0,$0,$0,$0,$0,$1,$-0,$0,$2,$2,$5,$5,$0,$0,$6,$3,$0,$0
5,2017-06-30,2.41,$32.60,0.07,$6.10,0.39,$-2.47,0.0,$-1.23,0.0,$0.10B,$0.08B,1.29,$0.02B,$0.17B,0.1,$0.03B,$0.01B,32.00%,$0.03B,$-0.00B,-12.00%,$0.03B,$-0.00B,-12.00%,$0.03B,$0.00B,8.00%,$0.03B,$-0.00B,-16.00%,$0.03B,$-0.01B,-36.00%,$-0.01B,$0.17B,-5.21%,$-0.01B,$0.14B,-6.34%,$-0.01B,$0.26B,-3.38%,$-0.00B,$0.19B,-1.59%,$3,$1,$1,$0,$3,$5,$-2,$-1,$-3,$0,$-3,$-3,$-2,$-1,$-2,$5,5,$-0.50,$-0.50,$4,$4,$57,$99,$83,$0,$32,$48,$163,$262,$77,$17,$0,$17,$94,$0,$95,$-74,$169,$262,$-5,$2,$-0,$1,$7,$-1,$-5,$2,$4,$0,$-1,$0,$0,$0,$0,$0,$-0,$-1,$2,$0,$2,$3,$3,$0,$0,$5,$3,$0,$0
6,2017-03-31,5.95,$39.05,0.15,$8.19,0.73,$-0.50,0.0,$-0.61,0.0,$0.10B,$0.08B,1.3,$0.02B,$0.17B,0.1,$0.03B,$0.01B,31.25%,$0.03B,0,0.00%,$0.03B,0,0.00%,$0.03B,$0.00B,12.50%,$0.03B,0,0.00%,$0.03B,$-0.01B,-21.88%,$-0.01B,$0.17B,-3.91%,$-0.01B,$0.14B,-4.64%,$-0.01B,$0.26B,-2.58%,$0.00B,$0.19B,0.00%,$3,$2,$1,$0,$3,$5,$-3,$0,$-2,$0,$-2,$-3,$-3,$-2,$-3,$4,4,$-0.64,$-0.63,$2,$3,$57,$102,$82,$0,$32,$47,$161,$263,$78,$17,$0,$17,$95,$0,$98,$-73,$168,$263,$-3,$1,$-0,$1,$2,$0,$0,$-1,$1,$-1,$0,$0,$0,$0,$0,$0,$-0,$-0,$2,$0,$2,$0,$0,$0,$0,$2,$1,$0,$0
7,2016-12-31,6.6,$41.91,0.16,$9.01,0.73,$-0.95,0.0,$-0.28,0.0,$0.10B,$0.08B,1.32,$0.01B,$0.17B,0.09,$0.03B,$0.01B,26.47%,$0.03B,$0.00B,5.88%,$0.03B,$0.00B,5.88%,$0.03B,$0.01B,20.59%,$0.03B,$0.00B,2.94%,$0.03B,$-0.01B,-14.71%,$-0.01B,$0.17B,-2.62%,$-0.01B,$0.14B,-3.06%,$-0.01B,$0.26B,-1.78%,$0.00B,$0.19B,0.97%,$8,$5,$3,$0,$2,$7,$1,$-0,$1,$1,$0,$0,$-4,$3,$1,$4,4,$-0.95,$-0.95,$1,$3,$58,$102,$82,$0,$32,$47,$160,$262,$77,$14,$0,$14,$91,$0,$100,$-71,$170,$262,$-5,$5,$5,$10,$35,$0,$8,$-86,$-39,$-34,$-9,$-9,$0,$0,$0,$0,$-3,$-21,$7,$-10,$-4,$-24,$-24,$0,$3,$-24,$-49,$0,$0
8,2016-09-30,9.21,$45.21,0.2,$8.70,1.06,$13.90,0.66,$-0.29,0.0,$0.04B,$0.08B,0.45,$0.02B,$0.18B,0.08,$0.07B,$0.02B,21.92%,$0.07B,$0.00B,4.11%,$0.07B,$0.00B,4.11%,$0.07B,$0.01B,12.33%,$0.07B,$0.00B,4.11%,$0.07B,$-0.00B,-1.37%,$-0.00B,$0.18B,-0.52%,$-0.00B,$0.16B,-0.59%,$-0.00B,$0.28B,-0.35%,$0.00B,$0.20B,1.43%,$11,$8,$3,$0,$2,$10,$1,$-1,$0,$0,$-0,$-0,$-0,$2,$1,$4,4,$-0.28,$-0.28,$3,$5,$18,$35,$79,$0,$26,$138,$242,$278,$79,$15,$0,$15,$94,$0,$105,$-21,$184,$278,$-1,$4,$0,$4,$42,$-1,$11,$-19,$31,$34,$0,$-1,$0,$0,$0,$0,$-92,$-93,$7,$-2,$5,$16,$16,$0,$3,$24,$-47,$0,$0
9,2016-06-30,2.19,$48.13,0.05,$6.37,0.34,$6.30,0.35,$-0.35,0.0,$0.10B,$0.07B,1.36,$0.02B,$0.20B,0.08,$0.07B,$0.02B,23.29%,$0.07B,$0.00B,4.11%,$0.07B,$0.00B,4.11%,$0.07B,$0.01B,13.70%,$0.07B,$0.00B,4.11%,$0.07B,$-0.00B,-1.37%,$-0.00B,$0.20B,-0.52%,$-0.00B,$0.17B,-0.58%,$-0.00B,$0.28B,-0.36%,$0.00B,$0.21B,1.43%,$10,$7,$3,$0,$2,$9,$1,$-1,$1,$1,$0,$0,$0,$1,$1,$4,4,$0.12,$0.12,$47,$4,$14,$98,$80,$0,$24,$80,$185,$282,$72,$15,$0,$15,$87,$0,$105,$-20,$195,$282,$-1,$3,$-0,$2,$19,$-0,$1,$-14,$5,$7,$0,$0,$0,$0,$0,$0,$-33,$-32,$7,$-1,$6,$17,$17,$0,$0,$23,$-9,$0,$0
10,2016-03-31,2.84,$52.63,0.05,$4.14,0.69,$5.83,0.49,$0.17,16.7,$0.12B,$0.07B,1.7,$0.02B,$0.21B,0.07,$0.08B,$0.02B,25.33%,$0.08B,$0.01B,8.00%,$0.08B,$0.01B,8.00%,$0.08B,$0.01B,18.67%,$0.08B,$0.01B,6.67%,$0.08B,$0.00B,1.33%,$0.00B,$0.21B,0.52%,$0.00B,$0.19B,0.57%,$0.00B,$0.30B,0.36%,$0.01B,$0.23B,2.84%,$5,$5,$0,$0,$2,$7,$-1,$0,$-1,$0,$-1,$-1,$-1,$1,$-1,$4,4,$-0.30,$-0.30,$66,$4,$1,$124,$82,$0,$26,$69,$178,$302,$73,$16,$0,$16,$88,$0,$105,$-12,$214,$302,$-1,$3,$-0,$3,$-2,$-1,$4,$2,$-1,$0,$-3,$0,$0,$0,$0,$0,$-0,$-3,$-13,$0,$-13,$17,$17,$0,$0,$4,$10,$0,$0
11,2015-12-31,5.44,$6.74,0.81,$3.23,1.68,$6.67,0.82,$0.95,5.73,$0.11B,$0.07B,1.6,$0.02B,$0.18B,0.09,$0.09B,$0.03B,29.89%,$0.09B,$0.01B,11.49%,$0.09B,$0.01B,11.49%,$0.09B,$0.02B,20.69%,$0.09B,$0.01B,9.20%,$0.09B,$0.00B,3.45%,$0.00B,$0.18B,1.62%,$0.00B,$0.16B,1.72%,$0.00B,$0.27B,1.11%,$0.01B,$0.20B,4.84%,$47,$37,$10,$0,$8,$45,$2,$1,$3,$2,$0,$-1,$-0,$5,$2,$27,27,$-0.01,$-0.01,$53,$3,$4,$113,$83,$0,$26,$48,$157,$270,$71,$17,$0,$17,$87,$0,$106,$13,$183,$270,$4,$8,$6,$14,$12,$0,$55,$17,$87,$104,$-0,$0,$0,$0,$0,$0,$-21,$-21,$-62,$-2,$-64,$0,$0,$0,$3,$-60,$25,$0,$0
12,2015-09-30,6.64,$54.61,0.12,$2.99,2.22,$2.37,2.8,$1.76,3.77,$0.09B,$0.06B,1.58,$0.02B,$0.18B,0.11,$0.08B,$0.03B,33.75%,$0.08B,$0.01B,17.50%,$0.08B,$0.01B,17.50%,$0.08B,$0.02B,27.50%,$0.08B,$0.01B,12.50%,$0.08B,$0.01B,7.50%,$0.01B,$0.18B,3.22%,$0.01B,$0.18B,3.33%,$0.01B,$0.26B,2.20%,$0.01B,$0.20B,6.70%,$11,$7,$4,$0,$2,$9,$1,$-2,$-0,$0,$-0,$-0,$-0,$3,$1,$27,27,$-0.02,$-0.02,$63,$4,$7,$94,$98,$0,$6,$63,$167,$262,$60,$20,$0,$20,$80,$0,$106,$12,$182,$262,$3,$5,$-1,$3,$49,$-1,$-8,$-7,$31,$38,$-5,$0,$0,$0,$0,$0,$-0,$-5,$0,$0,$0,$0,$0,$0,$3,$4,$35,$0,$0
13,2015-06-30,10.88,$57.01,0.19,$13.05,0.83,$0.06,184.41,$3.28,3.32,$0.10B,$0.06B,1.71,$0.02B,$0.19B,0.12,$0.10B,$0.03B,31.73%,$0.10B,$0.02B,19.23%,$0.10B,$0.02B,19.23%,$0.10B,$0.03B,26.92%,$0.10B,$0.02B,16.35%,$0.10B,$0.01B,10.58%,$0.01B,$0.19B,5.91%,$0.01B,$0.18B,6.11%,$0.01B,$0.27B,3.96%,$0.02B,$0.21B,9.54%,$12,$7,$5,$0,$2,$9,$4,$-0,$3,$1,$2,$2,$2,$5,$4,$27,27,$0.08,$0.08,$64,$4,$0,$97,$101,$0,$6,$65,$173,$270,$56,$23,$0,$23,$80,$0,$106,$19,$190,$270,$4,$3,$-1,$2,$41,$-0,$-8,$0,$31,$37,$-2,$0,$0,$0,$0,$0,$0,$-2,$0,$-3,$-3,$0,$0,$0,$3,$0,$35,$0,$0
14,2015-03-31,9.12,$56.12,0.16,$16.18,0.56,$2.48,3.68,$2.64,3.45,$0.11B,$0.07B,1.53,$0.02B,$0.19B,0.13,$0.10B,$0.03B,31.73%,$0.10B,$0.02B,17.31%,$0.10B,$0.02B,17.31%,$0.10B,$0.03B,25.00%,$0.10B,$0.01B,13.46%,$0.10B,$0.01B,8.65%,$0.01B,$0.19B,4.92%,$0.01B,$0.18B,5.10%,$0.01B,$0.28B,3.25%,$0.02B,$0.21B,8.70%,$17,$9,$7,$0,$4,$13,$3,$-1,$2,$1,$2,$2,$2,$5,$3,$27,27,$0.06,$0.06,$46,$5,$0,$106,$102,$0,$6,$65,$174,$280,$69,$24,$0,$24,$93,$0,$104,$19,$187,$280,$2,$2,$1,$2,$12,$-1,$-6,$1,$4,$8,$-2,$0,$0,$0,$0,$0,$-0,$-2,$-0,$8,$8,$0,$0,$0,$0,$8,$14,$0,$0
15,2014-12-31,7.8,$6.98,1.12,$19.10,0.41,$5.55,1.41,$2.32,3.36,$0.11B,$0.07B,1.5,$0.02B,$0.19B,0.13,$0.10B,$0.03B,30.30%,$0.10B,$0.02B,17.17%,$0.10B,$0.02B,17.17%,$0.10B,$0.02B,24.24%,$0.10B,$0.01B,13.13%,$0.10B,$0.01B,9.09%,$0.01B,$0.19B,4.97%,$0.01B,$0.18B,5.15%,$0.01B,$0.28B,3.40%,$0.02B,$0.21B,8.44%,$40,$30,$11,$0,$4,$34,$6,$-1,$5,$2,$3,$3,$3,$9,$6,$27,27,$-1.24,$-1.24,$32,$4,$0,$105,$96,$0,$7,$72,$175,$279,$70,$24,$0,$24,$93,$0,$103,$19,$186,$279,$9,$6,$-0,$5,$-33,$0,$15,$2,$-10,$4,$-15,$0,$0,$0,$0,$0,$-25,$-41,$-4,$3,$-1,$0,$0,$-4,$1,$-5,$-42,$0,$-4
16,2014-09-30,8.48,$54.42,0.16,$26.75,0.32,$9.66,0.88,$2.96,2.86,$0.11B,$0.08B,1.42,$0.02B,$0.18B,0.13,$0.09B,$0.03B,31.11%,$0.09B,$0.02B,20.00%,$0.09B,$0.02B,20.00%,$0.09B,$0.02B,26.67%,$0.09B,$0.02B,16.67%,$0.09B,$0.01B,12.22%,$0.01B,$0.18B,6.10%,$0.01B,$0.18B,6.34%,$0.01B,$0.28B,4.34%,$0.02B,$0.21B,9.16%,$35,$25,$10,$0,$3,$28,$7,$-1,$7,$2,$5,$5,$5,$9,$7,$3,3,$1.36,$1.36,$53,$5,$1,$107,$96,$0,$6,$72,$174,$281,$75,$24,$0,$24,$99,$0,$100,$18,$181,$281,$6,$3,$-0,$3,$-13,$1,$12,$0,$5,$13,$-16,$0,$0,$0,$0,$0,$-21,$-37,$-4,$12,$8,$0,$0,$-4,$-12,$-8,$-33,$0,$-4
17,2014-06-30,11.04,$53.00,0.21,$22.14,0.5,$19.93,0.55,$2.48,4.45,$0.13B,$0.07B,1.93,$0.03B,$0.18B,0.14,$0.07B,$0.03B,33.78%,$0.07B,$0.02B,21.62%,$0.07B,$0.02B,21.62%,$0.07B,$0.02B,28.38%,$0.07B,$0.01B,16.22%,$0.07B,$0.01B,12.16%,$0.01B,$0.18B,5.03%,$0.01B,$0.17B,5.23%,$0.01B,$0.27B,3.81%,$0.02B,$0.20B,8.47%,$12,$7,$5,$0,$2,$10,$2,$-2,$0,$0,$0,$0,$0,$3,$2,$3,3,$0.02,$0.02,$100,$6,$1,$126,$91,$0,$6,$44,$141,$267,$66,$25,$0,$25,$91,$0,$96,$18,$177,$267,$1,$2,$-1,$1,$16,$-0,$2,$0,$21,$22,$-10,$0,$0,$0,$0,$0,$7,$-2,$-3,$14,$11,$0,$0,$-4,$-13,$-6,$13,$0,$-4
18,2014-03-31,14.8,$54.28,0.27,$21.65,0.68,$25.01,0.59,$2.72,5.44,$0.11B,$0.04B,2.55,$0.01B,$0.18B,0.04,$0.07B,$0.02B,31.94%,$0.07B,$0.02B,20.83%,$0.07B,$0.02B,20.83%,$0.07B,$0.02B,27.78%,$0.07B,$0.01B,18.06%,$0.07B,$0.01B,13.89%,$0.01B,$0.18B,5.64%,$0.01B,$0.17B,5.86%,$0.01B,$0.23B,4.55%,$0.02B,$0.19B,8.28%,$12,$8,$4,$0,$2,$10,$2,$-1,$1,$0,$1,$1,$1,$3,$2,$3,3,$0.16,$0.16,$84,$5,$1,$112,$65,$0,$6,$49,$121,$233,$44,$8,$0,$8,$52,$0,$95,$18,$181,$233,$1,$1,$0,$1,$13,$-0,$1,$1,$13,$15,$-4,$0,$0,$0,$0,$0,$-0,$-4,$-3,$2,$-1,$0,$0,$0,$-0,$-1,$9,$0,$0
19,2013-12-31,14.0,$54.60,0.26,$23.70,0.59,$25.54,0.55,$3.68,3.8,$0.12B,$0.04B,2.67,$0.01B,$0.18B,0.04,$0.08B,$0.03B,34.18%,$0.08B,$0.02B,22.78%,$0.08B,$0.02B,22.78%,$0.08B,$0.02B,29.11%,$0.08B,$0.02B,22.78%,$0.08B,$0.01B,16.46%,$0.01B,$0.18B,7.47%,$0.01B,$0.18B,7.77%,$0.01B,$0.23B,6.21%,$0.02B,$0.19B,10.23%,$31,$21,$9,$0,$2,$23,$7,$-0,$7,$2,$5,$5,$5,$9,$7,$3,3,$1.44,$1.44,$74,$4,$1,$115,$62,$0,$7,$50,$118,$233,$43,$8,$0,$8,$51,$0,$95,$19,$182,$233,$13,$5,$-0,$5,$16,$3,$-11,$-2,$7,$25,$-13,$-37,$0,$0,$0,$0,$-11,$-60,$0,$29,$29,$0,$0,$0,$-7,$22,$-11,$0,$0
20,2013-09-30,15.92,$52.66,0.3,$28.32,0.56,$25.65,0.62,$4.88,3.26,$0.12B,$0.04B,3.06,$0.00B,$0.18B,0.0,$0.09B,$0.03B,36.17%,$0.09B,$0.02B,25.53%,$0.09B,$0.02B,25.53%,$0.09B,$0.03B,29.79%,$0.09B,$0.02B,25.53%,$0.09B,$0.02B,18.09%,$0.02B,$0.18B,10.04%,$0.02B,$0.17B,10.45%,$0.02B,$0.21B,8.51%,$0.02B,$0.18B,14.18%,$19,$12,$7,$0,$3,$15,$5,$-0,$4,$1,$3,$3,$3,$6,$5,$3,3,$0.88,$0.88,$88,$8,$0,$116,$51,$0,$7,$41,$98,$213,$38,$0,$0,$0,$38,$0,$90,$18,$175,$213,$8,$3,$-0,$3,$32,$-0,$-10,$-0,$20,$31,$-1,$0,$0,$0,$0,$0,$-39,$-39,$0,$16,$16,$0,$0,$0,$-1,$16,$10,$0,$0
21,2013-06-30,16.16,$51.41,0.31,$31.05,0.52,$21.37,0.76,$5.52,2.93,$0.10B,$0.03B,3.55,$0.00B,$0.17B,0.0,$0.10B,$0.04B,34.62%,$0.10B,$0.03B,25.00%,$0.10B,$0.03B,25.00%,$0.10B,$0.03B,29.81%,$0.10B,$0.03B,25.96%,$0.10B,$0.02B,18.27%,$0.02B,$0.17B,11.60%,$0.02B,$0.17B,12.12%,$0.02B,$0.20B,9.99%,$0.03B,$0.17B,15.88%,$10,$7,$3,$-0,$2,$9,$1,$0,$1,$0,$1,$1,$1,$2,$1,$3,3,$0.24,$0.24,$80,$8,$0,$102,$51,$0,$7,$40,$98,$200,$29,$0,$0,$0,$29,$0,$87,$17,$171,$200,$5,$2,$-0,$1,$37,$1,$-10,$-1,$24,$30,$-0,$0,$0,$0,$0,$0,$-38,$-38,$0,$10,$10,$0,$0,$0,$0,$10,$3,$0,$0
22,2013-03-31,18.4,$50.42,0.36,$31.80,0.58,$19.71,0.93,$6.00,3.07,$0.13B,$0.02B,5.77,$0.00B,$0.17B,0.0,$0.11B,$0.04B,34.58%,$0.11B,$0.03B,26.17%,$0.11B,$0.03B,26.17%,$0.11B,$0.03B,30.84%,$0.11B,$0.03B,27.10%,$0.11B,$0.02B,18.69%,$0.02B,$0.17B,12.66%,$0.02B,$0.16B,13.29%,$0.02B,$0.19B,11.00%,$0.03B,$0.17B,17.72%,$19,$11,$8,$0,$2,$13,$5,$0,$6,$1,$4,$4,$4,$6,$5,$3,3,$1.12,$1.12,$91,$8,$0,$131,$52,$0,$8,$0,$60,$191,$23,$0,$0,$0,$23,$0,$87,$15,$168,$191,$4,$1,$-0,$1,$18,$0,$-7,$-1,$8,$13,$-0,$0,$0,$0,$0,$0,$-0,$-0,$0,$1,$1,$0,$0,$0,$0,$1,$14,$0,$0
23,2012-12-31,16.16,$49.05,0.33,$30.71,0.53,$19.91,0.81,$5.44,2.97,$0.14B,$0.03B,4.24,$0.00B,$0.16B,0.0,$0.10B,$0.03B,33.01%,$0.10B,$0.03B,25.24%,$0.10B,$0.03B,25.24%,$0.10B,$0.03B,29.13%,$0.10B,$0.03B,25.24%,$0.10B,$0.02B,17.48%,$0.02B,$0.16B,11.80%,$0.02B,$0.16B,12.39%,$0.02B,$0.20B,10.33%,$0.03B,$0.16B,17.05%,$46,$30,$16,$0,$2,$33,$13,$-0,$13,$3,$9,$9,$9,$14,$13,$3,3,$2.64,$2.64,$78,$7,$0,$135,$52,$0,$7,$2,$61,$195,$32,$0,$0,$0,$32,$0,$83,$15,$163,$195,$19,$5,$0,$5,$-13,$-1,$11,$0,$-4,$20,$-7,$-1,$0,$0,$0,$0,$-1,$-9,$0,$5,$5,$0,$0,$0,$0,$5,$16,$0,$0
24,2012-09-30,12.8,$46.09,0.28,$27.41,0.47,$21.57,0.59,$4.24,3.02,$0.12B,$0.02B,5.3,$0.00B,$0.15B,0.0,$0.09B,$0.03B,30.43%,$0.09B,$0.02B,21.74%,$0.09B,$0.02B,21.74%,$0.09B,$0.02B,26.09%,$0.09B,$0.02B,21.74%,$0.09B,$0.01B,15.22%,$0.01B,$0.15B,9.48%,$0.01B,$0.15B,9.98%,$0.01B,$0.18B,8.46%,$0.02B,$0.15B,13.54%,$29,$20,$9,$0,$2,$22,$7,$0,$7,$2,$5,$5,$5,$9,$7,$3,3,$1.52,$1.52,$81,$6,$0,$117,$50,$0,$8,$0,$58,$175,$22,$0,$0,$0,$22,$0,$74,$13,$153,$175,$10,$3,$0,$4,$7,$-0,$4,$-0,$7,$20,$-4,$0,$0,$0,$0,$0,$-1,$-5,$0,$5,$5,$0,$0,$0,$0,$5,$20,$0,$0
25,2012-06-30,12.8,$45.56,0.28,$24.07,0.53,$25.22,0.51,$3.28,3.9,$0.11B,$0.02B,5.86,$0.00B,$0.15B,0.0,$0.08B,$0.02B,30.00%,$0.08B,$0.02B,20.00%,$0.08B,$0.02B,20.00%,$0.08B,$0.02B,23.75%,$0.08B,$0.02B,20.00%,$0.08B,$0.01B,13.75%,$0.01B,$0.15B,7.65%,$0.01B,$0.14B,8.06%,$0.01B,$0.17B,6.82%,$0.02B,$0.15B,11.13%,$13,$9,$4,$0,$1,$10,$3,$0,$3,$1,$3,$3,$2,$4,$3,$3,3,$0.72,$0.72,$88,$6,$0,$109,$48,$0,$8,$1,$57,$166,$19,$0,$0,$0,$19,$0,$69,$14,$148,$166,$5,$1,$0,$1,$21,$1,$0,$-0,$19,$25,$-1,$0,$0,$0,$0,$0,$-2,$-3,$0,$5,$5,$0,$0,$0,$0,$5,$27,$0,$0
26,2012-03-31,12.16,$45.48,0.27,$23.88,0.51,$26.30,0.46,$3.04,4.0,$0.10B,$0.02B,7.01,$0.00B,$0.15B,0.0,$0.08B,$0.02B,30.38%,$0.08B,$0.02B,18.99%,$0.08B,$0.02B,18.99%,$0.08B,$0.02B,22.78%,$0.08B,$0.02B,18.99%,$0.08B,$0.01B,12.66%,$0.01B,$0.15B,7.14%,$0.01B,$0.14B,7.50%,$0.01B,$0.16B,6.31%,$0.02B,$0.15B,10.71%,$15,$10,$5,$0,$2,$12,$3,$0,$3,$1,$2,$2,$2,$3,$3,$3,3,$0.56,$0.56,$77,$5,$0,$104,$50,$0,$7,$0,$57,$161,$15,$0,$0,$0,$15,$0,$67,$14,$146,$161,$2,$1,$0,$1,$14,$1,$-1,$-0,$12,$15,$-1,$0,$0,$0,$0,$0,$-0,$-1,$0,$2,$2,$0,$0,$0,$0,$2,$16,$0,$0
27,2011-12-31,14.88,$44.79,0.33,$25.21,0.59,$26.33,0.57,$4.08,3.65,$0.10B,$0.02B,6.32,$0.00B,$0.14B,0.0,$0.08B,$0.03B,33.73%,$0.08B,$0.02B,22.89%,$0.08B,$0.02B,22.89%,$0.08B,$0.02B,27.71%,$0.08B,$0.02B,24.10%,$0.08B,$0.01B,15.66%,$0.01B,$0.14B,9.56%,$0.01B,$0.14B,10.06%,$0.01B,$0.16B,8.28%,$0.02B,$0.14B,13.97%,$35,$25,$10,$0,$3,$28,$7,$-0,$7,$2,$5,$5,$5,$8,$7,$3,3,$1.36,$1.36,$61,$6,$0,$104,$44,$0,$7,$5,$56,$160,$16,$0,$0,$0,$16,$0,$65,$14,$144,$160,$14,$4,$-0,$4,$12,$-0,$-1,$0,$8,$26,$-8,$0,$0,$0,$0,$0,$-5,$-13,$0,$-4,$-4,$0,$0,$0,$0,$-4,$12,$0,$0
28,2011-09-30,14.64,$42.57,0.34,$29.94,0.49,$21.91,0.67,$6.32,2.32,$0.11B,$0.02B,5.01,$0.00B,$0.14B,0.0,$0.09B,$0.04B,39.13%,$0.09B,$0.03B,30.43%,$0.09B,$0.03B,30.43%,$0.09B,$0.03B,33.70%,$0.09B,$0.03B,31.52%,$0.09B,$0.02B,20.65%,$0.02B,$0.14B,14.53%,$0.02B,$0.13B,15.29%,$0.02B,$0.16B,12.36%,$0.03B,$0.14B,21.41%,$17,$13,$5,$0,$2,$15,$3,$-0,$3,$1,$2,$2,$2,$4,$3,$3,3,$0.56,$0.56,$78,$8,$0,$109,$36,$0,$7,$7,$50,$158,$22,$0,$0,$0,$22,$0,$60,$12,$137,$158,$9,$3,$0,$3,$26,$-2,$-0,$-1,$17,$29,$-0,$0,$0,$0,$0,$0,$-6,$-6,$0,$3,$3,$0,$0,$0,$-1,$3,$27,$0,$0
29,2011-06-30,21.44,$41.55,0.52,$30.89,0.69,$15.77,1.36,$6.96,3.08,$0.11B,$0.02B,4.89,$0.00B,$0.13B,0.0,$0.09B,$0.04B,40.86%,$0.09B,$0.03B,32.26%,$0.09B,$0.03B,32.26%,$0.09B,$0.03B,35.48%,$0.09B,$0.03B,33.33%,$0.09B,$0.02B,21.51%,$0.02B,$0.13B,16.13%,$0.02B,$0.13B,17.02%,$0.02B,$0.16B,13.68%,$0.03B,$0.13B,24.19%,$12,$8,$4,$0,$2,$10,$2,$0,$2,$1,$2,$2,$1,$3,$2,$3,3,$0.48,$0.48,$77,$6,$0,$107,$36,$0,$7,$6,$49,$155,$22,$0,$0,$0,$22,$0,$58,$11,$133,$155,$7,$2,$0,$2,$24,$0,$1,$-1,$19,$28,$-0,$0,$0,$0,$0,$0,$-5,$-5,$0,$3,$3,$0,$0,$0,$-0,$3,$27,$0,$0
30,2011-03-31,35.28,$40.48,0.87,$32.22,1.1,$10.99,3.21,$8.24,4.28,$0.11B,$0.03B,4.48,$0.00B,$0.13B,0.0,$0.09B,$0.04B,42.55%,$0.09B,$0.03B,35.11%,$0.09B,$0.03B,35.11%,$0.09B,$0.04B,38.30%,$0.09B,$0.04B,38.30%,$0.09B,$0.02B,24.47%,$0.02B,$0.13B,20.77%,$0.02B,$0.12B,22.06%,$0.02B,$0.16B,17.36%,$0.03B,$0.13B,29.80%,$19,$11,$9,$0,$1,$12,$7,$0,$8,$2,$6,$6,$5,$8,$7,$3,3,$1.60,$1.60,$66,$6,$0,$110,$36,$0,$7,$1,$44,$155,$25,$0,$0,$0,$25,$0,$57,$9,$130,$155,$6,$1,$0,$1,$10,$-1,$2,$-1,$7,$14,$-0,$0,$0,$0,$0,$0,$-0,$-0,$0,$2,$2,$0,$0,$0,$0,$2,$16,$0,$0
31,2010-12-31,37.2,$38.36,0.97,$33.26,1.12,$9.23,4.03,$7.28,5.11,$0.10B,$0.02B,4.27,$0.00B,$0.12B,0.0,$0.09B,$0.04B,40.86%,$0.09B,$0.03B,34.41%,$0.09B,$0.03B,34.41%,$0.09B,$0.03B,36.56%,$0.09B,$0.03B,34.41%,$0.09B,$0.02B,20.43%,$0.02B,$0.12B,19.64%,$0.02B,$0.12B,20.99%,$0.02B,$0.15B,16.14%,$0.03B,$0.12B,33.07%,$44,$26,$18,$0,$2,$28,$16,$-0,$16,$4,$12,$12,$11,$16,$16,$3,3,$3.76,$3.76,$50,$5,$0,$103,$36,$0,$7,$2,$45,$147,$24,$0,$0,$0,$24,$0,$51,$8,$123,$147,$23,$2,$2,$4,$-17,$-0,$1,$1,$-17,$11,$-8,$0,$0,$0,$0,$0,$-0,$-8,$0,$5,$5,$27,$27,$0,$-1,$31,$35,$0,$0
32,2010-09-30,37.44,$34.26,1.09,$33.37,1.12,$8.00,4.68,$8.32,4.5,$0.09B,$0.02B,4.6,$0.00B,$0.11B,0.0,$0.09B,$0.04B,43.53%,$0.09B,$0.03B,36.47%,$0.09B,$0.03B,36.47%,$0.09B,$0.04B,41.18%,$0.09B,$0.03B,36.47%,$0.09B,$0.02B,18.82%,$0.02B,$0.11B,19.51%,$0.02B,$0.10B,21.12%,$0.02B,$0.13B,15.69%,$0.03B,$0.11B,37.80%,$18,$12,$7,$0,$1,$13,$5,$-0,$5,$1,$4,$4,$3,$6,$5,$3,3,$1.20,$1.20,$46,$7,$0,$85,$26,$0,$7,$11,$43,$128,$18,$0,$0,$0,$18,$0,$40,$6,$110,$128,$11,$2,$2,$4,$-1,$-2,$0,$-1,$-7,$8,$-1,$0,$0,$0,$0,$0,$-8,$-9,$0,$5,$5,$27,$27,$0,$0,$32,$32,$0,$0
33,2010-06-30,40.4,$31.54,1.28,$31.76,1.27,$4.42,9.14,$8.00,5.05,$0.06B,$0.02B,2.99,$0.00B,$0.08B,0.0,$0.08B,$0.03B,43.59%,$0.08B,$0.03B,37.18%,$0.08B,$0.03B,37.18%,$0.08B,$0.03B,39.74%,$0.08B,$0.03B,37.18%,$0.08B,$0.02B,19.23%,$0.02B,$0.08B,22.56%,$0.02B,$0.07B,24.79%,$0.02B,$0.10B,17.44%,$0.03B,$0.08B,43.61%,$13,$7,$6,$0,$1,$8,$5,$2,$7,$2,$5,$5,$4,$6,$5,$3,3,$1.76,$1.76,$27,$3,$2,$58,$26,$0,$6,$10,$42,$100,$19,$0,$0,$0,$19,$0,$37,$5,$80,$100,$7,$1,$2,$3,$3,$2,$-1,$-3,$-0,$10,$-1,$0,$0,$0,$0,$0,$-7,$-8,$0,$7,$7,$3,$3,$0,$0,$10,$12,$0,$0
34,2010-03-31,47.92,$30.09,1.59,$29.47,1.63,$2.42,19.79,$6.96,6.89,$0.06B,$0.02B,2.85,$0.00B,$0.07B,0.0,$0.07B,$0.03B,42.25%,$0.07B,$0.03B,35.21%,$0.07B,$0.03B,35.21%,$0.07B,$0.03B,36.62%,$0.07B,$0.03B,35.21%,$0.07B,$0.01B,18.31%,$0.01B,$0.07B,22.41%,$0.01B,$0.07B,25.00%,$0.01B,$0.10B,17.11%,$0.03B,$0.07B,43.10%,$18,$11,$7,$0,$1,$12,$6,$-2,$4,$2,$2,$2,$1,$6,$6,$2,3,$0.64,$0.64,$30,$4,$0,$61,$26,$0,$7,$3,$35,$96,$21,$0,$0,$0,$21,$0,$32,$4,$74,$96,$2,$1,$2,$3,$1,$1,$-0,$1,$1,$6,$-0,$0,$0,$0,$0,$0,$-0,$-0,$0,$7,$7,$3,$3,$0,$0,$10,$16,$0,$0
35,2009-12-31,32.96,$28.61,1.15,$25.42,1.3,$3.62,9.11,$6.80,4.85,$0.05B,$0.02B,2.49,$0.00B,$0.06B,0.0,$0.06B,$0.03B,43.33%,$0.06B,$0.02B,35.00%,$0.06B,$0.02B,35.00%,$0.06B,$0.02B,36.67%,$0.06B,$0.02B,38.33%,$0.06B,$0.01B,21.67%,$0.01B,$0.06B,25.74%,$0.01B,$0.06B,29.21%,$0.01B,$0.08B,19.40%,$0.02B,$0.06B,41.58%,$36,$19,$17,$0,$1,$21,$15,$-0,$15,$4,$11,$11,$8,$17,$15,$2,2,$4.48,$4.56,$14,$5,$2,$48,$24,$0,$7,$5,$35,$84,$19,$0,$0,$0,$19,$0,$30,$4,$64,$84,$16,$2,$1,$3,$-16,$-3,$2,$1,$-16,$3,$-4,$0,$0,$0,$0,$0,$-2,$-6,$0,$-6,$-6,$8,$8,$0,$0,$2,$-1,$0,$0
36,2009-09-30,28.0,$25.99,1.08,$18.69,1.5,$8.33,3.36,$3.92,7.14,$0.03B,$0.02B,2.12,$0.00B,$0.05B,0.0,$0.04B,$0.02B,44.19%,$0.04B,$0.01B,32.56%,$0.04B,$0.01B,32.56%,$0.04B,$0.01B,32.56%,$0.04B,$0.02B,37.21%,$0.04B,$0.01B,23.26%,$0.01B,$0.05B,22.10%,$0.01B,$0.04B,25.64%,$0.01B,$0.06B,16.46%,$0.01B,$0.05B,30.94%,$11,$7,$4,$0,$1,$8,$3,$0,$3,$1,$2,$2,$2,$2,$3,$2,2,$0.96,$0.88,$12,$4,$0,$33,$19,$0,$6,$5,$31,$64,$16,$0,$0,$0,$16,$0,$27,$4,$48,$64,$5,$0,$1,$1,$-3,$-2,$0,$-3,$-9,$-2,$-0,$0,$0,$0,$0,$0,$0,$-0,$0,$0,$0,$0,$0,$0,$0,$0,$-3,$0,$0
37,2009-06-30,28.0,$24.76,1.13,$16.85,1.66,$13.43,2.08,$3.04,9.21,$0.03B,$0.01B,2.08,$0.00B,$0.05B,0.0,$0.04B,$0.02B,47.37%,$0.04B,$0.01B,34.21%,$0.04B,$0.01B,34.21%,$0.04B,$0.01B,36.84%,$0.04B,$0.01B,36.84%,$0.04B,$0.01B,23.68%,$0.01B,$0.05B,21.43%,$0.01B,$0.04B,25.17%,$0.01B,$0.06B,15.79%,$0.01B,$0.05B,30.95%,$6,$4,$2,$0,$1,$5,$1,$2,$3,$1,$2,$2,$2,$1,$1,$2,2,$0.72,$0.72,$17,$2,$0,$29,$20,$0,$6,$5,$31,$60,$14,$0,$0,$0,$14,$0,$25,$4,$46,$60,$3,$1,$0,$1,$4,$-0,$1,$-4,$-1,$3,$-0,$0,$0,$0,$0,$0,$0,$-0,$0,$-2,$-2,$0,$0,$0,$0,$-2,$1,$0,$0
38,2009-03-31,40.0,$23.64,1.69,$17.04,2.35,$14.27,2.8,$2.32,17.24,$0.03B,$0.02B,1.93,$0.00B,$0.04B,0.0,$0.04B,$0.02B,48.72%,$0.04B,$0.01B,35.90%,$0.04B,$0.01B,35.90%,$0.04B,$0.02B,38.46%,$0.04B,$0.01B,33.33%,$0.04B,$0.01B,20.51%,$0.01B,$0.04B,20.51%,$0.01B,$0.04B,24.62%,$0.01B,$0.06B,14.88%,$0.01B,$0.04B,35.44%,$7,$4,$3,$0,$1,$5,$2,$-0,$2,$0,$1,$1,$1,$2,$2,$2,2,$0.56,$0.56,$23,$2,$0,$32,$20,$0,$6,$2,$29,$60,$16,$0,$0,$0,$16,$0,$24,$4,$44,$60,$1,$0,$0,$0,$7,$-0,$1,$0,$6,$8,$0,$0,$0,$0,$0,$0,$0,$0,$0,$0,$0,$0,$0,$0,$0,$0,$8,$0,$0
