,Date,Stock Price,Book Value per Share,Price to Book Ratio,TTM Sales per Share,Price to Sales Ratio,TTM FCF per Share,Price to FCF Ratio,TTM Net EPS,PE Ratio,Current Assets,Current Liabilities,Current Ratio,Long Term Debt,Shareholder's Equity_x,Debt to Equity Ratio,TTM Revenue_x,TTM Gross Profit,Gross Margin,TTM Revenue_y,TTM Operating Income,Operating Margin,TTM Revenue_x,TTM EBIT,EBIT Margin,TTM Revenue_y,TTM EBITDA,EBITDA Margin,TTM Revenue_x,TTM Pre-Tax Income,Pre-Tax Margin,TTM Revenue_y,TTM Net Income_x,Net Margin,TTM Net Income_y,Shareholder's Equity_y,Return on Equity,TTM Net Income_x,Tangible Equity,Return on Tangible Equity,TTM Net Income_y,Total Assets,Return on Assets,TTM Net Income,LT Investments & Debt,Return on Investment,revenue,cost-goods-sold,gross-profit,research-development-expenses,selling-general-administrative-expenses,operating-expenses,operating-income,total-non-operating-income-expense,pre-tax-income,total-provision-income-taxes,income-after-taxes,income-from-continuous-operations,net-income,ebitda,ebit,basic-shares-outstanding,shares-outstanding,eps-basic-net-earnings-per-share,eps-earnings-per-share-diluted,cash-on-hand,inventory,other-current-assets,total-current-assets,net-property-plant-equipment,long-term-investments,goodwill-intangible-assets-total,other-long-term-assets,total-long-term-assets,total-assets,total-current-liabilities,long-term-debt,other-non-current-liabilities,total-long-term-liabilities,total-liabilities,common-stock-net,retained-earnings-accumulated-deficit,comprehensive-income,total-share-holder-equity,total-liabilities-share-holders-equity,net-income-loss,total-depreciation-amortization-cash-flow,other-non-cash-items,total-non-cash-items,change-in-accounts-receivable,change-in-inventories,change-in-accounts-payable,change-in-assets-liabilities,total-change-in-assets-liabilities,cash-flow-from-operating-activities,net-change-in-property-plant-equipment,net-change-in-intangible-assets,net-acquisitions-divestitures,net-change-in-short-term-investments,net-change-in-long-term-investments,net-change-in-investments-total,investing-activities-other,cash-flow-from-investing-activities,net-long-term-debt,net-current-debt,debt-issuance-retirement-net-total,net-common-equity-issued-repurchased,net-total-equity-issued-repurchased,total-common-preferred-stock-dividends-paid,financial-activities-other,cash-flow-from-financial-activities,net-cash-flow,stock-based-compensation,common-stock-dividends-paid
0,2018-09-30,31.25,$28.32,1.1,$27.82,1.12,$-3.25,0.0,$0.40,78.13,$11.56B,$8.70B,1.33,$4.02B,$12.82B,0.31,$12.91B,$2.49B,19.31%,$12.91B,$1.00B,7.73%,$12.91B,$1.00B,7.73%,$12.91B,$1.56B,12.11%,$12.91B,$0.69B,5.30%,$12.91B,$0.18B,1.42%,$0.18B,$12.82B,1.40%,$0.18B,$2.60B,6.42%,$0.18B,$26.66B,0.67%,$1.00B,$16.84B,5.88%,$3144,$2559,$585,$39,$251,$2864,$280,$-79,$201,$67,$134,$134,$137,$422,$280,$455,459,$0.30,$0.30,$5553,$1171,$1139,$11563,$3671,$360,$10227,$413,$15097,$26660,$8703,$4017,$494,$5133,$13836,$451,$3421,$-1314,$12824,$26660,$336,$413,$7,$420,$-26,$-260,$-938,$215,$-1100,$-345,$-255,$0,$-103,$0,$0,$0,$0,$-358,$3,$280,$282,$-384,$-384,$-179,$-122,$-403,$-1184,$27,$-179
1,2018-06-30,31.6,$28.43,1.11,$29.78,1.06,$-1.72,0.0,$0.36,87.76,$11.84B,$9.16B,1.29,$3.79B,$13.01B,0.29,$13.91B,$2.58B,18.56%,$13.91B,$0.99B,7.10%,$13.91B,$0.99B,7.10%,$13.91B,$1.56B,11.23%,$13.91B,$0.71B,5.13%,$13.91B,$0.17B,1.21%,$0.17B,$13.01B,1.26%,$0.17B,$2.74B,5.47%,$0.17B,$27.06B,0.59%,$0.99B,$16.80B,5.82%,$2961,$2422,$539,$54,$281,$2778,$183,$-9,$175,$65,$110,$110,$106,$322,$183,$461,463,$0.23,$0.23,$5555,$1086,$1250,$11842,$3698,$347,$10264,$467,$15217,$27059,$9158,$3788,$468,$4893,$14051,$454,$3377,$-1180,$13008,$27059,$202,$271,$23,$293,$-174,$-154,$-912,$337,$-980,$-485,$-135,$0,$-96,$0,$0,$0,$-5,$-236,$3,$61,$64,$-226,$-226,$-120,$-123,$-406,$-1182,$16,$-120
2,2018-03-31,29.2,$28.74,1.02,$31.60,0.92,$0.02,1364.67,$0.48,60.84,$13.17B,$10.27B,1.28,$3.74B,$13.28B,0.28,$14.79B,$2.73B,18.43%,$14.79B,$1.16B,7.83%,$14.79B,$1.16B,7.83%,$14.79B,$1.75B,11.86%,$14.79B,$0.78B,5.30%,$14.79B,$0.23B,1.53%,$0.23B,$13.28B,1.68%,$0.23B,$2.97B,7.22%,$0.23B,$28.53B,0.78%,$1.16B,$17.02B,6.82%,$3125,$2525,$601,$41,$303,$2886,$239,$-99,$141,$49,$91,$91,$95,$371,$239,$464,466,$0.20,$0.20,$6221,$1037,$1683,$13174,$3900,$287,$10314,$373,$15354,$28528,$10271,$3736,$561,$4975,$15246,$458,$3370,$-992,$13282,$28528,$91,$132,$78,$210,$-523,$-60,$-332,$396,$-503,$-202,$-51,$0,$-62,$0,$0,$0,$-0,$-114,$-5,$-115,$-120,$-93,$-93,$0,$1,$-211,$-517,$7,$0
3,2017-12-31,30.91,$28.83,1.07,$32.15,0.96,$0.79,39.23,$0.69,44.8,$12.98B,$9.83B,1.32,$3.78B,$13.41B,0.28,$15.06B,$2.53B,16.82%,$15.06B,$0.97B,6.42%,$15.06B,$0.97B,6.42%,$15.06B,$1.58B,10.49%,$15.06B,$0.68B,4.52%,$15.06B,$0.11B,0.75%,$0.11B,$13.41B,0.84%,$0.11B,$3.15B,3.62%,$0.11B,$28.26B,0.39%,$0.97B,$17.19B,5.73%,$3683,$2914,$769,$69,$254,$3387,$296,$-128,$168,$296,$-128,$-128,$-154,$449,$296,$467,468,$-0.33,$-0.33,$6737,$987,$1676,$12977,$3872,$273,$10264,$424,$15287,$28264,$9829,$3778,$545,$5025,$14854,$460,$3448,$-1004,$13409,$28264,$134,$615,$88,$703,$287,$131,$-526,$-366,$-626,$211,$-241,$0,$1479,$0,$0,$0,$12,$1250,$-862,$129,$-734,$-59,$-59,$-61,$-202,$-1055,$468,$19,$-61
4,2017-09-30,27.43,$29.39,0.93,$29.10,0.94,$1.82,15.05,$1.02,26.89,$14.14B,$11.58B,1.22,$3.17B,$13.73B,0.23,$12.47B,$1.82B,14.60%,$12.47B,$0.73B,5.82%,$12.47B,$0.73B,5.82%,$12.47B,$1.26B,10.14%,$12.47B,$0.57B,4.54%,$12.47B,$0.26B,2.05%,$0.26B,$13.73B,2.24%,$0.26B,$3.44B,9.77%,$0.26B,$29.63B,0.95%,$0.73B,$16.89B,5.08%,$4141,$3468,$673,$51,$284,$3872,$269,$-39,$230,$112,$118,$118,$121,$420,$269,$467,470,$0.26,$0.26,$6896,$931,$3193,$14135,$3950,$229,$10288,$464,$15493,$29628,$11581,$3167,$533,$4322,$15903,$462,$3683,$-946,$13725,$29628,$262,$462,$-43,$419,$226,$198,$150,$-887,$-402,$279,$-170,$0,$1493,$0,$0,$0,$12,$1334,$-540,$-391,$-931,$-1,$-1,$0,$-124,$-1056,$627,$31,$0
5,2017-06-30,26.72,$29.00,0.92,$39.00,0.69,$2.94,9.09,$0.90,29.69,$13.93B,$11.50B,1.21,$3.30B,$13.55B,0.24,$10.70B,$1.59B,14.88%,$10.70B,$0.71B,6.66%,$10.70B,$0.71B,6.66%,$10.70B,$1.18B,10.98%,$10.70B,$0.74B,6.92%,$10.70B,$0.44B,4.08%,$0.44B,$13.55B,5.04%,$0.44B,$3.03B,19.45%,$0.44B,$29.53B,2.09%,$0.71B,$16.85B,6.46%,$3845,$3162,$683,$49,$268,$3490,$355,$-110,$245,$86,$159,$159,$165,$514,$355,$467,468,$0.35,$0.35,$7179,$899,$3330,$13931,$3867,$214,$10517,$484,$15594,$29525,$11498,$3301,$483,$4477,$15975,$462,$3562,$-995,$13549,$29525,$144,$311,$-80,$231,$715,$190,$-245,$-658,$-80,$294,$-108,$0,$1483,$0,$0,$0,$12,$1387,$-549,$-115,$-664,$0,$0,$0,$-121,$-785,$910,$16,$0
6,2017-03-31,31.93,$28.68,1.11,$49.73,0.64,$5.39,5.92,$0.56,57.02,$13.74B,$11.72B,1.17,$3.08B,$13.38B,0.23,$9.23B,$1.35B,14.66%,$9.23B,$0.55B,5.98%,$9.23B,$0.55B,5.98%,$9.23B,$0.93B,10.06%,$9.23B,$0.60B,6.55%,$9.23B,$0.38B,4.07%,$0.38B,$13.38B,6.33%,$0.38B,$2.86B,19.17%,$0.38B,$29.62B,2.49%,$0.55B,$16.47B,7.06%,$3388,$2980,$408,$43,$254,$3342,$46,$-9,$37,$52,$-15,$-15,$-19,$197,$46,$467,467,$-0.04,$-0.04,$7042,$984,$2895,$13735,$3976,$208,$10525,$530,$15881,$29616,$11719,$3083,$549,$4514,$16234,$461,$3397,$-990,$13382,$29616,$-15,$151,$56,$207,$268,$127,$-169,$-178,$-41,$151,$-47,$0,$1479,$0,$0,$0,$11,$1443,$-534,$-286,$-820,$0,$0,$0,$-45,$-866,$772,$8,$0
7,2016-12-31,34.91,$42.42,0.82,$61.80,0.56,$6.25,5.58,$0.24,145.44,$10.94B,$10.89B,1.0,$1.87B,$5.04B,0.37,$8.25B,$1.35B,16.31%,$8.25B,$0.70B,8.51%,$8.25B,$0.70B,8.51%,$8.25B,$1.00B,12.15%,$8.25B,$0.73B,8.90%,$8.25B,$0.52B,6.26%,$0.52B,$5.04B,15.87%,$0.52B,$1.15B,30.13%,$0.52B,$18.68B,5.56%,$0.70B,$6.91B,15.07%,$1092,$1036,$56,$38,$139,$1036,$56,$-2,$54,$71,$-16,$-16,$-11,$133,$56,$227,227,$-0.05,$-0.05,$6269,$335,$2599,$10937,$2620,$235,$3892,$441,$7742,$18679,$10889,$1869,$586,$2746,$13635,$115,$3404,$-1102,$5044,$18679,$371,$301,$-116,$185,$-269,$173,$116,$-153,$-62,$494,$-274,$0,$3392,$0,$0,$0,$-7,$3111,$-247,$9,$-238,$-187,$-187,$-112,$2,$-535,$3091,$27,$-112
8,2016-09-30,29.15,$11.94,2.44,$63.21,0.46,$7.04,4.14,$0.48,60.73,$3.50B,$1.65B,2.13,$1.25B,$2.69B,0.46,$8.58B,$1.37B,15.99%,$8.58B,$0.73B,8.50%,$8.58B,$0.73B,8.50%,$8.58B,$1.11B,12.91%,$8.58B,$0.73B,8.53%,$8.58B,$0.58B,6.79%,$0.58B,$2.69B,22.21%,$0.58B,$1.95B,31.42%,$0.58B,$5.96B,9.38%,$0.73B,$3.94B,18.94%,$2376,$1931,$445,$22,$143,$2120,$256,$149,$404,$103,$302,$302,$302,$331,$256,$121,127,$2.50,$2.39,$1074,$642,$990,$3502,$1310,$26,$749,$184,$2461,$5964,$1646,$1245,$98,$1624,$3270,$-4,$4300,$-745,$2694,$5964,$526,$224,$-78,$146,$-728,$68,$131,$6,$-404,$268,$-98,$0,$-90,$0,$0,$0,$0,$-187,$-316,$-5,$-320,$-151,$-151,$-112,$0,$-584,$-381,$16,$-112
9,2016-06-30,26.2,$11.72,2.24,$51.18,0.51,$6.94,3.77,$0.69,37.97,$3.71B,$1.79B,2.07,$1.30B,$2.64B,0.49,$7.75B,$1.30B,16.75%,$7.75B,$0.60B,7.69%,$7.75B,$0.60B,7.69%,$7.75B,$0.97B,12.53%,$7.75B,$0.43B,5.55%,$7.75B,$0.36B,4.68%,$0.36B,$2.64B,14.05%,$0.36B,$1.89B,20.09%,$0.36B,$6.16B,5.67%,$0.60B,$3.94B,15.64%,$2371,$1927,$444,$26,$143,$2176,$194,$-85,$109,$5,$104,$104,$104,$267,$194,$120,125,$0.87,$0.83,$1075,$679,$1068,$3705,$1329,$25,$753,$164,$2456,$6161,$1788,$1299,$100,$1729,$3517,$-4,$4272,$-763,$2644,$6161,$224,$148,$36,$184,$-399,$39,$64,$209,$18,$426,$-69,$0,$-79,$0,$0,$0,$0,$-148,$-294,$3,$-292,$0,$0,$-112,$1,$-403,$-46,$9,$-112
10,2016-03-31,26.88,$11.58,2.32,$39.52,0.68,$4.41,6.1,$1.14,23.58,$3.84B,$2.05B,1.88,$1.22B,$2.62B,0.47,$7.07B,$1.25B,17.70%,$7.07B,$0.59B,8.34%,$7.07B,$0.59B,8.34%,$7.07B,$0.95B,13.36%,$7.07B,$0.49B,6.86%,$7.07B,$0.37B,5.19%,$0.37B,$2.62B,14.25%,$0.37B,$1.86B,20.55%,$0.37B,$6.31B,5.57%,$0.59B,$3.84B,15.53%,$2406,$2006,$400,$20,$148,$2209,$196,$-30,$167,$46,$121,$121,$121,$271,$196,$118,124,$1.02,$0.97,$1032,$720,$552,$3838,$1341,$30,$757,$156,$2475,$6313,$2047,$1218,$99,$1646,$3693,$-4,$4270,$-789,$2620,$6313,$121,$75,$12,$86,$9,$42,$-84,$-21,$-47,$160,$-26,$0,$1,$0,$0,$0,$0,$-25,$434,$-683,$-250,$0,$0,$0,$-19,$-269,$-232,$6,$0
11,2015-12-31,28.5,$0.00,0.0,$27.43,1.04,$3.71,7.69,$1.68,16.96,$3.93B,$2.31B,1.71,$1.13B,$2.54B,0.45,$6.36B,$1.27B,19.88%,$6.36B,$0.59B,9.32%,$6.36B,$0.59B,9.32%,$6.36B,$0.93B,14.62%,$6.36B,$0.50B,7.91%,$6.36B,$0.39B,6.19%,$0.39B,$2.54B,15.50%,$0.39B,$1.72B,22.66%,$0.39B,$6.42B,5.84%,$0.59B,$3.68B,15.67%,$1427,$1345,$83,$4,$207,$1345,$83,$-31,$52,$-5,$56,$56,$56,$239,$83,$229,230,$0.24,$0.24,$916,$764,$1366,$3930,$1372,$0,$821,$297,$2489,$6419,$2305,$1134,$437,$1571,$3876,$0,$0,$0,$2543,$6419,$14,$339,$122,$461,$233,$-128,$126,$-13,$226,$700,$-298,$0,$0,$0,$0,$0,$-37,$-335,$-188,$61,$-127,$0,$0,$-99,$98,$-127,$-83,$57,$-99
12,2015-09-30,30.46,$11.07,2.75,$30.32,1.0,$4.02,7.58,$2.16,14.1,$4.20B,$2.37B,1.77,$1.26B,$2.52B,0.5,$7.09B,$1.73B,24.45%,$7.09B,$0.81B,11.42%,$7.09B,$0.81B,11.42%,$7.09B,$1.05B,14.81%,$7.09B,$0.72B,10.13%,$7.09B,$0.51B,7.15%,$0.51B,$2.52B,20.08%,$0.51B,$1.75B,29.63%,$0.51B,$6.71B,7.31%,$0.81B,$3.79B,21.27%,$1545,$1174,$371,$26,$144,$1422,$123,$-21,$102,$20,$83,$83,$82,$194,$123,$230,231,$0.36,$0.35,$712,$875,$640,$4196,$1396,$31,$773,$223,$2516,$6711,$2371,$1261,$285,$1816,$4187,$-4,$4182,$-857,$2524,$6711,$339,$183,$229,$412,$181,$105,$-141,$-247,$-249,$501,$-211,$0,$0,$0,$-5,$-5,$4,$-212,$-1,$-7,$-8,$-148,$-148,$0,$-26,$-182,$73,$68,$0
13,2015-06-30,40.76,$11.38,3.58,$31.97,1.28,$3.60,11.31,$2.53,16.11,$4.23B,$2.50B,1.69,$1.28B,$2.62B,0.49,$7.52B,$1.86B,24.72%,$7.52B,$0.98B,13.05%,$7.52B,$0.98B,13.05%,$7.52B,$1.21B,16.11%,$7.52B,$0.88B,11.66%,$7.52B,$0.60B,7.91%,$0.60B,$2.62B,23.22%,$0.60B,$1.81B,34.45%,$0.60B,$6.89B,8.48%,$0.98B,$3.89B,25.41%,$1695,$1297,$398,$36,$164,$1507,$188,$-24,$164,$56,$108,$108,$108,$241,$188,$232,233,$0.46,$0.46,$587,$970,$583,$4232,$1482,$33,$808,$224,$2662,$6894,$2501,$1275,$212,$1777,$4278,$-4,$4100,$-731,$2616,$6894,$256,$111,$100,$211,$143,$30,$-100,$-222,$-231,$236,$-161,$0,$0,$0,$0,$0,$9,$-153,$0,$-16,$-16,$-92,$-92,$0,$-22,$-129,$-52,$48,$0
14,2015-03-31,36.36,$10.74,3.39,$33.06,1.1,$3.52,10.34,$3.02,12.04,$4.24B,$2.51B,1.69,$1.30B,$2.48B,0.52,$7.81B,$1.94B,24.83%,$7.81B,$1.14B,14.58%,$7.81B,$1.14B,14.58%,$7.81B,$1.38B,17.60%,$7.81B,$1.05B,13.41%,$7.81B,$0.71B,9.13%,$0.71B,$2.48B,27.73%,$0.71B,$1.67B,41.51%,$0.71B,$6.97B,10.21%,$1.14B,$3.78B,29.38%,$1695,$1283,$413,$30,$174,$1497,$199,$-14,$185,$37,$148,$148,$148,$256,$199,$233,234,$0.63,$0.63,$695,$1013,$643,$4243,$1428,$35,$808,$336,$2729,$6971,$2505,$1302,$399,$1985,$4489,$-5,$3992,$-808,$2482,$6971,$148,$58,$64,$122,$255,$-23,$-79,$-210,$-94,$176,$-87,$0,$0,$0,$0,$0,$5,$-81,$-0,$9,$8,$-31,$-31,$0,$-9,$-31,$56,$27,$0
15,2014-12-31,46.02,$10.70,4.3,$33.48,1.37,$2.97,15.5,$2.96,15.55,$4.44B,$2.78B,1.59,$1.29B,$2.48B,0.52,$7.94B,$1.95B,24.53%,$7.94B,$1.15B,14.52%,$7.94B,$1.15B,14.52%,$7.94B,$1.39B,17.45%,$7.94B,$1.07B,13.43%,$7.94B,$0.70B,8.81%,$0.70B,$2.48B,27.33%,$0.70B,$1.61B,41.43%,$0.70B,$7.17B,10.11%,$1.15B,$3.77B,29.75%,$2156,$1604,$552,$39,$209,$1857,$300,$-33,$267,$96,$171,$171,$169,$359,$300,$236,237,$0.71,$0.71,$639,$1021,$578,$4436,$1458,$36,$867,$268,$2736,$7172,$2784,$1294,$326,$1911,$4694,$-5,$3844,$-684,$2478,$7172,$705,$233,$52,$285,$-243,$-99,$34,$227,$-97,$893,$-404,$0,$106,$0,$-3,$-3,$17,$-285,$-2,$-58,$-60,$-248,$-248,$0,$-48,$-355,$240,$89,$0
16,2014-09-30,53.36,$11.43,4.67,$32.95,1.62,$2.92,18.26,$2.98,17.9,$4.40B,$2.70B,1.63,$1.34B,$2.67B,0.5,$7.83B,$1.88B,24.05%,$7.83B,$1.13B,14.39%,$7.83B,$1.13B,14.39%,$7.83B,$1.36B,17.33%,$7.83B,$1.07B,13.66%,$7.83B,$0.71B,9.05%,$0.71B,$2.67B,28.07%,$0.71B,$1.82B,43.05%,$0.71B,$7.03B,10.46%,$1.13B,$4.01B,29.27%,$1977,$1480,$497,$30,$171,$1682,$295,$-35,$261,$90,$171,$171,$170,$356,$295,$236,237,$0.72,$0.72,$512,$1046,$457,$4403,$1447,$38,$859,$249,$2631,$7034,$2698,$1337,$171,$1663,$4361,$-6,$3676,$-430,$2674,$7034,$535,$173,$22,$195,$-276,$-105,$-13,$230,$-247,$483,$-284,$0,$106,$0,$0,$0,$9,$-169,$0,$-19,$-19,$-130,$-130,$0,$-47,$-196,$112,$53,$0
17,2014-06-30,60.0,$11.28,5.32,$31.82,1.89,$2.86,20.94,$2.75,21.82,$4.10B,$2.51B,1.64,$1.29B,$2.65B,0.49,$7.58B,$1.76B,23.19%,$7.58B,$1.01B,13.32%,$7.58B,$1.01B,13.32%,$7.58B,$1.23B,16.25%,$7.58B,$0.98B,12.90%,$7.58B,$0.66B,8.64%,$0.66B,$2.65B,27.49%,$0.66B,$1.77B,43.93%,$0.66B,$6.75B,9.88%,$1.01B,$3.94B,26.88%,$1985,$1508,$478,$29,$188,$1640,$345,$-10,$335,$108,$228,$228,$226,$404,$345,$237,237,$0.96,$0.95,$382,$1026,$432,$4102,$1444,$40,$879,$253,$2652,$6754,$2505,$1289,$145,$1600,$4104,$-5,$3506,$-334,$2650,$6754,$364,$113,$-76,$37,$-43,$-59,$-31,$25,$-165,$236,$-180,$0,$107,$0,$0,$0,$2,$-71,$-3,$-64,$-67,$-72,$-72,$0,$-43,$-182,$-17,$40,$0
18,2014-03-31,51.37,$10.38,4.95,$30.59,1.68,$3.11,16.52,$2.24,22.93,$4.11B,$2.62B,1.57,$1.34B,$2.44B,0.55,$7.31B,$1.64B,22.42%,$7.31B,$0.82B,11.25%,$7.31B,$0.82B,11.25%,$7.31B,$1.04B,14.20%,$7.31B,$0.79B,10.83%,$7.31B,$0.53B,7.31%,$0.53B,$2.44B,24.17%,$0.53B,$1.56B,40.81%,$0.53B,$6.73B,8.26%,$0.82B,$3.78B,22.61%,$1824,$1404,$421,$25,$183,$1612,$213,$-9,$204,$67,$137,$137,$135,$267,$213,$237,238,$0.57,$0.57,$290,$984,$470,$4111,$1397,$44,$883,$261,$2617,$6727,$2622,$1340,$158,$1662,$4284,$-6,$3281,$-331,$2443,$6727,$137,$54,$39,$93,$-170,$-15,$-51,$84,$-178,$52,$-92,$0,$0,$0,$0,$0,$2,$-90,$-2,$-12,$-14,$-46,$-46,$0,$-11,$-70,$-109,$23,$0
19,2013-12-31,51.29,$9.91,5.18,$29.80,1.72,$2.81,18.27,$2.10,24.43,$4.02B,$2.62B,1.54,$1.33B,$2.34B,0.57,$7.13B,$1.56B,21.83%,$7.13B,$0.75B,10.50%,$7.13B,$0.75B,10.50%,$7.13B,$0.96B,13.44%,$7.13B,$0.72B,10.09%,$7.13B,$0.50B,7.03%,$0.50B,$2.34B,24.20%,$0.50B,$1.44B,43.29%,$0.50B,$6.61B,7.95%,$0.75B,$3.67B,20.95%,$2048,$1560,$488,$28,$186,$1774,$274,$-4,$270,$91,$179,$179,$178,$331,$274,$238,239,$0.74,$0.74,$399,$980,$476,$4023,$1349,$44,$896,$256,$2583,$6606,$2615,$1330,$151,$1655,$4269,$-5,$3146,$-341,$2336,$6606,$507,$210,$98,$308,$-391,$-29,$104,$280,$-19,$795,$-314,$0,$0,$0,$-2,$-2,$5,$-312,$-110,$-160,$-270,$-116,$-116,$0,$-36,$-422,$57,$94,$0
20,2013-09-30,54.45,$8.87,6.13,$28.87,1.89,$-0.30,0.0,$1.86,29.27,$3.92B,$2.31B,1.69,$1.54B,$2.10B,0.73,$6.92B,$1.46B,21.08%,$6.92B,$0.66B,9.60%,$6.92B,$0.66B,9.60%,$6.92B,$0.86B,12.49%,$6.92B,$0.63B,9.06%,$6.92B,$0.44B,6.40%,$0.44B,$2.10B,22.73%,$0.44B,$1.19B,43.25%,$0.44B,$6.43B,7.23%,$0.66B,$3.64B,18.91%,$1725,$1354,$371,$27,$166,$1547,$178,$-8,$169,$52,$117,$117,$116,$230,$178,$238,239,$0.49,$0.49,$360,$1051,$432,$3915,$1325,$42,$909,$183,$2510,$6425,$2311,$1541,$166,$2013,$4324,$-5,$2968,$-436,$2101,$6425,$328,$153,$113,$266,$-218,$-104,$4,$262,$-168,$425,$-238,$0,$0,$0,$0,$0,$2,$-235,$-136,$43,$-93,$-71,$-71,$0,$-7,$-170,$18,$72,$0
21,2013-06-30,54.7,$8.25,6.63,$27.55,1.99,$-2.28,0.0,$1.78,30.73,$3.67B,$2.20B,1.67,$1.50B,$1.96B,0.77,$6.61B,$1.41B,21.29%,$6.61B,$0.62B,9.42%,$6.61B,$0.62B,9.42%,$6.61B,$0.81B,12.17%,$6.61B,$0.59B,8.98%,$6.61B,$0.43B,6.44%,$0.43B,$1.96B,22.90%,$0.43B,$1.04B,44.33%,$0.43B,$6.12B,7.21%,$0.62B,$3.45B,18.26%,$1708,$1350,$358,$29,$172,$1551,$157,$-9,$148,$41,$107,$107,$105,$209,$157,$238,239,$0.44,$0.44,$268,$1032,$439,$3666,$1277,$39,$914,$155,$2450,$6117,$2197,$1498,$155,$1964,$4161,$-5,$2852,$-472,$1956,$6117,$210,$101,$91,$192,$-69,$-90,$0,$135,$-130,$272,$-157,$0,$0,$0,$0,$0,$3,$-154,$-63,$-43,$-106,$-49,$-49,$0,$-34,$-189,$-75,$49,$0
22,2013-03-31,53.44,$7.95,6.72,$26.60,2.01,$-4.01,0.0,$1.80,29.69,$3.63B,$2.00B,1.81,$1.63B,$1.89B,0.87,$6.40B,$1.37B,21.32%,$6.40B,$0.61B,9.59%,$6.40B,$0.61B,9.59%,$6.40B,$0.78B,12.19%,$6.40B,$0.60B,9.44%,$6.40B,$0.43B,6.76%,$0.43B,$1.89B,24.40%,$0.43B,$0.96B,47.99%,$0.43B,$6.08B,7.69%,$0.61B,$3.52B,19.01%,$1646,$1307,$339,$29,$171,$1507,$140,$-7,$132,$29,$104,$104,$102,$189,$140,$239,239,$0.43,$0.43,$237,$996,$349,$3629,$1263,$39,$931,$163,$2447,$6075,$2001,$1632,$217,$2187,$4188,$-6,$2747,$-444,$1887,$6075,$104,$49,$49,$98,$-148,$-46,$1,$2,$-235,$-34,$-79,$0,$0,$0,$0,$0,$2,$-77,$-100,$140,$40,$-27,$-27,$0,$-8,$5,$-106,$25,$0
23,2012-12-31,42.08,$7.82,5.38,$25.51,1.65,$-3.91,0.0,$1.78,23.64,$3.49B,$1.97B,1.77,$1.58B,$1.85B,0.85,$6.15B,$1.32B,21.44%,$6.15B,$0.61B,9.83%,$6.15B,$0.61B,9.83%,$6.15B,$0.75B,12.22%,$6.15B,$0.60B,9.79%,$6.15B,$0.43B,6.99%,$0.43B,$1.85B,25.35%,$0.43B,$0.91B,44.93%,$0.43B,$5.90B,8.21%,$0.61B,$3.43B,20.71%,$1841,$1450,$391,$34,$168,$1651,$190,$-12,$178,$56,$121,$121,$120,$237,$190,$240,241,$0.50,$0.50,$342,$965,$310,$3488,$1244,$37,$945,$129,$2415,$5903,$1970,$1580,$175,$2079,$4050,$-6,$2645,$-396,$1853,$5903,$435,$146,$150,$296,$-337,$-207,$83,$3,$-593,$138,$-402,$0,$-616,$0,$0,$0,$-2,$-1020,$780,$203,$983,$-91,$-91,$0,$-11,$881,$-2,$110,$0
24,2012-09-30,45.49,$7.34,6.2,$24.04,1.89,$-3.26,0.0,$1.69,26.92,$3.56B,$1.82B,1.96,$1.49B,$1.75B,0.85,$5.81B,$1.24B,21.32%,$5.81B,$0.56B,9.62%,$5.81B,$0.56B,9.62%,$5.81B,$0.69B,11.84%,$5.81B,$0.56B,9.69%,$5.81B,$0.41B,7.04%,$0.41B,$1.75B,25.68%,$0.41B,$0.94B,41.27%,$0.41B,$5.54B,8.46%,$0.56B,$3.24B,22.99%,$1419,$1099,$320,$30,$153,$1282,$137,$-2,$136,$35,$101,$101,$99,$171,$137,$240,241,$0.41,$0.41,$566,$963,$336,$3563,$993,$37,$807,$90,$1973,$5537,$1819,$1491,$166,$1972,$3791,$-6,$2524,$-410,$1746,$5537,$313,$99,$137,$236,$-192,$-211,$-36,$-33,$-555,$-5,$-283,$0,$-329,$0,$0,$0,$-0,$-611,$794,$107,$901,$-52,$-52,$0,$-12,$837,$222,$77,$0
25,2012-06-30,38.54,$6.76,5.7,$23.44,1.64,$-2.34,0.0,$1.78,21.65,$3.13B,$1.84B,1.7,$1.11B,$1.61B,0.69,$5.68B,$1.23B,21.58%,$5.68B,$0.60B,10.48%,$5.68B,$0.60B,10.48%,$5.68B,$0.72B,12.62%,$5.68B,$0.59B,10.46%,$5.68B,$0.43B,7.59%,$0.43B,$1.61B,28.07%,$0.43B,$0.81B,41.61%,$0.43B,$5.01B,9.66%,$0.60B,$2.73B,27.91%,$1495,$1180,$315,$26,$140,$1347,$148,$10,$158,$45,$113,$113,$112,$184,$148,$240,242,$0.47,$0.46,$275,$881,$261,$3126,$911,$32,$808,$79,$1888,$5014,$1844,$1114,$151,$1556,$3400,$-6,$2425,$-462,$1613,$5014,$213,$66,$93,$158,$-222,$-128,$-5,$-59,$-481,$-110,$-191,$0,$-329,$0,$0,$0,$1,$-518,$275,$321,$596,$-21,$-21,$0,$-16,$559,$-69,$47,$0
26,2012-03-31,49.53,$6.58,7.53,$22.29,2.22,$-1.02,0.0,$1.71,28.97,$2.92B,$1.68B,1.73,$0.71B,$1.57B,0.45,$5.41B,$1.19B,21.92%,$5.41B,$0.58B,10.79%,$5.41B,$0.58B,10.79%,$5.41B,$0.70B,12.87%,$5.41B,$0.57B,10.60%,$5.41B,$0.41B,7.63%,$0.41B,$1.57B,27.10%,$0.41B,$1.18B,36.88%,$0.41B,$4.51B,9.70%,$0.58B,$2.29B,29.82%,$1397,$1104,$293,$27,$136,$1267,$130,$1,$130,$31,$100,$100,$99,$160,$130,$240,241,$0.41,$0.41,$362,$788,$302,$2917,$849,$166,$398,$121,$1590,$4507,$1683,$713,$206,$1250,$2934,$-5,$2314,$-403,$1573,$4507,$100,$30,$39,$69,$37,$-68,$6,$-110,$-167,$2,$-92,$0,$0,$0,$0,$0,$1,$-91,$-0,$118,$118,$-1,$-1,$0,$-12,$105,$18,$23,$0
27,2011-12-31,51.31,$6.05,8.49,$20.94,2.45,$-0.60,0.0,$1.65,31.1,$2.79B,$2.23B,1.25,$0.04B,$1.44B,0.03,$5.10B,$1.13B,22.22%,$5.10B,$0.56B,11.00%,$5.10B,$0.56B,11.00%,$5.10B,$0.67B,13.14%,$5.10B,$0.55B,10.83%,$5.10B,$0.40B,7.83%,$0.40B,$1.44B,26.73%,$0.40B,$1.04B,36.84%,$0.40B,$4.27B,9.72%,$0.56B,$1.47B,30.29%,$1501,$1189,$311,$29,$138,$1356,$144,$-5,$139,$39,$101,$101,$99,$173,$144,$241,243,$0.42,$0.40,$344,$712,$254,$2788,$768,$161,$394,$93,$1483,$4271,$2233,$36,$180,$600,$2833,$-4,$2215,$-444,$1438,$4271,$404,$108,$49,$156,$-287,$-163,$215,$-118,$-395,$165,$-272,$0,$0,$0,$0,$0,$-2,$-274,$-6,$270,$264,$-114,$-114,$0,$-9,$141,$29,$78,$0
28,2011-09-30,36.94,$6.36,5.81,$19.27,1.92,$0.19,199.03,$1.65,22.39,$2.69B,$1.62B,1.66,$0.52B,$1.52B,0.34,$4.70B,$1.10B,23.31%,$4.70B,$0.55B,11.76%,$4.70B,$0.55B,11.76%,$4.70B,$0.66B,14.00%,$4.70B,$0.55B,11.64%,$4.70B,$0.40B,8.49%,$0.40B,$1.52B,27.26%,$0.40B,$1.12B,38.05%,$0.40B,$4.06B,10.10%,$0.55B,$2.04B,29.07%,$1287,$980,$307,$24,$110,$1114,$173,$-6,$167,$46,$122,$122,$121,$200,$173,$241,243,$0.50,$0.50,$336,$723,$274,$2692,$716,$151,$401,$88,$1369,$4061,$1618,$522,$194,$925,$2543,$-5,$2116,$-301,$1518,$4061,$303,$79,$68,$146,$-162,$-168,$118,$-78,$-331,$119,$-187,$0,$0,$0,$0,$0,$0,$-187,$-6,$175,$170,$-67,$-67,$0,$-11,$92,$21,$51,$0
29,2011-06-30,44.0,$6.52,6.75,$17.92,2.46,$0.75,58.52,$1.49,29.63,$2.76B,$1.63B,1.7,$0.47B,$1.57B,0.3,$4.37B,$1.03B,23.46%,$4.37B,$0.49B,11.25%,$4.37B,$0.49B,11.25%,$4.37B,$0.60B,13.60%,$4.37B,$0.49B,11.29%,$4.37B,$0.36B,8.21%,$0.36B,$1.57B,25.66%,$0.36B,$1.14B,36.64%,$0.36B,$4.20B,9.35%,$0.49B,$2.03B,26.62%,$1229,$954,$276,$22,$117,$1092,$137,$0,$138,$42,$96,$96,$94,$164,$137,$242,244,$0.39,$0.39,$428,$695,$309,$2759,$693,$152,$424,$168,$1441,$4200,$1627,$466,$261,$1007,$2633,$-4,$1994,$-186,$1567,$4200,$181,$52,$63,$115,$-42,$-115,$111,$-70,$-176,$120,$-103,$0,$0,$0,$0,$0,$-0,$-103,$-5,$113,$108,$-7,$-7,$0,$-9,$92,$113,$34,$0
30,2011-03-31,46.41,$6.02,7.7,$16.98,2.73,$0.27,170.75,$1.49,31.25,$2.53B,$1.52B,1.67,$0.42B,$1.45B,0.29,$4.16B,$1.02B,24.43%,$4.16B,$0.50B,12.07%,$4.16B,$0.50B,12.07%,$4.16B,$0.60B,14.45%,$4.16B,$0.50B,11.95%,$4.16B,$0.36B,8.68%,$0.36B,$1.45B,27.98%,$0.36B,$1.03B,41.21%,$0.36B,$3.89B,9.96%,$0.50B,$1.86B,28.37%,$1082,$843,$239,$17,$115,$975,$107,$1,$108,$23,$86,$86,$85,$133,$107,$242,244,$0.35,$0.35,$377,$617,$290,$2532,$643,$149,$421,$138,$1360,$3892,$1516,$415,$237,$929,$2444,$-3,$1900,$-211,$1448,$3892,$86,$25,$23,$48,$26,$-41,$64,$-83,$-84,$50,$-39,$0,$0,$0,$0,$0,$0,$-39,$-5,$63,$58,$-1,$-1,$0,$-8,$50,$61,$18,$0
31,2010-12-31,43.67,$5.52,7.91,$16.78,2.6,$-0.10,0.0,$1.54,28.45,$2.35B,$1.50B,1.57,$0.35B,$1.32B,0.27,$4.13B,$1.05B,25.47%,$4.13B,$0.55B,13.38%,$4.13B,$0.55B,13.38%,$4.13B,$0.65B,15.85%,$4.13B,$0.54B,13.04%,$4.13B,$0.38B,9.09%,$0.38B,$1.32B,30.95%,$0.38B,$0.91B,46.98%,$0.38B,$3.64B,10.74%,$0.55B,$1.67B,32.41%,$1103,$828,$274,$19,$119,$966,$136,$-3,$134,$33,$101,$101,$99,$161,$136,$243,245,$0.42,$0.41,$316,$567,$238,$2345,$609,$148,$415,$100,$1299,$3644,$1495,$351,$204,$827,$2322,$-2,$1815,$-252,$1322,$3644,$378,$101,$174,$275,$-217,$19,$3,$-154,$-458,$195,$-109,$0,$0,$0,$0,$0,$0,$-109,$30,$-88,$-58,$-162,$-162,$0,$-11,$-231,$-145,$66,$0
32,2010-09-30,33.55,$5.26,6.38,$16.90,1.98,$1.55,21.61,$1.50,22.36,$2.34B,$1.41B,1.66,$0.57B,$1.26B,0.45,$4.18B,$1.04B,24.84%,$4.18B,$0.55B,13.20%,$4.18B,$0.55B,13.20%,$4.18B,$0.66B,15.73%,$4.18B,$0.54B,12.84%,$4.18B,$0.37B,8.82%,$0.37B,$1.26B,31.83%,$0.37B,$0.84B,49.70%,$0.37B,$3.62B,10.63%,$0.55B,$1.83B,33.24%,$960,$723,$237,$16,$109,$848,$112,$2,$114,$33,$81,$81,$81,$137,$112,$242,244,$0.34,$0.33,$512,$546,$226,$2337,$581,$142,$417,$98,$1285,$3622,$1413,$567,$233,$951,$2364,$-5,$1716,$-204,$1259,$3622,$276,$77,$127,$204,$-124,$35,$-40,$-154,$-347,$133,$-63,$0,$0,$0,$0,$0,$0,$-63,$30,$128,$158,$-163,$-163,$0,$-13,$-18,$51,$49,$0
33,2010-06-30,25.87,$4.70,5.5,$17.33,1.49,$2.70,9.59,$1.53,16.91,$2.11B,$1.26B,1.67,$0.59B,$1.13B,0.52,$4.31B,$1.06B,24.47%,$4.31B,$0.58B,13.48%,$4.31B,$0.58B,13.48%,$4.31B,$0.69B,15.94%,$4.31B,$0.56B,12.90%,$4.31B,$0.38B,8.81%,$0.38B,$1.13B,34.58%,$0.38B,$0.73B,51.81%,$0.38B,$3.34B,11.10%,$0.58B,$1.72B,37.83%,$1013,$747,$266,$19,$100,$866,$147,$-5,$141,$44,$97,$97,$96,$170,$147,$244,247,$0.39,$0.39,$404,$526,$204,$2107,$549,$143,$403,$85,$1233,$3340,$1260,$586,$219,$948,$2208,$-5,$1635,$-285,$1132,$3340,$195,$52,$94,$147,$-93,$38,$-51,$-255,$-406,$-64,$-37,$0,$0,$0,$0,$0,$0,$-37,$29,$153,$182,$-122,$-122,$0,$-13,$46,$-57,$33,$0
34,2010-03-31,31.75,$4.66,6.81,$17.62,1.8,$3.77,8.43,$1.56,20.35,$2.10B,$1.44B,1.46,$0.46B,$1.13B,0.41,$4.40B,$1.04B,23.56%,$4.40B,$0.58B,13.15%,$4.40B,$0.58B,13.15%,$4.40B,$0.68B,15.52%,$4.40B,$0.57B,12.88%,$4.40B,$0.39B,8.86%,$0.39B,$1.13B,37.37%,$0.39B,$0.72B,53.59%,$0.39B,$3.37B,11.51%,$0.58B,$1.60B,41.05%,$1050,$776,$274,$14,$103,$893,$157,$-8,$149,$50,$99,$99,$99,$186,$157,$245,248,$0.40,$0.40,$369,$544,$238,$2103,$566,$144,$418,$70,$1263,$3366,$1442,$463,$186,$791,$2233,$-5,$1538,$-253,$1134,$3366,$99,$29,$45,$74,$-57,$35,$-42,$-159,$-236,$-63,$-18,$0,$0,$0,$0,$0,$0,$-18,$-0,$53,$53,$-49,$-49,$0,$-13,$-9,$-92,$20,$0
35,2009-12-31,28.41,$4.56,6.23,$17.50,1.62,$4.56,6.23,$1.44,19.73,$2.27B,$1.72B,1.32,$0.39B,$1.11B,0.35,$4.41B,$0.97B,22.07%,$4.41B,$0.53B,12.01%,$4.41B,$0.53B,12.01%,$4.41B,$0.62B,14.17%,$4.41B,$0.52B,11.74%,$4.41B,$0.36B,8.22%,$0.36B,$1.11B,38.24%,$0.36B,$0.68B,52.75%,$0.36B,$3.56B,10.60%,$0.53B,$1.50B,40.14%,$1160,$898,$262,$17,$109,$1024,$136,$-3,$133,$40,$93,$93,$93,$165,$136,$249,251,$0.38,$0.38,$461,$592,$273,$2268,$582,$142,$427,$63,$1288,$3556,$1721,$392,$188,$724,$2445,$-4,$1439,$-226,$1112,$3556,$363,$93,$97,$190,$211,$8,$-143,$-40,$41,$595,$-91,$0,$-153,$0,$0,$0,$-10,$-254,$-311,$231,$-80,$-153,$-153,$0,$-5,$-238,$121,$79,$0
36,2009-09-30,25.66,$4.17,6.16,$17.53,1.46,$2.90,8.83,$1.43,18.01,$2.33B,$1.76B,1.32,$0.31B,$1.02B,0.31,$4.45B,$0.96B,21.51%,$4.45B,$0.53B,11.98%,$4.45B,$0.53B,11.98%,$4.45B,$0.62B,13.91%,$4.45B,$0.51B,11.51%,$4.45B,$0.36B,8.09%,$0.36B,$1.02B,42.68%,$0.36B,$0.81B,56.23%,$0.36B,$3.43B,10.52%,$0.53B,$1.33B,43.16%,$1088,$836,$253,$13,$98,$947,$141,$-8,$133,$42,$92,$92,$92,$166,$141,$247,249,$0.37,$0.37,$397,$609,$355,$2325,$564,$141,$211,$75,$1106,$3431,$1758,$310,$144,$656,$2414,$-4,$1346,$-240,$1017,$3431,$269,$65,$166,$231,$143,$-23,$-132,$-74,$-85,$414,$-57,$0,$0,$0,$0,$0,$0,$-57,$-206,$29,$-177,$-133,$-133,$0,$-7,$-317,$57,$62,$0
37,2009-06-30,18.46,$3.71,4.98,$17.53,1.05,$1.82,10.12,$1.38,13.38,$2.14B,$1.67B,1.28,$0.31B,$0.91B,0.34,$4.49B,$0.94B,21.00%,$4.49B,$0.54B,11.96%,$4.49B,$0.54B,11.96%,$4.49B,$0.62B,13.76%,$4.49B,$0.52B,11.51%,$4.49B,$0.35B,7.82%,$0.35B,$0.91B,43.77%,$0.35B,$0.71B,58.84%,$0.35B,$3.20B,10.36%,$0.54B,$1.22B,44.60%,$1104,$856,$248,$11,$92,$959,$145,$7,$152,$46,$107,$107,$106,$166,$145,$248,251,$0.43,$0.42,$256,$630,$252,$2136,$545,$140,$206,$50,$1068,$3203,$1674,$306,$111,$618,$2292,$-5,$1258,$-290,$911,$3203,$177,$40,$55,$95,$75,$-53,$-91,$-1,$-70,$203,$-37,$0,$0,$0,$0,$0,$0,$-37,$-131,$-34,$-165,$-96,$-96,$0,$-5,$-265,$-84,$41,$0
38,2009-03-31,15.41,$3.01,5.11,$17.65,0.87,$1.62,9.52,$1.37,11.29,$2.31B,$1.79B,1.29,$0.48B,$0.75B,0.64,$4.56B,$0.94B,20.57%,$4.56B,$0.53B,11.61%,$4.56B,$0.53B,11.61%,$4.56B,$0.61B,13.32%,$4.56B,$0.50B,11.04%,$4.56B,$0.35B,7.69%,$0.35B,$0.75B,40.83%,$0.35B,$0.55B,55.21%,$0.35B,$3.47B,9.86%,$0.53B,$1.23B,42.02%,$1053,$844,$209,$11,$91,$946,$107,$-8,$99,$28,$72,$72,$71,$127,$107,$252,256,$0.29,$0.28,$412,$606,$410,$2309,$514,$139,$197,$188,$1159,$3467,$1786,$479,$263,$934,$2720,$-5,$1151,$-392,$747,$3467,$71,$19,$25,$44,$154,$-49,$-30,$-46,$29,$144,$-24,$0,$0,$0,$0,$0,$0,$-24,$11,$-13,$-2,$-43,$-43,$0,$-6,$-51,$71,$23,$0
39,2008-12-31,11.71,$2.80,4.19,$17.47,0.67,$1.59,7.38,$1.40,8.39,$2.44B,$1.96B,1.24,$0.47B,$0.70B,0.68,$4.55B,$0.93B,20.39%,$4.55B,$0.53B,11.65%,$4.55B,$0.53B,11.65%,$4.55B,$0.60B,13.27%,$4.55B,$0.51B,11.14%,$4.55B,$0.36B,7.95%,$0.36B,$0.70B,38.48%,$0.36B,$0.50B,51.96%,$0.36B,$3.58B,9.99%,$0.53B,$1.17B,41.54%,$1205,$958,$247,$12,$94,$1065,$140,$-12,$128,$34,$94,$94,$91,$160,$140,$256,259,$0.37,$0.36,$340,$559,$506,$2438,$495,$151,$199,$174,$1143,$3581,$1963,$472,$265,$919,$2882,$-5,$1081,$-408,$699,$3581,$361,$73,$117,$190,$-323,$-77,$141,$106,$-301,$251,$-162,$0,$-5,$0,$0,$0,$-121,$-288,$406,$-37,$369,$-319,$-319,$0,$203,$253,$211,$57,$0
40,2008-09-30,22.87,$3.41,6.71,$15.22,1.5,$2.99,7.65,$1.38,16.63,$2.28B,$1.79B,1.27,$0.35B,$0.85B,0.41,$3.99B,$0.79B,19.77%,$3.99B,$0.48B,11.99%,$3.99B,$0.48B,11.97%,$3.99B,$0.55B,13.80%,$3.99B,$0.48B,12.02%,$3.99B,$0.36B,9.06%,$0.36B,$0.85B,35.34%,$0.36B,$0.63B,46.87%,$0.36B,$3.30B,10.22%,$0.48B,$1.20B,37.66%,$1128,$888,$239,$12,$82,$983,$145,$-7,$138,$45,$93,$93,$83,$165,$145,$254,258,$0.33,$0.32,$306,$589,$432,$2280,$512,$25,$220,$132,$1019,$3299,$1790,$352,$190,$658,$2448,$-5,$994,$-153,$851,$3299,$270,$53,$90,$144,$-167,$-69,$25,$108,$-208,$205,$-115,$0,$-5,$0,$0,$0,$0,$-119,$241,$5,$246,$-319,$-319,$0,$163,$90,$177,$38,$0
41,2008-06-30,35.87,$4.47,8.02,$14.16,2.53,$3.52,10.2,$1.35,26.57,$2.67B,$2.10B,1.27,$0.30B,$1.14B,0.27,$3.74B,$0.72B,19.37%,$3.74B,$0.42B,11.24%,$3.74B,$0.42B,11.21%,$3.74B,$0.48B,12.71%,$3.74B,$0.44B,11.75%,$3.74B,$0.36B,9.55%,$0.36B,$1.14B,34.12%,$0.36B,$0.86B,45.51%,$0.36B,$3.90B,10.18%,$0.42B,$1.45B,32.83%,$1178,$934,$244,$11,$95,$1040,$138,$1,$139,$40,$99,$99,$106,$156,$138,$257,261,$0.41,$0.41,$278,$782,$587,$2671,$648,$37,$280,$202,$1228,$3899,$2099,$303,$241,$659,$2758,$0,$959,$27,$1142,$3899,$187,$33,$104,$138,$-17,$-76,$38,$3,$-129,$196,$-77,$0,$-11,$0,$0,$0,$0,$-88,$-0,$197,$196,$-165,$-165,$0,$5,$36,$149,$32,$0
42,2008-03-31,26.52,$4.16,6.37,$13.97,1.9,$3.53,7.52,$1.22,21.74,$2.47B,$2.05B,1.21,$0.21B,$1.07B,0.2,$3.71B,$0.71B,19.26%,$3.71B,$0.39B,10.54%,$3.71B,$0.39B,10.52%,$3.71B,$0.45B,12.11%,$3.71B,$0.41B,10.98%,$3.71B,$0.32B,8.74%,$0.32B,$1.07B,33.28%,$0.32B,$0.79B,45.17%,$0.32B,$3.72B,9.90%,$0.39B,$1.29B,32.04%,$1040,$842,$198,$10,$81,$933,$107,$-6,$102,$33,$69,$69,$82,$123,$107,$260,264,$0.32,$0.31,$259,$731,$449,$2473,$618,$33,$277,$260,$1246,$3719,$2050,$214,$277,$598,$2648,$-4,$853,$3,$1071,$3719,$82,$16,$31,$47,$-24,$-24,$20,$78,$29,$157,$-42,$0,$-3,$0,$0,$0,$0,$-45,$1,$103,$104,$-87,$-87,$0,$-2,$15,$129,$13,$0
43,2007-12-31,26.44,$3.95,6.69,$13.61,1.94,$3.25,8.14,$1.13,23.34,$2.29B,$1.84B,1.24,$0.12B,$1.02B,0.12,$3.65B,$0.73B,19.92%,$3.65B,$0.38B,10.30%,$3.65B,$0.38B,10.28%,$3.65B,$0.44B,12.00%,$3.65B,$0.40B,10.88%,$3.65B,$0.30B,8.30%,$0.30B,$1.02B,33.42%,$0.30B,$0.79B,45.04%,$0.30B,$3.21B,10.12%,$0.38B,$1.14B,31.79%,$640,$532,$107,$2,$18,$552,$88,$13,$100,$39,$61,$61,$90,$106,$88,$263,268,$0.35,$0.34,$130,$533,$298,$2290,$452,$33,$227,$142,$921,$3211,$1843,$122,$166,$347,$2189,$-4,$772,$-47,$1022,$3211,$303,$62,$34,$96,$22,$-26,$32,$185,$185,$584,$-117,$0,$-77,$0,$0,$0,$0,$-193,$-202,$104,$-98,$-268,$-268,$0,$11,$-356,$50,$57,$0
44,2007-09-30,26.88,$3.66,7.35,$15.09,1.78,$1.84,14.64,$1.16,23.13,$2.16B,$1.66B,1.3,$0.29B,$0.95B,0.31,$4.09B,$0.70B,17.16%,$4.09B,$0.37B,9.03%,$4.09B,$0.37B,9.03%,$4.09B,$0.43B,10.57%,$4.09B,$0.38B,9.18%,$4.09B,$0.32B,7.73%,$0.32B,$0.95B,36.21%,$0.32B,$0.69B,48.69%,$0.32B,$3.19B,11.24%,$0.37B,$1.24B,31.50%,$879,$705,$175,$10,$78,$793,$87,$11,$98,$33,$65,$65,$79,$90,$87,$260,265,$0.30,$0.30,$240,$703,$187,$2155,$510,$34,$261,$153,$1037,$3192,$1655,$293,$184,$587,$2242,$-3,$681,$-59,$950,$3192,$213,$43,$20,$63,$-24,$-66,$-8,$142,$0,$276,$-43,$0,$-50,$0,$0,$0,$0,$-93,$-53,$233,$180,$-232,$-232,$0,$21,$-32,$160,$43,$0
45,2007-06-30,18.47,$3.29,5.61,$15.08,1.22,$0.96,19.21,$1.07,17.22,$2.01B,$1.50B,1.34,$0.36B,$0.85B,0.42,$4.14B,$0.72B,17.40%,$4.14B,$0.36B,8.75%,$4.14B,$0.36B,8.75%,$4.14B,$0.44B,10.63%,$4.14B,$0.36B,8.63%,$4.14B,$0.30B,7.20%,$0.30B,$0.85B,35.10%,$0.30B,$0.59B,46.27%,$0.30B,$2.98B,11.45%,$0.36B,$1.21B,32.06%,$1149,$915,$234,$14,$111,$1040,$109,$-3,$107,$34,$73,$73,$73,$130,$109,$260,266,$0.28,$0.28,$167,$699,$103,$2010,$470,$31,$258,$129,$964,$2975,$1496,$357,$163,$627,$2123,$-4,$603,$-76,$851,$2975,$134,$40,$33,$73,$-69,$-102,$21,$91,$-76,$131,$-8,$0,$-45,$0,$0,$0,$0,$-53,$7,$207,$214,$-217,$-217,$0,$10,$7,$88,$30,$0
46,2007-03-31,16.26,$3.07,5.29,$14.12,1.15,$0.35,47.03,$1.03,15.83,$1.76B,$1.22B,1.44,$0.33B,$0.80B,0.41,$3.94B,$0.67B,17.04%,$3.94B,$0.33B,8.25%,$3.94B,$0.33B,8.25%,$3.94B,$0.40B,10.13%,$3.94B,$0.32B,8.10%,$3.94B,$0.29B,7.39%,$0.29B,$0.80B,34.49%,$0.29B,$0.62B,44.26%,$0.29B,$2.60B,11.99%,$0.33B,$1.14B,29.56%,$981,$770,$211,$15,$104,$889,$92,$-1,$92,$30,$62,$62,$61,$112,$92,$269,274,$0.23,$0.23,$86,$663,$91,$1761,$439,$28,$188,$92,$834,$2595,$1223,$331,$131,$568,$1791,$-4,$530,$-97,$804,$2595,$61,$19,$27,$47,$34,$-71,$-37,$-6,$-96,$12,$31,$0,$0,$0,$0,$0,$0,$31,$29,$89,$117,$-163,$-163,$0,$8,$-38,$6,$14,$0
47,2006-12-31,14.37,$3.29,4.36,$13.48,1.07,$0.04,327.26,$0.97,14.77,$1.69B,$1.21B,1.4,$0.21B,$0.89B,0.24,$3.78B,$0.64B,16.89%,$3.78B,$0.31B,8.06%,$3.78B,$0.31B,8.06%,$3.78B,$0.38B,9.91%,$3.78B,$0.30B,7.82%,$3.78B,$0.28B,7.32%,$0.28B,$0.89B,33.41%,$0.28B,$0.70B,43.03%,$0.28B,$2.49B,11.92%,$0.31B,$1.10B,28.58%,$1077,$996,$81,$-3,$-28,$996,$81,$-3,$78,$13,$65,$65,$103,$100,$81,$272,278,$0.38,$0.37,$80,$584,$76,$1692,$444,$26,$187,$66,$796,$2488,$1209,$213,$74,$393,$1602,$-4,$470,$-112,$886,$2488,$276,$71,$106,$135,$-171,$-114,$38,$71,$71,$206,$-113,$0,$17,$0,$0,$0,$0,$-96,$-40,$2,$2,$-116,$-116,$0,$12,$2,$208,$52,$0
