,Date,Stock Price,Book Value per Share,Price to Book Ratio,TTM Sales per Share,Price to Sales Ratio,TTM FCF per Share,Price to FCF Ratio,TTM Net EPS,PE Ratio,Current Assets,Current Liabilities,Current Ratio,Long Term Debt,Shareholder's Equity_x,Debt to Equity Ratio,TTM Revenue_x,TTM Gross Profit,Gross Margin,TTM Revenue_y,TTM Operating Income,Operating Margin,TTM Revenue_x,TTM EBIT,EBIT Margin,TTM Revenue_y,TTM EBITDA,EBITDA Margin,TTM Revenue_x,TTM Pre-Tax Income,Pre-Tax Margin,TTM Revenue_y,TTM Net Income_x,Net Margin,TTM Net Income_y,Shareholder's Equity_y,Return on Equity,TTM Net Income_x,Tangible Equity,Return on Tangible Equity,TTM Net Income_y,Total Assets,Return on Assets,TTM Net Income,LT Investments & Debt,Return on Investment,revenue,cost-goods-sold,gross-profit,research-development-expenses,selling-general-administrative-expenses,operating-expenses,operating-income,total-non-operating-income-expense,pre-tax-income,total-provision-income-taxes,income-after-taxes,income-from-continuous-operations,net-income,ebitda,ebit,basic-shares-outstanding,shares-outstanding,eps-basic-net-earnings-per-share,eps-earnings-per-share-diluted,cash-on-hand,inventory,other-current-assets,total-current-assets,net-property-plant-equipment,long-term-investments,goodwill-intangible-assets-total,other-long-term-assets,total-long-term-assets,total-assets,total-current-liabilities,long-term-debt,other-non-current-liabilities,total-long-term-liabilities,total-liabilities,common-stock-net,retained-earnings-accumulated-deficit,comprehensive-income,total-share-holder-equity,total-liabilities-share-holders-equity,net-income-loss,total-depreciation-amortization-cash-flow,other-non-cash-items,total-non-cash-items,change-in-accounts-receivable,change-in-inventories,change-in-accounts-payable,change-in-assets-liabilities,total-change-in-assets-liabilities,cash-flow-from-operating-activities,net-change-in-property-plant-equipment,net-change-in-intangible-assets,net-acquisitions-divestitures,net-change-in-short-term-investments,net-change-in-long-term-investments,net-change-in-investments-total,investing-activities-other,cash-flow-from-investing-activities,net-long-term-debt,net-current-debt,debt-issuance-retirement-net-total,net-common-equity-issued-repurchased,net-total-equity-issued-repurchased,total-common-preferred-stock-dividends-paid,financial-activities-other,cash-flow-from-financial-activities,net-cash-flow,stock-based-compensation,common-stock-dividends-paid
0,2018-09-30,92.27,$5.24,17.62,$9.79,9.43,$7.19,12.83,$0.68,135.69,$2.08B,$1.11B,1.87,$0.00B,$0.89B,0.0,$1.71B,$1.28B,74.99%,$1.71B,$0.19B,10.99%,$1.71B,$0.19B,10.99%,$1.71B,$0.31B,18.18%,$1.71B,$0.21B,11.98%,$1.71B,$0.12B,7.07%,$0.12B,$0.89B,16.38%,$0.12B,$0.85B,17.26%,$0.12B,$2.76B,4.84%,$0.19B,$0.89B,25.45%,$454,$112,$342,$59,$221,$391,$63,$8,$71,$12,$59,$59,$59,$100,$63,$170,176,$0.35,$0.33,$1634,$81,$0,$2078,$265,$39,$44,$20,$685,$2764,$1112,$0,$11,$760,$1872,$0,$-156,$-1,$892,$2764,$150,$107,$100,$207,$38,$-19,$-5,$107,$102,$459,$-41,$0,$-6,$0,$40,$40,$0,$-7,$0,$0,$0,$-36,$-36,$0,$-58,$-93,$358,$120,$0
1,2018-06-30,62.43,$4.62,13.52,$9.30,6.72,$6.58,9.49,$0.50,124.86,$1.89B,$1.09B,1.74,$0.00B,$0.78B,0.0,$1.63B,$1.22B,74.92%,$1.63B,$0.16B,9.75%,$1.63B,$0.16B,9.75%,$1.63B,$0.26B,15.88%,$1.63B,$0.17B,10.55%,$1.63B,$0.09B,5.46%,$0.09B,$0.78B,12.01%,$0.09B,$0.73B,12.60%,$0.09B,$2.58B,3.70%,$0.16B,$0.78B,21.45%,$441,$113,$328,$61,$216,$391,$51,$1,$52,$2,$49,$49,$49,$87,$51,$169,174,$0.29,$0.28,$1434,$78,$0,$1885,$256,$65,$47,$21,$691,$2576,$1085,$0,$12,$710,$1796,$0,$-215,$-1,$780,$2576,$91,$70,$64,$134,$29,$-11,$-9,$68,$57,$282,$-23,$0,$-6,$0,$11,$11,$0,$-19,$0,$0,$0,$-60,$-60,$0,$-42,$-102,$161,$77,$0
2,2018-03-31,53.58,$4.13,12.98,$8.78,6.11,$6.06,8.85,$0.35,153.09,$1.74B,$1.03B,1.69,$0.00B,$0.69B,0.0,$1.55B,$1.16B,74.77%,$1.55B,$0.14B,8.82%,$1.55B,$0.14B,8.82%,$1.55B,$0.22B,13.84%,$1.55B,$0.15B,9.85%,$1.55B,$0.06B,4.05%,$0.06B,$0.69B,8.11%,$0.06B,$0.66B,8.46%,$0.06B,$2.40B,2.68%,$0.14B,$0.69B,17.64%,$399,$97,$302,$59,$210,$367,$32,$4,$37,$-5,$42,$42,$42,$67,$32,$168,172,$0.25,$0.24,$1304,$80,$0,$1736,$245,$83,$29,$21,$665,$2401,$1030,$0,$13,$678,$1707,$0,$-263,$-2,$694,$2401,$42,$34,$27,$61,$49,$-7,$-14,$31,$37,$140,$-12,$0,$0,$0,$-14,$-14,$0,$-26,$0,$0,$0,$-70,$-70,$0,$-19,$-90,$25,$37,$0
3,2017-12-31,43.69,$3.51,12.45,$8.36,5.22,$5.96,7.33,$0.17,257.0,$1.72B,$1.03B,1.67,$0.00B,$0.59B,0.0,$1.50B,$1.11B,74.20%,$1.50B,$0.11B,7.35%,$1.50B,$0.11B,7.35%,$1.50B,$0.17B,11.23%,$1.50B,$0.12B,8.29%,$1.50B,$0.03B,2.14%,$0.03B,$0.59B,3.87%,$0.03B,$0.56B,4.03%,$0.03B,$2.26B,1.38%,$0.11B,$0.59B,13.29%,$417,$105,$311,$55,$214,$374,$42,$3,$45,$74,$-29,$-29,$-29,$57,$42,$174,178,$-0.16,$-0.16,$1251,$77,$0,$1717,$245,$98,$31,$20,$541,$2258,$1027,$0,$9,$641,$1669,$0,$-320,$-1,$589,$2258,$31,$58,$177,$235,$-38,$9,$13,$288,$328,$594,$-135,$0,$0,$0,$59,$59,$0,$-77,$0,$0,$0,$-370,$-370,$0,$-45,$-416,$102,$137,$0
4,2017-09-30,35.84,$5.17,6.94,$8.08,4.44,$4.96,7.22,$0.48,74.67,$1.65B,$0.91B,1.81,$0.00B,$0.90B,0.0,$1.44B,$1.07B,74.27%,$1.44B,$0.11B,7.84%,$1.44B,$0.11B,7.84%,$1.44B,$0.17B,11.86%,$1.44B,$0.12B,8.53%,$1.44B,$0.09B,5.96%,$0.09B,$0.90B,9.66%,$0.09B,$0.87B,10.07%,$0.09B,$2.40B,3.75%,$0.11B,$0.90B,12.70%,$374,$94,$281,$54,$193,$341,$34,$4,$38,$11,$27,$27,$27,$48,$34,$176,179,$0.15,$0.15,$1276,$74,$0,$1651,$240,$248,$33,$19,$745,$2395,$911,$0,$10,$582,$1493,$0,$-10,$-0,$902,$2395,$60,$43,$84,$127,$51,$18,$-17,$171,$249,$437,$-122,$0,$0,$0,$-21,$-21,$0,$-142,$0,$0,$0,$-62,$-62,$0,$-36,$-98,$197,$103,$0
5,2017-06-30,37.44,$5.25,7.14,$7.77,4.82,$4.30,8.72,$0.37,101.19,$1.61B,$0.89B,1.81,$0.00B,$0.92B,0.0,$1.39B,$1.02B,73.79%,$1.39B,$0.08B,6.06%,$1.39B,$0.08B,6.06%,$1.39B,$0.14B,10.32%,$1.39B,$0.09B,6.64%,$1.39B,$0.07B,4.69%,$0.07B,$0.92B,7.47%,$0.07B,$0.89B,7.81%,$0.07B,$2.36B,2.96%,$0.08B,$0.92B,9.65%,$364,$96,$268,$51,$188,$335,$29,$4,$33,$10,$23,$23,$23,$43,$29,$176,180,$0.13,$0.13,$1207,$86,$0,$1605,$239,$258,$35,$18,$756,$2361,$886,$0,$17,$553,$1439,$0,$42,$-1,$922,$2361,$34,$29,$46,$75,$38,$10,$-20,$120,$166,$275,$-100,$0,$0,$0,$-13,$-13,$0,$-113,$0,$0,$0,$9,$9,$0,$-26,$-17,$144,$68,$0
6,2017-03-31,38.35,$5.12,7.49,$7.56,5.07,$4.04,9.48,$0.23,166.74,$1.62B,$0.86B,1.89,$0.00B,$0.90B,0.0,$1.33B,$0.98B,73.65%,$1.33B,$0.05B,3.83%,$1.33B,$0.05B,3.83%,$1.33B,$0.11B,8.18%,$1.33B,$0.06B,4.13%,$1.33B,$0.04B,3.08%,$0.04B,$0.90B,4.88%,$0.04B,$0.86B,5.13%,$0.04B,$2.27B,1.96%,$0.05B,$0.90B,6.06%,$341,$91,$250,$51,$193,$335,$5,$3,$8,$-3,$11,$11,$11,$20,$5,$175,178,$0.06,$0.06,$1199,$105,$0,$1616,$155,$242,$37,$17,$651,$2267,$857,$0,$19,$513,$1369,$0,$48,$-0,$898,$2267,$11,$15,$18,$33,$42,$-4,$-8,$53,$86,$130,$-14,$0,$0,$0,$-18,$-18,$0,$-31,$0,$0,$0,$30,$30,$0,$-14,$16,$114,$33,$0
7,2016-12-31,30.12,$4.84,6.22,$7.28,4.14,$3.80,7.93,$0.15,200.8,$1.54B,$0.83B,1.86,$0.00B,$0.84B,0.0,$1.28B,$0.94B,73.51%,$1.28B,$0.04B,3.29%,$1.28B,$0.04B,3.29%,$1.28B,$0.10B,7.60%,$1.28B,$0.04B,3.45%,$1.28B,$0.03B,2.51%,$0.03B,$0.84B,3.99%,$0.03B,$0.80B,4.18%,$0.03B,$2.14B,1.62%,$0.04B,$0.84B,5.24%,$363,$91,$272,$46,$180,$318,$45,$-2,$44,$18,$25,$25,$25,$60,$45,$173,176,$0.15,$0.14,$1086,$107,$0,$1539,$137,$225,$39,$17,$601,$2140,$829,$0,$14,$473,$1302,$0,$38,$-1,$838,$2140,$32,$53,$97,$151,$-58,$-43,$0,$238,$163,$346,$-67,$0,$-22,$0,$15,$15,$0,$-74,$0,$0,$0,$-66,$-66,$0,$-40,$-106,$166,$122,$0
8,2016-09-30,36.93,$4.74,7.79,$6.90,5.35,$3.61,10.23,0,0.0,$1.40B,$0.75B,1.86,$0.00B,$0.82B,0.0,$1.21B,$0.88B,72.81%,$1.21B,$0.01B,0.83%,$1.21B,$0.01B,0.83%,$1.21B,$0.06B,5.04%,$1.21B,$0.01B,1.07%,$1.21B,$0.00B,0.33%,$0.00B,$0.82B,0.51%,$0.00B,$0.78B,0.53%,$0.00B,$2.01B,0.21%,$0.01B,$0.82B,1.28%,$317,$85,$232,$47,$177,$311,$5,$1,$7,$0,$6,$6,$6,$20,$5,$173,178,$0.04,$0.04,$1030,$94,$0,$1395,$126,$240,$42,$17,$615,$2010,$750,$0,$16,$437,$1187,$0,$43,$0,$823,$2010,$7,$39,$60,$99,$13,$-25,$-2,$141,$139,$245,$-50,$0,$-22,$0,$-4,$-4,$0,$-76,$0,$0,$0,$-33,$-33,$0,$-32,$-64,$104,$90,$0
9,2016-06-30,31.59,$4.67,6.77,$6.59,4.8,$3.56,8.88,$0.01,3159.0,$1.35B,$0.73B,1.85,$0.00B,$0.81B,0.0,$1.15B,$0.84B,72.59%,$1.15B,$0.00B,0.26%,$1.15B,$0.00B,0.26%,$1.15B,$0.05B,4.34%,$1.15B,$0.01B,0.43%,$1.15B,$0.01B,0.52%,$0.01B,$0.81B,0.77%,$0.01B,$0.76B,0.80%,$0.01B,$1.96B,0.33%,$0.00B,$0.81B,0.39%,$311,$85,$227,$46,$185,$315,$-4,$0,$-4,$-2,$-1,$-1,$-1,$9,$-4,$172,172,$-0.01,$-0.01,$985,$81,$0,$1354,$126,$237,$46,$17,$606,$1960,$732,$0,$16,$424,$1156,$0,$59,$1,$805,$1960,$1,$25,$33,$58,$2,$-8,$-0,$108,$110,$169,$-44,$0,$-21,$0,$-4,$-4,$0,$-69,$0,$0,$0,$-27,$-27,$0,$-19,$-46,$53,$59,$0
10,2016-03-31,30.63,$4.33,7.08,$6.14,4.99,$3.59,8.53,$0.02,1531.5,$1.29B,$0.69B,1.87,$0.00B,$0.74B,0.0,$1.08B,$0.78B,72.09%,$1.08B,$0.01B,0.92%,$1.08B,$0.01B,0.92%,$1.08B,$0.05B,4.90%,$1.08B,$0.01B,1.11%,$1.08B,$0.01B,0.74%,$0.01B,$0.74B,1.05%,$0.01B,$0.72B,1.08%,$0.01B,$1.81B,0.46%,$0.01B,$0.74B,1.31%,$285,$78,$207,$45,$166,$288,$-4,$0,$-3,$-5,$2,$2,$2,$8,$-4,$172,174,$0.01,$0.01,$953,$78,$0,$1286,$116,$242,$21,$15,$526,$1812,$687,$0,$18,$382,$1069,$0,$23,$0,$742,$1812,$2,$12,$12,$24,$39,$-1,$-11,$45,$75,$101,$-30,$0,$0,$0,$-4,$-4,$0,$-34,$0,$0,$0,$-32,$-32,$0,$-9,$-42,$25,$29,$0
11,2015-12-31,31.17,$4.41,7.07,$5.73,5.44,$3.53,8.83,$0.05,623.4,$1.27B,$0.68B,1.87,$0.00B,$0.76B,0.0,$1.01B,$0.72B,71.49%,$1.01B,$0.02B,1.49%,$1.01B,$0.02B,1.49%,$1.01B,$0.05B,5.35%,$1.01B,$0.02B,1.68%,$1.01B,$0.01B,0.79%,$0.01B,$0.76B,1.06%,$0.01B,$0.73B,1.08%,$0.01B,$1.79B,0.48%,$0.02B,$0.76B,1.99%,$297,$82,$215,$43,$157,$284,$13,$0,$13,$16,$-3,$-3,$-3,$24,$13,$170,176,$-0.02,$-0.02,$891,$84,$0,$1271,$91,$273,$22,$14,$520,$1791,$679,$0,$19,$356,$1035,$0,$68,$-1,$755,$1791,$8,$39,$69,$108,$-66,$-19,$-3,$222,$167,$283,$-37,$0,$-38,$0,$74,$74,$0,$-1,$0,$0,$0,$7,$7,$0,$-29,$-22,$260,$95,$0
12,2015-09-30,42.48,$4.61,9.21,$5.37,7.91,$3.11,13.66,$0.10,424.8,$1.25B,$0.60B,2.08,$0.00B,$0.80B,0.0,$0.94B,$0.67B,70.97%,$0.94B,$0.02B,2.35%,$0.94B,$0.02B,2.35%,$0.94B,$0.06B,6.08%,$0.94B,$0.02B,2.56%,$0.94B,$0.02B,1.92%,$0.02B,$0.80B,2.45%,$0.02B,$0.77B,2.48%,$0.02B,$1.71B,1.15%,$0.02B,$0.80B,2.99%,$260,$72,$188,$42,$142,$262,$-2,$1,$-1,$-9,$8,$8,$8,$9,$-2,$172,178,$0.05,$0.05,$908,$81,$0,$1252,$83,$262,$23,$15,$455,$1707,$603,$0,$16,$309,$912,$0,$124,$-0,$795,$1707,$11,$28,$41,$69,$21,$-12,$-10,$127,$134,$214,$-29,$0,$-38,$0,$70,$70,$0,$3,$0,$0,$0,$64,$64,$0,$-23,$41,$257,$67,$0
13,2015-06-30,41.33,$4.41,9.38,$5.05,8.19,$2.86,14.44,$0.07,590.43,$1.20B,$0.57B,2.12,$0.00B,$0.75B,0.0,$0.87B,$0.61B,70.46%,$0.87B,$0.04B,4.48%,$0.87B,$0.04B,4.48%,$0.87B,$0.07B,8.16%,$0.87B,$0.04B,4.71%,$0.87B,$0.01B,1.61%,$0.01B,$0.75B,2.00%,$0.01B,$0.75B,2.02%,$0.01B,$1.61B,0.96%,$0.04B,$0.75B,5.58%,$240,$69,$170,$37,$130,$237,$3,$1,$3,$3,$1,$1,$1,$12,$3,$170,176,$0.01,$0.01,$873,$69,$0,$1196,$71,$275,$4,$15,$409,$1605,$565,$0,$16,$289,$854,$0,$116,$-0,$751,$1605,$2,$17,$29,$47,$10,$-8,$-8,$91,$100,$149,$-16,$0,$0,$0,$34,$34,$0,$18,$0,$0,$0,$43,$43,$0,$-11,$31,$198,$41,$0
14,2015-03-31,34.95,$4.25,8.22,$4.78,7.31,$2.60,13.42,$0.11,317.73,$1.11B,$0.52B,2.14,$0.00B,$0.72B,0.0,$0.81B,$0.57B,69.90%,$0.81B,$0.05B,5.77%,$0.81B,$0.05B,5.77%,$0.81B,$0.08B,9.71%,$0.81B,$0.05B,6.14%,$0.81B,$0.02B,2.33%,$0.02B,$0.72B,2.85%,$0.02B,$0.71B,2.87%,$0.02B,$1.50B,1.38%,$0.05B,$0.72B,7.04%,$213,$64,$149,$36,$113,$212,$1,$1,$2,$0,$2,$2,$2,$9,$1,$168,174,$0.01,$0.01,$804,$72,$0,$1112,$63,$269,$5,$10,$387,$1498,$519,$0,$16,$260,$779,$0,$115,$0,$720,$1498,$2,$8,$11,$19,$24,$-6,$-11,$38,$44,$65,$-5,$0,$0,$0,$21,$21,$0,$16,$0,$0,$0,$29,$29,$0,$-7,$22,$103,$19,$0
15,2014-12-31,30.66,$4.06,7.55,$4.56,6.72,$2.56,12.0,$0.15,204.4,$1.01B,$0.50B,2.03,$0.00B,$0.68B,0.0,$0.77B,$0.54B,69.87%,$0.77B,$0.06B,7.66%,$0.77B,$0.06B,7.66%,$0.77B,$0.09B,11.69%,$0.77B,$0.06B,8.05%,$0.77B,$0.03B,3.25%,$0.03B,$0.68B,3.91%,$0.03B,$0.67B,3.95%,$0.03B,$1.43B,1.92%,$0.06B,$0.68B,9.22%,$224,$66,$158,$33,$105,$204,$20,$0,$20,$13,$7,$7,$7,$27,$20,$164,169,$0.04,$0.04,$720,$69,$0,$1005,$59,$272,$6,$11,$419,$1425,$496,$0,$17,$252,$749,$0,$114,$-0,$676,$1425,$25,$31,$72,$103,$-56,$-32,$18,$124,$68,$197,$-32,$0,$-0,$0,$3,$3,$0,$-29,$0,$0,$0,$11,$11,$0,$-11,$1,$167,$59,$0
16,2014-09-30,25.27,$3.94,6.42,$4.29,5.89,$2.38,10.63,$0.18,140.36,$0.90B,$0.43B,2.06,$0.00B,$0.65B,0.0,$0.72B,$0.50B,69.57%,$0.72B,$0.06B,8.85%,$0.72B,$0.06B,8.85%,$0.72B,$0.09B,13.00%,$0.72B,$0.07B,9.41%,$0.72B,$0.03B,4.15%,$0.03B,$0.65B,4.86%,$0.03B,$0.64B,4.92%,$0.03B,$1.31B,2.43%,$0.06B,$0.65B,10.36%,$193,$57,$136,$31,$90,$178,$15,$0,$16,$12,$4,$4,$4,$23,$15,$164,170,$0.02,$0.02,$661,$51,$0,$896,$57,$303,$6,$8,$416,$1313,$434,$0,$17,$229,$663,$0,$111,$0,$649,$1313,$19,$23,$30,$53,$13,$-11,$4,$79,$90,$161,$-27,$0,$-0,$0,$10,$10,$0,$-17,$0,$0,$0,$2,$2,$0,$-4,$-2,$142,$42,$0
17,2014-06-30,25.13,$3.82,6.57,$4.07,6.17,$2.14,11.73,$0.23,109.26,$0.81B,$0.43B,1.89,$0.00B,$0.63B,0.0,$0.69B,$0.48B,69.78%,$0.69B,$0.07B,9.78%,$0.69B,$0.07B,9.78%,$0.69B,$0.10B,14.01%,$0.69B,$0.07B,10.22%,$0.69B,$0.04B,5.40%,$0.04B,$0.63B,6.11%,$0.04B,$0.62B,6.21%,$0.04B,$1.27B,3.11%,$0.07B,$0.63B,11.07%,$184,$58,$126,$30,$85,$173,$11,$1,$12,$6,$6,$6,$6,$20,$11,$163,168,$0.04,$0.04,$558,$47,$0,$807,$55,$352,$6,$8,$458,$1265,$426,$0,$18,$214,$640,$0,$117,$1,$625,$1265,$14,$16,$22,$38,$2,$-3,$1,$59,$52,$105,$-21,$0,$0,$0,$13,$13,$-0,$-8,$0,$0,$0,$-5,$-5,$0,$-3,$-8,$88,$28,$0
18,2014-03-31,22.03,$3.74,5.89,$3.85,5.72,$2.07,10.63,$0.24,91.79,$0.78B,$0.40B,1.98,$0.00B,$0.61B,0.0,$0.65B,$0.46B,70.37%,$0.65B,$0.07B,10.80%,$0.65B,$0.07B,10.80%,$0.65B,$0.10B,14.81%,$0.65B,$0.07B,11.27%,$0.65B,$0.04B,6.17%,$0.04B,$0.61B,6.77%,$0.04B,$0.60B,6.88%,$0.04B,$1.20B,3.49%,$0.07B,$0.61B,11.85%,$169,$51,$118,$29,$76,$156,$13,$1,$14,$5,$8,$8,$8,$20,$13,$162,168,$0.05,$0.05,$561,$43,$0,$781,$47,$327,$9,$5,$419,$1200,$395,$0,$17,$195,$590,$0,$124,$0,$610,$1200,$8,$7,$12,$19,$19,$3,$-6,$34,$33,$61,$-11,$0,$-0,$0,$9,$9,$0,$-2,$0,$0,$0,$2,$2,$0,$-3,$-1,$57,$13,$0
19,2013-12-31,19.13,$3.63,5.28,$3.66,5.23,$2.00,9.58,$0.26,73.58,$0.74B,$0.41B,1.78,$0.00B,$0.59B,0.0,$0.62B,$0.44B,70.73%,$0.62B,$0.07B,11.71%,$0.62B,$0.07B,11.71%,$0.62B,$0.10B,15.93%,$0.62B,$0.08B,12.36%,$0.62B,$0.04B,7.15%,$0.04B,$0.59B,7.65%,$0.04B,$0.58B,7.78%,$0.04B,$1.17B,3.99%,$0.07B,$0.59B,12.52%,$177,$54,$123,$28,$71,$153,$25,$1,$26,$14,$12,$12,$12,$31,$25,$162,168,$0.06,$0.07,$491,$49,$0,$736,$37,$352,$10,$5,$433,$1168,$413,$0,$0,$170,$583,$0,$122,$1,$586,$1168,$44,$27,$23,$50,$-22,$-35,$10,$67,$53,$147,$-14,$0,$-8,$0,$-125,$-125,$0,$-147,$0,$0,$0,$-8,$-8,$0,$2,$-6,$-7,$44,$0
20,2013-09-30,20.26,$3.67,5.52,$3.51,5.77,$2.17,9.32,$0.32,63.31,$0.71B,$0.37B,1.92,$0.00B,$0.60B,0.0,$0.59B,$0.42B,71.65%,$0.59B,$0.08B,13.92%,$0.59B,$0.08B,13.92%,$0.59B,$0.11B,18.34%,$0.59B,$0.09B,14.60%,$0.59B,$0.05B,9.17%,$0.05B,$0.60B,9.70%,$0.05B,$0.59B,9.85%,$0.05B,$1.13B,5.12%,$0.08B,$0.60B,14.73%,$155,$44,$111,$26,$66,$136,$18,$0,$18,$7,$11,$11,$11,$25,$18,$163,169,$0.07,$0.07,$513,$47,$0,$706,$28,$328,$11,$3,$422,$1128,$367,$0,$1,$161,$528,$0,$143,$2,$600,$1128,$32,$20,$15,$35,$1,$-31,$11,$37,$33,$101,$-7,$0,$-8,$0,$-90,$-90,$0,$-104,$0,$0,$0,$24,$24,$0,$2,$26,$22,$32,$0
21,2013-06-30,17.5,$3.49,5.01,$3.41,5.13,$2.30,7.62,$0.35,50.0,$0.67B,$0.36B,1.87,$0.00B,$0.57B,0.0,$0.57B,$0.41B,71.75%,$0.57B,$0.09B,15.79%,$0.57B,$0.09B,15.79%,$0.57B,$0.12B,20.18%,$0.57B,$0.10B,16.67%,$0.57B,$0.06B,10.53%,$0.06B,$0.57B,11.41%,$0.06B,$0.56B,11.52%,$0.06B,$1.09B,5.99%,$0.09B,$0.57B,17.11%,$147,$44,$104,$25,$65,$134,$14,$1,$15,$6,$9,$9,$9,$20,$14,$162,168,$0.06,$0.05,$503,$33,$0,$672,$27,$312,$10,$3,$413,$1086,$360,$0,$1,$158,$519,$0,$132,$0,$567,$1086,$21,$13,$4,$17,$-1,$-16,$14,$25,$37,$75,$-4,$0,$-6,$0,$-82,$-82,$0,$-92,$0,$0,$0,$16,$16,$0,$2,$17,$0,$20,$0
22,2013-03-31,23.68,$3.38,7.01,$3.31,7.15,$2.41,9.84,$0.38,62.32,$0.61B,$0.33B,1.85,$0.00B,$0.55B,0.0,$0.55B,$0.40B,71.92%,$0.55B,$0.10B,17.57%,$0.55B,$0.10B,17.57%,$0.55B,$0.12B,22.10%,$0.55B,$0.10B,18.48%,$0.55B,$0.07B,11.78%,$0.07B,$0.55B,13.24%,$0.07B,$0.54B,13.32%,$0.07B,$1.03B,6.89%,$0.10B,$0.55B,19.76%,$136,$39,$97,$23,$58,$120,$15,$2,$17,$5,$12,$12,$12,$22,$15,$161,168,$0.08,$0.07,$460,$24,$0,$614,$26,$322,$10,$61,$419,$1033,$332,$0,$34,$153,$485,$0,$123,$2,$548,$1033,$12,$7,$-2,$5,$6,$-5,$5,$13,$21,$38,$-2,$0,$-6,$0,$-72,$-72,$0,$-79,$0,$0,$0,$14,$14,$0,$1,$16,$-26,$9,$0
23,2012-12-31,21.02,$3.19,6.6,$3.21,6.55,$2.47,8.51,$0.40,52.55,$0.57B,$0.32B,1.78,$0.00B,$0.51B,0.0,$0.53B,$0.39B,72.42%,$0.53B,$0.10B,18.95%,$0.53B,$0.10B,18.95%,$0.53B,$0.12B,23.26%,$0.53B,$0.11B,19.70%,$0.53B,$0.07B,12.57%,$0.07B,$0.51B,14.77%,$0.07B,$0.51B,14.79%,$0.07B,$0.98B,7.60%,$0.10B,$0.51B,22.27%,$151,$41,$110,$21,$54,$116,$35,$1,$36,$15,$22,$22,$22,$41,$35,$158,166,$0.13,$0.13,$414,$21,$0,$569,$26,$326,$2,$4,$406,$975,$319,$0,$1,$145,$465,$0,$111,$3,$511,$975,$67,$25,$10,$35,$-12,$-11,$1,$70,$82,$184,$-22,$0,$-1,$0,$-159,$-159,$0,$-183,$0,$0,$0,$38,$38,$0,$12,$50,$51,$31,$0
24,2012-09-30,24.12,$2.99,8.06,$3.04,7.94,$2.29,10.55,$0.37,65.19,$0.52B,$0.30B,1.72,$0.00B,$0.48B,0.0,$0.50B,$0.36B,72.37%,$0.50B,$0.09B,18.49%,$0.50B,$0.09B,18.49%,$0.50B,$0.11B,22.66%,$0.50B,$0.10B,19.09%,$0.50B,$0.06B,12.13%,$0.06B,$0.48B,14.69%,$0.06B,$0.48B,14.69%,$0.06B,$0.91B,7.42%,$0.09B,$0.48B,22.40%,$136,$38,$98,$20,$52,$110,$26,$1,$27,$10,$17,$17,$17,$32,$26,$159,167,$0.11,$0.10,$375,$26,$0,$515,$26,$316,$0,$7,$399,$913,$299,$0,$27,$136,$435,$0,$89,$4,$478,$913,$45,$18,$15,$33,$6,$-15,$3,$42,$55,$134,$-20,$0,$-1,$0,$-154,$-154,$0,$-175,$0,$0,$0,$36,$36,$0,$10,$46,$3,$24,$0
25,2012-06-30,23.22,$2.70,8.59,$2.93,7.92,$2.26,10.26,$0.38,61.11,$0.55B,$0.30B,1.85,$0.00B,$0.43B,0.0,$0.48B,$0.35B,72.67%,$0.48B,$0.09B,19.25%,$0.48B,$0.09B,19.25%,$0.48B,$0.11B,23.40%,$0.48B,$0.10B,19.88%,$0.48B,$0.06B,12.84%,$0.06B,$0.43B,16.53%,$0.06B,$0.43B,16.53%,$0.06B,$0.85B,8.14%,$0.09B,$0.43B,24.80%,$129,$37,$92,$20,$50,$108,$21,$1,$22,$8,$14,$14,$14,$27,$21,$157,166,$0.09,$0.08,$402,$21,$0,$545,$10,$243,$0,$8,$307,$851,$295,$0,$25,$130,$425,$0,$72,$1,$427,$851,$28,$12,$10,$22,$0,$-8,$4,$38,$43,$93,$-4,$0,$-1,$0,$-102,$-102,$0,$-106,$0,$0,$0,$18,$18,$0,$5,$23,$9,$15,$0
26,2012-03-31,27.65,$2.54,10.9,$2.78,9.93,$2.17,12.73,$0.39,70.9,$0.55B,$0.27B,2.04,$0.00B,$0.40B,0.0,$0.46B,$0.34B,73.30%,$0.46B,$0.09B,19.91%,$0.46B,$0.09B,19.91%,$0.46B,$0.11B,23.85%,$0.46B,$0.09B,20.35%,$0.46B,$0.06B,13.57%,$0.06B,$0.40B,18.22%,$0.06B,$0.40B,18.22%,$0.06B,$0.79B,8.77%,$0.09B,$0.40B,26.75%,$117,$31,$86,$20,$48,$99,$19,$1,$20,$6,$14,$14,$14,$24,$19,$156,166,$0.09,$0.09,$428,$18,$0,$552,$10,$172,$0,$9,$237,$788,$271,$0,$21,$119,$390,$0,$58,$2,$398,$788,$14,$5,$5,$10,$11,$-3,$-6,$20,$24,$49,$-2,$0,$-1,$0,$-60,$-60,$0,$-62,$0,$0,$0,$14,$14,$0,$2,$16,$3,$7,$0
27,2011-12-31,21.81,$2.31,9.43,$2.65,8.23,$2.13,10.23,$0.39,56.65,$0.52B,$0.27B,1.96,$0.00B,$0.36B,0.0,$0.43B,$0.32B,73.67%,$0.43B,$0.09B,20.55%,$0.43B,$0.09B,20.55%,$0.43B,$0.11B,24.71%,$0.43B,$0.09B,21.02%,$0.43B,$0.06B,14.32%,$0.06B,$0.36B,20.31%,$0.06B,$0.36B,20.31%,$0.06B,$0.74B,9.43%,$0.09B,$0.36B,29.16%,$121,$32,$88,$16,$45,$94,$27,$1,$27,$11,$16,$16,$16,$31,$27,$153,164,$0.10,$0.10,$390,$16,$0,$524,$8,$148,$0,$8,$211,$735,$267,$0,$22,$110,$376,$0,$44,$0,$358,$735,$62,$20,$-9,$11,$-23,$-6,$7,$39,$60,$133,$-4,$0,$-3,$0,$-161,$-161,$0,$-167,$0,$0,$0,$20,$20,$0,$20,$40,$5,$19,$0
28,2011-09-30,16.8,$2.06,8.14,$2.51,6.69,$1.98,8.49,$0.39,43.64,$0.50B,$0.25B,2.0,$0.00B,$0.32B,0.0,$0.41B,$0.30B,73.89%,$0.41B,$0.08B,20.44%,$0.41B,$0.08B,20.44%,$0.41B,$0.10B,24.88%,$0.41B,$0.09B,20.94%,$0.41B,$0.06B,15.27%,$0.06B,$0.32B,22.65%,$0.06B,$0.32B,22.65%,$0.06B,$0.67B,10.17%,$0.08B,$0.32B,30.32%,$116,$31,$85,$17,$42,$90,$26,$1,$27,$9,$18,$18,$18,$31,$26,$153,164,$0.12,$0.11,$389,$13,$0,$504,$7,$114,$0,$5,$167,$671,$252,$0,$20,$102,$354,$0,$27,$-0,$317,$671,$46,$15,$-2,$13,$-4,$-1,$3,$24,$52,$110,$-3,$0,$-3,$0,$-127,$-127,$0,$-133,$0,$0,$0,$14,$14,$0,$9,$23,$-0,$13,$0
29,2011-06-30,27.29,$1.88,14.51,$2.34,11.64,$1.77,15.45,$0.37,74.77,$0.45B,$0.25B,1.85,$0.00B,$0.29B,0.0,$0.38B,$0.28B,74.40%,$0.38B,$0.08B,20.00%,$0.38B,$0.08B,20.00%,$0.38B,$0.09B,24.53%,$0.38B,$0.08B,20.27%,$0.38B,$0.06B,15.47%,$0.06B,$0.29B,23.58%,$0.06B,$0.29B,23.58%,$0.06B,$0.64B,10.28%,$0.08B,$0.29B,30.49%,$103,$27,$76,$16,$42,$84,$19,$1,$19,$5,$14,$14,$14,$23,$19,$152,164,$0.10,$0.09,$342,$14,$0,$454,$7,$126,$0,$5,$181,$635,$246,$0,$21,$101,$348,$0,$9,$3,$288,$635,$28,$10,$-3,$7,$0,$-1,$0,$22,$40,$74,$-1,$0,$-3,$0,$-76,$-76,$0,$-80,$0,$0,$0,$11,$11,$0,$4,$16,$11,$7,$0
30,2011-03-31,22.08,$1.70,12.97,$2.22,9.94,$1.57,14.06,$0.32,68.98,$0.40B,$0.24B,1.71,$0.00B,$0.26B,0.0,$0.35B,$0.26B,74.43%,$0.35B,$0.07B,18.97%,$0.35B,$0.07B,18.97%,$0.35B,$0.08B,23.56%,$0.35B,$0.07B,19.25%,$0.35B,$0.05B,14.66%,$0.05B,$0.26B,23.39%,$0.05B,$0.26B,23.39%,$0.05B,$0.59B,9.86%,$0.07B,$0.26B,30.28%,$93,$23,$70,$14,$38,$76,$17,$1,$18,$5,$14,$14,$14,$22,$17,$150,163,$0.09,$0.08,$302,$12,$0,$404,$7,$131,$0,$3,$184,$588,$236,$0,$15,$94,$330,$0,$-5,$3,$258,$588,$14,$5,$2,$7,$1,$1,$-4,$15,$20,$40,$-1,$0,$0,$0,$-46,$-46,$0,$-47,$0,$0,$0,$7,$7,$0,$1,$8,$2,$3,$0
31,2010-12-31,16.18,$1.56,10.35,$2.11,7.65,$1.47,11.03,$0.27,61.04,$0.42B,$0.22B,1.92,$0.00B,$0.23B,0.0,$0.33B,$0.24B,73.54%,$0.33B,$0.06B,17.23%,$0.33B,$0.06B,17.23%,$0.33B,$0.07B,21.23%,$0.33B,$0.06B,17.23%,$0.33B,$0.04B,12.62%,$0.04B,$0.23B,21.44%,$0.04B,$0.23B,21.44%,$0.04B,$0.55B,8.70%,$0.06B,$0.23B,29.28%,$94,$24,$69,$13,$36,$73,$21,$0,$21,$5,$16,$16,$16,$25,$21,$141,156,$0.11,$0.09,$314,$14,$0,$420,$7,$74,$0,$1,$125,$545,$218,$0,$12,$95,$313,$0,$-19,$2,$232,$545,$41,$13,$-1,$12,$-18,$-6,$2,$47,$50,$103,$-4,$0,$0,$0,$-280,$-280,$0,$-284,$0,$0,$0,$29,$29,$0,$5,$34,$-146,$9,$0
32,2010-09-30,12.5,$1.41,8.86,$2.02,6.2,$1.24,10.12,$0.48,26.32,$0.38B,$0.20B,1.89,$0.00B,$0.21B,0.0,$0.30B,$0.22B,72.85%,$0.30B,$0.04B,13.91%,$0.30B,$0.04B,13.91%,$0.30B,$0.05B,17.55%,$0.30B,$0.04B,14.24%,$0.30B,$0.07B,22.85%,$0.07B,$0.21B,40.89%,$0.07B,$0.21B,40.89%,$0.07B,$0.49B,15.98%,$0.04B,$0.21B,24.89%,$85,$21,$64,$12,$33,$67,$18,$0,$18,$4,$14,$14,$14,$22,$18,$144,156,$0.10,$0.09,$292,$11,$0,$383,$7,$60,$0,$1,$106,$488,$202,$0,$3,$80,$282,$0,$-35,$2,$206,$488,$25,$9,$3,$12,$-5,$-3,$-1,$30,$35,$72,$-3,$0,$0,$0,$-232,$-232,$-0,$-235,$0,$0,$0,$24,$24,$0,$3,$27,$-135,$7,$0
