,Date,Stock Price,Book Value per Share,Price to Book Ratio,TTM Sales per Share,Price to Sales Ratio,TTM FCF per Share,Price to FCF Ratio,TTM Net EPS,PE Ratio,Current Assets,Current Liabilities,Current Ratio,Long Term Debt,Shareholder's Equity_x,Debt to Equity Ratio,TTM Revenue_x,TTM Gross Profit,Gross Margin,TTM Revenue_y,TTM Operating Income,Operating Margin,TTM Revenue_x,TTM EBIT,EBIT Margin,TTM Revenue_y,TTM EBITDA,EBITDA Margin,TTM Revenue_x,TTM Pre-Tax Income,Pre-Tax Margin,TTM Revenue_y,TTM Net Income_x,Net Margin,TTM Net Income_y,Shareholder's Equity_y,Return on Equity,TTM Net Income_x,Tangible Equity,Return on Tangible Equity,TTM Net Income_y,Total Assets,Return on Assets,TTM Net Income,LT Investments & Debt,Return on Investment,revenue,cost-goods-sold,gross-profit,research-development-expenses,selling-general-administrative-expenses,operating-expenses,operating-income,total-non-operating-income-expense,pre-tax-income,total-provision-income-taxes,income-after-taxes,income-from-continuous-operations,net-income,ebitda,ebit,basic-shares-outstanding,shares-outstanding,eps-basic-net-earnings-per-share,eps-earnings-per-share-diluted,cash-on-hand,inventory,other-current-assets,total-current-assets,net-property-plant-equipment,long-term-investments,goodwill-intangible-assets-total,other-long-term-assets,total-long-term-assets,total-assets,total-current-liabilities,long-term-debt,other-non-current-liabilities,total-long-term-liabilities,total-liabilities,common-stock-net,retained-earnings-accumulated-deficit,comprehensive-income,total-share-holder-equity,total-liabilities-share-holders-equity,net-income-loss,total-depreciation-amortization-cash-flow,other-non-cash-items,total-non-cash-items,change-in-accounts-receivable,change-in-inventories,change-in-accounts-payable,change-in-assets-liabilities,total-change-in-assets-liabilities,cash-flow-from-operating-activities,net-change-in-property-plant-equipment,net-change-in-intangible-assets,net-acquisitions-divestitures,net-change-in-short-term-investments,net-change-in-long-term-investments,net-change-in-investments-total,investing-activities-other,cash-flow-from-investing-activities,net-long-term-debt,net-current-debt,debt-issuance-retirement-net-total,net-common-equity-issued-repurchased,net-total-equity-issued-repurchased,total-common-preferred-stock-dividends-paid,financial-activities-other,cash-flow-from-financial-activities,net-cash-flow,stock-based-compensation,common-stock-dividends-paid
0,2018-09-30,6.49,$18.41,0.35,$105.14,0.06,$16.15,0.4,$-19.38,0.0,$1.28B,$2.62B,0.49,$16.40B,$1.94B,8.44,$8.70B,$8.70B,100.00%,$8.70B,$-1.13B,-13.01%,$8.70B,$-1.13B,-13.01%,$8.70B,$3.36B,38.55%,$8.70B,$-2.57B,-29.49%,$8.70B,$-1.61B,-18.54%,$-1.61B,$1.94B,-71.62%,$-1.61B,$-6.31B,24.80%,$-1.61B,$24.03B,-6.57%,$-1.13B,$18.35B,-6.03%,$2126,$0,$2126,$0,$1274,$2159,$-33,$-397,$-430,$-4,$-426,$-426,$-426,$847,$-33,$104,104,$-4.11,$-4.11,$238,$0,$205,$1282,$14268,$0,$8250,$233,$22751,$24033,$2617,$16402,$296,$19473,$22090,$27,$-2533,$-330,$1943,$24033,$-424,$1888,$-19,$1869,$43,$0,$0,$-40,$-236,$1209,$-936,$0,$0,$0,$0,$0,$4,$-932,$-204,$0,$-204,$0,$0,$-107,$-54,$-365,$-88,$14,$0
1,2018-06-30,5.36,$22.69,0.24,$113.57,0.05,$19.03,0.28,$-16.46,0.0,$1.43B,$3.06B,0.47,$16.21B,$2.40B,6.75,$8.83B,$8.83B,100.00%,$8.83B,$-0.78B,-8.80%,$8.83B,$-0.78B,-8.80%,$8.83B,$3.38B,38.26%,$8.83B,$-2.21B,-24.99%,$8.83B,$-1.28B,-14.50%,$-1.28B,$2.40B,-48.85%,$-1.28B,$-6.38B,18.52%,$-1.28B,$24.73B,-5.05%,$-0.78B,$18.61B,-4.00%,$2162,$0,$2162,$0,$1307,$1795,$367,$-405,$-38,$-20,$-18,$-18,$-72,$861,$367,$78,78,$-0.92,$-0.92,$384,$0,$203,$1428,$14282,$0,$8784,$236,$23302,$24730,$3056,$16209,$274,$19273,$22329,$27,$-2107,$-296,$2401,$24730,$2,$1008,$-28,$980,$37,$0,$0,$-24,$-59,$923,$-607,$0,$0,$0,$0,$0,$-10,$-617,$-148,$0,$-148,$0,$0,$-53,$-47,$-248,$58,$9,$0
2,2018-03-31,7.42,$29.86,0.25,$115.42,0.06,$19.34,0.38,$-24.71,0.0,$1.20B,$2.66B,0.45,$16.47B,$2.40B,6.87,$8.97B,$8.97B,100.00%,$8.97B,$-1.52B,-16.93%,$8.97B,$-1.52B,-16.93%,$8.97B,$3.37B,37.59%,$8.97B,$-3.04B,-33.89%,$8.97B,$-1.92B,-21.45%,$-1.92B,$2.40B,-66.08%,$-1.92B,$-6.53B,26.37%,$-1.92B,$24.68B,-7.39%,$-1.52B,$18.87B,-7.56%,$2199,$0,$2199,$0,$1324,$1833,$366,$-333,$33,$13,$20,$20,$-33,$880,$366,$77,77,$-0.44,$-0.44,$201,$0,$145,$1202,$14321,$0,$8927,$228,$23476,$24678,$2659,$16470,$280,$19623,$22282,$20,$-2089,$-367,$2396,$24678,$20,$514,$-26,$488,$9,$0,$0,$-5,$-257,$251,$-287,$0,$0,$0,$0,$0,$-2,$-289,$-53,$0,$-53,$0,$0,$-53,$-31,$-137,$-175,$4,$0
3,2017-12-31,6.76,$28.99,0.23,$117.38,0.06,$20.50,0.33,$-25.92,0.0,$1.32B,$2.51B,0.53,$16.97B,$2.27B,7.46,$9.13B,$9.13B,100.00%,$9.13B,$-1.57B,-17.18%,$9.13B,$-1.57B,-17.18%,$9.13B,$3.40B,37.22%,$9.13B,$-3.19B,-34.91%,$9.13B,$-2.02B,-22.13%,$-2.02B,$2.27B,-59.52%,$-2.02B,$-6.81B,26.36%,$-2.02B,$24.88B,-7.49%,$-1.57B,$19.24B,-7.52%,$2217,$0,$2217,$0,$1337,$4049,$-1832,$-300,$-2132,$-1103,$-1029,$-1029,$-1083,$767,$-1832,$78,78,$-13.93,$-13.92,$362,$0,$64,$1323,$14377,$0,$9087,$97,$23561,$24884,$2508,$16970,$317,$20102,$22610,$20,$-2263,$-366,$2274,$24884,$-1804,$4965,$-1192,$3773,$122,$0,$0,$74,$-119,$1850,$-1078,$0,$0,$0,$0,$0,$24,$-1054,$-439,$0,$-439,$0,$0,$-480,$-23,$-942,$-146,$14,$-266
4,2017-09-30,11.03,$43.46,0.25,$119.90,0.09,$14.22,0.78,$-13.81,0.0,$1.26B,$1.79B,0.7,$17.60B,$3.41B,5.16,$9.32B,$9.32B,100.00%,$9.32B,$0.52B,5.57%,$9.32B,$0.52B,5.57%,$9.32B,$3.46B,37.07%,$9.32B,$-1.17B,-12.59%,$9.32B,$-1.07B,-11.50%,$-1.07B,$3.41B,-27.10%,$-1.07B,$-7.92B,13.54%,$-1.07B,$27.08B,-3.83%,$0.52B,$21.01B,2.41%,$2251,$0,$2251,$0,$1375,$1929,$322,$-391,$-69,$-31,$-38,$-38,$-92,$870,$322,$78,78,$-1.19,$-1.19,$286,$0,$0,$1262,$14375,$0,$11325,$114,$25814,$27076,$1793,$17604,$369,$21873,$23666,$20,$-1234,$-349,$3410,$27076,$-775,$2366,$-121,$2245,$161,$0,$0,$3,$-285,$1185,$-756,$0,$0,$0,$0,$0,$6,$-750,$-272,$0,$-272,$0,$0,$-380,$-19,$-671,$-236,$10,$-219
5,2017-06-30,15.55,$45.42,0.34,$123.48,0.13,$7.45,2.09,$-14.42,0.0,$1.43B,$1.98B,0.72,$17.68B,$3.57B,4.96,$9.59B,$9.59B,100.00%,$9.59B,$0.46B,4.81%,$9.59B,$0.46B,4.81%,$9.59B,$3.44B,35.83%,$9.59B,$-1.23B,-12.82%,$9.59B,$-1.11B,-11.61%,$-1.11B,$3.57B,-25.96%,$-1.11B,$-7.92B,14.21%,$-1.11B,$27.51B,-3.91%,$0.46B,$21.25B,2.11%,$2304,$0,$2304,$0,$1416,$2679,$-375,$-497,$-872,$-210,$-662,$-662,$-716,$855,$-375,$78,78,$-9.20,$-9.21,$387,$0,$140,$1425,$14482,$0,$11488,$116,$26086,$27511,$1979,$17680,$374,$21966,$23945,$20,$-1196,$-329,$3566,$27511,$-737,$1818,$-100,$1718,$151,$0,$0,$-50,$-152,$829,$-489,$0,$0,$0,$0,$0,$5,$-484,$-181,$0,$-181,$0,$0,$-279,$-20,$-480,$-135,$6,$-172
6,2017-03-31,27.86,$55.05,0.51,$127.52,0.22,$3.04,9.16,$-6.30,0.0,$1.38B,$2.08B,0.67,$17.53B,$4.33B,4.05,$9.90B,$9.90B,100.00%,$9.90B,$1.15B,11.59%,$9.90B,$1.15B,11.59%,$9.90B,$3.48B,35.11%,$9.90B,$-0.43B,-4.38%,$9.90B,$-0.48B,-4.84%,$-0.48B,$4.33B,-10.27%,$-0.48B,$-8.01B,6.46%,$-0.48B,$28.45B,-1.65%,$1.15B,$21.85B,5.21%,$2356,$0,$2356,$0,$1446,$2039,$317,$-431,$-114,$-39,$-75,$-75,$-129,$905,$317,$78,78,$-1.67,$-1.67,$341,$0,$0,$1384,$14616,$0,$12331,$118,$27065,$28449,$2080,$17526,$437,$22043,$24123,$298,$-534,$-326,$4326,$28449,$-75,$588,$5,$593,$105,$0,$0,$-11,$-218,$300,$-246,$0,$0,$0,$0,$0,$3,$-243,$-48,$0,$-48,$0,$0,$-178,$-12,$-238,$-181,$3,$-124
7,2016-12-31,42.25,$57.81,0.73,$114.61,0.37,$-1.66,0.0,$-7.80,0.0,$1.66B,$2.44B,0.68,$17.56B,$4.52B,3.89,$8.90B,$8.90B,100.00%,$8.90B,$0.89B,9.98%,$8.90B,$0.89B,9.98%,$8.90B,$2.97B,33.33%,$8.90B,$-0.62B,-7.00%,$8.90B,$-0.59B,-6.63%,$-0.59B,$4.52B,-12.05%,$-0.59B,$-7.82B,9.57%,$-0.59B,$29.01B,-2.07%,$0.89B,$22.08B,4.08%,$2409,$0,$2409,$0,$1463,$2154,$255,$-373,$-118,$-38,$-80,$-80,$-135,$825,$255,$78,78,$-1.68,$-1.68,$522,$0,$108,$1656,$14902,$0,$12336,$119,$27357,$29013,$2444,$17560,$372,$22050,$24494,$20,$-460,$-387,$4519,$29013,$-373,$2077,$-82,$1995,$-19,$0,$0,$85,$54,$1676,$-1393,$0,$-9871,$0,$0,$0,$5,$-11259,$1479,$0,$1479,$0,$0,$-707,$-47,$725,$-8858,$24,$-493
8,2016-09-30,50.47,$60.80,0.83,$103.11,0.49,$1.25,40.43,$-8.10,0.0,$1.64B,$2.41B,0.68,$17.43B,$4.76B,3.67,$7.90B,$7.90B,100.00%,$7.90B,$0.82B,10.32%,$7.90B,$0.82B,10.32%,$7.90B,$2.64B,33.39%,$7.90B,$-0.68B,-8.62%,$7.90B,$-0.61B,-7.77%,$-0.61B,$4.76B,-11.87%,$-0.61B,$-7.62B,12.58%,$-0.61B,$29.05B,-2.19%,$0.82B,$22.19B,3.79%,$2524,$0,$2524,$0,$1549,$2260,$264,$-390,$-126,$-46,$-80,$-80,$-134,$852,$264,$78,78,$-1.73,$-1.73,$331,$0,$0,$1644,$14899,$0,$12379,$123,$27401,$29045,$2406,$17434,$326,$21882,$24288,$298,$-380,$-403,$4757,$29045,$-293,$1507,$-76,$1431,$-56,$0,$0,$-12,$-176,$962,$-1059,$0,$-9886,$0,$0,$0,$0,$-10945,$1504,$0,$1504,$0,$0,$-531,$-39,$934,$-9049,$21,$-370
9,2016-06-30,58.56,$64.70,0.91,$88.98,0.66,$6.82,8.58,$-7.35,0.0,$1.88B,$3.19B,0.59,$16.92B,$5.06B,3.34,$6.80B,$6.80B,100.00%,$6.80B,$0.76B,11.15%,$6.80B,$0.76B,11.15%,$6.80B,$2.37B,34.91%,$6.80B,$-0.59B,-8.72%,$6.80B,$-0.56B,-8.25%,$-0.56B,$5.06B,-10.30%,$-0.56B,$-6.23B,15.54%,$-0.56B,$29.46B,-2.03%,$0.76B,$21.99B,3.54%,$2608,$0,$2608,$0,$1595,$2297,$311,$-386,$-75,$-48,$-27,$-27,$-81,$893,$311,$78,78,$-1.05,$-1.05,$683,$0,$0,$1881,$16161,$0,$11296,$118,$27575,$29456,$3192,$16923,$308,$21202,$24394,$298,$-300,$-342,$5062,$29456,$-213,$919,$-119,$800,$-141,$0,$0,$15,$54,$641,$-645,$0,$-9886,$0,$0,$0,$6,$-10525,$1556,$0,$1556,$0,$0,$-353,$-16,$1187,$-8697,$15,$-246
10,2016-03-31,64.87,$67.17,0.97,$75.15,0.86,$10.20,6.36,$-6.75,0.0,$9.58B,$1.73B,5.52,$15.50B,$5.25B,2.95,$5.56B,$5.56B,100.00%,$5.56B,$0.64B,11.51%,$5.56B,$0.64B,11.51%,$5.56B,$2.09B,37.52%,$5.56B,$-0.58B,-10.50%,$5.56B,$-0.51B,-9.14%,$-0.51B,$5.25B,-8.92%,$-0.51B,$-2.98B,19.01%,$-0.51B,$26.45B,-1.99%,$0.64B,$20.75B,3.23%,$1355,$0,$1355,$0,$843,$1297,$58,$-362,$-304,$-118,$-186,$-186,$-240,$395,$58,$78,78,$-3.15,$-3.15,$8852,$0,$51,$9576,$8495,$0,$8233,$150,$16878,$26454,$1734,$15496,$241,$19466,$21200,$298,$-273,$-347,$5254,$26454,$-186,$337,$-95,$242,$26,$0,$0,$0,$-108,$-52,$-259,$0,$0,$0,$0,$0,$0,$-259,$-24,$0,$-24,$0,$0,$-177,$-16,$-217,$-528,$8,$-123
11,2015-12-31,53.11,$72.05,0.74,$78.36,0.68,$15.24,3.48,$-4.35,0.0,$10.13B,$1.89B,5.35,$15.51B,$5.61B,2.76,$5.58B,$5.58B,100.00%,$5.58B,$0.75B,13.36%,$5.58B,$0.75B,13.36%,$5.58B,$2.26B,40.46%,$5.58B,$-0.36B,-6.47%,$5.58B,$-0.32B,-5.72%,$-0.32B,$5.61B,-6.07%,$-0.32B,$-2.70B,9.95%,$-0.32B,$27.08B,-1.35%,$0.75B,$21.12B,4.17%,$1413,$0,$1413,$0,$824,$1231,$182,$-358,$-176,$-73,$-103,$-103,$-159,$498,$182,$72,72,$-2.16,$-2.16,$9380,$0,$80,$10131,$8493,$0,$8309,$151,$16953,$27084,$1893,$15508,$240,$19577,$21470,$298,$-87,$-353,$5614,$27084,$-196,$1511,$-130,$1381,$62,$0,$0,$-48,$130,$1315,$-841,$0,$-17,$0,$0,$0,$-20,$-878,$6305,$0,$6305,$799,$2665,$-576,$-133,$8261,$8698,$27,$-456
12,2015-09-30,52.81,$75.14,0.7,$78.80,0.67,$17.43,3.03,$-2.10,0.0,$10.20B,$1.43B,7.14,$16.02B,$5.86B,2.74,$5.49B,$5.49B,100.00%,$5.49B,$0.74B,13.40%,$5.49B,$0.74B,13.40%,$5.49B,$2.23B,40.67%,$5.49B,$-0.19B,-3.40%,$5.49B,$-0.15B,-2.66%,$-0.15B,$5.86B,-3.06%,$-0.15B,$-2.53B,3.85%,$-0.15B,$27.37B,-0.68%,$0.74B,$21.87B,4.64%,$1424,$0,$1424,$0,$834,$1217,$207,$-245,$-38,$-24,$-14,$-14,$-81,$588,$207,$77,77,$-1.05,$-1.05,$9451,$0,$104,$10195,$8439,$0,$8386,$345,$17170,$27365,$1428,$16016,$216,$20082,$21510,$298,$16,$-391,$5855,$27365,$-93,$1195,$-147,$1048,$59,$0,$0,$-7,$6,$961,$-626,$0,$-17,$0,$0,$0,$-8464,$-9107,$6329,$0,$6329,$799,$2665,$-400,$-119,$8475,$329,$19,$-333
13,2015-06-30,53.97,$77.61,0.7,$77.55,0.7,$19.82,2.72,$-0.45,0.0,$4.09B,$1.41B,2.9,$9.44B,$6.05B,1.56,$5.21B,$5.21B,100.00%,$5.21B,$0.73B,13.93%,$5.21B,$0.73B,13.93%,$5.21B,$2.13B,40.96%,$5.21B,$-0.10B,-1.86%,$5.21B,$-0.02B,-0.44%,$-0.02B,$6.05B,-0.54%,$-0.02B,$-2.49B,0.57%,$-0.02B,$21.29B,-0.12%,$0.73B,$15.49B,5.32%,$1368,$0,$1368,$0,$805,$1175,$193,$-259,$-66,$-38,$-28,$-28,$-28,$605,$193,$69,69,$-0.45,$-0.45,$3086,$0,$393,$4088,$8432,$0,$8534,$232,$17198,$21286,$1408,$9440,$208,$13830,$15238,$298,$30,$-396,$6048,$21286,$-79,$814,$117,$931,$77,$0,$0,$-214,$-236,$616,$-386,$0,$-16,$0,$0,$0,$-1855,$-2257,$-247,$0,$-247,$799,$2665,$-211,$-2,$2205,$564,$12,$-211
14,2015-03-31,75.25,$52.43,1.44,$75.04,1.0,$21.58,3.49,$0.60,125.49,$1.41B,$1.44B,0.98,$9.46B,$3.51B,2.7,$4.99B,$4.99B,100.00%,$4.99B,$0.76B,15.17%,$4.99B,$0.76B,15.17%,$4.99B,$2.03B,40.63%,$4.99B,$0.03B,0.52%,$4.99B,$0.04B,0.86%,$0.04B,$3.51B,1.15%,$0.04B,$-5.11B,-1.01%,$0.04B,$18.72B,0.24%,$0.76B,$12.97B,5.97%,$1371,$0,$1371,$0,$810,$1208,$163,$-244,$-81,$-30,$-51,$-51,$-51,$565,$163,$66,66,$-0.75,$-0.75,$509,$0,$311,$1408,$8478,$0,$8621,$214,$17313,$18721,$1440,$9464,$207,$13774,$15214,$257,$58,$-401,$3507,$18721,$-51,$402,$-35,$367,$87,$0,$0,$-16,$-67,$249,$-180,$0,$0,$0,$0,$0,$-9,$-189,$-126,$0,$-126,$0,$0,$-105,$-2,$-233,$-173,$7,$-105
15,2014-12-31,70.19,$54.71,1.28,$71.75,0.98,$23.07,3.04,$1.95,36.01,$1.42B,$1.51B,0.94,$9.39B,$3.66B,2.57,$4.77B,$4.77B,100.00%,$4.77B,$0.82B,17.18%,$4.77B,$0.82B,17.18%,$4.77B,$1.97B,41.26%,$4.77B,$0.16B,3.42%,$4.77B,$0.13B,2.79%,$0.13B,$3.66B,3.43%,$0.13B,$-5.05B,-3.45%,$0.13B,$18.81B,0.77%,$0.82B,$13.05B,6.63%,$1330,$0,$1330,$0,$762,$1157,$173,$-175,$-2,$-16,$14,$14,$14,$476,$173,$66,67,$0.15,$0.15,$682,$0,$58,$1415,$8566,$0,$8705,$124,$17395,$18810,$1512,$9393,$238,$13640,$15152,$257,$109,$-404,$3658,$18810,$133,$1149,$-88,$1061,$-61,$0,$0,$47,$76,$1270,$-688,$0,$-2018,$0,$39,$39,$-20,$-2687,$1651,$0,$1651,$0,$0,$-401,$-42,$1208,$-209,$23,$-401
16,2014-09-30,67.46,$58.24,1.16,$69.58,0.97,$27.32,2.47,$2.85,23.68,$2.93B,$1.34B,2.19,$9.19B,$3.89B,2.36,$4.62B,$4.62B,100.00%,$4.62B,$0.91B,19.58%,$4.62B,$0.91B,19.58%,$4.62B,$2.05B,44.26%,$4.62B,$0.26B,5.56%,$4.62B,$0.19B,4.04%,$0.19B,$3.89B,4.71%,$0.19B,$-3.44B,-5.39%,$0.19B,$17.64B,1.12%,$0.91B,$13.08B,7.49%,$1141,$0,$1141,$0,$641,$944,$197,$-145,$52,$10,$42,$42,$42,$488,$197,$66,67,$0.60,$0.60,$2328,$0,$67,$2927,$7152,$0,$7335,$225,$14712,$17640,$1338,$9186,$240,$12409,$13747,$257,$195,$-252,$3893,$17640,$119,$846,$-153,$693,$17,$0,$0,$60,$130,$942,$-495,$0,$0,$0,$25,$25,$-1518,$-1988,$1316,$0,$1316,$0,$0,$-301,$-41,$974,$-72,$18,$-301
17,2014-06-30,59.58,$58.99,1.01,$70.32,0.85,$29.52,2.02,$2.85,20.91,$1.41B,$1.28B,1.1,$7.65B,$3.94B,1.94,$4.67B,$4.67B,100.00%,$4.67B,$0.91B,19.58%,$4.67B,$0.91B,19.58%,$4.67B,$2.05B,43.93%,$4.67B,$0.25B,5.34%,$4.67B,$0.18B,3.86%,$0.18B,$3.94B,4.53%,$0.18B,$-3.46B,-5.09%,$0.18B,$16.18B,1.09%,$0.91B,$11.59B,7.77%,$1147,$0,$1147,$0,$630,$923,$224,$-167,$57,$19,$38,$38,$38,$498,$224,$66,66,$0.60,$0.60,$805,$0,$78,$1411,$7163,$0,$7401,$205,$14768,$16179,$1282,$7651,$250,$10954,$12236,$257,$153,$-255,$3943,$16179,$77,$555,$-34,$521,$15,$0,$0,$63,$43,$641,$-303,$0,$0,$0,$0,$0,$10,$-293,$-219,$0,$-219,$0,$0,$-200,$-8,$-427,$-79,$12,$-200
18,2014-03-31,57.2,$59.80,0.96,$71.04,0.81,$29.78,1.92,$1.65,34.68,$1.60B,$1.33B,1.2,$7.76B,$4.00B,1.94,$4.71B,$4.71B,100.00%,$4.71B,$0.96B,20.29%,$4.71B,$0.96B,20.29%,$4.71B,$2.12B,44.92%,$4.71B,$0.14B,2.87%,$4.71B,$0.10B,2.21%,$0.10B,$4.00B,2.62%,$0.10B,$-3.48B,-2.87%,$0.10B,$16.47B,0.63%,$0.96B,$11.76B,8.08%,$1154,$0,$1154,$0,$636,$928,$226,$-170,$56,$17,$39,$39,$39,$507,$226,$66,66,$0.60,$0.60,$966,$0,$108,$1599,$7190,$0,$7477,$202,$14869,$16469,$1332,$7763,$266,$11139,$12471,$257,$115,$-257,$3998,$16469,$39,$281,$-3,$278,$16,$0,$0,$51,$-4,$313,$-145,$0,$0,$0,$0,$0,$11,$-134,$-3,$0,$-3,$0,$0,$-100,$-2,$-105,$74,$6,$-100
19,2013-12-31,45.67,$60.83,0.75,$71.86,0.64,$29.82,1.53,$1.80,25.39,$1.62B,$1.30B,1.24,$7.87B,$4.06B,1.94,$4.76B,$4.76B,100.00%,$4.76B,$0.98B,20.60%,$4.76B,$0.98B,20.60%,$4.76B,$2.16B,45.42%,$4.76B,$0.16B,3.42%,$4.76B,$0.11B,2.37%,$0.11B,$4.06B,2.83%,$0.11B,$-3.50B,-3.07%,$0.11B,$16.64B,0.68%,$0.98B,$11.93B,8.18%,$1181,$0,$1181,$0,$1195,$923,$258,$-166,$92,$25,$67,$67,$68,$553,$258,$66,66,$0.90,$0.90,$880,$0,$0,$1619,$7256,$0,$7553,$208,$15017,$16635,$1302,$7874,$262,$11278,$12580,$257,$76,$-261,$4055,$16635,$115,$1182,$235,$1417,$50,$0,$0,$-80,$-36,$1496,$-635,$0,$0,$0,$18,$18,$74,$-543,$-972,$0,$-972,$0,$0,$-400,$-28,$-1400,$-447,$17,$-400
20,2013-09-30,40.15,$58.59,0.69,$72.69,0.55,$28.17,1.43,$1.05,38.26,$1.32B,$1.13B,1.18,$7.89B,$3.91B,2.02,$4.81B,$4.81B,100.00%,$4.81B,$0.96B,19.92%,$4.81B,$0.96B,19.92%,$4.81B,$2.15B,44.66%,$4.81B,$0.11B,2.29%,$4.81B,$0.07B,1.45%,$0.07B,$3.91B,1.75%,$0.07B,$-3.72B,-1.87%,$0.07B,$16.49B,0.41%,$0.96B,$11.79B,7.90%,$1185,$0,$1185,$0,$104,$979,$206,$-162,$44,$8,$35,$35,$35,$492,$206,$66,66,$0.60,$0.60,$670,$0,$117,$1324,$7290,$0,$7630,$251,$15170,$16493,$1125,$7887,$255,$11462,$12587,$257,$108,$-439,$3906,$16493,$48,$887,$185,$1072,$57,$0,$0,$-10,$-44,$1075,$-484,$0,$0,$0,$0,$0,$28,$-456,$-958,$0,$-958,$0,$0,$-300,$-27,$-1285,$-666,$13,$-300
21,2013-06-30,38.03,$58.96,0.64,$73.75,0.52,$27.58,1.38,$1.50,25.37,$1.28B,$1.15B,1.11,$7.90B,$3.94B,2.01,$4.88B,$4.88B,100.00%,$4.88B,$1.03B,21.06%,$4.88B,$1.03B,21.06%,$4.88B,$2.23B,45.73%,$4.88B,$0.17B,3.54%,$4.88B,$0.10B,2.09%,$0.10B,$3.94B,2.48%,$0.10B,$-3.77B,-2.73%,$0.10B,$16.60B,0.59%,$1.03B,$11.84B,8.33%,$1191,$0,$1191,$0,$107,$924,$266,$-323,$-57,$-19,$-38,$-38,$-38,$564,$266,$66,66,$-0.60,$-0.60,$558,$0,$163,$1277,$7362,$0,$7707,$255,$15323,$16600,$1148,$7901,$253,$11517,$12665,$257,$73,$-470,$3935,$16600,$12,$602,$149,$751,$43,$0,$0,$-50,$-82,$681,$-327,$0,$0,$0,$0,$0,$38,$-288,$-944,$0,$-944,$0,$0,$-200,$-27,$-1170,$-778,$9,$-200
22,2013-03-31,36.56,$61.14,0.6,$74.82,0.49,$27.58,1.33,$2.40,15.24,$1.55B,$0.92B,1.69,$8.37B,$4.07B,2.06,$4.95B,$4.95B,100.00%,$4.95B,$1.03B,20.81%,$4.95B,$1.03B,20.81%,$4.95B,$2.24B,45.32%,$4.95B,$0.26B,5.33%,$4.95B,$0.16B,3.19%,$0.16B,$4.07B,3.76%,$0.16B,$-3.72B,-4.25%,$0.16B,$17.01B,0.91%,$1.03B,$12.44B,8.32%,$1205,$0,$1205,$0,$109,$955,$251,$-167,$84,$33,$51,$51,$48,$554,$251,$66,66,$0.75,$0.75,$898,$0,$104,$1548,$7418,$0,$7794,$250,$15461,$17010,$916,$8369,$265,$12023,$12939,$257,$111,$-477,$4070,$17010,$51,$304,$0,$304,$49,$0,$0,$40,$4,$359,$-189,$0,$0,$0,$0,$0,$5,$-184,$-517,$0,$-517,$0,$0,$-100,$-7,$-624,$-451,$4,$-100
23,2012-12-31,38.27,$61.86,0.62,$75.82,0.5,$27.41,1.4,$2.10,18.23,$2.09B,$1.55B,1.34,$8.38B,$4.12B,2.04,$5.01B,$5.01B,100.00%,$5.01B,$0.99B,19.69%,$5.01B,$0.99B,19.69%,$5.01B,$2.26B,44.99%,$5.01B,$0.23B,4.57%,$5.01B,$0.14B,2.73%,$0.14B,$4.12B,3.19%,$0.14B,$-3.76B,-3.68%,$0.14B,$17.73B,0.78%,$0.99B,$12.50B,8.04%,$1233,$0,$1233,$0,$1242,$997,$236,$-197,$39,$9,$29,$29,$25,$540,$236,$66,66,$0.30,$0.15,$1342,$0,$0,$2087,$7505,$0,$7880,$261,$15646,$17734,$1554,$8382,$267,$12061,$13614,$257,$63,$-484,$4119,$17734,$153,$1267,$226,$1493,$44,$0,$0,$11,$-94,$1552,$-803,$0,$0,$0,$0,$0,$168,$-635,$531,$0,$531,$0,$0,$-399,$-49,$83,$1000,$17,$-399
24,2012-09-30,43.04,$64.62,0.67,$76.59,0.56,$27.38,1.57,$2.40,17.94,$2.13B,$1.52B,1.4,$8.26B,$4.30B,1.92,$5.06B,$5.06B,100.00%,$5.06B,$0.98B,19.38%,$5.06B,$0.98B,19.38%,$5.06B,$2.29B,45.16%,$5.06B,$0.26B,5.08%,$5.06B,$0.16B,3.08%,$0.16B,$4.30B,3.56%,$0.16B,$-3.67B,-4.17%,$0.16B,$17.84B,0.90%,$0.98B,$12.56B,7.96%,$1252,$0,$1252,$0,$102,$977,$275,$-168,$107,$36,$72,$72,$67,$574,$275,$66,66,$1.05,$1.05,$1154,$0,$348,$2129,$7483,$0,$7969,$258,$15709,$17838,$1521,$8258,$225,$12014,$13535,$257,$39,$-375,$4303,$17838,$124,$963,$175,$1138,$20,$0,$0,$9,$-102,$1160,$-610,$0,$0,$0,$0,$0,$82,$-528,$476,$0,$476,$0,$0,$-300,$-36,$141,$773,$13,$-300
25,2012-06-30,32.82,$65.04,0.5,$77.17,0.43,$27.73,1.18,$1.65,19.9,$1.30B,$1.54B,0.84,$7.67B,$4.33B,1.77,$5.10B,$5.10B,100.00%,$5.10B,$0.89B,17.37%,$5.10B,$0.89B,17.37%,$5.10B,$2.24B,43.99%,$5.10B,$0.17B,3.23%,$5.10B,$0.11B,2.14%,$0.11B,$4.33B,2.43%,$0.11B,$-3.73B,-2.90%,$0.11B,$17.15B,0.63%,$0.89B,$12.00B,7.14%,$1259,$0,$1259,$0,$115,$991,$268,$-234,$34,$12,$22,$22,$18,$575,$268,$66,66,$0.30,$0.30,$410,$0,$279,$1299,$7482,$0,$8057,$308,$15847,$17146,$1540,$7671,$203,$11274,$12814,$257,$72,$-377,$4332,$17146,$52,$664,$142,$806,$32,$0,$0,$3,$-101,$758,$-404,$0,$0,$0,$0,$0,$27,$-377,$-89,$0,$-89,$0,$0,$-200,$-8,$-297,$84,$8,$-200
26,2012-03-31,34.69,$66.07,0.53,$78.15,0.44,$28.90,1.2,$1.80,19.28,$1.22B,$1.58B,0.77,$7.61B,$4.40B,1.73,$5.16B,$5.16B,100.00%,$5.16B,$0.86B,16.58%,$5.16B,$0.86B,16.58%,$5.16B,$2.27B,43.88%,$5.16B,$0.20B,3.91%,$5.16B,$0.12B,2.36%,$0.12B,$4.40B,2.63%,$0.12B,$-3.76B,-3.25%,$0.12B,$17.22B,0.70%,$0.86B,$12.01B,6.77%,$1268,$0,$1268,$0,$116,$1060,$208,$-159,$49,$19,$30,$30,$27,$566,$208,$66,66,$0.45,$0.45,$366,$0,$264,$1217,$7501,$0,$8156,$344,$16001,$17218,$1576,$7614,$220,$11242,$12818,$257,$154,$-383,$4400,$17218,$30,$357,$33,$391,$60,$0,$0,$3,$-39,$383,$-224,$0,$0,$0,$0,$0,$-0,$-225,$-15,$0,$-15,$0,$0,$-100,$-4,$-118,$40,$4,$-100
27,2011-12-31,41.89,$67.33,0.62,$79.31,0.53,$31.12,1.35,$2.10,19.95,$1.24B,$1.15B,1.08,$8.22B,$4.47B,1.84,$5.24B,$5.24B,100.00%,$5.24B,$0.90B,17.15%,$5.24B,$0.90B,17.15%,$5.24B,$2.30B,43.91%,$5.24B,$0.25B,4.69%,$5.24B,$0.15B,2.84%,$0.15B,$4.47B,3.09%,$0.15B,$-3.83B,-4.02%,$0.15B,$17.45B,0.85%,$0.90B,$12.69B,6.97%,$1283,$0,$1283,$0,$121,$1053,$230,$-164,$67,$22,$45,$45,$44,$571,$230,$66,66,$0.75,$0.75,$326,$0,$264,$1239,$7548,$0,$8302,$360,$16209,$17448,$1152,$8224,$226,$11827,$12979,$257,$227,$-387,$4469,$17448,$158,$1403,$97,$1501,$-73,$0,$0,$72,$-86,$1573,$-825,$0,$0,$0,$0,$0,$62,$-763,$23,$0,$23,$0,$0,$0,$-758,$-735,$75,$14,$0
28,2011-09-30,48.02,$71.96,0.67,$91.20,0.53,$34.65,1.39,$2.25,21.35,$0.97B,$1.17B,0.83,$8.15B,$4.78B,1.71,$5.32B,$5.32B,100.00%,$5.32B,$0.91B,17.09%,$5.32B,$0.91B,17.09%,$5.32B,$2.32B,43.67%,$5.32B,$0.25B,4.74%,$5.32B,$0.15B,2.82%,$0.15B,$4.78B,3.00%,$0.15B,$-3.74B,-4.12%,$0.15B,$17.49B,0.85%,$0.91B,$12.93B,6.98%,$1291,$0,$1291,$0,$120,$1111,$180,$-165,$15,$-7,$22,$22,$20,$532,$180,$66,66,$0.30,$0.30,$206,$0,$152,$970,$7631,$0,$8512,$382,$16524,$17494,$1168,$8151,$240,$11549,$12717,$257,$184,$-221,$4777,$17494,$112,$1062,$50,$1112,$16,$0,$0,$68,$48,$1273,$-699,$0,$0,$0,$0,$0,$22,$-677,$-79,$0,$-79,$0,$0,$-560,$-2,$-641,$-45,$11,$-560
29,2011-06-30,61.76,$74.33,0.83,$92.93,0.66,$34.40,1.8,$2.40,25.75,$1.05B,$1.31B,0.8,$7.99B,$4.93B,1.62,$5.43B,$5.43B,100.00%,$5.43B,$0.96B,17.73%,$5.43B,$0.96B,17.73%,$5.43B,$2.37B,43.55%,$5.43B,$0.31B,5.65%,$5.43B,$0.16B,2.91%,$0.16B,$4.93B,3.07%,$0.16B,$-3.70B,-4.39%,$0.16B,$17.66B,0.89%,$0.96B,$12.92B,7.31%,$1322,$0,$1322,$0,$127,$1084,$238,$-167,$71,$37,$34,$34,$31,$597,$238,$66,66,$0.45,$0.45,$233,$0,$206,$1046,$7591,$0,$8637,$389,$16616,$17663,$1309,$7989,$196,$11420,$12728,$257,$164,$-225,$4934,$17663,$90,$710,$69,$779,$30,$0,$0,$15,$-5,$864,$-433,$0,$0,$0,$0,$0,$5,$-428,$-78,$0,$-78,$0,$0,$-373,$-4,$-455,$-19,$8,$-373
30,2011-03-31,61.48,$76.54,0.8,$97.78,0.63,$35.67,1.72,$3.60,17.09,$1.18B,$1.41B,0.84,$7.99B,$5.08B,1.57,$4.63B,$4.63B,100.00%,$4.63B,$0.86B,18.62%,$4.63B,$0.86B,18.62%,$4.63B,$2.00B,43.33%,$4.63B,$0.29B,6.23%,$4.63B,$0.16B,3.48%,$0.16B,$5.08B,4.05%,$0.16B,$-3.55B,-4.85%,$0.16B,$17.78B,1.07%,$0.86B,$13.07B,7.68%,$1347,$0,$1347,$0,$151,$1096,$251,$-158,$93,$37,$56,$56,$54,$602,$251,$66,66,$0.75,$0.75,$359,$0,$205,$1177,$7573,$0,$8632,$397,$16602,$17779,$1410,$7986,$209,$11287,$12698,$257,$132,$-228,$5081,$17779,$56,$351,$40,$391,$31,$0,$0,$7,$67,$514,$-209,$0,$0,$0,$0,$0,$-3,$-212,$-1,$0,$-1,$0,$0,$-187,$-6,$-194,$108,$4,$-187
31,2010-12-31,71.09,$78.59,0.9,$102.52,0.69,$33.64,2.11,$4.95,14.37,$1.13B,$1.44B,0.78,$7.98B,$5.21B,1.53,$3.80B,$3.80B,100.00%,$3.80B,$0.77B,20.33%,$3.80B,$0.77B,20.33%,$3.80B,$1.67B,43.84%,$3.80B,$0.27B,7.14%,$3.80B,$0.15B,3.92%,$0.15B,$5.21B,5.36%,$0.15B,$-3.57B,-4.85%,$0.15B,$17.89B,1.20%,$0.77B,$13.19B,8.37%,$1359,$0,$1359,$0,$141,$1119,$240,$-167,$73,$26,$47,$47,$45,$592,$240,$43,43,$-0.75,$-0.75,$251,$0,$208,$1128,$7591,$0,$8783,$388,$16762,$17890,$1439,$7984,$220,$11241,$12680,$257,$77,$-230,$5210,$17890,$156,$894,$150,$1044,$-33,$0,$0,$-51,$23,$1222,$-578,$0,$-83,$0,$0,$0,$-114,$-774,$-7,$0,$-7,$0,$0,$-529,$-19,$-556,$-107,$14,$-529
32,2010-09-30,58.49,$80.46,0.73,$96.42,0.61,$42.34,1.38,$4.35,13.45,$1.14B,$1.33B,0.86,$8.18B,$5.33B,1.53,$2.96B,$2.96B,100.00%,$2.96B,$0.69B,23.31%,$2.96B,$0.69B,23.31%,$2.96B,$1.33B,45.03%,$2.96B,$0.21B,7.03%,$2.96B,$0.11B,3.65%,$0.11B,$5.33B,6.91%,$0.11B,$-3.57B,-3.83%,$0.11B,$18.00B,1.12%,$0.69B,$13.52B,9.58%,$1403,$0,$1403,$0,$136,$1169,$234,$-164,$70,$40,$30,$30,$28,$574,$234,$66,66,$0.45,$0.45,$351,$0,$57,$1136,$7576,$0,$8901,$382,$16859,$17995,$1328,$8182,$1108,$11333,$12661,$257,$31,$-241,$5334,$17995,$109,$541,$50,$591,$-13,$0,$0,$33,$186,$886,$-330,$0,$-83,$0,$0,$0,$-117,$-530,$-6,$0,$-6,$0,$0,$-343,$-15,$-364,$-8,$10,$-343
33,2010-06-30,49.68,$12.99,3.82,$100.64,0.49,$49.69,1.0,$6.45,7.71,$0.64B,$0.36B,1.76,$4.80B,$0.27B,17.67,$2.08B,$2.08B,100.00%,$2.08B,$0.63B,30.13%,$2.08B,$0.63B,30.13%,$2.08B,$1.04B,49.66%,$2.08B,$0.22B,10.56%,$2.08B,$0.13B,6.33%,$0.13B,$0.27B,39.17%,$0.13B,$-2.59B,-5.18%,$0.13B,$6.80B,1.92%,$0.63B,$5.07B,12.17%,$516,$0,$516,$0,$53,$380,$136,$-84,$52,$16,$36,$36,$34,$236,$136,$21,21,$1.65,$1.65,$231,$0,$186,$640,$3116,$0,$2862,$177,$6156,$6796,$364,$4799,$625,$6161,$6524,$87,$2,$-238,$272,$6796,$79,$201,$20,$221,$-7,$0,$0,$48,$17,$318,$-156,$0,$0,$0,$0,$0,$-126,$-281,$-2,$0,$-2,$0,$0,$-157,$-5,$-164,$-128,$5,$-157
34,2010-03-31,50.38,$14.72,3.42,$101.49,0.5,$52.52,0.96,$6.15,8.2,$0.63B,$0.33B,1.92,$4.80B,$0.31B,15.59,$2.10B,$2.10B,100.00%,$2.10B,$0.63B,29.95%,$2.10B,$0.63B,29.95%,$2.10B,$1.07B,50.86%,$2.10B,$0.21B,10.05%,$2.10B,$0.13B,5.95%,$0.13B,$0.31B,32.81%,$0.13B,$-2.57B,-4.97%,$0.13B,$6.79B,1.81%,$0.63B,$5.10B,12.01%,$520,$0,$520,$0,$54,$358,$162,$-86,$76,$32,$43,$43,$42,$263,$162,$21,21,$2.10,$2.10,$331,$0,$80,$627,$3116,$0,$2876,$175,$6167,$6794,$326,$4796,$633,$6160,$6486,$87,$45,$-242,$308,$6794,$43,$101,$16,$117,$1,$0,$0,$24,$-37,$123,$-70,$0,$0,$0,$0,$0,$0,$-69,$-1,$0,$-1,$0,$0,$-78,$-2,$-81,$-28,$3,$-78
35,2009-12-31,51.14,$16.28,3.14,$102.38,0.5,$54.40,0.94,$5.85,8.75,$0.68B,$0.39B,1.73,$4.79B,$0.34B,14.14,$2.12B,$2.12B,100.00%,$2.12B,$0.61B,28.66%,$2.12B,$0.61B,28.66%,$2.12B,$1.08B,51.09%,$2.12B,$0.19B,9.16%,$2.12B,$0.12B,5.62%,$0.12B,$0.34B,27.85%,$0.12B,$-2.55B,-4.78%,$0.12B,$6.88B,1.72%,$0.61B,$5.13B,11.53%,$521,$0,$521,$0,$51,$363,$158,$-148,$10,$5,$5,$5,$4,$260,$158,$21,21,$0.00,$0.00,$359,$0,$103,$680,$3134,$0,$2890,$175,$6198,$6878,$393,$4794,$176,$6147,$6539,$87,$3,$-246,$339,$6878,$123,$476,$153,$629,$22,$0,$0,$-45,$-10,$743,$-256,$0,$0,$0,$0,$0,$1,$-255,$23,$0,$23,$1,$1,$-312,$-4,$-292,$195,$9,$-312
36,2009-09-30,47.94,$20.58,2.33,$102.99,0.47,$52.12,0.92,$7.35,6.53,$0.79B,$0.36B,2.2,$4.90B,$0.43B,11.42,$2.14B,$2.14B,100.00%,$2.14B,$0.60B,28.03%,$2.14B,$0.60B,28.03%,$2.14B,$1.11B,51.91%,$2.14B,$0.25B,11.61%,$2.14B,$0.15B,6.95%,$0.15B,$0.43B,31.37%,$0.15B,$-2.48B,-6.03%,$0.15B,$7.00B,2.15%,$0.60B,$5.33B,11.35%,$527,$0,$527,$0,$55,$354,$172,$-91,$82,$29,$53,$53,$52,$276,$172,$21,21,$2.55,$2.55,$436,$0,$0,$789,$3131,$0,$2904,$175,$6210,$6998,$359,$4898,$578,$6211,$6570,$87,$76,$-226,$429,$6998,$118,$373,$36,$410,$17,$0,$0,$-1,$-37,$491,$-165,$0,$0,$0,$0,$0,$1,$-164,$183,$0,$183,$1,$1,$-234,$-4,$-55,$273,$7,$-234
37,2009-06-30,43.83,$21.51,2.04,$104.18,0.42,$50.35,0.87,$7.05,6.22,$0.76B,$0.36B,2.12,$4.95B,$0.45B,11.03,$2.18B,$2.18B,100.00%,$2.18B,$0.59B,27.26%,$2.18B,$0.59B,27.26%,$2.18B,$1.14B,52.37%,$2.18B,$0.24B,11.17%,$2.18B,$0.14B,6.62%,$0.14B,$0.45B,26.29%,$0.14B,$-2.47B,-5.92%,$0.14B,$7.02B,2.09%,$0.59B,$5.39B,11.12%,$532,$0,$532,$0,$59,$396,$137,$-94,$43,$14,$28,$28,$27,$269,$137,$21,21,$1.35,$1.35,$454,$0,$0,$759,$3166,$0,$2918,$175,$6259,$7018,$359,$4945,$581,$6211,$6570,$87,$24,$-229,$448,$7018,$65,$270,$24,$294,$10,$0,$0,$-18,$-29,$330,$-110,$0,$0,$0,$0,$0,$1,$-110,$229,$0,$229,$1,$1,$-156,$-3,$70,$290,$5,$-156
38,2009-03-31,42.59,$23.67,1.8,$104.70,0.41,$49.75,0.86,$8.25,5.17,$0.47B,$0.33B,1.43,$4.72B,$0.49B,9.57,$2.21B,$2.21B,100.00%,$2.21B,$0.62B,28.01%,$2.21B,$0.62B,28.01%,$2.21B,$1.18B,53.31%,$2.21B,$0.28B,12.60%,$2.21B,$0.17B,7.80%,$0.17B,$0.49B,26.74%,$0.17B,$-2.47B,-7.22%,$0.17B,$6.80B,2.49%,$0.62B,$5.21B,11.49%,$538,$0,$538,$0,$61,$398,$140,$-81,$59,$22,$37,$37,$36,$277,$140,$21,21,$1.80,$1.80,$177,$0,$0,$465,$3202,$3,$2958,$172,$6335,$6800,$326,$4721,$584,$5981,$6307,$87,$74,$-233,$493,$6800,$37,$138,$11,$148,$9,$0,$0,$0,$-38,$147,$-55,$0,$0,$0,$0,$0,$0,$-54,$-1,$0,$-1,$1,$1,$-78,$-0,$-79,$14,$2,$-78
39,2008-12-31,49.75,$25.51,1.95,$104.82,0.47,$49.57,1.0,$8.55,5.82,$0.47B,$0.38B,1.22,$4.72B,$0.53B,8.92,$2.24B,$2.24B,100.00%,$2.24B,$0.64B,28.70%,$2.24B,$0.64B,28.70%,$2.24B,$1.20B,53.82%,$2.24B,$0.29B,13.05%,$2.24B,$0.18B,8.09%,$0.18B,$0.53B,23.97%,$0.18B,$-2.47B,-7.82%,$0.18B,$6.89B,2.59%,$0.64B,$5.25B,11.68%,$547,$0,$547,$0,$55,$395,$152,$-87,$65,$30,$35,$35,$34,$291,$152,$21,21,$1.65,$1.65,$164,$0,$0,$468,$3240,$0,$3002,$179,$6421,$6889,$383,$4722,$584,$5976,$6359,$87,$38,$-237,$530,$6889,$184,$562,$40,$601,$10,$0,$0,$-4,$-46,$739,$-288,$0,$0,$0,$0,$0,$5,$-283,$-14,$0,$-14,$-199,$-199,$-318,$11,$-519,$-63,$8,$-318
40,2008-09-30,63.52,$34.64,1.83,$105.07,0.6,$51.15,1.24,$9.60,6.62,$0.37B,$0.36B,1.04,$4.75B,$0.72B,6.59,$2.27B,$2.27B,100.00%,$2.27B,$0.67B,29.33%,$2.27B,$0.67B,29.33%,$2.27B,$1.23B,54.39%,$2.27B,$0.32B,14.03%,$2.27B,$0.21B,9.04%,$0.21B,$0.72B,23.51%,$0.21B,$-2.33B,-9.14%,$0.21B,$6.88B,2.90%,$0.67B,$5.47B,11.84%,$558,$0,$558,$0,$52,$394,$164,$-89,$76,$28,$47,$47,$47,$302,$164,$21,21,$2.25,$2.25,$91,$0,$56,$370,$3251,$23,$3047,$190,$6511,$6881,$357,$4745,$347,$5804,$6161,$87,$4,$-76,$720,$6881,$149,$423,$-4,$419,$9,$0,$0,$-7,$-71,$497,$-204,$0,$0,$0,$0,$0,$-2,$-206,$-3,$0,$-3,$-195,$-195,$-241,$12,$-426,$-135,$9,$-241
41,2008-06-30,61.37,$39.09,1.57,$104.17,0.59,$52.84,1.16,$9.45,6.5,$0.45B,$0.37B,1.21,$4.75B,$0.83B,5.72,$2.29B,$2.29B,100.00%,$2.29B,$0.67B,29.19%,$2.29B,$0.67B,29.19%,$2.29B,$1.24B,54.05%,$2.29B,$0.32B,14.00%,$2.29B,$0.21B,8.97%,$0.21B,$0.83B,21.48%,$0.21B,$-2.26B,-9.23%,$0.21B,$7.01B,2.85%,$0.67B,$5.58B,11.72%,$563,$0,$563,$0,$54,$401,$162,$-84,$78,$22,$56,$56,$55,$306,$162,$21,21,$2.55,$2.55,$179,$0,$45,$449,$3265,$22,$3089,$188,$6565,$7013,$373,$4747,$351,$5810,$6183,$87,$35,$-77,$830,$7013,$102,$285,$-6,$280,$8,$0,$0,$7,$-43,$339,$-124,$0,$0,$0,$0,$0,$-1,$-125,$-2,$0,$-2,$-112,$-112,$-162,$14,$-261,$-48,$6,$-162
42,2008-03-31,55.56,$43.16,1.29,$103.33,0.54,$54.11,1.03,$8.70,6.39,$0.50B,$0.37B,1.34,$4.75B,$0.94B,5.05,$2.30B,$2.30B,100.00%,$2.30B,$0.68B,29.38%,$2.30B,$0.68B,29.38%,$2.30B,$1.24B,53.93%,$2.30B,$0.31B,13.39%,$2.30B,$0.19B,8.30%,$0.19B,$0.94B,18.12%,$0.19B,$-2.20B,-8.75%,$0.19B,$7.13B,2.61%,$0.68B,$5.69B,11.69%,$569,$0,$569,$0,$61,$405,$164,$-92,$73,$27,$46,$46,$45,$305,$164,$22,22,$2.10,$2.10,$228,$0,$53,$495,$3288,$21,$3138,$187,$6634,$7129,$369,$4747,$361,$5820,$6189,$87,$60,$-78,$940,$7129,$46,$141,$7,$148,$19,$0,$0,$-2,$-52,$142,$-48,$0,$0,$0,$0,$0,$1,$-47,$-1,$0,$-1,$-24,$-24,$-82,$14,$-93,$1,$3,$-82
43,2007-12-31,65.9,$45.65,1.44,$102.63,0.64,$55.77,1.18,$9.75,6.76,$0.52B,$0.45B,1.18,$4.74B,$1.00B,4.75,$2.29B,$2.29B,100.00%,$2.29B,$0.71B,30.81%,$2.29B,$0.71B,30.81%,$2.29B,$1.25B,54.68%,$2.29B,$0.34B,15.03%,$2.29B,$0.21B,9.35%,$0.21B,$1.00B,18.64%,$0.21B,$-2.18B,-9.95%,$0.21B,$7.26B,2.82%,$0.71B,$5.74B,12.00%,$577,$0,$577,$0,$67,$402,$175,$-84,$91,$30,$61,$61,$58,$320,$175,$22,22,$2.55,$2.55,$226,$0,$33,$524,$3335,$21,$3182,$193,$6732,$7256,$446,$4737,$364,$5812,$6258,$87,$14,$-78,$998,$7256,$217,$546,$78,$624,$-5,$0,$0,$7,$-19,$822,$-316,$0,$-726,$0,$0,$0,$7,$-1035,$-16,$0,$-16,$-236,$-236,$-336,$-13,$-602,$-815,$9,$-336
44,2007-09-30,72.7,$47.67,1.53,$99.90,0.73,$58.84,1.24,$10.05,7.24,$0.53B,$0.41B,1.31,$4.73B,$1.05B,4.5,$2.22B,$2.22B,100.00%,$2.22B,$0.69B,31.02%,$2.22B,$0.69B,31.02%,$2.22B,$1.21B,54.45%,$2.22B,$0.34B,15.40%,$2.22B,$0.22B,9.93%,$0.22B,$1.05B,18.91%,$0.22B,$-2.24B,-11.41%,$0.22B,$7.34B,2.94%,$0.69B,$5.77B,11.79%,$576,$0,$576,$0,$57,$410,$166,$-88,$78,$31,$47,$47,$47,$304,$166,$22,22,$2.10,$2.10,$247,$0,$55,$534,$3305,$22,$3289,$187,$6804,$7337,$407,$4725,$384,$5882,$6288,$87,$36,$-79,$1049,$7337,$156,$401,$87,$488,$-6,$0,$0,$-3,$-90,$553,$-203,$0,$-661,$0,$0,$0,$4,$-859,$-12,$0,$-12,$-206,$-206,$-254,$-16,$-488,$-794,$8,$-254
45,2007-06-30,76.17,$54.19,1.41,$97.79,0.78,$62.54,1.22,$13.94,5.46,$0.70B,$0.44B,1.59,$4.70B,$1.23B,3.82,$2.15B,$2.15B,100.00%,$2.15B,$0.68B,31.78%,$2.15B,$0.68B,31.78%,$2.15B,$1.18B,54.99%,$2.15B,$0.35B,16.12%,$2.15B,$0.30B,14.03%,$0.30B,$1.23B,26.25%,$0.30B,$-2.11B,-17.52%,$0.30B,$7.53B,4.18%,$0.68B,$5.93B,12.15%,$579,$0,$579,$0,$54,$408,$171,$-105,$66,$26,$41,$41,$41,$312,$171,$23,23,$1.80,$1.80,$418,$0,$53,$695,$3301,$21,$3336,$174,$6832,$7528,$437,$4699,$402,$5861,$6298,$87,$72,$-79,$1230,$7528,$108,$263,$59,$322,$4,$0,$0,$7,$-60,$370,$-112,$0,$-658,$0,$0,$0,$4,$-766,$19,$0,$19,$-59,$-59,$-171,$-16,$-227,$-623,$5,$-171
46,2007-03-31,73.39,$57.52,1.28,$95.85,0.77,$64.29,1.14,$16.94,4.33,$1.32B,$0.99B,1.33,$4.76B,$1.32B,3.61,$2.07B,$2.07B,100.00%,$2.07B,$0.68B,32.79%,$2.07B,$0.68B,32.79%,$2.07B,$1.16B,55.79%,$2.07B,$0.43B,20.68%,$2.07B,$0.36B,17.45%,$0.36B,$1.32B,33.82%,$0.36B,$-2.07B,-23.13%,$0.36B,$8.23B,5.29%,$0.68B,$6.07B,12.71%,$556,$0,$556,$0,$51,$363,$193,$-84,$109,$42,$68,$68,$68,$315,$193,$22,22,$3.15,$3.15,$1038,$0,$61,$1317,$3330,$21,$3389,$173,$6912,$8229,$994,$4755,$403,$5919,$6913,$87,$117,$-82,$1316,$8229,$68,$122,$34,$156,$10,$0,$0,$-2,$-49,$175,$-45,$0,$-650,$0,$0,$0,$1,$-694,$622,$0,$622,$-7,$-7,$-85,$-14,$515,$-3,$3,$-85
47,2006-12-31,69.34,$49.22,1.41,$93.48,0.74,$63.83,1.09,$16.04,4.32,$1.27B,$0.43B,2.99,$4.47B,$1.06B,4.22,$2.03B,$2.03B,100.00%,$2.03B,$0.64B,31.80%,$2.03B,$0.64B,31.80%,$2.03B,$1.12B,55.36%,$2.03B,$0.39B,19.31%,$2.03B,$0.34B,16.99%,$0.34B,$1.06B,34.76%,$0.34B,$-1.29B,-24.39%,$0.34B,$6.80B,5.40%,$0.64B,$5.53B,12.69%,$504,$0,$504,$0,$50,$347,$157,$-69,$88,$24,$64,$64,$64,$275,$157,$22,22,$3.00,$3.00,$1041,$0,$14,$1273,$2984,$16,$2350,$174,$5525,$6798,$426,$4467,$333,$5314,$5740,$86,$135,$-82,$1058,$6798,$345,$476,$-2,$475,$15,$0,$0,$-2,$10,$829,$-269,$0,$255,$0,$0,$0,$67,$54,$322,$0,$322,$-108,$-108,$-324,$-7,$-117,$777,$10,$-324
