,Date,Stock Price,Book Value per Share,Price to Book Ratio,TTM Sales per Share,Price to Sales Ratio,TTM FCF per Share,Price to FCF Ratio,TTM Net EPS,PE Ratio,Current Assets,Current Liabilities,Current Ratio,Long Term Debt,Shareholder's Equity_x,Debt to Equity Ratio,TTM Revenue_x,TTM Gross Profit,Gross Margin,TTM Revenue_y,TTM Operating Income,Operating Margin,TTM Revenue_x,TTM EBIT,EBIT Margin,TTM Revenue_y,TTM EBITDA,EBITDA Margin,TTM Revenue_x,TTM Pre-Tax Income,Pre-Tax Margin,TTM Revenue_y,TTM Net Income_x,Net Margin,TTM Net Income_y,Shareholder's Equity_y,Return on Equity,TTM Net Income_x,Tangible Equity,Return on Tangible Equity,TTM Net Income_y,Total Assets,Return on Assets,TTM Net Income,LT Investments & Debt,Return on Investment,revenue,cost-goods-sold,gross-profit,research-development-expenses,selling-general-administrative-expenses,operating-expenses,operating-income,total-non-operating-income-expense,pre-tax-income,total-provision-income-taxes,income-after-taxes,income-from-continuous-operations,net-income,ebitda,ebit,basic-shares-outstanding,shares-outstanding,eps-basic-net-earnings-per-share,eps-earnings-per-share-diluted,cash-on-hand,inventory,other-current-assets,total-current-assets,net-property-plant-equipment,long-term-investments,goodwill-intangible-assets-total,other-long-term-assets,total-long-term-assets,total-assets,total-current-liabilities,long-term-debt,other-non-current-liabilities,total-long-term-liabilities,total-liabilities,common-stock-net,retained-earnings-accumulated-deficit,comprehensive-income,total-share-holder-equity,total-liabilities-share-holders-equity,net-income-loss,total-depreciation-amortization-cash-flow,other-non-cash-items,total-non-cash-items,change-in-accounts-receivable,change-in-inventories,change-in-accounts-payable,change-in-assets-liabilities,total-change-in-assets-liabilities,cash-flow-from-operating-activities,net-change-in-property-plant-equipment,net-change-in-intangible-assets,net-acquisitions-divestitures,net-change-in-short-term-investments,net-change-in-long-term-investments,net-change-in-investments-total,investing-activities-other,cash-flow-from-investing-activities,net-long-term-debt,net-current-debt,debt-issuance-retirement-net-total,net-common-equity-issued-repurchased,net-total-equity-issued-repurchased,total-common-preferred-stock-dividends-paid,financial-activities-other,cash-flow-from-financial-activities,net-cash-flow,stock-based-compensation,common-stock-dividends-paid
0,2018-08-31,56.99,$22.25,2.56,$56.87,1.0,$1.77,32.22,$2.35,24.25,$1.17B,$0.52B,2.25,$2.29B,$1.13B,2.03,$2.95B,$0.80B,26.95%,$2.95B,$0.20B,6.85%,$2.95B,$0.20B,6.85%,$2.95B,$0.34B,11.46%,$2.95B,$0.09B,2.95%,$2.95B,$0.12B,4.14%,$0.12B,$1.13B,11.04%,$0.12B,$-1.12B,-10.18%,$0.12B,$4.29B,2.81%,$0.20B,$3.42B,5.86%,$770,$553,$217,$0,$146,$699,$71,$-26,$45,$9,$36,$38,$38,$108,$71,$51,52,$0.75,$0.72,$150,$401,$151,$1168,$642,$0,$2247,$233,$3122,$4290,$519,$2291,$278,$2643,$3162,$51,$1244,$-259,$1128,$4290,$130,$109,$-43,$66,$-15,$-60,$4,$-48,$-136,$107,$-44,$0,$2,$0,$0,$0,$0,$-42,$-71,$-10,$-81,$1,$1,$-23,$0,$-103,$-44,$15,$-23
1,2018-05-31,51.41,$22.34,2.3,$53.01,0.97,$1.27,40.51,$2.12,24.25,$1.16B,$0.52B,2.24,$2.34B,$1.13B,2.07,$2.74B,$0.73B,26.54%,$2.74B,$0.17B,6.23%,$2.74B,$0.17B,6.23%,$2.74B,$0.29B,10.57%,$2.74B,$0.07B,2.70%,$2.74B,$0.11B,3.97%,$0.11B,$1.13B,10.08%,$0.11B,$-1.16B,-13.10%,$0.11B,$4.34B,2.84%,$0.17B,$3.47B,5.63%,$789,$567,$222,$0,$145,$712,$77,$-21,$56,$13,$42,$44,$44,$113,$77,$51,52,$0.88,$0.86,$129,$405,$144,$1156,$653,$0,$2288,$242,$3183,$4339,$515,$2338,$280,$2693,$3209,$51,$1214,$-221,$1130,$4339,$92,$73,$-48,$25,$-12,$-54,$8,$-49,$-134,$22,$-30,$0,$0,$0,$0,$0,$0,$-30,$-26,$-14,$-40,$-2,$-2,$-15,$0,$-57,$-65,$10,$-15
2,2018-02-28,50.1,$22.17,2.26,$48.65,1.03,$1.55,32.27,$1.76,28.46,$1.12B,$0.52B,2.14,$2.33B,$1.12B,2.08,$2.52B,$0.65B,25.91%,$2.52B,$0.14B,5.45%,$2.52B,$0.14B,5.45%,$2.52B,$0.24B,9.54%,$2.52B,$0.05B,2.11%,$2.52B,$0.09B,3.62%,$0.09B,$1.12B,8.69%,$0.09B,$-1.22B,-19.67%,$0.09B,$4.37B,2.75%,$0.14B,$3.45B,5.26%,$713,$525,$188,$0,$151,$676,$37,$-23,$13,$-33,$46,$48,$48,$73,$37,$50,52,$0.94,$0.92,$132,$410,$108,$1117,$675,$0,$2344,$237,$3257,$4374,$523,$2329,$324,$2731,$3254,$51,$1178,$-187,$1120,$4374,$48,$37,$-49,$-12,$17,$-47,$-5,$-8,$-70,$-32,$-17,$0,$0,$0,$0,$0,$0,$-17,$-5,$0,$-5,$-3,$-3,$-8,$0,$-15,$-62,$6,$-8
3,2017-11-30,56.08,$20.72,2.71,$44.69,1.25,$2.44,23.01,$1.13,49.63,$1.15B,$0.51B,2.27,$2.40B,$1.04B,2.3,$2.31B,$0.60B,26.15%,$2.31B,$0.13B,5.46%,$2.31B,$0.13B,5.46%,$2.31B,$0.21B,9.19%,$2.31B,$0.06B,2.52%,$2.31B,$0.06B,2.52%,$0.06B,$1.04B,5.77%,$0.06B,$-1.29B,-67.44%,$0.06B,$4.36B,2.11%,$0.13B,$3.44B,5.81%,$678,$510,$168,$0,$151,$662,$17,$-43,$-27,$-17,$-10,$-8,$-8,$44,$17,$50,52,$-0.14,$-0.15,$194,$360,$117,$1145,$670,$0,$2338,$207,$3216,$4361,$505,$2399,$342,$2812,$3317,$50,$1119,$-201,$1044,$4361,$58,$87,$-1,$86,$-27,$-11,$44,$-9,$5,$141,$-54,$0,$-1745,$0,$-1,$-1,$0,$-1801,$1777,$-32,$1745,$-4,$-4,$-30,$-1,$1710,$52,$18,$-30
4,2017-08-31,49.62,$20.53,2.42,$42.77,1.16,$3.43,14.48,$2.04,24.33,$0.92B,$0.35B,2.63,$0.76B,$1.03B,0.74,$2.20B,$0.60B,27.37%,$2.20B,$0.17B,7.72%,$2.20B,$0.17B,7.72%,$2.20B,$0.25B,11.35%,$2.20B,$0.14B,6.22%,$2.20B,$0.11B,4.77%,$0.11B,$1.03B,10.73%,$0.11B,$0.35B,31.89%,$0.11B,$2.29B,4.82%,$0.17B,$1.79B,10.05%,$563,$412,$150,$0,$110,$523,$40,$-8,$32,$9,$23,$25,$25,$60,$40,$50,52,$0.50,$0.49,$120,$318,$86,$917,$527,$0,$683,$161,$1371,$2288,$349,$761,$78,$907,$1256,$50,$1134,$-221,$1033,$2288,$66,$60,$7,$67,$-14,$-55,$23,$15,$-44,$71,$-35,$0,$-123,$0,$-1,$-1,$0,$-159,$102,$-11,$92,$-7,$-7,$-22,$-2,$61,$-23,$12,$-22
5,2017-05-31,50.03,$19.63,2.55,$41.83,1.2,$4.69,10.68,$2.19,22.85,$0.85B,$0.33B,2.61,$0.75B,$0.99B,0.75,$2.15B,$0.60B,27.82%,$2.15B,$0.18B,8.27%,$2.15B,$0.18B,8.27%,$2.15B,$0.26B,11.94%,$2.15B,$0.15B,6.87%,$2.15B,$0.11B,5.25%,$0.11B,$0.99B,11.78%,$0.11B,$0.32B,33.98%,$0.11B,$2.20B,5.31%,$0.18B,$1.74B,10.92%,$562,$416,$146,$0,$103,$518,$43,$-8,$35,$11,$24,$26,$26,$63,$43,$50,52,$0.51,$0.50,$94,$302,$75,$850,$516,$0,$674,$160,$1350,$2200,$325,$748,$66,$883,$1208,$51,$1117,$-251,$992,$2200,$41,$39,$-0,$39,$-10,$-45,$20,$16,$-38,$33,$-26,$0,$-123,$0,$-1,$-1,$0,$-151,$90,$-10,$80,$5,$5,$-15,$-2,$68,$-48,$9,$-15
6,2017-02-28,48.57,$18.81,2.58,$41.35,1.17,$5.49,8.84,$2.34,20.75,$0.83B,$0.33B,2.56,$0.76B,$0.95B,0.8,$2.12B,$0.61B,28.77%,$2.12B,$0.19B,8.95%,$2.12B,$0.19B,8.95%,$2.12B,$0.27B,12.57%,$2.12B,$0.16B,7.49%,$2.12B,$0.12B,5.65%,$0.12B,$0.95B,12.74%,$0.12B,$0.28B,34.96%,$0.12B,$2.17B,5.73%,$0.19B,$1.71B,12.04%,$503,$364,$139,$0,$113,$477,$26,$-8,$18,$6,$13,$15,$15,$45,$26,$50,51,$0.29,$0.29,$117,$286,$71,$832,$510,$0,$667,$160,$1337,$2169,$325,$758,$66,$894,$1220,$50,$1099,$-272,$950,$2169,$15,$19,$2,$21,$5,$-33,$24,$6,$-16,$16,$-20,$0,$-123,$0,$-1,$-1,$0,$-144,$96,$8,$105,$6,$6,$-7,$-2,$102,$-26,$5,$-7
7,2016-11-30,46.06,$18.71,2.46,$40.87,1.13,$5.95,7.74,$2.42,19.03,$0.81B,$0.39B,2.07,$0.59B,$0.94B,0.62,$2.10B,$0.61B,29.12%,$2.10B,$0.20B,9.64%,$2.10B,$0.20B,9.64%,$2.10B,$0.28B,13.37%,$2.10B,$0.17B,7.97%,$2.10B,$0.12B,5.92%,$0.12B,$0.94B,13.39%,$0.12B,$0.37B,35.08%,$0.12B,$2.06B,6.03%,$0.20B,$1.52B,13.25%,$575,$407,$168,$0,$106,$514,$61,$-9,$52,$15,$37,$39,$39,$82,$61,$50,51,$0.79,$0.76,$142,$247,$70,$811,$515,$0,$572,$158,$1245,$2056,$392,$586,$62,$726,$1118,$50,$1091,$-263,$938,$2056,$124,$78,$8,$86,$2,$-3,$-12,$-23,$-44,$196,$-59,$0,$-53,$0,$0,$0,$0,$-112,$-23,$8,$-15,$-12,$-12,$-28,$2,$-53,$23,$13,$-28
8,2016-08-31,46.38,$19.01,2.44,$40.32,1.15,$6.34,7.31,$2.15,21.57,$0.80B,$0.38B,2.1,$0.60B,$0.96B,0.62,$2.07B,$0.60B,28.92%,$2.07B,$0.19B,9.33%,$2.07B,$0.19B,9.33%,$2.07B,$0.27B,13.06%,$2.07B,$0.16B,7.74%,$2.07B,$0.11B,5.32%,$0.11B,$0.96B,12.09%,$0.11B,$0.36B,32.52%,$0.11B,$2.08B,5.36%,$0.19B,$1.55B,12.62%,$513,$367,$146,$0,$98,$464,$48,$-5,$43,$13,$31,$33,$33,$67,$48,$50,51,$0.65,$0.64,$133,$261,$65,$804,$518,$0,$594,$164,$1277,$2080,$384,$596,$71,$740,$1124,$50,$1059,$-219,$957,$2080,$85,$57,$4,$61,$26,$-6,$-1,$-7,$-4,$146,$-45,$0,$-51,$0,$0,$0,$0,$-96,$-17,$7,$-10,$-2,$-2,$-21,$1,$-31,$14,$9,$-21
9,2016-05-31,44.47,$18.37,2.42,$40.53,1.1,$6.44,6.9,$2.03,21.91,$0.83B,$0.39B,2.09,$0.60B,$0.92B,0.65,$2.08B,$0.60B,28.81%,$2.08B,$0.19B,9.33%,$2.08B,$0.19B,9.33%,$2.08B,$0.27B,13.04%,$2.08B,$0.16B,7.55%,$2.08B,$0.10B,5.00%,$0.10B,$0.92B,11.60%,$0.10B,$0.36B,32.20%,$0.10B,$2.07B,5.07%,$0.19B,$1.53B,12.63%,$533,$374,$158,$0,$104,$478,$55,$-9,$46,$14,$32,$33,$33,$73,$55,$50,51,$0.66,$0.65,$146,$261,$62,$825,$516,$0,$564,$163,$1242,$2067,$394,$603,$69,$748,$1142,$50,$1033,$-224,$924,$2067,$52,$39,$3,$42,$13,$-9,$-8,$2,$-8,$83,$-35,$0,$-9,$0,$0,$0,$0,$-44,$-11,$11,$-0,$1,$1,$-14,$1,$-12,$27,$7,$-14
10,2016-02-29,37.37,$17.71,2.11,$40.64,0.92,$7.03,5.32,$1.86,20.09,$0.79B,$0.38B,2.09,$0.61B,$0.89B,0.69,$2.09B,$0.59B,28.27%,$2.09B,$0.19B,8.96%,$2.09B,$0.19B,8.96%,$2.09B,$0.27B,12.70%,$2.09B,$0.15B,7.28%,$2.09B,$0.10B,4.60%,$0.10B,$0.89B,10.81%,$0.10B,$0.32B,31.95%,$0.10B,$2.02B,4.67%,$0.19B,$1.50B,12.08%,$474,$337,$138,$0,$100,$436,$38,$-12,$26,$9,$17,$19,$19,$58,$38,$50,51,$0.38,$0.37,$127,$265,$64,$791,$512,$0,$561,$159,$1232,$2023,$379,$611,$69,$759,$1138,$50,$1007,$-225,$885,$2023,$19,$20,$3,$23,$29,$-16,$-4,$8,$4,$43,$-22,$0,$0,$0,$0,$0,$0,$-22,$-6,$6,$1,$-6,$-6,$-6,$-0,$-13,$8,$4,$-6
11,2015-11-30,38.51,$17.44,2.21,$40.50,0.95,$7.40,5.21,$1.68,22.93,$0.80B,$0.35B,2.29,$0.67B,$0.87B,0.77,$2.08B,$0.57B,27.26%,$2.08B,$0.17B,8.16%,$2.08B,$0.17B,8.16%,$2.08B,$0.25B,11.80%,$2.08B,$0.14B,6.67%,$2.08B,$0.09B,4.17%,$0.09B,$0.87B,9.84%,$0.09B,$0.31B,30.99%,$0.09B,$2.04B,4.19%,$0.17B,$1.54B,10.83%,$548,$392,$156,$0,$104,$496,$52,$-8,$45,$21,$23,$25,$25,$72,$52,$50,51,$0.50,$0.49,$119,$249,$69,$801,$513,$0,$567,$161,$1241,$2042,$350,$670,$69,$819,$1169,$50,$995,$-227,$873,$2042,$87,$75,$23,$98,$-12,$-5,$6,$-1,$2,$211,$-53,$0,$-218,$0,$0,$0,$12,$-259,$146,$-3,$143,$-15,$-15,$-26,$1,$104,$42,$14,$-26
12,2015-08-31,34.94,$17.88,1.95,$40.52,0.86,$2.31,15.11,$1.40,24.96,$0.79B,$0.33B,2.44,$0.68B,$0.90B,0.75,$2.08B,$0.54B,26.10%,$2.08B,$0.16B,7.53%,$2.08B,$0.16B,7.53%,$2.08B,$0.23B,11.08%,$2.08B,$0.12B,5.57%,$2.08B,$0.07B,3.50%,$0.07B,$0.90B,8.22%,$0.07B,$0.30B,23.25%,$0.07B,$2.07B,3.59%,$0.16B,$1.58B,10.17%,$524,$377,$147,$0,$98,$476,$49,$-9,$40,$14,$25,$27,$27,$68,$49,$50,52,$0.53,$0.52,$86,$267,$98,$792,$531,$0,$603,$142,$1276,$2069,$325,$676,$101,$839,$1164,$51,$976,$-191,$904,$2069,$62,$56,$14,$69,$16,$-20,$11,$-1,$1,$153,$-47,$0,$-218,$0,$0,$0,$0,$-265,$150,$-2,$147,$2,$2,$-19,$1,$132,$8,$10,$-19
13,2015-05-31,40.47,$17.63,2.29,$40.62,1.0,$-2.24,0.0,$0.96,42.15,$0.80B,$0.36B,2.22,$0.68B,$0.89B,0.77,$2.09B,$0.52B,25.01%,$2.09B,$0.14B,6.52%,$2.09B,$0.14B,6.52%,$2.09B,$0.21B,10.06%,$2.09B,$0.09B,4.12%,$2.09B,$0.05B,2.40%,$0.05B,$0.89B,5.56%,$0.05B,$0.27B,13.82%,$0.05B,$2.09B,2.50%,$0.14B,$1.57B,8.95%,$541,$392,$149,$0,$101,$492,$48,$-8,$41,$15,$25,$27,$25,$67,$48,$50,51,$0.50,$0.49,$79,$266,$91,$795,$533,$0,$619,$144,$1296,$2091,$358,$682,$98,$842,$1200,$51,$956,$-182,$891,$2091,$35,$37,$9,$46,$3,$-14,$30,$4,$15,$116,$-38,$0,$-218,$0,$0,$0,$0,$-255,$153,$2,$156,$2,$2,$-13,$1,$146,$2,$7,$-13
14,2015-02-28,42.82,$17.21,2.49,$40.75,1.05,$-5.99,0.0,$0.88,48.66,$0.78B,$0.35B,2.23,$0.72B,$0.87B,0.83,$2.09B,$0.52B,24.69%,$2.09B,$0.13B,6.41%,$2.09B,$0.13B,6.41%,$2.09B,$0.21B,9.90%,$2.09B,$0.07B,3.49%,$2.09B,$0.05B,2.20%,$0.05B,$0.87B,5.02%,$0.05B,$0.25B,11.10%,$0.05B,$2.10B,2.34%,$0.13B,$1.59B,8.94%,$471,$354,$116,$0,$95,$449,$21,$-8,$13,$5,$9,$10,$10,$39,$21,$50,51,$0.19,$0.19,$72,$275,$96,$780,$539,$0,$623,$156,$1318,$2097,$350,$717,$99,$880,$1230,$50,$937,$-179,$867,$2097,$10,$18,$5,$23,$25,$-22,$33,$-14,$11,$66,$-27,$0,$-218,$0,$0,$0,$0,$-245,$187,$-5,$182,$-1,$-1,$-6,$0,$176,$-6,$4,$-6
15,2014-11-30,41.26,$17.70,2.33,$41.07,1.0,$-8.07,0.0,$0.97,42.54,$0.77B,$0.32B,2.41,$0.55B,$0.89B,0.62,$2.11B,$0.53B,25.32%,$2.11B,$0.15B,7.08%,$2.11B,$0.15B,7.08%,$2.11B,$0.22B,10.45%,$2.11B,$0.08B,3.75%,$2.11B,$0.05B,2.42%,$0.05B,$0.89B,5.47%,$0.05B,$0.44B,10.93%,$0.05B,$1.87B,2.66%,$0.15B,$1.44B,10.17%,$548,$415,$132,$0,$93,$509,$39,$-17,$22,$11,$11,$11,$11,$57,$39,$50,51,$0.22,$0.21,$78,$251,$93,$765,$503,$0,$452,$149,$1104,$1869,$317,$548,$42,$661,$979,$50,$934,$-147,$890,$1869,$50,$70,$11,$82,$-19,$-36,$-15,$-44,$-136,$30,$-134,$0,$-26,$0,$0,$0,$0,$-160,$77,$7,$83,$-9,$-9,$-23,$3,$55,$-78,$13,$-23
16,2014-08-31,44.8,$18.91,2.37,$40.81,1.1,$-5.83,0.0,$1.19,37.64,$0.81B,$0.36B,2.28,$0.53B,$0.95B,0.56,$2.09B,$0.55B,26.16%,$2.09B,$0.16B,7.80%,$2.09B,$0.16B,7.80%,$2.09B,$0.23B,11.10%,$2.09B,$0.09B,4.21%,$2.09B,$0.06B,2.97%,$0.06B,$0.95B,6.58%,$0.06B,$0.49B,13.22%,$0.06B,$1.94B,3.23%,$0.16B,$1.48B,11.20%,$527,$402,$125,$0,$97,$498,$28,$-18,$10,$8,$2,$4,$4,$47,$28,$50,51,$0.08,$0.08,$76,$281,$110,$814,$493,$0,$459,$172,$1124,$1938,$357,$532,$50,$630,$987,$50,$929,$-79,$951,$1938,$39,$52,$4,$56,$-18,$-63,$26,$-31,$-122,$-13,$-115,$0,$-0,$0,$0,$0,$0,$-116,$61,$10,$71,$-9,$-9,$-17,$3,$48,$-80,$10,$-17
17,2014-05-31,45.43,$19.02,2.39,$40.61,1.12,$-3.17,0.0,$1.66,27.37,$0.83B,$0.37B,2.26,$0.54B,$0.96B,0.56,$2.08B,$0.57B,27.27%,$2.08B,$0.19B,9.09%,$2.08B,$0.19B,9.09%,$2.08B,$0.26B,12.27%,$2.08B,$0.11B,5.48%,$2.08B,$0.09B,4.14%,$0.09B,$0.96B,9.40%,$0.09B,$0.48B,19.72%,$0.09B,$1.96B,4.56%,$0.19B,$1.49B,13.38%,$544,$401,$143,$0,$96,$498,$46,$-19,$28,$9,$19,$21,$21,$64,$46,$50,51,$0.41,$0.40,$95,$282,$99,$833,$485,$0,$473,$171,$1128,$1961,$369,$537,$50,$637,$1006,$50,$931,$-71,$955,$1961,$35,$34,$1,$34,$-24,$-61,$27,$-16,$-106,$-34,$-80,$0,$-0,$0,$0,$0,$0,$-80,$65,$9,$74,$-11,$-11,$-11,$2,$55,$-60,$7,$-11
18,2014-02-28,45.93,$18.65,2.46,$40.13,1.14,$-1.08,0.0,$1.77,25.95,$0.80B,$0.35B,2.28,$0.51B,$0.93B,0.55,$2.05B,$0.57B,27.80%,$2.05B,$0.20B,9.54%,$2.05B,$0.20B,9.54%,$2.05B,$0.26B,12.56%,$2.05B,$0.12B,5.89%,$2.05B,$0.09B,4.43%,$0.09B,$0.93B,10.34%,$0.09B,$0.45B,22.71%,$0.09B,$1.91B,4.95%,$0.20B,$1.45B,14.39%,$486,$353,$133,$0,$97,$450,$36,$-17,$19,$7,$13,$15,$15,$52,$36,$50,51,$0.29,$0.28,$113,$261,$99,$801,$462,$0,$480,$165,$1108,$1909,$352,$512,$54,$623,$975,$50,$917,$-70,$934,$1909,$15,$16,$1,$17,$4,$-39,$17,$-11,$-48,$-17,$-50,$0,$0,$0,$0,$0,$0,$-50,$40,$1,$41,$-13,$-13,$-5,$2,$25,$-42,$4,$-5
19,2013-11-30,48.43,$18.52,2.61,$40.05,1.21,$-0.37,0.0,$1.90,25.49,$0.80B,$0.36B,2.2,$0.47B,$0.93B,0.51,$2.05B,$0.57B,27.88%,$2.05B,$0.20B,9.57%,$2.05B,$0.20B,9.57%,$2.05B,$0.26B,12.55%,$2.05B,$0.13B,6.20%,$2.05B,$0.10B,4.74%,$0.10B,$0.93B,11.45%,$0.10B,$0.45B,26.38%,$0.10B,$1.87B,5.38%,$0.20B,$1.40B,14.85%,$534,$388,$146,$0,$93,$480,$53,$-22,$31,$12,$20,$22,$22,$69,$53,$50,51,$0.43,$0.42,$155,$222,$85,$795,$434,$0,$483,$161,$1078,$1873,$361,$472,$52,$582,$943,$50,$907,$-72,$930,$1873,$97,$62,$23,$84,$-7,$-12,$16,$-26,$-38,$133,$-122,$-2,$-9,$0,$0,$0,$0,$-133,$-22,$-1,$-23,$-9,$-9,$-19,$2,$-49,$-45,$12,$-19
20,2013-08-31,35.18,$16.72,2.1,$39.75,0.88,$0.90,39.22,$1.96,17.95,$0.78B,$0.33B,2.41,$0.47B,$0.84B,0.56,$2.03B,$0.57B,28.07%,$2.03B,$0.19B,9.42%,$2.03B,$0.19B,9.42%,$2.03B,$0.25B,12.48%,$2.03B,$0.13B,6.41%,$2.03B,$0.10B,4.93%,$0.10B,$0.84B,12.36%,$0.10B,$0.36B,30.44%,$0.10B,$1.80B,5.61%,$0.19B,$1.31B,14.89%,$515,$370,$145,$0,$91,$461,$54,$-18,$36,$10,$25,$27,$28,$70,$54,$50,51,$0.57,$0.55,$160,$221,$79,$781,$387,$0,$480,$153,$1019,$1800,$325,$471,$66,$636,$961,$50,$890,$-146,$840,$1800,$75,$46,$13,$59,$1,$-14,$-5,$-7,$-42,$89,$-81,$-2,$-9,$0,$0,$0,$0,$-92,$-22,$1,$-21,$-5,$-5,$-14,$2,$-39,$-40,$9,$-14
21,2013-05-31,39.12,$16.26,2.41,$39.56,0.99,$1.69,23.21,$3.05,12.83,$0.79B,$0.32B,2.49,$0.47B,$0.82B,0.58,$2.01B,$0.56B,27.72%,$2.01B,$0.18B,8.94%,$2.01B,$0.18B,8.94%,$2.01B,$0.24B,11.97%,$2.01B,$0.13B,6.26%,$2.01B,$0.16B,7.70%,$0.16B,$0.82B,19.43%,$0.16B,$0.34B,48.63%,$0.16B,$1.77B,8.77%,$0.18B,$1.29B,14.15%,$519,$372,$147,$0,$94,$466,$53,$-18,$35,$11,$24,$26,$26,$67,$53,$50,51,$0.52,$0.51,$161,$222,$84,$786,$353,$0,$476,$159,$988,$1774,$316,$473,$66,$641,$957,$50,$867,$-145,$817,$1774,$47,$30,$9,$39,$1,$-17,$1,$-13,$-52,$41,$-48,$-2,$2,$0,$0,$0,$0,$-48,$-15,$-6,$-21,$-3,$-3,$-9,$2,$-31,$-39,$6,$-9
22,2013-02-28,38.36,$15.91,2.41,$39.81,0.96,$2.27,16.91,$2.58,14.87,$0.78B,$0.32B,2.43,$0.47B,$0.80B,0.59,$2.02B,$0.55B,27.12%,$2.02B,$0.17B,8.46%,$2.02B,$0.17B,8.46%,$2.02B,$0.23B,11.58%,$2.02B,$0.10B,4.75%,$2.02B,$0.13B,6.48%,$0.13B,$0.80B,17.04%,$0.13B,$0.32B,44.71%,$0.13B,$1.77B,7.45%,$0.17B,$1.28B,13.73%,$480,$346,$133,$0,$98,$444,$36,$-10,$25,$7,$18,$21,$21,$51,$36,$50,51,$0.42,$0.41,$163,$229,$78,$781,$339,$0,$478,$168,$985,$1765,$322,$474,$65,$643,$965,$50,$846,$-141,$801,$1765,$21,$16,$-1,$15,$11,$-23,$1,$-11,$-54,$-11,$-19,$0,$2,$0,$0,$0,$0,$-18,$-8,$-0,$-8,$2,$2,$-4,$2,$-9,$-37,$3,$-4
23,2012-11-30,30.77,$15.60,1.97,$37.28,0.83,$2.78,11.08,$2.47,12.46,$0.80B,$0.35B,2.28,$0.48B,$0.78B,0.61,$1.89B,$0.52B,27.47%,$1.89B,$0.16B,8.64%,$1.89B,$0.16B,8.64%,$1.89B,$0.22B,11.66%,$1.89B,$0.09B,4.77%,$1.89B,$0.13B,6.63%,$0.13B,$0.78B,16.66%,$0.13B,$0.29B,37.34%,$0.13B,$1.79B,7.66%,$0.16B,$1.25B,14.15%,$513,$370,$144,$0,$95,$465,$48,$-15,$34,$11,$22,$25,$25,$65,$48,$50,51,$0.50,$0.50,$200,$209,$70,$799,$329,$0,$488,$168,$987,$1786,$350,$475,$68,$658,$1008,$50,$830,$-140,$779,$1786,$126,$57,$-66,$-8,$-17,$-17,$-5,$-9,$-7,$109,$-34,$0,$-413,$0,$0,$0,$0,$-447,$292,$-6,$286,$3,$3,$-16,$1,$274,$46,$10,$-16
24,2012-08-31,28.4,$15.92,1.78,$34.62,0.82,$2.47,11.52,$2.51,11.32,$0.80B,$0.35B,2.29,$0.48B,$0.79B,0.6,$1.75B,$0.48B,27.21%,$1.75B,$0.15B,8.42%,$1.75B,$0.15B,8.42%,$1.75B,$0.20B,11.28%,$1.75B,$0.08B,4.58%,$1.75B,$0.13B,7.22%,$0.13B,$0.79B,17.21%,$0.13B,$0.32B,33.33%,$0.13B,$1.75B,8.45%,$0.15B,$1.27B,13.87%,$501,$366,$134,$0,$91,$458,$43,$-11,$32,$9,$22,$25,$83,$58,$43,$50,51,$1.68,$1.64,$208,$216,$57,$800,$321,$0,$473,$152,$948,$1748,$349,$475,$69,$605,$954,$50,$809,$-101,$794,$1748,$101,$41,$-50,$-9,$-20,$-29,$1,$13,$-30,$65,$-17,$0,$-405,$0,$0,$0,$0,$-422,$299,$-1,$298,$2,$2,$-12,$1,$290,$53,$7,$-12
25,2012-05-31,28.31,$14.05,2.01,$32.02,0.88,$2.13,13.3,$1.34,21.13,$0.79B,$0.43B,1.84,$0.48B,$0.70B,0.69,$1.61B,$0.44B,27.61%,$1.61B,$0.14B,8.40%,$1.61B,$0.14B,8.40%,$1.61B,$0.18B,11.19%,$1.61B,$0.08B,4.85%,$1.61B,$0.07B,4.10%,$0.07B,$0.70B,9.16%,$0.07B,$0.24B,15.65%,$0.07B,$1.74B,4.80%,$0.14B,$1.18B,13.83%,$527,$390,$137,$0,$93,$483,$44,$-38,$5,$2,$3,$5,$2,$60,$44,$50,51,$0.04,$0.04,$154,$212,$59,$786,$323,$0,$463,$147,$949,$1735,$427,$482,$66,$607,$1034,$50,$730,$-113,$701,$1735,$17,$26,$6,$32,$-20,$-27,$12,$20,$-12,$35,$-12,$0,$-405,$0,$0,$0,$0,$-417,$387,$-4,$383,$5,$5,$-8,$1,$381,$-0,$5,$-8
26,2012-02-29,27.99,$14.60,1.92,$29.02,0.96,$1.86,15.09,$1.80,15.55,$0.63B,$0.27B,2.32,$0.17B,$0.73B,0.24,$1.45B,$0.41B,28.30%,$1.45B,$0.12B,8.56%,$1.45B,$0.12B,8.56%,$1.45B,$0.16B,11.18%,$1.45B,$0.10B,7.11%,$1.45B,$0.09B,6.14%,$0.09B,$0.73B,12.25%,$0.09B,$0.49B,18.51%,$0.09B,$1.26B,7.09%,$0.12B,$0.90B,13.65%,$345,$243,$103,$0,$75,$318,$28,$-9,$19,$8,$11,$14,$15,$37,$28,$49,50,$0.31,$0.30,$150,$163,$69,$627,$253,$0,$239,$136,$628,$1256,$270,$173,$42,$258,$528,$50,$733,$-86,$728,$1256,$15,$10,$-1,$8,$-3,$-27,$23,$-18,$-33,$1,$-5,$0,$0,$0,$0,$0,$0,$-5,$-6,$-0,$-6,$4,$4,$-4,$1,$-4,$-6,$3,$-4
27,2011-11-30,21.37,$14.27,1.5,$28.95,0.74,$1.86,11.49,$1.79,11.94,$0.60B,$0.26B,2.34,$0.18B,$0.71B,0.26,$1.44B,$0.40B,27.98%,$1.44B,$0.12B,8.10%,$1.44B,$0.12B,8.10%,$1.44B,$0.16B,10.80%,$1.44B,$0.10B,7.13%,$1.44B,$0.09B,6.09%,$0.09B,$0.71B,12.37%,$0.09B,$0.46B,18.92%,$0.09B,$1.23B,7.13%,$0.12B,$0.89B,13.02%,$373,$272,$101,$0,$69,$341,$32,$-8,$24,$7,$17,$20,$26,$42,$32,$49,50,$0.55,$0.53,$155,$116,$56,$597,$243,$0,$242,$130,$631,$1228,$255,$180,$41,$267,$522,$49,$721,$-89,$706,$1228,$89,$39,$-1,$38,$-18,$-11,$9,$-17,$-33,$88,$-30,$0,$-6,$0,$0,$0,$0,$-36,$-23,$1,$-21,$-1,$-1,$-15,$-6,$-43,$23,$8,$-15
28,2011-08-31,20.46,$15.18,1.35,$26.73,0.77,$1.56,13.08,$1.70,12.03,$0.62B,$0.26B,2.35,$0.19B,$0.75B,0.25,$1.33B,$0.37B,27.48%,$1.33B,$0.11B,7.88%,$1.33B,$0.11B,7.88%,$1.33B,$0.14B,10.66%,$1.33B,$0.10B,7.13%,$1.33B,$0.08B,6.31%,$0.08B,$0.75B,12.12%,$0.08B,$0.50B,18.77%,$0.08B,$1.29B,6.91%,$0.11B,$0.94B,11.85%,$363,$260,$103,$0,$72,$332,$31,$-1,$30,$10,$20,$22,$23,$41,$31,$49,50,$0.47,$0.47,$149,$173,$55,$619,$259,$0,$252,$156,$666,$1286,$264,$187,$45,$274,$538,$49,$698,$-28,$748,$1286,$62,$29,$-0,$28,$-16,$-44,$32,$4,$-37,$51,$-20,$0,$-6,$0,$0,$0,$0,$-26,$-17,$1,$-16,$-2,$-2,$-11,$2,$-27,$16,$5,$-11
29,2011-05-31,20.51,$14.67,1.4,$26.28,0.78,$1.06,19.35,$1.61,12.74,$0.59B,$0.25B,2.34,$0.19B,$0.72B,0.26,$1.31B,$0.36B,27.45%,$1.31B,$0.10B,7.42%,$1.31B,$0.10B,7.42%,$1.31B,$0.13B,10.24%,$1.31B,$0.09B,6.57%,$1.31B,$0.08B,6.12%,$0.08B,$0.72B,12.19%,$0.08B,$0.47B,19.36%,$0.08B,$1.25B,6.73%,$0.10B,$0.91B,11.21%,$368,$265,$103,$0,$70,$336,$33,$-3,$30,$9,$22,$24,$25,$42,$33,$49,50,$0.51,$0.50,$138,$152,$54,$589,$257,$0,$250,$154,$661,$1250,$252,$190,$45,$274,$526,$49,$679,$-31,$724,$1250,$39,$19,$-4,$15,$-19,$-24,$27,$5,$-29,$22,$-13,$0,$-6,$0,$0,$0,$0,$-19,$-11,$0,$-11,$-0,$-0,$-7,$0,$-19,$4,$3,$-7
30,2011-02-28,19.76,$13.50,1.46,$25.91,0.76,$0.96,20.5,$1.33,14.85,$0.55B,$0.23B,2.4,$0.19B,$0.67B,0.29,$1.29B,$0.36B,27.72%,$1.29B,$0.09B,6.99%,$1.29B,$0.09B,6.99%,$1.29B,$0.13B,9.94%,$1.29B,$0.07B,5.51%,$1.29B,$0.07B,5.12%,$0.07B,$0.67B,10.69%,$0.07B,$0.43B,17.23%,$0.07B,$1.17B,5.69%,$0.09B,$0.86B,10.74%,$340,$243,$97,$0,$76,$318,$21,$-3,$19,$6,$12,$14,$14,$31,$21,$49,50,$0.29,$0.29,$122,$144,$58,$551,$253,$0,$242,$128,$623,$1174,$230,$193,$44,$277,$507,$49,$657,$-68,$667,$1174,$14,$10,$1,$11,$-2,$-20,$19,$-0,$-27,$1,$-6,$0,$0,$0,$0,$0,$0,$-6,$33,$-42,$-9,$2,$2,$-3,$0,$-11,$-11,$2,$-3
31,2010-11-30,19.17,$12.90,1.49,$25.35,0.76,$0.89,21.52,$1.42,13.5,$0.53B,$0.23B,2.31,$0.20B,$0.63B,0.32,$1.26B,$0.36B,28.48%,$1.26B,$0.10B,7.56%,$1.26B,$0.10B,7.56%,$1.26B,$0.13B,10.66%,$1.26B,$0.08B,6.05%,$1.26B,$0.07B,5.65%,$0.07B,$0.63B,11.89%,$0.07B,$0.39B,19.47%,$0.07B,$1.15B,6.18%,$0.10B,$0.84B,11.54%,$261,$198,$63,$0,$43,$241,$20,$-4,$16,$3,$13,$15,$22,$28,$20,$49,50,$0.45,$0.45,$133,$122,$58,$534,$251,$0,$240,$128,$620,$1153,$231,$201,$44,$288,$519,$49,$647,$-87,$634,$1153,$70,$39,$12,$51,$-14,$-4,$-9,$-25,$-43,$72,$-29,$0,$-28,$0,$0,$0,$0,$-57,$15,$19,$34,$4,$4,$-14,$1,$24,$33,$6,$-14
32,2010-08-31,17.3,$12.24,1.41,$27.05,0.64,$1.04,16.62,$1.48,11.69,$0.55B,$0.24B,2.35,$0.25B,$0.60B,0.42,$1.34B,$0.40B,29.97%,$1.34B,$0.11B,8.22%,$1.34B,$0.11B,8.22%,$1.34B,$0.15B,11.51%,$1.34B,$0.09B,6.95%,$1.34B,$0.07B,5.53%,$0.07B,$0.60B,12.60%,$0.07B,$0.36B,20.93%,$0.07B,$1.18B,6.51%,$0.11B,$0.85B,13.69%,$339,$242,$96,$0,$74,$316,$23,$-2,$21,$4,$17,$19,$19,$33,$23,$49,50,$0.39,$0.38,$141,$148,$53,$552,$247,$0,$240,$140,$627,$1179,$235,$251,$51,$344,$579,$49,$628,$-100,$600,$1179,$49,$31,$10,$41,$-9,$-34,$10,$-11,$-56,$27,$-21,$0,$-27,$0,$0,$0,$0,$-48,$64,$17,$81,$2,$2,$-10,$0,$73,$41,$6,$-10
33,2010-05-31,19.36,$11.59,1.67,$26.62,0.73,$3.00,6.44,$1.82,10.64,$0.55B,$0.24B,2.31,$0.24B,$0.57B,0.42,$1.31B,$0.41B,30.82%,$1.31B,$0.12B,9.06%,$1.31B,$0.12B,9.06%,$1.31B,$0.16B,12.48%,$1.31B,$0.12B,9.21%,$1.31B,$0.09B,6.85%,$0.09B,$0.57B,15.06%,$0.09B,$0.35B,24.76%,$0.09B,$1.13B,7.97%,$0.12B,$0.81B,14.88%,$348,$247,$101,$0,$75,$322,$26,$-10,$15,$6,$9,$11,$11,$36,$26,$49,50,$0.23,$0.22,$161,$130,$50,$545,$239,$0,$215,$133,$587,$1132,$236,$237,$49,$328,$564,$49,$613,$-114,$568,$1132,$30,$21,$5,$26,$-12,$-20,$14,$-3,$-34,$16,$-12,$0,$0,$0,$0,$0,$0,$-12,$72,$5,$77,$1,$1,$-7,$0,$72,$61,$4,$-7
34,2010-02-28,19.0,$11.99,1.58,$25.73,0.74,$3.91,4.86,$1.96,9.69,$0.52B,$0.24B,2.21,$0.21B,$0.59B,0.37,$1.27B,$0.39B,31.07%,$1.27B,$0.12B,9.57%,$1.27B,$0.12B,9.57%,$1.27B,$0.17B,13.12%,$1.27B,$0.13B,10.28%,$1.27B,$0.10B,7.67%,$0.10B,$0.59B,15.99%,$0.10B,$0.35B,26.59%,$0.10B,$1.13B,8.67%,$0.12B,$0.80B,15.22%,$309,$212,$98,$0,$71,$283,$26,$-2,$24,$7,$17,$19,$19,$37,$26,$48,49,$0.39,$0.38,$149,$133,$55,$522,$248,$0,$234,$128,$610,$1133,$236,$214,$51,$310,$546,$49,$605,$-85,$587,$1133,$19,$10,$0,$11,$13,$-19,$-2,$-5,$-24,$1,$-9,$0,$0,$0,$0,$0,$0,$-9,$62,$4,$66,$1,$1,$-3,$0,$63,$49,$2,$-3
35,2009-11-30,18.37,$12.21,1.5,$25.17,0.73,$4.02,4.57,$1.71,10.74,$0.47B,$0.24B,2.01,$0.16B,$0.59B,0.27,$1.24B,$0.37B,29.96%,$1.24B,$0.11B,8.66%,$1.24B,$0.11B,8.66%,$1.24B,$0.15B,12.39%,$1.24B,$0.11B,9.23%,$1.24B,$0.08B,6.80%,$0.08B,$0.59B,14.12%,$0.08B,$0.35B,23.78%,$0.08B,$1.10B,7.67%,$0.11B,$0.76B,13.71%,$342,$235,$106,$0,$72,$307,$35,$-2,$33,$11,$23,$25,$25,$48,$35,$48,49,$0.51,$0.49,$100,$117,$53,$474,$253,$0,$245,$129,$627,$1100,$236,$163,$57,$270,$506,$49,$589,$-59,$594,$1100,$84,$47,$34,$81,$16,$36,$-32,$-131,$-109,$71,$-22,$0,$-4,$0,$0,$0,$0,$-26,$-24,$-3,$-27,$0,$0,$-13,$0,$-39,$20,$6,$-13
36,2009-08-31,17.75,$13.20,1.34,$24.97,0.71,$3.46,5.13,$0.35,50.72,$0.54B,$0.21B,2.57,$0.20B,$0.64B,0.3,$1.24B,$0.35B,28.24%,$1.24B,$0.10B,7.72%,$1.24B,$0.10B,7.72%,$1.24B,$0.14B,11.26%,$1.24B,$0.01B,1.13%,$1.24B,$0.02B,1.37%,$0.02B,$0.64B,2.93%,$0.02B,$0.40B,4.99%,$0.02B,$1.15B,1.56%,$0.10B,$0.84B,13.24%,$315,$215,$100,$0,$68,$283,$32,$17,$49,$15,$34,$35,$35,$43,$32,$48,49,$0.73,$0.72,$180,$112,$62,$544,$253,$0,$243,$110,$606,$1151,$212,$195,$39,$297,$509,$49,$568,$15,$642,$1151,$59,$33,$4,$38,$25,$38,$-43,$-2,$8,$117,$-15,$0,$-4,$0,$0,$0,$0,$-19,$3,$0,$3,$0,$0,$-10,$0,$-6,$100,$4,$-10
37,2009-05-31,15.25,$12.41,1.23,$25.94,0.59,$1.82,8.38,$0.07,217.84,$0.47B,$0.19B,2.44,$0.18B,$0.60B,0.3,$1.29B,$0.34B,26.43%,$1.29B,$0.09B,7.05%,$1.29B,$0.09B,7.05%,$1.29B,$0.14B,10.54%,$1.29B,$-0.01B,-0.93%,$1.29B,$0.00B,0.31%,$0.00B,$0.60B,0.69%,$0.00B,$0.36B,1.25%,$0.00B,$1.09B,0.35%,$0.09B,$0.79B,12.06%,$299,$210,$89,$0,$62,$271,$28,$-3,$24,$8,$16,$17,$18,$38,$28,$48,49,$0.36,$0.36,$116,$118,$51,$472,$256,$0,$245,$119,$620,$1092,$194,$182,$40,$295,$489,$49,$536,$10,$603,$1092,$24,$22,$3,$25,$28,$32,$-52,$0,$-4,$58,$-10,$0,$-4,$0,$0,$0,$0,$-14,$-10,$3,$-7,$-0,$-0,$-7,$0,$-14,$36,$3,$-7
38,2009-02-28,10.17,$11.11,0.92,$26.71,0.38,$0.93,10.91,$0.12,84.77,$0.44B,$0.19B,2.36,$0.20B,$0.54B,0.37,$1.35B,$0.35B,25.74%,$1.35B,$0.10B,7.05%,$1.35B,$0.10B,7.05%,$1.35B,$0.14B,10.53%,$1.35B,$-0.01B,-0.52%,$1.35B,$0.01B,0.52%,$0.01B,$0.54B,1.18%,$0.01B,$0.31B,2.28%,$0.01B,$1.04B,0.58%,$0.10B,$0.74B,11.88%,$279,$204,$75,$0,$63,$266,$12,$-4,$8,$3,$5,$6,$6,$24,$12,$48,49,$0.13,$0.13,$70,$140,$49,$439,$249,$0,$232,$116,$597,$1036,$186,$202,$38,$310,$497,$49,$522,$-37,$540,$1036,$6,$12,$1,$13,$22,$3,$-38,$-0,$-21,$2,$-5,$0,$0,$0,$0,$0,$0,$-5,$-2,$4,$2,$-0,$-0,$-3,$-0,$-2,$-10,$1,$-3
39,2008-11-30,15.76,$11.06,1.43,$26.63,0.59,$0.66,23.76,$0.31,50.82,$0.48B,$0.23B,2.08,$0.00B,$0.54B,0.0,$1.39B,$0.36B,26.15%,$1.39B,$0.11B,7.90%,$1.39B,$0.11B,7.90%,$1.39B,$0.16B,11.21%,$1.39B,$0.01B,0.72%,$1.39B,$0.02B,1.36%,$0.02B,$0.54B,2.92%,$0.02B,$0.30B,5.65%,$0.02B,$1.08B,1.49%,$0.11B,$0.54B,12.94%,$350,$263,$87,$0,$63,$326,$24,$-91,$-67,$-24,$-44,$-43,$-42,$35,$24,$51,52,$-0.82,$-0.81,$80,$143,$50,$479,$253,$0,$237,$113,$602,$1081,$230,$0,$41,$316,$546,$48,$519,$-37,$536,$1081,$19,$46,$60,$106,$-8,$-13,$-17,$-21,$-74,$43,$-20,$0,$-6,$0,$0,$0,$0,$-26,$67,$1,$68,$-199,$-199,$-13,$0,$-145,$-166,$4,$-13
40,2008-08-31,23.06,$13.39,1.72,$25.79,0.89,$2.20,10.48,$1.60,14.41,$0.62B,$0.25B,2.52,$0.31B,$0.65B,0.47,$1.40B,$0.38B,27.37%,$1.40B,$0.13B,8.98%,$1.40B,$0.13B,8.98%,$1.40B,$0.17B,12.33%,$1.40B,$0.12B,8.34%,$1.40B,$0.09B,6.20%,$0.09B,$0.65B,12.13%,$0.09B,$0.31B,23.20%,$0.09B,$1.33B,6.48%,$0.13B,$0.95B,13.27%,$362,$272,$90,$0,$64,$335,$27,$-4,$23,$2,$21,$22,$22,$39,$27,$48,49,$0.45,$0.44,$207,$151,$47,$621,$265,$0,$335,$107,$707,$1327,$247,$305,$69,$432,$679,$48,$564,$32,$649,$1327,$61,$35,$-0,$35,$-3,$-13,$-15,$-13,$-59,$35,$-13,$0,$0,$0,$0,$0,$0,$-13,$168,$-1,$167,$-199,$-199,$-10,$0,$-42,$-39,$3,$-10
41,2008-05-31,21.94,$13.50,1.63,$24.16,0.91,$3.22,6.81,$1.62,13.54,$0.62B,$0.25B,2.53,$0.31B,$0.65B,0.48,$1.39B,$0.40B,28.72%,$1.39B,$0.14B,9.91%,$1.39B,$0.14B,9.91%,$1.39B,$0.19B,13.28%,$1.39B,$0.13B,9.40%,$1.39B,$0.09B,6.68%,$0.09B,$0.65B,12.13%,$0.09B,$0.31B,22.22%,$0.09B,$1.35B,6.83%,$0.14B,$0.97B,14.41%,$357,$262,$95,$0,$63,$324,$32,$-3,$29,$8,$21,$21,$21,$44,$32,$51,52,$0.42,$0.41,$212,$148,$47,$623,$274,$0,$344,$109,$727,$1351,$246,$312,$77,$451,$697,$48,$545,$61,$654,$1351,$40,$23,$1,$25,$2,$-7,$-25,$2,$-51,$13,$-8,$0,$0,$0,$0,$0,$0,$-8,$175,$0,$175,$-200,$-200,$-7,$0,$-31,$-34,$2,$-7
42,2008-02-29,20.01,$14.01,1.43,$23.03,0.87,$3.92,5.11,$1.65,12.13,$0.60B,$0.25B,2.44,$0.18B,$0.77B,0.23,$1.39B,$0.41B,29.50%,$1.39B,$0.14B,10.22%,$1.39B,$0.14B,10.22%,$1.39B,$0.19B,13.60%,$1.39B,$0.14B,9.78%,$1.39B,$0.10B,7.12%,$0.10B,$0.77B,12.17%,$0.10B,$0.42B,21.46%,$0.10B,$1.33B,7.22%,$0.14B,$0.94B,14.78%,$323,$231,$92,$0,$65,$296,$27,$-2,$25,$7,$18,$18,$18,$38,$27,$57,57,$0.32,$0.32,$195,$153,$48,$602,$276,$0,$345,$107,$728,$1329,$247,$177,$74,$317,$564,$55,$657,$54,$766,$1329,$18,$12,$0,$12,$11,$-14,$-27,$-8,$-45,$-15,$-3,$0,$0,$0,$0,$0,$0,$-3,$40,$2,$42,$-61,$-61,$-4,$0,$-23,$-51,$1,$-4
43,2007-11-30,22.17,$13.91,1.59,$22.86,0.97,$4.21,5.27,$1.67,13.28,$0.64B,$0.30B,2.14,$0.14B,$0.80B,0.17,$1.40B,$0.42B,29.86%,$1.40B,$0.14B,10.21%,$1.40B,$0.14B,10.21%,$1.40B,$0.19B,13.79%,$1.40B,$0.14B,9.79%,$1.40B,$0.10B,7.29%,$0.10B,$0.80B,12.39%,$0.10B,$0.46B,21.88%,$0.10B,$1.37B,7.37%,$0.14B,$0.94B,14.80%,$361,$254,$107,$0,$68,$321,$40,$0,$40,$10,$30,$31,$26,$52,$40,$60,61,$0.44,$0.43,$246,$138,$39,$636,$278,$0,$344,$107,$729,$1365,$298,$137,$66,$268,$566,$57,$684,$41,$799,$1365,$102,$50,$2,$52,$21,$-13,$-12,$14,$-12,$141,$-20,$0,$-1,$0,$-12,$-12,$0,$-33,$-87,$1,$-86,$-86,$-86,$-15,$2,$-186,$-9,$3,$-15
44,2007-08-31,23.54,$14.13,1.67,$22.09,1.07,$4.91,4.79,$2.49,9.45,$0.62B,$0.30B,2.07,$0.14B,$0.85B,0.16,$1.35B,$0.41B,30.42%,$1.35B,$0.13B,9.50%,$1.35B,$0.13B,9.50%,$1.35B,$0.18B,13.13%,$1.35B,$0.12B,8.68%,$1.35B,$0.15B,11.20%,$0.15B,$0.85B,18.47%,$0.15B,$0.49B,32.84%,$0.15B,$1.40B,10.70%,$0.13B,$0.99B,13.02%,$352,$246,$106,$0,$67,$313,$39,$-2,$37,$11,$26,$27,$28,$51,$39,$60,61,$0.47,$0.46,$219,$137,$45,$617,$286,$0,$360,$139,$785,$1402,$297,$137,$27,$256,$554,$60,$662,$37,$848,$1402,$76,$38,$-9,$29,$24,$-7,$-18,$9,$-3,$105,$-15,$0,$-1,$0,$0,$0,$0,$-16,$-87,$0,$-87,$-12,$-12,$-12,$3,$-107,$-36,$2,$-12
45,2007-05-31,23.78,$13.86,1.72,$22.52,1.06,$5.32,4.47,$2.43,9.79,$0.60B,$0.28B,2.15,$0.14B,$0.84B,0.16,$1.37B,$0.41B,29.97%,$1.37B,$0.12B,8.92%,$1.37B,$0.12B,8.92%,$1.37B,$0.17B,12.57%,$1.37B,$0.11B,7.97%,$1.37B,$0.15B,10.75%,$0.15B,$0.84B,18.96%,$0.15B,$0.48B,35.42%,$0.15B,$1.39B,10.43%,$0.12B,$0.98B,12.59%,$354,$248,$105,$0,$69,$317,$36,$-2,$34,$10,$24,$25,$27,$48,$36,$60,61,$0.45,$0.44,$201,$132,$46,$598,$290,$0,$361,$144,$794,$1392,$278,$137,$42,$272,$550,$61,$638,$34,$842,$1392,$48,$26,$-6,$19,$23,$-3,$-19,$3,$-15,$59,$-10,$0,$0,$0,$0,$0,$0,$-10,$-87,$-0,$-87,$11,$11,$-8,$2,$-82,$-54,$1,$-8
46,2007-02-28,21.74,$13.24,1.64,$22.94,0.95,$5.29,4.11,$2.32,9.39,$0.57B,$0.28B,2.08,$0.16B,$0.80B,0.2,$1.39B,$0.41B,29.80%,$1.39B,$0.12B,8.44%,$1.39B,$0.12B,8.44%,$1.39B,$0.17B,12.05%,$1.39B,$0.10B,7.29%,$1.39B,$0.14B,10.10%,$0.14B,$0.80B,19.21%,$0.14B,$0.44B,37.53%,$0.14B,$1.38B,9.99%,$0.12B,$0.97B,12.20%,$333,$234,$100,$0,$72,$305,$28,$-2,$26,$8,$18,$19,$21,$42,$28,$60,61,$0.35,$0.35,$171,$139,$45,$573,$294,$0,$362,$146,$802,$1375,$276,$162,$41,$296,$572,$61,$614,$22,$803,$1375,$21,$14,$-3,$11,$23,$-11,$-23,$-2,$-28,$4,$-7,$0,$0,$0,$0,$0,$0,$-7,$-62,$0,$-62,$9,$9,$-4,$1,$-55,$-83,$1,$-4
47,2006-11-30,22.64,$12.98,1.74,$23.13,0.98,$5.45,4.15,$2.24,10.13,$0.67B,$0.34B,1.95,$0.22B,$0.78B,0.29,$1.39B,$0.41B,29.37%,$1.39B,$0.11B,7.94%,$1.39B,$0.11B,7.94%,$1.39B,$0.16B,11.26%,$1.39B,$0.09B,6.78%,$1.39B,$0.13B,9.67%,$0.13B,$0.78B,19.68%,$0.13B,$0.43B,34.27%,$0.13B,$1.48B,10.04%,$0.11B,$1.00B,12.24%,$309,$210,$99,$0,$74,$285,$25,$-4,$20,$2,$18,$16,$75,$36,$25,$59,60,$1.28,$1.25,$255,$120,$46,$669,$287,$0,$349,$111,$809,$1478,$342,$224,$39,$358,$701,$60,$597,$25,$778,$1478,$134,$47,$-65,$-18,$13,$14,$31,$-4,$69,$181,$-19,$0,$-312,$0,$0,$0,$0,$-331,$112,$0,$112,$18,$18,$-15,$6,$122,$97,$13,$-15
