,Date,Stock Price,Book Value per Share,Price to Book Ratio,TTM Sales per Share,Price to Sales Ratio,TTM FCF per Share,Price to FCF Ratio,TTM Net EPS,PE Ratio,Current Assets,Current Liabilities,Current Ratio,Long Term Debt,Shareholder's Equity_x,Debt to Equity Ratio,TTM Revenue_x,TTM Gross Profit,Gross Margin,TTM Revenue_y,TTM Operating Income,Operating Margin,TTM Revenue_x,TTM EBIT,EBIT Margin,TTM Revenue_y,TTM EBITDA,EBITDA Margin,TTM Revenue_x,TTM Pre-Tax Income,Pre-Tax Margin,TTM Revenue_y,TTM Net Income_x,Net Margin,TTM Net Income_y,Shareholder's Equity_y,Return on Equity,TTM Net Income_x,Tangible Equity,Return on Tangible Equity,TTM Net Income_y,Total Assets,Return on Assets,TTM Net Income,LT Investments & Debt,Return on Investment,revenue,cost-goods-sold,gross-profit,research-development-expenses,selling-general-administrative-expenses,operating-expenses,operating-income,total-non-operating-income-expense,pre-tax-income,total-provision-income-taxes,income-after-taxes,income-from-continuous-operations,net-income,ebitda,ebit,basic-shares-outstanding,shares-outstanding,eps-basic-net-earnings-per-share,eps-earnings-per-share-diluted,cash-on-hand,inventory,other-current-assets,total-current-assets,net-property-plant-equipment,long-term-investments,goodwill-intangible-assets-total,other-long-term-assets,total-long-term-assets,total-assets,total-current-liabilities,long-term-debt,other-non-current-liabilities,total-long-term-liabilities,total-liabilities,common-stock-net,retained-earnings-accumulated-deficit,comprehensive-income,total-share-holder-equity,total-liabilities-share-holders-equity,net-income-loss,total-depreciation-amortization-cash-flow,other-non-cash-items,total-non-cash-items,change-in-accounts-receivable,change-in-inventories,change-in-accounts-payable,change-in-assets-liabilities,total-change-in-assets-liabilities,cash-flow-from-operating-activities,net-change-in-property-plant-equipment,net-change-in-intangible-assets,net-acquisitions-divestitures,net-change-in-short-term-investments,net-change-in-long-term-investments,net-change-in-investments-total,investing-activities-other,cash-flow-from-investing-activities,net-long-term-debt,net-current-debt,debt-issuance-retirement-net-total,net-common-equity-issued-repurchased,net-total-equity-issued-repurchased,total-common-preferred-stock-dividends-paid,financial-activities-other,cash-flow-from-financial-activities,net-cash-flow,stock-based-compensation,common-stock-dividends-paid
0,2018-09-30,52.08,$1.62,32.07,$23.40,2.23,$3.80,13.69,$3.62,14.39,$0.31B,$0.29B,1.07,$1.66B,$0.09B,18.09,$1.33B,$1.21B,91.48%,$1.33B,$0.27B,20.42%,$1.33B,$0.27B,20.42%,$1.33B,$0.43B,32.40%,$1.33B,$0.18B,13.34%,$1.33B,$0.21B,15.60%,$0.21B,$0.09B,1533.33%,$0.21B,$-0.13B,-100.49%,$0.21B,$2.13B,10.00%,$0.27B,$1.75B,16.04%,$664,$54,$610,$0,$67,$405,$259,$-6,$252,$39,$213,$213,$213,$333,$259,$56,57,$3.79,$3.76,$191,$37,$22,$308,$1589,$0,$219,$14,$1821,$2129,$288,$1658,$16,$1749,$2037,$84,$0,$8,$92,$2129,$149,$132,$23,$155,$0,$0,$0,$30,$30,$334,$-146,$0,$0,$0,$0,$0,$0,$-146,$0,$0,$0,$0,$0,$-151,$-13,$-163,$25,$0,$-151
1,2018-06-30,63.01,$-1.24,-50.75,$23.23,2.71,$3.48,18.09,$3.24,19.45,$0.23B,$0.36B,0.65,$1.68B,$-0.07B,-24.04,$1.32B,$1.20B,91.49%,$1.32B,$0.27B,20.36%,$1.32B,$0.27B,20.36%,$1.32B,$0.42B,32.14%,$1.32B,$0.19B,14.44%,$1.32B,$0.19B,14.06%,$0.19B,$-0.07B,2000.00%,$0.19B,$-0.29B,-87.57%,$0.19B,$2.08B,8.89%,$0.27B,$1.61B,15.90%,$380,$35,$345,$0,$54,$312,$68,$-35,$33,$14,$19,$19,$19,$120,$68,$56,57,$0.34,$0.34,$60,$47,$18,$233,$1619,$0,$217,$10,$1846,$2079,$360,$1684,$11,$1789,$2149,$-81,$0,$11,$-70,$2079,$-64,$58,$52,$109,$0,$0,$0,$40,$40,$86,$-101,$0,$0,$0,$0,$0,$0,$-101,$0,$25,$25,$0,$0,$-101,$-12,$-88,$-106,$0,$-101
2,2018-03-31,63.03,$-0.90,-69.78,$23.47,2.69,$3.11,20.27,$3.45,18.27,$0.15B,$0.25B,0.61,$1.70B,$-0.05B,-33.37,$1.33B,$1.22B,91.65%,$1.33B,$0.30B,22.20%,$1.33B,$0.30B,22.20%,$1.33B,$0.45B,33.78%,$1.33B,$0.21B,15.50%,$1.33B,$0.20B,14.82%,$0.20B,$-0.05B,1713.04%,$0.20B,$-0.27B,-94.15%,$0.20B,$2.01B,9.43%,$0.30B,$1.65B,17.52%,$55,$6,$49,$0,$29,$130,$-76,$-27,$-103,$-19,$-83,$-83,$-83,$-70,$-76,$56,56,$-1.49,$-1.49,$43,$40,$14,$154,$1621,$0,$220,$10,$1851,$2005,$253,$1701,$14,$1802,$2056,$-53,$0,$2,$-51,$2005,$-83,$6,$25,$31,$0,$0,$0,$-2,$-2,$-55,$-45,$0,$0,$0,$0,$0,$0,$-45,$0,$40,$40,$0,$0,$-50,$-12,$-22,$-123,$0,$-50
3,2017-12-31,63.27,$1.47,42.99,$23.35,2.71,$2.70,23.4,$3.78,16.74,$0.25B,$0.23B,1.1,$1.66B,$0.08B,20.02,$1.32B,$1.21B,91.68%,$1.32B,$0.30B,22.31%,$1.32B,$0.30B,22.31%,$1.32B,$0.45B,33.89%,$1.32B,$0.22B,16.41%,$1.32B,$0.22B,16.26%,$0.22B,$0.08B,1755.10%,$0.22B,$-0.14B,-103.49%,$0.22B,$2.06B,10.35%,$0.30B,$1.74B,17.73%,$228,$18,$210,$0,$43,$208,$20,$-25,$-5,$-63,$58,$58,$58,$47,$20,$56,57,$1.03,$1.02,$166,$30,$13,$247,$1586,$0,$222,$10,$1817,$2064,$225,$1661,$20,$1756,$1981,$87,$0,$-4,$83,$2064,$215,$153,$-17,$137,$-2,$-3,$2,$8,$-21,$331,$-188,$-0,$0,$0,$3,$3,$0,$-185,$-383,$500,$117,$0,$0,$-195,$-28,$-106,$44,$13,$-195
4,2017-09-30,61.6,$1.34,46.02,$22.73,2.71,$3.68,16.74,$2.65,23.24,$0.36B,$0.30B,1.19,$1.66B,$0.08B,22.05,$1.29B,$1.18B,91.76%,$1.29B,$0.30B,22.94%,$1.29B,$0.30B,22.94%,$1.29B,$0.44B,33.83%,$1.29B,$0.22B,17.19%,$1.29B,$0.15B,11.66%,$0.15B,$0.08B,2222.22%,$0.15B,$-0.15B,-70.67%,$0.15B,$2.18B,7.30%,$0.30B,$1.74B,18.13%,$653,$53,$600,$0,$72,$397,$256,$9,$265,$74,$191,$191,$191,$326,$256,$56,57,$3.41,$3.38,$250,$34,$19,$355,$1581,$0,$224,$17,$1821,$2177,$298,$1660,$31,$1803,$2101,$79,$0,$-4,$75,$2177,$158,$126,$11,$137,$0,$0,$0,$28,$28,$323,$-152,$0,$0,$0,$3,$3,$0,$-149,$-383,$500,$117,$0,$0,$-145,$-24,$-52,$127,$0,$-145
5,2017-06-30,68.39,$-1.08,-63.43,$22.73,3.01,$4.47,15.31,$2.37,28.86,$0.26B,$0.36B,0.74,$1.67B,$-0.06B,-27.51,$1.28B,$1.18B,91.82%,$1.28B,$0.31B,23.93%,$1.28B,$0.31B,23.93%,$1.28B,$0.44B,34.37%,$1.28B,$0.19B,15.12%,$1.28B,$0.13B,10.44%,$0.13B,$-0.06B,940.35%,$0.13B,$-0.28B,-63.28%,$0.13B,$2.11B,6.60%,$0.31B,$1.61B,19.15%,$393,$34,$359,$0,$52,$297,$95,$-46,$49,$18,$31,$31,$31,$146,$95,$56,57,$0.56,$0.55,$101,$44,$15,$262,$1609,$0,$218,$20,$1847,$2109,$355,$1668,$31,$1815,$2170,$-66,$0,$5,$-61,$2109,$-33,$56,$42,$98,$0,$0,$0,$23,$23,$88,$-124,$0,$0,$0,$0,$0,$0,$-124,$-368,$500,$132,$0,$0,$-96,$-22,$14,$-22,$0,$-96
6,2017-03-31,63.56,$-0.85,-75.16,$22.68,2.8,$4.96,12.82,$2.85,22.3,$0.13B,$0.24B,0.56,$1.62B,$-0.05B,-34.04,$1.28B,$1.17B,91.71%,$1.28B,$0.31B,24.02%,$1.28B,$0.31B,24.02%,$1.28B,$0.44B,34.27%,$1.28B,$0.23B,17.61%,$1.28B,$0.16B,12.60%,$0.16B,$-0.05B,715.56%,$0.16B,$-0.27B,-75.76%,$0.16B,$1.96B,7.96%,$0.31B,$1.57B,19.29%,$48,$5,$43,$0,$28,$124,$-76,$-17,$-92,$-28,$-65,$-65,$-65,$-71,$-76,$56,56,$-1.16,$-1.16,$34,$38,$10,$131,$1589,$0,$218,$21,$1827,$1958,$237,$1619,$29,$1769,$2006,$-52,$0,$4,$-48,$1958,$-65,$5,$19,$25,$0,$0,$0,$-34,$-34,$-74,$-48,$0,$0,$0,$0,$0,$0,$-48,$0,$85,$85,$0,$0,$-48,$-3,$34,$-88,$0,$-48
7,2016-12-31,59.42,$1.08,55.18,$22.86,2.6,$5.01,11.85,$3.14,18.92,$0.20B,$0.24B,0.81,$1.53B,$0.06B,25.35,$1.29B,$1.18B,91.69%,$1.29B,$0.32B,24.61%,$1.29B,$0.32B,24.61%,$1.29B,$0.45B,34.78%,$1.29B,$0.25B,19.33%,$1.29B,$0.18B,13.82%,$0.18B,$0.06B,741.67%,$0.18B,$-0.16B,-81.09%,$0.18B,$1.97B,8.76%,$0.32B,$1.60B,19.95%,$192,$14,$178,$0,$40,$172,$20,$-21,$-1,$6,$-7,$-7,$-7,$34,$20,$56,57,$-0.12,$-0.12,$123,$26,$11,$196,$1539,$0,$217,$21,$1778,$1973,$243,$1534,$31,$1670,$1913,$58,$0,$3,$61,$1973,$178,$132,$21,$153,$-6,$-1,$-0,$13,$28,$358,$-161,$-1,$0,$0,$0,$0,$0,$-161,$-6,$0,$-6,$0,$0,$-187,$-1,$-195,$3,$12,$-187
8,2016-09-30,52.28,$1.88,27.81,$22.43,2.33,$4.53,11.53,$2.80,18.67,$0.28B,$0.26B,1.08,$1.54B,$0.11B,14.55,$1.26B,$1.16B,91.53%,$1.26B,$0.29B,23.04%,$1.26B,$0.29B,23.04%,$1.26B,$0.42B,33.57%,$1.26B,$0.21B,16.55%,$1.26B,$0.16B,12.59%,$0.16B,$0.11B,691.30%,$0.16B,$-0.15B,-69.81%,$0.16B,$2.08B,7.83%,$0.29B,$1.64B,18.32%,$650,$52,$598,$0,$65,$382,$268,$-30,$238,$63,$175,$175,$175,$332,$268,$56,56,$3.13,$3.10,$187,$31,$14,$284,$1526,$0,$252,$21,$1799,$2083,$263,$1535,$43,$1715,$1978,$106,$0,$-1,$105,$2083,$184,$118,$12,$130,$0,$0,$0,$26,$26,$341,$-127,$0,$0,$0,$0,$0,$0,$-127,$-6,$0,$-6,$0,$0,$-139,$-3,$-148,$68,$0,$-139
9,2016-06-30,52.02,$-0.51,-102.61,$22.35,2.33,$4.29,12.13,$2.62,19.86,$0.23B,$0.33B,0.68,$1.59B,$-0.03B,-55.92,$1.26B,$1.15B,91.41%,$1.26B,$0.30B,23.93%,$1.26B,$0.30B,23.93%,$1.26B,$0.43B,34.10%,$1.26B,$0.19B,15.42%,$1.26B,$0.15B,11.76%,$0.15B,$-0.03B,528.57%,$0.15B,$-0.28B,-66.52%,$0.15B,$2.07B,7.30%,$0.30B,$1.56B,18.88%,$388,$35,$353,$0,$51,$293,$95,$-15,$80,$22,$58,$58,$58,$143,$95,$56,56,$1.04,$1.03,$68,$43,$15,$225,$1576,$0,$254,$17,$1848,$2072,$329,$1590,$43,$1771,$2101,$-24,$0,$-4,$-28,$2072,$9,$53,$1,$54,$0,$0,$0,$35,$35,$98,$-106,$0,$0,$0,$0,$0,$0,$-106,$-6,$55,$49,$0,$0,$-93,$-3,$-46,$-51,$0,$-93
10,2016-03-31,52.75,$-0.75,-70.75,$22.17,2.38,$3.59,14.67,$2.61,20.21,$0.17B,$0.27B,0.62,$1.60B,$-0.04B,-38.29,$1.25B,$1.14B,91.50%,$1.25B,$0.30B,23.98%,$1.25B,$0.30B,23.98%,$1.25B,$0.43B,34.16%,$1.25B,$0.20B,15.64%,$1.25B,$0.15B,11.87%,$0.15B,$-0.04B,435.29%,$0.15B,$-0.29B,-68.05%,$0.15B,$2.00B,7.34%,$0.30B,$1.56B,18.71%,$58,$6,$52,$0,$26,$124,$-66,$-2,$-68,$-19,$-48,$-48,$-48,$-61,$-66,$56,56,$-0.87,$-0.87,$65,$38,$9,$165,$1570,$0,$251,$17,$1839,$2004,$266,$1601,$40,$1780,$2046,$-38,$0,$-4,$-42,$2004,$-48,$5,$-9,$-4,$0,$0,$0,$-14,$-14,$-67,$-52,$0,$0,$0,$0,$0,$0,$-52,$0,$65,$65,$0,$0,$0,$-2,$63,$-55,$0,$0
11,2015-12-31,48.84,$1.02,47.99,$21.96,2.22,$3.58,13.65,$1.98,24.66,$0.18B,$0.20B,0.93,$1.54B,$0.06B,26.96,$1.24B,$1.13B,91.42%,$1.24B,$0.30B,23.87%,$1.24B,$0.30B,23.87%,$1.24B,$0.42B,34.06%,$1.24B,$0.14B,10.92%,$1.24B,$0.11B,9.06%,$0.11B,$0.06B,285.35%,$0.11B,$-0.19B,-52.40%,$0.11B,$1.96B,5.59%,$0.30B,$1.59B,18.43%,$167,$14,$153,$0,$38,$173,$-6,$-36,$-41,$-16,$-26,$-26,$-26,$10,$-6,$56,56,$-0.46,$-0.45,$120,$25,$10,$184,$1515,$0,$247,$17,$1779,$1963,$199,$1537,$41,$1707,$1906,$54,$0,$3,$57,$1963,$112,$126,$92,$218,$-2,$1,$3,$0,$16,$346,$-176,$0,$0,$0,$-2,$-2,$0,$-178,$0,$0,$0,$0,$0,$-173,$-5,$-178,$-12,$11,$-173
12,2015-09-30,45.36,$2.23,20.3,$21.87,2.07,$3.63,12.5,$2.12,21.4,$0.29B,$0.22B,1.29,$1.54B,$0.13B,12.29,$1.23B,$1.13B,91.46%,$1.23B,$0.31B,24.88%,$1.23B,$0.31B,24.88%,$1.23B,$0.43B,35.04%,$1.23B,$0.14B,11.46%,$1.23B,$0.12B,9.76%,$0.12B,$0.13B,244.90%,$0.12B,$-0.13B,-57.49%,$0.12B,$2.07B,5.94%,$0.31B,$1.66B,18.93%,$645,$52,$592,$0,$61,$367,$278,$-55,$223,$59,$164,$164,$164,$337,$278,$56,56,$2.94,$2.92,$196,$30,$14,$286,$1515,$0,$251,$18,$1783,$2069,$221,$1538,$40,$1722,$1944,$126,$0,$-1,$125,$2069,$138,$110,$81,$191,$0,$0,$0,$15,$15,$344,$-144,$0,$0,$0,$-2,$-2,$0,$-146,$0,$0,$0,$0,$0,$-126,$-2,$-128,$64,$0,$-126
13,2015-06-30,46.32,$-0.06,-735.26,$21.07,2.2,$3.21,14.43,$2.10,22.06,$0.18B,$0.29B,0.63,$1.58B,$-0.00B,-447.02,$1.18B,$1.08B,91.69%,$1.18B,$0.28B,23.81%,$1.18B,$0.28B,23.81%,$1.18B,$0.41B,34.32%,$1.18B,$0.13B,10.93%,$1.18B,$0.12B,10.00%,$0.12B,$-0.00B,209.78%,$0.12B,$-0.26B,-57.00%,$0.12B,$2.03B,5.80%,$0.28B,$1.58B,17.24%,$377,$33,$344,$0,$46,$284,$93,$-12,$81,$23,$58,$58,$58,$140,$93,$56,56,$1.03,$1.02,$35,$47,$11,$182,$1575,$0,$259,$18,$1852,$2034,$291,$1578,$35,$1746,$2037,$2,$0,$-6,$-4,$2034,$-26,$51,$30,$81,$0,$0,$0,$18,$18,$73,$-120,$0,$0,$0,$-2,$-2,$0,$-122,$0,$42,$42,$0,$0,$-84,$-2,$-44,$-96,$0,$-84
14,2015-03-31,48.18,$-0.38,-127.18,$20.87,2.31,$3.07,15.69,$1.87,25.76,$0.11B,$0.22B,0.48,$1.59B,$-0.02B,-75.16,$1.17B,$1.07B,91.77%,$1.17B,$0.28B,24.01%,$1.17B,$0.28B,24.01%,$1.17B,$0.40B,34.65%,$1.17B,$0.10B,8.49%,$1.17B,$0.10B,8.92%,$0.10B,$-0.02B,164.43%,$0.10B,$-0.28B,-50.73%,$0.10B,$1.94B,5.08%,$0.28B,$1.57B,17.04%,$47,$6,$41,$0,$26,$116,$-70,$-59,$-128,$-44,$-84,$-84,$-84,$-66,$-70,$56,56,$-1.50,$-1.50,$20,$37,$9,$108,$1558,$0,$257,$19,$1834,$1942,$224,$1593,$35,$1740,$1963,$-15,$0,$-6,$-21,$1942,$-84,$4,$47,$51,$0,$0,$0,$-27,$-27,$-60,$-60,$0,$0,$0,$-2,$-2,$0,$-62,$0,$57,$57,$0,$0,$-42,$-1,$14,$-112,$0,$-42
15,2014-12-31,39.59,$1.72,22.97,$20.76,1.91,$2.99,13.23,$1.86,21.29,$0.20B,$0.20B,1.03,$1.56B,$0.10B,16.2,$1.16B,$1.06B,91.80%,$1.16B,$0.28B,23.99%,$1.16B,$0.28B,23.99%,$1.16B,$0.40B,34.77%,$1.16B,$0.11B,9.75%,$1.16B,$0.10B,8.97%,$0.10B,$0.10B,141.02%,$0.10B,$-0.17B,-52.39%,$0.10B,$2.04B,5.06%,$0.28B,$1.66B,16.86%,$161,$12,$148,$0,$32,$156,$5,$-40,$-35,$-16,$-18,$-18,$-18,$20,$5,$56,56,$-0.32,$-0.32,$132,$26,$9,$204,$1527,$0,$266,$42,$1835,$2038,$198,$1559,$33,$1744,$1942,$107,$0,$-11,$96,$2038,$104,$124,$86,$211,$-6,$0,$1,$33,$22,$337,$-165,$0,$0,$0,$0,$0,$0,$-165,$-10,$24,$14,$0,$0,$-159,$-10,$-155,$14,$10,$-159
16,2014-09-30,38.51,$2.75,14.01,$20.38,1.89,$3.58,10.76,$1.81,21.28,$0.29B,$0.20B,1.43,$1.56B,$0.15B,10.19,$1.14B,$1.05B,91.91%,$1.14B,$0.28B,24.36%,$1.14B,$0.28B,24.36%,$1.14B,$0.40B,35.27%,$1.14B,$0.11B,10.03%,$1.14B,$0.10B,8.97%,$0.10B,$0.15B,120.71%,$0.10B,$-0.12B,-53.54%,$0.10B,$2.12B,4.98%,$0.28B,$1.72B,16.79%,$595,$47,$549,$0,$57,$342,$253,$-42,$211,$49,$162,$162,$162,$311,$253,$55,56,$2.92,$2.90,$189,$30,$14,$285,$1518,$0,$271,$43,$1832,$2117,$199,$1564,$42,$1764,$1964,$166,$0,$-13,$154,$2117,$122,$110,$63,$172,$0,$0,$0,$17,$17,$312,$-137,$0,$0,$0,$0,$0,$1,$-136,$0,$24,$24,$0,$0,$-117,$-11,$-104,$71,$0,$-117
17,2014-06-30,42.49,$0.42,100.5,$20.32,2.09,$4.38,9.7,$2.32,18.32,$0.21B,$0.26B,0.79,$1.61B,$0.02B,67.96,$1.13B,$1.04B,91.89%,$1.13B,$0.29B,25.66%,$1.13B,$0.29B,25.66%,$1.13B,$0.41B,36.51%,$1.13B,$0.15B,13.32%,$1.13B,$0.13B,11.46%,$0.13B,$0.02B,138.30%,$0.13B,$-0.25B,-70.84%,$0.13B,$2.09B,6.36%,$0.29B,$1.63B,17.64%,$363,$31,$332,$0,$47,$271,$92,$-41,$51,$7,$44,$44,$44,$139,$92,$55,56,$0.79,$0.79,$40,$46,$12,$207,$1557,$0,$277,$45,$1879,$2086,$263,$1605,$38,$1799,$2062,$42,$0,$-19,$24,$2086,$-40,$51,$39,$91,$0,$0,$0,$1,$1,$52,$-107,$0,$0,$0,$0,$0,$1,$-105,$0,$63,$63,$0,$0,$-78,$-11,$-26,$-78,$10,$-78
18,2014-03-31,40.38,$0.37,108.42,$20.30,1.99,$5.42,7.46,$2.38,16.97,$0.12B,$0.19B,0.67,$1.57B,$0.02B,75.72,$1.13B,$1.04B,91.88%,$1.13B,$0.30B,26.13%,$1.13B,$0.30B,26.13%,$1.13B,$0.42B,36.89%,$1.13B,$0.16B,14.03%,$1.13B,$0.13B,11.74%,$0.13B,$0.02B,136.06%,$0.13B,$-0.25B,-73.89%,$0.13B,$1.97B,6.51%,$0.30B,$1.60B,17.96%,$40,$5,$35,$0,$21,$112,$-72,$-42,$-114,$-30,$-84,$-84,$-84,$-67,$-72,$56,56,$-1.51,$-1.51,$9,$38,$10,$123,$1534,$0,$272,$43,$1850,$1973,$185,$1574,$36,$1767,$1952,$35,$0,$-14,$21,$1973,$-84,$4,$23,$27,$0,$0,$0,$-27,$-27,$-83,$-40,$0,$0,$0,$0,$0,$0,$-40,$0,$55,$55,$0,$0,$-39,$-1,$15,$-109,$22,$-39
19,2013-12-31,38.8,$2.50,15.54,$20.32,1.91,$5.77,6.72,$1.94,20.0,$0.19B,$0.16B,1.17,$1.52B,$0.14B,10.93,$1.14B,$1.04B,91.89%,$1.14B,$0.30B,26.61%,$1.14B,$0.30B,26.61%,$1.14B,$0.42B,37.27%,$1.14B,$0.13B,11.28%,$1.14B,$0.11B,9.52%,$0.11B,$0.14B,109.92%,$0.11B,$-0.14B,-59.26%,$0.11B,$2.02B,5.26%,$0.30B,$1.66B,18.19%,$139,$10,$129,$0,$27,$135,$4,$-38,$-34,$-14,$-20,$-20,$-20,$18,$4,$55,56,$-0.38,$-0.37,$118,$26,$11,$186,$1506,$0,$278,$45,$1828,$2015,$159,$1521,$38,$1717,$1875,$149,$0,$-15,$139,$2015,$108,$122,$78,$201,$-6,$2,$0,$5,$16,$324,$-120,$0,$0,$0,$0,$0,$15,$-105,$-512,$500,$-12,$0,$0,$-143,$-23,$-178,$39,$0,$-143
20,2013-09-30,33.16,$3.45,9.61,$20.14,1.65,$5.51,6.02,$2.12,15.64,$0.27B,$0.19B,1.46,$1.52B,$0.19B,7.93,$1.13B,$1.03B,91.73%,$1.13B,$0.31B,27.47%,$1.13B,$0.31B,27.47%,$1.13B,$0.44B,39.20%,$1.13B,$0.14B,12.62%,$1.13B,$0.12B,10.49%,$0.12B,$0.19B,115.69%,$0.12B,$-0.09B,-65.28%,$0.12B,$2.10B,5.74%,$0.31B,$1.72B,18.54%,$592,$46,$546,$0,$59,$325,$267,$-18,$248,$58,$190,$190,$190,$324,$267,$55,56,$3.43,$3.41,$183,$29,$10,$273,$1515,$0,$282,$31,$1828,$2101,$187,$1524,$41,$1722,$1909,$206,$0,$-20,$192,$2101,$129,$108,$52,$160,$0,$0,$0,$20,$20,$317,$-98,$0,$0,$0,$0,$0,$15,$-82,$-503,$500,$-3,$0,$0,$-104,$-23,$-130,$105,$0,$-104
21,2013-06-30,30.59,$0.70,43.43,$19.42,1.57,$5.17,5.91,$1.22,25.07,$0.22B,$0.27B,0.81,$1.58B,$0.04B,40.31,$1.09B,$0.99B,91.34%,$1.09B,$0.25B,22.74%,$1.09B,$0.25B,22.74%,$1.09B,$0.38B,35.17%,$1.09B,$0.09B,8.01%,$1.09B,$0.07B,6.35%,$0.07B,$0.04B,69.52%,$0.07B,$-0.24B,-37.30%,$0.07B,$2.08B,3.37%,$0.25B,$1.62B,14.83%,$362,$31,$331,$0,$46,$264,$97,$-38,$59,$12,$47,$47,$47,$143,$97,$55,56,$0.85,$0.85,$44,$45,$17,$218,$1551,$0,$279,$32,$1862,$2081,$270,$1582,$36,$1771,$2042,$50,$0,$-16,$39,$2081,$-62,$51,$66,$117,$0,$0,$0,$21,$21,$83,$-79,$0,$0,$0,$0,$0,$0,$-79,$-503,$558,$55,$0,$0,$-70,$-23,$-37,$-35,$31,$-70
22,2013-03-31,28.5,$0.40,70.48,$19.35,1.47,$5.11,5.58,$1.02,27.94,$0.13B,$0.18B,0.71,$1.62B,$0.02B,71.96,$1.08B,$0.99B,91.13%,$1.08B,$0.24B,21.90%,$1.08B,$0.24B,21.90%,$1.08B,$0.37B,34.57%,$1.08B,$0.08B,7.02%,$1.08B,$0.06B,5.45%,$0.06B,$0.02B,56.19%,$0.06B,$-0.26B,-32.73%,$0.06B,$2.02B,2.86%,$0.24B,$1.64B,14.03%,$42,$5,$37,$0,$21,$108,$-66,$-78,$-145,$-36,$-109,$-109,$-109,$-62,$-66,$56,56,$-1.95,$-1.95,$10,$39,$11,$126,$1571,$0,$284,$35,$1889,$2016,$179,$1621,$39,$1814,$1993,$37,$0,$-19,$23,$2016,$-109,$5,$49,$54,$0,$0,$0,$-23,$-23,$-69,$-36,$0,$0,$0,$0,$0,$0,$-36,$-501,$596,$95,$0,$0,$-35,$-24,$36,$-69,$14,$-35
23,2012-12-31,23.2,$2.78,8.35,$19.11,1.21,$5.00,4.64,$1.79,12.96,$0.14B,$0.14B,1.02,$1.53B,$0.15B,9.92,$1.07B,$0.97B,91.10%,$1.07B,$0.23B,21.91%,$1.07B,$0.23B,21.91%,$1.07B,$0.37B,34.74%,$1.07B,$0.13B,12.55%,$1.07B,$0.10B,9.64%,$0.10B,$0.15B,92.38%,$0.10B,$-0.13B,-59.11%,$0.10B,$2.02B,4.95%,$0.23B,$1.69B,13.65%,$129,$11,$118,$0,$23,$118,$11,$-31,$-20,$-10,$-10,$-10,$-10,$36,$11,$56,56,$-0.19,$-0.18,$79,$28,$8,$141,$1544,$0,$287,$48,$1879,$2020,$138,$1532,$41,$1727,$1865,$178,$0,$-29,$154,$2020,$102,$137,$46,$182,$-11,$5,$0,$16,$3,$286,$-96,$0,$0,$0,$0,$0,$16,$-80,$-25,$0,$-25,$0,$0,$-89,$-49,$-163,$43,$4,$-89
24,2012-09-30,22.67,$3.26,6.95,$19.39,1.17,$3.90,5.81,$1.97,11.51,$0.19B,$0.19B,1.0,$1.53B,$0.18B,8.46,$1.08B,$0.99B,91.14%,$1.08B,$0.22B,20.39%,$1.08B,$0.22B,20.39%,$1.08B,$0.36B,33.03%,$1.08B,$0.13B,12.36%,$1.08B,$0.11B,9.78%,$0.11B,$0.18B,99.07%,$0.11B,$-0.11B,-59.55%,$0.11B,$2.08B,5.08%,$0.22B,$1.71B,12.91%,$553,$47,$506,$0,$53,$349,$205,$-12,$193,$52,$141,$141,$141,$265,$205,$56,56,$2.54,$2.52,$96,$34,$7,$187,$1556,$0,$289,$50,$1895,$2082,$187,$1532,$42,$1714,$1901,$208,$0,$-32,$181,$2082,$112,$112,$21,$133,$0,$0,$0,$32,$32,$277,$-76,$0,$0,$0,$0,$0,$1,$-75,$-25,$0,$-25,$0,$0,$-67,$-51,$-142,$61,$0,$-67
25,2012-06-30,19.8,$1.12,17.64,$19.76,1.0,$2.99,6.63,$2.20,9.0,$0.18B,$0.24B,0.73,$1.65B,$0.06B,26.5,$1.10B,$1.01B,91.21%,$1.10B,$0.26B,23.75%,$1.10B,$0.26B,23.75%,$1.10B,$0.40B,36.45%,$1.10B,$0.13B,11.88%,$1.10B,$0.12B,10.61%,$0.12B,$0.06B,109.35%,$0.12B,$-0.22B,-66.29%,$0.12B,$2.13B,5.57%,$0.26B,$1.71B,15.25%,$358,$32,$325,$0,$45,$270,$87,$-39,$48,$11,$37,$37,$37,$135,$87,$55,56,$0.66,$0.66,$36,$51,$9,$176,$1621,$0,$283,$53,$1957,$2134,$243,$1652,$42,$1828,$2071,$89,$0,$-32,$62,$2134,$-29,$52,$8,$60,$0,$0,$0,$35,$35,$65,$-65,$0,$0,$0,$0,$0,$1,$-64,$-16,$111,$95,$0,$0,$-44,$-51,$-0,$0,$0,$-44
26,2012-03-31,18.96,$0.89,21.33,$18.45,1.03,$2.53,7.49,$1.63,11.63,$0.10B,$0.18B,0.59,$1.70B,$0.05B,34.42,$1.03B,$0.94B,91.16%,$1.03B,$0.23B,22.06%,$1.03B,$0.23B,22.06%,$1.03B,$0.32B,31.00%,$1.03B,$0.09B,8.84%,$1.03B,$0.08B,8.16%,$0.08B,$0.05B,83.58%,$0.08B,$-0.24B,-45.59%,$0.08B,$2.09B,3.99%,$0.23B,$1.75B,13.26%,$28,$4,$24,$0,$18,$98,$-69,$-18,$-87,$-22,$-65,$-65,$-65,$-65,$-69,$55,55,$-1.18,$-1.18,$7,$44,$10,$104,$1641,$0,$286,$54,$1981,$2086,$175,$1696,$35,$1861,$2036,$74,$0,$-30,$49,$2086,$-65,$4,$-3,$1,$0,$0,$0,$-17,$-17,$-82,$-27,$0,$0,$0,$0,$0,$0,$-27,$0,$155,$155,$0,$0,$-22,$-51,$82,$-28,$0,$-22
27,2011-12-31,13.4,$2.46,5.44,$18.42,0.73,$2.62,5.12,$1.28,10.47,$0.10B,$0.20B,0.48,$1.54B,$0.14B,11.3,$1.03B,$0.94B,91.15%,$1.03B,$0.23B,22.28%,$1.03B,$0.23B,22.28%,$1.03B,$0.32B,30.84%,$1.03B,$0.07B,7.20%,$1.03B,$0.06B,6.23%,$0.06B,$0.14B,62.14%,$0.06B,$-0.15B,-35.02%,$0.06B,$2.05B,3.02%,$0.23B,$1.68B,13.36%,$145,$12,$133,$0,$30,$147,$-2,$-18,$-20,$-14,$-7,$-7,$-7,$23,$-2,$55,56,$-0.12,$-0.11,$36,$33,$12,$99,$1611,$0,$284,$54,$1949,$2047,$203,$1540,$36,$1707,$1911,$160,$0,$-29,$136,$2047,$65,$136,$21,$156,$5,$-1,$-1,$-5,$10,$218,$-90,$0,$0,$0,$0,$0,$0,$-90,$-1,$-23,$-24,$0,$0,$-55,$-21,$-101,$26,$-0,$-55
28,2011-09-30,11.08,$3.28,3.38,$18.18,0.61,$2.32,4.77,$0.15,73.89,$0.19B,$0.24B,0.77,$1.56B,$0.18B,8.59,$1.01B,$0.92B,91.12%,$1.01B,$0.17B,16.88%,$1.01B,$0.17B,16.88%,$1.01B,$0.37B,36.43%,$1.01B,$-0.01B,-0.49%,$1.01B,$0.01B,0.59%,$0.01B,$0.18B,5.81%,$0.01B,$-0.10B,-3.27%,$0.01B,$2.14B,0.28%,$0.17B,$1.74B,9.92%,$572,$49,$524,$0,$52,$327,$246,$-56,$190,$38,$152,$152,$152,$309,$246,$55,56,$2.75,$2.73,$96,$37,$9,$187,$1615,$0,$282,$57,$1954,$2141,$243,$1556,$37,$1717,$1960,$205,$0,$-29,$181,$2141,$72,$111,$22,$133,$0,$0,$0,$21,$21,$222,$-73,$0,$0,$0,$0,$0,$0,$-73,$-1,$-23,$-24,$0,$0,$-17,$-20,$-61,$87,$0,$-17
29,2011-06-30,11.67,$0.65,17.9,$17.70,0.66,$2.36,4.95,$-1.23,0.0,$0.14B,$0.32B,0.44,$1.65B,$0.04B,45.73,$0.99B,$0.90B,91.08%,$0.99B,$0.16B,16.23%,$0.99B,$0.16B,16.23%,$0.99B,$0.30B,29.92%,$0.99B,$-0.03B,-3.14%,$0.99B,$-0.07B,-7.10%,$-0.07B,$0.04B,-65.27%,$-0.07B,$-0.25B,38.94%,$-0.07B,$2.16B,-3.26%,$0.16B,$1.69B,9.25%,$284,$27,$257,$0,$37,$233,$52,$-44,$8,$4,$4,$4,$4,$52,$52,$55,56,$0.08,$0.08,$36,$52,$8,$142,$1667,$0,$288,$59,$2014,$2156,$321,$1650,$21,$1799,$2120,$59,$0,$-29,$36,$2156,$-81,$47,$1,$48,$0,$0,$0,$58,$58,$26,$-52,$0,$0,$0,$0,$0,$0,$-52,$20,$62,$82,$0,$0,$-10,$-20,$51,$26,$0,$-10
30,2011-03-31,11.01,$1.06,10.37,$17.58,0.63,$1.83,6.02,$-1.39,0.0,$0.09B,$0.25B,0.35,$1.70B,$0.06B,28.85,$0.98B,$0.89B,91.00%,$0.98B,$0.15B,14.93%,$0.98B,$0.15B,14.93%,$0.98B,$0.28B,28.73%,$0.98B,$-0.04B,-3.68%,$0.98B,$-0.08B,-7.98%,$-0.08B,$0.06B,-62.03%,$-0.08B,$-0.23B,48.83%,$-0.08B,$2.14B,-3.59%,$0.15B,$1.75B,8.32%,$27,$4,$23,$0,$21,$94,$-67,$-37,$-104,$-20,$-85,$-85,$-85,$-67,$-67,$55,55,$-1.53,$-1.53,$7,$43,$8,$86,$1700,$0,$289,$65,$2054,$2141,$250,$1695,$4,$1832,$2082,$76,$0,$-23,$59,$2141,$-85,$0,$-1,$-1,$0,$0,$0,$-0,$-0,$-84,$-20,$0,$0,$0,$0,$0,$0,$-20,$23,$104,$127,$0,$0,$-4,$-20,$102,$-3,$0,$-4
31,2010-12-31,8.63,$2.48,3.48,$17.59,0.49,$1.97,4.37,$-0.58,0.0,$0.07B,$0.17B,0.42,$1.58B,$0.14B,11.52,$0.98B,$0.89B,91.00%,$0.98B,$0.15B,15.54%,$0.98B,$0.15B,15.54%,$0.98B,$0.29B,29.35%,$0.98B,$-0.03B,-3.07%,$0.98B,$-0.03B,-3.37%,$-0.03B,$0.14B,-24.18%,$-0.03B,$-0.15B,22.37%,$-0.03B,$2.08B,-1.50%,$0.15B,$1.72B,8.60%,$130,$11,$119,$0,$23,$190,$-60,$-39,$-99,$-35,$-65,$-65,$-65,$75,$-60,$55,55,$-1.17,$-1.16,$10,$32,$5,$70,$1677,$0,$287,$49,$2012,$2082,$169,$1580,$65,$1776,$1945,$166,$0,$-34,$137,$2082,$-33,$137,$64,$201,$0,$0,$1,$-2,$-4,$182,$-72,$0,$0,$0,$0,$0,$0,$-72,$-392,$336,$-56,$0,$0,$-14,$-43,$-113,$-2,$-0,$-14
32,2010-09-30,7.29,$3.57,2.04,$17.14,0.43,$3.02,2.42,$0.09,81.03,$0.15B,$0.17B,0.84,$1.56B,$0.20B,7.92,$0.95B,$0.87B,90.78%,$0.95B,$0.19B,20.13%,$0.95B,$0.19B,20.13%,$0.95B,$0.19B,20.13%,$0.95B,$0.01B,0.94%,$0.95B,$0.01B,0.63%,$0.01B,$0.20B,4.47%,$0.01B,$-0.09B,-4.04%,$0.01B,$2.20B,0.27%,$0.19B,$1.76B,10.83%,$545,$46,$499,$0,$48,$310,$235,$-71,$164,$88,$76,$76,$76,$235,$235,$55,56,$1.37,$1.36,$62,$35,$6,$145,$1734,$0,$283,$42,$2059,$2203,$172,$1563,$118,$1834,$2006,$242,$0,$-50,$197,$2203,$32,$1,$143,$145,$0,$0,$0,$22,$22,$211,$-60,$0,$0,$0,$0,$0,$0,$-60,$-374,$313,$-61,$0,$0,$0,$-41,$-102,$50,$0,$0
33,2010-06-30,6.78,$1.99,3.4,$16.66,0.41,$4.33,1.56,$0.65,10.43,$0.17B,$0.21B,0.81,$1.68B,$0.11B,15.22,$0.93B,$0.84B,90.53%,$0.93B,$0.18B,19.16%,$0.93B,$0.18B,19.16%,$0.93B,$0.18B,19.16%,$0.93B,$0.03B,3.23%,$0.93B,$0.04B,4.09%,$0.04B,$0.11B,31.02%,$0.04B,$-0.17B,-23.64%,$0.04B,$2.26B,1.72%,$0.18B,$1.79B,10.08%,$276,$26,$249,$0,$45,$238,$38,$-35,$3,$7,$-4,$-4,$-4,$38,$38,$55,55,$-0.08,$-0.08,$24,$48,$12,$171,$1789,$0,$282,$19,$2090,$2261,$211,$1678,$122,$1940,$2151,$167,$0,$-62,$110,$2261,$-44,$1,$50,$51,$0,$0,$0,$-18,$-18,$-2,$-53,$0,$0,$0,$0,$0,$0,$-53,$-44,$111,$67,$0,$0,$0,$0,$67,$12,$0,$0
34,2010-03-31,6.57,$1.85,3.56,$16.40,0.4,$4.88,1.35,$0.86,7.64,$0.12B,$0.16B,0.78,$1.70B,$0.10B,16.64,$0.92B,$0.83B,90.62%,$0.92B,$0.18B,19.74%,$0.92B,$0.18B,19.74%,$0.92B,$0.18B,19.74%,$0.92B,$0.04B,4.03%,$0.92B,$0.05B,5.34%,$0.05B,$0.10B,46.12%,$0.05B,$-0.18B,-27.64%,$0.05B,$2.24B,2.21%,$0.18B,$1.80B,10.18%,$27,$4,$23,$0,$17,$88,$-61,$-37,$-98,$-58,$-40,$-40,$-40,$-61,$-61,$55,55,$-0.72,$-0.72,$5,$39,$9,$123,$1809,$0,$285,$20,$2114,$2237,$159,$1701,$135,$1976,$2135,$171,$0,$-74,$102,$2237,$-40,$0,$4,$4,$0,$0,$0,$-43,$-43,$-71,$-25,$0,$0,$0,$0,$0,$0,$-25,$-40,$130,$90,$0,$0,$0,$0,$90,$-7,$0,$0
35,2009-12-31,6.28,$2.31,2.71,$16.39,0.38,$4.95,1.27,$0.61,10.29,$0.06B,$0.13B,0.47,$1.61B,$0.13B,12.6,$0.92B,$0.83B,90.72%,$0.92B,$0.19B,20.31%,$0.92B,$0.19B,20.31%,$0.92B,$0.19B,20.31%,$0.92B,$0.05B,5.46%,$0.92B,$0.04B,3.93%,$0.04B,$0.13B,40.56%,$0.04B,$-0.15B,-18.73%,$0.04B,$2.15B,1.62%,$0.19B,$1.74B,10.39%,$106,$11,$95,$0,$24,$125,$-20,$-40,$-60,$-33,$-26,$-26,$-26,$-20,$-20,$55,56,$-0.47,$-0.45,$12,$27,$5,$61,$1781,$0,$282,$21,$2084,$2145,$132,$1610,$138,$1886,$2018,$210,$0,$-87,$128,$2145,$35,$145,$-29,$116,$0,$0,$-3,$26,$24,$185,$-15,$0,$0,$0,$0,$0,$0,$-15,$-161,$64,$-98,$0,$0,$-68,$-8,$-173,$-2,$-0,$-68
36,2009-09-30,5.51,$2.72,2.02,$16.65,0.33,$4.29,1.28,$0.06,91.77,$0.13B,$0.19B,0.7,$1.58B,$0.15B,10.55,$0.93B,$0.85B,91.07%,$0.93B,$0.13B,13.67%,$0.93B,$0.13B,13.67%,$0.93B,$0.13B,13.67%,$0.93B,0,0.00%,$0.93B,$0.01B,0.54%,$0.01B,$0.15B,5.99%,$0.01B,$-0.14B,-2.55%,$0.01B,$2.21B,0.22%,$0.13B,$1.73B,7.02%,$520,$46,$474,$0,$53,$299,$221,$-36,$185,$78,$108,$108,$108,$221,$221,$55,56,$1.95,$1.92,$56,$32,$0,$132,$1769,$0,$286,$23,$2077,$2209,$189,$1584,$134,$1870,$2059,$250,$0,$-105,$150,$2209,$62,$0,$97,$97,$0,$0,$0,$63,$63,$225,$1,$0,$0,$0,$0,$0,$0,$1,$-101,$-23,$-124,$0,$0,$-54,$-8,$-186,$42,$0,$-54
37,2009-06-30,5.49,$0.82,6.67,$17.10,0.32,$3.43,1.6,$-0.21,0.0,$0.16B,$0.20B,0.79,$1.79B,$0.05B,39.37,$0.95B,$0.86B,91.04%,$0.95B,$0.12B,12.75%,$0.95B,$0.12B,12.75%,$0.95B,$0.12B,12.75%,$0.95B,$-0.00B,-0.21%,$0.95B,$-0.01B,-1.16%,$-0.01B,$0.05B,-9.59%,$-0.01B,$-0.24B,5.79%,$-0.01B,$2.30B,-0.48%,$0.12B,$1.84B,6.48%,$264,$25,$239,$0,$38,$223,$41,$-31,$10,$3,$7,$7,$7,$41,$41,$55,56,$0.13,$0.13,$32,$50,$0,$159,$1807,$0,$283,$46,$2136,$2295,$202,$1790,$124,$2048,$2250,$156,$0,$-116,$45,$2295,$-46,$0,$51,$51,$0,$0,$0,$11,$11,$16,$-41,$0,$0,$0,$0,$0,$0,$-41,$-30,$113,$83,$0,$0,$-40,$0,$43,$18,$0,$-40
38,2009-03-31,4.46,$0.59,7.57,$17.70,0.25,$3.56,1.25,$-0.08,0.0,$0.10B,$0.13B,0.75,$1.82B,$0.03B,56.02,$0.98B,$0.89B,91.03%,$0.98B,$0.13B,13.66%,$0.98B,$0.13B,13.66%,$0.98B,$0.13B,13.66%,$0.98B,$0.01B,0.82%,$0.98B,$-0.00B,-0.31%,$-0.00B,$0.03B,-1.91%,$-0.00B,$-0.24B,1.72%,$-0.00B,$2.23B,-0.13%,$0.13B,$1.85B,6.99%,$26,$4,$23,$0,$14,$83,$-56,$-29,$-85,$-32,$-53,$-53,$-53,$-56,$-56,$55,55,$-0.97,$-0.97,$8,$37,$0,$95,$1840,$0,$275,$18,$2133,$2228,$127,$1820,$122,$2069,$2196,$162,$0,$-135,$32,$2228,$-53,$0,$6,$6,$0,$0,$0,$-22,$-22,$-70,$-23,$0,$0,$0,$0,$0,$0,$-23,$-13,$126,$113,$0,$0,$-26,$0,$87,$-6,$0,$-26
39,2008-12-31,5.5,$1.94,2.84,$17.97,0.31,$3.80,1.45,$0.08,68.76,$0.07B,$0.12B,0.56,$1.71B,$0.11B,15.98,$1.00B,$0.91B,90.95%,$1.00B,$0.13B,13.47%,$1.00B,$0.13B,13.47%,$1.00B,$0.13B,13.47%,$1.00B,$0.00B,0.40%,$1.00B,$0.01B,0.60%,$0.01B,$0.11B,3.12%,$0.01B,$-0.17B,-3.58%,$0.01B,$2.19B,0.25%,$0.13B,$1.81B,6.85%,$119,$10,$110,$0,$16,$199,$-79,$-30,$-110,$-53,$-57,$-57,$-57,$-79,$-79,$55,55,$-1.02,$-1.00,$14,$29,$2,$65,$1825,$0,$277,$20,$2122,$2186,$115,$1707,$133,$1964,$2079,$242,$0,$-141,$107,$2186,$6,$221,$-11,$210,$0,$0,$-5,$1,$-0,$216,$-83,$0,$6,$0,$0,$0,$0,$-77,$-17,$-11,$-29,$5,$5,$-105,$2,$-128,$8,$1,$-105
40,2008-09-30,8.63,$5.00,1.73,$17.95,0.48,$3.32,2.6,$0.93,9.28,$0.15B,$0.21B,0.74,$1.69B,$0.28B,6.15,$0.99B,$0.90B,90.62%,$0.99B,$0.19B,19.48%,$0.99B,$0.19B,19.48%,$0.99B,$0.19B,19.48%,$0.99B,$0.06B,6.26%,$0.99B,$0.05B,5.45%,$0.05B,$0.28B,22.78%,$0.05B,$-0.11B,-35.64%,$0.05B,$2.44B,2.19%,$0.19B,$1.97B,9.61%,$540,$48,$492,$0,$57,$325,$215,$-32,$183,$92,$92,$92,$92,$215,$215,$55,55,$1.66,$1.65,$72,$32,$0,$154,$1875,$0,$385,$22,$2282,$2435,$208,$1693,$106,$1952,$2160,$325,$0,$-55,$275,$2435,$62,$0,$126,$126,$0,$0,$0,$61,$61,$249,$-73,$0,$6,$0,$0,$0,$0,$-67,$-9,$-34,$-43,$5,$5,$-79,$1,$-115,$66,$0,$-79
41,2008-06-30,7.46,$3.87,1.93,$18.51,0.4,$2.56,2.91,$0.26,28.69,$0.18B,$0.23B,0.78,$1.82B,$0.21B,8.55,$1.02B,$0.92B,90.68%,$1.02B,$0.16B,16.00%,$1.02B,$0.16B,16.00%,$1.02B,$0.16B,16.00%,$1.02B,$0.02B,2.06%,$1.02B,$0.02B,1.57%,$0.02B,$0.21B,6.28%,$0.02B,$-0.18B,-11.90%,$0.02B,$2.53B,0.64%,$0.16B,$2.03B,8.03%,$296,$28,$268,$0,$42,$242,$54,$-34,$20,$5,$15,$15,$15,$54,$54,$55,56,$0.27,$0.26,$33,$48,$0,$181,$1936,$0,$389,$23,$2348,$2530,$233,$1820,$105,$2083,$2317,$260,$0,$-52,$213,$2530,$-29,$0,$56,$56,$0,$0,$0,$16,$16,$43,$-61,$0,$6,$0,$0,$0,$0,$-54,$-4,$89,$85,$5,$5,$-52,$1,$39,$27,$0,$-52
42,2008-03-31,8.85,$3.23,2.75,$18.16,0.49,$2.02,4.37,$0.10,88.54,$0.11B,$0.16B,0.71,$1.84B,$0.18B,10.49,$1.00B,$0.90B,90.57%,$1.00B,$0.15B,14.94%,$1.00B,$0.15B,14.94%,$1.00B,$0.15B,14.94%,$1.00B,$0.01B,0.50%,$1.00B,$0.01B,0.70%,$0.01B,$0.18B,2.44%,$0.01B,$-0.21B,-6.88%,$0.01B,$2.48B,0.28%,$0.15B,$2.01B,7.19%,$40,$5,$35,$0,$17,$97,$-56,$-32,$-89,$-45,$-44,$-44,$-44,$-56,$-56,$54,54,$-0.81,$-0.81,$12,$39,$0,$113,$1944,$0,$389,$29,$2362,$2475,$158,$1839,$148,$2142,$2300,$266,$0,$-96,$175,$2475,$-44,$0,$8,$8,$0,$0,$0,$-17,$-17,$-53,$-25,$0,$6,$0,$0,$0,$0,$-19,$0,$104,$104,$0,$0,$-26,$0,$78,$7,$0,$-26
43,2007-12-31,7.71,$5.26,1.47,$17.97,0.43,$1.80,4.3,$-0.11,0.0,$0.06B,$0.12B,0.51,$1.74B,$0.29B,6.09,$0.99B,$0.89B,90.58%,$0.99B,$0.15B,15.60%,$0.99B,$0.15B,15.60%,$0.99B,$0.15B,15.60%,$0.99B,$0.01B,1.01%,$0.99B,$-0.00B,-0.41%,$-0.00B,$0.29B,-1.23%,$-0.00B,$-0.11B,6.48%,$-0.00B,$2.42B,-0.16%,$0.15B,$2.02B,7.28%,$115,$12,$103,$0,$18,$135,$-20,$-32,$-52,$-43,$-9,$-9,$-9,$-20,$-20,$54,54,$-0.16,$-0.14,$6,$27,$0,$63,$1934,$0,$392,$31,$2356,$2419,$123,$1735,$117,$2011,$2134,$335,$0,$-55,$285,$2419,$-4,$139,$78,$217,$0,$0,$-1,$-13,$-30,$182,$-79,$0,$0,$0,$0,$0,$0,$-79,$-17,$-7,$-24,$1,$1,$-103,$-2,$-128,$-25,$1,$-103
44,2007-09-30,8.37,$6.39,1.31,$18.02,0.46,$1.84,4.54,$-0.50,0.0,$0.14B,$0.24B,0.6,$1.71B,$0.35B,4.93,$0.99B,$0.90B,90.42%,$0.99B,$0.17B,17.34%,$0.99B,$0.17B,17.34%,$0.99B,$0.17B,17.34%,$0.99B,$0.02B,2.22%,$0.99B,$-0.03B,-2.52%,$-0.03B,$0.35B,-7.03%,$-0.03B,$-0.04B,91.74%,$-0.03B,$2.51B,-0.99%,$0.17B,$2.05B,7.99%,$568,$50,$518,$0,$66,$383,$185,$-43,$142,$88,$54,$54,$54,$185,$185,$54,55,$1.00,$0.98,$37,$32,$0,$144,$1949,$0,$388,$27,$2364,$2508,$240,$1706,$86,$1922,$2162,$369,$0,$-28,$346,$2508,$5,$0,$167,$167,$0,$0,$0,$29,$29,$200,$-67,$0,$0,$0,$0,$0,$0,$-67,$-13,$-41,$-54,$0,$0,$-77,$2,$-128,$7,$0,$-77
45,2007-06-30,9.57,$6.27,1.53,$17.58,0.54,$2.52,3.81,$0.94,10.18,$0.16B,$0.22B,0.74,$1.86B,$0.34B,5.47,$0.97B,$0.87B,90.48%,$0.97B,$0.22B,22.36%,$0.97B,$0.22B,22.36%,$0.97B,$0.22B,22.36%,$0.97B,$0.07B,7.25%,$0.97B,$0.05B,5.59%,$0.05B,$0.34B,13.96%,$0.05B,$-0.05B,5400.00%,$0.05B,$2.60B,2.10%,$0.22B,$2.20B,9.86%,$274,$27,$247,$0,$37,$234,$40,$-36,$4,$-2,$6,$6,$6,$40,$40,$54,55,$0.10,$0.10,$36,$48,$0,$164,$2014,$0,$385,$37,$2436,$2600,$221,$1861,$31,$2039,$2260,$341,$0,$-6,$340,$2600,$-50,$0,$54,$54,$0,$0,$0,$1,$1,$6,$-53,$0,$0,$0,$0,$0,$0,$-53,$-4,$106,$101,$0,$0,$-51,$2,$52,$6,$0,$-51
46,2007-03-31,9.38,$6.02,1.56,$15.25,0.61,$2.88,3.25,$1.04,9.01,$0.11B,$0.15B,0.7,$1.87B,$0.33B,5.72,$0.84B,$0.76B,90.32%,$0.84B,$0.20B,23.42%,$0.84B,$0.20B,23.42%,$0.84B,$0.20B,23.42%,$0.84B,$0.08B,9.32%,$0.84B,$0.06B,7.05%,$0.06B,$0.33B,14.97%,$0.06B,$-0.05B,58.85%,$0.06B,$2.53B,2.70%,$0.20B,$2.19B,10.52%,$30,$4,$26,$0,$14,$81,$-51,$-34,$-84,$-29,$-55,$-55,$-55,$-51,$-51,$54,54,$-1.02,$-1.02,$23,$37,$0,$107,$2006,$0,$380,$38,$2424,$2531,$153,$1866,$39,$2052,$2205,$361,$0,$-40,$326,$2531,$-55,$0,$5,$5,$0,$0,$0,$-19,$-19,$-69,$-21,$0,$0,$0,$0,$0,$0,$-21,$0,$106,$106,$0,$0,$-25,$2,$83,$-7,$0,$-25
47,2006-12-31,8.84,$7.59,1.16,$15.14,0.58,$3.64,2.43,$1.57,5.63,$0.11B,$0.16B,0.66,$1.76B,$0.41B,4.29,$0.83B,$0.75B,90.25%,$0.83B,$0.22B,26.35%,$0.83B,$0.22B,26.35%,$0.83B,$0.22B,26.84%,$0.83B,$0.13B,15.28%,$0.83B,$0.09B,10.47%,$0.09B,$0.41B,21.31%,$0.09B,$0.03B,42.39%,$0.09B,$2.51B,4.79%,$0.22B,$2.17B,14.26%,$120,$14,$106,$0,$20,$122,$-2,$-38,$-40,$-10,$-30,$-30,$-30,$-2,$-2,$54,55,$-0.56,$-0.54,$30,$26,$0,$105,$1986,$0,$379,$42,$2406,$2511,$159,$1760,$35,$1941,$2100,$441,$0,$-35,$411,$2511,$87,$93,$17,$111,$0,$0,$-27,$-15,$-32,$166,$-59,$0,$-1253,$0,$0,$0,$0,$-1313,$1365,$-65,$1300,$1,$1,$-101,$-27,$1173,$26,$0,$-101
